code,internal_code,name,manufacturer_name,manufacture_country,manufacturer_item_description,unit_qty,quantity,unit_of_measure,weighted,qty_in_package,price,unit_of_measure_price,allow_discount,status,item_id
498096,true,לחמניה פריכה ברמן 7,מאפית י את א ברמן בע,,לחמניה פריכה 75 ג,גרמים,75.00,100 גרם,false,1,1.40,0.0187,true,1,4153
498157,true,לחמנה שמיניה כפולה,מאפית י את א ברמן בע,,לחמניה שמיניה כפולה,גרמים,120.00,100 גרם,false,1,2.00,0.0167,true,1,4154
498171,true,באגט שלם ברמן 250 ג,מאפית י את א ברמן בע,,בגט שלם 250 גרם,גרמים,120.00,100 גרם,false,1,4.90,0.0408,true,1,4160
901008,true,פקדון בקבוק בודד פלס,,,פקדון בקבוק בודד פלסטיק,Unknown,0.00,יחידה,false,1,0.30,0.0000,true,1,2332
4685331,true,גבטה קמח מלא ברמן 1,מאפית י את א ברמן בע,,גבטה מקמח מלא 150 גרם,גרמים,150.00,100 גרם,false,1,4.50,0.0300,true,1,4756
54051140,false,מעדן סויה טעם וניל אלפרו רביעיה * 125 ג',הנסיך- מפעל לייצור ט,BE,מארז מעדן סויה וניל,גרמים,500.00,100 גרם,false,,15.90,0.0318,true,1,5717
54051157,false,מעדן סויה טעם שוקו אלפרו רביעיה 125 ג',קריות זול,BE,מארז מעדן סויה שוקול,גרמים,500.00,100 גרם,false,,15.90,0.0318,true,1,12415
72917367,false,טעמי חטיף במילוי קרם נוגט וקרמל,"שטראוס גרופ בע""מ",IL,טעמי 40 גרם,גרמים,40.00,100 גרם,false,,3.90,0.0975,true,1,60641
72940754,false,מעדן מילקי בטעם וניל עם קצפת,"שטראוס גרופ בע""מ",IL,מילקי וניל 133 גרם,גרמים,133.00,100 גרם,false,,2.80,0.0211,true,1,2029
72940761,false,מעדן מילקי בטעם שוקולד עם קצפת,מיוצר עי קונדיטוריית,IL,מילקי שוקולד 133 גרם,מיליליטרים,133.00,"100 מ""ל",false,,2.80,0.0211,true,1,2030
72940952,false,מעדן מילקי בטעם שוקולד עם אקסטרה קצפת,"שטראוס גרופ בע""מ",IL,מילקי אקסטרה קצפת 17,מיליליטרים,170.00,"100 מ""ל",false,,3.50,0.0206,true,1,2031
72945308,false,קוביות שמרים לאפיה שמרית 2*25 ג',"פאקא תעשיות בע""מ",IL,קוביות שמרים טריים ש,גרמים,50.00,100 גרם,false,,3.30,0.0660,true,1,2032
72961209,false,**תנובה שמנת חמוצה 15% 200מל,תנובה מרכז שיתופי לש,IL,שמנית חמוצה 15% תנוב,מיליליטרים,200.00,"100 מ""ל",false,,2.40,0.0120,true,1,2034
72961223,false,"גילה גדול 200 מ""ל",תנובה מרכז שיתופי לש,IL,"גיל תנובה 200 מ""ל",מיליליטרים,200.00,"100 מ""ל",false,,1.50,0.0075,true,1,2036
72961520,false,יוגורט עם אננס 1.5% שומן 125 ג' פרילי,מיוצר עי קונדיטוריית,IL,פרילי אננס 125 גרם,מיליליטרים,125.00,"100 מ""ל",false,,3.40,0.0272,true,1,2045
72986370,false,"גלידת בן & ג'ריס פיינטים וניל 500מ""ל",מוצרי איכות אמריקאים,IL,גלידת שמנת בן אנד גר,מיליליטרים,500.00,"100 מ""ל",false,,16.90,0.0338,true,1,41893
72986424,false,"גלידת בן & ג'ריס פיינטים קרם עוגיות 500מ""ל",מוצרי איכות אמריקאיי,IL,גלידת שמנת בן אנד גר,מיליליטרים,500.00,"100 מ""ל",false,,16.90,0.0338,true,1,41895
72989425,false,"גלידת בן & ג'ריס פיינטים שוקולד בראוניז 500מ""ל",מוצרי איכות אמריקאיי,IL,גלידת שמנת בן אנד גר,מיליליטרים,500.00,"100 מ""ל",false,,16.90,0.0338,true,1,45439
72991886,false,"גלידת דולצ'ה בטעם ריבת חלב עם פאדג' בן וג'ירי 500 מ""ל",מוצרי איכות אמריקאיי,IL,גלידת שמנת בן אנד גר,מיליליטרים,500.00,"100 מ""ל",false,,16.90,0.0338,true,1,41896
80773429,false,מסטיק מנטוס פיור פרש בבקבוק בינוני בטעם תות 60 ג',פרפטי ואן מלה הולנד,TR,מסטיק מנטוס צנצנת בט,גרמים,60.00,100 גרם,false,,8.90,0.1483,true,1,41495
80773443,false,מסטיק מנטוס בבקבוק מעוגל בטעם מנטה מעודנת 60 ג',פרפטי ואן מלה הולנד,TR,מסטיק מנטוס ספרמנט ב,גרמים,60.00,100 גרם,false,,8.90,0.1483,true,1,30373
80790990,false,מסטיק מנטוס בבקבוק מעוגל בטעם פירות -מנטה 60 ג',פרפטי ואן מלה הולנד,TR,מסטיק מנטוס בבלפרש ב,גרמים,60.00,100 גרם,false,,8.90,0.1483,true,1,30372
80843184,false,מנטוס מסטיק פיור פרש בטעם ענבים 60גר,פרפטי ואן מלה הולנד,TR,מסטיק מנטוס פיור פרש,גרמים,60.00,100 גרם,false,,8.90,0.1483,true,1,58446
80864295,false,סוכריות פיור וויט טעם מנטה עדינה 60 ג' מנטוס,פרפטי ואן מלה הולנד,TR,מסטיק מנטוס פיור ווי,גרמים,60.00,100 גרם,false,,8.90,0.1483,true,1,58445
80896081,false,מסטיק מנטוס פיור פרש בבקבוק בינוני בטעם אבטיח 60 ג',פרפטי ואן מלה הולנד,TR,מסטיק מנטוס צנצנת בט,גרמים,60.00,100 גרם,false,,8.90,0.1483,true,1,42669
80913467,false,מסטיק מנטו בבקבוק מעוגל בטעם מנטה 60 ג',פרפטי ואן מלה הולנד,TR,מסטיק מנטוס מנטה בבק,גרמים,60.00,100 גרם,false,,8.90,0.1483,true,1,30374
80945468,false,סוכריות פיור וויט טעם מנטה מתוקה 60 ג' מנטוס,פרפטי ואן מלה הולנד,TR,מסטיק מנטוס פיור ווי,גרמים,60.00,100 גרם,false,,8.90,0.1483,true,1,58447
80979128,false,מסטיק מנטוס פיור בטעם דובדבן 60 ג',פרפטי ואן מלה הולנד,TR,מסטיק מנטוס פיור פרש,גרמים,60.00,100 גרם,false,,8.90,0.1483,true,1,58448
80986348,false,סוכריות פיור וויט טעם מנטה 60 ג' מנטוס,פרפטי ואן מלה הולנד,TR,מסטיק מנטוס פיור ווי,גרמים,64.00,100 גרם,false,,8.90,0.1391,true,1,58449
80995128,false,מנטוס - מסטיק בטעם הדרים בתוספת ויטמינים 60 גרם,פרפטי ואן מלה הולנד,TR,מסטיק מנטוס צנצנת בט,גרמים,60.00,100 גרם,false,,8.90,0.1483,true,1,64296
87108651,false,מארז סוכריות מנטוס Mentos מנטה,הדקלאים אגודת שיתופי,NL,מנטוס מנטה 4 יח,גרמים,150.00,100 גרם,false,,9.90,0.0660,true,1,2260
87108712,false,מארז סוכריות מנטוס Mentos פירות,פרפטי ואן מלה ברדה,NL,מנטוס טעם פירות 4 יח,גרמים,150.00,100 גרם,false,,9.90,0.0660,true,1,2261
11210000155,false,"רוטב טבסקו על בסיס פלפל אדום 150 מ""ל",ניצן,US,רוטב טבסקו אדום 150,מיליליטרים,150.00,"100 מ""ל",false,,17.90,0.1193,true,1,37899
11210002500,false,טבסקו רוטב כנפי באפא,"ניצן מותגי מזון בע""מ",US,רוטב טבסקו באפלו 150,מיליליטרים,150.00,"100 מ""ל",false,,17.90,0.1193,true,1,8360
11210007352,false,רוטב טבסקו שום 150 מ,ניצן,US,רוטב טבסקו שום 150 מ,מיליליטרים,150.00,"100 מ""ל",false,,17.90,0.1193,true,1,50207
11210007703,false,רוטב טבסקו צ'יפוטלי,ניצן,US,רוטב טבסקו צ'יפוטלי,מיליליטרים,150.00,"100 מ""ל",false,,17.90,0.1193,true,1,50208
11210009219,false,רוטב טבסקו ירוק 150,ניצן,US,רוטב טבסקו ירוק 150,מיליליטרים,150.00,"100 מ""ל",false,,17.90,0.1193,true,1,50209
11210698055,false,רוטב סרירצ'ה טבסקו 5,ניצן,US,רוטב סרירצ'ה טבסקו 5,גרמים,566.00,100 גרם,false,,24.90,0.0440,true,1,37898
16000185517,false,דגני בוקר פייבר וואן עתירי סובין FIBRE1,בטר אנד דיפרנט,US,דגני בוקר פייבר וואן,גרמים,555.00,100 גרם,false,,19.90,0.0359,true,1,59094
18000701223,false,תערובת להכנת עוגה בטעם שוקולד,הדקלאים אגודת שיתופי,IL,תערובת לעוגת שוקולד,גרמים,500.00,100 גרם,false,,15.90,0.0318,true,1,227
18000703494,false,תערובת עוגת וניל פיסברי 500 גר',הדקלאים אגודת שיתופי,IL,תערובת לעוגת וניל 50,גרמים,500.00,100 גרם,false,,15.90,0.0318,true,1,228
18000703517,false,תערובת עוגת שיש פילסברי 500 גר',הדקלאים אגודת שיתופי,IL,תערובת לעוגת שיש פרו,גרמים,550.00,100 גרם,false,,15.90,0.0289,true,1,229
18000766413,false,תערובת בראוניס פילסברי 500 גר',הדקלאים אגודת שיתופי,IL,תערובת לעוגה בראוניס,גרמים,550.00,100 גרם,false,,15.90,0.0289,true,1,230
18176785508,false,שוקולד טורינו חלב 10,שוקולה קמיל בלוך,CH,שוקולד טורינו חלב 10,גרמים,100.00,100 גרם,false,,9.90,0.0990,true,1,241
18176787007,false,שוקולד טורינו מריר פרווה 100 גר',שוקולה קמיל בלוך,,שוקולד טורינו 100 גר,גרמים,100.00,100 גרם,false,,9.90,0.0990,true,1,242
21723339994,false,רוטב דגים מזרח ומערב,טאנג סאנג ראר קי,TH,רוטב דגים מזרח ומערב,מיליליטרים,300.00,"100 מ""ל",false,,9.50,0.0317,true,1,49088
22200956932,false,דאודורנט ג'ל לגבר Fresh Rush 24h,הנסיך- מפעל לייצור ט,US,דאו גל ספיד סטיק כחו,גרמים,85.00,100 גרם,false,,18.90,0.2224,true,1,8193
22200956949,false,דאודורנט ג'ל לגבר Cool Fusion 24h,קולגייט פלמוליב,BY,דאו גל ספיד סטיק כתו,גרמים,85.00,100 גרם,false,,18.90,0.2224,true,1,8192
25675094703,false,לקקן טופי דובדבן פשק,DORI ALIMENTOS LTDA,NL,לקקן טופי דובדבן פשק,גרמים,540.00,100 גרם,false,,15.90,0.0294,true,1,3438
25675094710,false,לקקן טופי יוגורט פשק,DORI ALIMENTOS LTDA,NL,לקקן טופי יוגורט פשק,גרמים,540.00,100 גרם,false,,15.90,0.0294,true,1,7995
25675094727,false,לקקן טופי תות 50 יח,DORI ALIMENTOS LTDA,NL,לקקן טופי תות 50 יח,גרמים,540.00,100 גרם,false,,15.90,0.0294,true,1,3439
25675094741,false,לקקן טופי פטל פשקס 5,DORI ALIMENTOS LTDA,NL,לקקן טופי פטל פשקס 5,גרמים,540.00,100 גרם,false,,15.90,0.0294,true,1,3437
25675124912,false,נאטי צ'ויס שוקולד בו,JUSTBORN,US,נאטי צ'ויס שוקולד בו,גרמים,280.00,100 גרם,false,,23.90,0.0854,true,1,63075
25675125926,false,מיני סמירק חטיפי שוק,Natra Zahor,ES,מיני סמירק חטיפי שוק,גרמים,300.00,100 גרם,false,,17.90,0.0597,true,1,3452
25675300118,false,חטיף אנקור פשקס 50 ג,NATRA,ES,חטיף אנקור פשקס 50 ג,גרמים,50.00,100 גרם,false,,3.90,0.0780,true,1,63077
25675300125,false,חטיף סמירק פשקס 50 ג,NATRA,ES,חטיף סמירק פשקס 50 ג,גרמים,50.00,100 גרם,false,,3.90,0.0780,true,1,63078
25675705654,false,בצל מטוגן פריך בשקית פשקז 400ג',TOP TASTE B.V.,NL,בצל מטוגן פריך שקית,גרמים,400.00,100 גרם,false,,11.90,0.0298,true,1,14713
25675950313,false,סוכריות אודלס תות פשקס 224 גר',ג'ודילינג פודס קומפנ,CN,סוכריות אודלס פשקס ב,גרמים,224.00,100 גרם,false,,12.90,0.0576,true,1,22987
25675950351,false,סוכריות אודלס דובדבן פשקס 224 גר',ג'ודילינג פודס קומפנ,CN,סוכריות אודלס פשקס ב,גרמים,224.00,100 גרם,false,,12.90,0.0576,true,1,22988
25675950382,false,סוכריות אודלס פטל פשקס 224 גר',ג'ודילינג פודס קומפנ,CN,סוכריות אודלס פשקס ב,גרמים,224.00,100 גרם,false,,12.90,0.0576,true,1,22989
26638002643,true,גבינה מוצרלה מגורד,אנדרסון אינטנשיונל,,גבינת מוצרלה מגורדת 170 גרם,גרמים,170.00,100 גרם,false,1,28.90,0.1700,true,1,26161
34000544028,false,סוכריות ארוכות בטעם תות טוויזלרס Twizzlers,הרשי שוקולד,US,טוויזלרס ממתק בטעם ת,גרמים,198.00,100 גרם,false,,6.90,0.0348,true,1,6491
34000544431,false,טוויזלרס ממתק בטעם דובדבן 172 ג',הרשי שוקולד,US,טוויזלרס ממתק בטעם ד,גרמים,170.00,100 גרם,false,,6.90,0.0406,true,1,59436
35000458476,false,קולגייט מברשת שיניים ילדים מארז רביעייה,קולגייט פלמוליב,VN,מברשת קולגייט ילדים,Unknown,0.00,יחידה,false,,19.90,0.0000,true,1,45417
37000655381,false,מגבות נייר באונטי 12,פרוקטר & גמבל,US,מגבות נייר באונטי 12,מטרים,132.00,מטר,false,,119.90,0.9083,true,1,63095
37600207188,false,חמאת בוטנים סקיפי קלאסי 462 גר',חברת המזון אלגוד,US,חמאת בוטנים קלאסי סק,גרמים,462.00,100 גרם,false,,17.90,0.0387,true,1,55974
37600207256,false,חמאת בוטנים סקיפי עם שברי בוטנים 462 גר',חברת המזון אלגוד,US,חמאת בוטנים עם שברי,גרמים,462.00,100 גרם,false,,17.90,0.0387,true,1,55975
38000202278,false,חטיף צ'יפס גלי בטעם אורגינל מלוח,פרינגלס מניופקצ'ורינ,US,פרינגלס קלאסי וויבי,גרמים,130.00,100 גרם,false,,7.90,0.0608,true,1,54472
38000232183,false,פרינגלס אורגינל 149 גרם,פרינגלס מניופקצ'ורינ,US,פרינגלס אורגינל 149,גרמים,149.00,100 גרם,false,,7.90,0.0530,true,1,49018
38900779238,false,מארז מיץ אננס דול 4*,דול פיליפינים אינק,,מארז מיץ אננס דול 4*,קילוגרמים,1.00,ליטר,false,,15.90,15.9000,true,1,6435
41190007097,false,"שופרייט חומץ תפוחים 946 מ""ל",,,חומץ תפוחים שופרייט,מיליליטרים,946.00,"100 מ""ל",false,,11.90,0.0126,true,1,62472
41390001451,false,רוטב סויה קיקומן 1.2,קיקומן פודז אינק,US,רוטב סויה קיקומן 1.2,קילוגרמים,1.20,ליטר,false,,29.90,24.9167,true,1,63080
41390001505,false,רוטב סויה קיקומן 1.8,,,רוטב סויה קיקומן 1.8,קילוגרמים,1.89,ליטר,false,,39.90,21.1111,true,1,11612
43427199001,false,"חומץ תפוחים אורגני 500 מ""ל ""ליברס""",אקווינאל אס. אל.,ES,חומץ תפוחים אורגני,מיליליטרים,500.00,"100 מ""ל",false,,16.90,0.0338,true,1,61296
43427240017,false,"חומץ בלסמי אורגני כשל""פ 500 מ""ל ""ליברס""",ליברס,US,חומץ בלסמי אורגני לי,מיליליטרים,500.00,"100 מ""ל",false,,19.90,0.0398,true,1,60638
43427245005,false,"מחית תפוחים ממותק פאוץ 4*90 גרם ֿֿֿֿ""ליברסֿֿֿֿ""",ליברס,US,"מחית תפו""ע עם פקק לי",גרמים,360.00,100 גרם,false,,11.90,0.0331,true,1,61299
44164102385,false,נרונים 72 יחידות 4 שעות - שרגא,שרגא שווק ויצור נרות,IL,נרונים 4 שעות שרגא 7,Unknown,0.00,יחידה,false,,25.90,0.0000,true,1,1153
44164102453,false,נרונים 72 יחידות 6 שעות - שרגא,שרגא שווק ויצור נרות,IL,נרונים 6 שעות שרגא 7,Unknown,0.00,יחידה,false,,31.90,0.0000,true,1,1154
44164234345,false,שמן פראפין למאור סגו,שרגא שווק ויצור נרות,IL,שמן פראפין למאור סגו,קילוגרמים,1.00,ליטר,false,,19.90,19.9000,true,1,58613
44164236950,false,שמן פראפין למאור כחו,שרגא שווק ויצור נרות,IL,שמן פראפין למאור כחו,קילוגרמים,1.00,ליטר,false,,19.90,19.9000,true,1,58614
44164267695,false,שמן פראפין למאור אדו,שרגא שווק ויצור נרות,IL,שמן פראפין למאור אדו,קילוגרמים,1.00,ליטר,false,,19.90,19.9000,true,1,58615
44164290907,false,שמן פראפין למאור צהו,שרגא שווק ויצור נרות,IL,שמן פראפין למאור צהו,קילוגרמים,1.00,ליטר,false,,19.90,19.9000,true,1,58617
44164341142,false,נר נשמה שבועי להבה בפלסטיק.,שרגא שווק ויצור נרות,IL,נר זכרון 7 ימים שרגא,Unknown,0.00,יחידה,false,,8.90,0.0000,true,1,24988
44164369962,false,נר זכרון 9 ימים שרגא,שרגא שווק ויצור נרות,IL,נר זכרון 9 ימים שרגא,Unknown,0.00,יחידה,false,,11.90,0.0000,true,1,24987
48256219456,false,תרסיס אסטוניש לניקוי,יעקב יעקובי,IL,תרסיס אסטוניש לניקוי,מיליליטרים,750.00,"100 מ""ל",false,,9.90,0.0132,true,1,60002
48256297164,false,תרסיס אסטוניש לניקוי,יעקב יעקובי,IL,תרסיס אסטוניש לניקוי,מיליליטרים,750.00,"100 מ""ל",false,,9.90,0.0132,true,1,22497
48256299557,false,תרסיס אסטוניש מסיר ע,יעקב יעקובי,IL,תרסיס אסטוניש מסיר ע,מיליליטרים,750.00,"100 מ""ל",false,,9.90,0.0132,true,1,22498
64144090013,false,תרסיס שמן טעם חמאה פאם 141 ג',קונאגרה פודס,US,תרסיס שמן קנולה בטעם,מיליליטרים,148.00,"100 מ""ל",false,,13.90,0.0939,true,1,6352
64144090020,false,תרסיס שמן שמן זית פאם 141 ג',קונאגרה פודס,US,תרסיס שמן זית פאם 14,מיליליטרים,148.00,"100 מ""ל",false,,13.90,0.0939,true,1,6351
64144090051,false,"תרסיס שמן קנולה פאם 148 מ""ל",קונאגרה פודס,US,תרסיס שמן קנולה פאם,מיליליטרים,148.00,"100 מ""ל",false,,13.90,0.0939,true,1,13102
70970471254,false,מייק לייק - סוכריות ג'לי בינס קרטונית פירות ירוק 141 גרם,ג'אסט בורן,US,סוכריות ג'לי פירות מ,גרמים,141.00,100 גרם,false,,8.90,0.0631,true,1,52311
70970471261,false,מייק לייק - סוכריות ג'לי בינס קרטונית טרופי אדום 141 גרם,גאסט בורן,US,סוכריות ג'לי טרופי,גרמים,141.00,100 גרם,false,,8.90,0.0631,true,1,53794
70970471285,false,סוכריות ג'לי רד רייג,גאסט בורן,US,סוכריות ג'לי רד רייג,גרמים,141.00,100 גרם,false,,8.90,0.0631,true,1,54821
70970471308,false,"סוכריות מייק אייק רד רייג'רס, 141 ג'",גאסט בורן,US,סוכריות ג'לי ענבים מ,גרמים,141.00,100 גרם,false,,8.90,0.0631,true,1,55993
70970473562,false,מייק לייק - סוכריות ג'לי בינס קרטונית מגה מיקס 141 גרם,ג'אסט בורן,US,סוכריות ג'לי מגה מיק,גרמים,141.00,100 גרם,false,,8.90,0.0631,true,1,52312
70970473609,false,סוכריות ג'לי מייק&נייק מגה מיקס חמוץ 141 גר',גאסט בורן,US,סוכריות ג'לי מגה מיק,גרמים,141.00,100 גרם,false,,8.90,0.0631,true,1,52313
73490128493,false,"קדם מיץ ענבים מוגז אפרסק 750מ""ל",קדם,IL,מיץ ענבים מוגז אפרסק,מיליליטרים,750.00,"100 מ""ל",false,,9.90,0.0132,true,1,3767
73490132346,false,משקה ענבים קונקורד ל,קדם,IL,משקה ענבים קונקורד ל,קילוגרמים,2.84,ליטר,false,,38.90,13.6972,true,1,29982
73490153396,false,"מיץ ענבים מוגז גאולה קונקורד 750 מ""ל",קדם,IL,מיץ ענבים מוגז קונקו,מיליליטרים,750.00,"100 מ""ל",false,,9.90,0.0132,true,1,18041
73490154027,false,מיץ ענבים גאולה 2.84,קדם,IL,מיץ ענבים גאולה 2.84,קילוגרמים,2.84,ליטר,false,,38.90,13.6972,true,1,7589
73490154317,false,מיץ ענבים גאולה לבן 1.89 ל קדם,,,מיץ ענבים לבן גאולה,קילוגרמים,1.89,ליטר,false,,26.90,14.2328,true,1,53122
75442100229,false,בונבונירה מתומן דובדבן 135גרם פינוקים,תות ממתקי איכות,IL,בונבוניירה פרוגרס דו,גרמים,135.00,100 גרם,false,,9.90,0.0733,true,1,2095
75442100250,false,בונבוניירה פרוגרס קפ,תות ממתקי איכות,IL,בונבוניירה פרוגרס קפ,גרמים,135.00,100 גרם,false,,9.90,0.0733,true,1,22985
77245110610,false,סוכריות מאסט ללא סוכר בטעם מנטה 80 ג'עלית,MIESZKO S.A - MS. JO,IL,סוכריות מאסט מנטה 80,גרמים,80.00,100 גרם,false,,6.90,0.0863,true,1,2110
77975036976,false,מטבל עגבניות בחריפות עדינה סניידרס 439 ג',סניידרס Snyder's,US,מטבל עגבניות סלסה בח,גרמים,439.00,100 גרם,false,,13.90,0.0317,true,1,59622
80432400432,false,וויסקי שיבאס רגאל 12,מזקקת האחים שיבאס,,ויסקי שיבאס 12 שנה 1,קילוגרמים,1.00,ליטר,false,,119.90,119.9000,true,1,35202
87752005644,false,"יין מוסקטו ברטנורה 750 מ""ל",מיסזקו אס.איי,IT,יין ברטנורא מוסקטו,מיליליטרים,750.00,"100 מ""ל",false,,48.90,0.0652,true,1,4761
96619016273,false,סירופ מייפל 1 ליטר ק,קיקומן פודז אינק,US,סירופ מייפל 1 ליטר ק,קילוגרמים,1.00,ליטר,false,,79.90,79.9000,true,1,63928
96619084104,false,רוטב סלסה אורגניק קי,קוסקו הולסייל,US,רוטב סלסה אורגניק קי,פריט,1.08,"ק""ג",false,,19.90,18.4259,true,1,60206
96619115471,false,קפסולות ג'ל כביסה או,מקברייד,BE,קפסולות ג'ל כביסה או,גרמים,882.00,100 גרם,false,,44.90,0.0509,true,1,63678
96619194025,false,נייר אפיה קירקלנד 50,קוסקו הולסייל,US,נייר אפיה קירקלנד 50,מטרים,50.00,מטר,false,,39.90,0.7980,true,1,60789
96619199914,false,וודקה קירקלנד 1.75 ל,,,וודקה קירקלנד 1.75 ל,קילוגרמים,1.75,ליטר,false,,99.90,57.0857,true,1,15477
96619206841,false,תרסיס שמן קנולה קירק,,,תרסיס שמן קנולה קירק,מיליליטרים,394.00,"100 מ""ל",false,,19.90,0.0505,true,1,47956
96619316809,false,נייר אלומניום עבה 30,,,נייר אלומניום עבה 30,מטרים,304.00,מטר,false,,129.90,0.4273,true,1,12400
96619316861,false,דפי נייר אלומניום קי,,,דפי נייר אלומניום קי,Unknown,0.00,יחידה,false,,69.90,0.0000,true,1,48619
96619321063,false,מיקס אגוזים קירקלנד,,,מיקס אגוזים קירקלנד,פריט,1.13,"ק""ג",false,,89.90,79.5575,true,1,12837
96619332700,false,מלח גס הימלאיה ורוד,קוסקו הולסייל,US,מלח גס הימלאיה ורוד,גרמים,737.00,100 גרם,false,,19.90,0.0270,true,1,52585
96619332717,false,מלח גס ים תיכוני עם,קוסקו הולסייל,US,מלח גס ים תיכוני עם,גרמים,737.00,100 גרם,false,,9.90,0.0134,true,1,52586
96619332724,false,פלפל שחור שלם עם מטח,קוסקו הולסייל,US,פלפל שחור שלם עם מטח,גרמים,356.00,100 גרם,false,,19.90,0.0559,true,1,52587
96619338696,false,קמח שקדים קירקלנד 1.,הוגסטון נט אי אן סי,US,קמח שקדים קירקלנד 1.,פריט,1.36,"ק""ג",false,,79.90,58.7500,true,1,63571
96619365395,false,כורכום קירקלנד 340 ג,קוסקו הולסייל,US,כורכום קירקלנד 340 ג,גרמים,340.00,100 גרם,false,,9.90,0.0291,true,1,55423
96619679133,false,סירופ מייפל אורגני 1,קיקומן פודז אינק,US,סירופ מייפל אורגני 1,קילוגרמים,1.00,ליטר,false,,79.90,79.9000,true,1,14244
97643011395,false,שוקולד מונס קידס אצבעות 23X4ג',,,אצבעות שוקולד חלב שמ,גרמים,98.00,100 גרם,false,,14.90,0.1520,true,1,22935
97643011647,false,אצבעות רוזמרי נוסטלגי רבעיות (23 גרם *4 יח'),"מאסטרני בע|""מ",,אצבעות שוקולד שמרלינ,גרמים,92.00,100 גרם,false,,14.90,0.1620,true,1,42451
97643011913,false,אצבעות הרמוני רביעיות 92 גר',"מאסטרני בע|""מ",,אצבעות שוקולד שמרלינ,גרמים,92.00,100 גרם,false,,14.90,0.1620,true,1,42644
97643011937,false,אצבעות רוזמרי פרווה רביעיות 92 גר',,,אצבעות שוקולד רוזמרי,Unknown,0.00,יחידה,false,,14.90,0.0000,true,1,42645
97643044546,false,שוקולד טבלה שוויצרי 72% מריר 100ג',,,שוקולד שמרלינג מריר,גרמים,100.00,100 גרם,false,,11.50,0.1150,true,1,4829
97643044553,false,שוקולד טבלה שוויצרי מריר 85% שמרלינג 100ג',,,שוקולד שמרלינג מריר,גרמים,100.00,100 גרם,false,,11.50,0.1150,true,1,24133
97643044560,false,שוקולד טבלה שוויצרי מריר מנטה 72% 100 גר',,,שוקולד שמרלינג מריר,גרמים,100.00,100 גרם,false,,11.50,0.1150,true,1,49964
97643051445,false,שוקולד רוזמרי מוקה שויצרי 100 גרם,,,שוקולד שמרלינג פרלין,גרמים,100.00,100 גרם,false,,11.50,0.1150,true,1,4825
97643070040,false,שוקולד טבלה לבן ושקדים שמרלינג 100ג',,,שוקולד שמרלינג לבן ש,גרמים,100.00,100 גרם,false,,11.50,0.1150,true,1,4827
97643070248,false,שוקולד שמרלינגס הרמוני רוזמרי לבן 100ג',מסטרני,CH,שוקולד שמרלינג לבן פ,גרמים,100.00,100 גרם,false,,11.50,0.1150,true,1,4823
97643071542,false,שוקולד מינור חלבי שמרלינג 22X4ג',,,חטיפי שוקולד מינור ש,גרמים,92.00,100 גרם,false,,14.90,0.1620,true,1,9746
97643082449,false,שמרלינגס שוקולד רוזמרי 100ג,מסטרני,CH,שוקולד שמרלינג פרלין,גרמים,100.00,100 גרם,false,,11.50,0.1150,true,1,4821
97643082548,false,שמרלינגס שוקולד מריר רוזמרי 100ג,מסטרני,CH,שוקולד שמרלינג מריר,גרמים,100.00,100 גרם,false,,11.50,0.1150,true,1,4822
97643083859,false,שוקולד טבלה שוויצרי רוזמרי קרמל 100 גר',,,שוקולד שמרלינג קרמל,גרמים,100.00,100 גרם,false,,11.50,0.1150,true,1,23990
97643084047,false,שוקולד ספליט חלב 100 גרם.,,,שוקולד שמרלינג פרלין,גרמים,100.00,100 גרם,false,,11.50,0.1150,true,1,4824
97643090345,false,"שוקולד טבלה רוזמרי חלבי לל""ס 100 גר'",,,שוקולד שמרלינג חלב ל,גרמים,100.00,100 גרם,false,,13.90,0.1390,true,1,8952
97643090444,false,שוקולד רוזמרי פרווה ללא סוכר 100 גר',,,שוקולד שמרלינג פרווה,גרמים,100.00,100 גרם,false,,13.90,0.1390,true,1,8953
194961000169,false,שוקולד שניידרס לבן 1,שניידרס,FR,שוקולד שניידרס לבן 1,גרמים,100.00,100 גרם,false,,8.90,0.0890,true,1,64406
194961000176,false,שוקולד שניידרס לבן ש,שניידרס,FR,שוקולד שניידרס לבן ש,גרמים,100.00,100 גרם,false,,8.90,0.0890,true,1,64407
194961000398,false,ביסקוויט בציפוי שוקו,שניידרס,FR,ביסקוויט בציפוי שוקו,גרמים,150.00,100 גרם,false,,12.90,0.0860,true,1,58808
194961000404,false,ביסקוויט בציפוי שוקו,שניידרס,FR,ביסקוויט בציפוי שוקו,גרמים,150.00,100 גרם,false,,12.90,0.0860,true,1,58809
194961000411,false,ממרח שוקולד וניל שני,SHNEIDER'S,NL,ממרח שוקולד וניל שני,גרמים,700.00,100 גרם,false,,19.90,0.0284,true,1,53866
194961001432,false,עוגיות פתיבר חמאה שנ,שניידרס,FR,עוגיות פתיבר חמאה שנ,גרמים,167.00,100 גרם,false,,12.90,0.0772,true,1,62172
194961001517,false,עוגיות סבלה חמאה שני,שניידרס,FR,עוגיות סבלה חמאה שני,גרמים,130.00,100 גרם,false,,12.90,0.0992,true,1,62175
194961001524,false,"מחית פרי תפו""ע לל""ס",שניידרס,FR,"מחית פרי תפו""ע לל""ס",גרמים,360.00,100 גרם,false,,12.90,0.0358,true,1,62319
194961001531,false,"מחית פרי תפו""ע ותות",שניידרס,FR,"מחית פרי תפו""ע ותות",גרמים,360.00,100 גרם,false,,12.90,0.0358,true,1,62320
194961001647,false,עוגיות חמאה שוקולד צ,שניידרס,FR,עוגיות חמאה שוקולד צ,גרמים,167.00,100 גרם,false,,12.90,0.0772,true,1,62612
305215251002,false,צמרוני אוזניים קיו ט,יוניליוור,US,צמרוני אוזניים קיו ט,Unknown,0.00,יחידה,false,,19.90,0.0000,true,1,44177
608614255214,false,מורינגה,,,מורינגה,Unknown,0.00,יחידה,false,,45.90,0.0000,true,1,62345
628154383659,false,דגני בוקר פרוטי פבלס 311 ג' POST,פוסט לקיוויל,PL,דגני בוקר פרוטי פאבל,גרמים,311.00,100 גרם,false,,19.90,0.0640,true,1,62980
637632694491,false,כמוסות אומגה 3 מרווה,,,כמוסות אומגה 3 מרווה,Unknown,0.00,יחידה,false,,129.90,0.0000,true,1,62349
675470000142,false,נייר אפיה קשת 72 יח,טופ פלסט 2002 בעמ,IL,נייר אפיה קשת 72 יח,Unknown,0.00,יחידה,false,,9.90,0.0000,true,1,16403
681131129855,false,"בירה שלוס קרון פחית 500 מ""ל",מבשלת מרטנס,BE,בירה פילזנר שלוס קרו,מיליליטרים,500.00,"100 מ""ל",false,,4.90,0.0098,true,1,58434
689076444668,false,"פסטה ספגטי אורז חום מלא ללא גלוטן ""גולדבא"" 454 ג",ריזופיה פוד פרודקטס,CA,פסטה ספגטי אורז חום,גרמים,454.00,100 גרם,false,,16.90,0.0372,true,1,62125
693493001007,false,גאון בניקיון תרסיס 350 מל',אריסטוקרט,IL,תרסיס ניקוי גאון בני,מיליליטרים,350.00,"100 מ""ל",false,,18.90,0.0540,true,1,43978
693493034456,false,סרדין מרוקאי בשמן זי,אטלנטיק הום סרדינס א,MA,סרדין מרוקאי בשמן זי,גרמים,125.00,100 גרם,false,,5.90,0.0472,true,1,50083
693493034470,false,פילה מקרל בשמן סויה,,,פילה מקרל בשמן סויה,גרמים,125.00,100 גרם,false,,5.90,0.0472,true,1,50895
693493034487,false,פילה סרדין בשמן זית,אטלנטיק הום סרדינס א,MA,פילה סרדין בשמן זית,גרמים,125.00,100 גרם,false,,6.50,0.0520,true,1,50085
693493034494,false,פילה אנשובי בשמן חמנ,פטינה פוד,MA,פילה אנשובי בשמן חמנ,גרמים,100.00,100 גרם,false,,14.90,0.1490,true,1,49029
693493034524,false,מארז פילה אנשובי בשמ,פאטינה פוד,MA,מארז פילה אנשובי בשמ,גרמים,200.00,100 גרם,false,,21.90,0.1095,true,1,58598
693493057820,false,חלה גדולה ארוזה בייק,ספיישל בייקרי,IL,חלה חצי מתוקה 500 גר,גרמים,500.00,100 גרם,false,,12.90,0.0258,true,1,48076
693493057844,false,חלה כוסמין ארוזה ביי,ספיישל בייקרי,IL,חלה כוסמין 500 גרם,גרמים,500.00,100 גרם,false,,15.90,0.0318,true,1,48078
693493057851,false,חלה קמח מלא ארוזה בי,ספיישל בייקרי,IL,חלה קמח מלא 500 גרם,גרמים,500.00,100 גרם,false,,15.90,0.0318,true,1,48079
693493089319,false,מולטי ויטמין אקסטרה,,,מולטי ויטמין אקסטרה,Unknown,0.00,יחידה,false,,59.90,0.0000,true,1,58414
693493089333,false,"ברזל עדין 30 מ""ג אקס",,,"ברזל עדין 30 מ""ג אקס",Unknown,0.00,יחידה,false,,59.90,0.0000,true,1,58406
693493089340,false,ויטמין C לא חומצי +,,,ויטמין C לא חומצי +,Unknown,0.00,יחידה,false,,59.90,0.0000,true,1,58409
693493089364,false,מגנזיום ציטראט 400 מ,,,מגנזיום ציטראט 400 מ,Unknown,0.00,יחידה,false,,59.90,0.0000,true,1,58408
693493089371,false,ויטמין C לא חומצי 10,,,ויטמין C לא חומצי 10,Unknown,0.00,יחידה,false,,59.90,0.0000,true,1,58410
693493089388,false,"חומצה פולית 400 מק""ג",,,"חומצה פולית 400 מק""ג",Unknown,0.00,יחידה,false,,59.90,0.0000,true,1,58415
693493089395,false,"ויטמין B12 מק""ג 1000",,,"ויטמין B12 מק""ג 1000",Unknown,0.00,יחידה,false,,59.90,0.0000,true,1,58411
693493089418,false,"ויטמין D3 יחב""ל 1000",,,"ויטמין D3 יחב""ל 1000",Unknown,0.00,יחידה,false,,59.90,0.0000,true,1,58412
693493089425,false,פרוביוטיקה אקסטרה פא,,,פרוביוטיקה אקסטרה פא,Unknown,0.00,יחידה,false,,59.90,0.0000,true,1,58413
693493089463,false,דובוני ויטמין D לילד,,,דובוני ויטמין D לילד,Unknown,0.00,יחידה,false,,39.90,0.0000,true,1,58437
693493089470,false,דובוני ויטמין C לילד,,,דובוני ויטמין C לילד,Unknown,0.00,יחידה,false,,39.90,0.0000,true,1,58438
693493089487,false,דובוני מולטי ויטמין,,,דובוני מולטי ויטמין,Unknown,0.00,יחידה,false,,39.90,0.0000,true,1,58417
693493089494,false,דגי אומגה 3 לילדים א,,,דגי אומגה 3 לילדים א,Unknown,0.00,יחידה,false,,39.90,0.0000,true,1,58418
693493089548,false,קומפלקס ויטמין B אקס,,,קומפלקס ויטמין B אקס,Unknown,0.00,יחידה,false,,59.90,0.0000,true,1,58419
693493089586,false,מולטי ויטמין + ברזל,,,מולטי ויטמין + ברזל,Unknown,0.00,יחידה,false,,39.90,0.0000,true,1,60603
693493089685,false,תוסף ברזל נוזלי אקסט,,,תוסף ברזל נוזלי אקסט,Unknown,0.00,יחידה,false,,59.90,0.0000,true,1,63157
693493113687,false,מארז פילה אנשובי וצל,,,מארז פילה אנשובי וצל,גרמים,200.00,100 גרם,false,,21.90,0.1095,true,1,64329
693493192514,false,אבקת חלבון בטעם וניל,,,אבקת חלבון בטעם וניל,גרמים,400.00,100 גרם,false,,69.00,0.1725,true,1,63695
701197351820,false,תמצית וניל טהור 473,קוסקו הולסייל,US,תמצית וניל טהור 473,גרמים,473.00,100 גרם,false,,149.90,0.3169,true,1,55769
710069082236,false,חרדל גפן 454 גרם,,,חרדל גפן 454 גרם,גרמים,454.00,100 גרם,false,,9.90,0.0218,true,1,21946
710069082434,false,חרדל חום חריף גפן 34,,,חרדל חום חריף גפן 34,גרמים,340.00,100 גרם,false,,9.90,0.0291,true,1,63728
710069812000,false,רוטב פסטה קלאסיק מרינדה 737 גרם,,,רוטב עגבניות לפסטה ג,גרמים,680.00,100 גרם,false,,13.90,0.0204,true,1,19232
710069812017,false,רוטב פסטה בזיליקום גפן 737 גרם,,,רוטב עגבניות ובזילקו,גרמים,680.00,100 גרם,false,,13.90,0.0204,true,1,10309
710069812031,false,רוטב פיצה רגיל גפן 7,,,רוטב פיצה רגיל גפן 7,גרמים,737.00,100 גרם,false,,13.90,0.0189,true,1,19231
710069812048,false,רוטב עגבניות בזיליקום גפן 737ג',,,רוטב פיצה אורגנו גפן,גרמים,737.00,100 גרם,false,,13.90,0.0189,true,1,19233
710069812147,false,"רסק תפו""ע גפן 1.36 ק",,,"רסק תפו""ע גפן 1.36 ק",פריט,1.36,"ק""ג",false,,19.90,14.6324,true,1,55777
710069812154,false,"רסק תפו""ע גפן ללא סו",,,"רסק תפו""ע גפן ללא סו",פריט,1.36,"ק""ג",false,,19.90,14.6324,true,1,57558
710069812161,false,רסק תפוחים גפן 6*112,,,רסק תפוחים גפן 6*112,גרמים,672.00,100 גרם,false,,15.90,0.0237,true,1,57705
710069812178,false,רסק תפוחים ללא סוכר,,,רסק תפוחים ללא סוכר,גרמים,672.00,100 גרם,false,,15.90,0.0237,true,1,57706
712963001801,false,שוקולד מריר עלים עם שברי אגוזים 125 גר',,,עלי שוקולד מריר גרוס,גרמים,125.00,100 גרם,false,,16.90,0.1352,true,1,19429
712963001818,false,שוקולד עלים מריר בטעם תפוז 125 גר',,,עלי שוקולד מריר תפוז,גרמים,125.00,100 גרם,false,,16.90,0.1352,true,1,9937
712963001849,false,גרוס עלי שוקולד חלב אגוזים 125 גרם,,,עלי שוקולד חלב אגוזי,גרמים,125.00,100 גרם,false,,16.90,0.1352,true,1,9935
712963003805,false,"חטיף שוקולד מאי וואי 40 גר בד""ץ",,,חטיף שוקולד מאי 40 ג,גרמים,40.00,100 גרם,false,,3.60,0.0900,true,1,30738
712963003812,false,חטיף שוקולד קרמל ובוטנים 40ג',,,חטיף שוקולד קראנץ בו,גרמים,40.00,100 גרם,false,,3.60,0.0900,true,1,30739
712963003829,false,"חטיף שוקולד קוקוס בד""ץ",,,חטיף שוקולד קוקוס 4,גרמים,40.00,100 גרם,false,,3.60,0.0900,true,1,30740
712963003867,false,מאגדת מיני שוקולד קוקוס 250 גרם,,,חטיף שוקולד עם קוקוס,גרמים,250.00,100 גרם,false,,17.90,0.0716,true,1,24507
712963004482,false,שוקולד עלים חלב קרמל ומלח ים 125 גר',,,עלי שוקולד חלב קרמל,גרמים,125.00,100 גרם,false,,16.90,0.1352,true,1,48359
712963004505,false,חטיף קראנץ' אגוזים 40 גרם,,,חטיף שוקולד אגוזי קר,גרמים,40.00,100 גרם,false,,3.60,0.0900,true,1,48360
712963004758,false,שוקולד חלב ממולא קרם קרמל 100 ג',גרוסליין,HR,שוקולד גרוס חלב במיל,גרמים,100.00,100 גרם,false,,7.90,0.0790,true,1,61783
712963005410,false,שוקו GO במילוי קרם חלב 115 גר' גרוסליין,גרוסליין,HR,שוקולד GO גרוס במילו,גרמים,80.00,100 גרם,false,,5.90,0.0738,true,1,61837
712963005502,false,שוקו GO במילוי כרמל 115 גר' גרוסליין,גרוסליין,HR,שוקולד GO גרוס במילו,גרמים,80.00,100 גרם,false,,5.90,0.0738,true,1,61840
712963005557,false,"שוקולד חלב לל""ס 100 גר'",גרוסליין,HR,"שוקולד גרוס חלב ללת""",גרמים,100.00,100 גרם,false,,14.90,0.1490,true,1,62360
712963005601,false,שוקולד גרוס חלב עם ש,גרוסליין,HR,שוקולד גרוס חלב עם ש,גרמים,100.00,100 גרם,false,,14.90,0.1490,true,1,62363
712963005922,false,שוקולד עלים מריר מנטה 125 גר',,,עלי שוקולד מריר מנטה,גרמים,125.00,100 גרם,false,,16.90,0.1352,true,1,64278
718122911608,false,"פסטה פנה אורז חום מלא ללא גלוטן ""גולדבאומ"" 454 ג",ריזופיה פוד פרודקטס,CA,פסטה פנה אורז חום מל,גרמים,454.00,100 גרם,false,,16.90,0.0372,true,1,62129
722776001509,false,ממתיק ספלנדה 1200 יח,,,ממתיק ספלנדה 1200 יח,פריט,1.20,"ק""ג",false,,129.90,108.2500,true,1,27820
722776002445,false,מארז ממתיק ספלנדה שק,,,מארז ממתיק ספלנדה שק,גרמים,715.00,100 גרם,false,,89.90,0.1257,true,1,35328
732973006009,false,דג וייטפיש 624 גר' קפוא,Ocean Gourmet,US,קציצות דג וויט פיש א,גרמים,624.00,100 גרם,false,,34.90,0.0559,true,1,4428
768404001640,false,"גלידה בן&ג'ריס קפה משפחתית 500מ""ל",מוצרי איכות אמריקאיי,IL,גלידת שמנת בן אנד גר,מיליליטרים,500.00,"100 מ""ל",false,,16.90,0.0338,true,1,41894
769904000607,false,שקדי מרק ללא גלוטן 200 גר',גיי אפ פי ייצור מזון,IL,"שקדי מרק משובח כל""פ",גרמים,200.00,100 גרם,false,,8.90,0.0445,true,1,3807
811146030383,false,סוכריות קשות לקקן בצורת ספינר 12 יחי',פרימיום פודס,CN,סוכריות קשות בצורת ס,גרמים,180.00,100 גרם,false,,11.90,0.0661,true,1,48299
811146030390,false,סוכריות קשות לקקן בצורת שבשבת 12 יחי',פרימיום פודס,CN,סוכריות קשות בצורת ש,גרמים,180.00,100 גרם,false,,11.90,0.0661,true,1,48300
811146030666,false,לקקן טוויסטי פופ בור,פרימיום פודס,CN,לקקן טוויסטי פופ בור,גרמים,408.00,100 גרם,false,,29.90,0.0733,true,1,48192
811146030680,false,לקקן טוויסטי פופ עגו,פרימיום פודס,CN,לקקן טוויסטי פופ עגו,גרמים,408.00,100 גרם,false,,29.90,0.0733,true,1,48194
811146030697,false,לקקן טוויסטי פופ כוכ,פרימיום פודס,CN,לקקן טוויסטי פופ כוכ,Unknown,0.00,יחידה,false,,29.90,0.0000,true,1,48195
811146030741,false,לקקן בטעם פירות לוליפופ פשקס 6 יח,גואנגדונג צאואן פוד,CN,לקקן בטעם פירות לילו,גרמים,150.00,100 גרם,false,,11.90,0.0793,true,1,54613
811146031007,false,לקקן טוויסטי פופ לב,פרימיום פודס,CN,לקקן טוויסטי פופ לב,גרמים,408.00,100 גרם,false,,29.90,0.0733,true,1,63801
811146031397,false,ספין פופ לקקן סביבון,צ'אן אן צ'אונגטסוי פ,CN,ספין פופ לקקן סביבון,גרמים,156.00,100 גרם,false,,11.90,0.0763,true,1,64332
835811000068,false,מגבוני טואלט קשת 3*4,עלבד משואות יצחק,IL,מגבוני טואלט קשת 3*4,Unknown,0.00,יחידה,false,,11.90,0.0000,true,1,47517
835811000075,false,עדשים ירוקות הנמל 1.,הנמל,IL,עדשים ירוקות הנמל 1.,פריט,1.20,"ק""ג",false,,13.90,11.5833,true,1,51798
835811000099,false,עדשים אדומות הנמל 1.,הנמל,IL,עדשים אדומות הנמל 1.,פריט,1.20,"ק""ג",false,,13.90,11.5833,true,1,51799
835811000112,false,שעועית לחמין הנמל 1.,הנמל,IL,שעועית לחמין הנמל 1.,פריט,1.20,"ק""ג",false,,14.90,12.4167,true,1,51804
835811000136,false,"כוסמת הנמל 1.2 ק""ג",הנמל,IL,"כוסמת הנמל 1.2 ק""ג",פריט,1.20,"ק""ג",false,,12.90,10.7500,true,1,51800
835811000143,false,מפת ניילון בגליל 40 מטר הנמל,,IL,מפת ניילון בגליל 1.5,Unknown,0.00,יחידה,false,,29.90,0.0000,true,1,60788
835811000150,false,"בורגול הנמל 1.2 ק""ג",הנמל,IL,"בורגול הנמל 1.2 ק""ג",פריט,1.20,"ק""ג",false,,8.90,7.4167,true,1,51801
835811000174,false,שעועית לבנה הנמל 1.2,הנמל,IL,שעועית לבנה הנמל 1.2,פריט,1.20,"ק""ג",false,,13.90,11.5833,true,1,51805
835811000204,false,צמרוני אזניים עץ הנמ,גרנג יוניברס,CN,צמרוני אזניים עץ הנמ,Unknown,0.00,יחידה,false,,4.90,0.0000,true,1,46333
835811000228,false,"חומוס הנמל 1.2 ק""ג",הנמל,IL,"חומוס הנמל 1.2 ק""ג",פריט,1.20,"ק""ג",false,,13.90,11.5833,true,1,51809
835811000280,false,גריסי פנינה הנמל 1.2,הנמל,IL,גריסי פנינה הנמל 1.2,פריט,1.20,"ק""ג",false,,9.90,8.2500,true,1,51802
835811000303,false,"אפונה הנמל 1.2 ק""ג",הנמל,IL,"אפונה הנמל 1.2 ק""ג",פריט,1.20,"ק""ג",false,,8.90,7.4167,true,1,51803
835811000310,false,ספוג לניקוי קשת 4 יח,,IL,ספוג לניקוי קשת 4 יח,Unknown,0.00,יחידה,false,,10.90,0.0000,true,1,49059
835811000327,false,חומוס ענק הנמל 1.2 ק,הנמל,IL,חומוס ענק הנמל 1.2 ק,פריט,1.20,"ק""ג",false,,21.90,18.2500,true,1,51807
835811000334,false,ספוגיות לניקוי קשת 1,סדובסקי,IL,ספוגיות לניקוי קשת 1,Unknown,0.00,יחידה,false,,10.90,0.0000,true,1,49060
835811000341,false,"חיטה הנמל 1.2 ק""ג",הנמל,IL,"חיטה הנמל 1.2 ק""ג",פריט,1.20,"ק""ג",false,,8.90,7.4167,true,1,51808
835811000358,false,מטליות לניקוי כללי מ,סדובסקי,IL,מטליות לניקוי כללי מ,Unknown,0.00,יחידה,false,,19.90,0.0000,true,1,49649
835811000365,false,מטליות רצפה מיקרופיי,סדובסקי,IL,מטליות רצפה מיקרופיי,Unknown,0.00,יחידה,false,,29.90,0.0000,true,1,49650
835811000372,false,שקיות הקפאה למזון נשלף 100 יח',זמזמ תעשיות פלסטיק,IL,שקיות הקפאה עבות הנמ,Unknown,0.00,יחידה,false,,9.90,0.0000,true,1,44987
835811000396,false,נייר אפיה לתבנית מוארכת - מארז 30 ניירות,הנמל,CN,נייר אפיה לתבנית מאו,Unknown,0.00,יחידה,false,,9.90,0.0000,true,1,47792
835811000464,false,"תמצית מטעם רום 250 מ""ל הנמל",,IL,תמצית רום הנמל 250 מ,מיליליטרים,250.00,"100 מ""ל",false,,8.90,0.0356,true,1,45437
835811000471,false,"תמצית מטעם וניל 250 מ""ל",,IL,תמצית בטעם וניל הנמל,מיליליטרים,250.00,"100 מ""ל",false,,8.90,0.0356,true,1,45438
835811000501,false,סירופ מייפל טהור 100% 250 גר',פרסטייל מייפל,CA,סירופ מייפל 100% דלי,גרמים,250.00,100 גרם,false,,19.90,0.0796,true,1,63559
835811000518,false,תמצית וניל טהור הנמל,,IL,תמצית וניל טהור הנמל,מיליליטרים,29.00,"100 מ""ל",false,,21.90,0.7552,true,1,63663
835811000549,false,מגבוני טואלט מועשר ב,עלבד משואות יצחק,IL,מגבוני טואלט מועשר ב,Unknown,0.00,יחידה,false,,11.90,0.0000,true,1,64065
835811000693,false,כוסיות לחיים מרובעות,ביירט,CN,כוסיות לחיים מרובעות,Unknown,0.00,יחידה,false,,17.90,0.0000,true,1,46759
835811000709,false,מטליות לניקוי רצפה ק,,,מטליות לניקוי רצפה ק,Unknown,0.00,יחידה,false,,6.90,0.0000,true,1,46351
835811000723,false,נרות חימום 100 יח הנ,מולר פבריקה נרות,PL,נרות חימום 100 יח הנ,Unknown,0.00,יחידה,false,,17.90,0.0000,true,1,46334
835811000730,false,גליליות וופל למילוי 15 יח` 150 גר`**ללא החזרות**,גילרו,IL,מארז גליליות הנמל למ,גרמים,150.00,100 גרם,false,,14.90,0.0993,true,1,47087
835811000747,false,מזלגות איכותיות קרם,מיקרו,TR,מזלגות איכותיות קרם,Unknown,0.00,יחידה,false,,26.90,0.0000,true,1,46830
835811000754,false,כפות איכותיות קרם בל,מיקרו,TR,כפות איכותיות קרם בל,Unknown,0.00,יחידה,false,,26.90,0.0000,true,1,46831
835811000761,false,כפיות איכותיות קרם ב,מיקרו,TR,כפיות איכותיות קרם ב,Unknown,0.00,יחידה,false,,26.90,0.0000,true,1,46832
835811000778,false,סכינים איכותיים קרם,מיקרו,TR,סכינים איכותיים קרם,Unknown,0.00,יחידה,false,,26.90,0.0000,true,1,46833
835811000785,false,מזלגות איכותיות שקוף,מיקרו,TR,מזלגות איכותיות שקוף,Unknown,0.00,יחידה,false,,26.90,0.0000,true,1,46834
835811000792,false,כפות איכותיות שקוף ב,מיקרו,TR,כפות איכותיות שקוף ב,Unknown,0.00,יחידה,false,,26.90,0.0000,true,1,46835
835811000808,false,כפיות איכותיות שקוף,מיקרו,TR,כפיות איכותיות שקוף,Unknown,0.00,יחידה,false,,26.90,0.0000,true,1,46836
835811000815,false,סכינים איכותיים שקוף,מיקרו,TR,סכינים איכותיים שקוף,Unknown,0.00,יחידה,false,,26.90,0.0000,true,1,46829
835811000860,false,מפיות מודפסות תלת שכ,דקו פרינט,DE,מפיות מודפסות תלת שכ,Unknown,0.00,יחידה,false,,9.90,0.0000,true,1,48627
835811000907,false,כוסות יין מעוטרות כס,,TR,כוסות יין מעוטרות כס,Unknown,0.00,יחידה,false,,7.90,0.0000,true,1,52347
835811001096,false,סוכריות לקישוט מיני,ממתקי עלה,IL,סוכריות לקישוט מיני,גרמים,400.00,100 גרם,false,,17.90,0.0447,true,1,49304
835811001232,false,"נייר אפיה לתבנית עגולה 26 ס""מ - מארז 10 ניירות",האנג טונג,CN,נייר אפיה לתבנית עגו,Unknown,0.00,יחידה,false,,9.90,0.0000,true,1,55223
835811001300,false,סט אירוח צלחות ונציה,מיקרון מקינה,TR,סט אירוח צלחות ונציה,Unknown,0.00,יחידה,false,,36.90,0.0000,true,1,52147
835811001317,false,סט צלחות שטוחות נצנצ,מיקרון מקינה,TR,סט צלחות שטוחות נצנצ,Unknown,0.00,יחידה,false,,36.90,0.0000,true,1,52148
835811001324,false,סט מרקיות ולפתניות צ,מיקרון מקינה,TR,סט מרקיות ולפתניות צ,Unknown,0.00,יחידה,false,,34.90,0.0000,true,1,53006
835811001355,false,כוסות מרובעות בלו שי,בי רייט,CN,כוסות מרובעות בלו שי,Unknown,0.00,יחידה,false,,29.90,0.0000,true,1,52459
835811001409,false,"תבנית ח""פ עבה רוסטר",אופל אריזות בעמ,IL,"תבנית ח""פ עבה רוסטר",Unknown,0.00,יחידה,false,,19.90,0.0000,true,1,55493
835811001416,false,"תבנית ח""פ עבה לחלה 1",אופל אריזות בעמ,IL,"תבנית ח""פ עבה לחלה 1",Unknown,0.00,יחידה,false,,19.90,0.0000,true,1,55494
835811001423,false,"תבנית ח""פ עבה רוסטר",אופל אריזות בעמ,IL,"תבנית ח""פ עבה רוסטר",Unknown,0.00,יחידה,false,,19.90,0.0000,true,1,55495
835811001430,false,"תבנית ח""פ עבה רוסטר",אופל אריזות בעמ,IL,"תבנית ח""פ עבה רוסטר",Unknown,0.00,יחידה,false,,19.90,0.0000,true,1,55496
835811001454,false,גפרורים ארוך מאוד הנ,נור,SE,גפרורים ארוך מאוד הנ,Unknown,0.00,יחידה,false,,9.90,0.0000,true,1,55779
835811001461,false,גפרורים בינוני הנרות,,IL,גפרורים בינוני הנרות,Unknown,0.00,יחידה,false,,5.90,0.0000,true,1,56256
835811001621,false,"קינואה הנמל 1.2 ק""ג",הנמל,IL,"קינואה הנמל 1.2 ק""ג",פריט,1.20,"ק""ג",false,,19.90,16.5833,true,1,54588
835811001713,false,"נילון נצמד 150 מ' רוחב 30 ס""מ",ווינפאק סחר בעמ,IL,ניילון נצמד הנמל 150,מטרים,150.00,מטר,false,,14.90,0.0993,true,1,16478
835811001812,false,כוס קינוח אלגנטית 12 יח' +מכסה 60 CC,,,כוס קינוח אלגנטית +,Unknown,0.00,יחידה,false,,11.90,0.0000,true,1,14519
835811001935,false,קוקטים לאפיה 5.5 אוז 50 יח',בי רייט,CN,תבניות אישיות לאפיה,Unknown,0.00,יחידה,false,,6.90,0.0000,true,1,18952
835811002239,false,מאפינס צבעוני מס' 3 הנמל 200 יח',יונק,,מאפינס צבעוני 200 יח,Unknown,0.00,יחידה,false,,8.90,0.0000,true,1,25116
835811002246,false,מאפינס צבעוני מס' 2 הנמל 200 יח',יונק,,מאפינס צבעוני 200 יח,Unknown,0.00,יחידה,false,,7.90,0.0000,true,1,25115
835811002253,false,מאפינס צבעוני מס' 1.5 הנמל 200 יח',יונק,,מאפינס צבעוני 200 יח,Unknown,0.00,יחידה,false,,6.90,0.0000,true,1,25114
835811002277,false,"שיפודים במבוק עבים 35 ס""מ 50 יח'",גרנג יוניברס,CN,שיפודי במבוק עבים הנ,Unknown,0.00,יחידה,false,,5.90,0.0000,true,1,56663
835811002406,false,מטליות רצפה מותאם למ,עופרטקס תעשיות 1997,IL,מטליות רצפה מותאם למ,Unknown,0.00,יחידה,false,,19.90,0.0000,true,1,19400
835811002451,false,נרות צבעוני 6 שעות 2,מולר פבריקה נרות,PL,נרות צבעוני 6 שעות 2,Unknown,0.00,יחידה,false,,12.90,0.0000,true,1,17979
835811002628,false,ופל קראנץ עלמה 60 יח,גילרו,IL,ופל קראנץ עלמה 60 יח,גרמים,720.00,100 גרם,false,,17.90,0.0249,true,1,53913
835811002703,false,סט אירוח צלחות ונציה,מיקרון מקינה,TR,סט אירוח צלחות ונציה,Unknown,0.00,יחידה,false,,36.90,0.0000,true,1,54917
835811002970,false,סט אירוח צלחות ונציה,מיקרון מקינה,TR,סט אירוח צלחות ונציה,Unknown,0.00,יחידה,false,,36.90,0.0000,true,1,56039
835811002987,false,סט אירוח צלחות ונציה,מיקרון מקינה,TR,סט אירוח צלחות ונציה,Unknown,0.00,יחידה,false,,36.90,0.0000,true,1,56040
835811003014,false,כפפות TPE כחול 100 י,מוטלו,CN,כפפות TPE כחול 100 י,Unknown,0.00,יחידה,false,,4.90,0.0000,true,1,62311
835811003021,false,כפפות TPE כחול 100 י,מוטלו,CN,כפפות TPE כחול 100 י,Unknown,0.00,יחידה,false,,4.90,0.0000,true,1,62312
835811003038,false,כפפות TPE כחול 100 י,מוטלו,CN,כפפות TPE כחול 100 י,Unknown,0.00,יחידה,false,,4.90,0.0000,true,1,62313
835811003106,false,כפות הגשה שקוף 10 יח' הנמל,מיקרון מקינה,TR,כפות הגשה מפלסטיק שק,Unknown,0.00,יחידה,false,,12.90,0.0000,true,1,60822
835811003113,false,מזלגות איכותיות שקוף,מיקרו,TR,מזלגות איכותיות שקוף,Unknown,0.00,יחידה,false,,26.90,0.0000,true,1,57209
835811003120,false,כפות איכותיות שקוף נ,מיקרו,TR,כפות איכותיות שקוף נ,Unknown,0.00,יחידה,false,,26.90,0.0000,true,1,57210
835811003137,false,כפיות איכותיות שקוף,מיקרו,TR,כפיות איכותיות שקוף,Unknown,0.00,יחידה,false,,26.90,0.0000,true,1,57207
835811003144,false,סכינים איכותיים שקוף,מיקרו,TR,סכינים איכותיים שקוף,Unknown,0.00,יחידה,false,,26.90,0.0000,true,1,57208
835811003199,false,נייר אפיה לתבנית מרובע 6X32 16 יח',,CN,נייר אפיה לתבנית מלב,Unknown,0.00,יחידה,false,,17.90,0.0000,true,1,58087
835811003328,false,"תבנית ח""פ עבות במיוח",,IL,"תבנית ח""פ עבות במיוח",Unknown,0.00,יחידה,false,,44.90,0.0000,true,1,59856
835811003601,false,מקלוני כותנה לתינוק 90 יח`,ספה,TR,צמרוני אוזניים לתינו,Unknown,0.00,יחידה,false,,5.90,0.0000,true,1,36234
835811003670,false,סירופ בטעם שוקולד 60,O.S,,סירופ בטעם שוקולד 60,גרמים,600.00,100 גרם,false,,9.90,0.0165,true,1,31593
835811003694,false,מזוודה טישו משי הנמל 140*10 יח',לילה,TR,טישו הנמל 10*140 יח,Unknown,0.00,יחידה,false,,23.90,0.0000,true,1,31217
835811003700,false,סודה לשתייה הנמל 250,"פוליבה בע""מ",IL,סודה לשתייה הנמל 250,גרמים,250.00,100 גרם,false,,5.90,0.0236,true,1,50846
835811003878,false,"שקיות אשפה עם ידיות 50*70 ס""מ 40 יח'",זמזמ תעשיות פלסטיק,IL,שקיות אשפה עם ידיות,Unknown,0.00,יחידה,false,,11.90,0.0000,true,1,28938
835811004189,false,פרורי לחם מוזהבים בתוספת שומשום 800 גר',הנמל,IL,פירורי לחם מוזהבים ה,גרמים,800.00,100 גרם,false,,9.90,0.0124,true,1,64123
835811004202,false,מפות ניילון עבות הנמ,זמזמ תעשיות פלסטיק,IL,מפות ניילון עבות הנמ,Unknown,0.00,יחידה,false,,9.90,0.0000,true,1,34832
835811004219,false,מפות שולחן ניילון עבה הנמל 8 יח',זמזמ תעשיות פלסטיק,IL,מפות ניילון עבות הנמ,Unknown,0.00,יחידה,false,,9.90,0.0000,true,1,34833
835811004226,false,מפת ניילון בגליל 45 מטר,,IL,מפת ניילון בגליל 45,Unknown,0.00,יחידה,false,,29.90,0.0000,true,1,55864
835811004233,false,מפות ניילון 18 יח ה,זמזמ תעשיות פלסטיק,IL,מפות ניילון 18 יח ה,Unknown,0.00,יחידה,false,,16.90,0.0000,true,1,37291
835811004240,false,מפות ניילון 22 יח הנ,זמזמ תעשיות פלסטיק,IL,מפות ניילון 22 יח הנ,Unknown,0.00,יחידה,false,,16.90,0.0000,true,1,37290
835811004257,false,"רדיד אלומיניום 45 ס""מ 30 מטר 16 מיקרון",גי.טי,CN,נייר אלומיניום הנמל,מטרים,30.00,מטר,false,,19.90,0.6633,true,1,34892
835811004271,false,סלטינה אמריקאית 100 יח',ביירט,CN,צלחות סלטינה אמריקאי,Unknown,0.00,יחידה,false,,20.90,0.0000,true,1,43332
835811004400,false,סילאן לחיץ הנמל 800,פוליבה,IL,סילאן לחיץ הנמל 800,גרמים,800.00,100 גרם,false,,11.90,0.0149,true,1,35400
835811004417,false,ריבת חלב הנמל 340 גר,,,ריבת חלב הנמל 340 גר,גרמים,340.00,100 גרם,false,,11.90,0.0350,true,1,48778
835811004424,false,חלב מרוכז 340 גר פוליבה,פוליבה בעמ,IL,חלב מרוכז הנמל 340 ג,גרמים,340.00,100 גרם,false,,11.90,0.0350,true,1,37996
835811004523,false,קשים מיוחדים לשייק 75 יח הנמל,,CN,קשים לשייק הנמל 75 י,Unknown,0.00,יחידה,false,,6.90,0.0000,true,1,44382
835811004653,false,"תבנית אלומ` עבה משפחתית4 יח` 32X26 ס""מ",,,"תבניות ח""פ הנמל 4 יח",Unknown,0.00,יחידה,false,,8.90,0.0000,true,1,43333
835811004660,false,עטרות אלו` 1.50 לאפייה 100 יח כסף /זהב,הנג טון,CN,מנגטים לאפייה כסף/ז,Unknown,0.00,יחידה,false,,4.90,0.0000,true,1,4854
835811004677,false,הנמל עטרות אלומיניום מס.4 100יח,הנג טון,CN,מנגטים לאפייה כסף/זה,Unknown,0.00,יחידה,false,,8.90,0.0000,true,1,4857
835811004684,false,עטרות אלו` 3 לאפייה 100 יח` כסף /זהב,הנג טון,CN,מנגטים לאפייה כסף/זה,Unknown,0.00,יחידה,false,,6.90,0.0000,true,1,4856
835811004691,false,עטרות אלו` 2 לאפייה 100 יח` כסף/זהב,הנג טון,CN,מנגטים לאפייה כסף/זה,Unknown,0.00,יחידה,false,,5.90,0.0000,true,1,4855
835811004943,false,קעריות קסרול שקופות,אינפלסטיק בעמ,IL,קסרול שקוף אלגנט 10,Unknown,0.00,יחידה,false,,10.90,0.0000,true,1,4283
835811005025,false,סיר אלומיניום בינוני+מכסה 2יח 3.85 ליטר,קינפויל גאנגזו,CN,סיר אלומיניום בינוני,Unknown,0.00,יחידה,false,,14.90,0.0000,true,1,4137
835811005247,false,קערות מהודרות משובחות ואיכותיות,הנג טונג,CN,קערה שקופה 4 יח 4 או,Unknown,0.00,יחידה,false,,7.90,0.0000,true,1,6011
835811005421,false,"שיפודים עבים 25 ס""מ 75 יח` הנמל",שוורצקוף& הנקל דיסלד,IN,"שיפודים עבים 25 ס""מ",Unknown,0.00,יחידה,false,,2.50,0.0000,true,1,5206
835811005704,false,נייר עטיפה לכריכים 1,טופ פלסט 2002 בעמ,IL,נייר עטיפה לכריכים 1,Unknown,0.00,יחידה,false,,8.90,0.0000,true,1,4483
835811005728,false,עלים לקרמשניט 400 גר`,רונית מאפים בעמ,IL,עלים לקרמשניט 400 גר,גרמים,400.00,100 גרם,false,,14.90,0.0373,true,1,7866
835811005735,false,כריות לכלים הנמל 12,סדובסקי,IL,כריות לכלים הנמל 12,Unknown,0.00,יחידה,false,,9.90,0.0000,true,1,7437
835811005773,false,מטליות לניקוי אבק הנ,מ.א.יצור ויבוא מטליו,IL,מטליות לניקוי אבק הנ,Unknown,0.00,יחידה,false,,19.90,0.0000,true,1,7433
835811005803,false,שקיות אשפה עם ידיות 25 יח' X90-מרכז,תעשיות והשקעה אל רסא,IL,שקיות אשפה עם ידיות,Unknown,0.00,יחידה,false,,11.90,0.0000,true,1,11352
835811006046,false,ליפתן אמרקאיות 5 אונז` 100 יח`,בי רייט,CN,לפתניות אמריקאיות 10,Unknown,0.00,יחידה,false,,17.90,0.0000,true,1,7293
835811006176,false,כוס קינוח קריסטל 24 יח' 60 CC,מיקרון מקינה,TR,כוס קינוח קריסטלי 60,Unknown,0.00,יחידה,false,,14.90,0.0000,true,1,6590
835811006183,false,כוס קינוח קריסטל 24 יח` 120 C,מיקרון מקינה,TR,כוס קינוח קריסטלי 12,Unknown,0.00,יחידה,false,,14.90,0.0000,true,1,6589
835811006497,false,אבקת סוכר הנמל 500גר,ר.ס. חברה ליבוא ויצו,IL,אבקת סוכר הנמל 500 ג,גרמים,500.00,100 גרם,false,,6.90,0.0138,true,1,16404
835811006534,false,"כוסות קרטון לשתיה חמה 475 מ""ל",הנמל,CN,כוסות נייר 50 יח 16,Unknown,0.00,יחידה,false,,22.90,0.0000,true,1,10671
835811006763,false,הנמל תבניות אלומיניום לאפייה אישיות 20 יח,האנוי ואיוין אינטרנש,CN,"תבניות ח""פ לאפיה איש",Unknown,0.00,יחידה,false,,5.90,0.0000,true,1,8514
835811007166,false,כוסות חד פעמיות מקרטון עם מכסה פלסטיק,הנג טונג,IL,כוסות לקפה + מכסה 16,Unknown,0.00,יחידה,false,,12.90,0.0000,true,1,2190
835811007494,false,גלטין טהור מדגים 2 יח` 14 X גר`,ג'ליס פיוניר,IL,אבקת גלטין טהור הנמל,גרמים,28.00,100 גרם,false,,8.90,0.3179,true,1,2192
835811007562,false,תבניות קרטון אינגליש קייק 6יח` ארוז 29X9X6,דוקרט תעשיית אריזות,IL,תבניות קרטון אינגליש,Unknown,0.00,יחידה,false,,8.90,0.0000,true,1,2193
835811007661,false,שקיות הקפאה 200 יחידות,סאם גלובל תורכיה,CN,שקיות הקפאה הנמל 200,Unknown,0.00,יחידה,false,,6.90,0.0000,true,1,2194
835811007678,false,שקיות אוכל הנמל 200 יח',סאם גלובל תורכיה,CN,שקיות אוכל הנמל 200,Unknown,0.00,יחידה,false,,2.80,0.0000,true,1,2195
835811008132,false,כריות מתכת בגליל 6יח,שוורצקוף& הנקל דיסלד,CN,ספוג מתכת הנמל 6 יח,Unknown,0.00,יחידה,false,,9.90,0.0000,true,1,2197
835811008347,false,גפרור ארוך מאוד להבי,הנמל,SE,גפרורים ענק הנרות,Unknown,0.00,יחידה,false,,3.90,0.0000,true,1,2201
835811008606,false,"סיר אלומיניום ומכסה ח""פ הנמל 3 יח'",קינפויל/גאנגזו,CN,סיר אלומיניום 3 יחיד,Unknown,0.00,יחידה,false,,12.90,0.0000,true,1,2482
835811008729,false,צלחות ענק אמריקאיות הנמל 100 יח,בי רייט,CN,צלחות אמריקאיות ענק,Unknown,0.00,יחידה,false,,59.90,0.0000,true,1,3968
835811008736,false,"צלחות אמרקאיות גדול ח""פ 100 יח'",בי רייט,CN,צלחות אמריקאיות גדול,Unknown,0.00,יחידה,false,,48.90,0.0000,true,1,3407
835811008774,false,"צלחות אמריקאיות 7"" קטן ח""פ 100 יח'",בי רייט,CN,צלחות אמריקאיות קטנו,Unknown,0.00,יחידה,false,,29.90,0.0000,true,1,3406
835811008781,false,"מרקיות אמריקאיות 12OZ ח""פ 100 יח'",בי רייט,CN,"מרקיות אמריקאיות ח""פ",Unknown,0.00,יחידה,false,,29.90,0.0000,true,1,3405
835811008910,false,לפתניות הגשה 8 יח',בי רייט,CN,לפתניות הגשה 8 יח',Unknown,0.00,יחידה,false,,7.90,0.0000,true,1,2478
835811008996,false,"כוסות חד פעמי קרטון 295 מ""ל",הנמל,CN,כוסות נייר 50 יח 300,Unknown,0.00,יחידה,false,,13.90,0.0000,true,1,2475
835811009016,false,"כוסות אספרסו 120 מ""ל",הנמל,CN,כוסות נייר 50 יח 120,Unknown,0.00,יחידה,false,,6.90,0.0000,true,1,2476
835811009139,false,"לפתניות מרובעות ח""פ הנמל 10 יח'",בי רייט,CN,לפתניות מרובע קטן 10,Unknown,0.00,יחידה,false,,9.90,0.0000,true,1,2491
835811009443,false,מפיות מודפסות תלת שכ,גאט פיפר,DE,מפיות מודפסות תלת שכ,Unknown,0.00,יחידה,false,,5.90,0.0000,true,1,2206
838948000048,false,ממרח שוקולד אגוזים ש,SHNEIDER'S,NL,ממרח שוקולד אגוזים ש,גרמים,700.00,100 גרם,false,,19.90,0.0284,true,1,15697
838948007580,false,שוקולד שניידרס מריר,שניידרס,FR,שוקולד שניידרס מריר,גרמים,100.00,100 גרם,false,,8.90,0.0890,true,1,12976
838948007597,false,שוקולד שניידרס חלב ש,שניידרס,FR,שוקולד שניידרס חלב ש,גרמים,100.00,100 גרם,false,,8.90,0.0890,true,1,12978
838948008563,false,שוקולד שניידרס מריר,שניידרס,FR,שוקולד שניידרס מריר,גרמים,100.00,100 גרם,false,,8.90,0.0890,true,1,12972
838948008969,false,קרקר יו מרובע שניידר,שניידרס,FR,קרקר יו מרובע שניידר,גרמים,300.00,100 גרם,false,,9.90,0.0330,true,1,37847
844510012104,false,יין רמת יהודה קברנה,אגדת,IL,יין רמת יהודה קברנה,מיליליטרים,750.00,"100 מ""ל",false,,69.90,0.0932,true,1,52081
844510012111,false,יין רמת יהודה קברנה,אגדת,IL,יין רמת יהודה קברנה,מיליליטרים,750.00,"100 מ""ל",false,,69.90,0.0932,true,1,52082
844510012128,false,יין רמת יהודה מרלו,אגדת,IL,יין רמת יהודה מרלו,מיליליטרים,750.00,"100 מ""ל",false,,69.90,0.0932,true,1,52083
844510013125,false,יין ירושלים הילס מרל,אגדת,IL,יין ג'רוזלם הילז מרל,מיליליטרים,750.00,"100 מ""ל",false,,39.90,0.0532,true,1,52068
844510013187,false,יין ירושלים הילס מוס,אנטי פוד משקאות,IL,יין ג'רוזלם הילז מוס,מיליליטרים,750.00,"100 מ""ל",false,,39.90,0.0532,true,1,60038
844510013200,false,יין ירושלים הילס רוז,אנטי פוד משקאות,IL,יין ג'רוזלם הילז רוז,מיליליטרים,750.00,"100 מ""ל",false,,39.90,0.0532,true,1,60039
844510013248,false,יין ירושלים הילס ריז,אנטי פוד משקאות,IL,יין ג'רוזלם הילז ריז,מיליליטרים,750.00,"100 מ""ל",false,,39.90,0.0532,true,1,60040
850008847257,false,יין טברנקל קברנה סוב,יקב טרנקבל,IL,יין טברנקל קברנה סוב,מיליליטרים,750.00,"100 מ""ל",false,,89.90,0.1199,true,1,61473
850008847264,false,יין טברנקל שהם 2019,יקב טרנקבל,IL,יין טברנקל שהם 2019,מיליליטרים,750.00,"100 מ""ל",false,,89.90,0.1199,true,1,61474
854928007067,false,שוקולד מריר 41% רוקה,מאונטיין צוקולט ק.פ.,HK,שוקולד מריר 41% רוקה,גרמים,600.00,100 גרם,false,,14.90,0.0248,true,1,53274
856591000055,false,עוגיות מזרחיות קריספי שרוף במיוחד,עבאדי,IL,עוגיות מזרחיות קריספ,גרמים,400.00,100 גרם,false,,16.90,0.0422,true,1,48196
856591000062,false,עוגיות מזרחיות מלח 400 ג' עבאדי,מאפיית יוסף ושמחה עב,IL,עוגיות מזרחיות מלח ע,גרמים,400.00,100 גרם,false,,16.90,0.0422,true,1,32249
856591000109,false,עבאדי עוגיות מזרחיות פריכות 400ג',מאפיית יוסף ושמחה עב,IL,עוגיות מזרחיות פריכו,גרמים,400.00,100 גרם,false,,16.90,0.0422,true,1,48177
856591000512,false,עוגיות עבאדי מיני מזרחי מקלות 400ג',מאפיית יוסף ושמחה עב,IL,עוגיות מזרחיות מקלונ,גרמים,400.00,100 גרם,false,,16.90,0.0422,true,1,54595
856591000949,false,עבאדי קטנטנים מאפה חיטה מלוח 350ג גר',עבאדי,IL,עוגיות קטנטנים עבאדי,גרמים,350.00,100 גרם,false,,16.90,0.0483,true,1,59490
856591000970,false,מאפה חיטה מקלונים - חריף 400 גרם,עבאדי,IL,עוגיות מזרחיות מקלונ,גרמים,400.00,100 גרם,false,,16.90,0.0422,true,1,63096
884912117625,false,דגני שלווה מצופים בדבש Golden Crisp,הנסיך- מפעל לייצור ט,US,דגני בוקר גולדן קריס,גרמים,418.00,100 גרם,false,,19.90,0.0476,true,1,62983
884912359155,false,HBO פתיתי תירס חיטה ושיבולת שועל רוסטד 340 גרם,פוסט לקיוויל,US,דגני בוקר האני בנצ',גרמים,340.00,100 גרם,false,,21.90,0.0644,true,1,62986
884912359414,false,דגני בוקר האני באנצס קינמון 340 ג' POST,פוסט לקיוויל,US,דגני בוקר האני בנצ',גרמים,340.00,100 גרם,false,,21.90,0.0644,true,1,62988
884912359421,false,דגני בוקר האני באנצס פקאן ומייפל 340 ג' POST,פוסט לקיוויל,US,דגני בוקר האני בנצ',גרמים,340.00,100 גרם,false,,21.90,0.0644,true,1,62989
884912365200,false,דגני בוקר אוראו הדור הבא 311 ג',פוסט לקיוויל,US,דגני בוקר עם פירורי,גרמים,311.00,100 גרם,false,,19.90,0.0640,true,1,63087
884912378118,false,דגני בוקר רייזן ברן,פוסט לקיוויל,US,דגני בוקר רייזן ברן,גרמים,471.00,100 גרם,false,,22.90,0.0486,true,1,62985
3014260022730,false,אורל בי אדוונטג' זוג 40 מדיום,פרוקטר אנד גמבל,DE,מברשת אורל בי אדוונט,Unknown,0.00,יחידה,false,,16.90,0.0000,true,1,13755
3035542001908,false,ליקר קואנטרו 1 ליטר,קואנטרו,FR,ליקר קואנטרו 1 ליטר,קילוגרמים,1.00,ליטר,false,,119.90,119.9000,true,1,51636
3059944021197,false,"ויט קרם הסרת שיער לעור רגיש - 400 מ""ל",רקיט בנקיזר,FR,קרם להסרת שיער ויט 4,מיליליטרים,400.00,"100 מ""ל",false,,47.90,0.1197,true,1,57259
3069900201327,false,זיתים שחורים יבשים 4,,,זית שחור יבש בשקית 4,גרמים,400.00,100 גרם,false,,10.90,0.0273,true,1,30544
3141360054405,false,פיניש מפיץ ריח למדיח בניחוח לימון וליים,הדקלאים אגודת שיתופי,PL,מפיג ריח פיניש לימון,Unknown,0.00,יחידה,false,,14.90,0.0000,true,1,25545
3387390320244,false,פיטנס Fitness דגנים מלאים עם פירות,נסטלה צרפת איטנקורט,FR,דגני בוקר פיטנס עם פ,גרמים,375.00,100 גרם,false,,19.90,0.0531,true,1,48228
3387390525960,false,קראנץ' Crunch דגנים פריכים עם שוקולד,הנסיך- מפעל לייצור ט,FR,דגני בוקר קראנצ 500,גרמים,500.00,100 גרם,false,,19.90,0.0398,true,1,48560
3566761006110,false,יין לה בומון שאבלי ל,יקב לואיס פסקו,FR,יין לה בומון שאבלי ל,מיליליטרים,750.00,"100 מ""ל",false,,99.90,0.1332,true,1,61172
3566761006127,false,יין דומיין בורגון שר,,IL,יין דומיין בורגון שר,מיליליטרים,750.00,"100 מ""ל",false,,99.90,0.1332,true,1,62245
3574660058857,false,"שמן לתינוק גונסון 500 מ""ל",גונסון אנד גונסון,IT,שמן גונסונס בייבי 50,גרמים,500.00,100 גרם,false,,29.90,0.0598,true,1,45062
3574660089547,false,או-בה טמפונים קלאסי נורמל 32יח',ג'ונסון אנד ג'ונסון,GR,טמפונים אובה פרוקומפ,Unknown,0.00,יחידה,false,,19.90,0.0000,true,1,5720
3574660115154,false,או-בה טמפונים קלאסי סופר 32יח',ג'ונסון אנד ג'ונסון,IT,טמפונים אובה פרוקומפ,Unknown,0.00,יחידה,false,,19.90,0.0000,true,1,5722
3574660239829,false,ניוטרגינה ס.נורבגית קרם ידיים קל 75מל,ניוטרוג'ינה Neutrogena,FR,קרם ידיים ניוטרוג'ינ,מיליליטרים,75.00,"100 מ""ל",false,,19.90,0.2653,true,1,64013
3574660464337,false,מגני תחתון קרפרי נורמל אוורירי מבושם,ג'ונסון אנד ג'ונסון,IT,מגן תחתון קרפרי נורמ,Unknown,0.00,יחידה,false,,19.90,0.0000,true,1,13752
3574660464368,false,קרפרי מגן תחתון אוורירי אלוורה 76 יח'',גונסון אנד גונסון,IT,מגן תחתון קרפרי אלוו,Unknown,0.00,יחידה,false,,19.90,0.0000,true,1,13753
3574660514643,false,נוטרוגינה קרם לחות עשיר 300 מל,ניוטרוג'ינה Neutrogena,FR,קרם לחות מרגיע ניוטר,מיליליטרים,300.00,"100 מ""ל",false,,19.90,0.0663,true,1,64022
3574660520132,false,ליסטרין מי פה קולמינט 1 ליטר-מרכז,גונסון אנד גונסון,IT,מי פה ליסטרין מנטה 1,קילוגרמים,1.00,ליטר,false,,24.90,24.9000,true,1,16137
3574661098531,false,ניוטרוגינה תחליב גוף מועשר לעור יבש/רגיש,ניוטרוג'ינה Neutrogena,GR,תחליב גוף ניוטרוג'ינ,מיליליטרים,400.00,"100 מ""ל",false,,19.90,0.0497,true,1,64016
3574661098937,false,ניוטריגינה ת.גוף עור יבש משאבה 400מל,ניוטרוג'ינה Neutrogena,GR,תחליב גוף ניוטרוג'ינ,מיליליטרים,400.00,"100 מ""ל",false,,19.90,0.0497,true,1,64017
3574661226491,false,ליסטרין - מי פה טוטאל קר 1 ליטר,גונסון אנד גונסון,IT,מי פה ליסטרין טוטאל,קילוגרמים,1.00,ליטר,false,,24.90,24.9000,true,1,55984
3574661487632,false,מגני תחתון פלוס לארג' בניחוח עדין L,קרפרי Carefree,IT,מגן תחתון קרפרי לארג,Unknown,0.00,יחידה,false,,19.90,0.0000,true,1,48002
3574661491950,false,מי פה ליסטרין הלבנה,גונסון אנד גונסון,IT,מי פה ליסטרין הלבנה,קילוגרמים,1.00,ליטר,false,,34.90,34.9000,true,1,59920
3574669907682,false,גונסונס בייבי טלק 500 ג',גונסון אנד גונסון,IT,טלק גונסונס בייבי 50,גרמים,500.00,100 גרם,false,,29.90,0.0598,true,1,46919
3574669907729,false,"גונסונס בייבי שמפו גולד 750 מ""ל",גונסון אנד גונסון,IT,שמפו גונסונס בייבי ג,מיליליטרים,750.00,"100 מ""ל",false,,17.90,0.0239,true,1,61613
3574669908665,false,גונסון בייבי אל סבון לפני שינה 750 חדש,גונסון אנד גונסון,IT,אל סבון לפני השינה ג,מיליליטרים,750.00,"100 מ""ל",false,,19.90,0.0265,true,1,46876
3574669908948,false,גונסון בייבי אל סבון לרחצה עדינה 750 חדש,גונסון אנד גונסון,IT,תחליב רחצה עדין גונס,מיליליטרים,750.00,"100 מ""ל",false,,17.90,0.0239,true,1,46877
3607343817547,false,"אדידס - דאודורנט ספריי לגבר קליימקול 150 מ""ל",קולפ,PT,דאו אדידס ספריי לגבר,מיליליטרים,150.00,"100 מ""ל",false,,11.90,0.0793,true,1,63456
3607349687458,false,"דאו' ספריי לגבר קול דריי פרש 150מ""ל",קולפ,PT,דאו אדידס ספריי לגבר,מיליליטרים,150.00,"100 מ""ל",false,,11.90,0.0793,true,1,63457
3614223736003,false,"אדידס - דאודורנט ספריי לגבר אדיפיור 150 מ""ל",איגפק אס.איי,PT,דאו אדידס ספריי לגבר,מיליליטרים,150.00,"100 מ""ל",false,,11.90,0.0793,true,1,63458
3661163991146,false,"אדידס - דאודורנט ספריי לאישה קול אנד קר פרש 150 מ""ל",מיוצר עי קונדיטוריית,PT,דאו אדידס ספריי לאיש,מיליליטרים,150.00,"100 מ""ל",false,,11.90,0.0793,true,1,63454
3661163991344,false,"אדידס דאודורנט ספריי מקס פרו-קליר לאישה 150 מ""ל",מיוצר עי קונדיטוריית,PT,דאו אדידס ספריי לאיש,מיליליטרים,150.00,"100 מ""ל",false,,11.90,0.0793,true,1,63455
3760262540009,false,יין נדיב ראשית 2018,יקב רקאנטי,IL,יין נדיב ראשית 2018,מיליליטרים,750.00,"100 מ""ל",false,,74.90,0.0999,true,1,52414
4001432773230,false,יין בלו נאן בלו וויי,יקב רמת הגולן,DE,יין בלו ווין מוסקטו,מיליליטרים,750.00,"100 מ""ל",false,,44.90,0.0599,true,1,60757
4002448017684,false,"סיליט באנג ספריי רב שימושי כתום 750 מ""ל",הדקלאים אגודת שיתופי,PL,תרסיס סיליט באנג 750,מיליליטרים,750.00,"100 מ""ל",false,,12.50,0.0167,true,1,18545
4002448019480,false,"סיליט באנג ספריי מסיר שומנים 750 מ""ל",סיליט באנג Cillit Bang,PL,תרסיס סיליט באנג מסי,מיליליטרים,750.00,"100 מ""ל",false,,12.50,0.0167,true,1,18546
4002631025069,false,בירה גרמנית קוניגסבכר Konigsbacher,קרלסברג יבוא יצוא,DE,בירה קוניגסבכר פילס,מיליליטרים,500.00,"100 מ""ל",false,,5.90,0.0118,true,1,57799
4002631025830,false,בירה קוניגסבכר חיטה,קרלסברג יבוא יצוא,DE,בירה קוניגסבכר חיטה,מיליליטרים,500.00,"100 מ""ל",false,,5.90,0.0118,true,1,57800
4008287051032,false,"פחית בירה קרומבאכר פילס 500 מ""ל",מנדלז סי.אר. פרודקשן,DE,בירה קרומבאכר פילס פ,מיליליטרים,500.00,"100 מ""ל",false,,9.90,0.0198,true,1,55832
4008287058161,false,בירה קרומבאכר פילס 4.8% שישיה 6 * 330 מל,מנדלז סי.אר. פרודקשן,DE,מארז בירה קרומבאכר פ,קילוגרמים,1.98,ליטר,false,,29.90,15.1010,true,1,55835
4008287762020,false,"בירה קרומבאכר חיטה 500 מ""ל",קרומבכר Krombacher,IL,בירה קרומבאכר חיטה ב,מיליליטרים,500.00,"100 מ""ל",false,,9.90,0.0198,true,1,55833
4008287905786,false,"קרומבאכר חיטה פחית בודד 500 מ""ל",מנדלז סי.אר. פרודקשן,DE,בירה קרומבאכר חיטה פ,מיליליטרים,500.00,"100 מ""ל",false,,9.90,0.0198,true,1,55834
4008496884896,false,מארז 10 סוללות ורטה,,,מארז 10 סוללות ורטה,Unknown,0.00,יחידה,false,,14.90,0.0000,true,1,51771
4008496927364,false,מארז 10 סוללות VARTA AAA -חדש,,,מארז 10 סוללות ורטה,Unknown,0.00,יחידה,false,,14.90,0.0000,true,1,51772
4008535095351,false,בננית מצופה שוקולד ש,שקדיה,IL,בננית מצופה שוקולד ש,גרמים,300.00,100 גרם,false,,12.90,0.0430,true,1,57764
4009300522935,false,תה פומפדור תה ירוק לימונית ולואיזה 20 יח',"איטיליאן פוד, אס.פי.",DE,תה ירוק פומפדור לימו,גרמים,30.00,100 גרם,false,,14.90,0.4967,true,1,9387
4009300522966,false,פומפדור תה ירוק נענע 20 שקיקים,"איטיליאן פוד, אס.פי.",DE,תה ירוק פומפדור נענע,גרמים,30.00,100 גרם,false,,14.90,0.4967,true,1,9386
4009300524588,false,תה פומפדור חליטת צמחים פירות יער 20 יח',פומפדור Pompadour,DE,חליטת צמחים פומפדור,גרמים,60.00,100 גרם,false,,11.90,0.1983,true,1,9383
4009300524625,false,תה פומפדור צאי מסאלה 20 שקיקים,פומפדור Pompadour,DE,תה פומפדר צאי מסאלה,גרמים,40.00,100 גרם,false,,11.90,0.2975,true,1,16539
4009300525011,false,פומפידור תה ירוק עם תפוז וג'ינגר 25 שקיקים,"איטיליאן פוד, אס.פי.",DE,תה ירוק פומפדור תפוז,גרמים,30.00,100 גרם,false,,14.90,0.4967,true,1,16541
4009300525684,false,חליטת צמחים ג'ינג'ר לימונית,פומפדור Pompadour,DE,חליטת פירות פומפדור,גרמים,35.00,100 גרם,false,,11.90,0.3400,true,1,9380
4009300526438,false,פומפדור תה ירוק קלאסי 30 ג',"איטיליאן פוד, אס.פי.",DE,תה ירוק פומפדור קלאס,גרמים,30.00,100 גרם,false,,14.90,0.4967,true,1,11951
4009900402965,false,מסטיק אורביט וויט בטעם פירות ללא סוכר,ריגלי פולין,PL,מסטיק אורביט בבקבוק,Unknown,0.00,יחידה,false,,9.40,0.0000,true,1,16362
4009900403023,false,מסטיק אורביט בקבוקון דאבל white קלאסי 64ג',"ב.א מזון בע""מ",PL,מסטיק אורביט בבקבוק,Unknown,0.00,יחידה,false,,9.40,0.0000,true,1,16358
4009900420129,false,מסטיק אורביט פרופשנל פפרמינט בקבוקון 64 גר',מרס נדרלנד,PL,מסטיק אורביט בבקבוק,Unknown,0.00,יחידה,false,,9.40,0.0000,true,1,45257
4009900426039,false,מסטיק איירוויבז מנטה אקליפטוס בקבוקון,איירוויבס Airwaves,PL,מסטיק ארוויבז בבקבוק,גרמים,64.00,100 גרם,false,,9.40,0.1469,true,1,26605
4009900455299,false,סוכריות סקיטלס פירות 174 גרם,ריגלי ממתקים,CZ,סוכריות סקיטלס פירות,גרמים,174.00,100 גרם,false,,7.90,0.0454,true,1,12609
4009900465304,false,סוכריות סקיטלס פירות חמוצים 174 גרם,ריגלי ממתקים,CZ,סוכריות סקיטלס פירות,גרמים,174.00,100 גרם,false,,7.90,0.0454,true,1,12610
4009900479998,false,מסטיק אורביט בטעם אוכמניות ללא סוכר,ריגלי פולין,PL,מסטיק אורביט בבקבוק,Unknown,0.00,יחידה,false,,9.40,0.0000,true,1,16360
4009900482417,false,מסטיק אורביט פירות מנטה בקבוקון באבל מינט 45יח,ריגלי פולין,PL,מסטיק אורביט בבקבוק,Unknown,0.00,יחידה,false,,9.40,0.0000,true,1,16359
4009900483803,false,מסטיק איירובס מנטה אקליפטוס בקבוקון 60יח',איירוויבס Airwaves,PL,מסטיק אירוובס פרופשי,גרמים,84.00,100 גרם,false,,12.90,0.1536,true,1,45131
4009900484060,false,מסטיק אורביט פרופשיונל בטעם מנטה ללא סוכר,אורביט Orbit,PL,מסטיק אורביט פרופשיו,גרמים,84.00,100 גרם,false,,12.90,0.1536,true,1,12611
4009900491044,false,מסטיק איירובס אוכמניות בקבוקון 60יח',איירוויבס Airwaves,PL,מסטיק אירוובס אוכמנ,Unknown,0.00,יחידה,false,,12.90,0.0000,true,1,45137
4009900496247,false,"מסטיק אורביט לל""ס מלבניות בקבוק בבלימנט 60 יח",אורביט Orbit,PL,מסטיק אורביט בבלימנט,גרמים,84.00,100 גרם,false,,12.90,0.1536,true,1,45132
4009900531122,false,"מסטיק בטעם מנטה ספירמינט, 64 ג' פרופשיונל אורפיט",מרס נדרלנד,PL,מסטיק אורביט בבקבוק,Unknown,0.00,יחידה,false,,9.40,0.0000,true,1,45258
4012273123009,false,"קרם ידיים ניטרוגינה 50 מ""ל",גונסון אנד גונסון,FR,קרם ידיים ניוטרוג'ינ,מיליליטרים,50.00,"100 מ""ל",false,,19.90,0.3980,true,1,64014
4015400564454,false,מגני תחתון אולוויז לארג' עם ניחוח מגה פק,פרוקטר אנד גמבל,DE,מגן תחתון אולוויז מג,Unknown,0.00,יחידה,false,,16.90,0.0000,true,1,7794
4015400598329,false,תחבושות היגייניות אולטרה - מארז רביעייה,פרוקטר אנד גמבל,HU,תחבושות אלוויז קוואט,Unknown,0.00,יחידה,false,,29.90,0.0000,true,1,8161
4015400598381,false,תחבושות היגייניות אולטרה לונג - מארז קוואטרו 48 יח',פרוקטר אנד גמבל,HU,תחבושות אלוויז קוואט,Unknown,0.00,יחידה,false,,29.90,0.0000,true,1,8160
4015400598411,false,תחבושות היגייניות יום ולילה Day & Night - מארז 40 יח',פרוקטר אנד גמבל,HU,תחבושות אלוויז קוואט,Unknown,0.00,יחידה,false,,29.90,0.0000,true,1,8159
4015400695677,false,חיתולי פמפרס בייבי ד,פרוקטר & גמבל,TR,חיתולי פמפרס בייבי ד,Unknown,0.00,יחידה,false,,64.90,0.0000,true,1,60721
4015400695691,false,חיתולי פמפרס בייבי ד,פרוקטר & גמבל,TR,חיתולי פמפרס בייבי ד,Unknown,0.00,יחידה,false,,64.90,0.0000,true,1,60722
4015400746812,false,מגני תחתון אולוויז נורמל עם ניחוח מגה פק,פרוקטר אנד גמבל,UA,מגן תחתון אולוויז מג,Unknown,0.00,יחידה,false,,16.90,0.0000,true,1,23169
4015400990543,false,"אבקת כביסה קולור 8 ק""ג אריאל",פרוקטר & גמבל,FR,אבקת כביסה צבעונית א,פריט,8.00,"ק""ג",false,,54.90,6.8625,true,1,18698
4015600762742,false,שמפו יומיומי למניעת קשקשים הנוסחה הקלאסית,פרוקטר אנד גמבל,RO,שמפו הד&שולדרס קלאסי,מיליליטרים,500.00,"100 מ""ל",false,,17.90,0.0358,true,1,8765
4015600762780,false,שמפו וקונדישינר יומיומי למניעת קשקשים הנוסחה הקלאסית 2in1,פרוקטר אנד גמבל,RO,שמפו ומרכך הד&שולדרס,מיליליטרים,500.00,"100 מ""ל",false,,17.90,0.0358,true,1,8766
4015600762902,false,"שמפו מנטול הד אנד שולדרס 500 מ""ל",פרוקטר אנד גמבל,RO,שמפו הד&שולדרס מנטול,מיליליטרים,500.00,"100 מ""ל",false,,17.90,0.0358,true,1,8767
4015600762940,false,שמפו יומיומי למניעת קשקשים בניחוח תפוח,פרוקטר אנד גמבל,RO,שמפו הד&שולדרס תפוח,מיליליטרים,500.00,"100 מ""ל",false,,17.90,0.0358,true,1,40576
4015600763022,false,שמפו יומיומי למניעת קשקשים לשיער יבש/פגום לשיער רך כמשי,פרוקטר אנד גמבל,RO,שמפו הד&שולדרס מגע מ,מיליליטרים,500.00,"100 מ""ל",false,,17.90,0.0358,true,1,8769
4015600810849,false,דאודורנט ג'ל לגבר Sport power rush 48h,פרוקטר אנד גמבל,PL,דאו גל גילט קליר פאו,גרמים,70.00,100 גרם,false,,17.90,0.2557,true,1,20239
4022025001905,false,יין בלו ווין מבעבע זהב כשר 750 מל,היי סישל סוהן טראבן,DE,יין בלו ווין זהב 24K,מיליליטרים,750.00,"100 מ""ל",false,,44.90,0.0599,true,1,60759
4022025001929,false,בלו וויין מבעבע כחול,יקב רמת הגולן,IL,יין בלו ווין כחול מב,מיליליטרים,750.00,"100 מ""ל",false,,44.90,0.0599,true,1,60760
4022025002100,false,בלו וויין מבעבע רוזה,היי סישל סוהן טראבן,DE,יין בלו ווין רוזה 24,מיליליטרים,750.00,"100 מ""ל",false,,44.90,0.0599,true,1,60761
4022025261002,false,יין בלו ווין גוורצטרמינר 750 מל,לנגוט טראבן,DE,יין לבן בלו ווין גוו,מיליליטרים,750.00,"100 מ""ל",false,,44.90,0.0599,true,1,53358
4052197000017,false,בירה בנדיקטינר בקבוק,בנדיקטינר וויצבראו,DE,בירה בנדיקטינר 5.4%,מיליליטרים,500.00,"100 מ""ל",false,,8.90,0.0178,true,1,60041
4053700292455,false,ויט רצועות שעווה תמצית צמחים לעור רגיל,רקיט בנקיזר,FR,רצועות שעווה לעור רג,Unknown,0.00,יחידה,false,,19.90,0.0000,true,1,48835
4062400115483,false,טקילה סיירה סילבר 70,אגדת,IL,טקילה סיירה סילבר 70,מיליליטרים,700.00,"100 מ""ל",false,,79.90,0.1141,true,1,58496
4062400543125,false,טקילה סיירה זהב רפסדו,סיארה Sierra,MX,טקילה סיירה זהב רפוס,מיליליטרים,700.00,"100 מ""ל",false,,79.90,0.1141,true,1,58497
4066600999614,false,בירה מעוננת פאולנר 5,מבשלת פאולנר,DE,בירה מעוננת פאולנר 5,מיליליטרים,500.00,"100 מ""ל",false,,9.90,0.0198,true,1,28573
4084500371453,false,"אבקת כביסה אלפיין 8 ק""ג טייד",פרוקטר & גמבל,FR,אבקת טייד אלפיין 8 ק,פריט,8.00,"ק""ג",false,,41.90,5.2375,true,1,12592
4105120623941,false,"בירה ויינשטפן בק' ח""פ 500 מ""ל",ווינשטפן Weihenstephaner,DE,בירה ויינשטפן 5.4% 5,מיליליטרים,500.00,"100 מ""ל",false,,9.90,0.0198,true,1,29791
4105120624412,false,"בירה וינשטפן ויטוס 500 מ""ל",קרלסברג ישראל,IL,בירה ויינשטפן 7.7% 5,מיליליטרים,500.00,"100 מ""ל",false,,9.90,0.0198,true,1,53769
4210201176688,false,אורל בי ראש חשמלי סנסיטיב 4 יח',פרוקטר & גמבל,IE,ראש חשמלי למברשת שינ,Unknown,0.00,יחידה,false,,69.90,0.0000,true,1,59262
4210201262183,false,מברשת שיניים חשמלית ויטליטי Vitality נטענת,פרוקטר & גמבל,DE,מברשת שיניים חשמלית,Unknown,0.00,יחידה,false,,79.90,0.0000,true,1,49922
4210201320111,false,מברשת שיניים חשמלית,פרוקטר & גמבל,DE,מברשת שיניים חשמלית,Unknown,0.00,יחידה,false,,79.90,0.0000,true,1,60006
4210201360742,false,אורל בי ראש חשמלי לניקוי יסודי 4 יח',פרוקטר & גמבל,IE,ראש חשמלי למברשת שינ,Unknown,0.00,יחידה,false,,69.90,0.0000,true,1,59264
4210201365334,false,אורל בי ראש מילוי חשמלי פחם 4 יחידות,פרוקטר & גמבל,IE,ראש חשמלי למברשת שינ,Unknown,0.00,יחידה,false,,69.90,0.0000,true,1,60004
4210201403319,false,אורל בי מברשת חשמלית נטענת ויטליטי פחם,פרוקטר & גמבל,DE,מברשת שיניים חשמלית,Unknown,0.00,יחידה,false,,79.90,0.0000,true,1,60005
4260147890513,false,אטריות ביצים דקות ורמיצ'לי 500ג',דין שיווק,PL,אטריות ביצים דקות שק,גרמים,500.00,100 גרם,false,,9.90,0.0198,true,1,51632
4260147890537,false,אטריות ביצים רחבות 500גר,דין שיווק,PL,אטריות ביצים רחבות ש,גרמים,500.00,100 גרם,false,,9.90,0.0198,true,1,51633
4260147890551,false,איטריות ביצים רצועות,דין שיווק,PL,אטריות ביצים רצועות,גרמים,500.00,100 גרם,false,,9.90,0.0198,true,1,51634
4260147890711,false,אטריות ביצים מגולגול 500 ג',דין שיווק,PL,אטריות ביצים מגולגלו,גרמים,500.00,100 גרם,false,,9.90,0.0198,true,1,51635
4602486000954,false,וודקה בלנקאיה גולד 1,מזקקת גורגיבסקי,RU,וודקה בלנקאיה גולד 1,קילוגרמים,1.00,ליטר,false,,79.90,79.9000,true,1,57914
4602486002057,false,וודקה בלנקאיה ספשיאל,מזקקת גורגיבסקי,RU,וודקה בלנקאיה ספיישל,מיליליטרים,700.00,"100 מ""ל",false,,59.90,0.0856,true,1,54318
4603400000067,false,וודקה רוסקי סטנדרט 1,רוסקי סטנדרט,RU,וודקה רוסקי סטנדרט 1,קילוגרמים,1.00,ליטר,false,,79.90,79.9000,true,1,46703
4603400000937,false,וודקה רוסקי סטנדרט ג,,RU,וודקה רוסקי סטנדרט ג,קילוגרמים,1.00,ליטר,false,,99.90,99.9000,true,1,61758
4603400002542,false,וודקה רוסקי סטנדרט מ,רוסקי סטנדרט,RU,וודקה רוסקי סטנדרט מ,קילוגרמים,1.00,ליטר,false,,79.90,79.9000,true,1,59407
4603928000983,false,וודקה בלוגה 1 ליטר,מרינסק דיסטילרי,,וודקה בלוגה 1 ליטר,קילוגרמים,1.00,ליטר,false,,129.90,129.9000,true,1,30071
4640018993398,false,קפסולות ג'יל רגיל קואנטום 60 יח' פיניש,רקיט בנקיזר,PL,טבליות פיניש קוואנטו,Unknown,0.00,יחידה,false,,54.90,0.0000,true,1,50570
4710964104916,false,שמן שומשום טהור מזרח,פלייבור פול פודס טיי,TW,שמן שומשום טהור מזרח,מיליליטרים,370.00,"100 מ""ל",false,,19.90,0.0538,true,1,49102
4710964170799,false,שומשום שחור קלוי 91 גרם,פלייבור פול פודס טיי,TH,שומשום שחור קלוי מזר,Unknown,0.00,יחידה,false,,16.50,0.0000,true,1,49103
4751007730938,false,שפרוטים מעושנים בשמן,karavela,LV,שפורט מעושן בשמן דבר,גרמים,240.00,100 גרם,false,,7.90,0.0329,true,1,37629
4791021002789,false,תה ירוק אימפרה 100 ש,IMPERIAL TEA EXPORT,,תה ירוק 100 שקיקים,גרמים,200.00,100 גרם,false,,19.90,0.0995,true,1,14191
4791021003588,false,תה שחור אימפרה 100 ש,IMPERIAL TEA EXPORT,LK,תה שחור אימפרה 100 ש,גרמים,150.00,100 גרם,false,,9.90,0.0660,true,1,12498
4791021004462,false,תה ירוק תפוח 25 שקיק,IMPERIAL TEA EXPORT,,תה ירוק תפוח 25 שקיק,גרמים,50.00,100 גרם,false,,9.90,0.1980,true,1,33853
4791021004554,false,תה ירוק מנטה 25 שקיק,IMPERIAL TEA EXPORT,,תה ירוק מנטה 25 שקיק,גרמים,50.00,100 גרם,false,,9.90,0.1980,true,1,33854
4791021006695,false,תה ירוק יסמין 25 שקי,IMPERIAL TEA EXPORT,,תה ירוק יסמין 25 שקי,גרמים,50.00,100 גרם,false,,9.90,0.1980,true,1,33855
4791021009399,false,תה ירוק קלאסי 25 שקי,IMPERIAL TEA EXPORT,,תה ירוק קלאסי 25 שקי,גרמים,50.00,100 גרם,false,,9.90,0.1980,true,1,33852
4791021901969,false,תה ירוק חמוציות 25 ש,IMPERIAL TEA EXPORT,,תה ירוק חמוציות 25 ש,גרמים,50.00,100 גרם,false,,9.90,0.1980,true,1,33850
4791021901983,false,תה ירוק צאי מסלה 25,IMPERIAL TEA EXPORT,,תה ירוק צאי מסלה 25,גרמים,50.00,100 גרם,false,,9.90,0.1980,true,1,33851
4791021904861,false,תה ירוק גינגר 25 שקי,IMPERIAL TEA EXPORT,,תה ירוק גינגר 25 שקי,גרמים,50.00,100 גרם,false,,9.90,0.1980,true,1,33849
4791021944720,false,תה ארל גריי ספיישל 1,IMPERIAL TEA EXPORT,,תה ארל גריי שחור 10,גרמים,200.00,100 גרם,false,,19.90,0.0995,true,1,35251
4800888219534,false,דאב - דאודורנט סטיק לאישה אנטי פרספירמט 50 גרם,יוניליוור פיליפינים,IL,דאו סטיק דאב אורגינל,גרמים,50.00,100 גרם,false,,7.90,0.1580,true,1,56791
4815087000111,false,שמן קנולה מזוכך 1 לי,"אגרופודוקט בע""מ",BY,שמן קנולה אוליס 1 לי,קילוגרמים,1.00,ליטר,false,,8.90,8.9000,true,1,61438
4891228430054,false,סכיני גילוח שיק אקזקטה 2 ורוד 5 יח',שיק,CN,סכיני גילוח לנשים שי,Unknown,0.00,יחידה,false,,9.90,0.0000,true,1,25564
4891228430092,false,שיק אקסטרים 3 קומפורט +לנשים 4 יחידות,אנרג'יזר Energizer,CN,סכיני גילוח לנשים שי,Unknown,0.00,יחידה,false,,14.90,0.0000,true,1,28549
4891228460242,false,סכיני גילוח שיק קוואטרו נשים 3 יח',אנרג'יזר Energizer,CN,סכיני גילוח לנשים 4,Unknown,0.00,יחידה,false,,26.90,0.0000,true,1,48171
4903001904192,false,"רוטב סויה יאמסה פרימיום 500 מ""ל",הדקלאים אגודת שיתופי,JP,רוטב סויה יאמאסה 500,גרמים,500.00,100 גרם,false,,14.90,0.0298,true,1,61906
4903001925784,false,סויה יאמאסה 500 מל דל נתרן,הדקלאים אגודת שיתופי,JP,רוטב סויה מופחת נתרן,גרמים,500.00,100 גרם,false,,14.90,0.0298,true,1,61907
4903001930993,false,"רוטב טריאקי יאמאסה 500מ""ל",יאמאסה yamasa,JP,רוטב טריאקי יאמאסה 5,גרמים,500.00,100 גרם,false,,14.90,0.0298,true,1,61910
5000146048671,false,בראסו מטליות לניקוי כלי נחושת,רקיט בנקיזר,PT,סילבו מטליות לניקוי,Unknown,0.00,יחידה,false,,14.90,0.0000,true,1,7500
5000157143365,false,מתבל בטעם מיונז וקטשופ היינץ 425 ג',היינץ Heinz,PL,רוטב בטעם מיונז וקטש,גרמים,425.00,100 גרם,false,,14.90,0.0351,true,1,54800
5000277000982,false,ויסקי אברפלדי 12 שנה,,,ויסקי אברפלדי 12 שנה,מיליליטרים,700.00,"100 מ""ל",false,,149.90,0.2141,true,1,61451
5000299225004,false,וויסקי שיבאס רגאל 18,מזקקת האחים שיבאס,,ויסקי שיבאס ריגל 18,מיליליטרים,700.00,"100 מ""ל",false,,199.90,0.2856,true,1,24548
5000299295021,false,ויסקי גלנליווט 15 שנ,גורג וגיי גי סמית,,ויסקי גלנליווט 15 שנ,מיליליטרים,700.00,"100 מ""ל",false,,239.90,0.3427,true,1,35205
5000299606070,false,ויסקי בלנטיין 1 ליטר,,,ויסקי בלנטיין 1 ליטר,קילוגרמים,1.00,ליטר,false,,100.20,100.2000,true,1,23080
5000299607091,false,ויסקי סקוטי סקאפה 70,,IS,ויסקי סקוטי סקאפה 70,מיליליטרים,700.00,"100 מ""ל",false,,229.90,0.3284,true,1,58389
5000299607176,false,ויסקי סקאפה גלאנסה ס,,IS,ויסקי סקאפה גלאנסה ס,מיליליטרים,700.00,"100 מ""ל",false,,229.90,0.3284,true,1,59408
5000299609347,false,וויסקי גלנליווט Glenlivet,גורג וגיי גי סמית,,ויסקי גלנליווט פאונד,מיליליטרים,700.00,"100 מ""ל",false,,144.90,0.2070,true,1,35203
5000394093812,false,סוללות דורסל סימפלי,דורסל,,סוללות דורסל סימפלי,Unknown,0.00,יחידה,false,,19.90,0.0000,true,1,34837
5000394093836,false,סוללות דורסל סימפלי,דורסל,,סוללות דורסל סימפלי,Unknown,0.00,יחידה,false,,19.90,0.0000,true,1,34838
5010106111956,false,וויסקי בלנטיין Ballantines,בלנטיינ'ס Ballantines,US,ויסקי בלנטיינס 1 ליט,קילוגרמים,1.00,ליטר,false,,99.90,99.9000,true,1,35210
5010327603056,false,ויסקי מאנקי שולדר 1,וויליאם גרנט ובניו,GB,ויסקי מאנקי שולדר 1,קילוגרמים,1.00,ליטר,false,,149.90,149.9000,true,1,56686
5010494560121,false,ויסקי גלנמורנגי 1 לי,,,ויסקי גלנמורנגי 1 לי,קילוגרמים,1.00,ליטר,false,,189.90,189.9000,true,1,30074
5010496003565,false,ויסקי אוכנטושן קלאסי,מוריסון בואומור,GB,ויסקי אוכנטושן 700 מ,מיליליטרים,700.00,"100 מ""ל",false,,129.90,0.1856,true,1,61577
5010677551281,false,"בקרדי בריזר לימון 275 מ""ל בקבוק",בקרדי בריזר Bacardi Breezer,BE,בקרדי בריזר לימון 27,מיליליטרים,275.00,"100 מ""ל",false,,6.90,0.0251,true,1,35156
5010677551397,false,"בקרדי בריזר ליים 275 מ""ל בקבוק",בקרדי בריזר Bacardi Breezer,BE,בקרדי בריזר ליים 275,מיליליטרים,275.00,"100 מ""ל",false,,6.90,0.0251,true,1,48930
5010677552387,false,"בקרדי בריזר אננס 275 מ""ל בקבוק",בקרדי בריזר Bacardi Breezer,BE,בקרדי בריזר אננס 275,מיליליטרים,275.00,"100 מ""ל",false,,6.90,0.0251,true,1,35157
5010677554398,false,"בקרדי בריזר אבטיח 275 מ""ל בקבוק",בקרדי בריזר Bacardi Breezer,BE,בקרדי בריזר אבטיח 27,מיליליטרים,275.00,"100 מ""ל",false,,6.90,0.0251,true,1,35155
5010677716000,false,ג'ין יבש בומביי 1 ל,,,ג'ין יבש בומביי 1 ל,קילוגרמים,1.00,ליטר,false,,119.90,119.9000,true,1,63305
5011007003227,false,ויסקי גיימסון 1 ליטר,אייריש דיסטלריז,,ויסקי גיימסון 1 ליטר,קילוגרמים,1.00,ליטר,false,,99.90,99.9000,true,1,35250
5014271001210,false,מעדן פרי סנדלפור 4 פ,סנדלפור St.dalfour,FR,מעדן 4 פירות סנט דלפ,גרמים,500.00,100 גרם,false,,24.90,0.0498,true,1,28928
5014271001227,false,מעדן פרי סנדלפור משמ,סנדלפור St.dalfour,FR,מעדן משמש סנט דלפור,גרמים,500.00,100 גרם,false,,24.90,0.0498,true,1,28929
5014271001234,false,מעדן פרי דובדבנים שחורים,סנדלפור St.dalfour,FR,מעדן דובדבן סנט דלפו,גרמים,500.00,100 גרם,false,,24.90,0.0498,true,1,28927
5014271001241,false,מעדן פרי סנדלפור תות,סנדלפור St.dalfour,FR,מעדן תות סנט דלפור 5,גרמים,500.00,100 גרם,false,,24.90,0.0498,true,1,28926
5024546356587,false,ויסקי גראנד מקניש 1,אגדת,IL,ויסקי גראנד מקניש 1,קילוגרמים,1.00,ליטר,false,,79.90,79.9000,true,1,56265
5024546366630,false,ויסקי סקוטש לאודרס 1,אגדת,IL,ויסקי לאודרס סקוטי 1,קילוגרמים,1.00,ליטר,false,,79.90,79.9000,true,1,56656
5050083559761,false,קלוגס קוקו פופס שוקו 500ג',קלוגס מניופקטורינג א,DE,קלוגס קוקו פופס שוקו,גרמים,500.00,100 גרם,false,,14.90,0.0298,true,1,21966
5053827215862,false,קלוגס קוקו פופס שוקו 500ג',קלוגס Kellogg's,GB,קלוגס קוקו פופס שוקו,גרמים,500.00,100 גרם,false,,14.90,0.0298,true,1,56396
5060060211612,false,קרם אסטוניש לניקוי ע,יעקב יעקובי,IL,קרם אסטוניש לניקוי ע,מיליליטרים,500.00,"100 מ""ל",false,,9.90,0.0198,true,1,60001
5060809351371,false,כפפות ויניל 100 יח מ,,,כפפות ויניל 100 יח מ,Unknown,0.00,יחידה,false,,14.90,0.0000,true,1,57753
5060809351395,false,כפפות ויניל 100 יח מ,,,כפפות ויניל 100 יח מ,Unknown,0.00,יחידה,false,,14.90,0.0000,true,1,57755
5060809351401,false,כפפות ויניל 100 יח מ,,,כפפות ויניל 100 יח מ,Unknown,0.00,יחידה,false,,14.90,0.0000,true,1,57756
5060809354747,false,כפפות ניטריל 100 יחי,,,כפפות ניטריל 100 יחי,Unknown,0.00,יחידה,false,,21.90,0.0000,true,1,60124
5060809354754,false,כפפות ניטריל 100 יחי,,,כפפות ניטריל 100 יחי,Unknown,0.00,יחידה,false,,21.90,0.0000,true,1,60122
5060809354761,false,כפפות ניטריל 100 יחי,,,כפפות ניטריל 100 יחי,Unknown,0.00,יחידה,false,,21.90,0.0000,true,1,60123
5060809354778,false,כפפות ניטריל 100 יחי,,,כפפות ניטריל 100 יחי,Unknown,0.00,יחידה,false,,21.90,0.0000,true,1,60125
5099864006384,false,סימילאק למהדרין שלב 2 אריזת חיסכון 900 ג.,אבוט,NL,סימילאק מהדרין שלב 2,גרמים,900.00,100 גרם,false,,69.90,0.0777,true,1,5049
5099864006391,false,סימילאק למהדרין שלב 3 אריזת חיסכון 900 ג,אבוט מעבדות רפואיות,NL,סימילאק מהדרין שלב 3,גרמים,900.00,100 גרם,false,,69.90,0.0777,true,1,5050
5099873088654,false,ויסקי ג'ק דניאלס סינ,ג'ק דניאלס,US,ויסקי ג'ק דניאלס סינ,מיליליטרים,700.00,"100 מ""ל",false,,179.90,0.2570,true,1,57774
5201085540084,false,סוכריות ג'ילי מיקס שקית 800 גר',אולמפיק,GR,סוכריות גילו מיקס 70,גרמים,700.00,100 גרם,false,,13.90,0.0199,true,1,5482
5201246002215,false,בירה פילס היילס Pils Hellas,הלניק בריויריס אוף א,GR,בירה פילס היילס 3.8%,מיליליטרים,500.00,"100 מ""ל",false,,4.90,0.0098,true,1,33691
5201347400545,false,רצועות שעווה מוכנות לשימוש לפנים ולאזורים רגישים,רקיט בנקיזר,FR,רצועות שעווה פנים וי,Unknown,0.00,יחידה,false,,19.90,0.0000,true,1,48905
5202175001515,false,נאצ'וס בטעם מלוח 225 גרם,אל סבור מקסיקן פוד,TW,נאצ'וס בטעם מלוח אל,גרמים,225.00,100 גרם,false,,10.50,0.0467,true,1,49080
5202175001546,false,נאצ'וס בטעם ברביקיו 225 גרם,אל סבור מקסיקן פוד,TW,נאצ'וס בטעם ברביקיו,גרמים,225.00,100 גרם,false,,10.50,0.0467,true,1,49081
5202390014239,false,גבינה צהובה טבעונית עשבי תיבול ויאו לייף 200 ג',פרוטרופיק סיה.,GR,צהובה טבעונית עם עשב,גרמים,200.00,100 גרם,false,,19.90,0.0995,true,1,55989
5202390015618,false,גבינה צהובה טבעונית אורגינל ויאו לייף 200 ג',אריביה אס.אי. 57022,GR,צהובה טבעונית ויוליי,גרמים,200.00,100 גרם,false,,19.90,0.0995,true,1,55985
5202390016325,false,גבינה צהובה טבעונית בטעם מעושן ויאו לייף 200ג',"אריביה אס.אי., יוון",GR,צהובה טבעונית בטעם מ,גרמים,200.00,100 גרם,false,,19.90,0.0995,true,1,55990
5203819014205,false,ארק אוזו מלטמי 700 מ,אגדת,IL,ארק אוזו מלטמי 700 מ,מיליליטרים,700.00,"100 מ""ל",false,,54.90,0.0784,true,1,62428
5391523062152,false,סימילאק שלב 1 למהדרין 400 גרם,אבוט,IE,סימילאק מהדרין שלב 1,גרמים,400.00,100 גרם,false,,29.90,0.0747,true,1,63081
5410126006087,false,לוטוס עוגיות קרמל 700 גרם,כלורוקס אוקלנד,BE,ביסקוויט קרמל לוטוס,גרמים,700.00,100 גרם,false,,19.90,0.0284,true,1,10573
5410126116953,false,ממרח עוגיות קרמל 400 ג' לוטוס,לוטוס בייקרי בלגיה נ,BE,ממרח עוגיות לוטוס 40,גרמים,400.00,100 גרם,false,,19.90,0.0497,true,1,7409
5410126666038,false,עוגיות לוטוס 18*2 279 גרם,לוטוס ביקרי,BE,ביסקוויט קרמל לוטוס,גרמים,279.00,100 גרם,false,,13.90,0.0498,true,1,38105
5410126726947,false,ממרח עוגיות לוטוס קראנץ' 380 גרם,לוטוס בייקרי בלגיה נ,BE,ממרח עוגיות קראנצ לו,גרמים,380.00,100 גרם,false,,19.90,0.0524,true,1,11353
5410228141785,false,"בירה הוגרדן 330 מ""ל",קרלסברג יבוא יצוא,BE,"בירה הוגרדן 330 מ""ל",מיליליטרים,330.00,"100 מ""ל",false,,6.90,0.0209,true,1,48238
5410228142089,false,בירה לף לונד בלונד 3,קרלסברג יבוא יצוא,,בירה לף בלונד 6.6%,מיליליטרים,330.00,"100 מ""ל",false,,6.90,0.0209,true,1,12339
5410228144755,false,מארז בירה סטלה ארטוא,קרלסברג יבוא יצוא,IL,מארז בירה סטלה ארטוא,קילוגרמים,1.98,ליטר,false,,24.90,12.5758,true,1,12340
5410228217732,false,פחית בירה סטלה ארטואה,מנדלז סי.אר. פרודקשן,BE,בירה סטלה ארטואה 5.2,מיליליטרים,440.00,"100 מ""ל",false,,6.90,0.0157,true,1,62518
5410316442930,false,וודקה סמירנוף אדום 1,,,וודקה סמירנוף אדום 1,קילוגרמים,1.00,ליטר,false,,74.90,74.9000,true,1,18943
5410316983693,false,"אייס סמירנוף בודד 275 מ""ל",סמירנוף אייס Smirnoff ice,IT,"סמירנוף אייס 275 מ""ל",מיליליטרים,275.00,"100 מ""ל",false,,12.90,0.0469,true,1,53082
5411081003654,false,בירה קסטיל רוז 330 מ,מבשלת קסטל ואן הונסב,BE,בירה קסטיל רוז 330 מ,מיליליטרים,330.00,"100 מ""ל",false,,11.90,0.0361,true,1,62173
5411188080268,false,משקה סויה אורגני 1 ל' אלפרי,הנסיך- מפעל לייצור ט,BE,משקה סויה אורגני אלפ,קילוגרמים,1.00,ליטר,false,,11.90,11.9000,true,1,10912
5411188081852,false,אלפרו משקה סויה בטעם וניל 1 ל',הנסיך- מפעל לייצור ט,BE,משקה סויה וניל אלפרו,קילוגרמים,1.00,ליטר,false,,11.90,11.9000,true,1,10911
5411188094159,false,מעדן סויה שוקולד בלגי אלפרו 4*125 ג',הנסיך- מפעל לייצור ט,BE,מארז מעדן סויה שוקול,גרמים,500.00,100 גרם,false,,15.90,0.0318,true,1,5718
5411188094173,false,רביעיה מעדן סויה טעם קרמל 125 ג' אלפרו,אלפרו,BE,מארז מעדן סויה בטעם,גרמים,500.00,100 גרם,false,,15.90,0.0318,true,1,64052
5411188096108,false,"אלפרו שמנת צמחית לבישול לייט 250מ""ל",אלפרו C.V.A,BE,סויה לבישול 4.7% אלפ,מיליליטרים,250.00,"100 מ""ל",false,,8.90,0.0356,true,1,12412
5411188110835,false,אלפרו חלב סויה שקדים וניל 1ל',הנסיך- מפעל לייצור ט,BE,משקה שקדים אלפרו 1 ל,קילוגרמים,1.00,ליטר,false,,11.90,11.9000,true,1,12409
5411188112549,false,אלפרו משקה אורז 1 ליטר,הנסיך- מפעל לייצור ט,BE,משקה אורז ללא סוכר א,קילוגרמים,1.00,ליטר,false,,11.90,11.9000,true,1,12407
5411188112709,false,משקה אלפרו שקדים ללא סוכר 1 ליטר,הנסיך- מפעל לייצור ט,BE,משקה שקדים לא ממותק,קילוגרמים,1.00,ליטר,false,,11.90,11.9000,true,1,37660
5411188115366,false,אלפרו משקה שיבולת שועל 1 ליטר,הנסיך- מפעל לייצור ט,BE,משקה שיבולת שועל אלפ,קילוגרמים,1.00,ליטר,false,,11.90,11.9000,true,1,12406
5411188115434,false,משקה אלפרו בריסטה סויה 1 ליטר,אלפרו Alpro,BE,משקה בריסטה סויה אלפ,קילוגרמים,1.00,ליטר,false,,11.90,11.9000,true,1,61598
5411188115472,false,אלפרו משקה סויה 1 ליטר,הנסיך- מפעל לייצור ט,BE,משקה סויה אלפרו 1 לי,קילוגרמים,1.00,ליטר,false,,11.90,11.9000,true,1,53177
5411188118732,false,אלפרו חלב משקה קוקוס שקדים 1 ל',הנסיך- מפעל לייצור ט,BE,משקה קוקוס שקדים אלפ,קילוגרמים,1.00,ליטר,false,,11.90,11.9000,true,1,21407
5411188120742,false,אלפרו חלב משקה שקדים בטעם וניל 1 ל',הנסיך- מפעל לייצור ט,BE,משקה שקדים וניל אלפר,קילוגרמים,1.00,ליטר,false,,11.90,11.9000,true,1,21408
5411188120957,false,"אלפרו תערובת לבישול על בסיס קוקוס 250 מ""ל",אלפרו Alpro,IL,קוקוס לבישול 14% אלפ,מיליליטרים,250.00,"100 מ""ל",false,,9.90,0.0396,true,1,60406
5411188124689,false,משקה שיבולת שועל ללא סוכר 1ל' אלפרו,אלפרו Alpro,BE,משקה שיבולת שועל ללא,קילוגרמים,1.00,ליטר,false,,11.90,11.9000,true,1,54069
5411188127697,false,משקה בריסטה שיבולת שועל 1ל' אלפרו,הנסיך- מפעל לייצור ט,BE,משקה בריסטה שיבולת ש,קילוגרמים,1.00,ליטר,false,,11.90,11.9000,true,1,54070
5411188134985,false,אלפרו 3.5% NOT M*LK שיבולת שועל 1 ליטר בית יוסף,הנסיך- מפעל לייצור ט,BE,משקה שיבולת שועל 3.5,קילוגרמים,1.00,ליטר,false,,13.90,13.9000,true,1,60407
5411188135005,false,אלפרו 1.8% NOT M*LK שיבולת שועל 1 ליטר בית יוסף,הנסיך- מפעל לייצור ט,BE,משקה שיבולת 1.8% שו,קילוגרמים,1.00,ליטר,false,,13.90,13.9000,true,1,60408
5411188300328,false,"אלפרו משקה סויה שוקו 500מ""ל",הנסיך- מפעל לייצור ט,BE,משקה סויה שוקו אלפרו,קילוגרמים,1.00,ליטר,false,,11.90,11.9000,true,1,10910
5411188513483,false,"אלפרו סויה לבישול 14% שומן 250 מ""ל",אלפרו C.V.A,BE,סויה לבישול 14% אלפר,מיליליטרים,250.00,"100 מ""ל",false,,9.90,0.0396,true,1,60409
5411188543398,false,משקה סויה ללא סוכר 1 ל' אלפרו,הנסיך- מפעל לייצור ט,BE,משקה סויה ללא תוספת,קילוגרמים,1.00,ליטר,false,,11.90,11.9000,true,1,52511
5412865030668,false,פשקז - דקיקי שוקולד מנטה 200 גרם,,,דקיקי שוקולד במילוי,גרמים,200.00,100 גרם,false,,2.90,0.0145,true,1,28110
5604912415058,false,סרדינים בשמן חמניה חריף פורטוס 125 ג',פורטוס Porthos,PT,סרדין בשמן חמניות חר,גרמים,125.00,100 גרם,false,,5.90,0.0472,true,1,44926
5604912425057,false,מקרלים בשמן חמניה חריף 125 ג' פורטוס,קונסרבס פורטוגל נורט,PT,מקרל בשמן חמניות חרי,גרמים,125.00,100 גרם,false,,5.90,0.0472,true,1,44938
5700006007090,false,מארז 10 סביבונים כד,,,מארז 10 סביבונים כד,Unknown,0.00,יחידה,false,,11.90,0.0000,true,1,64915
5700006007113,false,מארז 10 סביבונים סבי,,,מארז 10 סביבונים סבי,Unknown,0.00,יחידה,false,,11.90,0.0000,true,1,64916
5701932026971,false,פופקורן להכנה במיקרוגל בטעם חמאה 6 שקיות,הוט פופ Hot pop,US,פופקורן חמאה הוטפופ,גרמים,600.00,100 גרם,false,,14.90,0.0248,true,1,22963
5706516031358,false,פופקורן להכנה במיקרוגל בטעם טבעי מופחת שומן 5 שקיות,הוט פופ Hot pop,US,פופקורן הוט פופ 100,גרמים,600.00,100 גרם,false,,16.90,0.0282,true,1,3379
5711953106583,false,גבינת שמנת בטעם טבעי 200 גרם ארלה,ארלה פודס אמבה,DK,גבינת שמנת טבעי 24.5,גרמים,200.00,100 גרם,false,,13.90,0.0695,true,1,48590
5711953106590,false,גבינת שמנת עם שום 200 גרם ארלה,ארלה פודס אמבה,DK,גבינת שמנת שום 24% א,גרמים,200.00,100 גרם,false,,13.90,0.0695,true,1,48591
5711953106606,false,גבינת שמנת עם תבלינים ועשבי תיבול 23.5%,ארלה פודס אמבה,DK,גבינת שמנת עשבי תיבו,גרמים,200.00,100 גרם,false,,13.90,0.0695,true,1,48592
5800245802613,false,מארז 24 סביבוני פלסט,,,מארז 24 סביבוני פלסט,Unknown,0.00,יחידה,false,,11.90,0.0000,true,1,64917
5900020026552,false,דגני בוקר האני נאט צ'יריוס בטעם דבש ושקדים,נסטלה צרפת איטנקורט,FR,דגני בוקר האני נאט צ,גרמים,625.00,100 גרם,false,,19.90,0.0318,true,1,49359
5900020039590,false,פיטנס חטיף דגנים קלאסי פרווה 6 יח',נסטלה פולין דגני בוק,IL,חטיף דגנים קלאסי פיט,גרמים,141.00,100 גרם,false,,9.60,0.0681,true,1,58272
5900020039620,false,פיטנס חטיף דגנים שקדים ודבש פרווה,נסטלה פולין ברים,IL,חטיף דגנים שקדים ודב,גרמים,141.00,100 גרם,false,,9.60,0.0681,true,1,58273
5900020041142,false,קורנפלקס פיטנס 500 ג' אסם,נסטלה צרפת איטנקורט,PL,קורנפלקס פיטנס 500 ג,גרמים,500.00,100 גרם,false,,12.90,0.0258,true,1,64359
5900627066715,false,טבליות למדיח פיניש 1,רקיט בנקיזר,PL,טבליות פיניש 100 יח,Unknown,0.00,יחידה,false,,58.90,0.0000,true,1,25099
5900907000583,false,מלפפון בחומץ בצנצנת,ברצה אורבנק,PL,מלפפון בחומץ בצנצנת,גרמים,920.00,100 גרם,false,,13.90,0.0151,true,1,16420
5900907000835,false,מלפפון בחומץ אורבנק,אורבנק,PL,מלפפון בחומץ אורבנק,פריט,2.55,"ק""ג",false,,29.90,11.7255,true,1,16419
5901483010102,false,"חליטת תפו""ע פירות יע",bifix,,"חליטת תפו""ע פירות יע",גרמים,50.00,100 גרם,false,,7.90,0.1580,true,1,12237
5901483020309,false,חליטת פירות יער 25 ש,bifix,,חליטת פירות יער 25 ש,גרמים,50.00,100 גרם,false,,7.90,0.1580,true,1,12313
5901483060022,false,חליטת עלי מרווה ביופ,bifix,,חליטת עלי מרווה 20 ש,גרמים,40.00,100 גרם,false,,7.90,0.1975,true,1,12318
5901483060060,false,חליטת שומר 20 שקיקים,bifix,,חליטת שומר 20 שקיקים,גרמים,40.00,100 גרם,false,,7.90,0.1975,true,1,33856
5901483060206,false,חליטת מנטה 20 שקיקים,bifix,,חליטת מנטה 20 שקיקים,גרמים,40.00,100 גרם,false,,7.90,0.1975,true,1,12316
5901483060404,false,חליטת בבונג 20 שקיקי,bifix,,חליטת בבונג 20 שקיקי,גרמים,35.00,100 גרם,false,,7.90,0.2257,true,1,12235
5901483081027,false,חליטת לואיזה 20 שקיק,bifix,,חליטת לואיזה 20 שקיק,גרמים,35.00,100 גרם,false,,7.90,0.2257,true,1,12789
5902198160403,false,"משקה אנרגיה XL TEN פחית לל""ס 250מ""ל","טמפו משקאות בע""מ",IL,משקה אנרגיה אקסל ללא,מיליליטרים,250.00,"100 מ""ל",false,,3.90,0.0156,true,1,28015
5904941751302,false,"משקה אנרגיה בלו 250 מ""ל- בודד",אקו - ביט,PL,משקה אנרגיה בלו 250,מיליליטרים,250.00,"100 מ""ל",false,,4.50,0.0180,true,1,3281
5906485301012,false,"משקה אנרגיה XL פחית 250 מ""ל","טמפו משקאות בע""מ",IL,משקה אנרגיה אקסל 250,מיליליטרים,250.00,"100 מ""ל",false,,3.90,0.0156,true,1,4072
5997321770307,false,"ויט רצועות שעווה לעור רגיש, 12 יח'",רקיט בנקיזר,FR,רצועות שעווה לעור רג,Unknown,0.00,יחידה,false,,19.90,0.0000,true,1,48836
6009606260218,false,דגני בוקר וויטביקס 430 גרם,ויטביקס,GB,דגני בוקר וויטביקס 4,גרמים,450.00,100 גרם,false,,9.90,0.0220,true,1,61919
6102021100869,false,מארז 19 סוללות כפתור פאואר,,,מארז 19 סוללות כפתור,Unknown,0.00,יחידה,false,,14.90,0.0000,true,1,59123
6102022101506,false,בקבוק הזלפה,,,בקבוק הזלפה,Unknown,0.00,יחידה,false,,5.90,0.0000,true,1,64910
6102022101544,false,סביבון אקדח+פרופלורי,,,סביבון אקדח+פרופלורי,Unknown,0.00,יחידה,false,,9.90,0.0000,true,1,64911
6102022101551,false,סביבון דיסקיות+פרופל,,,סביבון דיסקיות+פרופל,Unknown,0.00,יחידה,false,,5.90,0.0000,true,1,64912
6102022101568,false,מארז סביבונים+פרופלו,,,מארז סביבונים+פרופלו,Unknown,0.00,יחידה,false,,14.90,0.0000,true,1,64908
6102022101575,false,קופסא לפתילות,,,קופסא לפתילות,Unknown,0.00,יחידה,false,,6.90,0.0000,true,1,64913
6111049000150,false,סרדין בשמן סויה לימו,אטלנטיק הום סרדינס א,MA,סרדין בשמן ולימון 12,גרמים,125.00,100 גרם,false,,4.90,0.0392,true,1,30543
6111049003106,false,מארז סרדין מרוקאי בש,אטלנטיק הום סרדינס א,MA,מארז סרדין מרוקאי בש,גרמים,500.00,100 גרם,false,,14.90,0.0298,true,1,46344
6111049003113,false,מארז סרדין מרוקאי בש,אטלנטיק הום סרדינס א,MA,מארז סרדין מרוקאי בש,גרמים,500.00,100 גרם,false,,14.90,0.0298,true,1,46345
6111119000011,false,קוסקוס מרוקאי פרידה,,,קוסקוס מרוקאי פרידה,פריט,1.00,"ק""ג",false,,12.90,12.9000,true,1,26216
6111119000028,false,קוסקוס פרידה 500 גרם,,,קוסקוס פרידה 500 גרם,גרמים,500.00,100 גרם,false,,5.90,0.0118,true,1,54812
6112014100301,false,נר הבדלה פמוט פירמיד,,,נר הבדלה פמוט פירמיד,Unknown,0.00,יחידה,false,,14.90,0.0000,true,1,12934
6112014100318,false,נר הבדלה דלוקס,,,נר הבדלה דלוקס,Unknown,0.00,יחידה,false,,5.90,0.0000,true,1,12933
6112015100072,false,ליפה חבלים,,,ליפה חבלים,Unknown,0.00,יחידה,false,,14.90,0.0000,true,1,14490
6112017100513,false,נר הבדלה דגם מס 7,,,נר הבדלה דגם מס 7,Unknown,0.00,יחידה,false,,12.90,0.0000,true,1,25678
6112017101862,false,שקית סינון לשמירת אי,,,שקית סינון לשמירת אי,Unknown,0.00,יחידה,false,,9.90,0.0000,true,1,29253
6112017103811,false,כדוריות אולינהום לאס,yiwu kai yun,CN,כדוריות אולינהום לאס,גרמים,224.00,100 גרם,false,,4.90,0.0219,true,1,39508
6112017103996,false,שקיות הקפאה פסגור או,יואן קאי יון,CN,שקיות הקפאה פסגור או,Unknown,0.00,יחידה,false,,14.90,0.0000,true,1,42648
6112017104016,false,שקיות אוכל פסגור אול,,,שקיות אוכל פסגור אול,Unknown,0.00,יחידה,false,,14.90,0.0000,true,1,43382
6112017104030,false,ספוג מסאג אמבטיה 2 י,,,ספוג מסאג אמבטיה 2 י,Unknown,0.00,יחידה,false,,13.90,0.0000,true,1,39720
6112017104313,false,נרות יום הולדת,,,נרות יום הולדת,Unknown,0.00,יחידה,false,,4.90,0.0000,true,1,43344
6112017105358,false,שקיות הקפאה 30 יח,,,שקיות הקפאה 30 יח,Unknown,0.00,יחידה,false,,14.90,0.0000,true,1,46988
6112017105556,false,כריות קרצוף זוג מסיל,,,כריות קרצוף זוג מסיל,Unknown,0.00,יחידה,false,,16.90,0.0000,true,1,47094
6112017105723,false,חוט דנטלי זוג,,,חוט דנטלי זוג,Unknown,0.00,יחידה,false,,9.90,0.0000,true,1,47535
6112017105860,false,אטבי כביסה מסיליקון,,,אטבי כביסה מסיליקון,Unknown,0.00,יחידה,false,,17.90,0.0000,true,1,48511
6112017105877,false,אטבי כביסה אולינהום,,,אטבי כביסה אולינהום,Unknown,0.00,יחידה,false,,17.90,0.0000,true,1,48512
6112017106256,false,אטבי כביסה אולינהום,,,אטבי כביסה אולינהום,Unknown,0.00,יחידה,false,,17.90,0.0000,true,1,49073
6112017106294,false,כפפות גומי L אולינהו,,,כפפות גומי L אולינהו,Unknown,0.00,יחידה,false,,8.90,0.0000,true,1,48827
6112017106782,false,ספוג למקלחת זוג,,,ספוג למקלחת זוג,Unknown,0.00,יחידה,false,,19.90,0.0000,true,1,53732
6112017106799,false,זוג מברשות לניקוי בק,,,זוג מברשות לניקוי בק,Unknown,0.00,יחידה,false,,11.90,0.0000,true,1,52108
6112017106881,false,כפפות גומי 4 יח' S א,,,כפפות גומי 4 יח' S א,Unknown,0.00,יחידה,false,,8.90,0.0000,true,1,52183
6112017106898,false,כפפות גומי 4 יח' M א,,,כפפות גומי 4 יח' M א,Unknown,0.00,יחידה,false,,8.90,0.0000,true,1,52184
6224009175062,false,תחתיות ארטישוק קפוא,O.K FRUIT,EG,תחתיות ארטישוק קפוא,פריט,1.00,"ק""ג",false,,9.90,9.9000,true,1,49219
6224009175123,false,"פול קפוא 1 ק""ג",O.K FRUIT,EG,"פול קפוא 1 ק""ג",פריט,1.00,"ק""ג",false,,13.90,13.9000,true,1,49220
6224009175147,false,"במיה קפואה 1 ק""ג",O.K FRUIT,EG,"במיה קפואה 1 ק""ג",פריט,1.00,"ק""ג",false,,9.90,9.9000,true,1,49221
6224009175192,false,"תות שדה 1 ק""ג קפוא ב",O.K FRUIT,EG,"תות שדה קפוא 1 ק""ג",פריט,1.00,"ק""ג",false,,14.90,14.9000,true,1,49222
6412700021027,false,וודקה פינלנדיה 1 ליט,,,וודקה פינלנדיה 1 ליט,קילוגרמים,1.00,ליטר,false,,74.90,74.9000,true,1,28614
6910191800287,false,אצות נורי בלו 10 דף (ננגטונג),ננטונג היידה אקווטוק,CN,אצות נורי לסושי מזרח,Unknown,0.00,יחידה,false,,11.90,0.0000,true,1,49093
6912977000140,false,אטריות שעועית מזרח ו,יאנטאי ינסידה לנוגקא,CN,אטריות שעועית מזרח ו,גרמים,250.00,100 גרם,false,,8.90,0.0356,true,1,49082
6921052701001,false,אצות ווקאמה מיובשות,ננטונג הידה אקוטיק פ,TH,אצות ווקאמה מיובשות,גרמים,40.00,100 גרם,false,,8.50,0.2125,true,1,64187
6922276100083,false,מחית וואסבי חזרת מזר,דליאן ג'ינדה קונדימנ,CN,מחית וואסבי חזרת מזר,גרמים,43.00,100 גרם,false,,9.90,0.2302,true,1,49094
6923634954713,false,מאגדת סטיקס 130 גרם,שנטו גאבט פודס ושות,CN,מאגדת סטיקס 130 גרם,גרמים,130.00,100 גרם,false,,9.90,0.0762,true,1,52470
6934731200078,false,אטריות טריות דקות מז,יאנטאי ינסידה לנוגקא,CN,אטריות טריות דקות מז,גרמים,200.00,100 גרם,false,,6.90,0.0345,true,1,64183
6934731210138,false,אטריות טריות עבות מז,יאנטאי ינסידה לנוגקא,CN,אטריות טריות עבות מז,גרמים,200.00,100 גרם,false,,6.90,0.0345,true,1,64184
6935487561246,false,מסיכה כירורגית שחורה מארז 50 יח',,,מסכות כירורגיות 50 י,Unknown,0.00,יחידה,false,,6.90,0.0000,true,1,54453
6936036519022,false,זוג כוסיות לנרונים פ,,,זוג כוסיות לנרונים פ,Unknown,0.00,יחידה,false,,7.90,0.0000,true,1,12983
6936745600462,false,רוטב מירין לתיבול מז,דאנינג יוה פודס קו,CN,מירין מזרח ומערב 500,מיליליטרים,500.00,"100 מ""ל",false,,17.90,0.0358,true,1,49104
6936745600783,false,חומץ אורז מזרח ומערב,דאנינג יוה פודס קו,CN,חומץ אורז מזרח ומערב,מיליליטרים,500.00,"100 מ""ל",false,,14.90,0.0298,true,1,49095
6952379521317,false,ספוג רחצה 3 יח',,,ספוג רחצה 3 יח',Unknown,0.00,יחידה,false,,12.90,0.0000,true,1,11123
6973350163388,false,מסכות כירורגיות 50 י,,,מסכות כירורגיות 50 י,Unknown,0.00,יחידה,false,,6.90,0.0000,true,1,50900
6974800740104,false,"טבעות תפו""ע טבעי עם",היאגואן,CN,"טבעות תפו""ע טבעי עם",גרמים,88.00,100 גרם,false,,12.90,0.1466,true,1,63072
6974800740203,false,"טבעות תפו""ע טבעי עם",היאגואן,CN,"טבעות תפו""ע טבעי עם",גרמים,88.00,100 גרם,false,,12.90,0.1466,true,1,63073
6974800740302,false,"טבעות תפו""ע טבעי מיו",היאגואן,CN,"טבעות תפו""ע טבעי מיו",גרמים,88.00,100 גרם,false,,12.90,0.1466,true,1,63074
6985425120165,false,ליפה לרחצה,,,ליפה לרחצה,Unknown,0.00,יחידה,false,,7.90,0.0000,true,1,4426
7162203029004,false,שמיכת פוך יחיד אינדי,,,שמיכת פוך יחיד אינדי,Unknown,0.00,יחידה,false,,99.90,0.0000,true,1,64504
7162203029011,false,שמיכת פוך זוגי אינדי,,,שמיכת פוך זוגי אינדי,Unknown,0.00,יחידה,false,,119.90,0.0000,true,1,64505
7290000000282,false,שום 12 ראשים,אראל תוצרת חקלאית בע,IL,שום 12 ראשים,Unknown,12.00,יחידה,false,,14.90,1.2417,true,1,613
7290000000411,false,שום ייבוא ליח,אראל תוצרת חקלאית בע,IL,שום 4 ראשים,Unknown,0.00,יחידה,false,,6.90,0.0000,true,1,19214
7290000000978,false,חסה גלאט ברכת קטיף,ברכת קטיף,IL,חסה גלאט ברכת קטיף,Unknown,0.00,יחידה,false,,6.90,0.0000,true,1,2599
7290000000985,false,פטרוזיליה גלאט ברכת,ברכת קטיף,IL,פטרוזיליה גלאט ברכת,Unknown,0.00,יחידה,false,,5.90,0.0000,true,1,2600
7290000001043,false,כרוב לבן ברכת קטיף,ברכת קטיף,IL,כרוב לבן ברכת קטיף,קילוגרמים,1.00,"ק""ג",true,,13.90,13.9000,true,1,2607
7290000001180,false,עוגיות שוקולד ציפס,אראל תוצרת חקלאית בע,IL,צנונית ארוזה,Unknown,0.00,יחידה,false,,3.90,0.0000,true,1,17031
7290000001524,false,מולוצנייה בייבי,מעדני מניה תעשיות בש,IL,בצל ירוק,Unknown,0.00,יחידה,false,,5.90,0.0000,true,1,2606
7290000001579,false,סלרי גלאט ברכת קטיף,ברכת קטיף,IL,סלרי גלאט ברכת קטיף,Unknown,0.00,יחידה,false,,5.90,0.0000,true,1,2604
7290000001609,false,סלק עלים גלאט,ברכת קטיף,IL,עלי סלק גלאט,Unknown,0.00,יחידה,false,,5.90,0.0000,true,1,2605
7290000001616,false,כוסברה גלאט ברכת קטי,ברכת קטיף,IL,כוסברה גלאט ברכת קטי,Unknown,0.00,יחידה,false,,5.90,0.0000,true,1,2601
7290000023007,false,"ברנדי שטוק 84 40% 750 מ""ל","יקבי ברקן בע""ם",IL,"ברנדי שטוק 84 750 מ""",מיליליטרים,750.00,"100 מ""ל",false,,64.90,0.0865,true,1,18864
7290000023809,false,"יין ברקן קלאסיק קברנה סובניון 750מ""ל",יקבי ברקן שיווק והפצ,IL,יין קלאסיק קברנה,מיליליטרים,750.00,"100 מ""ל",false,,27.90,0.0372,true,1,3832
7290000023816,false,"יין ברקן קלאסיק אמרלד ריזלינג 750מ""ל",יקבי ברקן שיווק והפצ,IL,יין קלאסיק אמרלד ריז,מיליליטרים,750.00,"100 מ""ל",false,,27.90,0.0372,true,1,3752
7290000023977,false,"יין ברקן קלאסיק מרלו 750 מ""ל",יקבי ברקן שיווק והפצ,IL,יין קלאסיק מרלו,מיליליטרים,750.00,"100 מ""ל",false,,27.90,0.0372,true,1,3107
7290000024202,false,"יין ברקן רזרב קברנה סובניון 750 מ""ל",ברקן שיווק והפצה בעמ,IL,יין רזרב קברנה סובני,מיליליטרים,750.00,"100 מ""ל",false,,38.90,0.0519,true,1,8650
7290000024264,false,"יין ברקן רזרב מרלו 750 מ""ל",כרמי צבי - אחים סגל,IL,יין רזרב מרלו,מיליליטרים,750.00,"100 מ""ל",false,,38.90,0.0519,true,1,8651
7290000024523,false,מיץ ענבים תירוש אדום,כרמי צבי - האחים סגל,IL,מיץ ענבים תירוש אדום,קילוגרמים,1.00,ליטר,false,,12.90,12.9000,true,1,55973
7290000024561,false,ברקן אסמבלאז' איתן 7,יקבי ברקן,IL,יין אסמבלאז איתן,מיליליטרים,750.00,"100 מ""ל",false,,49.90,0.0665,true,1,35303
7290000034256,false,ביסקוויט תירוש חצי מצופה הדר 175ג',אפיפית נצרת תעשיות ב,IL,ביסקוויט חצי מצופה ת,גרמים,175.00,100 גרם,false,,5.90,0.0337,true,1,38149
7290000040066,false,יוגורט דובדבן 3% שומן 150 ג' יופלה,תנובה מרכז שיתופי לש,IL,יופלה דובדבן 3% 150,מיליליטרים,150.00,"100 מ""ל",false,,4.70,0.0313,true,1,37389
7290000040301,false,"גבינת קולאז קממבר עין גדי 24%, 125 ג'",תנובה מרכז שיתופי לש,IL,גבינה קממבר 24% תנוב,גרמים,125.00,100 גרם,false,,17.90,0.1432,true,1,1016
7290000040318,false,גבינת ברי 24% קולאז עדי תנובה 125 ג',תנובה מרכז שיתופי לש,IL,גבינת עדי/ברי תנובה,גרמים,125.00,100 גרם,false,,17.90,0.1432,true,1,1017
7290000040974,false,חלב תנובה קרטון דל לקטוז 2% 1ל,תנובה מרכז שיתופי לש,IL,חלב טרי דל לקטוז 1 ל,קילוגרמים,1.00,ליטר,false,,6.90,6.9000,true,1,5181
7290000041407,false,"גיל לבן 3% תנובה 125 מ""ל בד""צ",תנובה מרכז שיתופי לש,IL,"גיל תנובה 125 מ""ל",מיליליטרים,125.00,"100 מ""ל",false,,0.90,0.0072,true,1,1095
7290000041445,false,קוטג' 5% תנובה מהדרין 250ג',מיוצר עי קונדיטוריית,IL,קוטג 5% תנובה 250 גר,גרמים,250.00,100 גרם,false,,5.50,0.0220,true,1,1096
7290000041452,false,קוטג תנובה מהדרין 9% 250ג,תנובה מרכז שיתופי לש,IL,קוטג 9% תנובה 250 גר,גרמים,250.00,100 גרם,false,,5.50,0.0220,true,1,1097
7290000041858,false,"שמנת חמוצה 15% יטבתה 200 מ""ל מהדרין",שטראוס גרופ,IL,שמנת חמוצה 15% יטבתה,מיליליטרים,200.00,"100 מ""ל",false,,2.50,0.0125,true,1,4990
7290000042015,false,חלב טרי 3% תנובה שקית 1ל' מהדרין,תנובה מרכז שיתופי לש,IL,חלב שקית 3% תנובה 1,קילוגרמים,1.00,ליטר,false,,5.30,5.3000,true,1,1101
7290000042671,false,חלב תנובה עמיד בדץ קרטון 3% 1ל,תנובה מרכז שיתופי לש,IL,חלב עמיד 3% תנובה 1,קילוגרמים,1.00,ליטר,false,,6.90,6.9000,true,1,1138
7290000042855,false,יוטבתה שוקו שקית 225מל,שטראוס גרופ,IL,שוקו שקית יטבתה 225,מיליליטרים,225.00,"100 מ""ל",false,,2.50,0.0111,true,1,4681
7290000043012,false,"שוקו עמיד 2% בקרטון 250 מ""ל תנובה",תנובה מרכז שיתופי לש,IL,שוקו עמיד תנובה 250,מיליליטרים,250.00,"100 מ""ל",false,,4.40,0.0176,true,1,1143
7290000043814,false,"שמנת מתוקה להקצפה 38% 250 מ""ל תנובה",תנובה מרכז שיתופי לש,IL,שמנת להקצפה 38% השף,מיליליטרים,250.00,"100 מ""ל",false,,6.40,0.0256,true,1,1149
7290000043890,false,רויון בקרטון 1 ליטר,תנובה מרכז שיתופי לש,IL,רויון 1.5% תנובה 1 ל,קילוגרמים,1.00,ליטר,false,,10.90,10.9000,true,1,1150
7290000044712,false,יוגורט עם תות 1.5% שומן 500 ג' פרילי,מיוצר עי קונדיטוריית,IL,פרילי תות 500 גרם,מיליליטרים,500.00,"100 מ""ל",false,,9.90,0.0198,true,1,1170
7290000044880,false,באדי יוגורט תות 3% שומן 500 ג' תנובה,מיוצר עי קונדיטוריית,IL,"באדי תות 500 מ""ל",מיליליטרים,500.00,"100 מ""ל",false,,8.90,0.0178,true,1,1171
7290000045399,false,ניר גבינה מותכת 26% 200ג,תנובה מרכז שיתופי לש,IL,גבינה מותכת 26% ניר,גרמים,200.00,100 גרם,false,,13.40,0.0670,true,1,1184
7290000045771,false,יוגורט 4% שומן 3 ל' תנובה,תנובה מרכז שיתופי לש,IL,משקה יוגורט 4% תנובה,קילוגרמים,3.00,ליטר,false,,26.90,8.9667,true,1,2779
7290000047546,false,כנען גבינה לבנה ללא מלח 5% 500 ג',תנובה מרכז שיתופי לש,IL,גבינת כנען 5% 500 גר,גרמים,500.00,100 גרם,false,,22.90,0.0458,true,1,1239
7290000047621,false,גבינה לבנה רכה 5% תנובה 250ג' מהדרין,תנובה מרכז שיתופי לש,IL,גבינה 5% תנובה 250 ג,גרמים,250.00,100 גרם,false,,4.90,0.0196,true,1,1240
7290000047942,false,**תנובה גבינה לבנה מהדרין 9% 250ג,תנובה מרכז שיתופי לש,IL,גבינה 9% תנובה 250 ג,גרמים,250.00,100 גרם,false,,4.90,0.0196,true,1,1241
7290000048185,false,גבינה לבנה 5% שומן 250 ג' תנובה,מיוצר עי קונדיטוריית,IL,גבינה 5% תנובה 250 ג,גרמים,250.00,100 גרם,false,,4.90,0.0196,true,1,15782
7290000048307,false,קוטג' 5% וזיתים ירוקים 250ג' תנובה,מיוצר עי קונדיטוריית,IL,קוטג עם זיתים 5% תנו,גרמים,250.00,100 גרם,false,,5.80,0.0232,true,1,1242
7290000048413,false,גבינה חמד %16 שקית 250 ג' פיראוס,תנובה מרכז שיתופי לש,IL,גבינת חמד 16% פיראוס,גרמים,250.00,100 גרם,false,,17.50,0.0700,true,1,1243
7290000048437,false,גבינה צפתית 5% 200 ג' פיראוס,פארייפאבה אגרואינדוס,IL,גבינה צפתית 5% פיראו,גרמים,200.00,100 גרם,false,,13.90,0.0695,true,1,1250
7290000048451,false,פיראוס חרמון מלוחה 16% 250ג,תנובה מרכז שיתופי לש,IL,גבינת חרמון 16% פירא,גרמים,250.00,100 גרם,false,,17.90,0.0716,true,1,1252
7290000050447,false,יוגורט תות 500 ג' יופלה,מיוצר עי קונדיטוריית,IL,יופלה תות 3% 500 גרם,מיליליטרים,500.00,"100 מ""ל",false,,12.60,0.0252,true,1,37440
7290000050454,false,יוגורט אפרסק 500 ג' יופלה,מיוצר עי קונדיטוריית,IL,יופלה אפרסק 3% 500 ג,מיליליטרים,500.00,"100 מ""ל",false,,12.60,0.0252,true,1,37426
7290000051307,false,מארז הפסקת אוכל עם דגני עוגי ומשקה חלב עמיד בטעם וניל,תנובה מרכז שיתופי לש,IL,מארז הפסקת אוכל דגני,מיליליטרים,150.00,"100 מ""ל",false,,8.90,0.0593,true,1,8416
7290000051376,false,יופלה דיאט אננס גביע 150 ג',תנובה מרכז שיתופי לש,IL,יופלה דיאט 0% אננס 1,גרמים,150.00,100 גרם,false,,4.70,0.0313,true,1,46637
7290000052311,false,גבינה צהובה לייט 15% 200 ג' עמק,תנובה מרכז שיתופי לש,IL,גבינה עמק מופחת שומן,גרמים,200.00,100 גרם,false,,14.90,0.0745,true,1,4705
7290000052649,false,גבינת לאבנה 5% שומן 500 ג' פיראוס,תנובה מרכז שיתופי לש,IL,לאבנה על בסיס יוגורט,גרמים,500.00,100 גרם,false,,18.90,0.0378,true,1,3967
7290000052717,false,קוטג' 5%עם שום שמיר 250 ג' תנובה,מיוצר עי קונדיטוריית,IL,קוטג עם שום שמיר 5%,גרמים,250.00,100 גרם,false,,5.80,0.0232,true,1,7515
7290000052946,false,"יופלה לבן מעודן מאגדת שמינייה בד""צ",תנובה מרכז שיתופי לש,IL,מארז יופלה וניל במתי,גרמים,800.00,100 גרם,false,,19.90,0.0249,true,1,4099
7290000055015,false,גבינת פיראוס פטה כבשים 5% 250 ג' פיראוס,תנובה מרכז שיתופי לש,IL,גבינת פטה כבשים 5% פ,גרמים,250.00,100 גרם,false,,24.90,0.0996,true,1,4892
7290000055329,false,יופלה משקה יוגורט תות מלון 1.5% 250מל.,תנובה מרכז שיתופי לש,IL,משקה יוגורט יופלה תו,גרמים,250.00,100 גרם,false,,4.90,0.0196,true,1,37536
7290000055336,false,יופלה משקה יוגורט בננה אפרסק 1.5% 250מל,תנובה מרכז שיתופי לש,IL,משקה יוגורט יופלה בנ,גרמים,250.00,100 גרם,false,,4.90,0.0196,true,1,37537
7290000055893,false,חמאה משמנת מפוסטרת 200ג' כ.מהדרין,תנובה מרכז שיתופי לש,IL,חמאה תנובה 200 גרם,גרמים,200.00,100 גרם,false,,7.60,0.0380,true,1,5457
7290000056760,false,"עמק פרוס בקופסא בד""צ",תנובה מרכז שיתופי לש,IL,גבינה עמק 28% 400 גר,גרמים,400.00,100 גרם,false,,28.90,0.0722,true,1,6982
7290000056845,false,חלב טרי 3% הומוגני קרטון 1.5 ל' תנובה,פארייפאבה אגרואינדוס,IL,חלב 3% תנובה 1.5 ליט,קילוגרמים,1.50,ליטר,false,,9.30,6.2000,true,1,58506
7290000056883,false,יופלה מאגדת פרי 3% 8 יח' * 150 ג',תנובה מרכז שיתופי לש,IL,מארז יופלה פרי 8*150,פריט,1.20,"ק""ג",false,,27.90,23.2500,true,1,37483
7290000056890,false,דיאט יופלה שמינייה טעמים שונים,מיוצר עי קונדיטוריית,IL,מארז יופלה פרי דיאט,קילוגרמים,1.20,ליטר,false,,27.90,23.2500,true,1,36847
7290000056951,false,"שמנת לבישול 15% שומן 500 מ""ל תנובה",תנובה מרכז שיתופי לש,IL,שמנת לבישול 15% השף,מיליליטרים,500.00,"100 מ""ל",false,,15.90,0.0318,true,1,6168
7290000057088,false,גבינת דק דק 28% 200 ג' עמק,תנובה מרכז שיתופי לש,IL,גבינה עמק דק דק 28%,גרמים,200.00,100 גרם,false,,14.90,0.0745,true,1,9240
7290000057477,false,חלב טרי 3% הומוגני תנובה קרטון 1.5 ל',תנובה מרכז שיתופי לש,IL,חלב 3% תנובה 1.5 ליט,קילוגרמים,1.50,ליטר,false,,9.30,6.2000,true,1,6271
7290000057934,false,משקאות חלב תנובה שוקו בדץ 1ל,תנובה מרכז שיתופי לש,IL,משקה שוקו תנובה 1 לי,קילוגרמים,1.00,ליטר,false,,11.90,11.9000,true,1,6439
7290000058047,false,**שף לבן שמנת מתוקה מהדרין 38% פקק 500מ,תנובה מרכז שיתופי לש,IL,שמנת להקצפה 38% השף,גרמים,500.00,100 גרם,false,,12.80,0.0256,true,1,6542
7290000058979,false,גיל בטעם תות 3% שומן 125 ג' תנובה,תנובה מרכז שיתופי לש,IL,גיל בטעם תות תנובה 1,גרמים,125.00,100 גרם,false,,1.30,0.0104,true,1,7225
7290000060071,false,אוסם - חטיפי פריכונים מאורז מלא קלוי 80גר,"מיוצר ע""י PT, משווק",IL,פריכונים אורז מלא 80,גרמים,80.00,100 גרם,false,,6.90,0.0863,true,1,32308
7290000060088,false,בייגלה אסם מקלות מלוחים 400 גרם,מיוצר עי קונדיטוריית,IL,בייגלה מקלות מלח אסם,גרמים,400.00,100 גרם,false,,7.90,0.0198,true,1,4691
7290000060163,false,פסטה אסם אטריות דקות 400גר,"אסם השקעות בע""מ",IL,אטריות דקות אסם 400,גרמים,400.00,100 גרם,false,,4.90,0.0123,true,1,1521
7290000060200,false,פסטה אסם פתיתים אפויים קוסקוס 500גר,"אסם השקעות בע""מ",IL,פתיתים קוסקוס אסם 50,גרמים,500.00,100 גרם,false,,4.90,0.0098,true,1,1522
7290000060248,false,פסטה אסם פתיתים תלתלים 500גר,קריות זול,IT,פסטה תלתלים אסם 500,גרמים,500.00,100 גרם,false,,4.90,0.0098,true,1,1524
7290000060316,false,פסטה פרפקטו ספגטי 500ג' אסם,קריות זול,IT,ספגטי פרפקטו 500 גרם,גרמים,500.00,100 גרם,false,,4.90,0.0098,true,1,27843
7290000060408,false,פסטה אסם פתיתים אפויים טבעות 500 גר,"אסם השקעות בע""מ",IL,פתיתים טבעות אסם 500,גרמים,500.00,100 גרם,false,,4.90,0.0098,true,1,1526
7290000060415,false,פסטה פרפקטו לזאניה אסם 500ג',קריות זול,IT,לזניה פרפקטו 500 גרם,גרמים,500.00,100 גרם,false,,12.90,0.0258,true,1,32413
7290000060576,false,פסטה אסם פתיתים אפוי כוכב 500גר,"אסם השקעות בע""מ",IL,פתיתים כוכבים אסם 50,גרמים,500.00,100 גרם,false,,4.90,0.0098,true,1,1528
7290000060781,false,פסטה אסם פתיתים מסולסלים 500גר,קריות זול,IT,פסטה מסולסלת אסם 500,גרמים,500.00,100 גרם,false,,4.90,0.0098,true,1,1530
7290000060828,false,פסטה קרניים בינוניות 500 ג' אסם,קריות זול,IT,פסטה קרניים אסם 500,גרמים,500.00,100 גרם,false,,4.90,0.0098,true,1,1531
7290000060842,false,פסטה אסם פתיתים צדפים גדולים 500גר,קריות זול,IT,פסטה צדפים גדולים אס,גרמים,500.00,100 גרם,false,,4.90,0.0098,true,1,1532
7290000060880,false,פסטה מס' 8 ספגטי אסם 500ג',קריות זול,IT,ספגטי אסם 500 גרם,גרמים,500.00,100 גרם,false,,4.90,0.0098,true,1,1534
7290000060903,false,פסטה אסם פתיתים אפויים אורז 500גר,"אסם השקעות בע""מ",IL,פתיתים אורז אסם 500,גרמים,500.00,100 גרם,false,,4.90,0.0098,true,1,1535
7290000060958,false,פסטה אסם אטריות בינוניות 400 גרם,"אסם השקעות בע""מ",IL,אטריות בינוניות אסם,גרמים,400.00,100 גרם,false,,4.90,0.0123,true,1,1536
7290000060965,false,פסטה אסם אטריות רחבות 400גר,"אסם השקעות בע""מ",IL,אטריות רחבות אסם 400,גרמים,400.00,100 גרם,false,,4.90,0.0123,true,1,1537
7290000061061,false,קרקר בצל אסם 250 גרם,"אסם השקעות בע""מ",IL,קרקר בצל אסם 250 גרם,גרמים,250.00,100 גרם,false,,7.90,0.0316,true,1,1540
7290000061085,false,"רוטב צ'ילי מתוק אסם 290מ""ל","אסם השקעות בע""מ",IL,רוטב צילי מתוק אסם 2,מיליליטרים,290.00,"100 מ""ל",false,,9.90,0.0341,true,1,1541
7290000061214,false,פתיתים אפויים קוסקוס עם בצל אסם 500 גר',"אסם השקעות בע""מ",IL,פתיתים עם בצל אסם 50,גרמים,500.00,100 גרם,false,,4.90,0.0098,true,1,3151
7290000061245,false,עוגיות שוקוצ'יפס ממולאו שוקו' אסם 220ג',מיוצר עי קונדיטוריית,IL,עוגיות שוקולד ציפס מ,גרמים,220.00,100 גרם,false,,9.90,0.0450,true,1,1543
7290000061764,false,נסקפה רד מאג טעם חדש 200ג',נסטלה ספרד קפה,ES,קפה נמס מגורען רד מא,גרמים,200.00,100 גרם,false,,21.90,0.1095,true,1,1545
7290000062129,false,"פודינג אינסטנט טעם וניל 1ק""ג אסם","אסם השקעות בע""מ",IL,פודינג אינסטנט וניל,פריט,1.00,"ק""ג",false,,19.90,19.9000,true,1,1548
7290000063140,false,שקדי מרק רכיבים טבעיים בשקית 400 ג' אסם,"אסם השקעות בע""מ",IL,שקדי מרק אסם 400 גרם,גרמים,400.00,100 גרם,false,,9.60,0.0240,true,1,1574
7290000063157,false,"קמח תופח מאליו אסם 1 ק""ג","אסם השקעות בע""מ",IL,"קמח תופח אסם 1 ק""ג",פריט,1.00,"ק""ג",false,,7.90,7.9000,true,1,1575
7290000064871,false,"אוסם - מנה חמה פירה תפו""א עם בצל 56 גרם","אסם השקעות בע""מ",IL,מנה חמה פירה בצל אסם,גרמים,56.00,100 גרם,false,,4.90,0.0875,true,1,1592
7290000065090,false,מיני קרוטונים למרק ולסלט 400 ג' אסם,עינת תעשיות מזון,IL,מיני קרוטונים למרק/ס,גרמים,400.00,100 גרם,false,,20.90,0.0522,true,1,1599
7290000065335,false,אוסם - מנה חמה פירה עם ירקות 55 גרם,"אסם השקעות בע""מ",IL,מנה חמה פירה עם ירקו,גרמים,55.00,100 גרם,false,,4.90,0.0891,true,1,1605
7290000065557,false,אוסם - מנה חמה קוסקוס עם ירקות 84 גרם,"אסם תעשיות מזון בע""מ",IL,מנה חמה קוסקוס וירקו,גרמים,84.00,100 גרם,false,,4.90,0.0583,true,1,16483
7290000065977,false,חטיפי פריכונים תירס שומשום 80 ג' אוסם,"מיוצר ע""י פרח, משווק",IL,פריכונים תירס 80 גרם,גרמים,80.00,100 גרם,false,,6.90,0.0863,true,1,50001
7290000066134,false,ביסלי בטעם פלאפל אסם,"אסם השקעות בע""מ",IL,ביסלי פלאפל 70 גרם,גרמים,70.00,100 גרם,false,,3.90,0.0557,true,1,1609
7290000066141,false,ביסלי בטעם גריל אסם,"אסם השקעות בע""מ",IL,ביסלי גריל 70 גרם,גרמים,70.00,100 גרם,false,,3.90,0.0557,true,1,1610
7290000066172,false,ביסלי בטעם פיצה אסם,"אסם השקעות בע""מ",IL,ביסלי פיצה 70 גרם,גרמים,70.00,100 גרם,false,,3.90,0.0557,true,1,1613
7290000066189,false,ביסלי גדול בטעם פלאפל 200 ג' אסם,"אסם השקעות בע""מ",IL,ביסלי פלאפל 200 גרם,גרמים,200.00,100 גרם,false,,6.50,0.0325,true,1,26527
7290000066196,false,ביסלי גדול בטעם גריל 200 ג' אסם,מיוצר עי קונדיטוריית,IL,ביסלי גריל 200 גרם,גרמים,200.00,100 גרם,false,,6.50,0.0325,true,1,26528
7290000066226,false,ביסלי בטעם פיצה 200 ג' אסם,מיוצר עי קונדיטוריית,IL,ביסלי פיצה 200 גרם,גרמים,200.00,100 גרם,false,,6.50,0.0325,true,1,26531
7290000066264,false,אוסם - חטיף דובונים 40 גרם,"אסם השקעות בע""מ",IL,דובונים 40 גרם,גרמים,40.00,100 גרם,false,,3.90,0.0975,true,1,1614
7290000066318,false,במבה קלאסי 80 גרם,"אסם השקעות בע""מ",IL,במבה 80 גרם,גרמים,80.00,100 גרם,false,,3.90,0.0487,true,1,1616
7290000066431,false,פופקו חטיף תירס בטעם חמאה ודבש 80 גרם,מיוצר עי קונדיטוריית,IL,פופקו 80 גרם,גרמים,80.00,100 גרם,false,,4.50,0.0563,true,1,1618
7290000067599,false,אוסם - מנה חמה ספגטי רוטב בולנז 65 גרם,"אסם השקעות בע""מ",IL,מנה חמה ספגטי בולונז,גרמים,65.00,100 גרם,false,,4.90,0.0754,true,1,1657
7290000068138,false,אסם פודינג אינסטנט וניל 80 גרם,מיוצר עי קונדיטוריית,IL,פודינג אינסטנט וניל,גרמים,80.00,100 גרם,false,,4.90,0.0613,true,1,1705
7290000068190,false,ג'לי תות שדה צבע טבעי 85 ג',מיוצר עי קונדיטוריית,IL,גלי בטעם תות אסם 85,גרמים,85.00,100 גרם,false,,5.90,0.0694,true,1,1707
7290000068206,false,ג'לי משמש אסם צבע טבעי 85 ג',מיוצר עי קונדיטוריית,IL,גלי בטעם משמש אסם 80,גרמים,85.00,100 גרם,false,,5.90,0.0694,true,1,1708
7290000068343,false,אוסם - פירכונים מאורז מלא 140 גרם,"מיוצר ע""י PT, משווק",IL,פריכונים מאורז מלא א,גרמים,140.00,100 גרם,false,,6.90,0.0493,true,1,4956
7290000070308,false,אבקת מרק עוף אמיתי במיכל 400 גרם,"אסם השקעות בע""מ",IL,מרק עוף אמיתי אסם 40,גרמים,400.00,100 גרם,false,,14.90,0.0373,true,1,1734
7290000070322,false,אבקת מרק פטריות רכיבים טבעיים אוסם 400 ג',"אסם השקעות בע""מ",IL,מרק פטריות ר.טבעיים,גרמים,400.00,100 גרם,false,,19.90,0.0497,true,1,1735
7290000070353,false,אבקת מרק בצל רכיבים טבעיים 400 ג' אסם,"אסם השקעות בע""מ",IL,מרק בצל ר.טבעיים אסם,גרמים,400.00,100 גרם,false,,19.90,0.0497,true,1,1736
7290000072241,false,אסם רוטב לפיצה בקבוק,"אסם השקעות בע""מ",IL,רוטב לפיצה אסם 320 מ,מיליליטרים,320.00,"100 מ""ל",false,,8.90,0.0278,true,1,1742
7290000072623,false,אסם קטשופ בקבוק לחיץ,"אסם השקעות בע""מ",IL,קטשופ לחיץ אסם 750 ג,גרמים,750.00,100 גרם,false,,8.70,0.0116,true,1,1743
7290000072630,false,קטשופ חריף אוסם 750 ג',"אסם השקעות בע""מ",IL,קטשופ חריף אסם 750 ג,גרמים,750.00,100 גרם,false,,12.90,0.0172,true,1,1744
7290000072753,false,קפה טייסטר צ'ויס קפה מגורען 200ג',נסטלה קוריאה - קפה,IL,קפה נמס טסטרס צויס 2,גרמים,200.00,100 גרם,false,,29.90,0.1495,true,1,1746
7290000072777,false,קפה טייסטר צ'ויס מגור' נ.קפאין 200ג',נסטלה קוריאה - קפה,IL,קפה נמס טסטרס צויס נ,גרמים,200.00,100 גרם,false,,35.90,0.1795,true,1,1747
7290000073415,false,אוסם - מנה חמה פסטה ברוטב פיצה 61 גרם,"אסם השקעות בע""מ",IL,מנה חמה פסטה רוטב פי,גרמים,61.00,100 גרם,false,,4.90,0.0803,true,1,2080
7290000073750,false,אוסם - מנה חמה נודלס בטעם עוף 70 גרם,טאי רזידנט,CN,מנה חמה נודלס בטעם ע,גרמים,70.00,100 גרם,false,,4.90,0.0700,true,1,4409
7290000073767,false,אוסם - מנה חמה נודלס בטעם בקר 70 גרם,טאי רזידנט,CN,מנה חמה נודלס בטעם ב,גרמים,71.00,100 גרם,false,,4.90,0.0690,true,1,2081
7290000073774,false,אוסם - מנה חמה נודלס בטעם פיקנטי 70 גרם,טאי רזידנט,CN,מנה חמה נודלס פיקנטי,גרמים,70.00,100 גרם,false,,4.90,0.0700,true,1,4410
7290000074153,false,ביסקוויט פתיבר שוקו,מיוצר עי קונדיטוריית,IL,פתיבר שוקו אסם 500 ג,גרמים,500.00,100 גרם,false,,6.90,0.0138,true,1,20651
7290000074184,false,אוסם - פתי בר בינוני 500 גרם,"אסם השקעות בע""מ",IL,פתיבר אסם 500 גרם,גרמים,500.00,100 גרם,false,,6.90,0.0138,true,1,20537
7290000074245,false,אוסם - קרם קרקר אסם 250 גרם,"אסם השקעות בע""מ",IL,קרם קרקר 250 גרם,גרמים,250.00,100 גרם,false,,7.80,0.0312,true,1,2083
7290000074252,false,קרקר אסם שומשום 250 גרם,"אסם השקעות בע""מ",IL,קרקר שומשום אסם 250,גרמים,250.00,100 גרם,false,,7.90,0.0316,true,1,2084
7290000074276,false,קרקר פיקנטי טבעון 250 ג' אסם,"אסם השקעות בע""מ",IL,קרקר קלאסי אסם 250 ג,גרמים,250.00,100 גרם,false,,7.90,0.0316,true,1,2085
7290000074375,false,אוסם - קרקר זהב 150 גרם,"אסם השקעות בע""מ",IL,קרקר זהב 150 גרם,גרמים,150.00,100 גרם,false,,6.50,0.0433,true,1,2087
7290000074481,false,לחמית אגוזים אסם 160 ג',"אסם השקעות בע""מ",IL,לחמית אגוזים 160 גרם,גרמים,160.00,100 גרם,false,,7.90,0.0494,true,1,5826
7290000074696,false,"קרם קרקר 1 ק""ג אוסם","אסם השקעות בע""מ",IL,"קרם קרקר 1 ק""ג",פריט,1.00,"ק""ג",false,,19.90,19.9000,true,1,2088
7290000074764,false,קרקר זהב אסם 900 גרם,אסם תעשיות,IL,קרקר זהב 900 גרם,גרמים,900.00,100 גרם,false,,19.90,0.0221,true,1,2092
7290000075204,false,אוסם - לחמית חיטה מלאה 250 גרם,"אסם השקעות בע""מ",IL,לחמית חיטה מלאה 250,גרמים,250.00,100 גרם,false,,7.90,0.0316,true,1,2094
7290000075693,false,עוגת הבית שמרים בריוש שוקולד 360ג',מיוצר עי קונדיטוריית,IL,עוגת שמרים בריוש שוק,גרמים,360.00,100 גרם,false,,14.90,0.0414,true,1,5364
7290000076133,false,בייגלה שמיניות קטנות 400 גרם אסם,"אסם השקעות בע""מ",IL,בייגלה שמיניות מלח א,גרמים,300.00,100 גרם,false,,7.90,0.0263,true,1,2096
7290000077017,false,עוגיות קרמוגית וקרם שוקולד אסם 200 גרם,מיוצר עי קונדיטוריית,IL,עוגיות ממולאות שוקול,גרמים,200.00,100 גרם,false,,9.90,0.0495,true,1,2107
7290000077253,false,אוסם - לחמית כפרית עם דגנים מלאים 190 גרם,"אסם השקעות בע""מ",IL,לחמית כפרית 190 גרם,גרמים,190.00,100 גרם,false,,7.90,0.0416,true,1,4219
7290000078762,false,אוסם - חטיפי פריכונים מאורז מלא בטעם דבש 80גר,סנורייס בלגיום אן. ו,BE,פריכונים אורז מלא וד,גרמים,80.00,100 גרם,false,,6.90,0.0863,true,1,2117
7290000081663,false,בייגלה אסם טבעות שומשום 300 גרם,מיוצר עי קונדיטוריית,IL,בייגלה טבעות שומשום,גרמים,300.00,100 גרם,false,,7.90,0.0263,true,1,2140
7290000100197,false,לקט אפונה תירס וגזר סנפרוסט 700 גר',סנפרוסט בעמ,IL,לקט אפונה תירס וגזר,גרמים,700.00,100 גרם,false,,12.90,0.0184,true,1,30723
7290000100289,false,"לקט השדה קפוא סנפרוסט 600 גר' בד""צ",סנפרוסט בעמ,IL,לקט ירקות השדה סנפרו,גרמים,700.00,100 גרם,false,,19.90,0.0284,true,1,39251
7290000100302,false,פול ירוק ללא קליפה 600ג',"סנפרוסט בע""מ",IL,פול ירוק קלוף סנפרוס,גרמים,600.00,100 גרם,false,,14.90,0.0248,true,1,44126
7290000100593,false,פרוסות אנטיפסטי לתנור סנפורסט 600 ג',"סנפרוסט בע""מ",IL,פרוסות אנטיפסטי לתנו,גרמים,600.00,100 גרם,false,,14.90,0.0248,true,1,49798
7290000100609,false,קוביות אנטי פסטי להקפצה סנפורסט 600 ג',"סנפרוסט בע""מ",IL,קוביות אנטיפסטי להקפ,גרמים,600.00,100 גרם,false,,14.90,0.0248,true,1,49714
7290000100975,false,שעועית ירוקה עדינה סנפרוסט 600ג',סנפרוסט בעמ,IL,שעועית ירוקה עדינה ש,גרמים,600.00,100 גרם,false,,16.90,0.0282,true,1,30724
7290000103501,false,"שעועית ירוקה חתוכה סנפרוסט 700 גר' בד""צ",סנפרוסט בעמ,IL,שעועית ירוקה חתוכה ס,גרמים,700.00,100 גרם,false,,15.90,0.0227,true,1,11017
7290000103525,false,"סנפרוסט גזר גמדי בד""ץ 700גר",סנפרוסט בעמ,IL,גזר גמדי סנפרוסט 700,גרמים,700.00,100 גרם,false,,12.90,0.0184,true,1,11019
7290000103532,false,"סנפרוסט גרעיני תירס בד""ץ 700גר",סנפרוסט בעמ,IL,גרעיני תירס סנפרוסט,גרמים,700.00,100 גרם,false,,13.90,0.0199,true,1,11020
7290000103549,false,אפונה עדינה קפואה סנפרוסט 600 ג' בדץ,סנפרוסט בעמ,IL,אפונה עדינה סנפרוסט,גרמים,600.00,100 גרם,false,,14.90,0.0248,true,1,11021
7290000103556,false,גרגירי חומוס מבושל סנפרוסט 700ג' בדצ,סנפרוסט בעמ,IL,גרגירי חומוס מבושלים,גרמים,700.00,100 גרם,false,,12.90,0.0184,true,1,11022
7290000104218,false,במיה סנפרוסט 600 גרם,"איי, בי, אינבוו",IL,במיה סנפרוסט 600 גרם,גרמים,600.00,100 גרם,false,,14.90,0.0248,true,1,25
7290000104713,false,פול ירוק סנפרוסט 800 ג',"איי, בי, אינבוו",IL,פול ירוק סנפרוסט 800,גרמים,800.00,100 גרם,false,,19.90,0.0249,true,1,30
7290000104768,false,תרד עלים סנפרוסט 800 ג ',"איי, בי, אינבוו",IL,עלי תרד סנפרוסט 800,גרמים,800.00,100 גרם,false,,19.90,0.0249,true,1,13922
7290000104775,false,תרד מדליונים סנפרוסט,"איי, בי, אינבוו",IL,מדליוני תרד סנפרוסט,גרמים,800.00,100 גרם,false,,19.90,0.0249,true,1,13923
7290000104799,false,שעועית לבנה מבושלת סנפרוסט 800גר,"איי, בי, אינבוו",IL,שעועית לבנה סנפרוסט,גרמים,800.00,100 גרם,false,,13.90,0.0174,true,1,31
7290000107189,false,תחתיות ארטישוק סנפרוסט 400גר,"איי, בי, אינבוו",IL,תחתיות ארטישוק סנפרו,גרמים,400.00,100 גרם,false,,14.90,0.0373,true,1,37
7290000111353,false,"מיונז אמיתי תלמה 1 ק""ג",יוניליוור ישראל מזון,IL,"מיונז תלמה 1 ק""ג",פריט,1.00,"ק""ג",false,,16.90,16.9000,true,1,46
7290000112237,false,"בארכה טחינה גולמית, 1 ק""ג",רושדי תעשיות מזון בע,IL,"טחינה בארכה 1 ק""ג",פריט,1.00,"ק""ג",false,,19.90,19.9000,true,1,16484
7290000121079,false,גבינה מון בלאן 9% שום שמיר 120ג',שלושת האופים,IL,גבינה מותכת שום שמיר,גרמים,120.00,100 גרם,false,,8.90,0.0742,true,1,96
7290000121093,false,גבינה מון בלאן שוויצרית 120ג',האי נאם סי או אל.טי.,IL,גבינה מותכת שוויצרי,גרמים,120.00,100 גרם,false,,8.90,0.0742,true,1,97
7290000121109,false,"גבינת מון בלאן זיתים, 120 ג'",האי נאם סי או אל.טי.,IL,גבינה מותכת זיתים 7%,גרמים,120.00,100 גרם,false,,8.90,0.0742,true,1,98
7290000133645,false,אורביטול משחת שיניים סודה שלישיה* 145 ג',טרופיקל דגיל,IL,משחת אורביטול הלבנה,גרמים,435.00,100 גרם,false,,16.50,0.0379,true,1,135
7290000135045,false,"משקה אנרגיה XL TEN תפוח 250 מ""ל","טמפו משקאות בע""מ",IL,משקה אנרגיה אקסל תן,מיליליטרים,250.00,"100 מ""ל",false,,3.90,0.0156,true,1,45820
7290000135052,false,"משקה אנרגיה XL TEN מנגו 250 מ""ל","טמפו משקאות בע""מ",IL,משקה אנרגיה אקסל תן,מיליליטרים,250.00,"100 מ""ל",false,,3.90,0.0156,true,1,45821
7290000135113,false,"משקה אנרגיה XL פחית ten נענע ליים 250 מ""ל",טמפו,IL,משקה אנרגיה אקסל נענ,מיליליטרים,250.00,"100 מ""ל",false,,3.90,0.0156,true,1,48871
7290000135465,false,"מי סודה 500 מ""ל - מארז 12 בקבוקים",טמפו,IL,מארז סודה טמפו 12*50,קילוגרמים,6.00,ליטר,false,,24.90,4.1500,true,1,56208
7290000135595,false,פפסי מקס בטעם דובדבן 1.5 ליטר,"איי, בי, אינבוו",IL,פפסי מקס דובדבן 1.5,קילוגרמים,1.50,ליטר,false,,6.90,4.6000,true,1,56212
7290000135663,false,"פפסי מקס דובדבן פחית צרה מארז שישייה 330 מ""ל",אלפא S.A,AL,מארז פפסי מקס דובדבן,קילוגרמים,1.98,ליטר,false,,16.90,8.5354,true,1,63204
7290000136141,false,משקה בטעם קולה 1.5ל' פפסי,פפסי Pepsi,IL,פפסי קולה 1.5 ליטר,קילוגרמים,1.50,ליטר,false,,6.90,4.6000,true,1,58984
7290000136158,false,פפסי מקס 1.5 ליטר פיקדון,פפסי Pepsi,IL,פפסי מקס 1.5 ליטר,קילוגרמים,1.50,ליטר,false,,6.90,4.6000,true,1,58985
7290000136165,false,מירינדה בקבוק 1.5 לי,מירינדה Mirinda,IL,מירינדה 1.5 ליטר,קילוגרמים,1.50,ליטר,false,,6.90,4.6000,true,1,58986
7290000136172,false,סבן אפ בקבוק 1.5 ליט,סבן אפ 7up,IL,סבן אפ 1.5 ליטר,קילוגרמים,1.50,ליטר,false,,6.90,4.6000,true,1,58987
7290000136189,false,דיאט סבן אפ 1.5 ליטר FREE,סבן אפ 7up,IL,סבן אפ דיאט 1.5 ליטר,קילוגרמים,1.50,ליטר,false,,6.90,4.6000,true,1,58981
7290000136455,false,משקה בטעם אשכוליות תריסר 1.5 ל' ג'אמפ,ג'אמפ,IL,גאמפ אשכוליות 1.5 לי,קילוגרמים,1.50,ליטר,false,,6.90,4.6000,true,1,58951
7290000136486,false,משקה בטעם אשכוליות דיאט תריסר 1.5 ל' ג'אמפ,ג'אמפ,IL,גאמפ אשכוליות דיאט 1,קילוגרמים,1.50,ליטר,false,,6.90,4.6000,true,1,58952
7290000136516,false,משקה בטעם מנגו פסיפלורה תריסר 1.5 ל' ג'אמפ,ג'אמפ,IL,גאמפ מנגו פסיפלורה 1,קילוגרמים,1.50,ליטר,false,,6.90,4.6000,true,1,58948
7290000136523,false,משקה בטעם ענבים תריסר 1.5 ל' ג'אמפ,ג'אמפ,IL,גאמפ ענבים 1.5 ליטר,קילוגרמים,1.50,ליטר,false,,6.90,4.6000,true,1,58953
7290000136561,false,משקה בטעם תות בננה תריסר 1.5 ל' ג'אמפ,ג'אמפ,IL,גאמפ תות בננה 1.5 לי,קילוגרמים,1.50,ליטר,false,,6.90,4.6000,true,1,58954
7290000136585,false,משקה בטעם תפוזים תריסר 1.5 ל' ג'אמפ,ג'אמפ,IL,גאמפ תפוז 1.5 ליטר,קילוגרמים,1.50,ליטר,false,,6.90,4.6000,true,1,58950
7290000136608,false,משקה בטעם תפוח צלול תריסר 1.5 ל' ג'אמפ,ג'אמפ,IL,גאמפ תפוח 1.5 ליטר,קילוגרמים,1.50,ליטר,false,,6.90,4.6000,true,1,58976
7290000136646,false,משקה מאלט תריסר 1.5 ל' נשר,טמפו,IL,בירה נשר מאלט 1.5 לי,קילוגרמים,1.50,ליטר,false,,7.90,5.2667,true,1,58945
7290000136653,false,משקה מאלט דיאט תריסר 1.5 ל' נשר,טמפו,IL,בירה נשר מאלט דיאט 1,קילוגרמים,1.50,ליטר,false,,7.90,5.2667,true,1,58946
7290000136691,false,מארז שישייה סבן אפ 1.5 ל',סבן אפ 7up,IL,מארז סבן אפ 6 *1.5 ל,קילוגרמים,9.00,ליטר,false,,35.90,3.9889,true,1,58988
7290000136752,false,סבן אפ דיאט מארז שישייה 1.5 ל' FREE,"טמפו משקאות בע""מ",IL,מארז סבן אפ דיאט 6*,קילוגרמים,9.00,ליטר,false,,35.90,3.9889,true,1,58982
7290000136769,false,מארז שישיה בטעם קולה 1.5 ל' פפסי,פפסי Pepsi,IL,מארז פפסי קולה 6*1.5,קילוגרמים,9.00,ליטר,false,,35.90,3.9889,true,1,58989
7290000136776,false,מארז פפסי מקס שישיה 1.5ל',פפסי Pepsi,IL,מארז פפסי מקס 6*1.5,קילוגרמים,9.00,ליטר,false,,35.90,3.9889,true,1,58990
7290000136790,false,מארז סודה שישייה 1.5 ל' טמפו,טמפו,IL,מארז סודה טמפו 6*1.5,קילוגרמים,9.00,ליטר,false,,15.90,1.7667,true,1,58978
7290000136806,false,מארז סודה רביעייה לימון ליים 1.5 ל' טמפו,טמפו,IL,מארז סודה לימון ליים,קילוגרמים,6.00,ליטר,false,,10.90,1.8167,true,1,59716
7290000136813,false,סודה בטעם אננס מארז רביעייה 1.5 ל' טמפו,טמפו,IL,מארז סודה אננס טמפו,קילוגרמים,6.00,ליטר,false,,10.90,1.8167,true,1,59718
7290000136820,false,סודה בטעם פירות יער מארז ריבעיה * 1.5 ל' טמפו,טמפו,IL,מארז סודה פירות יער,קילוגרמים,6.00,ליטר,false,,10.90,1.8167,true,1,59719
7290000136837,false,גזוז בנגיעות טעם אפרסק - מארז רביעייה,טמפו,IL,מארז סודה אפרסק טמפו,קילוגרמים,6.00,ליטר,false,,10.90,1.8167,true,1,59717
7290000136844,false,מארז מים מזוככים אקווה נובה שישיית 2 ליטר,אקווה נובה Aqua Nova,IL,מים אקווה נובה 6*2 ל,קילוגרמים,12.00,ליטר,false,,10.90,0.9083,true,1,58947
7290000136868,false,שישיית מים מינרלים סאן בנדטו,סאן בנדטו San Benedetto,IL,מים סאן בנדטו 6*1.5,קילוגרמים,9.00,ליטר,false,,16.90,1.8778,true,1,58949
7290000136875,false,מארז מים מינרלים מוגז 6* 1.5 ל' סאן בנדטו,סאן בנדטו San Benedetto,IL,מים מוגז סאן בנדטו 6,קילוגרמים,9.00,ליטר,false,,16.90,1.8778,true,1,58979
7290000136943,false,מארז פפסי מקס שישיה 5+1 *1.5 ל',,,מארז פפסי מקס 5+1 1.,קילוגרמים,9.00,ליטר,false,,35.90,3.9889,true,1,58991
7290000139104,false,שלווה חיטה תפוחה ומת,"אשב""ל בע""מ",IL,שלווה חיטה תפוחה ומת,גרמים,230.00,100 גרם,false,,8.70,0.0378,true,1,150
7290000139227,false,דגן לבן משפחתי אשבול 150ג',אשבול בעמ,IL,תירס תפוח מתוק אשבול,גרמים,150.00,100 גרם,false,,8.70,0.0580,true,1,151
7290000144467,false,שמן חמניות מועשר בנוגדי חמצון 1 ל' עץ הזית,"נארז ע""י : א.ג. גילר",GR,שמן חמניות בריאות עץ,קילוגרמים,1.00,ליטר,false,,12.90,12.9000,true,1,155
7290000144474,false,שמן קנולה בריאות מהטבע 1 ליטר,שמן תעשיות,EE,שמן קנולה בריאות עץ,קילוגרמים,1.00,ליטר,false,,12.90,12.9000,true,1,156
7290000149615,false,נקה 7 סבון מוצק לתינוק רביעיה * 100 ג',גליל כימיקלים בעממשו,IL,סבון מוצק נקה 7 לתינ,גרמים,400.00,100 גרם,false,,10.90,0.0273,true,1,164
7290000149851,false,סינטבון סבון מארז 460X2ג',יבואן ומשווק: ש. שסט,IL,סינטבון כפול לנקיון,גרמים,460.00,100 גרם,false,,9.90,0.0215,true,1,165
7290000149905,false,טקסטיל שמפו לכביסה ביד 1 ליטר,מיוצר עי קונדיטוריית,IL,טקסטיל שמפו נוזלי 1,קילוגרמים,1.00,ליטר,false,,12.90,12.9000,true,1,166
7290000158105,false,שניצל עוף מיני דינוזאור 700גר',מוצרי עוף טוב (2001),IL,שניצל עוף דינוזאור ע,גרמים,700.00,100 גרם,false,,29.90,0.0427,true,1,6891
7290000170053,false,שוקולד פרה 100 ג' חלב.,"תופינית בע""מ",IL,שוקולד פרה חלב 100 ג,גרמים,100.00,100 גרם,false,,4.90,0.0490,true,1,21353
7290000174723,false,אבקת שוקולית עלית קופסא 500ג',הנסיך- מפעל לייצור ט,IL,שוקולית 500 גרם,גרמים,500.00,100 גרם,false,,11.90,0.0238,true,1,44112
7290000176079,false,קפה טורקי עם היל עלית 100 ג',הנסיך- מפעל לייצור ט,IL,קפה טורקי הל עלית 10,גרמים,100.00,100 גרם,false,,4.90,0.0490,true,1,59669
7290000176420,false,קפה נמס אבקתי 200ג עלית,שטראוס קפה בי.וי,IL,קפה נמס 200 גרם,גרמים,200.00,100 גרם,false,,19.90,0.0995,true,1,217
7290000176475,false,קפה נמס האג נטול קפאין 200 ג',קריות זול,IL,קפה נמס האג נטול קפא,גרמים,200.00,100 גרם,false,,33.90,0.1695,true,1,218
7290000178707,false,חטיף תפוציפס טבעי 50,"שטראוס פריטו ליי בע""",IL,תפוציפס טבעי 50 גרם,גרמים,50.00,100 גרם,false,,3.50,0.0700,true,1,18747
7290000178721,false,חטיף תפוציפס טבעי 20,"שטראוס פריטו ליי בע""",IL,תפוציפס מלוח 200 גרם,גרמים,200.00,100 גרם,false,,9.90,0.0495,true,1,16285
7290000186337,false,ניקול מטליות לחות לנ,עלבד משואות יצחק,IL,מטליות לחות לניקוי כ,Unknown,0.00,יחידה,false,,21.90,0.0000,true,1,14971
7290000186535,false,נייר טואלט טריו לבן 32 גלילים לילי,קימברלי קלארק ישראל,IL,נייר טואלט לילי טריפ,מטרים,537.00,מטר,false,,37.90,0.0706,true,1,53073
7290000187921,false,נייר טואלט לבן 32 גלילים לילי,קימברלי קלארק ישראל,IL,נייר טואלט לבן לילי,מטרים,588.00,מטר,false,,37.90,0.0645,true,1,42018
7290000187938,false,נייר טואלט פסטל 32 גלילים לילי,קימברלי קלארק,IL,נייר טואלט פסטל לילי,מטרים,0.00,מטר,false,,34.90,0.0000,true,1,33957
7290000187952,false,נייר טואלט טריו לילי פרימיום 32גליל,קימברלי קלארק,IL,נייר טואלט לילי טריפ,מטרים,537.00,מטר,false,,37.90,0.0706,true,1,53074
7290000188386,false,מגבת ניקול לבנה 12 ג,חוגלה קימברלי,IL,מגבות נייר ניקול 12,מטרים,129.00,מטר,false,,21.40,0.1659,true,1,12013
7290000188553,false,קוטקס - מגן תחתון סילק נורמל 60 יח',קימברלי קלארק,CN,מגן תחתון קוטקס נורמ,Unknown,0.00,יחידה,false,,17.90,0.0000,true,1,12030
7290000188591,false,קוטקס - מגן תחתון סילק יאנג 60 יח',קימברלי קלארק,CN,מגן תחתון קוטקס יאנג,Unknown,0.00,יחידה,false,,17.90,0.0000,true,1,12031
7290000189680,false,מארז זוג מטליות לחות לריצפה,חוגלה קימברלי,IL,מטליות לחות לרצפה ני,Unknown,0.00,יחידה,false,,19.90,0.0000,true,1,14970
7290000191225,false,האגיס - רך נולד מידה 2 מוקטן 44 יח',קימברלי קלארק שיווק,IL,חיתולי האגיס 44 יח ש,Unknown,0.00,יחידה,false,,28.90,0.0000,true,1,14758
7290000191539,false,ממחטות טישו לילי צבעוני חמישיה,חוגלה קימברלי,IL,טישו צבעוני לילי 5*9,Unknown,450.00,יחידה,false,,12.90,0.0287,true,1,260
7290000191645,false,האגיס חיתול רך נולד NB ארוז 36יח',קימברלי קלארק ארהב,IL,חיתולי האגיס 36 יח נ,Unknown,0.00,יחידה,false,,29.90,0.0000,true,1,10490
7290000191652,false,קלינקס ממחטות טישו אולטרא סופט מארז 90X3יח',חוגלה קימברלי,IL,טישו קלינקס 3*90 יח,Unknown,270.00,יחידה,false,,9.90,0.0367,true,1,12012
7290000193014,false,פדיות אינטרלוד מגיני יום לילי 50יח',חוגלה קימברלי,IL,מגן תחתון לילי אינטר,Unknown,0.00,יחידה,false,,9.90,0.0000,true,1,261
7290000193083,false,לילי - תחבושות נובה לי 28 יח',חוגלה קימברלי,IL,תחבושות לילי נובה לי,Unknown,0.00,יחידה,false,,8.90,0.0000,true,1,262
7290000193472,false,לילי מגני תחתון נטורל נורמל 60 יח',חוגלה קימברלי,IL,מגן תחתון לילי נטורל,Unknown,0.00,יחידה,false,,14.90,0.0000,true,1,264
7290000193540,false,לילי אינטימייט מגן תחתון לונג 52יח',חוגלה קימברלי,IL,מגן תחתון לילי נטורל,Unknown,0.00,יחידה,false,,14.90,0.0000,true,1,265
7290000193953,false,תחבושות ללי נורמל עם,אונטקס,ES,תחבושות ללי נורמל עם,Unknown,0.00,יחידה,false,,24.90,0.0000,true,1,44027
7290000193960,false,תחבושות לילי סופר +,אונטקס,ES,תחבושות לילי סופר +,Unknown,0.00,יחידה,false,,24.90,0.0000,true,1,44028
7290000194172,false,חטיפי ממתקים ללא סוכ,ממתקי השלום,IL,חטיפים מעורב 250 גרם,גרמים,300.00,100 גרם,false,,12.90,0.0430,true,1,4243
7290000195537,false,האגיס - מגבוני האגיס דיילי קר לא מבושם 64 יח' * 4,חוגלה קימברלי,IL,מגבונים האגיס ללא בי,Unknown,0.00,יחידה,false,,18.90,0.0000,true,1,273
7290000195773,false,האגיס - מגבוני האגיס סנסטיב קר לא מבושם 64 יח' * 4,חוגלה קימברלי,IL,מגבונים האגיס ללא בי,Unknown,0.00,יחידה,false,,18.90,0.0000,true,1,58405
7290000197425,false,האגיס - פרידום דריי שלב 3 52 יח',קימברלי קלארק ישראל,IL,חיתולי האגיס פרידום,Unknown,0.00,יחידה,false,,41.90,0.0000,true,1,53868
7290000197456,false,האגיס - פרידום דריי שלב 4 44 יח',קימברלי קלארק ישראל,IL,חיתולי האגיס פרידום,Unknown,0.00,יחידה,false,,41.90,0.0000,true,1,53869
7290000197463,false,האגיס - פרידום דריי שלב 4+ 40 יח',קימברלי קלארק ישראל,IL,חיתולי האגיס פרידום,Unknown,0.00,יחידה,false,,41.90,0.0000,true,1,53870
7290000197548,false,האגיס - פרידום דריי שלב 5 36 יח',קימברלי קלארק ישראל,IL,חיתולי האגיס פרידום,Unknown,0.00,יחידה,false,,41.90,0.0000,true,1,53871
7290000197678,false,האגיס - פרידום פלוס שלב 6 30 יח',קימברלי קלארק ישראל,IL,חיתולי האגיס פרידום,Unknown,0.00,יחידה,false,,41.90,0.0000,true,1,53872
7290000201818,false,טיטולים פרימיום שלב 2 64 יח',חוגלה קימברלי,IL,חיתולי טיטולים פרימי,Unknown,0.00,יחידה,false,,29.90,0.0000,true,1,46748
7290000201832,false,טיטולים פרימיום שלב 3 52 יח',חוגלה קימברלי,IL,חיתולי טיטולים פרימי,Unknown,0.00,יחידה,false,,29.90,0.0000,true,1,46749
7290000201849,false,טיטולים פרימיום שלב 4 40 יח',חוגלה קימברלי,IL,חיתולי טיטולים פרימי,Unknown,0.00,יחידה,false,,29.90,0.0000,true,1,46750
7290000201856,false,טיטולים פרימיום שלב 4 + 40יח',חוגלה קימברלי,IL,חיתולי טיטולים פרימי,Unknown,0.00,יחידה,false,,29.90,0.0000,true,1,46751
7290000201863,false,טיטולים פרימיום שלב 5 34 יח',חוגלה קימברלי,IL,חיתולי טיטולים פרימי,Unknown,0.00,יחידה,false,,29.90,0.0000,true,1,46752
7290000201870,false,טיטולים פרימיום שלב 6 30 יח',חוגלה קימברלי,IL,חיתולי טיטולים פרימי,Unknown,0.00,יחידה,false,,29.90,0.0000,true,1,46753
7290000204086,false,כרית קרצוף סקוטש ניקול 1+2,חוגלה קימברלי,US,כריות קרצוף ניקול 3,Unknown,0.00,יחידה,false,,9.90,0.0000,true,1,355
7290000204215,false,ניקול כריות יפניות 6 יח',פלסטו פוליש (ברקן),IL,כריות יפניות ניקול 6,Unknown,0.00,יחידה,false,,9.90,0.0000,true,1,356
7290000204253,false,מטליות ניקול רב שימושיות 9יח',נועם אורים-קיבוץ אור,IL,מטליות לניקוי כללי נ,Unknown,0.00,יחידה,false,,9.90,0.0000,true,1,357
7290000205762,false,חיתולי האגיס אקסטרה קייר מידה 3 48 יח',חוגלה קימברלי,IL,חיתולי האגיס אקסטרא,Unknown,0.00,יחידה,false,,54.90,0.0000,true,1,64625
7290000205915,false,חיתולי האגיס אקסטרה קייר מידה 4 40יח,חוגלה קימברלי,IL,חיתולי האגיס אקסטרא,Unknown,0.00,יחידה,false,,54.90,0.0000,true,1,64626
7290000208077,false,אפונת גינה גדולה 550 גרם יכין,"זנלכל בע""מ",IL,אפונה גדולה יכין 550,גרמים,550.00,100 גרם,false,,6.90,0.0125,true,1,6931
7290000208114,false,אפונת גינה וגזר 550 ג' יכין,"זנלכל בע""מ",IL,אפונה וגזר יכין 550,גרמים,550.00,100 גרם,false,,6.90,0.0125,true,1,6993
7290000208138,false,סירופ ענבים דיאט 1 ליטר יכין,"זנלכל בע""מ",IL,סירופ יכין ענבים דיא,קילוגרמים,1.00,ליטר,false,,17.90,17.9000,true,1,5183
7290000208213,false,שעועית לבנה אפויה A2 ברוטב עגבניות יכין 560ג',היינץ צפון אמריקה מק,IL,שעועית לבנה ברוטב יכ,גרמים,560.00,100 גרם,false,,6.90,0.0123,true,1,366
7290000208220,false,שעועית צילי חריף 550 ג' יכין,היינץ צפון אמריקה מק,IL,שעועית צילי חריף יכי,גרמים,580.00,100 גרם,false,,9.90,0.0171,true,1,367
7290000208329,false,גרעיני תירס מתוק A2 יכין 550ג',"זנלכל בע""מ",IL,תירס גרעינים יכין 55,גרמים,550.00,100 גרם,false,,6.90,0.0125,true,1,6992
7290000208428,false,גרגרי חומוס שלם 550 גרם יכין,"זנלכל בע""מ",IL,חומוס שלם יכין 550 ג,גרמים,550.00,100 גרם,false,,6.90,0.0125,true,1,368
7290000209012,false,חומץ הדרים יכין 1 לי,"זנלכל בע""מ",IL,חומץ 5% יכין 1 ליטר,קילוגרמים,1.00,ליטר,false,,4.90,4.9000,true,1,369
7290000209043,false,מיץ לימון משומר 1 ל' יכין,היינץ צפון אמריקה מק,IL,רוטב לימון משומר יכי,קילוגרמים,1.00,ליטר,false,,4.90,4.9000,true,1,370
7290000209524,false,סירופ דייאט פטל יכין,זנלכל,IL,סירופ יכין פטל דיאט,קילוגרמים,1.00,ליטר,false,,17.90,17.9000,true,1,5184
7290000209555,false,סירופ יכין דיאט בטעם תפוח 1ל',זנלכל,IL,סירופ יכין תפוע דיאט,קילוגרמים,1.00,ליטר,false,,17.90,17.9000,true,1,5185
7290000209579,false,סירופ דיאט אננס 1 ליטר,"זנלכל בע""מ",IL,סירופ יכין אננס דיאט,קילוגרמים,1.00,ליטר,false,,17.90,17.9000,true,1,5187
7290000209722,false,רסק עגבניות 28% פריכוז 580 גרם יכין,"זנלכל בע""מ",IL,תרכיז עגבניות פריכוז,גרמים,580.00,100 גרם,false,,9.90,0.0171,true,1,372
7290000211442,false,"סוגת אורז פרסי קלאסי שקית 1 ק""ג",האי נאם סי או אל.טי.,IL,"אורז פרסי סוגת 1 ק""ג",פריט,1.00,"ק""ג",false,,9.90,9.9000,true,1,398
7290000211503,false,סוכר לבן ארוז בשקית,"סוגת תעשיות בע""מ",IL,"סוכר סוגת 1 ק""ג",פריט,1.00,"ק""ג",false,,4.90,4.9000,true,1,399
7290000211985,false,"אורז ריזוטו עגול סוגת 1 ק""ג","סוגת תעשיות בע""מ",IL,אורז ריזוטו עגול סוג,פריט,1.00,"ק""ג",false,,7.90,7.9000,true,1,401
7290000226514,false,עוגת דובוש ריבת חלב 400 גר',קפולסקי שיווק וקמעונ,IL,עוגת דובוש ריבת חלב,גרמים,450.00,100 גרם,false,,38.90,0.0864,true,1,25931
7290000226545,false,עוגת טורט היער השחור 1 קג',קפולסקי שיווק וקמעונ,IL,עוגת טורט היער השחור,פריט,1.00,"ק""ג",false,,63.90,63.9000,true,1,25932
7290000226552,false,"עוגת טורט ריבת חלב קוקוס 1 ק""ג",קפולסקי שיווק וקמעונ,IL,עוגת טורט בטעם ריבת,פריט,1.00,"ק""ג",false,,63.90,63.9000,true,1,25933
7290000226569,false,עוגת טורט קצפת שוקולד 1 קג',קפולסקי שיווק וקמעונ,IL,עוגת טורט קצפת בטעם,פריט,1.00,"ק""ג",false,,63.90,63.9000,true,1,25934
7290000226576,false,"עוגת טורט מצופה שוקולד 1 ק""ג",קפולסקי שיווק וקמעונ,IL,עוגת טורט בטעם שוקול,פריט,1.00,"ק""ג",false,,63.90,63.9000,true,1,25935
7290000226613,false,עוגות דובוש מצופה שוקולד 400 גר',קפולסקי שיווק וקמעונ,IL,עוגת דובוש מצופה שוק,גרמים,400.00,100 גרם,false,,38.90,0.0972,true,1,25936
7290000238029,false,"בצק עלים צרפתי מרודד מעדנות 1ק""ג",מיוצר עי קונדיטוריית,IL,בצק עלים מרודד מעדנו,פריט,1.00,"ק""ג",false,,7.90,7.9000,true,1,492
7290000238036,false,מלאווח 6יח' מעדנות 700ג',מיוצר עי קונדיטוריית,IL,מלוואח מעדנות 700 גר,גרמים,700.00,100 גרם,false,,7.90,0.0113,true,1,493
7290000238173,false,בורקס גבינה 800 ג' מעדנות,מיוצר עי קונדיטוריית,IL,בורקס גבינה מעדנות 8,גרמים,800.00,100 גרם,false,,17.90,0.0224,true,1,494
7290000238180,false,בורקס תפוחי אדמה מעדנות 800ג',מיוצר עי קונדיטוריית,IL,בורקס תפוא מעדנות 80,גרמים,800.00,100 גרם,false,,16.90,0.0211,true,1,495
7290000245157,false,סוד סופט מרכך כביסה סנסיישן 4 ליטר,"הנקל סוד בע""מ",IL,מרכך סוד לבן 4 ליטר,קילוגרמים,4.00,ליטר,false,,16.90,4.2250,true,1,519
7290000245782,false,סוד סופט מרכך כביסה ורוד 4 ליטר,"הנקל סוד בע""מ",IL,מרכך סוד ורוד 4 ליטר,קילוגרמים,4.00,ליטר,false,,16.90,4.2250,true,1,521
7290000245799,false,סוד סופט מרכך כביסה כחול 4 ליטר,"הנקל סוד בע""מ",IL,מרכך סוד כחול 4 ליטר,קילוגרמים,4.00,ליטר,false,,16.90,4.2250,true,1,522
7290000253084,false,שוקולד ציפס חום לבן,אופנהיימר,IL,שוקולד ציפס חום לבן,גרמים,750.00,100 גרם,false,,19.90,0.0265,true,1,13966
7290000253107,false,צמקאו לבישול ואפיה א,אופנהיימר,IL,צמקאו לבישול ואפיה א,גרמים,900.00,100 גרם,false,,16.90,0.0188,true,1,13586
7290000253206,false,שוקולד ציפס אופנהיימ,אופנהיימר,IL,שוקולד ציפס אופנהיימ,גרמים,680.00,100 גרם,false,,19.90,0.0293,true,1,9759
7290000253251,false,שוקולד צ'יפס לבן אופנהיימר 300ג',אופנהיימר,IL,שוקולד ציפס לבן אופנ,גרמים,250.00,100 גרם,false,,9.90,0.0396,true,1,4769
7290000253565,false,מזרה צבעוני ארוך אופ,אופנהיימר,IL,מזרה צבעוני ארוך אופ,גרמים,170.00,100 גרם,false,,6.90,0.0406,true,1,54528
7290000253589,false,מזרה חום ארוך אופנהי,אופנהיימר,IL,מזרה חום ארוך אופנהי,גרמים,200.00,100 גרם,false,,6.90,0.0345,true,1,52519
7290000253596,false,מזרה צבעוני עגול אופ,אופנהיימר,IL,מזרה צבעוני עגול אופ,גרמים,200.00,100 גרם,false,,6.90,0.0345,true,1,52520
7290000262161,false,נייר טואלט לב אדום 40 גלילים מולט,חוגלה קימברלי,IL,נייר טואלט מולט 40 ג,מטרים,704.00,מטר,false,,31.90,0.0453,true,1,559
7290000262413,false,חיתולי האגיס אקסטרה קייר מידה 5 34יח,חוגלה קימברלי,IL,חיתולי האגיס אקסטרא,Unknown,0.00,יחידה,false,,54.90,0.0000,true,1,64627
7290000263359,false,האגיס - פיור נטורל שלב 1 ניו בורן 40 יח',קימברלי קלארק שיווק,IL,חיתולי האגיס 40 יח ש,Unknown,0.00,יחידה,false,,28.90,0.0000,true,1,12018
7290000267029,false,שקדים מולבנים חצויים,"דין שיווק וקליה בע""מ",IL,שקד מולבן חצוי 100 ג,גרמים,100.00,100 גרם,false,,7.90,0.0790,true,1,2640
7290000267036,false,שקדים משובבים השף 100 ג',"דין שיווק וקליה בע""מ",IL,שקד מולבן משובב 100,גרמים,100.00,100 גרם,false,,7.90,0.0790,true,1,2641
7290000267043,false,שקדים מולבנים פרוסים,"דין שיווק וקליה בע""מ",IL,שקד מולבן פרוס 100 ג,גרמים,100.00,100 גרם,false,,7.90,0.0790,true,1,2642
7290000267050,false,שקדים טבעיים טחונים,"דין שיווק וקליה בע""מ",IL,שקד מולבן טחון 100 ג,גרמים,100.00,100 גרם,false,,7.90,0.0790,true,1,2639
7290000267104,false,שקד מולבן גרוס/מרוסק,"דין שיווק וקליה בע""מ",IL,שקד מולבן גרוס/מרוסק,גרמים,100.00,100 גרם,false,,7.90,0.0790,true,1,2638
7290000267425,false,שמן זית שקדיה כתית מעולה 750מל,,ES,שמן זית כתית שקדיה 7,מיליליטרים,750.00,"100 מ""ל",false,,29.90,0.0399,true,1,23962
7290000272443,false,סירופ עסיס דיאט תפוזים צ.טבעי 1 ל',בית-השיטה עסיס תעשיו,IL,סירופ עסיס תפוז דיאט,קילוגרמים,1.00,ליטר,false,,15.90,15.9000,true,1,591
7290000272467,false,סירופ עסיס דיאט פטל 1ל,בית-השיטה עסיס תעשיו,IL,סירופ עסיס פטל דיאט,קילוגרמים,1.00,ליטר,false,,15.90,15.9000,true,1,592
7290000272696,false,עסיס מיץ לימון טבעי משומר 1 ל' אסם,בית-השיטה עסיס תעשיו,IL,מיץ לימון משומר עסיס,קילוגרמים,1.00,ליטר,false,,8.30,8.3000,true,1,593
7290000272726,false,חומץ טבעי 5% עסיס 1 ל' אסם,בית השיטה עסיס תעשיו,IL,חומץ 5% עסיס 1 ליטר,קילוגרמים,1.00,ליטר,false,,5.90,5.9000,true,1,594
7290000286228,false,כרית קרצוף לכלים סנו סושי 6יח',סנו מפעלי ברונו בעמ,IL,ספוגיות סנו סושי 6 י,Unknown,0.00,יחידה,false,,9.90,0.0000,true,1,624
7290000286297,false,"סנו אנטי קאלק מסיר אבן מקומקום 700 מ""ל",סנו מפעלי ברונוס בעמ,IL,נוזל אנטי קאלק מסיר,מיליליטרים,700.00,"100 מ""ל",false,,9.90,0.0141,true,1,625
7290000286488,false,ספוג רחצה כיף פיראט,קוסמופארם,IL,ספוג כיף פיראט,Unknown,0.00,יחידה,false,,6.90,0.0000,true,1,626
7290000286525,false,כיף ספוג לרחצה פרינה,קוסמופארם,IL,ספוג כיף רחצה פרינה,Unknown,0.00,יחידה,false,,9.90,0.0000,true,1,627
7290000286549,false,סנו סושי מטליות לניקוי כללי 9 יח',טרופיקל דגיל תעשיות,IL,מטליות לניקוי כללי ס,Unknown,0.00,יחידה,false,,9.90,0.0000,true,1,628
7290000286761,false,ניילון נצמד סנו סושי פלסטיק מארז 30X2 מ',מיוצר עי קונדיטוריית,CN,ניילון נצמד סנו סושי,מטרים,60.00,מטר,false,,9.90,0.1650,true,1,630
7290000286921,false,"סנוקל רסס וכבס 750 מ""ל",סנו מפעלי ברונוס בעמ,IL,תרסיס רסס כבס סנוקל,מיליליטרים,750.00,"100 מ""ל",false,,10.90,0.0145,true,1,2749
7290000287102,false,"סנו שמפו שטיחים אירוסול 600 מ""ל",מיוצר עי קונדיטוריית,IL,תרסיס סנו שטיחים איר,מיליליטרים,600.00,"100 מ""ל",false,,19.70,0.0328,true,1,635
7290000287195,false,"סנו רהיט ספריי עשיר בווקס להברקה 305 מ""ל",מיוצר עי קונדיטוריית,IL,תרסיס סנו רהיט 305 מ,מיליליטרים,305.00,"100 מ""ל",false,,13.70,0.0449,true,1,641
7290000287409,false,סנובון שלישיה תות 3 יח' *55 ג',סנו מפעלי ברונוס בעמ,IL,סבון אסלה סנובון תות,גרמים,165.00,100 גרם,false,,10.70,0.0648,true,1,643
7290000287430,false,סנובון צבעוני לאסלה בריח לימון שלישייה,סנו מפעלי ברונו בעמ,IL,סבון אסלה סנובון צבע,גרמים,165.00,100 גרם,false,,10.70,0.0648,true,1,644
7290000287485,false,סנובון לובר לאסלה 3 יח' * 55 ג',סנו מפעלי ברונו בעמ,IL,סבון אסלה סנובון לוב,גרמים,165.00,100 גרם,false,,10.70,0.0648,true,1,645
7290000287492,false,"סנו - סנובון נוזלי לימון 750 מ""ל","איי, בי, אינבוו",IL,סנובון נוזלי לימון 7,מיליליטרים,750.00,"100 מ""ל",false,,8.90,0.0119,true,1,646
7290000288024,false,סנו - ז'אוול אקונומיקה בריח לימון 4 ליטר,"סנו מפעלי ברונוס בע""",IL,אקונומיקה סנו גאוול,קילוגרמים,4.00,ליטר,false,,16.90,4.2250,true,1,651
7290000288048,false,סנו ז'אוול קצף לבנדר מרסס 1ל',"סנו מפעלי ברונוס בע""",IL,תרסיס ניקוי סנו ז'או,קילוגרמים,1.00,ליטר,false,,16.90,16.9000,true,1,652
7290000288086,false,"סנו ז'אוול אבקת ואקונומיקה לימון 600 מ""ל",מיוצר עי קונדיטוריית,IL,אבקת ניקוי סנו גאוול,גרמים,600.00,100 גרם,false,,9.90,0.0165,true,1,653
7290000288291,false,סנומט דוחה יתושים 30 טבליות,טרופיקל דגיל תעשיות,IT,סנומט דוחה יתושים 30,Unknown,0.00,יחידה,false,,11.90,0.0000,true,1,655
7290000288307,false,סנו - מט מכשיר דוחה יתושים + טבליות,קריות זול,IT,מכשיר סנומט + 30 טבל,Unknown,1.00,יחידה,false,,24.90,24.9000,true,1,656
7290000288352,false,"סנו K-300 חרקים ונמלים 630מ""ל","סנו מפעלי ברונוס בע""",IL,"קוטל K300 סנו 630 מ""",מיליליטרים,630.00,"100 מ""ל",false,,19.90,0.0316,true,1,657
7290000288383,false,"סנו K-500 נמלים ותיקנים 630מ""ל",מיוצר עי קונדיטוריית,IL,קוטל K500 נמלים סנו,מיליליטרים,400.00,"100 מ""ל",false,,19.90,0.0497,true,1,658
7290000288390,false,"סנו K-600 מעופפים 500מ""ל","סנו מפעלי ברונוס בע""",IL,"קוטל K600 סנו 500 מ""",מיליליטרים,500.00,"100 מ""ל",false,,19.90,0.0398,true,1,659
7290000288420,false,סנו די דוחה יתושיםספ,סנו מפעלי ברונוס בע',IL,"סנו די תרסיס 125 מ""ל",מיליליטרים,125.00,"100 מ""ל",false,,19.90,0.1592,true,1,661
7290000288642,false,סנו - מקסימה מרכך כביסה סנסטיב ורוד 4 ליטר,"סנו מפעלי ברונוס בע""",IL,מרכך מקסימה סנסטיב 4,קילוגרמים,4.00,ליטר,false,,21.50,5.3750,true,1,662
7290000289052,false,פוליוקס 4 ליטר סחלבים,סנו,IL,פוליויקס סחלבים 4 לי,קילוגרמים,4.00,ליטר,false,,34.90,8.7250,true,1,664
7290000289069,false,סנו - ז'אוול מרסס קצף ניקוי בתוספת אקונומיקה בריח לימון 1 ליטר,"סנו מפעלי ברונוס בע""",IL,תרסיס ניקוי סנו גאוו,קילוגרמים,1.00,ליטר,false,,16.90,16.9000,true,1,665
7290000289472,false,סנו סושי שקיות 76*90 50 יח' XXL,מיוצר עי קונדיטוריית,IL,שקיות אשפה 76*90 סנו,Unknown,0.00,יחידה,false,,16.90,0.0000,true,1,668
7290000289595,false,"אורביטול משחת שיניים לילדים בטעם תות שדה 145 מ""ל",טרופיקל דגיל תעשיות,IL,משחת אורביטול ילדים,גרמים,145.00,100 גרם,false,,7.50,0.0517,true,1,669
7290000291932,false,"סנובון לניקוי לבנדר 750מ""ל",קריות זול,IL,סנובון נוזלי לבנדר 7,מיליליטרים,750.00,"100 מ""ל",false,,8.90,0.0119,true,1,676
7290000292007,false,K3 פיתיון ג'ל קוטל תיקנים (ג'וקים) בבית ובחצר,מיוצר עי קונדיטוריית,IL,גל פיתיון K3 סנו,גרמים,10.00,100 גרם,false,,39.90,3.9900,true,1,44685
7290000292137,false,"סנו: נוזל ניקוי וטיפול במוצרי עור 500 מ""",מיוצר עי קונדיטוריית,IL,תחליב סנו לניקוי עור,מיליליטרים,500.00,"100 מ""ל",false,,29.90,0.0598,true,1,677
7290000292557,false,סנומט מלוי נוזלי דוחה יתושים 45 לילות,טרופיקל דגיל תעשיות,IT,מילוי סנומט נוזלי 45,Unknown,0.00,יחידה,false,,16.70,0.0000,true,1,683
7290000292564,false,"סנו 2000-K דוחה חרקים ללא ריח 750 מ""ל",מיוצר עי קונדיטוריית,IL,קוטל K2000 ללא ריח ס,מיליליטרים,750.00,"100 מ""ל",false,,28.90,0.0385,true,1,684
7290000292595,false,סופר פוליש מבריק רצפות 2 ל',סנו,IL,סופר פוליש סנו 2 ליט,קילוגרמים,2.00,ליטר,false,,39.90,19.9500,true,1,685
7290000292687,false,סנובון לאסלה כחול אפרסק נתלה 55X3ג',מיוצר עי קונדיטוריית,IL,סנובון כחול 3 יח,גרמים,165.00,100 גרם,false,,14.90,0.0903,true,1,686
7290000292694,false,מגן קריסטל לרצפה 2ליטר,סנו,IL,מגן קריסטל סנו 2 ליט,קילוגרמים,2.00,ליטר,false,,39.90,19.9500,true,1,687
7290000292915,false,"סנו רסס ונגב אקדח 750מ""ל","סנו מפעלי ברונוס בע""",IL,תרסיס סנו רסס ונגב 7,מיליליטרים,750.00,"100 מ""ל",false,,12.90,0.0172,true,1,688
7290000293073,false,מרכך כביסה מקסימה ביו לבן 4 ל' סנו,"סנו מפעלי ברונוס בע""",IL,מרכך מקסימה ביו 4 לי,קילוגרמים,4.00,ליטר,false,,21.50,5.3750,true,1,689
7290000293943,false,סנו אנטי קאלק מסיר אבנית וחלודה 1ל',מיוצר עי קונדיטוריית,IL,תרסיס אנטי קאלק מסיר,קילוגרמים,1.00,ליטר,false,,16.70,16.7000,true,1,703
7290000294780,false,סנו - ז'אוול אקונומיקה סמיכה מבושמת 4 ליטר,"סנו מפעלי ברונוס בע""",IL,אקונומיקה סנו גאוול,קילוגרמים,4.00,ליטר,false,,16.90,4.2250,true,1,718
7290000295503,false,סנו סושי שקיות אוכל מתכלות זוג *150 יח',אשפלסט תעשיות,CN,שקיות אוכל סנו סושי,Unknown,0.00,יחידה,false,,13.70,0.0000,true,1,725
7290000295558,false,רדיד אלומיניום סנו סושי זוגי 30X7.5מ',מולינו ניקולי s.p.a,CN,נייר אלומיניום סנו ס,מטרים,15.00,מטר,false,,9.90,0.6600,true,1,726
7290000295565,false,רדיד אלומיניום סנו סושי זוגי 45X7.5מ',בורסה פזרי,IL,נייר אלומניום סנו סו,מטרים,15.00,מטר,false,,15.90,1.0600,true,1,727
7290000295749,false,ספוג כייף סאקי מסאז 1יח',גוד פוד פרודקטס S.p,IL,ספוג כיף סאקי מסאז,Unknown,0.00,יחידה,false,,9.90,0.0000,true,1,730
7290000295824,false,סנו סושי רדיד אלומיניום 100 מ',מולינו ניקולי s.p.a,IL,נייר אלומיניום סנו ס,Unknown,0.00,יחידה,false,,47.90,0.0000,true,1,62389
7290000311067,false,מן-וופלים קוביות מינימן לא מצופה 200גר,מן,IL,מיני ופלים בטעם שוקו,גרמים,200.00,100 גרם,false,,6.70,0.0335,true,1,44202
7290000311098,false,ופל מן לימון 3*200 ג,רוקחמן,IL,ופל מן לימון 3*200 ג,גרמים,600.00,100 גרם,false,,12.90,0.0215,true,1,51081
7290000311128,false,עוגיות מן חמאה 300 גרם,תות ממתקי איכות,IL,עוגיות בטעם חמאה מן,גרמים,300.00,100 גרם,false,,6.70,0.0223,true,1,780
7290000311135,false,עוגיות סטיקס שוקו מן,רוקחמן,IL,עוגיות סטיקס שוקו מן,גרמים,300.00,100 גרם,false,,6.70,0.0223,true,1,781
7290000311180,false,מאגדת ופלית מן צבעונית 20*10,רוקחמן,IL,ופלית מן 10 יח,גרמים,250.00,100 גרם,false,,6.90,0.0276,true,1,782
7290000311258,false,ופלים מצופים בטעם שו,מן,IL,ופלים מצופים בטעם שו,גרמים,250.00,100 גרם,false,,6.70,0.0268,true,1,37640
7290000311326,false,ופל קפה מן 3*200 גרם,רוקחמן,IL,ופל קפה מן 3*200 גרם,גרמים,600.00,100 גרם,false,,12.90,0.0215,true,1,51082
7290000311357,false,מאגדת מן אגוזים עשיריה 20* 10,רוקחמן,IL,ופל אגוזית מן 10 יח,גרמים,280.00,100 גרם,false,,9.90,0.0354,true,1,783
7290000311425,false,מאגדת מן וופל מצופה כחול -עשירה 24*10,תות ממתקי איכות,IL,ופל מצופה מן 10 יח,גרמים,220.00,100 גרם,false,,6.90,0.0314,true,1,784
7290000311432,false,עוגיות גרנולה קינמון ללא תוספת סוכר 200ג,רוקחמן,IL,עוגיות גרנולה קינמון,גרמים,200.00,100 גרם,false,,8.70,0.0435,true,1,63013
7290000311463,false,"עוגיות חיטה מלאה בטעם חמאה 200 גר' לל""ס",רוקחמן,IL,עוגיות חיטה בטעם חמא,גרמים,200.00,100 גרם,false,,8.70,0.0435,true,1,63014
7290000311487,false,מאגדת וופל שוקולד מקמח מלא ללא סוכר 20 ג'*7 יח' מן,רוקחמן,IL,ופל בטעם שוקולד קמח,גרמים,140.00,100 גרם,false,,6.90,0.0493,true,1,64083
7290000311708,false,עוגיות מן חיטה מלאה 300 גרם,תות ממתקי איכות,IL,עוגיות חיטה מלאה מן,גרמים,300.00,100 גרם,false,,6.70,0.0223,true,1,787
7290000311715,false,עוגיות בטעם שוקו מן 300 גר,תות ממתקי איכות,IL,עוגיות כוכבים שוקולד,גרמים,300.00,100 גרם,false,,6.70,0.0223,true,1,788
7290000311722,false,עוגיות מן כוכבים וניל 300 גר',תות ממתקי איכות,IL,עוגיות כוכבים וניל מ,גרמים,300.00,100 גרם,false,,6.70,0.0223,true,1,789
7290000311746,false,עוגיות טעם קרמל מן 300 גר,רוקחמן,IL,עוגיות בטעם קרמל מן,גרמים,300.00,100 גרם,false,,6.70,0.0223,true,1,18411
7290000311753,false,עוגיות חיטה מלאה בטעם חלווה מן 250 גר',רוקחמן,IL,עוגיות חיטה מלאה בטע,גרמים,250.00,100 גרם,false,,6.70,0.0268,true,1,48230
7290000311845,false,עוגיות קמח מלא ללא תוספת סוכר מן 200ג,רוקחמן,IL,עוגיות חיטה ללא סוכר,גרמים,200.00,100 גרם,false,,8.70,0.0435,true,1,18412
7290000311869,false,מן-וופלים בטעם שוק ללא תוספת סוכר 180ג,תות ממתקי איכות,IL,ופל ללא סוכר בטעם שו,גרמים,180.00,100 גרם,false,,7.90,0.0439,true,1,18414
7290000311883,false,"עוגיות גרנולה לל""ס גרנולה 200 גרם",תות ממתקי איכות,IL,עוגיות גרנולה ללא סו,גרמים,200.00,100 גרם,false,,8.70,0.0435,true,1,18409
7290000311890,false,ופל בטעם לימון ללא סוכר 180 גר',"רוקחמן בע""מ",IL,ופל ללא סוכר בטעם לי,גרמים,180.00,100 גרם,false,,7.90,0.0439,true,1,53186
7290000311975,false,ופל מן 5*200 גרם,רוקחמן,IL,ופל מן 5*200 גרם,פריט,1.00,"ק""ג",false,,19.70,19.7000,true,1,794
7290000312767,false,בייגלה שטוחים מלוח מ,מאיר בייגל,IL,בייגלה שטוחים מלוח מ,גרמים,200.00,100 גרם,false,,4.90,0.0245,true,1,10127
7290000312811,false,מלך הבייגלה טבעות עם מלח 200ג',מאיר בייגל,IL,בייגלה שמיניות מלך ה,גרמים,200.00,100 גרם,false,,3.90,0.0195,true,1,65029
7290000312842,false,בייגלה שמיניות מלך ה,מאיר בייגל,IL,בייגלה שמיניות מלך ה,גרמים,300.00,100 גרם,false,,5.90,0.0197,true,1,55767
7290000312859,false,גריסיני קלאסי מלך הג,מאיר בייגל,IL,גריסיני קלאסי מלך הג,גרמים,180.00,100 גרם,false,,5.90,0.0328,true,1,55770
7290000312866,false,גריסיני שומשום מלך ה,מאיר בייגל,IL,גריסיני שומשום מלך ה,גרמים,160.00,100 גרם,false,,5.90,0.0369,true,1,55768
7290000312873,false,מלך הבייגלה שטוח שומשום 180 גרם,מאיר בייגל,IL,בייגלה שטוח שומשום מ,גרמים,180.00,100 גרם,false,,4.90,0.0272,true,1,62864
7290000312880,false,מלך הבייגלה שטוח כפרי 180 גרם,מאיר בייגל,IL,בייגלה שטוח כפרי מלך,גרמים,180.00,100 גרם,false,,4.90,0.0272,true,1,62865
7290000345048,false,תה ויסוצקי 74 - 125ג',HIQ FOOD PRODUCTS,IL,תה 74 ויסוצקי 125 גר,גרמים,125.00,100 גרם,false,,12.80,0.1024,true,1,876
7290000345055,false,תה ויסוצקי ארל גריי 100 ג',מולינו ניקולי s.p.a,IL,תה ארל גריי תה עלים,גרמים,100.00,100 גרם,false,,12.90,0.1290,true,1,877
7290000345215,false,תה ויסוצקי קלאסיק 100/1 כחול מעודן,מולינו ניקולי s.p.a,IL,תה ויסוצקי טעם מעודן,גרמים,100.00,100 גרם,false,,15.90,0.1590,true,1,879
7290000345307,false,תה ארל גריי 50 שקיקים ויסוצקי,מולינו ניקולי s.p.a,IL,תה ארל גריי ויסוצקי,גרמים,75.00,100 גרם,false,,21.90,0.2920,true,1,881
7290000345536,false,תה נענע 25 שקיקים *1.5 ג',מולינו ניקולי s.p.a,IL,תה נענע 1.5 גרם 25 ש,גרמים,38.00,100 גרם,false,,16.50,0.4342,true,1,31844
7290000347738,false,תה ירוק נענע 25 שקיקים 1.5 גרם,קריות זול,IL,תה ירוק נענע 25 שקיק,גרמים,38.00,100 גרם,false,,19.90,0.5237,true,1,890
7290000347752,false,תה ירוק לימונית ולואיזה 25 שקיקים *1.5 ג'' ויסוצקי,קריות זול,IL,תה ירוק לימון ולואיז,גרמים,38.00,100 גרם,false,,19.90,0.5237,true,1,891
7290000357386,false,פילה מרלוזה דלידג,פריגוצאקו / פרגוואי,IL,פילה מרלוזה דלידג,קילוגרמים,1.00,"ק""ג",true,,24.90,24.9000,true,1,905
7290000363202,false,סלמי גליל טירת צבי 700 ג',הנסיך- מפעל לייצור ט,IL,סלמי גליל מעושן טירת,גרמים,600.00,100 גרם,false,,24.90,0.0415,true,1,33965
7290000363363,false,קבנוס מיוחד טירת צבי,הנסיך- מפעל לייצור ט,IL,קבנוס מיוחד טירת צבי,גרמים,160.00,100 גרם,false,,14.90,0.0931,true,1,33960
7290000364261,false,דקניקים סלסולי כתף בקר 120 ג' טירת צבי,הנסיך- מפעל לייצור ט,IL,סלסולי כתף בקר מעושן,גרמים,120.00,100 גרם,false,,12.90,0.1075,true,1,6059
7290000364278,false,דקניקים סילסולי סלמי איטלקי 120 ג' טירת צבי,הנסיך- מפעל לייצור ט,IL,סלסולי סלמי בסגנון א,גרמים,120.00,100 גרם,false,,12.90,0.1075,true,1,39863
7290000364285,false,דקניקים סלסולי פסטרמה הודו 120 ג' טירת צבי,הנסיך- מפעל לייצור ט,IL,סלסולי פסטרמה הודו ט,גרמים,120.00,100 גרם,false,,12.90,0.1075,true,1,39864
7290000364292,false,דקניקים סלסולי פסטרמה הודו על גחלים 120 ג' טירת צבי,הנסיך- מפעל לייצור ט,IL,סלסולי פסטרמה הודו ע,גרמים,120.00,100 גרם,false,,12.90,0.1075,true,1,6060
7290000364858,false,"נקניקיות עוף טרי 1 ק""ג טירת צבי",הנסיך- מפעל לייצור ט,IL,נקניקיות עוף טירת צב,פריט,1.00,"ק""ג",false,,22.90,22.9000,true,1,920
7290000369037,false,סלט קוביות בולגרית 200 ג' ניצן,נטורל קייקס,IL,סלט קוביות בולגרית ב,גרמים,200.00,100 גרם,false,,12.90,0.0645,true,1,26194
7290000369617,false,כדורי מעדן גבינה בשמן 225 ג' ניצן,"ניצן מותגי מזון בע""מ",IL,כדורי פטה בשמן ניצן,גרמים,150.00,100 גרם,false,,16.90,0.1127,true,1,26189
7290000379258,false,חלת קונדיטורית ארוזה 500 ג' אנג'ל,מאפיית שלמה א. אנג'ל,IL,חלה קונדיטוריה אנגל,גרמים,500.00,100 גרם,false,,15.90,0.0318,true,1,37968
7290000408354,false,יוגורט עם אורז מצופה שוקולד קקאו 175 ג' דנונה,"שטראוס בריאות בע""מ",IL,דנונה בר פצפוצים,מיליליטרים,175.00,"100 מ""ל",false,,3.90,0.0223,true,1,1025
7290000412481,false,סנו - מנקה אסלות 00 1 ליטר,מיוצר עי קונדיטוריית,IL,מנקה אסלות 00 1 ליטר,קילוגרמים,1.00,ליטר,false,,7.50,7.5000,true,1,1042
7290000416632,false,"ממרח שוקולד השחר פרווה 1ק""ג",השחר העולה תעשית ממת,IL,ממרח בטעם שוקולד השח,פריט,1.00,"ק""ג",false,,22.90,22.9000,true,1,3356
7290000416861,false,ממרח השחר קלאסי 750 גר' בית יוסף,השחר העולה תעשית ממת,IL,ממרח בטעם שוקולד השח,גרמים,750.00,100 גרם,false,,19.90,0.0265,true,1,51279
7290000418131,false,תחבושות טופ פד מקופלת 18 יח',מוצרי נייר עמיר,IL,תחבושות טופ פד 18 יח,Unknown,0.00,יחידה,false,,5.90,0.0000,true,1,1099
7290000418155,false,תחבושות סופר פלוס טופ-פד 16 יח',מוצרי נייר עמיר,IL,תחבושות טופ פד סופר,Unknown,0.00,יחידה,false,,5.90,0.0000,true,1,1100
7290000419220,false,קפה כחול לנדוור שלישיה 100*3,קפה לנדוור,IL,מארז קפה טורקי לנדוו,גרמים,300.00,100 גרם,false,,16.90,0.0563,true,1,5474
7290000419374,false,לנדוור לבוקר טחון טורקי 3*100גר,קפה לנדוור,IL,מארז קפה טורקי לנדוו,גרמים,300.00,100 גרם,false,,16.90,0.0563,true,1,5475
7290000426150,false,כרובית פרחים בודק 60,"מטר ארצכם בע""מ",IL,כרובית פרחים בודק 60,גרמים,600.00,100 גרם,false,,24.90,0.0415,true,1,48601
7290000426921,false,ברוקולי פרחים בודק קפוא 907 גר,"מטר ארצכם בע""מ",IL,ברוקולי פרחים בודק 9,גרמים,709.00,100 גרם,false,,34.90,0.0492,true,1,57911
7290000432359,false,נר נשמה בכוס שבועי פ,פאלאס,CN,נר נשמה בכוס שבועי פ,Unknown,0.00,יחידה,false,,9.90,0.0000,true,1,15663
7290000436326,false,עוגיות שוקולד ציפס ב,ברמן שוקולד ועוגיות,IL,עוגיות שוקולד ציפס ב,פריט,1.00,"ק""ג",false,,19.90,19.9000,true,1,32461
7290000442310,false,טפטפים - בייביסקין משחה לתינוק 100 גרם,"רצט שקיים בע""מ",IL,משחת החתלה לתינוק 10,גרמים,100.00,100 גרם,false,,10.90,0.1090,true,1,44940
7290000446325,false,"תרכיזי תפו""ע טבעי 1.2 ל' בי&די",בטר אנד דיפרנט,IL,תרכיז ב.ד תפוחים טבע,קילוגרמים,1.20,ליטר,false,,41.90,34.9167,true,1,2772
7290000446394,false,בטר אנד דיפרנט דייסת שיבולת שועל 200 גר',בטר אנד דיפרנט B&D,IL,דייסת שיבולת שועל ב.,גרמים,200.00,100 גרם,false,,9.90,0.0495,true,1,1157
7290000446523,false,חמאת בוטנים מתוקה 350ג' בי&די,בטר אנד דיפרנט,IL,חמאת בוטנים מתוקה ב.,גרמים,350.00,100 גרם,false,,13.90,0.0397,true,1,1159
7290000446530,false,"חמאת בוטנים 1 ק""ג בי&די",בטר אנד דיפרנט,IL,חמאת בוטנים מתוקה ב.,פריט,1.00,"ק""ג",false,,26.90,26.9000,true,1,1160
7290000446547,false,חמאת בוטנים טבעית ללא סוכר 350גר,בטר אנד דיפרנט B&D,IL,חמאת בוטנים טבעית ב.,גרמים,350.00,100 גרם,false,,13.90,0.0397,true,1,1161
7290000446554,false,"חמאת בוטנים טבעית 1 ק""ג בי&די",בטר אנד דיפרנט B&D,IL,חמאת בוטנים טבעית ב.,פריט,1.00,"ק""ג",false,,26.90,26.9000,true,1,1162
7290000446721,false,מארז פריכיות אורז ב.,בטר אנד דיפרנט,IL,מארז פריכיות אורז ב.,גרמים,420.00,100 גרם,false,,14.90,0.0355,true,1,1165
7290000446745,false,חמאת שקדים 100% טבעי 350ג' בי&די,בטר אנד דיפרנט,IL,חמאת שקדים ב.ד 350 ג,גרמים,350.00,100 גרם,false,,38.90,0.1111,true,1,7277
7290000446776,false,פתיתי אורז תפוח קל ללא סוכר 500 גרם,בטר אנד דיפרנט,IL,פצפוצי אורז ללא תוספ,גרמים,450.00,100 גרם,false,,18.90,0.0420,true,1,1166
7290000446936,false,ציפ.לשניצל ללא גלוטן שקית 300גר,בטר אנד דיפרנט,IL,פירורי קורנפלקס לציפ,גרמים,250.00,100 גרם,false,,9.90,0.0396,true,1,7295
7290000453125,false,שמרית שמרים טריים לאפייה +משפר אפייה 100ג,"פאקא תעשיות בע""מ",IL,שמרים טריים+משפר אפי,גרמים,100.00,100 גרם,false,,6.90,0.0690,true,1,1183
7290000453385,false,שמרים יבשים פאקא אינסטנט 500ג',פאקא תעשיות בעמ,IL,שמרים יבשים פאקא 500,גרמים,500.00,100 גרם,false,,12.90,0.0258,true,1,5615
7290000453408,false,בצק פיצה דק מצונן ומוכן לאפייה שמרית,"פאקא תעשיות בע""מ",GR,בצק פיצה מוכן לאפיה,גרמים,415.00,100 גרם,false,,15.80,0.0381,true,1,53154
7290000453415,false,בצק עלים מצונן ומוכן לאפייה שמרית,"פאקא תעשיות בע""מ",FR,בצק עלים מוכן לאפיה,גרמים,300.00,100 גרם,false,,14.80,0.0493,true,1,53155
7290000453422,false,בצק פילו מצונן ומרודד מוכן לאפיה,"פאקא תעשיות בע""מ",GR,בצק פילו מוכן לאפיה,גרמים,300.00,100 גרם,false,,14.80,0.0493,true,1,53156
7290000453484,false,בצק קדאיף 350 ג' שמרית,פאקא תעשיות בעמ,GR,בצק קדאיף שמרית 350,גרמים,350.00,100 גרם,false,,14.80,0.0423,true,1,61556
7290000453866,false,נטורינה קוקוס לאפייה שמרית 200ג',גרונבאנג- גרונדנסק א,DK,נטורינה תחליף מרגרינ,גרמים,200.00,100 גרם,false,,6.50,0.0325,true,1,48050
7290000453897,false,מרגרינה בטעם חמאה שימרית 200 ג',גרונבאנג- גרונדנסק א,DK,מרגרינה בטעם חמאה שמ,גרמים,200.00,100 גרם,false,,4.60,0.0230,true,1,20828
7290000462103,false,סחוג אדום חריף עדין (מכסה לבן) 150 גרם,קריניסה ויטמין אס אי,IL,סחוג תימני זהבי 150,גרמים,150.00,100 גרם,false,,6.90,0.0460,true,1,2824
7290000462141,false,סחוג אדום חריף מאוד (מכסה אדום) 150 גרם,קריניסה ויטמין אס אי,IL,סחוג תימני חריף זהבי,גרמים,150.00,100 גרם,false,,6.90,0.0460,true,1,2825
7290000462172,false,סחוג ירוק חריף מאוד מ.ירוק 150 גרם,קריניסה ויטמין אס אי,IL,סחוג ירוק זהבי 150 ג,גרמים,140.00,100 גרם,false,,6.90,0.0493,true,1,2826
7290000467153,false,צבר חומוס סמיר הגדול 400גר,סלטי צבר,IL,חומוס עם המון טחינה,גרמים,400.00,100 גרם,false,,13.90,0.0348,true,1,10791
7290000469638,false,"מריטו ספריי גיהוץ קל 500 מ""ל",בולטון מניטובה,IT,ספריי לגיהוץ מריטו 5,מיליליטרים,500.00,"100 מ""ל",false,,19.90,0.0398,true,1,5709
7290000474373,false,"שמנת חמוצה 15% שומן 200 מ""ל טרה",קריות זול,IL,שמנת חמוצה 15% טרה 2,מיליליטרים,200.00,"100 מ""ל",false,,2.40,0.0120,true,1,1234
7290000474502,false,גבינה לבנה 5% 250ג' טרה מהדרין,קריות זול,IL,גבינה 5% טרה 250 גרם,גרמים,250.00,100 גרם,false,,4.90,0.0196,true,1,2929
7290000474540,false,גבינה טוב טעם 3% טרה 250ג' מהדרין,קריות זול,IL,גבינה 3% טוב טעם 250,גרמים,250.00,100 גרם,false,,9.90,0.0396,true,1,1236
7290000474830,false,גבינה צהובה מגורדת 28% שומן 500 ג' נעם,מילקו תעשיות בעמ,IL,גבינה מגורדת 28% טרה,גרמים,500.00,100 גרם,false,,19.90,0.0398,true,1,1237
7290000480107,false,קוואקר שיבולת שועל פחית 500 גר',וולקרס סנקס לימיטד,GB,שיבולת שועל קוואקר 5,גרמים,500.00,100 גרם,false,,9.90,0.0198,true,1,5500
7290000484747,false,עראק עלית 700 מל 40% כהל,יקב הגליל שווק בעמ,IL,"עלית הארק 40% 700 מ""",מיליליטרים,700.00,"100 מ""ל",false,,49.90,0.0713,true,1,21388
7290000490601,false,שלגוני גלידל שמינייה,הגלידות של פלדמן,IL,מאגדת גלידל שלגון ב,גרמים,400.00,100 גרם,false,,28.90,0.0722,true,1,63966
7290000490762,false,שלגוני גלידל שמינייה,הגלידות של פלדמן,IL,מאגדת גלידל שלגון בט,גרמים,400.00,100 גרם,false,,28.90,0.0722,true,1,63969
7290000493176,false,אבקת רוטב צלי לבשר 22ג' אסם,"אסם השקעות בע""מ",IL,אבקה להכנת רוטב צלי,גרמים,22.00,100 גרם,false,,3.60,0.1636,true,1,1266
7290000493183,false,אבקת רוטב פיטריות 30 ג' אסם,"אסם השקעות בע""מ",IL,אבקת רוטב פטריות אסם,גרמים,30.00,100 גרם,false,,3.50,0.1167,true,1,1267
7290000494760,false,קפה טורקי בוואקום כת,רוני רג'ואן,IL,קפה טורקי בוואקום כת,פריט,1.00,"ק""ג",false,,39.90,39.9000,true,1,44061
7290000497044,false,ברמן אקטיב לחם ארוז,מאפית י את א ברמן בע,IL,לחם אקטיב ברמן 750 ג,גרמים,750.00,100 גרם,false,,14.90,0.0199,true,1,11968
7290000497112,false,לחם ברמן אחיד פרוס 750ג',מאפית י את א ברמן בע,IL,לחם פרוס ברמן 750 גר,גרמים,750.00,100 גרם,false,,6.50,0.0087,true,1,1278
7290000497228,false,לחמניה רגילה בשקית ברמן 6יח',מאפית י את א ברמן בע,IL,לחמניות אצבע ברמן 6,גרמים,450.00,100 גרם,false,,7.90,0.0176,true,1,1279
7290000497273,false,לחמניות אקטיב מארז 6 יח',מאפית י את א ברמן בע,IL,לחמניות קמח מלא אקטי,גרמים,450.00,100 גרם,false,,13.90,0.0309,true,1,22483
7290000497303,false,לחמניה מקמח מלא 6יח' ברמן 450ג',מאפית י את א ברמן בע,IL,לחמניות קמח מלא ברמן,גרמים,450.00,100 גרם,false,,12.90,0.0287,true,1,1280
7290000497358,false,חלה מתוקה ארוזה חלומית 500 גר',מאפית י את א ברמן בע,IL,חלה מתוקה חלומית ברמ,גרמים,500.00,100 גרם,false,,11.90,0.0238,true,1,3090
7290000497426,false,לחם לעניין פלוס 500 גר',מאפית י את א ברמן בע,IL,לחם לעניין פלוס ברמן,גרמים,500.00,100 גרם,false,,13.90,0.0278,true,1,3083
7290000497532,false,"לחם מקמח מלא""לעניין"" 750 גר'",מאפית י את א ברמן בע,IL,לחם קמח מלא לעניין ב,גרמים,750.00,100 גרם,false,,14.90,0.0199,true,1,1282
7290000497570,false,לחם דגנים פלוס 500 גר',מאפית י את א ברמן בע,IL,לחם דגנים פלוס ברמן,גרמים,500.00,100 גרם,false,,13.90,0.0278,true,1,3084
7290000498003,false,לחם מקמח מלא ברמן 75,מאפית י את א ברמן בע,IL,לחם קמח מלא E-FREE ב,גרמים,750.00,100 גרם,false,,14.90,0.0199,true,1,31933
7290000498034,false,לחם אי פרי קמח כוסמין מלא 750 גר',מאפית י את א ברמן בע,IL,לחם קמח מלא כוסמין E,גרמים,750.00,100 גרם,false,,14.90,0.0199,true,1,47371
7290000498058,false,חלה כוסמין חלומית בר,מאפית י את א ברמן בע,IL,חלה כוסמין חלומית בר,גרמים,500.00,100 גרם,false,,15.90,0.0318,true,1,61699
7290000498300,false,חלה מתוקה ברמן 500 ג,מאפית י את א ברמן בע,IL,חלה מתוקה ברמן 500 ג,גרמים,500.00,100 גרם,false,,10.90,0.0218,true,1,55392
7290000498409,false,חלה מתוקה ברמן 500 ג,מאפית י את א ברמן בע,IL,חלה מתוקה ברמן 500 ג,גרמים,500.00,100 גרם,false,,10.90,0.0218,true,1,3086
7290000504049,false,סוכרזית קנקן 1200 טבליות,אף.סי תבליני בגליל ב,IL,ממתיק קלאסי סוכרזית,Unknown,0.00,יחידה,false,,17.90,0.0000,true,1,1298
7290000504209,false,"סוכרזית דיאט טיפ נוזלי 220 מ""ל",אף.סי תבליני בגליל ב,IL,ממתיק נוזלי קלאסי סו,מיליליטרים,220.00,"100 מ""ל",false,,14.80,0.0673,true,1,1299
7290000504278,false,סוכרזית - קלאסי פטנט 700 טבליות,אף.סי תבליני בגליל ב,IL,ממתיק קלאסי סוכרזית,גרמים,57.00,100 גרם,false,,13.90,0.2439,true,1,1300
7290000521008,false,"יין אדום יבש סגל 750 מ""ל",כרמי צבי - אחים סגל,IL,יין סגל אדום יבש,מיליליטרים,750.00,"100 מ""ל",false,,21.50,0.0287,true,1,1318
7290000521022,false,יין של סגל לבן חצי י,"מיוצר ע""י כרמי צבי-",IL,יין סגל לבן חצי יבש,מיליליטרים,750.00,"100 מ""ל",false,,21.50,0.0287,true,1,26807
7290000521404,false,"יין מרום גליל קברנה סוביניון סינגל 750 מ""ל",כרמי צבי אחים סגל בע,IL,יין סגל מרום גליל קב,מיליליטרים,750.00,"100 מ""ל",false,,27.90,0.0372,true,1,8648
7290000521428,false,"מרום גליל סינגל, שרדונה 750מל",כרמי צבי-אחים סגל בע,IL,יין מרום גליל שרדונה,מיליליטרים,750.00,"100 מ""ל",false,,27.90,0.0372,true,1,34127
7290000523224,false,מלח הארץ הים האדום 500 ג' עדין,חברת מלח הארץ אילת ב,IL,מלח עדין הים האדום 5,גרמים,500.00,100 גרם,false,,7.90,0.0158,true,1,18634
7290000523804,false,"מלח עדין צנצנת 1 ק""ג מלח הארץ",חברת מלח הארץ אילת ב,IL,"מלח עדין 1 ק""ג בצנצנ",פריט,1.00,"ק""ג",false,,6.90,6.9000,true,1,8670
7290000523811,false,"צנצנת מלח גס 1 ק""ג מלח הארץ",חברת מלח הארץ אילת ב,IL,"מלח גס 1 ק""ג בצנצנת",פריט,1.00,"ק""ג",false,,6.90,6.9000,true,1,8671
7290000530086,false,נקניק סלמי מעושן 600 ג' זוגלובק,נקניק נהריה כשר זוגל,IL,סלמי מעושן 7000 זוגל,גרמים,600.00,100 גרם,false,,24.90,0.0415,true,1,4047
7290000530109,false,קבנוס זוגי בואקום זוגלובק 180ג',נקניק נהריה כשר זוגל,IL,זוג קבנוס זוגלובק 2*,גרמים,360.00,100 גרם,false,,24.90,0.0692,true,1,4049
7290000530116,false,נקניק סלמי מעושן בשן 470 ג' זוגלובק,נקניק נהריה כשר זוגל,IL,סלמי בשן זוגלובק 470,גרמים,470.00,100 גרם,false,,24.90,0.0530,true,1,4048
7290000530468,false,נקניקיות וינר זוגלוב,,,נקניקיות וינר זוגלוב,פריט,1.00,"ק""ג",false,,23.90,23.9000,true,1,17192
7290000530703,false,זוג במארז חרמון הודו + סלמי תה זוגלובק 800 גר',נקניק נהריה כשר זוגל,IL,מארז סלמי תה/חרמון ז,גרמים,800.00,100 גרם,false,,25.90,0.0324,true,1,4296
7290000533353,false,"בצק עלים צרפתי 1 ק""ג זוגלובק",מאפיית אריאל וגידרון,IL,בצק עלים זוגלובק 1 ק,פריט,1.00,"ק""ג",false,,13.50,13.5000,true,1,1333
7290000536316,false,"שניצל מן הצומח זוגלובק 1 ק""ג",נקניק נהריה כשר זוגל,IL,שניצל מן הצומח זוגלו,פריט,1.00,"ק""ג",false,,23.90,23.9000,true,1,1334
7290000536743,false,קריספי סטיקס תירס 500 ג' זוגלובק,נקניק נהריה כשר זוגל,IL,קריספי סטיקס טבעי זו,גרמים,500.00,100 גרם,false,,14.90,0.0298,true,1,12137
7290000536774,false,"נקניקיות מן הצומח זוגלובק 1ק""ג בד""צ",זוגלובק,IL,נקניקיות מן הצומח זו,פריט,1.00,"ק""ג",false,,19.90,19.9000,true,1,1336
7290000537603,false,נקניקיות עוף זוגלובק,זוגלובק,IL,נקניקיות עוף זוגלובק,פריט,1.00,"ק""ג",false,,24.90,24.9000,true,1,4050
7290000551654,false,בשר מס 3 חזה בקר צרכ,,,בשר מס 3 חזה בקר צרכ,קילוגרמים,1.00,"ק""ג",true,,39.90,39.9000,true,1,16216
7290000554402,false,מלבי 160גר מחלבות גד,"מיוצר ע""י קוד יצרן E",IL,מלבי גד 160 גרם,מיליליטרים,160.00,"100 מ""ל",false,,5.60,0.0350,true,1,1441
7290000554471,false,גבינת מוצרלה 22% נקניק 180ג' גד,"מחלבות גד בע""מ",IL,גבינת מוצרלה 22% גד,גרמים,180.00,100 גרם,false,,15.90,0.0883,true,1,1442
7290000554600,false,מוצרלה מגורדת 18% 300 גרם - רובין,מחלבות גד בעמ,IL,גבינת מוצרלה מגורדת,גרמים,300.00,100 גרם,false,,19.90,0.0663,true,1,1443
7290000554624,false,ירח מתוק 3% 150 גרם רובין,"מיוצר ע""י קוד יצרן E",IL,מעדן ירח מתוק 3% גד,מיליליטרים,150.00,"100 מ""ל",false,,4.90,0.0327,true,1,19424
7290000554822,false,גבינת ריקוטה טבעי 5% שומן 250 ג' גד,מחלבות גד בעמ,IL,גבינת ריקוטה 5% גד 2,גרמים,250.00,100 גרם,false,,12.90,0.0516,true,1,18513
7290000554839,false,שמנת מתוקה קשה בסגנון איטלקי 40% שומן 250 ג' גד,מחלבות גד בעמ,IL,גבינת מסקרפונה 40% ג,גרמים,250.00,100 גרם,false,,19.90,0.0796,true,1,31925
7290000571386,false,יוגורט כבשים 850 ג' יוגורמה,גבינות משק אחים מאיר,IL,יוגורמה 5% המחלבה 85,מיליליטרים,850.00,"100 מ""ל",false,,24.90,0.0293,true,1,3124
7290000571812,false,פרמזן מגורד בית יצחק,גבינות משק אחים מאיר,IL,גבינה פרמזן מגורדת ה,גרמים,200.00,100 גרם,false,,19.90,0.0995,true,1,10574
7290000572055,false,"חלבה לל""ס וסיבים ואגוז אחווה 400ג'",אחדות ביחר לטחינה חל,IL,חלוה אגוזים ללא סוכר,גרמים,400.00,100 גרם,false,,14.90,0.0373,true,1,1488
7290000572086,false,טחינה גולמית אורגנית 500ג',אחדות ביחר לטחינה חל,IL,טחינה אורגנית אחוה 5,גרמים,500.00,100 גרם,false,,10.90,0.0218,true,1,1489
7290000572222,false,חלבה וניל בבלוק אחווה 500ג',שוורצקוף& הנקל דיסלד,IL,חלוה בטעם וניל אחוה,גרמים,500.00,100 גרם,false,,9.80,0.0196,true,1,1490
7290000572529,false,חלבה פיסטוק מגש אחווה 400ג',אחדות ביחר לטחינה חל,IL,חלוה פיסטוק אחוה 400,גרמים,400.00,100 גרם,false,,11.90,0.0298,true,1,1491
7290000572536,false,חלבה וניל מגש אחווה 400ג'',אחדות ביחר לטחינה חל,IL,חלוה וניל אחוה 400 ג,גרמים,400.00,100 גרם,false,,9.80,0.0245,true,1,1492
7290000572543,false,חלבה שוקו וניל אחווה 400ג',אחדות ביחר לטחינה חל,IL,חלוה שוקו וניל אחוה,גרמים,400.00,100 גרם,false,,9.80,0.0245,true,1,1493
7290000572628,false,חלבה חטיף ללא סוכר בקופסה 276 ג',שוורצקוף& הנקל דיסלד,IL,חטיפי חלוה ללא תוספת,גרמים,275.00,100 גרם,false,,11.90,0.0433,true,1,1495
7290000572673,false,אחווה חטיף חלווה ט.שונים 12*25גר,שוורצקוף& הנקל דיסלד,IL,חטיפי חלוה בטעמים אח,גרמים,300.00,100 גרם,false,,11.90,0.0397,true,1,2430
7290000572819,false,"טחינה גולמית אחווה 1 ק""ג",אחדות ביחר לטחינה חל,IL,"טחינה אחוה 1 ק""ג",פריט,1.00,"ק""ג",false,,18.90,18.9000,true,1,1497
7290000598116,false,מצות חמץ יהודה 1.5 ק,מצות יהודה,IL,מצות חמץ יהודה 1.5 ק,פריט,1.50,"ק""ג",false,,24.90,16.6000,true,1,1510
7290000598147,false,קמח מצה חמץ יהודה 50,מצות יהודה,IL,קמח מצה חמץ יהודה 50,גרמים,500.00,100 גרם,false,,6.50,0.0130,true,1,4019
7290000598680,false,"פתי בר 1.8 ק""ג מצות יהודה",מצות יהודה,IL,"פתיבר יהודה 1.8 ק""ג",פריט,1.80,"ק""ג",false,,23.90,13.2778,true,1,18441
7290000598918,false,עוגיות בטעם חמאה יהו,מצות יהודה,IL,עוגיות בטעם חמאה יהו,פריט,1.50,"ק""ג",false,,24.90,16.6000,true,1,1516
7290000598949,false,מצות מקמח מלא יהודה 300 גר',מצות יהודה,IL,מצות חמץ חיטה מלאה י,גרמים,300.00,100 גרם,false,,16.50,0.0550,true,1,1517
7290000630076,false,עוף מס' 2 עטרה קפוא,עטרה,IL,עוף מס 2 קפוא עטרה,קילוגרמים,1.00,"ק""ג",true,,21.90,21.9000,true,1,1560
7290000631035,false,כבד עוף קפוא עטרה,עטרה,IL,כבד עוף קפוא עטרה,קילוגרמים,1.00,"ק""ג",true,,29.90,29.9000,true,1,1569
7290000631226,false,כבד עוף טרי ארוז עטר,,,כבד עוף טרי עטרה,קילוגרמים,1.00,"ק""ג",true,,32.90,32.9000,true,1,1571
7290000631271,false,לבבות עוף קפוא עטרה,עטרה,IL,לבבות עוף קפוא עטרה,קילוגרמים,1.00,"ק""ג",true,,29.90,29.9000,true,1,1572
7290000632209,false,חזה עוף קפוא עטרה,עטרה,IL,חזה עוף קפוא עטרה,קילוגרמים,1.00,"ק""ג",true,,29.90,29.9000,true,1,1576
7290000632391,false,כרעיים עוף קפוא עטרה,עטרה,IL,כרעיים עוף קפוא עטרה,קילוגרמים,1.00,"ק""ג",true,,29.90,29.9000,true,1,1577
7290000632599,false,ירכיים עוף קפוא עטרה,עטרה,IL,ירכיים עוף קפוא עטרה,קילוגרמים,1.00,"ק""ג",true,,29.90,29.9000,true,1,1578
7290000632698,false,שוקיים עוף קפוא עטרה,עטרה,IL,שוקיים עוף קפוא עטרה,קילוגרמים,1.00,"ק""ג",true,,31.90,31.9000,true,1,1579
7290000633800,false,כנפיים עוף קפוא עטרה,עטרה,IL,כנפיים עוף קפוא עטרה,קילוגרמים,1.00,"ק""ג",true,,11.90,11.9000,true,1,1581
7290000646299,false,פילה נסיכת הנילוס קפ,דגי תנובה,ZA,פילה נסיכת הנילוס 10,קילוגרמים,1.00,"ק""ג",true,,49.90,49.9000,true,1,50695
7290000688381,false,מי עדן פקק ספורט 6*500 מל.,"מי עדן בע""מ",IL,"מים מי עדן 6*500 מ""ל",קילוגרמים,3.00,ליטר,false,,12.90,4.3000,true,1,1715
7290000688503,false,מים מינרליים מי עדן,"מי עדן בע""מ",IL,מים מי עדן ספורט 6*7,קילוגרמים,4.50,ליטר,false,,13.90,3.0889,true,1,7924
7290000692135,false,ספיד סטיק בסיסי ירוק א.פ פרש,קולגייט פלמוליב,BY,דאו ספיד סטיק פאואר,מיליליטרים,51.00,"100 מ""ל",false,,18.90,0.3706,true,1,8197
7290000692203,false,אג'קס ניקוי כללי 2לימון-מרכז,הנסיך- מפעל לייצור ט,BY,נוזל אג'קס לימון 2 ל,קילוגרמים,2.00,ליטר,false,,19.90,9.9500,true,1,5706
7290000692210,false,אג'קס ניקוי כללי לוונדר 2ל',הנסיך- מפעל לייצור ט,GR,נוזל אג'קס לבנדר 2 ל,קילוגרמים,2.00,ליטר,false,,19.90,9.9500,true,1,5704
7290000694108,false,מקלוני חומוס דאבייל,חטיפי יעקובי,IL,מקלוני חומוס דאבייל,גרמים,230.00,100 גרם,false,,9.90,0.0430,true,1,4743
7290000803180,false,מרידול מי פהשטיפה דנטלית 400 מל,קולגייט פלמוליב,CH,"מי פה מרידול 400 מ""ל",מיליליטרים,400.00,"100 מ""ל",false,,24.90,0.0622,true,1,2133
7290000901022,false,פקדון בקבוק/ פחית,,,פקדון בקבוק/ פחית,Unknown,0.00,יחידה,false,,0.30,0.0000,true,1,2334
7290000901046,false,מיחזור אריזה זכוכית,,,מיחזור אריזה,Unknown,0.00,יחידה,false,,0.30,0.0000,true,1,498
7290000901091,false,מיחזור אריזה פלסטיק,,,מיחזור אריזה פלסטיק,Unknown,0.00,יחידה,false,,1.80,0.0000,true,1,1716
7290000901107,false,מיחזור אריזה זכוכית,,,מיחזור אריזה זכוכית,Unknown,0.00,יחידה,false,,1.80,0.0000,true,1,182
7290000901114,false,מיחזור אריזה פחית שי,,,מיחזור אריזה פחית שי,Unknown,0.00,יחידה,false,,1.80,0.0000,true,1,2339
7290000901121,false,צלעות טרי בלי עצם עט,,,צלעות טרי בלי עצם עט,קילוגרמים,1.00,"ק""ג",true,,69.90,69.9000,true,1,3017
7290000901152,false,צלעות כבש טרי עטרה,,,צלעות כבש טרי עטרה,קילוגרמים,1.00,"ק""ג",true,,199.90,199.9000,true,1,3315
7290000902203,false,בשר עגל טחון טרי עטר,,,בשר עגל טחון טרי עטר,קילוגרמים,1.00,"ק""ג",true,,49.90,49.9000,true,1,3589
7290000902234,false,סטייק עם עצם טרי עטר,,,סטייק עם עצם טרי עטר,קילוגרמים,1.00,"ק""ג",true,,99.90,99.9000,true,1,3593
7290000902241,false,אנטריקוט עגל טרי עטר,,,אנטריקוט עגל טרי עטר,קילוגרמים,1.00,"ק""ג",true,,119.90,119.9000,true,1,3594
7290000902258,false,צלי כתף עגל טרי עטרה,,,צלי כתף עגל טרי עטרה,קילוגרמים,1.00,"ק""ג",true,,99.90,99.9000,true,1,3595
7290000902265,false,פילה מדומה עגל טרי ע,,,פילה מדומה עגל טרי ע,קילוגרמים,1.00,"ק""ג",true,,69.90,69.9000,true,1,3596
7290000902272,false,כתף עגל טרי עטרה,,,כתף עגל טרי עטרה,קילוגרמים,1.00,"ק""ג",true,,69.90,69.9000,true,1,3597
7290000902289,false,אוסובוקו עגל טרי עטר,,,אוסובוקו עגל טרי עטר,קילוגרמים,1.00,"ק""ג",true,,69.90,69.9000,true,1,3598
7290000902296,false,שריר עגל טרי עטרה,,,שריר עגל טרי עטרה,קילוגרמים,1.00,"ק""ג",true,,59.90,59.9000,true,1,3599
7290000902326,false,צוואר עם עצם טרי עטר,,,צוואר עם עצם טרי עטר,קילוגרמים,1.00,"ק""ג",true,,49.90,49.9000,true,1,3604
7290000902357,false,אסאדו עם עצם טרי עטר,,,אסאדו עם עצם טרי עטר,קילוגרמים,1.00,"ק""ג",true,,69.90,69.9000,true,1,3607
7290000902609,false,מיחזור אריזה בקבוק 1,,,מיחזור אריזה בקבוק 1,Unknown,0.00,יחידה,false,,3.60,0.0000,true,1,3833
7290000902616,false,מיחזור אריזה 4 יח,,,מיחזור אריזה 4 יח,Unknown,0.00,יחידה,false,,1.20,0.0000,true,1,3834
7290000903194,false,אבקת כביסה,,,אבקת כביסה,Unknown,0.00,יחידה,false,,19.90,0.0000,true,1,4431
7290000904900,false,מגבת נייר קירקלנד 1,,,מגבת נייר קירקלנד 1,מטרים,24.78,מטר,false,,9.90,0.3995,true,1,8351
7290000916354,false,"ספריבס ע""ע עגל וויל",,,"ספריבס ע""ע עגל וויל",קילוגרמים,1.00,"ק""ג",true,,49.90,49.9000,true,1,28740
7290000976433,false,קשיו קלוי במשקל,דין שיווק,VN,קשיו טבעי במשקל,קילוגרמים,1.00,"ק""ג",true,,85.00,85.0000,true,1,47500
7290000976471,false,גרעין דלעת מקולפת במ,דין שיווק,IL,גרעין דלעת מקולפת במ,קילוגרמים,1.00,"ק""ג",true,,55.00,55.0000,true,1,2723
7290000976785,false,קשיו מסוכר במשקל,דין שיווק,VN,קשיו מסוכר במשקל,קילוגרמים,1.00,"ק""ג",true,,85.00,85.0000,true,1,24462
7290000976846,false,פיסטוק מקולף במשקל,דין שיווק,IL,פיסטוק מקולף,קילוגרמים,1.00,"ק""ג",true,,150.00,150.0000,true,1,3761
7290000977102,false,תערובת פיצוחים במשקל,דין שיווק,TR,תערובת פיצוחים במשקל,קילוגרמים,1.00,"ק""ג",true,,85.00,85.0000,true,1,3131
7290000977881,false,תפוח עץ מיובש,דין שיווק,CN,"תפו""ע במשקל",קילוגרמים,1.00,"ק""ג",true,,45.00,45.0000,true,1,3123
7290000978307,false,חמוציות ללא סוכר במש,דין שיווק,US,חמוציות ללא סוכר במש,קילוגרמים,1.00,"ק""ג",true,,69.00,69.0000,true,1,2771
7290000978406,false,אננס רצועות במשקל תפ,דין שיווק,CN,אננס רצועות במשקל תפ,קילוגרמים,1.00,"ק""ג",true,,25.00,25.0000,true,1,2644
7290000978574,false,פרלינים במשקל,דין שיווק,IL,פרלינים במשקל,קילוגרמים,1.00,"ק""ג",true,,75.00,75.0000,true,1,2767
7290000978703,false,סוכריות קשות במשקל,,GB,סוכריות קשות במשקל,קילוגרמים,1.00,"ק""ג",true,,36.00,36.0000,true,1,2689
7290000978734,false,סוכריות גומי במשקל,דין שיווק,IL,סוכריות גומי במשקל,קילוגרמים,1.00,"ק""ג",true,,30.00,30.0000,true,1,2690
7290000978864,false,תבלינים קבוצה 5 שקיל,נפטון,IL,תבלינים קבוצה 5,קילוגרמים,1.00,"ק""ג",true,,200.00,200.0000,true,1,2667
7290000989778,false,חמוציות במשקל,דין שיווק,IL,חמוציות במשקל,קילוגרמים,1.00,"ק""ג",true,,25.00,25.0000,true,1,2769
7290001022153,false,חמאה יורו וילי פוד ב,דותן,IL,חמאה יורו וילי פוד ב,קילוגרמים,1.00,"ק""ג",true,,49.00,49.0000,true,1,63484
7290001041017,false,תבלין חוואיג' תימני 50 גר' מיה,מיה תעשיות מזון בעמ,IL,חוואיג תימני מיה 50,גרמים,50.00,100 גרם,false,,5.80,0.1160,true,1,12
7290001041048,false,תבלין על האש 50גרם צנצנת,מיה תעשיות מזון בעמ,IL,תבלין על האש מיה 50,גרמים,50.00,100 גרם,false,,5.80,0.1160,true,1,15
7290001041291,false,לקקן סוכריה על מקל 70יח',מיה תעשיות מזון בעמ,IL,לקקנים בטעם פירות מי,גרמים,600.00,100 גרם,false,,16.90,0.0282,true,1,18
7290001041482,false,תבלין זנגויל 50 גר' מיה,מיה תעשיות מזון בעמ,IL,זנגוויל מיה 50 גרם,גרמים,50.00,100 גרם,false,,5.80,0.1160,true,1,19
7290001041888,false,תבלין פפריקה מתוקה 300גרם,מיה תעשיות מזון בעמ,IL,פפריקה מתוקה מיה 300,גרמים,300.00,100 גרם,false,,14.90,0.0497,true,1,16906
7290001041895,false,תבלין פלפל שחור 400 גר' מיה,מיה תעשיות מזון בעמ,IL,פלפל שחור מיה 300 גר,גרמים,300.00,100 גרם,false,,27.90,0.0930,true,1,16241
7290001072899,false,"מרכך לסירוק קל נובו 700 מ""ל",סאסאטק,IL,מרכך לסירוק קל נובו,מיליליטרים,700.00,"100 מ""ל",false,,5.90,0.0084,true,1,64088
7290001123010,false,בשר מס 2 צלעות קפוא,עטרה,IL,בשר מס 2 צלעות קפוא,קילוגרמים,1.00,"ק""ג",true,,36.90,36.9000,true,1,50
7290001123041,false,בשר מס 5 צלי כתף קפו,פריזא,,בשר מס 5 צלי כתף קפו,קילוגרמים,1.00,"ק""ג",true,,69.90,69.9000,true,1,51
7290001123058,false,בשר מס 6 פילה מדומה,פניסקור בארת,,בשר מס 6 פילה מדומה,קילוגרמים,1.00,"ק""ג",true,,34.90,34.9000,true,1,52
7290001123065,false,בשר מס 7 מכסה הצלע ק,קונספסיון פניסקור פר,,בשר מס 7 מכסה הצלע ק,קילוגרמים,1.00,"ק""ג",true,,32.90,32.9000,true,1,2995
7290001134146,false,שישליק הודו טרי ארוז,,,שישליק הודו טרי ארוז,קילוגרמים,1.00,"ק""ג",true,,29.90,29.9000,true,1,41518
7290001134153,false,גרונות הודו קפוא כשר,,,גרונות הודו קפוא כשר,קילוגרמים,1.00,"ק""ג",true,,19.90,19.9000,true,1,47716
7290001134443,false,גרונות הודו קפוא כשר,,,גרונות הודו קפוא כשר,קילוגרמים,1.00,"ק""ג",true,,19.90,19.9000,true,1,47717
7290001136287,false,"נקה 7 - שמפו רגיל ירוק 750 מ""ל","קוסמופארם בעמ, ח.פ 5",IL,שמפו נקה 7 לשיער רגי,מיליליטרים,750.00,"100 מ""ל",false,,8.70,0.0116,true,1,59
7290001136294,false,"שמפו נקה 7 לשיער יבש אדום 750מ""ל",גוד פוד פרודקטס S.p,IL,שמפו נקה 7 לשיער יבש,מיליליטרים,700.00,"100 מ""ל",false,,8.70,0.0124,true,1,60
7290001136362,false,נקה 7 תחליב רחצה אלוורה ארומה ירוק 1 ל',מיוצר בסין.יבוא ושיו,IL,תחליב נקה 7 אלוורה ו,קילוגרמים,1.00,ליטר,false,,11.90,11.9000,true,1,62
7290001136683,false,"מרכך לשיער רגיל ירוק 750 מ""ל נקה 7",אמיליה קוסמטיקס בעמ,IL,מרכך נקה 7 לשיער רגי,מיליליטרים,750.00,"100 מ""ל",false,,8.70,0.0116,true,1,64
7290001136799,false,נקה 7 תחליב רחצה ארומה ורוד יסמין 1 ל',מיוצר בסין.יבוא ושיו,IL,תחליב נקה 7 ורד ויסמ,קילוגרמים,1.00,ליטר,false,,11.90,11.9000,true,1,65
7290001136973,false,נקה 7 תחליב רחצה ארומה קמומיל לבן 1 ל',טרופיקל דגיל תעשיות,IL,תחליב נקה 7 קמומיל 1,קילוגרמים,1.00,ליטר,false,,11.90,11.9000,true,1,66
7290001172568,false,לוף יח ברכת דוד,ברכת דוד,IL,לוף יח ברכת דוד,Unknown,0.00,יחידה,false,,12.90,0.0000,true,1,63679
7290001201510,false,ביצים 30 יח בינוני ל,לסר,IL,ביצים 30 יח בינוני ל,Unknown,30.00,יחידה,false,,27.80,0.9267,true,1,46543
7290001201602,false,ביצים 18 יח גדול לסר,לסר,IL,ביצים 18 יח גדול לסר,Unknown,18.00,יחידה,false,,18.00,1.0000,true,1,4707
7290001201619,false,ביצים 18 יח בינוני ל,לסר,IL,ביצים 18 יח בינוני ל,Unknown,18.00,יחידה,false,,16.70,0.9278,true,1,4728
7290001201657,false,ביצים אומגה 30 יח בי,לסר,IL,ביצים אומגה 30 יח בי,Unknown,30.00,יחידה,false,,37.90,1.2633,true,1,4709
7290001201824,false,ביצים לארג' אורגניות 12 יח',לסר,IL,ביצים אורגני 12 יח,Unknown,12.00,יחידה,false,,19.80,1.6500,true,1,49580
7290001201862,false,ביצים לארג' חופש 12 יח',לסר,IL,ביצים חופש 12 יח גדו,Unknown,12.00,יחידה,false,,16.90,1.4083,true,1,49575
7290001208403,false,חמצוצים / ליקריץ במש,,ES,חמצוצים / ליקריץ במש,קילוגרמים,1.00,"ק""ג",true,,50.00,50.0000,true,1,2668
7290001209042,false,רוסטביף מעובד קפוא ע,עטרה,IL,רוסטביף מעובד קפוא ע,קילוגרמים,1.00,"ק""ג",true,,56.90,56.9000,true,1,79
7290001209103,false,עוף טחון עטרה 500 גר,עטרה,IL,עוף טחון עטרה 500 גר,גרמים,500.00,100 גרם,false,,12.90,0.0258,true,1,81
7290001209158,false,שניצל עוף קפוא עטרה,עטרה,IL,שניצל עוף קפוא עטרה,קילוגרמים,1.00,"ק""ג",true,,31.90,31.9000,true,1,82
7290001209189,false,נקניקיות חריפות עטרה 400ג' מהדרין,עטרה,IL,נקניקיות חריפות קפוא,גרמים,400.00,100 גרם,false,,9.90,0.0248,true,1,83
7290001209271,false,חזה חצוי טרי ארוז עט,,,חזה עוף פרימיום טרי,קילוגרמים,1.00,"ק""ג",true,,34.90,34.9000,true,1,18087
7290001209295,false,פרגיות עוף קפוא עטרה,,,פרגיות עוף קפוא עטרה,קילוגרמים,1.00,"ק""ג",true,,64.90,64.9000,true,1,18109
7290001209349,false,עוף טרי שלם ארוז עטר,,,עוף שלם טרי עטרה,קילוגרמים,1.00,"ק""ג",true,,23.90,23.9000,true,1,85
7290001209356,false,כרעיים עוף טרי ארוז עטרה,,,כרעיים עוף טרי עטרה,קילוגרמים,1.00,"ק""ג",true,,34.90,34.9000,true,1,86
7290001209363,false,שניצל עוף טרי ארוז עטרה,,,שניצל עוף טרי עטרה,קילוגרמים,1.00,"ק""ג",true,,35.90,35.9000,true,1,87
7290001209370,false,ירכיים טרי ארוז עטרה,,,ירכיים עוף טרי עטרה,קילוגרמים,1.00,"ק""ג",true,,32.90,32.9000,true,1,88
7290001209387,false,שוק עוף טרי ארוז עטרה,,,שוקיים עוף טרי עטרה,קילוגרמים,1.00,"ק""ג",true,,36.90,36.9000,true,1,89
7290001209394,false,כנפיים טרי ארוז עטרה,,,כנפיים עוף טרי עטרה,קילוגרמים,1.00,"ק""ג",true,,15.90,15.9000,true,1,90
7290001209516,false,סטייק עין עטרה מעובד עטרה 800 גרם,עטרה,IL,סטייק עין עטרה 800 ג,גרמים,800.00,100 גרם,false,,49.90,0.0624,true,1,93
7290001209547,false,פילה עוף קפוא עטרה,עטרה,IL,פילה עוף קפוא עטרה,קילוגרמים,1.00,"ק""ג",true,,34.90,34.9000,true,1,19550
7290001216057,false,"טחינה גולמית אל ארז 1 ק""ג",טחינה אל ארז,IL,"טחינה אל ארז 1 ק""ג",פריט,1.00,"ק""ג",false,,26.90,26.9000,true,1,35268
7290001216101,false,אל ארז טחינה מלאה 1קג,טחינה אל ארז,IL,טחינה מלאה אל ארז 1,פריט,1.00,"ק""ג",false,,28.90,28.9000,true,1,53608
7290001245613,false,מטליות לחות לניקוי כ,סאסאטק,IL,מטליות לחות לניקוי כ,Unknown,0.00,יחידה,false,,14.90,0.0000,true,1,43776
7290001246498,false,נוזל רצפות מגיק סחלב,סאסאטק,IL,נוזל רצפות מגיק סחלב,קילוגרמים,4.00,ליטר,false,,9.90,2.4750,true,1,4871
7290001246504,false,אקונומיקה מגיק מבושמ,סאסאטק,IL,אקונומיקה מגיק מבושמ,קילוגרמים,4.00,ליטר,false,,7.90,1.9750,true,1,11278
7290001246528,false,מרכך כביסה מרוכז פרפיום מיסטרי טאצ' 1 ל',סאסאטק,IL,מרכך מרוכז טאצ' שחור,קילוגרמים,1.00,ליטר,false,,9.90,9.9000,true,1,62886
7290001247068,false,נקטר ספרינג תות בננה קרטונית 1 ל',"יפאורה תבורי בע""מ",IL,נקטר ספרינג תות בננה,קילוגרמים,1.00,ליטר,false,,6.50,6.5000,true,1,110
7290001247082,false,נקטר ספרינג עגבניות קרטונית 1 ל',"יפאורה תבורי בע""מ",IL,נקטר ספרינג עגבניות,קילוגרמים,1.00,ליטר,false,,6.50,6.5000,true,1,111
7290001247099,false,נקטר ספרינג מנגו קרטונית 1 ל',"יפאורה תבורי בע""מ",IL,נקטר ספרינג מנגו 1 ל,קילוגרמים,1.00,ליטר,false,,6.50,6.5000,true,1,112
7290001247105,false,נקטר ספרינג אפרסק קרטונית 1 ל',"יפאורה תבורי בע""מ",IL,נקטר ספרינג אפרסק 1,קילוגרמים,1.00,ליטר,false,,6.50,6.5000,true,1,113
7290001247112,false,נקטר ספרינג לימונענע קרטונית 1 ל',"יפאורה תבורי בע""מ",IL,נקטר ספרינג לימון 1,קילוגרמים,1.00,ליטר,false,,6.50,6.5000,true,1,114
7290001247129,false,נקטר ספרינג תפוזים קרטונית 1 ל',"יפאורה תבורי בע""מ",IL,נקטר ספרינג תפוז 1 ל,קילוגרמים,1.00,ליטר,false,,6.50,6.5000,true,1,115
7290001247143,false,נקטר ספרינג תפוחים קרטונית 1 ל',"יפאורה תבורי בע""מ",IL,נקטר ספרינג תפוח 1 ל,קילוגרמים,1.00,ליטר,false,,6.50,6.5000,true,1,116
7290001274934,false,פופסיקל גלידה לימון 640 ג',הגלידות של פלדמן,IL,מאגדת גלידל פרי לימו,גרמים,640.00,100 גרם,false,,21.90,0.0342,true,1,51366
7290001274941,false,פופסיקל גלידה פטל 640 ג',הגלידות של פלדמן,IL,מאגדת גלידל פרי פטל,גרמים,640.00,100 גרם,false,,21.90,0.0342,true,1,51373
7290001335895,false,שיפודי כבד עגל ארוז,נתח אדום,IL,שיפודי כבד עגל ארוז,גרמים,500.00,100 גרם,false,,29.90,0.0598,true,1,62922
7290001342565,false,"חזרת ללא סוכר 300 ג' כשל""פ",אלדג,IL,חזרת ללא סוכר אלדג 3,גרמים,300.00,100 גרם,false,,16.90,0.0563,true,1,3979
7290001343845,false,"גרנולה פירות 1 ק""ג - 845 - ורוד שקדיה",הנסיך- מפעל לייצור ט,IL,גרנולה עם פירות יבשי,פריט,1.00,"ק""ג",false,,19.90,19.9000,true,1,138
7290001407936,false,בארכה-טחינה גולמית מעודנת בקבוק לחיץ 310 ג',רושדי תעשיות מזון בע,IL,טחינה מעודנת בארכה ל,גרמים,310.00,100 גרם,false,,10.50,0.0339,true,1,21826
7290001476208,false,גבינה ברי משולש כבשי,מחלבות גד,IL,גבינה ברי פקאן גד במ,קילוגרמים,1.00,"ק""ג",true,,99.00,99.0000,true,1,6247
7290001482094,false,גבינה פרמז'נו משולשים ויליפוד 200ג',זנטי אס. אי לאלין,IT,פרמזנו משולש ויליפוד,גרמים,200.00,100 גרם,false,,17.90,0.0895,true,1,13867
7290001482186,false,לפתן אננס חתוך ויליפ,הנסיך- מפעל לייצור ט,TH,לפתן אננס חתוך ויליפ,גרמים,565.00,100 גרם,false,,5.90,0.0104,true,1,52696
7290001482506,false,וילי פוד חומץ בלסמי בדץ 500מל,אצטום,IT,חומץ בלסמי ויליפוד 5,מיליליטרים,500.00,"100 מ""ל",false,,14.90,0.0298,true,1,158
7290001485019,false,גבינת שמנת 5% טעם טבעי 200 ג' טרה,קריות זול,IL,גבינת שמנת טבעי 5% ט,גרמים,200.00,100 גרם,false,,9.90,0.0495,true,1,159
7290001491096,false,תה ירוק בתוספת לימונית ולואיזה 50 שקיקים ויסוצקי,קריות זול,IL,תה ירוק לימונית לואי,גרמים,75.00,100 גרם,false,,34.90,0.4653,true,1,163
7290001532010,false,סלמון בעישון חם הרמס,"הרמס דגים בע""מ",IL,סלמון בעישון חם הרמס,קילוגרמים,1.00,"ק""ג",true,,149.00,149.0000,true,1,48214
7290001532065,false,טונה מעושנת הרמס במש,"הרמס דגים בע""מ",IL,טונה מעושנת הרמס במש,קילוגרמים,1.00,"ק""ג",true,,109.00,109.0000,true,1,48216
7290001594568,false,"בירה קרלסברג פחית 500 מ""ל",מבשלות בירה בינלאומי,RO,בירה קרלסברג פחית 5%,מיליליטרים,500.00,"100 מ""ל",false,,8.90,0.0178,true,1,57403
7290001594575,false,"בירה טובורג פחית 500 מ""ל",מבשלות בירה בינלאומי,IL,בירה טובורג רד פחית,מיליליטרים,500.00,"100 מ""ל",false,,8.90,0.0178,true,1,57431
7290001594858,false,"בירה טובורג בקבוק 330X6מ""ל",קרלסברג ישראל,IL,מארז בירה טובורג רד,קילוגרמים,1.98,ליטר,false,,29.90,15.1010,true,1,181
7290001594865,false,"קרלסברג בירה בקבוק 6* 330 מ""ל",קרלסברג ישראל,IL,מארז בירה קרלסברג 5%,קילוגרמים,1.98,ליטר,false,,29.90,15.1010,true,1,183
7290001648285,false,אבקה להכנת שוקו מוקו,רוני רג'ואן,IL,אבקה להכנת שוקו מוקו,פריט,1.30,"ק""ג",false,,11.90,9.1538,true,1,59553
7290001648643,false,מארז קפה טורקי כתר 3,רוני רג'ואן,IL,מארז קפה טורקי כתר 3,גרמים,300.00,100 גרם,false,,13.90,0.0463,true,1,59552
7290001670514,false,מלית אוכמניות - 400 גרם פוליבה,"פוליבה בע""מ",IL,מלית אוכמניות הנמל 4,גרמים,400.00,100 גרם,false,,9.90,0.0248,true,1,207
7290001670668,false,שקיות הקפאה לקרח הנמ,"איטיליאן פוד, אס.פי.",TR,שקיות הקפאה לקרח הנמ,Unknown,0.00,יחידה,false,,2.90,0.0000,true,1,209
7290001670859,false,מלית דובדבנים פוליבה 400 ג',קריות זול,IL,מלית דובדבנים הנמל 4,גרמים,400.00,100 גרם,false,,9.90,0.0248,true,1,211
7290001670873,false,"צלחות גדולות לבנות קשיח ח""פ הנמל 66יח'",הנמל אריזות ושיווק ב,IL,צלחות גדולות עבות במ,Unknown,0.00,יחידה,false,,38.90,0.0000,true,1,212
7290001679609,false,מארז עוגיות אוראו 4*,מונדליז,CZ,מארז עוגיות אוראו 4*,גרמים,704.00,100 גרם,false,,26.90,0.0382,true,1,36872
7290001780428,false,מאגדת גלידת לייט שוקולד נסטלה 6יח' 312ג',גלידות נסטלה (נגה גל,IL,שלגוני לייט נסטלה שו,גרמים,312.00,100 גרם,false,,22.90,0.0734,true,1,222
7290001791349,false,אקונומיקה פסגה ריחנית 4ליטר,"סנו מפעלי ברונוס בע""",IL,אקונומיקה פסגה 4 ליט,קילוגרמים,4.00,ליטר,false,,9.90,2.4750,true,1,223
7290001791356,false,"סנו - פרש מילוי למטהר אוויר בלו אייר 250 מ""ל",קריות זול,IL,מבשם אויר סנו פרש או,מיליליטרים,250.00,"100 מ""ל",false,,12.90,0.0516,true,1,37639
7290001791776,false,"סנו - די רולאון דוחה יתושים אלוורה 50 מ""ל",גוד פוד פרודקטס S.p,IL,סנו די רול און אלוור,מיליליטרים,50.00,"100 מ""ל",false,,19.90,0.3980,true,1,2739
7290001813454,false,עוגיות חיוכים חגיגה שוקו 900 ג',אפיפית נצרת תעשיות ב,IL,עוגיות חיוכים שוקו ע,גרמים,900.00,100 גרם,false,,18.90,0.0210,true,1,231
7290001813478,false,עוגיות חיוכים חגיגה וניל 900 ג',אפיפית נצרת תעשיות ב,IL,עוגיות חיוכים וניל ע,גרמים,900.00,100 גרם,false,,18.90,0.0210,true,1,232
7290001855232,false,שמן למאור מרום הגליל,ירושלים שיווק שמן זי,IL,שמן למאור מרום הגליל,קילוגרמים,1.00,ליטר,false,,9.90,9.9000,true,1,7117
7290001867655,false,תפוא לבן פרמיום לאפי,אראל תוצרת חקלאית בע,IL,תפוח אדמה פרימיום,Unknown,0.00,יחידה,false,,17.90,0.0000,true,1,55922
7290001873984,false,טונה בשמן ויליגר 6*1,ויליגר,,טונה בשמן ויליגר 6*1,גרמים,840.00,100 גרם,false,,23.90,0.0285,true,1,55627
7290001884935,false,כנפיים חצוי עוף קהילות,קהילות,IL,כנפיים חצוי עוף קפוא,קילוגרמים,1.00,"ק""ג",true,,16.90,16.9000,true,1,63626
7290001886601,false,שניצל עוף פרימיום טר,,IL,שניצל עוף פרימיום טר,קילוגרמים,1.00,"ק""ג",true,,39.90,39.9000,true,1,53856
7290001901045,false,דג גפילטע פיש ירושלמי 600ג',דג טעים בעמ,IL,רולדה גפילטע פיש ירו,גרמים,600.00,100 גרם,false,,24.90,0.0415,true,1,251
7290001901052,false,רולדה גפילטע פיש הונגרי 600 גר',דג טעים בעמ,IL,רולדה גפילטע פיש הונ,גרמים,600.00,100 גרם,false,,24.90,0.0415,true,1,252
7290001901410,false,רולדה גפילטעפיש הונגרי 500 גרם,דג טעים בעמ,IL,רולדה גפילטע פיש הונ,גרמים,500.00,100 גרם,false,,22.90,0.0458,true,1,3729
7290001901427,false,רולדה פולני גפילטפיש -הדג המיוחד,דג טעים בעמ,IL,רולדה גפילטע פיש הדג,גרמים,500.00,100 גרם,false,,22.90,0.0458,true,1,3728
7290001901656,false,גפילטע פיש היימיש 7 קציצות כשלפ בדץ,דג טעים בעמ,IL,גפילטע פיש היימיש פי,גרמים,555.00,100 גרם,false,,8.90,0.0160,true,1,22724
7290001901670,false,צנצנת גפילטע פיש 4 קציצות ללא סוכר,דג טעים בעמ,IL,גפילטע פיש קלאסי 4 י,גרמים,510.00,100 גרם,false,,12.90,0.0253,true,1,18696
7290001943496,false,כורכומין טרימוורה MP,תרימוורה,,כורכומין טרימוורה MP,Unknown,0.00,יחידה,false,,114.90,0.0000,true,1,58507
7290001946121,false,פפריקה מתוקה יוחאי ביטון 400ג',תבליני ביטון,IL,פפריקה מרוקאית יוחאי,גרמים,400.00,100 גרם,false,,17.90,0.0447,true,1,4737
7290001970263,false,רחת לוקום במשקל,דין שיווק,IL,רחת לוקום במשקל,קילוגרמים,1.00,"ק""ג",true,,79.00,79.0000,true,1,41968
7290001970492,false,קשיו קלוי על גחלים ב,דין שיווק,VN,קשיו קלוי על גחלים ב,קילוגרמים,1.00,"ק""ג",true,,96.00,96.0000,true,1,29926
7290001970768,false,פקאן קלוי במשקל,דין שיווק,IL,פקאן קלוי במשקל,קילוגרמים,1.00,"ק""ג",true,,130.00,130.0000,true,1,37293
7290001970775,false,בוטן קלוי ענק במשקל,דין שיווק,CN,בוטן קלוי ענק במשקל,קילוגרמים,1.00,"ק""ג",true,,24.00,24.0000,true,1,37292
7290002003168,false,קרם ידיים מארז שלישיית פנג'ל 3X80-גרם,אינטרקוסמא 1985 במ,IL,קרם ידיים פנגל 3*80,גרמים,240.00,100 גרם,false,,13.90,0.0579,true,1,3758
7290002007296,false,צמר פלדה הנמל 350 גר,פלסטו פוליש,IL,צמר פלדה הנמל 350 גר,גרמים,350.00,100 גרם,false,,8.90,0.0254,true,1,285
7290002007357,false,שקיות צליה דליקטס מיקרוגל הנמל 10 יח',הנמל,IL,שקיות לצליה דליקטס 1,Unknown,0.00,יחידה,false,,3.90,0.0000,true,1,287
7290002007487,false,צמר פלדה הנמל 100 גר,"איטיליאן פוד, אס.פי.",IL,צמר פלדה הנמל 100 גר,Unknown,0.00,יחידה,false,,2.90,0.0000,true,1,288
7290002007500,false,קיסמי שיניים במבוק בחבית 500 יח',הנמל אריזות ושיווק ב,IL,קיסמי שיניים הנמל 50,Unknown,0.00,יחידה,false,,2.70,0.0000,true,1,289
7290002007623,false,כוסות ליין 50 יחידות,"איטיליאן פוד, אס.פי.",TR,כוסיות ליין 50 יח,Unknown,0.00,יחידה,false,,3.90,0.0000,true,1,290
7290002007760,false,"פירורי לחם הנמל 1 ק""",הנמל,IL,"פירורי לחם הנמל 1 ק""",פריט,1.00,"ק""ג",false,,9.90,9.9000,true,1,291
7290002008040,false,"שיפודים עץ 30 ס""מ הנמל 100יח'",הנמל אריזות ושיווק ב,IL,שיפודים 100 יח,Unknown,0.00,יחידה,false,,2.50,0.0000,true,1,295
7290002008071,false,עטרות חום 2 מספר הנמל,הנמל אריזות ושיווק ב,IL,עטרות חום בקופסא מס2,Unknown,0.00,יחידה,false,,3.90,0.0000,true,1,296
7290002008149,false,מדליק פחם מוצק הנמל אריזת 40יח',מ.א.יצור ויבוא מטליו,IL,מדליק פחם מוצק 40 קו,מיליליטרים,300.00,"100 מ""ל",false,,5.90,0.0197,true,1,297
7290002008156,false,עטרות חום 5 מספר הנמל,קריות זול,IL,עטרות חום בקופסא מס5,Unknown,0.00,יחידה,false,,4.90,0.0000,true,1,298
7290002008170,false,עטרות חום 3 מספר הנמל,הנמל,IL,עטרות מס 3 חום בקופס,Unknown,0.00,יחידה,false,,4.90,0.0000,true,1,299
7290002008309,false,עטרות נייר חום לעוגה מס' 4 הנמל 130יח',הנמל אריזות ושיווק ב,IL,עטרות מס 4 חום בקופס,Unknown,0.00,יחידה,false,,4.90,0.0000,true,1,300
7290002008460,false,עטרות חום 1.5 מספר הנמל,קריות זול,IL,עטרות חום מס 1.5 קופ,Unknown,0.00,יחידה,false,,3.30,0.0000,true,1,301
7290002008903,false,נייר טואלט חתוך במזודה 12 יח',הויזהו טאימי פפר,CN,נייר טואלט חתוך הנמל,Unknown,0.00,יחידה,false,,14.90,0.0000,true,1,306
7290002008989,false,קישקשים קשים לשתיה 225יח הנמל,הנמל אריזות ושיווק ב,CN,קישקשים בקופסא 225 י,Unknown,0.00,יחידה,false,,6.90,0.0000,true,1,307
7290002015765,false,חציל במלח בני דרום 5,בני דרום,IL,חציל במלח בני דרום 5,גרמים,560.00,100 גרם,false,,5.90,0.0105,true,1,345
7290002016830,false,שימורי דרום כרוב כבוש 560גר,בני דרום,IL,כרוב כבוש בני דרום 5,גרמים,550.00,100 גרם,false,,5.90,0.0107,true,1,5024
7290002024002,false,"חומוס שמיר 3 ק""ג",סלטי שמיר 2006 בעמ,IL,"חומוס שמיר 3 ק""ג",פריט,3.00,"ק""ג",false,,29.90,9.9667,true,1,29744
7290002026341,false,בטטה צ'יפס רגיל אריסטו קראנץ 500 ג',האי נאם סי או אל.טי.,CA,ציפס בטטה קראנצ 500,גרמים,500.00,100 גרם,false,,15.90,0.0318,true,1,17066
7290002026358,false,צ'יפס בטטה זיגזג אריסטו 500ג',האי נאם סי או אל.טי.,CA,ציפס בטטה זיגזג קראנ,גרמים,500.00,100 גרם,false,,15.90,0.0318,true,1,17065
7290002026365,false,טבעות בצל אריסטו קראנץ 500 ג',היידי שוקולד בירונטי,IL,טבעות בצל קראנצ 500,גרמים,500.00,100 גרם,false,,8.90,0.0178,true,1,17064
7290002026402,false,בראנץ אנד קראנץ בלינצס גבינה 350 גרם,מוצרי איכות אמריקאיי,IL,בלינצס גבינה ב.קראנצ,גרמים,350.00,100 גרם,false,,10.90,0.0311,true,1,14079
7290002026440,false,פרצלס בייגלה בראנץ אנד קראנץ 280 ג',מוצרי איכות אמריקאיי,IL,פרצל ב.קראנצ 280 גרם,גרמים,280.00,100 גרם,false,,10.90,0.0389,true,1,14077
7290002026587,false,וופל בלגי פרווה בראנץ אנד קראנץ 8 יח',בראנץ' אנד קראנץ Brunch& Crunch,BE,וופל בלגי ב.קראנצ 2,גרמים,280.00,100 גרם,false,,10.90,0.0389,true,1,50454
7290002035206,false,חזרת אלדג 360 גרם,אלדג,IL,חזרת אלדג 360 גרם,גרמים,360.00,100 גרם,false,,16.90,0.0469,true,1,349
7290002037309,false,לחמניות המבורגר 8יח 400גר,מאפית י את א ברמן בע,IL,לחמניות המבורגר ודש,גרמים,400.00,100 גרם,false,,12.90,0.0323,true,1,3155
7290002037637,false,חליות מתוקות מארז 4יח',מאפית י את א ברמן בע,IL,לחמניות מתוקות ודש 4,גרמים,360.00,100 גרם,false,,10.90,0.0303,true,1,3154
7290002040064,false,קוסקוס דק הנמל 350 גר',טרופיקל דגיל תעשיות,IL,קוסקוס דק מזון 350 ג,גרמים,350.00,100 גרם,false,,4.50,0.0129,true,1,352
7290002040071,false,קוסקוס עבה הנמל 350 גר',"קוסקוס מזון בע""מ",IL,קוסקוס עבה מזון 350,גרמים,350.00,100 גרם,false,,4.50,0.0129,true,1,353
7290002040088,false,קוסקוס חיטה מלאה 350 ג',"קוסקוס מזון בע""מ",IL,קוסקוס מלא מזון 350,גרמים,350.00,100 גרם,false,,6.30,0.0180,true,1,354
7290002040095,false,קוסקוס רגיל מארז 350X3ג' קוסקוס מזון,טרופיקל דגיל תעשיות,IL,מארז קוסקוס מזון 3*3,פריט,1.05,"ק""ג",false,,13.90,13.2381,true,1,2492
7290002044109,false,רגל בקר פרוס דליקטסו,,,רגל בקר פרוס דליקטסו,קילוגרמים,1.00,"ק""ג",true,,49.90,49.9000,true,1,41379
7290002044628,false,שומן כבש קפוא עטרה 2,,,שומן כבש קפוא עטרה 2,גרמים,200.00,100 גרם,false,,24.90,0.1245,true,1,4386
7290002065555,false,לחמניה אנג'ל ארוכה שקית 6יח,מאפיית שלמה א. אנג'ל,IL,לחמניות רגילות אנגל,גרמים,450.00,100 גרם,false,,10.90,0.0242,true,1,37982
7290002065616,false,לחם שיפון גרעינים 750 ג' אנג'ל,מאפיית שלמה א. אנג'ל,IL,לחם שיפון בתוספת גרע,גרמים,750.00,100 גרם,false,,12.90,0.0172,true,1,37961
7290002065623,false,לחם שיפון כפרי 750 ג' אנג'ל,מאפיית שלמה א. אנג'ל,IL,לחם שיפון כפרי אחדות,גרמים,750.00,100 גרם,false,,12.90,0.0172,true,1,37966
7290002075035,false,אובלטים בשקית 500 גר,שוקוטרייד בעמ,IL,אובלטים בשקית 500 גר,גרמים,500.00,100 גרם,false,,13.90,0.0278,true,1,365
7290002075271,false,סוכריות ריקולה צמחים,ריקולה,CH,סוכריות צמחים ריקולה,גרמים,75.00,100 גרם,false,,9.90,0.1320,true,1,45552
7290002077268,false,מיני קציצות דג לבישול 500 גרם קהילות,האי נאם סי או אל.טי.,IL,מיני קציצות דג לבישו,גרמים,500.00,100 גרם,false,,18.90,0.0378,true,1,6994
7290002096498,false,דובשניות חפץ 600 גרם,דובשנית,IL,דובשניות חפץ 600 גרם,גרמים,600.00,100 גרם,false,,10.70,0.0178,true,1,4329
7290002107071,false,צוריאל פטה עיזים מעודנת גביע 16% 200ג,מחלבת משק צוריאל,IL,גבינת בולגרית עיזים,גרמים,200.00,100 גרם,false,,22.90,0.1145,true,1,2930
7290002107385,false,גבינת מה עיזים בגליל צוריאל 180 ג',מחלבת משק צוריאל,IL,גבינה מה עז 20% צורי,גרמים,180.00,100 גרם,false,,19.90,0.1106,true,1,2931
7290002107491,false,גבינת עזים למריחה טבעי 5% צוריאל 250 ג',מחלבת משק צוריאל,IL,גבינת עיזים 5% למריח,גרמים,250.00,100 גרם,false,,13.90,0.0556,true,1,375
7290002107798,false,גבינה בולגרית מעודנת 5% צוריאל 250ג',מחלבת משק צוריאל,IL,גבינה בולגרית מעודנת,גרמים,250.00,100 גרם,false,,19.90,0.0796,true,1,376
7290002107965,false,טבורוג גבינה לאפייה 5% צוריאל 500 ג',מחלבת משק צוריאל,IL,גבינה טבורוג 5% צורי,גרמים,500.00,100 גרם,false,,19.90,0.0398,true,1,377
7290002109037,false,טחון עוף נתח בקר 500,טיבון ויל,IL,טחון עוף נתח בקר 500,גרמים,500.00,100 גרם,false,,8.90,0.0178,true,1,5843
7290002109044,false,הודו טחון נתח בקר 50,טיבון ויל,IL,הודו טחון נתח בקר 50,גרמים,500.00,100 גרם,false,,8.90,0.0178,true,1,5842
7290002109051,false,בקר טחון נתח בקר 500,טיבון ויל,IL,בקר טחון נתח בקר 500,גרמים,500.00,100 גרם,false,,10.90,0.0218,true,1,5844
7290002109068,false,גולש עגל נתח בקר במש,טיבון ויל,IL,גולש עגל נתח בקר במש,קילוגרמים,1.00,"ק""ג",true,,36.90,36.9000,true,1,5847
7290002109372,false,בורקס פילו אצבעות בולגרי 700 ג' שלושת האופים,שלושת האופים,IL,בורקס פילו גבינה בול,גרמים,700.00,100 גרם,false,,16.90,0.0241,true,1,11331
7290002111085,false,רסק עגבניות 22% 100 גר' פרי מבורך,זנלכל,IL,רוטב עגבניות מרוכז מ,גרמים,100.00,100 גרם,false,,2.20,0.0220,true,1,378
7290002111122,false,"רסק תפו""ע מתוק A2 פרי מבורך 560 גר'",זנלכל,IL,"רסק תפו""ע בתוספת סוכ",גרמים,560.00,100 גרם,false,,8.90,0.0159,true,1,379
7290002111139,false,"רסק תפו""ע לל""ס A2 פרי מבורך 550 גר'",זנלכל,IL,"רסק תפו""ע ללא תוספת",גרמים,560.00,100 גרם,false,,8.90,0.0159,true,1,380
7290002111214,false,גרעיני תירס לייט A2 פרי מבורך 550 גר',זנלכל,IL,תירס גרעינים לייט מב,גרמים,550.00,100 גרם,false,,8.90,0.0162,true,1,381
7290002111313,false,עגבניות קוביות A2.5 פרי מבורך 800ג' בדצ,זנלכל,IL,עגבניות קוביות מבורך,גרמים,800.00,100 גרם,false,,9.90,0.0124,true,1,382
7290002111337,false,רסק עגבניות 22% 260 גר' פרי מבורך,זנלכל,IL,רוטב עגבניות מרוכז מ,גרמים,240.00,100 גרם,false,,3.90,0.0162,true,1,383
7290002111474,false,אפונה גדולה A2 פרי מבורך 600ג',זנלכל,IL,אפונה גדולה מבורך 55,גרמים,550.00,100 גרם,false,,6.90,0.0125,true,1,384
7290002111511,false,"אפונה וגזר A2 פרי מבורך 550ג' בד""צ.",זנלכל,IL,אפונה וגזר מבורך 550,גרמים,550.00,100 גרם,false,,6.90,0.0125,true,1,386
7290002111634,false,חומוס פרי מבורך 550 גר A2,זנלכל,IL,חומוס שלם מבורך 550,גרמים,550.00,100 גרם,false,,5.90,0.0107,true,1,387
7290002111665,false,עגבניות תרכיז 28% A2 פרי מבורך 600ג',זנלכל,IL,רוטב עגבניות 28% מבו,גרמים,600.00,100 גרם,false,,9.90,0.0165,true,1,388
7290002111672,false,"רסק עגבניות A2 22% פרי מבורך 570ג' בד""צ",זנלכל,IL,רוטב עגבניות 22% מבו,גרמים,570.00,100 גרם,false,,7.90,0.0139,true,1,389
7290002111696,false,עגבניות מרוסקות 800 גר' פרי מבורך,זנלכל,IL,עגבניות מרוסקות מבור,גרמים,800.00,100 גרם,false,,9.90,0.0124,true,1,390
7290002111764,false,שעועית לבנה אפויה פרי מבורך 600 ג',זנלכל,IL,שעועית לבנה ברוטב מב,גרמים,560.00,100 גרם,false,,6.90,0.0123,true,1,391
7290002111818,false,גרעיני תירס מתוק ואקום פרי מבורך 400ג',זנלכל,IL,תירס גרעינים מבורך 4,גרמים,400.00,100 גרם,false,,5.90,0.0148,true,1,392
7290002111825,false,גרעיני תירס מתוק 550 גרם פרי מבורך,זנלכל,IL,תירס גרעינים מבורך 5,גרמים,550.00,100 גרם,false,,6.90,0.0125,true,1,393
7290002111948,false,שעועית ירוקה A2 פרי מבורך 600 ג',זנלכל,IL,שעועית ירוקה מבורך 5,גרמים,550.00,100 גרם,false,,9.90,0.0180,true,1,395
7290002118435,false,צמרוני ביוטי ענק הנמל 300יח',ספה,TR,צמרוני אוזניים ביוטי,Unknown,0.00,יחידה,false,,4.90,0.0000,true,1,2493
7290002129493,false,מארז פיצה איטלקית דק,,,מארז פיצה איטלקית דק,גרמים,960.00,100 גרם,false,,29.90,0.0311,true,1,26060
7290002132011,false,עוגיות מזרחיות 400 ג' עבאדי,מאפיית יוסף ושמחה עב,IL,עוגיות מזרחיות עבאדי,גרמים,400.00,100 גרם,false,,16.90,0.0422,true,1,32234
7290002133131,false,גבינת ריקוטה 5% שומר,מחלבת השומרון,IL,גבינת ריקוטה 5% שומר,גרמים,250.00,100 גרם,false,,13.90,0.0556,true,1,7828
7290002133506,false,יוגורט של פעם חלב עי,מחלבת השומרון,IL,יוגורט עיזים שומרון,גרמים,400.00,100 גרם,false,,12.50,0.0313,true,1,5904
7290002133551,false,לאבנה עם שמן זית וזע,מחלבת השומרון,IL,לאבנה עם שמן זית וזע,גרמים,500.00,100 גרם,false,,15.90,0.0318,true,1,5905
7290002133889,false,גבינה בולגרית מעודנת,מחלבת השומרון,IL,גבינה בולגרית מעודנת,גרמים,250.00,100 גרם,false,,15.90,0.0636,true,1,5901
7290002157427,false,סינטה בקר טרי עטרה,,,סינטה בקר טרי עטרה,קילוגרמים,1.00,"ק""ג",true,,79.90,79.9000,true,1,20367
7290002157960,false,טונה במים ויליגר רביעיה * 140ג',ויליגר,,טונה במים ויליגר 4*1,גרמים,560.00,100 גרם,false,,15.90,0.0284,true,1,19865
7290002206682,false,שניצל פרמיום טרי ארוז קהילות,,,שניצל עוף פרימיום טר,קילוגרמים,1.00,"ק""ג",true,,48.90,48.9000,true,1,16846
7290002253006,false,דורות שום כתוש טרי 200 גרם,עיצובים 2020 (3.8),IL,שום כתוש דורות 200 ג,גרמים,200.00,100 גרם,false,,15.90,0.0795,true,1,414
7290002253013,false,שום כתוש דורות 400 ג,עיצובים 2020 (3.8),IL,שום כתוש דורות 400 ג,גרמים,400.00,100 גרם,false,,19.90,0.0497,true,1,48181
7290002253105,false,מגשית קוביות שום טרי דורות 80 ג',עיצובים 2020 (3.8),IL,שום קוביות דורות 80,גרמים,80.00,100 גרם,false,,9.90,0.1238,true,1,416
7290002253150,false,בזיליקום טרי קצוץ דורות 70 ג',עיצובים 2020 (3.8),IL,בזיליקום קצוץ דורות,גרמים,70.00,100 גרם,false,,9.50,0.1357,true,1,417
7290002253167,false,פטרוזליה קצוצה דורות 70 גר',עיצובים 2020 (3.8),IL,פטרוזיליה קצוצה דורו,גרמים,70.00,100 גרם,false,,9.50,0.1357,true,1,418
7290002253181,false,כוסברה טריה קצוצה 70 ג' דורות,עיצובים 2020 (3.8),IL,כוסברה קצוצה דורות 7,גרמים,70.00,100 גרם,false,,9.50,0.1357,true,1,419
7290002253198,false,ג'ינג'ר טרי כתוש במגשית 70 ג' דורות,עיצובים 2020 (3.8),IL,גינגר כתוש דורות 70,גרמים,70.00,100 גרם,false,,9.50,0.1357,true,1,28646
7290002253235,false,רוטב פסטו דורות 160 ג',עיצובים 2020 (3.8),IL,רוטב פסטו דורות 160,גרמים,160.00,100 גרם,false,,10.90,0.0681,true,1,47504
7290002255048,false,קובה למרק במילוי בשר,חטיפי אלקיים בעמ,IL,קובה למרק אלקיים 800,גרמים,800.00,100 גרם,false,,21.90,0.0274,true,1,3567
7290002255055,false,פלאפל חטיפי אלקיים 7,חטיפי אלקיים בעמ,IL,פלאפל אלקיים 700 גרם,גרמים,700.00,100 גרם,false,,13.90,0.0199,true,1,3569
7290002255086,false,קובה ביתי במילוי בשר,חטיפי אלקיים בעמ,IL,קובה ביתית אלקיים 70,גרמים,700.00,100 גרם,false,,21.90,0.0313,true,1,3566
7290002255116,false,קרפלך במילוי בשר חטי,חטיפי אלקיים בעמ,IL,קרפלך בשר אלקיים 800,גרמים,800.00,100 גרם,false,,21.90,0.0274,true,1,3572
7290002255185,false,סמבוסק חומוס אלקיים,חטיפי אלקיים בעמ,IL,סמבוסק חומוס אלקיים,גרמים,600.00,100 גרם,false,,21.90,0.0365,true,1,3573
7290002255215,false,"עלי סיגר מרובע בד""צ",חטיפי אלקיים בעמ,IL,עלי סיגר אלקיים 500,גרמים,500.00,100 גרם,false,,7.90,0.0158,true,1,3570
7290002255284,false,"קובה חמוסטה בד""צ חטי",חטיפי אלקיים בעמ,IL,קובה חמוסטה אלקיים 8,גרמים,800.00,100 גרם,false,,21.90,0.0274,true,1,3568
7290002255475,false,פסטלים בשר אלקיים 80,חטיפי אלקיים בעמ,IL,פסטלים בשר אלקיים 80,גרמים,800.00,100 גרם,false,,21.90,0.0274,true,1,3564
7290002281405,false,סלט סלמון מעושן וילי,ויליגר,IL,סלט סלמון מעושן וילי,גרמים,320.00,100 גרם,false,,9.90,0.0309,true,1,46873
7290002281429,false,סטייק טונה אדומה דלי,בון צון פישארי,VN,סטייק טונה אדומה דלי,קילוגרמים,1.00,"ק""ג",true,,59.90,59.9000,true,1,42542
7290002281436,false,סטייק דג טונה בהירה קפוא ללא עור,דלידג,IL,סטייק טונה בהירה דלי,קילוגרמים,1.00,"ק""ג",true,,44.90,44.9000,true,1,43732
7290002281498,false,גבינה צהובה מגורדת על בסיס חלב 500 ג' ריץ,האי נאם סי או אל.טי.,PL,צהובה מגורדת ריצ 500,גרמים,500.00,100 גרם,false,,17.90,0.0358,true,1,42582
7290002281955,false,בשר מס 6 פילה מדומה,פניסקור בארת,,בשר מס 6 פילה מדומה,קילוגרמים,1.00,"ק""ג",true,,34.90,34.9000,true,1,52032
7290002285069,false,קבב חריף אש עטרה 500,,,קבב חריף אש עטרה 500,גרמים,500.00,100 גרם,false,,14.90,0.0298,true,1,3418
7290002285816,false,שניצל פרימיום טרי עט,,,שניצל עוף פרימיום טר,קילוגרמים,1.00,"ק""ג",true,,44.90,44.9000,true,1,16847
7290002285830,false,פילה עוף טרי ארוז עטרה,,,פילה עוף טרי עטרה,קילוגרמים,1.00,"ק""ג",true,,38.90,38.9000,true,1,5561
7290002292142,false,קבב אנגוס עטרה 700 גר',טיבון ויל,IL,קבב אנגוס עטרה 700 ג,גרמים,700.00,100 גרם,false,,29.90,0.0427,true,1,59915
7290002292159,false,בורגר אנגוס עטרה 700 גר',טיבון ויל,IL,המבורגר אנגוס עטרה 7,גרמים,700.00,100 גרם,false,,29.90,0.0427,true,1,59916
7290002292166,false,קבבוני טלה עטרה 700 גר',טיבון ויל,IL,קבבוני טלה עטרה 700,גרמים,700.00,100 גרם,false,,29.90,0.0427,true,1,59917
7290002292173,false,שיפודי קבב עטרה 700 גר',טיבון ויל,IL,שיפודי קבב עטרה 700,גרמים,700.00,100 גרם,false,,29.90,0.0427,true,1,59918
7290002292203,false,פילה עוף פרימיום טר,,,פילה עוף פרימיום טר,קילוגרמים,1.00,"ק""ג",true,,44.90,44.9000,true,1,59925
7290002292210,false,שניצל פרימיום טרי מה,,,שניצל פרימיום טרי מה,קילוגרמים,1.00,"ק""ג",true,,49.90,49.9000,true,1,59926
7290002292227,false,כנפיים עוף פרימיום ח,,,כנפיים עוף פרימיום ח,קילוגרמים,1.00,"ק""ג",true,,17.90,17.9000,true,1,59927
7290002292234,false,שוקיים עוף פרימיום ב,,,שוקיים עוף פרימיום ב,קילוגרמים,1.00,"ק""ג",true,,39.90,39.9000,true,1,59928
7290002292265,false,"פרגית לתנור ע""ע טרי",,,"פרגית לתנור ע""ע טרי",קילוגרמים,1.00,"ק""ג",true,,59.90,59.9000,true,1,60059
7290002292289,false,"פרגית לתנור ע""ע טרי",,,"פרגית לתנור ע""ע טרי",קילוגרמים,1.00,"ק""ג",true,,48.90,48.9000,true,1,60745
7290002292982,false,מרגז אמיתי עטרה 700,טיבון ויל,IL,מרגז אמיתי עטרה 700,גרמים,700.00,100 גרם,false,,29.90,0.0427,true,1,63143
7290002296003,false,"נקניקיות קראנץ 1 ק""ג עטרה",עטרה,IL,נקניקיות עוף קראנץ',פריט,1.00,"ק""ג",false,,23.90,23.9000,true,1,63226
7290002296034,false,פילה עוף טרי עוף הכפ,,,פילה עוף טרי עוף הכפ,קילוגרמים,1.00,"ק""ג",true,,38.90,38.9000,true,1,62668
7290002296447,false,פרגית עוף דק דק משק,,,פרגית עוף דק דק משק,קילוגרמים,1.00,"ק""ג",true,,69.90,69.9000,true,1,64985
7290002319030,false,תבלין אבקת בצל מיכל 80 ג' מיה,מיה תעשיות מזון בעמ,IL,אבקת בצל מיה 80 גרם,גרמים,80.00,100 גרם,false,,5.80,0.0725,true,1,432
7290002319405,false,תבלין קינמון בקופסא 80 גר' מיה,מיה תעשיות מזון בעמ,IL,קינמון מיה 80 גרם,גרמים,80.00,100 גרם,false,,5.80,0.0725,true,1,435
7290002319412,false,תבלין פפריקה חריפה 80 גר' מיה,מיה תעשיות מזון בעמ,IL,פפריקה חריפה מיה 80,גרמים,80.00,100 גרם,false,,5.80,0.0725,true,1,436
7290002319429,false,תבלין פפריקה מתוקה 80 גר' מיה,מיה תעשיות מזון בעמ,IL,פפריקה מתוקה מיה 80,גרמים,80.00,100 גרם,false,,5.80,0.0725,true,1,437
7290002319436,false,תבלין פלפל שחור צנצנת 70גר` מיה,מיה תעשיות מזון בעמ,IL,פלפל שחור מיה 70 גרם,גרמים,70.00,100 גרם,false,,8.90,0.1271,true,1,438
7290002319443,false,תבלין כמון 80 גר' מיה,מיה תעשיות מזון בעמ,IL,כמון מיה 80 גרם,גרמים,80.00,100 גרם,false,,5.80,0.0725,true,1,439
7290002319450,false,תבלין כרכום צנצנת 80 גר' מיה,מיה תעשיות מזון בעמ,IL,כורכום מיה 80 גרם,גרמים,80.00,100 גרם,false,,5.80,0.0725,true,1,440
7290002319467,false,תבלין אורגנו 35 ג' מיה,מיה תעשיות מזון בעמ,IL,אורגנו מיה 35 גרם,גרמים,35.00,100 גרם,false,,5.80,0.1657,true,1,441
7290002319474,false,תבלין אבקת שום מיכל 80 ג' מיה,מיה תעשיות מזון בעמ,IL,אבקת שום מיה 80 גרם,גרמים,80.00,100 גרם,false,,7.90,0.0988,true,1,442
7290002319580,false,מלח לימון 150גרם צנצנת,מיה תעשיות מזון בעמ,IL,מלח לימון מיה 100 גר,גרמים,100.00,100 גרם,false,,5.80,0.0580,true,1,443
7290002319597,false,תבלין כוסברה ירוקה בשקית 80 גר' מיה,מיה תעשיות מזון בעמ,IL,כוסברה מיה 80 גרם,גרמים,80.00,100 גרם,false,,5.80,0.0725,true,1,444
7290002319641,false,תבלין גריל עוף צנצנת 80 גר' מיה,מיה תעשיות מזון בעמ,IL,גריל עוף מיה 80 גרם,גרמים,80.00,100 גרם,false,,5.80,0.0725,true,1,449
7290002319658,false,תבלין לסטייק 80גרם צנצנת,מיה תעשיות מזון בעמ,IL,תבלין לסטייק מיה 80,גרמים,80.00,100 גרם,false,,5.80,0.0725,true,1,450
7290002319689,false,סודה לשתייה בקופסא 150 גר' מיה,מיה תעשיות מזון בעמ,IL,סודה לשתיה מיה 150 ג,גרמים,150.00,100 גרם,false,,5.80,0.0387,true,1,16245
7290002319696,false,תבלין פלפל לבן 70 גר' מיה,מיה תעשיות מזון בעמ,IL,פלפל לבן מיה 70 גרם,גרמים,70.00,100 גרם,false,,10.90,0.1557,true,1,451
7290002319702,false,תבלין ציפורן שלם 40 גר' מיה,מיה תעשיות מזון בעמ,IL,ציפורן שלם מיה 40 גר,גרמים,40.00,100 גרם,false,,8.90,0.2225,true,1,452
7290002319771,false,"תמצית אפיה וניל 50מ""ל מיה",מיה תעשיות מזון בעמ,IL,תמצית אפיה בטעם וניל,מיליליטרים,50.00,"100 מ""ל",false,,2.90,0.0580,true,1,455
7290002319801,false,תבלין שבבי בצל 50 גר' מיה,מיה תעשיות מזון בעמ,IL,שבבי בצל מיה 50 גרם,גרמים,50.00,100 גרם,false,,5.80,0.1160,true,1,457
7290002327042,false,"בורקס תפו""א 800 גר' שלושת האופים קהילות",שלושת האופים,IL,בורקס תפוא ש.האופים,גרמים,800.00,100 גרם,false,,16.90,0.0211,true,1,472
7290002327059,false,"בצק עלים 1 ק""ג שלושת האופים קהילות",שלושת האופים,IL,בצק עלים ש.האופים 1,פריט,1.00,"ק""ג",false,,16.90,16.9000,true,1,473
7290002327066,false,קונכיות למילוי 625 ג' שלושת האופים,שלושת האופים,IL,קונכיות בצק למילוי ש,גרמים,625.00,100 גרם,false,,16.90,0.0270,true,1,474
7290002327073,false,בורקס גבינה 800 גר' שלושת האופים קהילות,שלושת האופים,IL,בורקס גבינה ש.האופים,גרמים,800.00,100 גרם,false,,16.90,0.0211,true,1,475
7290002331360,false,"נביעות מים מינרליים טו גו מארז 500X6מ""ל",קריות זול,IL,מים נביעות טו גו 6*5,קילוגרמים,3.00,ליטר,false,,12.90,4.3000,true,1,18340
7290002345299,false,פילה סלמון טרי דלידג,,,פילה סלמון טרי דלידג,קילוגרמים,1.00,"ק""ג",true,,89.90,89.9000,true,1,30586
7290002348160,false,תירס גמדי שלם ויליגר 425 ג',גואנגדונג יוזהו פודס,IL,תירס גמדי ויליגר 425,גרמים,425.00,100 גרם,false,,6.50,0.0153,true,1,482
7290002360124,false,חליטת תה ורד הבר פומפדור 20 שקיקים,TEEKANNE- POMPADOU,DE,חליטת צמחים פומפדור,גרמים,70.00,100 גרם,false,,11.90,0.1700,true,1,9381
7290002360155,false,חליטת תה פרחי שומר פומפדור 20 שקיקים,קריות זול,DE,חליטת צמחים פומפדור,גרמים,40.00,100 גרם,false,,11.90,0.2975,true,1,9385
7290002360278,false,חליטת תה מנטה פומפדור 20 שקיקים,"איטיליאן פוד, אס.פי.",DE,חליטת צמחים פומפדור,גרמים,45.00,100 גרם,false,,11.90,0.2644,true,1,9382
7290002360285,false,תה פומפדור חליטת צמחים קמומיל 20 שק,TEEKANNE- POMPADOU,DE,חליטת צמחים פומפדור,גרמים,30.00,100 גרם,false,,11.90,0.3967,true,1,9384
7290002371533,false,דקניקים סלסולי פסטרמה בדבש 120 ג' טירת צבי,הנסיך- מפעל לייצור ט,IL,סלסולי פסטרמה בדבש ט,גרמים,120.00,100 גרם,false,,12.90,0.1075,true,1,39899
7290002371540,false,דקניקים קורנדביף 120 ג' טירת צבי,הנסיך- מפעל לייצור ט,IL,קורנדביף טירת צבי 12,גרמים,120.00,100 גרם,false,,12.90,0.1075,true,1,11344
7290002374640,false,שמן קנולה פלוס אומגה 3 1ל' עץ הזית,שמן תעשיות,IL,שמן קנולה פלוס עץ הז,קילוגרמים,1.00,ליטר,false,,12.90,12.9000,true,1,61410
7290002381808,false,נר נשמה בפח 24 שעות,,CN,נר נשמה בפח 24 שעות,Unknown,0.00,יחידה,false,,1.20,0.0000,true,1,2525
7290002385738,false,גבינת מנצ'גו משולשים,מחלבות גד,IL,גבינה מנצגו גד במשקל,קילוגרמים,1.00,"ק""ג",true,,99.00,99.0000,true,1,5950
7290002385745,false,גבינת פקורינו משולשי,מחלבות גד,IL,גבינה פקורינו גד במש,קילוגרמים,1.00,"ק""ג",true,,99.00,99.0000,true,1,5951
7290002386834,false,קהילות נקניקיות עוף קפואות 400גר,,,נקניקיות עוף קפוא קה,גרמים,400.00,100 גרם,false,,11.90,0.0298,true,1,4706
7290002405474,false,קניידלך כרמל 130 גרם,מצות כרמל,IL,קניידלך כרמל 130 גרם,גרמים,130.00,100 גרם,false,,8.90,0.0685,true,1,503
7290002405757,false,פת בוקר חיטה מלאה 1,מצות כרמל,IL,פת בוקר חיטה מלאה 1,פריט,1.00,"ק""ג",false,,19.90,19.9000,true,1,4280
7290002487364,false,שלושת האופים ב. פילו גבינה זיתים 700 גר לנדא,שלושת האופים,IL,בורקס פילו גבינה וזי,גרמים,700.00,100 גרם,false,,16.90,0.0241,true,1,11332
7290002505013,false,כרעיים עוף קפוא קהיל,קהילות,IL,כרעיים עוף קפוא קהיל,קילוגרמים,1.00,"ק""ג",true,,35.90,35.9000,true,1,4342
7290002505044,false,חזה עוף קפוא קהילות,קהילות,IL,חזה עוף קפוא קהילות,קילוגרמים,1.00,"ק""ג",true,,37.90,37.9000,true,1,4345
7290002505051,false,כנפיים עוף קפוא קהילות.,קהילות,IL,כנפיים עוף קפוא קהיל,קילוגרמים,1.00,"ק""ג",true,,16.90,16.9000,true,1,4346
7290002505105,false,עוף טרי ארוז קהילות,,,עוף שלם טרי קהילות,קילוגרמים,1.00,"ק""ג",true,,24.90,24.9000,true,1,4360
7290002505112,false,שוקיים עוף טרי קהילו,,,שוקיים עוף טרי קהילו,קילוגרמים,1.00,"ק""ג",true,,39.90,39.9000,true,1,4361
7290002505464,false,כרעיים עוף טרי ארוז קהילות,,,כרעיים עוף טרי קהילו,קילוגרמים,1.00,"ק""ג",true,,35.90,35.9000,true,1,4371
7290002507451,false,קציצות דג סלמון דלידג 750 גר',דלידג,IL,קציצות דג סלמון לביש,גרמים,750.00,100 גרם,false,,24.90,0.0332,true,1,26892
7290002512004,false,מלוואח צנעני 900 גרם,צנעני,IL,מלוואח צנעני 900 גרם,גרמים,900.00,100 גרם,false,,19.90,0.0221,true,1,5425
7290002512011,false,צנעני גחנון 900 גרם,צנעני,IL,גחנון צנעני 900 גרם,גרמים,900.00,100 גרם,false,,19.90,0.0221,true,1,5426
7290002512035,false,"בצק עלים צנעני 1 ק""ג",צנעני,IL,"בצק עלים צנעני 1 ק""ג",פריט,1.00,"ק""ג",false,,11.90,11.9000,true,1,5427
7290002512509,false,מלוואח אלפא 700 גרם,,,מלוואח אלפא 700 גרם,גרמים,700.00,100 גרם,false,,6.90,0.0099,true,1,24127
7290002512547,false,בצק עלים אלפא 750 גר,צנעני,IL,בצק עלים אלפא 750 גר,גרמים,750.00,100 גרם,false,,6.90,0.0092,true,1,54458
7290002512554,false,גחנון אלפא 700 גרם,,,גחנון אלפא 700 גרם,גרמים,700.00,100 גרם,false,,6.90,0.0099,true,1,24128
7290002542780,false,"שישיית בירה סטלה ארטואה 330 מ""ל*6",סטלה ארטואה Stella Artois,BE,מארז בירה סטלה 5% 6*,קילוגרמים,1.98,ליטר,false,,24.90,12.5758,true,1,58627
7290002543237,false,קלוגס קורנפלקס 750גר,קלוגס קומפני אוף גרי,DE,קורנפלקס קלוגס 750 ג,גרמים,750.00,100 גרם,false,,13.90,0.0185,true,1,5707
7290002552499,false,מאגדת שלגוני שרבט פרווה תות מנגו 8 יח' ריאו,"גלידות ריאו ביח""ר לג",IL,קרחוני ריאו פרי מנגו,גרמים,720.00,100 גרם,false,,14.50,0.0201,true,1,542
7290002603016,false,טונה ויליגר במים רביעיה * 140 ג',ויליגר,IL,טונה במים ויליגר 4*1,גרמים,560.00,100 גרם,false,,15.90,0.0284,true,1,28845
7290002603474,false,פיצת השף רוטב פטריות,סוילה אס.אר.אל,IT,פיצת השף רוטב פטריות,גרמים,200.00,100 גרם,false,,14.90,0.0745,true,1,32471
7290002603481,false,פיצת השף מאיטליה CHEF שגב פסטו ועגבניות 200 גרם,האי נאם סי או אל.טי.,IT,פיצת השף פסטו ועגבני,גרמים,200.00,100 גרם,false,,14.90,0.0745,true,1,32473
7290002603498,false,פיצת השף שגב אנטיפסט,האי נאם סי או אל.טי.,IT,פיצת השף אנטיפסטי שג,גרמים,200.00,100 גרם,false,,14.90,0.0745,true,1,32474
7290002603504,false,פיצת השף מאיטליה CHEF שגב עגבניות ובצל סגול 200 גרם,סוילה אס.אר.אל,IT,פיצת השף עגבניות שרי,גרמים,200.00,100 גרם,false,,14.90,0.0745,true,1,32472
7290002603634,false,"פיצה משולש תפזורת בד""צ 80ג'",שמגור בעמ,IL,משולש פיצה מרגריטה ש,גרמים,80.00,100 גרם,false,,2.80,0.0350,true,1,29858
7290002657408,false,נתחי טונה בשמן 960 ג' פוסידון,ויליגר בעמ,IL,טונה בשמן פוסידון 96,גרמים,960.00,100 גרם,false,,29.90,0.0311,true,1,4699
7290002661115,false,לחם שיפון הולנדי 1.2 מהדרין,מאפית י את א ברמן בע,IL,"לחם הולנדי ברמן 1 ק""",פריט,1.00,"ק""ג",false,,15.90,15.9000,true,1,3139
7290002661153,false,"לחם דני קל ברמן 1 ק""",מאפית י את א ברמן בע,IL,"לחם דני קל ברמן 1 ק""",פריט,1.00,"ק""ג",false,,15.90,15.9000,true,1,3169
7290002661214,false,ברמן לחם גליל קל מהדרין 750 גרם,מאפית י את א ברמן בע,IL,לחם קל גלילי ברמן 75,גרמים,750.00,100 גרם,false,,11.90,0.0159,true,1,4758
7290002661535,false,פירורי לחם מוזהבים 1,מאפית י את א ברמן בע,IL,פירורי לחם מוזהבים 1,פריט,1.00,"ק""ג",false,,9.90,9.9000,true,1,35340
7290002661900,false,לחמניה שמיניה שומשום/פרג 6 יח' 720 גר',מאפית י את א ברמן בע,IL,מארז 6 לחמניות 720 ג,גרמים,720.00,100 גרם,false,,10.90,0.0151,true,1,36001
7290002661948,false,לחמניות כפריות ארוכות 720 גר',מאפית י את א ברמן בע,IL,מארז 6 לחמניות כפריו,גרמים,720.00,100 גרם,false,,10.90,0.0151,true,1,37624
7290002692768,false,"תרסיס קנולה מופחת קלוריות 200 מ""ל עץ הזית",טרנסומס פוד איי בי,IT,תרסיס שמן קנולה עץ ה,מיליליטרים,200.00,"100 מ""ל",false,,11.90,0.0595,true,1,20241
7290002692782,false,"תרסיס מופחת קלוריות זית 200 מ""ל עץ הזית",י.ב טכנולוגיות אריזה,IL,תרסיס שמן זית כתית ע,מיליליטרים,150.00,"100 מ""ל",false,,11.90,0.0793,true,1,20242
7290002701026,false,פערפיל בתנור משובח 4,גיי אפ פי ייצור מזון,IL,פערפיל בתנור משובח 4,גרמים,400.00,100 גרם,false,,7.90,0.0198,true,1,574
7290002703068,false,דבש טהור 1קג- עין חרוד,עין חרוד,IL,"דבש עין חרוד 1 ק""ג",פריט,1.00,"ק""ג",false,,39.90,39.9000,true,1,2735
7290002703358,false,צנצנת דבש עין חרוד 3,עין חרוד,IL,דבש עין חרוד 350 גרם,גרמים,350.00,100 גרם,false,,14.90,0.0426,true,1,2736
7290002716280,false,שבבי תפוא דרומה 500,דרומה י.א.ט בעמ,IL,שבבי תפוא דרומה 500,גרמים,500.00,100 גרם,false,,11.90,0.0238,true,1,579
7290002716402,false,אגוז מלך טבעי דרומה,דרומה י.א.ט בעמ,IL,אגוז מלך טבעי דרומה,גרמים,400.00,100 גרם,false,,29.90,0.0747,true,1,581
7290002716419,false,שקד קלוף דרומה 400 ג,דרומה י.א.ט בעמ,IL,שקד קלוף דרומה 400 ג,גרמים,400.00,100 גרם,false,,29.90,0.0747,true,1,582
7290002730811,false,"קולגייט משחת שיניים ג'ל משפחתי 100מ""ל",הנסיך- מפעל לייצור ט,PL,משחת קולגייט טריפל ג,גרמים,100.00,100 גרם,false,,11.90,0.1190,true,1,5692
7290002730903,false,פלמוליב סבון מוצק ורדים רביעייה * 125 ג',הנסיך- מפעל לייצור ט,TR,סבון מוצק פלמוליב ור,גרמים,360.00,100 גרם,false,,16.50,0.0458,true,1,5729
7290002730958,false,פלמוליב סבון מוצק? ירוק זית רביעייה * 100 ג',הנסיך- מפעל לייצור ט,TR,סבון מוצק פלמוליב יר,גרמים,360.00,100 גרם,false,,16.50,0.0458,true,1,5731
7290002739685,false,נקניקיות מרגז 400 ג' עטרה,עטרה,IL,נקניקיות מרגז קפוא ע,גרמים,400.00,100 גרם,false,,19.90,0.0497,true,1,20323
7290002739692,false,נקניקיות צ'וריסוס 500 ג' מוכן עטרה,עטרה,IL,נקניקיות צוריסוס קפו,גרמים,500.00,100 גרם,false,,24.90,0.0498,true,1,20324
7290002752493,false,רביעיה סוכריות מנטה 4* 16 ג' טיק טק,קריות זול,ZA,סוכריות טיק טק מנטה,גרמים,64.00,100 גרם,false,,9.90,0.1547,true,1,10901
7290002753223,false,רביעייה סוכריות תפוז 4*16 ג' טיק טק,קריות זול,ZA,סוכריות טיק טק תפוז,גרמים,64.00,100 גרם,false,,9.90,0.1547,true,1,15419
7290002757139,false,מלוואח 700 גר' שלושת האופים קהילות,שלושת האופים,IL,מלוואח ש.האופים 700,גרמים,700.00,100 גרם,false,,13.90,0.0199,true,1,3559
7290002757146,false,"קובה חמוסטה למרק שלושת האופים 1ק""ג",שלושת האופים,IL,קובה חמוסטה ש.האופים,פריט,1.00,"ק""ג",false,,17.90,17.9000,true,1,2833
7290002757511,false,דלידג קציצות דג לבישול 750 גר קהילות,האי נאם סי או אל.טי.,IL,קציצות דג לבישול דלי,גרמים,750.00,100 גרם,false,,24.90,0.0332,true,1,3286
7290002757535,false,בורקס פילו אצבעות גבינה 700 ג' שלושת האופים,שלושת האופים,IL,בורקס פילו אצבעות גב,גרמים,700.00,100 גרם,false,,16.90,0.0241,true,1,3285
7290002757542,false,אטריות קדאיף 400 גרם לנדא,שלושת האופים,IL,שערות קדאיף ש.האופים,גרמים,400.00,100 גרם,false,,19.90,0.0497,true,1,32521
7290002768036,false,"מי פה תיאדנט ענק מונע עששת 150מ""ל",אמיליה קוסמטיקס,IL,"מי פה תיאדנט 150 מ""ל",מיליליטרים,150.00,"100 מ""ל",false,,14.70,0.0980,true,1,602
7290002768043,false,"תיאדנט מי-פה ענק פלאוריד 150 מ""ל",טרופיקל דגיל תעשיות,IL,מי פה תיאדנט פלואורי,מיליליטרים,150.00,"100 מ""ל",false,,14.70,0.0980,true,1,603
7290002768074,false,דרמופון - סבון נוזלי 1 ליטר,טרופיקל דגיל תעשיות,IL,דרמפון 1 ליטר,קילוגרמים,1.00,ליטר,false,,17.90,17.9000,true,1,604
7290002780007,false,מלפפון במלח 30-36 בנ,בני דרום,IL,מלפפון במלח 30-36 בנ,פריט,3.00,"ק""ג",false,,17.90,5.9667,true,1,605
7290002780045,false,מלפפון בחומץ 30-36 ב,בני דרום,IL,מלפפון בחומץ 30-36 ב,פריט,3.00,"ק""ג",false,,17.90,5.9667,true,1,606
7290002781264,false,סירופ בטעם שוקולד מי,מיטב,,סירופ בטעם שוקולד מי,גרמים,700.00,100 גרם,false,,10.90,0.0156,true,1,5663
7290002781271,false,סירופ בטעם מייפל מיט,מיטב,,סירופ בטעם מייפל מיט,גרמים,700.00,100 גרם,false,,10.90,0.0156,true,1,5664
7290002781691,false,ממרח שוקולד 400 גר מיטב בדץ,מיטב,IL,ממרח קקאו בטעם שוקול,גרמים,400.00,100 גרם,false,,4.90,0.0123,true,1,5666
7290002804758,false,כרעיים עוף קפוא דליק,,,כרעיים עוף קפוא דליק,קילוגרמים,1.00,"ק""ג",true,,29.90,29.9000,true,1,7757
7290002804765,false,חזה עוף קפוא דליקטסו,,,חזה עוף קפוא דליקטסו,קילוגרמים,1.00,"ק""ג",true,,31.90,31.9000,true,1,7758
7290002804772,false,כנפיים עוף קפוא דליק,,,כנפיים עוף קפוא דליק,קילוגרמים,1.00,"ק""ג",true,,12.90,12.9000,true,1,7759
7290002804796,false,שוקיים עוף קפוא דליק,,,שוקיים עוף קפוא דליק,קילוגרמים,1.00,"ק""ג",true,,32.90,32.9000,true,1,7761
7290002804819,false,שניצל עוף קפוא דליקט,,,שניצל עוף קפוא דליקט,קילוגרמים,1.00,"ק""ג",true,,35.90,35.9000,true,1,7763
7290002814016,false,"מסיר שומנים קר מתז סנט מוריץ 750מ""ל",קומפלקס כימיקלים,IL,תרסיס סנט מוריץ מסיר,מיליליטרים,750.00,"100 מ""ל",false,,12.90,0.0172,true,1,3280
7290002814603,false,"סנט מוריץ - מרסס מסיר שומנים קר מבושם לימון 750 מ""ל",אלמוג דיל בעמ,IL,תרסיס סנט מוריץ מסיר,מיליליטרים,750.00,"100 מ""ל",false,,9.90,0.0132,true,1,31216
7290002814870,false,"סנט מוריץ - מרסס מסיר שומנים קר מבושם לוונדר\פרחים 750 מ""ל",,,תרסיס סנט מוריץ מסיר,מיליליטרים,750.00,"100 מ""ל",false,,9.90,0.0132,true,1,49681
7290002824183,false,גבינה לבנה 5% שומן 500 ג' שטראוס,מיוצר עי קונדיטוריית,IL,גבינה 5% סקי 500 גרם,גרמים,500.00,100 גרם,false,,9.30,0.0186,true,1,614
7290002824466,false,דנונה יוגורט ביו 0% 200מל,"שטראוס בריאות בע""מ",IL,יוגורט ביו דנונה 0%,גרמים,200.00,100 גרם,false,,3.40,0.0170,true,1,14499
7290002824640,false,גבינה שטראוס 5% 250 ג',מיוצר עי קונדיטוריית,IL,גבינה 5% סקי 250 גרם,גרמים,250.00,100 גרם,false,,4.90,0.0196,true,1,615
7290002825722,false,סלט כרוב אדום אחלה 5,מיוצר עי קונדיטוריית,IL,כרוב אדום אחלה 500 ג,גרמים,500.00,100 גרם,false,,12.90,0.0258,true,1,2816
7290002868996,false,קוטג' 5% מועשר טרה 250ג' מהדרין,קריות זול,IL,קוטג 5% טרה 250 גרם,גרמים,250.00,100 גרם,false,,5.70,0.0228,true,1,632
7290002871248,false,"בירה טובורג רד חוזר 500 מ""ל",מבשלות בירה בינלאומי,IL,בירה טובורג רד ב.חוז,מיליליטרים,500.00,"100 מ""ל",false,,7.90,0.0158,true,1,7069
7290002871361,false,"קרלסברג בירה בק.חוזר 500 מ""ל",מבשלות בירה בינלאומי,IL,בירה קרלסברג ב.חוזר,מיליליטרים,500.00,"100 מ""ל",false,,7.90,0.0158,true,1,7068
7290002904694,false,"טיטניום דאודורנט ספריי לגברים 150 מ""ל",אמיליה קוסמטיקס בעמ,IL,דאו ספריי טיטניום 18,מיליליטרים,180.00,"100 מ""ל",false,,14.90,0.0828,true,1,674
7290002922797,false,חזה הודו טרי ארוז עטרה,עטרה,,חזה הודו טרי עטרה,קילוגרמים,1.00,"ק""ג",true,,32.90,32.9000,true,1,2976
7290002922865,false,קבב מזרחי טאק טורו 5,,,קבב מזרחי טאק טורו 5,גרמים,500.00,100 גרם,false,,14.90,0.0298,true,1,3050
7290002922872,false,המבורגר טאק טורו 500,,,המבורגר טאק טורו 500,גרמים,500.00,100 גרם,false,,14.90,0.0298,true,1,3049
7290002922964,false,קוקטייל עוף טרי קהיל,,,קוקטייל עוף טרי קהיל,קילוגרמים,1.00,"ק""ג",true,,37.90,37.9000,true,1,16845
7290002922971,false,חזה עוף חצוי עם עצם,,,חזה עוף חצוי עם עצם,קילוגרמים,1.00,"ק""ג",true,,19.90,19.9000,true,1,4074
7290002929512,false,כדורי פלאפל ש. האופי,האי נאם סי או אל.טי.,IL,כדורי פלאפל ש. האופי,גרמים,500.00,100 גרם,false,,7.90,0.0158,true,1,51542
7290002929536,false,קובה למרק ש. האופים,האי נאם סי או אל.טי.,IL,קובה למרק ש. האופים,גרמים,600.00,100 גרם,false,,7.90,0.0132,true,1,51638
7290002939122,false,פרגית עוף טרי ארוז ע,,,פרגית עוף טרי עטרה,קילוגרמים,1.00,"ק""ג",true,,69.90,69.9000,true,1,696
7290002939139,false,כנפיים הודו טרי עטרה,עטרה,IL,כנפיים הודו טרי עטרה,קילוגרמים,1.00,"ק""ג",true,,19.90,19.9000,true,1,697
7290002939153,false,שווארמה הודו טרי עטר,עטרה,IL,שווארמה הודו טרי עטר,קילוגרמים,1.00,"ק""ג",true,,74.90,74.9000,true,1,699
7290002939160,false,בשר אדום טרי ארוז עטרה,עטרה,IL,בשר אדום טרי עטרה,קילוגרמים,1.00,"ק""ג",true,,59.90,59.9000,true,1,700
7290002939498,false,שריר מספר 8 קפוא צרכני עטרה,עטרה,IL,בשר מס 8 שריר קפוא ע,קילוגרמים,1.00,"ק""ג",true,,53.90,53.9000,true,1,706
7290002939511,false,רגל בקר קפוא עטרה,עטרה,IL,רגל בקר קפוא עטרה,קילוגרמים,1.00,"ק""ג",true,,39.90,39.9000,true,1,3381
7290002939542,false,לשון בקר קפוא עטרה,עטרה,IL,לשון בקר קפוא עטרה,קילוגרמים,1.00,"ק""ג",true,,39.90,39.9000,true,1,710
7290002977032,false,"סוכר לבן סטודן 1 ק""ג",,,"סוכר לבן סטודן 1 ק""ג",פריט,1.00,"ק""ג",false,,3.90,3.9000,true,1,48526
7290003011087,false,"אורז בסמטי 1 ק""ג אלפנט",,IN,אורז בסמטי אלפנט 1 ק,פריט,1.00,"ק""ג",false,,7.90,7.9000,true,1,12216
7290003015627,false,ריצפז פרש 2 ליטר אפרסק מרכז,"סנו מפעלי ברונוס בע""",IL,ריצפז פרש אפרסק 2 לי,קילוגרמים,2.00,ליטר,false,,16.90,8.4500,true,1,749
7290003029181,false,משקה יטבתה שוקו' בקבוק 1ל מהדרין,מחלבת יטבתה,IL,משקה שוקו יטבתה 1 לי,קילוגרמים,1.00,ליטר,false,,9.90,9.9000,true,1,754
7290003029372,false,משקה חלב בננה בקבוק 1ל' יוטבתה,מחלבת יטבתה,IL,משקה בננה יטבתה 1 לי,קילוגרמים,1.00,ליטר,false,,9.90,9.9000,true,1,6212
7290003029433,false,"משקה יטבתה שוקו פקק 250 מ""ל מהדרין",מחלבת יטבתה,IL,משקה שוקו בקבוק יטבת,גרמים,250.00,100 גרם,false,,4.90,0.0196,true,1,47002
7290003029532,false,מוקה בקבוק 1 ל' יוטבתה,מחלבת יטבתה,IL,משקה מוקה יטבתה 1 לי,קילוגרמים,1.00,ליטר,false,,9.90,9.9000,true,1,6213
7290003029792,false,"משקה יטבתה שוקו שקיות מהדרין מארז 225X8מ""ל",שטראוס גרופ,IL,מארז שוקו שקית יטבתה,קילוגרמים,1.80,ליטר,false,,18.90,10.5000,true,1,4334
7290003029815,false,חלב יוטבתה מועשר 3% בכד 2ל',מחלבת יטבתה,IL,חלב מועשר 3% יטבתה 2,קילוגרמים,2.00,ליטר,false,,13.90,6.9500,true,1,2821
7290003029907,false,משקה יטבתה אייס קפה 1ליטר,מחלבת יטבתה,IL,משקה אייס קפה יטבתה,קילוגרמים,1.00,ליטר,false,,9.90,9.9000,true,1,6211
7290003031689,false,מארז פסטרמה סלמי/כפר,טירת צבי,IL,מארז פסטרמה סלמי/כפר,פריט,1.00,"ק""ג",false,,29.90,29.9000,true,1,54441
7290003031702,false,"נקניקיות הודו מחפוד וואקום 1 ק""ג טירת צבי",טירת צבי,IL,נקניקיות הודו חלק טי,פריט,1.00,"ק""ג",false,,24.90,24.9000,true,1,755
7290003031733,false,טירת צבי פסטרמה על גחלים קופ. מחפוד 400ג,טירת צבי,IL,פסטרמה גחלים טירת צב,גרמים,400.00,100 גרם,false,,24.90,0.0622,true,1,757
7290003031740,false,טירתצבי פסטרמה בדבש קופ. מחפוד 400ג,טירת צבי,IL,פסטרמה בדבש טירת צבי,גרמים,400.00,100 גרם,false,,24.90,0.0622,true,1,758
7290003031757,false,פסטרמה הודו בפפריקה טירת צבי 400 ג' מחפוד,טירת צבי,IL,פסטרמה הודו פפריקה ט,גרמים,400.00,100 גרם,false,,24.90,0.0622,true,1,759
7290003031849,false,"פסטרמה כפרית דבש וברביקיו צמד ט.צבי 300X2ג' בד""ץ",טירת צבי,IL,מארז פסטרמה כפרית דב,גרמים,600.00,100 גרם,false,,24.90,0.0415,true,1,15536
7290003054657,false,חרדל דיזון אקסטרה פורטה 370 גרם,מרום את קונפינו,FR,חרדל דיזון אקסטרא פו,גרמים,370.00,100 גרם,false,,9.90,0.0268,true,1,3655
7290003060009,false,קמח בהיר טחנות ישראל,טחנות ישראליות,IL,קמח בהיר טחנות ישראל,פריט,1.00,"ק""ג",false,,3.70,3.7000,true,1,3013
7290003060023,false,סולת טחנות ישראליות,טחנות ישראליות,IL,סולת טחנות ישראליות,פריט,1.00,"ק""ג",false,,3.90,3.9000,true,1,3014
7290003060047,false,קמח תופח טחנות ישראל,טחנות ישראליות,IL,קמח תופח טחנות ישראל,פריט,1.00,"ק""ג",false,,5.90,5.9000,true,1,3015
7290003069682,false,בצק פילאס תורכי 3האופים 500 ג',שלושת האופים,IL,בצק פילאס תורכי ש.הא,גרמים,500.00,100 גרם,false,,16.90,0.0338,true,1,6196
7290003069705,false,"פיצה אישית גבינה דק 80 ג' תפזורת בד""צ",שלושת האופים,IL,פיצה מרגריטה ש.האופי,גרמים,80.00,100 גרם,false,,2.80,0.0350,true,1,4724
7290003072521,false,פסטרמה כתף בקר מעושנת 300 גר',טירת צבי,IL,פסטרמה כתף בקר מעושנ,גרמים,300.00,100 גרם,false,,24.90,0.0830,true,1,46661
7290003078042,false,פרג אריסה חריפה 50ג,תבליני הדור השלישי,IL,אריסה פרג 250 גרם,גרמים,250.00,100 גרם,false,,12.90,0.0516,true,1,769
7290003078066,false,שום כתוש פרג 250 גרם,תבליני הדור השלישי ב,IL,שום כתוש פרג 250 גרם,גרמים,250.00,100 גרם,false,,12.90,0.0516,true,1,770
7290003078073,false,תיבול לשניצל קלאסי שקית 400גר,תבליני הדור השלישי,IL,תיבול לשניצל פרג 400,גרמים,400.00,100 גרם,false,,12.90,0.0323,true,1,771
7290003078516,false,פלפל צומה פרג 250 גר,תבליני הדור השלישי,IL,פלפל צומה פרג 250 גר,גרמים,250.00,100 גרם,false,,12.90,0.0516,true,1,772
7290003078554,false,תיבול לשניצל מקסיקני שקית 400 גר,תבליני הדור השלישי,IL,תיבול לשניצל מקסיקני,גרמים,400.00,100 גרם,false,,12.90,0.0323,true,1,773
7290003078561,false,תיבול לשניצל אמריקאי שקית 400גר,תבליני הדור השלישי,IL,תיבול לשניצל אמריקאי,גרמים,400.00,100 גרם,false,,12.90,0.0323,true,1,774
7290003078639,false,פפריקה מתוקה בשמן פר,תבליני הדור השלישי,IL,פפריקה מתוקה בשמן פר,גרמים,500.00,100 גרם,false,,34.90,0.0698,true,1,776
7290003078684,false,פלפל שחור פרג 400 גר,תבליני הדור השלישי,IL,פלפל שחור פרג 400 גר,גרמים,400.00,100 גרם,false,,39.90,0.0997,true,1,36974
7290003078721,false,פרג סחוג תימני אדום 250גר,תבליני הדור השלישי,IL,סחוג פרג 250 גרם,גרמים,250.00,100 גרם,false,,12.90,0.0516,true,1,777
7290003078738,false,לימון בלאדי פרג 250,תבליני הדור השלישי,IL,לימון בלאדי פרג 250,גרמים,250.00,100 גרם,false,,12.90,0.0516,true,1,2438
7290003087945,false,חטיף בוטנים בולי בודד 80 גרם,א מ חטיפי העמק בעמ,IL,בולי 80 גרם,גרמים,80.00,100 גרם,false,,2.90,0.0362,true,1,3226
7290003087952,false,חטיף בוטנים בולי 25 גר' עשיריות,א מ חטיפי העמק בעמ,IL,מארז בולי 10*25 גרם,גרמים,250.00,100 גרם,false,,7.90,0.0316,true,1,3510
7290003107216,false,קמח 1 קג שימורי איכ,טחנות קמח דגן 2006,IL,"קמח לבן דגן 1 ק""ג",פריט,1.00,"ק""ג",false,,5.90,5.9000,true,1,5549
7290003107223,false,"סולת חיטה דגן 1 ק""ג",טחנות קמח דגן 2006,IL,"סולת דגן 1 ק""ג",פריט,1.00,"ק""ג",false,,6.50,6.5000,true,1,8548
7290003107353,false,שטיבל משפר אפייה ביתי 3 * 10 גרם,ט.ק דגן טכנולוגיות ב,IL,משפר אפיה שטיבל 30 ג,גרמים,30.00,100 גרם,false,,5.90,0.1967,true,1,5218
7290003119509,false,פקדון בקבוק בירה ריק,,,פקדון בקבוק בירה ריק,Unknown,0.00,יחידה,false,,1.20,0.0000,true,1,7067
7290003126712,false,יוגורט עיזים בגביע 3% צוריאל 150 ג',מחלבת משק צוריאל,IL,יוגורט עיזים צוריאל,מיליליטרים,150.00,"100 מ""ל",false,,5.90,0.0393,true,1,2932
7290003126958,false,טופו גבינה גוש בואקום צוריאל 300 ג',א.י.ן תעשיות מזון בע,IL,טופו גולמי צוריאל 30,גרמים,300.00,100 גרם,false,,11.90,0.0397,true,1,796
7290003203000,false,נתחי פרגיות לשיפודים,מ ב גלאט עוף למהדרין,IL,נתחי פרגיות לשיפודים,קילוגרמים,1.00,"ק""ג",true,,69.90,69.9000,true,1,806
7290003203086,false,גרונות הודיות-במגש-קפוא,מ ב גלאט עוף למהדרין,IL,גרונות הודיות קפוא ג,קילוגרמים,1.00,"ק""ג",true,,33.90,33.9000,true,1,807
7290003203369,false,שוקיים עוף-(ב)-במגש-קפוא,גלאט עוף,IL,שוקיים עוף קפוא גלאט,קילוגרמים,1.00,"ק""ג",true,,34.90,34.9000,true,1,21245
7290003203581,false,פלאנקן בקר לחמין-במגש-קפוא,ביראניצקי,PL,בשר מס 9 פלאנקען לחמ,קילוגרמים,1.00,"ק""ג",true,,89.90,89.9000,true,1,62729
7290003222070,false,פיתה עבודת יד 13 יח,מאפיית המכבים,IL,פיתות המכבים 13 יח,פריט,1.36,"ק""ג",false,,9.90,7.2794,true,1,22835
7290003222094,false,מארז פיתות ביס עבודת,מאפיית טעמי הכפר,IL,פיתות ביס המכבים 11,גרמים,550.00,100 גרם,false,,8.90,0.0162,true,1,11184
7290003222780,false,פיתות קמח מלא המכבים,מאפיית המכבים,IL,פיתות קמח מלא המכבים,גרמים,500.00,100 גרם,false,,4.90,0.0098,true,1,813
7290003222797,false,פיתות כוסמין המכבים,מאפיית המכבים,IL,פיתות כוסמין המכבים,גרמים,500.00,100 גרם,false,,12.90,0.0258,true,1,26101
7290003318100,false,וופל בטעם שוקולד מנעמים 200 ג',מנעמים תעשיות מזון,IL,ופל שוקולד מנעמים 20,גרמים,200.00,100 גרם,false,,2.90,0.0145,true,1,19799
7290003318131,false,ופל קלאסיק אגוז 200 גרם מנעמים,מנעמים תעשיות מזון,IL,ופל אגוז מנעמים 200,גרמים,200.00,100 גרם,false,,2.90,0.0145,true,1,22602
7290003318155,false,וופל טעם לימון מנעמים 200 ג',מנעמים תעשיות מזון,IL,ופל לימון מנעמים 200,גרמים,200.00,100 גרם,false,,2.90,0.0145,true,1,22600
7290003318162,false,ופל מצופה בריידמן 80,מנעמים תעשיות מזון,IL,ופל מצופה בריידמן 80,גרמים,800.00,100 גרם,false,,13.90,0.0174,true,1,43977
7290003318599,false,וופל וניל 200 גרם מנעמים,מנעמים תעשיות מזון,IL,ופל וניל מנעמים 200,גרמים,200.00,100 גרם,false,,2.90,0.0145,true,1,22601
7290003319145,false,"גפילטפיש כשל""פ גדולה",דג טעים בעמ,IL,גפילטע פיש הדג המיוח,פריט,1.01,"ק""ג",false,,14.90,14.7525,true,1,18695
7290003321292,false,גבינה לבנה 9% שומן 250 ג' שטראוס,מיוצר עי קונדיטוריית,IL,גבינה 9% סקי 250 גרם,גרמים,250.00,100 גרם,false,,4.90,0.0196,true,1,2828
7290003332014,false,קפה נחלה אדום עם הל,קפה נחלה,IL,קפה נחלה אדום עם הל,גרמים,500.00,100 גרם,false,,26.90,0.0538,true,1,3267
7290003384945,false,פילה מיניון טרי עטרה,,,פילה מיניון טרי עטרה,קילוגרמים,1.00,"ק""ג",true,,199.90,199.9000,true,1,59118
7290003387410,false,בלונס פדים להסרת איפור שלישיה,SEPTONA S.A.,GR,פדים להסרת איפור בלו,Unknown,0.00,יחידה,false,,16.90,0.0000,true,1,16863
7290003411054,false,שקיות צליה גדול דליקטס רוסטי הנמל 5יח`,סאדאת איסטנבול,TR,שקיות לצליה רוסטי ענ,Unknown,0.00,יחידה,false,,3.90,0.0000,true,1,858
7290003411948,false,צמר גפן הנמל 100 גרם,ספה,TR,צמר גפן הנמל 100 גרם,Unknown,0.00,יחידה,false,,3.90,0.0000,true,1,868
7290003411993,false,גפרורים הנמל 10 יחיד,"איטיליאן פוד, אס.פי.",SE,גפרורים 10 יח,Unknown,0.00,יחידה,false,,2.80,0.0000,true,1,869
7290003424245,false,מרלוזה צ'ירינה קפוא,,AR,מרלוזה צ'ירינה קפוא,קילוגרמים,1.00,"ק""ג",true,,27.90,27.9000,true,1,62770
7290003427154,false,"שמן זית כתית מעולה זיתא 750 מ""ל",זיתא – י.ט.ב תעשיות,IL,שמן זית כתית פיית מז,מיליליטרים,750.00,"100 מ""ל",false,,27.90,0.0372,true,1,8578
7290003438013,false,ממרח זיתים ירוקים 190 ג' אוליביה,קריות זול,IL,ממרח זיתים אוליביה 1,גרמים,190.00,100 גרם,false,,9.90,0.0521,true,1,47524
7290003438020,false,ממרח עגבניות מיובשות 190 ג' אוליביה,מיוצר עי קונדיטוריית,IL,ממרח עגבניות מיובשות,גרמים,190.00,100 גרם,false,,9.90,0.0521,true,1,47465
7290003438709,false,ממרח אולביה זיתים שחורים וירוקים 190 ג',גוד פוד פרודקטס S.p,IL,ממרח זיתים שחורים או,גרמים,190.00,100 גרם,false,,9.90,0.0521,true,1,47525
7290003450602,false,חרדל אמיתי צהוב בקבוק לחיץ 255 גר,היינץ צפון אמריקה -,US,ממרח חרדל לחיץ היינץ,גרמים,255.00,100 גרם,false,,7.50,0.0294,true,1,34502
7290003521197,false,"ד""ר פישר - סרקל תרסיס מתיר קשרים 340 מ""ל",פישר מעבדות פרמצבטיו,IL,סרקל תרסיס מתיר קשרי,מיליליטרים,340.00,"100 מ""ל",false,,22.90,0.0674,true,1,894
7290003521340,false,קמיל בלו אל סבון 2 ל',פישר מעבדות פרמצבטיו,IL,"אל סבון קמיל בלו ד""ר",קילוגרמים,2.00,ליטר,false,,35.90,17.9500,true,1,897
7290003521395,false,קמיל בלו סנסיטיב 2ליטר-מרכז,פישר מעבדות פרמצבטיו,IL,אל סבון קמיל בלו סנס,קילוגרמים,2.00,ליטר,false,,35.90,17.9500,true,1,898
7290003521463,false,קמיל בלו שמפו שיער אל דמע 2 ליטר,פישר מעבדות פרמצבטיו,IL,שמפו אלדמע קמיל בלו,קילוגרמים,2.00,ליטר,false,,35.90,17.9500,true,1,899
7290003550753,false,טונה פוסידון בשמן רביעיה *108 ג',"מיוצר עי וליגר בעמ,",IL,טונה בשמן פוסידון 4,גרמים,432.00,100 גרם,false,,19.90,0.0461,true,1,903
7290003578177,false,תירס גמדי שלם ויליפוד 410 ג',מגסטיק פוד אידסטרי ק,TH,תירס גמדי ויליפוד 41,גרמים,410.00,100 גרם,false,,6.90,0.0168,true,1,907
7290003578313,false,דובדבנים חמוצים ללא חרצנים 680גר,דל מונטה היילס אס.אי,HU,דובדבנים חמוצים מגול,גרמים,680.00,100 גרם,false,,8.90,0.0131,true,1,908
7290003578672,false,שמן חמניות שארית ישר,וילי פוד,TR,שמן חמניות וילי פוד,קילוגרמים,1.00,ליטר,false,,8.90,8.9000,true,1,36994
7290003643004,false,"אורז בסמטי קלאסי 1 ק""ג סוגת",האי נאם סי או אל.טי.,IL,"אורז בסמטי סוגת 1 ק""",פריט,1.00,"ק""ג",false,,12.90,12.9000,true,1,916
7290003643646,false,"סוכר דמררה קלאסי בצנצנת סוגת 1 ק""ג",האי נאם סי או אל.טי.,IL,"סוכר דמררה סוגת 1 ק""",פריט,1.00,"ק""ג",false,,9.90,9.9000,true,1,918
7290003648344,false,מטיאס הולנדי בשמן שמ,סלטי שמיר 2006 בעמ,IL,מטיאס הולנדי בשמן שמ,גרמים,550.00,100 גרם,false,,29.90,0.0544,true,1,4255
7290003648351,false,הרינג כבוש שמיר 750,סלטי שמיר 2006 בעמ,IL,הרינג כבוש שמיר 750,גרמים,550.00,100 גרם,false,,29.90,0.0544,true,1,4256
7290003648849,false,מקרל בשמן שמיר 750 ג,סלטי שמיר 2006 בעמ,IL,מקרל בשמן שמיר 750 ג,גרמים,550.00,100 גרם,false,,39.90,0.0725,true,1,4170
7290003648856,false,מטיאס הולנדי שמיר 75,סלטי שמיר 2006 בעמ,IL,מטיאס הולנדי שמיר 75,גרמים,550.00,100 גרם,false,,29.90,0.0544,true,1,4257
7290003672073,false,פילה אמנון נקי 5-7 ואקום,,,פילה אמנון פאר הדג 5,קילוגרמים,1.00,"ק""ג",true,,24.90,24.9000,true,1,23333
7290003681228,false,תבלין עלי דפנה 10 גר' מיה,מיה תעשיות מזון בעמ,IL,עלי דפנה מיה 10 גרם,גרמים,10.00,100 גרם,false,,5.80,0.5800,true,1,934
7290003681242,false,תבלין זעתר 50 גר' מיה,מיה תעשיות מזון בעמ,IL,זעתר מיה 50 גרם,גרמים,50.00,100 גרם,false,,5.80,0.1160,true,1,936
7290003681723,false,תבלין לפיצה 80גרם צנצנת,מיה תעשיות מזון בעמ,IL,תבלין לפיצה מיה 80 ג,גרמים,80.00,100 גרם,false,,5.80,0.0725,true,1,944
7290003681730,false,תבלין גריל דג 80 גר' מיה,מיה תעשיות מזון בעמ,IL,תבלין גריל דג מיה 80,גרמים,80.00,100 גרם,false,,5.80,0.0725,true,1,945
7290003681747,false,תבלין גריל בשר בשקית 80 גר' מיה,מיה תעשיות מזון בעמ,IL,תבלין גריל בשר מיה 8,גרמים,80.00,100 גרם,false,,5.80,0.0725,true,1,946
7290003681754,false,אבקת קארי 80גרם צנצנת,מיה תעשיות מזון בעמ,IL,תבלין קארי מיה 80 גר,גרמים,80.00,100 גרם,false,,5.80,0.0725,true,1,947
7290003681761,false,תבלין גבישי שום 80 גר' מיה,מיה תעשיות מזון בעמ,IL,גבישי שום מיה 80 גרם,גרמים,100.00,100 גרם,false,,7.90,0.0790,true,1,948
7290003681792,false,סוכריות טופי פירות 850 ג' מיה,מיה תעשיות מזון בעמ,IL,סוכריות טופי מיה 850,גרמים,850.00,100 גרם,false,,13.90,0.0164,true,1,949
7290003719259,false,לחם ליבו אקסלוסיבי 1 ק'ג,מאפית י את א ברמן בע,IL,"לחם שיפון ליבו 1 ק""ג",פריט,1.00,"ק""ג",false,,15.90,15.9000,true,1,3137
7290003726141,false,טופו טבעי 300 גרם רובין,ג'נרל מילס סאן אדריא,IL,טופו גולמי גאיה 300,גרמים,300.00,100 גרם,false,,9.90,0.0330,true,1,3132
7290003726592,false,טופו מתובל בפסטו במרקם קלאסי,משק וואיילר,IL,טופו מתובל בפסטו משק,מיליליטרים,300.00,"100 מ""ל",false,,10.90,0.0363,true,1,60403
7290003726615,false,טופו הבית משק ויילר,הדקלאים אגודת שיתופי,IL,טופו הבית משק ויילר,מיליליטרים,300.00,"100 מ""ל",false,,9.60,0.0320,true,1,60404
7290003726684,false,טופו חומוס בטעם טבעי 300 ג' משק ויילר,הנסיך- מפעל לייצור ט,IL,טופו חומוס בטעם טבעי,מיליליטרים,300.00,"100 מ""ל",false,,12.90,0.0430,true,1,60405
7290003751136,false,כנפיים עוף-במגש-קפוא,מ ב גלאט עוף למהדרין,IL,כנפיים עוף קפוא גלאט,קילוגרמים,1.00,"ק""ג",true,,14.90,14.9000,true,1,955
7290003751143,false,גרונות עוף-במגש-קפוא,גלאט עוף,IL,גרונות עוף קפוא גלאט,קילוגרמים,1.00,"ק""ג",true,,8.90,8.9000,true,1,21244
7290003751174,false,גולש בקר-קמעונאי-קפוא,מ ב גלאט עוף למהדרין,IL,גולש עגל גלאט עוף,קילוגרמים,1.00,"ק""ג",true,,79.90,79.9000,true,1,956
7290003751204,false,רולדה הודו גלאט עוף,מ ב גלאט עוף למהדרין,IL,רולדה הודו גלאט עוף,קילוגרמים,1.00,"ק""ג",true,,51.90,51.9000,true,1,957
7290003751501,false,הודו אדום-מעובד-בשקית,מ ב גלאט עוף למהדרין,IL,הודו אדום קפוא גלאט,קילוגרמים,1.00,"ק""ג",true,,49.90,49.9000,true,1,962
7290003751839,false,עצמות עוף-במגש-קפוא,גלאט עוף,IL,עצמות עוף קפוא גלאט,קילוגרמים,1.00,"ק""ג",true,,6.90,6.9000,true,1,18544
7290003751990,false,עוף מס 3 קפוא גלאט ע,גלאט עוף,IL,עוף מס 3 קפוא גלאט ע,קילוגרמים,1.00,"ק""ג",true,,28.90,28.9000,true,1,969
7290003779499,false,גינגר ארוז 200 גרם,"מרינה פטריות הגליל בע""מ",IL,גינגר ארוז 200 גרם,גרמים,200.00,100 גרם,false,,7.90,0.0395,true,1,13275
7290003796069,false,פילה נסיכת הנילוס לח,,,פילה נסיכת הנילוס לח,קילוגרמים,1.00,"ק""ג",true,,9.90,9.9000,true,1,64269
7290003796076,false,פילה נסיכת הנילוס לח,,,פילה נסיכת הנילוס לח,קילוגרמים,1.00,"ק""ג",true,,9.90,9.9000,true,1,64270
7290003882922,false,עלי גפן ממולאים באורז ויליפוד 400ג',הזה פלאקספו פוד קו ב,CN,עלי גפן ממולאים וילי,גרמים,400.00,100 גרם,false,,7.90,0.0198,true,1,989
7290003989096,false,סלט חציל פיקנטי אחלה,מיוצר עי קונדיטוריית,IL,חציל פיקנטי אחלה 500,גרמים,500.00,100 גרם,false,,14.90,0.0298,true,1,16398
7290003989539,false,לורנצו רביולי במילוי גבינה,מיוצר עי קונדיטוריית,IL,רביולי גבינה קלאסי ש,גרמים,400.00,100 גרם,false,,16.70,0.0417,true,1,990
7290003989553,false,"פסטה טורטליני פטריות, 400 גרם",מיוצר עי קונדיטוריית,IL,טורטליני פטריות שטרא,גרמים,400.00,100 גרם,false,,16.70,0.0417,true,1,991
7290003996018,false,חסה ערבית למהדרין,יעל ירק עלים,IL,חסה ערבית גלאט,Unknown,0.00,יחידה,false,,7.90,0.0000,true,1,992
7290003996049,false,פטרוזיליה טרי ארוז חסלט,יעל ירק עלים,IL,פטרוזיליה מהדרין,Unknown,0.00,יחידה,false,,6.90,0.0000,true,1,993
7290003996056,false,כוסברה חסלט אפרתי,יעל ירק עלים,IL,כוסברה מהדרין,Unknown,0.00,יחידה,false,,6.90,0.0000,true,1,994
7290003996063,false,שמיר חסלט שקית,יעל ירק עלים,IL,שמיר מהדרין,Unknown,0.00,יחידה,false,,6.90,0.0000,true,1,995
7290003996070,false,נענע חסלט שקית,יעל ירק עלים,IL,נענע מהדרין,Unknown,0.00,יחידה,false,,6.90,0.0000,true,1,996
7290003996087,false,בצל ירוק חסלט (שקית),יעל ירק עלים,IL,בצל ירוק גלאט,Unknown,0.00,יחידה,false,,7.90,0.0000,true,1,997
7290003996094,false,סלרי חסלט אפרתי,יעל ירק עלים,IL,סלרי מהדרין,Unknown,0.00,יחידה,false,,7.90,0.0000,true,1,2342
7290003996186,false,בזילקום למהדרין,יעל ירק עלים,IL,בזיליקום חסלט,Unknown,0.00,יחידה,false,,6.90,0.0000,true,1,999
7290003996506,false,כרוב לבן קצוץ חסלט 400ג',יעל ירק עלים,IL,כרוב לבן 400 גרם,גרמים,400.00,100 גרם,false,,11.90,0.0298,true,1,1002
7290003996513,false,כרוב אדום 400 גרם אפרתי,יעל ירק עלים,IL,כרוב אדום 400 גרם,גרמים,400.00,100 גרם,false,,11.90,0.0298,true,1,1003
7290003996537,false,שביבי גזר 400 גרם אפרתי,יעל ירק עלים,IL,שבבי גזר 400 גרם,גרמים,410.00,100 גרם,false,,11.90,0.0290,true,1,15777
7290003996544,false,חסה אייסברג חתוכה 300 גרם,יעל ירק עלים,IL,חסה קצוצה 300 גרם,גרמים,310.00,100 גרם,false,,12.90,0.0416,true,1,1004
7290003996551,false,סלט קולסלאו 400 גרם אפרתי,יעל ירק עלים,IL,סלט קולסלאו 400 גרם,גרמים,400.00,100 גרם,false,,11.90,0.0298,true,1,1005
7290003996605,false,לקט ירקות ים תיכוני 350 גרם,יעל ירק עלים,IL,לקט ים תיכוני 350 גר,גרמים,350.00,100 גרם,false,,12.90,0.0369,true,1,1006
7290003996742,false,עלי תרד במגשית אפרתי חסלט,יעל ירק עלים,IL,עלי תרד שטופים 200 ג,גרמים,300.00,100 גרם,false,,13.90,0.0463,true,1,24044
7290003996971,false,"חסלט כרוב לבן קצוץ 1 ק""ג-אפרתי",יעל ירק עלים,IL,"כרוב לבן קצוץ 1 ק""ג",פריט,1.00,"ק""ג",false,,19.90,19.9000,true,1,1008
7290003996995,false,"סלט קולסלאו 1 ק""ג",יעל ירק עלים,IL,"סלט קולסלאו 1 ק""ג",פריט,1.00,"ק""ג",false,,19.90,19.9000,true,1,1010
7290004011284,false,ריצ בסיס להכנת קצפת 25% 212מל,ריצ' פרודקטס קורפריי,IL,בסיס להכנת קצפת 25%,מיליליטרים,212.00,"100 מ""ל",false,,6.90,0.0325,true,1,3886
7290004011345,false,"קצפת ריצ` פרווה במיכל 250 מ""ל",האי נאם סי או אל.טי.,IT,תרסיס קצפת צמחית ריץ,מיליליטרים,250.00,"100 מ""ל",false,,9.90,0.0396,true,1,5529
7290004030018,false,"פריניב מיץ לימון סחוט פרי לתיבול 500 מ""ל",הנסיך- מפעל לייצור ט,IL,מיץ לימון טבעי פריני,מיליליטרים,500.00,"100 מ""ל",false,,6.90,0.0138,true,1,4310
7290004030612,false,פרי ניב מיץ קיוי אגס ללא תוספת סוכר 1ל,פריניב בעמ,IL,מיץ תפוח קיווי ואגס,קילוגרמים,1.00,ליטר,false,,13.90,13.9000,true,1,10703
7290004030834,false,פריניב מיץ רימונים סחוט 1 ליטר,פריניב בעמ,IL,מיץ רימונים 100% פרי,קילוגרמים,1.00,ליטר,false,,19.90,19.9000,true,1,5144
7290004033705,false,הבורגריה – 6 לחמניות המבורגר בשקית,מאפית י את א ברמן בע,IL,לחמניות המבורגר הבור,גרמים,600.00,100 גרם,false,,12.90,0.0215,true,1,56997
7290004033712,false,לחם עננים מקמח מלא עם פרוסות עבות,מאפית י את א ברמן בע,IL,לחם עננים קמח חיטה מ,גרמים,750.00,100 גרם,false,,15.50,0.0207,true,1,56999
7290004033729,false,לחם עננים מקמח כוסמין עם פרוסות עבות,מאפית י את א ברמן בע,IL,לחם עננים מקמח כוסמי,גרמים,750.00,100 גרם,false,,15.50,0.0207,true,1,56998
7290004033736,false,"עננים לחם לבן בסגנון בריוש עם פרוסות עבות, 500 גרם",מאפית י את א ברמן בע,IL,לחם עננים לבן בסגנון,גרמים,500.00,100 גרם,false,,14.90,0.0298,true,1,60214
7290004033750,false,לחמניות עננים מתוקות,מאפית י את א ברמן בע,IL,לחמניות עננים מתוקות,גרמים,360.00,100 גרם,false,,13.90,0.0386,true,1,64613
7290004033811,false,לחם מיוחד ללא גלוטן 320 גר',מאפית י את א ברמן בע,IL,לחם פרוס מיוחד ללא ג,גרמים,320.00,100 גרם,false,,15.90,0.0497,true,1,56057
7290004048679,false,"קובה למרק שלושת האופים 1 ק""ג",שלושת האופים,IL,קובה למרק ש.האופים 1,פריט,1.00,"ק""ג",false,,17.90,17.9000,true,1,1021
7290004063016,false,מלח שולחן מעולה דק 1,האי נאם סי או אל.טי.,IL,"מלח שולחן 1 ק""ג בד""צ",פריט,1.00,"ק""ג",false,,1.70,1.7000,true,1,1022
7290004063115,false,"מלח מטבח עבה להמלחת בשר ובישול 1 ק""ג 1ק""ג",האי נאם סי או אל.טי.,IL,"מלח בישול 1 ק""ג בד""צ",פריט,1.00,"ק""ג",false,,1.70,1.7000,true,1,1023
7290004064174,false,"תבלין מלח ההימלאיה דק בצנצנת 1 ק""ג",מלח הארץ,IL,"מלח דק הימלאיה 1 ק""ג",פריט,1.00,"ק""ג",false,,14.90,14.9000,true,1,44101
7290004064181,false,"תבלין מלח ההימלאיה גס בצנצנת 1 ק""ג",חברת מלח הארץ אילת ב,IL,"מלח גס הימלאיה 1 ק""ג",פריט,1.00,"ק""ג",false,,14.90,14.9000,true,1,44102
7290004064280,false,מלח מופחת נתרן צנצנת 600 גרם,חברת מלח הארץ אילת ב,IL,מלח מופחת נתרן 600 ג,גרמים,600.00,100 גרם,false,,15.90,0.0265,true,1,45464
7290004064297,false,"מלח מועשר ביוד בצנצנת 1 ק""ג",מלח הארץ,IL,מלח ים מועשר ביוד 1,פריט,1.00,"ק""ג",false,,8.90,8.9000,true,1,45465
7290004064303,false,מלח אטלנטי צנצנת 800 גר',מולינו ניקולי s.p.a,IL,מלח ים אטלנטי 800 גר,גרמים,800.00,100 גרם,false,,17.90,0.0224,true,1,45466
7290004068172,false,"יוגורט עיזים בדלי 5% 600 מ""ל רובין",קוד יצרן MKN,IL,יוגורט עיזים ביו גד,גרמים,600.00,100 גרם,false,,16.90,0.0282,true,1,7922
7290004068196,false,מוצרלה מגורדת מיוחדת,מחלבות גד,IL,גבינה מוצרלה לפיצה 2,גרמים,500.00,100 גרם,false,,25.90,0.0518,true,1,20716
7290004068332,false,גבינת קממבר בקר משול,מחלבות גד,IL,גבינה קממבר גד במשקל,קילוגרמים,1.00,"ק""ג",true,,99.00,99.0000,true,1,10552
7290004078942,false,ליידי ספיד סטיק - דאודורנט ג'ל לאישה 65 גרם,קולגייט פלמוליב,US,דאו גל ליידי ספיד סט,גרמים,65.00,100 גרם,false,,18.90,0.2908,true,1,19587
7290004091217,false,"גודרס להברקת כלי כסף 125מ""ל",אס סי גונסון פורטוגל,PT,מבריק גודרס לכלי כסף,גרמים,125.00,100 גרם,false,,14.90,0.1192,true,1,1026
7290004091255,false,"ואזלין פטרוליום ג'ל 225מ""ל","יוניליוור ארה""ב, ג'ו",IL,וזלין פטרולאום גלי 2,גרמים,212.00,100 גרם,false,,16.90,0.0797,true,1,1027
7290004093006,false,עוף שלם טרי עוף הכפר,,,עוף שלם טרי עוף הכפר,קילוגרמים,1.00,"ק""ג",true,,17.90,17.9000,true,1,24152
7290004093013,false,כרעיים עוף טרי עוף ה,,,כרעיים עוף טרי עוף ה,קילוגרמים,1.00,"ק""ג",true,,23.90,23.9000,true,1,24153
7290004093020,false,חזה עוף טרי עוף הכפר,,,חזה עוף טרי עוף הכפר,קילוגרמים,1.00,"ק""ג",true,,27.90,27.9000,true,1,24155
7290004093037,false,כנפיים עוף הכפר טרי ארוז,,,כנפיים עוף טרי עוף ה,קילוגרמים,1.00,"ק""ג",true,,12.90,12.9000,true,1,24156
7290004093044,false,שוקיים עוף טרי עוף ה,,,שוקיים עוף טרי עוף ה,קילוגרמים,1.00,"ק""ג",true,,29.90,29.9000,true,1,24157
7290004093051,false,ירכיים עוף טרי עוף ה,,,ירכיים עוף טרי עוף ה,קילוגרמים,1.00,"ק""ג",true,,23.90,23.9000,true,1,24154
7290004093068,false,שניצל עוף טרי עוף הכ,,,שניצל עוף טרי עוף הכ,קילוגרמים,1.00,"ק""ג",true,,31.90,31.9000,true,1,24158
7290004093082,false,כבד עוף טרי עוף הכפר,,,כבד עוף טרי עוף הכפר,קילוגרמים,1.00,"ק""ג",true,,19.90,19.9000,true,1,24160
7290004093112,false,כרעיים עוף קפוא עוף,,,כרעיים עוף קפוא עוף,קילוגרמים,1.00,"ק""ג",true,,23.90,23.9000,true,1,25923
7290004093129,false,חזה עוף קפוא עוף הכפ,,,חזה עוף קפוא עוף הכפ,קילוגרמים,1.00,"ק""ג",true,,25.90,25.9000,true,1,25924
7290004093136,false,כנפיים עוף קפוא עוף,,,כנפיים עוף קפוא עוף,קילוגרמים,1.00,"ק""ג",true,,7.90,7.9000,true,1,25925
7290004093150,false,ירכיים עוף קפוא עוף,,,ירכיים עוף קפוא עוף,קילוגרמים,1.00,"ק""ג",true,,23.90,23.9000,true,1,25927
7290004093167,false,שניצל עוף קפוא עוף ה,,,שניצל עוף קפוא עוף ה,קילוגרמים,1.00,"ק""ג",true,,27.90,27.9000,true,1,25928
7290004093181,false,סטייק פרגית עוף קפוא,,,סטייק פרגית עוף קפוא,קילוגרמים,1.00,"ק""ג",true,,52.90,52.9000,true,1,25930
7290004093198,false,סטייק פרגית עוף טרי,,,סטייק פרגית עוף טרי,קילוגרמים,1.00,"ק""ג",true,,49.90,49.9000,true,1,24221
7290004093501,false,פילה עוף טרי דליקטס,,,פילה עוף טרי דליקטס,קילוגרמים,1.00,"ק""ג",true,,36.90,36.9000,true,1,45036
7290004119133,false,כד יוגורט תנובה 6.5% שומן 1.5 ליטר,מיוצר עי קונדיטוריית,IL,משקה יוגורט 6.5% תנו,קילוגרמים,1.50,ליטר,false,,15.90,10.6000,true,1,16217
7290004119225,false,יוגורט אננס 3% שומן 150 ג' יופלה,תנובה מרכז שיתופי לש,IL,"יופלה אננס 3% 150 מ""",מיליליטרים,150.00,"100 מ""ל",false,,4.70,0.0313,true,1,37391
7290004119973,false,מעדן שוקו 1.5% שומן 125 ג' קרלו,תנובה מרכז שיתופי לש,IL,קרלו שוקולדה 125 גרם,מיליליטרים,125.00,"100 מ""ל",false,,2.80,0.0224,true,1,1030
7290004120061,false,קרלו שוקולד וניל 125,תנובה מרכז שיתופי לש,IL,קרלו שוקולד וניל 125,מיליליטרים,125.00,"100 מ""ל",false,,2.90,0.0232,true,1,1031
7290004120108,false,יופלה דיאט יוגורט דובדבן %0 גביע 150ג',תנובה מרכז שיתופי לש,IL,יופלה דיאט 0% דובדבן,גרמים,150.00,100 גרם,false,,4.70,0.0313,true,1,37392
7290004120573,false,גבינה בולגרית %16 250 ג' פיראוס,תנובה מרכז שיתופי לש,IL,גבינה בולגרית 16% פי,גרמים,250.00,100 גרם,false,,17.50,0.0700,true,1,1033
7290004120634,false,גבינה בולגרית %5 250 ג' פיראוס,תנובה מרכז שיתופי לש,IL,גבינה בולגרית 5% פיר,גרמים,250.00,100 גרם,false,,17.50,0.0700,true,1,1034
7290004121525,false,יופלה מאגדת פרי 4 תות 4 אפרסק 3% 8 יח'*150 ג',תנובה מרכז שיתופי לש,IL,מארז יופלה אפרסק/תות,קילוגרמים,1.20,ליטר,false,,27.90,23.2500,true,1,37394
7290004121839,false,גבינת פטה כבשים 20% 250 ג' פיראוס,תנובה מרכז שיתופי לש,IL,גבינת פטה כבשים 20%,גרמים,250.00,100 גרם,false,,24.90,0.0996,true,1,1036
7290004121853,false,גבינה בולגרית בקוביות %5 200 ג' פיראוס,תנובה מרכז שיתופי לש,IL,גבינה בולגרית קוביות,גרמים,200.00,100 גרם,false,,19.90,0.0995,true,1,1037
7290004122348,false,עמק לייט 9% פרוס בקופסא,תנובה מרכז שיתופי לש,IL,גבינה עמק 9% 200 גרם,גרמים,200.00,100 גרם,false,,16.90,0.0845,true,1,28364
7290004122676,false,גבינת חמד לייט 5% פיראוס 250 ג',"תנובה,מחלבת טנא נוגה",IL,גבינת חמד לייט 5% פי,גרמים,250.00,100 גרם,false,,17.50,0.0700,true,1,3140
7290004122683,false,חטיף גבינת אצבעות 28% 172 ג' עמק,תנובה מרכז שיתופי לש,IL,אצבעות גבינת עמק 172,גרמים,172.00,100 גרם,false,,15.90,0.0924,true,1,1039
7290004124205,false,יוגורט דיאט תות %0 שומן 150 ג' יופלה,תנובה מרכז שיתופי לש,IL,יופלה דיאט 0% תות 15,גרמים,150.00,100 גרם,false,,4.70,0.0313,true,1,37396
7290004124847,false,"קצפת צמחית השף הלבן 500 מ""ל תנובה",תנובה מרכז שיתופי לש,IL,קצפת צמחית השף הלבן,מיליליטרים,500.00,"100 מ""ל",false,,15.90,0.0318,true,1,1043
7290004125370,false,שמנת חמוצה מופחתת שומן 9%,תנובה מרכז שיתופי לש,IL,שמנת חמוצה 9% תנובה,מיליליטרים,200.00,"100 מ""ל",false,,3.60,0.0180,true,1,1044
7290004125400,false,"שלי אשל 4.5% תנובה 200מ""ל מהדרין",פארייפאבה אגרואינדוס,IL,"אשל תנובה 200 מ""ל",מיליליטרים,200.00,"100 מ""ל",false,,1.65,0.0082,true,1,1045
7290004125417,false,"שלי גיל 3% תנובה 200מ""ל מהדרין",תנובה מרכז שיתופי לש,IL,"גיל תנובה 200 מ""ל",מיליליטרים,206.00,"100 מ""ל",false,,1.50,0.0073,true,1,1046
7290004125455,false,**תנובה שמנת אורגינל מהדרין 15% 200מל,תנובה מרכז שיתופי לש,IL,שמנת חמוצה 15% תנובה,מיליליטרים,200.00,"100 מ""ל",false,,2.40,0.0120,true,1,1047
7290004125462,false,"שמנת אורגינל 15% מהדרין 500 מ""ל",תנובה מרכז שיתופי לש,IL,שמנת חמוצה 15% תנובה,מיליליטרים,500.00,"100 מ""ל",false,,5.90,0.0118,true,1,1048
7290004125509,false,"שמנת 15% חצי מנה 100 מ""ל תנובה",תנובה מרכז שיתופי לש,IL,שמנת חמוצה 15% תנובה,גרמים,100.00,100 גרם,false,,1.60,0.0160,true,1,1049
7290004125578,false,משקה סויה מעושר בסידן תנובה 1ל',תנובה מרכז שיתופי לש,IL,משקה סויה אלטרנטיב 1,קילוגרמים,1.00,ליטר,false,,9.90,9.9000,true,1,1050
7290004125585,false,משקה סויה וניל תנובה E אלטרנטיב,תנובה מרכז שיתופי לש,IL,משקה סויה וניל אלטרנ,קילוגרמים,1.00,ליטר,false,,9.90,9.9000,true,1,1051
7290004125721,false,"שמנת לבישול 15% שומן 250 מ""ל תנובה",תנובה מרכז שיתופי לש,IL,שמנת לבישול 15% השף,מיליליטרים,250.00,"100 מ""ל",false,,7.90,0.0316,true,1,1052
7290004125738,false,שמנת מתוקה עמידה להקצפה 32% השף הלבן,תנובה מרכז שיתופי לש,IL,שמנת להקצפה 32% השף,מיליליטרים,250.00,"100 מ""ל",false,,5.90,0.0236,true,1,1053
7290004126674,false,פרוסות גבינה חצי קשה 9% שומן 200 ג' עמק,תנובה מרכז שיתופי לש,IL,גבינה עמק בסגנון אמנ,גרמים,200.00,100 גרם,false,,17.90,0.0895,true,1,1054
7290004127077,false,קוטג' 3% שומן 250 ג' תנובה,מיוצר עי קונדיטוריית,IL,קוטג 3% תנובה 250 גר,גרמים,250.00,100 גרם,false,,5.50,0.0220,true,1,1056
7290004127329,false,קוטג' 5% תנובה 250ג' מהדרין,מיוצר עי קונדיטוריית,IL,קוטג 5% תנובה 250 גר,גרמים,250.00,100 גרם,false,,5.50,0.0220,true,1,1057
7290004127336,false,קוטג' 9% תנובה 250 ג' הדרין,מיוצר עי קונדיטוריית,IL,קוטג 9% תנובה 250 גר,גרמים,250.00,100 גרם,false,,5.50,0.0220,true,1,1058
7290004127800,false,גבינה לבנה 5% שומן 500 ג' תנובה,מיוצר עי קונדיטוריית,IL,גבינה 5% תנובה 500 ג,גרמים,500.00,100 גרם,false,,9.70,0.0194,true,1,1061
7290004127817,false,גבינה לבנה 9% שומן 500 ג' תנובה,מיוצר עי קונדיטוריית,IL,גבינה 9% תנובה 500 ג,גרמים,500.00,100 גרם,false,,9.70,0.0194,true,1,1062
7290004127862,false,**תנובה גבינה למריחה מהדרין 5% 750ג,תנובה מרכז שיתופי לש,IL,גבינה 5% תנובה 750 ג,גרמים,750.00,100 גרם,false,,14.50,0.0193,true,1,1063
7290004127916,false,גבינה לבנה 0.5% שומן 500 ג' תנובה,תנובה מרכז שיתופי לש,IL,גבינה 1/2% תנובה 500,גרמים,500.00,100 גרם,false,,9.70,0.0194,true,1,1064
7290004129101,false,גבינת שמנת 25% בטעם טבעי 225 ג' נפוליאון,תנובה מרכז שיתופי לש,IL,גבינת שמנת טבעי 25%,גרמים,225.00,100 גרם,false,,12.50,0.0556,true,1,1065
7290004129156,false,גבינת שמנת25% עם שום שמיר 225 ג' נפוליאון,תנובה מרכז שיתופי לש,IL,גבינת שמנת שום שמיר,גרמים,225.00,100 גרם,false,,12.50,0.0556,true,1,1067
7290004130794,false,משקה סויה טבעי במתיקות מופחתת 1 ליטר,תנובה מרכז שיתופי לש,IL,משקה סויה במתיקות מו,קילוגרמים,1.00,ליטר,false,,9.90,9.9000,true,1,1068
7290004130916,false,יוגורט 3% פירות יער בשמנת 150 ג' יופלה,תנובה מרכז שיתופי לש,IL,יופלה פירות יער 3% 1,מיליליטרים,150.00,"100 מ""ל",false,,4.70,0.0313,true,1,37438
7290004131074,false,**חלב תנובה טרי מהדרין קרטון 3% 1ל,תנובה מרכז שיתופי לש,IL,חלב 3% תנובה 1 ליטר,קילוגרמים,1.00,ליטר,false,,6.20,6.2000,true,1,1070
7290004131814,false,גבינה צפתית 5% מעודנת 200 ג' פיראוס,פארייפאבה אגרואינדוס,IL,גבינה צפתית מעודנת 5,גרמים,200.00,100 גרם,false,,13.90,0.0695,true,1,1074
7290004131845,false,גבינת לאבנה 9% שומן 750 ג' פיראוס,תנובה מרכז שיתופי לש,IL,לאבנה 9% פיראוס 750,גרמים,750.00,100 גרם,false,,20.90,0.0279,true,1,6012
7290004132552,false,משקה סויה לייט בטעם טבעי טרי 1 ליטר,תנובה מרכז שיתופי לש,IL,משקה סויה לייט אלטרנ,קילוגרמים,1.00,ליטר,false,,9.90,9.9000,true,1,1078
7290004132712,false,חטיף אצבעות גבינת מוצרלה 20% 172 ג' עמק,תנובה מרכז שיתופי לש,IL,אצבעות גבינת מוצרלה,גרמים,172.00,100 גרם,false,,15.90,0.0924,true,1,1080
7290004132903,false,**תנובה גבינה לבנה בדץ 3% 250ג,תנובה מרכז שיתופי לש,IL,גבינה 3% תנובה 250 ג,גרמים,250.00,100 גרם,false,,4.90,0.0196,true,1,1081
7290004134945,false,יוגורט מוקה 3% שומן 150 ג' יופלה,תנובה מרכז שיתופי לש,IL,יופלה מוקה 3% גביע 1,מיליליטרים,150.00,"100 מ""ל",false,,4.70,0.0313,true,1,37437
7290004135072,false,"מאגדת קרלו מיני 8*100 גרם שוקולד בד""צ",תנובה מרכז שיתופי לש,IL,מארז קרלו מיני שוקול,מיליליטרים,800.00,"100 מ""ל",false,,12.90,0.0161,true,1,1086
7290004135119,false,"מאגדת קרלו מיני 8*100 גרם וניל בד""צ",תנובה מרכז שיתופי לש,IL,מארז קרלו מיני וניל,מיליליטרים,800.00,"100 מ""ל",false,,12.90,0.0161,true,1,1087
7290004136598,false,מארז הפסקת אוכל עם קורנפלקס ומשקה חלב עמיד בטעם וניל,פארייפאבה אגרואינדוס,IL,מארז הפסקת אוכל חלב,מיליליטרים,150.00,"100 מ""ל",false,,8.90,0.0593,true,1,2781
7290004136857,false,מעדן גלי בטעם פטל 12,תנובה מרכז שיתופי לש,IL,גלי פטל תנובה 125 גר,מיליליטרים,125.00,"100 מ""ל",false,,2.30,0.0184,true,1,1091
7290004136871,false,ג'לי תנובה אפרסק עם חתיכות אפרסק 125מל,תנובה מרכז שיתופי לש,IL,גלי אפרסק תנובה 125,מיליליטרים,125.00,"100 מ""ל",false,,2.50,0.0200,true,1,1093
7290004137021,false,"שמנת לבישול 10% עמיד השף הלבן 250 מ""ל",תנובה מרכז שיתופי לש,IL,שמנת לבישול 10% השף,מיליליטרים,250.00,"100 מ""ל",false,,7.90,0.0316,true,1,16485
7290004150112,false,חומוס מזרחי 300 גרם פיקנטי פרימיום,סלטי שמיר 2006 בעמ,,חומוס מזרחי פיקנטי 3,גרמים,300.00,100 גרם,false,,11.90,0.0397,true,1,63440
7290004150181,false,חמוצים סיני 300 גרם פיקנטי פרימיום,סלטי שמיר 2006 בעמ,,חמוצים סיני פיקנטי,גרמים,300.00,100 גרם,false,,11.90,0.0397,true,1,63441
7290004193850,false,סטייק פרגית עוף טרי,,,סטייק פרגית עוף טרי,קילוגרמים,1.00,"ק""ג",true,,69.90,69.9000,true,1,27816
7290004193980,false,פרגיות עוף קפוא דליק,,,פרגיות עוף קפוא דליק,קילוגרמים,1.00,"ק""ג",true,,64.90,64.9000,true,1,19245
7290004220037,false,סטייק אנטריקוט 800 ג עטרה,,,סטייק אנטריקוט עטרה,גרמים,800.00,100 גרם,false,,49.90,0.0624,true,1,8347
7290004220044,false,קציצות ביתיות עטרה 4,,,קציצות ביתיות עטרה 4,גרמים,400.00,100 גרם,false,,14.90,0.0373,true,1,9134
7290004220105,false,שניצלוני עוף 600 עטרה,,,שניצלוני עוף עטרה 60,גרמים,600.00,100 גרם,false,,24.90,0.0415,true,1,45462
7290004220136,false,כבד עוף טרי דליקטסו,,,כבד עוף טרי דליקטסו,קילוגרמים,1.00,"ק""ג",true,,27.90,27.9000,true,1,11036
7290004220266,false,כרעיים עוף טרי דליקט,,,כרעיים עוף טרי דליקט,קילוגרמים,1.00,"ק""ג",true,,31.90,31.9000,true,1,11028
7290004220273,false,חזה עוף טרי דליקטסו,,,חזה עוף טרי דליקטסו,קילוגרמים,1.00,"ק""ג",true,,35.90,35.9000,true,1,11029
7290004220280,false,כנפיים עוף טרי דליקט,,,כנפיים עוף טרי דליקט,קילוגרמים,1.00,"ק""ג",true,,13.90,13.9000,true,1,11030
7290004220297,false,שוקיים עוף טרי דליקט,,,שוקיים עוף טרי דליקט,קילוגרמים,1.00,"ק""ג",true,,33.90,33.9000,true,1,11031
7290004220310,false,ירכיים עוף טרי דליקט,,,ירכיים עוף טרי דליקט,קילוגרמים,1.00,"ק""ג",true,,30.90,30.9000,true,1,11032
7290004220761,false,קבב כבש ביתי עטרה 50,,,קבב כבש ביתי עטרה 50,גרמים,500.00,100 גרם,false,,14.90,0.0298,true,1,9133
7290004226619,false,שישליק הודו טרי ארוז,,,שישליק הודו טרי ארוז,קילוגרמים,1.00,"ק""ג",true,,34.90,34.9000,true,1,41903
7290004230944,false,מקלות פילו גבינה 600 גר' שלושת האופים לנדא,שלושת האופים,IL,מקלות בורקס פילו גבי,גרמים,700.00,100 גרם,false,,16.90,0.0241,true,1,11333
7290004234218,false,ברווז טרי כשר,,,ברווז טרי,קילוגרמים,1.00,"ק""ג",true,,48.90,48.9000,true,1,63464
7290004252182,false,ופלים מצופים סוויט 6,עדין,TR,ופלים מצופים סוויט 6,פריט,1.08,"ק""ג",false,,19.90,18.4259,true,1,54643
7290004252281,false,בייגלה מצופה שוקולד לבן 200 גרם,טחנת האבן תעשיות,IL,בייגלה מצופה שוקולד,גרמים,120.00,100 גרם,false,,3.90,0.0325,true,1,63424
7290004252359,false,שוקולד מריר אגוזי לוז וקוקוס 120 גרם,טחנת האבן תעשיות,IL,אשכולות אגוזי לוז וק,גרמים,120.00,100 גרם,false,,3.90,0.0325,true,1,63426
7290004256883,false,פילה סלמון טרי פרימי,,,פילה סלמון טרי פרימי,קילוגרמים,1.00,"ק""ג",true,,99.90,99.9000,true,1,45002
7290004257101,false,עטרה אנטריקוט דקדק 250 ג,עטרה,IL,אנטריקוט דקדק עטרה 2,גרמים,250.00,100 גרם,false,,29.90,0.1196,true,1,42004
7290004257118,false,מילנסה דקדק 250ג' עטרה,,,מילנסה דק דק עטרה 25,גרמים,250.00,100 גרם,false,,29.90,0.1196,true,1,42440
7290004257125,false,סינטה דק דק 250 גר' עטרה,,,סינטה דק דק עטרה 250,גרמים,250.00,100 גרם,false,,29.90,0.1196,true,1,48522
7290004257477,false,חזה עוף טחון 100% עט,,,חזה עוף טחון 100% עט,פריט,1.00,"ק""ג",false,,34.90,34.9000,true,1,47577
7290004257484,false,טחון הודו 100% עטרה,,,טחון הודו 100% עטרה,פריט,1.00,"ק""ג",false,,34.90,34.9000,true,1,47578
7290004257491,false,טחון בקר 100% עטרה 1,,,טחון בקר 100% עטרה 1,פריט,1.00,"ק""ג",false,,39.90,39.9000,true,1,47579
7290004263027,false,קבב מזרחי עטרה 500ג',עטרה,IL,קבב מזרחי עטרה 500 ג,גרמים,500.00,100 גרם,false,,18.90,0.0378,true,1,1111
7290004263034,false,בורגר חלק קפוא למהדרין עטרה 500 גרם,עטרה,IL,המבורגר עטרה 500 גרם,גרמים,500.00,100 גרם,false,,18.90,0.0378,true,1,1112
7290004263041,false,גולש עגל עטרה קפוא,עטרה,IL,גולש עגל עטרה,קילוגרמים,1.00,"ק""ג",true,,44.90,44.9000,true,1,1113
7290004263096,false,צלי כתף מעובד קפוא ע,עטרה,IL,צלי כתף מעובד קפוא ע,קילוגרמים,1.00,"ק""ג",true,,49.90,49.9000,true,1,1115
7290004263201,false,צלעות כבש קפוא עטרה,עטרה,IL,צלעות כבש קפוא עטרה,קילוגרמים,1.00,"ק""ג",true,,169.90,169.9000,true,1,1121
7290004263393,false,קישקע ירושלמי קפוא ארוז עטרה 500 ג',עטרה,IL,קישקע ירושלמי עטרה 5,גרמים,500.00,100 גרם,false,,12.90,0.0258,true,1,1122
7290004263485,false,בשר מספר 2 צלעות כשרות עטרה,עטרה,IL,בשר מס 2 צלעות קפוא,קילוגרמים,1.00,"ק""ג",true,,39.90,39.9000,true,1,1125
7290004263515,false,מעורב ירושלמי קפוא עטרה 800 גר',,,מעורב ירושלמי קפוא ע,גרמים,800.00,100 גרם,false,,19.90,0.0249,true,1,1126
7290004263553,false,חזה בשר מס3 עטרה קפו,עטרה,IL,בשר מס 3 חזה בקר צרכ,קילוגרמים,1.00,"ק""ג",true,,29.90,29.9000,true,1,1127
7290004263621,false,בשר מס 4 כתף מרכזי צ,עטרה,IL,בשר מס 4 כתף מרכזי צ,קילוגרמים,1.00,"ק""ג",true,,54.90,54.9000,true,1,1129
7290004263652,false,נקניקיות עוף עטרה 400 גרם,עטרה,IL,נקניקיות עוף קפוא עט,גרמים,400.00,100 גרם,false,,9.90,0.0248,true,1,1130
7290004263676,false,טחון הודו 500גר עטרה,עטרה,IL,הודו טחון עטרה 500 ג,גרמים,500.00,100 גרם,false,,11.90,0.0238,true,1,1131
7290004263799,false,צלי כתף בשר מס 5 עטר,עטרה,IL,בשר מס 5 צלי כתף קפו,קילוגרמים,1.00,"ק""ג",true,,89.90,89.9000,true,1,1133
7290004263867,false,בשר מס 6 פילה מדומה עטרה,עטרה,IL,בשר מס 6 פילה מדומה,קילוגרמים,1.00,"ק""ג",true,,39.90,39.9000,true,1,1134
7290004263935,false,בשר בקר מכסה הצלע מספר 7 עטרה,עטרה,IL,בשר מס 7 מכסה הצלע ק,קילוגרמים,1.00,"ק""ג",true,,29.90,29.9000,true,1,1136
7290004367077,false,עוגיות מרוקאיות 800,,,בקלוואה 800 גרם,גרמים,800.00,100 גרם,false,,29.90,0.0374,true,1,6404
7290004436056,false,גולש לחמין 100% הקר,א. הקר,IL,גולש לחמין 100% הקר,קילוגרמים,1.00,"ק""ג",true,,74.90,74.9000,true,1,4180
7290004436063,false,עצמות מח קפוא הקר,א. הקר,IL,עצמות מח קפוא הקר,קילוגרמים,1.00,"ק""ג",true,,49.90,49.9000,true,1,47997
7290004436261,false,קישקע הקר 500 גרם,א. הקר,IL,קישקע הקר 500 גרם,גרמים,500.00,100 גרם,false,,16.90,0.0338,true,1,19834
7290004436742,false,בשר מס 9 אסאדו עם עצ,א. הקר,IL,בשר מס 9 אסאדו עם עצ,קילוגרמים,1.00,"ק""ג",true,,79.90,79.9000,true,1,31235
7290004460471,false,סוכר דמררה קוסטה ריק,ליכה אגריקולה,CR,סוכר דמררה קוסטה ריק,פריט,1.00,"ק""ג",false,,4.90,4.9000,true,1,54064
7290004460846,false,דגני בוקר קורנפלקס תירס קוליים 750 ג',אלטונאן טוריזם,TR,קורנפלקס עוז 750 גרם,גרמים,750.00,100 גרם,false,,7.90,0.0105,true,1,60032
7290004460877,false,סרדינים בשמן סויה 125 ג',,CN,סרדין בשמן סויה גולד,גרמים,125.00,100 גרם,false,,2.90,0.0232,true,1,59056
7290004460884,false,סרדינים בשמן עם פלפל צ'ילי 125 ג',,CN,סרדין בשמן עם פלפל צ,גרמים,125.00,100 גרם,false,,2.90,0.0232,true,1,59057
7290004480332,false,גבינה גאודה קשה מחלב,מחלבות גד,IL,גבינה גאודה משולשים,קילוגרמים,1.00,"ק""ג",true,,99.00,99.0000,true,1,60508
7290004537241,false,אפונת גינה שדה בשקית,בסט מייסטר,IL,אפונת גינה שדה בשקית,גרמים,800.00,100 גרם,false,,7.90,0.0099,true,1,62681
7290004544072,false,עוגיות טבעות עם שומש,מאפיית ישראל חיפה,IL,עוגיות טבעות עם שומש,גרמים,500.00,100 גרם,false,,10.90,0.0218,true,1,58326
7290004544096,false,עוגיות טבעות עם קוקו,מאפיית ישראל חיפה,IL,עוגיות טבעות עם קוקו,גרמים,500.00,100 גרם,false,,10.90,0.0218,true,1,58328
7290004544577,false,מאפים בסיס לפיצה ללא,מאפיית אריאל,IL,מאפים בסיס לפיצה ללא,גרמים,400.00,100 גרם,false,,21.90,0.0547,true,1,64619
7290004544669,false,מארז סופגניות במילוי,מאפיית ישראל חיפה,IL,מארז סופגניות במילוי,גרמים,660.00,100 גרם,false,,12.90,0.0195,true,1,64732
7290004551193,false,קמח מצה חמץ דרומה 40,דרומה י.א.ט בעמ,IL,קמח מצה חמץ דרומה 40,גרמים,400.00,100 גרם,false,,5.60,0.0140,true,1,1186
7290004551926,false,אבקת פלאפל דרומה 1 ק,דרומה י.א.ט בעמ,IL,אבקת פלאפל דרומה 1 ק,פריט,1.00,"ק""ג",false,,19.90,19.9000,true,1,1187
7290004575007,false,טילון וניל וופך ושברי אגוז ריאו מארז 70X5ג',"גלידות ריאו ביח""ר לג",IL,טילוני ריאו בטעמים 5,גרמים,350.00,100 גרם,false,,14.50,0.0414,true,1,1190
7290004575069,false,גלידה מיניס חטיפים וניל ציפוי שוקו' ופצפוצי נ.חיטה ריאו מארז 32יח',"גלידות ריאו ביח""ר לג",IL,חטיפי גלידה מיניס שו,גרמים,700.00,100 גרם,false,,29.90,0.0427,true,1,1192
7290004575335,false,ארטיק מגיק מיני וניל ציפוי שוקו' ופצפוצי נ.חיטה ריאו מארז 45X8ג'באריזה,"גלידות ריאו ביח""ר לג",IL,שלגוני מיני מגיק 8 י,גרמים,360.00,100 גרם,false,,14.90,0.0414,true,1,1197
7290004575373,false,שלגון מצופים וניל בציפוי שוקולד ריאו מארז 80X8 ג',"גלידות ריאו ביח""ר לג",IL,שלגוני ריאו מצופים ש,גרמים,480.00,100 גרם,false,,14.90,0.0310,true,1,1199
7290004575540,false,קרחון בודד בטעמים ריאו 90 גרם,"גלידות ריאו ביח""ר לג",IL,קרחון ריאו בטעמים,גרמים,82.00,100 גרם,false,,1.00,0.0122,true,1,8215
7290004575632,false,קרמבו ריאו בטעם וניל 16יח',"גלידות ריאו ביח""ר לג",IL,קרמבו בטעם וניל ריאו,גרמים,480.00,100 גרם,false,,19.90,0.0415,true,1,1204
7290004584351,false,גבינה במרקם שמנת 5% טבעי 200 ג' סימפוניה,"שטראוס בריאות בע""מ",IL,גבינת שמנת 5% סימפונ,גרמים,200.00,100 גרם,false,,9.70,0.0485,true,1,1205
7290004603175,false,מלח הארץ מלחייה גס 500 גרם,תעשיות מלח לישראל,IL,מלח גס הים האדום 500,גרמים,500.00,100 גרם,false,,7.90,0.0158,true,1,16268
7290004645069,false,הליבוט פרוס ל.עור רו,,,הליבוט פרוס ל.עור רו,קילוגרמים,1.00,"ק""ג",true,,79.90,79.9000,true,1,16878
7290004645106,false,מנות סלמון 100% רוזנ,,,מנות סלמון 100% רוזנ,קילוגרמים,1.00,"ק""ג",true,,89.90,89.9000,true,1,13253
7290004645137,false,פילה טונה אלבקור ללא,,,פילה טונה אלבקור ללא,קילוגרמים,1.00,"ק""ג",true,,59.90,59.9000,true,1,23900
7290004645175,false,פילה טונה פרוס רוזנר,,VN,פילה טונה פרוס רוזנר,קילוגרמים,1.00,"ק""ג",true,,49.90,49.9000,true,1,46743
7290004645267,false,מנות נסיכת הנילוס רו,,,מנות נסיכת הנילוס רו,קילוגרמים,1.00,"ק""ג",true,,49.90,49.9000,true,1,13250
7290004645274,false,פילה נסיכת הנילוס ע.,,,פילה נסיכת הנילוס ע.,קילוגרמים,1.00,"ק""ג",true,,44.90,44.9000,true,1,61384
7290004645328,false,"פילה סלמון נורבגי בד""ץ",,,פילה סלמון 100% רוז,קילוגרמים,1.00,"ק""ג",true,,89.90,89.9000,true,1,13252
7290004645434,false,מנות סלמון 100% ל.עו,,,מנות סלמון 100% ל.עו,קילוגרמים,1.00,"ק""ג",true,,99.90,99.9000,true,1,24068
7290004645441,false,מנות פילה סלמון ל.עו,,,מנות פילה סלמון ל.עו,קילוגרמים,1.00,"ק""ג",true,,39.90,39.9000,true,1,52703
7290004645748,false,פילה אמנון רוזנרס לל,,CN,פילה אמנון רוזנרס לל,קילוגרמים,1.00,"ק""ג",true,,39.90,39.9000,true,1,55963
7290004645854,false,פילה פורל ים רוזנרס,,,פילה פורל ים רוזנרס,קילוגרמים,1.00,"ק""ג",true,,74.90,74.9000,true,1,60802
7290004645885,false,פילה אמנון רוזנרס עם,,CN,פילה אמנון רוזנרס עם,קילוגרמים,1.00,"ק""ג",true,,39.90,39.9000,true,1,60805
7290004645915,false,מנות סלמון ל.עור רוז,,,מנות סלמון ל.עור רוז,קילוגרמים,1.00,"ק""ג",true,,99.90,99.9000,true,1,64327
7290004652517,false,פילה בורי טרי אושר פ,,,פילה בורי טרי אושר פ,גרמים,400.00,100 גרם,false,,49.90,0.1247,true,1,55465
7290004652524,false,פילה אמנון טרי אושר,,,פילה אמנון טרי אושר,גרמים,400.00,100 גרם,false,,39.90,0.0997,true,1,55466
7290004652531,false,פילה דניס טרי אושר פ,,,פילה דניס טרי אושר פ,גרמים,400.00,100 גרם,false,,59.90,0.1497,true,1,55467
7290004652555,false,פורל נקי טרי אושר פי,,,פורל נקי טרי אושר פי,גרמים,400.00,100 גרם,false,,39.90,0.0997,true,1,55470
7290004652579,false,פילה אדמונית טרי אוש,,,פילה אדמונית טרי אוש,גרמים,400.00,100 גרם,false,,39.90,0.0997,true,1,55468
7290004652593,false,אמנון שלם טרי אושר פ,,,אמנון שלם טרי אושר פ,גרמים,400.00,100 גרם,false,,19.90,0.0497,true,1,55472
7290004652609,false,קרפיון פרוס טרי אושר,,,קרפיון פרוס טרי אושר,גרמים,750.00,100 גרם,false,,39.90,0.0532,true,1,55473
7290004652616,false,דניס שלם טרי אושר פי,,,דניס שלם טרי אושר פי,גרמים,450.00,100 גרם,false,,39.90,0.0887,true,1,55474
7290004652623,false,פילה ברמונדי טרי אוש,,,פילה ברמונדי טרי אוש,גרמים,400.00,100 גרם,false,,59.90,0.1497,true,1,56928
7290004652852,false,טומהוק סטייק טרי עטר,,,טומהוק סטייק טרי עטר,קילוגרמים,1.00,"ק""ג",true,,129.90,129.9000,true,1,61776
7290004658953,false,יין פרייבט קולקשן סו,"כד בני דרום בע""מ",IL,יין פ.קולקשיין סובינ,מיליליטרים,750.00,"100 מ""ל",false,,31.90,0.0425,true,1,3175
7290004658960,false,יין פרייבט קולקשן אמ,אגודת הכורמים הקואופ,IL,יין פ. קולקשיין אמרל,מיליליטרים,750.00,"100 מ""ל",false,,31.90,0.0425,true,1,1213
7290004685010,false,לחם 100% שיפון פלוס לחם הארץ 500 גר',מאפית י את א ברמן בע,IL,לחם שיפון קל לחם האר,גרמים,500.00,100 גרם,false,,15.90,0.0318,true,1,6483
7290004685027,false,ברמן לחם הארץ מחיטה מלאה קל 500גר,מאפית י את א ברמן בע,IL,לחם חיטה מלאה קל לחם,גרמים,500.00,100 גרם,false,,15.90,0.0318,true,1,6484
7290004685089,false,לחם הארץ לחם חמניות 500 גר',מאפית י את א ברמן בע,IL,לחם חמניות לחם הארץ,גרמים,500.00,100 גרם,false,,15.90,0.0318,true,1,6485
7290004685126,false,לחם פומפרניקל לחם הארץ 750 גרם,מאפית י את א ברמן בע,IL,לחם 5 דגנים לחם הארץ,גרמים,750.00,100 גרם,false,,15.90,0.0212,true,1,1215
7290004685157,false,לחם שיפון 100% 750 גרם לחם הארץ,מאפית י את א ברמן בע,IL,לחם שיפון לחם הארץ 7,גרמים,750.00,100 גרם,false,,15.90,0.0212,true,1,1217
7290004685201,false,לחם הארץ אגוזים 500 גרם,מאפית י את א ברמן בע,IL,לחם שיפון אגוזים לחם,גרמים,500.00,100 גרם,false,,15.90,0.0318,true,1,1218
7290004685225,false,לחם פומפרניקל לחם הארץ 750 גרם,מאפית י את א ברמן בע,IL,לחם פומפרניקל לחם הא,גרמים,750.00,100 גרם,false,,15.90,0.0212,true,1,1219
7290004685430,false,לחם כוסמין לחם הארץ,מאפית י את א ברמן בע,IL,לחם כוסמין לחם הארץ,גרמים,500.00,100 גרם,false,,15.90,0.0318,true,1,25994
7290004685447,false,לחמניות כוסמין 6 יחי' 450 גר',מאפית י את א ברמן בע,IL,לחמניות כוסמין לחם ה,גרמים,450.00,100 גרם,false,,12.90,0.0287,true,1,47372
7290004685478,false,פיתות כוסמין 10יח 550 גר,מאפית י את א ברמן בע,IL,פיתות ברמן 100% כוסמ,גרמים,550.00,100 גרם,false,,15.90,0.0289,true,1,61833
7290004731076,false,אל סבון אלוורה כיף 1 ל',טרופיקל דגיל תעשיות,IL,אלסבון כיף אלוורה 1,קילוגרמים,1.00,ליטר,false,,9.90,9.9000,true,1,19182
7290004731090,false,אל סבון קמומיל כיף 1 ל',קוסמופארם,IL,אלסבון כיף קמומיל 1,קילוגרמים,1.00,ליטר,false,,9.90,9.9000,true,1,19184
7290004731472,false,"אל סבון צבעוני כיף שלישיה* 500 מ""ל",טרופיקל דגיל תעשיות,IL,אל סבון כיף מעורב 3*,קילוגרמים,1.50,ליטר,false,,16.90,11.2667,true,1,1222
7290004731557,false,"סנו מקסימה למייבש מאסק 750 מ""ל",סנו,IL,תרסיס מקסימה למייבש,מיליליטרים,750.00,"100 מ""ל",false,,16.90,0.0225,true,1,1224
7290004731564,false,"סנו - מקסימה מרסס למייבש כביסה פריחה כחולה 750 מ""ל",סנו,IL,תרסיס מקסימה למייבש,מיליליטרים,750.00,"100 מ""ל",false,,16.90,0.0225,true,1,29724
7290004731670,false,"סנו דואופרש פצ'ולי לבנדר 300 מ""ל","סנו מפעלי ברונוס בע""",IL,מטהר סנו דאופרש לבנד,מיליליטרים,300.00,"100 מ""ל",false,,10.70,0.0357,true,1,1226
7290004731687,false,"סנו דואופרש וניל 300 מ""ל",קריות זול,IL,מטהר סנו דאופרש וניל,מיליליטרים,300.00,"100 מ""ל",false,,10.70,0.0357,true,1,1227
7290004737719,false,אספרגוס שלם בצנצנת 330 ג' ולי פוד,קריות זול,CN,אספרגוס שלם ויליפוד,גרמים,330.00,100 גרם,false,,8.90,0.0270,true,1,1229
7290004758028,false,אנטריקוט פרימיום טרי,,,אנטריקוט פרימיום טרי,קילוגרמים,1.00,"ק""ג",true,,159.90,159.9000,true,1,44897
7290004758172,false,בריסקט טרי עטרה,,,בריסקט טרי עטרה,קילוגרמים,1.00,"ק""ג",true,,69.90,69.9000,true,1,48848
7290004944032,false,חומוס שמיר אסלי 400 גר,סלטי שמיר 2006 בעמ,IL,חומוס אסלי 400 גרם,גרמים,400.00,100 גרם,false,,10.90,0.0273,true,1,3677
7290004944049,false,טחינה אסלי שמיר 400 ג',סלטי שמיר 2006 בעמ,IL,טחינה אסלי 400 גרם,גרמים,400.00,100 גרם,false,,10.90,0.0273,true,1,3680
7290004944056,false,חציל במיונז אסלי שמיר 400 ג',סלטי שמיר 2006 בעמ,IL,חציל במיונז אסלי 400,גרמים,400.00,100 גרם,false,,10.90,0.0273,true,1,3678
7290004944063,false,סלט תורכי אסלי שמיר 400 ג',סלטי שמיר 2006 בעמ,IL,סלט טורקי אסלי 400 ג,גרמים,400.00,100 גרם,false,,10.90,0.0273,true,1,3681
7290005008481,false,ספיד סטיק - דאודורנט ג'ל לגבר ספורט 85 גרם,הנסיך- מפעל לייצור ט,BY,דאו גל ספיד סטיק ספו,Unknown,0.00,יחידה,false,,18.90,0.0000,true,1,7908
7290005011405,false,עמבה עם פרי 500 גרם,תבליני שמש בעמ,IL,עמבה עם פרי 500 גרם,גרמים,500.00,100 גרם,false,,8.90,0.0178,true,1,1294
7290005017483,false,שיפודי פרגית מתובל ק,נתח אדום,IL,שיפודי פרגית מתובל ק,גרמים,600.00,100 גרם,false,,49.90,0.0832,true,1,52630
7290005017780,false,קאט דנוור סטיק נתח א,נתח אדום,IL,קאט דנוור סטיק נתח א,גרמים,600.00,100 גרם,false,,59.90,0.0998,true,1,63639
7290005017889,false,קציצות ריב אנטריקוט,נתח אדום,IL,קציצות ריב אנטריקוט,גרמים,600.00,100 גרם,false,,29.90,0.0498,true,1,52633
7290005017902,false,נקניקיות מרגז פרימיו,נתח אדום,IL,נקניקיות מרגז פרימיו,גרמים,600.00,100 גרם,false,,29.90,0.0498,true,1,52634
7290005017919,false,המבורגר אנטריקוט XL,נתח אדום,IL,המבורגר אנטריקוט XL,גרמים,600.00,100 גרם,false,,29.90,0.0498,true,1,52635
7290005017926,false,המבורגר טלה XL פרימ,נתח אדום,IL,המבורגר טלה XL פרימ,גרמים,600.00,100 גרם,false,,29.90,0.0498,true,1,52636
7290005017933,false,טחול ממולא נתח אדום,נתח אדום,IL,טחול ממולא נתח אדום,גרמים,400.00,100 גרם,false,,39.90,0.0997,true,1,52629
7290005017940,false,נקניקיות מרגז כבד פר,נתח אדום,IL,נקניקיות מרגז כבד פר,גרמים,600.00,100 גרם,false,,29.90,0.0498,true,1,52637
7290005017957,false,קבב בקר פרימיום בית,נתח אדום,IL,קבב בקר פרימיום בית,גרמים,600.00,100 גרם,false,,29.90,0.0498,true,1,52638
7290005017964,false,קבב טלה פרימיום בית,נתח אדום,IL,קבב טלה פרימיום בית,גרמים,600.00,100 גרם,false,,29.90,0.0498,true,1,52642
7290005017971,false,קבב עיראקי פרימיום ב,נתח אדום,IL,קבב עיראקי פרימיום ב,גרמים,600.00,100 גרם,false,,29.90,0.0498,true,1,52639
7290005017988,false,נקניקיות צ'וריסוס פר,נתח אדום,IL,נקניקיות צ'וריסוס פר,גרמים,600.00,100 גרם,false,,29.90,0.0498,true,1,52640
7290005017995,false,שיפודי פרגית קפוא נת,נתח אדום,IL,שיפודי פרגית קפוא נת,גרמים,600.00,100 גרם,false,,49.90,0.0832,true,1,52632
7290005095443,false,נר נשמה בכוס 48 שעות,,,נר נשמה בכוס 48 שעות,Unknown,0.00,יחידה,false,,3.90,0.0000,true,1,63884
7290005168284,false,יין מתוק גן עדן 750,יקבי ציון,IL,יין גן עדן עתיק,מיליליטרים,750.00,"100 מ""ל",false,,19.90,0.0265,true,1,1305
7290005168420,false,מיץ ענבים אדום בית ס,יקבי ציון,IL,מיץ ענבים אדום בית ס,קילוגרמים,1.00,ליטר,false,,16.90,16.9000,true,1,34154
7290005168475,false,"מיץ ענבים אדום 100% ""מובחר"" 1 ליטר",יקבי ציון,IL,מיץ ענבים תירוש אדום,קילוגרמים,1.00,ליטר,false,,16.90,16.9000,true,1,50899
7290005174513,false,חציל במיונז 500 ג' אחלה,מיוצר עי קונדיטוריית,IL,חציל במיונז אחלה 500,גרמים,500.00,100 גרם,false,,14.90,0.0298,true,1,2814
7290005200786,false,תפוצ'יפס שמנת ובצל 50 גרם,"שטראוס פריטו ליי בע""",IL,תפוציפס שמנת בצל 50,גרמים,50.00,100 גרם,false,,3.50,0.0700,true,1,18751
7290005287510,false,טונה בשמן עם בפלפל חריף 160 ג' סטארקיסט,תאי יוניון גרופ,TH,טונה בשמן פלפל חריף,גרמים,160.00,100 גרם,false,,6.90,0.0431,true,1,8379
7290005287527,false,טונה בשמן עם לימון 160 ג' סטארקיסט,תאי יוניון גרופ,TH,טונה בשמן לימון ס.ק,גרמים,160.00,100 גרם,false,,6.90,0.0431,true,1,8380
7290005287534,false,טונה בשמן עישון טבעי 160 ג' סטארקיסט,תאי יוניון גרופ,TH,טונה בשמן עישון טבעי,גרמים,160.00,100 גרם,false,,6.90,0.0431,true,1,8378
7290005317125,false,ביסקוויט חצי מצופה 175 גר',אפיפית נצרת תעשיות ב,IL,ביסקויט חצי מצופה בט,גרמים,175.00,100 גרם,false,,4.90,0.0280,true,1,38166
7290005325052,false,מארז ממתקים סביבון ק,,,מארז ממתקים סביבון ק,Unknown,0.00,יחידה,false,,4.90,0.0000,true,1,7058
7290005325403,false,מארז ממתקים סביבון ג,,,מארז ממתקים סביבון ג,Unknown,0.00,יחידה,false,,7.90,0.0000,true,1,7059
7290005325465,false,פקעלך,קינד,IL,פקעלך,Unknown,0.00,יחידה,false,,3.90,0.0000,true,1,8559
7290005325618,false,מארז ממתקים ביג בול,,,מארז ממתקים ביג בול,Unknown,0.00,יחידה,false,,9.90,0.0000,true,1,30168
7290005358739,false,בשר ראש קפוא חלק,פריגוצאקו,,בשר ראש קפוא חלק,קילוגרמים,1.00,"ק""ג",true,,39.90,39.9000,true,1,48392
7290005358753,false,לשון בקר קפוא חלק,,,לשון בקר קפוא חלק,קילוגרמים,1.00,"ק""ג",true,,44.90,44.9000,true,1,47435
7290005358883,false,בשר מס 8 שריר קפוא ח,טאק טורו,,בשר מס 8 שריר קפוא ח,קילוגרמים,1.00,"ק""ג",true,,29.90,29.9000,true,1,44178
7290005416019,false,חלב עיזים מחלבת טל 1,"ל.ד בר אל בע""מ",IL,חלב עיזים מחלבת טל 1,קילוגרמים,1.00,ליטר,false,,14.90,14.9000,true,1,3970
7290005416033,false,משקה יוגורט עיזים טל,"ל.ד בר אל בע""מ",IL,משקה יוגורט עיזים טל,מיליליטרים,500.00,"100 מ""ל",false,,12.90,0.0258,true,1,3972
7290005416095,false,גבינה עיזים 5% טל 20,"ל.ד בר אל בע""מ",IL,גבינה עיזים 5% טל 20,גרמים,200.00,100 גרם,false,,14.80,0.0740,true,1,3971
7290005416262,false,יוגורט עיזים ביו עם תות 3.5%,"ל.ד בר אל בע""מ",IL,משקה יוגורט עיזים תו,גרמים,200.00,100 גרם,false,,12.90,0.0645,true,1,3974
7290005416279,false,יוגורט עיזים ביו עם פירות יער 3.5%,"ל.ד בר אל בע""מ",IL,משקה יוגורט עיזים פי,גרמים,500.00,100 גרם,false,,12.90,0.0258,true,1,3973
7290005416286,false,יוגורט עיזים ביו עם אננס 3.5%,"ל.ד בר אל בע""מ",IL,משקה יוגורט עיזים אנ,מיליליטרים,500.00,"100 מ""ל",false,,12.90,0.0258,true,1,3975
7290005416293,false,יוגורט ביו מחלב עיזים עם אפרסק 3.5%,"ל.ד בר אל בע""מ",IL,משקה יוגורט עיזים מש,גרמים,200.00,100 גרם,false,,12.90,0.0645,true,1,3976
7290005416491,false,משקה יוגורט עיזים טל,מחלבת טל טלה,IL,משקה יוגורט עיזים טל,גרמים,750.00,100 גרם,false,,19.90,0.0265,true,1,13879
7290005418709,false,"נטורל קרם לחות לקיבוע תלתלים גלי 400 מ""ל",מיוצר עי אמיליה קוסמ,IL,קרם לחות נטורל לשיער,מיליליטרים,400.00,"100 מ""ל",false,,20.70,0.0517,true,1,1347
7290005418716,false,"נטורל - קרם לחות לבניית תלתלים עגולים 400 מ""ל",מיוצר עי אמיליה קוסמ,IL,קרם לחות נטורל לשיער,מיליליטרים,400.00,"100 מ""ל",false,,20.70,0.0517,true,1,1348
7290005423055,false,פורטה פלוס לניקוי מתז בניחוח לימון 1 ליטר,"סנו מפעלי ברונוס בע""",IL,תרסיס פורטה פלוס לימ,קילוגרמים,1.00,ליטר,false,,16.90,16.9000,true,1,43948
7290005423253,false,"סנו - מקסימה מרסס למייבש כביסה אולטרה פרש 750 מ""ל","סנו מפעלי ברונוס בע""",IL,תרסיס מקסימה למייבש,מיליליטרים,750.00,"100 מ""ל",false,,16.90,0.0225,true,1,1349
7290005423567,false,מטליות לניקוי כללי בגליל 40 יח' סנו סושי,אסותא תעשיות אלבד בע,IL,מטליות לניקוי כללי ב,Unknown,0.00,יחידה,false,,18.90,0.0000,true,1,1355
7290005423734,false,סנו - מקסימה מרכך כביסה אולטרה פרש 4 ליטר,"סנו מפעלי ברונוס בע""",IL,מרכך מקסימה אולטרא פ,קילוגרמים,4.00,ליטר,false,,21.50,5.3750,true,1,1356
7290005423871,false,אורביטול שלשות משחת שיניים מנטול מרכז,טרופיקל דגיל תעשיות,IL,משחת אורביטול פלואור,גרמים,435.00,100 גרם,false,,16.50,0.0379,true,1,1358
7290005423918,false,סנו - מקסימה מרכך כביסה היפואלרגני אלוורה 4 ליטר,קריות זול,IL,מרכך מקסימה בייבי אל,קילוגרמים,4.00,ליטר,false,,21.50,5.3750,true,1,1359
7290005424205,false,ריצפז פלוס נוזל לרצפה דוחה חרקים 4 ל',סנו,IL,ריצפז + דוחה תיקנים,קילוגרמים,4.00,ליטר,false,,39.90,9.9750,true,1,1362
7290005424472,false,אורביטול מי פה להלבנת שיניים 1 ל',סנו,IL,מי פה אורביטול הלבנה,קילוגרמים,1.00,ליטר,false,,26.90,26.9000,true,1,25109
7290005424700,false,סנו - פורטה פלוס מרסס מסיר שומנים 1 ליטר,סנו,IL,תרסיס פורטה פלוס מסי,קילוגרמים,1.00,ליטר,false,,16.90,16.9000,true,1,36246
7290005424762,false,נוזל רצפות ריצפז ווקס דוחה חרקים 2 ליטר,"סנו מפעלי ברונוס בע""",IL,ריצפז + דוחה תיקנים,קילוגרמים,2.00,ליטר,false,,25.90,12.9500,true,1,1366
7290005424991,false,"פרש אוטומטיק בניחוח בייבי פאודר 250 מ""ל סנו",סנו,IL,מבשם אויר סנו פרש או,מיליליטרים,250.00,"100 מ""ל",false,,12.90,0.0516,true,1,48335
7290005425073,false,"סנו דואופרש יסמין עץ סאנדלווד 300 מ""ל","סנו מפעלי ברונוס בע""",IL,מטהר סנו דאופרש יסמי,גרמים,300.00,100 גרם,false,,10.70,0.0357,true,1,1371
7290005425110,false,"חיטוי משטחים 99.9% מתז מחטא ומשמיד 750 מ""ל","סנו מפעלי ברונוס בע""",IL,תרסיס סנו 99.9 חיטוי,מיליליטרים,750.00,"100 מ""ל",false,,14.90,0.0199,true,1,44681
7290005425127,false,"חיטוי משטחים 99.9% מתז לשומנים ואבנית 750 מ""ל","סנו מפעלי ברונוס בע""",IL,תרסיס סנו 99.9 חיטוי,מיליליטרים,750.00,"100 מ""ל",false,,14.90,0.0199,true,1,44682
7290005425646,false,סנו קליר ספריי אקדח לניקוי והברקת חלונות 1ל',"סנו מפעלי ברונוס בע""",IL,תרסיס סנוקליר 1 ליטר,קילוגרמים,1.00,ליטר,false,,9.90,9.9000,true,1,1375
7290005425912,false,אוקסיג'ן ג'ל מסיר כתמים 4 ל' סנו,סנו,IL,גל אוקסיגן 4 ליטר,קילוגרמים,4.00,ליטר,false,,29.90,7.4750,true,1,1378
7290005426018,false,בייבי כיף אלסבון 2 ליטר,קוסמופארם,IL,אל סבון בייבי כיף 2,קילוגרמים,2.00,ליטר,false,,24.90,12.4500,true,1,1379
7290005426193,false,ספוג הפלא אריזת סנו 6יח',טרופיקל דגיל תעשיות,IL,ספוג הפלא סנו סושי 6,Unknown,0.00,יחידה,false,,9.90,0.0000,true,1,1381
7290005426230,false,מטלית הפלא לרצפה מיקרופייבר סנו 1יח',N.S.,IL,מטלית רצפה מיקרופייב,Unknown,0.00,יחידה,false,,11.70,0.0000,true,1,1382
7290005426568,false,"קרמה - קרם לחות לשיער רגיל 400 מ""ל",טרופיקל דגיל תעשיות,IL,קרם לחות קרמה לשיער,מיליליטרים,400.00,"100 מ""ל",false,,16.90,0.0422,true,1,1386
7290005426575,false,"קרמה לחות לשיער יבש ללא שטיפה 400 מ""ל",טרופיקל דגיל תעשיות,IL,קרם לחות קרמה לשיער,מיליליטרים,400.00,"100 מ""ל",false,,16.90,0.0422,true,1,1387
7290005426629,false,"סנו דואופרש אורן לוטוס ופרחי מים ודובדבן, 300 מ""ל",סנו,IL,מטהר סנו דאופרש דובד,מיליליטרים,300.00,"100 מ""ל",false,,10.70,0.0357,true,1,1388
7290005426803,false,סנו מקסימה מרכך כביסה פצ''ולי סגול 4 ל',קריות זול,,מ.כביסה מקסימה פצולי,קילוגרמים,4.00,ליטר,false,,21.50,5.3750,true,1,1392
7290005426940,false,"סנו K-300 פלוס 8 400 מ""ל",טרופיקל דגיל תעשיות,IL,קוטל K300 פלוס 8 סנו,מיליליטרים,400.00,"100 מ""ל",false,,19.90,0.0497,true,1,1394
7290005426971,false,סנובון כחול בריח תפוח 3 יח' * 55 ג',קריות זול,IL,סנובון כחול תפוח 3 י,גרמים,165.00,100 גרם,false,,14.90,0.0903,true,1,1396
7290005427749,false,אל סבון אצות ים כיף 2 ל',טרופיקל דגיל תעשיות,IL,אלסבון כיף אצות ים 2,קילוגרמים,2.00,ליטר,false,,13.90,6.9500,true,1,1413
7290005427756,false,אלסבון כיף 2 ליטר אלוורה,קוסמופארם,IL,אלסבון כיף אלוורה 2,קילוגרמים,2.00,ליטר,false,,13.90,6.9500,true,1,40025
7290005427763,false,אל סבון ג'ינסנג כיף 2 ל',קוסמופארם,IL,אלסבון כיף גינסינג 2,קילוגרמים,2.00,ליטר,false,,13.90,6.9500,true,1,1414
7290005427770,false,"קרמה - קרם לחות לשיער לגבר 400 מ""ל",טרופיקל דגיל תעשיות,IL,קרם לחות קרמה לשיער,מיליליטרים,400.00,"100 מ""ל",false,,16.90,0.0422,true,1,1415
7290005427848,false,מטלית בגליל ורוד 40 יח' סנו סושי,קריות זול,IL,מטליות לניקוי כללי ב,Unknown,0.00,יחידה,false,,18.90,0.0000,true,1,1416
7290005429279,false,"אבקת כביסה מקסימה אפקט 6 ק""ג סנו",סנו,IL,אבקת מקסימה גאוול 6,פריט,6.00,"ק""ג",false,,44.90,7.4833,true,1,1425
7290005429286,false,"אבקת כביסה מקסימה ביו 6 ק""ג סנו",סנו,IL,"אבקת מקסימה ביו 6 ק""",פריט,6.00,"ק""ג",false,,44.90,7.4833,true,1,1426
7290005430602,false,"סנו - אוקסיג'ן מרסס מסיר כתמים 750 מ""ל","סנו מפעלי ברונוס בע""",IL,"תרסיס אוקסיגן 750 מ""",מיליליטרים,750.00,"100 מ""ל",false,,17.70,0.0236,true,1,1427
7290005437069,false,שמן זית למאור 1 ליטר טעמן,,,שמן זית למאור טעמן 1,קילוגרמים,1.00,ליטר,false,,19.90,19.9000,true,1,1431
7290005437168,false,טעמן שמן זית זך 1ל קבר רחל,סובנה,ES,שמן זית זך טעמן 1 לי,קילוגרמים,1.00,ליטר,false,,37.90,37.9000,true,1,1432
7290005437502,false,פיטריות שמפיניון חתוך טעמן 400 גר',פרוצאמפ,NL,פטריות חתוכות טעמן 4,גרמים,400.00,100 גרם,false,,4.90,0.0123,true,1,34554
7290005437755,false,"פסטה צינורות 500 ג' בד""ץ טעמן",מוטלו,TR,פסטה צינורות טעמן 50,גרמים,500.00,100 גרם,false,,3.90,0.0078,true,1,37362
7290005437762,false,"פסטה ספירלה 500 ג' בד""ץ טעמן",מוטלו,TR,פסטה ספירלה טעמן 500,גרמים,500.00,100 גרם,false,,3.90,0.0078,true,1,37363
7290005437830,false,אננס שלם פרוסות במיץ 825 גר',פ.ת גרייט פנאפל,ID,לפתן אננס פרוס טעמן,גרמים,825.00,100 גרם,false,,10.90,0.0132,true,1,1437
7290005437861,false,קוקטייל פירות טרופי 900ג',פ.ת גרייט פנאפל,ID,לפתן קוקטייל טעמן 90,גרמים,900.00,100 גרם,false,,11.90,0.0132,true,1,1438
7290005437939,false,פסטה ספגטיני 500 גר' טעמן,,,ספגטיני טעמן 500 גרם,גרמים,500.00,100 גרם,false,,3.90,0.0078,true,1,18693
7290005437946,false,פסטה ספגטי טעמן 500 גר',,,ספגטי טעמן 500 גרם,גרמים,500.00,100 גרם,false,,3.90,0.0078,true,1,1439
7290005559990,false,בצק פילאס תורכי מעדנות 600 גרם,מיוצר עי קונדיטוריית,IL,בצק פילאס תורכי מעדנ,גרמים,600.00,100 גרם,false,,19.90,0.0332,true,1,1446
7290005576096,false,כרוב לבן גלאט עלים,רביבים,IL,כרוב לבן גלאט עלים,קילוגרמים,1.00,"ק""ג",true,,14.90,14.9000,true,1,1458
7290005576171,false,כרוב אדום גלאט עלים,רביבים,IL,כרוב אדום גלאט עלים,קילוגרמים,1.00,"ק""ג",true,,15.60,15.6000,true,1,1461
7290005678059,false,ענבים לבנים ענבי טלי,,IL,"ענבים ירוקים ""ענבי ט",קילוגרמים,1.00,"ק""ג",true,,9.90,9.9000,true,1,62858
7290005678318,false,ענבי בוטיק אוטום קרי,אראל תוצרת חקלאית בע,IL,ענבי בוטיק אוטום קרי,קילוגרמים,1.00,"ק""ג",true,,24.90,24.9000,true,1,57976
7290005678653,false,ענבים שחורים-ענבי טל,אראל תוצרת חקלאית בע,IL,"ענבים שחורים ""ענבי ט",קילוגרמים,1.00,"ק""ג",true,,9.90,9.9000,true,1,62937
7290005680052,false,או-בה טמפון קלאסי סופר פלוס 32יח',גונסון אנד גונסון,GR,טמפונים אובה פרוקומפ,Unknown,0.00,יחידה,false,,19.90,0.0000,true,1,5719
7290005816017,false,פילה סלמון קפוא צ'יר,,,פילה סלמון קפוא צ'יר,קילוגרמים,1.00,"ק""ג",true,,64.90,64.9000,true,1,61549
7290005838002,false,מעדן גבינה ויוגורט בטעם וניל 88 ג' דניאלה,"שטראוס בריאות בע""מ",IL,דניאלה וניל 88 גרם,Unknown,0.00,יחידה,false,,3.90,0.0000,true,1,1499
7290005838613,false,שטראוס גבינת וניל 3% 125ג,"שטראוס בריאות בע""מ",IL,מעדן גבינה בטעם וניל,גרמים,125.00,100 גרם,false,,3.70,0.0296,true,1,7620
7290005839078,false,"דנונה יוגורט ביו 3% לבן מארז 150X8מ""ל",מיוצר עי קונדיטוריית,IL,מארז יוגורט פרוביוטי,קילוגרמים,1.20,ליטר,false,,15.90,13.2500,true,1,1500
7290005839108,false,סימפוניה 5% עם זיתים 200 ג' שטראוס,"שטראוס בריאות בע""מ",IL,גבינת שמנת זיתים 5%,גרמים,200.00,100 גרם,false,,9.70,0.0485,true,1,1501
7290005877247,false,סטייק פרגית עוף טרי,,,סטייק פרגית עוף טרי,קילוגרמים,1.00,"ק""ג",true,,49.90,49.9000,true,1,57850
7290005877254,false,פילה עוף טרי עוף גלי,,,פילה עוף טרי כשר,קילוגרמים,1.00,"ק""ג",true,,29.90,29.9000,true,1,57854
7290005877278,false,עוף שלם טרי ארוז,,,עוף שלם טרי כשר,קילוגרמים,1.00,"ק""ג",true,,17.90,17.9000,true,1,57845
7290005877308,false,כנפיים עוף טרי עוף ג,,,כנפיים עוף טרי כשר,קילוגרמים,1.00,"ק""ג",true,,12.90,12.9000,true,1,57856
7290005877315,false,ירכיים עוף טרי ארוז,,,ירכיים עוף טרי כשר,קילוגרמים,1.00,"ק""ג",true,,23.90,23.9000,true,1,57846
7290005877322,false,חזה עוף טרי חצוי מעו,,,חזה עוף טרי כשר,קילוגרמים,1.00,"ק""ג",true,,27.90,27.9000,true,1,57847
7290005877339,false,שוקיים עוף טרי ארוז,,,שוקיים עוף טרי כשר,קילוגרמים,1.00,"ק""ג",true,,27.90,27.9000,true,1,57848
7290005877346,false,שניצל עוף פרוס טרי ע,,,שניצל עוף פרוס טרי כ,קילוגרמים,1.00,"ק""ג",true,,31.90,31.9000,true,1,57857
7290005877353,false,כרעיים עוף טרי עוף ג,,,כרעיים עוף טרי כשר,קילוגרמים,1.00,"ק""ג",true,,23.90,23.9000,true,1,57849
7290005877360,false,כבד עוף טרי כשר,,,כבד עוף טרי כשר,קילוגרמים,1.00,"ק""ג",true,,19.90,19.9000,true,1,57853
7290005896439,false,"בירה מכבי בקבוק חוזר 500 מ""ל","טמפו משקאות בע""מ",IL,בירה מכבי ב.חוזר 5%,מיליליטרים,500.00,"100 מ""ל",false,,6.90,0.0138,true,1,7946
7290006065049,false,בלו פיש פילה באס יפני 5-7 (לברק),,IL,פילה לברק הדייג שלי,קילוגרמים,1.00,"ק""ג",true,,42.90,42.9000,true,1,62991
7290006199027,false,שלגוני גלידל שמינייה,הגלידות של פלדמן,IL,מאגדת גלידל שלגון ב,גרמים,400.00,100 גרם,false,,28.90,0.0722,true,1,63970
7290006199218,false,גלידל מאגדת בטעם איי,הגלידות של פלדמן,IL,מאגדת גלידל שלגון ב,גרמים,400.00,100 גרם,false,,28.90,0.0722,true,1,63971
7290006199942,false,מאגדת גלידל פרי דובד,הגלידות של פלדמן,IL,מאגדת גלידל פרי דובד,גרמים,640.00,100 גרם,false,,21.90,0.0342,true,1,51374
7290006214003,false,חלבה ממולאת תפזורת,אל מנאר,JO,חלוה ממולאת במשקל,קילוגרמים,1.00,"ק""ג",true,,59.00,59.0000,true,1,46328
7290006222497,false,פקאן מצופה בטעמים במ,שקדיה,IL,פקאן מצופה בטעמים במ,קילוגרמים,1.00,"ק""ג",true,,99.00,99.0000,true,1,49076
7290006241504,false,פריגת תפוזים קפוא 345 גרם,פריגת מצוננים,IL,תרכיז תפוזים קפוא פר,גרמים,345.00,100 גרם,false,,11.90,0.0345,true,1,4300
7290006241511,false,"פריגת קפוא לימון נענע 280 מ""ל",היינץ צפון אמריקה מק,IL,תרכיז לימונענע קפוא,גרמים,340.00,100 גרם,false,,11.90,0.0350,true,1,4299
7290006241535,false,תרכיז מנגו קפוא פריג,היינץ צפון אמריקה מק,IL,תרכיז מנגו קפוא פריג,גרמים,350.00,100 גרם,false,,11.90,0.0340,true,1,4298
7290006251275,false,תה ויסוצקי ירוק סיני 25יח',קריות זול,IL,תה ירוק סיני 25 שקיק,גרמים,38.00,100 גרם,false,,19.90,0.5237,true,1,5933
7290006251343,false,תה חליטה הגן הקסום פסיפלורה מנגו 25 שקיקים,קריות זול,IL,תה פסיפלורה מנגו הגן,גרמים,63.00,100 גרם,false,,16.90,0.2683,true,1,1553
7290006251374,false,תה ירוק לימונית וגינגר 25 שקיקים ויסוצקי,קריות זול,IL,תה ירוק לימונית וגינ,גרמים,38.00,100 גרם,false,,19.90,0.5237,true,1,5934
7290006251589,false,תה ירוק עם עלי נענע 50 שקיקים ויסוצקי,בית ויסוצקי,IL,תה ירוק נענע 50 שקיק,גרמים,75.00,100 גרם,false,,34.90,0.4653,true,1,1554
7290006265500,false,פטריות שמפיניון ארוז מרינה,"מרינה פטריות הגליל בע""מ",IL,פטריות שמפיניון ארוז,Unknown,0.00,יחידה,false,,8.90,0.0000,true,1,6362
7290006265548,false,נבטים סינים מרינה ארוז 360ג',"מרינה פטריות הגליל בע""מ",IL,נבטים סינים יח,Unknown,0.00,יחידה,false,,5.90,0.0000,true,1,7691
7290006265890,false,נבטי גרעיני חמניה יח,"מרינה פטריות הגליל בע""מ",IL,נבטי חמניה יח,Unknown,0.00,יחידה,false,,8.90,0.0000,true,1,7693
7290006271181,false,מעדנות גחנון אפוי 750 גרם,מיוצר עי קונדיטוריית,IL,גחנון אפוי מעדנות 75,גרמים,750.00,100 גרם,false,,21.90,0.0292,true,1,1556
7290006271648,false,"מיני בורקס תפו""א 800 ג' מעדנות","מעדנות בע""מ",IL,מיני בורקס תפוא מעדנ,גרמים,800.00,100 גרם,false,,19.90,0.0249,true,1,4582
7290006271655,false,מיני בורקס גבינה 800 ג' מעדנות,מיוצר עי קונדיטוריית,IL,מיני בורקס גבינה מעד,גרמים,800.00,100 גרם,false,,19.90,0.0249,true,1,4581
7290006306296,false,רביולי במילוי גבינה לילדים 400 ג' פסטה נונה,פסטנונה רמת דלטון מר,IL,רביולי גבינה נונה 40,גרמים,400.00,100 גרם,false,,18.90,0.0472,true,1,5454
7290006306302,false,רביולי במילוי גבינות פרמזן ריקוטה 400 ג' פסטה נונה,דורום תעשיות מזון ופ,IL,רביולי פרמזן וריקוטה,גרמים,400.00,100 גרם,false,,18.90,0.0472,true,1,1563
7290006306319,false,רביולי במילוי בטטה 400 ג' פסטה נונה,דורום תעשיות מזון ופ,IL,רביולי בטטה נונה 400,גרמים,400.00,100 גרם,false,,18.90,0.0472,true,1,1564
7290006306326,false,רביולי במילוי פטריות וגבינת פרמזן פסטה נונה 400 ג',דורום תעשיות מזון ופ,IL,רביולי פטריות ופרמזן,גרמים,400.00,100 גרם,false,,18.90,0.0472,true,1,1565
7290006306333,false,רביולי במילוי תרד וגבינת ריקוטה פסטה נונה 400 ג',דורום תעשיות מזון ופ,IL,רביולי תרד וריקוטה נ,גרמים,400.00,100 גרם,false,,18.90,0.0472,true,1,1566
7290006306357,false,רביולי במילוי גבינת עיזים 400 ג' פסטה נונה,דורום תעשיות מזון ופ,IL,רביולי גבינת עיזים נ,גרמים,400.00,100 גרם,false,,18.90,0.0472,true,1,1568
7290006342072,false,גרעין דלעת קלוי ששון,דין שיווק,IL,גרעין לבן 200 גרם יח,גרמים,200.00,100 גרם,false,,6.50,0.0325,true,1,2624
7290006342645,false,טורטיה גדולה 840 גר' 12 יח,אלקטי קוראבייכיסיגיד,TR,טורטיות 12*70 גרם,מיליליטרים,840.00,"100 מ""ל",false,,14.90,0.0177,true,1,7484
7290006374660,false,שמן זית קלאסי יד מרד,מכוורת יד מרדכי שטרא,IL,שמן זית קלאסי יד מרד,קילוגרמים,1.00,ליטר,false,,39.90,39.9000,true,1,18615
7290006374738,false,קונפיטורה תות 340 ג' יד מרדכי,אף.סי תבליני בגליל ב,IL,קונפיטורה תות יד מרד,גרמים,340.00,100 גרם,false,,12.90,0.0379,true,1,27812
7290006429506,false,חצאי אפרסק טעמן 900 ג,,,לפתן אפרסק טעמן 820,גרמים,820.00,100 גרם,false,,9.70,0.0118,true,1,1584
7290006449955,false,מלפפון בייבי מארז,"מרינה פטריות הגליל בע""מ",IL,מלפפון בייבי מארז,Unknown,0.00,יחידה,false,,8.90,0.0000,true,1,26389
7290006492432,false,גבינת מוצרלה בייבי 18% 300 ג' גד,מחלבות גד בעמ,IL,גבינת מוצרלה בייבי 1,גרמים,150.00,100 גרם,false,,12.90,0.0860,true,1,1593
7290006492685,false,לאבנה עיזים 5% 250 גרם - רובין,מחלבות גד בעמ,IL,לאבנה עיזים 5% גד 25,גרמים,250.00,100 גרם,false,,15.90,0.0636,true,1,31926
7290006492852,false,גבינת עיזים למריחה 5% שומן 250 ג' גד,קריות זול,IL,גבינה עיזים 5% גד 25,גרמים,250.00,100 גרם,false,,15.90,0.0636,true,1,19425
7290006497130,false,קישקע פרווה רובינפלד,,,קישקע פרווה רובינפלד,גרמים,500.00,100 גרם,false,,17.90,0.0358,true,1,17962
7290006541031,false,נר נשמה בכוס 48 שעות,נרות מאור,IL,נר נשמה בכוס 48 שעות,Unknown,0.00,יחידה,false,,3.90,0.0000,true,1,17410
7290006560988,false,קערה מעוטרת בינונית,בי רייט,CN,קערה מעוטרת בינונית,Unknown,0.00,יחידה,false,,19.90,0.0000,true,1,34610
7290006561022,false,מגש מחולק ל - 4 שקוף,הנג טונג,CN,מגש מחולק ל - 4 שקוף,Unknown,0.00,יחידה,false,,19.90,0.0000,true,1,34615
7290006561039,false,קערה מרובעת שקופה קט,הנג טונג,CN,קערה מרובעת שקופה קט,Unknown,0.00,יחידה,false,,19.90,0.0000,true,1,34612
7290006561121,false,קערה 2 פסים ענקית לס,הנג טונג,CN,קערה 2 פסים ענקית לס,Unknown,0.00,יחידה,false,,19.90,0.0000,true,1,39693
7290006561138,false,קערה 3 פסים קטנות לס,הנג טונג,CN,קערה 3 פסים קטנות לס,Unknown,0.00,יחידה,false,,19.90,0.0000,true,1,39694
7290006582355,false,סילאן דבש תמרים כשר,"דין שיווק וקליה בע""מ",IL,סילאן שקדיה 900 גרם,גרמים,900.00,100 גרם,false,,9.90,0.0110,true,1,5556
7290006664037,false,גמדים דגנים ארוחת בוקר מארז 100X4ג',"שטראוס בריאות בע""מ",IL,מארז גמדים תות/ תפוח,גרמים,400.00,100 גרם,false,,10.90,0.0273,true,1,3431
7290006664051,false,"אקטימל לבן מארז 100X14 מ""ל",מיוצר עי קונדיטוריית,IL,אקטימל דנונה 14*100,קילוגרמים,1.40,ליטר,false,,28.90,20.6429,true,1,1628
7290006664310,false,גבינה לבנה 3% שומן 250 ג' שטראוס,מיוצר עי קונדיטוריית,IL,גבינה 3% סקי 250 גרם,גרמים,250.00,100 גרם,false,,4.90,0.0196,true,1,1630
7290006664402,false,גבינה 5% שומן 750 ג' שטראוס,מיוצר עי קונדיטוריית,IL,גבינה 5% סקי 750 גרם,גרמים,750.00,100 גרם,false,,13.90,0.0185,true,1,2829
7290006664532,false,יוגורט עם תות 3% שומן 150 ג' דנונה,מיוצר עי קונדיטוריית,IL,דנונה פרי תות 150 גר,גרמים,150.00,100 גרם,false,,3.50,0.0233,true,1,1632
7290006664655,false,"אקטימל לבן טבעי מארז 100X8 מ""ל",מיוצר עי קונדיטוריית,IL,אקטימל דנונה 8*100 מ,מיליליטרים,800.00,"100 מ""ל",false,,19.50,0.0244,true,1,1634
7290006664693,false,יוגורט עם אפרסק 3% שומן 150 ג' דנונה,מיוצר עי קונדיטוריית,IL,דנונה פרי אפרסק 150,מיליליטרים,150.00,"100 מ""ל",false,,3.50,0.0233,true,1,1635
7290006664990,false,דנונה ביו מארז חיסכון 1.5% 8 יח' *150 ג',מיוצר עי קונדיטוריית,IL,מארז יוגורט פרוביוטי,קילוגרמים,1.20,ליטר,false,,15.90,13.2500,true,1,1637
7290006681553,false,שטראוס קרמבו ווניל 8יח,"גלידת שטראוס בע""מ",IL,קרמבו וניל שטראוס 8,גרמים,200.00,100 גרם,false,,12.90,0.0645,true,1,58529
7290006681560,false,שטראוס קרמבו מוקה 8יח,"גלידת שטראוס בע""מ",IL,קרמבו מוקה שטראוס 8,גרמים,200.00,100 גרם,false,,12.90,0.0645,true,1,58530
7290006696717,false,יקבי אפרת תירוש מוסקט לבן 1 ליטר,יקב טפרברג 1870 בעמ,IL,תירוש לבן אפרת 1 ליט,קילוגרמים,1.00,ליטר,false,,12.90,12.9000,true,1,1647
7290006704511,false,"תפו""א גמדי אדום למיקרו מרינה 750ג'","מרינה פטריות הגליל בע""מ",IL,"תפו""א למיקרו",Unknown,0.00,יחידה,false,,6.90,0.0000,true,1,27637
7290006704757,false,סלרי ראש יח',"מרינה פטריות הגליל בע""מ",IL,סלרי ראש יח',Unknown,0.00,יחידה,false,,4.90,0.0000,true,1,27539
7290006712981,false,"קולגייט משחת שיניים סמיילס לגילאי 6 50 מ""ל",הנסיך- מפעל לייצור ט,PL,משחת קולגייט ילדים ב,מיליליטרים,50.00,"100 מ""ל",false,,11.90,0.2380,true,1,12199
7290006730077,false,איגלו קליקים 70 יח,קלית סיטבון בעמ,IL,איגלו קליקים 70 יח,פריט,2.10,"ק""ג",false,,11.90,5.6667,true,1,7780
7290006730084,false,פופסים פופלי אייס להקפאה 8יח',קלית סיטבון בעמ,IL,שלוקים פופלי אייס 8,מיליליטרים,800.00,"100 מ""ל",false,,5.90,0.0074,true,1,25273
7290006730268,false,טרופיק פקק 40 יח,קלית סיטבון בעמ,IL,טרופיק פקק 40 יח,קילוגרמים,8.00,ליטר,false,,39.90,4.9875,true,1,7748
7290006730398,false,טרופיק קש 40 יח,קלית סיטבון בעמ,IL,טרופיק קש 40 יח,קילוגרמים,8.00,ליטר,false,,29.90,3.7375,true,1,6123
7290006730473,false,איגלו קרטיבון 50 יח,קלית סיטבון בעמ,IL,איגלו קרטיבון 50 יח,קילוגרמים,1.50,ליטר,false,,7.90,5.2667,true,1,61428
7290006739131,false,בצק גולמי פילו זוגלובק 500ג',מאפיית אריאל,IL,בצק פילו זוגלובק 500,גרמים,500.00,100 גרם,false,,12.90,0.0258,true,1,10441
7290006739407,false,שניצל תירס לייט 630 ג' זוגלובק,נקניק נהריה כשר זוגל,IL,שניצל תירס לייט זוגל,גרמים,630.00,100 גרם,false,,19.90,0.0316,true,1,4723
7290006739445,false,שניצל תירס קלאסי 750 ג' זוגלובק,נקניק נהריה כשר זוגל,IL,שניצל תירס זוגלובק 7,גרמים,750.00,100 גרם,false,,21.90,0.0292,true,1,3023
7290006741387,false,"מלאווח תימני זוגלובק 700 ג' בד""צ",נקניק נהריה כשר זוגל,IL,מלוואח זוגלובק 700 ג,גרמים,700.00,100 גרם,false,,12.90,0.0184,true,1,1652
7290006764065,false,"בירה נשר מאלט בקבוק חוזר 500 מ""ל","טמפו משקאות בע""ם.",IL,בירה נשר מאלט ב.חוזר,מיליליטרים,500.00,"100 מ""ל",false,,4.80,0.0096,true,1,5567
7290006764072,false,"גולדסטאר בירה בק חוזר 500 מ""ל","טמפו משקאות בע""מ",IL,בירה גולדסטאר ב.חוזר,מיליליטרים,500.00,"100 מ""ל",false,,7.90,0.0158,true,1,5566
7290006764157,false,"בירה גולדסטאר לא מסונן חוזר 500 מ""ל",טמפו משקאות בע''מ,IL,בירה גולדסטאר לא מסו,מיליליטרים,500.00,"100 מ""ל",false,,7.90,0.0158,true,1,46542
7290006765000,false,טורטיות חיטה מלאה 8יח 540 ג',אלקטי קוראבייכיסיגיד,TR,טורטיות חיטה מלאה 12,גרמים,540.00,100 גרם,false,,9.90,0.0183,true,1,7485
7290006775016,false,עוגה מבית טוב 450 גרם תפוז,אחדות ביחר לטחינה חל,IL,עוגת תפוז אחוה 450 ג,גרמים,450.00,100 גרם,false,,9.80,0.0218,true,1,1661
7290006775023,false,"עוגה מבית טוב"" 450 גרם אנגלית",אחדות ביחר לטחינה חל,IL,עוגה אנגלית אחוה 450,גרמים,450.00,100 גרם,false,,9.80,0.0218,true,1,1662
7290006775030,false,"עוגה מבית טוב"" 450 גרם שוקו-ציפס",אחדות ביחר לטחינה חל,IL,עוגת שוקולד ציפס אחו,גרמים,450.00,100 גרם,false,,9.80,0.0218,true,1,1663
7290006775047,false,"עוגה מבית טוב"" 450 גרם שוקולד",אחדות ביחר לטחינה חל,IL,עוגת שוקולד אחוה 450,גרמים,450.00,100 גרם,false,,9.80,0.0218,true,1,1664
7290006775054,false,עוגת שיש אחווה 450 ג' אחוה,אחדות ביחר לטחינה חל,IL,עוגת שיש אחוה 450 גר,גרמים,450.00,100 גרם,false,,9.80,0.0218,true,1,1665
7290006775085,false,עוגת שמרים במילוי שוקולד 400גר,אחדות ביחר לטחינה חל,IL,עוגת שמרים שוקולד אח,גרמים,400.00,100 גרם,false,,9.80,0.0245,true,1,1667
7290006775191,false,מאפין ממולא בטעם שוקולד 50 גרם אחוה,אחדות ביחר לטחינה חל,IL,מאפין במילוי שוקולד,גרמים,50.00,100 גרם,false,,1.30,0.0260,true,1,1668
7290006775337,false,עוגת שמרים פרג 400 ג אחוה,אחדות ביחר לטחינה חל,IL,עוגת שמרים פרג אחוה,גרמים,400.00,100 גרם,false,,9.80,0.0245,true,1,1669
7290006775344,false,עוגת שמרים קינמון ואגוזי מלך 400 גרם,אחדות ביחר לטחינה חל,IL,עוגת שמרים במילוי קר,גרמים,400.00,100 גרם,false,,9.80,0.0245,true,1,1670
7290006775405,false,מאפינס שוקוצ'יפס אישי אחווה 45גרם,אחדות ביחר לטחינה חל,IL,מאפין שוקולד ציפס אח,גרמים,45.00,100 גרם,false,,1.30,0.0289,true,1,1671
7290006775764,false,"עוגת שוקוצ'יפס לל""ס אחדות 400 גר'",אחדות ביחר לטחינה חל,IL,עוגת שוקולד ציפס ללא,גרמים,400.00,100 גרם,false,,10.90,0.0273,true,1,1673
7290006775801,false,אחווה רוגעלך שוקולד 400 גר,אחדות ביחר לטחינה חל,IL,רוגעלך בטעם שוקולד א,גרמים,400.00,100 גרם,false,,8.90,0.0223,true,1,21497
7290006788429,false,"קרליין - נושם סאן רייס דאודורנט רול און לאישה כתום 75 מ""ל",אמיליה קוסמטיקס בעמ,IL,דאו רול און קרליין ס,גרמים,75.00,100 גרם,false,,11.70,0.1560,true,1,1689
7290006788436,false,"קרליין - נושם פיור דאודורנט רול און לאישה ורוד 75 מ""ל",משווק: קוסמופארם בעמ,IL,דאו רול און קרליין פ,גרמים,75.00,100 גרם,false,,11.70,0.1560,true,1,1690
7290006788443,false,"קרליין - נושם אוקסיג'ן דאודורנט רול און לאישה סגול 75 מ""ל",מולינו ניקולי s.p.a,IL,דאו רול און קרליין א,גרמים,75.00,100 גרם,false,,11.70,0.1560,true,1,1691
7290006788498,false,"קרליין - נושם פיור דאודורנט ספריי לאישה ורוד 200 מ""ל",מיוצר עי : אמיליה קו,IL,דאו ספריי קרליין נוש,מיליליטרים,200.00,"100 מ""ל",false,,11.70,0.0585,true,1,1693
7290006788504,false,"קרליין - נושם אוקסיג'ן דאודורנט ספריי לאישה סגול 200 מ""ל",מיוצר עי : אמיליה קו,IL,דאו ספריי קרליין נוש,מיליליטרים,200.00,"100 מ""ל",false,,11.70,0.0585,true,1,1694
7290006805355,false,תערובת להכנת כדורי שוקולד פילסברי 500ג',הדקלאים אגודת שיתופי,IL,תערובת להכנת כדורי ש,גרמים,500.00,100 גרם,false,,15.90,0.0318,true,1,1697
7290006805850,false,תערובת להכנת פנקייקס 500ג' פילסברי,הדקלאים אגודת שיתופי,IL,תערובת להכנת פנקייק,גרמים,500.00,100 גרם,false,,15.90,0.0318,true,1,1698
7290006822192,false,מיץ חמוציות דיאט אושן ספריי 1 ליטר,מבשלות בירה בינלאומי,IL,נקטר חמוציות דיאט או,קילוגרמים,1.00,ליטר,false,,11.90,11.9000,true,1,2877
7290006983152,false,קרוטונים מתובלים למרק 400 ג' אסם,עינת תעשיות מזון,IL,קרוטונים למרק אסם 40,גרמים,400.00,100 גרם,false,,17.90,0.0447,true,1,1720
7290006983176,false,אוסם - לחמית שיפון 250 גרם,"אסם השקעות בע""מ",IL,לחמית שיפון 230 גרם,גרמים,230.00,100 גרם,false,,7.90,0.0343,true,1,1721
7290006983206,false,אסם תערובת פלאפל בקלי קלות 180גר,"אסם השקעות בע""מ",IL,אבקת פלאפל אסם 180 ג,גרמים,180.00,100 גרם,false,,9.50,0.0528,true,1,4797
7290006983770,false,עוגת הבית שיש 400 ג' אסם,מיוצר עי קונדיטוריית,IL,עוגת שיש אסם 400 גרם,גרמים,400.00,100 גרם,false,,10.90,0.0273,true,1,1722
7290006983787,false,עוגת הבית שוקוציפס 400 גרם אסם,מיוצר עי קונדיטוריית,IL,עוגת שוקולד ציפס אסם,גרמים,400.00,100 גרם,false,,10.90,0.0273,true,1,1723
7290006983794,false,עוגת הבית תפוז 400 ג' אסם,מיוצר עי קונדיטוריית,IL,עוגת תפוז אסם 380 גר,גרמים,400.00,100 גרם,false,,10.90,0.0273,true,1,1724
7290006992161,false,מטרנה - דייסת קורנפלור פרוביוטי 200 גרם,מולינו ניקולי s.p.a,IL,דייסת קורנפלור מטרנה,גרמים,200.00,100 גרם,false,,12.90,0.0645,true,1,1726
7290006992185,false,"מטרנה - דייסת אורז פרוביוטי כשל""פ 200 גרם",מולינו ניקולי s.p.a,IL,דייסת אורז מטרנה 200,גרמים,200.00,100 גרם,false,,12.90,0.0645,true,1,1727
7290006992208,false,מטרנה - דייסת דגנים מעורבים 200 גרם,מטרנה תעשיות ש.מ,IL,דייסת דגנים מעורבים,גרמים,200.00,100 גרם,false,,12.90,0.0645,true,1,19611
7290006992390,false,"מטרנה - דייסת וניל פרוביוטי כשל""פ 200 גרם",מולינו ניקולי s.p.a,IL,דייסת וניל מטרנה 200,גרמים,200.00,100 גרם,false,,12.90,0.0645,true,1,19612
7290008154222,false,שניצלונים עוף טוב 700 גרם,מוצרי עוף טוב (2001),IL,שניצלונים עוף טוב 70,גרמים,700.00,100 גרם,false,,12.70,0.0181,true,1,2138
7290008175692,false,וילי פוד נודלס אטר.ביצים להקפצה בדץ 400ג,פוגיאן לונגאי,TH,נודלס אטריות ביצים ל,גרמים,400.00,100 גרם,false,,6.90,0.0173,true,1,2142
7290008190985,false,סוכריות על מקל בטעם,כרמית תעשיות ממתקים,IL,סוכריות על מקל בטעם,גרמים,500.00,100 גרם,false,,12.90,0.0258,true,1,2145
7290008194266,false,מארזים מתוקים א.אטיא,ממתקי השלום,IL,חטיפים מעורב 350 גרם,גרמים,350.00,100 גרם,false,,12.90,0.0369,true,1,4404
7290008194839,false,חטיפים מצופים אטיאס,ממתקי השלום,IL,חטיפים מצופים 300 גר,גרמים,300.00,100 גרם,false,,12.90,0.0430,true,1,20925
7290008257008,false,מסרק סמיך אריסטוקרט,אריסטוקרט,CN,מסרק סמיך אריסטוקרט,Unknown,0.00,יחידה,false,,10.90,0.0000,true,1,2799
7290008257138,false,פטמות איקס לבקבוק צר שלישייה,אריסטוקרט,,פטמות לבקבוק צר אריס,Unknown,0.00,יחידה,false,,4.90,0.0000,true,1,2147
7290008257169,false,פלסטר אריסטוקרט 100,אריסטוקרט,CN,פלסטר אריסטוקרט 100,Unknown,0.00,יחידה,false,,6.90,0.0000,true,1,2148
7290008257206,false,מברשת לניקוי בקבוקים,אריסטוקרט,,מברשת לניקוי בקבוקים,Unknown,0.00,יחידה,false,,4.90,0.0000,true,1,2151
7290008257275,false,פטמות לבקבוק רחב ארי,אריסטוקרט,,פטמות לבקבוק רחב ארי,Unknown,0.00,יחידה,false,,11.90,0.0000,true,1,2157
7290008257305,false,מוצץ סיליקון אורטודנטי זוג מצוייר קטן,אריסטוקרט,,מוצץ סיליקון קטן ארי,Unknown,0.00,יחידה,false,,13.90,0.0000,true,1,2158
7290008257558,false,מבריק נעליים ספוד דו צדדי,אריסטוקרט,TR,מבריק נעליים אריסטוק,Unknown,0.00,יחידה,false,,5.90,0.0000,true,1,2164
7290008257688,false,נשכן קרור דוגמאות שונות,אריסטוקרט,,נשכן לתינוק אריסטוקר,Unknown,0.00,יחידה,false,,6.90,0.0000,true,1,2165
7290008257718,false,רפידות הנקה אריסטוקר,אריסטוקרט,CN,רפידות הנקה אריסטוקר,Unknown,0.00,יחידה,false,,18.90,0.0000,true,1,2166
7290008268448,false,אוכמניות ארוז,אראל תוצרת חקלאית בע,IL,אוכמניות יח,Unknown,0.00,יחידה,false,,9.90,0.0000,true,1,57688
7290008335553,false,קובה בשר וצנובר 600ג שלושת האופים,האי נאם סי או אל.טי.,IL,קובה בשר ש. האופים 6,גרמים,600.00,100 גרם,false,,7.90,0.0132,true,1,51544
7290008335560,false,סיגרים בשר ש. האופים,האי נאם סי או אל.טי.,IL,סיגרים בשר ש. האופים,גרמים,600.00,100 גרם,false,,7.90,0.0132,true,1,51545
7290008335577,false,פסטלים תפוא ש. האופי,האי נאם סי או אל.טי.,IL,פסטלים תפוא ש. האופי,גרמים,600.00,100 גרם,false,,7.90,0.0132,true,1,51546
7290008335584,false,סיגרים תפוא ש. האופי,האי נאם סי או אל.טי.,IL,סיגרים תפוא ש. האופי,גרמים,600.00,100 גרם,false,,7.90,0.0132,true,1,51547
7290008343466,false,בצק פילו 500 ג' שלושת האופים,כלורוקס אוקלנד,IL,בצק פילו ש.האופים 50,גרמים,500.00,100 גרם,false,,16.90,0.0338,true,1,2177
7290008343503,false,גחנון אפוי 650 גר' שלושת האופים קהילות,שלושת האופים,IL,גחנון ש.האופים 650 ג,גרמים,650.00,100 גרם,false,,16.90,0.0260,true,1,2178
7290008343558,false,"סיגרים בשר שלושת האופים 1 ק""ג",שלושת האופים,IL,סיגרים בשר ש.האופים,פריט,1.00,"ק""ג",false,,17.90,17.9000,true,1,2179
7290008343565,false,"סיגרים תפו""א 1 ק""ג שלושת האופים",שלושת האופים,IL,סיגרים תפוא ש.האופים,פריט,1.00,"ק""ג",false,,17.90,17.9000,true,1,2180
7290008343572,false,"אגרול סיני 1 ק""ג שלושת האופים",שלושת האופים,IL,אגרול סיני ש.האופים,פריט,1.00,"ק""ג",false,,17.90,17.9000,true,1,2181
7290008343602,false,"קובה בשר 1 ק""ג שלושת האופים",שלושת האופים,IL,קובה בשר ש.האופים 1,פריט,1.00,"ק""ג",false,,17.90,17.9000,true,1,2182
7290008343619,false,"פסטלים תפו""א שלושת האופים 1 ק""ג",שלושת האופים,IL,פסטלים תפוא ש.האופים,פריט,1.00,"ק""ג",false,,17.90,17.9000,true,1,2183
7290008343626,false,"כדורי פלאפל 1 ק""ג שלושת האופים",שלושת האופים,IL,כדורי פלאפל ש.האופים,פריט,1.00,"ק""ג",false,,17.90,17.9000,true,1,2184
7290008347211,false,אצבעות דג מצופות נטו,אף.סי תבליני בגליל ב,IL,אצבעות דג מצופות דלי,גרמים,700.00,100 גרם,false,,21.90,0.0313,true,1,2185
7290008409049,false,שניצל אמיתי מעודן 20% מאמא עוף 700ג',תנובה גליל שותפות מו,IL,שניצלונים מיני מאמא,גרמים,500.00,100 גרם,false,,24.90,0.0498,true,1,7299
7290008409407,false,שניצל דק ציפס מאמא עוף 700 ג',תנובה גליל שותפות מו,IL,שניצל דק דק ציפס מאמ,גרמים,700.00,100 גרם,false,,29.90,0.0427,true,1,5480
7290008409551,false,שניצל עוף אמיתי בציפוי מעודן 700 ג' מאמא עוף,תנובה גליל שותפות מו,IL,שניצל מעודן מאמא עוף,גרמים,700.00,100 גרם,false,,29.90,0.0427,true,1,2211
7290008409568,false,שניצל ציפס אמיתי מאמא עוף 700 ג',תנובה גליל שותפות מו,IL,שניצל ציפס מאמא עוף,גרמים,700.00,100 גרם,false,,29.90,0.0427,true,1,2212
7290008409582,false,שניצל אמיתי בציפוי ביתי מאמא עוף 700 ג',תנובה גליל שותפות מו,IL,שניצל ביתי מאמא עוף,גרמים,700.00,100 גרם,false,,29.90,0.0427,true,1,2213
7290008423014,false,פלפל שחור גרוס פרג 1,תבליני הדור השלישי,IL,פלפל שחור גרוס פרג 1,גרמים,100.00,100 גרם,false,,13.90,0.1390,true,1,2222
7290008423021,false,תבלין כמון 500 גרם,תבליני הדור השלישי,IL,כמון פרג 400 גרם,גרמים,400.00,100 גרם,false,,34.90,0.0872,true,1,2223
7290008423045,false,תבלין לקציצות פרג 10,תבליני הדור השלישי,IL,תבלין לקציצות פרג 10,גרמים,100.00,100 גרם,false,,16.90,0.1690,true,1,2224
7290008423052,false,עגבניות מיובשות בשמן,תבליני הדור השלישי,IL,עגבניות מיובשות פרג,גרמים,250.00,100 גרם,false,,14.90,0.0596,true,1,2225
7290008423243,false,מלח שולחן הים האדום,מלח הארץ,IL,מלח שולחן הים האדום,גרמים,650.00,100 גרם,false,,6.90,0.0106,true,1,14978
7290008423250,false,מלח גס הים האדום 630,מלח הארץ,IL,מלח גס הים האדום 630,גרמים,630.00,100 גרם,false,,6.90,0.0110,true,1,14977
7290008443265,false,סופטקר-אל סבון נוזלי 2 ל',אמיליה קוסמטיקס,IL,אל סבון סופטקר 2 ליט,קילוגרמים,2.00,ליטר,false,,24.90,12.4500,true,1,2227
7290008443616,false,"מרכך לשיער יבש אדום 750 מ""ל נקה 7",אמיליה קוסמטיקס בעמ,IL,מרכך נקה 7 לשיער יבש,מיליליטרים,750.00,"100 מ""ל",false,,8.70,0.0116,true,1,2228
7290008443630,false,"נקה 7 - שמפו מתולתל סגול 750 מ""ל",טרופיקל דגיל תעשיות,IL,שמפו נקה 7 לשיער מתו,מיליליטרים,750.00,"100 מ""ל",false,,8.70,0.0116,true,1,2876
7290008455626,false,עוף מס 3 קפוא לנדא,,IL,עוף מס 3 קפוא לנדא,קילוגרמים,1.00,"ק""ג",true,,27.90,27.9000,true,1,61337
7290008464024,false,בירה גולדסטאר לא מסונן פחית 500 מל,"טמפו משקאות בע""מ",IL,בירה גולדסטאר פחית 4,מיליליטרים,500.00,"100 מ""ל",false,,7.90,0.0158,true,1,12335
7290008464130,false,"בירה גולדסטאר לא מסונן 330X6מ""ל",טמפו,IL,מארז בירה גולדסטאר 4,קילוגרמים,1.98,ליטר,false,,29.90,15.1010,true,1,7926
7290008464468,false,"בירה גולדסטאר פחית 500 מ""ל","טמפו משקות בע""מ",IL,בירה גולדסטאר פחית 4,מיליליטרים,500.00,"100 מ""ל",false,,7.90,0.0158,true,1,12334
7290008464734,false,"בירה גולדסטאר SLOW BREW מארז 330X6מ""ל",טמפו משקאות בע''מ,IL,מארז בירה גולדסטאר 1,קילוגרמים,1.98,ליטר,false,,29.90,15.1010,true,1,26446
7290008464741,false,"בירה גולדסטאר בק' מארז 330X6מ""ל",קריות זול,IL,מארז בירה גולדסטאר 4,קילוגרמים,1.98,ליטר,false,,29.90,15.1010,true,1,2233
7290008464796,false,"בירה היינקין ח""פ בקבוק 330X6מ""ל",קריות זול,IL,מארז בירה היינקן 5%,קילוגרמים,1.98,ליטר,false,,29.90,15.1010,true,1,2234
7290008466769,false,שנייק קינמון אנטקובי,אנטיקביץ,IL,שנייק קינמון אנטקובי,גרמים,600.00,100 גרם,false,,12.90,0.0215,true,1,62551
7290008466776,false,שנייק וניל אנטקוביץ,אנטיקביץ,IL,שנייק וניל אנטקוביץ,גרמים,600.00,100 גרם,false,,12.90,0.0215,true,1,62552
7290008466783,false,שנייק שוקולד אנטקובי,אנטיקביץ,IL,שנייק שוקולד אנטקובי,גרמים,600.00,100 גרם,false,,12.90,0.0215,true,1,62553
7290008466790,false,רוגלך שוקולד אנטקובי,אנטיקביץ,IL,רוגלך שוקולד אנטקובי,גרמים,600.00,100 גרם,false,,12.90,0.0215,true,1,62554
7290008507059,false,קציצות מרוקאיות חריפ,נתח אדום,IL,קציצות מרוקאיות חריפ,גרמים,600.00,100 גרם,false,,29.90,0.0498,true,1,59889
7290008507288,false,שווארמה הודו מתובל נ,נתח אדום,IL,שווארמה הודו מתובל נ,גרמים,400.00,100 גרם,false,,29.90,0.0747,true,1,59887
7290008507295,false,שווארמה עגל מתובל נת,נתח אדום,IL,שווארמה עגל מתובל נת,גרמים,400.00,100 גרם,false,,29.90,0.0747,true,1,59888
7290008507301,false,בריסקט עגל מתובל לתנ,נתח אדום,IL,בריסקט עגל מתובל לתנ,קילוגרמים,1.00,"ק""ג",true,,59.90,59.9000,true,1,59890
7290008507431,false,רצועות אסאדו עגל נתח,נתח אדום,IL,רצועות אסאדו עגל נתח,גרמים,600.00,100 גרם,false,,49.90,0.0832,true,1,63640
7290008507448,false,שיפודי אנטריקוט נתח,נתח אדום,IL,שיפודי אנטריקוט נתח,גרמים,400.00,100 גרם,false,,49.90,0.1247,true,1,63636
7290008507486,false,אנטריקוט דקדק נתח אד,נתח אדום,IL,אנטריקוט דקדק נתח אד,גרמים,250.00,100 גרם,false,,29.90,0.1196,true,1,63637
7290008507493,false,נתחי צוואר עגל נתח א,נתח אדום,IL,נתחי צוואר עגל נתח א,גרמים,600.00,100 גרם,false,,49.90,0.0832,true,1,63638
7290008545136,false,דנוור קאט סטייק טרי,,,דנוור קאט סטייק טרי,קילוגרמים,1.00,"ק""ג",true,,99.90,99.9000,true,1,57296
7290008545143,false,פלאט איירון סטייק טר,,,פלאט איירון סטייק טר,קילוגרמים,1.00,"ק""ג",true,,119.90,119.9000,true,1,57297
7290008545181,false,בשר עגל טחון דל שומן,,,בשר עגל טחון דל שומן,קילוגרמים,1.00,"ק""ג",true,,69.90,69.9000,true,1,59857
7290008545198,false,אונטריפ צלעות טרי עט,,,אונטריפ צלעות טרי עט,קילוגרמים,1.00,"ק""ג",true,,79.90,79.9000,true,1,62230
7290008545204,false,דלמוניקו סטייק טרי ע,,,דלמוניקו סטייק טרי ע,קילוגרמים,1.00,"ק""ג",true,,89.90,89.9000,true,1,62231
7290008545778,false,גולש דל שומן טרי עטר,,,גולש דל שומן טרי עטר,קילוגרמים,1.00,"ק""ג",true,,79.90,79.9000,true,1,64719
7290008597906,false,אורז יסמין שקדיה 5 ק,,TH,אורז יסמין שקדיה 5 ק,פריט,5.00,"ק""ג",false,,39.90,7.9800,true,1,2944
7290008611039,false,פילה סלמון נורווגי,,,פילה סלמון נורווגי,קילוגרמים,1.00,"ק""ג",true,,64.90,64.9000,true,1,55747
7290008611046,false,פילה סלמון נורווגי,,,פילה סלמון נורווגי,קילוגרמים,1.00,"ק""ג",true,,64.90,64.9000,true,1,55628
7290008611091,false,מנות פילה סלמון,,,מנות פילה סלמון,קילוגרמים,1.00,"ק""ג",true,,69.90,69.9000,true,1,62857
7290008611138,false,טונה אדומה במשקל,,,טונה אדומה במשקל,קילוגרמים,1.00,"ק""ג",true,,49.90,49.9000,true,1,63778
7290008611282,false,סטייק סלמון נורבגי,"צירינה צח סרוסי בע""מ",NO,סטייק סלמון נורבגי,קילוגרמים,1.00,"ק""ג",true,,59.90,59.9000,true,1,65001
7290008611343,false,מנות פילה נסיכת הניל,נטורס פיש לימיטד,UG,מנות פילה נסיכת הניל,קילוגרמים,1.00,"ק""ג",true,,46.90,46.9000,true,1,63561
7290008611350,false,פילה אמנון 5-9 בסט פ,,UG,פילה אמנון 5-9 בסט פ,קילוגרמים,1.00,"ק""ג",true,,24.90,24.9000,true,1,63773
7290008611374,false,פילה אמנון ללא עור,,UG,פילה אמנון ללא עור,קילוגרמים,1.00,"ק""ג",true,,29.90,29.9000,true,1,63774
7290008631556,false,אחדות כרעיים עוף במגש קפוא לנדא,,,כרעיים עוף קפוא לנדא,קילוגרמים,1.00,"ק""ג",true,,39.90,39.9000,true,1,61340
7290008631594,false,אחדות כנפיים עוף במגש קפוא לנדא,,IL,כנפיים עוף קפוא לנדא,קילוגרמים,1.00,"ק""ג",true,,16.90,16.9000,true,1,61349
7290008631624,false,פילה עוף לנדא קפוא,,IL,פילה עוף טרי לנדא,קילוגרמים,1.00,"ק""ג",true,,44.90,44.9000,true,1,61347
7290008636193,false,תבלין כמון 300 גרם,מיה תעשיות מזון בעמ,IL,כמון מיה 300 גרם,גרמים,300.00,100 גרם,false,,14.90,0.0497,true,1,16909
7290008636209,false,תבלין כורכום 300גרם,מיה תעשיות מזון בעמ,IL,כורכום מיה 300 גרם,גרמים,300.00,100 גרם,false,,14.90,0.0497,true,1,16910
7290008636216,false,תבלין אבקת שום 300 גרם,מיה תעשיות מזון בעמ,IL,אבקת שום מיה 300 גרם,גרמים,300.00,100 גרם,false,,24.90,0.0830,true,1,16911
7290008645935,false,חומוס לניגוב אחלה 750 ג',"שטראוס גרופ בע""מ",IL,חומוס אחלה 750 גרם,גרמים,750.00,100 גרם,false,,9.50,0.0127,true,1,18099
7290008670012,false,"יין רקאנטי קברנה סוביניון 2019 750 מ""ל",תות ממתקי איכות,IL,יין רקנאטי קברנה סוב,מיליליטרים,750.00,"100 מ""ל",false,,49.90,0.0665,true,1,24970
7290008670210,false,יין רקנאטי שירז 750מ,תות ממתקי איכות,IL,יין רקנאטי שיראז 201,מיליליטרים,750.00,"100 מ""ל",false,,49.90,0.0665,true,1,24972
7290008690713,false,פריגת אושן ספריי חמוציות 1ל',מבשלות בירה בינלאומי,IL,נקטר חמוציות אושן ספ,קילוגרמים,1.00,ליטר,false,,11.90,11.9000,true,1,2255
7290008693134,false,מעדן גבינה ויוגורט בטעם תות 5% שומן 88 ג' דניאלה,"שטראוס בריאות בע""מ",IL,דניאלה תות 88 גרם,Unknown,0.00,יחידה,false,,3.90,0.0000,true,1,2257
7290008713900,false,לחם שיפון עגול 750 ג' אנג'ל,מאפיית אנג'ל אורנים,IL,לחם שיפון עגול אחדות,גרמים,750.00,100 גרם,false,,12.90,0.0172,true,1,37967
7290008713917,false,לחם שיפון כהה 750 ג' אנג'ל,מאפית אורנים,IL,לחם שיפון כהה אחדות,גרמים,750.00,100 גרם,false,,12.90,0.0172,true,1,37965
7290008745239,false,תפוצ'יפס אקסטרא טבעי 50 ג',"שטראוס פריטו ליי בע""",IL,תפוציפס אקסטרא טבעי,גרמים,55.00,100 גרם,false,,3.50,0.0636,true,1,18748
7290008747547,false,תפוצ'יפס אקסטרא 200גר טבעי,"שטראוס פריטו ליי בע""",IL,תפוציפס קראנצ טבעי 2,גרמים,200.00,100 גרם,false,,9.90,0.0495,true,1,18625
7290008753111,false,תפוציפס קראנץ מקסיקנ,"שטראוס פריטו ליי בע""",IL,תפוציפס אקסטרא מקסיק,גרמים,50.00,100 גרם,false,,3.50,0.0700,true,1,18750
7290008754040,false,ממרח פרה שוקולד 850 גר - מגדים,STRAUSS-ISRAEL,IL,ממרח בטעם שוקולד פרה,גרמים,850.00,100 גרם,false,,13.90,0.0164,true,1,2263
7290008757980,false,נקטר ספרינג רימונים קרטונית 1 ל',"יפאורה תבורי בע""מ",IL,נקטר ספרינג רימון 1,קילוגרמים,1.00,ליטר,false,,6.50,6.5000,true,1,2267
7290008761925,false,"בקר טחון עטרה 1.2 ק""",טיבון ויל,IL,"בקר טחון עטרה 1.2 ק""",פריט,1.20,"ק""ג",false,,29.90,24.9167,true,1,18007
7290008775816,false,ערגליות שוקו חדש12*300גרם 2020,מיוצר עי קונדיטוריית,IL,ערגליות שוקו אסם 300,גרמים,300.00,100 גרם,false,,7.90,0.0263,true,1,19061
7290008775823,false,ערגליות תות חדש12*300גרם 2020,מיוצר עי קונדיטוריית,IL,ערגליות תות אסם 300,גרמים,300.00,100 גרם,false,,7.90,0.0263,true,1,18968
7290008792264,false,מפיות טישיו טאצ' 100יח',"שניב תעשיות נייר בע""",,מפיות טאצ 100 יח',Unknown,0.00,יחידה,false,,4.90,0.0000,true,1,58303
7290008801010,false,"יין קברנה סוביניון מרלו פרייוט קולקשן 750 מ""ל",אגודת הכורמים הקאופו,IL,יין פ. קולקשיין קברנ,מיליליטרים,750.00,"100 מ""ל",false,,31.90,0.0425,true,1,2269
7290008801119,false,סלקטד סוביניון בלאן כרמל 750 מל,אגודת הכורמים הקואופ,IL,יין סלקטד סוביניון ב,מיליליטרים,750.00,"100 מ""ל",false,,28.90,0.0385,true,1,2270
7290008801157,false,מרלו סלקטד כרמל מזרחי 750 מל,קריות זול,IL,יין סלקטד מרלו,מיליליטרים,750.00,"100 מ""ל",false,,28.90,0.0385,true,1,2271
7290008801522,false,"יין קינג דיויד קונקורד אדום 750 מ""ל",אגודת הכורמים הקואופ,IL,יין קינג דיוויד קונק,מיליליטרים,750.00,"100 מ""ל",false,,18.90,0.0252,true,1,2274
7290008801539,false,כרמל קינג דיוויד מתוק כרמל 750 מל,אגודת הכורמים הקואופ,IL,יין קינג דיוויד 120,מיליליטרים,750.00,"100 מ""ל",false,,18.90,0.0252,true,1,2275
7290008801546,false,"יין מוסקט קינג דויד 750 מ""ל",אגודת הכורמים הקואופ,IL,יין קינג דיוויד מוסק,מיליליטרים,750.00,"100 מ""ל",false,,18.90,0.0252,true,1,2276
7290008801843,false,"יין סלקטד קברנה סובניון 750מ""ל","כד בני דרום בע""מ",IL,יין סלקטד קברנה סובי,מיליליטרים,750.00,"100 מ""ל",false,,28.90,0.0385,true,1,2277
7290008801850,false,"יין סלקטד אמרלד ריזלינג 750מ""ל",אגודת הכורמים הקואופ,IL,יין סלקטד אמרלד ריזל,מיליליטרים,750.00,"100 מ""ל",false,,28.90,0.0385,true,1,2278
7290008802291,false,"יין מרלו פרייוט קולקשן 750 מ""ל",אגודת הכורמים הקואופ,IL,יין פ. קולקשיין מרלו,מיליליטרים,750.00,"100 מ""ל",false,,31.90,0.0425,true,1,2279
7290008802512,false,"יין וינו אדום יבש 750 מ""ל","כד בני דרום בע""מ",IL,יין וינו אדום יבש,מיליליטרים,750.00,"100 מ""ל",false,,17.90,0.0239,true,1,2280
7290008802529,false,"יין לבן חצי יבש וינו 750 מ""ל",קריות זול,IL,יין וינו לבן יבש,מיליליטרים,750.00,"100 מ""ל",false,,17.90,0.0239,true,1,51722
7290008802895,false,יין קברנה סוביניון פרייוט קולקשן,אגודת הכורמים הקאופו,IL,יין פ. קולקשיין קברנ,מיליליטרים,750.00,"100 מ""ל",false,,31.90,0.0425,true,1,2281
7290008803090,false,"יין מרלו קולקשיין הסדרה האזורית כרמל 750 מ""ל",אגודת הכורמים הקואופ,IL,יין גליל עליון מרלו,מיליליטרים,750.00,"100 מ""ל",false,,54.90,0.0732,true,1,7417
7290008804189,false,יין קברנה סוביניון הסדרה האזורית גליל עליון,אגודת הכורמים הקואופ,IL,יין גליל עליון קברנה,מיליליטרים,750.00,"100 מ""ל",false,,54.90,0.0732,true,1,7416
7290008804332,false,שיראז אדום יבש פריווט קולקשיין 750מל,אגודת הכורמים הקואופ,IL,יין פ.קולקשיין שיראז,מיליליטרים,750.00,"100 מ""ל",false,,31.90,0.0425,true,1,2457
7290008805049,false,סלקטד זינפנדל כרמל מזרחי 750 מל,"כד בני דרום בע""מ",IL,יין סלקטד רוזה מתוק,מיליליטרים,750.00,"100 מ""ל",false,,28.90,0.0385,true,1,2458
7290008805384,false,"יין סלקטד מוסקטו 750מ""ל",אגודת הכורמים הקואופ,IL,יין סלקטד לבן מבעבע,מיליליטרים,750.00,"100 מ""ל",false,,28.90,0.0385,true,1,2459
7290008805520,false,"יין סלקטד קברנה מרלו 750מ""ל","כד בני דרום בע""מ",IL,יין סלקטד קברנה מרלו,מיליליטרים,750.00,"100 מ""ל",false,,28.90,0.0385,true,1,2282
7290008805964,false,"יין קברנה שיראז אזורית 750 מ""ל",אגודת הכורמים הקואופ,IL,יין גליל עליון קברנה,מיליליטרים,750.00,"100 מ""ל",false,,54.90,0.0732,true,1,7418
7290008830690,false,מובחרים מן הטבע,דין שיווק,IL,מובחרים מן הטבע,Unknown,0.00,יחידה,false,,9.90,0.0000,true,1,14044
7290008836272,false,"יין מוסקט המבורג נינוה 750מל""",יקב טפרברג 1870 בעמ,IL,יין המבורג נינוה מוס,מיליליטרים,750.00,"100 מ""ל",false,,24.90,0.0332,true,1,2291
7290008836401,false,ישן נושן - יקבי אפרת 1 ליטר,יקב טפרברג 1870 בעמ,IL,יין ישן נושן אדום אפ,קילוגרמים,1.00,ליטר,false,,16.90,16.9000,true,1,18869
7290008836425,false,יין מתוק קל 1 ליטר,יקב טפרברג 1870 בעמ,IL,יין אפרת קל 1 ליטר,קילוגרמים,1.00,ליטר,false,,16.90,16.9000,true,1,5932
7290008836494,false,יקבי אפרת תירוש טבעי אדום 1 ליטר,יקב טפרברג 1870 בעמ,IL,תירוש אדום אפרת 1 לי,קילוגרמים,1.00,ליטר,false,,12.90,12.9000,true,1,2292
7290008849470,false,ממרחפלפל צומה 185 ג' אוליביה,אוליביה גורמה בעמ,IL,פלפל צומה אוליביה 18,גרמים,185.00,100 גרם,false,,9.90,0.0535,true,1,47467
7290008975551,false,מטרנה מהדרין חסכון שלב 3 700 גרם,מולינו ניקולי s.p.a,IL,מטרנה מהדרין שלב 3 7,גרמים,700.00,100 גרם,false,,47.90,0.0684,true,1,2317
7290008989015,false,בטר אנד דיפרנט דייסת אורז 400 גרם,בטר אנד דיפרנט B&D,IL,דייסת אורז ב.ד 400 ג,גרמים,400.00,100 גרם,false,,16.90,0.0422,true,1,2318
7290008989039,false,בטר אנד דיפרנט דייסת קורנפלור 400גרם,בטר אנד דיפרנט,IL,דייסת קורנפלור ב.ד 4,גרמים,400.00,100 גרם,false,,16.90,0.0422,true,1,2320
7290008989053,false,בטר אנד דיפרנט דייסת דגנים מעורב 400גרם,בטר אנד דיפרנט B&D,IL,דייסת דגנים מעורבים,גרמים,400.00,100 גרם,false,,16.90,0.0422,true,1,2321
7290008989169,false,אורז תפוח בשקית 500 גר',בטר אנד דיפרנט,IL,פצפוצי אורז ב.ד 500,גרמים,500.00,100 גרם,false,,18.90,0.0378,true,1,2322
7290008989473,false,ממרח חרובים טעם שוקו' 350ג' בי&די,בטר אנד דיפרנט B&D,IL,ממרח חרובים שוקולד ב,גרמים,350.00,100 גרם,false,,13.90,0.0397,true,1,2323
7290008989671,false,"ציפוי עדיף לשניצל פריך לל""ג 200 גר' B&D",בטר אנד דיפרנט,IL,פירורי קורנפלקס פריך,גרמים,250.00,100 גרם,false,,9.90,0.0396,true,1,7296
7290008989749,false,פריכיות קינואה עם או,בטר אנד דיפרנט,IL,פריכיות קינואה עם או,גרמים,200.00,100 גרם,false,,9.90,0.0495,true,1,2327
7290008989848,false,חמאת בוטנים קרנצ'י 350 גר',בטר אנד דיפרנט B&D,IL,חמאת בוטנים קרנצ'י ב,גרמים,350.00,100 גרם,false,,13.90,0.0397,true,1,39083
7290008989855,false,בטר אנד דיפרנט פריכיות אורז מלא 80 גר,בטר אנד דיפרנט B&D,IL,פריכוני אורז מלא ב.ד,גרמים,80.00,100 גרם,false,,3.90,0.0487,true,1,4037
7290008989909,false,סירופ תפוחים בי&די 1.2 ליטר מהדרין,בטר אנד דיפרנט,IL,סירופ ב.ד תפוחים 1.2,קילוגרמים,1.20,ליטר,false,,29.90,24.9167,true,1,2328
7290008989916,false,סירופ אננס בי&די 1.2 ליטר מהדרין,בטר אנד דיפרנט,IL,סירופ אננס 1.2 ליטר,קילוגרמים,1.20,ליטר,false,,29.90,24.9167,true,1,2329
7290008989985,false,קופסאות אחסון מלבנית 1ל' חמישייה חלבי,בטר אנד דיפרנט,IL,מארז 4 קופסאות אחסון,Unknown,0.00,יחידה,false,,11.90,0.0000,true,1,3978
7290009000115,false,עגבניות שרי,אראל תוצרת חקלאית בע,IL,עגבניות שרי,קילוגרמים,1.00,"ק""ג",true,,14.90,14.9000,true,1,38
7290009000122,false,עגבניה חממה,אראל תוצרת חקלאית בע,IL,עגבניה חממה,קילוגרמים,1.00,"ק""ג",true,,5.90,5.9000,true,1,74
7290009000207,false,מלפפון חממה,אראל תוצרת חקלאית בע,IL,מלפפון חממה,קילוגרמים,1.00,"ק""ג",true,,5.90,5.9000,true,1,281
7290009000313,false,גזר-ארוז,אראל תוצרת חקלאית בע,IL,גזר,קילוגרמים,1.00,"ק""ג",true,,3.90,3.9000,true,1,778
7290009000382,false,"גזר כ-10 ק""ג",אראל תוצרת חקלאית בע,IL,"גזר כ-10 ק""ג",פריט,10.00,"ק""ג",false,,29.90,2.9900,true,1,3987
7290009000405,false,סלק אדום,אראל תוצרת חקלאית בע,IL,סלק,קילוגרמים,1.00,"ק""ג",true,,4.90,4.9000,true,1,1011
7290009000504,false,כרוב לבן,אראל תוצרת חקלאית בע,IL,כרוב לבן,קילוגרמים,1.00,"ק""ג",true,,4.90,4.9000,true,1,1291
7290009000511,false,כרוב אדום,אראל תוצרת חקלאית בע,IL,כרוב אדום,קילוגרמים,1.00,"ק""ג",true,,5.90,5.9000,true,1,1303
7290009000627,false,כרובית יחידה,אראל תוצרת חקלאית בע,IL,כרובית יחידה,Unknown,0.00,יחידה,false,,9.90,0.0000,true,1,16819
7290009000702,false,לפת,אראל תוצרת חקלאית בע,IL,לפת,קילוגרמים,1.00,"ק""ג",true,,6.90,6.9000,true,1,1730
7290009000719,false,צנון,אראל תוצרת חקלאית בע,IL,צנון,קילוגרמים,1.00,"ק""ג",true,,6.90,6.9000,true,1,1740
7290009000764,false,שקיות הקפאה ענק זיפל,,,שקיות הקפאה ענק זיפל,Unknown,0.00,יחידה,false,,19.90,0.0000,true,1,20047
7290009000788,false,שקיות אוכל זיפלוק 14,,,שקיות אוכל זיפלוק 14,Unknown,0.00,יחידה,false,,16.90,0.0000,true,1,20048
7290009000801,false,צנונית יח,ברכת קטיף,IL,צנונית יח,Unknown,0.00,יחידה,false,,5.90,0.0000,true,1,2118
7290009000887,false,סלרי ראש שקיל,אראל תוצרת חקלאית בע,IL,סלרי ראש שקיל,קילוגרמים,1.00,"ק""ג",true,,19.90,19.9000,true,1,58864
7290009000894,false,אגס קוסטיה,אראל תוצרת חקלאית בע,IL,אגס קוסטיה,קילוגרמים,1.00,"ק""ג",true,,10.90,10.9000,true,1,62684
7290009000900,false,בצל יבש,אראל תוצרת חקלאית בע,IL,בצל,קילוגרמים,1.00,"ק""ג",true,,3.90,3.9000,true,1,2331
7290009000924,false,כרוב אדום ברכת דוד,,IL,כרוב אדום ברכת דוד,קילוגרמים,1.00,"ק""ג",true,,14.90,14.9000,true,1,62741
7290009000931,false,בצל אדום,אראל תוצרת חקלאית בע,IL,בצל אדום,קילוגרמים,1.00,"ק""ג",true,,5.90,5.9000,true,1,2340
7290009000948,false,כרוב לבן ברכת דוד,,IL,כרוב לבן ברכת דוד,קילוגרמים,1.00,"ק""ג",true,,13.90,13.9000,true,1,62742
7290009001006,false,אפונה,אראל תוצרת חקלאית בע,IL,אפונה,קילוגרמים,1.00,"ק""ג",true,,19.90,19.9000,true,1,25549
7290009001105,false,בטטה מובחרת,אראל תוצרת חקלאית בע,IL,בטטה,קילוגרמים,1.00,"ק""ג",true,,9.90,9.9000,true,1,39
7290009001310,false,דלורית,אראל תוצרת חקלאית בע,IL,דלורית,קילוגרמים,1.00,"ק""ג",true,,5.90,5.9000,true,1,128
7290009001334,false,דלעת אקזוטי,אראל תוצרת חקלאית בע,IL,דלעת אקזוטי,קילוגרמים,1.00,"ק""ג",true,,11.90,11.9000,true,1,26028
7290009001419,false,חציל חממה,אראל תוצרת חקלאית בע,IL,חציל,קילוגרמים,1.00,"ק""ג",true,,4.90,4.9000,true,1,153
7290009001501,false,פלפל אדום,אראל תוצרת חקלאית בע,IL,פלפל אדום,קילוגרמים,1.00,"ק""ג",true,,7.90,7.9000,true,1,168
7290009001518,false,פלפל ירוק בהיר,אראל תוצרת חקלאית בע,IL,פלפל ירוק בהיר,קילוגרמים,1.00,"ק""ג",true,,6.90,6.9000,true,1,169
7290009001525,false,פלפל חריף ירוק,אראל תוצרת חקלאית בע,IL,פלפל חריף,קילוגרמים,1.00,"ק""ג",true,,7.90,7.9000,true,1,170
7290009001549,false,פלפל ירוק כהה,אראל תוצרת חקלאית בע,IL,פלפל ירוק כהה,קילוגרמים,1.00,"ק""ג",true,,6.90,6.9000,true,1,173
7290009001556,false,פלפל כתום,אראל תוצרת חקלאית בע,IL,פלפל כתום,קילוגרמים,1.00,"ק""ג",true,,7.90,7.9000,true,1,174
7290009001570,false,פלפל צהוב,אראל תוצרת חקלאית בע,IL,פלפל צהוב,קילוגרמים,1.00,"ק""ג",true,,7.90,7.9000,true,1,179
7290009001594,false,פלפל שושקה,אראל תוצרת חקלאית בע,IL,פלפל שושקה,קילוגרמים,1.00,"ק""ג",true,,11.90,11.9000,true,1,180
7290009001709,false,קולורבי,אראל תוצרת חקלאית בע,IL,קולורבי,קילוגרמים,1.00,"ק""ג",true,,7.90,7.9000,true,1,214
7290009001808,false,קישוא מעיין,אראל תוצרת חקלאית בע,IL,קישוא,קילוגרמים,1.00,"ק""ג",true,,8.90,8.9000,true,1,226
7290009001815,false,קישוא עגול,אראל תוצרת חקלאית בע,IL,קישוא עגול,קילוגרמים,1.00,"ק""ג",true,,9.90,9.9000,true,1,16286
7290009001822,false,קישוא קרעה,אראל תוצרת חקלאית בע,IL,קישוא קרעה,קילוגרמים,1.00,"ק""ג",true,,9.90,9.9000,true,1,246
7290009001853,false,קישוא זוקיני,אראל תוצרת חקלאית בע,IL,קישוא זוקיני,קילוגרמים,1.00,"ק""ג",true,,9.90,9.9000,true,1,247
7290009001914,false,שעועית,אראל תוצרת חקלאית בע,IL,שעועית,קילוגרמים,1.00,"ק""ג",true,,29.90,29.9000,true,1,258
7290009002843,false,שום ירוק טרי,אראל תוצרת חקלאית בע,IL,שום ירוק טרי,קילוגרמים,1.00,"ק""ג",true,,39.90,39.9000,true,1,617
7290009002850,false,שום בתפזורת,אראל תוצרת חקלאית בע,IL,שום בתפזורת,קילוגרמים,1.00,"ק""ג",true,,29.90,29.9000,true,1,622
7290009002898,false,תפוח אדמה לאפייה,אראל תוצרת חקלאית בע,IL,תפוח אדמה לאפייה,Unknown,0.00,יחידה,false,,9.50,0.0000,true,1,19253
7290009002935,false,"מארז תפו""א לבן כ-4.8",אראל תוצרת חקלאית בע,IL,תפוח אדמה לבן,פריט,5.00,"ק""ג",false,,21.90,4.3800,true,1,19228
7290009002959,false,תפוח אדמה לבן כ-10 ק,,,תפוח אדמה לבן כ-10 ק,פריט,10.00,"ק""ג",false,,39.90,3.9900,true,1,720
7290009002980,false,תפוח אדמה אדום כ-5 ק,אראל תוצרת חקלאית בע,IL,תפוח אדמה אדום,Unknown,0.00,יחידה,false,,25.90,0.0000,true,1,19229
7290009002997,false,תפוח אדמה תפזורת,אראל תוצרת חקלאית בע,IL,תפוח אדמה תפזורת,קילוגרמים,1.00,"ק""ג",true,,6.90,6.9000,true,1,736
7290009003048,false,סלרי אמריקאי יח,ברכת קטיף,IL,סלרי אמריקאי יח,Unknown,0.00,יחידה,false,,4.90,0.0000,true,1,762
7290009003079,false,שומר,אראל תוצרת חקלאית בע,IL,שומר,קילוגרמים,1.00,"ק""ג",true,,6.90,6.9000,true,1,768
7290009003109,false,מלון,אראל תוצרת חקלאית בע,IL,מלון,קילוגרמים,1.00,"ק""ג",true,,6.90,6.9000,true,1,779
7290009003123,false,מלון כתום,אראל תוצרת חקלאית בע,IL,מלון כתום,קילוגרמים,1.00,"ק""ג",true,,6.90,6.9000,true,1,795
7290009003246,false,פטריות במשקל,מרינה פטריות,IL,פטריות במשקל,קילוגרמים,1.00,"ק""ג",true,,31.90,31.9000,true,1,821
7290009003352,false,תות שדה א.מעולה250ג,אראל תוצרת חקלאית בע,IL,תות שדה יח,Unknown,0.00,יחידה,false,,15.90,0.0000,true,1,846
7290009003369,false,אפרסמון קרמבו,אראל תוצרת חקלאית בע,IL,אפרסמון קרמבו,קילוגרמים,1.00,"ק""ג",true,,13.90,13.9000,true,1,52796
7290009003505,false,סלק עלים,ברכת קטיף,IL,סלק עלים,Unknown,0.00,יחידה,false,,4.90,0.0000,true,1,26477
7290009003529,false,סלרי אמריקאי יח,ברכת קטיף,IL,סלרי אמריקאי יח,Unknown,0.00,יחידה,false,,6.90,0.0000,true,1,26199
7290009004007,false,במיה,אראל תוצרת חקלאית בע,IL,במיה,קילוגרמים,1.00,"ק""ג",true,,29.90,29.9000,true,1,1012
7290009004281,false,תירס,אראל תוצרת חקלאית בע,IL,תירס,קילוגרמים,1.00,"ק""ג",true,,9.90,9.9000,true,1,26938
7290009004311,false,מלון גולדן סוויט,אראל תוצרת חקלאית בע,IL,מלון גולדן סוויט,קילוגרמים,1.00,"ק""ג",true,,6.90,6.9000,true,1,26856
7290009004519,false,שום סולו 250 גרם,אראל תוצרת חקלאית בע,IL,שום סולו 250 גרם,גרמים,250.00,100 גרם,false,,4.90,0.0196,true,1,46397
7290009004755,false,"תפוח אדמה לבן 10 ק""ג",,,"תפוח אדמה לבן 10 ק""ג",פריט,10.00,"ק""ג",false,,15.90,1.5900,true,1,55442
7290009004847,false,תירס טרי,אראל תוצרת חקלאית בע,IL,תירס טרי,Unknown,0.00,יחידה,false,,9.90,0.0000,true,1,60204
7290009005059,false,תפוז ברשת,אראל תוצרת חקלאית בע,IL,תפוז ברשת,קילוגרמים,1.00,"ק""ג",true,,3.90,3.9000,true,1,1301
7290009005080,false,תפוז,אראל תוצרת חקלאית בע,IL,תפוז,קילוגרמים,1.00,"ק""ג",true,,4.90,4.9000,true,1,1302
7290009005172,false,קלמנטינה,אראל תוצרת חקלאית בע,IL,קלמנטינה,קילוגרמים,1.00,"ק""ג",true,,5.90,5.9000,true,1,1308
7290009005196,false,אשכולית אדומה,אראל תוצרת חקלאית בע,IL,אשכולית אדומה,קילוגרמים,1.00,"ק""ג",true,,4.90,4.9000,true,1,1311
7290009005202,false,אשכולית לבנה,אראל תוצרת חקלאית בע,IL,אשכולית לבנה,קילוגרמים,1.00,"ק""ג",true,,4.90,4.9000,true,1,1314
7290009005226,false,פומלה,אראל תוצרת חקלאית בע,IL,פומלה,קילוגרמים,1.00,"ק""ג",true,,7.90,7.9000,true,1,1319
7290009005257,false,פומלית,אראל תוצרת חקלאית בע,IL,פומלית,קילוגרמים,1.00,"ק""ג",true,,5.90,5.9000,true,1,1322
7290009005301,false,לימון,אראל תוצרת חקלאית בע,IL,לימון,קילוגרמים,1.00,"ק""ג",true,,7.90,7.9000,true,1,1325
7290009005325,false,"לימון ברשת כ-2.5 ק""ג",אראל תוצרת חקלאית בע,IL,לימון ברשת,קילוגרמים,1.00,"ק""ג",true,,5.90,5.9000,true,1,2598
7290009005387,false,תפוח עץ גולד רוז,אראל תוצרת חקלאית בע,IL,תפוח עץ גולד רוז,קילוגרמים,1.00,"ק""ג",true,,12.90,12.9000,true,1,29961
7290009005417,false,"בננות ""העמק""",אראל תוצרת חקלאית בע,IL,בננות,קילוגרמים,1.00,"ק""ג",true,,3.90,3.9000,true,1,1341
7290009005615,false,אבוקדו,אראל תוצרת חקלאית בע,IL,אבוקדו,קילוגרמים,1.00,"ק""ג",true,,5.90,5.9000,true,1,1469
7290009005707,false,רימון,אראל תוצרת חקלאית בע,IL,רימון,קילוגרמים,1.00,"ק""ג",true,,7.90,7.9000,true,1,1485
7290009005806,false,חבושים,אראל תוצרת חקלאית בע,IL,חבושים,קילוגרמים,1.00,"ק""ג",true,,9.90,9.9000,true,1,1498
7290009005950,false,אפרסק,אראל תוצרת חקלאית בע,IL,אפרסק,קילוגרמים,1.00,"ק""ג",true,,5.90,5.9000,true,1,3135
7290009006032,false,אגס נאשי,אראל תוצרת חקלאית בע,IL,אגס נאשי,קילוגרמים,1.00,"ק""ג",true,,11.90,11.9000,true,1,2595
7290009006049,false,אגס חום,אראל תוצרת חקלאית בע,IL,אגס חום,קילוגרמים,1.00,"ק""ג",true,,11.90,11.9000,true,1,1525
7290009006056,false,אגס אדום,אראל תוצרת חקלאית בע,IL,אגס אדום,קילוגרמים,1.00,"ק""ג",true,,11.90,11.9000,true,1,1527
7290009006063,false,אגס,אראל תוצרת חקלאית בע,IL,אגס,קילוגרמים,1.00,"ק""ג",true,,11.90,11.9000,true,1,1529
7290009006100,false,סברס,אראל תוצרת חקלאית בע,IL,סברס,קילוגרמים,1.00,"ק""ג",true,,15.90,15.9000,true,1,1539
7290009006209,false,גויאבה,אראל תוצרת חקלאית בע,IL,גויאבה,קילוגרמים,1.00,"ק""ג",true,,12.90,12.9000,true,1,1547
7290009006308,false,קיווי,אראל תוצרת חקלאית בע,IL,קיווי,קילוגרמים,1.00,"ק""ג",true,,14.90,14.9000,true,1,1558
7290009006322,false,קוקוס יחידה,אראל תוצרת חקלאית בע,IL,קוקוס יחידה,Unknown,0.00,יחידה,false,,6.90,0.0000,true,1,2594
7290009006605,false,שקד ירוק,אראל תוצרת חקלאית בע,IL,שקד ירוק,קילוגרמים,1.00,"ק""ג",true,,13.90,13.9000,true,1,20804
7290009006803,false,אננס מתוק במיוחד,אראל תוצרת חקלאית בע,IL,אננס יחידה,Unknown,0.00,יחידה,false,,25.90,0.0000,true,1,1696
7290009006810,false,אפרסמון,אראל תוצרת חקלאית בע,IL,אפרסמון,קילוגרמים,1.00,"ק""ג",true,,11.90,11.9000,true,1,1700
7290009007015,false,תפוח עץ סמיט,אראל תוצרת חקלאית בע,IL,תפוח עץ סמיט,קילוגרמים,1.00,"ק""ג",true,,9.90,9.9000,true,1,1731
7290009007022,false,תפוח עץ מוזהב,אראל תוצרת חקלאית בע,IL,תפוח עץ מוזהב,קילוגרמים,1.00,"ק""ג",true,,9.90,9.9000,true,1,1732
7290009007039,false,תפוח עץ יונתן,אראל תוצרת חקלאית בע,IL,תפוח עץ יונתן,קילוגרמים,1.00,"ק""ג",true,,9.90,9.9000,true,1,1733
7290009007046,false,תפוח עץ סטורי,אראל תוצרת חקלאית בע,IL,תפוח עץ חרמון,קילוגרמים,1.00,"ק""ג",true,,9.90,9.9000,true,1,1738
7290009007053,false,תפוח עץ גאלה,אראל תוצרת חקלאית בע,IL,תפוח עץ גאלה,קילוגרמים,1.00,"ק""ג",true,,9.90,9.9000,true,1,1739
7290009007077,false,תפוח עץ ברשת,אראל תוצרת חקלאית בע,IL,תפוח עץ ברשת,קילוגרמים,1.00,"ק""ג",true,,6.90,6.9000,true,1,2589
7290009007107,false,תפוח עץ ענה,אראל תוצרת חקלאית בע,IL,תפוח עץ ענה,קילוגרמים,1.00,"ק""ג",true,,7.90,7.9000,true,1,2592
7290009007138,false,תפוח עץ פינק,אראל תוצרת חקלאית בע,IL,תפוח עץ פינק,קילוגרמים,1.00,"ק""ג",true,,15.90,15.9000,true,1,28872
7290009007336,false,כרוב שטוח,אראל תוצרת חקלאית בע,IL,כרוב שטוח,קילוגרמים,1.00,"ק""ג",true,,5.90,5.9000,true,1,59574
7290009007503,false,ערמונים,אראל תוצרת חקלאית בע,IL,ערמונים,קילוגרמים,1.00,"ק""ג",true,,9.90,9.9000,true,1,16214
7290009007787,false,ענבים רד גלוב,אראל תוצרת חקלאית בע,IL,ענבים רד גלוב,קילוגרמים,1.00,"ק""ג",true,,9.90,9.9000,true,1,63418
7290009008302,false,ענבים לבנים,אראל תוצרת חקלאית בע,IL,ענבים לבנים,קילוגרמים,1.00,"ק""ג",true,,9.90,9.9000,true,1,2170
7290009008319,false,ענבים שחורים רד גלוב,אראל תוצרת חקלאית בע,IL,ענבים שחורים,קילוגרמים,1.00,"ק""ג",true,,9.90,9.9000,true,1,2171
7290009008418,false,שזיף אדום,אראל תוצרת חקלאית בע,IL,שזיף אדום,קילוגרמים,1.00,"ק""ג",true,,12.90,12.9000,true,1,2216
7290009008425,false,שזיף שגיב,אראל תוצרת חקלאית בע,IL,שזיף שגיב,קילוגרמים,1.00,"ק""ג",true,,12.90,12.9000,true,1,2221
7290009008562,false,שיזף,אראל תוצרת חקלאית בע,IL,שיזף,קילוגרמים,1.00,"ק""ג",true,,24.90,24.9000,true,1,15179
7290009008807,false,"מארז לימון כ 2.5 ק""ג",אראל תוצרת חקלאית בע,IL,"מארז לימון כ 2.5 ק""ג",פריט,2.50,"ק""ג",false,,16.90,6.7600,true,1,64565
7290009008814,false,"מארז אבוקדו כ 2.5 ק""",אראל תוצרת חקלאית בע,IL,"מארז אבוקדו כ 2.5 ק""",פריט,2.50,"ק""ג",false,,17.90,7.1600,true,1,64566
7290009008821,false,"מארז תפוז כ 2.5 ק""ג",אראל תוצרת חקלאית בע,IL,"מארז תפוז כ 2.5 ק""ג",פריט,2.50,"ק""ג",false,,9.90,3.9600,true,1,64567
7290009028768,false,שקית ענק אושר עד,,,שקית ענק אושר עד,Unknown,0.00,יחידה,false,,0.60,0.0000,true,1,4394
7290009068818,false,אגוז ברזיל טבעי במשק,דין שיווק,IL,אגוז ברזיל טבעי במשק,קילוגרמים,1.00,"ק""ג",true,,89.00,89.0000,true,1,2646
7290009068825,false,אגוז קלוף במשקל,דין שיווק,IL,אגוז קלוף במשקל,קילוגרמים,1.00,"ק""ג",true,,59.00,59.0000,true,1,2647
7290009068849,false,בוטן מסוכר במשקל,דין שיווק,IL,בוטן מסוכר במשקל,קילוגרמים,1.00,"ק""ג",true,,30.00,30.0000,true,1,2648
7290009068856,false,בוטן קלוי במשקל,דין שיווק,CN,בוטן קלוי במשקל,קילוגרמים,1.00,"ק""ג",true,,24.00,24.0000,true,1,2649
7290009068863,false,בונדוק טבעי במשקל,דין שיווק,TR,בונדוק טבעי במשקל,קילוגרמים,1.00,"ק""ג",true,,77.00,77.0000,true,1,2650
7290009068870,false,בונדוק קלוי במשקל,דין שיווק,TR,בונדוק קלוי במשקל,קילוגרמים,1.00,"ק""ג",true,,88.00,88.0000,true,1,2651
7290009068887,false,גרעין אבטיח קלוי במש,דין שיווק,IL,גרעין אבטיח קלוי במש,קילוגרמים,1.00,"ק""ג",true,,55.00,55.0000,true,1,2653
7290009068894,false,גרעין לבן קלוי במשקל,דין שיווק,IL,גרעין לבן קלוי במשקל,קילוגרמים,1.00,"ק""ג",true,,39.00,39.0000,true,1,2654
7290009068917,false,גרעין שחור קלוי במשק,דין שיווק,US,גרעין שחור קלוי במשק,קילוגרמים,1.00,"ק""ג",true,,19.00,19.0000,true,1,2655
7290009068955,false,גרעין חמניה קלוף טבע,דין שיווק,IL,גרעין חמניה קלוף טבע,קילוגרמים,1.00,"ק""ג",true,,39.00,39.0000,true,1,2656
7290009068962,false,מנצס במשקל,דין שיווק,CN,מנצס במשקל,קילוגרמים,1.00,"ק""ג",true,,47.00,47.0000,true,1,2657
7290009069006,false,פיסטוק ענק קלוי במשק,דין שיווק,US,פיסטוק ענק קלוי במשק,קילוגרמים,1.00,"ק""ג",true,,69.00,69.0000,true,1,2658
7290009069051,false,פקאן טבעי במשקל,דין שיווק,US,פקאן טבעי במשקל,קילוגרמים,1.00,"ק""ג",true,,119.00,119.0000,true,1,2659
7290009069068,false,פקאן סיני במשקל,דין שיווק,IL,פקאן סיני במשקל,קילוגרמים,1.00,"ק""ג",true,,118.00,118.0000,true,1,2660
7290009069075,false,פיסטוק טבעי במשקל,דין שיווק,CN,צנובר במשקל,קילוגרמים,1.00,"ק""ג",true,,195.00,195.0000,true,1,2661
7290009069112,false,קשיו קלוי במשקל,דין שיווק,VN,קשיו קלוי במשקל,קילוגרמים,1.00,"ק""ג",true,,69.00,69.0000,true,1,2671
7290009069129,false,שקד שבבים במשקל,דין שיווק,US,שקד שבבים במשקל,קילוגרמים,1.00,"ק""ג",true,,99.00,99.0000,true,1,2672
7290009069136,false,שקד בקליפה קלוי במשק,דין שיווק,IL,שקד בקליפה קלוי במשק,קילוגרמים,1.00,"ק""ג",true,,60.00,60.0000,true,1,2673
7290009069143,false,שקד טבעי ענק במשקל,דין שיווק,US,שקד טבעי ענק במשקל,קילוגרמים,1.00,"ק""ג",true,,85.00,85.0000,true,1,2674
7290009069150,false,שקד טבעי בקליפה במשק,דין שיווק,US,שקד טבעי בקליפה במשק,קילוגרמים,1.00,"ק""ג",true,,59.00,59.0000,true,1,2612
7290009069174,false,שקד מסוכר במשקל,דין שיווק,IL,שקד מסוכר במשקל,קילוגרמים,1.00,"ק""ג",true,,75.00,75.0000,true,1,2676
7290009069181,false,שקד ספרדי קלוי במשקל,דין שיווק,US,שקד ספרדי קלוי במשקל,קילוגרמים,1.00,"ק""ג",true,,89.00,89.0000,true,1,2675
7290009069235,false,חטיפים יפני במשקל,דין שיווק,TH,חטיפים יפני במשקל,קילוגרמים,1.00,"ק""ג",true,,65.00,65.0000,true,1,2677
7290009069242,false,בוטן אמריקאי במשקל,דין שיווק,IL,בוטן אמריקאי במשקל,קילוגרמים,1.00,"ק""ג",true,,26.00,26.0000,true,1,2678
7290009069259,false,קבוקים במשקל,דין שיווק,IL,קבוקים במשקל,קילוגרמים,1.00,"ק""ג",true,,26.00,26.0000,true,1,2679
7290009069266,false,בוטן בקליפה במשקל,דין שיווק,IL,בוטן בקליפה במשקל,קילוגרמים,1.00,"ק""ג",true,,15.00,15.0000,true,1,2680
7290009069273,false,משמש במשקל,דין שיווק,TR,משמש במשקל,קילוגרמים,1.00,"ק""ג",true,,54.00,54.0000,true,1,2681
7290009069280,false,צימוק חום במשקל,דין שיווק,TR,צימוק חום במשקל,קילוגרמים,1.00,"ק""ג",true,,28.00,28.0000,true,1,2682
7290009069297,false,צימוק לבן ענק במשקל,דין שיווק,US,צימוק לבן ענק במשקל,קילוגרמים,1.00,"ק""ג",true,,44.00,44.0000,true,1,2683
7290009069303,false,צימוק לבן במשקל,דין שיווק,US,צימוק לבן במשקל,קילוגרמים,1.00,"ק""ג",true,,37.00,37.0000,true,1,2684
7290009069327,false,תאנים גדולות במשקל,דין שיווק,TR,תאנים גדולות במשקל,קילוגרמים,1.00,"ק""ג",true,,47.00,47.0000,true,1,2686
7290009069334,false,שזיף ללא גרעין במשקל,דין שיווק,AR,שזיף ללא גרעין במשקל,קילוגרמים,1.00,"ק""ג",true,,25.00,25.0000,true,1,2688
7290009069426,false,אננס פלחים במשקל,,,אננס פלחים במשקל,קילוגרמים,1.00,"ק""ג",true,,24.00,24.0000,true,1,2719
7290009069440,false,בננה ציפס במשקל,דין שיווק,PH,בננה ציפס במשקל,קילוגרמים,1.00,"ק""ג",true,,33.00,33.0000,true,1,2720
7290009069471,false,מנגו מיובש במשקל,דין שיווק,GH,מנגו מיובש במשקל,קילוגרמים,1.00,"ק""ג",true,,28.00,28.0000,true,1,2687
7290009069495,false,פאפיה במשקל,דין שיווק,TH,פאפיה במשקל,קילוגרמים,1.00,"ק""ג",true,,29.00,29.0000,true,1,41963
7290009069501,false,תמר מגהול ענק,דין שיווק,IL,תמר מגהול ענק,קילוגרמים,1.00,"ק""ג",true,,45.00,45.0000,true,1,2611
7290009069518,false,ג'ינג'ר דל סוכר שקיל,דין שיווק,TH,גינגר במשקל,קילוגרמים,1.00,"ק""ג",true,,50.00,50.0000,true,1,41964
7290009069990,false,תבלינים בקבוצה 2 במש,נפטון,IL,תבלינים בקבוצה 2 במש,קילוגרמים,1.00,"ק""ג",true,,50.00,50.0000,true,1,2662
7290009077162,false,מלפפון/ירקות במשקל,דין שיווק,IL,מלפפון/ירקות במשקל,קילוגרמים,1.00,"ק""ג",true,,40.00,40.0000,true,1,5078
7290009077483,false,זית ירוק במשקל,דין שיווק,GR,זית ירוק במשקל,קילוגרמים,1.00,"ק""ג",true,,54.00,54.0000,true,1,5076
7290009077681,false,זית יווני במשקל,דין שיווק,GR,זית יווני במשקל,קילוגרמים,1.00,"ק""ג",true,,59.00,59.0000,true,1,5077
7290009090017,false,תבלינים בקבוצה 4 במש,נפטון,IL,תבלינים בקבוצה 4 במש,קילוגרמים,1.00,"ק""ג",true,,100.00,100.0000,true,1,2663
7290009951394,false,חלבה וניל תפזורת,אקאר,IL,חלוה במשקל,קילוגרמים,1.00,"ק""ג",true,,49.00,49.0000,true,1,3097
7290009951431,false,פירות אקזוטיים במשקל,דין שיווק,VN,פירות טרופיים במשקל,קילוגרמים,1.00,"ק""ג",true,,80.00,80.0000,true,1,2722
7290009951455,false,תבלינים / פלפל,,IL,תבלינים / פלפל,קילוגרמים,1.00,"ק""ג",true,,75.00,75.0000,true,1,4443
7290009953145,false,תמר מגהול מיקס שקיל,דין שיווק,IL,תמר מגהול מיקס שקיל,קילוגרמים,1.00,"ק""ג",true,,29.00,29.0000,true,1,18647
7290009953527,false,פיסטוק קלוי מיקס שקי,דין שיווק,US,פיסטוק קלוי מיקס שקי,קילוגרמים,1.00,"ק""ג",true,,69.00,69.0000,true,1,18648
7290010066599,false,נתחי טונה בשמן זית 4*158ג' פילטונה,תעשיות פילטונה,IL,טונה בשמן זית פילטונ,גרמים,640.00,100 גרם,false,,26.90,0.0420,true,1,10197
7290010116980,false,אבקת שוקולית שקית עלית 850 ג',הנסיך- מפעל לייצור ט,IL,שוקולית 850 גרם,גרמים,850.00,100 גרם,false,,14.90,0.0175,true,1,1754
7290010117864,false,דוריטוס בטעם חריף אש,שטראוס פריטו ליי בע,IL,דוריטוס בטעם חריף אש,גרמים,70.00,100 גרם,false,,3.20,0.0457,true,1,1756
7290010151776,false,יין דרימיה קברנה סוב,חבל יתיר,IL,יין דרימיה קברנה סוב,מיליליטרים,750.00,"100 מ""ל",false,,119.90,0.1599,true,1,54212
7290010153688,false,"חומץ טבעי מיה 1 ליטר בד""צ",פרידמן תעשיות חומץ ו,IL,חומץ טבעי 5% מיה 1 ל,קילוגרמים,1.00,ליטר,false,,4.90,4.9000,true,1,19829
7290010153817,false,ריבת חלב אמיתי 400גרם,מיה תעשיות מזון בעמ,IL,ריבת חלב מיה 400 גרם,גרמים,400.00,100 גרם,false,,9.90,0.0248,true,1,1767
7290010153848,false,תבלין פפריקה מרוקאי בשמן 80 גר' מיה,מיה תעשיות מזון בעמ,IL,פפריקה מתוקה בשמן מי,גרמים,80.00,100 גרם,false,,5.80,0.0725,true,1,1769
7290010153855,false,פפריקה מרוקאית בשמן 300גרם צנצנת,מיה תעשיות מזון בעמ,IL,פפריקה מרוקאית בשמן,גרמים,300.00,100 גרם,false,,14.90,0.0497,true,1,16907
7290010153862,false,תבלין פלפל שחור גרוס 70 גר',מיה תעשיות מזון בעמ,IL,פלפל שחור גרוס מיה 7,גרמים,70.00,100 גרם,false,,6.90,0.0986,true,1,1770
7290010153879,false,ריבת חלב מרוכזת בטעם שמנת מיה 400 גר',מיה תעשיות מזון בעמ,IL,ריבת חלב בטעם שמנת מ,גרמים,400.00,100 גרם,false,,9.90,0.0248,true,1,1771
7290010154005,false,סחוג תימני ירוק 250 ביטון,תבליני ביטון יוחאי,IL,סחוג תימני ביטון 250,גרמים,250.00,100 גרם,false,,13.50,0.0540,true,1,1773
7290010154012,false,לימון בלאדי - סלט לימון כבוש,תבליני ביטון יוחאי,IL,לימון בלאדי ביטון 25,גרמים,250.00,100 גרם,false,,13.50,0.0540,true,1,1774
7290010154029,false,אריסה מתוקה ביטון 250 ג',תבליני ביטון,IL,אריסה מתוקה ביטון 25,גרמים,250.00,100 גרם,false,,13.50,0.0540,true,1,1775
7290010154265,false,פלפל צ'ומה חריף פיקנטי,תבליני ביטון יוחאי,IL,פלפל צומה ביטון 250,גרמים,250.00,100 גרם,false,,13.50,0.0540,true,1,1776
7290010154678,false,אריסה מרוקאית ביטון 250 ג' ביטון,תבליני ביטון יוחאי,IL,אריסה חריף פיקנטי בי,גרמים,250.00,100 גרם,false,,13.50,0.0540,true,1,32212
7290010154685,false,סלט שום כתוש 250 ג' ביטון יוחאי,תבליני ביטון יוחאי,IL,שום כתוש ביטון 250 ג,גרמים,250.00,100 גרם,false,,13.50,0.0540,true,1,32213
7290010163069,false,צנובר שקדיה 100 גר,אף.סי תבליני בגליל ב,IL,צנובר 100 גרם,גרמים,100.00,100 גרם,false,,19.90,0.1990,true,1,3062
7290010175819,false,חמאת בוטנים קלאסית ט,ניצה אס סיי,AR,חמאת בוטנים קלאסית ט,גרמים,510.00,100 גרם,false,,11.90,0.0233,true,1,39016
7290010175826,false,חמאת בוטנים עם שברי בוטנים 510 גר',ניצה אס סיי,AR,חמאת בוטנים שברי בוט,גרמים,510.00,100 גרם,false,,11.90,0.0233,true,1,39017
7290010175840,false,לבבות דקל שלמים במי מלח,אינאקספו,UY,לבבות דקל שלם טעים 4,גרמים,400.00,100 גרם,false,,11.50,0.0288,true,1,3648
7290010175857,false,פרוסות לבבות דקל 400 ג' טעמן,אינאקספו,UY,לבבות דקל פרוס טעים,גרמים,400.00,100 גרם,false,,10.50,0.0263,true,1,3647
7290010176014,false,מיץ לימון טרי 1 ליטר (סחוט מ-32 לימונים),,,מיץ לימון משומר טעמן,קילוגרמים,1.00,ליטר,false,,9.90,9.9000,true,1,1782
7290010176212,false,נודלס בטעם עוף בכוס 65 גר' טעמן,זיזיאנג גרין הום פוד,CN,תאי נודלס בטעם עוף ט,גרמים,65.00,100 גרם,false,,3.90,0.0600,true,1,35833
7290010176229,false,נודלס בטעם בקר בכוס 65 גר' טעמן,זיזיאנג גרין הום פוד,CN,תאי נודלס בטעם בקר ט,גרמים,65.00,100 גרם,false,,3.90,0.0600,true,1,35915
7290010176236,false,נודלס בטעם ירקות בכוס 65 גר' טעמן,זיזיאנג גרין הום פוד,CN,תאי נודלס בטעם ירקות,גרמים,65.00,100 גרם,false,,3.90,0.0600,true,1,35834
7290010176243,false,נודלס בטעם סיני בכוס 65 גר' טעמן,זיזיאנג גרין הום פוד,CN,תאי נודלס בטעם סיני,גרמים,65.00,100 גרם,false,,3.90,0.0600,true,1,35914
7290010192120,false,צנונית ארוזה 400 גרם,חקלאי,IL,צנונית ארוזה 400 גרם,גרמים,400.00,100 גרם,false,,5.90,0.0148,true,1,27752
7290010193288,false,"קישקע ממולא 500 גר' במגש בד""ץ",מ ב גלאט עוף למהדרין,IL,קישקע גלאט עוף 500 ג,גרמים,500.00,100 גרם,false,,14.90,0.0298,true,1,2920
7290010193448,false,פסטרמה רומנית ג.עוף,מ ב גלאט עוף למהדרין,IL,פסטרמה רומנית ג.עוף,גרמים,400.00,100 גרם,false,,29.90,0.0747,true,1,7133
7290010193479,false,מעדן שווארמה הודו קפוא 200 גר' גלאט,מ ב גלאט עוף למהדרין,IL,מעדן שווארמה ג.עוף 2,גרמים,200.00,100 גרם,false,,13.90,0.0695,true,1,7132
7290010193486,false,פסטרמה חזה הודו מעושן 400 גרם,מ ב גלאט עוף למהדרין,IL,חזה הודו מעושן ג.עוף,גרמים,400.00,100 גרם,false,,28.90,0.0722,true,1,7131
7290010193493,false,פסטרמה חזה הודו מעושנת 200ג' גלאט,מ ב גלאט עוף למהדרין,IL,חזה הודו מעושן ג.עוף,גרמים,200.00,100 גרם,false,,15.90,0.0795,true,1,7130
7290010193523,false,פסטרמה מעודנת גלאט עוף 400 גרם,מ ב גלאט עוף למהדרין,IL,פסטרמה מעודנת ג.עוף,גרמים,400.00,100 גרם,false,,21.90,0.0547,true,1,7137
7290010193530,false,נקניק קבנוס ג.עוף 18,מ ב גלאט עוף למהדרין,IL,נקניק קבנוס ג.עוף 18,גרמים,180.00,100 גרם,false,,12.90,0.0717,true,1,7134
7290010193608,false,מ.ב גלאט נקניקיות 3*300ג,מ ב גלאט עוף למהדרין,IL,מארז נקניקיות ג.עוף,גרמים,900.00,100 גרם,false,,19.90,0.0221,true,1,7135
7290010193806,false,נקניקיות עוף קפוא גל,גלאט עוף,IL,נקניקיות עוף קפוא גל,גרמים,400.00,100 גרם,false,,9.90,0.0248,true,1,7136
7290010193837,false,נגיסי עוף גלאט עוף 2,מ ב גלאט עוף למהדרין,IL,נגיסי עוף גלאט עוף 2,פריט,2.00,"ק""ג",false,,59.90,29.9500,true,1,8385
7290010193844,false,טבעות עוף גלאט עוף 1,מ ב גלאט עוף למהדרין,IL,טבעות עוף גלאט עוף 1,פריט,1.80,"ק""ג",false,,59.90,33.2778,true,1,8386
7290010193851,false,"מ.ג גלאט שניצל אמריקאי 2 ק""ג",מ ב גלאט עוף למהדרין,IL,שניצל אמריקאי גלאט ע,פריט,2.00,"ק""ג",false,,59.90,29.9500,true,1,8384
7290010193875,false,נקניקיות עוף ג.עוף 1,מ ב גלאט עוף למהדרין,IL,נקניקיות עוף ג.עוף 1,פריט,1.50,"ק""ג",false,,29.90,19.9333,true,1,7746
7290010193929,false,שניצלונים בשומשום גל,מ ב גלאט עוף למהדרין,IL,שניצלונים בשומשום גל,פריט,1.30,"ק""ג",false,,59.90,46.0769,true,1,9870
7290010193981,false,נקניק הודו שלם 400 גרם בדץ,מ ב גלאט עוף למהדרין,IL,נקניק הודו ג.עוף 400,גרמים,400.00,100 גרם,false,,24.90,0.0622,true,1,27917
7290010237890,false,"בירה הייניקן בקבוק 500 מ""ל חוזר",טמפו משקאות בע''מ,IL,בירה היינקן ב.חוזר 5,מיליליטרים,500.00,"100 מ""ל",false,,8.90,0.0178,true,1,5639
7290010259991,false,וילי פוד צנימים בדץ 250ג,קריות זול,PT,צנימים ויליפוד 250 ג,גרמים,250.00,100 גרם,false,,7.90,0.0316,true,1,6804
7290010318230,false,אלספה כשר אלטמן,,,אלספה כשר אלטמן,Unknown,0.00,יחידה,false,,129.90,0.0000,true,1,62347
7290010328093,false,ממרח חלווה אחווה 400 ג' מהדרין,אחדות בית חרושת לטחי,IL,ממרח חלוה אחוה 400 ג,גרמים,400.00,100 גרם,false,,9.90,0.0248,true,1,19247
7290010328178,false,חלבה מסולסלת שערות אחוה 250 ג',אחדות ביחר לטחינה חל,IL,חלוה מסולסלת אחוה 25,גרמים,250.00,100 גרם,false,,10.90,0.0436,true,1,1799
7290010328239,false,טחינה גולמית מתובלת אחווה 500 ג',אחדות ביחר לטחינה חל,IL,טחינה מתובלת אחוה 50,גרמים,500.00,100 גרם,false,,10.90,0.0218,true,1,1800
7290010328345,false,חלווה 50 גר' וניל אחדות,אחדות ביחר לטחינה חל,IL,חטיף חלוה וניל אחוה,גרמים,50.00,100 גרם,false,,1.60,0.0320,true,1,4610
7290010328468,false,אחוה חטיפי מיני חלווה 12*18 יח,שוורצקוף& הנקל דיסלד,IL,חטיפי מיני חלוה אחוה,גרמים,216.00,100 גרם,false,,9.80,0.0454,true,1,11412
7290010328505,false,"חלבה חטיפי מיני לייטר לל""ס אחוה 150ג'",אחדות ביחר לטחינה חל,IL,חטיפי מיני חלוה ללא,גרמים,150.00,100 גרם,false,,9.80,0.0653,true,1,11413
7290010328680,false,עוגה שוקולדו שוקוצ'יפ מריר ולבן אחוה 450ג',אחדות ביחר לטחינה חל,IL,עוגת שוקולד ציפס מרי,גרמים,450.00,100 גרם,false,,9.80,0.0218,true,1,13137
7290010328710,false,קיצפיות אחווה 180 גר,אחדות ביחר לטחינה חל,IL,קצפיות אחוה 180 גרם,גרמים,180.00,100 גרם,false,,7.90,0.0439,true,1,25272
7290010328727,false,ממרח טחינה עם שוקולד אחווה 400 ג',אחדות ביחר לטחינה חל,IL,ממרח שומשום עם שוקול,גרמים,400.00,100 גרם,false,,9.90,0.0248,true,1,19855
7290010328734,false,ממרח טחינה עם סילאן משומשום מלא,אחדות ביחר לטחינה חל,IL,ממרח שומשום עם סילאן,גרמים,400.00,100 גרם,false,,9.90,0.0248,true,1,20900
7290010328765,false,חלבה חטיף שוקו וניל וחלבה אחווה 50 גרם,אחדות ביחר לטחינה חל,IL,חטיף חלוה שוקו וניל,גרמים,50.00,100 גרם,false,,1.60,0.0320,true,1,25662
7290010328789,false,עוגה וניל אחדות 350 גר',אחדות ביחר לטחינה חל,IL,עוגת וניל אחדות 350,גרמים,350.00,100 גרם,false,,6.50,0.0186,true,1,23219
7290010328796,false,עוגה שוקולד אחדות 350 גר',אחדות ביחר לטחינה חל,IL,עוגת שוקולד אחדות 35,גרמים,350.00,100 גרם,false,,6.50,0.0186,true,1,23220
7290010328802,false,עוגה וניל שוקוצ'יפס אחדות 350 גר',אחדות ביחר לטחינה חל,IL,עוגת שוקולד ציפס אחד,גרמים,350.00,100 גרם,false,,6.50,0.0186,true,1,23221
7290010328819,false,"ממרח טחינה עם שוקולד לל""ס 400 ג' אחדות!.",אחדות ביחר לטחינה חל,IL,ממרח שומשום עם שוקול,גרמים,400.00,100 גרם,false,,9.90,0.0248,true,1,23995
7290010328895,false,מאפין בטעם שוקולד45 גרם אחוה,אחדות ביחר לטחינה חל,IL,מאפין שוקולד אחוה 45,גרמים,45.00,100 גרם,false,,1.30,0.0289,true,1,24675
7290010328901,false,מאפין בטעם וניל 45 גרם אחוה,אחדות ביחר לטחינה חל,IL,מאפין וניל אחוה 45 ג,גרמים,45.00,100 גרם,false,,1.30,0.0289,true,1,25841
7290010471669,false,יוגורט תות עם קורנפלקס מצופה שוקולד ללא גלוטן 3.9%,"שטראוס בריאות בע""מ",IL,דנונה בר תות וקורנפל,גרמים,175.00,100 גרם,false,,3.90,0.0223,true,1,2820
7290010472307,false,מארז 8 יחידות משקה גמדים בטעם תות בננה,מיוצר עי קונדיטוריית,IL,מארז משקה גמדים תות,גרמים,800.00,100 גרם,false,,19.90,0.0249,true,1,23891
7290010472390,false,מארז 8 יחידות מעדן דני בטעם שוקולד 1.5%,מיוצר עי קונדיטוריית,IL,מארז דני שוקולד 8*12,קילוגרמים,1.00,ליטר,false,,14.50,14.5000,true,1,1809
7290010513703,false,צ'ופסטיקס צפצפה - 20 יחידות,גולין פנגזו,CN,צופסטיקס מזרח ומערב,Unknown,0.00,יחידה,false,,6.90,0.0000,true,1,50383
7290010513727,false,פנקו פרורי לחם 200 גרם (קינגדאו),קינגדאו גוניון פודס,CN,פנקו פירורי לחם מזרח,גרמים,200.00,100 גרם,false,,7.90,0.0395,true,1,49083
7290010561148,false,שליש באגט ל.גלוטן בר,"ל.ד בר אל בע""מ",IL,שליש באגט ל.גלוטן בר,גרמים,360.00,100 גרם,false,,9.90,0.0275,true,1,16856
7290010561193,false,לחמניות נקניקיה ל.גל,"ל.ד בר אל בע""מ",IL,לחמניות נקניקיה ל.גל,גרמים,330.00,100 גרם,false,,4.90,0.0148,true,1,16854
7290010561216,false,פיתות ל.גלוטן בראל 5,"ל.ד בר אל בע""מ",IL,פיתות ל.גלוטן בראל 5,גרמים,420.00,100 גרם,false,,9.90,0.0236,true,1,19237
7290010561247,false,לחם ביתי ל.גלוטן ברא,"ל.ד בר אל בע""מ",IL,לחם ביתי ל.גלוטן ברא,גרמים,500.00,100 גרם,false,,4.90,0.0098,true,1,16853
7290010561278,false,לחמניות המבורגר ל.גל,"ל.ד בר אל בע""מ",IL,לחמניות המבורגר ל.גל,גרמים,370.00,100 גרם,false,,4.90,0.0132,true,1,16855
7290010608096,false,יין יפו קברנה סובניו,יקב טרנקבל,IL,יין יפו קברנה סובניו,מיליליטרים,750.00,"100 מ""ל",false,,89.90,0.1199,true,1,61476
7290010608201,false,יין יפו מלבק 2019,יקב טרנקבל,IL,יין יפו מלבק 2019,מיליליטרים,750.00,"100 מ""ל",false,,89.90,0.1199,true,1,61477
7290010617180,false,"זוג מוצצים סיליקון אורטו-'L""מרכז""",אריסטוקרט,,מוצץ גדול סדרת פרחים,Unknown,0.00,יחידה,false,,16.90,0.0000,true,1,2796
7290010617203,false,סינר האכלה לתינוק אר,אריסטוקרט,,סינר האכלה לתינוק אר,Unknown,0.00,יחידה,false,,11.90,0.0000,true,1,2801
7290010617241,false,זוג מוצצים סיליקון אורטודנטיים M,אריסטוקרט,,מוצץ בינוני סדרת פרח,Unknown,0.00,יחידה,false,,16.90,0.0000,true,1,1817
7290010617258,false,מוצץ סיליקון קטן לרך נולד פרח זוגי,אריסטוקרט,,מוצץ קטן סדרת פרחים,Unknown,0.00,יחידה,false,,16.90,0.0000,true,1,1818
7290010617555,false,"כוס אימון מהפכנית 555 מ""ל",אריסטוקרט,,כוס אימון מהפכנית לת,Unknown,0.00,יחידה,false,,10.90,0.0000,true,1,2794
7290010617593,false,כוס אימון +ידית רכות במיוחד,אריסטוקרט,,כוס אימון יוקרתית לת,Unknown,0.00,יחידה,false,,14.90,0.0000,true,1,3031
7290010617609,false,מוצצים מצויירים בינוני,אריסטוקרט,,מוצץ סיליקון בינוני,Unknown,0.00,יחידה,false,,13.90,0.0000,true,1,2795
7290010617623,false,"כוס אימון עם ידיות 623 מ""ל",אריסטוקרט,,כוס אימון פרימיום לת,Unknown,0.00,יחידה,false,,14.90,0.0000,true,1,3030
7290010617746,false,משחת נעליים+ידית שחור,אריסטוקרט,TR,משחת נעליים שחור+ידי,מיליליטרים,60.00,"100 מ""ל",false,,3.90,0.0650,true,1,1822
7290010617906,false,מברשת לניקוי בקבוק נצמדת..,אריסטוקרט,,מברשת פרימיום לניקוי,Unknown,0.00,יחידה,false,,12.90,0.0000,true,1,3504
7290010617920,false,מחזיק למוצץ אריסטוקר,אריסטוקרט,,מחזיק למוצץ אריסטוקר,Unknown,0.00,יחידה,false,,12.90,0.0000,true,1,3505
7290010650019,false,עולש אנדיב בלגי חוות,מרינה פטריות הגליל,IL,אנדיב - עולש,Unknown,0.00,יחידה,false,,13.90,0.0000,true,1,19997
7290010650828,false,פטריות שימאגי לבן/חו,ביכורי שדה דרום 2002,IL,פטריות שימגי,Unknown,0.00,יחידה,false,,13.90,0.0000,true,1,37730
7290010650996,false,פטריות שימגי חומות 1,שנגחאי פינק פוד קומפ,IL,פטריות שימגי חומות,Unknown,0.00,יחידה,false,,13.90,0.0000,true,1,56561
7290010654567,false,גבינה פרמזן מגורדת,מחלבת כפר תבור,,גבינת פרמזן מגורדת 100 גרם מגורד,גרמים,100.00,100 גרם,false,1,11.90,0.1190,true,1,26155
7290010656592,false,מיץ ענבים תירוש אדום 100% טבעי 1 ליטר,יקב טפרברג 1870 בעמ,IL,מיץ ענבים תירוש אדום,קילוגרמים,1.00,ליטר,false,,16.90,16.9000,true,1,5930
7290010656615,false,מיץ ענבים תירוש לבן 100% טבעי 1 ליטר,יקב טפרברג 1870 בעמ,IL,מיץ ענבים תירוש לבן,קילוגרמים,1.00,ליטר,false,,16.90,16.9000,true,1,5931
7290010676712,false,פילה סול ארוז קפוא,,,פילה סול פאר הדג,פריט,1.00,"ק""ג",false,,27.90,27.9000,true,1,7239
7290010757893,false,"בורקס תפו""א ללא גלוטן פרווה - מוקפא",מאפיית ישראל חיפה,IL,"בורקס תפו""א ל.גלוטן",גרמים,500.00,100 גרם,false,,19.90,0.0398,true,1,59832
7290010757909,false,בורקס גבינה ללא גלוטן - מוקפא,מאפיית ישראל חיפה,IL,בורקס גבינה ל.גלוטן,גרמים,500.00,100 גרם,false,,19.90,0.0398,true,1,59833
7290010757916,false,בורקס פיצה ללא גלוטן,מאפיית ישראל חיפה,IL,בורקס פיצה ל.גלוטן א,גרמים,500.00,100 גרם,false,,19.90,0.0398,true,1,59830
7290010757923,false,ריבועי בצק עלים ל.גל,מאפיית ישראל חיפה,IL,ריבועי בצק עלים ל.גל,גרמים,450.00,100 גרם,false,,19.90,0.0442,true,1,59829
7290010757930,false,מלאווח ללא גלוטן פרווה - מוקפא,מאפיית ישראל חיפה,IL,מלוואח ל.גלוטן אריאל,גרמים,500.00,100 גרם,false,,19.90,0.0398,true,1,59834
7290010757947,false,בורקס פטריות ללא גלו,מאפיית ישראל חיפה,IL,בורקס פטריות ל.גלוטן,גרמים,500.00,100 גרם,false,,19.90,0.0398,true,1,59831
7290010757954,false,זיווה גבינה ללא גלוט,מאפיית ישראל חיפה,IL,זיווה גבינה ל.גלוטן,גרמים,500.00,100 גרם,false,,19.90,0.0398,true,1,59835
7290010757961,false,ג'חנון ל.גלוטן אריאל,מאפיית ישראל חיפה,IL,ג'חנון ל.גלוטן אריאל,גרמים,450.00,100 גרם,false,,19.90,0.0442,true,1,59836
7290010766949,false,ממרח תחתיות ארטישוק 180ג' אוליביה,אוליביה,IL,ממרח תחתיות ארטישיוק,גרמים,180.00,100 גרם,false,,9.90,0.0550,true,1,47468
7290010766956,false,אוליביה ממרח פלפלים מתוקים אדומים 180 גר,אוליביה,IL,ממרח פלפלים קלויים א,גרמים,180.00,100 גרם,false,,9.90,0.0550,true,1,47469
7290010777150,false,פיתה חיטה מלאה בריבוע 8יח' שקית 800 גר',מגוון שיווק והפצת מא,IL,פיתות מרובעות קמח מל,גרמים,800.00,100 גרם,false,,13.90,0.0174,true,1,5671
7290010777280,false,פיתות מרובעות פיתה א,שאשא,IL,פיתות מרובעות פיתה א,פריט,1.00,"ק""ג",false,,12.90,12.9000,true,1,5555
7290010777297,false,פיתה אקספרס מארז 12יח',מגוון שיווק והפצת מא,IL,פיתות פיתה אקספרס 10,גרמים,600.00,100 גרם,false,,12.90,0.0215,true,1,5553
7290010777358,false,פיתה כוסמין אקספרס מארז 8יח',מגוון שיווק והפצת מא,IL,מארז פיתות 100% כוסמ,גרמים,400.00,100 גרם,false,,15.90,0.0398,true,1,36290
7290010777488,false,פיתות מחמצת 100% קמח מלא 10 יח,מאפיית ביכורים מזון,IL,מארז פיתות מחמצת קמח,גרמים,500.00,100 גרם,false,,15.90,0.0318,true,1,61806
7290010777525,false,פיתות 100% כוסמין דק 99 קל 6 יח,מאפיית ביכורים מזון,IL,מארז פיתות חוכמת הפי,גרמים,300.00,100 גרם,false,,15.90,0.0530,true,1,61807
7290010883356,false,כפפות אלוורה רב שימושיות מרופדות גדול L,סנו סושי,CN,כפפות אלוורה L סנו ס,Unknown,0.00,יחידה,false,,8.90,0.0000,true,1,1837
7290010883363,false,כפפות אלוורה רב שימושיות מרופדות קטן S,האי נאם סי או אל.טי.,CN,כפפות אלוורה S סנו ס,Unknown,0.00,יחידה,false,,8.90,0.0000,true,1,1838
7290010883370,false,כפפות אלוורה רב שימושיות מרופדות בינוני M,האי נאם סי או אל.טי.,CN,כפפות אלוורה M סנו ס,Unknown,0.00,יחידה,false,,8.90,0.0000,true,1,1839
7290010931330,false,סלט מטבוחה אחלה 500ג,מיוצר עי קונדיטוריית,IL,מטבוחה אחלה 500 גרם,גרמים,500.00,100 גרם,false,,13.90,0.0278,true,1,2817
7290010945146,false,קוטג' 3% מועשר בסידן טרה 250 ג' מהדרין,קריות זול,IL,קוטג 3% טרה 250 גרם,גרמים,250.00,100 גרם,false,,5.70,0.0228,true,1,1840
7290010945306,false,חלב 3% בקרטון 2 ל' טרה,קריות זול,IL,חלב 3% טרה 2 ליטר,קילוגרמים,2.00,ליטר,false,,12.30,6.1500,true,1,1841
7290010945450,false,טרה גבינה לבנה מהדרין 3% 250ג,קריות זול,IL,גבינה 3% טרה 250 גרם,גרמים,250.00,100 גרם,false,,4.90,0.0196,true,1,1842
7290010984565,false,זית חרוזית בני דרום,בני דרום,IL,זית חרוזית בני דרום,גרמים,820.00,100 גרם,false,,9.90,0.0121,true,1,30127
7290010984572,false,זית טבעות בני דרום 8,בני דרום,IL,זית טבעות בני דרום 8,גרמים,820.00,100 גרם,false,,9.90,0.0121,true,1,30128
7290010984602,false,זית סורי מבוקע בני ד,בני דרום,IL,זית סורי מבוקע בני ד,גרמים,820.00,100 גרם,false,,12.90,0.0157,true,1,30124
7290010984626,false,מלפפון במלח גדול בני,בני דרום,IL,מלפפון במלח גדול בני,גרמים,820.00,100 גרם,false,,6.90,0.0084,true,1,30133
7290010984633,false,מלפפון במלח בינוני ב,בני דרום,IL,מלפפון במלח בינוני ב,גרמים,820.00,100 גרם,false,,7.90,0.0096,true,1,30134
7290010984640,false,מלפפון במלח קטן בני,בני דרום,IL,מלפפון במלח קטן בני,גרמים,820.00,100 גרם,false,,9.50,0.0116,true,1,30135
7290010984657,false,מלפפון במלח קטן מאוד,בני דרום,IL,מלפפון במלח קטן מאוד,גרמים,820.00,100 גרם,false,,11.90,0.0145,true,1,30136
7290010984671,false,מלפפון בחומץ גדול בנ,בני דרום,IL,מלפפון בחומץ גדול בנ,גרמים,820.00,100 גרם,false,,6.90,0.0084,true,1,30129
7290010984688,false,מלפפון בחומץ בינוני,בני דרום,IL,מלפפון בחומץ בינוני,גרמים,820.00,100 גרם,false,,7.90,0.0096,true,1,30130
7290010984695,false,מלפפון בחומץ קטן בני,בני דרום,IL,מלפפון בחומץ קטן בני,גרמים,820.00,100 גרם,false,,9.50,0.0116,true,1,30131
7290010984701,false,מלפפון בחומץ קטן מאו,בני דרום,IL,מלפפון בחומץ קטן מאו,גרמים,820.00,100 גרם,false,,11.90,0.0145,true,1,30132
7290010984794,false,פלפל שיפקה בני דרום,בני דרום,IL,פלפל שיפקה בני דרום,גרמים,820.00,100 גרם,false,,7.50,0.0091,true,1,45420
7290011017866,false,קוקה קולה קלאסי בפחית,החברה המרכזית לייצור,IL,"קוקה קולה 330 מ""ל",מיליליטרים,330.00,"100 מ""ל",false,,4.90,0.0148,true,1,50597
7290011017873,false,"קוקה קולה זירו פחית 330 מ""ל",החברה המרכזית לייצור,IL,קוקה קולה זירו 330 מ,מיליליטרים,330.00,"100 מ""ל",false,,4.90,0.0148,true,1,50598
7290011018443,false,"פנטה אורנג פחית סליק 330 מ""ל",החברה המרכזית לייצור,IL,"פאנטה אורנג' 330 מ""ל",מיליליטרים,330.00,"100 מ""ל",false,,4.90,0.0148,true,1,50600
7290011022976,false,נייר אלומיניום אור 1,גי.טי,IL,נייר אלומיניום אור 1,מטרים,60.00,מטר,false,,23.90,0.3983,true,1,64027
7290011064099,false,טאפס פלפלוני שרי ממולאים במעדן גבינה,"ניצן מותגי מזון בע""מ",IL,טאפס פלפלים ממולאים,גרמים,125.00,100 גרם,false,,16.90,0.1352,true,1,26200
7290011091057,false,פפריקה מתוקה 500 ג פרג,תבליני הדור השלישי,IL,פפריקה מתוקה פרג 500,גרמים,500.00,100 גרם,false,,34.90,0.0698,true,1,2444
7290011091071,false,פפריקה חריפה בשמן פר,תבליני הדור השלישי,IL,פפריקה חריפה בשמן פר,גרמים,500.00,100 גרם,false,,34.90,0.0698,true,1,2443
7290011091088,false,כורכום פרג 500 גרם,תבליני הדור השלישי,IL,כורכום פרג 500 גרם,גרמים,500.00,100 גרם,false,,34.90,0.0698,true,1,2442
7290011091095,false,חוואיג למרק פרג 500,תבליני הדור השלישי,IL,חוואיג למרק פרג 500,גרמים,500.00,100 גרם,false,,34.90,0.0698,true,1,2441
7290011091118,false,גריל עוף פרג 500 גרם,תבליני הדור השלישי,IL,גריל עוף פרג 500 גרם,גרמים,500.00,100 גרם,false,,34.90,0.0698,true,1,2439
7290011091392,false,תבלין בהרט לקובה 100 גרם,תבליני הדור השלישי,IL,בהרט לקובה פרג 120 ג,גרמים,100.00,100 גרם,false,,14.90,0.1490,true,1,3296
7290011091507,false,פלפל שחור טחון 120 גרם,תבליני הדור השלישי,IL,פלפל שחור טחון פרג 1,גרמים,100.00,100 גרם,false,,13.90,0.1390,true,1,2437
7290011091651,false,שום גבישי פרג 150 גר,תבליני הדור השלישי,IL,שום גבישי פרג 150 גר,גרמים,150.00,100 גרם,false,,15.90,0.1060,true,1,25622
7290011108045,false,סלרי מהדרין יח',מרינה,IL,סלרי מהדרין יח',Unknown,0.00,יחידה,false,,5.90,0.0000,true,1,15320
7290011115166,false,נקה 7 ארומה סבון נוזלי לבנדר 1 ל',טרופיקל דגיל תעשיות,IL,תחליב נקה 7 לבנדר 1,קילוגרמים,1.00,ליטר,false,,11.90,11.9000,true,1,1861
7290011115173,false,נקה 7 ארומה סבון נוזלי וניל 1 ל',טרופיקל דגיל תעשיות,IL,תחליב נקה 7 וניל שקד,קילוגרמים,1.00,ליטר,false,,11.90,11.9000,true,1,1862
7290011115203,false,אל סבון מוצק מבושם בניחוח עדין קלאסיק - מארז רביעיה,טרופיקל דגיל תעשיות,IL,סבון מוצק נקה 7 ורוד,גרמים,400.00,100 גרם,false,,10.90,0.0273,true,1,1863
7290011115241,false,אל סבון ארומטי מוצק ורוד ורד ויסמין - מארז רביעיה,גליל כימיקלים בעמ,IL,סבון מוצק נקה 7 ורד,גרמים,400.00,100 גרם,false,,10.90,0.0273,true,1,1864
7290011115258,false,אל סבון מוצק מבושם בניחוח עדין קלאסיק - מארז רביעיה,גליל כימיקלים בעמ,IL,סבון מוצק נקה 7 ירוק,גרמים,400.00,100 גרם,false,,10.90,0.0273,true,1,1865
7290011115265,false,מארז סבון מוצק ארומה אל סבון מועשר בשמנים ארומטיים,גליל כימיקלים בעמ,IL,סבון מוצק נקה 7 לבנד,גרמים,400.00,100 גרם,false,,10.90,0.0273,true,1,1866
7290011115401,false,אל סבון ארומטי מוצק צהוב קמומיל - רביעייה,נקה 7,IL,סבון מוצק נקה 7 קמומ,גרמים,400.00,100 גרם,false,,10.90,0.0273,true,1,3178
7290011126209,false,תה הגן הקסום תפוח וקינמון - סיידר 25 שקיקים,קריות זול,IL,חליטת תפוח וקינמון ס,גרמים,68.00,100 גרם,false,,16.90,0.2485,true,1,12733
7290011126452,false,תה הגן הקסום קמומיל ונענע 25 יח',קריות זול,IL,תה קמומיל נענע הגן ק,גרמים,38.00,100 גרם,false,,16.90,0.4447,true,1,1868
7290011126469,false,תה קמומיל ודבש 1.5ג' *25 שקיקים,קריות זול,IL,תה קמומיל ודבש הגן ק,גרמים,38.00,100 גרם,false,,16.90,0.4447,true,1,1869
7290011126957,false,תה יסוצקי ירוק ארל גריי 25 יח',ויסוצקי ירוק,IL,תה ירוק ארל גריי 25,גרמים,38.00,100 גרם,false,,19.90,0.5237,true,1,5935
7290011133375,false,בירה שנדי בתוספת משקה אפרסק - שישייה,"טמפו משקאות בע""מ",IL,מארז בירה שנדי אפרסק,קילוגרמים,1.98,ליטר,false,,27.90,14.0909,true,1,4071
7290011133450,false,פקדון בקבוק חוזר 500,,,פקדון בקבוק חוזר 500,Unknown,0.00,יחידה,false,,1.20,0.0000,true,1,5563
7290011133634,false,"פפסי מקס פחית צרה מארז שישייה 330 מ""ל","טמפו משקאות בע""מ",IL,מארז פפסי מקס 6*330,קילוגרמים,1.98,ליטר,false,,16.90,8.5354,true,1,46428
7290011148959,false,פלפל טינקרבל יחידה,"מרינה פטריות הגליל בע""מ",IL,פלפל טינקרבל מארז,Unknown,0.00,יחידה,false,,8.90,0.0000,true,1,26388
7290011154028,false,סירופ תפוע 1.2 ליטר,טעמי הגליל,IL,סירופ תפוע 1.2 ליטר,קילוגרמים,1.20,ליטר,false,,39.90,33.2500,true,1,1872
7290011154301,false,ממרח תמרים טעמי הגלי,טעמי הגליל,IL,ממרח תמרים טעמי הגלי,גרמים,450.00,100 גרם,false,,5.90,0.0131,true,1,2454
7290011154318,false,סילאן טבעי טעמי הגלי,טעמי הגליל,IL,סילאן טבעי טעמי הגלי,גרמים,900.00,100 גרם,false,,19.90,0.0221,true,1,20053
7290011164164,false,לקקן סודה טעמן 40 יח,גואנגדונג צאואן פוד,CN,לקקן סודה טעמן 40 יח,גרמים,310.00,100 גרם,false,,15.90,0.0513,true,1,1875
7290011164539,false,סוכריות טופי ממולא 600 ג',פאסין אס אי,BR,סוכריות פרוטמילה טופ,גרמים,600.00,100 גרם,false,,14.90,0.0248,true,1,1876
7290011164546,false,זאזא טופי אטומיק ממולא 600גר,פאסין אס אי,BR,סוכריות פרוטמילה טופ,גרמים,600.00,100 גרם,false,,14.90,0.0248,true,1,1877
7290011194215,false,מעדן גבינה ויוגורט בטעם בננה 5% שומן 88 ג' דניאלה,"שטראוס בריאות בע""מ",IL,דניאלה בננה 88 גרם,Unknown,0.00,יחידה,false,,3.90,0.0000,true,1,1879
7290011194246,false,קוטג שטראוס 5% עם סידן 250ג,מיוצר עי קונדיטוריית,IL,קוטג 5% שטראוס 250 ג,גרמים,250.00,100 גרם,false,,5.80,0.0232,true,1,1880
7290011249212,false,וופל קראנצ' במילוי בטעם לימון,עלמה,IL,ופלים קראנץ' במילוי,גרמים,200.00,100 גרם,false,,2.90,0.0145,true,1,63155
7290011254070,false,תבלין פלפל שחור בשקית 50ג' מיה,מיה תעשיות מזון בעמ,IL,פלפל שחור שקית מיה 5,גרמים,50.00,100 גרם,false,,6.90,0.1380,true,1,1882
7290011254087,false,תבלין קינמון בשקית 80 גר' מיה,מיה תעשיות מזון בעמ,IL,קינמון שקית מיה 80 ג,גרמים,80.00,100 גרם,false,,3.90,0.0487,true,1,1883
7290011254094,false,תבלין כמון 80גר' שקית,מיה תעשיות מזון בעמ,IL,כמון שקית מיה 80 גרם,גרמים,80.00,100 גרם,false,,3.90,0.0487,true,1,4915
7290011254100,false,תבלין כרכום בשקית 80 גר' מיה,מיה תעשיות מזון בעמ,IL,כורכום שקית מיה 80 ג,גרמים,80.00,100 גרם,false,,3.90,0.0487,true,1,1884
7290011254117,false,תבלין פפריקה מתוקה בשקית 80 גר' מיה,מיה תעשיות מזון בעמ,IL,פפריקה מתוקה שקית מי,גרמים,80.00,100 גרם,false,,3.90,0.0487,true,1,1885
7290011254124,false,תבלין פפריקה חריפה בשקית 80 גר' מיה,מיה תעשיות מזון בעמ,IL,פפריקה חריפה שקית מי,גרמים,80.00,100 גרם,false,,3.90,0.0487,true,1,1886
7290011254131,false,תבלין אורגנו 20גרם- שקית,מיה תעשיות מזון בעמ,IL,אורגנו שקית מיה 20 ג,גרמים,20.00,100 גרם,false,,3.90,0.1950,true,1,4909
7290011254148,false,תבלין אבקת שום 80 ג' מיה,מיה תעשיות מזון בעמ,IL,אבקת שום שקית מיה 80,גרמים,80.00,100 גרם,false,,6.90,0.0863,true,1,1887
7290011254155,false,תבלין מלח לימון בשקית 80 גר' מיה,מיה תעשיות מזון בעמ,IL,מלח לימון שקית מיה 8,גרמים,100.00,100 גרם,false,,3.90,0.0390,true,1,1888
7290011254162,false,תבלין פלפל לבן 80 גר' מיה,מיה תעשיות מזון בעמ,IL,פלפל לבן שקית מיה 50,גרמים,50.00,100 גרם,false,,6.90,0.1380,true,1,1889
7290011254179,false,תבלין גריל עוף בשקית 80 גר' מיה,מיה תעשיות מזון בעמ,IL,גריל עוף שקית מיה 80,גרמים,80.00,100 גרם,false,,3.90,0.0487,true,1,1890
7290011254209,false,תבלין גבישי שום 80 גר' מיה,מיה תעשיות מזון בעמ,IL,גבישי שום שקית מיה 8,גרמים,80.00,100 גרם,false,,6.90,0.0863,true,1,4911
7290011254230,false,תן צ'אפ חטיף טבעות מארז 15X10ג',מיה תעשיות מזון בעמ,IL,מארז תן צאפ טבעות 8*,גרמים,120.00,100 גרם,false,,7.90,0.0658,true,1,1891
7290011254964,false,סוכריות ג'לי טבעי 25X10 גר',מיה תעשיות מזון בעמ,IL,סוכריות גלי טבעי עשי,גרמים,250.00,100 גרם,false,,9.90,0.0396,true,1,2426
7290011312381,false,פטריות חורש למנגל 320 ג',"מרינה פטריות הגליל בע""מ",IL,פטריות סטייק פורטובל,Unknown,0.00,יחידה,false,,12.90,0.0000,true,1,25682
7290011379018,false,פטריות טריות מיקס מרינה זוגי 250X2ג',"מרינה פטריות הגליל בע""מ",IL,מארז פטריות צמד חמד,Unknown,0.00,יחידה,false,,15.90,0.0000,true,1,3675
7290011447359,false,תרכובת מזון המשך לפעוטות מהדרין שלב 1,מולינו ניקולי s.p.a,IL,מטרנה מהדרין שלב 1 7,גרמים,700.00,100 גרם,false,,47.90,0.0684,true,1,1903
7290011447373,false,תרכובת מזון המשך לפעוטות מהדרין שלב 2,מטרנה תעשיות ש.מ,IL,מטרנה מהדרין שלב 2 7,גרמים,700.00,100 גרם,false,,47.90,0.0684,true,1,1904
7290011499051,false,פטה כבשים מסורתית 20% בגביע 250 גרם - רובין,MKN עבור מחלבות גד ב,IL,גבינת פטה כבשים 20%,גרמים,250.00,100 גרם,false,,23.90,0.0956,true,1,1915
7290011499358,false,פטה עיזים מסורתית 20% בגביע 200 גרם - רובין,מיוצר על ידי קוד יצר,IL,גבינת פטה עיזים 20%,גרמים,200.00,100 גרם,false,,24.90,0.1245,true,1,45093
7290011499365,false,גד חלומי 24% 200 גרם רובין,"מחלבות גד בע""מ",IL,גבינה חלומי 24% גד 2,גרמים,200.00,100 גרם,false,,18.90,0.0945,true,1,2634
7290011499419,false,גבינה במרקם שמנת בטעם טבעי 5% ניו יורק,מחלבות גד,IL,גבינה במרקם שמנת טבע,גרמים,200.00,100 גרם,false,,11.40,0.0570,true,1,5450
7290011499686,false,צפתית מיני 5% 350 גרם מהדרין - רובין,מחלבות גד,IL,גבינה צפתית 5% גד 35,גרמים,350.00,100 גרם,false,,19.90,0.0569,true,1,4562
7290011499723,false,גבינה בולגרית פרוסות 250ג',דשן,IL,גבינה בולגרית פרוסות,גרמים,250.00,100 גרם,false,,25.90,0.1036,true,1,4561
7290011499730,false,בולגרית מסורתית 5% גביע 250 גרם מהדרין - רובין,דשן,IL,גבינה בולגרית 5% גד,גרמים,250.00,100 גרם,false,,21.90,0.0876,true,1,4567
7290011499822,false,בולגרית מעודנת 5% 250 גרם מהדרין - רובין,דשן,IL,גבינה בולגרית מעודנת,גרמים,250.00,100 גרם,false,,21.90,0.0876,true,1,6252
7290011499846,false,גבינת ריקוטה פרסקה 9% 300 ג' גד,מחלבות גד בעמ,IL,גבינת ריקוטה פרסקה 9,גרמים,300.00,100 גרם,false,,16.90,0.0563,true,1,22553
7290011501570,false,מיץ שזיפים פרון 946,,US,מיץ שזיפים פרון 946,מיליליטרים,946.00,"100 מ""ל",false,,14.90,0.0158,true,1,7474
7290011514839,false,ספוג רחצה 5 יח',,,ספוג רחצה 5 יח',Unknown,0.00,יחידה,false,,9.90,0.0000,true,1,4543
7290011515683,false,מעדן קפוא אקסטרים Extreme בטעם וניל - 6 יח',תות תעשיות מזון (201,IL,טילוני אקסטרים וניל,גרמים,432.00,100 גרם,false,,23.90,0.0553,true,1,1917
7290011515911,false,שלגונים מופחתי קלוריות בטעם ריבת חלב - 6 יח',גלידות נסטלה (נגה גל,IL,שלגוני לייט נסטלה רי,גרמים,312.00,100 גרם,false,,22.90,0.0734,true,1,3721
7290011518561,false,"אקטימל תות משפחתי מארז 14X100מ""ל",מיוצר עי קונדיטוריית,IL,אקטימל תות דנונה 14*,קילוגרמים,1.40,ליטר,false,,28.90,20.6429,true,1,1919
7290011537371,false,פסטה קונכיות טעמן 500 גר',מוטלו,TR,פסטה קונכיות טעמן 50,גרמים,500.00,100 גרם,false,,3.90,0.0078,true,1,37366
7290011598211,false,"סנו - אנטי קאלק מרסס ניקוי כללי 4 ב-1 700 מ""ל",מיוצר עי קונדיטוריית,IL,תרסיס אנטי קאלק 4 ב-,מיליליטרים,700.00,"100 מ""ל",false,,17.70,0.0253,true,1,1922
7290011598402,false,מרכך כביסה מקסימה מאסק ורוד 4 ל' סנו,סנו מקסימה,IL,מרכך מקסימה מאסק 4 ל,קילוגרמים,4.00,ליטר,false,,21.50,5.3750,true,1,1923
7290011725006,false,פטרוזיליה ארוזה למהדרין,ברכת קטיף,IL,פטרוזליה ברכת דוד,Unknown,0.00,יחידה,false,,5.90,0.0000,true,1,52536
7290011725013,false,כוסברה ארוזה למהדרין,ברכת קטיף,IL,כוסברה ברכת דוד,Unknown,0.00,יחידה,false,,5.90,0.0000,true,1,37863
7290011725020,false,שמיר ארוז למהדרין,ברכת קטיף,IL,שמיר ברכת דוד,Unknown,0.00,יחידה,false,,5.90,0.0000,true,1,27684
7290011725037,false,נענע ארוזה למהדרין,ברכת קטיף,IL,נענע ברכת דוד,Unknown,0.00,יחידה,false,,5.90,0.0000,true,1,52537
7290011725044,false,סלרי ברכת דוד,ברכת קטיף,IL,סלרי ברכת דוד,Unknown,0.00,יחידה,false,,6.90,0.0000,true,1,52486
7290011725051,false,חסה ברכת דוד,ברכת קטיף,IL,חסה ברכת דוד,Unknown,0.00,יחידה,false,,6.90,0.0000,true,1,27663
7290011725068,false,מנגולד סלק עלים אפרתי,ברכת קטיף,IL,מנגולד ברכת דוד,Unknown,0.00,יחידה,false,,6.90,0.0000,true,1,52395
7290011725136,false,דלעת ברכת דוד,ברכת קטיף,IL,דלעת ברכת דוד,Unknown,0.00,יחידה,false,,8.90,0.0000,true,1,62739
7290011725143,false,לבבות חסה ברכת דוד,ברכת קטיף,IL,לבבות חסה ברכת דוד,Unknown,0.00,יחידה,false,,12.90,0.0000,true,1,52534
7290011725167,false,בצל ירוק ארוז למהדרין,,,בצל ירוק ברכת דוד,Unknown,0.00,יחידה,false,,6.90,0.0000,true,1,27652
7290011732172,false,שרשרת 24 יח שקית משפחתית מהדרין,גואנגדונג צאואן פוד,CN,סוכריות שרשרת טעמן 2,גרמים,422.00,100 גרם,false,,15.90,0.0377,true,1,1926
7290011732189,false,צמיד 48 יח שקית משפחתית מהדרין,גואנגדונג צאואן פוד,CN,סוכריות צמיד טעמן 48,גרמים,422.00,100 גרם,false,,15.90,0.0377,true,1,1927
7290011732264,false,סוכריות סודה פרמידה מארז משפחתי 375 גר'.,גואנגדונג צאואן פוד,CN,סוכריות פירמידה טעמן,גרמים,432.00,100 גרם,false,,15.90,0.0368,true,1,1929
7290011732271,false,סוכריות זאזא פ.פלסטיק חמצמץ 8X36ג',גואנגדונג צאואן פוד,CN,סוכריות פירות טעמן 3,גרמים,432.00,100 גרם,false,,15.90,0.0368,true,1,1930
7290011765415,false,"כיף - בוב ספוג מרכך שיער 750 מ""ל",קוסמופארם,IL,מרכך כיף רוזמרין בוב,מיליליטרים,750.00,"100 מ""ל",false,,10.70,0.0143,true,1,1941
7290011765446,false,משחת שיניים לילדים בוב ספוג בטעם מיץ ענבים עם פלואוריד למניעת עששת,טרופיקל דגיל תעשיות,IL,משחת אורביטול ילדים,גרמים,70.00,100 גרם,false,,7.50,0.1071,true,1,1942
7290011800840,false,טחינה בלאדי רפי כהן 400 ג' צבר,סלטי צבר,IL,טחינה בלאדי רפי 400,גרמים,400.00,100 גרם,false,,14.90,0.0373,true,1,3262
7290011877859,false,סנו אינסטלטור חדש פותח סתימות 200ג',מיוצר עי קונדיטוריית,IL,פותח סתימות סנו אינס,מיליליטרים,200.00,"100 מ""ל",false,,12.90,0.0645,true,1,2748
7290011877866,false,אבקת כביסה סנו מקסימה בניחוח Musk,"איי, בי, אינבוו",IL,אבקת מקסימה מאסק 6 ק,פריט,6.00,"ק""ג",false,,44.90,7.4833,true,1,2751
7290011931162,false,סוכרלייט ממתיק נוזלי על בסיס סוכרלוז,אף.סי תבליני בגליל ב,IL,ממתיק נוזלי סוכרלוז,מיליליטרים,220.00,"100 מ""ל",false,,22.90,0.1041,true,1,19851
7290011947521,false,"שמן זית כתית מעולה 750 מ""ל טעם מודגש זיתא",זיתא,IL,שמן זית כתית זיתא טע,מיליליטרים,750.00,"100 מ""ל",false,,27.90,0.0372,true,1,52664
7290011977924,false,טעמן פסטה קרנים\פרפלה 500גרם,מוטלו,TR,פסטה קרניים טעמן 500,גרמים,500.00,100 גרם,false,,3.90,0.0078,true,1,37368
7290012025822,false,סלט סלק אסלי 400 גרם,סלטי שמיר 2006 בעמ,IL,סלט סלק אסלי 400 גרם,גרמים,400.00,100 גרם,false,,10.90,0.0273,true,1,20411
7290012025839,false,מטבוחה שמיר אסלי 400 גרם,סלטי שמיר 2006 בעמ,IL,מטבוחה אסלי 400 גרם,גרמים,400.00,100 גרם,false,,10.90,0.0273,true,1,4196
7290012071003,false,"ד""ר פישר - קמיל בלו משחה לתינוק 200 גרם",פישר מעבדות פרמצבטיו,IL,"משחה לתינוק ד""ר פישר",גרמים,200.00,100 גרם,false,,18.90,0.0945,true,1,48628
7290012116551,false,סנו אנטי קאלק רב שימושי 4ב1- 2 ליטר,מיוצר עי קונדיטוריית,IL,נוזל אנטי קאלק 4 ב-1,קילוגרמים,2.00,ליטר,false,,17.90,8.9500,true,1,2741
7290012116612,false,אורביטול מברשת שיניים מארז 4 יח',ג'נרל מילס סאן אדריא,CN,מברשת אורביטול סופט,Unknown,0.00,יחידה,false,,9.90,0.0000,true,1,2755
7290012117039,false,מסיר אבנית ומנקה לאמבטיה 00,סנו,IL,נוזל 00 לאמבט 1 ליטר,קילוגרמים,1.00,ליטר,false,,7.50,7.5000,true,1,2747
7290012117091,false,אבקת -כביסה סנו מקסימה סנסיטיב 6 קג,סנו מקסימה,IL,אבקת מקסימה סנסטיב 6,פריט,6.00,"ק""ג",false,,44.90,7.4833,true,1,2752
7290012117275,false,נוזל רב תכליתי לניקוי ולהברקה מילוי,טרופיקל דגיל תעשיות,IL,"מילוי סנוקליר 750 מ""",מיליליטרים,750.00,"100 מ""ל",false,,5.70,0.0076,true,1,2745
7290012117350,false,ריצפז פרש 2 ליטר לילך לבנדר,"סנו מפעלי ברונוס בע""",IL,ריצפז פרש לילך 2 ליט,קילוגרמים,2.00,ליטר,false,,16.90,8.4500,true,1,2742
7290012117411,false,שמפו וג'ל רחצה לגבר רויבוס Rooibos,קוסמופארם,IL,גל רחצה קרמה מן במבו,מיליליטרים,700.00,"100 מ""ל",false,,16.50,0.0236,true,1,2760
7290012117428,false,"קרמה - שמפו וג'ל רחצה 2 ב-1 מנטה 700 מ""ל",טרופיקל דגיל תעשיות,IL,שמפו וגל רחצה לגבר ק,מיליליטרים,700.00,"100 מ""ל",false,,16.50,0.0236,true,1,2761
7290012117435,false,"קרמה - שמפו וג'ל רחצה 2 ב-1 אלוורה 700 מ""ל",טרופיקל דגיל תעשיות,IL,גל רחצה קרמה מן אלוו,מיליליטרים,700.00,"100 מ""ל",false,,16.50,0.0236,true,1,2762
7290012117534,false,סנו - מקסימה מרכך כביסה מרוכז קול 1 ליטר,"סנו מפעלי ברונוס בע""",IL,מרכך מקסימה סופר מרו,קילוגרמים,1.00,ליטר,false,,17.50,17.5000,true,1,3658
7290012117558,false,מרכך כביסה קומפקט מאסק ורוד סנו מקסימה 1 ל',"סנו מפעלי ברונוס בע""",IL,מרכך מקסימה סופר מרו,קילוגרמים,1.00,ליטר,false,,17.50,17.5000,true,1,3659
7290012117732,false,סנו - מקסימה מרכך כביסה קול שחור 4 ליטר,"סנו מפעלי ברונוס בע""",IL,מרכך מקסימה קול 4 לי,קילוגרמים,4.00,ליטר,false,,21.50,5.3750,true,1,5741
7290012117916,false,סנו אינסטלאטור פותח סתימות נוזלי 1 ל',"סנו מפעלי ברונוס בע""",IL,פותח סתימות סנו אינס,קילוגרמים,1.00,ליטר,false,,26.70,26.7000,true,1,11743
7290012226991,false,"נקניקיות עוף באריזת ג''מבו 1.5 ק""ג זוגלובק",נקניק נהריה כשר זוגל,IL,נקניקיות עוף זוגלובק,פריט,1.50,"ק""ג",false,,26.90,17.9333,true,1,6194
7290012227592,false,פסט' חרמון כפרי וסלמי תה זוגי זוגלובק 300X2ג' מחפוד,זוגלובק,IL,מארז תה מעושן וחרמון,גרמים,700.00,100 גרם,false,,24.90,0.0356,true,1,12354
7290012227608,false,מארז חרמון 300 גר' +חרמון ברבקיו 300ג' זוגלובק,זוגלובק,IL,מארז חרמון וברביקיו,גרמים,600.00,100 גרם,false,,24.90,0.0415,true,1,12353
7290012227615,false,נקניקיות עוף זוגלובק 800 ג' מחפוד,זוגלובק,IL,נקניקיות עוף זוגלובק,גרמים,800.00,100 גרם,false,,23.90,0.0299,true,1,12352
7290012227622,false,פסטרמה חרמון כפרית דבש 400גר מחפוד זוגלובק,זוגלובק,IL,פסטרמה בדבש זוגלובק,גרמים,400.00,100 גרם,false,,18.90,0.0472,true,1,17196
7290012227738,false,זוגלובק סלמי תה מעושן מחפוד 370 גרם,זוגלובק,IL,סלמי תה מעושן זוגלוב,גרמים,370.00,100 גרם,false,,19.90,0.0538,true,1,16957
7290012227769,false,פסטרמה ברביקיו מחפוד זוגלובק 400ג',זוגלובק,IL,פסטרמה ברביקיו זוגלו,גרמים,400.00,100 גרם,false,,18.90,0.0472,true,1,13490
7290012227776,false,פסטרמה הודו מחפוד 400ג זוגלובק,זוגלובק,IL,פסטרמה הודו זוגלובק,גרמים,400.00,100 גרם,false,,18.90,0.0472,true,1,13491
7290012227783,false,נקניק תה מעושן מחפוד זוגלובק 400ג',זוגלובק,IL,נקניק תה מעושן זוגלו,גרמים,400.00,100 גרם,false,,17.90,0.0447,true,1,13492
7290012228261,false,נקנקיות קנקרס הודו ועוף ריינהולד'ס זוגלובק 300 ג',זוגלובק,IL,נקניקיות ריינהולדס ק,גרמים,300.00,100 גרם,false,,19.90,0.0663,true,1,61421
7290012228278,false,נקנקיות בוקוורסט עוף ובקר ריינהולד'ס 310 ג' זוגלובק,זוגלובק,IL,נקניקיות ריינהולדס ב,גרמים,300.00,100 גרם,false,,19.90,0.0663,true,1,61418
7290012228407,false,"נקניקיות ג'מבו מחפוד 1.5 ק""ג",זוגלובק,IL,נקניקיות ג'מבו זוגלו,פריט,1.50,"ק""ג",false,,32.90,21.9333,true,1,47753
7290012228612,false,זוג חזה הודו ועוף 300+ח.ברביקיו 300 קהילות.,זוגלובק,IL,מארז חרמון ברביקיו ו,גרמים,600.00,100 גרם,false,,28.90,0.0482,true,1,31921
7290012228629,false,נקניקיות עוף זוגלובק 800 גר' קהילות,זוגלובק,IL,נקניקיות עוף זוגלובק,גרמים,800.00,100 גרם,false,,23.90,0.0299,true,1,31919
7290012228704,false,"ריינהולדס נקניקיות סוסג' ספרדית חריפה, 310 ג'",זוגלובק,IL,נקניקיות ריינהולדס ה,גרמים,300.00,100 גרם,false,,19.90,0.0663,true,1,61422
7290012228766,false,קבנוס מחפוד זוגלובק,זוגלובק,IL,קבנוס זוגלובק 120 גר,גרמים,120.00,100 גרם,false,,9.90,0.0825,true,1,51872
7290012275401,false,מולר בירה לבנה בקבוק גרמנית 500מל,הלניק בריויריס אוף א,GR,"בירה מולר 500 מ""ל",מיליליטרים,500.00,"100 מ""ל",false,,3.90,0.0078,true,1,9146
7290012295034,false,בזיליקום מהדרין,ברכת קטיף,IL,בזיליקום מהדרין,Unknown,0.00,יחידה,false,,6.90,0.0000,true,1,11918
7290012309311,false,ערמונים קלופים וקלויים,"דין שיווק וקליה בע""מ",CN,ערמונים קלופים ששון,גרמים,100.00,100 גרם,false,,4.90,0.0490,true,1,2733
7290012309366,false,"דין שיווק וקליה אורז בסמטי 5 ק""ג",,IN,אורז בסמטי הודי שקדי,פריט,5.00,"ק""ג",false,,49.90,9.9800,true,1,6077
7290012309878,false,חלבה פיסטוק ששון הקולה 500 ג',דין שיווק,IL,חלוה פיסטוק ששון הקו,גרמים,500.00,100 גרם,false,,12.90,0.0258,true,1,2730
7290012309939,false,חלבה מסולסלת דין שיווק 500 ג',אף.סי תבליני בגליל ב,IL,חלוה מסולסלת ששון הק,גרמים,500.00,100 גרם,false,,14.50,0.0290,true,1,2729
7290012313820,false,רוטב צ'ילי מתוק בני,בני דרום,IL,רוטב צ'ילי מתוק בני,מיליליטרים,500.00,"100 מ""ל",false,,10.90,0.0218,true,1,64362
7290012313837,false,רוטב סויה בני דרום 5,בני דרום,IL,רוטב סויה בני דרום 5,מיליליטרים,500.00,"100 מ""ל",false,,10.90,0.0218,true,1,64363
7290012313844,false,רוטב אלף האיים בני ד,בני דרום,IL,רוטב אלף האיים בני ד,מיליליטרים,500.00,"100 מ""ל",false,,10.90,0.0218,true,1,64364
7290012335006,false,סוכריות סודה רול מיני מארז משפחתי 375 ג',גואנגדונג צאואן פוד,CN,סוכריות רול מיני טע,גרמים,326.00,100 גרם,false,,15.90,0.0488,true,1,2810
7290012335020,false,סוכריות סודה שעון מארז משפחתי 375 גר',גואנגדונג צאואן פוד,CN,סוכריות סודה שעון ט,גרמים,420.00,100 גרם,false,,15.90,0.0379,true,1,2809
7290012359606,false,דבש מן הטבע 700 גרם,מכוורת עמק חפר,IL,דבש מן הטבע 700 גרם,גרמים,700.00,100 גרם,false,,24.90,0.0356,true,1,25144
7290012359613,false,דבש לחיץ מן הטבע 500,מכוורת עמק חפר,IL,דבש לחיץ מן הטבע 500,גרמים,500.00,100 גרם,false,,19.90,0.0398,true,1,25145
7290012413643,false,תה ויסוצקי ירוק קמומיל 25 יח',ויסוצקי ירוק,IL,תה ירוק קמומיל 25 שק,גרמים,38.00,100 גרם,false,,19.90,0.5237,true,1,6848
7290012483011,false,פולי סויה אדממה וילי,קו אל טי די קיאוניונ,CN,פולי סויה אדממה וילי,פריט,1.00,"ק""ג",false,,9.90,9.9000,true,1,22723
7290012483608,false,"אורז בסמטי מובחר 5 ק""ג",הנסיך- מפעל לייצור ט,IN,אורז בסמטי דוואט 5 ק,פריט,5.00,"ק""ג",false,,49.90,9.9800,true,1,5998
7290012522581,false,טבעול שניצל תירס ללא גלוטן טבעול 664 גרם,עיצובים 2020 (4.8),IL,שניצל תירס ל.גלוטן ט,גרמים,664.00,100 גרם,false,,19.90,0.0300,true,1,5829
7290012561313,false,בצל קצוץ מטוגן דורות,עיצובים 2020 (3.8),IL,בצל קצוץ מטוגן דורות,גרמים,400.00,100 גרם,false,,16.90,0.0422,true,1,48182
7290012576607,false,"יין פרימייר אדום קברנה סובניון ומלבק 750 מ""ל","ברקן שיווק והפצה בע""",IL,יין פרימייר קברנה סו,מיליליטרים,750.00,"100 מ""ל",false,,25.90,0.0345,true,1,10242
7290012576614,false,יין Premieur לבן חצי יבש אמרלד ריזלינג קולומברד,יקבי ברקן שיווק והפצ,IL,יין ברקן פרימייר ריז,מיליליטרים,750.00,"100 מ""ל",false,,25.90,0.0345,true,1,10243
7290012602832,false,דבש לחיץ טהור מפרחי,מושב צרופה,IL,דבש לחיץ טהור מפרחי,פריט,1.15,"ק""ג",false,,39.90,34.6957,true,1,63341
7290012645112,false,"יוגורט עיזים בדלי חלב הארץ 750מ""ל",מחלבות סוסיא,IL,משקה יוגורט עיזים חל,מיליליטרים,750.00,"100 מ""ל",false,,17.90,0.0239,true,1,37375
7290012645129,false,"יוגורט כבשים בדלי חלב הארץ 750מ""ל",מחלבות סוסיא,IL,משקה יוגורט כבשים חל,מיליליטרים,750.00,"100 מ""ל",false,,17.90,0.0239,true,1,37376
7290012724817,false,נענע יח בשקית,"מרינה פטריות הגליל בע""מ",IL,נענע יח',Unknown,0.00,יחידה,false,,3.90,0.0000,true,1,47618
7290012724824,false,שמיר יח בשקית,"מרינה פטריות הגליל בע""מ",IL,שמיר יח,Unknown,0.00,יחידה,false,,3.90,0.0000,true,1,47619
7290012724831,false,כוסברה יח בשקית,"מרינה פטריות הגליל בע""מ",IL,כוסברה ארוז,Unknown,0.00,יחידה,false,,3.90,0.0000,true,1,47568
7290012724848,false,פטרוזיליה יח בשקית,"מרינה פטריות הגליל בע""מ",IL,פטרוזיליה יח,Unknown,0.00,יחידה,false,,3.90,0.0000,true,1,47565
7290012738807,false,"ביסקוויט יהודה ספארי 1.2 ק""ג",מצות יהודה,IL,ביסקוויט ספארי יהודה,פריט,1.20,"ק""ג",false,,19.90,16.5833,true,1,5349
7290012738838,false,ביסקוויט מצופה 1.2 ק,,,ביסקוויט מצופה 1.2 ק,פריט,1.20,"ק""ג",false,,27.90,23.2500,true,1,38336
7290012738845,false,"ביסקויט יהודה טעמים שונים 1.2 ק""ג",מצות יהודה,IL,עוגיות/ביסקויט בטעמי,פריט,1.20,"ק""ג",false,,19.90,16.5833,true,1,5348
7290012779152,false,חסה פאקצ'וי מרינה מה,מרינה פטריות הגליל,IL,חסה פאקצ'וי מרינה מה,Unknown,0.00,יחידה,false,,13.90,0.0000,true,1,50679
7290012803451,false,שוקולד מריר מעולה 62% ללא תוספת סוכר,טוסו tusso,TR,שוקולד מריר 62% ללא,גרמים,100.00,100 גרם,false,,8.90,0.0890,true,1,60063
7290012803765,false,שוקולד מריר ללא תוספת סוכר,אלטינמארקה גידה סאן,TR,שוקולד מריר ללא סוכר,גרמים,100.00,100 גרם,false,,8.90,0.0890,true,1,60064
7290012803789,false,שוקולד מריר עם אגוזים ללא תוספת סוכר,האי נאם סי או אל.טי.,TR,שוקולד מריר ואגוזים,גרמים,100.00,100 גרם,false,,8.90,0.0890,true,1,60065
7290012823343,false,משחת שיניים אורביטול קידס 70גר' Shimer & Shine,טרופיקל דגיל,IL,משחת אורביטול ילדים,גרמים,70.00,100 גרם,false,,7.50,0.1071,true,1,50717
7290012823381,false,מרכך כביסה מקסימה סנסיטיב מרוכז ורוד 1 ל' סנו,"סנו מפעלי ברונוס בע""",IL,מרכך מקסימה סופר מרו,קילוגרמים,1.00,ליטר,false,,17.50,17.5000,true,1,4092
7290012823558,false,מטליות ענק לחות לרצפה 10 יח' סנו סושי,סנו מפעלי ברונוס בעמ,IL,מטליות לחות לרצפה סנ,Unknown,0.00,יחידה,false,,10.70,0.0000,true,1,4093
7290012823602,false,נייר טואלט סופט סילק לבן - מארז 32 גלילים,טרופיקל דגיל תעשיות,IL,נייר טואלט לבן סופט,מטרים,589.00,מטר,false,,26.90,0.0457,true,1,29038
7290012823794,false,כיף אלסבון 2ליטר יסמין לבנדר,קוסמופארם,IL,אלסבון כיף יסמין לבנ,קילוגרמים,2.00,ליטר,false,,13.90,6.9500,true,1,4089
7290012881589,false,מטהר אוויר אורנים 30,סאסאטק,IL,מטהר מגיק אורנים 300,מיליליטרים,300.00,"100 מ""ל",false,,3.90,0.0130,true,1,11217
7290012881817,false,מטהר אוויר לימון 300,סאסאטק,IL,מטהר מגיק לימון 300,מיליליטרים,300.00,"100 מ""ל",false,,3.90,0.0130,true,1,11219
7290012881824,false,מטהר אוויר אביבי 300,סאסאטק,IL,מטהר מגיק לבנדר 300,מיליליטרים,300.00,"100 מ""ל",false,,3.90,0.0130,true,1,11218
7290012929779,false,פסטה ספירלה מקמח מלא טעמן 500 ג',מוטלו,TR,פסטה ספירלה מחיטה מל,גרמים,500.00,100 גרם,false,,3.90,0.0078,true,1,4083
7290012929786,false,טעמן פסטה צינורות חיטה מלאה 500גר,מוטלו,TR,פסטה צינורות מחיטה מ,גרמים,500.00,100 גרם,false,,3.90,0.0078,true,1,4084
7290012929793,false,פסטה ספגטי מקמח מלא טעמן 500 גר',מוטלו,TR,ספגטי חיטה מלאה טעמן,גרמים,500.00,100 גרם,false,,3.90,0.0078,true,1,4085
7290012929953,false,טעמן שלישיית טונה במים 150גר,דיאמוד פוד פרודקט סי,TH,מארז טונה במים טעמן,גרמים,450.00,100 גרם,false,,14.90,0.0331,true,1,20237
7290012929960,false,טעמן שלישיית טונה בשמן 150גר,דיאמוד פוד פרודקט סי,TH,מארז טונה בשמן טעמן,גרמים,420.00,100 גרם,false,,14.90,0.0355,true,1,56916
7290013010001,false,עגבניות מרוסקות 240 גר' פרי מבורך,זנלכל,IL,עגבניות מרוסקות מבור,גרמים,240.00,100 גרם,false,,5.50,0.0229,true,1,3690
7290013010018,false,פרי מבורך רוטב פסטה 240 גרם,זנלכל,IL,רוטב לפסטה מבורך 240,גרמים,240.00,100 גרם,false,,5.50,0.0229,true,1,3693
7290013010025,false,רוטב פיצה 240 גר' פרי מבורך,זנלכל,IL,רוטב לפיצה מבורך 240,גרמים,240.00,100 גרם,false,,5.50,0.0229,true,1,3692
7290013010032,false,רוטב עגבניות לשקשוקה מבורך 240 גרם,זנלכל,IL,רוטב לשקשוקה מבורך 2,גרמים,240.00,100 גרם,false,,5.50,0.0229,true,1,3691
7290013010094,false,פרי מבורך רוטב בולונז לפסטה 240 גרם,זנלכל,IL,רוטב בולונז מבורך 24,גרמים,240.00,100 גרם,false,,5.50,0.0229,true,1,5120
7290013010322,false,עגבניות שלמות פרי מבורך 800 גר',זנלכל,IL,עגבניות שלמות מבורך,גרמים,800.00,100 גרם,false,,9.90,0.0124,true,1,23958
7290013010353,false,עגבניות מרוסקות בזיליקום 800 גר' פרי מבורך.,זנלכל,IL,עגבניות מרוסקות עם ב,גרמים,800.00,100 גרם,false,,9.90,0.0124,true,1,23960
7290013027399,false,לחם קמח מלא קל בתוספת שיפון 750 ג' אנג'ל,מאפיית שלמה א. אנג'ל,IL,לחם קל קמח מלא ושיפו,גרמים,750.00,100 גרם,false,,14.90,0.0199,true,1,37955
7290013080127,false,חטיף באפי 10 ג' 20 יח,א מ חטיפי העמק בעמ,,מארז באפי 20*10 גרם,גרמים,200.00,100 גרם,false,1,8.90,0.0445,true,1,24031
7290013080295,false,באגסי חטיף ברבקיו מארז 20X20ג',א מ חטיפי העמק בעמ,IL,מארז באגסי ברביקיו 2,גרמים,400.00,100 גרם,false,,8.90,0.0223,true,1,4491
7290013080301,false,באגסי חטיף טעם גריל מארז 20X20ג',א מ חטיפי העמק בעמ,IL,מארז באגסי גריל 20*2,גרמים,400.00,100 גרם,false,,8.90,0.0223,true,1,4492
7290013080318,false,באגסי חטיף בטעם פלאפל מארז 20X20ג',א מ חטיפי העמק בעמ,,מארז באגסי פלאפל 20*,גרמים,400.00,100 גרם,false,,8.90,0.0223,true,1,4493
7290013080479,false,באגסי חטיף טעם בצל מארז 20X20ג',א מ חטיפי העמק בעמ,IL,מארז באגסי בצל 20*20,גרמים,400.00,100 גרם,false,,8.90,0.0223,true,1,7202
7290013080486,false,באגסי חטיף טעם פיצה מארז 20X20ג',א מ חטיפי העמק בעמ,IL,מארז באגסי פיצה 20*2,גרמים,400.00,100 גרם,false,,8.90,0.0223,true,1,7201
7290013117212,false,בורקס פילו גבינה מעדנות מעדנות 600 ג',מיוצר עי קונדיטוריית,IL,בורקס פילו גבינה מעד,גרמים,600.00,100 גרם,false,,19.90,0.0332,true,1,4583
7290013117229,false,בורקס פילו תפוא מעדנות 600 גרם,מיוצר עי קונדיטוריית,IL,בורקס פילו תפוא מעדנ,גרמים,600.00,100 גרם,false,,19.90,0.0332,true,1,4584
7290013117410,false,בצק פריך מרודד למאפים מתוקים 900 ג' מעדנות,מיוצר עי קונדיטוריית,IL,בצק פריך מתוק מעדנות,גרמים,900.00,100 גרם,false,,19.90,0.0221,true,1,4863
7290013117427,false,בצק פריך מרודד למאפים מלוחים 900 ג' מעדנות,מיוצר עי קונדיטוריית,IL,בצק פריך מלוח מעדנות,גרמים,900.00,100 גרם,false,,19.90,0.0221,true,1,4862
7290013117526,false,מעדנות בצק שמרים למאפים מתוקים 900 גרם,"מעדנות בע""מ",IL,בצק שמרים עלים מעדנו,גרמים,900.00,100 גרם,false,,19.90,0.0221,true,1,6476
7290013195296,false,רולדה וייט פיש רוזנר,,,רולדה וייט פיש רוזנר,גרמים,500.00,100 גרם,false,,29.90,0.0598,true,1,13554
7290013220042,false,מיקס פירות טרופיים 5,א.מ שרון,PL,מיקס טרופי קפוא 500,גרמים,500.00,100 גרם,false,,19.90,0.0398,true,1,45192
7290013220103,false,דובדבן קפוא 500 גרם,א.מ שרון,PL,דובדבן קפוא 500 גרם,גרמים,500.00,100 גרם,false,,19.90,0.0398,true,1,45187
7290013220127,false,דומדמנית שחורה קפוא,א.מ שרון,PL,דומדמנית שחורה קפוא,גרמים,500.00,100 גרם,false,,19.90,0.0398,true,1,45189
7290013220134,false,מיקס פירות שדה קפוא,א.מ שרון,PL,מיקס פירות שדה קפוא,גרמים,500.00,100 גרם,false,,19.90,0.0398,true,1,45190
7290013220318,false,חמוצית קפוא 400 גרם,א.מ שרון,PL,חמוצית קפוא 400 גרם,גרמים,400.00,100 גרם,false,,19.90,0.0497,true,1,45194
7290013220349,false,דומדמניות אדומות 500,א.מ שרון,PL,דומדמנית קפוא 500 גר,גרמים,500.00,100 גרם,false,,19.90,0.0398,true,1,45195
7290013220462,false,גרגירי רימון קפוא 50,א.מ שרון,PL,גרגירי רימון קפוא 50,גרמים,500.00,100 גרם,false,,19.90,0.0398,true,1,60011
7290013220882,false,פסיפלורה 500 גרם,א.מ שרון,PL,פסיפלורה 500 גרם,גרמים,500.00,100 גרם,false,,19.90,0.0398,true,1,60030
7290013220899,false,תות שדה קפוא 500 גרם,א.מ שרון,PL,תות שדה קפוא 500 גרם,גרמים,500.00,100 גרם,false,,19.90,0.0398,true,1,45196
7290013220929,false,אוכמניות כחולות קפוא,א.מ שרון,PL,אוכמניות כחולות קפוא,גרמים,400.00,100 גרם,false,,19.90,0.0497,true,1,45197
7290013221001,false,חתיכות אננס קפוא 500,א.מ שרון,PL,חתיכות אננס קפוא 500,גרמים,500.00,100 גרם,false,,19.90,0.0398,true,1,45198
7290013221018,false,חתיכות מנגו קפוא 500,א.מ שרון,PL,חתיכות מנגו קפוא 500,גרמים,500.00,100 גרם,false,,19.90,0.0398,true,1,45199
7290013221063,false,ליצ'י קפוא 400 גרם,א.מ שרון,PL,ליצ'י קפוא 400 גרם,גרמים,400.00,100 גרם,false,,19.90,0.0497,true,1,53937
7290013221070,false,קיווי קפוא 500 גרם,א.מ שרון,PL,קיווי קפוא 500 גרם,גרמים,500.00,100 גרם,false,,19.90,0.0398,true,1,53938
7290013224927,false,אקונומיקה מגיק סמיכה,סאסאטק,IL,אקונומיקה מגיק סמיכה,קילוגרמים,4.00,ליטר,false,,7.90,1.9750,true,1,18505
7290013268020,false,סנו - מקסימה מרכך כביסה מרוכז אולטרה פרש 1 ליטר,"סנו מפעלי ברונוס בע""",IL,מרכך מקסימה סופר מרו,קילוגרמים,1.00,ליטר,false,,17.50,17.5000,true,1,4090
7290013268242,false,תרכיז ריחני לניקוי רצפות בריח מלון מפנק ריצפז פרש,"סנו מפעלו ברונוס בע""",IL,ריצפז פרש הום מלון מ,קילוגרמים,2.00,ליטר,false,,19.70,9.8500,true,1,64711
7290013268440,false,זוג מברשות שיניים בוב ספוג לילדים מגיל 4,אורביטול Orbitol,IL,מברשת אורביטול ילדים,Unknown,0.00,יחידה,false,,16.90,0.0000,true,1,15607
7290013268839,false,סנו פוליויקס פרקט בריח מלון חלומי,סנו פוליויקס,IL,פוליויקס פרקט מלון ח,קילוגרמים,2.00,ליטר,false,,19.90,9.9500,true,1,37655
7290013268884,false,ריצפז פרש בניחוח מאסק,מיוצר עי קונדיטוריית,IL,ריצפז פרש מאסק 2 ליט,קילוגרמים,2.00,ליטר,false,,16.90,8.4500,true,1,4435
7290013268938,false,סנובון סבון אסלה בניחוח מאסק - מארז 3 יח',סנו,IL,סבון אסלה סנובון סופ,גרמים,165.00,100 גרם,false,,10.70,0.0648,true,1,5137
7290013268983,false,מרכך כביסה סופר מרוכז בבישום עוצמתי סנו מקסימה 1 ל',"סנו מפעלי ברונוס בע""",IL,מרכך מקסימה סופר מרו,קילוגרמים,1.00,ליטר,false,,17.50,17.5000,true,1,58173
7290013268990,false,סנו - מקסימה מרכך כביסה מרוכז ביו 1 ליטר,"איי, בי, אינבוו",IL,מרכך מקסימה סופר מרו,קילוגרמים,1.00,ליטר,false,,17.50,17.5000,true,1,33256
7290013269003,false,מרכך כביסה סופר מרוכז בייבי לתינוקות ולעור רגיש,"סנו מפעלי ברונוס בע""",IL,מרכך מקסימה סופר מרו,קילוגרמים,1.00,ליטר,false,,17.50,17.5000,true,1,7911
7290013269348,false,K3 תחנת פיתיון קוטל תיקנים (ג'וקים) בבית ובחצר,טרופיקל דגיל תעשיות,IL,תחנת פיתיון לתיקנים,Unknown,0.00,יחידה,false,,39.90,0.0000,true,1,46490
7290013269621,false,ריצפז פרש לניקוי רצפות בניחוח מלון בוטיק,מיוצר עי קונדיטוריית,IL,ריצפז פרש הום בניחוח,קילוגרמים,2.00,ליטר,false,,19.70,9.8500,true,1,41519
7290013269669,false,ריצפז בניחוח פנטזיה לניקוי הרצפה,"סנו מפעלי ברונוס בע""",IL,ריצפז פנטזיה 3 ליטר,קילוגרמים,3.00,ליטר,false,,7.90,2.6333,true,1,6216
7290013302236,false,פסטה פרפלה ג'מבו טעמן 500 גר',מוטלו,TR,פסטה פרפלה טעמן 500,גרמים,500.00,100 גרם,false,,3.90,0.0078,true,1,37370
7290013302243,false,פסטה מסולסלת טעמן 500 גר',מוטלו,TR,פסטה מסולסלת טעמן 50,גרמים,500.00,100 גרם,false,,3.90,0.0078,true,1,37371
7290013303417,false,יין מרום קברנה 2018,חבל יתיר,IL,יין מרום קברנה 2018,מיליליטרים,750.00,"100 מ""ל",false,,89.90,0.1199,true,1,55710
7290013358035,false,שקדי מרק מנה 800 גרם,מנה,IL,שקדי מרק מנה 800 גרם,גרמים,800.00,100 גרם,false,,11.90,0.0149,true,1,4713
7290013358417,false,"רוטב טיריאקי מאסטר שף אסייאתי 300 מ""ל",קריניציה ויטמינה אס,TH,רוטב טריאקי מאסטר שף,גרמים,300.00,100 גרם,false,,9.90,0.0330,true,1,14772
7290013358462,false,"מיני קרוטונים למרק בתיבול שום, בצל ופטרוזיליה","עינת תעשיות מזון, אג",IL,מיני קרוטונים למרק ש,גרמים,350.00,100 גרם,false,,17.90,0.0511,true,1,8939
7290013358530,false,מאסטר שף אסייאתי רוטב צ'ילי מתוק 700 מל,קריניציה ויטמינה אס,TH,רוטב צילי מתוק מאסטר,גרמים,700.00,100 גרם,false,,11.90,0.0170,true,1,14774
7290013358547,false,מאסטר שף אסייאתי רוטב צ'ילי חריף 700 מל,קי אר אס ספייסי פוד,TH,רוטב צילי חריף מאסטר,גרמים,700.00,100 גרם,false,,11.90,0.0170,true,1,14775
7290013424822,false,פרחי ברוקולי קפואים,נובה אלימנטוס,EC,פרחי ברוקולי קפואים,גרמים,700.00,100 גרם,false,,19.90,0.0284,true,1,64212
7290013424945,false,מנגו קפוא 500 ג' פילד גוד,א.מ שרון,PL,מנגו קפוא פילד גוד 5,גרמים,500.00,100 גרם,false,,11.90,0.0238,true,1,55904
7290013424952,false,אננס קפוא 500 ג' פילד גוד,א.מ שרון,PL,אננס קפוא פילד גוד 5,גרמים,500.00,100 גרם,false,,11.90,0.0238,true,1,56387
7290013424976,false,תות שדה שלם קפוא 500 ג' פילד גוד,א.מ שרון,PL,תות שדה קפוא פילד גו,גרמים,500.00,100 גרם,false,,11.90,0.0238,true,1,55401
7290013430083,false,"בירה אלכסנדר בלונד 330 מ""ל",מנדלז סי.אר. פרודקשן,IL,בירה אלכסנדר בלונד 5,מיליליטרים,330.00,"100 מ""ל",false,,11.90,0.0361,true,1,55828
7290013430090,false,בירה אלכסנדר אמברה AMBREE בירה ישראלית,מנדלז סי.אר. פרודקשן,IL,בירה אלכסנדר אמברה 5,מיליליטרים,330.00,"100 מ""ל",false,,11.90,0.0361,true,1,55829
7290013430250,false,"בירה אלכסנדר חיטה ישראלית 330 מ""ל",יקבי כרמל,IL,בירה אלכסנדר חיטה יש,מיליליטרים,330.00,"100 מ""ל",false,,11.90,0.0361,true,1,55830
7290013430304,false,בירה אלכסנדר גרין GREEN בירה ישראלית,מנדלז סי.אר. פרודקשן,IL,בירה אלכסנדר גרין 6%,מיליליטרים,330.00,"100 מ""ל",false,,11.90,0.0361,true,1,55831
7290013440648,false,מאגדת שלגוני אבטיח נסטלה 108X5ג',גלידות נסטלה (נגה גל,IL,שלגוני שרבט אבטיח 5,גרמים,468.00,100 גרם,false,,22.90,0.0489,true,1,7950
7290013472908,false,גבינה בולגרית קוביות ו.פוד 400 ג,וילי פוד,TW,בולגרית קוביות 22% ה,גרמים,400.00,100 גרם,false,,19.90,0.0497,true,1,47899
7290013492005,false,אמא אדמה תפוח אדמה למיקרו 700 גר',ברכת קטיף,IL,תפוח אדמה למיקרוגל,Unknown,0.00,יחידה,false,,6.90,0.0000,true,1,18450
7290013531346,false,סירופ דיאט לימונענע יכין 1 ליטר,יכין,IL,סירופ יכין לימונענע,קילוגרמים,1.00,ליטר,false,,17.90,17.9000,true,1,8915
7290013534057,false,"צ'יפס בטטה טבעי מיה 100ג' 'כשל""פ",מיה תעשיות מזון בעמ,IL,ציפס בטטה 100 גרם,גרמים,100.00,100 גרם,false,,7.90,0.0790,true,1,11784
7290013536303,false,קמח חיטה מלאה 100% ה,קמח עץ השדה,IL,קמח חיטה מלאה 100% ה,פריט,1.00,"ק""ג",false,,6.90,6.9000,true,1,44419
7290013536310,false,קמח חיטה מלאה 80% הנ,קמח עץ השדה,IL,קמח חיטה מלאה 80% הנ,פריט,1.00,"ק""ג",false,,6.90,6.9000,true,1,44420
7290013536327,false,קמח לבן מנופה הנחתום,קמח עץ השדה,IL,קמח לבן מנופה הנחתום,פריט,1.00,"ק""ג",false,,4.90,4.9000,true,1,44421
7290013536334,false,קמח כוסמין מלא הנחתו,קמח עץ השדה,IL,קמח כוסמין מלא הנחתו,פריט,1.00,"ק""ג",false,,8.90,8.9000,true,1,44422
7290013536341,false,קמח כוסמין 80% הנחתו,קמח עץ השדה,IL,קמח כוסמין 80% הנחתו,פריט,1.00,"ק""ג",false,,8.90,8.9000,true,1,53394
7290013536358,false,קמח כוסמין לבן הנחתו,קמח עץ השדה,IL,קמח כוסמין לבן הנחתו,פריט,1.00,"ק""ג",false,,11.90,11.9000,true,1,44423
7290013536457,false,קמח לחלות הנחתום 1 ק,קמח עץ השדה,IL,קמח לחלות הנחתום 1 ק,פריט,1.00,"ק""ג",false,,5.90,5.9000,true,1,58052
7290013536464,false,קמח חלות כוסמין הנח,קמח עץ השדה,IL,קמח חלות כוסמין הנח,פריט,1.00,"ק""ג",false,,12.90,12.9000,true,1,63228
7290013558800,false,עלי תרד 500 גר,ל. פלמינגו ישראל,IL,עלי תרד,Unknown,0.00,יחידה,false,,11.90,0.0000,true,1,20757
7290013558824,false,בזילקום /רוגולה (היד,ל. פלמינגו ישראל,IL,תבלין טרי 100 גרם,גרמים,100.00,100 גרם,false,,6.90,0.0690,true,1,28209
7290013558855,false,לבבות חסה פלמינגו,ל. פלמינגו ישראל,IL,לבבות חסה פלמינגו,Unknown,0.00,יחידה,false,,11.90,0.0000,true,1,20642
7290013584328,false,פקדון בקבוק בירה ריק,,,פקדון בקבוק בירה ריק,Unknown,0.00,יחידה,false,,1.20,0.0000,true,1,7070
7290013585233,false,"ספרייט זירו פחית סליק 330 מ""ל",קוקה קולה Coca Cola,IL,"ספרייט זירו 330 מ""ל",מיליליטרים,330.00,"100 מ""ל",false,,4.90,0.0148,true,1,50601
7290013608260,false,פרימור מיץ רימונים 100% סחוט טרי 1ל',"גניר (1992) בע""מ",IL,מיץ רימונים פרימור 1,קילוגרמים,1.00,ליטר,false,,21.90,21.9000,true,1,11443
7290013625458,false,"פטריות טעמן 8 שלם פ.קל בד""ץ",פרוצאמפ,NL,פטריות שלמות טעמן 40,גרמים,400.00,100 גרם,false,,7.50,0.0188,true,1,47724
7290013625922,false,אטריות דקות טעמן 400 ג,מוטלו,TR,אטריות דקות טעמן 400,גרמים,400.00,100 גרם,false,,4.90,0.0123,true,1,6378
7290013625939,false,אטריות דקיקות טעמן 400 גר',מוטלו,TR,אטריות דקיקות טעמן 4,גרמים,400.00,100 גרם,false,,4.90,0.0123,true,1,6379
7290013677006,false,חומוס גדול באריזת וואקום Selected,מיה תעשיות מזון בעמ,IL,חומוס גדול סלקטד 500,גרמים,500.00,100 גרם,false,,9.90,0.0198,true,1,5442
7290013677020,false,שעועית לבנה בוואקום מיה 500 גר',מיה תעשיות מזון בעמ,IL,שעועית לבנה סלקטד 50,גרמים,500.00,100 גרם,false,,9.50,0.0190,true,1,5436
7290013677037,false,עדשים ירוקות באריזת וואקום Selected,מיה תעשיות מזון בעמ,IL,עדשים ירוקות סלקטד 5,גרמים,500.00,100 גרם,false,,9.50,0.0190,true,1,5433
7290013677044,false,עדשים אדומים בוואקום מיה 500 גר',מיה תעשיות מזון בעמ,IL,עדשים אדומות סלקטד 5,גרמים,500.00,100 גרם,false,,9.90,0.0198,true,1,5434
7290013677051,false,פופקורן גרגרים בוואקום מיה 500 גר',מיה תעשיות מזון בעמ,IL,פופקורן סלקטד 500 גר,גרמים,500.00,100 גרם,false,,9.50,0.0190,true,1,5431
7290013677068,false,כוסמת בוואקום מיה 500 גר',מיה תעשיות מזון בעמ,IL,כוסמת סלקטד 500 גרם,גרמים,500.00,100 גרם,false,,9.90,0.0198,true,1,5437
7290013677075,false,חיטה בוואקום מיה 500 גר',מיה תעשיות מזון בעמ,IL,חיטה סלקטד 500 גרם,גרמים,500.00,100 גרם,false,,8.50,0.0170,true,1,5438
7290013677082,false,שעועית אדומה בוואקום מיה 500 גר',מיה תעשיות מזון בעמ,IL,שעועית אדומה סלקטד 5,גרמים,500.00,100 גרם,false,,9.90,0.0198,true,1,5439
7290013677099,false,גריסי פנינה בוואקום מיה 500 גר',מיה תעשיות מזון בעמ,IL,גריסי פנינה סלקטד 50,גרמים,500.00,100 גרם,false,,8.50,0.0170,true,1,5440
7290013677105,false,אפונה בוואקום 500 גר',מיה תעשיות מזון בעמ,IL,אפונה סלקטד 500 גרם,גרמים,500.00,100 גרם,false,,8.50,0.0170,true,1,5441
7290013677112,false,בורגול באריזת וואקום Selected,מיה תעשיות מזון בעמ,IL,בורגול סלקטד 500 גרם,גרמים,500.00,100 גרם,false,,8.50,0.0170,true,1,5443
7290013677129,false,שעועית מעורבת בוואקום מיה 500 גר',מיה תעשיות מזון בעמ,IL,שעועית מעורבת סלקטד,גרמים,500.00,100 גרם,false,,10.90,0.0218,true,1,5444
7290013677259,false,תבלין זעתר 50 גרם שקית,מיה תעשיות מזון בעמ,IL,זעתר שקית מיה 50 גרם,גרמים,80.00,100 גרם,false,,3.90,0.0487,true,1,7077
7290013677266,false,תבלין לפיצה 80 גרם-שקית,מיה תעשיות מזון בעמ,IL,תבלין לפיצה שקית מיה,גרמים,80.00,100 גרם,false,,3.90,0.0487,true,1,7086
7290013677280,false,תבלין ציפורן שלם 40 גרם שקית,מיה תעשיות מזון בעמ,IL,ציפורן שלם שקית מיה,גרמים,80.00,100 גרם,false,,6.90,0.0863,true,1,7084
7290013677303,false,תבלין חוויג תימני 50 גרם שקית,מיה תעשיות מזון בעמ,IL,תבלין חוואיג תימני ש,גרמים,80.00,100 גרם,false,,3.90,0.0487,true,1,7078
7290013677334,false,תבלין על האש 50 גרם שקית,מיה תעשיות מזון בעמ,IL,תבלין על האש שקית מי,גרמים,50.00,100 גרם,false,,3.90,0.0780,true,1,7087
7290013677648,false,שמן זית למאור 1 ליטר,מיה תעשיות מזון בעמ,IL,שמן זית למאור מיה 1,קילוגרמים,1.00,ליטר,false,,17.90,17.9000,true,1,7085
7290013677655,false,סודה לשתייה 600גרם צנצנת,מיה תעשיות מזון בעמ,IL,סודה לשתיה מיה 600 ג,גרמים,600.00,100 גרם,false,,14.90,0.0248,true,1,16247
7290013677662,false,תבלין מלח לימון400 גרם,מיה תעשיות מזון בעמ,IL,מלח לימון מיה 300 גר,גרמים,300.00,100 גרם,false,,14.90,0.0497,true,1,16912
7290013677679,false,סודה לשתייה 80גרם שקית,מיה תעשיות מזון בעמ,IL,סודה לשתיה שקית מיה,גרמים,100.00,100 גרם,false,,3.90,0.0390,true,1,19644
7290013677686,false,תבלין פפריקה מרוקאית 80 גרם בשקית,מיה תעשיות מזון בעמ,IL,פפריקה מרוקאית שקית,גרמים,100.00,100 גרם,false,,3.90,0.0390,true,1,4910
7290013677693,false,תבלין פלפל שחור גרוס שקית 50 גרם,מיה תעשיות מזון בעמ,IL,פלפל שחור גרוס שקית,גרמים,50.00,100 גרם,false,,6.90,0.1380,true,1,4914
7290013713032,false,בירה ג'מס בקבוקי חיט,"אביר הבר בע""מ",IL,בירה ג'מס חיטה 5% 33,מיליליטרים,330.00,"100 מ""ל",false,,11.90,0.0361,true,1,62748
7290013724816,false,חטיף גרנולה תמר וצימוק 5 * 35ג',ויטליה ניקולה,MK,חטיפי גרנולה תמר צימ,גרמים,175.00,100 גרם,false,,9.90,0.0566,true,1,49353
7290013724939,false,חטיף חמוציות בשוקולד מריר 160,דין שיווק,IL,חמוציות בשוקולד שקדי,גרמים,140.00,100 גרם,false,,9.90,0.0707,true,1,5271
7290013724946,false,משוקלדים שקד מריר 160 גר' קופסא,"דין שיווק וקליה בע""מ",IL,שקדים בשוקולד שקדיה,גרמים,140.00,100 גרם,false,,9.90,0.0707,true,1,5275
7290013724960,false,משוקלדים שקד חלב 160 גר' קופסא,"דין שיווק וקליה בע""מ",IL,שקדבציפוי שוקולד חלב,גרמים,140.00,100 גרם,false,,9.90,0.0707,true,1,63947
7290013725639,false,רוטב צילי חריף סו שף,"דין שיווק וקליה בע""מ",TH,רוטב צילי חריף סו שף,מיליליטרים,700.00,"100 מ""ל",false,,9.90,0.0141,true,1,7479
7290013725646,false,רוטב צילי מתוק סו שף,"דין שיווק וקליה בע""מ",TH,רוטב צילי מתוק סו שף,מיליליטרים,700.00,"100 מ""ל",false,,9.90,0.0141,true,1,7480
7290013725653,false,קרם קוקוס 400 גרם (653),,TH,קרם קוקוס סו שף 400,מיליליטרים,400.00,"100 מ""ל",false,,6.90,0.0173,true,1,7481
7290013725677,false,"חומץ אורז 300 מ""ל",,CN,"חומץ אורז 300 מ""ל",מיליליטרים,300.00,"100 מ""ל",false,,11.90,0.0397,true,1,18072
7290013725707,false,"שמן שומשום 150 מ""ל (707)",,CN,שמן שומשום סו שף 150,מיליליטרים,150.00,"100 מ""ל",false,,14.90,0.0993,true,1,18074
7290013725752,false,אטריות ביצים צרות לה,,CN,נודלס דק סו שף 400 ג,גרמים,400.00,100 גרם,false,,5.90,0.0148,true,1,12295
7290013725769,false,נודלס עבה סו שף 400ג,,CN,נודלס עבה סו שף 400,גרמים,400.00,100 גרם,false,,5.90,0.0148,true,1,12296
7290013725820,false,משוקלדים לוז מריר 160 גר' קופסא,"דין שיווק וקליה בע""מ",IL,אגוזי לוז בשוקולד שק,גרמים,140.00,100 גרם,false,,9.90,0.0707,true,1,5272
7290013725844,false,חטיף שומשום בשוקולד מריר 160ג,"דין שיווק וקליה בע""מ",,שומשום בציפוי שוקולד,גרמים,140.00,100 גרם,false,,9.90,0.0707,true,1,5273
7290013771216,false,תחליף גבינה פטאקי 25,מיוצר עי קונדיטוריית,IL,גבינה פטאקי 16% שומר,גרמים,250.00,100 גרם,false,,13.90,0.0556,true,1,7832
7290013771261,false,גבינה בולגרית מעודנת,מחלבת השומרון,IL,גבינה בולגרית מעודנת,גרמים,250.00,100 גרם,false,,9.90,0.0396,true,1,13652
7290013771285,false,גבינה בולגרית קלאסית,מחלבת השומרון,IL,גבינה בולגרית קלאסית,גרמים,200.00,100 גרם,false,,9.90,0.0495,true,1,13650
7290013771292,false,גבינה פטאקי 16% שומר,מחלבת השומרון,IL,גבינה פטאקי 16% שומר,גרמים,250.00,100 גרם,false,,9.90,0.0396,true,1,13653
7290013771308,false,גבינה בולגרית קלאסית,מחלבת השומרון,IL,גבינה בולגרית קלאסית,גרמים,200.00,100 גרם,false,,9.90,0.0495,true,1,13651
7290013847379,false,סטארקיסט טונה בשמן סויה בדץ 6*140ג,סטארקיסט,IL,טונה בשמן ס.ק 6*140,גרמים,840.00,100 גרם,false,,29.90,0.0356,true,1,46773
7290013847386,false,נתחי טונה לייט במים ושמן קנולה בטעם טבעי 4%,סטארקיסט Starkist,IL,טונה 4% טעם טבעי ס.ק,גרמים,140.00,100 גרם,false,,6.90,0.0493,true,1,44054
7290013847393,false,נתחי טונה לייט 4% שומן עם עשבי תיבול 140 ג' סטארקיסט,סטארקיסט Starkist,IL,טונה 4% בעשבי תיבול,גרמים,140.00,100 גרם,false,,6.90,0.0493,true,1,44056
7290013847409,false,נתחי טונה לייט במים ושמן קנולה עם לימון ופלפל חריף 4%,סטארקיסט Starkist,IL,טונה 4% בלימון ופלפל,גרמים,140.00,100 גרם,false,,6.90,0.0493,true,1,44055
7290013847492,false,סטארקיסט טונה במים מארז 140X6ג',סטארקיסט,IL,טונה במים ס.ק 6*140,גרמים,840.00,100 גרם,false,,29.90,0.0356,true,1,44923
7290013848017,false,תרסיס ניקוי והברקת נירוסטה,"סנו מפעלי ברונוס בע""",IL,תרסיס סנו נירוסטה 50,מיליליטרים,500.00,"100 מ""ל",false,,19.90,0.0398,true,1,36247
7290013848345,false,מארז מטליות לחיטוי וניקוי יסודי אנטיבקטריאלי 99.9%,סנו מפעלי ברונוס בעמ,IL,מטליות לחיטוי וניקוי,Unknown,0.00,יחידה,false,,17.90,0.0000,true,1,49354
7290013848727,false,מכשיר אוטומטי לבישום אוויר בתוספת מילוי SOFT HARMONY,סנו פרש Fresh,IL,סנו פרש מכשיר אוטומט,Unknown,0.00,יחידה,false,,39.90,0.0000,true,1,36253
7290013848758,false,סנו - מקסימה ג'ל כביסה מרוכז בייבי 3 ליטר,"סנו מפעלי ברונוס בע""",IL,גל מקסימה בייבי 3 לי,קילוגרמים,3.00,ליטר,false,,32.90,10.9667,true,1,9291
7290013861412,false,קוקוס 250 ג' מתוקים של שושון,קריניציה ויטמינה אס,IL,חטיפי קוקוס 250 גרם,גרמים,250.00,100 גרם,false,,9.90,0.0396,true,1,10009
7290013861429,false,שומשום 250 ג' מתוקים של שושון,קריניציה ויטמינה אס,IL,חטיפי שומשום 250 גרם,גרמים,250.00,100 גרם,false,,9.90,0.0396,true,1,10007
7290013861443,false,ששון הקולה-חטיפי אנג'וי בוטנים 250 ג',קריניציה ויטמינה אס,IL,חטיפי בוטנים / חטיפי,גרמים,250.00,100 גרם,false,,9.90,0.0396,true,1,10008
7290013906304,false,טירת צבי פסטרמה גחלים קהילות 400ג,טירת צבי,IL,פסטרמה גחלים טירת צב,גרמים,400.00,100 גרם,false,,26.90,0.0672,true,1,8395
7290013906441,false,קבנוס טירת צבי 120גר,הנסיך- מפעל לייצור ט,IL,קבנוס טירת צבי 120 ג,גרמים,120.00,100 גרם,false,,8.90,0.0742,true,1,33991
7290013906458,false,קבנוס טעם פיקנטי טירת צבי 120 ג',הנסיך- מפעל לייצור ט,IL,קבנוס פיקנטי טירת צב,גרמים,120.00,100 גרם,false,,8.90,0.0742,true,1,11345
7290013906489,false,חטיפי מיני קבנוס 120 ג' טירת צבי,הנסיך- מפעל לייצור ט,IL,חטיפי מיני קבנוס טיר,גרמים,120.00,100 גרם,false,,8.90,0.0742,true,1,11346
7290013906700,false,"נקניקיות הודו טירת צבי כשרות הרב מחפוד 1.5 ק""ג",טירת צבי,IL,נקניקיות הודו טירת צ,פריט,1.50,"ק""ג",false,,29.90,19.9333,true,1,41970
7290013906922,false,"נקניקיות הודו חריפות מחפוד ט. צבי 1 ק""ג",טירת צבי,IL,נקניקיות הודו חריפות,פריט,1.00,"ק""ג",false,,29.90,29.9000,true,1,41971
7290013906939,false,"קורנדביף לל""ג ט.צבי 120ג'",טירת צבי,IL,קורנדביף טירת צבי 12,גרמים,120.00,100 גרם,false,,13.90,0.1158,true,1,29916
7290013906946,false,פסטרמה כתף בקר ט.צבי 120 גר' מחפוד,טירת צבי,IL,פסטרמה כתף בקר מעושנ,גרמים,120.00,100 גרם,false,,13.90,0.1158,true,1,29914
7290013906991,false,סלמי מהדרין 400 ג' מחפוד טירת צבי,טירת צבי,IL,סלמי מהדרין טירת צבי,גרמים,400.00,100 גרם,false,,18.90,0.0472,true,1,16502
7290013927101,false,אחווה עוגה תפוחים ללא תוספת סוכר 450גר,אחדות ביחר לטחינה חל,IL,עוגת תפוחים ללא סוכר,גרמים,450.00,100 גרם,false,,11.80,0.0262,true,1,11414
7290013927156,false,אחוה בטעם פירות יער ללא תוספת סוכר 450 גרם.,אחדות ביחר לטחינה חל,IL,עוגת פירות יער ללא ס,גרמים,450.00,100 גרם,false,,11.80,0.0262,true,1,11415
7290013927200,false,עוגת שוקולד צ'יפס עשירה אחווה 400ג',אחדות ביחר לטחינה חל,IL,עוגת שוקולד ציפס אחו,גרמים,400.00,100 גרם,false,,10.90,0.0273,true,1,9108
7290013927323,false,אחדות עוגת בראוניס 400 גרם,אחדות ביחר לטחינה חל,IL,עוגת בראוניס אחוה 40,גרמים,400.00,100 גרם,false,,10.90,0.0273,true,1,10326
7290013927514,false,רוגעלך קינמון 400 גר`אחוה,אחדות ביחר לטחינה חל,IL,רוגעלך קינמון אחוה 4,גרמים,400.00,100 גרם,false,,8.90,0.0223,true,1,30711
7290013927545,false,אוזן המן בטעם שוקולד באריזה אישית,אחדות ביחר לטחינה חל,IL,אוזן המן אחוה 30 גרם,גרמים,30.00,100 גרם,false,,1.30,0.0433,true,1,60584
7290013927637,false,חלווה ללא תוספת סוכר 400 גר' אחוה,אחדות ביחר לטחינה חל,IL,חלוה ל.סוכר אחוה 400,גרמים,400.00,100 גרם,false,,11.90,0.0298,true,1,42032
7290013927804,false,"טחינה משומשום מלא 1 ק""ג",אחדות ביחר לטחינה חל,IL,טחינה שומשום מלא אחו,פריט,1.00,"ק""ג",false,,18.90,18.9000,true,1,46634
7290013927996,false,עוגת שמרים קראץ' בטעם שוקולד 400 גר',אחדות ביחר לטחינה חל,IL,עוגת שמרים קראנץ שוק,גרמים,400.00,100 גרם,false,,9.80,0.0245,true,1,50491
7290013946089,false,מג'יק ניקוי חלונות 1 ל',סאסאטק,IL,תרסיס מגיק חלונות 1,קילוגרמים,1.00,ליטר,false,,4.90,4.9000,true,1,13234
7290013946171,false,ת.מ.א.פריחה 300 מל מגיק,סאסאטק,IL,מטהר מגיק פריחה 300,מיליליטרים,300.00,"100 מ""ל",false,,3.90,0.0130,true,1,11277
7290013946829,false,נוזל כלים מגיק תפוח,סאסאטק,IL,נוזל כלים מגיק תפוח,קילוגרמים,4.00,ליטר,false,,17.90,4.4750,true,1,11221
7290014002197,false,ויסוצקי חליטת קמומיל ולימונית 25*1.5ג,ויסוצקי,IL,תה קמומיל ולימונית ה,גרמים,38.00,100 גרם,false,,16.90,0.4447,true,1,7752
7290014016248,false,פיתות ל.גלוטן נטורל,נטורל קייקס,IL,פיתות ל.גלוטן נטורל,גרמים,720.00,100 גרם,false,,14.90,0.0207,true,1,49629
7290014016279,false,פיצה מרגריטה ללא גלו,נטו מלינדה-בשר,IL,פיצה מרגריטה ל.גלוטן,גרמים,400.00,100 גרם,false,,19.90,0.0497,true,1,11982
7290014016286,false,פיצה מרגריטה עם זיתי,נטו מלינדה-בשר,IL,פיצה מרגריטה עם זיתי,גרמים,400.00,100 גרם,false,,19.90,0.0497,true,1,11983
7290014016309,false,לחם פרוס ל.גלוטן נטו,נטורל קייקס,IL,לחם פרוס ל.גלוטן נטו,גרמים,450.00,100 גרם,false,,4.90,0.0109,true,1,18444
7290014016316,false,לחם רך במיוחד ל.גלוט,נטורל קייקס,IL,לחם רך במיוחד ל.גלוט,גרמים,450.00,100 גרם,false,,4.90,0.0109,true,1,19413
7290014016323,false,לחמניות ל.גלוטן נטור,נטורל קייקס,IL,לחמניות ל.גלוטן נטור,גרמים,390.00,100 גרם,false,,4.90,0.0126,true,1,18445
7290014017009,false,קמח אורז לבן ללא גלוטן 500 גרם,נטו מלינדה-בשר,IL,קמח אורז ל.גלוטן רי,גרמים,500.00,100 גרם,false,,8.90,0.0178,true,1,6501
7290014017146,false,קמח רב תכליתי ל.גלוט,נטו מלינדה-בשר,IL,קמח רב תכליתי ל.גלוט,גרמים,500.00,100 גרם,false,,14.90,0.0298,true,1,28569
7290014017160,false,תערובת לעוגת וניל ל.,מתבל תעשיות מזון,IL,תערובת לעוגת וניל ל.,גרמים,320.00,100 גרם,false,,14.90,0.0466,true,1,6504
7290014017689,false,דגני בוקר בטעם נוגט,נטורל קייקס,IL,דגני בוקר בטעם נוגט,גרמים,750.00,100 גרם,false,,19.90,0.0265,true,1,52854
7290014017979,false,דגני בוקר ממולאים שו,,,דגני בוקר ממולאים שו,גרמים,750.00,100 גרם,false,,23.90,0.0319,true,1,30813
7290014079014,false,לבבות קיסר ארוז נספק,"מרינה פטריות הגליל בע""מ",IL,לבבות קיסר ארוז נספק,Unknown,0.00,יחידה,false,,10.90,0.0000,true,1,16641
7290014079076,false,נבטי אלפלפא יח,"מרינה פטריות הגליל בע""מ",IL,נבטי אלפלפא יח,Unknown,0.00,יחידה,false,,5.90,0.0000,true,1,7692
7290014079236,false,פטריות פורטובלה מיני סלסלה,מרינה פטריות הגליל,IL,פטריות פורטבלה מרינה,Unknown,0.00,יחידה,false,,8.90,0.0000,true,1,16870
7290014079328,false,לוף רגיל ארוז ליח (מ,"מרינה פטריות הגליל בע""מ",IL,לוף ארוז,Unknown,0.00,יחידה,false,,8.90,0.0000,true,1,53767
7290014079540,false,"שיני שום קלופות ק""ג","מרינה פטריות הגליל בע""מ",IL,"שום קלוף 1 ק""ג",פריט,1.00,"ק""ג",false,,29.90,29.9000,true,1,49899
7290014079847,false,צמד פטריות בייבי בלה,"מרינה פטריות הגליל בע""מ",IL,פטריות צמד בייבי בלה,Unknown,0.00,יחידה,false,,15.90,0.0000,true,1,19148
7290014083813,false,וילי פוד מריגה שפרוטים מעושנים בשמן 190ג,הנסיך- מפעל לייצור ט,LV,שפרוט מעושן בשמן מרי,גרמים,190.00,100 גרם,false,,7.90,0.0416,true,1,7243
7290014094260,false,שיני שום קלוף קמעונאי,"מרינה פטריות הגליל בע""מ",IL,שום קלוף מרינה 170 ג,גרמים,170.00,100 גרם,false,,9.90,0.0582,true,1,13524
7290014094307,false,סילאן טבעי 360 ג' שקדיה,"דין שיווק וקליה בע""מ",TR,סילאן טבעי שקדיה 360,מיליליטרים,360.00,"100 מ""ל",false,,13.90,0.0386,true,1,7486
7290014094505,false,אורז בסמתי טהור אהרוני 1 ק''ג,האי נאם סי או אל.טי.,IN,אורז בסמטי אהרוני 1,פריט,1.00,"ק""ג",false,,9.90,9.9000,true,1,8259
7290014094543,false,"תרסיס שמן קנולה שקדיה 186 מ""ל",שקדיה,IL,תרסיס שמן קנולה שקדי,מיליליטרים,186.00,"100 מ""ל",false,,14.90,0.0801,true,1,25535
7290014095472,false,חטיף דגנים עם חמוציות ושוקולד מריר 125 ג',דין שיווק,MK,חטיף דגנים עם חמוציו,גרמים,125.00,100 גרם,false,,9.90,0.0792,true,1,6561
7290014095496,false,חטיף דגנים עם אגוזים ושוקלד מריר 125 ג',דין שיווק,MK,חטיף דגנים עם שקד אג,גרמים,125.00,100 גרם,false,,9.90,0.0792,true,1,6562
7290014095861,false,שיבולת שועל דקה להכנה מהירה,"דין שיווק וקליה בע""מ",IL,שיבולת שועל דקה שקדי,גרמים,500.00,100 גרם,false,,4.90,0.0098,true,1,8264
7290014095946,false,משוקלדים פקאן בשוקולד מריר 140 גרם,"דין שיווק וקליה בע""מ",IL,פקאן בשוקולד מריר שק,גרמים,140.00,100 גרם,false,,9.90,0.0707,true,1,8665
7290014095960,false,שיבולת שועל עבה להכנה מהירה,"דין שיווק וקליה בע""מ",IL,שיבולת שועל עבה שקדי,גרמים,500.00,100 גרם,false,,4.90,0.0098,true,1,8263
7290014218505,false,"פיצת מעדנות שלישייה בחבק 1.08 ק""ג",מעדנות,IL,מארז פיצה מעדנות 3*3,פריט,1.08,"ק""ג",false,,29.90,27.6852,true,1,21423
7290014236936,false,שקיות אשפה 75*90 רזפ,,TR,שקיות אשפה 75*90 רזפ,Unknown,0.00,יחידה,false,,6.90,0.0000,true,1,63793
7290014256620,false,יין אדום מתוק מבעבע Buzz קריניאנו,יקבי כרמל Carmel Winery,IL,יין באז קריניאנו מבע,מיליליטרים,750.00,"100 מ""ל",false,,26.90,0.0359,true,1,13019
7290014256637,false,יין לבן מתוק מבעבע Buzz מוסקטו,יקבי כרמל Carmel Winery,IL,יין באז מוסקטו מבעבע,מיליליטרים,750.00,"100 מ""ל",false,,26.90,0.0359,true,1,13018
7290014258716,false,תרכובת מזון צמחי על בסיס חלבון סויה מגיל לידה,מטרנה תעשיות ש.מ,IL,מטרנה צמחי 700 גרם,גרמים,700.00,100 גרם,false,,49.90,0.0713,true,1,12793
7290014258723,false,תרכובת מזון צמחי לתינוקות מגיל 0 עד גיל שנה,מטרנה,IL,מטרנה צמחי מגיל 0-12,גרמים,700.00,100 גרם,false,,64.90,0.0927,true,1,12791
7290014309012,false,אגוז מוסקט טחון פרג,תבליני הדור השלישי,IL,אגוז מוסקט טחון פרג,גרמים,40.00,100 גרם,false,,13.90,0.3475,true,1,13265
7290014309128,false,תבלין קצח פרג 120 גר,תבליני הדור השלישי,IL,תבלין קצח פרג 120 גר,גרמים,120.00,100 גרם,false,,12.90,0.1075,true,1,30029
7290014325036,false,סוכריות ג'לי עטופות שמחות 600גרם,מיה תעשיות מזון בעמ,IL,סוכריות גלי שמחות מי,גרמים,600.00,100 גרם,false,,18.50,0.0308,true,1,9266
7290014325043,false,"פודינג וניל 1 ק""ג שקית",מיה תעשיות מזון בעמ,IL,פודינג בטעם וניל מיה,פריט,1.00,"ק""ג",false,,14.90,14.9000,true,1,31615
7290014325234,false,קוקוס מיה 800 גרם,מיה תעשיות מזון בעמ,IL,קוקוס מיה 800 גרם,גרמים,800.00,100 גרם,false,,19.90,0.0249,true,1,8371
7290014325241,false,שומשום מיה בשקית 800,מיה תעשיות מזון בעמ,IL,שומשום מיה בשקית 800,גרמים,800.00,100 גרם,false,,17.90,0.0224,true,1,8372
7290014325258,false,אורז פרסי אינדירה 1.,מיה תעשיות מזון בעמ,IL,אורז פרסי אינדירה 1.,פריט,1.40,"ק""ג",false,,7.90,5.6429,true,1,8375
7290014325326,false,חומוס גדול אינדירה 1,מיה תעשיות מזון בעמ,IL,חומוס גדול אינדירה 1,פריט,1.40,"ק""ג",false,,14.90,10.6429,true,1,8970
7290014325333,false,שעועית לבנה אינדירה,מיה תעשיות מזון בעמ,IL,שעועית לבנה אינדירה,פריט,1.40,"ק""ג",false,,14.90,10.6429,true,1,8971
7290014325357,false,"חיטה אינדירה 1.4 ק""ג",מיה תעשיות מזון בעמ,IL,"חיטה אינדירה 1.4 ק""ג",פריט,1.40,"ק""ג",false,,8.90,6.3571,true,1,8973
7290014325371,false,"אפונה אינדירה 1.4 ק""",מיה תעשיות מזון בעמ,IL,"אפונה אינדירה 1.4 ק""",פריט,1.40,"ק""ג",false,,9.90,7.0714,true,1,8975
7290014325395,false,עדשים אדומות אינדירה,מיה תעשיות מזון בעמ,IL,עדשים אדומות אינדירה,פריט,1.40,"ק""ג",false,,14.90,10.6429,true,1,8976
7290014325401,false,עדשים ירוקות אינדירה,מיה תעשיות מזון בעמ,IL,עדשים ירוקות אינדירה,פריט,1.40,"ק""ג",false,,14.90,10.6429,true,1,8977
7290014325418,false,חומוס ענק אינדירה 1.,מיה תעשיות מזון בעמ,IL,חומוס ענק אינדירה 1.,פריט,1.40,"ק""ג",false,,24.90,17.7857,true,1,8978
7290014325425,false,בורגול אינדירה 1.4 ק,מיה תעשיות מזון בעמ,IL,בורגול אינדירה 1.4 ק,פריט,1.40,"ק""ג",false,,8.90,6.3571,true,1,8979
7290014325432,false,"כוסמת אינדירה 1.4 ק""",מיה תעשיות מזון בעמ,IL,"כוסמת אינדירה 1.4 ק""",פריט,1.40,"ק""ג",false,,17.90,12.7857,true,1,8980
7290014325562,false,פופקורן אינדירה 1.4,מיה תעשיות מזון בעמ,IL,פופקורן אינדירה 1.4,פריט,1.40,"ק""ג",false,,12.90,9.2143,true,1,9362
7290014397453,false,מסיר כתמים לכביסה לבנה אוקסיג'ן ג'ל,סנו אוקסיג'ן,IL,גל אוקסיגן כביסה לבנ,קילוגרמים,3.00,ליטר,false,,27.90,9.3000,true,1,7912
7290014397491,false,"סנו פרש הום וניל קוקוס 350 מ""ל",סנו פרש Fresh,IL,מבשם סנופרש הום וניל,מיליליטרים,350.00,"100 מ""ל",false,,10.70,0.0306,true,1,7263
7290014397507,false,"מטהר אויר פרש הום פריחת יסמין 350מ""ל",מיוצר עי קונדיטוריית,IL,מבשם סנופרש הום יסמי,מיליליטרים,350.00,"100 מ""ל",false,,10.70,0.0306,true,1,7260
7290014397514,false,"סנו פרש הום מבשם כותנה מלטפת 350מ""ל","סנו מפעלי ברונוס בע""",IL,מבשם סנופרש הום כותנ,מיליליטרים,350.00,"100 מ""ל",false,,10.70,0.0306,true,1,7259
7290014397521,false,"מבשם פרש הום סנו לבנדר פרובנס 350 מ""ל,",סנו פרש Fresh,IL,מבשם סנופרש הום לבנד,מיליליטרים,350.00,"100 מ""ל",false,,10.70,0.0306,true,1,7262
7290014397538,false,פרש Home מבשם לבית בוקר אביבי,סנו מפעלי ברונוס בעמ,IL,מבשם סנופרש הום בוקר,מיליליטרים,350.00,"100 מ""ל",false,,10.70,0.0306,true,1,7261
7290014397675,false,סנו מקסימה מרכך כביסה חלב ודבש 4 ל',סנו,IL,מרכך מקסימה חלב ודבש,קילוגרמים,4.00,ליטר,false,,21.50,5.3750,true,1,7913
7290014397699,false,פוליווקס גרניט פורצלן 2 ליטר+1 ליטר מתנה,סנו,IL,פוליויקס גרניט פורצל,קילוגרמים,3.00,ליטר,false,,19.90,6.6333,true,1,19186
7290014397767,false,סנו ריצפז פרש הום 2 ליטר בניחוח כותנה-מרכז,"סנו מפעלי ברונוס בע""",IL,ריצפז פרש הום כותנה,קילוגרמים,2.00,ליטר,false,,19.70,9.8500,true,1,8543
7290014397842,false,סנו - מט דוחה יתושים נוזלי מכשיר + מילוי 90 לילות,סנו,IL,מכשיר סנומט + מילוי,Unknown,0.00,יחידה,false,,39.90,0.0000,true,1,14047
7290014397873,false,מרכך כביסה בבישום עוצמתי ג'נטל בריז,סנו מקסימה,IL,מרכך מקסימה ג'נטל 4,קילוגרמים,4.00,ליטר,false,,21.50,5.3750,true,1,48318
7290014435360,false,חומוס שמיר עם רוטב חריף 400 גר',סלטי שמיר 2006 בעמ,,חומוס עם רוטב חריף ש,גרמים,400.00,100 גרם,false,,10.90,0.0273,true,1,9366
7290014435377,false,חומוס עם רוטב מסבחה 400 גר',סלטי שמיר 2006 בעמ,,חומוס עם רוטב מסבחה,גרמים,400.00,100 גרם,false,,10.90,0.0273,true,1,9367
7290014435384,false,חומוס שמיר עם טחינה מיוחדת 400 גר',סלטי שמיר 2006 בעמ,,חומוס עם טחינה מיוחד,גרמים,400.00,100 גרם,false,,10.90,0.0273,true,1,9368
7290014435391,false,חומוס שמיר אורגינל עם גרגירים 400 גר',סלטי שמיר 2006 בעמ,,חומוס עם גרגירים שמי,גרמים,400.00,100 גרם,false,,10.90,0.0273,true,1,9369
7290014435803,false,מטיאס הולנדי (פרובנציאל) עם בצל בשמן 180 גרם,שבעת הימים - שמיר,IL,מטיאס הולנדי פרובנצי,גרמים,200.00,100 גרם,false,,16.90,0.0845,true,1,10777
7290014435810,false,הרינג כבוש ובצל במרינת חמוץ מתוק שמיר 180 ג',שבעת הימים - שמיר,IL,הרינג כבוש שמיר 220,גרמים,220.00,100 גרם,false,,9.90,0.0450,true,1,10779
7290014435834,false,מקרל מעושן פרוס בשמן 180 גרם,שבעת הימים - שמיר,IL,מקרל מעושן שמיר 180,גרמים,180.00,100 גרם,false,,21.90,0.1217,true,1,10776
7290014435841,false,פילה מטיאס הולנדי בשמן שמיר 180ג',סלטי שמיר 2006 בעמ,IL,פילה מטיאס שמיר 200,גרמים,200.00,100 גרם,false,,16.90,0.0845,true,1,10778
7290014435872,false,סלט הרינג ומיונז שמיר 250ג',שבעת הימים - שמיר,IL,סלט הרינג שמיר 200 ג,גרמים,200.00,100 גרם,false,,16.90,0.0845,true,1,10783
7290014435889,false,סלט מטיאס עם מיונז 180 גרם,שבעת הימים - שמיר,IL,סלט מטיאס שמיר 200 ג,גרמים,200.00,100 גרם,false,,16.90,0.0845,true,1,10784
7290014435896,false,סלט סלומון עם מיונז 180 גר',שבעת הימים - שמיר,IL,סלט סלמון שמיר 200,גרמים,200.00,100 גרם,false,,16.90,0.0845,true,1,10782
7290014455245,false,גבינת גרנה פדנו משולש 29% 200 גרם בית יוסף,מחלבת סוציאלה מנטובה,IT,גבינה גרנה פדנו גד 2,גרמים,200.00,100 גרם,false,,22.90,0.1145,true,1,16411
7290014455320,false,גבינה כדורי מוצרלה פרסקה גד 100ג',מחלבות גד בעמ,IL,גבינת מוצרלה פרסקה 1,גרמים,100.00,100 גרם,false,,8.90,0.0890,true,1,31930
7290014466609,false,יין גמלא מרלו 2012 750 מ,יקב רמת הגולן,IL,יין גמלא מרלו,מיליליטרים,750.00,"100 מ""ל",false,,49.90,0.0665,true,1,18471
7290014471412,false,"מוזלי בוטנים אגוזים ושקדים 1 ק""ג - 412 ירוק שקדיה",דין שיווק,IL,מוזלי בוטנים אגוזים,פריט,1.00,"ק""ג",false,,19.90,19.9000,true,1,8504
7290014471429,false,"מוזלי עם פירות 1 ק""ג - 429 סגול שקדיה",דין שיווק,IL,מוזלי פירות שקדיה 1,פריט,1.00,"ק""ג",false,,19.90,19.9000,true,1,8505
7290014471436,false,"מיזלי צימוקים תפוח קינמון וגרעיני חמניה שקדיה 1ק""ג",דין שיווק,IL,מוזלי צימוקים תפוח ק,פריט,1.00,"ק""ג",false,,19.90,19.9000,true,1,8506
7290014471443,false,"גרנולה צימוקים אגוזים ושקדים1 ק""ג חדש - 443 כתום שקדיה (כתום)",דין שיווק,IL,גרנולה אגוזים שקדיה,פריט,1.00,"ק""ג",false,,19.90,19.9000,true,1,8507
7290014472426,false,קונפיטורה דובדבן חמוץ 450 ג' שקדיה,"דין שיווק וקליה בע""מ",IL,קונפיטורה דובדבן 70%,גרמים,450.00,100 גרם,false,,9.90,0.0220,true,1,26482
7290014472433,false,קונפיטורה תות שדה 450 ג' שקדיה,"דין שיווק וקליה בע""מ",IL,קונפיטורה תות שדה 70,גרמים,450.00,100 גרם,false,,9.90,0.0220,true,1,26483
7290014472990,false,ממרח 100% שקדים שקדיה 300 ג',דין שיווק,IL,ממרח שקדים שקדיה 300,גרמים,300.00,100 גרם,false,,27.90,0.0930,true,1,26480
7290014555013,false,נוזל רצפות מגיק מאסק,סאסאטק,IL,נוזל רצפות מגיק מאסק,קילוגרמים,4.00,ליטר,false,,9.90,2.4750,true,1,11227
7290014555082,false,מים מזוקקים 4 לט מקסול,סאסאטק,IL,מים מזוקקים מקסול 4,קילוגרמים,4.00,ליטר,false,,9.90,2.4750,true,1,6877
7290014555686,false,"שמפו לשיער רגיל 700 מ""ל נובו.",סאסאטק,IL,שמפו נובו לשיער רגיל,מיליליטרים,700.00,"100 מ""ל",false,,5.90,0.0084,true,1,13145
7290014555693,false,"שמפו לשיער יבש צבוע 700 מ""ל נובו",סאסאטק,IL,שמפו נובו לשיער יבש/,מיליליטרים,700.00,"100 מ""ל",false,,5.90,0.0084,true,1,13146
7290014555709,false,"שמפו ומרכך נובו 700 מ""ל.",סאסאטק,IL,שמפו ומרכך נובו 700,מיליליטרים,700.00,"100 מ""ל",false,,5.90,0.0084,true,1,13843
7290014555716,false,"מרכך לכל סוגי השיער 700 מ""ל נובו",סאסאטק,IL,מרכך נובו לכל סוגי ה,מיליליטרים,700.00,"100 מ""ל",false,,5.90,0.0084,true,1,13147
7290014555723,false,"נובו תחליב רחצה אקזוטי 700 מ""ל",סאסאטק,IL,תחליב נובו אקזוטי 70,מיליליטרים,700.00,"100 מ""ל",false,,5.90,0.0084,true,1,13148
7290014555730,false,"תחליב רחצה דבש 700 מ""ל נובו.",סאסאטק,IL,תחליב נובו דבש 700 מ,מיליליטרים,700.00,"100 מ""ל",false,,5.90,0.0084,true,1,13149
7290014555747,false,"נובו תחליב רחצה הרבל 700 מ""ל",סאסאטק,IL,תחליב נובו הרבל 700,מיליליטרים,700.00,"100 מ""ל",false,,5.90,0.0084,true,1,13150
7290014555754,false,"תחליב רחצה בלוסום 700 מ""ל נובו",סאסאטק,IL,תחליב נובו בלוסום 70,מיליליטרים,700.00,"100 מ""ל",false,,5.90,0.0084,true,1,13151
7290014555778,false,"ג'ל רחצה לגבר בלייז 700 מ""ל נובו.",סאסאטק,IL,גל רחצה נובו לגבר בל,מיליליטרים,700.00,"100 מ""ל",false,,5.90,0.0084,true,1,13152
7290014555785,false,"ג'ל רחצה לגבר וויב 700 מ""ל נובו.",סאסאטק,IL,גל רחצה נובו לגבר וו,מיליליטרים,700.00,"100 מ""ל",false,,5.90,0.0084,true,1,13153
7290014562370,false,בי אנד די פריכוני כוסמת 50ג,בטר אנד דיפרנט B&D,IL,פריכוני כוסמת ב.ד 50,גרמים,50.00,100 גרם,false,,4.50,0.0900,true,1,10448
7290014562387,false,משקה גרגירים קמומיל בטר& דיפרנט 200ג',סילקו אם איי ספולקה,,תה גרגירים נמס טעם ק,גרמים,200.00,100 גרם,false,,17.90,0.0895,true,1,7817
7290014562585,false,בטר אנד דיפרנט דייסה טעם וניל 200 גר,בטר אנד דיפרנט B&D,IL,דייסת וניל ב.ד 200 ג,גרמים,200.00,100 גרם,false,,9.90,0.0495,true,1,15629
7290014581036,false,"פחם טבעי קטן 2 ק""ג",,,"פחם דליק 2 ק""ג",פריט,2.00,"ק""ג",false,,10.90,5.4500,true,1,12570
7290014581340,false,"פחם עץ הדרים 9 ק""ג",,,"פחם עץ הדרים 9 ק""ג",פריט,9.00,"ק""ג",false,,49.90,5.5444,true,1,12571
7290014593138,false,יין אהרונוף סינגל וי,יקב אהרונוף,IL,יין אהרונוף סינגל וי,מיליליטרים,750.00,"100 מ""ל",false,,119.90,0.1599,true,1,61881
7290014692299,false,גבינת ברי 125 ג' קסטיאלו ויליפוד,יורו צ'יז Euro Cheese,DK,גבינה ברי 25% יורו 1,גרמים,125.00,100 גרם,false,,14.90,0.1192,true,1,13503
7290014692305,false,גבינת קממבר 125ג' CASTELLO ויליפוד,הנסיך- מפעל לייצור ט,DK,גבינה קממבר 25% יורו,גרמים,125.00,100 גרם,false,,14.90,0.1192,true,1,13504
7290014692565,false,וילי פוד גרעיני תירס 320 גרם,אקו קונסרויפרי קי.אפ,HU,תירס גרעינים ויליפוד,גרמים,320.00,100 גרם,false,,4.90,0.0153,true,1,8173
7290014725348,false,"סוכרזית קלאסי 100 שקיות כש""לפ",סוכרזית Sucrazit,IL,ממתיק קלאסי סוכרזית,גרמים,100.00,100 גרם,false,,12.90,0.1290,true,1,12371
7290014738935,false,יין בראשית מרלו 202,יקב בראשית,IL,יין בראשית מרלו 202,מיליליטרים,750.00,"100 מ""ל",false,,69.90,0.0932,true,1,60626
7290014738980,false,יין בראשית קברנה 202,יקב בראשית,IL,יין בראשית קברנה 202,מיליליטרים,750.00,"100 מ""ל",false,,69.90,0.0932,true,1,60627
7290014749245,false,ספיישל רצועות שניצל שומשום עוף טוב 600 גרם,מוצרי עוף טוב (2001),IL,רצועות שניצל שומשום,גרמים,600.00,100 גרם,false,,29.80,0.0497,true,1,50921
7290014749764,false,עוף טוב שניצל עוף ביתי עדין 700,מוצרי עוף טוב (2001),IL,שניצל עוף ביתי מעודן,גרמים,700.00,100 גרם,false,,29.90,0.0427,true,1,50466
7290014758162,false,חלב עיזים מלא 3.6% קרטון 1 ל' תנובה,תנובה מרכז שיתופי לש,IL,חלב עיזים תנובה 1 לי,קילוגרמים,1.00,ליטר,false,,14.80,14.8000,true,1,8954
7290014758681,false,קוטג' תנובה 1% גביע 250 ג',מיוצר עי קונדיטוריית,IL,קוטג 1% תנובה 250 גר,גרמים,250.00,100 גרם,false,,5.50,0.0220,true,1,7618
7290014759084,false,גבינת שמנת 16% בטעם טבעי 225 ג' נפוליאון,תנובה מרכז שיתופי לש,IL,גבינת שמנת טבעי 16%,גרמים,225.00,100 גרם,false,,12.50,0.0556,true,1,9815
7290014759701,false,"מאגדת שמינייה יופלה מעודן בד""צ בנגיעות וניל",עדן קינוחים בעמ,IL,מארז יופלה וניל 8*15,פריט,1.20,"ק""ג",false,,19.90,16.5833,true,1,8993
7290014760141,false,משקה שקדים תנובה E אלטרנטיב,תנובה Alternative,IL,משקה שקדים אלטרנטיב,קילוגרמים,1.00,ליטר,false,,11.60,11.6000,true,1,14715
7290014760912,false,פרוסות גבינה 28% שומן 400 ג' גוש חלב,תנובה מרכז שיתופי לש,IL,גבינה גוש חלב 400 גר,גרמים,400.00,100 גרם,false,,24.90,0.0622,true,1,11252
7290014761018,false,גיל בטעם וניל תנובה,תנובה מרכז שיתופי לש,IL,גיל בטעם וניל תנובה,גרמים,125.00,100 גרם,false,,1.30,0.0104,true,1,11389
7290014761056,false,מעדן שוקולד חלב מעולה 123 ג' יולו,מיוצר עי קונדיטוריית,IL,יולו שוקולד חלב 123,גרמים,123.00,100 גרם,false,,4.30,0.0350,true,1,12869
7290014761070,false,מעדן שוקולד לבן מעולה 123 ג' יולו,מיוצר עי קונדיטוריית,IL,יולו שוקולד לבן 123,גרמים,123.00,100 גרם,false,,4.30,0.0350,true,1,12870
7290014761193,false,יוגורט עם פירות יער 1.5% שומן 125 ג' פרילי,תנובה מרכז שיתופי לש,IL,פרילי פירות יער 125,מיליליטרים,125.00,"100 מ""ל",false,,3.40,0.0272,true,1,13294
7290014761254,false,"יוגורט ביו 3% תנובה מארז 150X8ג' בד""צ",תנובה מרכז שיתופי לש,IL,מארז יוגורט ביו תנוב,קילוגרמים,1.20,ליטר,false,,15.90,13.2500,true,1,12278
7290014761414,false,מעדן שכבות שוקולד חלב ולבן 123 ג' יולו,מיוצר עי קונדיטוריית,IL,יולו שוקולד לבן וחלב,גרמים,123.00,100 גרם,false,,4.30,0.0350,true,1,12799
7290014761438,false,פיראוס בולגרית קלאסית 24% סמי מעדניה 400,תנובה מרכז שיתופי לש,IL,גבינה בולגרית 24% פי,גרמים,400.00,100 גרם,false,,19.90,0.0497,true,1,12499
7290014761612,false,מעדן עם שוקולד מריר ולבן 122 ג' יולו,מיוצר עי קונדיטוריית,IL,יולו שכבות שוקולד לב,גרמים,122.00,100 גרם,false,,4.30,0.0352,true,1,14381
7290014761698,false,פרוסות גבינה צהובה עמק קלאסית 28%,תנובה מרכז שיתופי לש,IL,גבינה עמק 28% 600 גר,גרמים,600.00,100 גרם,false,,26.90,0.0448,true,1,23980
7290014762800,false,מעדן סויה שוקולד גביע 125 גרם אלטרנטיב,תנובה מרכז שיתופי לש,IL,מעדן סויה שוקולד אלט,גרמים,125.00,100 גרם,false,,3.90,0.0312,true,1,28563
7290014762831,false,גבינת שמנת חלפיניו 24% שומן 225 ג' נפוליאון,תנובה מרכז שיתופי לש,IL,גבינת שמנת פלפל חלפי,גרמים,225.00,100 גרם,false,,12.50,0.0556,true,1,20762
7290014763272,false,יוגורט סויה BIO לשתייה תות ובננה אלטרנטיב,תות תעשיות מזון (201,IL,משקה סויה תות בננה א,מיליליטרים,250.00,"100 מ""ל",false,,4.90,0.0196,true,1,28961
7290014763418,false,"כד יוגרט תנובה 4% שומן 1.5 ליטר, מהדרין",תנובה מרכז שיתופי לש,IL,משקה יוגורט 4% תנובה,קילוגרמים,1.50,ליטר,false,,16.90,11.2667,true,1,22722
7290014855595,false,מגבוני טואלט סופטי 6,D.P.L,IL,מגבוני טואלט סופטי 6,Unknown,0.00,יחידה,false,,19.90,0.0000,true,1,13877
7290014860070,false,"מקלוני אורז ללא גלוטן 5 מ""מ 454גר' (אור)",ניינטי נודל קו,CN,מקלוני אורז מזרח ומע,גרמים,454.00,100 גרם,false,,9.90,0.0218,true,1,49090
7290014860094,false,מקלוני אורז ללא גלוט,ניינטי נודל קו,TH,מקלוני אורז ללא גלו,גרמים,454.00,100 גרם,false,,9.90,0.0218,true,1,64188
7290014860155,false,מחצלת במבו שטוחה 24X24 ס'מ,גולין פנגזו,CN,מחצלת במבו שטוחה 24/,Unknown,0.00,יחידה,false,,7.90,0.0000,true,1,50384
7290014860247,false,שבבי אורז מרובעים לל,ליאן תאי רייס,TH,שבבי אורז ללא גלוטן,מיליליטרים,227.00,"100 מ""ל",false,,8.50,0.0374,true,1,64189
7290014867253,false,אגוז מלך טחון דרומה,דרומה י.א.ט בעמ,IL,אגוז מלך טחון דרומה,גרמים,400.00,100 גרם,false,,29.90,0.0747,true,1,43998
7290014867321,false,שקד טחון דרומה 400 ג,דרומה י.א.ט בעמ,IL,שקד טחון דרומה 400 ג,גרמים,400.00,100 גרם,false,,29.90,0.0747,true,1,51319
7290014867338,false,שקד מולבן טחון דרומה,דרומה י.א.ט בעמ,IL,שקד מולבן טחון דרומה,גרמים,400.00,100 גרם,false,,29.90,0.0747,true,1,52393
7290014867345,false,שקד מולבן פרוס 400 ג,דרומה י.א.ט בעמ,IL,שקד מולבן פרוס 400 ג,גרמים,400.00,100 גרם,false,,32.90,0.0822,true,1,55286
7290014867369,false,שקד מולבן שבבים 400,דרומה י.א.ט בעמ,IL,שקד מולבן שבבים 400,גרמים,400.00,100 גרם,false,,32.90,0.0822,true,1,55285
7290014931008,false,פטרוזיליה עם השורש,מהשורש לאורך חיים,IL,פטרוזיליה עם השורש,Unknown,0.00,יחידה,false,,6.90,0.0000,true,1,20252
7290014931015,false,כוסברה עם השורש,מהשורש לאורך חיים,IL,כוסברה עם השורש,Unknown,0.00,יחידה,false,,6.90,0.0000,true,1,20253
7290014931053,false,בזיליקום עם השורש,מהשורש לאורך חיים,IL,בזיליקום עם השורש,Unknown,0.00,יחידה,false,,6.90,0.0000,true,1,20250
7290014931077,false,עירית עם השורש,מהשורש לאורך חיים,IL,עירית עם השורש,Unknown,0.00,יחידה,false,,6.90,0.0000,true,1,20248
7290014931084,false,אורגנו עם השורש,מהשורש לאורך חיים,IL,אורגנו עם השורש,Unknown,0.00,יחידה,false,,6.90,0.0000,true,1,20249
7290014931091,false,קורנית- טימין ארוז,מהשורש לאורך חיים,IL,קורנית עם השורש,Unknown,0.00,יחידה,false,,6.90,0.0000,true,1,20246
7290014931107,false,נענע עם השורש,מהשורש לאורך חיים,IL,נענע עם השורש,Unknown,0.00,יחידה,false,,6.90,0.0000,true,1,20251
7290014931190,false,חסה פאקצוי זוגות,משק מורדכי גדי בעמ,IL,חסה פאקצוי זוגות,Unknown,0.00,יחידה,false,,11.90,0.0000,true,1,28210
7290014931206,false,גרגר הנחלים,מהשורש לאורך חיים,IL,גרגיר נחלים,Unknown,0.00,יחידה,false,,11.90,0.0000,true,1,20254
7290014940901,false,לחם פשוט מלא 750 ג' אנג'ל,מאפית אנגל,IL,לחם פשוט מלא אנגל 75,גרמים,750.00,100 גרם,false,,11.80,0.0157,true,1,37953
7290014973060,false,סלמון הילטון בוואקום,"הרמס דגים בע""מ",IL,סלמון מעושן הרמס 100,גרמים,100.00,100 גרם,false,,16.90,0.1690,true,1,49030
7290014973305,false,פילה הרינג לבן הרמס,"הרמס דגים בע""מ",IL,פילה הרינג לבן הרמס,גרמים,200.00,100 גרם,false,,16.90,0.0845,true,1,48201
7290014973329,false,פילה הרינג אדום הרמס,"הרמס דגים בע""מ",IL,פילה הרינג אדום הרמס,גרמים,200.00,100 גרם,false,,16.90,0.0845,true,1,48203
7290014973336,false,פילה הרינג כבוש הרמס,"הרמס דגים בע""מ",IL,פילה הרינג כבוש הרמס,גרמים,200.00,100 גרם,false,,16.90,0.0845,true,1,48204
7290014973374,false,פילה מקרל בשמן הרמס,"הרמס דגים בע""מ",IL,פילה מקרל בשמן הרמס,גרמים,200.00,100 גרם,false,,21.90,0.1095,true,1,48210
7290014973381,false,ממרח סלמון הרמס 200,"הרמס דגים בע""מ",IL,ממרח סלמון הרמס 200,גרמים,200.00,100 גרם,false,,19.90,0.0995,true,1,49589
7290014973480,false,הרמס טונה מעושן פרוס,"הרמס דגים בע""מ",IL,טונה מעושן קר פרוס ה,גרמים,200.00,100 גרם,false,,29.90,0.1495,true,1,49823
7290014973558,false,פילה סלמון גרבלקס הר,"הרמס דגים בע""מ",IL,פילה סלמון גרבלקס הר,גרמים,200.00,100 גרם,false,,31.90,0.1595,true,1,48277
7290014973626,false,מקרל מעושן הרמס 400,"הרמס דגים בע""מ",IL,מקרל מעושן הרמס 400,גרמים,400.00,100 גרם,false,,29.90,0.0747,true,1,55210
7290014973640,false,פילה הרינג לבן הרמס,"הרמס דגים בע""מ",IL,פילה הרינג לבן הרמס,גרמים,200.00,100 גרם,false,,11.90,0.0595,true,1,55208
7290014973657,false,פילה הרינג אדום הרמס,"הרמס דגים בע""מ",IL,פילה הרינג אדום הרמס,גרמים,200.00,100 גרם,false,,11.90,0.0595,true,1,55209
7290014973664,false,איקרה אדומה הרמס 250,"הרמס דגים בע""מ",IL,איקרה אדומה הרמס 250,גרמים,250.00,100 גרם,false,,12.90,0.0516,true,1,55836
7290014973671,false,איקרה לבנה הרמס 250,"הרמס דגים בע""מ",IL,איקרה לבנה הרמס 250,גרמים,250.00,100 גרם,false,,12.90,0.0516,true,1,55837
7290014974562,false,גביעי גלידה רגיל טילון עלמה גילרו 24 יח',"א.ג גילרו בע""מ",IL,גביעי גלידה עלמה 24,גרמים,160.00,100 גרם,false,,5.90,0.0369,true,1,44965
7290015008020,false,נר נשמה ר. שמאי 24 שעות,,CN,נר נשמה שמאי 24 שעות,Unknown,0.00,יחידה,false,,1.20,0.0000,true,1,60942
7290015014205,false,תרד ארוז,בוסתן עשבי תיבול,IL,תרד ארוז,Unknown,0.00,יחידה,false,,11.90,0.0000,true,1,13691
7290015025836,false,שקיות הקפאה גדולות ז,אס סי גונסון ראסין,US,שקיות הקפאה גדולות ז,Unknown,0.00,יחידה,false,,19.90,0.0000,true,1,62725
7290015025843,false,שקיות סנדוויץ קטנות,תאי גריפיטס,TH,שקיות סנדוויץ קטנות,Unknown,0.00,יחידה,false,,24.90,0.0000,true,1,62726
7290015037501,false,"שמיר בד""ץ 30 יח",יעל ירק עלים,IL,שמיר מהדרין,Unknown,0.00,יחידה,false,,6.90,0.0000,true,1,29867
7290015037563,false,עלי סלק בדץ עדה חרדית,יעל ירק עלים,IL,עלי סלק מהדרין עלי ק,Unknown,0.00,יחידה,false,,7.90,0.0000,true,1,29871
7290015039253,false,וילי פוד עלי גפן במי מלח 620 גר,קוראהן פזלרמה וי דיס,TR,עלי גפן ויליפוד 620,גרמים,620.00,100 גרם,false,,8.90,0.0144,true,1,11235
7290015057110,false,מקלות חמוצים בטעם תות שדה 18ג,אלבן מזון תעשיות ומס,TR,מקלות חמוצים בטעם תו,גרמים,20.00,100 גרם,false,,1.50,0.0750,true,1,46679
7290015057127,false,טעמן מקלות חמוצים קולה 20 גרם,אלבן מזון תעשיות ומס,TR,מקלות חמוצים בטעם קו,גרמים,20.00,100 גרם,false,,1.50,0.0750,true,1,46680
7290015057134,false,טעמן מקלות חמוצים פטל 20 גרם,אלבן מזון תעשיות ומס,TR,מקלות חמוצים בטעם פט,גרמים,20.00,100 גרם,false,,1.50,0.0750,true,1,46681
7290015139052,false,מרשמלו טוויסטר 500 ג,כרמית,IL,מרשמלו טוויסטר 500 ג,גרמים,500.00,100 גרם,false,,11.90,0.0238,true,1,10409
7290015150361,false,תה ירוק נענע סטיביה 25 שקיקים ויסוצקי,ויסוצקי ירוק,IL,תה ירוק נענע סטיביה,גרמים,38.00,100 גרם,false,,19.90,0.5237,true,1,14698
7290015164832,false,מחית קארי ירוקה מזרח,טאפאדונגפורן קוקינט,TH,מחית קארי ירוקה מזרח,גרמים,400.00,100 גרם,false,,19.50,0.0488,true,1,49105
7290015164856,false,מחית קארי אדומה מזרח,טאפאדונגפורן קוקינט,TH,מחית קארי אדומה מזרח,גרמים,400.00,100 גרם,false,,19.50,0.0488,true,1,49106
7290015282581,false,חומוס שמיר אבו גוש עם חריף 200 גר',"סלטי שמיר 2006 בע""מ",IL,חומוס עם חריף שמיר ג,גרמים,200.00,100 גרם,false,,10.90,0.0545,true,1,11848
7290015282598,false,חומוס שמיר מסעדות 200 גר',"סלטי שמיר 2006 בע""מ",IL,חומוס מסעדות שמיר גו,גרמים,200.00,100 גרם,false,,10.90,0.0545,true,1,11849
7290015282604,false,טחינה שמיר מיוחדת גורמה 200ג',"סלטי שמיר 2006 בע""מ",IL,טחינה מיוחדת שמיר בי,גרמים,200.00,100 גרם,false,,10.90,0.0545,true,1,11850
7290015282628,false,חציל שמיר בטעם כבד 200 גר',"סלטי שמיר 2006 בע""מ",IL,חציל בטעם כבד שמיר ג,גרמים,200.00,100 גרם,false,,10.90,0.0545,true,1,11852
7290015282635,false,חומוס שמיר מסבחה 200 גר',"סלטי שמיר 2006 בע""מ",IL,חומוס מסבחה שמיר גור,גרמים,200.00,100 גרם,false,,10.90,0.0545,true,1,11853
7290015282642,false,חומוס שמיר אבו גוש 200 גר',"סלטי שמיר 2006 בע""מ",IL,חומוס אבו גוש שמיר ג,גרמים,200.00,100 גרם,false,,10.90,0.0545,true,1,11854
7290015282680,false,קישוא בטעם כבד שמיר 200 גר',"סלטי שמיר 2006 בע""מ",IL,קישואים בטעם כבד שמי,גרמים,200.00,100 גרם,false,,10.90,0.0545,true,1,11859
7290015282710,false,קוביות סלק שמיר 200 גר',"סלטי שמיר 2006 בע""מ",IL,קוביות סלק שמיר גורמ,גרמים,200.00,100 גרם,false,,10.90,0.0545,true,1,11862
7290015282727,false,גזר מרוקאי ברוטב פיקנטי אסלי שמיר 200 ג',"סלטי שמיר 2006 בע""מ",IL,גזר מרוקאי שמיר גורמ,גרמים,200.00,100 גרם,false,,10.90,0.0545,true,1,11863
7290015282734,false,מטבוחה שמיר ביתית גורמה 200 ג ',"סלטי שמיר 2006 בע""מ",IL,מטבוחה שמיר גורמה 20,גרמים,200.00,100 גרם,false,,10.90,0.0545,true,1,11864
7290015282741,false,חציל תאילנדי אסלי שמיר 200 ג',"סלטי שמיר 2006 בע""מ",IL,חציל תאילנדי שמיר גו,גרמים,200.00,100 גרם,false,,10.90,0.0545,true,1,11865
7290015321167,false,פפריקה מתוקה בשמן פר,תבליני הדור השלישי,IL,פפריקה מתוקה בשמן פר,גרמים,250.00,100 גרם,false,,21.90,0.0876,true,1,13718
7290015321174,false,פפריקה מתוקה פרג 300,תבליני הדור השלישי,IL,פפריקה מתוקה פרג 300,גרמים,300.00,100 גרם,false,,21.90,0.0730,true,1,13576
7290015321181,false,פפריקה חריפה בשמן פר,תבליני הדור השלישי,IL,פפריקה חריפה בשמן פר,גרמים,250.00,100 גרם,false,,21.90,0.0876,true,1,13578
7290015321198,false,פפריקה חריפה פרג 300,תבליני הדור השלישי,IL,פפריקה חריפה פרג 300,גרמים,300.00,100 גרם,false,,21.90,0.0730,true,1,13579
7290015321204,false,כורכום פרג 320 גרם,תבליני הדור השלישי,IL,כורכום פרג 320 גרם,גרמים,320.00,100 גרם,false,,21.90,0.0684,true,1,13574
7290015321211,false,כמון פרג 250 גרם,תבליני הדור השלישי,IL,כמון פרג 250 גרם,גרמים,250.00,100 גרם,false,,21.90,0.0876,true,1,13573
7290015321228,false,זנגוויל פרג 200 גרם,תבליני הדור השלישי,IL,זנגוויל פרג 200 גרם,גרמים,200.00,100 גרם,false,,21.90,0.1095,true,1,13719
7290015321235,false,מקלות קינמון פרג 150,תבליני הדור השלישי,IL,מקלות קינמון פרג 150,גרמים,150.00,100 גרם,false,,21.90,0.1460,true,1,13720
7290015321242,false,קינמון טחון פרג 250,תבליני הדור השלישי,IL,קינמון טחון פרג 250,גרמים,250.00,100 גרם,false,,21.90,0.0876,true,1,13721
7290015321280,false,צילי פרג 230 גרם,תבליני הדור השלישי,IL,צילי פרג 230 גרם,גרמים,230.00,100 גרם,false,,21.90,0.0952,true,1,13725
7290015321297,false,גריל עוף פרג 250 גרם,תבליני הדור השלישי,IL,גריל עוף פרג 250 גרם,גרמים,250.00,100 גרם,false,,21.90,0.0876,true,1,13726
7290015321303,false,תבלין לסטיק פרג 250,תבליני הדור השלישי,IL,תבלין לסטיק פרג 250,גרמים,250.00,100 גרם,false,,21.90,0.0876,true,1,13577
7290015321310,false,תבלין לשווארמה פרג 2,תבליני הדור השלישי,IL,תבלין לשווארמה פרג 2,גרמים,250.00,100 גרם,false,,21.90,0.0876,true,1,13727
7290015321327,false,תבלין לדגים פרג 250,תבליני הדור השלישי,IL,תבלין לדגים פרג 250,גרמים,250.00,100 גרם,false,,21.90,0.0876,true,1,13575
7290015321334,false,קארי פרג 250 גרם,תבליני הדור השלישי,IL,קארי פרג 250 גרם,גרמים,250.00,100 גרם,false,,21.90,0.0876,true,1,13728
7290015321341,false,חוואיג למרק פרג 250,תבליני הדור השלישי,IL,חוואיג למרק פרג 250,גרמים,250.00,100 גרם,false,,21.90,0.0876,true,1,13729
7290015321358,false,חוואיג לקפה פרג 200,תבליני הדור השלישי,IL,חוואיג לקפה פרג 200,גרמים,200.00,100 גרם,false,,21.90,0.1095,true,1,13730
7290015321365,false,זעתר פרג 240 גרם,תבליני הדור השלישי,IL,זעתר פרג 240 גרם,גרמים,240.00,100 גרם,false,,21.90,0.0912,true,1,13731
7290015321372,false,קיטגון פרג 250 גרם,תבליני הדור השלישי,IL,קיטגון פרג 250 גרם,גרמים,250.00,100 גרם,false,,21.90,0.0876,true,1,13732
7290015321389,false,פטרוזיליה פרג 80 גרם,תבליני הדור השלישי,IL,פטרוזיליה פרג 80 גרם,גרמים,80.00,100 גרם,false,,21.90,0.2737,true,1,13733
7290015321396,false,בזיליקום פרג 80 גרם,תבליני הדור השלישי,IL,בזיליקום פרג 80 גרם,גרמים,80.00,100 גרם,false,,21.90,0.2737,true,1,13734
7290015321402,false,כוסברה פרג 60 גרם,תבליני הדור השלישי,IL,כוסברה פרג 60 גרם,גרמים,60.00,100 גרם,false,,21.90,0.3650,true,1,13710
7290015321419,false,שמיר פרג 80 גרם,תבליני הדור השלישי,IL,שמיר פרג 80 גרם,גרמים,80.00,100 גרם,false,,21.90,0.2737,true,1,13709
7290015321426,false,אורגנו פרג 120 גרם,תבליני הדור השלישי,IL,אורגנו פרג 120 גרם,גרמים,120.00,100 גרם,false,,21.90,0.1825,true,1,13738
7290015321433,false,רוזמרין פרג 80 גרם,תבליני הדור השלישי,IL,רוזמרין פרג 80 גרם,גרמים,300.00,100 גרם,false,,21.90,0.0730,true,1,13735
7290015321440,false,עלי דפנה פרג 25 גרם,תבליני הדור השלישי,IL,עלי דפנה פרג 25 גרם,גרמים,25.00,100 גרם,false,,21.90,0.8760,true,1,13737
7290015321457,false,טימין פרג 80 גרם,תבליני הדור השלישי,IL,טימין פרג 80 גרם,גרמים,80.00,100 גרם,false,,21.90,0.2737,true,1,13736
7290015339605,false,שוקולד לבן חלב קרם אגוזים,אלבה שוקולד,,שוקולד טעמן לבן נוגט,גרמים,100.00,100 גרם,false,,7.90,0.0790,true,1,19777
7290015339612,false,שוקולד טעמן חלב אגוז,אלבה שוקולד,,שוקולד טעמן חלב אגוז,גרמים,100.00,100 גרם,false,,7.90,0.0790,true,1,19775
7290015339629,false,שוקולד חלב שברי אגוזים 100 גר',הלל תעשיות,IL,שוקולד טעמן חלב שברי,גרמים,100.00,100 גרם,false,,7.90,0.0790,true,1,19778
7290015339636,false,שוקולד מריר קרם אגוזים,הלל תעשיות,IL,שוקולד טעמן מריר אגו,גרמים,100.00,100 גרם,false,,7.90,0.0790,true,1,19776
7290015339643,false,"שוקולד מריר בד""ץ 100 גר'",הלל תעשיות,IL,שוקולד טעמן מריר 100,גרמים,100.00,100 גרם,false,,6.90,0.0690,true,1,19774
7290015339650,false,"שוקולד חלבי בד""ץ 100 גר'",אלבה שוקולד,,שוקולד טעמן חלב 100,גרמים,100.00,100 גרם,false,,6.90,0.0690,true,1,19773
7290015341486,false,עוגיות בדלי אנטיקוביץ 600ג',,IL,דובשניות אנטקוביץ 50,גרמים,500.00,100 גרם,false,,4.90,0.0098,true,1,63203
7290015341516,false,עוגת קרנץ 500 גרם,אנטיקביץ,IL,עוגת קרנץ 500 גרם,גרמים,500.00,100 גרם,false,,9.90,0.0198,true,1,37382
7290015341578,false,עוגת דניש בטעמים שונ,אנטיקביץ,IL,עוגת דניש בטעמים שונ,גרמים,500.00,100 גרם,false,,9.90,0.0198,true,1,35474
7290015347037,false,קקאו מיה 800 גרם,מיה תעשיות מזון בעמ,IL,קקאו מיה 800 גרם,גרמים,800.00,100 גרם,false,,21.90,0.0274,true,1,10101
7290015347068,false,קוקוס מיה 250 גרם,מיה תעשיות מזון בעמ,IL,קוקוס מיה 250 גרם,גרמים,250.00,100 גרם,false,,7.90,0.0316,true,1,11717
7290015347075,false,שומשום מיה 250 גרם,מיה תעשיות מזון בעמ,IL,שומשום מיה 250 גרם,גרמים,250.00,100 גרם,false,,6.90,0.0276,true,1,11718
7290015347150,false,שומשום סלקטד 400 גרם,מיה תעשיות מזון בעמ,IL,שומשום סלקטד 400 גרם,גרמים,400.00,100 גרם,false,,16.90,0.0422,true,1,35398
7290015347167,false,קינואה באריזת ואקום Selected,מיה תעשיות מזון בעמ,IL,קינואה סלקטד 500 גרם,גרמים,500.00,100 גרם,false,,16.90,0.0338,true,1,33801
7290015347174,false,"אורז פרסי סלקטד מיה 1 ק""ג",מיה תעשיות מזון בעמ,IL,"אורז פרסי סלקטד 1 ק""",פריט,1.00,"ק""ג",false,,11.90,11.9000,true,1,12848
7290015347181,false,"שעועית לבנה סלקטד מיה 1 ק""ג",מיה תעשיות מזון בעמ,IL,שעועית לבנה סלקטד 1,פריט,1.00,"ק""ג",false,,13.90,13.9000,true,1,12846
7290015347204,false,"חומוס גדול סלקטד מיה 1 ק""ג",מיה תעשיות מזון בעמ,IL,חומוס גדול סלקטד 1 ק,פריט,1.00,"ק""ג",false,,13.90,13.9000,true,1,12845
7290015347211,false,"גריסי פנינה סלקטד 1ק""ג",מיה תעשיות מזון בעמ,IL,גריסי פנינה סלקטד 1,פריט,1.00,"ק""ג",false,,14.90,14.9000,true,1,12847
7290015347501,false,אבקת אפיה מיה 36 יח,מיה תעשיות מזון בעמ,IL,אבקת אפיה מיה 36 יח,גרמים,360.00,100 גרם,false,,5.90,0.0164,true,1,24149
7290015347518,false,סוכר וניל מיה 36 יח,מיה תעשיות מזון בעמ,IL,סוכר וניל מיה 36 יח,גרמים,360.00,100 גרם,false,,5.90,0.0164,true,1,24150
7290015347525,false,צ'יפס בטטה עם שום ורוזמרין 80גרם,מיה תעשיות מזון בעמ,IL,חטיף ציפס בטטה עם שו,גרמים,80.00,100 גרם,false,,7.90,0.0988,true,1,26646
7290015347532,false,צ'יפס בטטה עם שמן זית ועשבי תיבול 80גרם,מיה תעשיות מזון בעמ,IL,חטיף ציפס בטטה עם שמ,גרמים,80.00,100 גרם,false,,7.90,0.0988,true,1,26645
7290015347556,false,גבישי שום בצנצנת 300 גר',מיה תעשיות מזון בעמ,IL,גבישי שום מיה 300 גר,גרמים,300.00,100 גרם,false,,24.90,0.0830,true,1,46625
7290015347563,false,סוכר דמררה שקית בון,מיה תעשיות מזון בעמ,IL,סוכר דמררה שקית בון,פריט,1.40,"ק""ג",false,,11.90,8.5000,true,1,15404
7290015347679,false,"תבלין צ'ילי גרוס 70 גר' צנצנת כשל""פ",מיה תעשיות מזון בעמ,IL,צילי גרוס מיה 70 גרם,גרמים,70.00,100 גרם,false,,7.90,0.1129,true,1,19646
7290015347686,false,תבלין צ'ילי גרוס 50 גר' שקית,מיה תעשיות מזון בעמ,IL,צילי שקית מיה 50 גרם,גרמים,50.00,100 גרם,false,,6.90,0.1380,true,1,19647
7290015347709,false,תבלין מוסקט טחון 70 גר' צנצנת,מיה תעשיות מזון בעמ,IL,אגוז מוסקט מיה 70 גר,גרמים,70.00,100 גרם,false,,9.90,0.1414,true,1,19428
7290015347723,false,אורז פרסי סלקטד 1.8,מיה תעשיות מזון בעמ,IL,אורז פרסי סלקטד 1.8,פריט,1.80,"ק""ג",false,,19.90,11.0556,true,1,25567
7290015347945,false,שעועית מעורבת אינדיר,מיה תעשיות מזון בעמ,IL,שעועית מעורבת אינדיר,פריט,1.40,"ק""ג",false,,16.90,12.0714,true,1,28648
7290015347990,false,עדשיי שוקולד מארז 20X8ג',מיה תעשיות מזון בעמ,IL,מארז 1/8 עדשי שוקול,גרמים,160.00,100 גרם,false,,9.90,0.0619,true,1,28940
7290015350143,false,יין אדום פרי ראן מר,סגל Segal,,יין אדום פרי ראן מר,מיליליטרים,750.00,"100 מ""ל",false,,49.90,0.0665,true,1,52189
7290015350242,false,שטוק 84 משקה כוהלי על בסיס ברנדי בטעם דבש,יינות סגל,IL,ברנדי שטוק 84 דבש 75,מיליליטרים,750.00,"100 מ""ל",false,,64.90,0.0865,true,1,64275
7290015374019,false,סיגרים במילוי תפוא א,חטיפי אלקיים בעמ,IL,סיגרים במילוי תפוא א,פריט,1.00,"ק""ג",false,,21.90,21.9000,true,1,12511
7290015374033,false,פסטלים תפוא אלקיים 1,חטיפי אלקיים בעמ,IL,פסטלים תפוא אלקיים 1,פריט,1.00,"ק""ג",false,,21.90,21.9000,true,1,12512
7290015374040,false,אגרול סיני ירקות אלק,חטיפי אלקיים בעמ,IL,אגרול סיני ירקות אלק,פריט,1.00,"ק""ג",false,,21.90,21.9000,true,1,12513
7290015374071,false,קרפלך תפוא אלקיים 1,חטיפי אלקיים בעמ,IL,קרפלך תפוא אלקיים 1,פריט,1.00,"ק""ג",false,,21.90,21.9000,true,1,12514
7290015374088,false,חטיפי תפוא במילוי פט,חטיפי אלקיים בעמ,IL,חטיפי תפוא במילוי פט,פריט,1.00,"ק""ג",false,,21.90,21.9000,true,1,12515
7290015374262,false,חטיפי תפוא במילוי תי,חטיפי אלקיים בעמ,IL,חטיפי תפוא במילוי תי,פריט,1.00,"ק""ג",false,,21.90,21.9000,true,1,12516
7290015470094,false,טוסו שוקולד מריר תפוז ללא סוכר 100 ג',ALTINMARKA,TR,שוקולד מריר בטעם תפו,גרמים,100.00,100 גרם,false,,8.90,0.0890,true,1,60066
7290015581301,false,צלחות קנה סוכר גדולו,,IN,צלחות קנה סוכר גדולו,Unknown,0.00,יחידה,false,,29.90,0.0000,true,1,60540
7290015581318,false,צלחות קנה סוכר קטנות,,IN,צלחות קנה סוכר קטנות,Unknown,0.00,יחידה,false,,19.90,0.0000,true,1,60541
7290015581325,false,קערות קנה סוכר 80 יח,,IN,קערות קנה סוכר 80 יח,Unknown,0.00,יחידה,false,,25.90,0.0000,true,1,61631
7290015581332,false,לפתניות קנה סוכר 80,,IN,לפתניות קנה סוכר 80,Unknown,0.00,יחידה,false,,9.90,0.0000,true,1,61632
7290015603188,false,אטריות ביצים 454ג' (כ) (fu),פוגקן לונגהי אנלידה,CN,אטריות ביצים מזרח ומ,גרמים,454.00,100 גרם,false,,9.90,0.0218,true,1,49084
7290015603195,false,אטריות עם תרד מזרח ו,פוגקן לונגהי אנלידה,CN,אטריות עם תרד מזרח ו,גרמים,454.00,100 גרם,false,,10.50,0.0231,true,1,64190
7290015603201,false,אטריות מחיטה מלאה מז,yan val yun corpora,CN,אטריות חיטה מלאה מזר,גרמים,454.00,100 גרם,false,,9.90,0.0218,true,1,56501
7290015603218,false,איטריות בתוספת עגבני,פוגקן לונגהי אנלידה,CN,אטריות עם עגבניה מזר,גרמים,454.00,100 גרם,false,,9.90,0.0218,true,1,49085
7290015603225,false,איטריות בתוספת גזר 4,פוגקן לונגהי אנלידה,CN,אטריות עם גזר מזרח ו,גרמים,454.00,100 גרם,false,,10.50,0.0231,true,1,64185
7290015603232,false,איטריות בתוספת דלעת,פוגקן לונגהי אנלידה,CN,אטריות עם דלעת מזרח,גרמים,454.00,100 גרם,false,,10.50,0.0231,true,1,64186
7290015603522,false,נוזל אגוזי קוקוס 5-7,אסי אטיק גרו אינדוסט,TH,נוזל קוקוס 5-7% מזרח,מיליליטרים,400.00,"100 מ""ל",false,,5.90,0.0148,true,1,59899
7290015603546,false,"שימורי קרם קוקוס 17-19% 400 מ""ל (ASIATIC)(כ)",אסיאטיק אגרו אינדסטר,TH,קרם קוקוס 17-19% מזר,מיליליטרים,400.00,"100 מ""ל",false,,8.50,0.0213,true,1,49091
7290015603560,false,שימורי קרם קוקוס 400,אסי אטיק גרו אינדוסט,TH,קרם קוקוס 20-22% מזר,מיליליטרים,400.00,"100 מ""ל",false,,9.70,0.0242,true,1,50382
7290015603584,false,ג'ינגר לבן כבוש ללא מונוסודיום 160 גרם (כ),לאיווי איפנג פודס קו,TW,ג'ינגר לבן כבוש מזרח,גרמים,160.00,100 גרם,false,,7.90,0.0494,true,1,49086
7290015603591,false,ג'ינגר כבוש ורוד מזר,ננטונג הידה אקוטיק פ,TH,ג'ינגר כבוש ורוד מזר,גרמים,160.00,100 גרם,false,,6.90,0.0431,true,1,64191
7290015603638,false,אורז קלרוז עגול לסושי 1קג,מינה פונג גרין אגריק,CN,אורז קלרוז מזרח ומער,פריט,1.00,"ק""ג",false,,11.50,11.5000,true,1,49096
7290015644433,false,לחם צרפתי שיפון 100% קל,מאפית אנגל,IL,לחם מחמצת שיפון קל א,גרמים,650.00,100 גרם,false,,17.90,0.0275,true,1,37954
7290015652087,false,תערובת פיצוחים 150 גר' שקדיה,דין שיווק,IL,תערובת פיצוחים 150 ג,גרמים,150.00,100 גרם,false,,10.00,0.0667,true,1,14373
7290015652124,false,"רוטב סריראציה חריף מאוד 450 מ""ל אהרוני",,TH,רוטב סרירצ'ה חריף אה,גרמים,450.00,100 גרם,false,,14.90,0.0331,true,1,16543
7290015652254,false,גרעיני חמניה קלויים 500 ג',דין שיווק,IL,גרעין שחור 500 גרם,גרמים,500.00,100 גרם,false,,10.00,0.0200,true,1,28163
7290015652261,false,בוטנים קלויים 350 ג' ששון הקולה,דין שיווק,IL,בוטן קלויים 350 גרם,גרמים,350.00,100 גרם,false,,10.00,0.0286,true,1,28162
7290015652278,false,תערובת פיצוחים ששון,"דין שיווק וקליה בע""מ",IL,תערובת פיצוחים 300 ג,גרמים,300.00,100 גרם,false,,20.00,0.0667,true,1,20469
7290015652285,false,אגוזים קלופים 250 גר,"דין שיווק וקליה בע""מ",IL,אגוזים קלופים 250 גר,גרמים,250.00,100 גרם,false,,20.00,0.0800,true,1,28167
7290015652292,false,קבוקים עם שומשום 400גר,"דין שיווק וקליה בע""מ",IL,קבוקים 400 גרם,גרמים,400.00,100 גרם,false,,10.00,0.0250,true,1,28166
7290015652315,false,חמוציות מסוכרות ששון,דין שיווק,IL,חמוציות מסוכרות 300,גרמים,300.00,100 גרם,false,,10.00,0.0333,true,1,28164
7290015652322,false,בוטנים אמריקאים מצופים 400 ג',דין שיווק,IL,בוטן אמריקאי 400 גרם,גרמים,400.00,100 גרם,false,,10.00,0.0250,true,1,28161
7290015652384,false,"קמח תירס ללא גלוטן 1 ק""ג",דין שיווק,IT,קמח תירס עבה ל.גלוטן,פריט,1.00,"ק""ג",false,,9.90,9.9000,true,1,18684
7290015652391,false,"קמח תירס ללא גלוטן 1 ק""ג",דין שיווק,IT,קמח תירס דק ל.גלוטן,פריט,1.00,"ק""ג",false,,9.90,9.9000,true,1,18685
7290015652407,false,פיסטוק קלוי ששון הקו,"דין שיווק וקליה בע""מ",IL,פיסטוק 250 גרם,גרמים,250.00,100 גרם,false,,20.00,0.0800,true,1,28169
7290015652506,false,נוזל קוקוס דל קלוריו,,TH,נוזל קוקוס דל קלוריו,מיליליטרים,400.00,"100 מ""ל",false,,6.90,0.0173,true,1,16639
7290015652513,false,תערובת תבלינים לסטייק ובשרים על האש,"דין שיווק וקליה בע""מ",IL,תערובת לסטייק אהרוני,גרמים,150.00,100 גרם,false,,9.90,0.0660,true,1,15435
7290015652520,false,"תערובת השף עשבי תיבול ושום לתיבול דגים, עופות, מאפים ועוד","דין שיווק וקליה בע""מ",IL,תערובת השף אהרוני 70,גרמים,70.00,100 גרם,false,,9.90,0.1414,true,1,15437
7290015652537,false,"תערובת תיבול פלפל, לימון פרסי ושום לבשר ותבשילים","דין שיווק וקליה בע""מ",IL,תבלין פלפל לימון ושו,גרמים,130.00,100 גרם,false,,9.90,0.0762,true,1,15433
7290015652544,false,תבלין גריל עוף ארומטי 130 גרם - אהרוני,נווה התבלין,IL,גריל עוף ארומטי אהרו,גרמים,130.00,100 גרם,false,,9.90,0.0762,true,1,15429
7290015652551,false,תערובת תיבול זעתר ושומשום בלדי,נווה התבלין,IL,זעתר ושומשום בלדי אה,גרמים,150.00,100 גרם,false,,9.90,0.0660,true,1,15432
7290015652568,false,עשבי תיבול לדגים אהר,"דין שיווק וקליה בע""מ",IL,עשבי תיבול לדג אהרונ,גרמים,70.00,100 גרם,false,,9.90,0.1414,true,1,15436
7290015652575,false,תבלין ראס אל חנות 150 גרם - אהרוני,"דין שיווק וקליה בע""מ",IL,תבלין ראס אל חנות אה,גרמים,150.00,100 גרם,false,,9.90,0.0660,true,1,15431
7290015652582,false,תבלין לחריימה דג אהר,"דין שיווק וקליה בע""מ",IL,תבלין לחריימה דג אהר,גרמים,150.00,100 גרם,false,,9.90,0.0660,true,1,15430
7290015652599,false,תערובת מתובלת להכנת צלי בקר,"דין שיווק וקליה בע""מ",IL,תבלין צלי בקר אהרוני,גרמים,120.00,100 גרם,false,,9.90,0.0825,true,1,15434
7290015674171,false,מארז שטיחים תפוח 300 גר,סאדת גידה,TR,שטיחי גומי תפוח 300,גרמים,300.00,100 גרם,false,,9.90,0.0330,true,1,14952
7290015710763,false,ביצי חופש 12 יח' גדו,משק דוידי,IL,ביצי חופש 12 יח' גדו,Unknown,12.00,יחידה,false,,16.90,1.4083,true,1,63493
7290015733205,false,תרכובת מזון לתינוקות חלבי שלב 1 אקסטרה קר מהדרין,מטרנה,IL,מטרנה אקסטרה קר שלב,גרמים,700.00,100 גרם,false,,54.90,0.0784,true,1,34309
7290015733229,false,תרכובת מזון לתינוקות חלבי שלב 2 אקסטרה קר מהדרין,מטרנה,IL,מטרנה אקסטרה קר שלב,גרמים,700.00,100 גרם,false,,54.90,0.0784,true,1,34308
7290015733243,false,מטרנה אקסטרה קר מהדרין שלב 3 700ג',מטרנה,IL,מטרנה אקסטרה קר שלב,גרמים,700.00,100 גרם,false,,54.90,0.0784,true,1,34307
7290015781008,false,"יין ויז'ן מרלו 750 מ""ל",יקב טפרברג 1870 בעמ,IL,יין ויזן מרלו,מיליליטרים,750.00,"100 מ""ל",false,,39.90,0.0532,true,1,14439
7290015781015,false,"יין ויז'ן מלבק 750 מ""ל",יקב טפרברג 1870 בעמ,IL,יין ויזן מלבק,מיליליטרים,750.00,"100 מ""ל",false,,39.90,0.0532,true,1,14440
7290015781046,false,ויז'ן לבן חצי יבש 750מל,יקב טפרברג 1870 בעמ,IL,יין ויזן לבן חצי יבש,מיליליטרים,750.00,"100 מ""ל",false,,39.90,0.0532,true,1,14442
7290015781053,false,"יין ויז'ן לבן יבש 750 מ""ל",יקב טפרברג 1870 בעמ,IL,יין ויזן לבן יבש,מיליליטרים,750.00,"100 מ""ל",false,,39.90,0.0532,true,1,14443
7290015781091,false,"יין ויז'ן קברנה סובניון 750 מ""ל",יקב טפרברג 1870 בעמ,IL,יין ויזן קברנה סובינ,מיליליטרים,750.00,"100 מ""ל",false,,39.90,0.0532,true,1,14438
7290015781107,false,"סנגובזה אימפרשיאון 750 מ""ל",יקב טפרברג 1870 בעמ,IL,יין אימפרשן סנגובזה,מיליליטרים,750.00,"100 מ""ל",false,,49.90,0.0665,true,1,14449
7290015781114,false,"יין אימפרשן מרלו 750 מ""ל",יקב טפרברג 1870 בעמ,IL,יין אימפרשן מרלו,מיליליטרים,750.00,"100 מ""ל",false,,49.90,0.0665,true,1,14447
7290015781121,false,"קברנה סוביניון אימפרשיאון 750 מ""ל-מרכז",יקב טפרברג 1870 בעמ,IL,יין אימפרשן קברנה סו,מיליליטרים,750.00,"100 מ""ל",false,,49.90,0.0665,true,1,14446
7290015781138,false,יין שרדונה אימפריישן,יקב טפרברג 1870,,יין אימפרשן שרדונה 7,מיליליטרים,750.00,"100 מ""ל",false,,49.90,0.0665,true,1,14453
7290015781145,false,יין אימפרשיין ריזלינ,יקב טפרברג,,יין אימפרשן ריזלינג,מיליליטרים,500.00,"100 מ""ל",false,,49.90,0.0998,true,1,14454
7290015781169,false,"יין קברנה סוביניון - חצי יבש אימפרשן 750מ""ל",יקב טפרברג 1870 בעמ,IL,יין אימפרשן קברנה סו,מיליליטרים,750.00,"100 מ""ל",false,,49.90,0.0665,true,1,14451
7290015781282,false,"יין גוורצטמינר אימפרשן 750מ""ל",יקב טפרברג 1870,,יין אימפרשן גוורצטרמ,מיליליטרים,750.00,"100 מ""ל",false,,49.90,0.0665,true,1,14452
7290015781299,false,יין שיראז אדום טפמבר,יקב טפרברג 1870 בעמ,IL,יין ויזן שיראז,מיליליטרים,750.00,"100 מ""ל",false,,39.90,0.0532,true,1,14441
7290015781305,false,"יין אימפרשן סירה 750 מ""ל",יקב טפרברג 1870 בעמ,IL,יין אימפרשן סירה,מיליליטרים,750.00,"100 מ""ל",false,,49.90,0.0665,true,1,14448
7290015781657,false,"יין אלגרו למברוסקו רוזה, 750 מ""ל",יקב טפרברג 1870 בעמ,IL,יין אלגרו למבורסקו ר,מיליליטרים,750.00,"100 מ""ל",false,,34.90,0.0465,true,1,48872
7290015781664,false,יין אלגרו למבורסקו ל,יקב טפרברג 1870 בעמ,IL,יין אלגרו למבורסקו ל,מיליליטרים,750.00,"100 מ""ל",false,,34.90,0.0465,true,1,48873
7290015821728,false,נר נשמה 48 שעות מאור,פאלאס,CN,נר נשמה 48 שעות מאור,Unknown,0.00,יחידה,false,,3.90,0.0000,true,1,64045
7290015856256,false,קרקר עם מלח בריידמן,אפיפית נצרת תעשיות ב,IL,קרקר עם מלח בריידמן,פריט,1.20,"ק""ג",false,,19.90,16.5833,true,1,37625
7290015856263,false,קרקר עם שומשום ברייד,אפיפית נצרת תעשיות ב,IL,קרקר עם שומשום ברייד,פריט,1.20,"ק""ג",false,,19.90,16.5833,true,1,37626
7290015856270,false,קרקר בטעם בצל בריידמ,אפיפית נצרת תעשיות ב,IL,קרקר בטעם בצל בריידמ,פריט,1.20,"ק""ג",false,,19.90,16.5833,true,1,37627
7290015856294,false,חטיפי קרקר עם מלח ים,אפיפית נצרת תעשיות ב,IL,חטיפי קרקר עם מלח ים,פריט,1.50,"ק""ג",false,,19.90,13.2667,true,1,37747
7290015856300,false,חטיפי קרקר שומשום בר,אפיפית נצרת תעשיות ב,IL,חטיפי קרקר שומשום בר,פריט,1.50,"ק""ג",false,,19.90,13.2667,true,1,37745
7290015856317,false,חטיפי קרקר בצל ברייד,אפיפית נצרת תעשיות ב,IL,חטיפי קרקר בצל ברייד,פריט,1.50,"ק""ג",false,,19.90,13.2667,true,1,37744
7290015856607,false,קרקר תירוש מלוח מתוק חצי מצופה בטעם שוקולד,אפיפית נצרת תעשיות ב,IL,קרקר מלוח מתוק חצי מ,גרמים,175.00,100 גרם,false,,5.90,0.0337,true,1,53967
7290015858106,false,ממרח פסטו ביתי 180 ג' עללחם,"מדשא תעשיות מזון בע""",IL,פסטו ביתי עללחם 180,גרמים,180.00,100 גרם,false,,15.90,0.0883,true,1,48070
7290015858113,false,ממרח עגבניות מיובשות 180 גרם עללחם,"מדשא תעשיות מזון בע""",IL,ממרח עגבניות מיובשות,גרמים,180.00,100 גרם,false,,15.90,0.0883,true,1,48071
7290015858144,false,ממרח ארטישוק עלחחם 180 ג',זאביק יצור ושיווק מז,IL,ממרח ארטישוק עללחם 1,גרמים,180.00,100 גרם,false,,15.90,0.0883,true,1,54929
7290015858151,false,ממרח שום עללחם 180 ג,רוג'ר אנד רוג'ר,IL,ממרח שום עללחם 180 ג,גרמים,180.00,100 גרם,false,,15.90,0.0883,true,1,63720
7290015858175,false,ממרח פלפלים קלויים 180 גרם עללחם,זאביק יצור ושיווק מז,IL,ממרח פלפלים קלויים ע,גרמים,180.00,100 גרם,false,,15.90,0.0883,true,1,59424
7290015858229,false,ממרח טפנד זיתי קלמטה 180 גר',"מדשא תעשיות מזון בע""",IL,טפנד זיתי קלמטה עללח,גרמים,180.00,100 גרם,false,,15.90,0.0883,true,1,48072
7290015858243,false,ממרח צימיצורי עללחם 180 ג',זאביק יצור ושיווק מז,IL,צ'ימיצורי עללחם 180,גרמים,180.00,100 גרם,false,,15.90,0.0883,true,1,59425
7290015858328,false,ממרח איולי פסטו 295 ג' עללחם,עלית,IL,איולי פסטו עללחם לחי,גרמים,295.00,100 גרם,false,,14.90,0.0505,true,1,64046
7290015858441,false,ממרח איולי פלפלים 295 ג' עללחם,עלית,IL,איולי פלפלים עללחם ל,גרמים,295.00,100 גרם,false,,14.90,0.0505,true,1,64047
7290015858687,false,ממרח איולי שום 295 ג' עללחם,עלית,IL,איולי שום עללחם לחיץ,גרמים,295.00,100 גרם,false,,14.90,0.0505,true,1,64048
7290015865821,false,ממרח אגוזי לוז וקקאו,ענבי ציון,IL,ממרח אגוזי לוז וקקאו,פריט,1.00,"ק""ג",false,,24.90,24.9000,true,1,62116
7290015865838,false,ממרח עוגיות קרמל ענב,ענבי ציון,IL,ממרח עוגיות קרמל ענב,פריט,1.00,"ק""ג",false,,24.90,24.9000,true,1,62117
7290015879705,false,קמח ללא גלוטן מולינו,DFS,IT,קמח ללא גלוטן מולינו,גרמים,500.00,100 גרם,false,,14.90,0.0298,true,1,53247
7290015879729,false,"קמח ללא גלוטן ע""ב עמ",DFS,IT,"קמח ללא גלוטן ע""ב עמ",גרמים,500.00,100 גרם,false,,14.90,0.0298,true,1,53248
7290015951227,false,יין גמלא סירה 750 מל,יקבי רמת הגולן,IL,יין גמלא סירה,מיליליטרים,750.00,"100 מ""ל",false,,59.90,0.0799,true,1,54223
7290015988926,false,חומץ סינטטי 4 ליטר,,,חומץ סינטטי 4 ליטר,קילוגרמים,4.00,ליטר,false,,6.90,1.7250,true,1,32597
7290016006292,false,נקטר מנגו בננה מלון קרטונית 1 ל' ספרינג,"יפאורה תבורי בע""מ",IL,נקטר ספרינג מנגו בננ,קילוגרמים,1.00,ליטר,false,,6.50,6.5000,true,1,20405
7290016006346,false,שוופס סודה מארז שישייה * 0.5 ל',יפאורה תבורי בעמ,IL,מארז שוופס סודה 6*50,קילוגרמים,3.00,ליטר,false,,13.90,4.6333,true,1,21952
7290016083101,false,עוגיות בדלי שירה 400,מאפיית ישראל חיפה,IL,עוגיות בדלי שירה 400,גרמים,400.00,100 גרם,false,,10.90,0.0273,true,1,15460
7290016083125,false,עוגיות בדלי שירה 600,מאפיית ישראל חיפה,IL,עוגיות בדלי שירה 600,גרמים,600.00,100 גרם,false,,10.90,0.0182,true,1,15459
7290016083255,false,בצק עלים בון בייקרי,מאפיית ישראל חיפה,IL,בצק עלים בון בייקרי,פריט,1.50,"ק""ג",false,,16.90,11.2667,true,1,20597
7290016083323,false,עוגיות בדלי בטעמים ש,מאפיית ישראל חיפה,IL,עוגיות מעמול תמרים,גרמים,500.00,100 גרם,false,,10.90,0.0218,true,1,51114
7290016083347,false,עוגיות בדלי בטעמים ש,מאפיית ישראל חיפה,IL,רולדה תמרים שקד 500,גרמים,500.00,100 גרם,false,,10.90,0.0218,true,1,51116
7290016083378,false,עוגיות במילוי טעם שו,מאפיית ישראל חיפה,IL,עוגיות במילוי טעם שו,גרמים,500.00,100 גרם,false,,10.90,0.0218,true,1,51118
7290016096613,false,טונה בשמן פילטונה 6*,תעשיות פילטונה,IL,טונה בשמן פילטונה 6*,גרמים,840.00,100 גרם,false,,27.90,0.0332,true,1,34266
7290016096637,false,טונה בשמן קנולה פילט,תעשיות פילטונה,IL,טונה בשמן קנולה פילט,גרמים,840.00,100 גרם,false,,27.90,0.0332,true,1,34265
7290016096651,false,טונה במים פילטונה 6*,תעשיות פילטונה,IL,טונה במים פילטונה 6*,גרמים,840.00,100 גרם,false,,27.90,0.0332,true,1,34267
7290016096811,false,רביעיית ממרח טונה פילטונה 160 גר'*4,תעשיות פילטונה,IL,ממרח טונה פילטונה 4*,גרמים,640.00,100 גרם,false,,19.90,0.0311,true,1,52163
7290016096934,false,מארז זוגות סלט טונה 2*160 ג' פילטונה,פילטונה,IL,סלט טונה פילטונה 2*1,גרמים,320.00,100 גרם,false,,11.90,0.0372,true,1,56379
7290016102215,false,נריות 4 שעות שמאי 72,,CN,נריות 4 שעות שמאי 72,Unknown,0.00,יחידה,false,,19.90,0.0000,true,1,63984
7290016102222,false,נריות 6 שעות שמאי 66,,CN,נריות 6 שעות שמאי 66,Unknown,0.00,יחידה,false,,24.90,0.0000,true,1,63985
7290016106213,false,שוקולד מריר שברי אגוזים 100 גר',אלבה שוקולד,,שוקולד טעמן מריר שבר,גרמים,100.00,100 גרם,false,,6.90,0.0690,true,1,19779
7290016106657,false,נתחי טונה בהירה בשמן צמחי - מארז רביעייה,דיאמוד פוד פרודקט סי,IL,טונה בשמן טעמן 4*140,גרמים,560.00,100 גרם,false,,16.90,0.0302,true,1,59623
7290016106664,false,נתחי טונה בהירה במי מלח - מארז רביעייה,דיאמוד פוד פרודקט סי,IL,טונה במים טעמן 4*140,גרמים,560.00,100 גרם,false,,16.90,0.0302,true,1,59624
7290016136869,false,משחת אקווה פרש עדינה,גלקסוס סמית קליין,GB,משחת אקווה פרש עדינה,מיליליטרים,600.00,"100 מ""ל",false,,19.90,0.0332,true,1,59872
7290016144000,false,"קמח חיטה מלאה נפלאות 80% 1 ק""ג","קמח מלכים בע""מ",IL,קמח חיטה מלאה 80% נפ,פריט,1.00,"ק""ג",false,,9.90,9.9000,true,1,44744
7290016144017,false,"קמח חיטה מלאה נפלאות 100% 1 ק""ג",קמח מלכים,IL,קמח חיטה מלאה 100% נ,פריט,1.00,"ק""ג",false,,9.90,9.9000,true,1,44745
7290016144031,false,"קמח חיטה לבן נפלאות 1 ק""ג",קמח מלכים,IL,קמח לבן מנופה נפלאות,פריט,1.00,"ק""ג",false,,6.90,6.9000,true,1,44749
7290016144048,false,"קמח כוסמין לבן נפלאות 1 ק""ג","קמח מלכים בע""מ",IL,קמח כוסמין לבן נפלאו,פריט,1.00,"ק""ג",false,,16.90,16.9000,true,1,44748
7290016144055,false,"קמח כוסמין נפלאות 80% 1 ק""ג",קמח מלכים,IL,קמח כוסמין 80% נפלאו,פריט,1.00,"ק""ג",false,,14.90,14.9000,true,1,44746
7290016144062,false,"קמח שיפון מלא נפלאות, 1 ק""ג",קמח מלכים,IL,קמח שיפון מלא נפלאות,פריט,1.00,"ק""ג",false,,8.90,8.9000,true,1,59991
7290016144079,false,"קמח חיטה כפרי 1 ק""ג נפלאות",קמח מלכים,IL,קמח חיטה כפרי נפלאות,פריט,1.00,"ק""ג",false,,8.90,8.9000,true,1,59992
7290016144086,false,נפלאות קמח חלה מנופה 1 ק”ג,קמח מלכים,IL,"קמח חלה נפלאות 1 ק""ג",פריט,1.00,"ק""ג",false,,6.90,6.9000,true,1,59993
7290016144093,false,"קמח לחם נפלאות, 1 ק""ג",קמח מלכים,IL,"קמח לחם נפלאות 1 ק""ג",פריט,1.00,"ק""ג",false,,6.90,6.9000,true,1,59994
7290016144109,false,"קמח פיצה 1 ק""ג נפלאות",קמח מלכים,IL,"קמח פיצה נפלאות 1 ק""",פריט,1.00,"ק""ג",false,,14.90,14.9000,true,1,59995
7290016144116,false,"קמח תופח נפלאות, 1 ק""ג",קמח מלכים,IL,"קמח תופח נפלאות 1 ק""",פריט,1.00,"ק""ג",false,,8.90,8.9000,true,1,59996
7290016162219,false,כדורי שוקולד קוקוס קפולסקי 280 גר',קפולסקי שיווק וקמעונ,IL,כדורי שוקולד קפולסקי,גרמים,280.00,100 גרם,false,,29.90,0.1068,true,1,25948
7290016162264,false,עוגת גבינה רנססנס 450 גר',קפולסקי שיווק וקמעונ,IL,עוגת גבינה אפויה קפו,גרמים,450.00,100 גרם,false,,35.90,0.0798,true,1,25945
7290016188585,false,יין מבעבע למברוסקו רוזה חצי יבש,יקב גאקובזי,,למברוסקו רוזה חצי יב,מיליליטרים,750.00,"100 מ""ל",false,,23.90,0.0319,true,1,18034
7290016188592,false,"יין למברוסקו אדום חצי יבש 750 מ""ל","כד בני דרום בע""מ",IT,למברוסקו אדום חצי יב,מיליליטרים,750.00,"100 מ""ל",false,,23.90,0.0319,true,1,18033
7290016188608,false,"יין למברוסקו לבן חצי יבש 750מ""ל",יקב גאקובזי,IT,למברוסקו לבן חצי יבש,מיליליטרים,750.00,"100 מ""ל",false,,23.90,0.0319,true,1,18013
7290016197495,false,מטלית קסם מיקרופייבר לרצפה ניקול 2יח',חוגלה קימברלי,CN,מטליות רצפה מיקרופיי,Unknown,0.00,יחידה,false,,15.60,0.0000,true,1,21953
7290016217643,false,חמוצים שמיר סיני אסלי 400 גר',סלטי שמיר 2006 בעמ,IL,חמוצים סיניים אסלי 4,גרמים,400.00,100 גרם,false,,10.90,0.0273,true,1,20412
7290016246445,false,טחינה גולמית מעודנת שמשום מלא בארכה 310ג',בארכה,IL,טחינה מעודנת משומשום,גרמים,310.00,100 גרם,false,,10.50,0.0339,true,1,59511
7290016255188,false,מבשם אוויר ובדים ירו,סאסאטק,IL,מטהר מגיק ירוק 350 מ,מיליליטרים,350.00,"100 מ""ל",false,,6.90,0.0197,true,1,21685
7290016255195,false,מבשם אוויר ובדים ורו,סאסאטק,IL,מטהר מגיק ורוד 350 מ,מיליליטרים,350.00,"100 מ""ל",false,,6.90,0.0197,true,1,21686
7290016255201,false,מבשם אוויר ובדים סגו,סאסאטק,IL,מטהר מגיק סגול 350 מ,מיליליטרים,350.00,"100 מ""ל",false,,6.90,0.0197,true,1,21687
7290016276534,false,"שמן קוקוס לא מזוכך 500 מ""ל",דין שיווק,IL,שמן קוקוס שקדיה 500,גרמים,500.00,100 גרם,false,,24.90,0.0498,true,1,28858
7290016276763,false,מעדן שזיף 100% רכיבי פרי ללא סוכר שקדיה 284 ג',שקדיה,IL,מעדן שזיף שקדיה 284,גרמים,284.00,100 גרם,false,,9.90,0.0349,true,1,22944
7290016276794,false,מעדן פירות ללא סוכר שקדיה 284 ג',שקדיה,IL,מעדן תפוז שקדיה 284,גרמים,284.00,100 גרם,false,,9.90,0.0349,true,1,22942
7290016276800,false,מעדן תפוח עץ 100% רכיבי פרי ללא סוכר שקדיה 284 ג',שקדיה,IL,מעדן תפוע שקדיה 284,גרמים,284.00,100 גרם,false,,9.90,0.0349,true,1,22943
7290016276855,false,מנה חמה אטריות טעם ירקות 70 גרם,טיאן הונג,TH,תבשיל אטריות בטעם יר,גרמים,70.00,100 גרם,false,,4.90,0.0700,true,1,23388
7290016334135,false,חסה סלנובה מהדרין,בוסתן עשבי תיבול,IL,חסה סלנובה מהדרין,Unknown,0.00,יחידה,false,,12.90,0.0000,true,1,20068
7290016334494,false,חסה ערבית,בוסתן עשבי תיבול,IL,חסה יח,Unknown,0.00,יחידה,false,,3.90,0.0000,true,1,28756
7290016334579,false,פטרוזיליה בוסתן,ברכת קטיף,IL,פטרוזיליה בוסתן,Unknown,0.00,יחידה,false,,4.90,0.0000,true,1,46722
7290016334586,false,כוסברה בוסתן,ברכת קטיף,IL,כוסברה בוסתן,Unknown,0.00,יחידה,false,,4.90,0.0000,true,1,46723
7290016370072,false,זיתי קלמטה ללא גלעין בני דרום,בני דרום,IL,זית קלמטה ללא גלעין,גרמים,560.00,100 גרם,false,,11.90,0.0213,true,1,57803
7290016370140,false,זית קלמטה בני דרום 8,בני דרום,IL,זית קלמטה בני דרום 8,גרמים,820.00,100 גרם,false,,12.90,0.0157,true,1,57804
7290016370232,false,מיקס ירקות יווני צנצנת,KOSAT,GR,תערובת ירקות כבושים,גרמים,560.00,100 גרם,false,,9.90,0.0177,true,1,53367
7290016370331,false,פלפל קלוי על האש 560 גר' בני דרום,KOSAT,GR,פלפל קלוי על האש בני,גרמים,540.00,100 גרם,false,,9.90,0.0183,true,1,52321
7290016370348,false,חציל קלוי על האש 530 גר' בני דרום,KOSAT,GR,חציל קלוי על האש בני,גרמים,530.00,100 גרם,false,,9.90,0.0187,true,1,52322
7290016370355,false,פרוסות מלפפון במלח ב,בני דרום,IL,פרוסות מלפפון במלח ב,גרמים,560.00,100 גרם,false,,4.90,0.0088,true,1,50994
7290016372144,false,חליטת קינמון 40 שקיק,ויסוצקי,IL,חליטת קינמון 40 שקיק,גרמים,100.00,100 גרם,false,,19.90,0.1990,true,1,24048
7290016372151,false,חליטת קמומיל 40 שקיק,ויסוצקי,IL,חליטת קמומיל 40 שקיק,Unknown,0.00,יחידה,false,,19.90,0.0000,true,1,24047
7290016372168,false,חליטת לימונית לואיזה,ויסוצקי,IL,חליטת לימונית לואיזה,Unknown,0.00,יחידה,false,,19.90,0.0000,true,1,24049
7290016372397,false,"תה ויסוצקי ירוק תפוז,ג'ינגר וכורכום 25 יח'",ויסוצקי ירוק,IL,תה ירוק תפוז גינגר ו,גרמים,150.00,100 גרם,false,,19.90,0.1327,true,1,28860
7290016372571,false,חליטת פירות יער 40 ש,ויסוצקי,IL,חליטת פירות יער 40 ש,גרמים,108.00,100 גרם,false,,19.90,0.1843,true,1,28889
7290016372588,false,חליטת לימונענע 40 שק,ויסוצקי,IL,חליטת לימונענע 40 שק,Unknown,0.00,יחידה,false,,19.90,0.0000,true,1,28890
7290016373653,false,מקלות חמוצים בטעם תות 180 ג',אלוון גידה סאן,TR,פסים חמוצים בטעם תות,גרמים,180.00,100 גרם,false,,7.90,0.0439,true,1,58603
7290016373691,false,מקלות חמוצים תפוח 18ג',אלבן מזון תעשיות ומס,TR,מקלות חמוצים בטעם תפ,גרמים,20.00,100 גרם,false,,1.50,0.0750,true,1,46682
7290016373721,false,מקלות חמוצים תות וניל 180 גר',אלוון גידה סאן,TR,פסים חמוצים בטעם תות,גרמים,180.00,100 גרם,false,,7.90,0.0439,true,1,58604
7290016373738,false,מקלות חמוצים תותי פרוטי 180 גרם,אלוון גידה סאן,TR,פסים חמוצים בטעם תות,גרמים,180.00,100 גרם,false,,7.90,0.0439,true,1,58605
7290016408980,false,"מטבעות שוקולד חלב 36 ג' כשל""פ בד""ץ",כרמית,IL,מטבעות שוקולד חלב כר,גרמים,36.00,100 גרם,false,,3.90,0.1083,true,1,29671
7290016411164,false,פרחי כרובית מוקפאים,בסט מייסטר,IL,פרחי כרובית מוקפאים,גרמים,600.00,100 גרם,false,,29.90,0.0498,true,1,62902
7290016416961,false,מוס גבינה תות שדה 400 גר',קפולסקי שיווק וקמעונ,IL,עוגת מוס גבינה קפולס,גרמים,400.00,100 גרם,false,,35.90,0.0897,true,1,25944
7290016416992,false,עוגת דובוש בסקוויטים 400 גר',קפולסקי שיווק וקמעונ,IL,עוגת דובוש ביסקוויטי,גרמים,400.00,100 גרם,false,,38.90,0.0972,true,1,25942
7290016437690,false,תחבושות קוטקס קווארט,חוגלה קימברלי,IL,תחבושות קוטקס קווארט,Unknown,0.00,יחידה,false,,29.90,0.0000,true,1,46947
7290016437713,false,תחבושות קוטקס קווארט,חוגלה קימברלי,IL,תחבושות קוטקס קווארט,Unknown,0.00,יחידה,false,,29.90,0.0000,true,1,46948
7290016437720,false,תחבושות קוטקס נורמל זוג,חוגלה קימברלי,IL,תחבושות קוטקס קווארט,Unknown,0.00,יחידה,false,,29.90,0.0000,true,1,46949
7290016437737,false,תחבושות קוטקס קווארט,חוגלה קימברלי,IL,תחבושות קוטקס קווארט,Unknown,0.00,יחידה,false,,29.90,0.0000,true,1,46950
7290016475067,false,מארז 4 לאפות במלאכת יד,מאפיית המכבים,IL,לאפות המכבים 4 יח,גרמים,700.00,100 גרם,false,,9.90,0.0141,true,1,22693
7290016492118,false,פפריקה מתוקה מעושנת,תבליני הדור השלישי,IL,פפריקה מעושנת פרג 12,גרמים,120.00,100 גרם,false,,12.90,0.1075,true,1,37643
7290016492125,false,פרג תבלין פילדפיה 120 גר',תבליני הדור השלישי,IL,תבלין פילדלפיה פרג 1,גרמים,120.00,100 גרם,false,,12.90,0.1075,true,1,37642
7290016492132,false,תבלין טוסקנה פרג 160 גר',תבליני הדור השלישי,IL,תבלין טוסקנה פרג 160,גרמים,160.00,100 גרם,false,,12.90,0.0806,true,1,37641
7290016509786,false,פרסיל - ג'ל כביסה ירוק 2.50 ליטר,פרסיל Persil,IL,גל פרסיל 2.5 ליטר,קילוגרמים,2.50,ליטר,false,,29.90,11.9600,true,1,64262
7290016509809,false,ג'ל מרוכז לכביסה קולור 2.5 ל' פרסיל,פרסיל Persil,IL,גל פרסיל קולור 2.5 ל,קילוגרמים,2.50,ליטר,false,,29.90,11.9600,true,1,64263
7290016509830,false,ג'ל כביסה לבגדי תינוקות ובעלי עור רגיש Sensitive,פרסיל Persil,IL,גל פרסיל בייבי 2.5 ל,קילוגרמים,2.50,ליטר,false,,34.50,13.8000,true,1,52763
7290016509847,false,ג'ל כביסה לבגדים שחורים וכהים,פרסיל Persil,IL,גל פרסיל בלאק 2.5 לי,קילוגרמים,2.50,ליטר,false,,34.50,13.8000,true,1,48106
7290016682328,false,מיץ תפוזים מרכז 2 ליטר,פריניב,IL,מיץ תפוזים פריניב 2,קילוגרמים,2.00,ליטר,false,,17.90,8.9500,true,1,58871
7290016682342,false,מיץ תפוזים ולנסיה 2 ליטר,פריניב,IL,מיץ תפוזים ולנסיה פר,קילוגרמים,2.00,ליטר,false,,26.90,13.4500,true,1,58872
7290016682359,false,מיץ תפוזים שמוטי 2 ליטר,פריניב,IL,מיץ תפוזים שמוטי פרי,קילוגרמים,2.00,ליטר,false,,26.90,13.4500,true,1,58873
7290016682366,false,מיץ תפוח צלול 2 ליטר,פריניב,IL,מיץ תפוחים פריניב 2,קילוגרמים,2.00,ליטר,false,,18.90,9.4500,true,1,58874
7290016682373,false,משקה קל לימונדה בלאדי 2 ליטר פריניב,פריניב,IL,מיץ לימונדה בלדי פרי,קילוגרמים,2.00,ליטר,false,,18.90,9.4500,true,1,58875
7290016682380,false,מיץ לימונדה לואיזה 2 ליטר,פריניב,IL,מיץ לימונדה לואיזה פ,קילוגרמים,2.00,ליטר,false,,18.90,9.4500,true,1,58876
7290016682397,false,נקטר פריניב חמוציות,פריניב,IL,נקטר חמוציות פריניב,קילוגרמים,2.00,ליטר,false,,14.90,7.4500,true,1,58877
7290016682441,false,100% מיץ תפוזים מיוצר מרכז טבעי,פריניב,IL,מיץ תפוזים מרכז תפוז,קילוגרמים,1.00,ליטר,false,,7.90,7.9000,true,1,60605
7290016717044,false,באז משקה מבוסס יין מ,יקבי כרמל,IL,יין באז מנגו מבעבע,מיליליטרים,750.00,"100 מ""ל",false,,26.90,0.0359,true,1,42421
7290016717051,false,משקה Buzz מוגז בטעם רימון מבוסס יין אדום מתוק,יקבי כרמל Carmel Winery,IL,יין באז רימון מבעבע,מיליליטרים,750.00,"100 מ""ל",false,,26.90,0.0359,true,1,51723
7290016717099,false,"יין כרמל סלקטד אדום חצי יבש, 750 מ""ל",יקבי כרמל Carmel Winery,IL,יין סלקטד אדום חצי י,מיליליטרים,750.00,"100 מ""ל",false,,28.90,0.0385,true,1,62705
7290016717617,false,מיץ ענבים תירוש אדום,יקבי כרמל,IL,מיץ ענבים תירוש אדום,קילוגרמים,1.20,ליטר,false,,20.90,17.4167,true,1,27838
7290016717631,false,יין מוסקטו בעל חוזק אלכוהול נמוך פרייבט קולקשן,אגודת הכורמים הקואופ,IL,יין פ. קולקשיין לבן,מיליליטרים,750.00,"100 מ""ל",false,,31.90,0.0425,true,1,33866
7290016717976,false,יין באזז ספארקלינג א,קריות זול,IL,יין באז ספארקלינג אפ,מיליליטרים,750.00,"100 מ""ל",false,,26.90,0.0359,true,1,51724
7290016818352,false,טורטליני ארבע גבינות,פסטה נונה,IL,פסטה טורטליני ארבע ג,גרמים,400.00,100 גרם,false,,18.90,0.0472,true,1,61955
7290016823004,false,בזיליקום יח freshlid,"מרינה פטריות הגליל בע""מ",IL,בזיליקום יח,Unknown,0.00,יחידה,false,,4.50,0.0000,true,1,26043
7290016823059,false,טימין קורנית ארוז יח,"מרינה פטריות הגליל בע""מ",IL,טימין יח,Unknown,0.00,יחידה,false,,5.90,0.0000,true,1,26047
7290016823066,false,רוזמרין יח freshlid,"מרינה פטריות הגליל בע""מ",IL,רוזמרין יח,Unknown,0.00,יחידה,false,,4.50,0.0000,true,1,26048
7290016823257,false,חסה סלנובה מהדרין יח,"מרינה פטריות הגליל בע""מ",IL,חסה סלנובה מהדרין,Unknown,0.00,יחידה,false,,11.90,0.0000,true,1,26103
7290016882544,false,זרעי פשתן 300 גרם,דין שיווק,IL,זרעי פשתן 300 גרם,גרמים,300.00,100 גרם,false,,4.90,0.0163,true,1,52433
7290016883091,false,חרדל דיזון שקדיה 350,דין שיווק,FR,חרדל דיזון שקדיה 350,גרמים,350.00,100 גרם,false,,7.90,0.0226,true,1,28884
7290016883107,false,חרדל עם גרגירים שקדי,,FR,חרדל עם גרגירים שקדי,גרמים,350.00,100 גרם,false,,7.90,0.0226,true,1,28883
7290016883176,false,"מוזלי פתיתי שיבולת שועל עם שוקולד מריר ושבבי קוקוס 1 ק""ג",דין שיווק,MK,"מוזלי ע""ב פתיתי שוקו",פריט,1.00,"ק""ג",false,,19.50,19.5000,true,1,29023
7290016967074,false,לחם אנג'ל 100 חיטה מלאה 750 גר',מאפיית שלמה א. אנג'ל,IL,לחם חיטה מלאה ודגנים,גרמים,750.00,100 גרם,false,,16.90,0.0225,true,1,37976
7290016967456,false,לחם צרפתי מחמצת 100% כוסמין 600 ג' אנג'ל,מאפיית שלמה א.אנג'ל,IL,לחם מחמצת כוסמין אנג,גרמים,600.00,100 גרם,false,,17.90,0.0298,true,1,37958
7290017023212,false,"שוויפס מוגז פירות תפוח מארז רביעייה* 330 מ""ל",יפאורה תבורי,IL,מארז שוופס מוגז תפוח,קילוגרמים,1.32,ליטר,false,,11.90,9.0152,true,1,31487
7290017023229,false,רביעיית פחיות שוופס מוגז פירות תות ליים 330 מל.,יפאורה תבורי,IL,מארז שוופס תות ליים,קילוגרמים,1.32,ליטר,false,,11.90,9.0152,true,1,31489
7290017023236,false,רביעיית פחיות שוופס מוגז פירות ענבים 330 מל.,יפאורה תבורי,IL,מארז שוופס מוגז ענבי,קילוגרמים,1.32,ליטר,false,,11.90,9.0152,true,1,31488
7290017023663,false,"שוופס מיץ פירות לימונייד פחית מארז 330X4מ""ל",יפאורה תבורי,IL,מארז שוופס מוגז פירו,קילוגרמים,1.32,ליטר,false,,11.90,9.0152,true,1,35114
7290017023809,false,"רביעיית ספרינג אגס סברס תפוח 250 מ""ל",יפאורה תבורי,IL,מארז ספרינג אגס סברס,קילוגרמים,1.00,ליטר,false,,11.90,11.9000,true,1,46726
7290017023816,false,"רביעיית ספרינג פירות טרופיים 250 מ""ל",יפאורה תבורי,IL,מארז ספרינג פירות טר,קילוגרמים,1.00,ליטר,false,,11.90,11.9000,true,1,46727
7290017023823,false,"רביעיית ספרינג תות בננה 250 מ""ל",יפאורה תבורי,IL,מארז ספרינג תות בננה,קילוגרמים,1.00,ליטר,false,,11.90,11.9000,true,1,46728
7290017023854,false,מי סודה בקבוקים אישיים - מארז 4 יח',יפאורה תבורי בעמ,IL,מארז שוופס סודה 4*25,קילוגרמים,1.00,ליטר,false,,9.90,9.9000,true,1,42436
7290017023861,false,סודה בטעם לימון בקבוקים אישיים - מארז 4 יח',יפאורה תבורי בעמ,IL,מארז שוופס סודה לימו,קילוגרמים,1.00,ליטר,false,,9.90,9.9000,true,1,42438
7290017023878,false,סודה בטעם נענע ליים בקבוקים אישיים - מארז 4 יח',יפאורה תבורי בעמ,IL,מארז שוופס סודה נענע,קילוגרמים,1.00,ליטר,false,,9.90,9.9000,true,1,42437
7290017062693,false,מרכך כביסה מרוכז לבן טאצ 1ל',סאסאטק,IL,מרכך מרוכז טאצ' לבן,קילוגרמים,1.00,ליטר,false,,9.90,9.9000,true,1,62890
7290017062716,false,מרכך כביסה מרוכז ורוד טאצ 1ל',סאסאטק,IL,מרכך מרוכז טאצ' ורוד,קילוגרמים,1.00,ליטר,false,,9.90,9.9000,true,1,62892
7290017065007,false,פרוסות גבינה מוצרלה חצי קשה 22% שומן 200 ג' גד,מחלבות גד בעמ,IL,גבינת מוצרלה פרוסות,גרמים,200.00,100 גרם,false,,16.90,0.0845,true,1,26021
7290017065137,false,ריקוטה למריחה 5% טבעית 200 גרם - רובין,האי נאם סי או אל.טי.,IL,גבינת ריקוטה 5% גד 2,גרמים,250.00,100 גרם,false,,9.90,0.0396,true,1,30583
7290017065144,false,גבינת ריקוטה למריחה 5% בזיליקום 200ג' גד,האי נאם סי או אל.טי.,IL,גבינת ריקוטה בזיליקו,גרמים,250.00,100 גרם,false,,9.90,0.0396,true,1,30584
7290017065168,false,גבינה כחלוה 100 גרם בית יוסף,מחלבות גד,DK,גבינה כחולה 30% גד 1,גרמים,100.00,100 גרם,false,,14.90,0.1490,true,1,31928
7290017065212,false,גבינת קרם מסקרפונה מחלבות גד 250 גר,מיוצר עי קוד יצרן ED,IL,קרם מסקרפונה 38% גד,גרמים,250.00,100 גרם,false,,16.90,0.0676,true,1,50303
7290017065304,false,גבינת שמנת 30% טבעי ניו יורק 200 ג',מחלבות גד,IL,גבינת שמנת טבעי 30%,גרמים,200.00,100 גרם,false,,12.90,0.0645,true,1,31929
7290017065526,false,קוואטרו פורמאג'י 4 גבינות מגוררות 26%,מחלבות גד בעמ,IL,גבינה קוואטרו פורמאג,גרמים,300.00,100 גרם,false,,25.90,0.0863,true,1,56206
7290017065588,false,יוגורט יווני 10% שומן 600 ג' גד,"מיוצר ע""י קוד יצרן M",IL,יוגורט יווני 10% גד,גרמים,600.00,100 גרם,false,,14.90,0.0248,true,1,50441
7290017065618,false,גבינת פקורינו פרוס מחלב כבשים,הנסיך- מפעל לייצור ט,ES,גבינת פקורינו פרוס 3,גרמים,150.00,100 גרם,false,,18.90,0.1260,true,1,50440
7290017065649,false,קרם פטיסייר מחלבות ג,מיוצר עי קוד יצרן ED,IL,קרם פטיסייר גד 250 ג,גרמים,250.00,100 גרם,false,,18.90,0.0756,true,1,50304
7290017065700,false,"לאבנה 9% 500 גר' בד""צ",מחלבות גד,IL,לאבנה 9% גד 500 גרם,גרמים,500.00,100 גרם,false,,21.90,0.0438,true,1,59845
7290017065762,false,גבינה יוונית מאנורי 30% שומן 100 ג' גד,מחלבות גד,IL,גבינת מאנורי בסגנון,גרמים,100.00,100 גרם,false,,10.90,0.1090,true,1,61386
7290017065786,false,גבינת צ'דר אנגלית גד 210 ג',מחלבות גד,IL,גבינת צ'דר גד 200 גר,גרמים,200.00,100 גרם,false,,17.90,0.0895,true,1,59200
7290017065861,false,קאצ'יו אה פפה - רוטב פקורינו ופלפל שחור 200 גרם בית יוסף,מחלבות גד,IL,קאצ'יו אה פפה רוטב פ,גרמים,200.00,100 גרם,false,,13.60,0.0680,true,1,62044
7290017065878,false,מק אנד צ'יז 200 גרם בית יוסף,מחלבות גד,IL,מק אנד צ'יז רוטב לפ,גרמים,200.00,100 גרם,false,,13.60,0.0680,true,1,61959
7290017065960,false,"רוטב פורצ`יני גד, 200 גרם",מחלבות גד,IL,רוטב פורצ'יני ריקוטה,גרמים,200.00,100 גרם,false,,14.90,0.0745,true,1,64312
7290017068015,false,סוכריות ג'לי לחנוכה מארז 200ג',מיה תעשיות מזון בעמ,IL,סוכריות גלי חנוכה מי,גרמים,200.00,100 גרם,false,,9.90,0.0495,true,1,38103
7290017068374,false,שמרים בוואקום 500 גר',angle yeast co ltd,CN,שמרים יבשים מיה 500,גרמים,500.00,100 גרם,false,,9.90,0.0198,true,1,44983
7290017068534,false,אגוז טחון מיה 300 גר,מיה תעשיות מזון בעמ,IL,אגוז טחון מיה 300 גר,גרמים,300.00,100 גרם,false,,19.90,0.0663,true,1,44089
7290017068541,false,אגוזים גרוסים מיה 30,מיה תעשיות מזון בעמ,IL,אגוזים גרוסים מיה 30,גרמים,300.00,100 גרם,false,,19.90,0.0663,true,1,44088
7290017068558,false,שקדים טחונים מיה 300,מיה תעשיות מזון בעמ,IL,שקדים טחונים מיה 300,גרמים,300.00,100 גרם,false,,22.90,0.0763,true,1,44093
7290017068565,false,שקדים גרוסים מיה 300,מיה תעשיות מזון בעמ,IL,שקדים גרוסים מיה 300,גרמים,300.00,100 גרם,false,,14.90,0.0497,true,1,44094
7290017068602,false,שקד מולבן שבבים מיה,מיה תעשיות מזון בעמ,IL,שקד מולבן שבבים מיה,גרמים,300.00,100 גרם,false,,24.90,0.0830,true,1,44125
7290017068626,false,אגוז פקאן טבעי מיה 2,מיה תעשיות מזון בעמ,IL,אגוז פקאן טבעי מיה 2,גרמים,200.00,100 גרם,false,,22.90,0.1145,true,1,44119
7290017068633,false,שקד טבעי מיה 300 גרם,מיה תעשיות מזון בעמ,IL,שקד טבעי מיה 300 גרם,גרמים,300.00,100 גרם,false,,22.90,0.0763,true,1,44092
7290017068640,false,אגוז מלך טבעי מיה 20,מיה תעשיות מזון בעמ,IL,אגוז מלך טבעי מיה 20,גרמים,200.00,100 גרם,false,,14.90,0.0745,true,1,44117
7290017068657,false,פקאן סיני מיה 200 גר,מיה תעשיות מזון בעמ,IL,פקאן סיני מיה 200 גר,גרמים,200.00,100 גרם,false,,22.90,0.1145,true,1,44120
7290017068664,false,גרעין חמניה קלוף מיה,מיה תעשיות מזון בעמ,IL,גרעין חמניה קלוף מיה,גרמים,200.00,100 גרם,false,,6.90,0.0345,true,1,44118
7290017068671,false,צנובר מיה 150 גרם,מיה תעשיות מזון בעמ,IL,צנובר מיה 150 גרם,גרמים,150.00,100 גרם,false,,32.90,0.2193,true,1,44123
7290017068688,false,גרעין דלעת קלוף מיה,מיה תעשיות מזון בעמ,IL,גרעין דלעת קלוף מיה,גרמים,150.00,100 גרם,false,,7.90,0.0527,true,1,44121
7290017068725,false,תערובת קטניות לחמין,מיה תעשיות מזון בעמ,IL,תערובת קטניות לחמין,פריט,1.40,"ק""ג",false,,19.90,14.2143,true,1,48054
7290017068749,false,חטיף תן צאפ טבעות 12,מיה תעשיות מזון בעמ,IL,חטיף תן צאפ טבעות 12,גרמים,120.00,100 גרם,false,,4.90,0.0408,true,1,48573
7290017068794,false,שקדים טחונים מיה 400,מיה תעשיות מזון בעמ,IL,שקדים טחונים מיה 400,גרמים,400.00,100 גרם,false,,29.90,0.0747,true,1,49599
7290017068800,false,שקדים טבעי מיה 400 ג,מיה תעשיות מזון בעמ,IL,שקדים טבעי מיה 400 ג,גרמים,400.00,100 גרם,false,,29.90,0.0747,true,1,49600
7290017068954,false,"אורז בסמטי סלקטד 1 ק""ג",מיה תעשיות מזון בעמ,IL,אורז בסמטי סלקטד 1 ק,פריט,1.00,"ק""ג",false,,11.90,11.9000,true,1,53157
7290017079189,false,אננס חתיכות דקות במיץ אננס 825 גר',פ.ת גרייט פנאפל,ID,לפתן אננס חתוך דק טע,גרמים,825.00,100 גרם,false,,8.90,0.0108,true,1,51067
7290017079677,false,שוקולד חלב טעמן 270,מילאנו ספולקה זד,PL,שוקולד חלב טעמן 270,גרמים,270.00,100 גרם,false,,9.90,0.0367,true,1,54551
7290017079684,false,שוקולד מריר טעמן 270,מילאנו ספולקה זד,PL,שוקולד מריר טעמן 270,גרמים,270.00,100 גרם,false,,9.90,0.0367,true,1,54552
7290017079691,false,שוקולד חלב עם אגוזים 270 גר',מילאנו ספולקה זד,PL,שוקולד חלב עם אגוזים,גרמים,270.00,100 גרם,false,,9.90,0.0367,true,1,54553
7290017079707,false,שוקולד מריר עם אגוזים 270 גר',מילאנו ספולקה זד,PL,שוקולד מריר עם אגוזי,גרמים,270.00,100 גרם,false,,9.90,0.0367,true,1,54554
7290017079714,false,שוקולד חלב עם בוטנים 270 גר',מילאנו ספולקה זד,PL,שוקולד חלב עם בוטנים,גרמים,270.00,100 גרם,false,,9.90,0.0367,true,1,54555
7290017079738,false,חמישיית שוקולד מריר,מילאנו ספולקה זד,PL,שוקולד טעמן מריר 5*1,גרמים,500.00,100 גרם,false,,19.90,0.0398,true,1,61834
7290017079806,false,שוקולד טעמן חלב 100,אס.קיי ראיס אינטרנשי,PL,שוקולד טעמן חלב 100,גרמים,100.00,100 גרם,false,,2.90,0.0290,true,1,63326
7290017079813,false,שוקולד טעמן מריר 100,אס.קיי ראיס אינטרנשי,PL,שוקולד טעמן מריר 100,גרמים,100.00,100 גרם,false,,2.90,0.0290,true,1,62438
7290017088402,false,מטליות לחות לניקוי כ,D.P.L,IL,מטליות לחות לניקוי כ,Unknown,0.00,יחידה,false,,19.90,0.0000,true,1,50702
7290017088426,false,מגבונים קשת עבים פרי,D.P.L,IL,מגבונים קשת עבים פרי,Unknown,0.00,יחידה,false,,19.90,0.0000,true,1,50718
7290017088464,false,תחבושות סופגנית מקסי לונג טופ פד 20 יח',D.P.L,IT,תחבושות טופ פד סופגנ,Unknown,0.00,יחידה,false,,15.90,0.0000,true,1,52966
7290017088495,false,תחבושות טופ פד אקסטרה 20 יח',D.P.L,IT,תחבושות טופ פד אקסטר,Unknown,0.00,יחידה,false,,8.90,0.0000,true,1,52967
7290017088501,false,תחבושות טופ פד אקסטרה לונג 20 יח',D.P.L,IT,תחבושות טופ פד אקסטר,Unknown,0.00,יחידה,false,,8.90,0.0000,true,1,52968
7290017094830,false,סלט גזר ברוטב פיקנטי אסלי שמיר 400 ג',סלטי שמיר 2006 בעמ,IL,סלט גזר פיקנטי אסלי,גרמים,400.00,100 גרם,false,,10.90,0.0273,true,1,39535
7290017094847,false,סלט תפוחי אדמה אסלי שמיר 400 ג',סלטי שמיר 2006 בעמ,IL,סלט תפוא אסלי 400 גר,גרמים,400.00,100 גרם,false,,10.90,0.0273,true,1,39534
7290017094854,false,סלט קולסלאו אסלי שמיר 400 ג',סלטי שמיר 2006 בעמ,IL,סלט קולסלאו אסלי 400,גרמים,400.00,100 גרם,false,,10.90,0.0273,true,1,39536
7290017094861,false,חומוס עם רוטב מסבחה אסלי שמיר 400 ג',סלטי שמיר 2006 בעמ,IL,סלט חומוס מסבחה אסלי,גרמים,400.00,100 גרם,false,,10.90,0.0273,true,1,39533
7290017100395,false,כפפות לטקס 100 יח' S פרפקט,פאלאס,ID,כפפות לטקס עם אבקה מ,Unknown,0.00,יחידה,false,,16.90,0.0000,true,1,64254
7290017100401,false,כפפות לטקס עם אבקה 100 יח מידה M,פאלאס,ID,כפפות לטקס עם אבקה פ,Unknown,0.00,יחידה,false,,16.90,0.0000,true,1,64265
7290017100418,false,כפפות חד פעמי לטיקס L 1/10 עם אבקה,פאלאס,ID,כפפות לטקס עם אבקה מ,Unknown,0.00,יחידה,false,,16.90,0.0000,true,1,64253
7290017105369,false,סירופ דיאט אייס תה אפרסק 1 ליטר,זנלכל,IL,סירופ יכין אייס תה ד,קילוגרמים,1.00,ליטר,false,,17.90,17.9000,true,1,44974
7290017105895,false,גרגרי חומוס להכנת חומוס 550 גרם יכין,זנלכל,IL,גרגירי חומוס להכנת ח,גרמים,560.00,100 גרם,false,,9.90,0.0177,true,1,54822
7290017121048,false,פלפל צ'ומה 250 גרם עללחם,"מדשא תעשיות מזון בע""",IL,פלפל צ'ומה עללחם 250,גרמים,250.00,100 גרם,false,,12.90,0.0516,true,1,48075
7290017121086,false,"אריסה ביתית מתוקה עללחם, 250 גרם","מדשא תעשיות מזון בע""",IL,אריסה מתוקה עללחם 25,גרמים,250.00,100 גרם,false,,12.90,0.0516,true,1,60708
7290017121093,false,אריסה חריפה 250 גרם עללחם,"מדשא תעשיות מזון בע""",IL,אריסה חריפה עללחם 25,גרמים,250.00,100 גרם,false,,12.90,0.0516,true,1,48073
7290017129754,false,"שוקולד מריר מעולה 70% מוצקי קקאו 100 גר בד""ץ","כד בני דרום בע""מ",IL,שוקולד אגו מריר 70%,גרמים,100.00,100 גרם,false,,7.80,0.0780,true,1,61824
7290017129761,false,"שוקולד פרימיום 70% בטעם תפוז בד""ץ 100 גר'",כרמית תעשיות ממתקים,IL,שוקולד אגו מריר 70%,גרמים,100.00,100 גרם,false,,7.80,0.0780,true,1,61825
7290017129778,false,"שוקולד פרימיום 70% בטעם קפה בד""ץ 100 גר'",כרמית תעשיות ממתקים,IL,שוקולד אגו מריר 70%,גרמים,100.00,100 גרם,false,,7.80,0.0780,true,1,61822
7290017129822,false,מטבעות שוקולד מריר 36 ג' !..,כרמית,IL,מטבעות שוקולד מריר כ,גרמים,36.00,100 גרם,false,,3.90,0.1083,true,1,38023
7290017129839,false,"שוקולד פרימיום 70% בטעם פטל בד""ץ 100 גר'.",כרמית תעשיות ממתקים,IL,שוקולד אגו מריר 70%,גרמים,100.00,100 גרם,false,,7.80,0.0780,true,1,61826
7290017129884,false,חמישיות שוקולד מריר 44% 85 גר*5*12 בקרטון,,,שוקולד אגו מריר 5*85,גרמים,425.00,100 גרם,false,,13.90,0.0327,true,1,55187
7290017142166,false,פילה טונה בשמן זית עץ הזית 120 גר',"יוניקורד ח.צ בע""מ",TH,פילה טונה בשמן זית ע,גרמים,120.00,100 גרם,false,,14.90,0.1242,true,1,46907
7290017142180,false,פילה פרוס ושמן זית בנגיעות טעם לימון ופלפל שחור,"יוניקורד ח.צ בע""מ",TH,פילה טונה בשמן זית ו,גרמים,120.00,100 גרם,false,,14.90,0.1242,true,1,46908
7290017142203,false,פילה טונה בשמן זית בטעם מעושן עץ המוצר 120 ג',"יוניקורד ח.צ בע""מ",TH,פילה טונה בשמן זית מ,גרמים,120.00,100 גרם,false,,14.90,0.1242,true,1,46909
7290017218380,false,אלטמן - קולגן חומצה היאלורונית כמוסות 60 יח',,,קולגן אלטמן,Unknown,0.00,יחידה,false,,99.90,0.0000,true,1,62348
7290017266398,false,גלילי ופל למילוי גילרו 150 גרם עלמה.,גילרו,IL,מארז גליליות עלמה למ,גרמים,150.00,100 גרם,false,,14.90,0.0993,true,1,63795
7290017266596,false,גביעי גלידה מגולגלים,עלמה,IL,גביעי גלידה מגולגלים,גרמים,308.00,100 גרם,false,,17.90,0.0581,true,1,50251
7290017266886,false,גליליות ופל במילוי ק,עלמה,IL,גליליות ופל במילוי ק,גרמים,500.00,100 גרם,false,,11.90,0.0238,true,1,59879
7290017266893,false,גליליות ופל במילוי ק,עלמה,IL,גליליות ופל במילוי ק,גרמים,500.00,100 גרם,false,,11.90,0.0238,true,1,59880
7290017266909,false,"וופל במילוי קרם שוקולד, 200 ג SUN",,IL,ופלים בטעם שוקולד עם,גרמים,200.00,100 גרם,false,,3.90,0.0195,true,1,63153
7290017266923,false,גביעי גלידה אמריקאים,עלמה,IL,גביעי גלידה אמריקאים,גרמים,240.00,100 גרם,false,,15.90,0.0663,true,1,62295
7290017275338,false,טחינה גולמית 500 גרם-טורקיז,אחדות ביחר לטחינה חל,IL,טחינה טורקיז 500 גרם,גרמים,500.00,100 גרם,false,,12.90,0.0258,true,1,58440
7290017275345,false,טחינה אחווה בבקבוק לחיץ 350 גר',אחדות ביחר לטחינה חל,IL,טחינה אחוה לחיץ 350,גרמים,350.00,100 גרם,false,,7.90,0.0226,true,1,59840
7290017275369,false,טחינה משומשום מלא 500 גרם-טורקיז,אחדות ביחר לטחינה חל,IL,טחינה שומשום מלא טור,גרמים,500.00,100 גרם,false,,12.90,0.0258,true,1,58441
7290017275413,false,מיני קצפיות בטעם וניל 140 גר',אחדות ביחר לטחינה חל,IL,מיני קצפיות בטעם וני,גרמים,140.00,100 גרם,false,,9.90,0.0707,true,1,59841
7290017275420,false,מיני קצפיות בטעם תות 140 גר',אחדות ביחר לטחינה חל,IL,מיני קצפיות בטעם תות,גרמים,140.00,100 גרם,false,,9.90,0.0707,true,1,59842
7290017275444,false,מיני קצפיות בטעם ענבים 140 גר',אחדות ביחר לטחינה חל,IL,מיני קצפיות בטעם ענב,גרמים,140.00,100 גרם,false,,9.90,0.0707,true,1,59844
7290017275499,false,"סירופ בטעם אננס 900 מ""ל אחוה",אחדות ביחר לטחינה חל,IL,סירופ אחוה בטעם אננס,מיליליטרים,900.00,"100 מ""ל",false,,14.90,0.0166,true,1,60080
7290017275505,false,"סירופ בטעם פטל 900 מ""ל אחוה",אחדות ביחר לטחינה חל,IL,סירופ אחוה בטעם פטל,מיליליטרים,900.00,"100 מ""ל",false,,14.90,0.0166,true,1,60081
7290017285702,false,"סרקל מתיר קשרים רוזמרין 325 מ""ל ד""ר פישר",פישר מעבדות פרמצבטיו,IL,"סרקל קרם רוזמרין ד""ר",גרמים,325.00,100 גרם,false,,22.90,0.0705,true,1,47869
7290017289182,false,יין לבן חצי יבש-ישראלי,יקב טפרברג 1870 בעמ,IL,יין ישראלי לבן חצי י,מיליליטרים,750.00,"100 מ""ל",false,,19.90,0.0265,true,1,42489
7290017289601,false,יין אימפרשן לבנד לבן,יקב טפרברג 1870 בעמ,IL,יין אימפרשן לבנד לבן,מיליליטרים,750.00,"100 מ""ל",false,,49.90,0.0665,true,1,62574
7290017289618,false,"יין פטיט סירה 750 מ""ל אימפרשיאון",יקב טפרברג 1870 בעמ,IL,יין אימפרשן קברנה פט,מיליליטרים,750.00,"100 מ""ל",false,,49.90,0.0665,true,1,51896
7290017289908,false,יין אלגרו למבורסקו א,יקב טפרברג 1870 בעמ,IL,יין אלגרו למבורסקו א,מיליליטרים,750.00,"100 מ""ל",false,,34.90,0.0465,true,1,62575
7290017291628,false,אנדיב כרמל 225 גרם,,IL,אנדיב כרמל 225 גרם,גרמים,225.00,100 גרם,false,,9.90,0.0440,true,1,65047
7290017303369,false,עוגיות פריכות נטיפים,מאפיית א.ש.ייצור ושי,IL,עוגיות פריכות נטיפים,גרמים,500.00,100 גרם,false,,10.90,0.0218,true,1,30863
7290017303420,false,"בורקס תפו""א בון בייק",מאפיית אריאל,IL,"בורקס תפו""א בון בייק",פריט,1.40,"ק""ג",false,,16.90,12.0714,true,1,39522
7290017303437,false,בורקס גבינה בון בייק,מאפיית אריאל,IL,בורקס גבינה בון בייק,פריט,1.20,"ק""ג",false,,16.90,14.0833,true,1,39521
7290017303444,false,גחנון בון בייקרי 1.2,מאפיית אריאל,IL,גחנון בון בייקרי 1.2,פריט,1.20,"ק""ג",false,,16.90,14.0833,true,1,39523
7290017303451,false,מלוואח בון בייקרי 1.,מאפיית אריאל,IL,מלוואח בון בייקרי 1.,פריט,1.20,"ק""ג",false,,16.90,14.0833,true,1,39520
7290017304885,false,לחם שיפון מחיטה מלאה ללא תוספת סוכר 750 ג' אנג'ל,מאפית אנגל,IL,לחם שיפון וחיטה מלאה,גרמים,750.00,100 גרם,false,,16.90,0.0225,true,1,46711
7290017339610,false,חלה בריוש 6 כדורים ה,המחמצת,IL,חלה בריוש 6 כדורים ה,גרמים,600.00,100 גרם,false,,15.90,0.0265,true,1,53106
7290017339627,false,חלת בריוש כתר המחמצת,המחמצת,IL,חלת בריוש כתר המחמצת,גרמים,550.00,100 גרם,false,,15.90,0.0289,true,1,53107
7290017396033,false,בייגל רומני המחמצת 4,המחמצת,IL,בייגל רומני המחמצת 4,גרמים,450.00,100 גרם,false,,15.90,0.0353,true,1,60400
7290017396071,false,לחמניות המבורגר פרימ,המחמצת,IL,לחמניות המבורגר פרימ,גרמים,380.00,100 גרם,false,,15.90,0.0418,true,1,59258
7290017396101,false,לחם גזר תבנית המחמצת,המחמצת,IL,לחם גזר תבנית המחמצת,גרמים,560.00,100 גרם,false,,15.90,0.0284,true,1,53052
7290017396132,false,לחם כוסמין חמניות תב,המחמצת,IL,לחם כוסמין חמניות תב,גרמים,560.00,100 גרם,false,,15.90,0.0284,true,1,53053
7290017396163,false,לחם שיפון 70% אובלי,המחמצת,IL,לחם שיפון 70% אובלי,גרמים,560.00,100 גרם,false,,15.90,0.0284,true,1,53054
7290017396170,false,לחם שאור איטלקי המחמ,המחמצת,IL,לחם שאור איטלקי המחמ,גרמים,560.00,100 גרם,false,,15.90,0.0284,true,1,53055
7290017396187,false,לחם קלמטה אובלי המחמ,המחמצת,IL,לחם קלמטה אובלי המחמ,גרמים,560.00,100 גרם,false,,15.90,0.0284,true,1,53056
7290017396194,false,לחם דגנים המחמצת 560,המחמצת,IL,לחם דגנים המחמצת 560,גרמים,560.00,100 גרם,false,,15.90,0.0284,true,1,57683
7290017396217,false,לחם דגנים אובלי המחמ,המחמצת,IL,לחם דגנים אובלי המחמ,גרמים,560.00,100 גרם,false,,15.90,0.0284,true,1,53057
7290017396224,false,לחם כוסמין אובלי המח,המחמצת,IL,לחם כוסמין אובלי המח,גרמים,560.00,100 גרם,false,,15.90,0.0284,true,1,53058
7290017396231,false,לחם בצל תבנית המחמצת,המחמצת,IL,לחם בצל תבנית המחמצת,גרמים,560.00,100 גרם,false,,15.90,0.0284,true,1,53764
7290017396248,false,לחמניות מיני המבורגר,המחמצת,IL,לחמניות מיני המבורגר,גרמים,400.00,100 גרם,false,,15.90,0.0398,true,1,59260
7290017396286,false,מיני בייגל ירושלמי 4,המחמצת,IL,מיני בייגל ירושלמי 4,גרמים,450.00,100 גרם,false,,15.90,0.0353,true,1,60401
7290017396293,false,לחם כפרי צרפתי אובלי,המחמצת,IL,לחם כפרי צרפתי אובלי,גרמים,560.00,100 גרם,false,,15.90,0.0284,true,1,53059
7290017396309,false,באגט שאור איטלקי המח,המחמצת,IL,באגט שאור איטלקי המח,גרמים,400.00,100 גרם,false,,9.90,0.0248,true,1,60639
7290017396316,false,לחם עגבניות אובלי המ,המחמצת,IL,לחם עגבניות אובלי המ,גרמים,560.00,100 גרם,false,,15.90,0.0284,true,1,53060
7290017396415,false,ג'בטה דגנים המחמצת 6,המחמצת,IL,ג'בטה דגנים המחמצת 6,גרמים,600.00,100 גרם,false,,15.90,0.0265,true,1,58580
7290017396439,false,ג'בטה לבן 600 גרם,המחמצת,IL,ג'בטה לבן 600 גרם,גרמים,360.00,100 גרם,false,,15.90,0.0442,true,1,58581
7290017396507,false,בייגל חיטה המחמצת 36,המחמצת,IL,בייגל חיטה המחמצת 36,גרמים,360.00,100 גרם,false,,15.90,0.0442,true,1,53879
7290017418469,false,קראש גליליות אגוזים,"לבס שוקולד בע""מ",IL,קראש גליליות אגוזים,גרמים,65.00,100 גרם,false,,3.90,0.0600,true,1,43949
7290017418476,false,קראש קוביות נוגט בצי,"לבס שוקולד בע""מ",IL,קראש קוביות נוגט בצי,גרמים,65.00,100 גרם,false,,3.90,0.0600,true,1,43951
7290017418490,false,קראש עוגיות חמאה בצי,"לבס שוקולד בע""מ",IL,קראש עוגיות חמאה בצי,גרמים,65.00,100 גרם,false,,3.90,0.0600,true,1,43954
7290017418551,false,קראש קרקר דג בציפוי,"לבס שוקולד בע""מ",IL,קראש קרקר דג בציפוי,גרמים,65.00,100 גרם,false,,3.90,0.0600,true,1,50211
7290017418605,false,קראש מיקס דגן / גליל,"לבס שוקולד בע""מ",IL,קראש מיקס דגן / גליל,גרמים,65.00,100 גרם,false,,3.90,0.0600,true,1,50213
7290017457581,false,"סוד מרכך כביסה מרוכז קוקוס 900 מ""ל",הנקל סוד,IL,מרכך סוד מי קוקוס 90,מיליליטרים,900.00,"100 מ""ל",false,,11.90,0.0132,true,1,47099
7290017457727,false,"סוד - מרכך כביסה מרוכז פרש סקיי 900 מ""ל",הנקל סוד,IL,מרכך סוד + בישום כחו,מיליליטרים,900.00,"100 מ""ל",false,,11.90,0.0132,true,1,45019
7290017457871,false,סוד ג'ל כביסה ירוק טוטאל 4 ליטר,הנקל סוד,IL,גל סוד ווילד רוז 4,קילוגרמים,4.00,ליטר,false,,34.50,8.6250,true,1,50477
7290017457932,false,סוד מרכך כביסה מרוכז פרש קונטרול כחול,הנקל סוד,IL,מרכך סוד פרש קונטרול,מיליליטרים,900.00,"100 מ""ל",false,,11.90,0.0132,true,1,53018
7290017477169,false,קשיו קלוי ששון הקולה,ששון,IL,קשיו 250 גרם,גרמים,250.00,100 גרם,false,,20.00,0.0800,true,1,31785
7290017513393,false,תה ירוק סופר גרין 25 שקיקים,קריות זול,IL,תה ירוק סופר גרין 25,גרמים,38.00,100 גרם,false,,19.90,0.5237,true,1,47886
7290017513409,false,תה ירוק סופר פיורפל 25 שקיקים,HIQ FOOD PRODUCTS,IL,תה ירוק עם צמחים סגו,גרמים,38.00,100 גרם,false,,19.90,0.5237,true,1,47887
7290017589374,false,יין יוקרתי שרדונה 75,יקבי ברקן,IL,יין לבן פרי ראן שרד,מיליליטרים,750.00,"100 מ""ל",false,,49.90,0.0665,true,1,52190
7290017589565,false,"יין קלאסיק גוורצטרמינר 750 מ""ל.",יקבי ברקן שיווק והפצ,IL,יין קלאסיק גוורצטרמי,מיליליטרים,750.00,"100 מ""ל",false,,27.90,0.0372,true,1,64274
7290017589633,false,יין רזרב קברנה סוביניון Gold Edition,יקבי ברקן Barkan,IL,יין רזרב גולד קברנה,מיליליטרים,750.00,"100 מ""ל",false,,34.90,0.0465,true,1,43722
7290017599267,false,סוכרלוז 120 שקיות ממתיק שולחני,סוכרזית Sucrazit,IL,ממתיק סוכרלוז סוכרזי,גרמים,120.00,100 גרם,false,,24.50,0.2042,true,1,63144
7290017599274,false,סוכרזית סטיוויה 120 שקיות,ביסקול בע''מ,IL,ממתיק סוכרזית סטיווי,גרמים,120.00,100 גרם,false,,29.90,0.2492,true,1,63105
7290017599304,false,"סוכרזית סטיוויה כפית לכפית, 400 גרם",ביסקול בעמ,IL,ממתיק סוכרזית סטיווי,גרמים,400.00,100 גרם,false,,33.90,0.0847,true,1,63106
7290017616001,false,שעועית ירוקה שלמה ור,נ.ת.נ.ג.ב החזקות,BE,שעועית ירוקה שלמה ור,גרמים,800.00,100 גרם,false,,6.50,0.0081,true,1,60740
7290017616025,false,שעועית ירוקה חתוכה ו,נ.ת.נ.ג.ב החזקות,BE,שעועית ירוקה חתוכה ו,גרמים,800.00,100 גרם,false,,6.50,0.0081,true,1,60741
7290017616032,false,שעועית צהובה חתוכה ו,נ.ת.נ.ג.ב החזקות,BE,שעועית צהובה חתוכה ו,גרמים,800.00,100 גרם,false,,6.50,0.0081,true,1,60742
7290017616421,false,סטייק טונה קפוא 500,,,סטייק טונה קפוא 500,גרמים,500.00,100 גרם,false,,24.90,0.0498,true,1,56978
7290017616490,false,פילה ברבוניה ארוז 40,,,פילה ברבוניה,Unknown,0.00,יחידה,false,,16.90,0.0000,true,1,63854
7290017616506,false,"אפונה אינדירה 1 ק""ג",קי. היג' טיילור,GB,"אפונה אינדירה 1 ק""ג",פריט,1.00,"ק""ג",false,,9.90,9.9000,true,1,55859
7290017616544,false,"תירס אינדירה 1 ק""ג",הוראפרוסט,BE,"תירס אינדירה 1 ק""ג",פריט,1.00,"ק""ג",false,,10.90,10.9000,true,1,55295
7290017616551,false,אפונה וגזר אינדירה 1,הוראפרוסט,BE,אפונה וגזר אינדירה 1,פריט,1.00,"ק""ג",false,,10.90,10.9000,true,1,55191
7290017616568,false,לקט העונה אינדירה 1,הוראפרוסט,BE,לקט העונה אינדירה 1,פריט,1.00,"ק""ג",false,,10.90,10.9000,true,1,55192
7290017616643,false,תחתיות ארטישוק אינדי,גרין האוס,EG,תחתיות ארטישוק אינדי,פריט,1.00,"ק""ג",false,,19.90,19.9000,true,1,54592
7290017616650,false,לקט לקוסקוס אינדירה,הוראפרוסט,BE,לקט לקוסקוס אינדירה,פריט,1.00,"ק""ג",false,,10.90,10.9000,true,1,55194
7290017616667,false,שעועית לבנה אינדירה,הוראפרוסט,BE,שעועית לבנה אינדירה,פריט,1.00,"ק""ג",false,,13.90,13.9000,true,1,55279
7290017616674,false,גזר גמדי אינדירה 1 ק,הוראפרוסט,BE,גזר גמדי אינדירה 1 ק,פריט,1.00,"ק""ג",false,,9.90,9.9000,true,1,55195
7290017616896,false,פולי סויה קלופים שדה,פוגיאן יונילנד פודס,CN,פולי סויה קלופים שדה,גרמים,600.00,100 גרם,false,,9.90,0.0165,true,1,64614
7290017616933,false,"צ'יפס אמריקאי ארוז, 2.5 ק""ג",,,ציפס אמריקאי פרנץ פר,פריט,1.50,"ק""ג",false,,16.90,11.2667,true,1,63093
7290017616940,false,ציפס זיגזג פרנץ פריי,,,ציפס זיגזג פרנץ פריי,פריט,1.50,"ק""ג",false,,16.90,11.2667,true,1,63094
7290017617046,false,נתחי טונה בשמן זית כתית מעולה רביעיה * 140 ג',דרדנל,TR,טונה בשמן זית ס.ק. 4,גרמים,560.00,100 גרם,false,,26.90,0.0480,true,1,48159
7290017617084,false,סטארקיסט מיקס טוגו טונה עם שעועית 185 גר',דרדנל אוננטאס גידה,TR,מיקס טו גו שעועית יר,גרמים,185.00,100 גרם,false,,10.90,0.0589,true,1,55977
7290017617091,false,סטארקיסט מיקס טוגו טונה עם פתיתים 185 גר',דרדנל אוננטאס גידה,TR,מיקס טו גו פתיתים יר,גרמים,185.00,100 גרם,false,,10.90,0.0589,true,1,55978
7290017617107,false,סארקיסט מיקס טוגו טונה עם 4 דגנים 185 גר',"איטיליאן פוד, אס.פי.",TR,מיקס טו גו דגנים ירק,גרמים,185.00,100 גרם,false,,10.90,0.0589,true,1,55979
7290017617275,false,שלישיית ממרח טונה סטארקיסט 140*3,סטארקיסט,IL,ממרח טונה ס.ק 3*160,גרמים,480.00,100 גרם,false,,14.90,0.0310,true,1,56795
7290017617411,false,מיקס סלמון עם אורז מלא וירקות 160 ג' סטארקיסט,סטארקיסט Starkist,PL,מיקס סלמון עם אורז מ,גרמים,160.00,100 גרם,false,,14.90,0.0931,true,1,62721
7290017617428,false,"סטארקיסט נתחי סלמון עם פסטה, עגבניות וזיתים פיקנטי",סטארקיסט Starkist,PL,מיקס סלמון עם פסטה ע,גרמים,160.00,100 גרם,false,,14.90,0.0931,true,1,62723
7290017617435,false,מיקס סלמון עם עדשים קינואה וירק 160 ג' סטארקיסט,סטארקיסט Starkist,PL,מיקס סלמון עם עדשים,גרמים,160.00,100 גרם,false,,14.90,0.0931,true,1,62722
7290017641379,false,חמישיות שוקולד חלב בדצ 85 ג*5 בלמינט*12 בקרט בדצ,כרמית,,שוקולד אגו חלב 5*85,גרמים,425.00,100 גרם,false,,13.90,0.0327,true,1,54980
7290017641430,false,מטבעות שוקולד צבעוני,כרמית,IL,מטבעות שוקולד צבעוני,גרמים,360.00,100 גרם,false,,18.90,0.0525,true,1,47767
7290017641720,false,טבלת שוקולד דק 70% שברי שקד 100 גר',"כד בני דרום בע""מ",IL,שוקולד אגו מריר 70%,גרמים,100.00,100 גרם,false,,7.80,0.0780,true,1,61823
7290017641737,false,"שוקולד 70% שברי אגוז 100 גר' כשל""פ. בד""ץ","כד בני דרום בע""מ",IL,שוקולד אגו מריר 70%,גרמים,100.00,100 גרם,false,,7.80,0.0780,true,1,61827
7290017648064,false,יין בית אל בלנד 2017,יקב בית אל,IL,יין בית אל בלנד 2017,מיליליטרים,750.00,"100 מ""ל",false,,199.90,0.2665,true,1,59636
7290017696393,false,בורגר פטריות מן הצומ,מרינה פטריות,IL,בורגר פטריות מן הצומ,גרמים,520.00,100 גרם,false,,27.90,0.0537,true,1,52212
7290017696812,false,שורש פטרוזיליה,מרינה,IL,שורש פטרוזיליה,Unknown,0.00,יחידה,false,,4.90,0.0000,true,1,53863
7290017712505,false,"מחית תפו""ע פרינוק 4*",HME,CZ,"מחית תפו""ע פרינוק 4*",גרמים,760.00,100 גרם,false,,16.90,0.0222,true,1,56050
7290017712512,false,"מחית תפו""ע ובננה פרי",HME,CZ,"מחית תפו""ע ובננה פרי",גרמים,760.00,100 גרם,false,,16.90,0.0222,true,1,56051
7290017712529,false,מחית סלט פירות פרינו,HME,CZ,מחית סלט פירות פרינו,גרמים,760.00,100 גרם,false,,16.90,0.0222,true,1,56052
7290017712536,false,מחית לפתן פירות פרינ,HME,CZ,מחית לפתן פירות פרינ,גרמים,760.00,100 גרם,false,,16.90,0.0222,true,1,56053
7290017812007,false,יין פרייבט קולקשן סו,יקבי כרמל,IL,יין פ.קולקשיין שרדונ,מיליליטרים,750.00,"100 מ""ל",false,,31.90,0.0425,true,1,64720
7290017812052,false,יין שיראז קברנה סוביניון אקסלנס Excellence,יקבי כרמל Carmel Winery,IL,יין אקסלנס שיראז קבר,מיליליטרים,750.00,"100 מ""ל",false,,24.90,0.0332,true,1,42572
7290017812069,false,יין אמרלד ריזלינג שרדונה אקסלנס Excellence,יקבי כרמל Carmel Winery,IL,יין אקסלנס ריזלינג ש,מיליליטרים,750.00,"100 מ""ל",false,,24.90,0.0332,true,1,42573
7290017812144,false,יין ישן נושן מתוק 63,יקבי כרמל,IL,יין ישן נושן מתוק 63,מיליליטרים,630.00,"100 מ""ל",false,,12.90,0.0205,true,1,42457
7290017812595,false,יין ישן נושן לייט 75,יקבי כרמל Carmel Winery,IL,יין ישן נושן לייט 3.,מיליליטרים,750.00,"100 מ""ל",false,,14.90,0.0199,true,1,55557
7290017812649,false,מיץ ענבים תירוש לבן,יקבי כרמל,IL,מיץ ענבים תירוש לבן,קילוגרמים,1.20,ליטר,false,,20.90,17.4167,true,1,48830
7290017812656,false,תירוש מבעבע מיץ ענבים מבעבע אדום,מנדלז סי.אר. פרודקשן,IL,תירוש מבעבע אדום כרמ,מיליליטרים,750.00,"100 מ""ל",false,,19.90,0.0265,true,1,54729
7290017812663,false,מיץ ענבים טבעי מבעבע לבן,מנדלז סי.אר. פרודקשן,IL,תירוש מבעבע לבן כרמל,מיליליטרים,750.00,"100 מ""ל",false,,19.90,0.0265,true,1,54730
7290017812830,false,"יין רוזה פרייבט קולקשיין 750 מ""ל","כד בני דרום בע""מ",IL,יין פ. קולקשיין רוזה,מיליליטרים,750.00,"100 מ""ל",false,,31.90,0.0425,true,1,54467
7290017812847,false,יין סלקטד פרנץ גוורצטרמינר 750 מל,"כד בני דרום בע""מ",IL,יין סלקטד פרנץ גוורצ,מיליליטרים,750.00,"100 מ""ל",false,,28.90,0.0385,true,1,54468
7290017812861,false,"יין וינו לבן יבש 750 מ""ל",קריות זול,IL,יין וינו לבן יבש,מיליליטרים,750.00,"100 מ""ל",false,,17.90,0.0239,true,1,54469
7290017812977,false,"יין לבן מתוק מוגז בטעם אננס, 750 מ""ל",קריות זול,IL,יין באז ספארקלינג אנ,מיליליטרים,750.00,"100 מ""ל",false,,26.90,0.0359,true,1,56236
7290017864648,false,כוסברה בוסתן פרימיום,ברכת קטיף,IL,כוסברה בוסתן פרימיום,Unknown,0.00,יחידה,false,,5.90,0.0000,true,1,50982
7290017864655,false,פטרוזיליה בוסתן פרימ,ברכת קטיף,IL,פטרוזיליה בוסתן פרימ,Unknown,0.00,יחידה,false,,5.90,0.0000,true,1,50983
7290017864662,false,שמיר בוסתן פרימיום,ברכת קטיף,IL,שמיר בוסתן פרימיום,Unknown,0.00,יחידה,false,,5.90,0.0000,true,1,50984
7290017864679,false,נענע בוסתן פרימיום,ברכת קטיף,IL,נענע בוסתן פרימיום,Unknown,0.00,יחידה,false,,5.90,0.0000,true,1,50985
7290017864686,false,סלרי עלים בוסתן,ברכת קטיף,IL,סלרי עלים בוסתן,Unknown,0.00,יחידה,false,,6.90,0.0000,true,1,50977
7290017864709,false,עלי מנגולד,ברכת קטיף,IL,עלי מנגולד,Unknown,0.00,יחידה,false,,6.90,0.0000,true,1,50979
7290017864730,false,לבבות חסה פרימיום בו,ברכת קטיף,IL,לבבות חסה פרימיום בו,Unknown,0.00,יחידה,false,,10.90,0.0000,true,1,51010
7290017864754,false,בצל ירוק בוסתן,ברכת קטיף,IL,בצל ירוק בוסתן,Unknown,0.00,יחידה,false,,5.90,0.0000,true,1,50980
7290017864839,false,לבבות חסה פרימיום נס,ברכת קטיף,IL,לבבות חסה פרימיום נס,Unknown,0.00,יחידה,false,,12.90,0.0000,true,1,51012
7290017871967,false,גלי טוסו בטעם אננס 2,קריות זול,IL,ג'לי אננס טוסו ללא ס,גרמים,25.00,100 גרם,false,,8.90,0.3560,true,1,60067
7290017871974,false,גלי טוסו בטעם תות שד,קריות זול,IL,ג'לי תות שדה טוסו לל,גרמים,25.00,100 גרם,false,,8.90,0.3560,true,1,60068
7290017871998,false,פודינג וניל טוסו ללא,קריות זול,IL,פודינג וניל טוסו ללא,גרמים,30.00,100 גרם,false,,8.90,0.2967,true,1,60069
7290017872179,false,עוגיות טחינה ללא תוספת סוכר,היינץ צפון אמריקה מק,IL,עוגיות טחינה טוסו 20,גרמים,200.00,100 גרם,false,,13.90,0.0695,true,1,60061
7290017883045,false,קשקש ממתק חמוץ בטעמי פירות 16 יחי',שנטו סוויט לייף,CN,קשקש ממתק חמוץ פירות,גרמים,160.00,100 גרם,false,,9.90,0.0619,true,1,57236
7290017883427,false,סוכריות טופי בטעם תו,פי אנד מוזאקיס שוגאר,TW,סוכריות טופי בטעם תו,גרמים,540.00,100 גרם,false,,29.90,0.0554,true,1,58680
7290017883441,false,סוכריות טופי בטעם דו,פי אנד מוזאקיס שוגאר,TW,סוכריות טופי בטעם דו,גרמים,540.00,100 גרם,false,,29.90,0.0554,true,1,58681
7290017884141,false,עוגיות מלוחות קצח שי,מאפיית ישראל חיפה,IL,עוגיות מלוחות קצח שי,גרמים,500.00,100 גרם,false,,10.90,0.0218,true,1,42597
7290017884158,false,עוגיות מלוחות שומשום,מאפיית ישראל חיפה,IL,עוגיות מלוחות שומשום,גרמים,500.00,100 גרם,false,,10.90,0.0218,true,1,42598
7290017884165,false,כעכים קקאו שירה 500,מאפיית ישראל חיפה,IL,כעכים קקאו שירה 500,גרמים,500.00,100 גרם,false,,10.90,0.0218,true,1,48292
7290017884172,false,עוגיות מרוקאיות שירה,מאפיית ישראל חיפה,IL,עוגיות מרוקאיות שירה,גרמים,500.00,100 גרם,false,,10.90,0.0218,true,1,42602
7290017884189,false,כעכים מצופים שירה 50,מאפיית ישראל חיפה,IL,כעכים מצופים שירה 50,גרמים,500.00,100 גרם,false,,10.90,0.0218,true,1,48150
7290017884257,false,עוגיות כתר שירה 600,מאפיית ישראל חיפה,IL,עוגיות כתר שירה 600,גרמים,600.00,100 גרם,false,,10.90,0.0182,true,1,48293
7290017884264,false,עוגיות שוקוציפס שירה,מאפיית ישראל חיפה,IL,עוגיות שוקוציפס שירה,גרמים,600.00,100 גרם,false,,10.90,0.0182,true,1,42603
7290017884271,false,עוגיות שוקוציפס לבן,מאפיית ישראל חיפה,IL,עוגיות שוקוציפס לבן,גרמים,600.00,100 גרם,false,,10.90,0.0182,true,1,42604
7290017884288,false,עוגיות מקלות קינמון,מאפיית ישראל חיפה,IL,עוגיות מקלות קינמון,גרמים,400.00,100 גרם,false,,10.90,0.0273,true,1,42601
7290017884295,false,מקלות מסוכרים במילוי,מאפיית ישראל חיפה,IL,מקלות מסוכרים במילוי,גרמים,400.00,100 גרם,false,,10.90,0.0273,true,1,48577
7290017884318,false,עוגיות פרפר במילוי ב,מאפיית ישראל חיפה,IL,עוגיות פרפר במילוי ב,גרמים,500.00,100 גרם,false,,10.90,0.0218,true,1,48287
7290017884356,false,עוגיות כעכים מרוקאיו,מאפיית ישראל חיפה,IL,עוגיות כעכים מרוקאיו,גרמים,500.00,100 גרם,false,,10.90,0.0218,true,1,48578
7290017884370,false,עוגיות בטעם חלוה שיר,מאפיית ישראל חיפה,IL,עוגיות בטעם חלוה שיר,גרמים,500.00,100 גרם,false,,10.90,0.0218,true,1,42605
7290017884394,false,עוגיות בישקוטים מסוכ,מאפיית ישראל חיפה,IL,עוגיות בישקוטים מסוכ,גרמים,500.00,100 גרם,false,,10.90,0.0218,true,1,42606
7290017884400,false,עוגיות מצופות טעם שו,מאפיית ישראל חיפה,IL,עוגיות מצופות טעם שו,גרמים,500.00,100 גרם,false,,10.90,0.0218,true,1,48344
7290017884417,false,עוגיות דניות בטעם חמ,מאפיית ישראל חיפה,IL,עוגיות דניות בטעם חמ,גרמים,500.00,100 גרם,false,,10.90,0.0218,true,1,42608
7290017884448,false,עוגיות פריכות מצופות,מאפיית ישראל חיפה,IL,עוגיות פריכות מצופות,גרמים,500.00,100 גרם,false,,10.90,0.0218,true,1,48151
7290017884530,false,בישקוטים מצופים שירה,מאפיית ישראל חיפה,IL,בישקוטים מצופים שירה,גרמים,500.00,100 גרם,false,,10.90,0.0218,true,1,48152
7290017884547,false,עוגיות כתר במילוי תו,מאפיית ישראל חיפה,IL,עוגיות כתר במילוי תו,גרמים,500.00,100 גרם,false,,10.90,0.0218,true,1,48288
7290017888095,false,"רביעיית פחיות שוופס מוגז עדין פירות יער 330 מ""ל.",יפאורה תבורי,IL,מארז שוופס פירות יער,קילוגרמים,1.32,ליטר,false,,11.90,9.0152,true,1,45163
7290017888101,false,"שוויפס מוגז עדין אפרסק מארז רביעייה* 330 מ""ל",יפאורה תבורי,IL,מארז שוופס אפרסק 4*3,קילוגרמים,1.32,ליטר,false,,11.90,9.0152,true,1,45164
7290017918730,false,סלק אדום בוואקום 1 ק,אראל תוצרת חקלאית בע,IL,סלק אדום בוואקום 1 ק,פריט,1.00,"ק""ג",false,,9.90,9.9000,true,1,52847
7290017928296,false,שברי בייגלה בטעם דבש חרדל ובצל 300 גר' מאיר את בייגל,סבימקס,BG,שברי בייגלה בטעם דבש,גרמים,300.00,100 גרם,false,,11.90,0.0397,true,1,62407
7290017928494,false,שברי בייגלה בטעם צדר 300 גר' מאיר את בייגל,סבימקס,BG,שברי בייגלה בטעם צ'ד,גרמים,300.00,100 גרם,false,,11.90,0.0397,true,1,62408
7290017941073,false,סוכר לבן אלומות 1 ק,,,סוכר לבן אלומות 1 ק,פריט,1.00,"ק""ג",false,,3.90,3.9000,true,1,63999
7290017946375,false,סוד - סבון אסלה בניחוח לימון אוקיינוס רביעיות,הנקל סוד,IL,כדוריות סוד לאסלה לי,גרמים,150.00,100 גרם,false,,19.90,0.1327,true,1,53119
7290017946573,false,סוד - סבון אסלה בניחוח פרחים רביעיות,הנקל סוד,IL,כדוריות סוד לאסלה פר,גרמים,150.00,100 גרם,false,,19.90,0.1327,true,1,53120
7290017947105,false,לחם בסגנון אמריקה 500 גר',מאפיית שלמה א. אנג'ל,IL,לחם אנגל בסגנון אמרי,גרמים,500.00,100 גרם,false,,14.90,0.0298,true,1,49055
7290017947457,false,חלה קלועה כוסמין אנג'ל,מאפיית שלמה א.אנג'ל,IL,חלה קלועה כוסמין אנג,גרמים,500.00,100 גרם,false,,18.90,0.0378,true,1,58101
7290017947464,false,מארז 8 פיתות מקמח כוסמין מלא 400ג',"איטיליאן פוד, אס.פי.",IL,פיתות כוסמין אנג'ל 8,גרמים,400.00,100 גרם,false,,15.90,0.0398,true,1,53080
7290017947495,false,לחמניות כוסמין 450 ג' אנג'ל,"איטיליאן פוד, אס.פי.",IL,לחמניות כוסמין אנגל,גרמים,450.00,100 גרם,false,,15.90,0.0353,true,1,53773
7290017947891,false,לחם כוסמין וחיטה מלאה 750 ג' אנג'ל,מאפיית שלמה א. אנג'ל,IL,לחם כוסמין וחיטה מלא,גרמים,750.00,100 גרם,false,,16.90,0.0225,true,1,48982
7290017947921,false,לחמניות המבורגר בסגנון אמריקאי מארז 6 יח',מאפיית שלמה א. אנג'ל,IL,לחמניות המבורגר אנגל,גרמים,450.00,100 גרם,false,,14.90,0.0331,true,1,49266
7290017947938,false,מיני לחמניות המבורגר בסגנון אמריקה 400 ג' אנג'ל,מאפיית שלמה א. אנג'ל,IL,לחמניות מיני המבורגר,גרמים,400.00,100 גרם,false,,14.90,0.0373,true,1,56397
7290017978215,false,קרמבו ריאו בטעם מוקה 16יח',"גלידות ריאו ביח""ר לג",IL,קרמבו בטעם מוקה ריאו,גרמים,480.00,100 גרם,false,,19.90,0.0415,true,1,52215
7290018045336,false,דגני בוקר פרוטי פאבל,פוסט לקיוויל,US,דגני בוקר פרוטי פאבל,גרמים,311.00,100 גרם,false,,19.90,0.0640,true,1,63374
7290018045534,false,דגני בוקר בטעם פירות,פוסט לקיוויל,US,דגני בוקר בטעם פירות,גרמים,354.00,100 גרם,false,,19.90,0.0562,true,1,63376
7290018045732,false,דגני בוקר עם פירורי,פוסט לקיוויל,US,דגני בוקר עם פירורי,גרמים,311.00,100 גרם,false,,19.90,0.0640,true,1,63375
7290018091616,false,מקלות פילו גבינה מעדנות 450 ג',מיוצר עי קונדיטוריית,IL,מקלות פילו גבינה מעד,גרמים,450.00,100 גרם,false,,16.80,0.0373,true,1,53404
7290018091876,false,מאפה פילו גבינה 320 ג' מעדנות,"מעדנות בע""מ",IL,מאפה פילו גבינה מעדנ,גרמים,320.00,100 גרם,false,,18.90,0.0591,true,1,62023
7290018115039,false,אבוקדו מוכן לאכילה,אראל תוצרת חקלאית בע,IL,אבוקדו מוכן לאכילה,Unknown,0.00,יחידה,false,,5.90,0.0000,true,1,52583
7290018131756,false,נסטלה מאגדת שלגון וניל תות 8*55 גר',גלידות נסטלה,IL,שלגוני וניל מצופה תו,גרמים,440.00,100 גרם,false,,22.90,0.0520,true,1,55599
7290018131855,false,אקסטרים טילון בראוניז בדצ 6*72ג,גלידות נסטלה (נגה גל,IL,טילוני אקסטרים בראונ,גרמים,432.00,100 גרם,false,,23.90,0.0553,true,1,56398
7290018131879,false,אקסטרים טילון ריבת חלב בדצ 6*72 גר',גלידות נסטלה (נגה גל,IL,טילוני אקסטרים ריבת,גרמים,432.00,100 גרם,false,,23.90,0.0553,true,1,56399
7290018131893,false,מאג אקסטרים טילון פק,גלידות נסטלה (נגה גל,IL,טילוני אקסטרים פקאן,גרמים,432.00,100 גרם,false,,23.90,0.0553,true,1,56400
7290018131954,false,קרחון שרבט פרווה לה פרוטה תות שדה ושוקולד מריר,גלידות נסטלה Nestle,IL,שלגוני לה פרוטה תות,גרמים,350.00,100 גרם,false,,23.50,0.0671,true,1,55600
7290018165447,false,"יין רזרב גולד מרלו 750 מ""ל",יקבי ברקן שיווק והפצ,IL,יין רזרב גולד מרלו,מיליליטרים,750.00,"100 מ""ל",false,,34.90,0.0465,true,1,64268
7290018192504,false,מיני בורגר פטריות מן,מרינה פטריות,IL,מיני בורגר פטריות מן,גרמים,600.00,100 גרם,false,,27.90,0.0465,true,1,64934
7290018192658,false,מארז זוג פטריות פורטובלה ושמפיניון מרינה,"מרינה פטריות הגליל בע""מ",IL,פטריות צמד חמד איטלק,Unknown,0.00,יחידה,false,,15.90,0.0000,true,1,51693
7290018192764,false,מיקס נבטי בריאות,מרינה,IL,מיקס נבטים,Unknown,0.00,יחידה,false,,13.90,0.0000,true,1,58800
7290018194393,false,ערק בראשית 40% 700 מ,משקאות ג'בלנא,IL,ערק בראשית 40% 700 מ,מיליליטרים,700.00,"100 מ""ל",false,,39.90,0.0570,true,1,56350
7290018195048,false,"חתיכות אננס בסירופ קל טעמן, 850 גרם",פ.ת גרייט פנאפל,TH,לפתן אננס חתוך טעמן,גרמים,850.00,100 גרם,false,,10.90,0.0128,true,1,61335
7290018195123,false,מארז סרדין בלימון טע,אינטרנשיונל קנינג קו,MA,מארז סרדין בלימון טע,גרמים,375.00,100 גרם,false,,9.90,0.0264,true,1,58402
7290018195130,false,מארז סרדין פלפל חריף,אינטרנשיונל קנינג קו,MA,מארז סרדין פלפל חריף,גרמים,375.00,100 גרם,false,,9.90,0.0264,true,1,58403
7290018195178,false,שוקולד מריר 62% קקאו 100 גר' טעמן,אס.קיי ראיס אינטרנשי,PL,שוקולד טעמן מריר 62%,גרמים,100.00,100 גרם,false,,3.90,0.0390,true,1,61031
7290018195321,false,מארז שוקולד זהב מריר 100 גרם*5 יח',אלבה שוקולד,,שוקולד טעמן מריר 5*1,גרמים,500.00,100 גרם,false,,24.90,0.0498,true,1,61199
7290018195895,false,קראנצ שיבולת שועל ושוקולד מריר 40X5 גר',סנטה איי קוולסקי אס,PL,חטיף ש.שועל עם שוקול,גרמים,200.00,100 גרם,false,,9.90,0.0495,true,1,56915
7290018195901,false,קראנצ שיבולת שועל ודבש 40X5 גר',סנטה איי קוולסקי אס,PL,חטיף ש.שועל ודבש קרא,גרמים,200.00,100 גרם,false,,9.90,0.0495,true,1,56912
7290018195918,false,קראנצ שיבולת שועל דבש וקינמון 40X5 גר',סנטה איי קוולסקי אס,PL,חטיף ש.שועל דבש וקינ,גרמים,200.00,100 גרם,false,,9.90,0.0495,true,1,56913
7290018208014,false,תמר מגהול פרימיום 1,אראל תוצרת חקלאית בע,IL,תמר מגהול פרימיום 1,פריט,1.00,"ק""ג",false,,24.90,24.9000,true,1,47584
7290018208045,false,ערמונים קלויים וקלופ,אראל תוצרת חקלאית בע,IL,ערמונים קלויים וקלופ,גרמים,100.00,100 גרם,false,,3.90,0.0390,true,1,48378
7290018208168,false,תמרים לחים חיאני 600,אראל תוצרת חקלאית בע,IL,תמרים לחים חיאני 600,גרמים,600.00,100 גרם,false,,9.90,0.0165,true,1,52261
7290018208809,false,"תמר מגהול 1 ק""ג",אראל תוצרת חקלאית בע,IL,"תמר מגהול 1 ק""ג",פריט,1.00,"ק""ג",false,,14.90,14.9000,true,1,47573
7290018236635,false,צ'ונגו פופקורן מצופה עוף טוב 600 גר',מוצרי עוף טוב (2001),IL,מיני שניצל פופקורן צ,גרמים,600.00,100 גרם,false,,29.80,0.0497,true,1,54077
7290018237922,false,שניצלונים ציפוי ציפס עוף טוב 700 גר',עיצובים 2020 (4.9),IL,שניצלונים בציפוי צ'י,גרמים,700.00,100 גרם,false,,12.70,0.0181,true,1,62965
7290018294000,false,"יין קינג דויד רוזה 750 מ""ל",קריות זול,IL,יין קינג דיוויד רוזה,מיליליטרים,750.00,"100 מ""ל",false,,18.90,0.0252,true,1,56951
7290018294055,false,מיץ ענבים תירוש רוזה,יקבי כרמל,IL,מיץ ענבים תירוש רוזה,קילוגרמים,1.20,ליטר,false,,20.90,17.4167,true,1,54815
7290018294123,false,יין דלתא חבית 52 201,יקבי כרמל,IL,יין דלתא חבית 52 201,מיליליטרים,750.00,"100 מ""ל",false,,149.90,0.1999,true,1,60633
7290018294192,false,"יין בלנד היינן אדום יבש 750 מ""ל p.c",קריות זול,IL,יין פ. קולקשיין בלנד,מיליליטרים,750.00,"100 מ""ל",false,,31.90,0.0425,true,1,62704
7290018294208,false,"סלקטד אדום יין ישראלי, 750 מ""ל","כד בני דרום בע""מ",IL,יין סלקטד אדום ישראל,מיליליטרים,750.00,"100 מ""ל",false,,28.90,0.0385,true,1,56956
7290018294925,false,למברוסקו לבן מגנום 1,יקבי כרמל,IL,למברוסקו לבן מגנום 1,קילוגרמים,1.50,ליטר,false,,49.90,33.2667,true,1,60754
7290018333181,false,אגו רוקס חטיפי שוקולד חלב עם פתיתי תירס ושברי אגוזי לוז 100 גרם,כרמית,IL,אגו רוקס שוקולד קורנ,גרמים,100.00,100 גרם,false,,8.90,0.0890,true,1,52098
7290018333198,false,"אגו רוקס חטיפי שוקולד חלב עם פתיתי תירס, שברי בוטנים מסוכרים ומלח 100 גרם",כרמית,IL,אגו רוקס שוקולד קורנ,גרמים,100.00,100 גרם,false,,8.90,0.0890,true,1,52099
7290018333419,false,מטבעות שוקולד חלב בצ,כרמית,IL,מטבעות שוקולד חלב בצ,גרמים,900.00,100 גרם,false,,49.90,0.0554,true,1,52824
7290018333426,false,מטבעות שוקולד מריר ב,כרמית,IL,מטבעות שוקולד מריר ב,גרמים,900.00,100 גרם,false,,49.90,0.0554,true,1,52825
7290018333433,false,מטבעות שוקולד חלב צב,כרמית,IL,מטבעות שוקולד חלב צב,גרמים,900.00,100 גרם,false,,49.90,0.0554,true,1,52826
7290018359129,false,פולפה עגבניות מקולפו,זנלכל,IL,עגבניות מקולפות חתוכ,גרמים,690.00,100 גרם,false,,6.40,0.0093,true,1,61638
7290018359495,false,תירס מהשדה בלי תוספת סוכר יכין 550 גר',היינץ צפון אמריקה מק,IL,תירס גרעינים מהשדה ל,גרמים,550.00,100 גרם,false,,8.90,0.0162,true,1,61079
7290018359556,false,יכין תירס מהשדה בלי תוספת סוכר 400 גר',היינץ צפון אמריקה מק,IL,תירס גרעינים מהשדה י,גרמים,400.00,100 גרם,false,,6.50,0.0163,true,1,55328
7290018359686,false,יכין חומוס ענק 550 גר,היינץ צפון אמריקה מק,IL,חומוס ענק יכין 550 ג,גרמים,550.00,100 גרם,false,,9.50,0.0173,true,1,58742
7290018394021,false,פטריות מלך היער תקוע,חוות פטריות תקוע,IL,פטריות מלך היער,Unknown,0.00,יחידה,false,,13.90,0.0000,true,1,56404
7290018440629,false,תה ויסוצקי טעם עשיר,ויסוצקי,IL,תה ויסוצקי טעם עשיר,Unknown,0.00,יחידה,false,,17.90,0.0000,true,1,57775
7290018441916,false,תות שדה קפוא ברכת הא,מוצרי איכות אמריקאיי,GE,תות שדה קפוא ברכת הא,גרמים,300.00,100 גרם,false,,9.90,0.0330,true,1,61495
7290018443347,false,ברכת קטיף - ייבול נוכרי - שמיר שקית,ברכת קטיף,IL,שמיר ברכת קטיף,Unknown,0.00,יחידה,false,,5.90,0.0000,true,1,58215
7290018443354,false,נענע ברכת קטיף ייבול נוכרי,ברכת קטיף,IL,נענע ברכת קטיף,Unknown,0.00,יחידה,false,,5.90,0.0000,true,1,58216
7290018443590,false,שמיר בוסתן,ברכת קטיף,IL,שמיר בוסתן,Unknown,0.00,יחידה,false,,4.90,0.0000,true,1,58188
7290018443606,false,נענע בוסתן,ברכת קטיף,IL,נענע בוסתן,Unknown,0.00,יחידה,false,,4.90,0.0000,true,1,58189
7290018443620,false,סלרי עלים בוסתן,ברכת קטיף,IL,סלרי עלים בוסתן,Unknown,0.00,יחידה,false,,5.90,0.0000,true,1,58205
7290018443644,false,מנגולד בוסתן,ברכת קטיף,IL,מנגולד בוסתן,Unknown,0.00,יחידה,false,,5.90,0.0000,true,1,58207
7290018443651,false,לבבות חסה בוסתן,ברכת קטיף,IL,לבבות חסה בוסתן,Unknown,0.00,יחידה,false,,9.90,0.0000,true,1,58208
7290018443705,false,לבבות חסה קיסר,,,לבבות חסה קיסר,Unknown,0.00,יחידה,false,,12.90,0.0000,true,1,58516
7290018443859,false,חסה ליטל ג'ים,ברכת קטיף,IL,חסה ליטל ג'ים,Unknown,0.00,יחידה,false,,12.90,0.0000,true,1,59559
7290018464052,false,יין תניא עברי בלנד 2,יקב תניא,IL,יין תניא עברי בלנד 2,מיליליטרים,750.00,"100 מ""ל",false,,79.90,0.1065,true,1,59977
7290018464120,false,יין תניא אלישבע רוזה,יקב תניא,IL,יין תניא אלישבע רוזה,מיליליטרים,750.00,"100 מ""ל",false,,69.90,0.0932,true,1,55964
7290018468302,false,נקניקיה צמחית בסגנון מרגז 400 ג' טירת צבי,טירת צבי,IL,נקניקיות צמחוניות בס,גרמים,400.00,100 גרם,false,,32.90,0.0822,true,1,62568
7290018468319,false,נקניקיה צמחית בסגנון צ'וריסוס 400 ג' טירת צבי,טירת צבי,IL,נקניקיות צמחוניות בס,גרמים,400.00,100 גרם,false,,32.90,0.0822,true,1,62569
7290018468326,false,נקניקיה צמחית בסגנון אמריקאי 400 ג' טירת צבי,טירת צבי,IL,נקניקיות צמחוניות בס,גרמים,400.00,100 גרם,false,,32.90,0.0822,true,1,62570
7290018471029,false,"סודה בטעם לימון - מארז 6 בקבוקים 500 מ""ל",יפאורה תבורי בעמ,IL,מארז שוופס סודה לימו,קילוגרמים,3.00,ליטר,false,,13.90,4.6333,true,1,53208
7290018471180,false,פרוט&ווג אננס תפוח גזר 1 ליטר,פרוט אנד וג' Fruit & Veg,IL,פרוט אנד ווג' אננס ת,קילוגרמים,1.00,ליטר,false,,12.90,12.9000,true,1,55817
7290018471197,false,פרוט&ווג' תפוח בננה מלון נענע 1 ליטר,פרוט אנד וג' Fruit & Veg,IL,פרוט אנד ווג' תפוח ב,קילוגרמים,1.00,ליטר,false,,12.90,12.9000,true,1,55816
7290018471210,false,ספרינג קרטונית אגס סברס תפוח 1 ליטר,"יפאורה תבורי בע""מ",IL,נקטר ספרינג אגס תפוח,קילוגרמים,1.00,ליטר,false,,6.50,6.5000,true,1,55815
7290018471395,false,פרוט&ווג' תפוח רימון סלק ג'ינג'ר 1 ליטר,פרוט אנד וג' Fruit & Veg,IL,פרוט אנד ווג' תפוח ר,קילוגרמים,1.00,ליטר,false,,12.90,12.9000,true,1,55855
7290018471401,false,פרוט&ווג' אננס בננה כורכום 1 ליטר,פרוט אנד וג' Fruit & Veg,IL,פרוט אנד ווג' אננס ב,קילוגרמים,1.00,ליטר,false,,12.90,12.9000,true,1,55818
7290018471449,false,ספרינג שייק בננה תמר תפוז קרטונית 1 ליטר,"יפאורה תבורי בע""מ",IL,ספרינג שייק בננה תמר,קילוגרמים,1.00,ליטר,false,,11.90,11.9000,true,1,57108
7290018471463,false,תפוזינה נקטר תפוז מנגו קרטונית 1 ליטר,"יפאורה תבורי בע""מ",IL,נקטר תפוזינה ENJOY,קילוגרמים,1.00,ליטר,false,,6.50,6.5000,true,1,56167
7290018471470,false,תפוזינה נקטר תפוז פסיפלורה קרטונית 1 ליטר,"יפאורה תבורי בע""מ",IL,נקטר תפוזינה ENJOY,קילוגרמים,1.00,ליטר,false,,6.50,6.5000,true,1,56168
7290018471487,false,תפוזינה נקטר תפוז אננס קרטונית 1 ליטר,"יפאורה תבורי בע""מ",IL,נקטר תפוזינה ENJOY,קילוגרמים,1.00,ליטר,false,,6.50,6.5000,true,1,56169
7290018471494,false,תפוזינה משקה תפוז גזר קרטונית 1 ליטר,"יפאורה תבורי בע""מ",IL,נקטר תפוזינה ENJOY,קילוגרמים,1.00,ליטר,false,,6.50,6.5000,true,1,56170
7290018471548,false,"רביעיית ספרינג ענבים 250 מ""ל",יפאורה תבורי,IL,מארז ספרינג ענבים 4*,קילוגרמים,1.00,ליטר,false,,11.90,11.9000,true,1,55551
7290018471685,false,"תפוזינה לימונענע מארז 500X4 מ""ל",יפאורה תבורי,IL,מארז תפוזינה לימונענ,קילוגרמים,2.00,ליטר,false,,12.90,6.4500,true,1,56166
7290018471692,false,ספרינג שייק בננה אננס קוקוס פירות יער קרטונית 1 ליטר,"יפאורה תבורי בע""מ",IL,ספרינג שייק בננה אננ,קילוגרמים,1.00,ליטר,false,,11.90,11.9000,true,1,57110
7290018471906,false,שוופס מוגז פירות לימונדה ורודה 1.5 ליטר פיקדון,"יפאורה תבורי בע""מ",IL,שוופס לימונדה ורודה,קילוגרמים,1.50,ליטר,false,,8.20,5.4667,true,1,59059
7290018471913,false,שוופס מוגז פירות תפוחים 1.5 ל',"יפאורה תבורי בע""מ",IL,שוופס תפוח מוגז 1.5,קילוגרמים,1.50,ליטר,false,,8.20,5.4667,true,1,59060
7290018471920,false,שוופס מוגז פירות ענבים 1.5 ליטר פיקדון,"יפאורה תבורי בע""מ",IL,שוופס ענבים מוגז 1.5,קילוגרמים,1.50,ליטר,false,,8.20,5.4667,true,1,59061
7290018471937,false,שוופס מוגז פירות תות ליים 1.5 ליטר פיקדון,"יפאורה תבורי בע""מ",IL,שוופס פירות תות ליים,קילוגרמים,1.50,ליטר,false,,8.20,5.4667,true,1,59062
7290018471944,false,שוופס מוגז פירות לימונייד 1.5 ליטר פיקדון,"יפאורה תבורי בע""מ",IL,שוופס למונייד מוגז 1,קילוגרמים,1.50,ליטר,false,,8.20,5.4667,true,1,59063
7290018471951,false,שוופס מוגז פירות אשכולית אדומה 1.5 ליטר פיקדון,"יפאורה תבורי בע""מ",IL,שוופס אשכולית אדומה,קילוגרמים,1.50,ליטר,false,,8.20,5.4667,true,1,59064
7290018500231,false,"לחם וויקאנד אנג`ל, 750 גרם",מאפיית אנג'ל,IL,לחם פינוקים וויקאנד,גרמים,750.00,100 גרם,false,,12.90,0.0172,true,1,62694
7290018500361,false,לחם אנג'ל אחיד פרוס 900 גר',מאפיית שלמה א. אנג'ל,IL,לחם אחיד פרוס אנגל 9,גרמים,900.00,100 גרם,false,,8.30,0.0092,true,1,62457
7290018500385,false,חלה רגילה מוגדלת 650גר אנג'ל,מאפיית שלמה א. אנגל,IL,חלה מרובעת אנגל 650,גרמים,650.00,100 גרם,false,,5.90,0.0091,true,1,62506
7290018500392,false,חלה קלועה מוגדלת 650גר אנג'ל,מאפיית שלמה א. אנגל,IL,חלה קלועה אנגל 650 ג,גרמים,650.00,100 גרם,false,,5.90,0.0091,true,1,62507
7290018500477,false,לחם אחיד פרוס אחדות,מאפית אנגל,IL,לחם אחיד פרוס אחדות,גרמים,900.00,100 גרם,false,,7.40,0.0082,true,1,63296
7290018540329,false,שקית פיתה פיתה בלדי 800 ג' אנג'ל,מאפיית שלמה א. אנג'ל,IL,פיתות אנגל בלדי 8 יח,גרמים,800.00,100 גרם,false,,12.90,0.0161,true,1,57975
7290018540817,false,ארטיזנל כוסנין-לחם מחמצת 500 גר',מאפיית אורנים,IL,לחם מחמצת כוסמין אנג,גרמים,500.00,100 גרם,false,,19.90,0.0398,true,1,59212
7290018540824,false,ארטיזנל כפרי-לחם מחמצת 500 גר',מאפיית אורנים,IL,לחם מחמצת כפרי אנגל,גרמים,500.00,100 גרם,false,,18.90,0.0378,true,1,59213
7290018540831,false,לחם מחמצת חיטה מלאה וגרעינים 500 ג' ארטיזנל,מאפיית אורנים,IL,לחם מחמצת חיטה מלאה,גרמים,500.00,100 גרם,false,,18.90,0.0378,true,1,59214
7290018556443,false,ארק סאלי לימונענע 75,,IL,ארק סאלי לימונענע 75,מיליליטרים,750.00,"100 מ""ל",false,,29.90,0.0399,true,1,58092
7290018556696,false,ארק סאלי לימונים 750,,IL,ארק סאלי לימונים 750,מיליליטרים,750.00,"100 מ""ל",false,,29.90,0.0399,true,1,55418
7290018556719,false,ארק סאלי פסיפלורה 75,,IL,ארק סאלי פסיפלורה 75,מיליליטרים,750.00,"100 מ""ל",false,,29.90,0.0399,true,1,55458
7290018571064,false,טופי מקלונים מיה 450,מיה תעשיות מזון בעמ,IL,טופי מקלונים מיה 450,גרמים,450.00,100 גרם,false,,15.90,0.0353,true,1,55172
7290018571071,false,פספסים טופי מיה 450,מיה תעשיות מזון בעמ,IL,טופי פספסים מיה 450,גרמים,450.00,100 גרם,false,,15.90,0.0353,true,1,55173
7290018571088,false,טופי חמוצמוץ 600 גרם.,מיה תעשיות מזון בעמ,IL,טופי חמוצמוץ מיה 600,גרמים,600.00,100 גרם,false,,15.90,0.0265,true,1,55174
7290018571163,false,ציפוי לשניצל עשבי תי,מיה תעשיות מזון בעמ,IL,ציפוי לשניצל עשבי תי,גרמים,600.00,100 גרם,false,,9.90,0.0165,true,1,55782
7290018571170,false,ציפוי לשניצל שום מיה,מיה תעשיות מזון בעמ,IL,ציפוי לשניצל שום מיה,גרמים,600.00,100 גרם,false,,9.90,0.0165,true,1,55783
7290018571194,false,ציפוי לשניצל בתיבול,מיה תעשיות מזון בעמ,IL,ציפוי לשניצל בתיבול,גרמים,600.00,100 גרם,false,,9.90,0.0165,true,1,55784
7290018571200,false,פירורי לחם מוזהב מיה,מיה תעשיות מזון בעמ,IL,פירורי לחם מוזהב מיה,גרמים,700.00,100 גרם,false,,7.90,0.0113,true,1,58125
7290018571422,false,מיה-לקקנים מולטיקולור מיקס 65 יחידות,מיה תעשיות מזון בעמ,IL,לקקנים מיקס צבעוני מ,גרמים,715.00,100 גרם,false,,16.90,0.0236,true,1,58602
7290018571439,false,אורז מלא אינדירה 1.4,מיה תעשיות מזון בעמ,IL,אורז מלא אינדירה 1.4,פריט,1.40,"ק""ג",false,,9.90,7.0714,true,1,59905
7290018571446,false,אורז ריזוטו אינדירה,מיה תעשיות מזון בעמ,IL,אורז ריזוטו אינדירה,פריט,1.40,"ק""ג",false,,9.90,7.0714,true,1,59906
7290018571460,false,קורנפלור מיה 800 גרם,מיה תעשיות מזון בעמ,IL,קורנפלור מיה 800 גרם,גרמים,800.00,100 גרם,false,,5.90,0.0074,true,1,57707
7290018571477,false,נטיפים לאפייה מיה 75,מיה תעשיות מזון בעמ,IL,נטיפים לאפייה מיה 75,גרמים,750.00,100 גרם,false,,14.90,0.0199,true,1,58336
7290018571491,false,ריבת חלב אמיתי אמיתית בצנצנת 340 גרם,מיה תעשיות מזון בעמ,IL,ריבת חלב אמיתי מיה 3,גרמים,340.00,100 גרם,false,,12.90,0.0379,true,1,61093
7290018571576,false,סילאן טבעי לחיץ מיה,אל ברקן דאטס,AE,סילאן טבעי לחיץ מיה,פריט,1.15,"ק""ג",false,,24.90,21.6522,true,1,58807
7290018571606,false,תערובת תיבול ראס אל חנות 70גר,מיה תעשיות מזון בעמ,IL,ראס אל חנות מיה 70 ג,גרמים,70.00,100 גרם,false,,7.90,0.1129,true,1,61388
7290018571767,false,חומץ בלסמי מיה 500 מ,מיה תעשיות מזון בעמ,IL,חומץ בלסמי מיה 500 מ,מיליליטרים,500.00,"100 מ""ל",false,,17.90,0.0358,true,1,61096
7290018571798,false,סוכריות גלי שמחות 2,מיה תעשיות מזון בעמ,IL,סוכריות גלי שמחות 2,גרמים,540.00,100 גרם,false,,18.50,0.0343,true,1,62962
7290018571804,false,ג'לי מטבעות מיה 225,מיה תעשיות מזון בעמ,IL,ג'לי מטבעות מיה 225,גרמים,225.00,100 גרם,false,,9.90,0.0440,true,1,62963
7290018652039,false,לה קרמריה קרמל מלוח ונוגט בדצ 1.4 ליטר,גלידות נסטלה,IL,גלידה לה קרמריה מלוח,קילוגרמים,1.40,ליטר,false,,17.50,12.5000,true,1,56391
7290018652657,false,שלגוני לייט נסטלה מנ,גלידות נסטלה,IL,שלגוני לייט נסטלה מנ,גרמים,312.00,100 גרם,false,,22.90,0.0734,true,1,62465
7290018652671,false,גלידה קרמריה שוקולד ווניל 1.4 ליטר,נסטלה,IL,גלידה לה קרמריה בטעמ,קילוגרמים,1.40,ליטר,false,,17.50,12.5000,true,1,62303
7290018652688,false,לה קרמריה טרופי ופירות אדומים 1.4 ל' נסטלה,גלידות נסטלה,IL,שרבט לה קרמריה טרופי,קילוגרמים,1.40,ליטר,false,,17.50,12.5000,true,1,60934
7290018652886,false,מאגדת מצופים שוקו בננה 8 יח-476 ג',גלידות נסטלה,IL,שלגוני נסטלה שוקו בנ,גרמים,440.00,100 גרם,false,,22.90,0.0520,true,1,62466
7290018652909,false,מאגדת מאגנום קפה שוקולד ופקאן 5 *43 ג' נסטלה,גלידות נסטלה,IL,שלגונים בטעם אייס קפ,גרמים,215.00,100 גרם,false,,22.90,0.1065,true,1,62467
7290018652923,false,מאגדת תות עוגת גבינה שוקולד 5 *43 ג' נסטלה,גלידות נסטלה,IL,שלגונים בטעם בטעם מס,גרמים,215.00,100 גרם,false,,22.90,0.1065,true,1,62468
7290018795385,false,חסה לליק מהדרין קמעונאי,"מרינה פטריות הגליל בע""מ",IL,חסה לליק,Unknown,0.00,יחידה,false,,12.90,0.0000,true,1,59655
7290018795842,false,שיני שום קלופות 500 גרם,מרינה,IL,שום קלוף מרינה 500 ג,גרמים,500.00,100 גרם,false,,16.90,0.0338,true,1,62644
7290018810071,false,יין בראשית רוזה 2021,יקב בראשית,IL,יין בראשית רוזה 2021,מיליליטרים,750.00,"100 מ""ל",false,,69.90,0.0932,true,1,63993
7290018878095,false,שלישיית שוקולד חלב ללא סוכר 85 גרם,כרמית,IL,"שוקולד אגו חלב ללת""ס",גרמים,255.00,100 גרם,false,,14.90,0.0584,true,1,62341
7290018878125,false,שלישיית שוקולד לבן ללא סוכר 85 גרם,כרמית,IL,"שוקולד אגו לבן ללת""ס",גרמים,255.00,100 גרם,false,,14.90,0.0584,true,1,62342
7290018878798,false,"מטבעות צבעוני שוקולד חלב, 36 גרם",כרמית,IL,מטבעות שוקולד חלב צב,גרמים,36.00,100 גרם,false,,3.90,0.1083,true,1,64271
7290018879825,false,מטבעות שוקולד לבן 36 גרם,כרמית,IL,מטבעות שוקולד לבן כר,גרמים,36.00,100 גרם,false,,3.90,0.1083,true,1,64272
7290018886304,false,פת דגנים סגנון שוודי,סונקו,PL,פת דגנים בסגנון שווד,גרמים,340.00,100 גרם,false,,9.90,0.0291,true,1,62652
7290018886328,false,פת דגנים שיפון מאפים,סונקו,PL,פת דגנים שיפון מאפים,גרמים,340.00,100 גרם,false,,9.90,0.0291,true,1,62653
7290018886342,false,פת דגנים 7 דגנים 340,סונקו,PL,פת 7 דגנים מאפים 340,גרמים,340.00,100 גרם,false,,9.90,0.0291,true,1,62654
7290018886991,false,שמן קנולה אלומות 1 ל,סקנולה,EE,שמן קנולה אלומות 1 ל,קילוגרמים,1.00,ליטר,false,,8.90,8.9000,true,1,61376
7290018893005,false,"חטיפי בייגלה אפוי בטעם חרדל ודבש, 160 גרם",צ'וקטה Chocketa,RO,חטיף בייגלה אפוי בטע,גרמים,160.00,100 גרם,false,,6.50,0.0406,true,1,63118
7290018893036,false,עוגיות סנדוויץ' בטעם שוקולד ממולאות קרם בטעם וניל,צ'וקטה Chocketa,ES,עוגיות סנדוויץ' בטעם,גרמים,176.00,100 גרם,false,,6.90,0.0392,true,1,63122
7290018893265,false,צ'וקטה עוגות אישיות מריר במילוי קרם 240 ג',פרדי קונדיטוריה אס פ,IT,מארז עוגה אישית מריר,גרמים,240.00,100 גרם,false,,7.90,0.0329,true,1,57991
7290018893326,false,ממרח אגוזי לוז צ'וקט,נאטרא,BE,ממרח אגוזי לוז צ'וקט,גרמים,900.00,100 גרם,false,,19.90,0.0221,true,1,60604
7290018893333,false,קרקרים במליחות מעודנ,סטרופוופל,PT,קרקרים במליחות מעודנ,גרמים,500.00,100 גרם,false,,9.90,0.0198,true,1,63421
7290018893401,false,שוקולד מריר פרימיום 70% 100 גרם צ'וקטה איגוד רבנים,צ'וקטה Chocketa,ES,שוקולד צ'וקטה מריר 7,גרמים,100.00,100 גרם,false,,6.90,0.0690,true,1,60946
7290018893531,false,קרקרים מלוחים סלטי צ,סטרופוופל,PT,קרקרים מלוחים סלטי צ,גרמים,500.00,100 גרם,false,,9.90,0.0198,true,1,63422
7290018893609,false,שוקולד מריר פרימיום 85% 100 גרם איגוד רבנים,צ'וקטה Chocketa,ES,שוקולד צ'וקטה מריר 8,גרמים,100.00,100 גרם,false,,6.90,0.0690,true,1,60947
7290018893616,false,שוקולד מריר 48% 6 יח' *100 ג' צ'וקטה,צוקטה,ES,שוקולד צ'וקטה מריר 4,גרמים,600.00,100 גרם,false,,19.90,0.0332,true,1,64078
7290018893654,false,חטיפי בייגלה דקיקים ופריכים מלח צ'וקטה 200 ג',צ'וקטה Chocketa,RO,חטיף בייגלה אפוי בתו,גרמים,200.00,100 גרם,false,,6.50,0.0325,true,1,63119
7290018893746,false,בייגלה עגבניות ועשבי תיבול 180 גר,SC ALKA TRADING CO S,RO,חטיף בייגלה אפוי בטע,גרמים,180.00,100 גרם,false,,6.50,0.0361,true,1,63120
7290018893852,false,חטיפי בייגלה דקיקים ופריכים שומשום צ'וקטה 200 ג',צ'וקטה Chocketa,RO,חטיף בייגלה אפוי בתו,גרמים,200.00,100 גרם,false,,6.50,0.0325,true,1,63121
7290018893876,false,עוגות אישיות רכות עם מילוי קרם בטעם וניל,פרדי קונדיטוריה אס פ,IT,מארז עוגה אישית וניל,גרמים,200.00,100 גרם,false,,7.90,0.0395,true,1,57992
7290018904404,false,שערות קדאיף מזאווי 4,ממתקי מזאוי,IL,שערות קדאיף מזאווי 4,גרמים,450.00,100 גרם,false,,13.90,0.0309,true,1,64249
7290018925065,false,פרימור מיץ תפוזים סחוט 2 ליטר,פרימור,IL,מיץ תפוזים פרימור 2,קילוגרמים,2.00,ליטר,false,,24.90,12.4500,true,1,58869
7290018928103,false,חלה ל.גלוטן קמח הארץ,גידרון תעשיות,IL,חלה ל.גלוטן קמח הארץ,גרמים,500.00,100 גרם,false,,22.90,0.0458,true,1,61863
7290018928134,false,לחמניות ל.גלוטן קמח,גידרון תעשיות,IL,לחמניות ל.גלוטן קמח,גרמים,300.00,100 גרם,false,,16.50,0.0550,true,1,61861
7290018978245,false,דגני בוקר קראנץ בטעם,נטורל קייקס,IL,דגני בוקר קראנץ בטעם,גרמים,686.00,100 גרם,false,,19.90,0.0290,true,1,64084
7290018978252,false,דגני בוקר קראנץ בטעם,נטורל קייקס,IL,דגני בוקר קראנץ בטעם,גרמים,686.00,100 גרם,false,,19.90,0.0290,true,1,64081
7290018978269,false,דגני בוקר קראנץ בטעם,נטורל קייקס,IL,דגני בוקר קראנץ בטעם,גרמים,686.00,100 גרם,false,,19.90,0.0290,true,1,64085
7290018978276,false,דגני בוקר קראנץ בטעם,נטורל קייקס,IL,דגני בוקר קראנץ בטעם,גרמים,686.00,100 גרם,false,,19.90,0.0290,true,1,64082
7290018989074,false,חומוס ארבעס במלח פלפל פרי מבורך 550 גר',זנלכל,IL,חומוס במלח ופלפל ארב,גרמים,550.00,100 גרם,false,,9.90,0.0180,true,1,59468
7290018989098,false,חומוס ברוטב פיקנטי פיקנטס פרי מבורך 550 גר',זנלכל,IL,חומוס ברוטב פיקנטי פ,גרמים,550.00,100 גרם,false,,9.90,0.0180,true,1,59469
7290018989128,false,סירופ בטעם ענבים יכין 1 ליטר,זנלכל,IL,סירופ יכין בטעם ענבי,קילוגרמים,1.00,ליטר,false,,18.90,18.9000,true,1,62138
7290018989135,false,סירופ בטעם פטל יכין 1 ליטר,זנלכל,IL,סירופ יכין בטעם פטל,קילוגרמים,1.00,ליטר,false,,18.90,18.9000,true,1,62139
7290019031727,false,מטליות לחות לניקוי כ,וינדה פרופשיונל,IL,מטליות לחות לניקוי כ,Unknown,0.00,יחידה,false,,19.90,0.0000,true,1,64356
7290019035084,false,אוכמניות כחולות קפוא 400 ג' פילד גוד,דה נייל אג'יפטיאן,EG,אוכמניות כחולות קפוא,גרמים,400.00,100 גרם,false,,11.90,0.0298,true,1,62050
7290019036036,false,פולי סויה פילד גוד 1,יגטאי פנג'ואן,CN,פולי סויה פילד גוד 1,פריט,1.00,"ק""ג",false,,11.90,11.9000,true,1,64486
7290019056027,false,שוופס מוגז פירות תפוחים ללא סוכר 1.5 ליטר פיקדון,"יפאורה תבורי בע""מ",IL,שוופס תפוח ללא סוכר,קילוגרמים,1.50,ליטר,false,,8.20,5.4667,true,1,59067
7290019056034,false,שוופס מוגז פירות אננס ללא סוכר 1.5 ליטר פיקדון,"יפאורה תבורי בע""מ",IL,שוופס אננס ללא סוכר,קילוגרמים,1.50,ליטר,false,,8.20,5.4667,true,1,59068
7290019056041,false,שוופס מוגז פירות לימונייד ללא סוכר 1.5 ליטר פיקדון,"יפאורה תבורי בע""מ",IL,שוופס פירות לימונייד,קילוגרמים,1.50,ליטר,false,,8.20,5.4667,true,1,59069
7290019056058,false,שוופס מוגז עדין תפוח ליים 1.5 ליטר פיקדון,"יפאורה תבורי בע""מ",IL,שוופס מוגז עדין תפוח,קילוגרמים,1.50,ליטר,false,,8.50,5.6667,true,1,59047
7290019056065,false,שוופס מוגז עדין פירות יער 1.5 ליטר פיקדון,"יפאורה תבורי בע""מ",IL,שוופס מוגז עדין פירו,קילוגרמים,1.50,ליטר,false,,8.50,5.6667,true,1,59048
7290019056072,false,שוופס מוגז עדין אננס 1.5 ליטר פיקדון,"יפאורה תבורי בע""מ",IL,שוופס מוגז עדין אננס,קילוגרמים,1.50,ליטר,false,,8.50,5.6667,true,1,59049
7290019056089,false,שוופס מוגז עדין ענבי ריזלינג 1.5 ליטר פיקדון,"יפאורה תבורי בע""מ",IL,שוופס מוגז עדין ריזל,קילוגרמים,1.50,ליטר,false,,8.50,5.6667,true,1,59050
7290019056096,false,שוופס מוגז עדין אפרסק 1.5 ליטר פיקדון,"יפאורה תבורי בע""מ",IL,שוופס מוגז עדין אפרס,קילוגרמים,1.50,ליטר,false,,8.50,5.6667,true,1,59051
7290019056164,false,שוופס סודה 1.5 ליטר רביעייה פיקדון,"יפאורה תבורי בע""מ",IL,מארז שוופס סודה 4* 1,קילוגרמים,6.00,ליטר,false,,10.90,1.8167,true,1,59041
7290019056171,false,שוופס סודה לימון 1.5 ליטר רביעייה פיקדון,"יפאורה תבורי בע""מ",IL,מארז שוופס סודה לימו,קילוגרמים,6.00,ליטר,false,,10.90,1.8167,true,1,59042
7290019056188,false,שוופס סודה נענע ליים 1.5 ליטר רביעייה פיקדון,"יפאורה תבורי בע""מ",IL,מארז שוופס סודה נענע,קילוגרמים,6.00,ליטר,false,,10.90,1.8167,true,1,59043
7290019056201,false,שוופס סודה פירות יער 1.5 ליטר רביעייה פיקדון,"יפאורה תבורי בע""מ",IL,מארז שוופס סודה פירו,קילוגרמים,6.00,ליטר,false,,10.90,1.8167,true,1,59046
7290019056232,false,משקה מוגז בטעם ליים מוחיטו 1.5 ל' שוופס,"יפאורה תבורי בע""מ",IL,שוופס מוחיטו ליים נע,קילוגרמים,1.50,ליטר,false,,8.90,5.9333,true,1,59052
7290019056249,false,שוופס מים בטעמים ענבים 1.5 ליטר פיקדון,"יפאורה תבורי בע""מ",IL,שוופס מים בטעם ענבים,קילוגרמים,1.50,ליטר,false,,7.80,5.2000,true,1,59036
7290019056256,false,שוופס מים בטעמים תפוחים 1.5 ליטר פיקדון,"יפאורה תבורי בע""מ",IL,שוופס מים בטעם תפוח,קילוגרמים,1.50,ליטר,false,,7.80,5.2000,true,1,59038
7290019056263,false,שוופס מים בטעמים אפרסק 1.5 ליטר פיקדון,"יפאורה תבורי בע""מ",IL,שוופס מים בטעם אפרסק,קילוגרמים,1.50,ליטר,false,,7.80,5.2000,true,1,59039
7290019056270,false,שוופס מים בטעמים פירות יער 1.5 ליטר פיקדון,"יפאורה תבורי בע""מ",IL,שוופס מים בטעם פירות,קילוגרמים,1.50,ליטר,false,,7.80,5.2000,true,1,59040
7290019056300,false,משקה בטעם ביטר לימון 1.5 ל' שוויפס,"יפאורה תבורי בע""מ",IL,שוופס ביטר 1.5 ליטר,קילוגרמים,1.50,ליטר,false,,11.90,7.9333,true,1,59071
7290019056317,false,שוופס ראשן 1.5 ליטר פיקדון,"יפאורה תבורי בע""מ",IL,שוופס ראשן 1.5 ליטר,קילוגרמים,1.50,ליטר,false,,11.90,7.9333,true,1,59072
7290019056324,false,שוופס טוניק 1.5 ליטר פיקדון,"יפאורה תבורי בע""מ",IL,שוופס טוניק 1.5 ליטר,קילוגרמים,1.50,ליטר,false,,11.90,7.9333,true,1,59073
7290019056331,false,שוופס טוניק ללא סוכר 1.5 ליטר פיקדון,"יפאורה תבורי בע""מ",IL,שוופס טוניק ללא סוכר,קילוגרמים,1.50,ליטר,false,,11.90,7.9333,true,1,59074
7290019056355,false,משקה בטעם לימונענע עם חתיכות פרי,"יפאורה תבורי בע""מ",IL,תפוזינה לימונענע 1.5,קילוגרמים,1.50,ליטר,false,,7.90,5.2667,true,1,59018
7290019056362,false,תפוזינה ענבים 1.5 ליטר פיקדון,"יפאורה תבורי בע""מ",IL,תפוזינה ענבים 1.5 לי,קילוגרמים,1.50,ליטר,false,,7.90,5.2667,true,1,59020
7290019056379,false,תפוזינה תפוזים 1.5 ליטר פיקדון,"יפאורה תבורי בע""מ",IL,תפוזינה תפוזים 1.5 ל,קילוגרמים,1.50,ליטר,false,,7.90,5.2667,true,1,59021
7290019056386,false,פתוזינה אשכולית 1.5 ליטר פיקדון,"יפאורה תבורי בע""מ",IL,תפוזינה אשכוליות 1.5,קילוגרמים,1.50,ליטר,false,,7.90,5.2667,true,1,59022
7290019056393,false,תפוזינה תות בננה 1.5 ליטר פיקדון,"יפאורה תבורי בע""מ",IL,תפוזינה תות בננה 1.5,קילוגרמים,1.50,ליטר,false,,7.90,5.2667,true,1,59023
7290019056409,false,תפוזינה מנגו 1.5 ליטר פיקדון,"יפאורה תבורי בע""מ",IL,תפוזינה מנגו 1.5 ליט,קילוגרמים,1.50,ליטר,false,,7.90,5.2667,true,1,59024
7290019056423,false,מיץ בטעם תפוח רענן 1.5ל' תפוזינה,"יפאורה תבורי בע""מ",IL,תפוזינה תפוחים 1.5 ל,קילוגרמים,1.50,ליטר,false,,7.90,5.2667,true,1,59026
7290019056430,false,תפוזינה תפוזים לייט 1.5 ליטר פיקדון,"יפאורה תבורי בע""מ",IL,תפוזינה תפוזים לייט,קילוגרמים,1.50,ליטר,false,,7.90,5.2667,true,1,59027
7290019056461,false,מארז משקה בטעם קולה שישייה * 1.5 ל' אר.סי,"יפאורה תבורי בע""מ",IL,מארז אר.סי קולה 6 *1,קילוגרמים,9.00,ליטר,false,,37.90,4.2111,true,1,59084
7290019056478,false,ספרינג טי קר אפרסק 1.5ליטר פיקדון,"יפאורה תבורי בע""מ",IL,ספרינג תה אפרסק 1.5,קילוגרמים,1.50,ליטר,false,,7.20,4.8000,true,1,59029
7290019056485,false,ספריג תה ירוק לימון לואיזה 1.5 ליטר פיקדון,"יפאורה תבורי בע""מ",IL,ספרינג תה ירוק לימון,קילוגרמים,1.50,ליטר,false,,7.20,4.8000,true,1,59030
7290019056492,false,ספרינג תה מנגו אפרסק 1.5 ליטר פיקדון,"יפאורה תבורי בע""מ",IL,ספרינג תה מנגו אפרסק,קילוגרמים,1.50,ליטר,false,,7.20,4.8000,true,1,59031
7290019056508,false,פרוט ווטר ענבים 1.5 ליטר פיקדון,"יפאורה תבורי בע""מ",IL,פרוט ווטר בטעם ענבים,קילוגרמים,1.50,ליטר,false,,8.90,5.9333,true,1,59033
7290019056515,false,פרוט ווטר אננס 1.5 ליטר פיקדון,"יפאורה תבורי בע""מ",IL,פרוט ווטר בטעם אננס,קילוגרמים,1.50,ליטר,false,,8.90,5.9333,true,1,59034
7290019056522,false,פרוט ווטר תות 1.5 ליטר פיקדון,"יפאורה תבורי בע""מ",IL,פרוט ווטר בטעם תות 1,קילוגרמים,1.50,ליטר,false,,8.90,5.9333,true,1,59035
7290019056539,false,פרוט ווטר אפרסק 1.5 ליטר פיקדון,"יפאורה תבורי בע""מ",IL,פרוט ווטר בטעם אפרסק,קילוגרמים,1.50,ליטר,false,,8.90,5.9333,true,1,59037
7290019056546,false,פרוט ווטר אבטיח 1.5 ליטר פיקדון,"יפאורה תבורי בע""מ",IL,פרוט ווטר בטעם אבטיח,קילוגרמים,1.50,ליטר,false,,8.90,5.9333,true,1,59217
7290019056553,false,עין גדי מים מינרלים 2 ליטר*6 יח',עין גדי מים מינרליים,IL,מים עין גדי 6*2 ליטר,קילוגרמים,12.00,ליטר,false,,12.90,1.0750,true,1,59087
7290019056577,false,ספרינג מנגו 1.5 ליטר פיקדון,"יפאורה תבורי בע""מ",IL,ספרינג מנגו 1.5 ליטר,קילוגרמים,1.50,ליטר,false,,7.90,5.2667,true,1,58995
7290019056584,false,ספרינג תפוזים 1.5 ליטר פיקדון,"יפאורה תבורי בע""מ",IL,ספרינג תפוזים 1.5 לי,קילוגרמים,1.50,ליטר,false,,7.90,5.2667,true,1,59005
7290019056591,false,ספרינג ענבים 1.5 ליטר פיקדון,"יפאורה תבורי בע""מ",IL,ספרינג ענבים 1.5 ליט,קילוגרמים,1.50,ליטר,false,,7.90,5.2667,true,1,59006
7290019056607,false,ספרינג תפוחים 1.5 ליטר פיקדון,"יפאורה תבורי בע""מ",IL,ספרינג מיץ תפוחים 1.,קילוגרמים,1.50,ליטר,false,,7.90,5.2667,true,1,59007
7290019056614,false,ספרינג אפרסק 1.5 ליטר פיקדון,"יפאורה תבורי בע""מ",IL,ספרינג אפרסק 1.5 ליט,קילוגרמים,1.50,ליטר,false,,7.90,5.2667,true,1,59008
7290019056621,false,ספרינג פירות טרופיים 1.5 ליטר פיקדון,"יפאורה תבורי בע""מ",IL,ספרינג פירות טרופיים,קילוגרמים,1.50,ליטר,false,,7.90,5.2667,true,1,59009
7290019056638,false,ספרינג תות בננה 1.5 ליטר פיקדון,"יפאורה תבורי בע""מ",IL,ספרינג תות-בננה 1.5,קילוגרמים,1.50,ליטר,false,,7.90,5.2667,true,1,59010
7290019056645,false,ספרחנג אגס תפוח סברס 1.5 ליטר פיקדון,"יפאורה תבורי בע""מ",IL,ספרינג אגס סברס תפוח,קילוגרמים,1.50,ליטר,false,,7.90,5.2667,true,1,59011
7290019056652,false,ספרינג אננס בננה 1.5 ליטר פיקדון,"יפאורה תבורי בע""מ",IL,ספרינג אננס בננה 1.5,קילוגרמים,1.50,ליטר,false,,7.90,5.2667,true,1,59012
7290019056669,false,ספרינג תפוחים גיאט 1.5 ליטר פיקדון,"יפאורה תבורי בע""מ",IL,ספרינג תפוחים לייט 1,קילוגרמים,1.50,ליטר,false,,7.90,5.2667,true,1,59013
7290019056676,false,מיץ דיאט בטעם אשכוליות ואננס 1.5ל' ספרינג,"יפאורה תבורי בע""מ",IL,ספרינג אשכוליות אננס,קילוגרמים,1.50,ליטר,false,,7.90,5.2667,true,1,59015
7290019056720,false,קריסטל מיץ ענבים 2 ליטר פיקדון,יפאורה תבורי,IL,קריסטל ענבים 2 ליטר,קילוגרמים,2.00,ליטר,false,,6.90,3.4500,true,1,59075
7290019056737,false,מיץ בטעם אשכוליות 2 ל' קריסטל,יפאורה תבורי,IL,קריסטל אשכוליות 2 לי,קילוגרמים,2.00,ליטר,false,,6.90,3.4500,true,1,59076
7290019056744,false,קריסטל מיץ תפוזים 2 ליטר פיקדון,יפאורה תבורי,IL,קריסטל תפוזים 2 ליטר,קילוגרמים,2.00,ליטר,false,,6.90,3.4500,true,1,59077
7290019056751,false,קריסטל מיץ אשכוליות דיאט 2 ליטר פיקדון,יפאורה תבורי,IL,קריסטל אשכוליות דיאט,קילוגרמים,2.00,ליטר,false,,6.90,3.4500,true,1,59078
7290019056768,false,קריסטל מיץ מנגו 2 ליטר פיקדון,יפאורה תבורי,IL,קריסטל מנגו 2 ליטר,קילוגרמים,2.00,ליטר,false,,6.90,3.4500,true,1,59079
7290019056775,false,קריסטל מוגז ענבים 2 ליטר פיקדון,יפאורה תבורי,IL,קריסטל ענבים מוגז 2,קילוגרמים,2.00,ליטר,false,,6.90,3.4500,true,1,59080
7290019056782,false,משקה מוגז בטעם לימון ליים 2 ל' קריסטל,יפאורה תבורי,IL,קריסטל למון ליים 2 ל,קילוגרמים,2.00,ליטר,false,,6.90,3.4500,true,1,59081
7290019056799,false,קריסטל מוגז אקזוטי 2 ליטר פיקדון,יפאורה תבורי,IL,קריסטל אקזוטי מוגז 2,קילוגרמים,2.00,ליטר,false,,6.90,3.4500,true,1,59082
7290019056805,false,קריסטל מוגז תפוחים 2 ליטר פיקדון,יפאורה תבורי,IL,קריסטל תפוע מוגז 2 ל,קילוגרמים,2.00,ליטר,false,,6.90,3.4500,true,1,59083
7290019056812,false,קריסטל מוגז מנטה 2 ליטר פיקדון,יפאורה תבורי,IL,קריסטל מנטה 2 ליטר,קילוגרמים,2.00,ליטר,false,,6.90,3.4500,true,1,59085
7290019056836,false,קריסטל מוגז תות 2 ליטר פיקדון,יפאורה תבורי,IL,קריסטל תות מוגז 2 לי,קילוגרמים,2.00,ליטר,false,,6.90,3.4500,true,1,59086
7290019056850,false,ספרינג תה אפרסק דיאט 1.5 ליטר פיקדון,"יפאורה תבורי בע""מ",IL,ספרינג תה דיאט אפרסק,קילוגרמים,1.50,ליטר,false,,7.20,4.8000,true,1,59032
7290019056973,false,מי עדן 1.5 ליטר שישייה פיקדון,מופק ממקור בזלתי עדן,IL,מים מי עדן 6*1.5 ליט,קילוגרמים,9.00,ליטר,false,,12.90,1.4333,true,1,59088
7290019074359,false,תחליב רחצה עדין שמן,פישר מעבדות פרמצבטיו,IL,תחליב רחצה עדין שמן,מיליליטרים,700.00,"100 מ""ל",false,,14.90,0.0213,true,1,64674
7290019074557,false,תחליב רחצה עדין שמן,פישר מעבדות פרמצבטיו,IL,תחליב רחצה עדין שמן,מיליליטרים,700.00,"100 מ""ל",false,,14.90,0.0213,true,1,64675
7290019074755,false,תחליב רחצה עדין שמן,פישר מעבדות פרמצבטיו,IL,תחליב רחצה עדין שמן,מיליליטרים,700.00,"100 מ""ל",false,,14.90,0.0213,true,1,64676
7290019075400,false,תחליב רחצה עדין שיבו,פישר מעבדות פרמצבטיו,IL,תחליב רחצה עדין שיבו,מיליליטרים,700.00,"100 מ""ל",false,,14.90,0.0213,true,1,64677
7290019075608,false,תחליב רחצה אפקטיב קר,פישר מעבדות פרמצבטיו,IL,תחליב רחצה עדין תה י,מיליליטרים,700.00,"100 מ""ל",false,,14.90,0.0213,true,1,64678
7290019145264,false,"ארק סאלי 700 מ""ל",,IL,"ארק סאלי 700 מ""ל",מיליליטרים,700.00,"100 מ""ל",false,,43.90,0.0627,true,1,60070
7290019145462,false,"ארק סאלי אננס 750 מ""",,IL,"ארק סאלי אננס 750 מ""",מיליליטרים,750.00,"100 מ""ל",false,,29.90,0.0399,true,1,60071
7290019145639,false,משקה קיקאופ בטעם לימ,פיירוואטר,IL,משקה קיקאופ בטעם לימ,מיליליטרים,330.00,"100 מ""ל",false,,2.90,0.0088,true,1,63379
7290019153023,false,מארז קולה ללא סוכר רביעייה *1.5 ל' אר.סי,יפאורה תבורי,IL,אר סי קולה ללא סוכר,קילוגרמים,6.00,ליטר,false,,24.90,4.1500,true,1,60565
7290019153078,false,"שוופס ביטר למון לייט, 1.5 ליטר פקדון","יפאורה תבורי בע""מ",IL,שוופס ביטר למון לייט,קילוגרמים,1.50,ליטר,false,,11.90,7.9333,true,1,60563
7290019153085,false,"שוופס ללא סוכר מוחיטו, 1.5 ליטר פקדון","יפאורה תבורי בע""מ",IL,שוופס מוחיטו מוגז לל,קילוגרמים,1.50,ליטר,false,,8.20,5.4667,true,1,60564
7290019153252,false,שוופס סודה תפוח 1.5 ליטר רביעייה פיקדון,"יפאורה תבורי בע""מ",IL,מארז שוופס סודה תפוח,קילוגרמים,6.00,ליטר,false,,10.90,1.8167,true,1,61868
7290019153269,false,שוופס סודה אננס 1.5 ליטר רביעייה פיקדון,"יפאורה תבורי בע""מ",IL,מארז שוופס סודה אננס,קילוגרמים,6.00,ליטר,false,,10.90,1.8167,true,1,61869
7290019153344,false,מיץ בטעם סנגרייה 1.5 ל' תפוזינה,"יפאורה תבורי בע""מ",IL,תפוזינה סנגרייה 1.5,קילוגרמים,1.50,ליטר,false,,7.90,5.2667,true,1,62144
7290019153351,false,מיץ בטעם פינק אוזו 1.5 ל' תפוזינה,"יפאורה תבורי בע""מ",IL,תפוזינה פינק אוזו 1.,קילוגרמים,1.50,ליטר,false,,7.90,5.2667,true,1,62145
7290019153375,false,מיץ בטעם מוחיטו 1.5 ל' תפוזינה,"יפאורה תבורי בע""מ",IL,תפוזינה מוחיטו 1.5 ל,קילוגרמים,1.50,ליטר,false,,7.90,5.2667,true,1,62146
7290019153535,false,"רביעייה שוופס מוגז פירות למונייד ללא סוכר 330 ש""ח",יפאורה תבורי,IL,מארז שוופס מוגז פירו,קילוגרמים,1.32,ליטר,false,,11.90,9.0152,true,1,62861
7290019153566,false,ספרינג רימון אוכמניות דובדבן 1.5 ליטר,יפאורה תבורי,IL,ספרינג רימון אוכמניו,קילוגרמים,1.50,ליטר,false,,7.90,5.2667,true,1,63198
7290019230007,false,חלה קמח כוסמין ספיישל בייקרי,ספיישל בייקרי,IL,חלה כוסמין 500 גרם,גרמים,500.00,100 גרם,false,,15.90,0.0318,true,1,59318
7290019230021,false,חלה גדולה ספיישל ביקרי,ספיישל בייקרי,IL,חלה חצי מתוקה 500 גר,גרמים,500.00,100 גרם,false,,12.90,0.0258,true,1,59315
7290019230038,false,חלה קטנה ספיישל בייקרי,ספיישל בייקרי,IL,חלה קטנה מתוקה 250 ג,גרמים,250.00,100 גרם,false,,6.90,0.0276,true,1,59316
7290019230045,false,חלה מתוקה אמריקאית 4,ספיישל בייקרי,IL,חלה מתוקה אמריקאית 4,גרמים,450.00,100 גרם,false,,14.90,0.0331,true,1,63536
7290019230694,false,חלה אמריקאית 450 גרם,ספיישל בייקרי,IL,חלה אמריקאית 450 גרם,גרמים,450.00,100 גרם,false,,14.90,0.0331,true,1,63537
7290019232148,false,חליטת חמדת השקד הגן,ויסוצקי,IL,חליטת חמדת השקד הגן,Unknown,0.00,יחידה,false,,19.90,0.0000,true,1,60936
7290019232155,false,"חליטת ""לילה טוב"" קמומיל לבנדר ו25 שקיקים ויסוצקי",ויסוצקי,IL,חליטת קמומיל ולבנדר,Unknown,0.00,יחידה,false,,19.90,0.0000,true,1,64072
7290019232162,false,"חליטת ""לילה טוב"" קמומיל מליסה 25 שקיקים ויסוצקי",ויסוצקי,IL,חליטת קמומיל ומליסה,Unknown,0.00,יחידה,false,,19.90,0.0000,true,1,64073
7290019232179,false,תה ירוק נענע STAY WELL שקיקים 25 ויסוצקי,ויסוצקי,IL,תה ירוק נענע עם ויטמ,Unknown,0.00,יחידה,false,,19.90,0.0000,true,1,64069
7290019232186,false,תה ירוק לימונית לואיזהSTAY WELL 25 שקיקים ויסוצקי,ויסוצקי,IL,תה ירוק לימונית לואי,Unknown,0.00,יחידה,false,,19.90,0.0000,true,1,64070
7290019232193,false,תה ירוק לימונית ג'ינג'ר STAY WELL שקיקים 25 ויסוצקי,ויסוצקי,IL,תה ירוק לימונית ג'ינ,Unknown,0.00,יחידה,false,,19.90,0.0000,true,1,64071
7290019232353,false,תה ירוק סיני 50 שקיקים ויסוצקי,ויסוצקי,IL,תה ירוק סיני קלאסי ו,גרמים,75.00,100 גרם,false,,34.90,0.4653,true,1,63581
7290019245001,false,שמן קנולה אלומות 1 ל,סקנולה,EE,שמן קנולה אלומות 1 ל,קילוגרמים,1.00,ליטר,false,,8.90,8.9000,true,1,61790
7290019297161,false,טורטיות ראפ מקמח תירס 540 ג' 12 יח',,TR,טורטיות קמח חיטה ותי,גרמים,450.00,100 גרם,false,,9.90,0.0220,true,1,16174
7290019297192,false,חטיף גרנולה עם שקדים ושוקולד 175 ג',,MK,חטיפי גרנולה עם שקדי,גרמים,175.00,100 גרם,false,,9.90,0.0566,true,1,12301
7290019297208,false,חטיף גרנולה עם פירות יבשים 175 ג',,MK,חטיפי גרנולה עם פירו,גרמים,175.00,100 גרם,false,,9.90,0.0566,true,1,12302
7290019297383,false,מעדן משמש ללא סוכר שקדיה 284 ג',,CN,מעדן משמש שקדיה 284,גרמים,284.00,100 גרם,false,,9.90,0.0349,true,1,13820
7290019297420,false,מעדן תות שדה ללא סוכר שקדיה 284 ג',,CN,מעדן תות שקדיה 284 ג,גרמים,284.00,100 גרם,false,,9.90,0.0349,true,1,13823
7290019297451,false,מי ורדים שקדיה 500 מ,אף.סי תבליני בגליל ב,BE,"מי ורדים 500 מ""ל",מיליליטרים,500.00,"100 מ""ל",false,,13.90,0.0278,true,1,12379
7290019297505,false,רוטב רימונים שקדיה 700 ג',דין שיווק,TR,רוטב רימונים שקדיה 7,מיליליטרים,700.00,"100 מ""ל",false,,19.90,0.0284,true,1,12304
7290019297796,false,עלי גפן ממולאים באור,,,עלי גפן ממולאים באור,גרמים,400.00,100 גרם,false,,8.90,0.0223,true,1,25565
7290019302315,false,"באזז אבטיח מלון 750 מ""ל",יקבי כרמל,IL,יין באז אבטיח מלון מ,מיליליטרים,750.00,"100 מ""ל",false,,26.90,0.0359,true,1,62124
7290019302490,false,יין דרום אדום יבש,יקבי כרמל,IL,יין דרום אדום יבש,מיליליטרים,750.00,"100 מ""ל",false,,79.90,0.1065,true,1,63463
7290019302551,false,מיץ ענבים תירוש אדום,יקבי כרמל,IL,מיץ ענבים תירוש אדום,קילוגרמים,1.00,ליטר,false,,11.90,11.9000,true,1,63186
7290019308034,false,פילה ברבוניה פרוסטי,רהואיאן,MA,פילה ברבוניה פרוסטי,גרמים,300.00,100 גרם,false,,9.90,0.0330,true,1,64468
7290019308126,false,פולי סויה אדממה פרוס,ווליאן פוליד פודס,CN,פולי סויה אדממה פרוס,גרמים,400.00,100 גרם,false,,6.90,0.0173,true,1,63564
7290019308157,false,קוביות מנגו קפוא פרו,גרין האוס,EG,קוביות מנגו קפוא פרו,גרמים,300.00,100 גרם,false,,5.90,0.0197,true,1,64091
7290019308188,false,ציפס קלאסי בסט צ'יפס,גרין האוס,EG,ציפס קלאסי בסט צ'יפס,פריט,1.50,"ק""ג",false,,16.90,11.2667,true,1,63699
7290019550464,false,יין האגם הצפוני קברנ,יקב בראשית,IL,יין האגם הצפוני קברנ,מיליליטרים,750.00,"100 מ""ל",false,,99.90,0.1332,true,1,60630
7290055090702,false,איגלו שלוקים בטעמי פטל לימון וענבים,מנדלז סי.אר. פרודקשן,IL,איגלו כרמית 60 יח,קילוגרמים,1.74,ליטר,false,,11.90,6.8391,true,1,7673
7290055090849,false,מרשמלו כרמית 500 גרם,כרמית,IL,מרשמלו כרמית 500 גרם,גרמים,500.00,100 גרם,false,,11.90,0.0238,true,1,8334
7290100653586,false,"דאו' ליידי ספיד סטיק 24/7 ג'ל ורוד 50מ""ל",ליידי ספיד סטיק Lady Speed Stick,US,דאו גל ליידי ספיד סט,Unknown,0.00,יחידה,false,,18.90,0.0000,true,1,8203
7290100680711,false,פירורית זהב אסם זהב 350ג',עינת תעשיות מזון,IL,פירורית זהב אסם 350,גרמים,350.00,100 גרם,false,,7.90,0.0226,true,1,1979
7290100681015,false,פודינג אינסטנט ריבת חלב 84 ג' אסם,מיוצר עי קונדיטוריית,IL,פודינג אינסטנט ריבת,גרמים,84.00,100 גרם,false,,4.90,0.0583,true,1,1981
7290100685136,false,"מרק בטעם עוף 1 ק""ג אסם","אסם השקעות בע""מ",IL,מרק בטעם עוף אסם 1 ק,פריט,1.00,"ק""ג",false,,12.90,12.9000,true,1,1991
7290100685334,false,אבקת מרק עוף אמיתי ר.טבעיים 400ג' אסם,"אסם השקעות בע""מ",IL,מרק עוף אמיתי ר.טבעי,גרמים,400.00,100 גרם,false,,19.90,0.0497,true,1,26427
7290100685341,false,מרק בטעם עוף זך רכיבים טבעיים 400 ג' אסם,"אסם השקעות בע""מ",IL,מרק בטעם עוף זך ר. ט,גרמים,400.00,100 גרם,false,,14.90,0.0373,true,1,1992
7290100687109,false,במבה במילוי קרם נוגט 60ג' אסם,"אסם השקעות בע""מ",IL,במבה נוגט 60 גרם,גרמים,60.00,100 גרם,false,,4.50,0.0750,true,1,1996
7290100688618,false,גביעי גלידה ממותקים בטעם שוקו 24 יח',גילרו,IL,גביעי גלידה בטעם שוק,גרמים,160.00,100 גרם,false,,11.90,0.0744,true,1,6166
7290100700396,false,"סוגת אורז יסמין קלאסי 1 ק""ג",האי נאם סי או אל.טי.,IL,"אורז יסמין סוגת 1 ק""",פריט,1.00,"ק""ג",false,,9.90,9.9000,true,1,4818
7290100702741,false,"סוכר חום בהיר בצנצנת 1 ק""ג סוגת",סוגת,IL,סוכר חום בהיר סוגת 1,פריט,1.00,"ק""ג",false,,9.90,9.9000,true,1,10589
7290100850909,false,דוריטוס בטעם נאצ'ו מקסיקני,שטראוס פריטו ליי בע,IL,דוריטוס נאצו מקסיקני,גרמים,70.00,100 גרם,false,,3.20,0.0457,true,1,2001
7290100850916,false,דוריטוס חטיף חמוץ חריף 70 ג',"שטראוס פריטו ליי בע""",IL,דוריטוס חמוץ חריף 70,גרמים,70.00,100 גרם,false,,3.20,0.0457,true,1,2002
7290100850923,false,דוריטוס גריל 70 גרם,שטראוס פריטו ליי בע,IL,דוריטוס גריל 70 גרם,גרמים,70.00,100 גרם,false,,3.20,0.0457,true,1,2003
7290100850930,false,דוריטוס דיפ טבעי 70ג,שטראוס פריטו ליי בע,IL,דוריטוס טבעי 70 גרם,גרמים,70.00,100 גרם,false,,3.20,0.0457,true,1,2004
7290100858608,false,אבקת קקאו עלית שקית 500 ג',שטראוס גרופ,IL,קקאו עלית 500 גרם,גרמים,500.00,100 גרם,false,,23.90,0.0478,true,1,2010
7290101110811,false,גלידל שלגון בטעם וניל מצופה סורבה פסיפלורה - 8 יח',הגלידות של פלדמן,IL,מאגדת גלידל שלגון ב,גרמים,400.00,100 גרם,false,,28.90,0.0722,true,1,63972
7290101112228,false,גלידל פרי קרחון מופחת קלוריות בטעם אננס - 8 יח',הגלידות של פלדמן,IL,מאגדת גלידל פרי אננס,גרמים,640.00,100 גרם,false,,21.90,0.0342,true,1,51367
7290101112921,false,גלידל פרי קרחון מופחת קלוריות פירות טרופיים - 8 יח',הגלידות של פלדמן,IL,מאגדת גלידל פרי פירו,גרמים,640.00,100 גרם,false,,21.90,0.0342,true,1,51375
7290101113409,false,גלידה יופלה פריזי יוגורט תות מאגדת 400 ג',הגלידות של פלדמן,IL,מאגדת יופלה יוגורט ת,גרמים,350.00,100 גרם,false,,19.90,0.0569,true,1,51363
7290101113447,false,עשירייה גלידל מיני קסטה בטעמי שוקו ווניל 270 ג' פלדמן,הגלידות של פלדמן,IL,מאגדת גלידל מיני סנד,גרמים,270.00,100 גרם,false,,28.90,0.1070,true,1,63967
7290101113454,false,גלידל יוגורט אפרסק 400 ג',הגלידות של פלדמן,IL,מאגדת גלידל שלגון י,גרמים,480.00,100 גרם,false,,28.90,0.0602,true,1,63973
7290101113584,false,מאגדת טילונים שוקולד לבן עם ליבת שוקולד 400 ג',הגלידות של פלדמן,IL,טילוני יולו לבן עם ל,גרמים,400.00,100 גרם,false,,19.90,0.0497,true,1,56950
7290101113591,false,טילוני יולו גלידת שוקולד לבן עם שברי עוגיות,הגלידות של פלדמן,IL,טילוני יולו לבן עם ע,גרמים,400.00,100 גרם,false,,19.90,0.0497,true,1,56948
7290101113751,false,מאגדת שלגון קרמל ושוקולד בלונדי רביעיה * 50 ג' יולו,הגלידות של פלדמן,IL,מאגדת שלגוני יולו בל,גרמים,200.00,100 גרם,false,,18.90,0.0945,true,1,63960
7290101113768,false,מאגדת שלגון עוגיות ושוקולד חלב רביעיה * 50 ג' יולו,הגלידות של פלדמן,IL,מאגדת שלגוני יולו שו,גרמים,200.00,100 גרם,false,,18.90,0.0945,true,1,63974
7290101113805,false,מאגדת קרחון שייק פרי תות 70% פרי 5*70 ג' יופלה,הגלידות של פלדמן,IL,מאגדת יופלה שרבט תות,גרמים,350.00,100 גרם,false,,19.90,0.0569,true,1,63963
7290101113812,false,מאגדת שייק פרי אננס קוקוס 5*70 ג' יופלה,הגלידות של פלדמן,IL,מאגדת יופלה שרבט אננ,גרמים,350.00,100 גרם,false,,19.90,0.0569,true,1,63964
7290101113829,false,מאגדת קרחון שייק פרי מנגו 70% פרי 5*70 ג' יופלה,הגלידות של פלדמן,IL,מאגדת יופלה שרבט מנג,גרמים,350.00,100 גרם,false,,19.90,0.0569,true,1,63965
7290101488286,false,"ליידי ספיד סטיק - דאודורנט ספריי לאישה 24/7 פרש פיוזן ורוד 150 מ""ל",ליידי ספיד סטיק Lady Speed Stick,RU,דאו ספריי ליידי ספיד,מיליליטרים,150.00,"100 מ""ל",false,,13.90,0.0927,true,1,5697
7290101488323,false,ליידי ספיד סטיק - דאודורנט סטיק לאישה ללא סימן ירוק סטיק 65 גרם,ליידי ספיד סטיק Lady Speed Stick,BY,דאו ליידי ספיד סטיק,Unknown,0.00,יחידה,false,,18.90,0.0000,true,1,5701
7290101501138,false,כרובית ארוזה יח,אראל תוצרת חקלאית בע,IL,כרובית ארוזה,Unknown,0.00,יחידה,false,,9.90,0.0000,true,1,22855
7290101551027,false,קפסולות קפה אספרסו חזק במיוחד 14 עלית 10 יח',הנסיך- מפעל לייצור ט,IL,קפסולות עלית 14 חזק,Unknown,0.00,יחידה,false,,15.50,0.0000,true,1,42459
7290101551263,false,סילאן טבעי ללא תוספת סוכר,"פוליבה בע""מ",IL,סילאן טבעי יד מרדכי,גרמים,700.00,100 גרם,false,,19.90,0.0284,true,1,46994
7290101551539,false,יוגורט PRO בטעם אפרסק 0% 20 גרם חלבון בגביע,דנונה - שטראוס,IL,דנונה פרו אפרסק 0% 2,גרמים,200.00,100 גרם,false,,5.90,0.0295,true,1,37938
7290101551577,false,קוואקר שיבות שועל פחית מארז 2*500 גר',קואקר אוטס,GB,שיבולת שועל קוואקר 2,פריט,1.00,"ק""ג",false,,19.90,19.9000,true,1,37630
7290101551584,false,תפוצ'יפס קידס מארז 10 יח' * 20 ג',"שטראוס פריטו ליי בע""",IL,מארז תפוציפס קידס 10,גרמים,200.00,100 גרם,false,,12.90,0.0645,true,1,39247
7290101554233,false,מארז ציטוס כאפה 16*2,שטראוס,IL,מארז ציטוס כאפה 16*2,גרמים,320.00,100 גרם,false,,17.90,0.0559,true,1,37351
7290101863410,false,"סיליט ניקוי עוצמתי מכיל אקונומיקה 750 מ""ל",סיליט באנג Cillit Bang,PL,תרסיס סיליט באנג עם,מיליליטרים,750.00,"100 מ""ל",false,,12.50,0.0167,true,1,18547
7290101865216,false,"אבקת קולון 9 ק""ג",זוהר דליה,IL,"אבקת קולון 9 ק""ג",פריט,9.00,"ק""ג",false,,59.90,6.6556,true,1,5106
7290101865261,false,"פיניש נוזל הברקה 800 מ""ל",רקיט בנקיזר,PL,נוזל הברקה פיניש 800,מיליליטרים,800.00,"100 מ""ל",false,,19.90,0.0249,true,1,5382
7290101866633,false,ווניש קליה ג`ל להסרת כתמים 3 ל',קליה וניש Kalia Vanish,IL,גל וניש קליה 3 ליטר,קילוגרמים,3.00,ליטר,false,,28.90,9.6333,true,1,5691
7290101866787,false,מסיר כתמים ומלבין לכביסה לבנה 3 ל וניש קליה,קליה וניש Kalia Vanish,PL,גל וניש קליה כביסה ל,קילוגרמים,3.00,ליטר,false,,28.90,9.6333,true,1,10022
7290101867388,true,אבקת קולון 10 קג,זוהר דליה,,"אבקת כביסה קולון 10 ק""ג",קילוגרמים,10.00,ליטר,false,1,59.90,5.9900,true,1,6278
7290101867623,false,תרסיס וינדולין חלונו,,,תרסיס וינדולין חלונו,קילוגרמים,2.25,ליטר,false,,24.90,11.0667,true,1,6529
7290101868460,false,"אבקת כביסה 101 8 ק""ג קולון",רקיט בנקיזר,IL,אבקת קולון 8 קג,פריט,8.00,"ק""ג",false,,54.90,6.8625,true,1,30470
7290101868958,false,"פיניש נוזל הברקה למדיח בניחוח לימון 500 מ""ל",רקיט בנקיזר,PL,נוזל הברקה פיניש לימ,מיליליטרים,800.00,"100 מ""ל",false,,19.90,0.0249,true,1,14190
7290101869726,false,ג'ל מרוכז למדיח פיניש all in one max,רקיט בנקיזר,PL,גל למדיח פיניש 1 ליט,קילוגרמים,1.00,ליטר,false,,42.50,42.5000,true,1,14754
7290101869733,false,ג'ל למדיח פיניש לימון,רקיט בנקיזר,PL,גל למדיח פיניש לימון,קילוגרמים,1.00,ליטר,false,,42.50,42.5000,true,1,14755
7290101869740,false,פרשמטיק קומפליט חטאים,רקיט בנקיזר,PL,אירוויק מבשם אוויר +,Unknown,0.00,יחידה,false,,37.90,0.0000,true,1,26787
7290101869757,false,מבשם אויר מכשיר אוטמטי חלום אואזיס,רקיט בנקיזר,PL,מבשם אוטומטי אירוויק,Unknown,0.00,יחידה,false,,37.90,0.0000,true,1,22265
7290101869764,false,אירוויק מבשם אוויר מכשיר אוטומטי חלום ליל קיץ,רקיט בנקיזר,PL,מבשם אוטומטי אירוויק,Unknown,0.00,יחידה,false,,37.90,0.0000,true,1,22264
7290101869801,false,איירוויק מכשיר מבשם חשמלי אואזיס,רקיט בנקיזר,GB,מטהר חשמלי אירוויק +,Unknown,0.00,יחידה,false,,25.90,0.0000,true,1,50653
7290101869818,false,אירוויק מכשיר חשמלי מבשם חלום ליל קיץ,איירוויק Air Wick,GB,מטהר חשמלי אירוויק +,Unknown,0.00,יחידה,false,,25.90,0.0000,true,1,50654
7290101869825,false,מילוי למכשיר מבשם אויר חשמלי אואזיס,איירוויק Air Wick,PL,מילוי מבשם חשמלי איר,Unknown,0.00,יחידה,false,,15.90,0.0000,true,1,50647
7290101869832,false,מילוי למכשיר מבשם אויר חשמלי חלום ליל קיץ,איירוויק Air Wick,PL,מילוי מבשם חשמלי איר,Unknown,0.00,יחידה,false,,15.90,0.0000,true,1,50648
7290102030330,false,תפוצ'יפס קראנצ' בטעם מקסיקני,"שטראוס פריטו ליי בע""",IL,תפוציפס קראנצ מקסיקנ,גרמים,200.00,100 גרם,false,,9.90,0.0495,true,1,18624
7290102031276,false,מארז 8 יחידות אקטימל משקה יוגורט בטעם תות בננה,מיוצר עי קונדיטוריית,IL,אקטימל תות בננה דנונ,מיליליטרים,800.00,"100 מ""ל",false,,19.50,0.0244,true,1,2819
7290102032334,false,אבקה להכנת משקה קפה בטעם וניל,STRAUSS-ISRAEL,IL,קפה נמס וניל 200 גרם,גרמים,200.00,100 גרם,false,,19.90,0.0995,true,1,2013
7290102060764,false,מארז זוג מברשות שיניים מרידול,יבואן ומשווק: ש. שסט,CH,מברשת מרידול 2 יח,Unknown,0.00,יחידה,false,,18.90,0.0000,true,1,43352
7290102060979,false,"אלמקס משחת שיניים משפחתי 100 מ""ל",יבואן ומשווק: ש. שסט,PL,"משחת אלמקס 100 מ""ל",מיליליטרים,100.00,"100 מ""ל",false,,17.90,0.1790,true,1,3757
7290102062195,false,"אלמקס משחת שיניים אלמקס גוניור 75 מ""ל",יבואן ומשווק: ש. שסט,PE,משחת אלמקס גוניור 75,גרמים,75.00,100 גרם,false,,9.90,0.1320,true,1,8919
7290102390427,false,יוגורט ביו עם קציפת תות 3% שומן 150 ג' מולר,מולר Muller,IL,מולר פרופ תות 150 גר,מיליליטרים,150.00,"100 מ""ל",false,,4.80,0.0320,true,1,2017
7290102390465,false,יוגורט ביו עם קציפת אפרסק ופסיפלורה 3% שומן 150 ג' מולר,מולר Muller,IL,מולר פרופ אפרסק ופסי,מיליליטרים,150.00,"100 מ""ל",false,,4.80,0.0320,true,1,2018
7290102390489,false,יוגורט ביו עם קציפת לימון 3% שומן 150 ג' מולר,מולר Muller,IL,מולר פרופ לימון 150,מיליליטרים,150.00,"100 מ""ל",false,,4.80,0.0320,true,1,2019
7290102391844,false,יוגורט ביו עם קציפת פירות יער3% שומן 150 ג' מולר,מולר Muller,IL,מולר פרופ פירות יער,מיליליטרים,150.00,"100 מ""ל",false,,4.80,0.0320,true,1,2933
7290102392049,false,גבינה תבור לאפייה 5% 500 ג' צוריאל,מחלבת משק צוריאל,IL,גבינת תבור 5% צוריאל,גרמים,500.00,100 גרם,false,,19.90,0.0398,true,1,3626
7290102392094,false,חלב עיזים 4.1% צוריאל 1 ל' קרטון,מילקו תעשיות בעמ,IL,חלב עיזים צוריאל 1 ל,גרמים,250.00,100 גרם,false,,14.90,0.0596,true,1,3130
7290102392254,false,חלב 1% בקרטון 2 ל' טרה,מילקו תעשיות בעמ,IL,חלב 1% טרה 2 ליטר,קילוגרמים,2.00,ליטר,false,,11.60,5.8000,true,1,3788
7290102393039,false,מולר מיקס יוגורט קרמי בתוספת פצפוצי שוקולד 170 ג',קריות זול,IL,מולר מיקס פצפוצי שוק,מיליליטרים,150.00,"100 מ""ל",false,,4.90,0.0327,true,1,4001
7290102393060,false,מיקס יוגורט גליליות וופל קרם אגוזים 170 ג' מולר,קריות זול,IL,מולר מיקס גלילות 170,מיליליטרים,150.00,"100 מ""ל",false,,4.90,0.0327,true,1,4000
7290102393169,false,סימפלי פרוט יוגורט תות 3% שומן 150 ג' מולר,מולר Muller,IL,מולר סימפלי תות 150,גרמים,150.00,100 גרם,false,,4.80,0.0320,true,1,4500
7290102393176,false,סימפלי פרוט יוגורט אפרסק 3% שומן 150 ג' מולר,מילקו תעשיות בעמ,IL,מולר סימפלי אפרסק 15,גרמים,150.00,100 גרם,false,,4.80,0.0320,true,1,4501
7290102393190,false,סימפלי פרוט פירות היער 3% שומן 150 ג' מולר,מילקו תעשיות בעמ,IL,מולר סימפלי פירות יע,גרמים,150.00,100 גרם,false,,4.80,0.0320,true,1,4502
7290102393268,false,**טרה גבינה לבנה אריזת חיסכון 5% 750ג,טרה,IL,גבינה 5% טרה 750 גרם,גרמים,750.00,100 גרם,false,,11.90,0.0159,true,1,4088
7290102393947,false,סימפלי פרוט יוגורט בטעם קיווי 3% שומן 150 ג' מולר,מילקו תעשיות בעמ,IL,מולר סימפלי קיווי 15,גרמים,150.00,100 גרם,false,,4.80,0.0320,true,1,5068
7290102394081,false,מולר מיקס יוגורט קרמי עם קורנפלקס מצופה שוקולד,מילקו תעשייה בעמ,IL,מולר מיקס קורנפלקס מ,גרמים,170.00,100 גרם,false,,4.90,0.0288,true,1,5069
7290102394258,false,גבינת מה עז 9% שומן צוריאל 180 ג',מחלבת משק צוריאל,IL,גבינה מה עז 9% צוריא,גרמים,180.00,100 גרם,false,,20.90,0.1161,true,1,5456
7290102394463,false,נעם גבינה צהובה וואקום 28% 500גרם,Unknown,IL,גבינה נעם 28% 500 גר,גרמים,500.00,100 גרם,false,,23.90,0.0478,true,1,8230
7290102394821,false,נעם גבינה צהובה דק דק פ.ח 28% 200גר,מילקו תעשיות בעמ,IL,פרוסות גבינה נעם קלא,גרמים,200.00,100 גרם,false,,15.20,0.0760,true,1,6340
7290102394845,false,פרוסות גבינת נעם מופחתת שומן 9%,מילקו תעשיות בעמ,IL,פרוסות גבינה נעם 9%,גרמים,200.00,100 גרם,false,,16.90,0.0845,true,1,6273
7290102395217,false,מאגדת שמיניה מולר במתיקות מעודנת 1.2% 8*150 ג',מולר Muller,IL,מארז מולר ביאנקו במת,קילוגרמים,1.20,ליטר,false,,17.90,14.9167,true,1,7264
7290102395224,false,מארז 8 גביעים יוגורט ביו בטעם טבעי 1.7%,מולר Muller,IL,מארז מולר נטורל 1.7%,קילוגרמים,1.20,ליטר,false,,15.90,13.2500,true,1,7127
7290102395231,false,מולר נטורל 2.8% ביאנקו מאגדת 8 יח' * 150 ג',מולר Muller,IL,מארז מולר נטורל 2.8%,קילוגרמים,1.20,ליטר,false,,15.90,13.2500,true,1,7128
7290102395262,false,מארז 8 גביעים יוגורט בטעם תות שדה ואפרסק 3% Simply Fruit,מולר Muller,IL,מארז מולר סימפלי תות,קילוגרמים,1.20,ליטר,false,,28.90,24.0833,true,1,7511
7290102395347,false,יוגורט 6% שומן 3 ל' טרה,טרה,IL,משקה יוגורט 6% טרה 3,קילוגרמים,3.00,ליטר,false,,27.90,9.3000,true,1,26075
7290102395439,false,מארז 8 גביעים יוגורט בטעם פירות יער וקיווי 3% Simply Fruit,מילקו תעשיות בעמ,IL,מארז מולר סימפלי פיר,קילוגרמים,1.20,ליטר,false,,28.90,24.0833,true,1,36860
7290102395446,false,מעדן חלב בטעם וניל עם קצפת 123 ג' טרה,טרה,IL,מעדן מוו וניל עם קצפ,גרמים,123.00,100 גרם,false,,2.90,0.0236,true,1,7333
7290102395477,false,מעדן חלב בטעם שוקולד עם קצפת 123 ג' טרה,Unknown,IL,מעדן מוו שוקולד עם ק,גרמים,123.00,100 גרם,false,,2.90,0.0236,true,1,7331
7290102395521,false,"שמנת לבישול 15% שומן 500 מ""ל טרה",מילקו תעשיות בעמ,IL,שמנת לבישול 15% טרה,מיליליטרים,500.00,"100 מ""ל",false,,15.90,0.0318,true,1,10588
7290102396399,false,מארז 8 יחידות מעדן חלב בטעם שוקולד 1.5%,טרה,IL,מארז מעדן מוו שוקולד,גרמים,800.00,100 גרם,false,,11.90,0.0149,true,1,11435
7290102396405,false,מארז 8 יחידות מעדן חלב בטעם וניל 1.5%,טרה,IL,מארז מעדן מוו וניל 8,גרמים,800.00,100 גרם,false,,11.90,0.0149,true,1,11436
7290102396580,false,מעדן שוקולד ומוס שוקולד 123 ג' טרה,טרה,IL,מעדן מוו מוס שוקו 11,גרמים,123.00,100 גרם,false,,2.90,0.0236,true,1,11433
7290102396597,false,מעדן חלב עם מוס בטעם שוקו וניל,טרה,IL,מעדן מוו מוס שוקו ונ,גרמים,123.00,100 גרם,false,,2.90,0.0236,true,1,11434
7290102396665,false,פרוסות גבינת נעם מופחתת שומן 15%,מילקו תעשיות בעמ,IL,פרוסות גבינה נעם 15%,גרמים,200.00,100 גרם,false,,15.20,0.0760,true,1,15609
7290102396740,false,מארז 8 גביעים יוגורט בטעם תות שדה ואפרסק 0% Simply Fruit,מילקו תעשיות בעמ,IL,מארז מולר סימפלי תות,קילוגרמים,1.20,ליטר,false,,28.90,24.0833,true,1,12704
7290102397075,false,יוגורט בקרטון 4% שומן 1.5ל' טרה,טרה,IL,משקה יוגורט 4% טרה 1,פריט,1.50,"ק""ג",false,,12.90,8.6000,true,1,14368
7290102397204,false,פרוסות גבינה 22% שומן 200 ג' נעם,מילקו תעשיות בעמ,IL,פרוסות גבינה נעם 22%,גרמים,200.00,100 גרם,false,,15.20,0.0760,true,1,15608
7290102397310,false,מעדן מיני בטעם שוקולד קצפת מוו מאגדת 8 יח' * 70 ג',טרה,IL,מארז מעדן מוו שוקולד,גרמים,560.00,100 גרם,false,,11.90,0.0213,true,1,20345
7290102397334,false,גבינה בולגרית 5% צוריאל גליל 250ג',מחלבת משק צוריאל,IL,גבינה בולגרית 5% צור,גרמים,250.00,100 גרם,false,,19.90,0.0796,true,1,19544
7290102397464,false,יוגורט ביו בתוספת גרעינים אגוזים וחמוציות 170 ג' מולר,מולר Muller,IL,מולר נטורל עם פיצוחי,מיליליטרים,150.00,"100 מ""ל",false,,4.90,0.0327,true,1,26080
7290102397600,false,מיקס יוגורט בתוספת שקדים ובוטנים מקורמלים 170 ג' מולר,מילקו תעשייה בעמ,IL,מולר מיקס שקדים ובוט,מיליליטרים,150.00,"100 מ""ל",false,,4.90,0.0327,true,1,21623
7290102397617,false,יוגורט ביו קרמי עם כדורים מצופים שוקולד חום לבן,מולר Muller,IL,מולר מיקס קליק כדורי,מיליליטרים,150.00,"100 מ""ל",false,,4.90,0.0327,true,1,21622
7290102397679,false,קוטג' וחצי 5% טרה 375 ג',Unknown,IL,קוטג 5% טרה 375 גרם,גרמים,375.00,100 גרם,false,,7.90,0.0211,true,1,25185
7290102397730,false,פרוסות גבינה אמנטל חצי קשה 30% שומן 200 ג' נעם,Unknown,IL,גבינה נעם אמנטל 30%,גרמים,200.00,100 גרם,false,,14.90,0.0745,true,1,27913
7290102397747,false,פרוסות גבינת מוצרלה נעם מחלב בקר 22%,טרה,IL,גבינה נעם מוצרלה פרו,גרמים,200.00,100 גרם,false,,15.90,0.0795,true,1,30399
7290102397891,false,גבינת מותכת 18% צוריאל 100ג',משק צוריאל,IL,גבינה מותכת צוריאל 1,גרמים,100.00,100 גרם,false,,6.90,0.0690,true,1,26077
7290102398065,false,**חלב בקרטון 2 ליטר 3% מהדרין - טרה,Unknown,IL,חלב 3% טרה 2 ליטר וס,קילוגרמים,2.00,ליטר,false,,12.30,6.1500,true,1,28397
7290102398478,false,לאבנה 9% שומן 500 ג' טרה,טרה,IL,לאבנה 9% טרה 500 גרם,גרמים,500.00,100 גרם,false,,16.90,0.0338,true,1,37636
7290102398560,false,שוקו מעושר בבקבוק 1ל' טרה,מילקו תעשיות בעמ,IL,משקה שוקו טרה 1 ליטר,קילוגרמים,1.00,ליטר,false,,10.90,10.9000,true,1,37703
7290102398577,false,משקה חלב בטעם שוקו 2% בבקבוק אישי,מילקו תעשיות בעמ,IL,שוקו מועשר טרה 250 מ,מיליליטרים,250.00,"100 מ""ל",false,,4.90,0.0196,true,1,61922
7290102398614,false,משקה חלב בטעם בננה 1 ליטר טרה,מילקו תעשיות בעמ,IL,משקה בננה טרה 1 ליטר,קילוגרמים,1.00,ליטר,false,,10.90,10.9000,true,1,37704
7290102398638,false,משקה חלב בטעם מוקה 1 ליטר טרה,מילקו תעשיות בעמ,IL,משקה מוקה טרה 1 ליטר,קילוגרמים,1.00,ליטר,false,,10.90,10.9000,true,1,37705
7290102398669,false,משקה חלב עם קפה אייס קפוצ'ינו 1.5%,מילקו תעשיות בעמ,IL,משקה אייס קפוצ'ינו ט,קילוגרמים,1.00,ליטר,false,,10.90,10.9000,true,1,51122
7290102398782,false,משקה סויה קלאסי צוריאל 1 ל',משק צוריאל,IT,משקה סויה צוריאל 1 ל,קילוגרמים,1.00,ליטר,false,,9.90,9.9000,true,1,49224
7290102398799,false,משקה סויה במתיקות מופחתת 1 ליטר משק צוריאל,משק צוריאל,IT,משקה סויה במתיקות מו,קילוגרמים,1.00,ליטר,false,,9.90,9.9000,true,1,49225
7290102398805,false,משקה סויה - וניל 1 ליטר משק צוריאל,משק צוריאל,IT,משקה סויה וניל צוריא,קילוגרמים,1.00,ליטר,false,,9.90,9.9000,true,1,49227
7290102398836,false,משקה שקדים קלאסי 1 ליטר משק צוריאל,משק צוריאל,IT,משקה שקדים צוריאל 1,קילוגרמים,1.00,ליטר,false,,11.90,11.9000,true,1,49226
7290102399048,false,פרוסות גבינת קשקבל נעם 200 ג' טרה,טרה,IL,גבינה נעם קשקבל 200,גרמים,200.00,100 גרם,false,,18.90,0.0945,true,1,45201
7290102399635,false,"מולר פרופ יוגורט ביו עם קציפת קוקוס ואננס 150 מ""ל",מולר Muller,IL,מולר פרופ טרופיקל קו,מיליליטרים,150.00,"100 מ""ל",false,,4.80,0.0320,true,1,51909
7290102399796,false,מעדן יוגורט לבן מועשר בחלבון 200 ג' מולר אקטיב,מולר Muller,IL,מולר אקטיב לבן 25 גר,גרמים,200.00,100 גרם,false,,4.90,0.0245,true,1,51287
7290102399802,false,יוגורט עם תות מולר אקטיב מועשר בחלבון 200 גר',מולר Muller,IL,מולר אקטיב תות 20 גר,גרמים,200.00,100 גרם,false,,5.50,0.0275,true,1,51290
7290102399819,false,יוגורט עם פירות יער מולר אקטיב מועשר בחלבון 200 גר',מולר Muller,IL,מולר אקטיב פירות יער,גרמים,200.00,100 גרם,false,,5.50,0.0275,true,1,51291
7290102399857,false,"יוגורט אקטיב עם תות 0% , 20 גרם חלבון בגביע",מולר Muller,IL,מולר אקטיב תות לייט,גרמים,200.00,100 גרם,false,,5.50,0.0275,true,1,51296
7290102840199,false,ג'לי משמש 90 ג' מיה,מיה תעשיות מזון בעמ,IL,גלי משמש 90 גרם,גרמים,90.00,100 גרם,false,,3.90,0.0433,true,1,3702
7290102848416,false,רוטב טקסס גריל שף 35,,IL,רוטב טקסס גריל שף 35,מיליליטרים,350.00,"100 מ""ל",false,,17.90,0.0511,true,1,64494
7290102848423,false,רוטב דגים מניאפולי ש,,IL,רוטב דגים מניאפולי ש,מיליליטרים,350.00,"100 מ""ל",false,,17.90,0.0511,true,1,64497
7290102848447,false,רוטב דיאבלו ווינגס ש,,IL,רוטב דיאבלו ווינגס ש,מיליליטרים,350.00,"100 מ""ל",false,,17.90,0.0511,true,1,64498
7290102848454,false,רוטב סמוקי ביף שף 35,,IL,רוטב סמוקי ביף שף 35,מיליליטרים,350.00,"100 מ""ל",false,,17.90,0.0511,true,1,64496
7290103120658,false,דאודורנט סטיק ג'ל לגבר Cool Night 24/7,הנסיך- מפעל לייצור ט,US,דאו גל ספיד סטיק קול,גרמים,85.00,100 גרם,false,,18.90,0.2224,true,1,31378
7290103121600,false,"ספיד סטיק - דאודורנט ספריי לגבר 24/7 קול פיוזן 150 מ""ל",קולגייט פלמוליב,BY,דאו ספריי ספיד סטיק,מיליליטרים,165.00,"100 מ""ל",false,,13.90,0.0842,true,1,8200
7290103124588,false,פלמוליב סבון נוזלי סגול משאבה 750 מל,הנסיך- מפעל לייצור ט,TR,ג'ל רחצה פלמוליב ארו,מיליליטרים,750.00,"100 מ""ל",false,,19.50,0.0260,true,1,5728
7290103124601,false,"תחליב רחצה נוזל חלב ודבש משאבה 750מ""ל פלמוליב",הנסיך- מפעל לייצור ט,TR,תחליב פלמוליב חלב וד,מיליליטרים,750.00,"100 מ""ל",false,,19.50,0.0260,true,1,5727
7290103126797,false,משחת שיניים סנסיטיב פרו רליף Sensitive Pro - Reliefe,הנסיך- מפעל לייצור ט,BR,משחת קולגייט סנסטיב,מיליליטרים,75.00,"100 מ""ל",false,,17.90,0.2387,true,1,49531
7290103129378,false,ספיד סטיק - דאודורנט ג'ל לגבר איקס 5 85 גרם,הנסיך- מפעל לייצור ט,BY,דאו גל ספיד סטיק איק,Unknown,0.00,יחידה,false,,17.90,0.0000,true,1,36263
7290103129392,false,ליידי ספיד סטיק פרש פרח אינפיוזן,ליידי ספיד סטיק Lady Speed Stick,BY,דאו ליידי ספיד סטיק,גרמים,65.00,100 גרם,false,,18.90,0.2908,true,1,8194
7290103129408,false,ליידי ספיד סטיק - דאודורנט סטיק לאישה פרש אסנס פריחת הפרדס 65 גרם,ליידי ספיד סטיק Lady Speed Stick,BY,דאו ליידי ספיד סטיק,גרמים,65.00,100 גרם,false,,18.90,0.2908,true,1,8195
7290103153779,false,מכסים לתבניות גדולות,אופל אריזות בעמ,IL,מכסים לתבניות גדולות,Unknown,0.00,יחידה,false,,5.90,0.0000,true,1,5501
7290103153786,false,מכסים לתבניות בינוני,אופל אריזות בעמ,IL,מכסים לתבניות בינוני,Unknown,0.00,יחידה,false,,5.90,0.0000,true,1,5502
7290103153793,false,מכסים לתבניות קטנות,אופל אריזות בעמ,IL,מכסים לתבניות קטנות,Unknown,0.00,יחידה,false,,5.90,0.0000,true,1,5503
7290103153823,false,צלחות קטנות נעימות ז,ב פ תעשיות,IL,צלחות קטנות נעימות ז,Unknown,0.00,יחידה,false,,29.90,0.0000,true,1,5956
7290103153830,false,צלחות גדולות נעימות,ב פ תעשיות,IL,צלחות גדולות נעימות,Unknown,0.00,יחידה,false,,49.90,0.0000,true,1,5955
7290103153847,false,צלחות מרק נעימות זהב,ב פ תעשיות,IL,צלחות מרק נעימות זהב,Unknown,0.00,יחידה,false,,32.90,0.0000,true,1,5959
7290103155087,false,שקיות אשפה עם ידיות,רווח,CN,שקיות אשפה עם ידיות,Unknown,0.00,יחידה,false,,19.90,0.0000,true,1,9047
7290103155582,false,מכסים לתבנית בינוני,אופל אריזות בעמ,IL,מכסים לתבנית בינוני,Unknown,0.00,יחידה,false,,5.90,0.0000,true,1,9396
7290103156138,false,מפת אלבד מדוגם גליל,דיספובד,IL,מפת אלבד מדוגם גליל,Unknown,0.00,יחידה,false,,29.90,0.0000,true,1,9488
7290103156473,false,כפיות חד פעמי 100 יח,MAZLUM,TR,כפיות חד פעמי 100 יח,Unknown,0.00,יחידה,false,,6.90,0.0000,true,1,11761
7290103156930,false,כוסות יהלום 40 יח,LARIPLAST,IL,כוסות יהלום 40 יח,Unknown,0.00,יחידה,false,,10.90,0.0000,true,1,13622
7290103157104,false,מפת אלבד צבעוני 4 יח,פאלאס,CN,מפת אלבד צבעוני 4 יח,Unknown,0.00,יחידה,false,,11.90,0.0000,true,1,22890
7290103157111,false,מפת אלבד גליל 1.2*20,דיספובד,IL,מפת אלבד גליל 1.2*20,Unknown,0.00,יחידה,false,,29.90,0.0000,true,1,24043
7290103401429,false,עלית אוריגינס קצב ברזילאי 200ג,הנסיך- מפעל לייצור ט,IL,קפה פלטינום ברזילאי,גרמים,200.00,100 גרם,false,,24.90,0.1245,true,1,3046
7290103702526,false,ממחטות בקופסא טאצ' 1,סאסאטק,IL,ממחטות בקופסא טאצ' 1,Unknown,0.00,יחידה,false,,4.90,0.0000,true,1,63998
7290103702649,false,מארז חמישייה מגבוני טישו דו שכבתי,שניב,IL,טישו עדן 5*100 יח,Unknown,500.00,יחידה,false,,8.90,0.0178,true,1,49630
7290103703615,false,נייר טואלט עדן 30 גל,שניב תעשיות נייר,IL,נייר טואלט עדן 30 גל,מטרים,495.00,מטר,false,,16.90,0.0341,true,1,37695
7290103704216,false,מגבות נייר קשת 16 יח,שניב תעשיות נייר,IL,מגבות נייר קשת 16 יח,Unknown,0.00,יחידה,false,,19.90,0.0000,true,1,54813
7290103722005,false,נייר טואלט לאבלי 32 ג' לבן-מרכז,,,נייר טואלט לאבלי לבן,מטרים,573.50,מטר,false,,26.90,0.0469,true,1,57014
7290104061417,false,חומוס טחינה אחלה 400 ג',"שטראוס גרופ בע""מ",IL,חומוס עם טחינה אחלה,גרמים,400.00,100 גרם,false,,9.90,0.0248,true,1,3373
7290104061424,false,חומוס אחלה עם זעתר 400 ג',מיוצר עי קונדיטוריית,IL,חומוס עם זעתר אחלה 4,גרמים,400.00,100 גרם,false,,9.90,0.0248,true,1,3372
7290104061431,false,חומוס אחלה עם צנובר 400 ג',"שטראוס גרופ בע""מ",IL,חומוס עם צנוברים אחל,גרמים,400.00,100 גרם,false,,9.90,0.0248,true,1,3374
7290104061448,false,חומוס עם חריף 400 ג' אחלה,מיוצר עי קונדיטוריית,IL,חומוס עם חריף אחלה 4,גרמים,400.00,100 גרם,false,,9.90,0.0248,true,1,3375
7290104062599,false,מארז 8 יחידות מעדן גמדים בטעמי תות ובננה,STRAUSS-ISRAEL,IL,מארז גמדים תות ובננה,גרמים,800.00,100 גרם,false,,17.90,0.0224,true,1,3409
7290104065187,false,אבקה להכנת משקה קפה בטעם מוקה,STRAUSS-ISRAEL,IL,קפה נמס מוקה 200 גרם,גרמים,200.00,100 גרם,false,,19.90,0.0995,true,1,21251
7290104066566,false,טחינה שומשום מלא אחלה 500 גר',מיוצר עי קונדיטוריית,IL,טחינה אחלה 500 גרם,גרמים,500.00,100 גרם,false,,13.90,0.0278,true,1,4383
7290104501661,false,אינסטנט פודינג בטעם וניל צרפתי,מיוצר עי קונדיטוריית,IL,פודינג אינסטנט קרם צ,גרמים,80.00,100 גרם,false,,4.90,0.0613,true,1,4729
7290104503184,false,עוגת הבית שבת בראוניס שוק' ריבת חלב 380ג',מיוצר עי קונדיטוריית,IL,עוגת בראוניס שוקולד,גרמים,380.00,100 גרם,false,,14.90,0.0392,true,1,5524
7290104504228,false,מארז אריזות מיני חטיף דובונים - 5 יח',"אסם השקעות בע""מ",IL,מארז דובונים 5*20 גר,גרמים,100.00,100 גרם,false,,12.90,0.1290,true,1,5240
7290104508189,false,גביעי וופל ממותקים לגלידה 24 יח',בטר אנד דיפרנט,IL,גביעי גלידה אסם 24 י,גרמים,95.00,100 גרם,false,,11.90,0.1253,true,1,6165
7290104570162,false,תמרים כבוש ביסאן 500 ג',תמר העמקים בית שאן,,תמר כבוש 500 גרם,גרמים,500.00,100 גרם,false,,9.90,0.0198,true,1,7999
7290104720499,false,מארז 8 יחידות מעדן דני בטעם וניל 1.5%,מיוצר עי קונדיטוריית,IL,מארז דני וניל 8*125,קילוגרמים,1.00,ליטר,false,,14.50,14.5000,true,1,4276
7290104721533,false,רצועות פלפלים קלויים אחלה 400 ג',מיוצר עי קונדיטוריית,IL,פלפלים קלויים טעמי ה,גרמים,400.00,100 גרם,false,,14.90,0.0373,true,1,4646
7290104721755,false,מארז קפה טורקי עלית,חברת המשקם לתעסוקת ק,IL,מארז קפה טורקי עלית,גרמים,435.00,100 גרם,false,,28.90,0.0664,true,1,4817
7290104722530,false,תפוצ'יפס בטעם שמנת ובצל,"שטראוס פריטו ליי בע""",IL,תפוציפס שמנת בצל 200,גרמים,200.00,100 גרם,false,,9.90,0.0495,true,1,18626
7290104726712,false,מארז 8 יחידות מעדן מילקי בטעם שוקולד עם קצפת,"שטראוס גרופ בע""מ",IL,מארז מילקי שוקולד 8*,פריט,1.06,"ק""ג",false,,19.90,18.7736,true,1,5327
7290104728310,false,"שמנת עמידה לקצפת 38% שומן 250 מ""ל יוטבתה",מחלבת יטבתה,IL,שמנת להקצפה 38% יטבת,מיליליטרים,250.00,"100 מ""ל",false,,6.40,0.0256,true,1,4988
7290104850776,false,מגש אובלי זהב 12 יח,פאלאס,IL,מגש אובלי זהב 12 יח,Unknown,0.00,יחידה,false,,15.90,0.0000,true,1,46841
7290104854736,true,לפתניה דגם קונכיות ל,,,לפתניה דגם קונכיות לבן 16 יח,Unknown,0.00,יחידה,false,1,9.90,0.0000,true,1,15263
7290104855368,false,מיכל 1 ליטר 12 יח,פאלאס,CN,מיכל 1 ליטר 12 יח,Unknown,0.00,יחידה,false,,19.90,0.0000,true,1,16107
7290104855375,false,מיכל 2 ליטר 10 יח,סנטר פלאסט,IL,מיכל 2 ליטר 10 יח,Unknown,0.00,יחידה,false,,19.90,0.0000,true,1,16062
7290104855382,false,מיכל 2.5 ליטר 6 יח,סנטר פלאסט,IL,מיכל 2.5 ליטר 6 יח,Unknown,0.00,יחידה,false,,19.90,0.0000,true,1,16063
7290104855399,false,מיכל 4 ליטר 5 יח,סנטר פלאסט,IL,מיכל 4 ליטר 5 יח,Unknown,0.00,יחידה,false,,19.90,0.0000,true,1,16064
7290104855405,false,מיכל 0.5 ליטר 15 יח,סנטר פלאסט,IL,מיכל 0.5 ליטר 15 יח,Unknown,0.00,יחידה,false,,19.90,0.0000,true,1,16065
7290104856839,false,מארז 6 יח נייר אלומי,פאלאס,CN,מארז 6 יח נייר אלומי,מטרים,30.00,מטר,false,,21.90,0.7300,true,1,19409
7290104856846,false,מארז 4 נייר אלומיניו,פאלאס,CN,מארז 4 נייר אלומיניו,מטרים,30.00,מטר,false,,21.90,0.7300,true,1,20795
7290104856853,false,מארז 3 נייר אלומיניו,פאלאס,CN,מארז 3 נייר אלומיניו,מטרים,22.50,מטר,false,,21.90,0.9733,true,1,20796
7290104856914,false,מפת אלבד מדוגם 2 יח,פאלאס,CN,מפת אלבד מדוגם 2 יח,Unknown,0.00,יחידה,false,,11.90,0.0000,true,1,22888
7290104857041,false,"כוסות ח""פ 100 יח",פאלאס,CN,"כוסות ח""פ 100 יח",Unknown,0.00,יחידה,false,,5.90,0.0000,true,1,22770
7290104857119,false,צלחות גדולות לפיד 10,פאלאס,TR,צלחות גדולות לפיד 10,פריט,1.00,"ק""ג",false,,29.90,29.9000,true,1,49112
7290104858185,false,נרות חימום בפלסטיק 8,פאלאס,CN,נרות חימום בפלסטיק 8,Unknown,0.00,יחידה,false,,23.90,0.0000,true,1,25159
7290104858208,false,נרות חימום בפלסטיק 4,פאלאס,CN,נרות חימום בפלסטיק 4,Unknown,0.00,יחידה,false,,23.90,0.0000,true,1,25158
7290104858215,false,נרות חימום 8 שעות קש,פאלאס,CN,נרות חימום 8 שעות קש,Unknown,0.00,יחידה,false,,23.90,0.0000,true,1,25157
7290104858536,false,כוסות קינוח לפיד,FGM,CN,כוסות קינוח לפיד,Unknown,0.00,יחידה,false,,14.90,0.0000,true,1,25574
7290104858543,false,כוסות קינוח צורות לפ,FGM,CN,כוסות קינוח צורות לפ,Unknown,0.00,יחידה,false,,14.90,0.0000,true,1,25573
7290104858567,false,מפת אלבד מוטבע גליל,פאלאס,CN,מפת אלבד מוטבע גליל,Unknown,0.00,יחידה,false,,39.90,0.0000,true,1,25460
7290104858598,false,מפיות לבנות חד שכבתי,פאלאס,CN,מפיות לבנות חד שכבתי,Unknown,0.00,יחידה,false,,4.90,0.0000,true,1,26490
7290104858727,false,טישו קשת 5*140 יח,פאלאס,CN,טישו קשת 5*140 יח,Unknown,0.00,יחידה,false,,11.90,0.0000,true,1,28597
7290104859267,false,שקיות אוכל קשת 3*150,פאלאס,CN,שקיות אוכל קשת 3*150,Unknown,0.00,יחידה,false,,9.90,0.0000,true,1,26366
7290104859410,false,"צלחת פשוטה 1 ק""ג לפיד",פאלאס,CN,צלחות גדולות לפיד 1,Unknown,0.00,יחידה,false,,32.90,0.0000,true,1,28755
7290104859564,false,מפיות תלת שכבתיות מד,hanketissue,,מפיות תלת שכבתיות מד,Unknown,0.00,יחידה,false,,4.90,0.0000,true,1,29512
7290104859779,false,כוסות איכותיות 40 יח,פאלאס,CN,כוסות איכותיות 40 יח,Unknown,0.00,יחידה,false,,10.90,0.0000,true,1,31510
7290104859960,false,מארז 4 יח מגשי קריסט,פאלאס,CN,מארז 4 יח מגשי קריסט,Unknown,0.00,יחידה,false,,12.90,0.0000,true,1,31223
7290104859977,false,מארז 2 יח מגשי קריסט,פאלאס,CN,מארז 2 יח מגשי קריסט,Unknown,0.00,יחידה,false,,19.90,0.0000,true,1,31224
7290104859984,false,קערה ענקית בלו שיין,פאלאס,CN,קערה ענקית בלו שיין,Unknown,0.00,יחידה,false,,19.90,0.0000,true,1,31219
7290104859991,false,קערה גדולה בלו שיין,פאלאס,CN,קערה גדולה בלו שיין,Unknown,0.00,יחידה,false,,19.90,0.0000,true,1,31220
7290104960970,false,דאודורנט ספריי טיטניום מטאל Titanium Metal,אמיליה קוסמטיקס בעמ,IL,דאו ספריי טיטניום מט,מיליליטרים,180.00,"100 מ""ל",false,,14.90,0.0828,true,1,5870
7290104962073,false,דאודורנט ספריי גוף טיטניום גולד Titanium Gold,אמיליה קוסמטיקס בעמ,IL,דאו ספריי טיטניום גו,מיליליטרים,150.00,"100 מ""ל",false,,14.90,0.0993,true,1,9238
7290104962110,false,"קרליין - נושם דאודורנט ספריי לבנות 150 מ""ל",מיוצר עי : אמיליה קו,IL,דאו ספריי קרליין נוש,מיליליטרים,150.00,"100 מ""ל",false,,11.70,0.0780,true,1,9486
7290104962134,false,דאודורנט רול און נושם+ For Girls ללא אלומיניום,אמיליה קוסמטיקס,IL,דאו רול און קרליין ל,מיליליטרים,75.00,"100 מ""ל",false,,11.70,0.1560,true,1,9485
7290104962660,false,"קרליין - נושם דאודורנט ספריי לאישה ללא אלומיניום 200 מ""ל",אמיליה קוסמטיקס,IL,דאו ספריי קרליין נוש,מיליליטרים,200.00,"100 מ""ל",false,,11.70,0.0585,true,1,12765
7290104964756,false,"תיאדנט מי-פה 150מ""ל לילדים",סנו,IL,מי פה תיאדנט ענבים ל,מיליליטרים,150.00,"100 מ""ל",false,,14.70,0.0980,true,1,44005
7290104965647,false,קרליין דיאודורנט בנות רולאון סוויט קיס,מיוצר עי : אמיליה קו,IL,דאו רול און קרליין נ,מיליליטרים,75.00,"100 מ""ל",false,,11.70,0.1560,true,1,56225
7290104965661,false,"דאדורנט ספריי נושם בנות קרליין 150 מ""ל",אמיליה קוסמטיקס,IL,דאו ספריי קרליין נוש,מיליליטרים,200.00,"100 מ""ל",false,,11.70,0.0585,true,1,56224
7290105180186,false,"בקבוק מעוצב +ידיות ללא ביספינול 250 מ""ל",אריסטוקרט,,בקבוק תינוק מעוצב אר,Unknown,0.00,יחידה,false,,14.90,0.0000,true,1,4833
7290105180193,false,בקבוק צר לתינוק ללא ביספניול A,אריסטוקרט,,בקבוק צר לתינוק אריס,Unknown,0.00,יחידה,false,,6.90,0.0000,true,1,4974
7290105180209,false,"בקבוק גדול 250מ""ל ללא ביספינול A מארז שלישיה",אריסטוקרט,IL,בקבוק צר לתינוק אריס,Unknown,0.00,יחידה,false,,16.90,0.0000,true,1,4832
7290105180216,false,פלסטר שקוף אריסטוקרט,אריסטוקרט,CN,פלסטר שקוף אריסטוקרט,Unknown,0.00,יחידה,false,,10.90,0.0000,true,1,6021
7290105180247,false,פלסטר מיקס אריסטוקרט,אריסטוקרט,CN,פלסטר מיקס אריסטוקרט,Unknown,0.00,יחידה,false,,10.90,0.0000,true,1,6020
7290105180261,false,"משחת נעליים + ידית 200 מ""ל",אריסטוקרט,TR,משחת נעליים אריסטוקר,גרמים,200.00,100 גרם,false,,9.90,0.0495,true,1,5380
7290105180353,false,"סכין גילוח לאישה ח""פ 10 יח'",אריסטוקרט,CN,סכיני גילוח אריסטוקר,Unknown,0.00,יחידה,false,,8.90,0.0000,true,1,6396
7290105180360,false,מוצץ סיליקון צבעוני שלישייה קטן,אריסטוקרט,,מוצץ סיליקון קטן לתי,Unknown,0.00,יחידה,false,,15.90,0.0000,true,1,7710
7290105180377,false,מוצץ סיליקון צבעוני רביעייה בינוני-מרכז,אריסטוקרט,,מוצץ סיליקון בינוני,Unknown,0.00,יחידה,false,,15.90,0.0000,true,1,7708
7290105180384,false,מוצץ סיליקון צבעוני שלישייה גדול,אריסטוקרט,,מוצץ סיליקון גדול לת,Unknown,0.00,יחידה,false,,15.90,0.0000,true,1,7709
7290105180391,false,בקבוק צר מעוצב לתינו,אריסטוקרט,,בקבוק צר מעוצב לתינו,Unknown,0.00,יחידה,false,,18.90,0.0000,true,1,7706
7290105180407,false,בקבוק רחב לתינוק ארי,אריסטוקרט,,בקבוק רחב לתינוק ארי,Unknown,0.00,יחידה,false,,29.90,0.0000,true,1,7707
7290105180490,false,טלק ריחני לתינוק 200ג' כשר לפסח,אריסטוקרט,IL,"טלק אריסטוקרט 200 מ""",מיליליטרים,200.00,"100 מ""ל",false,,9.90,0.0495,true,1,56557
7290105180902,false,מברשת שיניים חמישיה אריסטוקרט,אריסטוקרט,CN,מברשת שיניים מבוגרים,Unknown,0.00,יחידה,false,,9.90,0.0000,true,1,54784
7290105180971,false,מדחום גליום אקולוגי ללא כספית,אריסטוקרט,CN,מד חום גליום ללא כספ,Unknown,0.00,יחידה,false,,19.90,0.0000,true,1,41663
7290105181343,false,בקבוק צר אריסטוקרט 6,אריסטוקרט,TH,בקבוק צר אריסטוקרט 6,Unknown,0.00,יחידה,false,,24.90,0.0000,true,1,20129
7290105181725,false,צלחת נצמדת עם כפית משנה צבע בחום,אריסטוקרט,CN,צלחת האכלה + כפית רג,Unknown,0.00,יחידה,false,,24.90,0.0000,true,1,41662
7290105181732,false,זוג -מוצץ פרינס בינוני בקופסא,אריסטוקרט,IL,מוצצים סדרת מלכות אר,Unknown,0.00,יחידה,false,,19.90,0.0000,true,1,41664
7290105181855,false,"וזלין 100 גרם כשל""פ הרב לנדא אריסטוקרט",הרבל קוסמטיקס,IL,ג'ל פטרוליאום טהור א,מיליליטרים,100.00,"100 מ""ל",false,,7.90,0.0790,true,1,63002
7290105181954,false,מלבין טליתות ובגדי צ,BASF,DE,מלבין טליתות ובגדי צ,מיליליטרים,500.00,"100 מ""ל",false,,11.50,0.0230,true,1,46982
7290105182036,false,מברשת שיניים סיליקון לשבת הרב לנדא,אריסטוקרט,CN,מברשת שיניים סיליקון,Unknown,0.00,יחידה,false,,11.90,0.0000,true,1,54723
7290105182050,false,"אצטון 250 מ""ל",גרינפארם ים המלח,IL,"אצטון 250 מ""ל",מיליליטרים,250.00,"100 מ""ל",false,,5.90,0.0236,true,1,56048
7290105182067,false,"אלכוהול 70% 250 מ""ל",אריסטוקרט,IL,"אלכוהול 70% 250 מ""ל",מיליליטרים,250.00,"100 מ""ל",false,,11.90,0.0476,true,1,56049
7290105182111,false,קיסמי שיניים דנטלים,אריסטוקרט,CN,קיסמי שיניים דנטלים,Unknown,0.00,יחידה,false,,14.90,0.0000,true,1,55486
7290105182128,false,מקלוני חוט דנטלי 200,אריסטוקרט,CN,מקלוני חוט דנטלי 200,Unknown,0.00,יחידה,false,,14.90,0.0000,true,1,55487
7290105182265,false,מברשת ספינר לניקוי ב,אריסטוקרט,,מברשת ספינר לניקוי ב,Unknown,0.00,יחידה,false,,19.90,0.0000,true,1,63126
7290105360250,false,קפסולות 09 עשיר וארומטי למכונת נספרסו עלית 10יח',הנסיך- מפעל לייצור ט,IL,קפסולות עלית מס 9 למ,Unknown,0.00,יחידה,false,,15.50,0.0000,true,1,16143
7290105360328,false,קפסולות אספרסו חזק למכונות נספרסו 10 יח',הנסיך- מפעל לייצור ט,IL,קפסולות עלית מס 10 ל,Unknown,0.00,יחידה,false,,15.50,0.0000,true,1,8934
7290105360335,false,קפסולות קפה אספרסו עדין וקטיפתי,הנסיך- מפעל לייצור ט,IL,קפסולות עלית מס 7 ל,Unknown,0.00,יחידה,false,,15.50,0.0000,true,1,8935
7290105362339,false,"שמנת לבישול 15% 250 מ""ל יטבתה מהדרין",מחלבת יטבתה,IL,שמנת לבישול 15% יטבת,מיליליטרים,250.00,"100 מ""ל",false,,7.60,0.0304,true,1,6174
7290105364678,false,משקה אקטיביה בטעם אפרסק 1.3% שומן 265 ג' דנונה,מיוצר עי קונדיטוריית,IL,משקה אקטיביה אפרסק 1,גרמים,250.00,100 גרם,false,,4.80,0.0192,true,1,51017
7290105366023,false,חציל אחלה בטעם כבד 400 גר' אחלה,מיוצר עי קונדיטוריית,IL,חציל בטעם כבד טעמי ה,גרמים,400.00,100 גרם,false,,14.90,0.0373,true,1,5389
7290105366047,false,טחינה אחלה לבנה 400 גר',מיוצר עי קונדיטוריית,IL,טחינה לבנה טעמי השוק,גרמים,400.00,100 גרם,false,,14.90,0.0373,true,1,5489
7290105366993,false,סימפוניה גבינה במרקם שמנת פלפל שיפקה חריף 5%,"שטראוס בריאות בע""מ",IL,גבינת שמנת פלפל שיפק,גרמים,200.00,100 גרם,false,,9.70,0.0485,true,1,9585
7290105368331,false,מעדן מילקי בטעם תות עם קצפת,מחלבת אחיהוד,IL,מילקי תות 133 גרם,גרמים,133.00,100 גרם,false,,2.80,0.0211,true,1,6265
7290105368904,false,"שמנת מתוקה להקצפה 32% שומן 250 מ""ל יוטבתה",מחלבת יטבתה,IL,שמנת מתוקה להקצפה 32,מיליליטרים,250.00,"100 מ""ל",false,,6.90,0.0276,true,1,6736
7290105368928,false,"שמנת 9% שומן 200 מ""ל יוטבתה",מחלבת יטבתה,IL,שמנת חמוצה 9% יטבתה,מיליליטרים,200.00,"100 מ""ל",false,,2.90,0.0145,true,1,6172
7290105369130,false,סימפוניה גבינה במרקם שמנת בצל ירוק 5%,"שטראוס בריאות בע""מ",IL,גבינת שמנת בצל ירוק,גרמים,200.00,100 גרם,false,,9.70,0.0485,true,1,7278
7290105430441,false,תחליב רחצה סחלב שחור וקרם לחות Naturals משאבה,הנסיך- מפעל לייצור ט,TR,תחליב פלמוליב סחלב ש,מיליליטרים,750.00,"100 מ""ל",false,,19.50,0.0260,true,1,7775
7290105430458,false,תחליב רחצה מועשר בשקדים וקרם לחות Naturals משאבה,הנסיך- מפעל לייצור ט,TR,תחליב פלמוליב שקדים,מיליליטרים,750.00,"100 מ""ל",false,,19.50,0.0260,true,1,7776
7290105430496,false,ספייד סטיק סטין גארד,קולגייט פלמוליב,BY,דאו ספריי ספיד סטיק,מיליליטרים,165.00,"100 מ""ל",false,,13.90,0.0842,true,1,8202
7290105431516,false,פרי חטיפי בריאות מארז 5 תמרים בוטנים,טבעית מוצרים מן הטבע,IL,מארז חטיף פרי תמרים,גרמים,125.00,100 גרם,false,,14.90,0.1192,true,1,19853
7290105433961,false,"ליידי ספיד סטיק לסס פרש אסנס ספריי דובדבן, 150 מ""ל",קולגייט פלמוליב,BY,דאו ספריי ליידי ספיד,מיליליטרים,150.00,"100 מ""ל",false,,13.90,0.0927,true,1,10682
7290105434029,false,"ספיד סטיק - דאודורנט ספריי לגבר נוטרו פאואר 150 מ""ל",הנסיך- מפעל לייצור ט,BY,דאו ספריי ספיד סטיק,מיליליטרים,150.00,"100 מ""ל",false,,13.90,0.0927,true,1,18635
7290105434067,false,ספיד סטיק - דאודורנט סטיק לגבר XL אושן סרף 85 גרם,קולגייט פלמוליב,BY,דאו ספיד סטיק אושן 8,גרמים,85.00,100 גרם,false,,18.90,0.2224,true,1,31380
7290105439499,false,מיונז הולנדי 481 ג' מאסטר שף,רמיה סי.וי. הולנד,NL,מיונז מאסטר שף 480 ג,גרמים,480.00,100 גרם,false,,8.90,0.0185,true,1,19173
7290105439505,false,קרם בטעם מיונז לייט מנה 479 ג' מאסטר שף,רמיה סי.וי. הולנד,NL,מיונז לייט מאסטר שף,גרמים,521.00,100 גרם,false,,8.90,0.0171,true,1,49300
7290105439581,false,חרדל דיז'ון צרפתי 370ג' מ.שף,סאס קווינור,FR,חרדל דיזון צרפתי מאס,גרמים,370.00,100 גרם,false,,9.90,0.0268,true,1,19175
7290105691248,false,פריכונים חטיפי טורטיה תירס 60 ג' אוסם,"מיוצר ע""י PT, משווק",IL,חטיפי טורטייה תירס 6,גרמים,60.00,100 גרם,false,,6.90,0.1150,true,1,7046
7290105693457,false,עוגת הבית דמקה שוקו וניל 320 ג' אסם,מיוצר עי קונדיטוריית,IL,עוגת דמקה אסם 320 גר,גרמים,320.00,100 גרם,false,,10.90,0.0341,true,1,6241
7290105695024,false,אסם פתיתים אפויים אורז עם אטריות 500 גר,"אסם השקעות בע""מ",IL,פתיתים אורז עם אטריו,גרמים,500.00,100 גרם,false,,4.90,0.0098,true,1,7178
7290105695321,false,עוגת שוקולד בראוניז פאדג' 380 ג',מיוצר עי קונדיטוריית,IL,עוגת בראוניס פאדג אס,גרמים,380.00,100 גרם,false,,14.90,0.0392,true,1,6539
7290105962331,false,זחוק אדום תימני מקורי חריף מאוד,קריניסה ויטמין אס אי,IL,סחוג תימני חריף זהבי,גרמים,220.00,100 גרם,false,,9.90,0.0450,true,1,11831
7290105965738,false,יוגורט לשתיה בטעם תות בננה267 ג' דנונה,מיוצר עי קונדיטוריית,IL,משקה יוגורט תות בננה,גרמים,267.00,100 גרם,false,,4.50,0.0169,true,1,15056
7290105968098,false,סלט קולסלאו אחלה 500 ג',אחלה - שטראוס,IL,קולסלאו אחלה 500 גרם,גרמים,500.00,100 גרם,false,,14.90,0.0298,true,1,6852
7290105968654,false,רביולי בטטה פרווה פסטה נונה 400 ג',מיוצר עי קונדיטוריית,IL,רביולי בטטה שטראוס 4,גרמים,400.00,100 גרם,false,,16.70,0.0417,true,1,7175
7290105968777,false,פריכיות עם תחתית שוקולד מריר 70 ג' אנרגי,"טחנת האבן תעשיות בע""",IL,פריכיות אנרג'י תחתית,גרמים,70.00,100 גרם,false,,7.50,0.1071,true,1,8223
7290106413740,false,עיגולי ביסקוויט עם ק,טופגם תעשיות ממתקים,IL,עיגולי ביסקוויט עם ק,פריט,1.00,"ק""ג",false,,26.90,26.9000,true,1,30556
7290106413924,false,מארז מקלות ביסקוויט,שאנטו קראנצי פרדי,CN,מארז מקלות ביסקוויט,גרמים,150.00,100 גרם,false,,9.90,0.0660,true,1,24481
7290106416918,false,שוקולד חלב ממולא קרם,,,"שוקולד חלב ממולא קרם תפוז 1 ק""ג",קילוגרמים,1.00,ליטר,false,1,39.90,39.9000,true,1,30555
7290106520066,false,רבע לשבע במילוי קרם אגוזים ובציפוי שוקולד חלב,הגביע מוצרי וופלים ב,IL,גלילי ופל רבע לשבע 1,גרמים,160.00,100 גרם,false,,9.60,0.0600,true,1,7167
7290106520288,false,יוגורט פרו חלבון עם תות 2.4% שומן 150 ג' דנונה,"שטראוס בריאות בע""מ",IL,דנונה WOW תות 150 גר,מיליליטרים,150.00,"100 מ""ל",false,,4.50,0.0300,true,1,19530
7290106520905,false,סלט טורקי עם פלפל קל,"שטראוס גרופ בע""מ",IL,סלט טורקי טעמי השוק,גרמים,400.00,100 גרם,false,,14.90,0.0373,true,1,7544
7290106520912,false,"שמנת לבישול 9% 250 מ""ל יטבתה",מחלבת יטבתה,IL,שמנת לבישול 9% יטבתה,מיליליטרים,250.00,"100 מ""ל",false,,7.60,0.0304,true,1,8250
7290106524439,false,תפוצ'יפס טבעי פופס 60גר',"שטראוס פריטו ליי בע""",IL,"תפוציפס תפו""א אפוי 6",גרמים,60.00,100 גרם,false,,3.50,0.0583,true,1,30808
7290106525399,false,קפסולות 06 ברזיל למכונות נספרסו עלית 10יח',הנסיך- מפעל לייצור ט,IL,קפסולות עלית מס 06 ב,Unknown,0.00,יחידה,false,,15.50,0.0000,true,1,24440
7290106525405,false,קפסולות למכונת נספרסו נטול קפאין,שטראוס קפה בי.וי,IL,קפסולות עלית נטול מס,גרמים,50.00,100 גרם,false,,15.50,0.3100,true,1,20459
7290106527263,false,מארז תפוציפס כפול 16,שטראוס,IL,מארז תפוציפס כפול 16,גרמים,480.00,100 גרם,false,,23.90,0.0498,true,1,9324
7290106571921,false,עוגיות פיטנס עוגיות חמוציות 180 גר',מיוצר עי קונדיטוריית,IL,עוגיות עם חמוציות פי,גרמים,180.00,100 גרם,false,,9.90,0.0550,true,1,33951
7290106573024,false,סירופ אננס דיאט 1ל' עסיס,בית השיטה עסיס תעשיו,IL,סירופ עסיס אננס דיאט,קילוגרמים,1.00,ליטר,false,,15.90,15.9000,true,1,30028
7290106573598,false,צבר חומוס לבנוני 400גרם,סלטי צבר,IL,חומוס לבנוני 400 גרם,גרמים,400.00,100 גרם,false,,11.30,0.0283,true,1,38797
7290106573628,false,צבר חומוס עם טחינה 400גר,סלטי צבר,IL,חומוס עם טחינה צבר 4,גרמים,400.00,100 גרם,false,,11.90,0.0298,true,1,8267
7290106573642,false,צבר חומוס צנובר 400גרם,סלטי צבר,IL,חומוס צנובר צבר 400,גרמים,400.00,100 גרם,false,,11.90,0.0298,true,1,8266
7290106574953,false,בייגלה שטוחים כעכים שטוחים עם שומשום,מיוצר עי קונדיטוריית,IL,בייגלה שטוחים שומשום,גרמים,300.00,100 גרם,false,,7.90,0.0263,true,1,8642
7290106574977,false,בייגלה שטוחים כעכים שטוחים עם מלח,מיוצר עי קונדיטוריית,IL,בייגלה שטוחים מלח 30,גרמים,300.00,100 גרם,false,,7.90,0.0263,true,1,8641
7290106575257,false,עוגת הבית סופלה בטעם שוקולד 340 ג' אסם,מיוצר עי קונדיטוריית,IL,עוגת סופלה שוקולד אס,גרמים,340.00,100 גרם,false,,10.90,0.0321,true,1,9432
7290106575431,false,עוגת הבית סופלה בטעם שוקוניל 340 ג' אסם,מיוצר עי קונדיטוריית,IL,עוגת סופלה שוקו וניל,גרמים,340.00,100 גרם,false,,10.90,0.0321,true,1,9433
7290106576513,false,סלט חומוס צבר 400 גר,סלטי צבר,IL,חומוס 400 גרם צבר,גרמים,400.00,100 גרם,false,,9.90,0.0248,true,1,10188
7290106576537,false,צבר חומוס מסעדה 700 גר,סלטי צבר,IL,חומוס מסעדה צבר 700,גרמים,700.00,100 גרם,false,,10.80,0.0154,true,1,9448
7290106576797,false,"לה קרמריה גלידת וניל איטלקי כשל""פ 1.4ל'",תות תעשיות מזון (201,IL,גלידה לה קרמריה וניל,קילוגרמים,1.40,ליטר,false,,17.50,12.5000,true,1,10000
7290106576810,false,גלידה לה קרמריה ריבת חלב 1.4 ל' נסטלה,המאפיה של הרמן,IL,גלידה לה קרמריה ריבת,קילוגרמים,1.40,ליטר,false,,17.50,12.5000,true,1,9999
7290106576834,false,גלידה לה קרמריה פונטש בננה1.4 ל' נסטלה,תות תעשיות מזון (201,IL,גלידה לה קרמריה פונט,קילוגרמים,1.40,ליטר,false,,17.50,12.5000,true,1,10004
7290106576858,false,גלידה לה קרמריה תותים בשמנת 1.4 ל' נסטלה,המאפיה של הרמן,IL,גלידה לה קרמריה תותי,קילוגרמים,1.40,ליטר,false,,17.50,12.5000,true,1,10003
7290106576919,false,גלידה קרמריה סורבה תות לימון 1.4 ליטר,המאפיה של הרמן,IL,שרבט לה קרמריה תות ל,קילוגרמים,1.40,ליטר,false,,17.50,12.5000,true,1,10002
7290106576957,false,"לה קרמריה גלידת שוקו וניל פליק פרווה כשל""פ 1.4",תות תעשיות מזון (201,IL,גלידה לה קרמריה שוקו,קילוגרמים,1.40,ליטר,false,,17.50,12.5000,true,1,10005
7290106576971,false,גלידה לה קרמריה שוקולד בלגי 1.4 ל' נסטלה,תות תעשיות מזון (201,IL,גלידה לה קרמריה שוקו,קילוגרמים,1.40,ליטר,false,,17.50,12.5000,true,1,9998
7290106576995,false,גלידה סורבה לה קרמריה תות מנגו לייט 1.4 ל' נסטלה,המאפיה של הרמן,IL,שרבט לה קרמריה תות מ,קילוגרמים,1.40,ליטר,false,,17.50,12.5000,true,1,10305
7290106577039,false,גלידה לה קרמריה שוקו וניל פליק 1.4 ל' נסטלה,תות תעשיות מזון (201,IL,גלידה לה קרמריה וניל,קילוגרמים,1.40,ליטר,false,,17.50,12.5000,true,1,10001
7290106577282,false,צבר טחינה מרובע 400גרם,Unknown,IL,טחינה צבר 400 גרם,גרמים,400.00,100 גרם,false,,11.90,0.0298,true,1,9439
7290106577572,false,צבר מטבוחה מרובע 400גרם,סלטי צבר,IL,מטבוחה צבר 400 גרם,גרמים,400.00,100 גרם,false,,11.90,0.0298,true,1,9438
7290106578692,false,אוסם - במבה ביסלי מיקס 80 גרם,פרו מן יו פתרונות אר,IL,במבה ביסלי מיקס 80 ג,גרמים,80.00,100 גרם,false,,3.90,0.0487,true,1,10760
7290106578821,false,הבית עוגת שמרים קלאסית בטעם שוקולד 350גר.,מיוצר עי קונדיטוריית,IL,עוגת שמרים שוקולד אס,גרמים,350.00,100 גרם,false,,14.90,0.0426,true,1,10533
7290106658479,false,עלית וופל בטעם טורטית אגוזים 360גר,"שטראוס גרופ בע""מ",IL,טורטית 40 גרם,גרמים,40.00,100 גרם,false,,3.90,0.0975,true,1,60668
7290106660410,false,רביולי תרד וגבינה שטראוס 400 ג',מיוצר עי קונדיטוריית,IL,רביולי תרד וגבינה שט,גרמים,400.00,100 גרם,false,,16.70,0.0417,true,1,11990
7290106663091,false,לאבנה טבעי 9% שטראוס 500ג',הדקלאים אגודת שיתופי,IL,לאבנה 9% שטראוס 500,מיליליטרים,500.00,"100 מ""ל",false,,16.90,0.0338,true,1,15055
7290106663503,false,יד מרדכי קונפיטורת לייט תות 230 גר,אף.סי תבליני בגליל ב,IL,קונפיטורה תות לייט י,גרמים,250.00,100 גרם,false,,11.90,0.0476,true,1,12865
7290106664067,false,לאבנה עם שמן זית וזעתר 10% שטראוס 400 ג',הדקלאים אגודת שיתופי,IL,לאבנה עם שמן זית וזע,גרמים,400.00,100 גרם,false,,13.90,0.0348,true,1,17897
7290106664555,false,"רוטב שמנת עם עגבניות 9% שומן 250 מ""ל יוטבתה",מחלבת יטבתה,IL,רוטב שמנת עגבניות 9%,מיליליטרים,250.00,"100 מ""ל",false,,9.80,0.0392,true,1,18440
7290106666788,false,עלית - סוכריות נוסטלגיה דבש ממולאות 80 גרם,פלזנסקי,IL,סוכריות ממולאות בטעם,גרמים,80.00,100 גרם,false,,4.90,0.0613,true,1,22777
7290106668713,false,יוגורט עם פירות יער 3% שומן 150 ג' דנונה,מיוצר עי קונדיטוריית,IL,דנונה פרי פירות יער,מיליליטרים,150.00,"100 מ""ל",false,,3.50,0.0233,true,1,15054
7290106669857,false,קפסולות 06 אספרסו בטעם וניל עלית 10יח',הנסיך- מפעל לייצור ט,IL,קפסולות עלית אספרסו,גרמים,50.00,100 גרם,false,,15.50,0.3100,true,1,26766
7290106721913,false,מסטיק מאסט MUST ללא סוכר בטעם מנטה מרעננת,"שטראוס גרופ בע""מ",IL,מסטיק בזוקה צנצנת רי,גרמים,66.00,100 גרם,false,,8.90,0.1348,true,1,18592
7290106721920,false,צנצנת מסטיק מאסט בטעם ספירמינט עדין 66 ג' עלית,"שטראוס גרופ בע""מ.",IL,מסטיק ספירמינט צנצנת,גרמים,66.00,100 גרם,false,,8.90,0.1348,true,1,18591
7290106726178,false,יוגורט PRO עם פירות יער 2.4% 10 גרם חלבון בגביע,מיוצר עי קונדיטוריית,IL,דנונה WOW פירות יער,מיליליטרים,150.00,"100 מ""ל",false,,4.50,0.0300,true,1,17908
7290107280020,false,מטליות לחות סנו סושי לניקוי כללי שלישיה *50 יח',טרופיקל דגיל- תעשיות,IL,מטליות לחות סנו סושי,Unknown,0.00,יחידה,false,,16.90,0.0000,true,1,8764
7290107280341,false,ריצפז מטליות לחות לניקוי הרצפה בניחוח מלון מפנק,"סנו מפעלי ברונוס סע""",IL,מטליות לחות לרצפה בנ,Unknown,0.00,יחידה,false,,11.70,0.0000,true,1,48544
7290107280563,false,אוקסיג'ן ג'ל לכביסה בייבי 3ל',"איי, בי, אינבוו",IL,גל אוקסיגן בייבי 3 ל,קילוגרמים,3.00,ליטר,false,,27.90,9.3000,true,1,12257
7290107280655,false,אבקת כביסה Baby לתינוקות ולעור רגיש,סנו מקסימה,IL,אבקת מקסימה בייבי 3.,פריט,3.25,"ק""ג",false,,29.90,9.2000,true,1,12777
7290107280761,false,נוזל לניקוי כלים בניחוח לימון רענן סנו ספארק Spark,מיוצר עי קונדיטוריית,IL,נוזל כלים ספארק + מש,קילוגרמים,1.00,ליטר,false,,10.70,10.7000,true,1,13142
7290107649605,false,שוקולד חלב עם קורנפלקס ופצפוצים,מיוצר עי קונדיטוריית,IL,שוקולד קליק קורנפלקס,גרמים,85.00,100 גרם,false,,4.90,0.0576,true,1,34540
7290107871532,false,מאגדת קרחונים דובדבן מלון 10 יח' נסטלה,גלידות נסטלה (נגה גל,IL,קרחוני נסטלה בטעם מל,גרמים,800.00,100 גרם,false,,14.90,0.0186,true,1,13493
7290107871990,false,פסטה צינורות 500 ג' אסם,פסטה זארה,IT,פסטה צינורות אסם 500,גרמים,500.00,100 גרם,false,,4.90,0.0098,true,1,11728
7290107875400,false,גלידה לה קרמריה פיסטוק מוקה 1.4 ל' נסטלה,המאפיה של הרמן,IL,גלידה לה קרמריה פיסט,קילוגרמים,1.40,ליטר,false,,17.50,12.5000,true,1,13003
7290107879521,false,קרחוני לה פרוטה La Frutta תות שדה - 5 יח',גלידות נסטלה Nestle,IL,שלגוני לה פרוטה תות,גרמים,350.00,100 גרם,false,,17.90,0.0511,true,1,20490
7290107879569,false,קרחון לה פרוטה שרבט מנגו מאגדת 5יח',גלידות נסטלה Nestle,IL,שלגוני לה פרוטה מנגו,גרמים,350.00,100 גרם,false,,17.90,0.0511,true,1,20492
7290107930321,false,קונפיטורה דובדבן יד מרדכי 340 ג',בית אל מזון,IL,קונפיטורה דובדבן יד,גרמים,340.00,100 גרם,false,,12.90,0.0379,true,1,16041
7290107932080,false,חלב בבקבוק 3% שומן 1 ל' יוטבתה,מחלבת יטבתה,IL,חלב מועשר 3% יטבתה 1,קילוגרמים,1.00,ליטר,false,,7.20,7.2000,true,1,24109
7290107934473,false,מארז 8 יח' אקטיביה יוגורט קרמי 1.5% שומן,דנונה - שטראוס,IL,מארז יוגורט אקטיביה,קילוגרמים,1.20,ליטר,false,,19.90,16.5833,true,1,16303
7290107937542,false,משקה יוגורט אקטיביה עם תות 1.2% שומן,מיוצר עי קונדיטוריית,IL,משקה אקטיביה תות 1.2,גרמים,250.00,100 גרם,false,,4.80,0.0192,true,1,51018
7290107937627,false,מסטיק מאסט Must קוביות ללא סוכר בטעם מנטה עדינה,אסקום קונפקשיין,DE,מסטיק מאסט צנצנת מנט,גרמים,58.00,100 גרם,false,,8.90,0.1534,true,1,24123
7290107937634,false,צנצנית מסטיק מאסט קוביות פפירמינט 58 ג' עלית,אסקום קונפקשיין,DE,מסטיק מאסט צנצנת קוב,גרמים,58.00,100 גרם,false,,8.90,0.1534,true,1,24122
7290107937641,false,מסטיק בצנצנת קוביות בזוקה 58 ג',אסקום קונפקשיין,DE,מסטיק בזוקה קוביות צ,גרמים,58.00,100 גרם,false,,8.90,0.1534,true,1,24121
7290107937856,false,קפסולות 11חזק למכונות נספרסו עלית 10יח',הנסיך- מפעל לייצור ט,IL,קפסולות עלית מס 11 ל,Unknown,0.00,יחידה,false,,15.50,0.0000,true,1,24439
7290107938396,false,"אקטימל משקה פרוביוטי תות 100X8 מ""ל",מיוצר עי קונדיטוריית,IL,אקטימל תות דנונה 8*1,מיליליטרים,800.00,"100 מ""ל",false,,19.50,0.0244,true,1,42291
7290107940467,false,אקטיביה יוגורט 1.5% שומן 200 ג' דנונה,מיוצר עי קונדיטוריית,IL,יוגורט אקטיביה 1.5%,מיליליטרים,200.00,"100 מ""ל",false,,3.70,0.0185,true,1,22836
7290107943369,false,קוואקר שיבולת שועל ללא גלוטן 511 גר'.,היידי שוקולד בירונטי,US,שיבולת שועל ל.גלוטן,גרמים,511.00,100 גרם,false,,17.90,0.0350,true,1,37702
7290107944472,false,סימפוניה גבינה במרקם שמנת 5% שום שמיר,"שטראוס בריאות בע""מ",IL,גבינת שמנת שום שמיר,גרמים,200.00,100 גרם,false,,9.70,0.0485,true,1,24801
7290107945165,false,קונפיטורה משמש יד מרדכי 340 ג',אף.סי תבליני בגליל ב,IL,קונפיטורה משמש יד מר,גרמים,340.00,100 גרם,false,,12.90,0.0379,true,1,26667
7290107950190,false,מעדן חלב דל קלוריות בטעם שוקולד מריר 0.5% שומן,מיוצר עי קונדיטוריית,IL,מעדן דיאט שוקולד מרי,מיליליטרים,130.00,"100 מ""ל",false,,3.20,0.0246,true,1,24102
7290107950206,false,מעדן חלב דל קלוריות בטעם שוקולד 0% שומן,מיוצר עי קונדיטוריית,IL,מעדן דיאט שוקולד 0%,מיליליטרים,130.00,"100 מ""ל",false,,3.20,0.0246,true,1,24103
7290107951104,false,בפלות ופלים ארוכים בטעם שוקולד,"א.ג. גילרו בע""מ",IL,בפלות שוקולד 200 גרם,גרמים,200.00,100 גרם,false,,3.90,0.0195,true,1,24449
7290107953559,false,קפה טורקי עלית לדרך שקיות 24X7ג',הנסיך- מפעל לייצור ט,IL,קפה טורקי לדרך 24 יח,גרמים,168.00,100 גרם,false,,16.90,0.1006,true,1,48242
7290107956642,false,"תרסיס שמן זית יד מרדכי 150 מ""ל",פארייפאבה אגרואינדוס,ES,תרסיס שמן זית יד מרד,מיליליטרים,150.00,"100 מ""ל",false,,14.90,0.0993,true,1,54440
7290107956710,false,מילקי מעדן מיני מארז 70X16ג',שטראוס,IL,מארז מילקי מיני שוקו,פריט,1.12,"ק""ג",false,,19.90,17.7679,true,1,26857
7290107956925,false,קפסולות 13 אוגנדה למכונת נספרסו עלית 10יח',שטראוס קפה בי.וי,IL,קפסולות עלית מס 13 א,Unknown,0.00,יחידה,false,,15.50,0.0000,true,1,37719
7290107956932,false,קפסולות 12 אינדונזיה למכונות NESPRESSO,שטראוס קפה בי.וי,IL,קפסולות עלית מס 12 ל,Unknown,0.00,יחידה,false,,15.50,0.0000,true,1,30591
7290107956963,false,"דנונה וניל 3% תות מארז 12X100מ""ל",שטראוס גרופ,IL,מארז דנונה פרי תות 1,פריט,1.20,"ק""ג",false,,19.90,16.5833,true,1,28946
7290107958035,false,יוגורט במתיקות מעודנת 2% ללא תוספת סוכר- מארז 8 יח,דנונה - שטראוס,IL,מארז דנונה במתיקות 8,פריט,1.20,"ק""ג",false,,17.90,14.9167,true,1,30099
7290107958639,false,מטבוחה אחלה מרוקאית חריפה 400 גר',מיוצר עי קונדיטוריית,IL,מטבוחה מרוקאית חריפה,גרמים,400.00,100 גרם,false,,14.90,0.0373,true,1,59427
7290107970020,false,תרסיס אגקס חלונות 3*,קולגייט פלמוליב,BY,תרסיס אגקס חלונות 3*,קילוגרמים,2.25,ליטר,false,,27.90,12.4000,true,1,14695
7290107971720,false,משחת קולגייט טריפל א,קולגייט פלמוליב,PL,משחת קולגייט טריפל א,גרמים,450.00,100 גרם,false,,24.90,0.0553,true,1,18942
7290107971751,false,מי פה קולגייט טוטל ללא אלכוהול פפרמינט,יבואן ומשווק: ש. שסט,PL,מי פה קולגייט טוטאל,מיליליטרים,500.00,"100 מ""ל",false,,14.90,0.0298,true,1,60912
7290107973861,false,עגבניות קצוצת דק שלישיה * 400 ג' מאסטר שף,קונסרזיו קאסאלאסקו ד,IT,מארז עגבניות קצוצות,פריט,1.20,"ק""ג",false,,15.90,13.2500,true,1,24845
7290107975346,false,ספיד סטיק - דאודורנט ג'ל לגבר כוח הטבע 85 גרם,קולגייט פלמוליב,BY,דאו גל ספיד סטיק כח,גרמים,85.00,100 גרם,false,,17.90,0.2106,true,1,36264
7290107975360,false,ליידי ספיד סטיק פיור פרשנס ג'ל נשים 65ג',ליידי ספיד סטיק Lady Speed Stick,BY,דאו גל ליידי ספיד סט,גרמים,65.00,100 גרם,false,,18.90,0.2908,true,1,36258
7290107975544,false,"קולגייט משחת שיניים סמיילס ברבי לגילאי 6 50מ""ל",קולגייט פלמוליב,PL,משחת קולגייט ילדים ב,מיליליטרים,50.00,"100 מ""ל",false,,11.90,0.2380,true,1,37662
7290107976848,false,פלמוליב סבון מוצק קמומיל 4*90 ג',קולגייט פלמוליב,,סבון מוצק פלמוליב קמ,גרמים,360.00,100 גרם,false,,16.50,0.0458,true,1,34361
7290107977456,false,"פלמוליב - ג'ל רחצה ושמפו ספורט לגבר 750 מ""ל",קולגייט פלמוליב,TR,ג'ל רחצה פלמוליב לגב,מיליליטרים,750.00,"100 מ""ל",false,,19.50,0.0260,true,1,47942
7290107978132,false,קולגייט מברשת זיגזג שישייה,קולגייט פלמוליב,PL,מברשת קולגייט זיג זג,Unknown,0.00,יחידה,false,,17.90,0.0000,true,1,51019
7290107978453,false,חטיף קראנצ'וס גריל 5,קראנצ'וס,IL,קראנצוס גריל 55 גרם,גרמים,55.00,100 גרם,false,,1.90,0.0345,true,1,28989
7290108350531,false,סנו ספארק נוזל כלים בניחוח קלאסי עם משאבה 1 ל',מיוצר עי קונדיטוריית,IL,נוזל כלים ספארק + מש,קילוגרמים,1.00,ליטר,false,,10.70,10.7000,true,1,14724
7290108350548,false,סנו ספארק נוזל כלים בניחוח לבנדר עם משאבה 1 ל',מיוצר עי קונדיטוריית,IL,נוזל כלים ספארק + מש,קילוגרמים,1.00,ליטר,false,,10.70,10.7000,true,1,14725
7290108350616,false,סנו - מקסימה מרכך כביסה מרוכז פריחה כחולה 1 ליטר,"סנו מפעלי ברונוס בע""",IL,מרכך מקסימה סופר מרו,קילוגרמים,1.00,ליטר,false,,17.50,17.5000,true,1,21481
7290108350623,false,מרכך כביסה סופר מרוכז סופט סילק מקסימה 1 ל' סנו,"סנו מפעלי ברונוס בע""",IL,מרכך מקסימה סופר מרו,קילוגרמים,1.00,ליטר,false,,17.50,17.5000,true,1,21480
7290108351507,false,מרכך כביסה מקסימה סופט סילק 4 ל' סנו,סנו מקסימה,IL,מרכך מקסימה אינספריי,קילוגרמים,4.00,ליטר,false,,21.50,5.3750,true,1,24941
7290108351514,false,מרכך כביסה בבישום עוצמתי פריחה כחולה,סנו מקסימה,IL,מרכך מקסימה בלוסום 4,קילוגרמים,4.00,ליטר,false,,21.50,5.3750,true,1,24940
7290108351613,false,סנו ריצפז פרש הום 2 ליטר בניחוח מלון חלומי,"סנו מפעלי ברונוס בע""",IL,ריצפז פרש הום מלון ח,קילוגרמים,2.00,ליטר,false,,19.70,9.8500,true,1,26762
7290108351675,false,ג'ל כביסה מקסימה מיקס 5 ל' סנו,סנו,IL,גל מקסימה מיקס אנד ו,קילוגרמים,5.00,ליטר,false,,41.90,8.3800,true,1,63641
7290108351682,false,ג'ל כביסה מקסימה ביו 5 ל' סנו,סנו,IL,גל מקסימה ביו קולד 5,קילוגרמים,5.00,ליטר,false,,41.90,8.3800,true,1,36245
7290108351804,false,סנו - מקסימה מרכך כביסה מרוכז ג'נטל בריז 1 ליטר,מיוצר עי קונדיטוריית,IL,מרכך מקסימה סופר מרו,קילוגרמים,1.00,ליטר,false,,17.50,17.5000,true,1,46958
7290108351811,false,מקסימה מרכך כביסה סופר מרוכז פלור טאצ' 1 ליטר,מיוצר עי קונדיטוריית,IL,מרכך מקסימה סופר מרו,קילוגרמים,1.00,ליטר,false,,17.50,17.5000,true,1,46959
7290108351835,false,מרכך כביסה בבישום עוצמתי פלורל טאצ',מיוצר עי קונדיטוריית,IL,מרכך מקסימה פלורל 4,קילוגרמים,4.00,ליטר,false,,21.50,5.3750,true,1,48319
7290108352047,false,אורביטול - צמד מברשות שיניים 808 + חוט דנטלי במתנה,סנו,IL,מברשת אורביטול לחניכ,Unknown,0.00,יחידה,false,,18.90,0.0000,true,1,62390
7290108352054,false,אורביטול - צמד מברשות שיניים 980 + חוט דנטלי במתנה,סנו,IL,מברשת אורביטול סיבים,Unknown,0.00,יחידה,false,,18.90,0.0000,true,1,62391
7290108352115,false,סנובון ווייב לאסלה בתוספת אקונומיקהה 45X3ג',סנו,IL,סבון אסלה סנובון ז'א,גרמים,165.00,100 גרם,false,,9.90,0.0600,true,1,48757
7290108352146,false,"סנובון נוזלי בניחוח מגנוליה ונרולי 750 מ""ל",סנו מפעלי ברונוס בעמ,IL,סנובון ג'ל מגנוליה ו,מיליליטרים,750.00,"100 מ""ל",false,,8.90,0.0119,true,1,50710
7290108352153,false,"סנובון נוזלי בניחוח לוטוס וסחלב 750 מ""ל",מיוצר עי קונדיטוריית,IL,סנובון ג'ל לוטוס וסח,מיליליטרים,750.00,"100 מ""ל",false,,8.90,0.0119,true,1,50709
7290108352207,false,קפסולות כביסה מקסימה פלורל 40 יח' סנו,טרופיקל דגיל תעשיות,IL,קפסולות ג'ל מקסימה פ,Unknown,0.00,יחידה,false,,28.90,0.0000,true,1,50711
7290108352214,false,סנו - מקסימה קפסולות כביסה בניחוח בריזה מרעננת 40 יח',טרופיקל דגיל תעשיות,IL,קפסולות ג'ל מקסימה ב,Unknown,0.00,יחידה,false,,28.90,0.0000,true,1,50712
7290108352252,false,נוזל לניקוי כלים מתאים לניקוי ירקות ופירות סנו ספארק,"סנו מפעלי ברונוס בע""",IL,נוזל כלים ספארק לחיט,קילוגרמים,1.00,ליטר,false,,10.70,10.7000,true,1,52339
7290108352337,false,"סנו - פרש מילוי למטהר אוויר מלון מפנק 250 מ""ל",מיוצר עי קונדיטוריית,IL,מבשם אויר סנו פרש או,מיליליטרים,250.00,"100 מ""ל",false,,12.90,0.0516,true,1,62402
7290108352344,false,"סנו - פרש מילוי למטהר אוויר מלון בוטיק 250 מ""ל",מיוצר עי קונדיטוריית,IL,מבשם אויר סנו פרש או,מיליליטרים,250.00,"100 מ""ל",false,,12.90,0.0516,true,1,62403
7290108352399,false,ריצפז פרש הום בניחוח מרכך כביסה פלורל טאצ',"סנו מפעלי ברונוס בע""",IL,ריצפז פרש הום בניחוח,קילוגרמים,2.00,ליטר,false,,19.70,9.8500,true,1,60904
7290108352450,false,ריצפז פרש הום בניחוח מרכך כביסה בלו בלוסום,סנו מפעלי ברונוס בעמ,IL,ריצפז פרש הום בניחוח,קילוגרמים,2.00,ליטר,false,,19.70,9.8500,true,1,64712
7290108352498,false,מכשיר אוטומטי מעוצב ואלגנטי עם מילוי מלון בוטיק סנו פרש,"יצרן מכשיר: זובלה,",IL,סנו פרש מכשיר אוטומט,Unknown,0.00,יחידה,false,,39.90,0.0000,true,1,62400
7290108352535,false,סנו - מקסימה דפי בישום לחים למייבש הכביסה בניחוח מרכך כביסה,סנו מקסימה,IL,דפי בישום לחים מקסימ,Unknown,0.00,יחידה,false,,11.90,0.0000,true,1,62392
7290108352566,false,מרכך כביסה בבישום עוצמתי 4 ל' סנו מקסינה,"סנו מפעלי ברונוס בע""",IL,מרכך מקסימה ג'וי 4 ל,קילוגרמים,4.00,ליטר,false,,21.50,5.3750,true,1,60909
7290108352573,false,מרכך כביסה מקסימה בבישום עוצמתי 4 ל' סנו,סנו,IL,מרכך מקסימה קאלם 4 ל,קילוגרמים,4.00,ליטר,false,,21.50,5.3750,true,1,62388
7290108352672,false,מטלית הפלא לריצפה זוג סנו סושי,סנו מפעלי ברונוס.,CN,מטליות רצפה מיקרופיי,Unknown,0.00,יחידה,false,,19.90,0.0000,true,1,28025
7290108352689,false,סנו סושי כריות קרצוף ללכלוך קשה 9 יח',טרופיקל דגיל תעשיות,US,כריות קרצוף סנו סושי,Unknown,0.00,יחידה,false,,9.90,0.0000,true,1,21528
7290108352696,false,"סנו סושי ניילון נצמד רחב במיוחד 45ס""מ",סנו סושי,IL,ניילון נצמד סנו סושי,מטרים,100.00,מטר,false,,29.90,0.2990,true,1,42328
7290108352825,false,ספוג הפלא נירוסטה סנו סושי 3יח',s.k.a.t ltdסנו מפעלי,CN,ספוג הפלא נירוסטה סנ,Unknown,0.00,יחידה,false,,9.90,0.0000,true,1,36249
7290108352900,false,סנו סושי מגבות הפלא גליל כפול 6 גלילים,סנו מפעלי ברונוס בעמ,IL,מגבות נייר סנו סושי,מטרים,126.60,מטר,false,,19.90,0.1572,true,1,46488
7290108353532,false,"שקיות אשפה נשלפות עם שרוך 65*54 ס""מ L",סנו סושי,IL,שקיות אשפה עם שרוך 5,Unknown,0.00,יחידה,false,,29.90,0.0000,true,1,48548
7290108353556,false,נייר טואלט סופט שלוש שכבות 32 גלילים סנו,טרופיקל דגיל תעשיות,IL,נייר טואלט תלת שכבתי,מטרים,537.00,מטר,false,,38.90,0.0724,true,1,64412
7290108353747,false,"תחליב רחצה אירוודה, בניחוח טונקה 600 מ""ל קרימה",קוסמופארם,IL,תחליב קרמה + משאבה א,מיליליטרים,600.00,"100 מ""ל",false,,16.50,0.0275,true,1,63429
7290108353761,false,"תחליב רחצה זן, בניחוח קשמיר 600 מ""ל קרימה",קוסמופארם,IL,תחליב קרמה + משאבה ז,מיליליטרים,600.00,"100 מ""ל",false,,16.50,0.0275,true,1,63430
7290108353815,false,"תחליב רחצה מדיטציה, בניחוח פצ'ולי לבנדר 600 מ""ל קרימה",קוסמופארם,IL,תחליב קרמה + משאבה מ,מיליליטרים,600.00,"100 מ""ל",false,,16.50,0.0275,true,1,63431
7290108353891,false,"קרמה - דאודורנט רול און לאישה קרמה מאסק 75 מ""ל","קוסמופארם בע""מ",IL,דאו רול און קרמה מאס,מיליליטרים,75.00,"100 מ""ל",false,,11.90,0.1587,true,1,52370
7290108353907,false,"קרמה - דאודורנט רול און לאישה קרמה קלאסי 75 מ""ל","קוסמופארם בע""מ",IL,דאו רול און קרמה קלא,מיליליטרים,75.00,"100 מ""ל",false,,11.90,0.1587,true,1,52371
7290108353983,false,"קרמה - קרם גוף קרמה קלאסי 500 מ""ל",טרופיקל דגיל תעשיות,IL,קרם גוף קרמה קלאסי 5,מיליליטרים,500.00,"100 מ""ל",false,,19.90,0.0398,true,1,52362
7290108353990,false,"קרמה - קרם גוף קרמה מאסק 500 מ""ל",טרופיקל דגיל תעשיות,IL,קרם גוף קרמה מאסק 50,מיליליטרים,500.00,"100 מ""ל",false,,19.90,0.0398,true,1,52363
7290108354065,false,"קרמה - מן ג'ל רחצה פילינג 700 מ""ל",קוסמופארם בע''מ,IL,גל רחצה קרמה מן פילי,מיליליטרים,700.00,"100 מ""ל",false,,16.50,0.0236,true,1,60903
7290108354270,false,מרכך כביסה מרוכז בבישום עוצמתי 1 ל' סנו מקסימה,מיוצר עי קונדיטוריית,IL,מרכך מקסימה סופר מרו,קילוגרמים,1.00,ליטר,false,,17.50,17.5000,true,1,60910
7290108354416,false,"תחליב רחצה יוגה, בניחוח ברגמוט 600מ""ל קרימה",קוסמופארם,IL,תחליב קרמה + משאבה י,מיליליטרים,600.00,"100 מ""ל",false,,16.50,0.0275,true,1,63432
7290108354447,false,"מרכך כיף לשיקום והזנה שמן קוקוס וקרטין 700 מ""ל",גוד פוד פרודקטס S.p,IL,מרכך כיף שמן קוקוס ו,מיליליטרים,700.00,"100 מ""ל",false,,11.50,0.0164,true,1,54376
7290108354485,false,"קרליין - מרכך 10 שמן ארגן 700 מ""ל",סנו,IL,מרכך קרליין 10 ארגן,מיליליטרים,700.00,"100 מ""ל",false,,10.90,0.0156,true,1,63829
7290108354492,false,"קרליין - שמפו 10 שמן ארגן 700 מ""ל",קרליין Careline,IL,שמפו קרליין 10 ארגן,מיליליטרים,700.00,"100 מ""ל",false,,10.90,0.0156,true,1,63821
7290108354607,false,"שמפו בניחוח מי קקטוס ושמן באבאסו 750 מ""ל נקה 7",אמיליה קוסמטיקס,IL,שמפו נקה 7 ביו 750,מיליליטרים,750.00,"100 מ""ל",false,,8.70,0.0116,true,1,62386
7290108354614,false,"מרכך בניחוח מי קקטוס ושמן באבאסו 750 מ""ל נקה 7",אמיליה קוסמטיקס,IL,מרכך נקה 7 ביו 750,מיליליטרים,750.00,"100 מ""ל",false,,8.70,0.0116,true,1,62387
7290108354850,false,"קרמה דאודורנט רול און בריזת ים 75 מ""ל",קרמה Crema,IL,דאו רול און קרמה ברי,מיליליטרים,75.00,"100 מ""ל",false,,11.90,0.1587,true,1,52372
7290108355154,false,"שמפו שמני הזנה 750 מ""ל נקה 7",גוד פוד פרודקטס S.p,IL,שמפו נקה 7 שמני הזנה,מיליליטרים,750.00,"100 מ""ל",false,,8.70,0.0116,true,1,36250
7290108355161,false,"מרכך שיער שמני הזנה 750 מ""ל נקה 7",אמיליה קוסמטיקס,IL,מרכך נקה 7 שמני הזנה,מיליליטרים,750.00,"100 מ""ל",false,,8.70,0.0116,true,1,36251
7290108355451,false,"קרמה - דאודורנט רול און לאישה קרמה ורד ווניל 75 מ""ל",קרמה Crema,IL,דאו רול און קרמה ורד,מיליליטרים,75.00,"100 מ""ל",false,,11.90,0.1587,true,1,52373
7290108355468,false,"קרמה דאודורנט רול און נרולי ומגנוליה 75 מ""ל",קרמה Crema,IL,דאו רול און קרמה נרו,מיליליטרים,75.00,"100 מ""ל",false,,11.90,0.1587,true,1,52374
7290108356106,false,"תחליב רחצה כיף שקדים 700 מ""ל",קריות זול,IL,תחליב רחצה כיף חלב ש,מיליליטרים,700.00,"100 מ""ל",false,,9.90,0.0141,true,1,39704
7290108356113,false,"כיף תחליב רחצה דבש 700 מ""ל-מרכז",קוסמופארם בעמ,IL,תחליב רחצה כיף חלב ו,מיליליטרים,700.00,"100 מ""ל",false,,9.90,0.0141,true,1,39705
7290108356120,false,"כיף תחליב רחצה קוקוס וניל 700 מ""ל",קריות זול,IL,תחליב רחצה כיף קוקוס,מיליליטרים,700.00,"100 מ""ל",false,,9.90,0.0141,true,1,39707
7290108356151,false,"תחליב רחצה כיף מאסק יסמין 700 מ""ל",גוד פוד פרודקטס S.p,IL,תחליב רחצה כיף מאסק,מיליליטרים,700.00,"100 מ""ל",false,,9.90,0.0141,true,1,39703
7290108356168,false,"כיף - תחליב רחצה אוקיינוס 700 מ""ל",גוד פוד פרודקטס S.p,IL,תחליב רחצה כיף אוקיי,מיליליטרים,700.00,"100 מ""ל",false,,9.90,0.0141,true,1,39708
7290108356489,false,"כיף - תחליב רחצה אפרסק וחמאת מורומורו 700 מ""ל",קוסמופארם,IL,תחליב רחצה כיף אפרסק,מיליליטרים,700.00,"100 מ""ל",false,,9.90,0.0141,true,1,62395
7290108356519,false,קרליין שמפו 10למניעת קשקשים 700מל,קרליין Careline,IL,שמפו קרליין 10 פרוטא,מיליליטרים,700.00,"100 מ""ל",false,,10.90,0.0156,true,1,63819
7290108356526,false,"קרליין - שמפו 10 לשיער יבש 700 מ""ל",קרליין Careline,IL,שמפו קרליין 10 פרוטא,מיליליטרים,700.00,"100 מ""ל",false,,10.90,0.0156,true,1,63820
7290108356533,false,"שמפו 10 לשיער מתולתל 700 מ""ל קרליין",קרליין Careline,IL,שמפו קרליין 10 פרוטא,מיליליטרים,700.00,"100 מ""ל",false,,10.90,0.0156,true,1,63822
7290108356540,false,"שמפו 10 לשיער צבוע 700 מ""ל קרליין",סנו,IL,שמפו קרליין 10 פרוטא,מיליליטרים,700.00,"100 מ""ל",false,,10.90,0.0156,true,1,63823
7290108356557,false,"שמפו 10 לשיער למניעת קשקשים 700 מ""ל קרליין",קרליין Careline,IL,שמפו קרליין 10 פרוטא,מיליליטרים,700.00,"100 מ""ל",false,,10.90,0.0156,true,1,63824
7290108356564,false,"קרליין - מרכך 10 לשיער רגיל 700 מ""ל",קרליין Careline,IL,מרכך קרליין 10 פרוטא,מיליליטרים,700.00,"100 מ""ל",false,,10.90,0.0156,true,1,63825
7290108356571,false,"קרליין - מרכך 10 לשיער יבש 700 מ""ל",קרליין Careline,IL,מרכך קרליין 10 פרוטא,מיליליטרים,700.00,"100 מ""ל",false,,10.90,0.0156,true,1,63826
7290108356588,false,"מרכך 10 לשיער מתולתל 700 מ""ל קרליין",קרליין Careline,IL,מרכך קרליין 10 פרוטא,מיליליטרים,700.00,"100 מ""ל",false,,10.90,0.0156,true,1,63827
7290108356595,false,"מרכך 10 לשיער צבוע 700 מ""ל קרליין",קרליין Careline,IL,מרכך קרליין 10 פרוטא,מיליליטרים,700.00,"100 מ""ל",false,,10.90,0.0156,true,1,63828
7290108357189,false,"מבשם ומרכך למייבש הכביסה מקסימה פלורל 750 מ""ל סנו","סנו מפעלי ברונוס בע""",IL,תרסיס מקסימה למייבש,מיליליטרים,750.00,"100 מ""ל",false,,16.90,0.0225,true,1,50707
7290108357202,false,מתס קליר סנו בניחוח בלו בלוסם 1 ליטר,"סנו מפעלי ברונוס בע""",IL,תרסיס סנוקליר בלו בל,קילוגרמים,1.00,ליטר,false,,9.90,9.9000,true,1,54377
7290108357226,false,"אוקסיגן POWER אבקה לכביסה לבנה והסרת כתמים 1.4 ק""ג סנו",,IL,אבקת אוקסיג'ן לכביסה,פריט,1.40,"ק""ג",false,,28.90,20.6429,true,1,62396
7290108357240,false,"אוקסיג'ן פאוור תוסף להסרת כתמים קשים 1.4 ק""ג",סנו,IL,אבקת אוקסיג'ן לכביסה,פריט,1.40,"ק""ג",false,,28.90,20.6429,true,1,62397
7290108357257,false,סנו - פרש מכשיר אוטומטי לבישום אוויר בתוספת מילוי אולטרא פרש,סנו,IL,סנו פרש מכשיר אוטומט,Unknown,0.00,יחידה,false,,39.90,0.0000,true,1,62401
7290108357264,false,"פרש אוטומטי מילוי בניחוח מרכך הכביסה אולטרה 375 מ""ל סנו",סנו,IL,מבשם אויר סנו פרש או,מיליליטרים,250.00,"100 מ""ל",false,,12.90,0.0516,true,1,62404
7290108357271,false,סנובון ג'ל לניקוי אסלות עם חמצן פעיל לניקוי עוצמתי,סנו,IL,סנובון ג'ל אוקסיג'ן,מיליליטרים,750.00,"100 מ""ל",false,,8.90,0.0119,true,1,62393
7290108357288,false,אקונומיקה ז'אוול בניחוח פריחה לבנה 4 ל' סנו,סנו ז'אוול Javel,IL,אקונומיקה סנו גאוול,קילוגרמים,4.00,ליטר,false,,16.90,4.2250,true,1,60905
7290108357295,false,"סנו - אוקסיג'ן פאוור מרסס להסרת כתמים 750 מ""ל",סנו,IL,תרסיס אוקסיגן לכביסה,מיליליטרים,750.00,"100 מ""ל",false,,17.70,0.0236,true,1,62394
7290108357394,false,"תחליב רחצה קרמה חלב ודבש 700 מ""ל",קוסמופארם,IL,תחליב קרמה חלב ודבש,מיליליטרים,700.00,"100 מ""ל",false,,16.50,0.0236,true,1,56227
7290108357417,false,"קרמה - קרם גוף קרמה ורד ווניל 500 מ""ל",טרופיקל דגיל תעשיות,IL,קרם גוף קרמה ורד וני,מיליליטרים,500.00,"100 מ""ל",false,,19.90,0.0398,true,1,52367
7290108357707,false,"כיף שמפו לשיער רגיל-תפוח זרעי צ'יה 700 מ""ל",גוד פוד פרודקטס S.p,IL,שמפו כיף לשיער רגיל,מיליליטרים,700.00,"100 מ""ל",false,,11.50,0.0164,true,1,44800
7290108357714,false,"כיף שמפו לשיער יבש -רימונים ושמן ארגן 700 מ""ל",גוד פוד פרודקטס S.p,IL,שמפו כיף לשיער יבש 7,מיליליטרים,700.00,"100 מ""ל",false,,11.50,0.0164,true,1,44798
7290108357769,false,"מרכך לשיער רגיל תפוח וזרעי צ'יה 700 מ""ל כיף",גוד פוד פרודקטס S.p,IL,מרכך כיף לשיער רגיל,מיליליטרים,700.00,"100 מ""ל",false,,11.50,0.0164,true,1,44794
7290108357776,false,"כיף מרכך לשיער יבש -רימונים ושמן ארגן 700 מ""ל",גוד פוד פרודקטס S.p,IL,מרכך כיף לשיער יבש 7,מיליליטרים,700.00,"100 מ""ל",false,,11.50,0.0164,true,1,44795
7290108357851,false,"כיף - ג'ל רחצה אליקסיר אוילס מועשר בשמן קוקוס 700 מ""ל","קוסמופארם בע""מ",IL,ג'ל רחצה כיף מועשר ב,מיליליטרים,700.00,"100 מ""ל",false,,9.90,0.0141,true,1,60906
7290108357868,false,"כיף - ג'ל רחצה אליקסיר אויל מועשר בשמן מקדמיה 700 מ""ל",קוסמופארם,IL,ג'ל רחצה כיף מועשר ב,מיליליטרים,700.00,"100 מ""ל",false,,9.90,0.0141,true,1,60907
7290108357882,false,"כיף - מרכך לחות מוגברת עם אפרסק וחמאת מורומורו 700 מ""ל",קוסמופארם,IL,מרכך כיף אפרסק וחמאת,מיליליטרים,700.00,"100 מ""ל",false,,11.50,0.0164,true,1,62399
7290108358070,false,"תחליב רחצה קרמה קלאסי 700 מ""ל",גוד פוד פרודקטס S.p,IL,תחליב קרמה קלאסי 700,מיליליטרים,700.00,"100 מ""ל",false,,16.50,0.0236,true,1,56229
7290108358087,false,"תחליב רחצה קרמה מאסק 700 מ""ל",גוד פוד פרודקטס S.p,IL,תחליב קרמה מאסק 700,מיליליטרים,700.00,"100 מ""ל",false,,16.50,0.0236,true,1,56230
7290108358100,false,"פרש הום מקלות ריחניים לבית בניחוח בייבי 100 מ""ל",סנו,IL,מקלות ריחניים סנו פר,מיליליטרים,100.00,"100 מ""ל",false,,19.90,0.1990,true,1,60902
7290108358117,false,"פרש הום מקלות ריחניים לבית בניחוח כביסה רעננה 100 מ""ל",סנו,IL,מקלות ריחניים סנו פר,מיליליטרים,100.00,"100 מ""ל",false,,19.90,0.1990,true,1,60901
7290108358124,false,דפי בישום לחים למייבש הכביסה בניחוח מרכך כביסה 20 יח' מקסימה,,IL,דפי בישום לחים מקסימ,Unknown,0.00,יחידה,false,,11.90,0.0000,true,1,63428
7290108359190,false,סנו סושי מגבות נייר בגליל כפול פי 3,סנו,IL,מגבות נייר הפלא סנו,מטרים,129.96,מטר,false,,24.90,0.1916,true,1,64413
7290108359213,false,נייר טואלט סנו סופט כפולים 18 גלילים,סנו,IL,נייר טואלט כפול סופט,מטרים,674.80,מטר,false,,39.90,0.0591,true,1,64797
7290108359824,false,"כיף - בייבי כיף קרם 500 מ""ל",קוסמופארם בעמ,IL,קרם גוף בייבי כיף 50,מיליליטרים,500.00,"100 מ""ל",false,,19.90,0.0398,true,1,39246
7290108359831,false,"כיף - בייבי כיף שמן 500 מ""ל","מיוצר ומשווק ע""י קוס",IL,שמן לתינוק בייבי כיף,מיליליטרים,500.00,"100 מ""ל",false,,19.90,0.0398,true,1,39241
7290108359848,false,בייבי כיף שמפו אל דמע 1 ל',בייבי כיף Baby,IL,שמפו בייבי כיף אל דמ,קילוגרמים,1.00,ליטר,false,,17.90,17.9000,true,1,39239
7290108359862,false,בייבי כיף אל סבון 1 ליטר,בייבי כיף Baby,IL,אל סבון בייבי כיף 1,קילוגרמים,1.00,ליטר,false,,17.90,17.9000,true,1,39240
7290108359886,false,בייבי כיף תחליב רחצה 1 ליטר,בייבי כיף Baby,IL,תחליב רחצה בייבי כיף,קילוגרמים,1.00,ליטר,false,,17.90,17.9000,true,1,39238
7290108359985,false,סנו - ז'אוול מרסס קצף לניקוי וחינו בניחוח פריחה לבנה 1 ליטר,סנו ז'אוול Javel,IL,תרסיס ניקוי סנו גאוו,קילוגרמים,1.00,ליטר,false,,16.90,16.9000,true,1,60908
7290108500677,false,כבד דג שיבוט מעושן בשמן הדג,"איטיליאן פוד, אס.פי.",IT,כבד דג שיבוט וילי פו,גרמים,120.00,100 גרם,false,,9.90,0.0825,true,1,55809
7290108502305,false,גבינת גרדה פדנו משולש 150 גר`וילי פוד,וילי פוד,IT,גבינת גרנה פדנו משול,גרמים,150.00,100 גרם,false,,18.90,0.1260,true,1,48092
7290108502510,false,קרקרים טעם טבעי ויליפוד 500ג',קולוסי אס פי איי,IT,קרקר קלאסי טבעי וילי,גרמים,500.00,100 גרם,false,,9.90,0.0198,true,1,37874
7290108502527,false,קרקרים במליחות מעודנת 500 גר',קולוסי אס פי איי,IT,קרקר במליחות מעודנת,גרמים,500.00,100 גרם,false,,9.90,0.0198,true,1,37875
7290108502558,false,גבינת שמנת לייט טבעי 200ג' EURO CHEESE,קסוס אל פסטור,TW,גבינה במרקם שמנת ליי,גרמים,200.00,100 גרם,false,,9.90,0.0495,true,1,48094
7290108503159,false,גבינה כחולה עם עובש 100 גר,קסוס אל פסטור,ES,גבינה כחולה 31% יורו,גרמים,100.00,100 גרם,false,,13.90,0.1390,true,1,48091
7290108503647,false,"אורז בסמטי מובחר 1 ק""ג",lt foods,IN,אורז בסמטי דאווט 1 ק,פריט,1.00,"ק""ג",false,,11.90,11.9000,true,1,44717
7290108503654,false,"אורז בסמטי מובחר 5 ק""ג",lt foods,IN,אורז בסמטי דאווט 5 ק,פריט,5.00,"ק""ג",false,,49.90,9.9800,true,1,44695
7290108503708,false,פיצה פטריות ויליפוד,מוטלוקל גידה סאנאי ט,IT,פיצה פטריות ויליפוד,גרמים,390.00,100 גרם,false,,13.80,0.0354,true,1,49004
7290108503715,false,פיצה עם זיתים 385 ג' וילי פוד,מוטלוקל גידה סאנאי ט,IT,פיצה זיתים ויליפוד 3,גרמים,385.00,100 גרם,false,,13.80,0.0358,true,1,49005
7290108503975,false,קנלוני פסטה איטליאנה,ויליפוד,IT,קנלוני פסטה איטליאנה,גרמים,250.00,100 גרם,false,,9.90,0.0396,true,1,50398
7290108505153,false,יוגורט בטעם טבעי 2% שומן 150 ג',Euro יורו מחלבות אירופה,GR,יוגורט יווני בטעם טב,גרמים,150.00,100 גרם,false,,4.80,0.0320,true,1,52628
7290108505160,false,יוגורט+אגסים 150 גרם 4% שומן - דלתא,Euro יורו מחלבות אירופה,GR,יוגורט יווני עם אגסי,גרמים,150.00,100 גרם,false,,4.80,0.0320,true,1,52620
7290108505177,false,יוגורט עם אננס 0% שומן 150 ג',Euro יורו מחלבות אירופה,GR,יוגורט יווני עם אננס,גרמים,150.00,100 גרם,false,,4.80,0.0320,true,1,52624
7290108505184,false,יוגורט עם קוקוס 5% שומן 150 ג',Euro יורו מחלבות אירופה,GR,יוגורט יווני עם קוקו,גרמים,150.00,100 גרם,false,,4.80,0.0320,true,1,52621
7290108505191,false,יוגורט עם פצפוצי שוקולד 5% שומן 150 ג',Euro יורו מחלבות אירופה,GR,יוגורט יווני עם פצפו,גרמים,150.00,100 גרם,false,,4.80,0.0320,true,1,52622
7290108505207,false,יוגורט עם אוכמניות 0% שומן 150 ג',Euro יורו מחלבות אירופה,GR,יוגורט יווני עם אוכמ,גרמים,150.00,100 גרם,false,,4.80,0.0320,true,1,52625
7290108505214,false,יוגורט עם אפרסק 0% שומן 150 ג',Euro יורו מחלבות אירופה,GR,יוגורט יווני עם אפרס,גרמים,150.00,100 גרם,false,,4.80,0.0320,true,1,52623
7290108505689,false,גבינת גרנה פדנו מגור,זנאטי,IT,גבינת גרנה פדנו מגור,גרמים,100.00,100 גרם,false,,9.90,0.0990,true,1,48220
7290108505719,false,גבינת מוצרלה מגורדת 25%,יורו צ'יז Euro Cheese,TR,גבינת מוצרלה מגורדת,גרמים,200.00,100 גרם,false,,12.90,0.0645,true,1,61761
7290108505726,false,גבינה חצי קשה-אצבעות,סאסו פטוראגס קומטויס,TR,אצבעות גבינה 25% יור,גרמים,200.00,100 גרם,false,,12.90,0.0645,true,1,61762
7290108505733,false,צמות - גבינה חצי קשה 25% שומן 200 ג',אונטד גידה,TR,צמות גבינה חצי קשה 2,גרמים,200.00,100 גרם,false,,12.90,0.0645,true,1,61763
7290108505740,false,גבינת קשקבל קשה למחצה 25% שומן,Euro יורו מחלבות אירופה,TR,גבינת קשקבל 25% יורו,גרמים,200.00,100 גרם,false,,12.90,0.0645,true,1,61764
7290108506037,false,יוגורט בטעם טבעי 5% שומן דלתא 150 ג',Euro יורו מחלבות אירופה,GR,יוגורט יווני בטעם טב,גרמים,150.00,100 גרם,false,,4.80,0.0320,true,1,54791
7290108506426,false,בייגלה קראנצ'י טורקי אותנטי - מוקפא,וילי פוד,TR,בייגלה טורקי סימיט ע,גרמים,400.00,100 גרם,false,,12.90,0.0323,true,1,64299
7290108507188,false,כנאפה מאפה שערות קדא,ארמה גרופ,TR,כנאפה מאפה שערות קדא,גרמים,450.00,100 גרם,false,,19.90,0.0442,true,1,52728
7290108507645,false,ביסקויט פריך בשוקולד מריר 100 גרם -קהילות,מודרן צוקולטה,TR,ביסקוויט פריך בשוקול,מיליליטרים,100.00,"100 מ""ל",false,,3.90,0.0390,true,1,59546
7290108507652,false,ביסקויט פריך בשוקולד לבן 100 גרם -קהילות,מודרן צוקולטה,TR,ביסקוויט פריך בשוקול,מיליליטרים,100.00,"100 מ""ל",false,,3.90,0.0390,true,1,59544
7290108508369,false,גבינת שערות צ'יז לונ,אונטד גידה,TR,שערות גבינה חצי קשה,גרמים,200.00,100 גרם,false,,12.90,0.0645,true,1,62119
7290108508499,false,"איירן משקה יוגורט בסגנון טורקי יורו 293 מ""ל",Euro יורו מחלבות אירופה,TR,משקה איירן יוגורט בס,מיליליטרים,293.00,"100 מ""ל",false,,4.90,0.0167,true,1,55562
7290108508765,false,קונכיות פתיתים 400 גרם,וילי פוד,TR,פתיתים קונכיות ויליפ,גרמים,400.00,100 גרם,false,,4.90,0.0123,true,1,58380
7290108508772,false,קונכיות פתיתים עם תרד 400 גרם,וילי פוד,TR,פתיתים קונכיות תרד ו,גרמים,400.00,100 גרם,false,,4.90,0.0123,true,1,58381
7290108508901,false,יוגורט עם דובדבנים ושקדים 0.6 %שומן דלתא 150 ג',Euro יורו מחלבות אירופה,GR,יוגורט יווני עם דובד,גרמים,150.00,100 גרם,false,,4.80,0.0320,true,1,56984
7290108508963,false,גבינת קשקבל מגורדת 25% שומן,Euro יורו מחלבות אירופה,TR,גבינת קשקבל מגורדת 2,גרמים,200.00,100 גרם,false,,12.90,0.0645,true,1,61765
7290108509106,false,גבינה בולגרית מעודנת בקוביות 13% שומן יורו 200 ג',קוליוס,TW,קוביות בולגרית מעודנ,גרמים,250.00,100 גרם,false,,11.90,0.0476,true,1,64300
7290108509113,false,"גבינה בולגרית מעודנת 18% שומן 250 גרם חת""ס פ""ת",Euro יורו מחלבות אירופה,TR,גבינה בולגרית מעודנת,גרמים,250.00,100 גרם,false,,11.90,0.0476,true,1,64301
7290108509144,false,מארז שלישיית עגבניות מרוסקות POLPA,וילי פוד,IT,מארז עגבניות מרוסקות,פריט,1.20,"ק""ג",false,,13.90,11.5833,true,1,58383
7290108509151,false,עגבניות שלמות מקולפות מארז 400X3 גר',P.S.U.S,IT,מארז עגבניות קלופות,פריט,1.20,"ק""ג",false,,13.90,11.5833,true,1,58382
7290108509168,false,קוביות עגבניות במיץ עגבניות - מארז שלישיה,וילי פוד,IT,מארז עגבניות קוביות,פריט,1.20,"ק""ג",false,,13.90,11.5833,true,1,58384
7290108509199,false,גבינת פטה 17% שומן יורו 500 ג',קוליוס,TW,גבינת פטה 17% יורו 5,גרמים,500.00,100 גרם,false,,19.90,0.0398,true,1,64302
7290108509816,false,גבינת בייבי מוצרלה 2,אונטד גידה,TR,גבינת בייבי מוצרלה 2,גרמים,200.00,100 גרם,false,,12.90,0.0645,true,1,62120
7290108509908,false,"מנת השף בשקית-אטריות בטעם ירקות 85 ג' חתם סופר ב""ב",וילי פוד - מנת השף,TH,מנת השף אטריות להכנה,גרמים,85.00,100 גרם,false,,3.50,0.0412,true,1,60210
7290108509915,false,"מנת השף בשקית-אטריות בטעם סיני פיקנטי 85 ג' חתם סופר ב""ב",וילי פוד - מנת השף,TH,מנת השף אטריות להכנה,גרמים,85.00,100 גרם,false,,3.50,0.0412,true,1,60211
7290108509922,false,"מנת השף בשקית-אטריות בטעם עוף 85 ג' חתם סופר ב""ב",וילי פוד - מנת השף,TH,מנת השף אטריות להכנה,גרמים,85.00,100 גרם,false,,3.50,0.0412,true,1,60212
7290108620108,false,"יין קברנה סוביניון אימפריאל 750 מ""ל",יקבי ציון,IL,יין אימפריאל קברנה ס,מיליליטרים,700.00,"100 מ""ל",false,,29.90,0.0427,true,1,51879
7290108620115,false,"יין אימפריאל מרלו 750 מ""ל",יקבי ציון,IL,יין אימפריאל מרלו,מיליליטרים,750.00,"100 מ""ל",false,,29.90,0.0399,true,1,51885
7290108620160,false,"יין אימפריאל סוביניון בלאן 750 מ""ל",יקבי ציון,IL,יין אימפריאל סוביניו,מיליליטרים,750.00,"100 מ""ל",false,,29.90,0.0399,true,1,51888
7290108620207,false,"יין אימפריאל ריזלינג גוורצטרמינר 750 מ""ל",יקבי ציון,IL,יין אימפריאל ריזלינג,מיליליטרים,700.00,"100 מ""ל",false,,29.90,0.0427,true,1,51890
7290108620245,false,מיץ ענבים מובחר לבן 100% טבעי 1 ליטר,יקבי ציון,IL,מיץ ענבים תירוש לבן,קילוגרמים,1.00,ליטר,false,,16.90,16.9000,true,1,59961
7290109351025,false,מלך החומוס חומוסטחינה 40% טחינה גולמית,צבר,IL,חומוסטחינה צבר 400 ג,גרמים,400.00,100 גרם,false,,13.90,0.0348,true,1,18456
7290109351971,false,פריכיות דגנים פיטנס מצופות שוקולד חלב,נסטלה Nestle,IL,פריכיות דגנים מצופות,גרמים,84.00,100 גרם,false,,11.90,0.1417,true,1,33948
7290109352916,false,פריכיות דגנים פיטנס מצופות שוקולד לבן,נסטלה Nestle,IL,פריכיות דגנים מצופות,גרמים,84.00,100 גרם,false,,11.90,0.1417,true,1,33947
7290109353494,false,פסטה פרפקטו פארפאלה 500ג' אסם,אסם פרפקטו Perfecto,IT,פסטה פארפלה פרפקטו 5,גרמים,500.00,100 גרם,false,,4.90,0.0098,true,1,64593
7290109354057,false,קרחוני לה פרוטה La Frutta בטעמי אננס תפוז- 5 יח',תות תעשיות מזון (201,IL,שלגוני לה פרוטה תפוז,גרמים,350.00,100 גרם,false,,17.90,0.0511,true,1,22970
7290109354101,false,לחמית ללא גלוטן 200 ג' אסם,אסם,IL,לחמית ל.גלוטן אסם 20,גרמים,200.00,100 גרם,false,,6.90,0.0345,true,1,27848
7290109358482,false,עוגיות קרמוגית במילוי קרם בטעם חלבה,היינץ צפון אמריקה מק,IL,עוגיות קרמוגית במילו,גרמים,200.00,100 גרם,false,,9.90,0.0495,true,1,43885
7290109580098,false,קבנוס בטעם סרירצ'ה 135 ג' זוגלובק,זוגלובק,IL,קבנוס בטעם סרירצ'ה ז,גרמים,135.00,100 גרם,false,,9.90,0.0733,true,1,60663
7290109580104,false,פסטרמה פרימיום רוסטביף 150 גר',זוגלובק,IL,רוסטביף זוגלובק 150,גרמים,150.00,100 גרם,false,,19.90,0.1327,true,1,55288
7290109580111,false,"צלעות אסאדו מעושנות פרימיום, 120 גרם",זוגלובק,IL,צלעות אסאדו מעושנות,גרמים,120.00,100 גרם,false,,19.90,0.1658,true,1,60664
7290109580166,false,פרימיום סרוולד קלאסי זוגלובק 150 ג',זוגלובק,IL,סלמי סרוולד זוגלובק,גרמים,150.00,100 גרם,false,,19.90,0.1327,true,1,55292
7290109580210,false,נקנקיות ריינהולד'ס הצרפתיה זוגלובק 300 ג',זוגלובק,IL,נקניקיות ריינהולדס ה,גרמים,300.00,100 גרם,false,,19.90,0.0663,true,1,61423
7290109580227,false,נקניקיות עוף ובקר בסגנון ברלינאי קאריוורסט,זוגלובק,IL,נקניקיות ריינהולדס ק,גרמים,300.00,100 גרם,false,,19.90,0.0663,true,1,61419
7290109580241,false,נאגטס מן הצומח 500 ג' זוגלובק,זוגלובק טבע,IL,נאגטס שניצלונים מן ה,גרמים,500.00,100 גרם,false,,21.90,0.0438,true,1,62330
7290109580258,false,מארז ח.עוף והודו 300 גר'+ סלמי תה 300 גר',זוגלובק,IL,מארז חרמון כפרית וסל,גרמים,600.00,100 גרם,false,,25.90,0.0432,true,1,62331
7290109580302,false,זוג תה מעושן 350 ג'+ ח.עוף 350 ג' בית יוסף,זוגלובק,IL,מארז תה מעושן וחרמון,גרמים,700.00,100 גרם,false,,25.90,0.0370,true,1,63065
7290109580326,false,נקניקיות עוף 800 גרם בית יוסף,זוגלובק,IL,נקניקיות עוף זוגלובק,גרמים,800.00,100 גרם,false,,23.90,0.0299,true,1,63066
7290109580357,false,חרמון 300 ג'+ חרמון ברביקיו 300 ג' בית יוסף,זוגלובק,IL,מארז חרמון וברביקיו,גרמים,600.00,100 גרם,false,,25.90,0.0432,true,1,63067
7290109580449,false,סלמי בטעם כמהין פרימיום 180 ג' זוגלובק,זוגלובק,IL,סלמי בטעם כמהין זוגל,גרמים,180.00,100 גרם,false,,19.90,0.1106,true,1,62203
7290109845012,false,ציפסר חשמלי מולר 5 ל,,,ציפסר חשמלי מולר 5 ל,Unknown,0.00,יחידה,false,,149.00,0.0000,true,1,64397
7290110000288,false,"מיץ מימי שזיפים מיובשים 946 מ""ל",היליו פאקינג קוסמי א,,מיץ שזיפים מיובשים ב,מיליליטרים,946.00,"100 מ""ל",false,,22.90,0.0242,true,1,28649
7290110000479,false,פריכיות אורז ללא מלח,בטר אנד דיפרנט,IL,פריכיות אורז ללא מלח,גרמים,210.00,100 גרם,false,,7.90,0.0376,true,1,40996
7290110000486,false,פריכיות אורז עם כוסמ,בטר אנד דיפרנט,IL,פריכיות אורז עם כוסמ,גרמים,210.00,100 גרם,false,,7.90,0.0376,true,1,40997
7290110000493,false,חמאת בוטנים טבעית קראנצ'י 350 גר',בטר אנד דיפרנט,IL,חמאת בוטנים קראנצ'י,גרמים,350.00,100 גרם,false,,13.90,0.0397,true,1,49237
7290110000967,false,מתוקל ממתיק נוזלי 390 גר',עין חרוד,IL,ממתיק נוזלי מתוקל 39,גרמים,390.00,100 גרם,false,,14.90,0.0382,true,1,48901
7290110001315,false,מיכל חלבי 2 ליטר 4 י,בטר אנד דיפרנט,IL,מיכל חלבי 2 ליטר 4 י,Unknown,0.00,יחידה,false,,14.90,0.0000,true,1,57219
7290110001612,false,ממתיק צמחי אריתריטול,בטר אנד דיפרנט,IL,ממתיק צמחי אריתריטול,פריט,1.00,"ק""ג",false,,39.90,39.9000,true,1,60652
7290110001995,false,קופסאות אחסון מלבנית 1ל' חמישייה פרווה,בטר אנד דיפרנט,IL,מארז 4 קופסאות אחסון,Unknown,0.00,יחידה,false,,11.90,0.0000,true,1,64035
7290110002008,false,קופסאות אחסון מלבנית 1ל' חמישייה בשרי,בטר אנד דיפרנט,IL,מארז 4 קופסאות אחסון,Unknown,0.00,יחידה,false,,11.90,0.0000,true,1,64034
7290110002206,false,"שמן קוקוס 500 מ""ל כשל""פ",בטר אנד דיפרנט,IL,שמן קוקוס מזוכך ב.ד.,מיליליטרים,500.00,"100 מ""ל",false,,19.90,0.0398,true,1,61378
7290110110277,false,סיידר תפוחים מוגז - מארז רביעייה,"קרלסברג קרואטיה , יב",HR,סיידר תפוחים סומרסבי,קילוגרמים,1.98,ליטר,false,,24.90,12.5758,true,1,56649
7290110110369,false,בירה קרלסברג לומה LUMA שישייה,מבשלות בירה בינלאומי,IL,מארז בירה קרלסברג לו,קילוגרמים,1.98,ליטר,false,,29.90,15.1010,true,1,52392
7290110110659,false,"ספרייט לימון ליים פחית 330מ""ל",החברה המרכזית לייצור,IL,"ספרייט 330 מ""ל",מיליליטרים,330.00,"100 מ""ל",false,,4.90,0.0148,true,1,50603
7290110114787,false,נביעות + תפוח 1.5 ליטר פיקדון,נביעות טבע הגליל בעמ,IL,נביעות מים בטעם תפוח,קילוגרמים,1.50,ליטר,false,,7.90,5.2667,true,1,58892
7290110114794,false,נביעות + אפרסק 1.5 ליטר פיקדון,"נביעות טבע הגליל בע""",IL,נביעות מים בטעם אפרס,קילוגרמים,1.50,ליטר,false,,7.90,5.2667,true,1,58893
7290110114800,false,נביעות + ענבים 1.5 ליטר פיקדון,"נביעות טבע הגליל בע""",IL,נביעות מים בטעם ענבי,קילוגרמים,1.50,ליטר,false,,7.90,5.2667,true,1,58894
7290110114855,false,"נביעות מים מינרליים, שישיה 6 * 1.5 ליטר פקדון",נביעות טבע הגליל בעמ,IL,מים נביעות 6*1.5 ליט,קילוגרמים,9.00,ליטר,false,,12.30,1.3667,true,1,58896
7290110114954,false,מיץ תפוזים מתקתקים 100% 2 ל' פריגת,פריגת,IL,מיץ תפוזים מתקתק פרי,קילוגרמים,2.00,ליטר,false,,19.90,9.9500,true,1,58878
7290110114961,false,מיץ בטעם תפוזים 1.5ל' פריגת,מבשלות בירה בינלאומי,IL,פריגת תפוזים 1.5 ליט,קילוגרמים,1.50,ליטר,false,,8.80,5.8667,true,1,58897
7290110114985,false,פריגת אשכולית 1.5 ליטר פיקדון,מבשלות בירה בינלאומי,IL,פריגת אשכוליות 1.5 ל,קילוגרמים,1.50,ליטר,false,,8.80,5.8667,true,1,58899
7290110114992,false,פריגת light אשכולית 1.5 ליטר פיקדון,מבשלות בירה בינלאומי,IL,פריגת אשכוליות דיאט,קילוגרמים,1.50,ליטר,false,,8.80,5.8667,true,1,58900
7290110115005,false,פריגת ענבים 1.5 ליטר פיקדון,מבשלות בירה בינלאומי,IL,פריגת ענבים 1.5 ליטר,קילוגרמים,1.50,ליטר,false,,8.80,5.8667,true,1,58901
7290110115012,false,מיץ ענבים בניחוח מרלו 1.5 ל' פריגת,פריגת,IL,פריגת ענבי מרלו 1.5,קילוגרמים,1.50,ליטר,false,,8.80,5.8667,true,1,58902
7290110115029,false,"פריגת משק""ל תפוח 1.5 ליטר פיקדון",מבשלות בירה בינלאומי,IL,פריגת תפוח 1.5 ליטר,קילוגרמים,1.50,ליטר,false,,8.80,5.8667,true,1,58903
7290110115036,false,פריגת מנגו 1.5 ליטר פיקדון,מבשלות בירה בינלאומי,IL,פריגת מנגו 1.5 ליטר,קילוגרמים,1.50,ליטר,false,,8.80,5.8667,true,1,58904
7290110115043,false,פריגת לימונענע 1.5 ליטר פיקדון,מבשלות בירה בינלאומי,IL,פריגת לימונענע 1.5 ל,קילוגרמים,1.50,ליטר,false,,8.80,5.8667,true,1,58905
7290110115050,false,פריגת מיקס תות בננה 1.5 ליטר פיקדון,מבשלות בירה בינלאומי,IL,פריגת מיקס תות בננה,קילוגרמים,1.50,ליטר,false,,8.80,5.8667,true,1,58906
7290110115081,false,פריגת צלול ענבים 1.5 ליטר פיקדון,מבשלות בירה לישראל ב,IL,פריגת צלול ענבים 1.5,קילוגרמים,1.50,ליטר,false,,8.20,5.4667,true,1,58910
7290110115104,false,פריגת צלול אפרסק 1.5 ליטר פיקדון,מבשלות בירה בינלאומי,IL,פריגת צלול אפרסק 1.5,קילוגרמים,1.50,ליטר,false,,8.20,5.4667,true,1,58911
7290110115128,false,פריגת צלול בטעם לימונענע 1.5 ליטר פיקדון,מבשלות בירה לישראל ב,IL,פריגת צלול לימונענע,קילוגרמים,1.50,ליטר,false,,8.20,5.4667,true,1,58913
7290110115180,false,מים מינרליים נביעות,"נביעות טבע הגליל בע""",IL,מים נביעות 1.5 ליטר,קילוגרמים,1.50,ליטר,false,,2.90,1.9333,true,1,59362
7290110115203,false,קוקה קולה 1.5 ליטר פיקדון,קוקה קולה Coca Cola,IL,קוקה קולה 1.5 ליטר,קילוגרמים,1.50,ליטר,false,,8.90,5.9333,true,1,58914
7290110115227,false,קולה ZERO 1.5 ליטר פיקדון,קוקה קולה Coca Cola,IL,קוקה קולה זירו 1.5 ל,קילוגרמים,1.50,ליטר,false,,8.90,5.9333,true,1,58916
7290110115234,false,קולה ZERO נטול 1.5 ליטר פיקדון,החברה המרכזית לייצור,IL,קוקה קולה זירו נטול,קילוגרמים,1.50,ליטר,false,,8.90,5.9333,true,1,58917
7290110115241,false,קוקה קולה זירו לימון 1.5 ליטר,החברה המרכזית לייצור,IL,קוקה קולה זירו לימון,קילוגרמים,1.50,ליטר,false,,8.90,5.9333,true,1,58918
7290110115265,false,ספרייט 1.5 ליטר LIME פיקדון,החברה המרכזית לייצור,IL,ספרייט למון ליים 1.5,קילוגרמים,1.50,ליטר,false,,8.90,5.9333,true,1,58924
7290110115272,false,ZERO ספרייט זירו 1.5 ליטר פיקדון,החברה המרכזית לייצור,IL,ספרייט זירו 1.5 ליטר,קילוגרמים,1.50,ליטר,false,,8.90,5.9333,true,1,58925
7290110115289,false,ספרייט 19 קל' לימון-נענע 1.5 ליטר פיקדון,החברה המרכזית לייצור,IL,ספרייט לימון נענע 1.,קילוגרמים,1.50,ליטר,false,,8.90,5.9333,true,1,58926
7290110115296,false,פאנטה אורנג' 1.5 ליטר פיקדון,החברה המרכזית לייצור,IL,פאנטה אורנג 1.5 ליטר,קילוגרמים,1.50,ליטר,false,,7.90,5.2667,true,1,58927
7290110115302,false,פאנטה ZERO אורנג' 1.5 ליטר פיקדון,החברה המרכזית לייצור,IL,פאנטה אורנג זירו 1.5,קילוגרמים,1.50,ליטר,false,,7.90,5.2667,true,1,58930
7290110115340,false,פאנטה ענבים 1.5 ליטר פיקדון,קוקה קולה,IL,פאנטה ענבים 1.5 ליטר,קילוגרמים,1.50,ליטר,false,,7.90,5.2667,true,1,58935
7290110115364,false,קוקה קולה שישיות 1.5 ליטר פיקדון,החברה המרכזית לייצור,IL,מארז קוקה קולה 6*1.5,קילוגרמים,9.00,ליטר,false,,49.90,5.5444,true,1,58920
7290110115388,false,ספרייט ליים שישיות 1.5 ליטר פיקדון,ספרייט Sprite,IL,מארז ספרייט ליים 6*1,קילוגרמים,9.00,ליטר,false,,49.90,5.5444,true,1,58928
7290110115395,false,ZERO ספרייט שישיות 1.5 ליטר פיקדון,החברה המרכזית לייצור,IL,מארז ספרייט זירו 6*1,קילוגרמים,9.00,ליטר,false,,46.90,5.2111,true,1,58929
7290110115401,false,קינלי סודה שישייה 1.5 ליטר פיקדון,החברה המרכזית לייצור,IL,מארז סודה קינלי 6 *1,קילוגרמים,9.00,ליטר,false,,14.90,1.6556,true,1,58937
7290110115418,false,מארז שישייה קוקה קולה זירו 1.5 ל',החברה המרכזית לייצור,IL,מארז קוקה קולה זירו,קילוגרמים,9.00,ליטר,false,,46.90,5.2111,true,1,58921
7290110115425,false,FUZE TEA גרין לימונענע -נענע 1.5 ליטר פיקדון,מבשלות בירה בינלאומי,IL,פיוז תה ירוק לימון נ,קילוגרמים,1.50,ליטר,false,,8.90,5.9333,true,1,58938
7290110115449,false,אייס תה בטעם מנגו אננס 1.5ל' FUZE TEA,מבשלות בירה בינלאומי,IL,פיוז תה אננס 1.5 ליט,קילוגרמים,1.50,ליטר,false,,8.90,5.9333,true,1,58939
7290110115456,false,"תה קר בטעם אפרסק 19 קלוריות ב- 100 מ""ל",מבשלות בירה בינלאומי,IL,פיוז תה אפרסק מופחת,קילוגרמים,1.50,ליטר,false,,8.90,5.9333,true,1,58940
7290110115463,false,אייס תה בטעם אפרסק 1.5ל' FUZE TEA,מבשלות בירה בינלאומי,IL,פיוז תה אפרסק 1.5 לי,קילוגרמים,1.50,ליטר,false,,8.90,5.9333,true,1,58941
7290110115494,false,אייס תה בטעם ענבים 1.5ל' FUZE TEA,מבשלות בירה בינלאומי,IL,פיוז תה ענבים 1.5 לי,קילוגרמים,1.50,ליטר,false,,8.90,5.9333,true,1,58944
7290110115531,false,פאנטה ZERO תפוח 1.5 ליטר פיקדון,החברה המרכזית לייצור,IL,פאנטה תפוח זירו 1.5,קילוגרמים,1.50,ליטר,false,,7.90,5.2667,true,1,58934
7290110115593,false,פריגת אשכוליות 40% פחות סוכר 1.5 ליטר פיקדון,מבשלות בירה בינלאומי,IL,פריגת אשכוליות 40% פ,קילוגרמים,1.50,ליטר,false,,8.80,5.8667,true,1,58908
7290110115609,false,פריגת ענבים 40% פחות סוכר 1.5 ליטר פיקדון,מבשלות בירה בינלאומי,IL,פריגת ענבים 40% פחות,קילוגרמים,1.50,ליטר,false,,8.80,5.8667,true,1,58909
7290110115616,false,FUZE tea zero גרין אננס 1.5 ליטר פיקדון,מבשלות בירה בינלאומי,IL,פיוז תה זירו גרין אנ,קילוגרמים,1.50,ליטר,false,,8.90,5.9333,true,1,59799
7290110115623,false,משקה פיוז טי זירו ZERO בטעם אפרסק,מבשלות בירה בינלאומי,IL,פיוז תה זירו אפרסק 1,קילוגרמים,1.50,ליטר,false,,8.90,5.9333,true,1,59800
7290110116064,false,פאנטה ZERO פירות ירוק 1.5 ליטר פיקדון,החברה המרכזית לייצור,IL,פאנטה אננס מנגו זירו,קילוגרמים,1.50,ליטר,false,,8.20,5.4667,true,1,63063
7290110116125,false,סירופ בטעם פטל במתיק,סירופ גבעת חיים,IL,סירופ בטעם פטל במתיק,מיליליטרים,750.00,"100 מ""ל",false,,19.90,0.0265,true,1,63136
7290110116132,false,"מיץ לימון 750 מ""ל פריגת",סירופ גבעת חיים,IL,סירופ בטעם לימון פרי,מיליליטרים,750.00,"100 מ""ל",false,,19.90,0.0265,true,1,63133
7290110116149,false,"מיץ ענבים 750 מ""ל פריגת",סירופ גבעת חיים,IL,סירופ בטעם ענבים במת,מיליליטרים,750.00,"100 מ""ל",false,,19.90,0.0265,true,1,63134
7290110116156,false,נביעות+ רכיבי פרי מנגו פסיפלורה 1.5 ליטר,נביעות,IL,נביעות רכיבי פרי מים,קילוגרמים,1.50,ליטר,false,,7.90,5.2667,true,1,63169
7290110116170,false,נביעות+ רכיבי פרי קוקוס אננס 1.5 ליטר,נביעות,IL,נביעות רכיבי פרי מים,קילוגרמים,1.50,ליטר,false,,7.90,5.2667,true,1,63170
7290110116194,false,"מים לימון ליים 0 קלוריות, 1.5 ל נביעות","נביעות טבע הגליל בע""",IL,נביעות 0 קלוריות מים,קילוגרמים,1.50,ליטר,false,,7.90,5.2667,true,1,63171
7290110116217,false,נביעות+ אשכוליות 0קלוריות 1.5 ליטר,"נביעות טבע הגליל בע""",IL,נביעות 0 קלוריות מים,קילוגרמים,1.50,ליטר,false,,7.90,5.2667,true,1,63172
7290110116385,false,"קולה זירו בטעם אבטיח תות, 330 מ""ל",החברה המרכזית למשקאו,IL,קולה זירו מרשמלו 330,מיליליטרים,330.00,"100 מ""ל",false,,4.90,0.0148,true,1,62950
7290110116552,false,ספרייט לימון היט 1.5 ליטר LIME פיקדון,החברה המרכזית לייצור,IL,ספרייט למון היט 1.5,קילוגרמים,1.50,ליטר,false,,8.90,5.9333,true,1,63991
7290110116569,false,"ספרייט זירו ZERO בק LEMON HIT, 1.5 ליטר",החברה המרכזית לייצור,IL,ספרייט זירו לימון הי,קילוגרמים,1.50,ליטר,false,,8.90,5.9333,true,1,63989
7290110320683,false,משקה יוגורט בטעם תות 1.5% - מארז 8 יח',מיוצר עי קונדיטוריית,IL,משקה יוגורט תות יופל,גרמים,800.00,100 גרם,false,,16.90,0.0211,true,1,28875
7290110320867,false,פתיתים גבינה חצי קשה מגורדת 28% שומן,תנובה מרכז שיתופי לש,IL,גבינה מגורדת עמק 500,גרמים,500.00,100 גרם,false,,32.90,0.0658,true,1,29796
7290110320935,false,גבינת מוצרלה תנובה 150ג' פרוסות,תנובה מרכז שיתופי לש,IL,גבינת מוצרלה פרוסות,גרמים,150.00,100 גרם,false,,15.90,0.1060,true,1,29798
7290110321277,false,קוטג' בקטנה % 5 100 ג' תנובה,פארייפאבה אגרואינדוס,IL,קוטג בקטנה 5% תנובה,גרמים,100.00,100 גרם,false,,2.50,0.0250,true,1,55245
7290110321284,false,קוטג' בקטנה 9% 100 ג' תנובה,פארייפאבה אגרואינדוס,IL,קוטג בקטנה 9% תנובה,גרמים,100.00,100 גרם,false,,2.50,0.0250,true,1,55246
7290110322014,false,טופו בטעם טבעי תנובה ALTERNATIVE,שוורצקוף& הנקל דיסלד,IL,טופו בטעם טבעי אלטרנ,גרמים,300.00,100 גרם,false,,11.80,0.0393,true,1,53396
7290110322038,false,טופו פיקנטי תנובה ALTERNATIVE,תנובה Alternative,IL,טופו פיקנטי אלטרנטיב,גרמים,300.00,100 גרם,false,,11.80,0.0393,true,1,53398
7290110323714,false,משקה קוקוס שקדים תנובה E אלטרנטיב,מיוצר עי קונדיטוריית,IL,משקה קוקוס שקדים אלט,קילוגרמים,1.00,ליטר,false,,11.60,11.6000,true,1,43450
7290110323998,false,מאגדת שמינייה מיני קרלו קצפת 8*77 ג',תנובה מרכז שיתופי לש,IL,מארז קרלו מיני עם קצ,גרמים,616.00,100 גרם,false,,11.90,0.0193,true,1,56927
7290110324070,false,גבינת חלומי מחלב בקר 22%שומן 200גר,"תנובה בע""מ",IL,גבינת חלומי 30% פירא,גרמים,200.00,100 גרם,false,,17.90,0.0895,true,1,55994
7290110324551,false,יופלה טיוב יוגורט במרקם חלק בטעם תות 348 ג',יופלה Yoplait,IL,מארז יופלה טיוב תות,גרמים,348.00,100 גרם,false,,9.90,0.0284,true,1,45085
7290110324711,false,ממרח סויה בטעם טבעי 9% שומן אלטרנטיב,מיוצר עי קונדיטוריית,IL,ממרח סויה בטעם טבעי,גרמים,250.00,100 גרם,false,,7.90,0.0316,true,1,47863
7290110324728,false,ממרח סויה עם שום שמיר 9% שומן אלטרנטיב,מיוצר עי קונדיטוריית,IL,ממרח סויה עם שום שמי,גרמים,250.00,100 גרם,false,,7.90,0.0316,true,1,47864
7290110324841,false,מעדן שקדים עם שוקולד מריר אלטרנטיב,מיוצר עי קונדיטוריית,IL,מעדן שקדים שוקולד מר,גרמים,125.00,100 גרם,false,,3.90,0.0312,true,1,48375
7290110324858,false,מעדן שקדים בטעם אגוזי לוז אלטרנטיב,מיוצר עי קונדיטוריית,IL,מעדן שקדים אגוזי לוז,גרמים,125.00,100 גרם,false,,3.90,0.0312,true,1,48376
7290110324926,false,משקה סויה ללא תוספת סוכר E אלטרנטיב,תנובה מרכז שיתופי לש,IL,משקה סויה ללא תוספת,קילוגרמים,1.00,ליטר,false,,9.90,9.9000,true,1,47996
7290110325169,false,פרוסות גבינת גאודה 30%,תנובה,IL,פרוסות גאודה תנובה 1,גרמים,170.00,100 גרם,false,,16.90,0.0994,true,1,50308
7290110325510,false,יופלה טיוב יוגורט במרקם חלק בטעם וניל - 348 ג',"תנובה בע""מ",IL,מארז יופלה טיוב וניל,גרמים,348.00,100 גרם,false,,9.90,0.0284,true,1,48517
7290110325619,false,משקה שיבולת שועל תנובה E אלטרנטיב,מיוצר עי קונדיטוריית,IL,משקה שיבולת שועל אלט,קילוגרמים,1.00,ליטר,false,,11.60,11.6000,true,1,48618
7290110325893,false,משקה חלב GO מועשר בחלבון בטעם אייס קפה,מיוצר עי קונדיטוריית,IL,משקה GO אייס קפה 27,מיליליטרים,340.00,"100 מ""ל",false,,6.90,0.0203,true,1,51433
7290110326173,false,יולו COOKIES שוקולדלבן בטעם קרם עוגיות+עוגיות ונטיפי שוקולד 120 ג',תנובה,IL,יולו שוקולד לבן בטעם,גרמים,120.00,100 גרם,false,,4.90,0.0408,true,1,50819
7290110326210,false,יופלה און טופ פצפוצים 157 גרם.,מיוצר עי קונדיטוריית,IL,יופלה און טופ פצפוצי,גרמים,157.00,100 גרם,false,,4.70,0.0299,true,1,50312
7290110326227,false,יוגורט און טופ קורנפלקס 157 ג' יופלה,מיוצר עי קונדיטוריית,IL,יופלה און טופ קורנפל,גרמים,157.00,100 גרם,false,,4.70,0.0299,true,1,50315
7290110326234,false,יוגורט און טופ כוכבים 157 ג' יופלה,מיוצר עי קונדיטוריית,IL,יופלה און טופ כוכבים,גרמים,157.00,100 גרם,false,,4.70,0.0299,true,1,50313
7290110326906,false,חלב נטול לקטוז 3% 1 ליטר,מיוצר עי קונדיטוריית,IL,חלב נטול לקטוז 3% תנ,קילוגרמים,1.00,ליטר,false,,7.20,7.2000,true,1,53969
7290110327033,false,משקה סויה גו מועשר בחלבון במתיקות מופחתת 1 ליטר,מיוצר עי קונדיטוריית,IL,משקה סויה מועשר בחלב,קילוגרמים,1.00,ליטר,false,,11.60,11.6000,true,1,52285
7290110327514,false,משקה שיבולת שועל בטעם אגוזי לוז 1 ליטר אלטרנטיב,תנובה מרכז שיתופי לש,IL,משקה שיבולת שועל בטע,קילוגרמים,1.00,ליטר,false,,11.60,11.6000,true,1,59437
7290110327545,false,מעדן און טופ תות פצפוצים מצופים שוקולד 157ג' יופלה,מיוצר עי קונדיטוריית,IL,יופלה און טופ תות ופ,גרמים,157.00,100 גרם,false,,4.70,0.0299,true,1,54088
7290110328016,false,משקה סויה מועשר בחלבון בטעם אגוזי לוז 250 גרם,תנובה מרכז שיתופי לש,IL,משקה סויה מועשר בטעם,מיליליטרים,250.00,"100 מ""ל",false,,5.90,0.0236,true,1,55372
7290110328023,false,משקה סויה מועשר בחלבון בטעם קפה 250 גרם,תנובה מרכז שיתופי לש,IL,משקה סויה מועשר עם ק,מיליליטרים,250.00,"100 מ""ל",false,,5.90,0.0236,true,1,55373
7290110328504,false,טריו - מיקס גבינות מוצרלה סקנדינבית וגאודה 300 גרם,מיוצר עי קונדיטוריית,IL,טריו פתיתים מיקס 3 ג,גרמים,300.00,100 גרם,false,,23.90,0.0797,true,1,55870
7290110328610,false,משקה אורז ושקדים בריסטה אלטרנטיב 1 ליטר,תנובה Alternative,IL,משקה אורז ושקדים ברי,קילוגרמים,1.00,ליטר,false,,11.60,11.6000,true,1,62378
7290110328627,false,יוגורט יופלה GO במרקם סמיך בטעם בננה קרמל 0%,מיוצר עי קונדיטוריית,IL,יוגורט גו יופלה סמיך,גרמים,200.00,100 גרם,false,,4.70,0.0235,true,1,57004
7290110328641,false,טופו טבעי אלטרנטיב 2,תנובה,IL,טופו טבעי אלטרנטיב 2,גרמים,500.00,100 גרם,false,,16.90,0.0338,true,1,62661
7290110328764,false,יוגורט יופלה GO במרקם סמיך עם תות 0%,מיוצר עי קונדיטוריית,IL,יוגורט גו יופלה סמיך,גרמים,200.00,100 גרם,false,,4.70,0.0235,true,1,57006
7290110328771,false,יוגורט יופלה GO במרקם סמיך עם פירות יער 0%,מיוצר עי קונדיטוריית,IL,יוגורט גו יופלה סמיך,גרמים,200.00,100 גרם,false,,4.70,0.0235,true,1,57007
7290110328788,false,יוגורט יופלה GO במרקם סמיך בטעם אפרסק 0%,תנובה מרכז שיתופי לש,IL,יוגורט גו יופלה סמיך,גרמים,200.00,100 גרם,false,,4.70,0.0235,true,1,57005
7290110328931,false,פתיתי גבינה צהובה למאפים 500 גרם השף הלבן,תנובה,IL,פתיתי גבינה למאפים ה,גרמים,500.00,100 גרם,false,,19.90,0.0398,true,1,64469
7290110329136,false,מעדן חלב מעושר בחלבון בטעם שוקולד 120 ג' GO,תנובה מרכז שיתופי לש,IL,מעדן חלב גו 12 מועשר,גרמים,120.00,100 גרם,false,,4.50,0.0375,true,1,59439
7290110329143,false,מעדן חלב מעושר בחלבון בטעם וניל גביע 120 ג' GO,תנובה מרכז שיתופי לש,IL,מעדן חלב גו 12 מועשר,גרמים,120.00,100 גרם,false,,4.50,0.0375,true,1,59440
7290110329303,false,פרוסות צהובה 200 גרם אלטרנטיב אלטרנטיב,תנובה Alternative,IL,פרוסות צהובה קלאסית,גרמים,200.00,100 גרם,false,,19.90,0.0995,true,1,62659
7290110329600,false,מאגדת שמנת לבישול 15% 250 גרם*3 יח',תנובה,IL,מארז שמנת לבישול 15%,גרמים,750.00,100 גרם,false,,19.90,0.0265,true,1,64481
7290110329686,false,"משקה חלב בטעם עוגיות 340 מ""ל GO",מיוצר עי קונדיטוריית,IL,משקה GO בטעם עוגיות,מיליליטרים,340.00,"100 מ""ל",false,,6.90,0.0203,true,1,62660
7290110329716,false,משקה קפה קר בטעם קפוצ'ינו 230 ג' תנובה,תנובה מרכז שיתופי לש,IL,משקה קפה קר בטעם קפו,מיליליטרים,230.00,"100 מ""ל",false,,6.90,0.0300,true,1,61983
7290110329723,false,משקה קפה קר בטעם לאטה 230 ג' תנובה,תנובה מרכז שיתופי לש,IL,משקה קפה קר בטעם לאט,מיליליטרים,230.00,"100 מ""ל",false,,6.90,0.0300,true,1,61984
7290110329730,false,"משקה חלב עם שוקולד וקפה בסגנון לאטה 2.7%  230 מ""ל תנובה",תנובה מרכז שיתופי לש,IL,משקה קפה קר בטעם לאט,מיליליטרים,230.00,"100 מ""ל",false,,6.90,0.0300,true,1,61985
7290110329792,false,יוגורט סויה BIO Alternative אפרסק 150 ג' תנובה,מיוצר עי קונדיטוריית,IL,מעדן סויה ביו אפרסק,גרמים,150.00,100 גרם,false,,4.40,0.0293,true,1,59816
7290110329808,false,יוגורט סויה BIO Alternative תות 150 ג' תנובה,מיוצר עי קונדיטוריית,IL,מעדן סויה ביו תות אל,גרמים,150.00,100 גרם,false,,4.40,0.0293,true,1,59817
7290110329815,false,סויה BIO מתיקות מעודנת גביע 150 גרם אלטרנטיב,מיוצר עי קונדיטוריית,IL,מעדן סויה ביו מתיקות,גרמים,150.00,100 גרם,false,,4.40,0.0293,true,1,59818
7290110329822,false,יוגורט סויה BIO Alternative פירות יער 150 ג' תנובה,מיוצר עי קונדיטוריית,IL,מעדן סויה ביו פירות,גרמים,150.00,100 גרם,false,,4.40,0.0293,true,1,59819
7290110329839,false,פרוסות צהובה בטעם זיתים 200 ג' אלטרנטיב אלטרנטיב,מיוצר עי קונדיטוריית,IL,פרוסות צהובה בטעם זי,גרמים,200.00,100 גרם,false,,19.90,0.0995,true,1,62651
7290110329846,false,יוגורט סויה BIO Alternative בטעם טבעי 150 ג' תנובה,מיוצר עי קונדיטוריית,IL,מעדן סויה ביו טבעי א,גרמים,150.00,100 גרם,false,,4.40,0.0293,true,1,59820
7290110329914,false,מאגדת משקה שיבולת שועל ושקדים 100 גרם*6 יח' ביו אלטרנטיב,תנובה מרכז שיתופי לש,IL,משקה ביו שיבולת שועל,מיליליטרים,600.00,"100 מ""ל",false,,17.90,0.0298,true,1,62706
7290110550202,false,מטבעות שוקולד חלב לאפיה 400 ג עילת,שטראוס,IL,מטבעות שוקולד חלב לא,גרמים,400.00,100 גרם,false,,24.90,0.0622,true,1,61791
7290110550219,false,מטבעות שוקולד לבן לאפיה 400 ג עלית,שטראוס,IL,מטבעות שוקולד לבן לא,גרמים,400.00,100 גרם,false,,24.90,0.0622,true,1,61792
7290110550226,false,מטבעות שוקולד מריר לאפיה 400 ג עלית,שטראוס,IL,מטבעות שוקולד מריר ל,גרמים,400.00,100 גרם,false,,24.90,0.0622,true,1,61793
7290110550394,false,שוקולד PERFECT BITE קרם אגוזים ושברי אגוזים 234 ג' עלית,"שטראוס גרופ בע""מ",IL,חטיף שוקולד פרפקט בי,גרמים,234.00,100 גרם,false,,18.90,0.0808,true,1,59111
7290110552220,false,יוגורט PRO בטעם תות 0% סוכר לבן 20 גרם חלבון בגביע,"שטראוס בריאות בע""מ",IL,דנונה פרו 20 תות ללא,גרמים,200.00,100 גרם,false,,5.90,0.0295,true,1,59730
7290110552237,false,יוגורט פרו בטעם אפרסק מנגו ללא סוכר 200 ג' דנונה,"שטראוס בריאות בע""מ",IL,דנונה פרו 20 אפרסק ו,גרמים,200.00,100 גרם,false,,5.90,0.0295,true,1,59731
7290110554422,false,רוטב עגבניות ופלפלים לשקשוקה 350 גר' יד מרדכי,אימילאנה,IT,רוטב עגבניות ופלפלים,גרמים,350.00,100 גרם,false,,7.90,0.0226,true,1,63021
7290110554583,false,מארז חטיפי צ'יטוס פאפס בטעם גבינה - 10 יחידות,שטראוס,IL,מארז צ'יטוס בטעם גבי,גרמים,200.00,100 גרם,false,,11.50,0.0575,true,1,59910
7290110554729,false,קפסולות עלית אספרסו 04 תואמות למכונות NESPRESSO,שטראוס קפה בי.וי,IL,קפסולות עלית מס 04 ל,גרמים,50.00,100 גרם,false,,15.50,0.3100,true,1,61599
7290110554798,false,פולי אספרסו עשירים וארומטיים עוצמה 08 250 ג' עלית,שטראוס קפה בי.וי,IL,פולי קפה ארומטיים בק,גרמים,250.00,100 גרם,false,,19.90,0.0796,true,1,64050
7290110555009,false,מארז זוג רוטב פסאטה 2* 350 ג' יד מרדכי,אימילאנה,IT,מחית עגבניות פסאטה י,גרמים,700.00,100 גרם,false,,11.90,0.0170,true,1,62711
7290110556242,false,"שוקולד מריר פרווה 100 גר' בד""ץ תוצרת חוץ","שטראוס גרופ בע""מ.",IL,שוקולד פרה מריר 100,גרמים,100.00,100 גרם,false,,4.90,0.0490,true,1,63187
7290110557027,false,חומוס עשיר 50% טחינה גולמית 400 ג' אחלה,מיוצר עי קונדיטוריית,IL,חומוס עשיר ב50% טחינ,גרמים,400.00,100 גרם,false,,12.90,0.0323,true,1,59430
7290110557102,false,מעדן חלב עם שוקולד מועשר בחלבון 150 ג' שטראוס,מיוצר עי קונדיטוריית,IL,מעדן חלב עם שוקולד פ,גרמים,150.00,100 גרם,false,,4.90,0.0327,true,1,58385
7290110557133,false,מעדן הגולן וניל 125 ג' שטראוס,מיוצר עי קונדיטוריית,IL,מעדן הגולן וניל 125,מיליליטרים,125.00,"100 מ""ל",false,,2.80,0.0224,true,1,58720
7290110557478,false,חומוס גלילי במרקם מעודן 600 גרם,שטראוס,IL,חומוס גלילי אחלה 600,גרמים,600.00,100 גרם,false,,11.90,0.0198,true,1,60733
7290110558154,false,דנונה לייט אנד פרי עוגת תפוחים 150ג דנונה,"שטראוס בריאות בע""מ",IL,דנונה לייט אנד פרי ב,גרמים,150.00,100 גרם,false,,4.50,0.0300,true,1,62715
7290110558215,false,"דנונה קראנצ`פיסטוק עם פיצפוץ לבן קראנצי פיסטוק, 173 גרם","שטראוס בריאות בע""מ",IL,דנונה בר קראנץ פיסטו,מיליליטרים,173.00,"100 מ""ל",false,,3.90,0.0225,true,1,63722
7290110558222,false,"וואו יוגורט עם שכבה בטעם בנופי פאי 5.4%, 150ג דנונה","שטראוס בריאות בע""מ",IL,דנונה WOW עם שכבה בט,מיליליטרים,150.00,"100 מ""ל",false,,4.50,0.0300,true,1,62717
7290110558239,false,"וואו יוגורט עם שכבה בטעם קראק פאי 5.4%, 150 ג דנונה","שטראוס בריאות בע""מ",IL,דנונה WOW עם שכבה בט,מיליליטרים,150.00,"100 מ""ל",false,,4.50,0.0300,true,1,62718
7290110558253,false,"דנונה ריפרש בננה אננס וצ`יה, 250 גרם","שטראוס בריאות בע""מ",IL,משקה דנונה ריפרש בננ,גרמים,250.00,100 גרם,false,,5.50,0.0220,true,1,62223
7290110558314,false,דנונה פרו 20 ג' חלבון ללא סוכר פיסטוק 200 גרם,"שטראוס בריאות בע""מ",IL,דנונה פרו 20 בטעם פי,גרמים,200.00,100 גרם,false,,5.90,0.0295,true,1,62714
7290110558666,false,מעדן גבינה בטעם תפוח 88 ג' דניאלה,"שטראוס בריאות בע""מ",IL,דניאלה בטעם תפוח 88,גרמים,88.00,100 גרם,false,,3.90,0.0443,true,1,63717
7290110559748,false,ריל - מאגדת שקדים קוקוס ושוקולד מריר 35 גרם * 3,ואמואליס פודס,GR,מאגדת ריל אנרג'י שקד,גרמים,105.00,100 גרם,false,,12.90,0.1229,true,1,62383
7290110559755,false,ריל - מאגדת בוטנים פיסטוק וחמוציות 35 גרם * 3,ואמואליס פודס,GR,מאגדת ריל אנרג'י בוט,גרמים,105.00,100 גרם,false,,12.90,0.1229,true,1,62384
7290110559762,false,ריל - מאגדת אגוזים תמרם קוקוס 35 גרם * 3,ואמואליס פודס,GR,מאגדת ריל אנרג'י אגו,גרמים,105.00,100 גרם,false,,12.90,0.1229,true,1,62385
7290110560300,false,"הפריכיות הטעימות חומוס, עדשים שחורות, קינואה ופלפל שחור",אנרג'י Energy - שטראוס,IL,פריכיות אנרג'י משולש,Unknown,0.00,יחידה,false,,4.90,0.0000,true,1,52325
7290110560317,false,"הפריכיות הטעימות חומוס, עדשים שחורות, קינואה ומלח ים","פרח תעשיו מזון בע""מ",IL,פריכיות אנרג'י משולש,Unknown,0.00,יחידה,false,,4.90,0.0000,true,1,52326
7290110560324,false,"הפריכיות הטעימות תפו""א, אורז, אפונה ומלח ים","פרח תעשיו מזון בע""מ",IL,פריכיות אנרג'י משולש,Unknown,0.00,יחידה,false,,4.90,0.0000,true,1,52327
7290110561352,false,דנונה יוגורט ביו פרוביוטי 3% דל לקטוז 150ג',"שטראוס בריאות בע""מ",IL,דנונה דל לקטוז בתוספ,גרמים,200.00,100 גרם,false,,3.90,0.0195,true,1,57263
7290110561604,false,מארז 8 יחידות מעדן גמדים בטעם תות בננה,שטראוס,IL,מארז גמדים תות בננה,גרמים,800.00,100 גרם,false,,17.90,0.0224,true,1,31589
7290110563462,false,חלב בבקבוק נטול לקטוז 2% יטבתה 1 ל',מחלבת יטבתה,IL,חלב מועשר נטול לקטוז,קילוגרמים,1.00,ליטר,false,,7.80,7.8000,true,1,48902
7290110564339,false,חומוס אחלה הסידרה המובחר 30% טחינה 400 גר',מיוצר עי קונדיטוריית,IL,חומוס עשיר ב30% טחינ,גרמים,400.00,100 גרם,false,,12.90,0.0323,true,1,31575
7290110564360,false,חומוס אחלה הסידרה המובחר 40% טחינה 400 גר',מיוצר עי קונדיטוריית,IL,חומוס עשיר ב40% טחינ,גרמים,400.00,100 גרם,false,,12.90,0.0323,true,1,31574
7290110564414,false,חומוס אחלה הסידרה המובחר 30% טחינה 600 גר',מיוצר עי קונדיטוריית,IL,חומוס עשיר ב 30% טחי,גרמים,600.00,100 גרם,false,,14.90,0.0248,true,1,31571
7290110565527,false,יוגורט PRO פרו 1.5% 20 גרם חלבון בגביע,"שטראוס בריאות בע""מ",IL,דנונה פרו טבעי 1.5%,גרמים,200.00,100 גרם,false,,5.90,0.0295,true,1,30376
7290110565572,false,מנות אישיות קפה טורקי לדרך עם הל,שטראוס קפה בי.וי,IL,קפה טורקי הל לדרך 2,גרמים,168.00,100 גרם,false,,16.90,0.1006,true,1,63190
7290110566043,false,יוגורט 4.5% שומן 3 ל' שטראוס,"מחלבות בר בכפר בע""מ",IL,משקה יוגורט 4% שטראו,פריט,3.00,"ק""ג",false,,26.90,8.9667,true,1,34786
7290110566623,false,קפסולות קולומביה עלית 08 למכונת נספרסו מארז 5X10ג',שטראוס קפה בי.וי,IL,קפסולות עלית קולומבי,Unknown,0.00,יחידה,false,,15.50,0.0000,true,1,35365
7290110566975,false,דנונה פרו יוגורט 0% תות עשיר בחלבון 200ג',"שטראוס בריאות בע""מ",IL,דנונה פרו תות 0% 200,גרמים,200.00,100 גרם,false,,5.90,0.0295,true,1,34607
7290110568238,false,"קצפת צמחית 21% שומן 250 מ""ל יוטבתה",מחלבת יטבתה,IL,קצפת צמחית במתיקות מ,מיליליטרים,250.00,"100 מ""ל",false,,7.90,0.0316,true,1,55306
7290110568511,false,קונפיטורה פירות יער במתיקות מעודנת 265 ג' יד מרדכי,קריות זול,FR,קונפיטורה פירות יער,גרמים,265.00,100 גרם,false,,12.90,0.0487,true,1,54048
7290110571382,false,מעדן חלב בטעם וניל מעושר בחלבון 150 ג' שטראוס,"שטראוס בריאות בע""מ",IL,מעדן חלב בטעם וניל פ,גרמים,150.00,100 גרם,false,,4.90,0.0327,true,1,62066
7290110571405,false,עלית - מיני פינוקיות בגביע פסק זמן 180 גרם,עלית,IL,עוגיות מיני פינוקיות,גרמים,180.00,100 גרם,false,,7.90,0.0439,true,1,64309
7290110571412,false,מיני פינוקיות - פאדג' שוקולד בגביע 180 גרם,עלית,IL,עוגיות מיני פינוקיות,גרמים,180.00,100 גרם,false,,7.90,0.0439,true,1,64310
7290110571535,false,מארז קפה טורקי הל 3*100 ג' עלית,שטראוס קפה בי.וי,IL,מארז קפה טורקי הל על,גרמים,300.00,100 גרם,false,,26.90,0.0897,true,1,61795
7290110572884,false,"קפסולות קפה מספר 20 למכונת אספרס אספרסו, 50 גרם",שטראוס קפה בי.וי.,IL,קפסולות עלית מס' 20,גרמים,50.00,100 גרם,false,,15.50,0.3100,true,1,64250
7290110574413,false,עלית - פופקורן בטעם טעמי 70 גרם,סראנו עבור שטראוס,קפריסין,פופקורן מקורמל מצופה,גרמים,70.00,100 גרם,false,,7.90,0.1129,true,1,64074
7290110574420,false,עלית - פופקורן בטעם פסק זמן 70 גרם,סראנו עבור שטראוס,קפריסין,פופקורן מקורמל מצופה,גרמים,70.00,100 גרם,false,,7.90,0.1129,true,1,64075
7290110576752,false,טבלאות שוקולד ספלנדיד מריר 70% 100 ג' עלית,קימ'ס גריפלנן,BE,שוקולד ספלנדיד מריר,גרמים,100.00,100 גרם,false,,9.90,0.0990,true,1,64260
7290110576776,false,טבלאות שוקולד ספלנדיד מריר 85% 100 ג' עלית,קימ'ס גריפלנן,BE,שוקולד ספלנדיד מריר,גרמים,100.00,100 גרם,false,,9.90,0.0990,true,1,64261
7290110576790,false,סקי בטעם מוקה 125 ג' שטראוס,"שטראוס בריאות בע""מ",IL,מעדן גבינה בטעם מיקס,גרמים,125.00,100 גרם,false,,3.70,0.0296,true,1,63718
7290110576851,false,"גמדים לשתיה סלט פירות 8 יח' *100מ""ל",קריות זול,IL,מארז משקה גמדים סלט,גרמים,864.00,100 גרם,false,,19.90,0.0230,true,1,63719
7290110577230,false,משקה חלב בטעם פיסטוק יטבתה 1 ליטר,מחלבת יטבתה,IL,משקה חלב בטעם פיסטוק,קילוגרמים,1.00,ליטר,false,,11.50,11.5000,true,1,63715
7290111342042,false,כריות יפניות לניקוי וקרצוף אנטיבקטריאלי,פלסטו פוליש,IL,כריות יפניות אנטיבקט,Unknown,0.00,יחידה,false,,10.90,0.0000,true,1,51306
7290111342226,false,תחבושות לילי לילה +,אונטקס,ES,תחבושות לילי לילה +,Unknown,0.00,יחידה,false,,24.90,0.0000,true,1,49729
7290111343858,false,מטליות לחות לרצפה אנטיבקטריאלי 10 יחי',עלבד משואות יצחק,IL,מטליות לחות אנטיבקטר,Unknown,0.00,יחידה,false,,10.90,0.0000,true,1,51308
7290111344077,false,מטליות לחות אנטיבקטר,עלבד משואות יצחק,IL,מטליות לחות אנטיבקטר,Unknown,0.00,יחידה,false,,24.90,0.0000,true,1,51309
7290111344206,false,האגיס נטורל קר מגבונים לחים בבישום עדין רביעייה,חוגלה קימברלי,IL,מגבונים האגיס 4*64 י,Unknown,0.00,יחידה,false,,18.90,0.0000,true,1,58589
7290111344503,false,חיתולי האגיס אקסטרה קייר מידה +4 36 יח',חוגלה קימברלי,IL,חיתולי האגיס אקסטרא,Unknown,0.00,יחידה,false,,54.90,0.0000,true,1,64628
7290111344558,false,שקיות אשפה לארג' 100 יח,חוגלה קימברלי,IL,שקיות אשפה לפחים גדו,Unknown,0.00,יחידה,false,,29.90,0.0000,true,1,57758
7290111344695,false,נייר טואלט מולט 32 יח' מהדורת חורף,חוגלה קימברלי,IL,נייר טואלט מולט 32 ג,מטרים,528.00,מטר,false,,26.90,0.0509,true,1,54556
7290111344831,false,קוטקס - מגיני יום אקסטרא פרוטקט נורמל ביג 60 יח',חוגלה קימברלי,CN,מגן תחתון קוטקס אקסט,Unknown,0.00,יחידה,false,,17.90,0.0000,true,1,58996
7290111344855,false,קוטקס - מגיני יום אקסטרא פרוטקט לארג' ביג 52 יח',חוגלה קימברלי,CN,מגן תחתון קוטקס אקסט,Unknown,0.00,יחידה,false,,17.90,0.0000,true,1,58997
7290111345982,false,דפי ספוגית הקסם ניקול 10 יח',חוגלה קימברלי,IL,דפי ספוגית הקסם ניקו,Unknown,0.00,יחידה,false,,9.90,0.0000,true,1,61703
7290111351723,false,פופקורן למיקרוגל טבע,פופז,US,פופקורן למיקרוגל טבע,פריט,1.10,"ק""ג",false,,19.90,18.0909,true,1,46667
7290111351754,false,פופקורן למיקרוגל חמא,פופז,US,פופקורן למיקרוגל חמא,פריט,1.10,"ק""ג",false,,19.90,18.0909,true,1,46668
7290111352232,false,מארז ממתקים סביבון י,,,מארז ממתקים סביבון י,Unknown,0.00,יחידה,false,,9.90,0.0000,true,1,64304
7290111352966,false,יוגטה סוכריות ממולאות בטעם פירות 250 גרם ללא ג'לטין,סאדאט,TR,סוכריות גומי ממולאות,גרמים,250.00,100 גרם,false,,5.90,0.0236,true,1,51435
7290111352973,false,יוגוטה קוביות חמוצות ממולאות בטעם פירות,יוגטה yogueta,TR,סוכריות קוביות חמוצו,גרמים,220.00,100 גרם,false,,5.90,0.0268,true,1,51436
7290111353208,false,פופקורן למיקרוגל טבע,פופז,US,פופקורן למיקרוגל טבע,פריט,1.10,"ק""ג",false,,19.90,18.0909,true,1,53218
7290111353383,false,סוכריות מנטוס שמחות תות 250 גרם,פרפטי ואן מלה ברדה,NL,מנטוס מיני בטעם תות,גרמים,178.00,100 גרם,false,,13.90,0.0781,true,1,53095
7290111353475,false,"שטיחים חמוצים בטעם פירות 200 גרם בד""ץ",סאאדת,TR,סוכריות גומי שטיחים,גרמים,200.00,100 גרם,false,,5.90,0.0295,true,1,54585
7290111353482,false,יוגטה סוכריות חמוצות ממלאות בטעמי פירות 200 ג',סאאדת,TR,סוכריות גומי ממולאות,גרמים,200.00,100 גרם,false,,5.90,0.0295,true,1,54586
7290111563492,false,סלט מטבוחה חריפה מרובע 400 ג' צבר,סלטי צבר,IL,מטבוחה חריפה צבר 400,גרמים,400.00,100 גרם,false,,11.90,0.0298,true,1,39510
7290111564239,false,שלגוני קראנץ' Crunch בטעם וניל - 5 יח',גלידות נסטלה (נגה גל,IL,שלגוני מיני קראנצ ונ,גרמים,275.00,100 גרם,false,,22.50,0.0818,true,1,31246
7290111564277,false,פריכיות דקות ונימוחות 3 דגנים פיטנס Fitness,פרח תעשיות,IL,פריכיות דקות 3 דגנים,גרמים,120.00,100 גרם,false,,9.90,0.0825,true,1,37709
7290111564291,false,פריכיות דקות ונימוחות 3 דגנים וקינואה פיטנס Fitness,פרח תעשיות,IL,פריכיות דקות עם קינו,גרמים,120.00,100 גרם,false,,9.90,0.0825,true,1,37708
7290111565038,false,"לה קרמריה וניל קוקילידה בד""צ 1.4 ל'",המאפיה של הרמן,IL,גלידה לה קרמריה וניל,קילוגרמים,1.40,ליטר,false,,17.50,12.5000,true,1,33158
7290111565083,false,מארז במבה 15*25 גרם,גבעול,IL,מארז במבה 15*25 גרם,גרמים,375.00,100 גרם,false,,17.90,0.0477,true,1,29790
7290111566103,false,טבעול פלאפל מרכיבים ביתיים בלבד 590 ג',עיצובים 2020 (4.8),IL,פלאפל טבעול 590 גרם,גרמים,590.00,100 גרם,false,,29.90,0.0507,true,1,30492
7290111566240,false,טבעול שניצל דק בטעם צילי חריף 564 ג',עיצובים 2020 (4.8),IL,שניצל דק צמחוני צילי,גרמים,564.00,100 גרם,false,,29.90,0.0530,true,1,30486
7290111566271,false,טבעול חטיפי תירס 657 גר',עיצובים 2020 (4.8),IL,חטיפי תירס טבעול 657,גרמים,657.00,100 גרם,false,,29.90,0.0455,true,1,30484
7290111566318,false,טבעול שניצל דק מן הצומח 564 גר',עיצובים 2020 (4.8),IL,שניצל דק צמחוני ביתי,גרמים,564.00,100 גרם,false,,29.90,0.0530,true,1,30485
7290111566332,false,טבעול נקניקיות וינר צמחוניות 680 גר',עיצובים 2020 (4.8),IL,נקניקיות וינר צמחוני,גרמים,680.00,100 גרם,false,,29.90,0.0440,true,1,30487
7290111566417,false,טחון צמחוני עם המון חלבון,עיצובים 2020 (4.8),IL,טחון צמחוני טבעול 50,גרמים,500.00,100 גרם,false,,29.90,0.0598,true,1,30500
7290111566547,false,טבעול חזה בגריל צמחוני 99 קלוריות 560ג',עיצובים 2020 (4.8),IL,חזה בגריל צמחוני טבע,גרמים,560.00,100 גרם,false,,29.90,0.0534,true,1,30498
7290111566561,false,טבעול שניצל ברוקולי 99 קלוריות 560גר',עיצובים 2020 (4.8),IL,שניצל ברוקולי 99 קלו,גרמים,500.00,100 גרם,false,,29.90,0.0598,true,1,30494
7290111566585,false,טבעול שניצל צמחוני 99 קלוריות 650 גר',עיצובים 2020 (4.8),IL,שניצל צמחוני טבעול 6,גרמים,650.00,100 גרם,false,,29.90,0.0460,true,1,30497
7290111566714,false,טבעול המבורגר צמחוני 99 קלוריות 600 גר',עיצובים 2020 (4.8),IL,המבורגר צמחוני טבעול,גרמים,600.00,100 גרם,false,,29.90,0.0498,true,1,30496
7290111566752,false,טבעול שניצל תירס 99 קלוריות 693 גר',עיצובים 2020 (4.8),IL,שניצל תירס טבעול 693,גרמים,693.00,100 גרם,false,,29.90,0.0431,true,1,30493
7290111566776,false,טבעול נקניקיות קוקטייל צמחוניות 680 גר',עיצובים 2020 (4.8),IL,נקניקיות קוקטייל צמח,גרמים,680.00,100 גרם,false,,29.90,0.0440,true,1,30488
7290111568206,false,"מיקס ביסלי, אפרופו ופיצוחים מתובלים",פרו מן יו פתרונות אר,IL,ביסלי פארטי מיקס 150,גרמים,150.00,100 גרם,false,,6.90,0.0460,true,1,33829
7290111930805,false,קראנצ'וס טעם ברביקיו 55 גר',חברת מנה בעמ,IL,קראנצוס ברבקיו 55 גר,גרמים,55.00,100 גרם,false,,1.90,0.0345,true,1,28986
7290111930997,false,פירורי לחם מוזהב מאס,מנה,IL,פירורי לחם מוזהב מאס,גרמים,800.00,100 גרם,false,,11.90,0.0149,true,1,29917
7290111932380,false,"מרידול משחת שיניים מארז 75X2מ""ל כשל""פ",,,"משחת מרידול 2*75 מ""ל",מיליליטרים,150.00,"100 מ""ל",false,,24.90,0.1660,true,1,30886
7290111933554,false,עגבניות איטלקיות קוביות - מארז שלישיה,פראנו אנריקו ופיגלי,IT,מארז עגבניות קוביות,פריט,1.20,"ק""ג",false,,15.90,13.2500,true,1,39505
7290111933592,false,פירורי לחם פנקו מאסט,מנה,IL,פירורי לחם פנקו מאסט,גרמים,510.00,100 גרם,false,,11.90,0.0233,true,1,37383
7290111936203,false,"ליידי ספיד סטיק דרמה ספריי ויטמין אי 150 מ""ל",ליידי ספיד סטיק Lady Speed Stick,US,דאו ספריי ליידי ספיד,מיליליטרים,150.00,"100 מ""ל",false,,13.90,0.0927,true,1,46572
7290111936296,false,"פלמוליב סבון נוזלי בניחוח סנסיישן מסאז' ,750 מ""ל",קולגייט פלמוליב,TR,ג'ל רחצה פלמוליב סנס,מיליליטרים,750.00,"100 מ""ל",false,,19.50,0.0260,true,1,44928
7290111936647,false,"משחת שיניים קולגייט מקס כחול 125 מ""ל*2 כשלפ",קולגייט פלמוליב,PL,משחת קולגייט מקס פרש,מיליליטרים,250.00,"100 מ""ל",false,,28.90,0.1156,true,1,44042
7290111937248,false,פרי מארז חטיפי 5יח תמרים קשיו ונגיעת לוז 125ג',הדקלאים אגודת שיתופי,IL,מארז חטיף פרי תמרים,גרמים,125.00,100 גרם,false,,14.90,0.1192,true,1,43967
7290111937255,false,פרי מארז חטיפי 5יח תמרים בוטנים ואגוזי לוז 125ג',טבעית מוצרים מן הטבע,IL,מארז חטיף פרי תמרים,גרמים,125.00,100 גרם,false,,14.90,0.1192,true,1,44098
7290111938498,false,"מאסטר שף רוטב סויה בהירה 700 מ""ל כשלפ",תאי סופרים,TH,רוטב סויה בהירה מאסט,גרמים,700.00,100 גרם,false,,9.90,0.0141,true,1,48753
7290111938559,false,מיונז לחיץ הולנדי מא,רמיה סי.וי. הולנד,NL,מיונז לחיץ הולנדי מא,גרמים,721.00,100 גרם,false,,13.90,0.0193,true,1,48185
7290111939822,false,משחת קולגייט אופטיק,קולגייט פלמוליב,PL,משחת קולגייט אופטיק,מיליליטרים,225.00,"100 מ""ל",false,,47.90,0.2129,true,1,47809
7290111939846,false,משחת קולגייט אופטיק,קולגייט פלמוליב,PL,משחת קולגייט אופטיק,מיליליטרים,225.00,"100 מ""ל",false,,47.90,0.2129,true,1,47810
7290112000408,false,מנקה ומחטא עוצמתי לניקוי כללי בניחוח לימון,רקיט בנקיזר,PL,תרסיס דטול מנקה ומחט,מיליליטרים,750.00,"100 מ""ל",false,,14.90,0.0199,true,1,49744
7290112000798,false,"דיטול תרסיסי חיטוי וניקוי אנטי בקטריאלי 750 מ""ל",רקיט בנקיזר,PL,תרסיס דטול מנקה ומחט,מיליליטרים,750.00,"100 מ""ל",false,,14.90,0.0199,true,1,49749
7290112000903,false,טבליות פיניש פאוורבו,רקיט בנקיזר,PL,טבליות פיניש פאוורבו,פריט,1.92,"ק""ג",false,,64.90,33.8021,true,1,42646
7290112001436,false,"פיניש מנקה ומחדש בניחוח לימון 250 מ""ל",רקיט בנקיזר,PL,מנקה מדיח פיניש לימו,מיליליטרים,250.00,"100 מ""ל",false,,14.90,0.0596,true,1,47958
7290112001641,false,תרסיס וניש קליה 950,רקיט בנקיזר,PL,תרסיס וניש קליה 950,מיליליטרים,950.00,"100 מ""ל",false,,19.90,0.0209,true,1,50456
7290112001870,false,"סיליט באנג ספריי ניקוי אמבטיה 750 מ""ל",רקיט בנקיזר,PL,תרסיס סיליט באנג לני,מיליליטרים,750.00,"100 מ""ל",false,,12.50,0.0167,true,1,48911
7290112002136,false,ג'ל כביסה מרוכז קולון 101 קלאסי,רקיט בנקיזר,IL,ג'ל קולון כחול 4 ליט,קילוגרמים,4.00,ליטר,false,,34.50,8.6250,true,1,47641
7290112002143,false,ג'ל כביסה מרוכז קולון 101 בניחוח לילך,רקיט בנקיזר,IL,ג'ל קולון לילך סגול,קילוגרמים,4.00,ליטר,false,,34.50,8.6250,true,1,47642
7290112002457,false,דטול - שלישיית מגבונים לניקוי וחיטוי בניחוח לימון,רקיט בנקיזר,PL,מטליות לחות דטול לני,Unknown,0.00,יחידה,false,,19.90,0.0000,true,1,53131
7290112003188,false,קולון קפסולות ג'ל כביסה 60יח,רקיט בנקיזר,IT,קפסולות ג'ל קולון 60,Unknown,0.00,יחידה,false,,49.90,0.0000,true,1,53021
7290112003973,false,"וניש אבקה מרוול צבע ורוד 1.350 ק""ג",רקיט בנקיזר,PL,אבקת וניש מסיר כתמים,פריט,1.35,"ק""ג",false,,34.90,25.8519,true,1,57205
7290112003980,false,"וניש אבקה זויס צבע ולבן 1.350 ק""ג",רקיט בנקיזר,PL,אבקת וניש מסיר כתמים,פריט,1.35,"ק""ג",false,,34.90,25.8519,true,1,57206
7290112004109,false,מטליות לחות לניקוי כללי וחיטוי בריח ליים ונענע- מארז,רקיט בנקיזר,PL,מטליות לחות דטול לחי,Unknown,0.00,יחידה,false,,19.90,0.0000,true,1,53132
7290112004413,false,"אבקה מסיר כתמים לכביסה לבנה 750 מ""ל וניש",רקיט בנקיזר,PL,ספריי וניש להסרת כתמ,מיליליטרים,750.00,"100 מ""ל",false,,16.90,0.0225,true,1,61375
7290112004499,false,אירוויק ספריי לבנדר,,,אירוויק ספריי לבנדר,מיליליטרים,720.00,"100 מ""ל",false,,19.90,0.0276,true,1,54910
7290112004505,false,אירוויק ספריי לבנדר,,,אירוויק ספריי לבנדר,מיליליטרים,720.00,"100 מ""ל",false,,19.90,0.0276,true,1,54911
7290112004512,false,מילוי מבשם אוטומטי א,רקיט בנקיזר,PL,מילוי מבשם אוטומטי א,מיליליטרים,750.00,"100 מ""ל",false,,21.90,0.0292,true,1,54905
7290112004529,false,מילוי מבשם אוטומטי א,רקיט בנקיזר,PL,מילוי מבשם אוטומטי א,מיליליטרים,750.00,"100 מ""ל",false,,21.90,0.0292,true,1,54906
7290112004536,false,מילוי מבשם אוטומטי א,רקיט בנקיזר,PL,מילוי מבשם אוטומטי א,מיליליטרים,750.00,"100 מ""ל",false,,24.90,0.0332,true,1,54907
7290112004611,false,"וניש קליה ג'ל מרוכז לטיפול נקודתי בכתמים 200 מ""ל",רקיט בנקיזר,PT,ג'ל וניש גולד מסיר כ,מיליליטרים,200.00,"100 מ""ל",false,,16.50,0.0825,true,1,60900
7290112005052,false,וניש תוסף כביסה רב תכליתי לבגדים לבנים,קליה וניש Kalia Vanish,IT,אבקת וניש מסיר כתמים,פריט,1.50,"ק""ג",false,,34.90,23.2667,true,1,64445
7290112005168,false,קפסולות ג'יל לימון קואנטום 60 יח' פיניש,רקיט בנקיזר,PL,טבליות פיניש קוואנטו,Unknown,0.00,יחידה,false,,54.90,0.0000,true,1,62676
7290112120311,false,ממתיק ספלנדה 100 יח,,,ממתיק ספלנדה 100 יח,גרמים,100.00,100 גרם,false,,13.90,0.1390,true,1,30006
7290112120830,false,נפוליטנים שוקולד חלב,"תופינית בע""מ",IL,נפוליטנים שוקולד חלב,גרמים,150.00,100 גרם,false,,11.90,0.0793,true,1,44068
7290112120847,false,נפוליטנים שוקולד מרי,"תופינית בע""מ",IL,נפוליטנים שוקולד מרי,גרמים,150.00,100 גרם,false,,11.90,0.0793,true,1,44069
7290112120861,false,לזניה גלי דורומי 400,Bessan Makarna,TR,לזניה גלי דורומי 400,גרמים,400.00,100 גרם,false,,6.90,0.0173,true,1,37925
7290112121066,false,חומצה אצטית סינטטי א,הלל תעשיות,IL,חומצה אצטית סינטטי א,קילוגרמים,1.00,ליטר,false,,3.90,3.9000,true,1,43307
7290112121073,false,חומץ 5% אינדירה 1 לי,הלל תעשיות,IL,חומץ 5% אינדירה 1 לי,קילוגרמים,1.00,ליטר,false,,4.20,4.2000,true,1,43308
7290112121080,false,מיץ בטעם לימון משומר,הלל תעשיות,IL,מיץ בטעם לימון משומר,קילוגרמים,1.00,ליטר,false,,4.20,4.2000,true,1,43306
7290112121097,false,רוטב לימון אינדירה 1,הלל תעשיות,IL,רוטב לימון אינדירה 1,קילוגרמים,1.00,ליטר,false,,5.20,5.2000,true,1,43309
7290112122629,false,ופל מצופה בטעם שוקול,מנעמים תעשיות מזון,IL,ופל מצופה בטעם שוקול,גרמים,800.00,100 גרם,false,,14.90,0.0186,true,1,48808
7290112123060,false,ספגטי דורומי 900 גרם,Bessan Makarna,TR,ספגטי דורומי 900 גרם,גרמים,900.00,100 גרם,false,,3.90,0.0043,true,1,52573
7290112123077,false,פסטה פנה ריגטה דורומ,Bessan Makarna,TR,פסטה פנה ריגטה דורומ,גרמים,900.00,100 גרם,false,,3.90,0.0043,true,1,52344
7290112123084,false,פסטה פוסילי דורומי 9,Bessan Makarna,TR,פסטה פוסילי דורומי 9,גרמים,900.00,100 גרם,false,,3.90,0.0043,true,1,52471
7290112123107,false,פסטה פרפלה דורומי 90,Bessan Makarna,TR,פסטה פרפלה דורומי 90,גרמים,900.00,100 גרם,false,,3.90,0.0043,true,1,52345
7290112124142,false,סוכריות גומי אבטיח מ,חברת המשקם לתעסוקת ק,IL,סוכריות גומי אבטיח מ,גרמים,300.00,100 גרם,false,,8.90,0.0297,true,1,61798
7290112124319,false,טורטיה דורום 36*45 ג,מוטלוקאל גידה סאן טי,TR,טורטיה דורום 36*45 ג,פריט,1.62,"ק""ג",false,,19.90,12.2840,true,1,62683
7290112124449,false,דאו ספריי אקס דארק ו,יוניליוור,GB,דאו ספריי אקס דארק ו,מיליליטרים,150.00,"100 מ""ל",false,,9.90,0.0660,true,1,63976
7290112124975,false,דאו ספריי אקס אפולו,יוניליוור,GB,דאו ספריי אקס אפולו,מיליליטרים,150.00,"100 מ""ל",false,,9.90,0.0660,true,1,58685
7290112124982,false,דאו ספריי אקס שחור פ,יוניליוור,GB,דאו ספריי אקס שחור פ,מיליליטרים,150.00,"100 מ""ל",false,,9.90,0.0660,true,1,58687
7290112124999,false,דאו ספריי אקס שחור פ,יוניליוור,GB,דאו ספריי אקס שחור פ,מיליליטרים,150.00,"100 מ""ל",false,,9.90,0.0660,true,1,58686
7290112125019,false,סבון מוצק דאב לבן 4*,,,סבון מוצק דאב לבן 4*,גרמים,400.00,100 גרם,false,,9.90,0.0248,true,1,25831
7290112190857,false,מגבונים סמארט 4*72 י,רנקסן,TR,מגבונים סמארט 4*72 י,Unknown,0.00,יחידה,false,,5.90,0.0000,true,1,59329
7290112192806,false,משחת פרודונטקס אולטר,גלקסוס סמית קליין,SK,משחת פרודונטקס אולטר,מיליליטרים,150.00,"100 מ""ל",false,,39.90,0.2660,true,1,42427
7290112192813,false,משחת פרודונטקס אורגי,גלקסוס סמית קליין,SK,משחת פרודונטקס אורגי,מיליליטרים,150.00,"100 מ""ל",false,,39.90,0.2660,true,1,42428
7290112195746,false,שמן זית כתית מעולה א,אסייאס דל סור,ES,שמן זית כתית מעולה א,מיליליטרים,750.00,"100 מ""ל",false,,23.90,0.0319,true,1,60872
7290112195777,false,"פול קפוא 1 ק""ג",O.K FRUIT,EG,"פול קפוא 1 ק""ג",פריט,1.00,"ק""ג",false,,13.90,13.9000,true,1,60784
7290112195784,false,תות שדה קפוא פרוסטי,,EG,תות שדה קפוא פרוסטי,גרמים,300.00,100 גרם,false,,5.90,0.0197,true,1,63193
7290112196712,false,משחת סנסודיין פרש מי,גלקסוס סמית קליין,GB,משחת סנסודיין פרש מי,מיליליטרים,300.00,"100 מ""ל",false,,49.90,0.1663,true,1,56155
7290112197245,false,משחת סנסודיין מלבינה,גלקסוס סמית קליין,GB,משחת סנסודיין מלבינה,מיליליטרים,225.00,"100 מ""ל",false,,49.90,0.2218,true,1,60750
7290112198006,false,שמן זית כתית מעולה א,אולאריה קלמנטה,IT,שמן זית כתית מעולה א,מיליליטרים,750.00,"100 מ""ל",false,,13.90,0.0185,true,1,63500
7290112330352,false,"יוגורט PRO בטעם וניל 0% , 20 גרם חלבון בגביע","שטראוס בריאות בע""מ",IL,דנונה פרו וניל 0% 20,גרמים,200.00,100 גרם,false,,5.90,0.0295,true,1,45282
7290112330390,false,יוגורט PRO בטעם פירות יער 0% 20 גרם חלבון בגביע,"שטראוס בריאות בע""מ",IL,דנונה פרו פירות יער,גרמים,200.00,100 גרם,false,,5.90,0.0295,true,1,45283
7290112332585,false,"פריכיות תפו""א, אורז בתיבול סלק ומלח חי 30 גר'","פרח תעשיו מזון בע""מ",IL,פריכיות אנרג'י משולש,Unknown,0.00,יחידה,false,,4.90,0.0000,true,1,52328
7290112332691,false,עוגיות קרם אגוזים פסק זמן 200 ג' עלית,הגביע מוצרי ופלים בע,IL,עוגיות פינוקיות פסק,גרמים,200.00,100 גרם,false,,7.90,0.0395,true,1,46548
7290112334305,false,סלט כרובית בטחינה אחלה 330 ג',STRAUSS-ISRAEL,IL,סלט כרובית בטחינה טע,גרמים,330.00,100 גרם,false,,14.90,0.0452,true,1,43451
7290112334596,false,שוקולית+10% תוספת 850 גר',שטראוס קפה בי.וי,IL,שוקולית 850 גרם+10%,גרמים,935.00,100 גרם,false,,14.90,0.0159,true,1,47521
7290112335487,false,פריכיות טעימות קצח ודגנים 135 ג' שטראוס,אנרג'י Energy - שטראוס,IL,פריכיות 3 דגנים וקצח,גרמים,135.00,100 גרם,false,,7.70,0.0570,true,1,46400
7290112335494,false,הפריכיות הטעימות תפוחי אדמה בטעם פוטטוס,"פרח תעשיות מזון בע""מ",IL,פריכיות 3 דגנים ותפו,גרמים,135.00,100 גרם,false,,7.70,0.0570,true,1,49194
7290112335500,false,"הפריכיות הטעימות חומוס, אורז, עדשים שחורות וקינואה",אנרג'י Energy - שטראוס,IL,פריכיות חומוס אורז ע,גרמים,135.00,100 גרם,false,,7.70,0.0570,true,1,46401
7290112336637,false,סוכריות מאסט Must ללא סוכר יוגורט תות ואוכניות,MIESZKO S.A - MS. JO,PL,סוכריות מאסט תות אוכ,גרמים,80.00,100 גרם,false,,6.90,0.0863,true,1,47775
7290112336644,false,סוכריות מאסט ללא סוכר לימון 80 ג' עלית,MIESZKO S.A - MS. JO,PL,סוכריות מאסט לימון 8,גרמים,80.00,100 גרם,false,,6.90,0.0863,true,1,47772
7290112336651,false,סוכריות מאסט ללא סוכר ריבת חלב 80 ג' עלית,MIESZKO S.A - MS. JO,PL,סוכריות מאסט ריבת חל,גרמים,80.00,100 גרם,false,,6.90,0.0863,true,1,47776
7290112336712,false,יוגורט PRO לבן 0% 21 גרם חלבון בגביע,"שטראוס בריאות בע""מ",IL,דנונה פרו עשיר בחלבו,גרמים,200.00,100 גרם,false,,5.90,0.0295,true,1,44342
7290112337474,false,סוכריות מאסט ללא סוכר פטל לימון 80 ג' עלית,MIESZKO S.A - MS. JO,PL,סוכריות מאסט פטל לימ,גרמים,80.00,100 גרם,false,,6.90,0.0863,true,1,47773
7290112337481,false,סוכריות מאסט ללא סוכר קפצ''ינו 80 ג' עלית,MIESZKO S.A - MS. JO,PL,סוכריות מאסט קפוצ'ינ,גרמים,80.00,100 גרם,false,,6.90,0.0863,true,1,47777
7290112338877,false,מעדן גבינה בטעם תות 3% 125ג' סקי,"שטראוס בריאות בע""מ",IL,מעדן גבינה בטעם תות,גרמים,125.00,100 גרם,false,,3.70,0.0296,true,1,45099
7290112339171,false,מעדן מילקי מוס שוקול,מיוצר עי קונדיטוריית,IL,מילקי מוס שוקולד 170,מיליליטרים,170.00,"100 מ""ל",false,,3.40,0.0200,true,1,43449
7290112339362,false,דנונה לייט אנד פריי בטעם קפוצינו 150 גר',דנונה - שטראוס,IL,דנונה לייט אנד פרי ק,גרמים,150.00,100 גרם,false,,4.50,0.0300,true,1,48337
7290112339867,false,גמדים לדרך גבינה לבנה עם מחית תות,שטראוס,IL,גמדים לדרך תות סקווי,גרמים,100.00,100 גרם,false,,5.40,0.0540,true,1,48593
7290112339874,false,גמדים לדרך גבינה לבנה עם מחיות תות ובננה,שטראוס,IL,גמדים לדרך תות בננה,גרמים,100.00,100 גרם,false,,5.40,0.0540,true,1,48594
7290112340122,false,הפריכיות הטעימות 3 דגנים 135 גרם.,אנרג'י Energy - שטראוס,IL,פריכיות 3 דגנים אנרג,גרמים,135.00,100 גרם,false,,7.70,0.0570,true,1,46402
7290112340245,false,צנצנת מסטיק מאסט בטעם דובדבן 66 ג' עלית,"שטראוס גרופ בע""מ",IL,מסטיק מאסט צנצנת דוב,גרמים,66.00,100 גרם,false,,8.90,0.1348,true,1,45081
7290112340252,false,צנצנת מסטיק מאסט בטעם אבטיח מלון 66 ג' עלית,"שטראוס גרופ בע""מ",IL,מסטיק מאסט צנצנת אבט,גרמים,66.00,100 גרם,false,,8.90,0.1348,true,1,45082
7290112340276,false,עוגיות קרם קפה נמס 200 ג' עלית,הגביע מוצרי ופלים בע,IL,עוגיות פינוקיות קפה,גרמים,200.00,100 גרם,false,,7.90,0.0395,true,1,46549
7290112341556,false,אקטיביה עם צ'יה ותות 150 ג' דנונה,דנונה - שטראוס,IL,יוגורט אקטיביה צ'יה,גרמים,150.00,100 גרם,false,,4.50,0.0300,true,1,50297
7290112341679,false,אקטיביה 3% שומן 200 ג' דנונה,מיוצר עי קונדיטוריית,IL,יוגורט אקטיביה 3% 20,מיליליטרים,200.00,"100 מ""ל",false,,3.70,0.0185,true,1,47627
7290112341686,false,מארז שמיניה אקטיביה 3% 150 ג',מיוצר עי קונדיטוריית,IL,מארז יוגורט אקטיביה,קילוגרמים,1.20,ליטר,false,,19.90,16.5833,true,1,47628
7290112342102,false,סימפוניה גבינה במרקם שמנת בצל מקורמל 5%,"שטראוס בריאות בע""מ",IL,גבינת שמנת בצל מקורמ,גרמים,200.00,100 גרם,false,,9.70,0.0485,true,1,49201
7290112342270,false,קפה פלטינום אינטנס מחוזק ב- 10% אספרסו,שטראוס קפה בי.וי,IL,קפה פלטינום אינטנס 1,גרמים,125.00,100 גרם,false,,14.90,0.1192,true,1,47523
7290112342508,false,דוריטוס קול ראנץ Cool Ranch,STRAUSS-ISRAEL,IL,דוריטוס קול ראנצ' 7,גרמים,70.00,100 גרם,false,,3.20,0.0457,true,1,48347
7290112343260,false,"יטבתה רוטב שמנת קלאסי 9% שומן 260 מ""ל",STRAUSS-ISRAEL,IL,רוטב שמנת קלאסי 9% י,מיליליטרים,250.00,"100 מ""ל",false,,9.80,0.0392,true,1,50158
7290112344724,false,מעדן בטעם שוקולד בלונדי 170 ג' מילקי,מיוצר עי קונדיטוריית,IL,מעדן חלב בטעם שוקול,מיליליטרים,170.00,"100 מ""ל",false,,3.40,0.0200,true,1,48497
7290112344755,false,מילקי שוקולד 26% פחות סוכר 135 גרם,מיוצר עי קונדיטוריית,IL,מילקי שוקולד 26% פחו,מיליליטרים,135.00,"100 מ""ל",false,,2.80,0.0207,true,1,53821
7290112344786,false,קפה פלטינום קלאסיק 200 ג' עלית,שטראוס קפה בי.וי.,IL,קפה פלטינום קלאסיק 2,גרמים,200.00,100 גרם,false,,24.90,0.1245,true,1,50370
7290112344953,false,סימפוניה חציל קלוי גבינה במקרם שמנת 5%,"שטראוס בריאות בע""מ",IL,גבינת שמנת חציל קלוי,גרמים,200.00,100 גרם,false,,9.70,0.0485,true,1,54218
7290112344991,false,דנונה לייט אנד פריי בטעם תות 150 ג',שטראוס,IL,דנונה לייט אנד פרי ת,גרמים,150.00,100 גרם,false,,4.50,0.0300,true,1,48086
7290112346360,false,בפלות אחת אחת ופל בטעם שוקולד מצופה שוקולד,הגביע מוצרי וופלים ב,GR,בפלות אחת אחת בציפוי,גרמים,180.00,100 גרם,false,,11.90,0.0661,true,1,48729
7290112346506,false,דנונה לייט אנד פריי בטעם אפרסק 150 גר',שטראוס,IL,דנונה לייט אנד פרי א,גרמים,150.00,100 גרם,false,,4.50,0.0300,true,1,48087
7290112346537,false,עוגיות פינוקיות בטעם טורטית 200 ג' עלית,הגביע מוצרי ופלים בע,IL,עוגיות פינוקיות טורט,גרמים,200.00,100 גרם,false,,7.90,0.0395,true,1,48436
7290112346629,false,דנונה בר יוגורט+קורנפלקס מצופה שוקולד חלב ולבן 172 גרם,דנונה - שטראוס,IL,דנונה בר וקורנפלקס מ,גרמים,172.00,100 גרם,false,,3.90,0.0227,true,1,51189
7290112346773,false,יוגורט בטעם וניל 0% לייט אנד פרי 10 גרם חלבון בגביע,מיוצר עי קונדיטוריית,IL,דנונה לייט אנד פרי ו,גרמים,150.00,100 גרם,false,,4.50,0.0300,true,1,54219
7290112346797,false,יוגורט אקטיביה עם שיבולת שועל ושזיף 2.5%,מיוצר עי קונדיטוריית,IL,יוגורט אקטיביה עם שי,גרמים,150.00,100 גרם,false,,4.50,0.0300,true,1,50438
7290112346827,false,"אקטימל ויטמין C פטל 8*100 מ""ל",קריות זול,IL,אקטימל פטל ויטמין סי,מיליליטרים,864.00,"100 מ""ל",false,,19.50,0.0226,true,1,53824
7290112347008,false,גמדים לדרך גבינה לבנה עם מחית תות ושיבולת שועל,מיוצר עי קונדיטוריית,IL,גמדים ארוחת בוקר תות,גרמים,100.00,100 גרם,false,,5.40,0.0540,true,1,48492
7290112347473,false,דנונה לייט אנד פריי תות ואפרסק מאגדת 8 יח' * 150 ג',מיוצר עי קונדיטוריית,IL,מארז יוגורט לייט אנ,פריט,1.20,"ק""ג",false,,26.90,22.4167,true,1,48089
7290112349606,false,מעדן גבינה ויוגורט תות בננה 88 ג' דניאלה,"שטראוס בריאות בע""מ",IL,דניאלה תות בננה 88 ג,Unknown,0.00,יחידה,false,,3.90,0.0000,true,1,59724
7290112349705,false,פומודורו רוטב עגבניות קלאסי לפסטה 350 גר' יד מרדכי,אמיליאנה קונסרב סוסי,IT,רוטב עגבניות פומודור,גרמים,350.00,100 גרם,false,,7.90,0.0226,true,1,63022
7290112349736,false,בזיליקום רוטב עגבניות לפסטה 350 גר' יד מרדכי,אמיליאנה קונסרב סוסי,IT,רוטב עגבניות לפסטה ב,גרמים,350.00,100 גרם,false,,7.90,0.0226,true,1,63019
7290112349743,false,ארביאטה רוטב עגבניות פיקנטי לפסטה 350 ג' יד מרדכי,אימילאנה,IT,רוטב עגבניות פיקנטי,גרמים,350.00,100 גרם,false,,7.90,0.0226,true,1,63023
7290112349750,false,פיצה רוטב עגבניות לפיצה 350 גר' יד מרדכי,אימילאנה,IL,רוטב עגבניות לפיצה י,גרמים,350.00,100 גרם,false,,7.90,0.0226,true,1,63020
7290112350275,false,קפסולות LUNGO למכונות נספרסו 55 גר',שטראוס קפה בי.וי,IL,קפסולות עלית לונגו ל,גרמים,50.00,100 גרם,false,,15.50,0.3100,true,1,49647
7290112350312,false,קפסולות 15 קפה יותר למכונות נספרסו עלית 10יח',הנסיך- מפעל לייצור ט,IL,קפסולות עלית מס 15 ע,Unknown,0.00,יחידה,false,,15.50,0.0000,true,1,52647
7290112351104,false,שוקולד פרה ממולא פיצפוצי אורז 100 ג' עלית,STRAUSS-ISRAEL,IL,שוקולד פרה פצפוצי או,גרמים,100.00,100 גרם,false,,4.90,0.0490,true,1,56432
7290112351128,false,שוקולד פרה סוכריות קופצות 100 ג' עלית,"שטראוס גרופ בע""מ",IL,שוקולד פרה חלב סוכרי,גרמים,100.00,100 גרם,false,,4.90,0.0490,true,1,57214
7290112355027,false,יוגורט פרו בטעם קרמל מלוח 200 ג' דנונה,"שטראוס בריאות בע""מ",IL,דנונה פרו 20 קרמל מל,גרמים,200.00,100 גרם,false,,5.90,0.0295,true,1,53819
7290112355102,false,גמדים פאוץ סלט פירות 100 ג' שטראוס,"שטראוס בריאות בע""מ",IL,גמדים לדרך סלט פירות,גרמים,100.00,100 גרם,false,,5.40,0.0540,true,1,54214
7290112355393,false,"יטבתה רוטב שמנת+בטטה 9% שומן 250 מ""ל",מחלבת יטבתה,IL,רוטב שמנת עם בטטה 9%,מיליליטרים,257.00,"100 מ""ל",false,,9.80,0.0381,true,1,63716
7290112355812,false,מעדן מילקי עם טופ קורנפלקס מצופה שוקולד,"שטראוס גרופ בע""מ",IL,מילקי טופ קורנפלקס 1,גרמים,141.00,100 גרם,false,,4.30,0.0305,true,1,62224
7290112355867,false,מילקי קצפת טופ פיצפוץ 86 גרם,"שטראוס גרופ בע""מ",IL,מילקי קצפת טופ פצפוצ,גרמים,86.00,100 גרם,false,,3.90,0.0453,true,1,58785
7290112357175,false,קפסולות BOOST למכונות נספרסו 50 ג',שטראוס קפה בי.וי,IL,קפסולות עלית בוסט למ,גרמים,50.00,100 גרם,false,,15.50,0.3100,true,1,49648
7290112358462,false,דבש יד מרדכי 700 גרם,שטראוס גרופ,IL,דבש יד מרדכי 700 גרם,גרמים,700.00,100 גרם,false,,29.90,0.0427,true,1,52266
7290112358554,false,"קפה נמס עלית לדרך, 50 גרם 10 יח'",שטראוס רומניה,RO,מארז קפה נמס לדרך על,גרמים,50.40,100 גרם,false,,9.90,0.1964,true,1,61794
7290112359384,false,עלית - קפה נמס אלפחורס ריבת חלב 100 גרם,שטראוס,IL,קפה נמס אלפחורס ריבת,גרמים,100.00,100 גרם,false,,14.90,0.1490,true,1,53213
7290112415400,false,עוגיות אלפחורס קפולסקי 280 גר',קפולסקי אדל בעמ,IL,עוגיות אלפחורס תופינ,גרמים,280.00,100 גרם,false,,29.90,0.1068,true,1,48108
7290112480002,false,קערה קטנה בלו שיין 5,פאלאס,CN,קערה קטנה בלו שיין 5,Unknown,0.00,יחידה,false,,19.90,0.0000,true,1,31222
7290112480019,false,קערה אובלית בינוני ב,פאלאס,CN,קערה אובלית בינוני ב,Unknown,0.00,יחידה,false,,19.90,0.0000,true,1,31221
7290112480033,false,מארז 3 יח מגשי אובלי,פאלאס,CN,מארז 3 יח מגשי אובלי,Unknown,0.00,יחידה,false,,19.90,0.0000,true,1,31225
7290112480040,false,מארז 5 יח מגשי אובלי,פאלאס,CN,מארז 5 יח מגשי אובלי,Unknown,0.00,יחידה,false,,19.90,0.0000,true,1,31226
7290112480057,false,מארז 3 יח מגש מחולק,פאלאס,CN,מארז 3 יח מגש מחולק,Unknown,0.00,יחידה,false,,19.90,0.0000,true,1,31227
7290112480118,false,כוס קריסטל בלו שיין,פאלאס,CN,כוס קריסטל בלו שיין,Unknown,0.00,יחידה,false,,29.90,0.0000,true,1,32653
7290112480309,false,צלחות גדולות קרם 100,פאלאס,CN,צלחות גדולות קרם 100,Unknown,0.00,יחידה,false,,29.90,0.0000,true,1,31278
7290112480361,false,שקיות אשפה שחור 85*7,פאלאס,CN,שקיות אשפה שחור 85*7,Unknown,0.00,יחידה,false,,19.90,0.0000,true,1,37269
7290112480378,false,שקיות אשפה 70*50 לפי,פאלאס,CN,שקיות אשפה 70*50 לפי,Unknown,0.00,יחידה,false,,19.90,0.0000,true,1,37270
7290112481023,false,כוסיות יין קריסטל 12,פאלאס,CN,כוסיות יין קריסטל 12,Unknown,0.00,יחידה,false,,17.90,0.0000,true,1,32652
7290112481078,false,"כפות ח""פ 188 יח",פאלאס,TR,"כפות ח""פ 188 יח",Unknown,0.00,יחידה,false,,12.90,0.0000,true,1,41975
7290112481085,false,"כפיות ח""פ 188 יח",פאלאס,TR,"כפיות ח""פ 188 יח",Unknown,0.00,יחידה,false,,12.90,0.0000,true,1,41976
7290112481092,false,"מזלגות ח""פ 188 יח",פאלאס,TR,"מזלגות ח""פ 188 יח",Unknown,0.00,יחידה,false,,12.90,0.0000,true,1,41977
7290112481108,false,"סכינים ח""פ 188 יח",פאלאס,TR,"סכינים ח""פ 188 יח",Unknown,0.00,יחידה,false,,12.90,0.0000,true,1,41978
7290112481115,false,כפות איכותיות בלו שי,פאלאס,TR,כפות איכותיות בלו שי,Unknown,0.00,יחידה,false,,26.90,0.0000,true,1,35383
7290112481122,false,כפיות איכותיות בלו ש,פאלאס,TR,כפיות איכותיות בלו ש,Unknown,0.00,יחידה,false,,26.90,0.0000,true,1,35382
7290112481139,false,מזלגות איכותיים בלו,פאלאס,TR,מזלגות איכותיים בלו,Unknown,0.00,יחידה,false,,26.90,0.0000,true,1,35384
7290112481146,false,סכינים איכותיים בלו,פאלאס,TR,סכינים איכותיים בלו,Unknown,0.00,יחידה,false,,26.90,0.0000,true,1,35381
7290112481153,false,שקיות אשפה כתום 75*9,פאלאס,CN,שקיות אשפה כתום 75*9,Unknown,0.00,יחידה,false,,19.90,0.0000,true,1,37271
7290112481283,false,מארז צלחות סטון ענק,פאלאס,CN,מארז צלחות סטון ענק,Unknown,0.00,יחידה,false,,69.90,0.0000,true,1,43899
7290112481290,false,מארז מרקיות סטון 20,פאלאס,CN,מארז מרקיות סטון 20,Unknown,0.00,יחידה,false,,54.90,0.0000,true,1,43898
7290112481306,false,קעריות סטון אובלי בל,פאלאס,CN,קעריות סטון אובלי בל,Unknown,0.00,יחידה,false,,26.90,0.0000,true,1,43924
7290112481313,false,צלחות סטון גדול בלו,פאלאס,CN,צלחות סטון גדול בלו,Unknown,0.00,יחידה,false,,42.90,0.0000,true,1,43897
7290112481320,false,גביע יין מוכסף סטון,פאלאס,CN,גביע יין מוכסף סטון,Unknown,0.00,יחידה,false,,24.90,0.0000,true,1,43900
7290112481832,false,מגש יהלום בלו שיין 4,פאלאס,CN,מגש יהלום בלו שיין 4,Unknown,0.00,יחידה,false,,19.90,0.0000,true,1,34767
7290112481900,false,כוסות מעוטרות לפיד 5,LARIPLAST,IL,כוסות מעוטרות לפיד 5,Unknown,0.00,יחידה,false,,17.90,0.0000,true,1,39721
7290112481917,false,קערה ענקית שקוף בלו,a.plast,IL,קערה ענקית שקוף בלו,Unknown,0.00,יחידה,false,,19.90,0.0000,true,1,36170
7290112481924,false,קערה גדולה שקוף בלו,a.plast,IL,קערה גדולה שקוף בלו,Unknown,0.00,יחידה,false,,19.90,0.0000,true,1,36169
7290112481931,false,קערה בינונית שקוף בל,a.plast,IL,קערה בינונית שקוף בל,Unknown,0.00,יחידה,false,,19.90,0.0000,true,1,36171
7290112481948,false,מגש עגול 12 בלו שיין,פאלאס,CN,מגש עגול 12 בלו שיין,Unknown,0.00,יחידה,false,,19.90,0.0000,true,1,42579
7290112481955,false,מגש עגול 14 בלו שיין,פאלאס,CN,מגש עגול 14 בלו שיין,Unknown,0.00,יחידה,false,,19.90,0.0000,true,1,42580
7290112481962,false,מגש עגול 16 בלו שיין,פאלאס,CN,מגש עגול 16 בלו שיין,Unknown,0.00,יחידה,false,,19.90,0.0000,true,1,42581
7290112481979,false,גביע איכותי בלו שיין,פאלאס,CN,גביע איכותי בלו שיין,Unknown,0.00,יחידה,false,,19.90,0.0000,true,1,42225
7290112481986,false,גביע איכותי בלו שיין,פאלאס,CN,גביע איכותי בלו שיין,Unknown,0.00,יחידה,false,,19.90,0.0000,true,1,42224
7290112481993,false,גביע איכותי בלו שיין,פאלאס,CN,גביע איכותי בלו שיין,Unknown,0.00,יחידה,false,,19.90,0.0000,true,1,42223
7290112482075,false,שקיות אשפה עם שרוך 5,פאלאס,IL,שקיות אשפה עם שרוך 5,Unknown,0.00,יחידה,false,,19.90,0.0000,true,1,39717
7290112482082,false,שקיות אשפה עם שרוך 7,פאלאס,IL,שקיות אשפה עם שרוך 7,Unknown,0.00,יחידה,false,,19.90,0.0000,true,1,39718
7290112482228,false,שקיות אשפה 75/90 קרם,פאלאס,IL,שקיות אשפה 75/90 קרם,Unknown,0.00,יחידה,false,,19.90,0.0000,true,1,43979
7290112482242,false,צלחות קטנות טופ סטאר,פאלאס,TR,צלחות קטנות טופ סטאר,Unknown,0.00,יחידה,false,,5.90,0.0000,true,1,44951
7290112482259,false,צלחות גדולות טופ סטא,פאלאס,TR,צלחות גדולות טופ סטא,Unknown,0.00,יחידה,false,,9.90,0.0000,true,1,44949
7290112482266,false,צלחות ענק טופ סטאר 2,פאלאס,TR,צלחות ענק טופ סטאר 2,Unknown,0.00,יחידה,false,,11.90,0.0000,true,1,44948
7290112482273,false,צלחות מרק טופ סטאר 2,פאלאס,TR,צלחות מרק טופ סטאר 2,Unknown,0.00,יחידה,false,,5.90,0.0000,true,1,44950
7290112482280,false,צלחות לפתן טופ סטאר,פאלאס,TR,צלחות לפתן טופ סטאר,Unknown,0.00,יחידה,false,,3.90,0.0000,true,1,44947
7290112482297,false,קעריות אובלי טופ סטא,פאלאס,TR,קעריות אובלי טופ סטא,Unknown,0.00,יחידה,false,,3.90,0.0000,true,1,44946
7290112482303,false,מגבונים קשת 7*72 יח,פאלאס,IL,מגבונים קשת 7*72 יח,Unknown,0.00,יחידה,false,,15.90,0.0000,true,1,45261
7290112482341,false,צלחות קטנות קיסר לבן,פאלאס,CN,צלחות קטנות קיסר לבן,Unknown,0.00,יחידה,false,,17.90,0.0000,true,1,59240
7290112482358,false,צלחות גדולות קיסר לב,פאלאס,CN,צלחות גדולות קיסר לב,Unknown,0.00,יחידה,false,,21.90,0.0000,true,1,59241
7290112482365,false,צלחות ענקיות קיסר לב,פאלאס,CN,צלחות ענקיות קיסר לב,Unknown,0.00,יחידה,false,,27.90,0.0000,true,1,59244
7290112482440,false,צלחת קטנה לוקה לבן-כסף 10 יח,פאלאס,CN,צלחות קטנות לוקה לבן,Unknown,0.00,יחידה,false,,15.90,0.0000,true,1,59250
7290112482457,false,צלחות גדולות לוקה לב,פאלאס,CN,צלחות גדולות לוקה לב,Unknown,0.00,יחידה,false,,19.90,0.0000,true,1,59254
7290112482464,false,צלחות ענק לוקה לבן כ,פאלאס,CN,צלחות ענק לוקה לבן כ,Unknown,0.00,יחידה,false,,24.90,0.0000,true,1,59255
7290112482471,false,צלחות מרק לוקה לבן כ,פאלאס,CN,צלחות מרק לוקה לבן כ,Unknown,0.00,יחידה,false,,17.90,0.0000,true,1,59252
7290112482518,false,צלחות גדולות לוקה לב,פאלאס,CN,צלחות גדולות לוקה לב,Unknown,0.00,יחידה,false,,19.90,0.0000,true,1,59256
7290112482525,false,צלחות ענק לוקה לבן ז,פאלאס,CN,צלחות ענק לוקה לבן ז,Unknown,0.00,יחידה,false,,24.90,0.0000,true,1,59257
7290112482532,false,צלחות מרק לוקה לבן,פאלאס,CN,צלחות מרק לוקה לבן,Unknown,0.00,יחידה,false,,17.90,0.0000,true,1,59253
7290112482549,false,לפתניות לוקה לבן זהב,פאלאס,CN,לפתניות לוקה לבן זהב,Unknown,0.00,יחידה,false,,12.90,0.0000,true,1,59248
7290112482556,false,קעריות אובליות לוקה,פאלאס,CN,קעריות אובליות לוקה,Unknown,0.00,יחידה,false,,14.90,0.0000,true,1,59249
7290112482631,false,מגש תחרה בלו שיין 4,פאלאס,CN,מגש תחרה בלו שיין 4,Unknown,0.00,יחידה,false,,19.90,0.0000,true,1,47592
7290112482860,false,מפת אלבד מוטבע גליל,פאלאס,CN,מפת אלבד מוטבע גליל,Unknown,0.00,יחידה,false,,39.90,0.0000,true,1,63875
7290112482907,false,צלחות גדולות פרח זהב,פאלאס,TR,צלחות גדולות פרח זהב,Unknown,0.00,יחידה,false,,17.90,0.0000,true,1,47741
7290112482938,false,צלחות קטנות פרח כסף,פאלאס,TR,צלחות קטנות פרח כסף,Unknown,0.00,יחידה,false,,14.90,0.0000,true,1,47742
7290112482945,false,צלחות גדולות פרח כסף,פאלאס,TR,צלחות גדולות פרח כסף,Unknown,0.00,יחידה,false,,17.90,0.0000,true,1,47748
7290112483010,false,צלחות קטנות פרח שחור,פאלאס,TR,צלחות קטנות פרח שחור,Unknown,0.00,יחידה,false,,14.90,0.0000,true,1,47743
7290112483027,false,צלחות גדולות פרח שחו,פאלאס,TR,צלחות גדולות פרח שחו,Unknown,0.00,יחידה,false,,17.90,0.0000,true,1,47744
7290112483058,false,צלחות קטנות פרח קרם,פאלאס,TR,צלחות קטנות פרח קרם,Unknown,0.00,יחידה,false,,14.90,0.0000,true,1,47745
7290112483065,false,צלחות גדולות פרח קרם,פאלאס,TR,צלחות גדולות פרח קרם,Unknown,0.00,יחידה,false,,17.90,0.0000,true,1,47746
7290112483072,false,צלחות מרק פרח קרם לפ,פאלאס,TR,צלחות מרק פרח קרם לפ,Unknown,0.00,יחידה,false,,14.90,0.0000,true,1,47750
7290112483195,false,מיכל 3 ליטר 7 יח,NINGBO,CN,מיכל 3 ליטר 7 יח,Unknown,0.00,יחידה,false,,19.90,0.0000,true,1,46912
7290112483362,false,"תבניות ח""פ עגול קשת",פאלאס,CN,"תבניות ח""פ עגול קשת",Unknown,0.00,יחידה,false,,19.90,0.0000,true,1,48438
7290112483379,false,"תבניות ח""פ מלבן קשת",פאלאס,CN,"תבניות ח""פ מלבן קשת",Unknown,0.00,יחידה,false,,19.90,0.0000,true,1,48439
7290112483386,false,"תבניות ח""פ עמוקות קש",פאלאס,CN,"תבניות ח""פ עמוקות קש",Unknown,0.00,יחידה,false,,19.90,0.0000,true,1,48440
7290112483393,false,"תבניות ח""פ בינוניות",פאלאס,CN,"תבניות ח""פ בינוניות",Unknown,0.00,יחידה,false,,19.90,0.0000,true,1,48441
7290112483409,false,"תבניות ח""פ גדולות קש",פאלאס,CN,"תבניות ח""פ גדולות קש",Unknown,0.00,יחידה,false,,19.90,0.0000,true,1,48442
7290112483416,false,"תבניות ח""פ ענק קשת 1",פאלאס,CN,"תבניות ח""פ ענק קשת 1",Unknown,0.00,יחידה,false,,19.90,0.0000,true,1,48443
7290112483423,false,"תבניות ח""פ אינגליש א",פאלאס,CN,"תבניות ח""פ אינגליש א",Unknown,0.00,יחידה,false,,19.90,0.0000,true,1,48444
7290112483430,false,כפות שקופות לפיד 50,פאלאס,TR,כפות שקופות לפיד 50,Unknown,0.00,יחידה,false,,4.90,0.0000,true,1,51874
7290112483447,false,כפיות שקופות לפיד 50,פאלאס,TR,כפיות שקופות לפיד 50,Unknown,0.00,יחידה,false,,4.90,0.0000,true,1,51875
7290112483454,false,מזלגות שקופות לפיד 5,פאלאס,TR,מזלגות שקופות לפיד 5,Unknown,0.00,יחידה,false,,4.90,0.0000,true,1,51876
7290112483478,false,"תבניות ח""פ אינגליש ק",פאלאס,CN,"תבניות ח""פ אינגליש ק",Unknown,0.00,יחידה,false,,19.90,0.0000,true,1,48445
7290112483560,false,מפיות מודפסות תלת שכ,פאלאס,CN,מפיות מודפסות תלת שכ,Unknown,0.00,יחידה,false,,9.90,0.0000,true,1,49358
7290112483584,false,מפיות תלת שכבתיות מו,hanketissue,,מפיות תלת שכבתיות מו,Unknown,0.00,יחידה,false,,4.90,0.0000,true,1,62357
7290112483591,false,צלחות קטנות רנסנס לב,פאלאס,TR,צלחות קטנות רנסנס לב,Unknown,0.00,יחידה,false,,39.90,0.0000,true,1,49771
7290112483607,false,צלחות גדולות רנסנס ל,פאלאס,TR,צלחות גדולות רנסנס ל,Unknown,0.00,יחידה,false,,59.90,0.0000,true,1,49772
7290112483614,false,צלחות ענק רנסנס לבן,פאלאס,TR,צלחות ענק רנסנס לבן,Unknown,0.00,יחידה,false,,69.90,0.0000,true,1,49773
7290112483638,false,לפתניות רנסנס לבן מו,פאלאס,TR,לפתניות רנסנס לבן מו,Unknown,0.00,יחידה,false,,32.90,0.0000,true,1,49775
7290112483669,false,צלחות גדולות רויאל 3,פאלאס,CN,צלחות גדולות רויאל 3,Unknown,0.00,יחידה,false,,49.90,0.0000,true,1,50802
7290112483676,false,צלחות ענק רויאל 30 י,פאלאס,TR,צלחות ענק רויאל 30 י,Unknown,0.00,יחידה,false,,69.90,0.0000,true,1,50803
7290112483720,false,צלחות גדולות קיסר 30,פאלאס,CN,צלחות גדולות קיסר 30,Unknown,0.00,יחידה,false,,54.90,0.0000,true,1,49722
7290112484185,false,צלחות ענק רוז פנינה,פאלאס,CN,צלחות ענק רוז פנינה,Unknown,0.00,יחידה,false,,69.90,0.0000,true,1,55586
7290112484246,false,צלחות ענק רוז קרם בל,פאלאס,CN,צלחות ענק רוז קרם בל,Unknown,0.00,יחידה,false,,69.90,0.0000,true,1,52439
7290112484345,false,קעריות אובלי שקוף לפ,פאלאס,TR,קעריות אובלי שקוף לפ,Unknown,0.00,יחידה,false,,5.90,0.0000,true,1,53737
7290112484352,false,צלחות ענק נעימות 50,פאלאס,TR,צלחות ענק נעימות 50,Unknown,0.00,יחידה,false,,39.90,0.0000,true,1,51662
7290112484369,false,צלחות לפתן נעימות 10,פאלאס,TR,צלחות לפתן נעימות 10,Unknown,0.00,יחידה,false,,22.90,0.0000,true,1,51664
7290112484406,false,"כוסות ח""פ קשת 200 מ""",פאלאס,GR,"כוסות ח""פ קשת 200 מ""",Unknown,0.00,יחידה,false,,34.90,0.0000,true,1,51282
7290112484420,false,כוסות נייר 168 יח 26,פאלאס,CN,כוסות נייר 168 יח 26,Unknown,0.00,יחידה,false,,29.90,0.0000,true,1,53835
7290112484444,false,כוסות נייר 116 יח 35,פאלאס,CN,כוסות נייר 116 יח 35,Unknown,0.00,יחידה,false,,29.90,0.0000,true,1,53400
7290112484758,false,צלחות גדולות רוז שחו,פאלאס,CN,צלחות גדולות רוז שחו,Unknown,0.00,יחידה,false,,49.90,0.0000,true,1,55588
7290112484796,false,קעריות אובליות רוז ש,פאלאס,CN,קעריות אובליות רוז ש,Unknown,0.00,יחידה,false,,32.90,0.0000,true,1,55582
7290112484819,false,צלחות קטנות נעימות ש,פאלאס,TR,צלחות קטנות נעימות ש,Unknown,0.00,יחידה,false,,24.90,0.0000,true,1,53750
7290112484826,false,צלחות גדולות נעימות,ב פ תעשיות,IL,צלחות גדולות נעימות,Unknown,0.00,יחידה,false,,44.90,0.0000,true,1,52509
7290112484833,false,צלחות ענק נעימות שקו,פאלאס,CN,צלחות ענק נעימות שקו,Unknown,0.00,יחידה,false,,54.90,0.0000,true,1,53759
7290112484840,false,צלחות מרק נעימות שקו,ב פ תעשיות,IL,צלחות מרק נעימות שקו,Unknown,0.00,יחידה,false,,24.90,0.0000,true,1,53751
7290112484857,false,צלחות לפתן נעימות שק,פאלאס,TR,צלחות לפתן נעימות שק,Unknown,0.00,יחידה,false,,22.90,0.0000,true,1,53752
7290112484901,false,תבניות מאפינס קשת 72,פאלאס,CN,תבניות מאפינס קשת 72,Unknown,0.00,יחידה,false,,9.90,0.0000,true,1,58212
7290112484925,false,מפת ניילון סופר עבה,פאלאס,IL,מפת ניילון סופר עבה,Unknown,0.00,יחידה,false,,39.90,0.0000,true,1,54739
7290112484970,false,כפות איכותיים רנסנס,פאלאס,TR,כפות איכותיים רנסנס,Unknown,0.00,יחידה,false,,19.90,0.0000,true,1,55402
7290112484987,false,כפיות איכותיים רנסנס,פאלאס,TR,כפיות איכותיים רנסנס,Unknown,0.00,יחידה,false,,19.90,0.0000,true,1,55404
7290112484994,false,מזלגות איכותיים רנסנ,פאלאס,TR,מזלגות איכותיים רנסנ,Unknown,0.00,יחידה,false,,19.90,0.0000,true,1,55403
7290112485007,false,סכינים איכותיים רנסנ,פאלאס,TR,סכינים איכותיים רנסנ,Unknown,0.00,יחידה,false,,19.90,0.0000,true,1,55405
7290112485014,false,צלחות קטנות סטפס לבן,פאלאס,CN,צלחות קטנות סטפס לבן,Unknown,0.00,יחידה,false,,11.90,0.0000,true,1,61054
7290112485021,false,צלחות גדולות סטפס לב,פאלאס,CN,צלחות גדולות סטפס לב,Unknown,0.00,יחידה,false,,17.90,0.0000,true,1,61057
7290112485038,false,צלחות ענק סטפס לבן ל,פאלאס,CN,צלחות ענק סטפס לבן ל,Unknown,0.00,יחידה,false,,19.90,0.0000,true,1,61052
7290112485052,false,צלחות קטנות סטפס שחו,פאלאס,CN,צלחות קטנות סטפס שחו,Unknown,0.00,יחידה,false,,11.90,0.0000,true,1,61058
7290112485069,false,צלחות גדולות סטפס שח,פאלאס,CN,צלחות גדולות סטפס שח,Unknown,0.00,יחידה,false,,17.90,0.0000,true,1,61059
7290112485076,false,צלחות ענק סטפס שחור,פאלאס,CN,צלחות ענק סטפס שחור,Unknown,0.00,יחידה,false,,19.90,0.0000,true,1,61053
7290112485250,false,סט סכום מהודר כסף נצ,פאלאס,CN,סט סכום מהודר כסף נצ,Unknown,0.00,יחידה,false,,29.90,0.0000,true,1,61191
7290112485274,false,סט סכום מהודר כסף לפ,פאלאס,CN,סט סכום מהודר כסף לפ,Unknown,0.00,יחידה,false,,29.90,0.0000,true,1,61193
7290112485342,false,צלחות קטנות אמריקאיו,ב פ תעשיות,IL,צלחות קטנות אמריקאיו,Unknown,0.00,יחידה,false,,26.90,0.0000,true,1,58296
7290112485359,false,צלחות גדולות אמריקאי,ב פ תעשיות,IL,צלחות גדולות אמריקאי,Unknown,0.00,יחידה,false,,34.90,0.0000,true,1,58295
7290112485366,false,צלחות ענק אמריקאי לב,פאלאס,TR,צלחות ענק אמריקאי לב,Unknown,0.00,יחידה,false,,49.90,0.0000,true,1,58294
7290112485373,false,מרקיות אמריקאיות בלו,ב פ תעשיות,IL,מרקיות אמריקאיות בלו,Unknown,0.00,יחידה,false,,26.90,0.0000,true,1,58297
7290112485380,false,לפתניות אמריקאיות בל,ב פ תעשיות,IL,לפתניות אמריקאיות בל,Unknown,0.00,יחידה,false,,14.90,0.0000,true,1,58298
7290112485397,false,קעריות אובליות אמריק,ב פ תעשיות,IL,קעריות אובליות אמריק,Unknown,0.00,יחידה,false,,18.90,0.0000,true,1,58299
7290112485502,false,סט סכום מהודר כסוף ב,פאלאס,CN,סט סכום מהודר כסוף ב,Unknown,0.00,יחידה,false,,49.90,0.0000,true,1,61189
7290112485519,false,מגש מלבן קיסר לפיד 4,פאלאס,CN,מגש מלבן קיסר לפיד 4,Unknown,0.00,יחידה,false,,11.90,0.0000,true,1,60992
7290112485526,false,מגש מרובע קיסר לפיד,פאלאס,CN,מגש מרובע קיסר לפיד,Unknown,0.00,יחידה,false,,9.90,0.0000,true,1,60988
7290112485533,false,מגש עגול קיסר לפיד,פאלאס,CN,מגש עגול קיסר לפיד,Unknown,0.00,יחידה,false,,12.90,0.0000,true,1,60989
7290112485540,false,מגש מרובע גדול קיסר,פאלאס,CN,מגש מרובע גדול קיסר,Unknown,0.00,יחידה,false,,11.90,0.0000,true,1,60990
7290112485557,false,מגש עגול גדול קיסר ל,פאלאס,CN,מגש עגול גדול קיסר ל,Unknown,0.00,יחידה,false,,14.90,0.0000,true,1,60991
7290112485564,false,מגש מלבן ארוך קיסר ל,פאלאס,CN,מגש מלבן ארוך קיסר ל,Unknown,0.00,יחידה,false,,9.90,0.0000,true,1,60993
7290112485571,false,כוסות קיסר לפיד 10 י,פאלאס,CN,כוסות קיסר לפיד 10 י,Unknown,0.00,יחידה,false,,10.90,0.0000,true,1,60994
7290112485618,false,כוס קריסטל פסים לפיד,פאלאס,CN,כוס קריסטל פסים לפיד,Unknown,0.00,יחידה,false,,29.90,0.0000,true,1,61063
7290112485625,false,כוסות נייר 50 יח 210,פאלאס,TR,כוסות נייר 50 יח 210,Unknown,0.00,יחידה,false,,7.90,0.0000,true,1,58302
7290112485724,false,מגש עץ אובלי גדול דק,פאלאס,CN,מגש עץ אובלי גדול דק,Unknown,0.00,יחידה,false,,9.90,0.0000,true,1,59520
7290112485731,false,צלחות עץ ענק מרובע ד,פאלאס,CN,צלחות עץ ענק מרובע ד,Unknown,0.00,יחידה,false,,14.90,0.0000,true,1,59521
7290112485748,false,צלחות עץ גדולות מרוב,פאלאס,CN,צלחות עץ גדולות מרוב,Unknown,0.00,יחידה,false,,12.90,0.0000,true,1,59519
7290112485762,false,מגש עץ מלבני גדול דק,פאלאס,CN,מגש עץ מלבני גדול דק,Unknown,0.00,יחידה,false,,14.90,0.0000,true,1,59522
7290112485779,false,מגש עץ מלבני קטן דקל,פאלאס,CN,מגש עץ מלבני קטן דקל,Unknown,0.00,יחידה,false,,11.90,0.0000,true,1,59523
7290112485786,false,צלחות עץ ענק מקאו לפ,פאלאס,CN,צלחות עץ ענק מקאו לפ,Unknown,0.00,יחידה,false,,19.90,0.0000,true,1,59517
7290112485793,false,צלחות עץ גדולות מקאו,פאלאס,CN,צלחות עץ גדולות מקאו,Unknown,0.00,יחידה,false,,16.90,0.0000,true,1,59518
7290112485809,false,צלחות עץ קטנות מקאו,פאלאס,CN,צלחות עץ קטנות מקאו,Unknown,0.00,יחידה,false,,12.90,0.0000,true,1,59516
7290112485892,false,מפיות חד שכבתי קשת 1,פאלאס,TR,מפיות חד שכבתי קשת 1,Unknown,0.00,יחידה,false,,5.90,0.0000,true,1,62777
7290112486011,false,צלחות לפתן פאלאס 150,פאלאס,IL,צלחות לפתן פאלאס 150,Unknown,0.00,יחידה,false,,19.90,0.0000,true,1,61405
7290112486028,false,צלחות קטנות פאלאס 12,פאלאס,IL,צלחות קטנות פאלאס 12,Unknown,0.00,יחידה,false,,19.90,0.0000,true,1,62642
7290112486035,false,צלחות גדולות פאלאס 8,פאלאס,IL,צלחות גדולות פאלאס 8,Unknown,0.00,יחידה,false,,19.90,0.0000,true,1,61696
7290112486042,false,צלחות מרק 70 יח' פאל,פאלאס,IL,צלחות מרק 70 יח' פאל,Unknown,0.00,יחידה,false,,19.90,0.0000,true,1,61629
7290112486059,false,צלחות ענק פאלאס 70 י,פאלאס,IL,צלחות ענק פאלאס 70 י,Unknown,0.00,יחידה,false,,19.90,0.0000,true,1,61630
7290112486066,false,קערות אובלית פאלאס 8,פאלאס,IL,קערות אובלית פאלאס 8,Unknown,0.00,יחידה,false,,19.90,0.0000,true,1,63708
7290112486516,false,מגש אובלי צבעוני פאל,פאלאס,IL,מגש אובלי צבעוני פאל,Unknown,0.00,יחידה,false,,21.90,0.0000,true,1,64523
7290112494016,false,מיונז מופחת שומן תלמה 500 גר',יוניליוור,IL,מיונז מופחת שומן תלמ,גרמים,500.00,100 גרם,false,,7.90,0.0158,true,1,45681
7290112494221,false,קליק - ביסקויט תפזורת 65 גרם,יוניליוור ישראל מזון,IL,קליק ביסקוויט 65 גרם,גרמים,65.00,100 גרם,false,,4.90,0.0754,true,1,47645
7290112494238,false,קליק - כדורים חלב תפזורת 65 גרם,יוניליוור ישראל מזון,IL,קליק שוקולד חלב 65 ג,גרמים,65.00,100 גרם,false,,4.90,0.0754,true,1,47647
7290112494276,false,קליק - כריות תפזורת 65 גרם,יוניליוור ישראל מזון,IL,קליק כריות 65 גרם,גרמים,65.00,100 גרם,false,,4.90,0.0754,true,1,47859
7290112494283,false,קליק - מעורב חום לבן תפזורת 65 גרם,יוניליוור ישראל מזון,IL,קליק חום לבן מעורב 6,גרמים,65.00,100 גרם,false,,4.90,0.0754,true,1,47648
7290112494313,false,קליק - קורנפלקס תפזורת 65 גרם,יוניליוור ישראל מזון,IL,קליק קורנפלקס 65 גרם,גרמים,65.00,100 גרם,false,,4.90,0.0754,true,1,47649
7290112494351,false,תלמה קורנפלקס של אלופים 850 ג',יוניליוור שפע ישראל,IL,קורנפלקס של אלופים 8,גרמים,850.00,100 גרם,false,,16.90,0.0199,true,1,49446
7290112495006,false,כריות - כריות נוגט 686 גרם,יוניליוור שפע ישראל,IL,"כריות נוגט בד""צ 686",גרמים,686.00,100 גרם,false,,23.90,0.0348,true,1,47658
7290112870230,false,קרנבל זיתים ב.דרום 8,בני דרום,IL,קרנבל זיתים ב.דרום 8,גרמים,820.00,100 גרם,false,,11.90,0.0145,true,1,41907
7290112870247,false,ממרח פסטו בזיליקום 190 ג' צנצנת,בני דרום,IL,ממרח פסטו בזיליקום ב,גרמים,190.00,100 גרם,false,,9.90,0.0521,true,1,37782
7290112870254,false,ממרח עגבניות מיובשות יבנה 190 ג',בני דרום,IL,ממרח עגבניות מיובשות,גרמים,190.00,100 גרם,false,,9.90,0.0521,true,1,37783
7290112870261,false,ממרח ארטישוק יבנה צנצנת 190 ג',בני דרום,IL,ממרח ארטישוק בני דרו,גרמים,190.00,100 גרם,false,,9.90,0.0521,true,1,37784
7290112870278,false,ממרח טפנד זיתים מרינד יבנה 190 ג' צנצנת,בני דרום,IL,ממרח טפנד זיתים מרינ,גרמים,190.00,100 גרם,false,,9.90,0.0521,true,1,37779
7290112870285,false,ממרח טפנד זיתים יבנה 190 ג' צנצנת,בני דרום,IL,ממרח טפנד זיתים בני,גרמים,190.00,100 גרם,false,,9.90,0.0521,true,1,37785
7290112870292,false,ממרח צימיצורי יבנה 190 ג' צנצנת,בני דרום,IL,ממרח צימיצורי בני דר,גרמים,190.00,100 גרם,false,,9.90,0.0521,true,1,37781
7290112870308,false,ממרח פלפל אדום יבנה 190 ג' צנצנת,בני דרום,IL,ממרח פלפל אדום בני ד,גרמים,190.00,100 גרם,false,,9.90,0.0521,true,1,37780
7290112870421,false,ממרח אריסה חריפה בני 190 ג' צנצת,בני דרום,IL,ממרח אריסה חריפה בני,גרמים,190.00,100 גרם,false,,9.90,0.0521,true,1,45080
7290112960115,false,אסם שקדי מרק 30% קמח חיטה מלא 12*350גרם,אסם,IL,שקדי מרק עם 30% קמח,גרמים,350.00,100 גרם,false,,9.60,0.0274,true,1,59147
7290112961266,false,בייגלה כפיות פיזור איטלקי 300 ג' אסם,Unknown,IL,בייגלה כפיות איטלקי,גרמים,300.00,100 גרם,false,,7.90,0.0263,true,1,45138
7290112961372,false,פיטנס חטיפי פריכיות דגנים עם קינמון,"פרח תעשיות מזון בע""מ",IL,חטיפי פריכיות קינמון,גרמים,60.00,100 גרם,false,,6.90,0.1150,true,1,42670
7290112961464,false,פיטנס חטיפי פריכיות דגנים וחומוס מתובלות,"פרח תעשיות מזון בע""מ",IL,חטיפי פריכיות מתובלו,גרמים,60.00,100 גרם,false,,6.90,0.1150,true,1,42671
7290112961754,false,עוגיות שוקולד ציפס עם קרם בטעם אגוזים,מיוצר עי קונדיטוריית,IL,עוגיות שוקולד ציפס מ,גרמים,200.00,100 גרם,false,,9.90,0.0495,true,1,43886
7290112962546,false,ארטיק לה פרוטה מלון תפוח מאגדת 443 גר',שוורצקוף& הנקל דיסלד,IL,שלגוני לה פרוטה מלון,גרמים,350.00,100 גרם,false,,17.90,0.0511,true,1,44128
7290112963321,false,בייגלה שטוח ללא גלוטן 300 גר',מיוצר עי קונדיטוריית,IL,בייגלה שטוח גרפיטי ל,גרמים,300.00,100 גרם,false,,11.90,0.0397,true,1,50814
7290112963918,false,חטיפי קרקר דק רוזמרין 140 ג' פיטנס,נסטלה Nestle,IL,קרקר דק רוזמרין פיטנ,גרמים,140.00,100 גרם,false,,9.90,0.0707,true,1,46569
7290112964434,false,רוטב לסלט קיסר 295 ג' אוסם,אסם,IL,רוטב לסלט קיסר אסם 2,גרמים,295.00,100 גרם,false,,8.90,0.0302,true,1,46471
7290112964472,false,רוטב שום לסלט 290 ג' אסם,Unknown,IL,רוטב שום אסם 290 גרם,גרמים,290.00,100 גרם,false,,8.90,0.0307,true,1,46473
7290112964625,false,רוטב שום לייט לסלט 310 ג' אסם,אסם,IL,רוטב שום לייט אסם 31,גרמים,310.00,100 גרם,false,,8.90,0.0287,true,1,46475
7290112964724,false,טבעול המבורגרטבעוני 580 גר',מיוצר עי קונדיטוריית,IL,המבורגר צמחוני טבעול,גרמים,580.00,100 גרם,false,,29.90,0.0516,true,1,46538
7290112965165,false,מרק נמס בטעם פטריות זוג * 24 ג' אסם,אסם,IL,מרק נמס פטריות אסם 2,גרמים,48.00,100 גרם,false,,5.50,0.1146,true,1,48426
7290112965240,false,מרק נמס בטעם עגבניות זוג * 44 ג' אסם,Unknown,IL,מרק נמס עגבניות אסם,גרמים,60.00,100 גרם,false,,5.50,0.0917,true,1,48427
7290112965288,false,אוסם - מרק נמס ירקות זוג 28 גרם * 2,Unknown,IL,מרק נמס ירקות אסם 2*,גרמים,56.00,100 גרם,false,,5.50,0.0982,true,1,53089
7290112965585,false,פרפקטו פסטה קסרצה 500 גר',אסם פרפקטו Perfecto,IL,פסטה קסרצה פרפקטו 50,גרמים,500.00,100 גרם,false,,4.90,0.0098,true,1,64594
7290112965660,false,פיטנס - חטיף מולטיגריין מלח פלפל 25 גרם,מיוצר עי קונדיטוריית,IL,חטיף פיטנס מלח פלפל,גרמים,25.00,100 גרם,false,,4.90,0.1960,true,1,53457
7290112965684,false,פיטנס - חטיף מולטיגריין עשבי תיבול 25 גרם,מיוצר עי קונדיטוריית,IL,חטיף פיטנס עשבי תיבו,Unknown,0.00,יחידה,false,,4.90,0.0000,true,1,53458
7290112965707,false,פיטנס - חטיף מולטיגריין צילי מעודן 25 גרם,"אסם השקעות בע""מ",IL,חטיף פיטנס צ'ילי מעו,גרמים,25.00,100 גרם,false,,4.90,0.1960,true,1,53459
7290112965745,false,אוסם - ביסלי פריסטייל בצל מעושן 60 גרם,"אסם השקעות בע""מ",IL,ביסלי פריסטייל בצל מ,גרמים,60.00,100 גרם,false,,3.90,0.0650,true,1,57145
7290112965783,false,אוסם - ביסלי פריסטייל על האש 60 גרם,"אסם השקעות בע""מ",IL,ביסלי פריסטייל על הא,גרמים,60.00,100 גרם,false,,3.90,0.0650,true,1,57097
7290112965806,false,אוסם - ביסלי פריסטייל חמוץ חריף 60 גרם,Unknown,IL,ביסלי פריסטייל חמוץ,גרמים,60.00,100 גרם,false,,3.90,0.0650,true,1,57098
7290112965905,false,בייגלה שמיניות במליחות מעודנת אסם 400 גר',מיוצר עי קונדיטוריית,IL,בייגלה שמיניות במליח,גרמים,400.00,100 גרם,false,,7.90,0.0198,true,1,48457
7290112965967,false,טבעול נאגטס ירקות כתומים 500 גר',טבעול תעשיות מזון בע,IL,נאגטס ירקות כתומים ט,גרמים,500.00,100 גרם,false,,29.90,0.0598,true,1,53688
7290112966094,false,עוגת הבית בטעם תפוז - פחות סוכר,מיוצר עי קונדיטוריית,IL,עוגת תפוז מופחתת סוכ,גרמים,400.00,100 גרם,false,,10.90,0.0273,true,1,48566
7290112966247,false,לחמית כוסמין 200 ג' אסם,אסם יקנעם,IL,לחמית כוסמין 200 גרם,גרמים,200.00,100 גרם,false,,7.90,0.0395,true,1,53002
7290112966803,false,פודינג אינסטנט שוקולד 88 ג' אסם,"אסם השקעות בע""מ",IL,פודינג אינסטנט שוקול,גרמים,88.00,100 גרם,false,,4.90,0.0557,true,1,50495
7290112967114,false,חטיפי פריכיות פיטנס קטניות ופלפל 60 גר',"פרח תעשיות מזון בע""מ",IL,חטיפי פריכיות קטניות,גרמים,60.00,100 גרם,false,,6.90,0.1150,true,1,50809
7290112967138,false,בייגלה שמיניות ללא גלוטן 250 גר' אסם,מיוצר עי קונדיטוריית,IL,בייגלה ל.גלוטן אסם 2,גרמים,250.00,100 גרם,false,,9.90,0.0396,true,1,48430
7290112967152,false,מארז במבה מתוקה 15*,אסם,IL,מארז במבה מתוקה 15*,גרמים,225.00,100 גרם,false,,17.90,0.0796,true,1,48556
7290112967381,false,פיטנס חטיפי פריכיות קטניות ומלח ים 60 גר',"פרח תעשיות מזון בע""מ",IL,חטיפי פריכיות קטניות,גרמים,60.00,100 גרם,false,,6.90,0.1150,true,1,50810
7290112967572,false,"אסם רוטב ברביקיו 290 מ""ל אסם",אסם,IL,רוטב ברביקיו אסם 290,גרמים,290.00,100 גרם,false,,8.90,0.0307,true,1,48431
7290112968340,false,חומוס תבלינים צבר 400 גרם,שוורצקוף& הנקל דיסלד,IL,חומוס גרוס גס גס צבר,גרמים,400.00,100 גרם,false,,13.90,0.0348,true,1,48988
7290112968685,false,חומוס גרגרים בתטבילה צבר 400 גרם,שוורצקוף& הנקל דיסלד,IL,חומוס גרגירים בתטביל,גרמים,400.00,100 גרם,false,,13.90,0.0348,true,1,49056
7290112968708,false,"טבעול שניצל תירס 1.3ק""ג בד""ץ",טבעול ישראל,IL,שניצל תירס טבעול 1.3,פריט,1.30,"ק""ג",false,,36.90,28.3846,true,1,50133
7290112968722,false,"טבעול נקניקיות מן הצומח 1.2 ק""ג בדץ",טבעול ישראל,IL,נקניקיות מן הצומח טב,פריט,1.20,"ק""ג",false,,39.90,33.2500,true,1,50134
7290112968807,false,פיטנס - קרקר דק סלק 140 גרם,מפעל אסם יקנעם,IL,קרקר דק סלק פיטנס 14,גרמים,140.00,100 גרם,false,,9.90,0.0707,true,1,53905
7290112968821,false,פיטנס - קרקר דק בטטה 140 גרם,מפעל אסם יקנעם,IL,קרקר דק בטטה פיטנס 1,גרמים,140.00,100 גרם,false,,9.90,0.0707,true,1,53906
7290113190375,false,סילאן סירופ תמרים טב,שקדיה,TR,סילאן טבעי שקדיה 900,גרמים,900.00,100 גרם,false,,14.90,0.0166,true,1,44226
7290113190450,false,ממרח תמרים שקדיה 450,פוליבה,IL,ממרח תמרים שקדיה 450,גרמים,450.00,100 גרם,false,,6.90,0.0153,true,1,49929
7290113190863,false,סילאן טבעי לחיץ שקדי,שקדיה,IL,סילאן טבעי לחיץ שקדי,גרמים,385.00,100 גרם,false,,11.90,0.0309,true,1,52262
7290113191006,false,פפריקה מתוקה יוחאי ב,תבליני בר,IL,פפריקה מתוקה יוחאי ב,גרמים,250.00,100 גרם,false,,14.90,0.0596,true,1,45390
7290113191020,false,פלפל שחור טחון יוחאי,תבליני בר,IL,פלפל שחור טחון יוחאי,גרמים,250.00,100 גרם,false,,14.90,0.0596,true,1,45392
7290113191037,false,פלפל שחור גרוס יוחאי,תבליני בר,IL,פלפל שחור גרוס יוחאי,גרמים,250.00,100 גרם,false,,14.90,0.0596,true,1,45393
7290113191044,false,כמון יוחאי ביטון 250,תבליני בר,IL,כמון יוחאי ביטון 250,גרמים,250.00,100 גרם,false,,14.90,0.0596,true,1,45394
7290113191051,false,כורכום יוחאי ביטון 2,תבליני בר,IL,כורכום יוחאי ביטון 2,גרמים,250.00,100 גרם,false,,14.90,0.0596,true,1,45395
7290113191099,false,סירופ מייפל טהור 250,שקדיה,IL,סירופ מייפל טהור 250,מיליליטרים,250.00,"100 מ""ל",false,,19.90,0.0796,true,1,60082
7290113191921,false,"תרכיז מלבי 750 מ""ל שקדיה",דין שיווק,IL,"סירופ מלבי 750 מ""ל",מיליליטרים,750.00,"100 מ""ל",false,,16.90,0.0225,true,1,48781
7290113192072,false,בוטנים מצופים בטעם צ,דין שיווק,IL,חטיפי בוטנים מצופים,גרמים,120.00,100 גרם,false,,4.90,0.0408,true,1,56146
7290113192096,false,בוטנים מצופים בטעם וואסבי 100ג',דין שיווק,IL,חטיפי בוטנים מצופים,גרמים,120.00,100 גרם,false,,4.90,0.0408,true,1,56148
7290113192218,false,תערובת להכנת מלבי 500 ג',דין שיווק,IL,אבקה להכנת מלבי שקדי,גרמים,500.00,100 גרם,false,,14.90,0.0298,true,1,48755
7290113192348,false,זיתים ירוקים שלמים גדולים מאוד בטעם שום,בית השיטה,IL,זית שום בית השיטה 56,גרמים,560.00,100 גרם,false,,8.90,0.0159,true,1,48465
7290113192355,false,חרוזית זיתים ירוקים ללא גלעין 275 ג' בית השיטה,בית השיטה,IL,זית חרוזית בית השיטה,גרמים,560.00,100 גרם,false,,8.90,0.0159,true,1,48466
7290113192362,false,טבעות זיתים ירוקים 280 ג' בית השיטה,בית השיטה,IL,זית טבעות בית השיטה,גרמים,560.00,100 גרם,false,,9.50,0.0170,true,1,48467
7290113192393,false,בית השיטה קוקטייל זיתים א2 336גר',בית השיטה,IL,זית קוקטייל בית השיט,גרמים,560.00,100 גרם,false,,10.90,0.0195,true,1,48469
7290113192478,false,בית השיטה מלפפונים במלח בינוני 10-12 320 גרם,בית השיטה,IL,מלפפון במלח 10-12 בי,גרמים,560.00,100 גרם,false,,6.90,0.0123,true,1,48470
7290113192485,false,בית השיטה מלפפונים בחומץ בינוני 10-12 290 גרם,בית השיטה,IL,מלפפון בחומץ 10-12 ב,גרמים,560.00,100 גרם,false,,6.90,0.0123,true,1,48471
7290113192492,false,בית השיטה מלפפונים בחומץ קטנים 1317 290 גרם,בית השיטה,IL,מלפפון בחומץ 13-17 ב,גרמים,560.00,100 גרם,false,,9.90,0.0177,true,1,48472
7290113192515,false,בית השיטה מלפפונים במלח קטן מאוד 1825 320 גרם,בית השיטה,IL,מלפפון במלח 18-25 בי,גרמים,560.00,100 גרם,false,,9.90,0.0177,true,1,48474
7290113192522,false,בית השיטה מלפפונים בחומץ קטן מאוד 1825 290 גרם,בית השיטה,IL,מלפפון בחומץ 18-25 ב,גרמים,560.00,100 גרם,false,,9.90,0.0177,true,1,48475
7290113192539,false,בית השיטה מלפפונים במלח גדול 79 320 גרם,בית השיטה,IL,מלפפון במלח 7-9 בית,גרמים,560.00,100 גרם,false,,5.90,0.0105,true,1,48476
7290113192546,false,בית השיטה מלפפונים בחומץ גדול 79 290 גרם,בית השיטה,IL,מלפפון בחומץ 7-9 בית,גרמים,560.00,100 גרם,false,,5.90,0.0105,true,1,48477
7290113192560,false,בית השיטה פלפל שיפקה חריף כבוש 230 גרם,בית השיטה,IL,פלפל שיפקה בית השיטה,גרמים,560.00,100 גרם,false,,6.50,0.0116,true,1,48478
7290113193017,false,בית השיטה קוקטייל זיתים 275 גר',בית השיטה,IL,זית חרוזית קוקטייל ב,גרמים,560.00,100 גרם,false,,11.50,0.0205,true,1,50937
7290113193031,false,חרוזית קלמטה - זיתים שחורים ללא גלעין קלמטה,שוורצקוף& הנקל דיסלד,IL,זית חרוזית קלמטה בית,גרמים,560.00,100 גרם,false,,11.50,0.0205,true,1,50938
7290113193321,false,"שמן זית כתית מעולה בית השיטה 750 מ""ל",בית השיטה,IL,שמן זית כתית מעולה ב,מיליליטרים,750.00,"100 מ""ל",false,,27.90,0.0372,true,1,53357
7290113193451,false,מלפפון במלח בינוני ע,בית השיטה,IL,מלפפון במלח בינוני ע,גרמים,820.00,100 גרם,false,,7.90,0.0096,true,1,51470
7290113194601,false,מובחרים מן הטבע 500,דין שיווק,IL,מובחרים מן הטבע 500,גרמים,500.00,100 גרם,false,,9.90,0.0198,true,1,51480
7290113194618,false,קוואקר מובחרים מן הט,דין שיווק,IL,קוואקר מובחרים מן הט,גרמים,700.00,100 גרם,false,,4.90,0.0070,true,1,51482
7290113194625,false,מובחרים מן הטבע 300,דין שיווק,IL,מובחרים מן הטבע 300,גרמים,300.00,100 גרם,false,,9.90,0.0330,true,1,51481
7290113194632,false,ממרח שקדים שקדיה 500,דין שיווק,IL,ממרח שקדים שקדיה 500,גרמים,500.00,100 גרם,false,,49.90,0.0998,true,1,52706
7290113195042,false,מלפפון חמוץ במלח כבישה ביתית בית השיטה 750 גר',שוורצקוף& הנקל דיסלד,IL,מלפפון במלח בטעם בית,גרמים,750.00,100 גרם,false,,24.90,0.0332,true,1,59102
7290113195837,false,מובחרים מן הטבע 250,דין שיווק,IL,מובחרים מן הטבע 250,גרמים,250.00,100 גרם,false,,9.90,0.0396,true,1,52278
7290113195844,false,מובחרים מן הטבע 400,דין שיווק,IL,מובחרים מן הטבע 400,גרמים,400.00,100 גרם,false,,9.90,0.0248,true,1,52279
7290113195851,false,מובחרים מן הטבע 800,דין שיווק,IL,מובחרים מן הטבע 800,גרמים,800.00,100 גרם,false,,9.90,0.0124,true,1,52280
7290113195868,false,מובחרים מן הטבע 200,דין שיווק,IL,מובחרים מן הטבע 200,גרמים,200.00,100 גרם,false,,9.90,0.0495,true,1,52281
7290113196414,false,"אורז בסמטי שקדיה 1 ק""ג",קריות זול,IN,אורז בסמטי שקדיה 1 ק,פריט,1.00,"ק""ג",false,,9.90,9.9000,true,1,58122
7290113196506,false,פריכיות כוסמת ללא מלח שקדיה 150 ג',דין שיווק,IL,פריכיות כוסמת ללא מל,גרמים,150.00,100 גרם,false,,11.90,0.0793,true,1,57766
7290113196513,false,פריכיות כוסמת בתוספת שקדים שקדיה 150 ג',דין שיווק,IL,פריכיות כוסמת שקדים,גרמים,150.00,100 גרם,false,,11.90,0.0793,true,1,57767
7290113196520,false,פריכיות כוסמין ללא מלח שקדיה 150 ג',דין שיווק,IL,פריכיות כוסמין ללא מ,גרמים,150.00,100 גרם,false,,11.90,0.0793,true,1,57768
7290113196759,false,ירקות מעורבים בסגנון מזרחי בטעם ביתי,בית השיטה,IL,ירקות מעורבים בטעם ב,גרמים,750.00,100 גרם,false,,9.90,0.0132,true,1,59103
7290113196896,false,תרסיס שמן זית 170 ג' שקדיה,שקדיה,IL,תרסיס שמן זית שקדיה,מיליליטרים,170.00,"100 מ""ל",false,,14.90,0.0876,true,1,58562
7290113196940,false,חטיפי תירס טורטיה בט,אן וי רוגר,BE,חטיפי תירס בטעם טבעי,גרמים,300.00,100 גרם,false,,12.90,0.0430,true,1,62434
7290113196957,false,חטיפי תירס טורטיה בט,אן וי רוגר,BE,חטיפי תירס בטעם ברבי,גרמים,300.00,100 גרם,false,,12.90,0.0430,true,1,62435
7290113197152,false,לבבות דקל שלם בצנצנת,שקדיה,IL,לבבות דקל שלם בצנצנת,גרמים,410.00,100 גרם,false,,11.90,0.0290,true,1,58591
7290113199590,false,נקטר חמוציות קרנברי,,US,נקטר חמוציות קרנברי,קילוגרמים,1.89,ליטר,false,,19.90,10.5291,true,1,60579
7290113199767,false,ממרח 100% שקדים שקדי,פפאיינס,TW,ממרח 100% שקדים שקדי,גרמים,300.00,100 גרם,false,,26.90,0.0897,true,1,62430
7290113199866,false,מגש אירוח אגוזים קלויים וחטיפים מלוחים מקל 450 ג',דין שיווק,IL,מיקס פיצוחים 450 גרם,גרמים,450.00,100 גרם,false,,34.90,0.0776,true,1,60648
7290113199880,false,טורטיה בתוספת קמח כוסמין ושיבולת שועל 360 ג' שקדיה,,TR,טורטיות בתוספת קמח כ,גרמים,360.00,100 גרם,false,,12.90,0.0358,true,1,62433
7290114310215,false,"**טרה שמנת מתוקה 38% 250 מ""ל בקבוק.",מילקו תעשיות בעמ,IL,שמנת מתוקה 38% בבקב,מיליליטרים,250.00,"100 מ""ל",false,,6.40,0.0256,true,1,50431
7290114310222,false,חלב 1.5 ליטר 3% מועשר בסידן וויטמין D.,מילקו תעשיות בעמ,IL,חלב מועשר 3% טרה 1.5,קילוגרמים,1.50,ליטר,false,,10.90,7.2667,true,1,51327
7290114310239,false,חלב טרה נטול לקטוז מועשר בוויטמין D 2% 1.5 ל',מילקו תעשיות בעמ,IL,חלב מועשר נטול לקטוז,קילוגרמים,1.50,ליטר,false,,10.90,7.2667,true,1,51328
7290114310246,false,גבינת גרנה פדנו מחלב בקר 29%,מחלבת משק צוריאל,IL,גבינה גרנה פדנו 29%,גרמים,125.00,100 גרם,false,,14.90,0.1192,true,1,56075
7290114310338,false,צפתית מעודנת 5% 225 גר' משק צוריאל,מחלבת משק צוריאל,IL,גבינה צפתית מעודנת 5,גרמים,225.00,100 גרם,false,,16.30,0.0724,true,1,55967
7290114310536,false,יוגורט לייט מעושר בחלבון בטעם וניל מולר 200 ג',מולר Muller,IL,מולר אקטיב וניל לייט,גרמים,200.00,100 גרם,false,,5.50,0.0275,true,1,57275
7290114310550,false,פטה עיזים מעודנת בגביע 5% 200 ג',משק צוריאל,IL,גבינת פטה עיזים מעוד,מיליליטרים,200.00,"100 מ""ל",false,,23.90,0.1195,true,1,56094
7290114310567,false,לאבנה עיזים 5% שומן 200 גרם,משק צוריאל,IL,לאבנה עיזים 5% צוריא,גרמים,200.00,100 גרם,false,,13.90,0.0695,true,1,56093
7290114310611,false,"משקה חלב בננה בבקבוק פקק ספורט טרה 250 מ""ל",Unknown,IL,"משקה בננה טרה 250 מ""",מיליליטרים,250.00,"100 מ""ל",false,,4.90,0.0196,true,1,61923
7290114310628,false,משקה חלב בטעם וניל עוגיות 1.5% שומן,מילקו תעשיות בעמ,IL,משקה וניל עוגיות טרה,קילוגרמים,1.00,ליטר,false,,10.90,10.9000,true,1,56652
7290114310673,false,גבינת לאבנה 9% 250 גרם,טרה,IL,לאבנה 9% טרה 250 גרם,גרמים,250.00,100 גרם,false,,11.90,0.0476,true,1,56095
7290114310895,false,סימפלי מולר מאגדת שמינייה מנגו תות 1.5% 150X8 גר',מולר Muller,IL,מארז מולר סימפלי תות,קילוגרמים,1.20,ליטר,false,,28.90,24.0833,true,1,62883
7290114311014,false,"משקה חלב אייס קפוצ'ינו בבקבוק 250 מ""ל",Unknown,IL,משקה אייס קפוצ'ינו ט,מיליליטרים,250.00,"100 מ""ל",false,,4.90,0.0196,true,1,61924
7290114311021,false,משקה חלב בטעם וניל עוגיות 1.5% שומן,Unknown,IL,משקה וניל עוגיות טרה,מיליליטרים,250.00,"100 מ""ל",false,,4.90,0.0196,true,1,61925
7290114311038,false,שמנת מתוקה עמידה 32% 250מל בקבוק,מילקו,IL,שמנת מתוקה 32% בבקבו,מיליליטרים,250.00,"100 מ""ל",false,,6.70,0.0268,true,1,61723
7290114311069,false,יוגורט לבן מועשר בחלבון 0% שומן 200 גרם muller active,מולר Muller,IL,מולר אקטיב בטעם טבעי,גרמים,200.00,100 גרם,false,,4.90,0.0245,true,1,61390
7290114311076,false,"חמאת מולר צהובה עם שום, 200 גרם",מולר Muller,IL,חמאה עם שום מולר 200,גרמים,200.00,100 גרם,false,,10.90,0.0545,true,1,61717
7290114311298,false,יוגורט קציפת תות בננה מלון 150 ג' מולר,מולר Muller,IL,מולר פרופ קציפת תות,מיליליטרים,150.00,"100 מ""ל",false,,4.80,0.0320,true,1,62475
7290114311304,false,יוגורט קציפת מנגו פסיפלורה בננה 150 ג' מולר,מולר Muller,IL,מולר פרופ קציפת מנגו,מיליליטרים,150.00,"100 מ""ל",false,,4.80,0.0320,true,1,62476
7290114311359,false,יוגורט עם קציפת מנגו 3% שומן פרופ 150 ג' מולר,מולר Muller,IL,מולר פרופ קציפת מנגו,מיליליטרים,150.00,"100 מ""ל",false,,4.80,0.0320,true,1,62477
7290114311434,false,"מולר אקטיב בטעם קרמל מלוח 0% שומן, 200 גרם",מולר Muller,IL,מולר אקטיב בטעם קרמל,גרמים,200.00,100 גרם,false,,5.50,0.0275,true,1,63802
7290114311441,false,"מולר אקטיב בטעם עוגיות חמאה 0% שומן, 200 גרם",מולר Muller,IL,מולר אקטיב בטעם עוגי,גרמים,200.00,100 גרם,false,,5.50,0.0275,true,1,63803
7290114311458,false,"חלב מועשר 3% וויטמין קרטון, 1 ל טרה",Unknown,IL,חלב מועשר 3% וויטמין,קילוגרמים,1.00,ליטר,false,,6.90,6.9000,true,1,63433
7290114311502,false,"משקה חלב בקבוק בטעם סחלב, 1 ליטר",מילקו תעשיות בעמ,IL,משקה חלב בטעם סחלב ט,קילוגרמים,1.00,ליטר,false,,10.90,10.9000,true,1,63851
7290114601221,false,אג'קס עם אקונומיקה ל,cp צרפת,FR,אג קס עם אקונומיקה ל,מיליליטרים,0.00,"100 מ""ל",false,,26.90,0.0000,true,1,48282
7290114602150,false,משחת קולגייט טוטל קל,קולגייט פלמוליב,PL,משחת קולגייט טוטל קל,מיליליטרים,300.00,"100 מ""ל",false,,38.90,0.1297,true,1,51021
7290114602174,false,משחת קולגייט טוטל הל,קולגייט פלמוליב,PL,משחת קולגייט טוטל הל,מיליליטרים,300.00,"100 מ""ל",false,,38.90,0.1297,true,1,51022
7290114602211,false,משחת קולגייט סנסטיב,קולגייט פלמוליב,PL,משחת קולגייט סנסטיב,גרמים,225.00,100 גרם,false,,44.90,0.1996,true,1,51870
7290114604932,false,רוטב ברביקיו דבש מאסטר שף 520 ג',רמיה סי.וי. הולנד,NL,רוטב ברביקיו דבש מאס,גרמים,524.00,100 גרם,false,,12.90,0.0246,true,1,57994
7290114604949,false,רוטב ברביקיו מאסטר שף 524 ג',רמיה סי.וי. הולנד,NL,רוטב ברביקיו מאסטר ש,גרמים,524.00,100 גרם,false,,12.90,0.0246,true,1,57995
7290114606387,false,משחת שיניים אופטיק ו,קולגייט פלמוליב,PL,משחת קולגייט אופטיק,מיליליטרים,150.00,"100 מ""ל",false,,29.90,0.1993,true,1,56878
7290114606592,false,רוטב סויה מסורתית 46% פולי סויה מאסטר שף 620 ג',קריניציה ויטמינה אס,TH,רוטב סויה מאסטר שף 6,מיליליטרים,620.00,"100 מ""ל",false,,12.90,0.0208,true,1,61403
7290114607315,false,"מקס וויט מארז זוג 125 מ""ל",קולגייט פלמוליב,PL,משחת קולגייט מקס ווי,מיליליטרים,250.00,"100 מ""ל",false,,28.90,0.1156,true,1,56423
7290114608688,false,פירורי לחם מתובלים מ,מנה,IL,פירורי לחם מתובלים מ,גרמים,480.00,100 גרם,false,,11.90,0.0248,true,1,57993
7290115200188,false,אוסם - מרק נמס עגבניות פיקנטי 25 גרם * 2,Unknown,IL,מרק נמס עגבניות אסם,גרמים,50.00,100 גרם,false,,5.50,0.1100,true,1,53090
7290115200676,false,עוגיות קרמוגית במילוי קרם בטעם קרמל מלוח,היינץ צפון אמריקה מק,IL,עוגיות קרמוגית במילו,גרמים,200.00,100 גרם,false,,9.90,0.0495,true,1,53091
7290115201680,false,ביסלי בטעם ברביקיו 70 ג' אסם,"אסם השקעות בע""מ",IL,ביסלי ברביקיו 70 גרם,גרמים,70.00,100 גרם,false,,3.90,0.0557,true,1,54489
7290115201703,false,ביסלי בטעם ברביקיו 200 ג' אסם,מיוצר עי קונדיטוריית,IL,ביסלי ברביקיו 200 גר,גרמים,200.00,100 גרם,false,,6.50,0.0325,true,1,54799
7290115201727,false,ביסלי בטעם בצל 200 ג' אסם,מיוצר עי קונדיטוריית,IL,ביסלי בצל 200 גרם,גרמים,200.00,100 גרם,false,,6.50,0.0325,true,1,54056
7290115201741,false,ביסלי בטעם בצל אסם 7,"אסם השקעות בע""מ",IL,ביסלי בצל 70 גרם,גרמים,70.00,100 גרם,false,,3.90,0.0557,true,1,53830
7290115203134,false,פופקו פופקורן במבה - פופקורן בציפוי קרמל ובוטנים,"אסם השקעות בע""מ",IL,פופקו פופקורן קרמל,גרמים,80.00,100 גרם,false,,4.50,0.0563,true,1,57271
7290115203172,false,במבה PRO מכיל 18 גרם חלבון בשקית,"אסם השקעות בע""מ",IL,במבה פרו 80 גרם,גרמים,80.00,100 גרם,false,,3.90,0.0487,true,1,63485
7290115203806,false,"רוטב בסיס לבישול אסם 290 מ""ל","אסם השקעות בע""מ",IL,רוטב סויה לבישול אסם,גרמים,290.00,100 גרם,false,,10.90,0.0376,true,1,64597
7290115204018,false,מנה חמה איטלקי פסטה בסגנון אלפרדו 60 ג' אסם,נסטלה,IL,מנה חמה פסטה בסגנון,גרמים,60.00,100 גרם,false,,4.90,0.0817,true,1,64519
7290115204056,false,אסם קטשופ מופחת סוכר 690 גר',קריות זול,IL,קטשופ לחיץ מופחת סוכ,גרמים,690.00,100 גרם,false,,8.70,0.0126,true,1,55188
7290115205022,false,אוסם - שקדי מרק מקלונים 350 גרם,אסם,IL,שקדי מרק מקלונים אסם,גרמים,350.00,100 גרם,false,,9.60,0.0274,true,1,59148
7290115205176,false,פיטנס - קרקר דק כפרי פיטנס 140 גרם,נסטלה Nestle,IL,קרקר דק כפרי פיטנס 1,גרמים,140.00,100 גרם,false,,9.90,0.0707,true,1,60775
7290115205312,false,קרקר פיטנס דק עם זיתי קלמטה ועשבי תיבול,"אסם השקעות בע""מ",IL,קרקר דק זיתי קלמטה פ,גרמים,140.00,100 גרם,false,,9.90,0.0707,true,1,61849
7290115206531,false,אסם קרמוגית במילוי קרם בייגלה 12*200 גרם,אסם-נסטלה,IL,עוגיות במילוי קרם בי,גרמים,200.00,100 גרם,false,,9.90,0.0495,true,1,58511
7290115207682,false,"רוטב בסגנון סויה סיני 290 מ""ל",Unknown,,רוטב בסגנון סויה סינ,מיליליטרים,290.00,"100 מ""ל",false,,9.90,0.0341,true,1,64595
7290115207880,false,ויטמינצ'יק פטל 2 ליטר,בית השיטה עסיס תעשיו,IL,סירופ ויטמנציק פטל 2,קילוגרמים,2.00,ליטר,false,,39.90,19.9500,true,1,64722
7290115207903,false,סירופ ויטמנציק תפוח,בית השיטה עסיס תעשיו,IL,סירופ ויטמנציק תפוח,קילוגרמים,2.00,ליטר,false,,39.90,19.9500,true,1,64723
7290115207941,false,סירופ אננס 1 ל' ויטמינצ'יק,בית-השיטה עסיס תעשיו,IL,סירופ ויטמינצ'יק אננ,קילוגרמים,1.00,ליטר,false,,18.90,18.9000,true,1,60247
7290115207965,false,סירופ מנגו ואפרסק 1 ל' ויטמינצ'יק,בית-השיטה עסיס תעשיו,IL,סירופ ויטמינצ'יק מנג,קילוגרמים,1.00,ליטר,false,,18.90,18.9000,true,1,60248
7290115207989,false,סירופ לימון 1 ל' ויטמינצ'יק,בית-השיטה עסיס תעשיו,IL,סירופ ויטמינצ'יק לימ,קילוגרמים,1.00,ליטר,false,,18.90,18.9000,true,1,60249
7290115208047,false,סירופ פטל 1 ל' ויטמינצ'יק,בית-השיטה עסיס תעשיו,IL,סירופ ויטמינצ'יק פטל,קילוגרמים,1.00,ליטר,false,,18.90,18.9000,true,1,60250
7290115208061,false,סירופ תפוח 1ל' ויטמינצ'יק,בית השיטה עסיס תעשיו,IL,סירופ ויטמינצ'יק תפו,קילוגרמים,1.00,ליטר,false,,18.90,18.9000,true,1,60251
7290115208320,false,אפרופו חטיף בטעם ביסלי בצל 50 גרם,"אסם השקעות בע""מ",IL,אפרופו בטעם ביסלי בצ,גרמים,50.00,100 גרם,false,,4.50,0.0900,true,1,64367
7290115208344,false,בייגלה כפיות שמנת בצל 300ג אסם,אסם,IL,בייגלה כפיות בטעם שמ,גרמים,300.00,100 גרם,false,,7.90,0.0263,true,1,63487
7290115208849,false,"מנה חמה פסטה מוקרמת ט.עוף בד""צ 55גר",קריות זול,IL,מנה חמה פירה עם בטטה,גרמים,51.00,100 גרם,false,,4.90,0.0961,true,1,64520
7290115209136,false,"טבעול חטיפי עוף צימחי העדה החרדית 1ק""ג",טבעול ישראל,IL,חטיפים צמחוניים בטעם,פריט,1.20,"ק""ג",false,,39.90,33.2500,true,1,62966
7290115209198,false,במבה אורירית 80 ג' אסם,אסם השקעות בעמ,IL,במבה אוורירית 80 גרם,גרמים,80.00,100 גרם,false,,3.90,0.0487,true,1,63085
7290115209235,false,אסם פתי בר קפה 500 גרם,קריות זול,IL,פתיבר בטעם קפה אסם 5,גרמים,500.00,100 גרם,false,,6.90,0.0138,true,1,64257
7290115405774,false,פחזניות ממולאות בטעם וניל 180 גרם,תופינים מקבוצת קפולס,IL,פחזניות במילוי קרם ב,גרמים,180.00,100 גרם,false,,12.90,0.0717,true,1,61913
7290115642414,false,ערכת שמן נוזלי הנרות,,,ערכת שמן נוזלי הנרות,Unknown,0.00,יחידה,false,,34.90,0.0000,true,1,64603
7290115671346,false,מיני פינוקיות טופי קרמל מלוח 180 ג' עלית,הגביע מוצרי ופלים בע,IL,עוגיות מיני פינוקיות,גרמים,188.00,100 גרם,false,,7.90,0.0420,true,1,58519
7290115671353,false,מיני פינוקיות עוגיות קקאו במילוי קרם בטעם וניל,עלית,IL,עוגיות מיני פינוקיות,גרמים,188.00,100 גרם,false,,7.90,0.0420,true,1,59811
7290115671421,false,פולי אספרסו עשירים וארומטיים עוצמה 10 250 ג' עלית,שטראוס קפה בי.וי,IL,פולי קפה ארומטיים בק,גרמים,250.00,100 גרם,false,,19.90,0.0796,true,1,64051
7290115675696,false,דגני בוקר קראנצ'ים שיבולת שועל עם אגוזים ושקדים,גלידות שטראוס,IL,דגני בוקר קראנצ'ים ש,גרמים,375.00,100 גרם,false,,18.90,0.0504,true,1,62492
7290115675702,false,דגני בוקר קראנצ'ים שיבולת שועל עם פירות מיובשים,גלידות שטראוס,IL,דגני בוקר קראנצ'ים ש,גרמים,375.00,100 גרם,false,,18.90,0.0504,true,1,62493
7290115675986,false,יוגורט עם אגוזי לוז ושקדים בקרמל מלוח 4.5%,"שטראוס בריאות בע""מ",IL,דנונה בר עם אגוזים מ,גרמים,173.00,100 גרם,false,,3.90,0.0225,true,1,54222
7290115676037,false,דנונה ריפרש יוגורט עם תות ודומדמניות 1.6% שומן,מיוצר עי קונדיטוריית,IL,משקה דנונה ריפרש תות,גרמים,250.00,100 גרם,false,,5.50,0.0220,true,1,56970
7290115676273,false,קקאו 500גר' +10% תוספת,שטראוס גרופ,IL,קקאו עלית 500 + 50 ג,גרמים,550.00,100 גרם,false,,23.90,0.0435,true,1,56610
7290115677089,false,קונפיטורה תפוח וקינמון יד מרדכי 340 ג',"ב.א מזון בע""מ",IL,קונפיטורה תפוח וקינמ,גרמים,340.00,100 גרם,false,,12.90,0.0379,true,1,57772
7290115678376,false,מעדן הגולן שוקולד 125 גרם,מיוצר עי קונדיטוריית,IL,מעדן הגולן שוקולד 12,מיליליטרים,125.00,"100 מ""ל",false,,2.80,0.0224,true,1,57792
7290115678383,false,מעדן הגולן שוקולד מריר 125 גר,מיוצר עי קונדיטוריית,IL,מעדן הגולן שוקולד מר,מיליליטרים,125.00,"100 מ""ל",false,,2.80,0.0224,true,1,57793
7290115720273,false,סוכריות בריקס (לגו),גרוסליין,CN,סוכריות בריקס (לגו),פריט,1.00,"ק""ג",false,,39.90,39.9000,true,1,64115
7290115720280,false,מארז סוכריות בטעמי פירות בריקס 18 יחי',גרוסליין,CN,סוכריות לגו בריקס 18,גרמים,216.00,100 גרם,false,,18.90,0.0875,true,1,56731
7290115720358,false,סוכריות גואל פופ מארז 18 יחי',גרוסליין,CN,סוכריות טבעת ג'ואל פ,גרמים,225.00,100 גרם,false,,18.90,0.0840,true,1,56732
7290115720464,false,סוכריות מוצץ גרוסליי 16*18גר,גרוסליין,BE,סוכריות מוצץ גרוסליי,גרמים,105.00,100 גרם,false,,18.90,0.1800,true,1,57256
7290115720471,false,סוכריות משרוקית מארז 18 יחי,גרוסליין,BE,סוכריות משרוקית גרוס,גרמים,170.00,100 גרם,false,,18.90,0.1112,true,1,57257
7290115720488,false,סוכריות ליפסטיק מארז 18 יחי',גרוסליין,BE,סוכריות ליפסטיק גרוס,גרמים,170.00,100 גרם,false,,18.90,0.1112,true,1,57258
7290115720648,false,סוכריות סביבון ג'ואל,גואנדונג באישנג פודס,CN,סוכריות סביבון ג'ואל,גרמים,125.00,100 גרם,false,,11.90,0.0952,true,1,64535
7290115720709,false,גואל פופ מארז טויסט 18 יח',גרוסליין,CN,סוכריות טבעת גרוסליי,גרמים,216.00,100 גרם,false,,18.90,0.0875,true,1,62358
7290115720778,false,דיפ אנד ליק סוכריות דובי על מקל 15 יח',גרוסליין,CN,סוכריות דיפ אנד ליק,גרמים,216.00,100 גרם,false,,18.90,0.0875,true,1,62359
7290115720891,false,סוכריות בטעמי פירות פאזל 18 יח',גרוסליין,CN,סוכריות פאזל מספרים,גרמים,216.00,100 גרם,false,,18.90,0.0875,true,1,63706
7290115720969,false,סוכריות בטעמי פירות טטריס 18 יח',גרוסליין,CN,סוכריות בלוקס בטעמי,גרמים,216.00,100 גרם,false,,18.90,0.0875,true,1,63707
7290116532462,false,גלידת שמנת קליק בטעמי שוקולד בננה 384 ג' שטראוס,"גלידת שטראוס בע""מ, ר",IL,גלידה שמנת קליק בטעם,מיליליטרים,520.00,"100 מ""ל",false,,9.90,0.0190,true,1,62251
7290116532486,false,גלידת שמנת קליק בטעמי וניל קרמל מלוח 384 ג' שטראוס,"גלידת שטראוס בע""מ, ר",IL,גלידה שמנת קליק בטעם,מיליליטרים,520.00,"100 מ""ל",false,,9.90,0.0190,true,1,62252
7290116850382,false,ניילון לכיסוי מזון א,,,ניילון לכיסוי מזון א,Unknown,0.00,יחידה,false,,9.90,0.0000,true,1,58341
7290116850863,false,נר הבדלה אתרוג,,,נר הבדלה אתרוג,Unknown,0.00,יחידה,false,,29.90,0.0000,true,1,61237
7290116850870,false,נר הבדלה שבוע טוב,,,נר הבדלה שבוע טוב,Unknown,0.00,יחידה,false,,19.90,0.0000,true,1,61238
7290116851716,false,מארז 6 כריות קרצוף ש,,,מארז 6 כריות קרצוף ש,Unknown,0.00,יחידה,false,,14.90,0.0000,true,1,61235
7290116853505,false,כדוריות סבון אסלה בנ,TOMIL S.R.O,CZ,כדוריות סבון אסלה בנ,גרמים,105.00,100 גרם,false,,14.90,0.1419,true,1,64482
7290116853512,false,כדוריות סבון אסלה בנ,TOMIL S.R.O,CZ,כדוריות סבון אסלה בנ,גרמים,105.00,100 גרם,false,,14.90,0.1419,true,1,64483
7290116853529,false,כדוריות סבון אסלה בנ,TOMIL S.R.O,CZ,כדוריות סבון אסלה בנ,גרמים,105.00,100 גרם,false,,14.90,0.1419,true,1,64484
7290116853536,false,כדוריות סבון אסלה בנ,TOMIL S.R.O,CZ,כדוריות סבון אסלה בנ,גרמים,105.00,100 גרם,false,,14.90,0.1419,true,1,64485
7290116853567,false,סט 4 כוסות מדידה ביפ,,,סט 4 כוסות מדידה ביפ,Unknown,0.00,יחידה,false,,24.90,0.0000,true,1,64700
7290116853574,false,מסננת גבוהה,,,מסננת גבוהה,Unknown,0.00,יחידה,false,,34.90,0.0000,true,1,64705
7290116853598,false,מסננת יוקרתית ביפנס,,,מסננת יוקרתית ביפנס,Unknown,0.00,יחידה,false,,49.90,0.0000,true,1,64706
7290116853635,false,מארז 6 כריות קרצוף ע,,,מארז 6 כריות קרצוף ע,Unknown,0.00,יחידה,false,,19.90,0.0000,true,1,63492
7290116853796,false,מברשת איכותית לניקוי,,,מברשת איכותית לניקוי,Unknown,0.00,יחידה,false,,34.90,0.0000,true,1,64704
7290116853925,false,פטיש לשניצל יוקרתי ב,,,פטיש לשניצל יוקרתי ב,Unknown,0.00,יחידה,false,,34.90,0.0000,true,1,64710
7290116930244,false,"תנובה יוגורט ביו 1.5% בד""צ 8*150 גרם",תנובה מרכז שיתופי לש,IL,מארז יוגורט ביו תנוב,קילוגרמים,1.20,ליטר,false,,15.90,13.2500,true,1,61981
7290116930435,false,יוגורט יופלה GO במרקם סמיך עם דובדבן 0%,תנובה מרכז שיתופי לש,IL,יוגורט גו יופלה סמיך,גרמים,200.00,100 גרם,false,,4.70,0.0235,true,1,61982
7290116930459,false,"משקה SHAKE בננה אננס וקוקוס 230 מ""ל יופלה",יופלה Yoplait,IL,יופלה שייק בננה אננס,מיליליטרים,230.00,"100 מ""ל",false,,7.90,0.0343,true,1,62375
7290116930466,false,"משקה SHAKE בננה מנגן פסיפלורה והל 230 מ""ל יופלה",יופלה Yoplait,IL,יופלה שייק מנגו בננה,מיליליטרים,230.00,"100 מ""ל",false,,7.90,0.0343,true,1,62376
7290116930657,false,"משקה חלב GO בננה תמר שיבולת שועל 340 מ""ל",תנובה מרכז שיתופי לש,IL,משקה GO בטעם בננה ות,מיליליטרים,340.00,"100 מ""ל",false,,6.90,0.0203,true,1,64476
7290116930701,false,מעדן חלב GO מועשר בחלבון בטעם קרמל מלוח,תנובה מרכז שיתופי לש,IL,מעדן חלב גו 12 מועשר,גרמים,120.00,100 גרם,false,,4.50,0.0375,true,1,62368
7290116931012,false,יופלה דיאט 0% שומן תפוח וקינמון 150 גרם,תנובה מרכז שיתופי לש,IL,יופלה דיאט 0% עם תפו,גרמים,150.00,100 גרם,false,,4.70,0.0313,true,1,64477
7290116931081,false,מעדן סויה - טופי קרמל 125 גרם אלטרנטיב,תנובה מרכז שיתופי לש,IL,מעדן סויה בטעם טופי,גרמים,125.00,100 גרם,false,,3.90,0.0312,true,1,63015
7290116931159,false,יופלה דיאט 0% שומן תות בננה 150 גרם,תנובה מרכז שיתופי לש,IL,יופלה דיאט 0% תות בנ,גרמים,150.00,100 גרם,false,,4.70,0.0313,true,1,64478
7290116931289,false,יוגורט GO סמיך אלפחורס 200 גרם,תנובה מרכז שיתופי לש,IL,יוגורט גו יופלה סמיך,גרמים,200.00,100 גרם,false,,4.70,0.0235,true,1,65016
7290116931517,false,מאגדת גבינה לבנה 5% 250 גרם*3 יח',תנובה,IL,מארז גבינה 5% תנובה,גרמים,750.00,100 גרם,false,,11.90,0.0159,true,1,65036
7290117260401,false,גבינת מוצרלה מגורדת 25% שומן 500 ג' יורו,MEVGAL,TR,גבינת מוצרלה מגורדת,גרמים,500.00,100 גרם,false,,19.90,0.0398,true,1,58879
7290117260562,false,חמאה כפרית מסורתית בגביע,וילי פוד,TR,חמאה כפרית בגביע ויל,גרמים,225.00,100 גרם,false,,14.90,0.0662,true,1,64028
7290117261354,false,גבינת ריקוטה 200ג5%שומן,באלבן גידה סנאי,TR,גבינת ריקוטה 5% יורו,גרמים,200.00,100 גרם,false,,7.90,0.0395,true,1,64303
7290117261521,false,סלמון אטלנטי בשמן קנולה 120 גרם,קריות זול,LV,סלמון אטלנטי בשמן קנ,גרמים,120.00,100 גרם,false,,9.90,0.0825,true,1,63194
7290117261538,false,סלמון אטלנטי בשמן קנולה וצ'ילי 120 גרם,קריות זול,LV,סלמון אטלנטי בשמן קנ,גרמים,120.00,100 גרם,false,,9.90,0.0825,true,1,63195
7290117261545,false,סלמון אטלנטי ברוטב טריאקי 120 גרם,קריות זול,LV,סלמון אטלנטי ברוטב ט,גרמים,120.00,100 גרם,false,,9.90,0.0825,true,1,63197
7290117261569,false,סלמון אטלנטי מעושן בשמן קנולה 120 גרם,קריות זול,LV,סלמון אטלנטי מעושן ב,גרמים,120.00,100 גרם,false,,9.90,0.0825,true,1,63196
7290117262221,false,"משקה יוגורט פרוביוטי עם אננס 200מ""ל 2.3%שומן יורו",Euro יורו מחלבות אירופה,TR,משקה יוגורט אננס יור,מיליליטרים,200.00,"100 מ""ל",false,,4.90,0.0245,true,1,62879
7290117262238,false,"משקה יוגורט פרוביוטי עם תות שדה 200מ""ל 2.3%שומן יורו",Euro יורו מחלבות אירופה,TR,משקה יוגורט תות שדה,מיליליטרים,200.00,"100 מ""ל",false,,4.90,0.0245,true,1,62877
7290117262245,false,"משקה יוגורט פרוביוטי עם אפרסק ומשמש 200מ""ל 2.3%שומן יורו",Euro יורו מחלבות אירופה,TR,משקה יוגורט אפרסק ומ,מיליליטרים,200.00,"100 מ""ל",false,,4.90,0.0245,true,1,62878
7290117262306,false,"קורנפלקס מצופה שוקולד חלב ד, 50 גרם",מודרן צוקולטה,TR,קורנפלקס מצופה שוקול,גרמים,50.00,100 גרם,false,,4.50,0.0900,true,1,64041
7290117262313,false,פצפוצי דגנים פריכים מצופים שוקולד חלב 50 גרם,מודרן צוקולטה,TR,פצפוצי דגנים בשוקולד,גרמים,50.00,100 גרם,false,,4.50,0.0900,true,1,64042
7290117263006,false,צהובה מגורדת ויליפוד,וילי פוד,IL,צהובה מגורדת ויליפוד,פריט,1.20,"ק""ג",false,,39.90,33.2500,true,1,63413
7290117383155,false,משחת קולגייט טוטאל י,קולגייט פלמוליב,PL,משחת קולגייט טוטאל י,מיליליטרים,150.00,"100 מ""ל",false,,29.90,0.1993,true,1,63101
7290117383711,false,"מארז זוג תחליב רחצה חלב ודבש *750 מ""ל פלמוליב",קולגייט פלמוליב,TR,תחליב פלמוליב חלב וד,קילוגרמים,1.50,ליטר,false,,19.90,13.2667,true,1,63876
7290117383728,false,"מארז זוג תחליב רחצה לומינוס  אבוקדו 750 מ""ל פלמוליב",קולגייט פלמוליב,TR,ג'ל פלמוליב לומינס א,קילוגרמים,1.50,ליטר,false,,19.90,13.2667,true,1,63877
7290117383742,false,"מארז זוג ג'ל רחצה לגבר 750 מ""ל פלמוליב",קולגייט פלמוליב,TR,ג'ל פלמוליב לגבר 2*7,קילוגרמים,1.50,ליטר,false,,19.90,13.2667,true,1,63879
7290117383780,false,מארז זוג סבון גוף ארומה מסאז' גרגירי פילינג,קולגייט פלמוליב,TR,ג'ל פלמוליב ארומה מס,קילוגרמים,1.50,ליטר,false,,19.90,13.2667,true,1,63880
7290117761090,false,כפיות איכותיות שקוף,ווינפאק סחר בעמ,TR,כפיות איכותיות שקוף,Unknown,0.00,יחידה,false,,11.90,0.0000,true,1,61962
7290117761113,false,מזלגות איכותיות קרם,ווינפאק סחר בעמ,TR,מזלגות איכותיות קרם,Unknown,0.00,יחידה,false,,11.90,0.0000,true,1,61974
7290117761137,false,כפיות איכותיות קרם מ,ווינפאק סחר בעמ,TR,כפיות איכותיות קרם מ,Unknown,0.00,יחידה,false,,11.90,0.0000,true,1,61964
7290117901328,false,מיקס חלבה וממתקי שומ,שקדיה,AE,מיקס חלבה וממתקי שומ,גרמים,500.00,100 גרם,false,,29.90,0.0598,true,1,62949
7290117902646,false,פקאן בציפוי קרמל 130,,IL,פקאן בציפוי קרמל 130,גרמים,130.00,100 גרם,false,,16.90,0.1300,true,1,64092
7290117902653,false,פקאן בציפוי שברי עוג,,IL,פקאן בציפוי שברי עוג,גרמים,130.00,100 גרם,false,,16.90,0.1300,true,1,64093
7290117902660,false,קשיו בציפוי בייגלה 1,,IL,קשיו בציפוי בייגלה 1,גרמים,130.00,100 גרם,false,,16.90,0.1300,true,1,64094
7290117902684,false,קשיו בציפוי קרמל 130,,IL,קשיו בציפוי קרמל 130,גרמים,130.00,100 גרם,false,,16.90,0.1300,true,1,64096
7290117922149,false,מצית יוקרתי מתכוונן,,,מצית יוקרתי מתכוונן,Unknown,0.00,יחידה,false,,14.90,0.0000,true,1,64909
7290118420071,false,במבה ביסלי ברביקיו מיקס 80ג' אסם,"אסם השקעות בע""מ",IL,במבה ביסלי ברביקיו מ,גרמים,80.00,100 גרם,false,,4.50,0.0563,true,1,64308
7290118420514,false,אינסטנט פודינג נוגט 75ג' אסם,"אסם השקעות בע""מ",IL,פודינג אינסטנט בטעם,גרמים,75.00,100 גרם,false,,4.90,0.0653,true,1,64368
7290900010282,false,אורז בסמטי אינדירה 1,Emsons Exim PVT LTD,IN,אורז בסמטי אינדירה 1,פריט,1.40,"ק""ג",false,,11.90,8.5000,true,1,24444
7290900010367,false,טורטייה שמינייה משקל נקי 360 ג' Avel,Turka Invest,PL,טורטיות דורומי 36*45,פריט,1.62,"ק""ג",false,,19.90,12.2840,true,1,20794
7290900010435,false,תערובת לכדורי שוקולד,א.ל. ייצור ושיווק תב,IL,תערובת לכדורי שוקולד,גרמים,400.00,100 גרם,false,,11.90,0.0298,true,1,20968
7290900010442,false,תערובת לעוגת בראוניז,א.ל. ייצור ושיווק תב,IL,תערובת לעוגת בראוניז,גרמים,500.00,100 גרם,false,,11.90,0.0238,true,1,20969
7290900010459,false,תערובת לעוגת וניל בו,א.ל. ייצור ושיווק תב,IL,תערובת לעוגת וניל בו,גרמים,500.00,100 גרם,false,,11.90,0.0238,true,1,20970
7290900010466,false,תערובת לעוגת שוקולד,א.ל. ייצור ושיווק תב,IL,תערובת לעוגת שוקולד,גרמים,500.00,100 גרם,false,,11.90,0.0238,true,1,20971
7290900010480,false,תערובת לפנקייק בון ב,א.ל. ייצור ושיווק תב,IL,תערובת לפנקייק בון ב,גרמים,400.00,100 גרם,false,,11.90,0.0298,true,1,20973
7296058330012,false,מארז פריכיות אורז מלא פרח 330 גר',פרח תעשיות,IL,מארז פריכיות אורז פר,גרמים,330.00,100 גרם,false,,12.90,0.0391,true,1,57860
7296146007796,false,זוג כוסיות המשושים ע,,,זוג כוסיות המשושים ע,Unknown,0.00,יחידה,false,,4.90,0.0000,true,1,3021
7296146007819,false,פתילייט -מילוי לצינו,,,פתילייט -מילוי לצינו,Unknown,0.00,יחידה,false,,1.90,0.0000,true,1,2037
7296146077775,false,פתילונים משושים,,,פתילונים משושים,Unknown,0.00,יחידה,false,,2.90,0.0000,true,1,2038
7296146077867,false,צינולייט -צינוריות+,,,צינולייט -צינוריות+,Unknown,0.00,יחידה,false,,5.90,0.0000,true,1,3018
7297395000026,false,בדי בדיקה טהרה 3*20,חן המעין בעמ,IL,בדי בדיקה טהרה 3*20,Unknown,0.00,יחידה,false,,14.90,0.0000,true,1,2077
7297579011312,false,מגבת פנים מדאם,,,מגבת פנים מדאם,Unknown,0.00,יחידה,false,,9.90,0.0000,true,1,64506
7297579011442,false,שטיח כניסה קוקוס 60*,,,שטיח כניסה קוקוס 60*,Unknown,0.00,יחידה,false,,19.90,0.0000,true,1,64515
7297579011947,false,סט מצעים כותנה מיטה,,,סט מצעים כותנה מיטה,Unknown,0.00,יחידה,false,,69.90,0.0000,true,1,64510
7297579011954,false,סט מצעים כותנה זוגי,,,סט מצעים כותנה זוגי,Unknown,0.00,יחידה,false,,79.90,0.0000,true,1,64511
7297579011961,false,סט מצעים כותנה זוגי,,,סט מצעים כותנה זוגי,Unknown,0.00,יחידה,false,,89.90,0.0000,true,1,64512
7297579012005,false,סט מצעים כותנה מיטה,,,סט מצעים כותנה מיטה,Unknown,0.00,יחידה,false,,69.90,0.0000,true,1,64513
7297579012012,false,סט מצעים כותנה זוגי,,,סט מצעים כותנה זוגי,Unknown,0.00,יחידה,false,,79.90,0.0000,true,1,64514
7297579012029,false,סט מצעים כותנה זוגי,,,סט מצעים כותנה זוגי,Unknown,0.00,יחידה,false,,89.90,0.0000,true,1,64516
7350041950141,false,ליקר שרי הרינג 1 ליט,פיטר הרינג,DK,ליקר שרי הרינג 1 ליט,קילוגרמים,1.00,ליטר,false,,99.90,99.9000,true,1,48649
7501013122039,false,ג'ומקס מיץ מנגו קרטונית ליטר תריסר,חומקס קומר קומרסאליז,MX,נקטר ג'ומקס בטעם מנג,קילוגרמים,1.00,ליטר,false,,9.90,9.9000,true,1,59462
7501013122053,false,ג'ומקס מיץ אפרסק קרטונית ליטר תריסר,חומקס קומר קומרסאליז,MX,נקטר ג'ומקס בטעם אפר,קילוגרמים,1.00,ליטר,false,,9.90,9.9000,true,1,59465
7501013122114,false,"נקטר משקה אננס בקרטונית ג'ומקס, 1 ל'",חומקס קומר קומרסאליז,MX,נקטר ג'ומקס בטעם אננ,קילוגרמים,1.00,ליטר,false,,9.90,9.9000,true,1,59466
7501013122190,false,ג'ומקס מיץ תפוחים קרטונית ליטר תריסר,חומקס קומר קומרסאליז,MX,נקטר ג'ומקס בטעם תפו,קילוגרמים,1.00,ליטר,false,,9.90,9.9000,true,1,59470
7501013122992,false,ג'ומקס מיץ קוקוס אננס קרטונית ליטר תריסר,חומקס קומר קומרסאליז,MX,נקטר ג'ומקס בטעם קוק,קילוגרמים,1.00,ליטר,false,,9.90,9.9000,true,1,59463
7501064191398,false,שישיית בירה קורונה אקסטרא *355 מל,קריניציה ויטמינה אס,MX,מארז בירה קורונה 4.5,קילוגרמים,2.13,ליטר,false,,39.90,18.7324,true,1,45064
7509546057545,false,ליידי ספיד סטיק פרו 5 סטיק 45 גר',קולגייט פלמוליב,BY,דאו ליידי ספיד סטיק,גרמים,45.00,100 גרם,false,,18.90,0.4200,true,1,58833
7509546061672,false,דאודורנט סטיק אקסטרים אינטנס,קולגייט פלמוליב,BY,דאו ספיד סטיק אקסטרי,גרמים,50.00,100 גרם,false,,18.90,0.3780,true,1,63259
7509546063515,false,ליידי ספיד סטיק -סטיק פרו 5 ספריי 150 מל,קולגייט פלמוליב,BY,דאו ספריי ליידי ספיד,מיליליטרים,150.00,"100 מ""ל",false,,13.90,0.0927,true,1,63260
7509546666846,false,"קולגייט טוטאל משחת שיניים פחם 75 מ""ל",קולגייט פלמוליב,MX,משחת קולגייט טוטל פח,Unknown,0.00,יחידה,false,,19.90,0.0000,true,1,56489
7610008040590,false,שוקולד טורינו לבן שו,שוקולה קמיל בלוך,CH,שוקולד טורינו לבן שו,גרמים,100.00,100 גרם,false,,9.90,0.0990,true,1,28795
7610008056874,false,שוקולד רגוסה חלב פרל,שוקולה קמיל בלוך,CH,שוקולד רגוסה חלב פרל,גרמים,100.00,100 גרם,false,,13.90,0.1390,true,1,52359
7610008056959,false,שוקולד רגוסה פרווה פ,שוקולה קמיל בלוך,CH,שוקולד רגוסה פרווה פ,גרמים,100.00,100 גרם,false,,13.90,0.1390,true,1,52360
7610100034084,false,מיונז טומי בשפורפרת,נסטלה שוויץ ס.א,US,מיונז בשפורפרת טומי,גרמים,265.00,100 גרם,false,,9.90,0.0374,true,1,24650
7610113011652,false,"בקרדי בריזר תפוח 275 מ""ל בקבוק",בקרדי בריזר Bacardi Breezer,BE,בקרדי בריזר תפוח 275,מיליליטרים,275.00,"100 מ""ל",false,,6.90,0.0251,true,1,52310
7610700012642,false,ריקולה לימון מנטה שקית 70,ריקולה,CH,סוכריות צמחים ריקולה,גרמים,75.00,100 גרם,false,,9.90,0.1320,true,1,56609
7613030979647,false,דגני בוקר טריקס פירות עולם היורה 480 ג',ג'נרל מילס סאן אדריא,IL,דגני בוקר טריקס 480,גרמים,480.00,100 גרם,false,,19.90,0.0415,true,1,34142
7613035548374,false,דגני בוקר גולדן מיניס מחיטה מלאה ותירס,נסטלה צרפת איטנקורט,FR,דגני בוקר גולדן מיני,גרמים,570.00,100 גרם,false,,19.90,0.0349,true,1,48567
7613036880534,false,גרבר מחית ירקות מעורבים מטרנה 190 גר',נסטלה פולסקה אס.איי,PL,מחית מרק ירקות מעורב,גרמים,190.00,100 גרם,false,,5.50,0.0289,true,1,48285
7613037204797,false,סטארבקס - פולי קפה בלונד אספרסו 450 גרם,Unknown,IL,פולי קפה סטארבקס בלו,גרמים,450.00,100 גרם,false,,39.90,0.0887,true,1,56437
7613037204889,false,סטארבקס - פולי קפה אספרסו 450 גרם,Unknown,IL,פולי קפה סטארבקס אספ,גרמים,450.00,100 גרם,false,,39.90,0.0887,true,1,56438
7613037686906,false,פיטנס - דגני בוקר שקדים ודבש 355 גרם,נסטלה צרפת איטנקורט,FR,דגני בוקר פיטנס שקדי,גרמים,355.00,100 גרם,false,,19.90,0.0561,true,1,48229
7613038268262,false,דגני בוקר צ'יריוס דבש ושקדים במתיקות מעודנת,נסטלה פולין דגני בוק,FR,דגני בוקר האני נאט צ,גרמים,410.00,100 גרם,false,,19.90,0.0485,true,1,48563
7613038451954,false,דגני בוקר שוקולד מופחת סוכר 410 ג' קראנץ',סי. פי. צרפת,FR,דגני בוקר קראנצ שוקו,גרמים,410.00,100 גרם,false,,19.90,0.0485,true,1,48564
7613039879382,false,גרבר - מחית תפוחי עץ 190 גרם,מטרנה,PL,"מחית תפו""ע גרבר 190",גרמים,190.00,100 גרם,false,,5.50,0.0289,true,1,55259
7613039880807,false,גרבר מחית תפוח גזר 190 גר',נסטלה פולסקה אס.איי,PL,מחית גזר תפוח גרבר 1,גרמים,190.00,100 גרם,false,,5.50,0.0289,true,1,55255
7613039881521,false,גרבר - מחית מנגו 190 גרם,נסטלה פולסקה אס.איי,PL,מחית מנגו גרבר 190 ג,גרמים,190.00,100 גרם,false,,5.50,0.0289,true,1,55256
7613287008497,false,סטארבקס - פולי קפה פייק פלייס 450 גרם,Unknown,IL,פולי קפה סטארבקס פיי,גרמים,450.00,100 גרם,false,,39.90,0.0887,true,1,56439
7613287302373,false,קפסולות סטארבקס איטלאן סטייל רוסט 57*10גר',נסטלה שוויץ - קפה,IL,קפסולות סטארבקס איטל,גרמים,56.00,100 גרם,false,,21.50,0.3839,true,1,55305
7613287325808,false,אוסם - דיפ אנד ספרד מטבל איולי שום 295 גרם,נסטלה פולין,PL,רוטב איולי שום לחיץ,גרמים,295.00,100 גרם,false,,14.90,0.0505,true,1,64724
7613287325822,false,אוסם - דיפ אנד ספרד מטבל מיקס 295 גרם,אסם,PL,רוטב מיקס בטעם קטשופ,גרמים,295.00,100 גרם,false,,14.90,0.0505,true,1,64725
7613287325853,false,אוסם - דיפ אנד ספרד מטבל איולי ספייסי 295 גרם,נסטלה פולין,PL,רוטב ספייסי איולי לח,גרמים,295.00,100 גרם,false,,14.90,0.0505,true,1,64726
7613287394323,false,אסם מולטי צ'יריוס 14*600 גרם 2021,פרומבראפ - אנגליה,GB,דגני בוקר מולטי צירי,גרמים,600.00,100 גרם,false,,19.90,0.0332,true,1,57274
7613287476678,false,דגני בוקר סינימיניס צ'ורוס נסטלה 360 ג',נסטלה אוונקה,PT,דגני בוקר סינימיניס,גרמים,360.00,100 גרם,false,,19.90,0.0553,true,1,59852
7613287855640,false,סטארבקס קפסולות גוואטמלה 52ג אסם,נסטלה שוויץ - קפה,IL,קפסולות סטארבקס גווא,גרמים,52.00,100 גרם,false,,21.50,0.4135,true,1,63486
7622201139278,false,גבינת שמנת 27% שומן 150 ג' פילדלפיה,מיודלז אספניה פרודוק,ES,גבינת שמנת 27% פילדל,גרמים,150.00,100 גרם,false,,7.90,0.0527,true,1,49431
7622201521493,false,גבינת שמנת עם שום ועשבי תיבול 12% שומן,מיודלז אספניה פרודוק,ES,גבינת שמנת 12% פילדל,גרמים,150.00,100 גרם,false,,7.90,0.0527,true,1,62405
7622201798154,false,גבינת שמנת לייט מופחתת שומן 13% שומן,מיודלז אספניה פרודוק,ES,גבינת שמנת לייט 13%,גרמים,150.00,100 גרם,false,,7.90,0.0527,true,1,59435
7622201808631,false,מיני עוגיות אוראו במילוי קרם בטעם וניל,פי.טי. מונדלז אינדונ,ID,עוגיות מיני אוראו ונ,Unknown,0.00,יחידה,false,,5.90,0.0000,true,1,57369
7622300761363,false,עוגיות אוראו מיני כוסות בטעם שוקו 67 ג',פי.טי. מונדלז אינדונ,ID,עוגיות מיני אוראו שו,Unknown,0.00,יחידה,false,,5.90,0.0000,true,1,47808
7630477891592,false,קפסולות האוס בלנד לונגו עוצמה 8 - 10 יח',נסטלה שוויץ - קפה,CH,קפסולות סטארבקס האוס,Unknown,0.00,יחידה,false,,21.50,0.0000,true,1,52421
7630477891615,false,קפסולות קפה סומטרה עוצמה 10 - 10 יח',נסטלה שוויץ - קפה,IL,קפסולות סטארבקס סומט,גרמים,55.00,100 גרם,false,,21.50,0.3909,true,1,52422
7630477891639,false,קפסולות קפה ורונה עוצמה 10 - 10 יח',נסטלה שוויץ - קפה,CH,קפסולות סטארבקס ורונ,גרמים,55.00,100 גרם,false,,21.50,0.3909,true,1,52423
7630477891653,false,סטארבקס - קפסולות אספרסו נטול 57 גרם * 10,נסטלה שוויץ - קפה,IL,קפסולות סטארבקס נטול,גרמים,57.00,100 גרם,false,,21.50,0.3772,true,1,52424
7630477891677,false,קפסולות פייק פלייס לונגו עוצמה 7 - 10 יח',נסטלה שוויץ - קפה,IL,קפסולות סטארבקס פייק,גרמים,53.00,100 גרם,false,,21.50,0.4057,true,1,52425
7630477891691,false,סטארבקס - קפסולות קולומביה 57 גרם * 10,נסטלה שוויץ - קפה,IL,קפסולות סטארבקס קולו,גרמים,57.00,100 גרם,false,,21.50,0.3772,true,1,52426
7630477891714,false,סטארבקס - קפסולות אספרסו 57 גרם * 10,נסטלה שוויץ - קפה,CH,קפסולות סטארבקס רוסט,Unknown,0.00,יחידה,false,,21.50,0.0000,true,1,52427
7630477891738,false,סטארבקס - קפסולות אספרסו בלונד 53 גרם * 10,נסטלה שוויץ - קפה,CH,קפסולות סטארבקס בלונ,Unknown,0.00,יחידה,false,,21.50,0.0000,true,1,52428
7638900431797,false,מארז 12 סוללות אנרג',אנרגייזר,CN,מארז 12 סוללות אנרג,Unknown,0.00,יחידה,false,,19.90,0.0000,true,1,63000
7638900431803,false,מארז 12 סוללות אנרג',אנרגייזר,CN,מארז 12 סוללות אנרג,Unknown,0.00,יחידה,false,,19.90,0.0000,true,1,63001
7640103867709,false,שערות סבתא תות 3*15,אסאדא פוד,אנדונסיה,שערות סבתא תות 3*15,Unknown,0.00,יחידה,false,,9.90,0.0000,true,1,56575
7702018271788,false,דאודורנט ג'ל לגבר Pro Sport,פרוקטר אנד גמבל,PL,דאו גל גילט ספורט 70,גרמים,70.00,100 גרם,false,,17.90,0.2557,true,1,20238
7702018321582,false,דאודורנט סטיק לגבר Pro G Cool Wave,פרוקטר אנד גמבל,US,דאו סטיק גילט קול וו,גרמים,45.00,100 גרם,false,,17.90,0.3978,true,1,9534
7702018978106,false,"ג'ילט - דאודורנט ג'ל לגבר ארטיק אייס 70 מ""ל",פרוקטר אנד גמבל,PL,דאו גל גילט ארקטיק א,גרמים,150.00,100 גרם,false,,17.90,0.1193,true,1,4551
7702018978120,false,"ג'ילט - דאודורנט ג'ל לגבר קול וייב 70 מ""ל",פרוקטר אנד גמבל,PL,דאו גל גילט קליר ווי,גרמים,150.00,100 גרם,false,,17.90,0.1193,true,1,4552
7702018980833,false,"ג'ילט ג'ל גילוח סירייס מועשר בלחות - 200 מ""ל",פרוקטר & גמבל,,גל גילוח גילט סירייס,מיליליטרים,200.00,"100 מ""ל",false,,14.90,0.0745,true,1,23160
7702018980864,false,קצף גילוח גילט סיריי,פרוקטר & גמבל,,קצף גילוח גילט סיריי,מיליליטרים,200.00,"100 מ""ל",false,,14.90,0.0745,true,1,23158
7790040423015,false,עוגיות סנדוויץ אלפחו,,,עוגיות סנדוויץ אלפחו,גרמים,369.00,100 גרם,false,,19.90,0.0539,true,1,60978
7790580412654,false,בונבוניירה בון בון צ,ארקור,AR,בונבוניירה בון בון צ,גרמים,270.00,100 גרם,false,,15.90,0.0589,true,1,41584
7798382150019,false,אוכמניות יח,אראל תוצרת חקלאית בע,IL,אוכמניות יח,Unknown,0.00,יחידה,false,,14.90,0.0000,true,1,64333
7898679700221,false,מחית אסאי קפוא 4*100,א.מ שרון,PL,מחית אסאי קפוא 4*100,גרמים,400.00,100 גרם,false,,19.90,0.0497,true,1,56633
8000008022310,false,מארז 18 סביבוני יהלו,,,מארז 18 סביבוני יהלו,Unknown,0.00,יחידה,false,,11.90,0.0000,true,1,64918
8000008022327,false,מארז 18 סביבוני יהלו,,,מארז 18 סביבוני יהלו,Unknown,0.00,יחידה,false,,11.90,0.0000,true,1,64914
8000139926730,false,פסטה גדולה פאצ'רי רו,פסטיפציו לוצ'יו גארו,IT,פסטה גדולה פאצ'רי רו,גרמים,500.00,100 גרם,false,,4.90,0.0098,true,1,62194
8000380192243,false,וופלים לואקר מקסי בטעם אגוז 200 גר',לואקר Loacker,AT,ופל אגוז לואקר 200 ג,גרמים,200.00,100 גרם,false,,9.90,0.0495,true,1,42546
8000380192250,false,וופלים לואקר מקסי בטעם שוקולד 200 גר',לואקר Loacker,AT,ופל שוקולד לואקר 200,גרמים,200.00,100 גרם,false,,9.90,0.0495,true,1,42545
8000380198221,false,וופלים לואקר מקסי דאבל שוקולד 200 גר',לואקר Loacker,AT,ופל דאבל שוקולד לואק,גרמים,175.00,100 גרם,false,,9.90,0.0566,true,1,50414
8000500172810,false,סוכריות בטעם תות שדה מנטה- מארז רביעייה,טיק טק Tic Tac,ZA,סוכריות טיק טק תות 4,Unknown,0.00,יחידה,false,,9.90,0.0000,true,1,15418
8000500353738,false,רביעיה סוכריות בטעם מנטה חזק 4 * 16 ג' טחק טק,פררו,ZA,סוכריות טיק טק מנטה,גרמים,64.00,100 גרם,false,,9.90,0.1547,true,1,53793
8001003100218,false,סוכריות יוגטה ג'לי פירות 800 גר',תות ממתקי איכות,TR,סוכריות גלי יוגוטה 8,גרמים,800.00,100 גרם,false,,12.90,0.0161,true,1,14087
8001090065964,false,תחבושות אולוויז לבריחת שתן נורמל 12 יח,פרוקטר & גמבל,BE,תחבושות אלוויז דיסקר,Unknown,0.00,יחידה,false,,13.90,0.0000,true,1,61891
8001090065988,false,תחבושות אולוויז לבריחת שתן לונג 10 יח,פרוקטר & גמבל,BE,תחבושות אלוויז דיסקר,Unknown,0.00,יחידה,false,,13.90,0.0000,true,1,61892
8001090066008,false,תחבושות אולוויז לבריחת שתן לונג פלוס 8יח,פרוקטר & גמבל,DE,תחבושות אלוויז דיסקר,Unknown,0.00,יחידה,false,,13.90,0.0000,true,1,61893
8001090066046,false,תחבושות אולוויז לבריחת שתן לילה 6 יח,פרוקטר & גמבל,DE,תחבושות אלוויז דיסקר,Unknown,0.00,יחידה,false,,13.90,0.0000,true,1,61894
8001090156839,false,חיתולי פמפרס בייבי ד,פרוקטר & גמבל,TR,חיתולי פמפרס בייבי ד,Unknown,0.00,יחידה,false,,64.90,0.0000,true,1,60723
8001090268679,false,חיתולי פמפרס בייבי ד,פרוקטר & גמבל,TR,חיתולי פמפרס בייבי ד,Unknown,0.00,יחידה,false,,64.90,0.0000,true,1,60718
8001090368553,false,חיתולי פמפרס בייבי ד,פרוקטר & גמבל,TR,חיתולי פמפרס בייבי ד,Unknown,0.00,יחידה,false,,64.90,0.0000,true,1,60724
8001090493637,false,"הד אנד שולדרס שמפו אולטרא טוטאל קר 450 מ""ל",הד אנד שולדרס H&S,,שמפו הד&שולדרס אולטר,מיליליטרים,450.00,"100 מ""ל",false,,17.90,0.0398,true,1,28675
8001090802385,false,טייד קפסולות ג'ל בניחוח לנור 26 יחידות,פרוקטר & גמבל,FR,קפסולות ג'ל טייד 26,גרמים,592.00,100 גרם,false,,23.90,0.0404,true,1,45679
8001090832450,false,"שמפו פנטן נוסחה קלאסית 660 מ""ל",פרוקטר & גמבל,RO,שמפו פנטן קלאסי 660,מיליליטרים,660.00,"100 מ""ל",false,,18.90,0.0286,true,1,50544
8001090832535,false,"שמפו פנטן שמן מרוקאי משקם 660 מ""ל",פרוקטר & גמבל,RO,שמפו פנטן שמן מרוקאי,מיליליטרים,660.00,"100 מ""ל",false,,18.90,0.0286,true,1,50545
8001090832573,false,"שמפו פנטן לחות מוגברת 660 מ""ל",פרוקטר & גמבל,RO,שמפו פנטן לחות מוגבר,מיליליטרים,660.00,"100 מ""ל",false,,18.90,0.0286,true,1,50637
8001090832818,false,מרכך פנטן הנוסחה הקלאסית לשיער רגיל ומעורב,פרוקטר & גמבל,RO,מרכך פנטן קלאסי 660,מיליליטרים,660.00,"100 מ""ל",false,,18.90,0.0286,true,1,50546
8001090832856,false,"פנטן קונדישנר מרוקאי משקם 660 מ""ל",פרוקטר & גמבל,RO,מרכך פנטן שמן מרוקאי,מיליליטרים,660.00,"100 מ""ל",false,,18.90,0.0286,true,1,50547
8001090832894,false,"פנטן קונדישנר לחות מוגברת 660 מ""ל",פרוקטר & גמבל,RO,מרכך פנטן לחות מוגבר,מיליליטרים,660.00,"100 מ""ל",false,,18.90,0.0286,true,1,50548
8001090992338,false,טבליות למדיח פיירי פלטינום פלוס,פרוקטר & גמבל,FR,טבליות פיירי למדיח פ,גרמים,922.00,100 גרם,false,,44.90,0.0487,true,1,48278
8001841006710,false,לנור כדוריות הבושם בניחוח רענן 210 ג',פרוקטר & גמבל,GB,כדוריות לנור לכביסה,גרמים,210.00,100 גרם,false,,24.90,0.1186,true,1,55042
8001841053684,false,אולוויז תחבושת מקסי לונג 12יח,פרוקטר & גמבל,HU,תחבושות אולוויז עבה,Unknown,0.00,יחידה,false,,9.90,0.0000,true,1,44403
8001841053806,false,תחבושות היגייניות אולוויז מקסי עבה לילה,פרוקטר & גמבל,DE,תחבושות אולוויז עבה,Unknown,0.00,יחידה,false,,9.90,0.0000,true,1,44402
8001841096889,false,"נוזל לניקוי כלים לימון קלאסי 900 מ""ל",פרוקטר & גמבל,TR,נוזל כלים פיירי לימו,מיליליטרים,900.00,"100 מ""ל",false,,6.90,0.0077,true,1,35469
8001841216584,false,תחבושות אולוויז אולטרה לילה בטוח,פרוקטר & גמבל,HU,תחבושות אלוויז קוואט,Unknown,0.00,יחידה,false,,29.90,0.0000,true,1,48239
8001841427126,false,מגן תחתון אולוויז מגה פק פרו פרש נורמל 64 יחי,פרוקטר & גמבל,DE,מגן תחתון אולוויז מג,Unknown,0.00,יחידה,false,,16.90,0.0000,true,1,59443
8001841566771,false,לנור כדוריות הבושם בניחוח יסמין 210 ג',פרוקטר & גמבל,GB,כדוריות לנור לכביסה,גרמים,210.00,100 גרם,false,,24.90,0.1186,true,1,55043
8001841617893,false,שמפו פנטן לחות מוגבר,פרוקטר & גמבל,RO,שמפו פנטן לחות מוגבר,קילוגרמים,1.00,ליטר,false,,21.90,21.9000,true,1,56719
8001841625287,false,סבון כלים פלטינום לימון X3 פעולות להסרת שומנים,פרוקטר אנד גמבל,TR,נוזל כלים פיירי פלטי,קילוגרמים,1.01,ליטר,false,,14.90,14.7525,true,1,58127
8001841669465,false,אריאל קפסולות לכביסהבניחוח לנור 24 יח',פרוקטר אנד גמבל,FR,קפסולות גל אריאל בני,Unknown,0.00,יחידה,false,,29.90,0.0000,true,1,61889
8001841669519,false,אריאל טבליות ג'ל כביסה 55 יח',פרוקטר & גמבל,FR,קפסולות גל אריאל 55,פריט,1.39,"ק""ג",false,,54.90,39.4964,true,1,50970
8001841680989,false,מגן תחתון אולוויז מגה פק פרו פרש לארג' 60 יחי,פרוקטר & גמבל,DE,מגן תחתון אולוויז מג,Unknown,0.00,יחידה,false,,16.90,0.0000,true,1,59444
8001841715957,false,"הד&שולדרס - ג'ל רחצה ושמפו ניקוי אינטנסיבי 360 מ""ל","נארז ע""י : א.ג. גילר",FR,ג'ל רחצה ושמפו הד &,מיליליטרים,360.00,"100 מ""ל",false,,16.90,0.0469,true,1,57018
8001841716312,false,הד אנד שולדרס ג'ל רחצה ושמפו ספורט 360מל,"פרוקטר אנד גמבל, צרפ",FR,ג'ל רחצה ושמפו הד &,מיליליטרים,360.00,"100 מ""ל",false,,16.90,0.0469,true,1,57019
8001841716435,false,"הד אנד שולדרס ג'ל רחצה ושמפו לעור רגיש 360 מ""ל","נארז ע""י : א.ג. גילר",FR,ג'ל רחצה ושמפו הד &,מיליליטרים,360.00,"100 מ""ל",false,,16.90,0.0469,true,1,57016
8001841716596,false,"הד אנד שולדרס ג'ל רחצה ושמפו מרענן 360 מ""ל","נארז ע""י : א.ג. גילר",FR,ג'ל רחצה ושמפו הד &,מיליליטרים,360.00,"100 מ""ל",false,,16.90,0.0469,true,1,57017
8001841780818,false,פיירי - לימון 1.50 ליטר,פרוקטר & גמבל,TR,נוזל כלים פיירי לימו,קילוגרמים,1.50,ליטר,false,,9.90,6.6000,true,1,62471
8001841943961,false,כדוריות הבושם לנור רעננות האוקיינוס,פרוקטר & גמבל,GB,כדוריות לנור לכביסה,גרמים,210.00,100 גרם,false,,24.90,0.1186,true,1,57934
8001841948119,false,פיירי ארומטיקס תפוח 1.05 ל',פרוקטר & גמבל,GB,נוזל כלים פיירי תפוח,קילוגרמים,1.05,ליטר,false,,10.90,10.3810,true,1,56028
8001841982489,false,אבקת אריאל אוקסי 6.8,פרוקטר & גמבל,TR,אבקת אריאל אוקסי 6.8,פריט,6.80,"ק""ג",false,,54.90,8.0735,true,1,56266
8002110383709,false,נוטרוגינה ס.נורבגית ק.ידיים לא מבושם 50מל,ניוטרוג'ינה Neutrogena,FR,קרם ידיים מרוכז ניוט,מיליליטרים,50.00,"100 מ""ל",false,,19.90,0.3980,true,1,64015
8002270436581,false,סאן פלגרינו מים מוגז,סן-פלגרינו,,מים סאן פלגרינו 6*50,קילוגרמים,3.00,ליטר,false,,19.90,6.6333,true,1,35159
8005200256587,false,משקה תה בטעם אפרסק 1.5ל' NESTEA,מפעל סאנפלגרינו S.P.,IT,נסטי בטעם אפרסק 1.5,קילוגרמים,1.50,ליטר,false,,7.90,5.2667,true,1,58992
8005200286584,false,משקה תה בטעם מנגו אננס 1.5 ל' NESTEA,מפעל סאנפלגרינו S.P.,IT,נסטי בטעם מנגו אננס,קילוגרמים,1.50,ליטר,false,,7.90,5.2667,true,1,58993
8005200316588,false,משקה תה דיאט בטעם אפרסק 1.5ל' NESTEA,מפעל סאנפלגרינו s.p.,IT,נסטי דיאט אפרסק 1.5,קילוגרמים,1.50,ליטר,false,,7.90,5.2667,true,1,58994
8006540091937,false,כדוריות הבושם בניחוח אריאל 210 ג' לנור,פרוקטר & גמבל,GB,כדוריות לנור לכביסה,גרמים,210.00,100 גרם,false,,24.90,0.1186,true,1,58126
8006540112793,false,"מרכך כביסה מרוכז בניחוח יסמין לנור 900 מ""ל",פרוקטר & גמבל,FR,מרכך מרוכז לנור יסמי,מיליליטרים,900.00,"100 מ""ל",false,,14.90,0.0166,true,1,57370
8006540112823,false,"לנור מרכך כביסה מרוכז בניחוח האוקיינוס 900 מ""ל",פרוקטר אנד גמבל,FR,מרכך מרוכז לנור אוקי,מיליליטרים,900.00,"100 מ""ל",false,,14.90,0.0166,true,1,56494
8006540112854,false,"מרכך כביסה מרוכז בניחוח סחלב לנור 900 מ""ל",פרוקטר & גמבל,FR,מרכך מרוכז לנור סחלב,מיליליטרים,900.00,"100 מ""ל",false,,14.90,0.0166,true,1,56217
8006540352960,false,טמפונים טמפקס פרל רג,פרוקטר & גמבל,HK,טמפונים טמפקס פרל רג,Unknown,0.00,יחידה,false,,19.90,0.0000,true,1,59002
8006540353004,false,טמפונים טמפקס פרל סו,פרוקטר & גמבל,HK,טמפונים טמפקס פרל סו,Unknown,0.00,יחידה,false,,19.90,0.0000,true,1,59003
8006540358498,false,פרל טמפונים סופר פלו,פרוקטר & גמבל,HK,טמפונים טמפקס פרל סו,Unknown,0.00,יחידה,false,,19.90,0.0000,true,1,59004
8006540383087,false,טבליות פיירי פלטינום,פרוקטר & גמבל,FR,טבליות פיירי פלטינום,גרמים,922.00,100 גרם,false,,44.90,0.0487,true,1,61887
8006540425930,false,קפסולות לכתמים קשים 24 יח' אריאל,פרוקטר אנד גמבל,FR,קפסולות גל אריאל אקס,Unknown,0.00,יחידה,false,,29.90,0.0000,true,1,61888
8006540428368,false,חיתולים בייבי דריי מידה 1 40 יח' פמפרס,פרוקטר אנד גמבל,PL,חיתולי פמפרס בייבי ד,Unknown,0.00,יחידה,false,,29.90,0.0000,true,1,61493
8006540463550,false,טבליות פיירי פלטינום,פרוקטר & גמבל,BE,טבליות פיירי פלטינום,גרמים,939.00,100 גרם,false,,44.90,0.0478,true,1,62508
8006540465127,false,"אבקת אריאל 7 ק""ג",פרוקטר & גמבל,TR,"אבקת אריאל 7 ק""ג",פריט,7.00,"ק""ג",false,,47.90,6.8429,true,1,64752
8006540495186,false,"לנור מרכך כביסה בניחוח בייבי 900 מ""ל",פרוקטר & גמבל,FR,מרכך מרוכז לנור בייב,מיליליטרים,900.00,"100 מ""ל",false,,14.90,0.0166,true,1,62281
8006540495216,false,"מרכך כביסה בניחוח אמאטיסט 900 מ""ל לנור",פרוקטר & גמבל,FR,מרכך מרוכז לנור זר פ,מיליליטרים,900.00,"100 מ""ל",false,,14.90,0.0166,true,1,62334
8006540495247,false,"לנור מרכך כביסה בניחוח פרחי בר 900 מ""ל",פרוקטר & גמבל,FR,מרכך מרוכז לנור בניח,מיליליטרים,900.00,"100 מ""ל",false,,14.90,0.0166,true,1,63324
8007178120310,false,חומץ בלסמי ד'מודנה Giacobazzi,פטורייה ג'יאקובאזי ס,IT,חומץ בלסמי גקובזי 50,מיליליטרים,500.00,"100 מ""ל",false,,18.90,0.0378,true,1,5484
8007178223547,false,קרם מצומצם עם חומץ בלסמי ממודנה,פארייפאבה אגרואינדוס,IT,קרם מצומצם עם חומץ ב,מיליליטרים,250.00,"100 מ""ל",false,,21.90,0.0876,true,1,62449
8008343880039,false,ספגטי ללא גלוטן רומו,רומו,IT,ספגטי ללא גלוטן רומו,גרמים,400.00,100 גרם,false,,12.90,0.0323,true,1,55980
8008343880664,false,פסטה פנה ללא גלוטן ר,רומו,IT,פסטה פנה ללא גלוטן ר,גרמים,400.00,100 גרם,false,,12.90,0.0323,true,1,55982
8014601651969,false,קמח ללא גלוטן קאפוטו,קאפוטו,IT,קמח ללא גלוטן קאפוטו,פריט,1.00,"ק""ג",false,,44.90,44.9000,true,1,55976
8018068031395,false,נסקוטש 6 יח,YIWU HANGYUE I&E,CN,נסקוטש 6 יח,Unknown,0.00,יחידה,false,,19.90,0.0000,true,1,49075
8034108740539,false,תפוח עץ גולד רוז,אראל תוצרת חקלאית בע,IL,תפוח עץ גולד רוז,פריט,1.00,"ק""ג",false,,8.90,8.9000,true,1,63988
8076800195057,false,ברילה - צ.א ספגטי מס5 חדש 500 גרם,ברילה גי.אי.אר פרטלי,IT,ספגטי ברילה מס 5 500,גרמים,500.00,100 גרם,false,,6.90,0.0138,true,1,7870
8076800195132,false,ברילה - צ.א בבטה מס13 500 גרם,ברילה גי.אי.אר פרטלי,IT,פסטה ברילה בבטה מס 1,גרמים,500.00,100 גרם,false,,6.90,0.0138,true,1,49340
8076802085738,false,ברילה - צ.ק פנה רגטה חדש 500 גרם,ברילה גי.אי.אר פרטלי,IT,פסטה ברילה פנה רגטה,גרמים,500.00,100 גרם,false,,6.90,0.0138,true,1,7868
8076802085837,false,ברילה - צ.ק טורטליוני מס83 500 גרם,הנסיך- מפעל לייצור ט,IT,פסטה ברילה טורטליוני,גרמים,500.00,100 גרם,false,,6.90,0.0138,true,1,49342
8076802085936,false,ברילה פסטה צ.ק. קונצילה ריגטה חדש,ברילה גי.אי.אר פרטלי,IT,פסטה ברילה קונצילה ר,גרמים,500.00,100 גרם,false,,6.90,0.0138,true,1,14111
8076802085981,false,ברילה - צ.ק פוזילי חדש 500 גרם,ברילה גי.אי.אר פרטלי,IT,פסטה ברילה פוזילי 50,גרמים,500.00,100 גרם,false,,6.90,0.0138,true,1,7873
8076808050440,false,ברילה פסטה מקרוני מס 44 500 גר,ברילה Barilla,IT,מקרוני ברילה 500 גרם,גרמים,500.00,100 גרם,false,,6.90,0.0138,true,1,38515
8076808060654,false,ברילה - צ.ק פרפלה חדש 500 גרם,ברילה גי.אי.אר פרטלי,IT,פרפלה ברילה מס 65 50,גרמים,500.00,100 גרם,false,,6.90,0.0138,true,1,7872
8076809512268,false,ברילה - צ.ק גירנדולה חדש 500 גרם,ברילה גי.אי.אר פרטלי,IT,פסטה ברילה גירנדולה,גרמים,500.00,100 גרם,false,,6.90,0.0138,true,1,7874
8076809513388,false,ברילה - רוטב ארביאטה 400 גרם,ברילה גי.אי.אר פרטלי,IT,רוטב עגבניות ארביאטה,גרמים,400.00,100 גרם,false,,11.90,0.0298,true,1,8848
8076809513395,false,רוטב פסטה ברילה פורמודרו 400ג',ברילה גי.אי.אר פרטלי,IT,רוטב עגבניות פומודור,גרמים,400.00,100 גרם,false,,11.90,0.0298,true,1,8847
8076809513654,false,בסיס רוטב עגבניות לבולונז 400 ג' ברילה,ברילה גי.אי.אר פרטלי,IT,רוטב בסיס לבולונז בר,גרמים,400.00,100 גרם,false,,11.90,0.0298,true,1,8846
8076809513692,false,רוטב פסטה ברילה נפוליטנה 400ג',ברילה גי.אי.אר פרטלי,IT,רוטב עגבניות נפולטנה,גרמים,400.00,100 גרם,false,,11.90,0.0298,true,1,8849
8076809513739,false,רוטב פסטה ברילה בזיליקום 400 ג',ברילה גי.אי.אר פרטלי,IT,רוטב עגבניות בזיליקו,גרמים,400.00,100 גרם,false,,11.90,0.0298,true,1,8850
8076809523561,false,רוטב עגבניות עם עשבי תיבול 400 ג' ברילה,ברילה גי.אי.אר פרטלי,IT,רוטב עגבניות טוסקנה,גרמים,400.00,100 גרם,false,,11.90,0.0298,true,1,8845
8076809523738,false,פסטה ברילה לזניה 500ג',ברילה גי.אי.אר פרטלי,IT,לזניה ברילה 500 גרם,גרמים,500.00,100 גרם,false,,14.90,0.0298,true,1,7875
8076809545440,false,אטריות ללא גלוטין ברילה 400ג',ברילה ג'.אי.אר פרטלי,IT,ספגטי ל.גלוטן ברילה,גרמים,500.00,100 גרם,false,,12.90,0.0258,true,1,16425
8076809545457,false,פסטה צינורות ללא גלוטין ברילה 400ג',ברילה ג'.אי.אר פרטלי,IT,פסטה פנה ל.גלוטן ברי,גרמים,400.00,100 גרם,false,,12.90,0.0323,true,1,16426
8076809545464,false,פסטה ספירלי ללא גלוטין ברילה 400ג',מולינו אנדריאני אס.א,IT,פסטה פוסילי ל.גלוטן,גרמים,500.00,100 גרם,false,,12.90,0.0258,true,1,16427
8076809576352,false,ברילה לזניה ללא גלוטן 250 ג',ברילה גי.אי.אר פרטלי,IT,לזניה ל. גלוטן ברילה,גרמים,250.00,100 גרם,false,,19.90,0.0796,true,1,60917
8410076600790,false,נייצ'ר ואלי - חטיף שיבולת שועל עם דבש 210 גרם 1/5,גנרל מילס,ES,מארז נייטשר ואלי שיב,גרמים,210.00,100 גרם,false,,9.90,0.0471,true,1,24022
8410076600806,false,נייצ'ר וואלי - חטיף שיבולת שועל סירוף מייפל 210 גרם 1/5,גנרל מילס,ES,מארז נייטשר ואלי סיר,גרמים,210.00,100 גרם,false,,9.90,0.0471,true,1,24962
8410104039134,false,"פיניש מנקה ומחדש מדיח 250מ""ל",הדקלאים אגודת שיתופי,PL,מנקה מדיח פיניש 250,מיליליטרים,250.00,"100 מ""ל",false,,14.90,0.0596,true,1,2217
8410104044916,false,אבקה למדיח פיניש קלאסיק,רקיט בנקיזר,PL,אבקה למדיח פיניש 2.7,פריט,2.70,"ק""ג",false,,39.90,14.7778,true,1,2218
8410104045111,false,"פיניש מלח למדיח כלים 2ק""ג",פ.פ.ח. שאביט,IL,"מלח למדיח פיניש 2 ק""",פריט,2.00,"ק""ג",false,,13.90,6.9500,true,1,43234
8410104437268,false,פיניש מפיג ריח למדיח רגיל,רקיט בנקיזר,PL,מפיג ריח פיניש רענן,Unknown,0.00,יחידה,false,,14.90,0.0000,true,1,6279
8410104511340,false,רצועות שעווה מוכנות לעור יבש עם אלוורה,רקיט בנקיזר,FR,רצועות שעווה לעור יב,Unknown,0.00,יחידה,false,,19.90,0.0000,true,1,51475
8435188458053,false,רפידת ספוג לנעליים,,,רפידת ספוג לנעליים,Unknown,0.00,יחידה,false,,12.90,0.0000,true,1,6639
8435495805229,false,"אבקת ביומט 8 ק""ג",בלו סאן,,"אבקת ביומט 8 ק""ג",פריט,8.00,"ק""ג",false,,37.90,4.7375,true,1,34595
8436575292205,false,ארטיק חמשושים מאגדת 15*12 גר',שוורצקוף& הנקל דיסלד,IL,שלגוני חמשושים 15 יח,גרמים,180.00,100 גרם,false,,18.90,0.1050,true,1,44129
8445290046284,false,רד מאג נס קפה קלאסיק 220 גרם,נסטלה ספרד קפה,ES,קפה נמס מגורען רד מא,גרמים,220.00,100 גרם,false,,21.90,0.0995,true,1,63295
8681873024519,false,כוסות פלסטיק חד פעמי 100 יח',פאלאס,CN,"כוסות ח""פ 100 יח",Unknown,0.00,יחידה,false,,5.90,0.0000,true,1,64079
8683323040100,false,חספוסים יוגטה מקלות תות 35ג',סאאדת,TR,יוגוטה מקלות תותי פר,גרמים,35.00,100 גרם,false,,1.50,0.0429,true,1,21411
8683323041107,false,סוכריות גומי בטעם תו,מוטקה החולב,TR,יוגוטה מקלות תות שדה,גרמים,35.00,100 גרם,false,,1.50,0.0429,true,1,21373
8683323063024,false,ממתק בטעם תותי פרוטי בצורת שטיח,מוטקה החולב,TR,סוכריות גומי שטיחים,גרמים,220.00,100 גרם,false,,5.90,0.0268,true,1,24503
8690120160177,false,מארז וופלים רויאל קנ,קומרה,TR,ופל מצופה קרם אגוזים,גרמים,840.00,100 גרם,false,,23.90,0.0285,true,1,59414
8690120160405,false,וופל נמבר ואן ירוק 24 יח',קומרה,TR,ופל מצופה שוקולד חלב,גרמים,840.00,100 גרם,false,,23.90,0.0285,true,1,60829
8690120566139,false,וופל מצופה שוקולד מריר 35ג'*24 יח' NO1,קומרה,TR,ופל מצופה שוקולד מרי,גרמים,840.00,100 גרם,false,,24.90,0.0296,true,1,64673
8690531032377,false,פלפל שיפקה צהוב חריף 340 ג',,TR,פלפל שיפקונית גורמט,גרמים,340.00,100 גרם,false,,6.80,0.0200,true,1,5378
8690646389274,false,פתיבר קלאסי בריידמן,אוילום,TR,פתיבר קלאסי בריידמן,פריט,2.00,"ק""ג",false,,19.90,9.9500,true,1,64697
8690646389281,false,פתיבר שוקו בריידמן 2,אוילום,TR,פתיבר שוקו בריידמן 2,פריט,2.00,"ק""ג",false,,19.90,9.9500,true,1,64672
8693495052177,false,תחליב רחצה זיתים ואלוורה,קולגייט פלמוליב,TR,תחליב פלמוליב זיתים,מיליליטרים,750.00,"100 מ""ל",false,,19.50,0.0260,true,1,31373
8693804095109,false,אטריות להכנת קדאיף 5,אונלו מאמולרי,TR,אטריות להכנת קדאיף 5,גרמים,500.00,100 גרם,false,,2.90,0.0058,true,1,62220
8693804095192,false,דפי פילו משולשים 40,אונלו מאמולרי,TR,דפי פילו משולשים 40,גרמים,600.00,100 גרם,false,,9.90,0.0165,true,1,62218
8693804095222,false,דפי פילו 44 יח',אונלו מאמולרי,TR,דפי פילו 44 יח',גרמים,800.00,100 גרם,false,,9.90,0.0124,true,1,62219
8697420697914,false,זיתים שחורים יבשים במלח 700 ג',אונטד גידה,TR,זית שחור יבש קרן 700,גרמים,700.00,100 גרם,false,,16.90,0.0241,true,1,37650
8697480065821,false,פסטה דורומי 900 גרם,Bessan Makarna,TR,פסטה דורומי 900 גרם,גרמים,900.00,100 גרם,false,,3.90,0.0043,true,1,13954
8697826469092,false,טורטיה קטנה 540 גר' 12יח,דין שיווק,TR,טורטיות 12*45 גרם,גרמים,540.00,100 גרם,false,,9.90,0.0183,true,1,7483
8697893217237,false,פסטה צדפים דורומי 90,Bessan Makarna,TR,פסטה צדפים דורומי 90,גרמים,900.00,100 גרם,false,,4.90,0.0054,true,1,64740
8698829381152,false,טורטיה דורום 18*90 ג,מוטלוקאל גידה סאן טי,TR,טורטיה דורום 18*90 ג,פריט,1.62,"ק""ג",false,,19.90,12.2840,true,1,62190
8698996005783,false,טישו נואה 7*100 יח,פאלאס,TR,טישו נואה 7*100 יח,Unknown,0.00,יחידה,false,,11.90,0.0000,true,1,58378
8699250030404,false,זית שחור יבש 1.74 קג,מסטוי גידה איבס,TR,"זית שחור טקסן 1.5 ק""",פריט,1.50,"ק""ג",false,,19.90,13.2667,true,1,53617
8699905720025,false,סוכריות קשות בטעמי פ,סארבאן קונפקטינרי,TR,סוכריות קשות בטעמי פ,גרמים,500.00,100 גרם,false,,17.90,0.0358,true,1,64031
8699905720032,false,סוכריות קשות בטעם לי,סארבאן קונפקטינרי,TR,סוכריות קשות בטעם לי,גרמים,500.00,100 גרם,false,,17.90,0.0358,true,1,64032
8699905720575,false,פרוט טאפי חמוץ מיקס,קונרק טינטי,TR,פרוט טאפי חמוץ מיקס,גרמים,240.00,100 גרם,false,,9.90,0.0413,true,1,56773
8699905720698,false,טופי חמוץ אקסטרים בט,סאדת גידה,TR,טופי חמוץ אקסטרים בט,גרמים,256.00,100 גרם,false,,9.90,0.0387,true,1,60755
8699905720704,false,טופי חמוץ אקסטרים בט,סאדת גידה,TR,טופי חמוץ אקסטרים בט,גרמים,256.00,100 גרם,false,,9.90,0.0387,true,1,60756
8710502194825,false,מרבה - עוגיות שוקוצ'יפס כשר למהדרין 150 גרם,מרבה הולנד,NL,עוגיות שוקולד ציפס מ,גרמים,150.00,100 גרם,false,,4.90,0.0327,true,1,12576
8710800961310,false,סוכריות מנטוס תות מארז 37.5X4ג',פרפטי ואן מלה ברדה,NL,מנטוס תות 4 יח,גרמים,150.00,100 גרם,false,,9.90,0.0660,true,1,2259
8711000362570,false,קפסולות אספרסו פורזה עוצמה 9,גיקובס דאו אגברטס צר,FR,קפסולות לור פורזה למ,גרמים,52.00,100 גרם,false,,14.90,0.2865,true,1,42802
8711000362631,false,קפסולות אספרסו אוניקס עוצמה 12,יוניליוור גרמניה Gm,FR,קפסולות לור אוניקס ל,גרמים,52.00,100 גרם,false,,14.90,0.2865,true,1,42804
8711000362747,false,קפסולות אספרסו ריסטרטו 10* 52 ג' LOR,גיקובס דאו אגברטס צר,FR,קפסולות לור ריסטרטו,גרמים,52.00,100 גרם,false,,14.90,0.2865,true,1,42800
8711000371176,false,קפסולות קפה אספרסו קלאסיקו 10*52 ג' ג'ייקובס,קריניציה ויטמינה אס,FR,קפסולות גייקובס קלאס,Unknown,0.00,יחידה,false,,12.90,0.0000,true,1,42797
8711000371183,false,קפסולות קפה אספרסו אינטנסו 10*52 ג' ג'ייקובס,קריניציה ויטמינה אס,FR,קפסולות גייקובס אינט,גרמים,52.00,100 גרם,false,,12.90,0.2481,true,1,42798
8711000371190,false,קפסולות גייקובס אספר,JDA,NL,קפסולות גייקובס אספר,Unknown,0.00,יחידה,false,,19.90,0.0000,true,1,63810
8711000371206,false,קפסולות קפה אספרסו ריסטרטו 10*52 ג' ג'ייקובס,קריניציה ויטמינה אס,FR,קפסולות גייקובס ריסט,Unknown,0.00,יחידה,false,,12.90,0.0000,true,1,42799
8711000371251,false,קפסולות גייקובס לונג,JDA,NL,קפסולות גייקובס לונג,Unknown,0.00,יחידה,false,,19.90,0.0000,true,1,63811
8711000377505,false,קפסולות גייקובס ריסט,JDA,NL,קפסולות גייקובס ריסט,Unknown,0.00,יחידה,false,,19.90,0.0000,true,1,63813
8711000472071,false,קפסולות גייקובס מובח,JDA,NL,קפסולות גייקובס מובח,Unknown,0.00,יחידה,false,,19.90,0.0000,true,1,63814
8714599410530,false,ג'ייקובס קרוננג שקית ריפיל 200ג',גייקובס,UA,קפה גיקובס קרוננג בש,גרמים,200.00,100 גרם,false,,19.90,0.0995,true,1,29779
8714599512159,false,קפה נמס ג'ייקובס 190 גר',"אל.אל.סי ""גייקובס דא",RU,קפה גיקובס מונרך 190,גרמים,190.00,100 גרם,false,,19.90,0.1047,true,1,39524
8714599513781,false,קפה נמס גולד מיובש בהקפאה 200 ג' ג'ייקובס,אל.אל. סי ג''יקובס ד,RU,קפה גיקובס קרנט זהב,גרמים,200.00,100 גרם,false,,19.90,0.0995,true,1,18569
8714599513866,false,"ג'ייקובס קרוננג מיובש בהקפאה כשל""פ 200 ג'",אל.אל.סי גייקובס דאו,UA,קפה גיקובס קרוננג 20,גרמים,200.00,100 גרם,false,,19.90,0.0995,true,1,18568
8714789177229,false,מברשת שיניים אקסטרה קלין מדיום - מארז רביעיה,הנסיך- מפעל לייצור ט,CN,מברשת קולגייט מדיום,Unknown,0.00,יחידה,false,,9.90,0.0000,true,1,6042
8714789402918,false,נוזל לניקוי כללי ולרצפה בניחוח פרחי בר,הנסיך- מפעל לייצור ט,GR,אגקס חגיגת הפרחים אד,קילוגרמים,1.50,ליטר,false,,18.90,12.6000,true,1,7765
8714789402932,false,נוזל לניקוי כללי ולרצפה בניחוח ורדים,הנסיך- מפעל לייצור ט,GR,אגקס חגיגת הפרחים ור,קילוגרמים,1.50,ליטר,false,,18.90,12.6000,true,1,7766
8714789402970,false,נוזל לניקוי כללי ולרצפה בניחוח פרחי אביב,הנסיך- מפעל לייצור ט,GR,אגקס חגיגת הפרחים פר,קילוגרמים,1.50,ליטר,false,,18.90,12.6000,true,1,7767
8714789529561,false,קולגייט משחת שיניים סנסטיב להלבנה 111 ג',קולגייט פלמוליב,PL,משחת קולגייט סנסטיב,מיליליטרים,75.00,"100 מ""ל",false,,17.90,0.2387,true,1,49533
8715700423906,false,קטשופ מתובל עגבניות 50% פחות סוכר 555ג' היינץ,היינץ צפון אמריקה מק,NL,מתבל עגבניות היינץ 5,גרמים,555.00,100 גרם,false,,9.90,0.0178,true,1,57557
8718114724485,false,מיונז לחיץ הלמנס 705,יוניליוור,GB,מיונז לחיץ הלמנס 705,גרמים,705.00,100 גרם,false,,15.90,0.0226,true,1,63299
8718951093331,false,מרידול מברשת שיניים אקסטרה סופט זוג,קולגייט פלמוליב,,מברשת מרידול אקסטרה,Unknown,0.00,יחידה,false,,18.90,0.0000,true,1,43336
8718951159808,false,מברשות שיניים 360 מדיום- מארז שלישייה,קולגייט פלמוליב,CN,מברשת קולגייט 360 מד,Unknown,0.00,יחידה,false,,24.90,0.0000,true,1,34239
8718951259409,false,תחליב פלמוליב נטורלס,קולגייט פלמוליב,TR,תחליב פלמוליב נטורלס,מיליליטרים,750.00,"100 מ""ל",false,,19.50,0.0260,true,1,63459
8718951264618,false,"קולגייט אופטיק וייט פחם צ'רקול משחת שיניים, 75 מ""ל",קולגייט-פלמוליב,PL,משחת קולגייט אופטיק,Unknown,0.00,יחידה,false,,24.90,0.0000,true,1,53401
8718951265103,false,קולגייט מברשת אולטרה סופט זוג,קולגייט פלמוליב,CN,מברשת קולגייט אולטרה,Unknown,0.00,יחידה,false,,29.90,0.0000,true,1,47050
8718951289833,false,פלמוליב סבון מוצק לומינוס 4*90 ג',קולגייט פלמוליב,TR,סבון מוצק פלמוליב לו,גרמים,360.00,100 גרם,false,,16.50,0.0458,true,1,48279
8718951315303,false,משחת שיניים קולגייט הגנה מקסימלית - מארז זוג,קולגייט-פלמוליב,PL,משחת קולגייט מקסימום,גרמים,200.00,100 גרם,false,,15.90,0.0795,true,1,54656
8718951361485,false,"משחת שיניים הלבנה מתקדמת עם פחם 75 מ""ל קולגייט",קולגייט פלמוליב,PL,משחת קולגייט הלבנה פ,מיליליטרים,150.00,"100 מ""ל",false,,37.90,0.2527,true,1,60035
8718951370135,false,"סבון נוזלי ארומה סנסיישן גלואו 750 מ""ל פלמוליב",קולגייט פלמוליב,TR,תחליב פלמוליב ארומה,מיליליטרים,750.00,"100 מ""ל",false,,19.50,0.0260,true,1,51477
8718951385290,false,אגקס לניקוי כללי כחול 2 ל',קולגייט פלמוליב,GR,נוזל אג'קס מרענן 2 ל,קילוגרמים,2.00,ליטר,false,,19.90,9.9500,true,1,54491
8718951409798,false,זוג מברשות שיניים מקס וויט פחם קולגייט,הנסיך- מפעל לייצור ט,CN,מברשת קולגייט מקס וו,Unknown,0.00,יחידה,false,,24.90,0.0000,true,1,59113
8718951431614,false,"סבון רחצה סו פירם מינרלים 750 מ""ל פלמוליב",קולגייט פלמוליב,TR,ג'ל רחצה פלמוליב פיר,מיליליטרים,750.00,"100 מ""ל",false,,19.50,0.0260,true,1,58829
8718951433120,false,"קולגייט טוטאל ג'וניור 7-12 50 מ""ל",קולגייט פלמוליב,PL,משחת קולגייט טוטאל ג,מיליליטרים,50.00,"100 מ""ל",false,,14.90,0.2980,true,1,63102
8718951498754,false,שישיית מברשות שיניים סופר פלקסי קולגייט,קולגייט פלמוליב,VN,מברשת קולגייט פחם סו,Unknown,0.00,יחידה,false,,17.90,0.0000,true,1,63214
8718951509627,false,"משחת שיניים אופטיק וויט לאוהבי קפה 75 מ""ל קולגייט",קולגייט פלמוליב,PL,משחת קולגייט אופטיק,גרמים,75.00,100 גרם,false,,24.90,0.3320,true,1,61802
8719200998001,false,מרגרינה לאפיה ובישול בלי מלח 200 ג' בלו בנד,מיוצר עי קונדיטוריית,IL,מרגרינה ללא מלח בלוב,גרמים,200.00,100 גרם,false,,4.30,0.0215,true,1,49034
8719200998018,false,מחמאה מרגרינה בטעם חמאה 200 ג' בלו בנד,פארייפאבה אגרואינדוס,IL,מחמאה בלובנד 200 גרם,גרמים,200.00,100 גרם,false,,4.30,0.0215,true,1,48602
8719200998032,false,מזולה גלורי טעם חמאה 250ג',פארייפאבה אגרואינדוס,IL,מרגרינה 3/4 שומן טעם,גרמים,250.00,100 גרם,false,,8.90,0.0356,true,1,48528
8719200998049,false,מרגרינה מזולה בטעם טבעי,פארייפאבה אגרואינדוס,IL,מרגרינה מזולה 250 גר,גרמים,250.00,100 גרם,false,,8.90,0.0356,true,1,48710
8719200998094,false,מרגרינה מזולה בטעם טבעי ללא תוספת מלח,"מיוצר ע""י יוניליוור",IL,מרגרינה מזולה 200 גר,גרמים,200.00,100 גרם,false,,5.90,0.0295,true,1,48914
8719200998100,false,מרגרינה בטעם חמאה לאפייה 200 ג' מזולה,פארייפאבה אגרואינדוס,IL,מרגרינה בטעם חמאה מז,גרמים,200.00,100 גרם,false,,5.90,0.0295,true,1,48529
8723400756552,false,מארז סוכריות מנטוס Mentos ריינבואו,פרפטי ואן מלה ברדה,NL,מנטוס צבעי הקשת 4 יח,גרמים,150.00,100 גרם,false,,9.90,0.0660,true,1,6800
8801055707966,false,קפה טייסטר צו'יס נס קפה בריסטה 180ג',נסטלה קוריאה - קפה,IL,קפה נמס טסטרס צויס ב,גרמים,180.00,100 גרם,false,,29.90,0.1661,true,1,21039
8809168840471,false,חטיף אצות מיובשות מז,Theppadungporn cocon,KR,חטיף אצות מיובשות מז,גרמים,40.50,100 גרם,false,,19.90,0.4914,true,1,56498
8850006932964,false,מארז מברשות שיניים טוויסטר קולגייט חמישייה,קולגייט פלמוליב,VN,מברשת קולגייט טוויסט,Unknown,0.00,יחידה,false,,21.90,0.0000,true,1,53888
8850180040028,false,קמח טמפורה להכנת בלי,קרנחם אוטאי פחרה,TH,טמפורה מזרח ומערב 50,גרמים,500.00,100 גרם,false,,10.90,0.0218,true,1,49097
8850206250592,false,רוטב צ'ילי סריראצ'ה 540 גרם (מזרח ומערב),יאן וואל יון קו.לטד,TH,רוטב צ'ילי סרירצ'ה מ,גרמים,540.00,100 גרם,false,,19.50,0.0361,true,1,49107
8850367992164,false,קרם קוקוס ללא גלוטן,טאפ פאד ונגפורן,CN,קרם קוקוס ל.גלוטן 20,מיליליטרים,250.00,"100 מ""ל",false,,7.90,0.0316,true,1,49087
8850367992171,false,קרם קוקוס מזרח ומערב,טאפאדונגפורן קוקינט,TH,קרם קוקוס מזרח ומערב,קילוגרמים,1.00,ליטר,false,,18.90,18.9000,true,1,49108
8850367994021,false,רוטב צילי מתוק ללא ס,יאן ונזל יון,TW,רוטב צ'ילי מתוק ללא,מיליליטרים,280.00,"100 מ""ל",false,,9.90,0.0354,true,1,64192
8850367994779,false,מחית קארי ירוקה מזרח,טאפאדונגפורן קוקינט,TH,מחית קארי ירוקה מאי,גרמים,50.00,100 גרם,false,,4.90,0.0980,true,1,64196
8850367994786,false,מחית קארי אדומה מזרח,טאפאדונגפורן קוקינט,TH,מחית קארי אדומה מאי,גרמים,50.00,100 גרם,false,,4.90,0.0980,true,1,64197
8850389105825,false,סאפה אלוורה ענבים 1ליטר,סאפה פובליק קומפני ל,TH,משקה אלוורה סאפה ענב,קילוגרמים,1.00,ליטר,false,,11.90,11.9000,true,1,17926
8850389105832,false,משקה אלוורה בטעם תפוחים,סאפה פובליק קומפני ל,TH,משקה אלוורה סאפה תפו,קילוגרמים,1.00,ליטר,false,,11.90,11.9000,true,1,17923
8850389105849,false,משקה אלוורה בטעם אפרסק,סאפה פובליק קומפני ל,TH,משקה אלוורה סאפה אפר,קילוגרמים,1.00,ליטר,false,,11.90,11.9000,true,1,17922
8858271002870,false,רוטב פאד תאי 250 מ'ל - מקסצ'אפ,"ייאן וואל יון בע""מ",TH,רוטב פאד תאי מזרח ומ,מיליליטרים,250.00,"100 מ""ל",false,,9.90,0.0396,true,1,49098
8858271002887,false,רוטב טריאקי מזרח ומע,דאנינג יוה פודס קו,TH,רוטב טריאקי מזרח ומע,מיליליטרים,250.00,"100 מ""ל",false,,9.90,0.0396,true,1,49099
8858271003020,false,רוטב סויה פורמולה 1 - 700 מ'ל מקסצ'אפ,יאן ונזל יון,TH,רוטב סויה מזרח ומערב,מיליליטרים,700.00,"100 מ""ל",false,,14.90,0.0213,true,1,49109
8858271003075,false,רוטב סויה מתוקה מקסצ,דאנינג יוה פודס קו,TH,רוטב סויה מתוקה מקסצ,מיליליטרים,700.00,"100 מ""ל",false,,14.90,0.0213,true,1,64193
8858271003921,false,רוטב קארי אדום מקסצ',יאן וואל יאן,TH,רוטב קארי אדום מקסצ',מיליליטרים,250.00,"100 מ""ל",false,,9.90,0.0396,true,1,56499
8858271003938,false,רוטב קארי ירוק מקסצא,"ייאן וואל יון בע""מ",TH,רוטב קארי ירוק מקסצ',מיליליטרים,250.00,"100 מ""ל",false,,9.90,0.0396,true,1,56500
8858271004034,false,רוטב צילי חריף מקסצו,דאנינג יוה פודס קו,TH,רוטב צ'ילי חריף מקסצ,מיליליטרים,700.00,"100 מ""ל",false,,14.90,0.0213,true,1,64194
8858271004126,false,רוטב חמוץ מתוק מקסצו,יאן ונזל יון,TH,רוטב חמוץ מתוק מזרח,מיליליטרים,700.00,"100 מ""ל",false,,14.90,0.0213,true,1,49261
8858271004300,false,רוטב טריאקי מקסצא'פ,דאנינג יוה פודס קו,CN,רוטב טריאקי מקסצא'פ,מיליליטרים,700.00,"100 מ""ל",false,,18.90,0.0270,true,1,64195
8858271004799,false,רוטב צ'ילי מתוק מזרח,יאן ונזל יון,TH,רוטב צ'ילי מתוק מזרח,מיליליטרים,700.00,"100 מ""ל",false,,12.50,0.0179,true,1,49100
8858271005772,false,רוטב סויה מקסצ'פ ללא,יאן ונזל יון,TH,רוטב סויה מקסצ'פ ללא,מיליליטרים,300.00,"100 מ""ל",false,,15.90,0.0530,true,1,51873
8888111030053,false,"מיץ אננס SW טבעי מארז 240X4מ""ל פרימיום",S&W,PH,מארז מיץ אננס 4*240,מיליליטרים,960.00,"100 מ""ל",false,,14.90,0.0155,true,1,24251
8901537024014,false,"אורז בסמטי מובחר 1 ק""ג - דוואט) יורה דיעה",הנסיך- מפעל לייצור ט,IN,אורז בסמטי דאווט 1 ק,פריט,1.00,"ק""ג",false,,11.90,11.9000,true,1,31468
8901537076679,false,"אורז בסמטי חום מלא 1 ק""ג דאוואט",האי נאם סי או אל.טי.,IN,אורז בסמטי חום מלא ד,פריט,1.00,"ק""ג",false,,11.90,11.9000,true,1,46725
8906006432383,false,קיוי נוזל משופר שחור,,,נוזל קיווי שחור משופ,מיליליטרים,75.00,"100 מ""ל",false,,13.90,0.1853,true,1,9150
8906006432468,false,משחת נעליים קופסא שחור 50 ג',,,קיוי קופסא שחור פקק,Unknown,0.00,יחידה,false,,5.90,0.0000,true,1,9152
8906006432505,false,נוזל קיווי שחור אקספ,,,נוזל קיווי שחור אקספ,Unknown,0.00,יחידה,false,,13.90,0.0000,true,1,24634
8908003972220,false,צנימים דורומי 300 גר,טי.אר.די.פי הפי וורל,IN,צנימים דורומי 300 גר,גרמים,300.00,100 גרם,false,,7.90,0.0263,true,1,64474
8938535541366,false,דפי אורז צבעוניים לל,CHANH KHANG COMPANY,VN,דפי אורז צבעוניים לל,גרמים,400.00,100 גרם,false,,14.90,0.0373,true,1,56497
9000101536560,false,קפסולות ג'ל פרסיל 70,הנקל סוד,RS,קפסולות ג'ל פרסיל 70,Unknown,0.00,יחידה,false,,49.90,0.0000,true,1,63030
9000101548211,false,קולור קאצר 40 דפים ל,הנקל סוד,IE,קולור קאצר 40 דפים ל,Unknown,0.00,יחידה,false,,29.90,0.0000,true,1,63513
9000101548419,false,קולור קאצ`ר דפים למכונת לכביסה מחדש צבע לבן 18 יח',הנקל סוד,IE,קולור קאצר 18 דפים מ,Unknown,0.00,יחידה,false,,14.90,0.0000,true,1,63514
9044400822320,false,סוכריות פז בשקית 10+1 יח' 85 ג',פז פרודוקשיין,GB,סוכריות דחוסות בטעם,גרמים,93.50,100 גרם,false,,14.90,0.1594,true,1,63024
9044400851672,false,סוכריות פז סוגים שונים + 3 מילויים,פז פרודוקשיין,HU,סוכריות דחוסות בטעם,גרמים,25.50,100 גרם,false,,10.90,0.4275,true,1,63025
9720188060108,false,טופוטי ממרח על בסיס סויה בסגנון שמנת 340ג',טופוטי ברנדס אינק.ג',IL,ממרח סויה בסגנון שמנ,גרמים,340.00,100 גרם,false,,18.90,0.0556,true,1,6395
