code,internal_code,name,manufacturer_name,manufacture_country,manufacturer_item_description,unit_qty,quantity,unit_of_measure,weighted,qty_in_package,price,unit_of_measure_price,allow_discount,status,item_id
18389423,false,סינטה עגל,,,סינטה עגל,קילוגרמים,1.00,"ק""ג",true,,139.90,139.9000,true,1,117286
18389430,false,סינטה עגל,,,סינטה עגל,קילוגרמים,1.00,"ק""ג",true,,139.90,139.9000,true,1,117287
18389621,false,סינטה עגל,,,סינטה עגל,קילוגרמים,1.00,"ק""ג",true,,139.90,139.9000,true,1,117288
18389638,false,סינטה עגל,,,סינטה עגל,קילוגרמים,1.00,"ק""ג",true,,139.90,139.9000,true,1,117289
32147230,false,לימונית - מיץ לימון משומר,ג'נרל מילס סאן אדריא,CH,מיץ לימון סיצילייה 2,,200.00,,false,,8.90,0.0445,true,1,23595
42101666,false,מסטיק אורביט איירוייבוז אקליפטוס 35 גר,ריגלי,,אירוייז מנטה ואקליפט,יחידה,0.00,יחידה,false,,6.50,0.0000,true,1,81608
42123866,false,מסטיק הובה בובה צ'אנק פירות קלאסי 35ג',הובה בובה Hubba Bubba,,הובה בובה קלאסי צ'אנ,,35.00,100 גרם,false,,3.60,0.1029,true,1,25346
42154662,false,אורביט ספרמינט מעטפה,ריגלי צרפת,FR,אורביט מעטפה בטעם ספ,,27.00,,false,,6.60,0.2444,true,1,25350
42182115,false,מסטיק פייב ספירמינט 12 סטיקס,ריגלי צרפת,FR,פייב ספירמינט סטיקס,,29.00,,false,,7.90,0.2724,true,1,35837
42188889,false,מסטיק פייב אבטיח 12 סטיקס,ריגלי צרפת,FR,פייב אבטיח סטיקס 29ג,,29.00,100 גרם,false,,7.90,0.2724,true,1,35838
42306788,false,מסטיק אורביט איירוייבוז אוכמניות,ריגלי,,איירוייז אוכמניות ומ,,35.00,,false,,6.50,0.1857,true,1,81612
54051140,false,מעדן סויה טעם וניל אלפרו רביעיה * 125 ג',הנסיך- מפעל לייצור ט,BE,אלפרו מעדן סויה וניל,,500.00,,false,,19.50,0.0390,true,1,25454
54051157,false,מעדן סויה טעם שוקו אלפרו רביעיה 125 ג',קריות זול,BE,אלפרו מעדן סויה שוקו,,500.00,100 גרם,false,,19.50,0.0390,true,1,25455
72917367,false,טעמי חטיף במילוי קרם נוגט וקרמל,"שטראוס גרופ בע""מ",IL,טעמי 40 גרם,,40.00,,false,,5.00,0.1250,true,1,27290
72940754,false,מעדן מילקי בטעם וניל עם קצפת,"שטראוס גרופ בע""מ",IL,מילקי וניל,,170.00,,false,,3.20,0.0188,true,1,27294
72940761,false,מעדן מילקי בטעם שוקולד עם קצפת,מיוצר עי קונדיטוריית,IL,מילקי שוקו,,170.00,,false,,3.20,0.0188,true,1,27295
72940952,false,מעדן מילקי בטעם שוקולד עם אקסטרה קצפת,"שטראוס גרופ בע""מ",IL,מילקי פי 2 קצפת,,110.00,100 גרם,false,,3.90,0.0355,true,1,27296
72941041,false,מעדן מילקי מיני בטעם שוקולד עם קצפת,"שטראוס גרופ בע""מ",IL,מיני מילקי שוקולד 70,,70.00,,false,,2.60,0.0371,true,1,27298
72945308,false,קוביות שמרים לאפיה שמרית 2*25 ג',"פאקא תעשיות בע""מ",IL,שמרית קוביות שמרים ל,,50.00,100 גרם,false,,4.40,0.0880,true,1,27299
72961506,false,יוגורט עם תות 1.5% שומן 125 ג' פרילי,מיוצר עי קונדיטוריית,IL,יוגורט עם תות 1.5% פ,,125.00,100 גרם,false,,3.90,0.0312,true,1,26010
72961544,false,באדי יוגורט בטעם תות שדה 3%,מחלבת אלון תבור,IL,יוגורט בטעם תות שדה,,125.00,100 גרם,false,,3.20,0.0256,true,1,26013
72963753,false,שמנת אורגינל של פעם 27% שומן 200 ג' תנובה,תנובה מרכז שיתופי לש,IL,שמנת של פעם 27% תנוב,,200.00,,false,,4.60,0.0230,true,1,26018
72964132,false,פרילי טבע עם גרנולה 1.5% 200מל,מיוצר עי קונדיטוריית,IL,פרילי טבעי עם גרנולה,,150.00,100 גרם,false,,5.60,0.0373,true,1,26020
72964422,false,תנובה יוגורט פרחים 4.5% 200מל,מחלבת תנובה,IL,יוגורט פרחים תנובה 4,,200.00,,false,,3.00,0.0150,true,1,26021
72986370,false,"גלידת בן & ג'ריס פיינטים וניל 500מ""ל",מוצרי איכות אמריקאים,IL,בן&גריס גלידה פיינטי,,420.00,100 גרם,false,,24.90,0.0593,true,1,31837
72986424,false,"גלידת בן & ג'ריס פיינטים קרם עוגיות 500מ""ל",מוצרי איכות אמריקאיי,IL,בן&גריס גלידה פיינטי,יחידה,420.00,יחידה,false,,24.90,0.0593,true,1,31838
72986448,false,"גלידת בן & ג'ריס פיינטים טופי קראנץ 500מ""ל",מוצרי איכות אמריקאיי,IL,בן&גריס גלידה טופי ק,יחידה,420.00,יחידה,false,,24.90,0.0593,true,1,31839
72986455,false,"ניו יורק סופר גלידת שוקולד, חתיכות פאדג' ואגוזים",מוצרי איכות אמריקאיי,IL,בן&גריס גלידה פיינטי,,420.00,100 גרם,false,,24.90,0.0593,true,1,31840
72986479,false,"צ'אנקי מנקי גלידת וניל, בננות, חתיכות פאדג' ואגוזים",מוצרי איכות אמריקאיי,IL,בן&גריס גלידה צאנקי,,420.00,100 גרם,false,,24.90,0.0593,true,1,31841
72989425,false,"גלידת בן & ג'ריס פיינטים שוקולד בראוניז 500מ""ל",מוצרי איכות אמריקאיי,IL,בן&גריס גלידה פיינטי,יחידה,500.00,יחידה,false,,24.90,0.0498,true,1,31842
72991886,false,"גלידת דולצ'ה בטעם ריבת חלב עם פאדג' בן וג'ירי 500 מ""ל",מוצרי איכות אמריקאיי,IL,בן&גריס גלידה ריבת ח,,750.00,100 גרם,false,,24.90,0.0332,true,1,31843
72993637,false,מעדן חלב בטעם שוקולד 125 ג' דני,מחלבת אחיהוד,IL,דני מהדרין שוקו בודד,,125.00,100 גרם,false,,3.20,0.0256,true,1,27310
72994061,false,חטיף פסק זמן Z Good ופל מגולגל,שולן צ'יקולטה גידה ס,TR,פסק זמן טו גוד 36גר,,36.00,,false,,5.90,0.1639,true,1,78983
80042556,false,עגבניות מרוסקות מוטי,"איי, בי, אינבוו",IT,עגבניות חתוכות מוטי,,400.00,,false,,16.90,0.0422,true,1,85830
80042563,false,רסק עגבניות 700 ג' (צהוב) MUTTI,"איי, בי, אינבוו",IT,רסק עגבניות 700גר (צ,,700.00,,false,,14.90,0.0213,true,1,81493
80050025,false,סוכריות תפוז 16 ג' טיק טק,קריות זול,ZA,טיק טק תפוז 16גר,,16.00,100 גרם,false,,4.30,0.2687,true,1,41073
80050124,false,סוכריות מנטה 16 ג' טיק טק,קריות זול,ZA,טיק טק מנטה 16גר,,16.00,,false,,4.30,0.2687,true,1,26869
80052883,false,סוכריות מנטה חזק 16 ג' טיק טק,פררו,ZA,טיק טק מנטה חזק 16 ג,,16.00,,false,,4.30,0.2687,true,1,116159
80136194,false,חטיפי הפי היפו Happy Hippo במילוי קרם חלבי ואגוזי לוז,קינדר Kinder,DE,הפי היפו אגוזי לוז 5,יחידה,0.00,יחידה,false,,15.50,0.0000,true,1,87617
80177173,false,ממרח אגוזי לוז עם קקאו,נוטלה Nutella,IT,ממרח אגוזי לוז נוטלה,,350.00,,false,,15.50,0.0443,true,1,26877
80310891,false,ביצת הפתעה קינדר ג'וי כתום,קריות זול,ZA,קינדר ג'וי 20 גרם,,20.00,,false,,6.90,0.3450,true,1,122188
80761761,false,קינדר בואנו לבן בודד 39 גרם,קדבורי,PL,קינדר בואנו לבן 39גר,,39.00,,false,,5.50,0.1410,true,1,36389
80773429,false,מסטיק מנטוס פיור פרש בבקבוק בינוני בטעם תות 60 ג',פרפטי ואן מלה הולנד,TR,מסטיק מנטוס פיור פרש,,60.00,100 גרם,false,,9.90,0.1650,true,1,88221
80773443,false,מסטיק מנטוס בבקבוק מעוגל בטעם מנטה מעודנת 60 ג',פרפטי ואן מלה הולנד,TR,מסטיק מנטוס בקבוק מע,,60.00,100 גרם,false,,9.90,0.1650,true,1,85997
80790990,false,מסטיק מנטוס בבקבוק מעוגל בטעם פירות -מנטה 60 ג',פרפטי ואן מלה הולנד,TR,מסטיק מנטוס בקבוק מע,,60.00,,false,,9.90,0.1650,true,1,85998
80843184,false,מנטוס מסטיק פיור פרש בטעם ענבים 60גר,פרפטי ואן מלה הולנד,TR,מסטיק מנטוס פיור פרש,,60.00,100 גרם,false,,9.90,0.1650,true,1,118414
80896081,false,מסטיק מנטוס פיור פרש בבקבוק בינוני בטעם אבטיח 60 ג',פרפטי ואן מלה הולנד,TR,מנטוס מסטיק פיור פרש,,60.00,100 גרם,false,,9.90,0.1650,true,1,88222
80913467,false,מסטיק מנטו בבקבוק מעוגל בטעם מנטה 60 ג',פרפטי ואן מלה הולנד,TR,מסטיק מנטוס בבקבוק מ,,60.00,,false,,9.90,0.1650,true,1,85999
80936848,false,סוכריות טיק טק תות שדה 24 יח',קדבורי,ZA,טיק טק בטעם תות שדה,,16.00,,false,,4.30,0.2687,true,1,52359
80979128,false,מסטיק מנטוס פיור בטעם דובדבן 60 ג',פרפטי ואן מלה הולנד,TR,מסטיק מנטוס פיור פרש,,60.00,,false,,9.90,0.1650,true,1,118413
80995128,false,מנטוס - מסטיק בטעם הדרים בתוספת ויטמינים 60 גרם,פרפטי ואן מלה הולנד,TR,מנטוס מסטיק בטעם הדר,,60.00,100 גרם,false,,9.90,0.1650,true,1,122356
87108538,false,סוכריות מנטוס Mentos תות שדה,הדקלאים אגודת שיתופי,NL,מנטוס תות בגליל בודד,,37.50,,false,,4.00,0.1067,true,1,26883
87108651,false,מארז סוכריות מנטוס Mentos מנטה,הדקלאים אגודת שיתופי,NL,סוכריות מנטוס מנטה ר,,37.50,100 גרם,false,,12.90,0.3440,true,1,26884
87108712,false,מארז סוכריות מנטוס Mentos פירות,פרפטי ואן מלה ברדה,NL,סוכריות מנטוס רביעיי,,37.50,,false,,12.90,0.3440,true,1,26885
90087974,false,"חומץ תפוחים 5% 750 מ""ל",ראוך פרוכטסאפה,,חומץ תפוחים 5% 750מל,,750.00,100 גרם,false,,14.90,0.0199,true,1,84657
90087998,false,מיץ לימון טבעי 250 מ,Rauch fruchtsafte gm,,"מיץ לימון 250מ""ל",,250.00,100 גרם,false,,5.90,0.0236,true,1,93564
8112100298,false,שמן שומשום טהור לא מ,Flavor full foods in,,שמן שומשום טהור 185מ,,185.00,100 גרם,false,,15.90,0.0859,true,1,43588
9800800056,false,חטיף שוקולד עם מקלות לחם אנד גו,נוטלה Nutella,DE,נוטלה&גו חטיף 52גר,,52.00,,false,,6.50,0.1250,true,1,82111
11210000094,false,"רוטב ""טבסקו"" על בסיס פלפל אדום 60 מ""ל",מקאילהייני אייבורי,US,טבסקו אדום 60מל,,60.00,,false,,10.90,0.1817,true,1,31915
11210006508,false,"רוטב טבסקו הברנו 60 מ""ל",מקאילהייני Mc.Ilhenn,US,טבסקו הבנרו אקסטרא ח,,60.00,,false,,16.90,0.2817,true,1,86965
11210007253,false,"רוטב ""טבסקו"" על בסיס פלפל אדום ושום 60 מ""ל",מקאילהייני אייבורי,US,טבסקו שום 60מל,,60.00,,false,,10.90,0.1817,true,1,31916
11210607040,false,טבסקו פלפל צפוטלי חריף 60 מל,מקאילהייני Mc.Ilhenn,US,טבסקו מעושן ציפוטלי,,60.00,,false,,10.90,0.1817,true,1,86964
16000185517,false,דגני בוקר פייבר וואן עתירי סובין FIBRE1,בטר אנד דיפרנט,US,*מבצע* דגני פייבר וו,,555.00,,false,,19.90,0.0359,true,1,120374
16000423534,false,ניטשר ואלי חטיף שיבולת שועל שוקולד מריר קראנצי 210ג',ג'נרל מילס סאן אדריא,ES,ניטשר וואלי חטיף שיב,,210.00,,false,,22.90,0.1090,true,1,43194
16000548404,false,ניטשר ואלי חטיף קראנצי גרנולה שיבולת שועל 210 ג',ג'נרל מילס סאן אדריא,ES,ניטשר וואלי חטיף קרא,,210.00,100 גרם,false,,22.90,0.1090,true,1,33338
16000548503,false,ניטשר ואלי קראנצי חטיף גרנולהומייפל 10 יח' 210 ג',ג'נרל מילס סאן אדריא,ES,ניטשר וואלי חטיף קרא,,210.00,100 גרם,false,,22.90,0.1090,true,1,33339
16000548602,false,נייטשר וואלי חטיף קראנצ'י קינמון 210ג',ג'נרל מילס סאן אדריא,ES,ניטשר וואלי חטיף קרא,,210.00,,false,,22.90,0.1090,true,1,33340
16000548909,false,קראנצי חטיף גרנולה מעורבת 10 יח 210 ג',ג'נרל מילס סאן אדריא,ES,ניטשר וואלי חטיף קרא,,210.00,100 גרם,false,,22.90,0.1090,true,1,33341
18000701223,false,תערובת להכנת עוגה בטעם שוקולד,הדקלאים אגודת שיתופי,IL,תערובת עוגת שוקולד פ,,550.00,100 גרם,false,,19.90,0.0362,true,1,33342
18000703517,false,תערובת עוגת שיש פילסברי 500 גר',הדקלאים אגודת שיתופי,IL,תערובת עוגת שיש 550ג,,550.00,,false,,19.90,0.0362,true,1,33344
18000766413,false,תערובת בראוניס פילסברי 500 גר',הדקלאים אגודת שיתופי,IL,תערובת עוגת בראוניס,,550.00,100 גרם,false,,19.90,0.0362,true,1,33345
25675301184,false,פשקס - חמצוצים מקלות קולה 50 גרם,פשקז Paskesz,NL,מקלות חמוצים קולה 50,,50.00,,false,,5.90,0.1180,true,1,33877
29424000687,false,גלילי ופל מנעמים אגוז 100גר,,,גלילי וופל אגוז מנעמ,,100.00,,false,,5.90,0.0590,true,1,91396
31200001597,false,גרגירי חמוציות ממותקים ומיובשים,אושן ספריי,,חמוציות אושן ספריי 1,,170.00,,false,,13.90,0.0818,true,1,59808
31290140237,false,שוקולד גודייבה סטיקס,פלאדיס,TR,אצבעות שוקולד חלב גו,,90.00,100 גרם,false,,14.90,0.1656,true,1,113965
33200147701,false,דפים למייבש פרש אנד סופט Tropical Burst,פרש אנד סופט Frash'n soft,US,פרש & סופט ורוד 100י,,100.00,,false,,29.90,0.2990,true,1,32842
33617340610,false,ואזה מקמח שיפון 275 גר',כלורוקס אוקלנד,SE,פת פריכה מקמח שיפון,,250.00,100 גרם,false,,14.90,0.0596,true,1,50210
34000470563,false,ריסז מיניס פאוצ'215גרם,,,ריסז מיניס פאוצ 215ג,,215.00,100 גרם,false,,19.90,0.0926,true,1,121414
34000544431,false,טוויזלרס ממתק בטעם דובדבן 172 ג',הרשי שוקולד,US,ממתק טוויזלרס בטעם ד,,172.00,100 גרם,false,,8.90,0.0517,true,1,121413
34000996643,false,הרשי דרופס פאוצ' 215 גרם,,,הרשי דרופס פאוצ 215ג,,215.00,100 גרם,false,,19.90,0.0926,true,1,121415
36000516876,false,קלינקס - טישו לושן 3 שכבות 75 דף,חוגלה קימברלי,GB,קלינקס לושן 75 יח,,75.00,,false,,13.90,0.1853,true,1,105468
37600207188,false,חמאת בוטנים סקיפי קלאסי 462 גר',חברת המזון אלגוד,US,חמאת בוטנים קלאסי סק,,462.00,100 גרם,false,,25.90,0.0561,true,1,53888
37600207287,false,חמאת בוטנים סקיפי עם דבש,חברת המזון אלגוד.,US,חמאת בוטנים עם דבש ס,,462.00,100 גרם,false,,25.90,0.0561,true,1,53890
38000138638,false,חטיף צ'יפס בטעם פיצה,פרינגלס מנופקצורינג,US,פרינגלס פיצה 158גר,,158.00,100 גרם,false,,12.70,0.0804,true,1,84705
38000197840,false,פרינגלס גלי בטעם חריף מתוק 137 ג',פרינגלס מניופקצ'ורינ,US,פרינגלס גלי בטעם חרי,,137.00,,false,,12.70,0.0927,true,1,116043
38000202278,false,חטיף צ'יפס גלי בטעם אורגינל מלוח,פרינגלס מניופקצ'ורינ,US,פרינגלס גלי בטעם אור,,130.00,,false,,12.70,0.0977,true,1,116051
38000232152,false,פרינגלס ברביקיו 158 גרם – חדש,פרינגלס מניופקצ'ורינ,US,פרינגלס ביג ברביקיו,,158.00,,false,,12.70,0.0804,true,1,105980
38000232176,false,חטיף צ'יפס שמנת חמוצה ובצל,פרינגלס מניופקצ'ורינ,US,פרינגלס ביג שמנת ובצ,,149.00,100 גרם,false,,12.70,0.0852,true,1,105979
38000232183,false,פרינגלס אורגינל 149 גרם,פרינגלס מניופקצ'ורינ,US,פרינגלס ביג אורגינל,,149.00,100 גרם,false,,12.70,0.0852,true,1,105978
38527591053,false,קוואקר מרובעים קינמון דגני בוקר 412 גרם,BEVERAGES FOODS & SE,US,דגני בוקר קוואקר מרו,,412.00,,false,,27.00,0.0655,true,1,47083
38527591060,false,דגני קוואקר מרובעים Quaker Squares עם סוכר חום,BEVERAGES FOODS & SE,US,דגני בוקר קוואקר מרו,,412.00,,false,,27.00,0.0655,true,1,45992
40000514510,false,M&M אריזה קטנה's בוטנים אריזה קטנה 49 גרם,M&M אם אנד אם,,אמ&אמס עדשי שוקולד ב,,49.00,,false,,5.50,0.1122,true,1,81877
41390010309,false,רוטב קיקומן טריאקי 4,ראקוטו קאסיי,,רוטב טריאקי קיקומן 4,,444.00,,false,,29.90,0.0673,true,1,54658
41500000428,false,חרדל חום חריף פרנציס,,,חרדל חום חריף פרנציס,,340.00,,false,,19.90,0.0585,true,1,121156
41500007007,false,חרדל צהוב קלאסי פרנצס לחיץ 226 גר',,,חרדל צהוב פרנצס 226,,226.00,100 גרם,false,,14.90,0.0659,true,1,121155
46214372250,false,"עוגיות שטרודל פריכות תפו""ע וצימוקים",מרבה Merba,NL,עוגיות שטרודל מרבה ת,,200.00,100 גרם,false,,12.90,0.0645,true,1,108749
46214382259,false,עוגיות בראוניס שוקולד 225 ג',בנקטבקריי מרבה בי.וי,NL,עוגיות בראוניס שוקול,,200.00,100 גרם,false,,12.90,0.0645,true,1,32376
46214731552,false,עוגיות שוקולד ציפס מובחרות 225 ג',קריניציה ויטמינה אס,NL,עוגיות שוקולד ציפס ע,,225.00,100 גרם,false,,12.90,0.0573,true,1,32377
50000100347,false,"פריסקיז - מעדני החתול מועשר בחלב 1.40 ק""ג",נסטלה פורינה USA מק,US,פריסקיז מעדני החתול,קילוגרמים,1.40,"ק""ג",false,,39.90,28.5000,true,1,93633
50000168583,false,"פריסקיז אקסטרא קראנץ 1.43 ק""ג",פורינה,US,פריסקיז אקסטרא קראנץ,,1430.00,,false,,39.90,0.0279,true,1,117555
54881000062,false,תה שחור לימונית וקמומי 20 שקיות AHMAD TEA,תה אחמד Ahmad tea,,תה אנגלי שחור לימוני,יחידה,0.00,יחידה,false,,9.90,0.0000,true,1,90689
54881008167,false,תה אינגליש ברקפסט 100 שקיות AHMAD TEA,תה אחמד Ahmad tea,,תה אינגליש ברק אחמד,,200.00,100 גרם,false,,16.90,0.0845,true,1,93566
54881008174,false,תה ארל גריי 100 שקיות AHMAD TEA,תה אחמד Ahmad tea,,תה ארל גריי אחמד 100,יחידה,0.00,יחידה,false,,16.90,0.0000,true,1,93567
54881008181,false,תה אינגליש 100 שקיות AHMAD TEA,תה אחמד Ahmad tea,,תה אינגליש אחמד 100י,,0.00,100 גרם,false,,16.90,0.0000,true,1,93568
55369902342,false,אפלסנקס צנצנת רסק תפוחי עץ ממותק בסגנון ביתי 680 גרם עברית,לייהי אורצרדס,CA,"רסק תפו""ע ביתי אפל ס",,709.00,100 גרם,false,,16.50,0.0233,true,1,31921
55369902557,false,אפלסנקס רביעיות רסק תפוחי עץ ממותק בסגנון ביתי עברית,ליייהי אורצ'רדס,,"רסק תפו""ע ביתי רביעי",,452.00,100 גרם,false,,16.50,0.0365,true,1,34738
55369902564,false,אפלסנקס רביעיות רסק תפוחי עץ ללא תוספת סוכר עברית,ליייהי אורצ'רדס,,"רסק תפו""ע ללא סוכר ר",,452.00,,false,,16.50,0.0365,true,1,34739
55369903295,false,אפלסנקס צנצנת רסק תפוחי עץ ללא תוספת סוכר 652 גרם עברית אישור א.י.ל לחולי סוכרת,לייהי אורצרדס,CA,"רסק תפו""ע בצנצנת ללא",,652.00,100 גרם,false,,16.50,0.0253,true,1,57465
62558202381,false,סירופ מייפל אורגני 100% טהור,ברנרד Bernard,,סירופ מייפל אורגני 1,,236.00,100 גרם,false,,29.90,0.1267,true,1,89187
70080000016,false,חרדל אמריקאי פלוכמן Plochman's,,,חרדל לחיץ אמריק' ניצ,,297.00,100 גרם,false,,10.50,0.0354,true,1,84574
70221011116,false,טובלרון - שוקולד חלב 100 ג',טובלרון Toblerone,,טובלרון שוקולד חלב 1,,100.00,100 גרם,false,,9.90,0.0990,true,1,107801
76840002542,false,"גלידת בן & ג'ריס פיינט נטפליקס וצ'ילד 500מ""ל",מוצרי איכות אמריקאים,IL,בן&גריס גלידה פיינט,יחידה,0.00,יחידה,false,,24.90,0.0000,true,1,113885
76840100156,false,"גלידה צרי גרסיה בן וג'ירי 500 מ""ל",מוצרי איכות אמריקאיי,IL,בן&גריס גלידה שמנת ע,,473.00,,false,,24.90,0.0526,true,1,54969
76840100583,false,"גלידת וניל עם בצק עוגיות בן וג'ירי 473 מ""ל",מוצרי איכות אמריקאיי,IL,בן&גריס גלידה וניל+ב,,473.00,100 גרם,false,,24.90,0.0526,true,1,34667
76840400218,false,"גלידה בן&ג'ריס תות שדה ועוגת גבינה 500מ""ל",מוצרי איכות אמריקאיי,IL,בן&גריס גלידה עוגת ג,יחידה,473.00,יחידה,false,,24.90,0.0526,true,1,52133
77245110610,false,סוכריות מאסט ללא סוכר בטעם מנטה 80 ג'עלית,MIESZKO S.A - MS. JO,IL,מאסט סוכריות ללא סוכ,,80.00,,false,,9.40,0.1175,true,1,33735
77343000233,false,נרות חימום אורה 50,קריות זול,IL,להבונים 50יח,יחידה,0.00,יחידה,false,,9.90,0.0000,true,1,31273
77975036976,false,מטבל עגבניות בחריפות עדינה סניידרס 439 ג',סניידרס Snyder's,US,מטבל עגבניות בחריפות,,439.00,,false,,19.90,0.0453,true,1,59247
77975094761,false,שברי בייגלה בטעם צ'דר 340 גרם סניידרס,סניידרס Snyder's,US,שברי בייגל בטעם גבינ,,340.00,,false,,17.90,0.0526,true,1,117330
80432402931,false,"שיבאס וויסקי ריגאל 12 שנה 700 מ""ל",מזקקת האחים שיבאס,GB,וויסקי שיבאס 700מל,,700.00,100 גרם,false,,119.90,0.1713,true,1,55050
89041081056,false,שמן צ'ילי 185 מל,Flavor full foods in,,שמן צ'ילי 185 מל,,185.00,,false,,12.90,0.0697,true,1,99261
89397344300,false,דיניקולה רוטב פסטה עגבניות ובזיל 737 גרם,ג'יאובני פוד אינק,,רוטב פסטה עגבניות 73,,737.00,,false,,17.90,0.0243,true,1,34741
89397344362,false,דיניקולה רוטב פסטה מרינרה 737 גרם,ג'יאובני פוד אינק,,רוטב לפסטה דיניקולה,,737.00,,false,,17.90,0.0243,true,1,29409
628154383659,false,דגני בוקר פרוטי פבלס 311 ג' POST,פוסט לקיוויל,PL,דגני פוסט פרוטי פבלס,,311.00,100 גרם,false,,25.90,0.0833,true,1,121140
639138513238,false,פילה הרינג מעושן בשמן צמחי,רוג'ין פיש,,פילה הרינג מעושן 190,,190.00,,false,,14.90,0.0784,true,1,22504
645173911038,false,קורנישון מלפפוןן מיני 720 גרם - תומר,קלמן אינדיה,,קורנישון מיני 720גר,,720.00,100 גרם,false,,12.90,0.0179,true,1,22558
649660432020,false,היל ויו שזיפים מיובשים מגולענים 567 גרם,היליו פאקינג קוסמי א,US,שזיפים מיובשים 567גר,,567.00,100 גרם,false,,29.90,0.0527,true,1,84608
651080161510,false,"פלאקרס ""פלוסר ""חוט דנטלי משופר 35יח'-חדש",מיוצר עי קונדיטוריית,CN,"פלקסר ""פלוסר"" חוט דנ",יחידה,0.00,יחידה,false,,10.90,0.0000,true,1,118479
651080647519,false,"פלאקרס ""פלוסר ""חוט דנטלי ירוק -מנטה",המאפיה של הרמן,US,"פלאקרס ""פלוסר"" חוט ד",יחידה,0.00,יחידה,false,,10.90,0.0000,true,1,118480
728229123811,false,חטיף על בסיס ירקות שורש בתיבול ים תיכוני,הונדורס צ'יפס יצור א,HN,ציפס חטיף טרה ירקות,,110.00,100 גרם,false,,15.90,0.1445,true,1,28029
728229124771,false,טרה בטטה טעם ברביקיו,היין פיוצ'ור נטורל פ,IN,ציפס חטיף טרה בטטה ט,,110.00,,false,,15.90,0.1445,true,1,120927
728229130444,false,"חטיף על בסיס ירקות שורש עם בטטה, תפו""א כחול וסלק",היין סלסטיאל גרופ,US,ציפס חטיף טרה ירק תפ,,110.00,100 גרם,false,,15.90,0.1445,true,1,38022
729011726254,false,דונאטס מצופה,,,דונאטס מצופה,יחידה,0.00,יחידה,false,,5.90,0.0000,true,1,122810
768404001640,false,"גלידה בן&ג'ריס קפה משפחתית 500מ""ל",מוצרי איכות אמריקאיי,IL,בן&גריס גלידה פיינטס,,473.00,100 גרם,false,,24.90,0.0526,true,1,34672
835811004790,false,"מגש הגשה עגול מחולק שקוף בינוני ח""פ הנמל",,,מגש הגשה עגול מחולק,יחידה,0.00,יחידה,false,,13.90,0.0000,true,1,55298
835811006695,false,קוקטים לאפייה 20 יח` 5.50 OZ,הנמל,,קוקטים לאפייה 20יח,,20.00,,false,,9.90,0.4950,true,1,55302
839762000641,false,משקה איילנד מנגו נקטר 1 ל',"פאראגאלה,דה אג'יפשן",EG,איילנד נקטר מנגו 1לי,,1000.00,100 גרם,false,,13.90,0.0139,true,1,44166
839762000658,false,משקה נקטר איילנד גויאבה 1 ל',The Egyptian Co. for,EG,איילנד נקטר גויאבה 1,,1000.00,100 גרם,false,,13.90,0.0139,true,1,44167
856591000109,false,עבאדי עוגיות מזרחיות פריכות 400ג',מאפיית יוסף ושמחה עב,IL,עוגיות עבאדי עוגיות,,400.00,,false,,19.90,0.0497,true,1,36313
884912111715,false,דגני פוסט האני קומב,,,דגני פוסט האני קומב,,354.00,100 גרם,false,,25.90,0.0732,true,1,121139
884912126115,false,פוסט גרייט גריינט דייטס 453 גר',הנסיך- מפעל לייצור ט,US,דגני פוסט גרייט גריי,,453.00,100 גרם,false,,26.90,0.0594,true,1,40738
884912129512,false,פוסט קוקו פבלס דגני בוקר 311 גרם,פוסט לקיוויל,US,דגני פוסט קוקו פבלס,,311.00,,false,,25.90,0.0833,true,1,76826
884912342737,false,דגני בוקר פוסט וופל קריספ 326 גר',הנסיך- מפעל לייצור ט,US,דגני פוסט וואפל קריס,,326.00,100 גרם,false,,25.90,0.0794,true,1,121141
884912359155,false,דגני בוקר האני באנצס רוסטד 340 ג' POST,פוסט לקיוויל,US,דגני פוסט האני בנצ'ס,,340.00,,false,,25.90,0.0762,true,1,121133
884912359162,false,דגני בוקר האני באנצס שקדים 340 ג' POST,פוסט לקיוויל,US,דגני פוסט האני בנצ'ס,,340.00,,false,,25.90,0.0762,true,1,121134
884912365200,false,דגני בוקר אוראו הדור הבא 311 ג',פוסט לקיוויל,US,דגני בוקר אוראו 311,,311.00,100 גרם,false,,22.90,0.0736,true,1,122068
884912365217,false,דגני בוקר אוראו הדור הבא 311 ג',פוסט לקיוויל,US,דגני בוקר אוראו 311,,311.00,100 גרם,false,,22.90,0.0736,true,1,117333
887930413380,false,סוללות קודאק זוג AA,,,סוללות קודאק זוג AA,יחידה,0.00,יחידה,false,,5.90,0.0000,true,1,122863
887930413397,false,סוללות קודאק זוג AAA,,,סוללות קודאק זוג AAA,יחידה,0.00,יחידה,false,,5.90,0.0000,true,1,120384
887930416473,false,נורות לד קודאק A60 א,,,נורות לד קודאק A60 א,יחידה,0.00,יחידה,false,,11.90,0.0000,true,1,96511
887930416480,false,נורות לד קודאק A60 א,,,נורות לד קודאק A60 א,יחידה,0.00,יחידה,false,,11.90,0.0000,true,1,88705
3014260214692,false,"ג'ילט ג'ל גילוח סירייס רגיש - 200 מ""ל",קריות זול,GB,גילט גל גילוח רגיש ס,,200.00,100 גרם,false,,19.90,0.0995,true,1,28961
3014260228842,false,"ג'ילט קצף גילוח רגיל - 200 מ""ל",מולינו ניקולי s.p.a,GB,גילט קצף גילוח רגיל,,200.00,100 גרם,false,,15.90,0.0795,true,1,28966
3014260240226,false,"ג'ילט קצף גילוח רגיש - 200 מ""ל",פרוקטר אנד גמבל,GB,גילט קצף גילוח לעור,,200.00,100 גרם,false,,15.90,0.0795,true,1,28967
3046920016377,false,שוקולד לינדט אקסלנס,לינדט ושפרונגלי,DE,שוקולד לינדט אקסלנס,,50.00,,false,,16.90,0.3380,true,1,114218
3046920027281,false,שוקולד מריר אקסלנס במילוי קרמל ומלח ים,לינדט ושפרונגלי,FR,שוקולד לינדט אקסלנס,,100.00,,false,,16.90,0.1690,true,1,56622
3046920028004,false,שוקולד מריר אקסלנס 70%,לינדט ושפרונגלי,FR,שוקולד לינדט אקסלנס,,100.00,,false,,16.90,0.1690,true,1,26716
3046920028363,false,שוקולד מריר אקסלנס 85%,לינדט ושפרונגלי,FR,שוקולד לינדט אקסלנס,,100.00,100 גרם,false,,16.90,0.1690,true,1,26717
3046920028721,false,שוקולד מריר אקסלנס 99%,לינדט ושפרונגלי,FR,שוקולד לינדט אקסלנס,,50.00,,false,,16.90,0.3380,true,1,116225
3046920028752,false,לינדט אקסלנס מריר מנ,לינדט ושפרונגלי,FR,שוקולד לינדט אקסלנס,,100.00,,false,,16.90,0.1690,true,1,28348
3046920029674,false,שוקולד מריר אקסלנס עם מלח ים,לינדט ושפרונגלי,DE,שוקולד לינדט אקסלנס,,100.00,100 גרם,false,,16.90,0.1690,true,1,29591
3046920029759,false,שוקולד מריר אקסלנס 90% קקאו,לינדט ושפרונגלי ג'י.,DE,שוקולד לינדט אקסלנס,,100.00,100 גרם,false,,16.90,0.1690,true,1,56621
3059943016507,false,"אירוויק ספריי בניחוח לבנדר וקמומיל 240 מ""ל",איירוויק Air Wick,GB,איירוויק ספריי לבנדר,,240.00,100 גרם,false,,10.90,0.0454,true,1,73511
3073781162790,false,גבינת בייבי בל אדם 1,מחלבות בל,FR,בייבי בל 120 גרם,,120.00,100 גרם,false,,22.90,0.1908,true,1,123267
3161911229199,false,אלוויר חמאה רכה 250ג',אלל אה וויר,FR,אלוויר חמאה רכה 250ג,,250.00,100 גרם,false,,23.90,0.0956,true,1,114873
3178530417340,false,בראוניז שוקולד עוגות,סן מישל,FR,בראוניז שוקולד סן מי,,210.00,100 גרם,false,,17.90,0.0852,true,1,123241
3178530417357,false,בראוניז שוקולד לבן ע,סן מישל,FR,בראוניז שוקולד לבן ס,,210.00,100 גרם,false,,17.90,0.0852,true,1,123242
3335121604934,false,חרדל דיזון שאטל 370,,,חרדל דיזון שאטל 370,,370.00,,false,,10.50,0.0284,true,1,22508
3335121614933,false,חרדל דיזון גרגירים ש,,,חרדל דיזון גרגירים ש,,350.00,100 גרם,false,,12.50,0.0357,true,1,22509
3387390525960,false,קראנץ' Crunch דגנים פריכים עם שוקולד,הנסיך- מפעל לייצור ט,FR,דגני קראנץ' נסטלה 50,,500.00,,false,,27.90,0.0558,true,1,22620
3387390730852,false,פיטנס Fitness קלאסי דגנים מלאים ואורז,נסטלה צרפת איטנקורט,FR,פיטנס דגנים מחיטה מל,,375.00,,false,,24.90,0.0664,true,1,22621
3574661352275,false,"מי פה ליסטרין קידס בטעם פירות יער 250 מ""ל",,,*מבצע* ליסטרין קידס,,250.00,,false,,11.00,0.0440,true,1,116010
3574661401140,false,"מי פה ליסטרין נייטלי ריסט 400 מ""ל",,,"מי פה ליסטרין 400 מ""",,400.00,100 גרם,false,,19.90,0.0497,true,1,96952
3574661487328,false,קרפרי מגני תחתון אורגינל פלוס 56 יח',הדקלאים אגודת שיתופי,IT,קרפרי תחתוניות רגיל,יחידה,0.00,יחידה,false,,15.90,0.0000,true,1,100261
3574661552576,false,קרפרי מגן תחתון רגיל טנגה לבן 56 יח חדש,הדקלאים אגודת שיתופי,GR,קרפרי מגן תחתון רגיל,,56.00,,false,,15.90,0.2839,true,1,113999
3574661552811,false,קרפרי כותון אוורירי 56 יח',הדקלאים אגודת שיתופי,GR,קרפרי תחתוניות כותון,יחידה,0.00,יחידה,false,,15.90,0.0000,true,1,114000
3607345264912,false,"אדידס פיוז'ן ספריי גוף אייס דייב לגברים 150 מ""ל",המאפיה של הרמן,ES,פיוז'ן ספריי גוף איי,,150.00,,false,,14.90,0.0993,true,1,78408
3608580075646,false,קונפיטורת שזיפים בון,,FR,קונפיטורה שזיפים 370,,370.00,,false,,19.90,0.0538,true,1,121150
3608580730255,false,קונפיטורה משמש 370 ג' בוני מאמן,,,קונפיטורה משמש צרפתי,,370.00,100 גרם,false,,19.90,0.0538,true,1,57854
3800016703554,false,עגבניות סבא שרי 580ג,,,עגבניות סבא שרי 580ג,,580.00,,false,,10.90,0.0188,true,1,56717
3800020403631,false,חטיף שוקולד צאנקי חמאת בוטנים 42ג' קיט קט,נסטלה בולגריה A.D.,BG,קיט קט צ'אנקי חמאת ב,,42.00,100 גרם,false,,4.90,0.1167,true,1,49816
3800020423578,false,חטיף שוקולד חלב צאנקי 40 ג' קיט קט,נסטלה Nestle,BG,קיט קאט צאנקי 40 גרם,,40.00,100 גרם,false,,4.90,0.1225,true,1,38292
3800123604072,false,אסורטי סבא בחומץ 580,,,אסורטי סבא בחומץ 580,,580.00,,false,,10.90,0.0188,true,1,56718
3800718504947,false,ספוג סקוטש 10יח,,,ספוג סקוטש 10יח,,10.00,,false,,6.90,0.6900,true,1,37401
4000417022004,false,שוקולד ריטר ספורט צימוק אגוז 100 גרם חלב נוכרי,ריטר ספורט Ritter sport,DE,שוקולד קולד ריטר צימ,,100.00,100 גרם,false,,9.90,0.0990,true,1,26891
4000417025005,false,שוקולד ריטר ספורט מרציפן 100 גרם חלב נוכרי,ריטר ספורט Ritter sport,DE,שוקולד ריטר ספורט מר,,100.00,100 גרם,false,,9.90,0.0990,true,1,26893
4000417211002,false,שוקולד ריטר ספורט מוס קרמל 100 גרם חלב נוכרי,ריטר ספורט Ritter sport,DE,שוקולד ריטר ספורט מו,,100.00,,false,,9.90,0.0990,true,1,81988
4000417212009,false,שוקולד ריטר ספורט מריר תפוז שקד 100 ג' חלב נוכרי,ריטר ספורט Ritter sport,,שוקולד ריטר ספורט מר,,100.00,,false,,9.90,0.0990,true,1,91845
4000417298003,false,שוקולד ריטר ספורט קוקוס 100 גרם חלב נוכרי,ריטר ספורט Ritter sport,DE,שוקולד ריטר ספורט קו,,100.00,100 גרם,false,,9.90,0.0990,true,1,51210
4000522061752,false,בייגלה צ'יו מקלות מלוחים 100 גרם,צ'יו Chio,,בייגלה צ'יו מקלות 10,,100.00,100 גרם,false,,4.90,0.0490,true,1,53667
4000539280740,false,שוקולד לינדט אקסלנס,,,שוקולד לינדט אקסלנס,,100.00,100 גרם,false,,16.90,0.1690,true,1,121845
4000869032569,false,הפי פרש מטהר אוויר 150 ג',רלוי,,הפי פרש מבשם ומטהר א,,150.00,,false,,8.90,0.0593,true,1,32762
4001518003800,false,מקלות פריכים עם פלפל ומלח 125ג' טורינוס,,DE,טורינוס מקלות עם פלפ,,125.00,100 גרם,false,,15.90,0.1272,true,1,121143
4001518106112,false,טורינוס מקלות פריכים עם רוזמרין 125ג',,DE,טורינוס מקלות עם רוז,,125.00,,false,,15.90,0.1272,true,1,121144
4002448017684,false,"סיליט באנג ספריי רב שימושי כתום 750 מ""ל",הדקלאים אגודת שיתופי,PL,סיליט באנג ספריי רב,,750.00,,false,,13.90,0.0185,true,1,28147
4002448019480,false,"סיליט באנג ספריי מסיר שומנים 750 מ""ל",סיליט באנג Cillit Bang,PL,סיליט באנג ספריי מסי,,750.00,,false,,13.90,0.0185,true,1,28148
4002575016253,false,מרציפן מצופה שוקולד,הדקלאים אגודת שיתופי,DE,מרציפן 100גר,,100.00,,false,,10.90,0.1090,true,1,26896
4002590000022,false,סוכריות קלפני פירות יער אוכמניות 150 ג',קלפני Kalfany,DE,סוכריות קלפני פירות,,150.00,100 גרם,false,,11.50,0.0767,true,1,41135
4002590000039,false,סוכריות קלפני הדרים 150 ג',קלפני Kalfany,DE,סוכריות קלפני הדרים,,150.00,,false,,11.50,0.0767,true,1,69644
4002590703541,false,קלפני סוכריות קשות בטעם תות,קלפני Kalfany,DE,סוכריות קלפני תות 15,,150.00,100 גרם,false,,11.50,0.0767,true,1,94178
4004715020755,false,קישוטי עוגה פרינס אנד פרינסס 75 ג',היינץ צפון אמריקה מק,DE,פרינס אנד פרינסס קיש,,75.00,,false,,15.50,0.2067,true,1,29646
4005808293469,false,"ניוואה - דאודורנט ספריי לגבר יבש 150 מ""ל",BEIERSDORF MANUFACTU,DE,ניוואה דאודורנט ספרי,,150.00,,false,,14.90,0.0993,true,1,119134
4005808366392,false,שפתון כחול בליסטר לבלו,טרופיקל דגיל תעשיות,DE,שפתון לבלו כחול בליס,יחידה,0.00,יחידה,false,,10.00,0.0000,true,1,96169
4005808406029,false,"ניוואה - תחליב רחצה סופט 750 מ""ל",,,ניוואה תחליב רחצה סו,,750.00,,false,,14.90,0.0199,true,1,114057
4005808698103,false,ניוואה תחליב גוף משאבה 500מל,בטר אנד דיפרנט,ES,ניוואה תחליב גוף סמו,,500.00,,false,,19.90,0.0398,true,1,116534
4005808850907,false,לבלו הידרו קר בליסטר 5.5מל,,,שפתון לבלו הידרו קר,יחידה,0.00,יחידה,false,,10.00,0.0000,true,1,114064
4005808890576,false,ניוואה סופט שפופרת 75מל,ניוואה Nivea,DE,ניוואה קרם ידיים שפו,יחידה,0.00,יחידה,false,,12.90,0.0000,true,1,114044
4005900036483,false,"ניוואה - דאודורנט ספריי לגבר שקוף בלק וווי 150 מ""ל",בטר אנד דיפרנט,DE,ניוואה דאו ספריי שקו,,150.00,100 גרם,false,,14.90,0.0993,true,1,114049
4005900138842,false,"ניוואה - תחליב רחצה סמוט 750 מ""ל",NIVEA,DE,ניוואה תחליב רחצה סמ,,750.00,,false,,14.90,0.0199,true,1,118320
4005900494924,false,"ניוואה - דאודורנט ספריי לאישה דריי פרש אישה 150 מ""ל",,,ניוואה דאו ספריי דרי,,150.00,,false,,14.90,0.0993,true,1,114054
4005900555915,false,"ניוואה - תחליב רחצה קוקוס וחוחובה 750 מ""ל",ביירסדורף AG,DE,ניוואה תחליב רחצה קו,,750.00,,false,,14.90,0.0199,true,1,114150
4005900633125,false,"ניוואה - דאודורנט ספריי לגבר דיפ אספרסו 150 מ""ל",,,ניוואה מן דאו ספריי,,150.00,,false,,14.90,0.0993,true,1,121171
4005900648181,false,"ניוואה - תחליב רחצה אלוורה 750 מ""ל",ביירסדורף AG,DE,ניוואה תחליב רחצה אל,,750.00,,false,,14.90,0.0199,true,1,118319
4005900730275,false,"ניוואה דאו ספריי לאשה בלק אנד וויט אימפקט 150 מ""ל",,,ניוואה ספריי לאישה ב,,150.00,100 גרם,false,,14.90,0.0993,true,1,122084
4005900841148,false,"ניוואה מן ג'ל גילוח קול קיק פרש 200 מ""ל",,,ניוואה מן ג'ל גילוח,,200.00,100 גרם,false,,19.90,0.0995,true,1,118731
4005900978967,false,לבלו - וניל שפתון לחות מטפח מהדורת נסיכות דיסני,,,לבלו וניל שפתון וניל,יחידה,0.00,יחידה,false,,10.00,0.0000,true,1,122656
4008400230726,false,ביצת שוקולד הפתעה קינדר ענקית 100ג' בנים,קינדר Kinder,BE,קינדר ביצת הפתעה מקס,,100.00,100 גרם,false,,24.90,0.2490,true,1,95994
4009300525684,false,חליטת צמחים ג'ינג'ר לימונית,פומפדור Pompadour,DE,פומפדור חליטות גינגר,יחידה,0.00,יחידה,false,,15.90,0.0000,true,1,48123
4009300526438,false,פומפדור תה ירוק קלאסי 30 ג',"איטיליאן פוד, אס.פי.",DE,פומפדור תה ירוק קלאס,יחידה,0.00,יחידה,false,,18.90,0.0000,true,1,54170
4009300528821,false,תה ירוק ג'ינג'ר קינמון פומפדור 30 ג',פומפדור Pompadour,DE,פומפדור תה ירוק גינג,,30.00,,false,,18.90,0.6300,true,1,100885
4009300528845,false,תה ירוק לימונית דבש פומפדור 30 ג',פומפדור Pompadour,DE,פומפדור תה ירוק לימו,,30.00,100 גרם,false,,18.90,0.6300,true,1,100882
4009300595120,false,חליטת צמחים בטעם ג'ינג'ר מנגו פומפדור 45 ג',TEEKANNE- POMPADOU,DE,פומפדור חליטת צמחים,,30.00,,false,,15.90,0.5300,true,1,115801
4009900385824,false,מסטיק אורביט פפרמינט סטיקס משפחתי-חמישיות,אורביט Orbit,,אורביט סטיקס בטעם פפ,יחידה,0.00,יחידה,false,,10.90,0.0000,true,1,51802
4009900402965,false,מסטיק אורביט וויט בטעם פירות ללא סוכר,ריגלי פולין,PL,אורביט ווייט בקבוקון,,65.00,100 גרם,false,,10.90,0.1677,true,1,49460
4009900403023,false,מסטיק אורביט בקבוקון דאבל white קלאסי 64ג',"ב.א מזון בע""מ",PL,אורביט ווייט בקבוקון,,64.00,100 גרם,false,,10.90,0.1703,true,1,49461
4009900420129,false,מסטיק אורביט פרופשנל פפרמינט בקבוקון 64 גר',מרס נדרלנד,PL,אורביט פרופשיונל פפר,,64.00,100 גרם,false,,10.90,0.1703,true,1,91404
4009900479998,false,מסטיק אורביט בטעם אוכמניות ללא סוכר,ריגלי פולין,PL,אורביט אוכמניות בקבו,יחידה,0.00,יחידה,false,,10.90,0.0000,true,1,54772
4009900482417,false,מסטיק אורביט פירות מנטה בקבוקון באבל מינט 45יח,ריגלי פולין,PL,אורביט באבל מינט בקב,יחידה,0.00,יחידה,false,,10.90,0.0000,true,1,50416
4009900483803,false,מסטיק איירובס מנטה אקליפטוס בקבוקון 60יח',איירוויבס Airwaves,PL,אירוובס בקבוק מנטה א,יחידה,0.00,יחידה,false,,14.50,0.0000,true,1,91938
4009900484091,false,מסטיק אורביט פרופשיונל בטעם מנטה ללא סוכר,אורביט Orbit,,אורביט בקבוק בטעם ספ,,84.00,100 גרם,false,,14.50,0.1726,true,1,51269
4009900487283,false,אורביט ילדים קלאסי סט' משפחתי-חמישיות,אורביט Orbit,,אורביט סטיקס בטעם פי,יחידה,0.00,יחידה,false,,10.90,0.0000,true,1,51803
4009900491044,false,מסטיק איירובס אוכמניות בקבוקון 60יח',איירוויבס Airwaves,PL,אירוובס בקבוק אוכמני,,84.00,100 גרם,false,,14.50,0.1726,true,1,91940
4009900531122,false,"מסטיק בטעם מנטה ספירמינט, 64 ג' פרופשיונל אורפיט",מרס נדרלנד,PL,אורביט פרופשיונל פפר,,64.00,,false,,10.90,0.1703,true,1,91405
4009900532327,false,סוכריות סקיטלס סמודיס בטעמי יוגורט ופירות,סקיטלס Skittles,CZ,סקיטלס סמודיס 38 גרם,,38.00,100 גרם,false,,3.90,0.1026,true,1,91941
4009900536288,false,מסטיק אורביט רפרשרס פפרמינט בקבוקון ללא סוכר 67 גר',מרס ריגלי קונפקשונרי,PL,אורביט רפרשרס פפרמינ,,67.00,100 גרם,false,,12.90,0.1925,true,1,117561
4009900539685,false,"מסטיק פייב באונס בטעם מנטה בקבוקון, 61.8 גרם",ריגלי בעמ רוסיה,PL,מסטיק פייב באונס בטע,,61.80,,false,,12.90,0.2087,true,1,122093
4009900539746,false,"מסטיק פייב באונס בטעם אבטיח בקבוקון, 61.8 גרם",ריגלי בעמ רוסיה,PL,מסטיק פייב באונס בטע,,61.80,,false,,12.90,0.2087,true,1,122095
4009900540551,false,מסטיק אורביט רפרשרס טרופיקל בקבוקון ללא סוכר,מרס פולין,PL,אורביט רפרשרס טרופיק,,67.00,,false,,12.90,0.1925,true,1,120548
4011800528416,false,חטיף דגנים עם בוטנים מתוק מלוח,קורני Corny,,קורני בייס סויט&סול,,150.00,,false,,13.90,0.0927,true,1,116127
4011800567613,false,חטיף קורני מילק Corny milk שחור לבן,מיוצר עי קונדיטוריית,DE,קורני סנדביץ שחור לב,,120.00,,false,,13.90,0.1158,true,1,53396
4011800630515,false,חטיף דגנים עם שוקולד חלב ובננה,מיוצר עי קונדיטוריית,DE,קורני חטיף דגנים עם,,150.00,,false,,13.90,0.0927,true,1,52617
4011800632519,false,חטיף דגנים עם שוקולד חלב וקוקוס,מיוצר עי קונדיטוריית,DE,קורני חטיף דגנים עם,,150.00,100 גרם,false,,13.90,0.0927,true,1,52619
4011800633516,false,חטיף דגנים עם שוקולד מריר מעולה,שוורטאוור וורקה,DE,קורני חטיף דגנים עם,,150.00,,false,,13.90,0.0927,true,1,52620
4011800635510,false,חטיף קורני Corny Free עם אגוזי לוז ללא תוספת סוכר,קורני Corny,DE,קורני פרי חטיף דגנים,,120.00,,false,,13.90,0.1158,true,1,52621
4011800636517,false,חטיף קורני Corny Free עם שוקולד חלב,מיוצר עי קונדיטוריית,DE,קורני פרי חטיף דגנים,,120.00,100 גרם,false,,13.90,0.1158,true,1,52622
4012273123009,false,"קרם ידיים ניטרוגינה 50 מ""ל",גונסון אנד גונסון,FR,ניוטרוג'ינה קרם ידי,,50.00,,false,,19.90,0.3980,true,1,122951
4014400901191,false,בונבונירה מרסי קלאסי 250 גרם חלב נוכרי,אוגוסט שטורק,DE,*מבצע* בונבונירה מרס,,250.00,100 גרם,false,,23.90,0.0956,true,1,21951
4014400903409,false,בונבוניירה טופיפי שוקולד 250 ג',קריניציה ויטמינה אס,DE,*מבצע* טופיפי בונבונ,,250.00,100 גרם,false,,23.90,0.0956,true,1,21953
4014400904307,false,סוכריות קליפורניה בטעמי פירות,קריניציה ויטמינה אס,DE,סוכריות קליפרניה 425,,425.00,100 גרם,false,,19.90,0.0468,true,1,41150
4014400904376,false,סוכריות טופי שוקולדן שטורק 325 ג',קריניציה ויטמינה אס,DE,סוכריות שוקולדן 325ג,,325.00,100 גרם,false,,19.90,0.0612,true,1,26906
4014400910063,false,סוכריות וורטר טופי חמאה 135ג',אוגוסט שטורק,DE,סוכריות וורטר שקית 1,,135.00,,false,,10.90,0.0807,true,1,26912
4014400914696,false,וורטר אורגינל סוכריות ללא סוכר 80 ג',אוגוסט שטורק,DE,סוכריות וורטר ללא סו,,80.00,100 גרם,false,,10.90,0.1363,true,1,26919
4014400920857,false,סוכריות וורטר Werther's בטעם שוקולד ללא סוכר,קריניציה ויטמינה אס,DE,סוכריות וורטר בטעם ש,,70.00,,false,,10.90,0.1557,true,1,55823
4014400923711,false,טופיפי 125 גר' - חלב נוכרי,אוגוסט שטורק,DE,טופיפי 125גרם,,125.00,100 גרם,false,,13.90,0.1112,true,1,83877
4014400925319,false,סוכריות וורטר פופקורן קרמל 140 גר',וורטרס Werther's,DE,פופקורן קרמל וורטרס,,140.00,100 גרם,false,,15.90,0.1136,true,1,116207
4014600202623,false,רגולדס -סוכריות בפח בטעם דובדבן 150 ג',RAGOLDS GMBH,,סוכריות בפח בטעם דוב,,150.00,,false,,9.90,0.0660,true,1,84486
4015000031394,false,"ספטיל - משחה להסרת כתמים 200 מ""ל",קריות זול,IL,ספטיל מסיר כתמים 200,,200.00,100 גרם,false,,18.90,0.0945,true,1,26463
4015400731719,false,תחבושות היגייניות אולוויז יום ולילה Day & Night,פרוקטר אנד גמבל,UA,אולוויז תחבושות דואו,יחידה,0.00,יחידה,false,,19.90,0.0000,true,1,59727
4015600762940,false,שמפו יומיומי למניעת קשקשים בניחוח תפוח,פרוקטר אנד גמבל,RO,הד&שולדרס שמפו תפוח,,500.00,,false,,22.90,0.0458,true,1,50491
4015600763022,false,שמפו יומיומי למניעת קשקשים לשיער יבש/פגום לשיער רך כמשי,פרוקטר אנד גמבל,RO,הד&שולדרס שמפו מגע מ,,500.00,,false,,22.90,0.0458,true,1,50493
4017100160110,false,בלזן גלילי וופל במילוי קרם בטעם שוקולד 75 גר',באלזן Bahlsen,,בלזן וופל שוקולד קרמ,,100.00,100 גרם,false,,8.90,0.0890,true,1,105888
4017100198151,false,עוגיות היט Hit קקאו במילוי קרם וניל,הדקלאים אגודת שיתופי,PL,בלזן עוגיות סנדוויץ,,220.00,,false,,9.90,0.0450,true,1,55838
4017100364112,false,עוגיות היט Hit במילוי קרם בטעם שוקולד,הדקלאים אגודת שיתופי,PL,בלזן עוגיות סנדוויץ,,220.00,,false,,9.90,0.0450,true,1,55592
4017100366239,false,עוגיות ביסקוויט סנדוויץ ממולא קרם בטעם שוקולד,ליבניץ Leibniz,,בלזן ליבניץ אנד קרים,,190.00,,false,,8.90,0.0468,true,1,97031
4022025001905,false,יין בלו ווין מבעבע זהב כשר 750 מל,היי סישל סוהן טראבן,DE,בלו וויין מבעבע זהב,,750.00,100 גרם,false,,59.90,0.0799,true,1,118612
4025700001962,false,שוקולד מילקה לבן 100 גר',פי אר ג'יי אס סי מונ,UA,מילקה שוקולד לבן 100,,100.00,100 גרם,false,,8.90,0.0890,true,1,122216
4064666232416,false,"וולה - פלקס מוס לעיצוב אולטרה גמיש 200 מ""ל",,,וולה פלקס מוס לעיצוב,,200.00,100 גרם,false,,26.90,0.1345,true,1,122343
4066600601920,false,"בירה פאולנר פחית 500 מ""ל",פאולנר Paulaner,,בירה פאולנר פחית 500,,500.00,100 גרם,false,,13.90,0.0278,true,1,116994
4066600999614,false,"בירה פאולנר 500 מ""ל בקבוק",מבשלת פאולנר,DE,בירה פאולנר 500מל,,500.00,100 גרם,false,,13.90,0.0278,true,1,85423
4084500088917,false,"נוזל כלים פיירי לימון 650 מ""ל",פרוקטר אנד גמבל,GB,פיירי נוזל לכלים צהו,,650.00,,false,,11.90,0.0183,true,1,54461
4084500149526,false,טייד נוזל כביסה 2.48 ליטר,פרוקטר אנד גמבל,FR,טייד גל כביסה 2.48לי,ליטרים,2.48,ליטר,false,,34.90,14.0726,true,1,53646
4084500853898,false,סבון כלים אלוורה ומלפפונים,פרוקטר אנד גמבל,GB,פיירי לכלים אלוורה ו,,515.00,,false,,11.90,0.0231,true,1,119605
4210201262183,false,מברשת שיניים חשמלית ויטליטי Vitality נטענת,פרוקטר & גמבל,DE,אורל בי מברשת חשמלית,יחידה,0.00,יחידה,false,,79.90,0.0000,true,1,114435
4260147890513,false,אטריות ביצים דקות ורמיצ'לי 500ג',דין שיווק,PL,אטריות ורמיצ'לי ביצי,,500.00,100 גרם,false,,9.90,0.0198,true,1,73933
4260147890537,false,אטריות ביצים רחבות 500גר,דין שיווק,PL,אטריות ביצים ברצועות,,500.00,,false,,9.90,0.0198,true,1,73934
4260147890551,false,איטריות ביצים רצועות,דין שיווק,PL,אטריות ביצים רצועות,,500.00,,false,,9.90,0.0198,true,1,73935
4605561011975,false,חתיכות פילה הרינג בשמן 150 גר RS,,,חתיכות פילה הרינג בש,,150.00,100 גרם,false,,9.90,0.0660,true,1,115729
4606260007948,false,תערובת תיבול פלפל שח,,,תערובת תיבול פלפל שח,,40.00,,false,,10.00,0.2500,true,1,100801
4640018993398,false,קפסולות ג'יל רגיל קואנטום 60 יח' פיניש,רקיט בנקיזר,PL,פיניש קוואנטום 60 קפ,,60.00,,false,,55.90,0.9317,true,1,115810
4710068001692,false,"מאסטר קפה לאטה פחית 240מ""ל",תאיט מרקטינג אנד דיס,,מאסטר קפה לאטה 240 מ,,240.00,100 גרם,false,,8.60,0.0358,true,1,54354
4710068001715,false,"מאסטר קפה טרמיסו 240 מ""ל",יוני פרזינדנט אנטרפר,,מאסטר קפה טרמיסו 240,,240.00,100 גרם,false,,8.60,0.0358,true,1,54355
4710068001739,false,"מאסטר קפה קולומביאני 240 מ""ל",יוני פרזינדנט אנטרפר,,מאסטר קפה קולומביאני,,240.00,,false,,8.60,0.0358,true,1,54356
4710964170799,false,שומשום שחור קלוי 91 גרם,פלייבור פול פודס טיי,TH,שומשום שחור קלוי 91ג,,91.00,,false,,17.90,0.1967,true,1,43593
4751007738101,false,סלט סלמון עם ירקות איטלקי 220 ג' לארסן,,,לרסן סלט סלמון איטלק,,220.00,100 גרם,false,,13.90,0.0632,true,1,122506
4751007739917,false,סלמון ברובמיץ טבעי 1,,,סלמון ברובמיץ טבעי 1,,185.00,,false,,10.90,0.0589,true,1,121579
4779021230630,false,שוקולד אקסקלוסיב מרי,,,שוקולד אקסקלוסיב מרי,,100.00,100 גרם,false,,9.90,0.0990,true,1,96983
4810168057510,false,חתיכות פילה דג הרינג מתובל מלוח בשמן 400 גר,,,חתיכות פילה דג הרינג,,400.00,100 גרם,false,,29.90,0.0747,true,1,120203
4823077630057,false,חמאה רושן 200 גרם 82,,,חמאה רושן 200 גרם 82,,200.00,100 גרם,false,,10.90,0.0545,true,1,117588
4903001904192,false,"רוטב סויה יאמסה פרימיום 500 מ""ל",הדקלאים אגודת שיתופי,JP,רוטב סויה יאמסה 500מ,,500.00,,false,,19.90,0.0398,true,1,43023
4903001925784,false,סויה יאמאסה 500 מל דל נתרן,הדקלאים אגודת שיתופי,JP,רוטב סויה יאמסה מופח,,500.00,,false,,19.90,0.0398,true,1,94183
5000127533196,false,"קלוגס ווראייטי, 191 גרם",חברת קלוגס בריטניה,GB,קלוגס מנות אישיות וו,,191.00,100 גרם,false,,24.90,0.1304,true,1,90873
5000146057710,false,ספריי רב שימושי לחלונות ומשטחים ווינדולין Windolene,רקיט בנקיזר,PL,וינדולין ספריי לחלונ,,750.00,,false,,8.90,0.0119,true,1,28153
5000146401568,false,וולייט דפים למניעת העברת צבע 10 דפים,ווליט Woolite,IT,ווליט לכביסה שומרי צ,יחידה,0.00,יחידה,false,,17.90,0.0000,true,1,28158
5000157143365,false,מתבל בטעם מיונז וקטשופ היינץ 425 ג',היינץ Heinz,PL,מתבל בטעם מיונז וקטש,,425.00,,false,,14.90,0.0351,true,1,105911
5000159376655,false,סוכריות סקיטלס 38 גר פירות 38 גרם,ריגלי ממתקים,,סקיטלס פירות 38גר,,38.00,100 גרם,false,,3.90,0.1026,true,1,52407
5000159376792,false,סוכריות סקיטלס Skittles פירות חמוצים,ריגלי ממתקים,,סקיטלס חמוץ 38גר,,38.00,100 גרם,false,,3.90,0.1026,true,1,52408
5000189974579,false,מארז מיני חטיפי קיט קט Kit Kat,נסטלה Nestle,,קיט קט מיני 200 גרם,,200.00,100 גרם,false,,10.90,0.0545,true,1,90061
5000204151022,false,"פלדג' אירוסול לניקוי רהיטים לבנדר 250 מ""ל",,,פלדג' אירוסול לניקוי,,250.00,100 גרם,false,,17.90,0.0716,true,1,113959
5000204156218,false,"גלייד מארז אוטומטי לבנדר וניל 269 מ""ל",יצרן אירוסול: קוסטור,TR,גלייד מטהר אויר אוטו,,269.00,,false,,39.90,0.1483,true,1,115558
5000204657883,false,"קיווי מ. נעלים קופסא חום 50מ""ל",ג' אל ראיה בוגור ג'א,ID,קיווי משחת נעליים בק,יחידה,0.00,יחידה,false,,8.90,0.0000,true,1,49101
5000204657913,false,"קיווי משחת נעליים שחור קטן 50מ""ל",ג' אל ראיה בוגור,ID,קיווי משחת נעליים בק,יחידה,0.00,יחידה,false,,8.90,0.0000,true,1,49102
5000204658187,false,"קיווי נוזל נעליים שחור 75מ""ל-חדש",אס' סי' ג'ונסון במה,PL,קיווי נוזל נעליים שח,יחידה,0.00,יחידה,false,,19.90,0.0000,true,1,49104
5000204886566,false,"תרסיס מנקה, מזין ומגן על העץ עם שמן תפוז טבעי",Jonson ג'ונסון,US,פלדג' שמן לרהיטים 47,,475.00,100 גרם,false,,34.90,0.0735,true,1,23621
5000267014234,false,וויסקי ג'וני ווקר רד לייבל Red label,ג'וני ווקר Johnnie walker,,וויסקי ג'וני ווקר רד,,700.00,100 גרם,false,,89.90,0.1284,true,1,34546
5000267024202,false,"וויסקי ג'וני בלאק לייבל עם פורר 700מ""ל",אלכוהול (איי.בי.בי),,*מבצע* וויסקי גוני ו,,700.00,,false,,119.90,0.1713,true,1,53310
5000267117560,false,ויסקי גולד לייבל רזר,,,*מבצע* וויסקי גוני ו,,750.00,100 גרם,false,,189.90,0.2532,true,1,96797
5000394142190,false,סוללות דורסל 9V פלוס,דורסל Duracell,,סוללות דורסל 9V פלוס,יחידה,0.00,יחידה,false,,22.90,0.0000,true,1,122044
5010182997918,false,"טואלט דאק ג'ל אסלה בניחוח ים 55 מ""ל","איטיליאן פוד, אס.פי.",IT,טואלט דאק ג'ל אסלה ב,,55.00,100 גרם,false,,9.90,0.1800,true,1,23631
5010182998847,false,"טואלט דאק נוזל לאסלה כחול 750 מ""ל",מיוצר עי קונדיטוריית,NL,טואלט דאק נוזל לאסלה,,750.00,100 גרם,false,,9.90,0.0132,true,1,23632
5010182998861,false,"טואלט דאק נוזל לאסלה ירוק 750 מ""ל",מיוצר עי קונדיטוריית,NL,טואלט דאק נוזל לאסלה,,750.00,100 גרם,false,,9.90,0.0132,true,1,23633
5010327000046,false,וויסקי גרנט'ס סקוטי,"איי, בי, אינבוו",,וויסקי גרנטס 700מל,,700.00,100 גרם,false,,99.90,0.1427,true,1,33410
5010677850100,false,וודקה גריי גוס בקבוק,בקרדי מרטיני,FR,וודקה גריי גוס 700 מ,,700.00,100 גרם,false,,129.90,0.1856,true,1,92110
5011157730271,false,אורז יסמין לבן ארוך טילדה,טילדה Tilda,,טילדה אורז יסמין 1 ק,,1000.00,,false,,19.90,0.0199,true,1,122297
5014271330426,false,מעדן פרי אוכמניות כחולות,סנדלפור St.dalfour,FR,מעדן אוכמניות 284 גר,,284.00,,false,,22.90,0.0806,true,1,61411
5014271350424,false,מעדן סנט דלפור 4 פירות 284ג',המאפיה של הרמן,FR,מעדן ארבעה פירות ח 2,,284.00,100 גרם,false,,22.90,0.0806,true,1,89117
5014271360423,false,סן דלפו מעדן תפוז ללא סוכר 284 ג',המאפיה של הרמן,FR,מעדן תפוז 284 גר',,284.00,100 גרם,false,,22.90,0.0806,true,1,89114
5014271400426,false,סן דלפו מעדן תות שדה ללא סוכר 284 ג',המאפיה של הרמן,FR,מעדן תות 284 גר',,284.00,,false,,22.90,0.0806,true,1,89118
5029053002408,false,נייר טואלט קלינקס פרימיום לבן - מארז 9 גלילים,קימברלי קלארק ישראל,IL,קלינקס נייר טואלט לב,,1184.00,100 גרם,false,,42.90,0.0362,true,1,24135
5029053002439,false,נייר טואלט קלינקס פרימיום צהוב - מארז 9 גלילים,חוגלה קימברלי,,קלינקס נייר טואולט צ,,1184.00,,false,,42.90,0.0362,true,1,24136
5029053039725,false,קופסת ממחטות נטורל פרש 72 דף קלינקס,עלבד,,קלינקס נטורל פרש טיש,,72.00,,false,,13.90,0.1931,true,1,119248
5029053510811,false,קוטקס - תחבושות אולטרה נורמל + כנפיים 30 יח',קימברלי קלארק,,קוטקס תחבושות אולטרה,,28.00,,false,,19.90,0.7107,true,1,24138
5029053510828,false,קוטקס - תחבושות אולטרה סופר + כנפיים 22 יח',קימברלי קלארק,,קוטקס תחבושות אולטרה,,24.00,,false,,19.90,0.8292,true,1,24139
5029053535227,false,קוטקס טמפון עם מוליך נורמל 16 יח',KC Czech,,קוטקס טמפון+מוליך נו,יחידה,0.00,יחידה,false,,27.90,0.0000,true,1,43082
5035766044673,false,"סיידר תפוחים סטרונגבאו 330 מ""ל בקבוק",סטרונגבאו Strongbow,BE,סיידר תפוחים סטרונגב,,330.00,100 גרם,false,,8.50,0.0258,true,1,55776
5035766060253,false,מרפיס אייריש סטאוט פ,מרפיס Murphys,,בירה מרפיס איריש סטא,,500.00,,false,,15.90,0.0318,true,1,34520
5050083559761,false,קלוגס קוקו פופס שוקוס 500 גרם.,קלוגס מניופקטורינג א,ES,*מבצע* דגני קלוגס קו,,500.00,100 גרם,false,,18.90,0.0378,true,1,44138
5053827193368,false,קלוגס אול בראון פלקס 500ג',קלוגס Kellogg's,,דגני אול ברנפלקס 500,,500.00,100 גרם,false,,25.90,0.0518,true,1,90874
5060517886486,false,"משקה אנרגיה מונסטר פח 500 מ""ל",מונסטר אנרג'י Monster Energy,RU,מונסטר אנרגי פח 500מ,,500.00,100 גרם,false,,7.90,0.0158,true,1,105960
5060517886516,false,"משקה אנרגיה מונסטר זירו פח 500 מ""ל",מונסטר אנרג'י Monster Energy,RU,מונסטר אנרגי זירו פח,,500.00,100 גרם,false,,7.90,0.0158,true,1,105961
5060639128051,false,"משקה אנרגיה מונסטר אולטרה פחית 500 מ""ל",מונסטר אנרג'י Monster Energy,RS,מונסטר אולטרה פחית 5,,500.00,100 גרם,false,,7.90,0.0158,true,1,114412
5060639129102,false,"משקה אנרגיה מונסטר מנגו פח 500 מ""ל",מונסטר אנרג'י Monster Energy,RS,מונסטר אנרגי פח 500,,500.00,,false,,7.90,0.0158,true,1,116636
5060751218173,false,"משקה אנרגיה מונסטר Pipline punch פח 500 מ""ל",Monster energy סרביה,IE,מונסטר פונצ פח 500מל,,500.00,100 גרם,false,,7.90,0.0158,true,1,121086
5060751219033,false,"משקה אנרגיה מונסטר ULTRA PARADISE פח 500 מ""ל",Monster energy סרביה,IE,מונסטר אולטרה פרדייס,,500.00,,false,,7.90,0.0158,true,1,121459
5099873017623,false,"גק דניאלס טנסי אפל 700 מ""ל",ג'ק דניאלס Jack Daniel's,BE,וויסקי ג'ק דניאלס טנ,,700.00,100 גרם,false,,119.90,0.1713,true,1,116929
5201583750411,false,זירו סוכריות ללא סוכר לימון סטיביה,Unknown,GR,סוכריות לימון זירו 3,,32.00,,false,,6.90,0.2156,true,1,118880
5201583751111,false,זירו סוכריות ללא סוכר אספרסו,,,סוכריות אספרסו קרמי,,32.00,,false,,6.90,0.2156,true,1,118883
5201583751418,false,זירו סוכריות ללא סוכר אייס סטיביה,Unknown,GR,סוכריות אייס בלו זיר,,32.00,,false,,6.90,0.2156,true,1,118884
5201583752118,false,זירו סוכריות ללא סוכר חמאה במילוי שוקולד,Unknown,GR,סוכריות חמאה במילוי,,36.00,,false,,6.90,0.1917,true,1,118881
5201583752415,false,זירו סוכריות ללא סוכר תפוז במילוי שוקולד,,,סוכריות תפוז במילוי,,36.00,,false,,6.90,0.1917,true,1,118886
5201940010110,false,זיתים שחורים מזן קלמטה בפח 454 ג',סיוארס אס.איי,GR,זית קלמטה ויליפוד 45,,454.00,,false,,19.90,0.0438,true,1,41192
5202300014496,false,ספריי לשיער חזק במיוחד וולה פלקס Wella flex,פרוקטר אנד גמבל,DE,וולפלקס ספריי אקסטרה,,250.00,,false,,29.90,0.1196,true,1,84678
5206759020701,false,סוכריות ג'לי פירות אקזוטי 700 גר',,,סוכריות ג'לי אקזוטי,,700.00,,false,,15.90,0.0227,true,1,57074
5400265032993,false,נשיקות מרנג לבן המלט,,,נשיקות מרנג לבן המלט,,100.00,,false,,11.90,0.1190,true,1,55900
5400265033006,false,נשיקות מרנג צבעוני ה,,,נשיקות מרנג צבעוני ה,,100.00,,false,,11.90,0.1190,true,1,55897
5410126006360,false,לוטוס עוגיות סנדוויץ' במילוי לוטוס 150 גר',לוטוס ביקרי בלגיה נ.,BE,לוטוס עוגיות סנדוויץ,,150.00,100 גרם,false,,10.90,0.0727,true,1,122136
5410126006377,false,לוטוס עוגיות סנדוויץ במילוי וניל 150 גרם,לוטוס ביקרי בלגיה נ.,BE,לוטוס עוגיות סנדוויץ,,150.00,,false,,10.90,0.0727,true,1,122137
5410126106022,false,לוטוס מארז חגים 250X2 גר',לוטוס בייקרי,BE,לוטוס מארז חגים 2*25,,500.00,,false,,18.90,0.0378,true,1,122173
5410126116953,false,ממרח עוגיות קרמל 400 ג' לוטוס,לוטוס בייקרי בלגיה נ,BE,ממרח ביסקוויט לוטוס,,400.00,100 גרם,false,,23.90,0.0597,true,1,49023
5410126726947,false,ממרח עוגיות לוטוס קראנץ' 380 גרם,לוטוס בייקרי בלגיה נ,BE,ממרח עוגיות לוטוס קר,,380.00,100 גרם,false,,23.90,0.0629,true,1,53601
5410228267515,false,בירה באדוויזר שישייה,באדווייזר Budweiser,,בירה באדוויזר שישייה,,1980.00,,false,,29.90,0.0151,true,1,106279
5410291021991,false,ממרח אגוזי לוז עם קקאו,צ'וקטה Chocketa,,ממרח אגוזי לוז עם קק,,700.00,,false,,19.90,0.0284,true,1,82129
5410291022011,false,ממרח אגוזי לוז עם קקאו 350 גרם חלב נכרי,צ'וקטה Chocketa,,ממרח אגוזי לוז קקאו,,350.00,,false,,13.90,0.0397,true,1,59709
5410316983693,false,"אייס סמירנוף בודד 275 מ""ל",סמירנוף אייס Smirnoff ice,IT,סמירנוף אייס בודד 27,,275.00,100 גרם,false,,13.90,0.0505,true,1,52068
5410316994019,false,וודקה סמירנוף אדום ב,דיאג'ו אופריישנס איט,US,וודקה סמירנוף אדום 7,,700.00,,false,,59.90,0.0856,true,1,50087
5410769800097,false,בירה צרי שוף 8% בקבו,פארייפאבה אגרואינדוס,BE,"בירה צ'רי שוף 330 מ""",,330.00,,false,,14.90,0.0452,true,1,97063
5411188096108,false,"אלפרו סויה לבישול ואפייה 250 מ""ל",אלפרו C.V.A,BE,אלפרו סויה לבישול 4.,,250.00,100 גרם,false,,12.90,0.0516,true,1,25518
5411188110835,false,אלפרו חלב סויה שקדים וניל 1ל',הנסיך- מפעל לייצור ט,BE,אלפרו משקה משקה שקדי,,1000.00,100 גרם,false,,15.90,0.0159,true,1,50162
5411188112709,false,משקה אלפרו שקדים ללא סוכר 1 ליטר,הנסיך- מפעל לייצור ט,BE,אלפרו משקה שקדים ללא,,1000.00,100 גרם,false,,15.90,0.0159,true,1,57261
5411188115366,false,אלפרו משקה שיבולת שועל 1 ליטר,הנסיך- מפעל לייצור ט,BE,אלפרו משקה שיבולת שו,,1000.00,100 גרם,false,,16.90,0.0169,true,1,57262
5411188115472,false,אלפרו משקה סויה 1 ליטר,הנסיך- מפעל לייצור ט,BE,אלפרו משקה סויה 1 לי,,1000.00,100 גרם,false,,15.90,0.0159,true,1,115643
5411188124689,false,משקה שיבולת שועל ללא סוכר 1ל' אלפרו,אלפרו Alpro,BE,אלפרו משקה שיבולת שו,,1000.00,100 גרם,false,,16.90,0.0169,true,1,115986
5411188134985,false,אלפרו 3.5% NOT M*LK שיבולת שועל 1 ליטר בית יוסף,הנסיך- מפעל לייצור ט,BE,אלפרו נוט מילק 3.5%,,1000.00,100 גרם,false,,16.90,0.0169,true,1,119566
5411188135005,false,אלפרו 1.8% NOT M*LK שיבולת שועל 1 ליטר בית יוסף,הנסיך- מפעל לייצור ט,BE,אלפרו נוט מילק 1.8%,,1000.00,100 גרם,false,,16.90,0.0169,true,1,119567
5411188513483,false,"אלפרו סויה לבישול 14% שומן 250 מ""ל",אלפרו C.V.A,BE,אלפרו סויה לבישול 14,,250.00,,false,,11.70,0.0468,true,1,122253
5411188543398,false,משקה סויה ללא סוכר 1 ל' אלפרו,הנסיך- מפעל לייצור ט,BE,אלפרו משקה סויה ללא,,1000.00,100 גרם,false,,15.90,0.0159,true,1,115644
5411616133245,false,בירה מרטנס לאגר פחית,מבשלת מרטנס,BE,בירה מרטנס ירוק פחית,,500.00,,false,,6.90,0.0138,true,1,82214
5411616148546,false,בירה מרטנס גולד פחית,מבשחת מרטנס,BE,בירה מרטינס גולד פחי,,500.00,100 גרם,false,,6.90,0.0138,true,1,82217
5412514555559,false,עלי טורטייה מקסיקאית,,,עלי טורטייה מקסיקאית,,320.00,,false,,20.90,0.0653,true,1,22522
5413149655522,false,"אבקת כביסה שושן צחור 1.25 ק""ג אריאל",פרוקטר אנד גמבל,,איראל אבקת כביסה שוש,קילוגרמים,1.25,"ק""ג",false,,19.90,15.9200,true,1,29060
5413548280189,false,קינדר שוקובון 125 גרם,פררו,BE,קינדר שוקובון 125גר,,125.00,,false,,14.90,0.1192,true,1,26923
5601008200444,false,עוגיות גודיס מרבה טבעת מצופה שוקו' חלב 150ג',הנסיך- מפעל לייצור ט,PT,עוגיות טבעת גודיס מצ,,150.00,100 גרם,false,,9.90,0.0660,true,1,44833
5601008200468,false,עוגיות מרבה גודיס טבעת מצופה שוקו' לבן 150ג',קריניציה ויטמינה אס,PT,עוגיות טבעת גודיס מצ,,150.00,100 גרם,false,,9.90,0.0660,true,1,44835
5701932026964,false,פופקורן להכנה במיקרוגל בטעם טבעי 6 שקיות,הוט פופ Hot pop,US,הוטפופ פופקורן בתוספ,,600.00,100 גרם,false,,17.90,0.0298,true,1,21955
5701932026971,false,פופקורן להכנה במיקרוגל בטעם חמאה 6 שקיות,הוט פופ Hot pop,US,הוטפופ פופקורן בטעם,,600.00,,false,,17.90,0.0298,true,1,21956
5711953106583,false,גבינת שמנת בטעם טבעי 200 גרם ארלה,ארלה פודס אמבה,DK,גבינת שמנת טבעי ארלה,,200.00,,false,,16.90,0.0845,true,1,100121
5711953106590,false,גבינת שמנת עם שום 200 גרם ארלה,ארלה פודס אמבה,DK,גבינת שמנת שום ארלה,,200.00,,false,,16.90,0.0845,true,1,100122
5740900403215,false,ממרח לורפק חמאה עם מלח 250 ג',לורפאק Lurpak,,לורפק ממרח עם מלח 25,,250.00,,false,,19.90,0.0796,true,1,90888
5740900403222,false,ממרח לורפק חמאה עם מלח מופחת שומן 250 ג,לורפאק Lurpak,,לורפק ממרח עם מלח מו,,250.00,,false,,19.90,0.0796,true,1,90889
5740900403239,false,ממרח לורפק חמאה בלי מלח 250 ג',לורפאק Lurpak,,לורפק ממרח ללא מלח 2,,250.00,,false,,19.90,0.0796,true,1,90892
5740900403246,false,ממרח לורפק חמאה בלי מלח 500 ג',לורפאק Lurpak,,לורפק ממרח ללא מלח 5,,500.00,,false,,34.90,0.0698,true,1,90890
5740900403253,false,ממרח לורפק חמאה עם מלח 500 ג',לורפאק Lurpak,,לורפק ממרח עם מלח 50,,500.00,,false,,34.90,0.0698,true,1,90891
5740900403260,false,ממרח מחמאת לורפק ללא מלח 27% פחות שומן,ארלה פודס אמבה,DK,לורפק ממרח עם מלח מו,,250.00,,false,,19.90,0.0796,true,1,90893
5900017062419,false,"ניוואה - תחליב רחצה ורדים ושמן שקדים 750 מ""ל",,,ניוואה תחליב רחצה ור,,750.00,100 גרם,false,,14.90,0.0199,true,1,117788
5900020012814,false,דגני בוקר בטעם שוקולד נסקוויק Nesquik,מיוצר עי קונדיטוריית,PL,דגני בוקר נסקוויק נס,,500.00,,false,,27.90,0.0558,true,1,22623
5900020015174,false,חטיף דגנים פיטנס Fitness עם שוקולד מריר,מיוצר עי קונדיטוריית,PL,פיטנס חטיף דגנים שוק,,141.00,100 גרם,false,,17.50,0.1241,true,1,22624
5900020026552,false,דגני בוקר האני נאט צ'יריוס בטעם דבש ושקדים,נסטלה צרפת איטנקורט,FR,צ׳יריוס האני נאט נסט,,625.00,,false,,27.90,0.0446,true,1,59477
5900020029669,false,פיטנס - חטיף דגנים פירות יער 23.50 גרם * 6,נסטלה פולין דגני בוק,,פיטנס חטיף דגני פירו,,141.00,,false,,17.90,0.1270,true,1,86757
5900020036407,false,דגני בוקר ליון Lion בטעם שוקולד וקרמל,נסטלה פולין דגני בוק,,ליון שוקולד קרמל נסט,,480.00,100 גרם,false,,27.90,0.0581,true,1,114013
5900020039590,false,פיטנס חטיף דגנים קלאסי פרווה 6 יח',נסטלה פולין דגני בוק,IL,פיטנס חטיף דגנים קלא,,141.00,100 גרם,false,,17.90,0.1270,true,1,118236
5900020039620,false,פיטנס חטיף דגנים שקדים ודבש פרווה,נסטלה פולין ברים,IL,פיטנס חטיף דגנים שק,,141.00,,false,,17.90,0.1270,true,1,118237
5900020041371,false,פיטנס מארז חטף שוקולד מריר 8*23.5 גרם,נסטלה פולין ברים,PL,פיטנס חטיף שוקולד מר,,141.00,100 גרם,false,,17.50,0.1241,true,1,122152
5900627063233,false,טבליות למדיח AIO 50 יח פיניש,רקיט בנקיזר,PL,פיניש טבליות למדיח 5,,50.00,,false,,35.90,0.7180,true,1,81700
5902198160403,false,"משקה אנרגיה XL TEN פחית לל""ס 250מ""ל","טמפו משקאות בע""מ",IL,אקסל משקה אנרגיה טן,,250.00,,false,,5.00,0.0200,true,1,85349
5906485301012,false,"משקה אנרגיה XL פחית 250 מ""ל","טמפו משקאות בע""מ",IL,אקסל משקה אנרגיה 250,,250.00,,false,,5.00,0.0200,true,1,22336
5906485301258,false,אקס אל קרנברי פחית 250מל,טמפו,,אקסל משקה אנרגיה חמו,,250.00,,false,,5.00,0.0200,true,1,60684
5941021000899,false,טבלת שוקולד מריר אגוז היידי גראנדור 100 ג',,,שוקולד היידי גראנדור,,100.00,,false,,10.90,0.1090,true,1,50512
5941021001247,false,טבלת שוקולד בטעם קפה היידי גראנדור 80 ג',,,שוקולד היידי גראנדור,,80.00,,false,,10.90,0.1363,true,1,53930
5941021001261,false,טבלת שוקולד היידי גראנדור 75% 80 ג',,,שוקולד היידי גראנדור,,80.00,100 גרם,false,,10.90,0.1363,true,1,49754
5941021005139,false,טבלת שוקולד חלב שקד היידי גראנדור 100 ג',,,שוקולד היידי שוקולד,,100.00,,false,,10.90,0.1090,true,1,49756
5941021016401,false,טבלת שוקולד מריר שקד היידי גראנדור 100 ג',,,טבלת היידי שוקולד גר,,100.00,,false,,10.90,0.1090,true,1,100389
6001067017523,false,קולגייט מברשת שיניים ילדים ספידרמן-ברבי 5+,יבואן ומשווק: ש. שסט,CN,קולגייט מברשת שיניים,יחידה,0.00,יחידה,false,,11.90,0.0000,true,1,52392
6001067017530,false,קולגייט מברשת שיניים לילדים ספיידרמן,יבואן ומשווק: ש. שסט,CN,קולגייט מברשת שיניים,יחידה,0.00,יחידה,false,,11.90,0.0000,true,1,52393
6001067024446,false,קולגייט אקסטרה קלין שלישיה,COLGATE ($) -PALMOLI,,קולגייט מברשת שיניים,יחידה,0.00,יחידה,false,,10.00,0.0000,true,1,35944
6111094000198,false,קוסקוס דק 350 ג' דארי,דארי Dari,,קוסקוס דארי דק 350 ג,יחידה,0.00,יחידה,false,,8.90,0.0000,true,1,115677
6111094000228,false,"קוסקוס דארי דק תומר 1 ק""ג",קריות זול,MA,קוסקוס תומר דק 1 קג,,1000.00,100 גרם,false,,18.90,0.0189,true,1,41213
6111094000242,false,תומר קוסקוס דארי דק 500גר,דרי קוספט,MA,קוסקוס דארי דק תומר,,500.00,100 גרם,false,,9.90,0.0198,true,1,122529
6111094000808,false,"קוסקוס דארי בינוני תומר 1 ק""ג + 10% תוספת",דרי קוספט,MA,קוסקוס דארי 1.1קג,,1000.00,,false,,18.90,0.0189,true,1,53707
6112012100051,false,סט תפירה גדול,,,סט תפירה גדול,יחידה,0.00,יחידה,false,,14.90,0.0000,true,1,92730
6112012100655,false,מגב לשיש מהודר,,,מגבלשיש מהודר,יחידה,0.00,יחידה,false,,7.90,0.0000,true,1,92778
6112012100662,false,כותש שום,,,כותש שום,יחידה,0.00,יחידה,false,,14.90,0.0000,true,1,58798
6112012100976,false,"כפות גדולות 18 ס""מ",,,כפות גדולות,יחידה,0.00,יחידה,false,,9.90,0.0000,true,1,58809
6112013100180,false,סכין לפיצה,,,סכין לפיצה,יחידה,0.00,יחידה,false,,9.90,0.0000,true,1,58829
6112013100388,false,פותחן ליין,,,פותחן ליין,יחידה,0.00,יחידה,false,,9.90,0.0000,true,1,58830
6112016100514,false,"תחתית לסיר מברזל 20 ס""מ",,,תחתית לסיר מברזל 20,יחידה,0.00,יחידה,false,,10.90,0.0000,true,1,92674
6112016100682,false,מסנן רשת לכיור,,,מסנן רשת לכיור,יחידה,0.00,יחידה,false,,10.90,0.0000,true,1,82369
6112017102791,false,מברשת ג'מבו לניקוי + ידית,,,מברשת ג'מבו לניקוי+י,יחידה,0.00,יחידה,false,,9.90,0.0000,true,1,92764
6112017103354,false,אטבי כביסה סיליקון 12 יח',,,אטבי כביסה סיליקון 1,יחידה,0.00,יחידה,false,,9.90,0.0000,true,1,92729
6112017104153,false,ספוג מסאג',,,ספוג מסאז,יחידה,0.00,יחידה,false,,8.90,0.0000,true,1,92758
6112017104566,false,מטאטא כסף אדום,,,מטאטא כסף אדום,יחידה,0.00,יחידה,false,,26.90,0.0000,true,1,99971
6112017104573,false,מטאטא שחור לבן,,,מטאטא שחור לבן,יחידה,0.00,יחידה,false,,24.90,0.0000,true,1,93014
6112017105778,false,"מגב סיליקון 40 ס""מ",,,"מגב לריצפה 40 ס""מ",יחידה,0.00,יחידה,false,,20.90,0.0000,true,1,100030
6112017105853,false,"מגב מתכת 60 ס""מ",,,"מגב מתכת 60 ס""מ",יחידה,0.00,יחידה,false,,28.90,0.0000,true,1,105308
6910191800287,false,אצות נורי בלו 10 דף (ננגטונג),ננטונג היידה אקווטוק,CN,דפי סושי אצות נורי ב,,10.00,100 גרם,false,,13.90,1.3900,true,1,48328
6912977000140,false,אטריות שעועית מזרח ו,יאנטאי ינסידה לנוגקא,CN,אטריות שעועית 250גר,,250.00,100 גרם,false,,10.90,0.0436,true,1,59239
6921052701001,false,אצות ווקאמה מיובשות,ננטונג הידה אקוטיק פ,CN,אצות ים וואקמה 40גר,,40.00,,false,,11.90,0.2975,true,1,90902
6925374202437,false,מתלים מפלסטיק - שלישייה,,,מתלים פלסטיק שלישייה,יחידה,0.00,יחידה,false,,8.90,0.0000,true,1,99949
6931191500076,false,מספריים מקצועיות למטבח,,,מספריים ממקצועיות למ,יחידה,0.00,יחידה,false,,11.90,0.0000,true,1,58821
6931191500649,false,דבק סופר גלו רביעייה,,,דבק סופר גלו רביעייה,יחידה,0.00,יחידה,false,,11.90,0.0000,true,1,58908
6934931267246,false,מצת לכיריים,,,מצת לכיריים,יחידה,0.00,יחידה,false,,9.90,0.0000,true,1,118582
6934931272264,false,מטאטא גולד,,,מטאטא גולד,יחידה,0.00,יחידה,false,,19.90,0.0000,true,1,118578
6935673035636,false,כפפות אלוורה להקלה על עור יבש - גדול L,מ.א ייצור ושיווק מטל,CN,כפפות אלוורה שאיני L,יחידה,0.00,יחידה,false,,7.90,0.0000,true,1,37408
6936745600462,false,רוטב מירין לתיבול מז,דאנינג יוה פודס קו,CN,מירין דאניינג 500מל,,500.00,100 גרם,false,,22.90,0.0458,true,1,48292
6945305614047,false,רביעיית מתלים דמוי ניקל,,,רביעיית מתלים ניקל,יחידה,0.00,יחידה,false,,9.90,0.0000,true,1,58909
6952415521486,false,כבל מאריך 3 מ` ONEGA,,,כבל מאריך 3 מטר,יחידה,0.00,יחידה,false,,34.90,0.0000,true,1,51509
6955107669206,false,דבק סופר גלו אפור - יש,,,דבק סופר גלו אפור,יחידה,0.00,יחידה,false,,9.90,0.0000,true,1,58915
6985425120011,false,זוג מסנני כיור פרפר,,,מסנן פרפר זוג,יחידה,0.00,יחידה,false,,8.90,0.0000,true,1,58916
6985425120110,false,דבק נייר,,,דבק נייר,יחידה,0.00,יחידה,false,,14.90,0.0000,true,1,92734
6985425120301,false,אטבי כביסה 30 יחידות,,,אטבי כביסה 30 יחידות,יחידה,0.00,יחידה,false,,9.90,0.0000,true,1,92718
7271730901261,false,ווקי מאק ארוחת אטריות עם גבינה 156 גרם,ניו וורלד פסטה קומפנ,US,תערובת להכנת פסטה+גב,,156.00,,false,,12.90,0.0827,true,1,49640
7290000018485,false,דונאטס מצופה,,,דונאטס מצופה,יחידה,0.00,יחידה,false,,5.90,0.0000,true,1,116180
7290000023083,false,ערק אשקלון 40% בקבוק,"יקבי ברקן בע""מ",IL,ערק אשקלון 700 מל,,700.00,,false,,49.90,0.0713,true,1,53229
7290000023809,false,"יין ברקן קלאסיק קברנה סובניון 750מ""ל",יקבי ברקן שיווק והפצ,IL,יין קלאסיק קברנה סוב,,750.00,100 גרם,false,,39.90,0.0532,true,1,22345
7290000023816,false,"יין ברקן קלאסיק אמרלד ריזלינג 750מ""ל",יקבי ברקן שיווק והפצ,IL,יין קלאסיק אמרלד ריז,,750.00,100 גרם,false,,39.90,0.0532,true,1,22346
7290000023823,false,יין ברקן קלאסיק סובנ,יקבי ברקן שיווק והפצ,IL,יין קלאסיק סוביניון,,750.00,100 גרם,false,,39.90,0.0532,true,1,31679
7290000023830,false,יין קלאסיק שיראז רוז,,,יין קלאסיק שיראז רוז,,750.00,100 גרם,false,,39.90,0.0532,true,1,43649
7290000023847,false,יין ברקן קלאסיק שרדו,יקבי ברקן שיווק והפצ,IL,יין קלאסיק שרדונה 75,,750.00,100 גרם,false,,39.90,0.0532,true,1,60703
7290000023977,false,"יין ברקן קלאסיק מרלו 750 מ""ל",יקבי ברקן שיווק והפצ,IL,יין קלאסיק מרלו 750מ,,750.00,,false,,39.90,0.0532,true,1,22347
7290000032066,false,שתיה קרה,,,שתיה קרה,יחידה,0.00,יחידה,false,,1.00,0.0000,true,1,31677
7290000037066,false,פרגית טרי,,,פרגית טרי,קילוגרמים,1.00,"ק""ג",true,,69.90,69.9000,true,1,42037
7290000040042,false,יוגורט תות %3 גביע 150 ג' יופלה,תנובה בעמ,IL,יופלה תות שובב 3% 15,,150.00,100 גרם,false,,5.40,0.0360,true,1,26024
7290000040066,false,יוגורט דובדבן 3% שומן 150 ג' יופלה,תנובה מרכז שיתופי לש,IL,יופלה דובדבן פראי 3%,,150.00,100 גרם,false,,5.40,0.0360,true,1,26026
7290000040080,false,יוגורט אפרסק 3% שומן 150 ג' יופלה,תנובה בעמ,IL,יופלה אפרסק מאוהב 3%,,150.00,100 גרם,false,,5.40,0.0360,true,1,26027
7290000040301,false,"גבינת קולאז קממבר עין גדי 24%, 125 ג'",תנובה מרכז שיתופי לש,IL,גבינה קממבר עין גדי,,125.00,100 גרם,false,,21.90,0.1752,true,1,26029
7290000040318,false,גבינת ברי 24% קולאז עדי תנובה 125 ג',תנובה מרכז שיתופי לש,IL,גבינת קולאז' ברי 24%,,125.00,100 גרם,false,,21.90,0.1752,true,1,26030
7290000040462,false,גבינת טוסטי עמק אמריקאי אדם 23% 200 ג',תנובה מרכז שיתופי לש,IL,מותכת טוסטי אמריקאי,,200.00,,false,,19.90,0.0995,true,1,26032
7290000040974,false,חלב תנובה קרטון דל לקטוז 2% 1ל,תנובה מרכז שיתופי לש,IL,חלב קרטון דל לקטוז ת,,1000.00,100 גרם,false,,7.50,0.0075,true,1,26033
7290000041858,false,"שמנת חמוצה 15% יטבתה 200 מ""ל מהדרין",שטראוס גרופ,IL,שמנת חמוצה מעושר 15%,,200.00,,false,,3.20,0.0160,true,1,27313
7290000042435,false,חלב טרי 1% קרטון פקק 1ל' תנובה,תנובה מרכז שיתופי לש,IL,חלב דל שומן 1% בקרטו,,1000.00,100 גרם,false,,5.86,0.0059,true,1,26043
7290000042442,false,חלב הומוגני 3% בקרטון 1ל' תנובה,קריות זול,IL,חלב בקרטון תנובה 3%,,1000.00,100 גרם,false,,6.23,0.0062,true,1,26044
7290000042640,false,"חלב תנובה עמיד 3% קרטון 250 מ""ל",קריות זול,IL,חלב עמיד תנובה 3% 25,,250.00,,false,,3.50,0.0140,true,1,26051
7290000042855,false,יוטבתה שוקו שקית 225מל,שטראוס גרופ,IL,שוקו שקית 250,,250.00,,false,,3.10,0.0124,true,1,27317
7290000043012,false,"שוקו עמיד 2% בקרטון 250 מ""ל תנובה",תנובה מרכז שיתופי לש,IL,שוקו עמיד 2% תנובה 2,,250.00,100 גרם,false,,5.50,0.0220,true,1,26054
7290000043814,false,"שמנת מתוקה להקצפה 38% 250 מ""ל תנובה",תנובה מרכז שיתופי לש,IL,השף הלבן שמנת עמידה,,250.00,100 גרם,false,,6.47,0.0259,true,1,26057
7290000043890,false,רויון בקרטון 1 ליטר,תנובה מרכז שיתופי לש,IL,רויון תנובה 1.5% 1לי,,1000.00,,false,,12.50,0.0125,true,1,26058
7290000043944,false,כד יוגורט תנובה 4% שומן 1.5 ליטר,מיוצר עי קונדיטוריית,IL,יוגורט כדים תנובה 1.,,1500.00,,false,,18.50,0.0123,true,1,26059
7290000044248,false,"רויון קרטון 1.5% שומן 500 מ""ל תנובה",קריות זול,IL,רויון 1.5% תנובה 500,,500.00,,false,,7.30,0.0146,true,1,26061
7290000045573,false,גבינת מותכת משולשים 25% שומן 200 ג' נעמה,קריות זול,IL,גבינה מותכת נעמה 25%,,200.00,100 גרם,false,,15.90,0.0795,true,1,26064
7290000045580,false,"גבינת מותכת נעמה חורש 25%, 240 ג'",תנובה מרכז שיתופי לש,IL,גבינת חורש 16 יחידות,,240.00,,false,,18.90,0.0787,true,1,26065
7290000045917,false,תנובה גבינת פרומעז 23% גלילית 200ג,קריות זול,IL,גבינה פרומעז 23% קול,,200.00,100 גרם,false,,27.90,0.1395,true,1,26066
7290000046327,false,"גבינת גלבוע פרוס 22%, 200 ג' תנובה",תנובה מרכז שיתופי לש,IL,צהובה גלבוע 22% 200,,200.00,,false,,14.70,0.0735,true,1,26069
7290000047546,false,כנען גבינה לבנה ללא מלח 5% 500 ג',תנובה מרכז שיתופי לש,IL,גבינה לבנה ללא תוספת,,500.00,,false,,24.90,0.0498,true,1,26070
7290000047942,false,**תנובה גבינה לבנה מהדרין 9% 250ג,תנובה מרכז שיתופי לש,IL,גבינה לבנה 9% בדצ 2,,250.00,,false,,5.20,0.0208,true,1,33152
7290000048185,false,גבינה לבנה 5% שומן 250 ג' תנובה,מיוצר עי קונדיטוריית,IL,גבינה לבנה 5% תנובה,,250.00,,false,,4.98,0.0199,true,1,26074
7290000048192,false,גבינה לבנה 9% שומן 250 ג' תנובה,מחלבת אלון תבור,IL,גבינה לבנה 9% תנובה,,250.00,,false,,5.20,0.0208,true,1,26075
7290000048307,false,קוטג' 5% וזיתים ירוקים 250ג' תנובה,מיוצר עי קונדיטוריית,IL,גבינת קוטג׳ 5% עם זי,,250.00,,false,,5.90,0.0236,true,1,26076
7290000048413,false,גבינה חמד %16 שקית 250 ג' פיראוס,תנובה מרכז שיתופי לש,IL,פיראוס חמד 16% 250 ג,,250.00,,false,,19.50,0.0780,true,1,26077
7290000048437,false,גבינה צפתית 5% 200 ג' פיראוס,פארייפאבה אגרואינדוס,IL,פיראוס צפתית 5% שומן,,200.00,,false,,15.90,0.0795,true,1,26078
7290000049458,false,גבינת פטה עיזים 16% גביע פיראוס 250 ג',תנובה מרכז שיתופי לש,IL,פטה עיזים פיראוס 16,,250.00,100 גרם,false,,31.50,0.1260,true,1,26079
7290000051307,false,מארז הפסקת אוכל עם דגני עוגי ומשקה חלב עמיד בטעם וניל,תנובה מרכז שיתופי לש,IL,הפסקת אוכל עוגי +חלב,,150.00,,false,,10.90,0.0727,true,1,26097
7290000051352,false,חלב מלא בטעם של פעם 3.4% תנובה קרטון 1 ל',תנובה מרכז שיתופי לש,IL,חלב בטעם של פעם 3.4%,,1000.00,100 גרם,false,,8.50,0.0085,true,1,26098
7290000051376,false,יופלה דיאט אננס גביע 150 ג',תנובה מרכז שיתופי לש,IL,יופלה דיאט אננס ספור,,150.00,100 גרם,false,,5.40,0.0360,true,1,26099
7290000051710,false,לאבנה 9% עם שמן זית וזעתר 263 ג' פיראוס,"תנובה, מחלבת אלון תב",IL,לאבנה עם שמן זית וזע,,263.00,100 גרם,false,,15.30,0.0582,true,1,26101
7290000052311,false,גבינה צהובה לייט 15% 200 ג' עמק,תנובה מרכז שיתופי לש,IL,גבינה צהובה עמק לייט,,200.00,,false,,17.70,0.0885,true,1,26115
7290000052649,false,גבינת לאבנה 5% שומן 500 ג' פיראוס,תנובה מרכז שיתופי לש,IL,פיראוס לאבנה 5% גביע,,500.00,,false,,21.90,0.0438,true,1,26128
7290000052717,false,קוטג' 5%עם שום שמיר 250 ג' תנובה,מיוצר עי קונדיטוריית,IL,קוטג' שום שמיר 5% 25,,250.00,100 גרם,false,,5.90,0.0236,true,1,49047
7290000055015,false,גבינת פיראוס פטה כבשים 5% 250 ג' פיראוס,תנובה מרכז שיתופי לש,IL,פטה כבשים 5% שומן פי,,250.00,100 גרם,false,,29.50,0.1180,true,1,26193
7290000055329,false,יופלה משקה יוגורט תות מלון 1.5% 250מל.,תנובה מרכז שיתופי לש,IL,יופלה משקה יוגורט תו,,250.00,,false,,6.00,0.0240,true,1,43077
7290000055336,false,יופלה משקה יוגורט בננה אפרסק 1.5% 250מל,תנובה מרכז שיתופי לש,IL,יופלה משקה יוגורט בנ,,250.00,,false,,6.00,0.0240,true,1,43078
7290000055893,false,חמאה משמנת מפוסטרת 200ג' כ.מהדרין,תנובה מרכז שיתופי לש,IL,חמאה מהדרין תנובה 20,,200.00,,false,,8.90,0.0445,true,1,44260
7290000056845,false,חלב טרי 3% הומוגני קרטון 1.5 ל' תנובה,פארייפאבה אגרואינדוס,IL,חלב טרי 3% תנובה 1.5,,1500.00,100 גרם,false,,9.35,0.0062,true,1,45952
7290000056883,false,יופלה מאגדת פרי 3% 8 יח' * 150 ג',תנובה מרכז שיתופי לש,IL,יופלה טעמים משתנים 3,,1200.00,,false,,32.90,0.0274,true,1,44615
7290000056890,false,דיאט יופלה שמינייה טעמים שונים,מיוצר עי קונדיטוריית,IL,יופלה מאגדת דיאט טעמ,יחידה,0.00,יחידה,false,,32.90,0.0000,true,1,44708
7290000056906,false,מאגדת לבן טבעי 1.5% שומן 8 יח' * 150 ג' יופלה,מחלבת אלון תבור,IL,יופלה לבן מאגדת שמינ,,1200.00,100 גרם,false,,18.90,0.0157,true,1,44709
7290000057088,false,גבינת דק דק 28% 200 ג' עמק,תנובה מרכז שיתופי לש,IL,גבינה צהובה עמק דק ד,,200.00,,false,,17.70,0.0885,true,1,45953
7290000057118,false,עמק סמי מעדנייה כשרות מהדרין,תנובה מרכז שיתופי לש,IL,המעדניה של עמק 28% 4,,400.00,100 גרם,false,,24.90,0.0622,true,1,45569
7290000057132,false,יוגורט טבעי 1.5% שומן 200 ג' תנובה,מחלבת אלון תבור,IL,יוגורט טבעי 1.5%תנוב,,200.00,100 גרם,false,,3.30,0.0165,true,1,45570
7290000057149,false,יוגורט טבעי 3% שומן 200 ג' תנובה,מיוצר עי קונדיטוריית,IL,יוגורט טבעי 3% תנובה,,200.00,,false,,3.30,0.0165,true,1,45571
7290000057552,false,יופלה דיאט עוגת גבינה ותות 0% גביע 150ג',תנובה בעמ,IL,יופלה דיאט עוגת גבינ,,150.00,100 גרם,false,,5.10,0.0340,true,1,48421
7290000058030,false,"יופלה שטוזים משקה יוגורט תות 8 יח' * 100 מ""ל",מיוצר עי קונדיטוריית,IL,יופלה שטוזים משקה יו,,800.00,100 גרם,false,,22.90,0.0286,true,1,47422
7290000058047,false,**שף לבן שמנת מתוקה מהדרין 38% פקק 500מ,תנובה מרכז שיתופי לש,IL,השף הלבן שמנת 38% 5ע,,500.00,100 גרם,false,,12.94,0.0259,true,1,48275
7290000058580,false,קוקילידה וניל ועוגיות שוקולד נסטלה 83ג',נגה גלידות (גלידות נ,IL,קוקילידה וניל,יחידה,0.00,יחידה,false,,11.90,0.0000,true,1,24915
7290000060088,false,בייגלה אסם מקלות מלוחים 400 גרם,מיוצר עי קונדיטוריית,IL,בייגלה מקלות מלוחים,,300.00,,false,,12.50,0.0417,true,1,22638
7290000060156,false,פסטה אסם אטריות ביצים דקות 200גר,"אסם השקעות בע""מ",IL,אסם אטריות ביצים דקו,,200.00,,false,,7.90,0.0395,true,1,22639
7290000060163,false,פסטה אסם אטריות דקות 400גר,"אסם השקעות בע""מ",IL,אטריות דקות אסם 400ג,,400.00,,false,,7.90,0.0198,true,1,22640
7290000060200,false,פסטה אסם פתיתים אפויים קוסקוס 500גר,"אסם השקעות בע""מ",IL,פתיתים אפויים קוסקוס,,500.00,100 גרם,false,,8.60,0.0172,true,1,22641
7290000060217,false,פסטה אסם מקרוני 7 500 גר,קריות זול,IT,פסטה מקרוני 7 אסם 50,,500.00,,false,,7.60,0.0152,true,1,22642
7290000060248,false,פסטה אסם פתיתים תלתלים 500גר,קריות זול,IT,פסטה תלתלים אסם 500,,500.00,100 גרם,false,,7.60,0.0152,true,1,22643
7290000060316,false,פסטה פרפקטו ספגטי 500ג' אסם,קריות זול,IT,ספגטי אסם פרפקטו 500,,500.00,,false,,8.90,0.0178,true,1,22646
7290000060415,false,פסטה פרפקטו לזאניה אסם 500ג',קריות זול,IT,לזניה פרפקטו 500גר,,500.00,100 גרם,false,,16.90,0.0338,true,1,22653
7290000060576,false,פסטה אסם פתיתים אפוי כוכב 500גר,"אסם השקעות בע""מ",IL,פתיתים אפויים כוכב א,,500.00,100 גרם,false,,8.60,0.0172,true,1,22660
7290000060781,false,פסטה אסם פתיתים מסולסלים 500גר,קריות זול,IT,פסטה מסולסלים אסם 50,,500.00,100 גרם,false,,7.60,0.0152,true,1,22663
7290000060828,false,פסטה קרניים בינוניות 500 ג' אסם,קריות זול,IT,פסטה קרניים בינוניות,,500.00,100 גרם,false,,7.60,0.0152,true,1,22664
7290000060880,false,פסטה מס' 8 ספגטי אסם 500ג',קריות זול,IT,פסטה ספגטי אסם 500גר,,500.00,100 גרם,false,,7.60,0.0152,true,1,22667
7290000060903,false,פסטה אסם פתיתים אפויים אורז 500גר,"אסם השקעות בע""מ",IL,פתיתים אפויים אורז א,,500.00,,false,,8.60,0.0172,true,1,22668
7290000060958,false,פסטה אסם אטריות בינוניות 400 גרם,"אסם השקעות בע""מ",IL,אטריות בינוניות אסם,,400.00,,false,,7.90,0.0198,true,1,22670
7290000060965,false,פסטה אסם אטריות רחבות 400גר,"אסם השקעות בע""מ",IL,אטריות רחבות אסם 400,,400.00,,false,,7.90,0.0198,true,1,22671
7290000061061,false,קרקר בצל אסם 250 גרם,"אסם השקעות בע""מ",IL,קרקר בצל אסם 250גר,,250.00,100 גרם,false,,11.90,0.0476,true,1,22673
7290000061085,false,"רוטב צ'ילי מתוק אסם 290מ""ל","אסם השקעות בע""מ",IL,רוטב צילי מתוק אסם 2,,290.00,,false,,12.90,0.0445,true,1,22674
7290000061108,false,"רוטב טריאקי 290 מ""ל אסם","אסם השקעות בע""מ",IL,רוטב טריאקי אסם 290מ,,290.00,100 גרם,false,,12.90,0.0445,true,1,22675
7290000061764,false,נסקפה רד מאג טעם חדש 200ג',נסטלה ספרד קפה,ES,רד מאג נסקפה 200גר,,200.00,,false,,24.90,0.1245,true,1,22681
7290000062952,false,אוסם - מיני קרוטונים למרק ולסלט 250 גרם,עינת תעשיות מזון,IL,מיני קרוטונים למרק ו,,250.00,100 גרם,false,,17.90,0.0716,true,1,22688
7290000063102,false,קמח עוגה אסם תופח מאליו 350ג',"אסם השקעות בע""מ",IL,קמח תופח אסם 350גר,,350.00,100 גרם,false,,5.50,0.0157,true,1,22691
7290000063140,false,שקדי מרק רכיבים טבעיים בשקית 400 ג' אסם,"אסם השקעות בע""מ",IL,שקדי מרק רכיבים טבעי,,400.00,100 גרם,false,,15.90,0.0398,true,1,22693
7290000063157,false,"קמח תופח מאליו אסם 1 ק""ג","אסם השקעות בע""מ",IL,קמח תופח מאליו אסם 1,,1000.00,100 גרם,false,,10.90,0.0109,true,1,22694
7290000064758,false,קוסקוס בינוני אמיתי אסם 350 ג',"מיוצר ע""י קוד יצרן K",IL,קוסקוס בינוני אסם 35,,350.00,100 גרם,false,,8.90,0.0254,true,1,22710
7290000065540,false,אוסם - מנה חמה פסטה מוקרמת בטעם עוף 55 גרם,"אסם השקעות בע""מ",IL,מנה חמה אסם פסטה מוק,,55.00,,false,,7.50,0.1364,true,1,22716
7290000065557,false,אוסם - מנה חמה קוסקוס עם ירקות 84 גרם,"אסם תעשיות מזון בע""מ",IL,מנה חמה אסם קוסקוס ע,,84.00,100 גרם,false,,7.50,0.0893,true,1,22717
7290000065977,false,חטיפי פריכונים תירס שומשום 80 ג' אוסם,"מיוצר ע""י פרח, משווק",IL,חטיפי פריכונים תירס,,80.00,100 גרם,false,,9.70,0.1212,true,1,22723
7290000066141,false,ביסלי בטעם גריל אסם,"אסם השקעות בע""מ",IL,ביסלי בטעם גריל אסם,,70.00,100 גרם,false,,5.00,0.0714,true,1,22725
7290000066172,false,ביסלי בטעם פיצה אסם,"אסם השקעות בע""מ",IL,ביסלי בטעם פיצה אסם,,70.00,,false,,5.00,0.0714,true,1,22728
7290000066196,false,ביסלי גדול בטעם גריל 200 ג' אסם,מיוצר עי קונדיטוריית,IL,ביסלי גדול טעם גריל,,200.00,100 גרם,false,,9.90,0.0495,true,1,22730
7290000066226,false,ביסלי בטעם פיצה 200 ג' אסם,מיוצר עי קונדיטוריית,IL,ביסלי בטעם פיצה אסם,,200.00,100 גרם,false,,9.90,0.0495,true,1,22733
7290000066264,false,אוסם - חטיף דובונים 40 גרם,"אסם השקעות בע""מ",IL,דובונים אסם 40גר,,40.00,100 גרם,false,,5.00,0.1250,true,1,22734
7290000066295,false,אסם במבה תות מחומרים טבעיים 30גר,מיוצר עי קונדיטוריית,IL,במבה תות מחומרים טבע,,30.00,100 גרם,false,,3.30,0.1100,true,1,22735
7290000066301,false,במבה קטן רגיל אסם,קריות זול,,במבה קטן רגיל אסם,,25.00,100 גרם,false,,2.70,0.1080,true,1,32246
7290000066318,false,במבה קלאסי 80 גרם,"אסם השקעות בע""מ",IL,במבה אסם 80 גרם,,80.00,,false,,5.60,0.0700,true,1,22736
7290000066349,false,אפרופו גדול אסם 100ג',מיוצר עי קונדיטוריית,IL,אפרופו אסם 100/200 ג,,100.00,100 גרם,false,,9.90,0.0990,true,1,22738
7290000066431,false,פופקו חטיף תירס בטעם חמאה ודבש 80 גרם,מיוצר עי קונדיטוריית,IL,פופקו חטיף אסם 80גר,,80.00,100 גרם,false,,5.90,0.0738,true,1,22740
7290000067544,false,פירורית זהב שקית 200גר,עינת תעשיות מזון,IL,פירורית זהב שקית אסם,,200.00,100 גרם,false,,6.50,0.0325,true,1,22753
7290000067599,false,אוסם - מנה חמה ספגטי רוטב בולנז 65 גרם,"אסם השקעות בע""מ",IL,מנה חמה אסם ספגטי רו,,65.00,100 גרם,false,,7.50,0.1154,true,1,22756
7290000067735,false,"פסטה פרפקטו ניוקי בצקיות תפו""א 500ג' אסם",גרנדי פסטי,IT,"ניוקי בצקיות מתפו""א",,500.00,,false,,15.50,0.0310,true,1,22759
7290000068138,false,אסם פודינג אינסטנט וניל 80 גרם,מיוצר עי קונדיטוריית,IL,פודינג וניל אסם 80גר,,80.00,100 גרם,false,,6.30,0.0787,true,1,22764
7290000068190,false,ג'לי תות שדה צבע טבעי 85 ג',מיוצר עי קונדיטוריית,IL,ג'לי תות אסם 85 גר,,85.00,100 גרם,false,,7.50,0.0882,true,1,22767
7290000068343,false,אוסם - פירכונים מאורז מלא 140 גרם,"מיוצר ע""י PT, משווק",IL,פריכונים מאורז מלא א,,140.00,,false,,8.90,0.0636,true,1,22777
7290000068701,false,שקדי מרק רכיבים טבע.מיכל 400ג' אסם,"אסם השקעות בע""מ",IL,שקדי מרק במיכל אסם 4,,400.00,100 גרם,false,,17.90,0.0447,true,1,22779
7290000068770,false,במבה יום הולדת אסם 8,"אסם השקעות בע""מ",IL,במבה יום הולדת אסם 8,,80.00,,false,,5.60,0.0700,true,1,22781
7290000069258,false,פסטה פרפקטו פנה ריגאטה 500ג' אסם,קריות זול,IT,פסטה פרפקטו פנה ריגא,,500.00,,false,,8.90,0.0178,true,1,22790
7290000069364,false,פריכונים עגולים אורז דל נתרן אסם 140 גרם,"מיוצר ע""י PT, משווק",IL,פריכונים מאורז מלא ל,,140.00,100 גרם,false,,8.90,0.0636,true,1,22793
7290000070308,false,אבקת מרק עוף אמיתי במיכל 400 גרם,"אסם השקעות בע""מ",IL,מרק עוף אמיתי אסם 40,,400.00,100 גרם,false,,18.90,0.0472,true,1,22805
7290000070322,false,אבקת מרק פטריות רכיבים טבעיים אוסם 400 ג',"אסם השקעות בע""מ",IL,מרק פטריות רכיבים טב,,400.00,,false,,29.90,0.0747,true,1,22807
7290000070353,false,אבקת מרק בצל רכיבים טבעיים 400 ג' אסם,"אסם השקעות בע""מ",IL,מרק בצל רכיבים טבעיי,,400.00,,false,,29.90,0.0747,true,1,22808
7290000070919,false,בייגלה אסם רשתות מלח 400 גרם,מיוצר עי קונדיטוריית,IL,בייגלה רשתות מלח אסם,,400.00,,false,,14.50,0.0363,true,1,29856
7290000072067,false,במבה במילוי קרם חלבה 60ג' אסם,מיוצר עי קונדיטוריית,IL,במבה במילוי קרם חלבה,,60.00,,false,,5.60,0.0933,true,1,22815
7290000072241,false,אסם רוטב לפיצה בקבוק,"אסם השקעות בע""מ",IL,רוטב פיצה-בקבוק 290מ,,290.00,100 גרם,false,,12.90,0.0445,true,1,22818
7290000072623,false,אסם קטשופ בקבוק לחיץ,"אסם השקעות בע""מ",IL,קטשופ אסם 750 גרם,,750.00,,false,,10.90,0.0145,true,1,22821
7290000072630,false,קטשופ חריף אוסם 750 ג',"אסם השקעות בע""מ",IL,אסם קטשופ חריף 750 ג,,750.00,100 גרם,false,,13.90,0.0185,true,1,22822
7290000072753,false,קפה טייסטר צ'ויס קפה מגורען 200ג',נסטלה קוריאה - קפה,IL,קפה טייסטרס צ׳ויס נס,,200.00,,false,,29.90,0.1495,true,1,22825
7290000072777,false,קפה טייסטר צ'ויס מגור' נ.קפאין 200ג',נסטלה קוריאה - קפה,IL,טסטרס צויס נטול קפאי,,200.00,,false,,39.90,0.1995,true,1,22826
7290000072968,false,דגני בוקר סיני מיניס נסטלה 500 ג',נסטלה פולין דגני בוק,PL,סיני מיניס 500 גרם,,500.00,,false,,27.90,0.0558,true,1,22831
7290000073125,false,אוסם - מנה חמה פסטה עם עגבניות 62 גרם,"אסם השקעות בע""מ",IL,מנה חמה אסם פסטה עם,,62.00,100 גרם,false,,7.50,0.1210,true,1,22832
7290000073415,false,אוסם - מנה חמה פסטה ברוטב פיצה 61 גרם,"אסם השקעות בע""מ",IL,מנה חמה אסם פסטה ברו,,61.00,,false,,7.50,0.1230,true,1,22835
7290000073750,false,אוסם - מנה חמה נודלס בטעם עוף 70 גרם,טאי רזידנט,CN,מנה חמה נודלס בטעם ע,,70.00,100 גרם,false,,7.50,0.1071,true,1,22836
7290000073767,false,אוסם - מנה חמה נודלס בטעם בקר 70 גרם,טאי רזידנט,CN,מנה חמה נודלס בטעם ב,,70.00,,false,,7.50,0.1071,true,1,22837
7290000073774,false,אוסם - מנה חמה נודלס בטעם פיקנטי 70 גרם,טאי רזידנט,CN,מנה חמה נודלס בטעם פ,,70.00,,false,,7.50,0.1071,true,1,22838
7290000074153,false,ביסקוויט פתיבר שוקו,מיוצר עי קונדיטוריית,IL,פתי בר שוקו אסם 500ג,,500.00,100 גרם,false,,14.90,0.0298,true,1,22843
7290000074184,false,אוסם - פתי בר בינוני 500 גרם,"אסם השקעות בע""מ",IL,פתי בר וניל אסם 500ג,,500.00,100 גרם,false,,12.90,0.0258,true,1,22845
7290000074245,false,אוסם - קרם קרקר אסם 250 גרם,"אסם השקעות בע""מ",IL,קרם קרקר אסם 250גר,,250.00,,false,,9.50,0.0380,true,1,22846
7290000074252,false,קרקר אסם שומשום 250 גרם,"אסם השקעות בע""מ",IL,קרקר שומשום אסם 250ג,,250.00,100 גרם,false,,9.90,0.0396,true,1,22847
7290000074276,false,קרקר פיקנטי טבעון 250 ג' אסם,"אסם השקעות בע""מ",IL,קרקר פיקנטי טבעון אס,,250.00,100 גרם,false,,11.90,0.0476,true,1,22848
7290000074375,false,אוסם - קרקר זהב 150 גרם,"אסם השקעות בע""מ",IL,קרקר זהב אסם 150 גרם,,150.00,,false,,7.90,0.0527,true,1,22853
7290000074481,false,לחמית אגוזים אסם 160 ג',"אסם השקעות בע""מ",IL,לחמית אגוזים אסם 160,,160.00,,false,,11.90,0.0744,true,1,45253
7290000074696,false,"קרם קרקר 1 ק""ג אוסם","אסם השקעות בע""מ",IL,קרם קרקר אסם 1 ק״ג,,1000.00,,false,,29.90,0.0299,true,1,22854
7290000075204,false,אוסם - לחמית חיטה מלאה 250 גרם,"אסם השקעות בע""מ",IL,לחמית חיטה מלאה אסם,,250.00,100 גרם,false,,9.90,0.0396,true,1,22866
7290000076133,false,בייגלה שמיניות קטנות 400 גרם אסם,"אסם השקעות בע""מ",IL,בייגלה שמיניות קטנות,,400.00,,false,,12.50,0.0313,true,1,22873
7290000076645,false,אוסם - טוסטעים חיטה מלאה 100 גרם,ון דר מולן האלום,NL,טוסטעים חיטה מלאה אס,,100.00,,false,,11.50,0.1150,true,1,22882
7290000077253,false,אוסם - לחמית כפרית עם דגנים מלאים 190 גרם,"אסם השקעות בע""מ",IL,לחמית כפרית עם דגנים,,190.00,100 גרם,false,,11.90,0.0626,true,1,22889
7290000078212,false,קרוטונים מתובלים 250 ג' אסם,עינת תעשיות מזון,IL,קרוטונים מתובלים אסם,,250.00,100 גרם,false,,16.90,0.0676,true,1,22896
7290000078762,false,אוסם - חטיפי פריכונים מאורז מלא בטעם דבש 80גר,סנורייס בלגיום אן. ו,BE,חטיפי פריכונים מאורז,,80.00,,false,,9.70,0.1212,true,1,22900
7290000080406,false,אסאדו עע,,,אסאדו עע,קילוגרמים,1.00,"ק""ג",true,,79.90,79.9000,true,1,40350
7290000080420,false,צלי כתף עגל,,,צלי כתף עגל,קילוגרמים,1.00,"ק""ג",true,,89.90,89.9000,true,1,37782
7290000080765,false,טוסטעים פת קלויה עם שומשום 100 ג' אוסם,ון דר מולן האלום,NL,טוסטעים פת קלוי עם ש,,100.00,,false,,11.50,0.1150,true,1,22912
7290000081663,false,בייגלה אסם טבעות שומשום 300 גרם,מיוצר עי קונדיטוריית,IL,בייגלה טבעות שומשום,,300.00,100 גרם,false,,11.90,0.0397,true,1,22913
7290000100029,false,פתיתי כרובית סנפרוסט,,,פתיתי כרובית קצוץ מו,,800.00,,false,,19.90,0.0249,true,1,90174
7290000100128,false,פירות קפואים תות סנפרוסט 300 ג',סנפרוסט בעמ,IL,תות שדה מוקפא 300גר,,300.00,,false,,16.90,0.0563,true,1,90176
7290000100135,false,פירות קפואים דובדבן סנפרוסט 300 ג',סנפרוסט בעמ,IL,דובדבן מתוק קפוא 300,,300.00,,false,,16.90,0.0563,true,1,90185
7290000101132,false,לקט קטניות לחמין 800 ג' סנפרוסט,סנפרוסט בעמ,IL,לקט קטניות לחמין סנפ,,800.00,,false,,22.90,0.0286,true,1,81821
7290000101927,false,אוכמניות כחולות מוקפאות סנפרוסט 300 גרם,"איי, בי, אינבוו",IL,אוכמניות כחולות מוקפ,,300.00,,false,,16.90,0.0563,true,1,90177
7290000101934,false,מיקס פירות יער מוקפאות 300 ג' סנפרוסט,"סנפרוסט בע""מ",IL,תערובת פירות יער מוק,,300.00,,false,,16.90,0.0563,true,1,90178
7290000101958,false,מנגו חתוך מוקפא סנפרוסט 300ג',"סנפרוסט בע""מ",IL,מנגו חתוך מוקפא 300ג,,300.00,100 גרם,false,,16.90,0.0563,true,1,90179
7290000103365,false,מרק ירקות 550 ג' סנפרוסט,"איי, בי, אינבוו",IL,מרק ירקות קפוא סנפרו,,550.00,100 גרם,false,,18.90,0.0344,true,1,48316
7290000103433,false,לקט ירקות לתנור סנפר,"איי, בי, אינבוו",IL,לקט ירקות לתנור סנפר,,800.00,,false,,24.90,0.0311,true,1,81508
7290000103730,false,לקט להקפצה עם פסטה פוזילי סנפרוסט 800 ג',"איי, בי, אינבוו",IL,לקט להקפצה עם פסטה פ,,800.00,100 גרם,false,,24.90,0.0311,true,1,25896
7290000103815,false,סנפרוסט לקט להקפצה תאילנדי 800 גר,"סנפרוסט בע""מ",IL,לקט להקפצה תאילנדי ס,,800.00,,false,,24.90,0.0311,true,1,44058
7290000103822,false,ירקות שמלווים עוף סנפרוסט 800ג',"סנפרוסט בע""מ",IL,לקט לעוף סנפרוסט 800,,800.00,100 גרם,false,,24.90,0.0311,true,1,44398
7290000104072,false,עדשים ירוקות מבושלות מוקפאות 800 ג' סנפרוסט,"איי, בי, אינבוו",IL,עדשים ירוקות מבושלות,,800.00,,false,,21.90,0.0274,true,1,29861
7290000104188,false,שעועית אדומה מבושלת סנפרוסט 800 גרם,"סנפרוסט בע""מ",IL,שעועית אדומה מבושלת,,800.00,,false,,21.90,0.0274,true,1,25899
7290000104201,false,סנפרוסט אפונה עדינה,"איי, בי, אינבוו",IL,אפונה עדינה סנפרוסט,,600.00,100 גרם,false,,21.90,0.0365,true,1,25900
7290000104225,false,בצל קצוץ סנפרוסט 600 ג',"סנפרוסט בע""מ",IL,בצל קצוץ סנפרוסט 600,,600.00,,false,,18.90,0.0315,true,1,25902
7290000104287,false,לקט לפשטידה סנפרוסט,"סנפרוסט בע""מ",IL,לקט לפשטידה סנפרוסט,,800.00,,false,,24.90,0.0311,true,1,25903
7290000104676,false,אפונה קפואה סנפרוסט 800 גרם,"איי, בי, אינבוו",IL,אפונה גינה סנפרוסט 8,,800.00,100 גרם,false,,17.90,0.0224,true,1,25904
7290000104683,false,שעועית שלמה 800 ג' סנפרוסט,"סנפרוסט בע""מ",IL,שעועית שלמה ירוקה סנ,,800.00,100 גרם,false,,24.90,0.0311,true,1,25905
7290000104690,false,תירס גרעינים 800 ג' סנפרוסט,"איי, בי, אינבוו",IL,גרעיני תירס סנפרוסט,,800.00,,false,,19.90,0.0249,true,1,25906
7290000104706,false,גזר גמדי סנפרוסט 800ג',"סנפרוסט בע""מ",IL,גזר גמדי סנפרוסט 800,,800.00,100 גרם,false,,19.90,0.0249,true,1,25907
7290000104713,false,פול ירוק סנפרוסט 800 ג',"איי, בי, אינבוו",IL,פול ירוק סנפרוסט 800,,800.00,,false,,28.90,0.0361,true,1,25908
7290000104720,false,שעועית ירוקה סנפרוסט 800ג',"סנפרוסט בע""מ",IL,שעועית ירוקה חתוכה ס,,800.00,,false,,19.90,0.0249,true,1,25909
7290000104737,false,שעועית צהובה חתוכה 800 ג' סנפרוסט,"סנפרוסט בע""מ",IL,שעועית צהובה חתוכה ס,,800.00,100 גרם,false,,19.90,0.0249,true,1,25910
7290000104744,false,כרובית סנפרוסט 800גר,"סנפרוסט בע""מ",IL,כרובית סנפרוסט 800גר,,800.00,100 גרם,false,,26.90,0.0336,true,1,25911
7290000104751,false,כרוב ניצנים סנפרוסט 800 גרם,"איי, בי, אינבוו",IL,כרוב ניצנים סנפרוסט,,800.00,100 גרם,false,,26.90,0.0336,true,1,25912
7290000104768,false,תרד עלים סנפרוסט 800 ג ',"איי, בי, אינבוו",IL,תרד עלים סנפרוסט 800,,800.00,100 גרם,false,,28.90,0.0361,true,1,25913
7290000104775,false,תרד מדליונים סנפרוסט,"איי, בי, אינבוו",IL,תרד מדליונים סנפרוסט,,800.00,100 גרם,false,,28.90,0.0361,true,1,25914
7290000104799,false,שעועית לבנה מבושלת סנפרוסט 800גר,"איי, בי, אינבוו",IL,שעועית לבנה מבושלת ס,,800.00,,false,,21.90,0.0274,true,1,25915
7290000104805,false,גרגירי חומוס קפוא 800 ג' סנפרוסט,"איי, בי, אינבוו",IL,גרגירי חומוס קפוא סנ,,800.00,100 גרם,false,,21.90,0.0274,true,1,25916
7290000104836,false,שעועית עדינה שלמה סנפרוסט 600ג',"סנפרוסט בע""מ",IL,שעועית עדינה שלמה סנ,,600.00,100 גרם,false,,24.90,0.0415,true,1,25918
7290000104874,false,ירקות לקוסקוס של אמא סנפרוסט 800ג',"סנפרוסט בע""מ",IL,לקט לקוסקוס סנפרוסט,,800.00,,false,,24.90,0.0311,true,1,25920
7290000104881,false,אפונה וגזר קפוא סנפרוסט 800ג',"איי, בי, אינבוו",IL,אפונה וגזר סנפרוסט 8,,800.00,100 גרם,false,,19.90,0.0249,true,1,25921
7290000104904,false,לקט ירקות מעורבים 800 ג' סנפרוסט,"איי, בי, אינבוו",IL,לקט ירקות מעורבים סנ,,800.00,100 גרם,false,,24.90,0.0311,true,1,25923
7290000104911,false,לקט נורמנדי סנפרוסט 800ג',"איי, בי, אינבוו",IL,לקט נורמנדי סנפרוסט,,800.00,,false,,24.90,0.0311,true,1,25924
7290000106526,false,ירקות מעורבים מוקפאים חגיגה ירוקה להקפצה,"איי, בי, אינבוו",IL,חגיגה ירוקה להקפצה ס,,800.00,100 גרם,false,,24.90,0.0311,true,1,96843
7290000107165,false,פולי סויה אדממה סנפרוסט 400 ג',"איי, בי, אינבוו",IL,פולי סויה קפוא סנפרו,,400.00,100 גרם,false,,15.90,0.0398,true,1,25927
7290000107189,false,תחתיות ארטישוק סנפרוסט 400גר,"איי, בי, אינבוו",IL,תחתיות ארטישוק 400גר,,400.00,,false,,24.90,0.0622,true,1,25928
7290000107295,false,תפרחות ברוקולי סנפרוסט 800 ג',"איי, בי, אינבוו",IL,תפרחות ברוקולי סנפרו,,800.00,100 גרם,false,,28.90,0.0361,true,1,25930
7290000107615,false,ירקות ואננס להקפצה מנה אסייתית צבעונית ועשירה,"איי, בי, אינבוו",IL,מנה אסייתית צבעונית,,800.00,,false,,24.90,0.0311,true,1,96844
7290000107622,false,פסטה וירקות א-לה איטליה סנפרוסט 800 ג',"איי, בי, אינבוו",IL,פסטה וירקות א-לה איט,,800.00,,false,,24.90,0.0311,true,1,96845
7290000112220,false,טחינה גולמית 100%בארכה 500ג',רושדי תעשיות מזון בע,IL,טחינה 100% שומשום בא,,500.00,,false,,16.90,0.0338,true,1,21921
7290000112497,false,מרק עשיר עוף עם אטריות 68 ג' קנור,יוניליוור ישראל מזון,IL,מרק עשיר עוף ואיטריו,,68.00,100 גרם,false,,11.90,0.1750,true,1,24361
7290000112619,false,מרק עוף לתיבול והעשרה קנור 400 ג',יוניליוור ישראל מזון,IL,אבקת מרק עוף אמיתי ב,,400.00,100 גרם,false,,24.90,0.0622,true,1,21867
7290000116204,false,"אבקת מרק דגש בטעם עוף 1ק""ג קנור",יוניליוור ישראל מזון,IL,מרק דגש זך בטעם עוף,,1000.00,100 גרם,false,,18.90,0.0189,true,1,24392
7290000116945,false,קנור סויה קלאסי בדצ 350ג PAL,יוניליוור ישראל מזון,IL,רוטב סויה קנור 300מל,,300.00,,false,,15.90,0.0530,true,1,24395
7290000118277,false,כופתאות מצה להכנת מהירה 65 ג' קנור,יוניליוור ישראל מזון,IL,קניידלך קנור 2*65 גר,,130.00,100 גרם,false,,11.90,0.0915,true,1,24409
7290000123363,false,צמקאו לאכילה ציפוי ואפייה 500 גרם,אתר צפת ממרחים וצימא,IL,צמקאו לאכילה ציפוי ו,,500.00,,false,,17.90,0.0358,true,1,24441
7290000125251,false,בדין שמפו כביסה עדינה 2ל',"זוהר דליה, קיבוץ דלי",IL,שמפו לכביסה עדינה בד,,2000.00,100 גרם,false,,27.90,0.0139,true,1,24449
7290000129785,false,מרכך כביסה ירוק 4 ל' בדין,קריות זול,,בדין ירוק מרכך כביסה,ליטרים,4.00,ליטר,false,,22.90,5.7250,true,1,24476
7290000134147,false,טעם וריח מוסקט טחון מיכל 40גר,תות ממתקי איכות,IL,מוסקט טחון 40גר,,40.00,,false,,14.90,0.3725,true,1,37680
7290000134307,false,תבלין קינמון טחון 50 גר',תות ממתקי איכות,IL,קינמון טחון 50גר,,50.00,100 גרם,false,,6.90,0.1380,true,1,27990
7290000134314,false,תבלין תיבול לפיצה 120 ג',תות ממתקי איכות,IL,תיבול לפיצה 120גר,,120.00,,false,,10.90,0.0908,true,1,37681
7290000134338,false,תבלין אבקת שום טעם ו,תבליני טעם וריח,IL,אבקת שום 90גר,,90.00,,false,,12.90,0.1433,true,1,37682
7290000134352,false,תבלין קינמון טחון 90 גר',תות ממתקי איכות,IL,קימנון טחון 80 גר,,80.00,100 גרם,false,,10.90,0.1363,true,1,37684
7290000134376,false,תבלין פפריקה בשמן 90 גר',תות ממתקי איכות,IL,פפריקה בשמן 100גר,,100.00,100 גרם,false,,10.90,0.1090,true,1,37685
7290000134666,false,תבלין רוזמרין 15ג',תות ממתקי איכות,IL,רוזמרין 15גר,,15.00,,false,,7.90,0.5267,true,1,37691
7290000134680,false,תבלין קמיל שלם טעם ו,תות ממתקי איכות,IL,קימל שלם 40גר,,40.00,100 גרם,false,,7.90,0.1975,true,1,37693
7290000134826,false,תבלין זעתר מעורב 100 גר',תות ממתקי איכות,IL,זעתר מעורב במיכל 100,,100.00,,false,,10.90,0.1090,true,1,37698
7290000134833,false,תבלין כמון טחון 100 גר',תות ממתקי איכות,IL,כמון טחון במיכל 100ג,,100.00,,false,,10.90,0.1090,true,1,37699
7290000134840,false,תבלין כורכום טחון 100 גר',תות ממתקי איכות,IL,כורכום במיכל 100גר,,100.00,,false,,10.90,0.1090,true,1,37700
7290000134857,false,תבלין פפריקה מתוקה 100 גר',תות ממתקי איכות,IL,פפריקה מתוקה במיכל 1,,100.00,100 גרם,false,,10.90,0.1090,true,1,37701
7290000134864,false,תבלין פפריקה חריפה 100 גר',"תבליני טעם וריח בע""מ",IL,פפריקה חריפה במיכל 1,,100.00,,false,,10.90,0.1090,true,1,37702
7290000134871,false,תבלין פלפל שחור טחון 100 גר',תות ממתקי איכות,IL,פלפל שחור טחון 100גר,,100.00,,false,,15.90,0.1590,true,1,37703
7290000134970,false,תבלין חוואייג טעם ור,תות ממתקי איכות,IL,חוואייג 100גר,,100.00,100 גרם,false,,10.90,0.1090,true,1,37705
7290000134987,false,תבלין פלפל שחור גרוס 90 גר',תבליני טעם וריח,IL,פלפל שחור גרוס 90גר,,90.00,100 גרם,false,,15.90,0.1767,true,1,37706
7290000134994,false,תבלין טימין 20ג',תות ממתקי איכות,IL,טימין 20גר,,20.00,100 גרם,false,,7.90,0.3950,true,1,37707
7290000135052,false,"משקה אנרגיה XL TEN מנגו 250 מ""ל","טמפו משקאות בע""מ",IL,אקס אל טן מנגו 250 מ,,250.00,,false,,5.00,0.0200,true,1,100086
7290000135113,false,"משקה אנרגיה XL פחית ten נענע ליים 250 מ""ל",טמפו,IL,אקסל פחית טן ליים 25,,250.00,100 גרם,false,,5.00,0.0200,true,1,105912
7290000135311,false,פפסי מקס ליים 1.5 ליטר בודד,"טמפו משקאות בע""מ",IL,פפסי מקס ליים 1.5ליט,,1500.00,,false,,7.90,0.0053,true,1,113898
7290000135595,false,פפסי מקס בטעם דובדבן 1.5 ליטר,"איי, בי, אינבוו",IL,פפסי מקס בטעם דובדבן,,1500.00,100 גרם,false,,7.90,0.0053,true,1,118047
7290000136158,false,פפסי מקס 1.5 ליטר פיקדון,פפסי Pepsi,IL,פפסי מקס 1.5 ליטר,,1500.00,100 גרם,false,,7.90,0.0053,true,1,119701
7290000136165,false,מירינדה בקבוק 1.5 לי,מירינדה Mirinda,IL,טמפו מירינדה 1.5 ליט,,1500.00,100 גרם,false,,7.90,0.0053,true,1,119698
7290000136189,false,דיאט סבן אפ 1.5 ליטר FREE,סבן אפ 7up,IL,סבן אפ דיאט 1.5ליטר,,1500.00,100 גרם,false,,7.90,0.0053,true,1,119699
7290000136240,false,סודה 1.5 ליטר שישייה בודד,טמפו,IL,סודה טמפו 1.5ליטר,,1500.00,100 גרם,false,,4.00,0.0027,true,1,119694
7290000136288,false,סירופ בטעם תפוחים סיידר הגליל JUICER,סיידר הגליל,,סירופ בטעם תפוחים ג',,330.00,100 גרם,false,,17.90,0.0542,true,1,122578
7290000136523,false,משקה בטעם ענבים תריסר 1.5 ל' ג'אמפ,ג'אמפ,IL,גאמפ ענבים 1.5ליטר ת,,1500.00,100 גרם,false,,8.90,0.0059,true,1,119691
7290000136561,false,משקה בטעם תות בננה תריסר 1.5 ל' ג'אמפ,ג'אמפ,IL,גאמפ תות בננה 1.5 לי,,1500.00,,false,,8.90,0.0059,true,1,119692
7290000136585,false,משקה בטעם תפוזים תריסר 1.5 ל' ג'אמפ,ג'אמפ,IL,גאמפ תפוזים 1.5 ליטר,,1500.00,,false,,8.90,0.0059,true,1,119693
7290000136608,false,משקה בטעם תפוח צלול תריסר 1.5 ל' ג'אמפ,ג'אמפ,IL,גאמפ תפוח צלול 1.5לי,,1500.00,100 גרם,false,,8.90,0.0059,true,1,119697
7290000136646,false,משקה מאלט תריסר 1.5 ל' נשר,טמפו,IL,נשר מאלט 1.5ליטר תרי,,1500.00,100 גרם,false,,11.90,0.0079,true,1,119685
7290000136653,false,משקה מאלט דיאט תריסר 1.5 ל' נשר,טמפו,IL,נשר מאלט דיאט 1.5ליט,,1500.00,,false,,11.90,0.0079,true,1,119686
7290000136684,false,פפסי מקס פיקדון 1.5 ליטר,טמפו,IL,פפסי מקס 1.5 ליטר,,1500.00,100 גרם,false,,7.90,0.0053,true,1,120115
7290000136752,false,סבן אפ דיאט מארז שישייה 1.5 ל' FREE,"טמפו משקאות בע""מ",IL,דיאט סבן אפ פרי 6*1.,,9000.00,,false,,37.90,0.0042,true,1,119680
7290000136776,false,מארז פפסי מקס שישיה 1.5ל',פפסי Pepsi,IL,פפסי מקס 6*1.5ליטר,,9000.00,100 גרם,false,,37.90,0.0042,true,1,119683
7290000136790,false,מארז סודה שישייה 1.5 ל' טמפו,טמפו,IL,סודה טמפו 6* 1.5 ליט,,9000.00,100 גרם,false,,19.70,0.0022,true,1,119672
7290000136868,false,שישיית מים מינרלים סאן בנדטו,סאן בנדטו San Benedetto,IL,מים סאן בנדטו 6* 1.5,,9000.00,100 גרם,false,,22.90,0.0025,true,1,119673
7290000136875,false,מארז מים מינרלים מוגז 6* 1.5 ל' סאן בנדטו,סאן בנדטו San Benedetto,IL,מים סאן בנדטו מוגז 6,,9000.00,100 גרם,false,,23.90,0.0027,true,1,119674
7290000136936,false,סבן אפ דיאט בקבוק 1.,טמפו,IL,סבן אפ 1.5 ליטר דיאט,,1500.00,,false,,7.90,0.0053,true,1,120611
7290000139104,false,שלווה חיטה תפוחה ומת,"אשב""ל בע""מ",IL,שלווה 230גר,,230.00,,false,,9.90,0.0430,true,1,25424
7290000139227,false,דגן לבן משפחתי אשבול 150ג',אשבול בעמ,IL,דגן לבן 150 גרם,,150.00,,false,,9.90,0.0660,true,1,25425
7290000139623,false,פיצפוצי אורז לייט 450 גר',,,פצפוצי אורז לייט 375,,375.00,,false,,13.90,0.0371,true,1,35866
7290000143187,false,"הוואי שמפו 2 ב 1 לגבר 700 מ""ל",שוורצקוף& הנקל דיסלד,IL,הוואי שמפו לגבר 700מ,,700.00,,false,,13.90,0.0199,true,1,26491
7290000143262,false,"הוואי - שמפו ילדים 700 מ""ל",שוורצקוף& הנקל דיסלד,IL,הוואי שמפו ילדים 700,,700.00,100 גרם,false,,13.90,0.0199,true,1,26496
7290000143279,false,"הוואי שמפו נגד קשקשים 700 מ""ל אדום",שוורצקוף& הנקל דיסלד,IL,הוואי שמפו נגד קשקשי,,700.00,100 גרם,false,,13.90,0.0199,true,1,26497
7290000144160,false,שמן זית כתית מעולה ארומתי מודגש 750מל,"מרקאולאו, ספרד.אבסה,",IT,שמן זית כתית מעולה א,,750.00,100 גרם,false,,34.90,0.0465,true,1,21985
7290000144467,false,שמן חמניות מועשר בנוגדי חמצון 1 ל' עץ הזית,"נארז ע""י : א.ג. גילר",GR,שמן חמניות בריאות מה,,1000.00,100 גרם,false,,17.90,0.0179,true,1,28008
7290000144474,false,שמן קנולה בריאות מהטבע 1 ליטר,שמן תעשיות,EE,שמן קנולה בריאות מהט,,1000.00,100 גרם,false,,17.90,0.0179,true,1,28009
7290000146928,false,"טום וגרי משחת שיניים בטעם ענבים 50 מ""ל",שוורצקוף& הנקל דיסלד,IL,טום וגרי משחת שיניים,,50.00,100 גרם,false,,10.90,0.2180,true,1,26523
7290000146997,false,"טום וג'רי - משחת שיניים מסטיק 50 מ""ל",שוורצקוף& הנקל דיסלד,IL,טום וגרי משחת שיניים,,50.00,,false,,10.90,0.2180,true,1,26525
7290000149851,false,סינטבון סבון מארז 460X2ג',יבואן ומשווק: ש. שסט,IL,סינטבון כפול 460גר,,460.00,,false,,15.90,0.0346,true,1,27176
7290000149905,false,טקסטיל שמפו לכביסה ביד 1 ליטר,מיוצר עי קונדיטוריית,IL,טקסטיל שמפו 1ליטר,,1000.00,,false,,15.90,0.0159,true,1,27177
7290000170053,false,שוקולד פרה 100 ג' חלב.,"תופינית בע""מ",IL,שוקולד פרה חלב 100גר,,100.00,,false,,7.30,0.0730,true,1,27319
7290000174723,false,אבקת שוקולית עלית קופסא 500ג',הנסיך- מפעל לייצור ט,IL,שוקולית אבקת שוקו על,,500.00,,false,,13.90,0.0278,true,1,27329
7290000176062,false,קפה טורקי בצלופן 100,שטראוס קפה בי.וי.,IL,קפה טורקי עלית 100 ג,,100.00,,false,,8.90,0.0890,true,1,27333
7290000176079,false,קפה טורקי עם היל עלית 100 ג',הנסיך- מפעל לייצור ט,IL,קפה טורקי עם הל עלית,,100.00,,false,,9.90,0.0990,true,1,27334
7290000176116,false,"קפה טורקי עלית וואקום 1 ק""ג",הנסיך- מפעל לייצור ט,IL,קפה טורקי עלית 1קג,,1000.00,,false,,69.90,0.0699,true,1,57753
7290000176420,false,קפה נמס אבקתי 200ג עלית,שטראוס קפה בי.וי,IL,קפה נמס עלית 200 גרם,,200.00,,false,,19.90,0.0995,true,1,27340
7290000178707,false,חטיף תפוציפס טבעי 50,"שטראוס פריטו ליי בע""",IL,תפוציפס טבעי 50גר,,50.00,,false,,4.70,0.0940,true,1,24999
7290000178721,false,חטיף תפוציפס טבעי 20,"שטראוס פריטו ליי בע""",IL,תפוציפס טבעי 200גר,,200.00,,false,,13.50,0.0675,true,1,25001
7290000185590,false,סילאן טבעי לחיץ כנרת 650 גר',,,סילאן טבעי בבקבוק לח,,650.00,100 גרם,false,,19.90,0.0306,true,1,122548
7290000186535,false,נייר טואלט טריו לבן 32 גלילים לילי,קימברלי קלארק ישראל,IL,לילי טריו לבן נייר ט,יחידה,0.00,יחידה,false,,49.90,0.0000,true,1,54430
7290000187860,false,מגבוני טואלט לחים לילי דיספנסר 40יח',עלבד משואות יצחק בעמ,IL,לילי מגבוני נייר טוא,יחידה,0.00,יחידה,false,,8.90,0.0000,true,1,43968
7290000187952,false,נייר טואלט טריו לילי פרימיום 32גליל,קימברלי קלארק,IL,לילי טריו נייר טאולט,יחידה,0.00,יחידה,false,,49.90,0.0000,true,1,24147
7290000188355,false,מגבות מטבח ניקול לבנה שישייה,קימברלי-קלארק,IL,מגבות מטבח שישייה ני,יחידה,0.00,יחידה,false,,12.90,0.0000,true,1,24151
7290000188591,false,קוטקס - מגן תחתון סילק יאנג 60 יח',קימברלי קלארק,CN,קוטקס יאנג מגני תחתו,,60.00,,false,,19.90,0.3317,true,1,35438
7290000189192,false,מגבת רב שימושית סופר ניקול 64 דף,קימברלי קלארק,CO,סופר מגבת רב פעמית נ,,11.00,,false,,23.90,2.1727,true,1,24154
7290000189215,false,מטלית קסם לרצפה ניקו,קריות זול,CN,מטלית הקסם לרצפה ניק,יחידה,0.00,יחידה,false,,14.90,0.0000,true,1,91816
7290000189277,false,ניקול תבניות מלבניות 41*30*5.4,בראבו,,תבנית מלבנית גדולה ח,יחידה,0.00,יחידה,false,,11.90,0.0000,true,1,84498
7290000189499,false,ניקול תבנית אפייה מקרטון עגולה 3 יח',"דוקארט בעמ, קיבוץ כפ",IL,תבנית אפייה מקרטון ע,יחידה,0.00,יחידה,false,,11.90,0.0000,true,1,93785
7290000189550,false,אשפתון 78X90 ענק ניקול 20יח',קריות זול,IL,אשפתון זוג ענק 20 מת,,20.00,100 גרם,false,,26.90,1.3450,true,1,24159
7290000189598,false,מטליות לחות חד פעמיות לניקוי כללי 50 יח' ניקול,עלבד משואות יצחק בעמ,IL,מטליות לחות לניקוי כ,,50.00,,false,,10.90,0.2180,true,1,24160
7290000189871,false,אשפתון שרוך מתכלה ניקול 60יח',אשפלסט,IL,אשפתון 60 שקיות מתכל,,60.00,,false,,26.90,0.4483,true,1,24164
7290000190136,false,חלה מתוקה ברמן,,,חלה מתוקה ברמן,,500.00,100 גרם,false,,8.90,0.0178,true,1,52976
7290000190150,false,מפיות נייר מודפסות 3 שכבות ניקול 20 יח',קריות זול,SI,מפיות מודפסות 3 שכבו,,102.00,,false,,7.90,0.0775,true,1,32162
7290000190198,false,מטליות לניקוי וחיטוי חדרי שירותים ואמבטיה,עלבד משואות יצחק בעמ,IL,מטליות לחות לניקוי ש,יחידה,0.00,יחידה,false,,10.90,0.0000,true,1,52212
7290000190853,false,נייר טואלט לילי דו שכבתי 30 גליל,לילי Lily,,לילי לבן נייר טואלט,יחידה,0.00,יחידה,false,,39.90,0.0000,true,1,58824
7290000191652,false,קלינקס ממחטות טישו אולטרא סופט מארז 90X3יח',חוגלה קימברלי,IL,קלינקס קלאסיק ניילון,יחידה,0.00,יחידה,false,,11.90,0.0000,true,1,48428
7290000192581,false,מגבת נייר גליל כפול ניקול 12=6 גליל,,,מגבות נייר ניקול שיש,יחידה,0.00,יחידה,false,,21.90,0.0000,true,1,114420
7290000193076,false,ניקול שלשיית מטליות לרצפה,עופרטקס,,מטליות בד לרצפה ניקו,יחידה,0.00,יחידה,false,,10.90,0.0000,true,1,64511
7290000195216,false,נייר אפייה בשקית ניקול 50 יח',אופל,,נייר אפיה 50יח ניקול,,50.00,100 גרם,false,,12.90,0.2580,true,1,53501
7290000196039,false,"מפות שולחן איריס ח""פ ניקול 2 יח'",קריות זול,IL,מפות שולחן זוג ניקול,,250.00,,false,,10.90,0.0436,true,1,24181
7290000196343,false,"מפת שולחן מהודרת לילי 180X120ס""מ",קריות זול,IL,מפת שולחן מהודרת ניק,יחידה,0.00,יחידה,false,,13.90,0.0000,true,1,57121
7290000196763,false,ניקול שקיות לאשפה השקית החזקה 40 יח',אשפלסט,IL,השקית החזקה ניקול,יחידה,0.00,יחידה,false,,26.90,0.0000,true,1,84483
7290000197012,false,ניקול שקיות ניילון ריצרץ לאחסון 15יח',קריות זול,CN,ניקול שקיות ניילון ר,יחידה,0.00,יחידה,false,,13.90,0.0000,true,1,24182
7290000197029,false,ניקול שקיות ניילון ריצרץ לאחסון 12יח',קריות זול,,ניקול שקיות ניילון ר,יחידה,0.00,יחידה,false,,13.90,0.0000,true,1,24183
7290000197081,false,ניקול ניילון נצמד חסכון 150 מ',אופל,IL,ניילון נצמד 150 מטר,יחידה,150.00,יחידה,false,,29.90,0.1993,true,1,32663
7290000197326,false,רדיד אלומניום ניקול זוגי 30X7.5מ',קריות זול,IL,ניקול רדיד אלומיניום,,15.00,,false,,12.90,0.8600,true,1,24184
7290000197340,false,רדיד אלומניום ניקול זוגי 45X7.5מ',קריות זול,IL,ניקול רדיד אלומיניום,,15.00,,false,,16.90,1.1267,true,1,24185
7290000197432,false,שקיות אוכל סנדביצ'ון ניקול מארז 150X2יח',אשלפסט תעשיות בעמ,IL,ניקול שקיות אוכל זוג,,150.00,,false,,14.90,0.0993,true,1,24186
7290000197463,false,האגיס - פרידום דריי שלב 4+ 40 יח',קימברלי קלארק ישראל,IL,האגיס פרידום דריי של,יחידה,0.00,יחידה,false,,48.90,0.0000,true,1,56614
7290000197470,false,שקיות רב שימושית 50 יח' ניקול,אשלפסט תעשיות בעמ,IL,"שקיות רב""ש להקפאה",,50.00,,false,,15.90,0.3180,true,1,24187
7290000197548,false,האגיס - פרידום דריי שלב 5 36 יח',קימברלי קלארק ישראל,IL,האגיס פרידום דריי של,יחידה,0.00,יחידה,false,,48.90,0.0000,true,1,56615
7290000197654,false,ניקול אשפתון שקיות אשפה ענקיות 45 יח',קריות זול,IL,אשפתון שקיות אשפה ענ,,50.00,,false,,19.90,0.3980,true,1,24188
7290000197753,false,ניילון נצמד אנטי בטקריאלי ניקול 30X2מ',קריות זול,,ניילונית זוג ניקול,,60.00,,false,,12.90,0.2150,true,1,24190
7290000197982,false,רדיד אלומיניום עבה 45 ניקול 7.5 מ' זוגי,אופל,IL,ניקול רדיד אלומיניום,,15.00,,false,,19.90,1.3267,true,1,24192
7290000197999,false,רדיד אלומיניום עבה ניקול זוגי 30X7.5מ',קריות זול,IL,ניקול רדיד אלומיניום,יחידה,0.00,יחידה,false,,15.90,0.0000,true,1,24193
7290000199313,false,קוטקס - תחבושות יאנג 30 יח',KC Turkey,,קוטקס תחבושות נורמל,,28.00,,false,,19.90,0.7107,true,1,24194
7290000200095,false,כבד עוף טרי ארוז לצל,,,כבד עוף טרי ארוז לצל,קילוגרמים,1.00,"ק""ג",true,,24.90,24.9000,true,1,93217
7290000204086,false,כרית קרצוף סקוטש ניקול 1+2,חוגלה קימברלי,US,כרית קרצוף ניקול 3 י,יחידה,0.00,יחידה,false,,13.90,0.0000,true,1,24195
7290000204147,false,ניקול כריות יפניות 2 ב 1 רביעייה,פלסטו פוליש (ברקן),IL,כריות יפניות 2ב1 ניק,יחידה,0.00,יחידה,false,,13.90,0.0000,true,1,24196
7290000204215,false,ניקול כריות יפניות 6 יח',פלסטו פוליש (ברקן),IL,כריות יפניות ניקול 6,,4.00,,false,,13.90,3.4750,true,1,24197
7290000204253,false,מטליות ניקול רב שימושיות 9יח',נועם אורים-קיבוץ אור,IL,מטלית רב שימושית ניק,,9.00,,false,,13.90,1.5444,true,1,21865
7290000204512,false,מטליות לחות לרצפה בניחוח לימון 10 יח' ניקול,עלבד משואות יצחק בעמ,IL,מטליות לחות לרצפה בר,יחידה,0.00,יחידה,false,,12.90,0.0000,true,1,84500
7290000204611,false,ספוגיות הקסם ניקול 6יח',קריות זול,US,ספוגית הקסם ניקול 6י,,6.00,,false,,13.90,2.3167,true,1,24200
7290000207063,false,רסק עגבניות פריכוז 28% 240 גרם יכין,היינץ צפון אמריקה מק,IL,רסק עגבניות פריכוז 2,,260.00,,false,,5.50,0.0212,true,1,22463
7290000207162,false,רוטב עגבניות מרכיב טבעי 100 ג' יכין,"זנלכל בע""מ",IL,רוטב עגבניות 22% 100,,100.00,,false,,2.50,0.0250,true,1,22464
7290000207438,false,עגבניות קוביות יכין 800 גר,"זנלכל בע""מ",IL,עגבניות קוביות 800גר,,800.00,,false,,10.90,0.0136,true,1,31886
7290000208022,false,עגבניות מרוסקות פריכוז 800 ג' יכין,"זנלכל בע""מ",IL,עגבניות מרוסקות 800ג,,800.00,100 גרם,false,,10.90,0.0136,true,1,22466
7290000208077,false,אפונת גינה גדולה 550 גרם יכין,"זנלכל בע""מ",IL,אפונה גדולה יכין 550,,550.00,,false,,9.70,0.0176,true,1,22467
7290000208114,false,אפונת גינה וגזר 550 ג' יכין,"זנלכל בע""מ",IL,אפונה וגזר יכין 550ג,,550.00,100 גרם,false,,9.70,0.0176,true,1,22468
7290000208138,false,סירופ ענבים דיאט יכי,"זנלכל בע""מ",IL,סירופ דייאט ענבים יכ,,1000.00,100 גרם,false,,16.90,0.0169,true,1,31889
7290000208145,false,גרגרי תירס מתוק לייט A2 יכין 550 ג',"זנלכל בע""מ",IL,תירס לייט יכין 550גר,,550.00,,false,,10.90,0.0198,true,1,22469
7290000208176,false,"תפו""א קלופים א-2 יכין 550 ג'","זנלכל בע""מ",IL,"תפו""א קלופים יכין 55",,550.00,100 גרם,false,,9.90,0.0180,true,1,44212
7290000208213,false,שעועית לבנה אפויה A2 ברוטב עגבניות יכין 560ג',היינץ צפון אמריקה מק,IL,שעועית לבנה ברוטב עג,,580.00,100 גרם,false,,9.90,0.0171,true,1,22471
7290000208220,false,שעועית צילי חריף 550 ג' יכין,היינץ צפון אמריקה מק,IL,שעועית צילי יכין 550,,550.00,,false,,9.90,0.0180,true,1,22472
7290000208312,false,גרעיני תירס מתוק בואקום יכין 400 גר',"זנלכל בע""מ",IL,תירס מתוק ואקום יכין,,400.00,,false,,7.90,0.0198,true,1,31890
7290000208329,false,גרעיני תירס מתוק A2 יכין 550ג',"זנלכל בע""מ",IL,תירס מתוק יכין 550גר,,550.00,100 גרם,false,,9.70,0.0176,true,1,22476
7290000208336,false,רסק עגבניות 22% יכין 240ג',"זנלכל בע""מ",IL,רוטב עגבניות יכין 22,,240.00,100 גרם,false,,4.90,0.0204,true,1,22477
7290000208343,false,עגבניות מרוסקות שום יכין 800 גר,היינץ צפון אמריקה מק,IL,עגבניות מרוסקות עם ש,,800.00,100 גרם,false,,10.90,0.0136,true,1,34699
7290000208350,false,עגבניות מרוסקות עם שום 800 ג' יכין,זנלכל,IL,עגבניות מרוסקות עם ב,,800.00,,false,,10.90,0.0136,true,1,31891
7290000208428,false,חומוס שלם יכין 550גר,"זנלכל בע""מ",IL,חומוס שלם יכין 550גר,,550.00,100 גרם,false,,9.90,0.0180,true,1,22479
7290000208459,false,לקט ירקות מעורבים 550 ג' יכין,"זנלכל בע""מ",IL,ירקות מעורבים יכין 5,,550.00,,false,,10.90,0.0198,true,1,44478
7290000208534,false,גרעיני תירס ילדים 550 גרם יכין,"זנלכל בע""מ",IL,תירס קיד יכין 550גר,,550.00,,false,,10.90,0.0198,true,1,22481
7290000208800,false,תירס קיד מתוק יכין 4,,,תירס קיד יכין מתוק 2,,285.00,,false,,7.90,0.0277,true,1,34700
7290000208855,false,רוטב פסטה עגבניות יכין 240 ג',"זנלכל בע""מ",IL,רוטב לפסטה קלאסי יכי,,240.00,100 גרם,false,,6.90,0.0288,true,1,22483
7290000208893,false,תירס מתוק לייט יכין,היינץ צפון אמריקה מק,IL,תירס לייט ואקום 340,,340.00,100 גרם,false,,7.90,0.0232,true,1,31893
7290000208947,false,עגבניות מרוסקות 240 גרם יכין,היינץ צפון אמריקה מק,IL,עגבניות מרוסקות יכין,,240.00,100 גרם,false,,6.90,0.0288,true,1,22485
7290000208978,false,רסק עגבניות פריכוז 100 גרם,היינץ צפון אמריקה מק,IL,רסק עגבניות פריכוז %,,100.00,100 גרם,false,,2.90,0.0290,true,1,22486
7290000209012,false,חומץ הדרים יכין 1 לי,"זנלכל בע""מ",IL,חומץ הדרים יכין 1 לי,,1000.00,100 גרם,false,,6.90,0.0069,true,1,22487
7290000209371,false,שלישיית תירס קטן יכי,היינץ צפון אמריקה מק,IL,תירס יכין שלישייה 3*,,495.00,100 גרם,false,,15.90,0.0321,true,1,55370
7290000209388,false,תירס גרגרים לייט וואקום מארז 60X3ג',יכין,,תירס ליייט שלישייה 3,,495.00,,false,,15.90,0.0321,true,1,55371
7290000209517,false,סירופ יכין לימון דיא,היינץ צפון אמריקה מק,IL,סירופ דייאט לימון יכ,,1000.00,,false,,16.90,0.0169,true,1,31903
7290000209524,false,סירופ דייאט פטל יכין,זנלכל,IL,סירופ דיאט פטל יכין,,1000.00,,false,,16.90,0.0169,true,1,31904
7290000209531,false,סירופ דייאט אשכוליות,זנלכל,IL,סירופ דייאט אשכוליות,,1000.00,100 גרם,false,,16.90,0.0169,true,1,31905
7290000209555,false,סירופ יכין דיאט בטעם תפוח 1ל',זנלכל,IL,"סירופ דייאט תפוח""ע י",,1000.00,,false,,16.90,0.0169,true,1,31906
7290000209708,false,עגבניות מרוסקות עם בזיליקום 240 גרם יכין,היינץ צפון אמריקה מק,IL,עגבניות מרוסקות בזיל,,240.00,100 גרם,false,,6.90,0.0288,true,1,22490
7290000209722,false,רסק עגבניות 28% פריכוז 580 גרם יכין,"זנלכל בע""מ",IL,רסק עגבניות פריכוז 2,,580.00,100 גרם,false,,10.90,0.0188,true,1,22491
7290000209906,false,עגבניות מרוסקות בתוספת בצל 240 ג' יכין,זנלכל,IL,עגבניות מרוסקות בצל,,240.00,100 גרם,false,,6.90,0.0288,true,1,22492
7290000209944,false,רוטב לעגבניות בסיס לשקשוקה 240 ג' יכין,"זנלכל בע""מ",IL,רוטב שקשוקה יכין 240,,240.00,,false,,6.90,0.0288,true,1,22494
7290000209951,false,רוטב עגבניות לפיצה 240 גרם יכין,"זנלכל בע""מ",IL,רוטב פיצה יכין 240 ג,,240.00,,false,,6.90,0.0288,true,1,22495
7290000210896,false,רוטב בולונז לפסטה יכין 240 גר',"זנלכל בע""מ",IL,רוטב בולונז יכין 240,,240.00,,false,,6.90,0.0288,true,1,22498
7290000211381,false,"סוכר חום כהה בשקית סוגת 1 ק""ג",טונגאט היולט שוגר בע,ZA,סוכר חום כהה בשקית ס,,1000.00,100 גרם,false,,10.90,0.0109,true,1,26993
7290000211442,false,"סוגת אורז פרסי קלאסי שקית 1 ק""ג",האי נאם סי או אל.טי.,IL,אורז בסגנון פרסי קלא,,1000.00,,false,,11.90,0.0119,true,1,26994
7290000211503,false,סוכר לבן ארוז בשקית,"סוגת תעשיות בע""מ",IL,"סוכר סוגת 1 ק""ג",,1000.00,100 גרם,false,,5.50,0.0055,true,1,26995
7290000211985,false,"אורז ריזוטו עגול סוגת 1 ק""ג","סוגת תעשיות בע""מ",IL,אורז עגול סוגת 1קג,,1000.00,100 גרם,false,,13.90,0.0139,true,1,26996
7290000212401,false,וופל מצופית מנעמים 400ג',קריות זול,,וופל מצופית מנעמים 4,,400.00,100 גרם,false,,10.90,0.0273,true,1,26604
7290000238029,false,"בצק עלים צרפתי מרודד מעדנות 1ק""ג",מיוצר עי קונדיטוריית,IL,בצק עלים מרודד מעדנו,,1000.00,100 גרם,false,,24.90,0.0249,true,1,25932
7290000238036,false,מלאווח 6יח' מעדנות 700ג',מיוצר עי קונדיטוריית,IL,מלווח מעדנות קופסא 7,,700.00,100 גרם,false,,18.90,0.0270,true,1,25933
7290000238173,false,בורקס גבינה 800 ג' מעדנות,מיוצר עי קונדיטוריית,IL,בורקס גבינה מעדנות 8,,800.00,100 גרם,false,,22.90,0.0286,true,1,25934
7290000238180,false,בורקס תפוחי אדמה מעדנות 800ג',מיוצר עי קונדיטוריית,IL,"בורקס תפו""א מעדנות 8",,800.00,100 גרם,false,,19.90,0.0249,true,1,25935
7290000240541,false,ריבועי בצק בורקס מעדנות 800 ג',מיוצר עי קונדיטוריית,IL,ריבועי בצק בורקס מעד,,800.00,100 גרם,false,,25.90,0.0324,true,1,25936
7290000243566,false,"שמן קנולה בריאות 750 מ""ל",שמן תעשיות,EE,שמן קנולה בריאות עץ,,750.00,,false,,14.90,0.0199,true,1,47777
7290000244082,false,"סבון נוזלי הוואי כחול עמוק - שלשה 500מ""ל",קריות זול,,הוואי אל סבון כחול ש,,1500.00,100 גרם,false,,17.90,0.0119,true,1,26531
7290000245157,false,סוד סופט מרכך כביסה סנסיישן 4 ליטר,"הנקל סוד בע""מ",IL,סוד מרכך כביסה סנסיי,ליטרים,4.00,ליטר,false,,17.90,4.4750,true,1,26543
7290000245478,false,"אבקת כביסה לבגדי תינוקות 1.25 ק""ג סוד","הנקל סוד בע""מ",IL,סוד בייבי אבקת כביסה,קילוגרמים,1.25,"ק""ג",false,,13.90,11.1200,true,1,26549
7290000245508,false,"קומפקט סוד 1.25ק""ג שושו מרענן -מרכז","הנקל סוד בע""מ",IL,סוד פרפקט אבקת כביסה,קילוגרמים,1.25,"ק""ג",false,,13.90,11.1200,true,1,26551
7290000245515,false,"אבקת כביסה בניחוח לבנדר 1.25 ק""ג סוד","הנקל סוד בע""מ",IL,סוד קומפורט פרפיום א,קילוגרמים,1.25,"ק""ג",false,,13.90,11.1200,true,1,26552
7290000245782,false,סוד סופט מרכך כביסה ורוד 4 ליטר,"הנקל סוד בע""מ",IL,סוד מרכך כביסה ורדי,ליטרים,4.00,ליטר,false,,17.90,4.4750,true,1,26558
7290000245799,false,סוד סופט מרכך כביסה כחול 4 ליטר,"הנקל סוד בע""מ",IL,סוד מרכך כביסה פעמונ,ליטרים,4.00,ליטר,false,,17.90,4.4750,true,1,26559
7290000253220,false,שוקולד צ'יפס חום אופנהיימר 260 גר',אופנהיימר,IL,שוקולד ציפס 300גר,,300.00,,false,,14.90,0.0497,true,1,22527
7290000253251,false,שוקולד צ'יפס לבן אופנהיימר 300ג',אופנהיימר,IL,שוקולד ציפס לבן 250,,250.00,,false,,14.90,0.0596,true,1,22528
7290000262031,false,נייר טואלט מולט לב 32 גליל,חוגלה קימברלי,,מולט לב נייר טואלט 3,,1850.00,100 גרם,false,,31.90,0.0172,true,1,24201
7290000267012,false,שקדים מולבנים שלמים,"דין שיווק וקליה בע""מ",IL,שקדים מולבנים השף 10,,100.00,,false,,11.90,0.1190,true,1,41565
7290000267029,false,שקדים מולבנים חצויים,"דין שיווק וקליה בע""מ",IL,שקדים חצויים 100גרם,,100.00,100 גרם,false,,11.90,0.1190,true,1,41566
7290000267036,false,שקדים משובבים השף 100 ג',"דין שיווק וקליה בע""מ",IL,שקדים מולבנים שבבים,,100.00,100 גרם,false,,11.90,0.1190,true,1,41567
7290000267104,false,שקד מולבן גרוס/מרוסק,"דין שיווק וקליה בע""מ",IL,שקדים גרוסים טבעי 10,,100.00,,false,,11.90,0.1190,true,1,41570
7290000267555,false,בוטנים טבעיים גרוסים,דין שיווק,,בוטנים טבעיים גרוסים,,100.00,,false,,7.90,0.0790,true,1,49123
7290000267586,false,גרעייני חמניה קלופים 150 גר,"דין שיווק וקליה בע""מ",IL,גרעייני חמניה קלופים,,150.00,100 גרם,false,,5.90,0.0393,true,1,50870
7290000272696,false,עסיס מיץ לימון טבעי משומר 1 ל' אסם,בית-השיטה עסיס תעשיו,IL,מיץ לימון טבעי משומר,,1000.00,100 גרם,false,,13.90,0.0139,true,1,22924
7290000272726,false,חומץ טבעי 5% עסיס 1 ל' אסם,בית השיטה עסיס תעשיו,IL,חומץ טבעי 5% עסיס 1,,1000.00,,false,,8.90,0.0089,true,1,22925
7290000286228,false,כרית קרצוף לכלים סנו סושי 6יח',סנו מפעלי ברונו בעמ,IL,סנו סושי ספוגיות לני,יחידה,0.00,יחידה,false,,12.90,0.0000,true,1,23811
7290000286297,false,"סנו אנטי קאלק מסיר אבן מקומקום 700 מ""ל",סנו מפעלי ברונוס בעמ,IL,אנטי קאלק מסיר אבן מ,,700.00,100 גרם,false,,10.90,0.0156,true,1,23812
7290000286549,false,סנו סושי מטליות לניקוי כללי 9 יח',טרופיקל דגיל תעשיות,IL,מטליות לכל סנו סושי,,9.00,,false,,12.90,1.4333,true,1,23817
7290000287195,false,"סנו רהיט ספריי עשיר בווקס להברקה 305 מ""ל",מיוצר עי קונדיטוריית,IL,סנו רהיט מבריק רהיטי,,300.00,,false,,16.90,0.0563,true,1,23828
7290000287430,false,סנובון צבעוני לאסלה בריח לימון שלישייה,סנו מפעלי ברונו בעמ,IL,סנובון שלישיה צבעוני,,165.00,100 גרם,false,,13.90,0.0842,true,1,23834
7290000287621,false,"מנקה אסלות סנו אנטי קאלק 750 מ""ל,",מיוצר עי קונדיטוריית,IL,אנטי קאלק W.C מנקה א,,750.00,,false,,11.90,0.0159,true,1,23838
7290000288017,false,ז'אוול אקונומיקה 1ל'-לימון,"סנו מפעלי ברונוס בע""",IL,אקונומיקה סנו ז'אוול,,1000.00,100 גרם,false,,9.90,0.0099,true,1,23842
7290000288024,false,סנו - ז'אוול אקונומיקה בריח לימון 4 ליטר,"סנו מפעלי ברונוס בע""",IL,אקונומיקה סנו ז'אוול,ליטרים,4.00,ליטר,false,,17.90,4.4750,true,1,23843
7290000288031,false,סנו אקונומיקה 4 ליטר תו תקן,"סנו מפעלי ברונוס בע""",IL,אקנומיקה סנו 4ליטר,ליטרים,4.00,ליטר,false,,12.90,3.2250,true,1,32519
7290000288079,false,סנו - ז'אוול אקונומיקה לימון 2 ליטר,"סנו מפעלי ברונוס בע""",IL,אקונומיקה סנו ז'אוול,ליטרים,2.00,ליטר,false,,13.90,6.9500,true,1,23845
7290000288109,false,"אבקת כביסה מקסימה אפקט ג''אוול 1.25 ק""ג סנו",סנו מפעלי ברונוס בעמ,IL,סנו מקסימה אבקת כביס,קילוגרמים,1.25,"ק""ג",false,,15.90,12.7200,true,1,23846
7290000289069,false,סנו - ז'אוול מרסס קצף ניקוי בתוספת אקונומיקה בריח לימון 1 ליטר,"סנו מפעלי ברונוס בע""",IL,סנו ז'אוול מרסס לימו,,1000.00,100 גרם,false,,21.90,0.0219,true,1,23861
7290000289380,false,"סנו - ז'אוול לניקוי אסלות לימון 750 מ""ל",סנו,IL,גל לאסלות סנו זאוול,,750.00,100 גרם,false,,11.90,0.0159,true,1,23862
7290000289748,false,"סנו פורטה פלוס מסיר שומנים לתנור 750מ""ל","סנו מפעלי ברונוס בע""",IL,סנו פורטה פלוס לתנור,,750.00,100 גרם,false,,16.90,0.0225,true,1,23866
7290000292533,false,ג'ל סנו כחול לניקוי כללי 1 ליטר,קריות זול,,סנו ג'ל לניקוי 1ליטר,ליטרים,1.00,ליטר,false,,19.90,19.9000,true,1,114804
7290000292687,false,סנובון לאסלה כחול אפרסק נתלה 55X3ג',מיוצר עי קונדיטוריית,IL,סנובון לאסלה כחול של,,165.00,,false,,17.90,0.1085,true,1,23885
7290000293943,false,סנו אנטי קאלק מסיר אבנית וחלודה 1ל',מיוצר עי קונדיטוריית,IL,אנטי קאלק מרסס 1ליטר,,1000.00,100 גרם,false,,21.90,0.0219,true,1,23891
7290000294575,false,סנו סושי רב מגבת 63 דפים בגליל,סנו,IL,סנו סושי רב מגבת 63ד,,200.00,100 גרם,false,,14.90,0.0745,true,1,57301
7290000294780,false,סנו - ז'אוול אקונומיקה סמיכה מבושמת 4 ליטר,"סנו מפעלי ברונוס בע""",IL,אקונומיקה סנו ז'אוול,ליטרים,4.00,ליטר,false,,17.90,4.4750,true,1,23897
7290000295121,false,מטליות זיגזג סנו סושי לניקוי רצפות 3יח',קריות זול,IL,מטלית זיגזג 3יח,,3.00,,false,,12.90,4.3000,true,1,23898
7290000295299,false,כרית קרצוף יפניות סנו סושי 4 יח',סנו מפעלי ברונו בעמ,IL,סנו סושי כריות יפניו,,4.00,,false,,12.90,3.2250,true,1,23899
7290000295336,false,"סנו - מקסימה אבקת כביסה סנסטיב 1.25 ק""ג",סנו מפעלי ברונוס בעמ,IL,סנו מקסימה סנסיטיב א,קילוגרמים,1.25,"ק""ג",false,,15.90,12.7200,true,1,23901
7290000295343,false,"אבקת כביסה מקסימה ביו 1.25 ק""ג סנו",קריות זול,IL,סנו מקסימה ביו אבקת,קילוגרמים,1.25,"ק""ג",false,,15.90,12.7200,true,1,23902
7290000295558,false,רדיד אלומיניום סנו סושי זוגי 30X7.5מ',מולינו ניקולי s.p.a,CN,סנו סושי צמד רדידי א,,0.30,,false,,11.90,39.6667,true,1,23908
7290000295794,false,כרית מתכת סנו סושי אל חלד 3יח',,,ספוגית מתכת סנו סושי,יחידה,0.00,יחידה,false,,10.90,0.0000,true,1,98078
7290000300900,false,טבעול שניצל תירס 8*750גרם רכיבים טבעיים,עיצובים 2020 (4.8),IL,שניצל תירס טבעול 750,,750.00,,false,,29.90,0.0399,true,1,22931
7290000301920,false,כבד עוף טרי ארוז לצל,,,כבד עוף טרי ארוז לצל,קילוגרמים,1.00,"ק""ג",true,,24.90,24.9000,true,1,100055
7290000303581,false,פול מצרי A-2 פרי הגליל 560ג',"פרי הגליל בע""""מ",IL,פול מיצרי 560גר,,560.00,,false,,8.90,0.0159,true,1,28282
7290000303598,false,שעועית אפוייה A2 פרי גליל 570 ג',"פרי הגליל בע""""מ",IL,שעועית אפוייה 550גר,,550.00,,false,,8.90,0.0162,true,1,28283
7290000307046,false,אפונה גינה וגזר 550 ג' פרי הגליל,"פרי הגליל בע""""מ",IL,אפונה וגזר 550גר,,550.00,100 גרם,false,,8.90,0.0162,true,1,28286
7290000307220,false,גרעיני תירס מתוק בוואקום פרי גליל 340ג',"פרי הגליל בע""""מ",IL,תירס מתוק ואקום 340ג,,340.00,,false,,7.90,0.0232,true,1,28287
7290000307237,false,גרעיני תירס מתוק 550 ג' פרי הגליל,"פרי הגליל בע""""מ",IL,תירס גרעינים 550 גר,,550.00,,false,,8.90,0.0162,true,1,28288
7290000307985,false,גרעיני תירס מתוק 340 ג' פרי הגליל,"פרי הגליל בע""""מ",IL,תירס ללא תוספת סוכר,,340.00,,false,,9.90,0.0291,true,1,28294
7290000311128,false,עוגיות מן חמאה 300 גרם,תות ממתקי איכות,IL,עוגיות בטעם חמאה 300,,300.00,100 גרם,false,,8.90,0.0297,true,1,74837
7290000311203,false,וופלים מן שוקולד 200 גר,תות ממתקי איכות,IL,וופל מן שוקו 200גר,,200.00,,false,,5.90,0.0295,true,1,42646
7290000311210,false,וופלים מאן לימון 200 גר,רוקחמן,IL,וופל מן לימון 200גר,,200.00,100 גרם,false,,5.90,0.0295,true,1,43365
7290000311364,false,מן וופל TAKE ט.שוקולד 10*21ג,רוקחמן,,וופל מן בטעם שוקולד,,200.00,100 גרם,false,,8.90,0.0445,true,1,96447
7290000311722,false,עוגיות מן כוכבים וניל 300 גר',תות ממתקי איכות,IL,עוגיות כוכבים בטעם ו,,300.00,100 גרם,false,,8.90,0.0297,true,1,74841
7290000311746,false,עוגיות טעם קרמל מן 300 גר,רוקחמן,IL,עוגיות בטעם קרמל 300,,300.00,100 גרם,false,,8.90,0.0297,true,1,86178
7290000311845,false,עוגיות קמח מלא ללא תוספת סוכר מן 200ג,רוקחמן,IL,עוגיות קמח מלא ללא ס,,200.00,,false,,10.90,0.0545,true,1,86179
7290000311883,false,"עוגיות גרנולה לל""ס גרנולה 200 גרם",רוקחמן,IL,עוגיות גרנולה ללא סו,,200.00,100 גרם,false,,10.90,0.0545,true,1,86180
7290000313160,false,עוגיות חברים זהבה ו-3 הדובים שוקו' אסם 250 גר',היינץ צפון אמריקה מק,IL,חברים זהבה ושלושת הד,,250.00,100 גרם,false,,8.90,0.0356,true,1,22940
7290000313184,false,עוגיות חברים גן חיות וניל אסם 250 גר',הגביע מוצרי וופלים ב,IL,חברים ביסקויט גן חיו,,250.00,,false,,8.90,0.0356,true,1,22941
7290000313290,false,אסם נודלס נודלס אטריות מסולסלות 200גר,תאי פרזידנט פוד בנגק,TH,נודלס איטריות מסולסל,,200.00,,false,,10.90,0.0545,true,1,22943
7290000318127,false,נקניקיות ביס 380 ג' יחיעם,מעדני יחיעם 1993,IL,נקניקיות ביס יחיעם 3,,380.00,100 גרם,false,,12.90,0.0339,true,1,31490
7290000318479,false,פרושטו בקר יחיעם 100גר,תאי פרזידנט פוד פאבל,IL,פרושטו בקר יחיעם 100,,100.00,,false,,29.90,0.2990,true,1,31495
7290000318677,false,סלמי סרוולט 150 ג' יחיעם,מעדני יחיעם 1993,IL,סלמי סרוולט יחיעם 15,,150.00,100 גרם,false,,29.90,0.1993,true,1,31499
7290000318943,false,פסטרמה של פעם יחיעם,תאי פרזידנט פוד פאבל,IL,פסטרמה של פעם יחיעם,,200.00,100 גרם,false,,24.90,0.1245,true,1,31507
7290000319131,false,נקניקיות עוף 400 ג' יחיעם,מעדני יחיעם 1993,IL,נקניקיות עוף יחיעם 4,,400.00,,false,,12.90,0.0323,true,1,31512
7290000319520,false,סאלמי צרפתי יחיעם 10,מעדני יחיעם 1993,IL,סלמי צרפתי יחיעם 100,,100.00,100 גרם,false,,21.90,0.2190,true,1,31519
7290000319803,false,קבנוס קלאסי 125 ג' יחיעם,תאי פרזידנט פוד פאבל,IL,קבנוס קלאסי יחיעם 12,,125.00,100 גרם,false,,15.90,0.1272,true,1,56014
7290000319834,false,קבנוס פפרוני 125 ג' יחיעם,תאי פרזידנט פוד פאבל,IL,קבנוס פפרוני קלאסי י,,125.00,,false,,15.90,0.1272,true,1,56015
7290000334684,false,טבעות בצל 700 ג' תפוגן,"תעשיות תפוגן בע""מ",IL,טבעות בצל תפוגן 700ג,,700.00,,false,,19.90,0.0284,true,1,22947
7290000334745,false,"אמריקאן צ'יפס תפוגן 1.5 ק""ג","תעשיות תפוגן בע""מ",IL,"ציפס אמריקאן 1.5ק""ג",,1500.00,100 גרם,false,,27.90,0.0186,true,1,55947
7290000336282,false,"סיידר תפוח צלול בבקבוק 330 מ""ל",טמפו משקאות בעמ,IL,סיידר תפוח צלול בקבו,,330.00,100 גרם,false,,9.50,0.0288,true,1,22363
7290000341071,false,בדין - מרכך כביסה בייבי לבן 2 ליטר,יוניליוור ישראל טיפו,IL,בדין בייבי מרכך כביס,ליטרים,2.00,ליטר,false,,19.90,9.9500,true,1,24506
7290000345215,false,תה ויסוצקי קלאסיק 100/1 כחול מעודן,מולינו ניקולי s.p.a,IL,תה ויסוצקי קלאסיק כח,,100.00,,false,,19.90,0.1990,true,1,21922
7290000345284,false,תה ויסוצקי קלאסיק טעם עשיר 100/1.5יח',מולינו ניקולי s.p.a,IL,תה ויסוצקי קלאסיק יר,,150.00,,false,,19.90,0.1327,true,1,21923
7290000345307,false,תה ארל גריי 50 שקיקים ויסוצקי,מולינו ניקולי s.p.a,IL,תה ארל גריי ויסוצקי,,75.00,,false,,31.90,0.4253,true,1,26611
7290000346120,false,תה ויסוצקי חליטת קסם הקינמון 25יח',קריות זול,IL,תה קסם הקנמון 25יח,,62.50,100 גרם,false,,19.90,0.3184,true,1,26617
7290000346137,false,תה הגן הקסום הילולי פירות 25 שקיקים,קריות זול,IL,תה הילולי פירות 25יח,,62.50,,false,,19.90,0.3184,true,1,26618
7290000346199,false,תה הגן הקסום תה פירות יער 25 יח',קריות זול,IL,תה פירות היער ויסוצק,,67.50,100 גרם,false,,19.90,0.2948,true,1,26622
7290000346205,false,תה הגן הקסום תה קמומיל 25 יח',קריות זול,IL,תה קמומיל ויסוצקי הג,,37.50,,false,,19.90,0.5307,true,1,26623
7290000346960,false,תה ויסוצקי נענע 1.7 גרם 50יח',בית ויסוצקי,IL,תה נענע ויסוצקי 50יח,,75.00,100 גרם,false,,34.90,0.4653,true,1,26627
7290000347738,false,תה ירוק נענע 25 שקיקים 1.5 גרם,קריות זול,IL,תה ירוק נענע 25יח,,37.50,100 גרם,false,,27.90,0.7440,true,1,26629
7290000347752,false,תה ירוק לימונית ולואיזה 25 שקיקים *1.5 ג'' ויסוצקי,קריות זול,IL,תה ירוק לימונית ולוא,,37.50,100 גרם,false,,27.90,0.7440,true,1,26631
7290000355757,false,עגבניות מרוסקות A2.5 טל וטרי 800ג',"מילוז(1989)בע""""מ",IL,עגבניות מרוסקות 800ג,,800.00,100 גרם,false,,9.90,0.0124,true,1,28301
7290000364261,false,דקניקים סלסולי כתף בקר 120 ג' טירת צבי,הנסיך- מפעל לייצור ט,IL,סלסולי פסטרמה כתף בק,,120.00,,false,,15.90,0.1325,true,1,71006
7290000364278,false,דקניקים סילסולי סלמי איטלקי 120 ג' טירת צבי,הנסיך- מפעל לייצור ט,IL,סלסולי סלמי איטלקי מ,,120.00,100 גרם,false,,15.90,0.1325,true,1,71007
7290000364285,false,דקניקים סלסולי פסטרמה הודו 120 ג' טירת צבי,הנסיך- מפעל לייצור ט,IL,סלסולי פסטרמה הודו א,,120.00,100 גרם,false,,15.90,0.1325,true,1,71008
7290000364858,false,"נקניקיות עוף טרי 1 ק""ג טירת צבי",הנסיך- מפעל לייצור ט,IL,נקניקיות עוף טירת צב,,1000.00,,false,,26.90,0.0269,true,1,74854
7290000364872,false,נקניקיות עוף טירת צבי 400 ג',טיב טירת צבי 2000,IL,נקניקיות עוף טירת צב,,400.00,100 גרם,false,,15.90,0.0398,true,1,74855
7290000369037,false,סלט קוביות בולגרית 200 ג' ניצן,נטורל קייקס,IL,סלט קוביות בולגרית 2,,200.00,100 גרם,false,,15.90,0.0795,true,1,101123
7290000369617,false,כדורי מעדן גבינה בשמן 225 ג' ניצן,"ניצן מותגי מזון בע""מ",IL,כדורי רחוב 150 גרם,,150.00,100 גרם,false,,18.90,0.1260,true,1,99237
7290000369709,false,ממרח חמאה בטעם שום 1,"ניצן מותגי מזון בע""מ",,ממרח חמאה 100 גרם,,100.00,,false,,13.90,0.1390,true,1,99238
7290000379432,false,לחמניה אצבע אנג'ל 75 ג',מאפיית אנג'ל,IL,לחמניה רגילה,,75.00,100 גרם,false,,1.90,0.0253,true,1,33627
7290000379616,false,לחם לבן חשוף,,,לחם לבן חשוף,,750.00,100 גרם,false,,5.10,0.0068,true,1,33236
7290000379623,false,לחם אחיד 750 גרם,מאפיית אנג'ל,,לחם אחיד שחור,,750.00,100 גרם,false,,6.96,0.0093,true,1,33237
7290000408316,false,דנונה ביו יוגורט טבעי 3% 200 ג',מיוצר עי קונדיטוריית,IL,דנונה טבעי 3% 200גר,,200.00,100 גרם,false,,4.70,0.0235,true,1,27355
7290000408354,false,יוגורט עם אורז מצופה שוקולד קקאו 175 ג' דנונה,"שטראוס בריאות בע""מ",IL,דנונה בר פיצפוצים 17,,173.00,100 גרם,false,,5.50,0.0318,true,1,27356
7290000412481,false,סנו - מנקה אסלות 00 1 ליטר,מיוצר עי קונדיטוריית,IL,מנקה אסלות 00 סנו 1ל,,1000.00,,false,,9.50,0.0095,true,1,23913
7290000416021,false,ממרח שוקולד השחר חלבי 500 גר',השחר העולה,IL,ממרח בטעם שוקולד השח,,500.00,,false,,13.90,0.0278,true,1,28639
7290000416618,false,"ממרח שוקולד השחר פרווה בד""צ 400 גר'",השחר העולה בעמ,IL,השחר העולה קרם מובחר,,400.00,,false,,13.90,0.0348,true,1,24131
7290000416922,false,ממרח חלבי השחר 350 ג',,,ממרח חלב 350 גרם השח,,350.00,,false,,12.90,0.0369,true,1,88177
7290000418155,false,תחבושות סופר פלוס טופ-פד 16 יח',מוצרי נייר עמיר,IL,תחבושות טופ פד סופר,יחידה,0.00,יחידה,false,,7.90,0.0000,true,1,51312
7290000419107,false,לנדוור מקורי - קפה טחון טורקי 100 גרם,קפה לנדוור בע''מ,IL,לנדוור קפה שחור 100ג,,100.00,100 גרם,false,,8.90,0.0890,true,1,22951
7290000419909,false,לנדוור לבוקר - קפה טחון טורקי 100 גרם,מולינו ניקולי s.p.a,IL,לנדוור קפה שחור טעם,,100.00,,false,,8.90,0.0890,true,1,22955
7290000420325,false,פופ קורן טבעי למיקרוגל 5 יח',קריות זול,US,פופסטאר בטעם טבעי 5י,,500.00,,false,,14.90,0.0298,true,1,21819
7290000420332,false,פופ קורן חמאה למיקרוגל 5יח',קריות זול,US,פופסטאר בטעם חמאה 5י,,500.00,,false,,14.90,0.0298,true,1,21820
7290000453125,false,שמרית שמרים טריים לאפייה +משפר אפייה 100ג,"פאקא תעשיות בע""מ",IL,שמרית + משפר אפיה 10,,100.00,100 גרם,false,,8.90,0.0890,true,1,27359
7290000453323,false,קמח תמי עמילן חיטה ל,תמי,IL,קמח תמי עמילן חיטה ל,,500.00,,false,,19.90,0.0398,true,1,120870
7290000453408,false,בצק פיצה דק מצונן ומוכן לאפייה שמרית,"פאקא תעשיות בע""מ",GR,בצק פיצה דק שמרית מצ,,415.00,,false,,18.90,0.0455,true,1,100124
7290000453415,false,בצק עלים מצונן ומוכן לאפייה שמרית,"פאקא תעשיות בע""מ",FR,בצק עלים שמרית מצונן,,300.00,100 גרם,false,,17.90,0.0597,true,1,100125
7290000453422,false,בצק פילו מצונן ומרודד מוכן לאפיה,"פאקא תעשיות בע""מ",GR,בצק פילו שמרית מצונן,,300.00,,false,,17.90,0.0597,true,1,100126
7290000453781,false,שמרים יבשים שמרית 125 ג',STRAUSS-ISRAEL,,שמרים יבשים שמרית 12,,125.00,100 גרם,false,,6.90,0.0552,true,1,90569
7290000453798,false,שמרים יבשים אקטיביים שימרית 500 ג',"גי' בי' רכיבים בע""מ",,שמרים יבשים אקטיביים,,500.00,,false,,15.90,0.0318,true,1,59573
7290000461625,false,בייגלה שמיניות מלח בייגל בייגל 400 ג',בייגל את בייגל מזון,IL,בייגלה שמיניות מלוחו,,400.00,100 גרם,false,,11.90,0.0298,true,1,24515
7290000462141,false,סחוג אדום חריף מאוד (מכסה אדום) 150 גרם,קריניסה ויטמין אס אי,IL,סחוג אדום חריף מאוד,,150.00,,false,,11.90,0.0793,true,1,27362
7290000462172,false,סחוג ירוק חריף מאוד מ.ירוק 150 גרם,קריניסה ויטמין אס אי,IL,סחוג ירוק חריף מאוד,,150.00,,false,,11.90,0.0793,true,1,27364
7290000467153,false,צבר חומוס סמיר הגדול 400גר,סלטי צבר,IL,חומוס סמיר הגדול צבר,,400.00,,false,,15.50,0.0388,true,1,53279
7290000474090,false,חלב הומוגני 1% קרטון טרה 1ל',מילקו תעשיות בעמ,IL,חלב 1% בקרטון טרה 1,,1000.00,100 גרם,false,,5.86,0.0059,true,1,25067
7290000474502,false,גבינה לבנה 5% 250ג' טרה מהדרין,קריות זול,IL,גבינה לבנה 5% טרה 25,,250.00,,false,,4.98,0.0199,true,1,25074
7290000474540,false,גבינה טוב טעם 3% טרה 250ג' מהדרין,קריות זול,IL,גבינת 3% טוב טעם 250,,250.00,100 גרם,false,,12.90,0.0516,true,1,25075
7290000480107,false,קוואקר שיבולת שועל פחית 500 גר',וולקרס סנקס לימיטד,GB,קוואקר מהיר אטוס פחי,,500.00,,false,,17.50,0.0350,true,1,23462
7290000480442,false,קוואקר שיבולת שועל שקית 500 גר',פריטו ליי FRITO-LAY,IL,*מבצע* קואקר שבולת ש,,500.00,100 גרם,false,,10.90,0.0218,true,1,23466
7290000481029,false,עשיריית פיתות תנעמי,יוניליוור גרמניה Gm,IL,פיתות בטעם ביתי 10 י,,1000.00,,false,,11.90,0.0119,true,1,116597
7290000481043,false,עשריית פיתות כוסמין,,,פיתות כוסמין מארז 10,,700.00,,false,,15.90,0.0227,true,1,117159
7290000481180,false,לחם מחמצת שאור דגנית,,,לחם מחמצת שאור דגנית,,550.00,100 גרם,false,,18.90,0.0344,true,1,122793
7290000481197,false,לחם מחמצת גרעינים וש,,,לחם מחמצת גרעינים וש,,550.00,100 גרם,false,,18.90,0.0344,true,1,122794
7290000481203,false,לחם מחמצת מקמח מלא ד,,,לחם מחמצת מקמח מלא ד,,550.00,100 גרם,false,,18.90,0.0344,true,1,122795
7290000481487,false,חלה רגילה 500גר,,,חלה רגילה 500גר,,500.00,100 גרם,false,,6.26,0.0125,true,1,33618
7290000481517,false,פוקצות 2יח עם שמן זי,,,פוקצות 2יח עם שמן זי,,320.00,,false,,12.90,0.0403,true,1,122791
7290000481555,false,לחמניה רגילה,,,לחמניה רגילה,,75.00,100 גרם,false,,1.90,0.0253,true,1,94338
7290000481883,false,דגנית עין בר מארז לחמניות 10 יח'*75 ג',יוניליוור גרמניה Gm,IL,מארז 10יח לחמניות,,10.00,,false,,10.90,1.0900,true,1,54179
7290000482019,false,שקיות קוקי רגיל צליה 10יח',"ש. שסטוביץ בע""מ",IL,קוקי שקיות רגיל 10יח,יחידה,0.00,יחידה,false,,11.90,0.0000,true,1,25525
7290000482033,false,שקיות קוקי ענק בתנור ובמיקרוגל 5 יח,הנסיך- מפעל לייצור ט,IL,קוקי שקיות ענק בתנור,,5.00,,false,,11.90,2.3800,true,1,25527
7290000484747,false,עראק עלית 700 מל 40% כהל,יקב הגליל שווק בעמ,IL,הארק עלית 40% 700מל,,700.00,,false,,59.90,0.0856,true,1,59764
7290000493176,false,אבקת רוטב צלי לבשר 22ג' אסם,"אסם השקעות בע""מ",IL,אבקת רוטב צלי אסם 22,,22.00,100 גרם,false,,5.60,0.2545,true,1,22989
7290000493183,false,אבקת רוטב פיטריות 30 ג' אסם,"אסם השקעות בע""מ",IL,אבקת רוטב פטריות אסם,,30.00,,false,,5.60,0.1867,true,1,22990
7290000497044,false,ברמן אקטיב לחם ארוז,מאפית י את א ברמן בע,IL,לחם אקטיב ברמן 750גר,,750.00,100 גרם,false,,17.90,0.0239,true,1,53469
7290000497228,false,לחמניה רגילה בשקית ברמן 6יח',מאפית י את א ברמן בע,IL,לחמניות בשקית 6יח,,450.00,100 גרם,false,,10.90,0.0242,true,1,41262
7290000497273,false,לחמניות אקטיב מארז 6 יח',מאפית י את א ברמן בע,IL,לחמניות אקטיב 6 יח',,450.00,100 גרם,false,,13.90,0.0309,true,1,59717
7290000497303,false,לחמניה מקמח מלא 6יח' ברמן 450ג',מאפית י את א ברמן בע,IL,לחמניה מקמח מלא 6יח,,540.00,100 גרם,false,,10.90,0.0202,true,1,41263
7290000497358,false,חלה מתוקה ארוזה חלומית 500 גר',מאפית י את א ברמן בע,IL,חלומית חלה מתוקה ארו,,500.00,100 גרם,false,,14.90,0.0298,true,1,38179
7290000497426,false,לחם לעניין פלוס 500 גר',מאפית י את א ברמן בע,IL,לחם ברמן לענין פלוס,,500.00,100 גרם,false,,16.90,0.0338,true,1,41264
7290000497532,false,"לחם מקמח מלא""לעניין"" 750 גר'",מאפית י את א ברמן בע,IL,לחם ברמן לעניין 750ג,,750.00,100 גרם,false,,15.90,0.0212,true,1,41267
7290000497570,false,לחם דגנים פלוס 500 גר',מאפית י את א ברמן בע,IL,לחם דגנים פלוס ברמן,,500.00,100 גרם,false,,17.90,0.0358,true,1,41268
7290000498034,false,לחם אי פרי קמח כוסמין מלא 750 גר',מאפית י את א ברמן בע,IL,לחם מקמח כוסמין מלא,,750.00,100 גרם,false,,17.90,0.0239,true,1,100187
7290000498256,false,עשיריית לחמניות ברמן,מאפיות ברמן,IL,מארז 10יח לחמניות בר,יחידה,0.00,יחידה,false,,14.90,0.0000,true,1,83114
7290000498423,false,חלה חלומית 500גר,,,חלה מתוקה ברמן,,500.00,,false,,8.90,0.0178,true,1,52242
7290000504025,false,סוכרזית פטריה 300 טבליות,אף.סי תבליני בגליל ב,IL,סוכרזית פטריה 300 טב,,300.00,,false,,10.90,0.0363,true,1,27365
7290000504049,false,סוכרזית קנקן 1200 טבליות,אף.סי תבליני בגליל ב,IL,סוכרזית קנקן 1200 טב,,1200.00,,false,,29.90,0.0249,true,1,27367
7290000504209,false,"סוכרזית דיאט טיפ נוזלי 220 מ""ל",אף.סי תבליני בגליל ב,IL,סוכרזית קלאסי נוזלי,,220.00,,false,,23.90,0.1086,true,1,27368
7290000504278,false,סוכרזית - קלאסי פטנט 700 טבליות,אף.סי תבליני בגליל ב,IL,סוכרזית פטנט 700טבלי,,700.00,,false,,19.90,0.0284,true,1,27370
7290000518121,false,מתוק וקל ממתיק 50 שקיות,קריות זול,IL,מתוק וקל 50 שקיות,,50.00,100 גרם,false,,7.90,0.1580,true,1,27023
7290000518169,false,ממתיק מתוק וקל בקבוק,קריות זול,IL,מתוק וקל 1000 טבליות,,1000.00,,false,,10.90,0.0109,true,1,27025
7290000518220,false,סוכרה דיאט ממתיק 100 שקיות,פתח תקווה,IL,סוכרה דיאט 100 שקיות,יחידה,0.00,יחידה,false,,29.90,0.0000,true,1,85803
7290000518251,false,מתוק וקל ממתיק זהב 100 שקיות,קריות זול,IL,מתוק וקל זהב 100 שקי,,100.00,,false,,16.90,0.1690,true,1,27028
7290000518336,false,ממתק צמר גפן מתוק מסיבים תזונתיים,מתוק וקל בעמ,IL,מווש צמר גפן מתוק 10,,10.00,,false,,4.90,0.4900,true,1,122214
7290000521008,false,"יין אדום יבש סגל 750 מ""ל",כרמי צבי - אחים סגל,IL,יין סגל אדום יבש 750,,750.00,,false,,24.90,0.0332,true,1,22369
7290000521411,false,מרום גליל סינגל מרלו 750מל,כרמי צבי אחים סגל בע,IL,יין מרום גליל מרלו ס,,750.00,100 גרם,false,,45.90,0.0612,true,1,46059
7290000523125,false,מלח הארץ הים האדום 250 ג' עדין,חברת מלח הארץ אילת ב,IL,מלח הארץ ים יבש 250,,250.00,100 גרם,false,,7.90,0.0316,true,1,26633
7290000523224,false,מלח הארץ הים האדום 500 ג' עדין,חברת מלח הארץ אילת ב,IL,מלח הארץ ים יבש 500,,500.00,100 גרם,false,,9.90,0.0198,true,1,26634
7290000523521,false,מלח ים מועשר ביוד 250 ג' מלח הארץ,חברת מלח הארץ אילת ב,IL,מלח הארץ מעושר ביוד,,250.00,100 גרם,false,,8.70,0.0348,true,1,36317
7290000523804,false,"מלח עדין צנצנת 1 ק""ג מלח הארץ",חברת מלח הארץ אילת ב,IL,מלח הארץ עדין צנצנת,,1000.00,100 גרם,false,,9.50,0.0095,true,1,29911
7290000523811,false,"צנצנת מלח גס 1 ק""ג מלח הארץ",חברת מלח הארץ אילת ב,IL,מלח הארץ גס צנצנת 1ק,,1000.00,,false,,9.50,0.0095,true,1,29912
7290000525969,false,פרימור סחוט תפוזים טבעי 1ל',"גניר (1992) בע""מ",IL,פרימור תפוזים 1ליטר,,1000.00,100 גרם,false,,17.90,0.0179,true,1,27372
7290000530086,false,נקניק סלמי מעושן 600 ג' זוגלובק,נקניק נהריה כשר זוגל,IL,*מבצע* נקניק סלמי מע,,600.00,,false,,27.90,0.0465,true,1,26386
7290000530109,false,קבנוס זוגי בואקום זוגלובק 180ג',נקניק נהריה כשר זוגל,IL,קבנוס זוגלובק זוג 18,,180.00,,false,,34.90,0.1939,true,1,26387
7290000530413,false,המבורגר זהב זוגלובק 400 גר',נקניק נהריה כשר זוגל,IL,המבורגר זהב זוגלובק,,400.00,,false,,25.90,0.0647,true,1,26390
7290000530598,false,נקניקיות וינר 500 ג' טרי זוגלובק,נקניק נהריה כשר זוגל,IL,נקניקיות וינר גוליבר,,500.00,100 גרם,false,,16.90,0.0338,true,1,26392
7290000530604,false,נקניקיות וינר חריפות גוליבר 500ג זוגלובק,נקניק נהריה כשר זוגל,,נקניקיות חריפות זוגל,,400.00,100 גרם,false,,16.90,0.0422,true,1,26393
7290000530703,false,זוג במארז חרמון הודו + סלמי תה זוגלובק 800 גר',נקניק נהריה כשר זוגל,IL,*מבצע* נקניק תה 400ג,,800.00,100 גרם,false,,27.90,0.0349,true,1,26394
7290000531601,false,סטייק בורגר זהב זוגלובק 400ג',נקניק נהריה כשר זוגל,IL,סטייק בורגר זוגלובק,,400.00,,false,,25.90,0.0647,true,1,26396
7290000536743,false,קריספי סטיקס תירס 500 ג' זוגלובק,נקניק נהריה כשר זוגל,IL,קריספי סטיקס תירס זו,,500.00,100 גרם,false,,22.90,0.0458,true,1,54535
7290000537566,false,נקניקיות עוף טרי 400 ג' זוגלובק,נקניק נהריה כשר זוגל,IL,נקניקיות עוף זוגלובק,,400.00,100 גרם,false,,15.90,0.0398,true,1,26408
7290000554402,false,מלבי 160גר מחלבות גד,"מיוצר ע""י קוד יצרן E",IL,מלבי 160גר מחלבות גד,,160.00,100 גרם,false,,6.20,0.0388,true,1,22091
7290000554471,false,גבינת מוצרלה 22% נקניק 180ג' גד,"מחלבות גד בע""מ",IL,מוצרלה נקניק טבעי מח,,180.00,100 גרם,false,,19.70,0.1094,true,1,22093
7290000554532,false,גבינה צפתית מעודנת במלח ים 5% 200 ג' גד,הנסיך- מפעל לייצור ט,IL,צפתית מעודנת במלח ים,,200.00,100 גרם,false,,15.70,0.0785,true,1,22094
7290000554600,false,מוצרלה מגורדת 18% 300 גרם - רובין,מחלבות גד בעמ,IL,מוצרלה 22% מגורדת 30,,300.00,100 גרם,false,,28.90,0.0963,true,1,22095
7290000554624,false,ירח מתוק 3% 150 גרם רובין,"מיוצר ע""י קוד יצרן E",IL,ירח מתוק 150גר מחלבו,,150.00,100 גרם,false,,6.20,0.0413,true,1,22096
7290000554686,false,לאבנה שמן זית וזעתר 5% 250 גרם - רבנות,מחלבות גד בעמ,IL,לאבנה בשמן זית וזעתר,,250.00,100 גרם,false,,15.90,0.0636,true,1,22097
7290000554822,false,גבינת ריקוטה טבעי 5% שומן 250 ג' גד,מחלבות גד בעמ,IL,*מבצע* ריקוטה טבעי 5,,250.00,100 גרם,false,,12.00,0.0480,true,1,22098
7290000554839,false,שמנת מתוקה קשה בסגנון איטלקי 40% שומן 250 ג' גד,מחלבות גד בעמ,IL,גבינה מסקרפונה 40% 2,,250.00,100 גרם,false,,24.90,0.0996,true,1,22099
7290000560540,false,אדג' ג'ל כתום לעור רגיש 198גרם,המאפיה של הרמן,US,אדג גל גילוח כתום לע,,200.00,,false,,19.90,0.0995,true,1,23642
7290000571386,false,יוגורט כבשים 850 ג' יוגורמה,גבינות משק אחים מאיר,IL,יוגורמה מחלב כבשים 8,,850.00,100 גרם,false,,28.70,0.0338,true,1,26200
7290000571478,false,גבינה עיזים תום פרוס,גבינות משק אחים מאיר,IL,גבינה תום עזים פרוס,,150.00,,false,,39.80,0.2653,true,1,42661
7290000572208,false,חלבה חטיף וניל אחווה 100ג',שוורצקוף& הנקל דיסלד,IL,חלבה אחווה 100גר,,100.00,,false,,4.50,0.0450,true,1,28944
7290000572536,false,חלבה וניל מגש אחווה 400ג'',אחדות ביחר לטחינה חל,IL,חלבה וניל אחווה 400,,400.00,,false,,13.90,0.0348,true,1,28947
7290000572543,false,חלבה שוקו וניל אחווה 400ג',אחדות ביחר לטחינה חל,IL,חלבה קקאו וניל 400 ג,,400.00,,false,,13.90,0.0348,true,1,28948
7290000572628,false,חלבה חטיף ללא סוכר בקופסה 276 ג',שוורצקוף& הנקל דיסלד,IL,חטיף חלבה ללא סוכר 1,,275.00,100 גרם,false,,15.90,0.0578,true,1,28949
7290000572673,false,אחווה חטיף חלווה ט.שונים 12*25גר,שוורצקוף& הנקל דיסלד,IL,חטיף חלבה אחווה 12*2,,300.00,,false,,15.90,0.0530,true,1,28951
7290000574011,false,מארז 8 לחמניות חיטה,,,מארז 8 לחמניות חיטה,,8.00,,false,,11.90,1.4875,true,1,115990
7290000574028,false,לחם שחור מועשר פלוס 750 גר'.,יוניליוור גרמניה Gm,IL,לחם שחור מועשר פלוס,,750.00,100 גרם,false,,8.90,0.0119,true,1,100386
7290000574035,false,לחם אחיד פרוס 750ג' דגנית עין בר,יוניליוור גרמניה Gm,IL,לחם אחיד פרוס 750גרם,,750.00,,false,,7.10,0.0095,true,1,33633
7290000574097,false,מארז לחמניות מיוחדות,,,מארז לחמניות מיוחדות,,8.00,,false,,11.90,1.4875,true,1,115991
7290000574141,false,לחם חיטה מלא 750ג' דגנית עין בר,דגנית עין בר תעשיות,IL,לחם חיטה מלאה 750גר,,750.00,,false,,14.90,0.0199,true,1,21964
7290000574158,false,מארז 8 לחמניות לוסי,,,מארז 8 לחמניות לוסי,,8.00,,false,,11.90,1.4875,true,1,115992
7290000574165,false,חלה פרוסה מעודנת 500,מולינו ניקולי s.p.a,IL,חלה פרוסה מעודנת 500,,500.00,100 גרם,false,,10.90,0.0218,true,1,33637
7290000574172,false,לחם קל מחיטה מלאה 750 ג' דגנית עין בר,יוניליוור גרמניה Gm,IL,לחם קל חיטה מלאה 750,,750.00,,false,,17.90,0.0239,true,1,36808
7290000574189,false,מארז 6 לחמניות קלועו,,,מארז 6 לחמניות קלועו,,6.00,,false,,11.90,1.9833,true,1,115993
7290000574226,false,לחמניות אצבע דגנית מ,,,לחמניות אצבע דגנית מ,יחידה,0.00,יחידה,false,,11.90,0.0000,true,1,116123
7290000574233,false,לחמניה רגילה,,,לחמניה רגילה,,75.00,100 גרם,false,,1.90,0.0253,true,1,33620
7290000574301,false,לחמניות 10יח חיטה מל,,,לחמניות 10יח חיטה מל,יחידה,0.00,יחידה,false,,11.90,0.0000,true,1,116596
7290000574455,false,לחם חיטה מלא פלוס כוסמין 750 ג' דגנית עין בר,דגנית עין בר,IL,לחם חיטה מלאה כוסמין,,750.00,,false,,17.90,0.0239,true,1,56430
7290000599847,false,רב מגבת מויסקו,,,רב מגבת גליל,יחידה,0.00,יחידה,false,,10.90,0.0000,true,1,42576
7290000611099,false,כבד עוף לצליה בלבד,,,כבד עוף לצליה בלבד,קילוגרמים,1.00,"ק""ג",true,,24.90,24.9000,true,1,35656
7290000611181,false,כנפיים עוף טרי,,,כנפיים עוף טרי,קילוגרמים,1.00,"ק""ג",true,,13.90,13.9000,true,1,35660
7290000611242,false,פילה עוף טרי,,,פילה עוף טרי,קילוגרמים,1.00,"ק""ג",true,,49.90,49.9000,true,1,42827
7290000611884,false,כבד עוף טרי ארוז ע.עוז,,,כבד עוף טרי ארוז לצל,קילוגרמים,1.00,"ק""ג",true,,24.90,24.9000,true,1,52990
7290000631059,false,כבד עוף לצליה בלבד,,,כבד עוף לצליה בלבד,קילוגרמים,1.00,"ק""ג",true,,24.90,24.9000,true,1,93216
7290000643243,false,שווארמה הודו נקבה טר,,,שווארמה הודו נקבה טר,קילוגרמים,1.00,"ק""ג",true,,74.90,74.9000,true,1,36100
7290000644356,false,גרון הודו נ. טרי,,,גרון הודו נ. טרי,קילוגרמים,1.00,"ק""ג",true,,32.90,32.9000,true,1,37854
7290000644783,false,נתחי פילה סלמון בואק,X MAK,DK,מנות סלמון קפוא תנוב,קילוגרמים,1.00,"ק""ג",true,,94.90,94.9000,true,1,57537
7290000654546,false,פילה אמנון 7-9 100% דג,תנובה,IL,פילה אמנון קפוא 7-9,קילוגרמים,1.00,"ק""ג",true,,36.90,36.9000,true,1,106416
7290000688084,false,מים מינרליים פקק ספו,מופק ממקור בזלתי עדן,IL,"מי עדן ספורט 500מ""ל",,500.00,100 גרם,false,,3.90,0.0078,true,1,24217
7290000688374,false,"מי עדן בייבי מארז 330X6 מ""ל","מי עדן בע""מ",,מי עדן בייבי שישיה 6,,1980.00,100 גרם,false,,15.90,0.0080,true,1,24219
7290000688381,false,מי עדן פקק ספורט 6*500 מל.,"מי עדן בע""מ",IL,מי עדן ספורט שישייה,,3000.00,100 גרם,false,,14.90,0.0050,true,1,24220
7290000688466,false,מי עדן GYM בקבוק ספו,מופק ממקור בזלתי עדן,IL,"מי עדן ג'ים 750מ""ל",,750.00,,false,,3.90,0.0052,true,1,24221
7290000688503,false,מים מינרליים מי עדן,"מי עדן בע""מ",IL,מי עדן ג'ים שישייה 6,,4500.00,100 גרם,false,,16.90,0.0038,true,1,24222
7290000692227,false,נוזל כלים פלמוליב צילינדר קלאסי 1 ליטר,יבואן ומשווק: ש. שסט,GR,פלמוליב לכלים קלאסי,,1000.00,100 גרם,false,,15.90,0.0159,true,1,21896
7290000979427,false,עגבניות שרי כתום ליח',חקלאי,IL,שרי כתום ארוז בלב,,460.00,,false,,9.90,0.0215,true,1,121512
7290000991029,false,ערמונים,,,ערמונים,קילוגרמים,1.00,"ק""ג",true,,19.90,19.9000,true,1,82694
7290000991512,false,אגס נאשי,,,אגס נאשי,קילוגרמים,1.00,"ק""ג",true,,15.90,15.9000,true,1,82839
7290000992381,false,אפרסמון,,,אפרסמון,קילוגרמים,1.00,"ק""ג",true,,19.90,19.9000,true,1,82695
7290000995410,false,נבטים סיניים נבטי הע,חקלאי,IL,נבטים סיניים נבטי הע,,1000.00,100 גרם,false,,7.90,0.0079,true,1,22262
7290000999104,false,דלעת ערמונים,,,דלעת ערמונים,קילוגרמים,1.00,"ק""ג",true,,14.90,14.9000,true,1,85176
7290000999350,false,תפוז ארוז ברשת,,,תפוז ארוז ברשת,קילוגרמים,1.00,"ק""ג",true,,3.90,3.9000,true,1,82697
7290000999358,false,אשכולית אדומה,,,אשכולית אדומה,קילוגרמים,1.00,"ק""ג",true,,5.90,5.9000,true,1,82786
7290000999361,false,"תפו""ע פינק גולד",,,"תפו""ע פינק גולד",קילוגרמים,1.00,"ק""ג",true,,16.90,16.9000,true,1,82698
7290000999390,false,חציל בלאדי,,,חציל בלאדי,קילוגרמים,1.00,"ק""ג",true,,7.90,7.9000,true,1,82787
7290000999626,false,ברוקולי ארוז,,,ברוקולי ארוז,,1000.00,100 גרם,false,,8.90,0.0089,true,1,82859
7290000999748,false,גינגר תפזורת,,,גינגר תפזורת,קילוגרמים,1.00,"ק""ג",true,,29.90,29.9000,true,1,82848
7290000999752,false,רימון,,,רימון,קילוגרמים,1.00,"ק""ג",true,,9.90,9.9000,true,1,82699
7290000999753,false,קוסבייה(ארטישוק ירוש,,,קוסבייה(ארטישוק ירוש,קילוגרמים,1.00,"ק""ג",true,,14.90,14.9000,true,1,82791
7290000999782,false,עגבניה מגי,,,עגבניה מגי,קילוגרמים,1.00,"ק""ג",true,,16.90,16.9000,true,1,82852
7290000999818,false,אננס,,,אננס,יחידה,0.00,יחידה,false,,39.90,0.0000,true,1,82793
7290000999819,false,קלמנטינה/מנדרינה.,,,קלמנטינה/מנדרינה,קילוגרמים,1.00,"ק""ג",true,,6.90,6.9000,true,1,82700
7290000999821,false,קיווי,,,קיווי,קילוגרמים,1.00,"ק""ג",true,,19.90,19.9000,true,1,82794
7290000999832,false,גויבה,,,גויבה,קילוגרמים,1.00,"ק""ג",true,,24.90,24.9000,true,1,82797
7290000999833,false,ברוקולי,,,ברוקולי,,1000.00,100 גרם,false,,8.90,0.0089,true,1,82701
7290000999834,false,דלורית,,,דלורית,קילוגרמים,1.00,"ק""ג",true,,5.90,5.9000,true,1,82798
7290000999890,false,פלפל שושקה,,,פלפל שושקה,קילוגרמים,1.00,"ק""ג",true,,14.90,14.9000,true,1,82702
7290000999896,false,ענבים אדום,,,ענבים אדום,קילוגרמים,1.00,"ק""ג",true,,24.90,24.9000,true,1,82703
7290000999899,false,קישואים זוקיני,,,קישואים זוקיני,קילוגרמים,1.00,"ק""ג",true,,14.90,14.9000,true,1,82803
7290000999901,false,עגבניה אשכולות,,,עגבניה אשכולות,קילוגרמים,1.00,"ק""ג",true,,6.90,6.9000,true,1,82704
7290000999903,false,מלפפון,,,מלפפון,קילוגרמים,1.00,"ק""ג",true,,5.90,5.9000,true,1,82706
7290000999904,false,פלפל ירוק,,,פלפל ירוק,קילוגרמים,1.00,"ק""ג",true,,8.90,8.9000,true,1,82804
7290000999905,false,פלפל בהיר,,,פלפל בהיר,קילוגרמים,1.00,"ק""ג",true,,9.90,9.9000,true,1,82805
7290000999906,false,פלפל אדום,,,פלפל אדום,קילוגרמים,1.00,"ק""ג",true,,9.90,9.9000,true,1,82707
7290000999907,false,פלפל צהוב,,,פלפל צהוב,קילוגרמים,1.00,"ק""ג",true,,8.90,8.9000,true,1,82806
7290000999908,false,פלפל חריף,,,פלפל חריף,קילוגרמים,1.00,"ק""ג",true,,8.90,8.9000,true,1,82708
7290000999909,false,כרוב לבן,,,כרוב לבן,קילוגרמים,1.00,"ק""ג",true,,3.90,3.9000,true,1,82709
7290000999910,false,כרוב אדום,,,כרוב אדום,קילוגרמים,1.00,"ק""ג",true,,4.90,4.9000,true,1,82807
7290000999911,false,כרובית,,,כרובית,קילוגרמים,1.00,"ק""ג",true,,12.90,12.9000,true,1,82710
7290000999912,false,קישואים,,,קישואים,קילוגרמים,1.00,"ק""ג",true,,5.90,5.9000,true,1,82711
7290000999913,false,חציל,,,חציל,קילוגרמים,1.00,"ק""ג",true,,4.90,4.9000,true,1,82712
7290000999914,false,גזר ארוז,,,גזר ארוז,קילוגרמים,1.00,"ק""ג",true,,4.90,4.9000,true,1,82713
7290000999916,false,סלק אדום,,,סלק,קילוגרמים,1.00,"ק""ג",true,,5.90,5.9000,true,1,82736
7290000999917,false,בטטה,,,בטטה,קילוגרמים,1.00,"ק""ג",true,,9.90,9.9000,true,1,82715
7290000999918,false,דלעת,,,דלעת,קילוגרמים,1.00,"ק""ג",true,,9.90,9.9000,true,1,82808
7290000999919,false,בצל יבש,,,בצל יבש,קילוגרמים,1.00,"ק""ג",true,,4.90,4.9000,true,1,82809
7290000999920,false,בצל אדום,,,בצל אדום,קילוגרמים,1.00,"ק""ג",true,,6.90,6.9000,true,1,82810
7290000999922,false,חסה עגולה,,,חסה עגולה,,1000.00,100 גרם,false,,5.90,0.0059,true,1,82835
7290000999924,false,שום יבש,,,שום יבש,,1000.00,100 גרם,false,,8.90,0.0089,true,1,82811
7290000999925,false,"תפו""א לבן",,,"תפו""א לבן",קילוגרמים,1.00,"ק""ג",true,,4.90,4.9000,true,1,82716
7290000999926,false,"תפו""א אדום",,,"תפו""א אדום",קילוגרמים,1.00,"ק""ג",true,,5.90,5.9000,true,1,82717
7290000999934,false,עגבניה שרי תמר,,,עגבניה שרי תמר,קילוגרמים,1.00,"ק""ג",true,,19.90,19.9000,true,1,82718
7290000999936,false,תירס,,,תירס,קילוגרמים,1.00,"ק""ג",true,,9.90,9.9000,true,1,82719
7290000999942,false,תפו'ע זהוב,,,תפו'ע זהוב,קילוגרמים,1.00,"ק""ג",true,,11.90,11.9000,true,1,82720
7290000999943,false,תפו'ע סמיט,,,תפו'ע סמיט,קילוגרמים,1.00,"ק""ג",true,,11.90,11.9000,true,1,82721
7290000999944,false,תפו'ע חרמון/גלה,,,תפו'ע חרמון/גלה,קילוגרמים,1.00,"ק""ג",true,,11.90,11.9000,true,1,82722
7290000999945,false,אגס,,,אגס,קילוגרמים,1.00,"ק""ג",true,,15.90,15.9000,true,1,82723
7290000999947,false,שזיף אדום,,,שזיף אדום,קילוגרמים,1.00,"ק""ג",true,,24.90,24.9000,true,1,82813
7290000999949,false,בננה,,,בננה,קילוגרמים,1.00,"ק""ג",true,,5.90,5.9000,true,1,82815
7290000999950,false,מלון,,,מלון,קילוגרמים,1.00,"ק""ג",true,,8.90,8.9000,true,1,82816
7290000999951,false,אבטיח,,,אבטיח,קילוגרמים,1.00,"ק""ג",true,,7.90,7.9000,true,1,82817
7290000999952,false,ענבים לבנים,,,ענבים לבנים,קילוגרמים,1.00,"ק""ג",true,,24.90,24.9000,true,1,82724
7290000999953,false,לימון,,,לימון,קילוגרמים,1.00,"ק""ג",true,,8.90,8.9000,true,1,82725
7290000999954,false,מנגו,,,מנגו,קילוגרמים,1.00,"ק""ג",true,,18.90,18.9000,true,1,82818
7290000999955,false,קולורבי,,,קולורבי,קילוגרמים,1.00,"ק""ג",true,,5.90,5.9000,true,1,82732
7290000999956,false,פלפל כתום,,,פלפל כתום,קילוגרמים,1.00,"ק""ג",true,,9.90,9.9000,true,1,82819
7290000999957,false,אבוקדו,,,אבוקדו,קילוגרמים,1.00,"ק""ג",true,,14.90,14.9000,true,1,82726
7290000999959,false,תפו'ע יונתן,,,תפו'ע יונתן,קילוגרמים,1.00,"ק""ג",true,,11.90,11.9000,true,1,82821
7290000999961,false,שומר,,,שומר,קילוגרמים,1.00,"ק""ג",true,,5.90,5.9000,true,1,82727
7290000999967,false,פומלה,,,פומלה,קילוגרמים,1.00,"ק""ג",true,,9.90,9.9000,true,1,82823
7290000999972,false,לפת,,,לפת,קילוגרמים,1.00,"ק""ג",true,,7.90,7.9000,true,1,82825
7290000999974,false,תות שדה,,,תות שדה,יחידה,0.00,יחידה,false,,19.90,0.0000,true,1,82836
7290000999978,false,קובו,,,קובו,קילוגרמים,1.00,"ק""ג",true,,24.90,24.9000,true,1,82828
7290000999988,false,תפוז,,,תפוז,קילוגרמים,1.00,"ק""ג",true,,6.90,6.9000,true,1,82728
7290000999989,false,ארטישוק,,,ארטישוק,קילוגרמים,1.00,"ק""ג",true,,19.90,19.9000,true,1,82729
7290000999990,false,פומלית,,,פומלית,קילוגרמים,1.00,"ק""ג",true,,5.90,5.9000,true,1,82830
7290000999998,false,שעועית ירוקה/רחבה,,,שעועית ירוקה/רחבה,קילוגרמים,1.00,"ק""ג",true,,28.90,28.9000,true,1,82730
7290000999999,false,צנון,,,צנון,קילוגרמים,1.00,"ק""ג",true,,6.90,6.9000,true,1,82834
7290001009123,false,לחם כוסמין 100% 600,,,לחם כוסמין 100% 600,,600.00,100 גרם,false,,15.90,0.0265,true,1,95424
7290001009178,false,לחם שיפון לחמנו 900ג,,,לחם שיפון לחמנו 900ג,,900.00,100 גרם,false,,15.90,0.0177,true,1,38199
7290001050019,false,קמח תפוחי אדמה פירמי,,,"קמח תפו""א פרימיום 50",,500.00,100 גרם,false,,6.70,0.0134,true,1,91777
7290001121238,false,קורנדביף יחיעם 180גר,מעדני יחיעם 1993,IL,קורנדביף יחיעם 180גר,,180.00,100 גרם,false,,29.90,0.1661,true,1,34353
7290001121849,false,יחיעם פסטרמה הודו טב,מעדני יחיעם 1993,IL,פסטרמה הודו 100% חומ,,250.00,,false,,28.90,0.1156,true,1,49571
7290001133484,false,פילה סלמון נורבגי קפ,לאטי עזרא,IL,פילה סלמון נורבגי קפ,קילוגרמים,1.00,"ק""ג",true,,85.90,85.9000,true,1,90434
7290001216040,false,טחינת אל ארז 500 גרם,דולפין ספא,IL,טחינה אל ארז 500גר,,500.00,,false,,17.90,0.0358,true,1,58603
7290001216231,false,טחינה גולמית שומשום מלא אל ארז 500ג',דולפין ספא,IL,טחינה שומשום מלא אל,,500.00,,false,,18.90,0.0378,true,1,58604
7290001231932,false,סיגריות וינסטון כחול,Unknown,,וינסטון כחול בוקס,יחידה,0.00,יחידה,false,,34.00,0.0000,false,1,40534
7290001246221,false,"טאצ' תרסיס מטהר אוויר לימון 300 מ""ל",,,תרסיס מטהר אוויר לימ,,300.00,100 גרם,false,,4.90,0.0163,true,1,100568
7290001246269,false,"טאצ' תרסיס מטהר אוויר לבנדר 300 מ""ל",,,תרסיס מטהר אוויר 300,,300.00,,false,,4.90,0.0163,true,1,100573
7290001246634,false,"נוזל אסלות ע""ב חומצה 1 ליטר טאצ",,,נוזל אסלות 1 ליטר טא,ליטרים,1.00,ליטר,false,,7.90,7.9000,true,1,100555
7290001247112,false,נקטר ספרינג לימונענע קרטונית 1 ל',"יפאורה תבורי בע""מ",IL,ספרינג לימונענע קרטו,,1000.00,,false,,7.90,0.0079,true,1,24235
7290001247129,false,נקטר ספרינג תפוזים קרטונית 1 ל',"יפאורה תבורי בע""מ",IL,ספרינג תפוז קרטונית,,1000.00,100 גרם,false,,7.90,0.0079,true,1,24236
7290001247143,false,נקטר ספרינג תפוחים קרטונית 1 ל',"יפאורה תבורי בע""מ",IL,ספרינג תפוח קרטונית,,1000.00,100 גרם,false,,7.90,0.0079,true,1,24237
7290001305188,false,פלמוליב כלים שקוף לימון 750 בקבוק חדש,יבואן ומשווק: ש. שסט,GR,פלמוליב נוזל לכלים פ,,750.00,,false,,11.90,0.0159,true,1,25538
7290001343845,false,"גרנולה פירות 1 ק""ג - 845 - ורוד שקדיה",הנסיך- מפעל לייצור ט,IL,גרנולה מעורבת שקדיה,,1000.00,100 גרם,false,,19.90,0.0199,true,1,54327
7290001407547,false,טחינה גולמית משומשום מלא פי 6 בארכה 500ג',רושדי תעשיות מזון בע,IL,טחינה משומשום מלא פי,,500.00,100 גרם,false,,17.90,0.0358,true,1,56090
7290001407936,false,בארכה-טחינה גולמית מעודנת בקבוק לחיץ 310 ג',רושדי תעשיות מזון בע,IL,טחינה מעודנת לחיץ בא,,310.00,,false,,14.90,0.0481,true,1,82637
7290001436790,false,נקנקיות מרגז מיני אקסטרה חריף ארוז בלדי 500 ג',יוליניבר,IL,נקניקיות מרגז מיני א,,500.00,100 גרם,false,,29.90,0.0598,true,1,83996
7290001455937,false,אנטריקוט עגל פריים,,,אנטריקוט עגל פריים,קילוגרמים,1.00,"ק""ג",true,,169.00,169.0000,true,1,117877
7290001482094,false,גבינה פרמז'נו משולשים ויליפוד 200ג',זנטי אס. אי לאלין,IT,פרמז'נו וילי פוד 200,,200.00,100 גרם,false,,24.90,0.1245,true,1,50522
7290001485019,false,גבינת שמנת 5% טעם טבעי 200 ג' טרה,קריות זול,IL,גבינת שמנת טבעי 5% 2,,200.00,100 גרם,false,,12.90,0.0645,true,1,25078
7290001491096,false,תה ירוק בתוספת לימונית ולואיזה 50 שקיקים ויסוצקי,קריות זול,IL,תה ירוק בתוספת לימונ,,50.00,,false,,49.90,0.9980,true,1,26643
7290001548011,false,טחינה ירוקה 250 גרם,מונטה קרלו,IL,טחינה ירוקה 250 גרם,,250.00,,false,,16.90,0.0676,true,1,106313
7290001548073,false,חציל טבעי שום 250גר,,,חציל טבעי שום 250גר,,250.00,,false,,17.90,0.0716,true,1,106303
7290001548134,false,כרוב לבן שום שמיר מו,מונטה קרלו,IL,כרוב לבן שום שמיר 25,,250.00,,false,,16.90,0.0676,true,1,106326
7290001548271,false,כרוב לבן וגזר 250 גר,מונטה קרלו,IL,כרוב לבן וגזר 250 גר,,250.00,,false,,16.90,0.0676,true,1,122630
7290001548295,false,מטבוחה מונטה קרלו 25,מונטה קרלו,IL,מטבוחה 250 גרם סלטי,,250.00,100 גרם,false,,16.90,0.0676,true,1,106336
7290001548387,false,כרוב סיני מונטה קרל,מונטה קרלו,IL,כרוב סיני 250 גרם סל,,250.00,,false,,16.90,0.0676,true,1,106328
7290001548530,false,מסבחה פטרוזיליה מונט,מונטה קרלו,IL,מסבחה פטרוזיליה 250,,250.00,,false,,16.90,0.0676,true,1,106314
7290001548639,false,חציל מונטה קרלו מונ,מונטה קרלו,IL,חציל מונטה קרלו 250,,250.00,100 גרם,false,,17.90,0.0716,true,1,106308
7290001548691,false,כרוב אדום במיונז מונ,מונטה קרלו,IL,כרוב אדום במיונז 250,,250.00,,false,,16.90,0.0676,true,1,106329
7290001567555,false,פסטרמה מעודנת עם דבש 300 ג' יחיעם,,,פסטרמה מעודנת עם דבש,,300.00,,false,,26.90,0.0897,true,1,83879
7290001567814,false,סלמי מעושן בסגנון איטלקי 300 ג' יחיעם,פ.פ.ח. שאביט,IL,סלמי מעושן בסגנון אי,,300.00,100 גרם,false,,27.90,0.0930,true,1,59618
7290001589342,false,"ספירה תחליב אנתוש יתושים, 70 מ""ל",סאסא קוסמטיקס,IL,ספירה תחליב נגד עקיצ,יחידה,70.00,יחידה,false,,13.90,0.1986,true,1,42957
7290001594230,false,"קינלי סודה בקבוק 250 מ""ל",החברה המרכזית לייצור,IL,קינלי סודה קלאסי 250,,250.00,100 גרם,false,,4.50,0.0180,true,1,25093
7290001594858,false,"בירה טובורג בקבוק 330X6מ""ל",קרלסברג ישראל,IL,בירה טובורג בקבוק שי,,1980.00,100 גרם,false,,45.90,0.0232,true,1,25104
7290001594865,false,"קרלסברג בירה בקבוק 6* 330 מ""ל",קרלסברג ישראל,IL,בירה קרלסברג שישייה,,1980.00,,false,,44.90,0.0227,true,1,25105
7290001598115,false,לחם בריאות מקמח מלא 700 גר,מאפיית יוסף ברון,,לחם חיטה 700 גרם,,700.00,100 גרם,false,,13.90,0.0199,true,1,118178
7290001598122,false,"לחם קל מקמח שיפון מלא, 550 גרם",קונדיטוריית ברון,,לחם מיוחד 550 גרם,,550.00,,false,,13.90,0.0253,true,1,118179
7290001598191,false,לחם קל שיפון מלא מהדרין 700גר,מאפיית יוסף ברון,,לחם קל מקמח שיפון 70,,700.00,100 גרם,false,,13.90,0.0199,true,1,118181
7290001598269,false,לחם 7 דגנים קל מקמח,מאפיית יוסף ברון,,לחם 36 קל ללא שמרים,,550.00,100 גרם,false,,13.90,0.0253,true,1,118183
7290001598276,false,"לחם 7 דגנים קל מקמח חיטה מלא ללא שמרים 1.1 ק""ג הברון",מאפיית יוסף ברון,,"לחם 7 דגנים 1.1 ק""ג",,1100.00,100 גרם,false,,16.90,0.0154,true,1,118184
7290001598580,false,פיתה כוסמין 100% 375ג' הברון,מאפיית יוסף ברון בעמ,,פיתות 6 יח כוסמין 37,,372.00,100 גרם,false,,16.90,0.0454,true,1,118187
7290001670736,false,כפפות נילון שקוף 100 יחידות,יבוא ושיווק: הנמל אר,IL,כפפות ניילון שקוף הנ,יחידה,0.00,יחידה,false,,6.90,0.0000,true,1,26784
7290001714034,false,שריר עגל,,,שריר עגל,קילוגרמים,1.00,"ק""ג",true,,79.90,79.9000,true,1,56829
7290001714058,false,אנטריקוט עגל פריים,,,אנטריקוט עגל פריים,קילוגרמים,1.00,"ק""ג",true,,169.00,169.0000,true,1,56830
7290001714072,false,צלעות עגל,,,צלעות עגל,קילוגרמים,1.00,"ק""ג",true,,79.90,79.9000,true,1,56831
7290001714133,false,גולש עגל,,,גולש עגל,קילוגרמים,1.00,"ק""ג",true,,79.00,79.0000,true,1,116633
7290001780428,false,מאגדת גלידת לייט שוקולד נסטלה 6יח' 312ג',גלידות נסטלה (נגה גל,IL,מאגדת לייט שלגוני שו,,312.00,100 גרם,false,,29.90,0.0958,true,1,24921
7290001780800,false,שלגון קראנץ ליבת נוגט שוקולד,נגה גלידות,,קראנץ' שוקולד ליבת נ,יחידה,0.00,יחידה,false,,11.90,0.0000,true,1,24922
7290001817377,false,צ'יטוס חטיף איקס עיגול פיצה 60 גרם,"שטראוס פריטו ליי בע""",IL,ציטוס איקס עיגול אפו,,60.00,,false,,4.30,0.0717,true,1,25002
7290001817728,false,צ'יטוס חטיף כאפה קטשופ 55 גרם,"שטראוס פריטו ליי בע""",IL,ציטוס כאפה אפוי 55גר,,55.00,,false,,4.30,0.0782,true,1,25005
7290001865439,false,פמלי לקשרי 1ליטר וניל טהור +משאבה,אף.סי תבליני בגליל ב,IL,פמלי סבון נוזלי וניל,,1000.00,100 גרם,false,,14.90,0.0149,true,1,23659
7290001873052,false,צלי כתף עגל,,,צלי כתף עגל,קילוגרמים,1.00,"ק""ג",true,,89.90,89.9000,true,1,116682
7290001990148,false,"סוכר גולדן קלאסי צנצנת 1ק""ג סוגת",האי נאם סי או אל.טי.,IL,סוכר גולדן קלאסי בצנ,,1000.00,100 גרם,false,,14.90,0.0149,true,1,33354
7290001990377,false,סוגת שעועית בובס 500 גר,קריות זול,,שעועית בובס סוגת 500,,500.00,,false,,13.90,0.0278,true,1,26998
7290002007357,false,שקיות צליה דליקטס מיקרוגל הנמל 10 יח',הנמל,IL,שקיות לצליה דליקטס ק,,10.00,,false,,4.90,0.4900,true,1,26797
7290002007487,false,צמר פלדה הנמל 100 גר,"איטיליאן פוד, אס.פי.",IL,צמר פלדה 100גר,,100.00,100 גרם,false,,3.90,0.0390,true,1,26803
7290002007500,false,קיסמי שיניים במבוק בחבית 500 יח',הנמל אריזות ושיווק ב,IL,קיסמי שיניים במבוק 5,,500.00,,false,,5.90,0.0118,true,1,26804
7290002008040,false,"שיפודים עץ 30 ס""מ הנמל 100יח'",הנמל אריזות ושיווק ב,IL,שיפודי עץ 100יח,יחידה,0.00,יחידה,false,,3.90,0.0000,true,1,69520
7290002008118,false,צמרונים עץ 100 יחידות,שוורצקוף& הנקל דיסלד,CN,צמרונים עץ 100יח.,,100.00,,false,,2.30,0.0230,true,1,26820
7290002008170,false,עטרות חום 3 מספר הנמל,הנמל,IL,עטרות חום 3,יחידה,0.00,יחידה,false,,7.90,0.0000,true,1,26823
7290002008224,false,סוכריות לקישוט צבעונית הנמל 100 ג',ממתקי עלה בעמ,IL,קישוט לעוגה גליד 100,,100.00,,false,,6.90,0.0690,true,1,69524
7290002008262,false,מצע לירקות ולפירות ה,שיווק: הנמל אריזות ו,IL,מצע לירקות ולפירות ה,יחידה,0.00,יחידה,false,,12.90,0.0000,true,1,26827
7290002008460,false,עטרות חום 1.5 מספר הנמל,קריות זול,IL,עטרות חום 1.5,יחידה,0.00,יחידה,false,,7.90,0.0000,true,1,26833
7290002008491,false,סוכריות לקישוט שוקולד 100 ג' הנמל,ממתקי עלה יצור שיווק,IL,סוכריות מזרה שוקולד,,100.00,,false,,6.90,0.0690,true,1,94157
7290002008507,false,נייר אפייה 50 יח' הנמל,הנמל אריזות ושיווק ב,IL,נייר אפיה 50יח,,50.00,,false,,9.90,0.1980,true,1,26836
7290002008828,false,סוכריות שוקולד לבן ג'מבו לקישוט הנמל 200ג' בדצ,ממתקי עלה ייצור שיוו,IL,סוכריות לעוגה גמבו ש,,200.00,100 גרם,false,,9.90,0.0495,true,1,26841
7290002008927,false,סוכריות לקישוט שוקו לבן 100 ג' הנמל,ממתקי עלה יצור שיווק,IL,סוכריות מזרה שוקו לב,,100.00,100 גרם,false,,6.90,0.0690,true,1,94158
7290002008934,false,סוכריות צבעוניות לקישוט לעוגה 200 גר,ממתקי עלה יצור שיווק,IL,סוכריות צבעוניות לקי,,200.00,100 גרם,false,,9.90,0.0495,true,1,26842
7290002026341,false,בטטה צ'יפס רגיל אריסטו קראנץ 500 ג',האי נאם סי או אל.טי.,CA,צ'יפס אריסטו רגיל 50,,500.00,100 גרם,false,,19.90,0.0398,true,1,90283
7290002026358,false,צ'יפס בטטה זיגזג אריסטו 500ג',האי נאם סי או אל.טי.,CA,צ'יפס בטטה זיג זג 50,,500.00,,false,,19.90,0.0398,true,1,90284
7290002026365,false,טבעות בצל אריסטו קראנץ 500 ג',היידי שוקולד בירונטי,IL,טבעות בצל 500גר,,500.00,,false,,12.90,0.0258,true,1,82442
7290002026440,false,פרצלס בייגלה בראנץ אנד קראנץ 280 ג',מוצרי איכות אמריקאיי,IL,פרצלס קפוא 280גר,,280.00,100 גרם,false,,14.90,0.0532,true,1,51996
7290002026587,false,וופל בלגי פרווה בראנץ אנד קראנץ 8 יח',בראנץ' אנד קראנץ Brunch& Crunch,BE,וופל בלגי קפוא 8יח ב,,280.00,100 גרם,false,,14.90,0.0532,true,1,106934
7290002037040,false,חלה קלה וודש 500 גרם,מאפית י את א ברמן בע,IL,חלה פלוב ודש 500 גרם,,500.00,100 גרם,false,,17.90,0.0358,true,1,41292
7290002037057,false,לחם לבן פרוס 500 גרם,מאפיית ודש,,לחם לבן פרוס 500גר,,500.00,100 גרם,false,,6.10,0.0122,true,1,73481
7290002037125,false,חלה פרוסה וודש 500גר,מאפית י את א ברמן בע,IL,חלה פרוסה וודש 500גר,,500.00,100 גרם,false,,10.90,0.0218,true,1,41294
7290002037163,false,**לחם אחיד פרוס וודש 750 גרם,מאפיית ודש,,לחם אחיד פרוס 750גר,,750.00,100 גרם,false,,7.91,0.0105,true,1,73482
7290002037309,false,לחמניות המבורגר 8יח 400גר,מאפית י את א ברמן בע,IL,לחמניות המבורגר 8יח,,400.00,100 גרם,false,,15.90,0.0398,true,1,41298
7290002037569,false,מארז 6 לחמניות באניס,מאפיית ודש,,לחמניות באוניס 6יח 4,,450.00,,false,,15.90,0.0353,true,1,41302
7290002037637,false,חליות מתוקות מארז 4יח',מאפית י את א ברמן בע,IL,חליות מתוקות 4יח,,400.00,100 גרם,false,,13.90,0.0348,true,1,41303
7290002037651,false,חלה מתוקה ברמן,,,חלה מתוקה ברמן,,500.00,100 גרם,false,,8.90,0.0178,true,1,118154
7290002053088,false,איטריות ביצים מס' 8.,אוריינטל,PL,אטריות ביצים מס`8 20,,200.00,,false,,10.90,0.0545,true,1,29986
7290002057031,false,זיתים מבוקע פיקנטי A2 יבנה 560 ג',קריות זול,IL,זית מבוקע יבנה 540גר,,540.00,100 גרם,false,,9.90,0.0183,true,1,33797
7290002057093,false,זיתים מנזנילו ירוק A2 יבנה 540ג',קדבורי,IL,זית מנזלינו ירוק יבנ,,540.00,100 גרם,false,,8.90,0.0165,true,1,33802
7290002057109,false,זיתים מנזנילו ירוק גדול ושום A2 יבנה 540ג',,,זית מנזולינו גדול מא,,540.00,,false,,10.90,0.0202,true,1,33803
7290002057123,false,זיתים חרוזית ירוק A2 יבנה 540ג',קריות זול,IL,חרוזית ירוק 540 גר,,540.00,,false,,10.90,0.0202,true,1,33804
7290002057185,false,טבעות זיתים ירוקים 560 ג' יבנה,קריות זול,IL,טבעות זיתים ירוק 540,,540.00,,false,,10.90,0.0202,true,1,33809
7290002057352,false,מלפפון במלח 7-9 560 ג' יבנה,אף.סי תבליני בגליל ב,IL,מלפפון 7-9 במלח 540ג,,540.00,100 גרם,false,,7.70,0.0143,true,1,37657
7290002057475,false,מלפפונים בחומץ 13-17 קטן A2 יבנה 540ג',קבוצת יבנה,IL,מלפפון 13-17 בחומץ 5,,540.00,,false,,10.90,0.0202,true,1,33817
7290002057604,false,שיפקה פלפל חריף A2 יבנה 600ג',קבוצת יבנה,IL,פלפל חריף שיפקה יבנה,,540.00,,false,,6.90,0.0128,true,1,33819
7290002057819,false,גמבה רצועות פלפל אדום A2 יבנה 300 גרם,קריות זול,IL,רצועות פלפל אדום 300,,300.00,100 גרם,false,,6.90,0.0230,true,1,33825
7290002079552,false,לחם אחיד דוידוביץ 75,,,לחם אחיד שחור,,750.00,100 גרם,false,,6.96,0.0093,true,1,33230
7290002079569,false,לחם לבן חשוף,,,לחם לבן חשוף,,750.00,100 גרם,false,,5.10,0.0068,true,1,94339
7290002079590,false,חלה רגילה 500 גרם,מאפיית דוידוביץ,,חלה רגילה 500גר,,500.00,100 גרם,false,,6.26,0.0125,true,1,94340
7290002079606,false,חלה רגילה 500גר,,,חלה רגילה 500גר,,500.00,100 גרם,false,,6.26,0.0125,true,1,94341
7290002079675,false,לחמניה רגילה 75 גר,יושלם,,לחמניה רגילה,,75.00,100 גרם,false,,1.90,0.0253,true,1,94342
7290002079699,false,לחמניה רגילה,,,לחמניה רגילה,,75.00,100 גרם,false,,1.90,0.0253,true,1,94343
7290002107071,false,צוריאל פטה עיזים מעודנת גביע 16% 200ג,מחלבת משק צוריאל,IL,פטה עיזים מעודנת 16%,,200.00,100 גרם,false,,29.30,0.1465,true,1,25113
7290002107491,false,גבינת עזים למריחה טבעי 5% צוריאל 250 ג',מחלבת משק צוריאל,IL,גבינת עזים למריחה טב,,250.00,100 גרם,false,,17.90,0.0716,true,1,25117
7290002107798,false,גבינה בולגרית מעודנת 5% צוריאל 250ג',מחלבת משק צוריאל,IL,בולגרית מעודנת 5% בג,,250.00,,false,,25.40,0.1016,true,1,21888
7290002118398,false,צמרוני אוזניים בקופסא מרובעת 200 יח',,,צימרוני אוזניים 'בקו,,200.00,,false,,5.90,0.0295,true,1,26847
7290002128083,false,נרות חנוכה רגיל 44יח-מנורה,,,נרות חנוכה רגיל 44 י,יחידה,0.00,יחידה,false,,3.90,0.0000,true,1,31719
7290002128205,false,נרות לא נוטפים 45יח-מנורה,,,נרות חנוכה דה-לוקס ב,יחידה,0.00,יחידה,false,,6.90,0.0000,true,1,31720
7290002128328,false,כוסות שתייה חמה 50 י,טיי פרידה,CN,כוסות שתייה חמה 50 י,יחידה,0.00,יחידה,false,,7.90,0.0000,true,1,120616
7290002128380,false,חנוכיית פס+כוסיות+צי,,,חנוכיית פס+כוסיות+צי,יחידה,0.00,יחידה,false,,15.90,0.0000,true,1,116195
7290002128403,false,נרות שבת אורה מספר 4,קריות זול,IL,נרות שבת מס 4,יחידה,0.00,יחידה,false,,3.90,0.0000,true,1,22432
7290002128434,false,נרות שבת אורה מספר 1,קריות זול,IL,נרות שולחן 10 יח,,10.00,,false,,3.90,0.3900,true,1,22435
7290002128458,false,נר שבת מספר 16יח,,,נר שבת מספר 16יח,יחידה,0.00,יחידה,false,,3.90,0.0000,true,1,22437
7290002130567,false,דבש טהור מפרחי בר בזכוכית 350 גרם,מכוורת יד מרדכי שטרא,IL,דבש טהור מפרחי בר יד,,350.00,,false,,21.90,0.0626,true,1,27392
7290002130581,false,דבש טהור מפרחי בר בצ,קריות זול,IL,דבש טהור מפרחי בר בז,,1000.00,,false,,48.90,0.0489,true,1,27393
7290002132011,false,עוגיות מזרחיות 400 ג' עבאדי,מאפיית יוסף ושמחה עב,IL,עוגיות עבאדי מזרחיות,,400.00,,false,,19.90,0.0497,true,1,26652
7290002133032,false,גבינה קשקבל מגורדת ש,מחלבת השומרון,IL,פתיתי קשקבל 28% 300ג,,300.00,100 גרם,false,,29.90,0.0997,true,1,34686
7290002133162,false,בולגרית גביע 5% 250ג,מחלבת שומרון,IL,בולגרית גביע 5% 250ג,,250.00,100 גרם,false,,19.90,0.0796,true,1,31881
7290002133520,false,יוגורט של פעם 3% השו,מחלבת שומרון,IL,יוגורט של פעם 3% השו,,400.00,,false,,10.90,0.0273,true,1,34688
7290002133858,false,בולגרית צאן גביע 250,מחלבת שומרון,IL,בולגרית צאן גביע 250,,250.00,,false,,23.90,0.0956,true,1,31885
7290002150718,false,"קרפלך במילוי תפו""א ח",,,"קרפלך במילוי תפו""א ח",,400.00,100 גרם,false,,16.90,0.0422,true,1,60433
7290002150732,false,קרפלך במילוי בשר חמי,,,קרפלך במילוי בשר חמי,,400.00,,false,,16.90,0.0422,true,1,60434
7290002150794,false,סיגר בשר חמים וטעים,,,סיגר בשר חמים וטעים,,400.00,,false,,16.90,0.0422,true,1,60435
7290002150817,false,"סיגר תפו""א חמים וטעי",יושלם,,"סיגר תפו""א חמים וטעי",,400.00,,false,,16.90,0.0422,true,1,60436
7290002150831,false,"פסטל תפו""א חמים וטעי",,,"פסטל תפו""א חמים וטעי",,400.00,100 גרם,false,,16.90,0.0422,true,1,60437
7290002153801,false,אובלטים שומשום 300 גר,,,אובלטים שומשום 300 ג,,300.00,,false,,10.90,0.0363,true,1,90303
7290002153825,false,אובלטים מלוחים 300 גר,,,אובלטים מלוחים 300 ג,,300.00,100 גרם,false,,10.90,0.0363,true,1,90304
7290002153887,false,אובלטים מלוחים 300 גר,,,אובלטים קימל 300גר,,300.00,,false,,10.90,0.0363,true,1,90305
7290002190141,false,ממרח ריבת חלב קונדיטור,Barhan gida sanayi v,IL,ריבת חלב בצנצנת 450,,450.00,,false,,14.90,0.0331,true,1,25427
7290002195078,false,קבב כבש בלדי קפוא 400 ג',,,בלדי קבב כבש 400גר,,400.00,100 גרם,false,,15.90,0.0398,true,1,38009
7290002195085,false,קבב מזרחי בלדי 400 ג'- 8 יח',יוליניבר,IL,קבב מזרחי 400גר,,400.00,100 גרם,false,,15.90,0.0398,true,1,38010
7290002211044,false,"סולת - חום רוט 1 ק""ג",,,"סולת 1ק""ג",,1000.00,,false,,6.90,0.0069,true,1,27992
7290002211112,false,קמח רוט כחול לבן 1קג,,,קמח רוט כחול לבן 1קג,,1000.00,,false,,6.90,0.0069,true,1,84054
7290002211297,false,קמח חיטה לבן בהיר מנ,,,קמח חיטה לבן בהיר מנ,,1000.00,100 גרם,false,,7.90,0.0079,true,1,121649
7290002211501,false,קמח תופח מנופה טחנת,,,קמח תופח מנופה טחנת,,1000.00,,false,,7.90,0.0079,true,1,121652
7290002211518,false,קמח חיטה לבן מנופה ט,,,קמח חיטה לבן מנופה ט,,1000.00,,false,,7.90,0.0079,true,1,121650
7290002253006,false,דורות שום כתוש טרי 200 גרם,עיצובים 2020 (3.8),IL,שום כתוש דורות 200גר,,200.00,100 גרם,false,,19.90,0.0995,true,1,22998
7290002253105,false,מגשית קוביות שום טרי דורות 80 ג',עיצובים 2020 (3.8),IL,קוביות שום דורות 80ג,,80.00,100 גרם,false,,13.90,0.1738,true,1,23000
7290002253150,false,בזיליקום טרי קצוץ דורות 70 ג',עיצובים 2020 (3.8),IL,קוביות בזיליקום קצוץ,,70.00,,false,,13.90,0.1986,true,1,23001
7290002253167,false,פטרוזליה קצוצה דורות 70 גר',עיצובים 2020 (3.8),IL,פטרוזליה קצוצה דורות,,70.00,,false,,13.90,0.1986,true,1,23002
7290002253174,false,קוביות שמיר קצוץ דור,עיצובים 2020 (3.8),IL,קוביות שמיר קצוץ דור,,70.00,,false,,13.90,0.1986,true,1,62394
7290002253181,false,כוסברה טריה קצוצה 70 ג' דורות,עיצובים 2020 (3.8),IL,כוסברה קצוצה דורות 7,,70.00,,false,,13.90,0.1986,true,1,23003
7290002253198,false,ג'ינג'ר טרי כתוש במגשית 70 ג' דורות,עיצובים 2020 (3.8),IL,גינגר כתוש במגשית דו,,70.00,100 גרם,false,,13.90,0.1986,true,1,23004
7290002259664,false,רדיד אלומיניום דיימונד גדול 60X0.60מ',ריינולדס מוצרי צריכה,US,רדיד אלומניום 30*61,,60.00,,false,,54.90,0.9150,true,1,28092
7290002278528,false,כרית קרצוף לכלים שבת כלין 2 יח',פלסטו פוליש (ברקן),IL,כרית ניקוי כלים 2יח,יחידה,0.00,יחידה,false,,8.90,0.0000,true,1,94479
7290002291046,false,המבורגר מסעדות קצבייה 4 יח'-480 ג',יוליניבר,IL,המבורגר מסעדות קצביי,,480.00,,false,,26.90,0.0560,true,1,44464
7290002319016,false,אבקת אפיה מיה מארז 10X10 ג',מיה תעשיות מזון בעמ,IL,אבקת אפיה 10*10גרם,,100.00,,false,,2.50,0.0250,true,1,76504
7290002319023,false,סוכר וניל מיה עשיריו,מיה תעשיות מזון בעמ,IL,סוכר וניל מיה 10*10ג,,100.00,,false,,2.50,0.0250,true,1,76505
7290002319061,false,קוקוס טחון מיה 100 ג,מיה,IL,קוקוס טחון מיה 100 ג,,100.00,,false,,4.90,0.0490,true,1,76507
7290002319078,false,שומשום מיה 100 גרם,מיה,IL,שומשום מיה 100 גר,,100.00,,false,,4.90,0.0490,true,1,76508
7290002319184,false,עדשים אדומים יבשים מיה 500 גר',מיה,IL,עדשים אדומות 500 גר,,500.00,100 גרם,false,,9.90,0.0198,true,1,95146
7290002319375,false,"קורנפלור 200 ג' בד""ץ מיה",מיה תעשיות מזון,IL,קורנפלור 200 גרם,,200.00,,false,,3.90,0.0195,true,1,76520
7290002319771,false,"תמצית אפיה וניל 50מ""ל מיה",מיה תעשיות מזון בעמ,IL,"תמצית אפיה וניל 50מ""",,50.00,100 גרם,false,,3.70,0.0740,true,1,76524
7290002319788,false,"תמצית אפיה רום 50 מ""ל מיה",מיה תעשיות מזון,IL,תמצית אפיה בטעם רום,,50.00,100 גרם,false,,3.70,0.0740,true,1,76525
7290002319825,false,אבקת סוכר מיה 100גרם,מיה תעשיות מזון,IL,אבקת סוכר מיה 100גרם,,100.00,,false,,2.50,0.0250,true,1,76527
7290002331124,false,"נביעות+ מים טעם תפוח 500מ""ל",נביעות טבע הגליל בעמ,IL,נביעות+ תפוח 500מל,,500.00,100 גרם,false,,7.50,0.0150,true,1,25124
7290002331155,false,"נביעות+ בטעם אפרסק 500 מ""ל",נביעות טבע הגליל בעמ,IL,נביעות+ אפרסק 500מל,,500.00,,false,,7.50,0.0150,true,1,25127
7290002331360,false,"נביעות מים מינרליים טו גו מארז 500X6מ""ל",קריות זול,IL,נביעות טו גו שישייה,,3000.00,100 גרם,false,,16.90,0.0056,true,1,25131
7290002331711,false,נביעות פלוס בטעם ענבים 500מל,נביעות טבע הגליל בעמ,IL,נביעות+ בטעם ענבים 5,,500.00,,false,,7.50,0.0150,true,1,25134
7290002336686,false,אסאדו עע,,,אסאדו עע,קילוגרמים,1.00,"ק""ג",true,,79.90,79.9000,true,1,106195
7290002345886,false,צלי כתף עגל,,,צלי כתף עגל,קילוגרמים,1.00,"ק""ג",true,,89.90,89.9000,true,1,116683
7290002360124,false,חליטת תה ורד הבר פומפדור 20 שקיקים,TEEKANNE- POMPADOU,DE,חליטת תה פומפדור ורד,,30.00,100 גרם,false,,15.90,0.5300,true,1,32952
7290002360155,false,חליטת תה פרחי שומר פומפדור 20 שקיקים,קריות זול,DE,חליטת תה פומפדור פרח,,40.00,,false,,15.90,0.3975,true,1,25540
7290002360285,false,תה פומפדור חליטת צמחים קמומיל 20 שק,TEEKANNE- POMPADOU,DE,חליטת תה פומפדור קמו,,30.00,100 גרם,false,,15.90,0.5300,true,1,25545
7290002371533,false,דקניקים סלסולי פסטרמה בדבש 120 ג' טירת צבי,הנסיך- מפעל לייצור ט,IL,סלסולי פסטרמה בדבש ט,,120.00,,false,,15.90,0.1325,true,1,81945
7290002371854,false,"נקניקיות עוף מתובלות 1 ק""ג טירת צבי",הנסיך- מפעל לייצור ט,IL,נקניקיות עוף חריפות,,1000.00,100 גרם,false,,31.90,0.0319,true,1,71070
7290002374268,false,שמן חמניות מילומור 1 ליטר,שמן תעשיות,IL,שמן חמניות מילומור 1,,1000.00,100 גרם,false,,11.90,0.0119,true,1,115044
7290002374640,false,שמן קנולה פלוס אומגה 3 1ל' עץ הזית,שמן תעשיות,IL,שמן קנולה פלוס אומגה,,1000.00,,false,,18.90,0.0189,true,1,54601
7290002407348,false,"שמן זית כתית מעולה 750 מ""ל ג'השאן",,,שמן זית ג'השאן כתית,,750.00,,false,,29.90,0.0399,true,1,89680
7290002409014,false,ציפור השרון גחנון אפוי 600גר,ציפור השרון,,גחנון אפוי ציפור השר,,600.00,100 גרם,false,,21.90,0.0365,true,1,28268
7290002409076,false,ציפור השרון גחנון בצק 800גר,ציפור השרון,,גחנון בצק ציפור השרו,,800.00,100 גרם,false,,16.90,0.0211,true,1,28272
7290002409175,false,"בצק עלים צרפתי צפ.השרון 1 ק""ג",ציפור השרון,,בצק עלים 1קג,,1000.00,100 גרם,false,,16.90,0.0169,true,1,28273
7290002409274,false,מלוואח ציפור השרון 5 יחי',,,מלווח ציפור השרון 80,,800.00,,false,,16.90,0.0211,true,1,119306
7290002447481,false,צ'אך עגל טרי,,,צ'אך עגל,קילוגרמים,1.00,"ק""ג",true,,99.90,99.9000,true,1,37785
7290002447528,false,אווזית עגל,,,אווזית עגל,קילוגרמים,1.00,"ק""ג",true,,99.90,99.9000,true,1,37787
7290002447559,false,סינטה עגל,,,סינטה עגל,קילוגרמים,1.00,"ק""ג",true,,139.90,139.9000,true,1,37789
7290002447573,false,שייטל עגל טרי,,,שייטל עגל,קילוגרמים,1.00,"ק""ג",true,,99.90,99.9000,true,1,37790
7290002479352,false,דבש עמק חפר 350גרם,מכוורת עמק חפר,,דבש עמק חפר 350גרם,,350.00,,false,,16.90,0.0483,true,1,60630
7290002488422,false,תמר מגהול פרימיום 60,מרינה,IL,תמר מגהול פרימיום 60,,600.00,,false,,19.90,0.0332,true,1,121457
7290002512004,false,מלוואח צנעני 900 גרם,צנעני,IL,מלווח צנעני 900גר,,900.00,100 גרם,false,,19.90,0.0221,true,1,97125
7290002512264,false,ג'חנון מופחת שומן רו,צנעני,IL,גחנון מופחת שומן 700,,700.00,,false,,19.90,0.0284,true,1,97124
7290002515333,false,"ד""ר פישר - קמיל בלו סנסיטיב אל סבון עדין לתינוק 500 מ""ל","ד""ר פישר Dr fischer",IL,קמיל בלו סנסטיב אל ס,,500.00,100 גרם,false,,19.90,0.0398,true,1,77368
7290002517269,false,תבלין פלפל שחור שלם 35ג',תות ממתקי איכות,IL,פלפל שחור שלם 35גר,,35.00,,false,,11.90,0.3400,true,1,54647
7290002517337,false,תבלין אורגנו עלים 20 גר',תות ממתקי איכות,IL,אורגנו עלים 20גר,,20.00,,false,,7.90,0.3950,true,1,37713
7290002517603,false,תבלין בזיליקום מיכל 10ג',תות ממתקי איכות,IL,בזיליקום 10גר,,10.00,100 גרם,false,,7.90,0.7900,true,1,37726
7290002517634,false,תבליני כוסברה 30גר,תות ממתקי איכות,IL,תבליני כוסברה 30גר,,30.00,,false,,7.90,0.2633,true,1,37728
7290002517689,false,תבלין קרי 40 גרם מיכל קטן,תות ממתקי איכות,IL,תבלינ קרי אבקה 40גר,,40.00,100 גרם,false,,7.90,0.1975,true,1,37731
7290002517726,false,תבלין מקלות קינמון 15ג',תות ממתקי איכות,IL,מקלות קינמון 15גר,,15.00,100 גרם,false,,7.90,0.5267,true,1,37732
7290002517733,false,תבלין קצח טעם וריח 4,תות ממתקי איכות,IL,קצח 40גר,,40.00,100 גרם,false,,7.90,0.1975,true,1,37733
7290002517801,false,תבלין צ'ילי כתוש - חריף (פלפל קיינה) 30 ג',תות ממתקי איכות,IL,צילי כתוש 30גר,,30.00,100 גרם,false,,7.90,0.2633,true,1,37738
7290002517825,false,תבלין פלפל לבן טחון 40ג',תות ממתקי איכות,IL,פלפל לבן טחון 40גר,,40.00,100 גרם,false,,12.90,0.3225,true,1,37740
7290002517863,false,תבלין ציפורן טחון 80ג',תות ממתקי איכות,IL,ציפורן טחון 40גר,,40.00,100 גרם,false,,9.90,0.2475,true,1,37743
7290002542780,false,"שישיית בירה סטלה ארטואה 330 מ""ל*6",סטלה ארטואה Stella Artois,BE,בירה סטלה ארטואה 6*3,,1980.00,,false,,34.90,0.0176,true,1,122900
7290002560227,false,אשפתון גופיה 75/90 2,קריות זול,,אשפתון גופיה 75/90 2,יחידה,0.00,יחידה,false,,10.90,0.0000,true,1,88462
7290002560524,false,נייר אפייה בגליל 25,,,נייר אפייה בגליל 25,יחידה,0.00,יחידה,false,,10.90,0.0000,true,1,122464
7290002627302,false,צלי כתף עגל,,,צלי כתף עגל,קילוגרמים,1.00,"ק""ג",true,,89.90,89.9000,true,1,116684
7290002627364,false,אנטריקוט עגל פריים,,,אנטריקוט עגל פריים,קילוגרמים,1.00,"ק""ג",true,,169.00,169.0000,true,1,106172
7290002627371,false,צלעות עגל,,,צלעות עגל,קילוגרמים,1.00,"ק""ג",true,,79.90,79.9000,true,1,106177
7290002627401,false,צלי כתף עגל,,,צלי כתף עגל,קילוגרמים,1.00,"ק""ג",true,,89.90,89.9000,true,1,106190
7290002661443,false,פירורי לחם מוזהבים עדינים 200 גר.,,,פירורי לחם זהוב עדין,,200.00,100 גרם,false,,4.50,0.0225,true,1,84097
7290002661474,false,פרורי לחם עם שומשום 200 ג',Unknown,,פירורי לחם זהוב עם ש,,200.00,,false,,4.50,0.0225,true,1,84098
7290002661535,false,פירורי לחם מוזהבים 1,מאפית י את א ברמן בע,IL,פירורי לחם זהוב 1 קג,,1000.00,,false,,10.90,0.0109,true,1,97516
7290002661863,false,קרוטונים מתובלים למרק 350 גר'.,מאפית י את א ברמן בע,IL,קרוטונים מתובלים למר,,350.00,,false,,16.90,0.0483,true,1,100184
7290002661962,false,קרקר תירס פריך בתוספ,אבונט ק.פ.ט,HU,קרקר פריך קינואה 100,,100.00,100 גרם,false,,7.90,0.0790,true,1,114289
7290002661979,false,קרקר תירס פריך בתוספ,אבונט ק.פ.ט,HU,קרקר פריך פשתן 100 ג,,100.00,100 גרם,false,,7.90,0.0790,true,1,114290
7290002692393,false,שמן קנולה מועשר עץ ה,שמן תעשיות,IL,שמן קנולה מועשר עץ ה,,1000.00,100 גרם,false,,17.90,0.0179,true,1,33850
7290002692478,false,"שמן זית כתית מעולה קלאסי מעודן 750 מ""ל עץ הזית","מרקאולאו, ספרד.אבסה,",IT,שמן זית כתית מעולה ע,,750.00,100 גרם,false,,34.90,0.0465,true,1,21986
7290002692768,false,"תרסיס קנולה מופחת קלוריות 200 מ""ל עץ הזית",טרנסומס פוד איי בי,IT,תרסיס שמן קנולה מופח,,200.00,100 גרם,false,,18.90,0.0945,true,1,28018
7290002692775,false,"תרסיס שמן קנולה בטעם חמאה 200 מ""ל עץ הזית",,,תרסיס שמן קנולה בטעם,,200.00,100 גרם,false,,18.90,0.0945,true,1,91243
7290002692782,false,"תרסיס מופחת קלוריות זית 200 מ""ל עץ הזית",י.ב טכנולוגיות אריזה,IL,תרסיס שמן זית עץ הזי,,200.00,,false,,18.90,0.0945,true,1,28020
7290002730262,false,פלמוליב כלים שקוף קלאסי 750 בקבוק חדש,יבואן ומשווק: ש. שסט,GR,פלמוליב נוזל לכלים ק,,750.00,100 גרם,false,,11.90,0.0159,true,1,25563
7290002730521,false,צימרוני אוזניים בלונס בקופסא 200 יח',קריות זול,GR,צמרוני אוזניים בקופס,,200.00,,false,,7.90,0.0395,true,1,32956
7290002730538,false,בלונס פדים להסרת איפור 80 יח',הנסיך- מפעל לייצור ט,GR,פדים להסרת איפור בלו,יחידה,0.00,יחידה,false,,10.90,0.0000,true,1,25565
7290002730941,false,בלונס צמר גפן פרוס 100גר',הנסיך- מפעל לייצור ט,GR,צמר גפן פרוס בלונס 1,,100.00,100 גרם,false,,7.90,0.0790,true,1,32958
7290002735007,false,"בצק עלים 1 ק""ג ינון",,,בצק עלים ינון 1קג,,1000.00,100 גרם,false,,16.90,0.0169,true,1,31389
7290002735014,false,מלוואח ארוז ינון 800 גר',ג'נרל מילס סאן אדריא,IL,מלווח ארוז ינון 800ג,,800.00,100 גרם,false,,15.90,0.0199,true,1,22088
7290002735021,false,ינון גחנון ארוז 750גר,ג'נרל מילס סאן אדריא,IL,גחנון ארוז ינון 750ג,,750.00,100 גרם,false,,15.90,0.0212,true,1,22089
7290002752332,false,"סוכריות מנטוס פירות בגליל, 37.5 גרם",הדקלאים אגודת שיתופי,NL,מנטוס גליל פירות בוד,,37.50,,false,,4.00,0.1067,true,1,26926
7290002752349,false,סוכריות מנטוס מנטה 40יח' בגליל 38ג',פרפטי ואן מלה,NL,מנטוס גליל מנטה בודד,,37.50,100 גרם,false,,4.00,0.1067,true,1,26927
7290002752493,false,רביעיה סוכריות מנטה 4* 16 ג' טיק טק,קריות זול,ZA,טיקטק מנטה רביעייה 4,,64.00,100 גרם,false,,11.90,0.1859,true,1,26928
7290002753223,false,רביעייה סוכריות תפוז 4*16 ג' טיק טק,קריות זול,ZA,טיקטק תפוז רביעייה 4,,64.00,100 גרם,false,,11.90,0.1859,true,1,26929
7290002753995,false,ערכת קישוטי עוגה 150 גר',היינץ צפון אמריקה מק,DE,ערכת קישוטי עוגה 150,,150.00,,false,,19.50,0.1300,true,1,26930
7290002768074,false,דרמופון - סבון נוזלי 1 ליטר,טרופיקל דגיל תעשיות,IL,דרמופון סבון ללא סבו,,1000.00,100 גרם,false,,19.90,0.0199,true,1,27199
7290002768159,false,"בת אורן סבון קצף לאמבט 500 מ""ל",פארק תעשיות עמק חפרמ,IL,קצף אמבט בת אורן 500,,500.00,,false,,19.90,0.0398,true,1,27200
7290002769316,false,עוגת קראנץ 500 גרם,,,עוגת קראנץ 500 גרם,,500.00,100 גרם,false,,18.90,0.0378,true,1,99043
7290002769392,false,עוגיות אדל עבודת יד 300 גר',,,עוגיות פרימיום מיוחד,,250.00,100 גרם,false,,23.90,0.0956,true,1,92993
7290002769514,false,עוגיות מובחרות 350 ג,,,עוגיות מובחרות 350 ג,,350.00,100 גרם,false,,13.90,0.0397,true,1,113894
7290002769675,false,מאפינס ללא סוכר 450 גר,אחווה,,מאפינס ללא סוכר 450,,450.00,100 גרם,false,,18.90,0.0420,true,1,113897
7290002769910,false,עוגיות ללא תוספת סוכר 350 גר',,,עוגיות ללא תוספת סוכ,,350.00,100 גרם,false,,13.90,0.0397,true,1,113895
7290002782759,false,"פנינה קרם גוף רוזנבלום 400 מ""ל",א.ל ארמן,IL,קרם גוף פנינה רוזנבל,,340.00,,false,,25.90,0.0762,true,1,99482
7290002824183,false,גבינה לבנה 5% שומן 500 ג' שטראוס,מיוצר עי קונדיטוריית,IL,קרם גבינה 5% סקי 500,,500.00,,false,,9.96,0.0199,true,1,27394
7290002824466,false,דנונה יוגורט ביו 0% 200מל,"שטראוס בריאות בע""מ",IL,דנונה יוגורט ביו 0%,,200.00,100 גרם,false,,4.70,0.0235,true,1,27395
7290002824640,false,גבינה שטראוס 5% 250 ג',מיוצר עי קונדיטוריית,IL,גבינה 5% סקי 250 גרם,,250.00,100 גרם,false,,4.98,0.0199,true,1,27397
7290002825722,false,סלט כרוב אדום אחלה 5,מיוצר עי קונדיטוריית,IL,כרוב אדום אחלה 500גר,,500.00,,false,,17.50,0.0350,true,1,27401
7290002868996,false,קוטג' 5% מועשר טרה 250ג' מהדרין,קריות זול,IL,קוטג מועשר 5% 250גר,,250.00,100 גרם,false,,6.40,0.0256,true,1,25137
7290002879282,false,חטיף טורטיה ציפס תיר,פוקולוקו,,ציפס תירס טורטילה 20,,200.00,100 גרם,false,,11.90,0.0595,true,1,22538
7290002881209,false,רסק תפוחי עץ דיאט 700 ג' תומר,Geurts conservenfabr,,"רסק תפו""ע דיאט 720גר",,720.00,100 גרם,false,,10.90,0.0151,true,1,31964
7290002881216,false,רסק תפוחי עץ בצנצנת 700 ג' תומר,Geurts conservenfabr,,"רסק תפו""ע לסכרתיים 7",,700.00,100 גרם,false,,10.90,0.0156,true,1,22567
7290002881414,false,נודלס עבה תומר 400גר,אופאל,,נודלס עבה תומר 400גר,,400.00,100 גרם,false,,10.90,0.0273,true,1,31970
7290002881506,false,חמאת בוטנים תומר 510 ג',Niza s a,,חמאת בוטנים 510גר,,510.00,,false,,12.90,0.0253,true,1,22572
7290002881612,false,לפתן דובדבנים חמוצים,Fructo sliven jsc,,לפתן דובדבנים חמוצים,,680.00,,false,,10.90,0.0160,true,1,91985
7290002881742,false,לבבות דקל פרוסות תומר 400 ג',Inaexpo,,לבבות דקל פרוסות תומ,,400.00,,false,,10.90,0.0273,true,1,31975
7290002881872,false,פטריות חתוכות תומר 2,,,פטריות חתוכות תומר 2,,290.00,,false,,4.90,0.0169,true,1,48457
7290002881919,false,פטריות שלמות תומר 40,גיבונג אינדסקיאלס,,פטריות שלמות תומר 40,,400.00,100 גרם,false,,8.90,0.0223,true,1,34781
7290002881940,false,סרדינים מרוקאי בשמן חמניות 125ג' תומר,Union des pecheries,,סרדין מרוקאי בשמן 12,,125.00,100 גרם,false,,6.90,0.0552,true,1,31977
7290002881957,false,סרדינים מרוקאי חריף בשמן חמניות 125ג' תומר,Union des pecheries,,סרדין מרוקאי חריף 12,,125.00,100 גרם,false,,6.90,0.0552,true,1,31978
7290002904694,false,"טיטניום דאודורנט ספריי לגברים 150 מ""ל",אמיליה קוסמטיקס בעמ,IL,טיטניום ספריי 180מל,,180.00,,false,,19.90,0.1106,true,1,27201
7290002909569,false,דג ברבוניה פילה קפוא 400 ג',דולפין ספא,,פילה ברבוניה קפוא 40,,400.00,100 גרם,false,,24.90,0.0622,true,1,105159
7290002909804,false,פילה בקלה (מרלוזה ) ללא עור ארגנטיני,,,מרלוזה פילה ללא עור,קילוגרמים,1.00,"ק""ג",true,,35.90,35.9000,true,1,81620
7290002921349,false,דבק סופר גלו מארז זוגי,קריות זול,,זוג דבק סופר גלו,יחידה,0.00,יחידה,false,,14.90,0.0000,true,1,24880
7290003009596,false,"פריגת סירופ דיאט אשכוליות 750מ""ל",סירופ - גבעת חיים,IL,סירופ דיאט אשכולית פ,,750.00,,false,,24.90,0.0332,true,1,25153
7290003011087,false,"אורז בסמטי 1 ק""ג אלפנט",,IN,אורז בסמטי אלפנט 1קג,,1000.00,,false,,13.90,0.0139,true,1,48392
7290003026036,false,"ד""ר פישר - קמיל בלו סנסיטיב אל סבון עדין לתינוק 1 ליטר","ד""ר פישר Dr fischer",IL,קמיל בלו סנסיטיב אל,,1000.00,100 גרם,false,,34.90,0.0349,true,1,77371
7290003029181,false,משקה יטבתה שוקו' בקבוק 1ל מהדרין,מחלבת יטבתה,IL,שוקו 2% בבקבוק יטבתה,,1000.00,100 גרם,false,,12.90,0.0129,true,1,27407
7290003029372,false,משקה חלב בננה בקבוק 1ל' יוטבתה,מחלבת יטבתה,IL,משקה חלב בטעם בננה י,,1000.00,100 גרם,false,,12.90,0.0129,true,1,27410
7290003029389,false,"משקה חלב בננה פקק ספורט 250 מ""ל יוטבתה",שטראוס גרופ,IL,משקה חלב בננה יטבתה,,250.00,100 גרם,false,,5.90,0.0236,true,1,27411
7290003029433,false,"משקה יטבתה שוקו פקק 250 מ""ל מהדרין",מחלבת יטבתה,IL,שוקו יטבתה 250מל,,250.00,100 גרם,false,,5.90,0.0236,true,1,27413
7290003029792,false,"משקה יטבתה שוקו שקיות מהדרין מארז 225X8מ""ל",שטראוס גרופ,IL,שוקו 2% יטבתה 225x8,,1800.00,100 גרם,false,,22.90,0.0127,true,1,27417
7290003029815,false,חלב יוטבתה מועשר 3% בכד 2ל',מחלבת יטבתה,IL,חלב מועשר 3% בכד יטב,,2000.00,100 גרם,false,,16.90,0.0084,true,1,27418
7290003029907,false,משקה יטבתה אייס קפה 1ליטר,מחלבת יטבתה,IL,משקה חלב בטעם אייס ק,,1000.00,100 גרם,false,,12.90,0.0129,true,1,27421
7290003054657,false,חרדל דיזון אקסטרה פורטה 370 גרם,מרום את קונפינו,FR,חרדל דיזון אקסטרא פו,,370.00,100 גרם,false,,13.90,0.0376,true,1,23494
7290003102136,false,צמר גפן COTTON SOFT רפואי 100 גר' 3102136,הדקלאים אגודת שיתופי,TR,צמר גפן רפואי 100 גר,,100.00,100 גרם,false,,5.90,0.0590,true,1,33558
7290003126712,false,יוגורט עיזים בגביע 3% צוריאל 150 ג',מחלבת משק צוריאל,IL,יוגורט עיזים בגביע 3,,150.00,,false,,6.90,0.0460,true,1,25173
7290003141159,false,מרשמלו יוגטה 180 גרם,סאדאט,IL,מרשמלו יוגטה 180גר,,180.00,,false,,8.90,0.0494,true,1,49177
7290003208609,false,וורמוט מרטיני רוסו 7,מרטיני ורוסי,IT,מרטיני רוסו 750מל,,750.00,100 גרם,false,,49.90,0.0665,true,1,22085
7290003212965,false,עוגיות רוגלך הזהב במארז 400 גר',,,מובחרות שמרים 400 גר,,400.00,100 גרם,false,,13.90,0.0348,true,1,77640
7290003217014,false,תנעמי פיתות מיזרחיות 5*100גר,יוניליוור גרמניה Gm,IL,פיתות מיזרחיות 5*100,,500.00,,false,,6.90,0.0138,true,1,33650
7290003217052,false,פיתות כפריות קלות 5*100גר,יוניליוור גרמניה Gm,IL,פיתות כפריות קלות 5*,,500.00,100 גרם,false,,10.90,0.0218,true,1,33651
7290003222049,false,פיתות ביס קמח מלא אפ,מאפיית המכבים,IL,פיתה ביס קמח מלא 12,יחידה,0.00,יחידה,false,,10.90,0.0000,true,1,54912
7290003222094,false,מארז פיתות ביס עבודת,מאפיית טעמי הכפר,IL,פיתה ביס 11 יח',יחידה,0.00,יחידה,false,,11.90,0.0000,true,1,54913
7290003222568,false,פיתות המכבים 5 יח,מאפיית המכבים,IL,פיתה רגילה 5 יח,,500.00,,false,,5.90,0.0118,true,1,31675
7290003222797,false,פיתות כוסמין המכבים,מאפיית המכבים,IL,פיתה כוסמין מלא 100%,יחידה,0.00,יחידה,false,,12.90,0.0000,true,1,92940
7290003229109,false,פסטרמה בפפריקה טירת צבי 400 ג',הנסיך- מפעל לייצור ט,IL,פסטרמה הודו בפפריקה,,400.00,,false,,28.90,0.0722,true,1,71113
7290003229116,false,פסטרמה בדבש טירת צבי 400 ג',הנסיך- מפעל לייצור ט,IL,פסטרמה בדבש טירת צבי,,400.00,100 גרם,false,,28.90,0.0722,true,1,75090
7290003229123,false,פסטרמה על גחלים טירת צבי 400 ג',הנסיך- מפעל לייצור ט,IL,פסטרמה על גחלים טירת,,400.00,100 גרם,false,,28.90,0.0722,true,1,75091
7290003229147,false,נקניק סלמי איטלקי טירת צבי 300 ג',הנסיך- מפעל לייצור ט,IL,סלמי בסגנון איטלקי ט,,300.00,100 גרם,false,,28.90,0.0963,true,1,75092
7290003268030,false,חלה בפיקוח דגנית,,,חלה רגילה 500גר,,500.00,100 גרם,false,,6.26,0.0125,true,1,94344
7290003268245,false,חלה מתוקה המיוחדת של עינת 500ג' דגנית עין בר,מולינו ניקולי s.p.a,IL,*מבצע* חלה מתוקה ארו,יחידה,0.00,יחידה,false,,11.90,0.0000,true,1,47900
7290003268252,false,לחם חיטה מלא לילדים 750 ג' דגנית עין בר,יוניליוור גרמניה Gm,IL,*מבצע* לחם חיטה מלאה,,750.00,100 גרם,false,,14.90,0.0199,true,1,56712
7290003268627,false,חלה מתוקה ברמן,,,חלה מתוקה ברמן,,500.00,100 גרם,false,,8.90,0.0178,true,1,94799
7290003268641,false,דגנית עין בר חלה מתוקה מיוחדת 500 גרם,מולינו ניקולי s.p.a,IL,חאלע חלה מתוקה מיוחד,יחידה,0.00,יחידה,false,,14.90,0.0000,true,1,88732
7290003268740,false,לחם אחיד 750 גרם,דגנית עין בר,,לחם אחיד שחור,,750.00,100 גרם,false,,6.96,0.0093,true,1,33233
7290003268757,false,לחם לבן חשוף,,,לחם לבן חשוף,,750.00,100 גרם,false,,5.10,0.0068,true,1,94345
7290003268764,false,חלה רגילה 500 גרם,מולינו ניקולי s.p.a,IL,חלה רגילה 500גר,,500.00,100 גרם,false,,6.26,0.0125,true,1,33655
7290003268795,false,לחמניה רגילה,דגנית עין בר,,לחמניה רגילה,,75.00,100 גרם,false,,1.90,0.0253,true,1,94346
7290003287253,false,נקנקיות מרגז בלאדי 500 ג',קרלו,IL,נקניקיות מרגז בלדי 5,,500.00,100 גרם,false,,29.90,0.0598,true,1,45691
7290003287260,false,נקניקיות צ'וריסוס ארוז קפוא בלדי 600 ג',,,נקניקיות צוריסוס הקצ,,600.00,100 גרם,false,,29.90,0.0498,true,1,45692
7290003287284,false,קבב ביתי קצביה ארוז 600 ג' - 8 יח',,,קבב ביתי ארוז 600גר,,600.00,100 גרם,false,,29.90,0.0498,true,1,45701
7290003287291,false,קבב טלה וצנובר קצביה ארוז 600 ג' - 8 יח',יוליניבר,IL,קבב טלה וצנובר 600גר,,600.00,100 גרם,false,,29.90,0.0498,true,1,45702
7290003287307,false,קבב רומני קצביה ארוז 600 ג' - 8 יח',,,קבב רומני ארוז 600גר,,600.00,,false,,29.90,0.0498,true,1,45703
7290003287314,false,קבב על מקל קינמון קצביה ארוז 520 ג' - 8 יח',,,קבב על מקל קינמון אר,,520.00,100 גרם,false,,29.90,0.0575,true,1,73201
7290003287796,false,סינטה עגל,,,סינטה עגל,קילוגרמים,1.00,"ק""ג",true,,139.90,139.9000,true,1,117878
7290003318100,false,וופל בטעם שוקולד מנעמים 200 ג',מנעמים תעשיות מזון,IL,וופל טעם שוקו מנעמים,,200.00,100 גרם,false,,4.90,0.0245,true,1,33252
7290003318155,false,וופל טעם לימון מנעמים 200 ג',מנעמים תעשיות מזון,IL,וופל טעם לימון מנעמי,,200.00,100 גרם,false,,4.90,0.0245,true,1,33253
7290003321155,false,יוגורט בר עם פקאן מצופה שוקולד 183 ג' דנונה,"שטראוס בריאות בע""מ",IL,דנונה בר פקאן 183גר,,183.00,,false,,5.50,0.0301,true,1,27426
7290003332007,false,קפה נחלה סובחי 250גר,סובחי נחלה ובניו,,קפה נחלה סובחי 250גר,,250.00,,false,,15.90,0.0636,true,1,44048
7290003411313,false,הנמל מפה מבד לא ארוג 180*120,שיווק: הנמל אריזות ו,IL,הנמל מפה מבד לא ארוג,,100.00,,false,,8.90,0.0890,true,1,26854
7290003411948,false,צמר גפן הנמל 100 גרם,ספה,TR,צמר גפן הנמל 100גרם,,100.00,,false,,5.90,0.0590,true,1,26864
7290003411993,false,גפרורים הנמל 10 יחיד,"איטיליאן פוד, אס.פי.",SE,גפרורים 10יח הנמל,,10.00,,false,,3.20,0.3200,true,1,26865
7290003414406,false,הרשי ריזס נטיפי אפייה בוטנים 283 גר',,,נטיפי אפייה מקרם בוט,,283.00,,false,,16.90,0.0597,true,1,59174
7290003423909,false,הרשי חטיף קוקיס&קרם לבן 43 גרם,הרשי,US,הרשי קוקיס קרם לבן 4,,43.00,,false,,4.90,0.1140,true,1,120553
7290003438006,false,ממרח אולביה פסטו וצנובר איטלקי 190ג',מיוצר עי קונדיטוריית,IL,פסטו איטלקי אוליביה,,180.00,,false,,15.90,0.0883,true,1,27041
7290003438013,false,ממרח זיתים ירוקים 190 ג' אוליביה,קריות זול,IL,ממרח זיתים אוליביה 1,,190.00,,false,,15.90,0.0837,true,1,27042
7290003438020,false,ממרח עגבניות מיובשות 190 ג' אוליביה,מיוצר עי קונדיטוריית,IL,ממרח עגבניות מיובשות,,190.00,,false,,15.90,0.0837,true,1,27043
7290003444009,false,ריזס חטיף שוקולד 42 גרם,הרשי,US,חטיף ריזס במילוי חמא,,42.00,100 גרם,false,,4.90,0.1167,true,1,94163
7290003450602,false,חרדל אמיתי צהוב בקבוק לחיץ 255 גר,היינץ צפון אמריקה -,US,חרדל אמיתי צהוב בקבו,,255.00,,false,,13.90,0.0545,true,1,23500
7290003514007,false,שקדי מרק מאסטר שף 40,מנה Mana,IL,שקדי מרק מאסטר שף 40,,400.00,100 גרם,false,,8.90,0.0223,true,1,38468
7290003520572,false,מטריות חרובים שקית בודד (בשרוול 6 שקיות),תופינית,,תופינית מטריות שוקול,,60.00,100 גרם,false,,16.90,0.2817,true,1,30143
7290003521074,false,"ד""ר פישר - סרקל מרכך שיער לילדים 1 ליטר",הדקלאים אגודת שיתופי,IL,סרקל מרכך שיער לילדי,,1000.00,100 גרם,false,,29.90,0.0299,true,1,77376
7290003521081,false,"ד""ר פישר - סרקל שמפו לילדים 1 ליטר","ד""ר פישר Dr fischer",IL,סרקל שמפו לילדים 1לי,,1000.00,100 גרם,false,,29.90,0.0299,true,1,77377
7290003521166,false,"ד""ר פישר - סרקל קרם רוזמרין לילדים 325 מ""ל","ד""ר פישר Dr fischer",IL,סרקל קרם רוזמרין 325,,325.00,100 גרם,false,,29.90,0.0920,true,1,77378
7290003521197,false,"ד""ר פישר - סרקל תרסיס מתיר קשרים 340 מ""ל",פישר מעבדות פרמצבטיו,IL,סקרל מתיר קשרים 340מ,,400.00,100 גרם,false,,29.90,0.0747,true,1,77380
7290003570171,false,מינוט שניצל 300 ג' בלדי,,,שניצל מינוט 300 גרם,,300.00,,false,,27.90,0.0930,true,1,89283
7290003578108,false,אננס חתיכות ויליפוד 850 ג',טקרנג פינאפל אינדסטר,TH,אננס חתיכות ויליפוד,,850.00,,false,,10.90,0.0128,true,1,23286
7290003578177,false,תירס גמדי שלם ויליפוד 410 ג',מגסטיק פוד אידסטרי ק,TH,תירס גמדי ויליפוד 41,,410.00,,false,,8.90,0.0217,true,1,23288
7290003578313,false,דובדבנים חמוצים ללא חרצנים 680גר,דל מונטה היילס אס.אי,HU,דובדבנים חמוצים ללא,,680.00,100 גרם,false,,10.90,0.0160,true,1,23292
7290003598267,false,פול סויה מקולפים - אדממה 400 ג',,,פולי סויה מקולפים אד,,400.00,100 גרם,false,,10.90,0.0273,true,1,94752
7290003598311,false,מינוט סטייק חלק ריאה 300 ג',בלדי,IL,*מבצע* בלדי מינוט סט,,300.00,,false,,30.00,0.1000,true,1,86951
7290003643004,false,"אורז בסמטי קלאסי 1 ק""ג סוגת",האי נאם סי או אל.טי.,IL,אורז בסמטי סוגת 1קג,,1000.00,100 גרם,false,,15.90,0.0159,true,1,21960
7290003643325,false,קוסקוס בינוני 350 גרם סוגת,קריות זול,IL,קוסקוס בינוני סוגת 3,,350.00,,false,,6.90,0.0197,true,1,48140
7290003643387,false,"סוכר לבן בצנצנת 1 ק""ג סוגת",האי נאם סי או אל.טי.,IL,סוכר לבן בצנצנת סוגת,,1000.00,100 גרם,false,,10.90,0.0109,true,1,27002
7290003643646,false,"סוכר דמררה קלאסי בצנצנת סוגת 1 ק""ג",האי נאם סי או אל.טי.,IL,סוכר דמררה בצנצנת סו,,1000.00,,false,,14.90,0.0149,true,1,27003
7290003643684,false,אפונה יבשה סוגת 500 גר',האי נאם סי או אל.טי.,IL,אפונה סוגת 500גר,,500.00,,false,,7.90,0.0158,true,1,27004
7290003643714,false,חומוס סוגת 500 גרם,האי נאם סי או אל.טי.,IL,חומוס סוגת 500גר,,500.00,100 גרם,false,,8.90,0.0178,true,1,27006
7290003643738,false,סוגת חיטה 500 גרם,האי נאם סי או אל.טי.,IL,חיטה סוגת 500 גר,,500.00,100 גרם,false,,7.30,0.0146,true,1,27007
7290003643745,false,סוגת כוסמת 500 גרם,האי נאם סי או אל.טי.,IL,כוסמת סוגת 500גר,,500.00,100 גרם,false,,8.90,0.0178,true,1,27008
7290003643752,false,עדשים ירוקים יבש סוגת 500 גר',האי נאם סי או אל.טי.,IL,עדשים ירוקים סוגת 50,,500.00,100 גרם,false,,9.90,0.0198,true,1,27009
7290003643769,false,עדשים אדומים יבש סוגת 500 גר',"סוגת תעשיות בע""מ",IL,עדשים אדומים סוגת 50,,500.00,100 גרם,false,,9.90,0.0198,true,1,27010
7290003643776,false,"פופקורן גרעינים סוגת 500 ג' כשל""פ",האי נאם סי או אל.טי.,IL,פופקורן סוגת 500 גר,,500.00,100 גרם,false,,7.90,0.0158,true,1,27011
7290003643783,false,קוקוס סוגת 100 גרם,האי נאם סי או אל.טי.,IL,קוקוס סוגת 100 גר,,100.00,100 גרם,false,,4.90,0.0490,true,1,33371
7290003643806,false,שעועית לבנה יבשה סוגת 500 ג',האי נאם סי או אל.טי.,IL,שעועית לבנה סוגת 500,,500.00,100 גרם,false,,10.90,0.0218,true,1,27012
7290003643813,false,שעועית אדומה יבשה סוגת 500 גר',האי נאם סי או אל.טי.,IL,שעועית אדומה סוגת 50,,500.00,100 גרם,false,,10.90,0.0218,true,1,69836
7290003643820,false,חומוס ענק יבש סוגת 500 גרם,Unknown,,חומוס ענק סוגת 500גר,,500.00,100 גרם,false,,12.90,0.0258,true,1,33372
7290003681334,false,קוקוס טחון 400 גרם ב,מיה,IL,קוקוס מיה 400גרם,,400.00,100 גרם,false,,12.90,0.0323,true,1,76529
7290003719259,false,לחם ליבו אקסלוסיבי 1 ק'ג,מאפית י את א ברמן בע,IL,לחם טיבעי ליבו 1קג,,1000.00,100 גרם,false,,17.90,0.0179,true,1,41738
7290003726615,false,טופו הבית משק ויילר,הדקלאים אגודת שיתופי,IL,טופו ויילר 300גר,,300.00,,false,,13.70,0.0457,true,1,92545
7290003804252,false,תיבולית בנוסח הודי 72 ג' קנור,יוניליוור ישראל מזון,IL,תיבולית הודי קנור 72,,72.00,,false,,10.90,0.1514,true,1,24550
7290003804320,false,תיבולית שום ופטרוזיליה 72 ג' קנור,יוניליוור ישראל מזון,IL,תיבולית קנור שום פטר,,72.00,100 גרם,false,,10.90,0.1514,true,1,24551
7290003804368,false,"תיבולית בזיליקום בד""ץ 72 ג' קנור",יוניליוור ישראל מזון,IL,תיבולית קנור בזיליקו,,72.00,100 גרם,false,,10.90,0.1514,true,1,24552
7290003807178,false,"רוטב סויה בסגנון סיני 300 מ""ל קנור",אתר חיפה 778,IL,רוטב סויה בסגנון סינ,,300.00,,false,,15.90,0.0530,true,1,24584
7290003882922,false,עלי גפן ממולאים באורז ויליפוד 400ג',הזה פלאקספו פוד קו ב,CN,עלי גפן ממולא 400 גר,,400.00,,false,,10.90,0.0273,true,1,23306
7290003989096,false,סלט חציל פיקנטי אחלה,מיוצר עי קונדיטוריית,IL,חציל פיקנטי אחלה 500,,500.00,,false,,17.90,0.0358,true,1,27437
7290003989539,false,לורנצו רביולי במילוי גבינה,מיוצר עי קונדיטוריית,IL,רביולי גבינה שטראוס,,400.00,100 גרם,false,,22.90,0.0572,true,1,27438
7290003989553,false,"פסטה טורטליני פטריות, 400 גרם",מיוצר עי קונדיטוריית,IL,טורטליני פטריות שטרא,,400.00,100 גרם,false,,22.90,0.0572,true,1,27439
7290004014407,false,סוכריות M&M בוטנים 46 ג',מרס נדרלנד,,אמ&אמס פינאטבאטר 46ג,,46.00,100 גרם,false,,5.50,0.1196,true,1,57982
7290004030100,false,מיץ תפוזים ולנסיה סחוט 1 ליטר100%,,,מיץ תפוזים סחוט ולנס,,1000.00,100 גרם,false,,17.90,0.0179,true,1,123363
7290004030544,false,פריניב מיץ לימונדה לואיזה ולמון גראס 1 ליטר,פריניב בעמ,IL,מיץ לימונענע 1 ליטר,,1000.00,100 גרם,false,,14.90,0.0149,true,1,40692
7290004033705,false,הבורגריה – 6 לחמניות המבורגר בשקית,מאפית י את א ברמן בע,IL,לחמניות המבורגר ביג,,600.00,100 גרם,false,,15.90,0.0265,true,1,117948
7290004033712,false,לחם עננים מקמח מלא עם פרוסות עבות,מאפית י את א ברמן בע,IL,לחם עננים מקמח מלא 7,,750.00,,false,,16.90,0.0225,true,1,117946
7290004033729,false,לחם עננים מקמח כוסמין עם פרוסות עבות,מאפית י את א ברמן בע,IL,לחם עננים כוסמין 750,,750.00,100 גרם,false,,16.90,0.0225,true,1,117947
7290004033736,false,"עננים לחם לבן בסגנון בריוש עם פרוסות עבות, 500 גרם",מאפית י את א ברמן בע,IL,לחם עננים סגנון בריו,,500.00,100 גרם,false,,16.90,0.0338,true,1,119303
7290004033835,false,לחמניות לבנות ללא גלוטן 200 גר',מאפית י את א ברמן בע,IL,לחמניות לבנות ללא גל,,200.00,100 גרם,false,,15.90,0.0795,true,1,117942
7290004061487,false,טבעות עוף 700 גר,,,טבעות עוף 700גר,,700.00,100 גרם,false,,17.90,0.0256,true,1,48782
7290004063016,false,מלח שולחן מעולה דק 1,האי נאם סי או אל.טי.,IL,מלח שולחן 1קג,,1000.00,,false,,2.07,0.0021,true,1,27993
7290004063092,false,מלח קריסטלי למדיח כל,,,קריסטל מלח מדיח 2קג,קילוגרמים,2.00,"ק""ג",false,,15.90,7.9500,true,1,30170
7290004063115,false,"מלח מטבח עבה להמלחת בשר ובישול 1 ק""ג 1ק""ג",האי נאם סי או אל.טי.,IL,מלח למליחות בשר וביש,,1000.00,,false,,2.07,0.0021,true,1,27994
7290004063153,false,מלח ים אטלנטי טבעי 1,חברת מלח הארץ אילת ב,FR,מלח ים אטלנטי טבעי 1,,1000.00,100 גרם,false,,19.90,0.0199,true,1,30171
7290004064174,false,"תבלין מלח ההימלאיה דק בצנצנת 1 ק""ג",מלח הארץ,IL,מלח ההימלאיה דק בצנצ,,1000.00,100 גרם,false,,19.90,0.0199,true,1,86842
7290004064198,false,מטחנת מלח ספייסי- אקסטרא תבלינים 115 ג',,,מטחנת מלח אקסטרא תבל,,115.00,,false,,19.90,0.1730,true,1,90550
7290004064228,false,מלח במטחנה אקסטרא תבלינים שום ופלפל 125 גר',,,מטחנת מלח אקסטרא תבל,,125.00,,false,,19.90,0.1592,true,1,90552
7290004064280,false,מלח מופחת נתרן צנצנת 600 גרם,חברת מלח הארץ אילת ב,IL,מלח מופחת נתרן צנצנת,,600.00,,false,,19.90,0.0332,true,1,114261
7290004064389,false,מלח הימלאיה דק מלחייה 250 ג',,,מלח הימלאיה דק מלחיי,,250.00,,false,,10.90,0.0436,true,1,117129
7290004068172,false,יוגורט עזים בדלי 5% שומן 600 ג' גד,קוד יצרן MKN,IL,יוגורט עיזים דלי 5%,,600.00,,false,,19.50,0.0325,true,1,53442
7290004078690,false,"אגקס נוזל לניקוי אסלות מרענן 750 מ""ל",הנסיך- מפעל לייצור ט,FR,אגקס נוזל לניקוי אסל,,750.00,100 גרם,false,,16.90,0.0225,true,1,32964
7290004119133,false,כד יוגורט תנובה 6.5% שומן 1.5 ליטר,מיוצר עי קונדיטוריית,IL,יוגורט 7% תנובה 1.5,,1500.00,100 גרם,false,,19.50,0.0130,true,1,26208
7290004119225,false,יוגורט אננס 3% שומן 150 ג' יופלה,תנובה מרכז שיתופי לש,IL,יופלה אננס 3% 150גר,,150.00,100 גרם,false,,5.40,0.0360,true,1,26209
7290004119928,false,מעדן וניל גביע 1.5% שומן 125 ג' קרלו,מחלבת אלון תבור,IL,קרלו וניל 1.5% 125גר,,125.00,,false,,3.20,0.0256,true,1,26211
7290004119973,false,מעדן שוקו 1.5% שומן 125 ג' קרלו,תנובה מרכז שיתופי לש,IL,קרלו שוקולדה 1.5% 12,,125.00,100 גרם,false,,3.20,0.0256,true,1,26212
7290004120108,false,יופלה דיאט יוגורט דובדבן %0 גביע 150ג',תנובה מרכז שיתופי לש,IL,יופלה דיאט דובדבן 0%,,150.00,100 גרם,false,,5.40,0.0360,true,1,26214
7290004120566,false,גבינה בולגרית 24% 250 ג' פיראוס,קריות זול,IL,בולגרית 24% פיראוס,,250.00,100 גרם,false,,24.90,0.0996,true,1,26216
7290004120573,false,גבינה בולגרית %16 250 ג' פיראוס,תנובה מרכז שיתופי לש,IL,בולגרית בקר 16% פירא,,250.00,100 גרם,false,,24.90,0.0996,true,1,26217
7290004120634,false,גבינה בולגרית %5 250 ג' פיראוס,תנובה מרכז שיתופי לש,IL,פיראוס בולגרית 5% 25,,250.00,,false,,24.90,0.0996,true,1,26218
7290004120832,false,חלב תנובה טרי 3% מהדרין כד 2 ל',תנובה מרכז שיתופי לש,IL,חלב 3% מהדרין תנובה,,2000.00,,false,,12.46,0.0062,true,1,26220
7290004121488,false,יופלה דיאט אפרסק 0% גביע 150 ג',תנובה מרכז שיתופי לש,IL,יופלה דיאט אפרסק 0%,,150.00,100 גרם,false,,5.40,0.0360,true,1,26222
7290004121525,false,יופלה מאגדת פרי 4 תות 4 אפרסק 3% 8 יח'*150 ג',תנובה מרכז שיתופי לש,IL,יופלה אפרסק תות 3% 8,,1200.00,,false,,32.90,0.0274,true,1,26223
7290004121754,false,יוגורט עוגת גבינה ותות 3% שומן 150 ג' יופלה,תנובה בעמ,IL,יופלה קרם גבינה ותות,,150.00,100 גרם,false,,5.40,0.0360,true,1,26225
7290004121839,false,גבינת פטה כבשים 20% 250 ג' פיראוס,תנובה מרכז שיתופי לש,IL,פטה כבשים 20% פיראוס,,250.00,100 גרם,false,,29.50,0.1180,true,1,26226
7290004121853,false,גבינה בולגרית בקוביות %5 200 ג' פיראוס,תנובה מרכז שיתופי לש,IL,פיראוס קוביות בולגרי,,200.00,,false,,22.90,0.1145,true,1,26227
7290004122119,false,פתיתי פרמזן לפסטה %23 100 ג' השף הלבן,פ.פ.ח. שאביט,IL,פתיתי פרמזן לפסטה 10,,100.00,100 גרם,false,,13.90,0.1390,true,1,26229
7290004122195,false,"גבינת גוש חלב פרוס 28%, כשרות מהדרין, 200 ג'",קריות זול,IL,גבינה גוש חלב פרוס 2,,200.00,,false,,14.90,0.0745,true,1,26230
7290004122270,false,גבינה צהובה פרוס בקופסא %28 200 ג' עמק,תנובה מרכז שיתופי לש,IL,גבינה צהובה עמק 28%,,200.00,,false,,17.70,0.0885,true,1,26231
7290004122348,false,עמק לייט 9% פרוס בקופסא,תנובה מרכז שיתופי לש,IL,גבינה צהובה מופחתת ש,,200.00,,false,,18.90,0.0945,true,1,26233
7290004122676,false,גבינת חמד לייט 5% פיראוס 250 ג',"תנובה,מחלבת טנא נוגה",IL,פיראוס חמד 5% 250 גר,,250.00,,false,,19.50,0.0780,true,1,26236
7290004122683,false,חטיף גבינת אצבעות 28% 172 ג' עמק,תנובה מרכז שיתופי לש,IL,אצבעות גבינה צהובה ע,,172.00,,false,,17.90,0.1041,true,1,26237
7290004124175,false,יופלה לבן 1.5% גביע 150 גר להחזרות בלבד,קריות זול,,יופלה לבן 1.5% טבעי,,150.00,,false,,2.00,0.0133,true,1,33161
7290004124205,false,יוגורט דיאט תות %0 שומן 150 ג' יופלה,תנובה מרכז שיתופי לש,IL,יופלה דיאט תות 0% 15,,150.00,100 גרם,false,,5.40,0.0360,true,1,26241
7290004124847,false,"קצפת צמחית השף הלבן 500 מ""ל תנובה",תנובה מרכז שיתופי לש,IL,קצפת צמחית 24% 500מל,,500.00,,false,,16.90,0.0338,true,1,26242
7290004125370,false,שמנת חמוצה מופחתת שומן 9%,תנובה מרכז שיתופי לש,IL,שמנת קלה 9% 200מל תנ,,200.00,,false,,4.10,0.0205,true,1,26245
7290004125400,false,"שלי אשל 4.5% תנובה 200מ""ל מהדרין",פארייפאבה אגרואינדוס,IL,אשל 4.5% מהדרין תנוב,,200.00,,false,,1.69,0.0084,true,1,26246
7290004125417,false,"שלי גיל 3% תנובה 200מ""ל מהדרין",תנובה מרכז שיתופי לש,IL,גיל 3% מהדרין תנובה,,200.00,,false,,1.51,0.0076,true,1,26247
7290004125455,false,**תנובה שמנת אורגינל מהדרין 15% 200מל,תנובה מרכז שיתופי לש,IL,שמנת חמוצה 15% מהדרי,,200.00,,false,,2.40,0.0120,true,1,26248
7290004125509,false,"שמנת 15% חצי מנה 100 מ""ל תנובה",תנובה מרכז שיתופי לש,IL,שמנת חצי מנה 15% תנו,,100.00,,false,,2.10,0.0210,true,1,26249
7290004125578,false,משקה סויה מעושר בסידן תנובה 1ל',תנובה מרכז שיתופי לש,IL,משקה סויה מועשר בסיד,,1000.00,100 גרם,false,,11.90,0.0119,true,1,26250
7290004125585,false,משקה סויה וניל תנובה E אלטרנטיב,תנובה מרכז שיתופי לש,IL,משקה סויה על הבוקר ת,,1000.00,,false,,12.90,0.0129,true,1,26251
7290004125721,false,"שמנת לבישול 15% שומן 250 מ""ל תנובה",תנובה מרכז שיתופי לש,IL,שמנת לבישול 15% 250מ,,250.00,,false,,9.50,0.0380,true,1,26252
7290004125738,false,שמנת מתוקה עמידה להקצפה 32% השף הלבן,תנובה מרכז שיתופי לש,IL,שמנת להקצפה 32% 250מ,,250.00,,false,,7.40,0.0296,true,1,26253
7290004125776,false,גבינה צהובה 28% שומן 400 ג' עמק,קריות זול,IL,גבינה צהובה עמק 28%,,400.00,,false,,31.90,0.0797,true,1,26254
7290004126674,false,פרוסות גבינה חצי קשה 9% שומן 200 ג' עמק,תנובה מרכז שיתופי לש,IL,טל העמק לייט 9% 200,,200.00,,false,,21.50,0.1075,true,1,26256
7290004126759,false,יופלה דיאט פירות יער %0 גביע 150 ג',תנובה בעמ,IL,יופלה דיאט פירות יער,,150.00,100 גרם,false,,5.40,0.0360,true,1,26257
7290004126872,false,משקאות חלב תנובה שוקו בקבוק 250מל,קריות זול,IL,שוקו תנובה בקבוק 250,,250.00,,false,,6.50,0.0260,true,1,26258
7290004127077,false,קוטג' 3% שומן 250 ג' תנובה,מיוצר עי קונדיטוריית,IL,גבינת קוטג׳ 3% תנובה,,250.00,,false,,5.90,0.0236,true,1,26259
7290004127329,false,קוטג' 5% תנובה 250ג' מהדרין,מיוצר עי קונדיטוריית,IL,גבינת קוטג׳ 5% תנובה,,250.00,,false,,5.90,0.0236,true,1,26260
7290004127336,false,קוטג' 9% תנובה 250 ג' הדרין,מיוצר עי קונדיטוריית,IL,גבינת קוטג׳ 9% תנובה,,250.00,,false,,5.90,0.0236,true,1,26261
7290004127800,false,גבינה לבנה 5% שומן 500 ג' תנובה,מיוצר עי קונדיטוריית,IL,גבינה לבנה 5% תנובה,,500.00,,false,,9.96,0.0199,true,1,26263
7290004127817,false,גבינה לבנה 9% שומן 500 ג' תנובה,מיוצר עי קונדיטוריית,IL,גבינה לבנה 9% תנובה,,500.00,,false,,10.40,0.0208,true,1,26264
7290004127862,false,**תנובה גבינה למריחה מהדרין 5% 750ג,תנובה מרכז שיתופי לש,IL,גבינה לבנה 5% תנובה,,750.00,,false,,14.94,0.0199,true,1,26265
7290004127916,false,גבינה לבנה 0.5% שומן 500 ג' תנובה,תנובה מרכז שיתופי לש,IL,גבינה לבנה 0.5% בדצ,,500.00,,false,,10.40,0.0208,true,1,26267
7290004128333,false,לאבנה על בסיס יוגורט %9 שומן 500 ג' פיראוס,קריות זול,IL,לאבנה גביע %9 500גר,,500.00,100 גרם,false,,21.90,0.0438,true,1,26273
7290004128340,false,קרם גבינת שמנת %5 בטעם טבעי 200 ג' תנובה,קריות זול,IL,גבינת שמנת בטעם טבעי,,200.00,100 גרם,false,,12.30,0.0615,true,1,26274
7290004128432,false,פתיתים מיוחדים לפיצה על בסיס גבינה 500 ג',תנובה,IL,פתיתי גבינה מותכת הש,,500.00,100 גרם,false,,25.50,0.0510,true,1,26276
7290004129101,false,גבינת שמנת 25% בטעם טבעי 225 ג' נפוליאון,תנובה מרכז שיתופי לש,IL,גבינת נפוליאון בטעם,,225.00,100 גרם,false,,14.90,0.0662,true,1,26277
7290004129118,false,גבינת שמנת 24% עם זיתים ירוקים 225 ג' נפוליאון,תנובה מרכז שיתופי לש,IL,גבינת נפוליאון בטעם,,225.00,,false,,14.90,0.0662,true,1,26278
7290004129156,false,גבינת שמנת25% עם שום שמיר 225 ג' נפוליאון,תנובה מרכז שיתופי לש,IL,גבינת נפוליאון שום ש,,225.00,100 גרם,false,,14.90,0.0662,true,1,26279
7290004129545,false,גבינה לבנה 3% שומן 250 ג' תנובה,מחלבת אלון תבור,IL,גבינה לבנה 3% תנובה,,250.00,,false,,5.20,0.0208,true,1,26280
7290004129736,false,יוגורט במתיקות מעודנת 1.5% שומן 200 ג' יופלה,תנובה מרכז שיתופי לש,IL,יופלה קרם יוגרט מעוד,,200.00,100 גרם,false,,4.90,0.0245,true,1,26282
7290004129767,false,יופלה לבן טבעי מאגדת 3% 8*150מל,מחלבת אלון תבור,IL,יופלה לבן מאגדת שמינ,,1200.00,100 גרם,false,,18.90,0.0157,true,1,26283
7290004130794,false,משקה סויה טבעי במתיקות מופחתת 1 ליטר,תנובה מרכז שיתופי לש,IL,משקה סויה מועשר 1 לי,,1000.00,,false,,12.90,0.0129,true,1,26285
7290004130916,false,יוגורט 3% פירות יער בשמנת 150 ג' יופלה,תנובה מרכז שיתופי לש,IL,יופלה בטעם פירות יער,,150.00,100 גרם,false,,5.40,0.0360,true,1,26287
7290004131074,false,**חלב תנובה טרי מהדרין קרטון 3% 1ל,תנובה מרכז שיתופי לש,IL,חלב 3% מהדרין תנובה,,1000.00,100 גרם,false,,6.23,0.0062,true,1,26288
7290004131432,false,יוגורט ביו 3% שומן 200 ג' יופלה,מיוצר עי קונדיטוריית,IL,יופלה לבן 3% 200מל,,200.00,,false,,4.30,0.0215,true,1,26292
7290004131456,false,יוגורט ביו 1.5% שומן 200 ג' יופלה,מיוצר עי קונדיטוריית,IL,יופלה לבן 1.5% 200מל,,200.00,,false,,4.30,0.0215,true,1,26293
7290004131814,false,גבינה צפתית 5% מעודנת 200 ג' פיראוס,פארייפאבה אגרואינדוס,IL,פיראוס צפתית 5% מעוד,,200.00,,false,,15.90,0.0795,true,1,26298
7290004132552,false,משקה סויה לייט בטעם טבעי טרי 1 ליטר,תנובה מרכז שיתופי לש,IL,משקה סויה דיאט וניל,,1000.00,,false,,12.90,0.0129,true,1,26302
7290004132712,false,חטיף אצבעות גבינת מוצרלה 20% 172 ג' עמק,תנובה מרכז שיתופי לש,IL,אצבעות גבינת מוצרלה,,172.00,,false,,17.90,0.1041,true,1,26306
7290004132903,false,**תנובה גבינה לבנה בדץ 3% 250ג,תנובה מרכז שיתופי לש,IL,גבינה לבנה 250 גרם 3,,250.00,,false,,5.20,0.0208,true,1,26308
7290004133511,false,יופלה מאגדת לבן 1.5% מעודן 8 יח' * 150 ג',מיוצר עי קונדיטוריית,IL,יוגורט לבן מעודן מאר,,1200.00,,false,,21.90,0.0182,true,1,26311
7290004135225,false,מעדן תנובה דיאט שוקולדה 0% 150מל,תנובה מרכז שיתופי לש,IL,מעדן תנובה דיאט שוקו,,150.00,,false,,4.50,0.0300,true,1,26324
7290004135614,false,גבינה בולגרית מעודנת 5% 250 ג' פיראוס,קריות זול,IL,פיראוס בולגרית מעודנ,,250.00,,false,,24.90,0.0996,true,1,26328
7290004136598,false,מארז הפסקת אוכל עם קורנפלקס ומשקה חלב עמיד בטעם וניל,פארייפאבה אגרואינדוס,IL,הפסקת אוכל חלב ודגני,,150.00,,false,,10.90,0.0727,true,1,26343
7290004136857,false,מעדן גלי בטעם פטל 12,תנובה מרכז שיתופי לש,IL,ג'לי תנובה פטל 125גר,,125.00,100 גרם,false,,2.90,0.0232,true,1,26344
7290004136864,false,ג'לי תנובה אננס עם חתיכות אננס 125מל,קריות זול,IL,ג'לי תנובה אננס עם ח,,125.00,100 גרם,false,,3.20,0.0256,true,1,26345
7290004136871,false,ג'לי תנובה אפרסק עם חתיכות אפרסק 125מל,תנובה מרכז שיתופי לש,IL,ג'לי תנובה אפרסק עם,,125.00,100 גרם,false,,3.20,0.0256,true,1,26346
7290004137021,false,"שמנת לבישול 10% עמיד השף הלבן 250 מ""ל",תנובה מרכז שיתופי לש,IL,שמנת לבישול 10% 250מ,,250.00,,false,,9.50,0.0380,true,1,26348
7290004137311,false,עמק לייט משפחתית 9% 400ג-ועדת מהדרין,תנובה,IL,גבינה צהובה עמק ליי,,400.00,,false,,32.90,0.0822,true,1,26353
7290004137809,false,לאבנה 5% שומן 250 ג' פיראוס,"תנובה, מחלבת אלון תב",IL,לאבנה 5% 250גר פיראו,,250.00,100 גרם,false,,13.90,0.0556,true,1,26355
7290004146986,false,"נקה 7 - שמפו צבוע כתום 750 מ""ל",אמיליה קוסמטיקס,IL,נקה 7 שמפו לשיער צבו,,750.00,,false,,13.90,0.0185,true,1,27214
7290004199203,false,קיסמ' שיניים מבמבוק מלחיה 300 יח',הדקלאים אגודת שיתופי,CN,קיסמי שיניים מבמבוק,,300.00,,false,,4.50,0.0150,true,1,33570
7290004199241,false,נרות חימום חסידים 50יח',חסידים,,להבונים 50יח בשקית,,50.00,,false,,9.90,0.1980,true,1,70511
7290004200077,false,שקית פרסים 2,,,שקית פרסים 2,יחידה,0.00,יחידה,false,,7.90,0.0000,true,1,51650
7290004200930,false,"זיקוק זוג 15 ס""מ בשק",שמחה זה אנחנו,,זיקוק עבה 2 בשקית,יחידה,0.00,יחידה,false,,8.90,0.0000,true,1,25768
7290004219826,false,מלבין קפה הולנדי קומפלטה 400ג',פריזלנד פודס קיוויט,NL,מלבין קפה קומפלטה 40,,400.00,100 גרם,false,,19.90,0.0497,true,1,23310
7290004255305,false,נר נשמה שבועי בפלסטיק,,,נר נשמה בכוס פלסטיק,יחידה,0.00,יחידה,false,,10.90,0.0000,true,1,118417
7290004255343,false,נרונים 72מנורה 4 שעות,קריות זול,IL,נריות 72 בקופסא - 4,,72.00,,false,,24.90,0.3458,true,1,31725
7290004255428,false,נר נשמה 24 שעות - מנורה,מנורה,IL,נר נשמה מנורה פחית 2,יחידה,0.00,יחידה,false,,2.50,0.0000,true,1,106120
7290004255558,false,נרות שבת 20 יח' - או,,,נרות שולחן 20 יח,,20.00,,false,,4.50,0.2250,true,1,22441
7290004456283,false,אנטריקוט עגל פריים,,,אנטריקוט עגל פריים,קילוגרמים,1.00,"ק""ג",true,,169.00,169.0000,true,1,117879
7290004492274,false,בייגלה טבעות מלוחות 400 ג',אתר בייגל - Food,IL,בייגלה גל גל 400גר,,400.00,,false,,11.90,0.0298,true,1,24601
7290004532048,false,גרעיני דלעת קלויים ומומלחים 200 גר',דין שיווק,,גרעין לבן 200גר,,200.00,,false,,8.90,0.0445,true,1,37322
7290004532093,false,הטיב בוטנים בקליפה 250ג,g&g,,בוטנים בקליפה 250גר,,250.00,,false,,7.90,0.0316,true,1,37326
7290004532369,false,"מנצ""יס פיקנטי הטיב 1","גיי אנג גי פקאנס בע""",IL,חטיף מנצס 180גר,,180.00,100 גרם,false,,9.90,0.0550,true,1,37344
7290004532574,false,גרעינים שחורים 200 גר',"גיי אנג גי פקאנס בע""",IL,גרעין שחור 200גר,,200.00,,false,,5.90,0.0295,true,1,37356
7290004584306,false,רבעיית גמדים בטעם תות בננה * 100 ג' שטראוס,מיוצר עי קונדיטוריית,IL,גמדים תות בננה 5% מא,,400.00,,false,,12.50,0.0313,true,1,27442
7290004584351,false,גבינה במרקם שמנת 5% טבעי 200 ג' סימפוניה,"שטראוס בריאות בע""מ",IL,סימפוניה במרקם שמנת,,200.00,,false,,12.50,0.0625,true,1,27443
7290004584528,false,דנונה ביו יוגורט טבעי 1.5% 200 ג',מיוצר עי קונדיטוריית,IL,דנונה ביו 1.5% 200גר,,200.00,100 גרם,false,,4.70,0.0235,true,1,27444
7290004585907,false,דני ועדן וניל 1.5% 125ג' שטראוס,מיוצר עי קונדיטוריית,IL,דני וניל 125 גר,,125.00,100 גרם,false,,3.20,0.0256,true,1,27446
7290004603175,false,מלח הארץ מלחייה גס 500 גרם,תעשיות מלח לישראל,IL,מלח הארץ הים האדום ג,,500.00,100 גרם,false,,9.90,0.0198,true,1,52817
7290004685010,false,לחם 100% שיפון פלוס לחם הארץ 500 גר',מאפית י את א ברמן בע,IL,לחם הארץ שיפון פלוס,,500.00,100 גרם,false,,17.90,0.0358,true,1,47440
7290004685027,false,ברמן לחם הארץ מחיטה מלאה קל 500גר,מאפית י את א ברמן בע,IL,לחם הארץ חיטה מלאה פ,,500.00,100 גרם,false,,17.90,0.0358,true,1,47441
7290004685089,false,לחם הארץ לחם חמניות 500 גר',מאפית י את א ברמן בע,IL,לחם הארץ חמניות 500ג,,500.00,100 גרם,false,,17.90,0.0358,true,1,47442
7290004685126,false,לחם פומפרניקל לחם הארץ 750 גרם,מאפית י את א ברמן בע,IL,לחם הארץ פומפרניקל 7,,750.00,,false,,17.90,0.0239,true,1,41340
7290004685157,false,לחם שיפון 100% 750 גרם לחם הארץ,מאפית י את א ברמן בע,IL,לחם הארץ שיפון 100%,,750.00,100 גרם,false,,17.90,0.0239,true,1,41342
7290004685195,false,לחם 10 דגנים לחם הארץ 750 גרם,מאפית י את א ברמן בע,IL,לחם הארץ 10 דגנים 75,,750.00,100 גרם,false,,17.90,0.0239,true,1,41343
7290004685430,false,לחם כוסמין לחם הארץ,מאפית י את א ברמן בע,IL,לחם הארץ כוסמין 100%,,500.00,100 גרם,false,,17.90,0.0358,true,1,85076
7290004685447,false,לחמניות כוסמין 6 יחי' 450 גר',מאפית י את א ברמן בע,IL,לחמניות כוסמין 6יח ש,,450.00,100 גרם,false,,13.90,0.0309,true,1,100188
7290004685454,false,לחם שיבולת שועל 500 גר'.,מאפית י את א ברמן בע,IL,לחם הארץ שיבולת שועל,,500.00,100 גרם,false,,17.90,0.0358,true,1,114296
7290004731083,false,כיף - סבון ידיים ג'ינסנג 1 ליטר,טרופיקל דגיל תעשיות,IL,כיף אלסבון ג'נסנג 1ל,,1000.00,,false,,14.90,0.0149,true,1,23926
7290004731472,false,"אל סבון צבעוני כיף שלישיה* 500 מ""ל",טרופיקל דגיל תעשיות,IL,כיף אל סבון שלישיה צ,,1500.00,,false,,22.90,0.0153,true,1,23930
7290004737719,false,אספרגוס שלם בצנצנת 330 ג' ולי פוד,קריות זול,CN,אספרגוס שלם בצנצנת 3,,330.00,100 גרם,false,,11.90,0.0361,true,1,63316
7290004737900,false,וילי פוד חלב מרוכז ממותק397ג,יו.איי.בי מאריג'אמפו,LT,חלב מרוכז ממותק 397,,397.00,100 גרם,false,,11.90,0.0300,true,1,23313
7290004872359,false,קרחון דובדבן 80 ג ' נסטלה,גלידות נסטלה (נגה גל,IL,קרחון דובדבן,יחידה,0.00,יחידה,false,,3.90,0.0000,true,1,93837
7290004944032,false,חומוס שמיר אסלי 400 גר,סלטי שמיר 2006 בעמ,IL,חומוס אסלי 400 גרם,,400.00,100 גרם,false,,14.90,0.0373,true,1,94601
7290004944063,false,סלט תורכי אסלי שמיר 400 ג',סלטי שמיר 2006 בעמ,IL,תורכי אסלי 400גר,,400.00,,false,,14.90,0.0373,true,1,94603
7290005008184,false,"פלמוליב - תחליב רחצה נטורלס שקדים 500 מ""ל",הנסיך- מפעל לייצור ט,TR,פלמוליב תחליב רחצה ס,,500.00,100 גרם,false,,17.90,0.0358,true,1,25586
7290005068058,false,תירס קל מופחת קלוריות 550 ג' פרי הגליל,"פרי הגליל בע""""מ",IL,תירס קל מופחת קלוריו,,550.00,100 גרם,false,,9.90,0.0180,true,1,28313
7290005084355,false,"סנסודיין - משחת שיניים דואל קר זהב 75 מ""ל",גלקסו סמית קליין,GB,סנסודיין משחת שיניים,,75.00,100 גרם,false,,22.90,0.3053,true,1,28099
7290005174513,false,חציל במיונז 500 ג' אחלה,מיוצר עי קונדיטוריית,IL,חציל במיונז אחלה 500,,500.00,,false,,17.50,0.0350,true,1,27448
7290005174551,false,סלט חומוס עם צנוברים 125 ג' אחלה,מיוצר עי קונדיטוריית,IL,סלט חומוס אחלה 125גר,,125.00,,false,,5.80,0.0464,true,1,27449
7290005174575,false,טחינה אחלה יום יום משובחת 125ג',מיוצר עי קונדיטוריית,IL,סלט טחינה אחלה 125גר,,125.00,100 גרם,false,,5.80,0.0464,true,1,27451
7290005197758,false,עוגיות חיוכים שוקו שוקו 150ג',אפיפית נצרת תעשיות ב,IL,עוגיות חיוכים שוקו 1,,150.00,,false,,5.90,0.0393,true,1,27454
7290005200786,false,תפוצ'יפס שמנת ובצל 50 גרם,"שטראוס פריטו ליי בע""",IL,תפוציפס שמנת ובצל 50,,50.00,,false,,4.70,0.0940,true,1,25007
7290005201455,false,קפה נמס ארומה עלית 200 ג',"אינסטנטה בע""מ",IL,קפה נמס ארומה 200 גר,,200.00,100 גרם,false,,19.90,0.0995,true,1,99388
7290005270000,false,עלי סיגר מרוקאי 500,חמים וטעים,IL,עלי סיגר 500גר,,500.00,,false,,16.90,0.0338,true,1,60442
7290005287206,false,טונה בשמן סטארקיסט 4*160 ג',"סטארקיסט פודור בע""מ",,טונה בשמן רביעייה סט,,640.00,,false,,26.90,0.0420,true,1,23516
7290005287251,false,טונה במים סטארקיסט 4*160 ג',"איטיליאן פוד, אס.פי.",,טונה במים רביעייה סט,,640.00,,false,,26.90,0.0420,true,1,23517
7290005287510,false,טונה בשמן עם בפלפל חריף 160 ג' סטארקיסט,תאי יוניון גרופ,TH,טונה סטארקיסט בשמן פ,,160.00,100 גרם,false,,8.50,0.0531,true,1,23520
7290005287527,false,טונה בשמן עם לימון 160 ג' סטארקיסט,תאי יוניון גרופ,TH,טונה סטארקיסט בשמן ל,,160.00,,false,,8.50,0.0531,true,1,23521
7290005287534,false,טונה בשמן עישון טבעי 160 ג' סטארקיסט,תאי יוניון גרופ,TH,טונה סטארקיסט בשמן ע,,160.00,,false,,8.50,0.0531,true,1,32408
7290005296246,false,"פותח סתימות דריין אאוט 946 מ""ל יעקבי",יוליניבר,US,כלורקס פותח סתימות 9,,946.00,100 גרם,false,,29.90,0.0316,true,1,24883
7290005296260,false,"אסטוניש ספריי רסס ונגב לניקוי כללי 750 מ""ל",אסטוניש Astonish,GB,אסטוניש רסס ונגב 750,,750.00,100 גרם,false,,16.90,0.0225,true,1,24884
7290005296895,false,פוליבוי קצף לכלי כסף,,,פוליבוי קצף לכלי כסף,,100.00,,false,,24.90,0.2490,true,1,32765
7290005326585,false,ממרח אוליביה פסטו בזיליקום 180 ג',"אוליביה גורמה בע""מ",IL,פסטו בזיליקום אוליבי,,180.00,100 גרם,false,,13.90,0.0772,true,1,89900
7290005384851,false,וילי פוד מיץ לימון בדץ 200מל,קריות זול,IT,מיץ לימון ויליפוד 20,,200.00,100 גרם,false,,5.90,0.0295,true,1,89320
7290005423253,false,"סנו - מקסימה מרסס למייבש כביסה אולטרה פרש 750 מ""ל","סנו מפעלי ברונוס בע""",IL,סנו מקסימה למייבש או,,750.00,,false,,21.90,0.0292,true,1,23938
7290005423567,false,מטליות לניקוי כללי בגליל 40 יח' סנו סושי,אסותא תעשיות אלבד בע,IL,סנו סושי בגליל 40יח,יחידה,0.00,יחידה,false,,22.90,0.0000,true,1,98110
7290005423635,false,ריצפז נוזל לניקוי רצפות דוחה חרקים 2 ל',מיוצר עי קונדיטוריית,IL,ריצפז פלוס דוחה חרקי,ליטרים,2.00,ליטר,false,,25.90,12.9500,true,1,23944
7290005423734,false,סנו - מקסימה מרכך כביסה אולטרה פרש 4 ליטר,"סנו מפעלי ברונוס בע""",IL,סנו מקסימה מרכך כביס,ליטרים,4.00,ליטר,false,,23.90,5.9750,true,1,23945
7290005424403,false,"אל סבון כיף אצות ים קטיפתי 1ליטר,",טרופיקל דגיל תעשיות,IL,כיף אל סבון אצות ים,,1000.00,100 גרם,false,,14.90,0.0149,true,1,23953
7290005424755,false,מטליות ריצפז פלוס לחות לניקוי רצפות דוחה תיקנים 10 יח' סנו,סנו מפעלי ברונוס בעמ,IL,ריצפז פלוס מטליות לח,,10.00,,false,,16.90,1.6900,true,1,91635
7290005426186,false,סקוטש ענק סנו סושי שלישיה,קריות זול,IL,סנו סושי סקוטש ענק 3,יחידה,0.00,יחידה,false,,16.90,0.0000,true,1,41781
7290005427107,false,סנו - סושי מגבות נייר הפלא 6 יחידות,מיוצר עי קונדיטוריית,IL,סנו סושי מגבות הפלא,,6.00,,false,,13.90,2.3167,true,1,23995
7290005427725,false,מגבונים ליטופים מארז חמישיה,טרופיקל דגיל,IL,מגבוני ליטופים מבושם,,5.00,,false,,22.90,4.5800,true,1,98129
7290005427848,false,מטלית בגליל ורוד 40 יח' סנו סושי,קריות זול,IL,סנו סושי מטליות בגלי,,40.00,,false,,22.90,0.5725,true,1,98133
7290005430480,false,מטלית הפלא מיקרופייבר סנו סושי,קריות זול,CN,מטלית הפלא מיקרופייב,יחידה,0.00,יחידה,false,,9.90,0.0000,true,1,24026
7290005430602,false,"סנו - אוקסיג'ן מרסס מסיר כתמים 750 מ""ל","סנו מפעלי ברונוס בע""",IL,סנו אוקסיגן מסיר כתמ,,750.00,,false,,19.90,0.0265,true,1,24028
7290005430671,false,סנו פוליווקס קרמיקה 2ל',סנו מפעלי ברונו בעמ,IL,פוליויקס קרמיקה 2ליט,ליטרים,2.00,ליטר,false,,24.90,12.4500,true,1,24030
7290005431883,false,קינוח מלבי חלבי עדן,עדן קינוחים Eden,IL,מלבי חלבי 165 גרם,,165.00,,false,,7.50,0.0455,true,1,105516
7290005431906,false,קינוח קדאיף עדן 82 ג,עדן קינוחים Eden,IL,קדאיף 82 גרם,,92.00,,false,,7.50,0.0815,true,1,105517
7290005431913,false,עוגת גבינה פירורים 92 גרם.,עדן קינוחים Eden,IL,עוגת גבינה פירורים 9,,92.00,,false,,7.50,0.0815,true,1,105518
7290005431937,false,קינוח טירמיסו עדן 82,עדן קינוחים Eden,IL,טירמיסו 82 גרם,,82.00,100 גרם,false,,7.50,0.0915,true,1,105514
7290005431968,false,מלבי שמנת עדן קינוחי,עדן קינוחים Eden,IL,מלבי שמנת 150 גרם,,150.00,100 גרם,false,,7.90,0.0527,true,1,113865
7290005437540,false,פיטריות חתוך טעמן 290 גר',,,פטריות חתוכות טעמן 2,,290.00,100 גרם,false,,4.90,0.0169,true,1,94260
7290005437632,false,שמן קנולה טעמן 1ליטר,,,שמן קנולה טעמן 1ליטר,,1000.00,,false,,11.90,0.0119,true,1,114785
7290005437861,false,קוקטייל פירות טרופי 900ג',פ.ת גרייט פנאפל,ID,קוקטייל פירות טרופיי,,825.00,100 גרם,false,,13.90,0.0168,true,1,94263
7290005437939,false,פסטה ספגטיני 500 גר' טעמן,,,פסטה ספגטיני מס'10 ט,,500.00,100 גרם,false,,5.90,0.0118,true,1,94265
7290005559587,false,מאפה נקניקיה בבצק מעדנות 800ג',מיוצר עי קונדיטוריית,IL,מאפה נקניקיות מעדנות,,800.00,,false,,29.90,0.0374,true,1,25940
7290005559709,false,בורקס פיצה מעדנות 700 ג',"מעדנות בע""מ",IL,בורקס פיצה מעדנות 70,,700.00,,false,,28.90,0.0413,true,1,25942
7290005559907,false,פיצה משפחתית גבינה 500 ג' מעדנות,מיוצר עי קונדיטוריית,IL,פיצה משפחתית גבינה מ,,500.00,100 גרם,false,,23.90,0.0478,true,1,25944
7290005559914,false,פיצה משפחתית זיתים 550 ג' מעדנות,מיוצר עי קונדיטוריית,IL,פיצה משפחתית זיתים מ,,550.00,100 גרם,false,,23.90,0.0435,true,1,25945
7290005559990,false,בצק פילאס תורכי מעדנות 600 גרם,מיוצר עי קונדיטוריית,IL,בצק פילאס תורכי מעדנ,,600.00,100 גרם,false,,24.90,0.0415,true,1,25949
7290005591761,false,דבש טהור מפרחי בר בלחיץ 400 ג' יד מרדכי,מכוורת יד מרדכי שטרא,IL,*מבצע* דבש טהור מפרח,,400.00,100 גרם,false,,19.90,0.0497,true,1,27467
7290005610127,false,תפו`א גורמה לבן דוד,אראל תוצרת חקלאית בע,IL,"תפו""א גורמה דוד משה",קילוגרמים,1.00,"ק""ג",true,,6.90,6.9000,true,1,90581
7290005610509,false,צנוניות ארוזות דוד מ,חקלאי,IL,צנוניות יח,יחידה,0.00,יחידה,false,,5.90,0.0000,true,1,86554
7290005651069,false,"לה קט מיקס 2.85 ק""ג",קריות זול,FR,לה קט מיקס 2.85קג,קילוגרמים,2.85,"ק""ג",false,,79.90,28.0351,true,1,23535
7290005658464,false,עוגיות מקלות מרוקאיות 350ג',,,עוגיות מובחרות עד 35,,350.00,100 גרם,false,,12.90,0.0369,true,1,40384
7290005686436,false,תפוח עץ מיובש ששון ה,"דין שיווק וקליה בע""מ",,תפוח עץ מיובש 200גר,,200.00,100 גרם,false,,14.90,0.0745,true,1,53587
7290005689369,false,סינטה עגל,,,סינטה עגל,קילוגרמים,1.00,"ק""ג",true,,139.90,139.9000,true,1,121740
7290005838002,false,מעדן גבינה ויוגורט בטעם וניל 88 ג' דניאלה,"שטראוס בריאות בע""מ",IL,דניאלה מעדן בטעם וני,,150.00,,false,,4.40,0.0293,true,1,27469
7290005838613,false,שטראוס גבינת וניל 3% 125ג,"שטראוס בריאות בע""מ",IL,קרם גבינה 3% בטעם ונ,,125.00,100 גרם,false,,4.50,0.0360,true,1,27471
7290005838972,false,גבינת יום יום 5% שטראוס 125ג',מיוצר עי קונדיטוריית,IL,סקי גבינת לבנה 5% 12,,125.00,100 גרם,false,,3.90,0.0312,true,1,27472
7290005839078,false,"דנונה יוגורט ביו 3% לבן מארז 150X8מ""ל",מיוצר עי קונדיטוריית,IL,דנונה ביו מארז שמיני,,1200.00,,false,,18.90,0.0157,true,1,27473
7290005839108,false,סימפוניה 5% עם זיתים 200 ג' שטראוס,"שטראוס בריאות בע""מ",IL,סימפוניה זיתים 5% 20,,200.00,,false,,12.50,0.0625,true,1,27474
7290005839313,false,"מילקי טופ שוקולד מגולגל 170 מ""ל",מיוצר עי קונדיטוריית,IL,מילקי טופ מגולגלת 14,,142.00,,false,,5.50,0.0387,true,1,27475
7290005896415,false,"בירה איגל פחית ירוק 500מ""ל","טמפו משקאות בע""מ",IL,בירה איגל ירוק פחית,,500.00,100 גרם,false,,6.90,0.0138,true,1,87604
7290005896620,false,מים מוגז ' סאן בנדטו ' יחידה,אקווה מינרלה סאן בנד,IT,סאן בנדטו מים מינרלי,,1500.00,,false,,3.90,0.0026,true,1,22376
7290005896637,false,מים סן בנדטו בודד 1.5 ליטר,אקווה מינרלה סאן בנד,IT,סאן בנדטו 1.5 ליטר,,1500.00,,false,,3.90,0.0026,true,1,51522
7290005992018,false,יוגורט עיזים 3% שומן 500 ג' גד,"מיוצר ע""י קוד יצרן M",IL,יוגורט עיזים 3% 500מ,,500.00,,false,,15.70,0.0314,true,1,22100
7290005992575,false,בולגרית למריחה 5% 250 גרם - רבנות,מחלבות גד בעמ,IL,בולגרית למריחה 5% 25,,250.00,,false,,19.90,0.0796,true,1,22103
7290005996078,false,סרוולד הונגרי יחיעם,מעדני יחיעם,IL,סרוולד הונגרי יחיעם,,125.00,,false,,29.90,0.2392,true,1,106821
7290005996221,false,פסטרמה של פעם דק דק 120 גר',פ.פ.ח. שאביט,IL,פסטרמה של פעם דק דק,,120.00,100 גרם,false,,14.90,0.1242,true,1,113805
7290005996238,false,פסטרמה בדבש דק דק 120 גר',פ.פ.ח. שאביט,IL,פסטרמה בדבש דק דק 12,,120.00,,false,,14.90,0.1242,true,1,113806
7290005996276,false,פסטרמה ברבקיו דק דק 120 גר',פ.פ.ח. שאביט,IL,פסטרמה ברביקיו דק דק,,120.00,,false,,14.90,0.1242,true,1,113807
7290006185518,false,פנינה אל סבון נוזלי כחול פנינה 1 ל',,,אל סבון כחול פנינה ר,,1000.00,100 גרם,false,,11.90,0.0119,true,1,99485
7290006229427,false,"סאן בנדטו מים מהאלפים מארז 500X6מ""ל",קריות זול,,סאן בנדטו שישייה 6*5,,3000.00,,false,,15.90,0.0053,true,1,21784
7290006241504,false,"פריגת קפוא תפוזים 280 מ""ל",פריגת מצוננים,IL,פריגת תפוזים קפוא 34,,345.00,100 גרם,false,,15.90,0.0461,true,1,25188
7290006241511,false,"פריגת קפוא לימון נענע 280 מ""ל",היינץ צפון אמריקה מק,IL,פריגת לימון נענע קפו,,340.00,100 גרם,false,,15.90,0.0468,true,1,25189
7290006241689,false,לימון קפוא פריגת 340 ג',היינץ צפון אמריקה מק,IL,פריגת לימון קפוא 340,,340.00,,false,,15.90,0.0468,true,1,25191
7290006251275,false,תה ויסוצקי ירוק סיני 25יח',קריות זול,IL,תה ירוק סיני 25יח,,37.50,100 גרם,false,,27.90,0.7440,true,1,26656
7290006251374,false,תה ירוק לימונית וגינגר 25 שקיקים ויסוצקי,קריות זול,IL,תה ירוק לימונית וגינ,,25.00,,false,,27.90,1.1160,true,1,26660
7290006251589,false,תה ירוק עם עלי נענע 50 שקיקים ויסוצקי,בית ויסוצקי,IL,תה ירוק עם עלי נענע,,50.00,,false,,49.90,0.9980,true,1,26661
7290006265500,false,פטריות שמפיניון ארוז מרינה,"מרינה פטריות הגליל בע""מ",IL,פטריות שמפיניון ארוז,,250.00,100 גרם,false,,9.90,0.0396,true,1,22267
7290006271181,false,מעדנות גחנון אפוי 750 גרם,מיוצר עי קונדיטוריית,IL,גחנון אפוי מעדנות 75,,750.00,100 גרם,false,,27.90,0.0372,true,1,25951
7290006271648,false,"מיני בורקס תפו""א 800 ג' מעדנות","מעדנות בע""מ",IL,"מיני בורקס תפו""א מעד",,800.00,,false,,25.90,0.0324,true,1,25953
7290006271655,false,מיני בורקס גבינה 800 ג' מעדנות,מיוצר עי קונדיטוריית,IL,מיני בורקס גבינה מעד,,800.00,,false,,28.90,0.0361,true,1,25954
7290006272072,false,חטיפי פיצה בשקית מעדנות 650ג',"מעדנות בע""מ",IL,חטיפי פיצה מעדנות 65,,650.00,,false,,34.90,0.0537,true,1,25958
7290006272430,false,בצק עלים חמאה מעדנות 600 ג',מיוצר עי קונדיטוריית,IL,בצק עלים חמאה מעדנות,,600.00,100 גרם,false,,29.90,0.0498,true,1,25959
7290006306296,false,רביולי לורנצו גבינה 400ג' פסטה נונה,פסטנונה רמת דלטון מר,IL,רביולי במילוי גבינה,,400.00,100 גרם,false,,26.90,0.0672,true,1,44510
7290006306302,false,רביולי במילוי גבינות פרמזן ריקוטה 400 ג' פסטה נונה,פסטה נונה Pasta Nonn,IL,רביולי פרמזן ריקוטה,,400.00,100 גרם,false,,26.90,0.0672,true,1,22107
7290006306326,false,רביולי במילוי פטריות וגבינת פרמזן פסטה נונה 400 ג',דורום תעשיות מזון ופ,IL,רביולי במילוי פטריות,,400.00,,false,,26.90,0.0672,true,1,22109
7290006346414,false,סלט אבוקדו 250 גרם,קלאס פוד,IL,סלט אבוקדו 250 גרם,,250.00,,false,,23.90,0.0956,true,1,122618
7290006346834,false,פלפלית בלימון חריף מ,מונטה קרלו,IL,פלפלית בלימון חריף ג,,250.00,100 גרם,false,,16.90,0.0676,true,1,116250
7290006374738,false,קונפיטורה תות 340 ג' יד מרדכי,אף.סי תבליני בגליל ב,IL,קונפיטורת תות יד מרד,,340.00,,false,,15.90,0.0468,true,1,33765
7290006376022,false,קורנפלור 200גר פרימי,,,קורנפלור 200גר פרימי,,200.00,,false,,4.90,0.0245,true,1,113878
7290006376091,false,סודה לשתייה קרטונית,,,סודה לשתיה פרימיום 5,,50.00,100 גרם,false,,2.30,0.0460,true,1,91779
7290006376626,false,אבקת סוכר מהדרין 100 ג',,,אבקת סוכר פרימיום 10,,100.00,,false,,2.70,0.0270,true,1,91780
7290006376688,false,עשיריית סוכר וניל,,,סוכר וניל 10*10גרם פ,,100.00,100 גרם,false,,2.70,0.0270,true,1,91781
7290006376695,false,עשיריית אבקת אפיה 10,,,אבקת אפיה 10*10גר פר,,100.00,,false,,2.70,0.0270,true,1,91778
7290006376718,false,גלטין לעוגה פרימיום 24 יח,,,ג'לטין שקיות 24 גר,,24.00,100 גרם,false,,10.90,0.4542,true,1,58300
7290006376732,false,שומשום 200 גרם חילדה,,,שומשום 200 גרם חילדה,,200.00,,false,,7.90,0.0395,true,1,119233
7290006492432,false,גבינת מוצרלה בייבי 18% 300 ג' גד,מחלבות גד בעמ,IL,בייבי מוצרלה מחלבות,,100.00,100 גרם,false,,16.70,0.1670,true,1,22116
7290006492616,false,גבינה בולגרית פרוסות 5% 250 ג' גד,DSH עבור מחלבות גד ב,IL,בולגרית פרוסות 5% 25,,250.00,,false,,28.90,0.1156,true,1,22117
7290006492630,false,גליל גד עז 22% 180 גרם - רבנות,מחלבות גד בעמ,IL,גבינת גליל מחלבות גד,,180.00,100 גרם,false,,24.80,0.1378,true,1,22118
7290006492852,false,גבינת עיזים למריחה 5% שומן 250 ג' גד,קריות זול,IL,*מבצע* גבינת עיזים 5,,250.00,100 גרם,false,,16.90,0.0676,true,1,22121
7290006494917,false,מרמולייט ופל בטעם שוקולד 180 ג',"איטיליאן פוד, אס.פי.",IL,וופל מרמולייט ופל בט,,180.00,100 גרם,false,,11.90,0.0661,true,1,23692
7290006567048,false,קוסקוס ישראלי מפתול אסם 350ג',"מיוצר ע""י קוד יצרן K",IL,פתיתי קוסקוס ישראלי,,350.00,100 גרם,false,,8.90,0.0254,true,1,23034
7290006644480,false,"תפוזינה תפוזים 500 מ""ל","יפאורה תבורי בע""מ",IL,"תפוזינה תפוזים 500מ""",,500.00,,false,,5.90,0.0118,true,1,84013
7290006644510,false,"מיץ ענבים 500 מ""ל תפוזינה","יפאורה תבורי בע""מ",IL,"תפוזינה ענבים 500מ""ל",,500.00,100 גרם,false,,5.90,0.0118,true,1,84014
7290006644527,false,"תפוזינה תות בננה 500 מ""ל","יפאורה תבורי בע""מ",IL,תפוזינה תות בננה 500,,500.00,,false,,5.90,0.0118,true,1,84015
7290006652027,false,במבה מארז 20 יח' *15ג' אסם,מיוצר עי קונדיטוריית,IL,במבה יום הולדת מארז,,300.00,,false,,19.90,0.0663,true,1,21800
7290006653765,false,פסטה פרפקטו פטוציני 500ג' אסם,קריות זול,IT,פסטה פרפקטו פטוציני,,500.00,100 גרם,false,,8.90,0.0178,true,1,23040
7290006653819,false,קוסקוס דק בשקית אסם,"מיוצר ע""י קוד יצרן K",IL,קוסקוס דק אסם 350 גר,,350.00,100 גרם,false,,8.90,0.0254,true,1,23041
7290006664051,false,"אקטימל לבן מארז 100X14 מ""ל",מיוצר עי קונדיטוריית,IL,אקטימל טבעי 14*100מל,,1400.00,,false,,33.70,0.0241,true,1,27486
7290006664402,false,גבינה 5% שומן 750 ג' שטראוס,מיוצר עי קונדיטוריית,IL,גבינה לבנה סקי 5% 75,,750.00,,false,,14.94,0.0199,true,1,27493
7290006664532,false,יוגורט עם תות 3% שומן 150 ג' דנונה,מיוצר עי קונדיטוריית,IL,דנונה תות 1.5% 150 מ,,150.00,,false,,4.90,0.0327,true,1,27495
7290006664655,false,"אקטימל לבן טבעי מארז 100X8 מ""ל",מיוצר עי קונדיטוריית,IL,?אקטימל דנונה 100x8,,800.00,,false,,21.90,0.0274,true,1,27498
7290006664990,false,דנונה ביו מארז חיסכון 1.5% 8 יח' *150 ג',מיוצר עי קונדיטוריית,IL,דנונה ביו מארז שמיני,,1200.00,,false,,18.90,0.0157,true,1,27503
7290006681553,false,שטראוס קרמבו ווניל 8יח,"גלידת שטראוס בע""מ",IL,קרמבו וניל שטראוס 8י,,8.00,,false,,16.90,2.1125,true,1,33069
7290006707468,false,כבד עוף טרי ארוז לצל,,,כבד עוף טרי ארוז לצל,קילוגרמים,1.00,"ק""ג",true,,24.90,24.9000,true,1,105530
7290006712981,false,"קולגייט משחת שיניים סמיילס לגילאי 6 50 מ""ל",הנסיך- מפעל לייצור ט,PL,קולגייט משחת שיניים,,50.00,,false,,14.90,0.2980,true,1,25598
7290006738615,false,קבב פרימיום זהב 100% בשר זוגלובק 400 ג',נקניק נהריה כשר זוגל,IL,קבב פרימיום 100% בשר,,400.00,100 גרם,false,,25.90,0.0647,true,1,26423
7290006739292,false,נקניק פסטרמה פרגיות ציפוי תירס,נקניק נהריה כשר זוגל,,פסטרמה תבור זוגלובק,,330.00,,false,,31.90,0.0967,true,1,36235
7290006739407,false,שניצל תירס לייט 630 ג' זוגלובק,נקניק נהריה כשר זוגל,IL,שניצל תירס לייט זוגל,,630.00,,false,,28.90,0.0459,true,1,26426
7290006739414,false,סלמי קוניאק 300 ג' זוגלובק,נקניק נהריה כשר זוגל,IL,סלמי קוניאק זוגלובק,,300.00,,false,,29.90,0.0997,true,1,26427
7290006739421,false,סלמי מעושן איטלקי 300 ג' זוגלובק,נקניק נהריה כשר זוגל,IL,סלמי מעושן איטלקי זו,,300.00,,false,,29.90,0.0997,true,1,26428
7290006739445,false,שניצל תירס קלאסי 750 ג' זוגלובק,נקניק נהריה כשר זוגל,IL,שניצל תירס קלאסי זוג,,750.00,,false,,28.90,0.0385,true,1,26429
7290006741363,false,"בורקס תפו""א זוגלובק בד""צ 800ג'",מאפיית אריאל וגידרון,IL,"בורקס תפו""א בדץ זוגל",,800.00,100 גרם,false,,18.90,0.0236,true,1,26437
7290006742292,false,פסטרמה הודו בדבש 330 ג' זוגלובק,נקניק נהריה כשר זוגל,IL,פסטרממיה בדבש 1% זוג,,330.00,100 גרם,false,,31.90,0.0967,true,1,26443
7290006742315,false,פסטרמה חזה הודו ברביקיו זוגלובק 330 ג',נקניק נהריה כשר זוגל,IL,חזה הודו ברביקיו 1%,,330.00,100 גרם,false,,31.90,0.0967,true,1,26445
7290006764485,false,"בירה נשר מאלט שחורה מארז 330X6מ""ל",קריות זול,,נשר מאלט בקבוק שישיי,,1980.00,100 גרם,false,,33.90,0.0171,true,1,22387
7290006765000,false,טורטיות חיטה מלאה 8יח 540 ג',אלקטי קוראבייכיסיגיד,TR,טורטיות מקמח חיטה מל,,540.00,100 גרם,false,,10.00,0.0185,true,1,92873
7290006775016,false,עוגה מבית טוב 450 גרם תפוז,אחדות ביחר לטחינה חל,IL,עוגת תפוז 450גר,,450.00,,false,,10.90,0.0242,true,1,40716
7290006775023,false,"עוגה מבית טוב"" 450 גרם אנגלית",אחדות ביחר לטחינה חל,IL,עוגת אנגלית 450גר,,450.00,100 גרם,false,,10.90,0.0242,true,1,40717
7290006775047,false,"עוגה מבית טוב"" 450 גרם שוקולד",אחדות ביחר לטחינה חל,IL,עוגת שוקולד 450גר,,450.00,100 גרם,false,,10.90,0.0242,true,1,40719
7290006775054,false,עוגת שיש אחווה 450 ג' אחוה,אחדות ביחר לטחינה חל,IL,עוגת שיש 450גר,,450.00,,false,,10.90,0.0242,true,1,40720
7290006805355,false,תערובת להכנת כדורי שוקולד פילסברי 500ג',הדקלאים אגודת שיתופי,IL,כדורי שוקולד פילסברי,,500.00,100 גרם,false,,19.90,0.0398,true,1,26938
7290006822192,false,מיץ חמוציות דיאט אושן ספריי 1 ליטר,מבשלות בירה בינלאומי,IL,אושן ספריי דיאט חמוצ,,1000.00,,false,,13.90,0.0139,true,1,25197
7290006866363,false,פרימור סחוט אשכולית אדומה 1ל',"גניר (1992) בע""מ",IL,פרימור אשכולית אדומה,,1000.00,,false,,17.90,0.0179,true,1,27505
7290006983152,false,קרוטונים מתובלים למרק 400 ג' אסם,עינת תעשיות מזון,IL,קרוטונים מתובלים למר,,400.00,,false,,21.90,0.0547,true,1,23048
7290006983176,false,אוסם - לחמית שיפון 250 גרם,"אסם השקעות בע""מ",IL,לחמית שיפון אסם 250ג,,250.00,100 גרם,false,,9.90,0.0396,true,1,23049
7290006983206,false,אסם תערובת פלאפל בקלי קלות 180גר,"אסם השקעות בע""מ",IL,תערובת להכנת פלאפל א,,180.00,100 גרם,false,,10.90,0.0606,true,1,23050
7290006983763,false,עוגת הבית שוקולד 400 גרם אסם.,מיוצר עי קונדיטוריית,IL,עוגת הבית שוקולד אסם,,400.00,,false,,15.90,0.0398,true,1,23053
7290006983770,false,עוגת הבית שיש 400 ג' אסם,מיוצר עי קונדיטוריית,IL,עוגת הבית שיש אסם 40,,400.00,,false,,15.90,0.0398,true,1,23054
7290006983787,false,עוגת הבית שוקוציפס 400 גרם אסם,מיוצר עי קונדיטוריית,IL,עוגת הבית שוקוציפס א,,400.00,,false,,15.90,0.0398,true,1,23055
7290006983794,false,עוגת הבית תפוז 400 ג' אסם,מיוצר עי קונדיטוריית,IL,עוגת הבית תפוז אסם 4,,400.00,,false,,15.90,0.0398,true,1,23056
7290008000826,false,משחת שיניים ילדיים בארביי 50 גרם,כצט נוביס,IL,ברבי משחת שיניים ליל,,50.00,100 גרם,false,,11.90,0.2380,true,1,40982
7290008154222,false,שניצלונים עוף טוב 700 גרם,מולינו ניקולי s.p.a,IL,שניצלונים עוף טוב 70,,700.00,100 גרם,false,,19.90,0.0284,true,1,23067
7290008175210,false,גבינת פרמזן מגורדת 90ג' ויליפוד,זנטי אס.איי.,IT,פרמזנו מגורדת ויליפו,,90.00,,false,,16.90,0.1878,true,1,32338
7290008190909,false,מיני קוקיס שוקולד ציפס 600גר,כרמית תעשיות ממתקים,IL,מיני קוקיס שוקולד צי,,600.00,100 גרם,false,,17.90,0.0298,true,1,33904
7290008329033,false,צלחת 7 לבן אר 50 דנט,,,צלחת 7 לבן אר 50 דנט,,50.00,,false,,9.90,0.1980,true,1,72475
7290008329224,false,מרקיה צבעוני דנטס 25 יח',,,מרקיה צבעוני 20יח דנ,יחידה,0.00,יחידה,false,,9.90,0.0000,true,1,94385
7290008329286,false,כפיות אר 100 דנטס,,,כפיות אר 100 דנטס,יחידה,0.00,יחידה,false,,9.90,0.0000,true,1,94391
7290008329293,false,סכינים פרימיום שקוף/קרם/לבן/זהב דנטס אר' 50 יח',,,סכינים פרימיום שקוף/,יחידה,0.00,יחידה,false,,9.90,0.0000,true,1,72488
7290008329309,false,מזלגות פרמיום שקוף/קרם/לבן/זהב דנטס אר 50 יח,,,מזלגות פרימיום שקוף/,יחידה,0.00,יחידה,false,,9.90,0.0000,true,1,72489
7290008329316,false,כפות פרימיום שקוף/קרם/לבן/זהב דנטס 50 יח,,,כפות פרימיום שקוף/קר,יחידה,0.00,יחידה,false,,9.90,0.0000,true,1,72490
7290008329354,false,צלחות 9 ציבעוני 25 יח,,,צלחת (9) ציבעוני 20י,יחידה,0.00,יחידה,false,,12.90,0.0000,true,1,72494
7290008329415,false,צלחת 8 לבן אר 50 דנט,,,צלחת 8 לבן אר 50 דנט,,50.00,,false,,12.90,0.2580,true,1,72498
7290008329514,false,קערה צבעונית לסלט אר,,,קערה צבעונית לסלט אר,,10.00,,false,,11.90,1.1900,true,1,94395
7290008330107,false,מרכך כביסה סגול 4 ל' בדין,יוניליור ישראל טיפוח,IL,בדין סגול מרכך כביסה,ליטרים,4.00,ליטר,false,,22.90,5.7250,true,1,24630
7290008409049,false,מיני שניצלונים ושומשום מאמא עוף 500 ג',תנובה גליל שותפות מו,IL,שניצלונים מיני מיני,,500.00,100 גרם,false,,29.90,0.0598,true,1,51099
7290008409100,false,אצבעות שניצל ציפוי שומשום 700 ג' מאמא עוף,תנובה גליל שותפות מו,IL,אצבעות שניצל שומשום,,700.00,,false,,39.90,0.0570,true,1,25966
7290008409124,false,מאמא עוף קפוא שניצל ג'ונגל פריך 700 גרם,תנובה גליל שותפות מו,IL,שניצל גונגל פריך מאמ,,700.00,,false,,39.90,0.0570,true,1,25968
7290008409216,false,מאמא עוף קפוא שניצל דק פריך 700 גרם,תנובה גליל,IL,שניצל דק פריך מאמא ע,,700.00,100 גרם,false,,45.90,0.0656,true,1,25971
7290008409315,false,מיני מיני דק שניצלונים בציפוי פריך מאמא עוף 500 ג',תנובה גליל,IL,שניצלונים מיני מיני,,500.00,100 גרם,false,,29.90,0.0598,true,1,51100
7290008409407,false,שניצל דק ציפס מאמא עוף 700 ג',תנובה גליל שותפות מו,IL,שניצל דק בציפוי ציפס,,700.00,100 גרם,false,,45.90,0.0656,true,1,25978
7290008409551,false,שניצל עוף אמיתי בציפוי מעודן 700 ג' מאמא עוף,תנובה גליל שותפות מו,IL,שניצל עוף אמיתי מעוד,,700.00,100 גרם,false,,45.90,0.0656,true,1,25984
7290008409568,false,שניצל ציפס אמיתי מאמא עוף 700 ג',תנובה גליל שותפות מו,IL,שניצל ציפס אמיתי מאמ,,700.00,,false,,45.90,0.0656,true,1,25985
7290008409582,false,שניצל אמיתי בציפוי ביתי מאמא עוף 700 ג',תנובה גליל שותפות מו,IL,שניצל אמיתי ביתי מאמ,,700.00,100 גרם,false,,45.90,0.0656,true,1,25987
7290008464024,false,בירה גולדסטאר לא מסונן פחית 500 מל,"טמפו משקאות בע""מ",IL,בירה גולדסטאר לאגר כ,,500.00,,false,,10.00,0.0200,true,1,53147
7290008464130,false,"בירה גולדסטאר לא מסונן 330X6מ""ל",טמפו,IL,בירה גולדסטאר לא מסו,,1980.00,,false,,39.90,0.0202,true,1,49670
7290008464222,false,"בירה מכבי 7.9% פחית 500 מ""ל","טמפו משקאות בע""מ",IL,בירה מכבי 7.9% פחית,,500.00,,false,,8.90,0.0178,true,1,59324
7290008464604,false,"בירה היינקן פחית 500מ""ל",טמפו משקאות בע''מ,NL,בירה היינקן הולנד פח,,500.00,100 גרם,false,,10.90,0.0218,true,1,22397
7290008464741,false,"בירה גולדסטאר בק' מארז 330X6מ""ל",קריות זול,IL,בירה גולדסטאר בקבוק,,1980.00,,false,,38.90,0.0196,true,1,22400
7290008464796,false,"בירה היינקין ח""פ בקבוק 330X6מ""ל",קריות זול,IL,בירה היינקן בקבוק 6*,,1980.00,100 גרם,false,,39.90,0.0202,true,1,22403
7290008493413,false,פירורי גריסיני קלאסי 200גרם-חדש,מאיר בייגל,IL,פרורי גריסני שקית 20,,200.00,100 גרם,false,,7.90,0.0395,true,1,25620
7290008493710,false,פרורי גריסני זהב מאיר בייגל 200 ג',מאיר בייגל,,פרורי גריסיני זהב 20,,200.00,100 גרם,false,,7.90,0.0395,true,1,118462
7290008636919,false,קקאו הולנדי שקית 250גרם מיה,מיה תעשיות מזון,IL,קקאו הולנדי 200 גר,,200.00,100 גרם,false,,9.90,0.0495,true,1,88275
7290008644112,false,סלט מטבוחה יום יום אחלה 125 ג',"שטראוס גרופ בע""מ",IL,סלט מטבוחה אחלה 125ג,,125.00,,false,,5.80,0.0464,true,1,27507
7290008644235,false,עלי בייבי טעם הטבע 1,שטראוס בריאות ירקות,IL,עלי בייבי 120 גר שטר,,120.00,,false,,12.90,0.1075,true,1,27508
7290008644945,false,סלט המושבה שטופים שט,שטראוס בריאות ירקות,IL,סלט המושבה שטראוס 45,,450.00,,false,,13.90,0.0309,true,1,27514
7290008670012,false,"יין רקאנטי קברנה סוביניון 2019 750 מ""ל",תות ממתקי איכות,IL,יין קברנה סובניון רק,,750.00,100 גרם,false,,59.90,0.0799,true,1,22165
7290008670029,false,"יין רקאנטי מרלו 2018 750 מ""ל",תות ממתקי איכות,IL,יין מרלו רקנאטי 750מ,,750.00,100 גרם,false,,59.90,0.0799,true,1,22166
7290008679428,false,כפפות לבית ולמטבח בי,קריות זול,,כפפות הנדי לבית ולמט,יחידה,0.00,יחידה,false,,8.90,0.0000,true,1,25434
7290008679435,false,כפפות לבית ולמטבח גד,קריות זול,,כפפות הנדי לבית ולמט,יחידה,0.00,יחידה,false,,8.90,0.0000,true,1,25435
7290008679992,false,כפפות עבור אצבעות L,,,כפפות עבור אצבעות L,יחידה,0.00,יחידה,false,,14.90,0.0000,true,1,25440
7290008690713,false,פריגת אושן ספריי חמוציות 1ל',מבשלות בירה בינלאומי,IL,אושן ספריי חמוציות 1,,1000.00,,false,,13.90,0.0139,true,1,25217
7290008693134,false,מעדן גבינה ויוגורט בטעם תות 5% שומן 88 ג' דניאלה,"שטראוס בריאות בע""מ",IL,דניאלה מעדן בטעם תות,,150.00,100 גרם,false,,4.40,0.0293,true,1,27521
7290008745239,false,תפוצ'יפס אקסטרא טבעי 50 ג',"שטראוס פריטו ליי בע""",IL,תפוציפס אקסטרא טבעי,,50.00,,false,,4.70,0.0940,true,1,25009
7290008747547,false,תפוצ'יפס אקסטרא 200גר טבעי,"שטראוס פריטו ליי בע""",IL,תפוציפס אקסטרא טבעי,,200.00,,false,,13.50,0.0675,true,1,32789
7290008750264,false,גומי מאסט בטעם דובדבן 28 ג' עלית,"שטראוס גרופ בע""מ",IL,מסטיק מאסט דובדבן 28,,28.00,,false,,5.50,0.1964,true,1,27535
7290008752244,false,תפוצ'יפס אקסטרא גריל 50 גרם,"שטראוס פריטו ליי בע""",IL,תפוציפס אקסטרא גריל,,50.00,,false,,4.70,0.0940,true,1,25011
7290008753111,false,תפוציפס קראנץ מקסיקנ,"שטראוס פריטו ליי בע""",IL,תפוציפס מקסיקני 50גר,,50.00,,false,,4.70,0.0940,true,1,25012
7290008754415,false,גומי מאסט בטעם ספירמינט עדין פליפטופ 28 ג' עלית,"שטראוס גרופ בע""מ",IL,מסטיק מאסט בטעם ספיר,,28.00,,false,,5.50,0.1964,true,1,27545
7290008757034,false,"שוופס סודה זכוכית 250 מ""ל","יפאורה תבורי בע""מ",IL,שוופס סודה 250מל,,250.00,,false,,3.90,0.0156,true,1,24277
7290008775816,false,ערגליות שוקו חדש12*300גרם 2020,מיוצר עי קונדיטוריית,IL,ערגליות שוקו אסם 300,,300.00,100 גרם,false,,11.50,0.0383,true,1,23085
7290008792264,false,מפיות טישיו טאצ' 100יח',"שניב תעשיות נייר בע""",,טאצ מפיות 100,,100.00,,false,,4.90,0.0490,true,1,40390
7290008801461,false,"יין הנצחון לקידוש, 750 מ""ל",יקבי כרמל Carmel Winery,,יין הניצחון 750מל,,750.00,100 גרם,false,,20.90,0.0279,true,1,22054
7290008801478,false,יין טופז זהב אדום מת,קריות זול,,יין טופז זהב 750מל,,750.00,100 גרם,false,,20.90,0.0279,true,1,22055
7290008802291,false,"יין מרלו פרייוט קולקשן 750 מ""ל",אגודת הכורמים הקואופ,IL,יין מרלו פריווט קולק,,750.00,100 גרם,false,,39.90,0.0532,true,1,22061
7290008802512,false,"יין וינו אדום יבש 750 מ""ל","כד בני דרום בע""מ",IL,יין וינו אדום יבש 75,,750.00,100 גרם,false,,22.90,0.0305,true,1,22062
7290008835954,false,"פילה אמנון 5-7 וואקום בד""ץ.",בלאדי,IL,פילה אמנון 5-7 וואקו,קילוגרמים,1.00,"ק""ג",true,,29.90,29.9000,true,1,113881
7290008849586,false,רוטב לבשר כבד עוף 310 ג',קריות זול,IL,רוטב ריבת בצל אוליבי,,310.00,100 גרם,false,,16.90,0.0545,true,1,27063
7290008849609,false,אוליביה רוטב לכרעיים,אוליביה גורמה (1996),IL,רוטב לעוף שום דבש או,,330.00,100 גרם,false,,16.90,0.0512,true,1,27064
7290008849739,false,"רוטב סויה קלאסי אוליביה 290 מ""ל",קריות זול,IL,רוטב סויה קלאסי אולי,,290.00,,false,,13.90,0.0479,true,1,27066
7290008849777,false,רוטב צילי מתוק אוליביה 350 ג',קריות זול,IL,רוטב צילי מתוק 350 מ,,290.00,100 גרם,false,,13.90,0.0479,true,1,27069
7290008909884,false,"קוקה קולה זירו 350 מ""ל בקבוק זכוכית",החברה המרכזית לייצור,IL,קוקה קולה זירו זכוכי,,330.00,100 גרם,false,,7.50,0.0227,true,1,35748
7290010023141,false,תה לימונענע הגן הקסום 25 שיקיקים,קריות זול,IL,תה לימונענע הגן הקסו,,50.00,,false,,19.90,0.3980,true,1,26677
7290010050109,false,רוזמרין/עירית,,,רוזמרין/עירית,יחידה,0.00,יחידה,false,,5.90,0.0000,true,1,43530
7290010051021,false,בזיליקום,,,בזיליקום,יחידה,0.00,יחידה,false,,5.90,0.0000,true,1,43402
7290010051052,false,פטרוזליה,,,פטרוזליה,יחידה,0.00,יחידה,false,,4.90,0.0000,true,1,34486
7290010051076,false,לבבות קיסר,,,לבבות חסה,יחידה,0.00,יחידה,false,,10.90,0.0000,true,1,59766
7290010051113,false,טימין קורנית ארוז,חקלאי,IL,קורנית (טימין),יחידה,0.00,יחידה,false,,5.90,0.0000,true,1,43404
7290010051120,false,מרווה 70 ג',,,מרווה,יחידה,0.00,יחידה,false,,5.90,0.0000,true,1,43405
7290010051144,false,תרד עלים 180גר,,,תרד עלים 180גר,,180.00,100 גרם,false,,9.90,0.0550,true,1,43407
7290010051168,false,כוסברה ארוז,חקלאי,IL,כוסברה,יחידה,0.00,יחידה,false,,4.90,0.0000,true,1,43383
7290010051175,false,כוסברה/שמיר ארוז,,,כוסברה/שמיר ארוז,,1000.00,100 גרם,false,,4.90,0.0049,true,1,34487
7290010051182,false,נענע ארוזה,,,נענע ארוזה,יחידה,0.00,יחידה,false,,4.90,0.0000,true,1,34488
7290010051199,false,שורש פטרוזיליה,,,שורש פטרוזיליה,יחידה,0.00,יחידה,false,,5.90,0.0000,true,1,43385
7290010051205,false,סלרי אמריקאי.,,,סלרי אמריקאי.,,200.00,100 גרם,false,,6.90,0.0345,true,1,43386
7290010051212,false,סלרי ראש ארוז,,,סלרי ראש,יחידה,0.00,יחידה,false,,5.90,0.0000,true,1,43387
7290010051267,false,פרסה לוף שלם,חקלאי,IL,פרסה לוף שלם,יחידה,0.00,יחידה,false,,8.90,0.0000,true,1,47957
7290010051298,false,סלק עלים ארוז,,,סלק עלים ארוז,יחידה,0.00,יחידה,false,,6.90,0.0000,true,1,43388
7290010051311,false,סלרי חתוך,,,סלרי חתוך,,110.00,100 גרם,false,,6.90,0.0627,true,1,83284
7290010051335,false,בצל ירוק,,,בצל ירוק,,110.00,100 גרם,false,,5.90,0.0536,true,1,43399
7290010051373,false,לבבות חסה א.אדמה,,,לבבות חסה א.אדמה,יחידה,0.00,יחידה,false,,9.90,0.0000,true,1,88792
7290010051403,false,סלרי אמריקאי ארוז,חקלאי,IL,שיבה,יחידה,0.00,יחידה,false,,5.90,0.0000,true,1,43409
7290010051434,false,חסה סלנובה,,,חסה סלנובה,יחידה,0.00,יחידה,false,,10.90,0.0000,true,1,90987
7290010051687,false,רוזמרין ארוז,,,רוזמרין,יחידה,0.00,יחידה,false,,5.90,0.0000,true,1,49997
7290010066513,false,נתחי טונה בשמן צמחי רביעיה *158ג' פילטונה,,,נתחי טונה בשמן פילטו,,632.00,,false,,23.90,0.0378,true,1,40958
7290010066575,false,נתחי טונה במים רביעיה *158ג' פילטונה,,,נתחי טונה במים פילטו,,632.00,100 גרם,false,,23.90,0.0378,true,1,40960
7290010066582,false,נתחי טונה בשמן קנולה רביעיה * 158 ג' פילטונה,,,נתחי טונה בשמן קנולה,,632.00,,false,,23.90,0.0378,true,1,40961
7290010116980,false,אבקת שוקולית שקית עלית 850 ג',הנסיך- מפעל לייצור ט,IL,שוקולית עלית 850גר,,820.00,100 גרם,false,,18.90,0.0230,true,1,27554
7290010117864,false,דוריטוס בטעם חריף אש,שטראוס פריטו ליי בע,IL,דוריטוס חריף אש 70גר,,70.00,,false,,4.70,0.0671,true,1,32793
7290010117970,false,סבבה בוטנים קלויים מצופים - אריזה אישית,"שטראוס פריטו ליי בע""",IL,בוטנים טבעי 50 גרם,,50.00,,false,,3.40,0.0680,true,1,92580
7290010124107,false,סטייקבורגר זהב 400 גר',,,סטייק בורגר זהב 400,,400.00,,false,,19.90,0.0497,true,1,92870
7290010124213,false,סינטה בקר דק דק אל מטאדור 250 ג',בלאדי,IL,סינטה בקר דק דק אל מ,,250.00,100 גרם,false,,19.90,0.0796,true,1,92125
7290010124503,false,שומן כבש מעובד ארוז בלדי 200גר,,,שומן כבש 200גר,,200.00,100 גרם,false,,14.90,0.0745,true,1,38016
7290010153787,false,ציפוי לשניצל עם שום מיה 500 גר',מיה תעשיות מזון,IL,ציפוי לשניצל שום 500,,500.00,,false,,10.90,0.0218,true,1,99122
7290010175857,false,פרוסות לבבות דקל 400 ג' טעמן,אינאקספו,UY,לבבות דקל פרוסות 400,,400.00,,false,,12.90,0.0323,true,1,94277
7290010195268,false,פופקורן למיקרו בטעם טבעי מופחת שומן,פופ סטאר,US,פופסטאר בטעם טבעי מו,,425.00,100 גרם,false,,14.90,0.0351,true,1,95411
7290010195275,false,פופקורן להכנה במיקרוגל בטעם חמאה מופחת שומן,פופ סטאר,US,פופסטאר חמאה מופחת ש,,425.00,100 גרם,false,,14.90,0.0351,true,1,95412
7290010237531,false,"פפסי קולה פלסטיק 500 מ""ל","טמפו משקאות בע""ם.",IL,"פפסי בקבוק 500 מ""ל",,500.00,100 גרם,false,,5.90,0.0118,true,1,31701
7290010237548,false,פפסי מקס בקבוק 500 מ``ל,טמפו משקאות בעמ,IL,פפסי מקס בקבוק 500 מ,,500.00,100 גרם,false,,5.90,0.0118,true,1,31702
7290010237562,false,מירינדה פלסטיק 500מל,"טמפו משקאות בע""מ",IL,"מירינדה בקבוק 500 מ""",,500.00,100 גרם,false,,5.90,0.0118,true,1,31703
7290010237579,false,סבן אפ פלסטיק 500מל,"טמפו משקאות בע""מ",IL,"סבן אפ בקבוק 500 מ""ל",,500.00,100 גרם,false,,5.90,0.0118,true,1,31704
7290010237586,false,סבן אפ דיאט פלסטיק 500מל,"טמפו משקאות בע""מ",IL,סבן אפ דיאט בקבוק 50,,500.00,100 גרם,false,,5.90,0.0118,true,1,31705
7290010259823,false,מנת השף מרק עם נודלס טעם עוף בדץ 70ג,נמצ'או(תאילנד) בעמ,TH,נודלס בטעם עוף מנת ה,,70.00,,false,,5.90,0.0843,true,1,23339
7290010259861,false,מנת השף מרק עם נודלס בטעם ירקות בדץ 70ג,קריות זול,TH,נודלס בטעם ירקות מנת,,70.00,100 גרם,false,,5.90,0.0843,true,1,23343
7290010259991,false,וילי פוד צנימים בדץ 250ג,קריות זול,PT,צנימים ויליפוד 250גר,,250.00,100 גרם,false,,8.90,0.0356,true,1,50523
7290010328093,false,ממרח חלווה אחווה 400 ג' מהדרין,אחדות בית חרושת לטחי,IL,ממרח חלבה 400גר,,400.00,100 גרם,false,,11.90,0.0298,true,1,28776
7290010328246,false,טחינה גולמית שומשום מלא אחווה 500 ג',,IL,טחינה משומשום מלא 50,,500.00,100 גרם,false,,12.90,0.0258,true,1,28777
7290010328253,false,טחינה משומשום טבעי 500 גר מהדרין,"אחדות ביח""ר בעמ",IL,טחינה גולמית 500 גרם,,500.00,,false,,12.90,0.0258,true,1,22461
7290010328680,false,עוגה שוקולדו שוקוצ'יפ מריר ולבן אחוה 450ג',אחדות ביחר לטחינה חל,IL,עוגת שוקולד עם שוקוצ,,450.00,,false,,10.90,0.0242,true,1,56553
7290010328710,false,קיצפיות אחווה 180 גר,אחדות ביחר לטחינה חל,IL,קצפיות במגש 180גר,,180.00,,false,,11.90,0.0661,true,1,57178
7290010328734,false,ממרח טחינה עם סילאן משומשום מלא,אחדות ביחר לטחינה חל,IL,ממרח טחינה עם סילאן,,400.00,,false,,11.90,0.0298,true,1,59250
7290010328819,false,"ממרח טחינה עם שוקולד לל""ס 400 ג' אחדות!.",אחדות ביחר לטחינה חל,IL,ממרח טחינה עם שוקולד,,400.00,100 גרם,false,,11.90,0.0298,true,1,82460
7290010429554,false,"שמן זית כתית מעולה יד מרדכי 2 קלאסי, 750 מ""ל",מכוורת יד מרדכי שטרא,IL,שמן זית כתית מעולה ח,,750.00,100 גרם,false,,36.90,0.0492,true,1,27563
7290010454051,false,מפיות טרנדי תלת-שכבת,,,מפיות טרנדי תלת-שכבת,יחידה,0.00,יחידה,false,,7.90,0.0000,true,1,43646
7290010454327,false,מגש לא שביר מרובע גד,,,מגש לא שביר מרובע גד,יחידה,0.00,יחידה,false,,11.90,0.0000,true,1,45645
7290010454402,false,מפות שולחן,,,מפות שולחן,יחידה,0.00,יחידה,false,,7.90,0.0000,true,1,95400
7290010513703,false,מזרח ומערב צ'ופסטיקס צפצפה,גולין פנגזו,CN,מקלות צ'ופסטיקס 20יח,יחידה,0.00,יחידה,false,,7.90,0.0000,true,1,22545
7290010513727,false,פנקו פרורי לחם יפניי,קינגדאו גוניון פודס,CN,פירורי לחם פנקו 200ג,,200.00,,false,,9.90,0.0495,true,1,49954
7290010561032,false,תערובת להכנת לפנקייק אקסטרה ויטמינים ומינרלים 400 גר',אשבל מזון פונקציונלי,IL,ברילי תערובת להכנת פ,,400.00,100 גרם,false,,19.90,0.0497,true,1,117503
7290010561407,false,ברילי לחם פרוס EXTRA ויטמינים ומינרלים 500 ג',ברילי Barili,IL,ברילי לחם פרוס ללא ג,,500.00,,false,,19.90,0.0398,true,1,117501
7290010561445,false,פיתות ללא גלוטן - 5 יח',אשבל מזון פונקציונלי,IL,ברילי פיתות ללא גלוט,,420.00,100 גרם,false,,19.90,0.0474,true,1,117500
7290010613038,false,נוזל רצפות מרוכז בניחוח מרכך כביסה לבן טאצ 2 ל',סאסאטק,IL,רצפות מרוכז לבן 2 לי,,2000.00,,false,,9.90,0.0050,true,1,119086
7290010613953,false,דלי מטליות לניקוי וחיטוי בניחוח מלון בוטיק 250 יח' טאצ',סאסאטק,IL,דלי מטליות לניקוי וח,יחידה,0.00,יחידה,false,,10.90,0.0000,true,1,118719
7290010613977,false,מטליות רצפה לפרקט 10 יח' טאצ',,,טאצ' מטליות רצפה חד,יחידה,0.00,יחידה,false,,10.00,0.0000,true,1,119647
7290010632787,false,צימרוני אוזניים עץ 300יח',הדקלאים אגודת שיתופי,CN,צימרוני אוזניים עץ ב,,300.00,,false,,4.90,0.0163,true,1,36728
7290010711208,false,שייני גליל מטליות צהוב 33 יח',,,מטליות שיאני בגליל,,33.00,,false,,19.90,0.6030,true,1,37429
7290010711932,false,שייני מטליות אינטנסיב רב שימושית 9 יח',,,מטליות רב שימושיות 9,,9.00,,false,,9.90,1.1000,true,1,43860
7290010766185,false,רוטב פסטה בזיליקום ע.תיבול אוליביה 420ג',אוליביה,IL,רוטב לפסטה עגב ובזיל,,420.00,,false,,13.90,0.0331,true,1,44263
7290010766734,false,רוטב פיצה אוליביה אסם 430 ג',אוליביה,IL,רוטב פיצה אוליביה 41,,415.00,,false,,15.90,0.0383,true,1,27077
7290010778058,false,פטוציני לבן/ טריקולו,פסטה דיאורו,IL,פסטה פטוצ'יני 500גר,,500.00,100 גרם,false,,22.90,0.0458,true,1,54754
7290010778065,false,ניוקי תפוח אדמה 500ג,פסטה דיאורו,IL,ניוקי תפוח אדמה 500ג,,500.00,100 גרם,false,,22.90,0.0458,true,1,54755
7290010778126,false,רוטב פסטו 240גר,פסטה דיאורו,IL,רוטב פסטו 240גר,,240.00,,false,,22.90,0.0954,true,1,54766
7290010778157,false,רביולי ריקוטה ותרד 5,פסטה דיאורו,IL,רביולי ריקוטה ותרד 5,,500.00,,false,,32.90,0.0658,true,1,54757
7290010778164,false,רביולי ריקוטה פטריות,פסטה דיאורו,IL,רביולי ריקוטה פטריות,,500.00,,false,,32.90,0.0658,true,1,54758
7290010778171,false,רביולי בטטה 500גר,פסטה דיאורו,IL,רביולי בטטה 500גר,,500.00,100 גרם,false,,32.90,0.0658,true,1,54759
7290010778188,false,רביולי 4 גבינות 500ג,פסטה דיאורו,IL,רביולי 4 גבינות 500ג,,500.00,100 גרם,false,,32.90,0.0658,true,1,54760
7290010778225,false,רוטב שמנת ועגבניות 2,פסטה דיאורו,IL,רוטב שמנת ועגבניות 2,,240.00,100 גרם,false,,22.90,0.0954,true,1,54768
7290010778256,false,רביולי ריקוטה ופרמזן,פסטה דיאורו,IL,רביולי ריקוטה פרמזן,,500.00,,false,,32.90,0.0658,true,1,54762
7290010778263,false,רביולי גבינות צאן 50,פסטה דיאורו,IL,רביולי גבינות צאן 50,,500.00,,false,,32.90,0.0658,true,1,54763
7290010778300,false,רביולי מוצרלה 500גר,פסטה דיאורו,IL,רביולי מוצרלה 500גר,,500.00,,false,,32.90,0.0658,true,1,54764
7290010778324,false,ניוקי בטטה 500גר,פסטה דיאורו,IL,ניוקי בטטה 500גר,,500.00,100 גרם,false,,22.90,0.0458,true,1,54765
7290010778492,false,רוטב שמנת תרד 240גר,פסטה דיאורו,IL,רוטב שמנת תרד 240גר,,240.00,100 גרם,false,,22.90,0.0954,true,1,54770
7290010791644,false,מקלוני עוף פריכים בו,,,בונזו ג'וי מקלוני עו,,90.00,,false,,17.90,0.1989,true,1,90516
7290010814244,false,שלשות שוקולד מריר 85 גרם*3 בלמינט *18 בקרטון,כרמית תעשיות ממתקים,IL,שוקולד מריר כרמית מא,,255.00,,false,,10.90,0.0427,true,1,33918
7290010849529,false,יין למברוסקו די לואיג'י ביאנקו,פארייפאבה אגרואינדוס,IT,למברוסקו די לואיג'י,,750.00,100 גרם,false,,34.90,0.0465,true,1,36475
7290010883042,false,סנובון עם אפקט הקצף הפעיל בריח רענן,סנו,IL,סנובון נוזלי תות 750,,750.00,100 גרם,false,,11.90,0.0159,true,1,24034
7290010922017,false,"אננס קפוא 250 גרם בד""ץ עדה חרדית",,,"אננס קפוא בד""ץ 250 ג",,250.00,,false,,12.90,0.0516,true,1,121625
7290010922055,false,"ליצ'י קפוא 250 גרם בד""ץ עדה חרדית",,,"ליצ'י קפוא בד""ץ 250",,250.00,,false,,12.90,0.0516,true,1,121627
7290010922819,false,"מלון קפוא כשרות בד""ץ, 250 גרם",,,"מלון קפוא בד""ץ 250 ג",,250.00,100 גרם,false,,12.90,0.0516,true,1,121628
7290010922857,false,"מנגו קפוא 250 גרם בד""ץ עדה חרדית",,,"מנגו קפוא בד""ץ 250 ג",,250.00,,false,,12.90,0.0516,true,1,121629
7290010922864,false,גולש בקר 800 ג' ארוז -אשפר,,,גולש בקר קפוא אשפר 8,,800.00,100 גרם,false,,39.90,0.0499,true,1,118204
7290010922918,false,סטייק מינוט 250 גר ארוז אשפר,,,סטייק מינוט 250 גרם,,250.00,100 גרם,false,,29.90,0.1196,true,1,118205
7290010922949,false,תות שדה קפוא 250 ג - Shake It,,,תות שדה קפוא 250 גרם,,250.00,100 גרם,false,,12.90,0.0516,true,1,120429
7290010931330,false,סלט מטבוחה אחלה 500ג,מיוצר עי קונדיטוריית,IL,סלט מטבוחה אחלה 500ג,,500.00,,false,,17.50,0.0350,true,1,27579
7290010945146,false,קוטג' 3% מועשר בסידן טרה 250 ג' מהדרין,קריות זול,IL,קוטג מועשר 3% 250גר,,250.00,100 גרם,false,,6.40,0.0256,true,1,25234
7290010945450,false,טרה גבינה לבנה מהדרין 3% 250ג,קריות זול,IL,גבינה לבנה מהדרין 3%,,250.00,100 גרם,false,,4.98,0.0199,true,1,25238
7290011015862,false,"פריגת סירופ דיאט לימונענע 750 מ""ל",סירופ - גבעת חיים,IL,סירופ דיאט לימונענע,,750.00,,false,,24.90,0.0332,true,1,25247
7290011017866,false,קוקה קולה קלאסי בפחית,החברה המרכזית לייצור,IL,קוקה קולה סליק 330מל,,330.00,,false,,7.00,0.0212,true,1,47823
7290011017873,false,"קוקה קולה זירו פחית 330 מ""ל",החברה המרכזית לייצור,IL,קוקה קולה זירו סילק,,330.00,,false,,7.00,0.0212,true,1,47824
7290011017880,false,דיאט קוקה קולה פחית סליק 330מל,החברה המרכזית לייצור,IL,קוקה קולה דיאט 330מל,,330.00,100 גרם,false,,7.00,0.0212,true,1,47825
7290011018184,false,"אייס תה FUZE TEAאפרסק 500 מ""ל",מבשלות בירה בינלאומי,IL,פיוז טי אפרסק 500מל,,500.00,100 גרם,false,,7.50,0.0150,true,1,47780
7290011022457,false,תבנית 90 ארוז 8 ר2,,,תבנית 90 ארוז 8 ר2,יחידה,0.00,יחידה,false,,9.90,0.0000,true,1,113810
7290011022464,false,תבנית 210 ר99 ארוז 4,,,תבנית 210 ר99 ארוז 4,יחידה,0.00,יחידה,false,,9.90,0.0000,true,1,113811
7290011022495,false,תבנית 8A ארוז 10יח',,,תבנית 8A ארוז 10יח',יחידה,0.00,יחידה,false,,9.90,0.0000,true,1,113814
7290011022921,false,תבנית 105 ארוז 8יח',,,תבנית 105 ארוז 8יח',יחידה,0.00,יחידה,false,,9.90,0.0000,true,1,113812
7290011022938,false,תבנית 8B ארוז 15 ר29,,,תבנית 8B ארוז 15 ר29,יחידה,0.00,יחידה,false,,9.90,0.0000,true,1,113813
7290011022945,false,תבנית אינגליש ארוז 1,,,תבנית אינגליש ארוז 1,יחידה,0.00,יחידה,false,,9.90,0.0000,true,1,113815
7290011022952,false,תבנית עגולה ארוז 6יח,,,תבנית עגולה ארוז 6יח,יחידה,0.00,יחידה,false,,9.90,0.0000,true,1,113816
7290011064075,false,מעדן לאבנה ניצן אבו גוש 200 ג',גבינות עמיר ניצן,,לאבנה אבו גוש 200 גר,,200.00,100 גרם,false,,13.90,0.0695,true,1,99240
7290011064099,false,טאפס פלפלוני שרי ממולאים במעדן גבינה,"ניצן מותגי מזון בע""מ",IL,פלפלוני שרי ממולא 12,,125.00,100 גרם,false,,19.90,0.1592,true,1,99241
7290011115203,false,אל סבון מוצק מבושם בניחוח עדין קלאסיק - מארז רביעיה,טרופיקל דגיל תעשיות,IL,נקה 7 סבון מוצק ורוד,,400.00,100 גרם,false,,12.90,0.0323,true,1,27267
7290011115258,false,אל סבון מוצק מבושם בניחוח עדין קלאסיק - מארז רביעיה,גליל כימיקלים בעמ,IL,נקה 7 סבון מוצק ירוק,,400.00,,false,,12.90,0.0323,true,1,27269
7290011115296,false,אל סבון מוצק מועשר בקרם לחות לבנדר - מארז רביעיה,נקה 7,,נקה 7 סבון מוצק לחות,,400.00,,false,,12.90,0.0323,true,1,27273
7290011115401,false,אל סבון ארומטי מוצק צהוב קמומיל - רביעייה,נקה 7,IL,נקה 7 סבון מוצק לבן,,400.00,100 גרם,false,,12.90,0.0323,true,1,27278
7290011126209,false,תה הגן הקסום תפוח וקינמון - סיידר 25 שקיקים,קריות זול,IL,תה תפוח וקינמון סייד,,55.00,,false,,19.90,0.3618,true,1,26693
7290011132507,false,"סודה סן בנדטו מוגז עדין 500מ""ל",אקווה מינרלה סאן בנד,IT,מים סאן בנדטו מוגז 5,,500.00,100 גרם,false,,3.90,0.0078,true,1,43335
7290011133375,false,בירה שנדי בתוספת משקה אפרסק - שישייה,"טמפו משקאות בע""מ",IL,שנדי אפרסק שישייה 6*,,1980.00,100 גרם,false,,39.90,0.0202,true,1,21790
7290011148805,false,שעועית טריה עד 500 ג,,,שעועית טריה עד 500 ג,,500.00,,false,,14.90,0.0298,true,1,122466
7290011164546,false,זאזא טופי אטומיק ממולא 600גר,פאסין אס אי,BR,סוכריות טופי אטומיק,,600.00,,false,,15.90,0.0265,true,1,52305
7290011194215,false,מעדן גבינה ויוגורט בטעם בננה 5% שומן 88 ג' דניאלה,"שטראוס בריאות בע""מ",IL,דניאלה מעדן בטעם בננ,,150.00,100 גרם,false,,4.40,0.0293,true,1,27581
7290011194246,false,קוטג שטראוס 5% עם סידן 250ג,מיוצר עי קונדיטוריית,IL,גבינת קוטג׳ 5% שטראו,,250.00,,false,,5.90,0.0236,true,1,27582
7290011223229,false,"טואלט דאק ג'ל לאסלה טיפות טל רעננות 55 מ""ל","איטיליאן פוד, אס.פי.",IT,טואלט דאק ג'ל אסלה נ,,55.00,,false,,9.90,0.1800,true,1,32487
7290011223243,false,"טואלט דאק ג'ל לאסלה בניחוח לבנדר 55 מ""ל","איטיליאן פוד, אס.פי.",IT,טואלט דאק ג'ל אסלה נ,,55.00,,false,,9.90,0.1800,true,1,23724
7290011236649,false,שקדיה שוקולד צ'יפס בלגי 300 ג',קריות זול,,נטיפי שוקולד צ'יפס א,,300.00,100 גרם,false,,9.90,0.0330,true,1,114253
7290011254032,false,קינואה מיה 500 גרם,מיה,IL,קינואה מיה 500 גרם,,500.00,100 גרם,false,,10.90,0.0218,true,1,95169
7290011254254,false,נטיפים צמקאו בטעם שוקולד,מיה תעשיות מזון,IL,נטיפי שוקולד 300 גרם,,300.00,,false,,10.90,0.0363,true,1,95171
7290011254490,false,סוכריות פירות יער ללא סוכר 80גרם,מיה תעשיות מזון,IL,סוכריות ללא סוכר פיר,,80.00,100 גרם,false,,5.90,0.0738,true,1,100579
7290011254728,false,ג'לטין טהור 25גרם בקרטונית,מיה תעשיות מזון,IL,גלטין טהור מיה 25 גר,,25.00,,false,,10.90,0.4360,true,1,76568
7290011254766,false,"שעועית לוביה יבשה מיה 400 גר'בד""צ",מיה תעשיות מזון בעמ,IL,שעועית לוביה 400גר,,400.00,,false,,8.90,0.0223,true,1,95175
7290011332983,false,מגבונים לניקוי אף מגבונאף קמיל בלו- מארז שלישייה,"ד""ר פישר Dr fischer",IL,מגבונאף קמיל בלו שלי,יחידה,0.00,יחידה,false,,26.90,0.0000,true,1,77422
7290011379018,false,פטריות טריות מיקס מרינה זוגי 250X2ג',"מרינה פטריות הגליל בע""מ",IL,פטריות צמד חמד איטלק,,500.00,100 גרם,false,,16.90,0.0338,true,1,22293
7290011438142,false,"משקה יטבתה אייס קפה בבקבוק אישי 350 מ""ל",שטראוס גרופ,IL,אייס קפה יטבתה בבקבו,,350.00,100 גרם,false,,6.90,0.0197,true,1,27597
7290011473181,false,עדשים שחורות אורגניות,תבואות,CA,עדשים שחורים אורגני,,500.00,,false,,20.90,0.0418,true,1,30461
7290011473655,false,סוכר קנים אורגני תבו,תבואות,BR,סוכר קנים אורגני תבו,,1000.00,,false,,15.90,0.0159,true,1,30477
7290011474638,false,קינואה 500גר,,,קינואה 500גר,,500.00,100 גרם,false,,15.90,0.0318,true,1,54183
7290011499051,false,פטה כבשים מסורתית 20% בגביע 250 גרם - רובין,MKN עבור מחלבות גד ב,IL,פטה כבשים גביע 20% 2,,250.00,,false,,29.90,0.1196,true,1,31432
7290011499105,false,בולגרית מסורתית 5% 250 גרם -רבנות,ג'נרל מילס סאן אדריא,IL,בולגרית 5% 250גר מחל,,250.00,100 גרם,false,,25.90,0.1036,true,1,21766
7290011499129,false,בולגרית מעודנת קוביות קטנות 5% 200 גרם - רבנות,קוד יצרן DSH,IL,בולגרית מעודנת קוביו,,200.00,,false,,25.90,0.1295,true,1,22123
7290011499303,false,פטה עיזים מעודנת 5% בגביע 250 גרם - רבנות,ג'נרל מילס סאן אדריא,IL,בולגרית עיזים מעודנת,,250.00,,false,,32.90,0.1316,true,1,22127
7290011499327,false,גבינה בולגרית מעודנת 5% 250 גרם - רבנות,מיוצר על ידי DSH עבו,IL,בולגרית בקר מעודנת 2,,250.00,,false,,25.90,0.1036,true,1,22129
7290011499341,false,קשקבל בוואקום 26% 200 גרם - רבנות,הנסיך- מפעל לייצור ט,IL,גבינה קאשקבל מחלבות,,250.00,100 גרם,false,,27.90,0.1116,true,1,22130
7290011499365,false,גד חלומי 24% 200 גרם רובין,"מחלבות גד בע""מ",IL,גבינת חלומי מחלבות ג,,200.00,100 גרם,false,,23.90,0.1195,true,1,22131
7290011499419,false,גבינה במרקם שמנת בטעם טבעי 5% ניו יורק,מחלבות גד,IL,קרם שמנת ניו יורק טב,,200.00,100 גרם,false,,14.90,0.0745,true,1,93297
7290011499624,false,שמנת 30% ניו יורק טבעי 200 גרם רבנות,מחלבות גד,IL,גבינת שמנת ניו יורק,,200.00,,false,,14.90,0.0745,true,1,22139
7290011501563,false,נקטר חמוציות דין שיו,,,מיץ חמוציות 1.89 ליט,,1890.00,,false,,19.90,0.0105,true,1,52700
7290011501617,false,חמוציות ברכז פרי ללא,אף.סי תבליני בגליל ב,IL,חמוציות דל סוכר 250ג,,250.00,,false,,17.90,0.0716,true,1,53557
7290011515683,false,מעדן קפוא אקסטרים Extreme בטעם וניל - 6 יח',תות תעשיות מזון (201,IL,מאגדת אקסטרים וניל 6,יחידה,0.00,יחידה,false,,35.90,0.0000,true,1,24942
7290011518561,false,"אקטימל תות משפחתי מארז 14X100מ""ל",מיוצר עי קונדיטוריית,IL,אקטימל תות משפחתי 14,,1400.00,100 גרם,false,,33.70,0.0241,true,1,27607
7290011530525,false,מיקס פירות קפואים שייק איט צהוב - 3*150 ג',"הבו-קדו בע""מ",IL,שייק איט פירות קפואי,,450.00,100 גרם,false,,29.90,0.0664,true,1,113887
7290011530532,false,מיקס פירות קפואים שייק איט ירוק - 3*150 ג',"הבו-קדו בע""מ",IL,שייק איט פירות קפואי,,450.00,,false,,29.90,0.0664,true,1,113888
7290011530549,false,מיקס פירות קפואים שייק איט ורוד - 3*150 ג',"הבו-קדו בע""מ",IL,שייק איט פירות קפואי,,450.00,,false,,29.90,0.0664,true,1,113889
7290011530945,false,קרפציו עגל פרימיום 2,בלדי,IL,קרפציו עגל 210 גרם,,210.00,,false,,39.90,0.1900,true,1,101126
7290011587093,false,תירס גמדי תומר 400 ג,איידונג יוזו,,תירס גמדי תומר 400 ג,,400.00,100 גרם,false,,9.90,0.0248,true,1,25856
7290011587451,false,גרנולה בתוספת פירות ואגוזים,ויטליה,,גרנולה+פירות ואגוזים,,600.00,100 גרם,false,,14.90,0.0248,true,1,84655
7290011587468,false,מוזלי קראנצ'י בתוספת אגוזים,ויטליה,,מוזלי קראנצי אגוז 60,,600.00,,false,,14.90,0.0248,true,1,84651
7290011587642,false,מקרל עם פלפל חריף בשמן חמניות,Union des pecheries,,מקרל מרוקאי חריף 125,,125.00,100 גרם,false,,6.90,0.0552,true,1,44278
7290011587703,false,עגבניות מיובשות פסטו חריף תומר 340ג',תומר,,עגבניות מיובשות פסטו,,340.00,100 גרם,false,,13.90,0.0409,true,1,93577
7290011598211,false,"סנו - אנטי קאלק מרסס ניקוי כללי 4 ב-1 700 מ""ל",מיוצר עי קונדיטוריית,IL,סנו אנטי קאלק ניקוי,,700.00,100 גרם,false,,21.90,0.0313,true,1,24038
7290011598402,false,מרכך כביסה מקסימה מאסק ורוד 4 ל' סנו,סנו מקסימה,IL,סנו מקסימה מרכך כביס,ליטרים,4.00,ליטר,false,,23.90,5.9750,true,1,24040
7290011607180,false,"קולון 101 לכביסה 1.25 ק""ג",ריקט בנקיזר ( ניר אי,IL,קולון 101כתמים אבקת,קילוגרמים,1.25,"ק""ג",false,,10.90,8.7200,true,1,28188
7290011607197,false,"אבקת כביסה קולון 5 ק""ג",רקיט בנקיזר,IL,*מבצע* קולון 101כתמי,קילוגרמים,5.00,"ק""ג",false,,34.90,6.9800,true,1,33939
7290011618025,false,חטיף אורז אפוי לתינוקות בטעם טבעי +6,גואנז'ו יונג וואנט פ,CN,בייבי ביס לתינוקות ב,,150.00,,false,,13.90,0.0927,true,1,42911
7290011668587,false,גרנולה טעם עשיר 500 גר',בריא מהטבע פנינה רוזנבלום,IL,גרנולה טעם עשיר פנינ,,500.00,,false,,29.90,0.0598,true,1,99500
7290011800840,false,טחינה בלאדי רפי כהן 400 ג' צבר,סלטי צבר,IL,טחינה בלאדי צבר 400ג,,400.00,,false,,17.90,0.0447,true,1,23129
7290011860271,false,ביסבול כדורי פירה בציפוי פריך,"תעשיות תפוגן בע""מ",IL,ביסבול טבעי תפוגן 70,,700.00,,false,,18.90,0.0270,true,1,35010
7290011877156,false,"מבשם אוויר, בגדים וארונות פרש בניחוח מאסק",מיוצר עי קונדיטוריית,IL,סנו פרש ענק מאסק 375,,375.00,100 גרם,false,,12.90,0.0344,true,1,24049
7290011877859,false,סנו אינסטלטור חדש פותח סתימות 200ג',מיוצר עי קונדיטוריית,IL,*מבצע* סנו אינסטלטור,,200.00,,false,,11.90,0.0595,true,1,24052
7290011877866,false,אבקת כביסה סנו מקסימה בניחוח Musk,"איי, בי, אינבוו",IL,סנו מקסימה מאסק אבקת,קילוגרמים,6.00,"ק""ג",false,,49.90,8.3167,true,1,21848
7290011885007,false,פקאן סיני הטיב 200 ג,דין שיווק,,פקאן סיני 200גר,,200.00,100 גרם,false,,23.90,0.1195,true,1,37372
7290011931162,false,סוכרלייט ממתיק נוזלי על בסיס סוכרלוז,אף.סי תבליני בגליל ב,IL,סוכרזית סוכרלוז נוזל,,220.00,100 גרם,false,,33.90,0.1541,true,1,27613
7290011964344,false,תבלין שום גבישי 120 ג',תות ממתקי איכות,IL,שום גבישי 120גר,,120.00,,false,,12.90,0.1075,true,1,37747
7290011964658,false,תבלין מלח לימון טעם,תות ממתקי איכות,IL,מלח לימון 170גר,,170.00,,false,,10.90,0.0641,true,1,37754
7290011964702,false,תבלין תיבול לשווארמה ללא מונוסו' 100ג',תות ממתקי איכות,IL,תיבול לשווארמה ללא מ,,100.00,,false,,10.90,0.1090,true,1,37757
7290011977634,false,סרדינים פלפל חריף 125ג - רובין טעים,טעים,MA,סרדין פלפל חריף 125,,125.00,100 גרם,false,,6.90,0.0552,true,1,94294
7290012019265,false,"רסק תפו""ע דיאט תומר מארז 113X4ג'",Cherry growers inc,,"מחית תפו""ע ללא סוכר",,452.00,,false,,12.90,0.0285,true,1,34795
7290012019272,false,"רסק תפו""ע וקינמון תומר מארז113X4ג'",Cherry growers inc,,"מחית תפו""ע עם קינמון",,452.00,,false,,12.90,0.0285,true,1,34796
7290012022203,false,פריכיות קליליות חיטה,דילייט,,קליליות (פריכיות) חי,,100.00,100 גרם,false,,15.90,0.1590,true,1,53585
7290012022227,false,פריכיות קליליות בטעם,דילייט,,קליליות (פריכיות) חי,,100.00,,false,,13.90,0.1390,true,1,53586
7290012086113,false,עגבניות שרי צימן קופסא 500ג',ירקט,IL,שרי קלמר ארוז 450 גר,,450.00,100 גרם,false,,9.90,0.0220,true,1,83477
7290012116025,false,שמפו פיית הפרפרים לסירוק קל מכיל רוזמרין,קוסמופארם בע''מ,IL,כיף שמפו פיות 750מל,,750.00,,false,,12.90,0.0172,true,1,24057
7290012116360,false,פוליויקס לטיפול ברצפות גרניט פורצלן וקרמיקה,"מפעלי סנו ברונוס בע""",IL,פוליויקס גרניט פורצל,ליטרים,2.00,ליטר,false,,24.90,12.4500,true,1,24065
7290012116551,false,סנו אנטי קאלק רב שימושי 4ב1- 2 ליטר,מיוצר עי קונדיטוריית,IL,אנטי קאלק ניקוי כללי,,2000.00,,false,,22.90,0.0114,true,1,57903
7290012117350,false,ריצפז פרש 2 ליטר לילך לבנדר,"סנו מפעלי ברונוס בע""",IL,ריצפז פרש לילך לבנדר,ליטרים,2.00,ליטר,false,,22.90,11.4500,true,1,24084
7290012117534,false,סנו - מקסימה מרכך כביסה מרוכז קול 1 ליטר,"סנו מפעלי ברונוס בע""",IL,סנו מקסימה קומפקט 1ל,,1000.00,,false,,19.90,0.0199,true,1,21853
7290012117541,false,מרכך כביסה מקסימה קומפקט צהוב 1 ל' סנו,סנו מקסימה,IL,סנו מקסימה קומפקט צה,,1000.00,100 גרם,false,,19.90,0.0199,true,1,21854
7290012117558,false,מרכך כביסה קומפקט מאסק ורוד סנו מקסימה 1 ל',"סנו מפעלי ברונוס בע""",IL,סנו מקסימה קומפקט מא,,1000.00,,false,,19.90,0.0199,true,1,21855
7290012117879,false,סנוקליר לניקוי חלונו,,,סנוקליר לניקוי חלונו,,750.00,,false,,10.90,0.0145,true,1,24098
7290012139567,false,ביסקוויט עוף בונזו ג,Ping Yang,,בונזו ג'וי ביסקוויט,,90.00,,false,,17.90,0.1989,true,1,90515
7290012191985,false,גפרור קטן מנורה,,,גפרור קטן מנורה,יחידה,0.00,יחידה,false,,2.90,0.0000,true,1,50557
7290012226014,false,נקניקיות וינר זוגלובק 800 גרם,נקניק נהריה כשר זוגל,,נקניקיות וינר זוגלוב,,800.00,100 גרם,false,,23.90,0.0299,true,1,26449
7290012226021,false,סלמי מעושן פראג יבש 400 ג' זוגלובק,נקניק נהריה כשר זוגל,IL,*מבצע* סלמי מעושן פר,,400.00,,false,,15.90,0.0398,true,1,26450
7290012226120,false,קבנוס זוגלובק 135גר,נקניק נהריה כשר זוגל,IL,קבנוס זוגלובק 135גר,,135.00,100 גרם,false,,13.90,0.1030,true,1,26451
7290012226922,false,קבנוס בטעם שום 135 ג' זוגלובק,נקניק נהריה כשר זוגל,IL,קבנוס בטעם שום זוגלו,,135.00,,false,,13.90,0.1030,true,1,26455
7290012227325,false,סלמי דק דק מעושן איטלקי 120 ג' זוגלובק,זוגלובק,IL,סלמי מעושן דק דק 120,,120.00,100 גרם,false,,14.90,0.1242,true,1,88246
7290012227400,false,נקניקיות עוף זוגלובק 800 גרם,נקניק נהריה כשר זוגל,,נקניקיות עוף זוגלובק,,800.00,,false,,23.90,0.0299,true,1,80851
7290012227912,false,קבנוס עודן 135 ג' זוגלובק,זוגלובק,,קבנוס מעודן זוגלובק,,135.00,,false,,13.90,0.1030,true,1,59518
7290012227974,false,פסטרמה הודו בדבש טהור דק דק דק,זוגלובק,IL,פסטרמה בדבש דק דק 12,,120.00,100 גרם,false,,14.90,0.1242,true,1,88247
7290012227981,false,פסטרמה דק דק ברביקיו 120 ג' זוגלובק,זוגלובק,IL,פסטרמה ברביקיו דק דק,,120.00,100 גרם,false,,14.90,0.1242,true,1,88248
7290012227998,false,פסטרמה דק דק חזה בקר 120 ג' זוגלובק,זוגלובק,IL,חזה בקר דק דק 120גר,,120.00,100 גרם,false,,14.90,0.1242,true,1,88249
7290012228278,false,נקנקיות בוקוורסט עוף ובקר ריינהולד'ס 310 ג' זוגלובק,זוגלובק,IL,נקניקיות הודו בקר רי,,310.00,100 גרם,false,,19.90,0.0642,true,1,90579
7290012245312,false,"צ'יפס אמריקאי 1.5 ק""ג גולד שארית",יוליניבר,BE,גולד ציפס אמריקאי 1.,קילוגרמים,1.50,"ק""ג",false,,22.90,15.2667,true,1,105204
7290012245329,false,"צ'יפס קלאסי 1.5 ק""ג גולד שארית",יוליניבר,BE,גולד צ'יפס קלאסי1.5,,1500.00,100 גרם,false,,22.90,0.0153,true,1,105205
7290012245336,false,"גולד צ'יפס סטייק 1.5 ק""ג גולד שארית",אגריסטו,NL,גולד סטייק צ'יפס -1.,,1500.00,100 גרם,false,,22.90,0.0153,true,1,105206
7290012247040,false,כבד עוף טרי ארוז לצל,,,כבד עוף טרי ארוז לצל,קילוגרמים,1.00,"ק""ג",true,,24.90,24.9000,true,1,118913
7290012309311,false,ערמונים קלופים וקלויים,"דין שיווק וקליה בע""מ",CN,ערמונים קלופים שלמים,,100.00,100 גרם,false,,7.50,0.0750,true,1,52653
7290012309939,false,חלבה מסולסלת דין שיווק 500 ג',אף.סי תבליני בגליל ב,IL,חלבה מסולסלת 500גר,,500.00,,false,,15.90,0.0318,true,1,38440
7290012413643,false,תה ויסוצקי ירוק קמומיל 25 יח',ויסוצקי ירוק,IL,תה ירוק קמומיל 25יח,,25.00,,false,,27.90,1.1160,true,1,47911
7290012454592,false,סוכריות ללא סוכר בטעם דבש לימון,מיה תעשיות מזון,IL,סוכריות דבש לימון לל,,80.00,100 גרם,false,,5.90,0.0738,true,1,100584
7290012522581,false,טבעול שניצל תירס ללא גלוטן טבעול 664 גרם,עיצובים 2020 (4.8),IL,שניצל תירס ללא גלוטן,,664.00,,false,,29.90,0.0450,true,1,45266
7290012525452,false,טילון אקסטרים נוק אאוט שוקו וניל 70ג',גלידות נסטלה (נגה גל,IL,טילון אקסטרים שוקו ו,יחידה,0.00,יחידה,false,,8.90,0.0000,true,1,24949
7290012561337,false,כורכום טרי כתוש 70 ג' דורות,גוד פוד פרודקטס S.p,IL,דורות כורכום טרי כתו,,70.00,,false,,13.90,0.1986,true,1,92278
7290012561405,false,בצל חצי מטוגן דורות 180 גרם,עיצובים 2020 (3.8),IL,בצל חצי מטוגן דורות,,180.00,100 גרם,false,,13.90,0.0772,true,1,42462
7290012576607,false,"יין פרימייר אדום קברנה סובניון ומלבק 750 מ""ל","ברקן שיווק והפצה בע""",IL,יין פרימייר אדום קבר,,750.00,,false,,29.90,0.0399,true,1,53148
7290012576614,false,יין Premieur לבן חצי יבש אמרלד ריזלינג קולומברד,יקבי ברקן שיווק והפצ,IL,יין פרימייר לבן ריזל,,750.00,,false,,29.90,0.0399,true,1,53149
7290012642814,false,פלפלים חריפים מעורבים כבושים שלמים,תומר,,פלפלים מעורבים כבושי,,540.00,,false,,10.90,0.0202,true,1,42968
7290012642869,false,פלפלים קטנים חריפים כבושים שלמים,תומר,,פלפל חריף פעמון אדום,,530.00,100 גרם,false,,10.90,0.0206,true,1,61662
7290012645051,false,יוגורט עיזים בגביע 350 גרם,חלב הארץ,IL,יוגורט עיזים בגביע 3,,350.00,100 גרם,false,,12.90,0.0369,true,1,106903
7290012645075,false,יוגורט כבשים יווני בגביע 350 ג',חלב הארץ,IL,יוגורט כבשים יווני ב,,350.00,100 גרם,false,,12.90,0.0369,true,1,117739
7290012645112,false,"יוגורט עיזים בדלי חלב הארץ 750מ""ל",מחלבות סוסיא,IL,יוגורט עיזים בדלי 75,,750.00,,false,,21.90,0.0292,true,1,82186
7290012645129,false,"יוגורט כבשים בדלי חלב הארץ 750מ""ל",מחלבות סוסיא,IL,יוגורט כבשים 750מל ב,,750.00,,false,,21.90,0.0292,true,1,82187
7290012645174,false,לאבנה עיזים 5% 200 גר',חלב הארץ,IL,גבינה לבנה עיזים 5%,,200.00,100 גרם,false,,15.90,0.0795,true,1,121487
7290012665059,false,קובה למרק חמים וטעים,,,קובה למרק חמים וטעים,,400.00,100 גרם,false,,16.90,0.0422,true,1,60443
7290012803055,false,ממתיק על בסיס סוכרלוז - שקיות,תות ממתקי איכות,IL,סוכרלוז מרמולייט 100,,100.00,,false,,29.90,0.2990,true,1,23760
7290012803215,false,וופל בלגי בטעם שוקולד ללא תוספת סוכר,בטר אנד דיפרנט,IL,וופל טוסו וופל בלגי,,200.00,,false,,11.90,0.0595,true,1,46390
7290012803222,false,וופל בלגי בטעם לימון ללא תוספת סוכר,בטר אנד דיפרנט,IL,וופל טוסו וופל בלגי,,200.00,100 גרם,false,,11.90,0.0595,true,1,46391
7290012823381,false,מרכך כביסה מקסימה סנסיטיב מרוכז ורוד 1 ל' סנו,"סנו מפעלי ברונוס בע""",IL,סנו מקסימה ורוד סנסט,,1000.00,,false,,19.90,0.0199,true,1,21858
7290012823602,false,נייר טואלט סופט סילק לבן - מארז 32 גלילים,טרופיקל דגיל תעשיות,IL,סופט סילק נייר טואלט,,1950.00,100 גרם,false,,37.90,0.0194,true,1,24116
7290012823923,false,מרכך כביסה סופר מרוכז פרפיום גולדן סנרייז,סנו מפעלי ברונוס בעמ,IL,סנו מקסימה פרפיום גו,,750.00,,false,,19.90,0.0265,true,1,64377
7290012850073,false,בי לאב מחית סלט פירות 190 גר,בילובד Beloved,SK,בלאבד מחית סלט פירות,,190.00,,false,,5.90,0.0311,true,1,52812
7290012864001,false,נביטי חמניה 170ג',חקלאי,IL,נבטי חמניות,יחידה,0.00,יחידה,false,,8.90,0.0000,true,1,44224
7290012871283,false,תיבול לסלט 180גר,,,תיבול לסלט 180גר,,180.00,100 גרם,false,,12.90,0.0717,true,1,48214
7290012901355,false,דודלס ארוחת אטריות עם גבינה 206 גרם,האי נאם סי או אל.טי.,US,פסטה מקרוני עם גבינה,,206.00,,false,,12.90,0.0626,true,1,54980
7290012921032,false,מלכה בוטיק בירה אדמו,בירה מלכה בעמ,IL,בירה מלכה בוטיק אדמו,,330.00,,false,,14.90,0.0452,true,1,59236
7290012929786,false,טעמן פסטה צינורות חיטה מלאה 500גר,מוטלו,TR,פסטה צינורות חיטה מל,,500.00,100 גרם,false,,7.90,0.0158,true,1,50584
7290012929793,false,פסטה ספגטי מקמח מלא טעמן 500 גר',מוטלו,TR,ספגטי מחיטה מלאה 500,,500.00,100 גרם,false,,7.90,0.0158,true,1,50585
7290012931550,false,כפפות ניילון חד פעמיות בשקית,,,כפפות ניילון 100בשקי,יחידה,0.00,יחידה,false,,5.90,0.0000,true,1,94482
7290012938405,false,רדיד אלומניום דיימונד 087- עבה במיוחד,,,דאיימונד נייר כסף 87,,0.45,,false,,22.90,50.8889,true,1,28120
7290012938580,false,"סנסודיין משחת שיניים להלבנה עדינה 75 מ""ל",גלקסוסמית'קליין קונס,GB,סנסודיין משחת שיניים,,75.00,100 גרם,false,,22.90,0.3053,true,1,44912
7290012938740,false,"משחת שיניים פרש מינט מנטה 75מ""ל סנסודיין",גלקסו סמית קליין,GB,סנסודיין משחת שיניים,,75.00,,false,,22.90,0.3053,true,1,47702
7290012962165,false,כפפות משק בית EASY TOUCH - S,,,כפפות משק בית איזי ט,יחידה,0.00,יחידה,false,,5.90,0.0000,true,1,56646
7290012962608,false,"צלחות פלסטיק עבות במיוחד 22 ס""מ-לבן 25 יח'",הוסטס Hostess,,צלחות פלסטיק עבות במ,יחידה,0.00,יחידה,false,,12.90,0.0000,true,1,123059
7290012962912,false,כפפות ניטרל סייף טאץ,,,כפפות ניטרל סייף טאץ,,100.00,,false,,25.90,0.2590,true,1,123095
7290012962929,false,כפפות ניטרל סייף טאץ,,,כפפות ניטרל סייף טאץ,,100.00,,false,,25.90,0.2590,true,1,123096
7290012962936,false,כפפות ניטריל סייף טא,,,כפפות ניטריל 100יח L,יחידה,0.00,יחידה,false,,29.90,0.0000,true,1,123068
7290012996450,false,הפי מרכך לכביסה מרוכז כחול 1ל',קרלו,BE,הפי מרכך כביסה מרוכז,,1000.00,100 גרם,false,,10.90,0.0109,true,1,21881
7290012996672,false,הפי סבון לאסלה מבושם זוג,יוליניבר,IT,הפי סבון אסלה מבושם,,110.00,100 גרם,false,,12.90,0.1173,true,1,43068
7290013083685,false,תרכובת מזון המשך לפעוטות שלב 3 Extra Care,מטרנה תעשיות ש.מ,IL,מטרנה אקסטרא קר שלב,,700.00,100 גרם,false,,59.90,0.0856,true,1,23138
7290013117212,false,בורקס פילו גבינה מעדנות מעדנות 600 ג',מיוצר עי קונדיטוריית,IL,בורקס פילו גבינה מעד,,600.00,,false,,22.90,0.0382,true,1,26006
7290013117229,false,בורקס פילו תפוא מעדנות 600 גרם,מיוצר עי קונדיטוריית,IL,בורקס פילו תפוא מעדנ,,600.00,100 גרם,false,,22.90,0.0382,true,1,26007
7290013117236,false,בורקס פילו פיצה מעדנות 600 ג',מיוצר עי קונדיטוריית,IL,בורקס פילו פיצה מעדנ,,600.00,100 גרם,false,,22.90,0.0382,true,1,26008
7290013117243,false,בורקס פילו בולגרית מעדנות 600 ג',מיוצר עי קונדיטוריית,IL,בורקס פילו בולגרית מ,,600.00,100 גרם,false,,22.90,0.0382,true,1,26009
7290013117427,false,בצק פריך מרודד למאפים מלוחים 900 ג' מעדנות,מיוצר עי קונדיטוריית,IL,בצק פריך מרודד למאפי,,900.00,100 גרם,false,,24.90,0.0277,true,1,43521
7290013117526,false,מעדנות בצק שמרים למאפים מתוקים 900 גרם,"מעדנות בע""מ",IL,בצק שמרים למאפים מתו,,900.00,100 גרם,false,,24.90,0.0277,true,1,43259
7290013268020,false,סנו - מקסימה מרכך כביסה מרוכז אולטרה פרש 1 ליטר,"סנו מפעלי ברונוס בע""",IL,סנו מקסימה אולטרא פר,,1000.00,,false,,19.90,0.0199,true,1,21861
7290013268037,false,סנו מקסימה מרכך כביסה פצ''ולי מרוכז סגול 1 ל',סנו מקסימה,IL,סנו מקסימה פצ'ולי סג,,1000.00,100 גרם,false,,19.90,0.0199,true,1,21862
7290013268242,false,תרכיז ריחני לניקוי רצפות בריח מלון מפנק ריצפז פרש,"סנו מפעלו ברונוס בע""",IL,ריצפז פרש הום בניחוח,,2000.00,100 גרם,false,,25.90,0.0129,true,1,105612
7290013268907,false,ג'ל כביסה מרוכז מקסימה Bio cold water,"סנו מפעלי ברונוס בע""",IL,סנו מקסימה גל כביסה,ליטרים,3.00,ליטר,false,,34.90,11.6333,true,1,35419
7290013269003,false,מרכך כביסה סופר מרוכז בייבי לתינוקות ולעור רגיש,"סנו מפעלי ברונוס בע""",IL,סנו מקסימה קר בייבי,,1000.00,100 גרם,false,,19.90,0.0199,true,1,64413
7290013269263,false,ג'ל כביסה מרוכז מקסימה בבישום קריסטל נואר,סנו מפעלי ברונוס בעמ,IL,סנו מקסימה גל כביסה,ליטרים,3.00,ליטר,false,,34.90,11.6333,true,1,42902
7290013269287,false,סנו - מקסימה ג'ל כביסה מרוכז מאסק 3 ליטר,"סנו מפעלי ברונוס בע""",IL,סנו מקסימה גל כביסה,ליטרים,3.00,ליטר,false,,34.90,11.6333,true,1,45797
7290013269621,false,ריצפז פרש לניקוי רצפות בניחוח מלון בוטיק,מיוצר עי קונדיטוריית,IL,ריצפז פרש הום בניחוח,ליטרים,2.00,ליטר,false,,25.90,12.9500,true,1,90917
7290013269645,false,מטליות לחות לניקוי הרצפה בניחוח מאסק ריצפז פרש,סנו מפעלי ברונוס בעמ,IL,מטליות לחות ריצפז פר,יחידה,0.00,יחידה,false,,14.90,0.0000,true,1,50483
7290013269751,false,מטליות לחותריצפז פרש לניקוי ריצפה בניחות מלון בוטיק 10 יח' סנו,טרופיקל דגיל תעשיות,IL,ריצפז פרש הום מטליות,,10.00,,false,,14.90,1.4900,true,1,91636
7290013358356,false,מאסטר שף - פירורי לחם מוזהבים 320 גרם,מנה י.א בעמ,IL,פירורי לחם מוזהבים מ,,320.00,100 גרם,false,,8.90,0.0278,true,1,49631
7290013358363,false,פירורי לחם פנקו מזוהבים מאסטר שף מנה 300 ג',קריניציה ויטמינה אס,IL,פירורי לחם פנקו מאסט,,300.00,,false,,9.90,0.0330,true,1,49632
7290013358370,false,פירורי לחם פנקו בטעם שום מאסטר שף 300 ג',"מיוצר ע""י מנה י.א בע",IL,פירורי לחם פנקו בטעם,,300.00,,false,,9.90,0.0330,true,1,49633
7290013358417,false,"רוטב טיריאקי מאסטר שף אסייאתי 300 מ""ל",קריניציה ויטמינה אס,TH,רוטב טריאקי אסייאתי,,300.00,,false,,12.90,0.0430,true,1,58637
7290013358448,false,"קרוטונים לסלט אקסטרה ארוכים בתיבול שום, בצל ופטרוזיליה",מאסטר שף,IL,קרוטונים לסלט אקסטרה,,200.00,100 גרם,false,,13.90,0.0695,true,1,82557
7290013358493,false,"קרם קוקוס מאסטר שף 400 מ""ל",תאי קוקונט פבליק קומ,TH,קרם קוקוס פחית מאסטר,,400.00,,false,,9.90,0.0248,true,1,82561
7290013358509,false,"מיקסלט גרעינים, קטניות ואגוזים",בטר אנד דיפרנט,IL,מיקסלט מאסטר שף 200ג,,200.00,100 גרם,false,,15.90,0.0795,true,1,58638
7290013358530,false,מאסטר שף אסייאתי רוטב צ'ילי מתוק 700 מל,קריניציה ויטמינה אס,TH,רוטב צילי מתוק מאסטר,,700.00,100 גרם,false,,14.90,0.0213,true,1,58639
7290013358547,false,מאסטר שף אסייאתי רוטב צ'ילי חריף 700 מל,קי אר אס ספייסי פוד,TH,רוטב צילי חריף מאסטר,,700.00,,false,,14.90,0.0213,true,1,58640
7290013358806,false,פריכיות אורז מאורז חום מלא עם מלח,מנה Mana,IL,פריכיות מנה אורז עם,,264.00,100 גרם,false,,12.90,0.0489,true,1,98432
7290013440648,false,מאגדת שלגוני אבטיח נסטלה 108X5ג',גלידות נסטלה (נגה גל,IL,קרחוני אבטיח מאגדת נ,יחידה,0.00,יחידה,false,,26.90,0.0000,true,1,45816
7290013492005,false,אמא אדמה תפוח אדמה למיקרו 700 גר',ברכת קטיף,IL,"תפו""א למיקרו",יחידה,0.00,יחידה,false,,7.90,0.0000,true,1,57094
7290013531117,false,רוטב פסטה לילדים 240 גרם יכין,"זנלכל בע""מ",IL,רוטב פסטה לילדים יכי,,240.00,100 גרם,false,,6.90,0.0288,true,1,43164
7290013531346,false,סירופ דיאט לימונענע יכין 1 ליטר,יכין,IL,סירופ דיאט לימונענע,,1000.00,,false,,16.90,0.0169,true,1,47241
7290013531490,false,פול מתובל יכין 550גר,,,פול מתובל יכין 550גר,,550.00,,false,,9.90,0.0180,true,1,55957
7290013531629,false,רוטב פומדורו יכין 240ג,היינץ צפון אמריקה מק,IL,רוטב פומדורו יכין 24,,240.00,100 גרם,false,,6.90,0.0288,true,1,55875
7290013531759,false,שעועית אפויה במים 550 ג' יכין,"זנלכל בע""מ",IL,שעועית אפוייה יכין 5,,550.00,,false,,9.90,0.0180,true,1,55372
7290013541062,false,שזיף מגולען 300גר,,,שזיף מגולען 300גר,,300.00,,false,,19.90,0.0663,true,1,55223
7290013541079,false,חמוציות 170גר,,,חמוציות 170גר,,170.00,100 גרם,false,,9.90,0.0582,true,1,55231
7290013541086,false,אגוזי מלך 200גר,,,אגוזי מלך 200גר,,200.00,100 גרם,false,,14.90,0.0745,true,1,55214
7290013541093,false,תמר מגהול 400 גרם,,,תמר מגהול 400 גרם,,400.00,,false,,19.90,0.0497,true,1,55216
7290013541109,false,צנובר 100גר,,,צנובר 100גר,,100.00,100 גרם,false,,21.90,0.2190,true,1,55232
7290013541130,false,פקאן 150גר,,,פקאן 150גר,,150.00,,false,,21.90,0.1460,true,1,55224
7290013541147,false,צימוקים גמבו 200גר,,,צימוקים גמבו 200גר,,200.00,100 גרם,false,,9.90,0.0495,true,1,55225
7290013541185,false,פיסטוק טבעי 100גר,,,פיסטוק טבעי 100גר,,100.00,,false,,21.90,0.2190,true,1,55221
7290013541277,false,קשיו טבעי 170גר,,,קשיו טבעי 170גר,,170.00,100 גרם,false,,19.90,0.1171,true,1,55238
7290013541321,false,משמש מיובש 300גר,,,משמש מיובש 300גר,,300.00,,false,,19.90,0.0663,true,1,55213
7290013542144,false,כוסות קרטון 4OZ אר50 יח',,,כוסות נייר 4אוז 50יח,,50.00,,false,,7.90,0.1580,true,1,72511
7290013542151,false,נרות מספרים 4 6 8 10,,,נרות מספרים 4 6 8 10,יחידה,0.00,יחידה,false,,6.90,0.0000,true,1,86109
7290013542342,false,נייר אפייה ביתי אר 5,,,נייר אפייה ביתי אר 5,יחידה,0.00,יחידה,false,,10.90,0.0000,true,1,119536
7290013542526,false,כוס נייר 8BOZ אר 50 יח',,,כוס נייר 8 אוז 50יח,,50.00,,false,,9.90,0.1980,true,1,82474
7290013542533,false,כוס נייר 12OZ אר 50 דנטס,,,כוס נייר 12 אוז 50 י,יחידה,0.00,יחידה,false,,19.90,0.0000,true,1,72526
7290013542670,false,קערה עגולה בינונית 9,,,קערה עגולה בינונית 9,יחידה,0.00,יחידה,false,,9.90,0.0000,true,1,94406
7290013542687,false,"קערה עגולה קטנה ""8 פ",,,"קערה עגולה קטנה ""8 פ",יחידה,0.00,יחידה,false,,5.90,0.0000,true,1,110339
7290013579232,false,"Shake""אוכמניות כחולות קפואות 250 ג",,,אוכמניות כחולות קפוא,,250.00,100 גרם,false,,12.90,0.0516,true,1,120431
7290013579492,false,"פיטאיה קפואה 250 גרם בד""ץ עדה חרדית",,,"פיטאיה קפואה בד""ץ 25",,250.00,100 גרם,false,,12.90,0.0516,true,1,121630
7290013579553,false,אלוורה קפואה 250 ג - Shake It,,,אלוורה קפואה 250 גרם,,250.00,,false,,12.90,0.0516,true,1,121624
7290013580009,false,המבורגר זהב 400 ג' 12 יח',,,המבורגר זהב ארוז 400,,400.00,100 גרם,false,,19.90,0.0497,true,1,92869
7290013581648,false,מינוט סטייק אל מטאד,,,סטייק מינוט 250 גרם,,250.00,100 גרם,false,,19.90,0.0796,true,1,116170
7290013585233,false,"ספרייט זירו פחית סליק 330 מ""ל",קוקה קולה Coca Cola,IL,ספרייט זירו סילק 330,,330.00,100 גרם,false,,7.00,0.0212,true,1,55807
7290013585387,false,קוקה קולה זירו בקבוק,החברה המרכזית לייצור,IL,קוקה קולה זירו 1ליטר,,1000.00,,false,,7.70,0.0077,true,1,55679
7290013585394,false,קוקה קולה קלאסי,החברה המרכזית לייצור,IL,קוקה קולה 1ליטר,,1000.00,,false,,7.70,0.0077,true,1,55680
7290013608260,false,פרימור מיץ רימונים 100% סחוט טרי 1ל',"גניר (1992) בע""מ",IL,פרימור רימונים סחוט,,1000.00,100 גרם,false,,24.90,0.0249,true,1,53617
7290013608772,false,"משקה קל תפוזים פרימור 500 מ""ל",סטאר סנקס,IL,"פרימור תפוזים 500 מ""",,500.00,100 גרם,false,,5.90,0.0118,true,1,105661
7290013608796,false,"משקה קל תות בננה 500 מ""ל פרימור",,,פרימור תות בננה 500,,500.00,,false,,5.90,0.0118,true,1,105662
7290013608864,false,פרימור משקה פירות הדר 1 ליטר בתוספת ויטמין C,"גניר (1992) בע""מ",,פרימור פירות הדר 1לי,,1000.00,100 גרם,false,,17.90,0.0179,true,1,114450
7290013645371,false,עוגיות שוקולד ציפס 2,,,עוגיות שוקולד ציפס 2,,200.00,100 גרם,false,,19.90,0.0995,true,1,81564
7290013652843,false,שמפו נטורל קר לשיער רגיל ורדים וחלב רימונים,"ד""ר פישר Dr fischer",IL,נטורל קר שמפו לשיער,,700.00,100 גרם,false,,19.90,0.0284,true,1,77449
7290013652850,false,שמפו נטורל קר לשיער יבש ופגום חינה ושמן ארגאן,"ד""ר פישר Dr fischer",IL,נטורל קר שמפו לשיער,,700.00,,false,,19.90,0.0284,true,1,77450
7290013652881,false,מרכך נטורל קר לשיער יבש ופגום חינה ושמן ארגאן,"ד""ר פישר Dr fischer",IL,נטורל קר מרכך לשיער,,700.00,,false,,19.90,0.0284,true,1,77452
7290013675965,false,רצועות בטעם טבעות בצ,,,רצועות בטעם טבעות בצ,,500.00,,false,,29.90,0.0598,true,1,116495
7290013702883,false,"שוויפס למונדה ורודה 500 מ""ל",,,שוופס לימונדה ורודה,,500.00,100 גרם,false,,6.50,0.0130,true,1,84008
7290013724953,false,חמוציות בשוקולד חלב 160ג,שקדיה,IL,משוקולדים חמוציות חל,,160.00,,false,,10.90,0.0681,true,1,45774
7290013725769,false,נודלס עבה סו שף 400ג,,CN,נודלס עבה סו שף 400ג,,400.00,100 גרם,false,,9.90,0.0248,true,1,82339
7290013771216,false,תחליף גבינה פטאקי 25,מיוצר עי קונדיטוריית,IL,פטאקי 16% 250גר השומ,,250.00,,false,,15.90,0.0636,true,1,51009
7290013771292,false,גבינה פטאקי 16% שומר,מחלבת השומרון,IL,פטאקי 16% 250גר הסדר,,250.00,,false,,14.90,0.0596,true,1,55269
7290013771384,false,יוגורט יווני השומרון,מיוצר עי קונדיטוריית,IL,יוגורט יווני השומרון,,400.00,,false,,10.90,0.0273,true,1,84579
7290013787392,false,רביולי גבינות קלאסי 330 גרם ריקו בית יוסף,יוניליוור גרמניה Gm,IL,רביולי ריקו גבינות ק,,330.00,,false,,28.90,0.0876,true,1,116232
7290013847102,false,נתחי טונה בהירה בשמן - מארז שלישיה,סטארקיסט Starkist,,טונה סטארקיסט בשמן 3,,240.00,100 גרם,false,,13.90,0.0579,true,1,47186
7290013847386,false,נתחי טונה לייט במים ושמן קנולה בטעם טבעי 4%,סטארקיסט Starkist,IL,טונה סטארקיסט לייט 4,,140.00,100 גרם,false,,8.50,0.0607,true,1,91153
7290013847454,false,טונה בשמן קנולה סטארקיסט 4*160 ג',קריות זול,,טונה בשמן קנולה רביע,,640.00,,false,,26.90,0.0420,true,1,118793
7290013847867,false,מארז זוג טונה בשמן סויה 140 ג' סטארקיסט,טונה ויטנאם קו. אל.ט,IL,טונה סטארקיסט בשמן ס,,140.00,100 גרם,false,,13.90,0.0993,true,1,106031
7290013848345,false,מארז מטליות לחיטוי וניקוי יסודי אנטיבקטריאלי 99.9%,סנו מפעלי ברונוס בעמ,IL,סנו מטליות לחות לחיט,יחידה,0.00,יחידה,false,,24.90,0.0000,true,1,113638
7290013848581,false,סנו סושי מגבות נייר בגליל ענק.,,IL,מגבת נייר גליל סנו ס,יחידה,0.00,יחידה,false,,13.90,0.0000,true,1,106035
7290013906052,false,נקניקיות פרגיות טירת צבי 300 גר',הנסיך- מפעל לייצור ט,IL,נקניקיות פרגיות טירת,,300.00,,false,,15.90,0.0530,true,1,81953
7290013906212,false,"נקנקיות וינר טירת 1 ק""ג טירת צבי",הנסיך- מפעל לייצור ט,IL,נקניקיות וינר טירת צ,,1000.00,,false,,29.90,0.0299,true,1,81954
7290013906441,false,קבנוס טירת צבי 120גר,הנסיך- מפעל לייצור ט,IL,קבנוס טירת צבי 120גר,,120.00,100 גרם,false,,12.90,0.1075,true,1,81956
7290013906458,false,קבנוס טעם פיקנטי טירת צבי 120 ג',הנסיך- מפעל לייצור ט,IL,קבנוס פיקנטי טירת צב,,120.00,100 גרם,false,,12.90,0.1075,true,1,81957
7290013906489,false,חטיפי מיני קבנוס 120 ג' טירת צבי,הנסיך- מפעל לייצור ט,IL,חטיפי קבנוס טירת צבי,,120.00,,false,,12.90,0.1075,true,1,91758
7290013906519,false,פסטרמה פרושוטו בקר ט,הנסיך- מפעל לייצור ט,IL,פסטרמה פרושוטו בקר ט,,100.00,100 גרם,false,,33.90,0.3390,true,1,81947
7290013906687,false,פסט' צמד כפרית ברביקיו ודבש 300X2ג' טירת צבי,הנסיך- מפעל לייצור ט,IL,פסטרמה צמד מארז כפרי,,600.00,100 גרם,false,,28.90,0.0482,true,1,81951
7290013927002,false,עוגיות דיקליות בטעם שוקו אחווה 400 ג',,,דקליות שוקו במגש 400,,400.00,,false,,12.90,0.0323,true,1,48080
7290013927026,false,עוגיות דקליות וניל אחווה 400 ג',,,דקליות אחווה 400גר,,400.00,,false,,12.90,0.0323,true,1,48082
7290013927514,false,רוגעלך קינמון 400 גר`אחוה,אחדות ביחר לטחינה חל,IL,רוגעלך קינמון במגש 4,,400.00,100 גרם,false,,12.90,0.0323,true,1,88844
7290013927637,false,חלווה ללא תוספת סוכר 400 גר' אחוה,אחדות ביחר לטחינה חל,IL,חלווה ללא תוספת סוכר,,400.00,100 גרם,false,,14.90,0.0373,true,1,91442
7290014002128,false,תה ירוק לימונית ומנטה 25 שקיקים ויסוצקי,ויסוצקי ירוק,IL,תה ירוק לימונית מנטה,,25.00,,false,,27.90,1.1160,true,1,48840
7290014002135,false,תה ויסוצקי ירוק מיקס 5 טעמים 25 יח',HIQ FOOD PRODUCTS,IL,תה ירוק מיקס 25יח,,25.00,,false,,27.90,1.1160,true,1,47912
7290014002197,false,ויסוצקי חליטת קמומיל ולימונית 25*1.5ג,ויסוצקי,IL,חליטת קמומיל ולימוני,,25.00,,false,,19.90,0.7960,true,1,48326
7290014002203,false,תה ויסוצקי חליטת לימונית ולואיזה 20יח',HIQ FOOD PRODUCTS,IL,חליטת לימונית לואיזה,,25.00,,false,,19.90,0.7960,true,1,48327
7290014002944,false,גן קסום חליטת פירות וצמחים חמדת שקד 25 שקיקים,HIQ FOOD PRODUCTS,IL,תה הגן הקסום חליטת פ,,57.50,100 גרם,false,,19.90,0.3461,true,1,98638
7290014046016,false,פסטרמה של פעם דל שומן 2% רכיבים טבעיים,מעדני יחיעם,IL,פסטרמה הודו 100% חומ,,250.00,,false,,28.90,0.1156,true,1,52829
7290014046030,false,מוס כבד עוף 140גר יח,מעדני יחיעם 1993,IL,מוס כבד עוף 140גר יח,,140.00,,false,,15.90,0.1136,true,1,58940
7290014046580,false,פסטרמה מעודנת על גחלים 300 ג' יחיעם,מעדני יחיעם 1993,IL,פסטרמה מעודנת על גחל,,300.00,,false,,26.90,0.0897,true,1,54531
7290014046757,false,סלמי תה מעדני יחיעם,פ.פ.ח. שאביט,IL,סלמי תה יחיעם 300 גר,,300.00,,false,,25.90,0.0863,true,1,59624
7290014059436,false,"סנסודיין משחת שיניים לשיקום והגנה מלבינה 75 מ""ל",סמית קליין ביצ'ם,GB,משחת סנסודיין לשיקום,,75.00,,false,,21.90,0.2920,true,1,82437
7290014066373,false,לנדוור-קפסולות אספרסו קלאסיק(09) - 10יח'12X יח,קפה לנדוור,IL,לנדוור קפסולות אספרס,,50.00,100 גרם,false,,15.90,0.3180,true,1,106849
7290014066441,false,לנדוור-קפסולות אספרסו נטול קפאין(07) - 10יח'12X יח,קפה לנדוור,IL,לנדוור קפסולות אספרס,,50.00,,false,,15.90,0.3180,true,1,106851
7290014079847,false,צמד פטריות בייבי בלה,"מרינה פטריות הגליל בע""מ",IL,צמד פטריות בייבי בלה,,500.00,,false,,16.90,0.0338,true,1,58297
7290014094352,false,אגוזי מלך בקופסא 200 ג',"דין שיווק וקליה בע""מ",,אגוזי מלך בקופסא 200,,200.00,100 גרם,false,,19.90,0.0995,true,1,53560
7290014094369,false,ששון הקולה שקד טבעי,"דין שיווק וקליה בע""מ",IL,שקד טבעי בקופסא 200ג,,200.00,100 גרם,false,,24.90,0.1245,true,1,53561
7290014094376,false,שזיפים ללא גלעין ששו,"דין שיווק וקליה בע""מ",,שזיף ללא גלעין 250 ג,,250.00,100 גרם,false,,23.90,0.0956,true,1,53562
7290014094383,false,משמש מיובש ששון הקול,"דין שיווק וקליה בע""מ",,משמש 250 גרם בקופסא,,250.00,100 גרם,false,,23.90,0.0956,true,1,57605
7290014094390,false,חמוציות מסוכרות ששון,"דין שיווק וקליה בע""מ",,חמוציות 250 גרם קופס,,250.00,100 גרם,false,,17.90,0.0716,true,1,53563
7290014094406,false,צימוק לבן 330 ג' בקופסא,"דין שיווק וקליה בע""מ",,צימוק לבן קופסא 250ג,,250.00,,false,,18.90,0.0756,true,1,53564
7290014094628,false,פקאן טבעי 200 ג' בקופסא,ששון הקולה,,פקאן טבעי בקופסא 200,,200.00,100 גרם,false,,24.90,0.1245,true,1,53566
7290014094642,false,קשיו טבעי גדול בקופס,"דין שיווק וקליה בע""מ",,קשיו טבעי גדול בקופס,,250.00,100 גרם,false,,24.90,0.0996,true,1,53568
7290014094895,false,אגוזים קלופים ששון הקולה 150 ג',,,אגוזי מלך שקית 150גר,,150.00,,false,,10.90,0.0727,true,1,57572
7290014095472,false,חטיף דגנים עם חמוציות ושוקולד מריר 125 ג',דין שיווק,MK,חטיף דגנים עם חמוציו,,125.00,100 גרם,false,,8.90,0.0712,true,1,94889
7290014095496,false,חטיף דגנים עם אגוזים ושוקלד מריר 125 ג',דין שיווק,MK,חטיף דגנים אגוזים בש,,125.00,,false,,8.90,0.0712,true,1,94890
7290014095861,false,שיבולת שועל דקה להכנה מהירה,"דין שיווק וקליה בע""מ",IL,קוואקר שיבולת שועל ד,,500.00,100 גרם,false,,7.90,0.0158,true,1,49594
7290014095960,false,שיבולת שועל עבה להכנה מהירה,"דין שיווק וקליה בע""מ",IL,קוואקר שיבולת שועל ע,,500.00,,false,,7.90,0.0158,true,1,49595
7290014138971,false,לפידונים - כוסיות שמן זית מוצק - 44 כוסיות,מנורה,,ערכת לפידונים משמן ז,יחידה,0.00,יחידה,false,,59.90,0.0000,true,1,90589
7290014138988,false,לפידונים נוזלי 44 כוסיות עם שמן זית להדלקה בחנוכה,מנורה,,ערכת לפידונים משמן ז,יחידה,0.00,יחידה,false,,59.90,0.0000,true,1,57342
7290014204560,false,"סבון נוזלי שלישייה * 500 מ""ל פנינה",,,*מבצע* סבון שלישייה,ליטרים,1.50,ליטר,false,,10.90,7.2667,true,1,123047
7290014217003,false,תבלין פפריקה מעושנת מיכל 90ג',תות ממתקי איכות,IL,פפריקה מעושנת 90גר,,90.00,100 גרם,false,,10.90,0.1211,true,1,46015
7290014217027,false,תבלין טי בול לעוף 120 גר',תות ממתקי איכות,IL,תיבול עוף 120גר,,120.00,,false,,14.90,0.1242,true,1,47870
7290014217065,false,תבלין אורגנו עלים 30 גר',תות ממתקי איכות,IL,אורגנו מיכל גדול 30ג,,30.00,100 גרם,false,,10.90,0.3633,true,1,47418
7290014217157,false,תערובת תיבול טוסקנה מיכל 120 גר,תות ממתקי איכות,IL,מיכל תערובת תיבול טו,,120.00,100 גרם,false,,10.90,0.0908,true,1,54298
7290014217164,false,תבלין פטרוזיליה מיכל גדול 20 ג',תות ממתקי איכות,IL,פטרוזיליה מיכל גדול,,20.00,,false,,10.90,0.5450,true,1,55676
7290014217225,false,תבלין גריל עוף מיכל 120גר,תות ממתקי איכות,IL,גריל עוף מיכל 120גר,,120.00,100 גרם,false,,11.90,0.0992,true,1,53052
7290014217263,false,תערובת תיבול לפרגיות 100ג',תות ממתקי איכות,IL,תערובת תיבול לפרגיות,,100.00,100 גרם,false,,10.90,0.1090,true,1,59008
7290014217348,false,צ'ילי כתוש חריף (פלפל קיינה),תות ממתקי איכות,IL,צ'ילי כתוש מיכל 70גר,,70.00,100 גרם,false,,10.90,0.1557,true,1,53055
7290014217355,false,תבלין אבקת קרי מיכל 100ג',תות ממתקי איכות,IL,אבקת קרי מיכל 100גר,,100.00,,false,,10.90,0.1090,true,1,53056
7290014217393,false,אבקת צילי חריף 30 גר,,,אבקת צ'ילי חריף 30 ג,,30.00,,false,,7.90,0.2633,true,1,118529
7290014217478,false,תערובת עשבי תיבול איטלקי ים תיכוני 30ג',תות ממתקי איכות,IL,תערובת עשבי תיבול אי,,30.00,100 גרם,false,,10.90,0.3633,true,1,59238
7290014218505,false,"פיצת מעדנות שלישייה בחבק 1.08 ק""ג",מעדנות,IL,פיצה שלישייה מעדנות,,1080.00,100 גרם,false,,39.90,0.0369,true,1,94049
7290014218932,false,חטיפי פיצה בתוספת זיתים 710 ג' מעדנות,מיוצר עי קונדיטוריית,IL,חטיפי פיצה בתוספת זי,,710.00,,false,,34.90,0.0492,true,1,92009
7290014256637,false,יין לבן מתוק מבעבע Buzz מוסקטו,יקבי כרמל Carmel Winery,IL,באז משקה מבוסס יין מ,,750.00,100 גרם,false,,27.90,0.0372,true,1,54798
7290014397705,false,פוליויקס פרקט בניחוח מאסק,סנו פוליויקס,IL,פוליויקס פרקט בניחוח,ליטרים,2.00,ליטר,false,,24.90,12.4500,true,1,51408
7290014426061,false,משחת שיניים הלו קיטי בטעם ענבים לגיל 2-6,כצט נוביס,IL,הלו קיטי משחת שיניים,,50.00,100 גרם,false,,11.90,0.2380,true,1,94785
7290014435704,false,סלמון מעושן 100גר' שמיר,שבעת הימים - שמיר,IL,סלמון מעושן 100גר,,100.00,100 גרם,false,,24.90,0.2490,true,1,56865
7290014435803,false,מטיאס הולנדי (פרובנציאל) עם בצל בשמן 180 גרם,שבעת הימים - שמיר,IL,מטיאס הולנדי (פרובנצ,,180.00,,false,,25.90,0.1439,true,1,56867
7290014435810,false,הרינג כבוש ובצל במרינת חמוץ מתוק שמיר 180 ג',שבעת הימים - שמיר,IL,הרינג כבוש עם בצל במ,,180.00,100 גרם,false,,25.90,0.1439,true,1,56868
7290014435827,false,פילה מקרל מעושן בשמן שמיר 180 ג',שבעת הימים - שמיר,IL,פילה מקרל מעושן בשמן,,180.00,,false,,25.90,0.1439,true,1,56869
7290014435834,false,מקרל מעושן פרוס בשמן 180 גרם,שבעת הימים - שמיר,IL,מקרל מעושן פרוס בשמן,,180.00,,false,,25.90,0.1439,true,1,56870
7290014435841,false,פילה מטיאס הולנדי בשמן שמיר 180ג',סלטי שמיר 2006 בעמ,IL,פילה מטיאס הולנדי בש,,180.00,100 גרם,false,,25.90,0.1439,true,1,56871
7290014435872,false,סלט הרינג ומיונז שמיר 250ג',שבעת הימים - שמיר,IL,סלט הרינג מיונז 200ג,,200.00,,false,,25.90,0.1295,true,1,56872
7290014435896,false,סלט סלומון עם מיונז 180 גר',שבעת הימים - שמיר,IL,סלט סלמון עם מיונז 2,,200.00,,false,,25.90,0.1295,true,1,56874
7290014455245,false,גבינת גרנה פדנו משולש 29% 200 גרם בית יוסף,מחלבת סוציאלה מנטובה,IT,גרנה פדנו משולש מחלב,,200.00,,false,,29.30,0.1465,true,1,58076
7290014455252,false,גבינה קשה מגורדת גרנה פדנו 29% שומן,מחלבות גד שיווק 1992,IT,*מבצע* גרנה פדנו מגו,,100.00,100 גרם,false,,11.00,0.1100,true,1,58077
7290014455320,false,גבינה כדורי מוצרלה פרסקה גד 100ג',מחלבות גד בעמ,IL,כדור מוצרלה פרסקה 18,,100.00,100 גרם,false,,11.20,0.1120,true,1,57477
7290014455467,false,ירח מתוק מעדן חלב 2% ושיבולת שועל גד 150ג',מחלבות גד,IL,מעדן שיבולת שועל וחל,,150.00,100 גרם,false,,6.50,0.0433,true,1,58078
7290014459137,false,"צ'יפס תפוגן סטייק 1.5 ק""ג","תעשיות תפוגן בע""מ",IL,ציפס סטייק תפוגן 1.5,,1500.00,100 גרם,false,,27.90,0.0186,true,1,55948
7290014471436,false,"מיזלי צימוקים תפוח קינמון וגרעיני חמניה 1 ק""ג -436 כחול שקדיה",דין שיווק,IL,מוזלי עם צימוקים תפ,,1000.00,100 גרם,false,,19.90,0.0199,true,1,54332
7290014471443,false,"גרנולה צימוקים אגוזים ושקדים1 ק""ג חדש - 443 כתום שקדיה (כתום)",דין שיווק,IL,גרנולה עם צימוקים אג,,1000.00,100 גרם,false,,19.90,0.0199,true,1,54333
7290014472136,false,גרעין שחור קלוי ששון הקולה 150 ג',דין שיווק,IL,גרעין שחור קלוי 150ג,,150.00,,false,,4.90,0.0327,true,1,73995
7290014472228,false,תאנים בקופסא 330גרם,"דין שיווק וקליה בע""מ",,תאנים בקופסא 330גרם,,330.00,100 גרם,false,,23.90,0.0724,true,1,91282
7290014472235,false,פקאן סיני מסוכר בקופ,ששון הקולה,,פקאן סיני מסוכר בקופ,,200.00,100 גרם,false,,24.90,0.1245,true,1,53572
7290014472426,false,קונפיטורה דובדבן חמוץ 450 ג' שקדיה,"דין שיווק וקליה בע""מ",IL,קונפיטורה דובדבן חמו,,450.00,100 גרם,false,,13.90,0.0309,true,1,55846
7290014472433,false,קונפיטורה תות שדה 450 ג' שקדיה,"דין שיווק וקליה בע""מ",IL,קונפיטורה תות שדה 45,,450.00,100 גרם,false,,13.90,0.0309,true,1,55847
7290014472440,false,קונפיטורה שקדיה תפוז 450 ג',"דין שיווק וקליה בע""מ",IL,קונפיטורה תפוז 450גר,,450.00,,false,,13.90,0.0309,true,1,55848
7290014472464,false,קונפיטורה משמש 450גר,"דין שיווק וקליה בע""מ",IL,קונפיטורה משמש 450גר,,450.00,,false,,13.90,0.0309,true,1,55850
7290014472990,false,ממרח 100% שקדים שקדיה 300 ג',דין שיווק,IL,ממרח 100% שקדים 300ג,,300.00,,false,,34.90,0.1163,true,1,82335
7290014525009,false,חטיף סלים פרוט Slim fruit בטעם יוגורט ובמילוי תפוח,סלים דליס Slim Delis,ES,סלים פרוט חטיף דגנים,,180.00,100 גרם,false,,15.90,0.0883,true,1,47613
7290014525016,false,חטיף סלים פרוט Slim fruit בטעם יוגורט ובמילוי תות שדה,סלים דליס Slim Delis,ES,סלים פרוט חטיף דגנים,,180.00,100 גרם,false,,15.90,0.0883,true,1,47614
7290014525290,false,חטיף קריספי עם מילוי בטעם תות שדה,סלים דליס Slim Delis,NL,חטיפי מרבה סלים דליס,,125.00,,false,,15.90,0.1272,true,1,100827
7290014525306,false,מרבה סלים דליס קריספי אוכמניות 125 גר,סלים דליס Slim Delis,NL,חטיפי מרבה סלים דליס,,125.00,,false,,15.90,0.1272,true,1,100828
7290014525313,false,מרבה סלים דליס קריספי שוקולד 125 גר,סלים דליס Slim Delis,NL,חטיפי מרבה סלים דליס,,125.00,100 גרם,false,,15.90,0.1272,true,1,100829
7290014692299,false,גבינת ברי 125 ג' קסטיאלו ויליפוד,יורו צ'יז Euro Cheese,DK,גבינת ברי קאסטללו יו,,125.00,,false,,22.90,0.1832,true,1,51750
7290014692305,false,גבינת קממבר 125ג' CASTELLO ויליפוד,הנסיך- מפעל לייצור ט,DK,גבינת קממבר יורוציז,,125.00,100 גרם,false,,22.90,0.1832,true,1,51751
7290014692541,false,גבינת מגורדת 500ג' GOLDEN,ג.וילי פוד אינטרנשיו,IL,אמה מגורדת 500גר,,500.00,,false,,21.90,0.0438,true,1,57338
7290014748613,false,דג טוב מקלוני דגים בציפוי ציפס 600גר,עיצובים 2020 (4.9),IL,מקלוני דגים בציפוי צ,,600.00,100 גרם,false,,29.90,0.0498,true,1,90520
7290014758100,false,מאגדת יוגורט ביו 3% שומן 8 יח' *150ג' תנובה,מיוצר עי קונדיטוריית,IL,יוגורט ביו מאגדת שמי,,1200.00,100 גרם,false,,17.50,0.0146,true,1,49309
7290014758117,false,מאגדת יוגורט ביו 1.5% שומן 8 יח' *150 ג' תנובה,מיוצר עי קונדיטוריית,IL,יוגורט ביו מאגדת שמי,,1200.00,100 גרם,false,,17.50,0.0146,true,1,49310
7290014758162,false,חלב עיזים מלא 3.6% קרטון 1 ל' תנובה,תנובה מרכז שיתופי לש,IL,חלב עיזים מלא 3.6% ש,,1000.00,,false,,16.70,0.0167,true,1,50422
7290014758681,false,קוטג' תנובה 1% גביע 250 ג',מיוצר עי קונדיטוריית,IL,גבינת קוטג׳ 1% בגביע,,250.00,,false,,5.90,0.0236,true,1,49314
7290014759084,false,גבינת שמנת 16% בטעם טבעי 225 ג' נפוליאון,תנובה מרכז שיתופי לש,IL,גבינת נפוליאון 16% 2,,225.00,100 גרם,false,,14.90,0.0662,true,1,51719
7290014759534,false,גבינה בולגרית למריחה טבעי 5% 200 ג' פיראוס,"תנובה, מחלבת תל יוסף",IL,בולגרית למריחה טבעי,,200.00,100 גרם,false,,15.50,0.0775,true,1,51962
7290014759909,false,פיראוס פטה עזים פיראוס 5% 250גר,"תנובה, מחלבת טנא נוג",IL,פטה עיזים 5% פיראוס,,250.00,100 גרם,false,,31.50,0.1260,true,1,52574
7290014759978,false,"גבינת קצקבל פלח גלעד 27%, 200 ג'",תנובה,IL,קאשקבל פלח 200 גר,,200.00,100 גרם,false,,28.90,0.1445,true,1,51964
7290014759985,false,"גבינת פרמזן גבע 23% פלח, 200 ג'",תנובה,IL,פרמזן פלח 200 גר,,200.00,100 גרם,false,,27.50,0.1375,true,1,51965
7290014759992,false,גבינת רוקפור גליל פלח 140 ג' תנובה,"תנובה, מחלבת תל יוסף",IL,רוקפור פלח 140גר,,140.00,100 גרם,false,,19.90,0.1421,true,1,51966
7290014760134,false,מעדן סויה בטעם וניל אלטרנטיב,תנובה Alternative,IL,מעדן סויה בטעם וניל,,125.00,100 גרם,false,,4.30,0.0344,true,1,68863
7290014760141,false,משקה שקדים תנובה E אלטרנטיב,תנובה Alternative,IL,משקה שקדים טרי 1ליטר,,1000.00,,false,,13.50,0.0135,true,1,55980
7290014760448,false,גבינה צהובה גלבוע 400 גרם 22% שומן תנובה,מחלבת בית יצחק,IL,גבינה צהובה 22% שומן,,400.00,,false,,26.50,0.0663,true,1,53522
7290014761056,false,מעדן שוקולד חלב מעולה 123 ג' יולו,מיוצר עי קונדיטוריית,IL,מעדן שוקולד חלב יולו,,123.00,100 גרם,false,,4.80,0.0390,true,1,54887
7290014761063,false,מעדן שוקולד מריר מעולה 123 ג' יולו,מיוצר עי קונדיטוריית,IL,מעדן שוקולד מריר יול,,123.00,100 גרם,false,,4.80,0.0390,true,1,54888
7290014761193,false,יוגורט עם פירות יער 1.5% שומן 125 ג' פרילי,תנובה מרכז שיתופי לש,IL,יוגורט עם פירות יער,,125.00,100 גרם,false,,3.90,0.0312,true,1,54982
7290014761414,false,מעדן שכבות שוקולד חלב ולבן 123 ג' יולו,מיוצר עי קונדיטוריית,IL,יולו מעדן שכבות שוקו,,123.00,100 גרם,false,,4.80,0.0390,true,1,54892
7290014761612,false,מעדן עם שוקולד מריר ולבן 122 ג' יולו,מיוצר עי קונדיטוריית,IL,יולו מעדן שכבות שוקו,,123.00,100 גרם,false,,4.80,0.0390,true,1,56065
7290014762756,false,נפוליאון גבינת שמנת עם בצל 16% שומן,הרדוף חלב,IL,גבינת נפוליאון 16% ב,,225.00,100 גרם,false,,14.90,0.0662,true,1,57831
7290014762800,false,מעדן סויה שוקולד גביע 125 גרם אלטרנטיב,תנובה מרכז שיתופי לש,IL,מעדן סויה בטעם שוקול,,125.00,100 גרם,false,,4.30,0.0344,true,1,86592
7290014762831,false,גבינת שמנת חלפיניו 24% שומן 225 ג' נפוליאון,תנובה מרכז שיתופי לש,IL,גבינת נפוליאון 25% ע,,225.00,100 גרם,false,,14.90,0.0662,true,1,59115
7290014762848,false,גבינה צהובה מגורדת 22% שומן 500 ג' פתיתי גלבוע,גלבוע - תנובה,IL,פתית גלבוע 22% 500 ג,,500.00,100 גרם,false,,34.90,0.0698,true,1,94084
7290014762909,false,פתיתי מוצרלה 20% שומן 200 ג' השף הלבן,"תנובה, מחלבת תל יוסף",IL,פתיתי מוצרלה 20% שו,,200.00,,false,,18.50,0.0925,true,1,58791
7290014763272,false,יוגורט סויה BIO לשתייה תות ובננה אלטרנטיב,תות תעשיות מזון (201,IL,משקה סויה ביו תות בנ,,236.00,,false,,6.00,0.0254,true,1,59582
7290014791091,false,"שוויפס לימונייד 500 מ""ל",,,שוופס לימונייד 500מל,,500.00,,false,,6.50,0.0130,true,1,84009
7290014791336,false,מים מינרליים מי עדן,יושלם,,מי עדן 1ליטר,,1000.00,,false,,3.90,0.0039,true,1,87697
7290014791725,false,"שוויפס תפוחים מוגז 500 מ""ל",,,שוופס מוגז תפוח 500,,500.00,100 גרם,false,,6.50,0.0130,true,1,84010
7290014791862,false,"שוופס פרוט ווטר אפרסק 500מ""ל",יפאורה תבורי בעמ,IL,פרוט ווטר אפרסק 500,,500.00,100 גרם,false,,5.90,0.0118,true,1,121060
7290014855434,false,מגבונים בייביסיטר פרפורמנס מבושם רביעיה,בייביסיטר Babysitter,,מגבוני בייביסיטר פרפ,יחידה,0.00,יחידה,false,,15.90,0.0000,true,1,56066
7290014860070,false,"מקלוני אורז ללא גלוטן 5 מ""מ 454גר' (אור)",ניינטי נודל קו,TH,מקלוני אורז ללא גלוט,,454.00,100 גרם,false,,10.90,0.0240,true,1,54636
7290014860155,false,מחצלת במבו שטוחה 24X24 ס'מ,גולין פנגזו,CN,מחצלת במבו שטוחה 24*,יחידה,0.00,יחידה,false,,8.90,0.0000,true,1,50697
7290014905207,false,הפי גל לניקוי אסלה 7,אורו,,הפי גל לניקוי אסלה 7,,750.00,100 גרם,false,,10.90,0.0145,true,1,51224
7290014905719,false,הפי לימונית למדיח כלים - מנטרל ריחות רעים,יעקבי - הפי Hepi,IT,הפי לימונית למדיח כל,יחידה,0.00,יחידה,false,,9.90,0.0000,true,1,54634
7290014974593,false,גביעי גלידריה ללא גלוטן 12 יחי',גילרו,IL,גביע גלידה ללא גלוט,,12.00,,false,,17.90,1.4917,true,1,90614
7290015039253,false,וילי פוד עלי גפן במי מלח 620 גר,קוראהן פזלרמה וי דיס,TR,עלי גפן במי מלח 620ג,,620.00,,false,,11.90,0.0192,true,1,53284
7290015139250,false,"חופשי שוקולד מריר עם פ.אורז לל""ס 85 גר",כרמית תעשיות ממתקים,IL,שוקולד מריר עם פצפוצ,,85.00,100 גרם,false,,6.90,0.0812,true,1,58515
7290015139267,false,שוקולד מריר עם שקדים ללא תוספת סוכר וסטהיים,כרמית תעשיות ממתקים,IL,שוקולד מריר עם שקדים,,85.00,100 גרם,false,,6.90,0.0812,true,1,58516
7290015150088,false,מחית עגבניות גרנד איטליה 700גרם,שוורצקוף& הנקל דיסלד,IT,מחית עגבניות גרנד אי,,700.00,,false,,12.90,0.0184,true,1,55292
7290015150118,false,עגבניות חתוכות דק בלה איטליה 3*400 ג',אמיליאנה קונסרב ס.פ.,IT,עגבניות חתוכות 3* 40,,1200.00,,false,,14.90,0.0124,true,1,55293
7290015150903,false,תה ירוק קינמון דבש 25 שקיקים,ויסוצקי ירוק,IL,תה ירוק קינמון ודבש,יחידה,0.00,יחידה,false,,27.90,0.0000,true,1,59524
7290015161534,false,קוואקר שיבולת שועל עבה ללא גלוטן - 400 גרם,נוטרה זן NutraZen,DK,קוואקר עבה ללא גלוטן,,400.00,,false,,21.90,0.0547,true,1,117473
7290015161558,false,קמח שיבולת שועל מלאה אורגני ללא גלוטן,נוטרה זן NutraZen,DK,קמח שיבולת שועל מלא,,500.00,,false,,25.90,0.0518,true,1,117475
7290015161930,false,"פסטPRO קסרצ'ה פתיתים אורגניים, ללא גלוטן",נוטרה זן NutraZen,,פסטה PRO עדשים צהובו,,250.00,100 גרם,false,,17.90,0.0716,true,1,117478
7290015164832,false,מחית קארי ירוקה מזרח,טאפאדונגפורן קוקינט,TH,מחית קארי ירוקה 400ג,,400.00,,false,,19.90,0.0497,true,1,90903
7290015178174,false,פסטו בטעם פרמז'ן אוליביה 180 גר',יוניליוור גרמניה Gm,IL,פסטו בטעם פרמז'ן 180,,180.00,100 גרם,false,,13.90,0.0772,true,1,116272
7290015282024,false,איקרה לבנה סלטי שמיר,שבעת הימים - שמיר,,איקרה לבנה 200גר שמי,,200.00,100 גרם,false,,17.90,0.0895,true,1,56878
7290015282390,false,סלט תורכי שמיר 200 גר',"סלטי שמיר 2006 בע""מ",IL,תורכי 200 גרם גורמה,,200.00,,false,,15.90,0.0795,true,1,85249
7290015282581,false,חומוס שמיר אבו גוש עם חריף 200 גר',"סלטי שמיר 2006 בע""מ",IL,חומוס אבו גוש עם חרי,,200.00,,false,,15.90,0.0795,true,1,85280
7290015282598,false,חומוס שמיר מסעדות 200 גר',"סלטי שמיר 2006 בע""מ",IL,חומוס מסעדות 200 גר,,200.00,100 גרם,false,,15.90,0.0795,true,1,85250
7290015282604,false,טחינה שמיר מיוחדת גורמה 200ג',"סלטי שמיר 2006 בע""מ",IL,טחינה מיוחדת 200 גר,,200.00,100 גרם,false,,15.90,0.0795,true,1,85246
7290015282628,false,חציל שמיר בטעם כבד 200 גר',"סלטי שמיר 2006 בע""מ",IL,חציל בטעם כבד 200 גר,,200.00,100 גרם,false,,15.90,0.0795,true,1,85256
7290015282635,false,חומוס שמיר מסבחה 200 גר',"סלטי שמיר 2006 בע""מ",IL,חומוס מסבחה 200 גר,,200.00,100 גרם,false,,15.90,0.0795,true,1,85247
7290015282642,false,חומוס שמיר אבו גוש 200 גר',"סלטי שמיר 2006 בע""מ",IL,"חומוס אבו ג""וש 200 ג",,200.00,100 גרם,false,,15.90,0.0795,true,1,85251
7290015282666,false,סלט טונה עם ירקות שמ,"סלטי שמיר 2006 בע""מ",IL,סלט טונה עם ירקות שמ,,200.00,100 גרם,false,,17.90,0.0895,true,1,85266
7290015282673,false,חציל שמיר במיונז ביתי 200 גורמה גר',"סלטי שמיר 2006 בע""מ",IL,חציל במיונז ביתי שמי,,200.00,,false,,15.90,0.0795,true,1,85257
7290015282680,false,קישוא בטעם כבד שמיר 200 גר',"סלטי שמיר 2006 בע""מ",IL,קישוא בטעם כבד 200 ג,,200.00,100 גרם,false,,15.90,0.0795,true,1,85259
7290015282697,false,כרוב אדום שמיר גורמה 200גר,"סלטי שמיר 2006 בע""מ",IL,כרוב אדום 200 גר,,200.00,,false,,15.90,0.0795,true,1,85252
7290015282710,false,קוביות סלק שמיר 200 גר',"סלטי שמיר 2006 בע""מ",IL,קוביות סלק 200 גר,,200.00,,false,,15.90,0.0795,true,1,85253
7290015282741,false,חציל תאילנדי אסלי שמיר 200 ג',"סלטי שמיר 2006 בע""מ",IL,חציל תאילנדי 200 גר,,200.00,,false,,15.90,0.0795,true,1,85260
7290015282796,false,"סלט תפו""א שמיר במיונז 200ג'","סלטי שמיר 2006 בע""מ",IL,תפוח אדמה 200 גר גור,,200.00,100 גרם,false,,15.90,0.0795,true,1,85255
7290015320009,false,שוקולד מריר 3*100 ג' השקדיה,קריות זול,,שוקולד מריר שקדיה 3*,,300.00,100 גרם,false,,10.90,0.0363,true,1,120681
7290015320481,false,שוקולד מריר 60% יעד,,,שוקולד מריר 60% יעד,,100.00,,false,,4.90,0.0490,true,1,106609
7290015324007,false,תבלין פלפל שחור גרוס 80 ג',תות ממתקי איכות,IL,פלפל שחור גרוס שקית,,80.00,,false,,11.90,0.1488,true,1,53058
7290015324014,false,תבלין פלפל שחור טחון 80 ג',תות ממתקי איכות,IL,פלפל שחור טחון שקית,,80.00,,false,,11.90,0.1488,true,1,53059
7290015324045,false,תבלין פפריקה חריפה 80 גר' שק',תות ממתקי איכות,IL,פפריקה חריפה שקית 80,,80.00,100 גרם,false,,6.90,0.0863,true,1,53061
7290015324052,false,תבלין פפריקה מתוקה 80 ג',תות ממתקי איכות,IL,פפריקה מתוקה שקית 80,,80.00,100 גרם,false,,6.90,0.0863,true,1,53062
7290015324069,false,תערובת תיבול גריל עוף,תות ממתקי איכות,IL,גריל עוף שקית 80גר,,80.00,100 גרם,false,,6.90,0.0863,true,1,53063
7290015324076,false,טעם וריח זעתר שקית 8,תות ממתקי איכות,IL,זעתר שקית 80גר,,80.00,100 גרם,false,,7.90,0.0988,true,1,53064
7290015324083,false,טעם וריח מלח לימון ש,תות ממתקי איכות,IL,מלח לימון שקית 80גר,,80.00,100 גרם,false,,6.90,0.0863,true,1,53065
7290015324090,false,תבלין כמון טחון 80 ג',תות ממתקי איכות,IL,כמון שקית 80גר,,80.00,,false,,6.90,0.0863,true,1,53066
7290015324106,false,תבלין כורכום טחון 80 גר',תות ממתקי איכות,IL,כורכום שקית 80גר,,80.00,100 גרם,false,,6.90,0.0863,true,1,53067
7290015324120,false,טעם וריח שום גבישי ב,תות ממתקי איכות,IL,שום גבישי שקית 80גר,,80.00,100 גרם,false,,9.90,0.1238,true,1,53069
7290015324151,false,תבלין חוויאג למרק ב,תות ממתקי איכות,IL,חוואג' 80גר,,80.00,100 גרם,false,,8.90,0.1113,true,1,53070
7290015324175,false,תבלין שווארמה תיבול 80 גר' שק',תבליני טעם וריח,IL,שווארמה ללא מונוסודי,,80.00,,false,,7.90,0.0988,true,1,53072
7290015324540,false,טימין מיכל גדול 30 ג',"תבליני טעם וריח בע""מ",IL,טימין מיכל גדול 30 ג,,30.00,100 גרם,false,,10.90,0.3633,true,1,100521
7290015324557,false,בהרט לבישול מיכל גדול 80 ג',"תבליני טעם וריח בע""מ",IL,בהרט לבישול מיכל גדו,,80.00,100 גרם,false,,10.90,0.1363,true,1,100522
7290015324564,false,כוסברה טחונה מיכל גדול 70 ג',"תבליני טעם וריח בע""מ",IL,כוסברה טחונה מיכל גד,,70.00,,false,,10.90,0.1557,true,1,100523
7290015339933,false,טעמן ריבת חלב 340 גרם,,,ריבת חלב טעמן 340גר,,340.00,,false,,13.90,0.0409,true,1,94326
7290015366663,false,"אקווה פרש משחת שיניים מנטה עדין 100מ""ל",אקווה פרש Aquafresh,SK,אקווה פרש עדין משחת,,100.00,,false,,8.90,0.0890,true,1,58491
7290015395045,false,קינואה שקדיה 400 גרם,"דין שיווק וקליה בע""מ",IL,קינואה 400גר,,400.00,100 גרם,false,,10.90,0.0273,true,1,55851
7290015437578,false,מוזלי קראנצ'י צימוק תפוח מיובש גרעיני חמנ' 600ג',ויטליה,,מוזלי קראנץ צימוק תו,,600.00,100 גרם,false,,14.90,0.0248,true,1,84653
7290015470094,false,טוסו שוקולד מריר תפוז ללא סוכר 100 ג',ALTINMARKA,TR,שוקולד טוסו מריר תפו,,100.00,,false,,13.90,0.1390,true,1,59809
7290015528177,false,מגש קלאסי 9/13 סידרת מאי שקוף 1יח',,,"מגש קלאסי 9/13 ""סיד",יחידה,0.00,יחידה,false,,9.90,0.0000,true,1,94427
7290015528313,false,צלחת פלסטיק 7 קטנה לבנה מודפס כסף אר 20 דנטס,,,צלחת פלסטיק 7 קטנה ל,יחידה,0.00,יחידה,false,,13.90,0.0000,true,1,94428
7290015528337,false,"צלחת פלסטיק 9"" בינונ",,,"צלחת פלסטיק 9"" בינונ",יחידה,0.00,יחידה,false,,17.90,0.0000,true,1,82480
7290015528436,false,קערת פירות עגולה לבנ,,,קערת פירות עגולה לבנ,יחידה,0.00,יחידה,false,,17.90,0.0000,true,1,94436
7290015528566,false,גביע 270 ארוז 10 יח',,,גביע 270 ארוז 10 יח',יחידה,0.00,יחידה,false,,7.90,0.0000,true,1,94440
7290015528573,false,גביע 500 ארוז 10 יח',,,גביע 500 ארוז 10 יח',יחידה,0.00,יחידה,false,,7.90,0.0000,true,1,94441
7290015528641,false,מיכל 1 ליטר ארוז 3 י,,,מיכל 1 ליטר ארוז 3 י,יחידה,0.00,יחידה,false,,9.90,0.0000,true,1,100043
7290015528658,false,מיכל 2 ליטר ארוז 3 י,,,מיכל 2 ליטר ארוז 3 י,יחידה,0.00,יחידה,false,,9.90,0.0000,true,1,100065
7290015528696,false,כוס נייר OZ16 אר'50,,,כוס נייר OZ16 אר'50,יחידה,0.00,יחידה,false,,25.90,0.0000,true,1,91713
7290015528825,false,צלחת 7 מתכלה אר 25 יח' דנטס,,,צלחת 7 מתכלה אר 25 י,יחידה,0.00,יחידה,false,,12.90,0.0000,true,1,94450
7290015528832,false,צלחת 9 מתכלה אר' 25 יח' דנטס,,,צלחת 9 מתכלה אר' 25,יחידה,0.00,יחידה,false,,15.90,0.0000,true,1,94451
7290015528849,false,צלחת 10 מתכלה אר' 25 יח' דנטס,,,צלחת 10 מתכלה אר' 25,יחידה,0.00,יחידה,false,,18.90,0.0000,true,1,94452
7290015528870,false,ליפתנית מתכלה אר' 25 יח' דנטס,,,"ליפתנית 200 מ""ל מתכל",יחידה,0.00,יחידה,false,,8.90,0.0000,true,1,94455
7290015528979,false,קינוחי קרם קרמל אר' 12 יח',,,קינוחי קרם קרמל אר',יחידה,0.00,יחידה,false,,15.90,0.0000,true,1,82528
7290015603188,false,אטריות ביצים 454ג' (כ) (fu),פוגקן לונגהי אנלידה,CN,אטריות ביצים 454גר,,454.00,,false,,10.90,0.0240,true,1,57453
7290015603218,false,אטריות עם עגבניה 454ג' (כ) (fu),פוגקן לונגהי אנלידה,CN,איטריות בתוספת עגבני,,454.00,,false,,10.90,0.0240,true,1,81697
7290015603546,false,"שימורי קרם קוקוס 17-19% 400 מ""ל (ASIATIC)(כ)",אסיאטיק אגרו אינדסטר,TH,קרם קוקוס 17-19% 400,,400.00,100 גרם,false,,10.90,0.0273,true,1,89727
7290015603560,false,שימורי קרם קוקוס 400,אסי אטיק גרו אינדוסט,TH,קרם קוקוס 20-22% 400,,400.00,,false,,10.90,0.0273,true,1,92119
7290015603638,false,אורז קלרוז מזרח ומער,מינה פונג גרין אגריק,CN,*מבצע* אורז קלרוז 1ק,,1000.00,100 גרם,false,,10.90,0.0109,true,1,57720
7290015652070,false,אגוזי קשיו קלויים שש,דין שיווק,IL,קשיו קלוי 150גרם,,150.00,,false,,11.90,0.0793,true,1,56742
7290015652087,false,תערובת פיצוחים 150 גר' שקדיה,דין שיווק,IL,תערובת פיצוחים 150גר,,150.00,100 גרם,false,,11.90,0.0793,true,1,56743
7290015652254,false,גרעיני חמניה קלויים 500 ג',דין שיווק,IL,גרעינים שחורים 400 ג,,400.00,,false,,10.00,0.0250,true,1,83926
7290015652261,false,בוטנים קלויים 350 ג' ששון הקולה,דין שיווק,IL,בוטנים קלויים 300 גר,,300.00,100 גרם,false,,10.00,0.0333,true,1,83918
7290015652278,false,תערובת פיצוחים ששון,"דין שיווק וקליה בע""מ",IL,תערובת פיצוחים 250גר,,250.00,100 גרם,false,,20.00,0.0800,true,1,83951
7290015652285,false,אגוזים קלופים 250 גר,"דין שיווק וקליה בע""מ",IL,אגוזי מלך קלופים 250,,250.00,100 גרם,false,,19.90,0.0796,true,1,56744
7290015652292,false,קבוקים עם שומשום 400גר,"דין שיווק וקליה בע""מ",IL,קבוקים עם שומשום 500,,500.00,100 גרם,false,,10.00,0.0200,true,1,56745
7290015652308,false,מנצ'ס ששון הקולה 300,,,מנצס ששון הקולה 300,,300.00,100 גרם,false,,10.00,0.0333,true,1,83948
7290015652322,false,בוטנים אמריקאים מצופים 400 ג',דין שיווק,IL,בוטנים אמריקאים מצופ,,400.00,100 גרם,false,,10.00,0.0250,true,1,56747
7290015652407,false,פיסטוק קלוי ששון הקו,"דין שיווק וקליה בע""מ",IL,פיסטוק 250גר,,250.00,100 גרם,false,,20.00,0.0800,true,1,83952
7290015695848,false,נבטי אלפלפא,,,נבטי אלפלפא,,1000.00,,false,,9.90,0.0099,true,1,82349
7290015695855,false,נבטי חמניה,הנבטים של אודי,IL,נבטי חמניה,,1000.00,100 גרם,false,,9.90,0.0099,true,1,82350
7290015695893,false,מיקס נבטוטים,,,מיקס נבטוטים,,1000.00,100 גרם,false,,9.90,0.0099,true,1,82354
7290015695923,false,נבטים סיניים,מושב אחיטוב,IL,נבטים סיניים,,1000.00,100 גרם,false,,6.90,0.0069,true,1,82356
7290015781015,false,"יין ויז'ן מלבק 750 מ""ל",יקב טפרברג 1870 בעמ,IL,"יין ויז'ן מלבק 750מ""",,750.00,,false,,44.90,0.0599,true,1,81477
7290015781282,false,"יין גוורצטמינר אימפרשן 750מ""ל",יקב טפרברג 1870,,יין אימפרוזיון גוורצ,,750.00,100 גרם,false,,54.90,0.0732,true,1,81490
7290015804417,false,עגבניות מרוסקות מתובלות עם שום,טל,,עגבניות מרוסקות שום,,250.00,100 גרם,false,,4.90,0.0196,true,1,57921
7290015804424,false,עגבניות מרוסקות ובזיליקום ועשבי תיבול טל 260 ג',טל,,עגבניות מרוסקות בזיל,,250.00,100 גרם,false,,4.90,0.0196,true,1,57922
7290015855013,false,פלפל טינקרבל ארוז,,,פלפל טינקרבל ארוז,יחידה,0.00,יחידה,false,,8.90,0.0000,true,1,55806
7290015855037,false,פלפל צ'ילי.,,,פלפל צ'ילי.,יחידה,0.00,יחידה,false,,7.90,0.0000,true,1,56038
7290015855051,false,מלפפון מיני ארוז,,,מלפפון מיני ארוז,יחידה,0.00,יחידה,false,,9.90,0.0000,true,1,55393
7290015855129,false,כרוב קייל ארוז,,,כרוב קייל ארוז,יחידה,0.00,יחידה,false,,10.90,0.0000,true,1,91673
7290015855143,false,שום קלוף 170גרם,,,שום קלוף 170גרם,יחידה,0.00,יחידה,false,,11.90,0.0000,true,1,82212
7290015855228,false,אספרגוס,,,אספרגוס,יחידה,0.00,יחידה,false,,29.90,0.0000,true,1,57749
7290015855341,false,אנדיב (עולש),,,אנדיב (עולש),,0.00,,false,,15.90,0.0000,true,1,90257
7290015855358,false,בצלצלי שאלוט,,,בצלצלי שאלוט,יחידה,0.00,יחידה,false,,10.90,0.0000,true,1,92222
7290015855495,false,חסה לאליק,,,חסה לאליק,יחידה,0.00,יחידה,false,,12.90,0.0000,true,1,120250
7290015855501,false,חסה עגולה שקית,,,חסה עגולה שקית,יחידה,0.00,יחידה,false,,5.90,0.0000,true,1,123376
7290015858106,false,ממרח פסטו ביתי 180 ג' עללחם,"מדשא תעשיות מזון בע""",IL,ממרח פסטו ביתי 180 ג,,180.00,,false,,16.90,0.0939,true,1,92300
7290015858175,false,ממרח פלפלים קלויים 180 גרם עללחם,זאביק יצור ושיווק מז,IL,ממרח פלפלים קלויים 1,,180.00,,false,,16.90,0.0939,true,1,92311
7290015858229,false,טפנד זיתי קלמטה 180 גרם עללחם,"מדשא תעשיות מזון בע""",IL,ממרח טפנד זיתי קלמטה,,180.00,100 גרם,false,,16.90,0.0939,true,1,92306
7290015858328,false,ממרח איולי פסטו 295 ג' עללחם,עלית,IL,עללחם ממרח איולי פסט,,295.00,100 גרם,false,,17.90,0.0607,true,1,122432
7290015858441,false,ממרח איולי פלפלים 295 ג' עללחם,עלית,IL,עללחם ממרח איולי פלפ,,295.00,100 גרם,false,,17.90,0.0607,true,1,122433
7290015858687,false,ממרח איולי שום 295 ג' עללחם,עלית,IL,עללחם ממרח איולי שום,,295.00,,false,,17.90,0.0607,true,1,122435
7290015858694,false,"עללחם איולי שום לימון, 295 גרם",אסם,,עללחם ממרח איולי שום,,295.00,,false,,17.90,0.0607,true,1,122434
7290015865692,false,תענוג פרי תות שדה ענ,קריות זול,IL,קונפיטורה תענוג פרי,,400.00,,false,,18.90,0.0472,true,1,122377
7290015951869,false,"יין הר חרמון רוזה 750 מ""ל",מיוצר וממולא על ידי,IL,יין הר חרמון רוזה עב,,750.00,,false,,39.90,0.0532,true,1,114528
7290015968140,false,אטבים אחיזה רחבה בעי,H.J.E,,אטבים אחיזה רחבה בעי,,36.00,,false,,11.90,0.3306,true,1,123090
7290015968201,false,כוסות נייר 50 יח לשת,,,כוסות נייר 50 יח 10,יחידה,0.00,יחידה,false,,16.90,0.0000,true,1,123048
7290015968218,false,כוסות נייר 50 יח לשת,,,כוסות נייר 50 יח 12O,יחידה,0.00,יחידה,false,,19.90,0.0000,true,1,123049
7290015968461,false,כוסות פלסטיק משובחות,F.T.I,,כוסות פלסטיק משובחות,יחידה,0.00,יחידה,false,,9.90,0.0000,true,1,123050
7290015968508,false,"כוסות פלסטיק לשתיה קרה 180מ""ל",,TR,כוסות פלסטיק לשתיה ק,יחידה,0.00,יחידה,false,,7.90,0.0000,true,1,90203
7290015968584,false,נר נשמה 24 שעות - נרות חסידים,,,נר נשמה 24 שעות חסיד,יחידה,0.00,יחידה,false,,2.50,0.0000,true,1,90647
7290016006025,false,סודה שוופס בקבוק 500,יפאורה תבורי בעמ,IL,שוופס סודה 500מל,,500.00,100 גרם,false,,3.90,0.0078,true,1,84006
7290016006148,false,"שוופס מוגז עדין ענבים בקבוק 500מ""ל",,,שוופס מוגז ענבים 500,,500.00,,false,,6.50,0.0130,true,1,84011
7290016006292,false,נקטר מנגו בננה מלון קרטונית 1 ל' ספרינג,"יפאורה תבורי בע""מ",IL,ספרינג מנגו בננה מלו,,1000.00,100 גרם,false,,7.90,0.0079,true,1,58752
7290016006339,false,מים מינרלים - מארז רביעייה,מופק ממקור בזלתי עדן,IL,מי עדן רביעייה 4*1לי,,4000.00,100 גרם,false,,11.90,0.0030,true,1,59059
7290016006346,false,שוופס סודה מארז שישייה * 0.5 ל',יפאורה תבורי בעמ,IL,שוופס סודה מארז שישי,,3000.00,100 גרם,false,,15.90,0.0053,true,1,84007
7290016028348,false,מפת אל בד חתוך 11/18,,,מפת אל בד חתוך 11/18,יחידה,0.00,יחידה,false,,5.90,0.0000,true,1,94463
7290016028836,false,קש מתקפל צבעוני אר' 150 יח' דנטס,,,קש מתקפל צבעוני אר',יחידה,0.00,יחידה,false,,9.90,0.0000,true,1,119540
7290016102611,false,"קינוחית מגדל+ מכסה ח""פ 24יח'",,CN,קינוחית מגדל+מכסה שק,יחידה,0.00,יחידה,false,,15.90,0.0000,true,1,100050
7290016107456,false,ממחטות אף 10יח באריז,,,ממחטות אף 10יח באריז,,10.00,,false,,7.90,0.7900,true,1,92984
7290016144017,false,"קמח חיטה מלאה נפלאות 100% 1 ק""ג",קמח מלכים,IL,קמח נפלאות חיטה מלא,,1000.00,,false,,10.90,0.0109,true,1,120670
7290016144024,false,"קמח כוסמין מלא נפלאות 100% 1 ק""ג","קמח מלכים בע""מ",IL,קמח נפלאות כוסמין מל,,1000.00,100 גרם,false,,15.90,0.0159,true,1,120673
7290016144031,false,"קמח חיטה לבן נפלאות 1 ק""ג",קמח מלכים,IL,קמח נפלאות חיטה לבן,,1000.00,,false,,7.90,0.0079,true,1,120669
7290016150117,false,סלק אדום מבושל 500 ג' בוואקום,חקלאי,IL,סלק וואקום,,500.00,,false,,6.90,0.0138,true,1,59090
7290016150711,false,Avel -נוזל קוקוס תאילנדי בפחית 400 גרם,,,נוזל קוקוס אבאל 400,,400.00,,false,,6.90,0.0173,true,1,100234
7290016188608,false,"יין למברוסקו לבן חצי יבש 750מ""ל",יקב גאקובזי,IT,יין למברוסקו לבן חצי,,750.00,100 גרם,false,,24.90,0.0332,true,1,84023
7290016197488,false,מטליות מיקרופייבר למשטחים ניקול 3יח',UFO INC,CN,מטלית קסם לשיש ניקול,יחידה,0.00,יחידה,false,,16.90,0.0000,true,1,58598
7290016197495,false,מטלית קסם מיקרופייבר לרצפה ניקול 2יח',חוגלה קימברלי,CN,מטליות מיקרופייבר זו,יחידה,0.00,יחידה,false,,19.90,0.0000,true,1,58599
7290016197839,false,ניקול השקית החזקה 20 יח' XL,אשפלסט תעשיות בעמ,IL,השקית החזקה 20יח XL,יחידה,0.00,יחידה,false,,23.90,0.0000,true,1,58600
7290016197877,false,ניקול שקיות לפחי מטבח קטנים 60 יח' M,ניקול,,שקית לפחי מטבח קטנים,יחידה,0.00,יחידה,false,,23.90,0.0000,true,1,58601
7290016217742,false,חציל בטחינה שמיר 200 ג',"סלטי שמיר 2006 בע""מ",IL,חציל אש בטחינה 200 ג,,200.00,,false,,15.90,0.0795,true,1,85263
7290016217988,false,גרבדלקס סלמון כבוש 100 גרם,"סלטי שמיר 2006 בע""מ",,גרבדלקס 100גר,,100.00,100 גרם,false,,24.90,0.2490,true,1,85309
7290016217995,false,סלט ביצים עם אבוקדו,"סלטי שמיר 2006 בע""מ",IL,סלט ביצים עם אבוקדו,,200.00,100 גרם,false,,17.90,0.0895,true,1,85268
7290016233384,false,גפילטע פיש 7קציצות מהדרין 550ג',,,גפילטע פיש 7קציצות מ,,550.00,,false,,16.90,0.0307,true,1,58428
7290016233995,false,שימורי אנשובי עם שמן זית 45 ג' תומר,Inversiones prisco s,,אנשובי בפח עם שמן זי,,45.00,100 גרם,false,,7.90,0.1756,true,1,86481
7290016276534,false,"שמן קוקוס לא מזוכך 500 מ""ל",דין שיווק,IL,שמן קוקוס לא מזוכך 5,,500.00,,false,,29.90,0.0598,true,1,82334
7290016276756,false,מעדן 4 פירות 100% רכיבי פרי 284 גר' ללא תוספת סוכר,שקדיה,IL,מעדן 4 פירות 100% רכ,,284.00,100 גרם,false,,12.90,0.0454,true,1,81994
7290016276800,false,מעדן תפוח עץ 100% רכיבי פרי ללא סוכר שקדיה 284 ג',שקדיה,IL,"מעדן תפו""ע 100% רכיב",,284.00,,false,,12.90,0.0454,true,1,81999
7290016276831,false,תבשיל אטריות בטעם בקר 70 ג',טיאן הונג,TH,תבשיל איטריות בטעם ב,,70.00,,false,,6.90,0.0986,true,1,82343
7290016276848,false,מנה חמה אטריות טעם עוף 70ג',טיאן הונג,TH,תבשיל איטריות בטעם ע,,70.00,,false,,6.90,0.0986,true,1,82342
7290016321661,false,מגבונים פרש וואנס סנסיטיב קר רביעיה,עלבד משואות יצחק,IL,מגבוני פרשוואנס רביע,יחידה,0.00,יחידה,false,,19.90,0.0000,true,1,99938
7290016321678,false,מגבונים לחים בניחוח מרענן עם תמציות קמומיל ואלוורה,עלבד משואות יצחק,IL,מגבוני פרשוואנס רביע,יחידה,0.00,יחידה,false,,19.90,0.0000,true,1,99939
7290016321722,false,פרש וואנס מגבונים בו,על בד,,פרש וואנס מגבונים בו,יחידה,0.00,יחידה,false,,5.90,0.0000,true,1,92937
7290016372342,false,עגבניות חתוך קוביות גראנד איטליה מארז 400X3ג',גרנד איטליה Grand Italia,,עגבניות חתוכות לקובי,,1200.00,100 גרם,false,,14.90,0.0124,true,1,86847
7290016387254,false,מצע לייבוש כלים,,,מצע לייבוש כלים,יחידה,0.00,יחידה,false,,9.90,0.0000,true,1,82588
7290016387483,false,שייני כריות יפניות דו צדדיות 3 יח',,,כריות יפניות דו צדדי,,3.00,,false,,7.90,2.6333,true,1,87712
7290016387841,false,אטבי כביסה איכותים צבעונים 50 יחי',,,אטבי כביסה ג'וי צבעו,יחידה,0.00,יחידה,false,,14.90,0.0000,true,1,87716
7290016408294,false,"מרשמלו ורוד לבן וסטהיים 150 ג', 26 בקרטון",מנדלז סי.אר. פרודקשן,IL,מרשמלו ורוד לבן כרמי,,150.00,100 גרם,false,,6.90,0.0460,true,1,87512
7290016408980,false,"מטבעות שוקולד חלב 36 ג' כשל""פ בד""ץ",כרמית,IL,מטבעות שוקולד חלב 36,,36.00,,false,,4.90,0.1361,true,1,90635
7290016440911,false,מלפפונים ביתיים כבושים,מעדני עופר,,מלפפונים ביתיים כבוש,,0.00,,false,,22.90,0.0000,true,1,117849
7290016440928,false,ירקות כבושים חמוץ מתוק (סיני),מעדני עופר,IL,ירקות כבושים חומץ מת,,0.00,,false,,19.90,0.0000,true,1,117850
7290016448870,false,שפרוטים מעושנים בשמן,,,שפרוטים 150 גרם,,150.00,,false,,6.90,0.0460,true,1,113764
7290016475067,false,מארז 4 לאפות במלאכת יד,מאפיית המכבים,IL,לאפות 4יח מכבים,,4.00,,false,,13.90,3.4750,true,1,81541
7290016509786,false,פרסיל - ג'ל כביסה ירוק 2.50 ליטר,פרסיל Persil,IL,פרסיל ג'ל 2.5ליטר יר,ליטרים,2.50,ליטר,false,,34.90,13.9600,true,1,89827
7290016509809,false,ג'ל מרוכז לכביסה קולור 2.5 ל' פרסיל,פרסיל Persil,IL,פרסיל ג'ל 2.5 ליטר ק,ליטרים,2.50,ליטר,false,,34.90,13.9600,true,1,89836
7290016509830,false,ג'ל כביסה לבגדי תינוקות ובעלי עור רגיש Sensitive,פרסיל Persil,IL,פרסיל ג'ל 2.5 ליטר ב,ליטרים,2.50,ליטר,false,,34.90,13.9600,true,1,89838
7290016510430,false,"הוואי ס.נוזלי שמני הזנה מגנוליה 700 מ""ל",טרופיקל דגיל,IL,הוואי תחליב רחצה עם,,700.00,100 גרם,false,,13.90,0.0199,true,1,89783
7290016580174,false,צלחות 9 צבעומיות דנט,,,צלחת 9 צבעוני לבן/ ק,,100.00,,false,,39.90,0.3990,true,1,91370
7290016717631,false,יין מוסקטו בעל חוזק אלכוהול נמוך פרייבט קולקשן,אגודת הכורמים הקואופ,IL,מוסקטו פרייבט קולקשי,,750.00,100 גרם,false,,39.90,0.0532,true,1,87934
7290016717754,false,"יין ישן נושן היובל 750 מ""ל",אגודת הכורמים הקואופ,IL,"יין ישן נושן 750 מ""ל",,750.00,,false,,18.90,0.0252,true,1,90213
7290016717976,false,יין באזז ספארקלינג א,קריות זול,IL,באז משקה מבוסס יין מ,,750.00,100 גרם,false,,27.90,0.0372,true,1,113554
7290016866643,false,משחת שיניים פרודונטקס אקסטרה פרש,פרודונטקס Parodontax,SK,פרודונטקס משחת שיניי,,75.00,100 גרם,false,,29.90,0.3987,true,1,91065
7290016866650,false,"פרודונטקס - משחת שיניים אוריג'ינל 75 מ""ל",פרודונטקס Parodontax,SK,פרודונטקס משחת שיניי,,75.00,100 גרם,false,,29.90,0.3987,true,1,91066
7290016882407,false,מחית חציל קלוי על האש 560 ג',אונטד גידה,TR,ממרח חצילים קלויים 5,,550.00,100 גרם,false,,9.90,0.0180,true,1,115967
7290017023205,false,"שוויפס מוגז ענבים פחית סליק 330 מ""ל",,,שוופס מוגז ענבים 330,,330.00,100 גרם,false,,5.90,0.0179,true,1,89479
7290017023212,false,"שוויפס מוגז פירות תפוח מארז רביעייה* 330 מ""ל",יפאורה תבורי,IL,שוופס מוגז פירות רבי,,1320.00,100 גרם,false,,15.90,0.0120,true,1,89236
7290017023854,false,מי סודה בקבוקים אישיים - מארז 4 יח',יפאורה תבורי בעמ,IL,"שוופס סודה 4*250מ""ל",,1000.00,,false,,13.90,0.0139,true,1,92344
7290017023861,false,סודה בטעם לימון בקבוקים אישיים - מארז 4 יח',יפאורה תבורי בעמ,IL,שוופס סודה לימון 4*2,,1000.00,100 גרם,false,,13.90,0.0139,true,1,92342
7290017023878,false,סודה בטעם נענע ליים בקבוקים אישיים - מארז 4 יח',יפאורה תבורי בעמ,IL,שוופס סודה נענע ליים,,1000.00,,false,,13.90,0.0139,true,1,92343
7290017058139,false,"רביעיית רסק תפו""ע תות שדה",Cherry growers inc,,רסק תפוח עץ עם תות ש,יחידה,0.00,יחידה,false,,12.90,0.0000,true,1,89718
7290017065007,false,פרוסות גבינה מוצרלה חצי קשה 22% שומן 200 ג' גד,מחלבות גד בעמ,IL,מוצרלה פרוסה 150 גרם,,150.00,,false,,19.70,0.1313,true,1,84916
7290017065137,false,ריקוטה למריחה 5% טבעית 200 גרם - רובין,האי נאם סי או אל.טי.,IL,ריקוטה למריחה 5% טבע,,200.00,,false,,10.90,0.0545,true,1,87940
7290017065212,false,גבינת קרם מסקרפונה מחלבות גד 250 גר,מיוצר עי קוד יצרן ED,IL,קרם מסקרפונה 250 גרם,,250.00,,false,,21.90,0.0876,true,1,93308
7290017065526,false,קוואטרו פורמאג'י 4 גבינות מגוררות 26%,מחלבות גד בעמ,IL,קוואטרו פורמאג'י 300,,300.00,100 גרם,false,,29.90,0.0997,true,1,92579
7290017065731,false,גבינת שמנת 30% ניו יורק +כמהין 200 גרם רבנות,פ.פ.ח. שאביט,IL,גבינת שמנת ניו יורק,,200.00,,false,,14.90,0.0745,true,1,117325
7290017088815,false,BREEZE תחבושות לבריחת שתן נורמל(12 יח),בריז Breeze,,תחבושות בריז נורמל 1,יחידה,0.00,יחידה,false,,19.90,0.0000,true,1,118206
7290017088839,false,BREEZE תחבושות לבריחת שתן אקסטרה פלוס (8 יח'),בריז Breeze,,תחבושות בריז אקסטרה,יחידה,0.00,יחידה,false,,19.90,0.0000,true,1,118208
7290017094861,false,חומוס עם רוטב מסבחה אסלי שמיר 400 ג',סלטי שמיר 2006 בעמ,IL,חומוס עם רוטב מסבחה,,400.00,,false,,14.90,0.0373,true,1,91352
7290017105468,false,שלישיית אפונה קטן -,קשקמט קונסרב הונגריה,HU,אפונה גינה יכין Oz2,,600.00,100 גרם,false,,15.90,0.0265,true,1,105571
7290017105550,false,רסק עגבניות מארז 100X4גר',היינץ צפון אמריקה מק,IL,רסק עגבניות 100% מאג,,400.00,100 גרם,false,,11.90,0.0298,true,1,101112
7290017106069,false,יכין קוביות סלק 550 ג',היינץ צפון אמריקה מק,IL,קוביות סלק יכין 550ג,,550.00,100 גרם,false,,10.90,0.0198,true,1,105966
7290017121048,false,פלפל צ'ומה 250 גרם עללחם,"מדשא תעשיות מזון בע""",IL,ממרח פלפל צ'ומה 250,,250.00,,false,,14.90,0.0596,true,1,92320
7290017121093,false,אריסה חריפה 250 גרם עללחם,"מדשא תעשיות מזון בע""",IL,ממרח אריסה חריפה 250,,250.00,100 גרם,false,,14.90,0.0596,true,1,92321
7290017129778,false,"שוקולד פרימיום 70% בטעם קפה בד""ץ 100 גר'",כרמית תעשיות ממתקים,IL,אגו שוקולד פרימיום 7,,100.00,100 גרם,false,,8.90,0.0890,true,1,90134
7290017129822,false,מטבעות שוקולד מריר 36 ג' !..,כרמית,IL,מטבעות שוקולד מריר 3,,36.00,100 גרם,false,,4.90,0.1361,true,1,90636
7290017142128,false,"שמן זית כתית מעולה עץ הזית 750 מ""ל",שמן תעשיות,,שמן זית כתית מעולה ק,,750.00,100 גרם,false,,34.90,0.0465,true,1,88215
7290017142159,false,מארז נתחי טונה בהירה בשמן זית 3*80 ג' עץ הזית,הנסיך- מפעל לייצור ט,TH,נתחי טונה בהירה בשמן,,240.00,100 גרם,false,,25.90,0.1079,true,1,89418
7290017142388,false,שמן חמניות אומגה 3 פלוס 1 ליטר עץ הזית,עץ הזית,,שמן חמניות פלוס 1 לי,ליטרים,1.00,ליטר,false,,18.90,18.9000,true,1,118762
7290017142395,false,ארוחה פסטה עם טונה בשמן זית 160 גר',,,טונה עם פסטה בשמן זי,,160.00,,false,,15.90,0.0994,true,1,106401
7290017142418,false,ארוחה אורז עם עדשים טונה בשמן זית 160 גר',יוניקורד ח.צ בעמ,TH,אורז עם עדשים עם טונ,,160.00,100 גרם,false,,15.90,0.0994,true,1,106400
7290017142487,false,בורגול וגרגירי חומוס עם טונה בשמן זית,עץ הזית,,בורגול עם גרגירי חומ,,160.00,100 גרם,false,,15.90,0.0994,true,1,117822
7290017142500,false,תרסיס שמן זית כתית ב,קומטמפ קומפניה פורטו,IT,תרסיס שמן זית בטעם ש,,150.00,100 גרם,false,,19.90,0.1327,true,1,121779
7290017217727,false,"שיפודי במבוק יקיטורי 18 ס""מ 100 יחידות",פוזימון,CN,שיפודי במבוק יקיטורי,,100.00,,false,,9.90,0.0990,true,1,123088
7290017239101,false,פילה סלמון אטלנטי מע,,,פילה סלמון אטלנטי מע,,100.00,100 גרם,false,,24.90,0.2490,true,1,106492
7290017275338,false,טחינה גולמית 500 גרם-טורקיז,אחדות ביחר לטחינה חל,IL,טחינה גולמית טורקיז,,500.00,100 גרם,false,,14.90,0.0298,true,1,119295
7290017275345,false,טחינה אחווה בבקבוק לחיץ 350 גר',אחדות ביחר לטחינה חל,IL,טחינה גולמית בקבוק ל,,350.00,,false,,9.90,0.0283,true,1,122184
7290017275369,false,טחינה משומשום מלא 500 גרם-טורקיז,אחדות ביחר לטחינה חל,IL,טחינה גולמית משומשום,,500.00,100 גרם,false,,14.90,0.0298,true,1,119296
7290017275741,false,חלווה עם אגוזי לוז במגש 400 גר אחווה,,,חלבה עם אגוזי לוז אח,,400.00,100 גרם,false,,14.90,0.0373,true,1,122366
7290017297149,false,גרגירי חומוס להכנת חומוס ביתי 550 ג',פרי הגליל,,גרגירי חומוס להכנה ח,,550.00,,false,,8.90,0.0162,true,1,116259
7290017297330,false,"טל רוטב עגבניות מרוכז, 240 גרם",טל וטרי,,רוטב עגבניות מרוכז ט,,260.00,,false,,4.90,0.0188,true,1,122798
7290017339610,false,חלה בריוש 6 כדורים ה,המחמצת,IL,חלה בריוש 6 כדורים,יחידה,0.00,יחידה,false,,19.90,0.0000,true,1,118982
7290017339627,false,חלת בריוש כתר המחמצת,המחמצת,IL,חלה בריוש כתר,יחידה,0.00,יחידה,false,,19.90,0.0000,true,1,118973
7290017396033,false,בייגל רומני המחמצת 4,המחמצת,IL,בייגל רומני,יחידה,0.00,יחידה,false,,18.90,0.0000,true,1,120370
7290017396071,false,לחמניות המבורגר פרימ,המחמצת,IL,המבורגר פרימיום,יחידה,0.00,יחידה,false,,18.90,0.0000,true,1,90644
7290017396163,false,לחם שיפון 70% אובלי,המחמצת,IL,לחם שיפון,יחידה,0.00,יחידה,false,,17.90,0.0000,true,1,89946
7290017396170,false,לחם שאור איטלקי המחמ,המחמצת,IL,לחם שאור איטקי לבן,יחידה,0.00,יחידה,false,,17.90,0.0000,true,1,89947
7290017396187,false,לחם קלמטה אובלי המחמ,המחמצת,IL,לחם קלמטה,יחידה,0.00,יחידה,false,,17.90,0.0000,true,1,89948
7290017396194,false,לחם דגנים המחמצת 560,המחמצת,IL,לחם דגנים דבש,יחידה,0.00,יחידה,false,,19.90,0.0000,true,1,118977
7290017396217,false,לחם דגנים אובלי המחמ,המחמצת,IL,לחם דגנים,יחידה,0.00,יחידה,false,,17.90,0.0000,true,1,89944
7290017396224,false,לחם כוסמין אובלי המח,המחמצת,IL,לחם כוסמין,יחידה,0.00,יחידה,false,,17.90,0.0000,true,1,89949
7290017396248,false,לחמניות מיני המבורגר,המחמצת,IL,מיני המבורגר,יחידה,0.00,יחידה,false,,18.90,0.0000,true,1,118965
7290017396286,false,מיני בייגל ירושלמי 4,המחמצת,IL,בייגל ירושלמי,יחידה,0.00,יחידה,false,,18.90,0.0000,true,1,89951
7290017396415,false,ג'בטה דגנים המחמצת 6,המחמצת,IL,ג'בטה דגנים,יחידה,0.00,יחידה,false,,18.90,0.0000,true,1,118974
7290017396422,false,ג'בטינה דגנים,,,ג'בטינה דגנים,יחידה,0.00,יחידה,false,,18.90,0.0000,true,1,118975
7290017396439,false,ג'בטה לבן 600 גרם,המחמצת,IL,ג'בטה לבן,יחידה,0.00,יחידה,false,,18.90,0.0000,true,1,118976
7290017396453,false,ביס חיטה,,,ביס חיטה,יחידה,0.00,יחידה,false,,18.90,0.0000,true,1,118961
7290017396507,false,בייגל חיטה המחמצת 36,המחמצת,IL,בייגל חיטה,יחידה,0.00,יחידה,false,,18.90,0.0000,true,1,118962
7290017396606,false,לחמניית שמיניה מתוקה,,,לחמניית שמיניה מתוקה,יחידה,0.00,יחידה,false,,18.90,0.0000,true,1,118972
7290017457598,false,"סוד מרכך מרוכז סאמר בלוסום 900 מ""ל",הנקל סוד,IL,סוד מרכך מרוכז קיץ 9,,900.00,100 גרם,false,,14.90,0.0166,true,1,92637
7290017457703,false,"מרכך כביסה סוד מרוכז ארומתרפי זהב 900 מ""ל",הנקל סוד,IL,סוד מרכך מרוכז ארומת,,900.00,,false,,14.90,0.0166,true,1,92638
7290017457727,false,"סוד - מרכך כביסה מרוכז פרש סקיי 900 מ""ל",הנקל סוד,IL,סוד מרכך מרוכז כחול,,900.00,,false,,14.90,0.0166,true,1,92633
7290017470641,false,"מרקיות לבן ח""פ 10 יח' קלאסיק",,,מרקיות קלאסיק קרם/לב,יחידה,0.00,יחידה,false,,19.90,0.0000,true,1,105491
7290017477169,false,קשיו קלוי ששון הקולה,ששון,IL,קשיו קלוי ששון הקולה,,250.00,100 גרם,false,,20.00,0.0800,true,1,121055
7290017477299,false,ג'עלה 200 גרם.,דין שיווק,,ג'עלה 200 גרם.,,200.00,100 גרם,false,,10.00,0.0500,true,1,89612
7290017477305,false,זרעי ציה 250 גר שקדי,דין שיווק,IL,זרעי צ'יה 250 גרם.,,250.00,,false,,10.00,0.0400,true,1,89614
7290017513775,false,פליפז בייגלה מצופה שוקולד חלב 140 גרם,שוורצקוף& הנקל דיסלד,TR,בייגלה מצופה שוקולד,,140.00,,false,,9.90,0.0707,true,1,115583
7290017513782,false,פליפז בייגלה מצופה שוקולד מריר 140 גרם,שוורצקוף& הנקל דיסלד,TR,בייגלה מצופה שוקולד,,140.00,,false,,9.90,0.0707,true,1,115584
7290017516431,false,שוקלד + פנגיאה שוקולד קוקוס שקדים וקפה 300 גרם,ש.ר רגע בטבע,IL,פנגיאה חטיפי בריאות,,300.00,,false,,29.90,0.0997,true,1,117489
7290017516448,false,שוקלד פנגיאה שוקולד קוקוס תמריםשקדים וחרוב 300 גרם,פנגיאה,,פנגיאה חטיפי בריאות,,300.00,,false,,29.90,0.0997,true,1,117490
7290017589565,false,יין קלאסיק Classic גוורצטרמינר,יקבי ברקן שיווק והפצ,IL,יין קלאסיק ברקן גוור,,750.00,,false,,39.90,0.0532,true,1,106203
7290017599274,false,סוכרזית סטיוויה 120 שקיות,ביסקול בע''מ,IL,סוכרזית סטיוויה 120,יחידה,0.00,יחידה,false,,39.90,0.0000,true,1,122142
7290017599359,false,סוכרזית קלאסי כפית לכפית 400 ג',,,סוכרזית קלאסי כפית ל,,400.00,,false,,35.90,0.0897,true,1,122800
7290017617138,false,נתחי טונה בהירה בשמן קנולה דל נתרן - מארז 4 יח',סטארקיסט פודור,,טונה סטארקיסט בשמן ק,,640.00,,false,,26.90,0.0420,true,1,116467
7290017617428,false,"סטארקיסט נתחי סלמון עם פסטה, עגבניות וזיתים פיקנטי",סטארקיסט Starkist,PL,סטארקיסט מיקס סלמון,,160.00,100 גרם,false,,15.90,0.0994,true,1,122140
7290017617435,false,מיקס סלמון עם עדשים קינואה וירק 160 ג' סטארקיסט,סטארקיסט Starkist,PL,סטארקיסט מיקס סלמון,,160.00,,false,,15.90,0.0994,true,1,122138
7290017647425,false,יין גמלא קברנה סוביניון 2018 750 מל,יקב רמת הגולן,,יין גמלא קברנה סובינ,,750.00,,false,,79.90,0.1065,true,1,114224
7290017696409,false,פטריות פורטובלה,,,פטריות פורטובלה,יחידה,0.00,יחידה,false,,13.90,0.0000,true,1,91599
7290017812052,false,יין שיראז קברנה סוביניון אקסלנס Excellence,יקבי כרמל Carmel Winery,IL,יין אקסלנס שיראז-קבר,,750.00,100 גרם,false,,25.90,0.0345,true,1,91449
7290017812571,false,מיץ ענבים אדום 100% טבעי 1 ליטר,יקבי כרמל Carmel Winery,IL,מיץ ענבים אדום 100%,,1000.00,100 גרם,false,,19.90,0.0199,true,1,105870
7290017812588,false,מיץ ענבים לבן 100% טבעי 1 ליטר,יקבי כרמל Carmel Winery,IL,מיץ ענבים לבן 100% ט,,1000.00,,false,,19.90,0.0199,true,1,105871
7290017812878,false,"יין אקסלנס רוזה 750 מ""ל",קריות זול,IL,יין אקסלנס רוזה 750,,750.00,100 גרם,false,,25.90,0.0345,true,1,117031
7290017870724,false,צלחת 10 מרובעת מתכלה מעץ דקל 10 יח',HINDUSTAN ARECA PROD,IN,"צלחת 10"" מרובעת מתכ",יחידה,0.00,יחידה,false,,15.90,0.0000,true,1,119519
7290017870731,false,צלחת 7 מתכלה מעץ דקל 10 יח',HINDUSTAN ARECA PROD,IN,"צלחת 7"" מתכלה מעץ ד",יחידה,0.00,יחידה,false,,14.90,0.0000,true,1,119520
7290017870748,false,"צלחת 9"" מתכלה מעץ דקל 10 יח' דנטס",HINDUSTAN ARECA PROD,IN,"צלחת 9"" מתכלה מעץ ד",יחידה,0.00,יחידה,false,,14.90,0.0000,true,1,119521
7290017870755,false,צלחת 10 מתכלה מעץ דקל 10 יח',HINDUSTAN ARECA PROD,IN,"צלחת 10"" מתכלה מעץ",יחידה,0.00,יחידה,false,,15.90,0.0000,true,1,119522
7290017872056,false,"פמלי אל סבון סדרה לבנה- שלישייה 500 מ""ל",אברנסל קוסמטיקס,TR,פמלי אל סבון אפרסק 3,יחידה,0.00,יחידה,false,,15.90,0.0000,true,1,113902
7290017872063,false,"פמלי אל סבון ארומתרפי- שלישייה 500 מ""ל",אברנסל קוסמטיקס,TR,"פמלי אל סבון 500 מ""ל",ליטרים,1.50,ליטר,false,,15.90,10.6000,true,1,113903
7290017872667,false,פמלי יהלום סבון ידיי,המאפיה של הרמן,TR,פמלי יהלום סבון ידיי,,500.00,,false,,9.90,0.0198,true,1,114376
7290017888354,false,מים מינרליים בקבוק ס,"מי עדן בע""מ",,מי עדן 750מל,,750.00,,false,,3.50,0.0047,true,1,116638
7290017907208,false,תערובת קמח רב תכליתי לנמנעים מגלוטן,מנדלז סי.אר. פרודקשן,IL,קמח תמי רב תכליתי לל,,500.00,100 גרם,false,,19.90,0.0398,true,1,117447
7290017907215,false,קמח תמי למאפי שמרים ללא גלוטן 500 גרם,פוראטוס ישראל,IL,קמח תמי למאפי שמרים,,500.00,100 גרם,false,,19.90,0.0398,true,1,117448
7290017907222,false,תערובת קמח תופח לנמנעים מגלוטן,פוראטוס ישראל,IL,קמח תמי תופח ללא גלו,,500.00,,false,,19.90,0.0398,true,1,117449
7290017928463,false,סמאש- שבורים בטעם דבש חרדל ובצל 300גרם,מאיר בייגל,,סמאש- שבורים בטעם ד,,300.00,100 גרם,false,,13.90,0.0463,true,1,118472
7290017930046,false,פומלה מקולפת טרייה 2,ביכורי שדה דרום,IL,פומלה מקולפת טרייה 2,,240.00,100 גרם,false,,16.90,0.0704,true,1,91533
7290017973098,false,ריבת שזיף מעובד 900,,,ריבת שזיף מעובד 900,,900.00,100 גרם,false,,24.90,0.0277,true,1,92385
7290018043639,false,פראוד חטיף חלבון שוק,,,פראוד חטיף חלבון שוק,,29.00,100 גרם,false,,10.90,0.3759,true,1,122179
7290018043844,false,חטיף חלבון בוטנים קרמל קראנץ 60 ג' פראוד,פראוד PROUD,NL,חטיף חלבון בוטנים קר,,60.00,100 גרם,false,,13.90,0.2317,true,1,121532
7290018045084,false,דגנים במילוי קרם בטעם בראוניז 480 ג' BON & BON,,DE,דגני בוקר בון בון במ,,480.00,,false,,23.90,0.0498,true,1,120267
7290018045695,false,דגנים במילוי קרם קרמל מלוח 480 ג' BON & BON,,DE,דגני בוקר בון בון במ,,480.00,100 גרם,false,,23.90,0.0498,true,1,120268
7290018045893,false,דגנים במילוי קרם נוגט 480ג' BON & BON,,DE,דגני בוקר בון בון במ,,480.00,,false,,23.90,0.0498,true,1,120265
7290018050408,false,אגוזי פיסטוק קלויים ומומלחים 160 גרם,,,אגוזי פיסטוק קלויים,,160.00,100 גרם,false,,15.00,0.0938,true,1,115520
7290018050453,false,קשיו טבעי קופסא 220,שקרצי,IL,קשיו טבעי קופסא 220,,220.00,100 גרם,false,,15.00,0.0682,true,1,115525
7290018050460,false,קשיו קלוי קופסא 200,,,קשיו קלוי קופסא 200,,200.00,100 גרם,false,,15.00,0.0750,true,1,115526
7290018050484,false,אגוזי מלך קלופים טבעיים 150 גרם,,,אגוז מלך קלופים טבעי,,150.00,100 גרם,false,,10.00,0.0667,true,1,115527
7290018050491,false,אלמונדוס קופסא 220 ג,,,אלמונדוס קופסא 220 ג,,220.00,100 גרם,false,,10.00,0.0455,true,1,115528
7290018050514,false,בוטן מטוגן קופסא 240,,,בוטן מטוגן קופסא 240,,240.00,,false,,10.00,0.0417,true,1,115529
7290018050545,false,גרעיני אבטיח קלויים ומומלחים 140 גרם,,,גרעיני אבטיח קלויים,,140.00,100 גרם,false,,10.00,0.0714,true,1,115506
7290018050552,false,גרעיני דלעת קלופים טבעיים 240 גרם,,,גרעיני דלעת קלופים ט,,240.00,100 גרם,false,,10.00,0.0417,true,1,115531
7290018050583,false,חמוציות ברכז פרי 180 גר',,,חמוציות ברכז פרי קופ,,180.00,,false,,10.00,0.0556,true,1,115507
7290018050637,false,בוטנים אמריקאים - בוטנים מצופים 300 גרם,,,בוטנים אמריקאים מצופ,,300.00,100 גרם,false,,10.00,0.0333,true,1,115536
7290018050675,false,שקד קלוי קופסא 210 ג,,,שקד קלוי קופסא 210 ג,,210.00,100 גרם,false,,15.00,0.0714,true,1,115538
7290018050699,false,שקדים טבעיים קלופים 230 גרם,,,שקדים טבעיים קלופים,,230.00,100 גרם,false,,15.00,0.0652,true,1,115540
7290018071533,false,נר נשמה 48 שעות בכוס זכוכית - נרות חסידים,,,נר נשמה 48 שעות -נרו,יחידה,0.00,יחידה,false,,5.90,0.0000,true,1,123081
7290018091616,false,מקלות פילו גבינה מעדנות 450 ג',מיוצר עי קונדיטוריית,IL,מקלות פילו גבינה 450,,450.00,100 גרם,false,,17.90,0.0398,true,1,114401
7290018091661,false,פיצה ירקות שוק 380 ג' מעדנות,"מעדנות בע""מ",IL,פיצה שוק משפחתי מעדנ,,380.00,,false,,19.90,0.0524,true,1,119991
7290018091876,false,"מאפה פילו גבינה, 320 גרם מעדנות","מעדנות בע""מ",IL,מאפה פילו גבינה מעדנ,,320.00,100 גרם,false,,19.90,0.0622,true,1,121125
7290018131558,false,מאגדת מיני בייטס אור,שוורצקוף& הנקל דיסלד,PL,מאגדת מיני בייטס אור,,240.00,100 גרם,false,,19.90,0.0829,true,1,118116
7290018131756,false,מאגדת וניל מצופה תות נסטלה 8*55 ג',גלידות נסטלה,IL,מאגדת שלגון וניל מצו,,440.00,100 גרם,false,,29.90,0.0680,true,1,118128
7290018131831,false,שלגוני מילקה בטעם וניל - מארז 4 יח',שוורצקוף& הנקל דיסלד,PL,מאגדת מילקה וניל שלג,,284.00,,false,,35.90,0.1264,true,1,118119
7290018131855,false,אקסטרים טילון בראוניז בדצ 6*72ג,גלידות נסטלה (נגה גל,IL,מאגדת אקסטרים בראוני,,432.00,100 גרם,false,,35.90,0.0831,true,1,118110
7290018165027,false,"יין ברקן רזרב גולד רוזה 750 מ""ל",יקבי ברקן שיווק והפצ,IL,יין רזרב ברקן גולד ר,,750.00,,false,,49.90,0.0665,true,1,106205
7290018192658,false,מארז זוג פטריות פורטובלה ושמפיניון מרינה,"מרינה פטריות הגליל בע""מ",IL,פטריות צמד חמד איטלק,יחידה,0.00,יחידה,false,,16.90,0.0000,true,1,115971
7290018198056,false,"קוביות תפוחי אדמה תפוגן 1.5 ק""ג",עיצובים 2020 (4.5),,תפוגן קוביות תפוחי א,,1500.00,100 גרם,false,,27.90,0.0186,true,1,113606
7290018198148,false,"תפוגן קריספי צ'יפס קלאסי 1.25 ק""ג",עיצובים 2020 (4.5),,תפוגן קריספי צ'יפס ק,,1250.00,100 גרם,false,,27.90,0.0223,true,1,117542
7290018198254,false,"תפוגן קריספי צ'יפס פוטטוס 1.25 ק""ג",עיצובים 2020 (4.5),,תפוגן קריספי צ'יפס פ,,1250.00,100 גרם,false,,27.90,0.0223,true,1,117543
7290018213261,false,מטליות מיקרופייבר אנטיבקטריאליות למשטחים שלישייה shiny,,,מטליות מיקרופייבר אי,יחידה,0.00,יחידה,false,,10.90,0.0000,true,1,121001
7290018213995,false,3 מטליות מיקרופייבר,,,3 מטליות מיקרופייבר,יחידה,0.00,יחידה,false,,13.90,0.0000,true,1,121685
7290018237373,false,עוף טוב פסטרמה צרובה על הגריל נתח שלם 300 גר',עיצובים 2020 (4.9),IL,פסטרמה צרובה על הגרי,,300.00,,false,,28.90,0.0963,true,1,120854
7290018237397,false,עוף טוב פסטרמה מקורמלת נתח שלם 300 גר',מולינו ניקולי s.p.a,IL,פסטרמה מקורמלת מנתח,,300.00,100 גרם,false,,28.90,0.0963,true,1,120853
7290018237410,false,פסטרמה במעשנה נתח שלם עוף טוב 300 ג',מולינו ניקולי s.p.a,IL,פסטרמה במעשנה מנתח ש,,300.00,100 גרם,false,,28.90,0.0963,true,1,120852
7290018237489,false,פסטרמה ברביקיו דק-דק,עיצובים 2020 (4.9),IL,פסטרמה ברביקיו דק-דק,,220.00,100 גרם,false,,21.90,0.0995,true,1,120858
7290018237502,false,עוף טוב דק דק כתף בק,עיצובים 2020 (4.9),IL,כתף בקר דק-דק 200 גר,,200.00,100 גרם,false,,21.90,0.1095,true,1,120859
7290018237922,false,שניצלונים ציפוי ציפס עוף טוב 700 גר',עיצובים 2020 (4.9),IL,שניצלונים בציפוי ציפ,,700.00,100 גרם,false,,19.90,0.0284,true,1,120951
7290018237939,false,שניצלונים ציפוי שומשום עוף טוב 700 גר',עיצובים 2020 (4.9),IL,שניצלונים בציפוי שומ,,700.00,,false,,19.90,0.0284,true,1,120952
7290018307212,false,תבנית רוסטר גדול 2 י,,,תבנית רוסטר גדול 2 י,יחידה,0.00,יחידה,false,,10.90,0.0000,true,1,120209
7290018307243,false,תבנית רוסטר קטן 3 יח,,,תבנית רוסטר קטן 3 יח,יחידה,0.00,יחידה,false,,10.90,0.0000,true,1,116622
7290018307250,false,תבנית רוסטר אובלית 5,,,תבנית רוסטר אובלית 5,יחידה,0.00,יחידה,false,,10.90,0.0000,true,1,116623
7290018307700,false,תבנית רוסטר בנוני 3,,,תבנית רוסטר בנוני 3,יחידה,0.00,יחידה,false,,10.90,0.0000,true,1,120211
7290018359495,false,תירס מהשדה בלי תוספת סוכר יכין 550 גר',היינץ צפון אמריקה מק,IL,תירס מהשדה בלי תוספת,,550.00,,false,,10.90,0.0198,true,1,116365
7290018359518,false,תירס מהשדה בלי תוספת סוכר יכין מארז 200X3 גר',,,תירס מהשדה בלי תוספת,,600.00,,false,,15.90,0.0265,true,1,116366
7290018359938,false,"רוטב עגבניות לשקשוקה יכין, 400 גרם",יכין,IL,רוטב עגבניות לשקשוקה,,400.00,,false,,12.90,0.0323,true,1,122609
7290018359945,false,חאריפה רוטב פיקנטי מפלפלים וירקות 400גר,יכין,IL,חאריפה רוטב פיקנטי מ,,400.00,100 גרם,false,,12.90,0.0323,true,1,122613
7290018359952,false,רוטב עגבניות לפסטה יכין 400 גרם,יכין,IL,רוטב עגבניות לפסטה י,,400.00,100 גרם,false,,12.90,0.0323,true,1,122610
7290018400609,false,פיאסטה מקסיקנית 800 ג' סנפרוסט,סנפרוסט,,פיאסטה מקסיקנית סנפ,,800.00,,false,,23.90,0.0299,true,1,116267
7290018400807,false,טברנה יוונית סנפרוסט,סנפרוסט,,טברנה יוונית סנפרוסט,,800.00,,false,,23.90,0.0299,true,1,116268
7290018440209,false,בייגלה בציפוי פאדג' לבן פליפז 140 גר',שוורצקוף& הנקל דיסלד,TR,בייגלה בציפוי פאד'ג,,140.00,100 גרם,false,,9.90,0.0707,true,1,116657
7290018440223,false,חווית הצ'אי- מסאלה עוצמתי,קריות זול,IL,תה חווית צאי מסאלה 2,יחידה,0.00,יחידה,false,,22.90,0.0000,true,1,120216
7290018440247,false,צ'אי שקדים 25 שק' ויסוצקי,קריות זול,IL,תה צאי שקדים 25שק,יחידה,0.00,יחידה,false,,22.90,0.0000,true,1,120218
7290018440254,false,צ'אי קרמל מלוח 25 שק' ויסוצקי,קריות זול,IL,תה צאי קרמל מלוח 25ש,יחידה,0.00,יחידה,false,,22.90,0.0000,true,1,120219
7290018441916,false,תות שדה קפוא ברכת הא,מוצרי איכות אמריקאיי,GE,תות שדה קפוא 300ג מה,,300.00,100 גרם,false,,11.90,0.0397,true,1,120845
7290018468326,false,נקניקיה צמחית בסגנון אמריקאי 400 ג' טירת צבי,טירת צבי,IL,נקניקיה צמחונית בסגנ,,400.00,,false,,39.90,0.0997,true,1,122349
7290018468401,false,"פסטרמה צמחונית בטעם גריל, 120 גרם",טיב טירת צבי 2000,IL,פסטרמה צמחונית בטעם,,120.00,100 גרם,false,,19.90,0.1658,true,1,123225
7290018468418,false,"פסטרמה צמחונית בטעם מפולפל, 120 גרם",טיב טירת צבי 2000,IL,פסטרמה צמחונית בטעם,,120.00,,false,,19.90,0.1658,true,1,123226
7290018471302,false,"מארז רביעייה שוויפס טוניק 250מ""ל",יפאורה תבורי בעמ,IL,"שוופס טוניק 4*250מ""ל",,1000.00,100 גרם,false,,22.90,0.0229,true,1,116879
7290018471449,false,ספרינג שייק בננה תמר תפוז קרטונית 1 ליטר,"יפאורה תבורי בע""מ",IL,ספרינג שייק בננה תמר,,1000.00,100 גרם,false,,13.60,0.0136,true,1,118515
7290018471456,false,ספרינג שייק אננס מנגו פסיפלורה 1 ליטר,"יפאורה תבורי בע""מ",IL,ספרינג שייק אננס מנג,,1000.00,100 גרם,false,,13.60,0.0136,true,1,118517
7290018471906,false,שוופס מוגז פירות לימונדה ורודה 1.5 ליטר פיקדון,"יפאורה תבורי בע""מ",IL,שוופס מוגז לימונדה ו,,1500.00,,false,,10.90,0.0073,true,1,119771
7290018471944,false,שוופס מוגז פירות לימונייד 1.5 ליטר פיקדון,"יפאורה תבורי בע""מ",IL,שוופס מוגז למונייד 1,,1500.00,100 גרם,false,,10.90,0.0073,true,1,119773
7290018471951,false,שוופס מוגז פירות אשכולית אדומה 1.5 ליטר פיקדון,"יפאורה תבורי בע""מ",IL,שוופס מוגז אשכולית א,,1500.00,100 גרם,false,,10.90,0.0073,true,1,119774
7290018493144,false,"ד""ר פישר אל סבון נוזלי לידיים קמיל ש ארגן 1 ל'",,,קמיל אל סבון לניקוי,,1000.00,,false,,16.90,0.0169,true,1,116598
7290018516447,false,מקרוני 206 גרם,,,מקרוני 206 גרם,,206.00,,false,,11.90,0.0578,true,1,122940
7290018542958,false,"צלחת מתכלה 7.5"" סדרת שמש אר 20 יח' דנטס",,,"צלחת מתכלה 7.5"" סדרת",יחידה,0.00,יחידה,false,,11.90,0.0000,true,1,122840
7290018542965,false,"צלחת מתכלה 9"" סדרת שמש אר 20 יח' דנטס",,,"צלחת מתכלה 9"" סדרת ש",יחידה,0.00,יחידה,false,,17.90,0.0000,true,1,122841
7290018542972,false,"צלחת מתכלה 10"" סדרת שמש אר 20 יח' דנטס",,,צלחת מתכלה 10' סדרת,יחידה,0.00,יחידה,false,,19.90,0.0000,true,1,122842
7290018564684,false,ממרח פסטו בזיליקום ו,,,ממרח פסטו בזיליקום ו,,200.00,100 גרם,false,,14.90,0.0745,true,1,120225
7290018564721,false,ממרח אריסה שף הטבע 2,,,ממרח אריסה שף הטבע 2,,200.00,,false,,14.90,0.0745,true,1,120226
7290018652039,false,לה קרמריה קרמל מלוח ונוגט בדצ 1.4 ליטר,גלידות נסטלה,IL,לה קרמריה קרמל מלוח,,1400.00,100 גרם,false,,23.90,0.0171,true,1,118130
7290018652213,false,מאגדת קפה שוקולד ופא,נסטלה,IL,מאגדת קראנץ בר וניל,,246.00,100 גרם,false,,26.90,0.1093,true,1,120477
7290018652671,false,גלידה קרמריה שוקולד ווניל 1.4 ליטר,נסטלה,IL,לה קרמריה שוקו וניל,,1.40,100 גרם,false,,23.90,17.0714,true,1,120475
7290018652886,false,מאגדת מצופים שוקו בננה 8 יח-476 ג',גלידות נסטלה,IL,מאגדת מצופים בננה 8,,440.00,100 גרם,false,,29.90,0.0680,true,1,121179
7290018652909,false,מאגדת מאגנום קפה שוקולד ופקאן 5 *43 ג' נסטלה,גלידות נסטלה,IL,מאגדת גלידה קפה שוקו,,215.00,,false,,29.90,0.1391,true,1,120478
7290018703182,false,פראוד חטיף חלבון שוק,,,פראוד חטיף חלבון שוק,,29.00,100 גרם,false,,10.90,0.3759,true,1,122178
7290018703311,false,חטיף חלבון קרם עוגיות קראנץ 60 ג' פראוד,v.s.i,NL,חטיף חלבון קרם עוגיו,,60.00,100 גרם,false,,13.90,0.2317,true,1,121534
7290018703496,false,פראוד - חטיף חלבון בטעם בננה טופי 60 גרם,פראוד PROUD,,חטיף חלבון בננה טופי,,60.00,,false,,13.90,0.2317,true,1,121535
7290018724514,false,מחית תפוע נטורלה 90,,,מחית תפוח עץ 100% פר,,90.00,,false,,6.90,0.0767,true,1,122921
7290018724552,false,קמח שקדים ללא גלוטן 250 גר',השקד אומנות ומסחר,IL,קמח שקדים ללא גלוטן,,250.00,100 גרם,false,,23.90,0.0956,true,1,122920
7290018724897,false,"פירורי לחם ""נטורלה"" ללא גלוטן 300 גרם",,,פירורי לחם נטורלה לל,,300.00,,false,,12.90,0.0430,true,1,117506
7290018770245,false,זית ירוק מגולען בטעם,,,זית ירוק מגולען בטעם,,190.00,,false,,14.90,0.0784,true,1,121818
7290018879979,false,מרשמלו רגיל לבן בטעם וניל 150 גרם ויסטהיים,Carmit,,מרשמלו לבן בטעם וניל,,150.00,,false,,6.90,0.0460,true,1,120968
7290018893005,false,"חטיפי בייגלה אפוי בטעם חרדל ודבש, 160 גרם",צ'וקטה Chocketa,RO,בייגלה שטוח חרדל ודב,,160.00,100 גרם,false,,8.90,0.0556,true,1,120056
7290018893098,false,צ'וקטה ביסקוויט מצופה שוקולד חלב 100 גרם משולש K,צ'וקטה Chocketa,,ביסקוויט מצופה שוקול,,100.00,100 גרם,false,,7.90,0.0790,true,1,120069
7290018893135,false,מקלות אפויים בתוספת מלח Salty,צ'וקטה Chocketa,,צ'וקטה גריסיני מלח 1,,120.00,,false,,7.90,0.0658,true,1,122266
7290018893401,false,שוקולד מריר פרימיום 70% 100 גרם צ'וקטה איגוד רבנים,צ'וקטה Chocketa,ES,צ'וקטה שוקולד מריר 7,,100.00,100 גרם,false,,9.90,0.0990,true,1,120420
7290018893456,false,צ'וקטה מארז עוגות אישיות במילוי קרם ובציפוי שוקולד 10*30ג,פרדי קונדטוריה אס.פי,IT,עוגות אישיות חלב צוק,,300.00,,false,,14.90,0.0497,true,1,120065
7290018893616,false,שוקולד מריר 48% 6 יח' *100 ג' צ'וקטה,צוקטה,ES,שוקולד מריר 48% צ'וק,,600.00,100 גרם,false,,21.90,0.0365,true,1,122910
7290018893654,false,חטיפי בייגלה דקיקים ופריכים מלח צ'וקטה 200 ג',צ'וקטה Chocketa,RO,בייגלה בתוספת מלח צו,,200.00,100 גרם,false,,8.90,0.0445,true,1,120054
7290018893746,false,בייגלה עגבניות ועשבי תיבול 180 גר,SC ALKA TRADING CO S,RO,בייגלה שטוח עגבניות,,180.00,,false,,8.90,0.0494,true,1,122250
7290018893753,false,צ'וקטה וופל חמאה בטעם לימון 100 ג,,,צ'וקטה וופל בלגי ט.ל,,100.00,,false,,10.90,0.1090,true,1,122265
7290018893807,false,צ'וקטה - שוקולד מריר שלישייה 3 * 100 גרם,צ'וקטה Chocketa,,שוקולד מריר 60% צוקט,,300.00,100 גרם,false,,12.90,0.0430,true,1,120067
7290018893814,false,צ'וקטה שוקולד מריר 48% 5 יח' *100 ג',הדקלאים אגודת שיתופי,ES,שוקולד מריר 48% צוקט,,500.00,,false,,19.90,0.0398,true,1,120068
7290018893852,false,חטיפי בייגלה דקיקים ופריכים שומשום צ'וקטה 200 ג',צ'וקטה Chocketa,RO,בייגלה בתוספת שומשום,,200.00,100 גרם,false,,8.90,0.0445,true,1,120055
7290018893920,false,לוקיטוס סוכריות ג'לי בטעמי פירות 700 גרם,צ'וקטה Chocketa,,לוקיטוס סוכריות ג'לי,,700.00,100 גרם,false,,19.90,0.0284,true,1,122929
7290018925065,false,פרימור מיץ תפוזים סחוט 2 ליטר,פרימור,IL,פרימור מיץ תפוזים סח,,2000.00,100 גרם,false,,29.90,0.0150,true,1,119901
7290018929001,false,5 מטליות מיקרופייבר,,,5 מטליות מיקרופייבר,יחידה,0.00,יחידה,false,,9.90,0.0000,true,1,121686
7290018989005,false,יכין פולפה טבעית 400*3 גר,זנלכל,IL,פולפה טבעית יכין 400,,1200.00,,false,,15.90,0.0133,true,1,121440
7290019056058,false,שוופס מוגז עדין תפוח ליים 1.5 ליטר פיקדון,"יפאורה תבורי בע""מ",IL,שוופס מוגז עדין תפוח,,1500.00,,false,,9.90,0.0066,true,1,119766
7290019056065,false,שוופס מוגז עדין פירות יער 1.5 ליטר פיקדון,"יפאורה תבורי בע""מ",IL,שוופס מוגז עדין פירו,,1500.00,,false,,9.90,0.0066,true,1,119767
7290019056096,false,שוופס מוגז עדין אפרסק 1.5 ליטר פיקדון,"יפאורה תבורי בע""מ",IL,שוופס מוגז עדין אפרס,,1500.00,,false,,9.90,0.0066,true,1,119768
7290019056119,false,שוופס סודה 1.5 ליטר פיקדון,"יפאורה תבורי בע""מ",IL,שוופס סודה 1.5ליטר,,1500.00,,false,,4.20,0.0028,true,1,119755
7290019056126,false,שוופס סודה לימון 1.5 ליטר בק' בודד פיקדון,"יפאורה תבורי בע""מ",IL,שוופס סודה לימון 1.5,,1500.00,100 גרם,false,,4.20,0.0028,true,1,119842
7290019056164,false,שוופס סודה 1.5 ליטר רביעייה פיקדון,"יפאורה תבורי בע""מ",IL,שוופס סודה מארז 4*1.,,6000.00,,false,,12.90,0.0021,true,1,119815
7290019056171,false,שוופס סודה לימון 1.5 ליטר רביעייה פיקדון,"יפאורה תבורי בע""מ",IL,שוופס סודה לימון מאר,,6000.00,,false,,12.90,0.0021,true,1,119816
7290019056294,false,שוופס ג'ינג'ר אייל 1.5 ליטר פיקדון,"יפאורה תבורי בע""מ",IL,שוופס ג'ינג'ר אייל 1,,1500.00,100 גרם,false,,13.90,0.0093,true,1,119811
7290019056300,false,משקה בטעם ביטר לימון 1.5 ל' שוויפס,"יפאורה תבורי בע""מ",IL,שוופס ביטר לימון 1.5,,1500.00,100 גרם,false,,13.90,0.0093,true,1,119812
7290019056317,false,שוופס ראשן 1.5 ליטר פיקדון,"יפאורה תבורי בע""מ",IL,שוופס רסצ'יין 1.5ליט,,1500.00,,false,,13.90,0.0093,true,1,119813
7290019056324,false,שוופס טוניק 1.5 ליטר פיקדון,"יפאורה תבורי בע""מ",IL,שוופס מי טוניק 1.5לי,,1500.00,,false,,13.90,0.0093,true,1,119810
7290019056331,false,שוופס טוניק ללא סוכר 1.5 ליטר פיקדון,"יפאורה תבורי בע""מ",IL,שוופס מי טוניק ללא ס,,1500.00,,false,,13.90,0.0093,true,1,119814
7290019056355,false,משקה בטעם לימונענע עם חתיכות פרי,"יפאורה תבורי בע""מ",IL,תפוזינה לימונענע 1.5,,1500.00,,false,,9.90,0.0066,true,1,119765
7290019056362,false,תפוזינה ענבים 1.5 ליטר פיקדון,"יפאורה תבורי בע""מ",IL,תפוזינה ענבים 1.5ליט,,1500.00,,false,,9.90,0.0066,true,1,119756
7290019056379,false,תפוזינה תפוזים 1.5 ליטר פיקדון,"יפאורה תבורי בע""מ",IL,תפוזינה תפוזים 1.5לי,,1500.00,100 גרם,false,,9.90,0.0066,true,1,119757
7290019056393,false,תפוזינה תות בננה 1.5 ליטר פיקדון,"יפאורה תבורי בע""מ",IL,תפוזינה תות בננה 1.5,,1500.00,,false,,9.90,0.0066,true,1,119759
7290019056409,false,תפוזינה מנגו 1.5 ליטר פיקדון,"יפאורה תבורי בע""מ",IL,תפוזינה מנגו עסיסי 1,,1500.00,,false,,9.90,0.0066,true,1,119760
7290019056430,false,תפוזינה תפוזים לייט 1.5 ליטר פיקדון,"יפאורה תבורי בע""מ",IL,תפוזינה דיאט תפוזים,,1500.00,100 גרם,false,,9.90,0.0066,true,1,119763
7290019056447,false,תפוזינה אשכוליות לייט 1.5 ליטר פיקדון,"יפאורה תבורי בע""מ",IL,תפוזינה דיאט אשכוליו,,1500.00,100 גרם,false,,9.90,0.0066,true,1,119764
7290019056508,false,פרוט ווטר ענבים 1.5 ליטר פיקדון,"יפאורה תבורי בע""מ",IL,משקה וואטר פרוט ענבי,,1500.00,100 גרם,false,,9.90,0.0066,true,1,119783
7290019056539,false,פרוט ווטר אפרסק 1.5 ליטר פיקדון,"יפאורה תבורי בע""מ",IL,משקה וואטר פרוט אפרס,,1500.00,100 גרם,false,,9.90,0.0066,true,1,119786
7290019056553,false,עין גדי מים מינרלים 2 ליטר*6 יח',עין גדי מים מינרליים,IL,עין גדי מים מינרלים,,12000.00,100 גרם,false,,13.80,0.0012,true,1,119742
7290019056560,false,עין גדי 2 ליטר בק' בודד פיקדון,יפאורה תבורי,IL,עין גדי 2ליטר,,2000.00,,false,,3.30,0.0016,true,1,119743
7290019056584,false,ספרינג תפוזים 1.5 ליטר פיקדון,"יפאורה תבורי בע""מ",IL,ספרינג תפוזים 1.5ליט,,1500.00,,false,,9.90,0.0066,true,1,119745
7290019056591,false,ספרינג ענבים 1.5 ליטר פיקדון,"יפאורה תבורי בע""מ",IL,ספרינג ענבים 1.5ליטר,,1500.00,100 גרם,false,,9.90,0.0066,true,1,119750
7290019056607,false,ספרינג תפוחים 1.5 ליטר פיקדון,"יפאורה תבורי בע""מ",IL,ספרינג תפוחים 1.5ליט,,1500.00,,false,,9.90,0.0066,true,1,119746
7290019056621,false,ספרינג פירות טרופיים 1.5 ליטר פיקדון,"יפאורה תבורי בע""מ",IL,ספרינג פירות טרופיים,,1500.00,,false,,9.90,0.0066,true,1,119751
7290019056638,false,ספרינג תות בננה 1.5 ליטר פיקדון,"יפאורה תבורי בע""מ",IL,ספרינג תות בננה 1.5ל,,1500.00,100 גרם,false,,9.90,0.0066,true,1,119752
7290019056645,false,ספרחנג אגס תפוח סברס 1.5 ליטר פיקדון,"יפאורה תבורי בע""מ",IL,ספרינג אגס סברס תפוח,,1500.00,100 גרם,false,,9.90,0.0066,true,1,119753
7290019056676,false,מיץ דיאט בטעם אשכוליות ואננס 1.5ל' ספרינג,"יפאורה תבורי בע""מ",IL,ספרינג דיאט אשכוליות,,1500.00,100 גרם,false,,9.90,0.0066,true,1,119749
7290019056898,false,שוופס סודה לימון 1.5,"כד בני דרום בע""מ",IL,שוופס סודה לימון 1.5,,1500.00,100 גרם,false,,4.20,0.0028,true,1,120117
7290019056966,false,מי עדן בקבוק פיקדון 1.5 ליטר,"מי עדן בע""מ",IL,מי עדן 1.5ליטר,,1500.00,,false,,3.30,0.0022,true,1,119908
7290019056973,false,מי עדן 1.5 ליטר שישייה פיקדון,מופק ממקור בזלתי עדן,IL,מי עדן שישייה 6*1.5,,9000.00,,false,,14.70,0.0016,true,1,119741
7290019153078,false,"שוופס ביטר למון לייט, 1.5 ליטר פקדון","יפאורה תבורי בע""מ",IL,שוופס ביטר לימון לי,,1500.00,100 גרם,false,,13.90,0.0093,true,1,120342
7290019153085,false,"שוופס ללא סוכר מוחיטו, 1.5 ליטר פקדון","יפאורה תבורי בע""מ",IL,שוופס מוחיטו ללא סוכ,,1500.00,100 גרם,false,,9.90,0.0066,true,1,120296
7290019168201,false,מזלגות מעוצבים זהב/כ,,,מזלגות מעוצבים זהב/כ,יחידה,0.00,יחידה,false,,10.90,0.0000,true,1,122850
7290019168218,false,כפות מעוצבות זהב/כסף,,,כפות מעוצבות זהב/כסף,יחידה,0.00,יחידה,false,,10.90,0.0000,true,1,122851
7290019204206,false,עוף טוב פסטרמה בסגנון רומני 320 גר',עיצובים 2020 (4.9),,עוף טוב פסטרמה בסגנו,,320.00,100 גרם,false,,25.90,0.0809,true,1,122034
7290019232162,false,"חליטת ""לילה טוב"" קמומיל מליסה 25 שקיקים ויסוצקי",ויסוצקי,IL,תה ירוק קמומיל מליסה,,25.00,,false,,27.90,1.1160,true,1,122624
7290019232186,false,תה ירוק לימונית לואיזהSTAY WELL 25 שקיקים ויסוצקי,ויסוצקי,IL,תה ירוק לימונית לואי,,25.00,,false,,27.90,1.1160,true,1,122626
7290019232827,false,הולגריין ביסקוויט במילוי אגוזי לוז 300 גרם רבנות,פלאדיס,TR,הולגריין ביסקוויט במ,,300.00,100 גרם,false,,11.90,0.0397,true,1,122554
7290019233008,false,רוטב עגבניות עם קוביות ארטישוק ושמן זית 420ג ויסוצקי,זיתא,IT,זיתא רוטב לשקשוקה א,,420.00,,false,,14.90,0.0355,true,1,122560
7290019233015,false,רוטב שקשוקה תבשיל ירקות עם שמן זית כתית מעולה 420ג זיתא,זיתא,IT,זיתא רוטב לשקשוקה יר,,420.00,100 גרם,false,,14.90,0.0355,true,1,122558
7290019233039,false,שקשוקה קלאסית- רוטב עגבניות עם קוביות פלפלים צלויים,זיתא,IT,זיתא רוטב לשקשוקה ק,,420.00,,false,,14.90,0.0355,true,1,122559
7290019297161,false,טורטיות ראפ מקמח תירס 540 ג' 12 יח',,TR,טורטיות ראפ מקמח תיר,,450.00,100 גרם,false,,10.00,0.0222,true,1,92874
7290019297239,false,צימוק חום 250 גרם בק,"דין שיווק וקליה בע""מ",,צימוק חום 250 גר קופ,,250.00,100 גרם,false,,18.90,0.0756,true,1,53573
7290019297246,false,שזיף מיובש עם גרעין,"דין שיווק וקליה בע""מ",,שזיפים בקופסא 330גר,,330.00,,false,,23.90,0.0724,true,1,53574
7290019297383,false,מעדן משמש ללא סוכר שקדיה 284 ג',,CN,מעדן משמש שקדיה 100%,,284.00,,false,,12.90,0.0454,true,1,55859
7290019297406,false,מעדן דובדבן 100% רכיבי פרי 284 גר' ללא תוספת סוכר,,,מעדן דובדבן שקדיה 10,,284.00,100 גרם,false,,12.90,0.0454,true,1,55861
7290019297420,false,מעדן תות שדה 100% רכיבי פרי 284 גר' ללא תוספת סוכר,,CN,מעדן תות שדה שקדיה 1,,284.00,,false,,12.90,0.0454,true,1,55863
7290019297437,false,מעדן אוכמניות ללא סוכר שקדיה 284 ג',,CN,מעדן אוכמניות שקדיה,,284.00,,false,,12.90,0.0454,true,1,55864
7290019297543,false,חמאת בוטנים שקדיה 51,דין שיווק,,חמאת בוטנים 510גרם,,510.00,,false,,11.90,0.0233,true,1,83935
7290100240137,false,"תרסיס למייבש כביסה כחול 500 מ""ל בדין","זוהר דליה, קיבוץ דלי",IL,בדין תרסיס כחול למיי,,500.00,100 גרם,false,,19.90,0.0398,true,1,24660
7290100249659,false,רוטב לעוף צ'ילי ושום 320 ג' קנור,יוניליוור ישראל מזון,IL,רוטב לעוף צילי שום ק,,320.00,,false,,15.90,0.0497,true,1,24806
7290100411254,false,בי-לאב מחית תפוח ובננה ללא סוכר 190ג,בילובד Beloved,,בלאבד מחית תפוח ובננ,,190.00,,false,,5.90,0.0311,true,1,57183
7290100412343,false,קוויק מגבונים לניקוי כללי בניחוח לימון 50 יח',,,קוויק מגבונים לניקוי,יחידה,0.00,יחידה,false,,8.90,0.0000,true,1,59804
7290100412466,false,מגבונים קוויק לניקוי וחיטוי רצפות בניחוח לימון 10 יח',,,קוויק מגבונים לניקוי,יחידה,0.00,יחידה,false,,10.90,0.0000,true,1,105868
7290100659090,false,פרי חטיפים ללא סוכר מארז 5 תמרים וקינמו,טבעית מוצרים מן הטבע,IL,פרי חטיף דגנים תמרים,,110.00,,false,,18.90,0.1718,true,1,25645
7290100680667,false,מנה חמה נודלס-אטריות+ירקות טעם סצ'ואן,THAI PRESIDENT FOODS,TH,מנה חמה נודלס בסגנון,,76.00,,false,,7.50,0.0987,true,1,23151
7290100680711,false,פירורית זהב אסם זהב 350ג',עינת תעשיות מזון,IL,פירורית זהב שקית אסם,,350.00,100 גרם,false,,9.90,0.0283,true,1,23153
7290100680728,false,פירורית רגילה שקית 350 גרם,מיוצר עי קונדיטוריית,IL,פירורית אסם שקית 350,,350.00,100 גרם,false,,7.90,0.0226,true,1,23154
7290100681138,false,מארז אפרופו חטיף תירס 3 יחידות,"אסם השקעות בע""מ",IL,אפרופו מארז אסם 3*50,,150.00,,false,,13.90,0.0927,true,1,21804
7290100683880,false,אבקה להכנת פירה 260 ג' אסם,"אסם השקעות בע""מ",IL,תערובת להכנת פירה אס,,260.00,100 גרם,false,,16.50,0.0635,true,1,23177
7290100685068,false,פודינג וניל עם פצפוצי שוקולד 110 ג' אסם,אסם תעשיות,IL,פודינג וניל עם פצפוצ,,110.00,100 גרם,false,,7.90,0.0718,true,1,23186
7290100685136,false,"מרק בטעם עוף 1 ק""ג אסם","אסם השקעות בע""מ",IL,*מבצע* אבקת מרק בטעם,,1000.00,100 גרם,false,,13.90,0.0139,true,1,21805
7290100685334,false,אבקת מרק עוף אמיתי ר.טבעיים 400ג' אסם,"אסם השקעות בע""מ",IL,מרק עוף רכיבים טבעיי,,400.00,100 גרם,false,,27.90,0.0697,true,1,23188
7290100685341,false,מרק בטעם עוף זך רכיבים טבעיים 400 ג' אסם,"אסם השקעות בע""מ",IL,*מבצע* אסם מרק זך טע,,400.00,,false,,16.90,0.0422,true,1,23189
7290100686164,false,ביסלי ברביקיו מארז 6 יח' * 35 ג' אסם,מיוצר עי קונדיטוריית,IL,ביסלי ברביקיו מארז 6,,210.00,,false,,14.90,0.0710,true,1,23196
7290100686171,false,ביסלי גריל מארז 6 יח' * 35 ג' אסם,אסם תעשיות,IL,ביסלי גריל מארז 6 יח,,210.00,,false,,14.90,0.0710,true,1,23197
7290100689301,false,אבקת מרק עוף זך עדיף אסם 400 גר',"אסם השקעות בע""מ",IL,אסם עדיף זך טעם עוף,,400.00,,false,,16.90,0.0422,true,1,23213
7290100700020,false,סוגת גריסי פנינה 500גרם,האי נאם סי או אל.טי.,IL,גריסי פנינה סוגת 500,,500.00,,false,,7.30,0.0146,true,1,27014
7290100700068,false,סוגת שעועית צבעונית 500גרם,,,שעועית צבעונית סוגת,,500.00,100 גרם,false,,10.90,0.0218,true,1,33373
7290100700075,false,פירורי לחם מוזהבים 200 ג' סוגת,"סוגת תעשיות בע""מ",IL,פירורי לחם מוזהבים ס,,200.00,,false,,4.90,0.0245,true,1,33374
7290100700273,false,קינואה סוגת 500 גרם,האי נאם סי או אל.טי.,IL,קינואה סוגת 500 גר,,500.00,100 גרם,false,,16.90,0.0338,true,1,27015
7290100700297,false,עדשים שחורות סוגת 500 ג',,,עדשים שחורות סוגת 50,,500.00,,false,,9.90,0.0198,true,1,42954
7290100700372,false,"אורז בסמטי מלא סוגת 1 ק""ג",האי נאם סי או אל.טי.,IL,אורז בסמטי מלא סוגת,,1000.00,,false,,13.90,0.0139,true,1,27016
7290100700389,false,"אורז אדום סוגת 1 ק""ג",סוגת תעשיות,IL,אורז אדום סוגת 1קג,,1000.00,,false,,16.90,0.0169,true,1,27017
7290100700396,false,"סוגת אורז יסמין קלאסי 1 ק""ג",האי נאם סי או אל.טי.,IL,אורז יסמין קלאסי סוג,,1000.00,100 גרם,false,,13.90,0.0139,true,1,21961
7290100700563,false,אורז מיקס קלאסי 1 ק',סוגת תעשיות,IL,אורז מיקס סוגת 1קג,,1000.00,,false,,16.50,0.0165,true,1,41430
7290100700587,false,סוגת בורגול 500 גרם,האי נאם סי או אל.טי.,IL,בורגול סוגת 500 גר,,500.00,100 גרם,false,,7.30,0.0146,true,1,27018
7290100701126,false,שעועית מש סוגת 500גר,סוגת,IL,שעועית מש סוגת 500גר,,500.00,100 גרם,false,,10.90,0.0218,true,1,57711
7290100701140,false,"אורז ריזוטו 1 ק""ג סוגת","סוגת תעשיות בע""מ",IL,אורז ארבוריו סוגת 1ק,,1000.00,,false,,15.90,0.0159,true,1,36435
7290100701300,false,סוגת קינואה אדומה 500גרם,Unknown,,קינואה אדומה סוגת 50,,500.00,100 גרם,false,,16.90,0.0338,true,1,51081
7290100701331,false,קמח רב תכליתי שטיבל קמח חיטה לבן בהיר,"שטיבל בע""מ - טחנות ק",IL,קמח רב תכליתי סוגת 1,,1000.00,100 גרם,false,,8.90,0.0089,true,1,44579
7290100701348,false,"קמח שיפון מלא 1ק""ג סוגת",טחנות קמח שטיבל באר,IL,קמח שיפון מלא סוגת 1,,1000.00,100 גרם,false,,8.90,0.0089,true,1,84958
7290100701386,false,קמח לחלה קמח חיטה לבן שטיבל,"שטיבל בע""מ - טחנות ק",IL,קמח לחלה סוגת 1קג,,1000.00,100 גרם,false,,8.90,0.0089,true,1,94216
7290100701454,false,גרישה - בורגול דק,"סוגת תעשיות בע""מ",IL,גרישה סוגת 500גר,,500.00,,false,,7.30,0.0146,true,1,36436
7290100701577,false,קמח לחם קמח חיטה לבן שטיבל,שטיבל טחנות קמח,IL,קמח לחם סוגת 1קג,,1000.00,100 גרם,false,,8.90,0.0089,true,1,84959
7290100701874,false,"קמח כוסמין 1 ק""ג סוגת",טחנות קמח שטיבל באר,IL,קמח כוסמין סוגת 1קג,,1000.00,100 גרם,false,,16.90,0.0169,true,1,59540
7290100701881,false,קמח פיצה ופוקצ'ה- קמח חיטה לבן בהיר שטיבל,"שטיבל בע""מ - טחנת קמ",IL,קמח פיצה ופוקצה סוגת,,1000.00,100 גרם,false,,8.90,0.0089,true,1,44583
7290100702277,false,קוסקוס עבה סוגת 350 גר',סוגת,IL,קוסקוס עבה סוגת 350,,350.00,,false,,6.90,0.0197,true,1,48142
7290100702383,false,"קמח תופח סוגת 1 ק""ג",שטיבל טחנות קמח,IL,קמח תופח סוגת 1 קג,,1000.00,100 גרם,false,,8.90,0.0089,true,1,48507
7290100702611,false,פתיתים אפויים אורז סוגת 500 ג',אסיף,,פתיתים אפויים אורז ס,,500.00,100 גרם,false,,7.50,0.0150,true,1,50428
7290100702628,false,פתיתים אפויים קוסקוס סוגת 500 ג',יושלם,,פתיתים אפויים קוסקוס,,500.00,100 גרם,false,,7.50,0.0150,true,1,50429
7290100702635,false,פתיתים אפויים כוכבים סוגת 500 ג',,,פתיתים אפויים כוכבים,,500.00,,false,,7.50,0.0150,true,1,50430
7290100702642,false,פתיתים אפויים טבעת 500 ג' סוגת,,,פתיתים אפויים טבעות,,500.00,,false,,7.50,0.0150,true,1,50431
7290100702673,false,פתיתים אפויים 3 צבעים 400 ג' סוגת,,,פתיתים אפויים 3 צבעי,,400.00,,false,,7.50,0.0188,true,1,50434
7290100702741,false,"סוכר חום בהיר בצנצנת 1 ק""ג סוגת",סוגת,IL,סוכר חום קלאסי בקופס,,1000.00,,false,,14.90,0.0149,true,1,85122
7290100702987,false,פתיתי שיבולת שועל דק סוגת 500ג',סוגת תעשיות,,פתיתי שיבולת שועל סו,,500.00,,false,,6.90,0.0138,true,1,58250
7290100703007,false,עדשים שחורות בלוגה סוגת 500 גר',האי נאם סי או אל.טי.,IL,עדשים שחורות בלוגה ס,,500.00,100 גרם,false,,9.90,0.0198,true,1,94219
7290100703458,false,כוסמת לא קלוי 500 ג' סוגת,,,כוסמת ללא קליה סוגת,,500.00,100 גרם,false,,8.90,0.0178,true,1,82157
7290100703533,false,קמח קסם תערובת קמח עם שמרים,"שטיבל בע""מ",IL,קמח קסם סוגת 1קג,,1000.00,,false,,10.90,0.0109,true,1,83970
7290100703564,false,פתיתי שיבולת שועל עבה סוגת 500 ג',,,פתיתי שיבולת שועל עב,,500.00,100 גרם,false,,6.90,0.0138,true,1,82319
7290100703649,false,"קמח מלא 80% חיטה ללא ניפוי סוגת 1ק""ג",סוגת,,קמח חיטה 80% ללא צור,,1000.00,,false,,9.90,0.0099,true,1,90896
7290100703687,false,"קמח חלה ללא ניפוי 1 ק""ג סוגת",סוגת,,קמח חלה ללא צורך ניפ,,1000.00,100 גרם,false,,9.90,0.0099,true,1,90899
7290100703847,false,קוביות סוכר לבן 500 ג' סוגת,,,קוביות סוכר לבן סוגת,,500.00,,false,,9.90,0.0198,true,1,94222
7290100703861,false,"קמח תערובת קסם לחלה 1 ק""ג סוגת",סוגת,IL,קמח תערובת קסם לחלה,,1000.00,,false,,10.90,0.0109,true,1,86597
7290100703908,false,סוכר דמררה סוגת בשקי,,,סוכר דמררה סוגת בשקי,,1000.00,,false,,9.90,0.0099,true,1,114222
7290100703915,false,פופקורן להכנה במיקרוגל בטעם חמאה - מארז 6 שקיות,סוגת,,פופקורן למיקרו מארז,,90.00,,false,,10.90,0.1211,true,1,90216
7290100703922,false,פופקורן להכנה במיקרוגל בטעם טבעי - מארז 6 שקיות,סוגת,,פופקורן למיקרו מארז,,90.00,100 גרם,false,,10.90,0.1211,true,1,90217
7290100704066,false,עדשים צהובות 500 ג' סוגת,האי נאם סי או אל.טי.,IL,עדשים צהובות סוגת 50,,500.00,100 גרם,false,,9.90,0.0198,true,1,90404
7290100704530,false,סוגת קמח כוסמין לבן ללא צורך בניפוי 1 קג,טחנות קמח שטיבל באר,IL,קמח כוסמין לבן ללא צ,,1000.00,,false,,16.90,0.0169,true,1,117805
7290100850909,false,דוריטוס בטעם נאצ'ו מקסיקני,שטראוס פריטו ליי בע,IL,דוריטוס נאצו מקסיקני,,70.00,,false,,5.60,0.0800,true,1,35687
7290100850916,false,דוריטוס בטעם חמוץ חריף,"שטראוס פריטו ליי בע""",IL,דוריטוס חמוץ חריף 70,,70.00,,false,,4.70,0.0671,true,1,35688
7290100850923,false,דוריטוס גריל 70 גרם,שטראוס פריטו ליי בע,IL,דוריטוס גריל 70גר,,70.00,,false,,4.70,0.0671,true,1,35689
7290100850930,false,דוריטוס דיפ טבעי 70ג,שטראוס פריטו ליי בע,IL,דוריטוס דיפ טבעי 70ג,,70.00,,false,,4.70,0.0671,true,1,35690
7290100858592,false,אבקת קקאו עלית שקית 150 ג',הנסיך- מפעל לייצור ט,IL,קקאו עלית 150גר,,150.00,100 גרם,false,,10.90,0.0727,true,1,27644
7290100858608,false,אבקת קקאו עלית שקית 500 ג',שטראוס גרופ,IL,קקאו עלית 500גר,,500.00,,false,,29.90,0.0598,true,1,27645
7290100924457,false,כדוריות סבון נתלה לאסלה לימון רענן - 3 יח',הנקל סוד,HU,כדוריות סוד סבון לאס,,0.00,,false,,16.90,0.0000,true,1,118297
7290100924464,false,כדוריות סבון נתלה לאסלה עם אקונומיקה - 3 יח',הנקל סוד,HU,כדוריות סוד סבון לאס,,0.00,,false,,16.90,0.0000,true,1,118298
7290100925676,false,קולור קאצ'ר- לוכד צבעים בכביסה 20 יח',הנקל סוד,IE,לוכד צבעים קולור קאצ,יחידה,0.00,יחידה,false,,19.90,0.0000,true,1,99473
7290100925751,false,"סוד נוזל כלים תפוח 650 מ""ל",סוד,,סוד נוזל לכלים תפוח,,650.00,,false,,6.90,0.0106,true,1,81447
7290100928585,false,"אבקת כביסה קולור 5 ק""ג סוד",,,סוד אבקת כביסה קולור,קילוגרמים,5.00,"ק""ג",false,,29.90,5.9800,true,1,47385
7290101451105,false,נרות מטה כוכבים ממות,,,נרות מטה כוכבים ממות,יחידה,0.00,יחידה,false,,5.90,0.0000,true,1,25776
7290101486688,false,פרי חטיפי בריאות מארז 5 דגנים עם שוקולד,טבעית מוצרים מן הטבע,IL,פרי חטיף דגנים עם שו,,100.00,100 גרם,false,,18.90,0.1890,true,1,25659
7290101488286,false,"ליידי ספיד סטיק - דאודורנט ספריי לאישה 24/7 פרש פיוזן ורוד 150 מ""ל",ליידי ספיד סטיק Lady Speed Stick,RU,ליידי ספיד סטיק 24/7,,150.00,100 גרם,false,,15.90,0.1060,true,1,21902
7290101551263,false,סילאן טבעי ללא תוספת סוכר,"פוליבה בע""מ",IL,סילאן טבעי יד מרדכי,,700.00,,false,,26.90,0.0384,true,1,90333
7290101551300,false,סילאן טבעי ללא תוספת סוכר בקבוק לחיץ,"פוליבה בע""מ",IL,סילאן טבעי לחיץ יד מ,,380.00,,false,,19.90,0.0524,true,1,90334
7290101551539,false,יוגורט PRO בטעם אפרסק 0% 20 גרם חלבון בגביע,דנונה - שטראוס,IL,דנונה פרו אפרסק 20 ג,,200.00,,false,,6.90,0.0345,true,1,90468
7290101551584,false,תפוצ'יפס קידס מארז 10 יח' * 20 ג',"שטראוס פריטו ליי בע""",IL,תפוציפס קידס מארז 10,,200.00,,false,,14.50,0.0725,true,1,91016
7290101863410,false,"סיליט ניקוי עוצמתי מכיל אקונומיקה 750 מ""ל",סיליט באנג Cillit Bang,PL,ספריי מכיל אקונומיקה,,750.00,100 גרם,false,,13.90,0.0185,true,1,28200
7290101864127,false,"ספריי להסרת כתמים 750 מ""ל וניש קליה",קליה וניש Kalia Vanish,IL,קליה אוקסי ספריי 750,,750.00,,false,,25.90,0.0345,true,1,28204
7290101865261,false,"פיניש נוזל הברקה 800 מ""ל",רקיט בנקיזר,PL,פיניש נוזל הברקה למד,,800.00,100 גרם,false,,21.90,0.0274,true,1,38279
7290101866633,false,ווניש קליה ג`ל להסרת כתמים 3 ל',קליה וניש Kalia Vanish,IL,קליה גל ורוד 3ליטר,,3000.00,100 גרם,false,,29.90,0.0100,true,1,43559
7290101866787,false,מסיר כתמים ומלבין לכביסה לבנה 3 ל וניש קליה,קליה וניש Kalia Vanish,PL,קליה גל לבן 3ליטר,,3000.00,100 גרם,false,,29.90,0.0100,true,1,44838
7290101869726,false,ג'ל מרוכז למדיח פיניש all in one max,רקיט בנקיזר,PL,פיניש ג'ל למדיח 1ליט,,1000.00,100 גרם,false,,46.90,0.0469,true,1,55787
7290101869733,false,ג'ל למדיח פיניש לימון,רקיט בנקיזר,PL,פיניש ג'ל למדיח לימו,,1000.00,100 גרם,false,,46.90,0.0469,true,1,55788
7290101869757,false,מבשם אויר מכשיר אוטמטי חלום אואזיס,רקיט בנקיזר,PL,מכשיר אוטומטי מבשם א,יחידה,0.00,יחידה,false,,39.90,0.0000,true,1,83128
7290101869795,false,מילוי למכשיר ספריי אוטומטי חלום ליל קיץ,איירוויק Air Wick,GB,איירוויק מילוי מבשם,,250.00,,false,,19.90,0.0796,true,1,83132
7290102030330,false,תפוצ'יפס קראנצ' בטעם מקסיקני,"שטראוס פריטו ליי בע""",IL,תפוציפס קראנץ מקסיקנ,,200.00,,false,,13.50,0.0675,true,1,25023
7290102031276,false,מארז 8 יחידות אקטימל משקה יוגורט בטעם תות בננה,מיוצר עי קונדיטוריית,IL,אקטימל תות בננה 8*10,,800.00,100 גרם,false,,21.90,0.0274,true,1,27666
7290102035151,false,אקטיביה 1.5% 150 גרם,STRAUSS-ISRAEL,IL,אקטיביה 1.5% 150גר,,150.00,,false,,3.90,0.0260,true,1,27677
7290102060764,false,מארז זוג מברשות שיניים מרידול,יבואן ומשווק: ש. שסט,CH,מברשות שיניים מרידול,יחידה,0.00,יחידה,false,,29.90,0.0000,true,1,122945
7290102300822,false,גבינה צ'דר אנגלית כתומה 200 ג',דאולי צ'יסמייקרס,GB,גבינה צידר אנגלית כת,,200.00,,false,,23.90,0.1195,true,1,123255
7290102300860,false,גבינת צ'דר אנגלי לבן 35%,דאוליי צ'יסמייקרס,GB,צדר לבן מיני בלוק 20,,200.00,100 גרם,false,,23.90,0.1195,true,1,123253
7290102302246,false,גאודה הנרי ויליך 200,מיוצר עי קונדיטוריית,NL,גאודה הנרי ויליך 200,,200.00,100 גרם,false,,27.90,0.1395,true,1,123263
7290102390427,false,יוגורט ביו עם קציפת תות 3% שומן 150 ג' מולר,מולר Muller,IL,מולר פרופ תות 3% 150,,150.00,100 גרם,false,,5.60,0.0373,true,1,25261
7290102390465,false,יוגורט ביו עם קציפת אפרסק ופסיפלורה 3% שומן 150 ג' מולר,מולר Muller,IL,מולר פרופ אפרסק פסיפ,,150.00,100 גרם,false,,5.60,0.0373,true,1,25263
7290102390489,false,יוגורט ביו עם קציפת לימון 3% שומן 150 ג' מולר,מולר Muller,IL,מולר פרופ לימון 3% 1,,150.00,100 גרם,false,,5.60,0.0373,true,1,25264
7290102391844,false,יוגורט ביו עם קציפת פירות יער3% שומן 150 ג' מולר,מולר Muller,IL,מולר פרופ לבן+קציפת,,150.00,100 גרם,false,,5.60,0.0373,true,1,25274
7290102392094,false,חלב עיזים 4.1% צוריאל 1 ל' קרטון,מילקו תעשיות בעמ,IL,חלב עיזים צוריאל 1ל,,1000.00,,false,,18.70,0.0187,true,1,25280
7290102392728,false,מולר נטורל לבן טבעי 2.8% 200מל,"טרה, פארק תעשיות בע""",IL,מולר נטורל לבן טבעי,,200.00,100 גרם,false,,4.40,0.0220,true,1,25298
7290102393169,false,סימפלי פרוט יוגורט תות 3% שומן 150 ג' מולר,מולר Muller,IL,מולר סימפלי פרוט תות,,150.00,100 גרם,false,,5.60,0.0373,true,1,25317
7290102393176,false,סימפלי פרוט יוגורט אפרסק 3% שומן 150 ג' מולר,מילקו תעשיות בעמ,IL,מולר סימפלי פרוט אפר,,150.00,100 גרם,false,,5.60,0.0373,true,1,25318
7290102393190,false,סימפלי פרוט פירות היער 3% שומן 150 ג' מולר,מילקו תעשיות בעמ,IL,מולר סימפלי פרוט פיר,,150.00,100 גרם,false,,5.60,0.0373,true,1,25320
7290102393947,false,סימפלי פרוט יוגורט בטעם קיווי 3% שומן 150 ג' מולר,מילקו תעשיות בעמ,IL,מולר סימפלי פרוט קיו,,150.00,100 גרם,false,,5.60,0.0373,true,1,42806
7290102394081,false,מולר מיקס יוגורט קרמי עם קורנפלקס מצופה שוקולד,מילקו תעשייה בעמ,IL,מולר מיקס קורנפקלס מ,יחידה,0.00,יחידה,false,,6.60,0.0000,true,1,42809
7290102394258,false,גבינת מה עז 9% שומן צוריאל 180 ג',מחלבת משק צוריאל,IL,מה עז צוריאל 9% 180ג,,180.00,100 גרם,false,,25.90,0.1439,true,1,43554
7290102394463,false,נעם גבינה צהובה וואקום 28% 500גרם,Unknown,IL,גבינה צהובה נעם ואקו,,500.00,100 גרם,false,,30.90,0.0618,true,1,50033
7290102394845,false,פרוסות גבינת נעם מופחתת שומן 9%,מילקו תעשיות בעמ,IL,גבינה צהובה נעם דק ד,,200.00,100 גרם,false,,19.50,0.0975,true,1,45985
7290102395224,false,מארז 8 גביעים יוגורט ביו בטעם טבעי 1.7%,מולר Muller,IL,מולר נטורל 1.7% מארז,,1200.00,100 גרם,false,,19.80,0.0165,true,1,48527
7290102395231,false,מולר נטורל 2.8% ביאנקו מאגדת 8 יח' * 150 ג',מולר Muller,IL,מולר נטורל 2.8% מארז,,1200.00,100 גרם,false,,19.80,0.0165,true,1,48528
7290102396443,false,מעדן וניל 1.5% שומן 125 ג' טרה,טרה,IL,מוו מעדן חלב בטעם ונ,,125.00,100 גרם,false,,3.40,0.0272,true,1,53589
7290102396597,false,מעדן חלב עם מוס בטעם שוקו וניל,טרה,IL,מוו וניל ומוס שוקולד,,118.00,,false,,3.40,0.0288,true,1,53831
7290102396665,false,פרוסות גבינת נעם מופחתת שומן 15%,מילקו תעשיות בעמ,IL,גבינה צהובה נעם 15%,,200.00,100 גרם,false,,17.90,0.0895,true,1,57328
7290102397464,false,יוגורט ביו בתוספת גרעינים אגוזים וחמוציות 170 ג' מולר,מולר Muller,IL,מולר מיקס גרעינים פק,יחידה,0.00,יחידה,false,,6.60,0.0000,true,1,84927
7290102397600,false,מיקס יוגורט בתוספת שקדים ובוטנים מקורמלים 170 ג' מולר,מילקו תעשייה בעמ,IL,מולר מיקס+ שקדים ובו,,170.00,100 גרם,false,,6.60,0.0388,true,1,59500
7290102397617,false,יוגורט ביו קרמי עם כדורים מצופים שוקולד חום לבן,מולר Muller,IL,מולר מיקס קליק 150גר,,150.00,,false,,6.60,0.0440,true,1,59501
7290102397679,false,קוטג' וחצי 5% טרה 375 ג',Unknown,IL,קוטג 5% 375גר טרה,,375.00,,false,,8.90,0.0237,true,1,93863
7290102397730,false,פרוסות גבינה אמנטל חצי קשה 30% שומן 200 ג' נעם,Unknown,IL,גבינה אמנטל נעם 200ג,,200.00,100 גרם,false,,19.50,0.0975,true,1,86171
7290102397747,false,פרוסות גבינת מוצרלה נעם מחלב בקר 22%,טרה,IL,*מבצע* גבינת מוצרלה,,200.00,100 גרם,false,,15.90,0.0795,true,1,88059
7290102398331,false,חלב דל לקטוז 2% מועשר בויטמין D,Unknown,IL,חלב מועשר דל לקטוז 1,,1000.00,,false,,8.70,0.0087,true,1,87945
7290102398560,false,שוקו מעושר בבקבוק 1ל' טרה,מילקו תעשיות בעמ,IL,שוקו טרה מועשר 1 ליט,,1000.00,,false,,13.40,0.0134,true,1,89814
7290102398577,false,משקה חלב בטעם שוקו 2% בבקבוק אישי,מילקו תעשיות בעמ,IL,שוקו טרה מועשר 250 מ,,250.00,,false,,5.90,0.0236,true,1,89815
7290102398799,false,משקה סויה במתיקות מופחתת 1 ליטר משק צוריאל,משק צוריאל,IT,משקה סויה במתיקות מו,,1000.00,,false,,11.90,0.0119,true,1,100983
7290102398805,false,משקה סויה - וניל 1 ליטר משק צוריאל,משק צוריאל,IT,משקה סויה בטעם וניל,,1000.00,,false,,11.90,0.0119,true,1,100984
7290102398836,false,משקה שקדים קלאסי 1 ליטר משק צוריאל,משק צוריאל,IT,משקה שקדים קלאסי 1 ל,,1000.00,,false,,12.90,0.0129,true,1,100988
7290102399048,false,פרוסות גבינת קשקבל נעם 200 ג' טרה,טרה,IL,קשקבל נעם 200גר,,200.00,100 גרם,false,,25.90,0.1295,true,1,106202
7290102399635,false,"מולר פרופ יוגורט ביו עם קציפת קוקוס ואננס 150 מ""ל",מולר Muller,IL,מולר פרופ טרופיקל 4.,,150.00,100 גרם,false,,5.60,0.0373,true,1,114204
7290102399796,false,מעדן יוגורט לבן מועשר בחלבון 200 ג' מולר אקטיב,מולר Muller,IL,מולר אקטיב 25 יוגורט,,200.00,,false,,5.70,0.0285,true,1,100992
7290102586479,false,מפצל 3 T,,,מפצל 3 T,יחידה,0.00,יחידה,false,,9.90,0.0000,true,1,95971
7290102601547,false,כפיות פרמיום שקוף/קרם/לבן/זהב א'ר 50 דנטס,,,כפיות פרמיום שקוף/קר,יחידה,0.00,יחידה,false,,9.90,0.0000,true,1,72546
7290103124601,false,"תחליב רחצה נוזל חלב ודבש משאבה 750מ""ל פלמוליב",הנסיך- מפעל לייצור ט,TR,פלמוליב תחליב רחצה נ,,750.00,,false,,21.90,0.0292,true,1,66890
7290103129637,false,פדים קוסמטיים אובליים להסרת איפור,הנסיך- מפעל לייצור ט,GR,פדים להסרת איפור בלו,יחידה,0.00,יחידה,false,,9.90,0.0000,true,1,48120
7290103400231,false,גזר גוליאן בדצ שטראו,"טרופיקל דגיל בע""מ אז",IL,גזר גוליאן בדצ שטראו,,400.00,,false,,9.90,0.0248,true,1,27702
7290103400255,false,לקט לסלט קולסלאו בשקית,"טרופיקל דגיל בע""מ אז",IL,סלט קולסלאו שטראוס 4,,400.00,,false,,9.90,0.0248,true,1,27703
7290103401429,false,עלית אוריגינס קצב ברזילאי 200ג,הנסיך- מפעל לייצור ט,IL,קפה מגורען קצב ברזיל,,200.00,,false,,29.90,0.1495,true,1,27718
7290103404758,false,כרוב אדום במיונז אחל,מיוצר עי קונדיטוריית,IL,סלט כרוב אדום אחלה 1,,200.00,100 גרם,false,,5.90,0.0295,true,1,27758
7290103408206,false,עלי חסה ערבית שטופים,שטראוס בריאות ירקות,IL,עלי חסה ערבית שטופים,,250.00,,false,,12.90,0.0516,true,1,27796
7290103681180,false,"יין תבור הר מרלו 750 מ""ל",מיוצר על ידי יקב תבו,IL,יין תבור אדום מרלו 7,,750.00,,false,,39.90,0.0532,true,1,91876
7290103700195,false,שאפו רדיד אלומיניום צר 30*7.5 2יח',"שניב תעשיות נייר בע""",,רדיד אלומיניום צר 30,,2.00,,false,,10.90,5.4500,true,1,48248
7290103700324,false,שאפו זוג שקיות אוכל מתכלות בקרטון 300יח',,,טאצ זוג שקיות אוכל ב,יחידה,0.00,יחידה,false,,10.90,0.0000,true,1,95115
7290103700331,false,שאפו שקית אוכל רב תכ,,,שאפו שקית אוכל רב תכ,יחידה,0.00,יחידה,false,,12.90,0.0000,true,1,48252
7290103701017,false,נייר אפייה נשלף טאצ 50 יחידות כשלפ,"שניב תעשיות נייר בע""",,טאצ' נייר אפייה 50 י,יחידה,0.00,יחידה,false,,10.90,0.0000,true,1,52760
7290103701055,false,כוס קרטון טאץ' ב8 או,"שניב תעשיות נייר בע""",,כוס קרטון טאץ' ב8 או,יחידה,0.00,יחידה,false,,9.90,0.0000,true,1,113775
7290103701130,false,טאצ' מטליות מיקרופייבר לניקוי כללי 7 יח',,,טאצ מטליות מיקרופייב,,7.00,,false,,10.90,1.5571,true,1,57253
7290103701147,false,רדיד אלומיניום טאצ' 7.5מטר,שניב תעשיות,,רדיד אלומיניום 200 פ,יחידה,0.00,יחידה,false,,29.90,0.0000,true,1,57257
7290103702212,false,ממחטות טישיו כיס טאצ,"שניב תעשיות נייר בע""",,טאצ ממחטות כיס,יחידה,0.00,יחידה,false,,7.90,0.0000,true,1,59823
7290103702304,false,טאצ' אשפתון עבה במיוחד 35 יח',"שניב תעשיות נייר בע""",,טאצ אשפתון בגליל 35,,35.00,,false,,17.90,0.5114,true,1,95121
7290103702311,false,ממחטות טישיו כיס טאצ,"שניב תעשיות נייר בע""",,טאצ ממחטות כיס 10*10,יחידה,0.00,יחידה,false,,7.90,0.0000,true,1,59824
7290103702649,false,מארז חמישייה מגבוני טישו דו שכבתי,שניב,IL,ממחטות חמישיה עדן,יחידה,0.00,יחידה,false,,11.90,0.0000,true,1,90296
7290103702724,false,"טאצ' שקיות אשפה 52*65 ס""מ עם שרוך 60 יח'",,,טאצ שקיות אשפה 52*65,,60.00,,false,,17.90,0.2983,true,1,82912
7290103703080,false,טאצ זוג שקיות אשפה ע,,,טאצ זוג שקיות אשפה ע,יחידה,0.00,יחידה,false,,17.90,0.0000,true,1,82913
7290103703219,false,דלי מטליות לחות לניקוי כללי בניחוח לימון טאצ',,,טאצ' מטליות לחות לני,,400.00,,false,,19.90,0.0497,true,1,92411
7290103703226,false,מטליות לחות לניקוי כ,,,טאצ מטליות לחות לניק,,50.00,,false,,9.90,0.1980,true,1,90595
7290103703684,false,נייר טאולט לובלי 30,Unknown,,לאבלי נייר טואלט 30,יחידה,0.00,יחידה,false,,29.90,0.0000,true,1,91962
7290103703905,false,ממחטות נייר טישו טוט,Unknown,,ממחטות נייר טישו טוט,יחידה,0.00,יחידה,false,,11.90,0.0000,true,1,113718
7290104061417,false,חומוס טחינה אחלה 400 ג',"שטראוס גרופ בע""מ",IL,חומוס טחינה אחלה קלא,,400.00,,false,,11.90,0.0298,true,1,27828
7290104061431,false,חומוס אחלה עם צנובר 400 ג',"שטראוס גרופ בע""מ",IL,חומוס צנובר אחלה קלא,,400.00,,false,,11.90,0.0298,true,1,27830
7290104061448,false,חומוס עם חריף 400 ג' אחלה,מיוצר עי קונדיטוריית,IL,חומוס חריף אחלה קלאס,,400.00,100 גרם,false,,11.90,0.0298,true,1,27831
7290104065934,false,שטראוס עלי רוקט 150ג,שטראוס בריאות ירקות,IL,שטראוס עלי רוקט 150ג,,150.00,100 גרם,false,,12.90,0.0860,true,1,27871
7290104066566,false,טחינה שומשום מלא אחלה 500 גר',מיוצר עי קונדיטוריית,IL,טחינה משומשום מלא אח,,400.00,,false,,17.50,0.0438,true,1,27884
7290104068546,false,גומי מאסט בטעם לימון קולה ללא סוכר 28 ג' עלית,"שטראוס גרופ בע""מ",IL,מסטיק מאסט קולה 28גר,,28.00,,false,,5.50,0.1964,true,1,27903
7290104501661,false,אינסטנט פודינג בטעם וניל צרפתי,מיוצר עי קונדיטוריית,IL,פודינג וניל צרפתי אס,,80.00,,false,,6.30,0.0787,true,1,23236
7290104508189,false,גביעי וופל ממותקים לגלידה 24 יח',בטר אנד דיפרנט,IL,גביעי גלידה אסם 24יח,,24.00,,false,,14.90,0.6208,true,1,42668
7290104508943,false,במבה אריזת חסכון 200 גרם,"אסם השקעות בע""מ",IL,במבה אסם 200 גרם,,200.00,,false,,10.50,0.0525,true,1,116893
7290104721533,false,רצועות פלפלים קלויים אחלה 400 ג',מיוצר עי קונדיטוריית,IL,פלפלים קלויים אחלה ט,,400.00,,false,,17.50,0.0438,true,1,42780
7290104721762,false,קפה טורקי עלית מארז 85X3ג',,,קפה טורקי עלית מארז,,255.00,,false,,19.90,0.0780,true,1,37130
7290104722530,false,תפוצ'יפס בטעם שמנת ובצל,"שטראוס פריטו ליי בע""",IL,תפוציפס שמנת בצל 200,,200.00,,false,,13.50,0.0675,true,1,35709
7290104726262,false,מארז 4 יחידות דני לשתייה בטעם שוקולד + קשים,מיוצר עי קונדיטוריית,IL,דני תות לשתיה מארז ר,יחידה,500.00,יחידה,false,,12.90,0.0258,true,1,27945
7290104726712,false,מארז 8 יחידות מעדן מילקי בטעם שוקולד עם קצפת,"שטראוס גרופ בע""מ",IL,מילקי שמינייה מארז 8,,1064.00,,false,,22.90,0.0215,true,1,45195
7290104728310,false,"שמנת עמידה לקצפת 38% שומן 250 מ""ל יוטבתה",מחלבת יטבתה,IL,שמנת עמידה לקצפת 38%,,250.00,100 גרם,false,,6.47,0.0259,true,1,37165
7290104961250,false,"נקה 7 תחליב רחצה מגע קטיפה וניל מאסק 750 מ""ל",טרופיקל דגיל תעשיות,IL,נקה 7 תחליב רחצה מגע,,750.00,,false,,13.90,0.0185,true,1,45635
7290104965661,false,"דאדורנט ספריי נושם בנות קרליין 150 מ""ל",אמיליה קוסמטיקס,IL,דאודורנט ספריי נושם,,200.00,,false,,15.90,0.0795,true,1,117726
7290105360335,false,קפסולות קפה אספרסו עדין וקטיפתי,הנסיך- מפעל לייצור ט,IL,קפסולות מס7 עדין וקט,יחידה,0.00,יחידה,false,,19.90,0.0000,true,1,48581
7290105360755,false,שמן זית כתית מעולה חזק 3,מכוורת יד מרדכי שטרא,IL,"שמן זית 3 חזק 750 מ""",,750.00,100 גרם,false,,36.90,0.0492,true,1,49347
7290105360878,false,תפוצ'יפס מארז 4 יח' *50ג',"שטראוס פריטו ליי בע""",IL,תפוציפס מארז 4*50גר,,200.00,,false,,13.40,0.0670,true,1,54260
7290105362339,false,"שמנת לבישול 15% 250 מ""ל יטבתה מהדרין",מחלבת יטבתה,IL,שמנת לבישול 15% יטבת,,250.00,100 גרם,false,,9.50,0.0380,true,1,46095
7290105363602,false,כיף כף - מקלות קלאסי 40 גרם,"איי, בי, אינבוו",TR,כיף כף מקלות קלאסי 4,,40.00,,false,,6.50,0.1625,true,1,48355
7290105364289,false,כיף כף - מקלות פצפוצים 40 גרם,"איי, בי, אינבוו",TR,כיף כף מקלות פצפוצים,,40.00,,false,,6.50,0.1625,true,1,48356
7290105364302,false,"עלית חטיף שוקולד כיף כף מקלות אגוזים, 40 גרם","איי, בי, אינבוו",TR,כיף כף מקלות אגוזים,,40.00,,false,,6.50,0.1625,true,1,48357
7290105366023,false,חציל אחלה בטעם כבד 400 גר' אחלה,מיוצר עי קונדיטוריית,IL,חציל טעם כבד אחלה טע,,400.00,,false,,17.50,0.0438,true,1,43936
7290105366047,false,טחינה אחלה לבנה 400 גר',מיוצר עי קונדיטוריית,IL,טחינה לבנה אחלה טעמי,,400.00,100 גרם,false,,17.50,0.0438,true,1,44360
7290105366993,false,סימפוניה גבינה במרקם שמנת פלפל שיפקה חריף 5%,"שטראוס בריאות בע""מ",IL,סימפוניה פלפל שיפקה,,200.00,,false,,12.50,0.0625,true,1,52056
7290105368331,false,מעדן מילקי בטעם תות עם קצפת,מחלבת אחיהוד,IL,מילקי תות,,170.00,,false,,3.20,0.0188,true,1,47072
7290105368904,false,"שמנת מתוקה להקצפה 32% שומן 250 מ""ל יוטבתה",מחלבת יטבתה,IL,שמנת מתוקה להקצפה 32,,500.00,100 גרם,false,,8.70,0.0174,true,1,47840
7290105368928,false,"שמנת 9% שומן 200 מ""ל יוטבתה",מחלבת יטבתה,IL,שמנת 9% יטבתה 200מל,,200.00,,false,,3.90,0.0195,true,1,46142
7290105369130,false,סימפוניה גבינה במרקם שמנת בצל ירוק 5%,"שטראוס בריאות בע""מ",IL,סימפוניה בצל ירוק 5%,,200.00,,false,,12.50,0.0625,true,1,49193
7290105430458,false,תחליב רחצה מועשר בשקדים וקרם לחות Naturals משאבה,הנסיך- מפעל לייצור ט,TR,פלמוליב תחליב רחצה ש,,750.00,100 גרם,false,,21.90,0.0292,true,1,86516
7290105439499,false,מיונז הולנדי 481 ג' מאסטר שף,רמיה סי.וי. הולנד,NL,מיונז מאסטר שף 480 ג,,480.00,100 גרם,false,,12.90,0.0269,true,1,58641
7290105500151,false,וודקה פינלנדיה בקבוק,"אלטיה קורפ, הלסינקי,",FI,וודקה פינלנדיה 700 מ,,700.00,100 גרם,false,,74.90,0.1070,true,1,47604
7290105500236,false,וויסקי ג'ק דניאלס מס' 7 Brand No,ג'ק דניאלס Jack Daniel's,US,וויסקי ג'ק דניאלס 70,,700.00,,false,,119.90,0.1713,true,1,51561
7290105500953,false,"וויסקי ג'ק דניאלס דבש 700 מ""ל",ג'ק דניאל'ס,BE,וויסקי ג'ק דניאלס דב,,700.00,100 גרם,false,,119.90,0.1713,true,1,83251
7290105691224,false,פריכונים חטיפי טורטיה שום בצל 60 ג' אוסם,"מיוצר ע""י PT, משווק",IL,פריכונים חטיפי טורטי,,60.00,100 גרם,false,,9.70,0.1617,true,1,44561
7290105691248,false,פריכונים חטיפי טורטיה תירס 60 ג' אוסם,"מיוצר ע""י PT, משווק",IL,פריכונים חטיפי טורטי,,60.00,,false,,9.70,0.1617,true,1,44562
7290105691712,false,עוגיות הפסקת קפה חיטה מלאה אסם 230 גר',היינץ צפון אמריקה מק,IL,עוגיות הפסקת קפה דגנ,,230.00,,false,,13.50,0.0587,true,1,46279
7290105691934,false,"קמח שמרים 1ק""ג אוסם",תאי פרזידנט פוד פאבל,IL,קמח שמרים אסם 1קג,,1000.00,100 גרם,false,,11.90,0.0119,true,1,48229
7290105693341,false,במבה מארז 10 יח' * 25 ג' אסם,"אסם השקעות בע""מ",IL,*מבצע* במבה מארז אסם,,250.00,100 גרם,false,,15.90,0.0636,true,1,52324
7290105695024,false,אסם פתיתים אפויים אורז עם אטריות 500 גר,"אסם השקעות בע""מ",IL,פתיתים אפויים אורז ע,,500.00,100 גרם,false,,8.60,0.0172,true,1,48847
7290105695321,false,עוגת שוקולד בראוניז פאדג' 380 ג',מיוצר עי קונדיטוריית,IL,עוגות הבית בראוניס פ,,380.00,100 גרם,false,,18.90,0.0497,true,1,47253
7290105962331,false,זחוק אדום תימני מקורי חריף מאוד,קריניסה ויטמין אס אי,IL,סחוג חריף אדום מאוד,,220.00,100 גרם,false,,13.90,0.0632,true,1,46556
7290105965738,false,יוגורט לשתיה בטעם תות בננה267 ג' דנונה,מיוצר עי קונדיטוריית,IL,דנונה לשתיה תות בננה,,250.00,100 גרם,false,,5.90,0.0236,true,1,52902
7290105966469,false,"חומץ בלסמי יד מרדכי 250מ""ל",אצטייה ג'וזפה קרמוני,IT,חומץ בלסמי יד מרדכי,,2500.00,100 גרם,false,,19.90,0.0080,true,1,53891
7290105968098,false,סלט קולסלאו אחלה 500 ג',אחלה - שטראוס,IL,קולסלאו אחלה 500גר,,500.00,,false,,17.50,0.0350,true,1,48190
7290105968654,false,רביולי בטטה פרווה פסטה נונה 400 ג',מיוצר עי קונדיטוריית,IL,רביולי בטטה שטראוס 4,,400.00,,false,,22.90,0.0572,true,1,48014
7290105968777,false,פריכיות עם תחתית שוקולד מריר 70 ג' אנרגי,"טחנת האבן תעשיות בע""",IL,פריכיות תחתית שוקולד,,80.00,,false,,9.90,0.1238,true,1,50038
7290106520066,false,רבע לשבע במילוי קרם אגוזים ובציפוי שוקולד חלב,הגביע מוצרי וופלים ב,IL,רבע לשבע גלילי וופל,,160.00,,false,,13.90,0.0869,true,1,48354
7290106520288,false,יוגורט פרו חלבון עם תות 2.4% שומן 150 ג' דנונה,"שטראוס בריאות בע""מ",IL,דנונה WOW תות 150 ג,,150.00,100 גרם,false,,5.30,0.0353,true,1,58166
7290106520905,false,סלט טורקי עם פלפל קל,"שטראוס גרופ בע""מ",IL,סלט טורקי אחלה טעמי,,400.00,,false,,17.50,0.0438,true,1,49208
7290106520912,false,"שמנת לבישול 9% 250 מ""ל יטבתה",מחלבת יטבתה,IL,שמנת לבישול 9% יטבתה,,250.00,100 גרם,false,,9.50,0.0380,true,1,49876
7290106524439,false,תפוצ'יפס טבעי פופס 60גר',"שטראוס פריטו ליי בע""",IL,תפוציפס פופס 60גר,,60.00,,false,,4.70,0.0783,true,1,88005
7290106525399,false,קפסולות 06 ברזיל למכונות נספרסו עלית 10יח',הנסיך- מפעל לייצור ט,IL,קפסולות ברזיל 06 למכ,,50.00,,false,,19.90,0.3980,true,1,59336
7290106528628,false,דוריטוס טבעי עלית 185 ג',"שטראוס פריטו ליי בע""",IL,דוריטוס טבעי 185גר,,185.00,,false,,9.60,0.0519,true,1,58954
7290106528949,false,סלט ערוגות טעם הטבע,שטראוס בריאות ירקות,IL,לקט ערוגות שטראוס 45,,450.00,,false,,13.90,0.0309,true,1,53380
7290106571921,false,עוגיות פיטנס עוגיות חמוציות 180 גר',מיוצר עי קונדיטוריית,IL,פיטנס עוגיות חמוציות,,180.00,,false,,12.90,0.0717,true,1,53300
7290106572027,false,אוסם - לחמית חמישה דגנים 190 גרם,"אסם השקעות בע""מ",IL,לחמית חמישה דגנים אס,,190.00,100 גרם,false,,9.90,0.0521,true,1,48494
7290106574120,false,שלגון גומיגם לימון ופטל וסוכר' 90ג',גלידות נסטלה (נגה גל,IL,גומי גם,יחידה,0.00,יחידה,false,,8.90,0.0000,true,1,118086
7290106574953,false,בייגלה שטוחים כעכים שטוחים עם שומשום,מיוצר עי קונדיטוריית,IL,בייגלה שטוחים שומשום,,300.00,,false,,12.50,0.0417,true,1,50736
7290106574977,false,בייגלה שטוחים כעכים שטוחים עם מלח,מיוצר עי קונדיטוריית,IL,בייגלה שטוחים עם מלח,,300.00,100 גרם,false,,12.50,0.0417,true,1,50737
7290106575431,false,עוגת הבית סופלה בטעם שוקוניל 340 ג' אסם,מיוצר עי קונדיטוריית,IL,עוגת הבית סופלה בטעם,,340.00,,false,,15.90,0.0468,true,1,51941
7290106576537,false,צבר חומוס מסעדה 700 גר,סלטי צבר,IL,*מבצע* חומוס מסעדות,,700.00,,false,,12.00,0.0171,true,1,51376
7290106576797,false,"לה קרמריה גלידת וניל איטלקי כשל""פ 1.4ל'",תות תעשיות מזון (201,IL,לה קרמריה וניל איטלק,,1400.00,100 גרם,false,,23.90,0.0171,true,1,52327
7290106576810,false,גלידה לה קרמריה ריבת חלב 1.4 ל' נסטלה,המאפיה של הרמן,IL,לה קרמריה ריבת חלב 1,,1400.00,,false,,23.90,0.0171,true,1,52328
7290106576834,false,גלידה לה קרמריה פונטש בננה1.4 ל' נסטלה,תות תעשיות מזון (201,IL,לה קרמריה פונטש בננה,,1400.00,,false,,23.90,0.0171,true,1,52329
7290106576919,false,גלידה קרמריה סורבה תות לימון 1.4 ליטר,המאפיה של הרמן,IL,לה קרמריה סורבה תות,,1400.00,,false,,23.90,0.0171,true,1,52331
7290106576995,false,גלידה סורבה לה קרמריה תות מנגו לייט 1.4 ל' נסטלה,המאפיה של הרמן,IL,לה קרמריה סורבה תות,,1400.00,100 גרם,false,,23.90,0.0171,true,1,52828
7290106577039,false,גלידה לה קרמריה שוקו וניל פליק 1.4 ל' נסטלה,תות תעשיות מזון (201,IL,לה קרמריה וניל שוקו,,1400.00,,false,,23.90,0.0171,true,1,52334
7290106577282,false,צבר טחינה מרובע 400גרם,סלטי צבר,IL,טחינה צבר 400גרם,,400.00,100 גרם,false,,13.90,0.0348,true,1,51883
7290106577541,false,כרוב אדום מרובע 400 ג' צבר,סלטי צבר,IL,כרוב אדום צבר 400גרם,,400.00,100 גרם,false,,13.90,0.0348,true,1,51892
7290106577572,false,צבר מטבוחה מרובע 400גרם,סלטי צבר,IL,מטבוחה צבר 400גרם,,400.00,,false,,13.90,0.0348,true,1,51893
7290106578692,false,אוסם - במבה ביסלי מיקס 80 גרם,פרו מן יו פתרונות אר,IL,במבה ביסלי מיקס 80 ג,,80.00,100 גרם,false,,5.60,0.0700,true,1,57662
7290106653689,false,לקט לסלט בסגנון אסייתי,שטראוס בריאות ירקות,IL,לקט לסלט אסייתי שטרא,,350.00,,false,,13.90,0.0397,true,1,84289
7290106654099,false,מילקי CAKE עוגות אישיות במילוי קרם חלב,STRAUSS-ISRAEL,,מארז מילקי קייק שמינ,,272.00,,false,,21.90,0.0805,true,1,58459
7290106656734,false,עוגיות חיוכים וניל 600 ג'רם,אפיפית נצרת,IL,עוגיות חיוכים וניל ב,,600.00,,false,,19.90,0.0332,true,1,53372
7290106658479,false,עלית וופל בטעם טורטית אגוזים 360גר,"שטראוס גרופ בע""מ",IL,טורטית מגדים 40גר,,40.00,100 גרם,false,,5.00,0.1250,true,1,59760
7290106662025,false,תפוצ'יפס טבעי מלח פלפל 50 ג',"שטראוס פריטו ליי בע""",IL,תפוצ'יפס מלח פלפל 50,,50.00,,false,,4.70,0.0940,true,1,98350
7290106663558,false,"רוטב טריאקי ורימון יד מרדכי 280מ""ל",אף.סי תבליני בגליל ב,IL,רוטב טריאקי רימון יד,,320.00,,false,,15.90,0.0497,true,1,56534
7290106666788,false,עלית - סוכריות נוסטלגיה דבש ממולאות 80 גרם,פלזנסקי,IL,סוכריות נוסטלגיה דבש,,80.00,,false,,6.50,0.0813,true,1,56094
7290106667266,false,דוריטוס חמוץ חריף עלית 185 ג',הנסיך- מפעל לייצור ט,IL,דוריטוס חמוץ חריף 18,,185.00,,false,,9.60,0.0519,true,1,58956
7290106668577,false,"מיץ לימון טבעי יד מרדכי 250 מ""ל",האי נאם סי או אל.טי.,IT,מיץ לימון טבעי 250 מ,,250.00,100 גרם,false,,9.50,0.0380,true,1,88024
7290106668713,false,יוגורט עם פירות יער 3% שומן 150 ג' דנונה,מיוצר עי קונדיטוריית,IL,דנונה פירות יער 3% 1,,150.00,100 גרם,false,,4.90,0.0327,true,1,56798
7290106669857,false,קפסולות 06 אספרסו בטעם וניל עלית 10יח',הנסיך- מפעל לייצור ט,IL,קפסולות אספרסו בטעם,,50.00,100 גרם,false,,19.90,0.3980,true,1,84694
7290106720626,false,צ'יטוס קראנצ' בטעם גבינה - חלבי,"שטראוס פריטו ליי בע""",IL,ציטוס קראנצ בטעם גבי,,80.00,,false,,5.10,0.0637,true,1,85184
7290106721920,false,צנצנת מסטיק מאסט בטעם ספירמינט עדין 66 ג' עלית,"שטראוס גרופ בע""מ.",IL,מסטיק מאסט ספירימינט,,66.00,,false,,11.50,0.1742,true,1,56099
7290106723689,false,עלי תרד בייבי שטראוס,שטראוס בריאות ירקות,IL,עלי תרד בייבי שטראוס,,200.00,,false,,12.90,0.0645,true,1,54663
7290106725867,false,"סירופ מייפל טהור 189 מ""ל יד מרדכי",קוסלסי פוד,CA,*מבצע* סירופ מייפל ט,,189.00,,false,,25.90,0.1370,true,1,57944
7290106726178,false,יוגורט PRO עם פירות יער 2.4% 10 גרם חלבון בגביע,מיוצר עי קונדיטוריית,IL,דנונה WOW פירות יער,,150.00,100 גרם,false,,5.30,0.0353,true,1,57677
7290106727984,false,כיף כף פצפוצים ושוקולד 135 ג',שולן צ'יקולטה גידה ס,TR,כיף כף גביע פצפצים 1,,135.00,,false,,12.90,0.0956,true,1,81798
7290107280020,false,מטליות לחות סנו סושי לניקוי כללי שלישיה *50 יח',טרופיקל דגיל- תעשיות,IL,מגבוני ניקוי כללי סנ,יחידה,0.00,יחידה,false,,21.90,0.0000,true,1,98212
7290107280099,false,מגבוני טואלט לחים סנו סופט שלישייה * 48 יח',טרופיקל דגיל- תעשיות,IL,מגבוני טואלט סופט של,יחידה,0.00,יחידה,false,,19.90,0.0000,true,1,105793
7290107280396,false,"סנו - ג'ט מרסס לניקוי יסודי במטבח 750 מ""ל","סנו מפעלי ברונוס בע""",IL,סנו ג'ט למטבח 750מל,,750.00,,false,,14.90,0.0199,true,1,52061
7290107280709,false,"סנו ספארק נוזל הברקה למדיח 700 מ""ל","סנו מפעלי ברונוס בע""",IL,סנו ספארק נוזל הברקה,,900.00,100 גרם,false,,15.90,0.0177,true,1,55006
7290107280761,false,נוזל לניקוי כלים בניחוח לימון רענן סנו ספארק Spark,מיוצר עי קונדיטוריית,IL,סנו ספארק משאבה לימו,,1000.00,100 גרם,false,,13.90,0.0139,true,1,57897
7290107340526,false,מטען בית טייפ סי,,,מטען טייפסי IMX,יחידה,0.00,יחידה,false,,39.90,0.0000,true,1,114555
7290107341356,false,כבל אייפון imx,,,כבל אייפון IMX,יחידה,0.00,יחידה,false,,19.90,0.0000,true,1,115621
7290107347228,false,כבל אייפון 2 מטר,,,כבל אייפון 2 מטר,יחידה,0.00,יחידה,false,,24.90,0.0000,true,1,118751
7290107647731,false,קוקומן חום לבן בטעם שוקולד ווניל,אתר שפע,,קוקומן חום לבן בדצ 3,,375.00,100 גרם,false,,22.90,0.0611,true,1,86936
7290107647854,false,"שוגי מופחת סוכר תלמה 500 ג' בד""צ",יוניליוור ישראל מזון,IL,שוגי בדצ 500 גר,,500.00,100 גרם,false,,22.90,0.0458,true,1,87031
7290107871297,false,אוסם - מיני פריכונים עשבי תיבול 25 גרם,"מיוצר ע""י PT, משווק",IL,פירכונים מיני עשבי ת,,25.00,100 גרם,false,,4.70,0.1880,true,1,55199
7290107871990,false,פסטה צינורות 500 ג' אסם,פסטה זארה,IT,פסטה צינורות אסם 500,,500.00,100 גרם,false,,7.60,0.0152,true,1,54099
7290107874427,false,אוסם - מיני פריכונים זעתר 25 גרם,פרח תעשיות מזון,IL,פריכונים מיני זעתר א,,25.00,100 גרם,false,,4.70,0.1880,true,1,55201
7290107874441,false,פריכונים מיני בצל מקורמל אסם 25ג',"מיוצר ע""י PT, משווק",IL,פריכונים מיני בצל מק,,25.00,100 גרם,false,,4.70,0.1880,true,1,55202
7290107875400,false,גלידה לה קרמריה פיסטוק מוקה 1.4 ל' נסטלה,המאפיה של הרמן,IL,לה קרמריה פיסטוק מוק,,1400.00,,false,,23.90,0.0171,true,1,54952
7290107875820,false,קרוטונים אפויים בתיבול ביתי אוסם 180 ג',עינת תעשיות מזון,IL,קרוטונים אפויים בתיב,,180.00,100 גרם,false,,13.50,0.0750,true,1,86506
7290107879521,false,קרחוני לה פרוטה La Frutta תות שדה - 5 יח',גלידות נסטלה Nestle,IL,מאגדת לה פרוטה תות 5,יחידה,0.00,יחידה,false,,26.90,0.0000,true,1,58764
7290107879569,false,קרחון לה פרוטה שרבט מנגו מאגדת 5יח',גלידות נסטלה Nestle,IL,מאגדת לה פרוטה מנגו,יחידה,0.00,יחידה,false,,26.90,0.0000,true,1,58765
7290107930321,false,קונפיטורה דובדבן יד מרדכי 340 ג',בית אל מזון,IL,קונפיטורת דובדבן יד,,340.00,100 גרם,false,,15.90,0.0468,true,1,57147
7290107931397,false,כיף כף פצפוצים ביסקוויט 40ג',שולן צ'יקולטה גידה ס,TR,כיף כף פצפצים 40גר,,40.00,,false,,6.50,0.1625,true,1,59069
7290107932080,false,חלב בבקבוק 3% שומן 1 ל' יוטבתה,מחלבת יטבתה,IL,חלב 3% מועשר בבקבוק,,1000.00,100 גרם,false,,8.50,0.0085,true,1,57649
7290107933155,false,לקט סלנובה טעם הטבע,שטראוס בריאות ירקות,IL,לקט סלנובה 200גר,,200.00,,false,,14.90,0.0745,true,1,58591
7290107934473,false,מארז 8 יח' אקטיביה יוגורט קרמי 1.5% שומן,דנונה - שטראוס,IL,אקטיביה מארז שמינייה,,1200.00,,false,,22.90,0.0191,true,1,57305
7290107936309,false,דנונה יוגורט 7% יווני לבן 130 ג',"שטראוס בריאות בע""מ",IL,דנונה יווני לבן 130ג,,130.00,100 גרם,false,,4.20,0.0323,true,1,82387
7290107936958,false,עד חצות ביסקוויט אצבעות שוקולד 125 גרם,הדקלאים אגודת שיתופי,FR,עד חצות ביסקוויט אצב,,125.00,,false,,12.90,0.1032,true,1,87068
7290107936965,false,עד חצות עוגיות עיגולים 225 גר',ביסקווטרי עוגיות סנט,FR,עד חצות ביסקוויט עיג,,225.00,,false,,15.90,0.0707,true,1,87070
7290107937542,false,משקה יוגורט אקטיביה עם תות 1.2% שומן,מיוצר עי קונדיטוריית,IL,אקטיביה משקה תות 1.2,,265.00,,false,,5.90,0.0223,true,1,59330
7290107937627,false,מסטיק מאסט Must קוביות ללא סוכר בטעם מנטה עדינה,אסקום קונפקשיין,DE,מסטיק מאסט קוביות ספ,,58.00,,false,,11.50,0.1983,true,1,82411
7290107938396,false,"אקטימל משקה פרוביוטי תות 100X8 מ""ל",מיוצר עי קונדיטוריית,IL,אקטימל תות שמינייה ב,,864.00,100 גרם,false,,21.90,0.0253,true,1,59743
7290107939027,false,גזר דק דק ירקות שטרא,שטראוס בריאות ירקות,IL,גזר דק דק ירקות שטרא,,250.00,,false,,8.20,0.0328,true,1,83971
7290107940030,false,חומוס אחלה 650 גר',,,*מבצע* חומוס אחלה 65,,650.00,100 גרם,false,,8.90,0.0137,true,1,88725
7290107940467,false,אקטיביה יוגורט 1.5% שומן 200 ג' דנונה,מיוצר עי קונדיטוריית,IL,אקטיביה יוגורט קרמי,,200.00,,false,,4.90,0.0245,true,1,59746
7290107941259,false,עדשים ירוקות מבושלות,הורקסה לס לגונס דה ס,IL,עדשים ירוקות מבושלות,,475.00,,false,,12.90,0.0272,true,1,83972
7290107941273,false,חומוס מבושל טעם הטבע,הורקסה לס לגונס דה ס,IL,חומוס מבושל שטראוס 4,,475.00,,false,,12.90,0.0272,true,1,83974
7290107943192,false,"שמנת חמוצה מהערבה 27% שומן 200 מ""ל יטבתה",יטבתה,,שמנת חמוצה מהערבה 27,,200.00,,false,,4.70,0.0235,true,1,87046
7290107943369,false,קוואקר שיבולת שועל ללא גלוטן 511 גר'.,היידי שוקולד בירונטי,US,קוואקר שיבולת שועל ל,,511.00,,false,,20.50,0.0401,true,1,86789
7290107945165,false,קונפיטורה משמש יד מרדכי 340 ג',אף.סי תבליני בגליל ב,IL,קונפיטורת משמש יד מר,,340.00,,false,,15.90,0.0468,true,1,84691
7290107950190,false,מעדן חלב דל קלוריות בטעם שוקולד מריר 0.5% שומן,מיוצר עי קונדיטוריית,IL,מעדן שטראוס דיאט שוק,,130.00,100 גרם,false,,3.90,0.0300,true,1,82377
7290107950206,false,מעדן חלב דל קלוריות בטעם שוקולד 0% שומן,מיוצר עי קונדיטוריית,IL,מעדן שטראוס דיאט שוק,,130.00,100 גרם,false,,3.90,0.0300,true,1,82555
7290107953559,false,קפה טורקי עלית לדרך שקיות 24X7ג',הנסיך- מפעל לייצור ט,IL,מארז קפה טורקי לדרך,,168.00,100 גרם,false,,19.90,0.1185,true,1,99440
7290107954709,false,קונפיטורה יד מרדכי פירות יער 340 ג',יד מרדכי,IL,קונפיטורת פירות יער,,340.00,,false,,15.90,0.0468,true,1,86133
7290107954976,false,"משקה יטבתה חלבון פרו קפה 350מ""ל",מחלבת יטבתה,DE,משקה חלב יטבתה פרו 3,,350.00,,false,,7.70,0.0220,true,1,86467
7290107956642,false,"תרסיס שמן זית יד מרדכי 150 מ""ל",פארייפאבה אגרואינדוס,ES,"תרסיס שמן זית 150 מ""",,150.00,100 גרם,false,,18.90,0.1260,true,1,88837
7290107957113,false,סימפוניה 5% זיתים פיקנטיים 200 ג' שטראוס,קריות זול,IL,גבינת סימפוניה זיתים,,200.00,,false,,12.50,0.0625,true,1,90474
7290107957991,false,מילקי CAKE מיניס קרם חלב בציפוי שוקולד חלב שקית 16X9ג',בובארד איטליה אס.פי.,IT,מארז מילקי מיניס קיי,,144.00,,false,,15.90,0.1104,true,1,90346
7290107958035,false,יוגורט במתיקות מעודנת 2% ללא תוספת סוכר- מארז 8 יח,דנונה - שטראוס,IL,דנונה מארז שמינייה מ,,1200.00,,false,,21.70,0.0181,true,1,87451
7290107958639,false,מטבוחה אחלה מרוקאית חריפה 400 גר',מיוצר עי קונדיטוריית,IL,מטבוחה מרוקאית חריפה,,400.00,,false,,17.50,0.0438,true,1,87452
7290107973861,false,מאסטר שף - עגבניות קצוצות דק שלישיה 400 גרם * 3,קונסרזיו קאסאלאסקו ד,IT,עגבניות קצוצות דק מא,,1200.00,,false,,16.90,0.0141,true,1,82578
7290107974820,false,ממרח מתובל ספייסי מאסטר שף 248 ג',מאסטר שף,,ממרח מתובל ספייסי מא,,250.00,100 גרם,false,,8.90,0.0356,true,1,82573
7290107974837,false,ממרח מתובל שום מאסטר שף 253ג',מאסטר שף,,ממרח מתובל שום מאסטר,,250.00,,false,,8.90,0.0356,true,1,82574
7290108071191,false,בוקט סוכריות על מקל מיניונים 10 יח',,,בוקט סוכריות על מקל,יחידה,0.00,יחידה,false,,9.90,0.0000,true,1,93961
7290108201864,false,קולון קפסולות ג'ל כביסה 28 יח,קולון Colon,,קולון קפסולות לכביסה,יחידה,0.00,יחידה,false,,29.90,0.0000,true,1,113527
7290108350128,false,סנו סושי שקיות אשפה חזקות במיוחד 40 יח',מיוצר עי קונדיטוריית,IL,שקיות אשפה סנו סושי,,40.00,,false,,29.90,0.7475,true,1,98216
7290108350142,false,שקיות רב שימושיות ענק סנו סושי 270 יח',אשפלסט תעשיות,IL,שקיות סנו סושי רב שי,,270.00,,false,,14.90,0.0552,true,1,56561
7290108350203,false,כריות קרצוף אקסטרה חזקות עם ספוג מקציף - 6 יח',סנו סושי,US,סנו סושי כריות קרצוף,,6.00,,false,,11.90,1.9833,true,1,82148
7290108350531,false,סנו ספארק נוזל כלים בניחוח קלאסי עם משאבה 1 ל',מיוצר עי קונדיטוריית,IL,סנו ספארק משאבה קלאס,,1000.00,100 גרם,false,,13.90,0.0139,true,1,105605
7290108350616,false,סנו - מקסימה מרכך כביסה מרוכז פריחה כחולה 1 ליטר,"סנו מפעלי ברונוס בע""",IL,סנו מקסימה בלו בלוסו,,1000.00,100 גרם,false,,19.90,0.0199,true,1,59502
7290108350623,false,מרכך כביסה סופר מרוכז סופט סילק מקסימה 1 ל' סנו,"סנו מפעלי ברונוס בע""",IL,סנו מקסימה סופט סילק,,1000.00,,false,,19.90,0.0199,true,1,59503
7290108350722,false,אורביטול - משחת שיניים 6+ בוב ספוג 70 גרם,טרופיקל דגיל תעשיות,IL,אורביטול משחת שיניים,,70.00,,false,,8.90,0.1271,true,1,116486
7290108351514,false,מרכך כביסה בבישום עוצמתי פריחה כחולה,סנו מקסימה,IL,סנו מקסימה מרכך כביס,ליטרים,4.00,ליטר,false,,23.90,5.9750,true,1,83587
7290108351613,false,סנו ריצפז פרש הום 2 ליטר בניחוח מלון חלומי,"סנו מפעלי ברונוס בע""",IL,ריצפז פרש הום בניחוח,ליטרים,2.00,ליטר,false,,25.90,12.9500,true,1,87510
7290108351699,false,סנו - ג'ט מטליות לחות לניקוי כללי בתוספת חומץ לבנדר שלישיה,סנו מפעלי ברונוס על,IL,מגבוני ניקוי ג'ט +חו,יחידה,0.00,יחידה,false,,21.90,0.0000,true,1,105604
7290108351804,false,סנו - מקסימה מרכך כביסה מרוכז ג'נטל בריז 1 ליטר,מיוצר עי קונדיטוריית,IL,סנו מקסימה סופר מרוכ,,1000.00,,false,,19.90,0.0199,true,1,97280
7290108351811,false,מקסימה מרכך כביסה סופר מרוכז פלור טאצ' 1 ליטר,מיוצר עי קונדיטוריית,IL,סנו מקסימה סופר מרוכ,,1000.00,,false,,19.90,0.0199,true,1,97281
7290108352214,false,סנו - מקסימה קפסולות כביסה בניחוח בריזה מרעננת 40 יח',טרופיקל דגיל תעשיות,IL,סנו מקסימה 40 קפסולו,,40.00,,false,,35.90,0.8975,true,1,114041
7290108352252,false,נוזל לניקוי כלים מתאים לניקוי ירקות ופירות סנו ספארק,"סנו מפעלי ברונוס בע""",IL,סנו ספארק לניקוי כלי,,1000.00,100 גרם,false,,13.90,0.0139,true,1,114506
7290108352399,false,ריצפז פרש הום בניחוח מרכך כביסה פלורל טאצ',"סנו מפעלי ברונוס בע""",IL,ריצפז פרש הום בניחוח,,2000.00,100 גרם,false,,25.90,0.0129,true,1,120023
7290108352535,false,סנו - מקסימה דפי בישום לחים למייבש הכביסה בניחוח מרכך כביסה,סנו מקסימה,IL,מקסימה דפי בישום למי,,20.00,,false,,13.90,0.6950,true,1,119395
7290108352566,false,מרכך כביסה בבישום עוצמתי 4 ל' סנו מקסינה,"סנו מפעלי ברונוס בע""",IL,סנו מקסימה מרכך כביס,,4000.00,,false,,23.90,0.0060,true,1,120024
7290108352672,false,מטלית הפלא לריצפה זוג סנו סושי,סנו מפעלי ברונוס.,CN,מטלית הפלא לריצפה סנ,יחידה,0.00,יחידה,false,,22.90,0.0000,true,1,106034
7290108352825,false,ספוג הפלא נירוסטה סנו סושי 3יח',s.k.a.t ltdסנו מפעלי,CN,ספוג הפלא נירוסטה סנ,יחידה,0.00,יחידה,false,,11.90,0.0000,true,1,106036
7290108353068,false,ספוג הפלא נירוסטה עם סיבי קירצוף סנו סושי 2 יח',מיוצר עי קונדיטוריית,CN,כריות סיבי הירוסטה ס,יחידה,0.00,יחידה,false,,11.90,0.0000,true,1,106037
7290108353686,false,מטלית חלומית לריצפה מיקרופייבר,נינגבו סנבנג,CN,מטלית חלומית לרצפה ס,יחידה,0.00,יחידה,false,,11.90,0.0000,true,1,116487
7290108354270,false,מרכך כביסה מרוכז בבישום עוצמתי 1 ל' סנו מקסימה,מיוצר עי קונדיטוריית,IL,מקסימה מרכך כביסה מר,,1000.00,100 גרם,false,,19.90,0.0199,true,1,119291
7290108354430,false,"שמפו כיף לשיקום והזנה שמן קוקוס וקרטין 700 מ""ל",קוסמופארם בעמ,IL,כיף שמפו לשיער שמן ק,,700.00,100 גרם,false,,13.90,0.0199,true,1,116488
7290108354447,false,"מרכך כיף לשיקום והזנה שמן קוקוס וקרטין 700 מ""ל",גוד פוד פרודקטס S.p,IL,כיף מרכך לשיער שמן ק,,700.00,100 גרם,false,,13.90,0.0199,true,1,116489
7290108356113,false,"כיף תחליב רחצה דבש 700 מ""ל-מרכז",קוסמופארם בעמ,IL,כיף תחליב רחצה דבש 7,,700.00,100 גרם,false,,13.90,0.0199,true,1,91247
7290108356519,false,קרליין שמפו 10למניעת קשקשים 700מל,קרליין Careline,IL,קרליין שמפו 10 לשיער,,700.00,,false,,14.90,0.0213,true,1,120333
7290108356526,false,"קרליין - שמפו 10 לשיער יבש 700 מ""ל",קרליין Careline,IL,קרליין שמפו 10 לשיער,,700.00,,false,,14.90,0.0213,true,1,120334
7290108356540,false,"שמפו 10 לשיער צבוע 700 מ""ל קרליין",סנו,IL,קרליין שמפו 10 לשיער,,700.00,100 גרם,false,,14.90,0.0213,true,1,120336
7290108357189,false,"מבשם ומרכך למייבש הכביסה מקסימה פלורל 750 מ""ל סנו","איי, בי, אינבוו",IL,סנו מקסימה למייבש פל,,750.00,,false,,19.90,0.0265,true,1,105618
7290108357301,false,"סנו - K300 קוטל חרקים תיקנים ונמלים 300 מ""ל","סנו מפעלי ברונוס בע""",IL,סנו 300-K קוטל נמלים,,300.00,,false,,15.90,0.0530,true,1,120623
7290108357660,false,סבון ג'ל לאסלה בניחוח לבנדר 3 יח' סנו,קריות זול,,סנובון באבלס בניחוח,,0.00,,false,,17.90,0.0000,true,1,122596
7290108357707,false,"כיף שמפו לשיער רגיל-תפוח זרעי צ'יה 700 מ""ל",גוד פוד פרודקטס S.p,IL,כיף שמפו לשיער רגיל,,700.00,,false,,13.90,0.0199,true,1,91915
7290108357776,false,"כיף מרכך לשיער יבש -רימונים ושמן ארגן 700 מ""ל",גוד פוד פרודקטס S.p,IL,כיף מרכך לשיער יבש ר,,700.00,100 גרם,false,,13.90,0.0199,true,1,91918
7290108357875,false,"כיף - שמפו לחות מוגברת עם אפרסק וחמאת מורומורו 700 מ""ל",קוסמופארם,IL,כיף שמפו לחות מוגברת,,700.00,,false,,13.90,0.0199,true,1,120549
7290108357882,false,"כיף - מרכך לחות מוגברת עם אפרסק וחמאת מורומורו 700 מ""ל",קוסמופארם,IL,כיף מרכך לחות מוגברת,,700.00,,false,,13.90,0.0199,true,1,120550
7290108358070,false,"תחליב רחצה קרמה קלאסי 700 מ""ל",גוד פוד פרודקטס S.p,IL,קרמה תחליב רחצה קלאס,,700.00,,false,,18.90,0.0270,true,1,115776
7290108358087,false,"תחליב רחצה קרמה מאסק 700 מ""ל",גוד פוד פרודקטס S.p,IL,קרמה תחליב רחצה מאסק,,700.00,,false,,19.90,0.0284,true,1,115777
7290108358124,false,דפי בישום לחים למייבש הכביסה בניחוח מרכך כביסה 20 יח' מקסימה,,IL,מקסימה דפי בישום לחי,,20.00,,false,,13.90,0.6950,true,1,122592
7290108359183,false,שקית אשפה חזקות 70*50 60 יח' סנו סושי,,,שקיות אשפה עם ידית 6,יחידה,0.00,יחידה,false,,25.90,0.0000,true,1,121913
7290108359190,false,סושי מגבת הפלא 4 יח' = 12 גליל ארוך פי 3,סנו,IL,סנו סושי מגבות הפלא,יחידה,0.00,יחידה,false,,25.90,0.0000,true,1,123002
7290108501346,false,גבינה מגורדת גאודה 500 גר',Euro יורו מחלבות אירופה,IL,גבינת גאודה מגורדת 2,,500.00,,false,,25.90,0.0518,true,1,88859
7290108501827,false,קדאיף שערות בצק 450 גר',הנסיך- מפעל לייצור ט,GR,שערות קדאיף בצק 450ג,,450.00,100 גרם,false,,19.90,0.0442,true,1,93704
7290108502305,false,גבינת גרדה פדנו משולש 150 גר`וילי פוד,וילי פוד,IT,גבינה גרנה פדנו משול,,150.00,100 גרם,false,,22.90,0.1527,true,1,90967
7290108502763,false,גבינת קממבר 200 גרם,,,גבינת קממבר 200 גרם,,200.00,100 גרם,false,,19.90,0.0995,true,1,90373
7290108502862,false,מלפפונים כבושים במלח 18-25קטנים מאוד 600ג',וילי פוד,TR,מלפפון כבוש במלח 600,,600.00,100 גרם,false,,10.90,0.0182,true,1,100657
7290108503043,false,תפוחונים חטיף פלחים מיובשים מארז 22X4ג',ינטאי זונגקאן פוד קו,CN,מארז תפוחונים 4*22 ג,,88.00,100 גרם,false,,15.90,0.1807,true,1,90966
7290108503067,false,פרמזנו משולש ויליפוד,וילי פוד,IL,פרמזנו משולש 150 גרם,,150.00,100 גרם,false,,15.90,0.1060,true,1,90970
7290108504002,false,פרוסות גבינה לייט 9% שומן לכריכים וטוסטים 150 ג',Euro יורו מחלבות אירופה,,פרוסות גבינה לייט150,,150.00,100 גרם,false,,9.90,0.0660,true,1,116613
7290108504279,false,גבינה קשקבל צ'אנק 150 גר',ג.וילי פוד אינטרנשיו,ES,קשקבל צ'אנק יורו ציז,,150.00,,false,,15.90,0.1060,true,1,93000
7290108504286,false,גבינה איבריקו צ'אנק 150 גר',ג.וילי פוד אינטרנשיו,ES,איבריקו צ'אנק יורו צ,,150.00,,false,,15.90,0.1060,true,1,93001
7290108505726,false,גבינה חצי קשה-אצבעות,סאסו פטוראגס קומטויס,TR,אצבעות גבינה חצי קשה,,200.00,,false,,14.90,0.0745,true,1,113939
7290108505733,false,צמות - גבינה חצי קשה 25% שומן 200 ג',אונטד גידה,TR,צמות גבינה חצי קשה 2,,200.00,,false,,14.90,0.0745,true,1,113938
7290108505740,false,גבינת קשקבל קשה למחצה 25% שומן,Euro יורו מחלבות אירופה,TR,גבינת קשקבל חצי קשה,,200.00,,false,,14.90,0.0745,true,1,113940
7290108506501,false,אצבעות בצק פילו ממולאות גבינה 500 ג' ויליפוד,וילי פוד,,אצבעות בצק פילו במיל,,500.00,,false,,15.90,0.0318,true,1,120512
7290108506518,false,אצבעות בצק פילו ממולאות גבינה ותרד 500 ג' ויליפוד,וילי פוד,,אצבעות בצק פילו במיל,,500.00,,false,,15.90,0.0318,true,1,120513
7290108506624,false,גבינת עיזים צ'אנק 15,אל פסטור,ES,גבינת עיזים צ'אנק 15,,150.00,,false,,15.90,0.1060,true,1,114171
7290108506709,false,גבינת פרמג'יאנו רג'יאנו 150 גר' רבנות,וילי פוד,IT,גבינת פרמג'נו רג'אנו,,150.00,100 גרם,false,,24.90,0.1660,true,1,113942
7290108506969,false,מאפה בורקס מים תורכי - גבינה 300 ג',וילי פוד,TR,מאפה בורקס מים תורכי,,300.00,100 גרם,false,,10.90,0.0363,true,1,115994
7290108507010,false,מאפה בורקס מים תורכי - תרד וגבינה 300 ג',וילי פוד,TR,מאפה בורקס מים תורכי,,300.00,,false,,10.90,0.0363,true,1,115995
7290108507058,false,ביסקויט פריך בשוקולד חלב 100 גרם -קהילות,מודרן צוקולטה,TR,ביסקויט פריך בשוקולד,,100.00,100 גרם,false,,7.90,0.0790,true,1,120518
7290108507645,false,ביסקויט פריך בשוקולד מריר 100 גרם -קהילות,מודרן צוקולטה,TR,ביסקוויט פריך בשוקול,,100.00,,false,,7.90,0.0790,true,1,120519
7290108507652,false,ביסקויט פריך בשוקולד לבן 100 גרם -קהילות,מודרן צוקולטה,TR,ביסקויט פריך בשוקולד,,100.00,,false,,7.90,0.0790,true,1,120520
7290108508888,false,ביסקוויטים פתי בר ויליפוד 500 ג',ארגון ציקולאטה,TR,ביסקוויט פתי בר וילי,,500.00,,false,,7.90,0.0158,true,1,119030
7290108509106,false,"גבינה בולגרית מעודנת בקוביות 13% שומן 200 ג' חת""ס פ""ת",קוליוס,TW,גבינה בולגרית מעודנת,,500.00,100 גרם,false,,12.90,0.0258,true,1,120133
7290108509113,false,"גבינה בולגרית מעודנת 18% שומן 250 גרם חת""ס פ""ת",Euro יורו מחלבות אירופה,TR,גבינה בולגרית מעודנת,,250.00,,false,,12.90,0.0516,true,1,120134
7290108509588,false,גבינה מלוחה עם עשבי תיבול 24% 153גרם,,GR,גבינה מלוחה 24% עם ע,,153.00,,false,,16.90,0.1105,true,1,122745
7290109351025,false,מלך החומוס חומוסטחינה 40% טחינה גולמית,סלטי צבר,IL,חומוסטחינה צבר 400גר,,400.00,100 גרם,false,,15.50,0.0388,true,1,57967
7290109354057,false,קרחוני לה פרוטה La Frutta בטעמי אננס תפוז- 5 יח',תות תעשיות מזון (201,IL,מאגדת לה פרוטה תפוז,,350.00,100 גרם,false,,26.90,0.0769,true,1,59422
7290109580043,false,"שניצל תירס קלאסי זוגלובק 1.75 ק""ג",זוגלובק,IL,"שניצל תירס 1.75ק""ג ז",,1750.00,,false,,49.90,0.0285,true,1,116119
7290109580098,false,קבנוס בטעם סרירצ'ה 135 ג' זוגלובק,זוגלובק,IL,קבנוס בטעם סרירצ'ה ז,,135.00,100 גרם,false,,13.90,0.1030,true,1,120366
7290109580104,false,פסטרמה פרימיום רוסטביף 150 גר',זוגלובק,IL,רוסטביף 150 גרם פרימ,,150.00,100 גרם,false,,25.90,0.1727,true,1,117165
7290109580111,false,"צלעות אסאדו מעושנות פרימיום, 120 גרם",זוגלובק,IL,צלעות אסאדו מעושנות,,120.00,,false,,25.90,0.2158,true,1,120243
7290109580135,false,פרימיום קורנדביף זוגלובק 180 ג',זוגלובק,IL,קורנדביף 180 גרם פרי,,180.00,,false,,25.90,0.1439,true,1,117167
7290109580159,false,זוגלובק פרימיום פסטרמה בנוסח טוסקנה,זוגלובק,,פסטרמה בנוסח טוסקנה,,180.00,100 גרם,false,,25.90,0.1439,true,1,117163
7290109580166,false,פרימיום סרוולד קלאסי זוגלובק 150 ג',זוגלובק,IL,סרוולדקלאסי 150ג פרי,,150.00,,false,,25.90,0.1727,true,1,117164
7290109580241,false,נאגטס מן הצומח 500 ג' זוגלובק,זוגלובק טבע,IL,נאגטס מן הצומח 500גר,,500.00,,false,,25.90,0.0518,true,1,121478
7290109580432,false,פסטרמה חזה הודו מעושן 120 גר' זוגלובק,זוגלובק,IL,פסטרמה בדחזה הודו מע,,120.00,,false,,14.90,0.1242,true,1,121476
7290109920146,false,"דורגול מסיר אבנית מקומקומים 750 מ""ל",דורינג,,דורגול מסיר אבנית 75,,750.00,100 גרם,false,,21.90,0.0292,true,1,81808
7290109920757,false,הפי מרכך לכביסה מרוכז ורדים 1ל',מיפא,,הפי מרכך כביסה מרוכז,,1000.00,100 גרם,false,,10.90,0.0109,true,1,93830
7290109921570,false,יעקבי רצפות לניקוי פרקט 1.25 ליטר,וונדפוט,BE,יעקובי רצפות פרקט 1.,,1250.00,,false,,15.90,0.0127,true,1,100053
7290109921587,false,מיוחד לרצפות גרניט פורצלן 1.25 ליטר,וונדפוט,BE,הפי לרצפית גרנית פור,,1250.00,100 גרם,false,,15.90,0.0127,true,1,100054
7290109923147,false,"פלא של אקונומיקה 750 מ""ל אסטוניש",יעקבי- אסטוניש Astonish,,אסטוניש מרסס פלא של,,750.00,100 גרם,false,,15.90,0.0212,true,1,121233
7290110110024,false,"פאנטה תות פחית סליק 330מ""ל",,,פאנטה תות סליק 330מל,,330.00,,false,,7.00,0.0212,true,1,87134
7290110110635,false,ספרייט בטעם למון ליים,החברה המרכזית לייצור,IL,"ספרייט בקבוק 500 מ""ל",,500.00,,false,,7.00,0.0140,true,1,95473
7290110110659,false,"ספרייט לימון ליים פחית 330מ""ל",החברה המרכזית לייצור,IL,"ספרייט סליק 330 מ""ל",,330.00,100 גרם,false,,7.00,0.0212,true,1,88864
7290110113261,false,נקטר אושן ספריי 19 קלוריות חמוציות 1 ליטר,קריות זול,IL,אושן ספריי 19 קלוריו,,1000.00,100 גרם,false,,13.90,0.0139,true,1,119616
7290110114787,false,נביעות + תפוח 1.5 ליטר פיקדון,נביעות טבע הגליל בעמ,IL,נביעות+ תפוח 1.5ליטר,,1500.00,100 גרם,false,,9.90,0.0066,true,1,119846
7290110114794,false,נביעות + אפרסק 1.5 ליטר פיקדון,"נביעות טבע הגליל בע""",IL,נביעות+ אפרסק 1.5ליט,,1500.00,,false,,9.90,0.0066,true,1,119847
7290110114800,false,נביעות + ענבים 1.5 ליטר פיקדון,"נביעות טבע הגליל בע""",IL,נביעות+ ענבים 1.5ליט,,1500.00,,false,,9.90,0.0066,true,1,119848
7290110114855,false,"נביעות מים מינרליים, שישיה 6 * 1.5 ליטר פקדון",נביעות טבע הגליל בעמ,IL,נביעות שישייה 6*1.5ל,,9000.00,100 גרם,false,,14.70,0.0016,true,1,119717
7290110114886,false,מיץ סחוט קלמנטינה 2 ל' פריגת,גת,IL,סחוט קלמנטינה 2ליטר,,2000.00,,false,,29.90,0.0150,true,1,119710
7290110114893,false,מיץ סחוט תפוז 2 ל' פריגת,פריגת,IL,סחוט תפוז 2ליטר,,2000.00,,false,,29.90,0.0150,true,1,119711
7290110114916,false,מיץ סחוט לימונענע 2 ל' פריגת,פריגת,IL,סחוט לימונענע 2ליטר,,2000.00,,false,,29.90,0.0150,true,1,119713
7290110114954,false,מיץ תפוזים מתקתקים 100% 2 ל' פריגת,פריגת,IL,סחוט 2ליטר מתקתק 100,,2000.00,100 גרם,false,,25.90,0.0130,true,1,119714
7290110114961,false,מיץ בטעם תפוזים 1.5ל' פריגת,מבשלות בירה בינלאומי,IL,משקה קל בטעם תפוזים,,1500.00,100 גרם,false,,9.90,0.0066,true,1,119853
7290110114985,false,פריגת אשכולית 1.5 ליטר פיקדון,מבשלות בירה בינלאומי,IL,משקה קל בטעם אשכוליו,,1500.00,,false,,9.90,0.0066,true,1,119855
7290110114992,false,פריגת light אשכולית 1.5 ליטר פיקדון,מבשלות בירה בינלאומי,IL,פריגת אשכולית לייט 1,,1500.00,,false,,9.90,0.0066,true,1,119856
7290110115005,false,פריגת ענבים 1.5 ליטר פיקדון,מבשלות בירה בינלאומי,IL,משקה קל בטעם ענבים פ,,1500.00,100 גרם,false,,9.90,0.0066,true,1,119857
7290110115012,false,מיץ ענבים בניחוח מרלו 1.5 ל' פריגת,פריגת,IL,משקה קל בטעם מרלו ענ,,1500.00,,false,,9.90,0.0066,true,1,119858
7290110115036,false,פריגת מנגו 1.5 ליטר פיקדון,מבשלות בירה בינלאומי,IL,פריגת משקה קל מנגו,,1500.00,100 גרם,false,,9.90,0.0066,true,1,119860
7290110115043,false,פריגת לימונענע 1.5 ליטר פיקדון,מבשלות בירה בינלאומי,IL,משקה קל בטעם לימונענ,,1500.00,100 גרם,false,,9.90,0.0066,true,1,119861
7290110115050,false,פריגת מיקס תות בננה 1.5 ליטר פיקדון,מבשלות בירה בינלאומי,IL,פריגת משקה קל תות-בנ,,1500.00,,false,,9.90,0.0066,true,1,119862
7290110115067,false,פריגת אפרסק 1.5 ליטר פיקדון,מבשלות בירה בינלאומי,IL,פריגת אפרסק 1.5ליטר,,1500.00,,false,,9.90,0.0066,true,1,119863
7290110115074,false,פריגת תפוח דובדבן 1.5 ליטר פיקדון,מבשלות בירה בינלאומי,IL,פריגת תפוח דובדבן 1.,,1500.00,100 גרם,false,,9.90,0.0066,true,1,119864
7290110115180,false,מים מינרליים נביעות,"נביעות טבע הגליל בע""",IL,נביעות 1.5 ליטר,,1500.00,100 גרם,false,,2.90,0.0019,true,1,119948
7290110115203,false,קוקה קולה 1.5 ליטר פיקדון,קוקה קולה Coca Cola,IL,קוקה קולה 1.5 ליטר,,1500.00,100 גרם,false,,9.50,0.0063,true,1,119723
7290110115210,false,דיאט קוקה קולה 1.5 ליטר פיקדון,קוקה קולה Coca Cola,IL,קוקה קולה דיאט 1.5ל,,1500.00,100 גרם,false,,9.50,0.0063,true,1,119724
7290110115227,false,קולה ZERO 1.5 ליטר פיקדון,קוקה קולה Coca Cola,IL,קוקה קולה זירו בקבוק,,1500.00,100 גרם,false,,9.50,0.0063,true,1,119725
7290110115234,false,קולה ZERO נטול 1.5 ליטר פיקדון,החברה המרכזית לייצור,IL,קוקה קולה זירו נטול,,1500.00,,false,,9.50,0.0063,true,1,119726
7290110115241,false,קוקה קולה זירו לימון 1.5 ליטר,החברה המרכזית לייצור,IL,קוקה קולה זירו לימון,,1500.00,100 גרם,false,,9.50,0.0063,true,1,119727
7290110115265,false,ספרייט 1.5 ליטר LIME פיקדון,החברה המרכזית לייצור,IL,ספרייט ליים 1.5ליטר,,1500.00,,false,,9.50,0.0063,true,1,119821
7290110115272,false,ZERO ספרייט זירו 1.5 ליטר פיקדון,החברה המרכזית לייצור,IL,ספרייט זירו 1.5 ליטר,,1500.00,100 גרם,false,,9.50,0.0063,true,1,119822
7290110115289,false,ספרייט 19 קל' לימון-נענע 1.5 ליטר פיקדון,החברה המרכזית לייצור,IL,ספרייט 19 קלוריות לי,,1500.00,100 גרם,false,,9.50,0.0063,true,1,119823
7290110115296,false,פאנטה אורנג' 1.5 ליטר פיקדון,החברה המרכזית לייצור,IL,פאנטה אורנג׳ 1.5 ליט,,1500.00,100 גרם,false,,9.50,0.0063,true,1,119872
7290110115319,false,פאנטה אקזוטיק 1.5 ליטר פיקדון,החברה המרכזית לייצור,IL,פאנטה אקזוטי 1.5 ליט,,1500.00,100 גרם,false,,9.50,0.0063,true,1,119876
7290110115364,false,קוקה קולה שישיות 1.5 ליטר פיקדון,החברה המרכזית לייצור,IL,קוקה קולה שישייה 6*1,,9000.00,,false,,53.90,0.0060,true,1,119729
7290110115371,false,דיאט קוקה קולה שישיות 1.5 ליטר פיקדון,החברה המרכזית לייצור,IL,קוקה קולה דיאט שישיי,,9000.00,,false,,53.90,0.0060,true,1,119730
7290110115395,false,ZERO ספרייט שישיות 1.5 ליטר פיקדון,החברה המרכזית לייצור,IL,ספרייט זירו שישייה 6,,9000.00,100 גרם,false,,53.90,0.0060,true,1,119874
7290110115401,false,קינלי סודה שישייה 1.5 ליטר פיקדון,החברה המרכזית לייצור,IL,קינלי סודה מארז שישי,,9000.00,,false,,21.70,0.0024,true,1,119881
7290110115418,false,מארז שישייה קוקה קולה זירו 1.5 ל',החברה המרכזית לייצור,IL,קוקה קולה זירו שישיי,,9000.00,,false,,53.90,0.0060,true,1,119820
7290110115425,false,FUZE TEA גרין לימונענע -נענע 1.5 ליטר פיקדון,מבשלות בירה בינלאומי,IL,פיוז טי גרין לימון נ,,1500.00,,false,,10.90,0.0073,true,1,119827
7290110115449,false,אייס תה בטעם מנגו אננס 1.5ל' FUZE TEA,מבשלות בירה בינלאומי,IL,פיוז טי תה קר בטעם מ,,1500.00,,false,,10.90,0.0073,true,1,119830
7290110115456,false,"תה קר בטעם אפרסק 19 קלוריות ב- 100 מ""ל",מבשלות בירה בינלאומי,IL,פיוז טי אפרסק 19קלור,,1500.00,,false,,10.90,0.0073,true,1,119831
7290110115463,false,אייס תה בטעם אפרסק 1.5ל' FUZE TEA,מבשלות בירה בינלאומי,IL,פיוז תה 1.5 ליטר בטע,,1500.00,100 גרם,false,,10.90,0.0073,true,1,119832
7290110115494,false,אייס תה בטעם ענבים 1.5ל' FUZE TEA,מבשלות בירה בינלאומי,IL,פיוז טי תה קר בטעם ע,,1500.00,100 גרם,false,,10.90,0.0073,true,1,119834
7290110115593,false,פריגת אשכוליות 40% פחות סוכר 1.5 ליטר פיקדון,מבשלות בירה בינלאומי,IL,פריגת אשכולית 40% פח,,1500.00,100 גרם,false,,9.90,0.0066,true,1,119865
7290110115616,false,FUZE tea zero גרין אננס 1.5 ליטר פיקדון,מבשלות בירה בינלאומי,IL,פיוז טי זירו גרין אנ,,1500.00,100 גרם,false,,10.90,0.0073,true,1,119837
7290110115623,false,משקה פיוז טי זירו ZERO בטעם אפרסק,מבשלות בירה בינלאומי,IL,פיוז טי זירו אפרסק 1,,1500.00,,false,,10.90,0.0073,true,1,119838
7290110115777,false,מים מינרלים נביעות 1.5 ל,נביעות,,נביעות 1.5 ליטר,,1500.00,100 גרם,false,,2.90,0.0019,true,1,119949
7290110115821,false,"ספרייט לימון, 1.5 ליטר פקדון",כלורוקס אוקלנד,IL,ספרייט ליים 1.5ליטר,,1500.00,,false,,9.50,0.0063,true,1,119966
7290110115838,false,"ספרייט זירו, 1.5 ליטר פקדון","אינסטנטה בע""מ",IL,ספרייט זירו 1.5 ליטר,,1500.00,100 גרם,false,,9.50,0.0063,true,1,119967
7290110115845,false,קוקה קולה 1.5 ליטר פיקדון,"אינסטנטה בע""מ",IL,קוקה קולה 1.5 ליטר,,1500.00,100 גרם,false,,9.50,0.0063,true,1,119944
7290110115852,false,קוקה קולה דיאט בקבוק,תות תעשיות מזון (201,IL,קוקה קולה דיאט 1.5ל,,1500.00,100 גרם,false,,9.50,0.0063,true,1,119968
7290110115869,false,קוקה קולה זירו 1.5 ליטר פיקדון,תות תעשיות מזון (201,IL,קוקה קולה זירו בקבוק,,1500.00,100 גרם,false,,9.50,0.0063,true,1,119945
7290110115968,false,קוקה קולה 1ליטר,קוקה קולה,,קוקה קולה 1ליטר,,1000.00,100 גרם,false,,7.70,0.0077,true,1,120554
7290110115975,false,קוקה קולה זירו בקבוק,החברה המרכזית לייצור,IL,קוקה קולה זירו 1ליטר,,1000.00,100 גרם,false,,7.70,0.0077,true,1,120559
7290110116064,false,פאנטה ZERO פירות ירוק 1.5 ליטר פיקדון,החברה המרכזית לייצור,IL,פאנטה זירו פירות ירו,,1500.00,100 גרם,false,,9.50,0.0063,true,1,121474
7290110116125,false,סירופ בטעם פטל במתיק,סירופ גבעת חיים,IL,סירופ פטל פריגת 750,,750.00,100 גרם,false,,25.90,0.0345,true,1,123355
7290110116149,false,"מיץ ענבים 750 מ""ל פריגת",סירופ גבעת חיים,IL,סירופ ענבים פריגת 75,יחידה,0.00,יחידה,false,,25.90,0.0000,true,1,123354
7290110116156,false,נביעות+ רכיבי פרי מנגו פסיפלורה 1.5 ליטר,נביעות,IL,נביעות+רכיבי פרי מנג,,1500.00,,false,,10.90,0.0073,true,1,122109
7290110116170,false,נביעות+ רכיבי פרי קוקוס אננס 1.5 ליטר,נביעות,IL,נביעות+רכיבי פרי קוק,,1500.00,,false,,10.90,0.0073,true,1,122106
7290110116194,false,"מים לימון ליים 0 קלוריות, 1.5 ל נביעות","נביעות טבע הגליל בע""",IL,נביעות+לימון ליים 0,,1500.00,100 גרם,false,,10.90,0.0073,true,1,122107
7290110116217,false,נביעות+ אשכוליות 0קלוריות 1.5 ליטר,"נביעות טבע הגליל בע""",IL,נביעות+אשכולית 0 קלו,,1500.00,,false,,10.90,0.0073,true,1,122108
7290110116484,false,מיץ סחוט תות בננה 1 ל' פריגת,Unknown,IL,פריגת סחוט מיקס תות,,1000.00,100 גרם,false,,19.90,0.0199,true,1,122933
7290110116491,false,מיץ סחוט אפרסק משמש 1 ל' פריגת,Unknown,IL,פריגת סחוט מיקס אפרס,,1000.00,,false,,19.90,0.0199,true,1,122934
7290110320591,false,גבינה בולגרית מעודנת 16%,פיראוס,IL,בולגרית 16% במרקם מע,,250.00,100 גרם,false,,24.90,0.0996,true,1,85289
7290110320683,false,משקה יוגורט בטעם תות 1.5% - מארז 8 יח',מיוצר עי קונדיטוריית,IL,יופלה משקה 360 בטעם,,856.00,,false,,18.90,0.0221,true,1,86980
7290110320850,false,פתיתים גבינה חצי קשה מגורדת 28% שומן,תנובה מרכז שיתופי לש,IL,פתיתי עמק 28% שומן 2,,200.00,,false,,16.90,0.0845,true,1,87110
7290110320867,false,פתיתים גבינה חצי קשה מגורדת 28% שומן,תנובה מרכז שיתופי לש,IL,פתיתי עמק 28% שומן 5,,500.00,,false,,37.90,0.0758,true,1,88124
7290110320935,false,גבינת מוצרלה תנובה 150ג' פרוסות,תנובה מרכז שיתופי לש,IL,פרוסות מוצרלה 150גר,,200.00,100 גרם,false,,17.70,0.0885,true,1,86874
7290110321031,false,מעדן חלב GO יוגורט מועשר בחלבון טבעי 200 ג' יופלה,"תנובה, מחלבת אלון תב",IL,יוגורט גו טבעי 200 מ,,200.00,,false,,5.90,0.0295,true,1,86871
7290110321277,false,קוטג' בקטנה % 5 100 ג' תנובה,פארייפאבה אגרואינדוס,IL,קוטג בקטנה 5% מהדרין,,100.00,100 גרם,false,,2.90,0.0290,true,1,88083
7290110321284,false,קוטג' בקטנה 9% 100 ג' תנובה,פארייפאבה אגרואינדוס,IL,קוטג בקטנה 9% מהדרין,,100.00,100 גרם,false,,2.90,0.0290,true,1,88084
7290110321680,false,יוגורט GO בטעם תות 20 גרם חלבון בגביע,מיוצר עי קונדיטוריית,IL,יוגורט גו תות 200 מל,,200.00,,false,,6.40,0.0320,true,1,88270
7290110321697,false,יוגורט GO בטעם אפרסק 20 גרם חלבון בגביע,מיוצר עי קונדיטוריית,IL,יוגורט גו אפרסק 200,,200.00,,false,,6.40,0.0320,true,1,88271
7290110321703,false,יוגורט GO בטעם פירות יער 20 גרם חלבון בגביע,מיוצר עי קונדיטוריית,IL,יוגורט גו פירות יער,,200.00,,false,,6.40,0.0320,true,1,89893
7290110322014,false,טופו בטעם טבעי תנובה ALTERNATIVE,שוורצקוף& הנקל דיסלד,IL,טופו טבעי 300 גרם,,300.00,100 גרם,false,,13.70,0.0457,true,1,89894
7290110322038,false,טופו פיקנטי תנובה ALTERNATIVE,תנובה Alternative,IL,טופו פיקנטי 300 גרם,,300.00,100 גרם,false,,13.70,0.0457,true,1,89896
7290110323585,false,יופלה יוגורט עם דובדבן מופחת קלוריות 200 ג' GO,יופלה Yoplait,,יוגורט גו לייט דובדב,,200.00,100 גרם,false,,6.40,0.0320,true,1,91131
7290110323592,false,יופלה יוגורט עם אפרסק מופחת קלוריות 200 ג' GO,יופלה Yoplait,,יוגורט גו לייט אפרסק,,200.00,100 גרם,false,,6.40,0.0320,true,1,91132
7290110323714,false,משקה קוקוס שקדים תנובה E אלטרנטיב,מיוצר עי קונדיטוריית,IL,משקה קוקוס שקדים 1 ל,,1000.00,,false,,13.50,0.0135,true,1,91648
7290110324353,false,יוגורט GO לייט בטעם אננס 20 גרם חלבון בגביע,"תנובה בע""מ",IL,יוגורט גו לייט אננס,,200.00,100 גרם,false,,6.40,0.0320,true,1,92332
7290110324711,false,ממרח סויה בטעם טבעי 9% שומן אלטרנטיב,מיוצר עי קונדיטוריית,IL,ממרח סויה 9% בטעם טב,,250.00,,false,,9.70,0.0388,true,1,92956
7290110324728,false,ממרח סויה עם שום שמיר 9% שומן אלטרנטיב,מיוצר עי קונדיטוריית,IL,ממרח סויה 9% עם שום,,250.00,100 גרם,false,,9.70,0.0388,true,1,92957
7290110324872,false,גבינה צהובה גלבוע 5% שומן 200 גרם,גלבוע - תנובה,IL,גבינה צהובה גלבוע 5%,,200.00,,false,,18.90,0.0945,true,1,100343
7290110324926,false,משקה סויה ללא תוספת סוכר E אלטרנטיב,תנובה מרכז שיתופי לש,IL,משקה סויה ללא תוספת,,1000.00,,false,,12.90,0.0129,true,1,100094
7290110325114,false,"משקה יוגורט יופלה גו לייט תות בננה 250 מ""ל - רבנות",מיוצר עי קונדיטוריית,IL,משקה גו לייט תות בננ,,250.00,,false,,7.00,0.0280,true,1,97049
7290110325121,false,משקה יוגורט יופלה גו לייט מנגו אננס,"תנובה בע""מ",IL,משקה גו לייט מנגו אנ,,250.00,100 גרם,false,,7.00,0.0280,true,1,97050
7290110325169,false,פרוסות גבינת גאודה 30%,תנובה,IL,פרוסות גאודה 170 גרם,,170.00,100 גרם,false,,20.90,0.1229,true,1,106922
7290110325312,false,מעדן סויה GO מועשר בחלבון בטעם תות,"תנובה בע""מ",IL,מעדן גו סויה בטעם תו,,200.00,,false,,6.50,0.0325,true,1,100350
7290110325619,false,משקה שיבולת שועל תנובה E אלטרנטיב,מיוצר עי קונדיטוריית,IL,משקה שיבולת שועל 1 ל,,1000.00,,false,,13.50,0.0135,true,1,105524
7290110325701,false,פיראוס צזיקי יווני 9% שומן על בסיס יוגורט,גוד פוד פרודקטס S.p,IL,פיראוס צזיקי יווני 9,,250.00,,false,,13.90,0.0556,true,1,105938
7290110325879,false,פתיתי גאודה 200 ג' תנובה,תנובה- השף הלבן,IL,פתיתי גאודה 200 גרם,,200.00,,false,,18.50,0.0925,true,1,113528
7290110325893,false,משקה חלב GO מועשר בחלבון בטעם אייס קפה,מיוצר עי קונדיטוריית,IL,משקה חלב גו אייס קפה,,340.00,,false,,8.90,0.0262,true,1,105522
7290110326210,false,יופלה און טופ פצפוצים 157 גרם.,מיוצר עי קונדיטוריית,IL,יוגורט און טופ פצפוצ,,157.00,,false,,5.40,0.0344,true,1,106914
7290110326227,false,יוגורט און טופ קורנפלקס 157 ג' יופלה,מיוצר עי קונדיטוריית,IL,יופלה און טופ קורנפל,,157.00,,false,,5.40,0.0344,true,1,106920
7290110326234,false,יוגורט און טופ כוכבים 157 ג' יופלה,מיוצר עי קונדיטוריית,IL,יופלה און טופ כוכבים,,157.00,,false,,5.40,0.0344,true,1,106916
7290110326241,false,יופלה און טופ גרנולה 157 גרם.,מיוצר עי קונדיטוריית,IL,יופלה און טופ גרנולה,,157.00,,false,,5.40,0.0344,true,1,106917
7290110326333,false,פרוסות גבינה בסגנון סקנדינבי 31%,פ.פ.ח. שאביט,IL,פרוסות גבינה סקנדינב,,170.00,100 גרם,false,,20.90,0.1229,true,1,115930
7290110326876,false,לאבנה עיזים פיראוס 2,,,לאבנה עיזים 250 גרם,,250.00,,false,,18.90,0.0756,true,1,123278
7290110326906,false,חלב נטול לקטוז 3% 1 ליטר,מיוצר עי קונדיטוריית,IL,חלב נטול לקטוז 3% שו,,1000.00,100 גרם,false,,7.80,0.0078,true,1,115947
7290110327033,false,משקה סויה גו מועשר בחלבון במתיקות מופחתת 1 ליטר,מיוצר עי קונדיטוריית,IL,משקה סויה תנובה גו ח,,1000.00,,false,,13.50,0.0135,true,1,115571
7290110327125,false,פטה 21% מחלב צאן במי מלח-200ג',תנובה בעמ,GR,גבינת פטה 21% מחלב צ,,200.00,,false,,24.70,0.1235,true,1,116277
7290110327514,false,משקה שיבולת שועל בטעם אגוזי לוז 1 ליטר אלטרנטיב,תנובה מרכז שיתופי לש,IL,משקה שיבולת שועל בטע,,1000.00,,false,,13.50,0.0135,true,1,118506
7290110327828,false,חטיף חלבון GO - חמאת בוטנים 60 ג' חלב נוכרי - רבנות,"בלמונט קונפקציות בע""",US,חטיף חלבון גו בטעם ח,יחידה,0.00,יחידה,false,,12.90,0.0000,true,1,118213
7290110328221,false,יוגורט תנובה נטול לקטוז 200 ג',מיוצר עי קונדיטוריית,IL,יוגורט לבן נטול לקטו,,200.00,,false,,4.60,0.0230,true,1,116977
7290110328627,false,יוגורט יופלה GO במרקם סמיך בטעם בננה קרמל 0%,מיוצר עי קונדיטוריית,IL,יוגורט גו סמיך בננה,,200.00,,false,,6.40,0.0320,true,1,118121
7290110328764,false,יוגורט יופלה GO במרקם סמיך עם תות 0%,מיוצר עי קונדיטוריית,IL,יוגורט גו סמיך תות 0,,200.00,,false,,6.40,0.0320,true,1,118122
7290110328771,false,יוגורט יופלה GO במרקם סמיך עם פירות יער 0%,מיוצר עי קונדיטוריית,IL,יוגורט גו סמיך פירות,,200.00,,false,,6.40,0.0320,true,1,118123
7290110328788,false,יוגורט יופלה GO במרקם סמיך בטעם אפרסק 0%,תנובה מרכז שיתופי לש,IL,יוגורט גו סמיך אפרסק,,200.00,,false,,6.40,0.0320,true,1,118120
7290110329167,false,טופו תנובה בטעם שווא,מיוצר עי קונדיטוריית,IL,טופו בטעם שווארמה 30,,300.00,100 גרם,false,,12.80,0.0427,true,1,118509
7290110329266,false,יוגורט תנובה מחלב עיזים מלא תנובה 140 ג',קריות זול,IL,יוגורט תנובה מחלב עי,,140.00,,false,,6.60,0.0471,true,1,118504
7290110329273,false,יוגורט מחלב עיזים מלא תנובה 750 ג',תנובה,IL,יוגורט תנובה מחלב עי,,750.00,,false,,23.50,0.0313,true,1,118505
7290110329303,false,פרוסות צהובה 200 גרם אלטרנטיב אלטרנטיב,תנובה Alternative,IL,פרוסות בטעם גבינה צה,,200.00,100 גרם,false,,22.90,0.1145,true,1,118507
7290110329426,false,טופו טבעי 250 גרם עם קרם קוקוס קארי,תנובה,IL,טופו טבעי עם רוטב קר,,250.00,100 גרם,false,,14.90,0.0596,true,1,121224
7290110329433,false,טופו טבעי 250 גרם עם רוטב סוצ'אן 60 מל,תנובה,IL,טופו טבעי עם רוטב סצ,,250.00,100 גרם,false,,14.90,0.0596,true,1,121225
7290110329686,false,"משקה חלב בטעם עוגיות 340 מ""ל GO",מיוצר עי קונדיטוריית,IL,משקה חלב גו בטעם עוג,,340.00,,false,,8.90,0.0262,true,1,119501
7290110329709,false,יוגורט תנובה 0% שומן,מיוצר עי קונדיטוריית,IL,יוגורט טבעי 0% תנובה,,200.00,100 גרם,false,,3.30,0.0165,true,1,119573
7290110329723,false,משקה קפה קר בטעם לאטה 230 ג' תנובה,תנובה מרכז שיתופי לש,IL,משקה קפה קר בטעם לאט,,230.00,,false,,7.90,0.0343,true,1,121121
7290110329792,false,יוגורט סויה BIO Alternative אפרסק 150 ג' תנובה,מיוצר עי קונדיטוריית,IL,סויה ביו אפרסק 150 ג,,150.00,,false,,5.20,0.0347,true,1,120015
7290110329808,false,יוגורט סויה BIO Alternative תות 150 ג' תנובה,מיוצר עי קונדיטוריית,IL,סויה ביו תות 150 ג א,,150.00,100 גרם,false,,5.20,0.0347,true,1,120016
7290110329822,false,יוגורט סויה BIO Alternative פירות יער 150 ג' תנובה,מיוצר עי קונדיטוריית,IL,סויה ביו פירות יער ג,,150.00,100 גרם,false,,5.20,0.0347,true,1,120013
7290110329839,false,פרוסות צהובה בטעם זיתים 200 ג' אלטרנטיב אלטרנטיב,מיוצר עי קונדיטוריית,IL,פרוסות צהובה בטעם זי,,200.00,,false,,22.90,0.1145,true,1,120007
7290110329846,false,יוגורט סויה BIO Alternative בטעם טבעי 150 ג' תנובה,תנובה Alternative,IL,סויה ביו טבעי 150 גר,,150.00,100 גרם,false,,5.20,0.0347,true,1,120018
7290110329914,false,מאגדת משקה שיבולת שועל ושקדים 100 גרם*6 יח' ביו אלטרנטיב,תנובה מרכז שיתופי לש,IL,מאגדת משקה שיבולת שו,,600.00,,false,,21.70,0.0362,true,1,121222
7290110550226,false,מטבעות שוקולד מריר לאפיה 400 ג עלית,שטראוס,IL,מטבעות שוקולד מריר ל,,400.00,,false,,32.90,0.0822,true,1,120977
7290110550363,false,פריכיות משולשות קינואה ומלח ים 65 גרם,Unknown,,אנרג'י פריכיות משולש,,65.00,,false,,11.90,0.1831,true,1,120174
7290110550370,false,פריכיות משולשות קינואה ופלפל שחור 65 גרם,Unknown,,משולשות קינואה ופלפל,,65.00,,false,,11.90,0.1831,true,1,122144
7290110552220,false,יוגורט PRO בטעם תות 0% סוכר לבן 20 גרם חלבון בגביע,"שטראוס בריאות בע""מ",IL,דנונה פרו 20 גרם חלב,,200.00,,false,,6.90,0.0345,true,1,119977
7290110552237,false,יוגורט פרו בטעם אפרסק מנגו ללא סוכר 200 ג' דנונה,"שטראוס בריאות בע""מ",IL,דנונה פרו 20 גרם חלב,,200.00,100 גרם,false,,6.90,0.0345,true,1,119975
7290110553029,false,"אנרג'י קריספס-פריכיות חומוס, עדשים ואפונה עם קייל וסלק","פרח תעשיו מזון בע""מ",IL,אנרג'י פריכיות חלבון,,60.00,,false,,11.90,0.1983,true,1,120175
7290110553036,false,קריספס-פריכיות עם אפונה ובטטה סגולה בטעם בצל מקורמל,"פרח תעשיו מזון בע""מ",IL,אנרג'י פריכיות חלבון,,60.00,,false,,11.90,0.1983,true,1,120176
7290110553098,false,"אנרג'י מיקס תערובת צימוקים, אגוזים ושוקולד חלב",אנרג'י Energy - שטראוס,,אנרג'י מיקס צימוקים,,100.00,,false,,17.90,0.1790,true,1,121831
7290110553180,false,אנרג'י - פריכיות בטעם תפוח קינמון 40 גרם,סאנורייס בלגיום,IL,פריכיות אנרגי בטעם ת,,40.00,,false,,7.90,0.1975,true,1,122146
7290110554422,false,רוטב עגבניות ופלפלים לשקשוקה 350 גר' יד מרדכי,אימילאנה,IT,רוטב עגבניות ופלפלים,,350.00,,false,,13.90,0.0397,true,1,120181
7290110554583,false,מארז חטיפי צ'יטוס פאפס בטעם גבינה - 10 יחידות,שטראוס,IL,מארז ציטוס PUFFS בטע,,200.00,,false,,14.50,0.0725,true,1,119926
7290110554798,false,פולי אספרסו עשירים וארומטיים עוצמה 08 250 ג' עלית,שטראוס קפה בי.וי,IL,פולי קפה אספרסו עשיר,,250.00,100 גרם,false,,22.90,0.0916,true,1,120980
7290110555078,false,לאבנה עם שמן זית ועשבי תיבול 250 גר',"מחלבות בר בכפר בע""מ",IL,לאבנה עם שמן זית ועש,,250.00,,false,,13.70,0.0548,true,1,121244
7290110555306,false,רבע לשבע טבעוני סינמון באן 25ג' עלית,הגביע מוצרי וופלים ב,IL,רבע לשבע טבעוני סינמ,,125.00,,false,,13.50,0.1080,true,1,121510
7290110556242,false,"שוקולד מריר פרווה 100 גר' בד""ץ תוצרת חוץ","שטראוס גרופ בע""מ.",IL,שוקולד מריר פרווה בד,,100.00,,false,,7.30,0.0730,true,1,122147
7290110557027,false,חומוס עשיר 50% טחינה גולמית 400 ג' אחלה,מיוצר עי קונדיטוריית,IL,חומוס 50% טחינה 400,,400.00,,false,,14.90,0.0373,true,1,119557
7290110557102,false,מעדן חלב עם שוקולד מועשר בחלבון 150 ג' שטראוס,מיוצר עי קונדיטוריית,IL,מעדן חלב עם שוקולד 1,,150.00,,false,,5.90,0.0393,true,1,118937
7290110557133,false,מעדן הגולן וניל 125 ג' שטראוס,מיוצר עי קונדיטוריית,IL,מעדן הגולן וניל 125,,125.00,,false,,3.70,0.0296,true,1,119444
7290110557645,false,אנרג'י מיקס צימוקים חמוציות וש.לבן 100 גר שטראוס,Unknown,,אנרג'י מיקס צימוקים,,100.00,,false,,17.90,0.1790,true,1,121832
7290110558215,false,"דנונה קראנצ`פיסטוק עם פיצפוץ לבן קראנצי פיסטוק, 173 גרם","שטראוס בריאות בע""מ",IL,דנונה קראנצ' פיסטוק,,173.00,100 גרם,false,,5.50,0.0318,true,1,122603
7290110558239,false,"וואו יוגורט עם שכבה בטעם קראק פאי 5.4%, 150 ג דנונה","שטראוס בריאות בע""מ",IL,דנונה WOW קראק פאי 1,,150.00,100 גרם,false,,5.30,0.0353,true,1,121785
7290110558284,false,יוגורט ביו מולטי 200 ג' דנונה,"שטראוס בריאות בע""מ",IL,דנונה ביו מולטי 200,,200.00,,false,,4.90,0.0245,true,1,121695
7290110558314,false,דנונה פרו 20 ג' חלבון ללא סוכר פיסטוק 200 גרם,"שטראוס בריאות בע""מ",IL,דנונה פרו 20 גרם חלב,,200.00,,false,,6.90,0.0345,true,1,121788
7290110558338,false,יוגורט PRO בטעם מתיקות מעודנת 1.5% שומן,"שטראוס בריאות בע""מ",IL,דנונה פרו עם 25 גרם,,200.00,,false,,6.90,0.0345,true,1,121158
7290110558666,false,מעדן גבינה בטעם תפוח 88 ג' דניאלה,"שטראוס בריאות בע""מ",IL,מעדן דניאלה תפוח 150,,150.00,,false,,4.30,0.0287,true,1,122604
7290110558741,false,"גמדים פאוץ תפוח בננה, 100 ג' שטראוס","שטראוס בריאות בע""מ",IL,גמדים סקוויז תפוח בנ,יחידה,0.00,יחידה,false,,5.90,0.0000,true,1,122917
7290110559007,false,"שועועית חומה טעם הטבע קופסה, 380 גרם",,,שעועית חומה 380ג טעם,,380.00,,false,,7.90,0.0208,true,1,121834
7290110559014,false,שעועית שחורה טעם הטבע 380ג שטראוס,,,שעועית שחורה 380 גרם,,380.00,,false,,7.90,0.0208,true,1,121836
7290110560324,false,"הפריכיות הטעימות תפו""א, אורז, אפונה ומלח ים","פרח תעשיו מזון בע""מ",IL,פריכיות משולשות-אפונ,,30.00,,false,,6.50,0.2167,true,1,91231
7290110561352,false,דנונה יוגורט ביו פרוביוטי 3% דל לקטוז 150ג',"שטראוס בריאות בע""מ",IL,דנונה ביו דל לקטוז 2,,200.00,100 גרם,false,,4.70,0.0235,true,1,89807
7290110563431,false,"משקה קפה קר בסגנון קלאסי 230 מ""ל 1.6% יוטבתה",האי נאם סי או אל.טי.,AT,משקה קפה קר בסיגנון,,230.00,,false,,8.70,0.0378,true,1,91603
7290110563462,false,חלב בבקבוק נטול לקטוז 2% יטבתה 1 ל',מחלבת יטבתה,IL,חלב 2% בבקבוק נטול ל,,1000.00,100 גרם,false,,9.90,0.0099,true,1,91958
7290110564339,false,חומוס אחלה הסידרה המובחר 30% טחינה 400 גר',מיוצר עי קונדיטוריית,IL,חומוס אבי עשיר ב30%,,400.00,,false,,14.90,0.0373,true,1,88288
7290110564360,false,חומוס אחלה הסידרה המובחר 40% טחינה 400 גר',מיוצר עי קונדיטוריית,IL,חומוס אבי עשיר ב40%,,400.00,100 גרם,false,,14.90,0.0373,true,1,88289
7290110564742,false,"משקה קפה קר בסגנון חזק 230 מ""ל 1.2% יוטבתה",האי נאם סי או אל.טי.,AT,משקה קפה קר בסיגנון,,230.00,100 גרם,false,,8.70,0.0378,true,1,91605
7290110564919,false,"דנונה יוגורט מעודן לל""ס 150 מ""ל",מיוצר עי קונדיטוריית,IL,דנונה מעודנת ללא סוכ,,150.00,100 גרם,false,,3.90,0.0260,true,1,105567
7290110565527,false,יוגורט PRO פרו 1.5% 20 גרם חלבון בגביע,"שטראוס בריאות בע""מ",IL,דנונה פרו 20 גרם חלב,,200.00,,false,,6.90,0.0345,true,1,87460
7290110565572,false,מנות אישיות קפה טורקי לדרך עם הל,שטראוס קפה בי.וי,IL,קפה טורקי לדרך עם הל,,168.00,,false,,19.90,0.1185,true,1,100064
7290110566975,false,דנונה פרו יוגורט 0% תות עשיר בחלבון 200ג',"שטראוס בריאות בע""מ",IL,דנונה פרו 20 גרם חלב,,200.00,100 גרם,false,,6.90,0.0345,true,1,89297
7290110568238,false,"קצפת צמחית 21% שומן 250 מ""ל יוטבתה",מחלבת יטבתה,IL,קצפת צמחית 21% שומן,,250.00,100 גרם,false,,9.50,0.0380,true,1,90032
7290110568276,false,משקה וניל פרו Pro מועשר בחלבון 1.5%,מילקוורק,IL,משקה יוטבתה פרו וניל,,350.00,100 גרם,false,,7.70,0.0220,true,1,89707
7290110568511,false,קונפיטורה פירות יער במתיקות מעודנת 265 ג' יד מרדכי,קריות זול,FR,קונפיטורת פירות יער,,265.00,,false,,15.90,0.0600,true,1,92097
7290110568627,false,עלית - פסק זמן רול שוקולד חלב עם קרם אגוזים 26 גרם,STRAUSS-ISRAEL,,פסק זמן רול שוקולד ח,,28.00,100 גרם,false,,5.00,0.1786,true,1,106429
7290110568924,false,עלית - פסק זמן רול שוקולד חלב עם קרם חלב וקוקוס 26 גרם,STRAUSS-ISRAEL,,פסק זמן רול שוקולד ח,,26.00,100 גרם,false,,5.00,0.1923,true,1,106430
7290110571184,false,עדשים חומות טעם הטבע 380ג שטראוס,,,עדשים חומות 380 ג טע,,380.00,,false,,7.90,0.0208,true,1,121835
7290110571382,false,מעדן חלב בטעם וניל מעושר בחלבון 150 ג' שטראוס,"שטראוס בריאות בע""מ",IL,מעדן חלב בטעם וניל 1,,150.00,,false,,5.90,0.0393,true,1,120816
7290110571405,false,עלית - מיני פינוקיות בגביע פסק זמן 180 גרם,עלית,IL,מיני פינוקיות בגביע,,180.00,,false,,11.90,0.0661,true,1,122430
7290110571412,false,מיני פינוקיות - פאדג' שוקולד בגביע 180 גרם,עלית,IL,מיני פינוקיות בגביע,,180.00,,false,,11.90,0.0661,true,1,122431
7290110571474,false,רבע לשבע טבעוני פופקורן 125 ג' עלית,הגביע מוצרי וופלים ב,IL,רבע לשבע טבעוני פופק,,125.00,,false,,13.50,0.1080,true,1,121504
7290110572129,false,כיף כף מקלות שוקולד לבן 40 ג' עלית,עלית,,כיף כיף מקלות שוקולד,,40.00,,false,,6.50,0.1625,true,1,122425
7290110572969,false,כיף כף פצפצים עקרם לבן 40ג' עלית,שולן צ'יקולטה גידה ס,TR,כיף כף פצפצים קרם לב,,40.00,,false,,6.50,0.1625,true,1,121827
7290110572976,false,כיף כף פצפצים בגביע במילוי קרם בטעם שוקולד לבן,שולן צ'יקולטה גידה ס,TR,כיף כך פיצפוצים קרם,,135.00,,false,,12.90,0.0956,true,1,121828
7290110574413,false,עלית - פופקורן בטעם טעמי 70 גרם,סראנו עבור שטראוס,קפריסין,פופקורן בטעם טעמי על,,70.00,,false,,8.50,0.1214,true,1,122426
7290110574420,false,עלית - פופקורן בטעם פסק זמן 70 גרם,סראנו עבור שטראוס,קפריסין,פופקורן בטעם פסק זמן,,70.00,,false,,8.50,0.1214,true,1,122427
7290110576363,false,"שוקולד ספלנדיד מריר 80% חלבי ,פולי קקאו מאוגנדה",קימ'ס גריפלנן,BE,ספלנדיד שוקולד מריר,,100.00,,false,,13.90,0.1390,true,1,121529
7290110576387,false,מאגדת שלישיית שוקולד אגוז חלב 300 ג' עלית,שטראוס,IL,מארז שלישיית שוקולד,,300.00,,false,,26.90,0.0897,true,1,122149
7290110576752,false,טבלאות שוקולד ספלנדיד מריר 70% 100 ג' עלית,קימ'ס גריפלנן,BE,שוקולד ספלנדיד 70% מ,,100.00,100 גרם,false,,11.90,0.1190,true,1,122428
7290110576776,false,טבלאות שוקולד ספלנדיד מריר 85% 100 ג' עלית,קימ'ס גריפלנן,BE,שוקולד ספלנדיד 85% מ,,100.00,100 גרם,false,,11.90,0.1190,true,1,122429
7290110576790,false,סקי בטעם מוקה 125 ג' שטראוס,"שטראוס בריאות בע""מ",IL,סקי גבינת מוקה 125גר,,125.00,,false,,4.50,0.0360,true,1,122605
7290110576851,false,"גמדים לשתיה סלט פירות 8 יח' *100מ""ל",קריות זול,IL,גמדים לשתיה שמינייה,,864.00,100 גרם,false,,22.90,0.0265,true,1,122601
7290110577230,false,משקה חלב בטעם פיסטוק יטבתה 1 ליטר,מחלבת יטבתה,IL,משקה חלב בטעם פיסטוק,,1000.00,100 גרם,false,,12.90,0.0129,true,1,122598
7290111010194,false,מגבוני תינוקות בייבי,,,מגבוני תינוקות בייבי,יחידה,0.00,יחידה,false,,11.90,0.0000,true,1,92140
7290111010200,false,תיק רב סל,,,תיק רב סל,יחידה,0.00,יחידה,false,,4.90,0.0000,true,1,91928
7290111010279,false,מגבונים לניקוי כללי,,,מגבונים לניקוי כללי,יחידה,0.00,יחידה,false,,10.00,0.0000,true,1,100977
7290111010293,false,נייר טואלט טוטו 48 ג,,,נייר טואלט טוטו 48 ג,,48.00,,false,,34.90,0.7271,true,1,100180
7290111010323,false,פפריקה מתוקה בשמן סו,,,פפריקה מתוקה בשמן סו,,400.00,100 גרם,false,,21.90,0.0547,true,1,106240
7290111010439,false,יין פרינס רויאל גוור,,,יין פרינס רויאל גוור,,750.00,100 גרם,false,,39.90,0.0532,true,1,116610
7290111010507,false,נוזל כלים 18% תפוח 1,,,נוזל כלים 18% תפוח 1,,1600.00,100 גרם,false,,11.90,0.0074,true,1,121614
7290111010514,false,נוזל כלים 18% לימון,,,נוזל כלים 18% לימון,,1600.00,100 גרם,false,,11.90,0.0074,true,1,121615
7290111010583,false,נייר טואלט טוטו דו ש,,,נייר טואלט טוטו דו ש,יחידה,0.00,יחידה,false,,34.90,0.0000,true,1,119579
7290111010613,false,"שמן זית בשן 750מ""ל",,,"שמן זית בשן 750מ""ל",,750.00,100 גרם,false,,29.90,0.0399,true,1,119617
7290111010668,false,יין לוטן בלנד אדום75,,,יין לוטן בלנד אדום75,,750.00,100 גרם,false,,29.90,0.0399,true,1,120376
7290111010743,false,יין מרלו שאטו רפאלו,,,יין מרלו שאטו רפאלו,,750.00,100 גרם,false,,29.90,0.0399,true,1,120603
7290111010750,false,יין ריזלינג/שרדונה ש,,,יין ריזלינג/שרדונה ש,,750.00,,false,,29.90,0.0399,true,1,120604
7290111010767,false,אקונומיקה סן רמו מבו,,,אקונומיקה סן רמו מבו,,4000.00,100 גרם,false,,14.90,0.0037,true,1,121594
7290111010774,false,מרכך כביסה בייבי פרש,,,מרכך כביסה בייבי פרש,,4000.00,100 גרם,false,,16.90,0.0042,true,1,121595
7290111010842,false,מרכך כביסה בייבי פרש,,,מרכך כביסה בייבי פרש,,1000.00,100 גרם,false,,12.90,0.0129,true,1,121602
7290111010873,false,מרכך כביסה פרש לבנדר,,,מרכך כביסה פרש לבנדר,,1000.00,100 גרם,false,,12.90,0.0129,true,1,121605
7290111010880,false,מרכך כביסה פרש בליסי,,,מרכך כביסה פרש בליסי,,1000.00,100 גרם,false,,12.90,0.0129,true,1,121606
7290111010897,false,מרכך כביסה פרש לאונר,,,מרכך כביסה פרש לאונר,,1000.00,,false,,12.90,0.0129,true,1,121607
7290111010903,false,מרכך כביסה פרש ונילה,,,מרכך כביסה פרש ונילה,,1000.00,100 גרם,false,,12.90,0.0129,true,1,121608
7290111010910,false,נוזל רצפות מרוכז מאס,,,נוזל רצפות מרוכז מאס,,2000.00,100 גרם,false,,16.90,0.0084,true,1,121609
7290111010941,false,נוזל רצפות מרוכז לבנ,,,נוזל רצפות מרוכז לבנ,,2000.00,,false,,16.90,0.0084,true,1,121612
7290111010958,false,נוזל רצפות מרוכז בית,,,נוזל רצפות מרוכז בית,,2000.00,100 גרם,false,,16.90,0.0084,true,1,121613
7290111010972,false,נוזל רצפות מאסק 4 לי,,,נוזל רצפות מאסק 4 לי,,4000.00,,false,,12.90,0.0032,true,1,121617
7290111010989,false,נוזל רצפות מרענן 4 ל,,,נוזל רצפות מרענן 4 ל,,4000.00,100 גרם,false,,12.90,0.0032,true,1,121618
7290111010996,false,תמר מלך המגהול גולד,,,תמר מלך המגהול גולד,,500.00,,false,,19.90,0.0398,true,1,121088
7290111092985,false,מגב'וני ביביסיטר רבעיה מהדורה מעוצבת,,,מגבוני בייביסיטר מהד,יחידה,0.00,יחידה,false,,15.90,0.0000,true,1,121592
7290111093470,false,"קוויק מסיר הפלא ספוגית להסרת כתמים, 3 יחידות",,,*מבצע* קוויק ספוגית,יחידה,0.00,יחידה,false,,9.00,0.0000,true,1,121908
7290111093982,false,טרופיקל תחליב רחצה פסיפלורה ואינקה אינצ'י דר עור,,,"תחליב רחצה ד""ר עור פ",,700.00,100 גרם,false,,16.90,0.0241,true,1,122118
7290111094248,false,"קוויק שקית אשפה חזקה וגדולה במיוחד (90*78), 20 יח'",,,קוויק שקיות אשפה XL,יחידה,0.00,יחידה,false,,19.90,0.0000,true,1,114089
7290111095818,false,שקיות אשפה 65X54 עם שרוך קוויק 40 יח',,,קוויק שקיות אשפה L ע,יחידה,0.00,יחידה,false,,19.90,0.0000,true,1,114090
7290111096921,false,מגבונים לניקוי כללי קוויק חומץ ומלח לימון 50 יחי',,,קוויק מגבונים לניקוי,יחידה,0.00,יחידה,false,,8.90,0.0000,true,1,119125
7290111097836,false,מגבונים דוחה אבק למשטחים בניחוח מרכך כביסה 50 יח' קוויק,,,קוויק מגבונים דוחה א,יחידה,0.00,יחידה,false,,8.90,0.0000,true,1,120507
7290111340178,false,מטליות לחות ניקול לניקוי כללי בניחוח מרכך כביסה 50 יח',ניקול,,מטליות לחות לניקוי כ,,50.00,,false,,10.90,0.2180,true,1,86420
7290111340185,false,מטליות לחות ניקול לניקוי רצפות בניחוח מרכך 10 יח',ניקול,,מטליות לחות לרצפה בנ,,10.00,,false,,12.90,1.2900,true,1,86434
7290111340956,false,ניקול מטליות לחות לרצפה בניחוח פריחה לבנה,עלבד,,מטליות לחות לניקוי ה,יחידה,0.00,יחידה,false,,12.90,0.0000,true,1,97093
7290111341366,false,מפיות אירוח חד שכבתי 30/30 150 יח',חוגלה קימברלי,SK,מפיות אירוח ניקול 15,יחידה,0.00,יחידה,false,,11.90,0.0000,true,1,105463
7290111341373,false,נייר טואלט לילי פסטל 30 גלילים,קימברלי,IL,לילי פסטל נייר טואלט,יחידה,0.00,יחידה,false,,39.90,0.0000,true,1,90302
7290111341984,false,לילי - מגבוני נייר טואלט לח פיור רביעייה,קימברלי,GB,לילי נייר טואלט לח מ,יחידה,0.00,יחידה,false,,22.90,0.0000,true,1,100179
7290111342042,false,כריות יפניות לניקוי וקרצוף אנטיבקטריאלי,פלסטו פוליש,IL,כריות יפניות אנטיבקט,יחידה,0.00,יחידה,false,,12.90,0.0000,true,1,114070
7290111342059,false,מטליות לחות לניקוי משטחים אנטיבקטריאלי,ניקול,IL,מטליות לחות אנטיבקטר,יחידה,0.00,יחידה,false,,12.90,0.0000,true,1,114073
7290111342738,false,לילי - מגבוני נייר טואלט לח קידס רביעייה,,,לילי נייר טואלט לח ק,יחידה,0.00,יחידה,false,,22.90,0.0000,true,1,101005
7290111343117,false,זוג ממחטות לושן סופט קלינקס -140 דף,קימברלי,IL,קלינקס לושן סופט פק,יחידה,0.00,יחידה,false,,14.90,0.0000,true,1,117385
7290111343841,false,ספוגית הקסם נירוסטה - מארז 3 יחידות,ניקול,CN,ספוגית הקסם נירוסטה,יחידה,0.00,יחידה,false,,11.90,0.0000,true,1,114424
7290111344527,false,אשפתון ענק שחורות ניקול 20יח',,,זוג שקיות אשפה ענקיי,יחידה,0.00,יחידה,false,,25.90,0.0000,true,1,117386
7290111344701,false,ניקול שקיות סנדוויצ',קריות זול,,ניקול שקיות סנדוויצ',,250.00,,false,,14.90,0.0596,true,1,121742
7290111346125,false,מארז שלישייה מגבוני דיילי קר ללא בישום *56 יח' האגיס,קימברלי,IL,מגבוני האגיס דיילי ק,יחידה,0.00,יחידה,false,,18.90,0.0000,true,1,121730
7290111346132,false,מארז שלישייה מגבוני סנסטיב קר ללא בישום *56 יח' האגיס,עלבד,IL,מגבוני האגיס סנסטיב,יחידה,0.00,יחידה,false,,18.90,0.0000,true,1,121731
7290111346347,false,מגבוני אף אוריגינל סופט חמישיה קלינקס,קימברלי,IL,קלינקס טישו אוריגינל,יחידה,0.00,יחידה,false,,19.90,0.0000,true,1,122902
7290111350726,false,נאצוס הופופ בטעם מקסיקני 322ג',הוט פופ Hot pop,US,נאצ'וס מתירס צהוב 32,,322.00,100 גרם,false,,16.90,0.0525,true,1,117964
7290111352959,false,מקלות חמוצים ממולאות בטעם פירות,יוגטה yogueta,,יוגטה מקלות חמוצים 8,,80.00,,false,,4.90,0.0613,true,1,114213
7290111352966,false,יוגטה סוכריות ממולאות בטעם פירות 250 גרם ללא ג'לטין,סאדאט,TR,סוכריות גומי ממולאות,,250.00,100 גרם,false,,8.50,0.0340,true,1,114214
7290111353109,false,"גומי נחש מבריק 200 גר' וסטהיים (כש""לפ בית יוסף).",,,סוכריות גומי נחשים מ,,200.00,,false,,9.90,0.0495,true,1,116289
7290111353437,false,חטיף בטטה ומלח ים 120 גרם הוט פופ,קריות זול,,הוטפופ ווג'י צ'יפס ב,,120.00,,false,,14.90,0.1242,true,1,117975
7290111353444,false,חטיף בטטות ומלח ים 120 גרם הוט פופ,קריות זול,,הוטפופ ווג'י צ'יפס ח,,120.00,100 גרם,false,,14.90,0.1242,true,1,117973
7290111353451,false,חטיף ירקות שורש ומלח ים 120 גרם הוט פופ,קריות זול,,הוטפופ ווג'י צ'יפס י,,120.00,100 גרם,false,,14.90,0.1242,true,1,117972
7290111563492,false,סלט מטבוחה חריפה מרובע 400 ג' צבר,סלטי צבר,IL,מטבוחה חריפה צבר מרו,,400.00,,false,,13.90,0.0348,true,1,89012
7290111564239,false,שלגוני קראנץ' Crunch בטעם וניל - 5 יח',גלידות נסטלה (נגה גל,IL,מאגדת מיני קראנץ וני,,275.00,,false,,29.90,0.1087,true,1,88191
7290111564277,false,פריכיות דקות ונימוחות 3 דגנים פיטנס Fitness,פרח תעשיות,IL,פריכיות 3 דגנים דקות,,120.00,100 גרם,false,,11.90,0.0992,true,1,86444
7290111564291,false,פריכיות דקות ונימוחות 3 דגנים וקינואה פיטנס Fitness,פרח תעשיות,IL,פריכיות דקות עם קינו,,120.00,100 גרם,false,,11.90,0.0992,true,1,86445
7290111565038,false,"לה קרמריה וניל קוקילידה בד""צ 1.4 ל'",המאפיה של הרמן,IL,לה קרמריה וניל קוקיל,,1400.00,100 גרם,false,,23.90,0.0171,true,1,89224
7290111566127,false,מעדן אוראו קפוא בטעם וניל עם עוגיות בטעם שוקולד,ג'נרל מילס סאן אדריא,IT,מאגדת אוראו מיני סנד,,198.00,,false,,26.90,0.1359,true,1,88197
7290111566271,false,טבעול חטיפי תירס 657 גר',עיצובים 2020 (4.8),IL,חטיפי תירס טבעול 657,,657.00,100 גרם,false,,35.90,0.0546,true,1,88156
7290111566318,false,טבעול שניצל דק מן הצומח 564 גר',עיצובים 2020 (4.8),IL,שניצל דק מן הצומח טב,,564.00,,false,,35.90,0.0637,true,1,88157
7290111566561,false,טבעול שניצל ברוקולי 99 קלוריות 560גר',עיצובים 2020 (4.8),IL,שניצל ברוקולי 99 קלו,,560.00,100 גרם,false,,35.90,0.0641,true,1,93657
7290111566691,false,טבעול שניצל תרד 99 קלוריות 560 גר',עיצובים 2020 (4.8),IL,שניצל טבעול תרד 99 ק,,560.00,100 גרם,false,,35.90,0.0641,true,1,97988
7290111566752,false,טבעול שניצל תירס 99 קלוריות 693 גר',עיצובים 2020 (4.8),IL,שניצל תירס 99 קלוריו,,693.00,100 גרם,false,,34.90,0.0504,true,1,88163
7290111568275,false,אטריות נודלס אורז רחבות אסם אסייתי 300גרם,תאי פרזידנט,TH,נודלס איטריות אורז ר,,300.00,100 גרם,false,,10.90,0.0363,true,1,89326
7290111568299,false,אטריות נודלס עם תרד אסם אסייתי 300 גר',אסם,,נודלס איטריות עם תרד,,300.00,,false,,10.90,0.0363,true,1,89327
7290111568961,false,בייגלה טבעות מלח 400 ג' אסם,אסם,IL,בייגלה טבעות מלח אסם,,400.00,,false,,12.50,0.0313,true,1,89639
7290111930898,false,פוף כוכבים גריל אמריקאי 40 גר',פוף POOF,IL,חטיף פוף כוכבים גריל,,40.00,100 גרם,false,,4.30,0.1075,true,1,93895
7290111930904,false,פוף כוכבים בצל 40 גר',פוף POOF,IL,חטיף פוף כוכבים בצל,,40.00,,false,,4.30,0.1075,true,1,93896
7290111930911,false,פוף חטיף לבבות קלאסי 40 ג',פוף POOF,IL,חטיף פוף לבבות קלאסי,,40.00,100 גרם,false,,4.30,0.1075,true,1,93897
7290111930928,false,פוף חטיף לבבות גריל 40 ג',פוף POOF,IL,חטיף פוף לבבות גריל,,40.00,100 גרם,false,,4.30,0.1075,true,1,93898
7290111930935,false,פוף חטיף טבעות קלאסי 40 ג',פוף POOF,IL,חטיף פוף טבעות קלאסי,,40.00,100 גרם,false,,4.30,0.1075,true,1,93899
7290111931338,false,"פלמוליב סבון לומינס תאנה 500 מ""ל",קולגייט פלמוליב,TR,פלמוליב סבון לומינוס,,500.00,100 גרם,false,,17.90,0.0358,true,1,89352
7290111936852,false,פרי מארז חטיפי 5יח תמרים חמוציות ותפוח עץ 125ג'',טבעית מוצרים מן הטבע,IL,פרי חטיפי תמרים חמוצ,,125.00,,false,,18.90,0.1512,true,1,92442
7290111937231,false,פרי מארז חטיפי 5יח תמרים וקוקוס 125ג',טבעית מוצרים מן הטבע,IL,פרי חטיפי תמרים וקוק,,125.00,100 גרם,false,,18.90,0.1512,true,1,92444
7290111937248,false,פרי מארז חטיפי 5יח תמרים קשיו ונגיעת לוז 125ג',הדקלאים אגודת שיתופי,IL,פרי חטיפי תמרים קשיו,,125.00,,false,,18.90,0.1512,true,1,92445
7290111937262,false,"פרי מארז חטיפי 5יח תמרים ,אגוזים ושברי קקאו 125גר",טבעית מוצרים מן הטבע,IL,פרי חטיפי תמרים אגוז,,125.00,,false,,18.90,0.1512,true,1,92447
7290111938498,false,"מאסטר שף רוטב סויה בהירה 700 מ""ל",תאי סופרים,TH,רוטב סויה בהירה מאסט,,700.00,100 גרם,false,,14.90,0.0213,true,1,106535
7290112000286,false,ג'ל ניקוי לשירותים בניחוח לימון,סיליט באנג Cillit Bang,,סיליט באנג גל לניקוי,,750.00,,false,,9.90,0.0132,true,1,87900
7290112000798,false,"דיטול תרסיסי חיטוי וניקוי אנטי בקטריאלי 750 מ""ל",רקיט בנקיזר,PL,מחטא משטחים לימון מנ,,750.00,100 גרם,false,,15.90,0.0212,true,1,90924
7290112000842,false,דטול מגבונים לניקוי כללי בניחות לימון 60 יח',דטול Dettol,,מטליות לחות מנקה ומח,יחידה,0.00,יחידה,false,,15.90,0.0000,true,1,90921
7290112000873,false,מטליות לחות לחדר האמבטיה מנקה ומחטא עוצמתי,דטול Dettol,,מטליות לחות מנקה ומח,יחידה,0.00,יחידה,false,,15.90,0.0000,true,1,90933
7290112001870,false,"סיליט באנג ספריי ניקוי אמבטיה 750 מ""ל",רקיט בנקיזר,PL,סיליט באנג ספריי לני,,750.00,100 גרם,false,,13.90,0.0185,true,1,100139
7290112001900,false,ג'ל למדיח כלים אקולוגי פיניש,פיניש Finish,,פיניש ג'ל אקולוגי 1,ליטרים,1.00,ליטר,false,,46.90,46.9000,true,1,100309
7290112002099,false,ג'ל כביסה מרוכז קולון 101 קלאסי,רקיט בנקיזר,IL,קולון גל מרוכז רגיל,ליטרים,2.50,ליטר,false,,26.90,10.7600,true,1,100314
7290112002112,false,ג'ל כביסה מרוכז קולון 101 בניחוח ורדים,רקיט בנקיזר,IL,קולון ג'ל מרוכז ורדי,ליטרים,2.50,ליטר,false,,26.90,10.7600,true,1,100316
7290112004208,false,טבליות למדיח בניחוח לימון 50 יח' פיניש,,,פיניש טבליות למדיח,יחידה,0.00,יחידה,false,,35.90,0.0000,true,1,121177
7290112004970,false,פיניש אולטימייט 50 קפסולות גיל,,,פיניש אולטימייט טבלי,,50.00,,false,,59.90,1.1980,true,1,122346
7290112005076,false,וניש תוסף כביסה רב תכליתי לכביסה צבעונית,קליה וניש Kalia Vanish,IT,וניש אבקה לכביסה צבע,,480.00,,false,,19.90,0.0415,true,1,121494
7290112195258,false,לחמניות המבורגר 4יח',,,לחמניות המבורגר 4יח',,360.00,,false,,13.90,0.0386,true,1,116483
7290112195289,false,פיתות 5יח' ללא גלוטן,,,פיתות 5יח' ללא גלוטן,,420.00,,false,,19.90,0.0474,true,1,116485
7290112330352,false,"יוגורט PRO בטעם וניל 0% , 20 גרם חלבון בגביע","שטראוס בריאות בע""מ",IL,דנונה פרו וניל 0% שו,,200.00,,false,,6.90,0.0345,true,1,92173
7290112330390,false,יוגורט PRO בטעם פירות יער 0% 20 גרם חלבון בגביע,"שטראוס בריאות בע""מ",IL,דנונה פרו 20 גרם פיר,,200.00,,false,,6.90,0.0345,true,1,92174
7290112330420,false,דנונה פרו לבן 2.9% שומן 150 ג',מיוצר עי קונדיטוריית,IL,דנונה פרו לבן 150 ג,,150.00,100 גרם,false,,5.30,0.0353,true,1,91608
7290112332585,false,"פריכיות תפו""א, אורז בתיבול סלק ומלח חי 30 גר'","פרח תעשיו מזון בע""מ",IL,"פריכיות תפו""א/אורז/ב",,30.00,,false,,6.50,0.2167,true,1,92659
7290112332691,false,עוגיות קרם אגוזים פסק זמן 200 ג' עלית,הגביע מוצרי ופלים בע,IL,עוגיות קרם פסק זמן א,,200.00,,false,,11.90,0.0595,true,1,97017
7290112332875,false,מסטיק מאסט קוביות בטעם מנטה עדינה 86 ג' עלית,עלית,,מאסט מסטיק קוביות מנ,,86.00,,false,,15.90,0.1849,true,1,92229
7290112332899,false,עלית - צנצנת בזוקה פופים קלאסי 58 גרם,רוג'ר אנד רוג'ר,DE,בזוקה פופים קלאסי 58,,58.00,,false,,11.50,0.1983,true,1,92662
7290112334305,false,סלט כרובית בטחינה אחלה 330 ג',STRAUSS-ISRAEL,IL,סלט כרובית בטחינה 33,,330.00,,false,,17.50,0.0530,true,1,91584
7290112335111,false,מסטיק מאסט קוביות בטעם בזוקה 86 ג' עלית,עלית,,מאסט מסטיק קוביות בט,,86.00,,false,,15.90,0.1849,true,1,92227
7290112335487,false,פריכיות טעימות קצח ודגנים 135 ג' שטראוס,אנרג'י Energy - שטראוס,IL,פריכיות הטעימות קצח,,135.00,,false,,14.50,0.1074,true,1,92655
7290112335494,false,הפריכיות הטעימות תפוחי אדמה בטעם פוטטוס,"פרח תעשיות מזון בע""מ",IL,פריכיות הטעימות פוטט,,135.00,,false,,14.50,0.1074,true,1,92656
7290112336637,false,סוכריות מאסט Must ללא סוכר יוגורט תות ואוכניות,MIESZKO S.A - MS. JO,PL,מאסט סוכריות יוגורט,,80.00,,false,,9.40,0.1175,true,1,100147
7290112336644,false,סוכריות מאסט ללא סוכר לימון 80 ג' עלית,MIESZKO S.A - MS. JO,PL,מאסט סוכריות לימון ל,,80.00,,false,,9.40,0.1175,true,1,100148
7290112336712,false,יוגורט PRO לבן 0% 21 גרם חלבון בגביע,"שטראוס בריאות בע""מ",IL,דנונה פרו 21 עשיר בח,,200.00,,false,,6.90,0.0345,true,1,91957
7290112337474,false,סוכריות מאסט ללא סוכר פטל לימון 80 ג' עלית,MIESZKO S.A - MS. JO,PL,מאסט סוכריות פטל לימ,,80.00,100 גרם,false,,9.40,0.1175,true,1,100149
7290112337481,false,סוכריות מאסט ללא סוכר קפצ''ינו 80 ג' עלית,MIESZKO S.A - MS. JO,PL,מאסט סוכריות קפוצ'ינ,,80.00,100 גרם,false,,9.40,0.1175,true,1,100151
7290112338877,false,מעדן גבינה בטעם תות 3% 125ג' סקי,"שטראוס בריאות בע""מ",IL,סקי תות 3% דנונה 125,,125.00,100 גרם,false,,4.50,0.0360,true,1,91427
7290112339171,false,מעדן מילקי מוס שוקול,מיוצר עי קונדיטוריית,IL,מילקי מוס 81גר,,81.00,100 גרם,false,,3.90,0.0481,true,1,91428
7290112339867,false,גמדים לדרך גבינה לבנה עם מחית תות,שטראוס,IL,גמדים סקוויז תות 100,,100.00,,false,,5.90,0.0590,true,1,91601
7290112339874,false,גמדים לדרך גבינה לבנה עם מחיות תות ובננה,שטראוס,IL,גמדים סקוויז תות בננ,,100.00,,false,,5.90,0.0590,true,1,91602
7290112340122,false,הפריכיות הטעימות 3 דגנים 135 גרם.,אנרג'י Energy - שטראוס,IL,פריכיות הטעימות 3 דג,,135.00,,false,,14.50,0.1074,true,1,92658
7290112340252,false,צנצנת מסטיק מאסט בטעם אבטיח מלון 66 ג' עלית,"שטראוס גרופ בע""מ",IL,מסטיק מאסט אבטיח מלו,,66.00,,false,,11.50,0.1742,true,1,92093
7290112341556,false,אקטיביה עם צ'יה ותות 150 ג' דנונה,דנונה - שטראוס,IL,אקטיביה צ'יה ותות 15,,150.00,100 גרם,false,,5.30,0.0353,true,1,100103
7290112341686,false,מארז שמיניה אקטיביה 3% 150 ג',מיוצר עי קונדיטוריית,IL,אקטיביה 3% מארז שמינ,,1200.00,,false,,22.90,0.0191,true,1,100105
7290112342102,false,סימפוניה גבינה במרקם שמנת בצל מקורמל 5%,"שטראוס בריאות בע""מ",IL,גבינת סימפוניה בצל מ,,200.00,,false,,12.50,0.0625,true,1,105568
7290112342508,false,דוריטוס קול ראנץ Cool Ranch,STRAUSS-ISRAEL,IL,דוריטוס קול ראנצ' 70,,70.00,,false,,5.60,0.0800,true,1,100946
7290112343420,false,"משקה חלב עם דגנים מלאים ובננה פרו יטבתה 350מ""ל",מחלבת יטבתה,IL,שייק פרו ארוחת בוקר,,350.00,100 גרם,false,,8.50,0.0243,true,1,101091
7290112343499,false,חטיף צ'יטוס פאפס אפוי בטעם גבינה,"שטראוס פריטו ליי בע""",IL,ציטוס פופס 55גרם,,55.00,,false,,4.30,0.0782,true,1,119167
7290112344755,false,מילקי שוקולד 26% פחות סוכר 135 גרם,מיוצר עי קונדיטוריית,IL,מילקי עם 26% פחות סו,,135.00,100 גרם,false,,3.20,0.0237,true,1,116587
7290112344786,false,קפה פלטינום קלאסיק 200 ג' עלית,שטראוס קפה בי.וי.,IL,קפה פלטינום קלאסיק ע,,200.00,100 גרם,false,,29.90,0.1495,true,1,106645
7290112346360,false,בפלות אחת אחת ופל בטעם שוקולד מצופה שוקולד,הגביע מוצרי וופלים ב,GR,בפלות בציפוי שוקולד,,180.00,,false,,15.90,0.0883,true,1,105593
7290112346537,false,עוגיות פינוקיות בטעם טורטית 200 ג' עלית,הגביע מוצרי ופלים בע,IL,עוגיות פינוקיות בטעם,,200.00,,false,,11.90,0.0595,true,1,101067
7290112346773,false,יוגורט בטעם וניל 0% לייט אנד פרי 10 גרם חלבון בגביע,מיוצר עי קונדיטוריית,IL,דנונה לייט אנד פריי,,150.00,,false,,4.90,0.0327,true,1,116850
7290112346797,false,יוגורט אקטיביה עם שיבולת שועל ושזיף 2.5%,מיוצר עי קונדיטוריית,IL,אקטיביה שיבולת שועל,,150.00,100 גרם,false,,5.30,0.0353,true,1,106900
7290112346827,false,"אקטימל ויטמין C פטל 8*100 מ""ל",קריות זול,IL,אקטימל ויטמין C פטל,,864.00,,false,,21.90,0.0253,true,1,116209
7290112347008,false,גמדים לדרך גבינה לבנה עם מחית תות ושיבולת שועל,מיוצר עי קונדיטוריית,IL,גמדים סקוויז ארוחת ב,,100.00,,false,,5.90,0.0590,true,1,101094
7290112348142,false,שעועית לבנה 380 גר' בקופסה טעם הטבע,שטראוס טעם הטבע,,שעועית לבנה ט.הטבע ק,,380.00,,false,,7.90,0.0208,true,1,113734
7290112349606,false,מעדן גבינה ויוגורט תות בננה 88 ג' דניאלה,"שטראוס בריאות בע""מ",IL,דניאלה בטעם תות בננה,,88.00,100 גרם,false,,4.40,0.0500,true,1,119978
7290112349705,false,פומודורו רוטב עגבניות קלאסי לפסטה 350 גר' יד מרדכי,אמיליאנה קונסרב סוסי,IT,רוטב עגבניות קלאסי ל,,350.00,,false,,13.90,0.0397,true,1,105967
7290112349736,false,בזיליקום רוטב עגבניות לפסטה 350 גר' יד מרדכי,אמיליאנה קונסרב סוסי,IT,רוטב עגבניות לפסטה 3,,350.00,,false,,13.90,0.0397,true,1,105968
7290112349897,false,מסטיק מאסט Must קוביות בטעם מנטה ללא סוכר,רוג'ר אנד רוג'ר,DE,מאסט קוביות מנטה 86ג,,86.00,,false,,15.90,0.1849,true,1,106638
7290112350312,false,קפסולות 15 קפה יותר למכונות נספרסו עלית 10יח',הנסיך- מפעל לייצור ט,IL,קפסולות מס' 15למכונו,,50.00,,false,,19.90,0.3980,true,1,115759
7290112350589,false,אבקה להכנת משקה ציקוריה ציקו 65ג',עלית,IL,אבקה ציקו 65 גרם,,65.00,,false,,12.90,0.1985,true,1,114242
7290112351104,false,שוקולד פרה ממולא פיצפוצי אורז 100 ג' עלית,STRAUSS-ISRAEL,IL,שוקולד פרה פיצפוצי א,,100.00,,false,,7.30,0.0730,true,1,113670
7290112351128,false,שוקולד פרה סוכריות קופצות 100 ג' עלית,"שטראוס גרופ בע""מ",IL,שוקולד פרה סוכריות ק,,100.00,,false,,7.30,0.0730,true,1,114234
7290112351258,false,פינוקיות שחור לבן 200 ג' עלית,הגביע מוצרי ופלים,IL,פינוקיות שחור לבן 20,,200.00,,false,,10.90,0.0545,true,1,115647
7290112351470,false,סוכריות ללא סוכר בטעם תות רימון מאסט פרש,עלית,,שלישיית סוכריות פרש,,45.00,,false,,10.90,0.2422,true,1,113985
7290112354174,false,פסטה רוזה שטראוס דלי,גסטרונומיה פרוסט אס.,IT,פסטה רוזה 280גרם דלי,,280.00,,false,,24.90,0.0889,true,1,122654
7290112354235,false,ברקטה פיצה - 2 יחידות במארז,סקרלינפיצה אס. אר. א,IT,ברקטה פיצה 300גרם דל,,300.00,100 גרם,false,,27.90,0.0930,true,1,122653
7290112355027,false,יוגורט פרו בטעם קרמל מלוח 200 ג' דנונה,"שטראוס בריאות בע""מ",IL,דנונה פרו 20 בטעם קר,,200.00,,false,,6.90,0.0345,true,1,116584
7290112355102,false,גמדים פאוץ סלט פירות 100 ג' שטראוס,"שטראוס בריאות בע""מ",IL,גמדים סקוויז סלט פיר,,100.00,,false,,5.90,0.0590,true,1,117144
7290112355393,false,"יטבתה רוטב שמנת+בטטה 9% שומן 250 מ""ל",מחלבת יטבתה,IL,רוטב שמנת עם בטטה 2,,257.00,100 גרם,false,,12.50,0.0486,true,1,122597
7290112355812,false,מעדן מילקי עם טופ קורנפלקס מצופה שוקולד,"שטראוס גרופ בע""מ",IL,מילקי טופ קורנפלקס 1,,141.00,100 גרם,false,,5.50,0.0390,true,1,121489
7290112355867,false,מילקי קצפת טופ פיצפוץ 86 גרם,"שטראוס גרופ בע""מ",IL,מילקי טופ קצפת פצפוצ,,86.00,,false,,4.90,0.0570,true,1,119445
7290112357076,false,קוביות עגבניות איטלקיות 390 גר' בקופסה טעם הטבע,שטראוס טעם הטבע,,קוביות עגבניות איטלק,,390.00,,false,,7.90,0.0203,true,1,115760
7290112357083,false,אפונת גינה טעם הטבע 380 גר' בקופסה,שטראוס טעם הטבע,,אפונת גינה ט.הטבע קו,,380.00,,false,,7.90,0.0208,true,1,113733
7290112357106,false,שעועית אדומה 380 גר' בקופסה טעם הטבע,שטראוס טעם הטבע,,שעועית אדומה ט.הטבע,,380.00,,false,,7.90,0.0208,true,1,113735
7290112357113,false,גרגרי חומוס בקופסה 380 גר' טעם הטבע,שטראוס טעם הטבע,IT,גרגרי חומוס ט.הטבע ק,,380.00,,false,,7.90,0.0208,true,1,113729
7290112357892,false,סוכריות ללא סוכר בטעם מנטה מאסט פרש,עלית,,שלישיית סוכריות פרש,,45.00,,false,,10.90,0.2422,true,1,113987
7290112358431,false,עד חצות דאבל ביסקוויט עם שוקולד חלב -8 אריזות אישיות,הדקלאים אגודת שיתופי,FR,עד חצות ביסקוויט דאב,,200.00,,false,,15.90,0.0795,true,1,117759
7290112359353,false,קפה טורקי קלוי וטחון אלדין,STRAUSS-ISRAEL,IL,*מבצע* אלדין קפה טור,,200.00,100 גרם,false,,15.90,0.0795,true,1,120570
7290112490117,false,טבלת קליק XL אגוז וופל 85 ג' ורד הגליל,יוניליוור ישראל מזון,IL,קליק שוקולד וופל ואג,,85.00,,false,,6.90,0.0812,true,1,90769
7290112490599,false,חרדל צרפתי עם גרגרים שלמים 350ג',הלמנס hellmann's,,חרדל צרפתי עם גרגירי,,350.00,100 גרם,false,,13.90,0.0397,true,1,90737
7290112490674,false,קונפיטורת דובדבן 340 גר' 778 כשלפ,אתר חיפה 778,BE,קונפיטורה 778 דובדבן,,340.00,,false,,15.90,0.0468,true,1,90750
7290112490759,false,מרק עשיר עוף עם אטריות רכיבים טבעיים 74 ג' קנור,יוניליוור,IL,מרק עשיר עוף איטריות,,74.00,100 גרם,false,,12.90,0.1743,true,1,90726
7290112491558,false,שוקולד מריר פרווה מארז 100X6 גר',אתר צפת טבלאות ותעשי,IL,שוקולד מריר פרווה מא,,600.00,,false,,23.90,0.0398,true,1,91925
7290112492579,false,"פינוק - מרכך שמן קוקוס 700 מ""ל",יוניליוור,IL,פינוק מרכך לשיער שמן,,700.00,,false,,13.90,0.0199,true,1,100919
7290112492593,false,"פינוק - תחליב רחצה ניחוח פינוק 700 מ""ל",יוניליוור,IL,פינוק תחליב רחצה קלא,,700.00,100 גרם,false,,13.90,0.0199,true,1,100920
7290112492982,false,"אבקת מרק פטריות כשל""פ 100% רכיבים טבעיים 400 גרם",יוניליוור ישראל מזון,IL,קנור א.מרק פטריות רכ,,400.00,,false,,25.90,0.0647,true,1,100912
7290112493088,false,נמס בכוס עדשים מרק רכיבים טבעיים קנור 54 ג',יוניליוור,IL,נמס בכוס קנור עדשים,,54.00,,false,,7.90,0.1463,true,1,96862
7290112493095,false,נמס בכוס מרק עגבניות חריף רכיבים טבעיים קנור 48 ג',יוניליוור,IL,נמס בכוס קנורעגבניות,,48.00,100 גרם,false,,7.90,0.1646,true,1,96863
7290112494795,false,"ג'ל לכביסה לבנה וצבעונית בניחוח בדין כחול 2.5 ק""ג","זוהר דליה, קיבוץ דלי",IL,בדין גל כביסה לבנה ו,,2500.00,100 גרם,false,,32.90,0.0132,true,1,101010
7290112494801,false,ג'ל לכביסה לבנה וצבעונית ורוד 2.5 ל' בדין,זוהר דליה,IL,בדין גל כביסה לבנה ו,ליטרים,2.50,ליטר,false,,32.90,13.1600,true,1,101007
7290112495044,false,קוקומן פצפוצים בטעם שוקולד,יוניליור שפע ישראל ב,IL,קוקומן פצפוצים דגני,,375.00,100 גרם,false,,22.90,0.0611,true,1,100451
7290112495662,false,קרקר חיטה מלאה עם פשתן 300ג' ADRE,"מיוצר ע""י קוד יצרן A",IL,קרקר חיטה מלאה עם פש,,300.00,100 גרם,false,,9.90,0.0330,true,1,105705
7290112495747,false,רוטב צ''ילי מתוק כ 70% פחות סוכר 340 ג' קנור,יוניליוור ישראל מזון,IL,רוטב צ'ילי מופחת סוכ,,340.00,100 גרם,false,,15.90,0.0468,true,1,105693
7290112496034,false,סירופ מייפל אפיכל 580 גרם,יוניליוור ישראל מזון,IL,אפיכל סירופ מייפל 58,,580.00,,false,,16.90,0.0291,true,1,105702
7290112496218,false,קנור רוטב טריאקי הפחתה של מעל 50% סוכר ונתרן 310 ג',יוניליוור,IL,רוטב טריאקי פחות50%,,340.00,,false,,15.90,0.0468,true,1,106104
7290112497000,false,סיף - פנטסטיק ניקוי רב תכליתי 1 ליטר,"זוהר דליה, קיבוץ דלי",IL,סיף תרכיז ניקוי רב ת,,1000.00,,false,,13.90,0.0139,true,1,106626
7290112497123,false,תערובת להכנת מעדן בטעם סחלב,יוניליוור ישראל מזון,IL,סחלב תערובת להכנה 11,,112.00,100 גרם,false,,14.90,0.1330,true,1,116096
7290112497727,false,"פינוק - אל סבון בייבי 700 מ""ל",אתר ליוור,,פינוק אל סבון תינוק,,700.00,100 גרם,false,,16.90,0.0241,true,1,122126
7290112498441,false,רוטב אסייתי למוקפץ קנור 370 גרם,אתר חיפה 778,,רוטב אסייתי למוקפץ ק,,370.00,100 גרם,false,,15.90,0.0430,true,1,117702
7290112499462,false,תחליב רחצה פינוק בתוספת שמן קוקוס,יוניליוור ישראל טיפו,IL,פינוק תחליב רחצה שמן,,700.00,,false,,13.90,0.0199,true,1,117410
7290112700407,false,נר גדול מנצנץ זהב ענ,,,נר גדול מנצנץ זהב ענ,יחידה,0.00,יחידה,false,,8.90,0.0000,true,1,90026
7290112961143,false,טבעול נתחוני תבשיל כפרי 470גר,טבעול תעשיות מזון בע,IL,נתחי תבשיל כפרי 470,,470.00,,false,,35.90,0.0764,true,1,91169
7290112961266,false,בייגלה כפיות פיזור איטלקי 300 ג' אסם,Unknown,IL,בייגלה כפיות פיוזור,,300.00,100 גרם,false,,12.50,0.0417,true,1,92064
7290112961327,false,בייגלה כפיות פיזור כפרי 300 ג' אסם,Unknown,IL,בייגלה כפיות פיוזור,,300.00,,false,,12.50,0.0417,true,1,92065
7290112961372,false,פיטנס חטיפי פריכיות דגנים עם קינמון,"פרח תעשיות מזון בע""מ",IL,פיטנס חטיפי פריכיות,,60.00,,false,,8.90,0.1483,true,1,91702
7290112962546,false,ארטיק לה פרוטה מלון תפוח מאגדת 443 גר',שוורצקוף& הנקל דיסלד,IL,מאגדת לה פרוטה מלון,,350.00,,false,,26.90,0.0769,true,1,91434
7290112963529,false,טילון אקסטרים שוקו וניל פרווה מאגדת 444 גר',שוורצקוף& הנקל דיסלד,IL,מאגדת אקסטרים שוקו ו,,432.00,100 גרם,false,,35.90,0.0831,true,1,91432
7290112963918,false,חטיפי קרקר דק רוזמרין 140 ג' פיטנס,נסטלה Nestle,IL,פיטנס קרקר דק רוזמרי,,140.00,,false,,12.90,0.0921,true,1,96912
7290112964434,false,רוטב לסלט קיסר 295 ג' אוסם,אסם,IL,רוטב קיסר לסלט אסם 2,,295.00,100 גרם,false,,12.90,0.0437,true,1,92818
7290112964458,false,רוטב וינגרט לסלט 295 ג' אסם,Unknown,IL,רוטב ויניגרט לסלט אס,,295.00,100 גרם,false,,12.90,0.0437,true,1,92819
7290112964472,false,רוטב שום לסלט 290 ג' אסם,Unknown,IL,רוטב שום לסלט אסם 29,,290.00,100 גרם,false,,12.90,0.0445,true,1,92815
7290112964564,false,רוטב אלף האיים לייט לסלט 310 ג' אסם,אסם,IL,רוטב אלף האיים לייט,,295.00,,false,,12.90,0.0437,true,1,92820
7290112964601,false,רוטב בנוסח סצ'ואן הסדרה האסייתית,"אסם השקעות בע""מ",IL,אסם רוטב בנוסח סצואן,,290.00,100 גרם,false,,15.90,0.0548,true,1,92277
7290112965141,false,תבשיל פתיתים אפויים עם ירקות 130 גר',אסם,IL,תבשיל פתיתים אפויים,,130.00,,false,,12.50,0.0962,true,1,101022
7290112965660,false,פיטנס - חטיף מולטיגריין מלח פלפל 25 גרם,מיוצר עי קונדיטוריית,IL,פיטנס חטיף מולטיגריי,,25.00,100 גרם,false,,5.90,0.2360,true,1,115829
7290112965684,false,פיטנס - חטיף מולטיגריין עשבי תיבול 25 גרם,מיוצר עי קונדיטוריית,IL,פיטנס חטיף מולטיגריי,,25.00,100 גרם,false,,5.90,0.2360,true,1,115830
7290112965707,false,פיטנס - חטיף מולטיגריין צילי מעודן 25 גרם,"אסם השקעות בע""מ",IL,פיטנס חטיף מולטיגריי,,25.00,,false,,5.90,0.2360,true,1,115831
7290112966247,false,לחמית כוסמין 200 ג' אסם,אסם יקנעם,IL,לחמית כוסמין אסם 200,,200.00,,false,,11.90,0.0595,true,1,106378
7290112966841,false,פודינג בטעם שוקולד מריר 90 ג' אסם,מיוצר עי קונדיטוריית,IL,פודינג שוקולד מריר א,,90.00,100 גרם,false,,6.30,0.0700,true,1,101015
7290112967114,false,חטיפי פריכיות פיטנס קטניות ופלפל 60 גר',"פרח תעשיות מזון בע""מ",IL,פיטנס חטיפי פריכיות,,60.00,,false,,9.50,0.1583,true,1,106090
7290112967381,false,פיטנס חטיפי פריכיות קטניות ומלח ים 60 גר',"פרח תעשיות מזון בע""מ",IL,פיטנס חטיפי פריכיות,,60.00,100 גרם,false,,9.50,0.1583,true,1,106091
7290112968807,false,פיטנס - קרקר דק סלק 140 גרם,מפעל אסם יקנעם,IL,פיטנס קרקר דק סלק 14,,140.00,100 גרם,false,,12.90,0.0921,true,1,115826
7290112968821,false,פיטנס - קרקר דק בטטה 140 גרם,מפעל אסם יקנעם,IL,פיטנס קרקר דק בטטה 1,,140.00,100 גרם,false,,12.90,0.0921,true,1,115828
7290112969248,false,אסם בישולים רוטב סילאן ובצל 335 גר'.,"אסם השקעות בע""מ",IL,רוטב סילאן ובצל אסם,,335.00,100 גרם,false,,17.70,0.0528,true,1,116202
7290113190375,false,סילאן סירופ תמרים טב,שקדיה,TR,סילאן טבעי 900 גרם,,900.00,,false,,19.90,0.0221,true,1,92875
7290113192171,false,מיקס אגוזים שקדים וחמוציות 150 גר',דין שיווק,IL,מיקס אגוזים שקדים וח,,150.00,,false,,10.90,0.0727,true,1,114255
7290113192300,false,זיתים חרוזית מושחר A2 בית השיטה 275 גר',בית השיטה,IL,חרוזית מושחר 275גרם,,275.00,,false,,11.90,0.0433,true,1,113498
7290113192324,false,זיתים ירוקים שלמים בינוניים,בית השיטה,IL,זית ירוק 340גרם בית,,340.00,100 גרם,false,,10.90,0.0321,true,1,106490
7290113192331,false,זיתים ירוק גדול A2 בית השיטה 340ג',בית השיטה,IL,זיתים ירוקים שלמים ג,,560.00,100 גרם,false,,11.50,0.0205,true,1,115600
7290113192348,false,זיתים ירוקים שלמים גדולים מאוד בטעם שום,בית השיטה,IL,זית ירוק טעם שום 17-,,340.00,100 גרם,false,,11.50,0.0338,true,1,113500
7290113192355,false,חרוזית זיתים ירוקים ללא גלעין 275 ג' בית השיטה,בית השיטה,IL,חרוזית ירוק 275גרם ב,,275.00,100 גרם,false,,11.50,0.0418,true,1,113501
7290113192362,false,טבעות זיתים ירוקים 280 ג' בית השיטה,בית השיטה,IL,טבעות זיתים ירוקים 2,,280.00,100 גרם,false,,11.90,0.0425,true,1,113502
7290113192386,false,זיתים סורי מבוקע A2 בית השיטה 340ג',בית השיטה,IL,זית סורי מבוקע 340גר,,340.00,100 גרם,false,,11.90,0.0350,true,1,113504
7290113192393,false,בית השיטה קוקטייל זיתים א2 336גר',בית השיטה,IL,קוקטייל זיתים 336גרם,,336.00,100 גרם,false,,12.70,0.0378,true,1,113505
7290113192478,false,בית השיטה מלפפונים במלח בינוני 10-12 320 גרם,בית השיטה,IL,מלפפון במלח בינוניים,,320.00,100 גרם,false,,9.90,0.0309,true,1,113512
7290113192485,false,בית השיטה מלפפונים בחומץ בינוני 10-12 290 גרם,בית השיטה,IL,מלפפון בחומץ 10-12 2,,290.00,100 גרם,false,,9.90,0.0341,true,1,113513
7290113192492,false,בית השיטה מלפפונים בחומץ קטנים 1317 290 גרם,בית השיטה,IL,מלפפון בחומץ קטנים 1,,290.00,,false,,10.90,0.0376,true,1,113514
7290113192508,false,בית השיטה מלפפונים במלח קטן 1317 320 גרם,בית השיטה,IL,מלפפון במלח קטנים 13,,320.00,100 גרם,false,,10.90,0.0341,true,1,113515
7290113192515,false,בית השיטה מלפפונים במלח קטן מאוד 1825 320 גרם,בית השיטה,IL,מלפפון במלח 18-25 קט,,320.00,100 גרם,false,,13.90,0.0434,true,1,113519
7290113192522,false,בית השיטה מלפפונים בחומץ קטן מאוד 1825 290 גרם,בית השיטה,IL,מלפפון בחומץ 18-25 ק,,290.00,100 גרם,false,,13.90,0.0479,true,1,113520
7290113192539,false,בית השיטה מלפפונים במלח גדול 79 320 גרם,בית השיטה,IL,מלפפון במלח גדולים 7,,320.00,100 גרם,false,,7.90,0.0247,true,1,113521
7290113192546,false,בית השיטה מלפפונים בחומץ גדול 79 290 גרם,בית השיטה,IL,מלפפון בחומץ גדולים,,290.00,100 גרם,false,,7.90,0.0272,true,1,113523
7290113192553,false,בית השיטה מלפפונים במלח 13-17 בלדי 320 גר',בית השיטה,IL,מלפפון במלח בלדי 13-,,320.00,100 גרם,false,,10.90,0.0341,true,1,113524
7290113192577,false,בית השיטה כרוב כבוש חתוך 430 גרם,בית השיטה,IL,כרוב כבוש א2 430 גרם,,430.00,,false,,8.80,0.0205,true,1,114484
7290113192881,false,"טורטיה חיטה מופחת קלוריות, קוטר 20 ס""מ - 6 יח'",דין שיווק,IL,טורטיה חיטה מופחתת ק,,270.00,100 גרם,false,,9.90,0.0367,true,1,114256
7290113192997,false,בית השיטה זית מרוקאי 340 גר',בית השיטה,IL,זית שחור יבש 340 גרם,,340.00,,false,,14.90,0.0438,true,1,114485
7290113193000,false,בית השיטהפלפל שיפקונית 230 גר',שוורצקוף& הנקל דיסלד,IL,פלפל שיפקונית 230 גר,,230.00,100 גרם,false,,12.50,0.0543,true,1,114486
7290113193017,false,בית השיטה קוקטייל זיתים 275 גר',בית השיטה,IL,קוקטייל זיתים חרוזית,,275.00,100 גרם,false,,14.90,0.0542,true,1,114487
7290113193031,false,חרוזית קלמטה - זיתים שחורים ללא גלעין קלמטה,שוורצקוף& הנקל דיסלד,IL,חרוזית קלמטה 275 גרם,,275.00,,false,,14.90,0.0542,true,1,114488
7290113193666,false,זיתים ירוקים שלמים סדוקים במי מלח 700 ג',,,זיתים ירוקים שלמים ס,,700.00,,false,,10.90,0.0156,true,1,114250
7290113193888,false,חצילים מוחמצים בית השיטה 320 גר',שוורצקוף& הנקל דיסלד,IL,חצילים מוחמצים 320 ג,,320.00,,false,,12.50,0.0391,true,1,117204
7290113195196,false,רסק תפוחי עץ 710 גרם,,,רסק תפוחי עץ 710 גרם,,710.00,100 גרם,false,,10.90,0.0154,true,1,117059
7290113195264,false,ממרח פלפלים קלויים 360 ג',דין שיווק,,ממרח פלפלים קלויים 3,,360.00,,false,,12.90,0.0358,true,1,117066
7290113195271,false,ממרח פלפלים פיקנטיים 360 ג',דין שיווק,,ממרח פלפלים פיקנטיים,,360.00,,false,,12.90,0.0358,true,1,117065
7290113195363,false,שמן חמניות מזוכך בית,בית השיטה,,שמן חמניות מזוכך בית,,1000.00,,false,,11.90,0.0119,true,1,118860
7290113196018,false,פסטה ביסלי 500 ג' שקדיה,,,פסטה ביסלי שקדיה 500,,500.00,,false,,5.90,0.0118,true,1,121717
7290113196025,false,פסטה צינורות 500 ג' שקדיה,,,פסטה צינורות שקדיה 5,,500.00,,false,,5.90,0.0118,true,1,121718
7290113196032,false,פסטה צדפים 500 ג' שקדיה,,,פסטה צדפים 500 גרם,,500.00,100 גרם,false,,5.90,0.0118,true,1,121719
7290113196339,false,מלפפון קורנישון בחומ,,IN,מלפפונים קורנישונים,יחידה,0.00,יחידה,false,,9.90,0.0000,true,1,118715
7290113196414,false,"אורז בסמטי שקדיה 1 ק""ג",קריות זול,IN,"אורז בסמטי 1 ק""ג שקד",,1000.00,,false,,12.90,0.0129,true,1,119321
7290113196506,false,פריכיות כוסמת ללא מלח שקדיה 150 ג',דין שיווק,IL,פריכיות כוסמת ללא מל,,150.00,100 גרם,false,,11.90,0.0793,true,1,119318
7290113196513,false,פריכיות כוסמת בתוספת שקדים שקדיה 150 ג',דין שיווק,IL,פריכיות כוסמת בתוספת,,150.00,,false,,11.90,0.0793,true,1,119319
7290113196896,false,תרסיס שמן זית 170 ג' שקדיה,שקדיה,IL,"תרסיס שמן זית 170 מ""",,170.00,,false,,14.90,0.0876,true,1,119322
7290113196919,false,מנה חמה אטריות אורז בטעם עוף70 ג' סו שף,קריות זול,,מנה חמה אטריות אורז,,60.00,,false,,7.90,0.1317,true,1,121724
7290113196926,false,מנה חמה אטריות אורז בטעם ירקות 70 ג' סו שף,קריות זול,,מנה חמה אטריות אורז,יחידה,0.00,יחידה,false,,7.90,0.0000,true,1,121723
7290113196933,false,מנה חמה אטריות אורז בטעם טום יאס70 ג' סו שף,קריות זול,,מנה חמה אטריות אורז,,60.00,,false,,7.90,0.1317,true,1,121725
7290113197176,false,חמאת בוטנים טבעית עם,,,חמאת בוטנים טבעית עם,,510.00,,false,,17.90,0.0351,true,1,121727
7290113198562,false,סוכריות גומי בטעם תות שדה 200 ג' שקדיה,טופ גלוב,IL,סוכריות גומי בטעם תו,,200.00,,false,,10.00,0.0500,true,1,120686
7290113198579,false,סוכריות גומי דובונים בטעמי פירות 200 ג' שקדיה,טופ גלוב,IL,סוכריות גומי דובונים,,200.00,,false,,10.00,0.0500,true,1,120684
7290113198593,false,סוכריות גומי מסוכרות בטעם בננה 200 ג' שקדיה,טופ גלוב,IL,סוכריות גומי מסוכרות,,200.00,100 גרם,false,,10.00,0.0500,true,1,120683
7290113198609,false,סוכריות גומי נחשים בטעמי פירות 200 ג' שקדיה,טופ גלוב,IL,סוכריות גומי נחשים ב,,200.00,,false,,10.00,0.0500,true,1,120682
7290113199767,false,ממרח 100% שקדים שקדי,פפאיינס,TW,ממרח 100 % שקדים 300,,300.00,100 גרם,false,,28.90,0.0963,true,1,121281
7290113199774,false,ממרח 100% בוטנים שקד,פפאיינס,TW,ממרח 100 % בוטנים 30,,300.00,100 גרם,false,,15.90,0.0530,true,1,121279
7290114310215,false,"**טרה שמנת מתוקה 38% 250 מ""ל בקבוק.",מילקו תעשיות בעמ,IL,שמנת מתוקה 38% בקבוק,,250.00,,false,,6.47,0.0259,true,1,113494
7290114310222,false,חלב 1.5 ליטר 3% מועשר בסידן וויטמין D.,מילקו תעשיות בעמ,IL,חלב טרה 1.5ל 3ֵ% מעו,,1500.00,100 גרם,false,,13.50,0.0090,true,1,122222
7290114310239,false,חלב טרה נטול לקטוז מועשר בוויטמין D 2% 1.5 ל',מילקו תעשיות בעמ,IL,חלב נטול לקטוז 1.5 ל,,1500.00,100 גרם,false,,13.50,0.0090,true,1,122221
7290114310338,false,צפתית מעודנת 5% 225 גר' משק צוריאל,מחלבת משק צוריאל,IL,צפתית מעודנת 225גר,,225.00,,false,,21.50,0.0956,true,1,116804
7290114310345,false,מעדן יוגורט - תות 1.5% 125 גרם,טרה,,מוו מעדן חלב בטעם תו,,125.00,,false,,3.40,0.0272,true,1,116056
7290114310383,false,מולר קציפת יוגורט בטעם וניל צרפתי 97 גרם,מולר Muller,IL,מולר פרופ קציפת יוג,,97.00,100 גרם,false,,5.40,0.0557,true,1,122337
7290114310390,false,"מולר פרופ קציפת יוגורט בננה לוטי 5% 150 מ""ל",מולר Muller,IL,מולר פרופ קציפת יוג,,97.00,100 גרם,false,,5.40,0.0557,true,1,122339
7290114310406,false,"מולר פרופ קציפת יוגורט תות 5% 150 מ""ל",מולר Muller,IL,מולר פרופ קציפת יוג,,97.00,,false,,5.40,0.0557,true,1,122338
7290114311014,false,"משקה חלב אייס קפוצ'ינו בבקבוק 250 מ""ל",Unknown,IL,משקה אייס קפוצינו טר,,250.00,,false,,5.90,0.0236,true,1,120995
7290114311038,false,שמנת מתוקה עמידה 32% 250מל בקבוק,Unknown,IL,שמנת להקצפה טרה 32%,,250.00,,false,,7.90,0.0316,true,1,121034
7290114311076,false,"חמאת מולר צהובה עם שום, 200 גרם",מולר Muller,IL,מולר חמאה צהובה עם ש,,200.00,,false,,12.90,0.0645,true,1,121038
7290114311083,false,"חמאת מולר צהובה עם מלח, 200 גרם",מילקו,IL,מולר חמאה צהובה עם מ,,200.00,100 גרם,false,,11.90,0.0595,true,1,121035
7290114311298,false,יוגורט קציפת תות בננה מלון 150 ג' מולר,מולר Muller,IL,מולר פרופ קציפת תות,,150.00,100 גרם,false,,5.60,0.0373,true,1,121480
7290114311328,false,חלב נטול לקטוז 2% שומן מועשר בויטמין D,ג'י.אר.אמ.גרופו אלימ,IL,חלב נטול לקטוז מועשר,,1000.00,,false,,8.70,0.0087,true,1,121846
7290114311359,false,יוגורט עם קציפת מנגו 3% שומן פרופ 150 ג' מולר,מולר Muller,IL,מולר פרופ קציפת מנגו,,150.00,100 גרם,false,,5.60,0.0373,true,1,121582
7290114311434,false,"מולר אקטיב בטעם קרמל מלוח 0% שומן, 200 גרם",מולר Muller,IL,מולר אקטיב בטעם קרמל,,200.00,,false,,6.70,0.0335,true,1,122335
7290114311441,false,"מולר אקטיב בטעם עוגיות חמאה 0% שומן, 200 גרם",מולר Muller,IL,מולר אקטיב בטעם עוגי,,200.00,,false,,6.70,0.0335,true,1,122336
7290114311458,false,"חלב מועשר 3% וויטמין קרטון, 1 ל טרה",Unknown,IL,חלב 3% מועשר ויטמין-,,1000.00,,false,,8.10,0.0081,true,1,122071
7290114311502,false,"משקה חלב בקבוק בטעם סחלב, 1 ליטר",מילקו תעשיות בעמ,IL,משקה חלב בטעם סחלב 1,,1000.00,,false,,13.40,0.0134,true,1,122334
7290114655934,false,בקבוק טריטן עם צמידי,,,בקבוק טריטן עם צמידי,,700.00,100 גרם,false,,19.90,0.0284,true,1,121999
7290115190014,false,סיגריות מרלבורו רד קצר בוקס,פיליפ מוריס,,מרלבורו אדום קצר,יחידה,0.00,יחידה,false,,35.50,0.0000,false,1,116083
7290115190090,false,סיגריות מרלבורו גולד קצר בוקס,פיליפ מוריס,,מרלבורו גולד קצר,יחידה,0.00,יחידה,false,,35.50,0.0000,false,1,116058
7290115190137,false,מלברו עדין פיין טאץ 7.1,פיליפ מוריס,,מרלבורו פיין טאצ,יחידה,0.00,יחידה,false,,35.50,0.0000,false,1,116079
7290115190151,false,סיגריות מרלבורו טאץP,פיליפ מוריס,,מרלבורו כחול טאצ,יחידה,0.00,יחידה,false,,35.50,0.0000,false,1,116075
7290115190199,false,סיגריות פרלמנט (חפיס,פיליפ מוריס,,פרלמנט נייט 100,יחידה,0.00,יחידה,false,,42.00,0.0000,false,1,117767
7290115190212,false,סיגריות פרלמנט בלו ארוך,פיליפ מוריס,,פרלמנט כחול ארוך,יחידה,0.00,יחידה,false,,42.00,0.0000,false,1,116063
7290115190236,false,סיגריות פרלמנט קצר בלו,פיליפ מוריס,,פרלמנט כחול קצר,יחידה,0.00,יחידה,false,,42.00,0.0000,false,1,116061
7290115190335,false,ל.מ כחול לייבל ארוך,פיליפ מוריס,,אל אם בלו 100,יחידה,0.00,יחידה,false,,32.00,0.0000,false,1,117823
7290115190359,false,סיגריות ל.מ בלוPP חפ,פיליפ מוריס,,אל אם כחול קצר,יחידה,0.00,יחידה,false,,32.00,0.0000,false,1,115857
7290115190373,false,סיגריות ל.מ. קפסולהP,פיליפ מוריס,,אל אם פורברד קפסולה,יחידה,0.00,יחידה,false,,32.00,0.0000,false,1,116081
7290115190397,false,סיגריות LM רד לייבל קצר,פיליפ מוריס,,אל אם אדום קצר,יחידה,0.00,יחידה,false,,32.00,0.0000,false,1,115852
7290115190519,false,סיגריות נקסט פיין חפ,פיליפ מוריס,,נקסט פיין,יחידה,0.00,יחידה,false,,30.00,0.0000,false,1,116068
7290115190557,false,סיגריות נקסט כחול קצר,פיליפ מוריס,,נקסט ריסס,יחידה,0.00,יחידה,false,,30.00,0.0000,false,1,116073
7290115200003,false,פתי בר פינוקי וניל 220 גר' אסם,תאי פרזידנט פוד פאבל,PL,פתי בר פינוקי וניל 2,,220.00,100 גרם,false,,12.90,0.0586,true,1,114188
7290115201031,false,אסם פתיבר דובי שוקולד 175 גר',טרופיקל דגיל תעשיות,PL,פתי בר דובי שוקולד 1,,175.00,,false,,12.90,0.0737,true,1,117541
7290115201475,false,טבעול גורמה לביבות כרישה 434 גר',טבעול (מקבוצת אסם הש,IL,טבעול גורמה לביבות כ,,434.00,,false,,38.90,0.0896,true,1,121285
7290115201680,false,ביסלי ברביקיו אסם 70,"אסם השקעות בע""מ",IL,ביסלי ברביקיו אסם 70,,70.00,100 גרם,false,,5.00,0.0714,true,1,115827
7290115202762,false,פרפקטו מיני ניוקי טריקולור 500 גרם - רבנות,Grandi Pastai Italia,IT,פרפקטו ניוקי טריקול,,500.00,,false,,11.90,0.0238,true,1,117529
7290115203134,false,פופקו פופקורן במבה - פופקורן בציפוי קרמל ובוטנים,"אסם השקעות בע""מ",IL,פופקו פופקורן במבה א,,80.00,100 גרם,false,,5.90,0.0738,true,1,117884
7290115203172,false,במבה PRO מכיל 18 גרם חלבון בשקית,"אסם השקעות בע""מ",IL,במבה פרו 80 גרם,,80.00,100 גרם,false,,5.60,0.0700,true,1,121808
7290115204056,false,אסם קטשופ מופחת סוכר 690 גר',קריות זול,IL,אסם קטשופ מופחת סוכר,,690.00,,false,,10.90,0.0158,true,1,118596
7290115205176,false,פיטנס - קרקר דק כפרי פיטנס 140 גרם,נסטלה Nestle,IL,פיטנס קרקר דק כפרי 1,,140.00,,false,,12.90,0.0921,true,1,119217
7290115205312,false,קרקר פיטנס דק עם זיתי קלמטה ועשבי תיבול,"אסם השקעות בע""מ",IL,פיטנס קרקר דק זיתים,,140.00,100 גרם,false,,12.90,0.0921,true,1,120945
7290115205978,false,פתיבר ואצבעות שוקולד 180 גרם - רבנות,"ד""ר ג'רארד בע""מ",PL,פתי בר אצבעות שוקולד,,180.00,,false,,12.90,0.0717,true,1,120490
7290115207361,false,ביסקוויט פתיבר בטעם פיסטוק,אסם השקעות,IL,פתי בר פיסטוק אסם 50,,500.00,,false,,14.90,0.0298,true,1,120947
7290115207484,false,צבר חציל על האש היתר 6*400גרם.,ג'נרל מילס סאן אדריא,IL,צבר חציל על האש היתר,,360.00,,false,,17.90,0.0497,true,1,121108
7290115207682,false,"רוטב בסגנון סויה סיני 290 מ""ל",Unknown,,רוטב בסגנון סויה סינ,,290.00,,false,,13.50,0.0466,true,1,120948
7290115207989,false,סירופ לימון 1 ל' ויטמינצ'יק,בית-השיטה עסיס תעשיו,IL,ויטמינצ'יק לימון 1 ל,,1000.00,100 גרם,false,,21.90,0.0219,true,1,120163
7290115208009,false,סירופ ענבים 1ל' ויטמינצ'יק,בית-השיטה עסיס תעשיו,IL,ויטמינציק ענבים 1 ל,,1000.00,100 גרם,false,,21.90,0.0219,true,1,120164
7290115208047,false,סירופ פטל 1 ל' ויטמינצ'יק,בית-השיטה עסיס תעשיו,IL,ויטמינציק פטל 1 ליטר,,1000.00,,false,,21.90,0.0219,true,1,120160
7290115208061,false,סירופ תפוח 1ל' ויטמינצ'יק,בית השיטה עסיס תעשיו,IL,ויטמינציק תפוח 1 ליט,,1000.00,100 גרם,false,,21.90,0.0219,true,1,120165
7290115208320,false,אפרופו חטיף בטעם ביסלי בצל 50 גרם,"אסם השקעות בע""מ",IL,אפרופו בטעם ביסלי בצ,,50.00,100 גרם,false,,5.50,0.1100,true,1,122474
7290115208597,false,אסם קרמוגית מיניס קרמל מלוח 200 גרם,"אסם השקעות בע""מ",IL,קרמוגית מיניס קרמל מ,,200.00,100 גרם,false,,12.90,0.0645,true,1,121637
7290115209198,false,במבה אורירית 80 ג' אסם,אסם השקעות בעמ,IL,במבה אורירית אסם 80,,80.00,,false,,5.60,0.0700,true,1,121288
7290115209235,false,אסם פתי בר קפה 500 גרם,קריות זול,IL,פתי בר קפה 500 גרם א,,500.00,100 גרם,false,,14.90,0.0298,true,1,122155
7290115209372,false,במבה במילוי בראוניז 150ג' אסם,"אסם השקעות בע""מ",IL,במבה במילוי בראוניז,,150.00,100 גרם,false,,10.90,0.0727,true,1,122472
7290115480009,false,"מרכך כביסה מרוכז פרש קונטרול ירוק 900 מ""ל סוד",הנקל סוד,IL,סוד מרכך מרוכז פרש ק,,900.00,,false,,14.90,0.0166,true,1,119541
7290115670677,false,גרנולה פירות טרופיים אנרג'י 400 גר',Unknown,,אנרג'י גרנולה עם פיר,,400.00,100 גרם,false,,14.90,0.0373,true,1,117751
7290115670684,false,גרנולה שיבולת שועל עם אגוזי לוז,אנרג'י Energy - שטראוס,,אנרג'י גרנולה עם אגו,,400.00,,false,,14.90,0.0373,true,1,117752
7290115670691,false,גרנולה שיבולת שועל עם פירות יער,אנרג'י Energy - שטראוס,CZ,אנרג'י גרנולה עם פיר,,400.00,100 גרם,false,,14.90,0.0373,true,1,117753
7290115671223,false,מסטיק מאסט פאן בצנצנת אבטיח מנגו,אסקום קונפקשיין,DE,מסטיק מאסט פאן אבטיח,,58.00,,false,,11.50,0.1983,true,1,119950
7290115671308,false,מסטיק מאסט פאן בצנצנת תות דובדבן,אסקום קונפשטיין,DE,מסטיק מאסט פאן תות ד,,58.00,,false,,11.50,0.1983,true,1,119951
7290115671346,false,מיני פינוקיות טופי קרמל מלוח 180 ג' עלית,הגביע מוצרי ופלים בע,IL,מיני פינוקיות טופי,,180.00,,false,,11.90,0.0661,true,1,118570
7290115675696,false,דגני בוקר קראנצ'ים שיבולת שועל עם אגוזים ושקדים,גלידות שטראוס,IL,דגני בוקר קוואקר קרו,,375.00,,false,,27.00,0.0720,true,1,118931
7290115676037,false,דנונה ריפרש יוגורט עם תות ודומדמניות 1.6% שומן,מיוצר עי קונדיטוריית,IL,דנונה ריפרש יוגורט ב,,250.00,100 גרם,false,,6.90,0.0276,true,1,117923
7290115676082,false,משקה דנונה פרו 20 יוגורט תות 255 ג' רבנות,"שטראוס בריאות בע""מ.",IL,דנונה פרו משקה בטעם,,255.00,100 גרם,false,,7.90,0.0310,true,1,117927
7290115677089,false,קונפיטורה תפוח וקינמון יד מרדכי 340 ג',"ב.א מזון בע""מ",IL,קונפיטורת תפוח וקינמ,,340.00,,false,,15.90,0.0468,true,1,118574
7290115677904,false,חומוס פלפלים חריף 235 גרם אחלה,מיוצר עי קונדיטוריית,IL,חומוס פלפלים חריף 23,,235.00,,false,,11.90,0.0506,true,1,117744
7290115678376,false,מעדן הגולן שוקולד 125 גרם,מיוצר עי קונדיטוריית,IL,מעדן הגולן שוקולד 12,,125.00,,false,,3.70,0.0296,true,1,118562
7290115678383,false,מעדן הגולן שוקולד מריר 125 גר,מיוצר עי קונדיטוריית,IL,מעדן הגולן שוקולד מר,,125.00,,false,,3.70,0.0296,true,1,118563
7290115678598,false,חסה אייסברג חיתוך גס,קריות זול,,חסה אייסברג חיתוך גס,,300.00,100 גרם,false,,10.90,0.0363,true,1,119450
7290116531762,false,בדין - דפים למייבש כביסה ורוד 40 יחידות,קריות זול,US,בדין דפים למייבש וור,יחידה,0.00,יחידה,false,,19.90,0.0000,true,1,120392
7290116531779,false,בדין - דפים למייבש כביסה כחול 40 יחידות,קריות זול,US,בדין דפי מרכך כחול 4,יחידה,0.00,יחידה,false,,19.90,0.0000,true,1,120393
7290116531892,false,רוטב על האש רוטב בטעם ברביקיו מעושן,אתר חיפה 778,,רוטב ברביקיו מעושן י,,350.00,100 גרם,false,,15.90,0.0454,true,1,120485
7290116532721,false,רוטב הלמנס ישראלי לסלט לימון וזעתר 305 ג,יוניליוור,IL,הלמנס לסלט רוטב לימו,,295.00,100 גרם,false,,15.90,0.0539,true,1,122132
7290116532875,false,"פינוק סבון נוזלי בייבי 900מ""ל",אתר ליוור,,פינוק סבון נוזלי ביי,,900.00,100 גרם,false,,21.90,0.0243,true,1,122124
7290116533063,false,שוגי בטעם קרטיב ענבים 400 גרם,יוניליוור,IL,שוגי קרטיב ענבים 400,,400.00,,false,,19.90,0.0497,true,1,121215
7290116851372,false,כף אשפה קטן,,,כף אשפה קטן,יחידה,0.00,יחידה,false,,5.90,0.0000,true,1,120365
7290116930282,false,ארוחה בקטנה לאבנה עם קרקרים 150ג' תנובה,תנובה,IL,ארוחה בקטנה לאבנה עם,,150.00,100 גרם,false,,8.90,0.0593,true,1,122104
7290116930435,false,יוגורט יופלה GO במרקם סמיך עם דובדבן 0%,תנובה מרכז שיתופי לש,IL,יוגורט גו סמיך 0% דו,,200.00,,false,,6.40,0.0320,true,1,121119
7290116930466,false,"משקה SHAKE בננה מנגן פסיפלורה והל 230 מ""ל יופלה",יופלה Yoplait,IL,יופלה שייק מנגו בננ,,230.00,100 גרם,false,,8.90,0.0387,true,1,121220
7290116930725,false,סויה BIO קוקוס גביע 150 גרם אלטרנטיב,תנובה בעמ,IL,סויה ביו קוקוס 150ג,,150.00,100 גרם,false,,4.90,0.0327,true,1,121825
7290116931012,false,יופלה דיאט 0% שומן תפוח וקינמון 150 גרם,תנובה מרכז שיתופי לש,IL,יופלה דיאט 0% 150ג ת,,150.00,100 גרם,false,,5.40,0.0360,true,1,123276
7290116931074,false,פרוסות טל העמק 32% 300 גרם,"תנובה בע""מ",IL,פרוסות טל העמק 32% 3,,300.00,,false,,29.90,0.0997,true,1,122101
7290116931081,false,מעדן סויה - טופי קרמל 125 גרם אלטרנטיב,תנובה מרכז שיתופי לש,IL,מעדן סויה בטעם טופי,,125.00,,false,,4.10,0.0328,true,1,121824
7290116931159,false,יופלה דיאט 0% שומן תות בננה 150 גרם,תנובה מרכז שיתופי לש,IL,יופלה דיאט 0% תות ב,,150.00,,false,,5.40,0.0360,true,1,123277
7290116931289,false,יוגורט GO סמיך אלפחורס 200 גרם,תנובה מרכז שיתופי לש,IL,יוגורט גו סמיך אלפחו,,200.00,,false,,6.40,0.0320,true,1,123285
7290117260074,false,שעועית ירוקה חתוכה מוקפאת 800 ג' וילי פוד,,,שעועית ירוקה חתוכה מ,,800.00,,false,,9.90,0.0124,true,1,122187
7290117260562,false,חמאה כפרית מסורתית בגביע,וילי פוד,TR,חמאה בגביע 225 גרם,,225.00,100 גרם,false,,18.90,0.0840,true,1,122709
7290117260586,false,חטיף קראנצ'י על בסיס קמח עדשים בטעם פלפל חלפיניו וליים 80 ג',וילי פוד,,חטיף קראנצ'י על בסיס,,80.00,,false,,8.90,0.1113,true,1,122040
7290117260593,false,חטיף קראנצ'י על בסיס קמח עדשים בטעם צ'דר 80 ג',וילי פוד,,חטיף קראנצ'י על בסיס,,80.00,,false,,8.90,0.1113,true,1,122041
7290117260821,false,גבינת כבשים צ'אנק עם פטריות כמהין 150 ג' אל פסטור,,,גבינת כבשים צאנק עם,,150.00,,false,,29.90,0.1993,true,1,120511
7290117260951,false,ביסקוויטים ופירות הדר ללא גלוטן 125 ג' ויליפוד,וילי פוד,,ביסקוויטים ללא גלוטן,,125.00,,false,,9.90,0.0792,true,1,120910
7290117261101,false,זוג קינוחים בטעם שוקולד ואגוזי לוז 140ג',,,זוג קינוחים בטעם שוק,,140.00,100 גרם,false,,12.90,0.0921,true,1,121681
7290117261118,false,זוג קינוחים בטעם שוקולד בציפוי שוקולד חלב 140ג',Euro יורו מחלבות אירופה,,זוג קינוחים בטעם שוק,,140.00,,false,,12.90,0.0921,true,1,121678
7290117261132,false,זוג קינוחים בטעם קרמל מלוח 70*2 גרם יור,,,זוג קינוחים בטעם קרמ,,140.00,,false,,12.90,0.0921,true,1,121677
7290117261163,false,פיתה יוונית מוקפאת - מארז 10 יחידות,וילי פוד,,פיתה יוונית מוקפאת 7,,750.00,,false,,15.90,0.0212,true,1,121253
7290117261378,false,גבינת קשקבל לייט 250 גר 8% שומן,סאסו פטוראגס קומטויס,TR,גבינת קשקבל לייט 8%,,250.00,100 גרם,false,,16.90,0.0676,true,1,121439
7290117261538,false,סלמון אטלנטי בשמן קנולה וצ'ילי 120 גרם,קריות זול,LV,סלמון אטלנטי בשמן קנ,,120.00,,false,,12.90,0.1075,true,1,122078
7290117261552,false,סלמון אטלנטי ברוטב עגבניות 120 גרם,קריות זול,,סלמון אטלנטי ברוטב ע,,120.00,,false,,12.90,0.1075,true,1,122079
7290117261569,false,סלמון אטלנטי מעושן בשמן קנולה 120 גרם,קריות זול,LV,סלמון אטלנטי מעושן ב,,120.00,100 גרם,false,,12.90,0.1075,true,1,122076
7290117261576,false,סרדינים בריסלינג מעושנים ברוטב עגבניות 129 גרם,קריות זול,,סרדינים בריסלינג מעו,,185.00,100 גרם,false,,14.90,0.0805,true,1,122498
7290117261705,false,חמאת עיזים 200 גר' וילי פוד,באלבן גידה סנאי,TR,חמאת עיזים 200גר,,200.00,100 גרם,false,,14.90,0.0745,true,1,121252
7290117261712,false,מלבי קינוח על בסיס חלב 154גרם,,,מלבי קינוח על בסיס ח,,154.00,,false,,6.90,0.0448,true,1,123109
7290117380864,false,עוגות בראוניס אישיות בטעם שוקולד 120 ג' סלים דליס פייבר,הלמה הלום,NL,סלים דליס עוגות בראו,,120.00,,false,,15.90,0.1325,true,1,123146
7290117383179,false,מארז משחות שיניים 3 טריפל אקשן 3 מברשות שיניים אקסטרה קלין,,,קולגייט מארז 3 טריפל,,150.00,,false,,19.90,0.1327,true,1,122948
7290117821435,false,ביצת הפתעה פלסטיק עם סוכריות קשות 10 גרם חד קרן,שמחה,IL,ביצת הפתעה פלסטיק עם,,10.00,100 גרם,false,,7.90,0.7900,true,1,121192
7290117860045,false,שמפו תמציות אלוורה ותה ירוק לשיער רגיל,"טרופיקל גליל בע""מ",IL,הוואי שמפו מטפח לשיע,,700.00,,false,,14.90,0.0213,true,1,122756
7290117860090,false,מרכך תמציות אלוורה ותה ירוק לשיער רגיל,"טרופיקל גליל בע""מ",IL,הוואי מרכך מטפח לשיע,,700.00,100 גרם,false,,14.90,0.0213,true,1,122763
7290117860144,false,שמפו למניעת קשקשים לשימוש יומיומי,"טרופיקל גליל בע""מ",IL,הוואי שמפו למניעת קש,,700.00,100 גרם,false,,14.90,0.0213,true,1,122757
7290117860199,false,שמפו שמן ורד הבר ושמן מקדמיה לשיער יבש,קריות זול,,הוואי שמפו מעניק לחו,,700.00,100 גרם,false,,14.90,0.0213,true,1,122754
7290117860243,false,"הוואי - מרכך מעניק לחות לשיער יבש 700 מ""ל","טרופיקל גליל בע""מ",IL,הוואי מרכך מעניק לחו,,700.00,100 גרם,false,,14.90,0.0213,true,1,122764
7290117860595,false,"הוואי - מרכך מתיר קשרים לילדים 700 מ""ל",קריות זול,,הוואי מרכך ילדים מתי,,700.00,,false,,14.90,0.0213,true,1,122767
7290117860649,false,"שמפו קרטין, שמן קיק ומי ורדים",טרופיקל דגיל,IL,הוואי שמפו ללא סולפט,,700.00,100 גרם,false,,14.90,0.0213,true,1,122759
7290117860694,false,"מרכך קרטין, שמן קיק ומי ורדים","טרופיקל גליל בע""מ",IL,הוואי מרכך ללא סולפט,,700.00,100 גרם,false,,14.90,0.0213,true,1,122768
7290117860847,false,"הוואי רעננות מושלמת לגבר לשיער, גוף, פנים וזקן",קריות זול,,הוואי שמפו 4 ב-1 לגב,,700.00,100 גרם,false,,14.90,0.0213,true,1,122762
7290117901250,false,ממרח עגבניות מיובשות בתוספת זיתים ירוקים 290 ג' גורמה,,,ממרח עגבניות מיובשות,,290.00,,false,,15.90,0.0548,true,1,122281
7290118420378,false,פתיבר פינוקים בטעם תותים בשמנת - חלבי,קריות זול,IL,פתי בר פינוקים תותים,,220.00,,false,,12.90,0.0586,true,1,122476
7296049224603,false,ניקולטי סט 3 מגבות מ,,,ניקולטי סט 3 מגבות מ,יחידה,0.00,יחידה,false,,10.90,0.0000,true,1,122168
7296058000526,false,פרח פרכיות כוסמת 130 גרם,פרח תעשיות,IL,פריכיות כוסמת 130גר,,130.00,,false,,7.90,0.0608,true,1,85236
7296058110010,false,"פריכיות אורז פרח כשל""פ 110 גר'",,,פריכיות אורז מלא 110,,110.00,,false,,4.90,0.0445,true,1,116919
7296082000035,false,ביצים פלוס אומגה3 6י,המכון למיון ושיווק ב,IL,ביצים פלוס אומגה3 6י,,6.00,,false,,15.90,2.6500,true,1,22454
7296082000066,false,ביצים פלוס 12יח L,,,ביצים פלוס 12יח L,,12.00,,false,,17.90,1.4917,true,1,58162
7296082000080,false,ביצים חופש 12יח,המכון למיון ושיווק ב,IL,ביצים חופש 12יח,,12.00,,false,,21.90,1.8250,true,1,26380
7296082000134,false,ביצים רגילות לארג' 1,המכון למיון ושיווק ב,IL,ביצים רגילות לארג' 1,,12.00,,false,,12.05,1.0042,true,1,26383
7296082000141,false,ביצים רגילות מדיום 1,המכון למיון ושיווק ב,IL,ביצים רגילות מדיום 1,יחידה,0.00,יחידה,false,,11.15,0.0000,true,1,26384
7296082000165,false,ביצים אורגניות 12יח,המכון למיון ושיווק ב,IL,ביצים אורגניות 12יח,,12.00,100 גרם,false,,25.90,2.1583,true,1,26385
7296082000189,false,ביצים פלוס 30יח L,,,ביצים פלוס 30יח L,,30.00,100 גרם,false,,41.90,1.3967,true,1,58164
7296082000202,false,ביצים סופר טריה לארג,,,ביצים סופר טריה לארג,,18.00,,false,,18.07,1.0039,true,1,46232
7312040017683,false,וודקה אבסולוט בקבוק,חברת אבסולוט,SE,וודקה אבסולוט 700מל,,700.00,,false,,69.90,0.0999,true,1,50000
7394376615825,false,"אוטלי משקה שיבולת שועל בתוספת סידן וויטמינים , 1 ל'",אוטלי OATLY,SE,משקה שיבולת שועל מוע,,1000.00,100 גרם,false,,14.90,0.0149,true,1,114312
7394376615832,false,אוטלי משקה שיבולת שועל בטעם שוקולד 1 ליטר,אוטלי OATLY,SE,משקה שיבולת שועל בטע,,1000.00,,false,,16.90,0.0169,true,1,114313
7394376616778,false,אוטלי משקה שיבולת שועל להקצפה בריסטה 1 ליטר,אוטלי OATLY,SE,משקה שיבולת שועל להק,,1000.00,,false,,16.90,0.0169,true,1,114314
7501013122053,false,ג'ומקס מיץ אפרסק קרטונית ליטר תריסר,חומקס קומר קומרסאליז,MX,נקטר ג'ומקס אפרסק קר,,1000.00,,false,,9.90,0.0099,true,1,100501
7501013122114,false,"נקטר משקה אננס בקרטונית ג'ומקס, 1 ל'",חומקס קומר קומרסאליז,MX,נקטר ג'ומקס אננס קרט,,1000.00,,false,,9.90,0.0099,true,1,100502
7501013122190,false,ג'ומקס מיץ תפוחים קרטונית ליטר תריסר,חומקס קומר קומרסאליז,MX,נקטר ג'ומקס תפוחים ק,,1000.00,100 גרם,false,,9.90,0.0099,true,1,100503
7501064191398,false,שישיית בירה קורונה אקסטרא *355 מל,קריניציה ויטמינה אס,MX,בירה קורונה בקבוק שי,,2130.00,,false,,36.90,0.0173,true,1,92992
7610008059073,false,טבלת שוקולד רגוסה קלאסי 100 ג',,,שוקולד רגוסה קלאסי 1,,100.00,100 גרם,false,,15.90,0.1590,true,1,116001
7610023050215,false,פמיליה גרנולה קראנצי 500 ג',פמיליה familia,CH,גרנולה קראנצי פמיליה,,500.00,,false,,29.90,0.0598,true,1,28053
7610023051212,false,דגנים מיזלי שוקואיקס,מיוצר עי קונדיטוריית,CH,מיזלי שוקו איקס בשקי,,500.00,100 גרם,false,,29.90,0.0598,true,1,28055
7610243004463,false,"דורגול - מרסס להסרת אבנית במקלחון 600 מ""ל",יעקבי- דורגול Durgol,CH,דורגול מסיר אבן מרסס,,500.00,100 גרם,false,,21.90,0.0438,true,1,24912
7610400010481,false,שוקולד לינדט אקסלנס,לינדט Lindt,FR,שוקולד לינדט אקסלנס,,100.00,,false,,16.90,0.1690,true,1,26740
7610400014632,false,שוקולד שויצרי לבן בו,לינדט Lindt,CH,שוקולד לינדט לינדור,,100.00,100 גרם,false,,16.90,0.1690,true,1,26743
7610400014649,false,שוקולד חלב במילוי קרם רך,לינדט ושפרונגלי,CH,שוקולד לינדט לינדור,,100.00,100 גרם,false,,16.90,0.1690,true,1,26744
7610400068369,false,שוקולד חלב במילוי קרם אגוזים,לינדט ושפרונגלי,CH,שוקולד לינדט לינדור,,100.00,,false,,16.90,0.1690,true,1,88825
7610400068505,false,בונבוניירת לינדור Lindor שוקולד חלב,לינדט ושפרונגלי,CH,לינדור בונבוניירה חל,,200.00,100 גרם,false,,25.90,0.1295,true,1,26746
7610400087537,false,לינדור בונבוניירה מנ,לינדט ושפרונגלי איי,,לינדור בונבוניירה מנ,,200.00,,false,,25.90,0.1295,true,1,91544
7613030979647,false,דגני בוקר טריקס פירות עולם היורה 480 ג',ג'נרל מילס סאן אדריא,IL,טריקס 480 גרם,,480.00,,false,,27.90,0.0581,true,1,89931
7613032045753,false,פיטנס - דגני בוקר שוקולד 375 גרם,נסטלה צרפת איטנקורט,FR,פיטנס שוקולד 375 גרם,,375.00,,false,,24.90,0.0664,true,1,91869
7613033548192,false,פיטנס - דגני בוקר שוקולד מריר 375 גרם,נסטלה צרפת איטנקורט,FR,פיטנס דגני בוקר שוקו,,375.00,,false,,24.90,0.0664,true,1,44378
7613035622623,false,פיטנס - גרנולה שקדים ודבש 300 גרם,שוורצקוף& הנקל דיסלד,LT,פיטנס גרנולה שקדים ו,,300.00,,false,,17.90,0.0597,true,1,59285
7613035635845,false,פיטנס גרנולה שוקולד 14*300 גרם,שוורצקוף& הנקל דיסלד,LT,פיטנס גרנולה שוקולד,,300.00,100 גרם,false,,17.90,0.0597,true,1,59286
7613035807778,false,פרפקטו רוטב עגבניות לבולונז 400 ג' אסם,אסם פרפקטו Perfecto,ES,רוטב עגבניות לבולונז,,400.00,,false,,10.90,0.0273,true,1,81766
7613035809123,false,פרפקטו רוטב עגבניות עם פלפלים 400 ג' אסם,אסם פרפקטו Perfecto,ES,רוטב עגבניות עם פלפל,,400.00,,false,,10.90,0.0273,true,1,81768
7613036520492,false,פרפקטו רוטב עגבניות לפיצה 400 ג',אסם פרפקטו Perfecto,ES,רוטב עגבניות לפיצה פ,,400.00,100 גרם,false,,10.90,0.0273,true,1,88893
7613037276091,false,נסטלה מיקס מיני אריזות דגני בוקר 200 ג',נסטלה Nestle,FR,נסטלה מיקס מיני אריז,יחידה,0.00,יחידה,false,,21.90,0.0000,true,1,96957
7613037686906,false,פיטנס - דגני בוקר שקדים ודבש 355 גרם,נסטלה צרפת איטנקורט,FR,פיטנס שקדים ודבש 355,,355.00,,false,,24.90,0.0701,true,1,105715
7613037687132,false,דגני פיטנס שקדים ודב,נסטלה צרפת איטנקורט,,פיטנס שקדים ודבש 585,,585.00,100 גרם,false,,29.90,0.0511,true,1,105716
7613038268262,false,דגני בוקר צ'יריוס דבש ושקדים במתיקות מעודנת,נסטלה פולין דגני בוק,FR,דגני האני נאט צ'יריו,,410.00,100 גרם,false,,22.90,0.0559,true,1,105720
7613039547731,false,גרבר - מחית תפוח משמש פאוץ 90 גרם,כלורוקס אוקלנד,IL,גרבר מחית תפוח משמש,,90.00,,false,,6.20,0.0689,true,1,114480
7613287008497,false,סטארבקס - פולי קפה פייק פלייס 450 גרם,Unknown,IL,סטארבקס פולי קפה פיי,,450.00,,false,,49.90,0.1109,true,1,117872
7613287121783,false,חטיף סמרטיס מיני מאר,נסטלה Nestle,,סמארטיס מיני 187גרם,,187.00,,false,,10.90,0.0583,true,1,117897
7613287155832,false,מטרנה מחית תפוח פאוץ' 90 גר',כלורוקס אוקלנד,IL,גרבר מחית תפוח פאוץ,,90.00,,false,,6.20,0.0689,true,1,118402
7614500010013,false,טובלרון - שוקולד חלב קלאסי 100 גרם,,,טובלרון בר חלב 100 ג,,100.00,100 גרם,false,,8.90,0.0890,true,1,99280
7622010001858,false,עוגיות אוראו ממולאות קרם וניל 176 ג',פי אר ג'יי אס אי מנד,UA,אוראו עוגיות ממולאות,,176.00,100 גרם,false,,9.90,0.0563,true,1,58605
7622201050757,false,שוקולד מילקה טבלת חלב עם קרמל 100 ג',מילקה Milka,,שוקולד מילקה חלב עם,,100.00,100 גרם,false,,8.90,0.0890,true,1,23564
7622201137052,false,אוראו מיני קוקיס - עוגיות שוקולד צ'יפס ותחתית מצופה שוקולד חלב,מונדלז אספנה גלטאס פ,ES,מילקה מיני קוקיז 110,,110.00,100 גרם,false,,10.90,0.0991,true,1,117957
7622201401900,false,עוגיות מילקה סנסיישן אוראו 156 גר',מונדלז פולסקה פרודקש,PL,מילקה עוגיות סנסיישן,,156.00,100 גרם,false,,14.90,0.0955,true,1,116052
7622201502515,false,מילקה - עוגיות קוקי לופ 132 גרם,גיורי קייקס קייאפטי,HU,מילקה קוקי לופ 132 ג,,132.00,100 גרם,false,,14.90,0.1129,true,1,118981
7622201801809,false,מילקה- שוק' חלב עם אגוזים 100 גר' חדש,מנדלז דויצ'לנד סנקס,DE,שוקולד חלב מילקה אגו,,100.00,100 גרם,false,,8.90,0.0890,true,1,118488
7622201802363,false,שוקולד מילקה טבלה חלב צימוקים ואגוזים 100ג',מנדלז דויצ'לנד סנקס,DE,שוקולד חלב מילקה צימ,,100.00,100 גרם,false,,8.90,0.0890,true,1,118489
7622201802394,false,שוקולד מילקה טבלה חלב 100 ג',מנדלז דויצ'לנד סנקס,DE,שוקולד מילקה חלב 100,,100.00,100 גרם,false,,8.90,0.0890,true,1,118487
7622201808631,false,מיני עוגיות אוראו במילוי קרם בטעם וניל,פי.טי. מונדלז אינדונ,ID,אוראו מיני כוסות בטע,,67.00,100 גרם,false,,9.90,0.1478,true,1,118492
7622201813390,false,וופל במילוי קרם קקאו בציפוי שוקולד חלב,מונדליז סי.אר. ביסקו,,מילקה וואפל במילוי ק,,150.00,,false,,14.90,0.0993,true,1,118497
7622201819170,false,שוקולד דארק שקדים מילקה 85 ג',מונדלז דויטשלנד סנאק,DE,שוקולד מילקה דארק שק,,85.00,,false,,7.90,0.0929,true,1,119120
7622201819408,false,שוקולד מילקה דארק קר,מונדלז דויטשלנד סנאק,DE,שוקולד מילקה דארק קר,,85.00,,false,,7.90,0.0929,true,1,119121
7622201819552,false,שוקולד מילקה דארק 85,מונדלז דויטשלנד סנאק,DE,שוקולד מילקה דארק 85,,85.00,,false,,7.90,0.0929,true,1,119122
7622201823733,false,עוגיות ת`ינס דקות 151 ג' מילקה,,,עוגיות מילקה תינס דק,,151.00,,false,,14.90,0.0987,true,1,123018
7622210078131,false,מילקה שוקולד חלב במילוי קרם שמנת 100 ג',מנדלז דויצ'לנד סנקס,DE,שוקולד מילקה חלב עם,,100.00,100 גרם,false,,8.90,0.0890,true,1,85447
7622210163899,false,שוקולד חלב במילוי סוכריות עדשים,מונדלז דויצ'לנד סנקס,DE,שוקולד מילקה חלב עם,,100.00,100 גרם,false,,8.90,0.0890,true,1,89693
7622210392589,false,טובלרון טייני חלב 200 גרם,,,טובלרון טייני חלב 20,,200.00,,false,,15.90,0.0795,true,1,122164
7622210453327,false,עוגיות שוקוצ'יפס במילוי שוקולד סנסיישן,מנדלז פולסקה פרודקשן,PL,מילקה עוגיות סנסיישן,,156.00,100 גרם,false,,14.90,0.0955,true,1,87076
7622210826053,false,שוקולד מילקה אוראו סנדוויץ 92 גר',גיאורי קאקסז קייאףטי,HU,שוקולד מילקה אוראו ס,,92.00,100 גרם,false,,8.90,0.0967,true,1,116055
7622300200237,false,מילקה שוקולד חלב 250 גרם,מונדליז אוסטרייך פרו,AT,שוקולד מילקה חלב250ג,,250.00,100 גרם,false,,12.90,0.0516,true,1,23568
7622300270506,false,מילקה גריינס - עוגיות שיבולת שועל מצופות שוקולד 168 ג',מונדלז פולסקה פרודקש,PL,מילקה גריינס עוגיות,,168.00,100 גרם,false,,14.90,0.0887,true,1,43674
7622300489427,false,עוגיות אוראו בציפוי שוקולד לבן 246 גרם,מנדלז אספנה גאלטס פר,ES,אוראו עוגיות בציפוי,,246.00,100 גרם,false,,15.90,0.0646,true,1,93728
7622300489434,false,"עוגיות אוראו פאדג' בציפוי שוקולד חלב, 246 גרם",מנדלז אספנה גאלטס פר,ES,אוראו עוגיות בציפוי,,246.00,100 גרם,false,,15.90,0.0646,true,1,88676
7622300495046,false,מילקה אקסטרא קקאו 100 ג',מנדלז דויצ'לנד סנקס,DE,שוקולד מילקה אקסטרה,,100.00,100 גרם,false,,8.90,0.0890,true,1,48772
7622300617820,false,שוקלד מילקה טבלת חלב אוראו 100ג',מנדלז דויצ'לנד סנקס,DE,שוקולד מילקה אוראו 1,,100.00,100 גרם,false,,8.90,0.0890,true,1,48773
7622300761363,false,עוגיות אוראו מיני כוסות בטעם שוקו 67 ג',פי.טי. מונדלז אינדונ,ID,אוראו מיני כוסות בטע,,67.00,,false,,9.90,0.1478,true,1,81814
7622400005190,false,שוקולד חלב ושוקולד לבן Happy Cow,מנדלז דויצ'לנד סנקס,DE,שוקולד מילקה 100גר,,100.00,100 גרם,false,,8.90,0.0890,true,1,55178
7630311507016,false,קפסולות סטארבקס סאני דיי,נסטלה שוויץ - קפה,CH,קפסולות סטארבקס סאני,,57.00,100 גרם,false,,21.90,0.3842,true,1,120493
7630477891677,false,קפסולות פייק פלייס לונגו עוצמה 7 - 10 יח',נסטלה שוויץ - קפה,IL,סטארבקס קפסולות פייק,יחידה,0.00,יחידה,false,,21.90,0.0000,true,1,114465
7630477891691,false,סטארבקס - קפסולות קולומביה 57 גרם * 10,נסטלה שוויץ - קפה,IL,סטארבקס קפסולות קולו,יחידה,0.00,יחידה,false,,21.90,0.0000,true,1,114476
7630477891738,false,סטארבקס - קפסולות אספרסו בלונד 53 גרם * 10,נסטלה שוויץ - קפה,CH,סטארבקס קפסולות אספר,יחידה,0.00,יחידה,false,,21.90,0.0000,true,1,114468
7702018404476,false,קצף גילוח סירייס הגנה - 250 מל,,,גילט קצף גילוח סיריי,,250.00,100 גרם,false,,19.90,0.0796,true,1,81827
7702018471423,false,פיוזן רביעיות- סטארט גילט,פרןקטר אנד גמבל ברלי,PL,גילט פיוזן סכיני גיל,יחידה,0.00,יחידה,false,,59.90,0.0000,true,1,114446
7702018980833,false,"ג'ילט ג'ל גילוח סירייס מועשר בלחות - 200 מ""ל",פרוקטר & גמבל,,גילט גל גילוח מועשר,,200.00,100 גרם,false,,19.90,0.0995,true,1,81828
7702024074625,false,פיטנס - חטיפי קרקר חיטה מלאה 234 גרם,קומסטיבלס לה רוזה אס,CO,פיטנס חטיפי קרקר חיט,,234.00,,false,,12.90,0.0551,true,1,90099
7702174066631,false,לקקן פין פופ 10 יח' 170 גר' וסטהיים,הדקלאים אגודת שיתופי,CO,לקקן פינפופ מהדרין י,,180.00,100 גרם,false,,7.90,0.0439,true,1,26951
7702174068833,false,סוכריות לקקן במילוי טופי בטעמי גלידת פירות,יוגטה yogueta,CO,לקקן בטעם גלידה יוגט,יחידה,0.00,יחידה,false,,11.90,0.0000,true,1,47759
7702174070201,false,סוכריות לקקן במילוי טופי בטעם מסטיק,יוגטה yogueta,CO,לקקן מג'יק יוגטה 12י,יחידה,0.00,יחידה,false,,11.90,0.0000,true,1,48906
7792860006218,false,סוכריות לקקנים בייבי דול Baby Doll לריטר,גוד פוד פרודקטס S.p,AR,סוכריות לקקנים בייבי,,24.00,100 גרם,false,,2.70,0.1125,true,1,28597
7804414000877,false,יין דון חוליו צרלו 7,לואיס פליפה אדוארדס,,דון חולין מרלו 750מל,,750.00,100 גרם,false,,34.90,0.0465,true,1,33414
7804414000884,false,יין שרדונה דון חוליו,לואיס פליפה אדוארדס,,דון חוליו שרדונה 750,,750.00,,false,,34.90,0.0465,true,1,36480
7804414001614,false,יין דון חוליו שיראז,לואיס פליפה אדוארדס,,דון חוליו שיראז 750,,750.00,100 גרם,false,,34.90,0.0465,true,1,36481
7804414012351,false,יין דון חולין מלבק 7,לואיס פליפה אדוארדס,,דון חוליו מלבק 750 מ,,750.00,100 גרם,false,,34.90,0.0465,true,1,84946
7804414014058,false,קזה די לואיגי סובניו,הכרם,IL,קזה די לואיגי סובניו,,750.00,100 גרם,false,,34.90,0.0465,true,1,117582
7804667480006,false,אוכמניות יחידה,ביכורי שדה דרום,IL,אוכמניות 125 גרם,,125.00,,false,,15.90,0.1272,true,1,116732
7891024130063,false,"קולגייט מי פה פלאקס ללא אלכוהול 500 מ""ל מהדרין",קולגייט Colgate,BR,קולגייט מי פה פלאקס,,500.00,100 גרם,false,,19.90,0.0398,true,1,25691
8000020000365,false,ורמוט צינזאנו ביאנקו,דויד קמפרי,IT,*מבצע* וורמוט צינזנו,,750.00,100 גרם,false,,27.90,0.0372,true,1,48456
8000113003402,false,"קמח תירס בוואקום 1 ק""ג",מולינו ניקולי אס.פי.,IT,קמח תירס בוואקום 1 ק,,1000.00,,false,,16.90,0.0169,true,1,25448
8000300359978,false,טבלת שוקולד חלב פרוג,,,טבלת שוקולד חלב פרוג,,80.00,,false,,4.90,0.0613,true,1,123008
8000300359992,false,טבלת שוקולד מריר פרו,,,טבלת שוקולד מריר פרו,,80.00,,false,,4.90,0.0613,true,1,123009
8000300389067,false,באצ'י שוקולד מריר ש,,,באצ'י שוקולד מריר ש,,125.00,,false,,10.90,0.0872,true,1,123007
8000380003761,false,וופל גרנדה פטיסרי קוקוס שוקולד 100ג',קריניציה ויטמינה אס,IT,גרנד פטיסרי קוקוס 10,,100.00,,false,,14.90,0.1490,true,1,26953
8000380004676,false,קוביות וופל סנדוויץ Sandwich עם וניל וחלב,"א. לואקר, קונפקט ג'י",AT,וופל לואקר קוביות סנ,,200.00,100 גרם,false,,14.90,0.0745,true,1,26955
8000380004911,false,קוביות וופל קואדרטיני Quadratini קרם אגוזים,קריניציה ויטמינה אס,AT,וופל קואדרטיני אגוז,,250.00,100 גרם,false,,15.50,0.0620,true,1,26958
8000380004966,false,וופל קוארדטיני לואקר קוביות שוקולד 250ג',קריניציה ויטמינה אס,AT,וופל לואקר קוביות קק,,250.00,,false,,15.50,0.0620,true,1,26959
8000380005598,false,מארז וופל שוקולד טורטינה Tortina שוקולד מריר,לואקר Loacker,IT,טורטינה שישיה מריר 1,,125.00,,false,,19.90,0.1592,true,1,26960
8000380007257,false,וופל גרנדה מצופה שוקולד 200ג',קריניציה ויטמינה אס,IT,וופל גרדנה אגוז 200ג,,200.00,,false,,15.50,0.0775,true,1,26962
8000380007271,false,וופל לואקר קרם חלב 175ג',לואקר Loacker,AT,וופל לואקר חלב 175גר,,175.00,100 גרם,false,,12.90,0.0737,true,1,26964
8000380106028,false,טורטינה לואקר וופל שוקולד ואגוזים שישיה 125ג',קריניציה ויטמינה אס,IT,טורטינה שישיה חלב 12,,125.00,,false,,19.90,0.1592,true,1,26965
8000380157570,false,וופל קלאסי לואקר 262,,,וופל קלאסי לואקר 262,,262.50,100 גרם,false,,14.90,0.0568,true,1,87182
8000380157587,false,וופל שוקולד לואקר 26,,,וופל שוקולד לואקר 26,,262.50,100 גרם,false,,14.90,0.0568,true,1,87183
8000380180721,false,וופל לואקר קקאו וקרם חלב 175ג',קריניציה ויטמינה אס,AT,וופל לואקר קלאסיק שו,,175.00,100 גרם,false,,12.90,0.0737,true,1,58734
8000380180745,false,קוביות וופל קואדרטיני קקאו במילוי קר חלב,"א. לואקר, קונפקט ג'י",AT,וופל קואדרטיני שוקו,,250.00,,false,,15.50,0.0620,true,1,58735
8000380181032,false,"לואקר גרדנה חטיפי אצבעות אגוזים ושוקולד לבן, 125 גרם","אינסטנטה בע""מ",IT,וופל לואקר גרדנה אצב,,125.00,,false,,16.90,0.1352,true,1,81773
8000380192199,false,וופל לואקר דאבל שוקולד 175 גרם,לואקר Loacker,IT,וופל לואקר דאבל שוקו,,175.00,,false,,12.90,0.0737,true,1,91990
8000380205400,false,קוביות וופל קואדרטיני בטעם חמאת בוטנים,לואקר Loacker,AT,וופל קואדרטיני חמאת,,250.00,,false,,15.50,0.0620,true,1,120896
8000500009673,false,בונבוניירה פררו רושה 300ג',קריות זול,IT,*מבצע* פררו רושר בונ,,300.00,100 גרם,false,,45.90,0.1530,true,1,26969
8000500023624,false,חטיפי הפי היפו Happy Hippo במילוי קרם חלב וקקאו,קינדר Kinder,DE,קינדר הפי היפו חמישי,,102.00,,false,,15.50,0.1520,true,1,26970
8000500023976,false,בונבוניירת רפאלו Raffaello,קריות זול,PL,בונבוניירת רפאלו 150,,150.00,100 גרם,false,,18.90,0.1260,true,1,26971
8000500026731,false,שוקולד ביצי הפתעה קינדר שלישייה,קריות זול,IT,קינדר ביצי שוקולד 3*,,60.00,100 גרם,false,,15.90,0.2650,true,1,57508
8000500028124,false,"קינדר ג'וי, שלישיה 3 * 20 גרם",קריות זול,,קינדר ג'וי שלישייה 3,,60.00,100 גרם,false,,15.90,0.2650,true,1,122186
8000500029350,false,מארז וופל מצופה 3יח' *43 גרם קינדר בואנו,קינדר Kinder,PL,קינדר בואנו שלישייה,,129.00,100 גרם,false,,12.90,0.1000,true,1,26973
8000500037874,false,בונבוניירה פררו רושה 200ג',קריות זול,IT,*מבצע* פררו רושר בונ,,200.00,100 גרם,false,,25.90,0.1295,true,1,26976
8000500071083,false,אצבעות שוקולד קינדר Kinder שש עשרה יחידות,קינדר Kinder,IT,קינדר אצבעות שוקולד,,200.00,,false,,14.90,0.0745,true,1,21959
8000500121436,false,מארז קינדר בואנו Kinder Bueno לבן שלוש יחידות,קינדר Kinder,PL,קינדר בואנו לבן שליש,,117.00,100 גרם,false,,12.90,0.1103,true,1,36427
8000500126325,false,ביצי שוקולד הפתעה קינדר ג'וי ורוד בנות שלישיה,קריות זול,ZA,קינדר גוי ורוד שלישי,,60.00,,false,,15.90,0.2650,true,1,53234
8000500172810,false,סוכריות בטעם תות שדה מנטה- מארז רביעייה,טיק טק Tic Tac,ZA,טיק טק רביעייה בטעם,,64.00,100 גרם,false,,11.90,0.1859,true,1,52360
8000500227848,false,נוטלה - בי רדי אצבעות ביסקוויט במילוי שוקולד 6 יח' * 22 גרם,Unknown,,נוטלה בי רדי 132 גרם,,132.00,100 גרם,false,,12.90,0.0977,true,1,89747
8000500247167,false,פררו רושה קולקשיין 269ג',פררו,DE,פררו רושר קולקשיין ב,,259.00,100 גרם,false,,48.90,0.1888,true,1,86419
8000500249352,false,קינדר בואנו מיני מיקס שקית 205 ג',קינדר Kinder,PL,קינדר בואנו מיני מיק,,205.00,100 גרם,false,,22.90,0.1117,true,1,87619
8000500256213,false,קינדר שוקולד מיני בשקית.,קדבורי,IT,קינדר שוקולד מיני 12,,120.00,,false,,11.90,0.0992,true,1,91467
8000500267103,false,קינדר דליס שוקול' אישי מארז 10 יח' 420 גר',קינדר Kinder,,קינדר דליס 390 גרם,,390.00,100 גרם,false,,19.90,0.0510,true,1,91455
8000500269169,false,קינדר קארדס Kinder Cards - חמישייה,קריות זול,IT,קינדר קארדס חמישייה,,128.00,,false,,15.90,0.1242,true,1,121838
8000500294345,false,שוקולד איש שלג פררו,,,איש שלג פררו 90גר,,90.00,,false,,15.90,0.1767,true,1,116364
8000500310397,false,נוטלה עוגיות נוטלה בגליל 12יח' - NUTELLA BISCUITTS,קריות זול,IT,נוטלה ביסקוויט גליל,,166.00,100 גרם,false,,16.90,0.1018,true,1,123014
8000500366073,false,נוטלה עוגיות נוטלה בשקית 20 יח'- NUTELLA BISCUITTS,נוטלה Nutella,IT,נוטלה ביסקוויט שקית,,276.00,,false,,22.90,0.0830,true,1,123013
8000500374429,false,גרנד פררו רושה מעטפת שוקולד חלב עם אגוזי לוז,פררו Ferrero,IT,מעטפת שוקולד חלב עם,,125.00,100 גרם,false,,15.90,0.1272,true,1,120868
8000500374542,false,שוקולד גרנד רושה מרי,Unknown,PL,פררו גראנד רושה דראנ,,125.00,100 גרם,false,,15.90,0.1272,true,1,120869
8000500386941,false,"ממרח קקאו עם אגוזי לוז, 900 גרם",קדבורי,IT,נוטלה ממרח קקאו עם א,,900.00,,false,,29.90,0.0332,true,1,121839
8001010062844,false,חומץ בלסמי פונטי 500,פונט סלאם וולנסיה,IT,חומץ בלסמי פונטי 500,,500.00,100 גרם,false,,19.90,0.0398,true,1,89961
8001090493637,false,"הד אנד שולדרס שמפו אולטרא טוטאל קר 450 מ""ל",הד אנד שולדרס H&S,,הד&שולדרס שמפו אולטר,,450.00,,false,,22.90,0.0509,true,1,86882
8001090810083,false,"מרכך פנטן קלאסי 500 מ""ל",פרוקטר אנד גמבל,RO,פנטן קונדישנר נוסחה,,500.00,100 גרם,false,,19.90,0.0398,true,1,90410
8001090810205,false,"שמפו נוסחה קלאסית פנטן 500 מ""ל",פרוקטר אנד גמבל,RO,פנטן שמפו נוסחה קלאס,,500.00,100 גרם,false,,19.90,0.0398,true,1,90411
8001090833167,false,אריאל ג'ל כביסה ניחוח הרים 2.365 ליטר,פרוקטור אנד גמבל,FR,אריאל גל כביסה ניחוח,ליטרים,2.37,ליטר,false,,36.90,15.5696,true,1,91212
8001090899224,false,תחבושות אולוויז פלטינום לונג 20 יח',אולוויז Always,,תחבושות אולוויז פלטי,יחידה,0.00,יחידה,false,,19.90,0.0000,true,1,100254
8001090899255,false,תחבושות אולוויז פלטינום לילה 16 יח',Unknown,,תחבושות אולוויז פלטי,יחידה,0.00,יחידה,false,,19.90,0.0000,true,1,100255
8001090988447,false,"פנטן שמפו לתלתלים מושלמים 500 מ""ל",,,פנטן מרכך לתלתלים מו,,500.00,,false,,19.90,0.0398,true,1,90413
8001090988966,false,שמפו לתלתלים מושלמים,,,פנטן שמפו לתלתלים מו,,500.00,100 גרם,false,,19.90,0.0398,true,1,90416
8001100059266,false,שקיות פרוסות ריבועי פלוקו במילוי קרם וניל וחלב 250 ג',,,וופל קוביות 250ג באל,,250.00,100 גרם,false,,13.90,0.0556,true,1,122369
8001250152015,false,פסטה דורום פפרדלה דה,דה צ'אקו DE CECCO,IT,פסטה דורום פפרדלה דה,,500.00,,false,,15.90,0.0318,true,1,122690
8001250152336,false,פסטה דורום פטוציני ד,,,פסטה דורום פטוציני ד,,500.00,100 גרם,false,,15.90,0.0318,true,1,122691
8001620011935,false,מים מינרלים מוגזים שישייה בקבוק אישי,אקווה מינרלה סאן בנד,IT,סאן בנדטו מוגז שישיי,,3000.00,,false,,15.90,0.0053,true,1,43971
8001841625188,false,סבון כלים פלטינום לימון X3 פעולות להסרת שומנים,פרוקטר אנד גמבל,GB,פיירי פלטינום לימון,,515.00,,false,,11.90,0.0231,true,1,113664
8001841625461,false,סבון כלים פלטינום X3 פעולות להסרת שומנים,פרוקטר אנד גמבל,GB,פיירי פלטינום אורגינ,,515.00,,false,,11.90,0.0231,true,1,113665
8001841960258,false,פיירי פלטיניום למדיח,,,פיירי פלטיניום למדיח,יחידה,0.00,יחידה,false,,59.90,0.0000,true,1,123168
8002270015656,false,מים מינרלים סן פלגרי,סן פלגרינו ס.פ.א לוק,IT,סאן פלגרינו 750מל,,750.00,,false,,11.90,0.0159,true,1,22427
8003753158617,false,אילי קפסולות אספרסו לונגו קלאסיקו 10 יח' 57 גרם,ג'ייקובס דאו אגרבטס,FR,אילי קפסולות אספרסו,יחידה,0.00,יחידה,false,,24.90,0.0000,true,1,118242
8003753158648,false,אילי קפסולות אספרסו אינטנסו 10 יח' 57 גר',ג'ייקובס דאו אגרבטס,FR,אילי קפסולות אספרסו,יחידה,0.00,יחידה,false,,24.90,0.0000,true,1,118244
8004030044005,false,נתחי טונה בשמן זית ריו מרה 160 ג',"בולטון אלימנטרי בע""מ",IT,טונה ריו מרה בשמן זי,,160.00,100 גרם,false,,19.90,0.1244,true,1,25693
8004030103399,false,טונה בשמן זית רביעיו,,,ריו מארז טונה בשמן,,320.00,100 גרם,false,,34.90,0.1091,true,1,122298
8004030177000,false,טונה בשמן זית וצ'ילי ריו מרה מארז 80X3 גר',ריו מארה Rio Mare,,טונה ריו מרה בשמן זי,,240.00,100 גרם,false,,29.90,0.1246,true,1,100830
8004030344938,false,טונה בשמן זית ריו מרה שלישיה * 80 ג',"בולטון אלימנטרי בע""מ",IT,טונה ריו מרה שמן זית,,240.00,,false,,29.90,0.1246,true,1,100822
8004690050507,false,פסטה איטלקית פטוציני,למוליזנה,IT,פסטה לאמוליזנה פטוצ',,500.00,100 גרם,false,,8.90,0.0178,true,1,89959
8004690050620,false,פסטה לאמוליזנה לינגו,למוליזנה,IT,פסטה לאמוליזנה לינגו,,500.00,100 גרם,false,,8.90,0.0178,true,1,102902
8004690052044,false,פסטה לאמוליזנה פנה ז,למוליזנה,IT,פסטה לאמוליזנה פנה ז,,500.00,,false,,8.90,0.0178,true,1,53095
8004690052600,false,פסטה לאמוליזנה קונכי,למוליזנה,IT,פסטה לאמוליזנה קונכי,,500.00,100 גרם,false,,8.90,0.0178,true,1,106381
8004690052846,false,פסטה פוסילי למוליזנה,למוליזנה,IT,פסטה לאמוליזנה פוסיל,,500.00,100 גרם,false,,8.90,0.0178,true,1,53096
8004690053195,false,פסטה לאמוליזנה ריגטו,למוליזנה,IT,פסטה לאמוליזנה ריגטו,,500.00,100 גרם,false,,8.90,0.0178,true,1,90222
8004690055601,false,פסטה לאמוליזנה צ'ינס,למוליזנה,IT,פסטה לאמוליזנה צ'ינס,,500.00,,false,,8.90,0.0178,true,1,106382
8004690058008,false,פסטה לאמוליזנה גמלי,למוליזנה,IT,פסטה לאמוליזנה גמלי,,500.00,100 גרם,false,,8.90,0.0178,true,1,90223
8004690106600,false,פסטה לאמוליזנה פארפא,למוליזנה,IT,פסטה לאמוליזנה פארפא,,500.00,,false,,8.90,0.0178,true,1,89960
8004800005502,false,וופל מיני רול גלילי ופל במילוי קרם קקאו- 125 ג' לאגו,לגו גרופ ס.פ.א.,IT,לאגו גלילי ופל במילו,,125.00,,false,,10.90,0.0872,true,1,122551
8005110002243,false,רכז עגבניות Doppio Concentr בשפופרת 185 ג' MUTTI,"איי, בי, אינבוו",IT,רכז עגבניות מוטי בשפ,,185.00,,false,,10.90,0.0589,true,1,116226
8005110060007,false,עגבניות מקולפות 400 ג' MUTTI,,,עגבניות מקולפות מוטי,,400.00,,false,,8.90,0.0223,true,1,121900
8005110170300,false,עגבניות מרוסקות חתוכות מוטי MUTTI שלישיה *400,מוטי Mutti,IT,עגבניות מרוסקות מוטי,,1200.00,,false,,19.90,0.0166,true,1,81495
8005110191015,false,רסק עגבניות ובזיליקום 700 ג' (ירוק) MUTTI,"איי, בי, אינבוו",IT,רסק עגבניות ובזיליקו,,700.00,100 גרם,false,,14.90,0.0213,true,1,90198
8005110200014,false,רסק עגבניות בתוספת מלח,"איי, בי, אינבוו",IT,רכז עגבניות מוטי 210,,210.00,,false,,10.90,0.0519,true,1,81497
8005110550508,false,מוטי עגבניות שלמות ב,,,מוטי עגבניות שלמות ב,,400.00,100 גרם,false,,9.90,0.0248,true,1,122683
8005110551253,false,רוטב עגבניות לפיצה MUTTI,"איי, בי, אינבוו",IT,רוטב לפיצה מוטי 400ג,,400.00,100 גרם,false,,9.90,0.0248,true,1,113696
8005200256587,false,משקה תה בטעם אפרסק 1.5ל' NESTEA,מפעל סאנפלגרינו S.P.,IT,נסטי אפרסק 1.5ליטר,,1500.00,,false,,9.90,0.0066,true,1,119703
8005200316588,false,משקה תה דיאט בטעם אפרסק 1.5ל' NESTEA,מפעל סאנפלגרינו s.p.,IT,נסטי דיאט אפרסק 1.5ל,,1500.00,100 גרם,false,,9.90,0.0066,true,1,119705
8005803010357,false,אמור די פאן - קלאסי 125 גרם,"אינסטנטה בע""מ",IT,גריסיני אמור די פאן,,125.00,100 גרם,false,,8.50,0.0680,true,1,85979
8005803010371,false,מקלות גריסיני עם רוזמרין,"אינסטנטה בע""מ",IT,גריסיני אמור די פאן,,125.00,,false,,8.50,0.0680,true,1,85980
8005803010586,false,מקלות גריסיני בטעם פיצה,"הוסטה איטליה, ס.ר.ל.",IT,גריסיני אמור די פאן,,125.00,100 גרם,false,,8.50,0.0680,true,1,94200
8005803010661,false,אמור די פאן - שומשום 125 גרם,"הוסטה איטליה, ס.ר.ל.",IT,גריסיני אמור די פאן,,125.00,,false,,8.50,0.0680,true,1,94201
8006540027042,false,"לנור מרכך כביסה בניחוח פרחי בר 897 מ""ל",פרוקטר אנד גמבל,FR,לנור מרכך כביסה בניח,,897.00,100 גרם,false,,16.90,0.0188,true,1,117579
8006540112854,false,"מרכך כביסה מרוכז בניחוח סחלב לנור 900 מ""ל",פרוקטר & גמבל,FR,לנור מרכך מרוכז בניח,,900.00,,false,,16.90,0.0188,true,1,117843
8006540221068,false,מגן תחתון אלוויז וליופק לונג פלוס 40 יחי',פרוקטר,DE,אולוויז מגני תחתון ל,יחידה,0.00,יחידה,false,,19.90,0.0000,true,1,121376
8006540221341,false,אולוויז מגן תחתון וליופק לארג' 48 יחידות,,DE,אולוויז מגן תחתון אק,יחידה,0.00,יחידה,false,,19.90,0.0000,true,1,120388
8007178120310,false,חומץ בלסמי ד'מודנה Giacobazzi,פטורייה ג'יאקובאזי ס,IT,חומץ בלסמי ג'קובצי 5,,500.00,,false,,26.90,0.0538,true,1,23576
8007178223547,false,קרם מצומצם עם חומץ בלסמי ממודנה,פארייפאבה אגרואינדוס,IT,קרם בלסמי מצומצם ג'ק,,250.00,100 גרם,false,,26.90,0.1076,true,1,55799
8008245004861,false,ממרח חלב עם אגוזי לוז 300ג M?venpick,יבואן ומשווק: ש. שסט,IT,ממרח אגוזי לוז עם חל,,300.00,,false,,17.90,0.0597,true,1,123243
8008620009337,false,קריץ-קרקר חיטה מלאה 250ג',,,קריץ קרקר חיטה מלאה,,250.00,,false,,8.90,0.0356,true,1,116255
8008660210021,false,מעדן פרי דובדבן 100% רכיבי פרי,שוורצקוף& הנקל דיסלד,IT,מעדן דובדבן מנז אנד,,300.00,100 גרם,false,,17.90,0.0597,true,1,82996
8008660210038,false,מעדן פרי תות שדה 100% רכיבי פרי,קריניציה ויטמינה אס,IT,מעדן תות מנז אנד גאס,,300.00,100 גרם,false,,17.90,0.0597,true,1,82994
8008857200200,false,פסטה ספגטי דק 500 ג' רג'ייה,,,פסטה רג'ייה ספגטי דק,,500.00,,false,,7.50,0.0150,true,1,52659
8008857300344,false,פסטה רג'ייה צינור 500 גר',,,פסטה רג'ייה צינור 50,,500.00,,false,,7.50,0.0150,true,1,52661
8008857300580,false,פסטה רג'ייה סהרון 500 גר',,,פסטה רג'ייה סהרון 50,,500.00,100 גרם,false,,7.50,0.0150,true,1,52663
8008857300603,false,פסטה רג'ייה קונכיה 500 גר',,,פסטה רג'ייה קונכיה 5,,500.00,100 גרם,false,,7.50,0.0150,true,1,45581
8008857300634,false,פסטה רג'ייה תלתל 500 גר',,,פסטה רג'ייה תלתל 500,,500.00,,false,,7.50,0.0150,true,1,45580
8008857300641,false,פסטה רג'ייה כובע 500גר',,,פסטה רג'ייה פסטה רגי,,500.00,100 גרם,false,,7.50,0.0150,true,1,93606
8008857300771,false,פסטה רג'ייה אט' מרק 500 גר',,,פסטה רג'ייה אטריות מ,,500.00,100 גרם,false,,7.50,0.0150,true,1,93607
8008857400655,false,פסטה רג'ייה בורג 3 צבעים 500 גר',,,פסטה רג'ייה בורג שלו,,500.00,100 גרם,false,,8.90,0.0178,true,1,93610
8008857500003,false,רג'יה פסטה 609 אטריות עגולות דקות 500ג,פסטה רג'יה Pasta Reggia,,פסטה רג'ייה אטריות ע,,500.00,,false,,8.90,0.0178,true,1,52672
8008857601090,false,פסטה קנלוני רג'יה 250 גר',פסטה רג'יה Pasta Reggia,,קנלוני רג'יה 250 גרם,,250.00,100 גרם,false,,9.90,0.0396,true,1,90594
8011033011279,false,"קוסקוס מרקש 1 ק""ג",,,קוסקוס 1 קג,,1000.00,100 גרם,false,,14.90,0.0149,true,1,47989
8076800195033,false,ברילה - צ.א ספגטיני מס3 חדש 500 גרם,ברילה גי.אי.אר פרטלי,IT,פסטה ספגטי ברילה מס',,500.00,100 גרם,false,,9.90,0.0198,true,1,25698
8076800195057,false,ברילה - צ.א ספגטי מס5 חדש 500 גרם,ברילה גי.אי.אר פרטלי,IT,פסטה ספגטיני מס 5 בר,,500.00,100 גרם,false,,9.90,0.0198,true,1,25699
8076802085738,false,ברילה - צ.ק פנה רגטה חדש 500 גרם,ברילה גי.אי.אר פרטלי,IT,פסטה פנה רגטה ברילה,,500.00,100 גרם,false,,9.90,0.0198,true,1,25704
8076802085981,false,ברילה - צ.ק פוזילי חדש 500 גרם,ברילה גי.אי.אר פרטלי,IT,פסטה פתיתי פוזליני ב,,500.00,100 גרם,false,,9.90,0.0198,true,1,25709
8076808060654,false,ברילה - צ.ק פרפלה חדש 500 גרם,ברילה גי.אי.אר פרטלי,IT,פסטה פתיתי פרפלה 65,,500.00,100 גרם,false,,9.90,0.0198,true,1,25712
8076808150072,false,ברילה - צ.א ספגטוני מס7 חדש 500 גרם,ברילה גי.אי.אר פרטלי,IT,פסטה ספגטי מס 7 בריל,,500.00,100 גרם,false,,9.90,0.0198,true,1,25714
8076809513388,false,ברילה - רוטב ארביאטה 400 גרם,ברילה גי.אי.אר פרטלי,IT,רוטב ארביאט ברילה 40,,400.00,100 גרם,false,,15.90,0.0398,true,1,25717
8076809513395,false,רוטב פסטה ברילה פורמודרו 400ג',ברילה גי.אי.אר פרטלי,IT,רוטב פורמודרו ברילה,,400.00,100 גרם,false,,15.90,0.0398,true,1,25718
8076809513654,false,בסיס רוטב עגבניות לבולונז 400 ג' ברילה,ברילה גי.אי.אר פרטלי,IT,רוטב עגבניות לבולונז,,400.00,,false,,15.90,0.0398,true,1,25719
8076809513692,false,רוטב פסטה ברילה נפוליטנה 400ג',ברילה גי.אי.אר פרטלי,IT,רוטב נפוליטנה ברילה,,400.00,,false,,15.90,0.0398,true,1,25720
8076809513739,false,רוטב פסטה ברילה בזיליקום 400 ג',ברילה גי.אי.אר פרטלי,IT,רוטב בזיליקום ברילה,,400.00,100 גרם,false,,15.90,0.0398,true,1,25721
8076809523561,false,רוטב עגבניות עם עשבי תיבול 400 ג' ברילה,ברילה גי.אי.אר פרטלי,IT,רוטב טוסקנה ברילה400,,400.00,,false,,15.90,0.0398,true,1,25727
8076809523738,false,פסטה ברילה לזניה 500ג',ברילה גי.אי.אר פרטלי,IT,לזניה ברילה 500 גר,,500.00,,false,,25.90,0.0518,true,1,25730
8410076600622,false,חטיפי גרנולה Crunchy שיבולת שועל מלאה ושבבי שוקולד מריר,ג'נרל מילס סאן אדריא,ES,ניטשר וואלי חטיף קרא,,210.00,100 גרם,false,,22.90,0.1090,true,1,49051
8410076610379,false,נייטשר ואלי פרוטאין בוטנים ושבבי שוקולד 160 ג',סריילטו ספיין פודס,ES,נייטשר וואלי פרוטאין,,160.00,,false,,26.90,0.1681,true,1,59340
8410076610492,false,סוויט אנד סולטי שוקולד מריר בציפוי חמאת בוטנים,יבואן ומשווק: ש. שסט,,ניטשר וואלי צ'אוי חט,,150.00,,false,,22.90,0.1527,true,1,82451
8410076610508,false,"נייטשר וואלי צ'ואי שוקולד מריר בוטנים ושקדים, חמישיה 5 * 30 גרם",נייצ'ר ואלי Nature Valley,,ניטשר וואלי צ'אוי חט,,150.00,,false,,22.90,0.1527,true,1,82452
8410076621009,false,עוגות אישיות בטעם קרמל עם חתיכות בטעם קרמל מלוח,"גלאטס סירו בע""מ",ES,פייבר וואן חטיף בטעם,,120.00,100 גרם,false,,17.90,0.1492,true,1,116090
8410076621047,false,עוגות אישיות בטעם שוקולד עם חתיכות בטעם שוקולד,"גלאטס סירו בע""מ",ES,פייבר וואן בראוניז ב,,120.00,100 גרם,false,,17.90,0.1492,true,1,116089
8410104039134,false,"פיניש מנקה ומחדש מדיח 250מ""ל",הדקלאים אגודת שיתופי,PL,פיניש מנקה ומחדש מדי,,250.00,,false,,22.90,0.0916,true,1,28219
8410104045111,false,"פיניש מלח למדיח כלים 2ק""ג",פ.פ.ח. שאביט,IL,"פיניש מלח למדיח 2 ק""",,2000.00,,false,,15.90,0.0080,true,1,103583
8410376027273,false,גולון עוגיות טווינס,,,גולון עוגיות טווינס,,252.00,100 גרם,false,,9.90,0.0393,true,1,121940
8410376037784,false,גולון סנדוויץ שוקולד ללא סוכר 250 ג',תות תעשיות מזון (201,ES,עוגיות ביסקוויט גולו,,250.00,,false,,14.90,0.0596,true,1,122878
8410376037883,false,גוליאן עוגיות שוקו צפס ללא גלוטן 130 ג ו,תות תעשיות מזון (201,ES,גולון עוגיות שוקוצ'י,,130.00,,false,,12.90,0.0992,true,1,121947
8412497524327,false,בקבוק פלסטיק(טריטן) קטן 450 מל-ספיידרמן(1X24),,,בקבוק פלסטיק קטן 450,יחידה,0.00,יחידה,false,,19.90,0.0000,true,1,94009
8423207206488,false,מרבה סלים דליס שוקולד חלב חדש,אף.סי תבליני בגליל ב,ES,סלים דליס חטיף דגנים,,120.00,100 גרם,false,,15.90,0.1325,true,1,47616
8423207206495,false,חטיף מרבה סלים דליס שוקו' מריר 125ג',אף.סי תבליני בגליל ב,ES,סלים דליס חטיף דגנים,,1200.00,100 גרם,false,,15.90,0.0133,true,1,47617
8423207206501,false,מרבה סלים דליס חצי מצופה חדש,סלים דליס Slim Delis,ES,סלים דליס חטיף דגנים,,120.00,100 גרם,false,,15.90,0.1325,true,1,47618
8423207207362,false,סלים דליס חטיף דגנים שוקולד לבן 120 ג',ביסנצ'ורי אס.אל.יו,ES,סלים דליס חטיף שוקול,,120.00,100 גרם,false,,15.90,0.1325,true,1,52009
8423207208680,false,מרבה סלים דליס לילדים עם שוקולד חלב,ביסנצ'ורי אס.אל.יו,ES,סלים דליס קידס חטיף,,78.00,100 גרם,false,,15.90,0.2038,true,1,58581
8423207208697,false,מרבה סלים דליס לילדים עם שוקולד לבן חדש,ביסנצ'ורי אס.אל.יו,ES,סלים דליס קידס חטיף,,120.00,100 גרם,false,,15.90,0.1325,true,1,58582
8423207208703,false,חטיף דגנים מצופה אקסטרה שוקולד מריר,ביסנצ'ורי אס.אל.יו,ES,סלים דליס חטיף אקסטר,,120.00,100 גרם,false,,15.90,0.1325,true,1,58583
8423207208895,false,פריכיות תירס בטעם זיתים ועירית סלים דליס 123 ג',סלים דליס Slim Delis,,פריכיות תירס בטעם זי,יחידה,0.00,יחידה,false,,12.90,0.0000,true,1,58629
8423207209748,false,מרבה סלים דליס שוקולד מריר בניגועת תפוז,ביסנצ'ורי אס.אל.יו,ES,סלים דליס שוקולד מרי,יחידה,0.00,יחידה,false,,15.90,0.0000,true,1,87644
8423207209885,false,סלים דליס מהדורה מיוחדת שוקולד חלב 120 ג',סלים דליס Slim Delis,,סלים דליס בטעם שוקול,יחידה,0.00,יחידה,false,,15.90,0.0000,true,1,88049
8423207210287,false,מרבה סלים דליס שוקולד לבן בטעם יוגורט 120 ג',סלים דליס Slim Delis,,סלים דליס שוקולד לבן,,120.00,,false,,15.90,0.1325,true,1,100826
8423207210928,false,חטיף דגנים מצופה שוקולד חלב ואגוזי לוז - 5 במארז,ביסנצ'ורי אס.אל.יו,ES,סלים דליס טופינג אגו,,0.00,100 גרם,false,,15.90,0.0000,true,1,115803
8423207210942,false,חטיף דגנים מצופה שוקולד לבן ופירות יער,אף.סי תבליני בגליל ב,ES,סלים דליס טופינג פיר,,0.00,,false,,15.90,0.0000,true,1,115804
8424842050016,false,חטיף צ'יפס בטעם כמהי,,,ציפס רוביו כמהין 125,,125.00,100 גרם,false,,13.90,0.1112,true,1,123248
8424842050030,false,ציפס רוביו מלח הימלא,,,ציפס רוביו מלח הימלא,,125.00,100 גרם,false,,13.90,0.1112,true,1,123247
8424842050085,false,ציפס רוביו חרדל ודבש,,,ציפס רוביו חרדל ודבש,,125.00,100 גרם,false,,13.90,0.1112,true,1,123249
8425206000081,false,ריבת חלב מרדל 450 גר,כלורוקס אוקלנד,ES,ריבת חלב מרדל 450גר,,450.00,,false,,19.90,0.0442,true,1,57495
8435495805168,false,"תינוקלין לכביסה לעור רגיש אולימפיק 1.25ק""ג",מולינו ניקולי s.p.a,TR,תינוקלין אבקת כביסה,קילוגרמים,1.25,"ק""ג",false,,22.90,18.3200,true,1,89232
8435495807636,false,ג'ל כביסה היפואלרגני 2 ל' תינוקלין,תינוקלין,TR,תינוקלין ג'ל כביסה ב,ליטרים,2.00,ליטר,false,,29.90,14.9500,true,1,91620
8436575292205,false,ארטיק חמשושים מאגדת 15*12 גר',שוורצקוף& הנקל דיסלד,IL,חמשושים מאגדת 15יח,,180.00,,false,,24.90,0.1383,true,1,92926
8437000906209,false,טורטייה קמח חיטה 320,Azteca foods europe,,עלי טורטיה 320ר,,325.00,100 גרם,false,,10.90,0.0335,true,1,45396
8445290341587,false,פנסי פיסט פטה דג לבן ועוף 85גר,נסטלה פורינה USA ג',US,פנסי פיסט פטה דג לבן,,85.00,,false,,6.70,0.0788,true,1,122159
8445290341617,false,פנסי פיסט פטה עוף וסלמון 85גר,נסטלה פורינה USA ג',US,פנסי פיסט פטה עוף וס,,85.00,100 גרם,false,,6.70,0.0788,true,1,122158
8606018615827,false,גלידת וניל עם שברי עוגיות אוראו 480 ג',נסטלה,IL,פיינט אוראו,,480.00,,false,,19.90,0.0415,true,1,122485
8606018615841,false,גלידת וניל עם ליבת שוקולד חלב 480 ג' מילקה,נסטלה,IL,פיינט מילקה וניל ליב,,480.00,100 גרם,false,,19.90,0.0415,true,1,122486
8606018615865,false,גלידת קרמל ליבת שוקולד 480 ג' מילקה,נסטלה,IL,פיינט מילקה קרמל ליב,,480.00,100 גרם,false,,19.90,0.0415,true,1,122487
8683130025574,false,"מרכך כביסה אקסטרה לבנדר 960 מ""ל בדין",יונילוור - תורכיה,TR,בדין אקסטרא לבנדר 96,,960.00,100 גרם,false,,19.90,0.0207,true,1,120828
8683130025581,false,"בדין - מרכך כביסה אקסטרא ענבר 960 מ""ל",יונילוור - תורכיה,TR,בדין אקסטרא ענבר 960,,960.00,,false,,19.90,0.0207,true,1,120829
8683323063024,false,ממתק בטעם תותי פרוטי בצורת שטיח,מוטקה החולב,TR,סוכריות יוגטה שטיחים,,220.00,,false,,8.50,0.0386,true,1,82891
8690526019178,false,אי טי אי - וופל קקאו במילוי קרם קוקוס 142 גרם,מולינו ניקולי s.p.a,TR,וופל במילוי קרם קוקו,,142.00,,false,,7.90,0.0556,true,1,106731
8690531401722,false,פלפל אדום קלוי צנצנת,,,פלפל אדום קלוי צנצנת,,550.00,100 גרם,false,,9.90,0.0180,true,1,117145
8690572784303,false,"שוורצקוף גליס שמפו לשיער לאורך מושלם, 400 מ""ל",שוורצקוף Schwarzkopf,,גליס שמפו לאורך מושל,,400.00,100 גרם,false,,15.90,0.0398,true,1,90186
8690637946301,false,"בדין - מרכך כביסה אקסטרא בייביי כחול 960 מ""ל",יוניליוור סנאיי וי ט,TR,בדין אקסטרא בייבי 96,,960.00,100 גרם,false,,19.90,0.0207,true,1,106198
8690637946318,false,"בדין מרכך כביסה אקסטרא בייבי צהוב 960מ""ל",יוניליוור סנאיי וי ט,TR,בדין אקסטרא בייבי בנ,,960.00,,false,,19.90,0.0207,true,1,106199
8690637971310,false,"מרכך כביסה אקסטרה בניחוח יערת הדבש 960 מ""ל בדין",יוניליוור סנאיי וי ט,TR,בדין אקסטרא יערת הדב,,960.00,100 גרם,false,,19.90,0.0207,true,1,115813
8690766156367,false,שוקולד גודייבה חלב מעולה 90 גר,"אולקר מקבוצת פלאדיס,",TR,שוקולד חלב מעולה 90,,90.00,,false,,14.90,0.1656,true,1,105621
8690766156374,false,שוקולד גודייבה מריר 72% מוצרי קקאו 90 גר,"אולקר מקבוצת פלאדיס,",TR,שוקולד מריר מעולה 7,,90.00,100 גרם,false,,14.90,0.1656,true,1,105622
8690766156381,false,שוקולד גודייבה מריר מעולה 90% קקאו 90 גר,"אולקר מקבוצת פלאדיס,",TR,שוקולד מריר מעולה 90,,90.00,100 גרם,false,,14.90,0.1656,true,1,105623
8690766156404,false,שוקולד מריר מעולה בטעם תפוז אדום 90ג',גודייבה,TR,שוקולד מריר מעולה ב,,90.00,,false,,14.90,0.1656,true,1,105625
8690770322598,false,"שמרים יבשים 125 גר` בד""צ",בראבו Bravo,,"שמרים יבשים 125 ג""ר.",,125.00,,false,,4.90,0.0392,true,1,26867
8690777204071,false,פלפלים כבושים - חריפים,יוליניבר,TR,פלפל חריף ויליפוד 64,,640.00,100 גרם,false,,13.90,0.0217,true,1,23382
8690777206051,false,חצילים קלויים על האש סארה 650 גר',קוראהן פזלרמה וי דיס,TR,חציל קלוי על האש ויל,,650.00,100 גרם,false,,13.90,0.0214,true,1,23384
8690777221405,false,פלפל אדום קלוי על האש סארה 650גרם,קוראהן פזלרמה וי דיס,TR,פלפל אדום קלוי על הא,,650.00,100 גרם,false,,13.90,0.0214,true,1,23386
8691058141238,false,ערמונים שלמים קלויים וקלופים 100 ג' Avel,,,ערמונים שלמים 100 גר,,100.00,,false,,6.90,0.0690,true,1,100238
8692440001086,false,כוסות פלסטיק חד פעמי 100 יח',"שניב תעשיות נייר בע""",,כוסות לשתיה קרה טאץ',יחידה,0.00,יחידה,false,,7.90,0.0000,true,1,94477
8693495052177,false,תחליב רחצה זיתים ואלוורה,קולגייט פלמוליב,TR,פלמוליב זיתים 750מל,,750.00,,false,,21.90,0.0292,true,1,88053
8697431460064,false,קונפיטורה משמש 70% פרי פרופה 454 גר',פרוטנגו Fruitango,,קונפיטורה 70% משמש 4,,450.00,,false,,14.90,0.0331,true,1,32003
8697431921701,false,קונפיטורה תות שדה 70% פרי פרופה 454 גר',פרוטנגו Fruitango,,קונפיטורה תות שדה פר,,450.00,,false,,14.90,0.0331,true,1,54182
8697431921718,false,קונפיטורה דובדבן חמוץ 70% פרי פרופה 454 גר',Barhan gida sanayi v,,קונפיטורה 70 % דובדב,,450.00,100 גרם,false,,14.90,0.0331,true,1,54287
8697530910743,false,סיגריות פאל מאל כחול קצר מטאליק,Unknown,,פאל מאל כחול קצר,יחידה,0.00,יחידה,false,,28.00,0.0000,false,1,28899
8697530910750,false,סיגריות פאל מאל כחול ארוך האוס,Unknown,,פאל מאל כחול ארוך,יחידה,0.00,יחידה,false,,28.00,0.0000,false,1,28900
8697530911276,false,סיגריות קנט קצר חפיס,גלוברנדס,,קנט קצר חפיסה,יחידה,0.00,יחידה,false,,35.00,0.0000,false,1,28908
8697826469092,false,טורטיה קטנה 540 גר' 12יח,דין שיווק,TR,טורטיה קטנה 540גר,,540.00,100 גרם,false,,9.90,0.0183,true,1,59172
8699250035041,false,זית שחור טבעי יבש במ,,,זית שחור טבעי יבש במ,,700.00,,false,,21.90,0.0313,true,1,89311
8710502064814,false,עוגיות שוקולד ציפס במרקם רך 175 ג',בנקטבקריי מרבה בי.וי,NL,עוגיות שוקולד ציפס ר,,175.00,100 גרם,false,,12.90,0.0737,true,1,56588
8710502194801,false,עוגיות שוקולד צ'יפס במרקם רך עם פירות יער,בנקטבקריי מרבה בי.וי,NL,עוגיות שוקולד ציפס פ,,175.00,100 גרם,false,,12.90,0.0737,true,1,81660
8710502279010,false,מרבה עוגיות שוקולד צ'יפס מצופות שוקולד 175 ג',"מרבה בע""מ",NL,עוגיות שוקולד צ'יפס,,175.00,100 גרם,false,,12.90,0.0737,true,1,116868
8710502470028,false,עוגיות שוקולד צ'יפס ממולאות בקרם נוגט,קריניציה ויטמינה אס,NL,עוגיות שוקוציפס נוגט,,160.00,100 גרם,false,,12.90,0.0806,true,1,35258
8711000362655,false,קפסולות קפה לור אספר,קראפט,FR,קפסולות אספרסו לור א,יחידה,0.00,יחידה,false,,19.90,0.0000,true,1,113980
8711000371183,false,קפסולות קפה אספרסו אינטנסו 10*52 ג' ג'ייקובס,קריניציה ויטמינה אס,FR,גקובס קפסולות קפה אס,,52.00,,false,,16.90,0.3250,true,1,91852
8711000371206,false,קפסולות קפה אספרסו ריסטרטו 10*52 ג' ג'ייקובס,קריניציה ויטמינה אס,FR,גקובס קפסולות קפה אס,,52.00,,false,,16.90,0.3250,true,1,91853
8711000371244,false,קפסולות קפה אספרסו לונגו 10*52 ג' ג'ייקובס,ג'ייקובס Jacobs,FR,גקובס קפסולות קפה אס,,52.00,100 גרם,false,,16.90,0.3250,true,1,100996
8711000472040,false,קפסולות קפה סלקשיין 10*52 ג' ג'ייקובס,ג'ייקובס Jacobs,FR,ג'ייקובס קפסולות קפה,,52.00,100 גרם,false,,16.90,0.3250,true,1,118215
8712000051099,false,"בירה הייניקן 0% אלכהול 330 מ""ל*6 יח'",פארייפאבה אגרואינדוס,NL,בירה היינקן שישייה 0,,1980.00,,false,,34.90,0.0176,true,1,92864
8712561594240,false,"דאב תחליב רחצה להזנה עמוקה500 מ""ל-מרכז","יוניליוור גרמניה, Gm",DE,תחליב רחצה להזנה עמו,,500.00,,false,,15.90,0.0318,true,1,57886
8712561609647,false,"דאב - תחליב רחצה חמאת שיאה 500 מ""ל",,,דאב תחליב רחצה חמאת,,500.00,,false,,15.90,0.0318,true,1,122135
8712561611183,false,"דאב - תחליב רחצה תה ירוק ומלפפון 500 מ""ל","יוניליוור גרמניה, Gm",DE,דאב תחליב רחצה תה יר,,500.00,,false,,15.90,0.0318,true,1,57887
8714599513781,false,קפה נמס גולד מיובש בהקפאה 200 ג' ג'ייקובס,אל.אל. סי ג''יקובס ד,RU,גייקובס גולד קפה נמס,,200.00,,false,,27.90,0.1395,true,1,89962
8714599513835,false,קפה ג'יקובס נטול קופאין מיובש בהקפאה 200 ג',ג'ייקובס Jacobs,,גקובס נטול קפאין מיו,,200.00,100 גרם,false,,37.90,0.1895,true,1,59704
8714599513866,false,"ג'ייקובס קרוננג מיובש בהקפאה כשל""פ 200 ג'",אל.אל.סי גייקובס דאו,UA,קפה נמס קרוננג ג׳יקו,,200.00,,false,,27.90,0.1395,true,1,58291
8714789218465,false,קולגייט מברשת שיניים 360 סופט זוג,הנסיך- מפעל לייצור ט,CN,קולגייט 360 מברשת שי,יחידה,0.00,יחידה,false,,34.90,0.0000,true,1,25745
8714789582764,false,אג'קס ספריי לניקוי חלונות ומשטחים,"ש. שסטוביץ בע""מ",GR,אגקס לניקוי חלונות 7,,750.00,100 גרם,false,,16.90,0.0225,true,1,55191
8714789699110,false,רביעית סבון פלמוליב שקד 4*90 גר,,,פלמוליב סבון מוצק חל,,360.00,100 גרם,false,,10.90,0.0303,true,1,119905
8714789930848,false,"משחת שיניים אופטיק וויט אינסטנט 75 מ""ל קולגייט",הנסיך- מפעל לייצור ט,PL,קולגייט אופטיק וויט,,75.00,,false,,22.90,0.3053,true,1,57242
8715700115641,false,ממרח מיונז לחיץ לייט במרקם קרמי 420 ג' היינץ,היינץ Heinz,,ממרח היינץ במרקם קרמ,,420.00,,false,,15.90,0.0379,true,1,122175
8715700120874,false,מתבל עגבניות היינץ בתוספת שום,היינץ Heinz,,היינץ קטשופ שום 460,,460.00,,false,,11.90,0.0259,true,1,118657
8715700419732,false,מתבל עגבניות היינץ 7,ה.י. היינץ,NL,*מבצע* קטשופ היינץ 7,,700.00,100 גרם,false,,11.90,0.0170,true,1,53910
8715700422473,false,ממרח מיונז ללא חומרים משמרים 395 ג' היינץ,היינץ Heinz,NL,ממרח היינץ לחיץ 395,,395.00,,false,,15.90,0.0403,true,1,122176
8717163647233,false,"אקס ספריי גוף בלאק נייט 150 מ""ל",ארנסט. רחוב קומבינצק,RU,אקס ספריי גוף בלאק נ,,150.00,100 גרם,false,,15.90,0.1060,true,1,92292
8717163647240,false,"אקס דאודורנט ספריי גוף לגבר שוקולד 150 מ""ל",ארנסט. רחוב קומבינצק,TR,אקס ספריי גוף שוקולד,,150.00,100 גרם,false,,15.90,0.1060,true,1,92293
8717163655825,false,"רקסונה דאו' ספריי לנשים בניחוח כותנה, 150 מ""ל",יוניליוור,,רקסונה ספריי כותנה 1,,150.00,,false,,15.90,0.1060,true,1,100096
8717163842676,false,"דאב - תחליב רחצה חימר ורוד 500 מ""ל",יוניליוור גרמניה Gmb,DE,תחליב רחצה חימר ורוד,,500.00,,false,,15.90,0.0318,true,1,106557
8718114734484,false,מיונז מיילי 320 גרם,MAILLE,,מיונז פיין 320 גר',,320.00,100 גרם,false,,15.90,0.0497,true,1,89112
8718951001589,false,"אגקס ספריי מסיר שומנים במטבח 600 מ""ל",הנסיך- מפעל לייצור ט,GR,אגקס ספריי מסיר שומנ,,600.00,,false,,16.90,0.0282,true,1,56574
8718951159402,false,"קולגייט משחת שיניים אופטיק וויט - אקסטרה פאוור 75 מ""ל",,,קולגיט אופטיק אקסטרא,,75.00,,false,,19.90,0.2653,true,1,120139
8718951240742,false,"קולגייט טוטאל משחת שיניים פסים מרעננים 100 מ""ל",קולגייט Colgate,PL,קולגייט טוטל משחת שי,,100.00,100 גרם,false,,14.90,0.1490,true,1,91647
8718951264618,false,"קולגייט אופטיק וייט פחם צ'רקול משחת שיניים, 75 מ""ל",קולגייט-פלמוליב,PL,קולגייט אופטיק וייט,,75.00,,false,,19.90,0.2653,true,1,106910
8718951278851,false,"קולגייט הלבנה פחם 100 מ""ל",,,קולגייט הלבנה פחם 10,,100.00,100 גרם,false,,14.90,0.1490,true,1,121904
8718951312722,false,"קולגייט מקס פרש וויט קריסטל משחת שיניים 100 מ""ל",קולגייט פלמוליב,PL,קולגייט מקס פרש וויי,,100.00,100 גרם,false,,10.00,0.1000,true,1,120138
8718951313576,false,קולגייט משחת שיניים מקס פרש קול קריסטל 100 מל,קולגייט פלמוליב,PL,קולגייט משחת שיניים,,100.00,100 גרם,false,,10.00,0.1000,true,1,119621
8718951315303,false,משחת שיניים קולגייט הגנה מקסימלית - מארז זוג,קולגייט-פלמוליב,PL,קולגייט משחת שיניים,,200.00,100 גרם,false,,19.90,0.0995,true,1,114531
8718951334090,false,"מרכך כביסה מרוכז כחול 650 מ""ל סופלין",סופלין Soupline,GR,סופלין מרכך כביסה כח,,650.00,100 גרם,false,,7.90,0.0122,true,1,115927
8718951382640,false,"פלמוליב ג'ל רחצה חימר דיטוקס 750 מ""ל",קולגייט פלמוליב,TR,*מבצע* פלמוליב סבון,,750.00,100 גרם,false,,12.90,0.0172,true,1,122805
8719200997998,false,מרגרינה למריחה בישול וטיגון 200 ג' בלו בנד,יוניליוור,IL,בלו בנד לבישול וטיגו,,200.00,100 גרם,false,,4.90,0.0245,true,1,100472
8719200998001,false,מרגרינה לאפיה ובישול בלי מלח 200 ג' בלו בנד,מיוצר עי קונדיטוריית,IL,בלו בנד בלי מלח 200ג,,200.00,100 גרם,false,,4.90,0.0245,true,1,100473
8719200998018,false,מחמאה מרגרינה בטעם חמאה 200 ג' בלו בנד,פארייפאבה אגרואינדוס,IL,מרגרינה מחמאה בטעם ח,,200.00,,false,,4.90,0.0245,true,1,100474
8719200998049,false,מרגרינה מזולה בטעם טבעי,פארייפאבה אגרואינדוס,IL,מזולה בטעם טבעי 250ג,,250.00,,false,,9.90,0.0396,true,1,100476
8719200998094,false,מרגרינה מזולה בטעם טבעי ללא תוספת מלח,"מיוצר ע""י יוניליוור",IL,מזולה אפייה ללא מלח,,200.00,,false,,6.90,0.0345,true,1,100477
8720181046612,false,"דאב - דאודורנט רול און לאישה אורגינל 50 מ""ל",יוניליוור,,דאב רולאון אוריגינל,,50.00,,false,,15.90,0.3180,true,1,117405
8720182256850,false,דאב רביעיית סבון מוצק,קריות זול,,דאב סבון מוצק דאב לב,,360.00,100 גרם,false,,18.90,0.0525,true,1,122120
8721200060107,false,בקרסלנד סטרופ וופל ה,דה בנקט גרופ,,וופל הולנדי-260 גר,,260.00,100 גרם,false,,11.90,0.0458,true,1,28605
8723400756552,false,מארז סוכריות מנטוס Mentos ריינבואו,פרפטי ואן מלה ברדה,NL,סוכריות מנטוס רביעיי,,37.50,100 גרם,false,,12.90,0.3440,true,1,47978
8801055707966,false,קפה טייסטר צו'יס נס קפה בריסטה 180ג',נסטלה קוריאה - קפה,IL,קפה טייסטרס צ׳ויס בר,,180.00,,false,,34.90,0.1939,true,1,59352
8801055709427,false,נסקפה טייסטרס צ'ויס אלטה ריקה 100 ג',לוטה נסטלה קוריאה,KR,טסטרס צ'ויס קפה נמס,,100.00,100 גרם,false,,19.90,0.1990,true,1,119225
8801055709434,false,קפה נמס טייסטר צ'ויס קולומביה 100 גר',לוטה נסטלה קוריאה,KR,טסטרס צ'ויס קפה נמס,,100.00,100 גרם,false,,19.90,0.1990,true,1,119226
8801055709526,false,אבקה להכנת משקה קפה בטעם קפוצ'ינו שוקולד לבן,נסקפה Nescafe,,נסקפה קפוצ'ינו שוקול,,185.00,100 גרם,false,,21.90,0.1184,true,1,121100
8809168840471,false,חטיף אצות מיובשות מז,Theppadungporn cocon,KR,חטיף אצות מיובשות 4.,,40.00,,false,,25.90,0.6475,true,1,117264
8850180040028,false,קמח טמפורה להכנת בלי,קרנחם אוטאי פחרה,TH,טמפורה 500גר,,500.00,,false,,11.90,0.0238,true,1,54072
8850206250592,false,רוטב צ'ילי סריראצ'ה 540 גרם (מזרח ומערב),יאן וואל יון קו.לטד,TH,רוטב צ'ילי סריראצ'ה,,540.00,100 גרם,false,,19.90,0.0369,true,1,88121
8850367992164,false,קרם קוקוס ללא גלוטן,טאפ פאד ונגפורן,CN,קרם קוקוס 20-22% 250,,250.00,,false,,8.90,0.0356,true,1,81871
8850367994779,false,מחית קארי ירוקה מזרח,טאפאדונגפורן קוקינט,TH,מחית קארי ירוקה 50 ג,,50.00,,false,,6.90,0.1380,true,1,120302
8850367994786,false,מחית קארי אדומה מזרח,טאפאדונגפורן קוקינט,TH,מחית קארי אדומה 50 ג,,50.00,100 גרם,false,,6.90,0.1380,true,1,120303
8850367994793,false,מחית קארי צהובה 50 ג,,,מחית קארי צהובה 50 ג,,50.00,,false,,6.90,0.1380,true,1,120304
8850389103111,false,"סאפה אלוורה ענבים 300מ""ל",סאפה פובליק קומפני ל,TH,סאפה משקה אלוורה ענב,,300.00,,false,,10.90,0.0363,true,1,76010
8850389105825,false,סאפה אלוורה ענבים 1ליטר,סאפה פובליק קומפני ל,TH,סאפה משקה אלוורה ענב,,1000.00,100 גרם,false,,17.90,0.0179,true,1,31229
8850632604259,false,חיספוסים ממתק בטעם תות שדה בצורת מקלות,ג'נרל קנדי בעמ,TH,חמצוצים מקלות בטעם ת,,50.00,,false,,5.40,0.1080,true,1,26986
8850632604266,false,יוגטה מקלות חמוצות בטעם קולה 50 גרם 24 יח',ג'נרל קנדי בעמ,TH,חמצוצים מקלות בטעם ק,,50.00,,false,,5.40,0.1080,true,1,26987
8850632604372,false,יוגטה מקלות חמוצות שטיח - תות שדה 50 גרם,ג'נרל קנדי בעמ,TH,חמצוצים שטיח בטעם תו,,50.00,100 גרם,false,,5.40,0.1080,true,1,26988
8850632604402,false,יוגטה מקלות חמוצות שטיח בטעם מעורב24 יח',"ג'נרל קנדי בע""מ",TH,חמצוצים שטיח בטעם מע,,50.00,100 גרם,false,,5.40,0.1080,true,1,26989
8850632605201,false,חיספוסים ממתק בטעמי פירות בצורת שטיח,הדקלאים אגודת שיתופי,TH,חספוסים תות בננה תפו,,50.00,100 גרם,false,,5.40,0.1080,true,1,36428
8850632606390,false,חיספוסים ממתק חמוץ בטעם אבטיח בצורת שטיח,ג'נרל קנדי בעמ,TH,חיספוסים בטעם אבטיח,,50.00,,false,,5.40,0.1080,true,1,49962
8858271002870,false,רוטב פאד תאי מזרח ומ,"ייאן וואל יון בע""מ",TH,רוטב פאד תאי 250מל,,2500.00,,false,,12.90,0.0052,true,1,43844
8858271002887,false,רוטב טריאקי מזרח ומע,דאנינג יוה פודס קו,TH,רוטב טריאקי 250מל,,250.00,100 גרם,false,,12.90,0.0516,true,1,43845
8858271003020,false,רוטב סויה פורמולה מק,יאן ונזל יון,TH,רוטב סויה פורמולה מק,,700.00,100 גרם,false,,16.90,0.0241,true,1,43846
8858271003068,false,רוטב סויה מתוקה מקסצ,Yan Wal Yun Corpora,,רוטב סויה מתוק כהה 2,,250.00,,false,,12.90,0.0516,true,1,43848
8858271004126,false,רוטב חמוץ מתוק מקסצו,יאן ונזל יון,TH,רוטב חמוץ מתוק מקסצא,,700.00,,false,,16.90,0.0241,true,1,43857
8858271004799,false,רוטב צ'ילי מתוק מזרח,יאן ונזל יון,TH,רוטב צילי מתוק 700 מ,,700.00,,false,,12.90,0.0184,true,1,53477
8858271005451,false,רוטב סויה פורמולה מק,Yan Wal Yun Corpora,TH,רוטב סויה פורמולה מק,,250.00,100 גרם,false,,12.90,0.0516,true,1,56029
8901537024014,false,"אורז בסמטי מובחר 1 ק""ג - דוואט) יורה דיעה",הנסיך- מפעל לייצור ט,IN,אורז בסמטי דאווט 1קג,,1000.00,100 גרם,false,,14.90,0.0149,true,1,23390
8934878081811,false,"דפי אורז 22 ס""מ 400 גר'(Trav) ללא גלוטן",דאנינג יוה פודס קו,CN,"דפי אורז 22 ס""מ 400ג",,400.00,,false,,14.90,0.0373,true,1,92713
8938505846019,false,"דפי אורז עגול גדול 22 ס""מ 250 גר'",,,דפי אורז 250גר,,250.00,,false,,9.90,0.0396,true,1,97176
8938535541366,false,דפי אורז צבעוניים לל,CHANH KHANG COMPANY,VN,דפי אורז צבעוניים לל,,400.00,,false,,15.90,0.0398,true,1,120306
9000101537550,false,פרסיל קאפסולות לכביסה לבנה וצבעונית 52 יח',הנקל סוד,HU,פרסיל פאוור קאפס יונ,יחידה,0.00,יחידה,false,,54.90,0.0000,true,1,120850
9000101537581,false,פרסיל קאפסולות לכביסה צבעונית 52 יחידו,הנקל סוד,HU,פרסיל פאוור קאפס לכב,יחידה,0.00,יחידה,false,,54.90,0.0000,true,1,120851
9001395807015,false,סוכ בננית 300 גר,האוסוירט,,בננית 300 ג,,300.00,100 גרם,false,,10.90,0.0363,true,1,23391
9002859053849,false,שוקולד סטיקס מריר תפ,,,אצבעות שוקולד סטיקס,,75.00,,false,,9.90,0.1320,true,1,45214
9005835313661,false,טבליות ניקוי וחיטוי למדיח99.9% קלרו 30 יח',רלוי,,טבליות למדיח כלים קל,יחידה,0.00,יחידה,false,,29.90,0.0000,true,1,118918
9044400826861,false,סוכריות פז מילוי בטע,,,סוכריות פז מילוי בטע,יחידה,0.00,יחידה,false,,9.90,0.0000,true,1,121148
9044400841000,false,סוכריות פז+3 מילויים,Unknown,HU,סוכריות פז+3 מילויים,,25.50,100 גרם,false,,10.90,0.4275,true,1,55907
9044400851672,false,סוכריות פז סוגים שונים + 3 מילויים,פז פרודוקשיין,HU,*מבצע* סוכריות פז+3,,25.50,100 גרם,false,,12.90,0.5059,true,1,120953
9310072028743,false,טים טם Tim Tam וופל שוקולד קלאסי,"ארנוטס ביסקוויטס בע""",AU,ביסקויט טים טם במילו,,200.00,,false,,21.90,0.1095,true,1,59007
9310072028750,false,טים טם Tim Tam וופל שוקולד ציפוי כפול,"ארנוטס ביסקוויטס בע""",AU,עוגיות טים טם דאבל 2,,200.00,100 גרם,false,,21.90,0.1095,true,1,58575
9322969000015,false,פריכיות תירס בטעם אורגינל ריל פודס 150 ג',אף.סי תבליני בגליל ב,AU,פריכיות תירס טעם אור,,150.00,,false,,14.90,0.0993,true,1,28062
9322969000022,false,פריכיות תירס עם סויה וזרעי פשתן ללא גלוטן,אף.סי תבליני בגליל ב,AU,פריכיות תירס עם סויה,,150.00,100 גרם,false,,14.90,0.0993,true,1,28063
9322969000046,false,פריכיות תירס שומשום אורגני ריל פודס 150 ג',אף.סי תבליני בגליל ב,AU,פריכיות תירס אורגניו,,150.00,100 גרם,false,,14.90,0.0993,true,1,28064
9322969000053,false,פריכיות אורז מלא 150 ג' RICE THINS,סנו מפעלי ברונוס.,IT,פריכיות אורז מלא 150,,150.00,,false,,14.90,0.0993,true,1,119500
9720188050109,false,טופוטי ממרח טופו בטעם גבינה 227 ג`,טופוטי ברנדס אינק.ג',IL,טופוטי ממרח טופו בטע,,227.00,,false,,22.90,0.1009,true,1,25340
9771565038319,false,עיתון ידיעות אחרונות,,,עיתון ידיעות אחרונות,יחידה,0.00,יחידה,false,,2.90,0.0000,true,1,34497
9771565038326,false,עיתון ידיעות אחרונות,,,עיתון ידיעות אחרונות,יחידה,0.00,יחידה,false,,2.90,0.0000,true,1,34498
9771565038333,false,עיתון ידיעות אחרונות,,,עיתון ידיעות אחרונות,יחידה,0.00,יחידה,false,,2.90,0.0000,true,1,34499
9771565038340,false,עיתון ידיעות אחרונות,,,עיתון ידיעות אחרונות,יחידה,0.00,יחידה,false,,2.90,0.0000,true,1,22321
9771565038357,false,עיתון ידיעות אחרונות,,,עיתון ידיעות אחרונות,יחידה,0.00,יחידה,false,,2.90,0.0000,true,1,34500
9771565039125,false,עיתון לאישה,,,עיתון לאישה,יחידה,0.00,יחידה,false,,21.90,0.0000,true,1,22323
9771565051066,false,ידיעות אחרונות יום ו,,,ידיעות שבת,יחידה,0.00,יחידה,false,,11.90,0.0000,true,1,22325
