code,internal_code,name,manufacturer_name,manufacture_country,manufacturer_item_description,unit_qty,quantity,unit_of_measure,weighted,qty_in_package,price,unit_of_measure_price,allow_discount,status,item_id
40052403,false,חטיף קיט קאט אצבעות41ג,נסטלה,DE,חטיף קיט קאט,גרמים,41.00,100 גרם,false,1,4.50,10.98,true,1,
40084107,false,ביצת קינדר הפתעה 20 גרם,פררו אס.פי.אי,IT,ביצת הפתעה,גרמים,20.00,100 גרם,false,1,6.60,33.00,true,1,
40084725,false,קינדר מילק סלייס 28 גרם,פררו טורקיה צ'\יקולטה וו,TR,קינדר מילק סלייס,גרמים,28.00,100 גרם,false,1,4.50,16.07,true,1,
40099705,false,אורביט סטיקס פפרמינט 13ג,ריגלי צרפת,FR,מסטיק אורביט,גרמים,13.00,100 גרם,false,1,2.50,19.23,true,1,
40111216,false,חטיף באונטי 57 גרם,מרס הולנד בי.וי.,NL,חטיף באונטי,גרמים,57.00,100 גרם,false,0,4.60,8.07,true,1,
42101666,false,איירוייבז HP אקליפטוס35ג,ריגלי,GB,מסטיק איירווייבז,גרמים,35.00,100 גרם,false,1,6.50,18.57,true,1,
42138105,false,וינסטון סופר סלמס כחול ח,jti,CH,וינסטון סופר סלי,יחידה,1.00,יחידה,false,0,32.50,32.50,false,1,
42138129,false,וינסטון סופר סלמס מנטל ח,jti,CH,וינסטון ס.ס מנטו,יחידה,1.00,יחידה,false,0,32.50,32.50,false,1,
42182115,false,מסטיק 5 ספירמינט סטיקס40,ריגלי צרפת,FR,5 מנטה עדינה,גרמים,40.00,100 גרם,false,0,7.40,18.50,true,1,
42188889,false,מסטיק פייב אבטיח סטיקס40,ריגלי צרפת,FR,מסטיק 5 אבטיח,גרמים,40.00,100 גרם,false,0,7.40,18.50,true,1,
49814521,false,לקקן צ'ופה 12 גרם,צ'ופה צ'ופס,ES,לקקן צ'ופה,גרמים,12.00,100 גרם,false,1,1.90,15.83,true,1,
50204830,false,"אוטן תרסיס 100 מ""ל",ג'ונסון,IL,אוטן תרסיס,מיליליטרים,100.00,"100 מ""ל",false,0,20.70,20.70,true,1,
52070082,false,פאלמאל סופר סלמס ויולט ח,BAT,CH,פאל מאל סופר,יחידה,1.00,יחידה,false,1,29.50,29.50,false,1,
54010321,false,נייר לגלגול ריזלה כחול,אימפריאל טובקו,BE,נייר לגלגול,יחידה,1.00,יחידה,false,1,2.90,2.90,false,1,
54034396,false,נייר גלגול ריזלה אדום יח,ריזלה,GB,נייר גלגול ריזלה,יחידה,1.00,יחידה,false,1,2.90,2.90,false,1,
59039549,false,ווג מנטה חפיסה,bat,PL,ווג מנטה,יחידה,1.00,יחידה,false,0,37.50,37.50,false,1,
59068907,false,פאלמאל כחול דמי סלימס חפ,BAT,PL,פאל מאל כחול דמי,יחידה,1.00,יחידה,false,1,26.50,26.50,false,1,
59068914,false,פאלמאל סילבר דמי סלימס ח,BAT,PL,פאלמאל סילבר דמי,יחידה,1.00,יחידה,false,1,26.50,26.50,false,1,
59455233,false,ווג כחול חפיסה,bat,PL,ווג כחול,יחידה,1.00,יחידה,false,0,37.50,37.50,false,1,
59455240,false,ווג לילך חפיסה,bat,PL,ווג לילך,יחידה,1.00,יחידה,false,0,37.50,37.50,false,1,
72940754,false,"מילקי בטעם וניל 170 מ""ל","שטראוס גרופ בע""\מ",IL,מילקי טעם וניל,מיליליטרים,170.00,"100 מ""ל",false,0,2.90,1.71,true,1,
72940761,false,"מילקי בטעם שוקולד 170מ""ל","שטראוס גרופ בע""\מ",IL,מילקי טעם שוקולד,מיליליטרים,170.00,"100 מ""ל",false,0,2.90,1.71,true,1,
72940952,false,"מילקי אקסטרה קצפת 170מ""ל","שטראוס גרופ בע""\מ",IL,מילקי אקסטרה,מיליליטרים,170.00,"100 מ""ל",false,0,4.10,2.41,true,1,
72945308,false,קוביות שמרים לחים אפיה50,"פאקא תעשיות בע""\מ",IL,קוביות שמרים,גרמים,50.00,100 גרם,false,0,4.00,8.00,true,1,
72961223,false,גילה 3%,,IL,גילה 3%,מיליליטרים,200.00,"100 מ""ל",false,0,1.40,0.70,true,1,
72961506,false,פרילי תות 1.5% 125 גרם,מחלבת אלון תבור,IL,פרילי תות,גרמים,125.00,100 גרם,false,0,3.70,2.96,true,1,
72961544,false,באדי תות 3% 125 גרם,מחלבת אלון תבור,IL,מעדן באדי תות 3%,גרמים,125.00,100 גרם,false,0,3.00,2.40,true,1,
72963753,false,שמ.של פעם חמוצה27% 200ג,תנובה,IL,שמנת חמוצה תנובה,גרמים,200.00,100 גרם,false,0,4.00,2.00,true,1,
72983225,false,מעדן מילקי הפוך 11% 170מ,"שטראוס גרופ בע""\מ",IL,מעדן מילקי הפוך,מיליליטרים,170.00,"100 מ""ל",false,0,4.00,2.35,true,1,
72983997,false,גולף גולד ארוך,,,גולף גולד ארוך,יחידה,1.00,יחידה,false,0,29.50,29.50,false,1,
72986370,false,"גל.וניל צרפתי כשל""פ",מוצרי איכות אמריקאיים,IL,גלידה בן & ג'ריס,מיליליטרים,500.00,"100 מ""ל",false,0,23.90,4.78,true,1,
72986455,false,גלידת שוקולד פאדג'אגוזים,מוצרי איכות אמריקאיים בע,IL,גלידה בן & ג'ר,מיליליטרים,500.00,"100 מ""ל",false,0,23.90,4.78,true,1,
72991374,false,טיים רד,,IL,טיים רד,יחידה,1.00,יחידה,false,0,28.50,28.50,false,1,
72991381,false,טיים רד ארוך,,IL,טיים רד ארוך,יחידה,1.00,יחידה,false,0,28.50,28.50,false,1,
72991411,false,ברודווי 80,,IL,ברודווי 80,יחידה,1.00,יחידה,false,0,28.50,28.50,false,1,
72991459,false,גולף 80,,IL,גולף 80,יחידה,1.00,יחידה,false,0,29.50,29.50,false,1,
72993637,false,דני שוקולד 1.5% 125 גרם,"שטראוס גרופ בע""\מ",IL,דני שוקולד 1.5%,גרמים,125.00,100 גרם,false,0,2.70,2.16,true,1,
72994634,false,נקסט אדג' חפ,פיליפ מוריס,TR,נקסט אדג',יחידה,1.00,יחידה,false,1,25.50,25.50,false,1,
76136184,false,פאלמאל סופר סלימס כחול ח,bat,CH,פאלמאל סופר סלימ,יחידה,1.00,יחידה,false,0,29.50,29.50,false,1,
80042563,false,מחית עגבניות,,IT,מחית עגבניות,גרמים,700.00,100 גרם,false,0,12.80,1.83,true,1,
80050025,false,סוכריות טיק-טק תפוז16גרם,פררו,ZA,טיק טק תפוז,גרמים,16.00,100 גרם,false,0,3.50,21.88,true,1,
80050124,false,טיק טק סוכריות מנטה16גרם,פררו,ZA,סוכריות טיק טק,גרמים,16.00,100 גרם,false,0,3.50,21.88,true,1,
80050278,false,פררו רושה שלשה 38 גרם,פררו,IT,פררו רושה שלשה,גרמים,37.00,100 גרם,false,0,5.90,15.95,true,1,
80052487,false,חטיף+ציפוי קוקוס רפאלו30,פררו,PL,חטיף רפאלו,גרמים,30.00,100 גרם,false,0,5.50,18.33,true,1,
80136194,false,הפי היפו אגוזי לוז 23*5ג,פררו,DE,חטיף הפי היפו5יח,גרמים,115.00,100 גרם,false,1,13.90,12.09,true,1,
80176800,false,נוטלה ממרח שוקולד 750 גר,פררו,IT,ממרח נוטלה,גרמים,750.00,100 גרם,false,0,26.90,3.59,true,1,
80177173,false,ממרח נוטלה 350 גרם,פררו,IT,ממרח נוטלה,גרמים,350.00,100 גרם,false,0,15.90,4.54,true,1,
80177609,false,אצבעות שוקולד קינדר50גרם,פררו,IT,אצבעות קינדר,גרמים,50.00,100 גרם,false,0,5.00,10.00,true,1,
80177616,false,אצבעות שוקולד קינדר100גר,פררו,IT,שוקולד קינדר,גרמים,100.00,100 גרם,false,0,9.20,9.20,true,1,
80273639,false,מלח ים במטחנה 90 גרם,דרוגיה ואלימנטרי אס.אר.א,IT,מלח ים במטחנה,גרמים,90.00,100 גרם,false,0,13.80,15.33,true,1,
80310167,false,קינדר מקסי שישיה126( גר),פררו,DE,קינדר מקסי,גרמים,126.00,100 גרם,false,0,11.20,8.89,true,1,
80761761,false,קינדר בואנו לבן 19.5*2גר,פררו,PL,קינדר בואנו לבן,גרמים,39.00,100 גרם,false,0,4.90,12.56,true,1,
80773429,false,מסטיק מנטוס בקבוק תות60ג,"פרפטי ואן מלה ג'\ידה,סאן",TR,מנטוס בקבוק,גרמים,60.00,100 גרם,false,1,10.90,18.17,true,1,
80790990,false,מסטיק פירות מנטה בקבוק,"פרפטי ואן מלה ג'\ידה,סאן",TR,מסטיק מנטוס,גרמים,60.00,100 גרם,false,1,10.90,18.17,true,1,
80820970,false,וופל טורטינה קרם קרמל21ג,לואקר,IT,וופל טורטינה,גרמים,21.00,100 גרם,false,1,5.00,23.81,true,1,
80831402,false,"סוכ.מנטה עדינה לל""ס21ג",פרפטי ואן מלה,NL,סוכריות מנטה,גרמים,21.00,100 גרם,false,1,6.90,32.86,true,1,
80854753,false,"סוכ.מנטוס מנטה לל""ס21גרם",פרפטי ואן מלה,NL,סוכריות מנטוס,גרמים,21.00,100 גרם,false,1,6.90,32.86,true,1,
80974482,false,ביצת קינדר ג'וי כחול20גר,פררו,ZA,ביצת הפתעה קינדר,גרמים,20.00,100 גרם,false,0,6.40,32.00,true,1,
85942707,false,נייר קצר פארטי RED עבה50,U 4 ROLL,CZ,נייר קצר פארטי,יחידה,1.00,יחידה,false,1,2.00,2.00,false,1,
85951730,false,פלטר פרטי 120יח'  6X15 1,U 4 ROLL,CZ,פלטר פרטי 6X15,יחידה,1.00,יחידה,false,0,3.80,3.80,false,1,
85966611,false,ניר ארוך דק פארטי+פילטר,רול פור יו,CZ,ניר ארוך דק+פילט,יחידה,1.00,יחידה,false,1,7.00,7.00,false,1,
85967069,false,ניר ארוך פארטי+פילט חום,רול פור יו,CZ,ניר ארוך+פיל.חום,יחידה,1.00,יחידה,false,1,8.90,8.90,false,1,
85967076,false,ניר 1/4 1 פרטי+פלטר חום,בל פור יו,CZ,ניר 1/4 1פרט+פיל,יחידה,1.00,יחידה,false,1,7.50,7.50,false,1,
87108538,false,מנטוס תות גליל 37.5 גר,פרפטי ואן מלה ברדה,NL,מנטוס תות,גרמים,37.00,100 גרם,false,0,4.00,10.81,true,1,
87248272,false,מרלבורו גולד קצר סופט חפ,פיליפ מוריס,,מרלבורו גולד ק,יחידה,1.00,יחידה,false,0,35.00,35.00,false,1,
88801124,false,מצת קליפר  יח,קליפר,ES,מצת קליפר,יחידה,1.00,יחידה,false,1,5.00,5.00,false,1,
90162602,true,רד בול משקה אנרגיה פח250,רד בול,AT,רד בול,מיליליטרים,250.00,"100 מ""ל",false,0,8.20,3.28,true,1,
90446269,true,רד בול אבטיח פחית 250 מל,רד בול,AT,רד בול אבטיח,מיליליטרים,250.00,"100 מ""ל",false,1,8.20,3.28,true,1,
9800800056,false,ממרח נוטלה טו גו 52 גרם,פררו,IT,ממרח נוטלה טו גו,גרמים,52.00,100 גרם,false,1,5.90,11.35,true,1,
11182700954,false,שעועית שחורה 439 גרם,האנאובר פודס קורפורשיין,US,שעועית שחורה439ג,גרמים,439.00,100 גרם,false,1,10.90,2.48,true,1,
11210000094,false,"רוטב טבסקו 60 מ""ל",ניצן,US,רוטב טבסקו,מיליליטרים,60.00,"100 מ""ל",false,0,12.80,21.33,true,1,
11210007253,false,"טבסקו שום 60 מ""ל",ניצן,US,טבסקו שום,מיליליטרים,60.00,"100 מ""ל",false,0,12.80,21.33,true,1,
11210618503,false,טבסקו סקורפיון חריף 60מל,ניצן,US,טבסקו סקורפיון,מיליליטרים,60.00,"100 מ""ל",false,1,16.90,28.17,true,1,
11210698055,false,"טבסקו סרירצ'ה 566 מ""ל",מקאילהייני,US,רוטב טבסקו,מיליליטרים,566.00,"100 מ""ל",false,1,28.90,5.11,true,1,
12300119139,false,וינסטון כחול קצר פאקט,jti,CH,וינסטון כחול קצר,יחידה,1.00,יחידה,false,0,323.00,323.00,false,1,
16000507777,false,נייטשר וואלי קראנצ' שוקו,ג'נרל מילס,ES,נייטשר וואלי,גרמים,42.00,100 גרם,false,0,5.50,13.10,true,1,
16000548909,false,חט.נייטשר וואלי מעורב5יח,ג'נרל מילס סאן אדריאן,ES,חטיף נייטשר ואלי,גרמים,210.00,100 גרם,false,0,21.90,10.43,true,1,
18000703494,false,תערובת לעוגת וניל 500גרם,ג'נרל מילס,IL,תערובת לעוגה,גרמים,500.00,100 גרם,false,0,19.90,3.98,true,1,
25675120006,false,חמצוצים 4 צבעים 100 גרם,פאסין ב.ו,NL,חמצוצים,גרמים,100.00,100 גרם,false,0,9.90,9.90,true,1,
25675120068,false,םרג100 הלוק םעטב םיצוצמח,ירוג,NL,חמצוצים קולה,גרמים,100.00,100 גרם,false,0,9.90,9.90,true,1,
25700005650,false,זיפלוק שקיות הקפאה 14 יח,תאי גריפטק קו,US,שקיות הקפאה,יחידה,1.00,יחידה,false,1,14.90,14.90,true,1,
37600207188,false,חמאת בוטנים קלאסי 462גרם,הורמל,US,חמאת בוטנים,גרמים,462.00,100 גרם,false,0,20.90,4.52,true,1,
38000232152,false,פרינגלס ברביקיו 158 גרם,פרינגלס מנופקצ'ורינג קומ,US,פרינגלס ברביקיו,גרמים,158.00,100 גרם,false,1,10.60,6.71,true,1,
38000232169,false,פרינגלס מידי אורגינל67ג,פרינגלס מנופקצ'ורינג קונ,US,פרינגלס אורגינל,גרמים,67.00,100 גרם,false,1,5.90,8.81,true,1,
38000232176,false,פרינגלס שמנת בצל 158 גרם,פרינגלס מנופקצ'ורינג קונ,US,פרינגלס שמנת בצל,גרמים,158.00,100 גרם,false,1,10.60,6.71,true,1,
38000232183,false,פרינגלס אורגינל 149 גרם,פרינגלס מנופקצ'ורינג קונ,US,פרינגלס אורגינל,גרמים,149.00,100 גרם,false,1,10.60,7.11,true,1,
38000845253,false,פרינגלס מידי שמנת בצל71ג,פרינגלס מנופקצ'ורינג קונ,US,פרינגלס שמנת בצל,גרמים,71.00,100 גרם,false,1,5.90,8.31,true,1,
38527591060,false,דגנים מרובעים קוואקר412ג,קוואקר אוטס קומפני,US,דגנים מרובעים,גרמים,412.00,100 גרם,false,0,22.70,5.51,true,1,
40000514480,false,עדשי מ&מ'ס שוקולד 48 גרם,מרס,US,עדשי מ&מ'ס,גרמים,48.00,100 גרם,false,1,5.50,11.46,true,1,
41390010309,false,רוטב טריאקי קיקומן 444מל,קיקומן פודז אינק,US,רוטב טריאקי,מיליליטרים,444.00,"100 מ""ל",false,0,21.90,4.93,true,1,
46214731552,false,עוגיות שוקולד צ'יפס225גר,"מרבה בע""\מ",NL,עוגיות ש.צ'יפס,גרמים,225.00,100 גרם,false,0,10.90,4.84,true,1,
52100070643,false,"תמצית בטעם שקדים 29 מ""ל",---,US,תמצית בטעם שקדים,מיליליטרים,29.00,"100 מ""ל",false,1,10.90,37.59,true,1,
55500012046,false,כלורקס מרסס,,US,כלורקס מרסס,מיליליטרים,946.00,"100 מ""ל",false,0,20.90,2.21,true,1,
76840002351,false,גלידה גימי סמור 428 מל,"בן & ג'\ריס ארה""\ב",US,גלידה גימי סמור,מיליליטרים,428.00,"100 מ""ל",false,1,23.90,5.58,true,1,
76840620036,false,גלידה חצי אפוי 433 גרם,מוצרי איכות אמריקאיים בע,IL,גלידה בן&ג'ריס,מיליליטרים,433.00,"100 מ""ל",false,1,23.90,5.52,true,1,
77245110610,false,סוכריות מאסט מנטה 80 גרם,עלית,PL,סוכריות מאסט,גרמים,80.00,100 גרם,false,0,8.90,11.13,true,1,
77975022757,false,בייגלה אמריקאי 382 גרם,סניידרס אוף האנובר,US,בייגלה אמריקאי,גרמים,382.00,100 גרם,false,0,17.70,4.63,true,1,
77975094631,false,בייגלה סנדוויץ ט.צ'דר226,סניידרס לאנס,US,בייגלה סניידרס,גרמים,226.00,100 גרם,false,1,17.70,7.83,true,1,
80432402931,false,וויסקי שיבס,,SE,וויסקי שיבס,מיליליטרים,700.00,"100 מ""ל",false,0,139.90,19.99,true,1,
80480280048,false,"וודקה גריי גוס 200 מ""ל",בקרדי מרטיני,FR,וודקה גריי גוס,מיליליטרים,200.00,"100 מ""ל",false,1,49.90,24.95,true,1,
87752005644,false,יין ברטנורה מוסקטו 750מל,יקב פסגות,IT,יין מוסקטו,מיליליטרים,750.00,"100 מ""ל",false,0,54.90,7.32,true,1,
96086000065,false,מצה עשירה300ג פסח,מצות אביב 2014 מאפה בעמ,IL,מצה עשירה,גרמים,300.00,100 גרם,false,0,21.90,7.30,true,1,
613008753351,false,"אריזונה רימונים 450 מ""ל",נובה טרייד,BG,אריזונה רימונים,מיליליטרים,450.00,"100 מ""ל",false,1,9.30,2.07,true,1,
633824111838,false,וודקה ואן גוך אננס 750מל,מזקקת קוימאנס טילבורג,NL,וודקה ואן גוך,מיליליטרים,750.00,"100 מ""ל",false,0,139.90,18.65,true,1,
638102201010,false,חטיף חלבון זון בוטנים50ג,אדיר סחר,US,חטיף זון בוטנים,גרמים,50.00,100 גרם,false,0,13.90,27.80,true,1,
645173911038,false,מלפפונים קורנישונים670גר,קלמן אינדיה פי וי סי,IN,מלפפ.קורנישונים,גרמים,670.00,100 גרם,false,0,10.90,1.63,true,1,
645692556277,false,עוג.מצה חצי מצופה 300גרם,"אחים פפושדו ובניהם בע""\מ",IL,עוגיות מצה עשירה,גרמים,300.00,100 גרם,false,0,11.90,3.97,true,1,
716165176107,false,נייר גלגול בינוני+פילטר,ראו,ES,נייר גלגול,יחידה,1.00,יחידה,false,1,4.90,4.90,false,1,
724049694616,false,רבל פלור לאישה אדפ100מל,,FR,רבל פלור לאישה,מיליליטרים,100.00,"100 מ""ל",false,0,99.00,99.00,true,1,
724049694807,false,דה וואן אדפ אשה 75 מל,,FR,דה וואן 75 לאישה,מיליליטרים,75.00,"100 מ""ל",false,0,229.00,305.33,true,1,
724049694951,false,אמבר אוד זהב אדפ 120מל,,FR,אמבר אוד זהב,מיליליטרים,120.00,"100 מ""ל",false,0,319.00,265.83,true,1,
724049695101,false,מדמוזל אדפ אשה 100 מל,,FR,מדמוזל 100 אשה,מיליליטרים,100.00,"100 מ""ל",false,0,699.00,699.00,true,1,
724353783822,false,"תמר מג'הול 1 ק""ג",מהדרין תנופורט,IL,"תמר מג'הול 1 ק""ג",קילוגרמים,1.00,"ק""ג",false,0,22.90,22.90,true,1,
830296000275,false,מצה שיפון 300 גרם,אם החיטה,IL,מצה שיפון,גרמים,300.00,100 גרם,false,0,13.90,4.63,true,1,
835811007494,false,ג'לטין טהור מדגים 14*2 ג,גואנגדונג מיניאנג,TW,ג'לטין טהור,גרמים,28.00,100 גרם,false,0,11.30,40.36,true,1,
839762000658,false,נקטר גויאבה איילנד 1 ל',אדיר,EG,נקטר איילנד,ליטרים,1.00,ליטר,false,0,12.50,12.50,true,1,
855074007086,false,פלפלון ביס בשקית,קטיף.,IL,פלפלון ביס בשקית,גרמים,200.00,100 גרם,false,1,8.90,4.45,true,1,
856591000062,false,עוגיות מזרחיות מלח400גרם,מאפיית יוסף ושמחה עבאדי,IL,עוגיות מזרחיות,גרמים,400.00,100 גרם,false,0,19.90,4.98,true,1,
856591000109,false,עוגיות מזרחיות פריכות400,מאפיית יוסף ושמחה עבאדי,IL,עוגיות מזרחיות,גרמים,400.00,100 גרם,false,0,19.90,4.98,true,1,
1230000068314,false,טחון מן הצומח ביונד מיט,זנברגן וורלד פינסט מיט ב,NL,טחון מן הצומח בי,גרמים,300.00,100 גרם,false,1,39.90,13.30,true,1,
3046920010801,false,שוק.מריר לינדט אגוזים100,לינדט ושפרונגלי קילשברג,FR,שוקולד אקסלנס,גרמים,100.00,100 גרם,false,1,16.90,16.90,true,1,
3046920028004,false,שוק.מריר לינדט 70% 100ג,לינדט ושפרונגלי,FR,שוקולד אקסלנס,גרמים,100.00,100 גרם,false,0,16.90,16.90,true,1,
3046920029759,false,שוק.מריר לינדט 90% 100ג,לינדט ושפרונגלי קילשברג,DE,שוקולד אקסלנס,גרמים,100.00,100 גרם,false,1,16.90,16.90,true,1,
3059943016507,false,מטהר ספריי לבנדר 240מל,רקיט בנקיזר,GB,אירויק ספריי,מיליליטרים,240.00,"100 מ""ל",false,0,11.90,4.96,true,1,
3073780828628,false,גבינת בייבי בל 120 גרם,,FR,גבינת בייבי בל,גרמים,120.00,100 גרם,false,0,22.90,19.08,true,1,
3073781161663,false,מותכת לה וואש קירי 8 יח,---,FR,לה וואש קירי,גרמים,128.00,100 גרם,false,1,13.90,10.86,true,1,
3161911366429,false,חמאה מלוחה רכה 250גרם,אלוויר,FR,חמאה רכה מלוחה,גרמים,250.00,100 גרם,false,0,23.50,9.40,true,1,
3179110001140,false,מצת cricket לגז גדול *,---,TR,מצתcrickלגז גדול,יחידה,1.00,יחידה,false,1,16.00,16.00,false,1,
3228022910023,false,חמאה פרזידנט 200 גרם,פרזידנט,FR,חמאה פרזידנט,גרמים,200.00,100 גרם,false,0,16.90,8.45,true,1,
3387390320244,false,דגני בוקר פיטנס+פירות375,סי. פי. צרפת,FR,דגני פיטנס,גרמים,375.00,100 גרם,false,0,22.90,6.11,true,1,
3387390730852,false,דגני בוקר פיטנס 375 גרם,סי. פי. צרפת,FR,דגני פיטנס,גרמים,375.00,100 גרם,false,0,22.90,6.11,true,1,
3523230025652,false,בושה עזים שום ע.תיבול125,סואניון,FR,בושה שום ע.תיבול,גרמים,125.00,100 גרם,false,1,29.90,23.92,true,1,
3574660089547,false,טמפוני או בה נורמל 32 יח,ג'\ונסון אנד ג'\ונסון,GR,טמפוני או בה,יחידה,1.00,יחידה,false,0,25.90,25.90,true,1,
3574660571769,false,שפתון לחות ניוטרוג'ינה,ג'ונסון,FR,שפתון ניוטרוגינה,יחידה,1.00,יחידה,false,0,24.90,24.90,true,1,
3574661098531,false,תח.גוף ניוטרוג'ינה מ400,"ש. שסטוביץ בע""\מ",GR,תחליב גוף,מיליליטרים,400.00,"100 מ""ל",false,1,35.90,8.98,true,1,
3574661491806,false,מי פה ליסטרין וייט 500מל,ג'ונסון,IT,מי פה ליסטרין,מיליליטרים,500.00,"100 מ""ל",false,1,26.90,5.38,true,1,
3600523652242,false,"שמפו אלביב קולור 550 מ""ל",קוסמטיקס,TR,אלביב שמפו,מיליליטרים,550.00,"100 מ""ל",false,1,17.90,3.25,true,1,
3600523652259,false,מרכך אלביב קולור פרוטקט,קוסמטיקס,TR,אלביב מרכך,מיליליטרים,550.00,"100 מ""ל",false,1,17.90,3.25,true,1,
3770000016796,false,שאבלי דומיין ד.שאטיון750,---,FR,שאבלי דומיין,מיליליטרים,750.00,"100 מ""ל",false,1,99.90,13.32,true,1,
4000415856601,false,שוקולד לבן 100 גרם,"לודוויג שוקולד בע""\מ",DE,שוקולד לבן,גרמים,100.00,100 גרם,false,1,6.90,6.90,true,1,
4000417019004,false,שוק.ריטר חלב אגוז שלם100,אלפרד ריטר,DE,שוקולד ריטר,גרמים,100.00,100 גרם,false,0,11.90,11.90,true,1,
4000417025005,false,שוק.ריטר עם מרציפן 100גר,אלפרד ריטר,DE,שוקולד ריטר,גרמים,100.00,100 גרם,false,0,9.90,9.90,true,1,
4000417101211,false,חטיף אמיצ'לי ק.אגוז150ג,---,AT,חטיף אמיצ'לי,גרמים,150.00,100 גרם,false,1,18.90,12.60,true,1,
4000417707000,false,שוקולד ריטר חלב קשיו100ג,אלפרד ריטר,DE,שוקולד ריטר,גרמים,100.00,100 גרם,false,1,11.90,11.90,true,1,
4000539363108,false,שוקולד לינדור סטיק 38גרם,לינדט,DE,שוקולד לינדור,גרמים,38.00,100 גרם,false,1,6.50,17.11,true,1,
4008400290126,false,עוגת קינדר מצופ.שוקולד30,פררו טורקיה צ'\יקולטה וו,TR,עוגה מצופה קינדר,גרמים,30.00,100 גרם,false,1,4.90,16.33,true,1,
4009900379564,false,הובה בובה טייפ פירות56גר,מרס,GB,מסטיק הובה בובה,גרמים,56.00,100 גרם,false,0,6.90,12.32,true,1,
4009900403023,false,מסטיק אורביט ויט מנטה64ג,ריגלי פולין,PL,אורביט בקבוקון,גרמים,64.00,100 גרם,false,0,11.90,18.59,true,1,
4009900406918,false,הובה בובה טריפל מיקס56ג,ריגלי,GB,מסטיק הובה בובה,גרמים,56.00,100 גרם,false,0,6.90,12.32,true,1,
4009900420129,false,אורביט פפרמינט בקבוקון64,---,PL,אורביט פפרמינט,גרמים,64.00,100 גרם,false,1,11.90,18.59,true,1,
4009900426121,false,מסטיק איירוויבז אוכמנ64ג,ריגלי פולין,PL,מסטיק איירוויבז,גרמים,64.00,100 גרם,false,1,11.90,18.59,true,1,
4009900458504,false,אורביט ווייט הדרים64גרם,---,PL,אורביט ווייט,גרמים,64.00,100 גרם,false,1,11.90,18.59,true,1,
4009900496247,false,מסטיק בקבוק M בבלמינט84ג,---,PL,אורביט בקבוק,גרמים,84.00,100 גרם,false,1,14.90,17.74,true,1,
4009900535540,false,אורביט רפרשרס פפרמינ15.6,---,PL,מסטיק אורביט,גרמים,15.00,100 גרם,false,1,4.30,28.67,true,1,
4009900535823,false,אורביט רפרשרס בטעם15.6ג,---,PL,מסטיק אורביט,גרמים,15.00,100 גרם,false,1,4.30,28.67,true,1,
4009900536288,false,אורביט רפרשרס פפרמינט67ג,ריגלי,PL,אורביט רפרשרס,גרמים,67.00,100 גרם,false,1,13.00,19.40,true,1,
4009900539340,false,סוכ.סקיטלס ג'יינט 141 גר,---,CZ,סוכריות סקיטלס,גרמים,141.00,100 גרם,false,1,9.80,6.95,true,1,
4009900539685,false,מסטיק פייב באונס מנטה61ג,ריגלי בעמ רוסיה,PL,מסטיק פייב,גרמים,61.00,100 גרם,false,1,12.90,21.15,true,1,
4009900539746,false,פייב באונס ט.אבטיח61.8,ריגלי בעמ רוסיה,PL,מסטיק פייב,גרמים,61.00,100 גרם,false,1,12.90,21.15,true,1,
4009900540551,false,אורביט רפרשרס טרופיקל67ג,---,PL,אורביט רפרשרס,גרמים,67.00,100 גרם,false,1,13.00,19.40,true,1,
4011800567613,false,קורני סנדוויץ שחור לבן4י,Schwartauer,DE,קורני סנדוויץ,גרמים,120.00,100 גרם,false,0,14.90,12.42,true,1,
4011800636517,false,קורני FREE שוקולד חלב6יח,Schwartauer,DE,קורני חטיף דגנים,גרמים,120.00,100 גרם,false,0,13.90,11.58,true,1,
4014400900217,false,בונ.מרסי 400 גרם,אוגוסט שטורק,DE,בונבוניירת מרסי,גרמים,400.00,100 גרם,false,0,49.90,12.48,true,1,
4015400681670,false,18תחב.אולוייז לילה בטוח,פרוקטר אנד גמבל,UA,תחבושות אולוייז,יחידה,1.00,יחידה,false,0,23.90,23.90,true,1,
4015400731719,false,20 תח.אולוייז דואו לילה,פרוקטר אנד גמבל,UA,תחבושות אולוייז,יחידה,1.00,יחידה,false,1,23.90,23.90,true,1,
4015400755487,false,24 תח.אולוייז דואו לונג,פרוקטר אנד גמבל,UA,תחבושות אולוייז,יחידה,1.00,יחידה,false,1,23.90,23.90,true,1,
4015600763299,false,"הד&שולדרס 2ב1- 600 מ""ל",פרוקטר אנד גמבל,RO,שמפו הד&שולדרס,מיליליטרים,600.00,"100 מ""ל",false,0,28.70,4.78,true,1,
4015600763459,false,שמפו הד&שולדרס תפוח600מל,פרוקטר אנד גמבל,RO,שמפו הד&שולדרס,מיליליטרים,600.00,"100 מ""ל",false,0,28.70,4.78,true,1,
4017100198151,false,עוג.סנדוויץ היט וניל220ג,באלסן,PL,עוגיות סנדוויץ,גרמים,220.00,100 גרם,false,1,9.90,4.50,true,1,
4017100364112,false,עוג.סנדוויץ היט קקאו220ג,באלסן,PL,עוגיות סנדוויץ,גרמים,220.00,100 גרם,false,1,9.90,4.50,true,1,
4022025001905,false,בלו ווין מבעבע זהב 750מל,היי סישל סוהן טראבן,DE,בלו ווין מבעבע,מיליליטרים,750.00,"100 מ""ל",false,1,54.90,7.32,true,1,
4025700001962,false,שוקולד לבן מילקה 100 גרם,מונדלייז,UA,שוקולד לבן,גרמים,100.00,100 גרם,false,1,7.90,7.90,true,1,
4032900111308,false,וינסטון קומפקט סילבר חפ,JTI,UA,וינסטון קומפקט,יחידה,1.00,יחידה,false,1,28.00,28.00,false,1,
4032900124254,false,וינסטון קומפקט ברי חפיסה,JTI,RO,וינסטון קומפ.ברי,יחידה,1.00,יחידה,false,1,28.00,28.00,false,1,
4033100014468,false,אל די אדום חפיסה,jti,TR,אל די אדום,יחידה,1.00,יחידה,false,0,27.50,27.50,false,1,
4033100014475,false,אל די אדום פאקט,jti,TR,אח די אדום,יחידה,1.00,יחידה,false,0,273.00,273.00,false,1,
4033100014505,false,אל די כחול פאקט,jti,TR,אל די כחול,יחידה,1.00,יחידה,false,0,273.00,273.00,false,1,
4033100014529,false,אל די סלימס חפיסה,jti,TR,אל די סלימס,יחידה,1.00,יחידה,false,0,25.50,25.50,false,1,
4033100024146,false,וינסטון קוד חפיסה,jti,CH,ווינסטון קוד,יחידה,1.00,יחידה,false,0,30.50,30.50,false,1,
4033100024252,false,וינסטון אקווה חפיסה,jti,CH,ווינסטון אקווה,יחידה,1.00,יחידה,false,0,30.50,30.50,false,1,
4033100046490,false,וינסטון אקווה ארוך חפיסה,jti,CH,וינסטון אקווה אר,יחידה,1.00,יחידה,false,0,30.50,30.50,false,1,
4033100047350,false,כאמל כחול טבק חפ,jti,GB,טבק לגלגול כאמל,יחידה,1.00,יחידה,false,0,76.00,76.00,false,1,
4033100064036,false,וינסטון כחול טבק חפ,jti,GB,טבק לגלגול,יחידה,1.00,יחידה,false,1,76.00,76.00,false,1,
4053700292455,false,ויט 12רצועות שעווה צמחית,רקיט בנקיזר,FR,רצועות שעווה ויט,יחידה,1.00,יחידה,false,0,31.90,31.90,true,1,
4066600601920,false,בירה פאולנר חיטה פחית500,פאולנר,DE,בירה פאולנר,מיליליטרים,500.00,"100 מ""ל",false,1,11.90,2.38,true,1,
4084500088917,false,פיירי לכלים לימון650מל,פרוקטר אנד גמבל,GB,פיירי נוזל לכלים,מיליליטרים,650.00,"100 מ""ל",false,0,10.90,1.68,true,1,
4084500149526,false,טייד ג'ל כביסה 2.48 ליטר,פרוקטר אנד גמבל,FR,טייד ג'ל,ליטרים,2.48,ליטר,false,0,28.50,11.49,true,1,
4084500854581,false,"פנטן מרכך קצף לחות180מ""ל",פרוקטר & גמבל,PT,פנטן מרכך קצף,מיליליטרים,180.00,"100 מ""ל",false,1,25.90,14.39,true,1,
4105120623941,false,"בירה ויינשטפן בק 500 מ""ל","ויינשטפן, ת.ד 1155 פרייז",DE,בירה ויינשטפן,מיליליטרים,500.00,"100 מ""ל",false,1,13.90,2.78,true,1,
4105120624412,false,בירה ויינשטפן ויטוס500מל,"ויינשטפן, ת.ד 1155 פרייז",DE,בירה ויישטפן,מיליליטרים,500.00,"100 מ""ל",false,1,13.90,2.78,true,1,
4603400000043,false,וודקה רוסקי,,RU,וודקה רוסקי,מיליליטרים,700.00,"100 מ""ל",false,0,76.90,10.99,true,1,
4603928000976,false,"וודקה בלוגה 700 מ""ל",מרינסקי ליקרו-וודאצ'\ני,RU,וודקה בלוגה,מיליליטרים,700.00,"100 מ""ל",false,1,139.90,19.99,true,1,
4710068001692,false,"מאסטר קפה לאטה 240 מ""ל",תאיט מרקטינג אנד דיסטריב,TW,מאסטר קפה,מיליליטרים,240.00,"100 מ""ל",false,0,8.50,3.54,true,1,
4710068001715,false,מאסטר קפה,,TW,מאסטר קפה,מיליליטרים,240.00,"100 מ""ל",false,0,8.50,3.54,true,1,
4710068001739,false,מאסטר קפה,,TW,מאסטר קפה,מיליליטרים,240.00,"100 מ""ל",false,0,8.50,3.54,true,1,
4750021005725,false,"וודקה סטולי כשל""פ 700מ""ל",איי. אס. לטבייאס בלזם,LV,וודקה סטולי,מיליליטרים,700.00,"100 מ""ל",false,1,89.90,12.84,true,1,
4751007733229,false,פילה סלמון ר.עגבניות170ג,KARAVELLA,LV,פילה סלמון ברוטב,גרמים,170.00,100 גרם,false,1,12.90,7.59,true,1,
4823077608513,false,סוכריות טופי חלב 205 גרם,הופבר האוס וולסרס,UA,סוכריות טופי,גרמים,205.00,100 גרם,false,1,7.90,3.85,true,1,
4823077613630,false,חטיף שוק. ממולא ק.ברולה,---,UA,חטיף שוק. ממולא,גרמים,43.00,100 גרם,false,1,3.90,9.07,true,1,
4823077614767,false,שוקולד רושן חלב נוגט בטע,---,UA,שוקולד רושן חלב,גרמים,90.00,100 גרם,false,1,4.90,5.44,true,1,
4823077617041,false,חטיף שוק. ממולא ק.קרמל 4,---,UA,חטיף שוק. ממולא,גרמים,43.00,100 גרם,false,1,3.90,9.07,true,1,
4823077621635,false,אישי וופל רושן בטעם חלב,---,UA,אישי וופל רושן ב,גרמים,72.00,100 גרם,false,1,3.90,5.42,true,1,
4823077621659,false,אישי וופל רושן בטעם אגוז,---,UA,אישי וופל רושן,גרמים,72.00,100 גרם,false,1,3.90,5.42,true,1,
4823077625145,false,בונ. רושן דובדבן 155 גרם,---,UA,בונבוניירה רושן,גרמים,150.00,100 גרם,false,1,12.90,8.60,true,1,
4823077626203,false,שוק.אוורירי מריר 80 גרם,---,UA,שוק.אוורירי מריר,גרמים,80.00,100 גרם,false,1,7.90,9.88,true,1,
4823077626227,false,שוק.אוורירי חלב 80 גרם,---,UA,שוק.אוורירי חלב,גרמים,80.00,100 גרם,false,1,7.90,9.88,true,1,
4823077626364,false,שוק.אוורירי לבן 80 גרם,---,UA,שוק.אוורירי לבן,גרמים,80.00,100 גרם,false,1,7.90,9.88,true,1,
4823077630422,false,סנדוויץ קרקר חלב וניל235,---,UA,סנדוויץ קרקר,גרמים,235.00,100 גרם,false,1,8.90,3.79,true,1,
4823077631467,false,קרקר עם מלח ים רושן 168,---,UA,קרקר עם מלח ים ר,גרמים,168.00,100 גרם,false,1,5.90,3.51,true,1,
4823077631474,false,קרקר קלאסי רושן 168 גרם,---,UA,קרקר קלאסי רושן,גרמים,168.00,100 גרם,false,1,5.90,3.51,true,1,
4823077631863,false,גליליות רושן וניל 140 גר,---,UA,גליליות רושן וני,גרמים,140.00,100 גרם,false,1,7.90,5.64,true,1,
4823077632259,false,חטיף שוק. רושן עם בוטנים,---,UA,חטיף שוק. רושן,גרמים,38.00,100 גרם,false,1,3.90,10.26,true,1,
4823077633058,false,גליליות רושן אגוז 140 גר,---,UA,גליליות רושן אגו,גרמים,140.00,100 גרם,false,1,7.90,5.64,true,1,
4823077633348,false,עוג.לוביטה עם בוטנים 150,---,UA,עוג.לוביטה עם בו,גרמים,150.00,100 גרם,false,1,7.90,5.27,true,1,
4823077635533,false,וופל רושן קרם חלב 350 גר,---,UA,וופל רושן קרם חל,גרמים,350.00,100 גרם,false,1,15.90,4.54,true,1,
4860019001414,false,מים מינרליים,,GE,מים מינרליים,מיליליטרים,750.00,"100 מ""ל",false,0,9.70,1.29,true,1,
4903001904192,false,"רוטב סויה יאמאסה 500 מ""ל",יאמאסה,JP,רוטב סויה יאמאסה,מיליליטרים,500.00,"100 מ""ל",false,0,17.90,3.58,true,1,
5000146401568,false,וולייט 10 דפים שומרי צבע,איטליה,IT,וולייט דפים,יחידה,1.00,יחידה,false,0,15.90,15.90,true,1,
5000159376655,false,סוכריות סקיטלס פירות38ג,ריגלי ממתקים,CZ,סוכריות סקיטלס,גרמים,38.00,100 גרם,false,0,3.40,8.95,true,1,
5000159376792,false,סוכריות סקיטלס חמוץ 38 ג,ריגלי ממתקים,CZ,סוכריות סקיטלס,גרמים,38.00,100 גרם,false,0,3.40,8.95,true,1,
5000159407236,false,חטיף מרס 51 גרם,מרס הולנד בי.וי.,NL,חטיף מרס,גרמים,51.00,100 גרם,false,0,4.60,9.02,true,1,
5000159452540,false,חטיפי סניקרס 5 * 50 גרם,מרס הולנד בי.וי.,NL,חטיפי סניקרס,גרמים,250.00,100 גרם,false,1,12.90,5.16,true,1,
5000159459228,false,חטיף טוויקס 50 גרם,מרס,NL,חטיף טוויקס,גרמים,50.00,100 גרם,false,0,4.60,9.20,true,1,
5000159461122,false,חטיף סניקרס 50 גרם,מרס הולנד בי.וי.,NL,חטיף סניקרס,גרמים,50.00,100 גרם,false,0,4.60,9.20,true,1,
5000204661392,false,"קיווי משחה שחורה 100 מ""ל",ג'ונסון,ID,קיווי משחה שחורה,מיליליטרים,100.00,"100 מ""ל",false,1,9.90,9.90,true,1,
5000267024233,false,וויסקי ג'וני ווקר שחור,ג'וני ווקר ובניו,GB,ויסקי ג'וני ווקר,מיליליטרים,700.00,"100 מ""ל",false,0,129.90,18.56,true,1,
5000394019171,false,סוללות דורסל D פלוס 2 יח,דורסל,US,סוללות דורסל 2יח,יחידה,1.00,יחידה,false,1,29.90,29.90,true,1,
5000394140820,false,6דורסל פלוס פאוור AA,דורסל,BE,דורסל פלוס פאוור,יחידה,1.00,יחידה,false,1,19.90,19.90,true,1,
5010677552387,false,בריזר ט.אננס בקבוק 275מל,בקרדי בעמ,BE,בריזר בטעם אננס,מיליליטרים,275.00,"100 מ""ל",false,0,15.90,5.78,true,1,
5010677554398,false,"בריזר אבטיח בקבוק 275מ""ל",בקרדי בעמ,BE,בריזר אבטיח,מיליליטרים,275.00,"100 מ""ל",false,0,15.90,5.78,true,1,
5010677850100,false,"וודקה גריי גוס 700 מ""ל",גריי גוס,FR,וודקה גריי גוס,מיליליטרים,700.00,"100 מ""ל",false,1,124.90,17.84,true,1,
5011007003005,false,וויסקי ג'יימסון,,IE,וויסקי ג'יימסון,מיליליטרים,700.00,"100 מ""ל",false,0,109.90,15.70,true,1,
5014271360423,false,מעד.תפוז ללא תוס.סוכר284,סאן דלפור - שמבור,FR,מעדן תפוזים,גרמים,284.00,100 גרם,false,0,22.90,8.06,true,1,
5014271560427,false,מעדן תפוז+ג'ינג'ר 284גרם,סאן דלפור - שמבור,FR,מעדן תפוז+גינג'ר,גרמים,284.00,100 גרם,false,0,22.90,8.06,true,1,
5017818800116,false,"ד""ר פפר 330 מ""ל",,FR,"ד""ר פפר",מיליליטרים,330.00,"100 מ""ל",false,1,6.20,1.88,true,1,
5029053032658,false,ממחטות קלינקס 9*8 יחידות,חוגלה קימברלי,IT,קלינקס שמיניה,יחידה,1.00,יחידה,false,1,8.60,8.60,true,1,
5029053510811,false,קוטקס תחבושות נורמל 30יח,חוגלה קימברלי,CZ,תחבושות קוטקס,יחידה,1.00,יחידה,false,0,20.90,20.90,true,1,
5029053523446,false,קוטקס תחבושות נייט 20 יח,חוגלה קימברלי,CZ,תחבושות נייט קוט,יחידה,1.00,יחידה,false,0,20.90,20.90,true,1,
5029053534596,false,32 טמפוני קוטקס נורמל,קימברלי קלארק,CZ,טמפוני קוטקס,יחידה,1.00,יחידה,false,0,27.90,27.90,true,1,
5029053534602,false,32 טמפוני קוטקס סופר,קימברלי קלארק,CZ,טמפוני קוטקס,יחידה,1.00,יחידה,false,0,27.90,27.90,true,1,
5029053535227,false,16טמפו.קוטקס מוליך נורמ.,קימברלי קלארק,CZ,טמפוני קוטקס,יחידה,1.00,יחידה,false,0,24.00,24.00,true,1,
5060169982024,false,קפה נמס אגוז שובב 50 גרם,ביניס קפה,GB,קפה נמס ביניס,גרמים,50.00,100 גרם,false,1,18.90,37.80,true,1,
5060517886486,false,מונסטר אנרג'י פחית 500 מ,energy Monster סרביה,RS,מונסטר אנרג'י,מיליליטרים,500.00,"100 מ""ל",false,1,7.90,1.58,true,1,
5200133120483,false,גליליות וופל וניל400ג,קוארטט אס.אי,GR,גליליות וופל,גרמים,400.00,100 גרם,false,1,19.00,4.75,true,1,
5201004020338,false,גלילי וופל רולס קלאסי400,א.ג פאפאגופולוס,GR,גלילי וופל קפריס,גרמים,400.00,100 גרם,false,1,20.90,5.23,true,1,
5201583750510,false,סוכריות טעם תות קרמי32,---,GR,סוכריות זירו,גרמים,32.00,100 גרם,false,1,7.50,23.44,true,1,
5201583751111,false,סוכריות אספרסו+סטיביה32ג,---,GR,סוכריות זירו,גרמים,32.00,100 גרם,false,1,7.50,23.44,true,1,
5201583752217,false,סוכריות ממולא שוק.מנטה36,---,GR,סוכריות זירו,גרמים,36.00,100 גרם,false,1,7.50,20.83,true,1,
5208049001841,false,פאלמאל דמי קפסולה חפיסה,BAT,PL,פאלמאל דמי קפסול,יחידה,1.00,יחידה,false,1,26.50,26.50,false,1,
5208049002473,false,קנט ארוך חפיסה,BAT,TR,קנט ארוך,יחידה,1.00,יחידה,false,1,36.50,36.50,false,1,
5391523058070,false,סימילאק אדבנס+ שלב3 700ג,ABBOT,IE,סימילאק אדבנס,גרמים,700.00,100 גרם,false,1,65.90,9.41,true,1,
5410126116953,false,ממרח ביסקוויט לוטוס 400ג,לוטוס ביקרי,BE,ממרח ביסקוויט,גרמים,400.00,100 גרם,false,0,25.20,6.30,true,1,
5410126666038,false,ביסקוויט לוטוס קרמל279ג,לוטוס ביקרי,BE,ביסקוויט לוטוס,גרמים,279.00,100 גרם,false,1,13.90,4.98,true,1,
5410126726947,false,ממרח עוג.לוטוס קראנץ380ג,לוטוס ביקרי,BE,ממרח עוגיות,גרמים,380.00,100 גרם,false,0,25.30,6.66,true,1,
5411188110835,false,משקה שקדים אלפרו 1 ליטר,אלפרו C.V.A,BE,משקה שקדים אלפרו,ליטרים,1.00,ליטר,false,0,16.80,16.80,true,1,
5411188121978,false,משקה סויה ט.שוקולד250*3מ,אלפרו C.V.A,BE,משקה סויה 3 יח,מיליליטרים,750.00,"100 מ""ל",false,1,15.90,2.12,true,1,
5411188134985,false,משקה שיבולת שועל3.5% 1 ל,אלפרו C.V.A,BE,משקה שיבולת שועל,ליטרים,1.00,ליטר,false,1,15.90,15.90,true,1,
5601008200444,false,עוג.גודיס שוקולד חלב150ג,"ש. שסטוביץ בע""\מ",PT,עוגיות גודיס,גרמים,150.00,100 גרם,false,0,7.90,5.27,true,1,
5601008200468,false,עוגי.גודיס שוקולד לבן150,מרבה,PT,עוגיות גודיס,גרמים,150.00,100 גרם,false,0,7.90,5.27,true,1,
5701932026964,false,הוטפופ טעם טבעי100*6ג,פופז,US,פופקורן הוטפופ,גרמים,600.00,100 גרם,false,0,16.90,2.82,true,1,
5701932026971,false,הוטפופ טעם חמאה100*6גר,פופז,US,הוטפופ טעם חמאה,גרמים,600.00,100 גרם,false,0,16.90,2.82,true,1,
5701932026995,false,הוטפופ ט.טבעי מופחת שומן,פופז,US,הוטפופ טעם טבעי,גרמים,510.00,100 גרם,false,0,16.90,3.31,true,1,
5710840209437,false,באלי נטורל 40 גרם,סקמדינביין טובקו,DK,באלי נטורל,גרמים,40.00,100 גרם,false,1,92.90,232.25,false,1,
5710840210013,false,באלי לבן סופר עדין 40גרם,סקמדינביין טובקו,DK,באלי לבן,גרמים,40.00,100 גרם,false,1,92.90,232.25,false,1,
5711953106606,false,ארלה גב.שמנת ע.תיבול200ג,ארלה פודס אמבה,DK,ארלה גבינת שמנת,גרמים,200.00,100 גרם,false,1,16.90,8.45,true,1,
5740900403215,false,ממרח לורפק עם מלח 250 גר,ארלה פודס אמבה,DK,ממרח לורפק,גרמים,250.00,100 גרם,false,1,17.90,7.16,true,1,
5740900403222,false,ממרח לורפק+מלח מופחת250ג,ארלה פודס אמבה,DK,ממרח לורפק,גרמים,250.00,100 גרם,false,1,17.90,7.16,true,1,
5740900403239,false,ממרח לורפק ללא מלח 250 ג,ארלה פודס אמבה,DK,ממרח לורפק,גרמים,250.00,100 גרם,false,1,17.90,7.16,true,1,
5740900403864,false,לורפק חמאה עם מלח 200 גר,ארלה פודס אמבה,DK,חמאת לורפק,גרמים,200.00,100 גרם,false,1,12.90,6.45,true,1,
5900020012814,false,נסקוויק דגני בוקר 500גרם,סי. פי. פולין,PL,דגני נסקוויק,גרמים,500.00,100 גרם,false,0,28.70,5.74,true,1,
5900020025807,false,סיני מיניס 375 גרם,סי. פי. פולין,PL,סיני מיניס,גרמים,375.00,100 גרם,false,1,13.90,3.71,true,1,
5900020026552,false,האני נאט צ'יריוס 625גרם,סי. פי. צרפת,FR,האני נאט צ'יריוס,גרמים,625.00,100 גרם,false,1,27.90,4.46,true,1,
5900020032454,false,פיטנס חטיף דגנ.עוגיות6יח,סי. פי. פולין,PL,חטיפי פיטנס 6 יח,גרמים,188.00,100 גרם,false,1,17.90,9.52,true,1,
5900020034991,false,קראנץ צדפים שוקולד 450ג,סי. פי. פולין,PL,דגני קראנץ צדפים,גרמים,450.00,100 גרם,false,1,27.90,6.20,true,1,
5900020039620,false,חטיף פיטנס שקדים ודבש6יח,סי. פי. פולין,PL,חטיפי פיטנס 6 יח,גרמים,138.00,100 גרם,false,1,17.90,12.97,true,1,
5900627063233,false,פיניש AIO הכל ב1 50 טב',רקיט בנקיזר,PL,פיניש AIO,יחידה,1.00,יחידה,false,1,41.90,41.90,true,1,
5900951283963,false,חטיף סניקרס קרימי 36 גרם,מרס,PL,חטיף סניקרס קרימ,גרמים,36.00,100 גרם,false,1,4.60,12.78,true,1,
5902198160403,false,משקה אנרגיה TEN XL,"טמפו משקאות בע""\מ",IL,משקה אנרגיה,מיליליטרים,250.00,"100 מ""ל",false,1,4.90,1.96,true,1,
5903141082780,false,פאלמאל סילבר דמי סלימס פ,BAT,PL,פאלמאל סילבר דמי,יחידה,1.00,יחידה,false,1,257.00,257.00,false,1,
5906485301012,false,משקה אנרגיה XL,,IL,משקה אנרגיה XL,מיליליטרים,250.00,"100 מ""ל",false,0,4.90,1.96,true,1,
5907731602907,false,קורנפלקס כשלפ 375 גרם,OBST,PL,"קורנפלקס כשל""פ",גרמים,375.00,100 גרם,false,1,11.90,3.17,true,1,
5998623526739,false,גוורצטרמינר סי. גראס750מ,---,HU,יין גוורצטרמינר,מיליליטרים,750.00,"100 מ""ל",false,1,39.90,5.32,true,1,
6008165003984,false,פאלמאל כחול טיוב חפיסה,bat,TR,פאלמאל כחול טיוב,יחידה,1.00,יחידה,false,0,29.50,29.50,false,1,
6008165271192,false,פאלמאל אדום ארוך חפיסה,bat,TR,פאלמאל אדום ארוך,יחידה,1.00,יחידה,false,0,29.50,29.50,false,1,
6008165274629,false,פאלמאל כחול ארוך טיוב חפ,bat,TR,פאלמאל ארוך טיוב,יחידה,1.00,יחידה,false,1,29.50,29.50,false,1,
6008165276098,false,רוטמנס כחול חפיסה,bat,TR,רוטמנס כחול,יחידה,1.00,יחידה,false,1,28.00,28.00,false,1,
6935325410118,false,שום יבוא,קטיף.,XX,שום יבוא,גרמים,190.00,100 גרם,false,0,6.90,3.63,true,1,
7271730901261,false,ארוחת אטריות,,US,ארוחת אטריות,גרמים,156.00,100 גרם,false,0,11.80,7.56,true,1,
7290000000022,true,עגבניה,קטיף.,IL,עגבניה,קילוגרמים,0.00,"ק""ג",true,0,7.90,7.90,true,1,
7290000000046,true,מלפפון,קטיף.,IL,מלפפונים,קילוגרמים,0.00,"ק""ג",true,0,7.90,7.90,true,1,
7290000000053,true,קישואים,קטיף.,IL,קישואים,קילוגרמים,0.00,"ק""ג",true,0,9.90,9.90,true,1,
7290000000084,true,פלפל ירוק בהיר,שותפות מזרחי,IL,פלפל ירוק בהיר,קילוגרמים,0.00,"ק""ג",true,0,10.90,10.90,true,1,
7290000000091,true,פלפל אדום,קטיף.,IL,פלפל אדום,קילוגרמים,0.00,"ק""ג",true,0,10.90,10.90,true,1,
7290000000107,true,פלפל ירוק כהה,קטיף.,IL,פלפל ירוק כהה,קילוגרמים,0.00,"ק""ג",true,0,9.90,9.90,true,1,
7290000000114,true,חציל,קטיף.,IL,חצילים,קילוגרמים,0.00,"ק""ג",true,0,8.90,8.90,true,1,
7290000000121,true,גזר ארוז,קטיף.,IL,גזר ארוז,קילוגרמים,0.00,"ק""ג",true,0,5.90,5.90,true,1,
7290000000138,true,כרוב לבן,קטיף.,IL,כרוב לבן,קילוגרמים,0.00,"ק""ג",true,0,5.90,5.90,true,1,
7290000000145,true,כרוב אדום,קטיף.,IL,כרוב אדום,קילוגרמים,0.00,"ק""ג",true,0,5.90,5.90,true,1,
7290000000176,true,כרובית,קטיף.,IL,כרובית,קילוגרמים,0.00,"ק""ג",true,0,11.90,11.90,true,1,
7290000000183,true,סלק,קטיף.,IL,סלק,קילוגרמים,0.00,"ק""ג",true,0,5.90,5.90,true,1,
7290000000220,true,קולורבי,קטיף.,IL,קולורבי,קילוגרמים,0.00,"ק""ג",true,0,9.90,9.90,true,1,
7290000000282,true,חסה ערבית,---,IL,חסה ערבית,יחידה,1.00,יחידה,false,0,5.90,5.90,true,1,
7290000000398,true,חזרת,קטיף.,IL,חזרת,קילוגרמים,0.00,"ק""ג",true,0,39.90,39.90,true,1,
7290000000411,true,שום מארז,קטיף.,XX,שום מארז,גרמים,190.00,100 גרם,false,0,6.90,3.63,true,1,
7290000000428,true,בטטה מובחר,קטיף.,IL,בטטה,קילוגרמים,0.00,"ק""ג",true,0,10.90,10.90,true,1,
7290000000435,true,סלרי עלים יחידה,---,IL,סלרי עלים,יחידה,1.00,יחידה,false,0,6.90,6.90,true,1,
7290000000466,true,בצל ירוק יחידה,---,IL,בצל ירוק,יחידה,1.00,יחידה,false,0,6.90,6.90,true,1,
7290000000480,true,בצל יבש,קטיף.,IL,בצל יבש,קילוגרמים,0.00,"ק""ג",true,0,4.90,4.90,true,1,
7290000000503,true,תפוח אדמה קטן ארוז,קטיף.,IL,"תפו""א קטן ארוז",קילוגרמים,0.00,"ק""ג",true,0,7.90,7.90,true,1,
7290000000510,true,פטרוזיליה,---,IL,פטרוזיליה,יחידה,1.00,יחידה,false,0,4.90,4.90,true,1,
7290000000527,true,שמיר  יחידה,---,IL,שמיר,יחידה,1.00,יחידה,false,0,4.90,4.90,true,1,
7290000000541,true,שורש  פטרוזיליה,---,IL,שורש,יחידה,1.00,יחידה,false,0,6.90,6.90,true,1,
7290000000558,true,כוסברה יחידה,---,IL,כוסברה,יחידה,1.00,יחידה,false,0,4.90,4.90,true,1,
7290000000565,true,נענע יחידה,---,IL,נענע,יחידה,1.00,יחידה,false,0,4.90,4.90,true,1,
7290000000572,true,שומר,קטיף.,IL,שומר,קילוגרמים,0.00,"ק""ג",true,0,9.90,9.90,true,1,
7290000000589,true,"ארטישוק/תפו""א ירושלמי",קטיף.,IL,"ארטישוק/תפו""א",קילוגרמים,0.00,"ק""ג",true,0,15.90,15.90,true,1,
7290000000596,true,תפוח אדמה לבן תפזורת,קטיף.,IL,תפוח אדמה תפזורת,קילוגרמים,0.00,"ק""ג",true,0,5.90,5.90,true,1,
7290000000619,true,פלפל חריף,שותפות מזרחי,IL,פלפל חריף,קילוגרמים,0.00,"ק""ג",true,0,10.90,10.90,true,1,
7290000000633,true,עירית יחידה,---,IL,עירית יחידה,יחידה,1.00,יחידה,false,0,6.90,6.90,true,1,
7290000000749,true,פלפל שישקה מתוק,קטיף.,IL,פלפל שישקה מתוק,קילוגרמים,0.00,"ק""ג",true,0,11.90,11.90,true,1,
7290000000824,true,קשוא ירוק )זוקיני(,קטיף.,IL,קשוא ירוק,קילוגרמים,0.00,"ק""ג",true,0,9.90,9.90,true,1,
7290000000855,true,פלפל צהוב,קטיף.,IL,פלפל צהוב,קילוגרמים,0.00,"ק""ג",true,0,10.90,10.90,true,1,
7290000001036,true,בצל יבש אדום,קטיף.,XX,בצל יבש אדום,קילוגרמים,0.00,"ק""ג",true,0,7.90,7.90,true,1,
7290000001050,true,בזיליקום יחידה,---,IL,בזיליקום  יחידה,יחידה,1.00,יחידה,false,0,6.50,6.50,true,1,
7290000001661,true,גזר תפזורת,קטיף.,IL,גזר תפזורת,קילוגרמים,0.00,"ק""ג",true,0,5.90,5.90,true,1,
7290000001715,true,תפוח אדמה לבן ארוז,קטיף.,IL,תפוח אדמה לבן,קילוגרמים,0.00,"ק""ג",true,0,4.90,4.90,true,1,
7290000001722,true,תפוח אדמה אדום תפזורת,קטיף.,IL,"תפו""א אדום תפז'",קילוגרמים,0.00,"ק""ג",true,0,6.90,6.90,true,1,
7290000002040,true,חלה רגילה 500 גרם,מאפית ברמן,IL,חלה רגילה,גרמים,500.00,100 גרם,false,0,5.10,1.02,true,1,
7290000002071,true,חלה קלועה רגילה 500 גרם,מאפית ברמן,IL,חלה קלועה רגילה,גרמים,500.00,100 גרם,false,0,5.10,1.02,true,1,
7290000002255,true,חלה עגולה רגילה 500 גרם,---,IL,חלה עגולה רגילה,גרמים,500.00,100 גרם,false,0,5.10,1.02,true,1,
7290000023809,false,"ברקן קלאסיק קברנה 750מ""ל",יקבי ברקן שיווק והפצה בע,IL,קברנה קלאסיק,מיליליטרים,750.00,"100 מ""ל",false,0,33.90,4.52,true,1,
7290000023977,false,"ברקן קלאסיק מרלו 750 מ""ל",יקבי ברקן שיווק והפצה בע,IL,מרלו קלאסיק,מיליליטרים,750.00,"100 מ""ל",false,0,33.90,4.52,true,1,
7290000024523,false,תירוש ענבים אדום סגל 1 ל,יינות סגל,IL,תירוש ענבים,ליטרים,1.00,ליטר,false,0,16.90,16.90,true,1,
7290000024530,false,יין מתוק לקידוש סגל750מל,"כרמי צבי - אחים סגל בע""\",IL,יין מתוק לקידוש,מיליליטרים,750.00,"100 מ""ל",false,0,18.90,2.52,true,1,
7290000034256,false,ביסקוויט תירוש 175 גרם,מגדנית הדר,IL,ביסקוויט תירוש,גרמים,175.00,100 גרם,false,0,6.90,3.94,true,1,
7290000040042,false,יוגורט יופלה תות3% 150גר,תנובה בעמ,IL,יופלה תות 3%,גרמים,150.00,100 גרם,false,0,5.20,3.47,true,1,
7290000040066,false,יופלה דובדבן3% 150 גרם,תנובה בעמ,IL,יופלה דובדבן3%,גרמים,150.00,100 גרם,false,0,5.20,3.47,true,1,
7290000040080,false,יוגורט יופלה אפרסק3% 150,תנובה בעמ,IL,יופלה אפרסק3%,גרמים,150.00,100 גרם,false,0,5.20,3.47,true,1,
7290000040974,false,חלב טרי 2% דל לקטוז 1 ל,תנובה,IL,חלב טרי דל לקטוז,ליטרים,1.00,ליטר,false,0,7.20,7.20,true,1,
7290000041858,false,שמנת חמוצה15% מועשרת200,מחלבת יטבתה,IL,שמנת חמוצה יטבתה,מיליליטרים,200.00,"100 מ""ל",false,0,2.40,1.20,true,1,
7290000041865,false,לבן יטבתה 4.5% שומן 200מ,מחלבת יטבתה,IL,לבן יטבתה4.5%,מיליליטרים,200.00,"100 מ""ל",false,0,2.00,1.00,true,1,
7290000042435,false,חלב מפוסטר 1% בקרטון 1ל',תנובה,IL,חלב 1% בקרטון,ליטרים,1.00,ליטר,false,0,5.86,5.86,true,1,
7290000042442,false,חלב מפוסטר 3% בקרטון 1 ל,תנובה,IL,חלב תנובה 3%,ליטרים,1.00,ליטר,false,0,6.23,6.23,true,1,
7290000042640,false,"חלב עמיד 3% שומן 250 מ""ל",תנובה,IL,חלב עמיד 3% שומן,מיליליטרים,250.00,"100 מ""ל",false,0,2.70,1.08,true,1,
7290000042855,false,"שוקו בשקית יטבתה 225מ""ל",יטבתה,IL,שוקו בשקית,מיליליטרים,225.00,"100 מ""ל",false,0,2.60,1.16,true,1,
7290000043111,false,חמאה 200 גרם,תנובה,IL,חמאה תנובה,גרמים,200.00,100 גרם,false,0,7.80,3.90,true,1,
7290000043814,false,שמנת עמידה לקצפת38% 250מ,תנובה,IL,שמנת עמידה לקצפת,מיליליטרים,250.00,"100 מ""ל",false,0,6.47,2.59,true,1,
7290000043890,false,רויון 1.5% בקרטון 1ל,תנובה,IL,רויון בקרטון1.5%,ליטרים,1.00,ליטר,false,0,11.30,11.30,true,1,
7290000044712,false,פרילי+תות שדה1.5% 500ג,מחלבת אלון תבור,IL,פרילי תות-שדה,גרמים,500.00,100 גרם,false,0,10.80,2.16,true,1,
7290000045573,false,גבינת נעמה מותכת 25*8 גר,תנובה,IL,גבינת נעמה מותכת,גרמים,200.00,100 גרם,false,0,16.20,8.10,true,1,
7290000046327,false,גב.גלבוע פרוסות22% 200גר,תנובה,IL,גבינת גלבוע פרוס,גרמים,200.00,100 גרם,false,0,13.20,6.60,true,1,
7290000047546,false,גב.כנען 5% 500 גרם,תנובה,IL,גבינת כנען 5%,גרמים,500.00,100 גרם,false,0,25.50,5.10,true,1,
7290000047621,false,גב5%.שומן כשר מהדרין250ג,מחלבת אלון תבור,IL,גבינה %5 מהדרי,גרמים,250.00,100 גרם,false,0,4.98,1.99,true,1,
7290000047942,false,גב9%.שומן כשר מהדרין250ג,מחלבת אלון תבור,IL,גבינה9%מהדרין,גרמים,250.00,100 גרם,false,0,4.80,1.92,true,1,
7290000048185,false,גב.לבנה רכה 5% שומן 250ג,מחלבת אלון תבור,IL,גבינה לבנה 5%,גרמים,250.00,100 גרם,false,0,4.98,1.99,true,1,
7290000048192,false,גב.לבנה רכה 9% 250 גרם,מחלבת אלון תבור,IL,גבינה לבנה 9%,גרמים,250.00,100 גרם,false,0,4.80,1.92,true,1,
7290000048413,false,גב.חמד פיראוס16% 250 גר,תנובה,IL,גבינה מלוחה 16%,גרמים,250.00,100 גרם,false,0,19.50,7.80,true,1,
7290000048437,false,גבי. צפתית פיראוס5% 200ג,תנובה,IL,גבינה צפתית 5%,גרמים,200.00,100 גרם,false,0,15.90,7.95,true,1,
7290000049458,false,פטה עיזים פיראוס16% 250ג,תנובה,IL,פטה עיזים פיראוס,גרמים,250.00,100 גרם,false,0,30.00,12.00,true,1,
7290000051307,false,מארז הפסקת אוכל עוגי,תנובה,IL,מארז הפסקת אוכל,יחידה,1.00,יחידה,false,0,9.90,9.90,true,1,
7290000051352,false,חלב של פעם מלא3.6%-4% 1ל,תנובה,IL,חלב של פעם מלא,ליטרים,1.00,ליטר,false,0,7.40,7.40,true,1,
7290000051376,false,יופלה דיאט אננס 0% 150גר,תנובה בעמ,IL,יופלה דיאט אננס,גרמים,150.00,100 גרם,false,0,5.20,3.47,true,1,
7290000051710,false,לבנה+שמן זית וזעתר 263גר,תנובה,IL,לאבנה פיראוס,גרמים,263.00,100 גרם,false,0,14.30,5.44,true,1,
7290000052311,false,עמק 15% פרוס בקופסא 200ג,תנובה,IL,עמק 15% פרוס,גרמים,200.00,100 גרם,false,0,16.60,8.30,true,1,
7290000052649,false,לאבנה פיראוס 5% 500 גרם,תנובה,IL,לאבנה פיראוס 5%,גרמים,500.00,100 גרם,false,0,21.90,4.38,true,1,
7290000052717,false,קוטג' +שום שמיר,,IL,קוטג' +שום שמיר,גרמים,250.00,100 גרם,false,0,5.80,2.32,true,1,
7290000055329,false,משקה יוגורט תות-מלון250ג,תנובה בעמ,IL,משקה יוגורט,גרמים,250.00,100 גרם,false,0,6.00,2.40,true,1,
7290000055343,false,משקה יוגורט טרופי 250גרם,תנובה בעמ,IL,משקה יוגורט,גרמים,250.00,100 גרם,false,0,6.00,2.40,true,1,
7290000056272,false,גבינה לבנה 5%,,IL,גבינה לבנה 5%,גרמים,250.00,100 גרם,false,0,5.50,2.20,true,1,
7290000056845,false,חלב טרי הומוגני3% 1.5ל',תנובה,IL,חלב תנובה 3%,ליטרים,1.50,ליטר,false,0,9.34,6.23,true,1,
7290000056951,false,שמנת לבישול 15%,,IL,שמנת לבישול 15%,מיליליטרים,500.00,"100 מ""ל",false,0,16.50,3.30,true,1,
7290000056968,false,שמנת מתוקה38%עם פקק 500מ,תנובה,IL,שמנת38%,מיליליטרים,500.00,"100 מ""ל",false,0,12.94,2.59,true,1,
7290000057088,false,גבינת עמק דק דק 28% 200ג,תנובה,IL,עמק דק28% 200גרם,גרמים,200.00,100 גרם,false,0,16.60,8.30,true,1,
7290000057118,false,גבינת עמק פרוסה,,IL,גבינת עמק פרוסה,גרמים,400.00,100 גרם,false,0,23.10,5.78,true,1,
7290000057132,false,יוגורט תנובה1.5%,,IL,יוגורט תנובה1.5%,גרמים,200.00,100 גרם,false,0,3.20,1.60,true,1,
7290000057149,false,יוגורט תנובה 3% 200 גרם,מחלבת אלון תבור,IL,יוגורט תנובה 3%,גרמים,200.00,100 גרם,false,0,3.20,1.60,true,1,
7290000057552,false,יופלה עוגת גבינה,,IL,יופלה עוגת גבינה,גרמים,150.00,100 גרם,false,0,5.20,3.47,true,1,
7290000058030,false,8שטוזים משקה תות,,IL,8שטוזים משקה תות,מיליליטרים,800.00,"100 מ""ל",false,0,21.20,2.65,true,1,
7290000058047,false,"שמנת להקצפה 38% 500 מ""ל",תנובה,IL,משמנת להקצפה 38%,מיליליטרים,500.00,"100 מ""ל",false,0,12.94,2.59,true,1,
7290000058580,false,קוקילידה 1 יח',נסטלה,IL,קוקילידה,יחידה,1.00,יחידה,false,0,11.00,11.00,true,1,
7290000060071,false,חטיפ.פריכונים ט.טבעי80גר,"פרח תעשיות מזון בע""מ.",IL,חטיפי פריכונים,גרמים,80.00,100 גרם,false,0,8.20,10.25,true,1,
7290000060088,false,בייגלה מקלות מלוחים400גר,"אסם השקעות בע""\מ",IL,בייגלה מקלות,גרמים,400.00,100 גרם,false,0,11.90,2.98,true,1,
7290000060163,false,אטריות דקות 400 גרם,"אסם השקעות בע""מ",IL,אטריות דקות,גרמים,400.00,100 גרם,false,0,7.50,1.88,true,1,
7290000060200,false,פתיתים אפויים קוסקוס500ג,"אסם השקעות בע""מ",IL,פתיתים אפויים,גרמים,500.00,100 גרם,false,0,7.80,1.56,true,1,
7290000060217,false,פסטה מקרוני 7 500 גרם,פסטה זארה,IT,פסטה מקרוני 7,גרמים,500.00,100 גרם,false,0,6.50,1.30,true,1,
7290000060248,false,פסטה אסם תלתלים 500 גרם,פסטה זארה,IT,פסטה תלתלים,גרמים,500.00,100 גרם,false,0,6.50,1.30,true,1,
7290000060330,false,ספירלי פרפקטו 500 גרם,פסטה זארה,IT,ספירלי פרפקטו,גרמים,500.00,100 גרם,false,0,6.90,1.38,true,1,
7290000060408,false,פתיתים טבעות 500 גרם,"אסם השקעות בע""\מ",IL,פתיתים טבעות,גרמים,500.00,100 גרם,false,0,7.80,1.56,true,1,
7290000060415,false,לזניה פרפקטו 500 גרם,פסטה לנסי,IT,לזניה פרפקטו,גרמים,500.00,100 גרם,false,0,15.40,3.08,true,1,
7290000060576,false,פתיתים אפויים כוכבים500ג,"אסם השקעות בע""\מ",IL,פתיתים אפויים,גרמים,500.00,100 גרם,false,0,7.80,1.56,true,1,
7290000060781,false,פסטה מסולסלת אסם 500 גרם,פסטה זארה,IT,פסטה מסולסלת,גרמים,500.00,100 גרם,false,0,6.50,1.30,true,1,
7290000060811,false,אקסטרים מטבע ענק 120ג,גלידות נסטלה,IL,אקסטרים מטבע ענק,גרמים,120.00,100 גרם,false,0,11.00,9.17,true,1,
7290000060842,false,פסטה צדפים גדולים 500 גר,פסטה זארה,IT,פסטה צדפים אסם,גרמים,500.00,100 גרם,false,0,6.50,1.30,true,1,
7290000060859,false,פסטה צדפים אסם 500 גרם,פסטה זארה,IT,פסטה צדפים,גרמים,500.00,100 גרם,false,0,6.50,1.30,true,1,
7290000060880,false,פסטה ספגטי מס 8 אסם 500ג,פסטה זארה,IT,ספגטי מס' 8,גרמים,500.00,100 גרם,false,0,6.50,1.30,true,1,
7290000060903,false,פתיתים אפויים אורז 500 ג,"אסם השקעות בע""\מ",IL,פתיתים אפויים,גרמים,500.00,100 גרם,false,0,7.80,1.56,true,1,
7290000060958,false,אטריות בינוניות 400 גרם,"אסם השקעות בע""\מ",IL,אטריות בינוניות,גרמים,400.00,100 גרם,false,0,7.50,1.88,true,1,
7290000060965,false,אטריות רחבות 400 גרם,"אסם השקעות בע""\מ",IL,אטריות רחבות,גרמים,400.00,100 גרם,false,0,7.50,1.88,true,1,
7290000061108,false,"רוטב טריאקי אסם 290 מ""ל","אסם השקעות בע""\מ",IL,רוטב טריאקי,מיליליטרים,290.00,"100 מ""ל",false,0,11.90,4.10,true,1,
7290000062952,false,מיני קרוטונים מתובל 250ג,עינת תעשיות,IL,מיני קרוטונים,גרמים,250.00,100 גרם,false,0,16.20,6.48,true,1,
7290000063102,false,קמח תופח מאליו 350 גרם,"אסם השקעות בע""\מ",IL,קמח תופח מאליו,גרמים,350.00,100 גרם,false,0,5.80,1.66,true,1,
7290000063133,false,שקדי מרק רכיבים טבעי100ג,"אסם השקעות בע""מ",IL,שקדי מרק אסם,גרמים,100.00,100 גרם,false,0,6.70,6.70,true,1,
7290000063140,false,שקדי מרק רכיבים טבעי400ג,"אסם השקעות בע""מ",IL,שקדי מרק אסם,גרמים,400.00,100 גרם,false,0,10.00,2.50,true,1,
7290000063157,false,"קמח תופח מאליו 1 ק""ג","אסם השקעות בע""\מ",IL,קמח תופח מאליו,קילוגרמים,1.00,"ק""ג",false,0,10.30,10.30,true,1,
7290000064758,false,קוסקוס בינוני 350 גרם,קוסקוס מזון,IL,קוסקוס בינוני,גרמים,350.00,100 גרם,false,0,8.80,2.51,true,1,
7290000064871,false,מנה חמה פירה בצל 56 גרם,"אסם השקעות בע""מ",IL,מנה חמה פירה,גרמים,56.00,100 גרם,false,0,6.90,12.32,true,1,
7290000065335,false,מנה חמה פירה עם ירקות55ג,"אסם השקעות בע""מ",IL,מנה חמה פירה,גרמים,55.00,100 גרם,false,0,6.90,12.55,true,1,
7290000065717,false,סירופ ויטמינצ'יק פטל 1ל',בית-השיטה עסיס תעשיות מז,IL,ויטמינצ'יק פטל,ליטרים,1.00,ליטר,false,0,21.00,21.00,true,1,
7290000065977,false,פריכונים תירס+שומשום 80ג,"פרח תעשיות מזון בע""מ.",IL,פריכונים תירס,גרמים,80.00,100 גרם,false,0,8.20,10.25,true,1,
7290000066134,false,ביסלי פלאפל 70 גרם,"אסם השקעות בע""\מ",IL,ביסלי פלאפל,גרמים,70.00,100 גרם,false,0,4.50,6.43,true,1,
7290000066141,false,ביסלי גריל 70 גרם,"אסם השקעות בע""\מ",IL,ביסלי גריל,גרמים,70.00,100 גרם,false,0,4.50,6.43,true,1,
7290000066172,false,ביסלי פיצה 70 גרם,"אסם השקעות בע""\מ",IL,ביסלי פיצה,גרמים,70.00,100 גרם,false,0,4.50,6.43,true,1,
7290000066196,false,ביסלי גריל 200 גרם,"אסם השקעות בע""\מ",IL,ביסלי גריל,גרמים,200.00,100 גרם,false,0,7.90,3.95,true,1,
7290000066295,false,במבה מתוקה 30 גרם,"אסם השקעות בע""\מ",IL,במבה מתוקה,גרמים,30.00,100 גרם,false,0,2.90,9.67,true,1,
7290000066318,false,במבה 80 גרם,"אסם השקעות בע""\מ",IL,במבה,גרמים,80.00,100 גרם,false,0,4.90,6.13,true,1,
7290000066332,false,אפרופו 50 גרם,"אסם השקעות בע""\מ",IL,חטיף אפרופו,גרמים,50.00,100 גרם,false,0,5.80,11.60,true,1,
7290000066349,false,אפרופו 100 גרם,"אסם השקעות בע""\מ",IL,אפרופו חטיף תירס,גרמים,100.00,100 גרם,false,0,9.30,9.30,true,1,
7290000066431,false,פופקו בטעם חמאה ודבש80גר,"אסם השקעות בע""\מ",IL,חטיף פופקו,גרמים,80.00,100 גרם,false,0,5.50,6.88,true,1,
7290000067131,false,"ג'לי בטעם תות כשל""פ 90ג","אסם השקעות בע""\מ",IL,ג'לי בטעם תות,גרמים,90.00,100 גרם,false,0,7.50,8.33,true,1,
7290000067544,false,פירורית זהב 200 גרם,עינת תעשיות,IL,פירורית זהב,גרמים,200.00,100 גרם,false,0,7.50,3.75,true,1,
7290000067568,false,"ביסלי ברביקיו כשל""פ 70גר","אסם השקעות בע""\מ",IL,ביסלי ברביקיו,גרמים,70.00,100 גרם,false,0,4.50,6.43,true,1,
7290000067742,false,"פודינג אינסט.וניל כל""פ80","אסם השקעות בע""מ",IL,פודינג וניל,גרמים,80.00,100 גרם,false,0,5.70,7.13,true,1,
7290000068138,false,אינסטנט פודינג וניל 80גר,"אסם השקעות בע""מ",IL,אינסטנט פודינג,גרמים,80.00,100 גרם,false,0,5.70,7.13,true,1,
7290000068190,false,ג'לי בטעם תות 90 גרם,"אסם השקעות בע""\מ",IL,ג'לי בטעם תות,גרמים,90.00,100 גרם,false,0,7.50,8.33,true,1,
7290000068237,false,ג'לי בטעם פטל 85 גרם,"אסם השקעות בע""\מ",IL,ג'לי בטעם פטל,גרמים,85.00,100 גרם,false,0,7.50,8.82,true,1,
7290000068299,false,מנה חמה פירה+פטריות47גר,"אסם השקעות בע""\מ",IL,מנה חמה פירה,גרמים,47.00,100 גרם,false,0,8.00,17.02,true,1,
7290000068770,false,"במבה יום הולדת 80ג בד""צ","אסם השקעות בע""\מ",IL,במבה יום הולדת,גרמים,80.00,100 גרם,false,0,4.90,6.13,true,1,
7290000068787,false,"במבה יום הולדת 25ג בד""צ","אסם השקעות בע""\מ",IL,במבה יום הולדת,גרמים,25.00,100 גרם,false,0,2.50,10.00,true,1,
7290000069258,false,פנה ריגאטה פרפקטו 500 גר,פסטה זארה,IT,פנה ריגאטה,גרמים,500.00,100 גרם,false,0,6.90,1.38,true,1,
7290000070308,false,מרק עוף אמיתי 400 גרם,"אסם השקעות בע""\מ",IL,מרק עוף אמיתי,גרמים,400.00,100 גרם,false,0,17.90,4.48,true,1,
7290000070353,false,מרק בצל רכיבים טבעיים400,"אסם השקעות בע""\מ",IL,מרק בצל אסם,גרמים,400.00,100 גרם,false,0,28.90,7.23,true,1,
7290000071008,false,בייגלה שטוח מלח 60 גרם,"אסם השקעות בע""\מ",IL,בייגלה שטוחים,גרמים,60.00,100 גרם,false,0,3.70,6.17,true,1,
7290000072067,false,במבה במילוי קרם חלווה60ג,אסם,IL,במבה במילוי חלוה,גרמים,60.00,100 גרם,false,0,4.90,8.17,true,1,
7290000072227,false,"רוטב סויה סיני 290 מ""ל","אסם השקעות בע""\מ",IL,רוטב סויה,מיליליטרים,290.00,"100 מ""ל",false,0,11.90,4.10,true,1,
7290000072623,false,קטשופ בקבוק לחיץ 750 גרם,"אסם השקעות בע""מ",IL,קטשופ בקבוק לחיץ,גרמים,750.00,100 גרם,false,0,12.50,1.67,true,1,
7290000072753,false,קפה נמס טסטרס צ'ויס200ג,לוטה נסטלה קוריאה,KR,קפה טסטרס צ'ויס,גרמים,200.00,100 גרם,false,0,32.90,16.45,true,1,
7290000072968,false,סיני מיניס 500 גרם,סי. פי. פולין,PL,דגני נסטלה,גרמים,500.00,100 גרם,false,0,27.70,5.54,true,1,
7290000073125,false,מ.חמה פסטה ברוטב עגבניות,"אסם השקעות בע""\מ",IL,מנה חמה פסטה,גרמים,62.00,100 גרם,false,0,6.90,11.13,true,1,
7290000073750,false,מ.חמה נודלס טעם עוף70גרם,PUB FOODS PRESIDENT THAI,TH,מנה חמה נודלס,גרמים,70.00,100 גרם,false,0,6.90,9.86,true,1,
7290000073767,false,מ.חמה נודלס טעם בקר70ג,PUB FOODS PRESIDENT THAI,TH,מנה חמה נודלס,גרמים,70.00,100 גרם,false,0,6.90,9.86,true,1,
7290000074184,false,ביסקוויט פתי בר 500 גרם,"אסם השקעות בע""\מ",IL,ביסקוויט פתי בר,גרמים,500.00,100 גרם,false,0,12.00,2.40,true,1,
7290000074245,false,קרם קרקר 250 גרם,"אסם השקעות בע""\מ",IL,קרם קרקר אסם,גרמים,250.00,100 גרם,false,0,11.60,4.64,true,1,
7290000074252,false,קרקר שומשום 250 גרם,"אסם השקעות בע""\מ",IL,קרקר שומשום אסם,גרמים,250.00,100 גרם,false,0,11.20,4.48,true,1,
7290000074375,false,קרקר זהב 150 גרם,"אסם השקעות בע""\מ",IL,קרקר זהב אסם,גרמים,150.00,100 גרם,false,0,8.10,5.40,true,1,
7290000075204,false,לחמית חיטה מלאה 250 גרם,"אסם השקעות בע""\מ",IL,לחמית חיטה מלאה,גרמים,250.00,100 גרם,false,0,9.90,3.96,true,1,
7290000076133,false,בייגלה שמיניות קטנות400ג,"אסם השקעות בע""\מ",IL,בייגלה שמיניות,גרמים,400.00,100 גרם,false,0,11.90,2.98,true,1,
7290000077017,false,קרמוגית ממולא שוקו200.גר,"אסם השקעות בע""\מ",IL,קרמוגית שוקולד,גרמים,200.00,100 גרם,false,0,12.70,6.35,true,1,
7290000077253,false,לחמית כפרית 190 גרם,"אסם השקעות בע""\מ",IL,לחמית כפרית,גרמים,190.00,100 גרם,false,0,11.60,6.11,true,1,
7290000078762,false,חטיפי פריכונים עם דבש80ג,הרטו,GB,חטיפי פריכונים,גרמים,80.00,100 גרם,false,0,8.20,10.25,true,1,
7290000080758,false,טוסטעים פת קלויה 100 גרם,ון דר מולן,NL,טוסטעים פת קלוי,גרמים,100.00,100 גרם,false,0,11.40,11.40,true,1,
7290000080765,false,טוסטעים פת קלוי+שומשו100,ון דר מולן,NL,טוסטעים +שומשו,גרמים,100.00,100 גרם,false,0,11.40,11.40,true,1,
7290000090832,true,בייגל אמריקאי רגיל,גידרון,IL,בייגל אמריקאי,יחידה,1.00,יחידה,false,0,4.70,4.70,true,1,
7290000096032,true,חצי בגט,גידרון,IL,חצי בגט,יחידה,1.00,יחידה,false,0,4.10,4.10,true,1,
7290000096438,true,דלעת יפנית אורגנ,,IL,דלעת יפנית אורגנ,קילוגרמים,0.00,"ק""ג",true,0,17.90,17.90,true,1,
7290000097282,true,קרואסון שוקולד 1 יח,גידרון,IL,קרואסון שוקולד,יחידה,1.00,יחידה,false,0,7.50,7.50,true,1,
7290000097596,true,לחמנית 1/3 באגט,גידרון,IL,לחמנית בגט,יחידה,1.00,יחידה,false,0,3.20,3.20,true,1,
7290000098296,true,לחמניית אצבע,גידרון,IL,לחמניית אצבע,יחידה,1.00,יחידה,false,0,2.60,2.60,true,1,
7290000100029,false,פתיתי כרובית 800 גרם,סנפרוסט בעמ,IL,פתיתי כרובית,גרמים,800.00,100 גרם,false,1,19.90,2.49,true,1,
7290000104188,false,שעועית אדומה מבושלת 800,"סנפרוסט בע""\מ",IL,שעועית אדומה,גרמים,800.00,100 גרם,false,0,21.70,2.71,true,1,
7290000104676,false,אפונה ירוקה מוקפאת 800גר,"סנפרוסט בע""\מ",IL,אפונה ירוקה קפוא,גרמים,800.00,100 גרם,false,0,19.90,2.49,true,1,
7290000104683,false,שעועית ירוקה שלמה מוקפאת,"סנפרוסט בע""\מ",IL,שעועית ירוקה שלמ,גרמים,800.00,100 גרם,false,0,22.90,2.86,true,1,
7290000104690,false,תירס גרעינים מוקפא 800 ג,"סנפרוסט בע""\מ",IL,גרעיני תירס קפוא,גרמים,800.00,100 גרם,false,0,19.90,2.49,true,1,
7290000104720,false,שעועית ירוקה חתוכה 800 ג,"סנפרוסט בע""\מ",IL,שעועית ירוקה,גרמים,800.00,100 גרם,false,0,20.90,2.61,true,1,
7290000104744,false,כרובית מוקפאת 800 גרם,"סנפרוסט בע""\מ",IL,כרובית מוקפאת,גרמים,800.00,100 גרם,false,0,28.00,3.50,true,1,
7290000104836,false,שעועית עדינה שלמה 600גרם,"סנפרוסט בע""\מ",IL,שעועית שלמה קפוא,גרמים,600.00,100 גרם,false,0,25.90,4.32,true,1,
7290000107189,false,ארטישוק תחתיות 400 גרם,"סנפרוסט בע""\מ",IL,תחתיות ארטישוק,גרמים,400.00,100 גרם,false,0,24.70,6.18,true,1,
7290000107295,false,תפרחות ברוקולי 800 גרם,"סנפרוסט בע""\מ",IL,ברוקולי מוקפא,גרמים,800.00,100 גרם,false,0,28.90,3.61,true,1,
7290000111063,false,מיונז תלמה אמיתי250 גרם,יוניליוור ישראל מזון בע\,IL,מיונז אמיתי תלמה,גרמים,250.00,100 גרם,false,0,7.90,3.16,true,1,
7290000111186,false,מיונז אמיתי תלמה 500 גרם,יוניליוור ישראל מזון בע\,IL,מיונז אמיתי תלמה,גרמים,500.00,100 גרם,false,0,10.40,2.08,true,1,
7290000111353,false,"מיונז אמיתי תלמה 1 ק""ג",יוניליוור ישראל מזון בע\,IL,מיונז אמיתי תלמה,קילוגרמים,1.00,"ק""ג",false,0,18.90,18.90,true,1,
7290000111384,false,חרדל אמיתי תלמה 550 גרם,יוניליוור,IL,חרדל אמיתי תלמה,גרמים,550.00,100 גרם,false,0,9.10,1.65,true,1,
7290000112220,false,טחינה גולמית 100% 500 גר,"רושדי תעשיות מזון בע""\מ",IL,טחינה גולמית,גרמים,500.00,100 גרם,false,0,15.90,3.18,true,1,
7290000112619,false,מרק עוף קנור 400 גרם,יוניליוור ישראל מזון בע\,IL,מרק עוף אמיתי,גרמים,400.00,100 גרם,false,0,22.90,5.73,true,1,
7290000113203,false,חטיף צ'יפס בטעם קטשופ50ג,יוניליוור ישראל מזון בעמ,IL,כיפלי צ'יפס,גרמים,50.00,100 גרם,false,0,5.80,11.60,true,1,
7290000116204,false,מרק דגש טעם עוף שקית 1קג,יוניליוור ישראל מזון בע\,IL,מרק דגש טעם עוף,קילוגרמים,1.00,"ק""ג",false,0,16.90,16.90,true,1,
7290000116921,false,רוטב צ'ילי מתוק קנור370ג,יוניליוור ישראל מזון בע\,IL,רוטב צ'ילי מתוק,גרמים,370.00,100 גרם,false,0,12.50,3.38,true,1,
7290000120836,false,מיונז אמיתי הלמנס 394 גר,יוניליוור,CA,מיונז אמיתי הלמנ,גרמים,394.00,100 גרם,false,0,12.80,3.25,true,1,
7290000120874,false,ממרח מופחת קלור.לייט424ג,יוניליוור,US,ממרח הלמנס,גרמים,424.00,100 גרם,false,0,12.80,3.02,true,1,
7290000121093,false,גב.מון בלן ט.שויצרי 120ג,נטו,IL,גבינת מון בלאן,גרמים,120.00,100 גרם,false,0,12.90,10.75,true,1,
7290000121109,false,גבינה מון בלאן+זיתים120ג,נטו,IL,גבינת מון בלאן,גרמים,120.00,100 גרם,false,0,12.90,10.75,true,1,
7290000121154,false,מון בלאן לייט +סלמון120ג,נטו,IL,גבינת מון בלאן,גרמים,120.00,100 גרם,false,0,12.90,10.75,true,1,
7290000130125,false,מצות אביב 400 גרם חמץ,מצות אביב 2014 מאפה בעמ,IL,מצות אביב,גרמים,400.00,100 גרם,false,0,14.30,3.58,true,1,
7290000130248,false,קמח מצה חמץ 500 גרם,מצות אביב,IL,קמח מצה חמץ,גרמים,500.00,100 גרם,false,0,7.00,1.40,true,1,
7290000130255,false,קמח מצה 500 גר בשקית פסח,מצות אביב 2014 מאפה בעמ,IL,קמח מצה בשקית,גרמים,500.00,100 גרם,false,0,6.90,1.38,true,1,
7290000130545,false,החמישיה מצה 2.5קג לפסח,מצות אביב 2014 מאפה בעמ,IL,"מצה 2.5 ק""ג",קילוגרמים,2.50,"ק""ג",false,0,28.90,11.56,true,1,
7290000135052,false,"TEN XL בטעם מנגו 250 מ""ל","טמפו משקאות בע""\מ",IL,TEN XL בטעם מנגו,מיליליטרים,250.00,"100 מ""ל",false,1,4.90,1.96,true,1,
7290000135182,false,סבן אפ פחית 6 * 330 מל,אלפא \n S.A,IL,סבן אפ פחיות 6יח,ליטרים,1.98,ליטר,false,1,19.90,10.05,true,1,
7290000136141,false,פפסי קולה 1.5 ליטר,"טמפו משקאות בע""\מ",IL,פפסי קולה,ליטרים,1.50,ליטר,false,0,8.10,5.40,true,1,
7290000136165,false,מירינדה 1.5 ליטר,"טמפו משקאות בע""\מ",IL,מירינדה תפוזי,ליטרים,1.50,ליטר,false,0,8.30,5.53,true,1,
7290000136240,false,מי סודה טמפו 1.5 ליטר,"טמפו משקאות בע""\מ",IL,מי סודה טמפו,ליטרים,1.50,ליטר,false,0,4.90,3.27,true,1,
7290000136646,false,בירה נשר מאלט 1.5 ליטר,"טמפו משקאות בע""\מ",IL,נשר מאלט,ליטרים,1.50,ליטר,false,0,10.00,6.67,true,1,
7290000136653,false,בירה נשר מאלט דיאט 1.5 ל,"טמפו משקאות בע""\מ",IL,נשר מאלט דיאט,ליטרים,1.50,ליטר,false,0,9.50,6.33,true,1,
7290000136790,false,סודה טמפו 1.5*6 ליטר,"טמפו משקאות בע""\מ",IL,סודה טמפו1.5*6ל,ליטרים,9.00,ליטר,false,0,19.70,2.19,true,1,
7290000136868,false,מים מינרל.סאן בנדטו1.5*6,אקווה מינרלה סאן בנדטו ב,IT,סאן בנדטו1.5*6ל,ליטרים,9.00,ליטר,false,0,20.90,2.32,true,1,
7290000137513,false,גלידונית וניל 60יח 630גר,"גלידת שטראוס בע""\מ, רחוב",IL,גלידונית,גרמים,630.00,100 גרם,false,0,49.90,7.92,true,1,
7290000137643,false,מאגדת טעמקור משפ8'יח 52,"גלידת שטראוס בע""\מ, רחוב",IL,מאגד טעמקור משפ',גרמים,400.00,100 גרם,false,0,44.50,11.13,true,1,
7290000139258,false,שלווה טבע + סוכר חום200ג,---,IL,שלווה טבע,גרמים,200.00,100 גרם,false,0,9.20,4.60,true,1,
7290000143187,false,"שמפו הוואי לגבר 700 מ""ל",טרופיקל דגיל,IL,שמפו הוואי לגבר,מיליליטרים,700.00,"100 מ""ל",false,0,10.90,1.56,true,1,
7290000143200,false,מרכך הוואי לשיער יבש700מ,טרופיקל דגיל,IL,מרכך שיער הוואי,מיליליטרים,700.00,"100 מ""ל",false,0,10.90,1.56,true,1,
7290000143255,false,שמפו הוואי לשיער רגיל700,טרופיקל דגיל,IL,שמפו הוואי,מיליליטרים,700.00,"100 מ""ל",false,0,10.90,1.56,true,1,
7290000143279,false,"הוואי שמפו אדום 700 מ""ל",טרופיקל דגיל,IL,שמפו הוואי,מיליליטרים,700.00,"100 מ""ל",false,0,10.90,1.56,true,1,
7290000144474,false,שמן קנולה+נוגדי חימצון1ל,שמן תעשיות בעמ,EE,שמן קנולה,ליטרים,1.00,ליטר,false,0,16.90,16.90,true,1,
7290000146928,false,משחת טום וג'רי ענבים 50מ,טרופיקל דגיל,IL,משחת טום וג'רי,מיליליטרים,50.00,"100 מ""ל",false,0,9.60,19.20,true,1,
7290000146997,false,משחת טום וג'רי מסטיק 50מ,טרופיקל דגיל,IL,משחת טום וג'רי,מיליליטרים,50.00,"100 מ""ל",false,0,9.60,19.20,true,1,
7290000156545,false,פסטרמה מקסיקנית 300גרם,מוצרי עוף טוב (2001) בע\,IL,פסטרמה מקסיקנית,גרמים,300.00,100 גרם,false,0,23.90,7.97,true,1,
7290000161358,false,מיונז משמן קנולה 500 גרם,יוניליוור ישראל מזון בע\,IL,מיונז אמיתי תלמה,גרמים,500.00,100 גרם,false,0,14.90,2.98,true,1,
7290000169538,false,נמס בכוס עגבנ.וקרוטונים,יוניליוור ישראל מזון בע\,IL,נמס בכוס,גרמים,62.00,100 גרם,false,0,7.80,12.58,true,1,
7290000169798,false,עוגי 20% פחות סוכר 500גר,"יוניליוור שפע ישראל בע""\",IL,עוגי מופחת סוכר,גרמים,500.00,100 גרם,false,0,24.10,4.82,true,1,
7290000176062,false,קפה טורקי בצלופן 100 גרם,שטראוס קפה בי.ויn\.,IL,קפה טורקי בצלופן,גרמים,100.00,100 גרם,false,0,9.50,9.50,true,1,
7290000176079,false,קפה טורקי עם הל 100 גרם,שטראוס קפה בי.ויn\.,IL,קפה טורקי עם הל,גרמים,100.00,100 גרם,false,0,9.90,9.90,true,1,
7290000176413,false,קפה נמס 50 גרם,שטראוס קפה בי.וי,IL,קפה נמס,גרמים,50.00,100 גרם,false,0,10.90,21.80,true,1,
7290000176420,false,קפה נמס 200 גרם,שטראוס קפה בי.וי,IL,קפה נמס,גרמים,200.00,100 גרם,false,0,21.90,10.95,true,1,
7290000178707,false,תפוצ'יפס בטעם טבעי 50 גר,"שטראוס פריטו ליי בע""\מ )",IL,חטיף תפוצ'יפס,גרמים,50.00,100 גרם,false,0,4.30,8.60,true,1,
7290000178721,false,תפוצי'פס טבעי 200 גרם,"שטראוס פריטו ליי בע""\מ )",IL,תפוצי'פס טבעי,גרמים,200.00,100 גרם,false,0,10.90,5.45,true,1,
7290000186535,false,נ.ט. לילי טריפל לבן,חוגלה קימברלי,IL,נ.טואלט לילי,מטרים,537.00,100 מטר,false,0,45.90,8.55,true,1,
7290000187860,false,לילי נ.טואלט לח פיור56יח,חוגלה קימברלי,IL,נייר טואלט לח,יחידה,1.00,יחידה,false,0,8.90,8.90,true,1,
7290000187921,false,נייר טואלט לילי פיור32גל,חוגלה קימברלי,IL,נייר טואלט לילי,מטרים,588.00,100 מטר,false,0,41.90,7.13,true,1,
7290000187938,false,נייר טואלט לילי פסטל32גל,חוגלה קימברלי,IL,נייר טואלט פסטל,מטרים,588.00,100 מטר,false,0,41.90,7.13,true,1,
7290000188355,false,מגבות נייר ניקול 6גלילים,קימברלי-קלארק,IL,מגבות ניקול,מטרים,65.00,מטר,false,0,12.90,0.20,true,1,
7290000188553,false,קוטקס מגן תחתון נורמל,חוגלה קימברלי,CN,מגן תחתון קוטקס,יחידה,1.00,יחידה,false,0,21.90,21.90,true,1,
7290000189505,false,תבניות קרטון אינגלישקייק,ניקול,IL,תבניות קרטון,יחידה,1.00,יחידה,false,0,11.40,11.40,true,1,
7290000189550,false,שקיות אשפה לפח ענק10*2יח,אשפלסט,IL,אשפתון ענק זוג,יחידה,1.00,יחידה,false,0,28.50,28.50,true,1,
7290000190853,false,נייר טואלט לילי פיור30גל,חוגלה קימברלי,IL,נייר טואלט לילי,מטרים,537.00,100 מטר,false,0,41.90,7.80,true,1,
7290000191546,false,מגבוני לילי צבעוני 90*3י,חוגלה קימברלי,IL,לילי צבעוני90*3,יחידה,1.00,יחידה,false,0,10.90,10.90,true,1,
7290000195216,false,נייר אפיה ניקול,---,IL,נייר אפיה,יחידה,1.00,יחידה,false,0,11.90,11.90,true,1,
7290000195537,false,מגב.האגיס ללא בישום 64*4,חוגלה קימברלי,IL,מגבונים האגיס 4י,יחידה,1.00,יחידה,false,0,23.90,23.90,true,1,
7290000197456,false,האגיס פרידום דריי מידה 4,חוגלה קימברלי,IL,חיתולי האגיס,יחידה,1.00,יחידה,false,0,45.90,45.90,true,1,
7290000197548,false,האגיס פרידום דריי מידה 5,חוגלה קימברלי,IL,חיתולי האגיס,יחידה,1.00,יחידה,false,0,45.90,45.90,true,1,
7290000197678,false,האגיס פרידום דריי מידה 6,חוגלה קימברלי,IL,חיתולי האגיס,יחידה,1.00,יחידה,false,0,45.90,45.90,true,1,
7290000197951,false,תבניות אלומיניום ענקיות,סין,CN,תבניות אלומיניום,יחידה,1.00,יחידה,false,0,9.90,9.90,true,1,
7290000199313,false,תחבושות קוטקס יאנג 30 יח,חוגלה קימברלי,CZ,קוטקס תחבושות,יחידה,1.00,יחידה,false,0,20.90,20.90,true,1,
7290000207063,false,רוטב עגבניות פריכוז240גר,"זנלכל בע""\מ",IL,רוטב עגבניות,גרמים,240.00,100 גרם,false,0,4.90,2.04,true,1,
7290000207162,false,רוטב עגבניות 22% 100 גרם,"זנלכל בע""\מ",IL,רוטב עגבניות,גרמים,100.00,100 גרם,false,0,2.90,2.90,true,1,
7290000208022,false,עגבניות מרוסקות 800 גרם,"זנלכל בע""\מ",IL,עגבניות מרוסקות,גרמים,800.00,100 גרם,false,0,9.90,1.24,true,1,
7290000208336,false,רוטב עגבניות 22% 240 גרם,"זנלכל בע""\מ",IL,רוטב עגבניות,גרמים,240.00,100 גרם,false,0,4.90,2.04,true,1,
7290000209371,false,תירס גרעינים 165*3 גרם,"זנלכל בע""\מ",IL,תירס גרעינים 3יח,גרמים,495.00,100 גרם,false,1,14.90,3.01,true,1,
7290000209388,false,תירס לייט 165*3 גרם,"זנלכל בע""\מ",IL,תירס לייט 3 יח,גרמים,495.00,100 גרם,false,0,14.90,3.01,true,1,
7290000209555,false,סירופ תפוחי עץ דיאט 1 ל',"זנלכל בע""\מ",IL,"סירופ תפו""ע דיאט",ליטרים,1.00,ליטר,false,0,17.90,17.90,true,1,
7290000209944,false,בסיס לשקשוקה 240גרם,"זנלכל בע""\מ",IL,בסיס לשקשוקה,גרמים,240.00,100 גרם,false,0,6.90,2.88,true,1,
7290000209951,false,רוטב עגבניות לפיצה240גרם,"זנלכל בע""\מ",IL,רוטב עגבניות,גרמים,240.00,100 גרם,false,0,6.90,2.88,true,1,
7290000211169,false,"אורז תאילנדי סוגת 1 ק""ג","סוגת תעשיות בע""\מ",IL,אורז תאילנדי,קילוגרמים,1.00,"ק""ג",false,0,7.40,7.40,true,1,
7290000211312,false,"אורז מלא ארוך ""סוגת"" 1קג","סוגת תעשיות בע""\מ",IL,אורז מלא ארוך,קילוגרמים,1.00,"ק""ג",false,0,9.90,9.90,true,1,
7290000211442,false,"אורז פרסי קלאסי 1ק""ג","סוגת תעשיות בע""\מ",IL,אורז פרסי קלאסי,קילוגרמים,1.00,"ק""ג",false,0,10.90,10.90,true,1,
7290000211985,false,"אורז עגול 1 ק""ג","סוגת תעשיות בע""\מ",IL,אורז עגול סוגת,קילוגרמים,1.00,"ק""ג",false,0,9.90,9.90,true,1,
7290000238036,false,מלווח מעדנות 700 גרם,"מעדנות בע""\מ",IL,מלווח מעדנית,גרמים,700.00,100 גרם,false,0,18.90,2.70,true,1,
7290000253220,false,שוקולד צ'יפס חום 260 גרם,---,IL,שוקולד צ'יפס,גרמים,260.00,100 גרם,false,0,12.90,4.96,true,1,
7290000253251,false,שוקולד צ'יפס לבן 250 גרם,---,IL,שוקו צ'יפס לבן,גרמים,250.00,100 גרם,false,0,12.90,5.16,true,1,
7290000253374,false,מיני שוקולד ציפס 66% 250,---,IL,מיני שוקולד ציפס,גרמים,250.00,100 גרם,false,1,16.90,6.76,true,1,
7290000262031,false,נייר טואלט מולט 32 גליל,קימברלי-קלארק,IL,נייר טואלט,מטרים,562.00,100 מטר,false,0,29.90,5.32,true,1,
7290000267050,false,שקד טבעי טחון100ג-'שקדיה,שקדיה,IL,שקד טבעי טחון,גרמים,100.00,100 גרם,false,0,13.80,13.80,true,1,
7290000267548,false,אגוז מלך טחון100ג'שקדיה,שקדיה,IL,אגוז מלך טחון,גרמים,100.00,100 גרם,false,0,13.80,13.80,true,1,
7290000272696,false,מיץ לימון משומר-עסיס 1ל',בית-השיטה עסיס תעשיות מז,IL,מיץ לימון משומר,ליטרים,1.00,ליטר,false,0,11.50,11.50,true,1,
7290000272726,false,חומץ 5% 1 ליטר,בית-השיטה עסיס תעשיות מז,IL,חומץ 5%,ליטרים,1.00,ליטר,false,0,7.30,7.30,true,1,
7290000286297,false,סנו אנטיקאלק מסיר אבן700,סנו מפעלי ברונוס בעמ,IL,סנו מסיר אבן,מיליליטרים,700.00,"100 מ""ל",false,0,12.90,1.84,true,1,
7290000286761,false,ניילון נצמד 30*2 מטר,סנו,CN,צמד ניילון נצמד,מטרים,60.00,מטר,false,0,11.90,0.20,true,1,
7290000287195,false,סנורהיט מבריק רהיטים305ג,סנו מפעלי ברונוס בעמ,IL,סנו רהיט מרסס,מיליליטרים,305.00,"100 מ""ל",false,0,16.90,5.54,true,1,
7290000287492,false,סנובון נוזלי לימון 750מל,"סנו מפעלי ברונוס בע""מ",IL,סנובון נוזלי,מיליליטרים,750.00,"100 מ""ל",false,0,9.90,1.32,true,1,
7290000288048,false,סנו ג'אוול מרסס לבנדר 1ל,"סנו מפעלי ברונוס בע""מ",IL,סנו ג'אוול לבנדר,ליטרים,1.00,ליטר,false,0,19.90,19.90,true,1,
7290000288079,false,סנו ג'אוול לימון 2 ליטר,"סנו מפעלי ברונוס בע""מ",IL,סנו JAVEL מלבין,ליטרים,2.00,ליטר,false,0,13.60,6.80,true,1,
7290000289496,false,ג'אוול ג'ל קרם לימון750מ,"סנו מפעלי ברונוס בע""\מ",IL,ג'אוול ג'ל קרם,מיליליטרים,750.00,"100 מ""ל",false,0,12.90,1.72,true,1,
7290000289748,false,סנו פורטה מסיר שומנים750,"סנו מפעלי ברונוס בע""\מ",IL,סנו פורטה שומנים,מיליליטרים,750.00,"100 מ""ל",false,0,15.90,2.12,true,1,
7290000292137,false,"סנו לניקוי עור 500 מ""ל",סנו מפעלי ברונוס בעמ,IL,סנו לניקוי עור,מיליליטרים,500.00,"100 מ""ל",false,0,32.60,6.52,true,1,
7290000292311,false,פוליויקס סחלבים 2 ליטר,"סנו מפעלי ברונוס בע""\מ",IL,סנו פוליויקס,ליטרים,2.00,ליטר,false,0,26.00,13.00,true,1,
7290000292687,false,סנובון כחול שלישיה55*3גר,סנו מפעלי ברונו בעמ,IL,סנובון כחול 3 יח,גרמים,165.00,100 גרם,false,0,17.90,10.85,true,1,
7290000294780,false,סנו ג'אול אקונומ.סמיכה4ל,"סנו מפעלי ברונוס בע""מ",IL,סנו ג'אוול 4 ל,ליטרים,4.00,ליטר,false,0,17.90,4.48,true,1,
7290000295336,false,אבקת מקסימה סנסטיב 1.25ק,סנו מפעלי ברונוס בעמ,IL,אבקת כביסה,קילוגרמים,1.25,"ק""ג",false,0,16.90,13.52,true,1,
7290000295367,false,אבקת מקסימה ג'אוול 2.5קג,סנו,IL,אבקת כביסה,קילוגרמים,2.50,"ק""ג",false,0,28.90,11.56,true,1,
7290000295503,false,סושי זוג שקיות אוכל150*2,סנו,CN,שקיות אוכל צמד,יחידה,1.00,יחידה,false,0,14.50,14.50,true,1,
7290000295541,false,סנו סושי 75רב מגבת ג'מבו,סנו מפעלי ברונוס בעמ,IL,סנו סושי רב מגבת,מטרים,21.00,מטר,false,0,17.90,0.85,true,1,
7290000300900,false,שניצל תירס 750 גרם,טבעול,IL,שניצל תירס טבעול,גרמים,750.00,100 גרם,false,0,27.90,3.72,true,1,
7290000303598,false,שעועית אפויה+רוטב 570 גר,פרי הגליל בעמ,IL,שעועית ברוטב,גרמים,570.00,100 גרם,false,0,8.50,1.49,true,1,
7290000303604,false,חומוס שלם 550 גרם,פרי הגליל בעמ,IL,חומוס שלם,גרמים,550.00,100 גרם,false,0,8.90,1.62,true,1,
7290000307015,false,אפונת גינה בינונית 550 ג,פרי הגליל בעמ,IL,אפונת גינה,גרמים,550.00,100 גרם,false,0,8.90,1.62,true,1,
7290000307343,false,שעועית ירוקה חתוכה 550 ג,פרי הגליל בעמ,IL,שעועית ירוקה,גרמים,550.00,100 גרם,false,0,8.00,1.45,true,1,
7290000311210,false,ופלים מן בטעם לימון 200ג,רוקחמן,IL,וופלים לימון,גרמים,200.00,100 גרם,false,0,4.90,2.45,true,1,
7290000313160,false,עוגיות שוקולד זהבה 250גר,"הגביע מוצרי וופלים בע""\מ",IL,עוגיות זהבה,גרמים,250.00,100 גרם,false,0,8.90,3.56,true,1,
7290000313290,false,נודלס אטריות מסולסל200גר,טאי רזידנט,TH,אטריות נודלס,גרמים,200.00,100 גרם,false,0,11.90,5.95,true,1,
7290000327020,false,"פפסי פחיות 330*6 מ""ל","מודרן גרופ משקאות בע""\מ",IL,פפסי פחיות 6 יח,ליטרים,1.98,ליטר,false,1,19.90,10.05,true,1,
7290000342856,false,מרכך כביסה בדין כחול 4 ל,יוניליור ישראל טיפוח איש,IL,מרכך כביסה בדין,ליטרים,4.00,ליטר,false,0,21.90,5.48,true,1,
7290000345260,false,תה ויסוצקי 25שק1.5*גרם,תה ויסוצקי,IL,תה ויסוצקי,גרמים,37.00,100 גרם,false,0,8.00,21.62,true,1,
7290000345284,false,תה קלאסיק 100שק1.5*גרם,תה ויסוצקי,IL,תה ויסוצקי ירוק,גרמים,150.00,100 גרם,false,0,17.90,11.93,true,1,
7290000345536,false,תה נענע 25 שק1.5* גרם,תה ויסוצקי,IL,תה נענע,גרמים,37.00,100 גרם,false,0,19.90,53.78,true,1,
7290000346199,false,תה פירות יער 25שק2.7*גר,ויסוצקי,IL,חליטת פירות היער,גרמים,67.00,100 גרם,false,0,19.90,29.70,true,1,
7290000346205,false,חל.קמומיל-גן קסום25ש1.5*,ויסוצקי,IL,חליטת קמומיל,גרמים,37.00,100 גרם,false,0,19.90,53.78,true,1,
7290000347738,false,תה ירוק עם נענע 1.5*25גר,ויסוצקי,IL,תה ירוק נענע,גרמים,37.00,100 גרם,false,0,26.90,72.70,true,1,
7290000347752,false,תה ירוק+לימונ.ולואיזה25ש,ויסוצקי,IL,תה ירוק לימונית,גרמים,37.00,100 גרם,false,0,26.90,72.70,true,1,
7290000363202,false,נקניק סלמי גליל 600 גרם,טיב טירת צבי 2000,IL,נקניק סלמי גליל,גרמים,600.00,100 גרם,false,0,34.90,5.82,true,1,
7290000364261,false,סלסולי כתף בקר 120 גרם,טיב טירת צבי 2000,IL,דקניקים כתף בקר,גרמים,120.00,100 גרם,false,0,17.90,14.92,true,1,
7290000364278,false,סלסולי סלמי איטלקי 120גר,טיב טירת צבי 2000,IL,דקניקים סלמי דק,גרמים,120.00,100 גרם,false,0,17.90,14.92,true,1,
7290000364285,false,סלסולי פסטרמה הודו 120גר,טיב טירת צבי 2000,IL,דקניקים פסטרמה,גרמים,120.00,100 גרם,false,0,17.90,14.92,true,1,
7290000364803,false,נקנ. אמריקאיות/קרנץ 500ג,טיב טירת צבי 2000,IL,נקניקיות בקר,גרמים,500.00,100 גרם,false,0,32.10,6.42,true,1,
7290000364872,false,נקניקיות עוף 400 גרם,טיב טירת צבי 2000,IL,נקניקיות עוף,גרמים,400.00,100 גרם,false,0,14.90,3.73,true,1,
7290000369709,false,חמאה מתובלת 100 גרם,גבינות עמיר ניצן,IL,חמאה מתובלת,גרמים,100.00,100 גרם,false,0,14.60,14.60,true,1,
7290000379357,false,חלה קלה פרוסה 500 גרם,מאפיית שלמה א. אנג'\ל בע,IL,חלה קלה פרוסה,גרמים,500.00,100 גרם,false,0,16.20,3.24,true,1,
7290000408316,false,יוגורט ביו 3% דנונה 200ג,"שטראוס בריאות בע""\מ",IL,יוגורט ביו 3%,גרמים,200.00,100 גרם,false,0,3.70,1.85,true,1,
7290000408354,false,דנונה בר פצפוצים 173 גרם,"שטראוס בריאות בע""\מ",IL,דנונה בר פצפוצים,גרמים,173.00,100 גרם,false,0,4.80,2.77,true,1,
7290000412481,false,"מנקה אסלות ""00"" 1 ליטר",סנו מפעלי ברונוס בעמ,IL,"מנקה אסלות 00""",ליטרים,1.00,ליטר,false,0,8.90,8.90,true,1,
7290000416021,false,ממרח בטעם שוקולד 500גר,השחר העולה,IL,ממרח השחר,גרמים,500.00,100 גרם,false,0,14.90,2.98,true,1,
7290000416045,false,ממרח בטעם שוקולד השחר1קג,השחר העולה,IL,ממרח השחר,קילוגרמים,1.00,"ק""ג",false,0,26.90,26.90,true,1,
7290000416854,false,קקאו 150 גרם,השחר,IL,קקאו השחר העולה,גרמים,150.00,100 גרם,false,0,11.50,7.67,true,1,
7290000419107,false,קפה שחור לנדוור 100 גרם,"קפה לנדוור בע""\מ",IL,קפה שחור לנדוור,גרמים,100.00,100 גרם,false,0,9.90,9.90,true,1,
7290000419893,false,קפה לנדור לבוקר טחון100ג,"קפה לנדוור בע""\מ",IL,קפה שחור לבוקר,גרמים,100.00,100 גרם,false,0,9.90,9.90,true,1,
7290000453019,false,שמרית-שמרים לחים 50 גרם,"פאקא תעשיות בע""\מ",IL,שמרית-שמרים טרי,גרמים,50.00,100 גרם,false,0,4.90,9.80,true,1,
7290000453408,false,בצק פיצה דק מצונן 415 גר,---,FR,בצק פיצה מצונן,גרמים,415.00,100 גרם,false,1,18.50,4.46,true,1,
7290000453415,false,בצק עלים לאפייה מצונן300,---,FR,בצק עלים מצונן,גרמים,300.00,100 גרם,false,1,16.90,5.63,true,1,
7290000453422,false,בצק פילו לאפייה מצונן300,---,GR,בצק פילו מצונן,גרמים,300.00,100 גרם,false,1,16.90,5.63,true,1,
7290000453439,false,בצק פריך לאפייה מצונן280,---,FR,בצק פריך מצונן,גרמים,280.00,100 גרם,false,1,16.90,6.04,true,1,
7290000453866,false,נטורינה קוקוס 200 גרם,פאקא,DK,נטורינה קוקוס,גרמים,200.00,100 גרם,false,1,8.50,4.25,true,1,
7290000461625,false,בייגלה שמיניות עם מלח400,בייגל את בייגל מזון 198),IL,בייגלה שמיניות,גרמים,400.00,100 גרם,false,0,12.20,3.05,true,1,
7290000461700,false,בייגלה שמינ.גדול.מלוח400,בייגל את בייגל מזון 198),IL,בייגלה גדול,גרמים,400.00,100 גרם,false,0,14.90,3.73,true,1,
7290000462172,false,סחוג זהבי ירוק 150 גרם,"זהבי הכרם בע""\מ",IL,סחוג זהבי ירוק,גרמים,150.00,100 גרם,false,0,8.90,5.93,true,1,
7290000468167,false,פלפל שיפקה 560 גרם,בית-השיטה עסיס תעשיות מז,IL,פלפל שיפקה,גרמים,560.00,100 גרם,false,0,8.60,1.54,true,1,
7290000474090,false,חלב הומוגני 1% קרטון 1 ל,מילקו תעשיות בעמ,IL,חלב טרי טרה 1%,ליטרים,1.00,ליטר,false,0,5.86,5.86,true,1,
7290000474502,false,גבינה לבנה 5% טרה 250 גר,טרה,IL,גבינה לבנה 5%,גרמים,250.00,100 גרם,false,0,4.98,1.99,true,1,
7290000480442,false,קוואקר באריזת אלומינ500ג,עלית,IL,קוואקר,גרמים,500.00,100 גרם,false,0,14.80,2.96,true,1,
7290000483139,false,מרציפן גולמי 100 גרם,המרשלג,IL,מרציפן,גרמים,100.00,100 גרם,false,0,11.30,11.30,true,1,
7290000483412,false,טפטופים לעוגה 60 גרם,המרשלג,IL,טפטופים לעוגה,גרמים,60.00,100 גרם,false,0,16.30,27.17,true,1,
7290000484747,false,"עלית הארק 700 מ""ל",יקב הגליל יוסף גולד ובני,IL,עלית הארק,מיליליטרים,700.00,"100 מ""ל",false,1,59.90,8.56,true,1,
7290000490625,false,מאגדת בטעם שוקו 8יח',פלקו בעמ,IL,מאגדת בטעם שוקו,יחידה,1.00,יחידה,false,1,23.60,23.60,true,1,
7290000490717,false,מאגדות גלית,פלקו בעמ,IL,מאגדות גלית 8י,גרמים,560.00,100 גרם,false,0,27.90,4.98,true,1,
7290000493176,false,רוטב צלי לבשר בשקית22ג,"אסם השקעות בע""\מ",IL,רוטב צלי לבשר,גרמים,22.00,100 גרם,false,0,4.70,21.36,true,1,
7290000497044,false,לחם ברמן אקטיב 750 גרם,"י.את.א.ברמן בע""\מ",IL,לחם ברמן אקטיב,גרמים,750.00,100 גרם,false,0,17.50,2.33,true,1,
7290000497204,false,פיתות בשקית 100*5 גרם,"י.את.א.ברמן בע""\מ",IL,פיתות ברמן 5 יח,גרמים,500.00,100 גרם,false,0,9.50,1.90,true,1,
7290000497228,false,לחמניות רגילות 75*6 גרם,"י.את.א.ברמן בע""\מ",IL,6 לחמניות בשקית,גרמים,450.00,100 גרם,false,0,12.50,2.78,true,1,
7290000497273,false,לחמניות אקטיב 75*6 גרם,"י.את.א.ברמן בע""\מ",IL,6 לחמניות אקטיב,גרמים,450.00,100 גרם,false,1,14.50,3.22,true,1,
7290000497358,false,חלומית חלה מתוקה ארוז500,"י.את.א.ברמן בע""\מ",IL,חלומית חלה מתו,גרמים,500.00,100 גרם,false,0,13.90,2.78,true,1,
7290000497426,false,לחם ברמן לעניין פלוס500ג,"י.את.א.ברמן בע""\מ",IL,לחם ברמן לעניין+,גרמים,500.00,100 גרם,false,0,16.50,3.30,true,1,
7290000497488,false,חלה פלוס ברמן 500 גרם,"י.את.א.ברמן בע""\מ",IL,חלה פלוס ברמן,גרמים,500.00,100 גרם,false,0,16.50,3.30,true,1,
7290000497570,false,לחם דגנים פלוס 500 גרם,"י.את.א.ברמן בע""\מ",IL,לחם דגנים פלוס,גרמים,500.00,100 גרם,false,0,16.50,3.30,true,1,
7290000498058,false,חלה חלומית כוסמין 500 גר,"י.את.א.ברמן בע""\מ",IL,חלה כוסמין,גרמים,500.00,100 גרם,false,1,17.90,3.58,true,1,
7290000498157,false,לחמניה שמיניה כפולה/פרג,מאפית ברמן,IL,לחמניה כפולה/פרג,יחידה,1.00,יחידה,false,0,3.60,3.60,true,1,
7290000504278,false,סוכרזית פטנט 700 טבליות,ביסקול בע''מ,IL,סוכרזית טבליות,גרמים,57.00,100 גרם,false,0,17.90,31.40,true,1,
7290000518220,false,סוכרה דיאט 100 שקיות,מתוק וקל,IL,סוכרה דיאט,גרמים,80.00,100 גרם,false,1,29.90,37.38,true,1,
7290000521008,false,יין אדום יבש של סגל750מל,"כרמי צבי - אחים סגל בע""\",IL,יין סגל אדום,מיליליטרים,750.00,"100 מ""ל",false,0,21.90,2.92,true,1,
7290000523125,false,מלח ים יבש 250 גרם,"חברת מלח הארץ אילת בע""\מ",IL,מלח ים יבש,גרמים,250.00,100 גרם,false,0,6.70,2.68,true,1,
7290000523224,false,מלח ים דק 500 גרם,"חברת מלח הארץ אילת בע""\מ",IL,מלח ים דק,גרמים,500.00,100 גרם,false,0,8.40,1.68,true,1,
7290000523811,false,"מלח הארץ גס צנצנת 1 ק""ג","חברת מלח הארץ אילת בע""\מ",IL,מלח הארץ גס,קילוגרמים,1.00,"ק""ג",false,0,7.30,7.30,true,1,
7290000530086,false,נקניק מעושן7000- 600 גרם,זוגלובק,IL,נקניק מעושן,גרמים,600.00,100 גרם,false,0,39.00,6.50,true,1,
7290000530413,false,המבורגר זהב 400 גרם,זוגלובק,IL,המבורגר זהב,גרמים,400.00,100 גרם,false,0,22.90,5.73,true,1,
7290000530703,false,פסטרמה חרמון+תה 400+400ג,זוגלובק,IL,מארז חרמון+תה,גרמים,800.00,100 גרם,false,0,34.40,4.30,true,1,
7290000531601,false,סטייק בורגר 400גר',זוגלובק,IL,סטייק בורגר 00,גרמים,400.00,100 גרם,false,0,22.90,5.73,true,1,
7290000536743,false,קריספי סטיקס תירס 500גרם,זוגלובק,IL,קריספי סטיקסתירס,גרמים,500.00,100 גרם,false,0,19.70,3.94,true,1,
7290000537566,false,נקניקיות עוף 400 גרם,זוגלובק,IL,נקניקיות עוף,גרמים,400.00,100 גרם,false,0,13.90,3.48,true,1,
7290000537603,false,"נקניקיות עוף טריות 1 ק""ג",זוגלובק,IL,נקניקיות עוף,קילוגרמים,1.00,"ק""ג",false,0,29.90,29.90,true,1,
7290000540290,false,דובשניות 600 גרם,,IL,דובשניות,גרמים,600.00,100 גרם,false,0,12.90,2.15,true,1,
7290000552989,false,בשר טחון מובחר 500 גרם,"טיבון ויל אחזקות בע""\מ",IL,בשר טחון מובחר,גרמים,500.00,100 גרם,false,0,31.90,6.38,true,1,
7290000554402,false,מלבי 160 גרם,"מיוצר ע""\י קוד יצרן EDNK",IL,מלבי,גרמים,160.00,100 גרם,false,0,6.00,3.75,true,1,
7290000554532,false,גב.צפתית מעודנת5% 200גרם,"מחלבות גד בע""\מ",IL,צפתית מעודנת 5%,גרמים,200.00,100 גרם,false,0,15.90,7.95,true,1,
7290000554600,false,גבי.מוצרלה מגורדת22% 300,מחלבות גד,IL,מוצרלה מגורדת,גרמים,300.00,100 גרם,false,0,25.50,8.50,true,1,
7290000554624,false,ירח מתוק מעד.חלב+אורז150,"מיוצר ע""\י קוד יצרן EDNK",IL,מעדן חלב ואורז,גרמים,150.00,100 גרם,false,0,6.00,4.00,true,1,
7290000554686,false,לבנה בשמן זית+זעתר5% 250,מחלבות גד,IL,לאבנה בשמן זית5%,גרמים,250.00,100 גרם,false,0,15.50,6.20,true,1,
7290000554822,false,ריקוטה גד 5% שומן 250 גר,מחלבות גד,IL,גבינת ריקוטה 5%,גרמים,250.00,100 גרם,false,0,15.90,6.36,true,1,
7290000554839,false,גבינה מסקרפונה 40% 250 ג,מחלבות גד,IL,גבינה מסקרפונה,גרמים,250.00,100 גרם,false,0,21.90,8.76,true,1,
7290000560540,false,אדג' פרו ג'ל רגיש 198 גר,אנרג'ייזר,US,אדג' ג'ל לגילוח,גרמים,198.00,100 גרם,false,0,16.90,8.54,true,1,
7290000604039,false,ביצים ארוזות M 12 יחידות,תנובה,,ביצים M 12 יח',יחידה,1.00,יחידה,false,0,11.15,11.15,true,1,
7290000604534,false,ביצים M 30 יח',,IL,ביצים M 30 יח',יחידה,1.00,יחידה,false,0,27.87,27.87,true,1,
7290000644783,false,נתחי פילה סלמון קפוא קג,---,DK,נתחי פילה סלמון,קילוגרמים,0.00,"ק""ג",true,0,89.90,89.90,true,1,
7290000652832,false,נתחי סלמון קפוא ללא עור,MORE,IL,נתחי סלמון קפוא,קילוגרמים,0.00,"ק""ג",true,1,99.90,99.90,true,1,
7290000655376,false,פילה דניס קפוא שקיל,---,TR,פילה דניס קפוא,קילוגרמים,0.00,"ק""ג",true,1,89.90,89.90,true,1,
7290000658926,false,פילה מרלוזה קפוא ללא עור,---,AR,פילה מרלוזה קפוא,קילוגרמים,0.00,"ק""ג",true,1,32.90,32.90,true,1,
7290000659312,false,פילה סלמון ממותג קפוא קג,תנובה,IL,פילה סלמון,קילוגרמים,0.00,"ק""ג",true,0,79.90,79.90,true,1,
7290000662213,false,נתח פילה סלמון קפוא קג,תנובה,IL,נתח פילה סלמון,קילוגרמים,0.00,"ק""ג",true,1,89.90,89.90,true,1,
7290000663166,false,פילה בקלה ד.אפריקאי קפוא,תנובה,IL,פילה בקלה קפוא,קילוגרמים,0.00,"ק""ג",true,1,49.90,49.90,true,1,
7290000688381,false,מים מינרליים מי עדן500*6,"מופק ממקור בזלתי עדן ,1",IL,מי עדן אישי 6 בק,ליטרים,3.00,ליטר,false,0,15.90,5.30,true,1,
7290000692210,false,אג'קס נוזל כללי לבנדר 2ל,קולגייט פלמוליב,GR,אג'קס ניקוי כללי,ליטרים,2.00,ליטר,false,0,23.90,11.95,true,1,
7290000900209,true,רצועות בקר חלק להכנה לקג,"טיבון ויל אחזקות בע""\מ",FR,רצועות בקר חלק,קילוגרמים,0.00,"ק""ג",true,1,89.90,89.90,true,1,
7290000900230,true,סטייק דנוור דק דק חלק,"טיבון ויל אחזקות בע""\מ",FR,סטייק דנוור דק,קילוגרמים,0.00,"ק""ג",true,1,99.90,99.90,true,1,
7290000901374,true,בצל אדום אורגני,,NL,בצל אדום אורגני,קילוגרמים,0.00,"ק""ג",true,0,11.90,11.90,true,1,
7290000901787,true,קיווי אורגני במשקל,,IL,קיווי אורגני,קילוגרמים,0.00,"ק""ג",true,0,30.90,30.90,true,1,
7290000907949,true,משקה מצונן 500מל,,,משקה מצונן 500מל,מיליליטרים,500.00,"100 מ""ל",false,0,8.50,1.70,true,1,
7290000940694,true,נבטי חמניות,---,IL,נבטי חמניות,גרמים,250.00,100 גרם,false,0,8.90,3.56,true,1,
7290000960906,true,בצל יבש אורגני,,IL,בצל יבש אורגני,קילוגרמים,0.00,"ק""ג",true,0,9.90,9.90,true,1,
7290000961521,true,פטריות שמפניון צמד יחידה,קטיף.,IL,פטריות צמד שמפני,יחידה,1.00,יחידה,false,0,16.90,16.90,true,1,
7290000961552,true,פלפל כתום,קטיף.,IL,פלפל כתום,קילוגרמים,0.00,"ק""ג",true,0,10.90,10.90,true,1,
7290000961767,true,בטטה ארוזה,קטיף.,IL,בטטה ארוזה,קילוגרמים,0.00,"ק""ג",true,0,7.90,7.90,true,1,
7290000962474,true,חציל בלדי,קטיף.,IL,חציל בלדי,קילוגרמים,0.00,"ק""ג",true,0,9.90,9.90,true,1,
7290000962573,true,אורגנו  יחידה,קטיף.,IL,אורגנו  יחידה,יחידה,1.00,יחידה,false,0,6.90,6.90,true,1,
7290000963136,true,תפוח עץ מוזהב 65,קטיף.,XX,תפוח עץ מוזהב,קילוגרמים,0.00,"ק""ג",true,0,11.90,11.90,true,1,
7290000963228,true,תפוח עץ יונתן 65,קטיף.,XX,תפוח יונתן,קילוגרמים,0.00,"ק""ג",true,0,11.90,11.90,true,1,
7290000963297,true,תפוח עץ סטרקינג 65,קטיף.,XX,תפוח סטרקינג,קילוגרמים,0.00,"ק""ג",true,0,11.90,11.90,true,1,
7290000963341,true,אגס אסיאתי,קטיף.,CN,אגס אסיאתי,קילוגרמים,0.00,"ק""ג",true,0,16.90,16.90,true,1,
7290000963372,true,תפוח עץ פינקריספי 70,קטיף.,XX,תפוח עץ פינקריספ,קילוגרמים,0.00,"ק""ג",true,0,16.90,16.90,true,1,
7290000963419,true,תפוח עץ גאלה 65,קטיף.,XX,תפוח עץ גאלה,קילוגרמים,0.00,"ק""ג",true,0,11.90,11.90,true,1,
7290000963518,true,תפוח עץ סמיט 70,קטיף.,XX,תפוח עץ סמיט,קילוגרמים,0.00,"ק""ג",true,0,11.90,11.90,true,1,
7290000963563,true,תפוח עץ סמיט65,קטיף.,XX,תפוח עץ סמיט,קילוגרמים,0.00,"ק""ג",true,0,11.90,11.90,true,1,
7290000963839,true,אבוקדו מובחר,קטיף.,IL,אבוקדו מובחר,קילוגרמים,0.00,"ק""ג",true,1,10.90,10.90,true,1,
7290000963952,true,נקטרינה 50,קטיף.,IL,נקטרינה,קילוגרמים,0.00,"ק""ג",true,0,7.90,7.90,true,1,
7290000964348,true,תפוז ברשת למיץ,קטיף.,IL,תפוז ברשת למיץ,קילוגרמים,0.00,"ק""ג",true,0,5.90,5.90,true,1,
7290000964379,true,אשכולית לבנה,קטיף.,IL,אשכולית לבנה,קילוגרמים,0.00,"ק""ג",true,0,6.90,6.90,true,1,
7290000964393,true,אשכולית אדומה,קטיף.,IL,אשכולית אדומה,קילוגרמים,0.00,"ק""ג",true,0,6.90,6.90,true,1,
7290000964461,true,פומלית,קטיף.,IL,פומלית,קילוגרמים,0.00,"ק""ג",true,0,6.90,6.90,true,1,
7290000964492,true,לימון תפזורת,קטיף.,IL,לימון,קילוגרמים,0.00,"ק""ג",true,0,7.90,7.90,true,1,
7290000964508,true,תפוז גדול,קטיף.,IL,תפוזים מובחרים,קילוגרמים,0.00,"ק""ג",true,0,6.90,6.90,true,1,
7290000964560,true,קלמנטינה,קטיף.,IL,קלמנטינה,קילוגרמים,0.00,"ק""ג",true,0,6.90,6.90,true,1,
7290000964799,true,אגס אדום,קטיף.,US,אגס אדום,קילוגרמים,0.00,"ק""ג",true,0,17.90,17.90,true,1,
7290000964829,true,אגס ספדונה 55,קטיף.,IL,אגס ספדונה,קילוגרמים,0.00,"ק""ג",true,0,13.90,13.90,true,1,
7290000964973,true,אבוקדו בינוני שוק,קטיף.,IL,אבוקדו,קילוגרמים,0.00,"ק""ג",true,0,10.90,10.90,true,1,
7290000964980,true,אבוקדו,קטיף.,IL,אבוקדו,קילוגרמים,0.00,"ק""ג",true,0,10.90,10.90,true,1,
7290000965055,true,מלון מובחר,קטיף.,IL,מלון מובחר,קילוגרמים,0.00,"ק""ג",true,0,7.90,7.90,true,1,
7290000965062,true,מלון ספרדי,קטיף.,IL,מלון ספרדי,קילוגרמים,0.00,"ק""ג",true,0,7.90,7.90,true,1,
7290000965321,true,שזיף אדום 45,קטיף.,IL,שזיף אדום,קילוגרמים,0.00,"ק""ג",true,0,16.90,16.90,true,1,
7290000965338,true,שזיף אדום  50,קטיף.,IL,שזיף אדום,קילוגרמים,0.00,"ק""ג",true,0,16.90,16.90,true,1,
7290000965345,true,שזיף אדום  55,קטיף.,IL,שזיף אדום,קילוגרמים,0.00,"ק""ג",true,0,16.90,16.90,true,1,
7290000965352,true,שזיף אדום  60,קטיף.,IL,שזיף אדום,קילוגרמים,0.00,"ק""ג",true,0,16.90,16.90,true,1,
7290000965826,true,לימון אורגני,,IL,לימון אורגני,קילוגרמים,0.00,"ק""ג",true,0,11.90,11.90,true,1,
7290000966083,true,ענב יבוא ירוק שקיל,מהדרין,ZA,ענב יבוא ירוק,קילוגרמים,0.00,"ק""ג",true,0,26.90,26.90,true,1,
7290000966250,true,ענב יבוא אדום ארוז,קטיף.,IL,ענב יבוא אדום,קילוגרמים,0.00,"ק""ג",true,0,27.90,27.90,true,1,
7290000966328,true,אפרסמון סיני65,קטיף.,IL,אפרסמון סיני,קילוגרמים,0.00,"ק""ג",true,0,14.90,14.90,true,1,
7290000966526,true,סברס ארוז,קטיף.,IL,סברס ארוז,קילוגרמים,0.00,"ק""ג",true,0,15.90,15.90,true,1,
7290000966540,true,תאנים טריות,קטיף.,IL,תאנים טריות,קילוגרמים,0.00,"ק""ג",true,0,29.90,29.90,true,1,
7290000966618,true,גויאבות,קטיף.,IL,גויאבות,קילוגרמים,0.00,"ק""ג",true,0,15.90,15.90,true,1,
7290000966656,true,קיווי מובחר שקיל,קטיף.,IL,קיווי,קילוגרמים,0.00,"ק""ג",true,0,13.90,13.90,true,1,
7290000966670,true,אנונה,קטיף.,IL,אנונה,קילוגרמים,0.00,"ק""ג",true,0,20.90,20.90,true,1,
7290000966786,true,תות שדה במשקל,קטיף.,IL,תות שדה,גרמים,0.00,"ק""ג",true,0,26.00,26.00,true,1,
7290000967509,true,תפוח אדמה אורגני,,IL,תפוח אדמה אורגני,קילוגרמים,0.00,"ק""ג",true,0,8.90,8.90,true,1,
7290000967684,true,בננה מובחרת,קטיף.,IL,בננה מובחרת,קילוגרמים,0.00,"ק""ג",true,0,7.90,7.90,true,1,
7290000972800,true,אשכולית אדומה,,IL,אשכולית אדומה,קילוגרמים,0.00,"ק""ג",true,0,10.90,10.90,true,1,
7290000978420,true,קליפות הדר,דין שיווק,IL,קליפות הדר,גרמים,0.00,"ק""ג",true,0,25.00,25.00,true,1,
7290000978635,true,קלמנטינה בקרטונים,קטיף.,IL,קלמנטינה,קילוגרמים,0.00,"ק""ג",true,1,6.90,6.90,true,1,
7290000992013,true,פלפל רומירו אורג,,IL,פלפל רומירו אורג,קילוגרמים,0.00,"ק""ג",true,0,23.90,23.90,true,1,
7290000992563,true,דלעת ערמונים,קטיף.,IL,דלעת ערמונים,קילוגרמים,0.00,"ק""ג",true,0,14.90,14.90,true,1,
7290000992730,true,עגבניה שרי מיקס טריו,קטיף.,IL,שרי מיקס טריו,גרמים,460.00,100 גרם,false,0,10.90,2.37,true,1,
7290000994741,true,אפרסמון אורגני,,IL,אפרסמון אורגני,קילוגרמים,0.00,"ק""ג",true,0,35.90,35.90,true,1,
7290001123782,false,שווארמה הודו מוכן 500 גר,---,IL,שווארמה הודו,גרמים,500.00,100 גרם,false,0,26.90,5.38,true,1,
7290001136683,false,"מרכך נקה 7 ס""ש 750 מ""ל",אמיליה קוסמטיקס בעמ,IL,קונדישינר נקה 7,מיליליטרים,750.00,"100 מ""ל",false,0,12.50,1.67,true,1,
7290001209356,false,כרעיים עוף טרי ארוז עטרה,שונות,IL,כרעיים ע.טרי עטר,קילוגרמים,0.00,"ק""ג",true,0,34.90,34.90,true,1,
7290001209387,false,שוקיים עוף טרי ארוז עטרה,שונות,IL,שוקיים עוף טרי ע,קילוגרמים,0.00,"ק""ג",true,0,37.90,37.90,true,1,
7290001216040,false,טחינה גולמית אל ארז 500ג,אגס ירוק מסחר ושירותים,IL,טחינה גולמית,גרמים,500.00,100 גרם,false,0,18.90,3.78,true,1,
7290001230331,false,כאמל צהוב קצר חפיסה,jti,CH,כאמל צהוב קצר,יחידה,1.00,יחידה,false,0,32.50,32.50,false,1,
7290001230739,false,כאמל כחול חפיסה,jti,CH,כאמל כחול,יחידה,1.00,יחידה,false,0,32.50,32.50,false,1,
7290001231932,false,וינסטון כחול קצר חפיסה,jti,CH,וינסטון כחול קצר,יחידה,1.00,יחידה,false,0,32.50,32.50,false,1,
7290001247112,false,נקטר ספרינג לימונענע 1ל',"יפאורה תבורי בע""\מ",IL,משקה לימונענע,ליטרים,1.00,ליטר,false,0,7.60,7.60,true,1,
7290001247129,false,נקטר ספרינג תפוזים 1ליטר,"יפאורה תבורי בע""\מ",IL,נקטר ספרינג תפוז,ליטרים,1.00,ליטר,false,0,7.60,7.60,true,1,
7290001247143,false,נקטר ספרינג תפוחים 1ליטר,"יפאורה תבורי בע""\מ",IL,נקטר ספרינג תפוח,ליטרים,1.00,ליטר,false,0,7.60,7.60,true,1,
7290001247891,false,"ספרינג אפרסק פחית 330מ""ל",יפאורה תבורי בעמ,IL,ספרינג פחית,מיליליטרים,330.00,"100 מ""ל",false,0,6.80,2.06,true,1,
7290001258262,false,משולש גאודה ע.תיבול משקל,גבינות משק יעקבס,IL,גאודה עשבי תיבול,קילוגרמים,0.00,"ק""ג",true,0,119.00,119.00,true,1,
7290001258774,false,כדורי מוצרלה בייבי 150 ג,משק יעקבס,IL,כדורי מוצרלה,גרמים,150.00,100 גרם,false,0,16.50,11.00,true,1,
7290001258958,false,מוצרלה מגורדת 200 גרם,משק יעקבס,IL,מוצרלה מגורדת,גרמים,200.00,100 גרם,false,0,27.50,13.75,true,1,
7290001274576,false,גלידל וניל תות 900,פלקו בעמ,IL,גלידל וניל תות,מיליליטרים,900.00,"100 מ""ל",false,0,23.90,2.66,true,1,
7290001274934,false,גלידל פרי לימון דייט,פלקו בעמ,IL,גלידל פרי לימון,גרמים,640.00,100 גרם,false,0,26.90,4.20,true,1,
7290001312995,false,באגט,גידרון,IL,באגט,יחידה,1.00,יחידה,false,0,5.20,5.20,true,1,
7290001327180,false,קרמיסימו בטעם וניל צ'יפ,"גלידת שטראוס בע""\מ, רחוב",IL,קרמיסימו בטעם ונ,ליטרים,1.33,ליטר,false,0,21.90,16.47,true,1,
7290001327791,false,קרמיסימו טעם וניל עוגיות,"גלידת שטראוס בע""\מ, רחוב",IL,קרמיסימו טעם וני,ליטרים,1.33,ליטר,false,0,21.90,16.47,true,1,
7290001407769,false,טחינה שומש.מלא בארכה500ג,"רושדי תעשיות מזון בע""\מ",IL,טחינה שומשום,גרמים,500.00,100 גרם,false,0,19.20,3.84,true,1,
7290001427415,false,"מיץ תפוח טבעי 250 מ""ל",קשת מיצים טבעיים,IL,מיץ תפוח טבעי,מיליליטרים,250.00,"100 מ""ל",false,1,12.50,5.00,true,1,
7290001491010,false,תה ירוק יסמין25שק1.5Xגרם,ויסוצקי,IL,תה ירוק יסמין,גרמים,37.00,100 גרם,false,0,26.90,72.70,true,1,
7290001491096,false,תה ירוק לימונ+לואיזה50שק,ויסוצקי,IL,תה ירוק לימונית,גרמים,75.00,100 גרם,false,0,48.50,64.67,true,1,
7290001594155,false,"קוקה קולה בפלסטיק500 מ""ל",החברה המרכזית לייצור משק,IL,קוקה קולה,מיליליטרים,500.00,"100 מ""ל",false,0,8.50,1.70,true,1,
7290001594230,false,"משקה סודה 250 מ""ל",---,IL,משקה סודה,מיליליטרים,250.00,"100 מ""ל",false,0,4.00,1.60,true,1,
7290001594377,false,"פריגת תפוזים 500 מ""ל",מבשלות בירה בינלאומיות ב,IL,פריגת תפוזים,מיליליטרים,500.00,"100 מ""ל",false,0,7.70,1.54,true,1,
7290001594391,false,"פריגת ענבים 500 מ""ל",מבשלות בירה בינלאומיות ב,IL,פריגת ענבים,מיליליטרים,500.00,"100 מ""ל",false,0,7.70,1.54,true,1,
7290001594520,false,"בירה טובורג 330 מ""ל",מבשלות בירה בינלאומיות ב,IL,בירה טובורג,מיליליטרים,330.00,"100 מ""ל",false,0,8.80,2.67,true,1,
7290001594568,false,"בירה קרלסברג בפחית500מ""ל",מבשלות בירה בינלאומיות ב,RO,בירה קרלסברג פח,מיליליטרים,500.00,"100 מ""ל",false,0,9.90,1.98,true,1,
7290001594575,false,"בירה טובורג פחית 500 מ""ל",מבשלות בירה בינלאומיות ב,IL,בירה טובורג פחית,מיליליטרים,500.00,"100 מ""ל",false,0,9.90,1.98,true,1,
7290001594858,false,בירה טובורג רד בק330*6מל,מבשלות בירה בינלאומיות ב,IL,טובורג רד 6 יח,ליטרים,1.98,ליטר,false,0,32.90,16.61,true,1,
7290001594865,false,"בירה קרלסברג בק330*6 מ""ל",מבשלות בירה בינלאומיות ב,IL,בירה קרלסברג 6יח,ליטרים,1.98,ליטר,false,0,32.90,16.62,true,1,
7290001598368,false,לחם טף מועשר בכוסמין500ג,מאפיית יוסף ברון בעמ,IL,לחם טף,גרמים,500.00,100 גרם,false,1,18.90,3.78,true,1,
7290001598429,false,פרנה מרוקאית 520 גרם,מאפיית יוסף ברון בעמ,IL,פרנה מרוקאית,גרמים,520.00,100 גרם,false,1,13.90,2.67,true,1,
7290001598580,false,פיתות כוסמין מלא 372 גרם,מאפיית יוסף ברון בעמ,IL,פיתות כוסמין מלא,גרמים,372.00,100 גרם,false,1,17.90,4.81,true,1,
7290001780800,false,קראנץ ליבת נוגט,גלידות נסטלה,IL,קראנץ נוגט,יחידה,1.00,יחידה,false,0,11.00,11.00,true,1,
7290001817377,false,ציטוס איקס עיגול פיצה60ג,"שטראוס פריטו ליי בע""\מ )",IL,צ'יטוס איקס,גרמים,60.00,100 גרם,false,0,3.60,6.00,true,1,
7290001817728,false,צ'יטוס כאפה 55 גרם,"שטראוס פריטו ליי בע""\מ )",IL,צ'יטוס כפאה,גרמים,55.00,100 גרם,false,0,3.60,6.55,true,1,
7290001875322,false,פילה עוף טרי פרימיום קג,עוף עוז,IL,פילה פרמיום טרי,קילוגרמים,0.00,"ק""ג",true,1,49.90,49.90,true,1,
7290001875353,false,שוקיים עוף טרי פרימיום ק,עוף עוז,IL,שוקיים פרמיום טר,קילוגרמים,0.00,"ק""ג",true,1,37.90,37.90,true,1,
7290001875377,false,פרגיות עוף טרי פרימיום ק,עוף עוז,IL,פרגיות פרימיום,קילוגרמים,0.00,"ק""ג",true,1,69.90,69.90,true,1,
7290001929889,false,מגש פ.יבשים600גרם-שקדיה,שקדיה,IL,מגש פ.יבשים,גרמים,600.00,100 גרם,false,0,34.90,5.82,true,1,
7290001989746,false,מקרל מעושן שלם משקל,סלטי שמיר,IL,מקרל מעושן,קילוגרמים,0.00,"ק""ג",true,1,109.00,109.00,true,1,
7290001990421,false,"גרעיני תירס 1 ק""ג","סוגת תעשיות בע""\מ",IL,"פופקורן 1 ק""ג",קילוגרמים,1.00,"ק""ג",false,0,10.80,10.80,true,1,
7290002007234,false,אבקת סוכר 100 גרם,הנמל,IL,אבקת סוכר,גרמים,100.00,100 גרם,false,0,2.20,2.20,true,1,
7290002008149,false,מדליק פחם מוצק 40 קוביות,הנמל,GB,מדליק פחמים,יחידה,1.00,יחידה,false,0,6.80,6.80,true,1,
7290002008187,false,קשים מתקפלים 40 יח',יבוא ושיווק: הנמל אריזות,CN,קשים מתקפלים,יחידה,1.00,יחידה,false,0,2.90,2.90,true,1,
7290002008224,false,מזרה עגול צבעוני צנצ100.,ממתקי עלה בעמ,IL,סוכריות לקישוט,גרמים,100.00,100 גרם,false,0,6.20,6.20,true,1,
7290002008934,false,סוכריות לקישוט 200 גרם,הנמל,IL,סוכריות לקישוט,גרמים,200.00,100 גרם,false,0,9.00,4.50,true,1,
7290002008989,false,קישקשים בקופסא 225 יח',"הנמל אריזות ושיווק בע""\מ",CN,קישקשים,יחידה,1.00,יחידה,false,0,9.90,9.90,true,1,
7290002019787,false,רוטב עגבניות מרוכז260גר,פרי ניר,IL,רוטב עגבניות,גרמים,260.00,100 גרם,false,0,4.20,1.62,true,1,
7290002019794,false,רסק עגבניות מרוכז100גר,פרי ניר,IL,רוטב עגבניות,גרמים,100.00,100 גרם,false,0,2.10,2.10,true,1,
7290002020189,false,סופגניה מיני רגילה+ריבה,גידרון,IL,סופגניה מיני,גרמים,35.00,100 גרם,false,0,3.90,11.14,true,1,
7290002037125,false,חלה פרוסה 500 גרם,מאפית ודש,IL,חלה פרוסה,גרמים,500.00,100 גרם,false,0,11.00,2.20,true,1,
7290002037309,false,לחמניות המבורגר 50*8 גרם,"י.את.א.ברמן בע""\מ",IL,8לחמניות המבורגר,גרמים,400.00,100 גרם,false,0,12.50,3.13,true,1,
7290002040064,false,קוסקוס דק 350 גרם,קוסקוס מזון,IL,קוסקוס דק,גרמים,350.00,100 גרם,false,0,5.90,1.69,true,1,
7290002040071,false,קוסקוס עבה 350 גרם,קוסקוס מזון,IL,קוסקוס עבה,גרמים,350.00,100 גרם,false,0,5.90,1.69,true,1,
7290002053538,false,נודלס ביצים 100+400 גרם,פ.פ.ה טאביט ספn\,PL,נודלס ביצים,גרמים,500.00,100 גרם,false,1,14.90,2.98,true,1,
7290002057048,false,זית סורי מבוקע 540 גרם,קבוצת יבנה,IL,זית סורי מבוקע,גרמים,540.00,100 גרם,false,0,12.00,2.22,true,1,
7290002065555,false,לחמניות בשקית 75*6 גרם,מאפיית שלמה א. אנג'\ל בע,IL,6 לחמניות בשקית,גרמים,450.00,100 גרם,false,0,11.90,2.64,true,1,
7290002065616,false,לחם שיפון גרעינים 750גרם,מאפיית שלמה א. אנג'\ל בע,IL,לחם שיפון,גרמים,750.00,100 גרם,false,0,14.90,1.99,true,1,
7290002132011,false,עוגיות מזרחיות שומשום400,מאפיית יוסף ושמחה עבאדי,IL,עוגיות מזרחיות,גרמים,400.00,100 גרם,false,0,19.90,4.98,true,1,
7290002139898,false,אנטריקוט עם עצם טרי ארוז,תנובה,IL,סטיק עם עצם טרי,קילוגרמים,0.00,"ק""ג",true,0,139.90,139.90,true,1,
7290002204275,false,קיווי מובחר ארוז  שקיל,קטיף.,IL,קיווי מובחר,קילוגרמים,0.00,"ק""ג",true,1,13.90,13.90,true,1,
7290002253006,false,שום כתוש דורות 200 גרם,דורות,IL,שום טרי כתוש,גרמים,200.00,100 גרם,false,0,17.90,8.95,true,1,
7290002253235,false,דורות רוטב פסטו 160גרם,דורות,IL,דורות רוטב פסטו,גרמים,160.00,100 גרם,false,16,12.90,8.06,true,1,
7290002259640,false,רדיד אלומיניום 0.3*7.62מ,ריינולדס,US,רדיד אלומיניום,מטרים,7.00,מטר,false,0,9.90,1.41,true,1,
7290002281382,false,נתח סלמון פילה קפוא קג,נטו,IL,נתח סלמון פילה,קילוגרמים,0.00,"ק""ג",true,1,89.90,89.90,true,1,
7290002317746,false,זיתים שחורים גדול גרם560,שימורי מוטולה בעמ,IL,זיתים שחורים,גרמים,560.00,100 גרם,false,1,10.90,1.95,true,1,
7290002327059,false,"בצק עלים 1 ק""ג",אופרה,IL,בצק עלים מרודד,קילוגרמים,1.00,"ק""ג",false,0,22.90,22.90,true,1,
7290002331124,false,נביעות טעם תפוח עדין500מ,נביעות טבע הגליל בעמ,IL,נביעות תפוח,מיליליטרים,500.00,"100 מ""ל",false,0,7.50,1.50,true,1,
7290002331155,false,נביעות ט.אפרסק עדין 500מ,נביעות טבע הגליל בעמ,IL,נביעות אפרסק,מיליליטרים,500.00,"100 מ""ל",false,0,7.50,1.50,true,1,
7290002331360,false,נביעות פקק טו גו 500*6מל,נביעות טבע,IL,נביעות ספורט 6יח,ליטרים,3.00,ליטר,false,0,17.90,5.97,true,1,
7290002331711,false,"נביעות טעם ענבים 500 מ""ל",נביעות טבע הגליל בעמ,IL,נביעות ענבים,מיליליטרים,500.00,"100 מ""ל",false,0,7.50,1.50,true,1,
7290002371533,false,סלסולי פסטרמה דבש 120 גר,טיב טירת צבי 2000,IL,סלסולי פסטרמה,גרמים,120.00,100 גרם,false,0,17.90,14.92,true,1,
7290002374640,false,שמן קנולה פלוס אומגה3 1ל,סקנולה,EE,שמן קנולה פלוס,ליטרים,1.00,ליטר,false,0,17.90,17.90,true,1,
7290002472117,false,עוגת פס קפוצ'ינו,---,IL,עוגת פס קפוצ'ינו,גרמים,600.00,100 גרם,false,0,47.90,7.98,true,1,
7290002472223,false,עוגת מאפין תפוז 550 גרם,---,IL,מאפין בטעם תפוז,יחידה,1.00,יחידה,false,0,19.90,19.90,true,1,
7290002507604,false,פיצה השף מאיטלה שגב 320,סוילה אס.אר.אל,IT,פיצה השף שגב,גרמים,320.00,100 גרם,false,1,22.90,7.16,true,1,
7290002515371,false,אל סבון קמיל קלאסיק 1ליט,פישר מעבדות פרמצבטיות בע,IL,קמיל בלו לתינוק,ליטרים,1.00,ליטר,false,0,24.90,24.90,true,1,
7290002543237,false,קלוג'ס קורנפלקס 750 גרם,קלוגס קומפני אוף גרייט ב,GB,קורנפלקס קלוגס,גרמים,750.00,100 גרם,false,0,16.90,2.25,true,1,
7290002551003,false,טונה סטארקיסט בשמן 160 ג,סטארקיסט,IL,טונה סטארקיסט,גרמים,160.00,100 גרם,false,0,8.20,5.13,true,1,
7290002692478,false,שמ.זית כתית מעול.מעוד750,שמן תעשיות בעמ,IT,שמן זית,מיליליטרים,750.00,"100 מ""ל",false,0,33.90,4.52,true,1,
7290002692768,false,"תרסיס שמן קנולה 200 מ""ל",קומפניה,IT,תרסיס שמן קנולה,מיליליטרים,200.00,"100 מ""ל",false,0,15.90,7.95,true,1,
7290002692782,false,"תרסיס שמן זית 148 מ""ל",קומפניה,IT,תרסיס שמן זית,מיליליטרים,148.00,"100 מ""ל",false,0,15.90,10.74,true,1,
7290002710110,false,ביצי חופש M 12 יחידות,מן הטבע בארותיים,IL,ביצי חופש M,יחידה,1.00,יחידה,false,0,21.70,21.70,true,1,
7290002715504,false,מג'יק נודלס,,SG,מג'יק נודלס,גרמים,70.00,100 גרם,false,0,5.00,7.14,true,1,
7290002715511,false,מג'יק אטריות,,SG,מג'יק אטריות,גרמים,70.00,100 גרם,false,0,5.00,7.14,true,1,
7290002730262,false,פלמוליב קלאסי ירוק 750מל,קולגייט פלמוליב,GR,פלמוליב לכלים,מיליליטרים,750.00,"100 מ""ל",false,0,12.90,1.72,true,1,
7290002752349,false,סוכ. מנטוס מנטה 37.5 גרם,פרפטי ואן מלה,NL,סוכריות מנטוס,גרמים,37.00,100 גרם,false,0,4.00,10.81,true,1,
7290002766056,false,עגבניה שרי תמר,קטיף.,IL,עגבניה שרי תמר,גרמים,460.00,100 גרם,false,1,10.90,2.37,true,1,
7290002771128,false,קפה אל נח'לה בלי הל 250ג,קפה אל נח'לה,IL,קפה בלי הל,גרמים,250.00,100 גרם,false,0,18.40,7.36,true,1,
7290002814290,false,קצף אקונומיקה בלאנקו 1 ל,קומפלקס כימיקלים בעמ,IL,קצף אקונומיקה,ליטרים,1.00,ליטר,false,1,15.90,15.90,true,1,
7290002824183,false,גב.סקי משפחתי5%שומן500ג,"שטראוס בריאות בע""\מ",IL,גבינת סקי 5%,גרמים,500.00,100 גרם,false,0,9.96,1.99,true,1,
7290002824640,false,גב.סקי5%לבנה מעודנת250ג,"שטראוס בריאות בע""\מ",IL,גבינת סקי 5%,גרמים,250.00,100 גרם,false,0,4.98,1.99,true,1,
7290002825722,false,כרוב אדום אחלה 500 גרם,"שטראוס גרופ בע""\מ",IL,סלט כרוב אחלה,גרמים,500.00,100 גרם,false,0,15.90,3.18,true,1,
7290002827029,false,מרלבורו פלייבור מיקס חפ,פיליפ מוריס,IL,מרלבורו גולדן חפ,יחידה,1.00,יחידה,false,0,35.00,35.00,false,1,
7290002842699,false,"מיצוי מימי שזיפים946מ""ל",,US,מיצוי שזיפים,מיליליטרים,946.00,"100 מ""ל",false,1,22.60,2.39,true,1,
7290002862123,false,סחוג ירוק 150 גרם,הררית מזון בעמ,IL,סחוג ירוק,גרמים,150.00,100 גרם,false,0,11.90,7.93,true,1,
7290002862369,false,עמבה בצנצנת,,IL,עמבה בצנצנת,גרמים,250.00,100 גרם,false,0,16.90,6.76,true,1,
7290002871248,false,"טובורג רד בק.חוזר 500מ""ל",מבשלות בירה בינלאומיות ב,IL,בירה טובורג רד,מיליליטרים,500.00,"100 מ""ל",false,0,9.50,1.90,true,1,
7290002904694,false,דאו.טיטניום תרסיס 180 מל,אמיליה קוסמטיקס בעמ,IL,דאודורנט טיטניום,מיליליטרים,180.00,"100 מ""ל",false,0,16.90,9.39,true,1,
7290002921165,false,הזלין חלב לריהוט עור400מ,אסטוניש -לידס,CH,הזלין לניקוי עור,מיליליטרים,400.00,"100 מ""ל",false,0,39.90,9.98,true,1,
7290003009640,false,מיץ תפוזים סחוט 1 ליטר,גת,IL,מיץ תפוזים סחוט,ליטרים,1.00,ליטר,false,0,14.90,14.90,true,1,
7290003015627,false,סנו ריצפז פרש אפרסק2ליטר,סנו,IL,ריצפז פרש,ליטרים,2.00,ליטר,false,0,19.90,9.95,true,1,
7290003026227,false,שמפו אל דמע קמיל בלו 1לי,פישר מעבדות פרמצבטיות בע,IL,שמפו קמיל בלו,ליטרים,1.00,ליטר,false,0,33.50,33.50,true,1,
7290003029181,false,שוקו יטבתה בבקבוק 1 ליטר,מחלבת יטבתה,IL,שוקו יטבתה,ליטרים,1.00,ליטר,false,0,12.00,12.00,true,1,
7290003029372,false,משקה חלב בננה בקבוק 1 ל',מחלבת יטבתה,IL,משקה חלב בננה,ליטרים,1.00,ליטר,false,0,12.00,12.00,true,1,
7290003029389,false,משקה בננה יטבתה+פקק 250מ,מחלבת יטבתה,IL,משקה בננה,מיליליטרים,250.00,"100 מ""ל",false,0,5.60,2.24,true,1,
7290003029433,false,שוקו יטבתה+פקק נשלף 250מ,מחלבת יטבתה,IL,שוקו יטבתה,מיליליטרים,250.00,"100 מ""ל",false,0,5.60,2.24,true,1,
7290003029792,false,שוקו יטבתה מארז 225*8 מל,מחלבת יטבתה,IL,שקיות שוקו 8 יח',ליטרים,1.80,ליטר,false,0,19.90,11.06,true,1,
7290003029815,false,חלב מועשר יטבתה 3%כד 2ל',מחלבת יטבתה,IL,חלב מועשר יטבתה,ליטרים,2.00,ליטר,false,0,15.60,7.80,true,1,
7290003047642,false,ליפטון ילו לייבל100ש1.5*,יוניליוור,RU,תה ילו לייבל,גרמים,150.00,100 גרם,false,0,14.90,9.93,true,1,
7290003069590,false,פילה סול קפוא 1קג יח,נטו,CN,פילה סול קפוא,גרמים,1000.00,100 גרם,false,0,30.90,3.09,true,1,
7290003072811,false,נקניקיות בראטוורסט 320 ג,טיב טירת צבי 2000,IL,נקניקיות בראטוו3,גרמים,320.00,100 גרם,false,1,21.90,6.84,true,1,
7290003072835,false,נקניקיות קנאקוורסט 320 ג,טיב טירת צבי 2000,IL,נקניקיות קנאקוור,גרמים,320.00,100 גרם,false,1,21.90,6.84,true,1,
7290003072859,false,רוסטביף 120 גרם,טיב טירת צבי 2000,IL,רוסטביף 120 גרם,גרמים,120.00,100 גרם,false,1,23.90,19.92,true,1,
7290003107216,false,"קמח לבן 1 ק""ג",טחנת קמח דגן לישראל,IL,קמח לבן,קילוגרמים,1.00,"ק""ג",false,0,6.70,6.70,true,1,
7290003107353,false,משפר אפייה ביתי 30 גרם,שטיבל,IL,משפר אפייה ביתי,גרמים,30.00,100 גרם,false,0,6.90,23.00,true,1,
7290003145560,false,שקד קלוי 100 גרם,ליימן שליסל,IL,שקד קלוי 100גרם,גרמים,100.00,100 גרם,false,1,12.90,12.90,true,1,
7290003208609,false,"מרטיני רוסו אדום 750 מ""ל",מרטיני ורוסי,IT,מרטיני רוסו אדום,מיליליטרים,750.00,"100 מ""ל",false,0,54.90,7.32,true,1,
7290003208890,false,"וודקה פינלנדיה 200 מ""ל",בראון פורמן,US,וודקה פינלנדיה,מיליליטרים,200.00,"100 מ""ל",false,1,30.00,15.00,true,1,
7290003220717,false,אצות נורי לסושי 22 גרם,ג'י וואן גלובול נאט,KR,אצות נורי לסושי,גרמים,22.00,100 גרם,false,0,14.40,65.45,true,1,
7290003229109,false,נקניק הודו בפפריקה 400 ג,טיב טירת צבי 2000,IL,נקניק הודו,גרמים,400.00,100 גרם,false,0,27.90,6.98,true,1,
7290003229116,false,פסטרמה הודו בדבש 400 גרם,טיב טירת צבי 2000,IL,פסטרמה הודו בדבש,גרמים,400.00,100 גרם,false,0,29.90,7.48,true,1,
7290003229147,false,סלמי איטלקי 300 גרם,טיב טירת צבי 2000,IL,סלמי איטלקי,גרמים,300.00,100 גרם,false,0,32.90,10.97,true,1,
7290003229154,false,סלמי קוניאק 300 גרם,טיב טירת צבי 2000,IL,סלמי קוניאק,גרמים,300.00,100 גרם,false,0,32.40,10.80,true,1,
7290003387205,false,דאו.ספיד סטיק לגבר 56 גר,קולגייט פלמוליב,US,דאודורנט סטיק,גרמים,56.00,100 גרם,false,0,21.90,39.11,true,1,
7290003401376,false,קרם לחות אלוורה לשיער400,קרליין,IL,קרם לחות לשיער,מיליליטרים,400.00,"100 מ""ל",false,0,22.90,5.73,true,1,
7290003401635,false,קרם לחות ש.צבוע ברגע 400,קרליין,IL,קרם לחות לשיער,מיליליטרים,400.00,"100 מ""ל",false,0,25.70,6.43,true,1,
7290003411313,false,מפת אירועים רב פעמית 120,,IL,מפה רב פעמית 0,יחידה,1.00,יחידה,false,0,8.90,8.90,true,1,
7290003411726,false,קיסמים מלחיה 300 יחידות,הנמל אריזות ושיווק בעמ,IL,קיסמי שיניים,יחידה,1.00,יחידה,false,0,4.30,4.30,true,1,
7290003411993,false,גפרורים 10 יח',הנמל,SE,גפרורים,יחידה,1.00,יחידה,false,0,3.70,3.70,true,1,
7290003423909,false,חטיף שוק.לבן שברי עוג43.,---,US,חטיף שוקולד לבן,גרמים,43.00,100 גרם,false,0,4.90,11.40,true,1,
7290003438006,false,רוטב פסטו אוליביה 180 גר,אוליביה,IL,רוטב פסטו,גרמים,180.00,100 גרם,false,0,14.50,8.06,true,1,
7290003438082,false,חזרת אולביה 180 גרם,אוליביה,IL,חזרת אולביה,גרמים,180.00,100 גרם,false,0,13.80,7.67,true,1,
7290003444009,false,חט.שוקו.חלב+חמאת בוטנ42ג,הרשי,US,חטיף שוקולד חלב,גרמים,42.00,100 גרם,false,0,3.90,9.29,true,1,
7290003450602,false,ממרח חרדל צהוב 255 גרם,היינץ,US,ממרח חרדל צהוב,גרמים,255.00,100 גרם,false,0,10.90,4.27,true,1,
7290003457861,false,סולרו טרופי יח,"מיוצר ע""\י גלידת שטראוס",IL,סולרו טרופי יח,יחידה,1.00,יחידה,false,0,10.00,10.00,true,1,
7290003457991,false,חטיפי גל.קורנטו קלאסיקו,"גלידת שטראוס בע""\מ, רחוב",IL,חטיפי קורנטו,גרמים,300.00,100 גרם,false,0,34.90,11.63,true,1,
7290003578498,false,"חמאה ווליו לל""ת מלח500",ואליו,FI,חמאה ווליו,גרמים,500.00,100 גרם,false,0,28.90,5.78,true,1,
7290003643004,false,אורז בסמטי קלאסי בשקית1ק,"סוגת תעשיות בע""\מ",IL,אורז בסמטי קלאסי,קילוגרמים,1.00,"ק""ג",false,0,14.90,14.90,true,1,
7290003643387,false,"סוכר לבן צנצנת 1 ק""ג","סוגת תעשיות בע""\מ",IL,סוכר לבן צנצנת,קילוגרמים,1.00,"ק""ג",false,0,8.90,8.90,true,1,
7290003643646,false,"סוכר דמררה צנצנת 1 ק""ג","סוגת תעשיות בע""\מ",IL,סוכר דמררה,קילוגרמים,1.00,"ק""ג",false,0,14.20,14.20,true,1,
7290003643752,false,עדשים ירוקות 500 גרם,"סוגת תעשיות בע""\מ",IL,עדשים ירוקות,גרמים,500.00,100 גרם,false,0,8.50,1.70,true,1,
7290003643769,false,עדשים אדומות 500 גרם,"סוגת תעשיות בע""\מ",IL,עדשים אדומות,גרמים,500.00,100 גרם,false,0,8.90,1.78,true,1,
7290003744428,false,אובלטים+קימל שקית 300 גר,"ברט בע""מ",IL,אובלטים מלוחים,גרמים,300.00,100 גרם,false,0,12.50,4.17,true,1,
7290003804320,false,תיבול.קנור שום+פטרוזיל72,יוניליוור ישראל מזון בע\,IL,תיבוליות קנור,גרמים,72.00,100 גרם,false,0,10.40,14.44,true,1,
7290003807178,false,רוטב סויה סגנון סיני300מ,יוניליוור ישראל מזון בע\,IL,רוטב סויה,מיליליטרים,300.00,"100 מ""ל",false,0,12.50,4.17,true,1,
7290003989539,false,רביולי עם גבינה 400 גרם,"שטראוס גרופ בע""\מ",IL,רביולי גבינה,גרמים,400.00,100 גרם,false,0,21.70,5.43,true,1,
7290004011284,false,"ריצ' להכנת קצפת 212 מ""ל",נטו,US,ריצ' להכנת קצפת,מיליליטרים,212.00,"100 מ""ל",false,0,9.30,4.39,true,1,
7290004011338,false,"קצפת ריצ' במיכל 250 מ""ל",נטו,IT,קצפת ריצ' במיכל,מיליליטרים,250.00,"100 מ""ל",false,0,12.90,5.16,true,1,
7290004011345,false,קצפת מתוקה,,IT,קצפת מתוקה,גרמים,250.00,100 גרם,false,0,12.90,5.16,true,1,
7290004022309,false,עדשי מ&מ'ס חמאת בוטנים80,מרס,GB,עדשי מ&מ'ס,גרמים,80.00,100 גרם,false,1,7.50,9.38,true,1,
7290004030100,false,מיץ תפוזים ולנסיה 1 ליטר,---,IL,מיץ תפוזי ולנסיה,ליטרים,1.00,ליטר,false,1,16.80,16.80,true,1,
7290004030926,false,"אקסטרא מים אפרסק 500 מ""ל",---,IL,אקסטרא מים אפרסק,מיליליטרים,500.00,"100 מ""ל",false,1,9.90,1.98,true,1,
7290004033705,false,לחמניות הבורגריה 100*6ג,"י.את.א.ברמן בע""\מ",IL,לחמניות 6 יח',גרמים,600.00,100 גרם,false,1,14.90,2.48,true,1,
7290004033712,false,לחם  עננים מקמח מלא750ג,"י.את.א.ברמן בע""\מ",IL,לחם  מקמח מלא,גרמים,750.00,100 גרם,false,1,16.50,2.20,true,1,
7290004033729,false,לחם עננים מקמח כוסמן750,"י.את.א.ברמן בע""\מ",IL,לחם כוסמין,גרמים,750.00,100 גרם,false,1,17.50,2.33,true,1,
7290004043108,false,עדשי מ&מ'ס שוקולד 89 גרם,מרס,US,עדשי מ&מ'ס,גרמים,89.00,100 גרם,false,1,7.50,8.43,true,1,
7290004068172,false,יוגורט עזים בדלי,,IL,יוגורט עזים בדלי,גרמים,600.00,100 גרם,false,0,18.30,3.05,true,1,
7290004078270,false,פלמוליב לכלים לימון1ליטר,קולגייט פלמוליב,GR,פלמוליב לכלים,ליטרים,1.00,ליטר,false,0,14.90,14.90,true,1,
7290004078942,false,ליידי ס.סטיק ג'ל מרענן,קולגייט פלמוליב,US,דאודורנט,גרמים,65.00,100 גרם,false,0,17.90,27.54,true,1,
7290004119928,false,מעדן קרלו וניל 3% 125 גר,מחלבת אלון תבור,IL,מעדן קרלו וניל3%,גרמים,125.00,100 גרם,false,0,3.00,2.40,true,1,
7290004120061,false,"מעדן קרלו שוניל3% 125מ""ל",מחלבת אלון תבור,IL,מעדן קרלו שוניל,גרמים,125.00,100 גרם,false,0,3.10,2.48,true,1,
7290004120108,false,יופלה דובדבן 0% 150 גרם,תנובה בעמ,IL,יופלה דיאט 0%,גרמים,150.00,100 גרם,false,0,5.20,3.47,true,1,
7290004120634,false,גב.בולגרית פיראוס5% 250ג,תנובה,IL,גבינה בולגרית5%,גרמים,250.00,100 גרם,false,0,24.90,9.96,true,1,
7290004121488,false,יופלה דיאט אפרסק 150 גרם,תנובה בעמ,IL,יופלה דיאט אפרסק,גרמים,150.00,100 גרם,false,0,5.20,3.47,true,1,
7290004121525,false,יופלה אפרסק+תות3% 150*8ג,תנובה בעמ,IL,יופלה 3% 8 יח',קילוגרמים,1.20,"ק""ג",false,0,32.30,26.92,true,1,
7290004122119,false,פתיתי פרמזן לפסטה 100גרם,תנובה,IL,פתיתי פרמזן,גרמים,100.00,100 גרם,false,0,13.90,13.90,true,1,
7290004122195,false,גוש חלב פרוס28% 200מהדרי,תנובה,IL,גבינה גוש חלב,גרמים,200.00,100 גרם,false,0,14.90,7.45,true,1,
7290004122270,false,עמק פרוס סגירה חוזרת 200,תנובה,IL,גבינת עמק פרוס,גרמים,200.00,100 גרם,false,0,16.60,8.30,true,1,
7290004122348,false,גבינת עמק 9% פרוס 200 גר,תנובה,IL,גבינת עמק 9%,גרמים,200.00,100 גרם,false,0,16.90,8.45,true,1,
7290004122676,false,גבינת חמד לייט 5% 250 גר,תנובה,IL,גבינת חמד לייט5%,גרמים,250.00,100 גרם,false,0,19.10,7.64,true,1,
7290004122683,false,אצבעות עמק חטיף גבינה172,תנובה,IL,אצבעות עמק,גרמים,172.00,100 גרם,false,0,17.10,9.94,true,1,
7290004124205,false,יופלה דיאט תות0% 150 גר,תנובה בעמ,IL,יופלה דיאט תות0%,גרמים,150.00,100 גרם,false,0,5.20,3.47,true,1,
7290004124847,false,קצפת צמחית השף הלבן500מל,סוי מג'יק,IL,קצפת צמחית,מיליליטרים,500.00,"100 מ""ל",false,0,17.60,3.52,true,1,
7290004125370,false,שמנת חמוצה 9% שומן 200מל,תנובה,IL,שמנת חמוצה 9%,מיליליטרים,200.00,"100 מ""ל",false,0,3.70,1.85,true,1,
7290004125400,false,"אשל מהדרין 4.5% 200 מ""ל",תנובה,IL,אשל 4.5% שומן,מיליליטרים,200.00,"100 מ""ל",false,0,1.69,0.85,true,1,
7290004125417,false,"גיל 3% מהדרין 200מ""ל",תנובה,IL,גיל לבן 3%שומן,מיליליטרים,200.00,"100 מ""ל",false,0,1.51,0.76,true,1,
7290004125455,false,שמנת תנובה 15%שומן200מל,תנובה,IL,שמנת תנובה 15%,מיליליטרים,200.00,"100 מ""ל",false,0,2.40,1.20,true,1,
7290004125509,false,שמנת חמוצה15% חצי מנה100,תנובה,IL,שמנת חמוצה 15%,מיליליטרים,100.00,"100 מ""ל",false,0,1.70,1.70,true,1,
7290004125578,false,משקה סויה 1 ליטר,סוי מג'יק,IL,משקה סויה,ליטרים,1.00,ליטר,false,0,11.90,11.90,true,1,
7290004125585,false,משקה סויה בטעם וניל 1 לי,סוי מג'יק,IL,משקה סויה וניל,ליטרים,1.00,ליטר,false,0,11.90,11.90,true,1,
7290004125721,false,שמנת בישול-15%שף לבן250מ,תנובה,IL,שמנת לבישול15%,מיליליטרים,250.00,"100 מ""ל",false,0,8.30,3.32,true,1,
7290004125738,false,שמנת להקצפה-32%שף לבן250,תנובה,IL,שמנת להקצפה32%,מיליליטרים,250.00,"100 מ""ל",false,0,6.90,2.76,true,1,
7290004125776,false,גב.עמק פרוס 28%קופסא400ג,תנובה,IL,גבינת עמק פרוס,גרמים,400.00,100 גרם,false,0,30.50,7.63,true,1,
7290004126674,false,גבינה טל העמק לייט 200גר,תנובה,IL,גבינה טל העמק,גרמים,200.00,100 גרם,false,0,18.80,9.40,true,1,
7290004126872,false,"שוקו תנובה בקבוק 250 מ""ל",תנובה,IL,שוקו בקבוק,מיליליטרים,250.00,"100 מ""ל",false,0,5.80,2.32,true,1,
7290004127329,false,קוטג' 5% 250 גרם בעלז,מחלבת אלון תבור,IL,קוטג' תנובה 5%,גרמים,250.00,100 גרם,false,0,5.70,2.28,true,1,
7290004127336,false,קוטג' תנובה 9% שומן 250ג,מחלבת אלון תבור,IL,קוטג' תנובה 9%,גרמים,250.00,100 גרם,false,0,5.70,2.28,true,1,
7290004127800,false,גב.לבנה 5% שומן 500 גרם,מחלבת אלון תבור,IL,גבינה לבנה 5%,גרמים,500.00,100 גרם,false,0,9.96,1.99,true,1,
7290004127817,false,גב.לבנה 9% שומן 500 גרם,מחלבת אלון תבור,IL,גבינה לבנה 9%,גרמים,500.00,100 גרם,false,0,9.50,1.90,true,1,
7290004127916,false,גבינה תנובה0.5%שומן 500ג,מחלבת אלון תבור,IL,גבינה 0.5%,גרמים,500.00,100 גרם,false,0,9.50,1.90,true,1,
7290004128333,false,לאבנה 9% פיראוס 500 גרם,תנובה,IL,לאבנה פיראוס 9%,גרמים,500.00,100 גרם,false,0,21.90,4.38,true,1,
7290004129101,false,גב.נפולאון טעם טבעי 225ג,מחלבת אלון תבור,IL,גבינת נפוליאון,גרמים,225.00,100 גרם,false,0,15.00,6.67,true,1,
7290004129156,false,גב.נפולאון שום-שמיר 225ג,מחלבת אלון תבור,IL,גבינת נפוליאון,גרמים,225.00,100 גרם,false,0,15.00,6.67,true,1,
7290004130794,false,משקה סויה במתיקות מופחתת,סוי מג'יק,IL,משקה סויה,ליטרים,1.00,ליטר,false,0,11.50,11.50,true,1,
7290004130916,false,יופלה פירות יער+שמנת150ג,תנובה בעמ,IL,יופלה פירות יער,גרמים,150.00,100 גרם,false,0,5.20,3.47,true,1,
7290004131074,false,חלב בקרטון 3% שומן 1 ל',---,IL,חלב בקרטון 3%,ליטרים,1.00,ליטר,false,0,6.23,6.23,true,1,
7290004131432,false,יופלה ביו לבן 3% 200 גרם,מחלבת אלון תבור,IL,יופלה לבן 3%,גרמים,200.00,100 גרם,false,0,4.00,2.00,true,1,
7290004131456,false,יופלה לבן 1.5% 200 גרם,מחלבת אלון תבור,IL,יופלה לבן 1.5%,גרמים,200.00,100 גרם,false,0,4.00,2.00,true,1,
7290004131814,false,פיראוס צפתית מעוד5% 200ג,תנובה,IL,צפתית 5% פיראוס,גרמים,200.00,100 גרם,false,0,15.90,7.95,true,1,
7290004132552,false,משקה סויה לייט 1ל,סוי מג'יק,IL,משקה סויה,ליטרים,1.00,ליטר,false,0,11.90,11.90,true,1,
7290004132712,false,אצבעות גב.מוצרלה 21.5*8ג,תנובה,IL,אצבעות מוצרלה,גרמים,172.00,100 גרם,false,0,17.40,10.12,true,1,
7290004133511,false,יופלה לבן מעוד1.5% 150*8,מחלבת אלון תבור,IL,יופלה מעודן 8 יח,קילוגרמים,1.20,"ק""ג",false,0,20.90,17.42,true,1,
7290004133627,false,חלב על הבוקר וניל 3% 1 ל,תנובה,IL,חלב על הבוקר 3%,ליטרים,1.00,ליטר,false,0,8.30,8.30,true,1,
7290004133900,false,קצפת צמחית השף הלבן250מל,סוי מג'יק,IL,קצפת צמחית,מיליליטרים,250.00,"100 מ""ל",false,0,9.40,3.76,true,1,
7290004135614,false,בולג.מעוד.פיראוס 5% 250ג,תנובה,IL,בולגרית מעודנת5%,גרמים,250.00,100 גרם,false,0,22.60,9.04,true,1,
7290004136154,false,משקה אייס קפה בקבוק340מל,תנובה,IL,משקה אייס קפה,מיליליטרים,340.00,"100 מ""ל",false,0,7.50,2.21,true,1,
7290004136598,false,מארז הפסקת אוכל,תנובה,IL,חלב עם דגנים,יחידה,1.00,יחידה,false,0,9.90,9.90,true,1,
7290004136857,false,מעדן ג'לי פטל 125 גרם,סוי מג'יק,IL,מעדן ג'לי פטל,גרמים,125.00,100 גרם,false,0,2.70,2.16,true,1,
7290004136871,false,מעדן ג'לי אפרסק+חתיכ125.,סוי מג'יק,IL,מעדן ג'לי אפרסק,גרמים,125.00,100 גרם,false,0,2.90,2.32,true,1,
7290004137021,false,שמנת לבישול 10%שומן250מ,תנובה,IL,שמנת לבישול10%,מיליליטרים,250.00,"100 מ""ל",false,0,8.30,3.32,true,1,
7290004137311,false,גבינת עמק 9% 400 גרם,תנובה,IL,גבינת עמק 9%,גרמים,400.00,100 גרם,false,0,30.90,7.73,true,1,
7290004225285,false,בסגנון דנאבלו,,DK,בסגנון דנאבלו,גרמים,100.00,100 גרם,false,0,12.90,12.90,true,1,
7290004554293,false,קרחון אסקימו ענבים,שטראוס,IL,קרחון אסקימו,יחידה,1.00,יחידה,false,0,3.00,3.00,true,1,
7290004554330,false,אסקימו דובדבן יח,"מיוצר ע""\י גלידת שטראוס",IL,אסקימו דובדבן,יחידה,1.00,יחידה,false,0,3.00,3.00,true,1,
7290004554798,false,שלגון מטרה,שטראוס,IL,שלגון מטרה,יחידה,1.00,יחידה,false,0,6.50,6.50,true,1,
7290004584306,false,סופר גמדים תות בננה100*4,"שטראוס בריאות בע""\מ",IL,סופר גמדים 4 יח,גרמים,400.00,100 גרם,false,0,11.90,2.98,true,1,
7290004584351,false,גב.סימפוניה 5% 200 גרם,"שטראוס בריאות בע""\מ",IL,גבינת סימפוניה,גרמים,200.00,100 גרם,false,0,12.40,6.20,true,1,
7290004584528,false,יוגורט ביו 1.7%דנונה200ג,"שטראוס בריאות בע""\מ",IL,יוגורט ביו 1.7%,גרמים,200.00,100 גרם,false,0,3.70,1.85,true,1,
7290004585907,false,דני וניל 1.5% שומן 125 ג,"שטראוס גרופ בע""\מ",IL,דני וניל 1.5%,גרמים,125.00,100 גרם,false,0,2.70,2.16,true,1,
7290004685010,false,שיפון פלוס לחם הארץ 500ג,"י.את.א.ברמן בע""\מ",IL,לחם שיפון פלוס,גרמים,500.00,100 גרם,false,0,17.90,3.58,true,1,
7290004685089,false,לחם חמניות 500 גרם,מאפית ברמן,IL,לחם חמניות,גרמים,500.00,100 גרם,false,0,17.90,3.58,true,1,
7290004685195,false,לחם 10 דגנים פרוס 750גרם,"י.את.א.ברמן בע""\מ",IL,לחם 10 דגנים,גרמים,750.00,100 גרם,false,0,17.90,2.39,true,1,
7290004685225,false,לחם פומפרניקל 750 גרם,"י.את.א.ברמן בע""\מ",IL,לחם פומפרניקל,גרמים,750.00,100 גרם,false,0,17.90,2.39,true,1,
7290004685430,false,לחם הארץ כוסמין100% 500ג,"י.את.א.ברמן בע""\מ",IL,לחם הארץ כוסמין,גרמים,500.00,100 גרם,false,1,17.90,3.58,true,1,
7290004685447,false,לחמניות כוסמין 6יח 450ג,מאפית ברמן מקבוצת י. את,IL,לחמניות כוסמין,גרמים,450.00,100 גרם,false,1,16.50,3.67,true,1,
7290004685454,false,לחם 100% שיבולת שועל500ג,"י.את.א.ברמן בע""\מ",IL,לחם שיבולת שועל,גרמים,500.00,100 גרם,false,1,17.90,3.58,true,1,
7290004731472,false,אלסבון כיף צבעוני 500*3מ,קוסמופארם בע'\'\מ,IL,אלסבון כיף 3 יח,ליטרים,1.50,ליטר,false,0,19.90,13.26,true,1,
7290004737900,false,חלב כחוש מרוכז,,LT,חלב כחוש מרוכז,גרמים,397.00,100 גרם,false,0,8.90,2.24,true,1,
7290004859664,false,עוף שלם טרי ארוז,מילועוף,IL,עוף שלם טרי ארוז,קילוגרמים,0.00,"ק""ג",true,0,19.90,19.90,true,1,
7290004872021,false,קרחון רמזור,גלידות נסטלה )נגה גלידות,IL,קרחון רמזור,יחידה,1.00,יחידה,false,0,4.00,4.00,true,1,
7290004872069,false,שלגון קרח לימון,גלידות נסטלה )נגה גלידות,IL,שלגון קרח לימו,יחידה,1.00,יחידה,false,0,4.00,4.00,true,1,
7290004872250,false,שלגון אבטיח קיץ,גלידות נסטלה )נגה גלידות,IL,שלגון אבטיח קי,יחידה,1.00,יחידה,false,0,7.00,7.00,true,1,
7290004872359,false,קרחון דובדבן,גלידות נסטלה )נגה גלידות,IL,קרחון דובדבן,יחידה,1.00,יחידה,false,0,4.00,4.00,true,1,
7290005008191,false,פלמולי.נוז.ארומה-סגול500,קולגייט פלמוליב,TR,סב.נוזלי פלמוליב,מיליליטרים,500.00,"100 מ""ל",false,0,17.90,3.58,true,1,
7290005082962,false,פרצל אפוי .,גידרון,IL,פרצל,יחידה,1.00,יחידה,false,0,5.90,5.90,true,1,
7290005082986,false,שליש באגט אותנטי 3יח,גידרון,IL,שליש באגט אותנטי,יחידה,1.00,יחידה,false,0,13.90,13.90,true,1,
7290005084355,false,משח.סנסודיין דואל קייר75,MICLEN DE,GB,משחת שיניים,מיליליטרים,75.00,"100 מ""ל",false,0,22.90,30.53,true,1,
7290005095405,false,נר נשמה 72 שעות,סין,CN,נר נשמה 72שעות,יחידה,1.00,יחידה,false,0,5.90,5.90,true,1,
7290005095573,false,מצת קליפר,,IL,מצת קליפר,יחידה,1.00,יחידה,false,0,8.00,8.00,false,1,
7290005095641,false,חיטה תפוחה מתוקה 230 גרם,מפעלי דגן,IL,חיטה תפוחה מתוקה,גרמים,230.00,100 גרם,false,0,9.20,4.00,true,1,
7290005095702,false,חיטה תפוחה בציפוי דבש210,מפעלי דגן,IL,חיטה תפוחה בדבש,גרמים,210.00,100 גרם,false,0,9.20,4.38,true,1,
7290005095719,false,חיטה תפוחה טבעי140 גרם,מפעלי דגן,IL,חיטה תפוחה,גרמים,140.00,100 גרם,false,0,9.90,7.07,true,1,
7290005095894,false,פיצפוצי אורז 450 גרם,אשבול,IL,פיצפוצי אורז,גרמים,450.00,100 גרם,false,1,17.90,3.98,true,1,
7290005095931,false,נרות שבת 20 יחידות,משווק על ידי HQP,CN,נרות שבת,יחידה,1.00,יחידה,false,1,4.70,4.70,true,1,
7290005174575,false,טחינה יום יום 125 גרם,"שטראוס גרופ בע""\מ",IL,טחינה יום יום,גרמים,125.00,100 גרם,false,0,5.70,4.56,true,1,
7290005199288,false,מסטיק פטל לימון מגדים28ג,עלית,IL,מסטיק מאסט,גרמים,28.00,100 גרם,false,0,4.60,16.43,true,1,
7290005199578,false,קפה פלטינום נ.קפאין200ג,עלית,IL,קפה פלטינום נטול,גרמים,200.00,100 גרם,false,0,34.90,17.45,true,1,
7290005199738,false,מאסט מנטה מרעננת 28 גרם,עלית,IL,מאסט מנטה מרעננת,גרמים,28.00,100 גרם,false,0,4.60,16.43,true,1,
7290005200786,false,תפוצ'יפס ט.שמנת ובצל50גר,"שטראוס פריטו ליי בע""\מ )",IL,תפוצ'יפס שמנת,גרמים,50.00,100 גרם,false,0,4.30,8.60,true,1,
7290005201882,false,קפה טורקי בצלופן 200 גרם,שטראוס קפה בי.ויn\.,IL,קפה טורקי בצלופן,גרמים,200.00,100 גרם,false,0,17.90,8.95,true,1,
7290005230806,false,כוסות איכותיות פאלאס,,IL,כוסות איכותיות,יחידה,1.00,יחידה,false,0,12.90,12.90,true,1,
7290005271755,false,ביצי חופש L 12יח,,,ביצי חופש L 12יח,יחידה,1.00,יחידה,false,0,19.30,19.30,true,1,
7290005271762,false,ביצי חופש M 12יח,,,ביצי חופש M 12יח,יחידה,1.00,יחידה,false,0,18.40,18.40,true,1,
7290005287206,false,טונה סטארקיסט בשמן160*4ג,סטארקיסט,VN,טונה סטארקיסט4יח,גרמים,640.00,100 גרם,false,0,25.90,4.05,true,1,
7290005287251,false,טונה סטארקיסט במים160*4ג,סטארקיסט,VN,טונה סטארקיסט4יח,גרמים,640.00,100 גרם,false,0,25.90,4.05,true,1,
7290005423253,false,"מקסימה למייבש פרש 750מ""ל","סנו מפעלי ברונוס בע""\מ",IL,מקסימה למייבש,מיליליטרים,750.00,"100 מ""ל",false,0,17.90,2.39,true,1,
7290005423635,false,ריצפז פלוס דוחה תיקנים2ל,סנו מפעלי ברונוס בעמ,IL,ריצפז דוחה חרקים,ליטרים,2.00,ליטר,false,0,25.90,12.95,true,1,
7290005423833,false,פוליויקס פרקט 2 ליטר,"סנו מפעלי ברונוס בע""\מ",IL,פוליויקס פרקט,ליטרים,2.00,ליטר,false,0,24.90,12.45,true,1,
7290005424847,false,"מפיות חד שכבתי 30*30 ס""מ",סנו מפעלי ברונוס בעמ,TR,מפיות דו שכבתי,יחידה,1.00,יחידה,false,0,8.50,8.50,true,1,
7290005425196,false,אבקת מקסימה סנסיטיב2.5קג,סנו מפעלי ברונוס בעמ,IL,אבקת כביסה,קילוגרמים,2.50,"ק""ג",false,0,28.90,11.56,true,1,
7290005425202,false,"אבקת מקסימה ביו 2.5 ק""ג","סנו מפעלי ברונוס בע""\מ",IL,אבקת כביסה,קילוגרמים,2.50,"ק""ג",false,0,28.90,11.56,true,1,
7290005426384,false,סנומוד מיס מיליון 150 מל,סנו מפעלי ברונוס בעמ,IL,סנמוד מיס מיליון,מיליליטרים,150.00,"100 מ""ל",false,0,11.90,7.93,true,1,
7290005426568,false,ק.לחות קרמה שיער רגיל400,קוסמופארם בע'\'\מ,IL,קרם לחות קרמה,מיליליטרים,400.00,"100 מ""ל",false,0,20.80,5.20,true,1,
7290005426940,false,300-K פלוס8 קוטל חרקי400,סנו,IL,300-K פלוס,מיליליטרים,400.00,"100 מ""ל",false,0,20.90,5.23,true,1,
7290005427985,false,קרמה ת.רחצה לפנים+ג.פילי,קוסמופארם בעמ,IL,ת.רחצה לפנים+ג,מיליליטרים,180.00,"100 מ""ל",false,0,15.90,8.83,true,1,
7290005431883,false,מלבי חלבי 165 גרם,עדן קינוחים,IL,מלבי,גרמים,165.00,100 גרם,false,1,7.70,4.67,true,1,
7290005431906,false,קדאיף 82 גרם,עדן קינוחים,IL,קדאיף,גרמים,82.00,100 גרם,false,1,7.70,9.39,true,1,
7290005431920,false,עוגת גב.פירורים לייט78גר,עדן קינוחים,IL,עוגת גבינה,גרמים,78.00,100 גרם,false,1,7.70,9.87,true,1,
7290005431951,false,מוס שוקולד 75 גרם,עדן קינוחים,IL,מוס שוקולד,גרמים,75.00,100 גרם,false,1,7.70,10.27,true,1,
7290005431968,false,מלבי שמנת 150 גרם,עדן קינוחים,IL,מלבי שמנת,גרמים,150.00,100 גרם,false,1,7.70,5.13,true,1,
7290005559907,false,פיצה משפחתית גבינה 500גר,"מעדנות בע""\מ",IL,פיצה משפחתית,גרמים,500.00,100 גרם,false,0,24.90,4.98,true,1,
7290005559914,false,פיצה משפחתית זיתים 550גר,"מעדנות בע""\מ",IL,פיצה משפחתית,גרמים,550.00,100 גרם,false,0,25.90,4.71,true,1,
7290005610448,false,גזר חבל מעון,קטיף.,IL,גזר חבל מעון,קילוגרמים,0.00,"ק""ג",true,0,5.90,5.90,true,1,
7290005678073,false,פלפל צ'ילי זהבי יחידה,מושב לכיש,IL,פלפל צ'ילי זהבי,יחידה,1.00,יחידה,false,0,6.90,6.90,true,1,
7290005678165,false,ענבים ארלי סוויט ירוק,מושב לכיש,IL,ענב ארלי סוויט,קילוגרמים,0.00,"ק""ג",true,0,26.90,26.90,true,1,
7290005678318,false,ענבים אוטום קריספ,קטיף.,IL,ענב אוטום קריספ,קילוגרמים,0.00,"ק""ג",true,1,26.90,26.90,true,1,
7290005678387,false,ענב אוטום רויאל -שחור,מושב לכיש,IL,ענב אוטום-שחור,קילוגרמים,0.00,"ק""ג",true,0,23.90,23.90,true,1,
7290005680052,false,טמפוני או-בה סופר + 32יח,ג'ונסון,GR,טמפוני או-בה,יחידה,1.00,יחידה,false,0,25.90,25.90,true,1,
7290005803628,false,קרחון מלון,גלידות נסטלה )נגה גלידות,IL,קרחון מלון,יחידה,1.00,יחידה,false,0,4.00,4.00,true,1,
7290005838002,false,דניאלה מעדן גבינה 88 גרם,"שטראוס גרופ בע""\מ",IL,מעדן דניאלה,גרמים,88.00,100 גרם,false,0,4.30,4.89,true,1,
7290005839078,false,דנונה ביו 3% 150*8 גרם,"שטראוס בריאות בע""\מ",IL,דנונה ביו 8 יח,קילוגרמים,1.20,"ק""ג",false,0,17.60,14.67,true,1,
7290005839108,false,גב.סימפוניה +5%זיתים200ג,"שטראוס בריאות בע""\מ",IL,גבינת סימפוניה,גרמים,200.00,100 גרם,false,0,12.40,6.20,true,1,
7290005839313,false,מילקי טופ שוקול.מגולג170,"שטראוס גרופ בע""\מ",IL,מילקי טופ,מיליליטרים,170.00,"100 מ""ל",false,0,5.00,2.94,true,1,
7290005854040,false,קרחון אסקימו משמש יח,שטראוס,IL,קרחון אסקימו,יחידה,1.00,יחידה,false,0,3.00,3.00,true,1,
7290005854613,false,אסקימו תותי פרוטי,שטראוס,IL,אסקימו תותיפרו,יחידה,1.00,יחידה,false,0,3.00,3.00,true,1,
7290005896439,false,בירה מכבי,,IL,בירה מכבי,מיליליטרים,500.00,"100 מ""ל",false,0,7.00,1.40,true,1,
7290005938245,false,פסטו קלאסי 220 גרם,נטו,IL,פסטו קלאסי,גרמים,220.00,100 גרם,false,0,19.90,9.05,true,1,
7290005992575,false,גב.בולגרית למריחה5% 250ג,מחלבות גד,IL,בולגרית למריחה,גרמים,250.00,100 גרם,false,0,18.20,7.28,true,1,
7290005992735,false,גבינת לאבנה 5%שומן 250ג,"מחלבות גד בע""\מ",IL,גבינת לאבנה גד5%,גרמים,250.00,100 גרם,false,0,12.90,5.16,true,1,
7290006199218,false,גלידל קפוצ'ינו 8יח,פלקו בעמ,IL,גלידל קפוצ'ינו,גרמים,400.00,100 גרם,false,0,34.90,8.73,true,1,
7290006241504,false,פריגת תפוזים מרוכז קפוא,גת,IL,פריגת תפוזים,מיליליטרים,280.00,"100 מ""ל",false,0,14.90,5.32,true,1,
7290006251343,false,חליטת פסיפלורה+מנגו25ש3*,ויסוצקי,IL,חליטת פסיפלורה,גרמים,62.00,100 גרם,false,0,19.90,32.10,true,1,
7290006271174,false,ג'חנון בצק מעדנות 700גרם,"מעדנות בע""\מ",IL,ג'חנון בצק,גרמים,700.00,100 גרם,false,0,20.60,2.94,true,1,
7290006271181,false,ג'חנון אפוי מעדנות 750גר,"מעדנות בע""\מ",IL,ג'חנון אפוי,גרמים,750.00,100 גרם,false,0,28.70,3.83,true,1,
7290006271648,false,מיני בורקס תפו'א,"מעדנות בע""\מ",IL,"מיני בורקס תפו""א",גרמים,800.00,100 גרם,false,1,26.40,3.30,true,1,
7290006272072,false,חטיפי פיצה גבינה 650 ג ק,"מעדנות בע""\מ",IL,חטיפי פיצה גבינה,גרמים,650.00,100 גרם,false,1,36.90,5.68,true,1,
7290006374738,false,קונפיטורה תות 340 גרם,"ב.א. מזון בע""\מ",IL,קונפיטורה תות,גרמים,340.00,100 גרם,false,0,15.80,4.65,true,1,
7290006385178,false,לחם שאור אגוז+צימוק אפוי,---,IL,לחם שאור+אגוזים,גרמים,525.00,100 גרם,false,0,19.90,3.79,true,1,
7290006390752,false,חלה מתוקה עגולה,גידרון,IL,חלה מתוקה עגול,יחידה,1.00,יחידה,false,0,13.50,13.50,true,1,
7290006390806,false,חצי ג'בטה אפוי,גידרון,IL,חצי ג'בטה,יחידה,1.00,יחידה,false,0,4.70,4.70,true,1,
7290006459503,false,"כוסות ח""פ שתיה קרה 330CC",,CN,"כוסות ח""פ 40 יח",יחידה,1.00,יחידה,false,1,6.90,6.90,true,1,
7290006492432,false,גבינה מוצרלה בייבי 150גר,מחלבות גד,IL,גבינה מוצרלה,גרמים,150.00,100 גרם,false,0,15.30,10.20,true,1,
7290006492616,false,פרוסות גב. בולגר5%. 250ג,מחלבות גד,IL,גבינה בולגרית,גרמים,250.00,100 גרם,false,0,27.50,11.00,true,1,
7290006492630,false,גליל גבינת עיזים16% 180ג,מחלבות גד,IL,גליל גבינת עיזים,גרמים,180.00,100 גרם,false,0,23.00,12.78,true,1,
7290006492852,false,גבינה לבנה 5% עיזים 250ג,מחלבות גד,IL,גבינת עיזים גד,גרמים,250.00,100 גרם,false,0,18.50,7.40,true,1,
7290006511157,false,פטריות שלמות,,PL,פטריות שלמות,גרמים,400.00,100 גרם,false,0,8.90,2.23,true,1,
7290006550972,false,טחון בקר ארוז 1 קג,טיבון ויל אחזקות בעמ,IL,טחון בקר 1קג,גרמים,1000.00,100 גרם,false,0,37.90,3.79,true,1,
7290006653819,false,קוסקוס דק 350 גרם,קוסקוס מזון,IL,קוסקוס דק,גרמים,350.00,100 גרם,false,0,8.80,2.51,true,1,
7290006664037,false,גמדים תות בננה/תפ100*4גר,"שטראוס בריאות בע""\מ",IL,מארז גמדים 4 יח,גרמים,400.00,100 גרם,false,0,11.90,2.98,true,1,
7290006664655,false,"אקטימל לבן 100*8 מ""ל","שטראוס גרופ בע""\מ",IL,אקטימל לבן 8 יח,מיליליטרים,800.00,"100 מ""ל",false,0,22.70,2.84,true,1,
7290006664990,false,דנונה ביו 1.7% 150*8גרם,"שטראוס גרופ בע""\מ",IL,דנונה ביו 8 יח',קילוגרמים,1.20,"ק""ג",false,0,17.60,14.67,true,1,
7290006666307,false,סלט חומוס 300 גרם,סלטי משני,IL,סלט חומוס,גרמים,300.00,100 גרם,false,0,13.90,4.63,true,1,
7290006666314,false,סלט טחינה אטרף 300 גרם,סלטי משני,IL,סלט טחינה משני,גרמים,300.00,100 גרם,false,0,13.90,4.63,true,1,
7290006666338,false,סלט טחינה ירוקה 300 גרם,סלטי משני,IL,סלט טחינה ירוקה,גרמים,300.00,100 גרם,false,0,15.80,5.27,true,1,
7290006666345,false,סלט חציל במיונז 300 גרם,סלטי משני,IL,סלט חציל במיונז,גרמים,300.00,100 גרם,false,0,21.70,7.23,true,1,
7290006666406,false,סלט חציל טבעי 300 גרם,סלטי משני,IL,סלט חציל טבעי,גרמים,300.00,100 גרם,false,0,21.70,7.23,true,1,
7290006666413,false,סלט כרוב שוודי 300 גרם,סלטי משני,IL,סלט כרוב שוודי,גרמים,300.00,100 גרם,false,0,15.90,5.30,true,1,
7290006666444,false,סלט מטבוחה 300 גרם,סלטי משני,IL,סלט מטבוחה,גרמים,300.00,100 גרם,false,0,21.70,7.23,true,1,
7290006666451,false,סלט סלסלה 300 גרם,סלטי משני,IL,סלט סלסלה,גרמים,300.00,100 גרם,false,0,20.50,6.83,true,1,
7290006666468,false,סלט גזר בלימון 300 גרם,סלטי משני,IL,סלט גזר בלימון,גרמים,300.00,100 גרם,false,0,21.50,7.17,true,1,
7290006666826,false,סחוג ירוק 150 גרם,סלטי משני,IL,סחוג ירוק,גרמים,150.00,100 גרם,false,0,16.10,10.73,true,1,
7290006681065,false,טעמקור XL שוקווניל יח,"מיוצר ע""\י גלידת שטראוס",IL,טעמקור XL,יחידה,1.00,יחידה,false,0,8.00,8.00,true,1,
7290006739292,false,פסטרמה חזה תבור מעושן330,זוגלובק,IL,פסטרמה תבור,גרמים,330.00,100 גרם,false,0,29.90,9.06,true,1,
7290006739414,false,סלמי קוניאק 300 גרם,זוגלובק,IL,סלמי קוניאק,גרמים,300.00,100 גרם,false,0,32.70,10.90,true,1,
7290006742162,false,המבורגר מזרחי 400 גרם,זוגלובק,IL,המבורגר מזרחי,גרמים,400.00,100 גרם,false,0,22.90,5.73,true,1,
7290006742278,false,פסטרמה צלוי על לבנים330ג,זוגלובק,IL,פסטרמה צלויה,גרמים,330.00,100 גרם,false,0,29.90,9.06,true,1,
7290006742292,false,פסטרמה בדבש 330 גרם,זוגלובק,IL,פסטרמה בדבש,גרמים,330.00,100 גרם,false,0,29.90,9.06,true,1,
7290006748096,false,זר סחלב,פרחי ליידי דיאן,IL,זר סחלב,יחידה,1.00,יחידה,false,0,50.00,50.00,true,1,
7290006748157,false,זר מיוחד,פרחי ליידי דיאן,IL,זר מיוחד,יחידה,1.00,יחידה,false,0,30.00,30.00,true,1,
7290006753939,false,קבב ג'מבו מזרחי 600 גרם,מעדני הטלה והעגל,IL,קבב ג'מבו מזרחי,גרמים,600.00,100 גרם,false,1,39.90,6.65,true,1,
7290006753977,false,הקבב של עזרא 600 גרם,מעדני הטלה והעגל,IL,הקבב של עזרא,גרמים,600.00,100 גרם,false,1,44.90,7.48,true,1,
7290006764065,false,בירה נשר מאלט בק.חוזר500,"טמפו משקאות בע""\ם.",IL,בירה נשר מאלט,מיליליטרים,500.00,"100 מ""ל",false,0,5.50,1.10,true,1,
7290006764096,false,בירה איגל בקבוק חוזר500מ,"טמפו משקאות בע""\מ",IL,בירה איגל,מיליליטרים,500.00,"100 מ""ל",false,1,6.90,1.38,true,1,
7290006788375,false,דאו.קרליין סטיק PURE 50,מיוצר עי : אמיליה קוסמטי,IL,דאודורנט קרליין,מיליליטרים,50.00,"100 מ""ל",false,0,15.90,31.80,true,1,
7290006788498,false,דאו.קרליין ספרי PURE 200,מיוצר עי : אמיליה קוסמטי,IL,דאודורנט קרליין,מיליליטרים,200.00,"100 מ""ל",false,0,13.90,6.95,true,1,
7290006822192,false,אושן ספריי חמוציות דיאט,מבשלות בירה בינלאומיות ב,IL,אושן ספריי,ליטרים,1.00,ליטר,false,0,13.50,13.50,true,1,
7290006895387,false,שניצל אמיתי ביתיכשר לפסח,תנובה גליל שותפות מוגבלת,IL,ש.אמיתי כשר לפסח,גרמים,700.00,100 גרם,false,0,46.90,6.70,true,1,
7290006983763,false,עוגה בטעם שוקולד 400 גרם,"אסם השקעות בע""\מ",IL,עוגת שוקולד,גרמים,400.00,100 גרם,false,0,13.40,3.35,true,1,
7290006983770,false,עוגת הבית שיש אסם 400 גר,"אסם השקעות בע""\מ",IL,עוגת שיש,גרמים,400.00,100 גרם,false,0,13.40,3.35,true,1,
7290006983794,false,עוגת הבית תפוז 400 גרם,"אסם השקעות בע""\מ",IL,עוגת תפוז,גרמים,400.00,100 גרם,false,0,13.40,3.35,true,1,
7290006992390,false,דייסת וניל מטרנה 200 גרם,מטרנה תעשיות ש.מ,IL,דייסת וניל מטרנה,גרמים,200.00,100 גרם,false,0,16.80,8.40,true,1,
7290007144729,false,בגט לבן אפוי  330גרם,גידרון,IL,בגט לבן,יחידה,1.00,יחידה,false,0,5.20,5.20,true,1,
7290008116565,false,"מי פה ליסטרין פרש 500מ""ל",ג'\ונסון אנד ג'\ונסון,IT,מי פה ליסטרין,מיליליטרים,500.00,"100 מ""ל",false,0,23.90,4.78,true,1,
7290008154222,false,שניצלונים 700 גרם,"מוצרי עוף טוב (2001) בע""",IL,שניצלונים 700ג,גרמים,700.00,100 גרם,false,0,21.90,3.13,true,1,
7290008175210,false,פרמזנו מגורדת,,IT,פרמזנו מגורדת,גרמים,90.00,100 גרם,false,0,18.20,20.22,true,1,
7290008175814,false,פטריות חתוכות,,PL,פטריות חתוכות,גרמים,400.00,100 גרם,false,0,4.60,1.15,true,1,
7290008340618,false,סלמון מעושן מצונן 100 גר,ויליגר תעשיות בעמ,IL,סלמון מעושן,גרמים,100.00,100 גרם,false,0,22.90,22.90,true,1,
7290008343558,false,סיגרים בשר 1 ק'ג שלושת,"שלושת האופים בע""\מ",IL,סיגרים פיקנטי,קילוגרמים,1.00,"ק""ג",false,0,23.90,23.90,true,1,
7290008345132,false,הרינג כבוש 240 גרם,דלידג - נטו,IL,הרינג כבוש,גרמים,240.00,100 גרם,false,0,27.90,11.63,true,1,
7290008345576,false,איקרה ביתית לבנה 300 גרם,דלידג - נטו,IL,איקרה ביתית לבנה,גרמים,300.00,100 גרם,false,0,21.90,7.30,true,1,
7290008345583,false,איקרה ביתית ורודה 300 גר,דלידג - נטו,IL,איקרה ביתית,גרמים,300.00,100 גרם,false,0,21.90,7.30,true,1,
7290008409049,false,מיני דק שניצל שומשום,תנובה גליל שותפות מוגבלת,IL,שניצל מיני דק,גרמים,500.00,100 גרם,false,0,29.50,5.90,true,1,
7290008409216,false,שניצל דק דק פריך 700 גרם,תנובה,IL,שניצל דק דק פריך,גרמים,700.00,100 גרם,false,0,42.90,6.13,true,1,
7290008409582,false,שניצל אמיתי ביתי 700 גרם,תנובה גליל שותפות מוגבלת,IL,שניצל אמיתי ביתי,גרמים,700.00,100 גרם,false,0,44.50,6.36,true,1,
7290008461283,false,גבינת טריפל צ'דר 200 גרם,שבינגטון,GB,גבינת טריפל צ'דר,גרמים,200.00,100 גרם,false,1,21.90,10.95,true,1,
7290008464468,false,בירה גולדסטאר פחית 500מל,"טמפו משקות בע""\מ",IL,בירה גולדסטאר,מיליליטרים,500.00,"100 מ""ל",false,0,9.30,1.86,true,1,
7290008464604,false,"בירה הייניקן פחית 500מ""ל",טמפו משקאות בע''מ,NL,בירה היינקן פחית,מיליליטרים,500.00,"100 מ""ל",false,0,10.90,2.18,true,1,
7290008464703,false,"בירה מכבי 6 בק330* מ""ל",טמפו משקאות בע''מ,IL,בירה מכבי 6 בקב.,ליטרים,1.98,ליטר,false,0,29.90,15.10,true,1,
7290008464741,false,"בירה גולדסטאר בק330*6מ""ל","טמפו משקאות בע""\מ",IL,גולדסטאר 6 יח',ליטרים,1.98,ליטר,false,0,29.90,15.10,true,1,
7290008493710,false,פירורי גריסיני זהב 200ג,מאיר בייגל,IL,פירורי גריסיני,גרמים,200.00,100 גרם,false,1,7.50,3.75,true,1,
7290008644112,false,סלט מטבוחה יום יום 125גר,"שטראוס גרופ בע""\מ",IL,מטבוחה יום יום,גרמים,125.00,100 גרם,false,0,5.70,4.56,true,1,
7290008645935,false,חומוס אחלה 750 גרם,"שטראוס גרופ בע""\מ",IL,חומוס אחלה,גרמים,750.00,100 גרם,false,0,11.90,1.59,true,1,
7290008679428,false,זוג כפפות בית,,TW,זוג כפפות בית,יחידה,1.00,יחידה,false,0,6.70,6.70,true,1,
7290008690713,false,אושן ספריי חמוציות 1ליטר,מבשלות בירה בינלאומיות ב,IL,אושן ספריי,ליטרים,1.00,ליטר,false,0,13.50,13.50,true,1,
7290008693134,false,דניאלה תות מוקצף5% 88גרם,"שטראוס גרופ בע""\מ",IL,דניאלה תות מוקצף,גרמים,88.00,100 גרם,false,0,4.30,4.89,true,1,
7290008713900,false,לחם שיפון עגול 750 גרם,מאפיית אנג'\ל אורנים מאפ,IL,לחם שיפון עגול,גרמים,750.00,100 גרם,false,0,14.90,1.99,true,1,
7290008745239,false,תפוצ'יפס קראנצ' טעם טבעי,"שטראוס פריטו ליי בע""\מ )",IL,תפוצ'יפס קראנצ',גרמים,50.00,100 גרם,false,0,4.30,8.60,true,1,
7290008747431,false,שוקולד פרה במילוי תות50ג,עלית,IL,שוקולד פרה תות,גרמים,50.00,100 גרם,false,0,4.50,9.00,true,1,
7290008750264,false,מסטיק דובדבן מגדים 28גרם,עלית,IL,מסטיק מאסט,גרמים,28.00,100 גרם,false,0,4.60,16.43,true,1,
7290008753111,false,תפוצ'יפס מקסיקני 50 גרם,"שטראוס פריטו ליי בע""\מ )",IL,תפוצ'יפס קראנצ',גרמים,50.00,100 גרם,false,0,4.30,8.60,true,1,
7290008754415,false,מאסט LL עדין ספירמינט28ג,עלית,IL,מסטיק מאסט LL,גרמים,28.00,100 גרם,false,0,4.60,16.43,true,1,
7290008754422,false,LL MUST קלאסי פפרמינט28ג,עלית,IL,מסטיק LL MUST,גרמים,28.00,100 גרם,false,0,4.60,16.43,true,1,
7290008754613,false,רולדת שוקולד מצופה 350גר,עלית,IL,רולדת שוקולד,גרמים,350.00,100 גרם,false,0,15.70,4.49,true,1,
7290008757980,false,נקטר ספרינג רימונים 1 ל',"יפאורה תבורי בע""\מ",IL,נקטר רימונים,ליטרים,1.00,ליטר,false,0,7.60,7.60,true,1,
7290008775816,false,ערגליות שוקו 300 גרם,"אסם השקעות בע""\מ",IL,ערגליות שוקו,גרמים,300.00,100 גרם,false,0,11.50,3.83,true,1,
7290008775823,false,ערגליות תות 300 גרם,"אסם השקעות בע""\מ",IL,ערגליות תות,גרמים,300.00,100 גרם,false,0,11.50,3.83,true,1,
7290008801119,false,סוביניון בלאן סלקטד 750מ,אגודת הכורמים הקואופרטיב,IL,סובניון בלאן,מיליליטרים,750.00,"100 מ""ל",false,0,32.90,4.39,true,1,
7290008802529,false,"וינו לבן חצי יבש 750 מ""ל",יקבי כרמל,IL,יין לבן יבש וינו,מיליליטרים,750.00,"100 מ""ל",false,0,24.90,3.32,true,1,
7290008802895,false,קברנה סוביניוןP.C. 750מל,אגודת הכורמים הקאופורטיב,IL,קברנה סוביניון,מיליליטרים,750.00,"100 מ""ל",false,0,44.90,5.99,true,1,
7290008806305,false,שלגון פצפצים,שטראוס,IL,שלגון פצפצים,יחידה,1.00,יחידה,false,0,6.50,6.50,true,1,
7290008806961,false,קרמיסימו טעם שוקולד צ'יפ,"גלידת שטראוס בע""\מ, רחוב",IL,קרמיסימו שוקולד,ליטרים,1.33,ליטר,false,0,21.90,16.47,true,1,
7290008806985,false,נשנושי שוקווניל פרווה60י,"גלידת שטראוס בע""\מ, רחוב",IL,נשנושי שוקווניל,גרמים,630.00,100 גרם,false,0,49.90,7.92,true,1,
7290008835954,false,פילה אמנון קפוא בוואקום,SPRING GOLDEN HAINAN,CN,פילה אמנון קפוא,גרמים,0.00,"ק""ג",true,1,32.90,32.90,true,1,
7290008849661,false,ממרח עגבניות מיובשות180ג,"אוליביה גרומה בע""מ",IL,ממרח עגבניות,גרמים,180.00,100 גרם,false,1,13.50,7.50,true,1,
7290008909853,false,קוקה קולה זירו בקבוק500מ,החברה המרכזית לייצור משק,IL,קוקה קולה זירו,מיליליטרים,500.00,"100 מ""ל",false,0,8.50,1.70,true,1,
7290008981279,false,זעתר עם שומשום נחלה100גר,קפה אל נח'לה,IL,זעתר עם שומשום,גרמים,100.00,100 גרם,false,0,13.50,13.50,true,1,
7290009011005,true,פילה אמנון קפוא שופרסל ל,שופרסל,CN,פילה אמנון קפוא,קילוגרמים,0.00,"ק""ג",true,1,32.90,32.90,true,1,
7290009011555,true,סטייק עין אנטריקוט טרי,,IL,ס.אנטריקוט טרי,קילוגרמים,0.00,"ק""ג",true,1,139.90,139.90,true,1,
7290009011586,true,קשתית) אסאדו(טרי ארוז שו,,IL,אסאדו טרי ארוז,קילוגרמים,0.00,"ק""ג",true,1,49.90,49.90,true,1,
7290009011678,true,קוביות לגולש טרי ארוז לק,,IL,קוביות לגולש טרי,קילוגרמים,0.00,"ק""ג",true,1,69.90,69.90,true,1,
7290009012187,true,קוביות לגולש טרי חלקארוז,,IL,קוביות גולש טרי,קילוגרמים,0.00,"ק""ג",true,1,69.90,69.90,true,1,
7290009012279,true,צלי כתף טרי חלק ארוז לקג,,IL,צלי כתף טרי,קילוגרמים,0.00,"ק""ג",true,1,89.90,89.90,true,1,
7290009137408,true,מיקס דונאטס 4 יח,סטוקסון,PL,מיקס דונאטס 4 יח,יחידה,1.00,יחידה,false,1,19.90,19.90,true,1,
7290009137897,true,אבוקדו במשקל,,IL,אבקודו גליל,קילוגרמים,0.00,"ק""ג",true,1,19.90,19.90,true,1,
7290009165142,true,שיפודי פרגיות קפוא 500 ג,,IL,שיפודי פרגיות,גרמים,500.00,100 גרם,false,1,44.90,8.98,true,1,
7290009391268,true,נתחי פילה סלמון קפוא שופ,FISK EKKO,DK,נתחי פילה סלמון,קילוגרמים,0.00,"ק""ג",true,0,89.90,89.90,true,1,
7290009391282,true,פילהאמנון7-9ע.עור100%דג,הויזונג ביילו גוושי,CN,פילה אמנון קפוא,קילוגרמים,0.00,"ק""ג",true,0,39.90,39.90,true,1,
7290009391336,true,פילה אמנון קפוא 80% קג,XINTAISHENG HAINAN,CN,פילה אמנון קפוא,קילוגרמים,0.00,"ק""ג",true,0,32.90,32.90,true,1,
7290009391626,true,שוקיים עוף טרי פרמיום קג,מילועוף,IL,שוקיים פרמיום,קילוגרמים,0.00,"ק""ג",true,1,37.90,37.90,true,1,
7290009391633,true,פרגיות טרי פרימיום שופרס,מילועוף,IL,פרגיות פרמיום טר,קילוגרמים,0.00,"ק""ג",true,1,69.90,69.90,true,1,
7290009391657,true,שניצל עוף דק פרימיום שופ,מילועוף,IL,שניצל דק פרמיום,קילוגרמים,0.00,"ק""ג",true,1,44.90,44.90,true,1,
7290009391664,true,פילה עוף טרי פרמיום שופר,מילועוף,IL,פילה פרמיום טרי,קילוגרמים,0.00,"ק""ג",true,1,49.90,49.90,true,1,
7290009397642,true,חמישיית מאפין שוקו 200גר,---,IL,חמישיית מאפין,גרמים,5.00,100 גרם,false,0,10.90,218.00,true,1,
7290009398618,true,סופגניה גדולה רגילה יח',גידרון,IL,סופגניה רגילה,גרמים,80.00,100 גרם,false,0,5.90,7.38,true,1,
7290009398687,true,דונאט,גידרון,IL,דונאט,יחידה,1.00,יחידה,false,0,7.50,7.50,true,1,
7290009398786,true,5 פיתות אסליות 500 גרם,---,IL,5 פיתות אסליות,גרמים,500.00,100 גרם,false,0,8.50,1.70,true,1,
7290009950106,true,משקה אנרגיה250מל,,,משקה אנרגיה250מל,מיליליטרים,250.00,"100 מ""ל",false,0,5.80,2.32,true,1,
7290009950151,true,בירה מצוננת500מל,,,בירה מצוננת500מל,מיליליטרים,500.00,"100 מ""ל",false,0,11.00,2.20,true,1,
7290009950717,true,סופגניה גדולה מצופה יח',גידרון,IL,סופגניה מצופה,יחידה,1.00,יחידה,false,0,7.90,7.90,true,1,
7290009950724,true,סופגניה מיני מצופה,גידרון,IL,סופגנ.מיני מצופה,יחידה,1.00,יחידה,false,0,5.90,5.90,true,1,
7290009951899,true,מאפה מלוח משקל,גידרון,IL,מאפה מלוח חלבי,קילוגרמים,0.00,"ק""ג",true,0,42.00,42.00,true,1,
7290009951912,true,מאפה מתוק משקל,גידרון,IL,מאפה מתוק,קילוגרמים,0.00,"ק""ג",true,0,42.00,42.00,true,1,
7290009952308,true,מארז 4יח לחמניית דגנים י,גידרון,IL,לחמניה דגנים 4יח,יחידה,1.00,יחידה,false,0,13.90,13.90,true,1,
7290009952674,true,"משקה מצונן 330 מ""ל",,IL,משקה מצונן330מל,מיליליטרים,330.00,"100 מ""ל",false,0,6.50,1.97,true,1,
7290009952698,true,"משקה מצונן 250 מ""ל",,IL,משקה מצונן250מל,מיליליטרים,250.00,"100 מ""ל",false,0,6.30,2.52,true,1,
7290009952896,true,בירה מצונן ב.חוז,,,בירה מצונן ב.חוז,מיליליטרים,500.00,"100 מ""ל",false,0,13.90,2.78,true,1,
7290009954999,true,מים מצוננים500מל,,IL,מים מצוננים500מל,מיליליטרים,500.00,"100 מ""ל",false,0,6.90,1.38,true,1,
7290009955002,true,מים מצוננים1.5ל,,IL,מים מצוננים1.5ל,ליטרים,1.50,ליטר,false,0,8.00,5.33,true,1,
7290009955019,true,משקה מצונן 1.5ל,,IL,משקה מצונן 1.5ל,ליטרים,1.50,ליטר,false,0,12.00,8.00,true,1,
7290009958515,true,"תפו""ע קנדין אורגני במשקל",,IT,תפוח עץ קנדין,קילוגרמים,0.00,"ק""ג",true,1,20.90,20.90,true,1,
7290010002078,false,פלפל שחור טחון 100 גרם,א.ל ייצור ושיווק תבלינים,IL,פלפל שחור טחון,גרמים,100.00,100 גרם,false,0,16.90,16.90,true,1,
7290010002092,false,פלפל שחור גרוס דק 90 גרם,א.ל ייצור ושיווק תבלינים,IL,פלפל שחור גרוס,גרמים,90.00,100 גרם,false,0,16.90,18.78,true,1,
7290010002146,false,פפריקה מרוקאית מתוקה100ג,א.ל ייצור ושיווק תבלינים,IL,פפריקה מרוקאית,גרמים,100.00,100 גרם,false,0,12.90,12.90,true,1,
7290010002351,false,זעתר ושומשום בלדי 100גרם,א.ל ייצור ושיווק תבלינים,IL,זעטר ושומשום,גרמים,100.00,100 גרם,false,0,12.90,12.90,true,1,
7290010003754,false,כמון טחון,,IL,כמון טחון,גרמים,50.00,100 גרם,false,0,7.00,14.00,true,1,
7290010066582,false,טונה בשמן קנולה 158*4 גר,תעשיות פילטונה,IL,טונה בשמן 4 יח,גרמים,632.00,100 גרם,false,0,25.90,4.10,true,1,
7290010116980,false,שוקולית 850 גרם,שטראוס קפה בי.וי.,IL,שוקולית עלית,גרמים,850.00,100 גרם,false,0,19.50,2.29,true,1,
7290010154241,false,חזרת 250 גרם,נטו,IL,סלט חזרת ביתית,גרמים,250.00,100 גרם,false,0,15.90,6.36,true,1,
7290010163632,false,שזיף ללא גלעין 400גרם,---,IL,שזיף ללא גלעין,גרמים,400.00,100 גרם,false,0,27.70,6.93,true,1,
7290010163700,false,שקדים קלופים טבעי200ג,שקדיה,IL,שקד טבעי,גרמים,200.00,100 גרם,false,0,19.90,9.95,true,1,
7290010237890,false,בירה הייניקן בק.חוזר500מ,טמפו משקאות בע''מ,IL,בירה הייניקן,מיליליטרים,500.00,"100 מ""ל",false,0,10.00,2.00,true,1,
7290010259823,false,מנת השף נודלס,,TH,מנת השף נודלס,גרמים,70.00,100 גרם,false,0,5.90,8.43,true,1,
7290010259830,false,מנת השף נודלס,,TH,מנת השף נודלס,גרמים,70.00,100 גרם,false,0,5.90,8.43,true,1,
7290010259854,false,מנת השף נודלס,,TH,מנת השף נודלס,גרמים,70.00,100 גרם,false,0,5.90,8.43,true,1,
7290010429554,false,"שמן זית 2 קלאסי 750מ""ל",מכוורת יד מרדכי שטראוס ב,IL,שמן זית 2 קלאסי,מיליליטרים,750.00,"100 מ""ל",false,0,37.90,5.05,true,1,
7290010471669,false,דנונה בר תות קורנפ175.גר,"שטראוס בריאות בע""\מ",IL,דנונה בר תות,גרמים,175.00,100 גרם,false,0,4.80,2.74,true,1,
7290010609000,false,טרופיקש משקה ענבים 200מ,דודו הדיל,IL,טרופיקש יחידה,מיליליטרים,200.00,"100 מ""ל",false,1,2.50,1.25,true,1,
7290010650194,false,שורש גינגר טרי ארוז,תקוע,CN,שורש גינגר טרי,גרמים,250.00,100 גרם,false,0,11.90,4.76,true,1,
7290010711703,false,שקיות אוכל מנייר,,IL,שקיות אוכל מנייר,יחידה,1.00,יחידה,false,0,7.10,7.10,true,1,
7290010760886,false,בורקס גבינה לפסח 600 גרם,מאפיית אריאל,IL,בורקס גבינה כשלפ,גרמים,600.00,100 גרם,false,1,23.90,3.98,true,1,
7290010945450,false,גבינה לבנה 3% 250 גרם,טרה,IL,גבינה לבנה3%,גרמים,250.00,100 גרם,false,0,4.80,1.92,true,1,
7290010970193,false,סילאן תמרים טבעי 900 גרם,"ג.מ טעם הארץ בע""\ם",IL,סילאן תמרים טבעי,גרמים,900.00,100 גרם,false,1,21.90,2.43,true,1,
7290010970759,false,"סירופ מלבי 250 מ""ל","ג.מ טעם הארץ בע""\ם",IL,סירופ מלבי,מיליליטרים,250.00,"100 מ""ל",false,1,11.90,4.76,true,1,
7290011017873,false,פחית קוקה קולה זירו330מל,החברה המרכזית לייצור משק,IL,קולה זירו,מיליליטרים,330.00,"100 מ""ל",false,0,5.40,1.64,true,1,
7290011017880,false,פחית קוקה קולה דיאט330מ,החברה המרכזית לייצור משק,IL,קוקה קולה דיאט,מיליליטרים,330.00,"100 מ""ל",false,0,5.40,1.64,true,1,
7290011018184,false,פיוז תה אפרסק,,IL,פיוז תה אפרסק,מיליליטרים,500.00,"100 מ""ל",false,0,8.80,1.76,true,1,
7290011018443,false,פחית פאנטה ט.אורנג330'מל,החברה המרכזית לייצור משק,IL,פאנטה ט.אורנג פח,מיליליטרים,330.00,"100 מ""ל",false,0,5.40,1.64,true,1,
7290011051440,false,שוופס מוגז פירות יער500מ,יפאורה תבורי בעמ,IL,שוופס מוגז,מיליליטרים,500.00,"100 מ""ל",false,0,8.60,1.72,true,1,
7290011064099,false,פינצ'וס פלפלונים +גב125ג,גבינות ניצן,IL,פלפלונים+גבינה,גרמים,125.00,100 גרם,false,1,21.90,17.52,true,1,
7290011081690,false,קרמיסימו פרווה שוקו/וניל,"גלידת שטראוס בע""\מ, רחוב",IL,קרמיסימו פרווה ש,ליטרים,1.33,ליטר,false,0,21.90,16.47,true,1,
7290011131388,false,"מוזלי תפוח קינמון 1 ק""ג",וויטליה,MK,מוזלי קראנצ'י,קילוגרמים,1.00,"ק""ג",false,0,28.90,28.90,true,1,
7290011131968,false,"גרנולה אגוזים 1 ק""ג",וויטליה,MK,גרנולה אגוזים,קילוגרמים,1.00,"ק""ג",false,0,27.70,27.70,true,1,
7290011132309,false,גולדסטאר בלק רוסט330*6מ,"טמפו משקאות בע""\מ",IL,גולדסטאר בלאק6יח,ליטרים,1.98,ליטר,false,1,40.90,20.66,true,1,
7290011154035,false,"תרכיז תפוחים סחוט 500מ""ל",---,IL,תרכיז תפוחים,מיליליטרים,500.00,"100 מ""ל",false,1,21.50,4.30,true,1,
7290011194215,false,דניאלה בננה 88 גרם,"שטראוס גרופ בע""\מ",IL,דניאלה בננה,גרמים,88.00,100 גרם,false,0,4.30,4.89,true,1,
7290011194246,false,קוטג' 5% שומן 250 גרם,"שטראוס בריאות בע""\מ",IL,קוטג' 5% שומן,גרמים,250.00,100 גרם,false,0,6.00,2.40,true,1,
7290011378233,false,"חטיפי חלבה וניל ללת""ס126","רושדי תעשיות מזון בע""\מ",IL,"חט.חלבה ללת""ס",גרמים,126.00,100 גרם,false,0,13.90,11.03,true,1,
7290011498511,false,ממרח חלבה מלאה עשירה350ג,שקד תבור,IL,ממרח חלבה,גרמים,350.00,100 גרם,false,1,16.90,4.83,true,1,
7290011499051,false,פטה כבשים 20% 250ג,מחלבות גד,IL,פטה כבשים,גרמים,250.00,100 גרם,false,0,26.90,10.76,true,1,
7290011499105,false,גבינה בולגרית 5% 250 גרם,מחלבות גד,IL,גבינה בולגרית 5%,גרמים,250.00,100 גרם,false,0,23.30,9.32,true,1,
7290011499112,false,גבינה בולגרית 16% 250גרם,מחלבות גד,IL,גבינה בולגרית,גרמים,250.00,100 גרם,false,0,23.70,9.48,true,1,
7290011499129,false,קוב.בולג.מעודנת 5% 200ג,קוד יצרן DSH,IL,קוביות בולגרית,גרמים,200.00,100 גרם,false,0,23.60,11.80,true,1,
7290011499327,false,גב.בולגרית מעודנת5% 250ג,מחלבות גד,IL,בולגרית מעודנת5%,גרמים,250.00,100 גרם,false,0,23.90,9.56,true,1,
7290011499341,false,גבינת קאשקבלו 26%ש 200ג,"מחלבות גד בע""\מ",IL,גבינת קאשקבלו,גרמים,200.00,100 גרם,false,0,29.90,14.95,true,1,
7290011499358,false,פטה עיזים 20% שומן 200 ג,מחלבות גד,IL,פטה עיזים20%,גרמים,200.00,100 גרם,false,0,27.90,13.95,true,1,
7290011499365,false,חלומי גד גב.קשה 24% 200ג,"מחלבות גד בע""\מ",IL,חלומי גד 24%,גרמים,200.00,100 גרם,false,0,21.90,10.95,true,1,
7290011499419,false,גב.שמנת ט.טבעי5% 200גרם,מחלבות גד,IL,גבינת שמנת גד5%,גרמים,200.00,100 גרם,false,0,11.80,5.90,true,1,
7290011499624,false,גבינת שמנת 30% טבעי200גר,מחלבות גד,IL,גבינת שמנת 30%,גרמים,200.00,100 גרם,false,0,13.40,6.70,true,1,
7290011499846,false,ריקוטה פרסקה 9%,,IL,ריקוטה פרסקה 9%,גרמים,300.00,100 גרם,false,0,19.00,6.33,true,1,
7290011518561,false,"אקטימל תות 100*14 מ""ל","שטראוס בריאות בע""\מ",IL,אקטימל מארז14יח',ליטרים,1.40,ליטר,false,0,32.60,23.29,true,1,
7290011570798,false,כרגיל תע.עוגת שוקולד450ג,אשבל מזון פונקציונלי בע\,IL,תערובת לעוגה,גרמים,450.00,100 גרם,false,1,17.90,3.98,true,1,
7290011598211,false,סנו אנטי קאלק נ.כללי700מ,סנו מפעלי ברונוס בעמ,IL,סנו אנטי קאלק,מיליליטרים,700.00,"100 מ""ל",false,0,19.90,2.84,true,1,
7290011618025,false,בייבי ביס בטעם טבעי 50 ג,want-want,CN,בייבי ביס,גרמים,50.00,100 גרם,false,0,14.90,29.80,true,1,
7290011618216,false,בייבי ביס טעם בננה 50 גר,want-want,CN,בייבי ביס,גרמים,50.00,100 גרם,false,0,14.90,29.80,true,1,
7290011765200,false,ג'ל ניקוי ידיים אלורה300,קוסמופארם,IL,ג'ל ניקוי לידים,מיליליטרים,300.00,"100 מ""ל",false,0,19.90,6.63,true,1,
7290011765446,false,משחה אורביטול ענבים 70 ג,טרופיקל דגיל תעשיות קוסמ,IL,משחת שיניים,גרמים,70.00,100 גרם,false,0,8.90,12.71,true,1,
7290011800840,false,טחינה בלאדי רפי כהן 400ג,סלטי צבר,IL,סלט טחינה בלאדי,גרמים,400.00,100 גרם,false,0,17.90,4.48,true,1,
7290011860271,false,ביסבול טבעי 700 גרם,"תעשיות תפוגן בע""\מ",IL,ביסבול טבעי,גרמים,700.00,100 גרם,false,0,17.80,2.54,true,1,
7290011876388,false,קציצות עוף ובקר 600גרם,מאמא עוף,IL,קציצות עוף ובקר,גרמים,600.00,100 גרם,false,0,34.90,5.82,true,1,
7290011877101,false,"סנומוד ניחוח מאסק 150מ""ל",סנו מפעלי ברונוס בעמ,IL,סנומוד,מיליליטרים,150.00,"100 מ""ל",false,0,11.90,7.93,true,1,
7290011877859,false,סנו אינסטלטור 200 גרם,סנו מפעלי ברונוס בעמ,IL,סנו אינסטלטור,גרמים,200.00,100 גרם,false,0,15.90,7.95,true,1,
7290012030499,false,אל אם בלו קצר,פיליפ מוריס,TR,אל אם בלו קצר,יחידה,1.00,יחידה,false,1,32.00,32.00,false,1,
7290012030574,false,אל אם קפסולה חפ,פיליפ מוריס,TR,ל.מ פורוורד,יחידה,1.00,יחידה,false,1,32.00,32.00,false,1,
7290012040009,false,אל אם בלו קצר פקט 10 יחי,פיליפ מוריס,TR,ל.מ. בלו קצר,יחידה,1.00,יחידה,false,1,312.00,312.00,false,1,
7290012040191,false,נקסט ריסס פקט,פיליפ מוריס,TR,נקסט ריסס קצר,יחידה,1.00,יחידה,false,1,275.00,275.00,false,1,
7290012086113,false,עגבניה שרי אשכולות מובחר,קטיף.,IL,שרי אשכולות,גרמים,460.00,100 גרם,false,0,10.90,2.37,true,1,
7290012116551,false,"סנו אנטי קאלק רב""ש 2ליטר",סנו מפעלי ברונוס בעמ,IL,סנו אנטי קאלק,ליטרים,2.00,ליטר,false,0,24.30,12.15,true,1,
7290012117558,false,מרכ.מקסימה ס.מרוכז מסק1ל,"סנו מפעלי ברונוס בע""\מ",IL,מקסימה ס.מרוכז,ליטרים,1.00,ליטר,false,0,18.90,18.90,true,1,
7290012226120,false,קבנוס 135 גרם,זוגלובק,IL,קבנוס,גרמים,135.00,100 גרם,false,0,12.90,9.56,true,1,
7290012226342,false,נקנקיה טבעונית 460 גרם,זוגלובק,IL,נקניקיה טבעונית,גרמים,460.00,100 גרם,false,1,31.90,6.93,true,1,
7290012226779,false,שניצל ירוק 480 גרם,זוגלובק,NL,שניצל ירוק,גרמים,480.00,100 גרם,false,1,29.90,6.23,true,1,
7290012226939,false,קבנוס בטעם צ'ילי 135 גרם,זוגלובק,IL,קבנוס בטעם צ'ילי,גרמים,135.00,100 גרם,false,0,12.90,9.56,true,1,
7290012227325,false,סלמי איטלקי מעושן דק דק,זוגלובק,IL,סלמי איטלקי מעוש,גרמים,120.00,100 גרם,false,1,14.90,12.42,true,1,
7290012227974,false,פסטרמה בדבש דק דק דק,זוגלובק,IL,פסטרמה בדבש דק,גרמים,120.00,100 גרם,false,1,14.90,12.42,true,1,
7290012227981,false,פסטרמה ברביקיו דק דק דק,זוגלובק,IL,פסטרמה ברביקיו,גרמים,120.00,100 גרם,false,1,14.90,12.42,true,1,
7290012227998,false,חזה בקר דק דק 120 גרם 12,זוגלובק,IL,חזה בקר דק דק,גרמים,120.00,100 גרם,false,1,14.90,12.42,true,1,
7290012228278,false,נקניקיות בוקוורסט הודו,זוגלובק,IL,נקניקיות הודו-בק,גרמים,310.00,100 גרם,false,1,23.90,7.71,true,1,
7290012367717,false,ק.ידיים שיבולת שועל 150מ,פישר מעבדות פרמצבטיות בע,IL,קרם ידיים,מיליליטרים,150.00,"100 מ""ל",false,0,16.40,10.93,true,1,
7290012404955,false,ספרינג קולקש.חמוציות1.25,"יפאורה תבורי בע""\מ",IL,ספרינג חמוציות,ליטרים,1.25,ליטר,false,0,13.90,11.12,true,1,
7290012413636,false,תה ירוק צ'אי מסאלה 25שק',ויסוצקי,IL,תה ירוק צ'אי,גרמים,38.00,100 גרם,false,0,26.90,70.79,true,1,
7290012522581,false,שניצל תירס טבעול ל.גלוטן,טבעול,IL,שניצל תירס,גרמים,664.00,100 גרם,false,0,25.90,3.90,true,1,
7290012561405,false,דורות בצל חצי מטוגן 180,דורות,IL,בצל חצי מטוגן,גרמים,180.00,100 גרם,false,0,11.90,6.61,true,1,
7290012576591,false,"גוורצטרמינר רזרב 750 מ""ל",יקבי ברקן שיווק והפצה בע,IL,יין גוורצטרמינר,מיליליטרים,750.00,"100 מ""ל",false,1,49.90,6.65,true,1,
7290012759659,false,חטיפ.בראוניז אגוז מלך240,,IL,חטיפי בראוניז,גרמים,280.00,100 גרם,false,1,27.90,9.96,true,1,
7290012759673,false,חטיף בראוניז 240גרם,,IL,חטיף בראוניז,גרמים,240.00,100 גרם,false,1,27.90,11.63,true,1,
7290012759734,false,חטיף בראוניז שחור&לבן40ג,,IL,חטיף בראוניז,גרמים,40.00,100 גרם,false,1,8.50,21.25,true,1,
7290012803789,false,"שוק.מריר אגוז ללת""ס 100ג",אלטינמארקה,TR,שוקולד מריר אגוז,גרמים,100.00,100 גרם,false,0,11.90,11.90,true,1,
7290012823602,false,נייר טואלט סופט לבן 32גל,מפעלי ברונוס בעמ,IL,נ.טואלט סופט לבן,מטרים,588.00,100 מטר,false,0,33.90,5.77,true,1,
7290012868719,false,"קמח כוסמין 70% 1 ק""ג",י.ש. חמד תעשיות,IL,קמח כוסמין 70%,קילוגרמים,1.00,"ק""ג",false,1,20.90,20.90,true,1,
7290012884986,false,"ציפס לתנור 1.5 ק""ג","תעשיות תפוגן בע""\מ",IL,ציפס לתנור,קילוגרמים,1.50,"ק""ג",false,0,29.90,19.93,true,1,
7290012894152,false,בייקאיט בטעם שוקולד 280,מוצרי שום ותיבול דורות,IL,בייקאיט בטעם שוק,גרמים,280.00,100 גרם,false,1,29.90,10.68,true,1,
7290012894169,false,בייקאיט בטעם וניל,מוצרי שום ותיבול דורות,IL,בייקאיט וניל,גרמים,260.00,100 גרם,false,1,29.90,11.50,true,1,
7290012901355,false,ארוחת מקרוני עם גבינה206,הנדריקס פודס,US,ארוחת מקרוני,גרמים,206.00,100 גרם,false,1,12.90,6.26,true,1,
7290012901973,false,שעועית אדומה 400 גרם,יורוקום אס.אר.אל,IT,שעועית אדומה,גרמים,400.00,100 גרם,false,1,10.90,2.73,true,1,
7290012921032,false,"בירה מלכה אדמונית 330מ""ל",בירה מלכה,IL,בירה מלכה,מיליליטרים,330.00,"100 מ""ל",false,0,14.90,4.52,true,1,
7290012938597,false,משחת סנסודין רפיד רליף75,MICLEN DE,GB,משחת סנסודיין,מיליליטרים,75.00,"100 מ""ל",false,0,26.90,35.87,true,1,
7290013027399,false,לחם מלא+100%שיפון-קל750ג,מאפיית שלמה א. אנג'\ל בע,IL,אנג'ל -100קל,גרמים,750.00,100 גרם,false,0,15.90,2.12,true,1,
7290013117212,false,בורקס פילו גבינה 600 גרם,"מעדנות בע""\מ",IL,בורקס גבינה,גרמים,600.00,100 גרם,false,0,23.90,3.98,true,1,
7290013117526,false,בצק שמרים למאפים מתוקים,"מעדנות בע""\מ",IL,בצק שמרים,גרמים,900.00,100 גרם,false,0,25.70,2.86,true,1,
7290013121127,false,לחמניות מיני,,IL,לחמניות מיני,גרמים,460.00,100 גרם,false,0,18.90,4.11,true,1,
7290013144393,false,"תמצית בטעם וניל 50 מ""ל",א.ל ייצור ושיווק תבלינים,IL,תמצית וניל,מיליליטרים,50.00,"100 מ""ל",false,0,5.50,11.00,true,1,
7290013145840,false,סוכר וניל בצלופן 10 יח',א.ל ייצור ושיווק תבלינים,IL,סוכר וניל 10 יח,יחידה,1.00,יחידה,false,0,3.50,3.50,true,1,
7290013145918,false,אבקת סוכר 100 גרם,א.ל. ייצור ושיווק תבליני,IL,אבקת סוכר,גרמים,100.00,100 גרם,false,0,2.30,2.30,true,1,
7290013170583,false,"פירורית אסם כשל""פ 350גרם","אסם השקעות בע""\מ",IL,פירורית,גרמים,350.00,100 גרם,false,0,12.90,3.69,true,1,
7290013181183,false,20כוסות שתייה חמה מתכלות,,IL,כוסות שתייה חמה,יחידה,1.00,יחידה,false,0,14.90,14.90,true,1,
7290013185105,false,כריך בלחמניה 230 גרם,משהו משהו,IL,כריך בלחמניה,גרמים,230.00,100 גרם,false,1,12.90,5.61,true,1,
7290013268020,false,מקסימה סופר מרוכז פרש 1ל,"סנו מפעלי ברונוס בע""\מ",IL,מרכך כביסה,ליטרים,1.00,ליטר,false,0,18.90,18.90,true,1,
7290013268242,false,ריצפז פרש מלון מפנק 2 ל,"סנו מפעלו ברונוס בע""\מ",IL,ריצפז פרש הום,ליטרים,2.00,ליטר,false,1,21.90,10.95,true,1,
7290013269263,false,מקסימה ג'ל כביסה 3ליטר,סנו מפעלי ברונוס בעמ,IL,מקסימה ג'ל,ליטרים,3.00,ליטר,false,0,35.60,11.87,true,1,
7290013269287,false,מקסימה ג'ל כביסה מאסק3ל,"סנו מפעלי ברונוס בע""\מ",IL,ג'ל כביסה מרוכז,ליטרים,3.00,ליטר,false,0,35.60,11.87,true,1,
7290013284167,false,מלפפונים במלח,,IL,מלפפונים במלח,גרמים,560.00,100 גרם,false,0,13.30,2.38,true,1,
7290013284310,false,רוטב פסטה,,IL,רוטב פסטה,גרמים,240.00,100 גרם,false,0,6.50,2.71,true,1,
7290013310163,false,מדליק פחם מוצק 40 יחידות,BX.P,DE,מדליק פחם מוצק,יחידה,1.00,יחידה,false,0,7.80,7.80,true,1,
7290013310477,false,שיפודי במבוק שטוחים 25יח,,CN,שיפודי במבוק,יחידה,1.00,יחידה,false,1,9.90,9.90,true,1,
7290013358516,false,מיקסלט עם חמוציות 200גרם,אפקט טבעי,IL,מיקסלט,גרמים,200.00,100 גרם,false,0,15.80,7.90,true,1,
7290013358585,false,נודלס ביצים להקפצה 400ג,"ש. שסטוביץ בע""\מ",CN,נודלס ביצים,גרמים,400.00,100 גרם,false,1,10.80,2.70,true,1,
7290013366085,false,תירס מתוק במיוחד,כרמלים שדות חדשים,IL,תירס מתוק במיוחד,גרמים,800.00,100 גרם,false,1,19.90,2.49,true,1,
7290013531117,false,רוטב פסטה לילדים 240 גרם,"זנלכל בע""\מ",IL,רוטב פסטה,גרמים,240.00,100 גרם,false,0,6.90,2.88,true,1,
7290013585233,false,"ספרייט זירו 330 מ""ל",קוקה קולה,IL,ספרייט זירו,מיליליטרים,330.00,"100 מ""ל",false,1,5.40,1.64,true,1,
7290013585257,false,"ספרייט זירו 500 מ""ל",החברה המרכזית לייצור משק,IL,ספרייט זירו,מיליליטרים,500.00,"100 מ""ל",false,1,8.50,1.70,true,1,
7290013585387,false,קולה זירו 1 ליטר,החברה המרכזית לייצור משק,IL,קולה זירו,ליטרים,1.00,ליטר,false,1,7.20,7.20,true,1,
7290013585394,false,קוקה קולה 1 ליטר,החברה המרכזית לייצור משק,IL,קוקה קולה,ליטרים,1.00,ליטר,false,1,7.50,7.50,true,1,
7290013585967,false,ספרייט זירו פחיות 330*6מ,קוקה קולה,IL,ספרייט זירו 6 פח,ליטרים,1.98,ליטר,false,1,24.90,12.58,true,1,
7290013787392,false,רביולי במילוי גבינות,דודו איטליאן פרודקטס בע\,IL,רביולי במילוי גב,גרמים,330.00,100 גרם,false,1,28.90,8.76,true,1,
7290013787408,false,רביולי בטטה 330 גרם,דודו איטליאן פרודקטס בע\,IL,רביולי בטטה,גרמים,330.00,100 גרם,false,1,28.90,8.76,true,1,
7290013816146,false,פולי קקאו מצופים 100 גרם,הולי קקאו,IL,פולי קקאו מצופים,גרמים,100.00,100 גרם,false,1,19.90,19.90,true,1,
7290013816177,false,שבבי פולי קקאו מצופה100ג,הולי קקאו,IL,שבבי פולי קקאו,גרמים,100.00,100 גרם,false,1,19.90,19.90,true,1,
7290013847409,false,טונה 4% פלפל+לימון140ג,סטארקיסט,TH,טונה סטארקיסט,גרמים,140.00,100 גרם,false,1,9.90,7.07,true,1,
7290013847645,false,טונה בשמן זית 80*3 גרם,---,TR,טונה בשמן זית3יח,גרמים,240.00,100 גרם,false,1,19.90,8.29,true,1,
7290013861955,false,תערובת פיצוחים 200גרם,שקדיה,IL,תערובת פיצוחים,גרמים,200.00,100 גרם,false,0,24.70,12.35,true,1,
7290013927101,false,"עוגה ללת""ס תפו""ע 450 גרם","אחדות בע""מ א.ת. ברקן",IL,עוגת תפוח עץ,גרמים,450.00,100 גרם,false,0,13.90,3.09,true,1,
7290014002203,false,חליטת לימונית לואיזה 25ש,ויסוצקי,IL,חליטת לימונית,גרמים,75.00,100 גרם,false,0,19.90,26.53,true,1,
7290014002647,false,תה ירוק לימונ.לואיזה15שק,---,IL,תה ירוק 15 שקיק.,גרמים,22.00,100 גרם,false,0,13.90,63.18,true,1,
7290014083479,false,גבינת גאודה,,IL,גבינת גאודה,גרמים,150.00,100 גרם,false,0,11.90,7.93,true,1,
7290014094062,false,גרעין שחור קלוי 200גרם,שקדיה,IL,גרעין שחור קלוי,גרמים,200.00,100 גרם,false,0,7.80,3.90,true,1,
7290014094079,false,בוטן קלוף קלוי 200גרם,שקדיה,IL,בוטן קלוף קלוי,גרמים,200.00,100 גרם,false,0,10.80,5.40,true,1,
7290014095052,false,פקאן מסוכר 150גרם,שקדיה,IL,פקאן מסוכר,גרמים,150.00,100 גרם,false,1,19.70,13.13,true,1,
7290014218321,false,בורקס יפו גבינה 600גרם,"מעדנות בע""\מ",IL,בורקס יפו גבינה,גרמים,600.00,100 גרם,false,1,19.90,3.32,true,1,
7290014218932,false,חטיפי פיצה בתוספת זיתים,"מעדנות בע""\מ",IL,חטיפי פיצה בתוספ,גרמים,710.00,100 גרם,false,1,37.90,5.34,true,1,
7290014256637,false,מוסקטו מבעבע באזז 750 מל,יקבי כרמל,IL,מוסקטו באזז,מיליליטרים,750.00,"100 מ""ל",false,0,29.90,3.99,true,1,
7290014397729,false,אקונומיקה פיסגה,,IL,אקונומיקה פיסגה,ליטרים,2.00,ליטר,false,0,11.50,5.75,true,1,
7290014397835,false,סנומט סמארט,,IT,סנומט סמארט,יחידה,1.00,יחידה,false,0,37.00,37.00,true,1,
7290014455252,false,גרנה פדנו מגורדת 100 גרם,---,IT,גבינה גרנה פדנו,גרמים,100.00,100 גרם,false,1,12.90,12.90,true,1,
7290014455467,false,מעדן שיבולת שועל 150 גרם,מחלבות גד,IL,מעדן שיבולת שועל,גרמים,150.00,100 גרם,false,1,6.00,4.00,true,1,
7290014459267,false,"תפוגן פרוסות סלייס 1.5ק""","תעשיות תפוגן בע""\מ",IL,תפוגן פרוסות,קילוגרמים,1.50,"ק""ג",false,10,28.90,19.27,true,1,
7290014466609,false,"גמלא מרלו 750 מ""ל",יקב רמת הגולן,IL,גמלא מרלו,מיליליטרים,750.00,"100 מ""ל",false,1,59.90,7.98,true,1,
7290014500525,false,50 כוסות שתיה קרה 30oz,WWP,IL,כוסות שקוף,יחידה,1.00,יחידה,false,1,13.00,13.00,true,1,
7290014525665,false,עוג.קקאו על חלל שוק140ג,"מרבה בע""\מ",NL,עוגיות על חלל,גרמים,140.00,100 גרם,false,1,10.90,7.79,true,1,
7290014692305,false,קממבר,,DK,קממבר,גרמים,125.00,100 גרם,false,0,21.10,16.88,true,1,
7290014692350,false,עגבניות מיובשות בשמן340ג,---,CN,עגבניות מיובשות,גרמים,340.00,100 גרם,false,0,12.90,3.79,true,1,
7290014748651,false,פילה אמנון מצופה 360 גרם,מוצרי עוף טוב (2001) בע\,IL,פילה אמנון מצופה,גרמים,360.00,100 גרם,false,1,34.90,9.69,true,1,
7290014748958,false,פופקורן מיני אמנון ציפס,מוצרי עוף טוב (2001) בע\,IL,אמנון פופקורן,גרמים,400.00,100 גרם,false,1,34.90,8.73,true,1,
7290014758100,false,יוגורט ביו 8 יח,,IL,יוגורט ביו 8 יח,קילוגרמים,1.20,"ק""ג",false,0,17.30,14.42,true,1,
7290014758117,false,יוגורט ביו 8 יח,,IL,יוגורט ביו 8 יח,קילוגרמים,1.20,"ק""ג",false,0,14.90,12.42,true,1,
7290014759084,false,גבינת נפוליאון,,IL,גבינת נפוליאון,גרמים,225.00,100 גרם,false,0,15.00,6.67,true,1,
7290014759978,false,גבינת קשקבל / גלעד 200גר,תנובה,IL,גב.קשקבל / גלעד,גרמים,200.00,100 גרם,false,0,28.50,14.25,true,1,
7290014759992,false,רוקפור גליל26% כבשים140ג,תנובה,IL,קולאז' רוקפור,גרמים,140.00,100 גרם,false,0,20.00,14.29,true,1,
7290014760134,false,מעדן סויה בטעם וניל 125ג,---,IL,מעדן סויה וניל,גרמים,125.00,100 גרם,false,1,4.70,3.76,true,1,
7290014760141,false,משקה שקדים טרי 1 ליטר,סוי מג'יק,IL,משקה שקדים,ליטרים,1.00,ליטר,false,1,14.80,14.80,true,1,
7290014760448,false,גבינת גלבוע 22% 400 גרם,תנובה,IL,גבינת גלבוע,גרמים,400.00,100 גרם,false,1,24.00,6.00,true,1,
7290014760912,false,גוש חלב מהדרין28% 400גרם,תנובה,IL,גבינה גוש חלב,גרמים,400.00,100 גרם,false,1,26.10,6.53,true,1,
7290014761056,false,יולו שוקולד חלב,,IL,יולו שוקולד חלב,גרמים,123.00,100 גרם,false,0,5.00,4.07,true,1,
7290014761063,false,יולו שוקולד מריר,,IL,יולו שוקולד מריר,גרמים,123.00,100 גרם,false,0,5.00,4.07,true,1,
7290014761070,false,יולו שוקולד לבן,,IL,יולו שוקולד לבן,גרמים,123.00,100 גרם,false,0,5.00,4.07,true,1,
7290014761193,false,פרילי פירות יער 125 גרם,מחלבת אלון תבור,IL,פרילי פירות יער,גרמים,125.00,100 גרם,false,0,3.70,2.96,true,1,
7290014761414,false,יולו שכבות שוקו.,,IL,יולו שכבות שוקו.,גרמים,123.00,100 גרם,false,0,5.00,4.07,true,1,
7290014761612,false,יולו שכבות שוקו.מריר122ג,מחלבת אלון תבור,IL,יולו שכבות שוקו.,גרמים,122.00,100 גרם,false,1,5.00,4.10,true,1,
7290014762756,false,נפוליאון 16%עם בצל 225ג,תנובה,IL,גבינת נפוליאון,גרמים,225.00,100 גרם,false,1,15.00,6.67,true,1,
7290014762800,false,מעדן סויה טעם שוקולד125ג,סוי מג'יק,IL,מעדן סויה ט.שוקו,גרמים,125.00,100 גרם,false,1,4.70,3.76,true,1,
7290014762848,false,פתיתי גלבוע 22% 500 גרם,---,IL,פתיתי גלבוע,גרמים,500.00,100 גרם,false,1,33.90,6.78,true,1,
7290014762909,false,פתיתי מוצרלה 200 גרם,תנובה,IL,פתיתי מוצרלה200ג,גרמים,200.00,100 גרם,false,1,17.90,8.95,true,1,
7290014763272,false,משקה סויה ביו תות בנ250מ,סוי מג'יק,IL,משקה סויה ביו,מיליליטרים,250.00,"100 מ""ל",false,1,6.90,2.76,true,1,
7290014789913,false,עוגיות אוראו 176*3 גרם,מונדלייז,UA,עוגיות אוראו 3יח,גרמים,528.00,100 גרם,false,0,23.90,4.53,true,1,
7290014940901,false,לחם פשוט מלא 750 גרם,מאפיית שלמה א. אנג'\ל בע,IL,לחם מלא,גרמים,750.00,100 גרם,false,1,15.90,2.12,true,1,
7290015039642,false,גבינת פרמזן בשייקר 90 גר,זנטי אס.איי.,IT,גבינת פרמזן,גרמים,90.00,100 גרם,false,0,17.70,19.67,true,1,
7290015129251,false,פסטה פטוצ'יני קונגאק270ג,סצ'\ואן סנטאיואן,CN,פסטה קונגאק,גרמים,270.00,100 גרם,false,1,11.90,4.41,true,1,
7290015156776,false,חטיפטף פירות טרופי 120ג,---,CZ,חטיפטף פרינוק,גרמים,120.00,100 גרם,false,1,6.50,5.42,true,1,
7290015156813,false,חטיפטף פירות מעורבים120ג,---,CZ,חטיפטף פרינוק,גרמים,120.00,100 גרם,false,1,6.50,5.42,true,1,
7290015178181,false,ממרח ארטישוק עם רוזמרין,אוליביה בעמ,IL,ממרח ארטישוק עם,גרמים,180.00,100 גרם,false,1,12.90,7.17,true,1,
7290015178204,false,עגבניות מיובשות עם לימון,אוליביה בעמ,IL,עגבניות מיובשות,גרמים,180.00,100 גרם,false,1,12.90,7.17,true,1,
7290015193269,false,שמן שומשום שחור 100%טהור,הן צק'ינג הינג,SG,שמן שומשום,מיליליטרים,150.00,"100 מ""ל",false,1,14.90,9.93,true,1,
7290015229074,false,ביצים חופש L/M 12 יחידות,משאבי הגליל,IL,ביצים חופש 12יח,יחידה,1.00,יחידה,false,1,18.90,18.90,true,1,
7290015355834,false,מתבל עגבניות חריף 855גרם,היינץ,US,מתבל עגבניות,גרמים,855.00,100 גרם,false,1,18.90,2.21,true,1,
7290015366670,false,משחה אקווה פרש מנטה 100,MICLEN DE,SK,משחה אקווה פרש,מיליליטרים,100.00,"100 מ""ל",false,1,7.90,7.90,true,1,
7290015597937,false,קורנטו וניל קלאסי 70 גרם,"מיוצר ע""\י גלידת שטראוס",IL,קורנטו וניל קלאס,גרמים,70.00,100 גרם,false,1,8.00,11.43,true,1,
7290015644433,false,לחם מחמצת שיפון100%קל600,מאפיית שלמה,IL,לחם מחמצת,גרמים,600.00,100 גרם,false,1,18.90,3.15,true,1,
7290015673198,false,המבורגר טקסס+פטריות 400ג,טבע דלי,IL,המבורגר טקסס,גרמים,400.00,100 גרם,false,1,25.90,6.48,true,1,
7290015726559,false,עוגת דבש תפוח ואגוזים,גידרון,IL,עוגת דבש תפוח,גרמים,500.00,100 גרם,false,1,31.90,6.38,true,1,
7290015726764,false,עוגיות כעכים מלוחים 500ג,---,IL,עוגיות כעכים,גרמים,500.00,100 גרם,false,1,17.90,3.58,true,1,
7290015858106,false,פסטו ביתי 180 גרם,"מדשא תעשיות מזון בע""\מ",IL,פסטו ביתי,גרמים,180.00,100 גרם,false,1,17.90,9.94,true,1,
7290015858328,false,עללחם  איולי פסטו 295 גר,"מדשא תעשיות מזון בע""\מ",IL,איולי פסטו,גרמים,295.00,100 גרם,false,1,16.90,5.73,true,1,
7290015858441,false,איולי פלפלים 295 גרם,"מדשא תעשיות מזון בע""\מ",IL,איולי פלפלים,גרמים,295.00,100 גרם,false,1,16.90,5.73,true,1,
7290015858687,false,עללחם איולי שום 295 גרם,"מדשא תעשיות מזון בע""\מ",IL,איולי שום,גרמים,295.00,100 גרם,false,1,16.90,5.73,true,1,
7290015951869,false,"יין הר חרמון רוזה 750מ""ל",מיוצר וממולא על ידי יקב,IL,יין הר חרמון,מיליליטרים,750.00,"100 מ""ל",false,1,31.90,4.25,true,1,
7290016077759,false,רוטב ברביקיו קלאסי 480גר,היינץ,NL,רוטב ברביקיו,גרמים,480.00,100 גרם,false,1,18.90,3.94,true,1,
7290016217728,false,איקרה אדומה 200 גרם,---,IL,איקרה אדומה,גרמים,200.00,100 גרם,false,1,17.90,8.95,true,1,
7290016245615,false,לחם שיפון 900 גרם,ביכורים,IL,לחם שיפון,גרמים,900.00,100 גרם,false,1,20.90,2.32,true,1,
7290016245653,false,לחם שיפון מלא 550 גרם,"ביכורים מזון ומאפה בע""\מ",IL,לחם שיפון מלא,גרמים,550.00,100 גרם,false,1,18.90,3.44,true,1,
7290016245769,false,לחם כוסמין 600 גרם,ביכורים,IL,לחם כוסמין,גרמים,600.00,100 גרם,false,1,18.90,3.15,true,1,
7290016245806,false,לחמניות המבוגר כוסמין4יח,"ביכורים מזון ומאפה בע""\מ",IL,לחמניות המבוגר,גרמים,350.00,100 גרם,false,1,16.90,4.83,true,1,
7290016273090,false,סוכריה על מקל בטעמים31גר,,US,סוכריה על מקל,גרמים,31.00,100 גרם,false,1,5.00,16.13,true,1,
7290016314762,false,פרובנציאל מטיאס 200 גרם,---,IL,פרובנציאל מטיאס,גרמים,200.00,100 גרם,false,1,22.90,11.45,true,1,
7290016314830,false,גרבדלקס סלמון 100 גרם,---,IL,גרבדלקס סלמון,גרמים,100.00,100 גרם,false,1,20.90,20.90,true,1,
7290016314847,false,סלמון מובחר 100גרם,---,IL,סלמון מובחר,גרמים,100.00,100 גרם,false,1,20.90,20.90,true,1,
7290016314946,false,פילה מקרל מעושן 120 גרם,---,IL,פילה מקרל מעושן,גרמים,120.00,100 גרם,false,1,21.90,18.25,true,1,
7290016329216,false,אלכוג'ל 20מגבונים לילדים,פישר מעבדות פרמצבטיות בע,IL,אלכוג'ל מגבונים,יחידה,1.00,יחידה,false,1,9.90,9.90,true,1,
7290016334388,false,פלפל צילי יחידה,קטיף.,IL,פלפל צילי,יחידה,1.00,יחידה,false,1,6.90,6.90,true,1,
7290016372373,false,רסק עגבניות 140*2 גרם,ויסוצקי,IT,רסק עגבניות 2 יח,גרמים,280.00,100 גרם,false,1,8.90,3.18,true,1,
7290016437706,false,שקיות אשפה מעוצבותL 40,אשפלסט,IL,שקיות אשפה L,יחידה,1.00,יחידה,false,1,25.90,25.90,true,1,
7290016497526,false,בגט אותנטי לבן אפוי 280ג,מאפ גדרון,IL,בגט אותנטי לבן,גרמים,280.00,100 גרם,false,1,8.50,3.04,true,1,
7290016509304,false,סבון אסלה סוד לבנדר 50 ג,הנקל,RS,סבון אסלה סוד,גרמים,50.00,100 גרם,false,1,10.20,20.40,true,1,
7290016509786,false,ג'ל כביסה פרסיל 2.5 ליטר,"הנקל סוד בע""\מ",IL,ג'ל כביסה פרסיל,ליטרים,2.50,ליטר,false,1,36.90,14.76,true,1,
7290016509809,false,ג'ל כב.פרסיל קולור 2.5 ל,"הנקל סוד בע""\מ",IL,ג'ל כביסה פרסיל,ליטרים,2.50,ליטר,false,1,36.90,14.76,true,1,
7290016543544,false,"בירה קייזר בקבוק 500 מ""ל",---,FR,בירה קייזר,מיליליטרים,500.00,"100 מ""ל",false,1,6.90,1.38,true,1,
7290016545678,false,"בירה קראפטי אמבר 330 מ""ל","מבשלת הארץ בע""מ",IL,בירה קראפטי אמבר,מיליליטרים,330.00,"100 מ""ל",false,1,12.90,3.91,true,1,
7290016584004,false,חטיפוני גזר 130גרם,גיזרונים קיבוץ שלוחות,IL,חטיפוני גזר,גרמים,130.00,100 גרם,false,1,5.00,3.85,true,1,
7290016682038,false,מיץ תפוזים100% סחוט 400מ,---,IL,מיץ תפוזים סחוט,מיליליטרים,400.00,"100 מ""ל",false,1,9.30,2.33,true,1,
7290016682083,false,"שייק תות בננה משק""ל 400מ",פריניב,IL,שייק תות בננה,מיליליטרים,400.00,"100 מ""ל",false,1,9.30,2.33,true,1,
7290016682182,false,שייק תמר בננ.פחות סוכרל1,פריניב בעמ,IL,שייק תמר בננה,מיליליטרים,1000.00,"100 מ""ל",false,1,15.80,1.58,true,1,
7290016682243,false,מיץ 100%אשכולית אדומה 1ל,---,IL,מיץ אשכולית אדומ,ליטרים,1.00,ליטר,false,1,16.10,16.10,true,1,
7290016682335,false,מיץ תפוזים סחוט 2 ליטר,---,IL,מיץ תפוזים סחוט,ליטרים,2.00,ליטר,false,0,26.90,13.45,true,1,
7290016682342,false,מיץ תפוזים סחוט ולנסיה2ל,---,IL,מיץ תפוזים סחוט,ליטרים,2.00,ליטר,false,0,27.90,13.95,true,1,
7290016823097,false,כוסברה יחידה,קטיף.,IL,כוסברה יחידה,יחידה,1.00,יחידה,false,1,5.90,5.90,true,1,
7290016823523,false,צנונית יחידה,מרינה,IL,צנונית,יחידה,1.00,יחידה,false,1,6.90,6.90,true,1,
7290016867039,false,פיתות קלות כוסמין+מחמצ6י,,IL,פיתות כוסמין 6יח,גרמים,324.00,100 גרם,false,1,16.90,5.22,true,1,
7290016867046,false,פיתות קלות כוסמין 6 יח',,IL,פיתות קלות 6 יח,גרמים,303.00,100 גרם,false,1,16.90,5.58,true,1,
7290016867114,false,לחם קל מכוסמין מלא 500 ג,,IL,לחם קל מכוסמין,גרמים,500.00,100 גרם,false,1,19.90,3.98,true,1,
7290016867145,false,פיתות קלות מקמח מלא68*6ג,המאפה של דר' מארק,IL,6 פיתות קלות,גרמים,408.00,100 גרם,false,1,14.90,3.65,true,1,
7290016867152,false,פיתות קלות ק.כוסמין66*5ג,המאפה של דר' מארק,IL,פיתות קלות,גרמים,330.00,100 גרם,false,1,14.90,4.52,true,1,
7290016867176,false,לחמ.קלות שומ.כוסמין 351ג,,IL,לחמניות קלות,גרמים,351.00,100 גרם,false,1,15.90,4.53,true,1,
7290016967074,false,לחם אנג'ל חיטה מלאה750ג,מאפיית שלמה א. אנג'\ל בע,IL,אנג'ל חיטה מלאה,גרמים,750.00,100 גרם,false,1,17.90,2.39,true,1,
7290016967456,false,לחם מחמצת כוסמין 600 גרם,מאפיית שלמה א.אנג'\ל,IL,לחם מחמצת,גרמים,600.00,100 גרם,false,1,18.90,3.15,true,1,
7290016980103,false,בייבי בטטה שקיל,קטיף.,IL,בייבי בטטה,קילוגרמים,0.00,"ק""ג",true,1,9.90,9.90,true,1,
7290017023878,false,שוופס סודה נענע 250*4מל,יפאורה תבורי בעמ,IL,שוופס סודה 4 יח,ליטרים,1.00,ליטר,false,1,12.90,12.90,true,1,
7290017046068,false,עוגיות שיבולת שועל 500 ג,---,IL,עוגיות ש.שועל,גרמים,500.00,100 גרם,false,1,18.90,3.78,true,1,
7290017046075,false,"עוגיות ש.שועל ללת""ס 500ג",---,IL,עוגיות ש.שועל,גרמים,500.00,100 גרם,false,1,18.90,3.78,true,1,
7290017046099,false,עוגיות פרפריות 500 גרם,---,IL,עוגיות פרפריות,גרמים,500.00,100 גרם,false,1,17.90,3.58,true,1,
7290017065007,false,מוצרלה פרוסות22% 150 גרם,מחלבות גד,IL,מוצרלה פרוסות,גרמים,150.00,100 גרם,false,1,19.50,13.00,true,1,
7290017065137,false,ריקוטה למריחה 5% 200 גרם,מחלבות גד,IL,ריקוטה למריחה,גרמים,200.00,100 גרם,false,1,10.70,5.35,true,1,
7290017065236,false,בולגרית מעודנת 24% 250 ג,"מחלבות גד בע""\מ",IL,בולגרית מעודנת,גרמים,250.00,100 גרם,false,1,23.30,9.32,true,1,
7290017065434,false,פרוסות גאודה בקר 200,סי.זד ראובן,NL,פרוסות גאודה,גרמים,200.00,100 גרם,false,1,22.90,11.45,true,1,
7290017065663,false,פטה עיזים מעודנ 16% 250ג,מחלבות גד,IL,פטה עיזים מעודנת,גרמים,250.00,100 גרם,false,1,30.90,12.36,true,1,
7290017065731,false,גבינת שמנת+כמהין200ג30%,מחלבות גד,IL,גבינת שמנת,גרמים,200.00,100 גרם,false,1,13.40,6.70,true,1,
7290017105116,false,תורמוס יכין 200 גרם,"זנלכל בע""\מ",IL,תורמוס יכין,גרמים,200.00,100 גרם,false,1,4.50,2.25,true,1,
7290017105123,false,פול מצרי יכין 200 גרם,"זנלכל בע""\מ",IL,פול מצרי יכין,גרמים,200.00,100 גרם,false,1,4.50,2.25,true,1,
7290017121048,false,פלפל צ'ומה 250 גרם,"מדשא תעשיות מזון בע""\מ",IL,פלפל צ'ומה,גרמים,250.00,100 גרם,false,1,15.90,6.36,true,1,
7290017121086,false,אריסה ביתית מתוקה 250 גר,"מדשא תעשיות מזון בע""\מ",IL,אריסה מתוקה,גרמים,250.00,100 גרם,false,1,15.90,6.36,true,1,
7290017142371,false,שמן שומשום לא מזוכך250מל,גאה די.או.או,SI,שמן שומשום,מיליליטרים,250.00,"100 מ""ל",false,1,32.90,13.16,true,1,
7290017303802,false,"מלוואח כשל""פ 600 גרם",מאפיית אריאל,IL,"מלוואח כשל""פ",גרמים,600.00,100 גרם,false,1,23.90,3.98,true,1,
7290017304885,false,לחם שיפון מלא פרוס 750גר,מאפיית שלמה א. אנג'\ל בע,IL,לחם שיפון מלא,גרמים,750.00,100 גרם,false,1,17.90,2.39,true,1,
7290017334080,false,שמ.זית כתית כבישה קרה750,שמן זית אליעד,IL,שמן זית כתית,מיליליטרים,750.00,"100 מ""ל",false,1,32.90,4.39,true,1,
7290017426105,false,כפפות לטקס 100 יחידות,,CN,כפפות לטקס,יחידה,1.00,יחידה,false,1,19.90,19.90,true,1,
7290017513775,false,בייגלה מצופה שוק.חלב140ג,אולקר מקבוצת פלאדיס,TR,בייגלה מצופה,גרמים,140.00,100 גרם,false,1,9.90,7.07,true,1,
7290017513829,false,תה ירוק ל.ג'ינג'ר+ויטמ25,ויסוצקי,IL,תה ירוק+ויטמינים,גרמים,37.00,100 גרם,false,1,26.90,72.70,true,1,
7290017516295,false,חטיף חלבון אגוזי לוז60ג,---,IL,חטיף חלבון,גרמים,60.00,100 גרם,false,1,11.50,19.17,true,1,
7290017516318,false,ח.חלבון פנגיאה שוקולד60ג,---,IL,חטיף חלבון,גרמים,60.00,100 גרם,false,1,11.50,19.17,true,1,
7290017516332,false,חטיף חלבון פנגיאה 60 גרם,---,IL,חטיף חלבון,גרמים,60.00,100 גרם,false,1,11.50,19.17,true,1,
7290017516479,false,חטיף חלבון פנגיאה וניל60,---,IL,חטיף חלבון וניל,גרמים,60.00,100 גרם,false,1,11.50,19.17,true,1,
7290017589565,false,גוורצטרמינר קלאסיק 750 מ,יקבי ברקן,IL,גוורצטרמינר קלאס,מיליליטרים,750.00,"100 מ""ל",false,1,33.90,4.52,true,1,
7290017617046,false,טונה סטארק.בשמן זית140*4,דרדנל,TR,טונה בשמן זית4יח,גרמים,560.00,100 גרם,false,1,29.90,5.34,true,1,
7290017617091,false,מיקס טו גו פתית+טונה185ג,דרדנל אוננטאס גידה,TR,מיקס טו גו טונה,גרמים,185.00,100 גרם,false,1,11.90,6.43,true,1,
7290017647388,false,"ירדן סירה 750 מ""ל",מיוצר וממולא על ידי יקב,IL,ירדן סירה,מיליליטרים,750.00,"100 מ""ל",false,1,99.90,13.32,true,1,
7290017647425,false,גמלא קברנה סובניון 750 מ,יקב רמת הגולן,IL,קברנה סוביניון,מיליליטרים,750.00,"100 מ""ל",false,1,68.50,9.13,true,1,
7290017677804,false,"רוטב סויה קיקומן 444 מ""ל",קיקומן פודז אינק,US,רוטב סויה קיקומן,מיליליטרים,444.00,"100 מ""ל",false,1,21.90,4.93,true,1,
7290017696324,false,ספגטי ירקות בטטה יחידה,חברת פרי קלוף,IL,ספגטי ירקות בטטה,יחידה,1.00,יחידה,false,1,12.90,12.90,true,1,
7290017696331,false,ספגטי ירקות קישוא יחידה,חברת פרי קלוף,IL,ספגטי ירקות קישו,יחידה,1.00,יחידה,false,1,12.90,12.90,true,1,
7290017812571,false,מיץ ענבים תירוש אדום 1 ל,יקבי כרמל,IL,תירוש כרמל אדום,ליטרים,1.00,ליטר,false,1,21.90,21.90,true,1,
7290017872223,false,פמלי ג'ל לניקוי ידיים200,---,TR,פמלי ג'ל לניקוי,מיליליטרים,200.00,"100 מ""ל",false,1,14.90,7.45,true,1,
7290017872247,false,פמלי ג'ל לניקוי ידיים500,---,TR,פמלי ג''ל לניקוי,מיליליטרים,500.00,"100 מ""ל",false,1,19.90,3.98,true,1,
7290017888026,false,פרוט&וג' אננ.תפוח גזר350,יפאורה תבורי בעמ,IL,משקה פרוט&וג',מיליליטרים,350.00,"100 מ""ל",false,1,8.60,2.46,true,1,
7290017888033,false,פרוט&וג בננ.מלון נענ350מ,יפאורה תבורי בעמ,IL,משקה פרוט&ווג',מיליליטרים,350.00,"100 מ""ל",false,1,8.60,2.46,true,1,
7290017888729,false,סודה שוופס 1 ליטר,"יפאורה תבורי בע""\מ",IL,סודה שוופס,ליטרים,1.00,ליטר,false,1,4.90,4.90,true,1,
7290017928036,false,גריסיני שומשום 175 גרם,מאיר בייגל,IL,גריסיני שומשום,גרמים,175.00,100 גרם,false,1,12.90,7.37,true,1,
7290017928043,false,גריסיני קראנץ עם מלח175ג,מאיר בייגל,IL,גריסיני קראנץ,גרמים,175.00,100 גרם,false,1,12.90,7.37,true,1,
7290017928098,false,בייגלה שטוחל'ה מלח 330גר,מאיר בייגל,IL,בייגלה שטוחל'ה,גרמים,330.00,100 גרם,false,1,12.90,3.91,true,1,
7290017928449,false,בייגלה פרוטאין שטוח170ג,מאיר בייגל,IL,בייגלה פרוטאין,גרמים,170.00,100 גרם,false,1,12.90,7.59,true,1,
7290017928463,false,שברי בייגלה,,,שברי בייגלה,יחידה,1.00,יחידה,false,0,14.20,14.20,true,1,
7290017928616,false,בייגלה שטוחלה שומשום300ג,מאיר בייגל,IL,בייגלה שטוחלה,גרמים,300.00,100 גרם,false,1,12.90,4.30,true,1,
7290017928821,false,גריסיני קלאסי 200 גרם,מאיר בייגל,IL,גריסיני קלאסי,גרמים,200.00,100 גרם,false,1,12.90,6.45,true,1,
7290017947105,false,לחם בסגנון אמריקה 500 גר,מאפיית שלמה א. אנג'\ל בע,IL,לחם סגנון אמריקה,גרמים,500.00,100 גרם,false,1,15.90,3.18,true,1,
7290017947464,false,פיתות כוסמין 8יח 400 גרם,מאפיית שלמה א.אנג'\ל בע\,IL,פיתות כוסמין,גרמים,400.00,100 גרם,false,1,17.90,4.48,true,1,
7290017947488,false,לחם מחמצת איטלקי500ג,מאפיית שלמה א. אנג'\ל בע,IL,לחם מחמצת,גרמים,500.00,100 גרם,false,1,18.90,3.78,true,1,
7290017947495,false,לחמנ.כוסמין אנג'ל6יח450ג,,,לחמניות כוסמין6*,יחידה,1.00,יחידה,false,0,16.90,16.90,true,1,
7290017947891,false,לחם כוסמין+חיטה מלאה750ג,מאפיית שלמה א. אנג'\ל בע,IL,אנג'ל  כוסמין,גרמים,750.00,100 גרם,false,1,17.90,2.39,true,1,
7290017947921,false,לחמנ.המבורגר אמריקה75*6ג,מאפיית שלמה א. אנג'\ל בע,IL,לחמניות המבורגר,גרמים,450.00,100 גרם,false,1,15.90,3.53,true,1,
7290017947938,false,לחמניות מיני המבורגר400ג,מאפיית שלמה א. אנג'\ל בע,IL,לחמניות המבורגר,גרמים,400.00,100 גרם,false,1,15.90,3.98,true,1,
7290018038000,false,פיצה טבעונית גבינשיו 380,פרוזן פקטורי,IL,פיצה טבעונית,גרמים,380.00,100 גרם,false,1,25.90,6.82,true,1,
7290018043189,false,פראוד חטיף קשיו קרמל60גר,---,NL,פראוד חטיף קשיו,גרמים,60.00,100 גרם,false,1,13.90,23.17,true,1,
7290018043196,false,פראוד חטיף טעם עוגיות60ג,---,NL,פראוד חטיף בטעם,גרמים,60.00,100 גרם,false,1,13.90,23.17,true,1,
7290018045695,false,דגנים במילוי ק.קרמל 480ג,---,DE,דגנים במילוי,גרמים,480.00,100 גרם,false,1,21.90,4.57,true,1,
7290018077665,false,בייגל רומני אפוי,גידרון,IL,בייגל רומני,יחידה,1.00,יחידה,false,1,5.60,5.60,true,1,
7290018091814,false,מקלות פילו חצילים וגבינה,"מעדנות בע""\מ",IL,מקלות פילו חצילי,גרמים,450.00,100 גרם,false,1,21.90,4.87,true,1,
7290018131336,false,שלגון ליון בטעם קרמל עם,פרונרי פולין,PL,שלגון ליון בטעם,גרמים,66.00,100 גרם,false,1,10.00,15.15,true,1,
7290018131756,false,מאגדת וניל מצופה תות 440,גלידות נסטלה )נגה גלידות,IL,מאגדת וניל מצופה,גרמים,440.00,100 גרם,false,1,31.90,7.25,true,1,
7290018131930,false,מאגדתלהפרוטה בננה תמרפקן,גלידות נסטלה )נגה גלידות,IL,מאגדתלהפרוטה בננ,גרמים,325.00,100 גרם,false,1,32.90,10.12,true,1,
7290018165447,false,"מרלו רזרב גולד 750 מ""ל",יקבי ברקן שיווק והפצה בע,IL,מרלו רזרב גולד,מיליליטרים,750.00,"100 מ""ל",false,1,54.90,7.32,true,1,
7290018198100,false,רוסטיק ציפס 1.5 קג,"תעשיות תפוגן בע""\מ",IL,רוסטיק ציפס,קילוגרמים,1.50,"ק""ג",false,1,29.90,19.93,true,1,
7290018208809,false,"תמר מגהול 1 ק""ג",בית אריזה רימון,IL,"תמר מגהול 1 ק""ג",קילוגרמים,1.00,"ק""ג",false,1,22.90,22.90,true,1,
7290018237496,false,פסטרמה בדבש דקדק 220 גר,עוף טוב,IL,פסטרמה בדבש דקד,גרמים,220.00,100 גרם,false,1,26.90,12.23,true,1,
7290018285060,false,רוטב עגבניות לשקשוקה400ג,קונסורציו קאזאלאסקו,IT,רוטב עגבניות,גרמים,400.00,100 גרם,false,1,15.90,3.98,true,1,
7290018343487,false,אלכו ג'ל  בשפורפרת H 75מ,---,IL,"אלכו ג'ל H 75מ""ל",מיליליטרים,75.00,"100 מ""ל",false,1,9.90,13.20,true,1,
7290018400005,false,בורגרים מן הצומח 227 גרם,ג'\י סי אל פוד אינגרידיא,GB,בורגרים מן הצומח,גרמים,227.00,100 גרם,false,1,37.90,16.70,true,1,
7290018440209,false,בייגלה מצופה,אולקר מקבוצת פלאדיס,,בייגלה מצופה,יחידה,1.00,יחידה,false,0,9.90,9.90,true,1,
7290018440254,false,צ'אי קרמל מלוח 25 * 2גרם,---,IL,צ'\אי קרמל מלוח,גרמים,50.00,100 גרם,false,1,18.90,37.80,true,1,
7290018440483,false,בייגלה קרמל מלוח שוק140ג,אולקר מקבוצת פלאדיס,TR,בייגלה קרמל מלוח,גרמים,140.00,100 גרם,false,1,9.90,7.07,true,1,
7290018440513,false,סלט קליפורניה+טונה150ג,"קאלוו קונסרבס ס.ל.יו. ,",ES,סלט קליפורניה,גרמים,150.00,100 גרם,false,1,15.90,10.60,true,1,
7290018468302,false,נקניקיות צמחיות מרגז 400,---,IL,נקניקיות צמחיות,גרמים,400.00,100 גרם,false,1,41.90,10.48,true,1,
7290018468319,false,נקניקיות צמחוניות צ'וריס,---,IL,נקניקיות צמחוניו,גרמים,400.00,100 גרם,false,1,41.90,10.48,true,1,
7290018471128,false,ספרינג אננ.מנגו פסיפ330מ,"יפאורה תבורי בע""\מ",IL,ספרינג שייק,מיליליטרים,330.00,"100 מ""ל",false,1,7.60,2.30,true,1,
7290018471487,false,תפוזינה תפוז אננס 1 ליטר,"יפאורה תבורי בע""\מ",IL,תפוזינה תפוז אננ,ליטרים,1.00,ליטר,false,1,7.90,7.90,true,1,
7290018471715,false,משקה אלוורה קינג אננס1ל,OKF,KR,משקה אלוורה אננס,ליטרים,1.00,ליטר,false,1,14.10,14.10,true,1,
7290018471722,false,משקה אלוורה קינג ליצ'י1ל,OKF,KR,משקה אלוורה ליצי,ליטרים,1.00,ליטר,false,1,14.10,14.10,true,1,
7290018471906,false,שוופס לימונדה ורודה1.5ל,"יפאורה תבורי בע""\מ",IL,שוופס לימונדה,ליטרים,1.50,ליטר,false,0,9.50,6.33,true,1,
7290018471913,false,שוופס מוגז תפוחים1.5ל',"יפאורה תבורי בע""\מ",IL,שוופס תפוחים,ליטרים,1.50,ליטר,false,0,9.50,6.33,true,1,
7290018471944,false,שוופס מוגז לימונייד 1.5ל,"יפאורה תבורי בע""\מ",IL,שוופס לימוניי,ליטרים,1.50,ליטר,false,0,9.50,6.33,true,1,
7290018471982,false,שוופס מוגז תפוחים1.5*4ל,"יפאורה תבורי בע""\מ",IL,שוופס תפוח1.5*4ל,ליטרים,6.00,ליטר,false,0,34.20,5.70,true,1,
7290018540329,false,פיתה פיתה 8 * 100 גרם,מאפיית שלמה א. אנג'\ל בע,IL,פיתה פיתה 8 יח,גרמים,800.00,100 גרם,false,1,13.90,1.74,true,1,
7290018540831,false,לחם מחמצת ח.מלאה+גרעי500,---,IL,לחם מחמצת,גרמים,500.00,100 גרם,false,1,18.90,3.78,true,1,
7290018556252,false,רויאל ט.אשכולית אדומה750,פיירוואטר,IL,רויאל ט.אשכולית,מיליליטרים,750.00,"100 מ""ל",false,1,54.90,7.32,true,1,
7290018648018,false,פופקורנס בטעם תות שדה50ג,מג'\יקס סום תעשיות מזון,IL,פופקורנס תות,גרמים,50.00,100 גרם,false,1,5.40,10.80,true,1,
7290018652190,false,חטיף גלידה קראנץ בר 60גר,---,IT,חטיף גלידה קראנץ,יחידה,1.00,יחידה,false,1,8.00,8.00,true,1,
7290018652947,false,קראנץ שוקולד לבן פיסטוק,נגה גלידות,IL,קראנץ שוקולד לבן,יחידה,1.00,יחידה,false,1,11.00,11.00,true,1,
7290018825020,false,תפוח אדמה לבן גורמה,חבל מעון,IL,"תפו""א לבן גורמה",קילוגרמים,0.00,"ק""ג",true,1,7.90,7.90,true,1,
7290018825815,false,תפוח אדמהלבן בייבי גורמה,חבל מעון,IL,"תפו""א בייבי גורמ",קילוגרמים,0.00,"ק""ג",true,1,7.90,7.90,true,1,
7290018893456,false,עוגות אישיות חלב300גרם,"פרדי קונדיטוריה אס,פי.אי",IT,עוגות אישיות,גרמים,300.00,100 גרם,false,1,14.90,4.97,true,1,
7290018925065,false,מיץ תפוזים סחוט 2 ליטר,גניר,IL,מיץ תפוזים סחוט,ליטרים,2.00,ליטר,false,1,28.60,14.30,true,1,
7290019014508,false,מרכך כביסה אוריאנטל900מ,סאסא טק,IL,מרכך כביסה,מיליליטרים,900.00,"100 מ""ל",false,1,19.90,2.21,true,1,
7290019014621,false,"מרכך כביסה לגונה 900 מ""ל",סאסא טק,IL,מרכך כביסה לגונה,מיליליטרים,900.00,"100 מ""ל",false,1,19.90,2.21,true,1,
7290019014645,false,"מסיר כתמים טנקס 500 מ""ל",סאסא טק,IL,מסיר כתמים TNX,מיליליטרים,500.00,"100 מ""ל",false,1,24.90,4.98,true,1,
7290019014669,false,ג'ל לכביסה צבעונית 1.35ל,סאסא טק,IL,ג'ל לכביסה ירוק,ליטרים,1.35,ליטר,false,1,29.90,22.15,true,1,
7290019014683,false,נוזל רצפות פרדייס 1.35 ל,סאסא טק,IL,נוזל לרצפות,ליטרים,1.35,ליטר,false,1,24.90,18.44,true,1,
7290019014713,false,נוזל רצפות לפרקט 1.35ל,סאסא טק,IL,נוזל רצפות לפרקט,ליטרים,1.35,ליטר,false,1,26.90,19.93,true,1,
7290019014744,false,מרסס חלונות פרש וויט750מ,סאסא טק,IL,מרסס חלונות פרש,מיליליטרים,750.00,"100 מ""ל",false,1,13.90,1.85,true,1,
7290019014751,false,ניקוי כלים24% פלאוור750מ,סאסא טק,IL,ניקוי כלים 24%,מיליליטרים,750.00,"100 מ""ל",false,1,14.90,1.99,true,1,
7290019014768,false,"ניקוי כלים 24% 750מ""ל",סאסא טק,IL,ניקוי כלים 24%,מיליליטרים,750.00,"100 מ""ל",false,1,14.90,1.99,true,1,
7290019014775,false,מרסס קצף מסיר שומנים 750,סאסא טק,IL,מרסס מסיר שומנים,מיליליטרים,750.00,"100 מ""ל",false,1,16.90,2.25,true,1,
7290019014782,false,מרסס אקונומיקה לבנדר750מ,סאסא טק,IL,מרסס אקונומיקה,מיליליטרים,750.00,"100 מ""ל",false,1,16.90,2.25,true,1,
7290019014805,false,"מרסס מנקה ריפודים 500מ""ל",סאסא טק,IL,מרסס מנקה ריפוד,מיליליטרים,500.00,"100 מ""ל",false,1,24.90,4.98,true,1,
7290019014812,false,"מרסס מנטרל ריחות 500 מ""ל",סאסא טק,IL,מרסס מנטרל ריחות,מיליליטרים,500.00,"100 מ""ל",false,1,19.90,3.98,true,1,
7290019014928,false,תבנית אלומיניום גסטרונום,---,IL,תבנית אלומינום ג,יחידה,1.00,יחידה,false,1,14.90,14.90,true,1,
7290019014959,false,תבנית אלומיניום עבה דגם,---,IL,תבנית אלומינום ל,יחידה,1.00,יחידה,false,1,14.90,14.90,true,1,
7290019014966,false,תבנית אלומיניום עבה חלה,---,IL,תבנית אלומינום ל,יחידה,1.00,יחידה,false,1,14.90,14.90,true,1,
7290019014973,false,מבשם בדים בייבי לאב500מ,סאסא טק,IL,מבשם בדים בייבי,מיליליטרים,500.00,"100 מ""ל",false,1,19.90,3.98,true,1,
7290019056027,false,שוופס ללא סוכר תפוח1.5ל,"יפאורה תבורי בע""\מ",IL,שוופס ללא סוכ,ליטרים,1.50,ליטר,false,0,8.90,5.93,true,1,
7290019056065,false,שוופס מוגז עדין פ.יער1.5,"יפאורה תבורי בע""\מ",IL,שוופס מוגז,ליטרים,1.50,ליטר,false,0,8.90,5.93,true,1,
7290019056164,false,שוופס סודה 1.5*4 ליטר,"יפאורה תבורי בע""\מ",IL,שוופס סודה1.5*4ל,ליטרים,6.00,ליטר,false,0,13.10,2.18,true,1,
7290019056171,false,שוופס סודה לימון 1.5*4 ל,"יפאורה תבורי בע""\מ",IL,סודה לימון 1.5*4,ליטרים,6.00,ליטר,false,0,13.10,2.18,true,1,
7290019056188,false,שוופס סודה נענע לי1.5*4ל,"יפאורה תבורי בע""\מ",IL,שוופס סודה1.5*4ל,ליטרים,6.00,ליטר,false,0,13.10,2.18,true,1,
7290019056232,false,שוופס ליים מוחיטו 1.5 ל,"יפאורה תבורי בע""\מ",IL,שוופס ליים מו,ליטרים,1.50,ליטר,false,0,9.50,6.33,true,1,
7290019056300,false,שוופס ביטר לימון 1.5ליטר,"יפאורה תבורי בע""\מ",IL,שוופס ביטר לי,ליטרים,1.50,ליטר,false,0,12.70,8.47,true,1,
7290019056331,false,שוופס טוניק ללא סוכר1.5ל,יפאורה תבורי בעמ,IL,מי טוניק ל.סו,ליטרים,1.50,ליטר,false,0,11.90,7.93,true,1,
7290019056393,false,תפוזינה תות בננה 1.5ליטר,"יפאורה תבורי בע""\מ",IL,תפוזינה תות ב,ליטרים,1.50,ליטר,false,0,9.30,6.20,true,1,
7290019056515,false,פרוט ווטר אננס 1.5 ליטר,"יפאורה תבורי בע""\מ",IL,פרוט ווטר אננ,ליטרים,1.50,ליטר,false,0,9.30,6.20,true,1,
7290019056522,false,פרוט ווטר תות 1.5 ליטר,"יפאורה תבורי בע""\מ",IL,פרוט ווטר תות,ליטרים,1.50,ליטר,false,0,9.30,6.20,true,1,
7290019056546,false,פרוט ווטר אבטיח 1.5 ליטר,"יפאורה תבורי בע""\מ",IL,פרוט ווטר אבט,ליטרים,1.50,ליטר,false,0,9.30,6.20,true,1,
7290019056553,false,עין גדי מים מינרל. 2*6 ל,עין גדי מיים מינרלים,IL,מים עין גדי2*6ל,ליטרים,12.00,ליטר,false,0,13.80,1.15,true,1,
7290019056584,false,ספרינג משקה תפוזים 1.5ל',"יפאורה תבורי בע""\מ",IL,ספרינג תפוזים,ליטרים,1.50,ליטר,false,0,9.20,6.13,true,1,
7290019056607,false,ספרינג מיץ תפוחים 1.5 ל',"יפאורה תבורי בע""\מ",IL,ספרינג תפוחים,ליטרים,1.50,ליטר,false,0,9.20,6.13,true,1,
7290019056614,false,ספרינג משקה אפרסק 1.5 ל',"יפאורה תבורי בע""\מ",IL,ספרינג אפרסק,ליטרים,1.50,ליטר,false,0,9.20,6.13,true,1,
7290019056638,false,ספרינג תות-בננה 1.5 ליטר,"יפאורה תבורי בע""\מ",IL,ספרינג תות בנ,ליטרים,1.50,ליטר,false,0,9.20,6.13,true,1,
7290019056652,false,ספרינג אננס בננה1.5 ליטר,"יפאורה תבורי בע""\מ",IL,ספרינג אננס ב,ליטרים,1.50,ליטר,false,0,9.20,6.13,true,1,
7290019056959,false,מי-עדן מים מינרלים 1.5 ל,"מופק ממקור בזלתי עדן ,1",IL,מי עדן 1.5 לי,ליטרים,1.50,ליטר,false,0,5.20,3.47,true,1,
7290019056973,false,מים מינרליים מי עדן1.5*6,"מופק ממקור בזלתי עדן ,1",IL,מי עדן 1.5*6ל,ליטרים,9.00,ליטר,false,0,14.90,1.66,true,1,
7290019153344,false,תפוזינה סנגרייה 1.5 ליטר,"יפאורה תבורי בע""\מ",IL,תפוזינה סנגרייה,ליטרים,1.50,ליטר,false,1,9.30,6.20,true,1,
7290019153375,false,תפוזינה מוחיטו 1.5 ליטר,"יפאורה תבורי בע""\מ",IL,תפוזינה מוחיטו,ליטרים,1.50,ליטר,false,1,9.30,6.20,true,1,
7290019232803,false,ביסקוויט קרם+שוק.חלב300ג,יונייטד ביסקוויטס,TR,ביסקוויט עם קרם,גרמים,300.00,100 גרם,false,1,12.90,4.30,true,1,
7290019274100,false,"מרסס לגיהוץ קל 500 מ""ל",סאסא טק,IL,מרסס לגיהוץ קל,מיליליטרים,500.00,"100 מ""ל",false,1,19.90,3.98,true,1,
7290019302384,false,"למברוסקו וילה רוזה750מ""ל",ג'קובזי איי. אי פיגילי ג,IT,למברוסקו וילה,מיליליטרים,750.00,"100 מ""ל",false,1,31.90,4.25,true,1,
7290100243671,false,"בדין אקסטרה כחול 960 מ""ל",יוניליוור סנאיי וי טיקאר,TR,מרכך כביסה בדין,מיליליטרים,960.00,"100 מ""ל",false,0,17.90,1.86,true,1,
7290100245231,false,נמס בכוס ט.עוף ש.מרק50גר,יוניליוור,IL,נמס בכוס ט.עוף,גרמים,50.00,100 גרם,false,0,7.80,15.60,true,1,
7290100246023,false,"כריות כשל""פ 500 גרם",יוניליוור ישראל מזון בע\,IL,"כריות כשל""פ",גרמים,500.00,100 גרם,false,0,27.30,5.46,true,1,
7290100249598,false,רוטב לעוף שום ודבש320גרם,יוניליוור ישראל מזון בע\,IL,רוטב לעוף,גרמים,320.00,100 גרם,false,0,11.90,3.72,true,1,
7290100249659,false,רוטב לעוף צ'ילי שום320גר,יוניליוור ישראל מזון בע\,IL,רוטב לעוף,גרמים,320.00,100 גרם,false,0,11.90,3.72,true,1,
7290100412435,false,קוויק ניקוי כללי 50יח,DPL,IL,קוויק מגבונים,יחידה,1.00,יחידה,false,1,8.90,8.90,true,1,
7290100613870,false,בננה ציפס מסוכר 200גרם,פיצוחי ציון,PH,בננה ציפס מסוכר,גרמים,200.00,100 גרם,false,1,11.90,5.95,true,1,
7290100653586,false,ליידי ס.סטיק24/7ג'ל ורוד,קולגייט פלמוליב,US,ליידי ס.סטיק24/7,גרמים,65.00,100 גרם,false,0,17.90,27.54,true,1,
7290100680650,false,מנה חמה נודלס תאילנדי76ג,PUB FOODS PRESIDENT THAI,TH,מנה חמה אסם,גרמים,76.00,100 גרם,false,0,6.90,9.08,true,1,
7290100680667,false,מנה חמה נודלס סצ'ואן76גר,PUB FOODS PRESIDENT THAI,TH,מנה חמה נודלס,גרמים,76.00,100 גרם,false,0,6.90,9.08,true,1,
7290100680711,false,פירורית זהב,עינת תעשיות,IL,פירורית זהב אסם,גרמים,350.00,100 גרם,false,0,9.50,2.71,true,1,
7290100680728,false,פירורית רגילה 350 גרם,"אסם השקעות בע""\מ",IL,פירורית אסם,גרמים,350.00,100 גרם,false,0,8.10,2.31,true,1,
7290100681138,false,אפרופו 50*3 גרם,"אסם השקעות בע""\מ",IL,אפרופו 3יח במארז,גרמים,150.00,100 גרם,false,0,13.10,8.73,true,1,
7290100685136,false,"מרק טעם עוף פרווה 1 ק""ג","אסם השקעות בע""\מ",IL,מרק טעם עוף,קילוגרמים,1.00,"ק""ג",false,0,15.90,15.90,true,1,
7290100685334,false,מרק עוף רכיבים טבעיים400,"אסם השקעות בע""\מ",IL,מרק עוף אמיתי,גרמים,400.00,100 גרם,false,0,25.60,6.40,true,1,
7290100685341,false,מרק ט.עוף רכ' טבעיים400ג,"אסם השקעות בע""\מ",IL,מרק טעם עוף,גרמים,400.00,100 גרם,false,0,18.90,4.73,true,1,
7290100685563,false,פירורית זהב 2 * 200 גרם,עינת תעשיות,IL,פירורית זהב 2 יח,גרמים,400.00,100 גרם,false,1,10.00,2.50,true,1,
7290100686171,false,ביסלי גריל 6 * 35 גרם,"אסם השקעות בע""\מ",IL,ביסלי מארז 6 יח,גרמים,210.00,100 גרם,false,0,14.50,6.90,true,1,
7290100687109,false,במבה נוגט 60 גרם,"אסם השקעות בע""\מ",IL,במבה נוגט,גרמים,60.00,100 גרם,false,0,4.90,8.17,true,1,
7290100700006,false,"חיטה 1 ק""ג","סוגת תעשיות בע""\מ",IL,חיטה,קילוגרמים,1.00,"ק""ג",false,0,10.20,10.20,true,1,
7290100700327,false,"גריסי פנינה 1 ק""ג","סוגת תעשיות בע""\מ",IL,"גריסי פנינה 1ק""ג",קילוגרמים,1.00,"ק""ג",false,0,9.20,9.20,true,1,
7290100700389,false,"אורז אדום סוגת 1 ק""ג","סוגת תעשיות בע""\מ",IL,אורז אדום סוגת,קילוגרמים,1.00,"ק""ג",false,0,14.80,14.80,true,1,
7290100700396,false,"אורז יסמין קלאסי 1 ק""ג","סוגת תעשיות בע""\מ",IL,אורז יסמין סוגת,קילוגרמים,1.00,"ק""ג",false,0,12.40,12.40,true,1,
7290100700587,false,בורגול 500 גרם,"סוגת תעשיות בע""\מ",IL,בורגול 500 גרם,גרמים,500.00,100 גרם,false,0,6.80,1.36,true,1,
7290100850909,false,דוריטוס נאצ'ו 70 גרם,"שטראוס פריטו ליי  בע""\מ",IL,דוריטוס נאצ'ו,גרמים,70.00,100 גרם,false,0,4.10,5.86,true,1,
7290100850916,false,דוריטוס חמוץ חריף 70 גרם,"שטראוס פריטו ליי בע""\מ )",IL,דוריטוס חמוץ ח,גרמים,70.00,100 גרם,false,0,4.10,5.86,true,1,
7290100850923,false,דוריטוס גריל 70 גרם,"שטראוס פריטו ליי בע""\מ )",IL,דוריטוס גריל,גרמים,70.00,100 גרם,false,0,4.10,5.86,true,1,
7290100850930,false,דוריטוס בטעם טבעי 70 גרם,"שטראוס פריטו ליי בע""\מ )",IL,חטיף דוריטוס,גרמים,70.00,100 גרם,false,0,4.10,5.86,true,1,
7290100858592,false,קקאו עלית 150 גרם,עלית,IL,קקאו עלית,גרמים,150.00,100 גרם,false,0,10.20,6.80,true,1,
7290100921418,false,מרכך הוואי קרטין מחזק700,טרופיקל דגיל בעמ,IL,מרכך הוואי,מיליליטרים,700.00,"100 מ""ל",false,0,10.90,1.56,true,1,
7290101113157,false,מאגדת גלידל וניל עוגיות,"פלקו בע""\מ, חברה ישראלית",IL,מאגדת גלידל וניל,גרמים,312.00,100 גרם,false,1,27.90,8.94,true,1,
7290101113454,false,גלידל יוגורט אפרסק,פלקו בעמ,IL,גלידל יוגורט אפר,גרמים,480.00,100 גרם,false,1,34.90,7.27,true,1,
7290101113751,false,מאגדת שלגון יולו בלונדי,---,IL,מאגדת שלגון יולו,גרמים,200.00,100 גרם,false,1,22.90,11.45,true,1,
7290101113768,false,מאגדת שלגון יולו עוגיות,---,IL,מאגדת שלגון יולו,גרמים,200.00,100 גרם,false,1,22.90,11.45,true,1,
7290101113805,false,מאגדת יופלה שייק פרי תות,---,IL,מאגדת יופלה שייק,גרמים,350.00,100 גרם,false,1,22.90,6.54,true,1,
7290101551539,false,דנונה פרו+חלבון אפרסק200,"שטראוס בריאות בע""מ",IL,דנונה פרו אפרסק,גרמים,200.00,100 גרם,false,1,6.20,3.10,true,1,
7290101551584,false,תפוצ'יפס קידס 20*10 גרם,"שטראוס פריטו ליי בע""מ )פ",IL,תפוצ'יפס קידס10*,גרמים,200.00,100 גרם,false,1,15.90,7.95,true,1,
7290101864127,false,מסיר כתמים קליה750מ,רקיט בנקיזר,IL,קליה ספריי,מיליליטרים,750.00,"100 מ""ל",false,0,16.90,2.25,true,1,
7290101865261,false,"פיניש נוזל הברקה 800 מ""ל",רקיט בנקיזר,PL,פיניש נוזל הברקה,מיליליטרים,800.00,"100 מ""ל",false,0,20.90,2.61,true,1,
7290102062195,false,"משחת אלמקס ג'וניור 75מ""ל",קולגייט- פלמוליב,PE,משחת אלמקס,מיליליטרים,75.00,"100 מ""ל",false,0,16.90,22.53,true,1,
7290102392254,false,חלב 1% בקרטון 2 ליטר,מילקו תעשיות בעמ,IL,חלב 1% בקרטון,ליטרים,2.00,ליטר,false,0,11.72,5.86,true,1,
7290102393039,false,יוג.מולר מיקס פצפוצים150,טרה,IL,יוגורט מולר מיקס,גרמים,150.00,100 גרם,false,0,5.90,3.93,true,1,
7290102393268,false,גבינה לבנה 5% 750 גרם,טרה,IL,גבינה לבנה 5%,גרמים,750.00,100 גרם,false,0,14.94,1.99,true,1,
7290102393299,false,יוגורט עיזים לשתייה500גר,משק צוריאל תבור,IL,יוגורט עיזים,גרמים,500.00,100 גרם,false,0,13.00,2.60,true,1,
7290102394258,false,מה עז 9% שומן 180 גרם,משק צוריאל,IL,מה עז9%שומן,גרמים,180.00,100 גרם,false,0,24.90,13.83,true,1,
7290102394821,false,ג.צהובה נעם קלאסי28% 200,מילקו תעשיות בעמ,IL,גבינה צהובה,גרמים,200.00,100 גרם,false,0,16.40,8.20,true,1,
7290102395231,false,יוג.מולר נטורל2.8% 150*8,טרה,IL,יוגורט ביאנקו 8י,קילוגרמים,1.20,"ק""ג",false,0,18.50,15.42,true,1,
7290102396399,false,מעדן מוו שוקולד 100*8גר,טרה,IL,מעדן שוקולד 8יח,גרמים,800.00,100 גרם,false,0,13.70,1.71,true,1,
7290102396443,false,מעדן בטעם וניל1.5% 125ג,מילקו תעשיות בעמ,IL,מעדן  בטעם וניל,גרמים,125.00,100 גרם,false,0,3.00,2.40,true,1,
7290102396597,false,מעדן מוס שוקולד וניל123ג,טרה,IL,מעדן מוס,גרמים,123.00,100 גרם,false,0,3.00,2.44,true,1,
7290102396719,false,יוגורט0% סימפלי תות 150ג,טרה,IL,יוגורט תות,גרמים,150.00,100 גרם,false,0,5.00,3.33,true,1,
7290102396726,false,יוגורט0%סימפלי אפרסק150ג,טרה,IL,יוגורט אפרסק,גרמים,150.00,100 גרם,false,0,5.00,3.33,true,1,
7290102397310,false,מעדן מו שוקולד+קצפת70*8ג,מילקו תעשיות בעמ,IL,מעדן מיני מו 8יח,גרמים,560.00,100 גרם,false,1,12.80,2.29,true,1,
7290102397747,false,מוצרלה נעם 200 גרם,---,IL,מוצרלה נעם 200גר,גרמים,200.00,100 גרם,false,1,19.50,9.75,true,1,
7290102398065,false,חלב 3% בקרטון מהדרין 2ל',טרה,IL,חלב 3% בקרטון,ליטרים,2.00,ליטר,false,1,12.46,6.23,true,1,
7290102398560,false,שוקו מועשר בבקבוק 1 ליטר,מילקו תעשיות בעמ,IL,שוקו מועשר בקבוק,ליטרים,1.00,ליטר,false,1,12.20,12.20,true,1,
7290102399789,false,"ממרח חמאה מולר ללת""מ250ג",G Weihenstephan Molkerei,DE,ממרח חמאה מולר,גרמים,250.00,100 גרם,false,1,17.90,7.16,true,1,
7290102399796,false,מולר אקטיב לבן חלבון 25ג,טרה,IL,מולר אקטיב,גרמים,200.00,100 גרם,false,1,5.90,2.95,true,1,
7290103156930,false,כוס יהלום 40 יחידו,,TR,כוס יהלום,יחידה,1.00,יחידה,false,1,9.90,9.90,true,1,
7290103404758,false,סלט כרוב אדום יום יום120,"שטראוס גרופ בע""\מ",IL,כרוב אדום אחלה,גרמים,120.00,100 גרם,false,0,5.40,4.50,true,1,
7290103704957,false,מגבות נייר 3 שכבות ענק3ג,---,IL,מגבות 3גלילי ענק,מטרים,57.00,מטר,false,1,19.90,0.35,true,1,
7290104067198,false,ספלנדיד מריר 70%תפוז100ג,עלית,IL,שוקולד ספלנדיד,גרמים,100.00,100 גרם,false,0,12.50,12.50,true,1,
7290104068539,false,מאסט LL מלון ואבטיח 28גר,עלית,IL,מסטיק מאסט,גרמים,28.00,100 גרם,false,0,4.60,16.43,true,1,
7290104500572,false,אפרופו איטליאנו 50 גרם,"אסם השקעות בע""\מ",IL,אפרופו איטליאנו,גרמים,50.00,100 גרם,false,0,5.80,11.60,true,1,
7290104508943,false,במבה חטיף בוטנים 200 גרם,"אסם השקעות בע""\מ",IL,במבה חטיף בוטנים,גרמים,200.00,100 גרם,false,0,9.10,4.55,true,1,
7290104721533,false,סלט פלפלים קלויים 400 גר,"שטראוס גרופ בע""\מ",IL,פלפלים קלויים,גרמים,400.00,100 גרם,false,0,16.90,4.23,true,1,
7290104722530,false,תפוצ'יפס שמנת בצל 200גרם,"שטראוס פריטו ליי בע""\מ )",IL,תפוצ'יפס שמנת,גרמים,200.00,100 גרם,false,0,10.90,5.45,true,1,
7290104724718,false,שוק.במילוי קרם נוגט100גר,עלית,IL,שוקולד קרם נוגט,גרמים,100.00,100 גרם,false,0,4.90,4.90,true,1,
7290104725326,false,קוטג' 5% 400 גרם,"שטראוס בריאות בע""\מ",IL,קוטג' 5% 400 גרם,גרמים,400.00,100 גרם,false,0,9.10,2.28,true,1,
7290104729492,false,שוקולד חלב 100*5 גרם,"שטראוס גרופ בע""\מ.",IL,מארז שוקולד חלב,גרמים,500.00,100 גרם,false,0,24.90,4.98,true,1,
7290104960239,false,סבון נקה7 ארומה לבן 750מ,טרופיקל דגיל תעשיות קוסמ,IL,תחליב רחצה נקה 7,מיליליטרים,750.00,"100 מ""ל",false,0,11.90,1.59,true,1,
7290104960246,false,תחליב רח.נקה 7  ורוד 750,טרופיקל דגיל תעשיות קוסמ,IL,תחליב רחצה נקה 7,מיליליטרים,750.00,"100 מ""ל",false,0,11.90,1.59,true,1,
7290104960253,false,סבון נקה7 ארומה לבנדר750,טרופיקל דגיל תעשיות קוסמ,IL,תחליב רחצה נקה 7,מיליליטרים,750.00,"100 מ""ל",false,0,11.90,1.59,true,1,
7290104961205,false,תח.רחצה נקה7 מלפפו750מ,טרופיקל דגיל תעשיות קוסמ,IL,תחליב רחצה נקה,מיליליטרים,750.00,"100 מ""ל",false,0,11.90,1.59,true,1,
7290105360250,false,קפסולות קפה מס' 9 50 גרם,שטראוס קפה בי.וי.,IL,קפסולות קפה,גרמים,50.00,100 גרם,false,0,18.90,37.80,true,1,
7290105360328,false,קפסולות מס' 10 50 גרם,שטראוס קפה בי.וי.,IL,קפסולות מס' 10,גרמים,50.00,100 גרם,false,0,18.90,37.80,true,1,
7290105360755,false,"שמן זית 3 חזק 750 מ""ל",מכוורת יד מרדכי שטראוס ב,IL,שמו זית 3 חזק,מיליליטרים,750.00,"100 מ""ל",false,0,37.90,5.05,true,1,
7290105360878,false,תפוצ'יפס 50*4 גרם,"שטראוס פריטו ליי בע""\מ )",IL,תפוצ'יפס 4 יח,גרמים,200.00,100 גרם,false,0,12.50,6.25,true,1,
7290105362339,false,שמנת לבישול15%מהדרין250,מחלבת יטבתה,IL,שמנת לבישול 15%,מיליליטרים,250.00,"100 מ""ל",false,0,8.60,3.44,true,1,
7290105362377,false,כיף כף מגדים 45 גרם,עלית,IL,כיף כף מגדים 45ג,גרמים,45.00,100 גרם,false,0,3.50,7.78,true,1,
7290105363602,false,כיף כף מקלות קלאסי 40 גר,עלית,TR,כיף כף מקלות,גרמים,40.00,100 גרם,false,0,5.20,13.00,true,1,
7290105364289,false,כיף כף מקלות פצפוצים40גר,עלית,TR,כיף כף מקלות,גרמים,40.00,100 גרם,false,0,5.20,13.00,true,1,
7290105364302,false,כיף כף מקלות אגוזים42גרם,עלית,TR,כיף כף מקלות,גרמים,42.00,100 גרם,false,0,5.20,12.38,true,1,
7290105430458,false,סבון פלמוליב שקדים 750 מ,קולגייט פלמוליב,TR,סבון פלמוליב,מיליליטרים,750.00,"100 מ""ל",false,0,21.90,2.92,true,1,
7290105433961,false,ליידי ספיד סטיק דובדב150,קולגייט פלמוליב,RU,ליידי ספיד סטיק,מיליליטרים,150.00,"100 מ""ל",false,0,17.90,11.93,true,1,
7290105500151,false,וודקה פינלנדיה,,FI,וודקה פינלנדיה,מיליליטרים,700.00,"100 מ""ל",false,0,59.90,8.55,true,1,
7290105500236,false,וויסקי ג'ק דניאל,,US,וויסקי ג'ק דניאל,מיליליטרים,700.00,"100 מ""ל",false,0,129.90,18.56,true,1,
7290105500953,false,וויסקי,,BE,וויסקי,מיליליטרים,700.00,"100 מ""ל",false,0,129.90,18.56,true,1,
7290105691248,false,קריספי טורטיה תירס 60 גר,"פרח תעשיות מזון בע""מ.",IL,קריספי טורטיה,גרמים,60.00,100 גרם,false,0,8.10,13.50,true,1,
7290105691934,false,"קמח שמרים 1 ק""ג",תחנת קמח המפרץ,IL,"קמח שמרים 1 ק""ג",קילוגרמים,1.00,"ק""ג",false,0,10.80,10.80,true,1,
7290105693341,false,במבה 25*10 גרם,"אסם השקעות בע""\מ",IL,במבה 10 יח,גרמים,250.00,100 גרם,false,0,17.90,7.16,true,1,
7290105694904,false,מרק פטריות רכיבים טבעיים,"אסם השקעות בע""\מ",IL,מרק פטריות,גרמים,220.00,100 גרם,false,0,17.90,8.14,true,1,
7290105694928,false,מרק בצל רכיבים טבעיים220,"אסם השקעות בע""\מ",IL,מרק בצל,גרמים,220.00,100 גרם,false,0,17.90,8.14,true,1,
7290105963864,false,חזרת אחלה 220 גרם,"שטראוס גרופ בע""\מ",IL,חזרת אחלה,גרמים,220.00,100 גרם,false,0,12.90,5.86,true,1,
7290105964564,false,חומוס אחלה 400 גרם,"שטראוס גרופ בע""\מ",IL,סלט חומוס אחלה,גרמים,400.00,100 גרם,false,1,9.50,2.38,true,1,
7290105965738,false,דנונה לשתיה תות בננה267ג,"שטראוס גרופ בע""\מ",IL,דנונה לשתיה,גרמים,267.00,100 גרם,false,0,5.30,1.99,true,1,
7290105968777,false,פריכיות תחתית שוק.מריר70,"שטראוס גרופ בע""\מ",IL,פריכיות + שוקולד,גרמים,70.00,100 גרם,false,0,8.90,12.71,true,1,
7290106268869,false,sexy 212 א.ד.פ לאשה 60 מ,דקלאור,IL,sexy 212 א.ד.פ ל,מיליליטרים,60.00,"100 מ""ל",false,1,249.00,415.00,true,1,
7290106410008,false,בננה גומי 500 גר,טופגאם,IL,בננה גומי 500 גר,גרמים,500.00,100 גרם,false,0,15.90,3.18,true,1,
7290106520066,false,רבע לשבע גלילית אגוז160ג,"הגביע מוצרי וופלים בע""\מ",IL,רבע לשבע 160 גרם,גרמים,160.00,100 גרם,false,0,12.90,8.06,true,1,
7290106520905,false,סלט טורקי 400 גרם,"שטראוס גרופ בע""\מ",IL,סלט טורקי,גרמים,400.00,100 גרם,false,0,16.90,4.23,true,1,
7290106520912,false,"שמנת לבישול 9% 250 מ""ל",מחלבת יטבתה,IL,שמנת לבישול 9%,מיליליטרים,250.00,"100 מ""ל",false,0,8.60,3.44,true,1,
7290106521049,false,סלט קוביות סלק 400 גרם,"שטראוס גרופ בע""\מ",IL,סלט קוביות סלק,גרמים,400.00,100 גרם,false,0,16.90,4.23,true,1,
7290106521926,false,קפה טורקי 150 גרם,שטראוס קפה בי.וי,IL,קפה טורקי,גרמים,150.00,100 גרם,false,1,13.90,9.27,true,1,
7290106523937,false,תפוצ'יפס טבעי 30*7 גרם,שטראוס,IL,תפוצ'יפס 7 יח,גרמים,210.00,100 גרם,false,0,14.90,7.10,true,1,
7290106525320,false,שוקולית לאפיה 500 גרם,שטראוס קפה בי.וי.,IL,שוקולית לאפיה,גרמים,500.00,100 גרם,false,0,16.50,3.30,true,1,
7290106525368,false,רבע לשבע שחור לבן 125גרם,"הגביע מוצרי וופלים בע""\מ",IL,רבע לשבע,גרמים,125.00,100 גרם,false,0,12.90,10.32,true,1,
7290106526822,false,פריכיות תחתית חלב 80גרם,"שטראוס גרופ בע""\מ",IL,פריכיות,גרמים,80.00,100 גרם,false,0,8.90,11.13,true,1,
7290106527386,false,פריכיות אנרג'י שוק.חלב70,"שטראוס גרופ בע""\מ",IL,פריכיות אנרג'י,גרמים,70.00,100 גרם,false,0,8.90,12.71,true,1,
7290106571907,false,עוגיות שוקולד צ'יפס180ג,אסם,IL,עוגיות פיטנס,גרמים,180.00,100 גרם,false,0,12.90,7.17,true,1,
7290106572997,false,"קמח שמרים לפיצה 1 ק""ג",תחנת קמח המפרץ,IL,קמח שמרים לפיצה,קילוגרמים,1.00,"ק""ג",false,0,10.80,10.80,true,1,
7290106573277,false,חט.קריספי טאפאס זיתים150,"אסם השקעות בע""\מ",IL,חטיפי קריספי,גרמים,150.00,100 גרם,false,0,13.40,8.93,true,1,
7290106573628,false,חומוס עם טחינה צבר 400גר,סלטי צבר,IL,חומוס עם טחינה,גרמים,400.00,100 גרם,false,0,12.90,3.23,true,1,
7290106573642,false,חומוס צנובר צבר 400 גרם,סלטי צבר,IL,חומוס צנובר,גרמים,400.00,100 גרם,false,0,12.90,3.23,true,1,
7290106573819,false,חומוס אבו גוש 400 גרם,סלטי צבר,IL,חומוס אבו גוש,גרמים,400.00,100 גרם,false,0,12.90,3.23,true,1,
7290106574120,false,קרחון גומיגם 1יח',גלידות נסטלה )נגה גלידות,IL,קרחון גומיגם,יחידה,1.00,יחידה,false,0,8.00,8.00,true,1,
7290106574953,false,בייגלה שטוחים שומשום300ג,"אסם השקעות בע""\מ",IL,בייגלה שטוחים,גרמים,300.00,100 גרם,false,0,11.90,3.97,true,1,
7290106574977,false,בייגלה שטוחים מלח300גרם,"אסם השקעות בע""\מ",IL,בייגלה שטוחים,גרמים,300.00,100 גרם,false,0,11.90,3.97,true,1,
7290106575257,false,עוגת סופלה טעם שוקולד340,"אסם השקעות בע""\מ",IL,עוגת סופלה הבית,גרמים,340.00,100 גרם,false,0,13.40,3.94,true,1,
7290106576513,false,חומוס צבר 400 גרם,סלטי צבר,IL,חומוס צבר,גרמים,400.00,100 גרם,false,0,10.90,2.73,true,1,
7290106576537,false,חומוס מסעדה צבר 700גרם,סלטי צבר,IL,חומוס מסעדה צבר,גרמים,700.00,100 גרם,false,0,13.10,1.87,true,1,
7290106576797,false,לה קרמריה וניל איטלקי,גלידות נסטלה,IL,לה קרמריה וניל,ליטרים,1.40,ליטר,false,0,21.90,15.65,true,1,
7290106577282,false,טחינה צבר מרובע 400 גרם,סלטי צבר,IL,טחינה צבר,גרמים,400.00,100 גרם,false,0,13.90,3.48,true,1,
7290106578821,false,עוגת שמרים שוקולד 350גרם,"אסם השקעות בע""\מ",IL,עוגת שמרים,גרמים,350.00,100 גרם,false,0,18.50,5.29,true,1,
7290106656727,false,חיוכים שוקולד 600 גרם,"אפיפית נצרת (1971) בע""\מ",IL,חיוכים שוקולד,גרמים,600.00,100 גרם,false,0,18.70,3.12,true,1,
7290106658479,false,טורטית מגדים 40 גרם,"שטראוס גרופ בע""\מ",IL,טורטית מגדים,גרמים,40.00,100 גרם,false,1,4.50,11.25,true,1,
7290106662025,false,תפוצ'יפס ט.מלח ופלפל 50ג,עלית,IL,תפוציפס מלח פלפל,גרמים,50.00,100 גרם,false,1,4.30,8.60,true,1,
7290106662223,false,"אפיפיות שוקולד לל""ג400ג","שטראוס גרופ בע""\מ",IL,אפיפיות לל.גלוטן,גרמים,400.00,100 גרם,false,1,14.90,3.73,true,1,
7290106663121,false,מילקי קייק 34 גרם,בובארד איטליה אס.פי.איי,IT,מילקי קייק,גרמים,34.00,100 גרם,false,1,3.10,9.12,true,1,
7290106663558,false,רוטב טריאקי 320 גרם,"ב.א. מזון בע""\מ",IL,רוטב טריאקי,גרמים,320.00,100 גרם,false,1,15.00,4.69,true,1,
7290106664067,false,לאבנה ש.זית וזעתר10% 400,"מחלבות בר בכפר בע""\מ",IL,לאבנה שמן זית,גרמים,400.00,100 גרם,false,1,15.60,3.90,true,1,
7290106668577,false,"מיץ לימון 250 מ""ל",יורופוד ס.ר.ל,IT,מיץ לימון,גרמים,250.00,100 גרם,false,1,8.80,3.52,true,1,
7290106720626,false,ציטוס גבינה 80 גרם,"שטראוס פריטו ליי בע""\מ )",IL,ציטוס גבינה,גרמים,80.00,100 גרם,false,1,5.20,6.50,true,1,
7290106721913,false,מסטיק מרעננת מגדים 66גרם,עלית,IL,מסטיק מרעננת,גרמים,66.00,100 גרם,false,1,11.50,17.42,true,1,
7290106726178,false,דנונה פרו פירות יער150ג,"שטראוס גרופ בע""\מ",IL,דנונה WOW פ.יער,גרמים,150.00,100 גרם,false,1,4.90,3.27,true,1,
7290106727984,false,כיף כף פצפצים בגביע135ג,שולן צ'\יקולטה גידה סאן.,TR,כיף כף פצפצים,גרמים,135.00,100 גרם,false,1,11.50,8.52,true,1,
7290106728127,false,חלב טבעי בקבוק3.6% 1ליטר,מחלבת יטבתה,IL,חלב טבעי 3.6% 1ל,ליטרים,1.00,ליטר,false,1,7.90,7.90,true,1,
7290107280020,false,מטליות לחות מארז,,IL,מטליות לחות מארז,יחידה,1.00,יחידה,false,0,19.90,19.90,true,1,
7290107280747,false,"נוזל לכלים קלאסי 700מ""ל",סנו,IL,נוזל לכלים קלאסי,מיליליטרים,700.00,"100 מ""ל",false,0,11.80,1.69,true,1,
7290107280761,false,ספארק לימון+משאבה 1ל,סנו מפעלי ברונוס בעמ,IL,נוזל כלים לימון,ליטרים,1.00,ליטר,false,0,12.90,12.90,true,1,
7290107280815,false,"K301 קוטל זוחלים 300 מ""ל","סנו מפעלי ברונוס בע""מ",IL,K301 קוטל זוחלים,מיליליטרים,300.00,"100 מ""ל",false,1,13.90,4.63,true,1,
7290107645584,false,מרק עוף אמיתי ר.טבעים400,יוניליוור ישראל מזון בע\,IL,מרק עוף אמיתי,גרמים,400.00,100 גרם,false,1,25.90,6.48,true,1,
7290107645591,false,מרק טעם עוף ר.טבעיים400ג,"יונליוור ישראל מזון בע""\",IL,מרק טעם עוף,גרמים,400.00,100 גרם,false,1,17.90,4.48,true,1,
7290107646147,false,חטיף שוגי קורנפלקס 26*6ג,יוניליוור ישראל מזון בעמ,IL,חטיפי שוגי 6 יח,גרמים,156.00,100 גרם,false,1,14.90,9.55,true,1,
7290107646154,false,חטיפי קוקומן פצפוצ 21*6ג,יוניליוור ישראל מזון בעמ,IL,חטיפי קוקומן 6יח,גרמים,126.00,100 גרם,false,1,14.90,11.83,true,1,
7290107647571,false,קורנטו טילון קליק 70 גרם,שטראוס,IL,טילון קליק,גרמים,70.00,100 גרם,false,1,8.00,11.43,true,1,
7290107647656,false,מאגדת מיני סולרו קוקוס א,"מיוצר ע""\י גלידת שטראוס",IL,מאגדת מיני סולרו,גרמים,245.00,100 גרם,false,1,24.90,10.16,true,1,
7290107647823,false,דגני בוקר ברנפלקס 500גרם,יוניליוור ישראל מזון בעמ,IL,דגני בוקר ברנפלק,גרמים,500.00,100 גרם,false,1,24.90,4.98,true,1,
7290107647854,false,דגני בוקר שוגי 500 גרם,יוניליוור ישראל מזון בעמ,IL,דגני בוקר שוגי,גרמים,500.00,100 גרם,false,1,22.90,4.58,true,1,
7290107649100,false,בייגלה טבעות+שומשום300ג,בייגל את בייגל מזון 198),IL,בייגלה טבעות,גרמים,300.00,100 גרם,false,1,12.20,4.07,true,1,
7290107870047,false,טילון בראוניז מטבע ענק י,גלידות נסטלה,IL,טילון בראונז,יחידה,1.00,יחידה,false,0,11.00,11.00,true,1,
7290107871723,false,פריכיות גדול שוקו100כשלפ,הרטו,BE,פריכיות פיטנס,גרמים,100.00,100 גרם,false,1,8.90,8.90,true,1,
7290107871990,false,פסטה צינורות 500 גרם,פסטה זארה,IT,פסטה צינורות,גרמים,500.00,100 גרם,false,0,6.50,1.30,true,1,
7290107877619,false,במבה מילוי קרם נוגט30*5ג,"אסם השקעות בע""\מ",IL,במבה נוגט 5 יח,גרמים,150.00,100 גרם,false,1,14.50,9.67,true,1,
7290107879699,false,גל.לה פרוטה מנגו 70גרם,גלידות נסטלה )נגה גלידות,IL,גל.לה פרוטה מנגו,יחידה,1.00,יחידה,false,1,8.00,8.00,true,1,
7290107930321,false,קונפיטורה דובדבן 340 גרם,"ב.א. מזון בע""\מ",IL,קונפיטורה דובדבן,גרמים,340.00,100 גרם,false,1,15.80,4.65,true,1,
7290107931397,false,כיף כף פצפצים 40 גרם,שולן צ'\יקולטה גידה סאן.,TR,כיף כף פצפצים,גרמים,40.00,100 גרם,false,1,5.50,13.75,true,1,
7290107932080,false,חלב מועשר3% בקבוק 1ליטר,מחלבת יטבתה,IL,חלב מועשר 3%,ליטרים,1.00,ליטר,false,1,7.90,7.90,true,1,
7290107932134,false,חלב מועשר1% בקבוק 1ליטר,מחלבת יטבתה,IL,חלב מועשר 1%,ליטרים,1.00,ליטר,false,1,7.90,7.90,true,1,
7290107936958,false,עד חצות אצבעות 125 גרם,ביסקוויטס טור ד'\אלבון,FR,עד חצות אצבעות,גרמים,125.00,100 גרם,false,1,11.90,9.52,true,1,
7290107937627,false,קוביות ספירמינט צנצנת58ג,אסקום קונפקשיין,DE,קוביות מסטיק,גרמים,58.00,100 גרם,false,1,11.50,19.83,true,1,
7290107937641,false,מסטיק בזוקה קוביות צנצ58,עלית,DE,קוביות מסטיק,גרמים,58.00,100 גרם,false,1,11.50,19.83,true,1,
7290107938396,false,"מארז אקטימל תות 100*8מ""ל","שטראוס בריאות בע""\מ",IL,אקטימל תות 8יח',מיליליטרים,800.00,"100 מ""ל",false,1,22.70,2.84,true,1,
7290107944427,false,חזרות-השוקו שלי שקית225מ,שטראוס,IL,שקית שוקו,מיליליטרים,225.00,"100 מ""ל",false,1,2.70,1.20,true,1,
7290107944472,false,סימפוניה שום שמיר5% 200ג,"שטראוס בריאות בע""\מ",IL,גבינת סימפוניה,גרמים,200.00,100 גרם,false,1,12.40,6.20,true,1,
7290107945165,false,קונפיטורת משמש 340 גרם,"ב.א. מזון בע""\מ",IL,קונפיטורת משמש,גרמים,340.00,100 גרם,false,1,15.80,4.65,true,1,
7290107950206,false,מעדן דיאט שוקולד 130 גרם,"שטראוס גרופ בע""\מ",IL,מעדן דיאט שוקולד,גרמים,130.00,100 גרם,false,1,3.40,2.62,true,1,
7290107951104,false,בפלות בטעם שוקולד 200גרם,"א.ג. גילרו בע""\מ",IL,בפלות טעם שוקולד,גרמים,200.00,100 גרם,false,1,5.40,2.70,true,1,
7290107951111,false,בפלות בטעם לימון 200 גרם,"א.ג. גילרו בע""\מ",IL,בפלות בטעם לימון,גרמים,200.00,100 גרם,false,1,5.40,2.70,true,1,
7290107951715,false,מסטיק קוביות ענבים צנצ58,אסקום קונפקשיין,IL,מסטיק קוביות,גרמים,58.00,100 גרם,false,1,11.50,19.83,true,1,
7290107953559,false,קפה טורקי לדרך 24 * 7 גר,שטראוס קפה בי.וי.,IL,קפה טורקי לדרך,גרמים,168.00,100 גרם,false,1,19.90,11.85,true,1,
7290107956925,false,קפסולות אוגנדה 13 50 גרם,שטראוס קפה בי.וי.,IL,קפסולות קפה,גרמים,50.00,100 גרם,false,1,18.90,37.80,true,1,
7290107957991,false,מילקי קייק מיניס 144 גרם,בובארד איטליה אס.פי.איי,IT,מילקי קייק מיניס,גרמים,144.00,100 גרם,false,1,15.50,10.76,true,1,
7290107975292,false,ליידי ס.סטיק נערות65גר,קולגייט פלמוליב,US,ספיד סטיק ורוד,גרמים,65.00,100 גרם,false,1,21.90,33.69,true,1,
7290107978101,false,אופטיק וייט אקסטרה 75מל,קולגייט,PL,משחת אופטיק וייט,מיליליטרים,75.00,"100 מ""ל",false,1,29.90,39.87,true,1,
7290107978323,false,איטריות דקיקות 400 גרם,פי.פי.איג' ארטלקס,PL,איטריות דקיקות,גרמים,400.00,100 גרם,false,1,6.90,1.73,true,1,
7290108352450,false,ריצפז פרש הום ריח מרכך2ל,סנו מפעלי ברונוס בעמ,IL,ריצפז פרש הום,ליטרים,2.00,ליטר,false,1,21.90,10.95,true,1,
7290108352900,false,מגבות הפלא גליל כפול 6יח,סנו מפעלי ברונוס בעמ,IL,מגבות נייר,מטרים,126.00,מטר,false,1,20.90,0.17,true,1,
7290108355727,false,קרליין קרם גוף  מבושם250,פאר פארם בעמ,IL,קרם גוף מבושם,מיליליטרים,250.00,"100 מ""ל",false,1,24.90,9.96,true,1,
7290108356168,false,כיף תחליב רח.אוקיינוס700,קוסמופארם,IL,כיף תחליב רחצה,מיליליטרים,700.00,"100 מ""ל",false,1,12.90,1.84,true,1,
7290108356861,false,מגבונים ללא בישום 64*5יח,קוסמופארם בעמ,IL,מגבוני בייבי כיף,יחידה,1.00,יחידה,false,1,23.90,23.90,true,1,
7290108357257,false,סנו פרש מכשיר+מילוי250מ,"יצרן מכשיר: זובלה,  יצרן",CN,סנו פרש,מיליליטרים,250.00,"100 מ""ל",false,1,49.90,19.96,true,1,
7290108357288,false,סנו ג'אוול ניחוח פריחה4ל,---,IL,אקונומיקה ג'אוול,ליטרים,4.00,ליטר,false,1,17.90,4.48,true,1,
7290108357745,false,"כיף 2ב1 שמפו ומרכך 700מ""",קוסמופארם,IL,כיף 2in1 שמפו,מיליליטרים,700.00,"100 מ""ל",false,1,13.90,1.99,true,1,
7290108501346,false,גב.גאודה מגורדת 28% 500ג,ג. וילי פוד אינטרנשיונל,IL,גאודה מגורדת,גרמים,500.00,100 גרם,false,1,26.90,5.38,true,1,
7290108501360,false,גבינת צ'דר בשלה 200 גרם,ווייקה פארמס,GB,גבינת צ'דר,גרמים,200.00,100 גרם,false,1,19.90,9.95,true,1,
7290108501506,false,גבינת חלומי 200 גרם,סאסו פטוראגס קומטויס אף,CY,גבינת חלומי,גרמים,200.00,100 גרם,false,1,21.90,10.95,true,1,
7290108501827,false,קדאיף שערות בצק 450 גרם,הלניק,GR,קדאיף שערות בצק,גרמים,450.00,100 גרם,false,1,22.90,5.09,true,1,
7290108502725,false,גבינת גאודה פרוסות 400 ג,ג.וילי פוד אינטרנשיונל ב,IL,גבינת גאודה,גרמים,400.00,100 גרם,false,1,21.90,5.48,true,1,
7290108503043,false,תפוחונים מארז 22*4 גרם,הביי דונגפנג פוד קו. בעמ,CN,תפוחונים 4 יח,גרמים,88.00,100 גרם,false,1,15.90,18.07,true,1,
7290108503746,false,חמאה מלוחה בלגית 200 גר,ואליו אל.טי.די,FI,חמאה מלוחה,גרמים,200.00,100 גרם,false,1,13.30,6.65,true,1,
7290108506495,false,כנאפה קפוא 192 גרם,ארמה,TR,כנאפה קפוא,גרמים,192.00,100 גרם,false,1,16.90,8.80,true,1,
7290108506709,false,גבינת פרמג'אנו 150 גרם,---,IT,גבינת פרמג'אנו,גרמים,150.00,100 גרם,false,1,29.90,19.93,true,1,
7290108508901,false,יוגורט+דובדבן 0.6% 150גר,---,GR,יוגורט יווני,גרמים,150.00,100 גרם,false,1,5.90,3.93,true,1,
7290108509700,false,"אורז פרסי דאווט 1 ק""ג",אל.טי.פודס בעמ,IN,אורז פרסי דאווט,קילוגרמים,1.00,"ק""ג",false,1,10.90,10.90,true,1,
7290109351957,false,פריכיות שוקולד פיטנס100ג,הרטו,BE,פריכיות פיטנס,גרמים,100.00,100 גרם,false,1,8.90,8.90,true,1,
7290109354101,false,לחמית ללא גלוטן 200 גרם,אסם,IL,לחמית ללא גלוטן,גרמים,200.00,100 גרם,false,1,10.90,5.45,true,1,
7290109355504,false,קראנץ וניל יח,נגה גלידות,IL,קראנץ וניל,יחידה,1.00,יחידה,false,1,11.00,11.00,true,1,
7290109356556,false,"חטיפי קרקר כשל""פ 170 גרם","אסם השקעות בע""\מ",IL,חטיפי קרקר,גרמים,170.00,100 גרם,false,1,10.90,6.41,true,1,
7290109358260,false,נקנקיות עם חלבון 600 גרם,אסם,IL,נקניקיות ע.חלבון,גרמים,600.00,100 גרם,false,1,31.90,5.32,true,1,
7290109358482,false,קרמוגית במילוי חלבה200גר,"הגביע מוצרי וופלים בע""\מ",IL,קרמוגית חלבה,גרמים,200.00,100 גרם,false,1,12.70,6.35,true,1,
7290109358765,false,קראנץ' רולס 450 גרם,"אסם השקעות בע""\מ",IL,קראנץ' רולס,גרמים,450.00,100 גרם,false,1,27.90,6.20,true,1,
7290109580098,false,קבנוס בטעם סרירצ'ה 135 ג,---,IL,קבנוס בטעם סרירצ,קילוגרמים,0.14,"ק""ג",false,1,12.90,92.14,true,1,
7290109580104,false,רוסטביף פרימיום 150 גרם,---,IL,רוסטביף פרימיום,גרמים,150.00,100 גרם,false,1,24.90,16.60,true,1,
7290109580111,false,צלעות אסאדו מעושנות,---,IL,צלעות אסאדו מעוש,גרמים,120.00,100 גרם,false,1,24.90,20.75,true,1,
7290109580135,false,קורנדביף  פרימיום 180 גר,---,IL,קורנדביף  פרימיו,גרמים,180.00,100 גרם,false,1,24.90,13.83,true,1,
7290109580159,false,פרימיום פסטרמה בנוסח טוס,---,IL,פרימיום פסטרמה ב,גרמים,180.00,100 גרם,false,1,24.90,13.83,true,1,
7290109580166,false,סרוולד קלאסי פרימיום 150,---,IL,סרוולד קלאסי,גרמים,150.00,100 גרם,false,1,24.90,16.60,true,1,
7290109580432,false,פסטרמה אקסטרה מעושנת דק,---,IL,פסטרמה אקסטרה מע,גרמים,120.00,100 גרם,false,1,14.90,12.42,true,1,
7290109640402,false,"ממרח ט.טבעי ע""ב קוקוס200",גן שמואל-תעשיות בריאות,IL,"ממרח ע""ב קוקוס",גרמים,200.00,100 גרם,false,1,17.90,8.95,true,1,
7290110113469,false,פחית קוקה זירו מנגו330מל,החברה המרכזית לייצור משק,IL,פחית קולה זירו,מיליליטרים,330.00,"100 מ""ל",false,1,5.40,1.64,true,1,
7290110113476,false,בירה קרלסברג0%אלכו330*6מ,קרלסברג רומניהn\יבואן:מב,RO,קרלסברג 0% שישיה,ליטרים,1.98,ליטר,false,1,36.60,18.48,true,1,
7290110114510,false,סירופ פריגת שייק בננ750מ,גת,IL,סירופ שייק בננה,מיליליטרים,750.00,"100 מ""ל",false,1,24.20,3.23,true,1,
7290110114787,false,נביעות+טעם תפוח 1.5 ליטר,נביעות טבע הגליל בעמ,IL,נביעות+תפוח,ליטרים,1.50,ליטר,false,0,10.50,7.00,true,1,
7290110114794,false,נביעות+טעם אפרסק 1.5ליטר,"נביעות טבע הגליל בע""\מ ,",IL,נביעות+אפרסק,ליטרים,1.50,ליטר,false,0,10.50,7.00,true,1,
7290110114800,false,נביעות+טעם ענבים 1.5ליטר,"נביעות טבע הגליל בע""\מ",IL,נביעות+ענבים,ליטרים,1.50,ליטר,false,0,10.50,7.00,true,1,
7290110114855,false,מים מינרל.נביעות 1.5*6ל,נביעות טבע הגליל בעמ,IL,מים נביעות1.5*6ל,ליטרים,9.00,ליטר,false,0,13.70,1.52,true,1,
7290110114893,false,מיץ תפוזים סחוט טבעי 2 ל,גת,IL,מיץ תפוזים,ליטרים,2.00,ליטר,false,0,27.50,13.75,true,1,
7290110114961,false,פריגת תפוזים 1.5 ליטר,מבשלות בירה בינלאומיות ב,IL,פריגת תפוזים,ליטרים,1.50,ליטר,false,0,9.90,6.60,true,1,
7290110114985,false,פריגת אשכוליות 1.5 ליטר,מבשלות בירה בינלאומיות ב,IL,פריגת אשכוליו,ליטרים,1.50,ליטר,false,0,9.90,6.60,true,1,
7290110114992,false,פריגת אשכוליות לייט 1.5,מבשלות בירה בינלאומיות ב,IL,פריגת  אשכולי,ליטרים,1.50,ליטר,false,0,9.50,6.33,true,1,
7290110115005,false,פריגת ענבים 1.5 ליטר,מבשלות בירה בינלאומיות ב,IL,פריגת ענבים,ליטרים,1.50,ליטר,false,0,9.90,6.60,true,1,
7290110115029,false,פריגת תפוחים 1.5 ליטר,מבשלות בירה בינלאומיות ב,IL,פריגת תפוחים,ליטרים,1.50,ליטר,false,0,9.90,6.60,true,1,
7290110115036,false,פריגת מנגו 1.5 ליטר,מבשלות בירה בינלאומיות ב,IL,פריגת מנגו,ליטרים,1.50,ליטר,false,0,9.90,6.60,true,1,
7290110115043,false,פריגת לימונענע 1.5 ליטר,מבשלות בירה בינלאומיות ב,IL,"משק""ל פריגת",ליטרים,1.50,ליטר,false,0,9.90,6.60,true,1,
7290110115081,false,פריגת צלול ענבים 1.5ליטר,"מבשלות בירה לישראל בע""\מ",IL,פריגת צלול ענ,ליטרים,1.50,ליטר,false,0,8.90,5.93,true,1,
7290110115104,false,פריגת צלול אפרסק 1.5ליטר,מבשלות בירה בינלאומיות ב,IL,פריגת צלול אפ,ליטרים,1.50,ליטר,false,0,8.90,5.93,true,1,
7290110115128,false,פריגת צלול לימוננע 1.5 ל,"מבשלות בירה לישראל בע""\מ",IL,פריגת צלול,ליטרים,1.50,ליטר,false,0,8.90,5.93,true,1,
7290110115203,false,קוקה קולה בקבוק 1.5 ליטר,החברה המרכזית לייצור משק,IL,קוקה קולה,ליטרים,1.50,ליטר,false,0,9.20,6.13,true,1,
7290110115210,false,קולה דיאט בקבוק 1.5 ל',החברה המרכזית לייצור משק,IL,קוקה קולה דיא,ליטרים,1.50,ליטר,false,0,8.90,5.93,true,1,
7290110115227,false,קוקה קולה זירו 1.5 ליטר,החברה המרכזית לייצור משק,IL,קוקה קולה זיר,ליטרים,1.50,ליטר,false,0,9.50,6.33,true,1,
7290110115234,false,קולה זירו נטול קפאין1.5ל,החברה המרכזית לייצור משק,IL,קולה זירו נטו,ליטרים,1.50,ליטר,false,0,9.50,6.33,true,1,
7290110115241,false,קולה זירו לימון 1.5 ליטר,החברה המרכזית לייצור משק,IL,קולה זירו לימ,ליטרים,1.50,ליטר,false,0,9.50,6.33,true,1,
7290110115265,false,ספרייט ליים 1.5 ליטר,החברה המרכזית לייצור משק,IL,ספרייט ליים,ליטרים,1.50,ליטר,false,0,9.20,6.13,true,1,
7290110115272,false,ספרייט זירו 1.5 ליטר,החברה המרכזית לייצור משק,IL,ספרייט זירו,ליטרים,1.50,ליטר,false,0,9.50,6.33,true,1,
7290110115296,false,פאנטה אורנג' 1.5 ל',החברה המרכזית לייצור משק,IL,פאנטה אורנג',ליטרים,1.50,ליטר,false,0,10.00,6.67,true,1,
7290110115302,false,פאנטה זירו ט.אורנג' 1.5ל,החברה המרכזית לייצור משק,IL,פאנטה זירו או,ליטרים,1.50,ליטר,false,0,10.00,6.67,true,1,
7290110115364,false,קוקה קולה 1.5*6 ליטר,החברה המרכזית לייצור משק,IL,קוקה קולה1.5*6ל,ליטרים,9.00,ליטר,false,0,52.90,5.88,true,1,
7290110115395,false,ספרייט זירו 1.5*6 ליטר,החברה המרכזית לייצור משק,IL,ספרייט זירו1.5*6,ליטרים,9.00,ליטר,false,0,48.90,5.43,true,1,
7290110115401,false,קינלי סודה 1.5*6 ליטר,החברה המרכזית לייצור משק,IL,קינלי סודה1.5*6ל,ליטרים,9.00,ליטר,false,0,16.90,1.88,true,1,
7290110115418,false,קוקה קולה זירו 1.5*6 ל',החברה המרכזית לייצור משק,IL,קולה זירו1.5*6ל,ליטרים,9.00,ליטר,false,0,49.90,5.54,true,1,
7290110115425,false,פיוז תה גרין לימ.נענ1.5ל,מבשלות בירה בינלאומיות ב,IL,פיוז תה לימון,ליטרים,1.50,ליטר,false,0,9.90,6.60,true,1,
7290110115449,false,פיוז תה מנגו אננס 1.5ל,מבשלות בירה בינלאומיות ב,IL,תה מנגו אננס,ליטרים,1.50,ליטר,false,0,10.20,6.80,true,1,
7290110115463,false,פיוז תה קר אפרסק 1.5ליטר,מבשלות בירה בינלאומיות ב,IL,פיוז תה אפרסק,ליטרים,1.50,ליטר,false,0,10.20,6.80,true,1,
7290110115494,false,פיוז תה ענבים 1.5 ליטר,מבשלות בירה בינלאומית בע,IL,פיוז תה ענבים,ליטרים,1.50,ליטר,false,0,10.20,6.80,true,1,
7290110115531,false,פאנטה זירו טעם תפוח 1.5ל,החברה המרכזית לייצור משק,IL,פאנטה זירו תפ,ליטרים,1.50,ליטר,false,0,10.00,6.67,true,1,
7290110115579,false,פאנטה אורנג' 1.5*4 ליטר,החברה המרכזית לייצור משק,IL,פאנטה אורנג1.5*4,ליטרים,6.00,ליטר,false,0,38.90,6.48,true,1,
7290110115593,false,פריגת אשכולית מופ.סוכ1.5,מבשלות בירה בינלאומיות ב,IL,פריגת אשכוליו,ליטרים,1.50,ליטר,false,0,9.50,6.33,true,1,
7290110115609,false,פריגת ענבים מופחת סוכ1.5,מבשלות בירה בינלאומיות ב,IL,פריגת ענבים,ליטרים,1.50,ליטר,false,0,9.50,6.33,true,1,
7290110115616,false,פיוז תה אננס זירו 1.5 ל',מבשלות בירה בינלאומיות ב,IL,פיוז תה אננס,ליטרים,1.50,ליטר,false,1,9.90,6.60,true,1,
7290110115623,false,פיוז תה אפרסק זירו 1.5 ל,מבשלות בירה בינלאומיות ב,IL,פיוז תה אפרסק,ליטרים,1.50,ליטר,false,1,9.90,6.60,true,1,
7290110116316,false,קולה מהדורת חג 1.5*6ל,החברה המרכזית לייצור משק,IL,קוקה קולה 6 יח,ליטרים,9.00,ליטר,false,1,52.90,5.88,true,1,
7290110116385,false,קולה זירו אבטיח תות330מ,החברה המרכזית לייצור משק,IL,קולה זירו אבטיח,מיליליטרים,330.00,"100 מ""ל",false,1,5.40,1.64,true,1,
7290110320683,false,משקה יוגורט תות 107*8ג,מחלבת אלון תבור,IL,משקה יוגורט 8 יח,גרמים,856.00,100 גרם,false,1,17.40,2.03,true,1,
7290110320744,false,גבינת גרנה פדנו פלח150ג,תנובה,IT,גבינת גרנה פדנו,גרמים,150.00,100 גרם,false,1,23.90,15.93,true,1,
7290110320850,false,פתיתי עמק 28% 200 גרם,תנובה,IL,פתיתי עמק,גרמים,200.00,100 גרם,false,1,15.90,7.95,true,1,
7290110320867,false,פתיתי עמק 28% 500גרם,תנובה,IL,פתיתי עמק,גרמים,500.00,100 גרם,false,1,35.00,7.00,true,1,
7290110321277,false,קוטג' בקטנה 5% 100 גרם,תנובה,IL,קוטג' בקטנה 5%,גרמים,100.00,100 גרם,false,1,2.70,2.70,true,1,
7290110321284,false,קוטג' בקטנה 9% 100 גרם,תנובה,IL,קוטג' בקטנה 9%,גרמים,100.00,100 גרם,false,1,2.70,2.70,true,1,
7290110321604,false,קוב.בולגרית מעודנת5% 200,תנובה,IL,קוביות מעודנת 5%,גרמים,200.00,100 גרם,false,1,22.80,11.40,true,1,
7290110321680,false,יופלה GO תות 200 גרם,מחלבת אלון תבור,IL,יופלה GO יוגורט,גרמים,200.00,100 גרם,false,1,5.90,2.95,true,1,
7290110321703,false,יופלה GO פירות יער 200 ג,"תנובה בע""\מ",IL,יופלה GO יוגורט,גרמים,200.00,100 גרם,false,1,5.90,2.95,true,1,
7290110321789,false,מסקרפונה השף הלבן 250 גר,תנובה,IL,גבינת מסקרפונה,גרמים,250.00,100 גרם,false,1,21.60,8.64,true,1,
7290110322014,false,טופו בטעם טבעי 300 גרם,א.י.ן תעשיות,IL,טופו טבעי300 גרם,גרמים,300.00,100 גרם,false,1,12.90,4.30,true,1,
7290110322021,false,טופו בזיליקום 300 גרם,א.י.ן תעשיות,IL,טופו בזיליקום,גרמים,300.00,100 גרם,false,1,12.90,4.30,true,1,
7290110323073,false,משקה יוגוGO תות-פטל 250מ,תנובה,IL,משקה יוגורט GO,מיליליטרים,250.00,"100 מ""ל",false,1,6.70,2.68,true,1,
7290110323301,false,גבינת טל העמק 32% 200 גר,---,IL,גבינת טל העמק,גרמים,200.00,100 גרם,false,1,19.90,9.95,true,1,
7290110323585,false,יופלה GO דובדבן0.7% 200ג,תנובה בעמ,IL,יופלה GO דובדבן,גרמים,200.00,100 גרם,false,1,5.90,2.95,true,1,
7290110323714,false,משקה קוקוס שקדים 1 ליטר,תנובה בעמ,IL,משקה קוקוס שקדים,ליטרים,1.00,ליטר,false,1,14.80,14.80,true,1,
7290110324353,false,יופלה גו לייט אננס 200 ג,"תנובה בע""\מ",IL,יופלה גו,גרמים,200.00,100 גרם,false,1,5.90,2.95,true,1,
7290110324704,false,טופו מתובל פרובנס 300 ג,"תנובה בע""\מ",IL,טופו מתובל,גרמים,300.00,100 גרם,false,1,12.90,4.30,true,1,
7290110324711,false,ממרח סויה9% טעם טבעי250ג,"תנובה בע""\מ",IL,ממרח סויה 9%,גרמים,250.00,100 גרם,false,1,10.90,4.36,true,1,
7290110324728,false,ממרח סויה 9%שום שמיר250ג,"תנובה בע""\מ",IL,ממרח סויה 9%,גרמים,250.00,100 גרם,false,1,10.90,4.36,true,1,
7290110324841,false,מעדן שקדים שוקולד מריר12,תנובה בעמ,IL,מעדן שקדים,גרמים,125.00,100 גרם,false,1,4.50,3.60,true,1,
7290110324858,false,מעדן שקדים אגוזי לוז125ג,תנובה בעמ,IL,מעדן שקדים,גרמים,125.00,100 גרם,false,1,4.50,3.60,true,1,
7290110324872,false,גבינת גלבוע 5% פרוסות 20,תנובה,IL,גלבוע 5%פרוסות,גרמים,200.00,100 גרם,false,1,18.90,9.45,true,1,
7290110324926,false,"משקה סויה ללת""ס 1 ליטר","תנובה בע""\מ",IL,"משקה סויה ללת""ס",ליטרים,1.00,ליטר,false,1,11.90,11.90,true,1,
7290110325114,false,משקה יוגורט GO לייט תות,"תנובה בע""\מ",IL,משקה יוגורט GO,מיליליטרים,250.00,"100 מ""ל",false,1,6.90,2.76,true,1,
7290110325121,false,משק.יוגורטGOלייט מנגו250,"תנובה בע""\מ",IL,משקה יוגורט GO,מיליליטרים,250.00,"100 מ""ל",false,1,6.90,2.76,true,1,
7290110325305,false,מעדן סויה ביו במתיקות200,תנובה,IL,מעדן גו סויה,גרמים,200.00,100 גרם,false,1,5.90,2.95,true,1,
7290110325312,false,מעדן סויה ביו טעם תות200,"תנובה בע""\מ",IL,מעדן סויה ביו,גרמים,200.00,100 גרם,false,1,5.90,2.95,true,1,
7290110325510,false,יופלה טיוב וניל 6יח58*גר,"תנובה בע""\מ",IL,יופלה טיוב וניל,גרמים,348.00,100 גרם,false,1,13.90,3.99,true,1,
7290110325619,false,משקה שיבולת שועל 1 ליטר,"תנובה בע""\מ",IL,משקה שיבולת שועל,ליטרים,1.00,ליטר,false,1,14.80,14.80,true,1,
7290110325879,false,פתיתי גאודה 200 גרם,---,IL,פתיתי גאודה,גרמים,200.00,100 גרם,false,1,17.90,8.95,true,1,
7290110325893,false,"אייס קפה GO תנובה 340מ""ל","תנובה בע""\מ",IL,אייס קפה GO,מיליליטרים,340.00,"100 מ""ל",false,1,7.90,2.32,true,1,
7290110326241,false,יופלה און טופ גרנולה157ג,מחלבת אלון תבור,IL,יופלה און טופ,גרמים,157.00,100 גרם,false,1,5.50,3.50,true,1,
7290110326333,false,פרוסות גב.סקנדינבית 170ג,תנובה,IL,גבינה סקנדינבית,גרמים,170.00,100 גרם,false,1,19.90,11.71,true,1,
7290110326906,false,חלב נטול לקטוז 3% 1 ליטר,תנובה בעמ,IL,חלב נטול לקטוז,ליטרים,1.00,ליטר,false,1,7.50,7.50,true,1,
7290110327064,false,אייס קפה ש.שועל קרמל 1ל,---,IL,אייס קפה ש.שועל,ליטרים,1.00,ליטר,false,1,13.90,13.90,true,1,
7290110327514,false,משקה ש.שועל אגוז לוז 1ל,---,IL,משקה ש.שועל,ליטרים,1.00,ליטר,false,1,14.80,14.80,true,1,
7290110327545,false,יופלה אונטופ תות+פצפו157,תנובה בעמ,IL,יופלה און טופ,גרמים,157.00,100 גרם,false,1,5.50,3.50,true,1,
7290110327637,false,יופלה דיאט קיווי0% 150ג,תנובה בעמ,IL,יופלה דיאט קיווי,גרמים,150.00,100 גרם,false,1,5.20,3.47,true,1,
7290110327798,false,חטיף חלבון גו ט.שוקולד60,"בלמונט קונפקציות בע""\מ.",US,חטיף חלבון,גרמים,60.00,100 גרם,false,1,13.90,23.17,true,1,
7290110327804,false,חטיף חלבון גו ט.עוגיות60,"בלמונט קונפקציות בע""\מ.",US,חטיף חלבון,גרמים,60.00,100 גרם,false,1,13.90,23.17,true,1,
7290110328092,false,פטה יוונית קוביות21% 150,דודוני תעשיית החלב החקלא,GR,פטה יוונית,גרמים,150.00,100 גרם,false,1,21.90,14.60,true,1,
7290110328474,false,פרמג'יאנו רג'יאנו 150גרם,ברטינלי גיאני א.,IT,פרמג'יאנו רג'יאנ,גרמים,150.00,100 גרם,false,1,29.90,19.93,true,1,
7290110328481,false,פתיתי פרמג'יאנו רג100.'ג,ברטינלי גיאני א.,IT,פתיתי פרמג'יאנו,גרמים,100.00,100 גרם,false,1,17.90,17.90,true,1,
7290110328511,false,פתיתי טל העמק 32% 200 גר,---,IL,פתיתי טל העמק,גרמים,200.00,100 גרם,false,1,18.90,9.45,true,1,
7290110328627,false,יוג.גו קרמי בננה קרמל200,תנובה בעמ,IL,יוגורט גו קרמי,גרמים,200.00,100 גרם,false,1,5.90,2.95,true,1,
7290110328764,false,יוגורט גו קרמי תות0% 200,תנובה בעמ,IL,יוגורט גו קרמי,גרמים,200.00,100 גרם,false,1,5.90,2.95,true,1,
7290110328788,false,יוג.גו קרמי אפרסק0% 200ג,תנובה בעמ,IL,יוגורט גו סמיך,גרמים,200.00,100 גרם,false,1,5.90,2.95,true,1,
7290110329136,false,מעדן חלב גו שוקןלד 120גר,"תנובה בע""\מ",IL,מעדן חלב גו,גרמים,120.00,100 גרם,false,1,5.30,4.42,true,1,
7290110329143,false,מעדן חלב גו וניל 120גרם,"תנובה בע""\מ",IL,מעדן חלב גו,גרמים,120.00,100 גרם,false,1,5.30,4.42,true,1,
7290110329303,false,פרוסות צהובה קלאסית 200,---,IL,פרוסות צהובה,גרמים,200.00,100 גרם,false,1,22.90,11.45,true,1,
7290110329433,false,טופו תוספת רוטב סצואן310,---,IL,טופו בטעם סצ'ואן,גרמים,310.00,100 גרם,false,1,14.90,4.81,true,1,
7290110329686,false,"משקה חלב GO עוגיות340מ""ל","תנובה בע""\מ",IL,משקה חלב GO,מיליליטרים,340.00,"100 מ""ל",false,1,7.90,2.32,true,1,
7290110329723,false,משקה קפה קר לאטה230גרם,"תנובה בע""\מ",IL,משקה קפה קר לאטה,גרמים,230.00,100 גרם,false,1,8.90,3.87,true,1,
7290110329730,false,משקה חלב שוקולד וקפה230ג,"תנובה בע""\מ",IL,משקה חלב שוקולד,גרמים,230.00,100 גרם,false,1,8.90,3.87,true,1,
7290110329792,false,מעדן סויה ביו אפרסק150ג,"תנובה בע""\מ",IL,מעדן סויה ביו,גרמים,150.00,100 גרם,false,1,5.50,3.67,true,1,
7290110329808,false,מעדן סויה ביו תות 150 גר,"תנובה בע""\מ",IL,מעדן סויה ביו,גרמים,150.00,100 גרם,false,1,5.50,3.67,true,1,
7290110329815,false,מעדן סויה ביו מעודנת150ג,"תנובה בע""\מ",IL,מעדן סויה ביו,גרמים,150.00,100 גרם,false,1,5.50,3.67,true,1,
7290110329822,false,מעדן סויה ביו פ.יער150גר,"תנובה בע""\מ",IL,מעדן סויה ביו,גרמים,150.00,100 גרם,false,1,5.50,3.67,true,1,
7290110329846,false,מעדן סויה ביו טבעי 150 ג,"תנובה בע""\מ",IL,מעדן ביו טבעי,גרמים,150.00,100 גרם,false,1,5.50,3.67,true,1,
7290110552237,false,דנונה פרו אפרסק מנגו200ג,"שטראוס בריאות בע""\מ",IL,דנונה פרו חלבון,גרמים,200.00,100 גרם,false,1,6.20,3.10,true,1,
7290110553012,false,פלטינום קלאסיק+רפיל כשלפ,שטראוס קפה בי.וי.,IL,קפה פלטינום מארז,גרמים,250.00,100 גרם,false,1,28.90,11.56,true,1,
7290110553265,false,דנונה WOW בלונדי 150גרם,"שטראוס בריאות בע""\מ",IL,דנונה WOW,גרמים,150.00,100 גרם,false,1,4.90,3.27,true,1,
7290110553623,false,ציטוס קראנץ צ'דר חלפינ80,"שטראוס פריטו ליי בע""\מ )",IL,צי'טוס קראנץ,גרמים,80.00,100 גרם,false,1,5.20,6.50,true,1,
7290110554095,false,דבש לחיץ 440 גרם,מכוורת יד מרדכי שטראוס ב,IL,דבש לחיץ,גרמים,440.00,100 גרם,false,1,25.90,5.89,true,1,
7290110554262,false,חלבית מלבין קפה 350 גרם,מוקטה אס.פי.,PL,חלבית מלבין קפה,גרמים,350.00,100 גרם,false,1,22.90,6.54,true,1,
7290110555092,false,לאבנה שמן זית וצ'ילי250ג,"מחלבות בר בכפר בע""\מ",IL,לאבנה,גרמים,250.00,100 גרם,false,1,12.90,5.16,true,1,
7290110557102,false,מעדן חלב שוקולד מועשר150,"שטראוס גרופ בע""\מ",IL,מעדן שוקולד פרו,גרמים,150.00,100 גרם,false,1,5.50,3.67,true,1,
7290110557133,false,מעדן הגולן וניל 125 גרם,"שטראוס בריאות בע""\מ",IL,מעדן הגולן וניל,גרמים,125.00,100 גרם,false,1,3.40,2.72,true,1,
7290110558666,false,דניאלה בטעם תפוח 88 גרם,"שטראוס בריאות בע""\מ",IL,דניאלה בטעם תפוח,גרמים,88.00,100 גרם,false,1,4.30,4.89,true,1,
7290110561352,false,דנונה דל לקטוז 200 גרם,"שטראוס בריאות בע""\מ",IL,דנונה דל לקטוז,גרמים,200.00,100 גרם,false,1,3.70,1.85,true,1,
7290110563431,false,אייס קפה 1.6% קלאסי 230מ,אנסטל מילק kg,AT,משקה אייס קפה,מיליליטרים,230.00,"100 מ""ל",false,1,7.90,3.43,true,1,
7290110563462,false,חלב נטול לקטוז 2% 1 ליטר,מחלבת יטבתה,IL,חלב נטול לקטוז,ליטרים,1.00,ליטר,false,1,8.50,8.50,true,1,
7290110564414,false,חומוס עשיר ב30%טחינה600ג,"שטראוס גרופ בע""\מ",IL,חומוס 30% טחינה,גרמים,600.00,100 גרם,false,1,15.90,2.65,true,1,
7290110565527,false,דנונה פרו 20ג חלבון 200ג,"שטראוס גרופ בע""\מ",IL,דנונה פרו חלבון,גרמים,200.00,100 גרם,false,1,6.20,3.10,true,1,
7290110566975,false,דנונ.פרו20ג חלבון תות200,"שטראוס בריאות בע""\מ",IL,דנונה פרו חלבון,גרמים,200.00,100 גרם,false,1,6.20,3.10,true,1,
7290110568276,false,משקה פרו וניל יטבתה350מ,מחלבת יטבתה,DE,משקה פרו וניל,גרמים,350.00,100 גרם,false,1,6.90,1.97,true,1,
7290110568559,false,דוריטוס חמוץ חריף 25*10ג,"שטראוס פריטו ליי בע""מ )פ",IL,דוריטוס 10 יח,גרמים,250.00,100 גרם,false,1,14.90,5.96,true,1,
7290110570224,false,"משקה קפה קר עוגיות230מ""ל",אנסטל מילק kg,AT,משקה קפה קר,מיליליטרים,230.00,"100 מ""ל",false,1,7.90,3.43,true,1,
7290110572969,false,כיף כף פצפצים קרם לבן40ג,שולן צ'\יקולטה גידה סאן.,TR,כיף כף פצפצים,גרמים,40.00,100 גרם,false,1,5.50,13.75,true,1,
7290110576363,false,ספלנדיד 80%מר.אוגנדה100ג,קימ'\ס גריפלנן,BE,שוקולד ספלנדיד,גרמים,100.00,100 גרם,false,1,9.90,9.90,true,1,
7290110576387,false,שוקולד חלב אגוז שלם100*3,דיפה,FR,שוקולד אגוז 3 יח,גרמים,300.00,100 גרם,false,1,28.50,9.50,true,1,
7290110576868,false,גמדים סלט פירות 100*4גרם,"שטראוס בריאות בע""\מ",IL,גמדים 4 יח,גרמים,400.00,100 גרם,false,1,11.90,2.98,true,1,
7290111343124,false,נייר טואלט לילי דאבל 24ג,---,IL,נייר ט.לילי דאבל,מטרים,883.00,100 מטר,false,1,53.90,6.10,true,1,
7290111344206,false,מגבונים האגיס נטורל4*64,---,IL,מגבונים האגיס 4*,יחידה,1.00,יחידה,false,1,23.90,23.90,true,1,
7290111350368,false,לקקן צ'ופה בטעם פירות1יח,צ'ופה צ'ופס,ES,לקקן צ'ופה,יחידה,1.00,יחידה,false,1,1.90,1.90,true,1,
7290111350726,false,נאצ'וס בסגנון מקסיקני322,---,US,חטיף נאצ'וס,גרמים,322.00,100 גרם,false,1,17.90,5.56,true,1,
7290111350740,false,הוטפופ מלח5+ גביעים100*5,פופז,US,הוטפופ טבעי 5 יח,גרמים,500.00,100 גרם,false,1,16.90,3.38,true,1,
7290111352966,false,סוכ.חמוצות ממולאות 250גר,סאדאט,TR,סוכריות ממולאות,גרמים,250.00,100 גרם,false,1,7.90,3.16,true,1,
7290111353079,false,סוכ.גומי דובונים 180 גרם,סאדאט גידא,TR,סוכריות גומי,גרמים,180.00,100 גרם,false,1,10.90,6.06,true,1,
7290111353109,false,סוכריות גומי נחשים200גרם,סאאדט גידא,TR,סוכריות גומי נחש,גרמים,200.00,100 גרם,false,1,10.90,5.45,true,1,
7290111563584,false,אקסטרים וניל כשר לפסח 72,גלידות נסטלה )נגה גלידות,IL,אקסטרים וניל כשל,גרמים,72.00,100 גרם,false,1,8.00,11.11,true,1,
7290111564277,false,פריכיות דק.פיטנס3דגנ120ג,פרח תעשיות בעמ,IL,פריכיות פיטנס,גרמים,120.00,100 גרם,false,1,11.90,9.92,true,1,
7290111564291,false,פריכיות דקות+קינואה120גר,פרח תעשיות בעמ,IL,פריכיות פיטנס,גרמים,120.00,100 גרם,false,1,11.90,9.92,true,1,
7290111565502,false,סנדוויץ אוראו 80 גרם,נסטלה,IT,סנדוויץ אוראו,יחידה,1.00,יחידה,false,1,10.00,10.00,true,1,
7290111566271,false,חטיפי תירס טבעול 657 גרם,טבעול,IL,חטיפי תירס טבעול,גרמים,657.00,100 גרם,false,1,31.90,4.86,true,1,
7290111566332,false,נקניקיות וינר צמחונית680,טבעול,IL,נקנ' וינר צמחוני,גרמים,680.00,100 גרם,false,1,34.90,5.13,true,1,
7290111566547,false,חזה בגריל צמחוני99קלוריו,טבעול,IL,חזה בגריל צמחוני,גרמים,560.00,100 גרם,false,1,34.90,6.23,true,1,
7290111566585,false,שניצל צמחוני 99 קלוריות,טבעול,IL,שניצל צמחוני,גרמים,650.00,100 גרם,false,1,34.90,5.37,true,1,
7290111566691,false,שניצל תרד 99 קלוריות 560,טבעול,IL,שניצל תרד 99 קלו,גרמים,560.00,100 גרם,false,1,34.90,6.23,true,1,
7290111566752,false,שניצל תירס 99 קלוריות 69,טבעול,IL,שניצל תירס 99,גרמים,693.00,100 גרם,false,1,34.90,5.04,true,1,
7290111568206,false,ביסלי פארטי מיקס 150 גרם,אסם,IL,ביסלי פארטי מיקס,גרמים,150.00,100 גרם,false,1,7.90,5.27,true,1,
7290111568466,false,רוטב אסיאתי למוקפץ 290מל,אסם השקעות,IL,רוטב אסיאתי,מיליליטרים,290.00,"100 מ""ל",false,1,10.90,3.76,true,1,
7290111936647,false,קולגייט מקס פרש 2 * 125,---,PL,משחת קולגייט,מיליליטרים,250.00,"100 מ""ל",false,1,29.90,11.96,true,1,
7290112000736,false,פיניש טבליות הכל ב1 80יח,רקיט בנקיזר,PL,פיניש 80 טבליות,יחידה,1.00,יחידה,false,1,61.90,61.90,true,1,
7290112003263,false,אבקת קולון מאסק 1.25קג,זהר דליה,IL,אבקת קולון מאסק,קילוגרמים,1.25,"ק""ג",false,1,14.90,11.92,true,1,
7290112003973,false,מסיר כתמים אבקת קליה 1.3,רקיט בנקיזר,IT,וניש גולד אבקה,קילוגרמים,1.35,"ק""ג",false,1,36.90,27.33,true,1,
7290112330352,false,דנונה פרו 20 וניל0% 200ג,"שטראוס בריאות בע""\מ",IL,דנונה פרו20 וניל,גרמים,200.00,100 גרם,false,1,6.20,3.10,true,1,
7290112332585,false,"פריכיות תפו""א,אורז30 גרם",פרח,IL,"פריכיות תפו""א",גרמים,30.00,100 גרם,false,1,5.50,18.33,true,1,
7290112334596,false,שוקולית 850 גרם + 10%,שטראוס קפה בי.וי.,IL,שוקולית,גרמים,935.00,100 גרם,false,1,19.50,2.09,true,1,
7290112336613,false,עד חצות סנדוויץ 135 גרם,ביסקוויט,FR,עד חצות סנדוויץ,גרמים,135.00,100 גרם,false,1,11.90,8.81,true,1,
7290112336644,false,סוכריות מאסט לימון 80גרם,מיישקו,PL,סוכריות מאסט,גרמים,80.00,100 גרם,false,1,8.90,11.13,true,1,
7290112336712,false,דנונה פרו 21 חלבון0% 200,"שטראוס גרופ בע""\מ",IL,דנונה פרו 21,גרמים,200.00,100 גרם,false,1,6.20,3.10,true,1,
7290112337474,false,סוכריות מאסט פטל לימון80,מיישקו,PL,סוכריות מאסט,גרמים,80.00,100 גרם,false,1,8.90,11.13,true,1,
7290112337481,false,סוכריות מאסט קפוצ'ינו80ג,מיישקו,PL,סוכריות מאסט,גרמים,80.00,100 גרם,false,1,8.90,11.13,true,1,
7290112338877,false,סקי תות 125 גרם,"שטראוס בריאות בע""\מ",IL,סקי תות,גרמים,125.00,100 גרם,false,1,3.70,2.96,true,1,
7290112339867,false,גמדים סקוויז לדרך תות100,"שטראוס בריאות בע""\מ",IL,גמדים לדרך,גרמים,100.00,100 גרם,false,1,5.90,5.90,true,1,
7290112339874,false,גמדים לדרך תות בננה100ג,"שטראוס בריאות בע""\מ",IL,גמדים לדרך,גרמים,100.00,100 גרם,false,1,5.90,5.90,true,1,
7290112340245,false,מסטיק דובדבן צנצנת 66גרם,"שטראוס גרופ בע""\מ",IL,מסטיק דובדבן,גרמים,66.00,100 גרם,false,1,11.50,17.42,true,1,
7290112340276,false,פינוקיות קרם קפה נמס200ג,"הגביע מוצרי וופלים בע""\מ",IL,פינוקיות קרם קפה,גרמים,200.00,100 גרם,false,1,11.90,5.95,true,1,
7290112341679,false,אקטיביה 3% שומן 200 גרם,"שטראוס בריאות בע""\מ",IL,אקטיביה 3%,גרמים,200.00,100 גרם,false,1,4.20,2.10,true,1,
7290112342195,false,תפוצ'יפס מקלות ט.טבעי200,"שטראוס פריטו ליי בע""\מ )",IL,תפוציפס מקלות,גרמים,200.00,100 גרם,false,1,10.90,5.45,true,1,
7290112342270,false,פלטינום אינטנס 10% 125ג,שטראוס קפה בי.וי,IL,קפה פלטינום,גרמים,125.00,100 גרם,false,1,20.00,16.00,true,1,
7290112342508,false,דוריטוס קול ראנצ' 70 גרם,"שטראוס פריטו ליי  בע""\מ",IL,חטיף דוריטוס,גרמים,70.00,100 גרם,false,1,4.10,5.86,true,1,
7290112343260,false,רוטב שמנת קלאסי 260 גרם,מחלבת יטבתה,IL,רוטב שמנת קלאסי,גרמים,260.00,100 גרם,false,1,11.30,4.35,true,1,
7290112343420,false,יטבתה פרו ארוחת בוקר350מ,מחלבת יטבתה,IL,יטבתה פרו משקה,מיליליטרים,350.00,"100 מ""ל",false,1,7.90,2.26,true,1,
7290112343499,false,חטיף puffs צ'יטוס 55 גרם,"שטראוס פריטו ליי בע""\מ )",IL,חטיף צ'יטוס puff,גרמים,55.00,100 גרם,false,1,3.60,6.55,true,1,
7290112343512,false,חטיף puffs צ'יטוס 160ג,"שטראוס פריטו ליי בע""\מ )",IL,חטיף ציטוסpuffs,גרמים,160.00,100 גרם,false,1,8.90,5.56,true,1,
7290112344410,false,דבש טהור 400 גרם,מכוורת יד מרדכי שטראוס ב,IL,דבש טהור,גרמים,400.00,100 גרם,false,1,24.00,6.00,true,1,
7290112344724,false,מילקי בלונדי 133 גרם,"שטראוס גרופ בע""\מ",IL,מילקי בלונדי,גרמים,133.00,100 גרם,false,1,3.70,2.78,true,1,
7290112344755,false,מילקי עם26% פחות סוכר135,"שטראוס גרופ בע""\מ",IL,מילקי,גרמים,135.00,100 גרם,false,1,2.90,2.15,true,1,
7290112344786,false,קפה פלטינום קלאסיק200גרם,שטראוס קפה בי.וי.,IL,קפה נמס פלטינום,גרמים,200.00,100 גרם,false,1,28.90,14.45,true,1,
7290112344991,false,דנונה לייט בטעם תות150ג,"שטראוס בריאות בע""\מ",IL,דנונה לייט,גרמים,150.00,100 גרם,false,1,4.90,3.27,true,1,
7290112346537,false,פינוקיות בטעם טורטית200ג,"הגביע מוצרי ופלים בע""\מ",IL,פינוקיות טורטית,גרמים,200.00,100 גרם,false,1,11.90,5.95,true,1,
7290112346629,false,דנונה בר קורנפלקס 172ג,"שטראוס בריאות בע""\מ",IL,דנונה בר,גרמים,172.00,100 גרם,false,1,4.80,2.79,true,1,
7290112348296,false,קפה פלטינום200ג+רפיל50ג,פלטינום ברזילאי 200גרם -,IL,קפה פלטינום מארז,גרמים,250.00,100 גרם,false,1,28.90,11.56,true,1,
7290112349538,false,קפה טורקי עלית 160 גרם,שטראוס קפה בי.וי.,IL,קפה טורקי עלית,גרמים,160.00,100 גרם,false,1,13.90,8.69,true,1,
7290112349606,false,דניאלה תות בננה 88 גרם,"שטראוס בריאות בע""\מ",IL,דניאלה תות בננה,גרמים,88.00,100 גרם,false,1,4.30,4.89,true,1,
7290112349750,false,רוטב עגבניות לפיצה 350גר,אמיליאנה קונסרב סוסייטה,IT,רוטב עגבניות,גרמים,350.00,100 גרם,false,1,12.90,3.69,true,1,
7290112351104,false,שוק.פרה פצפוצי אורז 100ג,"שטראוס גרופ בע""\מ",IL,שוקולד פרה,גרמים,100.00,100 גרם,false,1,6.60,6.60,true,1,
7290112354952,false,תפוצ'יפס WAVY פפריקה 50ג,עלית,IL,תפוצ'יפס,גרמים,50.00,100 גרם,false,1,4.30,8.60,true,1,
7290112354969,false,תפוצ'יפס WAVY ט.טבעי200ג,עלית,IL,תפוצ'יפס,גרמים,200.00,100 גרם,false,1,10.90,5.45,true,1,
7290112355027,false,דנונה פרו20 קרמל מלוח200,"שטראוס בריאות בע""\מ",IL,דנונה פרו קרמל,גרמים,200.00,100 גרם,false,1,6.20,3.10,true,1,
7290112355102,false,גמדים לדרך סלט פירות100ג,"שטראוס בריאות בע""\מ",IL,גמדים לדרך,גרמים,100.00,100 גרם,false,1,5.90,5.90,false,1,
7290112357045,false,עגבנ.איטלקיות מרוסקות390,קונסרב איטליה,IT,עגבניות מרוסקות,גרמים,390.00,100 גרם,false,1,6.90,1.77,true,1,
7290112357113,false,גרגרי חומוס 380 גרם,קונסרב איטליה,IT,גרגרי חומוס,גרמים,380.00,100 גרם,false,1,7.90,2.08,true,1,
7290112358004,false,חטיף פסק זמן קראנץ' 32גר,שולן צ'\יקולטה גידה סאן.,TR,חטיף פסק זמן,גרמים,32.00,100 גרם,false,1,5.50,17.19,true,1,
7290112358219,false,רוטב צילי מתוק 300 גרם,"ב.א. מזון בע""\מ",IL,רוטב צ'ילי מתוק,גרמים,300.00,100 גרם,false,1,15.00,5.00,true,1,
7290112358431,false,עד חצות דאבל 200 גרם,ביסקוויטס טור ד'\אלבון,FR,עד חצות דאבל,גרמים,200.00,100 גרם,false,1,14.80,7.40,true,1,
7290112358561,false,קפה פלטינום קלאסיק 47 גר,"אינסטנטבה בע""\מ",PL,קפה פלטינום קלאס,גרמים,47.00,100 גרם,false,1,8.90,18.94,true,1,
7290112358844,false,שוקולד חלב שברי אגוז100ג,"שטראוס גרופ בע""\מ",IL,שוקולד פרה אגוז,גרמים,100.00,100 גרם,false,1,6.60,6.60,true,1,
7290112359902,false,פלטינום ברזיל 47 גרם,"אינסטנטבה בע""\מ",PL,פלטינום ברזיל47ג,גרמים,47.00,100 גרם,false,1,8.90,18.94,true,1,
7290112490216,false,נמס בכוס ט.עוף ר. טבעיים,יוניליוור ישראל מזון בעמ,IL,מרק נמס בכוס,גרמים,48.00,100 גרם,false,1,7.80,16.25,true,1,
7290112490230,false,נמס בכוס אפונה ר. טבעיים,יוניליוור ישראל מזון בעמ,IL,מרק נמס בכוס,גרמים,50.00,100 גרם,false,1,7.80,15.60,true,1,
7290112490582,false,חרדל דיז'ון הלמנס 350 גר,יוניליוור,FR,חרדל דיז'ון,גרמים,350.00,100 גרם,false,1,13.50,3.86,true,1,
7290112490759,false,מרק היום עוף רכ.טבעי74גר,יוניליוור ישראל מזון בעמ,IL,מרק היום עוף,גרמים,74.00,100 גרם,false,1,12.50,16.89,true,1,
7290112492449,false,שמפו לשיער רגיל700מ,יוניליוור ישראל טיפוח אי,IL,שמפו לשיער רגיל,מיליליטרים,700.00,"100 מ""ל",false,1,12.90,1.84,true,1,
7290112492463,false,שמפו ומרכך 2 ב1- רגיל700,יוניליוור,IL,פינוק שמפו+מרכך,מיליליטרים,700.00,"100 מ""ל",false,0,12.90,1.84,true,1,
7290112492593,false,תח.רחצה פינוק קלאסי700מ,יוניליוור ישראל טיפוח אי,IL,תחליב רחצה פינוק,מיליליטרים,700.00,"100 מ""ל",false,1,12.90,1.84,true,1,
7290112492609,false,תח.פינוק לבנדר וניל 700מ,יוניליוור ישראל טיפוח אי,IL,תחליב רחצה פינוק,מיליליטרים,700.00,"100 מ""ל",false,1,12.90,1.84,true,1,
7290112492715,false,שמפו פינוק לסירוק קל700מ,יוניליוור ישראל טיפוח אי,IL,שמפו פינוק ילדים,מיליליטרים,700.00,"100 מ""ל",false,1,14.90,2.13,true,1,
7290112492999,false,מרק טעם עוף 400 גרם,יוניליוור ישראל מזון בע\,IL,מרק בטעם עוף,גרמים,400.00,100 גרם,false,1,15.90,3.98,true,1,
7290112493873,false,דגדג חטיף אפוי מלוח400ג,בייגל את בייגל מזון 198),IL,דגדג חטיף אפוי,גרמים,400.00,100 גרם,false,1,15.00,3.75,true,1,
7290112493927,false,קרמיסימו ריבת חלב 1.33 ל,"גלידת שטראוס בע""\מ, רחוב",IL,קרמיסימו ריבת חל,ליטרים,1.33,ליטר,false,1,21.90,16.47,true,1,
7290112493934,false,קרמיסימו וניל צרפתי 1.33,"גלידת שטראוס בע""\מ, רחוב",IL,קרמיסימו וניל צר,ליטרים,1.33,ליטר,false,1,21.90,16.47,true,1,
7290112493965,false,קרמיסימו מסטיגם 1.33 ליט,"גלידת שטראוס בע""\מ, רחוב",IL,קרמיסימו מסטיגם,ליטרים,1.33,ליטר,false,1,21.90,16.47,true,1,
7290112494016,false,מיונז מופחת שומן 500 גרם,יוניליוור ישראל מזון בעמ,IL,מיונז מופחת שומן,גרמים,500.00,100 גרם,false,1,11.90,2.38,true,1,
7290112494238,false,קליק כדורים 65 גרם,יוניליוור ישראל מזון בע\,IL,קליק כדורים,גרמים,65.00,100 גרם,false,1,6.40,9.85,true,1,
7290112494276,false,קליק כריות 65 גרם,יוניליוור ישראל מזון בע\,IL,קליק כריות,גרמים,65.00,100 גרם,false,1,6.40,9.85,true,1,
7290112494283,false,קליק חום לבן 65 גרם,יוניליוור ישראל מזון בע\,IL,קליק חום לבן,גרמים,65.00,100 גרם,false,1,6.40,9.85,true,1,
7290112494313,false,קליק קורנפלקס 65 גרם,יוניליוור ישראל מזון בע\,IL,קליק קורנפלקס,גרמים,65.00,100 גרם,false,1,6.40,9.85,true,1,
7290112494344,false,קורנפלקס של אלופים 850 ג,"יוניליוור שפע ישראל בע""\",IL,קורנפלקס אלופים,גרמים,850.00,100 גרם,false,1,18.70,2.20,true,1,
7290112494351,false,קורנפלקס אלופים בדץ 850ג,"יוניליוור שפע ישראל בע""\",IL,קורנפלקס אלופים,גרמים,850.00,100 גרם,false,1,18.70,2.20,true,1,
7290112494382,false,פירה בטעם ביתי 130*2 גרם,יוניליוור ישראל מזון בע\,IL,פירה בטעם ביתי,גרמים,260.00,100 גרם,false,1,12.70,4.88,true,1,
7290112494795,false,בדין ג'ל לכביסה כחול2.5ל,"זוהר דליה, קיבוץ דליה, 1",IL,בדין ג'ל כביסה,ליטרים,2.50,ליטר,false,1,35.90,14.36,true,1,
7290112494993,false,כריות וניל 686 גרם,"יוניליוור שפע ישראל בע""\",IL,כריות וניל,גרמים,686.00,100 גרם,false,1,28.90,4.21,true,1,
7290112495006,false,כריות נוגט 686 גרם,"יוניליוור שפע ישראל בע""\",IL,כריות נוגט,גרמים,686.00,100 גרם,false,1,27.90,4.07,true,1,
7290112495037,false,קוקומן כדורים 375 גרם,יוניליוור שפע ישראל בעמ,IL,קוקומן כדורים,גרמים,375.00,100 גרם,false,1,21.90,5.84,true,1,
7290112495105,false,נשנושים ט.שמנת+בצל260ג,בייגל את בייגל מזון 198),IL,נשנושים שמנת בצל,גרמים,260.00,100 גרם,false,1,13.90,5.35,true,1,
7290112495112,false,נשנושים זעתר 260 גרם,בייגל את בייגל מזון 198),IL,נשנושים זעתר,גרמים,260.00,100 גרם,false,1,13.90,5.35,true,1,
7290112495150,false,נשנושי קרקר מלוח 300 גרם,בייגל את בייגל מזון 198),IL,נשנושי קרקר,גרמים,300.00,100 גרם,false,1,14.50,4.83,true,1,
7290112495228,false,קורנפלקס דבש 448 גרם,"יוניליוור שפע ישראל בע""\",IL,קורנפלקס דבש,גרמים,448.00,100 גרם,false,1,19.70,4.40,true,1,
7290112495785,false,רוטב שום לסלט 300 גרם,יוניליוור ישראל מזון בעמ,IL,רוטב שום לסלט,גרמים,300.00,100 גרם,false,1,11.90,3.97,true,1,
7290112496027,false,סירופ בטעם שוקולד 580 גר,יוניליוור ישראל מזון בע\,IL,סירופ בטעם שוקול,גרמים,580.00,100 גרם,false,1,13.90,2.40,true,1,
7290112496270,false,"פתית צ'יפס עם תפו""א 22ג",JLM גלובל פודסn37\ דרך א,GB,פתית צ'יפס,גרמים,22.00,100 גרם,false,1,5.50,25.00,true,1,
7290112496287,false,פתית צ'יפס עם בטטה21גרם,JLM גלובל פודסn37\ דרך א,GB,פתית צ'יפס,גרמים,21.00,100 גרם,false,1,5.50,26.19,true,1,
7290112496447,false,נמס בכוס ט.עוף אקסטרה27ג,יוניליוור ישראל מזון בע\,IL,נמס בכוס,גרמים,27.00,100 גרם,false,1,4.90,18.15,true,1,
7290112496461,false,נמס בכוס אקסטרה ירקות32ג,יוניליוור ישראל מזון בע\,IL,נמס בכוס אקסטרה,גרמים,32.00,100 גרם,false,1,4.90,15.31,true,1,
7290112498823,false,מיקס עיגול בטעמי וניל וש,"מיוצר ע""\י גלידת שטראוס",IL,מיקס עיגול כשר ל,גרמים,70.00,100 גרם,false,1,8.00,11.43,true,1,
7290112498861,false,קרחון אסקימו מנגו 75 גרם,"גלידת שטראוס בע""\מ, רחוב",IL,קרחון אסקימו מנג,גרמים,75.00,100 גרם,false,1,3.00,4.00,true,1,
7290112498946,false,ארטיק קשת בענן בטעמי תות,"גלידת שטראוס בע""\מ, רח'\",IL,ארטיק קשת בענן,גרמים,47.00,100 גרם,false,1,6.50,13.83,true,1,
7290112499097,false,מאגדת מיני מגנום מריר,"מיוצר ע""\י גלידת שטראוס",IL,מאגדת מיני מגנום,גרמים,240.00,100 גרם,false,1,29.90,12.46,true,1,
7290112499141,false,סולרו בטעם וניל ותפוח,---,IL,סולרו בטעם וניל,גרמים,76.00,100 גרם,false,1,10.00,13.16,true,1,
7290112499189,false,קרמיסימו חד קרן בטעמי ונ,"גלידת שטראוס בע""\מ, רחוב",IL,קרמיסימו חד קרן,ליטרים,1.33,ליטר,false,1,21.90,16.47,true,1,
7290112499639,false,טילון סופר מגנום ונילשוק,"מיוצר ע""\י גלידת שטראוס",IL,טילון סופר מגנום,יחידה,1.00,יחידה,false,1,11.00,11.00,true,1,
7290112499707,false,סולרו בר 72 גרם,שטראוס,IL,סולרו בר,גרמים,72.00,100 גרם,false,1,10.00,13.89,true,1,
7290112499776,false,מאגדת גודיז 3 שוקולדים 2,"גלידת שטראוס בע""\מ, רח'",IL,מאגדת גודיז 3 שו,גרמים,240.00,100 גרם,false,1,27.90,11.63,true,1,
7290112499929,false,מגנום שוקולד יחידה,"מיוצר ע""\י גלידת שטראוס",IL,מגנום שוקולד,יחידה,1.00,יחידה,false,1,11.00,11.00,true,1,
7290112499936,false,מגנום שקדים יחידה,"מיוצר ע""\י גלידת שטראוס",IL,מגנום שקדים,יחידה,1.00,יחידה,false,1,11.00,11.00,true,1,
7290112499943,false,מאגדת מיני מגנום קלאסיק,"מיוצר ע""\י גלידת שטראוס",IL,מאגדת מיני מגנום,גרמים,250.00,100 גרם,false,1,29.90,11.96,true,1,
7290112960856,false,אקסטרים מטבע שוקולד חלב,גלידות נסטלה )נגה גלידות,IL,אקסטרים מטבע שו,גרמים,115.00,100 גרם,false,1,11.00,9.57,true,1,
7290112961372,false,פיטנס פריכיות קינמון,"פרח תעשיות מזון בע""\מ",IL,פיטנס פריכיות,גרמים,60.00,100 גרם,false,1,9.90,16.50,true,1,
7290112961754,false,עוג.שוקוצ'יפס ק.אגוז220ג,"אסם השקעות בע""\מ",IL,עוגיות שוקוצ'יפס,גרמים,220.00,100 גרם,false,1,12.30,5.59,true,1,
7290112962003,false,קראנץ וניל עוגיות 90 גרם,גלידות נסטלה )נגה גלידות,IL,קראנץ וניל עוגיו,גרמים,90.00,100 גרם,false,1,11.00,12.22,true,1,
7290112962287,false,שווארמה צמחונית טבעול,"טבעול תעשיות מזון בע""\מ",IL,שווארמה צמחונית,גרמים,450.00,100 גרם,false,1,34.90,7.76,true,1,
7290112962584,false,ביסלי שווארמה 60 גרם,"אסם השקעות בע""\מ",IL,ביסלי שווארמה,גרמים,60.00,100 גרם,false,1,4.50,7.50,true,1,
7290112962904,false,"שקדי מרק כשל""פ 150 גרם",אסם,IL,שקדי מרק,גרמים,150.00,100 גרם,false,1,11.90,7.93,true,1,
7290112963918,false,קרקר דק רוזמרין פיטנס140,אסם,IL,קרקר דק פיטנס,גרמים,140.00,100 גרם,false,1,13.90,9.93,true,1,
7290112964410,false,רוטב אלף האיים 290 גרם,אסם,IL,רוטב אלף האיים,גרמים,290.00,100 גרם,false,1,12.10,4.17,true,1,
7290112964472,false,רוטב שום לסלט 290 גרם,אסם,IL,רוטב שום,גרמים,290.00,100 גרם,false,1,12.10,4.17,true,1,
7290112964564,false,רוטב אלף האיים לייט295ג,אסם,IL,רוטב אלף האיים,גרמים,295.00,100 גרם,false,1,12.10,4.10,true,1,
7290112964724,false,המבורגר צמחוני 580 גרם,טבעול,IL,המבורגר צמחוני,גרמים,580.00,100 גרם,false,1,34.90,6.02,true,1,
7290112965288,false,מרק נמס ירקות 2 * 28 גרם,אסם,IL,זוג מרק נמס,גרמים,56.00,100 גרם,false,1,6.50,11.61,true,1,
7290112965585,false,פסטה פרפקטו קסרצ'ה 500גר,ניולט פוד ס.פ.א,IT,פסטה פרפקטו,גרמים,500.00,100 גרם,false,1,6.90,1.38,true,1,
7290112965707,false,חטיף פיטנס צ'ילי 25 גרם,"אסם השקעות בע""\מ",IL,חטיף פיטנס צ'ילי,גרמים,25.00,100 גרם,false,1,5.50,22.00,true,1,
7290112965745,false,ביסלי פריסטייל בצל מעו60,"אסם השקעות בע""\מ",IL,ביסלי פריסטייל,גרמים,60.00,100 גרם,false,1,4.50,7.50,true,1,
7290112965783,false,ביסלי פריסטייל על האש60ג,"אסם השקעות בע""\מ",IL,ביסלי פריסטייל,גרמים,60.00,100 גרם,false,1,4.50,7.50,true,1,
7290112965967,false,נאגטס ירקות כתומים,"טבעול תעשיות מזון בע""\מ",IL,נאגטס ירקות כתומ,גרמים,500.00,100 גרם,false,1,34.90,6.98,true,1,
7290112966247,false,לחמית כוסמין 200 גרם,אסם יקנעם,IL,לחמית כוסמין,גרמים,200.00,100 גרם,false,1,11.60,5.80,true,1,
7290112966803,false,אינסטנט פודינג שוקולד88ג,"אסם השקעות בע""\מ",IL,פודינג שוקולד,גרמים,88.00,100 גרם,false,1,5.70,6.48,true,1,
7290112966827,false,פודינג אינסט.שוק.כשלפ90ג,"אסם השקעות בע""\מ",IL,פודינג שוקולד,גרמים,90.00,100 גרם,false,1,5.70,6.33,true,1,
7290112966841,false,פודינג ט.שוקולד מריר90גר,"אסם השקעות בע""\מ",IL,פודינג שוקולד,גרמים,90.00,100 גרם,false,1,5.70,6.33,true,1,
7290112967138,false,"בייגלה שמיניות לל""ג 250ג","אסם השקעות בע""\מ",IL,בייגלה שמיניות,גרמים,250.00,100 גרם,false,1,13.90,5.56,true,1,
7290112967404,false,"רוטב אלף האיים כשל""פ290ג",אסם,IL,רוטב אלף האיים,גרמים,290.00,100 גרם,false,1,12.10,4.17,true,1,
7290112968760,false,חטיפי ברוקולי 450 גרם,טבעול,IL,חטיפי ברוקולי,גרמים,450.00,100 גרם,false,1,34.90,7.76,true,1,
7290112968784,false,חטיפי כרובית 450 גרם,טבעול,IL,חטיפי כרובית,גרמים,450.00,100 גרם,false,1,34.90,7.76,true,1,
7290112968807,false,קרקר דק פיטנס סלק 140גרם,אסם,IL,קרקר דק פיטנס,גרמים,140.00,100 גרם,false,1,13.90,9.93,true,1,
7290112968821,false,קרקר דק פיטנס בטטה 140גר,אסם,IL,קרקר דק פיטנס,גרמים,140.00,100 גרם,false,1,13.90,9.93,true,1,
7290113192355,false,זיתים חרוזית 560 גרם,בית-השיטה עסיס תעשיות מז,IL,זיתים חרוזית,גרמים,560.00,100 גרם,false,1,10.70,1.91,true,1,
7290113192362,false,טבעות זיתים ירוקים 560 ג,בית-השיטה עסיס תעשיות מז,IL,טבעות זיתים ירוק,גרמים,560.00,100 גרם,false,1,11.90,2.13,true,1,
7290113192478,false,מלפפונים 10-12 במלח 560ג,בית-השיטה עסיס תעשיות מז,IL,מלפפונים במלח,גרמים,560.00,100 גרם,false,1,8.60,1.54,true,1,
7290113192508,false,מלפפונ.מלח קטן13-17 560ג,בית-השיטה עסיס תעשיות מז,IL,מלפפונים מלח קטן,גרמים,560.00,100 גרם,false,1,12.40,2.21,true,1,
7290113192515,false,מלפפון במלח 18-25 560 גר,בית-השיטה עסיס תעשיות מז,IL,מלפפון במלח,גרמים,560.00,100 גרם,false,1,13.90,2.48,true,1,
7290113192522,false,מלפפונים בחומץ 18-25 560,בית-השיטה עסיס תעשיות מז,IL,מלפפונים בחומץ,גרמים,560.00,100 גרם,false,1,13.90,2.48,true,1,
7290113192539,false,מלפפון במלח 7-9 560 גרם,בית-השיטה עסיס תעשיות מז,IL,מלפפון במלח,גרמים,560.00,100 גרם,false,1,7.90,1.41,true,1,
7290113192553,false,מלפפ.מלח בלאדי קטנים560ג,בית-השיטה עסיס תעשיות מז,IL,מלפפונים במלח,גרמים,560.00,100 גרם,false,1,11.90,2.13,true,1,
7290113192997,false,זית מרוקאי 340 גרם,"בית השיטה תעשיות בע""\מ",IL,זית מרוקאי,גרמים,340.00,100 גרם,false,1,15.90,4.68,true,1,
7290113193017,false,חרוזית קוקטייל זיתים275ג,"בית השיטה תעשיות בע""\מ",IL,קוקטייל זיתים,גרמים,275.00,100 גרם,false,1,15.90,5.78,true,1,
7290113199927,false,חמצוצים בטעם פירות 180גר,דין שיווק וקלייה בעמ,IL,חמצוצים,גרמים,180.00,100 גרם,false,1,11.90,6.61,true,1,
7290114160742,false,"סכו""ם מעורב 100 יחידות",,IL,"סכו""ם מעורב",יחידה,1.00,יחידה,false,1,15.00,15.00,true,1,
7290114310215,false,שמנת מתוקה38% בקבוק250מל,מילקו תעשיות בעמ,IL,שמנת מתוקה 38%,מיליליטרים,250.00,"100 מ""ל",false,1,6.47,2.59,true,1,
7290114310239,false,חלב מוע.נטול לקטוז2% 1.5,מילקו תעשיות בעמ,IL,חלב נטול לקטוז,מיליליטרים,1500.00,"100 מ""ל",false,1,11.90,0.79,true,1,
7290114310482,false,נעם פרוס בטעם מעושן200ג,מילקו תעשיות בעמ,IL,נעם בטעם מעושן,גרמים,200.00,100 גרם,false,1,23.90,11.95,true,1,
7290114310901,false,גבינה לבנה 5% 250 גרם,טרה,IL,גבינה לבנה 5%,גרמים,250.00,100 גרם,false,1,4.98,1.99,true,1,
7290114311021,false,"משקה וניל עוגיות 250 מ""ל",מילקו תעשיות בעמ,IL,משקה וניל עוגיות,מיליליטרים,250.00,"100 מ""ל",false,1,5.60,2.24,true,1,
7290114311038,false,שמנת מתוקה להקצפה32% 250,מילקו תעשיות בעמ,IL,שמנת מתוקה,מיליליטרים,250.00,"100 מ""ל",false,1,7.90,3.16,true,1,
7290114311069,false,מולר אקטיב לבן0% 25חלבון,טרה,IL,מולר אקטיב,גרמים,200.00,100 גרם,false,1,5.90,2.95,true,1,
7290114600941,false,מיונז לחיץ מאסטר שף435גר,---,NL,מיונז לחיץ,גרמים,435.00,100 גרם,false,1,13.90,3.20,true,1,
7290114603539,false,קרוטונים שום בצל 350 גרם,"עינת תעשיות מזון, אגשח ב",IL,קרוטונים שום בצל,גרמים,350.00,100 גרם,false,1,19.90,5.69,true,1,
7290114659949,false,מסכה לפנים מארז 50 יח',,CN,מסכת פנים חד פעמ,יחידה,1.00,יחידה,false,1,9.90,9.90,true,1,
7290114823258,false,שוק.חלב מילקה אימוג'י100,מונדלייז,DE,שוקולד חלב,גרמים,100.00,100 גרם,false,1,7.90,7.90,true,1,
7290115072860,false,גלידה טרולים סוכריות70גר,פודסטאף סין,CN,גלידה טרולים סוכ,מיליליטרים,70.00,"100 מ""ל",false,1,14.90,21.29,true,1,
7290115180688,false,טבק לחימום סגול חפיסה,פיליפ מוריס,CH,טבק לחימום,יחידה,1.00,יחידה,false,1,26.90,26.90,false,1,
7290115190007,false,מרלבורו רד קצר פאקט,פיליפ מוריס,TR,מרלבורו רד קצר,יחידה,1.00,יחידה,false,1,343.00,343.00,false,1,
7290115190014,false,מרלבורו רד קצר חפיסה,פיליפ מוריס,IL,מרלבורו רד קצר,יחידה,1.00,יחידה,false,1,35.00,35.00,false,1,
7290115190038,false,מרלבורו רד קצר סופט חפ',פיליפ מוריס,IL,מרלבורו רד סופט,יחידה,1.00,יחידה,false,1,33.00,33.00,false,1,
7290115190076,false,מרלבורו גולד ארוך חפיסה,פיליפ מוריס,TR,מרלבורו גולד,יחידה,1.00,יחידה,false,1,35.00,35.00,false,1,
7290115190090,false,מרלבורו גולד קצר חפיסה,פיליפ מוריס,US,מרלבורו גולד קצר,יחידה,1.00,יחידה,false,1,35.00,35.00,false,1,
7290115190137,false,מרלבורו פיין טאץ' חפיסה,פיליפ מוריס,IL,מרלבורו פיין טאץ,יחידה,1.00,יחידה,false,1,32.00,32.00,false,1,
7290115190151,false,מרלבורו גולד טאץ' חפיסה,פיליפ מוריס,IL,מרלבורו גולד טאץ,יחידה,1.00,יחידה,false,1,32.00,32.00,false,1,
7290115190175,false,פרלמנט סופר סלימס חפיסה,פיליפ מוריס,US,פרלמנט סופר סלימ,יחידה,1.00,יחידה,false,1,40.50,40.50,false,1,
7290115190182,false,פרלמנט נייט ארוך פאקט,פיליפ מוריס,TR,פרלמנט נייט ארוך,יחידה,1.00,יחידה,false,1,396.00,396.00,false,1,
7290115190199,false,פרלמנט נייט ארוך חפיסה,פיליפ מוריס,TR,פרלמנט נייט ארוך,יחידה,1.00,יחידה,false,1,40.50,40.50,false,1,
7290115190212,false,פרלמנט בלו ארוך חפיסה,פיליפ מוריס,PL,פרלמנט בלו ארוך,יחידה,1.00,יחידה,false,1,40.50,40.50,false,1,
7290115190236,false,פרלמנט בלו קצר חפיסה,פיליפ מוריס,IL,פרלמנט בלו קצר,יחידה,1.00,יחידה,false,1,40.50,40.50,false,1,
7290115190250,false,פרלמנט נייט קצר חפיסה,פיליפ מוריס,US,פרלמנט נייט קצר,יחידה,1.00,יחידה,false,1,40.50,40.50,false,1,
7290115190335,false,אל אם בלו ארוך חפיסה,פיליפ מוריס,TR,אל אם בלו ארוך,יחידה,1.00,יחידה,false,1,32.00,32.00,false,1,
7290115190359,false,אל אם בלו קצר חפיסה,פיליפ מוריס,US,אל אם בלו קצר,יחידה,1.00,יחידה,false,1,32.00,32.00,false,1,
7290115190373,false,אל אמ פורוורד חפיסה,פיליפ מוריס,TR,אל אמ פורוורד חפ,יחידה,1.00,יחידה,false,1,32.00,32.00,false,1,
7290115190397,false,אל אם רד קצר חפיסה,פיליפ מוריס,US,אל אם רד קצר חפ,יחידה,1.00,יחידה,false,1,32.00,32.00,false,1,
7290115190427,false,אל אם וויב סלימס פאקט,פיליפ מוריס,TR,אל אם וויב סלימס,יחידה,1.00,יחידה,false,1,312.00,312.00,false,1,
7290115190434,false,אל אם וויב סלימס חפיסה,פיליפ מוריס,US,אל אם וויב סלימס,יחידה,1.00,יחידה,false,1,32.00,32.00,false,1,
7290115190458,false,נקסט אדג' חפיסה,פיליפ מוריס,TR,נקסט אדג',יחידה,1.00,יחידה,false,1,25.50,25.50,false,1,
7290115190472,false,נקסט פיין אדג' חפיסה,,,נקסט פיין אדג',יחידה,1.00,יחידה,false,0,25.50,25.50,true,1,
7290115190496,false,נקסט פיין ארוך חפיסה,פיליפ מוריס,IL,נקסט פיין ארוך,יחידה,1.00,יחידה,false,1,30.50,30.50,false,1,
7290115190519,false,נקסט פיין חפיסה,פיליפ מוריס,PL,נקסט פיין חפ,יחידה,1.00,יחידה,false,1,30.50,30.50,false,1,
7290115190571,false,נקסט לילך חפיסה,פיליפ מוריס,US,נקסט לילך,יחידה,1.00,יחידה,false,1,30.50,30.50,false,1,
7290115190595,false,נקסט אוריג'ינל חפיסה,פיליפ מוריס,PL,נקסט אוריג'ינל,יחידה,1.00,יחידה,false,1,30.50,30.50,false,1,
7290115190755,false,מרלבורו רד סיל חפיסה,פיליפ מוריס,TR,מרלבורו רד סיל,יחידה,1.00,יחידה,false,1,35.00,35.00,false,1,
7290115190779,false,מרלבורו גולד סיל חפיסה,פיליפ מוריס,TR,מרלבורו גולד סיל,יחידה,1.00,יחידה,false,1,35.00,35.00,false,1,
7290115190892,false,מרלבורו פיוז'ן קפסולה חפ,פיליפ מוריס,TR,מרלבורו פיוז'ן ח,יחידה,1.00,יחידה,false,1,28.50,28.50,false,1,
7290115190939,false,אל אמ קליק קפסולה חפיסה,פיליפ מוריס,TR,אל אמ קליק קפ.חפ,יחידה,1.00,יחידה,false,1,26.50,26.50,false,1,
7290115191035,false,מרלבורו סאמר ספלאש חפיסה,פיליפ מוריס,RS,מרלבורו סאמר,יחידה,1.00,יחידה,false,1,33.50,33.50,false,1,
7290115200003,false,פתיבר פינוקי וניל 220גרם,GERARD DR,PL,פתיבר פינוקים,גרמים,220.00,100 גרם,false,1,11.90,5.41,true,1,
7290115200027,false,פתי בר פינוקי שוקו 220ג,GERARD DR,PL,פתיבר פינוקים,גרמים,220.00,100 גרם,false,1,11.90,5.41,true,1,
7290115200713,false,במבה קלאסי 5 * 50 ג,"אסם השקעות בע""\מ",IL,במבה קלאסי 5 יח,גרמים,250.00,100 גרם,false,1,12.90,5.16,true,1,
7290115201451,false,לביבות בטטה קארי 455 גרם,טבעול )מקבוצת אסם השקעות,IL,לביבות בטטה קארי,גרמים,455.00,100 גרם,false,1,36.90,8.11,true,1,
7290115201536,false,"לביבות כרובית ותפו""א 442",טבעול )מקבוצת אסם השקעות,IL,לביבות כרובית ות,גרמים,442.00,100 גרם,false,1,36.90,8.35,true,1,
7290115201680,false,ביסלי ברביקיו 70 גרם,"אסם השקעות בע""\מ",IL,ביסלי ברביקיו,גרמים,70.00,100 גרם,false,1,4.50,6.43,true,1,
7290115201727,false,ביסלי בצל 200 גרם,אסם,IL,ביסלי בצל,גרמים,200.00,100 גרם,false,1,7.90,3.95,true,1,
7290115201741,false,ביסלי בצל 70 גרם,"אסם השקעות בע""\מ",IL,ביסלי בצל,גרמים,70.00,100 גרם,false,1,4.50,6.43,true,1,
7290115201864,false,במבה נוגט אינסייד אאוט60,"אסם השקעות בע""\מ",IL,במבה נוגט,גרמים,60.00,100 גרם,false,1,4.90,8.17,true,1,
7290115202748,false,קטשופ על האש 710 גרם,אסם,IL,קטשופ על האש,גרמים,710.00,100 גרם,false,1,12.50,1.76,true,1,
7290115203134,false,פופקו פופקורן במבה 80ג,"אסם השקעות בע""\מ",IL,פופקו פופקורן,גרמים,80.00,100 גרם,false,1,5.50,6.88,true,1,
7290115203936,false,קטשופ מופחת סוכר כשלפ690,אסם,IL,קטשופ מופחת סוכר,גרמים,690.00,100 גרם,false,1,12.50,1.81,true,1,
7290115204056,false,קטשופ מופחת סוכר 690 גרם,אסם,IL,קטשופ מופחת סוכר,גרמים,690.00,100 גרם,false,1,12.50,1.81,true,1,
7290115204131,false,סחוג ירוק צבר 190 גרם,פרסקו,IL,סחוג ירוק צבר,גרמים,190.00,100 גרם,false,1,12.90,6.79,true,1,
7290115204155,false,סחוג אדום צבר,פרסקו,IL,סחוג אדום צבר,גרמים,190.00,100 גרם,false,1,12.90,6.79,true,1,
7290115204186,false,פסטו צבר 190 גרם,פרסקו,IL,פסטו צבר,גרמים,190.00,100 גרם,false,1,15.90,8.37,true,1,
7290115205176,false,קרקר דק כפרי פיטנס 140גר,אסם יקנעם,IL,קרקר דק פיטנס,גרמים,140.00,100 גרם,false,1,13.90,9.93,true,1,
7290115205480,false,לאבנה+פלפל ח+ג.חומוס220ג,מחלבת כפר תבור ומפעל צבר,IL,לאבנה צבר,גרמים,220.00,100 גרם,false,1,16.90,7.68,true,1,
7290115205978,false,פתי בר שוקולד אצבעות180ג,"t\ד""\ר ג'\רארד בע""\מn\",PL,פתיבר אצבעות,גרמים,180.00,100 גרם,false,1,11.90,6.61,true,1,
7290115206890,false,ביסלי המבורגר 70 גרם,"אסם השקעות בע""\מ",IL,ביסלי המבורגר,גרמים,70.00,100 גרם,false,1,4.50,6.43,true,1,
7290115207323,false,ספירלי ללא גלוטן כשלפ400,ניולט,IT,ספירלי ללא גלוטן,גרמים,400.00,100 גרם,false,1,13.90,3.48,true,1,
7290115207484,false,חציל על האש 400 גרם,מפעל צבר,IL,חציל על האש 400,גרמים,400.00,100 גרם,false,1,17.90,4.48,true,1,
7290115207507,false,סלט טורקי 360 גרם,מפעל צבר,IL,סלט טורקי 360 גר,גרמים,360.00,100 גרם,false,1,17.90,4.97,true,1,
7290115207682,false,רוטב סויה סיני 330 גרם,"אסם השקעות בע""\מ",IL,רוטב סויה סיני,גרמים,330.00,100 גרם,false,1,11.90,3.61,true,1,
7290115207798,false,בורגר חריף טבעוני,"טבעול תעשיות מזון בע""\מ",IL,בורגר חלפיניו,גרמים,420.00,100 גרם,false,1,34.90,8.31,true,1,
7290115207941,false,ויטמינצ'יק אננס 1 ליטר,בית-השיטה עסיס תעשיות מז,IL,ויטמינצ'יק אננס,ליטרים,1.00,ליטר,false,1,22.90,22.90,true,1,
7290115208009,false,ויטמינצ'יק ענבים 1 ליטר,בית-השיטה עסיס תעשיות מז,IL,ויטמינצ'יק ענבים,ליטרים,1.00,ליטר,false,1,22.90,22.90,true,1,
7290115208047,false,ויטמינצ'יק פטל 1 ליטר,בית-השיטה עסיס תעשיות מז,IL,ויטמינצ'יק פטל,ליטרים,1.00,ליטר,false,1,22.90,22.90,true,1,
7290115209198,false,במבה אוורירית 80 גרם,אסם השקעות בעמ,IL,במבה אוורירית,גרמים,80.00,100 גרם,false,1,4.90,6.13,true,1,
7290115250084,false,"מיץ פירות אורגני200*3מ""ל",,TR,מיץ פירות 3 יח,מיליליטרים,600.00,"100 מ""ל",false,1,11.90,1.98,true,1,
7290115401622,false,דובשניות מיני 350 גרם,אנגל,IL,דובשניות מיני,גרמים,350.00,100 גרם,false,1,13.90,3.97,true,1,
7290115671223,false,מסטיק פאן אבטיח מנגו58ג,אסקום קונפקשיין,DE,מסטיק מאסט,גרמים,58.00,100 גרם,false,1,11.50,19.83,true,1,
7290115671339,false,מיני פינוקיות בייגל180ג,"הגביע מוצרי ופלים בע""\מ",IL,מיני פינוקיות,גרמים,180.00,100 גרם,false,1,11.90,6.61,true,1,
7290115671353,false,מיני פינוקיות שחור/לב180,"הגביע מוצרי ופלים בע""\מ",IL,מיני פינוקיות,גרמים,180.00,100 גרם,false,1,11.90,6.61,true,1,
7290115676044,false,יוגורט+אפרסק+מנגו250גרם,"שטראוס בריאות בע""\מ",IL,יוגורט דנונה,גרמים,250.00,100 גרם,false,1,6.20,2.48,true,1,
7290115677843,false,יוגורט WOW מלבי 150 גרם,"שטראוס גרופ בע""\מ",IL,יוגורט WOW מלבי,גרמים,150.00,100 גרם,false,1,4.90,3.27,true,1,
7290115678376,false,מעדן הגולן שוקולד 125 גר,"שטראוס בריאות בע""\מ",IL,מעדן הגולן,גרמים,125.00,100 גרם,false,1,3.40,2.72,true,1,
7290115678536,false,דנונהWOWשטרודל תפוח150ג,"שטראוס בריאות בע""\מ",IL,דנונה WOW,גרמים,150.00,100 גרם,false,1,4.90,3.27,true,1,
7290115679960,false,צ'יטוס פופקורן ט.טבעי60ג,"שטראוס פריטו ליי בע""\מ )",IL,צ'יטוס פופקורן,גרמים,60.00,100 גרם,false,1,5.40,9.00,true,1,
7290116247045,false,שוקולד חלב על מקל LOL,GRUP SURH,TR,שוקולד חלב על מק,גרמים,30.00,100 גרם,false,1,5.90,19.67,true,1,
7290116530161,false,תחליב רח.אננס מלון700מ,יוניליוור ישראל טיפוח אי,IL,תחליב רחצה פינוק,מיליליטרים,700.00,"100 מ""ל",false,1,12.90,1.84,true,1,
7290116530482,false,קורנפלקס אלופים 30*5 גרם,פרומיניו,IL,קורנפלקס 5 יח,גרמים,150.00,100 גרם,false,1,13.90,9.27,true,1,
7290116531014,false,קליק חום לבן 140 גרם,יוניליוור ישראל מזון בע\,IL,קליק חום לבן,גרמים,140.00,100 גרם,false,1,12.90,9.21,true,1,
7290116531120,false,נמס בכוס מרק וייטנאמי40ג,יוניליוור ישראל מזון בע\,IL,נמס בכוס וייטנאם,גרמים,40.00,100 גרם,false,1,7.80,19.50,true,1,
7290116531748,false,"קליק שוקו מיקס כשל""פ65ג","דרך השוקולד ,1 צפת 13404",IL,חטיף קליק,גרמים,65.00,100 גרם,false,1,6.40,9.85,true,1,
7290116531779,false,דפי מרכך למייבש כחול40יח,---,US,דפים למייבש,יחידה,1.00,יחידה,false,1,21.00,21.00,true,1,
7290116531793,false,רוטב לסלט קיסר 295 גרם,יוניליוור ישראל מזון בע\,IL,רוטב לסלט קיסר,גרמים,295.00,100 גרם,false,1,11.90,4.03,true,1,
7290116531939,false,גלידונית  בטעם תות,"גלידת שטראוס בע""\מ, רח'",IL,גלידונית  בטעם ת,גרמים,630.00,100 גרם,false,1,49.90,7.92,true,1,
7290116532011,false,חטיף קליק נוגט 35 גרם,תות תעשיות מזון (2014) ב,IL,חטיף קליק נוגט,גרמים,35.00,100 גרם,false,1,4.90,14.00,true,1,
7290116532462,false,קליק גלידה שוקולד בננה,"גלידת שטראוס בע""\מ, רחוב",IL,"קליק גלידה 520מ""",מיליליטרים,520.00,"100 מ""ל",false,1,21.90,4.21,true,1,
7290116532486,false,קליק גלידה וניל קרמל520מ,"גלידת שטראוס בע""\מ, רחוב",IL,קליק גלידה וניל,מיליליטרים,520.00,"100 מ""ל",false,1,21.90,4.21,true,1,
7290116930282,false,לאבנה 9% עם קרקרים 150 ג,---,IL,לאבנה,גרמים,150.00,100 גרם,false,1,9.90,6.60,true,1,
7290116930435,false,יוגורט גו סמיך דובדבן200,"תנובה בע""\מ",IL,יוגורט גו סמיך,גרמים,200.00,100 גרם,false,1,5.90,2.95,true,1,
7290116930459,false,שייק בננה אננס קוקס230מל,תנובה בעמ,IL,יופלה שייק,מיליליטרים,230.00,"100 מ""ל",false,1,8.90,3.87,true,1,
7290116930466,false,שייק מנגו בננה פסיפלו230,תנובה בעמ,IL,יופלה שייק,מיליליטרים,230.00,"100 מ""ל",false,1,8.90,3.87,true,1,
7290116930480,false,שייק בננה קיוי תפוח230מל,תנובה בעמ,IL,יופלה שייק,מיליליטרים,230.00,"100 מ""ל",false,1,8.90,3.87,true,1,
7290116930626,false,ציזיקי עם קרקרים 150 גרם,---,IL,ציזיקי עם קרקרים,גרמים,150.00,100 גרם,false,1,9.90,6.60,true,1,
7290116930701,false,מעדן חלב גו בטעם קרמל120,תנובה בעמ,IL,מעדן חלב גו,גרמים,120.00,100 גרם,false,1,5.30,4.42,true,1,
7290116931081,false,מעדן סויה טופי קרמל 125ג,תנובה בעמ,IL,מעדן סויה טופי,גרמים,125.00,100 גרם,false,1,4.70,3.76,true,1,
7290116931104,false,יופלה גו סמיך אננס 200 ג,תנובה בעמ,IL,יופלה גו סמיך,גרמים,200.00,100 גרם,false,1,5.90,2.95,true,1,
7290117260562,false,חמאה בגביע 225 גרם,---,TR,חמאה בגביע,גרמים,225.00,100 גרם,false,1,17.90,7.96,true,1,
7290117260623,false,תן בו שוקולד חלב 25*12גר,---,DK,תן בו שוקולד12יח,גרמים,300.00,100 גרם,false,1,18.90,6.30,true,1,
7290117260685,false,תן בו מיקס סמבה 230 גרם,---,DK,תן בו מיקס סמבה,גרמים,230.00,100 גרם,false,1,18.90,8.22,true,1,
7290117260708,false,משקה חלב תות מועשר 1ליטר,איינס,TR,משקה חלב תות,ליטרים,1.00,ליטר,false,1,14.90,14.90,true,1,
7290117260807,false,תן בו בציפוי שוק.לבן12יח,---,DK,תן בו שוקולד12יח,גרמים,300.00,100 גרם,false,1,18.90,6.30,true,1,
7290117261354,false,גבינת ריקוטה5% 200 גרם,גידה,TR,גבינת ריקוטה,גרמים,200.00,100 גרם,false,1,10.90,5.45,true,1,
7290117261385,false,גבינת פטה לייט 8% 500 גר,גידה,TR,גבינת פטה לייט,גרמים,500.00,100 גרם,false,1,28.90,5.78,true,1,
7290117261439,false,יוג.פרוביוטי פ.יער2% 125,---,TR,יוגורט פרוביוטי,גרמים,125.00,100 גרם,false,1,3.90,3.12,true,1,
7290117261484,false,מאפה בצק עלים נקניקיה450,הלניק,GR,מאפה בצק עלים,גרמים,450.00,100 גרם,false,1,25.90,5.76,true,1,
7290117261705,false,חמאת עיזים 200 גרם,באלטאלי,TR,חמאת עיזים 200 ג,גרמים,200.00,100 גרם,false,1,14.90,7.45,true,1,
7290117261989,false,גבינת מנורי רכה43% 170גר,סאסו פטוראגס קומטויס אף,GR,גבינת מנורי,גרמים,170.00,100 גרם,false,1,18.90,11.12,true,1,
7290117262238,false,משקה יוגורט עם תות 2.3%,---,TR,משקה יוגורט,גרמים,200.00,100 גרם,false,1,5.90,2.95,true,1,
7290117900956,false,תערובת פיצוחית קלוייה 18,---,IL,תערובת פיצוחים,גרמים,180.00,100 גרם,false,1,17.90,9.94,true,1,
7290117900963,false,בוטנים קלויים 270 גרם,דין שיווק וקלייה בעמ,IL,בוטנים קלויים,גרמים,270.00,100 גרם,false,1,11.90,4.41,true,1,
7290117900994,false,פקאן סיני מסוכר 140 גרם,שקדיה גבע בעמ,IL,פקאן סיני מסוכר,גרמים,140.00,100 גרם,false,1,17.90,12.79,true,1,
7290117901014,false,אגוז קשיו קלוי 160 גרם,---,IL,אגוז קשיו קלוי,גרמים,160.00,100 גרם,false,1,17.90,11.19,true,1,
7290117901038,false,אגוז מלך קלוף 190 גרם,"שקדיה גבע בע""\מ",IL,אגוז מלך קלוף,גרמים,190.00,100 גרם,false,1,17.90,9.42,true,1,
7296073006176,false,"סוכר שופרסל 1 ק""ג","סוגת תעשיות בע""\מ",IL,סוכר לבן,קילוגרמים,1.00,"ק""ג",false,0,4.90,4.90,true,1,
7296073006398,false,זיתים ירוקים גדולים,שופרסל,IL,זיתי מנזנילו,גרמים,560.00,100 גרם,false,0,7.80,1.39,true,1,
7296073006404,false,מלפפונים במלח גדולים 7-9,בני דרום,IL,מלפפון במלח 7-9,גרמים,560.00,100 גרם,false,0,7.50,1.34,true,1,
7296073006411,false,מלפפונים במלח בינוניים,בני דרום,IL,מלפפונים במלח,גרמים,560.00,100 גרם,false,0,7.80,1.39,true,1,
7296073011101,false,קוסקוס עבה שופרסל 350גרם,"אסיף תעשיות מזון בע""\מ",IL,קוסקוס עבה,גרמים,350.00,100 גרם,false,0,5.20,1.49,true,1,
7296073011118,false,קוסקוס דק שופרסל 350 גרם,"אסיף תעשיות מזון בע""\מ",IL,קוסקוס דק,גרמים,350.00,100 גרם,false,0,5.20,1.49,true,1,
7296073011217,false,פסטה פנה ריגטה 500 גרם,שופרסל,IT,פסטה פנה ריגטה,גרמים,500.00,100 גרם,false,0,4.90,0.98,true,1,
7296073012009,false,קוסקוס בינוני שופרסל350ג,"אסיף תעשיות מזון בע""\מ",IL,קוסקוס בינוני,גרמים,350.00,100 גרם,false,0,5.20,1.49,true,1,
7296073020356,false,150כוס שתייה קרה בייסיק,שופרסל,IL,"כוסות שתייה חד""פ",יחידה,1.00,יחידה,false,0,17.90,17.90,true,1,
7296073020370,false,צלחת גדולה BASIC 100 יח',שופרסל,IL,צלחות גדולות,יחידה,1.00,יחידה,false,0,30.90,30.90,true,1,
7296073020936,false,פטריות שמפיניון חתוכ400ג,פרוצ'אמפ,NL,פטריות חתוכות,גרמים,400.00,100 גרם,false,0,4.60,1.15,true,1,
7296073021568,false,"קמח חיטה לבן בהיר 1 ק""ג",שופרסל,IL,קמח לבן,קילוגרמים,1.00,"ק""ג",false,0,4.90,4.90,true,1,
7296073021582,false,סולת חיטה,שופרסל,IL,סולת חיטה,קילוגרמים,1.00,"ק""ג",false,0,4.90,4.90,true,1,
7296073048992,false,פסטרמה בדבש שופרסל 300גר,---,IL,פסטרמה בדבש,גרמים,300.00,100 גרם,false,0,23.90,7.97,true,1,
7296073049050,false,פסטרמה רומנית שופרסל300ג,---,IL,פסטרמה רומנית,גרמים,300.00,100 גרם,false,0,27.90,9.30,true,1,
7296073049074,false,סלמי קוניאק שופרסל 300גר,מעדני יחיעם,IL,סלמי קוניאק,גרמים,300.00,100 גרם,false,0,23.90,7.97,true,1,
7296073049135,false,אטריות ביצים דקות שופ200,שיבולים בני דרום,IL,אטריות ביצים,גרמים,200.00,100 גרם,false,0,7.90,3.95,true,1,
7296073049654,false,טבעות זיתים ירוקים,שופרסל,IL,טבעות זיתים,גרמים,560.00,100 גרם,false,0,9.60,1.71,true,1,
7296073053743,false,פסטה קונקיליוני 500 גרם,שופרסל,IL,פסטה קונקיליוני,גרמים,500.00,100 גרם,false,0,4.90,0.98,true,1,
7296073053750,false,פסטה לומקה 500 גרם,שופרסל,IT,פסטה לומקה ריגטה,גרמים,500.00,100 גרם,false,0,4.90,0.98,true,1,
7296073053767,false,דפי לזניה שופרסל 500 גרם,שופרסל,IT,דפי לזניה,גרמים,500.00,100 גרם,false,0,13.90,2.78,true,1,
7296073058984,false,גרנולה קראנץ פירות+אג400,בריגן קי ג'י,DE,גרנולה קראנץ,גרמים,400.00,100 גרם,false,0,17.90,4.48,true,1,
7296073058991,false,מוזלי 500 גרם,בריגן קי ג'י,DE,מוזלי,גרמים,500.00,100 גרם,false,0,17.90,3.58,true,1,
7296073059691,false,"צלחת גדולה BASIC 50 יח,'",שופרסל,IL,צלחות גדולות,יחידה,1.00,יחידה,false,0,17.90,17.90,true,1,
7296073059707,false,"צלחת קטנה BASIC 50 יח,'",שופרסל,IL,"צלחות קטנות חד""פ",יחידה,1.00,יחידה,false,0,14.90,14.90,true,1,
7296073059745,false,ליפתניות BASIC,שופרסל,IL,"ליפתניות חד""פ",יחידה,1.00,יחידה,false,0,14.90,14.90,true,1,
7296073064367,false,"בורקס תפו""א שופרסל 800 ג",שופרסל,IL,"800 בורקס תפו""א",גרמים,800.00,100 גרם,false,0,17.90,2.24,true,1,
7296073064398,false,בורקס גבינה שופרסל 800 ג,מאפ גדרון,IL,בורקס גבינה800,גרמים,800.00,100 גרם,false,0,19.90,2.49,true,1,
7296073066354,false,חטיפי חלווה שופרסל 250 ג,"אחדות בע""מ א.ת. ברקן",IL,חטיפי חלווה,גרמים,250.00,100 גרם,false,0,11.20,4.48,true,1,
7296073066378,false,עוג.סנדוויץ בטעם וניל900,"אחים פפושדו ובניהם בע""\מ",IL,עוגיות סנדביץ,גרמים,900.00,100 גרם,false,0,19.90,2.21,true,1,
7296073074434,false,ביסקוויטים פתי בר גדול,שופרסל,IL,פתיבר גדול,גרמים,500.00,100 גרם,false,0,9.50,1.90,true,1,
7296073074441,false,פתי בר גדול בטעם שוקו,שופרסל,IL,פתי בר גדול שוקו,גרמים,500.00,100 גרם,false,0,9.50,1.90,true,1,
7296073078395,false,תפוח אדמה נשיקות תפזורת,קטיף.,IL,תפוח אדמה נשיקות,קילוגרמים,0.00,"ק""ג",true,0,5.90,5.90,true,1,
7296073078838,false,6 כריות יפניות שופרסל,פלסטו פוליש,IL,כריות יפניות,יחידה,1.00,יחידה,false,0,9.70,9.70,true,1,
7296073078883,false,מטליות לניקוי כללי,שופרסל,IL,מטליות לניקוי,יחידה,1.00,יחידה,false,0,9.90,9.90,true,1,
7296073079002,false,פריכ.דקות אורז מלא ש100.,"פרח תעשיות מזון בע""\מ",IL,פריכיות דקות,גרמים,100.00,100 גרם,false,0,7.90,7.90,true,1,
7296073079873,false,רוטב עגבנ.מרוכז מאוד580ג,פריניר,IL,תרכיז עגבניות,גרמים,580.00,100 גרם,false,0,6.30,1.09,true,1,
7296073079903,false,רוטב עגבניות 22%שופר100ג,פריניר,IL,רוטב עגבניות,גרמים,100.00,100 גרם,false,0,1.90,1.90,true,1,
7296073080503,false,אפונה ירוקה בינונית 550ג,פרי גליל,IL,אפונה ירוקה,גרמים,550.00,100 גרם,false,0,6.90,1.25,true,1,
7296073080534,false,גרעיני תירס מתוק 550 גרם,פרי גליל,IL,גרעיני תירס מתוק,גרמים,550.00,100 גרם,false,0,6.90,1.25,true,1,
7296073080541,false,אפונה וגזר שופרסל 550 גר,פרי גליל,IL,אפונה וגזר,גרמים,550.00,100 גרם,false,0,6.90,1.25,true,1,
7296073080558,false,תירס לייט שופרסל 550 גרם,פרי גליל,IL,תירס לייט,גרמים,550.00,100 גרם,false,0,7.90,1.44,true,1,
7296073087175,false,ריבת תות שופרסל 370 גרם,LTD 99 CIMA,BG,ריבת תות שדה,גרמים,370.00,100 גרם,false,0,11.90,3.22,true,1,
7296073087281,false,קונפ.תות שדה שופרסל 370ג,LTD 99 CIMA,BG,קונפיטורת תות,גרמים,370.00,100 גרם,false,0,13.50,3.65,true,1,
7296073090496,false,צמר פלדה שופרסל 100 גרם,פלסטו פוליש,IL,צמר פלדה,גרמים,100.00,100 גרם,false,0,6.70,6.70,true,1,
7296073091462,false,פיסטוק קלוי וממולח 200ג,ששון,IL,פיסטוק קלוי,גרמים,200.00,100 גרם,false,0,23.90,11.95,true,1,
7296073091479,false,שקד קלוף קלוי וממולח200ג,ששון,IL,שקד קלוף קלוי,גרמים,200.00,100 גרם,false,0,18.90,9.45,true,1,
7296073091486,false,קשיו קלויים ומומלח 200ג',ששון,IL,קשיו קלוי ומומלח,גרמים,200.00,100 גרם,false,0,23.90,11.95,true,1,
7296073091493,false,גרעין חמניה קלוי וממולח,ששון,IL,גרעין שחור קלוי,גרמים,200.00,100 גרם,false,0,7.80,3.90,true,1,
7296073091547,false,צימוקים בהירים 400גרם,ששון,IL,צימוק בהיר,גרמים,400.00,100 גרם,false,0,23.90,5.98,true,1,
7296073091585,false,שקדים קלופים 200 גרם,ששון,IL,שקדים קלופים,גרמים,200.00,100 גרם,false,0,18.90,9.45,true,1,
7296073091608,false,אגוזי קשיו קלופים טבעיים,ששון,VN,אגוזי קשיו טבעי,גרמים,200.00,100 גרם,false,0,23.90,11.95,true,1,
7296073091646,false,צנוברים קלופים 100גרם,ששון,CN,צנוברים קלופים,גרמים,100.00,100 גרם,false,0,26.90,26.90,true,1,
7296073091677,false,חמוציות מיובשות 250ג,ששון,US,חמוציות 250גרם,גרמים,250.00,100 גרם,false,0,11.90,4.76,true,1,
7296073093176,false,כרוב לבן כבוש קצוץ560גרם,שימורי מוטולה בעמ,IL,כרוב לבן כבוש,גרמים,560.00,100 גרם,false,0,7.50,1.34,true,1,
7296073095583,false,"אצטון שופרסל 100 מ""ל","ש. שוורץ )באר שבע( בע""\מ",IL,אצטון BE,מיליליטרים,100.00,"100 מ""ל",false,0,3.90,3.90,true,1,
7296073098263,false,גזר גמדי מוקפא 800 גרם,פרי גליל,IL,גזר גמדי מוקפא,גרמים,800.00,100 גרם,false,0,13.90,1.74,true,1,
7296073103813,false,תפוח אדמה לבן ארוז,---,IL,"תפו""א לבן ארוז",קילוגרמים,0.00,"ק""ג",true,0,4.90,4.90,true,1,
7296073103820,false,תפוחי אדמה לטיגון,---,IL,"תפו""א  לטיגון",קילוגרמים,0.00,"ק""ג",true,0,5.90,5.90,true,1,
7296073106074,false,פסטה טליאטלה 500 גרם,שופרסל,IT,פסטה טליאטלה,גרמים,500.00,100 גרם,false,0,10.90,2.18,true,1,
7296073106098,false,פריכיות דק.כוסמת שופר100,"פרח תעשיות מזון בע""\מ",IL,פריכיות כוסמת,גרמים,100.00,100 גרם,false,0,7.90,7.90,true,1,
7296073107408,false,גרנולה שוקו.פקאן שופר400,בריגן קי ג'י,DE,גרנולה שוקולד,גרמים,400.00,100 גרם,false,0,17.90,4.48,true,1,
7296073108047,false,שעועית ירוקה שלמה שופרסל,פרי גליל,IL,שעועית ירוקה,גרמים,800.00,100 גרם,false,0,18.90,2.36,true,1,
7296073108108,false,לקט ירקות מעורבים שופרסל,פרי גליל,IL,לקט ירקות מעור,גרמים,800.00,100 גרם,false,0,14.90,1.86,true,1,
7296073108269,false,עלי חסה ערבית שטופים,פרסקו,IL,עלי חסה ערבית,גרמים,250.00,100 גרם,false,0,10.90,4.36,true,1,
7296073108313,false,סלט קולסלאו שטוף 400גרם,פרסקו,IL,סלט קולסלאו שטוף,גרמים,400.00,100 גרם,false,0,8.90,2.23,true,1,
7296073108320,false,שבבי גזר שטופים 400גרם,---,IL,שבבי גזר שטופים,גרמים,400.00,100 גרם,false,0,8.90,2.23,true,1,
7296073108344,false,לקט קלאסי שטוף350גרם,פרסקו,IL,לקט קלאסי שטוף,גרמים,350.00,100 גרם,false,0,11.90,3.40,true,1,
7296073108351,false,חסה אייסברג שטופה 300גרם,פרסקו,IL,חסה אייסברג שטוף,גרמים,300.00,100 גרם,false,0,10.90,3.63,true,1,
7296073108368,false,לקט הגינה שטוף 300גרם,---,IL,לקט הגינה שטוף,גרמים,300.00,100 גרם,false,0,11.90,3.97,true,1,
7296073108375,false,כרוב לבן שטוף לאכילה400ג,פרסקו,IL,כרוב לבן שטוף,גרמים,400.00,100 גרם,false,0,8.50,2.13,true,1,
7296073109822,false,תמר מג'הול מעולה 400 גרם,הדיקלאים,IL,תמר מג'הול 400ג,גרמים,400.00,100 גרם,false,0,13.90,3.48,true,1,
7296073112457,false,קוסקוס חיטה מלא.שופר350ג,אסיף תעשיות מזון,IL,קוסקוס,גרמים,350.00,100 גרם,false,0,6.20,1.77,true,1,
7296073112617,false,6 ספוג.לניקוי מופלא שופר,"סדובסקי בע""\מ",IL,ספוגית ניקוי,יחידה,1.00,יחידה,false,0,9.90,9.90,true,1,
7296073116769,false,קוקוס טחון שופרסל 100גרם,מיה,IL,קוקוס טחון,גרמים,100.00,100 גרם,false,0,4.90,4.90,true,1,
7296073116776,false,קוקוס טחון שופרסל 400גרם,מיה,IL,קוקוס טחון,גרמים,400.00,100 גרם,false,0,14.50,3.63,true,1,
7296073116790,false,שומשום שופרסל 400 גרם,מיה,IL,שומשום שופרסל,גרמים,400.00,100 גרם,false,0,12.90,3.23,true,1,
7296073116820,false,"קמח תפו""א שופרסל 500 גרם",מיה,IL,"קמח תפו""א",גרמים,500.00,100 גרם,false,0,6.90,1.38,true,1,
7296073122296,false,פסטרמה מסורתית שופר300.ג,---,IL,פסטרמה מסורתית,גרמים,300.00,100 גרם,false,0,22.90,7.63,true,1,
7296073122333,false,שקדי מרק רכיבים טבעי400ג,שופרסל,IL,שקדי מרק בשקית,גרמים,400.00,100 גרם,false,0,8.90,2.23,true,1,
7296073125303,false,מלפפונים בחומץ 7-9 560גר,קבוצת יבנה מוצרי מזון,IL,מלפפונים בחומץ,גרמים,560.00,100 גרם,false,0,7.50,1.34,true,1,
7296073125334,false,מלפפונים קטנים בחומץ560ג,קבוצת יבנה מוצרי מזון,IL,מלפפונים בחומץ,גרמים,560.00,100 גרם,false,0,10.90,1.95,true,1,
7296073125822,false,שמן חמניות שופרסל 1 ליטר,NV AOR,BE,שמן חמניות,ליטרים,1.00,ליטר,false,0,13.90,13.90,true,1,
7296073128236,false,מעדן משמש 284 גרם,LTD 99 CIMA,BG,מעדן משמש,גרמים,284.00,100 גרם,false,0,15.90,5.60,true,1,
7296073129448,false,פתיתים טבעות שופרסל500גר,"אסיף תעשיות מזון בע""\מ",IL,פתיתים טבעות,גרמים,500.00,100 גרם,false,0,5.20,1.04,true,1,
7296073130499,false,"מיץ לימון שופרסל 200 מ""ל",סי פרווידר,IT,מיץ לימון שופרסל,מיליליטרים,200.00,"100 מ""ל",false,0,6.40,3.20,true,1,
7296073132479,false,לבבות דקל שלמים שופר400ג,אינדוסטריה אגריקולה,EC,לבבות דקל שלמים,גרמים,400.00,100 גרם,false,0,9.90,2.48,true,1,
7296073132806,false,חרוזי זיתים שופרסל560גרם,קבוצת יבנה מוצרי מזון,IL,חרוזי זיתים,גרמים,560.00,100 גרם,false,0,9.80,1.75,true,1,
7296073132820,false,סלק בואקום 500 גרם,שופרסל,ES,סלק בואקום 500ג,גרמים,500.00,100 גרם,false,0,8.90,1.78,true,1,
7296073133001,false,קערית מרק לבן ELEGANT,שופרסל,IL,קעריות מרק לבנות,יחידה,1.00,יחידה,false,0,12.90,12.90,true,1,
7296073133056,false,צלחת קרם ELEGAN ענק,,IL,צלחות קרם ענקיות,יחידה,1.00,יחידה,false,0,24.90,24.90,true,1,
7296073134459,false,קרקר פריך שוודי 300 גרם,שופרסל,CZ,קרקר שוודי,גרמים,300.00,100 גרם,false,0,14.50,4.83,true,1,
7296073134541,false,מארז קפה טורקי 3 * 100גר,שופרסל,IL,מארז קפה טורקי,גרמים,300.00,100 גרם,false,0,16.60,5.53,true,1,
7296073140801,false,חטיף חלבה וניל שופרסל100,"אחדות בע""מ א.ת. ברקן",IL,חטיף חלבה שופרסל,גרמים,100.00,100 גרם,false,0,3.20,3.20,true,1,
7296073140993,false,28 תחבושות נורמל+ שופרסל,קוראטקס,DE,תחבושות שופרסל,יחידה,1.00,יחידה,false,0,13.50,13.50,true,1,
7296073141143,false,שוקולד חלב שופרסל100 גרם,"שוקולד פריי בע""מ",CH,שוקולד חלב,גרמים,100.00,100 גרם,false,0,5.60,5.60,true,1,
7296073141150,false,שוקולד מריר שוויצרי100ג,"שוקולד פריי בע""מ",CH,שוקולד מריר,גרמים,100.00,100 גרם,false,0,5.60,5.60,true,1,
7296073150527,false,קורנפלקס שופרסל 750 גרם,שופרסל,DK,קורנפלקס שופרסל,גרמים,750.00,100 גרם,false,0,13.90,1.85,true,1,
7296073151463,false,פריכיות דקות דל נתרן100ג,"פרח תעשיות מזון בע""\מ",IL,פריכיות דקות,גרמים,100.00,100 גרם,false,0,7.90,7.90,true,1,
7296073151487,false,פריכיות מיני תפוח 50 גרם,פרח תעשיות מזון,IL,פריכיות תפוח,גרמים,50.00,100 גרם,false,0,8.90,17.80,true,1,
7296073151548,false,מלח בישול גס שופרסל 1 קג,מלח הארץ אילת,IL,מלח בישול גס,קילוגרמים,1.00,"ק""ג",false,0,2.07,2.07,true,1,
7296073151555,false,מלח שולחן דק שופרסל 1 קג,מלח הארץ אילת,IL,מלח שולחן דק,קילוגרמים,1.00,"ק""ג",false,0,2.07,2.07,true,1,
7296073153238,false,גזר ארוז שופרסל,,IL,גזר ארוז שופרסל,קילוגרמים,0.00,"ק""ג",true,0,5.90,5.90,true,1,
7296073153849,false,זוג רדידי אלומיניום 7.2X,שופרסל,IL,רדידי אלומיניום,מטרים,15.00,מטר,false,0,9.90,0.66,true,1,
7296073153870,false,זוג רדידי אלומיניום רחב,שופרסל,CN,זוג רדידי אלומינ,מטרים,15.00,מטר,false,0,14.90,0.99,true,1,
7296073156611,false,שוקולד מריר 60% קקאו100ג,"שוקולד פריי בע""מ",CH,שוקולד מריר 60%,גרמים,100.00,100 גרם,false,0,7.40,7.40,true,1,
7296073161493,false,שוק.מריר60%שופרסל 100*2ג,"שוקולד פריי בע""מ",CH,שוקולד מריר זוג,גרמים,200.00,100 גרם,false,0,14.20,7.10,true,1,
7296073163084,false,נקניקיות וינר 400 גרם,מעדני יחיעם,IL,נקניקיות וינר,גרמים,400.00,100 גרם,false,0,11.90,2.98,true,1,
7296073163114,false,נקניקיות מיני שופרסל600ג,---,IL,נקניקיות מיני,גרמים,600.00,100 גרם,false,0,17.90,2.98,true,1,
7296073169550,false,3 מטליות מיקרופייבר שופר,שופרסל,CN,מטליות מיקרופיבר,יחידה,1.00,יחידה,false,0,14.80,14.80,true,1,
7296073170860,false,צ'יפס קלאסי 1.5 קג,"תעשיות תפוגן בע""\מ",IL,צ'יפס קלאסי,קילוגרמים,1.50,"ק""ג",false,0,24.90,16.60,true,1,
7296073173205,false,שעועית ירוקה עדינה שופרס,ARDO,BE,שעועית ירוקה,גרמים,600.00,100 גרם,false,0,14.90,2.48,true,1,
7296073173229,false,שעועית ירוקה חתוכה שופרס,ARDO,BE,שעועית ירוקה,גרמים,800.00,100 גרם,false,0,17.90,2.24,true,1,
7296073173304,false,"קמח לאפיית לחם 1 ק""ג",שופרסל,IL,קמח לאפיית לחם,קילוגרמים,1.00,"ק""ג",false,0,7.50,7.50,true,1,
7296073179863,false,דבש טבעי לחיץ 250 גרם,שופרסל,IL,דבש טבעי לחיץ,גרמים,250.00,100 גרם,false,0,16.90,6.76,true,1,
7296073180203,false,עלי רוקט שטופים 150גרם,פרסקו,IL,עלי רוקט150ג',גרמים,150.00,100 גרם,false,0,10.90,7.27,true,1,
7296073180210,false,עלי תרד בייבי שטופים400ג,פרסקו,IL,עלי תרד בייבי,גרמים,400.00,100 גרם,false,0,16.90,4.23,true,1,
7296073180449,false,רוטב לפסטה,,IT,רוטב לפסטה,גרמים,350.00,100 גרם,false,0,9.90,2.83,true,1,
7296073180630,false,מטליות לחות לרצפה 10יח,טרופיקל דגיל,IL,מטליות לחות,יחידה,1.00,יחידה,false,0,10.90,10.90,true,1,
7296073187363,false,פחם דרום אמריקאי,,PY,פחם דרום אמריקאי,קילוגרמים,2.00,"ק""ג",false,0,14.90,7.45,true,1,
7296073189688,false,ג.חמניה קלוף150ג שופרסל,ששון,IL,גרעין חמניה 150ג,גרמים,150.00,100 גרם,false,0,6.80,4.53,true,1,
7296073191261,false,תחתיות ארטישוק שופר390גר,Raal El Conservas,ES,תחתיות ארטישוק,גרמים,390.00,100 גרם,false,0,9.90,2.54,true,1,
7296073192633,false,שעועית לבנה שופרסל 800גר,פרי גליל,IL,שעועית לבנה,גרמים,800.00,100 גרם,false,0,18.90,2.36,true,1,
7296073192657,false,גרגרי חומוס שופרסל 800גר,---,IL,גרגרי חומוס,גרמים,800.00,100 גרם,false,0,13.90,1.74,true,1,
7296073193784,false,כרובית שטופה 500גרם,---,IL,כרובית שטופה,גרמים,500.00,100 גרם,false,0,15.90,3.18,true,1,
7296073193791,false,ברוקולי שטוף 400גרם,פרסקו,IL,ברוקולי שטוף,גרמים,400.00,100 גרם,false,0,15.90,3.98,true,1,
7296073197478,false,שוקולד מריר שוויצרי100*3,,CH,שוקולד מריר 3 יח,גרמים,300.00,100 גרם,false,0,14.90,4.97,true,1,
7296073198314,false,דייסת דגנים מעורבים 200ג,שופרסל,IL,דייסת דגנים,גרמים,200.00,100 גרם,false,0,10.90,5.45,true,1,
7296073201410,false,נודלס רחב להקפצה 400ג,פרוצ'אמפ,CN,נודלס בינוני,גרמים,400.00,100 גרם,false,0,11.50,2.88,true,1,
7296073204640,false,בוטן אמריקאי200ג שופרסל,ששון,IL,בוטנים אמריקאים,גרמים,200.00,100 גרם,false,0,7.90,3.95,true,1,
7296073205081,false,מיונז,,IL,מיונז,גרמים,500.00,100 גרם,false,0,8.90,1.78,true,1,
7296073209249,false,ספגיות קירצוף 6 יחידות,פלסטו פוליש,IL,ספוגיות קירצוף,יחידה,1.00,יחידה,false,0,5.70,5.70,true,1,
7296073211969,false,וופל בלגי שוקולד 200 גרם,"גילרו בע""\מ",IL,וופל בלגי שוקולד,גרמים,200.00,100 גרם,false,0,4.60,2.30,true,1,
7296073215820,false,כורכום טחון,,IL,כורכום טחון,גרמים,100.00,100 גרם,false,0,7.90,7.90,true,1,
7296073215875,false,כמון טחון,,IL,כמון טחון,גרמים,100.00,100 גרם,false,0,8.90,8.90,true,1,
7296073215912,false,קנמון טחון,,IL,קנמון טחון,גרמים,100.00,100 גרם,false,0,7.90,7.90,true,1,
7296073215929,false,קנמון טחון,,IL,קנמון טחון,גרמים,40.00,100 גרם,false,0,6.40,16.00,true,1,
7296073215967,false,שוםגבישי,,IL,שוםגבישי,גרמים,100.00,100 גרם,false,0,11.00,11.00,true,1,
7296073215998,false,אבקת שום,,IL,אבקת שום,גרמים,50.00,100 גרם,false,0,7.80,15.60,true,1,
7296073216018,false,תערובת תיבול,,IL,תערובת תיבול,גרמים,100.00,100 גרם,false,0,8.00,8.00,true,1,
7296073216025,false,תערובת תיבול,,IL,תערובת תיבול,גרמים,100.00,100 גרם,false,0,11.30,11.30,true,1,
7296073216087,false,עלי דפנה,,IL,עלי דפנה,גרמים,20.00,100 גרם,false,0,6.90,34.50,true,1,
7296073216094,false,בהרט,,IL,בהרט,גרמים,100.00,100 גרם,false,0,8.10,8.10,true,1,
7296073216100,false,צ'ילי כתוש,,IL,צ'ילי כתוש,גרמים,25.00,100 גרם,false,0,6.90,27.60,true,1,
7296073216117,false,תערובת תיבול קאר,,IL,תערובת תיבול קאר,גרמים,100.00,100 גרם,false,0,6.90,6.90,true,1,
7296073216186,false,פלפל שחור,,IL,פלפל שחור,גרמים,40.00,100 גרם,false,0,10.90,27.25,true,1,
7296073216193,false,פלפל שחור,,IL,פלפל שחור,גרמים,90.00,100 גרם,false,0,14.90,16.56,true,1,
7296073216209,false,פלפל שחור,,IL,פלפל שחור,גרמים,35.00,100 גרם,false,0,10.90,31.14,true,1,
7296073216223,false,פפריקה מתוקה,,IL,פפריקה מתוקה,גרמים,80.00,100 גרם,false,0,5.90,7.38,true,1,
7296073216247,false,פפריקה מתוקה,,IL,פפריקה מתוקה,גרמים,100.00,100 גרם,false,0,10.90,10.90,true,1,
7296073216292,false,פפריקה חריפה,,IL,פפריקה חריפה,גרמים,80.00,100 גרם,false,0,5.90,7.38,true,1,
7296073218661,false,מטליות לרצפה 3יח,,CN,מטליות לרצפה 3יח,יחידה,1.00,יחידה,false,0,24.90,24.90,true,1,
7296073218807,false,בישקוטים,,IT,בישקוטים,גרמים,200.00,100 גרם,false,0,8.20,4.10,true,1,
7296073218920,false,לחם אחיד פרוס 750 גרם,מאפיית שלמה א. אנג'\ל בע,IL,לחם אחיד פרוס,גרמים,750.00,100 גרם,false,0,7.10,0.95,true,1,
7296073219347,false,לחם אחיד פרוס750ג שופרסל,מאפית ברמן,IL,לחם אחיד פרוס,גרמים,750.00,100 גרם,false,0,7.10,0.95,true,1,
7296073219675,false,פלפל שחור גרוס,,IL,פלפל שחור גרוס,גרמים,80.00,100 גרם,false,0,11.90,14.88,true,1,
7296073219880,false,פודינג שוקולד,,IL,פודינג שוקולד,גרמים,95.00,100 גרם,false,0,5.20,5.47,true,1,
7296073219897,false,פודינג וניל,,IL,פודינג וניל,גרמים,80.00,100 גרם,false,0,5.20,6.50,true,1,
7296073220022,false,אבקת קקאו,,IL,אבקת קקאו,גרמים,150.00,100 גרם,false,0,8.50,5.67,true,1,
7296073220121,false,חטיפי קרח,,IL,חטיפי קרח,ליטרים,0.07,ליטר,false,0,14.40,205.71,true,1,
7296073220275,false,ופלים בטעם שוקולד 500 גר,"מנעמים תעשיות מזון בע""\מ",IL,ופל טעם שוקולד,גרמים,500.00,100 גרם,false,0,11.90,2.38,true,1,
7296073220282,false,ופלים לימון שופרסל500גר,"מנעמים תעשיות מזון בע""\מ",IL,ופל טעם לימון,גרמים,500.00,100 גרם,false,0,11.90,2.38,true,1,
7296073220398,false,חטיפי קרח,,IL,חטיפי קרח,מיליליטרים,800.00,"100 מ""ל",false,0,9.90,1.24,true,1,
7296073221319,false,"כף קרם 100 יח,' 2 גרם",,IL,כפות חד פעמיות,יחידה,1.00,יחידה,false,0,14.90,14.90,true,1,
7296073222200,false,פסטרמה הודו על גחלים שופ,---,IL,פסטרמה הודו,גרמים,300.00,100 גרם,false,0,23.90,7.97,true,1,
7296073222224,false,פסטרמה ברביקיו דק דק140ג,מעדני יחיעם,IL,פסטרמה ברביקיו,גרמים,140.00,100 גרם,false,0,11.90,8.50,true,1,
7296073222231,false,פסטרמה בדבש דק דק 140 גר,---,IL,פסטרמה בדבש,גרמים,140.00,100 גרם,false,0,11.90,8.50,true,1,
7296073222255,false,סלמי מעושן שופרסל 400 גר,מעדני יחיעם,IL,סלמי מעושן,גרמים,400.00,100 גרם,false,0,19.90,4.98,true,1,
7296073222316,false,ג'חנון אפוי שופרסל 650ג,אופרה,IL,ג'חנון אפוי שופר,גרמים,650.00,100 גרם,false,0,18.90,2.91,true,1,
7296073222323,false,מלווח קפוא שופרסל700ג,אופרה,IL,מלווח קפוא שופרס,גרמים,700.00,100 גרם,false,0,14.90,2.13,true,1,
7296073223009,false,שמן זית,,IT,שמן זית,מיליליטרים,750.00,"100 מ""ל",false,0,29.90,3.99,true,1,
7296073223993,false,מזון חתולים,,FR,מזון חתולים,גרמים,400.00,100 גרם,false,0,8.00,2.00,true,1,
7296073224006,false,מזון חתולים,,FR,מזון חתולים,גרמים,400.00,100 גרם,false,0,8.00,2.00,true,1,
7296073224013,false,מזון חתולים,,FR,מזון חתולים,גרמים,400.00,100 גרם,false,0,8.00,2.00,true,1,
7296073224020,false,מזון חתולים,,FR,מזון חתולים,גרמים,400.00,100 גרם,false,0,8.00,2.00,true,1,
7296073224037,false,מזון כלבים,,FR,מזון כלבים,גרמים,400.00,100 גרם,false,0,7.90,1.98,true,1,
7296073224051,false,מזון כלבים,,FR,מזון כלבים,גרמים,400.00,100 גרם,false,0,7.90,1.98,true,1,
7296073224525,false,קוואקר אורגני,,IL,קוואקר אורגני,גרמים,500.00,100 גרם,false,0,11.90,2.38,true,1,
7296073224563,false,סלט טחינה שופרסל 400 גרם,סלטי שמיר,IL,סלט טחינה,גרמים,400.00,100 גרם,false,0,11.90,2.98,true,1,
7296073224570,false,חומוס אסלי שופרסל 400גרם,סלטי שמיר,IL,חומוס אסלי,גרמים,400.00,100 גרם,false,0,10.90,2.73,true,1,
7296073224587,false,כרוב אדום שופרסל 400 גרם,סלטי שמיר,IL,סלט כרוב אדום,גרמים,400.00,100 גרם,false,0,11.90,2.98,true,1,
7296073224594,false,סלט חציל במיונז שופר400ג,סלטי שמיר,IL,סלט חצילים מיונז,גרמים,400.00,100 גרם,false,0,11.90,2.98,true,1,
7296073224600,false,"חומוס שופרסל 1 ק""ג",סלטי שמיר,IL,סלט חומוס,קילוגרמים,1.00,"ק""ג",false,0,13.90,13.90,true,1,
7296073224693,false,ביציםM שופרסל 12,,IL,ביציםM שופרסל 12,יחידה,1.00,יחידה,false,0,11.15,11.15,true,1,
7296073224709,false,ביציםL שופרסל 12,,IL,ביציםL שופרסל 12,יחידה,1.00,יחידה,false,0,12.05,12.05,true,1,
7296073224822,false,מרכך מרוכז ורוד,,IL,מרכך מרוכז ורוד,ליטרים,1.00,ליטר,false,0,11.90,11.90,true,1,
7296073224891,false,אפונה ירוקה קפואה שופרסל,---,BE,אפונה ירוקה,גרמים,800.00,100 גרם,false,0,14.90,1.86,true,1,
7296073224907,false,אפונה וגזר שופרסל 800גרם,ARDO,BE,אפונה וגזר,גרמים,800.00,100 גרם,false,0,14.80,1.85,true,1,
7296073225249,false,גרעין חמניה לא תוספת מלח,ששון,IL,גרעין חמניה,גרמים,200.00,100 גרם,false,0,7.80,3.90,true,1,
7296073225256,false,גרעין חמנייה קליית עפולה,ששון,IL,גרעין חמנייה,גרמים,200.00,100 גרם,false,0,7.80,3.90,true,1,
7296073225492,false,רוטב עגבני.מרוכז22% 260ג,פריניר,IL,רוטב עגבניות,גרמים,260.00,100 גרם,false,0,3.60,1.38,true,1,
7296073225751,false,חציל בטחינה 400 גרם,סלטי שמיר,IL,סלט חציל בטחינה,גרמים,400.00,100 גרם,false,0,11.90,2.98,true,1,
7296073225768,false,סלט מטבוחה שופרסל 400גרם,סלטי שמיר,IL,סלט מטבוחה,גרמים,400.00,100 גרם,false,0,11.90,2.98,true,1,
7296073225775,false,רצועות סלק שופרסל 400גרם,סלטי שמיר,IL,סלט סלק שופרסל,גרמים,400.00,100 גרם,false,0,11.90,2.98,true,1,
7296073226314,false,חיתולים שופרסל,,IL,חיתולים שופרסל,יחידה,1.00,יחידה,false,0,29.90,29.90,true,1,
7296073226529,false,וופל קוביות שוקולד 250גר,בלקוני,IT,וופל קוביות,גרמים,250.00,100 גרם,false,0,11.90,4.76,true,1,
7296073226543,false,אורגנו תבלין,,IL,אורגנו תבלין,גרמים,40.00,100 גרם,false,0,10.30,25.75,true,1,
7296073226970,false,סלט חומוס+טחינה שופר400ג,סלטי שמיר,IL,חומוס עם טחינה,גרמים,400.00,100 גרם,false,0,11.90,2.98,true,1,
7296073229650,false,סירופ טעם שוקולד,,IL,סירופ טעם שוקולד,גרמים,600.00,100 גרם,false,0,12.90,2.15,true,1,
7296073229667,false,סירופ טעם מייפל,,IL,סירופ טעם מייפל,גרמים,600.00,100 גרם,false,0,12.90,2.15,true,1,
7296073229674,false,פסטה לינגוויני 500 גרם,,IT,פסטה לינגוויני,גרמים,500.00,100 גרם,false,1,4.90,0.98,true,1,
7296073230021,false,מנקה רצפות כחול 2 ליטר,קליר כימיקלים,IL,מנקה רצפות כחול,ליטרים,2.00,ליטר,false,0,15.90,7.95,true,1,
7296073230038,false,מנקה רצפות ורוד 2 ליטר,קליר כימיקלים,IL,מנקה רצפות,ליטרים,2.00,ליטר,false,0,15.90,7.95,true,1,
7296073230045,false,מנקה רצפות סגול 2 ליטר,קליר כימיקלים,IL,מנקה רצפות,ליטרים,2.00,ליטר,false,0,15.90,7.95,true,1,
7296073230106,false,"סלט תפו""א שופרסל 400 גרם",שופרסל,IL,"סלט תפו""א",גרמים,400.00,100 גרם,false,0,11.90,2.98,true,1,
7296073230410,false,כוס שתיה חמה,,CN,כוס שתיה חמה,יחידה,1.00,יחידה,false,0,14.90,14.90,true,1,
7296073230441,false,כפיות שקופות עבות במיוחד,,IL,כפיות שקופות,יחידה,1.00,יחידה,false,0,14.90,14.90,true,1,
7296073230489,false,מזלג שקוף עבה במיוחד 50י,,TR,מזלגות שקופים,יחידה,1.00,יחידה,false,0,14.90,14.90,true,1,
7296073230656,false,מגבות נייר 6 גלילים,"שניב תעשיות נייר בע""\מ",IL,מגבות נייר,מטרים,63.00,מטר,false,0,10.90,0.17,true,1,
7296073230885,false,גלילי ופל במלוי אגוז100ג,"מנעמים תעשיות מזון בע""\מ",IL,גלילי וופל,גרמים,100.00,100 גרם,false,1,5.90,5.90,true,1,
7296073230892,false,כוסות שתייה,,CN,כוסות שתייה,יחידה,1.00,יחידה,false,0,21.90,21.90,true,1,
7296073231554,false,חלב 3% בקרטון שופרסל 1ל,מחלבות רמת הגולן,IL,חלב 3% קרטון 1ל',ליטרים,1.00,ליטר,false,1,6.10,6.10,true,1,
7296073232377,false,חלב1% נטול לקטוז גרין1ל,מחלבת רמת-הגולן,IL,חלב נטול לקטוז,ליטרים,1.00,ליטר,false,1,8.90,8.90,true,1,
7296073232391,false,"סוכר לבן שופרסל 1 ק""ג","אגרנה צוקר בע""מ",PL,סוכר לבן,קילוגרמים,1.00,"ק""ג",false,1,4.90,4.90,true,1,
7296073236153,false,עגב.חתוכות אורגנ.גרין400,לה דוריה,IT,עגבניות חתוכות,גרמים,400.00,100 גרם,false,1,5.90,1.48,true,1,
7296073236603,false,"שמנת לבישול 15% 250 מ""ל",מחלבת רמת-הגולן,IL,שמנת לבישול 15%,מיליליטרים,250.00,"100 מ""ל",false,1,7.40,2.96,true,1,
7296073236894,false,סלט קולסלאו 400 גרם,סלטי שמיר,IL,סלט קולסלאו,גרמים,400.00,100 גרם,false,1,11.90,2.98,true,1,
7296073237204,false,סכיני גילוח רב''פ גבר4יח,---,US,"סכין גילוח ר""פ",יחידה,1.00,יחידה,false,1,29.90,29.90,true,1,
7296073237235,false,4 סכיני גילוח 3 להבים,אדג'וול,US,"סכין גילוח ח""פ",יחידה,1.00,יחידה,false,1,14.90,14.90,true,1,
7296073237525,false,לפתן פירות מעורבים820 גר,CANNED QIWWEI LINYI,CN,לפתן פירות,גרמים,820.00,100 גרם,false,1,9.90,1.21,true,1,
7296073237556,false,ממחטות אף 100*5 יח',שניב תעשיות נייר,IL,ממחטות אף100*5יח,יחידה,1.00,יחידה,false,1,10.00,10.00,true,1,
7296073237631,false,שוקולד מריר פרימיום 81%,פריי )שוקולד(,CH,שוקולד מריר 81%,גרמים,100.00,100 גרם,false,1,10.90,10.90,true,1,
7296073238492,false,שמינית סוללות AAA שופרסל,פוג'יקום,CN,שמיניית סוללות,יחידה,1.00,יחידה,false,1,16.90,16.90,true,1,
7296073238546,false,פינצטה אלחלד אלכסון יח,TECHONGGIES TAIKONE,CN,פינצטה אלחלד,יחידה,1.00,יחידה,false,1,19.90,19.90,true,1,
7296073239239,false,כוסות קפה מנייר 50יח,---,CN,כוסות שתיה חמה,יחידה,1.00,יחידה,false,1,17.90,17.90,true,1,
7296073241522,false,ממחטות אף 100*5 יח,שניב תעשיות נייר,IL,ממחטות אף 5 יח,יחידה,1.00,יחידה,false,1,10.00,10.00,true,1,
7296073241935,false,נייר טואלט סופר דיל48גל,שניב,IL,נ.טואלט סופר דיל,מטרים,860.00,100 מטר,false,1,44.90,5.22,true,1,
7296073242284,false,"קרם ידיים שופרסל 100 מ""ל",ש.שוורץ,IL,קרם ידיים שופרסל,מיליליטרים,100.00,"100 מ""ל",false,1,9.90,9.90,true,1,
7296073244905,false,טחינה משומשום מלא 500גרם,---,IL,טחינה שומשום מלא,גרמים,500.00,100 גרם,false,1,13.90,2.78,true,1,
7296073246022,false,כפפות ויניל ללא אבקה M,אינטרסן,CN,כפפות ויניל,יחידה,1.00,יחידה,false,1,29.90,29.90,true,1,
7296073246039,false,כפפות ויניל ללא אבקה L,אינטרסן,CN,כפפות ויניל,יחידה,1.00,יחידה,false,1,29.90,29.90,true,1,
7296073246053,false,כרובית קפואה 800 גרם,פרי גליל,IL,כרובית קפואה,גרמים,800.00,100 גרם,false,1,14.90,1.86,true,1,
7296073246060,false,פולי סויה בקליפה 450 גרם,HEBEI,CN,פולי סויה,גרמים,450.00,100 גרם,false,1,12.90,2.87,true,1,
7296073246633,false,פרוסות אננס בסירופ קל227,CANNING FRUIT KUIBURI,TH,פרוסות אננס,גרמים,227.00,100 גרם,false,1,4.90,2.16,true,1,
7296073247500,false,רביולי גבינה 300 גרם,פסטה נונה,IL,רביולי גבינה,גרמים,300.00,100 גרם,false,1,13.90,4.63,true,1,
7296073248408,false,זוג מוצצי סיליקון +0,GMBH NTX,DE,זוג מוצצי,יחידה,1.00,יחידה,false,1,21.90,21.90,true,1,
7296073254102,false,טונה בשמן סויה 160*4 גרם,אסיאן אליאנס,TH,טונה בשמן 4 יח,גרמים,640.00,100 גרם,false,1,22.90,3.58,true,1,
7296073254133,false,"שמן זית פרימיום 750 מ""ל",אליעד בית בד בגולן,IL,שמן זית פרימיום,מיליליטרים,750.00,"100 מ""ל",false,1,36.90,4.92,true,1,
7296073254256,false,ערמונים אורגניים גרין100,CO FOODS LIYUAN HEBEI,CN,ערמונים אורגניים,גרמים,100.00,100 גרם,false,1,8.90,8.90,true,1,
7296073254263,false,מיני פיצה מרגריטה  6יח,שופרסל,IT,פיצות אישיות,גרמים,480.00,100 גרם,false,1,21.90,4.56,true,1,
7296073261384,false,"אל סבון  מעורב 500*3 מ""ל",טאהא קימיה,TR,אל סבון נוזלי3יח,ליטרים,1.50,ליטר,false,1,12.90,8.60,true,1,
7296073262916,false,תרסיס שמן זית כתית 150מל,S.L AEROLS FOOD,ES,תרסיס שמן זית,מיליליטרים,150.00,"100 מ""ל",false,1,15.90,10.60,true,1,
7296073263173,false,אבקת כביסה בייבי 2.5 קג,גליל כימיקלים,IL,אבקת כביסה בייבי,קילוגרמים,2.50,"ק""ג",false,1,24.90,9.96,true,1,
7296073263463,false,מרק כתום מצונן 550 גרם,"סי.אי.פי מבוא חורון בע""מ",IL,מרק כתום מצונן,גרמים,550.00,100 גרם,false,1,17.90,3.25,true,1,
7296073263913,false,ליצ'י שלם בסירופ קל 567ג,זאנגזו גאנגצ'נג,CN,ליצ'י בסירופ קל,גרמים,567.00,100 גרם,false,1,8.90,1.57,true,1,
7296073265184,false,שקית אשפה ריחנית גדולה,גליל כימיקלים,IL,שקיות אשפה,יחידה,1.00,יחידה,false,1,19.90,19.90,true,1,
7296073266587,false,פירורי לחם תיב.מרוקאי350,"חטיפים מן הטבע בע""\מ",IL,פירורי לחם,גרמים,350.00,100 גרם,false,1,9.90,2.83,true,1,
7296073266983,false,חטיף בוטנים ללא גלוטן25ג,סנקי,IL,חטיף בוטנים,גרמים,25.00,100 גרם,false,1,2.50,10.00,true,1,
7296073267195,false,צמר גפן רפואי שופרס100*2,SANAVI A.P,TR,זוג צמר גפן,גרמים,200.00,100 גרם,false,1,12.90,6.45,true,1,
7296073268925,false,נייר טואלט דו שכבתי16גל,שניב תעשיות נייר,IL,נייר טואלט,מטרים,573.00,100 מטר,false,1,34.90,6.09,true,1,
7296073269991,false,שמן זרעי ענבים מזוכך1ל,"אוליפיציו סלוודורי בע""מ",IT,שמן זרעי ענבים,ליטרים,1.00,ליטר,false,1,42.90,42.90,true,1,
7296073270287,false,תבנית אלומיניום אינגליש,,IL,תבניות אינגליש,יחידה,1.00,יחידה,false,1,14.90,14.90,true,1,
7296073270294,false,תבנית אלומיניום מוארכת 9,,IL,תבניות מלבניות,יחידה,1.00,יחידה,false,1,14.90,14.90,true,1,
7296073270300,false,תבנית אלומיניום קטנה 15י,,IL,תבניות אלומיניום,יחידה,1.00,יחידה,false,1,14.90,14.90,true,1,
7296073270317,false,תבנית אלומיניום עגולה 7,,IL,תבניות עגולות,יחידה,1.00,יחידה,false,1,14.90,14.90,true,1,
7296073270348,false,תבנית אלומיניום קטנה 10י,,IL,תבניות קטנות,יחידה,1.00,יחידה,false,1,14.90,14.90,true,1,
7296073270423,false,מיכל 1 ליטר 5 יחידות,,CN,מיכל 1 ליטר,יחידה,1.00,יחידה,false,1,12.90,12.90,true,1,
7296073270980,false,"ופל בטעם לימון ללת""ס200ג",מנעמים,IL,"ופל לימון ללת""ס",גרמים,200.00,100 גרם,false,1,8.50,4.25,true,1,
7296073271550,false,ממרח עגבניות מיובשות190ג,SPA POLLI F.LLI,IT,ממרח עגבניות,גרמים,190.00,100 גרם,false,1,12.90,6.79,true,1,
7296073272496,false,נייר טואלט דו שכבתי32גל,שניב תעשיות נייר,IL,נייר טואלט 32גל,מטרים,573.00,100 מטר,false,1,33.90,5.92,true,1,
7296073273226,false,גפילטע פיש 400 גרם,"דג עים בע""מ",IL,גפילטע פיש מצונן,גרמים,400.00,100 גרם,false,1,32.90,8.23,true,1,
7296073273356,false,עוג.בוטנים מצופהכשלפ400ג,---,IL,עוגיות בוטנים,גרמים,400.00,100 גרם,false,1,18.90,4.73,true,1,
7296073273370,false,עוג.קוקוס מצופה כשלפ400,---,IL,עוגיות קוקוס,גרמים,400.00,100 גרם,false,1,18.90,4.73,true,1,
7296073273424,false,גבינת עיזים הולנדית 200ג,ROUVEEN,NL,גבינת עיזים,גרמים,200.00,100 גרם,false,1,26.90,13.45,true,1,
7296073273714,false,סילאן אורגני טבעי,טעמי הגליל,IL,סילאן אורגני,גרמים,500.00,100 גרם,false,1,19.90,3.98,true,1,
7296073273844,false,מפות אל בד מקופלות חלק 4,,CN,מפות אל בד,יחידה,1.00,יחידה,false,1,14.90,14.90,true,1,
7296073277248,false,מגבונים ללא בישום 64*5יח,דינמיק,IL,מגבונים לחים 5יח,יחידה,1.00,יחידה,false,1,22.90,22.90,true,1,
7296073277255,false,מארז מגבונים לחים 6 יח,דינמיק,IL,מארז מגבוניםלחים,יחידה,1.00,יחידה,false,1,19.90,19.90,true,1,
7296073281696,false,מגבוני טואלט לילד 40*3יח,---,IL,"מגבוני נ""ט לילד",יחידה,1.00,יחידה,false,1,11.90,11.90,true,1,
7296073281894,false,מרכך לשיער מוחלק 750מל,"א.מ.ש.י תעשיות בע""מ",IL,מרכך שופרסל,מיליליטרים,750.00,"100 מ""ל",false,1,19.90,2.65,true,1,
7296073285267,false,"סכין שקוף עבה ח""פ 100 יח",,CN,סכינים שקופים,יחידה,1.00,יחידה,false,1,17.90,17.90,true,1,
7296073285298,false,"כף שקוף עבה ח""פ 100 יח",,CN,כפות שקופות,יחידה,1.00,יחידה,false,1,17.90,17.90,true,1,
7296073285397,false,נר נשמה 24 שעות יחידה,CANDLE ITBRIGHT,CN,נר נשמה 24 שעות,יחידה,1.00,יחידה,false,1,2.50,2.50,true,1,
7296073285403,false,נרות חימום בשקית 50 יח,CANDLE ITBRIGHT,CN,נרות חימום בשקית,יחידה,1.00,יחידה,false,1,11.90,11.90,true,1,
7296073285427,false,שקית אשפה ריחנית לפח קטן,אשפלסט,IL,שקיות אשפה,יחידה,1.00,יחידה,false,1,12.90,12.90,true,1,
7296073285953,false,אורז בסמ.מלא אורג.גרין1ק,קהמן,IN,אורז בסמטי אורגנ,קילוגרמים,1.00,"ק""ג",false,1,17.90,17.90,true,1,
7296073286011,false,אורז פרסי זיפר שופרסל1קג,ltd co produce Uthai,TH,אורז פרסי,קילוגרמים,1.00,"ק""ג",false,1,7.90,7.90,true,1,
7296073286035,false,"אורז תאילנדי זיפר 1 ק""ג",ltd co produce Uthai,TH,אורז תאילנדי,קילוגרמים,1.00,"ק""ג",false,1,6.50,6.50,true,1,
7296073286042,false,אורז יסמין זיפר שופרסל1ק,ltd co produce Uthai,TH,אורז יסמין,קילוגרמים,1.00,"ק""ג",false,1,10.90,10.90,true,1,
7296073286073,false,"אורז בסמטי בצנצנת 1 ק""ג",SETIA LAL CHAMAN,IN,אורז בסמטי,קילוגרמים,1.00,"ק""ג",false,1,14.90,14.90,true,1,
7296073286349,false,שקיות אשפה חזקות L 55 יח,אשפלסט,IL,שקיות אשפה,יחידה,1.00,יחידה,false,1,19.90,19.90,true,1,
7296073286493,false,צמד פטריות פורטובלה ושמפ,מרינה,IL,צמד פטריות פורטו,גרמים,420.00,100 גרם,false,1,16.90,4.02,true,1,
7296073286509,false,פטריות שמפניון,---,IL,פטריות שמפניון,גרמים,220.00,100 גרם,false,1,9.90,4.50,true,1,
7296073288756,false,תירס ארוז,קטיף.,IL,תירס ארוז,קילוגרמים,0.00,"ק""ג",true,1,9.90,9.90,true,1,
7296073289586,false,נייר סנדוויץ 100 יחידות,שניב,IL,נייר סנדוויץ,יחידה,1.00,יחידה,false,1,12.90,12.90,true,1,
7296073289739,false,שקיות צליה שופרסל 10 יח,,TR,שקיות צליה,יחידה,1.00,יחידה,false,1,5.90,5.90,true,1,
7296073290803,false,חציל קלוי על האש 650 גרם,בלו גלו,TR,חציל קלוי,גרמים,650.00,100 גרם,false,1,11.90,1.83,true,1,
7296073290827,false,פלפלים ירוקים כבושים650ג,בלו גלו,TR,פלפלים ירוקים,גרמים,650.00,100 גרם,false,1,11.90,1.83,true,1,
7296073290858,false,"קרם קוקוס שופרסל 400 מ""ל",COCONUT THAI,TH,קרם קוקוס,מיליליטרים,400.00,"100 מ""ל",false,1,7.50,1.88,true,1,
7296073291084,false,עוגיות דניות עם חמאה 150,BAKERY JACOBSENS,DK,עוגיות חמאה בפח,גרמים,150.00,100 גרם,false,1,13.90,9.27,true,1,
7296073291244,false,חומץ 5%,מיטב,IL,חומץ 5%,ליטרים,1.00,ליטר,false,1,6.50,6.50,true,1,
7296073291251,false,מיץ לימון משומר 1 ליטר,---,IL,מיץ לימון משומר,ליטרים,1.00,ליטר,false,1,8.90,8.90,true,1,
7296073291992,false,חסה סלנובה הידרופונית,כרמלים שדות חדשים,IL,חסה סלנובה,גרמים,160.00,100 גרם,false,1,12.90,8.06,true,1,
7296073292012,false,אננס ראש,קטיף.,IL,אננס ראש,קילוגרמים,0.00,"ק""ג",true,1,29.90,29.90,true,1,
7296073292807,false,תפוח אדמה זני השף,גידולי אגו,IL,"תפו""א זני השף",קילוגרמים,0.00,"ק""ג",true,1,7.90,7.90,true,1,
7296073292906,false,פירורי לחם מוזהב.זיפר350,מאפיית דוידוביץ ובניו בע,IL,פירורי לחם מוזהב,גרמים,350.00,100 גרם,false,1,7.50,2.14,true,1,
7296073292913,false,פירורי לחם לבן זיפר350גר,חטיפים מן הטבע,IL,פירורי לחם לבן,גרמים,350.00,100 גרם,false,1,7.50,2.14,true,1,
7296073295655,false,"שוק.חלב ללת""ס שופרסל100ג",,IT,"שוקולד חלב ללת""ס",גרמים,100.00,100 גרם,false,1,9.90,9.90,true,1,
7296073296751,false,שמרים יבשים 125 גרם,---,TR,שמרים יבשים,גרמים,125.00,100 גרם,false,1,4.50,3.60,true,1,
7296073297802,false,קולה מצונן,,IL,קולה מצונן,ליטרים,1.50,ליטר,false,1,8.20,5.47,true,1,
7296073320388,false,עלי בייבי 120גרם,---,IL,עלי בייבי 120גרם,גרמים,120.00,100 גרם,false,1,10.90,9.08,true,1,
7296073320395,false,עלי תרד בייבי 200גרם,---,IL,עלי תרד בייבי,גרמים,200.00,100 גרם,false,1,10.90,5.45,true,1,
7296073321231,false,אבקת סוכר שופרסל 100 גרם,א.ל ייצור ושיווק תבלינים,IL,אבקת סוכר שופרסל,גרמים,100.00,100 גרם,false,1,2.50,2.50,true,1,
7296073321521,false,מינוט אנטריקוט דק דק 300,בלדי,IL,מינוט אנטריקוטדק,גרמים,300.00,100 גרם,false,1,31.90,10.63,true,1,
7296073321637,false,"מיץ ענבים תירוש 750 מ""ל",יקבי ירושלים,IL,מיץ ענבים תירוש,מיליליטרים,750.00,"100 מ""ל",false,1,13.90,1.85,true,1,
7296073322450,false,לזניה 4גבינות ברוטב300ג,פסטה נונה,IL,לזניה 4גבינות,גרמים,300.00,100 גרם,false,1,17.90,5.97,true,1,
7296073322580,false,מיץ ענבים תירוש 1 ליטר,יקבי ירושלים,IL,מיץ ענבים תירוש,ליטרים,1.00,ליטר,false,1,15.50,15.50,true,1,
7296073322979,false,בוטנים מצופים קלויים50ג,ששון ושות'\ )ש.ת. תעשיות,IL,בוטנים אמריקאים,גרמים,50.00,100 גרם,false,1,2.50,5.00,true,1,
7296073323044,false,תה ירוק לימונ.לואיזה37.5,עדנים,IL,תה ירוק לימונית,גרמים,37.00,100 גרם,false,1,14.90,40.27,true,1,
7296073323235,false,בוטנים גרוסים 100 גרם,---,IL,בוטנים גרוסים,גרמים,100.00,100 גרם,false,1,5.90,5.90,true,1,
7296073323242,false,אגוזי מלך טחונים 100גרם,---,IL,אגוז מלך 100גרם,גרמים,100.00,100 גרם,false,1,12.90,12.90,true,1,
7296073323259,false,פיסטוקים קלופים 100גרם,---,US,פיסטוק קלוף 100ג,גרמים,100.00,100 גרם,false,1,22.90,22.90,true,1,
7296073323587,false,עגבניה שרי וויטני,עידו נחום,IL,שרי וויטני,גרמים,460.00,100 גרם,false,1,10.90,2.37,true,1,
7296073323631,false,פריפלצת מחית מנגו בננ120,גו פרוסלבה,ES,מחית פירות,גרמים,120.00,100 גרם,false,1,4.90,4.08,true,1,
7296073323648,false,פריפלצת מחית בננ.תות120ג,גו פרוסלבה,ES,מחית פירות,גרמים,120.00,100 גרם,false,1,4.90,4.08,true,1,
7296073323655,false,פריפלצת מחית תפוח בננ120,גו פרוסלבה,ES,מחית פירות,גרמים,120.00,100 גרם,false,1,4.90,4.08,true,1,
7296073323662,false,פריפלצת מיקס פירות120ג,גו פרוסלבה,ES,מחית פירות,גרמים,120.00,100 גרם,false,1,4.90,4.08,true,1,
7296073323679,false,פריפלצת מחית אגס 120ג,גו פרוסלבה,ES,מחית פירות,גרמים,120.00,100 גרם,false,1,4.90,4.08,true,1,
7296073323877,false,לחמניות מקמח מלא 6יחידות,מאפית ברמן,IL,6לחמניות קמח מלא,גרמים,450.00,100 גרם,false,1,12.90,2.87,true,1,
7296073324027,false,מנצ'ס פיקנטי 200 גרם,FOODS HARVEST DEZHOU,CN,מנצ'ס פיקנטי,גרמים,200.00,100 גרם,false,1,11.90,5.95,true,1,
7296073324249,false,50 רצועות שעווה שופרסל,---,CN,רצועות שעווה,יחידה,1.00,יחידה,false,1,15.90,15.90,true,1,
7296073324850,false,צמד פטריות פורטובלה,---,IL,פטריות פורטובלו,גרמים,420.00,100 גרם,false,1,16.90,4.02,true,1,
7296073325123,false,חיתולים בייבי שלב 4 46יח,פיבי ספא,IT,חיתולים שלב 4,יחידה,1.00,יחידה,false,1,34.90,34.90,true,1,
7296073325154,false,30 חיתולים בייבי שלב 6,---,IT,חיתולים שלב 6,יחידה,1.00,יחידה,false,1,34.90,34.90,true,1,
7296073326748,false,גרעין אבטיח קלוי במלח200,---,IL,גרעין אבטיח קלוי,גרמים,200.00,100 גרם,false,1,14.90,7.45,true,1,
7296073327448,false,קמח לבן מנופה זיפר 1קג,בר רב מפעלי תעשייה והשקע,IL,קמח לבן בהיר,קילוגרמים,1.00,"ק""ג",false,1,7.90,7.90,true,1,
7296073327455,false,קמח תופח מנופה זיפר 1 קג,בר רב מפעלי תעשיה,IL,קמח תופח מנופה,קילוגרמים,1.00,"ק""ג",false,1,8.90,8.90,true,1,
7296073327479,false,קמח ח.מלאה מנופה זיפר1קג,בר רב מפעלי תעשייה והשקע,IL,קמח מלא זיפר,קילוגרמים,1.00,"ק""ג",false,1,8.90,8.90,true,1,
7296073340096,false,שמפו מפרץ הרפתקאות 1ליטר,---,TR,שמפו לילדים,ליטרים,1.00,ליטר,false,1,16.90,16.90,true,1,
7296073340249,false,תבניות ענקיות 15 יחידות,,CN,תבניות אלומיניום,יחידה,1.00,יחידה,false,1,30.00,30.00,true,1,
7296073340256,false,תבנית אלומיניום גדולה 25,,CN,תבניות גדולות,יחידה,1.00,יחידה,false,1,30.00,30.00,true,1,
7296073340324,false,אטבים מעוצבים9 יחידות,מ.א. מטליות,CN,אטבי כביסה,יחידה,1.00,יחידה,false,1,5.90,5.90,true,1,
7296073340331,false,גליל מטליות אקולוגי 40יח,נועם אורים,IL,גליל מטליות,יחידה,1.00,יחידה,false,1,22.90,22.90,true,1,
7296073341109,false,בננה מובחרת מחיר לפי משק,דר בננה,IL,בננה מובחרת,קילוגרמים,0.00,"ק""ג",true,1,7.90,7.90,true,1,
7296073341697,false,ממחטות אף לכיס 10 יחידות,שניב תעשיות נייר,IT,ממחטות אף לכיס,יחידה,1.00,יחידה,false,1,8.90,8.90,true,1,
7296073342335,false,שקדים מולבנים חצויים100ג,---,US,שקדים מולבן חצוי,גרמים,100.00,100 גרם,false,1,13.90,13.90,true,1,
7296073342496,false,דלעת ארוזה,קטיף.,IL,דלעת ארוזה,קילוגרמים,0.00,"ק""ג",true,1,10.90,10.90,true,1,
7296073342892,false,פטוצ'יני אלפרדו 300 גרם,---,IT,פטוצ'ני אלפרדו,גרמים,300.00,100 גרם,false,1,19.90,6.63,true,1,
7296073342922,false,קורנביף 120 גרם,---,IL,קורנביף 120גרם,גרמים,120.00,100 גרם,false,1,16.90,14.08,true,1,
7296073342939,false,סלמי צרפתי 120גרם,מעדני יחיעם,IL,סלמי צרפתי120גרם,גרמים,120.00,100 גרם,false,1,16.90,14.08,true,1,
7296073342946,false,סלמי סרוולט 120גרם,מעדני יחיעם,IL,סלמי סרוולט,גרמים,120.00,100 גרם,false,1,16.90,14.08,true,1,
7296073342953,false,כתף בקר מפולפל 100 גרם,מעדני יחיעם,IL,כתף בקר 100גרם,גרמים,100.00,100 גרם,false,1,18.90,18.90,true,1,
7296073343134,false,אלסבון מ.הרפתקאות ורוד1ל,אמיליה קוסמטיקס,TR,אל סבון ורוד,ליטרים,1.00,ליטר,false,1,16.90,16.90,true,1,
7296073343165,false,קפסולות קפה עם הל,רוני רג'ואן ושות,IL,קפסולות קפה,גרמים,50.00,100 גרם,false,1,15.90,31.80,true,1,
7296073343196,false,קפסולות קפה בטעם שקדים,רוני רג'ואן ושות,IL,קפסולות קפה,גרמים,50.00,100 גרם,false,1,15.90,31.80,true,1,
7296073343202,false,פריכיות כוסמת שופרסל160ג,פרח תעשיות מזון,IL,פריכיות כוסמת,גרמים,160.00,100 גרם,false,1,9.90,6.19,true,1,
7296073343219,false,פריכיות אורז מלא 310 גרם,פרח תעשיות מזון,IL,פריכיות שופרסל,גרמים,310.00,100 גרם,false,1,16.90,5.45,true,1,
7296073344551,false,מטען לרכב טייפ C  יחידה,פוג'יקום,CN,מטען לרכב,יחידה,1.00,יחידה,false,1,59.90,59.90,true,1,
7296073344742,false,ספגטי בולונז שופרסל 500,סי.אי.פי מבוא חורון,IL,ספגטי בולונז,גרמים,500.00,100 גרם,false,1,37.90,7.58,true,1,
7296073345121,false,לחמניות ללא גלוטן  90*4ג,גידרון,IL,לחמניות אצבע,גרמים,360.00,100 גרם,false,1,15.90,4.42,true,1,
7296073345299,false,משחת שיניים מלבינה 100מל,---,BG,משחת שיניים,מיליליטרים,100.00,"100 מ""ל",false,1,10.90,10.90,true,1,
7296073345312,false,"משחת שיניים פרש 100 מ""ל",---,BG,משחת שיניים,מיליליטרים,100.00,"100 מ""ל",false,1,8.90,8.90,true,1,
7296073345732,false,טופו אורגני 300 גרם,"משק ויילר בע""\מ",IL,טופו אורגני,גרמים,300.00,100 גרם,false,1,13.90,4.63,true,1,
7296073345800,false,בייגלה שטוח עם מלח 200 ג,---,IL,בייגלה שטוח,גרמים,200.00,100 גרם,false,1,4.90,2.45,true,1,
7296073345817,false,בייגלה שטוח עם שומשום200,---,IL,בייגלה שטוח,גרמים,200.00,100 גרם,false,1,4.90,2.45,true,1,
7296073345879,false,פלפל ננסי,בייבי של ירקות,IL,פלפל ננסי,גרמים,200.00,100 גרם,false,1,8.90,4.45,true,1,
7296073346333,false,עוגות אישיות קרם חלב350ג,קסליני,IT,עוגות אישיות,גרמים,350.00,100 גרם,false,1,14.90,4.26,true,1,
7296073346340,false,עוגות אישיות קרם שוקו350,קסליני,IT,עוגות אישיות,גרמים,350.00,100 גרם,false,1,14.90,4.26,true,1,
7296073346777,false,שקיות רב שימושיות 300 יח,אשפלסט,IL,שקיות רב שימושי,יחידה,1.00,יחידה,false,1,13.50,13.50,true,1,
7296073347453,false,פטרוזליה יחידה,תנובות לכיש,IL,פטרוזליה,יחידה,1.00,יחידה,false,1,4.90,4.90,true,1,
7296073347460,false,שמיר יחידה,תנובות לכיש,IL,שמיר,יחידה,1.00,יחידה,false,1,4.90,4.90,true,1,
7296073347477,false,כוסברה,תנובות לכיש,IL,כוסברה,יחידה,1.00,יחידה,false,1,4.90,4.90,true,1,
7296073347484,false,נענע,תנובות לכיש,IL,נענע,יחידה,1.00,יחידה,false,1,4.90,4.90,true,1,
7296073347965,false,מיקס פירות טרופים 250גרם,---,IL,מיקס פ.טרופיים,גרמים,250.00,100 גרם,false,1,19.90,7.96,true,1,
7296073348238,false,מטהר אויר נטול גז לבנדר,---,IL,מטהר אויר נ.גז,מיליליטרים,350.00,"100 מ""ל",false,1,11.90,3.40,true,1,
7296073352822,false,מפיות דו שכבתי 50 יחידות,---,IL,מפיות אירוח,יחידה,1.00,יחידה,false,1,7.90,7.90,true,1,
7296073359234,false,גרעיני תירס מתוק 340 גרם,---,HU,גרעיני תירס מתוק,גרמים,340.00,100 גרם,false,1,5.90,1.74,true,1,
7296073359852,false,עוגיות גרנולה 500 גרם,---,IL,עוגיות גרנולה,גרמים,500.00,100 גרם,false,1,16.90,3.38,true,1,
7296073359876,false,עוג.פרפריות ט.שוקולד500ג,---,IL,עוגיות פרפריות,גרמים,500.00,100 גרם,false,1,16.90,3.38,true,1,
7296073361442,false,"מטליות היגיניות רב""ש 5יח",נועם אורים,IL,מטלית הגיניות,יחידה,1.00,יחידה,false,1,11.90,11.90,true,1,
7296073362036,false,אבקת שוקו מפרץ ההרפתקאות,---,IL,אבקת שוקו,גרמים,500.00,100 גרם,false,1,11.80,2.36,true,1,
7296073362111,false,פטוצ'יני מצונן 300 גרם,---,IL,פטוצ'יני מצונן,גרמים,300.00,100 גרם,false,1,9.90,3.30,true,1,
7296073362722,false,מג'דרה 550 גרם,---,IL,מג'דרה 550 גרם,גרמים,550.00,100 גרם,false,1,23.90,4.34,true,1,
7296073362739,false,חמאת בוטנים 510 גרם,---,IN,חמאת בוטנים,גרמים,510.00,100 גרם,false,1,14.90,2.92,true,1,
7296073362746,false,חמאת בוטנים שב.בוטנים510,---,IN,חמאת בוטנים,גרמים,510.00,100 גרם,false,1,14.90,2.92,true,1,
7296073362777,false,סלרי עלים,תנובות לכיש,IL,סלרי עלים,יחידה,1.00,יחידה,false,1,6.90,6.90,true,1,
7296073362791,false,שורש פטרוזיליה,תנובות לכיש,IL,שורש פטרוזיליה,יחידה,1.00,יחידה,false,1,6.90,6.90,true,1,
7296073362944,false,אבקת אפיה שופרסל 10*10 י,---,IL,אבקת אפיה 10 יח,גרמים,100.00,100 גרם,false,1,3.30,3.30,true,1,
7296073362951,false,סוכר וניל שופרסל 10*10גר,"י. כהן בע""\מ",IL,סוכר וניל  10 יח,גרמים,100.00,100 גרם,false,1,3.40,3.40,true,1,
7296073364177,false,"שקיות זיפר 20*20 ס""מ",---,CN,שקיות זיפר 50יח,יחידה,1.00,יחידה,false,1,12.90,12.90,true,1,
7296073364320,false,אפונה זיפר שופרסל 500גרם,מיה,IL,אפונה שופרסל,גרמים,500.00,100 גרם,false,1,6.50,1.30,true,1,
7296073364337,false,בורגול זיפר שופרסל 500גר,מיה,IL,בורגול שופרסל,גרמים,500.00,100 גרם,false,1,5.60,1.12,true,1,
7296073364429,false,שעועית לבנה זיפר 500 גרם,---,IL,שעועית לבנה,גרמים,500.00,100 גרם,false,1,10.90,2.18,true,1,
7296073364528,false,"גריסים זיפר שופרסל 1 ק""ג",---,IL,גריסים,קילוגרמים,1.00,"ק""ג",false,1,8.50,8.50,true,1,
7296073364597,false,שעועית מש זיפר שופרסל500,---,IL,שעועית מש,גרמים,500.00,100 גרם,false,1,11.30,2.26,true,1,
7296073364641,false,שעועית אדומה זיפר 500גרם,מיה,IL,שעועית אדומה,גרמים,500.00,100 גרם,false,1,10.20,2.04,true,1,
7296073364658,false,סילאן טבעי לחיץ פרימ350ג,---,IL,סילאן טבעי לחיץ,גרמים,350.00,100 גרם,false,1,13.90,3.97,true,1,
7296073365099,false,"כוס גדולה לאירוח 330 מ""ל",,CN,כוסות גדולות,יחידה,1.00,יחידה,false,1,17.90,17.90,true,1,
7296073365563,false,פסטה קונקיליוני 500 גרם,---,IT,פסטה קונקיליוני,גרמים,500.00,100 גרם,false,1,11.90,2.38,true,1,
7296073365792,false,מאגדת מיני בר וניל 5 יח,גלידות פלדמן,IL,מאגדת מיני בר,גרמים,300.00,100 גרם,false,1,23.90,7.97,true,1,
7296073366614,false,ספריי שקוף לילדים SPF50,---,IL,ספריי שקוף לילדי,מיליליטרים,200.00,"100 מ""ל",false,1,47.90,23.95,true,1,
7296073367017,false,טונה שמן זית 80*3 גרם,---,TH,טונה בשמן זית3יח,גרמים,240.00,100 גרם,false,1,14.90,6.21,true,1,
7296073367147,false,סלצ'יצ'ה גריל 500 גרם,טיבון ויל אחזקות בעמ,IL,סלציצה 500 גרם,גרמים,500.00,100 גרם,false,1,29.90,5.98,true,1,
7296073367154,false,נקניקיות מרגז 400 גרם,טיבון ויל אחזקות בעמ,IL,נקניקיות מרגז,גרמים,400.00,100 גרם,false,1,19.90,4.98,true,1,
7296073367239,false,חטיף לכלב סושי עוף 80 גר,---,CN,חטיף לכלב,גרמים,80.00,100 גרם,false,1,17.90,22.38,true,1,
7296073368465,false,פיצה מרגריטה 320 גרם,סוילה אס.אר.אל,IT,פיצה מרגריטה,יחידה,1.00,יחידה,false,1,17.90,17.90,true,1,
7296073368472,false,פיצה מרגריטה עם זיתים יר,סוילה אס.אר.אל,IT,פיצה מרגריטה עם,גרמים,340.00,100 גרם,false,1,17.90,5.26,true,1,
7296073368809,false,כוסמת באריזת זיפר,מיה,IL,כוסמת,קילוגרמים,1.00,"ק""ג",false,1,12.90,12.90,true,1,
7296073368830,false,טורטיות מקמח חיטה 320 גר,---,RS,טורטייה,גרמים,320.00,100 גרם,false,1,9.90,3.09,true,1,
7296073368854,false,טורטיות מקמח חיטה מלא320,---,RS,טורטייה,גרמים,320.00,100 גרם,false,1,9.90,3.09,true,1,
7296073368892,false,לקט לחמין,מיה,IL,לקט לחמין,גרמים,500.00,100 גרם,false,1,10.90,2.18,true,1,
7296073368939,false,זרעי צ'יה 300 גרם,---,IL,זרעי צ'יה,גרמים,300.00,100 גרם,false,1,14.90,4.97,true,1,
7296073369035,false,קבוקים בציפוי שומשום400ג,---,IL,קבוקים שומשום,גרמים,400.00,100 גרם,false,1,11.90,2.98,true,1,
7296073369592,false,תרסיס חיטוי וניקוי 750מל,---,IL,תרסיס חיטוי כללי,מיליליטרים,750.00,"100 מ""ל",false,1,14.90,1.99,true,1,
7296073369615,false,תרסיס חיטוי אמבטיה 400מ,---,IL,תרסיס חיטוי אמבט,מיליליטרים,400.00,"100 מ""ל",false,1,22.90,5.73,true,1,
7296073369639,false,ערמונים קלופים קלויים100,---,CN,ערמונים קלופים,גרמים,100.00,100 גרם,false,1,6.90,6.90,true,1,
7296073372103,false,קפסולות מס RISTRETTO 10,DELICA,CH,קפסולות ריסטרטו,גרמים,50.00,100 גרם,false,1,15.90,31.80,true,1,
7296073373476,false,ברוקולי ארוז,---,IL,ברוקולי ארוז,גרמים,350.00,100 גרם,false,1,10.90,3.11,true,1,
7296073376798,false,"צלחות גדולות חד""פ",,GR,צלחת גדולה,יחידה,1.00,יחידה,false,1,39.90,39.90,true,1,
7296073377214,false,חסה לבבות קיסר,---,IL,חסה לבבות קיסר,גרמים,400.00,100 גרם,false,1,10.90,2.73,true,1,
7296073377269,false,פולי סויה אדממה 454 גרם,---,CN,פולי סויה אדממה,גרמים,454.00,100 גרם,false,1,12.90,2.84,true,1,
7296073378891,false,ביצי הפתעה מ.הרפתקאו20*3,SPA ZAINI LUIGI,IT,ביצי הפתעה,גרמים,60.00,100 גרם,false,1,13.90,23.17,true,1,
7296073379256,false,מרכך מרוכז EXOTIC 1 ליטר,---,IL,מרכך מרוכז ספא,ליטרים,1.00,ליטר,false,1,14.90,14.90,true,1,
7296073379263,false,מרכך מרוכז DIVING DEEP,---,IL,מרכך מרוכז ספא,ליטרים,1.00,ליטר,false,1,14.90,14.90,true,1,
7296073379270,false,מרכך מרוכז TOUCH VELVET,---,IL,מרכך מרוכז ספא,ליטרים,1.00,ליטר,false,1,14.90,14.90,true,1,
7296073379300,false,ג'ל כביסה מרוכז לבן 3 ל,---,IL,ג'ל כביסה מרוכז,ליטרים,3.00,ליטר,false,1,28.90,9.63,true,1,
7296073379317,false,ג'ל כביסה מרוכז ורוד3ל,---,IL,ג'ל כביסה מרוכז,ליטרים,3.00,ליטר,false,1,28.90,9.63,true,1,
7296073379331,false,רוטב לסלט ויניגרט חרדל,---,IL,ויניגרט חרדל,גרמים,280.00,100 גרם,false,1,12.90,4.61,true,1,
7296073379683,false,אגוז מוסקט טחון 40 גרם,א.ל ייצור ושיווק תבלינים,IL,אגוז מוסקט טחון,גרמים,40.00,100 גרם,false,1,16.90,42.25,true,1,
7296073380153,false,עגבניה שרי מנומר,עידו נחום,IL,שרי מנומר,גרמים,460.00,100 גרם,false,1,10.90,2.37,true,1,
7296073380931,false,ג'ל אלכוהול 70%בניחוח ים,---,TR,ג'ל אלכוהול 70%ב,מיליליטרים,500.00,"100 מ""ל",false,1,19.90,3.98,true,1,
7296073381075,false,מסכת פנים 3 שכבות 50 יחי,CO.LTD MATERIAL,CN,מסכת פנים חד פעמ,יחידה,1.00,יחידה,false,1,9.90,9.90,true,1,
7296073382355,false,שוקולד מריר 84% 100 גרם,פריי )שוקולד(,CH,שוקולד מריר 84%,גרמים,100.00,100 גרם,false,1,10.90,10.90,true,1,
7296073382386,false,שוקולד מריר 75% 100 גרם,"שוקולד פריי בע""מ",CH,שוקולד מריר 75%,גרמים,100.00,100 גרם,false,1,10.90,10.90,true,1,
7296073382416,false,שוקולד מריר 90% 100 גרם,"שוקולד פריי בע""מ",CH,שוקולד מריר 90%,גרמים,100.00,100 גרם,false,1,10.90,10.90,true,1,
7296073384755,false,מחית מנגו תפוח ציה 120גר,פרוסלה,ES,מחית מנגו תפוח,גרמים,120.00,100 גרם,false,1,5.90,4.92,true,1,
7296073384779,false,פריפלצת אגס גזר דלעת120,פרוסלה,ES,פריפלצת אגס גזר,גרמים,120.00,100 גרם,false,1,4.90,4.08,true,1,
7296073385752,false,קשיו קלויים ומומלח200ג,פיצוחי ציון,IL,קשיו קלוי ומומלח,גרמים,200.00,100 גרם,false,1,23.90,11.95,true,1,
7296073386018,false,אגוזי מלך קלוף טבעי 150ג,פיצוחי ציון,US,אגוזי מלך טבעי,גרמים,150.00,100 גרם,false,1,13.90,9.27,true,1,
7296073386063,false,סכיני גילוח חד'פ לנשים 2,EDGEWELL,US,סכין גילוח 5 להב,יחידה,1.00,יחידה,false,1,24.90,24.90,true,1,
7296073386100,false,בוטן קלוף קלוי וממולח300,פיצוחי ציון,IL,בוטן קלוף קלוי,גרמים,300.00,100 גרם,false,1,11.90,3.96,true,1,
7296073386148,false,גרעין חמניה קלוי וממולח,פיצוחי ציון,IL,גרעין חמניה קלוי,גרמים,150.00,100 גרם,false,1,7.80,5.20,true,1,
7296073386162,false,בננה ציפס 250גרם,פיצוחי ציון,IL,בננה ציפס,גרמים,250.00,100 גרם,false,1,11.90,4.76,true,1,
7296073386247,false,עלי גפן ממולא.אורז 400 ג,אגה אזיר איסק סאניי,TR,עלי גפן ממולאים,גרמים,400.00,100 גרם,false,1,8.70,2.18,true,1,
7296073386414,false,נוזל לניקוי חלונות 1ליטר,---,IL,נוזל לחלונות,ליטרים,1.00,ליטר,false,1,8.90,8.90,true,1,
7296073388531,false,ביצי הפתעה 20*3ג LOL,---,IT,ביצי הפתעה LOL,גרמים,60.00,100 גרם,false,1,13.90,23.17,true,1,
7296073388555,false,חליטת קמומיל 32.5 גרם,---,IL,חליטת קמומיל,גרמים,32.00,100 גרם,false,1,12.90,40.31,true,1,
7296073388845,false,שוק.מריר+קרם פירות100ג,"שוקולד פריי בע""מ",CH,שוקולד ממולא,גרמים,100.00,100 גרם,false,1,10.90,10.90,true,1,
7296073389996,false,פריכיות קטנ.בציפוי חלב60,NETHERLANDS SANORICE,NL,פריכיות קטנות,גרמים,60.00,100 גרם,false,1,7.90,13.17,true,1,
7296073390213,false,ברנפלקס שופרסל 500 גרם,בריגן קי. ג'י,DE,ברנפלקס,גרמים,500.00,100 גרם,false,1,17.90,3.58,true,1,
7296073390244,false,יוגורט 2% נטול לקטוז150ג,,GR,יוגורט ללא לקטוז,גרמים,150.00,100 גרם,false,1,5.90,3.93,true,1,
7296073390299,false,בייבי מוצרלה שופרסל150ג,---,IL,בייבי מוצרלה,גרמים,200.00,100 גרם,false,1,12.90,6.45,true,1,
7296073390558,false,מטען קיר כפול אפל  2.1A,---,CN,מטען קיר כפול,יחידה,1.00,יחידה,false,1,49.90,49.90,true,1,
7296073390565,false,מטען קיר כפול  TYPE 2.1A,---,CN,מטען קיר כפול,יחידה,1.00,יחידה,false,1,49.90,49.90,true,1,
7296073390626,false,כבל  מיקרו  2M,---,CN,כבל  מיקרו  2M,יחידה,1.00,יחידה,false,1,29.90,29.90,true,1,
7296073390640,false,כבל  אייפון 2M,---,CN,כבל  אייפון 2M,יחידה,1.00,יחידה,false,1,29.90,29.90,true,1,
7296073390930,false,עוף סצ'ואן שופרסל 550 גר,סי.אי.פי מבוא חורון,IL,עוף סצ'ואן,גרמים,550.00,100 גרם,false,1,37.90,6.89,true,1,
7296073391654,false,מגבונים לחיטוי וניקוי50י,טרופיקל,IL,מגבונים לניקוי,יחידה,1.00,יחידה,false,1,14.90,14.90,true,1,
7296073392934,false,נייר טואלט גליל כפול24יח,---,IL,נייר טואלט 24 גל,מטרים,860.00,100 מטר,false,1,46.90,5.45,true,1,
7296073394662,false,אבוקדו בשל מוכן לאכילה,"מור בריאות בע""מ",IL,אבוקדו בשל,יחידה,1.00,יחידה,false,1,9.90,9.90,true,1,
7296073395157,false,משקה אנרגיהFIREשופרסל250,אקו וויט,PL,משקה אנרגיה,מיליליטרים,250.00,"100 מ""ל",false,1,3.60,1.44,true,1,
7296073396253,false,כבל סנכרון וטעינה 2 מטר,בסט סין,CN,משטח כבל סנכרון,יחידה,1.00,יחידה,false,1,14.90,14.90,true,1,
7296073396314,false,בייבי גאודה עיזים 280 גר,---,NL,בייבי גאודה,גרמים,280.00,100 גרם,false,1,36.90,13.18,true,1,
7296073396611,false,מאגדת שרבט מנגו 5 יח',---,IL,מאגדת שרבט מנגו,גרמים,350.00,100 גרם,false,1,26.90,7.69,true,1,
7296073396628,false,מאגדת מיני בר ש.לבן 5 יח,גלידות פלדמן,IL,מאגדת מיני בר ש.,גרמים,300.00,100 גרם,false,1,23.90,7.97,true,1,
7296073396642,false,מאגדת שרבט אבטיח עלמקל,---,IL,מאגדת שרבט אבטיח,גרמים,500.00,100 גרם,false,1,21.90,4.38,true,1,
7296073396819,false,אייס קפה קר אספרסו 250מ,ברגלנד מילך,AT,אייס קפה אספרסו,מיליליטרים,250.00,"100 מ""ל",false,1,6.60,2.64,true,1,
7296073396826,false,"אייס קפה קר לאטה 250 מ""ל",ברגלנד מילך,AT,אייס קפה קר לאטה,מיליליטרים,250.00,"100 מ""ל",false,1,6.60,2.64,true,1,
7296073396833,false,אייס קפה קר קפוצינו 250מ,ברגלנד מילך,AT,אייס קפה קפוצינו,מיליליטרים,250.00,"100 מ""ל",false,1,6.60,2.64,true,1,
7296073396857,false,אריסה מתוקה שופרסל 250 ג,א.ל. ייצור ושיווק תבליני,IL,אריסה מתוקה,גרמים,250.00,100 גרם,false,1,13.90,5.56,true,1,
7296073396918,false,סחוג ירוק,---,IL,סחוג ירוק,גרמים,130.00,100 גרם,false,1,8.90,6.85,true,1,
7296073397359,false,מנקה שרותים פשוט יחידה,TYF סחר,CN,מנקה שרותים פשוט,יחידה,1.00,יחידה,false,1,10.00,10.00,true,1,
7296073397403,false,מקל מחוזק אפור/אדום יחיד,TYF סחר,IT,מקל מחוזק,יחידה,1.00,יחידה,false,1,5.90,5.90,true,1,
7296073398042,false,50כוס שתיה קרה מעוטר לבן,,IL,כוסות שתייה,יחידה,1.00,יחידה,false,1,18.90,18.90,true,1,
7296073398509,false,אצבעות שוקולד שופרסל200ג,---,FR,אצבעות שוקולד,גרמים,200.00,100 גרם,false,1,11.90,5.95,true,1,
7296073398646,false,סלט טונה עם ירקות 250 גר,---,IL,סלט טונה,גרמים,250.00,100 גרם,false,1,19.90,7.96,true,1,
7296073398660,false,סלט חציל תאילנדי 250 גרם,---,IL,סלט חציל תאילנדי,גרמים,250.00,100 גרם,false,1,13.90,5.56,true,1,
7296073398684,false,חציל במיונז שופרסל 250 ג,---,IL,סלט במיונז,גרמים,250.00,100 גרם,false,1,12.90,5.16,true,1,
7296073398691,false,חומוס אבו גוש שופרסל 250,---,IL,חומוס אבו גוש,גרמים,250.00,100 גרם,false,1,12.90,5.16,true,1,
7296073398707,false,חומוס מסבחה שופרסל 250 ג,---,IL,חומוס מסבחה,גרמים,250.00,100 גרם,false,1,12.90,5.16,true,1,
7296073398806,false,גלידת שמנת שוקולדבראוניס,DESSERT DE,NL,גלידת שמנת שוקול,מיליליטרים,500.00,"100 מ""ל",false,1,21.90,4.38,true,1,
7296073398837,false,קפסולות לונגו8 נספרסו50ג,DELICA,CH,קפסולות לונגו,גרמים,50.00,100 גרם,false,1,15.90,31.80,true,1,
7296073398875,false,קרם קרקר 250 גרם,"אפיפית נצרת (1971) בע""\מ",IL,קרם קרקר,גרמים,250.00,100 גרם,false,1,8.70,3.48,true,1,
7296073398912,false,דלי פייה יחידה,TYF סחר,IT,דלי פייה,יחידה,1.00,יחידה,false,1,11.90,11.90,true,1,
7296073398974,false,רביעיית סוללות AA,בסט סין,CN,רביעיית סוללותAA,יחידה,1.00,יחידה,false,1,9.90,9.90,true,1,
7296073399001,false,שמינייה סוללות AAA,בסט סין,CN,שמינייה סוללות,יחידה,1.00,יחידה,false,1,16.90,16.90,true,1,
7296073399544,false,חלב נטול לקטוז2% 1 ליטר,מחלבות רמת הגולן,IL,חלב נטול לקטוז,ליטרים,1.00,ליטר,false,1,8.90,8.90,true,1,
7296073400103,false,מטאטא אנטי שוק יחידה,מיקסליר,IT,מטאטא,יחידה,1.00,יחידה,false,1,21.90,21.90,true,1,
7296073400141,false,יעה יח,נינגבו ארט,CN,יעה,יחידה,1.00,יחידה,false,1,5.90,5.90,true,1,
7296073400172,false,יעה+מקל מתקפל יח,מיקסליר,IT,יעה+מקל מתקפל יח,יחידה,1.00,יחידה,false,1,14.90,14.90,true,1,
7296073401063,false,שמן חמניות 1 ליטר,ברוקלמן,DE,שמן חמניות,ליטרים,1.00,ליטר,false,1,13.90,13.90,true,1,
7296073401568,false,סלט טחינה שופרסל 250 גרם,"סלטי שמיר 2006 בע""\מ",IL,סלט טחינה,גרמים,250.00,100 גרם,false,1,12.90,5.16,true,1,
7296073401575,false,חומוס מסעדות שופרסל250ג,"סלטי שמיר 2006 בע""\מ",IL,חומוס מסעדות,גרמים,250.00,100 גרם,false,1,12.90,5.16,true,1,
7296073402664,false,קמח מצה לעוגה דק 500 גרם,אם החיטה,IL,קמח מצה לעוגה,גרמים,500.00,100 גרם,false,1,10.00,2.00,true,1,
7296073402886,false,גלידת וניל של פעם,פלקו,IL,גלידת וניל,ליטרים,1.40,ליטר,false,1,19.90,14.21,true,1,
7296073403180,false,רוטב רוזה15% שופרסל 250מ,מחלבות רמת הגולן,IL,רוטב רוזה,מיליליטרים,250.00,"100 מ""ל",false,1,9.90,3.96,true,1,
7296073404279,false,"צלחת גדולה 1 ק""ג כ66- יח",,GR,צלחות גדולות,קילוגרמים,1.00,"ק""ג",false,1,44.90,44.90,true,1,
7296073404712,false,איטר.אורז רחב שופרסל400ג,---,CN,איטריות אורז רחב,גרמים,400.00,100 גרם,false,1,11.50,2.88,true,1,
7296073404729,false,איט.אורז צרות שופרסל400ג,---,CN,איטריות אורז צר,גרמים,400.00,100 גרם,false,1,11.50,2.88,true,1,
7296073405481,false,שקיות אשפה חזקות XL 25,---,IL,שקיות אשפה,יחידה,1.00,יחידה,false,1,22.90,22.90,true,1,
7296073406594,false,לחמניות כוסמין מלאות 6יח,---,IL,לחמניות כוסמין,גרמים,450.00,100 גרם,false,1,14.90,3.31,true,1,
7296073407263,false,נוזל רצפה נ.מרכך99% חיטו,---,IL,נוזל רצפות נ.מרכ,ליטרים,2.00,ליטר,false,1,19.90,9.95,true,1,
7296073407560,false,תמר סופר עסיסי,קטיף.,IL,תמר מגהול עסיסי,גרמים,500.00,100 גרם,false,1,29.90,5.98,true,1,
7296073407812,false,יוגורט יווני אפרסק 150 ג,S.A MEVGAL,GR,יוגורט יווני,גרמים,150.00,100 גרם,false,1,5.90,3.93,true,1,
7296073408888,false,נייר אפייה 50 יחידות,,IL,נייר אפייה,יחידה,1.00,יחידה,false,1,10.90,10.90,true,1,
7296073409113,false,פופקורן טבעי 5 * 100 גרם,AST נובולוג,BG,פופקורן למיקרוגל,גרמים,500.00,100 גרם,false,1,12.90,2.58,true,1,
7296073409625,false,גאודה 34% שופרסל 200 ג,B.V KAAS HAZELEGER,NL,גבינת גאודה,גרמים,200.00,100 גרם,false,1,21.90,10.95,true,1,
7296073410379,false,ביצים חופש L שופרסל 12יח,,,ביצים חופש 12יחL,יחידה,1.00,יחידה,false,0,21.50,21.50,true,1,
7296073410423,false,ביצים אומגהL שופרסל 12יח,,,ביצים אומגה12יחL,יחידה,1.00,יחידה,false,0,23.50,23.50,true,1,
7296073412281,false,קטשופ מופח.סוכר שופר710ג,---,FR,קטשופ מופחת סוכר,גרמים,710.00,100 גרם,false,1,8.90,1.25,true,1,
7296073412311,false,שקד מסוכר 150גרם,ששון ושות,IL,שקד מסוכר,גרמים,150.00,100 גרם,false,1,16.90,11.27,true,1,
7296073412335,false,אגוזי קאשיו מסוכרים 150ג,ששון,IL,קאשיו מסוכר,גרמים,150.00,100 גרם,false,1,16.90,11.27,true,1,
7296073413257,false,חסה לבבות,"משק אסף פרחי בע""מ",IL,חסה לבבות,גרמים,350.00,100 גרם,false,1,10.90,3.11,true,1,
7296073413332,false,ביסקוויט שוקולד מריר150ג,---,ES,ביסקוויט שוקולד,גרמים,150.00,100 גרם,false,1,9.90,6.60,true,1,
7296073413363,false,מברשת לשירותים יסמין יחי,TYF סחר,CN,מברשת לשירותים,יחידה,1.00,יחידה,false,1,14.90,14.90,true,1,
7296073413424,false,צנונית,חבל מעון,IL,צנונית,גרמים,400.00,100 גרם,false,1,6.90,1.73,true,1,
7296073413844,false,צמד הודו עוף+סלמי 800 גר,---,IL,צמדהודועוף+סלמי,גרמים,800.00,100 גרם,false,1,27.90,3.49,true,1,
7296073413929,false,קינואה אדומה זיפר 500 גר,מיה,IL,קינואה אדומה,גרמים,500.00,100 גרם,false,1,13.90,2.78,true,1,
7296073414995,false,חצילים ממולאים שופרסל400,אגה אזיר איסק סאניי,TR,חצילים ממולאים,גרמים,400.00,100 גרם,false,1,8.90,2.23,true,1,
7296073415121,false,מגני תחתון לארג' 52 יחיד,קוראטקס,DE,מגני תחתון B,יחידה,1.00,יחידה,false,1,13.90,13.90,true,1,
7296073415558,false,שניצל תירס צמחוני 750 גר,"טיבון ויל אחזקות בע""\מ",IL,שניצל תירס צמחונ,גרמים,750.00,100 גרם,false,1,21.90,2.92,true,1,
7296073415572,false,שניצלוני תירס צמחוני 650,"טיבון ויל אחזקות בע""\מ",IL,שניצלוני תירס צמ,גרמים,650.00,100 גרם,false,1,21.90,3.37,true,1,
7296073417422,false,מלפפון בייבי,משק גל,IL,מלפפון בייבי,גרמים,350.00,100 גרם,false,1,10.90,3.11,true,1,
7296073421801,false,גבינת פרמזן30% 200ג שופר,אמברוסי,IT,גבינת פרמזן,גרמים,200.00,100 גרם,false,1,25.90,12.95,true,1,
7296073422617,false,נבטי אלפלפא 120גרם,נבטי איילון,IL,נבטי אלפלפא,גרמים,120.00,100 גרם,false,1,7.90,6.58,true,1,
7296073422655,false,נבטים סיניים 220גרם,נבטי איילון,IL,נבטים סיניים,גרמים,220.00,100 גרם,false,1,7.90,3.59,true,1,
7296073423119,false,גזר ארוז,חבל מעון,IL,גזר ארוז,קילוגרמים,0.00,"ק""ג",true,1,5.90,5.90,true,1,
7296073423447,false,חטיף אגס 20 גרם,נוביפרוטס,PT,חטיף אגס,גרמים,20.00,100 גרם,false,1,4.90,24.50,true,1,
7296073423454,false,חטיף תפוח אדום 20 גרם,נוביפרוטס,PT,חטיף תפוח אדום,גרמים,20.00,100 גרם,false,1,4.90,24.50,true,1,
7296073423645,false,פתי בר שופרסל 300 גרם,BV BISCUIT PALLY,NL,פתי בר,גרמים,300.00,100 גרם,false,1,4.90,1.63,true,1,
7296073423652,false,קרקרים בסגנון איטלקי180ג,יורוסנאקס,IT,חטיפי מיני קרקר,גרמים,180.00,100 גרם,false,1,8.90,4.94,true,1,
7296073423676,false,קרקרים מיני רוזמרין180ג,יורוסנאקס,IT,חטיפי מיני קרקר,גרמים,180.00,100 גרם,false,1,8.90,4.94,true,1,
7296073424420,false,עלי מנגולד אורגני יחידה,,IL,עלי מנגולד,יחידה,1.00,יחידה,false,1,10.90,10.90,true,1,
7296073424543,false,תערובת עוגת וניל 560 גרם,י.כהן,IL,תערובת עוגת וניל,גרמים,560.00,100 גרם,false,1,16.00,2.86,true,1,
7296073427803,false,מטליות לרצפה מאסק10יח,פלסטו פוליש,IL,מטליות לרצפה,יחידה,1.00,יחידה,false,1,10.90,10.90,true,1,
7296073427872,false,פירורי לחם,,,פירורי לחם,יחידה,1.00,יחידה,false,0,6.30,6.30,true,1,
7296073428503,false,אקונומיקה בישום עוצמתי4ל,סאסאטק,IL,אקונומיקה מבושמת,ליטרים,4.00,ליטר,false,1,16.90,4.23,true,1,
7296073429890,false,"אורז בסמטי שופרסל 1 ק""ג",צמן,IN,אורז בסמטי,קילוגרמים,1.00,"ק""ג",false,1,11.90,11.90,true,1,
7296073431138,false,רביולי בטטה פרימ,,,רביולי בטטה פרימ,יחידה,1.00,יחידה,false,0,19.90,19.90,true,1,
7296073432883,false,ספגטי מס' 5 שופרסל 500 ג,מאנפאקטור,IT,ספגטי מס' 5,גרמים,500.00,100 גרם,false,1,5.90,1.18,true,1,
7296073432890,false,פסטה סטורטלי שופרסל 500ג,מאנפאקטור,IT,פסטה סטורטלי,גרמים,500.00,100 גרם,false,1,5.90,1.18,true,1,
7296073440963,false,"קינואה שופרסל זיפר 1 ק""ג","הנמל אריזות ושיווק בע""\מ",PE,קינואה זיפר,קילוגרמים,1.00,"ק""ג",false,1,24.90,24.90,true,1,
7296073441335,false,פריכיות אורז מלא 110 גרם,"פרח תעשיות מזון בע""\מ",IL,פריכיות אורז מלא,גרמים,110.00,100 גרם,false,1,6.90,6.27,true,1,
7296073441366,false,פריכיות חומוס וקינואה110,"פרח תעשיות מזון בע""\מ",IL,פריכיות חומוס,גרמים,110.00,100 גרם,false,1,10.90,9.91,true,1,
7296073441885,false,כריות יפניות אנטיבקטריאל,פלסטו פוליש,IL,כריות יפניות,יחידה,1.00,יחידה,false,1,10.90,10.90,true,1,
7296073442226,false,צדפים דגנים ט.שוקולד500ג,CERERA,LT,דגנים צדפים,גרמים,500.00,100 גרם,false,1,13.90,2.78,true,1,
7296073442332,false,חרוסת שופרסל 250 גרם,תמר כנרת,IL,חרוסת שופרסל,גרמים,250.00,100 גרם,false,1,12.90,5.16,true,1,
7296073442349,false,סילאן טבעי לחיץ שופר840ג,"טעמי הגליל בע""\מ",IL,סילאן לחיץ,גרמים,840.00,100 גרם,false,1,22.90,2.73,true,1,
7296073442967,false,מלפפון בייבי,גונן שדה,IL,מלפפון בייבי,גרמים,350.00,100 גרם,false,1,10.90,3.11,true,1,
7296073444237,false,40חיתולים שלב 4+ שופרסל,די.פי.אל תעשיות מוצרים ח,IL,חיתולים שופרסל,יחידה,1.00,יחידה,false,1,29.90,29.90,true,1,
7296073444657,false,עוגיות קרם תות,גידרון,IL,עוגיות קרם תות,גרמים,500.00,100 גרם,false,1,17.90,3.58,true,1,
7296073445159,false,תחתיות ארטישוק 400 גרם,INDUSTRY FOOD FOR SILVA,EG,תחתיות ארטישוק,גרמים,400.00,100 גרם,false,1,21.90,5.48,true,1,
7296073445562,false,אפיפיות ללא גלוטן 400גרם,"כרמית תעשיות ממתקים בע""\",IL,אפיפיות שופרסל,גרמים,400.00,100 גרם,false,1,14.90,3.73,true,1,
7296073445692,false,"מחית תפו""ע בננה שופרסל90",DELAFRUIT,ES,"מחית תפו""ע ובננה",גרמים,90.00,100 גרם,false,1,4.90,5.44,true,1,
7296073446231,false,חמאה שופרסל 200 גרם,פוד+סרה,DE,חמאה שופרסל 200ג,גרמים,200.00,100 גרם,false,1,7.70,3.85,true,1,
7296073446316,false,לחם בריוש 500 גרם,NFD,FR,לחם בריוש,גרמים,500.00,100 גרם,false,1,20.90,4.18,true,1,
7296073446323,false,לחם בריוש+נטפי שוקולד500,NFD,FR,לחם בריוש,גרמים,500.00,100 גרם,false,1,20.90,4.18,true,1,
7296073447528,false,קרקר עגבניות ובזיליקו105,אלביסקו,GR,קרקר עגבניות,גרמים,105.00,100 גרם,false,1,7.90,7.52,true,1,
7296073447535,false,קרקר תרד ושמיר 105 גרם,אלביסקו,GR,קרקר תרד ושמיר,גרמים,105.00,100 גרם,false,1,7.90,7.52,true,1,
7296073448167,false,מברשת מגהץ,פולסוס,CN,מברשת מגהץ,יחידה,1.00,יחידה,false,1,11.90,11.90,true,1,
7296073448204,false,מגב חלונות,פולסוס,CN,מגב חלונות,יחידה,1.00,יחידה,false,1,10.90,10.90,true,1,
7296073449171,false,יוגורט יווני 10% 500 גרם,S.A MEVGAL,GR,יוגורט יווני,גרמים,500.00,100 גרם,false,1,15.90,3.18,true,1,
7296073452386,false,אושפלו פרגית 550 גרם,סי.אי.פי מבוא חורון,IL,אושפלו פרגית,גרמים,500.00,100 גרם,false,1,37.90,7.58,true,1,
7296073452577,false,מרשמלו ורוד לבן 180 גרם,"כרמית מזון בע""\מ",IL,מרשמלו ורוד לבן,גרמים,180.00,100 גרם,false,1,6.90,3.83,true,1,
7296073453987,false,שניצל עוף בציפוי צ'יפס,מילועוף,IL,שניצל עוף בציפוי,גרמים,700.00,100 גרם,false,1,41.90,5.99,true,1,
7296073454434,false,זית קלמטה גדול מגולען70ג,מניופקטר,GR,זיתים קלמטה,גרמים,70.00,100 גרם,false,1,6.90,9.86,true,1,
7296073454465,false,זית ירוק ממול.פלפ.אדום70,מניופקטר,GR,זיתים ממולאים,גרמים,70.00,100 גרם,false,1,6.90,9.86,true,1,
7296073454885,false,נייר אפייה 100יח 38X42סמ,,PL,נייר אפייה,יחידה,1.00,יחידה,false,1,21.90,21.90,true,1,
7296073455394,false,חומוס30% טחינה סחוג ירוק,סלטי שמיר,IL,חומוס 30% טחינה,גרמים,400.00,100 גרם,false,1,13.90,3.48,true,1,
7296073457237,false,שוקולד עם עוגיות 100 גרם,דליקה,CH,שוקולד עם עוגיות,גרמים,100.00,100 גרם,false,1,6.20,6.20,true,1,
7296073457381,false,לחמנ.המבורגר 8 יח שופרסל,מאפית ברמן,IL,לחמניות המבורגר,גרמים,448.00,100 גרם,false,1,11.90,2.66,true,1,
7296073458036,false,תירס גמדי שלם במי מלח425,מאנפאקטור,TH,תירס גמדי שלם,גרמים,425.00,100 גרם,false,1,6.90,1.62,true,1,
7296073472797,false,"קמח חיטה לבן מנופה 1 ק""ג","שטיבל בע""\מ",IL,קמח לבן מנופה,קילוגרמים,1.00,"ק""ג",false,1,7.90,7.90,true,1,
7296073472827,false,"קמח תופח לבן מנופה 1 ק""ג","שטיבל בע""\מ",IL,קמח תופח מנופה,קילוגרמים,1.00,"ק""ג",false,1,8.90,8.90,true,1,
7296073472841,false,"קמח חיטה מלא מנופה 1 ק""ג","שטיבל בע""\מ",IL,קמח חיטה מלאה,קילוגרמים,1.00,"ק""ג",false,1,8.90,8.90,true,1,
7296073473497,false,בולגרית מעודנת 5% 250 גר,מחלבות רמת הגולן,IL,בולגרית מעודנת,גרמים,250.00,100 גרם,false,1,18.90,7.56,true,1,
7296073473503,false,בולגרית 5% שופרסל 250 גר,מחלבות רמת הגולן,IL,גבינה בולגרית,גרמים,250.00,100 גרם,false,1,18.90,7.56,true,1,
7296073473596,false,פיתה ציפס בטעם טבעי 90 ג,SRL ONE,IT,פיתה ציפס,גרמים,90.00,100 גרם,false,1,6.50,7.22,true,1,
7296073473602,false,פיתה ציפס בטעם פפריקה90ג,SRL ONE,IT,פיתה צ'יפס,גרמים,90.00,100 גרם,false,1,6.50,7.22,true,1,
7296073473626,false,"צלחות דקל עגול 20 ס""מ",,IN,צלחת דקל,יחידה,1.00,יחידה,false,1,15.90,15.90,true,1,
7296073473909,false,תרסיס שמן קנולה שופר150מ,מאנפקטור,ES,תרסיס שמן,מיליליטרים,150.00,"100 מ""ל",false,1,15.90,10.60,true,1,
7296073473916,false,תרסיס שמן זית כתית 150 מ,מאנפקטור,ES,תרסיס שמן,מיליליטרים,150.00,"100 מ""ל",false,1,15.90,10.60,true,1,
7296073484004,false,שמן קנולה מזוכך 1 ליטר,בורחס,ES,שמן קנולה מזוכך,ליטרים,1.00,ליטר,false,1,10.90,10.90,true,1,
7296073484059,false,שמן סויה שופרסל 1 ליטר,סובנה,PT,שמן סויה,ליטרים,1.00,ליטר,false,1,11.90,11.90,true,1,
7296073484240,false,שקיות אוכל 150*2 יחידות,אשפלסט,IL,שקיות אוכל זוג,יחידה,1.00,יחידה,false,1,11.90,11.90,true,1,
7296073484721,false,חסה רומית הידרופונית 160,יגור חקלאות ועסקים,IL,חסה הידרופונית,גרמים,160.00,100 גרם,false,1,9.90,6.19,true,1,
7296073484752,false,מטליות פסים משפשפים 2יח,סדובסקי,CN,מטליות עם משפשף,יחידה,1.00,יחידה,false,1,10.90,10.90,true,1,
7296073485018,false,מיוקטשופ 430 גרם,אסיור,ES,מיוקטשופ,גרמים,430.00,100 גרם,false,1,10.90,2.53,true,1,
7296073495758,false,חסה לאליק הידרופונית,יגור חקלאות ועסקים,IL,חסה לאליק הידרופ,גרמים,190.00,100 גרם,false,1,12.90,6.79,true,1,
7296073496090,false,חט.פריכונים עם דבש80גרם,NETHERLANDS SANORICE,BE,חטיפי פריכונים,גרמים,80.00,100 גרם,false,1,7.50,9.38,true,1,
7296073496144,false,זית ירוק נטולי גלעין390ג,"בית השיטה תעשיות בע""\מ",IL,זיתים ירוקים,גרמים,390.00,100 גרם,false,1,7.90,2.03,true,1,
7296073496823,false,עגבניות אורג.קוביות400ג,S.P.A DAVIA,IT,עגבניות אורגניות,גרמים,400.00,100 גרם,false,1,6.90,1.73,true,1,
7296073497615,false,עוגיות קרמבו וניל 200 גר,"אפיפית נצרת (1971) בע""\מ",IL,עוגיות בטעם וניל,גרמים,200.00,100 גרם,false,1,5.90,2.95,true,1,
7296073497622,false,עוגיות קרמבו שוקו 200 גר,"אפיפית נצרת (1971) בע""\מ",IL,עוגיות בטעם שוקו,גרמים,200.00,100 גרם,false,1,5.90,2.95,true,1,
7296073497639,false,ביסקוויט חיות 180 גרם,"אפיפית נצרת (1971) בע""\מ",IL,ביסקוויט חיות,גרמים,180.00,100 גרם,false,1,5.90,3.28,true,1,
7296073514855,false,משמש מיובש באריזת זיפר,PEYMAN,TR,משמש מיובש,גרמים,200.00,100 גרם,false,1,14.90,7.45,true,1,
7296073515128,false,סירופ סילאן לחיץ 360 גרם,"טעמי הגליל בע""\מ",IL,סילאן בקבוק לחיץ,גרמים,360.00,100 גרם,false,1,13.40,3.72,true,1,
7296073515135,false,מלית תמרים 450 גרם,"טעמי הגליל בע""\מ",IL,מלית תמרים,גרמים,450.00,100 גרם,false,1,5.90,1.31,true,1,
7296073515159,false,ביצים אומגהM שופרסל 12יח,מ.לסר,IL,ביצי אומגה12יח M,יחידה,1.00,יחידה,false,1,23.00,23.00,true,1,
7296073515623,false,גבינה צהובה 28% 200 גרם,MLEKOVITA,PL,גבינה צהובה,גרמים,200.00,100 גרם,false,1,6.60,3.30,true,1,
7296073515630,false,גבינה צהובה 28% 400 גרם,MLEKOVITA,PL,גבינה צהובה,גרמים,400.00,100 גרם,false,1,13.20,3.30,true,1,
7296073515746,false,מלבי שמנת 150*2גרם,עדן קינוחים,IL,מלבי שמנת,גרמים,300.00,100 גרם,false,1,12.90,4.30,true,1,
7296073527282,false,תירוש מיץ ענבים אדום750מ,כרם מהדרין,IL,תירוש מיץ ענבים,מיליליטרים,750.00,"100 מ""ל",false,1,13.90,1.85,true,1,
7296073528708,false,מלח ים טבעי שופרסל 250 ג,אינפוסה,ES,מלח ים,גרמים,250.00,100 גרם,false,1,4.90,1.96,true,1,
7296073529378,false,חרוסת שופרסל 250 גרם,"פוליבה בע""\מ",IL,חרוסת שופרסל,גרמים,250.00,100 גרם,false,1,12.90,5.16,true,1,
7296073529910,false,חומוס פתיתי סויה פיקנטי,"סלטי שמיר 2006 בע""\מ",IL,חומוס פתיתי סויה,גרמים,220.00,100 גרם,false,1,17.90,8.14,true,1,
7296073530091,false,קורנפלור 200 גרם,מיה,IL,קורנפלור 200 גרם,גרמים,200.00,100 גרם,false,1,4.00,2.00,true,1,
7296073530398,false,קמח כוסמין לבן מנופה 1קג,"שטיבל בע""\מ",IL,קמח כוסמין לבן,קילוגרמים,1.00,"ק""ג",false,1,15.90,15.90,true,1,
7296073531210,false,בדיקת קורונה 5יחידות,,CN,בדיקת קורונה,יחידה,1.00,יחידה,false,1,39.90,39.90,true,1,
7296073531296,false,קפסולות טעם וניל 50 גרם,דליקה,CH,קפסולות קפה,גרמים,10.00,100 גרם,false,1,15.90,159.00,true,1,
7296073531302,false,קפסול.קפה ט.אגוזי לוז50ג,דליקה,CH,קפסולות קפה,גרמים,10.00,100 גרם,false,1,15.90,159.00,true,1,
7296073531319,false,קפסול.אלומיניום ט.קרמל50,דליקה,CH,קפסולות קפה,גרמים,10.00,100 גרם,false,1,15.90,159.00,true,1,
7296073553069,false,קבב  אנגוס 400 גרם,"טיבון ויל אחזקות בע""\מ",IL,קבב אנגוס,גרמים,400.00,100 גרם,false,1,24.90,6.23,true,1,
7296073553083,false,המבורגר אנגוס 400 גרם,"טיבון ויל אחזקות בע""\מ",IL,המבורגר אנגוס,גרמים,400.00,100 גרם,false,1,24.90,6.23,true,1,
7296073553090,false,נקנקיות מרגזבסגנוןמרוקאי,"טיבון ויל אחזקות בע""\מ",IL,נקנקיות מרגזבסגנ,גרמים,400.00,100 גרם,false,1,24.90,6.23,true,1,
7296073553274,false,טורטיה חיטה 320 גרם,דליברדס יורופ,ES,טורטיה חיטה,גרמים,320.00,100 גרם,false,1,9.90,3.09,true,1,
7296073553922,false,ברי כבשים 130 גרם,"מחלבת טבע עז בע""\מ",IL,ברי כבשים,גרמים,130.00,100 גרם,false,1,20.90,16.08,true,1,
7296073554073,false,פיצה מרגריטה פרימיום,SRL PIZZA MEGIC,IT,פיצה מרגריטה,גרמים,400.00,100 גרם,false,1,26.90,6.73,true,1,
7296073554097,false,פיצה פרימיום עם זיתים 40,SRL PIZZA MEGIC,IT,פיצה פרימיום,גרמים,400.00,100 גרם,false,1,26.90,6.73,true,1,
7296073554103,false,עוגת גב.פירורים לייט78*2,עדן קינוחים,IL,עוגת גבינה לייט,גרמים,2.00,100 גרם,false,1,12.90,645.00,true,1,
7296073565550,false,קצפיות מרנג וניל 180 גרם,"אחדות ביח""ר לטחינה",IL,קצפיות מרנג וניל,גרמים,180.00,100 גרם,false,1,17.90,9.94,true,1,
7296073579649,false,לחם אחיד פרוס שופרסל900ג,מאפיית שלמה א. אנג'\ל בע,IL,לחם אחיד פרוס,גרמים,900.00,100 גרם,false,1,8.30,0.92,true,1,
7296073579762,false,כוס שתייה כוכבים כסף 50,,CN,כוס שתיה,יחידה,1.00,יחידה,false,1,10.00,10.00,true,1,
7296073590835,false,חסה לבבות קיסר יחידה,"פרסקו חצבה 2006 בע""\מ",IL,חסה לבבות קיסר,גרמים,280.00,100 גרם,false,1,10.90,3.89,true,1,
7312040017683,false,וודקה אבסולוט,,SE,וודקה אבסולוט,מיליליטרים,700.00,"100 מ""ל",false,0,64.90,9.27,true,1,
7394376123337,false,משקה ש.שועל אורגני 1ל,טרנסומס פוד,SE,משקה שיבולת שועל,ליטרים,1.00,ליטר,false,1,14.90,14.90,true,1,
7501013101348,false,"ג'ומקס משקה מנגו 473 מ""ל",חומקס קומר קומרסאליזדורה,MX,משקה ג'ומקס מנגו,מיליליטרים,473.00,"100 מ""ל",false,1,8.60,1.82,true,1,
7501013101355,false,"ג'ומקס משקה אפרסק 473מ""ל",חומקס קומר קומרסאליזדורה,MX,משקה גומקס אפרסק,מיליליטרים,473.00,"100 מ""ל",false,1,8.60,1.82,true,1,
7501013138184,false,יוניקו פרסקו חמוציות 1 ל,חומקס קומר קומרסאליזדורה,MX,משקה חמוציות,ליטרים,1.00,ליטר,false,1,11.50,11.50,true,1,
7501064191398,false,"בירה קורונה 6 * 355 מ""ל",סרבסריה מודלו,MX,בירה קורונה 6 יח,ליטרים,2.13,ליטר,false,1,34.90,16.39,true,1,
7503024460018,false,בירה קורונה0%אלכוה.פח355,סרבסריה מודלו,MX,בירה קורונה,מיליליטרים,355.00,"100 מ""ל",false,1,6.00,1.69,true,1,
7610113011652,false,"בריזר טעם תפוח 275 מ""ל",בקרדי בעמ,BE,בריזר טעם תפוח,מיליליטרים,275.00,"100 מ""ל",false,1,15.90,5.78,true,1,
7610113013250,false,בקרדי מוחיטו פחית 250 מל,---,DE,בקרדי מוחיטו,מיליליטרים,250.00,"100 מ""ל",false,1,15.90,6.36,true,1,
7610113015780,false,בריזר סלצזר למון לים250,"בקרדי בע""מ",BE,בריזר סלצז ליים,מיליליטרים,250.00,"100 מ""ל",false,1,14.90,5.96,true,1,
7610400014649,false,שוק.לינדור חלב 100 גרם,לינדט ושפרונגלי,CH,שוקולד לינדט,גרמים,100.00,100 גרם,false,0,18.00,18.00,true,1,
7610400068505,false,בונבונ.לינדור מילק 200גר,לינדט ושפרונגלי,CH,בונבונירה לינדור,גרמים,200.00,100 גרם,false,0,34.90,17.45,true,1,
7610400091060,false,שוק.מריר לינדט תפוז 100ג,לינדט ושפרונגלי,CH,שוקולד לינדט,גרמים,100.00,100 גרם,false,1,16.90,16.90,true,1,
7613030979647,false,טריקס דגנים ט.פירות 480ג,ג'נרל מילס,CL,טריקס בטעם פירות,גרמים,480.00,100 גרם,false,1,28.90,6.02,true,1,
7613035807778,false,רוטב עגבניות לבולונז400ג,נסטלה ספרד,ES,רוטב עגבניות,גרמים,400.00,100 גרם,false,1,7.90,1.98,true,1,
7613035809857,false,רוטב עגבניות לפסטה 400גר,נסטלה ספרד,ES,רוטב עגבניות,גרמים,400.00,100 גרם,false,1,7.90,1.98,true,1,
7613036520492,false,רוטב עגבניות לפיצה 400גר,אסם,ES,רוטב עגבניות,גרמים,400.00,100 גרם,false,1,7.90,1.98,true,1,
7613036576734,false,חמשושים יחידה,פרונרי איבריה ס.ל,ES,חמשושים יחידה,יחידה,1.00,יחידה,false,1,8.90,8.90,true,1,
7613037687132,false,פיטנס שקדים ודבש 585 גרם,סי. פי. צרפת,FR,פיטנס שקדים ודבש,גרמים,585.00,100 גרם,false,1,27.50,4.70,true,1,
7613038268262,false,האני נאט צ'יריוס 410 גרם,סי. פי. צרפת,FR,האני נאט צ'יריוס,גרמים,410.00,100 גרם,false,1,21.90,5.34,true,1,
7613038451954,false,קראנץ שוקו.פחות סוכר410ג,סי. פי. צרפת,FR,קראנץ שוקולד,גרמים,410.00,100 גרם,false,1,23.90,5.83,true,1,
7613039771174,false,סנסשיונל טחון צמחוני 400,"טבעול צ'\כיה בע""\מ",CZ,סנסשיונל טחון צמ,גרמים,400.00,100 גרם,false,1,37.90,9.48,true,1,
7613287476678,false,סיני מיניס צ'ורוס 360גרם,סי. פי. פולין,PT,סיני מיניס צורוס,גרמים,360.00,100 גרם,false,1,27.70,7.69,true,1,
7614500035788,false,טובלרון חלב 200 גרם,מונדלייז,CH,טובלרון חלב,גרמים,200.00,100 גרם,false,0,19.80,9.90,true,1,
7616500642577,false,שוקולד אגוזים,צוקולאט פריי אייץגיץ,CH,שוקולד אגוזים,גרמים,300.00,100 גרם,false,0,17.90,5.97,true,1,
7616500642584,false,שוקולד מריר 300ג,,CH,שוקולד מריר 300ג,גרמים,300.00,100 גרם,false,0,17.90,5.97,true,1,
7616500647268,false,שוקולד מריר+אגוזים180גר,"שוקולד פריי בע""מ",CH,שוקולד מריר,גרמים,180.00,100 גרם,false,0,14.90,8.28,true,1,
7616500666092,false,שוק.חלב לוז/פיסטוק/שק200,פריי )שוקולד(,CH,שוקולד חלב אגוז,גרמים,180.00,100 גרם,false,1,14.90,8.28,true,1,
7617014149293,false,קפסולות קפה,,CH,קפסולות קפה,גרמים,96.00,100 גרם,false,0,29.60,30.83,true,1,
7622010001858,false,עוג.אוראו קרם וניל 176ג,פי אר ג'\יי אס אי מנדלז,UA,עוגיות אוראו,גרמים,176.00,100 גרם,false,1,10.20,5.80,true,1,
7622201120931,false,שוק.מילקה אוראו לבן 100ג,מונדלז אוקראינה,UA,מילקה אוראו לבן,גרמים,100.00,100 גרם,false,1,7.90,7.90,true,1,
7622201137052,false,מיני קוקיז מילקה 110 גרם,מונדלייז,ES,מיני קוקיז מילקה,גרמים,110.00,100 גרם,false,1,9.90,9.00,true,1,
7622201139278,false,גבינת פילדלפיה 25% 150גר,---,ES,גבינת פילדלפיה,גרמים,150.00,100 גרם,false,1,15.90,10.60,true,1,
7622201401900,false,עוג.מילקה סנס.אוראו 156ג,---,PL,עוגיות מילקה,גרמים,156.00,100 גרם,false,1,12.90,8.27,true,1,
7622201798154,false,גבינת פילדלפיה 13% 150גר,מונדולז,ES,גבינת פילדלפיה,גרמים,150.00,100 גרם,false,1,15.90,10.60,true,1,
7622201801809,false,שוק.חלב אגוזים מילקה100ג,מנדלז דויצ'\לנד סנקס פרו,DE,שוקולד מילקה,גרמים,100.00,100 גרם,false,1,7.90,7.90,true,1,
7622201802363,false,שוק.מילקה אגוז/צימוק100ג,מנדלז דויצ'\לנד סנקס פרו,DE,שוקולד מילקה,גרמים,100.00,100 גרם,false,1,7.90,7.90,true,1,
7622201802394,false,שוקולד חלב מילקה 100 גרם,מנדלז דויצ'\לנד סנקס פרו,DE,שוקולד חלב מילקה,גרמים,100.00,100 גרם,false,1,7.90,7.90,true,1,
7622201813390,false,וופל ממולא מילקה 150 גרם,מונדליז סי.אר. ביסקוויט,CZ,וופל ממולא מילקה,גרמים,150.00,100 גרם,false,1,12.90,8.60,true,1,
7622201819552,false,שוקולד מילקה דארק 85 גרם,מונדלייז,DE,שוקולד מילקה,גרמים,85.00,100 גרם,false,1,8.50,10.00,true,1,
7622210078131,false,שוקולד מילקה דיים 100גרם,מנדלז דויצ'\לנד סנקס פרו,DE,שוקולד מילקה,גרמים,100.00,100 גרם,false,1,7.90,7.90,true,1,
7622210163899,false,שוקולד מילקה קונפטי100ג,מונדלייז,DE,שוקולד מילקה,גרמים,100.00,100 גרם,false,1,7.90,7.90,true,1,
7622210453327,false,עוג.מילקה סנסיישנס 156 ג,מונדלייז,PL,עוגיות מילקה,גרמים,156.00,100 גרם,false,1,12.90,8.27,true,1,
7622210637994,false,עוג.אוראו ביס אורגינל110,---,ES,עוגיות אוראו,גרמים,110.00,100 גרם,false,1,10.90,9.91,true,1,
7622210826053,false,שוקולד אוראו סנדוויץ92גר,מונדלייז,HU,שוקולד מילקה,גרמים,92.00,100 גרם,false,1,7.90,8.59,true,1,
7622300270506,false,עוגיות ש.שועל שוקולד168ג,מונדלייז,PL,עוגיות מילקה,גרמים,168.00,100 גרם,false,0,12.90,7.68,true,1,
7622300356767,false,עוג.שוקולד צ'יפס מילק168,מונדלייז,PL,עוגיות שוקוצ'יפס,גרמים,168.00,100 גרם,false,0,12.90,7.68,true,1,
7622300495046,false,מילקה אקסטרה קקאו 100גר,מנדלז דויצ'\לנד סנקס פרו,DE,שוקולד מילקה,גרמים,100.00,100 גרם,false,0,7.90,7.90,true,1,
7622300503079,false,ביסקוויט מצופה שוקו200גר,מונדלייז,PL,ביסקוויט מצופה,גרמים,200.00,100 גרם,false,0,12.90,6.45,true,1,
7622300617820,false,שוקולד מילקה אוראו 100 ג,מנדלז דויצ'\לנד סנקס פרו,DE,שוקולד מילקה,גרמים,100.00,100 גרם,false,0,7.90,7.90,true,1,
7622300761363,false,עוג.מיני אוראו ט.שוקו67ג,---,ID,עוגיות מיני אורא,גרמים,67.00,100 גרם,false,0,8.90,13.28,true,1,
7630477891615,false,קפסולות Starbucks סומטרה,נסטלה נספרסו,CH,קפסולות Starbuck,גרמים,55.00,100 גרם,false,1,22.90,41.64,true,1,
7630477891738,false,קפסStarbucks. בלונד53גר,נסטלה נספרסו,CH,קפסולות Starbuck,גרמים,53.00,100 גרם,false,1,22.90,43.21,true,1,
7702018459445,false,סכיני גילוח פיוז'ן פאוור,פרוקטר & גמבל,DE,סכיני גילוח פיוז,יחידה,1.00,יחידה,false,1,179.00,179.00,true,1,
7702024258322,false,חטיפי קרקר צ'יה+פשתן156ג,אסם,CO,חטיפי קרקר,גרמים,156.00,100 גרם,false,1,13.90,8.91,true,1,
7702174068833,false,יוגטה אייס קרים בשקית216,אלדור,CO,לקקן יוגטה,גרמים,204.00,100 גרם,false,0,10.90,5.34,true,1,
7792860006218,false,בייבי דול לקקן 24 גרם,לרטייר,AR,בייבי דול לקקן,גרמים,24.00,100 גרם,false,0,2.50,10.42,true,1,
7804651030026,false,אוכמניות טריות יחידה,ALFABERRIES,CL,אוכמניות טריות,יחידה,1.00,יחידה,false,1,14.90,14.90,true,1,
8000070041851,false,מכונת לוואצה טייני שחורה,---,IT,מכונת קפה,יחידה,1.00,יחידה,false,1,399.00,399.00,true,1,
8000380004911,false,ופלים קואדרטיני אגוז250ג,א. לואקר,AT,ופל קואדרטיני,גרמים,250.00,100 גרם,false,0,15.20,6.08,true,1,
8000380007219,false,ופלים לואקר ט.אגוזים175ג,א. לואקר,AT,ופלים לואקר,גרמים,175.00,100 גרם,false,0,12.70,7.26,true,1,
8000380007257,false,ופלים גרדנה 200 גרם,א. לואקר,IT,ופלים גרדנה,גרמים,200.00,100 גרם,false,0,15.10,7.55,true,1,
8000380007271,false,ופלים לואקר בטעם חלב175ג,א. לואקר,AT,ופלים לואקר,גרמים,175.00,100 גרם,false,0,12.70,7.26,true,1,
8000380106028,false,וופל טורטינה אורגינל125ג,א. לואקר,IT,וופל טורטינה,גרמים,125.00,100 גרם,false,0,18.50,14.80,true,1,
8000380142484,false,וופל קואדרטיני מריר250גר,לואקר,AT,וופל קואדרטיני,גרמים,250.00,100 גרם,false,0,15.20,6.08,true,1,
8000380144044,false,ופלים גרדנה שוקולד200גרם,לואקר,IT,ופלים גרדנה,גרמים,200.00,100 גרם,false,0,15.10,7.55,true,1,
8000380153534,false,טורטינה שוקולד לבן 125גר,א. לואקר אס. פי. אי-אי.,IT,טורטינה לבן,גרמים,125.00,100 גרם,false,0,18.50,14.80,true,1,
8000380180745,false,ופל קואדרטיני שוק/חלב250,לואקר,AT,וופל קואדרטיני,גרמים,250.00,100 גרם,false,1,15.20,6.08,true,1,
8000380192588,false,קוארדטיני דאבל שוק250גרם,א. לואקר,AT,קואדרטיני דאבל,גרמים,250.00,100 גרם,false,1,15.20,6.08,true,1,
8000500009673,false,בונבוניירה רושה 300 גרם,פררו,IT,בונבוניירת רושה,גרמים,300.00,100 גרם,false,0,51.90,17.30,true,1,
8000500023624,false,חטיף קינדר הפי היפו 5יח',פררו,DE,קינדר הפי היפו,גרמים,102.00,100 גרם,false,0,13.90,13.63,true,1,
8000500026731,false,ביצי הפתעה קינדר 20*3 גר,פררו,IT,ביצי הפתעה קינדר,גרמים,60.00,100 גרם,false,1,16.00,26.67,true,1,
8000500029350,false,קינדר בואנו 43*3 גרם,פררו,PL,קינדר בואנו,גרמים,129.00,100 גרם,false,0,11.90,9.22,true,1,
8000500032237,false,בונ.רושה 375 גרם,פררו,IT,בונבוניירה רושה,גרמים,375.00,100 גרם,false,0,49.90,13.31,true,1,
8000500037874,false,בונ.פררו רושה 200 גרם,פררו,IT,בונבוניירה רושה,גרמים,200.00,100 גרם,false,0,24.90,12.45,true,1,
8000500071083,false,שוקולד קינדר 200 גרם,פררו,IT,שוקולד חלב קינדר,גרמים,200.00,100 גרם,false,0,14.50,7.25,true,1,
8000500121436,false,קינדר בואנו לבן 39*3 גרם,פררו,PL,קינדר בואנו לבן,גרמים,117.00,100 גרם,false,0,11.90,10.17,true,1,
8000500126325,false,ביצי קינדר ג'וי ורוד20*3,פררו,ZA,קינדר ג'וי ורוד,גרמים,60.00,100 גרם,false,0,16.00,26.67,true,1,
8000500167656,false,קינדר שוקולד עם דגנים94ג,פררו,IT,קינדר שוקולד,גרמים,94.00,100 גרם,false,1,7.90,8.40,true,1,
8000500227848,false,נוטלה בי רדי 132 גרם,פררו,IT,נוטלה בי רדי,גרמים,132.00,100 גרם,false,1,13.50,10.23,true,1,
8000500247150,false,פררו רושה קולקשיין 172גר,פררו,DE,פררו רושה,גרמים,172.00,100 גרם,false,1,27.90,16.22,true,1,
8000500267103,false,עוגות אישי.קינדר דליס390,פררו,IT,עוגות קינדר דליס,גרמים,390.00,100 גרם,false,1,17.90,4.59,true,1,
8000500269169,false,קינדר קארדס 128 גרם,---,IT,קינדר קארדס,גרמים,128.00,100 גרם,false,1,13.90,10.86,true,1,
8000500294345,false,רושה סנו-מן 90 גרם,פררו,PL,רושה סנו-מן,גרמים,90.00,100 גרם,false,1,16.90,18.78,true,1,
8000500360262,false,קינדר חנוכיה 135 גרם,---,PL,קינדר חנוכיה,גרמים,135.00,100 גרם,false,1,18.90,14.00,true,1,
8000500374429,false,גרנד רושה חלב פררו125ג,---,PL,גרנד רושה פררו,גרמים,125.00,100 גרם,false,1,17.90,14.32,true,1,
8000500386941,false,ממרח קקאו+אגוזי לוז900גר,---,IT,ממרח קקאו+אגוזים,גרמים,900.00,100 גרם,false,1,30.90,3.43,true,1,
8000500390238,false,ביצי הפתעה קינדר 20*4גרם,פררו,IT,ביצי הפתעה קינדר,גרמים,80.00,100 גרם,false,1,17.90,22.38,true,1,
8001090184412,false,פיירי לכלים לימון 900 מל,פרוקטר אנד גמבל,GB,פיירי לכלים,מיליליטרים,900.00,"100 מ""ל",false,1,12.50,1.39,true,1,
8001090336606,false,26פמפרס בייבי דריי שלב6,פרוקטר אנד גמבל,DE,פמפרס בייבי,יחידה,1.00,יחידה,false,1,36.90,36.90,true,1,
8001090737809,false,אולוויז חוטיני 36 יחידות,פרוקטר & גמבל,ES,אולוויז חוטיני,יחידה,1.00,יחידה,false,1,18.90,18.90,true,1,
8001090776068,false,פיירי נ.כלים משי ורד780מ,פרוקטר אנד גמבל,GB,פיירי נוזל כלים,מיליליטרים,780.00,"100 מ""ל",false,1,12.50,1.60,true,1,
8001090832450,false,"שמפו פנטן קלאסי 660 מ""ל",פרוקטר & גמבל,RO,שמפו פנטן,מיליליטרים,660.00,"100 מ""ל",false,1,22.90,3.47,true,1,
8001090832535,false,"פנטן שמפו משקם 660 מ""ל",פרוקטר אנד גמבל,RO,שמפו פנטן,מיליליטרים,660.00,"100 מ""ל",false,1,22.90,3.47,true,1,
8001090833228,false,אריאל ג'ל נ.קולור 2.365ל,פרוקטור אנד גמבל,FR,אריאל ג'ל כביסה,ליטרים,2.37,ליטר,false,1,36.90,15.57,true,1,
8001090861795,false,שמפו פנטן סופר פוד 660 מ,פרוקטר אנד גמבל,RO,שמפו פנטן,מיליליטרים,660.00,"100 מ""ל",false,1,22.90,3.47,true,1,
8001090899194,false,24אולוויז פלטינום נורמל,פרוקטר אנד גמבל,DE,תחבושות אולוויז,יחידה,1.00,יחידה,false,1,22.90,22.90,true,1,
8001160001786,false,"גטורייד כחול 500מ""ל",אקווה מינרלה סאן בנדטו,IT,גטורייד כחול,מיליליטרים,500.00,"100 מ""ל",false,0,10.40,2.08,true,1,
8001160001892,false,"גטורייד תפוז אדום 500מ""ל",אקווה מינרלה סאן בנדטו,IT,גטורייד תפוז,מיליליטרים,500.00,"100 מ""ל",false,0,10.40,2.08,true,1,
8001620015612,false,"פרוטה גזר תפוז 400 מ""ל",אקווה מינרלה סאן בנדטו ב,IT,פרוטה גזר תפוז,מיליליטרים,400.00,"100 מ""ל",false,1,8.30,2.08,true,1,
8001620015636,false,"משקה פרוטה פירות 400 מ""ל",אקווה מינרלה סאן בנדטו ב,IT,משקה פרוטה,מיליליטרים,400.00,"100 מ""ל",false,1,8.30,2.08,true,1,
8001620019160,false,"סאן בנדטו אפרסק 400 מ""ל",אקווה מינרלה סאן בנדטו ב,IT,סאן בנדטו אפרסק,מיליליטרים,400.00,"100 מ""ל",false,1,6.90,1.73,true,1,
8001620019177,false,"סאן בנדטו ענבים 400 מ""ל",אקווה מינרלה סאן בנדטו ב,IT,סאן סנדטו ענבים,מיליליטרים,400.00,"100 מ""ל",false,1,6.90,1.73,true,1,
8001841669465,false,קפסולות אריאל ניחוח לנור,פרוקטר אנד גמבל,FR,קפסולות גל כביסה,יחידה,1.00,יחידה,false,1,36.90,36.90,true,1,
8001841960081,false,פיירי פלטינום למדיח30טב,,,פיירי טב' למדיח,יחידה,1.00,יחידה,false,0,39.90,39.90,true,1,
8004030044005,false,טונה ריו בשמן זית 160גרם,"בולטון אלימנטרי בע""\מ",IT,טונה בשמן זית,גרמים,160.00,100 גרם,false,0,18.70,11.69,true,1,
8004030860001,false,אנסלטיסמה קוסקוס+טונה160,"בולטון אלימנטרי בע""\מ",IT,קוסקוס עם טונה,גרמים,160.00,100 גרם,false,1,16.90,10.56,true,1,
8004708048779,false,מלח ורוד במטחנה 190 גרם,דרוגיה ואלימנטרי אס.אר.א,IT,מלח ורוד במטחנה,גרמים,190.00,100 גרם,false,1,30.90,16.26,true,1,
8004800000064,false,גלילי וופל קרם קקאו100ג,לאגו גרופ,IT,גלילי וופל לאגו,גרמים,100.00,100 גרם,false,1,13.90,13.90,true,1,
8004800005502,false,גלילי ופל מיני ק.קקאו125,לאגו גרופ,IT,גלילי וופל מיני,גרמים,125.00,100 גרם,false,1,12.90,10.32,true,1,
8004800005519,false,גלילי ופל מיני אג.לוז125,לאגו גרופ,IT,גלילי וופל מיני,גרמים,125.00,100 גרם,false,1,12.90,10.32,true,1,
8005110002243,false,תרכיז עגבניות 185 גרם,מוטי,IT,תרכיז עגבניות,גרמים,185.00,100 גרם,false,1,8.50,4.59,true,1,
8005110002533,false,רוטב פסטה עגבנ.דטרינ400,מוטי אס.פי.אי,IT,רוטב לפסטה,גרמים,400.00,100 גרם,false,1,13.90,3.48,false,1,
8005110170300,false,עגבניות חתוכות3*,,IT,עגבניות חתוכות3*,קילוגרמים,1.20,"ק""ג",false,0,18.90,15.75,true,1,
8005110171215,false,עגבניות חתוכות 690 גרם,מוטי,IT,עגבניות חתוכות,גרמים,690.00,100 גרם,false,0,15.90,2.30,true,1,
8005200256587,false,נסטי בטעם אפרסק 1.5 ליטר,מפעל סאנפלגרינו S.P.A,IT,נסטי בטעם אפר,ליטרים,1.50,ליטר,false,0,9.20,6.13,true,1,
8006540112823,false,לנור מרכך מרוכז900מל,פרוקטר אנד גמבל,US,לנור מרכך מרוכז,מיליליטרים,900.00,"100 מ""ל",false,1,15.90,1.77,true,1,
8006540112854,false,לנור מרכך ניחוח סחלב900,פרוקטר אנד גמבל,US,לנור מרכך מרוכז,מיליליטרים,900.00,"100 מ""ל",false,1,15.90,1.77,true,1,
8006540163986,false,אריאל קפסולות לכביסה35יח,פרוקטר אנד גמבל,FR,קפסולות לכביסה,יחידה,1.00,יחידה,false,1,41.90,41.90,true,1,
8008245004861,false,ממרח חלב עם אגוזי לוז300,נאטקו,IT,ממרח אגוזי לוז,גרמים,300.00,100 גרם,false,1,15.90,5.30,true,1,
8014515330738,false,קוביות עגבניות פומו400גר,שופרסל-ייבוא,IT,קוביות עגבניות,גרמים,400.00,100 גרם,false,0,6.70,1.68,true,1,
8032880800243,false,פיקניק הפתעה 50 גרם,"הוסטה איטליה, ס.ר.ל.",IT,פיקניק הפתעה,גרמים,50.00,100 גרם,false,0,8.30,16.60,true,1,
8076800195033,false,ספגטיני מס' 3 500 גרם,ברילה גי.אי.אר פרטלי ס.פ,IT,ספגטיני מס' 3,גרמים,500.00,100 גרם,false,0,7.90,1.58,true,1,
8076800195057,false,ספגטי מס' 5 ברילה500גר,ברילה גי.אי.אר פרטלי ס.פ,IT,ספגטי מס 5 ברילה,גרמים,500.00,100 גרם,false,0,7.90,1.58,true,1,
8076808050440,false,פסטה מקרוני מס44' 500 גר,ברילה,IT,מקרוני ברילה,גרמים,500.00,100 גרם,false,0,7.90,1.58,true,1,
8076808060654,false,פסטה פרפלה מס65' 500 גרם,ברילה גי.אי.אר פרטלי ס.פ,IT,פסטה פרפלה ברילה,גרמים,500.00,100 גרם,false,0,7.90,1.58,true,1,
8076808070882,false,קנלוני ברילה 250 גרם,ברילה,IT,קנלוני ברילה,גרמים,250.00,100 גרם,false,0,14.90,5.96,true,1,
8076808150072,false,ספגטי מס' 7 500 גרם,ברילה גי.אי.אר פרטלי ס.פ,IT,ספגטי ברילה,גרמים,500.00,100 גרם,false,0,7.90,1.58,true,1,
8076809513388,false,רוטב פיקנטי לפסטה 400גרם,ברילה גי.אי.אר פרטלי ס.פ,IT,רוטב לפסטה,גרמים,400.00,100 גרם,false,0,13.90,3.48,true,1,
8076809513654,false,בסיס לרוטב בולונז 400 גר,ברילה גי.אי.אר פרטלי ס.פ,IT,בסיס לרוטב,גרמים,400.00,100 גרם,false,0,13.90,3.48,true,1,
8076809513692,false,רוטב לפסטה נפוליטנה400גר,ברילה גי.אי.אר פרטלי ס.פ,IT,רוטב לפסטה,גרמים,400.00,100 גרם,false,0,13.90,3.48,true,1,
8076809523738,false,לזניה ברילה 500 גרם,ברילה גי.אי.אר פרטלי ס.פ,IT,לזניה ברילה,גרמים,500.00,100 גרם,false,0,25.70,5.14,true,1,
8076809545464,false,ספירלי ל.גלוטן ברילה400ג,ברילה,IT,ספירלי ברילה,גרמים,400.00,100 גרם,false,1,11.90,2.98,true,1,
8076809547956,false,ברילה קיפרי 500 גרם,---,IT,ברילה קיפרי,גרמים,500.00,100 גרם,false,1,7.90,1.58,true,1,
8410076610492,false,נייטשר ואלי צ'ואי בוטנ5י,ג'נרל מילס,GB,חטיפי צ'ואי 5 יח,גרמים,150.00,100 גרם,false,1,21.90,14.60,true,1,
8410076610508,false,נייטשר ואלי צ'ואי שוקו5י,ג'נרל מילס,GB,חטיפי צ'ואי 5 יח,גרמים,150.00,100 גרם,false,1,21.90,14.60,true,1,
8410076621047,false,חטיפי פייבר1 שוקולד24*5ג,"גלאטס סירו בע""\מ",ES,חטיפי פייבר 1,גרמים,120.00,100 גרם,false,1,16.90,14.08,true,1,
8410104039134,false,"פיניש לניקוי מדיח 250מ""ל",רקיט בנקיזר,PL,פיניש ניקוי מדיח,מיליליטרים,250.00,"100 מ""ל",false,0,17.90,7.16,true,1,
8410104045111,false,"פיניש מלח למדיח 2 ק""ג",רקיט בנקיזר,IL,מלח למדיח,קילוגרמים,2.00,"ק""ג",false,0,16.90,8.45,true,1,
8410128768294,false,משקה שיבולת שועל 1 ליטר,S.A.U\n PASCUAL CALIDAD,ES,משקה שיבולת שועל,ליטרים,1.00,ליטר,false,1,12.90,12.90,true,1,
8410128768355,false,משקה סויה ויוה סוי 1 ל',S.A.U\n PASCUAL CALIDAD,ES,משקה סויה,ליטרים,1.00,ליטר,false,1,11.90,11.90,true,1,
8410179014821,false,שמן קנולה + E ויטמין 1ל,PONTU BORGES ACEITES,ES,שמן קנולה,ליטרים,1.00,ליטר,false,1,14.90,14.90,true,1,
8410655000423,false,"בירה סאן מיגל 330*4 מ""ל",סרבסס סאן מיגל אס.אל.יו,ES,בירה סאן מיגל4יח,ליטרים,1.32,ליטר,false,0,29.90,22.65,true,1,
8412168002529,false,"מחייה 13 לימונים 700 מ""ל",דיסטילריאס,ES,מחייה 13 לימונים,מיליליטרים,700.00,"100 מ""ל",false,1,69.90,9.99,true,1,
8423207206488,false,סלים דליס מצופה שוקולד6י,סלים דליס,ES,חטיפי דגנים מרבה,גרמים,120.00,100 גרם,false,0,12.90,10.75,true,1,
8423207207362,false,סלים דליס שוקולד לבן20*6,סלים דליס,ES,סלים דליס,גרמים,120.00,100 גרם,false,0,12.90,10.75,true,1,
8423207208703,false,סלים דליס שוקו.מריר 6 יח,סלים דליס,ES,סלים דליס 6 יח,גרמים,120.00,100 גרם,false,1,12.90,10.75,true,1,
8423207209748,false,סלים דליס שוק.מריר תפוז6,ביסצ'ורי,ES,סלים דליס 6 יח,גרמים,156.00,100 גרם,false,1,12.90,8.27,true,1,
8423207210287,false,סלים דליס שוק.לבן+יוג6יח,ביסצ'ורי,ES,סלים דליס 6 יח,גרמים,120.00,100 גרם,false,1,12.90,10.75,true,1,
8423207210928,false,סלים טופינג אג.לוז18*5,נוטרישן אנד סנטה,ES,חטיפי דגנים מרבה,גרמים,90.00,100 גרם,false,1,12.90,14.33,true,1,
8423371002725,false,קוקטיל מיקס 100 גרם,---,ES,קוקוטיל מיקס,גרמים,100.00,100 גרם,false,1,10.90,10.90,true,1,
8425206000081,false,ריבת חלב,,ES,ריבת חלב,גרמים,450.00,100 גרם,false,0,21.90,4.87,true,1,
8435495807636,false,תינוקלין ג'ל כביסה 2 ל',סארוהאן,TR,תינוקלין ג'ל,ליטרים,2.00,ליטר,false,1,34.90,17.45,true,1,
8436575292205,false,מאגדת חמשושים 180 גרם,גלידות נסטלה )נגה גלידות,IL,מאגדת חמשושים,גרמים,180.00,100 גרם,false,1,22.90,12.72,true,1,
8595134503975,false,ניר 1/4 1 דק פרטי+פילטר,,CZ,ניר 1/4 1 דק פרט,יחידה,1.00,יחידה,false,1,5.50,5.50,false,1,
8683130008355,false,מיונז הלמנס עם שום 400 ג,יוניליוור ישראל שיווק בע,TR,מיונז עם שום,גרמים,400.00,100 גרם,false,1,16.90,4.23,true,1,
8683323063024,false,ממתק בטעם תותי פרוטי220ג,סאדאט,TR,ממתק בטעם תותי,גרמים,220.00,100 גרם,false,1,7.90,3.59,true,1,
8690526009261,false,חטיף קרמל שוקולד+דגני28ג,"GIDA ETI , טורקיה n\",TR,חטיף קרמל,גרמים,28.00,100 גרם,false,1,4.50,16.07,true,1,
8690637555084,false,בדין אקסטרא פריחת התפוז,יוניליוור סנאיי וי טיקאר,TR,מרכך בדין אקסטרא,מיליליטרים,960.00,"100 מ""ל",false,0,17.90,1.86,true,1,
8690637842382,false,מגנום שוקולד פרי יער יחי,"מיוצר ע""\י יונילוור סנאי",TR,מגנום שוקולד פרי,יחידה,1.00,יחידה,false,1,11.00,11.00,true,1,
8690637842399,false,מגנום מיני דאבל פרי+שוקו,שטראוס,TR,מגנום מיני דאבל,גרמים,323.00,100 גרם,false,1,31.90,9.88,true,1,
8690637946318,false,בדין אקסטרא בייבי טלק960,יוניליוור סנאיי וי טיקאר,TR,מרכך בדין בייבי,מיליליטרים,960.00,"100 מ""ל",false,1,17.90,1.86,true,1,
8690637976995,false,בדין ורוד סחלבים960מל,יוניליוור סנאיי וי טיקאר,TR,בדין אקסטרה ורוד,מיליליטרים,960.00,"100 מ""ל",false,1,17.90,1.86,true,1,
8690637989629,false,מגנום דאבל דולצ'ה גולד 6,יונילוור סנאיי וי טיג'\,TR,מגנום דאבל דולצ',גרמים,63.00,100 גרם,false,1,11.00,17.46,true,1,
8690766156374,false,שוק.מריר 72% קקאו90גר,גודייבה,TR,שוקולד גודייבה,גרמים,90.00,100 גרם,false,1,15.90,17.67,true,1,
8697530910743,false,פאלמאל כחול קצר חפיסה,bat,TR,פאלמאל  כחול קצר,יחידה,1.00,יחידה,false,0,29.50,29.50,false,1,
8697530910750,false,פאלמאל כחול ארוך חפיסה,bat,TR,פאלמאל כחול ארוך,יחידה,1.00,יחידה,false,0,29.50,29.50,false,1,
8697530910781,false,פאלמאל אדום חפיסה,bat,TR,פאלמאל אדום,יחידה,1.00,יחידה,false,0,29.50,29.50,false,1,
8697530911276,false,קנט קצר חפיסה,bat,TR,קנט קצר,יחידה,1.00,יחידה,false,0,36.50,36.50,false,1,
8710428005762,false,סימילאק צמחי שלב2 400 גר,ABBOT,NL,סימילאק  צמחי,גרמים,400.00,100 גרם,false,0,46.70,11.68,true,1,
8710502139017,false,עוג.טריפל שוקוצ'יפס180גר,בנקטבקריי מרבה בי.וי,NL,עוגיות שוקוצ'יפס,גרמים,180.00,100 גרם,false,0,10.90,6.06,true,1,
8710502405204,false,עוג.מרבה ממולאות שוקו175,"מרבה בע""\מ",NL,עוגיות מרבה,גרמים,175.00,100 גרם,false,0,10.90,6.23,true,1,
8710732228918,false,מצת לסיגריה  cricket יח,MATCH SWEDISH,NL,מצת לסיגריהcrick,יחידה,1.00,יחידה,false,1,3.50,3.50,false,1,
8710732229908,false,מצת cricket לגז קטן *,---,CN,מצתcricketגז קטן,יחידה,1.00,יחידה,false,1,10.30,10.30,false,1,
8710908777394,false,דאב תח.גוף שמן אבוקדו400,יוניליוור גרמניה,DE,תחליב גוף דאב,מיליליטרים,400.00,"100 מ""ל",false,1,29.90,7.48,true,1,
8711000362631,false,קפסולות לור 12 אוניקס52ג,גיקובס דאו אגברטס צרפת,FR,קפסולות לור,גרמים,52.00,100 גרם,false,1,19.90,38.27,true,1,
8711200443789,false,חרדל דיג'ון גרג.לחיץ235ג,מייל,FR,חרדל גרגירים,גרמים,235.00,100 גרם,false,1,13.90,5.91,true,1,
8711327475762,false,גלידה מגנום לבן עוגיות,,,גלידה מגנום לבן,מיליליטרים,440.00,"100 מ""ל",false,0,23.90,5.43,true,1,
8712561611411,false,תח.רחצה דאב תה ירוק 750מ,"יוניליוור גרמניה, Gmbh &",DE,תחליב רחצה דאב,מיליליטרים,750.00,"100 מ""ל",false,1,22.90,3.05,true,1,
8714599412220,false,קפה ג'קובס וולווט 95 גרם,אל.אל.סי ג'\ייקובס דאו א,RU,קפה ג'קובס,גרמים,95.00,100 גרם,false,1,17.50,18.42,true,1,
8714789303925,false,2 מברשות קולגייט סנסטיב,קולגייט- פלמוליב,CH,2 מברשות שיניים,יחידה,1.00,יחידה,false,0,29.90,29.90,true,1,
8715700110141,false,ממרח היינץ צנצנת 460 גרם,ה.י.היינץ הולדינג בי.וי,NL,ממרח היינץ,גרמים,460.00,100 גרם,false,1,12.90,2.80,true,1,
8715700419732,false,מתבל עגבניות היינץ700גרם,היינץ,NL,מתבל עגבניות,גרמים,700.00,100 גרם,false,0,13.90,1.99,true,1,
8715700423906,false,מתבל עגב.מופ.סוכר/מלח550,היינץ,NL,מתבל עגבניות,גרמים,555.00,100 גרם,false,1,11.90,2.14,true,1,
8717163647202,false,דאו ספריי גוף אנרכי 150מ,יוניליוור אנגליה,RU,אקס ספריי,מיליליטרים,150.00,"100 מ""ל",false,1,17.90,11.93,true,1,
8717163647233,false,דאו ספריי בלאק נייט 150מ,יוניליוור אנגליה,RU,אקס ספריי,מיליליטרים,150.00,"100 מ""ל",false,1,17.90,11.93,true,1,
8717163647257,false,דאו ספריי גוף גולד 150 מ,יוניליוור אנגליה,RU,אקס ספריי,מיליליטרים,150.00,"100 מ""ל",false,1,17.90,11.93,true,1,
8717163655825,false,דאודורנט רקסונה כותנה150,"קוסטר אירוסול, גבזה 4140",TR,דאודורנט רקסונה,מיליליטרים,150.00,"100 מ""ל",false,1,15.90,10.60,true,1,
8717677336616,false,שוקולד מריר שקדים+מלח180,אלפרד ריטר,NL,שוקולד מריר,גרמים,180.00,100 גרם,false,1,19.90,11.06,true,1,
8718951048669,false,ספריי חלונות פרחים 750מל,SAS-VA COLGATE-PALMOLIVE,FR,אגקס ספרי חלונות,מיליליטרים,750.00,"100 מ""ל",false,1,17.60,2.35,true,1,
8718951236790,false,קולגייט טוטל קלין 100 מל,קולגייט פלמוליב,PL,קולגייט טוטל,מיליליטרים,100.00,"100 מ""ל",false,1,18.90,18.90,true,1,
8719200998001,false,"מרגרינה בלובנד ללת""מ200ג",יוניליוור ישראל מזון בע\,IL,מרגרינה בלובנד,גרמים,200.00,100 גרם,false,1,4.70,2.35,true,1,
8719200998018,false,מרגרינה בטעם חמאה200גרם,"מיוצר ע""\י יוניליוור ישר",IL,מחמאה מרגרינה,גרמים,200.00,100 גרם,false,1,5.00,2.50,true,1,
8719200998032,false,מזולה בטעם חמאה 250 גרם,"מיוצר ע""\י יוניליוור ישר",IL,מזולה טעם חמאה,גרמים,250.00,100 גרם,false,1,10.90,4.36,true,1,
8719200998094,false,"מזולה לאפייה ללת""מ 200 ג","מיוצר ע""\י יוניליוור ישר",IL,מזולה לאפייה,גרמים,200.00,100 גרם,false,1,6.50,3.25,true,1,
8801055707966,false,טסטרס צ'וייס בריסטה180ג,לוטה נסטלה קוריאה,KR,טסטרס צ'וייס,גרמים,180.00,100 גרם,false,1,32.90,18.28,true,1,
8801055708772,false,טסטרס צ'ויס 200+50ג מארז,לוטה נסטלה קוריאה,KR,טסטרס צ'ויס מארז,גרמים,250.00,100 גרם,false,1,32.90,13.16,true,1,
8850206250592,false,רוטב צ'ילי סיראצה 530גרם,יאן וואל יון קו.לטד,TH,רוטב צ'ילי סיראצ,גרמים,530.00,100 גרם,false,1,19.90,3.75,true,1,
8850389103111,false,משקה סאפה ענבים,,TH,משקה סאפה ענבים,מיליליטרים,300.00,"100 מ""ל",false,0,7.90,2.63,true,1,
8850389103128,false,משקה סאפה תפוח,,TH,משקה סאפה תפוח,מיליליטרים,300.00,"100 מ""ל",false,0,7.90,2.63,true,1,
8850389104637,false,סאפה אפרסק,,TH,סאפה אפרסק,מיליליטרים,300.00,"100 מ""ל",false,0,7.90,2.63,true,1,
8850389115336,false,משקה אלוורה מלון 1 ליטר,סאפה פובליק קומפני לימיט,TH,משקה אלוורה,ליטרים,1.00,ליטר,false,1,14.90,14.90,true,1,
8850632604259,false,יוגטה חמוץ מקלות תות 50ג,סאאדת,TH,יוגטה ממתק חמוץ,גרמים,50.00,100 גרם,false,0,5.30,10.60,true,1,
8850632604266,false,יוגטה חמוץ מקלות קולה50ג,סאאדת,TH,יוגטה ממתק חמוץ,גרמים,50.00,100 גרם,false,0,5.30,10.60,true,1,
8853602001607,false,"דפי אורז 22ס""מ יח",ליאן תאי ריס ורמיצ'לי קו,TH,דפי אורז,יחידה,1.00,יחידה,false,1,8.80,8.80,true,1,
8888021200256,false,שמינית סוללות AA,אנרג'ייזר,SG,שמינית סוללות,יחידה,1.00,יחידה,false,0,26.90,26.90,true,1,
8901537024014,false,אורז בסמטי דאווט,,IN,אורז בסמטי דאווט,קילוגרמים,1.00,"ק""ג",false,0,14.90,14.90,true,1,
8934878081866,false,"דפי אורז מרובע לל""ג 400ג",,TH,דפי אורז מרובעים,גרמים,400.00,100 גרם,false,1,13.90,3.48,true,1,
8994692446296,false,קונוס 40 חום *,מירה פרואין,ID,קונוס 40 חום,יחידה,1.00,יחידה,false,1,25.00,25.00,false,1,
9000100843256,false,"גליס שמן משקם 75מ""ל",הנקל סוד,SK,גליס שמן משקם,מיליליטרים,75.00,"100 מ""ל",false,0,32.90,43.87,true,1,
9002859058172,false,בננה בציפוי שוק.מריר300ג,,AT,בננה בציפוי מריר,גרמים,300.00,100 גרם,false,0,13.80,4.60,true,1,
9044400841000,false,בובת פז 3+יח מילוי,פופז,HU,סוכריות פז,גרמים,26.00,100 גרם,false,0,11.90,45.77,true,1,
9120025834723,false,חטיף אוראו מצונן 120 גרם,---,IT,חטיף אוראו מצונן,גרמים,120.00,100 גרם,false,1,16.00,13.33,true,1,
9120097310583,false,חטיף שוקו בננה מצונן120ג,---,IT,חטיף שוקו מצונן,גרמים,120.00,100 גרם,false,1,16.00,13.33,true,1,
9310072028743,false,טים טם אורגינל 200 גרם,ספץ תעשיות,AU,טים טם אורגינל,גרמים,200.00,100 גרם,false,1,21.70,10.85,true,1,
9310072028750,false,טים טם דאבל 200 גרם,ספץ תעשיות,AU,טים טם דאבל,גרמים,200.00,100 גרם,false,1,21.70,10.85,true,1,
9720188060108,false,ממרח טופו בטעם טבעי340גר,---,IL,ממרח טופו שמנת,גרמים,340.00,100 גרם,false,0,22.90,6.74,true,1,
