code,internal_code,name,manufacturer_name,manufacture_country,manufacturer_item_description,unit_qty,quantity,unit_of_measure,weighted,qty_in_package,price,unit_of_measure_price,allow_discount,status,item_id
10,true,הפרדה צלופן לשניצלים,,,תיבה 20+,יחידה,0.00,יחידה,false,,45.00,0.0000,true,1,7502
55,true,משלוחים לבית,,,משלוחים לבית,יחידה,0.00,יחידה,false,,29.90,0.0000,true,1,54574
116,true,פלסטונים,,,פלסטונים,יחידה,0.00,יחידה,false,,4.90,0.0000,true,1,20258
173,true,דלעת ערמונים,,,דלעת ערמונים,קילוגרמים,1.00,"ק""ג",true,,12.90,12.9000,true,1,54597
301,true,בקבוק ריק חוזר בירה,,,בקבוק ריק חוזר בירה,יחידה,0.00,יחידה,false,,1.20,0.0000,true,1,7148
374,true,פטריות שמפניון,,,פטריות שמפניון,יח',1.00,יח',false,,9.90,9.9000,true,1,60578
574,true,קופון מצטרף חדש למוע,,,קופון מצטרף חדש למוע,יחידה,0.00,יחידה,false,,14.90,0.0000,true,1,37972
998,true,חלה מתוקה קלועה,,,חלה מתוקה קלועה,יח',1.00,יח',false,,13.90,13.9000,true,1,2827
1058,true,חלה רגילה/חלה ציפורי,,,חלה רגילה/חלה ציפורי,גרמים,500.00,100 גרם,false,,5.17,1.0340,true,1,5016
1091,true,צנונית בייבי,,,צנונית בייבי,גרמים,400.00,100 גרם,false,,6.90,1.7250,true,1,54717
1095,true,בייבי בטטה,,,בייבי בטטה,יח',1.00,יח',false,,8.90,8.9000,true,1,54720
1488,true,אשכולית אדומה,,,אשכולית אדומה,קילוגרמים,1.00,"ק""ג",true,,6.90,6.9000,true,1,54739
1494,true,תפו`א לבן תפזורת,,,תפו`א לבן תפזורת,קילוגרמים,1.00,"ק""ג",true,,5.90,5.9000,true,1,54745
1495,true,תפו`א אדום תפזורת,,,תפו`א אדום תפזורת,קילוגרמים,1.00,"ק""ג",true,,6.90,6.9000,true,1,99449
1500,true,פלפל כתום,,,פלפל כתום,קילוגרמים,1.00,"ק""ג",true,,10.90,10.9000,true,1,54751
1501,true,עגבניות,,,עגבניות,קילוגרמים,1.00,"ק""ג",true,,7.90,7.9000,true,1,54752
1502,true,מלפפונים,,,מלפפונים,קילוגרמים,1.00,"ק""ג",true,,7.90,7.9000,true,1,54753
1503,true,גזר ארוז,,,גזר ארוז,קילוגרמים,1.00,"ק""ג",true,,5.90,5.9000,true,1,54754
1504,true,סלק,,,סלק,קילוגרמים,1.00,"ק""ג",true,,5.90,5.9000,true,1,54755
1505,true,כרוב לבן,,,כרוב לבן,קילוגרמים,1.00,"ק""ג",true,,5.90,5.9000,true,1,54756
1506,true,כרוב אדום,,,כרוב אדום,קילוגרמים,1.00,"ק""ג",true,,5.90,5.9000,true,1,54757
1507,true,כרובית,,,כרובית,קילוגרמים,1.00,"ק""ג",true,,11.90,11.9000,true,1,54758
1510,true,קישואים,,,קישואים,קילוגרמים,1.00,"ק""ג",true,,9.90,9.9000,true,1,54760
1511,true,חצילים,,,חצילים,קילוגרמים,1.00,"ק""ג",true,,8.90,8.9000,true,1,54761
1513,true,פלפל ירוק,,,פלפל ירוק,קילוגרמים,1.00,"ק""ג",true,,9.90,9.9000,true,1,54762
1514,true,פלפל בהיר,,,פלפל בהיר,קילוגרמים,1.00,"ק""ג",true,,10.90,10.9000,true,1,54763
1515,true,פלפל חריף,,,פלפל חריף,קילוגרמים,1.00,"ק""ג",true,,10.90,10.9000,true,1,54764
1516,true,פלפל אדום,,,פלפל אדום,קילוגרמים,1.00,"ק""ג",true,,10.90,10.9000,true,1,54765
1517,true,פלפל רומרו,,,פלפל רומרו,קילוגרמים,1.00,"ק""ג",true,,14.90,14.9000,true,1,99653
1518,true,מלון,,,מלון,קילוגרמים,1.00,"ק""ג",true,,6.90,6.9000,true,1,54767
1519,true,בצל יבש,,,בצל יבש,קילוגרמים,1.00,"ק""ג",true,,4.90,4.9000,true,1,54768
1521,true,קולורבי,,,קולורבי,קילוגרמים,1.00,"ק""ג",true,,9.90,9.9000,true,1,54769
1522,true,חסה ערבית,,,חסה ערבית,יח',1.00,יח',false,,4.90,4.9000,true,1,54770
1527,true,פטרוזיליה גומי,,,פטרוזיליה גומי,יח',1.00,יח',false,,3.90,3.9000,true,1,54774
1535,true,תפו`א אדום ארוז,,,תפו`א אדום ארוז,קילוגרמים,1.00,"ק""ג",true,,5.90,5.9000,true,1,54782
1542,true,ערמונים,,,ערמונים,קילוגרמים,1.00,"ק""ג",true,,18.90,18.9000,true,1,54789
1545,true,שום ארוז ייבוא יח',,,שום ארוז ייבוא יח',יח',1.00,יח',false,,5.90,5.9000,true,1,54792
1547,true,שומר,,,שומר,קילוגרמים,1.00,"ק""ג",true,,7.90,7.9000,true,1,54794
1550,true,תפו`א לבן ארוז,,,תפו`א לבן ארוז,קילוגרמים,1.00,"ק""ג",true,,4.90,4.9000,true,1,54797
1551,true,לימון,,,לימון,קילוגרמים,1.00,"ק""ג",true,,8.90,8.9000,true,1,54798
1552,true,תפוז,,,תפוז,קילוגרמים,1.00,"ק""ג",true,,6.90,6.9000,true,1,54799
1553,true,ענב לבן,,,ענב לבן,קילוגרמים,1.00,"ק""ג",true,,29.90,29.9000,true,1,54800
1555,true,תפוז ארוז,,,תפוז ארוז,קילוגרמים,1.00,"ק""ג",true,,5.90,5.9000,true,1,54802
1556,true,בננה מובחרת,,,בננה מובחרת,קילוגרמים,1.00,"ק""ג",true,,7.90,7.9000,true,1,54803
1557,true,צנון,,,צנון,קילוגרמים,1.00,"ק""ג",true,,8.90,8.9000,true,1,54804
1558,true,אשכולית צהובה,,,אשכולית צהובה,קילוגרמים,1.00,"ק""ג",true,,6.90,6.9000,true,1,54805
1560,true,דלעת ארוזה,,,דלעת ארוזה,קילוגרמים,1.00,"ק""ג",true,,10.90,10.9000,true,1,54807
1561,true,תפוח עץ זהוב,,,תפוח עץ זהוב,קילוגרמים,1.00,"ק""ג",true,,11.90,11.9000,true,1,54808
1563,true,תפוח עץ חרמון,,,תפוח עץ חרמון,קילוגרמים,1.00,"ק""ג",true,,10.90,10.9000,true,1,54810
1564,true,תפוח עץ סמיט,,,תפוח עץ סמיט,קילוגרמים,1.00,"ק""ג",true,,10.90,10.9000,true,1,54811
1568,true,רימון,,,רימון,קילוגרמים,1.00,"ק""ג",true,,9.90,9.9000,true,1,54814
1570,true,קלמנטינה,,,קלמנטינה,קילוגרמים,1.00,"ק""ג",true,,6.90,6.9000,true,1,54816
1571,true,פלפל שושקה,,,פלפל שושקה,קילוגרמים,1.00,"ק""ג",true,,14.90,14.9000,true,1,54817
1572,true,אבוקדו מובחר,,,אבוקדו מובחר,קילוגרמים,1.00,"ק""ג",true,,11.90,11.9000,true,1,54818
1573,true,מנגו,,,מנגו,קילוגרמים,1.00,"ק""ג",true,,15.90,15.9000,true,1,54819
1574,true,בטטה מתוקה,,,בטטה מתוקה,קילוגרמים,1.00,"ק""ג",true,,9.90,9.9000,true,1,54820
1576,true,אגסים,,,אגס,קילוגרמים,1.00,"ק""ג",true,,12.90,12.9000,true,1,54821
1577,true,אגס נאשי,,,אגס נאשי,קילוגרמים,1.00,"ק""ג",true,,17.90,17.9000,true,1,54822
1588,true,תירס ארוז,,,תירס ארוז,קילוגרמים,1.00,"ק""ג",true,,9.90,9.9000,true,1,54830
1590,true,משורית סרט 1590 ממ,,,פומלה,קילוגרמים,1.00,"ק""ג",true,,8.90,8.9000,true,1,54831
1590,true,משורית סרט 1590 ממ,,,משורית סרט 1590 ממ,,1000.00,,false,,8.90,0.0089,true,1,82343
1595,true,חציל בלדי,,,חציל בלדי,קילוגרמים,1.00,"ק""ג",true,,11.90,11.9000,true,1,54835
1601,true,סלרי חתוך ליח,,,סלרי חתוך ליח,יח',1.00,יח',false,,6.90,6.9000,true,1,54840
1604,true,אפרסמון 7.0,,,אפרסמון,קילוגרמים,1.00,"ק""ג",true,,14.90,14.9000,true,1,54843
1605,true,גויאבה,,,גויאבה,קילוגרמים,1.00,"ק""ג",true,,21.90,21.9000,true,1,54844
1610,true,שרי אשכולות לקג,,,שרי אשכולות לקג,קילוגרמים,1.00,"ק""ג",true,,19.90,19.9000,true,1,54848
1613,true,דלורית,,,דלורית,קילוגרמים,1.00,"ק""ג",true,,6.90,6.9000,true,1,54851
1615,true,בצל אדום,,,בצל אדום,קילוגרמים,1.00,"ק""ג",true,,6.90,6.9000,true,1,54853
1617,true,אננס,,,אננס,יח',1.00,יח',false,,39.90,39.9000,true,1,54854
1619,true,פומלית,,,פומלית,קילוגרמים,1.00,"ק""ג",true,,6.90,6.9000,true,1,54856
1620,true,קיווי,,,קיווי,קילוגרמים,1.00,"ק""ג",true,,18.90,18.9000,true,1,54857
1632,true,קישוא זוקיני ירוק,,,קישוא זוקיני ירוק,קילוגרמים,1.00,"ק""ג",true,,12.90,12.9000,true,1,54866
1635,true,אגס אדום,,,אגס אדום,קילוגרמים,1.00,"ק""ג",true,,17.90,17.9000,true,1,54868
1645,true,תפוח עץ גלה,,,תפוח עץ גלה,קילוגרמים,1.00,"ק""ג",true,,10.90,10.9000,true,1,54874
1646,true,סלרי ראש,,,סלרי ראש,יח',1.00,יח',false,,6.90,6.9000,true,1,172593
1683,true,תפוח עץ פינק קריפס,,,תפוח עץ פינק קריפס,קילוגרמים,1.00,"ק""ג",true,,14.90,14.9000,true,1,54896
1708,true,גזר תפזורת,,,גזר תפזורת,קילוגרמים,1.00,"ק""ג",true,,5.90,5.9000,true,1,54913
1814,true,בצלצלי שאלוט,,,בצלצלי שאלוט,גרמים,280.00,100 גרם,false,,14.90,5.3214,true,1,55558
1847,true,גזר צבעוני,,,גזר צבעוני,יח',1.00,יח',false,,9.90,9.9000,true,1,54951
1876,true,עירית ליח,,,עירית ליח,יח',1.00,יח',false,,6.90,6.9000,true,1,54975
1880,true,רוקולה ליח,,,רוקולה ליח,גרמים,100.00,100 גרם,false,,7.90,7.9000,true,1,98836
3500,true,עוף טרי כולל פירוק,,,עוף טרי שלם,קילוגרמים,1.00,"ק""ג",true,,19.90,19.9000,true,1,28010
3501,true,כרעיים עוף טרי,,,כרעיים עוף טרי,קילוגרמים,1.00,"ק""ג",true,,29.90,29.9000,true,1,28011
3502,true,חזה עוף טרי,,,חזה עוף טרי,קילוגרמים,1.00,"ק""ג",true,,34.90,34.9000,true,1,28012
3506,true,גרון הודו זכר טרי,,,גרון הודו זכר טרי,קילוגרמים,1.00,"ק""ג",true,,29.90,29.9000,true,1,28016
3507,true,שניצל עוף פרוס טרי,,,שניצל עוף פרוס טרי,קילוגרמים,1.00,"ק""ג",true,,38.90,38.9000,true,1,20259
3508,true,כנפים הודו טרי,,,כנפים הודו טרי,קילוגרמים,1.00,"ק""ג",true,,19.90,19.9000,true,1,28017
3511,true,חזה הודו טרי,,,חזה הודו טרי,קילוגרמים,1.00,"ק""ג",true,,34.90,34.9000,true,1,28019
3512,true,שוארמה נקבה טרי,,,שוארמה נקבה טרי,קילוגרמים,1.00,"ק""ג",true,,74.90,74.9000,true,1,28020
3517,true,שוקיים פטם טרי,,,שוקיים פטם טרי,קילוגרמים,1.00,"ק""ג",true,,34.90,34.9000,true,1,28024
3522,true,שוארמה פרגיות טרי,,,שוארמה פרגיות טרי,קילוגרמים,1.00,"ק""ג",true,,59.90,59.9000,true,1,28028
3546,true,בשר עוף טרי טחון,,,בשר עוף טרי טחון,קילוגרמים,1.00,"ק""ג",true,,36.90,36.9000,true,1,16021
8888,true,פיקדון זיכוי לקוח,,,פיקדון זיכוי לקוח,יחידה,0.00,יחידה,false,,0.30,0.0000,true,1,39509
9999,true,פיקדון בקבוקים,,,פיקדון בקבוקים,יחידה,0.00,יחידה,false,,0.30,0.0000,true,1,17
5678585,true,ענב סקרלוטה,,,ענב סקרלוטה,קילוגרמים,1.00,"ק""ג",true,,22.90,22.9000,true,1,130163
12295065,false,תרד בנספק,,,תרד בנספק,יח',1.00,יח',false,,9.90,9.9000,true,1,92861
32147230,false,"מיץ לימון משומר 200מ""ל(לימונית אקסטרא)",ג'נרל מילס סאן אדריא,,מיץ לימון סיצילייה 2,מיליליטרים,200.00,"100 מ""ל",false,,7.90,3.9500,true,1,6056
40052403,false,קיט קט 4 אצבעות שוקולד חלב,נסטלה Nestle,,קיט קט אצבעות 40 גרם,גרמים,40.00,100 גרם,false,,4.90,12.2500,true,1,1225
40111216,false,באונטי חטיף קוקוס ושוקולד 57ג',"נארז ע""י : א.ג. גילר",,חטיף שוקולד באונטי 5,גרמים,57.00,100 גרם,false,,4.90,8.5965,true,1,14608
72940754,false,"מילקי מעדן וניל עם קצפת שטראוס 133 מ""ל","שטראוס גרופ בע""\מ",,"מילקי וניל 170 מ""ל",מיליליטרים,170.00,"100 מ""ל",false,,2.90,1.7059,true,1,24741
72940761,false,"מילקי מעדן שוקולד עם קצפת שטראוס 133 מ""ל",מיוצר עי קונדיטוריית,,מילקי שוקולד מהדרין,מיליליטרים,170.00,"100 מ""ל",false,,2.90,1.7059,true,1,24742
72940952,false,מעדן מילקי בטעם שוקולד עם אקסטרה קצפת,"שטראוס גרופ בע""\מ",,מילקי אקסטראה קצפת מ,מיליליטרים,110.00,"100 מ""ל",false,,4.10,3.7273,true,1,24743
72941041,false,מעדן מילקי מיני בטעם שוקולד עם קצפת,"שטראוס גרופ בע""\מ",,מיני מילקי שוקולד 70,מיליליטרים,70.00,"100 מ""ל",false,,2.50,3.5714,true,1,24746
72961506,false,יוגורט עם תות 1.5% שומן 125 ג' פרילי,מיוצר עי קונדיטוריית,,פרילי תות 1.5% 125מל,מיליליטרים,125.00,"100 מ""ל",false,,3.90,3.1200,true,1,27100
72961520,false,"פרילי יוגורט עם אננס 1.5% תנובה 125 מ""ל",מיוצר עי קונדיטוריית,,פרילי אננס 1.5% 125מ,מיליליטרים,125.00,"100 מ""ל",false,,3.90,3.1200,true,1,27102
72961544,false,"באדי יוגורט בטעם תות שדה 3% תנובה 125 מ""ל",מחלבת אלון תבור,,באדי תות 125מל,מיליליטרים,125.00,"100 מ""ל",false,,3.50,2.8000,true,1,27103
72964132,false,פרילי טבע יוגורט עם גרנולה 200 גרם,מיוצר עי קונדיטוריית,,פרילי טבע עם גרנולה,מיליליטרים,200.00,"100 מ""ל",false,,5.50,2.7500,true,1,27111
72964422,false,יוגורט פרחים 4.5% שומן 200 גרם,מחלבת תנובה,,תנובה יוגורט פרחים 4,מיליליטרים,200.00,"100 מ""ל",false,,3.50,1.7500,true,1,27113
72983997,false,קופסה גולף גולד ארוך בוקס,דובק,,גולף גולד ארוך,יחידה,0.00,יחידה,false,,30.90,0.0000,false,1,5137
72986370,false,"גלידת בן & ג'ריס פיינטים וניל 500מ""ל",מוצרי איכות אמריקאיים,,גלידת פיינטים וניל צ,מיליליטרים,420.00,"100 מ""ל",false,,24.90,5.9286,true,1,15008
72986424,false,"גלידת בן & ג'ריס פיינטים קרם עוגיות 500מ""ל",מוצרי איכות אמריקאיים בע,,גלידת פיינטים קרם עו,מיליליטרים,420.00,"100 מ""ל",false,,24.90,5.9286,true,1,15009
72986448,false,"גלידת בן & ג'ריס פיינטים טופי קראנץ 500מ""ל",מוצרי איכות אמריקאיים בע,,גלידת טופי קרנץ,מיליליטרים,420.00,"100 מ""ל",false,,24.90,5.9286,true,1,15010
72986455,false,"גלידה ניו יורק סופר פאדג' צ'אנק בן אנד ג'ריס 500 מ""ל",מוצרי איכות אמריקאיים בע,,גלידת פיינטים ניו-יו,מיליליטרים,420.00,"100 מ""ל",false,,24.90,5.9286,true,1,15011
72986479,false,"גלידה שוקולד אגוז עם בננות בן וג'ירי 500 מ""ל",מוצרי איכות אמריקאיים בע,,גלידת פיינטים צאנקי,מיליליטרים,420.00,"100 מ""ל",false,,24.90,5.9286,true,1,15012
72989425,false,"גלידת בן & ג'ריס פיינטים שוקולד בראוניז 500מ""ל",מוצרי איכות אמריקאיים בע,,גלידת פיינטים שוקולד,מיליליטרים,500.00,"100 מ""ל",false,,24.90,4.9800,true,1,15014
72991374,false,סיגריות טיים רד בודד,דובק,,טיים רד,יחידה,0.00,יחידה,false,,29.90,0.0000,false,1,5139
72991381,false,סיגריות טיים 100 RED בודד,דובק,,טיים רד ארוך,יחידה,0.00,יחידה,false,,29.90,0.0000,false,1,5140
72991886,false,"גלידת דולצ'ה בטעם ריבת חלב עם פאדג' בן וג'ירי 500 מ""ל",מוצרי איכות אמריקאיים בע,,גלידת בן&גריס פיינט,מיליליטרים,750.00,"100 מ""ל",false,,24.90,3.3200,true,1,15015
72993637,false,מעדן חלב בטעם שוקולד 125 ג' דני,"שטראוס גרופ בע""\מ",,דני מהדרין שוקו בודד,מיליליטרים,125.00,"100 מ""ל",false,,2.90,2.3200,true,1,24750
76136184,false,סיגריות פאל מל סלימס כחול בודד,Unknown,,פאל מאל בלו סופרסלימ,יחידה,0.00,יחידה,false,,31.00,0.0000,false,1,4643
80050025,false,סוכריות טיק טק תפוז 16 גרם,פררו - אלבה,,טיק טק תפוז,גרמים,16.00,100 גרם,false,,3.90,24.3750,true,1,48549
80052760,false,קינדר בואנו Kinder Bueno עם חלב ואגוזי לוז,פררו - אלבה,,חטיף קינדר בואנו שוק,גרמים,43.00,100 גרם,false,,5.50,12.7907,true,1,48554
80176800,false,נוטלה ממרח שוקולד 750 גרם,פררו תעשיות איטליה ס,,ממרח שוקולד נוטלה 75,גרמים,750.00,100 גרם,false,,27.90,3.7200,true,1,48556
80177173,false,ממרח שוקולד נוטלה 350 גרם,פררו - אלבה,,ממרח נוטלה קקאו עם א,גרמים,350.00,100 גרם,false,,15.90,4.5429,true,1,48557
80177609,false,אצבעות שוקולד קינדר Kinder ארבע יחידות,פררו - אלבה,,קינדר אצבעות שוק.חלב,גרמים,50.00,100 גרם,false,,5.50,11.0000,true,1,48558
80177616,false,אצבעות שוקולד קינדר Kinder שמונה יחידות,פררו - אלבה,,אצבעות שוקולד קינדר,גרמים,100.00,100 גרם,false,,8.90,8.9000,true,1,48559
80761761,false,קינדר בואנו לבן בודד 39 גרם,ליימן שליסל,,קינדר בואנו לבן 39ג,גרמים,43.00,100 גרם,false,,5.50,12.7907,true,1,48560
80773429,false,מנטוס בקבוק מעוגל - מסטיק ללא סוכר בטעם תות 60 גרם,"פרפטי ואן מלה ג'\ידה,סאן",,מסטיק מנטוס בקבוק בט,גרמים,60.00,100 גרם,false,,10.90,18.1667,true,1,113549
80773443,false,מנטוס בקבוק מעוגל - מסטיק ללא סוכר בטעם מנטה 60 גרם,"פרפטי ואן מלה ג'\ידה,סאן",,מסטיק מנטוס בקבוק בט,גרמים,60.00,100 גרם,false,,10.90,18.1667,true,1,84322
80790990,false,מסטיק מנטוס בבקבוק מעוגל בטעם פירות -מנטה 60 ג',"פרפטי ואן מלה ג'\ידה,סאן",,מסטיק מנטוס בקבוק בט,גרמים,60.00,100 גרם,false,,10.90,18.1667,true,1,84323
80874652,false,קארדס חטיף בוד 25.6 ג קינדר,פררו,,קינדר קארדס חטיף בוד,גרמים,25.60,100 גרם,false,,4.50,17.5781,true,1,138720
80896081,false,מנטוס בקבוק מעוגל - מסטיק ללא סוכר בטעם אבטיח 60 גרם,"פרפטי ואן מלה ג'\ידה,סאן",,מסטיק מנטוס בקבוק בט,גרמים,60.00,100 גרם,false,,10.90,18.1667,true,1,113550
80913467,false,מנטוס בקבוק מעוגל - מסטיק ללא סוכר בטעם מנטה,פרפטי ואן מלה הולנד,,מסטיק מנטוס בקבוק בט,גרמים,60.00,100 גרם,false,,10.90,18.1667,true,1,84324
80936848,false,סוכריות טיק טק בטעם תות שדה,ליימן-שליסל,,טיק טק תות שדה 16גר,גרמים,16.00,100 גרם,false,,3.90,24.3750,true,1,48562
80995128,false,מנטוס בקבוק עגול בטעם הדרים בתוספת ויטמינים 60 גרם,פרפטי ואן מלה הולנד,,מסטיק מנטוס ויטמין ל,גרמים,60.00,100 גרם,false,,10.90,18.1667,true,1,492719
87108538,false,סוכריות בטעם תות מנטוס 37.5 גרם,הדקלאים אגודת שיתופי,,מנטוס תות בגליל 37.5,גרמים,37.50,100 גרם,false,,4.50,12.0000,true,1,13690
87108651,false,סוכריות בטעם מנטה מנטוס 4*37.5 גרם,הדקלאים אגודת שיתופי,,סוכריות מנטוס מנטה 1,גרמים,150.00,100 גרם,false,,11.90,7.9333,true,1,13691
87108712,false,סוכריות בטעם פירות מנטוס 4*37.5 גרם,פרפטי ואן מלה ברדה,,סוכריות מנטוס פירות,גרמים,150.00,100 גרם,false,,11.90,7.9333,true,1,13692
90087066,false,מיץ תפוזים 100% טבעי 1 ל' RAUCH,ראוך Rauch,,מיץ תפוזים 100%,יחידה,0.00,יחידה,false,,12.50,0.0000,true,1,92854
90087974,false,חומץ טבעי מתפוחים 750 מל,ראוך פרוכטסאפה,,חומץ תפוחים 5% תומר,מיליליטרים,750.00,"100 מ""ל",false,,15.90,2.1200,true,1,26279
90162602,false,רד בול משקה אנרגיה פקדון 30 אג,רד בול ג'י.אם.בי. אץ,,משקה אנרגיה RED BULL,מיליליטרים,250.00,"100 מ""ל",false,,8.50,3.4000,true,1,11822
198888886,false,עיגול אגורות,,,עיגול אגורות,יחידה,0.00,יחידה,false,,1.00,0.0000,true,1,57486
11182700954,false,קינג קול שעועית שחורה 439 גרם,האנאובר פודס קורפורשיין,,שעועית שחורה 232 גרם,גרמים,439.00,100 גרם,false,,10.90,2.4829,true,1,64414
11210000094,false,"רוטב ""טבסקו"" על בסיס פלפל אדום 60 מ""ל",מקאילהייני אייבורי,,טבסקו,מיליליטרים,60.00,"100 מ""ל",false,,12.90,21.5000,true,1,51443
11210698055,false,רוטב טבסקו סרירציה 566 גרם,מק. אילהיני קו,,רוטב טבסקו סרירצ'ה,מיליליטרים,566.00,"100 מ""ל",false,,29.90,5.2827,true,1,106163
16000423534,false,חטיפי גרנולה קראנצ'י עם שיבולת שועל ושוקולד מריר נייצ'ר ואלי 5*42 גרם,ג'נרל מילס סאן אדריאן,,חטיף קראנצי שיבולת ש,גרמים,210.00,100 גרם,false,,21.90,10.4286,true,1,67335
16000548404,false,חטיפי גרנולה קראנצ'י עם שיבולת שועל ודבש נייצ'ר ואלי 5*42 גרם,ג'נרל מילס סאן אדריאן,,חטיף קראנצי גרנולה ש,גרמים,210.00,100 גרם,false,,21.90,10.4286,true,1,13705
16000548503,false,חטיפי גרנולה קראנצ'י עם מייפל וסוכר חום נייצ'ר ואלי 5*42 גרם,ג'נרל מילס סאן אדריאן,,חטיף קראנצי גרנולה מ,גרמים,210.00,100 גרם,false,,21.90,10.4286,true,1,13706
16000548602,false,חטיפי גרנולה קראנצ'י קינמון נייצ'ר ואלי 5*24 גרם,ג'נרל מילס סאן אדריאן,,חטיף שיבולת שועל מלא,גרמים,210.00,100 גרם,false,,21.90,10.4286,true,1,13708
16000548909,false,חטיפי גרנולה קראנצ'י במגוון טעמים נייצ'ר ואלי 5*42 גרם,ג'נרל מילס סאן אדריאן,,חטיף קראנצי גרנולה מ,גרמים,210.00,100 גרם,false,,21.90,10.4286,true,1,13709
16229924263,false,"ארוי-די קרם קוקוס 250 מ""ל",תאי אגרי פוד פובליק קו'\,,"קרם קוקוס 250 מ""ל.",מיליליטרים,250.00,"100 מ""ל",false,,10.90,4.3600,true,1,109533
18000701223,false,"פילסברי, עוגה בטעם שוקולד, תערובת להכנת עוגה בטעם שוקולד. 500 גרם",הדקלאים אגודת שיתופי,,תערובת לעוגת שוק.דוי,גרמים,500.00,100 גרם,false,,19.90,3.9800,true,1,67338
25675120006,false,חמצוצים 4 צבעים טעמים טבעי 100 גרם,פאסין ב.ו,,חמצוצים חמצוצים טבעי,גרמים,100.00,100 גרם,false,,10.90,10.9000,true,1,4360
25675120037,false,מקלות חמצוצים תות פשקז 100 גרם,פשקס קנדי,,חמצוצים מקלות תות 10,גרמים,100.00,100 גרם,false,,10.90,10.9000,true,1,4362
25675120068,false,מקלות חמצוצים בטעם קולה פשקז 100 גרם,פשקז Paskesz,,חמצוצים מקלות קולה 1,גרמים,100.00,100 גרם,false,,10.90,10.9000,true,1,4364
36000183399,false,"ליטל סווימרס בגד-ים חד פעמי 7-15 ק""ג M האגיס",חוגלה קימברלי,,האגיס בגד ים חד פעמי,יחידה,0.00,יחידה,false,,35.90,0.0000,true,1,9502
36000516890,false,קלינקס לושן שלוש שכבות 120 יחידות,חוגלה קימברלי,,קלינקס לושן תלת שכבת,יחידה,0.00,יחידה,false,,21.90,0.0000,true,1,198671
37600207188,false,חמאת בוטנים סקיפי קלאסי 462 גרם,חברת המזון אלגוד,,סקיפי חמאת בוטנים קל,גרמים,462.00,100 גרם,false,,20.90,4.5238,true,1,5812
37600207256,false,חמאת בוטנים סקיפי עם שברי בוטנים 462 גרם,חברת המזון אלגוד,,סקיפי חמאת בוטנים עם,גרמים,462.00,100 גרם,false,,20.90,4.5238,true,1,5813
38000232152,false,פרינגלס חטיפי תפוח אדמה בטעם ברביקיו 158 גרם,פרינגלס מנופקצ'ורינג קומ,,פרינגלס ביג ברביקיו,גרמים,158.00,100 גרם,false,,10.90,6.8987,true,1,208517
38000232176,false,פרינגלס ביג שמנת בצל 158 גרם,פרינגלס מנופקצ'ורינג קונ,,פרינגלס ביג שמנת בצל,גרמים,158.00,100 גרם,false,,10.90,6.8987,true,1,208518
38000232183,false,פרינגלס ביג אורגינל 149 גרם,פרינגלס מנופקצ'ורינג קונ,,פרינגלס ביג אורגינל,גרמים,158.00,100 גרם,false,,10.90,6.8987,true,1,208519
38527591053,false,קואקר דגנים מרובעים שיבולת שועל וקינמון,קוואקר אוטס קומפני,,דגני בוקר מרובעים קי,גרמים,412.00,100 גרם,false,,22.70,5.5097,true,1,25335
38527591060,false,דגני קוואקר מרובעים Quaker Squares עם סוכר חום,קוואקר אוטס קומפני,,דגני בוקר מרובעים קו,גרמים,412.00,100 גרם,false,,22.70,5.5097,true,1,25336
41224700260,false,צלפים מיניאטורים בחומץ 90 ג,סיבס,,צלפים מינאטוריים בחו,גרמים,90.00,100 גרם,false,,19.50,21.6667,true,1,74073
42400108153,false,דגני בוקר צבעוניים בטעם פירות טוטי פרוטיס,פוסט ארצות הברית,,דגני פרוטיס פוסט 354,גרמים,354.00,100 גרם,false,,26.90,7.5989,true,1,270558
46214382259,false,עוגיות בראוניס שוקולד 225 ג',בנקטבקריי מרבה בי.וי,,מרבה עוגיות בראוניס,גרמים,225.00,100 גרם,false,,10.90,4.8444,true,1,68437
46214731552,false,עוגיות שוקולד צ'יפס 37% גודיס 225 גרם,קריניציה ויטמינה אס,,מרבה עוגיות שוקולד צ,גרמים,225.00,100 גרם,false,,10.90,4.8444,true,1,23270
50000084500,false,מזון יבש לחתול בטעם נתחי ברביקיו פריסקיז Friskies,נסטלה פורינה USA מק,,פריסקיז מעדני השף מנ,קילוגרמים,1.43,"ק""ג",false,,39.90,27.9021,true,1,20977
50000100347,false,"פריסקיז - מעדני החתול מועשר בחלב 1.40 ק""ג",נסטלה פורינה USA מק,,פריסקיז מעדני החתול,קילוגרמים,1.40,"ק""ג",false,,39.90,28.5000,true,1,20979
50000225224,false,מזול חתולים פריסקיז פילה הודו ברוטב 156 גרם,נסטלה פורינה USA קר,,פריסקיז פריים פילה ה,גרמים,156.00,100 גרם,false,,7.50,4.8077,true,1,20981
50000238910,false,"""פריסקיז פארטי מיקס אוריגי'נל קראנץ 60 גרם",נטסלה פורינה פטקר ארצות,,פריסקיז פארטי מיקס א,גרמים,60.00,100 גרם,false,,13.90,23.1667,true,1,465788
50000429448,false,פריסקיז פנסי פיסט פטה מוס סלמון 85 גרם,נסטלה פורינה USA סט,,פנסי פיסט פטה מוס סל,גרמים,85.00,100 גרם,false,,6.90,8.1176,true,1,20991
50000429646,false,פריסקיז פנסי פיסט לח דג אוקיאנוס 85 גרם,נסטלה פורינה USA ג',,פנסי פיסט פטה דג אוק,גרמים,85.00,100 גרם,false,,6.90,8.1176,true,1,20992
50000574414,false,"""פריסקיז פארטי מיקס פיקניק קראנץ 60 גרם",נסטלה פורינה פטקר ארצות,,פריסקיז פארטי מיקס פ,גרמים,60.00,100 גרם,false,,13.90,23.1667,true,1,465789
52100005966,false,גבישי שום מקורמיק 85 גרם,מקרומיק,,גבישי שום 85 גרם McC,גרמים,85.00,100 גרם,false,,27.90,32.8235,true,1,442296
52100006260,false,אבקת שום מקורמיק 88 גרם,מקרומיק,,אבקת שום 88 גרם McCo,גרמים,88.00,100 גרם,false,,29.90,33.9773,true,1,442312
52100070865,false,"תמצית וניל טהור מקורמיק 29 מ""ל",מקורמיק האנט ואלי,,תמצית וניל טהורה 29,מיליליטרים,29.00,"100 מ""ל",false,,29.90,103.1034,true,1,14627
52100142593,false,תערובת תיבול להמבורגר 77 גר,מקרומיק תבלינים,,תערובת תיבול להמבורג,גרמים,77.00,100 גרם,false,,21.90,28.4416,true,1,442117
54881003971,false,תה ירוק מבחר 20 שקיקים,אחמד תה אנגליה,,תה ירוקמ בחר 20 שקיו,גרמים,180.00,100 גרם,false,,11.90,6.6111,true,1,276619
55369902564,false,אפלסנקס רביעיות רסק תפוחי עץ ללא תוספת סוכר עברית,ליהי אורצ'דאניק,,אפלסנקס רסק תפוחי עץ,גרמים,452.00,100 גרם,false,,14.90,3.2965,true,1,39983
64144090020,false,"ספריי שמן PAM בטעם שמן זית 141 מ""ל",ליימן מותגים,,תרסיס שמן זית פאם 14,גרמים,148.00,100 גרם,false,,21.00,14.1892,true,1,13737
64144090051,false,"ספריי שמן PAM קנולה אורגינל 148 מ""ל",קונאגרה פודס,,תרסיס שמן קנולה פאם,מיליליטרים,148.00,"100 מ""ל",false,,21.00,14.1892,true,1,13738
70177077563,false,תה ארל גריי 25 שקיות טוינינגס 50 גר,אר. טווינינגס אנד קומפני,,טווינינג ארל גריי 50,גרמים,50.00,100 גרם,false,,19.90,39.8000,true,1,128025
70177077693,false,תה אנגליש ברקפסט 25 שקיות טוינינגס 50 גר,אר. טווינינגס אנד קומפני,,טווינינג אינגליש ברק,גרמים,50.00,100 גרם,false,,19.90,39.8000,true,1,128026
70177173159,false,תה ירוק עם לימון 25 שק TWININGS,אר. טווינינגס אנד קו,,טווינינג גרין למון 4,גרמים,40.00,100 גרם,false,,21.90,54.7500,true,1,128029
76840001774,false,"גלידה עוגיות חלב עם חתיכות פאדג בן וג'ירי 500 מ""ל",מוצרי איכות אמריקאיים בע,,גלידת פיינטים שוק' צ,מיליליטרים,420.00,"100 מ""ל",false,,24.90,5.9286,true,1,231835
76840100156,false,"בן אנד גריס גלידת צרי גרסיה 500 מ""ל",מוצרי איכות אמריקאיים בע,,בן&גרי גלידה צרי גרס,גרמים,473.00,100 גרם,false,,24.90,5.2643,true,1,15023
76840100583,false,גלידה וניל +בצק עוגיות ושוקולד צי'פס 473ג,מוצרי איכות אמריקאיים בע,,גלידה וניל +בצק עוגי,מיליליטרים,473.00,"100 מ""ל",false,,24.90,5.2643,true,1,15025
77975036976,false,מטבל עגבניות בחריפות עדינה סניידרס 439 ג',סניידרס אוף האנובר,,סניידרס מטבל סלסה בח,גרמים,439.00,100 גרם,false,,18.90,4.3052,true,1,13743
77975094631,false,סניידרס סנדוויץ' בייגלה במילוי קרם בטעם צ'דר 226 גרם,סניידרס Snyder's,,סניידרס בייגלה סנדוו,גרמים,266.00,100 גרם,false,,21.50,8.0827,true,1,293469
77975094778,false,סניידרס שברי בייגלה בטעם דבש חרדל ובצל,סניידרס אוף האנובר,,סניידרס שברי בייגלה,גרמים,340.00,100 גרם,false,,21.50,6.3235,true,1,327336
80432402931,false,"וויסקי סקוטי, שיבאס ריגאל 12 שנה, 700 מ''ל",מזקקת האחים שיבאס,,שיבאס וויסקי ריגאל 1,מיליליטרים,700.00,"100 מ""ל",false,,144.90,20.7000,true,1,69004
611745285685,true,אבוקדו בשל יח,,,אבוקדו בשל יח,גרמים,470.00,100 גרם,false,,9.90,2.1064,true,1,109297
613008742348,false,אריזונה ג'נסינג ודבש בקבוק 1 ליטר,"נטורלה גטרנק בע""\מn\",,אריזונה ג'נסנג ודבש,ליטרים,1.00,ליטר,false,,12.80,12.8000,true,1,258189
645173911038,false,קורנישון מלפפוןן מיני 720 גרם - תומר,קלמן אינדיה פי וי סי,,מלפפונים קורנישון מי,גרמים,720.00,100 גרם,false,,11.90,1.6528,true,1,26282
649660432020,false,היל ויו שזיפים מיובשים מגולענים 567 גרם,היל ויו פקינג קומפני,,הייל ויו שזיפים מיוב,גרמים,567.00,100 גרם,false,,29.90,5.2734,true,1,319587
693493065672,false,טחינה מלאה הר כנען 100% שומשום 500 גר,,,טחינה מלאה הר כנען -,גרמים,500.00,100 גרם,false,,15.90,3.1800,true,1,434383
728229123613,false,טרה חטיף על בסיס תפוח אדמה כחול בטעם טבעי 110 גרם,היין סלסטיאל גרופ,,טרה צ'יפס חטיף ירקות,גרמים,50.00,100 גרם,false,,15.90,31.8000,true,1,6084
728229123811,false,טרה חטיף על בסיס ירקות שורש בתיבול ים תיכוני 110 גרם,הונדורס צ'יפס יצור א,,טרה צ'יפס חטיף ים ת,גרמים,110.00,100 גרם,false,,15.90,14.4545,true,1,6085
728229130154,false,טרה חטיף על בסיס בטטה וסלק בטעם טבעי 110 גרם,הונדורס צ'יפס יצור א,,טרה צ'יפס חטיף בטטה,גרמים,110.00,100 גרם,false,,15.90,14.4545,true,1,6087
768404001640,false,"גלידה בן&ג'ריס קפה משפחתית 500מ""ל",מוצרי איכות אמריקאיים בע,,גלידה פיינטס קפה 473,מיליליטרים,473.00,"100 מ""ל",false,,24.90,5.2643,true,1,15047
786150000281,false,"שישייה בירה לף בראון בקבוק 330X6 מ""ל","אינבב, ברוורייפליין",,בירה חזקה לף בראון 3,ליטרים,1.98,ליטר,false,,49.90,25.2020,true,1,404548
787269647763,false,קפה קר קפוצ'ינו 250,,,קפה קר קפוצ'ינו 250,מיליליטרים,250.00,"100 מ""ל",false,,6.90,2.7600,true,1,334834
787269647770,false,"קפה קר אספרסו 250 מ""",,,"קפה קר אספרסו 250 מ""",מיליליטרים,250.00,"100 מ""ל",false,,6.90,2.7600,true,1,334835
787269647787,false,"קפה קר לאטה 250 מ""ל",,,"קפה קר לאטה 250 מ""ל",מיליליטרים,250.00,"100 מ""ל",false,,6.90,2.7600,true,1,334836
884912359155,false,דגני בוקר האני באנצ'ס האני רוסטד פוסט 340 גרם,פוסט ארצות הברית,,דגני בוקר שיבולת שוע,גרמים,340.00,100 גרם,false,,26.70,7.8529,true,1,404650
884912365200,false,דגני בוקר אוראו שחור ולבן 311 גרם,פוסט ארצות הברית,,דגני בוקר עם פירורי,גרמים,311.00,100 גרם,false,,26.90,8.6495,true,1,466536
3010470155299,false,פריסקיז Friskies פטה בקר וירקות,ניו פטפוד איטליה,,פריסקיז פטה בקר וירק,גרמים,400.00,100 גרם,false,,10.90,2.7250,true,1,83823
3014260201753,false,סכיני גילוח ג'ילט בלו 2 להבים - מארז 5 יח',דיפלומט מפיצים (1968) בעמ,,סכיני גילוח חד פעמיי,יחידה,0.00,יחידה,false,,14.80,0.0000,true,1,28528
3045206360609,false,"דזיטול נוזל מחטא בגדים בכביסה, 1 ליטר",יעקב יעקבי ובניו בעמ,,דזיטול נוזל מחטא בגד,מיליליטרים,1.00,"100 מ""ל",false,,25.90,2590.0000,true,1,410486
3046920028004,false,לינדט שוקולד אקסלנס מריר 70% 100 גר,לינדט ושפרונגלי קילשברג,,לינדט אקסלנס 70% 100,גרמים,100.00,100 גרם,false,,17.90,17.9000,true,1,14643
3046920028363,false,לינדט אקסלנס 85% מוצקי קקאו 100 גרם,לינדט ושפרונגלי קילשברג,,לינדט אקסלנס 85% 100,גרמים,100.00,100 גרם,false,,17.90,17.9000,true,1,14644
3046920029759,false,אקסלנס שוקולד מריר 90% לינדט (100 גרם),לינדט ושפרונגלי קילשברג,,לינדט אקסלנס 90% 100,גרמים,100.00,100 גרם,false,,17.90,17.9000,true,1,14648
3073781161663,false,גבינה מותכת 18.5% שומן לה וואש קירי,בני ג`ורג` שוקחה (חיפה) בעמ,,גבינת לה וואש קירי 8,גרמים,128.00,100 גרם,false,,13.90,10.8594,true,1,308788
3073781161687,false,גבינה לוואש קרי(מותכת) 16 יח 256 גר,בני ג`ורג` שוקחה (חיפה) בעמ,,גבינה מותכת לה וואש,גרמים,256.00,100 גרם,false,,24.90,9.7266,true,1,308804
3073781162790,false,גבינה מותכת בייבי בל 120 גרם,א. סיימן סחר בעמ,,בייבי בל 24% אדום 12,גרמים,120.00,100 גרם,false,,23.90,19.9167,true,1,431777
3080216034645,false,"בירה רגינברג אמברה 330 מ""ל",company supply carlsberg,,בירה Grimbergen ambr,מיליליטרים,330.00,"100 מ""ל",false,,11.20,3.3939,true,1,420163
3141360054405,false,פיניש מפיץ ריח למדיח בניחוח לימון וליים,רקיט בנקיזר (ניר איסט) בעמ,,פיניש מפיץ ריח לימון,יחידה,0.00,יחידה,false,,17.90,0.0000,true,1,22769
3161911229199,false,חמאה צרפתית רכה למריחה אל & ויר 250 גרם,א. סיימן סחר בעמ,,אלוויר חמאה רכה 250ג,גרמים,250.00,100 גרם,false,,23.90,9.5600,true,1,18171
3178530417357,false,בראוניז שוקולד לבן סנט מישל 210 גרם,א. סיימן סחר בעמ,,בראוניז שוקולד לבן ס,גרמים,210.00,100 גרם,false,,18.90,9.0000,true,1,380070
3245412211393,false,שוקולד חלב מעולה קרפ,,FR,שוקולד חלב מעולה קרפ,גרמים,300.00,100 גרם,false,,8.90,2.9667,true,1,437366
3245412211409,false,שוקולד חלב מעולה עם,,FR,שוקולד חלב מעולה עם,גרמים,300.00,100 גרם,false,,16.90,5.6333,true,1,437195
3270190174936,false,שוקולד חלב עם תכולת,,FR,שוקולד חלב עם תכולת,גרמים,100.00,100 גרם,false,,6.90,6.9000,true,1,437229
3387390525960,false,קראנץ' דגני בוקר עם שוקולד חלב נסטלה 500 גרם,קבוצת אוסם סחר שותפות מוגבלת,,דגני קראנץ' נסטלה 50,גרמים,500.00,100 גרם,false,,26.90,5.3800,true,1,21006
3560070230778,false,קרפור-תה אנגלי שחור,,,קרפור-תה אנגלי שחור,גרמים,50.00,100 גרם,false,,7.90,15.8000,true,1,494299
3560070232963,false,קרפור-חליטת פירות יע,,,קרפור-חליטת פירות יע,גרמים,40.00,100 גרם,false,,7.90,19.7500,true,1,494217
3560070582884,false,קרפור סטייליס עם שוק,,,קרפור סטייליס עם שוק,גרמים,300.00,100 גרם,false,,9.90,3.3000,true,1,474581
3560070669981,false,שוקולד מריר מעולה 80,,FR,שוקולד מריר מעולה 80,גרמים,80.00,100 גרם,false,,5.90,7.3750,true,1,437180
3560070701407,false,שוקולד מריר מעולה עם,,FR,שוקולד מריר מעולה עם,גרמים,100.00,100 גרם,false,,6.90,6.9000,true,1,437212
3560070720859,false,שוקולד מריר מעולה 72,,FR,שוקולד מריר מעולה 72,גרמים,80.00,100 גרם,false,,5.90,7.3750,true,1,437213
3560070800322,false,קרפור סנופלקס 375 גר,,,קרפור סנופלקס 375 גר,גרמים,375.00,100 גרם,false,,7.90,2.1067,true,1,474614
3560070800353,false,קרפור הוני בולז 375,,,קרפור הוני בולז 375,גרמים,375.00,100 גרם,false,,7.90,2.1067,true,1,474651
3560070826186,false,קרפור מוזלי שוקולד ו,,,קרפור מוזלי שוקולד ו,גרמים,750.00,100 גרם,false,,15.90,2.1200,true,1,474615
3560070852086,false,קרפור-תה ירוק בטעם נ,,,קרפור-תה ירוק בטעם נ,גרמים,40.00,100 גרם,false,,7.90,19.7500,true,1,494250
3560070852116,false,קרפור-תה ירוק נענע 5,,,קרפור-תה ירוק נענע 5,גרמים,80.00,100 גרם,false,,9.90,12.3750,true,1,494234
3560070888108,false,קרפור-תה שחור בטעם ל,,,קרפור-תה שחור בטעם ל,גרמים,40.00,100 גרם,false,,7.90,19.7500,true,1,494282
3560070888115,false,קרפור-חליטת טיליה 25,,,קרפור-חליטת טיליה 25,גרמים,42.50,100 גרם,false,,7.90,18.5882,true,1,494186
3560070888122,false,קרפור-חליטת קמומיל 2,,,קרפור-חליטת קמומיל 2,גרמים,30.00,100 גרם,false,,7.90,26.3333,true,1,494154
3560070888139,false,קרפור-תה שחור בטעם פ,,,קרפור-תה שחור בטעם פ,גרמים,42.50,100 גרם,false,,7.90,18.5882,true,1,494266
3560070888153,false,קרפור-תה ירוק בטעם ל,,,קרפור-תה ירוק בטעם ל,גרמים,40.00,100 גרם,false,,7.90,19.7500,true,1,494283
3560070928194,false,קרפור-חליטת לואיזה 2,,,קרפור-חליטת לואיזה 2,גרמים,32.50,100 גרם,false,,7.90,24.3077,true,1,494170
3560070928347,false,קרפור-חליטת רויבוש ו,,,קרפור-חליטת רויבוש ו,גרמים,40.00,100 גרם,false,,7.90,19.7500,true,1,494218
3560071013127,false,קרפור סטייליס עם שוק,,,קרפור סטייליס עם שוק,גרמים,300.00,100 גרם,false,,9.90,3.3000,true,1,474616
3560071013196,false,קרפור סטייליס בטעם ט,,,קרפור סטייליס בטעם ט,גרמים,500.00,100 גרם,false,,10.90,2.1800,true,1,474597
3560071016074,false,פתיתי תירס קלויים קר,,,קרפור קורונפלקס 500,גרמים,500.00,100 גרם,false,,7.90,1.5800,true,1,474634
3560071188689,false,בירה Walberg 6*250 מ,,,בירה Walberg 6*250 מ,ליטרים,1.50,ליטר,false,,19.90,13.2667,true,1,494011
3560071341947,false,שמן זית כתית מעולה ב,,FR,שמן זית כתית מעולה ב,מיליליטרים,750.00,"100 מ""ל",false,,11.50,1.5333,true,1,473604
3560071432003,false,קפסולות קפה קרפור עו,,FR,קפסולות קפה קרפור עו,גרמים,52.00,100 גרם,false,,7.90,15.1923,true,1,475657
3560071432065,false,קפסולות קפה קרפור עו,,FR,קפסולות קפה קרפור עו,גרמים,52.00,100 גרם,false,,7.90,15.1923,true,1,475659
3560071432096,false,קפסולות קפה קרפור עו,,FR,קפסולות קפה קרפור עו,גרמים,52.00,100 גרם,false,,7.90,15.1923,true,1,475660
3560071432157,false,קפסולות קפה וניל קרפ,,FR,קפסולות קפה וניל קרפ,גרמים,52.00,100 גרם,false,,7.90,15.1923,true,1,475661
3560071432218,false,קפסולות קפה אגוז קרפ,,FR,קפסולות קפה אגוז קרפ,גרמים,52.00,100 גרם,false,,7.90,15.1923,true,1,475663
3560071432331,false,קפסולות קפה לאוס קרפ,,FR,קפסולות קפה לאוס קרפ,גרמים,52.00,100 גרם,false,,7.90,15.1923,true,1,475667
3560071432362,false,קפסולות קפה קניה קרפ,,FR,קפסולות קפה קניה קרפ,גרמים,52.00,100 גרם,false,,7.90,15.1923,true,1,475668
3560071432393,false,קפסולות קפה קוסטה רי,,FR,קפסולות קפה קוסטה רי,גרמים,52.00,100 גרם,false,,7.90,15.1923,true,1,475669
3560071432690,false,קפסולות קפה קרפור עו,,FR,קפסולות קפה קרפור עו,גרמים,52.00,100 גרם,false,,7.90,15.1923,true,1,475671
3574661114637,false,ליסטרין שטיפת פה קול מינט טעם מעודן 500,ג'\ונסון אנד ג'\ונסון,,מי פה זירו ליסטרין 5,מיליליטרים,500.00,"100 מ""ל",false,,23.90,4.7800,true,1,31564
3600523651870,false,שמפו לחיזוק סיב השערה לכל סוגי השיער,לוריאל ישראל קוסמטיקס בעמ,,שמפו ארגנין אלביב 55,מיליליטרים,550.00,"100 מ""ל",false,,17.90,3.2545,true,1,123854
3600523652280,false,"לוריאל אלביב שמפו מועשר ב 6 שמנים, 550 מ""ל",לוריאל ישראל קוסמטיקס בעמ,,שמפו 6 שמנים אלביב 5,מיליליטרים,550.00,"100 מ""ל",false,,17.90,3.2545,true,1,123863
3600541253667,false,"גרנייה - דאודורנט ספריי לאישה אינביזיבל BWC (ורוד) 150 מ""ל",לוריאל ישראל קוסמטיקס בעמ,,דאודורנט ספריי אינבי,מיליליטרים,150.00,"100 מ""ל",false,,11.90,7.9333,true,1,13411
3608580730248,false,קונפיטורה בטעם דובדבן 370 ג BONNE MAMAN,ר.ב. מוצרי דגנים בעמ,,קונפיטורה דובדבן 370,גרמים,370.00,100 גרם,false,,21.90,5.9189,true,1,22603
3608580730255,false,קונפיטורה בטעם משמש 370 גר BONNE MAMAN,ר.ב. מוצרי דגנים בעמ,,קונפיטורה משמש 370 ג,גרמים,370.00,100 גרם,false,,21.90,5.9189,true,1,22604
3800034954150,false,מארז 3 יחידות פריש דריי,,,עץ ריח איירון שלישיה,יחידה,0.00,יחידה,false,,10.50,0.0000,true,1,34248
4009300522935,false,תה ירוק לימונית ולואיזה פומפדור 20 יחידות,"איטיליאן פוד, אס.פי.",,פומפדור תה ירוק לימו,גרמים,30.00,100 גרם,false,,20.90,69.6667,true,1,23345
4009300524588,false,חליטת צמחים פומפדור פירות יער 20 יחידות,ש. שסטוביץ בע`מ,,פומפדור חליטת פירות,גרמים,60.00,100 גרם,false,,17.90,29.8333,true,1,23347
4009900535519,false,מסטיק אורביט רפרשרס ספירמינט ללא סוכר 15.6גר',"מרס ריגלי ישראל בע""מ",,אורביט רפרשרס אריזה,גרמים,15.00,100 גרם,false,,4.90,32.6667,true,1,276706
4009900535540,false,מסטיק אורביט רפרשרס פפרמינט ללא סוכר 15.6גר',"מרס ריגלי ישראל בע""מ",,אורביט רפרשרס פפרמינ,גרמים,15.00,100 גרם,false,,4.90,32.6667,true,1,276707
4009900535823,false,מסטיק אורביט רפרשרס באבלמינט ללא סוכר 15.6גר',"מרס ריגלי ישראל בע""מ",,אורביט רפרשרס באבלמי,גרמים,15.00,100 גרם,false,,4.90,32.6667,true,1,276708
4009900539746,false,"מסטיק פייב באונס בטעם אבטיח בקבוקון, 61.8 גרם",מרס ריגלי ישראל בעמ,,מסטיק בטעם אבטיח ללא,גרמים,31.80,100 גרם,false,,12.90,40.5660,true,1,401789
4011100001220,false,מרס חטיף שוקולד עם קרמל מארז 403 גרם,לינדט ושפרונגלי קילשברג,,מרס מיני 403 גרם,גרמים,403.00,100 גרם,false,,24.90,6.1787,true,1,14665
4011800567613,false,מאגדת קורני מילק דרק & ואיט 120 גרם,מיוצר עי קונדיטוריית,,חטיף דגנים סנדוויץ ש,גרמים,120.00,100 גרם,false,,14.90,12.4167,true,1,6219
4011800577810,false,מארז חטיפי קורני פרי נוגט 120 גרם,משה סידס ובנו בעמ,,קורני חטיף דגנים נוג,גרמים,150.00,100 גרם,false,,14.90,9.9333,true,1,370445
4011800617714,false,"""קורני"" ביג שוקו בננה50 גרם",מיוצר עי קונדיטוריית,,חטיף דגנים ביג שוקו,גרמים,50.00,100 גרם,false,,5.90,11.8000,true,1,193186
4011800628512,false,חטיף קורני שוקולד חלב 6 יח 150 גר,מיוצר עי קונדיטוריית,,חטיף דגנים עם שוקולד,גרמים,150.00,100 גרם,false,,14.90,9.9333,true,1,66721
4011800630515,false,חטיף קורני שוקולד חלב ובננה 6 יח 150 גר,מיוצר עי קונדיטוריית,,חטיף דגנים עם שוקולד,גרמים,150.00,100 גרם,false,,14.90,9.9333,true,1,6235
4011800633516,false,קורני בציפוי שוקולד מריר מעולה 6*23,משה סידס ובנו בעמ,,חטיף דגנים שוקולד מר,גרמים,138.00,100 גרם,false,,14.90,10.7971,true,1,66723
4014400901191,false,בונבונריית מרסי מבחר ממתקי שוקולד 250 גרם,ליימן שליסל בע`מ,,בונבונירה מרסי 250 ג,גרמים,250.00,100 גרם,false,,28.90,11.5600,true,1,13790
4014400904376,false,סוכריות טופי בטעם שוקולד סטורק 325 גרם,קריניציה ויטמינה אס,,סוכ.שטורק שוקולדן 32,גרמים,325.00,100 גרם,false,,18.80,5.7846,true,1,13797
4014400910063,false,סוכריות חמאה וורטרס אורגינל (135 גרם),ליימן שליסל בע`מ,,סוכריות חמאה וורטר 1,גרמים,135.00,100 גרם,false,,10.50,7.7778,true,1,13802
4014400914696,false,וורטרס אורגינל סוכריות ללא סוכר 80 גרם,ליימן שליסל בע`מ,,80 סוכריות חמאה וורט,גרמים,80.00,100 גרם,false,,9.90,12.3750,true,1,13808
4014400923711,false,בונבוניירה שוקולד אגוזים טופיפי 125 גרם,ליימן שליסל בע`מ,,טופיפי בונבונירה שוק,גרמים,125.00,100 גרם,false,,13.90,11.1200,true,1,13813
4014600202623,false,רגולדס סוכריות בפח בטעם דובדובן 150 גרם,RAGOLDS GMBH,,סוכריות בפח בטעם דוב,גרמים,150.00,100 גרם,false,,10.90,7.2667,true,1,451368
4015400564034,false,מגן תחתון אולוויז מגה פק לונג פלוס 58 יחידות,דיפלומט מפיצים (1986) בע`מ,,מגן תחתון לונג פלוס,יחידה,0.00,יחידה,false,,18.90,0.0000,true,1,28696
4015400564454,false,מגני תחתון אולוויז לארג' עם ניחוח מגה פק,דיפלומט מפיצים (1986) בע`מ,,מגן תחתון לארג מגה פ,יחידה,0.00,יחידה,false,,18.90,0.0000,true,1,28700
4017100364112,false,בלזן היט בסקוויט סנדביץ עם מלית קרם בטעם שוקולד קקאו (41%) 220 גרם,הדקלאים אגודת שיתופי,,היט עוגיות סנדביץ בט,גרמים,220.00,100 גרם,false,,9.90,4.5000,true,1,119801
4066600999614,false,"בירה פאולנר, בירת חיטה מעוננת, בקבוק 500 מ""ל",טמפו משקאות בע`מ,,בירה פאולנר בקבוק 50,מיליליטרים,500.00,"100 מ""ל",false,,13.50,2.7000,true,1,66986
4084500149526,false,טייד גל כביסה 2.48 ליטר אלפים רענן,דיפלומט מפיצים (1986) בע`מ,,טייד גל 2.48 ליטר,ליטרים,2.48,ליטר,false,,30.70,12.3790,true,1,28955
4607109409619,false,פיניש הכל ב-1 טבליות למדיח 25 יח,רקיט בנקיזר (ניר איסט) בעמ,,טבליות למדיח כלים AI,גרמים,470.00,100 גרם,false,,34.90,7.4255,true,1,22778
4640018993350,false,פיניש קוואנטום קפסולות ג'ל למדיח כלים לימון 30 יח',רקיט בנקיזר (ניר איסט) בעמ,,פיניש קוואנטום לימון,יחידה,0.00,יחידה,false,,43.90,0.0000,true,1,224081
4710068001692,false,מאסטר קפה בטעם לאטה בפחית 240מ`ל,תאיט מרקטינג אנד דיסטריב,,מאסטר קפה לאטה פחית,מיליליטרים,240.00,"100 מ""ל",false,,6.90,2.8750,true,1,10066
4710068001715,false,משקה בטעם טירמיסו מאסטר קפה (240 מל),יוני פרזינדנט אנטרפר,,מאסטר קפה טירמיסו 24,מיליליטרים,240.00,"100 מ""ל",false,,6.90,2.8750,true,1,42984
4710068003313,false,מאסטר קפה אמריקאנו בפחית 240מ`ל,מאיטה פוד אינדוסטריא,,מאסטר קפה אמריקנו בל,מיליליטרים,240.00,"100 מ""ל",false,,7.90,3.2917,true,1,357812
4800888219534,false,דאב - דאודורנט סטיק לאישה אנטי פרספירמט 50 גרם,יוניליוור ישראל שיווק בע`מ,,דאורדורנט סטיק אוריג,גרמים,50.00,100 גרם,false,,19.90,39.8000,true,1,314276
4903001904192,false,"רוטב סויה יאמאסה פרימיום 500מ""ל",הדקלאים אגודת שיתופי,,רוטב סויה יאמאסה פרמ,מיליליטרים,500.00,"100 מ""ל",false,,18.90,3.7800,true,1,13830
4903001925784,false,"רוטב סויה יאמאסה דל מלח 500מ""ל פרימיום",הדקלאים אגודת שיתופי,,רוטב סויה יאמאסה דל,מיליליטרים,500.00,"100 מ""ל",false,,18.90,3.7800,true,1,13832
5000146401568,false,וולייט דפים למניעת העברת צבע 10 דפים,רקיט בנקיזר (ניר איסט) בעמ,,לכביסה ווליט דפים שו,יחידה,0.00,יחידה,false,,18.90,0.0000,true,1,22789
5000146980322,false,קרם להסרת שיער לעור רגיל מועשר בחלב לוטוס ויסמין,רקיט בנקיזר (ניר איסט) בעמ,,קרם להסרת שיער ניחוח,מיליליטרים,100.00,"100 מ""ל",false,,33.90,33.9000,true,1,107048
5000157143365,false,מתבל בטעם מיונז וקטשופ היינץ 425 גרם,דיפלומט מפיצים (1968) בעמ**,,מתבל בטעם מיונז וקטש,מיליליטרים,425.00,"100 מ""ל",false,,15.90,3.7412,true,1,203141
5000159407236,false,מרס חטיף שוקולד עם קרמל 51 גרם,"מרס ריגלי ישראל בע""מ",,חטיף מרס 51 גרם,גרמים,51.00,100 גרם,false,,4.90,9.6078,true,1,14675
5000159538626,false,טוויקס מארז חטיף 50 גרם חמישייה,"מרס ריגלי ישראל בע""מ",,חטיף טוויקס מארז 5*2,גרמים,250.00,100 גרם,false,,12.90,5.1600,true,1,308770
5000189974579,false,מארז מיני חטיפי קיט קט Kit Kat,קבוצת אוסם סחר שותפות מוגבלת,,קיט קט מיני 200 גרם,גרמים,200.00,100 גרם,false,,10.90,5.4500,true,1,127349
5000394137486,false,רביעיות סוללות אופטימום AA דורסל,דיפלומט מפיצים (1968) בעמ,,סוללות דורסל רבעיות,יחידה,0.00,יחידה,false,,23.90,0.0000,true,1,404529
5000394141209,false,סוללות דורסל פלוס פאוור AAA שישיית,דיפלומט מפיצים (1986) בע`מ,,סוללות דורסל שישיות,יחידה,0.00,יחידה,false,,24.90,0.0000,true,1,404511
5000396037548,false,מקוויטיס ביסקוויט מצופה שוקולד מריר 200 גרם,תה ויסוצקי (ישראל)בעמ,,מקוויטיס מצופה שוקול,גרמים,200.00,100 גרם,false,,11.90,5.9500,true,1,101237
5000396037944,false,מקוויטיס ביסקוויט אורגינל 250 גרם,תה ויסוצקי (ישראל)בעמ,,מקוויטים ביסקוויטים,גרמים,250.00,100 גרם,false,,9.90,3.9600,true,1,101238
5010026519368,false,שיבולת שועל מורנפלייק בשקית 500 גר`,ליימן שליסל בע`מ,,פתיתי שיבולת שועל -,גרמים,500.00,100 גרם,false,,9.90,1.9800,true,1,303698
5010123703547,false,ליסטרין פרש בורסט 500 מל-יבוא מקביל,בית הצעצוע בעמ,,מי פה פרש בוסט ליסטר,מיליליטרים,500.00,"100 מ""ל",false,,15.90,3.1800,true,1,191417
5010677551397,false,"בקרדי בריזר בטעם לימון ליים 275 מ""ל",בקרדי בריזר Bacardi Breezer,,בקרדי בריזר ליים,מיליליטרים,275.00,"100 מ""ל",false,,14.90,5.4182,true,1,66991
5010677554398,false,בריזר אבטיח בבקבוק בקרדי (275 מל),בקרדי בריזר Bacardi Breezer,,בקרדי בריזר אבטיח,מיליליטרים,275.00,"100 מ""ל",false,,14.90,5.4182,true,1,66992
5014271330426,false,מעדן אוכמניות כחולות ללא תוספת סוכר 284 גרם,סאן דלפור - שמבור,,סאן דלפור מעדן אוכמנ,גרמים,284.00,100 גרם,false,,22.90,8.0634,true,1,18215
5014271360423,false,"מעדן תפוזים לל""ס סאן דלפור 284 גרם",סאן דלפור - שמבור,,סאן דלפור מעדן תפוז,גרמים,284.00,100 גרם,false,,22.90,8.0634,true,1,18217
5014271400426,false,"מעדן בטעם תות שדה לל""ס סאן דלפור 284 גרם",נטו מלינדה סחר בעמ,,סאן דלפור מעדן תות ש,גרמים,284.00,100 גרם,false,,22.90,8.0634,true,1,18221
5014271795980,false,מעדן חמוציות ואוכמניות ללא תוספת סוכר 284 גרם,א. סיימן סחר בעמ,,סאן דלפור מעדן חמוצי,גרמים,284.00,100 גרם,false,,22.90,8.0634,true,1,18226
5029053002408,false,קלינקס - נייר טואולט קליניקס לבן 9 גלילים,קימברלי קלארק ישראל שיווק בעמ,,נייר טואלט קליניקס ל,מטרים,275.00,מטר,false,,34.90,0.1269,true,1,9514
5029053039725,false,ממחטות נייר קלינקס נטורל פרש קופסה 72 דף,קימברלי קלארק ישראל שיווק בעמ,,טישו נטורל פרש קופסא,יחידה,0.00,יחידה,false,,10.90,0.0000,true,1,349583
5029053523446,false,קוטקס - תחבושות אולטרה נייט + כנפיים 20 יח',קימברלי קלארק ישראל שיווק בעמ,,תחבושות אולטרה נייט+,יחידה,0.00,יחידה,false,,19.90,0.0000,true,1,9521
5029053578309,false,קופסת ממחטות אולטרה סופט 48 דף קלינקס,קימברלי קלארק ישראל שיווק בעמ,,טישו אולטרה סופט קוב,יחידה,0.00,יחידה,false,,7.90,0.0000,true,1,349612
5060250343741,false,הרשיז ראונדס קוקיס אנד קרים 96ג',הרשיז,,הרשיז ראונדס קוקיס א,גרמים,96.00,100 גרם,false,,12.50,13.0208,true,1,430442
5060751218173,false,"משקה אנרגיה מונסטר אנרג'י piplin punch בפחית 500 מ""ל",החברה המרכזית להפצת משקאות בעמ,,מונסטר פייפלין פאנץ',מיליליטרים,500.00,"100 מ""ל",false,,7.90,1.5800,true,1,420354
5201004020338,false,גליליות קפריס קרם אגוזים שוקולד 400 גר,משה סידס ובנו בעמ,,קפריס רולס קלאסיק 40,גרמים,400.00,100 גרם,false,,20.90,5.2250,true,1,141242
5201004021328,false,קפריס רולס גלילי וופל במילוי קרם אגוזי לוז וקקאו,אי. ג'יי פאפאדופולוס,,קפריס רולס קלאסיק 11,גרמים,115.00,100 גרם,false,,9.90,8.6087,true,1,284607
5201347160326,false,גל לשמירה על חיי מכונת הכביסה קלגון 750מ,רקיט בנקיזר (ניר איסט) בעמ,,קלגון גל 750 מ'ל,מיליליטרים,750.00,"100 מ""ל",false,,34.20,4.5600,true,1,96826
5201940010110,false,זיתים שחורים קלמטה וילי פוד 250 גרם,ג. וילי-פוד אינטרנשיונל בע`מ,,זיתים שחורים קלמטה ו,גרמים,250.00,100 גרם,false,,17.90,7.1600,true,1,3523
5203064007625,false,עוגיות שוקולד צ'יפס 180 גרם תומר,,,תומר עוגיות שוקו צ'י,גרמים,180.00,100 גרם,false,,11.90,6.6111,true,1,370758
5203064007649,false,עוגיות שוקולד צ'יפס טריפל 180 גרם תומר,,,תומר עוגיות שוקו צ'י,גרמים,180.00,100 גרם,false,,11.90,6.6111,true,1,370760
5391523057943,false,סימילאק גולד שלב 3 תרכובת מזון על בסיס חלב,אבוט מעבדות רפואיות,,סימילאק גולד שלב 3 7,גרמים,700.00,100 גרם,false,,72.90,10.4143,true,1,121608
5410076933129,false,אריאל אבקת כביסה שושן צחור 3 קג,דיפלומט מפיצים (1986) בע`מ,,אריאל שושן צחור שקית,קילוגרמים,3.00,"ק""ג",false,,38.90,12.9667,true,1,29151
5410126116953,false,ממרח ביסקוויט קרמל לוטוס (400 גרם),דיפלומט מפיצים (1968) בעמ**,,לוטוס ממרח ביסקוויט,גרמים,400.00,100 גרם,false,,26.20,6.5500,true,1,5918
5410126666038,false,"ביסקוויט קרמל לוטוס 279 גרם בד""צ",דיפלומט מפיצים (1968) בעמ**,,עוגיות לוטוס 279 גרם,גרמים,279.00,100 גרם,false,,16.90,6.0573,true,1,129558
5410126716016,false,"עוגיות לוטוס ביסקויט קרמל בד""צ 250 גרם",דיפלומט מפיצים (1968) בעמ**,,ביסקוויט בטעם קרמל ל,גרמים,250.00,100 גרם,false,,12.90,5.1600,true,1,66650
5411188081852,false,אלפרו משקה סויה בטעם וניל 1 ליטר,הנסיך- מפעל לייצור ט,,אלפרו משקה סויה בטעם,יחידה,0.00,יחידה,false,,14.90,0.0000,true,1,23384
5411188094159,false,רביעיית מעדן סויה שוקו מריר אלפרו 125 גרם,הנסיך- מפעל לייצור ט,,אלפרו מעדן סויה שוק.,מיליליטרים,500.00,"100 מ""ל",false,,19.80,3.9600,true,1,23385
5411188110835,false,אלפרו חלב סויה שקדים וניל 1ל',הנסיך- מפעל לייצור ט,,אלפרו משקה שקדים 1 ל,ליטרים,1.00,ליטר,false,,16.80,16.8000,true,1,23390
5411188112709,false,"משקה קוקוס אלפרו 1 ליטר משקה שקדים לל""ס",הנסיך- מפעל לייצור ט,,אלפרו משקה שקדים ללא,יחידה,0.00,יחידה,false,,16.80,0.0000,true,1,23394
5411188115366,false,משקה קוקוס אלפרו 1 ליטר משקה שיבולת שועל 1 ליטר,הנסיך- מפעל לייצור ט,,אלפרו משקה שיבולת שו,יחידה,0.00,יחידה,false,,16.80,0.0000,true,1,23397
5411188115472,false,משקה סויה 1 ליטר אלפרו,הנסיך- מפעל לייצור ט,,אלפרו משקה סויה 1 לי,ליטרים,1.00,ליטר,false,,14.90,14.9000,true,1,248418
5411188120742,false,משקה קוקוס אלפרו 1 ליטר שקדים וניל 1 ל',הנסיך- מפעל לייצור ט,,אלפרו משקה שקדים בטע,ליטרים,1.00,ליטר,false,,16.80,16.8000,true,1,23404
5411188124689,false,משקה אלפרו שיבולת שועל ללא סוכר 1 ליטר,שטראוס גרופ בע`מ,,אלפרו משקה שיבולת שו,יחידה,0.00,יחידה,false,,16.80,0.0000,true,1,273144
5411188124726,false,משקה שיבולת שועל שקדים 1 ליטר אלפרו,הדקלאים אגודת שיתופי,,אלפרו משקה שיבולת שו,יחידה,0.00,יחידה,false,,16.80,0.0000,true,1,108171
5411188134985,false,אלפרו 3.5% NOT M*LK שיבולת שועל 1 ליטר בית יוסף,שטראוס גרופ בעמ/מצונן,,אלפרו 3.5% שומן NOT,ליטרים,1.00,ליטר,false,,14.90,14.9000,true,1,328507
5411188543398,false,אלפרו משקה סויה 1 ליטר ללא סוכר,הנסיך- מפעל לייצור ט,,אלפרו משקה סויה ללא,ליטרים,1.00,ליטר,false,,14.90,14.9000,true,1,252891
5413121355082,false,שוקולד בלגי מריר משובח 72 פרסטיז 100 גרם,BCG,,שוקולד בלגי מריר 72%,גרמים,100.00,100 גרם,false,,12.90,12.9000,true,1,20700
5413121355099,false,בלג'יאן-שוקו' מריר %72 פולי קפה 100 גר' 1/25,BCG,,שוקולד מריר 72% עם פ,גרמים,100.00,100 גרם,false,,12.90,12.9000,true,1,450402
5413121355143,false,שוקולד בלגי לבן משובח פרסטיז 100 גרם,BCG,,שוקולד לבן משובח בלג,גרמים,100.00,100 גרם,false,,12.90,12.9000,true,1,450431
5413121364121,false,"בלגיאן -טראפלס קקאו ""חג שמח"" 150ג'",Q Chocolate,,שוקולד טראפלס קקאו ז,גרמים,150.00,100 גרם,false,,15.90,10.6000,true,1,451403
5413121388905,false,בלגיאן-טראפלס אגוז חג שמח 150 גרם,Q Chocolate,,שוקולד טראפלס אגוז,גרמים,150.00,100 גרם,false,,15.90,10.6000,true,1,450464
5413149655522,false,"אבקת כביסה שושן צחור 1.25 ק""ג אריאל",דיפלומט מפיצים (1986) בע`מ,,אריאל אבקת כביסה שוש,קילוגרמים,1.25,"ק""ג",false,,19.90,15.9200,true,1,29173
5701932026971,false,הוטפופ גרעיני תירס להכנת פופקורן במיקרוגל בטעם חמאה 600 גרם,ליימן שליסל בע`מ,,הוט פופ פופקורן בטעם,גרמים,600.00,100 גרם,false,,16.90,2.8167,true,1,13842
5701932026995,false,"הוטפופ גרעיני תירס להכנת פופקורן במיקרוגל בטעם טבעי מופחת שומן, 510 גרם",קריניציה ויטמינה אס,,הוט פופ פופקורן לייט,גרמים,510.00,100 גרם,false,,16.90,3.3137,true,1,13843
5711953106583,false,גבינת שמנת בטעם טבעי 200 גרם ארלה,שטראוס גרופ בעמ/מצונן,,ארלה גבינת שמנת טבעי,גרמים,200.00,100 גרם,false,,16.90,8.4500,true,1,185516
5711953106590,false,גבינת שמנת ארלה שמנת שום 200 גרם,שטראוס גרופ בעמ/מצונן,,ארלה גבינת שמנת שום,גרמים,200.00,100 גרם,false,,16.90,8.4500,true,1,185517
5711953106606,false,גבינת שמנת עם תבלינים ועשבי תיבול 23.5%,שטראוס גרופ בעמ/מצונן,,ארלה גבינת שמנת עשבי,גרמים,200.00,100 גרם,false,,16.90,8.4500,true,1,185518
5711953148347,false,גבינת שמנת בטעם טבעי 300 גרם ארלה,שטראוס גרופ בעמ (ח),,גבינת שמנת טבעי ארלה,גרמים,300.00,100 גרם,false,,24.90,8.3000,true,1,473371
5740900403222,false,ממרח לורפק חמאה עם מלח מופחת שומן 250 ג,שטראוס גרופ בעמ/מצונן,,ממרח לורפק עם מלח מו,גרמים,250.00,100 גרם,false,,17.90,7.1600,true,1,133118
5740900403239,false,ממרח חמאה דנית לורפק ללא מלח 250 גרם,שטראוס גרופ בעמ/מצונן,,ממרח לורפק ללא מלח 2,גרמים,250.00,100 גרם,false,,17.90,7.1600,true,1,133119
5740900403253,false,ממרח מחמאת לורפק עם מלח 500 ג',שטראוס גרופ בעמ/מצונן,,ממרח לורפק עם מלח 50,גרמים,500.00,100 גרם,false,,30.80,6.1600,true,1,133121
5740900403260,false,ממרח מחמאת לורפק ללא מלח 27% פחות שומן,שטראוס גרופ בעמ/מצונן,,ממרח לורפק ללא מלח מ,גרמים,250.00,100 גרם,false,,17.90,7.1600,true,1,133112
5765220190171,false,עטרות נייר אפיה 5 -130 יחידות,,,עטרות נייר לאפייה 4,יח',130.00,יח',false,,5.90,0.0454,true,1,273766
5765220190539,false,סביבון קפיץ אורות מנגן,,,סביבון קפיץ אורות מנ,יחידה,0.00,יחידה,false,,15.90,0.0000,true,1,259962
5900020012814,false,דגנים תפוחים בטעם שוקולד נסקוויק נסטלה 500 גרם,קבוצת אוסם סחר שותפות מוגבלת,,דגני בוקר נסקוויק נס,גרמים,500.00,100 גרם,false,,27.90,5.5800,true,1,21009
5900020015174,false,פיטנס חטיפי אנרגיה דגנים בטעם שוקולד נסטלה 6*23.5 גרם,קבוצת אוסם סחר-שות.מוגבלת,,פיטנס חטיף דגנים שוק,גרמים,141.00,100 גרם,false,,17.90,12.6950,true,1,21010
5900020018908,false,פיטנס חטיפי אנרגיה דגנים בטעם קרם עוגיות נסטלה 6*23.5 גרם,קבוצת אוסם סחר-שות.מוגבלת,,פיטנס חטיף דגנים קרם,גרמים,141.00,100 גרם,false,,17.90,12.6950,true,1,21016
5900020025647,false,חטיף דגנים פיטנס שוקולד חלב 135 גרם מארז 6 יחידות,קבוצת אוסם סחר שותפות מוגבלת,,פיטנס בר דליס שוקולד,גרמים,135.00,100 גרם,false,,17.90,13.2593,true,1,21024
5900020026552,false,דגני בוקר האני נאט צ'יריוס בטעם דבש ושקדים,קבוצת אוסם סחר שותפות מוגבלת,,האני נאט ציריוס נסטל,גרמים,625.00,100 גרם,false,,27.90,4.4640,true,1,21032
5900020034021,false,פיטנס חטיף דגנים שוקו בננה נסטלה (23.5x6,קבוצת אוסם סחר שותפות מוגבלת,,פיטנס חטיף דגנים שוק,גרמים,141.00,100 גרם,false,,17.90,12.6950,true,1,138607
5900020037916,false,דגני בוקר שיבולת שועל צ'ריוס 375ג',קבוצת אוסם סחר שותפות מוגבלת,,צ'יריוס שיבולת שועל,גרמים,375.00,100 גרם,false,,17.90,4.7733,true,1,312080
5900020039132,false,דגני בוקר צ'יריוס משיבולת שועל בטעם תפוח עץ קינמון,קבוצת אוסם סחר-שות.מוגבלת,,צ'יריוס שיבולת שועל,גרמים,320.00,100 גרם,false,,17.90,5.5937,true,1,305103
5900020039620,false,פיטנס חטיף דגנים שקדים ודבש פרווה 8 6*23 ג,קבוצת אוסם סחר שותפות מוגבלת,,חטיף דגנים שקדים ודב,גרמים,141.00,100 גרם,false,,17.90,12.6950,true,1,358037
5900627063233,false,טבליות למדיח הכל ב-1 פיניש מקס 50 יחידות,רקיט בנקיזר (ניר איסט) בעמ,,50 יח AIO טבליות פינ,גרמים,800.00,100 גרם,false,,41.90,5.2375,true,1,22854
5902198160403,false,XL משקה אנרגיה מוגז ללא סוכר עד 10 קלוריות לפחית 250 מל,"טמפו משקאות בע""\מ",,אקס אל משקה אנרגיה ט,מיליליטרים,250.00,"100 מ""ל",false,,4.90,1.9600,true,1,82533
5902768862553,true,עוגיות בוגטי שוקולד,,,עוגיות בוגטי שוקולד,גרמים,155.00,100 גרם,false,,6.90,4.4516,true,1,150756
5902768862683,true,עוגיות טוויט שוקולד,,,עוגיות טוויט שוקולד,גרמים,155.00,100 גרם,false,,6.90,4.4516,true,1,150757
5902768865677,true,עוגיות שוקולד צ'יפס,,,עוגיות שוקולד צ'יפס,גרמים,150.00,100 גרם,false,,6.90,4.6000,true,1,150759
5904941750312,false,"משקה אנרגיה BLU מוחיטו בודד 250 מ""ל",בני פאוזי שמשום (2009) בעמ,,בלו בודד מוחיטו 250,מיליליטרים,250.00,"100 מ""ל",false,,4.90,1.9600,true,1,2231
5904941751302,false,משקה אנרגיה בפחית בלו (250 מל),בני פאוזי שמשום (2009) בעמ,,בלו משקה אנרגיה 250,מיליליטרים,250.00,"100 מ""ל",false,,4.90,1.9600,true,1,2235
5904941751920,false,בלו משקה אנרגיה דיי חצי מכמות הקלו250 מל,בני פאוזי שמשום (2009) בעמ,,בלו משקה אנרגיה דיי,מיליליטרים,250.00,"100 מ""ל",false,,4.90,1.9600,true,1,2246
5906485301012,false,משקה אנרגיה XL מוגז פחית 250 מל,"טמפו משקאות בע""מ",,אקס אל משקה אנרגיה 2,מיליליטרים,250.00,"100 מ""ל",false,,4.90,1.9600,true,1,10085
5941021000899,false,טבלת שוקולד מריר אגוז היידי גראנדור 100 ג',היידי שוקולד בירונטי,,טבלת היידי גראנדור מ,גרמים,100.00,100 גרם,false,,12.90,12.9000,true,1,430063
5941021001247,false,טבלת שוקולד בטעם קפה היידי גראנדור 80 ג',היידי שוקולד בירונטי,,טבלת היידי גראנדור ק,גרמים,80.00,100 גרם,false,,12.90,16.1250,true,1,430169
5941021001254,false,טבלת שוקולד בטעם תפוז היידי גראנדור 80 ג',,,טבלת היידי גראנדור ת,גרמים,80.00,100 גרם,false,,12.90,16.1250,true,1,430186
5941021001261,false,טבלת שוקולד היידי גראנדור 75% 80 ג',היידי שוקולד בירונטי,,טבלת היידי גראנדור 7,גרמים,80.00,100 גרם,false,,12.90,16.1250,true,1,430187
5941021005139,false,טבלת שוקולד חלב שקד היידי גראנדור 100 ג',,,טבלת היידי גראנדור ח,גרמים,100.00,100 גרם,false,,12.90,12.9000,true,1,430065
5941021007577,false,טבלת שוקולד פיסטוק היידי גראנדור 80 ג',היידי שוקולד בירונטי,,טבלת היידי גראנדור פ,גרמים,80.00,100 גרם,false,,12.90,16.1250,true,1,430189
5941021016401,false,טבלת שוקולד מריר שקד היידי גראנדור 100 ג',היידי שוקולד בירונטי,,טבלת היידי גראנדור מ,גרמים,100.00,100 גרם,false,,12.90,12.9000,true,1,430171
6111094000013,false,קוסקוס להכנה מהירה דארי (1 קג),תומר ייבוא ושיווק מוצרי מזון [,,קוסקוס בינוני דארי 1,קילוגרמים,1.00,"ק""ג",false,,18.90,18.9000,true,1,118733
6111094000228,false,"קוסקוס דארי דק תומר 1 ק""ג",תומר ייבוא ושיווק מוצרי מזון [,,"קוסקוס דק דארי 1 ק""ג",קילוגרמים,1.00,"ק""ג",false,,18.90,18.9000,true,1,118734
6111094000259,false,קוסקוס דארי בינוני 500 גר`,תומר ייבוא ושיווק מוצרי מזון [,,קוסקוס בינוני דארי 5,גרמים,500.00,100 גרם,false,,10.90,2.1800,true,1,118736
6902019042016,false,אטבי כביסה כחול לבן 10 יחידות,לירון קרביץ יבוא שיווק וסחר,,אטבי כביסה 10 יחידות,יחידה,0.00,יחידה,false,,5.50,0.0000,true,1,155689
6928054201423,false,כפפות ניילון 100 יחידות,,,כפפות ניילון good li,יחידה,0.00,יחידה,false,,5.50,0.0000,true,1,425684
7271730901261,false,ווקי מאק ארוחת אטריות עם גבינה 156 גרם,ניו וורלד פסטה קומפנ,,ארוחת אטריות וואקי מ,גרמים,156.00,100 גרם,false,,11.90,7.6282,true,1,70081
7290000000626,false,ברוקולי ארוז במגשית,,,ברוקולי ארוז במגשית,יח',1.00,יח',false,,9.90,9.9000,true,1,373964
7290000001104,false,פטריות חורש מיני ארוז 200 ג',"בכורי השדה צפון1994 ג.ד. בע""מ",,פטריות חורש ארוז,יח',1.00,יח',false,,10.90,10.9000,true,1,99803
7290000001193,false,בונז'ור בייבי חליות,,,בונז'ור בייבי חליות,גרמים,70.00,100 גרם,false,,2.50,3.5714,true,1,95646
7290000003824,false,גרונות עוף טרי ארוז,,,גרונות עוף טרי ארוז,קילוגרמים,1.00,"ק""ג",true,,7.90,7.9000,true,1,56190
7290000004444,false,שקיות גופיה 20 מקרו,,,שקיות גופיה 20 מקרו,יחידה,0.00,יחידה,false,,0.10,0.0000,true,1,448849
7290000009350,false,בשר טחון טרי,,,בשר טחון טרי,קילוגרמים,1.00,"ק""ג",true,,39.90,39.9000,true,1,461648
7290000009354,false,צלעות בקר טרי,,,צלעות בקר טרי,קילוגרמים,1.00,"ק""ג",true,,79.90,79.9000,true,1,462003
7290000009358,false,כתף בקר טרי,,,כתף בקר טרי,קילוגרמים,1.00,"ק""ג",true,,79.90,79.9000,true,1,462094
7290000009362,false,צלי כתף טרי,,,צלי כתף טרי,קילוגרמים,1.00,"ק""ג",true,,89.90,89.9000,true,1,462251
7290000009461,false,חזה ע.ע טרי,,,חזה ע.ע טרי,קילוגרמים,1.00,"ק""ג",true,,49.90,49.9000,true,1,472582
7290000009462,false,צוואר ע.ע טרי,,,צוואר ע.ע טרי,קילוגרמים,1.00,"ק""ג",true,,49.90,49.9000,true,1,472599
7290000009481,false,כתף ע.ע כשר,,,כתף ע.ע כשר,קילוגרמים,1.00,"ק""ג",true,,49.90,49.9000,true,1,473372
7290000011593,false,שזיף,,,שזיף,קילוגרמים,1.00,"ק""ג",true,,19.90,19.9000,true,1,54997
7290000014510,false,חסה עגולה,,,חסה עגולה,יח',1.00,יח',false,,7.90,7.9000,true,1,55000
7290000021003,false,עוף טרי שלם,,,עוף טרי שלם,קילוגרמים,1.00,"ק""ג",true,,19.90,19.9000,true,1,28058
7290000024523,false,"תירוש של סגל ,מיץ ענבים , 1 ליטר",כרמי צבי - האחים סגל,,תירוש של סגל 1 ליטר,ליטרים,1.00,ליטר,false,,15.90,15.9000,true,1,10129
7290000032665,false,רוטב עגבניות 28% 580ג' פרי זה,זנלכל בעמ,,רוטב עגבניות 28% ברי,גרמים,580.00,100 גרם,false,,8.50,1.4655,true,1,9291
7290000040042,false,יוגורט יופלה תות 3% שומן 150 גרם,"תנובה בע""מ ***",,יופלה תות שובב 3% 15,מיליליטרים,150.00,"100 מ""ל",false,,5.50,3.6667,true,1,27118
7290000040066,false,יוגורט יופלה דובדבן 3% שומן 150 גרם,תנובה מרכז שיתופי לש,,יופלה דובדבן פראי 3%,מיליליטרים,150.00,"100 מ""ל",false,,5.50,3.6667,true,1,27120
7290000040080,false,יוגורט יופלה אפרסק 3% שומן 150 גרם,"תנובה בע""מ ***",,יופלה אפרסק מאוהב 3%,מיליליטרים,150.00,"100 מ""ל",false,,5.50,3.6667,true,1,27121
7290000040301,false,תנובה עין גדי קממבר מחלב בקר 24% שומן,תנובה מרכז שיתופי לש,,תנובה גבינת קממבר עי,גרמים,125.00,100 גרם,false,,20.60,16.4800,true,1,27124
7290000040318,false,גבינת עדי ברי 24% קולאז` (125 גרם)קולקש,תנובה מרכז שיתופי לש,,תנובה גבינת ברי 24%,גרמים,125.00,100 גרם,false,,21.60,17.2800,true,1,27125
7290000040974,false,חלב 2% דל לקטוז בקרטון תנובה (1 ליטר),תנובה מרכז שיתופי לש,,חלב תנובה קרטון דל ל,ליטרים,1.00,ליטר,false,,7.50,7.5000,true,1,27128
7290000041445,false,קוטג תנובה גביע 250 גרם 5% בדצ,מיוצר עי קונדיטוריית,,"קוטג' 5% תנובה בד""צ",גרמים,250.00,100 גרם,false,,5.70,2.2800,true,1,27130
7290000041858,false,"שמנת חמוצה 15% מועשרת יטבתה 200 מ""ל",שטראוס גרופ בעמ/מצונן,,יטבתה שמנת חמוצה 15%,מיליליטרים,200.00,"100 מ""ל",false,,2.50,1.2500,true,1,24751
7290000041865,false,"לבן 4.5% שומן מהדרין ""יטבתה""",שטראוס גרופ בעמ/מצונן,,יטבתה לבן 4.5% 200מל,מיליליטרים,200.00,"100 מ""ל",false,,2.50,1.2500,true,1,24752
7290000042008,false,חלב 3% בשקית תנובה (1 ליטר)פיקוח,"תנובה, מחלבת רחובות",,חלב תנובה רבנות 3% ב,ליטרים,1.00,ליטר,false,,5.43,5.4300,true,1,27135
7290000042015,false,חלב 3% בשקית בדצ תנובה (1 ליטר)פיקוח,תנובה מרכז שיתופי לש,,חלב תנובה טרי שקית,יחידה,0.00,יחידה,false,,5.43,0.0000,true,1,27136
7290000042404,false,חלב 3% מועשר מהדרין בשקית יטבתה (1 ליטר),שטראוס גרופ בעמ/מצונן,,יטבתה חלב מועשר שקית,ליטרים,1.00,ליטר,false,,5.90,5.9000,true,1,24754
7290000042435,false,חלב דל שומן 1% בקרטון תנובה (1 ליטר)פיק,תנובה מרכז שיתופי לש,,חלב תנובה בקרטון 1%,ליטרים,1.00,ליטר,false,,5.86,5.8600,true,1,27142
7290000042640,false,"חלב תנובה עמיד 3% קרטון 250 מ""ל",תנובה מרכז שיתופי לש,,חלב תנובה עמיד 3% מה,מיליליטרים,250.00,"100 מ""ל",false,,2.90,1.1600,true,1,27149
7290000042855,false,"שוקו בשקית 250 מ""ל ""יטבתה""",שטראוס גרופ בעמ/מצונן,,יטבתה שוקו שקית 225,מיליליטרים,225.00,"100 מ""ל",false,,2.90,1.2889,true,1,24756
7290000043012,false,"שוקו עמיד 2% בקרטון 250 מ""ל תנובה",תנובה מרכז שיתופי לש,,שוק שוקו עמיד 2% בקר,מיליליטרים,250.00,"100 מ""ל",false,,4.90,1.9600,true,1,27152
7290000043814,false,השף הלבן שמנת להקצפה 38% שומן 250 מל - מוצר בפיקוח,תנובה מרכז שיתופי לש,,שף לבן שמנת לקצפת עמ,מיליליטרים,250.00,"100 מ""ל",false,,6.47,2.5880,true,1,27155
7290000043890,false,תנובה רויון לבן מחלב מפסוטר 1.5%,תנובה מרכז שיתופי לש,,ריויון 1.5% 1ל,ליטרים,1.00,ליטר,false,,11.90,11.9000,true,1,27158
7290000043944,false,כד יוגורט תנובה 4% שומן 1.5 ליטר,מיוצר עי קונדיטוריית,,יוגורט כדים תנובה 1.,ליטרים,1.50,ליטר,false,,16.90,11.2667,true,1,27159
7290000044712,false,יוגורט עם תות 1.5% שומן 500 ג' פרילי,מיוצר עי קונדיטוריית,,פרילי תות 1.5% 500מל,מיליליטרים,500.00,"100 מ""ל",false,,10.90,2.1800,true,1,27165
7290000044880,false,יוגורט בטעם תות שדה 3% באדי (500 גרם),מיוצר עי קונדיטוריית,,באדי תות 3% 500מל,מיליליטרים,500.00,"100 מ""ל",false,,9.50,1.9000,true,1,27167
7290000045580,false,גבינה מותכת נעמה חורש תנובה 240 גרם,תנובה מרכז שיתופי לש,,נעמה גבינת מותכת 25%,גרמים,240.00,100 גרם,false,,18.90,7.8750,true,1,27170
7290000045917,false,תנובה פרומעז גבינה מותכת מחלב עיזים 23% שומן,תנובה בעמ ***,,תנובה גבינת פרומעז 2,גרמים,200.00,100 גרם,false,,28.60,14.3000,true,1,27172
7290000046327,false,גלבוע גבינה צהובה פרוסה 22% תנובה 200 גרם,תנובה מרכז שיתופי לש,,גלבוע גבינה פרוסה 22,גרמים,200.00,100 גרם,false,,13.30,6.6500,true,1,27175
7290000047546,false,השף הלבן כנען גבינה לבנה דלת נתרן 5% תנובה 500 גרם,תנובה מרכז שיתופי לש,,שף לבן כנען 5% 500ג,גרמים,500.00,100 גרם,false,,25.90,5.1800,true,1,27178
7290000048185,false,גבינה לבנה 5% תנובה 250 גרם מהדרין,מיוצר עי קונדיטוריית,,גבינה לבנה רכה 5% תנ,גרמים,250.00,100 גרם,false,,4.98,1.9920,true,1,27183
7290000048192,false,גבינה לבנה 9% תנובה 250 גרם מהדרין,מחלבת אלון תבור,,גבינה לבנה רכה 9% בד,גרמים,250.00,100 גרם,false,,4.80,1.9200,true,1,27184
7290000048413,false,גבינה חמד (25016% גרם)פיראוס תנובה,תנובה מרכז שיתופי לש,,פיראוס חמד 16% 250ג,גרמים,250.00,100 גרם,false,,19.90,7.9600,true,1,27188
7290000048437,false,גבינת צפתית (2005% גרם)פיראוס תנובה,פארייפאבה אגרואינדוס,,פיראוס צפתית 5% 200,גרמים,200.00,100 גרם,false,,15.90,7.9500,true,1,27189
7290000050447,false,"יוגורט ביו בטעם תות YYY יופלה 500 מ""ל",מיוצר עי קונדיטוריית,,יופלהYYY תות 3% 500מ,מיליליטרים,500.00,"100 מ""ל",false,,13.80,2.7600,true,1,27201
7290000050454,false,יוגורט ביו 3% אפרסק יופלה (500 גרם),מיוצר עי קונדיטוריית,,יופלהYYY אפרסק 3% 50,מיליליטרים,500.00,"100 מ""ל",false,,13.80,2.7600,true,1,27202
7290000051307,false,"מארז הפסקת אוכל עם דגני עוגי ומשקה חלב עמיד בטעם וניל 150 מ""ל",תנובה מרכז שיתופי לש,,חלב תנובה הפ.אוכל עו,מיליליטרים,150.00,"100 מ""ל",false,,9.90,6.6000,true,1,27220
7290000051352,false,חלב מלא בטעם של פעם 3.4% תנובה קרטון 1 ל',הרדוף תוצרת מזון אור,,חלב תנובה של פעם בקר,ליטרים,1.00,ליטר,false,,7.40,7.4000,true,1,27221
7290000051376,false,יוגורט יופלה דיאט אננס 0% שומן 150 גרם,תנובה מרכז שיתופי לש,,יופלה דיאט אננס ספור,מיליליטרים,150.00,"100 מ""ל",false,,5.50,3.6667,true,1,27222
7290000051710,false,פיראוס גבינת לאבנה אסלית על בסיס יוגורט תנובה 263 גרם,"תנובה, מחלבת אלון תב",,פיראוס לאבנה עם שמן,גרמים,263.00,100 גרם,false,,14.50,5.5133,true,1,27225
7290000052311,false,גבינה צהובה עמק לייט 15% שומן 200 גרם,תנובה מרכז שיתופי לש,,עמק מהדרין 15% 200 ג,גרמים,200.00,100 גרם,false,,16.40,8.2000,true,1,27238
7290000052649,false,לאבנה אסלית (5005% גרם)פיראוס תנובה,תנובה מרכז שיתופי לש,,פיראוס לאבנה 5% 500ג,גרמים,500.00,100 גרם,false,,21.90,4.3800,true,1,27244
7290000055329,false,"משקה בוקר יוגורט 1.5% בטעם תות מלון יופלה 250 מ""ל",תנובה מרכז שיתופי לש,,יופלה משקה יוגורט תו,מיליליטרים,250.00,"100 מ""ל",false,,6.50,2.6000,true,1,27294
7290000055336,false,"משקה יוגורט 1.5% בטעם בננה אפרסק יופלה 250 מ""ל",תנובה מרכז שיתופי לש,,יופלה משקה יוגורט בנ,מיליליטרים,250.00,"100 מ""ל",false,,6.50,2.6000,true,1,27295
7290000055343,false,משקה יוגורט יופלה פירות טרופיים 250 גרם,תנובה מרכז שיתופי לש,,יופלה משקה יוגורט טר,מיליליטרים,250.00,"100 מ""ל",false,,6.50,2.6000,true,1,27296
7290000055893,false,חמאה משמנת מפוסטרת 200גרם 82% כ.מהדרין - מוצר בפיקוח,תנובה מרכז שיתופי לש,,חמאה מהדרין תנובה 20,גרמים,200.00,100 גרם,false,,7.88,3.9400,true,1,27302
7290000056845,false,תנובה חלב טרי 3% שומן 1.5 ליטר - מוצר בפיקוח,פארייפאבה אגרואינדוס,,חלב תנובה בקרטון 3%,ליטרים,1.50,ליטר,false,,9.34,6.2267,true,1,27320
7290000056883,false,שמיניית יוגורט יופלה 3% טעמים שונים 150 גרם,תנובה מרכז שיתופי לש,,יופלה טעמים משתנים 3,קילוגרמים,1.20,"ק""ג",false,,33.30,27.7500,true,1,27322
7290000056890,false,שמיניית דיאט יופלה 0% טעמים שונים 150 גרם,מיוצר עי קונדיטוריית,,יופלה דיאט טעמים שונ,קילוגרמים,1.20,"ק""ג",false,,33.30,27.7500,true,1,27323
7290000056906,false,מאגדת לבן טבעי 1.5% שומן 8 יח' * 150 ג' יופלה,מחלבת אלון תבור,,יופלה לבן 1.5% 8*150,ליטרים,1.20,ליטר,false,,18.50,15.4167,true,1,27324
7290000056951,false,"תנובה, השף הלבן, שמנת לבישול 15% שומן 500 מל",תנובה מרכז שיתופי לש,,שף לבן שמנת לבישול +,מיליליטרים,500.00,"100 מ""ל",false,,16.90,3.3800,true,1,27327
7290000057088,false,עמק גבינה צהובה פרוסה דק דק 28% תנובה 200 גרם,תנובה מרכז שיתופי לש,,עמק דק דק 28% 200גר,גרמים,200.00,100 גרם,false,,16.90,8.4500,true,1,27331
7290000057118,false,גבינה צהובה עמק 28% שומן ואקום 400 גרם,תנובה מרכז שיתופי לש,,עמק סמי 28% 400 גר,גרמים,400.00,100 גרם,false,,23.10,5.7750,true,1,27333
7290000057132,false,יוגורט תנובה טבעי 1.5% גביע 200 גרם,מחלבת אלון תבור,,תנובה יוגורט טבעי 1.,מיליליטרים,200.00,"100 מ""ל",false,,3.50,1.7500,true,1,27334
7290000057149,false,יוגורט תנובה טבעי 3% גביע 200 גרם,מיוצר עי קונדיטוריית,,תנובה יוגורט טבעי 3%,גרמים,200.00,100 גרם,false,,3.50,1.7500,true,1,27335
7290000058030,false,"שמיניית יופלה שטוזים משקה יוגורט תות 100 מ""ל",מיוצר עי קונדיטוריית,,יופלה שטוזים משקה יו,מיליליטרים,800.00,"100 מ""ל",false,,21.50,2.6875,true,1,27355
7290000058047,false,שמנת להקצפה 38% 500מל מהדרין עמיד השף הלבן,תנובה מרכז שיתופי לש,,שף לבן שמנת מתוקה מה,מיליליטרים,500.00,"100 מ""ל",false,,12.94,2.5880,true,1,27356
7290000060071,false,אוסם - חטיפי פריכונים מאורז מלא קלוי 80גר,קבוצת אוסם סחר שותפות מוגבלת,,חטיפי פריכונים מאורז,גרמים,80.00,100 גרם,false,,8.90,11.1250,true,1,21037
7290000060088,false,בייגלה מקלות עם מלח אסם (400 גרם),קבוצת אוסם סחר שותפות מוגבלת,,בייגלה אסם מקלות מלו,גרמים,400.00,100 גרם,false,,11.90,2.9750,true,1,21038
7290000060163,false,פסטה אסם אטריות דקות 400גר,קבוצת אוסם סחר שותפות מוגבלת,,אטריות דקות אסם 400,גרמים,400.00,100 גרם,false,,7.90,1.9750,true,1,21041
7290000060200,false,פסטה אסם פתיתים אפויים קוסקוס 500גר,קבוצת אוסם סחר שותפות מוגבלת,,פתיתים אפויים קוסקוס,גרמים,500.00,100 גרם,false,,7.90,1.5800,true,1,21042
7290000060217,false,פסטה מקרוני מספר 7 אסם (500 גרם),קבוצת אוסם סחר שותפות מוגבלת,,פסטה מקרוני אסם 500,גרמים,500.00,100 גרם,false,,6.90,1.3800,true,1,21043
7290000060248,false,פסטה אסם פתיתים תלתלים 500 גר',קבוצת אוסם סחר שותפות מוגבלת,,פסטה תלתלים אסם 500,גרמים,500.00,100 גרם,false,,6.90,1.3800,true,1,21044
7290000060316,false,פרפקטו ספגטי מס' 8 אסם 500 גרם,קבוצת אוסם סחר שותפות מוגבלת,,פסטה ספגטי פרפקטו 50,גרמים,500.00,100 גרם,false,,7.90,1.5800,true,1,21046
7290000060330,false,פרפקטו פרפקטו ספיראלי גירף 500 גר,קבוצת אוסם סחר שותפות מוגבלת,,פסטה ספירלי פרפקטו 5,גרמים,500.00,100 גרם,false,,7.90,1.5800,true,1,68042
7290000060408,false,פסטה אסם פתיתים אפויים טבעות 500 גר,קבוצת אוסם סחר שותפות מוגבלת,,פתיתים אפויים טבעות,גרמים,500.00,100 גרם,false,,7.90,1.5800,true,1,21050
7290000060576,false,פתיתים אפויים כוכבים אסם (500 גרם),קבוצת אוסם סחר שותפות מוגבלת,,פתיתים אפויים כוכבים,גרמים,500.00,100 גרם,false,,7.90,1.5800,true,1,21056
7290000060781,false,פרומנטי פתיתים מסולסלים אוסם,קבוצת אוסם סחר שותפות מוגבלת,,פסטה מסולסלים אסם 50,גרמים,500.00,100 גרם,false,,6.90,1.3800,true,1,21057
7290000060828,false,פסטה קרניים בינוניות אסם (500 גרם),קבוצת אוסם סחר שותפות מוגבלת,,פסטה קרניים בינוניות,גרמים,500.00,100 גרם,false,,6.90,1.3800,true,1,21058
7290000060842,false,פסטה אסם פתיתים צדפים גדולים 500גר,קבוצת אוסם סחר שותפות מוגבלת,,פסטה צדפים גדולים אס,גרמים,500.00,100 גרם,false,,6.90,1.3800,true,1,68046
7290000060859,false,פסטה אסם פתיתים צדפים קטנים 500גר,קבוצת אוסם סחר-שות.מוגבלת,,פסטה צדפים קטנים אסם,גרמים,500.00,100 גרם,false,,6.90,1.3800,true,1,21060
7290000060880,false,פסטה ספגטי מספר 8 אסם 500 גרם,קבוצת אוסם סחר שותפות מוגבלת,,ספגטי אסם 500 גרם,גרמים,500.00,100 גרם,false,,6.90,1.3800,true,1,21061
7290000060903,false,פסטה אסם פתיתים אפויים אורז 500גר,קבוצת אוסם סחר שותפות מוגבלת,,פתיתים אפויים אורז א,גרמים,500.00,100 גרם,false,,7.90,1.5800,true,1,21062
7290000060958,false,אטריות מובחרות בינוניות אסם (400 גרם),קבוצת אוסם סחר שותפות מוגבלת,,אטריות בינוניות אסם,גרמים,400.00,100 גרם,false,,7.90,1.9750,true,1,21064
7290000060965,false,פסטה אסם אטריות רחבות 400גר,קבוצת אוסם סחר שותפות מוגבלת,,אטריות רחבות אסם 400,גרמים,400.00,100 גרם,false,,7.90,1.9750,true,1,21065
7290000061061,false,קרקר חיטה עם בצל אסם,קבוצת אוסם סחר שותפות מוגבלת,,אסם קרקר בצל 250גרם,גרמים,250.00,100 גרם,false,,11.60,4.6400,true,1,21067
7290000061108,false,"רוטב טריאקי 290 מ""ל-בקבוק",קבוצת אוסם סחר שותפות מוגבלת,,רוטב טריאקי אסם 290,מיליליטרים,290.00,"100 מ""ל",false,,12.90,4.4483,true,1,21069
7290000061214,false,פתיתים אפויים קוסקוס עם בצל אסם 500 גרם,קבוצת אסם סחר שות. מוגבלת,,פתיתים קוסקוס בצל אס,גרמים,500.00,100 גרם,false,,7.90,1.5800,true,1,21070
7290000061245,false,עוגיות שוקוצ'יפס במילוי שוקולד אסם 220 גרם,קבוצת אוסם סחר-שות.מוגבלת,,אסם עוגיות שוקוצ'יפס,גרמים,220.00,100 גרם,false,,12.30,5.5909,true,1,21071
7290000061450,false,פתיתים אפויים קוסקוס 3 צבעים אסם 500 גרם,קבוצת אסם סחר שות. מוגבלת,,פתיתים קוסקוס 3 צבעי,גרמים,500.00,100 גרם,false,,7.90,1.5800,true,1,21073
7290000061764,false,קפה נמס מגורען רד מאג 200 גרם,קבוצת אוסם סחר שותפות מוגבלת,,נס קפה רד מאג טעם חד,גרמים,200.00,100 גרם,false,,23.90,11.9500,true,1,21074
7290000062952,false,אוסם - מיני קרוטונים למרק ולסלט 250 גרם,קבוצת אוסם סחר שותפות מוגבלת,,מיני קרוטונים למרק ו,גרמים,250.00,100 גרם,false,,16.90,6.7600,true,1,21080
7290000063102,false,קמח עוגה תופח מאליו אסם 350 גרם,קבוצת אוסם סחר שותפות מוגבלת,,קמח תופח קטן אסם 350,גרמים,350.00,100 גרם,false,,5.80,1.6571,true,1,21083
7290000063140,false,שקדי מרק רכיבים טבעיים בשקית 400 ג' אסם,קבוצת אוסם סחר שותפות מוגבלת,,שקדי מרק רכיבים טבעי,גרמים,400.00,100 גרם,false,,13.90,3.4750,true,1,21085
7290000063157,false,"קמח עוגה תופח מאליו אסם 1 ק""ג",קבוצת אוסם סחר שותפות מוגבלת,,קמח עוגה תופח מאליו,קילוגרמים,1.00,"ק""ג",false,,10.30,10.3000,true,1,21086
7290000064758,false,קוסקוס בינוני אמיתי אסם 350 ג',קבוצת אוסם סחר שותפות מוגבלת,,קוסקוס אמיתי אסם 350,גרמים,350.00,100 גרם,false,,8.90,2.5429,true,1,21096
7290000065090,false,מיני קרוטונים מתובלים למרק ולסלט אסם 400 גרם,קבוצת אוסם סחר שותפות מוגבלת,,מיני קרוטונים למרק ו,גרמים,400.00,100 גרם,false,,27.50,6.8750,true,1,21098
7290000065557,false,אוסם - מנה חמה קוסקוס עם ירקות 84 גרם,קבוצת אוסם סחר שותפות מוגבלת,,מנה חמה קוסקוס וירקו,גרמים,84.00,100 גרם,false,,6.90,8.2143,true,1,21102
7290000065977,false,אסם חטיפי פריכונים תירס שומשום 80 גרם,קבוצת אוסם סחר שותפות מוגבלת,,חטיפי פריכונים תירס,גרמים,80.00,100 גרם,false,,8.90,11.1250,true,1,21108
7290000066141,false,ביסלי חטיף בטעם גריל אסם (70 גרם),קבוצת אוסם סחר שותפות מוגבלת,,ביסלי גריל 70 גר'.,גרמים,70.00,100 גרם,false,,4.90,7.0000,true,1,21110
7290000066172,false,ביסלי חטיף בטעם פיצה אסם (70 גרם),קבוצת אוסם סחר-שות.מוגבלת,,ביסלי פיצה 70גרם,גרמים,70.00,100 גרם,false,,4.90,7.0000,true,1,21113
7290000066196,false,ביסלי חטיף בטעם גריל אסם (200 גרם),קבוצת אוסם סחר שותפות מוגבלת,,ביסלי גריל 200גרם,גרמים,200.00,100 גרם,false,,7.90,3.9500,true,1,21115
7290000066264,false,דובונים חטיף תפוחי אדמה אסם (40 גרם),קבוצת אוסם סחר שותפות מוגבלת,,דובונים 40גרם,גרמים,40.00,100 גרם,false,,5.00,12.5000,true,1,21119
7290000066295,false,אסם במבה תות מחומרים טבעיים 30גר,קבוצת אוסם סחר שותפות מוגבלת,,במבה מתוקה מחומרים ט,גרמים,30.00,100 גרם,false,,2.90,9.6667,true,1,21120
7290000066318,false,במבה חטיף בוטנים אסם 80 גרם,קבוצת אוסם סחר שותפות מוגבלת,,במבה קלאסי 80 גרם,גרמים,80.00,100 גרם,false,,4.90,6.1250,true,1,21122
7290000066332,false,אפרופו חטיף תירס אסם (50 גרם),קבוצת אוסם סחר שותפות מוגבלת,,אפרופו 50 גרם,גרמים,50.00,100 גרם,false,,5.80,11.6000,true,1,21123
7290000066349,false,אפרופו חטיף תירס אסם (100 גרם),קבוצת אוסם סחר-שות.מוגבלת,,אפרופו 100גרם,גרמים,100.00,100 גרם,false,,9.50,9.5000,true,1,21124
7290000066431,false,פופקו חטיף פופקורן בטעם חמאה ודבש אסם 80 גרם,קבוצת אוסם סחר שותפות מוגבלת,,פופקו חמאה ודבש 80גר,גרמים,80.00,100 גרם,false,,5.90,7.3750,true,1,21125
7290000067407,false,פרורית מתובלת בשקית 200 גרם,קבוצת אוסם סחר שותפות מוגבלת,,פירורית מתובל שקית 2,גרמים,200.00,100 גרם,false,,7.90,3.9500,true,1,21131
7290000067544,false,פירורית זהב פירורי לחם אסם 200 גרם,קבוצת אוסם סחר שותפות מוגבלת,,אסם פירורית פירורי ל,גרמים,200.00,100 גרם,false,,7.90,3.9500,true,1,21133
7290000068138,false,אינסטנט פודינג בטעם וניל אסם 80 גרם,קבוצת אוסם סחר שותפות מוגבלת,,אסם פודינג אינסטנט ו,גרמים,80.00,100 גרם,false,,6.50,8.1250,true,1,21143
7290000068190,false,אסם ג'לי תות שדה צבעים טבעיים 90 גרם,קבוצת אוסם סחר שותפות מוגבלת,,אסם ג'לי תות שדה צבע,גרמים,90.00,100 גרם,false,,7.90,8.7778,true,1,21147
7290000068237,false,אבקה להכנת ג`לי בטעם פטל אסם (85 גרם),קבוצת אוסם סחר שותפות מוגבלת,,אסם ג'לי פטל צבעים ט,גרמים,85.00,100 גרם,false,,7.90,9.2941,true,1,21149
7290000068343,false,אוסם - פירכונים מאורז מלא 140 גרם,קבוצת אוסם סחר שותפות מוגבלת,,פריכונים מאורז מלא א,גרמים,140.00,100 גרם,false,,8.90,6.3571,true,1,21153
7290000068701,false,אסם שקדי מרק רכיבים טבע.מיכל 400 גרם,קבוצת אוסם סחר שותפות מוגבלת,,שקדי מרק במיכל אסם 4,גרמים,400.00,100 גרם,false,,17.10,4.2750,true,1,68052
7290000068770,false,במבה יום הולדת חטיף בוטנים אסם 80 גרם,קבוצת אוסם סחר שותפות מוגבלת,,במבה יום הולדת 80גרם,גרמים,80.00,100 גרם,false,,4.90,6.1250,true,1,21155
7290000068787,false,במבה יום הולדת חטיף בוטנים אסם 25 גרם,קבוצת אוסם סחר שותפות מוגבלת,,במבה יום הולדת 25גרם,גרמים,25.00,100 גרם,false,,2.90,11.6000,true,1,21156
7290000069258,false,פסטה פרפקטו פנה ריגאטה 500 ג' אסם,קבוצת אוסם סחר-שות.מוגבלת,,פנה ריגאטה פרפקטו 50,גרמים,500.00,100 גרם,false,,7.90,1.5800,true,1,21162
7290000069364,false,פריכונים מאורז מלא ללא תוספת סוכר אסם 140 גרם,קבוצת אוסם סחר שותפות מוגבלת,,פריכונים מאורז מלא ל,גרמים,140.00,100 גרם,false,,8.90,6.3571,true,1,21163
7290000070308,false,אבקת מרק עוף אמיתי בשרי אסם 400 גרם,קבוצת אוסם סחר שותפות מוגבלת,,מרק עוף אמיתי אסם 40,גרמים,400.00,100 גרם,false,,24.90,6.2250,true,1,21174
7290000070353,false,אבקת מרק בצל רכיבים טבעיים אסם 400 גרם,קבוצת אוסם סחר שותפות מוגבלת,,אבקת מרק בצל רכיבים,גרמים,400.00,100 גרם,false,,29.90,7.4750,true,1,21176
7290000070919,false,בייגלה רשתות עם מלח אסם (400 גרם),קבוצת אוסם סחר שותפות מוגבלת,,בייגלה אסם רשתות מלח,גרמים,400.00,100 גרם,false,,14.90,3.7250,true,1,21187
7290000072241,false,"רוטב פיצה 290 מ""ל-בקבוק",קבוצת אוסם סחר שותפות מוגבלת,,אסם רוטב פיצה 290מל,מיליליטרים,290.00,"100 מ""ל",false,,12.90,4.4483,true,1,21195
7290000072623,false,קטשופ אסם בקבוק לחיץ 750 גרם,קבוצת אוסם סחר שותפות מוגבלת,,אסם קטשופ בקבוק לחיץ,גרמים,750.00,100 גרם,false,,12.50,1.6667,true,1,21197
7290000072630,false,קטשופ אסם חריף 750 גרם-בקבוק,קבוצת אוסם סחר שותפות מוגבלת,,אסם קטשופ חריף 750 ג,גרמים,750.00,100 גרם,false,,15.80,2.1067,true,1,21198
7290000072753,false,קפה נמס מגורען טסטרס צ'ויס 200 גרם-,קבוצת אוסם סחר שותפות מוגבלת,,נס קפה טייסטרס צ'ויס,גרמים,200.00,100 גרם,false,,33.90,16.9500,true,1,21200
7290000072760,false,נסקפה טייסטרס צויס 100 גר אוריגנל,קבוצת אוסם סחר שותפות מוגבלת,,טייסטרס צ'וייס 100גר,גרמים,100.00,100 גרם,false,,29.70,29.7000,true,1,21201
7290000072777,false,קפה נמס מגורען נטול קפאין טסטרס צ'ויס 200 גרם,קבוצת אוסם סחר שותפות מוגבלת,,טייסטרס צוייס נטול ק,גרמים,200.00,100 גרם,false,,40.60,20.3000,true,1,21202
7290000072968,false,דגני בוקר סיני מיניס חיטה מלאה וקינמון נסטלה 500 גרם,קבוצת אוסם סחר-שות.מוגבלת,,סיני מיניס דגני נסטל,יחידה,500.00,יחידה,false,,27.90,0.0558,true,1,21208
7290000073125,false,מנה חמה פסטה ברוטב עגבניות אסם (62 גרם),קבוצת אוסם סחר שותפות מוגבלת,,מנה חמה פסטה עם עגבנ,גרמים,62.00,100 גרם,false,,6.90,11.1290,true,1,21209
7290000073415,false,אוסם - מנה חמה פסטה ברוטב פיצה 61 גרם,קבוצת אוסם סחר שותפות מוגבלת,,מנה חמה פסטה ברוטב פ,גרמים,61.00,100 גרם,false,,6.90,11.3115,true,1,21210
7290000073750,false,מנה חמה נודלס אטר+ירקות טעם עוף 70 גרם,קבוצת אוסם סחר שותפות מוגבלת,,מנה חמה נודלס בטעם ע,גרמים,70.00,100 גרם,false,,6.90,9.8571,true,1,21212
7290000073767,false,מנה חמה נודלס אטר.+ירקות טעם בקר 70 גרם,קבוצת אוסם סחר שותפות מוגבלת,,מנה חמה נודלס בטעם ב,גרמים,70.00,100 גרם,false,,6.90,9.8571,true,1,21213
7290000073774,false,מנה חמה נודלס אטר+ירקות טעם צילי 70 גרם,קבוצת אוסם סחר שותפות מוגבלת,,מנה חמה נודלס בטעם פ,גרמים,70.00,100 גרם,false,,6.90,9.8571,true,1,21214
7290000074153,false,ביסקוויט פתי בר שוקולד אסם (500 גרם),קבוצת אוסם סחר שותפות מוגבלת,,אסם פתי בר שוקו 500ג,גרמים,500.00,100 גרם,false,,15.50,3.1000,true,1,21219
7290000074184,false,ביסקוויט פתי בר אסם (500 גרם),קבוצת אוסם סחר שותפות מוגבלת,,אסם פתי בר 500גרם.,גרמים,500.00,100 גרם,false,,12.00,2.4000,true,1,68064
7290000074245,false,אוסם - קרם קרקר אסם 250 גרם,קבוצת אוסם סחר שותפות מוגבלת,,אסם קרם קרקר 250גרם,גרמים,250.00,100 גרם,false,,11.90,4.7600,true,1,21222
7290000074252,false,אסם קרקר שומשום 250 גרם,קבוצת אוסם סחר שותפות מוגבלת,,אסם קרקר שומשום 250ג,גרמים,250.00,100 גרם,false,,11.20,4.4800,true,1,21223
7290000074276,false,קרקר פיקנטי טבעון 250 ג' אסם,קבוצת אוסם סחר שותפות מוגבלת,,טבעון קרקר פיקנטי 25,גרמים,250.00,100 גרם,false,,11.90,4.7600,true,1,68065
7290000074375,false,אוסם - קרקר זהב 150 גרם,קבוצת אוסם סחר שותפות מוגבלת,,אסם קרקר זהב 150גרם,גרמים,150.00,100 גרם,false,,8.50,5.6667,true,1,21227
7290000074481,false,קרקר לחמית אגוזים אסם (160 גרם),קבוצת אסם סחר שות. מוגבלת,,לחמית אגוזים 160גרם,גרמים,160.00,100 גרם,false,,11.90,7.4375,true,1,68068
7290000074764,false,קרקר הזהב אסם 900 גרם,קבוצת אוסם סחר שותפות מוגבלת,,קרקר זהב אסם 900 גרם,גרמים,900.00,100 גרם,false,,24.90,2.7667,true,1,21234
7290000076133,false,בייגלה שמיניות קטנות עם מלח אסם 400 גרם,קבוצת אוסם סחר שותפות מוגבלת,,בייגלה אסם שמיניות ק,גרמים,400.00,100 גרם,false,,11.90,2.9750,true,1,21242
7290000076645,false,טוסטעים פת קלויה חיטה מלאה אסם 100 גרם,קבוצת אסם סחר שות. מוגבלת,,טוסטעים חיטה מלאה אס,גרמים,100.00,100 גרם,false,,11.40,11.4000,true,1,21244
7290000077017,false,עוגיות קרמוגית במילוי קרם שוקולד אסם 200 גרם,קבוצת אוסם סחר שותפות מוגבלת,,אסם קרמוגית במילוי ש,גרמים,200.00,100 גרם,false,,11.90,5.9500,true,1,21245
7290000077253,false,אוסם - לחמית כפרית עם דגנים מלאים 190 גרם,קבוצת אסם סחר שות. מוגבלת,,לחמית כפרית 190גרם,גרמים,190.00,100 גרם,false,,11.90,6.2632,true,1,21246
7290000078762,false,אוסם - חטיפי פריכונים מאורז מלא בטעם דבש 80גר,קבוצת אוסם סחר-שות.מוגבלת,,חטיפי פריכונים אורז,גרמים,80.00,100 גרם,false,,8.90,11.1250,true,1,21251
7290000079233,false,קרם קרקר דיאטטי דל נתרן 250 גרם,קבוצת אוסם סחר שותפות מוגבלת,,אסם קרם קרקר דל נתרן,גרמים,250.00,100 גרם,false,,11.90,4.7600,true,1,68072
7290000080758,false,פת קלויה טוסטעים אסם (100 גרם),קבוצת אוסם סחר שותפות מוגבלת,,טוסטעים פת קלוי אסם,גרמים,100.00,100 גרם,false,,11.40,11.4000,true,1,21254
7290000081663,false,"בייגלה טבעות שומשום אסם 300 גרם בד""ץ",קבוצת אוסם סחר שותפות מוגבלת,,בייגלה אסם טבעות שומ,גרמים,300.00,100 גרם,false,,11.90,3.9667,true,1,21257
7290000085180,false,גטניו פתי בר וניל 470 גרם,"אחים גטניו בע""מ",,גטניו - פתיבר וניל 4,גרמים,470.00,100 גרם,false,,9.90,2.1064,true,1,119940
7290000100128,false,פירות קפואים תות 300 גר`סנפרוסט,תנובה ענף ב.ע.ד,,סדרת פירות קפואים-תו,גרמים,300.00,100 גרם,false,,18.90,6.3000,true,1,124856
7290000101927,false,אוכמניות כחולות מוקפאות סנפרוסט 300 גרם,תנובה ענף ב.ע.ד,,אוכמניות כחולות מוקפ,גרמים,300.00,100 גרם,false,,18.90,6.3000,true,1,78775
7290000101934,false,מיקס פירות יער מוקפאים 300 גר סנפרוסט,"איי, בי, אינבוו",,מיקס פירות יער 300 ג,גרמים,300.00,100 גרם,false,,18.90,6.3000,true,1,78776
7290000101941,false,אננס חתוך מוקפא סנפרוסט (300 גרם),תנובה ענף ב.ע.ד,,אננס מוקפא 300 גרם,גרמים,300.00,100 גרם,false,,18.90,6.3000,true,1,371634
7290000103365,false,מרק ירקות עשיר סנפרוסט (550 גרם),תנובה מרכז שיתופי לשיווק תוצרת,,סנפרוסט מרק ירקות 50,גרמים,500.00,100 גרם,false,,19.90,3.9800,true,1,26817
7290000103433,false,"לקט ירקות לתנור 800 גרם ""סנפרוסט""",תנובה מרכז שיתופי לשיווק תוצרת,,לקט ירקות לתנור 800,גרמים,800.00,100 גרם,false,,24.90,3.1125,true,1,26824
7290000103457,false,מיני כרובית סנפרוסט (600 גרם),"סנפרוסט בע""\מ",,מיני כרובית 600 גרם,גרמים,600.00,100 גרם,false,,19.90,3.3167,true,1,26826
7290000103471,false,מיני ברוקולי סנפרוסט 600 גרם,תנובה ענף ב.ע.ד,,סנפרוסט מיני ברוקולי,גרמים,600.00,100 גרם,false,,19.90,3.3167,true,1,26827
7290000103860,false,מרק עדשים עשיר בירקות סנפרוסט (572 גרם),תנובה מרכז שיתופי לשיווק תוצרת,,סנפרוסט מרק עדשים קפ,גרמים,572.00,100 גרם,false,,19.90,3.4790,true,1,26853
7290000103877,false,מרק שעועית עשיר בירקות סנפרוסט (644 גרם),תנובה מרכז שיתופי לשיווק תוצרת,,סנפרוסט מרק שעועית ק,גרמים,644.00,100 גרם,false,,19.90,3.0901,true,1,26854
7290000104188,false,שעועית אדומה מוקפאת מבושלת מוכנה לאכילה,תנובה מרכז שיתופי לשיווק תוצרת,,סנפרוסט שעועית אדומה,גרמים,800.00,100 גרם,false,,20.90,2.6125,true,1,26860
7290000104201,false,אפונה עדינה מוקפאת סנפרוסט (600 גרם),"איי, בי, אינבוו",,אפונה עדינה סנפרוסט,גרמים,600.00,100 גרם,false,,19.90,3.3167,true,1,26861
7290000104218,false,סנפרוסט במיה 600 גרם,תנובה מרכז שיתופי לשיווק תוצרת,,סנפרוסט במיה 600גר,גרמים,600.00,100 גרם,false,,17.90,2.9833,true,1,26862
7290000104287,false,לקט לפשטידה סנפרוסט 600 גרם,תנובה מרכז שיתופי לשיווק תוצרת,,לקט לפשטידה 800 גרם,גרמים,800.00,100 גרם,false,,23.90,2.9875,true,1,26864
7290000104676,false,אפונה קפואה סנפרוסט 800 גרם,תנובה מרכז שיתופי לשיווק תוצרת,,אפונת גינה סנפרוסט 8,גרמים,800.00,100 גרם,false,,19.90,2.4875,true,1,26865
7290000104683,false,שעועית ירוקה שלמה סנפרוסט (800 גרם),תנובה מרכז שיתופי לשיווק תוצרת,,שעועית שלמה סנפרוסט,גרמים,800.00,100 גרם,false,,23.90,2.9875,true,1,26866
7290000104690,false,גרעיני תירס מוקפאים סנפרוסט (800 גרם),תנובה מרכז שיתופי לשיווק תוצרת,,תירס גרעינים 800גר,גרמים,800.00,100 גרם,false,,19.90,2.4875,true,1,26867
7290000104713,false,פול ירוק קפוא סנפורסט 800 גרם,תנובה מרכז שיתופי לשיווק תוצרת,,פול ירוק 800גר,גרמים,800.00,100 גרם,false,,26.90,3.3625,true,1,26869
7290000104720,false,שעועית ירוקה חתוכה סנפרוסט (800 גרם),תנובה מרכז שיתופי לשיווק תוצרת,,שעועית ירוקה חתוכה ס,גרמים,800.00,100 גרם,false,,20.80,2.6000,true,1,26870
7290000104737,false,שעועית צהובה חתוכה סנפרוסט 800 גרם,תנובה מרכז שיתופי לשיווק תוצרת,,שעועית צהובה חתוכה ס,גרמים,800.00,100 גרם,false,,20.90,2.6125,true,1,26871
7290000104744,false,כרובית מוקפאת סנפרוסט (800 גרם),תנובה מרכז שיתופי לשיווק תוצרת,,כרובית 800גר,גרמים,800.00,100 גרם,false,,27.90,3.4875,true,1,26872
7290000104751,false,"כרוב ניצנים 800 גרם ""סנפרוסט""",תנובה מרכז שיתופי לשיווק תוצרת,,כרוב ניצנים 800גר,גרמים,800.00,100 גרם,false,,28.80,3.6000,true,1,113738
7290000104768,false,עלי תרד סנפרוסט (800 גרם),תנובה מרכז שיתופי לשיווק תוצרת,,תרד עלים 800 גרם,גרמים,800.00,100 גרם,false,,29.40,3.6750,true,1,26874
7290000104775,false,מדליוני תרד סנפרוסט (800 גרם),תנובה מרכז שיתופי לשיווק תוצרת,,תרד מדליונים 800גר,גרמים,800.00,100 גרם,false,,28.80,3.6000,true,1,26875
7290000104799,false,שעועית לבנה מבושלת סנפרוסט (800 גרם),תנובה מרכז שיתופי לשיווק תוצרת,,שעועית לבנה מבושלת 8,גרמים,800.00,100 גרם,false,,21.70,2.7125,true,1,26876
7290000104805,false,גרגירי חומוס מבושלים סנפרוסט 800 גרם,תנובה מרכז שיתופי לשיווק תוצרת,,גרגירי חומוס קפוא 80,גרמים,800.00,100 גרם,false,,21.70,2.7125,true,1,26877
7290000104836,false,שעועית ירוקה עדינה שלמה סנפרוסט 600 גרם,תנובה מרכז שיתופי לשיווק תוצרת,,שעועית עדינה שלמה סנ,גרמים,600.00,100 גרם,false,,25.90,4.3167,true,1,26879
7290000104881,false,לקט אפונה וגזר מוקפאים סנפרוסט (800 גרם),תנובה מרכז שיתופי לשיווק תוצרת,,אפונה וגזר 800 גרם ס,גרמים,800.00,100 גרם,false,,17.90,2.2375,true,1,26882
7290000104911,false,לקט נורמנדי מוקפא סנפרוסט (800 גרם),תנובה מרכז שיתופי לשיווק תוצרת,,לקט נורמנדי 800גר,גרמים,800.00,100 גרם,false,,24.90,3.1125,true,1,26884
7290000106526,false,לקט חגיגה ירוקה להקפצה 800 גרם סנפרוסט,"איי, בי, אינבוו",,סנפרוסט חגיגה ירוקה,גרמים,800.00,100 גרם,false,,27.40,3.4250,true,1,143589
7290000107165,false,חטיף סויה אדממה סנפרוסט (400 גרם),תנובה מרכז שיתופי לשיווק תוצרת,,פולי סויה אדממה קפוא,גרמים,400.00,100 גרם,false,,14.90,3.7250,true,1,26888
7290000107189,false,תחתיות ארטישוק סנפרוסט (400 גרם),תנובה מרכז שיתופי לשיווק תוצרת,,תחתיות ארטישוק 400גר,גרמים,400.00,100 גרם,false,,24.90,6.2250,true,1,26889
7290000107295,false,תפרחות ברוקולי סנפרוסט 800 גרם,תנובה מרכז שיתופי לשיווק תוצרת,,תפרחות ברוקולי 800ג,גרמים,800.00,100 גרם,false,,29.90,3.7375,true,1,26890
7290000110844,false,כיפלי בטעם גריל בד`צ 70 גרם .,יוניליוור ישראל שיווק בע`מ,,חטיף כיפלי גריל 70 ג,גרמים,70.00,100 גרם,false,,6.90,9.8571,true,1,11083
7290000111353,false,מיונז אמיתי תלמה (1 קג),"יוניליוור ישראל שיווק בע""מ",,מיונז 1 קג,קילוגרמים,1.00,"ק""ג",false,,18.90,18.9000,true,1,11090
7290000111384,false,חרדל אמיתי בצנצנת 550 ג' תלמה,יוניליוור ישראל שיווק בע`מ,,חרדל אמיתי תלמה 550,גרמים,550.00,100 גרם,false,,9.10,1.6545,true,1,11092
7290000112220,false,טחינה גולמית שומשום טהור בארכה 500 גרם,קבוצת אוסם סחר שותפות מוגבלת,,בארכה טחינה 100% שומ,גרמים,500.00,100 גרם,false,,15.90,3.1800,true,1,21258
7290000112237,false,"טחינה גולמית שומשום טהור בארכה 1 ק""ג","רושדי תעשיות מזון בע""\מ",,בארכה טחינה 100% שומ,קילוגרמים,1.00,"ק""ג",false,,30.70,30.7000,true,1,21259
7290000112497,false,מרק עשיר עוף אטריות קנור 75 גרם - שקיות,יוניליוור ישראל שיווק בע`מ,,מרק עשיר עוף עם אטרי,גרמים,68.00,100 גרם,false,,10.90,16.0294,true,1,11094
7290000112503,false,מרק עשיר ירקות קנור 69 גרם - שקיות,יוניליוור ישראל שיווק בע`מ,,מרק עשיר ירקות קנור,גרמים,61.00,100 גרם,false,,10.90,17.8689,true,1,11095
7290000114187,false,פנטסטיק תרכיז ניקוי כללי אורנים סיף 4 ליטר,יוניליוור ישראל שיווק בע`מ,,סיף פנטסטיק אורנים 4,ליטרים,4.00,ליטר,false,,26.10,6.5250,true,1,11103
7290000117720,false,נמס בכוס פטריות קנור 21.5 גרם מארז זוגי,"יוניליוור ישראל שיווק בע""מ",,מרק נמס בכוס פטריות,גרמים,43.00,100 גרם,false,,7.90,18.3721,true,1,11118
7290000120836,false,מיונז אמיתי הלמנס (394 גרם),"יוניליוור ישראל שיווק בע""מ",,מיונז הלמנס 394 גרם,גרמים,394.00,100 גרם,false,,13.90,3.5279,true,1,11129
7290000121079,false,גבינה מותכת למריחה עם שום שמיר 9% מון בלאן 120 גרם,נטו מילנדה סחר בעמ*,,מון בלאן שמיר 7% 120,גרמים,120.00,100 גרם,false,,12.90,10.7500,true,1,18234
7290000121093,false,גבינה מותכת לייט בטעם שוויצרי 7% מון בלאן 120 גר',האי נאם סי או אל.טי.,,מון בלאן שויצרית 7%,גרמים,120.00,100 גרם,false,,12.90,10.7500,true,1,18235
7290000121109,false,גבינה מותכת לייט עם זיתים 7% מון בלאן 120 גרם,נטו מילנדה סחר בעמ*,,מון בלאן זיתים 7% 12,גרמים,120.00,100 גרם,false,,12.90,10.7500,true,1,18236
7290000121147,false,גבינה מותכת לייט בטעם פיקנטי 7% מון בלאן 120 גרם,נטו מלינדה סחר בע`מ,,מון בלאן פיקנטי 7% 1,גרמים,120.00,100 גרם,false,,12.90,10.7500,true,1,113714
7290000121154,false,גבינה מותכת לייט עם סלמון 7% מון בלאן 120 גרם,נטו מלינדה סחר בע`מ,,מון בלאן סלמון 7% 12,גרמים,120.00,100 גרם,false,,12.90,10.7500,true,1,18238
7290000125251,false,שמפו לכביסה עדינה בדין 2 ליטר,יוניליוור ישראל שיווק בעמ,,בדין שמפו לכביסה עדי,ליטרים,2.00,ליטר,false,,27.90,13.9500,true,1,11150
7290000134147,false,טעם וריח מוסקט טחון מיכל 40גר,"תבליני טעם וריח בע""מ",,טעם וריח מוסקט טחון,גרמים,40.00,100 גרם,false,,18.70,46.7500,true,1,49408
7290000134314,false,פיצה תערובת תיבול 120 גרם מיכל גדול,"תבליני טעם וריח בע""מ",,תערובת תיבול לפיצה ט,גרמים,120.00,100 גרם,false,,11.80,9.8333,true,1,49410
7290000134338,false,אבקת שום בקופ' 90 גר' טעם וריח,"תבליני טעם וריח בע""מ",,תבלין אבקת שום טעם ו,גרמים,90.00,100 גרם,false,,11.90,13.2222,true,1,49411
7290000134376,false,פפריקה בשמן בקופ' 90 גר' טעם וריח,"תבליני טעם וריח בע""מ",,טעם וריח פפריקה בשמן,גרמים,90.00,100 גרם,false,,11.80,13.1111,true,1,49413
7290000134550,false,עלי דפנה 20 גר' טעם וריח,"תבליני טעם וריח בע""מ",,טעם וריח עלי דפנה שק,גרמים,20.00,100 גרם,false,,6.90,34.5000,true,1,49417
7290000134680,false,קימל שלם 40 גר' טעם וריח,תבליני טעם וריח בעמ,,תבלין קמיל שלם טעם ו,גרמים,40.00,100 גרם,false,,6.90,17.2500,true,1,135577
7290000134833,false,כמון טחון בקופ' 100 גר' טעם וריח,"תבליני טעם וריח בע""מ",,טעם וריח ת.כמון במיכ,גרמים,100.00,100 גרם,false,,12.80,12.8000,true,1,49423
7290000134840,false,כורכום טחון בקופ' 100 גר' טעם וריח,"תבליני טעם וריח בע""מ",,טעם וריח ת.כורכום במ,גרמים,100.00,100 גרם,false,,11.90,11.9000,true,1,49424
7290000134864,false,פפריקה חריפה בקופ' 100 גר' טעם וריח,"תבליני טעם וריח בע""\מ",,תבלין פפריקה חריפה ט,גרמים,100.00,100 גרם,false,,11.80,11.8000,true,1,49426
7290000134871,false,פלפל שחור טחון בקופ' 100 גר' טעם וריח,"תבליני טעם וריח בע""מ",,טעם וריח ת. פלפל שחו,גרמים,100.00,100 גרם,false,,16.90,16.9000,true,1,49427
7290000134970,false,חוואיג' בקופ' 100 גר' טעם וריח,"תבליני טעם וריח בע""מ",,תבלין חוואייג טעם ור,גרמים,100.00,100 גרם,false,,11.90,11.9000,true,1,49428
7290000134987,false,פלפל שחור גרוס בקופ' 90 גר' טעם וריח,"תבליני טעם וריח בע""מ",,טעם וריח פלפל שחור ג,גרמים,90.00,100 גרם,false,,16.90,18.7778,true,1,49429
7290000135045,false,"XL TEN משקה אנרגיה פתוח ללא סוכר 250 מ""ל","טמפו משקאות בע""\מ",,אקס אל TEN פחית תפוח,מיליליטרים,250.00,"100 מ""ל",false,,4.90,1.9600,true,1,140935
7290000135052,false,"XL TEN משקה אנרגיה מנגו ללא סוכר 250 מ""ל","טמפו משקאות בע""\מ",,אקס אל TEN פחית מנגו,מיליליטרים,250.00,"100 מ""ל",false,,4.90,1.9600,true,1,140936
7290000135663,false,"פפסי מקס דובדבן פחית צרה מארז שישייה 330 מ""ל",טמפו משקאות בע''מ,,פפסי מקס דובדבן פחית,ליטרים,1.98,ליטר,false,,18.70,9.4444,true,1,455047
7290000136158,false,פפסי מקס משקה מוגז דל קלוריות בטעם קולה,"טמפו משקאות בע""\מ",,פפסי מקס 1.5 ליטר,ליטרים,1.50,ליטר,false,,8.50,5.6667,true,1,360219
7290000136189,false,משקה דיאט 7UP בקבוק 1.5 ליטר פיקדון,"טמפו משקאות בע""\ם.",,סבן אפ דיאט 1.5 ליטר,ליטרים,1.50,ליטר,false,,8.50,5.6667,true,1,360138
7290000136288,false,"סירופ בטעם תפוחים ג'ויסר סיידר הגליל 330 מ""ל","טמפו משקאות בע""\מ",,סיידר הגליל JUICER ס,מיליליטרים,330.00,"100 מ""ל",false,,13.60,4.1212,true,1,439017
7290000136295,false,"סירופ בטעם פטל ג'ויסר סיידר הגליל 330 מ""ל","טמפו משקאות בע""\מ",,סיידר הגליל JUICER ס,מיליליטרים,330.00,"100 מ""ל",false,,13.60,4.1212,true,1,439048
7290000136301,false,"סירופ בטעם ענבים ג'ויסר סיידר הגליל 330 מ""ל","טמפו משקאות בע""\מ",,סיידר הגליל JUICER ס,מיליליטרים,330.00,"100 מ""ל",false,,13.60,4.1212,true,1,439049
7290000136585,false,משקה בטעם תפוזים תריסר 1.5 ל' ג'אמפ,"טמפו משקאות בע""\ם.",,ג`אמפ תפוז 1.5 ליטר,ליטרים,1.50,ליטר,false,,8.90,5.9333,true,1,359920
7290000136646,false,בירה נשר מאלט ללא אלכוהול 1.5 ליטר,"טמפו משקאות בע""\מ",,נשר מאלט 1.5 ליטר,ליטרים,1.50,ליטר,false,,9.90,6.6000,true,1,359792
7290000136653,false,בירה שחורה נשר מאלט דיאט בקבוק 1.5ל`,"טמפו משקאות בע""\מ",,נשר מאלט דיאט 1.5 לי,ליטרים,1.50,ליטר,false,,9.90,6.6000,true,1,359808
7290000136684,false,פפסי מקס משקה מוגז דל קלוריות בטעם קולה,טמפו משקאות בע`מ,,פפסי מקס 1.5 ליטר,ליטרים,1.50,ליטר,false,,8.50,5.6667,true,1,360220
7290000136776,false,שישיית פפסי מקס דל קלוריות 1.5 ליטר,טמפו משקאות בע`מ,,פפסי מקס 6*1.5 ליטר,ליטרים,9.00,ליטר,false,,42.90,4.7667,true,1,360204
7290000136790,false,טמפו מי סודה 6*1.5 ליטר פיקדון,"טמפו משקאות בע""\מ",,טמפו סודה 6*1.5 ליטר,ליטרים,9.00,ליטר,false,,19.60,2.1778,true,1,359952
7290000136844,false,מארז מים מזוככים אקווה נובה שישיית 2 ליטר,"טמפו משקאות בע""\מ",,אקווה נובה 6*2 ליטר,ליטרים,12.00,ליטר,false,,12.90,1.0750,true,1,359837
7290000136868,false,סאן בנדטו - מים מינרלים - מארז שישיית 1.5 ליטר,אקווה מינרלה סאן בנדטו ב,,מים סאן בנדטו 6* 1.5,ליטרים,9.00,ליטר,false,,19.90,2.2111,true,1,359853
7290000136875,false,שישיית מים מינרליים מוגזים סן בנדטו 1.5 ליטר,סאן בנדטו San Benedetto,,סאן בנדטו מים מינרלי,ליטרים,9.00,ליטר,false,,19.90,2.2111,true,1,359937
7290000137643,false,שלגוני טעמקור בטעם שוקו וניל שטראוס 8*50 גרם,"גלידת שטראוס בע""\מ, רחוב",,שלגוני טעמקור 8יח,גרמים,416.00,100 גרם,false,,39.90,9.5913,true,1,4762
7290000143187,false,שמפו ומרכך לגבר הוואי (700 מל),שוורצקוף& הנקל דיסלד,,שמפו לגבר הוואי 700,מיליליטרים,700.00,"100 מ""ל",false,,10.90,1.5571,true,1,8635
7290000143255,false,הוואי שמפו לשיער רגיל 700 מל ירוק,שוורצקוף& הנקל דיסלד,,שמפו רגיל הוואי 700,מיליליטרים,700.00,"100 מ""ל",false,,10.90,1.5571,true,1,8639
7290000144160,false,"שמן זית כתית מעולה ארומתי עץ הזית 750 מ""ל","מרקאולאו, ספרד.אבסה,",,שמן זית כתית מעולה א,מיליליטרים,750.00,"100 מ""ל",false,,37.90,5.0533,true,1,31519
7290000144467,false,שמן חמניות מועשר בנוגדי חמצון 1 ל' עץ הזית,"נארז ע""י : א.ג. גילר",,שמן חמניות בריאות מה,ליטרים,1.00,ליטר,false,,17.90,17.9000,true,1,31523
7290000144474,false,שמן עץ הזית קנולה 1 ליטר בריאות מהטבע,סוגת תעשיות בעמ,,שמן קנולה בריאות עץ,ליטרים,1.00,ליטר,false,,17.90,17.9000,true,1,31524
7290000146928,false,"משחת שיניים לילדים בטעם ענבים טום וג'רי 50 מ""ל",טרופיקל דגיל קוסמטיק,,משחת שיניים טעם ענבי,מיליליטרים,50.00,"100 מ""ל",false,,7.90,15.8000,true,1,8652
7290000146997,false,משחת שיניים לילדים מסטיק טום וג'רי 50 מל,טרופיקל דגיל קוסמטיק,,משחת שיניים טום וגרי,מיליליטרים,50.00,"100 מ""ל",false,,7.90,15.8000,true,1,8653
7290000148380,false,פיסטוקים קלויים קליית גת (200 גרם),ליימן שליסל בעמ,,פיסטוק קלוי 200 גרם,גרמים,200.00,100 גרם,false,,21.90,10.9500,true,1,13848
7290000148489,false,"קליית גת גרעיני דלעת קלויים,200 גרם",ליימן שליסל בעמ,,גרעיני דלעת 200 גרם,גרמים,200.00,100 גרם,false,,9.90,4.9500,true,1,13849
7290000148748,false,קליית גת גרעיני חמניה קלויים ומומלחים200,ליימן שליסל בעמ,,גרעיני חמניה 200 גרם,גרמים,200.00,100 גרם,false,,7.90,3.9500,true,1,13851
7290000148939,false,שקדים קלויים קליית גת (200 גרם),ליימן שליסל בעמ,,שקדים קלויים 200 גרם,גרמים,200.00,100 גרם,false,,21.90,10.9500,true,1,13852
7290000149851,false,סבון לניקוי והסרת כתמים סינטבון 460 גרם,החברה הדרומית לשיווק בעמ,,סינטבון כפול 460גר,גרמים,460.00,100 גרם,false,,11.90,2.5870,true,1,31791
7290000149905,false,טקסטיל שמפו נוזלי לאריגים עדינים1ליט,החברה הדרומית לשיווק בעמ,,טקסטיל שמפו-1 ליטר נ,ליטרים,1.00,ליטר,false,,15.90,15.9000,true,1,31792
7290000151885,false,נקניק הודו יחידה עוף טוב 700ג',קבוצת אוסם סחר שותפות מוגבלת,,נקניק הודו יחידה 700,גרמים,700.00,100 גרם,false,,19.00,2.7143,true,1,22019
7290000153445,false,קציצות בקר מתובלות 100% רכיבים טבעיים,מולינו ניקולי s.p.a,,עוף טוב קציצות בקר מ,גרמים,500.00,100 גרם,false,,34.90,6.9800,true,1,22029
7290000169538,false,"נמס בכוס עגבניות וקרוטונים מרק כשרות בד""ץ 62 ג' קנור",יוניליוור ישראל שיווק בע`מ,,נמס בכוס עגבניות וקר,גרמים,62.00,100 גרם,false,,7.90,12.7419,true,1,67163
7290000174723,false,שוקולית אבקה להכנת משקה שוקו 500 גרם,הנסיך- מפעל לייצור ט,,שוקולית 500 גרם,גרמים,500.00,100 גרם,false,,13.90,2.7800,true,1,24034
7290000176079,false,קפה טורקי עם הל עלית (100 גרם),הנסיך- מפעל לייצור ט,,טורקי עלית קפה עם הל,גרמים,100.00,100 גרם,false,,10.50,10.5000,true,1,24037
7290000176413,false,קפה נמס עלית פחית 50 גרם,הנסיך- מפעל לייצור ט,,עלית נמס 50 גר',גרמים,50.00,100 גרם,false,,10.90,21.8000,true,1,24042
7290000176420,false,קפה נמס פחית עלית 200 גרם,פיקסל אם.גי.אם בעמ,,קפה נמס עלית פחית 20,גרמים,200.00,100 גרם,false,,21.90,10.9500,true,1,24043
7290000176468,false,קפה נמס נטול קפאין 50 ג' קפה האג,"שטראוס גרופ בע""מ",,האג קפה נטול קפאין 5,גרמים,50.00,100 גרם,false,,10.90,21.8000,true,1,24044
7290000178707,false,חטיף צ`יפס בטעם טבעי תפוצ`יפס (50 גרם),"שטראוס פריטו ליי בע""\מ )",,תפוציפס טבעי 50 גרם,גרמים,50.00,100 גרם,false,,4.50,9.0000,true,1,25339
7290000178721,false,חטיף צ`יפס בטעם טבעי תפוצ`יפס (200 גרם),"שטראוס פריטו ליי בע""\מ )",,תפוציפס טבעי 200 גרם,גרמים,200.00,100 גרם,false,,10.90,5.4500,true,1,25341
7290000185224,false,סילאן בקבוק לחיץ תמר כנרת 650 גר,תה ויסוצקי (ישראל) בעמ,,סילאן בקבוק לחיץ תמר,גרמים,650.00,100 גרם,false,,14.90,2.2923,true,1,55559
7290000185590,false,סילאן טבעי בבקבוק לחיץ 650 גרם,"טעמי הגליל בע""\מ עבור וי",,סילאן 100% תמרים טבע,גרמים,635.00,100 גרם,false,,21.90,3.4488,true,1,477949
7290000186931,false,ניקול כריות קרצוף חתוכות 12 יח',ניקול,,ניקול כריות קרצוף חת,יחידה,0.00,יחידה,false,,12.90,0.0000,true,1,9553
7290000187921,false,נייר טואלט דו שכבתי לבן לילי 32 יחידות,קימברלי קלארק ישראל שיווק בעמ,,"נייר טואלט ""לילי"" לב",מטרים,588.00,מטר,false,,42.90,0.0730,true,1,9560
7290000188355,false,ניקול מגבות נייר לבנות 6 גלילים,קימברלי קלארק ישראל שיווק בעמ,,מגבות מטבח ניקול לבנ,מטרים,64.80,מטר,false,,12.90,0.1991,true,1,9566
7290000189192,false,סופר מטלית מטליות נייר רב פעמיות ניקול 64 יחידות,קימברלי קלארק ישראל שיווק בעמ,,ניקול מטלית חכמה יומ,יח',64.00,יח',false,,19.90,0.3109,true,1,9580
7290000189260,false,תבניות מלבניות עבות וחזקות ניקול 5 יחידות,קימברלי קלארק ישראל שיווק בעמ,,ניקול תבניות מלבניות,יחידה,0.00,יחידה,false,,12.90,0.0000,true,1,9586
7290000189277,false,תבניות מלבניות עבות וחזקות ניקול 3 יחידות,קימברלי קלארק ישראל שיווק בעמ,,ניקול תבניות מלבניות,יחידה,0.00,יחידה,false,,12.90,0.0000,true,1,9587
7290000189482,false,תבניות אפיה מרובעות מקרטון ניקול 4 יחידות,קימברלי קלארק ישראל שיווק בעמ,,ניקול תבנית אפייה מק,יחידה,0.00,יחידה,false,,10.90,0.0000,true,1,9590
7290000190150,false,מפיות מודפסות תלת שכבתיות ניקול 20 יחידות,קימברלי קלארק ישראל שיווק בעמ,,מפיות תלת שכבתיות ני,יחידה,0.00,יחידה,false,,8.90,0.0000,true,1,9607
7290000191469,false,לחם אחיד 750 גרם,מאפיות ברמן,,לחם אחיד 750 גרם,גרמים,750.00,100 גרם,false,,5.10,0.6800,true,1,371683
7290000191539,false,חמישיית ממחטות טישו צבועני לילי 100 יחידות,קימברלי קלארק ישראל שיווק בעמ,,לילי צבעוני חמישיה-9,יחידה,0.00,יחידה,false,,14.90,0.0000,true,1,9627
7290000191652,false,שלישיית ממחטות אולטרה סופט קלינקס 90 יחידות,קימברלי קלארק ישראל שיווק בעמ,,קלינקס קלאסיק ניילון,יחידה,0.00,יחידה,false,,12.90,0.0000,true,1,9632
7290000193083,false,נובה-לי תחבושות היגייניות לילי 28 יחידות,קימברלי קלארק ישראל שיווק בעמ,,תחבושות נובה לי לילי,יחידה,0.00,יחידה,false,,11.90,0.0000,true,1,9639
7290000195216,false,נייר אפייה בשקית ניקול 50 יחידות,קימברלי קלארק ישראל שיווק בעמ,,ניקול נייר אפייה בשק,יחידה,0.00,יחידה,false,,11.90,0.0000,true,1,9662
7290000195537,false,האגיס - מגבוני האגיס דיילי קר לא מבושם 64 יח' * 4,קימברלי קלארק ישראל שיווק בעמ,,מגבוני האגיס דיילי ק,יחידה,0.00,יחידה,false,,19.90,0.0000,true,1,9669
7290000195773,false,האגיס - מגבוני האגיס סנסטיב קר לא מבושם 64 יח' * 4,קימברלי קלארק ישראל שיווק בעמ,,מגבוני האגיס סנסטיב,יחידה,0.00,יחידה,false,,19.90,0.0000,true,1,9673
7290000197326,false,רדיד אלומיניום ניקול זוגות 7.5*2קצר,קימברלי קלארק ישראל שיווק בעמ,,ניקול רדיד אלומיניום,מטרים,15.00,מטר,false,,12.90,0.8600,true,1,9691
7290000197425,false,חיתולים פרידום דריי שלב 3 האגיס 52 יחידות,קימברלי קלארק ישראל שיווק בעמ,,האגיס פרידום דריי של,יחידה,0.00,יחידה,false,,45.90,0.0000,true,1,9695
7290000197432,false,שקיות אוכל סנדביצ'ון ניקול מארז 150X2יח',קימברלי קלארק ישראל שיווק בעמ,,ניקול שקיות אוכל זוג,יחידה,0.00,יחידה,false,,14.90,0.0000,true,1,9696
7290000197463,false,חיתולים פרידום דריי שלב +4 האגיס 40 יחידות,קימברלי קלארק ישראל שיווק בעמ,,האגיס פרידום דריי של,יחידה,0.00,יחידה,false,,45.90,0.0000,true,1,9699
7290000197548,false,חיתולים פרידום דריי שלב 5 האגיס 36 יחידות,קימברלי קלארק ישראל שיווק בעמ,,האגיס פרידום דריי של,יחידה,0.00,יחידה,false,,45.90,0.0000,true,1,9703
7290000197678,false,חיתולי האגיס פרידום דריי שלב 6 30 יחידות,קימברלי קלארק ישראל שיווק בעמ,,האגיס פרידום דריי ש,יחידה,0.00,יחידה,false,,45.90,0.0000,true,1,9705
7290000197982,false,"רדיד אלומיניום עבה 45 ס""מ רוחב ניקול 2 יח' 7.5 מטר",קימברלי קלארק ישראל שיווק בעמ,,ניקול רדיד אלומיניום,מטרים,15.00,מטר,false,,22.90,1.5267,true,1,9711
7290000204215,false,שישיית כרית יפנית ניקול 6 יחידות,קימברלי קלארק ישראל שיווק בעמ,,ניקול כריות יפניות 6,יחידה,0.00,יחידה,false,,12.90,0.0000,true,1,9748
7290000204307,false,מטלית רב שימושית בגליל ניקול 40 יחידות,קימברלי קלארק ישראל שיווק בעמ,,מטליות ניקול 40 רב ש,יחידה,0.00,יחידה,false,,22.90,0.0000,true,1,9751
7290000204611,false,שישיית ספוגית הקסם ניקול 6 יחידות,קימברלי קלארק ישראל שיווק בעמ,,ניקול ספוגית הקסם*6,יחידה,0.00,יחידה,false,,12.90,0.0000,true,1,9753
7290000207162,false,רוטב עגבניות מרכיב טבעי 100 ג' יכין,זנלכול יכין,,רוטב עגבניות 100 גרם,גרמים,100.00,100 גרם,false,,2.50,2.5000,true,1,9297
7290000207438,false,עגבניות מקולפות חתוכות לקוביות,זנלכול יכין,,עגבניות לקוביות יכין,גרמים,800.00,100 גרם,false,,10.90,1.3625,true,1,9298
7290000208022,false,עגבניות 2.5 A מרוסקות 850 גרם יכין,זנלכול יכין,,עגבניות מרוסקות יכין,גרמים,800.00,100 גרם,false,,10.90,1.3625,true,1,9301
7290000208077,false,אפונת גינה גדולה יכין (550 גרם),זנלכול יכין,,אפונת גינה גדולה L י,גרמים,335.00,100 גרם,false,,9.90,2.9552,true,1,9303
7290000208114,false,"אפונה וגזר יכין A2 פ""ק בית יוסף",זנלכול יכין,,אפונת גינה וגזר יכין,גרמים,330.00,100 גרם,false,,9.90,3.0000,true,1,9306
7290000208145,false,גרעיני תירס מתוק לייט 550 גרם יכין,זנלכול יכין,,גרעיני תירס לייט יכי,גרמים,335.00,100 גרם,false,,9.90,2.9552,true,1,9309
7290000208213,false,שעועית לבנה אפויה A2 ברוטב עגבניות יכין 560ג',היינץ צפון אמריקה מק,,שעועית לבנה ברוטב עג,גרמים,355.00,100 גרם,false,,9.90,2.7887,true,1,9311
7290000208220,false,שעועית צ`ילי מקסיקני חריף יכין (550 גרם),היינץ צפון אמריקה מק,,שעועית צילי חריף יכי,גרמים,355.00,100 גרם,false,,10.90,3.0704,true,1,9312
7290000208312,false,גרעיני תירס מתוק בואקום יכין 400 גר',"זנלכל בע""\מ",,גרעיני תירס מתוק יכי,גרמים,400.00,100 גרם,false,,7.90,1.9750,true,1,9316
7290000208329,false,גרעיני תירס מתוק יכין (550 גרם),זנלכול יכין,,גרעיני תירס מתוק יכי,גרמים,335.00,100 גרם,false,,9.90,2.9552,true,1,9317
7290000208336,false,רסק יכין 240גר 22% יכין בית יוסף,"זנלכל בע""\מ",,רוטב עגבניות יכין 24,גרמים,240.00,100 גרם,false,,5.50,2.2917,true,1,9318
7290000208350,false,עגבניות מרוסקות עם בצל יכין (800 גרם),זנלכול יכין,,עגבניות מרוסקות עם ב,גרמים,800.00,100 גרם,false,,10.90,1.3625,true,1,9320
7290000208404,false,A2 פול מצרי 550 גרם יכין,זנלכול יכין,,פול מצרי יכין 550 גר,גרמים,350.00,100 גרם,false,,8.90,2.5429,true,1,9322
7290000208428,false,גרגרי חומוס שלם 550 גרם יכין,היינץ צפון אמריקה מק,,חומוס שלם יכין 550 ג,גרמים,290.00,100 גרם,false,,9.90,3.4138,true,1,9323
7290000208855,false,רוטב לפסטה קלאסי יכין (240 גרם),זנלכול יכין,,רוטב לפסטה קלאסי יכי,גרמים,260.00,100 גרם,false,,6.50,2.5000,true,1,9331
7290000208893,false,גרעיני תירס מתוק לייט 400 גרם יכין,היינץ צפון אמריקה מק,,תירס לייט יכין 400 ג,גרמים,400.00,100 גרם,false,,6.90,1.7250,true,1,9332
7290000208930,false,עגבניות מרוסקות בתוספת שום 240 גרם יכין,זנלכול יכין,,עגבניות מרוסקות עם ש,גרמים,260.00,100 גרם,false,,6.50,2.5000,true,1,9333
7290000208947,false,עגבניות מרוסקות יכין (240 גרם),היינץ צפון אמריקה מק,,עגבניות מרוסקות יכין,יחידה,260.00,יחידה,false,,6.50,0.0250,true,1,9334
7290000208978,false,רוטב עגבניות (10028% גרם)פריכוז יכין,זנלכול יכין,,רוטב עגבניות פריכוז,גרמים,100.00,100 גרם,false,,3.90,3.9000,true,1,9335
7290000209012,false,חומץ 1ליטר יכין הדרים,"זנלכל בע""\מ",,חומץ הדרים 5% יכין 1,ליטרים,1.00,ליטר,false,,7.90,7.9000,true,1,9337
7290000209043,false,מיץ לימון משומר לתיבול יכין (1 ליטר),היינץ צפון אמריקה מק,,מיץ לימון משומר יכין,ליטרים,1.00,ליטר,false,,5.90,5.9000,true,1,9338
7290000209173,false,חומצה אצטית למזון 5% יכין 1 ליטר,זנלכול יכין,,חומץ סינטטי 5% יכין,ליטרים,1.00,ליטר,false,,5.20,5.2000,true,1,9341
7290000209371,false,מארז גרעיני תירס מתוק יכין (200x3 גרם),היינץ צפון אמריקה מק,,תירס שלישיה יכין 3*1,גרמים,495.00,100 גרם,false,,15.90,3.2121,true,1,9349
7290000209388,false,תירס מתוק לייט יכין 200 גרם מארז 3 יח',זנלכול יכין,,תירס לייט שלישיה יכי,גרמים,420.00,100 גרם,false,,15.90,3.7857,true,1,9350
7290000209708,false,עגבניות מרוסקות עם בזיליקום 240 גרם יכין,היינץ צפון אמריקה מק,,עגבניות מרוסקות בזיל,גרמים,260.00,100 גרם,false,,6.50,2.5000,true,1,9359
7290000209722,false,רוטב עגבניות 28% יכין (580 גרם)פריכוז,"זנלכל בע""\מ",,רוטב עגבניות מרוכז מ,גרמים,580.00,100 גרם,false,,10.90,1.8793,true,1,9361
7290000209913,false,עגבניות חתוכות לקוביות 240 גרם יכין,"זנלכל בע""\מ",,עגבניות לקוביות יכין,גרמים,260.00,100 גרם,false,,6.50,2.5000,true,1,9363
7290000209944,false,רוטב לעגבניות בסיס לשקשוקה 240 ג' יכין,"זנלכל בע""\מ",,רוטב לעגבניות לשקשוק,גרמים,260.00,100 גרם,false,,6.50,2.5000,true,1,9364
7290000209951,false,רוטב עגבניות לפיצה 260 גרם יכין,"זנלכל בע""\מ",,רוטב עגבניות לפיצה י,מיליליטרים,260.00,"100 מ""ל",false,,6.50,2.5000,true,1,9365
7290000211169,false,"אורז תאילנדי אחד אחד סוגת 1 ק""ג",האי נאם סי או אל.טי.,,אורז תאילנדי 1 ק'ג,קילוגרמים,1.00,"ק""ג",false,,7.90,7.9000,true,1,19381
7290000211374,false,"קמח חיטה מלא סוגת 1 ק""ג",טחנת קמח דגן-שטיבל,,"קמח מלא סוגת 1 ק""ג",קילוגרמים,1.00,"ק""ג",false,,8.90,8.9000,true,1,19383
7290000211442,false,אורז בסגנון פרסי קלאסי סוגת (1 קג),האי נאם סי או אל.טי.,,סוגת אורז פרסי קלאסי,קילוגרמים,1.00,"ק""ג",false,,11.90,11.9000,true,1,19385
7290000211503,false,סוכר לבן ארוז בשקית,"סוגת תעשיות בע""\מ",,"סוכר סוגת לבן 1 ק""ג",קילוגרמים,1.00,"ק""ג",false,,4.90,4.9000,true,1,19386
7290000211626,false,חיש אורז אחד אחד 1 קג,"סוגת תעשיות בע""\מ",,"אורז חיש 1 ק""ג",קילוגרמים,1.00,"ק""ג",false,,11.90,11.9000,true,1,19387
7290000211985,false,אורז עגול ריזוטו אחד אחד 1 קג,"סוגת תעשיות בע""\מ",,סוגת אורז עגול 1קג,קילוגרמים,1.00,"ק""ג",false,,9.90,9.9000,true,1,19389
7290000238029,false,"בצק עלים צרפתי מרודד מעדנות 1 ק""ג",תנובה מרכז שיתופי לשיווק תוצרת,,"בצק עלים 1ק""ג",קילוגרמים,1.00,"ק""ג",false,,24.90,24.9000,true,1,38984
7290000238036,false,מלאווח מעדנות 6 יח`700 גרם קפוא,תנובה מרכז שיתופי לשיווק תוצרת,,מעדנות מלווח 700גר,גרמים,700.00,100 גרם,false,,18.90,2.7000,true,1,38985
7290000238180,false,בורקס במילוי תפוא 800 גרם מעדנות,מיוצר עי קונדיטוריית,,"בורקס תפו""א 800גר",גרמים,800.00,100 גרם,false,,21.90,2.7375,true,1,69501
7290000243566,false,שמן קנולה בריאות עץ הזית (750 מל),סוגת תעשיות בעמ,,שמן קנולה בריאות עץ,מיליליטרים,750.00,"100 מ""ל",false,,12.90,1.7200,true,1,31531
7290000244143,false,קרם הוואי לאחר גילוח+ לחות 120 מ``ל,טרופיקל דגיל קוסמטיק,,קרם לאחר גילוח הוואי,גרמים,120.00,100 גרם,false,,17.90,14.9167,true,1,8659
7290000245157,false,סוד סופט מרכך כביסה סנסיישן 4 ליטר,גורי שיווק בעמ,,מרכך כביסה סוד סנסיי,ליטרים,4.00,ליטר,false,,18.90,4.7250,true,1,38206
7290000245270,false,"פרסיל אבקה לכביסה רגיל שקית 1.25 ק""ג",גורי שיווק בעמ,,אבקת כביסה פרסיל סופ,קילוגרמים,1.25,"ק""ג",false,,15.90,12.7200,true,1,38208
7290000245287,false,"פרסיל אבקת כביסה 1.250 ק""ג קולור ויניגר",גורי שיווק בעמ,,אבקת כביסה פרסיל קול,קילוגרמים,1.25,"ק""ג",false,,15.90,12.7200,true,1,38209
7290000245782,false,סוד סופט מרכך כביסה ורוד 4 ליטר,גורי שיווק בעמ,,מרכך כביסה סוד ורוד,ליטרים,4.00,ליטר,false,,18.90,4.7250,true,1,38221
7290000245799,false,סוד סופט מרכך כביסה כחול 4 ליטר,גורי שיווק בעמ,,מרכך כביסה סוד כחול,ליטרים,4.00,ליטר,false,,18.90,4.7250,true,1,38222
7290000253220,false,שוקולדצ`יפס לאפייה 260 גר`אופנהיימר,תה ויסוצקי (ישראל) בעמ,,שוקולד צ'יפס אופנהיי,גרמים,260.00,100 גרם,false,,13.90,5.3462,true,1,14720
7290000253251,false,נטיפי שוקולד צ`יפס לבן לאפיה 250 גרם,תה ויסוצקי (ישראל) בעמ,,שוקולד צ'יפס לבן אופ,גרמים,250.00,100 גרם,false,,13.90,5.5600,true,1,14721
7290000272443,false,סירופ דיאט בטעם תפוזים עסיס 1 ליטר,קבוצת אוסם סחר שותפות מוגבלת,,סירופ דיאט תפוז עסיס,יחידה,0.00,יחידה,false,,16.90,0.0000,true,1,21266
7290000272467,false,עסיס פטל דיאט סירופ 1 ליטר,קבוצת אוסם סחר שותפות מוגבלת,,סירופ דיאט פטל עסיס,ליטרים,1.00,ליטר,false,,16.90,16.9000,true,1,21267
7290000272696,false,מיץ לימון טבעי משומר 1 ליטר עסיס כלפ,קבוצת אוסם סחר שותפות מוגבלת,,מיץ לימון משומר עסיס,ליטרים,1.00,ליטר,false,,11.90,11.9000,true,1,21268
7290000272726,false,חומץ רכיבים רכיבים טבעיים 5% עסיס 1 ליטר,קבוצת אוסם סחר שותפות מוגבלת,,חומץ טבעי 5% עסיס 1,ליטרים,1.00,ליטר,false,,7.50,7.5000,true,1,21269
7290000284354,false,ספרייט 1.5 ליטר,החברה המרכזית להפצת משקאות בעמ,,ספרייט 1.5 ל',ליטרים,1.50,ליטר,false,,9.70,6.4667,true,1,7545
7290000286228,false,ספוגיות לניקוי כללי סנו סושי 6 יחידות,החברה הדרומית לשיווק בעמ,,סנו סושי שישיות כריו,יחידה,0.00,יחידה,false,,12.90,0.0000,true,1,31796
7290000286549,false,מטליות לניקוי כללי סנו סושי 9 יחידות,החברה הדרומית לשיווק בעמ,,סנו סושי מטליות לכל,יחידה,0.00,יחידה,false,,12.90,0.0000,true,1,31804
7290000286945,false,סנו רהיט נוזלי תרסיס 500 סמק+אקדח,החברה הדרומית לשיווק בעמ,,"סנו רהיט נוזל 500 מ""",מיליליטרים,500.00,"100 מ""ל",false,,31.20,6.2400,true,1,31814
7290000287409,false,"שלישיית סנובון תות לאסלה ""סנו""",החברה הדרומית לשיווק בעמ,,סנובון שלישיה תות 3*,גרמים,165.00,100 גרם,false,,12.90,7.8182,true,1,31819
7290000287492,false,"סנובון נוזל לניקוי אסלות בריח לימון סנו 750 מ""ל",החברה הדרומית לשיווק בעמ,,סנובון נוזלי בניחוח,מיליליטרים,750.00,"100 מ""ל",false,,10.90,1.4533,true,1,31822
7290000288024,false,סנו - ז'אוול אקונומיקה בריח לימון 4 ליטר,החברה הדרומית לשיווק בעמ,,סנו ז'אוול בריח לימו,ליטרים,4.00,ליטר,false,,17.90,4.4750,true,1,31833
7290000288048,false,ז`אוול מרסס לניקוי כללי לבנדר סנו (1 ליט,החברה הדרומית לשיווק בעמ,,סנו ג'אוול מרסס אילנ,ליטרים,1.00,ליטר,false,,19.90,19.9000,true,1,31835
7290000288086,false,אבקת ניקוי עם אקונומיקה בריח לימון סנו ז'אוול 600 ג',החברה הדרומית לשיווק בעמ,,אבקת ניקוי ג'אוול לי,גרמים,600.00,100 גרם,false,,12.90,2.1500,true,1,31837
7290000288109,false,"אבקת כביסה מקסימה אפקט ג''אוול 1.25 ק""ג סנו",החברה הדרומית לשיווק בעמ,,סנו מקסימה אפקט ג'או,קילוגרמים,1.25,"ק""ג",false,,15.90,12.7200,true,1,31838
7290000288352,false,"קוטל חרקים וזוחלים K-300 סנו 630 מ""ל",החברה הדרומית לשיווק בעמ,,K - 300,מיליליטרים,630.00,"100 מ""ל",false,,23.50,3.7302,true,1,31842
7290000288642,false,מקסימה מרכך כביסה סנסיטיב בייבי סנו 4 ליטר,החברה הדרומית לשיווק בעמ,,מרכך כביסה סנו מקסימ,ליטרים,4.00,ליטר,false,,23.90,5.9750,true,1,31849
7290000288727,false,סנו מקסימה אבקת כביסה מאסק מילוי 1.25,החברה הדרומית לשיווק בעמ,,סנו מקסימה מאסק 1.25,קילוגרמים,1.25,"ק""ג",false,,15.90,12.7200,true,1,31851
7290000289069,false,סנו - ז'אוול מרסס קצף ניקוי בתוספת אקונומיקה בריח לימון 1 ליטר,החברה הדרומית לשיווק בעמ,,סנו ג'אוול מרסס לימו,ליטרים,1.00,ליטר,false,,19.90,19.9000,true,1,31855
7290000289496,false,"סנו - ז'אוול ג'ל קרם לניקוי כללי לימון 750 מ""ל",החברה הדרומית לשיווק בעמ,,סנו ג'אוול ג'ל קרם ל,מיליליטרים,750.00,"100 מ""ל",false,,13.90,1.8533,true,1,31858
7290000289748,false,"מסיר שומנים לתנורים פורטה פלוס סנו 750 מ""ל",החברה הדרומית לשיווק בעמ,,סנו פורטה פלוס לתנור,מיליליטרים,750.00,"100 מ""ל",false,,16.90,2.2533,true,1,31862
7290000291857,false,פוליויקס נוזל רצפות בניחוח גולדן סאנרייז סנו 2 ליטר,החברה הדרומית לשיווק בעמ,,סנו פוליווקס לוטוס 2,ליטרים,2.00,ליטר,false,,26.00,13.0000,true,1,31866
7290000291963,false,אקונומיקה סמיכה בריח לימון סנו ז'אוול 1 ליטר,החברה הדרומית לשיווק בעמ,,סנו ז'אוול סמיכה לימ,יחידה,0.00,יחידה,false,,8.90,0.0000,true,1,31869
7290000292915,false,רסס ונגב לניקוי כללי תרסיס סנו (750 מל),החברה הדרומית לשיווק בעמ,,סנו רסס ונגב אקדח 75,מיליליטרים,750.00,"100 מ""ל",false,,17.90,2.3867,true,1,31879
7290000293820,false,"קרמה מן שמפו וג'ל גל רחצה אקטיב בלוק 700מ""ל",החברה הדרומית לשיווק בעמ,,שמפו וג'ל רחצה קרבון,מיליליטרים,700.00,"100 מ""ל",false,,19.90,2.8429,true,1,124139
7290000293943,false,"מרסס לבן מסיר אבנית 1 ליטר אנטי קאלק ""סנו""",החברה הדרומית לשיווק בעמ,,סנו אנטי קאלק+מתז 1,ליטרים,1.00,ליטר,false,,20.90,20.9000,true,1,31887
7290000294575,false,סנו סושי רב מגבת 63 דפים בגליל,החברה הדרומית לשיווק בעמ,,סנו רב מגבת,מטרים,13.80,מטר,false,,14.90,1.0797,true,1,31892
7290000294780,false,אקונומיקה סמיכה בריח לימון סנו ז'אוול 4 ליטר,החברה הדרומית לשיווק בעמ,,סנו ז'אוול סמיכה 4 ל,ליטרים,4.00,ליטר,false,,17.90,4.4750,true,1,31894
7290000295121,false,מטליות זיגזג סנו סושי לניקוי רצפות 3יח',החברה הדרומית לשיווק בעמ,,מטלית זיגזג 3יח,יחידה,0.00,יחידה,false,,12.90,0.0000,true,1,31895
7290000295336,false,סנו מקסימה אבקת כביסה סנסטיב מילוי1.25,החברה הדרומית לשיווק בעמ,,סנו מקסימה סנסיטיב 1,קילוגרמים,1.25,"ק""ג",false,,15.90,12.7200,true,1,31898
7290000295343,false,"אבקת כביסה מקסימה ביו 1.25 ק""ג סנו",החברה הדרומית לשיווק בעמ,,סנו מקסימה ביו 1.25,קילוגרמים,1.25,"ק""ג",false,,15.90,12.7200,true,1,31899
7290000295404,false,שקיות אשפה עם שרוך 54 * 65 סנו סושי 60 יחידות,החברה הדרומית לשיווק בעמ,,שקיות אשפה נשלפות סנ,יחידה,0.00,יחידה,false,,24.90,0.0000,true,1,31901
7290000295503,false,זוג שקיות מזון טבע 19*25 סנו סושי 150 יחידות,החברה הדרומית לשיווק בעמ,,סנו סושי צמד שקיות א,יחידה,0.00,יחידה,false,,15.90,0.0000,true,1,31902
7290000295541,false,סנו סושי רב מגבת ג`מבו 75 יחידות,החברה הדרומית לשיווק בעמ,,סנו רב מגבת גמבו,יחידה,0.00,יחידה,false,,19.90,0.0000,true,1,31903
7290000295558,false,"רדיד אלומיניום רוחב 30 ס""מ סנו סושי 2 יח' 7.5 מטר",החברה הדרומית לשיווק בעמ,,צמד רדיד אלומיניום ק,מטרים,15.00,מטר,false,,12.90,0.8600,true,1,31904
7290000295565,false,"רדיד אלומיניום רוחב 45 ס""מ סנו 2 יח' 7.5 מטר",החברה הדרומית לשיווק בעמ,,רדיד אלומיניום רחב ב,מטרים,15.00,מטר,false,,18.90,1.2600,true,1,31905
7290000295572,false,"מארז זוגי מנקה אסלות 00 סנו 750 מ""ל",החברה הדרומית לשיווק בעמ,,מנקה אסלות 00 צמד,ליטרים,1.50,ליטר,false,,21.90,14.6000,true,1,31906
7290000300900,false,שניצל תירס מרכיבים טבעיים טבעול 750 גרם,קבוצת אוסם סחר שותפות מוגבלת,,שניצל תירס טבעול רכי,גרמים,750.00,100 גרם,false,,27.90,3.7200,true,1,22070
7290000302027,false,סיגריות טיים אדום פא,"דובק בע""מ",,טיים רד (פקט),יחידה,0.00,יחידה,false,,285.00,0.0000,false,1,5116
7290000305882,false,אס הרינג עם ירקות ברוטב עגבניות 120 גרם,דיפלומט מפיצים (1968) בעמ**,,אס דגים עם ירקות ברו,גרמים,120.00,100 גרם,false,,6.90,5.7500,true,1,28427
7290000313160,false,זהבה ושלושת הדובים עוגיות בטעם שוקולד אסם 350 גרם,קבוצת אוסם סחר שותפות מוגבלת,,חברים זהבה ושלושת הד,גרמים,250.00,100 גרם,false,,9.50,3.8000,true,1,68073
7290000313184,false,עוגיות חברים גן חיות וניל אסם 250 גר',קבוצת אוסם סחר שותפות מוגבלת,,חברים ביסקויט גן חיו,גרמים,250.00,100 גרם,false,,9.50,3.8000,true,1,21271
7290000313290,false,אסם נודלס נודלס איטריות מסולסלות 200גר,קבוצת אוסם סחר שותפות מוגבלת,,נודלס אטריות מסולסלו,יחידה,200.00,יחידה,false,,10.90,0.0545,true,1,21273
7290000318127,false,נקניקיות ביס יחיעם (380 גרם),מעדני יחיעם (1993) בעמ,,נקניקיות ביס 380 גרם,גרמים,380.00,100 גרם,false,,12.90,3.3947,true,1,16361
7290000318677,false,נקניק סלמי סרוולט יחיעם 150 גרם,מעדני יחיעם (1993) בעמ,,סלמי סרוולט 150גר יח,גרמים,150.00,100 גרם,false,,26.60,17.7333,true,1,16371
7290000319124,false,סלמי סרוולט מאפ יחיעם 250 גרם,מעדני יחיעם ( 1993 ) בע`מ,,סלמי סרוולט 250 גרם,גרמים,250.00,100 גרם,false,,39.90,15.9600,true,1,16381
7290000319131,false,נקניקיות עוף יחיעם 400 גרם,מעדני יחיעם (1993) בעמ,,נקניקיות עוף יחיעם 4,גרמים,400.00,100 גרם,false,,11.90,2.9750,true,1,16382
7290000319520,false,נקניק סלמי צרפתי יחיעם 100 גרם,מעדני יחיעם (1993) בעמ,,סאלמי צרפתי יחיעם 10,גרמים,100.00,100 גרם,false,,22.90,22.9000,true,1,16390
7290000319803,false,קבנוס קלאסי יחיעם (125 גרם),מעדני יחיעם ( 1993 ) בע`מ,,קבנוס קלאסי 125גר,גרמים,125.00,100 גרם,false,,15.90,12.7200,true,1,16397
7290000319834,false,קבנוס פפרוני יחיעם (125 גרם),מעדני יחיעם ( 1993 ) בע`מ,,יחיעם קבנוס פפרוני ק,גרמים,125.00,100 גרם,false,,15.90,12.7200,true,1,16398
7290000334325,false,ציפס למיקרו מארז שלישיה 125 ג' תפוגן,קבוצת אוסם סחר שותפות מוגבלת,,תפוגן ציפס למיקרו מא,גרמים,375.00,100 גרם,false,,16.90,4.5067,true,1,22081
7290000334684,false,תפוגן טבעות בצל לתנור 700 גרם,קבוצת אוסם סחר שותפות מוגבלת,,טבעות בצל 700 גרם,גרמים,700.00,100 גרם,false,,19.90,2.8429,true,1,22083
7290000334745,false,"ציפס אמריקאי דקדק תפוגן 1.5 ק""ג",קבוצת אוסם סחר שותפות מוגבלת,,"אמריקאן ציפס 1.5 ק""ג",קילוגרמים,1.50,"ק""ג",false,,29.90,19.9333,true,1,22085
7290000341071,false,בדין - מרכך כביסה בייבי לבן 2 ליטר,"יוניליוור ישראל שיווק בע""מ",,בייבי בדין לבן 2 ליט,ליטרים,2.00,ליטר,false,,19.90,9.9500,true,1,11318
7290000345215,false,תה כחול קלאסיק ויסוצקי 100 יחידות,תה ויסוצקי (ישראל) בעמ,,תה ויסוצקי קלאסיק 10,גרמים,100.00,100 גרם,false,,20.90,20.9000,true,1,26045
7290000345260,false,תה קלאסיק מעטפות ויסוצקי 25 יחידות,תה ויסוצקי (ישראל) בעמ,,תה ויסוצקי קלאסיק 25,גרמים,37.50,100 גרם,false,,8.80,23.4667,true,1,26046
7290000345277,false,תה קלאסיק מעטפות ויסוצקי 50 יחידות,תה ויסוצקי (ישראל)בעמ,,תה ויסוצקי קלאסיק 1.,גרמים,75.00,100 גרם,false,,13.90,18.5333,true,1,26047
7290000345284,false,תה ויסוצקי קלאסי אריזה ירוקה מרובעת (100 שקיקים),תה ויסוצקי (ישראל) בעמ,,תה ויסוצקי 1.5 קלאסי,גרמים,150.00,100 גרם,false,,20.90,13.9333,true,1,26048
7290000345291,false,תה ארל גרי 1.5/ 25 שקיקים ויסוצקי,תה ויסוצקי (ישראל) בעמ,,תה ארל גריי 1.5/25,גרמים,37.50,100 גרם,false,,18.50,49.3333,true,1,26049
7290000345307,false,תה ארל גרי 1.5/ 50 שקיקים ויסוצקי,תה ויסוצקי (ישראל) בעמ,,תה ארל גריי 1.5/50,גרמים,75.00,100 גרם,false,,33.90,45.2000,true,1,26050
7290000346137,false,חליטת הילולי פירות הגן הקסום ויסוצקי 25 יחידות,תה ויסוצקי (ישראל) בעמ,,תה הילולי פירות 25 ש,גרמים,62.50,100 גרם,false,,19.90,31.8400,true,1,26059
7290000346199,false,חליטת פירות יער הגן הקסום ויסוצקי 25 יחידות,תה ויסוצקי (ישראל) בעמ,,תה פירות יער 25 שקיק,גרמים,67.50,100 גרם,false,,19.90,29.4815,true,1,26063
7290000346205,false,חליטת קמומיל הגן הקסום ויסוצקי 25 יחידות,תה ויסוצקי (ישראל) בעמ,,תה קמומיל 25 שקיקים,גרמים,37.50,100 גרם,false,,19.90,53.0667,true,1,26064
7290000347738,false,תה ירוק בתוספת עלי נענע 25 שקיקים,תה ויסוצקי (ישראל) בעמ,,תה ירוק נענע 25 שקיק,גרמים,37.50,100 גרם,false,,26.90,71.7333,true,1,26072
7290000347752,false,תה ירוק לימונית ולואיזה 25 שקיקים *1.5 ג'' ויסוצקי,תה ויסוצקי (ישראל) בעמ,,תה ירוק לימונית ולוא,גרמים,37.50,100 גרם,false,,26.90,71.7333,true,1,26074
7290000364261,false,"דקניקים, סלסולי פסטרמה כתף בקר מעושנת 120 גרם",תנובה מרכז שיתופי לשיווק תוצרת,,סלסולי כתף בקר 120 ג,גרמים,120.00,100 גרם,false,,15.90,13.2500,true,1,26734
7290000364278,false,דקניקים סלסולי סלמי איטלקי משובח טירת צבי 120 גרם,תנובה מרכז שיתופי לשיווק תוצרת,,סלסולי סלמי איטלקי מ,גרמים,120.00,100 גרם,false,,15.90,13.2500,true,1,26735
7290000364285,false,דקניקים סלסולי פסטרמה הודו טירת צבי 120 גרם,תנובה מרכז שיתופי לשיווק תוצרת,,טירת צבי סלסולי פסטר,גרמים,120.00,100 גרם,false,,15.90,13.2500,true,1,26736
7290000364292,false,דקניקים סלסולי פסטרמה הודו על גחלים 1% טירת צבי 120 גרם,תנובה מרכז שיתופי לשיווק תוצרת,,סלסולי פסטרמה גחלים,גרמים,120.00,100 גרם,false,,15.90,13.2500,true,1,26737
7290000364803,false,נקניקיות בקר אמריקאיות טירת צבי 500 גרם,הנסיך- מפעל לייצור ט,,נקניקיות קרנץ אמריקא,גרמים,500.00,100 גרם,false,,33.10,6.6200,true,1,26740
7290000364858,false,"נקניקיות עוף טרי טירת צבי 1 ק""ג",הנסיך- מפעל לייצור ט,,נקניקיות עוף טרי 1 ק,קילוגרמים,1.00,"ק""ג",false,,29.90,29.9000,true,1,26742
7290000364872,false,נקניקיות עוף טירת צבי (400 גרם),טיב טירת צבי 2000,,נקניקיות עוף 400 גרם,גרמים,400.00,100 גרם,false,,13.90,3.4750,true,1,26743
7290000367590,false,פסטרמה כפרית וסלמי פריזר כפרי טירת צבי 2*400 גרם,תנובה מרכז שיתופי לשיווק תוצרת,,צמד כפרי נק.סלמי+פסט,גרמים,800.00,100 גרם,false,,29.90,3.7375,true,1,26746
7290000377452,false,גרעיני אבטיח קלויים ומלוחים קלית גת 200,הדקלאים אגודת שיתופי,,גרעין אבטיח 200 גרם,גרמים,200.00,100 גרם,false,,12.90,6.4500,true,1,13855
7290000382210,false,שקיות גופיה ינות בית,,,שקיות גופיה ינות בית,יחידה,0.00,יחידה,false,,0.10,0.0000,true,1,43349
7290000382227,false,שקיות גופיה מגה בעיר,,,שקיות גופיה מגה בעיר,יחידה,0.00,יחידה,false,,0.10,0.0000,true,1,6
7290000408316,false,יוגורט דנונה דל לקטוז 200 גרם,שטראוס גרופ בעמ/מצונן,,דנונה טבעי 3% 200מל,מיליליטרים,200.00,"100 מ""ל",false,,3.90,1.9500,true,1,24760
7290000408354,false,יוגורט עם אורז מצופה שוקולד קקאו 175 ג' דנונה,שטראוס גרופ בעמ/מצונן,,דנונה קראנצ' פצפוצים,מיליליטרים,175.00,"100 מ""ל",false,,4.90,2.8000,true,1,24761
7290000412481,false,נוזל לניקוי אסלות 00 סנו (1 ליטר),החברה הדרומית לשיווק בעמ,,מנקה אסלות 1 ליטר 00,ליטרים,1.00,ליטר,false,,8.90,8.9000,true,1,31913
7290000416021,false,ממרח בטעם שוקולד השחר העולה (500 גרם),השחר העולה תעשית ממתקים בעמ,,ממרח שוקולד השחר 500,גרמים,500.00,100 גרם,false,,15.90,3.1800,true,1,31066
7290000416045,false,ממרח בטעם שוקולד השחר העולה (1 קג),השחר העולה תעשית ממתקים בעמ,,ממרח שוקולד השחר 1 ק,קילוגרמים,1.00,"ק""ג",false,,27.90,27.9000,true,1,31068
7290000416618,false,"ממרח שוקולד פרווה השחר 400 גרם כשל""פ",השחר העולה תעשית ממתקים בעמ,,ממרח שוקולד פרווה הש,גרמים,400.00,100 גרם,false,,13.90,3.4750,true,1,31078
7290000419220,false,לנדוור כחול המקורי קפה טחון טורקי 3*100 גרם 16 יח',ש.שסטוביץ בעמ,,לנדוור כחול המקורי ק,גרמים,300.00,100 גרם,false,,19.90,6.6333,true,1,21276
7290000419374,false,לנדוור לבוקר קפה טחון טורקי 3*100 גרם 16 יח',ש.שסטוביץ בעמ,,לנדוור לבוקר קפה טחו,גרמים,300.00,100 גרם,false,,19.90,6.6333,true,1,21277
7290000419923,false,לנדוור קפה אספרסו טחון בואקום 200 גר,ש.שסטוביץ בעמ,,לנדוור קפה אספרסו טח,גרמים,200.00,100 גרם,false,,21.90,10.9500,true,1,21280
7290000450209,false,נתחי טונה בהירה בשמן פוסידון (108 גרם),"מיוצר עי וליגר בעמ,",,טונה בשמן פוסידון 1,גרמים,108.00,100 גרם,false,,6.90,6.3889,true,1,18244
7290000453019,false,שמרים טריים לאפייה שקית שמרית 50 ג',שטראוס גרופ בעמ/מצונן,,שמרית שמרים טריים לא,גרמים,50.00,100 גרם,false,,4.90,9.8000,true,1,24762
7290000453125,false,שמרית שמרים טריים לאפיה +משפר אפיה 100ג,שטראוס גרופ בעמ/מצונן,,שמרית שמרים טריים לא,גרמים,100.00,100 גרם,false,,8.50,8.5000,true,1,24763
7290000453385,false,שמרים יבשים פארא אינסטנט 500 גרם עלית,שטראוס גרופ בע`מ,,פאקא שמרים יבשים 500,גרמים,500.00,100 גרם,false,,14.90,2.9800,true,1,24059
7290000453415,false,בצק עלים מצונן ומוכן לאפייה שמרית 300 גרם,שטראוס גרופ בעמ/מצונן,,שמרית בצק עלים מצונן,גרמים,300.00,100 גרם,false,,16.90,5.6333,true,1,191393
7290000453422,false,בצק פילו מצונן ומוכן לאפייה שמרית 300 גרם,שטראוס גרופ בעמ/מצונן,,שמרית בצק פילו מוכן,גרמים,300.00,100 גרם,false,,16.90,5.6333,true,1,160188
7290000453798,false,שמרים יבשים אקטיביים שימרית 500 ג',"גי' בי' רכיבים בע""מ",,שמרים יבשים אקטיביים,גרמים,500.00,100 גרם,false,,13.90,2.7800,true,1,24060
7290000461656,false,בייגלה מקלות מלוחים בייגל בייגל 400 גרם,"יוניליוור ישראל שיווק בע""מ",,מקלות מלוחים 400 גרם,גרמים,400.00,100 גרם,false,,12.20,3.0500,true,1,67171
7290000462141,false,סחוג אדום תימני מקורי חריף מאוד זהבי 150 גרם,שטראוס גרופ בעמ/מצונן,,סחוג אדום חריף מאוד,גרמים,150.00,100 גרם,false,,8.90,5.9333,true,1,24767
7290000462172,false,סחוג זחוק ירוק תימני חריף זהבי (150 גרם),שטראוס גרופ בעמ/מצונן,,סחוג ירוק חריף מאוד,גרמים,150.00,100 גרם,false,,8.90,5.9333,true,1,24768
7290000467320,false,מלך החומוס אבו מרוואן 400 גרם,קבוצת אוסם סחר שותפות מוגבלת,,צבר חומוס אבו מרוואן,גרמים,400.00,100 גרם,false,,14.20,3.5500,true,1,22096
7290000474021,false,חלב 3% בשקית טרה (1 ליטר)פיקוח,*החברה המרכזית להפצת משקאותבעמ,,טרה חלב בשקית 3% 1,ליטרים,1.00,ליטר,false,,5.43,5.4300,true,1,7060
7290000474502,false,גבינה לבנה טרה 5% מרכיבים טבעיים,*החברה המרכזית להפצת משקאותבעמ,,טרה גבינה לבנה 5% 25,גרמים,250.00,100 גרם,false,,4.98,1.9920,true,1,7072
7290000474540,false,גבינה טוב טעם 3% טרה 250ג' מהדרין,החברה המרכזית טלהפצת משקאות בע,,טוב טעם גבינה 3% 250,גרמים,250.00,100 גרם,false,,11.70,4.6800,true,1,7073
7290000480107,false,קוואקר שיבולת שועל פחית 500 גרם,שטראוס פריטו ליי בעמ,,"קוואקר מהיר אטוס לל""",גרמים,500.00,100 גרם,false,,15.90,3.1800,true,1,25344
7290000480442,false,קוואקר שיבולת שועל בשקית 500 גרם,שטראוס פריטו ליי בע`מ,,שיבולת שועל בשקית קו,גרמים,500.00,100 גרם,false,,14.90,2.9800,true,1,25345
7290000481029,false,10 פיתות בטעם ביתי דגנית עין בר,דגנית עין בר תעשיות מזון ואפיה,,פיתות 10 יחידות בטעם,קילוגרמים,1.00,"ק""ג",false,,13.90,13.9000,true,1,212761
7290000481043,true,עשיריית פיתות כוסמין,,,עשיריית פיתות כוסמין,גרמים,700.00,100 גרם,false,,16.90,2.4143,true,1,288257
7290000481074,false,לחם משלושה קמחים מלאים 750 גר,דגנית עין בר תעשיות מזון ואפיה,,לחם טריו מלא דגנית 7,גרמים,750.00,100 גרם,false,,21.90,2.9200,true,1,447502
7290000481531,false,דגנית עין בר לחמניות אצבע מחיטה מלאה בשקית 750 ג',דגנית עין בר תעשיות מזון ואפיה,,לחמניות 10 יחידות חי,גרמים,750.00,100 גרם,false,,14.90,1.9867,true,1,5055
7290000481883,false,דגנית עין בר מארז לחמניות 10 יח'*75 ג',דגנית עין בר תעשיות מזון ואפיה,,10 לחמניות דגנית,גרמים,750.00,100 גרם,false,,14.90,1.9867,true,1,5059
7290000484747,false,"ארק עלית 700 מ""ל 40% יקב הגליל*",יקב הגליל יוסף גולד ובניו,,"עלית הארק 40% 700 מ""",מיליליטרים,700.00,"100 מ""ל",false,,60.90,8.7000,true,1,31158
7290000490601,false,גלידל וניל פלדמן מארז שמינייה,הגלידות של פלדמן,,גלידל מאגדת בטעם וני,גרמים,400.00,100 גרם,false,,34.90,8.7250,true,1,122422
7290000493183,false,אבקת רוטב פטריות לבשר-30 גרם,קבוצת אוסם סחר שותפות מוגבלת,,אסם אבקת רוטב פטריות,גרמים,30.00,100 גרם,false,,4.00,13.3333,true,1,21310
7290000496360,false,פילה בקלה דרום אפרי,,,פילה בקלה דרום אפרי,קילוגרמים,1.00,"ק""ג",true,,43.90,43.9000,true,1,340107
7290000504025,false,ממתיק סוכרזית פטרייה עלית 300 גרם,אף.סי תבליני בגליל ב,,סוכרזית פטריה 300 טב,גרמים,246.00,100 גרם,false,,10.90,4.4309,true,1,24065
7290000504049,false,סוכרזית קלאסי קנקן 1200 טבליות,אף.סי תבליני בגליל ב,,סוכרזית קנקן 1200 טב,גרמים,984.00,100 גרם,false,,21.90,2.2256,true,1,24067
7290000504278,false,ממתיק סוכרזית אריזת פטנט 700 טבליות,אף.סי תבליני בגליל ב,,סוכרזית פטנט 700 טבל,גרמים,574.00,100 גרם,false,,16.90,2.9443,true,1,24070
7290000518176,false,ממתיק מתוק וקל 250 שקיות,מתוק וקל בע`מ,,מתוק וקל ענק 250 שקי,גרמים,250.00,100 גרם,false,,21.90,8.7600,true,1,113713
7290000518190,false,מתוק וקל סטיביה 100 יחידות,מתוק וקל,,מתוק וקל סטיביה 100,גרמים,80.00,100 גרם,false,,27.90,34.8750,true,1,80790
7290000518220,false,ממתיק סוכרה דיאט 100 יחידות,מתוק וקל בעמ,,סוכרה דיאט 100 יח,גרמים,80.00,100 גרם,false,,30.90,38.6250,true,1,80791
7290000521008,false,יין אדום יבש של סגל (750 מל),"כרמי צבי - אחים סגל בע""\",,אדום יבש סגל.,מיליליטרים,750.00,"100 מ""ל",false,,22.90,3.0533,true,1,10176
7290000521015,false,יין לבן יבש של סגל (750 מל),פארייפאבה אגרואינדוס,,"לבן סגל 750 מ""ל",מיליליטרים,750.00,"100 מ""ל",false,,22.90,3.0533,true,1,10177
7290000521022,false,יין לבן חצי יבש של סגל (750 מל),פארייפאבה אגרואינדוס,,סגל לבן חצי יבש 750,מיליליטרים,750.00,"100 מ""ל",false,,22.90,3.0533,true,1,10178
7290000523125,false,מלח הארץ הים האדום 250 ג' עדין,"חברת מלח הארץ אילת בע""\מ",,מלח ים יבש הארץ 250,גרמים,250.00,100 גרם,false,,6.90,2.7600,true,1,26076
7290000523224,false,מלח הארץ הים האדום 500 ג' עדין,"חברת מלח הארץ אילת בע""\מ",,מלח ים יבש הארץ 500,גרמים,500.00,100 גרם,false,,8.90,1.7800,true,1,26077
7290000523521,false,מלח ים מלח הארץ 250 גרם מועשר ביוד,חברת מלח הארץ אילת ב,,מלח מעושר ביוד הארץ,גרמים,250.00,100 גרם,false,,7.90,3.1600,true,1,26079
7290000523804,false,"מלח עדין צנצנת 1 ק""ג מלח הארץ","חברת מלח הארץ אילת בע""\מ",,מלח עדין בצנצנת הארץ,קילוגרמים,1.00,"ק""ג",false,,7.50,7.5000,true,1,26080
7290000523811,false,"צנצנת מלח גס 1 ק""ג מלח הארץ","חברת מלח הארץ אילת בע""\מ",,מלח גס בצנצנת הארץ 1,קילוגרמים,1.00,"ק""ג",false,,7.50,7.5000,true,1,26081
7290000525969,false,מיץ תפוזים סחוט רכיבים טבעיים פרימור 1 ליטר,שטראוס גרופ בעמ/מצונן,,פרימור מיץ תפוזים 1ל,ליטרים,1.00,ליטר,false,,17.20,17.2000,true,1,24773
7290000530086,false,נקניק סלמי מעושן 7000 זוגלובק (600 גרם),נקניק נהריה כשר זוגל,,סלמי מעושן 7000 א.מ.,גרמים,600.00,100 גרם,false,,38.90,6.4833,true,1,42479
7290000530116,false,נקניק סלמי מעושן בשן 470 ג' זוגלובק,נקניק נהריה כשר זוגל,,סלמי מעושן בשן זוגלו,גרמים,470.00,100 גרם,false,,27.90,5.9362,true,1,42481
7290000530468,false,"נקניקיות וינר זוגלובק 1 ק""ג",זוגלובק שיווק בעמ,,נקניקיות וינר טרי 1ק,קילוגרמים,1.00,"ק""ג",false,,32.90,32.9000,true,1,42485
7290000530598,false,נקניקיות עוף וינר זוגלובק 500 גרם,נקניק נהריה כשר זוגל,,נקניקיות וינר טרי זו,גרמים,500.00,100 גרם,false,,16.90,3.3800,true,1,42488
7290000530703,false,פסטרמה חרמון כפרית ונקניק תה מעושן זוגלובק 2*400 גרם,נקניק נהריה כשר זוגל,,זוג תה 400 + חרמון 4,גרמים,800.00,100 גרם,false,,34.90,4.3625,true,1,42490
7290000536316,false,שניצל מן הצומח זוגלובק (1 קג),נקניק נהריה כשר זוגל,,"שניצל מן הצומח 1 ק""ג",קילוגרמים,1.00,"ק""ג",false,,30.90,30.9000,true,1,42507
7290000537566,false,נקניקיות עוף טרי 400 ג' זוגלובק,נקניק נהריה כשר זוגל,,נקניקיות עוף טרי 400,גרמים,400.00,100 גרם,false,,13.90,3.4750,true,1,42514
7290000537603,false,"נקניקיות עוף 1 ק""ג זוגלובק.",זוגלובק שיווק בעמ,,"נקנקיות עוף 1 ק""ג -ז",קילוגרמים,1.00,"ק""ג",false,,32.90,32.9000,true,1,42515
7290000552569,false,סטייקבורגר בקר טיבון ויל 400 גרם,"טיבון ויל אחזקות בע""\מ",,סטייק בורגר 400 ג'-ט,גרמים,400.00,100 גרם,false,,23.90,5.9750,true,1,18250
7290000552927,false,בשר עוף קפוא טחון טיבון ויל (500 גרם),"טיבון ויל אחזקות בע""\מ",,טחון עוף 500 גרם,גרמים,500.00,100 גרם,false,,16.50,3.3000,true,1,18253
7290000552989,false,בשר טחון טיבון ויל 500 גרם,"טיבון ויל אחזקות בע""\מ",,בשר עגל טחון קפוא 50,גרמים,500.00,100 גרם,false,,22.90,4.5800,true,1,18255
7290000554402,false,מעדן חלב מלבי גד (160 גרם),מחלבות גד שיווק 1992 בעמ,,גד מלבי 160מל.,מיליליטרים,160.00,"100 מ""ל",false,,6.50,4.0625,true,1,15387
7290000554457,false,גבינה צפתית 5% 350 גרם - רבנות,מחלבות גד שיווק 1992 בעמ,,גד צפתית מיני 5% 350,גרמים,350.00,100 גרם,false,,22.90,6.5429,true,1,15388
7290000554471,false,נקניק מוצרלה 22 אחוז 180גרם גד מהדרין,מחלבות גד שיווק 1992 בעמ,,גד מוצרלה נקניק טבעי,גרמים,180.00,100 גרם,false,,18.50,10.2778,true,1,15389
7290000554532,false,גבינה צפתית מעודנת במלח ים 5% 200 ג' גד,מחלבות גד שיווק 1992 בעמ,,גד צפתית מעודנת במלח,גרמים,200.00,100 גרם,false,,15.90,7.9500,true,1,15390
7290000554600,false,מוצרלה מגורדת 22 אחוז 300גרם גד מהדרין,מחלבות גד שיווק 1992 בעמ,,גד מוצרלה מגורדת %18,גרמים,300.00,100 גרם,false,,26.50,8.8333,true,1,15391
7290000554624,false,ירח מתוק מעדן חלב עם אורז 3% גד 150 גרם,מחלבות גד שיווק 1992 בעמ,,גד ירח מתוק 150מל,גרמים,150.00,100 גרם,false,,6.50,4.3333,true,1,15392
7290000554686,false,גבינת לאבנה בתוספת שמן זית וזעתר 5% גד 250 גרם,מחלבות גד שיווק 1992 בעמ,,גד לאבנה בשמן זית וז,גרמים,250.00,100 גרם,false,,15.90,6.3600,true,1,15393
7290000554822,false,ריקוטה גבינה לבנה בסגנון איטלקי 5% גד 250 גרם,מחלבות גד שיווק 1992 בעמ,,גד ריקוטה טבעי 5% 25,גרמים,250.00,100 גרם,false,,15.90,6.3600,true,1,15394
7290000554839,false,מסקרפונה שמנת מתוקה קשה בסגנון איטלקי 40% גד 250 גרם,מחלבות גד שיווק 1992 בעמ,,גד מסקרפונה 40% 250ג,גרמים,250.00,100 גרם,false,,21.90,8.7600,true,1,15395
7290000560533,false,אדג`פרו ג`ל לגילוח רגיל ירוק 220 מל,אס.סי ג'ונסון ובניו,,ג'ל גילוח ירוק לעור,מיליליטרים,200.00,"100 מ""ל",false,,17.90,8.9500,true,1,6351
7290000560540,false,אדג`פרו ג`ל לגילוח עור רגיש כתום220,המאפיה של הרמן,,ג'ל גילוח כתום לעור,מיליליטרים,200.00,"100 מ""ל",false,,17.90,8.9500,true,1,6352
7290000571386,false,המחלבה יוגורמה יוגורט מחלב כבשים 5% 850 גרם,גבינות משק אחים מאיר בית,,יוגורמה דלי 5% 850 ג,גרמים,850.00,100 גרם,false,,28.90,3.4000,true,1,27388
7290000571881,false,"משקה יוגורט מחלב עיזים 3.6% 500 מ""ל",מחלבות גד שיווק 1992 בעמ,,משקה יוגורט מחלב עיז,מיליליטרים,500.00,"100 מ""ל",false,,13.90,2.7800,true,1,136596
7290000574035,false,לחם אחיד פרוס דגנית עין בר (750 גרם),דגנית עין בר תעשיות מזון ואפיה,,לחם אחיד פרוס דגנית,גרמים,750.00,100 גרם,false,,7.11,0.9480,true,1,5065
7290000574066,false,לחם מלא פלוס שיפון 750 ג' דגנית עין בר,דגנית עין בר תעשיות מזון ואפיה,,לחם מלא עם שיפון דגנ,יחידה,0.00,יחידה,false,,15.90,0.0000,true,1,5068
7290000574141,false,לחם חיטה מלא 750ג' דגנית עין בר,דגנית עין בר תעשיות מזון ואפיה,,לחם חיטה מלאה דגנית,גרמים,750.00,100 גרם,false,,15.90,2.1200,true,1,5072
7290000574172,false,לחם קל מחיטה מלאה 750 ג' דגנית עין בר,דגנית עין בר תעשיות מזון ואפיה,,לחם קל חיטה מלאה דגנ,גרמים,750.00,100 גרם,false,,15.90,2.1200,true,1,5074
7290000574257,false,לחם אחיד פרוס קל דגנית 750 גרם,דגנית עין בר תעשיות מזון ואפיה,,לחם שחור פרוס קל דגנ,גרמים,750.00,100 גרם,false,,14.90,1.9867,true,1,5076
7290000574370,false,לחם שיפון אמיתי קל 750 ג' דגנית עין בר,דגנית עין בר תעשיות מזון ואפיה,,לחם שיפון אמיתי קל ד,גרמים,750.00,100 גרם,false,,16.50,2.2000,true,1,5083
7290000574455,false,לחם חיטה מלא פלוס כוסמין 750 ג' דגנית עין בר,דגנית עין בר תעשיות מזון ואפיה,,לחם חיטה מלא+כוסמין,גרמים,750.00,100 גרם,false,,15.90,2.1200,true,1,5087
7290000599472,false,כריות יפניות שישייה- שייני,מ.א.ייצור ויבוא מטליות בעמ,,שישיית כריות יפניות,יחידה,0.00,יחידה,false,,8.90,0.0000,true,1,143420
7290000599946,false,ספוג הפלא שייני 6 יחידות,מ.א.ייצור ויבוא מטליות בעמ,,6 ספוגי הפלא SHINY,יחידה,0.00,יחידה,false,,6.90,0.0000,true,1,14434
7290000604343,false,תמרים פרי שמש 400ג*,שושן (פירות)יבשים בעמ,,תמר דקל נור 400גר,גרמים,400.00,100 גרם,false,,12.90,3.2250,true,1,55566
7290000611039,false,פילה סלמון נורבגי קפ,,,פילה סלמון נורבגי קפ,קילוגרמים,1.00,"ק""ג",true,,84.90,84.9000,true,1,297354
7290000611228,false,פילה עוף טרי ארוז,,,פילה עוף טרי ארוז,קילוגרמים,1.00,"ק""ג",true,,35.90,35.9000,true,1,41497
7290000611839,false,שוקיים עוף טרי ארוז,,,שוקיים עוף טרי ארוז,קילוגרמים,1.00,"ק""ג",true,,34.90,34.9000,true,1,41510
7290000611853,false,כנפיים עוף טרי ארוז,ח.י. מעדני גורמה בעמ,,כנפיים עוף טרי ארוז,קילוגרמים,1.00,"ק""ג",true,,12.90,12.9000,true,1,41512
7290000611884,false,כבד עוף טרי ארוז לצל,ח.י. מעדני גורמה בעמ,,כבד עוף טרי ארוז,קילוגרמים,1.00,"ק""ג",true,,23.90,23.9000,true,1,41515
7290000611891,false,לבבות עוף טרי ארוז,ח.י. מעדני גורמה בעמ,,לבבות עוף טרי ארוז,קילוגרמים,1.00,"ק""ג",true,,29.90,29.9000,true,1,41516
7290000611983,false,חזה עוף פרוס טרי ארו,ח.י. מעדני גורמה בעמ,,חזה עוף פרוס טרי ארו,קילוגרמים,1.00,"ק""ג",true,,38.90,38.9000,true,1,41519
7290000614566,false,אסאדו מס' 9 חלק ארוז,,,אסאדו מס' 9 חלק ארוז,קילוגרמים,1.00,"ק""ג",true,,69.90,69.9000,true,1,375576
7290000616421,false,"סטייק טונה בד""ץ חתם",,,"סטייק טונה בד""ץ חתם",קילוגרמים,1.00,"ק""ג",true,,39.90,39.9000,true,1,243538
7290000632220,false,שריר הזרוע מס 8 מוכש,,,שריר הזרוע 8 מוכשר ב,קילוגרמים,1.00,"ק""ג",true,,39.90,39.9000,true,1,208176
7290000644783,false,נתחי פילה סלמון קפוא קג,תנובה קפואים,,דגי תנובה נתחי פילה,קילוגרמים,1.00,"ק""ג",true,,89.90,89.9000,true,1,27989
7290000652177,false,נתחי פילה נסיכה 100% דג קפוא תנובה,תנובה מרכז שיתופי לשיווק תוצרת,,נתחי פילה נסיכה 100%,קילוגרמים,1.00,"ק""ג",true,,69.90,69.9000,true,1,247407
7290000652542,false,פילה אמנון 5-7 100% דג- תנובה,תנובה קפואים,,פילה אמנון 5-7 100%,קילוגרמים,1.00,"ק""ג",true,,39.90,39.9000,true,1,247378
7290000654546,false,פילה אמנון 7-9 100% דג תנובה,תנובה,,פילה אמנון 7-9 100%,קילוגרמים,1.00,"ק""ג",true,,39.90,39.9000,true,1,247380
7290000659312,false,דגי תנובה פילה סלומון קפוא בוואקום,תנובה בשר,,דגי תנובה פילה סלמון,קילוגרמים,1.00,"ק""ג",true,,79.90,79.9000,true,1,27997
7290000662817,false,סלמון מעושן 100 גרם נורבגי מדג טרי,דגיים קפואים,,סלמון מעושן פרוס 100,גרמים,100.00,100 גרם,false,,21.90,21.9000,true,1,287908
7290000663036,false,פילה אמנון קפוא ללא עור 100% דג תנובה,תנובה מרכז שיתופי לשיווק תוצרת,,פילה אמנון ללא עור 1,קילוגרמים,1.00,"ק""ג",true,,44.90,44.9000,true,1,311591
7290000663166,false,פילה הייק דרום אפריקאי קפוא,תנובה קפואים,,פילה הייק דרום אפריק,קילוגרמים,1.00,"ק""ג",true,,49.90,49.9000,true,1,332746
7290000679440,false,"קמיל בלו משחת החתלה לתינוק ד""ר פישר 100 גרם","פישר תעשיות פרמבצטיות בע""מ",,משחה לתינוק קמיל בלו,גרמים,100.00,100 גרם,false,,17.90,17.9000,true,1,31264
7290000688084,false,מי עדן פקק ספורטאים500מל,יפאורה שותפות מוגבלת לשיווק,,מי עדן 1/2 ליטר ספור,מיליליטרים,500.00,"100 מ""ל",false,,3.50,0.7000,true,1,12156
7290000688176,false,מי עדן בייבי 330 מל בודד,יפאורה שותפות מוגבלת לשיווק,,"מי עדן בייבי 330 מ""ל",מיליליטרים,250.00,"100 מ""ל",false,,2.90,1.1600,true,1,12158
7290000688381,false,מים מינרלים פקק ספורט מי עדן (500x6 מל),יפאורה שותפות מוגבלת לשיווק,,מי עדן פקק ספורט 6*5,ליטרים,3.00,ליטר,false,,15.90,5.3000,true,1,12160
7290000688466,false,מי עדן 0.75 ליטר ספורט בודד,יפאורה שותפות מוגבלת לשיווק,,מי עדן ג'ים 750מל,מיליליטרים,750.00,"100 מ""ל",false,,3.90,0.5200,true,1,12161
7290000688503,false,"מים מינרלים פקק ספורט מי עדן 6*750 מ""ל",יפאורה שותפות מוגבלת לשיווק,,מי עדן ג'ים 6*750מל,ליטרים,4.50,ליטר,false,,18.90,4.2000,true,1,12162
7290000692210,false,נוזל לניקוי כללי ורצפות בניחוח לבנדר אג'קס 2 ליטר,הנסיך- מפעל לייצור ט,,אג'קס ניקוי כללי ורצ,ליטרים,2.00,ליטר,false,,24.90,12.4500,true,1,23433
7290000803180,false,"מרידול-שטיפת פה דנטלית 400 מ""ל",קולגייט פלמוליב,,מי פה דנטלית מרידול,מיליליטרים,400.00,"100 מ""ל",false,,32.90,8.2250,true,1,23442
7290000910291,false,פלפל צ`ילי,,,פלפל צ`ילי,גרמים,100.00,100 גרם,false,,7.90,7.9000,true,1,55573
7290001041192,false,"עדשים אדומים יבשים מיה 1 ק""ג",מיה תעשיות מזון מ.ת.מ. בעמ,,עדשים אדומות 1 ק'ג,קילוגרמים,1.00,"ק""ג",false,,13.90,13.9000,true,1,52403
7290001041208,false,"עדשים ירוקים יבשים מיה 1 ק""ג",מיה תעשיות מזון מ.ת.מ. בעמ,,עדשים ירוקות 1 ק'ג,קילוגרמים,1.00,"ק""ג",false,,13.90,13.9000,true,1,52404
7290001041260,false,שומשום מיה (400 גרם),מיה תעשיות מזון מ.ת.מ. בעמ,,שומשום מיה 400 גרם,גרמים,400.00,100 גרם,false,,13.90,3.4750,true,1,15590
7290001045688,false,"מיץ תפוזים סחוט פרימור 400 מ""ל",שטראוס גרופ בעמ/מצונן,,פרימור מיץ תפוזים 40,מיליליטרים,400.00,"100 מ""ל",false,,8.50,2.1250,true,1,24779
7290001121054,false,צמד חמד פסטרמה וסלמי יחיעם 700 גרם,מעדני יחיעם ( 1993 ) בע`מ,,יחיעם צמד חמד 700 גר,גרמים,700.00,100 גרם,false,,31.60,4.5143,true,1,16401
7290001123782,false,שווארמה אמיתית הודו טיבון ויל (500 גרם),נטו מלינדה סחר בע`מ,,שווארמה הודו 500 גרם,גרמים,500.00,100 גרם,false,,26.90,5.3800,true,1,18262
7290001136287,false,"שמפו לשיער רגיל בבושם פרחים נקה 7 750 מ""ל",החברה הדרומית לשיווק בעמ,,שמפו רגיל ירוק נקה 7,מיליליטרים,750.00,"100 מ""ל",false,,12.90,1.7200,true,1,31916
7290001136294,false,"שמפו לשיער יבש בבישום פרחים נקה 7 750 מ""ל",החברה הדרומית לשיווק בעמ,,שמפו יבש אדום נקה 7,מיליליטרים,750.00,"100 מ""ל",false,,12.90,1.7200,true,1,31917
7290001136362,false,נקה 7 תחליב רחצה אלוורה ארומה ירוק 1 ל',מיוצר בסין.יבוא ושיו,,תחליב רחצה אלוורה ות,יחידה,0.00,יחידה,false,,16.90,0.0000,true,1,31919
7290001136973,false,נקה 7 תחליב רחצה ארומה קמומיל לבן 1 ל',החברה הדרומית לשיווק בעמ,,תחליב רחצה קמומיל נק,יחידה,0.00,יחידה,false,,16.90,0.0000,true,1,31923
7290001201589,false,ביצים ארוזות L מ. לסר) (12 פיקוח,מ לסר בעמ - חברה לשיווק ביצים,,12 ביצים L מ.לסר,יחידה,0.00,יחידה,false,,12.05,0.0000,true,1,14584
7290001201596,false,ביצים ארוזות M 12 יחידות,מ לסר בעמ - חברה לשיווק ביצים,,12 ביצים M מ.לסר,יחידה,0.00,יחידה,false,,11.15,0.0000,true,1,14585
7290001201824,false,תבנית ביצים 12 יח' לארג' אורגני,מ לסר בעמ - חברה לשיווק ביצים,,12 ביצים L אורגני מ,יחידה,0.00,יחידה,false,,23.90,0.0000,true,1,14592
7290001201862,false,ביצי חופש לארג' 12 יחידות,מ לסר בעמ - חברה לשיווק ביצים,,12 ביצים חופש L מ. ל,יחידה,0.00,יחידה,false,,19.90,0.0000,true,1,14594
7290001201893,false,ביצים אומגה 12 יח`M,מ לסר בעמ - חברה לשיווק ביצים,,12 ביצים M אומגה 3,יחידה,0.00,יחידה,false,,17.90,0.0000,true,1,95976
7290001216040,false,טחינה גולמית שומשום טהור אל ארז 500 גרם,אגס ירוק מסחר ושירותים,,טחינה אל ארז 100% שו,גרמים,500.00,100 גרם,false,,18.90,3.7800,true,1,38174
7290001216057,false,"טחינה שומשום טהור אל ארז 1 ק""ג",אגס ירוק מסחר ושירותים,,טחינה אל ארז 100% שו,קילוגרמים,1.00,"ק""ג",false,,32.90,32.9000,true,1,38175
7290001216231,false,טחינה גולמית שומשום מלא אל ארז 500 גרם,אגס ירוק מסחר ושירותים,,טחינה מלאה 100% שומש,גרמים,500.00,100 גרם,false,,19.90,3.9800,true,1,38182
7290001235938,false,וינסטון כחול ארוך חפיסה,Unknown,,וינסטון קופסא בודדת,יחידה,0.00,יחידה,false,,34.00,0.0000,false,1,4627
7290001245699,false,אקונומיקה סמיכה בניחוח לימון 4 ל' טאצ',סאסאטק אגשח בעמ,,ג'ל אקונומיקה סמיכה,ליטרים,4.00,ליטר,false,,13.90,3.4750,true,1,150788
7290001245712,false,אקונומיקה 4 ליטר טאצ,סאסאטק אגשח בעמ,,אקונומיקה טאצ' 4 ליט,ליטרים,4.00,ליטר,false,,10.90,2.7250,true,1,150774
7290001245736,false,ג'ל כביסה כחול טאצ' 3 ליטר סלקט,סאסאטק אגשח בעמ,,ג'ל כביסה כחול 3 ליט,ליטרים,1.00,ליטר,false,,18.90,18.9000,true,1,150790
7290001246054,false,פותח סתימות 1 ליטר טאצ,סאסאטק אגשח בעמ,,פותח סתימות 1 ליטר ט,ליטרים,1.00,ליטר,false,,14.90,14.9000,true,1,150803
7290001246108,false,"טאצ' תרסיס מסיר אבנית 750 מ""ל",סאסאטק אגשח בעמ,,תרסיס מסיר אבנית 750,מיליליטרים,750.00,"100 מ""ל",false,,13.90,1.8533,true,1,150808
7290001247082,false,מיץ עגבניות רכיבים טבעיים ספרינג 1 ליטר,יפאורה שותפות מובגלת לשיווק,,ספרינג עגבניות קרטונ,ליטרים,1.00,ליטר,false,,7.90,7.9000,true,1,12167
7290001247099,false,קרטונית נקטר ספרינג מנגו 1 ליטר,יפאורה שותפות מובגלת לשיווק,,ספרינג מנגו קרטונית,ליטרים,1.00,ליטר,false,,7.90,7.9000,true,1,12168
7290001247105,false,קרטונית נקטר ספרינג אפרסק 1 ליטר,יפאורה שותפות מובגלת לשיווק,,ספרינג נקטר אפרסק 1ל,ליטרים,1.00,ליטר,false,,7.90,7.9000,true,1,12169
7290001247112,false,קרטונית נקטר ספרינג לימונענע 1 ליטר,יפאורה שותפות מובגלת לשיווק,,ספרינג לימונענע קרטו,ליטרים,1.00,ליטר,false,,7.90,7.9000,true,1,12170
7290001247143,false,קרטונית נקטר ספרינג תפוחים 1 ליטר,יפאורה שותפות מובגלת לשיווק,,ספרינג תפוח קרטונית,ליטרים,1.00,ליטר,false,,7.90,7.9000,true,1,12173
7290001274200,false,שלגון אבטיח על מקל פלדמן,פלקו בעמ חברה ישראלית,,שלגון אבטיח על מקל 1,גרמים,100.00,100 גרם,false,,6.90,6.9000,true,1,432676
7290001274231,false,שלגון פסים וניל מסטיק,פלקו בעמ חברה ישראלית,,שלגון פסים 75 גרם,גרמים,75.00,100 גרם,false,,6.90,9.2000,true,1,432692
7290001274262,false,שלגון לוקס פלדמן,פלקו בעמ חברה ישראלית,,שלגון לוקס 85 גרם,גרמים,85.00,100 גרם,false,,9.50,11.1765,true,1,432722
7290001274279,false,שלגון גלית תות חלבי פלדמן,פלקו בעמ חברה ישראלית,,שלגון גלית תות חלבי,גרמים,70.00,100 גרם,false,,5.90,8.4286,true,1,427208
7290001274293,false,סנקור XL ארוך 70 גרם,פלקו בעמ חברה ישראלית,,סנקור XL ארוך 70 גרם,גרמים,70.00,100 גרם,false,,7.90,11.2857,true,1,432632
7290001274583,false,גלידה משפחתית גלידל ש. פאקן 900 גרם,"פלקו בע""\מ, חברה ישראלית",,גלידל בטעם שוקו פקאן,גרמים,450.00,100 גרם,false,,23.90,5.3111,true,1,296658
7290001274941,false,"שמיניית גלידל פרי פטל ""פלדמן""",הגלידות של פלדמן,,פופסיקל בטעם פטל 8 י,גרמים,640.00,100 גרם,false,,29.90,4.6719,true,1,39651
7290001305188,false,"נוזל לניקוי כלים בריח לימון פלמוליב 750 מ""ל",יבואן ומשווק: ש. שסט,,פלמוליב לכלים פריחת,מיליליטרים,750.00,"100 מ""ל",false,,12.90,1.7200,true,1,23446
7290001327180,false,שטראוס קרמיסימו וניל ציפ 1.33 ליטר,"גלידת שטראוס בע""\מ, רחוב",,קרמיסימו וניל ציפ 1.,ליטרים,1.33,ליטר,false,,21.90,16.4662,true,1,4764
7290001327791,false,גלידה קרמיסימו וניל עוגיות 1.33 ליטר,"גלידת שטראוס בע""\מ, רחוב",,קרמיסימו עוגיות 1.33,ליטרים,1.33,ליטר,false,,21.90,16.4662,true,1,4768
7290001407547,false,טחינה גולמית משומשום מלא פי 6 בארכה 500ג',קבוצת אוסם סחר שותפות מוגבלת,,בארכה טחינה שומשום מ,גרמים,500.00,100 גרם,false,,19.20,3.8400,true,1,21321
7290001407769,false,טחינה גולמית בארכה שומשום מלא 500 גרם,קבוצת אוסם סחר שותפות מוגבלת,,בארכה טחינה עם שומשו,גרמים,500.00,100 גרם,false,,19.20,3.8400,true,1,21324
7290001407813,false,חלבה שאמית פיסטוק בקטנה בארכה 350ג',קבוצת אוסם סחר-שות.מוגבלת,,חלבה שאמית וניל עם פ,גרמים,350.00,100 גרם,false,,15.90,4.5429,true,1,21325
7290001407844,false,חלבה קלאסית בטעם וניל בארכה 350 גרם,קבוצת אוסם סחר שותפות מוגבלת,,חלבה קלאסית וניל באר,גרמים,350.00,100 גרם,false,,19.20,5.4857,true,1,21328
7290001419618,false,וופל בלגי עלמה שחור לבן וניל 200ג',מ.ד אטיאס סוכנויות מזון בע`מ,,וופל עלמה בלגי שוקו,גרמים,200.00,100 גרם,false,,4.90,2.4500,true,1,70098
7290001419779,false,"וופל קלאסי בטעם שוקולד ""עלמה"" 200 גרם",רזיט שיווק בעמ,,וופל עלמה קלאסי 200,גרמים,200.00,100 גרם,false,,4.90,2.4500,true,1,48389
7290001419793,false,גביעי גלידה מגולגל עלמה גילרו 30 יח',מ.ד אטיאס סוכנויות מזון בע`מ,,גביעים מגולגלים עלמה,גרמים,120.00,100 גרם,false,,13.00,10.8333,true,1,119719
7290001459935,false,"אפונה 800 גרם בד""ץ עדה חרדית",פספרוסט,,אפונה בלדי 800 גרם,גרמים,800.00,100 גרם,false,,12.90,1.6125,true,1,470955
7290001482094,false,גבינה פרמז'נו משולשים ויליפוד 200ג',ג.וילי-פוד אינטרנשיונל **גבינו,,וילי פוד פרמזן משולש,גרמים,200.00,100 גרם,false,,26.90,13.4500,true,1,3538
7290001485019,false,גבינת קרם שמנת טבעי 5% טרה 200 גרם,*החברה המרכזית להפצת משקאותבעמ,,טרה גבינת שמנת טבעי,גרמים,200.00,100 גרם,false,,11.90,5.9500,true,1,7087
7290001567760,false,פסטרמה של פעם יחיעם 300 גרם,מעדני יחיעם ( 1993 ) בע`מ,,פסטרמה של פעם 300 גר,גרמים,300.00,100 גרם,false,,28.90,9.6333,true,1,16420
7290001567814,false,סלמי מעושן בסגנון איטלקי 300 ג' יחיעם,מעדני יחיעם ( 1993 ) בע`מ,,סלמי מעושן בסגנון אי,גרמים,300.00,100 גרם,false,,24.90,8.3000,true,1,16425
7290001591703,false,קבב אנגוס עגול טיבון ויל 500 גרם,נטו מלינדה סחר בעמ,,קבב בקר אנגוס עגול ט,גרמים,500.00,100 גרם,false,,24.90,4.9800,true,1,406096
7290001591710,false,המבורגר אנגוס טיבון ויל 600 גרם,נטו מילנדה סחר בעמ*,,המבורגר אנגוס טיבון,גרמים,600.00,100 גרם,false,,24.90,4.1500,true,1,406097
7290001594032,false,"דיאט קוקה-קולה קלאסי 350 מ""ל",החברה המרכזית לייצור,,קוקה קולה דיאט קלאסי,מיליליטרים,350.00,"100 מ""ל",false,,7.50,2.1429,true,1,7552
7290001594155,false,"קוקה-קולה בבקבוק אישי 500 מ""ל",החברה המרכזית להפצת משקאות בעמ,,קוקה קולה 500מל,מיליליטרים,500.00,"100 מ""ל",false,,7.90,1.5800,true,1,7098
7290001594810,false,"בירה שחורה מאלטי בקב' מארז 330X6מ""ל",החברה המרכזית להפצת משקאות בעמ,,מאלטי טובורג בקבוק 6,ליטרים,1.98,ליטר,false,,36.30,18.3333,true,1,66784
7290001594865,false,"שישייה בירה קרלסברג בקבוק 330 מ""ל",החברה המרכזית להפצת משקאות בעמ,,קרלסברג בירה בקבוק 6,ליטרים,1.98,ליטר,false,,44.90,22.6768,true,1,7577
7290001670057,false,כפיות לבן 100 יח`הנמל,הנמל אריזות ושיווק (1984) בעמ,,.סכום ח.פ.כפיות 100י,יחידה,0.00,יחידה,false,,13.90,0.0000,true,1,8285
7290001670064,false,סכינים חד פעמי לבן 100 יח',הנמל אריזות ושיווק (1984) בעמ,,סכינים 100יח,יחידה,0.00,יחידה,false,,13.90,0.0000,true,1,8286
7290001670071,false,כפות חד פעמי לבן 100 יח',הנמל אריזות ושיווק (1984) בעמ,,.סכום ח.פ.כפות 100יח,יחידה,0.00,יחידה,false,,13.90,0.0000,true,1,8287
7290001713167,false,סנט מוריץ - מרסס קצף ניקוי 1 ליטר סניטרי אפור,קומפלקס כימיקלסבעמ ~~~,,קצף לניקוי כלים סניט,ליטרים,1.00,ליטר,false,,12.90,12.9000,true,1,141795
7290001713242,false,עלמה שקיות אשפה 25 יחידות 75*90 עם ידית,קומפלקס כימקלים בעמ`,,"שקיות אשפה 25 י""ח 75",יחידה,0.00,יחידה,false,,13.90,0.0000,true,1,408761
7290001780428,false,מאגדת גלידת לייט שוקולד נסטלה 6יח' 312ג',נגה גלידות שותפות מוגבלת,,נסטלה לייט 6 שלגוני,גרמים,312.00,100 גרם,false,,32.90,10.5449,true,1,16942
7290001791349,false,אקונומיקה פיסגה ריחנית סנו (4 ליטר),החברה הדרומית לשיווק בעמ,,אקונומיקה ריחנית פסג,ליטרים,4.00,ליטר,false,,12.90,3.2250,true,1,31988
7290001817728,false,צ'יטוס אפוי כאפה בטעם קטשופ 55 גרם,"שטראוס פריטו ליי בע""\מ )",,ציטוס כאפה 55 גרם,גרמים,55.00,100 גרם,false,,3.90,7.0909,true,1,25349
7290001865439,false,פמילי אל סבון נוזלי בניחוח וניל 1 ליטר,אף.סי תבליני בגליל ב,,סבון נוזלי וניל + מש,יחידה,0.00,יחידה,false,,11.90,0.0000,true,1,6372
7290001865453,false,פמילי לקשרי 1 ליטר לבנדר ארומטי+משאבה,מיוצר עי קונדיטוריית,,סבון נוזלי לבנדר+ מש,יחידה,0.00,יחידה,false,,11.90,0.0000,true,1,6373
7290001867600,false,"תפו""א בייבי פרימיום",אראל תוצרת חקלאית בע,,"תפו""א בייבי פרימיום",קילוגרמים,1.00,"ק""ג",true,,7.90,7.9000,true,1,296629
7290001873441,false,המבורגר 320 גר` בלאק אנגוס מוכשר ארוז,טיבון ויל אחזקות בעמ,,המבורגר בלאק אנגוס 3,גרמים,320.00,100 גרם,false,,24.90,7.7812,true,1,212440
7290001990094,false,"סוכר חום כהה צנצנת קלאסי סוגת 1ק""ג",האי נאם סי או אל.טי.,,סוכר חום בצנצנת קלאס,קילוגרמים,1.00,"ק""ג",false,,16.90,16.9000,true,1,19392
7290001990148,false,"סוכר גולדן קלאסי בצנצנת 1 ק""ג סוגת",האי נאם סי או אל.טי.,,סוכר גולדן קלאסי בצנ,קילוגרמים,1.00,"ק""ג",false,,14.50,14.5000,true,1,19394
7290001990261,false,"חומוס סוגת 1 ק""ג","סוגת תעשיות בע""\מ",,"סוגת חומוס 1 ק""ג",קילוגרמים,1.00,"ק""ג",false,,15.90,15.9000,true,1,19395
7290001990278,false,"שעועית לבנה 1 ק""ג סוגת","סוגת תעשיות בע""\מ",,סוגת שעועית לבנה 1 ק,קילוגרמים,1.00,"ק""ג",false,,19.90,19.9000,true,1,19396
7290001990391,false,אפונה יבשה 1קג סוגת,"סוגת תעשיות בע""\מ",,"אפונה 1 ק""ג",קילוגרמים,1.00,"ק""ג",false,,13.90,13.9000,true,1,19398
7290001990407,false,"עדשים ירוקות סוגת 1 ק""ג","סוגת תעשיות בע""\מ",,עדשים ירוקים 1 קג,קילוגרמים,1.00,"ק""ג",false,,16.90,16.9000,true,1,19399
7290001990421,false,"פופקורן גרעינים סוגת 1 ק""ג","סוגת תעשיות בע""\מ",,"סוגת פופקורן 1 ק""ג",קילוגרמים,1.00,"ק""ג",false,,11.90,11.9000,true,1,19401
7290002007890,false,כוסות חד פעמיות מפלסטיק 100 יח`,הנמל אריזות ושיווק (1984) בעמ,,כוס שתיה קרה 100 יח,יחידה,0.00,יחידה,false,,12.90,0.0000,true,1,8332
7290002008224,false,סוכריות לקישוט צבעונית הנמל 100 ג',הנמל אריזות ושיווק 1984 בע`מ,,קישוט לעוגה גליד.,גרמים,60.00,100 גרם,false,,6.90,11.5000,true,1,8351
7290002008507,false,נייר אפיה הנמל 50 יחידות,הנמל אריזות ושיווק (1984) בעמ,,נייר אפיה 50יח,יחידה,0.00,יחידה,false,,9.90,0.0000,true,1,8361
7290002008750,false,אבקת אפיה עשירייה הנמל 100 גרם,הנמל אריזות ושיווק 1984 בע`מ,,אבקת אפיה 10*10 גרם,גרמים,100.00,100 גרם,false,,3.90,3.9000,true,1,8367
7290002026587,false,וופל בלגי פרווה בראנץ אנד קראנץ 8 יח',מוצרי איכות אמריקאיים בעמ,,בראנץ אנד קראנץ וופל,גרמים,28.00,100 גרם,false,,17.90,63.9286,true,1,200496
7290002043225,false,אקסטרה צ'יפס אורז חום מלא פפריקה 60 גרם,א.ל.ייצור ושיווק תבלינים בעמ,,צ'יפס פפריקה אקסטרה,גרמים,60.00,100 גרם,false,,9.40,15.6667,true,1,254535
7290002043232,false,אקסטרה צ'יפס אורז חום מלא טקסס ברביקיו 120 גרם,נוהלס ג'\י אס סי.,,חטיף צ'יפס משפחתי בט,גרמים,120.00,100 גרם,false,,13.80,11.5000,true,1,405526
7290002043331,false,אקסטרה צ'יפס אורז חום מלא כוסמת 60 גרם,א.ל.ייצור ושיווק תבלינים בעמ,,צ'יפס כוסמת אקסטרה 6,גרמים,60.00,100 גרם,false,,9.40,15.6667,true,1,279205
7290002043829,false,אקסטרה פריכיות אורז חום מלא מהרי ההימלאיה 200 גרם,א.ל.ייצור ושיווק תבלינים בעמ,,פריכיות מלח היהמלאיה,גרמים,200.00,100 גרם,false,,18.20,9.1000,true,1,254565
7290002053088,false,אטריות ביצים דקיקים מספר 8 אוריינט 200 גרם,גורי מוצרי צריכה (1991) בעמ,,אטריות ביצים מס' 8 א,גרמים,210.00,100 גרם,false,,8.90,4.2381,true,1,66389
7290002053538,false,נודלס בסגנון תאילנדי 25 תוספת אוריינטל 500 גרם,גורי מוצרי צריכה (1991) בעמ,,נודלס אוריינט 400 גר,גרמים,500.00,100 גרם,false,,14.90,2.9800,true,1,190666
7290002057017,false,זיתים ירוקים נובו קבוצת יבנה (540 גרם),קבוצת יבנה מוצרי מזון אגודה שי,,זיתים נובו ענק קבוצת,גרמים,560.00,100 גרם,false,,10.90,1.9464,true,1,52318
7290002057031,false,זיתים מבוקעים פיקנטי קבוצת יבנה 340 גרם,"קבוצת יבנה מוצרי מזון בע""מ",,זיתים מבוקעים פיקנטי,גרמים,560.00,100 גרם,false,,9.90,1.7679,true,1,30138
7290002057048,false,זית סורי מתובל בשמן קבוצת יבנה 560 גרם,"קבוצת יבנה מוצרי מזון בע""מ",,זית סורי מבוקע יבנה,גרמים,540.00,100 גרם,false,,12.90,2.3889,true,1,30139
7290002057123,false,זיתים ירוקים מנזנילו קבוצת יבנה 560 גרם,קבוצת יבנה מוצרי מזון אגודה שי,,זיתים חרוזית ירוק קב,גרמים,275.00,100 גרם,false,,10.90,3.9636,true,1,30145
7290002057185,false,טבעות זיתים ירוקים קבוצת יבנה 560 גרם,קבוצת יבנה מוצרי מזון אגודה שי,,טבעות זיתים ירוקים ק,גרמים,540.00,100 גרם,false,,9.90,1.8333,true,1,30149
7290002057352,false,מלפפונים במלח ‏9‏-‏7‏ קבוצת יבנה 320 גרם,"קבוצת יבנה מוצרי מזון בע""מ",,מלפפונים במלח 7-9 ק,גרמים,560.00,100 גרם,false,,7.90,1.4107,true,1,30154
7290002057369,false,מלפפונים במלח ‏12‏-‏10‏ קבוצת יבנה 320 גרם,"קבוצת יבנה מוצרי מזון בע""מ",,מלפפון במלח 10-12 קב,גרמים,560.00,100 גרם,false,,8.90,1.5893,true,1,30155
7290002057437,false,פלפל שיפקונית קבוצת יבנה 225 גרם,קבוצת יבנה מוצרי מזון,,שיפקונית קבוצת יבנה,גרמים,560.00,100 גרם,false,,10.90,1.9464,true,1,271108
7290002057451,false,מלפפונים בחומץ ‏9‏-‏7 קבוצת יבנה 290 גרם,קבוצת יבנה מוצרי מזון אגודה שי,,מלפפון בחומץ 7-9 קבו,גרמים,560.00,100 גרם,false,,7.90,1.4107,true,1,30159
7290002057604,false,פלפל חריף שיפקה קבוצת יבנה (540 גרם),קבוצת יבנה מוצרי מזון אגודה שי,,פלפל חריף שיפקה קבוצ,גרמים,560.00,100 גרם,false,,6.90,1.2321,true,1,30164
7290002065555,false,שישיית לחמנייה הכי רכה בהפסקה אנג'ל 450 גרם,מאפיית שלמה א. אנג'\ל בע,,6 לחמניות רכות אנגל,גרמים,450.00,100 גרם,false,,11.90,2.6444,true,1,69360
7290002065616,false,לחם שיפון גרעינים פרוס אחדות (750 גרם),מאפיית שלמה א. אנג'\ל בע,,שיפון גרעינים אנגל 7,גרמים,750.00,100 גרם,false,,14.90,1.9867,true,1,69361
7290002065623,false,לחם שיפון של פעם כפרי פרוס אורנים 750 גרם,מאפיית שלמה א. אנג'\ל בע,,לחם שיפון כפרי אנגל,גרמים,750.00,100 גרם,false,,14.90,1.9867,true,1,69362
7290002107385,false,גליל גבינת עיזים מה עז משק צוריאל 180 גרם,החברה המרכזית טלהפצת משקאות בע,,צוריאל גליל גבינת עי,גרמים,180.00,100 גרם,false,,26.40,14.6667,true,1,7108
7290002107491,false,גבינה לבנה מחלב עיזים למריחה 5% משק צוריאל 250 גרם,*החברה המרכזית להפצת משקאותבעמ,,צוריאל גבינת עזים למ,גרמים,250.00,100 גרם,false,,15.90,6.3600,true,1,7110
7290002107798,false,גבינה בולגרית מעודנת 5% משק צוריאל 250 גרם,*החברה המרכזית להפצת משקאותבעמ,,צוריאל בולגרית מעודנ,גרמים,250.00,100 גרם,false,,22.90,9.1600,true,1,7113
7290002111085,false,"רוטב עגבניות 22% ""פרי מבורך"" 100 גרם","זנלכל בע""\מ",,רוטב עגבניות 22% פרי,גרמים,100.00,100 גרם,false,,2.50,2.5000,true,1,9377
7290002111337,false,רוטב עגבניות BX 22% פרי מבורך (240 גרם),"זנלכל בע""\מ",,רוטב עגבניות 22% פרי,גרמים,240.00,100 גרם,false,,5.50,2.2917,true,1,113695
7290002111634,false,חומוס שלם פרי מבורך 290 גרם,"זנלכל בע""\מ",,חומוס שלם פרי מבורך,גרמים,550.00,100 גרם,false,,9.90,1.8000,true,1,9386
7290002111764,false,שעועית לבנה ברוטב עגבניות פרי מבורך 580,"זנלכל בע""\מ",,שעועית לבנה ברוטב עג,גרמים,580.00,100 גרם,false,,9.90,1.7069,true,1,9390
7290002111818,false,גרעיני תירס מתוק ואקום פרי מבורך 400ג',"זנלכל בע""\מ",,גרעיני תירס מתוק פרי,גרמים,246.00,100 גרם,false,,6.90,2.8049,true,1,9391
7290002111825,false,גרעיני תירס מתוק 550 גרם פרי מבורך,"זנלכל בע""\מ",,גרעיני תירס מתוק פרי,גרמים,335.00,100 גרם,false,,8.90,2.6567,true,1,9392
7290002129455,false,פיצה איטלקית XL גדולה שלושת האופים 450 גרם,נטו מלינדה סחר בעמ,,פיצה איטלקית 450 ג,גרמים,450.00,100 גרם,false,,21.90,4.8667,true,1,108945
7290002130567,false,דבש דבורים טהור פרחי בר יד מרדכי 350 גרם,מכוורת יד מרדכי שטראוס ב,,דבש טהור מפרחי בר בצ,גרמים,350.00,100 גרם,false,,21.90,6.2571,true,1,24086
7290002130574,false,דבש טהור מפרחי בר בזכוכית 500 ג' יד מרדכי,מכוורת יד מרדכי שטראוס ב,,דבש טהור מפרחי בר בצ,גרמים,500.00,100 גרם,false,,29.60,5.9200,true,1,24087
7290002130581,false,דבש טהור מפרחי בר יד מרדכי (1 קג),מכוורת יד מרדכי שטראוס ב,,דבש טהור מפרחי בר בצ,קילוגרמים,1.00,"ק""ג",false,,46.90,46.9000,true,1,24088
7290002190141,false,ריבת חלב 450 גר`גלעם קומידה,תומר יבוא ושיווק מוצרי מזון (1,,ריבת חלב קונדיטור 45,גרמים,450.00,100 גרם,false,,15.50,3.4444,true,1,26321
7290002204169,true,אגס נאשי מארז,,,אגס נאשי מארז,גרמים,500.00,100 גרם,false,,14.90,2.9800,true,1,475687
7290002253006,false,שום טרי כתוש צנצנת דורות 200 גרם,קבוצת אוסם סחר-שות.מוגבלת,,דורות שום כתוש טרי 2,גרמים,200.00,100 גרם,false,,17.90,8.9500,true,1,22098
7290002253105,false,שום במגשית 20 שיניים כתושות קפוא 80,קבוצת אוסם סחר-שות.מוגבלת,,דורות מגשית קוביות ש,גרמים,80.00,100 גרם,false,,14.90,18.6250,true,1,22101
7290002255031,false,סיגרים במילוי בשר חט,חטיפי אלקיים בעמ,,סיגרים במילוי בשר חט,גרמים,800.00,100 גרם,false,,23.90,2.9875,true,1,117414
7290002259664,false,רדיד אלומיניום דיימונד גדול 60X0.60מ',ריינולדס מוצרי צריכה,,רדיד אלומניום 30*60.,מטרים,60.90,מטר,false,,59.90,0.9836,true,1,4416
7290002278528,false,כריות ניקוי שבתכלין ביאנקו שייני 2 יחידות,מ.א.ייצור ויבוא מטליות בעמ,,כריות ניקוי כלים לשב,יחידה,0.00,יחידה,false,,8.90,0.0000,true,1,14442
7290002317005,false,זיתים טבעות מושחר 560ג A2 מטולה,שימורי מוטולה בעמ,,טבעות זיתים מושחרים,גרמים,560.00,100 גרם,false,,12.50,2.2321,true,1,25678
7290002317128,false,מלפפון 560ג במלח 10-12 A2 מטולה,שימורי מוטולה בעמ,,מלפפון במלח 10-12 מו,גרמים,560.00,100 גרם,false,,12.50,2.2321,true,1,25682
7290002317265,false,מלפפון 650ג במלח +20% 7-9 A2 מטולה,שימורי מוטולה בעמ,,מלפפון במלח 20% 7-9,גרמים,670.00,100 גרם,false,,11.40,1.7015,true,1,25692
7290002317296,false,פלפל חריף שיפקה 670ג 20%+A2 מטולה,שימורי מוטולה בעמ,,פלפל שיפקה + 20% מוט,גרמים,550.00,100 גרם,false,,10.90,1.9818,true,1,25694
7290002317319,false,מלפפון 650ג בחומץ +20% 7-9 A2 מטולה,שימורי מוטולה בעמ,,מלפפון בחומץ 7-9 20%,גרמים,670.00,100 גרם,false,,11.40,1.7015,true,1,25696
7290002317326,false,זיתים מנזולינו 12-15 +20% 670ג A2 מטולה,שימורי מוטולה בעמ,,זיתים מנזלינו 20% 12,גרמים,670.00,100 גרם,false,,12.50,1.8657,true,1,25697
7290002317388,false,ירקות מעורבים בתיבול מזרחי מוטולה 900 גר,אבאל יזמות בעמ,,צנצנת ירקות בתיבול מ,קילוגרמים,1.65,"100 ק""ג",false,,33.00,2000.0000,true,1,431331
7290002317616,false,זיתים מרינט 17-19 560ג A2 מטולה,שימורי מוטולה בעמ,,זיתים חתוכים מרינט 1,גרמים,560.00,100 גרם,false,,12.50,2.2321,true,1,25717
7290002317661,false,זיתים מנזולינו גדול מאוד זכוכית מוטולה,שימורי מוטולה בעמ,,זיתים מנזלינו גדול מ,גרמים,560.00,100 גרם,false,,12.50,2.2321,true,1,25720
7290002317753,false,זית טבעות ירוק בצנצנת זכוכית מוטולה,אבאל יזמות בעמ,,טבעות זיתים ירוקים ב,גרמים,560.00,100 גרם,false,,12.50,2.2321,true,1,25724
7290002319016,false,אבקת אפיה עשיריות מיה 100 גרם,מיה תעשיות מזון מ.ת.מ. בעמ,,אבקת אפיה 10 יח' מיה,גרמים,100.00,100 גרם,false,,2.90,2.9000,true,1,52419
7290002319023,false,סוכר וניל עשיריות מיה 100 גרם,מיה תבליני החיים ירושלים בע`מ,,1/10 סוכר וניל,גרמים,100.00,100 גרם,false,,3.50,3.5000,true,1,52420
7290002319061,false,קוקוס טחון מיה (100 גרם),מיה תעשיות מזון מ.ת.מ. בעמ,,.קוקוס טחון 100 גר.,גרמים,100.00,100 גרם,false,,4.50,4.5000,true,1,52423
7290002319078,false,שומשום 100 גרם מיה,מיה תעשיות מזון מ.ת.מ. בעמ,,שומשום 100ג,גרמים,100.00,100 גרם,false,,4.90,4.9000,true,1,52424
7290002319139,false,שעועית לבנה יבשה מיה 500 ג',מיה תעשיות מזון מ.ת.מ. בעמ,,שעועית מיה 500 גרם,גרמים,500.00,100 גרם,false,,10.90,2.1800,true,1,52427
7290002319146,false,שעועית אדומה מיה (500 גרם),מיה תעשיות מזון מ.ת.מ. בעמ,,שעועית אדומה מיה 500,גרמים,500.00,100 גרם,false,,11.80,2.3600,true,1,52428
7290002319160,false,אפונה ירוקה יבשה מיה 500 ג',מיה תעשיות מזון מ.ת.מ. בעמ,,אפונה יבשה מיה 500 ג,גרמים,500.00,100 גרם,false,,5.90,1.1800,true,1,52429
7290002319191,false,עדשים ירוקים יבשים מיה 500 גר',מיה תעשיות מזון מ.ת.מ. בעמ,,עדשים ירוקים מיה 500,גרמים,500.00,100 גרם,false,,7.90,1.5800,true,1,52432
7290002319207,false,כוסמת מיה (500 גרם),מיה תעשיות מזון מ.ת.מ. בעמ,,כוסמת מיה 500 גרם,גרמים,500.00,100 גרם,false,,9.90,1.9800,true,1,52433
7290002319221,false,חיטה מיה (500 גרם),מיה תעשיות מזון מ.ת.מ. בעמ,,חיטה מיה 500 גרם,גרמים,500.00,100 גרם,false,,6.50,1.3000,true,1,52435
7290002319375,false,"קורנפלור 200 ג' בד""ץ מיה",מיה תעשיות מזון מ.ת.מ. בעמ,,קורנפלור 250 גר בד`ץ,גרמים,200.00,100 גרם,false,,3.90,1.9500,true,1,15614
7290002319771,false,תמצית אפיה בטעם וניל מיה (50 מל),מיה תעשיות מזון מ.ת.מ. בעמ,,תמצית אפיה וניל,מיליליטרים,50.00,"100 מ""ל",false,,2.90,5.8000,true,1,52461
7290002319825,false,"אבקת סוכר 100 ג`בד""ץ מיה",מיה תעשיות מזון מ.ת.מ. בעמ,,.אבקת סוכר 100 גר. ב,גרמים,100.00,100 גרם,false,,2.90,2.9000,true,1,52463
7290002327059,false,"בצק עלים 1 ק""ג שלושת האופים קהילות",נטו מלינדה סחר בע`מ,,בצק עלים 1 ק`ג,קילוגרמים,1.00,"ק""ג",false,,22.90,22.9000,true,1,18324
7290002327073,false,בורקס גבינה 800 גר' שלושת האופים קהילות,נטו מלינדה סחר בע`מ,,בורקס גבינה 800 גרם,גרמים,800.00,100 גרם,false,,22.90,2.8625,true,1,18326
7290002331025,false,"מים מינרלים נביעות ספורט 500 מ""ל פקדון",החברה המרכזית להפצת משקאות בעמ,,נביעות 1/2 ליטר ספור,מיליליטרים,500.00,"100 מ""ל",false,,4.90,0.9800,true,1,7117
7290002331094,false,"מים מינרליים GO TO נביעות 755 מ""ל",החברה המרכזית להפצת משקאות בעמ,,755מל מים מינרלים TO,מיליליטרים,755.00,"100 מ""ל",false,,5.50,0.7285,true,1,7118
7290002331360,false,"נביעות מים מינרליים טו גו מארז 500X6מ""ל",החברה המרכזית להפצת משקאות בעמ,,נביעות TO GO שישייה,ליטרים,3.00,ליטר,false,,18.90,6.3000,true,1,7594
7290002331421,false,"שישיית מים מינרליים GO TO נביעות 755 מ""ל",החברה המרכזית להפצת משקאות בעמ,,נביעות 6*755מל,ליטרים,4.53,ליטר,false,,20.40,4.5033,true,1,7122
7290002344032,false,סחבות מיקרופייבר מא,,,סחבות מיקרופייבר מא,יחידה,0.00,יחידה,false,,14.90,0.0000,true,1,443806
7290002344056,false,מטליות מיקרופייבר 10 יח JUCKY,,,מטליות מיקרופייבר מ,יחידה,0.00,יחידה,false,,14.90,0.0000,true,1,443807
7290002345015,false,סינטה דק דק אל גאוצ'ו 250ג' מינוט,"טיבון ויל אחזקות בע""\מ",,סינטה דקדק 250 גרם,גרמים,250.00,100 גרם,false,,19.90,7.9600,true,1,108771
7290002345022,false,אנטריקוט דק דק מינוט סטייק אל גאוצ'ו 250 גרם,"טיבון ויל אחזקות בע""\מ",,אנטריקוט דקדק 250 ג,גרמים,250.00,100 גרם,false,,29.90,11.9600,true,1,108772
7290002348238,false,לפתן אננס חתוך 850 ג וויליגר,נטו מלינדה סחר בעמ,,לפתן אננס חתוך ויליג,גרמים,830.00,100 גרם,false,,7.90,0.9518,true,1,217056
7290002353836,false,סרדינים רוברט בשמן זית 115 גרם,קונסרבס פורטוגל נורטה,,סרדינים רוברט בשמן ז,גרמים,120.00,100 גרם,false,,10.90,9.0833,true,1,18343
7290002360124,false,חליטת צמחים ורד הבר והיביסקוס פומפדור 20 יחידות,ש.שסטוביץ בעמ,,פומפדור חליטת ורד הב,גרמים,30.00,100 גרם,false,,17.90,59.6667,true,1,23447
7290002371533,false,דקניקים סלסולי פסטרמה דבש טירת צבי 120 גרם,תנובה מרכז שיתופי לשיווק תוצרת,,טירת צבי סלסולי פסטר,גרמים,120.00,100 גרם,false,,15.90,13.2500,true,1,26750
7290002371540,false,דקניקים קורנדביף ללא גלוטן טירת צבי 120 גרם,תנובה מרכז שיתופי לשיווק תוצרת,,טירת צבי קורנדביף דק,גרמים,120.00,100 גרם,false,,15.90,13.2500,true,1,26751
7290002374268,false,שמן חמניות מזוכך ללא כולסטרול 1 ליטר,סוגת תעשיות בעמ,,שמן חמניות מילומור 1,ליטרים,1.00,ליטר,false,,13.90,13.9000,true,1,31537
7290002374312,false,שמן קנולה מזוכך 6% מילומור (1 ליטר),"נארז ע""י : א.ג. גילר",,שמן קנולה מילומור 1,ליטרים,1.00,ליטר,false,,12.90,12.9000,true,1,31538
7290002404590,false,"יין מרלו הראשית 750 מ""ל היוצר",יקבי ארזה,,יין היוצר בראשית רזר,מיליליטרים,750.00,"100 מ""ל",false,,39.90,5.3200,true,1,12470
7290002512257,false,מלווח מפחת שומן 700 גרם צנעני,צנעני מוצרי בצק בעמ,,מלווח מופחת שומן 700,גרמים,700.00,100 גרם,false,,18.90,2.7000,true,1,65896
7290002517269,false,"פלפל שחור שלם 350 גרם ""טעם וריח""",תבליני טעם וריח בעמ,,תבלין פלפל שחור שלם,גרמים,35.00,100 גרם,false,,10.90,31.1429,true,1,49439
7290002517337,false,אורגנו עלים 20 גר' טעם וריח,"תבליני טעם וריח בע""מ",,תבלין אורגנו בשקית ט,גרמים,20.00,100 גרם,false,,6.90,34.5000,true,1,49443
7290002517375,false,בזילקום עלים 30 גר' טעם וריח,"תבליני טעם וריח בע""מ",,תבלין בזיליקום בשקית,גרמים,30.00,100 גרם,false,,6.90,23.0000,true,1,49444
7290002517580,false,"תערובת תיבול לעוף 80 גרם ""טעם וריח""",תבליני טעם וריח בעמ,,תערובת תיבול לעוף טע,גרמים,80.00,100 גרם,false,,10.90,13.6250,true,1,49450
7290002517726,false,קינמון מקלות 15 גר' טעם וריח,"תבליני טעם וריח בע""מ",,תבלין מקל קינמון טעם,גרמים,15.00,100 גרם,false,,6.90,46.0000,true,1,49458
7290002542780,false,"שישייה בירה סטלה ארטואה בקבוק 330X6 מ""ל","אינבב, ברוורייפליין",,סטלה ארטואה בקבוק 6*,ליטרים,1.98,ליטר,false,,40.90,20.6566,true,1,313152
7290002542841,false,"שישייה בירה לף בלונד בקבוק 330X6 מ""ל","אינבב, ברוורייפליין",,בירה לף בלונד -שישיה,ליטרים,1.98,ליטר,false,,49.90,25.2020,true,1,333831
7290002603481,false,פיצה השף מאיטליה שגב פסטו ועגבניות 200,האי נאם סי או אל.טי.,,פיצת השף מאיטליה CHE,גרמים,200.00,100 גרם,false,,18.90,9.4500,true,1,134058
7290002603498,false,פיצת השף מאיטליה CHEF שגב אנטיפסטי 220,האי נאם סי או אל.טי.,,פיצת השף מאיטליה CHE,גרמים,220.00,100 גרם,false,,18.90,8.5909,true,1,134059
7290002692393,false,שמן קנולה מזוכך מועשר עץ הזית (1 ליטר),סוגת תעשיות בעמ,,שמן קנולה מועשר עץ ה,ליטרים,1.00,ליטר,false,,17.90,17.9000,true,1,31543
7290002692478,false,"שמן זית כתית מעולה קלאסי מעודן 750 מ""ל עץ הזית","מרקאולאו, ספרד.אבסה,",,שמן זית כתית מעולה מ,מיליליטרים,750.00,"100 מ""ל",false,,37.90,5.0533,true,1,31545
7290002692768,false,"תרסיס שמן קנולה מזוכך ללא תוספת גז עץ הזית 200 מ""ל",טרנסומס פוד איי בי,,תרסיס שמן קנולה עץ ה,מיליליטרים,200.00,"100 מ""ל",false,,19.90,9.9500,true,1,31552
7290002692775,false,"תרסיס שמן קנולה בטעם חמאה עץ הזית 200 מ""ל",סוגת תעשיות בעמ,,תרסיס שמן קנולה בטעם,מיליליטרים,200.00,"100 מ""ל",false,,19.90,9.9500,true,1,134653
7290002692782,false,"תרסיס שמן זית כתית מעולה ללא תוספת גז עץ הזית 150 מ""ל",י.ב טכנולוגיות אריזה,,תרסיס שמן זית עץ הזי,מיליליטרים,200.00,"100 מ""ל",false,,19.90,9.9500,true,1,31554
7290002703310,false,צנצנת דבש עין חרוד 5,,,צנצנת דבש עין חרוד 5,גרמים,500.00,100 גרם,false,,23.90,4.7800,true,1,39252
7290002703679,false,סילאן 100% טבעי עין,,,סילאן 100% טבעי עין,גרמים,900.00,100 גרם,false,,21.00,2.3333,true,1,39257
7290002715375,false,קבב יווני טיבון ויל 400 גרם,טיבון ויל אחזקות בעמ,,קבב יווני 400 גרם,גרמים,400.00,100 גרם,false,,23.90,5.9750,true,1,18372
7290002730262,false,נוזל לניקוי כלים קלאסי פלמוליב (750 מל),יבואן ומשווק: ש. שסט,,פלמוליב לכלים קלאסי,מיליליטרים,750.00,"100 מ""ל",false,,12.90,1.7200,true,1,23456
7290002730941,false,כדורי צמר גפן בלונס 100 יחידות,הנסיך- מפעל לייצור ט,,צמר גפן פרוס בלונס 1,גרמים,100.00,100 גרם,false,,6.90,6.9000,true,1,23467
7290002730958,false,סבון מוצק בניחוח זיתים ואלוורה פלמוליב 4*100 גרם,הנסיך- מפעל לייצור ט,,סבון מוצק ירוק זית פ,גרמים,400.00,100 גרם,false,,17.90,4.4750,true,1,23468
7290002735007,false,"בצק עלים מרודד ינון 1 ק""ג",קפוא-זן תעשיות מזון בעמ - תפוג,,"בצק עלים 1 ק""ג",קילוגרמים,1.00,"ק""ג",false,,14.90,14.9000,true,1,118471
7290002735014,false,מלווח ארוז יינון 800 גר`,קפוא-זן תעשיות מזון בעמ - תפוג,,ינון מלווח ארוז 800,גרמים,800.00,100 גרם,false,,14.90,1.8625,true,1,118472
7290002735021,false,ג`חנון ארוז 750 גר`יינון,קפוא-זן תעשיות מזון בעמ - תפוג,,ינון גחנון ארוז 750,גרמים,750.00,100 גרם,false,,14.90,1.9867,true,1,118473
7290002735120,false,"בורקס תפו""א ינון 800 גרם",קפוא-זן תעשיות מזון בעמ - תפוג,,"בורקס תפו""א ינון 800",גרמים,800.00,100 גרם,false,,14.90,1.8625,true,1,118475
7290002735274,false,ג'חנון אפוי ינון 600 גרם,קפוא-זן תעשיות מזון בעמ - תפוג,,ינון גחנון אפוי 600,גרמים,600.00,100 גרם,false,,16.90,2.8167,true,1,118478
7290002753223,false,רביעייה סוכריות תפוז 4*16 ג' טיק טק,פרימיום-חברה לדברי מתיקה ולמסח,,טיק טק תפוז 4/1,גרמים,64.00,100 גרם,false,,12.00,18.7500,true,1,48569
7290002757139,false,מלוואח 700 גר' שלושת האופים קהילות,נטו מלינדה סחר בע`מ,,שלושת האופים מלוואח,גרמים,700.00,100 גרם,false,,14.90,2.1286,true,1,18384
7290002757535,false,בורקס פילו אצבעות גבינה שלושת האופים 700 גרם,שלושת האופים שגמור,,בורקס פילו אצבעות גב,גרמים,700.00,100 גרם,false,,21.90,3.1286,true,1,18389
7290002757665,false,קבב מזרחי טיבון ויל 400 ג',נטו מלינדה סחר בעמ,,קבב מזרחי 400 גרם,גרמים,400.00,100 גרם,false,,13.90,3.4750,true,1,18391
7290002757672,false,המבורגר מזרחי טיבון ויל 400ג',נטו מילנדה סחר בעמ*,,המבורגר 400גרם נטו,גרמים,400.00,100 גרם,false,,13.90,3.4750,true,1,18392
7290002768043,false,"תיאדנט מי-פה ענק פלאוריד 150 מ""ל",החברה הדרומית לשיווק בעמ,,מי פה ענק תיאדנט 150,מיליליטרים,150.00,"100 מ""ל",false,,16.90,11.2667,true,1,32009
7290002768074,false,אל סבון נוזלי רגיל דרמפון 1 ליטר,החברה הדרומית לשיווק בעמ,,סבון נוזלי דרמופון 1,יחידה,0.00,יחידה,false,,18.90,0.0000,true,1,32010
7290002768159,false,"קצף אמבט בת אורן קרליין 500 מ""ל",החברה הדרומית לשיווק בעמ,,קצף אמבט בת אורן 500,מיליליטרים,500.00,"100 מ""ל",false,,17.90,3.5800,true,1,32011
7290002787891,false,מקלות פילו תרד 600 גרם שלושת האופים,נטו מלינדה סחר בע`מ,,שלושת האופים מקלות ב,גרמים,600.00,100 גרם,false,,21.90,3.6500,true,1,118043
7290002814160,false,מסיר שומנים סנט מוריץ 1ל,קומפלקס כימיקלים בעמ,,מסיר שומנים קר סנט מ,יחידה,0.00,יחידה,false,,19.90,0.0000,true,1,134683
7290002814603,false,"סנט מוריץ - מרסס מסיר שומנים קר מבושם לימון 750 מ""ל",קומפלקס כימיקלים בעמ,,מסיר שומנים קר מבושם,מיליליטרים,750.00,"100 מ""ל",false,,14.90,1.9867,true,1,135555
7290002814870,false,"סנט מוריץ - מרסס מסיר שומנים קר מבושם לוונדר\פרחים 750 מ""ל",קומפלקס כימיקלים בעמ,,מסיר שומנים קר מבושם,מיליליטרים,750.00,"100 מ""ל",false,,14.90,1.9867,true,1,139162
7290002824183,false,"גבינה לבנה סקי 500 גרם 5% ""שטראוס"" -מוצר בפיקוח",שטראוס גרופ בעמ/מצונן,,גבינה לבנה 5% סקי 50,גרמים,500.00,100 גרם,false,,9.50,1.9000,true,1,24781
7290002824466,false,יוגורט דנונה ביו לבן 0% שומן 200 גרם,שטראוס גרופ בעמ/מצונן,,דנונה יוגורט ביו 0%,מיליליטרים,200.00,"100 מ""ל",false,,3.90,1.9500,true,1,24782
7290002824640,false,"גבינת סקי 250 גרם 5% ""שטראוס"" -מוצר בפיקוח",שטראוס גרופ בעמ/מצונן,,גבינה 5% סקי 250 גרם,גרמים,250.00,100 גרם,false,,4.98,1.9920,true,1,24783
7290002825722,false,כרוב אדום במיונז אחלה (500 גרם),שטראוס גרופ בעמ/מצונן,,אחלה כרוב אדום 500ג,גרמים,500.00,100 גרם,false,,15.90,3.1800,true,1,24785
7290002868996,false,"קוטג' 5% שומן, רכיבים טבעיים, 250 גרם",*החברה המרכזית להפצת משקאותבעמ,,טרה קוטג מועשר 5% 25,גרמים,250.00,100 גרם,false,,5.50,2.2000,true,1,7128
7290002871361,false,"בירה קרלסברג בקבוק 500 מ""ל חוזר",החברה המרכזית להפצת משקאות בעמ,,קרלסברג בירה בק.חוזר,מיליליטרים,500.00,"100 מ""ל",false,,10.90,2.1800,true,1,7618
7290002881032,false,מעדן אוכמניות כחולות 100% 284 גרם,קריות זול,,סן מורנו מעדן אוכמני,גרמים,284.00,100 גרם,false,,12.90,4.5423,true,1,26325
7290002881247,false,פרוסות אננס בסירופ קל תומר 850 גרם,תומר יבוא ושיווק מוצרי מזון (1,,אננס שלם פרוסות תומר,גרמים,850.00,100 גרם,false,,11.90,1.4000,true,1,26340
7290002881254,false,קוקטייל פירות טרופיים בסירופ קל תומר 825 גרם,סאנרייז אגריקלטור,,קוקטייל טרופי תומר 8,גרמים,850.00,100 גרם,false,,10.90,1.2824,true,1,26341
7290002881261,false,"ליצ'י שלם 565 גרם ""תומר""",גיבונג אינדסקיאלס,,ליצי שלם תומר 565 גר,גרמים,565.00,100 גרם,false,,11.80,2.0885,true,1,26342
7290002881278,false,ליפתן חצאי אפרסקים ת,אלבס אס.א.גריק,,אפרסק חצאים תומר 820,גרמים,820.00,100 גרם,false,,10.90,1.3293,true,1,26343
7290002881506,false,חמאת בוטנים 510 ג' תומר,Niza s a,,חמאת בוטנים 510 גרם,גרמים,510.00,100 גרם,false,,10.90,2.1373,true,1,26354
7290002881612,false,לפתן דובדבנים חמוצים ללא חרצן תומר 720 ג',תומר יבוא ושיווק מוצרי מזון (1,,לפתן דובדבנים חמוצים,גרמים,700.00,100 גרם,false,,9.90,1.4143,true,1,26361
7290002881957,false,סרדינים מרוקאי חריף בשמן חמניות 125ג' תומר,תומר ייבוא ושיווק מוצרי מזון [,,סרדין מרוקאי חריף תו,גרמים,125.00,100 גרם,false,,6.90,5.5200,true,1,26375
7290002900566,false,פסטרמה ברביקיו דל שומן טירת צבי 400 גרם,הנסיך- מפעל לייצור ט,,פסטרמה ברביקיו דל שו,גרמים,360.00,100 גרם,false,,34.90,9.6944,true,1,26755
7290002909972,false,"שעועית ירוקה שלמה 800 גר' בד""ץ (ממותג)",פספרוסט,,שעועית ירוקה שלמה מו,גרמים,800.00,100 גרם,false,,12.90,1.6125,true,1,471082
7290002921349,false,דבק סופר גלו לוקטיט אריזה זוגית יעקובי,יעקב יעקבי ובניו בע`מ,,סופר גלו 3 זוגי,יחידה,0.00,יחידה,false,,15.90,0.0000,true,1,12037
7290002923466,false,בקר קפוא טחון לקציצות וקבב נטו (1 קג),טיבון ויל אחזקות בעמ,,טחון בקר 1 ק`ג,קילוגרמים,1.00,"ק""ג",false,,24.90,24.9000,true,1,18436
7290002929642,false,נתחי טונה בהירה בשמן ויליגר (140x4 גרם),דיאמנט פוד פרודקט קו,,טונה בשמן ויליגר רבי,גרמים,560.00,100 גרם,false,,23.90,4.2679,true,1,18446
7290002971955,false,"קמח 650 כחול ללא צורך בניפוי 1 ק""ג*",טחנות קמח שטיבל בש בעמ,,קמח לבן 650 ללא צורך,קילוגרמים,1.00,"ק""ג",false,,9.90,9.9000,true,1,66975
7290002971993,false,קמח כוסמין מלא ללא צורך בניפוי 1 קג שטיב,טחנות קמח שטיבל בש בעמ,,קמח כוסמין מלא ללא צ,קילוגרמים,1.00,"ק""ג",false,,15.90,15.9000,true,1,83856
7290002972006,false,קמח בהיר(405) ללא צורך בניפוי ( 1 קג ),טחנות קמח שטיבל בש בעמ,,קמח בהיר 405 ללא צור,קילוגרמים,1.00,"ק""ג",false,,9.90,9.9000,true,1,10000
7290002972426,false,"קמח 80% מלא ללא צורך בניפוי 1 ק""ג*",טחנות קמח שטיבל בש בעמ,,קמח מלא 80% ללא צורך,קילוגרמים,1.00,"ק""ג",false,,9.90,9.9000,true,1,66977
7290002973676,false,"קמח שטיבל לחלה 18 ללא ניפוי 1 ק""ג",טחנת קמח דגן-שטיבל,,קמח לחלה ללא צורך בנ,קילוגרמים,1.00,"ק""ג",false,,9.90,9.9000,true,1,256977
7290002974314,false,"קמח פיצה שטיבל 1 ק""ג",טחנת קמח דגן-שטיבל,,"קמח פיצה שטיבל 1 ק""ג",קילוגרמים,1.00,"ק""ג",false,,13.90,13.9000,true,1,461987
7290002986652,false,גטניו פתי בר שוקו 470 גרם,"אחים גטניו בע""מ",,גטניו - פתיבר שוקו 4,גרמים,470.00,100 גרם,false,,9.90,2.1064,true,1,133531
7290002987963,false,"חומוס אחלה 1 ק""ג שטראוס",שטראוס גרופ בעמ/מצונן,,אחלה חומוס 1קג,קילוגרמים,1.00,"ק""ג",false,,14.90,14.9000,true,1,24786
7290003009329,false,בוטנים אמריקאיים קליית גת (200 גרם),הדקלאים אגודת שיתופי,,בוטן אמריקאי מצופה 2,גרמים,200.00,100 גרם,false,,6.90,3.4500,true,1,13866
7290003009336,false,קבוקים קליית גת (200 גרם),הדקלאים אגודת שיתופי,,קבוקים מצופים 200 גר,גרמים,200.00,100 גרם,false,,6.90,3.4500,true,1,13867
7290003009640,false,מיץ תפוזים סחוט רכיבים טבעיים פריגת 1 ליטר,*החברה המרכזית להפצת משקאותבעמ,,פריגת סחוט מיץ תפוזי,ליטרים,1.00,ליטר,false,,16.90,16.9000,true,1,7144
7290003015627,false,"נוזל רצפות אפרסק 2 ליטר ""ריצפז פרש""",החברה הדרומית לשיווק בעמ,,ריצפז פרש אפרסק 2 לי,ליטרים,2.00,ליטר,false,,19.90,9.9500,true,1,32021
7290003026234,false,"ד""ר פישר - קמיל בלו תחליב לתינוק 500 מ""ל","פישר תעשיות פרמצביטות בע""מ",,קמיל בלו תחליב לתינו,גרמים,500.00,100 גרם,false,,32.90,6.5800,true,1,31295
7290003029181,false,משקה יטבתה שוקו' בקבוק 1ל מהדרין,שטראוס גרופ בעמ/מצונן,,יטבתה שוקו בקבוק 1ל,ליטרים,1.00,ליטר,false,,12.50,12.5000,true,1,24790
7290003029372,false,יטבתה משקה בטעם בננה %3 בקבוק 1 ליטר,שטראוס גרופ בעמ/מצונן,,יטבתה משקה חלב בננה,ליטרים,1.00,ליטר,false,,12.50,12.5000,true,1,24793
7290003029389,false,"משקה חלב בננה פקק ספורט 250 מ""ל יוטבתה",שטראוס גרופ בעמ/מצונן,,יטבתה משקה חלב בננה+,מיליליטרים,250.00,"100 מ""ל",false,,5.90,2.3600,true,1,24794
7290003029433,false,"משקה יטבתה שוקו פקק 250 מ""ל מהדרין",שטראוס גרופ בעמ/מצונן,,יטבתה שוקו +פקק 250,מיליליטרים,250.00,"100 מ""ל",false,,5.90,2.3600,true,1,24795
7290003029532,false,מוקה בבקבוק יטבתה 1 ליטר מהדרין,שטראוס גרופ בעמ/מצונן,,יטבתה מוקה 1ל,ליטרים,1.00,ליטר,false,,12.50,12.5000,true,1,24797
7290003029792,false,"משקה יטבתה שוקו שקיות מהדרין מארז 225X8מ""ל",שטראוס גרופ בעמ/מצונן,,יטבתה מהדרין שוקו שק,ליטרים,1.80,ליטר,false,,20.90,11.6111,true,1,24799
7290003029907,false,משקה חלב אייס קפה 2% יטבתה (1 ליטר,שטראוס גרופ בעמ/מצונן,,יטבתה אייס קפה 1ל,ליטרים,1.00,ליטר,false,,12.50,12.5000,true,1,24802
7290003054657,false,חרדל ריין דיז'ון אקסטרה פורטה 370 גרם,דיפלומט מפיצים (1968) בעמ**,,חרדל דיג'ון אקסטרא פ,גרמים,370.00,100 גרם,false,,13.10,3.5405,true,1,29212
7290003072859,false,רוסטביף טירת צבי 120 גרם,הנסיך- מפעל לייצור ט,,רוסטביף טירת צבי 120,גרמים,120.00,100 גרם,false,,22.90,19.0833,true,1,211801
7290003107216,false,קמח לבן בהיר 1 קג דגן מוביל,טחנות קמח דגן (2006) בעמ,,"קמח לבן דגן 1 ק""ג",קילוגרמים,1.00,"ק""ג",false,,6.90,6.9000,true,1,10006
7290003107223,false,טחנת קמח דגן סולת 1קג,טחנות קמח דגן (2006) בעמ,,"סולת חיטה דגן 1 ק""ג",קילוגרמים,1.00,"ק""ג",false,,6.90,6.9000,true,1,10007
7290003107247,false,שמרים יבשים אינסטנט33גרם,אבאל יזמות בעמ,,שטיבל שמרים יבשים 33,גרמים,33.00,100 גרם,false,,5.90,17.8788,true,1,10009
7290003107315,false,סולת בשקית טחנת קמח דגן (1 קג),טחנות קמח דגן (2006) בעמ,,"סולת דגן 1 ק""ג",קילוגרמים,1.00,"ק""ג",false,,4.90,4.9000,true,1,10010
7290003107346,false,קמח חיטה לבן בדץ טחנת קמח דגן (1 קג),טחנות קמח דגן (2006) בעמ,,קמח חיטה לבן דגן 1 ק,קילוגרמים,1.00,"ק""ג",false,,4.90,4.9000,true,1,10012
7290003126712,false,יוגורט עיזים מחלב מלא 3.7% משק צוריאל 150 גרם,*החברה המרכזית להפצת משקאותבעמ,,צוריאל יוגורט עיזים,מיליליטרים,150.00,"100 מ""ל",false,,6.90,4.6000,true,1,7151
7290003126958,false,טופו גבינה גוש בואקום צוריאל 300 ג',*החברה המרכזית להפצת משקאותבעמ,,צוריאל גבינה גוש טופ,גרמים,300.00,100 גרם,false,,13.90,4.6333,true,1,7152
7290003141159,false,יוגטה מרשמלו ממתק מוקצף בטעמי תות שדה ווניל 180 גרם,ליימן שליסל בעמ,,יוגטה מרשמלו 180 גר',גרמים,180.00,100 גרם,false,,8.90,4.9444,true,1,13871
7290003143146,false,ממרח תמרים קליית גת (450 גרם),הדקלאים אגודת שיתופי,,ממרח תמרים 450 גרם,גרמים,450.00,100 גרם,false,,6.90,1.5333,true,1,13889
7290003143276,false,יוגטה מרשמלו ממתק מוקצף בטעם תות שדה 180 גרם,ליימן שליסל בעמ,,יוגטה מרשמלו מגולגל,גרמים,180.00,100 גרם,false,,8.90,4.9444,true,1,13896
7290003145751,false,אגוזי קשיו קלויים קליית גת (200 גרם),הדקלאים אגודת שיתופי,,קשיו קלוי 200 גרם,גרמים,200.00,100 גרם,false,,21.90,10.9500,true,1,13948
7290003145782,false,צנובר רכיבים טבעיים קליית גת 100 גרם,הדקלאים אגודת שיתופי,,צנובר טבעי 100 גרם,גרמים,100.00,100 גרם,false,,27.90,27.9000,true,1,13950
7290003185726,false,קבב מזרחי טיבון ויל 500 גרם,טיבון ויל אחזקות בעמ,,קבב מזרחי 500 גרם,גרמים,500.00,100 גרם,false,,23.90,4.7800,true,1,18467
7290003217014,false,פיתות תנעמי בטעם ביתי דגנית עין בר) (5,דגנית עין בר תעשיות מזון ואפיה,,5 פיתות מזרחיות תנעמ,גרמים,500.00,100 גרם,false,,7.90,1.5800,true,1,5104
7290003217052,false,פיתות כפריות קלות 5 יח`דגנית,דגנית עין בר תעשיות מזון ואפיה,,5 פיתות כפריות קלות,גרמים,500.00,100 גרם,false,,10.90,2.1800,true,1,66514
7290003220533,false,"רוטב צ'ילי מתוק ווק 700 מ""ל",תאי פרידה אינדסטרי ב,,רוטב צ'ילי מתוק 700,מיליליטרים,700.00,"100 מ""ל",false,,11.90,1.7000,true,1,48413
7290003220588,false,"רוטה צ'ילי מתוק ללא סוכר 700 מ""ל WOK",תאי פרידה אינדסטרי ב,,ווק רוטב צ'ילי מתוק,מיליליטרים,700.00,"100 מ""ל",false,,19.10,2.7286,true,1,371870
7290003220977,false,מעדני המלך ביסקוויט חצי ירח מצופה 175 גר,רזיט שיווק בעמ,,מעדני מלך ירח חצי מצ,גרמים,175.00,100 גרם,false,,7.90,4.5143,true,1,294784
7290003229109,false,פסטרמה הודו בפפריקה טירת צבי (400 גרם),תנובה מרכז שיתופי לשיווק תוצרת,,א.מ .פסטרמה בפפריקה,גרמים,400.00,100 גרם,false,,30.90,7.7250,true,1,26764
7290003229116,false,פסטרמה הודו בדבש שומן טירת צבי 400 גרם,תנובה מרכז שיתופי לשיווק תוצרת,,א.מ פסטרמה בדבש 400,גרמים,400.00,100 גרם,false,,30.90,7.7250,true,1,26765
7290003229147,false,נקניק סלמי איטלקי מעושן טירת צבי 300 גרם,תנובה מרכז שיתופי לשיווק תוצרת,,סלמי בסגנון איטלקי 3,גרמים,300.00,100 גרם,false,,33.90,11.3000,true,1,26767
7290003229154,false,נקניק סלמי קוניאק טירת צבי 300 גרם,תנובה מרכז שיתופי לשיווק תוצרת,,א.מ. סלמי קוניאק מוב,גרמים,300.00,100 גרם,false,,28.90,9.6333,true,1,26768
7290003229192,false,נקניק כתף בקר מעושן 2% טירת צבי 400 גרם,תנובה מרכז שיתופי לשיווק תוצרת,,א.מ. כתף בקר מעושן 4,גרמים,400.00,100 גרם,false,,33.00,8.2500,true,1,26770
7290003251308,false,"אציטון משובח 100 מ""",שוורץ,,"אציטון משובח 100 מ""",מיליליטרים,100.00,"100 מ""ל",false,,4.90,4.9000,true,1,23242
7290003268252,false,לחם חיטה מלא לילדים 750 ג' דגנית עין בר,דגנית עין בר תעשיות מזון ואפיה,,לחם חיטה מלא ללא גרע,גרמים,750.00,100 גרם,false,,14.90,1.9867,true,1,5109
7290003268429,false,לחם ירוק מקמח מלא דגנית עין בר (750 גרם),דגנית עין בר תעשיות מזון ואפיה,,לחם מקמח מלא דגנית 7,גרמים,750.00,100 גרם,false,,15.90,2.1200,true,1,5110
7290003318100,false,וופל בטעם שוקולד מנעמים 200 ג',ח.כהן סוכנות מזון ומשקאות,,ופל שוקו מנעמים 200,גרמים,200.00,100 גרם,false,,4.90,2.4500,true,1,26087
7290003318131,false,ופל קלאסיק אגוז 200 גרם מנעמים,ח.כהן סוכנות מזון ומשקאות,,ופל אגוז מנעמים 200,גרמים,200.00,100 גרם,false,,4.90,2.4500,true,1,119340
7290003318155,false,וופל טעם לימון מנעמים 200 ג',ח.כהן סוכנות מזון ומשקאות בע,,ופל לימון מנעמים 200,גרמים,250.00,100 גרם,false,,4.90,1.9600,true,1,26089
7290003321155,false,יוגורט בר עם פקאן מצופה שוקולד 183 ג' דנונה,שטראוס גרופ בעמ/מצונן,,דנונה קראנצ' ששבי פק,מיליליטרים,183.00,"100 מ""ל",false,,4.90,2.6776,true,1,24803
7290003332045,false,קפה שחור בלי הל נח`לה אדום (250 גרם),סובחי נחלה ובניו בעמ,,קפה נחלה סובחי 250 ג,גרמים,250.00,100 גרם,false,,15.50,6.2000,true,1,37089
7290003411696,false,מרקיות פלסטיק חד פעמיות 25 יח`,הנמל אריזות ושיווק (1984) בעמ,,מרקיות חד פעמי 25 יח,יחידה,0.00,יחידה,false,,10.90,0.0000,true,1,8414
7290003411993,false,גפרורים הנמל 10 יחידות,הנמל אריזות ושיווק (1984) בעמ,,גפרורים 10 יחידות,יחידה,0.00,יחידה,false,,3.90,0.0000,true,1,8425
7290003438020,false,אוליביה ממרח עגבניות מיובשות (190 גרם),תה ויסוצקי (ישראל) בעמ,,אוליביה ממרח עגבניות,גרמים,190.00,100 גרם,false,,14.50,7.6316,true,1,4008
7290003438853,false,אוליביה ממרח אריסה חריפה 185 גר ',תה ויסוצקי (ישראל) בעמ,,אוליביה ממרח אריסה ח,גרמים,185.00,100 גרם,false,,14.50,7.8378,true,1,4020
7290003438990,false,עיטורי עגבניות מיובשות וזיתים אוליביה 280 ג',תה ויסוצקי (ישראל) בעמ,,עיטורי עגבניות מיובש,גרמים,220.00,100 גרם,false,,20.00,9.0909,true,1,4023
7290003450602,false,חרדל אמיתי צהוב בקבוק לחיץ 255 גר,היינץ צפון אמריקה מקבוצת ה.י.היינץ,,חרדל אמיתי צהוב בקבו,גרמים,255.00,100 גרם,false,,11.90,4.6667,true,1,29216
7290003514007,false,מנה שקדי מרק מנה 400 גרם,ש.שסטוביץ בעמ,,שקדי מרק מנה 400 גרם,גרמים,400.00,100 גרם,false,,8.90,2.2250,true,1,68441
7290003525898,false,שלישיית סלט טונה ויליגר 160 גרם,נטו מילנדה סחר בעמ*,,סלט טונה ויליגר שליש,גרמים,480.00,100 גרם,false,,17.90,3.7292,true,1,18484
7290003527380,false,דובדבן ללא חרצן בצנצנת ויליגר 680 גרם,נטו מילנדה סחר בעמ*,,דובדבן ללא חרצן וילי,גרמים,680.00,100 גרם,false,,9.90,1.4559,true,1,18495
7290003550753,false,נתחי טונה בהירה בשמן פוסידון (108x4 גרם),"מיוצר עי וליגר בעמ,",,טונה בהירה בשמן פוסי,גרמים,308.00,100 גרם,false,,22.90,7.4351,true,1,18500
7290003578313,false,דובדבנים ללא חרצנים ויליפוד 680 גרם,ג. וילי-פוד אינטרנשיונל בע`מ,,דובדבנים חמוצים ללא,גרמים,350.00,100 גרם,false,,10.90,3.1143,true,1,3551
7290003598311,false,דק דק אנטריקוט 300 גר`קפוא פרוס מינוט,"בלדי בע""\מ",,מינוט סטייק 300 גר'/,גרמים,300.00,100 גרם,false,,35.90,11.9667,true,1,111263
7290003643004,false,אורז בסמטי קלאסי סוגת (1 קג),האי נאם סי או אל.טי.,,"סוגת אורז בסמטי 1 ק""",קילוגרמים,1.00,"ק""ג",false,,14.90,14.9000,true,1,19403
7290003643134,false,סוכר וניל סוגת 100 גרם מארז 10 יחידות,גוד פוד פרודקטס S.p,,סוגת סוכר וניל 10 יח,גרמים,100.00,100 גרם,false,,2.90,2.9000,true,1,19405
7290003643172,false,סוגת אבקת סוכר 100 גרם,א.ל ייצור ושיווק תבל,,סוגת אבקת סוכר 100 ג,גרמים,100.00,100 גרם,false,,2.90,2.9000,true,1,19409
7290003643325,false,קוסקוס בינוני סוגת (350 גרם),"אסיף תעשיות מזון בע""\מ",,קוסקוס בינוני סוגת 3,גרמים,350.00,100 גרם,false,,5.90,1.6857,true,1,19412
7290003643387,false,"סוכר אריזת פלסטיק 1 ק""ג סוגת",האי נאם סי או אל.טי.,,סוכר לבן בצנצנת סוגת,קילוגרמים,1.00,"ק""ג",false,,9.90,9.9000,true,1,19414
7290003643646,false,"סוכר דמררה קלאסי בצנצנת סוגת 1 ק""ג",האי נאם סי או אל.טי.,,סוכר דמררה בצנצנת חו,קילוגרמים,1.00,"ק""ג",false,,14.50,14.5000,true,1,19415
7290003643684,false,אפונה יבשה סוגת 500 גר',האי נאם סי או אל.טי.,,אפונה יבשה 500 גרם,גרמים,500.00,100 גרם,false,,7.90,1.5800,true,1,19416
7290003643707,false,גריסים סוגת (500 גרם),"סוגת תעשיות בע""מ",,סוגת גריסים 500גר,גרמים,500.00,100 גרם,false,,5.90,1.1800,true,1,19417
7290003643714,false,חומוס גרגירים 500 גרם סוגת,האי נאם סי או אל.טי.,,חומוס 500 גרם,גרמים,500.00,100 גרם,false,,8.90,1.7800,true,1,19418
7290003643738,false,חיטה סוגת (500 גרם),האי נאם סי או אל.טי.,,סוגת חיטה 500 גר,גרמים,500.00,100 גרם,false,,5.90,1.1800,true,1,19419
7290003643745,false,כוסמת סוגת (500 גרם),האי נאם סי או אל.טי.,,כוסמת 500 גרם,גרמים,500.00,100 גרם,false,,7.90,1.5800,true,1,19420
7290003643752,false,עדשים ירוקים יבש סוגת 500 גר',האי נאם סי או אל.טי.,,עדשים ירוקות 500 גרם,גרמים,500.00,100 גרם,false,,9.90,1.9800,true,1,19421
7290003643769,false,עדשים אדומים יבש סוגת 500 גר',"סוגת תעשיות בע""\מ",,עדשים אדומות 500 גרם,גרמים,500.00,100 גרם,false,,9.90,1.9800,true,1,19422
7290003643806,false,שעועית לבנה יבשה סוגת (500 גרם),האי נאם סי או אל.טי.,,שעועית לבנה 500 גרם,גרמים,500.00,100 גרם,false,,11.90,2.3800,true,1,19425
7290003643813,false,שעועית אדומה יבשה סוגת 500 גר',האי נאם סי או אל.טי.,,שעועית אדומה 500 גרם,גרמים,500.00,100 גרם,false,,11.90,2.3800,true,1,19426
7290003681303,false,שעועית מעורבת יבשה מיה 500 גר',מיה תעשיות מזון מ.ת.מ. בעמ,,שעועית מעורבת 500 גר,גרמים,500.00,100 גרם,false,,13.50,2.7000,true,1,52478
7290003681334,false,"קוקוס 400 גרם מיה בד""צ",מיה תעשיות מזון מ.ת.מ. בעמ,,קוקוס 400 גר. בדצ,גרמים,400.00,100 גרם,false,,13.90,3.4750,true,1,52479
7290003681365,false,קישוט לעוגה צבעוני בבצנצנת מיה 80 גרם,מיה תעשיות מזון מ.ת.מ. בעמ,,70 סוכריות קישוט לעו,גרמים,70.00,100 גרם,false,,5.90,8.4286,true,1,52481
7290003681693,false,חומוס לבן ענק יבש מיה 500 גר',מיה תעשיות מזון מ.ת.מ. בעמ,,חומוס לבן ענק מיה 50,גרמים,500.00,100 גרם,false,,11.90,2.3800,true,1,52486
7290003681716,false,גריסי פנינה מיה (500 גרם),מיה תעשיות מזון מ.ת.מ. בעמ,,גריסי פנינה 500 גרם,גרמים,500.00,100 גרם,false,,6.40,1.2800,true,1,52488
7290003706167,false,בצל ירוק ארוז,,,בצל ירוק ארוז,יח',1.00,יח',false,,5.90,5.9000,true,1,77839
7290003706440,false,בייבי מיקס נספק,,,בייבי מיקס נספק,יח',1.00,יח',false,,9.90,9.9000,true,1,55611
7290003718627,false,"פול ירוק 400 ג' בית יוסף כשל""פ",בלדי בעמ,,פול ירוק בלדי 400 גר,גרמים,400.00,100 גרם,false,,12.90,3.2250,true,1,471020
7290003726141,false,טופו אמיתי כפרי בריא 300 גרם,מחלבות גד שיווק 1992 בעמ,,טופו משק גאיה 300ג,גרמים,300.00,100 גרם,false,,13.90,4.6333,true,1,15397
7290003726615,false,"טופו ויילר 300 גרם ""שטראוס""",שטראוס גרופ בעמ/מצונן,,טופו ויילר 300 גרם.,גרמים,300.00,100 גרם,false,,12.90,4.3000,true,1,141970
7290003804382,false,תיבוליות פטריות קנור (8 יח`- 72 גרם),יוניליוור ישראל שיווק בע`מ,,תיבולית פטריות קנור,גרמים,72.00,100 גרם,false,,10.90,15.1389,true,1,11363
7290003805501,false,"פתית בסגנון שוודי תלמה בד""צ 300 גרם",יוניליוור ישראל שיווק בע`מ,,פתית שוודי חסכוני בד,גרמים,300.00,100 גרם,false,,18.90,6.3000,true,1,11381
7290003882922,false,עלי גפן ממולאים באורז וילי פוד 360 גרם,ג. וילי-פוד אינטרנשיונל בע`מ,,עלי גפן ממולאים באור,גרמים,360.00,100 גרם,false,,9.90,2.7500,true,1,3568
7290003896141,false,חטיף ספרדי פיקנטי אלמנדוס 200 גרם,הדקלאים אגודת שיתופי,,אלמנדוס 200 גרם,גרמים,200.00,100 גרם,false,,12.90,6.4500,true,1,117717
7290003976607,false,אקונומיקה סמיכה לבנדר 4 ליטר עם פקק ביטח,סאסאטק אגשח בעמ,,ג'ל אקונומיקה סמיכה,ליטרים,4.00,ליטר,false,,13.90,3.4750,true,1,248389
7290003976614,false,אקונומיקה סמיכה פרחים 4 ליטר עם פקק ביטח,סאסאטק אגשח בעמ,,ג'ל אקונומיקה סמיכה,ליטרים,4.00,ליטר,false,,13.90,3.4750,true,1,248390
7290003976669,false,מארז מגבונים לחיטוי משטחים טאצ',,,מארז מגבונים לחיטוי,יחידה,0.00,יחידה,false,,19.90,0.0000,true,1,221862
7290003989096,false,סלט חצילים פיקנטי אחלה 500 גרם,שטראוס גרופ בעמ/מצונן,,אחלה חציל פיקנטי 500,גרמים,500.00,100 גרם,false,,15.90,3.1800,true,1,24805
7290003989539,false,רביולי עם גבינה שטראוס (400 גרם),שטראוס גרופ בעמ/מצונן,,EAT GOOD רביולי גבינ,גרמים,400.00,100 גרם,false,,21.70,5.4250,true,1,24806
7290003989553,false,פסטה טורטליני גבינה ופטריות 400 גרם,שטראוס גרופ בעמ/מצונן,,שטראוס טורטליני פטרי,גרמים,400.00,100 גרם,false,,21.70,5.4250,true,1,68628
7290004011284,false,בסיס להכנת קצפת צמחי ריץ` (212 מל),ריצ' פרודקטס קורפריי,,ריצ בסיס להכנת קצפת,מיליליטרים,212.00,"100 מ""ל",false,,9.30,4.3868,true,1,18508
7290004011338,false,קצפת מתוקה מוכנה ספריי ריץ` (250 מל),נטו מלינדה סחר בע`מ,,ריצ קצפת במיכל 250מל,מיליליטרים,250.00,"100 מ""ל",false,,12.90,5.1600,true,1,18510
7290004011345,false,"ספריי קצפת מתוקה מוכנה פרווה ריץ' 238 מ""ל",האי נאם סי או אל.טי.,,קצפת ריץ במיכל פרווה,מיליליטרים,238.00,"100 מ""ל",false,,12.90,5.4202,true,1,18511
7290004030018,false,"פריניב מיץ לימון סחוט פרי לתיבול 500 מ""ל",הנסיך- מפעל לייצור ט,,מיץ לימון סחוט פרי פ,מיליליטרים,500.00,"100 מ""ל",false,,7.90,1.5800,true,1,42649
7290004030100,false,מיץ תפוזים ולנסיה סחוט 100% 1 ליטר,תנובה - פריניב,,מיץ תפוזים סחוט וולנ,ליטרים,1.00,ליטר,false,,16.80,16.8000,true,1,208816
7290004048679,false,קובה למרק שלושת האופים(כ 18 יח`- 1 קג),נטו מלינדה סחר בעמ,,קובה למרק 1 קג שלושת,קילוגרמים,1.00,"ק""ג",false,,17.90,17.9000,true,1,118053
7290004063016,false,מלח שולחן מעולה סלית (1 קג)פיקוח,האי נאם סי או אל.טי.,,"מלח שולחן סלית 1 ק""ג",קילוגרמים,1.00,"ק""ג",false,,2.07,2.0700,true,1,16299
7290004063115,false,"מלח מטבח עבה להמלחת בשר ובישול 1 ק""ג 1ק""ג",האי נאם סי או אל.טי.,,מלח מטבח גס לבישול כ,קילוגרמים,1.00,"ק""ג",false,,2.07,2.0700,true,1,16300
7290004064358,false,"מלח דק זורם בקלות מלח הארץ קרטון 1 ק""ג","חברת מלח הארץ אילת בע""\מ",,מלח דק זורם בקלות בק,קילוגרמים,1.00,"ק""ג",false,,5.50,5.5000,true,1,205173
7290004064389,false,מלח הימלאיה דק 250ג מלחיה סוגת*,"חברת מלח הארץ אילת בע""\מ",,מלח הימלאיה דק מלחיי,גרמים,250.00,100 גרם,false,,11.90,4.7600,true,1,282598
7290004068011,false,יוגורט כבשים בדלי 5% שומן 600 ג' גד,מחלבות גד שיווק 1992 בעמ,,גד יוגורט כבשים 5% 6,מיליליטרים,600.00,"100 מ""ל",false,,18.90,3.1500,true,1,15398
7290004068028,false,"יוגורט צזיקי לשתיה 3.5% 500 מ""ל רובין",מחלבות גד שיווק 1992 בעמ,,גד משקה צזיקי 2% 500,מיליליטרים,500.00,"100 מ""ל",false,,10.50,2.1000,true,1,15399
7290004068035,false,"איירן יוגורט לשתייה 3% גד 500 מ""ל",מחלבות גד שיווק 1992 בעמ,,גד משקה איירן בסגנון,גרמים,500.00,100 גרם,false,,9.20,1.8400,true,1,15400
7290004068172,false,"יוגורט עיזים בדלי 5% 600 מ""ל רובין",מחלבות גד שיווק 1992 בעמ,,גד יוגורט עיזים 5% 6,מיליליטרים,600.00,"100 מ""ל",false,,18.30,3.0500,true,1,15401
7290004078270,false,נוזל לניקוי כלים בריח לימון פלמוליב 1 ליטר,יבואן ומשווק: ש. שסט,,פלמוליב לכלים לימון-,יחידה,0.00,יחידה,false,,14.90,0.0000,true,1,23498
7290004102326,false,תרד בקופסא יחידה,Unknown,,תרד לא שטוף,גרמים,180.00,100 גרם,false,,11.90,6.6111,true,1,55691
7290004119225,false,יוגורט יופלה אננס 3% שומן 150 גרם,תנובה מרכז שיתופי לש,,יופלה אננס 3% 150מל,גרמים,150.00,100 גרם,false,,5.50,3.6667,true,1,27420
7290004119928,false,מעדן חלב בטעם וניל 2% קרלו תנובה 125 גרם,מחלבת אלון תבור,,קרלו וניל 3% 125מל,מיליליטרים,125.00,"100 מ""ל",false,,3.50,2.8000,true,1,27425
7290004119973,false,קרלו מעדן שוקו רביעיה גביע 1.5% 125 גרם,תנובה מרכז שיתופי לש,,קרלו שוקולדה 3% 125מ,מיליליטרים,125.00,"100 מ""ל",false,,3.50,2.8000,true,1,27426
7290004120061,false,מעדן חלב בטעם שוקו וניל שוניל 2% קרלו 125 גרם,תנובה מרכז שיתופי לש,,קרלו שוניל 3% 125מל,מיליליטרים,125.00,"100 מ""ל",false,,3.50,2.8000,true,1,27427
7290004120108,false,יוגורט יופלה דיאט דובדבן 0% שומן 150גרם,תנובה מרכז שיתופי לש,,יופלה דיאט דובדבן 0%,מיליליטרים,150.00,"100 מ""ל",false,,5.50,3.6667,true,1,27430
7290004120566,false,גבינה בולגרית (25024% גרם)פיראוס תנובה,"תנובה בע""מ ***",,פיראוס בולגרית 24% 2,גרמים,250.00,100 גרם,false,,25.50,10.2000,true,1,27448
7290004120573,false,גבינה בולגרית (25016% גרם)פיראוס תנובה,תנובה מרכז שיתופי לש,,פיראוס בולגרית בקר 1,גרמים,250.00,100 גרם,false,,25.50,10.2000,true,1,27449
7290004120634,false,גבינה בולגרית (2505% גרם)פיראוס תנובה,תנובה מרכז שיתופי לש,,פיראוס בולגרית 5% 25,גרמים,250.00,100 גרם,false,,25.50,10.2000,true,1,27450
7290004121488,false,יוגורט ביו דיאט 0% אפרסק יופלה (150 גרם),תנובה מרכז שיתופי לש,,יופלה דיאט אפרסק 0%,מיליליטרים,150.00,"100 מ""ל",false,,5.50,3.6667,true,1,27457
7290004121525,false,יופלה מאגדת פרי 4 תות 4 אפרסק 3% 8 יח'*150 ג',תנובה מרכז שיתופי לש,,יופלה אפרסק תות 3% 8,קילוגרמים,1.20,"ק""ג",false,,33.30,27.7500,true,1,27458
7290004121754,false,יוגורט ביו עוגת גבינה ותות 3% יופלה 150 גרם,תנובה בעמ ***,,יופלה קרם גבינה ותות,גרמים,150.00,100 גרם,false,,5.50,3.6667,true,1,27461
7290004121839,false,גבינת פטה כבשים (25020% גרם)פיראוס בול,תנובה מרכז שיתופי לש,,פיראוס פטה כבשים 20%,גרמים,250.00,100 גרם,false,,31.00,12.4000,true,1,27463
7290004121853,false,גבינה בולגרית קוביות (2005% גרם)פיראוס,תנובה מרכז שיתופי לש,,פיראוס בולגרית בקובי,גרמים,200.00,100 גרם,false,,22.90,11.4500,true,1,27464
7290004122119,false,פתיתי פרמזן לפסטה 23% השף הלבן 100 גרם,"תנובה בע""מ ***",,שף לבן פתיתי פרמזן ל,גרמים,100.00,100 גרם,false,,13.90,13.9000,true,1,27468
7290004122195,false,גוש חלב גבינה צהובה פרוסה 28% תנובה 200 גרם,"תנובה בע""מ ***",,גוש חלב פרוס 28% 200,גרמים,200.00,100 גרם,false,,14.60,7.3000,true,1,27469
7290004122270,false,עמק קלאסית פרוסות גבינה חצי קשה 28% 200 גרם,תנובה מרכז שיתופי לש,,עמק פרוס סגירה חוזרת,גרמים,200.00,100 גרם,false,,16.40,8.2000,true,1,27470
7290004122348,false,גבינה צהובה מופחתת שומן 9% עמק (200 גרם),תנובה מרכז שיתופי לש,,עמק לייט 9% 200ג,גרמים,200.00,100 גרם,false,,16.80,8.4000,true,1,27472
7290004122676,false,גבינה חמד לייט (2505% גרם)פיראוס תנובה,תנובה מרכז שיתופי לש,,פיראוס חמד לייט 5% 2,גרמים,250.00,100 גרם,false,,19.90,7.9600,true,1,27476
7290004122683,false,עמק חטיף אצבעות גבינה חצי קשה 28% שומן,תנובה מרכז שיתופי לש,,עמק אצבעות 172ג,גרמים,172.00,100 גרם,false,,17.10,9.9419,true,1,27477
7290004124205,false,יופלה דיאט יוגורט תות %0 גביע 150 גרם,תנובה מרכז שיתופי לש,,יופלה דיאט תות 0% 15,מיליליטרים,150.00,"100 מ""ל",false,,5.50,3.6667,true,1,27492
7290004124847,false,"קצפת צמחית השף הלבן 500 מ""ל תנובה",תנובה מרכז שיתופי לש,,שף לבן קצפת צמחית 24,מיליליטרים,500.00,"100 מ""ל",false,,17.90,3.5800,true,1,27499
7290004125400,false,"אשל שלי מהדרין 200 מ""ל 4.5% ""תנובה""- מוצר בפיקוח",פארייפאבה אגרואינדוס,,"אשל 4.5% בד""צ מהדרין",מיליליטרים,200.00,"100 מ""ל",false,,1.69,0.8450,true,1,27504
7290004125417,false,"גיל 3% שלי 200 מ""ל ""תנובה"" -מוצר בפיקוח",תנובה מרכז שיתופי לש,,"גיל 3% בד""צ מהדרין",מיליליטרים,200.00,"100 מ""ל",false,,1.51,0.7550,true,1,27505
7290004125455,false,"שמנת חמוצה 200 מ""ל 15% ""תנובה"" -מוצר בפיקוח",תנובה מרכז שיתופי לש,,תנובה שמנת אורגינל מ,מיליליטרים,200.00,"100 מ""ל",false,,2.40,1.2000,true,1,27506
7290004125462,false,"שמנת חמוצה 15% תנובה 500 מ""ל מהדרין",תנובה מרכז שיתופי לש,,תנובה שמנת חמוצה 15%,מיליליטרים,500.00,"100 מ""ל",false,,6.00,1.2000,true,1,27507
7290004125509,false,"שמנת חמוצה 15% מועשרת תנובה 100 מ""ל",תנובה מרכז שיתופי לש,,תנובה שמנת חצי מנה 1,מיליליטרים,100.00,"100 מ""ל",false,,1.70,1.7000,true,1,27508
7290004125578,false,משקה סויה מועשר בסידן 1 ל`תנובה,תנובה מרכז שיתופי לש,,משקה סויה תנובה מועש,ליטרים,1.00,ליטר,false,,11.90,11.9000,true,1,27509
7290004125585,false,משקה סויה בטעם וניל תנובה 1 ליטר,תנובה מרכז שיתופי לש,,סויה תנובה משקה סויה,ליטרים,1.00,ליטר,false,,11.90,11.9000,true,1,27510
7290004125721,false,"השף הלבן שמנת עמידה לבישול 15% תנובה 250 מ""ל",תנובה מרכז שיתופי לש,,שף לבן שמנת לבישול 1,מיליליטרים,250.00,"100 מ""ל",false,,8.50,3.4000,true,1,27513
7290004125738,false,שמנת מתוקה להקצפה32% 250מל עמיד השף הלבן,תנובה מרכז שיתופי לש,,שף לבן שמנת להקצפה 3,מיליליטרים,250.00,"100 מ""ל",false,,6.90,2.7600,true,1,27514
7290004125776,false,גבינה צהובה קלאסית 28% עמק (400 גרם),"תנובה בע""מ ***",,עמק גבינה קשה פרוסה,גרמים,400.00,100 גרם,false,,30.30,7.5750,true,1,27517
7290004126759,false,דאיט יופלה פירות יער טו יוג פרי 150גר.,"תנובה בע""מ ***",,יופלה דיאט פירות יער,מיליליטרים,150.00,"100 מ""ל",false,,5.50,3.6667,true,1,27526
7290004126872,false,משקאות חלב תנובה שוקו בקבוק 250מל,תנובה - חלב,,משקאות חלב תנובה שוק,מיליליטרים,250.00,"100 מ""ל",false,,5.90,2.3600,true,1,27527
7290004127077,false,קוטג תנובה 3% גביע 250 גרם מהדרין,מיוצר עי קונדיטוריית,,קוטג תנובה 3% 250 ג,גרמים,250.00,100 גרם,false,,5.70,2.2800,true,1,27528
7290004127329,false,קוטג תנובה גביע 250 גרם %5 ו.מהדרין,מיוצר עי קונדיטוריית,,קוטג' 5% תנובה מהדרי,גרמים,250.00,100 גרם,false,,5.70,2.2800,true,1,27530
7290004127336,false,קוטג תנובה גביע 250 גרם %9 ו.מהדרין,מיוצר עי קונדיטוריית,,קוטג' תנובה מהדרין 9,גרמים,250.00,100 גרם,false,,5.70,2.2800,true,1,27531
7290004127800,false,"גבינה לבנה 500 גרם 5% ""תנובה"" -מוצר בפיקוח",מיוצר עי קונדיטוריית,,תנובה גבינה לבנה 5%,גרמים,500.00,100 גרם,false,,9.96,1.9920,true,1,27535
7290004127862,false,"גבינה לבנה 750 גרם 5% ""תנובה"" - מוצר בפיקוח",תנובה מרכז שיתופי לש,,תנובה גבינה למריחה מ,גרמים,750.00,100 גרם,false,,14.90,1.9867,true,1,27537
7290004128333,false,לאבנה על בסיס יוגורט %9 שומן 500 ג' פיראוס,תנובה בעמ ***,,פיראוס לאבנה גביע %9,גרמים,500.00,100 גרם,false,,21.90,4.3800,true,1,27547
7290004128340,false,קרם גבינת שמנת %5 בטעם טבעי 200 ג' תנובה,תנובה בעמ ***,,תנובה קרם גבינת שמנת,גרמים,200.00,100 גרם,false,,12.50,6.2500,true,1,27548
7290004129101,false,גבינת שמנת 25% בטעם טבעי 225 ג' נפוליאון,תנובה מרכז שיתופי לש,,נפוליאון בטעם טבעי 2,גרמים,225.00,100 גרם,false,,15.50,6.8889,true,1,27553
7290004129156,false,גבינת שמנת25% עם שום שמיר 225 ג' נפוליאון,תנובה מרכז שיתופי לש,,נפוליאון שום שמיר 25,גרמים,225.00,100 גרם,false,,15.50,6.8889,true,1,27555
7290004129767,false,"3% 'יופלה לבן מארז שמינייה 1.2 ק""ג",תנובה מרכז שיתופי לש,,יופלה לבן מאגדת 3% 8,קילוגרמים,1.20,"ק""ג",false,,18.50,15.4167,true,1,27559
7290004130794,false,משקה סויה במתיקות מופחתת תנובה (1 ליטר),תנובה מרכז שיתופי לש,,סויה תנובה טבעי במתי,ליטרים,1.00,ליטר,false,,11.90,11.9000,true,1,27566
7290004131074,false,"חלב 1 ליטר 3% קרטון ""תנובה""- מוצר בפיקוח",תנובה מרכז שיתופי לש,,חלב תנובה הומוגני מה,ליטרים,1.00,ליטר,false,,6.23,6.2300,true,1,27573
7290004131432,false,יוגורט יופלה לבן ביו 3% 200 גרם,מיוצר עי קונדיטוריית,,יופלה לבן 3% 200מל,מיליליטרים,200.00,"100 מ""ל",false,,4.50,2.2500,true,1,27580
7290004131456,false,יוגורט ביו 1.5% שומן 200 ג' יופלה,מיוצר עי קונדיטוריית,,יופלה לבן 1.5% 200מל,מיליליטרים,200.00,"100 מ""ל",false,,4.50,2.2500,true,1,27581
7290004131531,false,שוקו 30% פחות תוספת סוכר תנובה (1 ליטר),פארייפאבה אגרואינדוס,,משקה חלב תנובה שוקו,ליטרים,1.00,ליטר,false,,13.50,13.5000,true,1,27585
7290004131814,false,גבינת צפתית מעודנת (2005% גרם)פיראוס ת,פארייפאבה אגרואינדוס,,פיראוס צפתית מעודנת,גרמים,200.00,100 גרם,false,,15.90,7.9500,true,1,27591
7290004132552,false,משקה סויה בטעם טבעי לייט תנובה 1 ליטר,תנובה מרכז שיתופי לש,,סויה תנובה לייט בטעם,ליטרים,1.00,ליטר,false,,11.90,11.9000,true,1,27600
7290004132712,false,חטיף אצבעות גבינת מוצרלה 20% 172 ג' עמק,תנובה מרכז שיתופי לש,,עמק אצבעות מוצרלה 20,גרמים,174.00,100 גרם,false,,17.10,9.8276,true,1,27604
7290004133511,false,יופלה מאגדת לבן 1.5% מעודן 8 יח' * 150 ג',מיוצר עי קונדיטוריית,,יופלה לבן מעודן 1.5%,ליטרים,1.20,ליטר,false,,21.90,18.2500,true,1,27617
7290004135614,false,גבינה בולגרית מעודנת 5% פיראוס 250 גרם,"תנובה בע""מ ***",,פיראוס בולגרית מעודנ,גרמים,250.00,100 גרם,false,,22.60,9.0400,true,1,27651
7290004136598,false,מארז הפסקת אוכל עם קורנפלקס ומשקה חלב עמיד בטעם וניל,פארייפאבה אגרואינדוס,,מארז הפסקת אוכל חלב,גרמים,150.00,100 גרם,false,,9.90,6.6000,true,1,27667
7290004136857,false,מעדן ג`לי בטעם פטל תנובה (125 גרם),תנובה מרכז שיתופי לש,,ג'לי תנובה פטל 125מל,מיליליטרים,125.00,"100 מ""ל",false,,2.90,2.3200,true,1,27669
7290004136864,false,מעדן ג'לי בטעם אננס עם חתיכות תנובה 125 גרם,תנובה בעמ ***,,ג'לי תנובה אננס עם ח,מיליליטרים,125.00,"100 מ""ל",false,,2.90,2.3200,true,1,27670
7290004136871,false,מעדן ג'לי בטעם אפרסק עם חתיכות תנובה 125 גרם,תנובה מרכז שיתופי לש,,ג'לי תנובה אפרסק עם,מיליליטרים,125.00,"100 מ""ל",false,,2.90,2.3200,true,1,27671
7290004137021,false,"שמנת עמידה לבישול מופחת שומן 10% השף הלבן 250 מ""ל",תנובה מרכז שיתופי לש,,שף לבן שמנת לבישול 1,מיליליטרים,250.00,"100 מ""ל",false,,8.50,3.4000,true,1,27673
7290004137311,false,גבינה צהובה מופחתת שומן 9% עמק (400 גרם),"תנובה בע""מ ***",,עמק לייט משפחתית 9%,גרמים,400.00,100 גרם,false,,30.90,7.7250,true,1,27676
7290004200244,false,פרסים רמה 3,שמחה זה אנחנו,,פרסים רמה 3,יחידה,0.00,יחידה,false,,9.50,0.0000,true,1,35111
7290004225285,false,גבינה בסגנון דנאבלו 100 גר,האי נאם סי או אל.טי.,,סגנון דנאבלו 100 גרם,גרמים,100.00,100 גרם,false,,11.90,11.9000,true,1,18526
7290004230333,false,מקלות בורקס פילו תפ`א 600 גר` שגב קפוא,האי נאם סי או אל.טי.,,שגב מקלות בורקס פילו,גרמים,600.00,100 גרם,false,,21.90,3.6500,true,1,118061
7290004230340,false,מקלות בורקס פילו תרד ובצל 600 גר` שגב,האי נאם סי או אל.טי.,,שגב מקלות בורקס פילו,גרמים,600.00,100 גרם,false,,21.90,3.6500,true,1,118062
7290004230357,false,שגב מקלות בורקס פילו גבינה ובטטה 600 גר,האי נאם סי או אל.טי.,,שגב מקלות בורקס פילו,גרמים,600.00,100 גרם,false,,21.90,3.6500,true,1,118063
7290004230364,false,שגב מקלות בורקס פילו גבינה צרפתי 600 גר,נטו מלינדה סחר בע`מ,,שגב מקלות בורקס פילו,גרמים,600.00,100 גרם,false,,21.90,3.6500,true,1,18557
7290004324605,false,גבינה מותכת למריחה בטעם רוקפור 7% מון בלאן 120 ג',נטו מילנדה סחר בעמ*,,מון בלאן רוקפור 7% 1,גרמים,120.00,100 גרם,false,,12.90,10.7500,true,1,18579
7290004492274,false,בייגלה טבעות מלוחות בייגל בייגל 400 גרם,"יוניליוור ישראל שיווק בע""מ",,טבעות מלוחות 400 גר,גרמים,400.00,100 גרם,false,,12.20,3.0500,true,1,67200
7290004537241,false,אפונת גינה שדה בשקית,בסט מייסטר,,אפונת גינה קפואה 800,גרמים,800.00,100 גרם,false,,14.90,1.8625,true,1,105416
7290004537258,false,אפונה וגזר 800 גר שד,,,אפונה וגזר 800 גר שד,גרמים,800.00,100 גרם,false,,14.90,1.8625,true,1,104506
7290004537326,false,לקט ירקות מעורבים קפ,,,לקט ירקות העונה 800,גרמים,800.00,100 גרם,false,,14.90,1.8625,true,1,104517
7290004537357,false,גרעיני תירס 800 גר ש,,,גרעיני תירס 800 גר ש,גרמים,800.00,100 גרם,false,,14.90,1.8625,true,1,104519
7290004584306,false,רבעיית גמדים בטעם תות בננה * 100 ג' שטראוס,שטראוס גרופ בעמ/מצונן,,גמדים תות בננה 4*100,מיליליטרים,400.00,"100 מ""ל",false,,11.90,2.9750,true,1,24808
7290004584351,false,גבינה לבנה סימפוניה עם תוספות 200 ג' חמישית 200,שטראוס גרופ בעמ/מצונן,,סימפוניה חמישית 200ג,גרמים,200.00,100 גרם,false,,12.90,6.4500,true,1,24809
7290004584528,false,יוגורט דנונה ביו לבן 1.7% שומן 200 גרם,שטראוס גרופ בעמ/מצונן,,דנונה יוגורט טבעי 1.,מיליליטרים,200.00,"100 מ""ל",false,,3.90,1.9500,true,1,24810
7290004585907,false,דני ועדן וניל 1.5% 125ג' שטראוס,שטראוס גרופ בעמ/מצונן,,דני וניל מהדרין 130מ,מיליליטרים,130.00,"100 מ""ל",false,,2.90,2.2308,true,1,24811
7290004731076,false,אל סבון נוזלי עם אלוורה כיף 1 ליטר,החברה הדרומית לשיווק בעמ,,אלסבון אלוורה כיף 1,ליטרים,1.00,ליטר,false,,14.90,14.9000,true,1,32045
7290004731083,false,אל סבון נוזלי ג`ינסנג כיף (1 ליטר),החברה הדרומית לשיווק בעמ,,אלסבון ג'נסנג כיף 1,ליטרים,1.00,ליטר,false,,14.90,14.9000,true,1,32046
7290004731472,false,"אל סבון צבעוני כיף שלישיה* 500 מ""ל",החברה הדרומית לשיווק בעמ,,שלישיית אלסבון צבעונ,ליטרים,1.50,ליטר,false,,20.90,13.9333,true,1,32053
7290004731519,false,"מקסימה מרכך ומבשם כביסה למייבש סנסיטיב סנו 750 מ""ל",החברה הדרומית לשיווק בעמ,,סנו מקסימה למייבש סנ,מיליליטרים,750.00,"100 מ""ל",false,,19.90,2.6533,true,1,32054
7290004731564,false,"מקסימה מבשם ומרכך למייבש הכביסה בלו בלוסום 750 מ""ל",החברה הדרומית לשיווק בעמ,,סנו מקסימה מבשם ומרכ,מיליליטרים,750.00,"100 מ""ל",false,,19.90,2.6533,true,1,135602
7290004923006,false,עין גדי מים מינרלים,,,עין גדי מים מינרלים,ליטרים,1.50,ליטר,false,,3.90,2.6000,true,1,79580
7290005008184,false,"סבון נוזלי בניחוח חלב שקדים פלמוליב 500 מ""ל",הנסיך- מפעל לייצור ט,,סבון נוזלי חלב שקדים,מיליליטרים,500.00,"100 מ""ל",false,,17.90,3.5800,true,1,23505
7290005008191,false,"סבון נוזלי ארומה בניחוח לבנדר פטצ'ולי וילנג ילנג פלמוליב 500 מ""ל",הנסיך- מפעל לייצור ט,,סבון נוזלי ארומה סגו,מיליליטרים,500.00,"100 מ""ל",false,,17.90,3.5800,true,1,23506
7290005040993,false,ערמונים קלויים וקלופים 100 גר',אראל תוצרת חקלאית בע,,ערמונים קלויים קלופי,יח',1.00,יח',false,,5.90,5.9000,true,1,55694
7290005084355,false,סנסודין משחת שיניים דואל קר פלואוריד 75,גלקסו סמית קליין,,משחת שיניים דואל קר,מיליליטרים,75.00,"100 מ""ל",false,,22.70,30.2667,true,1,4429
7290005174513,false,חציל על האש במיונז אחלה 400 גרם+225גר,שטראוס גרופ בעמ/מצונן,,חציל במיונז אחלה 500,גרמים,500.00,100 גרם,false,,16.90,3.3800,true,1,24812
7290005174551,false,סלט חומוס עם צנוברים 125 ג' אחלה,שטראוס גרופ בעמ/מצונן,,אחלה חומוס 125ג,גרמים,125.00,100 גרם,false,,5.90,4.7200,true,1,24813
7290005174575,false,טחינה אחלה יום יום משובחת 125ג',שטראוס גרופ בעמ/מצונן,,אחלה טחינה 125גר,גרמים,125.00,100 גרם,false,,5.90,4.7200,true,1,24815
7290005197758,false,"עוגיות חיוכים שוקולד עלית 150 גרם בד""צ",אפיפית נצרת תעשיות ב,,חיוכים של שוקו,גרמים,150.00,100 גרם,false,,6.50,4.3333,true,1,24101
7290005200786,false,תפוצ'יפס בטעם שמנת בצל עלית 50 גרם,"שטראוס פריטו ליי בע""\מ )",,תפוציפס שמנת ובצל 50,גרמים,50.00,100 גרם,false,,4.50,9.0000,true,1,25353
7290005201882,false,קפה טורקי בצלופן עלית 200 גרם,הנסיך- מפעל לייצור ט,,טורקי עלית 200 גר',גרמים,200.00,100 גרם,false,,17.90,8.9500,true,1,24113
7290005287206,false,רביעיית טונה בשמן סטארקיסט 160 גרם,דיפלומט מפיצים (1968) בעמ**,,טונה בשמן סטארקיסט ר,גרמים,640.00,100 גרם,false,,25.90,4.0469,true,1,28445
7290005287213,false,"רביעיית טונה בשמן סטארקיסט 160 גרם בד""צ",דיפלומט מפיצים (1968) בעמ**,,טונה בשמן סטארקיסט ב,גרמים,640.00,100 גרם,false,,25.90,4.0469,true,1,28446
7290005287251,false,רביעיית טונה במים סטארקיסט 160 גרם,דיפלומט מפיצים (1968) בעמ**,,טונה במים סטארקיסט ר,גרמים,640.00,100 גרם,false,,25.90,4.0469,true,1,28448
7290005326387,false,עגבניות מיובשות בשמן זית אוליביה 270 גרם,תה ויסוצקי (ישראל)בעמ,,עגבניות מיובשות בשמן,גרמים,280.00,100 גרם,false,,20.00,7.1429,true,1,4036
7290005326523,false,ממרח פסטו פטרוזיליה ונענע אוליביה 180 גרם,תה ויסוצקי (ישראל) בעמ,,אוליביה ממרח פסטו פט,גרמים,180.00,100 גרם,false,,14.50,8.0556,true,1,4038
7290005326585,false,ממרח אוליביה פסטו בזיליקום 180 ג',"אוליביה גורמה בע""מ",,אוליביה פסטו בזיליקו,גרמים,180.00,100 גרם,false,,12.90,7.1667,true,1,124874
7290005403965,false,פולי סויה 800 גר' שד,,,פולי סויה 800 גר' שד,גרמים,800.00,100 גרם,false,,16.90,2.1125,true,1,112825
7290005403989,false,במיה קפואה 600 גרם ש,,,במיה קפואה 600 גרם ש,גרמים,600.00,100 גרם,false,,12.90,2.1500,true,1,109597
7290005423567,false,מטליות ניקוי רב שימושיות בגליל סנו סושי 40 יחידות,החברה הדרומית לשיווק בעמ,,סנו סושי מטלית לכל 3,יחידה,0.00,יחידה,false,,22.00,0.0000,true,1,32086
7290005423635,false,ריצפז נוזל רצפות דוחה תיקנים סנו 2 ליטר,החברה הדרומית לשיווק בעמ,,נוזל לניקוי רצפות דו,ליטרים,2.00,ליטר,false,,25.90,12.9500,true,1,32087
7290005423734,false,מרכך כביסה מרוכז אולטרא פרש סנו מקסימה 4 ליטר,החברה הדרומית לשיווק בעמ,,מרכך כביסה סנו מקסימ,ליטרים,4.00,ליטר,false,,23.90,5.9750,true,1,32088
7290005423833,false,פוליוויקס נוזל לניקוי פרקט סנו (2 ליטר).,החברה הדרומית לשיווק בעמ,,סנו פוליויקס פרקט 2,ליטרים,2.00,ליטר,false,,24.90,12.4500,true,1,32089
7290005424403,false,"אל סבון כיף אצות ים קטיפתי 1ליטר,",החברה הדרומית לשיווק בעמ,,אל סבון אצות ים כיף,ליטרים,1.00,ליטר,false,,14.90,14.9000,true,1,32097
7290005424700,false,סנו - פורטה פלוס מרסס מסיר שומנים 1 ליטר,החברה הדרומית לשיווק בעמ,,פורטה פלוס - קצף ברי,מיליליטרים,1.00,"100 מ""ל",false,,19.90,1990.0000,true,1,125252
7290005424762,false,ריצפז פלוס ווקס נוזל להברקת רצפות דוחה תיקנים סנו 2 ליטר,החברה הדרומית לשיווק בעמ,,ריצפז פלוס ווקס דוחה,ליטרים,2.00,ליטר,false,,30.90,15.4500,true,1,32102
7290005424847,false,"מפיות נייר 30*30 ס""מ סנו סושי 150 יחידות",החברה הדרומית לשיווק בעמ,,סנו סופט מפיות 30*30,יחידה,0.00,יחידה,false,,8.90,0.0000,true,1,32106
7290005425196,false,"מקסימה אבקת כביסה סנסיטיב סנו 2.5 ק""ג",החברה הדרומית לשיווק בעמ,,אבקת כביסה סנו מקסימ,קילוגרמים,2.50,"ק""ג",false,,28.90,11.5600,true,1,32113
7290005425202,false,אבקת כביסה ביו מקסימה לכתמים קשים,החברה הדרומית לשיווק בעמ,,אבקת כביסה סנו מקסימ,קילוגרמים,2.50,"ק""ג",false,,28.90,11.5600,true,1,32114
7290005425646,false,קליר נוזל לניקוי חלונות רב תכליתי סנו 1 ליטר,החברה הדרומית לשיווק בעמ,,סנוקליר נוזל רב תכלי,יחידה,0.00,יחידה,false,,12.90,0.0000,true,1,32121
7290005425714,false,"שמפו שטיחים סנו פלוס 600 מ""ל","סנו מפעלי ברונוס בע""\מ",,סנו שמפו שטיחים פלוס,מיליליטרים,600.00,"100 מ""ל",false,,30.90,5.1500,true,1,32122
7290005426940,false,"סנו K-300 מדביר חרקים 475 מ""ל",טרופיקל דגיל תעשיות,,סנו 300 K פלוס 8,מיליליטרים,400.00,"100 מ""ל",false,,21.90,5.4750,true,1,32146
7290005426964,false,סנובון סבון לאסלה בניחוח אפרסק סנו 3 יחידות,החברה הדרומית לשיווק בעמ,,סנובון כחול שלישיה ב,גרמים,165.00,100 גרם,false,,18.90,11.4545,true,1,32147
7290005426971,false,סנובון סבון לאסלה תפוח כחול סנו 3 יחידות,החברה הדרומית לשיווק בעמ,,סנובון כחול שלישיה ב,גרמים,165.00,100 גרם,false,,18.90,11.4545,true,1,32148
7290005430602,false,"סנו אוקסיג'ן ספריי להסרת כתמים עם חמצן פעיל 750 מ""ל",החברה הדרומית לשיווק בעמ,,סנו אוקסיג'ן מסיר כת,מיליליטרים,750.00,"100 מ""ל",false,,20.90,2.7867,true,1,32194
7290005431883,false,מלבי חלבי עדן קינוחים 165 גרם,עדן קינוחים Eden,,עדן מלבי חלבי 165 גר,גרמים,165.00,100 גרם,false,,7.90,4.7879,true,1,199158
7290005431913,false,עוגת גבינה פירורים עדן קינוחים 92 גרם,עדן קינוחים Eden,,קינוחי עדן עוגת גבינ,גרמים,92.00,100 גרם,false,,7.90,8.5870,true,1,199161
7290005559907,false,פיצה משפחתית 100% גבינה מעדנות 500 גרם,תנובה מרכז שיתופי לשיווק תוצרת,,פיצה משפחתית גבינה 5,גרמים,500.00,100 גרם,false,,24.90,4.9800,true,1,38997
7290005559914,false,פיצה משפחתית עם 100% גבינה בתוספת זיתים מעדנות 550 גרם,תנובה מרכז שיתופי לשיווק תוצרת,,פיצה משפחתית זיתים 5,גרמים,550.00,100 גרם,false,,27.70,5.0364,true,1,38998
7290005559990,false,בצק עלים פילאס תורכי 600 גרם קפוא,תנובה מרכז שיתופי לשיווק תוצרת,,בצק פילאס תורכי מעדנ,גרמים,600.00,100 גרם,false,,28.90,4.8167,true,1,39003
7290005591761,false,דבש טהור מפרחי בר בלחיץ 400 ג' יד מרדכי,מכוורת יד מרדכי שטרא,,דבש טהור מפרחי בר בל,גרמים,400.00,100 גרם,false,,27.00,6.7500,true,1,24114
7290005610127,false,תפוח אדמה גורמה דוד משה,אראל תוצרת חקלאית בע,,תפו`א גורמה לבן דוד,קילוגרמים,1.00,"ק""ג",true,,7.90,7.9000,true,1,55179
7290005838002,false,מעדן גבינה ויוגורט בטעם וניל 88 ג' דניאלה,שטראוס גרופ בעמ/מצונן,,דניאלה מעדן גבינה 15,מיליליטרים,150.00,"100 מ""ל",false,,4.50,3.0000,true,1,24817
7290005838613,false,קרם גבינה 3% בטעם וניל סקי (125 גרם),שטראוס גרופ בעמ/מצונן,,גבינה וניל 3% סקי 12,גרמים,125.00,100 גרם,false,,3.90,3.1200,true,1,24818
7290005838972,false,סקי יום יום גבינה לבנה %5 125 גרם,שטראוס גרופ בעמ/מצונן,,גבינת יום יום 5% סקי,גרמים,125.00,100 גרם,false,,3.50,2.8000,true,1,24819
7290005839078,false,שמיניית יוגורט לבן 3% ביו דנונה 150 גרם,שטראוס גרופ בעמ/מצונן,,דנונה ביו מארז חסכון,קילוגרמים,1.20,"ק""ג",false,,17.90,14.9167,true,1,24820
7290005839108,false,גבינה לבנה סימפוניה עם תוספות 200 ג'+זיתים 5%,שטראוס גרופ בעמ/מצונן,,סימפוניה עם זיתים 5%,גרמים,200.00,100 גרם,false,,12.90,6.4500,true,1,24821
7290005839313,false,מילקי Top עם שוקולדה מגולגלת 140 גרם,שטראוס גרופ בעמ/מצונן,,מילקי טופ מגולגלת 14,מיליליטרים,142.00,"100 מ""ל",false,,5.00,3.5211,true,1,24822
7290005896439,false,"בירה מכבי, בקבוק חוזר 500 מ''ל","טמפו משקאות בע""מ",,מכבי בקבוק חוזר 500,מיליליטרים,500.00,"100 מ""ל",false,,8.50,1.7000,true,1,10194
7290005896620,false,סאן בנדטו - מוגז עדין - 1.5 ליטר,אקווה מינרלה סאן בנד,,סאן בנדטו מים מינרלי,ליטרים,1.50,ליטר,false,,5.50,3.6667,true,1,10195
7290005896637,false,סאן בנדטו - מים מינרלים טבעיים מהאלפים 1.5 ליטר,אקווה מינרלה סאן בנדטו ב,,סאן בנדטו 1.5 ליטר,ליטרים,1.50,ליטר,false,,4.50,3.0000,true,1,10196
7290005901362,false,קבב רומני מעדני המנג,,,קבב רומני מעדני המנג,גרמים,400.00,100 גרם,false,,15.90,3.9750,true,1,139169
7290005901430,false,המבורגר מסעדות טעים,,,המבורגר מסעדות טעים,גרמים,480.00,100 גרם,false,,30.90,6.4375,true,1,139176
7290005938245,false,ממרח פסטו קלאסי פרסקו 220ג' מצונן,מיוצר עי פרסקו חצבה,,פרסקו ממרח מצונן פסט,גרמים,220.00,100 גרם,false,,19.90,9.0455,true,1,18587
7290005992018,false,"יוגורט עיזים לשתיה 3% מחלבות גד 500 מ""ל",מחלבות גד שיווק 1992 בעמ,,גד יוגורט עיזים 3% 5,מיליליטרים,500.00,"100 מ""ל",false,,13.50,2.7000,true,1,15405
7290005992575,false,גבינה בולגרית למריחה 5% גד (250 גרם),מחלבות גד שיווק 1992 בעמ,,גד בולגרית למריחה 5%,גרמים,250.00,100 גרם,false,,18.20,7.2800,true,1,15408
7290005992735,false,לאבנה טבעית 5% 250 גר' - רבנות,מחלבות גד שיווק 1992 בעמ,,גד לאבנה 5% 250ג,גרמים,250.00,100 גרם,false,,12.90,5.1600,true,1,15410
7290005996221,false,פסטרמה של פעם דק דק (120 גר`)יחיעם,מעדני יחיעם (1993) בעמ,,פסטרמה של פעם דק דק,גרמים,120.00,100 גרם,false,,13.90,11.5833,true,1,230402
7290005996238,false,פסטרמה בדבש דק דק (120 גר`)יחיעם,מעדני יחיעם (1993) בעמ,,פסטרמה בדבש דק דק יח,גרמים,120.00,100 גרם,false,,13.90,11.5833,true,1,230403
7290005996276,false,פסטרמה ברביקין דק דק (120 גר`)יחיעם,מעדני יחיעם (1993) בעמ,,פסטרמה ברביקיו דק דק,גרמים,120.00,100 גרם,false,,13.90,11.5833,true,1,230404
7290006065018,false,אמנון 7-9 80% דג קפו,,,אמנון 7-9 80% דג קפו,קילוגרמים,1.00,"ק""ג",true,,34.90,34.9000,true,1,435560
7290006065391,false,פילה דג נסיכת הנילו,,,פילה דג נסיכת הנילו,קילוגרמים,1.00,"ק""ג",true,,43.90,43.9000,true,1,325911
7290006199942,false,"שמיניית גלידל פרי דובדבן ""פלדמן""",הגלידות של פלדמן,,פופסיקל בטעם דובדבן,גרמים,640.00,100 גרם,false,,29.90,4.6719,true,1,220377
7290006241191,false,אגוזי מלך טבעיים קליית גת (150 גרם),הדקלאים אגודת שיתופי,,אגוזי מלך 150 גרם קל,גרמים,150.00,100 גרם,false,,17.90,11.9333,true,1,13964
7290006241535,false,"משקה מנגו קפוא פריגת 340 מ""ל",*החברה המרכזית להפצת משקאותבעמ,,קפוא מנגו 340 גרם,גרמים,340.00,100 גרם,false,,14.90,4.3824,true,1,7165
7290006251343,false,חליטת פסיפלורה מנגו הגן הקסום ויסוצקי 25 יחידות,תה ויסוצקי (ישראל) בעמ,,תה חליטה הגן הקסום פ,גרמים,62.50,100 גרם,false,,19.90,31.8400,true,1,26118
7290006265548,false,נבטים סינים מרינה ארוז 360ג',"מרינה פטריות הגליל בע""מ",,נבטים סינים,יח',1.00,יח',false,,7.90,7.9000,true,1,55724
7290006271174,false,ג'חנון לאפיה בתנור מעדנות 700 גרם,תנובה מרכז שיתופי לשיווק תוצרת,,גחנון לאפיה בתנור מע,גרמים,700.00,100 גרם,false,,20.60,2.9429,true,1,39004
7290006271181,false,ג'חנון אפוי למיקרוגל מעדנות 750 גרם,תנובה מרכז שיתופי לשיווק תוצרת,,מעדנות גחנון אפוי 75,גרמים,750.00,100 גרם,false,,29.70,3.9600,true,1,39005
7290006271655,false,מיני בורקס במילוי גבינה מעדנות (800 גרם),תנובה מרכז שיתופי לשיווק תוצרת,,מיני בורקס גבינה 800,גרמים,800.00,100 גרם,false,,27.90,3.4875,true,1,119301
7290006272072,false,חטיפי פיצה גבינה מעדנות 650 גרם,תנובה קפואים,,חטיפי פיצה מעדנות 65,גרמים,650.00,100 גרם,false,,36.90,5.6769,true,1,119303
7290006272430,false,בצק עלים חמאה חלבי מעדנות (600 גרם),מיוצר עי קונדיטוריית,,בצק עלים חמאה 600 גר,גרמים,600.00,100 גרם,false,,32.60,5.4333,true,1,39015
7290006342072,false,גרעין לבן ששון הקולה 200 גרם,דין שיווק וקליה 2021 בעמ,,גרעין לבן 200 גרם,גרמים,200.00,100 גרם,false,,10.90,5.4500,true,1,5238
7290006342515,false,מנצ'ס ששון הקולה 200 גרם,"דין שיווק וקלייה בע""",,מנציס 200 גרם,גרמים,200.00,100 גרם,false,,7.90,3.9500,true,1,117073
7290006374738,false,קונפיטורה תות יד מרדכי בטעם תות,אף.סי תבליני בגליל ב,,קונפיטורת תות יד מור,גרמים,340.00,100 גרם,false,,13.90,4.0882,true,1,24121
7290006449955,false,מלפפון בייבי מארז,"מרינה פטריות הגליל בע""מ",,מלפפון בייבי,יח',1.00,יח',false,,9.90,9.9000,true,1,323713
7290006492432,false,גבינה מוצרלה בייבי 18% גד (150 גרם),מחלבות גד שיווק 1992 בעמ,,גד בייבי מוצרלה 150ג,גרמים,170.00,100 גרם,false,,15.90,9.3529,true,1,15411
7290006492616,false,גבינה בולגרית מעודנת פרוסות 5% גד 250 גרם,מחלבות גד שיווק 1992 בעמ,,גד בולגרית פרוסות 5%,גרמים,250.00,100 גרם,false,,28.50,11.4000,true,1,15413
7290006492685,false,גבינת לאבנה עיזים 5% גד (250 גרם),מחלבות גד שיווק 1992 בעמ,,גד לאבנה עזים 3% 250,גרמים,250.00,100 גרם,false,,18.90,7.5600,true,1,15416
7290006492852,false,גבינת עיזים למריחה 5% 250 גרם רובין,מחלבות גד שיווק 1992 בעמ,,גד גבינת עיזים למריח,גרמים,250.00,100 גרם,false,,18.50,7.4000,true,1,15417
7290006511751,false,פטריות שמפניון חתוך ויליפוד 290X3 ג' בד”צ,ג.וילי-פוד אינטרנשיונל בעמ,,פטריות חתוכות ויליפו,גרמים,870.00,100 גרם,false,,13.00,1.4943,true,1,3590
7290006532398,false,סטייק צ'יפס טעים 1.8,,,סטייק צ'יפס טעים 1.8,קילוגרמים,1.80,"ק""ג",false,,24.90,13.8333,true,1,204386
7290006567048,false,פתיתי קוסקוס ישראלי אסם (350 גרם),קבוצת אוסם סחר שותפות מוגבלת,,קוסקוס ישראלי בשקית,גרמים,350.00,100 גרם,false,,8.90,2.5429,true,1,21334
7290006652027,false,במבה חטיף בוטנים אסם 20*15 גרם,קבוצת אוסם סחר שותפות מוגבלת,,במבה יום הולדת מאח.1,גרמים,300.00,100 גרם,false,,25.90,8.6333,true,1,21339
7290006653765,false,פרפקטו פסטה פטוצ'יני אסם 500 גרם,קבוצת אוסם סחר שותפות מוגבלת,,פטוציני פרפקטו 500 ג,גרמים,500.00,100 גרם,false,,7.90,1.5800,true,1,21341
7290006653819,false,קוסקוס אמיתי דק בשקית 350 גרם,קבוצת אוסם סחר שותפות מוגבלת,,קוסקוס דק בשקית אסם,גרמים,350.00,100 גרם,false,,8.90,2.5429,true,1,21342
7290006664037,false,גמדים סופר ארוחת בוקר דגנים 4*100גר,שטראוס גרופ בעמ/מצונן,,גמדים ארוחת בוקר 4*1,מיליליטרים,400.00,"100 מ""ל",false,,11.90,2.9750,true,1,24827
7290006664051,false,"אקטימל לבן 1.51 ק""ג מארז 14 יחידות",שטראוס גרופ בעמ/מצונן,,אקטימל טבעי 14*100מל,ליטרים,1.40,ליטר,false,,33.90,24.2143,true,1,24828
7290006664402,false,גבינה לבנה סקי 5% שומן 750 גרם,שטראוס גרופ בעמ/מצונן,,שטראוס גבינה 5% 750ג,גרמים,750.00,100 גרם,false,,14.25,1.9000,true,1,24833
7290006664532,false,יוגורט עם תות 3% שומן 150 ג' דנונה,שטראוס גרופ בעמ/מצונן,,דנונה תות 3% 150מל,גרמים,150.00,100 גרם,false,,3.90,2.6000,true,1,24834
7290006664655,false,דנונה Actimel יוגורט טבעי 8*100 מ``ל,שטראוס גרופ בעמ/מצונן,,אקטימל טבעי 8*100מל,מיליליטרים,800.00,"100 מ""ל",false,,22.90,2.8625,true,1,24836
7290006664693,false,יוגורט עם אפרסק 3% שומן 150 ג' דנונה,שטראוס גרופ בעמ/מצונן,,דנונה אפרסק 3% 150מל,גרמים,150.00,100 גרם,false,,3.90,2.6000,true,1,24837
7290006664990,false,"יוגורט דנונה ביו לבן 1.7% שומן 8*150 מ""ל",שטראוס גרופ בעמ/מצונן,,דנונה ביו מארז חיסכו,קילוגרמים,1.20,"ק""ג",false,,17.90,14.9167,true,1,24840
7290006704016,false,בזיליקום ארוז יחידה,,,בזיליקום ארוז יחידה,יח',1.00,יח',false,,6.90,6.9000,true,1,55728
7290006704047,false,לוף שקיל,פאר לי שיווק פירות וירקות בע*ש,,רוזמרין,יח',1.00,יח',false,,6.90,6.9000,true,1,55730
7290006704092,false,מרווה יחידה,,,מרווה יחידה,יח',1.00,יח',false,,5.90,5.9000,true,1,55734
7290006704511,false,"תפו""א גמדי אדום למיקרו מרינה 750ג'","מרינה פטריות הגליל בע""מ",,תפוא ננסי מיקרוגל,גרמים,750.00,100 גרם,false,,7.90,1.0533,true,1,55743
7290006704733,false,אספרגוס יחידה קמעונאי,סרז'טו,,אספרגוס ארוז,יח',1.00,יח',false,,31.90,31.9000,true,1,55746
7290006730374,false,טרופית קש בודד ע.חרדית,קלית סיטבון בעמ,,טרופית קש בודד ע.חרד,מיליליטרים,200.00,"100 מ""ל",false,,1.50,0.7500,true,1,109019
7290006739346,false,נקניקיות פרגיות טרי 400 גרם זוגלובק,נקניק נהריה כשר זוגל,,נקניקיות פרגיות טרי,גרמים,400.00,100 גרם,false,,19.90,4.9750,true,1,42552
7290006739407,false,שניצל תירס לייט זוגלובק (630 גרם),נקניק נהריה כשר זוגל,,שניצל תירס לייט 630,גרמים,600.00,100 גרם,false,,31.90,5.3167,true,1,42554
7290006739414,false,נקניק סלמי קוניאק זוגלובק 300 גרם,נקניק נהריה כשר זוגל,,סלמי קוניאק זוגלובק,גרמים,300.00,100 גרם,false,,33.70,11.2333,true,1,42555
7290006739421,false,נקניק סלמי מעושן איטלקי זוגלובק 300 גרם,נקניק נהריה כשר זוגל,,סלמי מעושן איטלקי ז,גרמים,300.00,100 גרם,false,,33.70,11.2333,true,1,42556
7290006739445,false,שניצל תירס קלאסי 750 ג' זוגלובק,נקניק נהריה כשר זוגל,,שניצל תירס קלאסי 750,גרמים,750.00,100 גרם,false,,28.90,3.8533,true,1,42557
7290006742278,false,פסטרמה הודו צלויה על לבנים 330 ג' זוגלובק,נקניק נהריה כשר זוגל,,פסטרממיה צלויה על לב,גרמים,330.00,100 גרם,false,,33.90,10.2727,true,1,42583
7290006742292,false,פסטרמה הודו בדבש 330 ג' זוגלובק,נקניק נהריה כשר זוגל,,פסטרממיה בדבש 1% 330,גרמים,330.00,100 גרם,false,,33.90,10.2727,true,1,42584
7290006742315,false,פסטרמה חזה הודו ברביקיו 2% זוגלובק 330 גרם,נקניק נהריה כשר זוגל,,חזה הודו ברביקיו 1%,גרמים,330.00,100 גרם,false,,33.90,10.2727,true,1,42586
7290006764072,false,"בירה גולדסטאר בקבוק 500 מ""ל חוזר","טמפו משקאות בע""\מ",,גולדסטאר בירה בק חוז,מיליליטרים,500.00,"100 מ""ל",false,,7.90,1.5800,true,1,10205
7290006775016,false,עוגת תפוז אחוה (450 גרם)אחוה,אחדות ביתחרושת לטחינה חלבה,,עוגת תפוז מבית טוב 4,גרמים,450.00,100 גרם,false,,11.90,2.6444,true,1,657
7290006775030,false,עוגת שוקו צ`יפס אחוה (450 גרם)אחוה,אחדות ביתחרושת לטחינה חלבה,,עוגת שוקו-ציפס מבית,גרמים,450.00,100 גרם,false,,11.90,2.6444,true,1,659
7290006775047,false,עוגת שוקולד אחוה (450 גרם)אחוה,אחדות ביתחרושת לטחינה חלבה,,עוגת שוקולד מבית טוב,גרמים,450.00,100 גרם,false,,11.90,2.6444,true,1,660
7290006788498,false,"קרליין - נושם פיור דאודורנט ספריי לאישה ורוד 200 מ""ל",החברה הדרומית לשיווק בעמ,,דאו' תרסיס נושם ורוד,מיליליטרים,200.00,"100 מ""ל",false,,13.90,6.9500,true,1,32245
7290006822192,false,נקטר דיאט חמוציות אושן ספריי פריגת 1 ליטר,החברה המרכזית להפצת משקאות בעמ,,אושן ספרי דיאט חמוצי,ליטרים,1.00,ליטר,false,,13.50,13.5000,true,1,7672
7290006866363,false,מיץ סחוט אשכוליות אדומות פרימור 1 ליטר,שטראוס גרופ בעמ/מצונן,,פרימור מיץ אשכולית א,ליטרים,1.00,ליטר,false,,17.20,17.2000,true,1,24841
7290006983152,false,קרוטונים מתובלים למרק אסם (400 גרם),קבוצת אוסם סחר שותפות מוגבלת,,קרוטונים מתובלים אסם,גרמים,400.00,100 גרם,false,,20.90,5.2250,true,1,21345
7290006983176,false,קרקר לחמית שיפון אסם (230 גרם),קבוצת אוסם סחר שותפות מוגבלת,,לחמית שיפון אסם 250,גרמים,230.00,100 גרם,false,,9.90,4.3043,true,1,68082
7290006983763,false,עוגת הבית בטעם שוקולד אסם (400 גרם),קבוצת אוסם סחר שותפות מוגבלת,,עוגת הבית שוקולד 400,גרמים,400.00,100 גרם,false,,14.90,3.7250,true,1,21350
7290006983770,false,עוגת הבית שיש אסם (400 גרם),קבוצת אוסם סחר שותפות מוגבלת,,עוגת הבית שיש 400גר,גרמים,400.00,100 גרם,false,,14.90,3.7250,true,1,21351
7290006983787,false,עוגת הבית שוקולד צ'יפס אסם 400 גרם,קבוצת אוסם סחר שותפות מוגבלת,,עוגת הבית שוקוציפס 4,גרמים,400.00,100 גרם,false,,14.90,3.7250,true,1,21352
7290006983794,false,עוגת הבית בטעם תפוז אסם 400 גרם,קבוצת אוסם סחר שותפות מוגבלת,,עוגת הבית תפוז 400גר,גרמים,400.00,100 גרם,false,,14.90,3.7250,true,1,21353
7290006992161,false,מטרנה - דייסת קורנפלור פרוביוטי 200 גרם,קבוצת אוסם סחר שותפות מוגבלת,,מטרנה דייסת קורנפלור,גרמים,200.00,100 גרם,false,,15.90,7.9500,true,1,21355
7290006992390,false,"מטרנה - דייסת וניל פרוביוטי כשל""פ 200 גרם",קבוצת אוסם סחר שותפות מוגבלת,,מטרנה דייסת וניל פרו,גרמים,200.00,100 גרם,false,,15.90,7.9500,true,1,21360
7290008101318,false,קריספ פירורי לחם זהוב 300 גרם מיימונס,א.ל ייצור ושיווק תבלינים בעמ,,פירורי לחם זהוב קלאס,גרמים,300.00,100 גרם,false,,7.90,2.6333,true,1,430796
7290008104050,false,"פמינה - שטיפה אינטימית קלאסית 220 מ""ל",גורי ע.ע.ע. בע`מ,,סבון שטיפה אינטימית,מיליליטרים,220.00,"100 מ""ל",false,,26.90,12.2273,true,1,4450
7290008116541,false,שטיפת פה ליסטרין מנטה קריר 500 מ`ל,ג'\ונסון אנד ג'\ונסון,,מי פה ליסטרין בטעם מ,מיליליטרים,500.00,"100 מ""ל",false,,23.90,4.7800,true,1,31625
7290008116565,false,שטיפת פה ליסטרין מנטה מרענן 500 מ`ל,ג'\ונסון אנד ג'\ונסון,,מי פה פרש ליסטרין 50,מיליליטרים,500.00,"100 מ""ל",false,,23.90,4.7800,true,1,31627
7290008154222,false,עוף טוב שניצלונים 700 גרם,קבוצת אוסם סחר-שות.מוגבלת,,שניצלונים עוף טוב 70,גרמים,700.00,100 גרם,false,,21.90,3.1286,true,1,22134
7290008175173,false,חמאה מפינלנד ללא מלח 200 גרם ויליפוד,ג.וילי-פוד אינטרנשיונל **גבינו,,חמאה מפינלנד 200גר',גרמים,200.00,100 גרם,false,,10.90,5.4500,true,1,3591
7290008268301,false,אוכמניות יחידה,בראשית,,אוכמניות,גרמים,120.00,100 גרם,false,,11.90,9.9167,true,1,142725
7290008300629,false,שקיות אוכל בקופסא של,,,שקיות אוכל בקופסא של,יחידה,0.00,יחידה,false,,12.90,0.0000,true,1,123376
7290008343466,false,בצק פילו שלושת האופים (500 גרם),שלושת האופים שגמור,,בצק פילו 500 גרם,גרמים,500.00,100 גרם,false,,21.90,4.3800,true,1,18616
7290008343602,false,"קובה בשר 1 ק""ג שלושת האופים",נטו מלינדה סחר בעמ,,קובה בשר 1 ק`ג שלושת,קילוגרמים,1.00,"ק""ג",false,,17.90,17.9000,true,1,118073
7290008343619,false,"פסטלים תפו""א שלושת האופים 1 ק""ג",נטו מלינדה סחר בע`מ,,פסטלים תפו`א שלושת ה,קילוגרמים,1.00,"ק""ג",false,,17.90,17.9000,true,1,118074
7290008344272,false,המבורגר 100% טיבון ויל 400 גרם,טיבון ויל אחזקות בעמ,,המבורגר 100% 400 ג'-,גרמים,400.00,100 גרם,false,,23.90,5.9750,true,1,18631
7290008345583,false,סלט איקרה ביתית ורודה דלידג (300 גרם),נטו מלינדה סחר בע`מ,,300 איקרה ביתית ורוד,גרמים,300.00,100 גרם,false,,20.90,6.9667,true,1,18639
7290008347211,false,אצבעות דג מצופות דלידג (700 גרם),אף.סי תבליני בגליל ב,,דלידג אצבעות דג 700,גרמים,700.00,100 גרם,false,,27.90,3.9857,true,1,18641
7290008409100,false,אצבעות שניצל בציפוי שומשום מאמא עוף 700 גרם,תנובה גליל שותפות מוגבלת,,אצבעות שניצל ציפוי ש,גרמים,700.00,100 גרם,false,,38.90,5.5571,true,1,28315
7290008409124,false,מאמא עוף קפוא שניצל ג'ונגל פריך 700 גרם,תנובה מרכז שיתופי לשיווק תוצרת,,מאמא עוף קפוא שניצל,גרמים,700.00,100 גרם,false,,38.90,5.5571,true,1,28316
7290008409216,false,מאמא עוף קפוא שניצל דק פריך 700 גרם,תנובה מרכז שיתופי לשיווק תוצרת,,מאמא עוף קפוא שניצל,גרמים,700.00,100 גרם,false,,43.90,6.2714,true,1,28317
7290008409315,false,שניצלונים בציפוי פריך מיני מיני דק מאמא עוף 500 גרם,תנובה מרכז שיתופי לשיווק תוצרת,,מאמא עוף מיני דק שני,גרמים,500.00,100 גרם,false,,29.50,5.9000,true,1,68891
7290008409582,false,שניצל עוף אמיתי בציפוי ביתי מאמא עוף 700 גרם,תנובה מרכז שיתופי לשיווק תוצרת,,שניצל אמיתי בציפוי ב,גרמים,700.00,100 גרם,false,,44.50,6.3571,true,1,28331
7290008409773,false,קציצות עוף אמיתיות קפואות 700 גרם קפוא,תנובה מרכז שיתופי לשיווק תוצרת,,מאמא עוף קפוא קציצות,גרמים,700.00,100 גרם,false,,37.90,5.4143,true,1,28335
7290008415071,false,צבר חומוס עם טחינה עגול 150 גרם,קבוצת אוסם סחר שותפות מוגבלת,,צבר חומוס עם טחינה 1,גרמים,150.00,100 גרם,false,,5.90,3.9333,true,1,22137
7290008415514,false,צבר חומוס עם חריף עגול 150 גרם,קבוצת אוסם סחר שותפות מוגבלת,,צבר סלט חומוס עם חרי,גרמים,150.00,100 גרם,false,,5.90,3.9333,true,1,22138
7290008443616,false,"מרכך לשיער יבש אדום 750 מ""ל נקה 7",החברה הדרומית לשיווק בעמ,,מרכך לשיער יבש אדום,מיליליטרים,750.00,"100 מ""ל",false,,12.90,1.7200,true,1,32315
7290008461221,false,סרדינים רוברט בשמן חמניות 115 גרם,א. סיימן סחר בעמ,,סרדינים רוברט שמן חמ,גרמים,115.00,100 גרם,false,,7.90,6.8696,true,1,18646
7290008461238,false,סרדינים בשמן חמניות ופלפל חריף רוברט 84 גרם,א. סיימן סחר בעמ,,סרדינים רוברט בשמן ח,גרמים,115.00,100 גרם,false,,7.90,6.8696,true,1,18647
7290008464130,false,"בירה גולדסטאר Unfiltered, בירה לא מסוננת, מארז שישייה, בקבוק 330 מ""ל",טמפו משקאות בעמ,,גולדסטאר לא מסונן 6*,ליטרים,1.98,ליטר,false,,46.90,23.6869,true,1,10222
7290008464222,false,"בירה מכבי 7.9%, בירה חזקה, פחית 500 מ""ל","טמפו משקאות בע""\מ",,מכבי 7.9 פחית 500 מל,מיליליטרים,500.00,"100 מ""ל",false,,9.50,1.9000,true,1,10223
7290008464345,false,"בירה גולדסטאר, בקבוק 330 מ''ל",פארייפאבה אגרואינדוס,,"גולדסטאר בירה ח""פ 33",יחידה,330.00,יחידה,false,,8.70,0.0264,true,1,67009
7290008464468,false,בירה בפחית גולדסטאר (500 מל),פארייפאבה אגרואינדוס,,"גולדסטאר פחית 500מ""ל",מיליליטרים,500.00,"100 מ""ל",false,,9.90,1.9800,true,1,10233
7290008464475,false,בירה מכבי פחית 500 מ``ל,"טמפו משקאות בע""\מ",,"מכבי פחית 500מ""ל",מיליליטרים,500.00,"100 מ""ל",false,,8.80,1.7600,true,1,10234
7290008464611,false,"הסודה של טמפו, מי סודה בגיזוז חזק, 275 מל",טמפו משקאות בעמ,,"מי סודה טמפו 275 מ""ל",מיליליטרים,275.00,"100 מ""ל",false,,3.50,1.2727,true,1,127190
7290008464697,false,"בירה מכבי 7.9%, בירה חזקה, מארז שישייה, בקבוק 330 מ""ל",טמפו משקאות בעמ,,מכבי 7.9% בקבוק 6* 3,ליטרים,1.98,ליטר,false,,37.90,19.1414,true,1,10241
7290008464703,false,"שישיית בירה מכבי בקבוק 330 מ""ל",טמפו משקאות בע''מ,,בירה מכבי מארז 6 *33,ליטרים,1.98,ליטר,false,,36.90,18.6364,true,1,10242
7290008464741,false,"בירה גולדסטאר, מארז שישייה, בקבוק 330 מ''ל","טמפו משקאות בע""\מ",,"גולדסטאר ח""פ בקבוק 6",ליטרים,1.98,ליטר,false,,40.90,20.6566,true,1,10244
7290008464796,false,"בירה היינקן, מארז שישייה, בקבוק 330 מ''ל",טמפו משקאות בע''מ,,"הייניקן בקבוק ח""פ 6*",ליטרים,1.98,ליטר,false,,46.90,23.6869,true,1,10247
7290008470759,false,מסטיק אורביט סטיקס ספירמינט שמיניה,מרס ריגלי ישראל בעמ,,אורביט סטיקס ספירמינ,יחידה,0.00,יחידה,false,,15.40,0.0000,true,1,48272
7290008644112,false,אחלה יום יום סלט מטבוחה יום יום 125 גרם,שטראוס גרופ בעמ/מצונן,,אחלה מטבוחה 125ג,גרמים,125.00,100 גרם,false,,5.90,4.7200,true,1,24842
7290008644235,false,מבחר עלי בייבי 120 גרם-טעם הטבע,שטראוס בריאות ירקות טריי,,עלי בייבי 120 ג ירקו,גרמים,120.00,100 גרם,false,,10.90,9.0833,true,1,55763
7290008644945,false,סלט המושבה שטראוס 450 גר`-טעם הטבע,שטראוס בריאות ירקות טריי,,סלט המושבה 450 ג ירק,גרמים,450.00,100 גרם,false,,13.90,3.0889,true,1,24845
7290008693134,false,מעדן גבינה ויוגורט בטעם תות 5% שומן 88 ג' דניאלה,שטראוס גרופ בעמ/מצונן,,דניאלה תות מעדן גבינ,מיליליטרים,150.00,"100 מ""ל",false,,4.50,3.0000,true,1,24847
7290008713900,false,לחם שיפון עגול פרוס אחדות (750 גרם),מאפיית אנג'\ל אורנים מאפ,,לחם שיפון עגול אנגל,גרמים,750.00,100 גרם,false,,14.90,1.9867,true,1,69433
7290008713917,false,לחם שיפון כהה פרוס מאפיית אחדות 750 גרם,מאפיית שלמה א. אנג'\ל בע,,לחם שיפון כהה אנגל 7,גרמים,750.00,100 גרם,false,,14.90,1.9867,true,1,69434
7290008745239,false,תפוצ'יפס קראנצ' בטעם טבעי עלית 50 גרם,"שטראוס פריטו ליי בע""\מ )",,תפוציפס קראנץ טבעי 5,גרמים,50.00,100 גרם,false,,4.50,9.0000,true,1,25356
7290008747547,false,תפוצ'יפס קראנץ' בטעם טבעי עלית 200 גרם,"שטראוס פריטו ליי בע""\מ )",,תפוציפס קראנץ טבעי 2,גרמים,200.00,100 גרם,false,,10.90,5.4500,true,1,25358
7290008750264,false,"מסטיק מאסט ציקלס דובדבן 28 גרם לל""ס מגדים",שטראוס גרופ בע`מ,,מאסט דובדבן 28ג,גרמים,28.00,100 גרם,false,,4.90,17.5000,true,1,24131
7290008752244,false,תפוצ'יפס קראנץ' בטעם גריל עלית 50 גרם,"שטראוס פריטו ליי בע""\מ )",,תפוציפס קראנץ גריל 5,גרמים,50.00,100 גרם,false,,4.50,9.0000,true,1,25364
7290008753111,false,תפוצ'יפס קראנץ' בטעם מקסיקני עלית 50 גרם,"שטראוס פריטו ליי בע""\מ )",,תפוציפס מקסיקני 50גר,גרמים,50.00,100 גרם,false,,4.50,9.0000,true,1,25366
7290008754415,false,גומי מאסט בטעם ספירמינט עדין פליפטופ 28 ג' עלית,שטראוס גרופ בע`מ,,מאסט מנטה עדין 28 גר,גרמים,28.00,100 גרם,false,,4.90,17.5000,true,1,24140
7290008757980,false,קרטונית ספרינג נקטר רימונים 1 ליטר,יפאורה שותפות מוגבלת לשיווק,,ספרינג רימונים 1ל,ליטרים,1.00,ליטר,false,,7.90,7.9000,true,1,12246
7290008775816,false,ערגליות עוגיות במילוי שוקולד אסם 300 גרם,קבוצת אוסם סחר שותפות מוגבלת,,ערגליות שוקולד 300 ג,גרמים,300.00,100 גרם,false,,11.90,3.9667,true,1,21362
7290008801010,false,"יין קברנה סוביניון מרלו פרייוט קולקשן 750 מ""ל",אגודת הכורמים -כרמל מזרחי,,יין P.C קברנה סובי,מיליליטרים,750.00,"100 מ""ל",false,,44.90,5.9867,true,1,494
7290008801157,false,"יין מרלו סלקטד כרמל כרמל 750 מ""ל",אגודת הכורמים -כרמל מזרחי,,יין סלקטד מרלו 750 מ,מיליליטרים,750.00,"100 מ""ל",false,,32.90,4.3867,true,1,496
7290008801843,false,סלקטד קברנה סובניון יקבי כרמל (750 מל),אגודת הכורמים בעמ,,יין סלקטד קברנה סובנ,מיליליטרים,750.00,"100 מ""ל",false,,32.90,4.3867,true,1,505
7290008802291,false,יין מרלו פרייבט קולקשן יקבי כרמל,אגודת הכורמים הקואופרטיב,,"יין P.C מרלו 750מ""",מיליליטרים,750.00,"100 מ""ל",false,,44.90,5.9867,true,1,507
7290008802895,false,יין קברנה סוביניון פרייבט קולקשן יקבי כרמל,אגודת הכורמים הקאופורטיב,,יין P.C קברנה סובי,מיליליטרים,750.00,"100 מ""ל",false,,44.90,5.9867,true,1,510
7290008803090,false,"יין מרלו קולקשיין הסדרה האזורית כרמל 750 מ""ל",אגודת הכורמים הקואופרטיב,,מרלו סדרה אזורית,מיליליטרים,750.00,"100 מ""ל",false,,64.90,8.6533,true,1,513
7290008805049,false,סלקטד זינפנדל סמוק יקבי כרמל (750 מל),"כד בני דרום בע""מ",,יין סלקטד רוזה כרמל,מיליליטרים,750.00,"100 מ""ל",false,,32.90,4.3867,true,1,527
7290008805964,false,יין קברנה שיראז גליל עליון סדרה אזורית יקבי כרמל,אגודת הכורמים הקואופרטיב,,קברנה/שיראז סדרה אזו,מיליליטרים,750.00,"100 מ""ל",false,,64.90,8.6533,true,1,532
7290008806961,false,גלידה שוקולד שבבי שוקולד פרה 1.33 ל' קרמיסימו,"גלידת שטראוס בע""\מ, רחוב",,קרמיסימו שוקולד שבבי,ליטרים,1.33,ליטר,false,,21.90,16.4662,true,1,4810
7290008806985,false,נישנושים גלידה שוקו וניל בציפוי שוקולד 60 יח' קרמיסימו,"גלידת שטראוס בע""\מ, רחוב",,קרמיסימו נישנושים ש.,גרמים,630.00,100 גרם,false,,50.90,8.0794,true,1,4811
7290008849470,false,ממרח פלפל צ'ומה אוליביה 185 גרם,תה ויסוצקי (ישראל)בעמ,,אוליביה ממרח פלפל צו,גרמים,185.00,100 גרם,false,,14.50,7.8378,true,1,4079
7290008849586,false,רוטב לעוף ריבת בצל אוליביה 310 גרם,תה ויסוצקי (ישראל) בעמ,,רוטב ריבת בצל אוליבי,גרמים,310.00,100 גרם,false,,14.90,4.8065,true,1,4082
7290008849609,false,אוליביה רוטב לעוף שום דבש (330 גרם),תה ויסוצקי (ישראל) בעמ,,רוטב שום דבש אוליבי,גרמים,330.00,100 גרם,false,,14.90,4.5152,true,1,4083
7290008849753,false,רוטב טריאקי אוליביה 300 גרם,תה ויסוצקי (ישראל)בעמ,,רוטב טריאקי עשיר אול,מיליליטרים,300.00,"100 מ""ל",false,,14.90,4.9667,true,1,4086
7290008849777,false,רוטב צ'ילי מתוק אוליביה 345 גרם,תה ויסוצקי (ישראל)בעמ,,אוליביה רוטב צילי מת,גרמים,350.00,100 גרם,false,,14.90,4.2571,true,1,4087
7290008849845,false,ממרח אוליביה אריסה פיקנטי 180 ג',"אוליביה גרומה בע""מ",,אוליביה אריסה פיקנטי,גרמים,185.00,100 גרם,false,,12.90,6.9730,true,1,124878
7290008909761,false,"קרלסברג בקבוק יחיד 330מ""ל",החברה המרכזית להפצת משקאות בעמ,,קרלסברג בקבוק יחיד 3,מיליליטרים,330.00,"100 מ""ל",false,,8.90,2.6970,true,1,66790
7290008909853,false,"קוקה קולה זירו בקבוק 500 מ""ל.",החברה המרכזית להפצת משקאות בעמ,,קוקה קולה זירו 500 מ,מיליליטרים,500.00,"100 מ""ל",false,,7.90,1.5800,true,1,7192
7290008975551,false,תחליף חלב מטרנה מהדרין שלב 3 חלבי 700 גרם,קבוצת אוסם סחר שותפות מוגבלת,,מטרנה מהדרין שלב 3,גרמים,700.00,100 גרם,false,,55.90,7.9857,true,1,21369
7290009018004,false,פיקדון בקבוק/פחית בו,Unknown,,פיקדון בקבוק/פחית בו,יחידה,0.00,יחידה,false,,0.30,0.0000,true,1,49
7290009018011,false,פיקדון בקבוק/פחיות ש,,,פיקדון בקבוק/פחיות ש,יחידה,0.00,יחידה,false,,1.80,0.0000,true,1,844
7290009018264,false,פיקדון בקבוק/פחית רב,,,פיקדון בקבוק/פחית רב,יחידה,0.00,יחידה,false,,1.20,0.0000,true,1,615
7290009174397,false,כריך א לעובד-כשר לפס,,,כריך עובד מגה,יחידה,0.00,יחידה,false,,1.50,0.0000,true,1,57407
7290010002030,false,תבלין כמון טחון תבליני מימון 100 גרם,א.ל. ייצור ושיווק תבלינים בע`מ,,מימון כמון במיכל 100,גרמים,100.00,100 גרם,false,,12.90,12.9000,true,1,150
7290010002047,false,תבלין מלח לימון תבליני מימון 200 גרם,א.ל ייצור ושיווק תבלינים בעמ,,מימון מלח לימון במיכ,גרמים,200.00,100 גרם,false,,10.50,5.2500,true,1,151
7290010002078,false,פלפל שחור טחון תבליני מימון (100 גרם),א.ל. ייצור ושיווק תבלינים בע`מ,,מימון פלפל שחור טחון,גרמים,100.00,100 גרם,false,,15.90,15.9000,true,1,154
7290010002122,false,פפריקה הונגרית מתוקה תבליני מימון 100 גרם,א.ל. ייצור ושיווק תבלינים בע`מ,,מימון פפריקה הונגרית,גרמים,100.00,100 גרם,false,,12.90,12.9000,true,1,159
7290010002146,false,פפריקה מרוקאית מתוקה תבליני מימון 100 גרם,א.ל. ייצור ושיווק תבלינים בע`מ,,מימון פפריקה מרוקאית,גרמים,100.00,100 גרם,false,,12.90,12.9000,true,1,161
7290010002207,false,תבלין קינמון טחון תבליני מימון 100 גרם,א.ל. ייצור ושיווק תבלינים בע`מ,,מימון קינמון טחון במ,גרמים,100.00,100 גרם,false,,10.50,10.5000,true,1,164
7290010002214,false,תבלין צ'ילי גרוס תבליני מימון 80 גרם,א.ל. ייצור ושיווק תבלינים בע`מ,,מימון צילי גרוס 80 ג,גרמים,80.00,100 גרם,false,,12.90,16.1250,true,1,165
7290010002313,false,תבלין ראס אל חנות תבליני מימון 100 גרם,א.ל. ייצור ושיווק תבלינים בע`מ,,מימון ראס אל חנות 10,גרמים,100.00,100 גרם,false,,12.90,12.9000,true,1,169
7290010002368,false,תערובת חווויג' תבליני מימון 100 גרם,א.ל. ייצור ושיווק תבלינים בע`מ,,מימון תערובת חווג` ל,גרמים,100.00,100 גרם,false,,12.90,12.9000,true,1,174
7290010002375,false,תבלין מדראס קארי תבליני מימון (100 גרם),א.ל. ייצור ושיווק תבלינים בע`מ,,מימון קארי 100 גרם,גרמים,100.00,100 גרם,false,,12.90,12.9000,true,1,175
7290010002382,false,תבלין אורגנו תבליני מימון 40 גרם,א.ל. ייצור ושיווק תבלינים בע`מ,,מימון אורגנו במיכל 4,גרמים,40.00,100 גרם,false,,10.50,26.2500,true,1,176
7290010002399,false,תבלין בזיליקום תבליני מימון 40 גרם,א.ל. ייצור ושיווק תבלינים בע`מ,,מימון בזיליקום 40 גר,גרמים,40.00,100 גרם,false,,10.50,26.2500,true,1,177
7290010002498,false,תבלין שום גבישי תבליני מימון 120 גרם,א.ל. ייצור ושיווק תבלינים בע`מ,,מימון שום גבישי 120,גרמים,120.00,100 גרם,false,,15.90,13.2500,true,1,184
7290010002726,false,תבלין לפרגיות תבליני מימון 100 גרם.,א.ל. ייצור ושיווק תבלינים בע`מ,,מימון תיבול לפרגיות,גרמים,100.00,100 גרם,false,,12.90,12.9000,true,1,187
7290010003693,false,פפריקה מתוקה בשקית תבליני מימון 80 גרם,א.ל. ייצור ושיווק תבלינים בע`מ,,מימון פפריקה מתוקה ש,גרמים,80.00,100 גרם,false,,6.50,8.1250,true,1,195
7290010003709,false,פלפל שחור טחון בשקית תבליני מימון 50 גרם,א.ל. ייצור ושיווק תבלינים בע`מ,,מימון פלפל שחור טחון,גרמים,50.00,100 גרם,false,,8.70,17.4000,true,1,196
7290010003754,false,כמון טחון בשקית תבליני תבליני מימון 50 גרם,א.ל. ייצור ושיווק תבלינים בע`מ,,מימון כמון טחון שקית,גרמים,50.00,100 גרם,false,,6.50,13.0000,true,1,197
7290010003761,false,כורכום טחון בשקית תבליני מימון 80 גרם,א.ל. ייצור ושיווק תבלינים בע`מ,,מימון כורכום טחון שק,גרמים,80.00,100 גרם,false,,6.50,8.1250,true,1,198
7290010003778,false,תיבול לגריל עוף בשקית תבליני מימון 80 גרם,א.ל. ייצור ושיווק תבלינים בע`מ,,מימון תיבול לגריל עו,גרמים,80.00,100 גרם,false,,6.50,8.1250,true,1,199
7290010003792,false,מלח לימון בשקית תבליני מימון 100 גרם,א.ל. ייצור ושיווק תבלינים בע`מ,,מימון מלח לימון שקית,גרמים,100.00,100 גרם,false,,6.50,6.5000,true,1,201
7290010003822,false,פפריקה חריפה בשקית תבליני מימון (80 גרם),א.ל. ייצור ושיווק תבלינים בע`מ,,מימון פפריקה חריפה ש,גרמים,80.00,100 גרם,false,,6.50,8.1250,true,1,204
7290010003839,false,קינמון טחון בשקית תבליני מימון 80 גרם,א.ל. ייצור ושיווק תבלינים בע`מ,,מימון קינמון טחון שק,גרמים,80.00,100 גרם,false,,6.50,8.1250,true,1,205
7290010003846,false,אורגנו בשקית תבליני מימון 20 גרם,א.ל. ייצור ושיווק תבלינים בע`מ,,מימון אורגנו שקית 20,גרמים,20.00,100 גרם,false,,6.50,32.5000,true,1,206
7290010045013,false,עוגיות חמאה צרפתיות לחמי (200 גרם),קונדטוריות לחמי,,עוגיות עם חמאה וסוכר,גרמים,200.00,100 גרם,false,,19.90,9.9500,true,1,26143
7290010051243,false,תרד ניוזילנדי א. אדמה,א.אדמה (2007) בעמ,,תרד ניו זילנדי,גרמים,150.00,100 גרם,false,,11.90,7.9333,true,1,454224
7290010065332,false,מחית תפוח עץ בננה ג'וניור פרינוק 190 גרם,גורי מוצרי צריכה (1991) בעמ,,"פרינוק גוניור תפ""ע ב",גרמים,190.00,100 גרם,false,,6.90,3.6316,true,1,4106
7290010065349,false,72900פרינוק מחית סלט פירות שלב 3 190 גרם,גורי מוצרי צריכה (1991) בעמ,,מחית פרינוק גוניור ס,גרמים,190.00,100 גרם,false,,6.90,3.6316,true,1,4107
7290010065745,false,מחית לפתן פירות ג'וניור פרינוק 190 גרם,גורי מוצרי צריכה (1991) בעמ,,פרינוק ג'וניור לפתן,גרמים,190.00,100 גרם,false,,6.90,3.6316,true,1,4115
7290010066513,false,נתחי טונה בשמן צמחי רביעיה *158ג' פילטונה,תעשיות פילטונה בעמ,,נתחי טונה בשמן צמחי,גרמים,632.00,100 גרם,false,,25.90,4.0981,true,1,28385
7290010066575,false,נתחי טונה במים רביעיה *158ג' פילטונה,תעשיות פילטונה בעמ,,נתחי טונה במים פילטו,גרמים,632.00,100 גרם,false,,25.90,4.0981,true,1,28387
7290010066582,false,נתחי טונה בשמן קנולה רביעיה * 158 ג' פילטונה,תעשיות פילטונה בעמ,,נתחי טונה בשמן קנולה,גרמים,632.00,100 גרם,false,,25.90,4.0981,true,1,28388
7290010129027,false,עוגיות מרוקאיות דולצ`ה ויטה (600 גרם),שיבולים יצור ושיווק מוצרי מאפה,,עוגיות מרוקאיות 600,גרמים,600.00,100 גרם,false,,21.90,3.6500,true,1,22353
7290010129652,false,עוגיות לקפה 350ג מאפים של אדל,שיבולים יצור ושיווק מוצרי מאפה,,עוגיות לקפה דולצ'ה ו,גרמים,350.00,100 גרם,false,,19.90,5.6857,true,1,141887
7290010153510,false,בורגול יבש מיה 500 גר',מיה תעשיות מזון מ.ת.מ. בעמ,,בורגול מיה 500 גרם,גרמים,500.00,100 גרם,false,,6.50,1.3000,true,1,15692
7290010153527,false,ג'ריש מיה 500 גרם,מיה תעשיות מזון מ.ת.מ. בעמ,,גריש 500 גרם,גרמים,500.00,100 גרם,false,,6.40,1.2800,true,1,15693
7290010153688,false,חומץ רכיבים טבעיים 1 ליטר,מיה תעשיות מזון מ.ת.מ. בעמ,,חומץ טבעי מיה 1 ליטר,ליטרים,1.00,ליטר,false,,6.90,6.9000,true,1,15701
7290010153916,false,"אורז ריזוטו עגול ק''ג מיה 1 ק""ג",מיה תעשיות מזון מ.ת.מ. בעמ,,אורז ריזוטו עגול 1 ק,קילוגרמים,1.00,"ק""ג",false,,9.80,9.8000,true,1,15721
7290010154005,false,סחוג תימני תבליני ביטון יוחאי (250 גרם),תבליני יוחאי ביטון,,סחוג תימני ירוק 250,גרמים,250.00,100 גרם,false,,15.90,6.3600,true,1,18652
7290010154012,false,לימון בלאדי תבליני ביטון יוחאי (250 גרם),נטו מלינדה סחר בע`מ,,לימון כבוש 250 ביטון,גרמים,250.00,100 גרם,false,,15.90,6.3600,true,1,18653
7290010154265,false,פלפל צ`ומה תבליני ביטון יוחאי (250 גרם),תבליני יוחאי ביטון,,פלפל צ`ומה ביטון 250,גרמים,250.00,100 גרם,false,,15.90,6.3600,true,1,18657
7290010154685,false,סלט שום כתוש 250 ג' ביטון יוחאי,תבליני ביטון יוחאי,,סלט שום כתוש 250 גר',גרמים,250.00,100 גרם,false,,15.90,6.3600,true,1,121223
7290010192007,false,פטרוזיליה,,,פטרוזיליה,יח',1.00,יח',false,,4.90,4.9000,true,1,55772
7290010192014,false,שמיר,,,שמיר,יח',1.00,יח',false,,4.90,4.9000,true,1,55773
7290010192021,false,כוסברה ארוז,,,כוסברה,יח',1.00,יח',false,,4.90,4.9000,true,1,55774
7290010192038,false,שורש פטרוזיליה ארוז,,,שורש פטרוזיליה ארוז,יח',1.00,יח',false,,6.90,6.9000,true,1,55775
7290010192045,false,נענע יחידה,חקלאי,,נענע יחידה,יח',1.00,יח',false,,4.90,4.9000,true,1,55776
7290010192052,false,סלרי עלים (אמריקאי),,,סלרי עלים (אמריקאי),יח',1.00,יח',false,,6.90,6.9000,true,1,55777
7290010192069,false,סלרי ראש יחידה,קטיף.,,סלרי ראש ארוז,יח',1.00,יח',false,,6.90,6.9000,true,1,55778
7290010192083,false,מנגולד ארוז,,,מנגולד ארוז,יח',1.00,יח',false,,6.90,6.9000,true,1,55779
7290010192137,false,לוף ארוז ליח,,,לוף ארוז ליח,יח',1.00,יח',false,,8.90,8.9000,true,1,101807
7290010237562,false,משקה מוגז בטעם תפוזים מירנדה (500 מל),טמפו משקאות בע`מ,,מירנדה 500 מ'ל,מיליליטרים,500.00,"100 מ""ל",false,,5.90,1.1800,true,1,10255
7290010237685,false,"הייניקן בירה צואר ארוך 330מ""ל",טמפו משקאות בע''מ,,היינקן בירה צואר ארו,מיליליטרים,330.00,"100 מ""ל",false,,10.90,3.3030,true,1,10261
7290010237890,false,"בירה הייניקן בקבוק 500 מ""ל חוזר",טמפו משקאות בע''מ,,הייניקן בירה בקבוק ח,מיליליטרים,500.00,"100 מ""ל",false,,11.50,2.3000,true,1,10269
7290010259847,false,מנת השף מרק עם נודלס בטעם תירס ויליפוד 70 גרם,ג. וילי-פוד אינטרנשיונל בע`מ,,נודלס טעם תירס מנת ה,גרמים,70.00,100 גרם,false,,5.90,8.4286,true,1,116932
7290010259854,false,מנת השף מרק עם נודלס בטעם פטריות ויליפוד 70 גרם,ג. וילי-פוד אינטרנשיונל בע`מ,,נודלס בטעם פטריות מנ,גרמים,70.00,100 גרם,false,,5.90,8.4286,true,1,116933
7290010259977,false,שמן קנולה מזוכך ויליפוד 1 ליטר,ג.וילי-פוד אינטרנשיונל ***שמן,,שמן קנולה ויליפוד 1,ליטרים,1.00,ליטר,false,,12.90,12.9000,true,1,3617
7290010279227,false,זיקוק 15 סמ 80 בקרטון 6 יחידות,שמחה זה אנחנו בע`מ,,זיקוק 15 ס`מ 6 יח`,יחידה,0.00,יחידה,false,,15.90,0.0000,true,1,35144
7290010429554,false,"שמן זית כתית מעולה יד מרדכי 2 קלאסי, 750 מ""ל",מכוורת יד מרדכי שטראוס ב,,שמן זית כתית מעולה 2,מיליליטרים,750.00,"100 מ""ל",false,,38.90,5.1867,true,1,24158
7290010471669,false,יוגורט תות עם קורנפלקס מצופה שוקולד ללא גלוטן 3.9%,שטראוס גרופ בעמ/מצונן,,דנונה קראנצ' יוגורט,מיליליטרים,175.00,"100 מ""ל",false,,4.90,2.8000,true,1,24848
7290010472307,false,"שמיניית משקה גמדים תות בננה דיסני 108 מ""ל",שטראוס גרופ בעמ/מצונן,,גמדים לשתיה תות בננה,מיליליטרים,864.00,"100 מ""ל",false,,20.90,2.4190,true,1,24852
7290010627004,false,טחינה גולמית מסורתית ירושלים 500 ג',תה ויסוצקי (ישראל) בעמ,,טחינה ירושלים 500 גר,גרמים,500.00,100 גרם,false,,17.90,3.5800,true,1,26147
7290010627844,false,טחינה גולמית שומשום מלא ירושלים 500גרם,תה ויסוצקי (ישראל) בעמ,,טחינה ירושלים 500 מל,גרמים,500.00,100 גרם,false,,17.90,3.5800,true,1,26149
7290010632787,false,צימרוני אוזניים מעץ אינטרסן) (300,הדקלאים אגודת שיתופי,,צימרוני אוזניים עץ כ,יחידה,0.00,יחידה,false,,4.90,0.0000,true,1,934
7290010650071,false,פטריות שי-טאקי מיובשות,חוות פטריות תקוע,,פטריות שיטאקי מיובש,גרמים,25.00,100 גרם,false,,10.90,43.6000,true,1,55789
7290010650231,false,פטריות מאיטקי מיובשו,חוות פטריות תקוע,,פטריות מאיטאקי מיובש,יח',1.00,יח',false,,13.90,13.9000,true,1,55796
7290010690527,false,קייל ארוז גן ירק,א.אדמה (2007) בעמ,,כרוב על - קייל,יח',1.00,יח',false,,9.90,9.9000,true,1,99813
7290010711123,false,כריות מתכת שייני 4 יחידות,מ.א.ייצור ויבוא מטליות בעמ,,"ננס רביעיה ""שייני"" ח",יחידה,0.00,יחידה,false,,7.90,0.0000,true,1,14459
7290010718627,false,אל סבון נוזלי ירוק 1 ליטר פנינה רוזנבלום,"פנינה רוזנבלום בע""מ",,אל סבון נוזלי ירוק פ,יחידה,0.00,יחידה,false,,10.90,0.0000,true,1,20454
7290010760909,false,"בורקס פיצה כשל""פ 600 גרם",מאפיית אריאל בעמ,,"בורקס פיצה כשל""פ 600",גרמים,600.00,100 גרם,false,,22.90,3.8167,true,1,14876
7290010766697,false,אוליביה רוטב שקשוקה אוליביה (415 גרם),תה ויסוצקי (ישראל) בעמ,,אוליביה רוטב שקשוקה,גרמים,415.00,100 גרם,false,,14.90,3.5904,true,1,4130
7290010766949,false,ממרח תחתיות ארטישוק 180ג' אוליביה,תה ויסוצקי (ישראל)בעמ,,אוליביה ממרח ארטישוק,גרמים,180.00,100 גרם,false,,14.50,8.0556,true,1,4133
7290010883356,false,כפפות אלוורה רב שימושיות גדולות L סנו סושי,החברה הדרומית לשיווק בעמ,,סנו סושי זוג כפפות א,יחידה,0.00,יחידה,false,,12.10,0.0000,true,1,32379
7290010931330,false,סלט מטבוחה אחלה 500 גרם,שטראוס גרופ בעמ/מצונן,,אחלה מטבוחה 500ג,גרמים,500.00,100 גרם,false,,15.90,3.1800,true,1,24856
7290010945146,false,קוטג' 3% מועשר בסידן טרה 250 ג' מהדרין,*החברה המרכזית להפצת משקאותבעמ,,טרה קוטג מועשר 3% 25,גרמים,250.00,100 גרם,false,,5.50,2.2000,true,1,7196
7290010945450,false,גבינה לבנה 3% 250 גר מועשר בסידן וויטמין,*החברה המרכזית להפצת משקאותבעמ,,טרה גבינה לבנה מהדרי,גרמים,250.00,100 גרם,false,,4.98,1.9920,true,1,7200
7290011017866,false,פחית קולה סליק קוקה-קולה (330 מל),החברה המרכזית להפצת משקאות בעמ,,קוקה קולה פחית סליק,מיליליטרים,330.00,"100 מ""ל",false,,5.70,1.7273,true,1,7752
7290011017873,false,פחית זירו סליק קוקה-קולה (330 מל),החברה המרכזית להפצת משקאות בעמ,,ZERO קולה פחית סליק,מיליליטרים,330.00,"100 מ""ל",false,,5.50,1.6667,true,1,7753
7290011017880,false,פחית דיאט קולה סליק קוקה-קולה (330 מל),החברה המרכזית להפצת משקאות בעמ,,קולה דיאט פחית סליק,מיליליטרים,330.00,"100 מ""ל",false,,5.50,1.6667,true,1,7754
7290011065416,true,פלפל שחור מטחנה 60 ג,,,פלפל שחור מטחנה 60 ג,גרמים,60.00,100 גרם,false,,19.70,32.8333,true,1,80101
7290011081690,false,קרמיסימו פרווה שוקו ציפ+וניל ציפ 1.33ל,"גלידת שטראוס בע""\מ, רחוב",,קרמיסימו פרווה שוקו,ליטרים,1.33,ליטר,false,,21.90,16.4662,true,1,4827
7290011115166,false,נקה 7 ארומה סבון נוזלי לבנדר 1 ל',החברה הדרומית לשיווק בעמ,,תחליב רחצה לבנדר נקה,יחידה,0.00,יחידה,false,,16.90,0.0000,true,1,32448
7290011126209,false,הגן הקסום תה טעם תפוח וקינמון סיידר ויסוצקי 25 יח',תה ויסוצקי (ישראל)בעמ,,תה הגן הקסום תפוח וק,גרמים,55.00,100 גרם,false,,19.90,36.1818,true,1,26150
7290011126452,false,הגן הקסום תה בטעם קמומיל ונענע ויסוצקי 25 יחידות,תה ויסוצקי (ישראל) בעמ,,תה קמומיל ונענע 1.5ג,גרמים,37.50,100 גרם,false,,19.90,53.0667,true,1,26158
7290011131371,false,מוזלי קראנצ`י שקדים ואגוזים גרין (1 קג),ויטליאה ניקולה דו,,מיזלי קראנצ' שקדים ג,קילוגרמים,1.00,"ק""ג",false,,27.90,27.9000,true,1,14750
7290011131395,false,מוזלי קראנצ`י 30% פירות גרין (1 קג),ויטליאה ניקולה דו,,מיזלי קראנצ' 30% פיר,קילוגרמים,1.00,"ק""ג",false,,27.90,27.9000,true,1,14752
7290011132507,false,סן בנדטו- מים מנרליים - מוגז עדין 500 מל,אקווה מינרלה סאן בנדטו ב,,סאן בנדטו מוגז עדין,מיליליטרים,500.00,"100 מ""ל",false,,6.50,1.3000,true,1,10277
7290011132583,false,"מארז פפסי מקס 500 מ""ל*6 יח' בקבוק","טמפו משקאות בע""\מ",,פפסי מקס שישייה 500,ליטרים,3.00,ליטר,false,,22.00,7.3333,true,1,299712
7290011148911,false,פלפלים מתוקים טינקרב,מרינה פטריות הגליל,,פלפלים מתוקים טינקרב,גרמים,300.00,100 גרם,false,,9.90,3.3000,true,1,55844
7290011194215,false,מעדן גבינה ויוגורט בטעם בננה 5% שומן 88 ג' דניאלה,שטראוס גרופ בעמ/מצונן,,"דניאלה בננה 150 מ""ל",מיליליטרים,150.00,"100 מ""ל",false,,4.50,3.0000,true,1,24857
7290011194246,false,קוטג 5% 250 גרם עם סידן שטראוס,שטראוס גרופ בעמ/מצונן,,קוטג שטראוס 5% עם סי,גרמים,250.00,100 גרם,false,,6.00,2.4000,true,1,24858
7290011236649,false,"נטיפי שוקולד ציפס אמיתי 300 גר' 54% מוצקי קקאו (בד""ץ)",דין שיווק וקליה 2021 בעמ,,שוקולד צ'יפס בלגי שק,גרמים,300.00,100 גרם,false,,10.90,3.6333,true,1,5274
7290011249748,false,רולים גלילי ופל במילוי קרם שוקולד 100 ג' עלמה,ח.כהן סוכנות מזון ומשקאות בע,,גילרו רולים שוקו 100,גרמים,100.00,100 גרם,false,,5.40,5.4000,true,1,70126
7290011254728,false,ג'לטין טהור בקרטוני מיה 25 גרם,מיה תעשיות מזון מ.ת.מ. בעמ,,ג'לטין טהור 25 גר' ב,גרמים,25.00,100 גרם,false,,11.60,46.4000,true,1,15769
7290011254766,false,"שעועית לוביה יבשה מיה 400 גר'בד""צ",מיה תעשיות מזון מ.ת.מ. בעמ,,שעועית לוביה 400 גרם,גרמים,400.00,100 גרם,false,,11.90,2.9750,true,1,15772
7290011378028,false,חלבה קלאסית וניל ללא תוספת סוכר בארכה 350 גרם,קבוצת אסם סחר שות. מוגבלת,,בארכה חלבה וניל ללא,גרמים,350.00,100 גרם,false,,15.90,4.5429,true,1,21372
7290011378769,false,חטיף חלווה וניל בארכה 126 גרם מארז 7 יחידות,קבוצת אוסם סחר שותפות מוגבלת,,בארכה בקטנה מאגדת ונ,גרמים,120.00,100 גרם,false,,14.50,12.0833,true,1,21377
7290011379018,false,מארז משפחתי שמפיניון 500 ג' מרינה,ביכורי השדה צפון 1994 ג.ד. בעמ,,פטריות צמד חמד,גרמים,500.00,100 גרם,false,,16.90,3.3800,true,1,55850
7290011438142,false,"משקה יטבתה אייס קפה בבקבוק אישי 350 מ""ל",שטראוס גרופ בעמ/מצונן,,יטבתה אייס קפה בבקבו,מיליליטרים,350.00,"100 מ""ל",false,,6.90,1.9714,true,1,24864
7290011447267,false,מטרנה פרימיום חלבי שלב 1 700 גרם חיסכון,קבוצת אוסם סחר-שות.מוגבלת,,מטרנה חלבי שלב 1 70,גרמים,700.00,100 גרם,false,,52.90,7.5571,true,1,21388
7290011447281,false,מטרנה פרימיום חלבי שלב 2 700 גרם חיסכון,קבוצת אוסם סחר שותפות מוגבלת,,מטרנה חלבי שלב 2 70,גרמים,700.00,100 גרם,false,,52.90,7.5571,true,1,21389
7290011447304,false,מטרנה פרימיום חלבי שלב 3 700 גרם חיסכון,קבוצת אוסם סחר שותפות מוגבלת,,מטרנה חלבי שלב 3 12*,גרמים,700.00,100 גרם,false,,52.90,7.5571,true,1,21390
7290011473617,false,טיב הטבע ציה טבעי 300 גרם תבואות,גורי מוצרי צריכה (1991) בעמ,,זרעי צ'ייה טיב הטבע,גרמים,300.00,100 גרם,false,,21.90,7.3000,true,1,3871
7290011499112,false,בולגרית מסורתית 16% 250 גרם - רבנות,מחלבות גד שיווק 1992 בעמ,,גד בולגרית 16% 250ג,גרמים,250.00,100 גרם,false,,23.30,9.3200,true,1,15421
7290011499129,false,גבינה בולגרית מעודנת קוביות קטנות 5% גד 200 גרם,מחלבות גד שיווק 1992 בעמ,,גד בולגרית מעודנת קו,גרמים,200.00,100 גרם,false,,23.40,11.7000,true,1,15422
7290011499327,false,גבינה בולגרית מעודנת 5% 250 גרם - רבנות,מחלבות גד שיווק 1992 בעמ,,גד בולגרית בקר מעודנ,גרמים,250.00,100 גרם,false,,23.30,9.3200,true,1,15428
7290011499341,false,גבינת קשקבל ארוז 26 אחוז 250גרם גד,מחלבות גד שיווק 1992 בעמ,,קשקבל מחלבות גד 200,גרמים,250.00,100 גרם,false,,35.50,14.2000,true,1,15430
7290011499358,false,פטה עיזים מסורתית 20% בגביע 200 גרם - רובין,מחלבות גד שיווק 1992 בעמ,,גד פטה עיזים 20% 200,גרמים,200.00,100 גרם,false,,28.90,14.4500,true,1,15431
7290011499365,false,גבינת חלומי 24% מחלב בקר גד (200 גרם),מחלבות גד שיווק 1992 בעמ,,גד חלומי 24% 200ג,גרמים,200.00,100 גרם,false,,21.60,10.8000,true,1,15432
7290011499419,false,גבינה במרקם שמנת בטעם טבעי 5% ניו יורק,מחלבות גד שיווק 1992 בעמ,,גבינה במרקם שמנת 5%,גרמים,200.00,100 גרם,false,,11.80,5.9000,true,1,115504
7290011499624,false,שמנת 30% ניו יורק טבעי 200 גרם רבנות,מחלבות גד שיווק 1992 בעמ,,גד ניו יורק גבינת שמ,גרמים,200.00,100 גרם,false,,13.50,6.7500,true,1,15438
7290011515683,false,מאגדת טילון אקסטרים וניל נסטלה 6 יחידות,נגה גלידות שותפות מוגבלת,,אקסטרים וניל מאגדת 6,גרמים,432.00,100 גרם,false,,39.90,9.2361,true,1,16958
7290011515911,false,שלגוני לייט ריבת חלב עם סירופ 6*52 גרם,נגה גלידות שותפות מוגבלת,,מאגדת לייט ריבת חלב,גרמים,312.00,100 גרם,false,,32.90,10.5449,true,1,16959
7290011518561,false,"אקטימל תות 1.51 ק""ג מארז 14 יחידות",שטראוס גרופ בעמ/מצונן,,אקטימל תות משפחתי 14,ליטרים,1.40,ליטר,false,,32.90,23.5000,true,1,24869
7290011587123,false,קרם קוקוס תומר 400 מ,Thai coconut co ltd,,קרם קוקוס תומר 400 מ,מיליליטרים,400.00,"100 מ""ל",false,,9.90,2.4750,true,1,26426
7290011587451,false,מוזלי קראנצי בתוספת פירות ואגוזים ויטליה 600 גרם,תומר יבוא ושיווק מוצרי מזון (1,,גרנולה + פירות ואגוז,גרמים,600.00,100 גרם,false,,16.90,2.8167,true,1,118758
7290011593087,false,"שמן זית כתית מעולה 750 מ""ל סבא חביב",בני פאוזי שמשום (2009) בעמ,,סבא חביב שמן זית כתי,מיליליטרים,750.00,"100 מ""ל",false,,33.90,4.5200,true,1,51484
7290011598259,false,"פרש מטהר אוויר אוטומטי בניחוח מאסק סנו 250 מ""ל",החברה הדרומית לשיווק בעמ,,סנו פרש אוטומטיק מאס,מיליליטרים,250.00,"100 מ""ל",false,,16.90,6.7600,true,1,32486
7290011598402,false,מקסימה מרכך כביסה ארומתרפי מאסק סנו 4 ליטר,החברה הדרומית לשיווק בעמ,,מרכך כביסה סנו מקסימ,ליטרים,4.00,ליטר,false,,23.90,5.9750,true,1,32489
7290011607197,false,"קולון 101 אבקת כביסה 5 ק""ג",רקיט בנקיזר (ניר איסט) בעמ,,"קולון 101 5 ק""ג",קילוגרמים,5.00,"ק""ג",false,,44.90,8.9800,true,1,22883
7290011723200,false,טחינה הר ברכה 100% שומשום טהור 500 גר,טחינה הר ברכה בעמ,,טחינה הר ברכה טחינה,גרמים,500.00,100 גרם,false,,21.90,4.3800,true,1,78313
7290011765217,false,"סנו מדיק ג'ל לניקוי ידיים אלוורה 100 מ""ל",החברה הדרומית לשיווק בעמ,,ס. מדיק היגניק ג'ל ל,מיליליטרים,100.00,"100 מ""ל",false,,10.90,10.9000,true,1,32497
7290011800840,false,רפי כהן סלט טחינה בלאדי צבר 400 גרם,קבוצת אוסם סחר שותפות מוגבלת,,צבר רפי כהן טחינה בל,גרמים,400.00,100 גרם,false,,17.90,4.4750,true,1,22155
7290011877859,false,סנו אינסטלטור חדש פותח סתימות 200ג',החברה הדרומית לשיווק בעמ,,סנו אינסטלטור פותח ס,מיליליטרים,200.00,"100 מ""ל",false,,16.90,8.4500,true,1,32524
7290011912642,false,ליסטרין שטיפת פה הגנה על השיניים והחניכי,ג'\ונסון אנד ג'\ונסון,,מי פה טאגד ליסטרין 5,מיליליטרים,500.00,"100 מ""ל",false,,23.90,4.7800,true,1,31650
7290011947743,false,זיתים זיתא מיקס זית ירוק וזית קלמטה 215 גרם,תה ויסוצקי (ישראל) בעמ,,מיקס זית ירוק וזית ק,גרמים,215.00,100 גרם,false,,14.90,6.9302,true,1,192710
7290011947798,false,זית קלמטה ללא גלעין עם שמן זית כתית מעולה,תה ויסוצקי (ישראל) בעמ,,זית קלמטה ללא גלעין,גרמים,190.00,100 גרם,false,,15.90,8.3684,true,1,276405
7290011964689,false,על האש לא מונוסודיום 100 גרם 100 גרם מיכל גדול,"תבליני טעם וריח בע""מ",,תבלין על האש ללא מונ,גרמים,100.00,100 גרם,false,,10.90,10.9000,true,1,49488
7290012019258,false,מחית תפוחי עץ רביעיה 4 * 113 ג' תומר,תומר ייבוא ושיווק מוצרי מזון [,,"רסק תפו""ע מחית תפוחי",גרמים,452.00,100 גרם,false,,11.90,2.6327,true,1,26469
7290012019265,false,"מחית תפו""ע ללא תוספת סוכר 4*113גר",תומר ייבוא ושיווק מוצרי מזון [,,"מחית תפו""ע ללא סוכר",גרמים,452.00,100 גרם,false,,11.90,2.6327,true,1,26470
7290012022203,false,פריכיות חיטה מלאה 60 גרם,דילייט 2005 בע`מ,,קליליות חיטה מלאה די,גרמים,100.00,100 גרם,false,,14.90,14.9000,true,1,31089
7290012022227,false,פריכיות חיטה טבעי 60 גרם,דילייט 2005 בע`מ,,קליליות בטעם טבעי די,גרמים,60.00,100 גרם,false,,12.90,21.5000,true,1,31090
7290012022272,false,פריכיות קליליות קידס,דילייט 2005 בעמ,,פריכיות קליליות קידס,יחידה,0.00,יחידה,false,,12.90,0.0000,true,1,33953
7290012086113,false,עגבניות שרי אשכולות מארז,ביכורי השדה הצפון בעמ` 1964,,עגבניות שרי,גרמים,500.00,100 גרם,false,,9.90,1.9800,true,1,55855
7290012117350,false,"נוזל רצפות לילך 2 ליטר ""ריצפז פרש""",החברה הדרומית לשיווק בעמ,,ריצפז פרש לילך לבנדר,ליטרים,2.00,ליטר,false,,19.90,9.9500,true,1,32560
7290012117435,false,"קרמה - שמפו וג'ל רחצה 2 ב-1 אלוורה 700 מ""ל",החברה הדרומית לשיווק בעמ,,שמפו וג'ל רחצה אלוור,מיליליטרים,700.00,"100 מ""ל",false,,19.90,2.8429,true,1,32567
7290012117541,false,מקסימה מרכך כביסה מרוכז צהוב סנו 1 ליטר,החברה הדרומית לשיווק בעמ,,סנו מקסימה מרכך קומפ,יחידה,0.00,יחידה,false,,18.90,0.0000,true,1,32569
7290012117558,false,מקסימה מרכך כביסה מרוכז ורוד בניחוח מאסק סנו 1 ליטר,החברה הדרומית לשיווק בעמ,,סנו מקסימה מרכך קומפ,יחידה,0.00,יחידה,false,,18.90,0.0000,true,1,32570
7290012117732,false,מקסימה מרכך כביסה ארומתרפי קול סנו 4 ליטר,החברה הדרומית לשיווק בעמ,,מרכך כביסה סנו מקסימ,ליטרים,4.00,ליטר,false,,23.90,5.9750,true,1,32575
7290012212154,false,מלפפון במלח קטן צנצנת זכוכית,אבאל יזמות בעמ,,מלפפון במלח קטן בצנצ,גרמים,560.00,100 גרם,false,,14.60,2.6071,true,1,431161
7290012226021,false,נקניק סלמי מעושן פראג זוגלובק (400 גרם),נקניק נהריה כשר זוגל,,סלמי מעושן פראג יבש,גרמים,400.00,100 גרם,false,,23.90,5.9750,true,1,42593
7290012226120,false,קבנוס זוגלובק (45x3 גרם),נקניק נהריה כשר זוגל,,זוגלובק קבנוס 135ג.,גרמים,135.00,100 גרם,false,,12.90,9.5556,true,1,42594
7290012226342,false,נקניקיה טבעונית למחבת או לתנור עשירה בחלבון,זוגלובק שיווק בעמ,,נקניקיה מן הצומח טבע,גרמים,460.00,100 גרם,false,,32.90,7.1522,true,1,120299
7290012226939,false,קבנוס עם צ'ילי חריף זוגלובק 135 גרם,נקניק נהריה כשר זוגל,,זוגלובק קבנוס בטעם צ,גרמים,135.00,100 גרם,false,,12.90,9.5556,true,1,42601
7290012227325,false,סלמי דק דק מעושן איטלקי 120 ג' זוגלובק,זוגלובק שיווק בעמ,,זוגלובק סלמי מעושן ד,גרמים,120.00,100 גרם,false,,14.90,12.4167,true,1,107722
7290012227974,false,פסטרמה הודו בדבש טהור דק דק דק,זוגלובק שיווק בעמ,,זוגלובק פסטרמה בדבש,גרמים,120.00,100 גרם,false,,14.90,12.4167,true,1,107723
7290012227981,false,פסטרמה דק דק ברביקיו 120 ג' זוגלובק,זוגלובק שיווק בעמ,,פסטרמה ברביקיו זוגלו,גרמים,120.00,100 גרם,false,,14.90,12.4167,true,1,107724
7290012227998,false,פסטרמה דק דק חזה בקר 120 ג' זוגלובק,זוגלובק שיווק בעמ,,זוגלובק חזה בקר 12,גרמים,120.00,100 גרם,false,,14.90,12.4167,true,1,107725
7290012313141,false,מלפפונים פרוסות במלח קבוצת יבנה 330 גרם,קבוצת יבנה מוצרי מזון אגודה שי,,פרוסות מלפפון במלח י,גרמים,540.00,100 גרם,false,,7.30,1.3519,true,1,60311
7290012367717,false,קרם ידיים וציפורניים Intensive relief לעור יבש ומגורה,פישר תעשיות פרמבצטיות בעמ,,קרם ידיים אפקטיב קר,מיליליטרים,150.00,"100 מ""ל",false,,16.90,11.2667,true,1,31387
7290012372209,false,קמח חיטה לבן מנופה רובינפלד,,,קמח חיטה לבן מנופה ר,קילוגרמים,1.00,"ק""ג",false,,8.90,8.9000,true,1,412599
7290012454172,false,סוכריות ללא תוספת סוכר בטעם תות מיה 80 גרם,מיה תעשיות מזון מ.ת.מ. בעמ,,סוכריות ללא סוכר בטע,גרמים,80.00,100 גרם,false,,6.50,8.1250,true,1,15796
7290012522581,false,טבעול שניצל תירס ללא גלוטן טבעול 664 גרם,קבוצת אוסם סחר-שות.מוגבלת,,טבעול שניצל תירס ללא,גרמים,664.00,100 גרם,false,,26.90,4.0512,true,1,22166
7290012557972,false,עוגיות נמסות במילוי קרם אגוזים 150 גר',,,עוגיות נמסות במילוי,גרמים,150.00,100 גרם,false,,6.90,4.6000,true,1,117769
7290012561405,false,בצל קצוץ ומטוגן דורות (180 גרם),קבוצת אוסם סחר שותפות מוגבלת,,בצל חצי מטוגן דורות,גרמים,180.00,100 גרם,false,,12.50,6.9444,true,1,22170
7290012576379,false,"יין ספיישל רזרב מרלו 750מ""ל",יקבי ברקן שיווק והפצה בע,,מרלו ספיישל רזרב 750,מיליליטרים,750.00,"100 מ""ל",false,,69.90,9.3200,true,1,402998
7290012576607,false,"יין קברנה סוביניון פרמייר מלבק אדום ברקן 750 מ""ל","ברקן שיווק והפצה בע""",,ברקן יין פרמייר אדום,מיליליטרים,750.00,"100 מ""ל",false,,26.90,3.5867,true,1,10310
7290012642876,false,פלפלונים מעורב צבעוני בחומץ חריף6X,יושלם,,פלפלונים מעורב כבושי,גרמים,530.00,100 גרם,false,,12.90,2.4340,true,1,26513
7290012803765,false,טוסו שוקולד מריר ללא תוספת סוכר 100 גרם,אלטינמארקה גידה סאן,,טוסו שוקלד מריר 100ג,גרמים,100.00,100 גרם,false,,12.60,12.6000,true,1,6587
7290012823381,false,מקסימה מרכך כביסה מרוכז סנסטיב בייבי סנו 1 ליטר,החברה הדרומית לשיווק בעמ,,סנו מקסימה סנסטיב מר,יחידה,0.00,יחידה,false,,18.90,0.0000,true,1,32616
7290012823398,false,מטליות חד פעמיות לניקוי הרצפה בניחוח מרכך כביסה 10יח' סנו,החברה הדרומית לשיווק בעמ,,ריצפז מטליות לחות בנ,יחידה,0.00,יחידה,false,,12.90,0.0000,true,1,89422
7290012823923,false,"מרכך כביסה מרוכז פרפיום גולדן מקסימה 750 מ""ל",החברה הדרומית לשיווק בעמ,,סנו מקסימה מרכך פרפי,מיליליטרים,750.00,"100 מ""ל",false,,19.90,2.6533,true,1,32639
7290012850073,false,מחית בוליווד סלט פירות 190 גרם,שקד תבל בע`מ,,בי לאב מחית סלט פירו,גרמים,190.00,100 גרם,false,,5.90,3.1053,true,1,101394
7290012884986,false,צ`יפס לתנור עד 4% שומן תפוגן (1.5 קג),קבוצת אוסם סחר שותפות מוגבלת,,תפוגן ציפס לתנור עד,קילוגרמים,1.50,"ק""ג",false,,30.90,20.6000,true,1,22175
7290012901355,false,דודלס ארוחת אטריות עם גבינה 206 גרם,האי נאם סי או אל.טי.,,דודלס ארוחת איטריות,גרמים,206.00,100 גרם,false,,11.90,5.7767,true,1,119452
7290012931062,false,אטבי כביסה הדור החדש,מ.א.ייצור ויבוא מטליות בעמ,,אטבי הדור החדש 10יח,יחידה,0.00,יחידה,false,,7.90,0.0000,true,1,141838
7290012931611,false,כריות ברזל לקרצוף חזק שייני 3 יחידות,מ.א.ייצור ויבוא מטליות בעמ,,כריות ברזל שלישייה,יחידה,0.00,יחידה,false,,7.90,0.0000,true,1,14498
7290012936937,false,תבלינים בהרט בצנצנת 40 גרם,א.ל. ייצור ושיווק תבלינים בע`מ,,מימון בהרט 40 גרם,גרמים,50.00,100 גרם,false,,12.90,25.8000,true,1,258
7290012938580,false,"משחת שיניים סנסודיין להלבנה עדינה 75 מ""ל",גלקסוסמית'\קליין קונסיומ,,משחת שיניים הלבנה עד,מיליליטרים,75.00,"100 מ""ל",false,,22.70,30.2667,true,1,4490
7290012938740,false,משחת שיניים סנסודיין פרש מינט מנטה 75 מל,גלקסו סמית קליין,,משחת שיניים פרש מינט,מיליליטרים,75.00,"100 מ""ל",false,,22.70,30.2667,true,1,4492
7290012962929,false,כפפות ניטריל סייף טא,,,כפפות ניטריל סייף טא,יחידה,0.00,יחידה,false,,29.90,0.0000,true,1,416790
7290013027399,false,לחם קמח מלא קל בתוספת שיפון 750 ג' אנג'ל,מאפיית שלמה א. אנג'\ל בע,,לחם 100 בתוספת שיפון,גרמים,750.00,100 גרם,false,,15.90,2.1200,true,1,69454
7290013038432,false,מים אקווה נובה בקבוק יחיד,אקווה נובה Aqua Nova,,אקווה נובה 2 ליטר,ליטרים,2.00,ליטר,false,,4.90,2.4500,true,1,10316
7290013083661,false,"מטרנה אקסטרה קר שלב 1 חסכון 700 גרם תמ""ל",קבוצת אוסם סחר-שות.מוגבלת,,מטרנה אקסטרה קר חסכו,גרמים,700.00,100 גרם,false,,61.90,8.8429,true,1,21397
7290013083685,false,תחליף חלב מטרנה אקסטרה קר שלב 3 חסכון 700 גרם,קבוצת אוסם סחר-שות.מוגבלת,,מטרנה אקסטרה קר שלב,גרמים,700.00,100 גרם,false,,61.90,8.8429,true,1,21399
7290013117212,false,בורקס פילו במילוי גבינה 600 גר`מעדנות,תנובה מרכז שיתופי לשיווק תוצרת,,בורקס פילו גבינה מעד,גרמים,600.00,100 גרם,false,,23.90,3.9833,true,1,39022
7290013117243,false,בורקס פילו בולגרית מעדנות 600 גרם,תנובה מרכז שיתופי לשיווק תוצרת,,בורקס פילו בולגרית מ,גרמים,600.00,100 גרם,false,,23.90,3.9833,true,1,69528
7290013117410,false,בצק פריך מרודד למאפים מתוקים 900 ג' מעדנות,תנובה מרכז שיתופי לשיווק תוצרת,,מעדנות בצק פריך מרוד,גרמים,900.00,100 גרם,false,,27.40,3.0444,true,1,39028
7290013144195,false,מיימונס תערובת כדורי שוקולד 500 גרם.,א.ל.ייצור ושיווק תבלינים בעמ,,תערובת כדורי שוקולד,גרמים,500.00,100 גרם,false,,17.90,3.5800,true,1,16196
7290013144232,false,מיימונס פודינג בטעם וניל 80 גרם,א.ל. ייצור ושיווק תבלינים בע`מ,,פודינג וניל מימונס 8,גרמים,80.00,100 גרם,false,,7.90,9.8750,true,1,16200
7290013144393,false,תמצית אפיה בטעם וניל מימונס (50 מל),א.ל. ייצור ושיווק תבלינים בע`מ,,תמצית בטעם וניל 50גר,גרמים,50.00,100 גרם,false,,5.50,11.0000,true,1,16211
7290013144614,false,"מיימונס סירופ מייפל אמיתי 100% מקנדה 236 מ""ל",א.ל.ייצור ושיווק תבלינים בעמ,,סירופ מייפל אמיתי 10,מיליליטרים,236.00,"100 מ""ל",false,,44.90,19.0254,true,1,16221
7290013144751,false,סירופ בטעם מייפל מימונס 500 גרם,א.ל. ייצור ושיווק תבלינים בע`מ,,מימונס סירופ בטעם מי,מיליליטרים,500.00,"100 מ""ל",false,,14.90,2.9800,true,1,16222
7290013145017,false,אגוז מלך קלוף מיימונס 100 גרם,א.ל. ייצור ושיווק תבלינים בע`מ,,מימונס אגוז מלך קלוף,גרמים,100.00,100 גרם,false,,12.90,12.9000,true,1,16228
7290013145031,false,אגוזי לוז מסוכרים מיימונס 100 גרם,א.ל. ייצור ושיווק תבלינים בע`מ,,מימונס ברס אגוזי לוז,גרמים,100.00,100 גרם,false,,13.90,13.9000,true,1,16230
7290013145109,false,שקד מולבון טחון מימונס 100 גרם,א.ל. ייצור ושיווק תבלינים בע`מ,,מימונס שקד מולבן טחו,גרמים,100.00,100 גרם,false,,13.90,13.9000,true,1,16235
7290013145123,false,מיימונס שקד מולבן פרוס 100 גרם,א.ל. ייצור ושיווק תבלינים בע`מ,,מימונס שקד מולבן פרו,גרמים,100.00,100 גרם,false,,13.90,13.9000,true,1,16237
7290013145130,false,"שקד מולבן חצוי 100 גרם ""מיימונס",א.ל. ייצור ושיווק תבלינים בע`מ,,מימונס שקד מולבן חצו,גרמים,100.00,100 גרם,false,,13.90,13.9000,true,1,16238
7290013145178,false,קוקוס לבן טחון מימונס (100 גרם),א.ל. ייצור ושיווק תבלינים בע`מ,,קוקוס טחון לבן 100 ג,גרמים,100.00,100 גרם,false,,5.90,5.9000,true,1,16241
7290013145192,false,שומשום מיימונס 100 גרם,א.ל. ייצור ושיווק תבלינים בע`מ,,שומשום 100גר,גרמים,100.00,100 גרם,false,,6.90,6.9000,true,1,16242
7290013145215,false,שומשום מימונס (400 גרם),א.ל.ייצור ושיווק תבלינים בעמ,,שומשום 400גר,גרמים,400.00,100 גרם,false,,16.90,4.2250,true,1,16243
7290013145390,false,מימונס שוקולד צ'יפס מהדרין 250 גר,א.ל. ייצור ושיווק תבלינים בע`מ,,מימונס שוקולד ציפס מ,גרמים,250.00,100 גרם,false,,9.90,3.9600,true,1,16246
7290013145406,false,שוקולד צ'יפס לבן מיימונס 250 גרם,א.ל. ייצור ושיווק תבלינים בע`מ,,מימונס שוקולד ציפס ל,גרמים,250.00,100 גרם,false,,10.90,4.3600,true,1,16247
7290013145444,false,שוקולד מריר מעולה ציפס 66% מימונס 250 ג',א.ל. ייצור ושיווק תבלינים בע`מ,,מימונס שוקולד ציפס 6,גרמים,250.00,100 גרם,false,,17.90,7.1600,true,1,16250
7290013145628,false,מימונס סוכריות צבעוניות לקישוט 200 גרם,א.ל. ייצור ושיווק תבלינים בע`מ,,סוכריות צבעוניות לקי,גרמים,200.00,100 גרם,false,,9.90,4.9500,true,1,16258
7290013145826,false,פודניג בטעם וניל לבן במיוחד מימונס 80 ג',א.ל. ייצור ושיווק תבלינים בע`מ,,מימונס פודינג בטעם ו,גרמים,80.00,100 גרם,false,,5.90,7.3750,true,1,16271
7290013145840,false,סוכר וניל מימונס 10יח בצלופן,א.ל. ייצור ושיווק תבלינים בע`מ,,מימונס סוכר וניל 10*,גרמים,100.00,100 גרם,false,,3.50,3.5000,true,1,16273
7290013145857,false,אבקת אפיה מימונס 10יח בצלופן,א.ל. ייצור ושיווק תבלינים בע`מ,,אבקת אפיה 10* 10 גרם,גרמים,100.00,100 גרם,false,,3.50,3.5000,true,1,16274
7290013145864,false,אבקת ג'לטין טהור מיימונס 28 גרם,א.ל. ייצור ושיווק תבלינים בע`מ,,מימונס ג`לטין טהור א,גרמים,28.00,100 גרם,false,,12.90,46.0714,true,1,16275
7290013145918,false,אבקת סוכר מיימונס 100 גרם,א.ל. ייצור ושיווק תבלינים בע`מ,,אבקת סוכר 100 גרם,גרמים,100.00,100 גרם,false,,2.90,2.9000,true,1,16278
7290013145963,false,שמרים יבשים בוואקום מיימונס 125 גרם,א.ל. ייצור ושיווק תבלינים בע`מ,,מימונס שמרים יבשים ב,גרמים,125.00,100 גרם,false,,7.90,6.3200,true,1,16282
7290013145970,false,קורנפלור מימונס בשקית 200 ג',א.ל. ייצור ושיווק תבלינים בע`מ,,מימונס קורנפלור 200,גרמים,200.00,100 גרם,false,,4.90,2.4500,true,1,16283
7290013146304,false,קורנפלור 500 גרם מימונס.,א.ל.ייצור ושיווק תבלינים בעמ,,מימונס קורנפלור 500,גרמים,500.00,100 גרם,false,,7.90,1.5800,true,1,113712
7290013146656,false,כוכבים תכלת ירוק לבן לקישוט 60 גר`מימונ,א.ל ייצור ושיווק תבלינים בעמ,,כוכבים צבעוניים לקיש,יחידה,0.00,יחידה,false,,12.90,0.0000,true,1,221935
7290013146663,false,אטריות צבעוניות לקישוט מימונס 55 גרם,א.ל ייצור ושיווק תבלינים בעמ,,קונפטי לקישוט צבעוני,גרמים,55.00,100 גרם,false,,12.90,23.4545,true,1,221936
7290013146670,false,סוכריות לב סגול ורוד לבן לקישוט 60 גרם,א.ל ייצור ושיווק תבלינים בעמ,,סוכריות לב צבעוניות,יחידה,0.00,יחידה,false,,12.90,0.0000,true,1,222061
7290013146762,false,מימונס קצפת מעולה 24% מעודנת 200מל,קפוא-זן תעשיות מזון בעמ - תפוג,,קצפת לזילוף 24% שומן,גרמים,500.00,100 גרם,false,,8.90,1.7800,true,1,347136
7290013153593,false,תפוזים מתקתק 100% פריגת 1 ליטר,*החברה המרכזית להפצת משקאותבעמ,,פריגת סחוט תפוזים מת,ליטרים,1.00,ליטר,false,,13.00,13.0000,true,1,80900
7290013203182,false,שרי מנומר -ליקופן,,,שרי מנומר -ליקופן,גרמים,200.00,100 גרם,false,,10.90,5.4500,true,1,55898
7290013215031,false,פטריות פורטובלה למיל,ביכורי שדה דרום 2002,,פטריות פורטובלה למיל,יח',1.00,יח',false,,19.90,19.9000,true,1,368585
7290013215123,false,פטריות שמפניון למילו,ביכורי שדה דרום 2002,,פטריות שמפניון למילו,יח',1.00,יח',false,,19.90,19.9000,true,1,368586
7290013221001,false,אננס חתוך קפוא 500 גרם,א.מ. שרון שיווק (2014) בעמ,,אננס 500 גרם בקופסא,גרמים,500.00,100 גרם,false,,24.90,4.9800,true,1,143953
7290013267665,false,סולרו מיני קלאסי - פירות טרופיים (חלבי),"מיוצר ע""\י גלידת שטראוס",,סולרו מאגדת מיני *,גרמים,354.00,100 גרם,false,,27.90,7.8814,true,1,4861
7290013268020,false,מקסימה מרכך כביסה מרוכז בניחוח אולטרא פרש סנו 1 ליטר,החברה הדרומית לשיווק בעמ,,סנו מקסימה אולטרא פר,יחידה,0.00,יחידה,false,,18.90,0.0000,true,1,32643
7290013268884,false,"נוזל רצפות מאסק 2 ליטר ""ריצפז פרש""",החברה הדרומית לשיווק בעמ,,ריצפז פרש מאסק 2 ליט,ליטרים,2.00,ליטר,false,,19.90,9.9500,true,1,32679
7290013268891,false,אוקסיג'ן ג'ל ללא אקונומיקה עם חמצן פעיל סנו 3 ליטר,החברה הדרומית לשיווק בעמ,,סנו אוקסיג'ן 3 ליטר,ליטרים,3.00,ליטר,false,,32.90,10.9667,true,1,32680
7290013268938,false,סנובון סבון לאסלה בניחוח מאסק סנו 3*65 גרם,החברה הדרומית לשיווק בעמ,,סנובון שלישיה מאסק 3,גרמים,195.00,100 גרם,false,,12.90,6.6154,true,1,32683
7290013268990,false,מרכך כביסה מרוכז לבן ביו סנו מקסימה 1 ליטר,החברה הדרומית לשיווק בעמ,,סנו מקסימה מרכך מרוכ,יחידה,0.00,יחידה,false,,18.90,0.0000,true,1,32684
7290013269263,false,ג'ל כביסה מרוכז מקסימה בבישום קריסטל נואר,החברה הדרומית לשיווק בעמ,,מקסימה גל כביסה קריס,ליטרים,3.00,ליטר,false,,35.90,11.9667,true,1,32694
7290013269287,false,סנו - מקסימה ג'ל כביסה מרוכז מאסק 3 ליטר,החברה הדרומית לשיווק בעמ,,מקסימה מאסק גל כביסה,ליטרים,3.00,ליטר,false,,35.90,11.9667,true,1,32695
7290013269621,false,ריצפז פרש לניקוי רצפות בניחוח מלון בוטיק,החברה הדרומית לשיווק בעמ,,ריצפז פרש הום בניחוח,ליטרים,2.00,ליטר,false,,24.90,12.4500,true,1,133579
7290013269645,false,ריצפז פרש מטליות לחות לריצפה בניחוח מאסק 10 יחידות,החברה הדרומית לשיווק בעמ,,ריצפז פרש מטליות לחו,יחידה,0.00,יחידה,false,,12.90,0.0000,true,1,32703
7290013269751,false,מטליות לחותריצפז פרש לניקוי ריצפה בניחות מלון בוטיק 10 יח' סנו,החברה הדרומית לשיווק בעמ,,ריצפז מטליות לחות לנ,יחידה,0.00,יחידה,false,,12.90,0.0000,true,1,135843
7290013269850,false,נייר אפיה אקולוגי סנו סושי 50 יחידות,החברה הדרומית לשיווק בעמ,,סנו סושי נייר אפיה א,יחידה,0.00,יחידה,false,,17.90,0.0000,true,1,32712
7290013269911,false,"סנו K-333 קוטל חרקים ללא ריח 750מ""ל",החברה הדרומית לשיווק בעמ,,333 - k,מיליליטרים,750.00,"100 מ""ל",false,,32.90,4.3867,true,1,32715
7290013358356,false,פירורי לחם מוזהבים מאסטר שף (320גרם),ש. שסטוביץ בע`מ,,מאסטר שף פירורי לחם,גרמים,350.00,100 גרם,false,,9.90,2.8286,true,1,23526
7290013358363,false,מאסטר שף פרורי לחם פנקו עבים בסגנון יפני 300 גר,קריניציה ויטמינה אס,,מאסטר שף פירורי לחם,גרמים,300.00,100 גרם,false,,10.90,3.6333,true,1,23527
7290013358493,false,מאסטר שף אסייאתי קרם קוקוס פחית 400 מל,תאי קוקונט פבליק קומפני,,מאסטר שף אסייאתי קרם,מיליליטרים,400.00,"100 מ""ל",false,,9.90,2.4750,true,1,23537
7290013358530,false,מאסטר שף אסייאתי רוטב צ'ילי מתוק 700 מל כשלפ,קריניציה ויטמינה אס,,מאסטר שף רוטב צ'ילי,מיליליטרים,700.00,"100 מ""ל",false,,13.90,1.9857,true,1,23541
7290013358806,false,מנה מאגדת פריכיות אורז עם מלח 264 גרם,ש. שסטוביץ בע`מ,,מאגדת פריכיות עם מלח,גרמים,264.00,100 גרם,false,,13.50,5.1136,true,1,23548
7290013366634,false,כרמל יבולים חסה סלנו,ביכורי השדה הצפון בעמ` 1964,,חסה סלנובה,יח',1.00,יח',false,,11.90,11.9000,true,1,55903
7290013389374,false,תומר קמח תירס דק 500 גר פולטנה,תומר ייבוא ושיווק מוצרי מזון [,,קמח תירס תומר 500 גר,גרמים,500.00,100 גרם,false,,9.30,1.8600,true,1,26532
7290013389381,false,"קמח תירס פולנטה מולינו 1 ק""ג",תומר ייבוא ושיווק מוצרי מזון [,,"קמח תירס תומר 1 ק""ג",קילוגרמים,1.00,"ק""ג",false,,11.90,11.9000,true,1,26533
7290013430250,false,אלכסנדר חיטה ישראלית בקבוק בודד 330 מל,אלכסנדר- בירה ישראלית מע,,אלכסנדר חיטה ישראלית,מיליליטרים,330.00,"100 מ""ל",false,,13.20,4.0000,true,1,285234
7290013440648,false,מאגדת שלגוני אבטיח נסטלה 5 יחידות,נגה גלידות שותפות מוגבלת,,אבטיח קרחונים מאגדת,גרמים,540.00,100 גרם,false,,27.90,5.1667,true,1,16980
7290013472199,false,ערמונים קלופים וקלויים 105 גרם,ג.וילי פוד אינטרנשיונל בעמ,,וילי פוד ערמונים 100,גרמים,100.00,100 גרם,false,,6.90,6.9000,true,1,74801
7290013531117,false,רוטב פסטה לילדים יכין (240 גר`),"זנלכל בע""\מ",,רוטב לפסטה לילדים יכ,גרמים,260.00,100 גרם,false,,6.50,2.5000,true,1,9422
7290013531346,false,סירופ דיאט בטעם לימונענע יכין 1 ליטר,זנלכול יכין,,סירופ דיאט לימונענע,ליטרים,1.00,ליטר,false,,17.90,17.9000,true,1,9424
7290013531759,false,שעועית לבנה מבושלת במים יכין (550 גרם),זנלכול יכין,,שעועית אפויה במים יכ,גרמים,550.00,100 גרם,false,,10.90,1.9818,true,1,9441
7290013585233,false,"ספרייט זירו פחית סליק 330 מ""ל",החברה המרכזית להפצת משקאות בעמ,,פחית סליק 330 מל ZER,מיליליטרים,330.00,"100 מ""ל",false,,5.50,1.6667,true,1,7807
7290013585387,false,בקבוק זירו קוקה-קולה (1 ליטר),החברה המרכזית להפצת משקאות בעמ,,קולה זירו 1 ליטר,ליטרים,1.00,ליטר,false,,7.90,7.9000,true,1,7818
7290013585394,false,בקבוק קוקה-קולה (1 ליטר),החברה המרכזית להפצת משקאות בעמ,,קוקה קולה 1 ליטר,ליטרים,1.00,ליטר,false,,7.90,7.9000,true,1,7819
7290013608260,false,מיץ רימונים 100%מיץ סחוט טרי מצונן 1ליט,שטראוס גרופ בעמ/מצונן,,פרימור מיץ רימונים ס,יחידה,0.00,יחידה,false,,27.70,0.0000,true,1,24895
7290013677808,false,אורז יסמין מיה (1 קג),מיה תעשיות מזון מ.ת.מ. בעמ,,אורז יסמין 1 ק'ג,קילוגרמים,1.00,"ק""ג",false,,13.80,13.8000,true,1,15871
7290013787392,false,רביולי גבינות קלאסי 330 גרם ריקו בית יוסף,דודו איטליאן פרודקטס בע\,,רביולי גבינות קלאסי,גרמים,330.00,100 גרם,false,,28.90,8.7576,true,1,248335
7290013847102,false,נתחי טונה בהירה בשמן - מארז שלישיה,דיפלומט מפיצים (1968) בעמ**,,טונה בשמן סטארקיסט ש,גרמים,240.00,100 גרם,false,,15.90,6.6250,true,1,113739
7290013848345,false,מארז מטליות לחיטוי וניקוי יסודי אנטיבקטריאלי 99.9%,החברה הדרומית לשיווק בעמ,,מטליות לחות לחיטוי י,יחידה,0.00,יחידה,false,,24.90,0.0000,true,1,138580
7290013848758,false,מקסימה גל כביסה מרוכז בייבי 3ליטר סנסטיב,החברה הדרומית לשיווק בעמ,,סנו מקסימה ג'ל כביסה,ליטרים,3.00,ליטר,false,,38.90,12.9667,true,1,32737
7290013906205,false,פסטרמה עם שום וצילי טירת צבי 400 ג',תנובה מרכז שיתופי לשיווק תוצרת,,טירת צבי פסטרמה שום,גרמים,400.00,100 גרם,false,,30.90,7.7250,true,1,26777
7290013906441,false,קבנוס טירת צבי 120 גרם,תנובה מרכז שיתופי לשיווק תוצרת,,טירת צבי קבנוס 120 ג,גרמים,120.00,100 גרם,false,,11.90,9.9167,true,1,26791
7290013906458,false,קבנוס בטעם פיקנטי טירת צבי 120 גרם,תנובה מרכז שיתופי לשיווק תוצרת,,טירת צבי קבנוס פיקנט,גרמים,120.00,100 גרם,false,,11.90,9.9167,true,1,26792
7290013906687,false,פסט' צמד כפרית ברביקיו ודבש 300X2ג' טירת צבי,תנובה מרכז שיתופי לשיווק תוצרת,,טירת צבי צמד כפרית ב,גרמים,600.00,100 גרם,false,,28.90,4.8167,true,1,26797
7290013906694,false,נקניקיות שקית קילו וחצי טירת צבי,תנובה מרכז שיתופי לשיווק תוצרת,,"נקניקיות עוף 1.5 ק""ג",קילוגרמים,1.50,"100 ק""ג",false,,37.90,2526.6667,true,1,393349
7290014002197,false,חליטת קמומיל ולימונית הגן הקסום ויסוצקי 25 יחידות,תה ויסוצקי (ישראל) בעמ,,תה חליטת קמומיל ולימ,גרמים,37.50,100 גרם,false,,19.90,53.0667,true,1,26200
7290014002203,false,חליטת לימונית ולואיזה הגן הקסום ויסוצקי 25 יחידות,תה ויסוצקי (ישראל) בעמ,,תה חליטת לימונית ולו,גרמים,37.50,100 גרם,false,,19.90,53.0667,true,1,26201
7290014002944,false,גן קסום חליטת פירות וצמחים חמדת שקד 25 שקיקים,תה ויסוצקי (ישראל) בעמ,,תה גן קסום חליטת חמא,גרמים,62.50,100 גרם,false,,19.90,31.8400,true,1,26216
7290014046016,false,פסטרמה של פעם דל שומן 2% רכיבים טבעיים,מעדני יחיעם ( 1993 ) בע`מ,,יחיעם פסטרמה הודו 10,גרמים,250.00,100 גרם,false,,28.90,11.5600,true,1,16426
7290014066366,false,לנדוור-קפסולות אספרסו ריסטרטו(08) - 10יח'12X יח,ש.שסטוביץ בעמ,,לנדוור קפה אספרסו רי,יחידה,0.00,יחידה,false,,16.90,0.0000,true,1,137967
7290014066526,false,לנדוור-קפסולות אספרסו תערובת הבית(11) - 10יח'12X יח,ש.שסטוביץ בעמ,,לנדוור קפסולות אספרס,יחידה,0.00,יחידה,false,,16.90,0.0000,true,1,220110
7290014079014,false,לבבות קיסר ארוז נספק,"מרינה פטריות הגליל בע""מ",,לבבות קיסר,גרמים,300.00,100 גרם,false,,10.90,3.6333,true,1,55926
7290014079076,false,נבטי אלפלפא מרינה,"מרינה פטריות הגליל בע""מ",,נבטי אלפלפא,יח',1.00,יח',false,,7.90,7.9000,true,1,55927
7290014094383,false,משמש בקופסא ששון הקולה 250 גר`,דין שיווק וקליה 2021 בעמ,,שקדיה משמש מיובש 330,גרמים,330.00,100 גרם,false,,24.90,7.5455,true,1,5321
7290014094895,false,אגוזים קלופים בשקית ששון הקולה 150 גרם,דין שיווק וקליה 2021 בעמ,,אגוז מלך 150גר ששון,גרמים,150.00,100 גרם,false,,11.90,7.9333,true,1,5353
7290014095861,false,שיבולת שועל דקה בשקית שקדיה 500 גרם,דין שיווק וקליה 2021 בעמ,,שיבולת שועל דקה קווא,גרמים,500.00,100 גרם,false,,6.90,1.3800,true,1,5358
7290014095946,false,משוקלדים פקאן בשוקולד מריר 140 גרם,דין שיווק וקליה 2021 בעמ,,פקאן בציפוי שוקולד מ,גרמים,140.00,100 גרם,false,,11.90,8.5000,true,1,5359
7290014095960,false,שיבולת שועל עבה בשקית שקדיה 500 גרם,דין שיווק וקליה 2021 בעמ,,שיבולת שועל עבה קווא,גרמים,500.00,100 גרם,false,,6.90,1.3800,true,1,5361
7290014204560,false,"פנינהרוזנבלום- סבון נוזלי לידיים שלישיה,3*500 מ""ל","פנינה רוזנבלום בע""מ",,סבון נוזלי פנינה רוז,ליטרים,1.50,ליטר,false,,13.90,9.2667,true,1,20494
7290014217065,false,אורגנו עלים בקופ' 30 גר' טעם וריח,"תבליני טעם וריח בע""מ",,טעם וריח אורגנו מיכל,גרמים,30.00,100 גרם,false,,11.90,39.6667,true,1,49500
7290014217171,false,תערובת תיבול תיבול גריל דג מיכל 100ג',"תבליני טעם וריח בע""מ",,תבלין בתיבול גריל דג,גרמים,100.00,100 גרם,false,,9.80,9.8000,true,1,49507
7290014217225,false,גריל עוף בקופ' 120 גר' טעם וריח,"תבליני טעם וריח בע""מ",,טעם וריח גריל עוף מי,גרמים,120.00,100 גרם,false,,11.90,9.9167,true,1,49508
7290014217263,false,תיבול לפרגית בקופ' 100 גר' טעם וריח,"תבליני טעם וריח בע""מ",,תבלין תיבול פרגית טע,גרמים,100.00,100 גרם,false,,11.90,11.9000,true,1,49510
7290014217317,false,"קינמון מקלות 8 ס""מ 1",,,"קינמון מקלות 8 ס""מ 1",קילוגרמים,1.00,"100 ק""ג",false,,107.00,10700.0000,true,1,472455
7290014217355,false,קרי אבקה בקופ' 100 גר' טעם וריח,"תבליני טעם וריח בע""מ",,תבלין אבקת קרי טעם ו,גרמים,100.00,100 גרם,false,,9.80,9.8000,true,1,49514
7290014217515,false,לציפוי מאפה מלוח מיכל 90 גר`טעם וריח,"תבליני טעם וריח בע""מ",,תערובת ציפוי למאפה מ,גרמים,90.00,100 גרם,false,,10.90,12.1111,true,1,129510
7290014218932,false,חטיפי פיצה בתוספ זיתים בשקית מעדנות 710 גרם,מיוצר עי קונדיטוריית,,חטיפי פיצה בתוספת זי,גרמים,710.00,100 גרם,false,,36.90,5.1972,true,1,141095
7290014325531,false,"חמאת בוטנים 500ג מיה כשל""פ בד""צ",מיה תעשיות מזון מ.ת.מ בעמ,,חמאת בוטנים 500 גרם,גרמים,500.00,100 גרם,false,,13.90,2.7800,true,1,15897
7290014397279,false,שקיות מזון גדולות XL סנו סושי 300 יחידות,החברה הדרומית לשיווק בעמ,,סנו סושי שקיות מזון,יחידה,0.00,יחידה,false,,14.90,0.0000,true,1,32762
7290014397767,false,סנו ריצפז פרש הום 2 ליטר בניחוח כותנה-מרכז,החברה הדרומית לשיווק בעמ,,ריצפז פרש הום כותנה,ליטרים,2.00,ליטר,false,,24.90,12.4500,true,1,32789
7290014397781,false,סנו ריצפז פרש הום 2 ליטר בניחוח סבון,החברה הדרומית לשיווק בעמ,,ריצפז פרש הום סבון מ,ליטרים,2.00,ליטר,false,,24.90,12.4500,true,1,32791
7290014455245,false,גבינה גרנה פדנו משולש גד 200 גר',מחלבות גד שיווק 1992 בעמ,,גד גרנה פדנו משולש כ,גרמים,200.00,100 גרם,false,,27.00,13.5000,true,1,15455
7290014455252,false,גבינת גרנה פדנו מגורדת 29% גד (100 גרם),מחלבות גד שיווק 1992 בעמ,,גד גרנה פדנו מגורד כ,גרמים,100.00,100 גרם,false,,12.50,12.5000,true,1,15456
7290014455320,false,גבינה כדורי מוצרלה פרסקה גד 100ג',מחלבות גד שיווק 1992 בעמ,,גד כדור מוצרלה פרסקה,גרמים,100.00,100 גרם,false,,10.50,10.5000,true,1,15459
7290014455467,false,ירח מתוק מעדן חלב 2% ושיבולת שועל גד 150ג',מחלבות גד שיווק 1992 בעמ,,גד מעדן שיבולת שועל,מיליליטרים,150.00,"100 מ""ל",false,,6.50,4.3333,true,1,15464
7290014459137,false,"תפוגן סטייק צ'יפס 1.5 ק""ג אסם",קבוצת אוסם סחר שותפות מוגבלת,,תפוגן סטייק ציפס 1.5,קילוגרמים,1.50,"ק""ג",false,,28.90,19.2667,true,1,22186
7290014459373,false,"צ'יפס קראנצ'י לתנור קפוא תפוגן 1.5ק""ג",קבוצת אוסם סחר שותפות מוגבלת,,תפוגן ציפס קראנצי 1.,קילוגרמים,1.50,"ק""ג",false,,28.90,19.2667,true,1,22190
7290014466609,false,יין גמלא מרלו עברית 2018*,היכל היין שקד גולן בעמ,,יין גמלא מרלו 2012 7,מיליליטרים,750.00,"100 מ""ל",false,,60.90,8.1200,true,1,113767
7290014471436,false,"מוזלי צימוקים תפוח קינמון וגרעיני חמניה 1 ק""ג כחול שקדיה",דין שיווק וקליה 2021 בעמ,,מוזלי צימוקים תפוח ק,קילוגרמים,1.00,"ק""ג",false,,19.90,19.9000,true,1,117092
7290014471443,false,"גרנולה צימוקים אגוזים ושקדים1 ק""ג חדש - 443 כתום שקדיה (כתום)",דין שיווק וקליה 2021 בעמ,,גרנולה צימוקים אגוזי,קילוגרמים,1.00,"ק""ג",false,,19.90,19.9000,true,1,117093
7290014472136,false,גרעין שחור קלוי ששון הקולה (150 גרם),דין שיווק וקליה 2021 בעמ,,גרעין שחור קלוי 150,גרמים,150.00,100 גרם,false,,4.90,3.2667,true,1,5374
7290014472471,false,גרעיני חמנייה קלוי ענק ששון הקולה 200 גרם,דין שיווק וקליה 2021 בעמ,,גרעין שחור ענק 200 ג,גרמים,200.00,100 גרם,false,,7.90,3.9500,true,1,5384
7290014472488,false,שקד קלוי ענק 250 גרם פרימיום ששון הקולה,דין שיווק וקליה 2021 בעמ,,שקד קלוי פרימיום 250,גרמים,250.00,100 גרם,false,,26.90,10.7600,true,1,5385
7290014472495,false,קשיו קלוי ענק פרימיום ששון הקולה 250 גרם,דין שיווק וקליה 2021 בעמ,,קשיו קלוי ענק פרימיו,גרמים,250.00,100 גרם,false,,21.90,8.7600,true,1,5386
7290014472501,false,פיסטוק קלוי ענק פרימיום ששון הקולה 250 גרם,דין שיווק וקליה 2021 בעמ,,פיסטוק קלוי ענק 250,גרמים,250.00,100 גרם,false,,25.90,10.3600,true,1,5387
7290014472990,false,ממרח 100% שקדים שקדיה (300 גרם),דין שיווק וקליה 2021 בעמ,,ממרח 100% שקדים שקדי,גרמים,300.00,100 גרם,false,,33.90,11.3000,true,1,5411
7290014525023,false,חטיף בריאות יוגורט במילוי פירות יער 182ג,סלים דליס Slim Delis,,חטיף פירות יער סלים,גרמים,215.00,100 גרם,false,,12.90,6.0000,true,1,118602
7290014534650,false,"פסטה ""לה פסטה"" 400 ג' צינור 400 ג'",תומר ייבוא ושיווק מוצרי מזון [,,פסטה פנה 113 לה פסטה,גרמים,400.00,100 גרם,false,,4.10,1.0250,true,1,118777
7290014636903,false,כרבולית קורל מינק 170*130,,,כרבולית מינק 130/170,יחידה,0.00,יחידה,false,,49.90,0.0000,true,1,487392
7290014673434,false,פלפל שחור גרוס דק שקית תבליני מימון 80גרם,א.ל.ייצור ושיווק תבלינים בעמ,,פלפל שחור גרוס דק בש,גרמים,80.00,100 גרם,false,,9.80,12.2500,true,1,125966
7290014692299,false,גבינת ברי EURO CHEESE ויליפוד 125 גרם,ג.וילי-פוד אינטרנשיונל **גבינו,,גבינת ברי 125 גרם EU,גרמים,125.00,100 גרם,false,,19.90,15.9200,true,1,3682
7290014692305,false,גבינת קממבר EURO CHEESE ויליפוד 125 גרם,ג.וילי-פוד אינטרנשיונל **גבינו,,גבינת קממבר 125 גרם,גרמים,125.00,100 גרם,false,,19.90,15.9200,true,1,3683
7290014731264,false,ספלאש כוסות 180CC לשתייה קרה 100 יחידות,רם,,כוסות לשתיה קרה חד פ,יח',100.00,יח',false,,7.90,0.0790,true,1,30236
7290014749245,false,ספיישל רצועות שניצל שומשום עוף טוב 600 גרם,קבוצת אוסם סחר שותפות מוגבלת,,רצועות שניצל שומשום,גרמים,600.00,100 גרם,false,,40.90,6.8167,true,1,221951
7290014749764,false,עוף טוב שניצל עוף ביתי עדין כזה 700 גרם,קבוצת אוסם סחר שותפות מוגבלת,,שניצל עוף ביתי כזה ע,גרמים,700.00,100 גרם,false,,45.90,6.5571,true,1,221876
7290014749863,false,עוף טוב שניצל דק ענק קריספי צ'יפס 720 גרם,קבוצת אוסם סחר-שות.מוגבלת,,שניצל עוף דקיק בציפו,גרמים,720.00,100 גרם,false,,40.90,5.6806,true,1,302442
7290014758100,false,מאגדת יוגורט ביו 3% שומן 8 יח' *150ג' תנובה,מיוצר עי קונדיטוריית,,יוגורט תנובה 3% 8*15,קילוגרמים,1.20,"ק""ג",false,,17.50,14.5833,true,1,27745
7290014758117,false,מאגדת יוגורט ביו 1.5% שומן 8 יח' *150 ג' תנובה,מיוצר עי קונדיטוריית,,יוגורט תנובה 1.5% 8*,קילוגרמים,1.20,"ק""ג",false,,17.50,14.5833,true,1,27746
7290014758162,false,חלב עיזים מלא 3.6% שומן תנובה (1 ליטר),תנובה מרכז שיתופי לש,,חלב תנובה עיזים מלא,ליטרים,1.00,ליטר,false,,15.90,15.9000,true,1,27748
7290014758681,false,גבינת קוטג`1% בגביע תנובה (250 גרם),מיוצר עי קונדיטוריית,,קוטג תנובה 1% 250ג,גרמים,250.00,100 גרם,false,,5.70,2.2800,true,1,27767
7290014759084,false,גבינת שמנת נפוליאון 16% מופחת שומן תנובה 225 גרם,תנובה מרכז שיתופי לש,,נפוליאון 16% 225גר,גרמים,225.00,100 גרם,false,,15.50,6.8889,true,1,27770
7290014759985,false,פרמזן פלח גבע 23% 200 גר`קולקשיין תנובה,תנובה - חלב,,גבינה קשה מחלב בקר 2,גרמים,200.00,100 גרם,false,,28.50,14.2500,true,1,27789
7290014760134,false,"מעדן סויה בטעם וניל תנובה 125 מ""ל",תנובה Alternative,,גביע מעדן סויה בטעם,גרמים,125.00,100 גרם,false,,4.90,3.9200,true,1,111035
7290014760448,false,גבינה צהובה גלבוע 400 גרם 22% שומן תנובה,מחלבת בית יצחק,,גלבוע 22% 400 גרם,גרמים,400.00,100 גרם,false,,24.00,6.0000,true,1,27799
7290014760912,false,גבינה צהובה 28% מהדרין גוש חלב (400 גרם),תנובה מרכז שיתופי לש,,גוש חלב 28% מהדרין 4,גרמים,400.00,100 גרם,false,,26.10,6.5250,true,1,27813
7290014761056,false,מעדן שוקולד חלב יולו תנובה 123 גרם,מיוצר עי קונדיטוריית,,יולו שוקולד חלב מעול,גרמים,122.00,100 גרם,false,,5.50,4.5082,true,1,27817
7290014761063,false,מעדן שוקולד מריר יולו תנובה 123 גרם,מיוצר עי קונדיטוריית,,יולו שוקולד מריר מעו,גרמים,122.00,100 גרם,false,,5.50,4.5082,true,1,27818
7290014761070,false,מעדן שוקולד לבן יולו תנובה 123 גרם,מיוצר עי קונדיטוריית,,יולו שוקולד לבן מעול,גרמים,122.00,100 גרם,false,,5.50,4.5082,true,1,27819
7290014761193,false,יוגורט עם פירות יער 1.5% שומן 125 ג' פרילי,תנובה מרכז שיתופי לש,,פרילי פירות יער 1.5%,גרמים,125.00,100 גרם,false,,3.90,3.1200,true,1,27822
7290014761414,false,יולו מעדן שכבות שוקולד חלב ולבן 123 גר,מיוצר עי קונדיטוריית,,יולו מעדן שכבות שוקו,גרמים,122.00,100 גרם,false,,5.50,4.5082,true,1,27836
7290014761612,false,מעדן שכבות שוקולד מריר ולבן יולו 122 גרם,מיוצר עי קונדיטוריית,,יולו שכבות שוקולד מר,גרמים,122.00,100 גרם,false,,5.50,4.5082,true,1,27843
7290014762756,false,גבינת שמנת נפוליאון 16% עם בצל תנובה 225 גרם,תנובה - חלב,,נפוליאון 16% עם בצל,גרמים,225.00,100 גרם,false,,15.50,6.8889,true,1,27891
7290014762800,false,מעדן סויה שוקולד גביע 125 גרם אלטרנטיב,תנובה מרכז שיתופי לש,,גביע מעדן סויה בטעם,גרמים,125.00,100 גרם,false,,4.90,3.9200,true,1,91659
7290014762831,false,גבינת שמנת נפוליאון 16% עם פלפל חלפיניו תנובה 225 גרם,תנובה מרכז שיתופי לש,,גבינת שמנת נפוליאון,גרמים,225.00,100 גרם,false,,15.50,6.8889,true,1,27893
7290014762909,false,פתיתי מוצרלה השף הלבן 10% תוספת מתנה,"תנובה, מחלבת תל יוסף",,פתיתי מוצרלה 200 גר`,גרמים,200.00,100 גרם,false,,17.90,8.9500,true,1,27899
7290014763272,false,יוגורט סויה BIO לשתיה תות ובננה אלטרנטיב,תות תעשיות מזון (201,,משקה סויה ביו עם תות,מיליליטרים,250.00,"100 מ""ל",false,,6.90,2.7600,true,1,27912
7290014855434,false,מגבונים בייביסיטר פרפורמנס מבושם רביעיה,בייביסיטר Babysitter,,בייביסיטר פרפורמנס מ,יחידה,0.00,יחידה,false,,17.90,0.0000,true,1,31709
7290014855458,false,מגבוני בייביסיטר פרפורמנס ללא בישום מארז 72X4יח',בייביסיטר Babysitter,,מגבוני בייבי פרפורמנ,יחידה,0.00,יחידה,false,,17.90,0.0000,true,1,31710
7290014901896,false,"מי פה סנסודיין מנטה מרענן 500 מ""ל",גלקסוסמיתקליין,,מי פה סנסודיין 500 מ,מיליליטרים,500.00,"100 מ""ל",false,,35.90,7.1800,true,1,4553
7290014910515,false,שימורי דגים שפרוטים מעושנים בשמן צמחי 250 גרם,יורוסטנדרט בעמ,,שפרוטים מעושנים רויא,גרמים,250.00,100 גרם,false,,13.90,5.5600,true,1,107416
7290014940901,false,לחם פשוט מלא לילדים פרוס אנג`ל (750 גרם),מאפיית שלמה א. אנג'\ל בע,,לחם פשוט מלא אנגל 75,גרמים,750.00,100 גרם,false,,15.90,2.1200,true,1,69469
7290015009409,false,זיתים שחורים מזן טאסוס במלח 250 גרם,אידיאל סנייק,,זיתים שחורים זן טאטו,גרמים,250.00,100 גרם,false,,20.90,8.3600,true,1,286621
7290015009447,false,זיתים שחורים מגולענים מזן קלמטה,אידיאל סנייק,,זיתים שחורים מזן קלמ,גרמים,440.00,100 גרם,false,,22.90,5.2045,true,1,424627
7290015081955,false,"ד""ר פישר - אולטרסול ספורט מקס ספריי שקוף 200 מ""ל 50SPF",פישר תעשיות פרמבצטיות בעמ,,אולטרסול ספורט מקס ס,מיליליטרים,200.00,"100 מ""ל",false,,44.90,22.4500,true,1,31478
7290015150088,false,מחית עגבניות קלה גרנד איטליה 700 גרם,תה ויסוצקי (ישראל) בעמ,,מחית עגבניות בלה איט,גרמים,700.00,100 גרם,false,,12.90,1.8429,true,1,26239
7290015150118,false,שלישיית עגבניות חתוכות דק גרנד איטליה 400 גרם,תה ויסוצקי (ישראל) בעמ,,עגבניות חתוכות דק בל,גרמים,400.00,100 גרם,false,,19.90,4.9750,true,1,26242
7290015150200,false,עגבניות חתוכות דק גרנד איטליה ויסוצקי,תה ויסוצקי (ישראל)בעמ,,עגבניות חתוכות דק ו,גרמים,400.00,100 גרם,false,,6.90,1.7250,true,1,26243
7290015150903,false,תה ירוק גן קסום קינמון ודבש 25 שק*1.5 גר,תה ויסוצקי (ישראל) בעמ,,תה ירוק קינמון ודבש,גרמים,37.50,100 גרם,false,,26.90,71.7333,true,1,26257
7290015155830,false,מחית תפוחי עץ ובננה חטיפטף ללא תוספת סוכר,גורי מוצרי צריכה (1991) בעמ,,פאוץ' פרינוק מחית תפ,גרמים,120.00,100 גרם,false,,6.50,5.4167,true,1,106151
7290015193566,false,מעדני המלך אובלטים שומשום 300 גרם,אם החיטה,,אובלטים שומשום 300 ג,גרמים,300.00,100 גרם,false,,10.90,3.6333,true,1,72448
7290015193634,false,אובלטים דקיקים קימל מעדני המלך 300 גר',אם החיטה,,אובלטים קימל 300 גרם,גרמים,300.00,100 גרם,false,,10.90,3.6333,true,1,105258
7290015251181,false,"שלישיית סבון ידים כחול 500 מ""ל נובו",סאסאטק אגשח בעמ,,סבון ידיים כחול נובו,ליטרים,1.50,ליטר,false,,12.90,8.6000,true,1,41643
7290015282024,false,איקרא לבנה SEVEN SEAS 200 גרם,"סלטי שמיר 2006 בע""מ",,איקרה לבנה סלטי שמיר,גרמים,200.00,100 גרם,false,,15.90,7.9500,true,1,19925
7290015282581,false,חומוס אבו גוש עם חריף שמיר 200 גרם,"סלטי שמיר 2006 בע""מ",,חומוס אבו גוש עם חרי,גרמים,200.00,100 גרם,false,,11.90,5.9500,true,1,79355
7290015282598,false,חומוס מסעדות גורמה שמיר 200 גרם,"סלטי שמיר 2006 בע""מ",,חומוס מסעדות,גרמים,200.00,100 גרם,false,,11.90,5.9500,true,1,79356
7290015282604,false,טחינה מיוחדת גורמה שמיר 200 גרם,"סלטי שמיר 2006 בע""מ",,טחינה מיוחדת,גרמים,200.00,100 גרם,false,,11.90,5.9500,true,1,79357
7290015282642,false,חומוס אבו גוש גורמה שמיר 200 גרם,"סלטי שמיר 2006 בע""מ",,חומוס אבו גוש,גרמים,200.00,100 גרם,false,,11.90,5.9500,true,1,79360
7290015282673,false,חציל במיונז ביתי גורמה שמיר 200 גרם,"סלטי שמיר 2006 בע""מ",,חציל במיונז ביתי,גרמים,200.00,100 גרם,false,,11.90,5.9500,true,1,79361
7290015282741,false,חציל תאילנדי אסלי שמיר 200 ג',"סלטי שמיר 2006 בע""מ",,חציל תילאנדי סלטי שמ,גרמים,200.00,100 גרם,false,,13.90,6.9500,true,1,79367
7290015282796,false,"סלט תפו""א שמיר במיונז 200ג'","סלטי שמיר 2006 בע""מ",,סלט תפוח אדמה 200 ג,גרמים,200.00,100 גרם,false,,13.90,6.9500,true,1,79371
7290015324007,false,פלפל שחור גרוס 80 גר' טעם וריח,"תבליני טעם וריח בע""מ",,טעם וריח פלפל שחור ג,גרמים,80.00,100 גרם,false,,12.90,16.1250,true,1,49518
7290015324014,false,"פלפל שחור טחון בשקית 80 גרם ""טעם וריח""","תבליני טעם וריח בע""מ",,טעם וריח פלפל שחור ט,גרמים,80.00,100 גרם,false,,12.90,16.1250,true,1,49519
7290015324038,false,פפריקה מתוקה בשמן 100 גרם טעם וריח,"תבליני טעם וריח בע""מ",,טעם וריח פפריקה בשמן,גרמים,80.00,100 גרם,false,,6.50,8.1250,true,1,49520
7290015324045,false,תבלין פפריקה חריפה 80 גר' שק',"תבליני טעם וריח בע""מ",,תבלין פפריקה חריפה ב,גרמים,80.00,100 גרם,false,,6.50,8.1250,true,1,49521
7290015324052,false,פפריקה מתוקה 80 גר' טעם וריח,"תבליני טעם וריח בע""מ",,טעם וריח פפריקה מתוק,גרמים,80.00,100 גרם,false,,6.50,8.1250,true,1,49522
7290015324069,false,גריל עוף 80 גר' טעם וריח,"תבליני טעם וריח בע""מ",,טעם וריח גריל עוף שק,גרמים,80.00,100 גרם,false,,6.50,8.1250,true,1,62411
7290015324076,false,זעתר מעורב 80 גר' טעם וריח,"תבליני טעם וריח בע""מ",,טעם וריח זעתר שקית 8,גרמים,80.00,100 גרם,false,,6.90,8.6250,true,1,49523
7290015324083,false,מלח לימון 80 גר' טעם וריח,"תבליני טעם וריח בע""מ",,טעם וריח מלח לימון ש,גרמים,80.00,100 גרם,false,,6.50,8.1250,true,1,49524
7290015324090,false,כמון טחון 80 גר' טעם וריח,"תבליני טעם וריח בע""מ",,טעם וריח כמון שקית 8,גרמים,80.00,100 גרם,false,,8.90,11.1250,true,1,49525
7290015324106,false,כורכום טחון 80 גר' טעם וריח,"תבליני טעם וריח בע""מ",,טעם וריח כורכום שקית,גרמים,80.00,100 גרם,false,,8.90,11.1250,true,1,49526
7290015324113,false,טעם וריח בהרט שקית 8,"תבליני טעם וריח בע""מ",,טעם וריח בהרט שקית 8,גרמים,80.00,100 גרם,false,,6.90,8.6250,true,1,49527
7290015324120,false,שום גבישי 80 גר' טעם וריח,"תבליני טעם וריח בע""מ",,טעם וריח שום גבישי ב,גרמים,80.00,100 גרם,false,,9.90,12.3750,true,1,49528
7290015324151,false,חוואיג' למרק 80 גר' טעם וריח,"תבליני טעם וריח בע""מ",,תבלין חוויאג למרק ב,גרמים,80.00,100 גרם,false,,6.90,8.6250,true,1,49529
7290015324175,false,תיבול לשווארמה 80 גר' טעם וריח,"תבליני טעם וריח בע""מ",,תערובת תיבול לשווארמ,גרמים,80.00,100 גרם,false,,6.80,8.5000,true,1,49531
7290015324724,false,מחית צ`ילי חריף `טעם וריח' 230 גרם,ליני קאטייאמה פודסטאפס ב,,מחית צ'ילי חריף 230,גרמים,230.00,100 גרם,false,,14.90,6.4783,true,1,422773
7290015328692,false,מנורת לד 12 וולט,,,מנורת לד 12 וולט,יחידה,0.00,יחידה,false,,9.90,0.0000,true,1,125295
7290015328791,false,נרות חנוכה צבעוניים 50 יח',,,נרות חנוכה צבעוניים,יחידה,0.00,יחידה,false,,4.90,0.0000,true,1,131729
7290015328807,false,נרות חנוכה לוקס לירו,,,נרות חנוכה לוקס לירו,יחידה,0.00,יחידה,false,,7.90,0.0000,true,1,131730
7290015347273,false,נטיפי שוקולד לאפייה שוקולדמריר 250גר,מיה תעשיות מזון מ.ת.מ. בעמ,,נטיפי שוקולד מריר לא,גרמים,250.00,100 גרם,false,,9.90,3.9600,true,1,15905
7290015347488,false,"סוכר דמררה חום שקית מיה 1 ק""ג",מיה תעשיות מזון מ.ת.מ. בעמ,,סוכר דמררה בשקית מיה,קילוגרמים,1.00,"ק""ג",false,,10.90,10.9000,true,1,15920
7290015348089,false,"למברוסקו אדום ביאנקו 750 מ""ל ""אמיליאנו""",טמפו משקאות בעמ,,למברוסקו אמיליאנו לב,מיליליטרים,750.00,"100 מ""ל",false,,27.20,3.6267,true,1,10318
7290015366663,false,"משחת שיניים מנטה עדין אקווה פרש 100 מ""ל",גלקסוסמיתקליין,,מש.שיניים מנטה עדין,גרמים,100.00,100 גרם,false,,7.90,7.9000,true,1,4578
7290015366670,false,משחת שיניים בטעם מנטה אקוהפרש (100 מל),גלקסוסמיתקליין,,מש.שיניים מנטה אקווה,גרמים,100.00,100 גרם,false,,7.90,7.9000,true,1,4579
7290015374316,false,"אגרול סיני בד""צ 400גר",חטיפי אלקיים בעמ ~~~,,אגרול סיני 400 גרם,גרמים,400.00,100 גרם,false,,12.90,3.2250,true,1,66937
7290015374323,false,"קובה ביתי במילוי בשר בד""צ 400גר",חטיפי אלקיים בעמ ~~~,,קובה ביתי במילוי בשר,גרמים,400.00,100 גרם,false,,12.90,3.2250,true,1,66938
7290015437431,false,רכז רימונים 100% טבעי 420 גר,תומר יבוא ושיווק מוצרי מזון (1,,רכז רימונים תומר 42,גרמים,420.00,100 גרם,false,,22.90,5.4524,true,1,251323
7290015437578,false,מוזלי קראנצ'י צימוק תפוח מיובש גרעיני חמנ' 600ג',תומר יבוא ושיווק מוצרי מזון (1,,מוזלי קראנצי צימוק ת,גרמים,600.00,100 גרם,false,,16.90,2.8167,true,1,118793
7290015572033,false,שרי צהוב,,,שרי צהוב,יח',1.00,יח',false,,9.90,9.9000,true,1,113776
7290015644297,false,שישיית לחמניות פשוט מלא אנג'ל 450 גרם,מאפיית שלמה א. אנג'\ל בע,,6 לחמניות פשוט מלא א,יחידה,0.00,יחידה,false,,11.90,0.0000,true,1,78779
7290015652070,false,קשוי קלוי בשקית ששון הקולה 150 גרם,דין שיווק וקליה 2021 בעמ,,קשיו קלוי 150 גרם שש,גרמים,150.00,100 גרם,false,,12.90,8.6000,true,1,5428
7290015652087,false,תערובת פיצוחים בשקית ששון הקולה 150 גרם,דין שיווק וקליה 2021 בעמ,,תערובת פיצוחים 150גר,גרמים,150.00,100 גרם,false,,11.90,7.9333,true,1,65056
7290015652254,false,גרעיני חמניה קלויים ששון הקולה (400 גרם),דין שיווק וקליה 2021 בעמ,,גרעיני חמניה קלויים,גרמים,400.00,100 גרם,false,,10.00,2.5000,true,1,5438
7290015652278,false,תערובת פיצוחים 250 גרם ששון הקולה,דין שיווק וקליה 2021 בעמ,,תערובת פיצוחים ששון,גרמים,250.00,100 גרם,false,,20.00,8.0000,true,1,64738
7290015652285,false,אגוזים קלופים ששון הקולה 250 גרם,דין שיווק וקליה 2021 בעמ,,אגוזים קלופים 250 גר,גרמים,250.00,100 גרם,false,,20.00,8.0000,true,1,5441
7290015652292,false,קבוקים עם שומשום ששון הקולה 400 גרם,דין שיווק וקליה 2021 בעמ,,קבוקים עם שומשום ששו,גרמים,400.00,100 גרם,false,,10.00,2.5000,true,1,117108
7290015652308,false,מנצ'ס ששון הקולה 400 גרם,דין שיווק וקליה 2021 בעמ,,מנצ'ס ששון הקולה 300,גרמים,300.00,100 גרם,false,,10.00,3.3333,true,1,117109
7290015652315,false,חמוציות מסוכרות ששון הקולה (300 גרם),דין שיווק וקליה 2021 בעמ,,חמוציות מסוכרות ששון,גרמים,300.00,100 גרם,false,,10.00,3.3333,true,1,113682
7290015652322,false,בוטנים אמריקאיים מצופים 400 גר ששון הקלה,דין שיווק וקליה 2021 בעמ,,בוטנים אמריקאים מצופ,גרמים,400.00,100 גרם,false,,10.00,2.5000,true,1,117110
7290015733243,false,מטרנה אקסטרה קייר מהדרין שלב 3 700 גרם,קבוצת אוסם סחר שותפות מוגבלת,,מטרנה אקסטרה קר מהדר,גרמים,700.00,100 גרם,false,,64.90,9.2714,true,1,125246
7290015766005,false,שרי וויטני יחידה,,,שרי וויטני יחידה,גרמים,500.00,100 גרם,false,,10.90,2.1800,true,1,124783
7290015766029,false,עגבניות שרי כתומות 4,אראל תוצרת חקלאית בע,,שרי כתום יח',גרמים,460.00,100 גרם,false,,10.90,2.3696,true,1,189044
7290015781008,false,"יין VISION מרלו אדום טפרברג 750 מ""ל",יקב טפרברג 1870 בעמ (יינות ומש,,ויז'ן מרלו,מיליליטרים,750.00,"100 מ""ל",false,,42.90,5.7200,true,1,12429
7290015781015,false,יין אדום מלבק ויז`יון טפרברג (750 מל),יקב טפרברג 1870 בעמ (יינות ומש,,ויז'ן מלבק,מיליליטרים,750.00,"100 מ""ל",false,,42.90,5.7200,true,1,12430
7290015781152,false,רוזה אימפרשון יקב טפרברג (750 מל),יקב טפרברג 1870 בעמ (יינות ומש,,אימפרשן יין רוזה,מיליליטרים,750.00,"100 מ""ל",false,,54.90,7.3200,true,1,12439
7290015855082,false,ברוקולי ארוז,א.אדמה (2007) בעמ,,ברוקולי מיני,יח',1.00,יח',false,,9.90,9.9000,true,1,55988
7290015855143,false,שיני שום קלופות בנספ,א.אדמה (2007) בעמ,,שום קלוף,גרמים,170.00,100 גרם,false,,12.90,7.5882,true,1,55989
7290015855181,false,גינג`ר יחידה טרי,א.אדמה (2007) בעמ,,ג'ינג'ר ארוז,יח',1.00,יח',false,,9.90,9.9000,true,1,55990
7290015855495,false,חסה לאליק כ 150 גר,א.אדמה (2007) בעמ,,חסה לאליק,יח',1.00,יח',false,,12.90,12.9000,true,1,395764
7290015855938,false,עלי בייבי 250 גרם ארוז א.אדמה,א.אדמה (2007) בעמ,,עלי בייבי 250 גר' אד,גרמים,300.00,100 גרם,false,,11.90,3.9667,true,1,293023
7290015865708,false,ענבי ציון תענוג פרי אוכמניות 400 גר`,אבאל יזמות בעמ,,תענוג פרי אוכמניות ע,גרמים,400.00,100 גרם,false,,19.90,4.9750,true,1,373218
7290015865722,false,ענבי ציון קונפיטורה לייט תות שדה 400 גר`,אבאל יזמות בעמ,,קונפיטורה לייט תות ש,גרמים,400.00,100 גרם,false,,21.90,5.4750,true,1,373248
7290015865746,false,ענבי ציון קונפיטורה לייט פירות יער 400 ג,אבאל יזמות בעמ,,קונפיטורה לייט פירות,גרמים,400.00,100 גרם,false,,21.90,5.4750,true,1,373250
7290015968782,false,פדים להסרת איפור במארז 80X3 יח',אינטרסן (1996) בעמ,,פדים להסרת איפור במא,יחידה,0.00,יחידה,false,,17.90,0.0000,true,1,106761
7290016006025,false,שוופס סודה 0.50 ליטר בקבוק,יפאורה שותפות מוגבלת לשיווק,,שוופס סודה 500מל,מיליליטרים,500.00,"100 מ""ל",false,,3.90,0.7800,true,1,12375
7290016006346,false,שוופס סודה 0.5 ליטר מארז שישייה,יפאורה שותפות מובגלת לשיווק,,שוופס סודה שישייה 0.,ליטרים,3.00,ליטר,false,,15.90,5.3000,true,1,12385
7290016096491,false,נתחי טונה בהירה בשמן צמחי שלישיה *80ג' פילטונה,תעשיות פיל טונה בעמ,,נתחי טונה בשמן צמחי,גרמים,240.00,100 גרם,false,,11.90,4.9583,true,1,122513
7290016096675,false,מארז טונה בשמן זית שלישייה 80 גרם,תעשיות פילטונה בעמ,,טונה בשמן זית פילטונ,גרמים,240.00,100 גרם,false,,18.90,7.8750,true,1,126862
7290016096934,false,מארז זוגות סלט טונה 2*160 ג' פילטונה,תעשיות פיל טונה בעמ,,סלט טונה 2 יח' פילטו,גרמים,320.00,100 גרם,false,,12.90,4.0313,true,1,308834
7290016150117,false,סלק אדום מקולף ומבושל500,ביג פוד כחול לבן בעמ*שיק 30 יו,,מעדן סלק בוואקום 500,גרמים,500.00,100 גרם,false,,6.90,1.3800,true,1,100332
7290016150711,false,נוזל קוקוס פחית 400 גר` AVEL,אבאל יזמות בעמ,,AVEL נוזל קוקוס תאיל,מיליליטרים,400.00,"100 מ""ל",false,,5.90,1.4750,true,1,133642
7290016188585,false,GIACOBAZZI למברוסקו רוזה חצי יבש יקבי כרמל,אגודת הכורמים,,רוזה מבעבע למברוסקו,מיליליטרים,750.00,"100 מ""ל",false,,27.90,3.7200,true,1,596
7290016188608,false,GIACOBAZZI למברוסקו לבן חצי יבש יקבי כרמל,פרוטרופיק סיה.,,למברוסקו לבן חצי יבש,מיליליטרים,750.00,"100 מ""ל",false,,27.90,3.7200,true,1,598
7290016197488,false,מטליות מיקרופייבר למשטחים ניקול 3יח',קימברלי קלארק ישראל שיווק בעמ,,מטלית קסם לשיש מארז,יחידה,0.00,יחידה,false,,12.90,0.0000,true,1,9798
7290016197495,false,ניקול זוג מטליות הקסם מיקרופייבר לרצפה,קימברלי קלארק ישראל שיווק בעמ,,מטלית קסם לרצפה מארז,יחידה,0.00,יחידה,false,,19.90,0.0000,true,1,9799
7290016217735,false,חציל על האש 200גרם גורמה,"סלטי שמיר 2006 בע""מ",,חציל על האש סלטי שמי,גרמים,200.00,100 גרם,false,,11.90,5.9500,true,1,79372
7290016217742,false,חציל בטחינה 200גרם גורמה,"סלטי שמיר 2006 בע""מ",,חציל בטחינה סלטי שמי,גרמים,200.00,100 גרם,false,,11.90,5.9500,true,1,79373
7290016217759,false,חציל מרוקאי 200גרם גורמה,"סלטי שמיר 2006 בע""מ",,חצילים בסגנון מרוקאי,גרמים,200.00,100 גרם,false,,13.90,6.9500,true,1,79374
7290016233209,false,רביעיית טונה בהירה בשמן סויה* 140 ג' מונטרי,,,טונה מונטריי בשמן תו,גרמים,560.00,100 גרם,false,,27.90,4.9821,true,1,246134
7290016246018,false,חטיף מיקס פינוקיות חלבה בארכה 20ג*9,קבוצת אוסם סחר שותפות מוגבלת,,בארכה מיקס פינוקיות,גרמים,200.00,100 גרם,false,,13.90,6.9500,true,1,21423
7290016246025,false,בארכה מיקס פינוקיות חלווה ללא סוכר 10*20ג,קבוצת אוסם סחר שותפות מוגבלת,,בארכה פנוקיות חלבה ל,גרמים,200.00,100 גרם,false,,13.90,6.9500,true,1,21424
7290016270907,false,ברוקולי ארוז במגשית,,,ברוקולי,יח',1.00,יח',false,,9.90,9.9000,true,1,137516
7290016319309,false,סבון נוזלי מאסק קלאסי+משאבה פמלי 1 ל,הנסיך- מפעל לייצור ט,,אל סבון מאסק+משאבה פ,ליטרים,1.00,ליטר,false,,11.90,11.9000,true,1,6683
7290016321661,false,פרש וואנס SENSITIVE מגבונים ללא בישום רביעייה 72 יחידות,עלבד משואות יצחק,,מגבוני פרש וואנס רבי,יחידה,0.00,יחידה,false,,20.90,0.0000,true,1,142986
7290016334500,false,לבבות חסה זוגות בשקי,ביכורי השדה צפון 1994 ג.ד. בעמ,,לבבות חסה זוגות בשקי,יח',1.00,יח',false,,9.90,9.9000,true,1,93282
7290016372373,false,רסק עגבניות ללא תוספת סוכר ומלח - מארז זוג,תה ויסוצקי (ישראל) בעמ,,רסק עגבניות איטליה ב,גרמים,280.00,100 גרם,false,,8.90,3.1786,true,1,96452
7290016408980,false,"מטבעות שוקולד חלב 36 ג' כשל""פ בד""ץ!",כרמית תעשיות ממתקים בעמ,,לני מטבעות שוקולד חל,גרמים,36.00,100 גרם,false,,3.90,10.8333,true,1,130830
7290016440652,false,תערובת פרוסות ירקות חמוצים מעדני עופר 500 גרם,קפוא זן תעשיות מזון בעמ,,תערובת פרוסות ירקות,גרמים,500.00,100 גרם,false,,23.90,4.7800,true,1,347004
7290016440928,false,מעדני עופר - ירקות כבושים חמוץ מתוק (סיני),קפוא זן תעשיות מזון בעמ,,ירקות כבושים חמוץ מת,גרמים,500.00,100 גרם,false,,23.90,4.7800,true,1,347020
7290016509823,false,ג'ל לכביסה לבנה וצבעונית בניחוח רענן,גורי שיווק בעמ,,פרסיל ג'ל 2.5 ליטר ב,ליטרים,2.50,ליטר,false,,37.90,15.1600,true,1,124330
7290016509830,false,ג'ל כביסה לבגדי תינוקות ובעלי עור רגיש Sensitive,גורי שיווק בעמ,,פרסיל ג'ל 2.5 ליטר ב,ליטרים,2.50,ליטר,false,,37.90,15.1600,true,1,124331
7290016509847,false,פרסיל ג'ל לכביסה כהה בלאק 2.5 ליטר,גורי שיווק בעמ,,פרסיל ג'ל 2.5 ליטר ב,ליטרים,2.50,ליטר,false,,37.90,15.1600,true,1,132349
7290016510232,false,"הוואי - תחליב רחצה יוגורט קוקוס 700 מ""ל",תאי פרזידנט פוד פאבל,,תחליב רחצה יוגורט קו,מיליליטרים,700.00,"100 מ""ל",false,,10.90,1.5571,true,1,125214
7290016510249,false,"הוואי - תחליב רחצה יוגורט שקדים 700 מ""ל",תאי פרזידנט פוד פאבל,,תחליב רחצה יוגורט שק,מיליליטרים,700.00,"100 מ""ל",false,,10.90,1.5571,true,1,125215
7290016510287,false,"תחליב רחצה הוואי דבש אירוס זהוב 700 מ""ל",תאי פרזידנט פוד פאבל,,תחליב רחצה קרם דבש ה,מיליליטרים,700.00,"100 מ""ל",false,,10.90,1.5571,true,1,125218
7290016513974,false,קרפלך במילוי פטריות איי פוד 600 גרם,"אימפריאל הזרב פוד בע""מ",,קרפלך במילוי פטריות,יח',1.00,יח',false,,22.90,22.9000,true,1,457180
7290016513981,false,"קרפלך תפו""א איי פוד 600 גרם",אימפריאל רזרב פוד,,קרפלך במילוי תפוח אד,יח',1.00,יח',false,,19.90,19.9000,true,1,457164
7290016564006,false,מבריקל הפלא ספוגיות להסרת כתמים קשים ושומנים 3יח,ח.כהן סוכנות מזון ומשקאות בע,,מבריקל הפלא,יחידה,0.00,יחידה,false,,10.90,0.0000,true,1,59765
7290016621648,false,"ד""ר פישר - אולטרסול מוגדל מבוגר ספריי שקוף 300 מ""ל 30SPF",פישר תעשיות פרמבצטיות בעמ,,אולטרסול מוגדל מבוגר,מיליליטרים,300.00,"100 מ""ל",false,,60.90,20.3000,true,1,63031
7290016682182,false,פריניב שייק תמר בננה מופחת סוכר 1 ליטר,הנסיך- מפעל לייצור ט,,שייק תמר בננה מופחת,יחידה,0.00,יחידה,false,,17.90,0.0000,true,1,42689
7290016682199,false,פריניב שייק תות בננה מופחת סוכר 1 ליטר,הנסיך- מפעל לייצור ט,,שייק תות בננה מופחת,יחידה,0.00,יחידה,false,,17.90,0.0000,true,1,42690
7290016682328,false,מיץ תפוזים 100% עשוי מרכז 2 ל' פריניב,תנובה - פריניב,,פרי ניב מיץ תפוזים ט,ליטרים,2.00,ליטר,false,,21.80,10.9000,true,1,359018
7290016682397,false,מיץ חמוציות פרי ניב 2 ליטר-,תנובה - פריניב,,נקטר חמוציות פריניב,ליטרים,2.00,ליטר,false,,19.90,9.9500,true,1,359067
7290016693294,false,"יין בראשית רוזה ארזה 750 מ""ל",יקבי ארזה,,יין היוצר בראשית רוז,מיליליטרים,750.00,"100 מ""ל",false,,39.90,5.3200,true,1,115195
7290016717754,false,יין היובל ישן נושן יקבי כרמל (750 מל),אגודת הכורמים -כרמל מזרחי,,"ישן נושן 750מ""ל.",מיליליטרים,750.00,"100 מ""ל",false,,20.90,2.7867,true,1,115372
7290016717976,false,יין ספארקלינג בטעם אפרסק 750 מל BUZZ,אגודת הכורמים בעמ,,יין באזז ספארקלינג א,מיליליטרים,750.00,"100 מ""ל",false,,31.90,4.2533,true,1,224941
7290016865943,false,אטריות ביצים פטוציני אוריינט 400 גרם,גורי מוצרי צריכה 1991 בעמ,,אטריות ביצים פטוצ'ינ,גרמים,400.00,100 גרם,false,,14.90,3.7250,true,1,120406
7290016866674,false,"פרודונטקס - משחת שיניים מלבינה 75 מ""ל",פרודונטקס Parodontax,,"מש.שיניים מ""לבינה פר",מיליליטרים,75.00,"100 מ""ל",false,,33.90,45.2000,true,1,124148
7290016867053,false,לחם קל כוסמין בתוספת מחמצת 450 גרם,המאפה של דר מרק בריאות באפייה,,לחם קל כוסמין בתוספת,גרמים,450.00,100 גרם,false,,20.90,4.6444,true,1,346320
7290016867114,false,לחם קל מכוסמין מלא 500 גר`דר מרק,המאפה של דר מרק בריאות באפייה,,לחם כוסמין קל מלא 50,גרמים,500.00,100 גרם,false,,19.90,3.9800,true,1,346321
7290016867152,false,"מארז פיתות קלות כוסמין 5 יחידות ד""ר מרק",המאפה של דר מרק בריאות באפייה,,פיתות קלות כוסמין 29,גרמים,292.00,100 גרם,false,,14.90,5.1027,true,1,346375
7290016867176,false,"מארז לחמניות קלות כוסמין שומשום במתיקות מעודמת 5 יחידות ד""ר מרק",המאפה של דר מרק בריאות באפייה,,לחמניות ק. כוסמין שו,גרמים,300.00,100 גרם,false,,15.90,5.3000,true,1,346355
7290016867237,false,לחם קל כוסמין במתיקות מעודנת 400 גר`דר,המאפה של דר מרק בריאות באפייה,,לחם קל כוסמין במתיקו,גרמים,400.00,100 גרם,false,,20.70,5.1750,true,1,346322
7290016948035,false,מטריה הפוכה פנים וחוץ כחול,בי קרייזי-קידום מכירות בעמ,,מטריה הפוכה,יחידה,0.00,יחידה,false,,29.90,0.0000,true,1,381491
7290016967074,false,לחם חיטה מלאה עם גרעינים ודגנים,מאפיית שלמה א. אנג'\ל בע,,חיטה מלאה אנגל 750 ג,גרמים,750.00,100 גרם,false,,17.90,2.3867,true,1,69308
7290016967456,false,לחם צרפתי מחמצת 100% כוסמין 600 ג' אנג'ל,"מאפיית אנג'\ל בעמ, מקבוצ",,לחם מחמצת כוסמין אנג,גרמים,600.00,100 גרם,false,,18.90,3.1500,true,1,119271
7290016998184,false,עלי חסה ערבית שטופים 250 גרק,ביכורי השדה צפון 1994 ג.ד. בעמ,,עלי חסה ערבית שטופה,גרמים,250.00,100 גרם,false,,10.90,4.3600,true,1,301328
7290016998320,false,לבבות קיסר נטורזה יח,ביכורי השדה צפון 1994 ג.ד. בעמ,,לבבות קיסר מארז,יח',1.00,יח',false,,11.90,11.9000,true,1,301341
7290017031705,false,משחת שיניים סנסודיין הגנה מלאה רגיל,גלקסוס סמית קליין,,משחת שיניים קלין&פרש,מיליליטרים,75.00,"100 מ""ל",false,,22.70,30.2667,true,1,133536
7290017058689,false,זית שחור יבש 400 גר`תומר,תומר יבוא ושיווק מוצרי מזון (1,,זית שחור טבעי תומר 4,גרמים,400.00,100 גרם,false,,16.90,4.2250,true,1,185483
7290017062662,false,מרכך מרוכז מרוכז כתום 1 5 ליטר טא'צ,סאסאטק אגשח בעמ,,מרכך כביסה מרוכז טאצ,ליטרים,1.00,ליטר,false,,13.90,13.9000,true,1,270620
7290017065007,false,פרוסות גבינה מוצרלה חצי קשה 22% שומן 200 ג' גד,מחלבות גד שיווק 1992 בעמ,,מוצרלה פרוסה חצי קש,גרמים,200.00,100 גרם,false,,19.90,9.9500,true,1,75822
7290017065137,false,ריקוטה למריחה 5% טבעית 200 גר`מחלבות גד,מחלבות גד שיווק 1992 בעמ,,גבינה ריקוטה למריחה,גרמים,200.00,100 גרם,false,,10.90,5.4500,true,1,107013
7290017065212,false,גבינת קרם מסקרפונה מחלבות גד 250 גר,מחלבות גד שיווק 1992 בעמ,,קרם מסקרפונה להקצפה,גרמים,250.00,100 גרם,false,,21.90,8.7600,true,1,121179
7290017065236,false,גבינה בולגרית מעודנת 24% גד (250 גרם),מחלבות גד שיווק 1992 בעמ,,בולגרית מעודנת 24% 2,גרמים,250.00,100 גרם,false,,23.30,9.3200,true,1,121188
7290017065434,false,גבינה גאודה פרוסה הולנדית 200 גר',מחלבות גד שיווק 1992 בעמ,,גד פרוסות גאודה 200,גרמים,200.00,100 גרם,false,,22.80,11.4000,true,1,141053
7290017065526,false,קוואטרו פורמאג'י 4 גבינות מגוררות 26%,מחלבות גד שיווק 1992 בעמ,,גד קוואטרו פורמאג'י,גרמים,300.00,100 גרם,false,,30.90,10.3000,true,1,141059
7290017068350,false,עדשים שחורות בלוגה מיה 500 גרם,מיה תעשיות מזון מ.ת.מ בעמ,,עדשים שחורות בלוגה מ,גרמים,500.00,100 גרם,false,,9.90,1.9800,true,1,391924
7290017088082,false,בייביסיטר - חיתולי סטנדרט מידה 5 - 36 יח',די.פי.אל תעשיות מוצרים ח,,חיתולי ביייביסיטר סט,יח',36.00,יח',false,,37.90,1.0528,true,1,443690
7290017088105,false,טיטולי בייביסיטר מידה 3 38 יח,די.פי.אל תעשיות מוצר,,ביייביסיטר נוחות מיד,יח',40.00,יח',false,,34.90,0.8725,true,1,121614
7290017088303,false,קוויק מגבונים לניקוי,די.פי.אל,,קוויק מגבונים לניקוי,יחידה,0.00,יחידה,false,,3.50,0.0000,true,1,138563
7290017088693,false,קוויק מטליות לחות לניקוי וחיטוי רצפות ניחוח לוונדר 10 יחידות,שקד תבל בעמ,,מגבונים לניקוי וחיטו,יח',10.00,יח',false,,12.90,1.2900,true,1,207672
7290017088914,false,מגבונים בייביסיטר מבושם מארז שישייה,שקד תבל בעמ,,מגבונים מבושם בייביס,יחידה,0.00,יחידה,false,,17.90,0.0000,true,1,255795
7290017088983,false,חיתולי בייביסיטר ניו בורן מידה 2 38 יחי',די.פי.אל תעשיות מוצרים ח,,חיתולי בייביסיטר NB,יחידה,0.00,יחידה,false,,30.90,0.0000,true,1,352300
7290017090979,false,מגהץ אדים וקיטור,,,מגהץ אדים וקיטור,יחידה,0.00,יחידה,false,,69.90,0.0000,true,1,242779
7290017105062,false,גרגירי חומוס שלם יכין הקטניה הטובה 200 ג,היינץ צפון אמריקה מק,,חומוס 6OZ יכין 200 ג,גרמים,200.00,100 גרם,false,,4.90,2.4500,true,1,103235
7290017105079,false,שעועית לבנה ברוטב עגבניות יכין הקטניה הט,היינץ צפון אמריקה מק,,שעועית אפויה 6OZ יכי,גרמים,200.00,100 גרם,false,,4.90,2.4500,true,1,103236
7290017105086,false,שימורי יכין שעועית צילי 200 גר,"זנלכל בע""\מ",,שעועית צ'ילי 6OZ יכי,גרמים,200.00,100 גרם,false,,4.90,2.4500,true,1,103237
7290017105116,false,תורמוס הקטניה הטובה יכין 200/105 גרם,"זנלכל בע""\מ",,תורמוס 6OZ יכין 200,גרמים,200.00,100 גרם,false,,4.90,2.4500,true,1,103240
7290017105123,false,פול מצרי הקטניה הטובה יכין 200/105 גרם,היינץ צפון אמריקה מק,,פול מצרי 6OZ יכין 20,גרמים,200.00,100 גרם,false,,4.90,2.4500,true,1,103241
7290017105468,false,מארז שלישייה אפונה קטנה יכין 3*200 גר,קשקמט קונסרב הונגריה,,אפונה יכין 3*120 גרם,גרמים,360.00,100 גרם,false,,14.90,4.1389,true,1,206289
7290017105550,false,רביעיית רסק עגבניות 100% יכין 4X100 גרם,היינץ צפון אמריקה מק,,מאגדת רסק עגבניות יכ,גרמים,400.00,100 גרם,false,,12.90,3.2250,true,1,205944
7290017105895,false,גרגרי חומוס להכנת חומוס משובח יכין 560 ג,זנלכל בעמ,,גרגרי חומוס מסעדות י,גרמים,550.00,100 גרם,false,,10.90,1.9818,true,1,239875
7290017142012,false,שמן קוקוס אורגני כתית 500 מל עץ הזית,סוגת תעשיות בעמ,,שמן קוקוס אורגני כתי,מיליליטרים,500.00,"100 מ""ל",false,,42.90,8.5800,true,1,83072
7290017142128,false,"שמן זית כתית מעולה קלאסי עץ הזית 750 מ""ל",סוגת תעשיות בעמ,,שמן זית כתית מעולה ק,מיליליטרים,750.00,"100 מ""ל",false,,37.90,5.0533,true,1,108815
7290017142159,false,"שלישיית נתחי טונה בהירה בשמן זית 80 גרם ""עץ הזית""",הנסיך- מפעל לייצור ט,,נתחי טונה בהירה בשמן,גרמים,240.00,100 גרם,false,,24.90,10.3750,true,1,122715
7290017142203,false,"פילה טונה פרוס עם שמן זית בטעם מעושן 120 גרם ""עץ הזית""","יוניקורד ח.צ בע""מ",,פילה טונה פרוס עם בש,גרמים,120.00,100 גרם,false,,15.90,13.2500,true,1,139823
7290017142289,false,תרסיס שמן חמניות 200 מל ללא תוספת גז עץ,י.ב טכנולוגיות אריזה בעמ,,תרסיס שמן חמניות עץ,מיליליטרים,200.00,"100 מ""ל",false,,19.90,9.9500,true,1,134654
7290017142340,false,שמן זרעי ענבים מזוכך 1 ליטר עץ הזית*,אף.ג'\יי.סנצ'\ז סוקחורס,,שמן זרעי ענבים מזוכך,ליטרים,1.00,ליטר,false,,32.90,32.9000,true,1,192852
7290017142371,false,"שמן שומשום לא מזוכך עץ הזית 250 מ""ל",סוגת תעשיות בעמ,,שמן שומשום לא מזוכך,מיליליטרים,250.00,"100 מ""ל",false,,32.90,13.1600,true,1,192854
7290017142500,false,תרסיס שמן זית כתית מעולה בטעם שום 150מל,קומטמפ קומפניה פורטו,,תרסיס שמן זית כתית ב,מיליליטרים,150.00,"100 מ""ל",false,,21.90,14.6000,true,1,445803
7290017142609,false,"תרסיס שמן זית בטעם לימון עץ הזית 150 מ""ל",סוגת תעשיות בעמ,,תרסיס שמן זית כתית ב,מיליליטרים,150.00,"100 מ""ל",false,,21.90,14.6000,true,1,445804
7290017217444,false,סבון אסלה מבושם בניח,הוסטס,,סבון אסלה מבושם בניח,יחידה,0.00,יחידה,false,,12.90,0.0000,true,1,446428
7290017239767,false,מקלות סורימי אורוגנל 35% 250ג קפוא.,פוד קולקשן בעמ,,מקלות סורימי ארוז 54,גרמים,150.00,100 גרם,false,,22.90,15.2667,true,1,395086
7290017304885,false,לחם שיפון מחיטה מלאה ללא תוספת סוכר 750 ג' אנג'ל,מאפיית שלמה א. אנג'\ל בע,,לחם שיפון וחיטה מלאה,גרמים,750.00,100 גרם,false,,17.90,2.3867,true,1,150753
7290017457611,false,גל כביסה סוד טוטאל ירוק 2.5 ליטר,גורי שיווק בעמ,,ג'ל כביסה ירוק סוד,ליטרים,2.50,ליטר,false,,27.90,11.1600,true,1,228977
7290017457727,false,"סוד כחול מרכך כביסה מרוכז20%+בישום 900 מ""ל",גורי שיווק בעמ,,מרכך כביסה מרוכז סוד,מיליליטרים,900.00,"100 מ""ל",false,,9.90,1.1000,true,1,139832
7290017457734,false,"סוד ורוד מרכך כביסה מרוכז20%+בישום 900 מ""ל",גורי שיווק בעמ,,מרכך כביסה מרוכז סוד,מיליליטרים,900.00,"100 מ""ל",false,,9.90,1.1000,true,1,139833
7290017477169,false,קשיו קלוי 250 גרם ששון הקולה,דין שיווק וקליה 2021 בעמ,,קשיו קלוי ששון הקולה,גרמים,250.00,100 גרם,false,,20.00,8.0000,true,1,123085
7290017599267,false,סוכרלוז 120 שקיות ממתיק שולחני,שטראוס גרופ בע`מ,,סוכרזית סוכרלוז ממתי,גרמים,120.00,100 גרם,false,,26.90,22.4167,true,1,468834
7290017616490,false,פילה ברבוניה ארוז 40,,,פילה ברבוניה ארוז 40,גרמים,400.00,100 גרם,false,,29.90,7.4750,true,1,284580
7290017617046,false,נתחי טונה בשמן זית כתית מעולה רביעיה * 140 ג',דיפלומט מפיצים (1968) בעמ**,,טונה בשמן זית סטארקי,גרמים,560.00,100 גרם,false,,30.90,5.5179,true,1,203146
7290017617107,false,סטארקיסט מיקס טוגו טונה עם 4 דגנים 185 גרם,דיפלומט מפיצים (1968) בעמ**,,סטארקיסט מיקס 185 גר,גרמים,185.00,100 גרם,false,,13.90,7.5135,true,1,358757
7290017618111,false,עוגיות מלבן שקדים עם טריפל שוקולד 180 גר,קונדטוריות לחמי,,עוגיות מלבן שקדים עם,גרמים,180.00,100 גרם,false,,19.90,11.0556,true,1,136642
7290017677804,false,"רוטב סויה קיקומן ללא חומרים משמרים 444 מ""ל",דיפלומט מפיצים (1968) בעמ**,,קיקומן רוטב סויה ללא,מיליליטרים,444.00,"100 מ""ל",false,,21.90,4.9324,true,1,142401
7290017715506,false,חומץ 5% תומר 1 ליטר,,,חומץ תומר 1 ליטר,ליטרים,1.00,ליטר,false,,5.90,5.9000,true,1,221817
7290017715605,false,טונה מונטריי בשמן קנ,,,טונה מונטריי בשמן קנ,גרמים,560.00,100 גרם,false,,27.90,4.9821,true,1,246149
7290017715674,false,A2 זית ירוק חרוזית תומר 560 גרם,,,זית ירוק חרוזית תומר,גרמים,560.00,100 גרם,false,,9.90,1.7679,true,1,221793
7290017715735,false,A2 זית סורי מבוקע תומר 560 גרם,,,זית סורי מבוקע תומר,גרמים,560.00,100 גרם,false,,11.90,2.1250,true,1,221799
7290017715834,false,A2 זית נובו מבוקע ג.מאוד תומר 560 גרם,"א.א שימורי עדן בע""מ",,זית נובו מבוקע ג.מאו,גרמים,560.00,100 גרם,false,,11.90,2.1250,true,1,221803
7290017812069,false,יין אמרלד ריזלינג שרדונה אקסלנס Excellence,אגודת הכורמים בעמ,,אקסלנס ריזלינג שרדונ,מיליליטרים,750.00,"100 מ""ל",false,,30.90,4.1200,true,1,134784
7290017812380,false,תירוש מיץ ענבים אדום,,,תירוש מיץ ענבים אדום,מיליליטרים,750.00,"100 מ""ל",false,,12.90,1.7200,true,1,158013
7290017812571,false,מיץ ענבים תירוש אדום 100% טבעי כרמל 1 ליטר,אגודת הכורמים -כרמל מזרחי,,תירוש מיץ ענבים אדום,ליטרים,1.00,ליטר,false,,22.90,22.9000,true,1,209012
7290017812878,false,"אקסלנס וזה -קברנה סוביניון כרמל 750 מ""ל",אגודת הכורמים בעמ,,יין רוזה אקסלנס יקבי,מיליליטרים,750.00,"100 מ""ל",false,,30.90,4.1200,true,1,327614
7290017884462,false,"אריאל כשל""פ- ריבועי בצק עלים 450 גר'",מאפיית אריאל בעמ,,ריבועי בצק עלים 450,גרמים,450.00,100 גרם,false,,18.90,4.2000,true,1,138123
7290017888026,false,"משקה אננס תפוח גזר פרות & ווג 350 מ""ל",יפאורה שותפות מוגבלת לשיווק,,פרוט & וג' אננס תפוח,מיליליטרים,330.00,"100 מ""ל",false,,8.90,2.6970,true,1,139923
7290017888033,false,"משקה בננה מלון נענע פרות &ווג 350 מ""ל",יפאורה שותפות מוגבלת לשיווק,,פרוט & וג' בננה מלון,מיליליטרים,330.00,"100 מ""ל",false,,8.90,2.6970,true,1,139924
7290017928432,false,מקלות גריסיני קראנץ' פרג מאיר בייגל 175 גרם,מאיר את בייגל,,גריסיני קראנץ' פרג מ,גרמים,175.00,100 גרם,false,,12.90,7.3714,true,1,204573
7290017928616,false,בייגלה שטוחלה שומשום 300 גר` מאיר בייגל,מאיר את בייגל,,שטוחלה שומשום מאיר ב,גרמים,300.00,100 גרם,false,,12.90,4.3000,true,1,204576
7290017928722,false,בייגלה שטוח ניגובים שומשום 300 ג' מאיר בייגל,מאיר את בייגל,,בייגלה שטוח ניגובים,גרמים,300.00,100 גרם,false,,12.90,4.3000,true,1,352734
7290017941264,false,מזלגות 40 יח' עבה במ,,,מזלגות 40 יח' עבה במ,יחידה,0.00,יחידה,false,,8.90,0.0000,true,1,286351
7290017941288,false,נר נשמה 24 שעות,,,נר נשמה 24 שעות,יחידה,0.00,יחידה,false,,2.50,0.0000,true,1,322377
7290017941356,false,נר שבת 72 יח',,,נר שבת 72 יח',יחידה,0.00,יחידה,false,,34.90,0.0000,true,1,334193
7290017941370,false,להבונים 50 יח' 3 שעו,,,להבונים 50 יח' 3 שעו,יחידה,0.00,יחידה,false,,10.90,0.0000,true,1,322381
7290017941387,false,WIZ להבונים בקופסא 100 יחידות,,,להבונים בקופסא 100 י,יחידה,0.00,יחידה,false,,23.90,0.0000,true,1,334210
7290017941462,false,כוסות שתיה חמה 8B י,,,כוסות שתיה חמה 8B י,יחידה,0.00,יחידה,false,,10.90,0.0000,true,1,293526
7290017941653,false,שקיות אשפה לפחים קטנ,,,שקיות אשפה לפחים קטנ,יחידה,0.00,יחידה,false,,9.90,0.0000,true,1,314795
7290017941684,false,מארז תבניות רוסטר ענ,,,מארז תבניות רוסטר ענ,יחידה,0.00,יחידה,false,,14.90,0.0000,true,1,285735
7290017941707,false,זוג מפות אירוח 120*1,,,זוג מפות אירוח 120*1,יחידה,0.00,יחידה,false,,8.90,0.0000,true,1,322397
7290017941790,false,ניילון נצמד 30*30 עם,,,ניילון נצמד 30*30 עם,מטרים,30.00,מטר,false,,9.90,0.3300,true,1,322398
7290017941813,false,קיסמי במבוק בעטיפה א,,,קיסמי במבוק בעטיפה א,יחידה,0.00,יחידה,false,,5.50,0.0000,true,1,288588
7290017941820,false,כוסות שתיה קרה כחול,,,כוסות שתיה קרה כחול,יחידה,0.00,יחידה,false,,14.90,0.0000,true,1,278375
7290017941929,false,"שיפודי יקטורי 18 ס""מ",,,"שיפודי יקטורי 18 ס""מ",יחידה,0.00,יחידה,false,,7.90,0.0000,true,1,288608
7290017941943,false,שיפודי במבוק עובי 3,,,שיפודי במבוק עובי 3,יחידה,0.00,יחידה,false,,3.50,0.0000,true,1,288591
7290017946368,false,שלישיית כדוריות סבון לאסלה אוקיינוס סוד 50 גרם,גורי שיווק בעמ,,סוד כדוריות לאסלה P.,גרמים,150.00,100 גרם,false,,19.90,13.2667,true,1,273710
7290017947105,false,לחם אנג'ל בסגנון אמריקה 500 גרם,מאפיית שלמה א. אנג'\ל בע,,לחם בסגנון אמריקה אנ,גרמים,500.00,100 גרם,false,,15.90,3.1800,true,1,206306
7290017947464,false,שמיניית פיתות כוסמין אנג'ל 8*50 גרם,מאפיית שלמה א.אנג'\ל בע\,,שמיניית פיתות כוסמין,גרמים,400.00,100 גרם,false,,17.90,4.4750,true,1,253040
7290017947495,false,לחמניות כוסמין 6 יח(450 גר`)אנג`ל,"איטיליאן פוד, אס.פי.",,6 לחמניות כוסמין אנג,גרמים,450.00,100 גרם,false,,16.90,3.7556,true,1,268035
7290017947891,false,לחם אנג'ל כוסמין וחיטה מלאה 750 גרם,מאפיית שלמה א. אנג'\ל בע,,לחם כוסמין וחיטה מלא,גרמים,750.00,100 גרם,false,,17.90,2.3867,true,1,205145
7290017947921,true,מארז לחמניות המבורגר,,,מארז לחמניות המבורגר,גרמים,450.00,100 גרם,false,,15.90,3.5333,true,1,228552
7290017947938,false,מיני לחמניות המבורגר בסגנון אמריקה 400 ג' אנג'ל,מאפיית שלמה א. אנג'\ל בע,,8 לחמניות המבורגר בס,גרמים,4000.00,100 גרם,false,,15.90,0.3975,true,1,268492
7290018023051,false,זיתים מתובלים על האש 215 ג' סבא חביב,בני פאוזי שמשום (2009) בעמ,,זיתים על האש סבא חבי,גרמים,215.00,100 גרם,false,,12.90,6.0000,true,1,208971
7290018043844,false,חטיף חלבון בוטנים קרמל קראנץ 60 ג' פראוד,דיפלומט מפיצים (1968) בעמ**,,חטיף חלבון בטעם בוטנ,גרמים,60.00,100 גרם,false,,14.90,24.8333,true,1,412435
7290018131879,false,אקסטרים טילון חלב בדצ מאגדת 6*72 גרם נסטלה,נגה גלידות שותפות מוגבלת,,אקסטרים מאגדת טילון,גרמים,432.00,100 גרם,false,,39.90,9.2361,true,1,304979
7290018213247,false,מטליות לחות לריצפה שייני 10יחידות,מ.א,,מטליות לרצפה בניחוח,יח',10.00,יח',false,,9.90,0.9900,true,1,231704
7290018213353,false,מטליות לחות לרצפות גדול-,,,מטליות לרצפה בניחוח,יח',10.00,יח',false,,9.90,0.9900,true,1,458845
7290018237397,false,עוף טוב פסטרמה מקורמלת נתח שלם 8*300 גרם,קבוצת אוסם סחר שותפות מוגבלת,,פסטרמה מקורמלת נתח ש,גרמים,300.00,100 גרם,false,,30.90,10.3000,true,1,321457
7290018237410,false,עוף טוב פסטרמה במעשנה נתח שלם 8*300 גרם,קבוצת אוסם סחר-שות.מוגבלת,,פסטרמה במעשנה נתח של,גרמים,300.00,100 גרם,false,,30.90,10.3000,true,1,321458
7290018237489,false,פסטרמה ברביקיו דק דק עוף טוב 200 גרם,קבוצת אוסם סחר-שות.מוגבלת,,עוף טוב דק דק פסטרמה,גרמים,220.00,100 גרם,false,,23.90,10.8636,true,1,371517
7290018237922,false,שניצלונים ציפוי צ'יפס עוף טוב 700 גרם,קבוצת אוסם סחר שותפות מוגבלת,,שניצלונים ציפוי ציפס,גרמים,700.00,100 גרם,false,,21.90,3.1286,true,1,445557
7290018249222,false,סוויטנגו אבקת ממתיק 100 גרם,מתבל תעשיות מזון,,אבקה כמו סוכר 100 גר,קילוגרמים,100.00,"ק""ג",false,,14.90,0.1490,true,1,236411
7290018294901,false,"יין מונלייט אדום יבש 750 מ""ל כרמל",יקבי כרמל Carmel Winery,,יין מונלייט אדום יבש,מיליליטרים,750.00,"100 מ""ל",false,,39.90,5.3200,true,1,447383
7290018294918,false,"יין מונלייט מוסקטו ורוד מבעבע 750 מ""ל",אגודת הכורמים -כרמל מזרחי,,יין מונלייט סמוק מבע,מיליליטרים,750.00,"100 מ""ל",false,,39.90,5.3200,true,1,447384
7290018333259,false,טופי בטעם תות כרמית 50 גרם,כרמית תעשיות ממתקים בעמ,,כרמית טופי בטעם תות,גרמים,50.00,100 גרם,false,,1.50,3.0000,true,1,261489
7290018359686,false,יכין חומוס גדול 550 גר A2,היינץ צפון אמריקה מק,,חומוס ענק יכין 550 ג,גרמים,550.00,100 גרם,false,,10.90,1.9818,true,1,337977
7290018359716,false,רוטב עגבניות פיצה טוסקנה 240 גרם יכין,"זנלכל בע""\מ",,רוטב פיצה טוסקנה יכי,גרמים,240.00,100 גרם,false,,6.50,2.7083,true,1,293992
7290018359952,false,רוטב עגבניות לפסטה יכין 400 גרם,זנלכול יכין,,רוטב עגבניות לפסטה י,גרמים,400.00,100 גרם,false,,13.90,3.4750,true,1,443065
7290018400234,false,גרגירי חומוס 800 גרם סנפרוסט,תנובה בשר,,חומוס לחומוס סנפרוסט,גרמים,800.00,100 גרם,false,,19.90,2.4875,true,1,286800
7290018440254,false,תה צ'אי קרמל מלוח 25 שקיקים ויסוצקי,תה ויסוצקי (ישראל) בעמ,,חווית הצ'אי- קרמל מל,גרמים,50.00,100 גרם,false,,23.90,47.8000,true,1,357026
7290018440438,false,Calvo טונה בשמן זית פתיחה קלה 3 * 65 גרם,תה ויסוצקי (ישראל) בעמ,,טונה easy flip בשמן,גרמים,195.00,100 גרם,false,,26.90,13.7949,true,1,449505
7290018440520,false,סלט טונה קאלוו מקסיקני 150 גר,"קאלוו קונסרבס ס.ל.יו. ,",,סלט טונה עם ירקות בס,גרמים,150.00,100 גרם,false,,15.90,10.6000,true,1,449446
7290018468326,false,נקניקיה טבעונית בסגנון אמריקאי טירת צבי 400 גרם,טיב טירת צבי 2000,,נקניקיות צמחוניות בס,גרמים,400.00,100 גרם,false,,41.90,10.4750,true,1,424896
7290018468425,false,נקניק טבעוני בטעם פיקנטי 100 גרם טירת צבי,תנובה מרכז שיתופי לשיווק תוצרת,,נקניק טבעוני בטעם מע,גרמים,100.00,100 גרם,false,,16.90,16.9000,true,1,482016
7290018471401,false,משקה פרוט& ווג' אננס בננה כורכום 1 ליטר,יפאורה שותפות מוגבלת לשיווק,,פרוט ווג אננס בננה כ,ליטרים,1.00,ליטר,false,,14.50,14.5000,true,1,290448
7290018471470,false,תפוזינה נקטר תפוז פסיפלורה קרטונית 1 ליטר,יפאורה שותפות מוגבלת לשיווק,,נקטר תפוזינה ENJOY ב,ליטרים,1.00,ליטר,false,,7.90,7.9000,true,1,304621
7290018471487,false,תפוזינה נקטר תפוז אננס קרטונית 1 ליטר,יפאורה שותפות מוגבלת לשיווק,,נקטר תפוזינה ENJOY ב,ליטרים,1.00,ליטר,false,,7.90,7.9000,true,1,304622
7290018471494,false,תפוזינה משקה תפוז גזר קרטונית 1 ליטר,יפאורה שותפות מוגבלת לשיווק,,נקטר תפוזינה ENJOY ב,ליטרים,1.00,ליטר,false,,7.90,7.9000,true,1,304623
7290018471906,false,שוופס מוגז פירות לימונדה ורודה 1.5 ליטר פיקדון,יפאורה - שותפות מוגבלת לשיווק,,שוופס מוגז לימונדה ו,ליטרים,1.50,ליטר,false,,9.90,6.6000,true,1,360267
7290018471913,false,משקה מוגז פירות תפוחים שוופס 1.5 ליטר,יפאורה - שותפות מוגבלת לשיווק,,שוופס פרוטס תפוחים 1,ליטרים,1.50,ליטר,false,,9.90,6.6000,true,1,360268
7290018471920,false,שוופס מוגז פירות ענבים 1.5 ליטר פיקדון,יפאורה - שותפות מוגבלת לשיווק,,שוופס ענבים מוגז 1.5,ליטרים,1.50,ליטר,false,,9.90,6.6000,true,1,360269
7290018471937,false,שוופס מוגז פירות תות ליים 1.5 ליטר פיקדון,יפאורה - שותפות מוגבלת לשיווק,,שוופס מוגז פירות תות,ליטרים,1.50,ליטר,false,,9.90,6.6000,true,1,360284
7290018471944,false,שוופס מוגז פירות לימונייד 1.5 ליטר פיקדון,יפאורה - שותפות מוגבלת לשיווק,,שוופס מוגז למונייד 1,ליטרים,1.50,ליטר,false,,9.90,6.6000,true,1,360285
7290018471951,false,שוופס מוגז פירות אשכולית אדומה 1.5 ליטר פיקדון,יפאורה - שותפות מוגבלת לשיווק,,שוופס פרוטס אשכולית,ליטרים,1.50,ליטר,false,,9.90,6.6000,true,1,360286
7290018500231,false,לחם פרוס וויקאנד אנג'ל 750 גרם,מאפיית שלמה א. אנג'\ל בע,,לחם וויקאנד אנג'ל 75,גרמים,750.00,100 גרם,false,,19.90,2.6533,true,1,437857
7290018500361,false,"לחם שחור פרוס 900 גרם ""אנג'ל"" -מוצר בפיקוח",מאפיית שלמה א. אנג'\ל בע,,לחם אחיד פרוס מאפיית,גרמים,900.00,100 גרם,false,,8.53,0.9478,true,1,444699
7290018500385,true,חלה רגילה אנגל 650 ג,,,חלה רגילה אנגל 650 ג,גרמים,650.00,100 גרם,false,,6.50,1.0000,true,1,467406
7290018500392,true,חלה קלועה אנגל 650 ג,,,חלה קלועה אנגל 650 ג,גרמים,650.00,100 גרם,false,,6.50,1.0000,true,1,467407
7290018540329,false,שקית פיתה פיתה בלדי 800 ג' אנג'ל,מאפיית שלמה א. אנג'\ל בע,,פיתה פיתה אנגל 880 ג,יח',10.00,יח',false,,13.90,1.3900,true,1,282664
7290018540817,false,ארטיזנל לחם מחמצת כוסמין אנג'ל 500 גרם,שלמה א. אנג`ל בעמ,,לחם ארטיזנל כוסמין א,גרמים,500.00,100 גרם,false,,19.90,3.9800,true,1,409746
7290018540831,false,ארטיזנל לחם מחמצת חיטה מלאה ודגנים אנג'ל 500 גרם,שלמה א. אנג`ל בעמ,,לחם מחמצת חיטה מלאה,גרמים,500.00,100 גרם,false,,19.90,3.9800,true,1,410092
7290018564714,false,ממרח לימון כבוש 200 גרם,,,ממרח לימון כבוש שף ה,גרמים,200.00,100 גרם,false,,12.90,6.4500,true,1,402576
7290018571415,false,מיה לקקנים מולטיקולור תות בננה 220 גרם,מיה תעשיות מזון מ.ת.מ. בעמ,,לקקנים מולטיקולור תו,גרמים,220.00,100 גרם,false,,9.90,4.5000,true,1,390397
7290018571644,false,סוכריות ג'לי ללא סוכר מולטי ויטמין בשילוב תוספת ביוטין,מיה תעשיות מזון מ.ת.מ בעמ,,סוכריות קוסמטיקה מבו,גרמים,210.00,100 גרם,false,,39.90,19.0000,true,1,478826
7290018626108,false,קערות אובליות שקוף 5,,,קערות אובליות שקוף 5,יחידה,0.00,יחידה,false,,11.90,0.0000,true,1,285788
7290018626382,false,קערות וינטג' 10 יח',,,קערות וינטג' 10 יח',יחידה,0.00,יחידה,false,,15.90,0.0000,true,1,297628
7290018626429,false,צלחות וינטג' קטנות 1,,,צלחות וינטג' קטנות 1,יחידה,0.00,יחידה,false,,13.90,0.0000,true,1,297612
7290018626436,false,קערות וינטג' 10 יח',,,קערות וינטג' 10 יח',יחידה,0.00,יחידה,false,,15.90,0.0000,true,1,297629
7290018652671,false,"לה קרמריה שוקולד וניל 1.4 ליטר [תו אי""ל]",נגה גלידות שותפות מוגבלת,,גלידת שוקו וניל מופח,גרמים,0.00,100 גרם,false,,25.90,0.0000,true,1,395965
7290018652909,false,מאגדת מאגנום קפה שוקולד ופקאן 5 *43 ג' נסטלה,נגה גלידות שותפות מוגבלת,,מאגדת שלגונים אספרסו,גרמים,225.00,100 גרם,false,,31.90,14.1778,true,1,427683
7290018652923,false,מאגדת תות עוגת גבינה שוקולד 5 *43 ג' נסטלה,נגה גלידות שותפות מוגבלת,,מאגדת מסקרפונה תות *,גרמים,225.00,100 גרם,false,,31.90,14.1778,true,1,427698
7290018773316,false,בזיליקום 100 גרם,,,בזיליקום 100 גרם,גרמים,100.00,100 גרם,false,,9.90,9.9000,true,1,358810
7290018792841,false,אבקת קקאו טבעי 150 גר` גאנה,תה ויסוצקי (ישראל) בעמ,,אבקת קקאו דל שומן 15,גרמים,150.00,100 גרם,false,,11.90,7.9333,true,1,477917
7290018835005,false,אקסטרה צ'יפס אורז חום מלא מלח פלפל שמן זית 60 גרם,א.ל. ייצור ושיווק תבלינים בע`מ,,אקסטרא צ'יפס אורז חו,גרמים,60.00,100 גרם,false,,9.40,15.6667,true,1,430844
7290018835029,false,מרק בטעם עוף פרווה 400 ג,א.ל ייצור ושיווק תבלינים בעמ,,מרק בטעם עוף פרווה ת,גרמים,400.00,100 גרם,false,,17.90,4.4750,true,1,454919
7290018886175,false,כפיות עבות 50 יח' ש,,,כפיות עבות 50 יח' ש,יחידה,0.00,יחידה,false,,10.90,0.0000,true,1,328061
7290018886212,false,מזלגות עבות 50 יח',,,מזלגות עבות 50 יח',יחידה,0.00,יחידה,false,,10.90,0.0000,true,1,328065
7290018886229,false,מזלגות עבות 50 יח',,,מזלגות עבות 50 יח',יחידה,0.00,יחידה,false,,10.90,0.0000,true,1,328066
7290018886236,false,WIZ כפות עבות שקוף 50 יח',,,כפות עבות 50 יח' שק,יחידה,0.00,יחידה,false,,10.90,0.0000,true,1,328067
7290018886243,false,WIZ כפות עבות קרם 50 יח',,,כפות עבות 50 יח' קר,יחידה,0.00,יחידה,false,,10.90,0.0000,true,1,328068
7290018886274,false,מגש איכותי מחולק ל 4,,,מגש איכותי מחולק ל 4,יחידה,0.00,יחידה,false,,9.90,0.0000,true,1,376140
7290018886991,false,שמן קנולה מזוכך 1לי- בית יוסף,סקנולה,,שמן קנולה אלומות 1 ל,ליטרים,1.00,ליטר,false,,12.90,12.9000,true,1,342966
7290018893005,false,"חטיפי בייגלה אפוי בטעם חרדל ודבש, 160 גרם",ש.שסטוביץ בעמ,,בייגלה שטוח בתוספת ח,גרמים,200.00,100 גרם,false,,7.90,3.9500,true,1,373451
7290018893104,false,צ'וקטה עוגויות ביסקוויט מצופה שוקולד מריר 100 גרם,דיסטרופר אוליבייר,,צ'וקטה עוגיות מצופות,גרמים,100.00,100 גרם,false,,8.90,8.9000,true,1,422836
7290018893142,false,צ'וקטה גריסיני בתוספת שמן זית 120 גרם,ש.שסטוביץ בעמ,,צ'וקטה גריסיני שמן ז,גרמים,120.00,100 גרם,false,,10.00,8.3333,true,1,446897
7290018893319,false,צ'וקטה שוקולד מריר בלגי 85% 100 גרם משולש K,ש. שסטוביץ בע`מ,,צ'וקטה שוקולד מריר מ,גרמים,100.00,100 גרם,false,,9.90,9.9000,true,1,446853
7290018893340,false,מקלות אפויים בתוספת שומשום Salty,ש. שסטוביץ בע`מ,,צ'וקטה גריסיני שומשו,גרמים,120.00,100 גרם,false,,10.00,8.3333,true,1,446898
7290018893500,false,צ'וקטה עוגיות סנדביץ שוקו 180 גרם חלב נכרי,ש.שסטוביץ בעמ,,צ'וקטה עוגיות סנדביץ,גרמים,180.00,100 גרם,false,,5.90,3.2778,true,1,422806
7290018893753,false,עלי וופל חמאה בטעם לימון 100 גר` צוקטה,ש.שסטוביץ בעמ,,צ'וקטה וופל חמאה בטע,גרמים,100.00,100 גרם,false,,11.90,11.9000,true,1,477839
7290018894002,false,קוביות וופל במילוי קרם קקאו - חלבי,ש. שסטוביץ בע`מ,,בלקוני קוביות וופל ק,גרמים,250.00,100 גרם,false,,13.90,5.5600,true,1,437014
7290018894200,false,וופל קוביות ווניל בלקוני 250 גרם,ש. שסטוביץ בע`מ,,בלקוני קוביות וופל ו,גרמים,250.00,100 גרם,false,,13.90,5.5600,true,1,437015
7290018894217,false,עוגות אישיות במילוי קרם קקאו ובציפוי קרם קקאו,ש. שסטוביץ בע`מ,,עוגות אישיות מיקס מק,גרמים,350.00,100 גרם,false,,15.90,4.5429,true,1,426933
7290018925065,false,מיץ תפוזים סחוט פרימור (2 ליטר),שטראוס גרופ בעמ/מצונן,,פרימור מיץ תפוזים סח,ליטרים,2.00,ליטר,false,,28.90,14.4500,true,1,367757
7290018925089,false,"מיץ פרימור תפו""ע צלול סחוט 2 ליטר-",שטראוס גרופ בעמ/מצונן,,פרימור מיץ תפוחים צל,ליטרים,2.00,ליטר,false,,28.90,14.4500,true,1,367772
7290018925409,false,משקה לימון ואננס 400 מל פרימור,שטראוס גרופ בעמ/מצונן,,משקה קל לימון אננס פ,מיליליטרים,400.00,"100 מ""ל",false,,8.50,2.1250,true,1,458155
7290018929032,false,שייני 150 שקיות סנדו,,,150 שקיות סנדוויץ' H,100 יח',450.00,100 יח',false,,10.90,2.4222,true,1,458878
7290019014041,false,טאצ' נוזל רצפות 2 ליטר פסגה מושלגת,סאסאטק אגשח בעמ,,נוזל רצפות פסגה מושל,ליטרים,2.00,ליטר,false,,18.90,9.4500,true,1,381106
7290019031000,false,WIZ מארז חמישיית ניי,,,WIZ מארז חמישיית ניי,יחידה,0.00,יחידה,false,,11.90,0.0000,true,1,378581
7290019031062,false,תבנית R-2 מלבנית 7 י,,,תבנית R-2 מלבנית 7 י,יחידה,0.00,יחידה,false,,9.90,0.0000,true,1,402260
7290019031079,false,תבנית R-29 מרובעת קט,,,תבנית R-29 מרובעת קט,יחידה,0.00,יחידה,false,,9.90,0.0000,true,1,402261
7290019031093,false,תבנית R-64 בינונית 7,,,תבנית R-64 בינונית 7,יחידה,0.00,יחידה,false,,9.90,0.0000,true,1,402263
7290019031109,false,תבנית R-88 אינגליש 1,,,תבנית R-88 אינגליש 1,יחידה,0.00,יחידה,false,,9.90,0.0000,true,1,402264
7290019031116,false,תבנית R-99 ענקית 3 י,,,תבנית R-99 ענקית 3 י,יחידה,0.00,יחידה,false,,9.90,0.0000,true,1,402265
7290019031123,false,WIZ תבניות אלומיניום עגול 5 יח חזקות,,,תבנית אלומינים A-14,יחידה,0.00,יחידה,false,,9.90,0.0000,true,1,402266
7290019031178,false,כפפות לטקס 100 יח' S,,,כפפות לטקס 100 יח' S,יחידה,0.00,יחידה,false,,32.90,0.0000,true,1,392675
7290019031192,false,כפפות לטקס 100 יח' L,,,כפפות לטקס 100 יח' L,יחידה,0.00,יחידה,false,,32.90,0.0000,true,1,392676
7290019031208,false,כפפות לטקס 100 יח XL,,,כפפות לטקס 100 יח XL,יחידה,0.00,יחידה,false,,32.90,0.0000,true,1,392677
7290019031307,false,לפתניות לבנות 25 יח',,,לפתניות לבנות 25 יח',יחידה,0.00,יחידה,false,,6.90,0.0000,true,1,396826
7290019031314,false,קערות אובליות לבנות,,,קערות אובליות לבנות,יחידה,0.00,יחידה,false,,7.90,0.0000,true,1,396827
7290019031321,false,"מרקיות 7"" לבנות 25 י",,,"מרקיות 7"" לבנות 25 י",יחידה,0.00,יחידה,false,,10.90,0.0000,true,1,396828
7290019031338,false,WIZ צלחות קטנות לבנות 25 יח',,,"צלחות קטנות 7"" לבנות",יחידה,0.00,יחידה,false,,9.90,0.0000,true,1,396829
7290019031345,false,צלחות גדולות 9 לבן 2,,,צלחות גדולות 9 לבן 2,יחידה,0.00,יחידה,false,,13.90,0.0000,true,1,382066
7290019031352,false,"צלחות ענקיות 10"" לבנ",,,"צלחות ענקיות 10"" לבנ",יחידה,0.00,יחידה,false,,24.90,0.0000,true,1,396844
7290019031369,false,"צלחות גדולות 9"" קרם",,,"צלחות גדולות 9"" קרם",יחידה,0.00,יחידה,false,,15.90,0.0000,true,1,396845
7290019031420,false,אל סבון נוזלי שלישיי,,,אל סבון נוזלי שלישיי,מיליליטרים,500.00,"100 מ""ל",false,,12.90,2.5800,true,1,408252
7290019031437,false,אשפתון 65X75 XL חזק,,,אשפתון 65X75 XL חזק,יחידה,0.00,יחידה,false,,20.90,0.0000,true,1,420984
7290019031475,false,WIZ צלחות מתכלות גדו,,,WIZ צלחות מתכלות גדו,יחידה,0.00,יחידה,false,,10.90,0.0000,true,1,457013
7290019031499,false,WIZ מגשים אובלים מתכ,,,WIZ מגשים אובלים מתכ,יחידה,0.00,יחידה,false,,9.90,0.0000,true,1,457033
7290019031543,false,שמן זית כתית מעולה א,,,שמן זית כתית מעולה א,מיליליטרים,750.00,"100 מ""ל",false,,32.90,4.3867,true,1,408209
7290019031604,false,מארז 5 מכלים + מכסים,,,מארז 5 מכלים + מכסים,ליטרים,1.00,ליטר,false,,10.90,10.9000,true,1,403138
7290019031635,false,פחם מסעדות דרום אמרי,,,פחם מסעדות דרום אמרי,יחידה,0.00,יחידה,false,,26.90,0.0000,true,1,484365
7290019031642,false,WIZ צלחות ענקיות שקו,,,WIZ צלחות ענקיות שקו,יחידה,0.00,יחידה,false,,24.90,0.0000,true,1,457034
7290019031659,false,WIZ צלחות גדולות  שק,,,WIZ צלחות גדולות  שק,יחידה,0.00,יחידה,false,,15.90,0.0000,true,1,457050
7290019031666,false,WIZ צלחות קטנות שקופ,,,WIZ צלחות קטנות שקופ,יחידה,0.00,יחידה,false,,10.90,0.0000,true,1,457051
7290019056027,false,שוופס מוגז פירות תפוחים ללא סוכר 1.5 ליטר פיקדון,יפאורה - שותפות מוגבלת לשיווק,,שוופס מוגז פירות תפו,ליטרים,1.50,ליטר,false,,8.90,5.9333,true,1,360287
7290019056041,false,שוופס מוגז פירות לימונייד ללא סוכר 1.5 ליטר פיקדון,יפאורה - שותפות מוגבלת לשיווק,,שוופס מוגז פירות ללא,ליטרים,1.50,ליטר,false,,8.90,5.9333,true,1,360303
7290019056065,false,שוופס מוגז עדין פירות יער 1.5 ליטר פיקדון,יפאורה - שותפות מוגבלת לשיווק,,שוופס מוגז עדין פירו,ליטרים,1.50,ליטר,false,,8.90,5.9333,true,1,359954
7290019056072,false,שוופס מוגז עדין אננס 1.5 ליטר פיקדון,יפאורה - שותפות מוגבלת לשיווק,,שוופס מוגז עדין אננס,ליטרים,1.50,ליטר,false,,8.90,5.9333,true,1,359971
7290019056089,false,שוופס מוגז עדין ענבי ריזלינג 1.5 ליטר פיקדון,יפאורה - שותפות מוגבלת לשיווק,,שוופס מוגז עדין טעם,ליטרים,1.50,ליטר,false,,8.90,5.9333,true,1,359972
7290019056096,false,שוופס מוגז עדין אפרסק 1.5 ליטר פיקדון,יפאורה - שותפות מוגבלת לשיווק,,שוופס מוגז עדין אפרס,ליטרים,1.50,ליטר,false,,8.90,5.9333,true,1,359973
7290019056119,false,שוופס סודה 1.5 ליטר פיקדון,יפאורה שותפות מוגבלת לשיווק,,שוופס סודה 1.5ליטר,ליטרים,1.50,ליטר,false,,4.50,3.0000,true,1,359838
7290019056164,false,שוופס סודה 1.5 ליטר רביעייה פיקדון,יפאורה - שותפות מוגבלת לשיווק,,שוופס סודה 4*1.5ליטר,ליטרים,6.00,ליטר,false,,13.10,2.1833,true,1,359854
7290019056188,false,מארז רביעיית סודה בטעם נענע ליים 1.5 ל' שוופס,יפאורה - שותפות מוגבלת לשיווק,,שוופס סודה נענע ליים,ליטרים,6.00,ליטר,false,,13.10,2.1833,true,1,359871
7290019056201,false,מארז רביעיית סודה בטעם פירות יער 1.5 ל' שוופס,יפאורה - שותפות מוגבלת לשיווק,,שוופס פירות יער סודה,ליטרים,6.00,ליטר,false,,13.10,2.1833,true,1,359903
7290019056263,false,שוופס מים בטעמים אפרסק 1.5 ליטר פיקדון,יפאורה - שותפות מוגבלת לשיווק,,שוופס וואטר אפרסק 1.,ליטרים,1.50,ליטר,false,,9.50,6.3333,true,1,359793
7290019056300,false,משקה בטעם ביטר לימון 1.5 ל' שוויפס,יפאורה - שותפות מוגבלת לשיווק,,שוופס ביטר לימון 1.5,ליטרים,1.50,ליטר,false,,12.90,8.6000,true,1,360336
7290019056324,false,משקה בטעם טוניק 1.5 ל' שוופס,יפאורה - שותפות מוגבלת לשיווק,,שוופס מי טוניק 1.5 ל,ליטרים,1.50,ליטר,false,,12.90,8.6000,true,1,360352
7290019056331,false,שוופס טוניק ללא סוכר 1.5 ליטר פיקדון,יפאורה - שותפות מוגבלת לשיווק,,שוופס טוניק ללא סוכר,ליטרים,1.50,ליטר,false,,11.90,7.9333,true,1,360353
7290019056355,false,תפוזינה לימונדה מיקס לימונענע 1.5 ליטר,יפאורה - שותפות מוגבלת לשיווק,,תפוזינה לימונדה נענע,ליטרים,1.50,ליטר,false,,9.50,6.3333,true,1,359326
7290019056362,false,תפוזינה משקה קל ענבים 1.5 ליטר,יפאורה - שותפות מוגבלת לשיווק,,תפוזינה ענבים 1.5 לי,ליטרים,1.50,ליטר,false,,9.50,6.3333,true,1,359435
7290019056379,false,משקה קל תפוזינה 1.5 ליטר תפוזים,יפאורה - שותפות מוגבלת לשיווק,,תפוזינה תפוזים 1.5 ל,ליטרים,1.50,ליטר,false,,9.50,6.3333,true,1,359483
7290019056393,false,משקה קל תפוזינה 1.5 ליטר תות בננה,יפאורה - שותפות מוגבלת לשיווק,,תפוזינה תות בננה 1.5,ליטרים,1.50,ליטר,false,,9.50,6.3333,true,1,359519
7290019056409,false,תפוזינה משקה קל מנגו עסיסי1.5ליטר,יפאורה - שותפות מוגבלת לשיווק,,תפוזינה מנגו עסיסי 1,ליטרים,1.50,ליטר,false,,9.50,6.3333,true,1,359520
7290019056423,false,תפוזינה משקה קל תפוח רענן 1.5ליטר,יפאורה - שותפות מוגבלת לשיווק,,תפוזינה תפוח רענן 1.,ליטרים,1.50,ליטר,false,,9.50,6.3333,true,1,359565
7290019056430,false,משקה קל תפוזינה 1.5 ליטר תפוזים לייט,יפאורה - שותפות מוגבלת לשיווק,,תפוזינה תפוז 1.5 ליט,ליטרים,1.50,ליטר,false,,8.90,5.9333,true,1,359580
7290019056515,false,פרוט ווטר אננס 1.5 ליטר פיקדון,יפאורה - שותפות מוגבלת לשיווק,,פרוט ווטר אננס 1.5 ל,ליטרים,1.50,ליטר,false,,9.50,6.3333,true,1,359716
7290019056522,false,מים בטעם תות 1.5 ל' פרוט וואטר,יפאורה - שותפות מוגבלת לשיווק,,פרוט ווטר תות 1.5 לי,ליטרים,1.50,ליטר,false,,9.50,6.3333,true,1,359731
7290019056539,false,fruit water פרוט ווטר אפרסק 1.5 ליטר-,יפאורה שותפות מוגבלת לשיווק,,פרוט ווטר אפרסק 1.5,ליטרים,1.50,ליטר,false,,9.50,6.3333,true,1,359746
7290019056546,false,fruit water פרוט ווטר אבטיח 1.5 ליטר-,יפאורה - שותפות מוגבלת לשיווק,,פרוט ווטר אבטיח 1.5,ליטרים,1.50,ליטר,false,,9.50,6.3333,true,1,359747
7290019056553,false,שישיית מים מינרלים עין גדי 2 ליטר,יפאורה - שותפות מוגבלת לשיווק,,עין גדי מים מינרלים,ליטרים,12.00,ליטר,false,,13.80,1.1500,true,1,360527
7290019056560,false,עין גדי מים מינרלים בקבוק 2 ליטר,יפאורה שותפות מוגבלת לשיווק,,עין גדי מים מינרלים,ליטרים,2.00,ליטר,false,,4.50,2.2500,true,1,360528
7290019056577,false,ספרינג קל מנגו 1.5 ליטר פיקדון,יפאורה - שותפות מוגבלת לשיווק,,ספרינג מנגו 1.5 ליטר,ליטרים,1.50,ליטר,false,,9.50,6.3333,true,1,359194
7290019056584,false,משקה קל תפוזים ספרינג 1.5 ליטר,יפאורה - שותפות מוגבלת לשיווק,,ספרינג תפוזים 1.5 לי,ליטרים,1.50,ליטר,false,,9.50,6.3333,true,1,359209
7290019056591,false,משקה קל ענבים ספרינג 1.5 ליטר,יפאורה - שותפות מוגבלת לשיווק,,ספרינג ענבים 1.5 ליט,ליטרים,1.50,ליטר,false,,9.50,6.3333,true,1,359210
7290019056607,false,משקה קל תפוחים ספרינג 1.5 ליטר,יפאורה - שותפות מוגבלת לשיווק,,ספרינג תפוחים 1.5 לי,ליטרים,1.50,ליטר,false,,9.50,6.3333,true,1,359225
7290019056614,false,משקה קל אפרסק ספרינג 1.5 ליטר,יפאורה - שותפות מוגבלת לשיווק,,ספרינג אפרסק 1.5 ליט,ליטרים,1.50,ליטר,false,,9.50,6.3333,true,1,359226
7290019056621,false,משקה קל פירות טרופיים ספרינג 1.5 ליטר,יפאורה - שותפות מוגבלת לשיווק,,ספרינג פירות טרופיים,ליטרים,1.50,ליטר,false,,9.50,6.3333,true,1,359242
7290019056638,false,משקה קל ספרינג 1.5 ליטר תות בננה,יפאורה - שותפות מוגבלת לשיווק,,ספרינג תות בננה 1.5,ליטרים,1.50,ליטר,false,,9.50,6.3333,true,1,359243
7290019056645,false,משקה קל ספרינג 1.5 ליטר אגס תפוח סברס,יפאורה - שותפות מוגבלת לשיווק,,ספרינג אגס סברס תפוח,ליטרים,1.50,ליטר,false,,9.50,6.3333,true,1,359265
7290019056720,false,קריסטל מיץ ענבים 2 ליטר פיקדון,יפאורה - שותפות מוגבלת לשיווק,,קריסטל מיץ ענבים 2 ל,ליטרים,2.00,ליטר,false,,8.50,4.2500,true,1,360354
7290019056744,false,קריסטל מיץ תפוזים 2 ליטר פיקדון,יפאורה - שותפות מוגבלת לשיווק,,קריסטל מיץ תפוזים 2,ליטרים,2.00,ליטר,false,,8.50,4.2500,true,1,360370
7290019056768,false,קריסטל משקה קל מנגו 2 ליטר פיקדון,יפאורה - שותפות מוגבלת לשיווק,,קריסטל מיץ מנגו 2 לי,ליטרים,2.00,ליטר,false,,8.50,4.2500,true,1,360386
7290019056805,false,משקה קל קריסטל (2 ליטר)מוגז תפוחים,יפאורה - שותפות מוגבלת לשיווק,,משקה מוגז קריסטל תפו,ליטרים,2.00,ליטר,false,,8.50,4.2500,true,1,360418
7290019056812,false,משקה קל קריסטל (2 ליטר)מוגז מנטה,יפאורה - שותפות מוגבלת לשיווק,,קריסטל מנטה 2 ליטר,ליטרים,2.00,ליטר,false,,8.50,4.2500,true,1,360433
7290019056959,false,מי עדן בקבוק מתכווץ שקט 1.5 מ``ל,יפאורה - שותפות מוגבלת לשיווק,,מי עדן 1.5 ליטר,ליטרים,1.50,ליטר,false,,3.90,2.6000,true,1,371605
7290019056973,false,מי עדן שישיה בק `1.5ליטר פיקדון,יפאורה - שותפות מוגבלת לשיווק,,מי עדן 6*1.5 ליטר,ליטרים,9.00,ליטר,false,,14.90,1.6556,true,1,360467
7290019153269,false,שוופס סודה אננס 1.5 ליטר רביעייה פיקדון,יפאורה - שותפות מוגבלת לשיווק,,שוופס סודה אננס 4*1.,ליטרים,6.00,ליטר,false,,13.10,2.1833,true,1,424553
7290019153313,false,"משקהתפוח חמוציות אוכמניות 350 מ""ל פרות & ווג",יפאורה - שותפות מוגבלת לשיווק,,פרוט & וג' תפוח חמוצ,מיליליטרים,330.00,"100 מ""ל",false,,8.90,2.6970,true,1,438807
7290019153351,false,משקה קל תפוזינה 1.5 ליטר פינק אוזו,יפאורה - שותפות מוגבלת לשיווק,,תפוזינה פינק אוזו 1.,ליטרים,1.50,ליטר,false,,9.50,6.3333,true,1,432971
7290019153375,false,משקה קל תפוזינה 1.5 ליטר מוחיטו,יפאורה - שותפות מוגבלת לשיווק,,תפוזינה מוחיטו 1.5 ל,ליטרים,1.50,ליטר,false,,9.50,6.3333,true,1,432972
7290019233039,false,רוטב עגבניות עם קוביות פלפלים ושמן זית 420ג' ויסוצקי,תה ויסוצקי (ישראל) בעמ,,רוטב עגבניות לשקשוקה,גרמים,420.00,100 גרם,false,,15.90,3.7857,true,1,437936
7290019245001,false,שמן קנולה אלומות 1 ל,,,שמן קנולה אלומות 1 ל,ליטרים,1.00,ליטר,false,,12.90,12.9000,true,1,419507
7290019297451,false,מי ורדים 500 מל דין שיווק,דין שיווק וקליה 2021 בעמ,,מי ורדים שקדיה 500 מ,מיליליטרים,500.00,"100 מ""ל",false,,14.90,2.9800,true,1,5516
7290019297543,false,חמאת בוטנים 510 גר` דין שיווק,דין שיווק וקליה 2021 בעמ,,חמאת בוטנים שקדיה 51,גרמים,510.00,100 גרם,false,,11.90,2.3333,true,1,5521
7290019297628,false,שקד טבעי בשקית ששון הקולה 150 גרם,דין שיווק וקליה 2021 בעמ,,שקד טבעי 150 גרם ששו,גרמים,150.00,100 גרם,false,,15.90,10.6000,true,1,5528
7290019303657,false,טבע ירוק פינוקית שומשום מיקס בריאות 250ג,אבאל יזמות בעמ,,פינוקיות שומשום מיקס,גרמים,220.00,100 גרם,false,,19.90,9.0455,true,1,475813
7290019303756,false,טבע ירוק פינוקית שומשום וגרעינים 250 גר,אבאל יזמות בעמ,,פינוקיות שומשום וגרע,גרמים,220.00,100 גרם,false,,19.90,9.0455,true,1,475830
7290019308027,false,שעועית ירוקה שלמה עד,,,שעועית ירוקה שלמה עד,גרמים,800.00,100 גרם,false,,7.20,0.9000,true,1,480270
7290019308058,false,שעועית ירוקה חתוכה 800 גרם,,,שעועית ירוקה חתוכה 8,גרמים,800.00,100 גרם,false,,7.20,0.9000,true,1,451945
7290022005081,false,רוטב עגבניות שרי ארביאטה 400 גרם,א.ל ייצור ושיווק תבלינים בעמ,,רוטב עגבניות שרי ארב,גרמים,400.00,100 גרם,false,,16.90,4.2250,true,1,288
7290022005098,false,רוטב עגבניות שרי לשקשוקה 400 גרם,א.ל.יצור ושיווקתבלינים בעמ,,רוטב עגבניות שרי לשק,גרמים,400.00,100 גרם,false,,16.90,4.2250,true,1,495351
7290022005111,false,רוטב עגבניות שרי לפיצה 400 גרם,א.ל.יצור ושיווקתבלינים בעמ,,רוטב עגבניות שרי לפי,גרמים,400.00,100 גרם,false,,16.90,4.2250,true,1,291
7290022005562,false,קריספ פירורי לחם שום 300 גרם מיימונס,א.ל.ייצור ושיווק תבלינים בעמ,,פירורי לחם עם שום קר,גרמים,300.00,100 גרם,false,,8.90,2.9667,true,1,430812
7290100240632,false,קרקר פתית 200-300ג' 6 דגנים 250 גרם,"יוניליוור ישראל שיווק בע""מ",,פתית 6 דגנים תלמה 25,גרמים,250.00,100 גרם,false,,18.90,7.5600,true,1,11486
7290100245231,false,נמס בכוס מרק בטעם עוף עם אטריות ושקדי מרק-2 שקיות,יוניליוור ישראל שיווק בע`מ,,נמס בכוס ועוד טעם עו,גרמים,50.00,100 גרם,false,,7.90,15.8000,true,1,11512
7290100249659,false,"רוטב לעוף צ'ילי מתוק ושום קנור 320 גרם בד""צ","יוניליוור ישראל שיווק בע""מ",,רוטב לעוף צילי שום ב,גרמים,310.00,100 גרם,false,,13.90,4.4839,true,1,11563
7290100411254,false,מחית בוליווד תפוח ובננה 190 גרם ללא תוספ,שקד תבל בע`מ,,תפוח ובננה 190גרם BE,גרמים,190.00,100 גרם,false,,5.90,3.1053,true,1,31731
7290100412343,false,קוויק מטליות לחות 99.9% לניקוי כללי בריח לימון 50 יחידות,שקד תבל בע`מ,,מגבונים לניקוי וחיטו,יחידה,0.00,יחידה,false,,8.90,0.0000,true,1,31742
7290100570234,false,אביזרי מטבח,,,אביזרי מטבח,יחידה,0.00,יחידה,false,,12.90,0.0000,true,1,37801
7290100572368,false,אביזרי מטבח,,,אביזרי מטבח,יחידה,0.00,יחידה,false,,19.90,0.0000,true,1,37810
7290100572610,false,אביזרי מטבח ב-11.99,,,אביזרי מטבח ב-11.99,יחידה,0.00,יחידה,false,,12.00,0.0000,true,1,37813
7290100572702,false,אביזרי מטבח ב-11.00,,,אביזרי מטבח ב-11.00,יחידה,0.00,יחידה,false,,10.90,0.0000,true,1,37814
7290100573402,false,אביזרי מטבח,,,אביזרי מטבח,יחידה,0.00,יחידה,false,,14.90,0.0000,true,1,37817
7290100658338,false,"נוזל לניקוי כלים אוקסי פלוס פלמוליב 750 מ""ל",הנסיך- מפעל לייצור ט,,פלמוליב לכלים אוקסי-,מיליליטרים,750.00,"100 מ""ל",false,,12.90,1.7200,true,1,23593
7290100659090,false,פרי חטיפים ללא גלוטן ותוספת סוכר מארז 5 תמרים וקינמון,טבעית מוצרים מן הטבע בעמ,,פרי חטיפים ללא סוכר,גרמים,100.00,100 גרם,false,,19.70,19.7000,true,1,23594
7290100680650,false,מנה חמה נודלס-אטריות ירקות טעם תאילנדי אסם 76 ג',קבוצת אוסם סחר שותפות מוגבלת,,מנה חמה נודלס תאילנד,גרמים,76.00,100 גרם,false,,6.90,9.0789,true,1,21428
7290100680667,false,מנה חמה נודלס בסגנון סצ`ואן אסם (76 גרם),קבוצת אוסם סחר שותפות מוגבלת,,מנה חמה נודלס ירקות,גרמים,76.00,100 גרם,false,,6.90,9.0789,true,1,21429
7290100680711,false,פירורית זהב אסם זהב 350ג',קבוצת אוסם סחר שותפות מוגבלת,,אסם פירורית זהב 350,גרמים,350.00,100 גרם,false,,9.90,2.8286,true,1,21430
7290100680728,false,פירורית רגילה שקית 350 גרם,קבוצת אוסם סחר שותפות מוגבלת,,פירורית רגילה שקית 3,גרמים,350.00,100 גרם,false,,8.90,2.5429,true,1,21431
7290100681138,false,מארז אפרופו חטיף תירס 3 יחידות,קבוצת אוסם סחר שותפות מוגבלת,,אפרופו מאח 3*50 גר',גרמים,150.00,100 גרם,false,,13.50,9.0000,true,1,21435
7290100681503,false,עסיס סירופ לימונענע דיאטטי 1 ליטר,קבוצת אוסם סחר שותפות מוגבלת,,סירופ דיאט לימונענע,ליטרים,1.00,ליטר,false,,16.90,16.9000,true,1,21439
7290100684139,false,פסטה מיני מקרוני אסם (500 גרם),קבוצת אוסם סחר שותפות מוגבלת,,מיני מקרוני אסם 500,גרמים,500.00,100 גרם,false,,6.90,1.3800,true,1,21449
7290100685136,false,"אבקת מרק טעם עוף 1 ק""ג 1/8 אסם",קבוצת אוסם סחר שותפות מוגבלת,,מרק בטעם עוף אסם 1 ק,קילוגרמים,1.00,"ק""ג",false,,16.90,16.9000,true,1,21457
7290100685334,false,אבקת מרק עוף אמיתי בשרי רכיבים טבעיים אסם 400 גרם,קבוצת אוסם סחר שותפות מוגבלת,,מרק עוף מרכיבים טבעי,גרמים,400.00,100 גרם,false,,26.70,6.6750,true,1,21459
7290100685341,false,אבקת מרק טעם עוף זך רכיבים טבעיים אסם 400 גרם,קבוצת אוסם סחר שותפות מוגבלת,,מרק זך טעם עוף רכיבי,גרמים,400.00,100 גרם,false,,18.90,4.7250,true,1,21460
7290100687109,false,במבה במילוי קרם נוגט 60ג' אסם,קבוצת אוסם סחר-שות.מוגבלת,,במבה במילוי קרם נוגט,גרמים,60.00,100 גרם,false,,5.90,9.8333,true,1,21472
7290100689301,false,אבקת מרק בטעם עוף זך עדיף אסם 400 גרם,קבוצת אוסם סחר שותפות מוגבלת,,מרק בטעם עוף זך אסם,גרמים,400.00,100 גרם,false,,15.90,3.9750,true,1,21479
7290100700020,false,גריסי פנינה סוגת (500 גרם),האי נאם סי או אל.טי.,,סוגת גריסי פנינה 500,גרמים,500.00,100 גרם,false,,6.90,1.3800,true,1,19436
7290100700242,false,אורז מלא עגול סוגת (1 קג),"סוגת תעשיות בע""\מ",,סוגת אורז מלא עגול 1,קילוגרמים,1.00,"ק""ג",false,,9.90,9.9000,true,1,19438
7290100700266,false,פירורי לחם לבנים סוגת 200 גרם,"סוגת תעשיות בע""מ",,סוגת פרורי לחם לבן 2,גרמים,200.00,100 גרם,false,,4.90,2.4500,true,1,19439
7290100700273,false,קינואה לבנה 500 ג סו,האי נאם סי או אל.טי.,,קינואה סוגת 500 גרם,גרמים,500.00,100 גרם,false,,15.90,3.1800,true,1,19440
7290100700310,false,"סוגת כוסמת סוגת 1ק""ג","סוגת תעשיות בע""מ",,כוסמת 1 ק'ג,קילוגרמים,1.00,"ק""ג",false,,16.90,16.9000,true,1,19442
7290100700334,false,קינואה לבנה 1 קג סוג,"סוגת תעשיות בע""מ",,סוגת קינואה 1קג,קילוגרמים,1.00,"ק""ג",false,,28.90,28.9000,true,1,19444
7290100700372,false,"אורז בסגנון בסמטי מלא 1 ק""ג",האי נאם סי או אל.טי.,,אורז בסמטי מלא 1 ק'ג,קילוגרמים,1.00,"ק""ג",false,,14.90,14.9000,true,1,19446
7290100700389,false,"אורז אדום סוגת 1 ק""ג","סוגת תעשיות בע""\מ",,אורז אדום 1 ק'ג,קילוגרמים,1.00,"ק""ג",false,,14.90,14.9000,true,1,19447
7290100700396,false,"אורז יסמין קלאסי סוגת 1 ק""ג",האי נאם סי או אל.טי.,,סוגת אורז יסמין קלאס,קילוגרמים,1.00,"ק""ג",false,,13.90,13.9000,true,1,19448
7290100700402,false,"חומוס ענק סוגת 1 ק""ג",סוגת תעשיות בעמ,,חומוס ענק 1 ק'ג,קילוגרמים,1.00,"ק""ג",false,,20.90,20.9000,true,1,77446
7290100700587,false,"בורגול ""סוגת"" 500 גרם",האי נאם סי או אל.טי.,,סוגת בורגול 500 גר,גרמים,500.00,100 גרם,false,,6.90,1.3800,true,1,19453
7290100701157,false,אורז להכנת סושי סוגת (1 קג),"סוגת תעשיות בע""\מ",,אורז סושי 1 קג,קילוגרמים,1.00,"ק""ג",false,,14.80,14.8000,true,1,19456
7290100701300,false,קינואה אדומה סוגת (500 גרם),"סוגת תעשיות בע""\מ",,סוגת קינואה אדומה 50,גרמים,500.00,100 גרם,false,,15.90,3.1800,true,1,19457
7290100701331,false,קמח רב תכליתי שטיבל קמח חיטה לבן בהיר,"שטיבל בע""\מ - טחנות קמח",,קמח רב תכליתי סוגת,קילוגרמים,1.00,"ק""ג",false,,8.90,8.9000,true,1,19459
7290100701348,false,"קמח שיפון מלא סוגת 1 ק""ג",שטיבל טחנות קמח,,קמח שיפון מלא סוגת,קילוגרמים,1.00,"ק""ג",false,,8.90,8.9000,true,1,19460
7290100701454,false,בורגול דק גרישה סוגת (500 גרם),"סוגת תעשיות בע""\מ",,גרישה 500 גרם,גרמים,500.00,100 גרם,false,,6.90,1.3800,true,1,19465
7290100701577,false,קמח לחם קמח חיטה לבן שטיבל,טחנות קמח שטיבל באר שבע,,קמח לחם מועשר בויטמי,קילוגרמים,1.00,"ק""ג",false,,8.90,8.9000,true,1,118085
7290100701874,false,"קמח כוסמין מלא סוגת 1 ק""ג",טחנות קמח שטיבל באר,,"קמח כוסמין סוגת 1 ק""",קילוגרמים,1.00,"ק""ג",false,,14.00,14.0000,true,1,67829
7290100702260,false,קוסקוס דק סוגת 350 גרם,"אסיף תעשיות מזון בע""\מ",,קוסקוס דק סוגת 350 ג,גרמים,350.00,100 גרם,false,,5.90,1.6857,true,1,19475
7290100702277,false,סוגת קוסקוס עבה 350 גרם,"אסיף תעשיות מזון בע""",,קוסקוס עבה סוגת 350,גרמים,350.00,100 גרם,false,,5.90,1.6857,true,1,67831
7290100702284,false,קוסקוס מלא סוגת (350 גרם),"אסיף תעשיות מזון בע""",,קוסקוס מלא סוגת 350,גרמים,350.00,100 גרם,false,,5.70,1.6286,true,1,67832
7290100702383,false,"קמח תופח 1 ק""ג]סוגת[","שטיבל בע""\מ - טחנות קמח",,"קמח תופח סוגת 1 ק""ג",קילוגרמים,1.00,"ק""ג",false,,8.90,8.9000,true,1,19480
7290100702611,false,פתיתים אפויים אורז 500 גרם סוגת,"אסיף תעשיות מזון בע""\מ",,פתיתים אפויים אורז ס,גרמים,500.00,100 גרם,false,,5.20,1.0400,true,1,19488
7290100702628,false,פתיתים אפויים קוסקוס סוגת 500 גרם,"אסיף תעשיות מזון בע""\מ",,פתיתים אפויים קוסקוס,גרמים,500.00,100 גרם,false,,5.20,1.0400,true,1,19489
7290100702635,false,פתיתים אפויים כוכבים סוגת 500 גרם,"אסיף תעשיות מזון בע""",,פתיתים אפויים כוכבים,גרמים,500.00,100 גרם,false,,5.20,1.0400,true,1,19490
7290100702741,false,"סוכר חום בהיר צנצנת 1ק""ג מהדורה מוגבלת",סוגת תעשיות בעמ,,סוכר חום בהיר בצנצנת,קילוגרמים,1.00,"ק""ג",false,,14.50,14.5000,true,1,19499
7290100702987,false,שיבולת שועל פתיתים סוגת 500 גרם,סוגת תעשיות בעמ,,פתיתי שיבולת שועל סו,גרמים,500.00,100 גרם,false,,7.90,1.5800,true,1,118099
7290100702994,false,סוכר דמררה קלאסי בשקית סוגת 500 גרם,"סוגת תעשיות בע""מ",,סוכר דמררה בשקית סוג,גרמים,500.00,100 גרם,false,,6.90,1.3800,true,1,19517
7290100703007,false,"עדשים שחורות בלוגה 500 גרם ""סוגת""",האי נאם סי או אל.טי.,,סוגת עדשים שחורות בל,גרמים,500.00,100 גרם,false,,9.90,1.9800,true,1,19518
7290100703564,false,"פתיתי שיבולת שועל עבה 500 גרם ""סוגת""",סוגת תעשיות בעמ,,שיבולת שועל עבה סוגת,גרמים,500.00,100 גרם,false,,7.90,1.5800,true,1,118111
7290100703632,false,קמח חיטה מלא ללא צורך בניפוי,סוגת תעשיות בעמ,,קמח מלא ללא ניפוי סו,קילוגרמים,1.00,"ק""ג",false,,8.90,8.9000,true,1,118115
7290100703915,false,פופקורן להכנה במיקרוגל בטעם חמאה - מארז 6 שקיות,סוגת תעשיות בעמ,,מארז פופקורן למיקרוג,גרמים,540.00,100 גרם,false,,14.90,2.7593,true,1,116339
7290100703922,false,פופקורן להכנה במיקרוגל בטעם טבעי - מארז 6 שקיות,סוגת תעשיות בעמ,,מארז פופקורן למיקרוג,גרמים,540.00,100 גרם,false,,14.90,2.7593,true,1,116340
7290100704141,false,סוגת אבקת סודה לשתיה 100 גר`,א.ל. ייצור ושיווק תב,,סוגת סודה לשתייה 100,גרמים,100.00,100 גרם,false,,2.90,2.9000,true,1,134364
7290100704578,false,"קמח כוסמין לבן תופח סוגת 1 ק""ג","שטיבל בע""\מ - טחנת קמח",,קמח כוסמין לבן סוגת,קילוגרמים,1.00,"ק""ג",false,,14.00,14.0000,true,1,294036
7290100704608,false,שעועית לבנה עדינה סוגת (500 גרם),"סוגת תעשיות בע""\מ",,שעועית לבנה עדינה 50,גרמים,500.00,100 גרם,false,,8.90,1.7800,true,1,321789
7290100704660,false,"קינואה מיקס סוגת, 500 גרם","סוגת תעשיות בע""\מ",,קינואה מיקס סוגת 500,גרמים,500.00,100 גרם,false,,15.90,3.1800,true,1,306900
7290100850909,false,חטיף תירס נאצ`ו מקסיקני דוריטוס (70 גרם),"שטראוס פריטו ליי בע""\מ",,דוריטוס נאצו מקסיקני,גרמים,70.00,100 גרם,false,,4.30,6.1429,true,1,25384
7290100850916,false,דוריטוס חמוץ חריף מעודן 70 גרם כשר לפסח,"שטראוס פריטו ליי בע""\מ )",,דוריטוס חמוץ חריף 70,גרמים,70.00,100 גרם,false,,4.30,6.1429,true,1,25385
7290100850923,false,חטיף תירס גריל דוריטוס (70 גרם),"שטראוס פריטו ליי בע""\מ )",,דוריטוס גריל 70 גרם,גרמים,70.00,100 גרם,false,,4.30,6.1429,true,1,25386
7290100850930,false,חטיף תירס בטעם טבעי דוריטוס (70 גרם),"שטראוס פריטו ליי בע""\מ )",,דוריטוס טבעי 70 גרם,גרמים,70.00,100 גרם,false,,4.30,6.1429,true,1,25387
7290100858592,false,אבקת קקאו עלית שקית 150 ג',הנסיך- מפעל לייצור ט,,עלית קקאו 150ג,גרמים,150.00,100 גרם,false,,10.50,7.0000,true,1,24210
7290100921623,false,מנקה אסלה סוד 4 כדוריות נתלה אקונומיקה נתלה 50 ג',גורי שיווק בעמ,,סוד סבון 4 כדוריות ל,גרמים,50.00,100 גרם,false,,10.20,20.4000,true,1,38257
7290100924464,false,כדוריות סבון נתלה לאסלה עם אקונומיקה - 3 יח',גורי שיווק בעמ,,סוד סבון 4 כדוריות ל,גרמים,150.00,100 גרם,false,,19.90,13.2667,true,1,38277
7290100924631,false,מרכך כביסה מרוכז לבגדי תינוקות ובעלי עור רגיש,גורי שיווק בעמ,,מרכך כביסה סוד מרוכז,מיליליטרים,900.00,"100 מ""ל",false,,9.90,1.1000,true,1,38286
7290100926147,false,אבקת כביסה פרסיל קולור שקית 2.5 קג,גורי שיווק בעמ,,אבקת כביסה פרסיל קול,קילוגרמים,2.50,"ק""ג",false,,28.90,11.5600,true,1,38344
7290101112228,false,מאגדת פופסיקל גלידל פרי אננס 8 יח`,פלקו בעמ חברה ישראלית,,פופסיקל בטעם אננס 8,גרמים,640.00,100 גרם,false,,29.90,4.6719,true,1,39667
7290101112921,false,"גלידל פרי פירות טרופים לל""ס 8 יחידות",פלקו בעמ חברה ישראלית,,פופסיקל בטעם פירות ט,גרמים,640.00,100 גרם,false,,29.90,4.6719,true,1,136763
7290101112945,false,שלגון גרניטה תות פלדמן,פלקו בעמ חברה ישראלית,,קרחון גרניטה תות 80,גרמים,80.00,100 גרם,false,,4.50,5.6250,true,1,357875
7290101113447,false,עשירייה גלידל מיני קסטה בטעמי שוקו ווניל 270 ג' פלדמן,פלקו בעמ חברה ישראלית,,גלידל מיני סנדוויץ',גרמים,270.00,100 גרם,false,,34.90,12.9259,true,1,370474
7290101113768,false,מאגדת שלגון עוגיות ושוקולד חלב רביעיה * 50 ג' יולו,פלקו בעמ חברה ישראלית,,מאגדת רביעייה שלגון,גרמים,200.00,100 גרם,false,,21.90,10.9500,true,1,400229
7290101453888,false,נר מספר - 1 (1X12X60),שמחה זה אנחנו בע`מ,,נר מספר 1,יחידה,0.00,יחידה,false,,4.50,0.0000,true,1,35211
7290101458890,false,נרות יום הולדת - פרוזן,,,נרות יום הולדת - פרו,יחידה,0.00,יחידה,false,,2.90,0.0000,true,1,35401
7290101459880,false,נרות אותיות- יום הול,,,נרות אותיות- יום הול,יחידה,0.00,יחידה,false,,9.90,0.0000,true,1,35437
7290101488323,false,ליידי ספיד סטיק - דאודורנט סטיק לאישה ללא סימן ירוק סטיק 65 גרם,ליידי ספיד סטיק Lady Speed Stick,,דאו' ללא סימן ירוק ל,גרמים,65.00,100 גרם,false,,21.90,33.6923,true,1,23605
7290101551027,false,קפסולות קפה אספרסו חזק במיוחד 14 עלית 10 יח',הנסיך- מפעל לייצור ט,,קפסולות אספרסו 14 למ,גרמים,50.00,100 גרם,false,,18.90,37.8000,true,1,136652
7290101551263,false,סילאן טבעי 700 גרם יד מרדכי,"שטראוס גרופ בע""מ",,סילאן טבעי יד מרדכי,גרמים,700.00,100 גרם,false,,22.90,3.2714,true,1,129749
7290101551539,false,יוגורט PRO בטעם אפרסק 0% 20 גרם חלבון בגביע,שטראוס גרופ בעמ/מצונן,,דנונה פרו 20 אפרסק 2,גרמים,200.00,100 גרם,false,,6.50,3.2500,true,1,133018
7290101551584,false,תפוצ'יפס קידס מארז 10 יח' * 20 ג',"שטראוס פריטו ליי בע""מ )פ",,מארז תפוצ'יפס קידס 1,גרמים,200.00,100 גרם,false,,15.90,7.9500,true,1,131722
7290101551614,false,חטיף צ'יטוס קראנץ בטעם גבינה - מארז 8 יח',"שטראוס פריטו ליי בע""מ )פ",,מארז צ'יטוס קראנצ' ג,גרמים,240.00,100 גרם,false,,14.90,6.2083,true,1,130796
7290101551638,false,חטיף צ'יטוס כאפה בטעם קטשופ - מארז 10 יח',"שטראוס פריטו ליי בע""מ )פ",,מארז צ'יטוס כאפה 10*,גרמים,200.00,100 גרם,false,,13.90,6.9500,true,1,130798
7290101869726,false,ג'ל מרוכז למדיח הכל ב-1 פיניש 1 ליטר,רקיט בנקיזר (ניר איסט) בעמ,,ג'ל 1 ליטר AIO פיניש,ליטרים,1.00,ליטר,false,,44.90,44.9000,true,1,107054
7290101869795,false,"אירוויק מילוי מבשם אויר אטומטי חלום ליל קיץ 250 מ""ל",רקיט בנקיזר (ניר איסט) בעמ,,איירוויק מילוי מבשם,מיליליטרים,250.00,"100 מ""ל",false,,14.90,5.9600,true,1,22998
7290101999720,false,נרות מטה לבבות פו,,,נרות מטה לבבות פו,יחידה,0.00,יחידה,false,,7.50,0.0000,true,1,35913
7290102030330,false,תפוצ`יפס אקסטרא מקסיקני 200 גרם +20 תו,"שטראוס פריטו ליי בע""\מ )",,תפוצ'יפס קראנץ מקסיק,גרמים,200.00,100 גרם,false,,10.90,5.4500,true,1,25395
7290102031276,false,מארז 8 יחידות אקטימל משקה יוגורט בטעם תות בננה,שטראוס גרופ בעמ/מצונן,,אקטימל תות בננה 8*10,מיליליטרים,800.00,"100 מ""ל",false,,22.90,2.8625,true,1,24905
7290102032334,false,אבקה להכנת משקה קפה בטעם וניל,"שטראוס גרופ בע""מ",,קפה נמס עלית בטעם ונ,גרמים,200.00,100 גרם,false,,30.90,15.4500,true,1,24220
7290102300822,false,גבינה צ'דר אנגלית כתומה 200 גרם,א. סיימן סחר בעמ,,סיימן גבינת צדר אנגל,גרמים,200.00,100 גרם,false,,27.90,13.9500,true,1,18718
7290102390427,false,יוגורט ביו עם קציפת תות 3% שומן 150 ג' מולר,החברה המרכזית טלהפצת משקאות בע,,מולר פרופ תות 3% 150,גרמים,150.00,100 גרם,false,,5.50,3.6667,true,1,7241
7290102390465,false,יוגורט ביו עם קציפת אפרסק ופסיפלורה 3% שומן 150 ג' מולר,החברה המרכזית טלהפצת משקאות בע,,מולר פרופ אפרסק פסיפ,גרמים,150.00,100 גרם,false,,5.50,3.6667,true,1,7242
7290102390489,false,יוגורט ביו עם קציפת לימון 3% שומן 150 ג' מולר,*החברה המרכזית להפצת משקאותבעמ,,מולר פרופ לימון 3% 1,גרמים,150.00,100 גרם,false,,5.50,3.6667,true,1,7244
7290102391844,false,יוגורט ביו עם קציפת פירות יער3% שומן 150 ג' מולר,החברה המרכזית טלהפצת משקאות בע,,מולר פרופ לבן+קציפת,גרמים,150.00,100 גרם,false,,5.50,3.6667,true,1,7262
7290102392094,false,חלב עיזים 3.7% בקרטון משק צוריאל 1 ליטר,החברה המרכזית טלהפצת משקאות בע,,צוריאל חלב עיזים 1ל,ליטרים,1.00,ליטר,false,,16.90,16.9000,true,1,7270
7290102393039,false,"יוגורט ביו קרמי מיקס פצפוצי שוקולד 7.6% מולר 170 מ""ל",*החברה המרכזית להפצת משקאותבעמ,,מולר מיקס בתוספת פצפ,מיליליטרים,170.00,"100 מ""ל",false,,5.90,3.4706,true,1,7299
7290102393169,false,"יוגורט סימפלי פרוט בטעם תות 3% מולר 150 מ""ל",*החברה המרכזית להפצת משקאותבעמ,,מולר סימפלי פרוט תות,גרמים,150.00,100 גרם,false,,5.50,3.6667,true,1,7307
7290102393176,false,סימפלי פרוט יוגורט אפרסק 3% שומן 150 ג' מולר,*החברה המרכזית להפצת משקאותבעמ,,מולר סימפלי פרוט אפר,גרמים,150.00,100 גרם,false,,5.50,3.6667,true,1,7308
7290102393268,false,"גבינה לבנה 5% שומן, רכיבים טבעיים 750 גרם",*החברה המרכזית להפצת משקאותבעמ,,טרה גבינה לבנה אריזת,גרמים,750.00,100 גרם,false,,14.90,1.9867,true,1,7311
7290102393299,false,יוגורט עיזים לשתייה 3% משק צוריאל 500 גרם,*החברה המרכזית להפצת משקאותבעמ,,צוריאל יוגורט עיזים,מיליליטרים,500.00,"100 מ""ל",false,,13.50,2.7000,true,1,7312
7290102393947,false,סימפלי פרוט יוגורט בטעם קיווי 3% שומן 150 ג' מולר,*החברה המרכזית להפצת משקאותבעמ,,מולר סימפלי פרוט קיו,מיליליטרים,150.00,"100 מ""ל",false,,5.50,3.6667,true,1,7326
7290102394463,false,נעם גבינה צהובה פרוסה ואקום 28% טרה 500 גרם,החברה המרכזית טלהפצת משקאות בע,,נעם גבינה צהובה וואק,גרמים,500.00,100 גרם,false,,28.00,5.6000,true,1,7344
7290102394821,false,גבינה צהובה 28% דק דק לפתיחה חוזרת 200,החברה המרכזית טלהפצת משקאות בע,,נעם גבינה צהובה דק ד,גרמים,200.00,100 גרם,false,,16.20,8.1000,true,1,7350
7290102394845,false,נעם גבינה צהובה לייט פרוסה דק דק 9% טרה 200 גרם,*החברה המרכזית להפצת משקאותבעמ,,נעם גבינה צהובה דק ד,גרמים,200.00,100 גרם,false,,17.00,8.5000,true,1,7351
7290102395224,false,שמיניית יוגורט ביו ביאנקו 1.7% מולר 150 גרם,*החברה המרכזית להפצת משקאותבעמ,,מולר נטורל 1.7% 8*15,קילוגרמים,1.20,"ק""ג",false,,16.90,14.0833,true,1,7363
7290102395231,false,שמיניית יוגורט ביו ביאנקו 2.8% מולר 150 גרם,*החברה המרכזית להפצת משקאותבעמ,,מולר נטורל 2.8% 8*15,קילוגרמים,1.20,"ק""ג",false,,16.90,14.0833,true,1,7364
7290102395262,false,מארז 8 גביעים יוגורט בטעם תות שדה ואפרסק 3% Simply Fruit,החברה המרכזית טלהפצת משקאות בע,,מולר תות שדה ואפרסק,קילוגרמים,1.20,"ק""ג",false,,32.40,27.0000,true,1,7365
7290102395446,false,מעדן חלב בטעם וניל עם קצפת 123 ג' טרה,*החברה המרכזית להפצת משקאותבעמ,,מוו וניל קצפת 123מל,מיליליטרים,123.00,"100 מ""ל",false,,3.50,2.8455,true,1,7373
7290102395477,false,מעדן חלב בטעם שוקולד עם קצפת 123 ג' טרה,*החברה המרכזית להפצת משקאותבעמ,,מוו שוקולד קצפת 123מ,מיליליטרים,123.00,"100 מ""ל",false,,3.50,2.8455,true,1,7376
7290102396399,false,מארז 8 יחידות מעדן חלב בטעם שוקולד 1.5%,*החברה המרכזית להפצת משקאותבעמ,,מוו מעדן שוקולד 100*,גרמים,800.00,100 גרם,false,,13.90,1.7375,true,1,7412
7290102396405,false,מארז 8 יחידות מעדן חלב בטעם וניל 1.5%,החברה המרכזית טלהפצת משקאות בע,,מוו מעדן וניל 100*8,גרמים,800.00,100 גרם,false,,13.90,1.7375,true,1,7413
7290102396436,false,מעדן בטעם שוקולד 1.5% שומן מוו (125 גרם),*החברה המרכזית להפצת משקאותבעמ,,מוו מעדן שוקולד 1.5%,גרמים,125.00,100 גרם,false,,3.50,2.8000,true,1,7415
7290102396665,false,צהובה פרוסות דקדק פתח סגור 15% 200 גר`,*החברה המרכזית להפצת משקאותבעמ,,גבנ`צ דקדק פתח סגור,גרמים,200.00,100 גרם,false,,16.20,8.1000,true,1,7429
7290102396672,false,גבינה צהובה נעם דק דק 9% פתח סגור 360 ג,*החברה המרכזית להפצת משקאותבעמ,,נעם צהובה דק דק 9% 3,גרמים,360.00,100 גרם,false,,28.90,8.0278,true,1,7430
7290102397204,false,גבינה צהובה נעם דק דק פתח סגור 200 גר,*החברה המרכזית להפצת משקאותבעמ,,נעם צהובה דק דק 22%,גרמים,200.00,100 גרם,false,,16.20,8.1000,true,1,7461
7290102397464,false,יוגורט ביו בתוספת גרעינים אגוזים וחמוציות 170 ג' מולר,החברה המרכזית טלהפצת משקאות בע,,מולר יוגורט נטורל +,גרמים,150.00,100 גרם,false,,5.90,3.9333,true,1,74046
7290102397600,false,מיקס יוגורט בתוספת שקדים ובוטנים מקורמלים 170 ג' מולר,החברה המרכזית טלהפצת משקאות בע,,מולר מיקס שקדים ובוט,גרמים,168.00,100 גרם,false,,5.90,3.5119,true,1,7486
7290102397730,false,פרוסות גבינה אמנטל חצי קשה 30% שומן 200 ג' נעם,*החברה המרכזית להפצת משקאותבעמ,,גבינת אמנטל נעם פתיח,גרמים,200.00,100 גרם,false,,17.90,8.9500,true,1,81249
7290102397747,false,פרוסות גבינת מוצרלה נעם מחלב בקר 22%,*החברה המרכזית להפצת משקאותבעמ,,מוצרלה נעם רכיבים ט,גרמים,200.00,100 גרם,false,,19.90,9.9500,true,1,106478
7290102397891,false,גבינה ניו יורק מותכת %16 4*25 גרם,החברה המרכזית טלהפצת משקאות בע,,רביעייה גבינה מותכת,גרמים,100.00,100 גרם,false,,7.90,7.9000,true,1,74038
7290102398331,false,חלב מועשר דל לקטוז 2% שומן טרה 1 ליטר,*החברה המרכזית להפצת משקאותבעמ,,חלב מועשר 1 ליטר דל,ליטרים,1.00,ליטר,false,,8.50,8.5000,true,1,109583
7290102398560,false,משקה שוקו מועשר בבקבוק 1 ליטר טרה,החברה המרכזית טלהפצת משקאות בע,,שוקו טרה מועשר בבקבו,ליטרים,1.00,ליטר,false,,12.50,12.5000,true,1,124594
7290102398577,false,משקה חלב בטעם שוקו 2% בבקבוק אישי,החברה המרכזית טלהפצת משקאות בע,,שוקו טרה מועשר בבקבו,מיליליטרים,250.00,"100 מ""ל",false,,5.90,2.3600,true,1,133111
7290102398614,false,משקה חלב טרה ט. בננה 1ליטר בקבוק,*החברה המרכזית להפצת משקאותבעמ,,משקה חלב בטעם בננה 1,ליטרים,1.00,ליטר,false,,12.50,12.5000,true,1,124595
7290102398669,false,משקה חלב אייס קפוצ'ינו טרה 1 ליטר,החברה המרכזית טלהפצת משקאות בע,,אייס קפוצ'ינו מווו ט,ליטרים,1.00,ליטר,false,,12.50,12.5000,true,1,236571
7290102399048,false,פרוסות גבינת קשקבל נעם 200 ג' טרה,*החברה המרכזית להפצת משקאותבעמ,,קשקבל נעם פתיחה חוזר,גרמים,200.00,100 גרם,false,,24.90,12.4500,true,1,141580
7290102399772,false,מולר ספרדבל-ממרח חמאת מולר במליחות עדינה 250 גרם,החברה המרכזית טלהפצת משקאות בע,,מולר ממרח חמאה במליח,גרמים,250.00,100 גרם,false,,18.90,7.5600,true,1,234548
7290102399789,false,מולר ספרדבל-ממרח חמאת מולר ללא מלח 250 גרם,החברה המרכזית טלהפצת משקאות בע,,מולר ממרח חמאה ללא מ,גרמים,250.00,100 גרם,false,,18.90,7.5600,true,1,234549
7290102399819,false,יוגורט עם פירות יער מולר אקטיב מועשר בחלבון 200 גר',החברה המרכזית טלהפצת משקאות בע,,יוגורט חלבון פ.יער 2,גרמים,200.00,100 גרם,false,,6.90,3.4500,true,1,230424
7290103121600,false,ספיד סטיק 24/7 דאו ספריי קול פיוזן 150 מ,קולגייט פלמוליב,,ספיד סטיק ספריי -כתו,מיליליטרים,165.00,"100 מ""ל",false,,19.90,12.0606,true,1,23619
7290103128739,false,בלונס מקלות אוזניים לתינוק 56 יחידות,הנסיך- מפעל לייצור ט,,בלונס צימרוני אוזניי,יחידה,0.00,יחידה,false,,6.90,0.0000,true,1,23640
7290103400194,false,כרוב לבן 400 ג בדצ ירקות שטראוס טעם הטבע,שטראוס בריאות ירקות טריי,,כרוב לבן 400 ג בדצ י,גרמים,400.00,100 גרם,false,,11.40,2.8500,true,1,24910
7290103400231,false,גזר גוליאן 400גר שטראוס טעם הטבע,ביכורי השדה הצפון בעמ` 1964,,גזר גוליאן בדצ 400גר,גרמים,400.00,100 גרם,false,,11.40,2.8500,true,1,24911
7290103400255,false,סלט קולסלאו 400 ג בדצ ירקות שטראוס טעם ה,שטראוס בריאות ירקות טריי,,סלט קולסלאו 400 ג בד,גרמים,400.00,100 גרם,false,,11.40,2.8500,true,1,24912
7290103404758,false,סלט כרוב אדום במיונז אחלה 120 גרם,שטראוס גרופ בעמ/מצונן,,אחלה כרוב אדום 120ג,גרמים,120.00,100 גרם,false,,5.90,4.9167,true,1,24915
7290103408206,false,עלי חסה ערבית שטופים 250 גר טעם הטבע,ביכורי השדה הצפון בעמ` 1964,,עלי חסה ערבית שטופים,גרמים,250.00,100 גרם,false,,11.90,4.7600,true,1,24919
7290103700386,false,טאצ כריות יפניות מארז שישיה,שניב תעשיות נייר בעמ,,טאצ' כריות יפניות 6י,יחידה,0.00,יחידה,false,,10.90,0.0000,true,1,25758
7290103700997,false,נייר טואלט לובלי 40 גלילים,שניב תעשיות נייר בעמ,,לאבלי נייר טואלט 40,מטרים,716.00,מטר,false,,43.90,0.0613,true,1,25763
7290103701017,false,נייר אפיה נשלף טאצ 50 יחידות כשלפ,שניב תעשיות נייר בעמ,,טאצ' נייר אפייה נשלף,יחידה,0.00,יחידה,false,,10.90,0.0000,true,1,25764
7290103701093,false,"זוג מטליות מיקרו פייבר לריצפה ""פאצ'""","שניב תעשיות נייר בע""",,טאצ מטליות מקרופייבר,יחידה,0.00,יחידה,false,,14.90,0.0000,true,1,25767
7290103701130,false,"מארז מטליות מייקרופייבר לניקוי כללי ""טאצ'""",שניב,,טאצ מטליות מקרופייבר,יחידה,0.00,יחידה,false,,14.90,0.0000,true,1,25768
7290103702212,false,ממחטות כיס טאצ`מארז 10 יח,שניב תעשיות נייר בעמ,,טאצ ממחטות כיס,יחידה,0.00,יחידה,false,,6.90,0.0000,true,1,25776
7290103702304,false,טאצ`אשפתון עבה במיוחד 35יח בגליל 90*7,שניב תעשיות נייר בעמ,,טאצ אשפתון בגליל 35,יחידה,0.00,יחידה,false,,16.90,0.0000,true,1,25784
7290103702328,false,טאצ`אשפתון עבה וחזק במיוחד 25יח בגליל,שניב תעשיות נייר בעמ,,טאצ אשפתון בגליל 25,יחידה,0.00,יחידה,false,,16.90,0.0000,true,1,25786
7290103702779,false,מפיות שולחן איכותיות 150 יח',שניב תעשיות נייר בעמ,,מפיות אירוח טאצ` 15,יחידה,0.00,יחידה,false,,9.90,0.0000,true,1,25794
7290103703219,false,דלי מטליות לחות לניקוי כללי בניחוח לימון טאצ',סאסאטק אגשח בעמ,,טאצ' מטליות לחות לני,יחידה,0.00,יחידה,false,,20.90,0.0000,true,1,112408
7290103703226,false,מטליות לחות לניקוי כללי טאץ,שניב תעשיות נייר בעמ,,טאצ' מטליות לחות לני,יח',50.00,יח',false,,8.90,0.1780,true,1,126814
7290103703233,false,מטליות טאצ' לחות תפוח לניקוי כללי דלי,סאסאטק אגשח בעמ,,טאצ' מטליות לחות לני,יחידה,0.00,יחידה,false,,20.90,0.0000,true,1,113830
7290103703370,false,טאצ מגבוני טואלט לחים מארז שלישייה,שניב תעשיות נייר בעמ,,טאצ' מגבוני נייר טוא,יח',3.00,יח',false,,15.90,5.3000,true,1,126380
7290103704155,false,נייר מגבת טאצ' 6 גלילים מהדורת 2021,שניב תעשיות נייר בעמ,,מגבות נייר 6 גלילים,מטרים,63.00,מטר,false,,10.90,0.1730,true,1,317349
7290103704162,false,נייר טואלט טאצ' 32 גלילים מהדורה 2021,שניב תעשיות נייר בעמ,,נייר טואלט טאצ' 32 ג,יח',0.00,יח',false,,32.90,0.0000,true,1,294703
7290103704179,false,מגבות מטבח טאץ`8יח מהדורת 2021,שניב תעשיות נייר בעמ,,מגבות נייר 8 גלילים,מטרים,83.00,מטר,false,,14.90,0.1795,true,1,316591
7290103704186,false,מגבות מטבח כפול טאצ`מהדורת 2021 6 יחידות,שניב תעשיות נייר בעמ,,מגבות טאצ' גליל כפול,יחידה,0.00,יחידה,false,,20.90,0.0000,true,1,381044
7290103704575,false,נייר טואלט טאצ' פרימיום 48 גלילים,שניב תעשיות נייר בעמ,,נייר טואלט טאצ' 48 י,יחידה,0.00,יחידה,false,,41.90,0.0000,true,1,294718
7290103704681,false,טאצ' שקיות קוקי גדולות 10 יח',,,שקיות קוקי 10 יח' טא,יחידה,0.00,יחידה,false,,5.90,0.0000,true,1,446648
7290103704766,false,נייר טואלט 24 גליל כפול מהדורת פרח סגול,"שניב תעשיות נייר בע""\מ",,נייר טואלט 24 גליל,יחידה,0.00,יחידה,false,,43.90,0.0000,true,1,431965
7290103746001,false,ממחטות טאצ`חמישייה צבעוני 500 דף,שניב תעשיות נייר בעמ,,ממחטות טאצ' חמישייה,יחידה,0.00,יחידה,false,,12.90,0.0000,true,1,25804
7290104061417,false,סלט חומוס עם טחינה אחלה 400 גרם,שטראוס גרופ בעמ/מצונן,,אחלה חומוס טחינה 400,גרמים,400.00,100 גרם,false,,11.90,2.9750,true,1,24922
7290104061424,false,סלט חומוס עם זעתר אחלה 400 גרם,שטראוס גרופ בעמ/מצונן,,אחלה חומוס זעתר 400,גרמים,400.00,100 גרם,false,,11.90,2.9750,true,1,24923
7290104061431,false,סלט חומוס עם צנובר אחלה 400 גרם,שטראוס גרופ בעמ/מצונן,,אחלה חומוס צנובר 400,גרמים,400.00,100 גרם,false,,11.90,2.9750,true,1,24924
7290104061448,false,סלט חומוס עם חריף אחלה 400 גרם,שטראוס גרופ בעמ/מצונן,,אחלה חומוס חריף 400ג,גרמים,400.00,100 גרם,false,,11.90,2.9750,true,1,24925
7290104065187,false,אבקה להכנת משקה קפה בטעם מוקה,"שטראוס גרופ בע""מ",,קפה נמס עלית בטעם מו,גרמים,200.00,100 גרם,false,,30.90,15.4500,true,1,24265
7290104065934,false,עלי רוקט שטראוס 150 גר`-טעם הטבע,ביכורי השדה הצפון בעמ` 1964,,שטראוס עלי רוקט 150ג,גרמים,150.00,100 גרם,false,,10.90,7.2667,true,1,24928
7290104066566,false,סלט טחינה שומשום מלא 500גר אחלה,שטראוס גרופ בעמ/מצונן,,אחלה טחינה 500ג,גרמים,500.00,100 גרם,false,,15.90,3.1800,true,1,24931
7290104068539,false,מאסט פליפטופ מלון ואבטיח ללא גרעינים,שטראוס גרופ בע`מ,,מאסט מלון ואבטיח 28ג,גרמים,28.00,100 גרם,false,,4.90,17.5000,true,1,24272
7290104068546,false,גומי מאסט בטעם לימון קולה ללא סוכר 28 ג' עלית,שטראוס גרופ בע`מ,,מאסט קולה 28 גרם,גרמים,28.00,100 גרם,false,,4.90,17.5000,true,1,24273
7290104501661,false,אינסטנט פודינג בטעם וניל צרפתי אסם 80 גרם,קבוצת אוסם סחר-שות.מוגבלת,,אסם פודינג בטעם וניל,גרמים,80.00,100 גרם,false,,6.50,8.1250,true,1,21485
7290104508189,false,אסם 24 גביעי גלידה ממותקים 95 גרם,קבוצת אוסם סחר שותפות מוגבלת,,גביעי גלידה ממותקים,0 יח',24.00,0 יח',false,,13.90,0.5792,true,1,68104
7290104508943,false,במבה חטיף בוטנים אסם 200 גרם,קבוצת אוסם סחר-שות.מוגבלת,,במבה קלאסי 18*200 גר,גרמים,200.00,100 גרם,false,,9.50,4.7500,true,1,21503
7290104570131,false,תמר מג'הול ששון ושות,,,"תמר מג'הול 1 ק""ג",קילוגרמים,1.00,"ק""ג",false,,18.90,18.9000,true,1,60692
7290104570162,false,תמרים ללא חרצנים בואקום 500 גרם,מ.ד אטיאס סוכנויות מזון בע`מ,,תמר כבוש 500 גרם,גרמים,500.00,100 גרם,false,,12.90,2.5800,true,1,56005
7290104721762,false,מארז שלשות קפה טורקי עלית 85 ג',"שטראוס גרופ בע""מ",,טורקי עלית 3*85 גר'.,גרמים,255.00,100 גרם,false,,19.90,7.8039,true,1,24277
7290104721953,false,לקט מסולסלים 350 גרם שטראוס טעם הטבע,שטראוס בריאות ירקות טריי,,לקט מסולסלים ירקות 3,גרמים,350.00,100 גרם,false,,14.00,4.0000,true,1,24941
7290104722530,false,תפוצ'יפס בטעם שמנת בצל עלית 200 גרם,"שטראוס פריטו ליי בע""\מ )",,תפוציפס שמנת בצל 200,גרמים,200.00,100 גרם,false,,10.90,5.4500,true,1,25436
7290104726262,false,רביעייה מעדן דני שוקולד דיסני לבנים 125 גרם,שטראוס גרופ בעמ/מצונן,,דני שוקולד לשתייה מא,מיליליטרים,500.00,"100 מ""ל",false,,11.90,2.3800,true,1,24950
7290104726712,false,מארז 8 יחידות מעדן מילקי בטעם שוקולד עם קצפת,שטראוס גרופ בעמ/מצונן,,מילקי שמינייה מארז 8,קילוגרמים,1.06,"ק""ג",false,,21.90,20.6604,true,1,24952
7290104728310,false,"שמנת מתוקה עמידה 38% שומן ""יטבתה"" -מוצר בפיקוח",שטראוס גרופ בעמ/מצונן,,יטבתה שמנת עמידה לקצ,מיליליטרים,250.00,"100 מ""ל",false,,6.47,2.5880,true,1,24957
7290104960239,false,תחליב רחצה בניחוח קמומיל נקה (7507 מל),טרופיקל דגיל תעשיות קוסמ,,תחליב רחצה קמומיל נק,מיליליטרים,750.00,"100 מ""ל",false,,12.90,1.7200,true,1,32804
7290104960246,false,נקה 7 ארומה תחליב רחצה ורד יסמין 750 מ,טרופיקל דגיל תעשיות קוסמ,,תחליב רחצה ורד ויסמי,מיליליטרים,750.00,"100 מ""ל",false,,12.90,1.7200,true,1,32805
7290104960253,false,נקה 7 ארומה תחליב רחצה לבנדר ענוג 750,החברה הדרומית לשיווק בעמ,,תחליב רחצה לבנדר נקה,מיליליטרים,750.00,"100 מ""ל",false,,12.90,1.7200,true,1,32806
7290104961878,false,"שמפו לשיער קרטין אינטנס פורמולה 400 מ""ל נטורל",החברה הדרומית לשיווק בעמ,,קרטין אינטנס שמפו נט,מיליליטרים,400.00,"100 מ""ל",false,,31.90,7.9750,true,1,32834
7290104963650,false,נקה 7 שמפו אל דמע סופטקר 1 ליטר,החברה הדרומית לשיווק בעמ,,סופטקר שמפו אלדמע 1,ליטרים,1.00,ליטר,false,,19.90,19.9000,true,1,32878
7290104964350,false,אל סבון עשיר בלחות בניחוח פרחי מים - מארז 3 יח',החב. הדרומית לשיווק,,סבון נוזלי פרחי מים,ליטרים,1.50,ליטר,false,,22.90,15.2667,true,1,32888
7290105360250,false,קפסולות 09 עשיר וארומטי למכונת נספרסו עלית 10יח',הנסיך- מפעל לייצור ט,,עלית קפסולות מקיאטו,גרמים,50.00,100 גרם,false,,18.90,37.8000,true,1,24298
7290105360762,false,"שמן זית 1 עדין 750 מ""ל יד מרדכי",מכוורת יד מרדכי שטראוס ב,,שמן זית 1 עדין כתית,מיליליטרים,750.00,"100 מ""ל",false,,38.90,5.1867,true,1,24304
7290105360878,false,תפוציפס טבעי 50 גרם מארז רביעייה,"שטראוס פריטו ליי בע""\מ )",,תפוציפס מארז 4*50ג,גרמים,200.00,100 גרם,false,,12.90,6.4500,true,1,25450
7290105362339,false,"שמנת לבישול 15% 250 מ""ל יטבתה מהדרין",שטראוס גרופ בעמ/מצונן,,יטבתה שמנת לבישול 15,מיליליטרים,250.00,"100 מ""ל",false,,8.90,3.5600,true,1,24962
7290105363602,false,מקלות כיף כף קלאסי עלית (40 גרם),שולן צ'\יקולטה גידה סאן.,,כיף כף מקלות קלאסי 4,גרמים,40.00,100 גרם,false,,5.90,14.7500,true,1,24313
7290105364289,false,מקלות כיף כף פצפוצים עלית 40 גרם,שולן צ'\יקולטה גידה סאן.,,כיף כף מקלות פצפוצים,גרמים,40.00,100 גרם,false,,5.90,14.7500,true,1,24315
7290105364302,false,"עלית חטיף שוקולד כיף כף מקלות אגוזים, 40 גרם",שולן צ'\יקולטה גידה סאן.,,כיף כף מקלות אגוזים,גרמים,42.00,100 גרם,false,,5.90,14.0476,true,1,24316
7290105366023,false,סלט חצילים בטעם כבד אחלה 400 גרם,שטראוס גרופ בעמ/מצונן,,אחלה חציל בטעם כבד 4,גרמים,400.00,100 גרם,false,,16.90,4.2250,true,1,24965
7290105366047,false,טחינה לבנה אחלה (400 גרם),שטראוס גרופ בעמ/מצונן,,אחלה טחינה לבנה 400ג,גרמים,400.00,100 גרם,false,,16.90,4.2250,true,1,24967
7290105366993,false,סימפוניה גבינת שמנת פלפל שיפקה 5% שטראוס 200 גרם,שטראוס גרופ בעמ/מצונן,,סימפוניה פלפל שיפקה,גרמים,200.00,100 גרם,false,,12.90,6.4500,true,1,24973
7290105368331,false,מעדן מילקי בטעם תות עם קצפת,שטראוס גרופ בעמ/מצונן,,"מילקי תות 170 מ""ל",מיליליטרים,170.00,"100 מ""ל",false,,2.90,1.7059,true,1,24985
7290105368928,false,שמנת חמוצה יטבתה %9 200 מל גביע מהדרין,שטראוס גרופ בעמ/מצונן,,יטבתה שמנת 9% 200מל,מיליליטרים,200.00,"100 מ""ל",false,,3.50,1.7500,true,1,24996
7290105369130,false,סימפוניה גבינת שמנת בצל ירוק 5% שטראוס 200 גרם,שטראוס גרופ בעמ/מצונן,,סימפוניה שטראוס בצל,גרמים,200.00,100 גרם,false,,12.90,6.4500,true,1,24999
7290105434050,false,ספיד סטיק - דאודורנט סטיק לגבר XL ירוק רגיולר 85 גרם,קולגייט פלמוליב,,דאו' ירוק רגיולר ספי,גרמים,85.00,100 גרם,false,,15.90,18.7059,true,1,23679
7290105436382,false,חטיף פרי תמרים קשיו ללא תוספת סוכר וגלוטן 5 יח,טבעית מוצרים מן הטבע בעמ,,פרי חטיפי בריאות תמר,גרמים,100.00,100 גרם,false,,19.70,19.7000,true,1,64766
7290105439499,false,מאסטר שף מאסטר שף מיונז 480 גר כשלפ,רמיה סי.וי. הולנד,,מיונז הולנדי מאסטר ש,גרמים,480.00,100 גרם,false,,12.90,2.6875,true,1,23693
7290105691224,false,אסם חטיפי פריכונים טורטייה שום בצל 60 גרם,קבוצת אוסם סחר-שות.מוגבלת,,חטיפי פריכונים טורטי,גרמים,60.00,100 גרם,false,,8.10,13.5000,true,1,21525
7290105691248,false,אסם חטיפי פריכונים טורטייה תירס 60 גרם,קבוצת אוסם סחר שותפות מוגבלת,,חטיפי פריכונים טורטי,גרמים,60.00,100 גרם,false,,8.10,13.5000,true,1,21526
7290105691934,false,קמח שמרים אסם 1 קילו,קבוצת אוסם סחר שותפות מוגבלת,,"קמח שמרים אסם 1 ק""ג",קילוגרמים,1.00,"ק""ג",false,,10.90,10.9000,true,1,21534
7290105693341,false,מארז עשיריית במבה אסם 25*10 גרם,קבוצת אוסם סחר שותפות מוגבלת,,במבה מאח.15 10*25גרם,גרמים,250.00,100 גרם,false,,17.90,7.1600,true,1,21543
7290105693457,false,עוגת הבית דמקה שוקו וניל 320 גר`בחושות,קבוצת אוסם סחר שותפות מוגבלת,,עוגת הבית דמקה שוקו,גרמים,320.00,100 גרם,false,,14.90,4.6563,true,1,21544
7290105695024,false,פתיתים אפויים אורז עם אטריות אסם 500 גרם,קבוצת אוסם סחר שותפות מוגבלת,,פתיתים אפויים אורז ע,גרמים,500.00,100 גרם,false,,7.90,1.5800,true,1,21554
7290105695321,false,עוגת הבית בראוניז פאדג' אסם 380 גרם,קבוצת אוסם סחר שותפות מוגבלת,,הבית עוגות בראוניס פ,גרמים,380.00,100 גרם,false,,19.50,5.1316,true,1,21557
7290105964564,false,חומוס אחלה 400 גרם. שטראוס,שטראוס גרופ בעמ/מצונן,,אחלה חומוס אחלה 400ג,גרמים,400.00,100 גרם,false,,9.90,2.4750,true,1,25006
7290105965738,false,יוגורט לשתיה בטעם תות בננה267 ג' דנונה,שטראוס גרופ בעמ/מצונן,,דנונה משקה תות בננה,גרמים,267.00,100 גרם,false,,5.50,2.0599,true,1,25014
7290105968098,false,"סלט קולסלאו 500 גרם ""אחלה""",שטראוס גרופ בעמ/מצונן,,אחלה קולסלאו 500ג,גרמים,500.00,100 גרם,false,,16.90,3.3800,true,1,25026
7290105968654,false,רביולי עם בטטה פרווה שטראוס (400 גרם),שטראוס גרופ בעמ/מצונן,,שטראוס רביולי בטטה 4,גרמים,400.00,100 גרם,false,,21.70,5.4250,true,1,68630
7290105968777,false,פריכיות 5 דגנים עם תחתית שוקולד מריר 70 גרם,"טחנת האבן תעשיות בע""",,פריכיות תחתית שוקלד,גרמים,70.00,100 גרם,false,,8.90,12.7143,true,1,24361
7290106520066,false,"רבע לשבע שוקולד חלב במילוי אגוזים עלית 160 גרם בד""צ","הגביע מוצרי וופלים בע""\מ",,רבע לשבע 160 גרם,גרמים,160.00,100 גרם,false,,12.90,8.0625,true,1,24363
7290106520912,false,שמנת לבישול 9% שומן 258גר מהדרין יטבתה,שטראוס גרופ בעמ/מצונן,,יטבתה שמנת לבישול 9%,מיליליטרים,250.00,"100 מ""ל",false,,8.90,3.5600,true,1,25039
7290106521049,false,אחלה טעמי השוק קוביות סלק 400 גר,שטראוס גרופ בעמ/מצונן,,אחלה קוביות סלק 400,גרמים,400.00,100 גרם,false,,16.90,4.2250,true,1,25041
7290106521926,false,קפה טורקי בצלופן עלית 150 גרם,שטראוס קפה בי.ויn\.,,קפה טורקי עלית 150 ג,גרמים,150.00,100 גרם,false,,13.90,9.2667,true,1,88899
7290106524439,false,חטיף פופס תפוצ`יפס (60 גרם),"שטראוס פריטו ליי בע""\מ )",,תפוציפס פופס 60 גרם,גרמים,60.00,100 גרם,false,,4.50,7.5000,true,1,109892
7290106525368,false,גלילי וופל רבע לשבע אין סייד אוט 125 גר,"הגביע מוצרי וופלים בע""\מ",,רבע לשבע אין סייד או,גרמים,125.00,100 גרם,false,,12.90,10.3200,true,1,101127
7290106525405,false,קפסולות קפה עלית נטול קפאין אספרסו) (10,שטראוס קפה בי.וי.,,עלית קפסולות נטול למ,גרמים,50.00,100 גרם,false,,18.90,37.8000,true,1,24386
7290106526822,false,פריכיות אורז חום מלא תחתית שוקולד חלב 80 גרם,"טחנת האבן תעשיות בע""",,פריכיות עם תחתית שוק,גרמים,80.00,100 גרם,false,,8.90,11.1250,true,1,24397
7290106528567,false,חטיף תירס גריל דוריטוס (185 גרם),"שטראוס פריטו ליי בע""\מ )",,דוריטוס גריל 185 גר`,גרמים,185.00,100 גרם,false,,8.50,4.5946,true,1,25480
7290106528628,false,חטיף תירס בטעם טבעי דוריטוס (185 גרם),"שטראוס פריטו ליי בע""\מ )",,דוריטוס טבעי 185 גר`,גרמים,185.00,100 גרם,false,,8.50,4.5946,true,1,25481
7290106528949,false,סלט ערוגות שטראוס 450 גר`-טעם הטבע,ביכורי השדה הצפון בעמ` 1964,,לקט ערוגות,גרמים,450.00,100 גרם,false,,13.90,3.0889,true,1,25067
7290106571921,false,פיטנס עוגיות עם חמוציות נסטלה (180 גרם),קבוצת אוסם סחר שותפות מוגבלת,,פיטנס עוגיות חמוציות,גרמים,180.00,100 גרם,false,,12.70,7.0556,true,1,21572
7290106572027,false,קרקר לחמית חמישה דגנים אסם (190 גרם),קבוצת אוסם סחר-שות.מוגבלת,,לחמית חמישה דגנים אס,גרמים,190.00,100 גרם,false,,9.90,5.2105,true,1,21574
7290106573277,false,חטיף קרקר קריספי עם זיתים כבושים,קבוצת אוסם סחר שותפות מוגבלת,,אסם קריספי טאפאס זית,גרמים,150.00,100 גרם,false,,13.50,9.0000,true,1,21588
7290106573314,false,אוסם - קריספי טאפאס כפרי 150 גרם,קבוצת אוסם סחר שותפות מוגבלת,,אסם קריספי טאפאס כפר,גרמים,150.00,100 גרם,false,,13.50,9.0000,true,1,21590
7290106573598,false,חומוס לבנוני צבר (400 גרם),קבוצת אוסם סחר שותפות מוגבלת,,צבר חומוס לבנוני 400,גרמים,400.00,100 גרם,false,,12.90,3.2250,true,1,22240
7290106573628,false,חומוס עם טחינה צבר (400 גרם),קבוצת אוסם סחר שותפות מוגבלת,,צבר חומוס עם טחינה 4,גרמים,400.00,100 גרם,false,,12.90,3.2250,true,1,22241
7290106574953,false,בייגלה שטוחים כעכים שטוחים עם שומשום,קבוצת אוסם סחר שותפות מוגבלת,,אסם בייגלה שטוחים שו,גרמים,300.00,100 גרם,false,,11.90,3.9667,true,1,21609
7290106574977,false,בייגלה שטוחים טבעות עם מלח אסם (300 גרם),קבוצת אוסם סחר שותפות מוגבלת,,אסם בייגלה שטוחים עם,גרמים,300.00,100 גרם,false,,11.90,3.9667,true,1,21610
7290106575257,false,עוגת הבית סופלה בטעם שוקולד 340 ג' אסם,קבוצת אוסם סחר שותפות מוגבלת,,עוגת הבית סופלה בטעם,גרמים,340.00,100 גרם,false,,14.90,4.3824,true,1,68132
7290106575431,false,עוגת הבית סופלה בטעם שוקולד וניל 340 ג',קבוצת אוסם סחר-שות.מוגבלת,,עוגת הבית סופלה בטעם,גרמים,340.00,100 גרם,false,,14.90,4.3824,true,1,21618
7290106576513,false,סלט רק חומוס צבר 400 גרם,קבוצת אוסם סחר שותפות מוגבלת,,צבר חומוס 400 גרם,גרמים,400.00,100 גרם,false,,10.90,2.7250,true,1,22246
7290106576537,false,חומוס מסעדה צבר (700 גרם),קבוצת אוסם סחר שותפות מוגבלת,,צבר חומוס מסעדה 700,גרמים,700.00,100 גרם,false,,12.90,1.8429,true,1,22247
7290106576919,false,"לה קרמריה סורבה תות לימו 1.4 ליטר כשל""פ",נגה גלידות שותפות מוגבלת,,גלידה קרמריה סורבה ת,ליטרים,1.40,ליטר,false,,25.90,18.5000,true,1,17040
7290106576957,false,"לה קרמריה גלידת שוקו וניל פליק פרווה כשל""פ 1.4",נגה גלידות שותפות מוגבלת,,גלידה קרמריה פרווה ש,ליטרים,1.40,ליטר,false,,25.90,18.5000,true,1,17042
7290106576995,false,גלידה סורבה לה קרמריה תות מנגו לייט 1.4 ל' נסטלה,נגה גלידות שותפות מוגבלת,,לה קרמריה לייט סורבה,ליטרים,1.40,ליטר,false,,25.90,18.5000,true,1,17044
7290106577039,false,גלידה לה קרמריה שוקו וניל פליק 1.4 ל' נסטלה,נגה גלידות שותפות מוגבלת,,לה קרמריה שוקו וניל,ליטרים,1.40,ליטר,false,,25.90,18.5000,true,1,17045
7290106577282,false,טחינה אמיתית מרובע 400 ג' צבר,קבוצת אוסם סחר-שות.מוגבלת,,צבר מרובע טחינה 400ג,גרמים,400.00,100 גרם,false,,14.90,3.7250,true,1,22248
7290106577541,false,צבר כרוב אדום מרובע 400גרם,קבוצת אוסם סחר-שות.מוגבלת,,צבר מרובע כרוב אדום,גרמים,400.00,100 גרם,false,,13.50,3.3750,true,1,22254
7290106577572,false,מטבוחה אמיתית מרובע 400 ג' צבר,קבוצת אוסם סחר-שות.מוגבלת,,צבר מרובע מטבוחה 40,גרמים,400.00,100 גרם,false,,14.90,3.7250,true,1,22255
7290106578692,false,ביסלי במבה מיקס מהדורת אליפות אסם 80 גרם,קבוצת אוסם סחר שותפות מוגבלת,,במבה ביסלי מיקס 36*8,גרמים,80.00,100 גרם,false,,5.90,7.3750,true,1,21637
7290106578821,false,הבית עוגת שמרים קלאסית בטעם שוקולד 350גר.,קבוצת אוסם סחר שותפות מוגבלת,,עוגת הבית שמרים קלאס,גרמים,350.00,100 גרם,false,,19.50,5.5714,true,1,21640
7290106652996,false,כיף כף מקלות קוקוס חלבי 40 גר',סולן בעבור שטראוס,,כיף כף מקלות קוקוס 4,גרמים,40.00,100 גרם,false,,5.90,14.7500,true,1,491372
7290106654099,false,מילקי CAKE עוגות אישיות במילוי קרם חלב,בובארד איטליה אס.פי.איי,,עוגות אישיות מילקי ק,גרמים,272.00,100 גרם,false,,20.90,7.6838,true,1,118691
7290106662025,false,תפוציפס טבעי מלח ופלפל 50 גרם,שטראוס פריטו ליי בע`מ,,תפוציפס טבעי מלח פלפ,גרמים,50.00,100 גרם,false,,4.50,9.0000,true,1,25517
7290106663091,false,"לאבנה 9 % עם שמן זית 500 גר' ""שטראוס""",שטראוס גרופ בעמ/מצונן,,שטראוס לאבנה 9% 500,גרמים,500.00,100 גרם,false,,19.90,3.9800,true,1,25110
7290106663558,false,"רוטב טריאקי ורימון יד מרדכי 280מ""ל",אף.סי תבליני בגליל ב,,יד מרדכי רוטב טריאקי,מיליליטרים,280.00,"100 מ""ל",false,,14.90,5.3214,true,1,24490
7290106664067,false,לאבנה עם שמן זית וזעתר 10% שטראוס 400 ג',שטראוס גרופ בעמ/מצונן,,שטראוס לאבנה שמן זית,גרמים,400.00,100 גרם,false,,15.90,3.9750,true,1,25118
7290106664555,false,"רוטב שמנת עם עגבניות 9% שומן 250 מ""ל יוטבתה",שטראוס גרופ בעמ/מצונן,,יטבתה רוטב שמנת עם ע,מיליליטרים,250.00,"100 מ""ל",false,,11.50,4.6000,true,1,25120
7290106664562,false,רוטב שמנת עם פטריות 9% שומן 258 ג' יוטבתה,שטראוס גרופ בעמ/מצונן,,יטבתה רוטב שמנת עם פ,גרמים,250.00,100 גרם,false,,11.50,4.6000,true,1,25121
7290106666788,false,עלית - סוכריות נוסטלגיה דבש ממולאות 80 גרם,"שטראוס גרופ בע""מ",,סוכריות נוסטלגיה דבש,גרמים,80.00,100 גרם,false,,7.90,9.8750,true,1,24507
7290106667266,false,חטיף תירס חמוץ חריף דוריטוס (185 גרם),"שטראוס פריטו ליי בע""\מ )",,דוריטוס חמוץ חריף 18,גרמים,185.00,100 גרם,false,,8.50,4.5946,true,1,25556
7290106668713,false,יוגורט עם פירות יער 3% שומן 150 ג' דנונה,שטראוס גרופ בעמ/מצונן,,דנונה פירות יער3% 15,מיליליטרים,150.00,"100 מ""ל",false,,3.90,2.6000,true,1,25130
7290106669857,false,קפסולות אספרסו בטעם וניל עלית 10 יחידות,הנסיך- מפעל לייצור ט,,עלית קפסולות בטעם ונ,גרמים,50.00,100 גרם,false,,18.90,37.8000,true,1,63239
7290106720626,false,חטיף תירס בטעם גבינה צ`יטוס (80 גרם),"שטראוס פריטו ליי בע""\מ )",,ציטוס גבינה 80 גרם,גרמים,80.00,100 גרם,false,,5.50,6.8750,true,1,76532
7290106721920,false,צנצנת מסטיק מאסט בטעם ספירמינט עדין 66 ג' עלית,"שטראוס גרופ בע""\מ.",,מאסט צנצנת ספירמינט,גרמים,66.00,100 גרם,false,,11.90,18.0303,true,1,24553
7290106725867,false,סירופ מייפל טהור ללס יד מרדכי 189 גר,"שטראוס גרופ בע""מ",,יד מרדכי סירופ מייפל,מיליליטרים,189.00,"100 מ""ל",false,,38.90,20.5820,true,1,24604
7290106726178,false,יוגורט PRO עם פירות יער 2.4% 10 גרם חלבון בגביע,שטראוס גרופ בעמ/מצונן,,דנונה פרו בטעם פירות,גרמים,150.00,100 גרם,false,,4.90,3.2667,true,1,25151
7290107280020,false,שלישיית מטליות לחות לניקוי כללי סנו סושי 50 יחידות,החברה הדרומית לשיווק בעמ,,סנו סושי מגבונים לני,יחידה,0.00,יחידה,false,,20.90,0.0000,true,1,32891
7290107280082,false,מארז 7 תבניות אלומיניום מוארכות לאפייה אינגליש קייק,החברה הדרומית לשיווק בעמ,,7 תבניות אינגליש קיי,יחידה,0.00,יחידה,false,,10.90,0.0000,true,1,32896
7290107280341,false,ריצפז מטליות לחות לניקוי הרצפה בניחוח מלון מפנק,החברה הדרומית לשיווק בעמ,,ריצפז מטליות לחות לנ,יחידה,0.00,יחידה,false,,12.90,0.0000,true,1,192674
7290107280563,false,סנו אוקסיג`ן ג`ל לכביסה בייבי 3 ל`,החברה הדרומית לשיווק בעמ,,סנו ג'ל אוקסיג'ן ביי,ליטרים,3.00,ליטר,false,,32.90,10.9667,true,1,32912
7290107280730,false,נוזל לניקוי כלים סנו ספארק Spark בניחוח לבנדר,החברה הדרומית לשיווק בעמ,,סנו ספארק נוזל לניקו,מיליליטרים,700.00,"100 מ""ל",false,,11.90,1.7000,true,1,32924
7290107280747,false,נוזל לניקוי כלים סנו ספארק Spark קלאסי,החברה הדרומית לשיווק בעמ,,סנו ספארק נוזל לניקו,מיליליטרים,700.00,"100 מ""ל",false,,11.90,1.7000,true,1,32925
7290107280761,false,נוזל לניקוי כלים בניחוח לימון רענן סנו ספארק Spark,החברה הדרומית לשיווק בעמ,,ספארק נוזל לכלים לימ,יחידה,0.00,יחידה,false,,12.90,0.0000,true,1,32927
7290107341356,false,כבל אייפון IMX,קונסיגנציה-איי.איקס.אם ישראל ב,,כבל אייפון,יחידה,0.00,יחידה,false,,19.90,0.0000,true,1,413440
7290107342070,false,אוזנייה חיבור ישיר אייפון,א.ש. שיווק,,אוזניות חיבור ישיר א,יחידה,0.00,יחידה,false,,49.90,0.0000,true,1,419907
7290107645584,false,אבקת מרק עוף אמיתי רכיבים טבעיים 400 גרם - רבנות,יוניליוור ישראל שיווק בע`מ,,מרק עוף אמיתי רכיבים,גרמים,400.00,100 גרם,false,,30.90,7.7250,true,1,106318
7290107646147,false,"חטיף שוגי קורנפלקס תלמה 156 גרם מארז 6 יחידות בד""צ",יוניליוור ישראל שיווק בע`מ,,חטיף שוגי קורנפלקס ת,גרמים,156.00,100 גרם,false,,13.90,8.9103,true,1,117642
7290107646154,false,"חטיף קוקומן פצפוצים תלמה 126 גרם מארז 6 יחידות בד""צ","יוניליוור ישראל שיווק בע""מ",,חטיף קוקומן פצפוצים,גרמים,126.00,100 גרם,false,,13.90,11.0317,true,1,117643
7290107646826,false,"חטיף שוגי שוקו תלמה 156 גרם מארז 6 יחידות בד""צ","יוניליוור ישראל שיווק בע""מ",,חטיף שוגי שוקו שוקו,גרמים,156.00,100 גרם,false,,13.90,8.9103,true,1,117645
7290107647816,false,"ברנפלקס ללא תוספת סוכר תלמה בד""ץ 500 גרם","יוניליוור ישראל שיווק בע""מ",,ברנפלקס ללא סוכר בד',גרמים,500.00,100 גרם,false,,27.00,5.4000,true,1,100919
7290107649100,false,בייגלה טבעות שומשום 300 גרם.,"יוניליוור ישראל שיווק בע""מ",,בייגלה טבעות שומשום,גרמים,300.00,100 גרם,false,,12.20,4.0667,true,1,137899
7290107871532,false,מאגדת קרחוני מלון דובדבן נסטלה 10 יחידות,נגה גלידות שותפות מוגבלת,,מאגדת שלגוני דובדבן,גרמים,750.00,100 גרם,false,,21.90,2.9200,true,1,17062
7290107871990,false,פסטה צינורות מהדרין אסם (500 גרם),קבוצת אוסם סחר שותפות מוגבלת,,פסטה צינורות אסם 500,גרמים,500.00,100 גרם,false,,6.90,1.3800,true,1,21671
7290107874502,false,ביסלי גריל קדמ. מארז אחיד 10 4*55 גרם,קבוצת אוסם סחר שותפות מוגבלת,,ביסלי גריל 4*55 גרם,גרמים,220.00,100 גרם,false,,12.90,5.8636,true,1,21700
7290107875271,false,ביסלי ברביקיו קדמ. מארז אחיד10 4*55 גרם,קבוצת אוסם סחר שותפות מוגבלת,,ביסלי ברבקיו מארז 4*,גרמים,220.00,100 גרם,false,,12.90,5.8636,true,1,68164
7290107877619,false,מארז במבה במילוי קרם נוגט 5*30ג' אסם,קבוצת אוסם סחר שותפות מוגבלת,,במבה במילוי קרם נוגט,גרמים,150.00,100 גרם,false,,14.90,9.9333,true,1,21750
7290107879132,false,פריכיות פיטנס מיני פריכיות שוקולד חלב 22 ג',קבוצת אוסם סחר שותפות מוגבלת,,מיני פריכיות שוקולד,גרמים,22.00,100 גרם,false,,6.50,29.5455,true,1,21772
7290107879521,false,קרחון לה פרוטה שרבט תות מאגדת 5יח',נגה גלידות שותפות מוגבלת,,לה פרוטה תות 5 יח,גרמים,350.00,100 גרם,false,,29.90,8.5429,true,1,17088
7290107879569,false,קרחון לה פרוטה שרבט מנגו מאגדת 5יח',נגה גלידות שותפות מוגבלת,,לה פרוטה מנגו 5 יח,גרמים,350.00,100 גרם,false,,29.90,8.5429,true,1,17089
7290107930321,false,קונפיטורת דובדבן יד מרדכי (340 גרם),"שטראוס גרופ בע""מ",,יד מרדכי קונפיטורה ד,גרמים,340.00,100 גרם,false,,13.90,4.0882,true,1,24628
7290107931397,false,כיף כף פצפוצים במילוי שוקולד 40 גרם,שולן צ'\יקולטה גידה סאן.,,כיף כף פצפצים 40גר`,גרמים,40.00,100 גרם,false,,5.90,14.7500,true,1,24641
7290107932080,false,חלב 3% מועשר בבקבוק יטבתה (1 ליטר),שטראוס גרופ בעמ/מצונן,,יטבתה חלב בבקבוק 3%,ליטרים,1.00,ליטר,false,,7.90,7.9000,true,1,25185
7290107933193,false,סלק בוואקום מבושל שטראוס (500 גרם),ביכורי השדה הצפון בעמ` 1964,,שטראוס סלק מבושל בוו,גרמים,500.00,100 גרם,false,,7.90,1.5800,true,1,25190
7290107934473,false,שמינייה יוגורט לבן אקטיביה 1.5% דנונה 150 גרם,שטראוס גרופ בעמ/מצונן,,אקטיביה מארז מיוחד 1,קילוגרמים,1.20,"ק""ג",false,,21.90,18.2500,true,1,25203
7290107936309,false,דנונה יוגורט 7% יווני לבן 130 ג',שטראוס גרופ בעמ/מצונן,,דנונה יווני לבן 130,גרמים,130.00,100 גרם,false,,3.50,2.6923,true,1,25213
7290107937627,false,מסטיק מאסט Must קוביות ללא סוכר בטעם מנטה עדינה,שטראוס גרופ בע`מ,,צנצנת קוביות ספירמינ,גרמים,58.00,100 גרם,false,,11.90,20.5172,true,1,24683
7290107937634,false,צנצנית מסטיק מאסט קוביות פפירמינט 58 ג' עלית,"שטראוס גרופ בע""מ",,צנצנת קוביות פפירמינ,גרמים,58.00,100 גרם,false,,11.90,20.5172,true,1,24684
7290107937641,false,צנצנת קוביות בזוקה גומי לעיסה 58גר,אסקום קונפקשיין,,צנצנת קוביות בזוקה 5,גרמים,58.00,100 גרם,false,,11.90,20.5172,true,1,24685
7290107938396,false,שמיניית אקטימל תות דיסני בנים 108 גרם,שטראוס גרופ בעמ/מצונן,,דנונה Actimel בנים ב,גרמים,864.00,100 גרם,false,,22.90,2.6505,true,1,25227
7290107939027,false,גזר דק דק 250 גר שטראוס ירקות טעם הטבע,ביכורי השדה הצפון בעמ` 1964,,גזרדק דק 250 גרם בד`,גרמים,250.00,100 גרם,false,,8.90,3.5600,true,1,25233
7290107940030,false,"חומוס אחלה מופחת שומן 650 גרם ""אחלה""","שטראוס גרופ ***בע""מ",,חומוס אחלה 650 גר,גרמים,650.00,100 גרם,false,,10.90,1.6769,true,1,25246
7290107940467,false,אקטיביה יוגורט קרמי 1.5% דנונה (200 גרם),שטראוס גרופ בעמ/מצונן,,דנונה אקטיביה יוגורט,גרמים,200.00,100 גרם,false,,4.50,2.2500,true,1,25254
7290107942355,false,תפוצ'יפס מקלות בטעם טבעי 60 גרם,"שטראוס פריטו ליי בע""מ",,תפוציפס מקלות בטעם ט,יח',60.00,יח',false,,4.50,0.0750,true,1,25629
7290107943192,false,"שמנת חמוצה מהערבה 27% שומן 200 מ""ל יטבתה",שטראוס גרופ בעמ/מצונן,,יטבתה שמנת 27% 200מ,מיליליטרים,200.00,"100 מ""ל",false,,4.50,2.2500,true,1,102616
7290107944472,false,סימפוניה גבינה במרקם שמנת 5% שום שמיר,שטראוס גרופ בעמ/מצונן,,סימפוניה 5% שום שמיר,גרמים,200.00,100 גרם,false,,12.90,6.4500,true,1,25286
7290107945165,false,קונפיטורת משמש יד מרדכי 340 גרם,אף.סי תבליני בגליל ב,,יד מרדכי קונפיטורת מ,גרמים,340.00,100 גרם,false,,13.90,4.0882,true,1,61817
7290107950190,false,מעדן חלב דל קלוריות בטעם שוקולד מריר 0.5% שומן,שטראוס גרופ בעמ/מצונן,,מעדן דיאט שוקולד מרי,גרמים,130.00,100 גרם,false,,3.50,2.6923,true,1,25296
7290107951104,false,בפלות ופלים ארוכים בטעם שוקולד,"שטראוס גרופ בע""\מ",,בפלות 200 גרם שוקולד,גרמים,200.00,100 גרם,false,,5.90,2.9500,true,1,24725
7290107951715,false,צנצנת מסטיק מאסט קוביות בטעם ענבים 58 ג' עלית,"שטראוס גרופ בע""מ",,מאסט צנצנת קוביות ענ,גרמים,58.00,100 גרם,false,,11.90,20.5172,true,1,60574
7290107953559,false,"מארז קפה טורקי עלית לדרך כשל""פ 168 גרם",הנסיך- מפעל לייצור ט,,קפה טורקי לדרך 168 ג,גרמים,168.00,100 גרם,false,,19.90,11.8452,true,1,24737
7290107954709,false,"קונפיטורת פירות יער ""יד מרדכי"" 340 גר'",שטראוס גרופ בע`מ,,יד מרדכי קונפיטורת פ,גרמים,340.00,100 גרם,false,,13.90,4.0882,true,1,86337
7290107954976,false,משקה חלב PRO עם קפה 1.5% 25 גרם חלבון בבקבוק,שטראוס גרופ בעמ/מצונן,,משקה פרו בטעם קפה יט,מיליליטרים,350.00,"100 מ""ל",false,,6.90,1.9714,true,1,89488
7290107956901,false,קפסולות בטעם אגוזים למכונת נספרסו עלית 10 יחידות,שטראוס קפה בי.וי.,,עלית קפסולות אספרסו,גרמים,150.00,100 גרם,false,,18.90,12.6000,true,1,105931
7290107956925,false,קפסולות 13 אוגנדה למכונת נספרסו עלית 10יח',שטראוס קפה בי.וי.,,עלית קפסולות אוגנדה,גרמים,50.00,100 גרם,false,,18.90,37.8000,true,1,132707
7290107956932,false,קפסולות אינדונזיה מס 12 למכונת אספרסו,שטראוס קפה בי.וי.,,עלית קפסולות אידונזי,גרמים,50.00,100 גרם,false,,18.90,37.8000,true,1,102612
7290107957069,false,"מסטיק ע""למה ""בטעם אוכניות 66 גרם צנצנת ""עלית""","שטראוס גרופ בע""\מ",,מסטיק עלמה בטעם אוכמ,גרמים,66.00,100 גרם,false,,11.90,18.0303,true,1,102613
7290107957076,false,"מסטיק ""עלמה"" בטעם ספירמנט 66 גרם צנצנת ""עלית""","שטראוס גרופ בע""\מ",,מסטיק עמלה בטעם ספיר,גרמים,66.00,100 גרם,false,,11.90,18.0303,true,1,102614
7290107957991,false,מילקי CAKE מיניס קרם חלב בציפוי שוקולד חלב שקית 16X9ג',בובארד איטליה אס.פי.איי,,"מילקי מייניס 9*16 מ""",גרמים,144.00,100 גרם,false,,15.50,10.7639,true,1,128346
7290107958035,false,יוגורט במתיקות מעודנת 2% ללא תוספת סוכר- מארז 8 יח,שטראוס גרופ בעמ/מצונן,,8 דנונה מתיקות מעודנ,קילוגרמים,1.20,"ק""ג",false,,19.50,16.2500,true,1,106019
7290107973014,false,"סבון ידיים משאבה פלמוליב חלב ודבש 300 מ""ל",הנסיך- מפעל לייצור ט,,פלמוליב סבון ידיים ח,מיליליטרים,300.00,"100 מ""ל",false,,10.90,3.6333,true,1,23734
7290107973861,false,מאסטר שף עגבניות קצוצות דק שלישיה 400ג*3 כשלפ,קונסרזיו קאסאלאסקו ד,,עגבניות קצוצות דק מא,קילוגרמים,1.20,"ק""ג",false,,17.90,14.9167,true,1,23746
7290107974066,false,"עלי טורטיה קמח מלא 20ס""מ 8יח' מאסטר שף 320ג'",אלקאטי קורביישיסי גי,,עלי טורטיה קמח מלא מ,גרמים,320.00,100 גרם,false,,11.90,3.7188,true,1,68484
7290107974073,false,מנה עלי טורטיה קמח לבן מ.שף 20 סמ 320 גר,אלקאטי קורביישיסי גי,,עלי טורטיה קמח לבן מ,גרמים,320.00,100 גרם,false,,11.90,3.7188,true,1,68485
7290107974806,false,"אורז בסגנון בסמטי 1ק""ג מאסטר שף",דווה סינג שיהם סינג,,אורז בסמטי מאסטר שף,קילוגרמים,1.00,"ק""ג",false,,12.90,12.9000,true,1,23760
7290107977456,false,"פלמוליב - ג'ל רחצה ושמפו ספורט לגבר 750 מ""ל",קולגייט פלמוליב,,פלמוליב לגבר 2 ב-1 ג,מיליליטרים,750.00,"100 מ""ל",false,,21.90,2.9200,true,1,334479
7290107978330,false,איטריות דקות מאסטר שף 400 גרם,הדקלאים אגודת שיתופי,,איטריות דקות מאסטר ש,גרמים,400.00,100 גרם,false,,6.90,1.7250,true,1,91866
7290107978347,false,איטריות בינוניות מאסטר שף 400 גרם,הדקלאים אגודת שיתופי,,איטריות בינוניות מאס,גרמים,400.00,100 גרם,false,,6.90,1.7250,true,1,91842
7290107978453,false,חטיף בטעם גריל קראנצ,ש. שסטוביץ בע`מ,,קראנצו'ס גריל 55 גרם,גרמים,55.00,100 גרם,false,,3.90,7.0909,true,1,95432
7290107979184,false,קוקי תבנית אלומיניום עם נייר אפייה גדול 3,ש.שסטוביץ בעמ,,קוקי תבנית אלומניום,יחידה,0.00,יחידה,false,,12.90,0.0000,true,1,95254
7290108070316,false,שקית בלונים פסטל מעורב צבעים 50יח,שמחה זה אנחנו,,שקית 50 פסטל,יחידה,0.00,יחידה,false,,11.90,0.0000,true,1,36281
7290108079333,false,מארז בלונים על מקל לניפוח עצמי happy bi,שמחה זה אנחנו בע`מ,,מארז בלונים על מקל ל,יחידה,0.00,יחידה,false,,30.90,0.0000,true,1,36523
7290108350128,false,סנו סושי שקיות אשפה חזקות במיוחד 40 יח',החברה הדרומית לשיווק בעמ,,סנו סושי שקיות חזקות,יחידה,0.00,יחידה,false,,28.90,0.0000,true,1,32936
7290108350180,false,סנו סופט מפיות מודפסות 100 יח`,החב. הדרומית לשיווק,,סנו סושי מפיות מודפס,יחידה,0.00,יחידה,false,,8.90,0.0000,true,1,32941
7290108350210,false,סנו סושי 30 שקיות אשפה XL חזקות במיוחד,החברה הדרומית לשיווק בעמ,,סושי שקיות אקסטרא חז,יחידה,0.00,יחידה,false,,26.90,0.0000,true,1,32944
7290108350258,false,נייר טואלט דו שכבתי ארוך פי 3 - מארז 12 גלילים,החברה הדרומית לשיווק בעמ,,סנו סופט נייר טואלט,מטרים,180.00,מטר,false,,44.90,0.2494,true,1,32945
7290108350531,false,סנו ספארק נוזל כלים בניחוח קלאסי עם משאבה 1 ל',מיוצר עי קונדיטוריית,,סנו ספארק משאבה בניח,ליטרים,1.00,ליטר,false,,12.90,12.9000,true,1,32949
7290108350586,false,נוזל לניקוי כלים סנו ספארק Spark בניחוח לימון רענן,החברה הדרומית לשיווק בעמ,,ספארק נוזל כלים בניח,ליטרים,1.50,ליטר,false,,15.90,10.6000,true,1,32953
7290108350616,false,סנו - מקסימה מרכך כביסה מרוכז פריחה כחולה 1 ליטר,החברה הדרומית לשיווק בעמ,,מרכך כביסה מקסימה סו,יחידה,0.00,יחידה,false,,18.90,0.0000,true,1,32956
7290108351606,false,מטהר אוויר בלו בלוסום סנו פרש הום 350 מל,החברה הדרומית לשיווק בעמ,,סנו פרש הום סופט סיל,מיליליטרים,350.00,"100 מ""ל",false,,12.90,3.6857,true,1,89385
7290108351699,false,סנו - ג'ט מטליות לחות לניקוי כללי בתוספת חומץ לבנדר שלישיה,החברה הדרומית לשיווק בעמ,,מגבונים ג'ט+חומץ מאר,יחידה,0.00,יחידה,false,,22.90,0.0000,true,1,131105
7290108351804,false,מרכך כביסה סופר מרוכז Gentl Breeze סנו מקסימה 1 ליטר,החברה הדרומית לשיווק בעמ,,סנו מקסימה מרכך כביס,יחידה,0.00,יחידה,false,,18.90,0.0000,true,1,158891
7290108351811,false,מרכך כביסה סופר מרוכז Floral touch סנו מקסימה 1 ליטר,החברה הדרומית לשיווק בעמ,,סנו מקסימה מרכך כביס,יחידה,0.00,יחידה,false,,18.90,0.0000,true,1,158892
7290108351927,false,סנו ספארק טבליות למדיח 70 יחידות,החברה הדרומית לשיווק בעמ,,סנו ספארק טבליות למד,קילוגרמים,1.40,"ק""ג",false,,48.90,34.9286,true,1,136305
7290108352108,false,משחת שיניים אורביטול רעננות חריפה 145 גר,החברה הדרומית לשיווק בעמ,,אורביטול משחת שיניים,גרמים,145.00,100 גרם,false,,15.90,10.9655,true,1,238156
7290108352214,false,סנו - מקסימה קפסולות כביסה בניחוח בריזה מרעננת 40 יח',החברה הדרומית לשיווק בעמ,,קפסולות כביסה בניחוח,גרמים,840.00,100 גרם,false,,44.90,5.3452,true,1,225013
7290108352344,false,"פרש מבשם אויר אוטומטי בניחוח לבנדר סנו 250 מ""ל",החברה הדרומית לשיווק בעמ,,סנו פרש הום אוטומטיק,גרמים,250.00,100 גרם,false,,16.90,6.7600,true,1,228717
7290108352399,false,ריצפז פרש הום בניחוח מרכך כביסה פלורל טאצ',החברה הדרומית לשיווק בעמ,,ריצפז פרש הום פלורל,ליטרים,2.00,ליטר,false,,24.90,12.4500,true,1,380274
7290108352443,false,סנובון מוצק לניקוי אסלה כחול סנו 3 יחידות,החברה הדרומית לשיווק בעמ,,סנובון מוצק שלישיה כ,גרמים,165.00,100 גרם,false,,18.90,11.4545,true,1,250666
7290108352450,false,ריצפז פרש הום בניחוח מרכך כביסה בלו בלוסום,החברה הדרומית לשיווק בעמ,,ריצפז פרש הום בניחוח,ליטרים,2.00,ליטר,false,,24.90,12.4500,true,1,257417
7290108352672,false,צמד מטליות הפלא לרצפה מיקרפייבר סנו סושי,החברה הדרומית לשיווק בעמ,,סנו סושי זוג מטלית ה,יחידה,0.00,יחידה,false,,20.90,0.0000,true,1,89815
7290108353075,false,מפיות אירוח גדולות ועבות סנו סושי 50 יחידות,החברה הדרומית לשיווק בעמ,,סנו סושי 50 מפיות אי,יחידה,0.00,יחידה,false,,11.90,0.0000,true,1,143004
7290108353532,false,"שקיות אשפה חזקות עם שרוך לארג' 54 * 65 ס""מ סנו סושי 100 יחידות",החברה הדרומית לשיווק בעמ,,שקיות אשפה בגליל סנו,יחידה,0.00,יחידה,false,,34.90,0.0000,true,1,195215
7290108353549,false,נייר אפיה 100 דפים סנו סושי,החברה הדרומית לשיווק בעמ,,נייר אפיה סנו סושי 1,יחידה,0.00,יחידה,false,,22.90,0.0000,true,1,195216
7290108353747,false,"תחליב רחצה אירוודה, בניחוח טונקה 600 מ""ל קרימה",החברה הדרומית לשיווק בעמ,,קרמה תחליב רחצה ספא,מיליליטרים,600.00,"100 מ""ל",false,,20.90,3.4833,true,1,460168
7290108353990,false,"קרמה - קרם גוף קרמה מאסק 500 מ""ל",החברה הדרומית לשיווק בעמ,,קרם גוף קרמה מאסק 50,מיליליטרים,500.00,"100 מ""ל",false,,27.90,5.5800,true,1,255694
7290108354270,false,מרכך כביסה מרוכז בבישום עוצמתי 1 ל' סנו מקסימה,החברה הדרומית לשיווק בעמ,,מרכך בבישום עוצמתי מ,ליטרים,1.00,ליטר,false,,18.90,18.9000,true,1,354680
7290108354430,false,"כיף שמפו לשיקום והזנה,שמן קוקוס וקרטין 700 מ""ל",החברה הדרומית לשיווק בעמ,,שמפו כיף לשיקום והזנ,מיליליטרים,700.00,"100 מ""ל",false,,13.90,1.9857,true,1,280643
7290108354492,false,"קרליין שמפו 10 לשיער שמן ארגן 700 מ""ל",החברה הדרומית לשיווק בעמ,,שמפו לשיער רגיל קרלי,מיליליטרים,700.00,"100 מ""ל",false,,14.90,2.1286,true,1,400301
7290108354591,false,"תחליב רחצה בניחוח מי קקטוס ושמן באבאסו 750 מ""ל נקה 7",החברה הדרומית לשיווק בעמ,,תחליב רחצה ביו נקה,מיליליטרים,750.00,"100 מ""ל",false,,12.90,1.7200,true,1,438108
7290108354607,false,"שמפו בניחוח מי קקטוס ושמן באבאסו 750 מ""ל נקה 7",החברה הדרומית לשיווק בעמ,,שמפו ביו נקה 7 750 מ,מיליליטרים,750.00,"100 מ""ל",false,,12.90,1.7200,true,1,438091
7290108354614,false,"מרכך בניחוח מי קקטוס ושמן באבאסו 750 מ""ל נקה 7",החברה הדרומית לשיווק בעמ,,מרכך לשיער ביו נקה 7,מיליליטרים,750.00,"100 מ""ל",false,,12.90,1.7200,true,1,438109
7290108354621,false,"מסיכה לשיער לחות מוגברת עם אפרסק וחמאת מורומורו 500 מ""ל כיף",החברה הדרומית לשיווק בעמ,,מסכה לשיער עם אפרסק,מיליליטרים,500.00,"100 מ""ל",false,,26.90,5.3800,true,1,457131
7290108355000,false,שמפו לילדים מיניונים נקה 7 (750 מל),החברה הדרומית לשיווק בעמ,,שמפו מיניונים נקה 7,מיליליטרים,750.00,"100 מ""ל",false,,12.90,1.7200,true,1,32989
7290108356113,false,תחליב רחצה כיף ניחוח דבש 700 מל,החברה הדרומית לשיווק בעמ,,תחליב רחצה דבש כיף 7,מיליליטרים,700.00,"100 מ""ל",false,,12.90,1.8429,true,1,134978
7290108356168,false,תחליב רחצה כיף ניחוח אוקיינס700 מל,החברה הדרומית לשיווק בעמ,,תחליב רחצה אוקיינוס,מיליליטרים,700.00,"100 מ""ל",false,,12.90,1.8429,true,1,134982
7290108356489,false,"כיף - תחליב רחצה אפרסק וחמאת מורומורו 700 מ""ל",החברה הדרומית לשיווק בעמ,,תחליב רחצה אפרסק וחמ,מיליליטרים,700.00,"100 מ""ל",false,,12.90,1.8429,true,1,409297
7290108356519,false,קרליין שמפו 10למניעת קשקשים 700מל,החברה הדרומית לשיווק בעמ,,שמפו לשיער בתוספת שמ,מיליליטרים,700.00,"100 מ""ל",false,,14.90,2.1286,true,1,380539
7290108356533,false,קרוליין 10 שמפו לשיער מתולתל 700 מל,החברה הדרומית לשיווק בעמ,,שמפו לשיער מתולתל קר,מיליליטרים,700.00,"100 מ""ל",false,,14.90,2.1286,true,1,380555
7290108356816,false,"סבון בוטני גרניום ופטצ'ולי לניקוי וטיפוח הידיים, טבעוני 1 ל' כיף",החברה הדרומית לשיווק בעמ,,סבון בוטני גרניום לנ,ליטרים,1.00,ליטר,false,,16.90,16.9000,true,1,457148
7290108357004,false,כיף שמפו ורד ושמן קוקוי לרכות וברק,החברה הדרומית לשיווק בעמ,,כיף שמפו לשיער ורד ו,מיליליטרים,700.00,"100 מ""ל",false,,13.90,1.9857,true,1,195217
7290108357264,false,"פרש אוטומטי מילוי בניחוח מרכך הכביסה אולטרה 375 מ""ל סנו",החברה הדרומית לשיווק בעמ,,מבשם לבית בניחוח אול,גרמים,250.00,100 גרם,false,,16.90,6.7600,true,1,438883
7290108357288,false,אקונומיקה ז'אוול בניחוח פריחה לבנה 4 ל' סנו,החברה הדרומית לשיווק בעמ,,סנו ז'אוול בניחוח פר,ליטרים,4.00,ליטר,false,,17.90,4.4750,true,1,396811
7290108357295,false,"מרסס אוקסיג'ן מסיר כתמים סנו לכביסה לבנה 750 מ""ל",החברה הדרומית לשיווק בעמ,,מרסס אוקסיג'ן מסיר כ,מיליליטרים,750.00,"100 מ""ל",false,,20.90,2.7867,true,1,438898
7290108357301,false,"סנו - K300 קוטל חרקים תיקנים ונמלים 300 מ""ל",החברה הדרומית לשיווק בעמ,,סנו קיי-301 צהוב 300,מיליליטרים,300.00,"100 מ""ל",false,,13.90,4.6333,true,1,438124
7290108357578,false,"קרם ידיים קרמה וניל ופלפל ורוד 100מ""ל",החב הדרומית לשיווק,,קרם ידיים בניחוח וני,מיליליטרים,100.00,"100 מ""ל",false,,10.90,10.9000,true,1,354681
7290108357653,false,סנובון ג'ל לאסלה שלישיה בניחוח אוקיינוס,החברה הדרומית לשיווק בעמ,,סנובון סבון ג'ל לאסל,גרמים,315.00,100 גרם,false,,18.90,6.0000,true,1,493368
7290108357660,false,סנובון Bubbles שלישיית כדוריות ג'ל אסלה ניחוח לבנדר,החברה הדרומית לשיווק בעמ,,סנובון סבון ג'ל לאסל,גרמים,315.00,100 גרם,false,,18.90,6.0000,true,1,493369
7290108357707,false,"כיף שמפו לשיער רגיל- תפוח זרעי צ'יה 700 מ""ל",החברה הדרומית לשיווק בעמ,,שמפו לשיער רגיל תפוח,מיליליטרים,700.00,"100 מ""ל",false,,13.90,1.9857,true,1,137336
7290108357714,false,"כיף שמפו לשיער יבש -רימונים ושמן ארגן 700 מ""ל",החברה הדרומית לשיווק בעמ,,שמפו לשיער יבש רימונ,מיליליטרים,700.00,"100 מ""ל",false,,13.90,1.9857,true,1,137337
7290108357776,false,"כיף מרכך לשיער יבש -רימונים ושמן ארגן 700 מ""ל",החברה הדרומית לשיווק בעמ,,מרכך לשיער יבש רימונ,מיליליטרים,700.00,"100 מ""ל",false,,13.90,1.9857,true,1,137342
7290108358087,false,"תחליב רחצה מאסק קרמה 700מ""ל.",החברה הדרומית לשיווק בעמ,,קרמה תחליב רחצה מאסק,מיליליטרים,700.00,"100 מ""ל",false,,17.90,2.5571,true,1,258620
7290108359077,false,סנו - סופט לושן ממחטות אף בקופסא 3 שכבות 120 יח',החברה הדרומית לשיווק בעמ,,ממחטות אף בקופסא 3 ש,יחידה,0.00,יחידה,false,,14.90,0.0000,true,1,381957
7290108359152,false,"תבנית אלומיניום עגולה 25 ס""מ -6 יחי סנו סושי",החברה הדרומית לשיווק בעמ,,סנו סושי-6 תבניות אל,יחידה,0.00,יחידה,false,,12.90,0.0000,true,1,478106
7290108500677,false,כבד דג שיבוט בשמן דג וילי פוד 115 גרם,ג. וילי-פוד אינטרנשיונל בע`מ,,כבד דג שיבוט בשמן וי,גרמים,115.00,100 גרם,false,,10.90,9.4783,true,1,3762
7290108501971,false,חטיף בוטנים ומשמש הפי נאטס מארז 35X4ג',ג.וילי פוד אינטרנשיונל בעמ,,חטיף שקדים ומשמש HAP,גרמים,140.00,100 גרם,false,,12.90,9.2143,true,1,124527
7290108503043,false,תפוחונים חטיף פלחים מיובשים מארז 22X4ג',ג. וילי-פוד אינטרנשיונל בע`מ,,מארז רביעייה תפוחוני,גרמים,88.00,100 גרם,false,,14.70,16.7045,true,1,134682
7290108503067,false,פרמז'נו משולש ויליפוד 150 גרם,ג.וילי-פוד אינטרנשיונל **גבינו,,פרמז'נו משולש 150 גר,גרמים,150.00,100 גרם,false,,16.90,11.2667,true,1,133004
7290108507645,false,ביסקויט פריך בשוקולד מריר 100 גרם -קהילות,ג. וילי-פוד אינטרנשיונל בע`מ,,ביסקויט פריך בשוקולד,גרמים,100.00,100 גרם,false,,7.90,7.9000,true,1,390932
7290108508499,false,"איירן משקה יוגורט בסגנון טורקי יורו 293 מ""ל",ג.וילי-פוד אינטרנשיונל **גבינו,,משקה יוגורט בסגנון ט,גרמים,293.00,100 גרם,false,,5.90,2.0137,true,1,292524
7290108508574,false,פסטה ברוטב עגבניות פיקנטי ארביאטה 250 ג'-מוכנה לאכילה,ג. וילי-פוד אינטרנשיונל בע`מ,,פסטה ברוטב עגבניות פ,גרמים,250.00,100 גרם,false,,7.90,3.1600,true,1,309559
7290108509113,false,"גבינה בולגרית מעודנת 18% שומן 250 גרם חת""ס פ""ת",ג.וילי-פוד אינטרנשיונל **גבינו,,גבינה בולגרית מעודנת,גרמים,250.00,100 גרם,false,,13.90,5.5600,true,1,314780
7290108509250,false,"אנטיפסטי ארטישוק+עגבניות מיובשות וצלפים בשמן חמניות 380 מ""ל",ג. וילי-פוד אינטרנשיונל בע`מ,,אנטיפסטי ארטישוק עג,גרמים,580.00,100 גרם,false,,22.90,3.9483,true,1,309525
7290108509618,false,זיתים ירוקים על הגריל מגולענים במרינדה 730 גרם,,,זיתים ירוקים על הגרי,גרמים,730.00,100 גרם,false,,24.90,3.4110,true,1,343654
7290108509939,false,פרוסות פילה טונה בשמן זית כתית מעולה,ג. וילי-פוד אינטרנשיונל בע`מ,,פרוסות פילה טונה 120,גרמים,120.00,100 גרם,false,,13.90,11.5833,true,1,376725
7290109351025,false,מלך החומוס חומוסטחינה 40% טחינה גולמית,קבוצת אוסם סחר שותפות מוגבלת,,מלך החומוס חומוס טחי,גרמים,400.00,100 גרם,false,,14.20,3.5500,true,1,22266
7290109351971,false,פריכיות דגנים פיטנס מצופות שוקולד חלב,קבוצת אוסם סחר שותפות מוגבלת,,בר פריכיות שוקולד חל,גרמים,84.00,100 גרם,false,,14.90,17.7381,true,1,68254
7290109354972,false,אוסם - פתי בר וניל חלבי ללא גלוטן 200 גרם,קבוצת אוסם סחר שותפות מוגבלת,,אסם פתי בר ללא גלוטן,גרמים,200.00,100 גרם,false,,11.90,5.9500,true,1,21829
7290109358765,false,דגני בוקר קראנץ' רולס נוגט 450 גרם,קבוצת אוסם סחר-שות.מוגבלת,,דגני קראנץ' רולס נוג,גרמים,450.00,100 גרם,false,,28.90,6.4222,true,1,75082
7290109580050,false,נקניקיות צ'וריסוס וונדרס 0% בשר טבעוני ללא גלוטן,זוגלובק שיווק בעמ ו/או וונדרס,,נקנקיות צ'וריסוס מן,גרמים,226.00,100 גרם,false,,35.90,15.8850,true,1,290913
7290109580098,false,קבנוס בטעם סרירצ'ה זוגלובק 135 גרם,נקניק זוגלובק נהריה,,קבנוס בטעם סרירצ'ה ז,גרמים,135.00,100 גרם,false,,12.90,9.5556,true,1,404208
7290109580104,false,זוגלובק פרימיום רוסטביף 150 גרם,נקניק זוגלובק נהריה,,רוסטביף זוגלובק פרמי,גרמים,150.00,100 גרם,false,,27.90,18.6000,true,1,292339
7290109580111,false,צלעות אסאדו מעושנות פרימיום זוגלובק 120 גרם,נקניק זוגלובק נהריה,,צלעות אסאדו מעושנות,גרמים,180.00,100 גרם,false,,27.90,15.5000,true,1,394878
7290109580135,false,זוגלובק פרימיום קורנדביף 180 גרם,נקניק זוגלובק נהריה,,קורנדביף זוגלובק פרמ,גרמים,180.00,100 גרם,false,,27.90,15.5000,true,1,292341
7290109580166,false,סרוולד קלאסי פרימיום 150 גרם זוגלובק,נקניק זוגלובק נהריה,,סרוולד קלאסי זוגלובק,גרמים,150.00,100 גרם,false,,27.90,18.6000,true,1,292343
7290109580227,false,נקניקיות עוף ובקר בסגנון ברלינאי קאריוורסט,נקניק זוגלובק נהריה,,נקנקיות ריינהולד'ס ק,גרמים,300.00,100 גרם,false,,21.90,7.3000,true,1,372388
7290109580241,false,נאגטס מן הצומח זוגלובק 500 גרם,נקניק זוגלובק נהריה,,נאגטס מן הצומח זוגלו,גרמים,500.00,100 גרם,false,,27.90,5.5800,true,1,438031
7290109580432,false,פסטרמה חזה הודו מעושן דק דק זוגלובק 120 גרם,נקניק זוגלובק נהריה,,פסטרמה אקסטרה מעושנת,גרמים,120.00,100 גרם,false,,14.90,12.4167,true,1,438232
7290109580449,false,סלמי בטעם כמהין פרימיום זוגלובק 180 גרם,נקניק זוגלובק נהריה,,סלמי בטעם כמהין פרימ,גרמים,180.00,100 גרם,false,,27.90,15.5000,true,1,438016
7290110110369,false,"שישייה בירה קרלסברג LUMA בקבוק 330 מ""ל",החברה המרכזית להפצת משקאות בעמ,,שישיית בירה קרלסברג,ליטרים,1.98,ליטר,false,,37.70,19.0404,true,1,231735
7290110110574,false,פחית קוקה קולה סליק זירו לימון 330 מל,החברה המרכזית להפצת משקאות בעמ,,פחית סליק קולה ZERO,מיליליטרים,330.00,"100 מ""ל",false,,5.50,1.6667,true,1,124905
7290110110659,false,"ספרייט לימון ליים פחית 330מ""ל",החברה המרכזית להפצת משקאות בעמ,,סליק ספרייט חדש 330,מיליליטרים,330.00,"100 מ""ל",false,,5.70,1.7273,true,1,114440
7290110113421,false,"בירה מעוננת קרלסברג luma 330 מ""ל",החברה המרכזית להפצת משקאות בעמ,,בירה קרלסברג לומה 33,מיליליטרים,330.00,"100 מ""ל",false,,6.20,1.8788,true,1,345969
7290110114787,false,נביעות+ מים מינרליים בטעם תפוח 1.5 ליטר,החברה המרכזית להפצת משקאות בעמ,,נביעות + תפוח 1.5 לי,ליטרים,1.50,ליטר,false,,10.90,7.2667,true,1,359064
7290110114794,false,נביעות+ מים מינרליים בטעם אפרסק 1.5 ליטר,החברה המרכזית להפצת משקאות בעמ,,נביעות + אפרסק 1.5 ל,ליטרים,1.50,ליטר,false,,10.90,7.2667,true,1,359065
7290110114800,false,נביעות+ מים מינרליים בטעם ענבים 1.5 ליטר,החברה המרכזית להפצת משקאות בעמ,,נביעות + ענבים 1.5 ל,ליטרים,1.50,ליטר,false,,10.90,7.2667,true,1,359083
7290110114855,false,"נביעות מים מינרליים, שישיה 6 * 1.5 ליטר פקדון",החברה המרכזית להפצת משקאות בעמ,,מי נביעות שישייה 1.5,ליטרים,9.00,ליטר,false,,14.90,1.6556,true,1,359113
7290110114893,false,מיץ תפוזים מפוסטר סחוט 2 ליטר,*החברה המרכזית להפצת משקאותבעמ,,פריגת סחוט תפוזים 2,ליטרים,2.00,ליטר,false,,30.30,15.1500,true,1,358999
7290110114961,false,משקה קל בטעם תפוזים פריגת (1.5 ליטר),החברה המרכזית להפצת משקאות בעמ,,פריגת תפוזים 1.5 ליט,ליטרים,1.50,ליטר,false,,9.90,6.6000,true,1,359128
7290110114985,false,משקה קל בטעם אשכוליות פריגת (1.5 ליטר),החברה המרכזית להפצת משקאות בעמ,,פריגת אשכולית 1.5 לי,ליטרים,1.50,ליטר,false,,9.90,6.6000,true,1,359144
7290110114992,false,משקה קל בטעם אשכוליות לייט פריגת (1.5 לי,החברה המרכזית להפצת משקאות בעמ,,פריגת דיאט אשכולית 1,ליטרים,1.50,ליטר,false,,9.90,6.6000,true,1,359145
7290110115005,false,משקה קל בטעם ענבים פריגת (1.5 ליטר),החברה המרכזית להפצת משקאות בעמ,,פריגת ענבים 1.5 ליטר,ליטרים,1.50,ליטר,false,,9.90,6.6000,true,1,359160
7290110115029,false,משקה קל בטעם תפוחים פריגת (1.5 ליטר),החברה המרכזית להפצת משקאות בעמ,,פריגת תפוחים 1.5 ליט,ליטרים,1.50,ליטר,false,,9.90,6.6000,true,1,359190
7290110115036,false,משקה קל בטעם מנגו פריגת (1.5 ליטר),החברה המרכזית להפצת משקאות בעמ,,פריגת מנגו 1.5 ליטר,ליטרים,1.50,ליטר,false,,9.90,6.6000,true,1,359191
7290110115043,false,משקה קל בטעם לימונענע פריגת (1.5 ליטר),החברה המרכזית להפצת משקאות בעמ,,פריגת לימונענע 1.5 ל,ליטרים,1.50,ליטר,false,,9.90,6.6000,true,1,359192
7290110115050,false,משקה קל בטעם תות בננה פריגת (1.5 ליטר),החברה המרכזית להפצת משקאות בעמ,,פריגת מיקס תות בננה,ליטרים,1.50,ליטר,false,,9.90,6.6000,true,1,359193
7290110115104,false,פריגת צלול אפרסק 1.5 ליטר פיקדון,החברה המרכזית להפצת משקאות בעמ,,פריגת צלול אפרסק 1.5,ליטרים,1.50,ליטר,false,,9.90,6.6000,true,1,359281
7290110115180,false,נביעות מים מינרלים שקט 1.5 ליטר פיקדון,החברה המרכזית להפצת משקאות בעמ,,נביעות 1.5 ליטר,ליטרים,1.50,ליטר,false,,4.20,2.8000,true,1,374737
7290110115203,false,קוקה קולה 1.5 ליטר פיקדון,החברה המרכזית להפצת משקאות בעמ,,קוקה קולה 1.5 ליטר,ליטרים,1.50,ליטר,false,,9.50,6.3333,true,1,359303
7290110115210,false,קוקה קולה דיאט 1.5 ליטר פיקדון,החברה המרכזית להפצת משקאות בעמ,,דיאט קוקה קולה 1.5 ל,ליטרים,1.50,ליטר,false,,9.90,6.6000,true,1,359304
7290110115227,false,קוקה קולה Zero בקבוק 1.5 ליטר פיקדון,החברה המרכזית להפצת משקאות בעמ,,קוקה קולה זירו בקבוק,ליטרים,1.50,ליטר,false,,9.90,6.6000,true,1,359305
7290110115234,false,קוקה קולה דיאט זירו 1.5 ליטר פיקדון,החברה המרכזית להפצת משקאות בעמ,,קולה ZERO נטול 1.5 ל,ליטרים,1.50,ליטר,false,,9.90,6.6000,true,1,359306
7290110115241,false,קוקה קולה דיאט לימון 1.5 ליטר פיקדון,החברה המרכזית להפצת משקאות בעמ,,קולה ZERO לימון 1.5,ליטרים,1.50,ליטר,false,,9.90,6.6000,true,1,359321
7290110115265,false,ספרייט לימון ליים 1.5 ליטר-,החברה המרכזית להפצת משקאות בעמ,,ספרייט 1.5 ליטר LIME,ליטרים,1.50,ליטר,false,,9.00,6.0000,true,1,359385
7290110115272,false,ZERO ספרייט 1.5 ליטר פיקדון,החברה המרכזית להפצת משקאות בעמ,,ספרייט זירו 1.5 ליטר,ליטרים,1.50,ליטר,false,,9.90,6.6000,true,1,359386
7290110115289,false,ספרייט 19 קל' לימון-נענע 1.5 ליטר פיקדון,החברה המרכזית להפצת משקאות בעמ,,ספרייט 19 קלוריות לי,ליטרים,1.50,ליטר,false,,9.90,6.6000,true,1,359431
7290110115302,false,משקה מוגז אורנג' זירו פאנטה 1.5 ליטר,החברה המרכזית להפצת משקאות בעמ,,פאנטה זירו בטעם אורנ,ליטרים,1.50,ליטר,false,,10.50,7.0000,true,1,359433
7290110115319,false,פאנטה אקזוטי פירות טרופיים 1.5ל פיקדון,החברה המרכזית להפצת משקאות בעמ,,פאנטה אקזוטיק 1.5 לי,ליטרים,1.50,ליטר,false,,10.50,7.0000,true,1,359450
7290110115357,false,קינלי סודה 1.5 ליטר פיקדון,החברה המרכזית להפצת משקאות בעמ,,קינלי סודה 1.5 ליטר,ליטרים,1.50,ליטר,false,,5.50,3.6667,true,1,359482
7290110115364,false,קוקה קולה שישיות 1.5 ליטר פיקדון,החברה המרכזית להפצת משקאות בעמ,,קוקה קולה 6*1.5 ליטר,ליטרים,9.00,ליטר,false,,52.90,5.8778,true,1,359323
7290110115395,false,ספרייט זירו שישיות 1.5 ליטר פיקדון,החברה המרכזית להפצת משקאות בעמ,,ספרייט זירו 6* 1.5 ל,ליטרים,9.00,ליטר,false,,50.70,5.6333,true,1,359416
7290110115418,false,קוקה קולה זירו 1.5 ליטר מארז שישייה,החברה המרכזית להפצת משקאות בעמ,,קוקה קולה זירו שישיי,ליטרים,9.00,ליטר,false,,49.90,5.5444,true,1,359325
7290110115425,false,FUZE TEA גרין לימונענע -נענע 1.5 ליטר פיקדון,החברה המרכזית להפצת משקאות בעמ,,פיוז טי לימון נענע 1,ליטרים,1.50,ליטר,false,,10.50,7.0000,true,1,359498
7290110115449,false,פיוז-טי תה מנגו אננס 1.5 ליטר פיקדון,החברה המרכזית להפצת משקאות בעמ,,פיוז טי מנגו אננס 1.,ליטרים,1.50,ליטר,false,,10.50,7.0000,true,1,359500
7290110115456,false,פיוז-טי תה אפרסק 1.5 ליטר 19 קל פיקדון,החברה המרכזית להפצת משקאות בעמ,,פיוז טי אפרסק 19 קל,ליטרים,1.50,ליטר,false,,10.50,7.0000,true,1,359501
7290110115463,false,פיוז-טי תה אפרסק 1.5 ליטר פיקדון,החברה המרכזית להפצת משקאות בעמ,,פיוז טי אפרסק 1.5 לי,ליטרים,1.50,ליטר,false,,10.50,7.0000,true,1,359517
7290110115593,false,פריגת אשכוליות 40% פחות סוכר 1.5 ליטר פיקדון,החברה המרכזית להפצת משקאות בעמ,,משקה קל בטעם אשכוליו,ליטרים,1.50,ליטר,false,,9.90,6.6000,true,1,359263
7290110115623,false,פיוז-טי תה אפרסק זירו 1.5 ליטר פיקדון,החברה המרכזית להפצת משקאות בעמ,,פיוז טי ZERO בטעם אפ,ליטרים,1.50,ליטר,false,,10.50,7.0000,true,1,385552
7290110115869,false,קוקה קולה זירו 1.5 ליטר פיקדון,תות תעשיות מזון (201,,קוקה קולה זירו בקבוק,ליטרים,1.50,ליטר,false,,9.90,6.6000,true,1,484630
7290110116071,false,פאנטה ZERO פירות ירוק 0.5ליטר,החברה המרכזית להפצת משקאות בעמ,,פאנטה ZERO ירוק 500,מיליליטרים,500.00,"100 מ""ל",false,,7.90,1.5800,true,1,437147
7290110116491,false,פריגת סחוט מיקס אפרסק משמש 1ליטר,*החברה המרכזית להפצת משקאותבעמ,,פריגת סחוט MIX אפרסק,ליטרים,1.00,ליטר,false,,15.90,15.9000,true,1,475543
7290110116507,false,פריגת סחוט מיקס אננס בננה אגס 1ליטר,*החברה המרכזית להפצת משקאותבעמ,,פריגת סחוט MIX אננס,ליטרים,1.00,ליטר,false,,15.90,15.9000,true,1,475544
7290110320591,false,גבינה בולגרית במרקם מעודן 16% פיראוס,"תנובה בע""מ ***",,בולגרית 16% במרקם מע,גרמים,250.00,100 גרם,false,,22.60,9.0400,true,1,76920
7290110320683,false,שמיניית משקה יוגורט 1.5% טעם תות יופלה 107 גרם,מיוצר עי קונדיטוריית,,משקה יופלה שמיניה בט,מיליליטרים,856.00,"100 מ""ל",false,,17.90,2.0911,true,1,100998
7290110320850,false,פתיתים גבינה חצי קשה מגורדת 28% שומן,תנובה מרכז שיתופי לש,,עמק פתיתים 200 גרם,גרמים,200.00,100 גרם,false,,15.90,7.9500,true,1,103202
7290110320867,false,פתיתים גבינה חצי קשה מגורדת 28% שומן,תנובה מרכז שיתופי לש,,עמק פתיתים למאפים 28,גרמים,500.00,100 גרם,false,,35.00,7.0000,true,1,100305
7290110320935,false,פרוסות מוצרלה 150 גר`קולקשיין תנובה,תנובה מרכז שיתופי לש,,פרוסות מוצרלה 150 גר,גרמים,150.00,100 גרם,false,,18.90,12.6000,true,1,100306
7290110321284,false,קוטג' בקטנה 9% תנובה 100 גרם מהדרין,פארייפאבה אגרואינדוס,,קוטג' תנובה בקטנה 9,גרמים,100.00,100 גרם,false,,2.70,2.7000,true,1,107158
7290110321604,false,קוביות פיראוס בולגרית מעודנת 5% 200 גרם - רבנות,"תנובה בע""מ ***",,פיראוס קוביות בולגרי,גרמים,200.00,100 גרם,false,,22.80,11.4000,true,1,124879
7290110321680,false,יוגורט GO בטעם תות 20 גרם חלבון בגביע,מיוצר עי קונדיטוריית,,יופלה גו בטעם תות 20,גרמים,200.00,100 גרם,false,,5.90,2.9500,true,1,110658
7290110321697,false,יוגורט GO בטעם אפרסק 20 גרם חלבון בגביע,מיוצר עי קונדיטוריית,,יופלה גו בטעם אפרסק,מיליליטרים,200.00,"100 מ""ל",false,,5.90,2.9500,true,1,110659
7290110321703,false,יוגורט עם פירות יער בתוספת חלבוני חלב 2% שומן,מיוצר עי קונדיטוריית,,יופלה גו בטעם פרות י,מיליליטרים,200.00,"100 מ""ל",false,,5.90,2.9500,true,1,123660
7290110322014,false,טופו בטעם טבעי תנובה ALTERNATIVE,שוורצקוף& הנקל דיסלד,,טופו טבעי 300 גרם,גרמים,300.00,100 גרם,false,,12.90,4.3000,true,1,123666
7290110322038,false,טופו בטעם פיקנטי 300 גר`תנובה,תנובה Alternative,,טופו פיקנטי 300 גרם,גרמים,300.00,100 גרם,false,,12.90,4.3000,true,1,123675
7290110323097,false,מעדן גבינה עם מחית תות-תאומים 80 גר`,תנובה בעמ ***,,תאומים 80 גרם גביע ב,גרמים,80.00,100 גרם,false,,1.90,2.3750,true,1,135618
7290110323301,false,טל העמק בסגנון אמנטל 32% שומן 200 גרם,"תנובה בע""מ ***",,גבינת עמק טל 32% שומ,גרמים,200.00,100 גרם,false,,19.90,9.9500,true,1,136597
7290110323585,false,יופלה יוגורט עם דובדבן מופחת קלוריות 200 ג' GO,"תנובה בע""מ ***",,יופלה GO לייט עם דוב,גרמים,200.00,100 גרם,false,,5.90,2.9500,true,1,135353
7290110323592,false,יוגורט GO לייט בטעם אפרסק 20 גרם חלבון בגביע,תנובה בעמ ***,,יופלה GO לייט עם אפר,גרמים,200.00,100 גרם,false,,5.90,2.9500,true,1,135354
7290110323714,false,משקה קוקוס שקדים תנובה E אלטרנטיב,מיוצר עי קונדיטוריית,,תנובה משקה קוקוס שקד,יחידה,0.00,יחידה,false,,14.90,0.0000,true,1,136598
7290110324353,false,יוגורט GO לייט בטעם אננס 20 גרם חלבון בגביע,מיוצר עי קונדיטוריית,,יופלה גו לייט בטעם א,גרמים,200.00,100 גרם,false,,5.90,2.9500,true,1,141961
7290110324711,false,ממרח סויה 9% שומן בטעם טבעי תנובה 250 גרם,מיוצר עי קונדיטוריית,,ממרח סויה 9% בטעם טב,גרמים,250.00,100 גרם,false,,10.90,4.3600,true,1,143543
7290110324858,false,מעדן שקדים בטעם אגוזי לוז תנובה 125 גרם,מיוצר עי קונדיטוריית,,מעדן שקדים בטעם אגוז,גרמים,125.00,100 גרם,false,,4.90,3.9200,true,1,199168
7290110324872,false,גבינה צהובה גלבוע (5% 200 גר`)תנובה,גלבוע - תנובה,,גלבוע גבינה פרוסה 5%,גרמים,200.00,100 גרם,false,,18.90,9.4500,true,1,198828
7290110324926,false,משקה סויה ללא תוספת סוכר E אלטרנטיב,תנובה מרכז שיתופי לש,,משקה סויה ללא תוספת,יחידה,0.00,יחידה,false,,11.90,0.0000,true,1,187564
7290110325169,false,פרוסות גאודה 170 גר` קולקשיין תנובה,תנובה בעמ ***,,פרוסות גאודה 170 גרם,גרמים,170.00,100 גרם,false,,18.90,11.1176,true,1,217346
7290110325305,false,יופלה GO סויה 20 גרם חלבון במתיקות מעודנת תנובה 200 גרם,מיוצר עי קונדיטוריית,,יופלה סויה גו 20 גרם,גרמים,200.00,100 גרם,false,,5.90,2.9500,true,1,191529
7290110325312,false,יופלה GO סויה 20 גרם חלבון בטעם תות תנובה 200 גרם,תנובה בעמ ***,,יופלה סויה גו 20 גרם,גרמים,200.00,100 גרם,false,,5.90,2.9500,true,1,191530
7290110325510,false,יופלה טיוב יוגורט במרקם חלק בטעם וניל-יוניקור,"תנובה בע""מ ***",,יופלה טיוב יוגורט במ,מיליליטרים,348.00,"100 מ""ל",false,,13.90,3.9943,true,1,199102
7290110325619,false,משקה שיבולת שועל תנובה E אלטרנטיב,מיוצר עי קונדיטוריית,,תנובה משקה שיבולת שו,יחידה,0.00,יחידה,false,,14.90,0.0000,true,1,201866
7290110325701,false,פיראוס צזיקי יווני 9% שומן בשיטת יצור מסורתית על בסיס יוגורט,גוד פוד פרודקטס S.p,,פיראוס צזיקי יווני 9,גרמים,250.00,100 גרם,false,,14.90,5.9600,true,1,207167
7290110325893,false,משקה חלב GO מועשר בחלבון בטעם אייס קפה,מיוצר עי קונדיטוריית,,משקה תנובה GO אייס ק,גרמים,340.00,100 גרם,false,,7.90,2.3235,true,1,201868
7290110326210,false,יופלה און טופ פצפוצים תנובה 157 גרם,מיוצר עי קונדיטוריית,,יופלה און טופ פצפוצי,גרמים,157.00,100 גרם,false,,5.90,3.7580,true,1,217313
7290110326227,false,יופלה און טופ קורנפלקס תנובה 157 גרם,מיוצר עי קונדיטוריית,,יופלה און טופ קורנפל,גרמים,157.00,100 גרם,false,,5.90,3.7580,true,1,217314
7290110326234,false,יופלה און טופ כוכבים תנובה 157 גרם,מיוצר עי קונדיטוריית,,יופלה און טופ כוכבים,גרמים,157.00,100 גרם,false,,5.90,3.7580,true,1,217315
7290110326241,false,יופלה און טופ גרנולה תנובה 157 גרם,מיוצר עי קונדיטוריית,,יופלה און טופ גרנולה,יחידה,157.00,יחידה,false,,5.90,0.0376,true,1,217332
7290110326333,false,פרוסות גבינה סקנדינבית 170 גר`קולקשיין,"תנובה בע""מ ***",,פרוסות גבינה סקנדינב,גרמים,170.00,100 גרם,false,,19.90,11.7059,true,1,305361
7290110327125,false,פטה 21% מחלב צאן במי מלח תנובה 200 גרם,תנובה בעמ ***,,גבינת פטה 21% מצאן פ,גרמים,200.00,100 גרם,false,,22.90,11.4500,true,1,268506
7290110327514,false,alternative משקה שיבולת שועל בטעם אגוזי לוז תנובה 1 ליטר,תנובה מרכז שיתופי לש,,משקה שיבולת שועל בטע,יחידה,0.00,יחידה,false,,14.90,0.0000,true,1,323728
7290110328627,false,יוגורט יופלה GO במרקם סמיך בטעם בננה קרמל 0%,מיוצר עי קונדיטוריית,,יוגורט גו סמיך 0% בנ,גרמים,200.00,100 גרם,false,,5.90,2.9500,true,1,313102
7290110328764,false,יוגורט יופלה GO במרקם סמיך עם תות 0%,מיוצר עי קונדיטוריית,,יוגורט גו סמיך 0% תו,גרמים,200.00,100 גרם,false,,5.90,2.9500,true,1,313119
7290110328771,false,יוגורט יופלה GO במרקם סמיך עם פירות יער 0%,מיוצר עי קונדיטוריית,,יוגורט גו סמיך 0% פי,גרמים,200.00,100 גרם,false,,5.90,2.9500,true,1,313103
7290110328788,false,יוגורט יופלה GO במרקם סמיך בטעם אפרסק 0%,תנובה מרכז שיתופי לש,,יוגורט גו סמיך 0% אפ,גרמים,200.00,100 גרם,false,,5.90,2.9500,true,1,313104
7290110329136,false,מעדן חלב מעושר בחלבון בטעם שוקולד 120 ג' GO,תנובה מרכז שיתופי לש,,מעדן חלב גו בטעם שוק,גרמים,120.00,100 גרם,false,,4.90,4.0833,true,1,363864
7290110329143,false,מעדן חלב מעושר בחלבון בטעם וניל גביע 120 ג' GO,תנובה מרכז שיתופי לש,,מעדן חלב גו בטעם וני,גרמים,120.00,100 גרם,false,,4.90,4.0833,true,1,363834
7290110329266,false,יוגורט תנובה מחלב עיזים מלא תנובה 140 ג',תנובה בעמ ***,,יוגורט מחלב עיזים מל,גרמים,140.00,100 גרם,false,,6.90,4.9286,true,1,329670
7290110329273,false,יוגורט מחלב עיזים מלא 750 גרם תנובה,תנובה בעמ ***,,יוגורט מחלב עיזים מל,גרמים,750.00,100 גרם,false,,19.90,2.6533,true,1,329727
7290110329303,false,פרוסות בטעם צהובה קלאסית אלטרנטיב 200 גר,תנובה Alternative,,פרוסות צהובה קלאסית,גרמים,200.00,100 גרם,false,,22.90,11.4500,true,1,363879
7290110329716,false,משקה חלב קר בטעם קפוצ'ינו 230 גרם תנובה,תנובה מרכז שיתופי לש,,קפה קר בטעם קפוצ'ינו,מיליליטרים,230.00,"100 מ""ל",false,,7.90,3.4348,true,1,418723
7290110329723,false,משקה חלב קר בטעם לאטה 230 גרם תנובה,תנובה מרכז שיתופי לש,,קפה קר בטעם לאטה תנו,מיליליטרים,230.00,"100 מ""ל",false,,7.90,3.4348,true,1,419279
7290110329730,false,"משקה חלב עם שוקולד וקפה בסגנון לאטה 2.7%  230 מ""ל תנובה",תנובה מרכז שיתופי לש,,קפה קר בטעם לאטה שוק,מיליליטרים,230.00,"100 מ""ל",false,,7.90,3.4348,true,1,419297
7290110329792,false,יוגורט סויה BIO Alternative אפרסק 150 ג' תנובה,מיוצר עי קונדיטוריית,,סויה BIO אפרסק גביע,גרמים,150.00,100 גרם,false,,4.70,3.1333,true,1,386715
7290110329808,false,יוגורט סויה BIO Alternative תות 150 ג' תנובה,מיוצר עי קונדיטוריית,,סויה BIO תות גביע 15,גרמים,150.00,100 גרם,false,,4.70,3.1333,true,1,386716
7290110329822,false,יוגורט סויה BIO Alternative פירות יער 150 ג' תנובה,מיוצר עי קונדיטוריית,,סויה BIO פירות יער ג,גרמים,150.00,100 גרם,false,,4.70,3.1333,true,1,386718
7290110329839,false,פרוסות צהובה בטעם זיתים 200 ג' אלטרנטיב אלטרנטיב,מיוצר עי קונדיטוריית,,פרוסות צהובה בטעם זי,גרמים,200.00,100 גרם,false,,22.90,11.4500,true,1,364166
7290110329846,false,יוגורט סויה BIO Alternative בטעם טבעי 150 ג' תנובה,מיוצר עי קונדיטוריית,,סויה BIO טבעי גביע 1,גרמים,150.00,100 גרם,false,,4.70,3.1333,true,1,386719
7290110550363,false,"פריכיות משולשות תירס, אורז שיבולת שועל, קינואה",אנרג'י Energy - שטראוס,,משולש קינואה ומלח ים,גרמים,65.00,100 גרם,false,,11.90,18.3077,true,1,383397
7290110551254,false,נשנושי תירס 600 גרם טעם הטבע שטראוס,"מיוצר ע""\י או.וי אינטרנש",,נשנושי תירס 600 גרם,גרמים,600.00,100 גרם,false,,15.90,2.6500,true,1,471448
7290110552220,false,יוגורט PRO בטעם תות 0% סוכר לבן 20 גרם חלבון בגביע,שטראוס גרופ בעמ/מצונן,,דנונה PRO 20 גרם חלב,גרמים,200.00,100 גרם,false,,6.50,3.2500,true,1,380407
7290110552237,false,יוגורט פרו בטעם אפרסק מנגו ללא סוכר 200 ג' דנונה,שטראוס גרופ בעמ/מצונן,,דנונה PRO 20 גרם חלב,גרמים,200.00,100 גרם,false,,6.50,3.2500,true,1,380392
7290110553029,false,"אנרג'י קריספס-פריכיות חומוס, עדשים ואפונה עם קייל וסלק","פרח תעשיו מזון בע""מ",,פריכיות חלבון קייל ח,גרמים,60.00,100 גרם,false,,11.90,19.8333,true,1,383398
7290110553036,false,קריספס-פריכיות עם אפונה ובטטה סגולה בטעם בצל מקורמל,"פרח תעשיו מזון בע""מ",,פרכית חלבון בטטה סגו,גרמים,60.00,100 גרם,false,,11.90,19.8333,true,1,383399
7290110553135,false,נסקפה קפוצ'ינו סטיק וניל 130 ג' עלית,שטראוס גרופ בע`מ,,נמס קפוצינו -אבקה לה,גרמים,130.00,100 גרם,false,,17.90,13.7692,true,1,491388
7290110553180,false,אנרגי פריכיות אורז בטעם תפוח קינמון 50 ג,שטראוס גרופ בע`מ,,פריכיות עם תפוח וקינ,גרמים,40.00,100 גרם,false,,8.90,22.2500,true,1,483122
7290110554583,false,מארז חטיפי צ'יטוס פאפס בטעם גבינה - 10 יחידות,"שטראוס פריטו ליי בע""\מ )",,מארז צ'יטוס PUFFS בט,גרמים,200.00,100 גרם,false,,13.90,6.9500,true,1,373112
7290110554705,false,קפסולות נספרסו לקפה יוניקו סדרת בתי הקלייה 10יח,שטראוס קפה בי.וי.,,"קפסולות שת""פ קפה 50",גרמים,50.00,100 גרם,false,,21.00,42.0000,true,1,477388
7290110554729,false,קפסולות עלית אספרסו 04 תואמות למכונות NESPRESSO,שטראוס קפה בי.וי.,,עלית קפסולות אספרסו,גרמים,50.00,100 גרם,false,,18.90,37.8000,true,1,427039
7290110556242,false,"שוקולד מריר פרווה 100 גר' בד""ץ תוצרת חוץ","שטראוס גרופ בע""מ.",,שוקולד מריר מעולה 10,גרמים,100.00,100 גרם,false,,6.00,6.0000,true,1,471175
7290110557027,false,חומוס עשיר 50% טחינה גולמית 400 ג' אחלה,שטראוס גרופ בעמ/מצונן,,חומוס הסדרה עשיר ב50,גרמים,400.00,100 גרם,false,,15.20,3.8000,true,1,363059
7290110557102,false,מעדן חלב עם שוקולד מועשר בחלבון 150 ג' שטראוס,שטראוס גרופ בעמ/מצונן,,מעדן פרו חלב עם שוקו,גרמים,150.00,100 גרם,false,,5.90,3.9333,true,1,347758
7290110557133,false,מעדן הגולן וניל 125 ג' שטראוס,שטראוס גרופ בעמ/מצונן,,מעדן הגולן מעדן חלב,גרמים,125.00,100 גרם,false,,3.50,2.8000,true,1,357782
7290110557317,false,יוגורט בתוספת סידן וויטמין ד עם שיבולת שועל 100 ג' דנונה,שטראוס גרופ בעמ/מצונן,,היוגורט הראשון שלי ש,גרמים,100.00,100 גרם,false,,2.50,2.5000,true,1,429944
7290110557478,false,חומוס גלילי במרקם מעודן 600 גרם,שטראוס גרופ בעמ/מצונן,,חומוס גלילי אחלה 60,גרמים,600.00,100 גרם,false,,13.90,2.3167,true,1,409535
7290110557645,false,מאגדת חטיפים אנרג'י מיקס צימוקים חמוציות 100X4 גרם,"שטראוס גרופ בע""מ",,מיקס מאגדת צימוקים ח,גרמים,100.00,100 גרם,false,,18.90,18.9000,true,1,446087
7290110558130,false,יוגורט אקטיביה עם שיבולת שועל ודבש 150 גרם,שטראוס גרופ בעמ/מצונן,,אקטיביה עם דבש ושיבו,גרמים,150.00,100 גרם,false,,4.90,3.2667,true,1,427592
7290110558154,false,דנונה לייט אנד פרי עוגת תפוחים 150ג דנונה,שטראוס גרופ בעמ/מצונן,,דנונה לייט אנד פרי ת,גרמים,150.00,100 גרם,false,,4.90,3.2667,true,1,445921
7290110558284,false,דנונה ביו מולטי שטראוס 200 גרם,שטראוס גרופ בעמ/מצונן,,דנונה מולטי 3% שומן,מיליליטרים,200.00,"100 מ""ל",false,,4.50,2.2500,true,1,438046
7290110558307,false,יוגורט דנונה PRO עם שיבולת שועל במתיקות מעודנת,שטראוס גרופ בעמ/מצונן,,דנונה פרו עם שיבולת,מיליליטרים,200.00,"100 מ""ל",false,,6.90,3.4500,true,1,428126
7290110558666,false,מעדן גבינה בטעם תפוח 88 ג' דניאלה,שטראוס גרופ בעמ/מצונן,,דניאלה בטעם תפוח 88,גרמים,88.00,100 גרם,false,,4.50,5.1136,true,1,473263
7290110560300,false,"הפריכיות הטעימות חומוס, עדשים שחורות, קינואה ופלפל שחור",אנרג'י Energy - שטראוס,,פריכיות משולשות פלפל,גרמים,30.00,100 גרם,false,,5.90,19.6667,true,1,135833
7290110560317,false,"הפריכיות הטעימות חומוס, עדשים שחורות, קינואה ומלח ים","פרח תעשיו מזון בע""מ",,פריכיות משולשות מלח,גרמים,30.00,100 גרם,false,,5.90,19.6667,true,1,135834
7290110560324,false,"הפריכיות הטעימות תפו""א, אורז, אפונה ומלח ים","פרח תעשיו מזון בע""מ",,פריכיות משולשות אפונ,גרמים,30.00,100 גרם,false,,5.90,19.6667,true,1,135835
7290110561352,false,דנונה יוגורט ביו פרוביוטי 3% דל לקטוז 150ג',שטראוס גרופ בעמ/מצונן,,דנונה ביו דל לקטוז ב,גרמים,200.00,100 גרם,false,,3.90,1.9500,true,1,123142
7290110563431,false,"משקה קפה קר בסגנון קלאסי 230 מ""ל 1.6% יוטבתה",שטראוס גרופ בעמ/מצונן,,יטבתה משקה קפה קר בס,מיליליטרים,230.00,"100 מ""ל",false,,7.90,3.4348,true,1,137746
7290110563462,false,חלב 2% דל לקטוז בבקבוק יטבתה 1 ליטר.,שטראוס גרופ בעמ/מצונן,,יטבתה חלב בבקבוק נטו,ליטרים,1.00,ליטר,false,,8.90,8.9000,true,1,139131
7290110564339,false,חומוס אחלה הסידרה המובחר 30% טחינה 400 גר',שטראוס גרופ בעמ/מצונן,,חומוס הסדרה המובחרת,גרמים,400.00,100 גרם,false,,15.20,3.8000,true,1,112126
7290110564360,false,חומוס אחלה הסידרה המובחר 40% טחינה 400 גר',שטראוס גרופ בעמ/מצונן,,חומוס אחלה עשיר ב 40,גרמים,400.00,100 גרם,false,,15.20,3.8000,true,1,112098
7290110564414,false,חומוס אחלה הסידרה המובחר 30% טחינה 600 גר',שטראוס גרופ בעמ/מצונן,,חומוס הסדרה המובחרת,גרמים,600.00,100 גרם,false,,15.90,2.6500,true,1,112163
7290110564742,false,"משקה קפה קר בסגנון חזק 230 מ""ל 1.2% יוטבתה",שטראוס גרופ בעמ/מצונן,,יטבתה משקה קפה קר בס,מיליליטרים,230.00,"100 מ""ל",false,,7.90,3.4348,true,1,137748
7290110565435,false,מעדן ג`לי בטעם פטל חלבי שטראוס (125 גרם,שטראוס גרופ בעמ/מצונן,,לימבו בטעם פטל 0% שו,גרמים,125.00,100 גרם,false,,2.50,2.0000,true,1,110032
7290110565527,false,יוגורט PRO פרו 1.5% 20 גרם חלבון בגביע,שטראוס גרופ בעמ/מצונן,,דנונה PRO 20 גרם חלב,גרמים,200.00,100 גרם,false,,6.50,3.2500,true,1,106022
7290110566623,false,קפסולות קולומביה עלית 08 למכונת נספרסו מארז 5X10ג',שטראוס קפה בי.וי.,,עלית קפסולות קולומבי,גרמים,50.00,100 גרם,false,,18.90,37.8000,true,1,127651
7290110566975,false,דנונה פרו יוגורט 0% תות עשיר בחלבון 200ג',שטראוס גרופ בעמ/מצונן,,דנונה PRO 20 גרם חלב,גרמים,200.00,100 גרם,false,,6.50,3.2500,true,1,123185
7290110568238,false,"קצפת צמחית 21% שומן 250 מ""ל יוטבתה",שטראוס גרופ בעמ/מצונן,,קצפת צימחית 21% במתי,מיליליטרים,250.00,"100 מ""ל",false,,8.50,3.4000,true,1,127231
7290110568276,false,משקה וניל פרו Pro מועשר בחלבון 1.5%,שטראוס גרופ בעמ/מצונן,,משקה פרו וניל יטבתה,מיליליטרים,350.00,"100 מ""ל",false,,6.90,1.9714,true,1,124520
7290110571382,false,מעדן חלב בטעם וניל מעושר בחלבון 150 ג' שטראוס,שטראוס גרופ בעמ/מצונן,,מעדן חלב מועשר בחלבו,גרמים,150.00,100 גרם,false,,5.50,3.6667,true,1,414373
7290110571405,false,עלית - מיני פינוקיות בגביע פסק זמן 180 גרם,שטראוס גרופ בע`מ,,מיני פינוקיות פסק זמ,גרמים,180.00,100 גרם,false,,11.90,6.6111,true,1,491341
7290110571412,false,מיני פינוקיות - פאדג' שוקולד בגביע 180 גרם,"שטראוס גרופ בע""מ",,מיני פינוקיות בגביע,גרמים,180.00,100 גרם,false,,11.90,6.6111,true,1,491325
7290110571474,false,אצבעות רבע לשבע טבעוני פופקורן 125גר`,"הגביע מוצרי וופלים בע""\מ",,רבע לשבע טבעוני פופק,גרמים,125.00,100 גרם,false,,12.90,10.3200,true,1,458109
7290110572129,false,כיף כף מקלות שוקולד לבן 40 ג' עלית,סולן בעבור שטראוס,,כיף כף מקלות שוקולד,גרמים,40.00,100 גרם,false,,5.90,14.7500,true,1,493964
7290110572884,false,"קפסולות קפה מספר 20 למכונת אספרס אספרסו, 50 גרם",שטראוס קפה בי.וי.,,קפסולות אספרסו קפה ע,גרמים,50.00,100 גרם,false,,18.90,37.8000,true,1,491502
7290110572969,false,כיף כף פצפצים עלית קרם לבן (40 גר`),שולן צ'\יקולטה גידה סאן.,,כיף כף פצפצים קרם לב,גרמים,40.00,100 גרם,false,,5.90,14.7500,true,1,446025
7290110572976,false,כיף כף גביע פצפוצים קרם לבן 135 גרם,שולן צ'יקולטה גידה ס,,כיף כף פצפצים קרם לב,גרמים,135.00,100 גרם,false,,11.90,8.8148,true,1,445967
7290110576318,false,מאגדת שלישיית שוקולד אגוז לבן 300 ג' עלית,"שטראוס גרופ בע""מ",,מארז שלישיית אגוז ל,גרמים,300.00,100 גרם,false,,27.90,9.3000,true,1,474242
7290110576370,false,מארז שלישייה שוקולד מריר חלבי עם אגוזי לוז,שטראוס גרופ בע`מ,,מארז שלישיית אגוז מ,גרמים,300.00,100 גרם,false,,27.90,9.3000,true,1,474243
7290110576752,false,טבלאות שוקולד ספלנדיד מריר 70% 100 ג' עלית,"שטראוס גרופ בע""מ",,שוקולד ספלנדיד מריר,גרמים,100.00,100 גרם,false,,12.90,12.9000,true,1,491595
7290110576776,false,טבלאות שוקולד ספלנדיד מריר 85% 100 ג' עלית,שטראוס גרופ בע`מ,,שוקולד ספלנדיד מריר,גרמים,100.00,100 גרם,false,,12.90,12.9000,true,1,491596
7290110576790,false,סקי בטעם מוקה 3% (125 גר`) דנונה,שטראוס גרופ בעמ/מצונן,,מעדן גבינה בטעם מוקה,גרמים,125.00,100 גרם,false,,3.90,3.1200,true,1,473247
7290110576868,false,רבעיית גמדים סלט פירוט * 100 ג' שטראוס,שטראוס גרופ בעמ/מצונן,,גמדים סלט פירות רביע,מיליליטרים,400.00,"100 מ""ל",false,,11.90,2.9750,true,1,474939
7290111094361,false,קוויק שקיות אשפה XL עם ידית 20 יח' במארז,שקד תבל בעמ,,קוויק שקיות אשפה XL,יחידה,0.00,יחידה,false,,13.90,0.0000,true,1,356563
7290111096921,false,קוויק מגבונים לניקוי כללי בתוספת חומץ ומלח לימון 50 יח',שקד תבל בע`מ,,מטליות לחות לניקוי ב,יחידה,0.00,יחידה,false,,8.90,0.0000,true,1,358123
7290111097836,false,קוויק מגבונים 99.9% דוחה אבק למשטחים בניחוח מרכך כביסה 50 יחידות,שקד תבל בעמ,,קוויק מגבונים לניקוי,יחידה,0.00,יחידה,false,,8.90,0.0000,true,1,398251
7290111098536,false,מגבונים לחים לתינוק,,,מגבונים לחים לתינוק,יחידה,0.00,יחידה,false,,14.90,0.0000,true,1,412496
7290111340185,false,מטליות לחות רצפה ניחוח מרכך כביסה ניקול 10 יחידות,קימברלי קלארק ישראל שיווק בעמ,,ניקול לחות לניקוי רצ,יחידה,0.00,יחידה,false,,12.50,0.0000,true,1,85573
7290111342042,false,כריות יפניות ניקול לניקוי אנטיבקטריאלי 4,קימברלי קלארק ישראל שיווק בעמ,,כריות יפניות אנטיבקט,יחידה,0.00,יחידה,false,,13.90,0.0000,true,1,205521
7290111343797,false,מטליות לחות לניקוי חלונות 48 יח' ניקול,קימברלי קלארק ישראל שיווק בעמ,,ניקול מטליות לחות לנ,יח',50.00,יח',false,,10.90,0.2180,true,1,246350
7290111344138,false,שישיית מטליות רב סיבי נחושת אנטיבקטראלי,קימברלי קלארק ישראל שיווק בעמ,,מטליות לחות אנטיבקטר,יח',0.00,יח',false,,13.50,0.0000,true,1,232617
7290111344855,false,קוטקס - מגיני יום אקסטרא פרוטקט לארג' ביג 52 יח',קימברלי קלארק ישראל שיווק בעמ,,מגיני תחתון סופר פרו,יחידה,0.00,יחידה,false,,17.90,0.0000,true,1,373584
7290111345753,false,תחבושות נטורל דואו נורמל 24 יח' קוטקס,קימברלי קלארק ישראל שיווק בעמ,,תחבושות כותנה נורמל,יחידה,0.00,יחידה,false,,19.90,0.0000,true,1,397871
7290111352430,false,ממרח תמרים טבעי קליית גת 440 גרם,ליימן שליסל בע`מ,,ממרח תמרים טבעי קליי,גרמים,440.00,100 גרם,false,,12.90,2.9318,true,1,445788
7290111353109,false,"גומי נחש מבריק 200 גר' וסטהיים (כש""לפ בית יוסף).",אפגאם תעשיות ממתקים,,יוגטה סוכריות גומי נ,גרמים,200.00,100 גרם,false,,10.90,5.4500,true,1,261654
7290111353123,false,"גומי נחש מסוכר 200 גר' וסטהיים (כש""לפ בית יוסף)",טופגם תעשיות ממתקים,,יוגטה סוכריות גומי נ,גרמים,200.00,100 גרם,false,,10.90,5.4500,true,1,261655
7290111353680,false,גרעיני חמנייה 350 גרם קליית גת,ליימן שליסל בעמ,,גרעיני חמנייה 350 גר,גרמים,350.00,100 גרם,false,,12.90,3.6857,true,1,305946
7290111354748,false,כדורגל קליית גת מתנה,ליימן שליסל,,כדורגל קליית גת מתנה,יחידה,0.00,יחידה,false,,0.01,0.0000,true,1,482520
7290111564277,false,פריכיות דקות ונימוחות 3 דגנים פיטנס Fitness,קבוצת אוסם סחר שותפות מוגבלת,,פריכיות 3 דגנים דקות,גרמים,120.00,100 גרם,false,,11.90,9.9167,true,1,87593
7290111564291,false,פריכיות דקות ונימוחות 3 דגנים וקינואה פיטנס Fitness,קבוצת אוסם סחר שותפות מוגבלת,,פריכיות קינואה דקות,גרמים,120.00,100 גרם,false,,11.90,9.9167,true,1,87594
7290111564666,false,כדורי בשר צמחוניים עם המון חלבון,קבוצת אוסם סחר שותפות מוגבלת,,כדורי בשר 500 גרם,גרמים,630.00,100 גרם,false,,32.90,5.2222,true,1,111987
7290111565038,false,"לה קרמריה וניל קוקילידה בד""צ 1.4 ל'",נגה גלידות שותפות מוגבלת,,לה קרמריה בטעם וניל,ליטרים,1.40,ליטר,false,,25.90,18.5000,true,1,122163
7290111566127,false,מאגדת אוראו מיני סנדוויץ' 6 יח' נסטלה,נגה גלידות שותפות מוגבלת,,אוראו מאגדת סנדביץ 6,גרמים,198.00,100 גרם,false,,27.90,14.0909,true,1,111672
7290111566318,false,שניצל דק מן הצומח בטעם ביתי 700 גרם,קבוצת אוסם סחר שותפות מוגבלת,,שניצל דק צמחוני בט,גרמים,564.00,100 גרם,false,,35.90,6.3652,true,1,118428
7290111566332,false,"נקניקיות וינר מן הצומח 680 גרם ""טבעול""",קבוצת אוסם סחר שותפות מוגבלת,,נקניקיה וינר 680 גר,גרמים,680.00,100 גרם,false,,35.90,5.2794,true,1,118429
7290111566417,false,טבעול טחון מן הצומח משופר 400 גרם,קבוצת אוסם סחר שותפות מוגבלת,,טחון מן הצומח 500,גרמים,500.00,100 גרם,false,,32.90,6.5800,true,1,118430
7290111566547,false,טבעול חזה בגריל צמחוני 99 קלוריות 560ג',קבוצת אוסם סחר-שות.מוגבלת,,חזה בגריל מו הצומח,גרמים,560.00,100 גרם,false,,35.90,6.4107,true,1,111988
7290111566561,false,"שניצל ברוקולי 99 קלוריות 560 גר' ""טבעול""",קבוצת אוסם סחר שותפות מוגבלת,,טבעול שניצל ברוקולי,גרמים,630.00,100 גרם,false,,35.90,5.6984,true,1,118432
7290111566585,false,"שניצל צמחוני 99 קלוריות 650 גר' ""טבעול""",קבוצת אוסם סחר שותפות מוגבלת,,שניצל מן הצומח מופח,גרמים,650.00,100 גרם,false,,35.90,5.5231,true,1,118433
7290111566714,false,טבעול המבורגר צמחוני 99 קלוריות 600 גרם,קבוצת אוסם סחר שותפות מוגבלת,,המבורגר מן הצומח 6,גרמים,600.00,100 גרם,false,,35.90,5.9833,true,1,118436
7290111566776,false,"נקניקיות קוקטייל מן הצומח 680 גרם ""טבעול""",קבוצת אוסם סחר שותפות מוגבלת,,נקנקיות קוקטייל מן,גרמים,680.00,100 גרם,false,,35.90,5.2794,true,1,118439
7290111568275,false,אטריות נודלס אורז רחבות אסם אסייתי 300גרם,קבוצת אוסם סחר שותפות מוגבלת,,נודלס אטריות אורז רח,גרמים,300.00,100 גרם,false,,10.90,3.6333,true,1,124928
7290111930805,false,קראנצ'וס טעם ברביקיו 55 גר',ש. שסטוביץ בע`מ,,קראנצו'ס ברביקיו 55,גרמים,55.00,100 גרם,false,,3.90,7.0909,true,1,95435
7290111930898,false,חטיף פוף כוכבים גריל אמריקאי 40 גרם,ש. שסטוביץ בע`מ,,פוף כוכבים גריל אמרי,גרמים,40.00,100 גרם,false,,4.50,11.2500,true,1,102893
7290111930911,false,חטיף פוף לבבות קלאסי 40 גרם,ש. שסטוביץ בע`מ,,פוף לבבות קלאסי 40 ג,גרמים,40.00,100 גרם,false,,4.40,11.0000,true,1,102895
7290111930928,false,חטיף פוף לבבות גריל 40 גרם,ש. שסטוביץ בע`מ,,"פוף לבבות גריל 40 ג""",גרמים,40.00,100 גרם,false,,4.40,11.0000,true,1,102896
7290111934827,false,"סבון ידיים היגיינה 300 מ""ל פלמוליב",ש.שסטוביץ בעמ,,פלמוליב סבון ידיים ה,מיליליטרים,300.00,"100 מ""ל",false,,10.90,3.6333,true,1,141758
7290111936647,false,משחת שיניים קולגייט מקס פרש מארז זוג כשר,קולגייט פלמוליב,,קולגייט מקס זוג 2*12,מיליליטרים,250.00,"100 מ""ל",false,,30.90,12.3600,true,1,137545
7290112002099,false,קולון גל כביסה מרוכז 2.5 ליטר קלאסי,רקיט בנקיזר (ניר איסט) בעמ,,קולון ג'ל 2.5 ליטר ב,ליטרים,2.50,ליטר,false,,29.90,11.9600,true,1,185074
7290112003140,false,"אירוויק ספרי אוטמטי מילוי מנגו מרענן 250 מ""ל",RECKITT BENCKISER UK,,איירוויק פרשמטיק מיל,מיליליטרים,250.00,"100 מ""ל",false,,14.90,5.9600,true,1,228866
7290112003256,false,אבקת כביסה קולון 101 בניחוח לבנדר,רקיט בנקיזר (ניר איסט) בעמ,,אבקת כביסה קולון לבנ,קילוגרמים,1.25,"ק""ג",false,,16.90,13.5200,true,1,239944
7290112003959,false,וניש מסיר כתמים אבקה לכביסה צבעונית 470 גרם,רקיט בנקיזר (ניר איסט) בעמ,,וניש מסיר כתמים אבקה,מיליליטרים,470.00,"100 מ""ל",false,,17.90,3.8085,true,1,330166
7290112003966,false,"אבקה להסרת כתמים לכביסה לבנה ""וניש גולד""",רקיט בנקיזר (ניר איסט) בעמ,,וניש מסיר כתמים אבקה,מיליליטרים,470.00,"100 מ""ל",false,,17.90,3.8085,true,1,330151
7290112003997,false,וניש גולד אבקה ורוד מולטי פאוור 1.620,רקיט בנקיזר (ניר איסט) בעמ,,אבקה להסרת כתמים לבג,קילוגרמים,1.62,"ק""ג",false,,34.90,21.5432,true,1,401715
7290112004000,false,וניש גולד אבקה 1.62 לבן מולטי פאוור,רקיט בנקיזר (ניר איסט) בעמ,,אבקה להסרת כתמים לב,קילוגרמים,1.62,"ק""ג",false,,34.90,21.5432,true,1,405745
7290112190468,false,שמן זית ספרדי טבעי 7,,,"שמן זית 750 מ""ל G FO",מיליליטרים,750.00,"100 מ""ל",false,,33.90,4.5200,true,1,335958
7290112192509,false,פירורי לחם ללא גלוטן 250 גר GFREE,גורי מוצרי צריכה (1991) בעמ,,ג'י-פרי פירורי לחם 2,גרמים,250.00,100 גרם,false,,17.50,7.0000,true,1,145505
7290112195579,false,שמן זית כתית מעולה 7,אסאס דל סור,,שמן זית איטליה 750 מ,מיליליטרים,750.00,"100 מ""ל",false,,33.90,4.5200,true,1,368025
7290112330352,false,"יוגורט PRO בטעם וניל 0% , 20 גרם חלבון בגביע",שטראוס גרופ בעמ/מצונן,,דנונה פרו 20 גר וניל,גרמים,200.00,100 גרם,false,,6.50,3.2500,true,1,141975
7290112330390,false,דנונה פרו פירות יער 20 גרם חלבון 0% שומן 200 גרם,שטראוס גרופ בעמ/מצונן,,דנונה פרו 20 גר פירו,גרמים,200.00,100 גרם,false,,6.50,3.2500,true,1,141976
7290112332691,false,פינוקיות עוגיות קרם פסק זמן אגוזים 200 גרם,"הגביע מוצרי וופלים בע""\מ",,פינוקיות עוגיית קרם,גרמים,200.00,100 גרם,false,,12.90,6.4500,true,1,145724
7290112334596,false,שוקולית אבקת שוקו עלית,שטראוס קפה בי.וי.,,אבקה להכנת שוקו 850,גרמים,935.00,100 גרם,false,,18.90,2.0214,true,1,496108
7290112334749,false,קפה טורקי בצלופן עלית 200 גרם+ 10% תוספת,"שטראוס גרופ בע""מ",,עלית טורקי שקית 200,גרמים,220.00,100 גרם,false,,17.90,8.1364,true,1,144175
7290112335050,false,מרשמלו וניל 150 גרם ווסטהים,טופגאם תעשיות ממתקים,,עלית מרשמלו וניל 150,גרמים,150.00,100 גרם,false,,6.90,4.6000,true,1,138080
7290112335494,false,הפריכיות הטעימות תפוחי אדמה בטעם פוטטוס,"פרח תעשיות מזון בע""\מ",,פריכיות הטעימות פוטט,גרמים,135.00,100 גרם,false,,13.90,10.2963,true,1,143168
7290112335500,false,"פרכיות אנרג'י חומוס,אורז,עדשים שחורות וקינואה 135 גרם","פרח תעשיות מזון בע""\מ",,פריכיות הטעימות עשיר,גרמים,135.00,100 גרם,false,,13.90,10.2963,true,1,143169
7290112336613,false,עד חצות עוגיות סנדוויץ במילוי שוקולד חלב,שטראוס גרופ בע`מ,,עד חצות סנדוויץ' 135,גרמים,135.00,100 גרם,false,,10.90,8.0741,true,1,198292
7290112336637,false,סוכריות מאסט Must ללא סוכר יוגורט תות ואוכניות,"שטראוס גרופ בע""מ",,"סוכריות מאסט לל""ס יו",גרמים,80.00,100 גרם,false,,8.90,11.1250,true,1,185868
7290112336644,false,סוכריות מאסט ללא סוכר לימון 80 ג' עלית,"שטראוס גרופ בע""מ",,"סוכריות מאסט לל""ס לי",גרמים,80.00,100 גרם,false,,8.90,11.1250,true,1,185869
7290112336651,false,סוכריות מאסט ללא סוכר ריבת חלב 80 ג' עלית,"שטראוס גרופ בע""מ",,סוכריות מאסט ללא סוכ,גרמים,80.00,100 גרם,false,,8.90,11.1250,true,1,185876
7290112337474,false,סוכריות מאסט ללא סוכר פטל לימון 80 ג' עלית,שטראוס גרופ בע`מ,,"סוכריות מאסט לל""ס פט",גרמים,80.00,100 גרם,false,,8.90,11.1250,true,1,185870
7290112337481,false,סוכריות מאסט ללא סוכר קפצ''ינו 80 ג' עלית,שטראוס גרופ בע`מ,,"סוכריות מאסט לל""ס קפ",גרמים,80.00,100 גרם,false,,8.90,11.1250,true,1,185871
7290112338877,false,מעדן גבינה בטעם תות 3% 125ג' סקי,שטראוס גרופ בעמ/מצונן,,גבינת סקי תות 3% 125,גרמים,125.00,100 גרם,false,,3.90,3.1200,true,1,136097
7290112339867,false,גמדים לדרך גבינה לבנה עם מחית תות,שטראוס גרופ בעמ/מצונן,,גמדים סקוויז בודד תו,גרמים,100.00,100 גרם,false,,5.90,5.9000,true,1,137729
7290112339874,false,גמדים לדרך גבינה לבנה עם מחיות תות ובננה,שטראוס גרופ בעמ/מצונן,,גמדים סקוויז בודד תו,גרמים,100.00,100 גרם,false,,5.90,5.9000,true,1,137730
7290112340122,false,הפריכיות הטעימות 3 דגנים אנרג'י 135 גרם,"פרח תעשיות מזון בע""\מ",,פריכיות הטעימות 3 דג,גרמים,135.00,100 גרם,false,,13.90,10.2963,true,1,143170
7290112340276,false,פינוקיות עוגיית קרם קפה נמס 200 גרם,"הגביע מוצרי וופלים בע""\מ",,פינוקיות עוגיית קרם,גרמים,200.00,100 גרם,false,,12.90,6.4500,true,1,145725
7290112341556,false,יוגורט אקטיביה עם צ'יה ותות 150 גרם,שטראוס גרופ בעמ/מצונן,,אקטיביה עם צ'יה ותות,גרמים,150.00,100 גרם,false,,4.90,3.2667,true,1,185054
7290112341679,false,אקטיביה יוגורט 3% דנונה (200 גרם),שטראוס גרופ בעמ/מצונן,,דנונה אקטיביה 3% 200,גרמים,200.00,100 גרם,false,,4.50,2.2500,true,1,185055
7290112341686,false,שמינייה יוגורט לבן אקטיביה 3% דנונה 150 גרם.,שטראוס גרופ בעמ/מצונן,,אקטיביה מארז 3% 8*15,קילוגרמים,1.20,"ק""ג",false,,21.90,18.2500,true,1,185056
7290112342102,false,סימפוניה גבינה במרקם שמנת בצל מקורמל 5%,שטראוס גרופ בעמ/מצונן,,סימפוניה 5% בצל מקור,גרמים,200.00,100 גרם,false,,12.90,6.4500,true,1,204939
7290112342270,false,קפה פלטינום אינטנס מחוזק ב- 10% אספרסו,שטראוס קפה בי.וי,,קפה פלטינום אינטנס 1,גרמים,125.00,100 גרם,false,,21.90,17.5200,true,1,187154
7290112343260,false,"יטבתה רוטב שמנת קלאסי 9% שומן 260 מ""ל",שטראוס גרופ בעמ/מצונן,,יטבתה רוטב שמנת קלאס,גרמים,260.00,100 גרם,false,,11.50,4.4231,true,1,193200
7290112343499,false,חטיף צ'יטוס פאפס אפוי בטעם גבינה,"שטראוס פריטו ליי בע""\מ )",,ציטוס Puffs בטעם גבי,גרמים,55.00,100 גרם,false,,3.90,7.0909,true,1,349800
7290112344724,false,מילקי בטעם שוקולד בלונדי עם קצפת 133גר,שטראוס גרופ בעמ/מצונן,,מילקי בטעם שוקולד בל,מיליליטרים,170.00,"100 מ""ל",false,,3.90,2.2941,true,1,193189
7290112344755,false,מילקי עם 26% פחות סוכר 135 גר}שטראוס{,שטראוס גרופ בעמ/מצונן,,מילקי עם 26% פחות סו,מיליליטרים,135.00,"100 מ""ל",false,,2.90,2.1481,true,1,269452
7290112346360,false,בפלות אחת אחת בציפוי שוקולד חלב עלית 180 גרם,הגביע מוצרי וופלים ב,,בפלות אחת אחת בציפוי,גרמים,180.00,100 גרם,false,,14.90,8.2778,true,1,204977
7290112346537,false,עוגיות פינוקיות בטעם טורטית 200 ג' עלית,"הגביע מוצרי ופלים בע""\מ",,פינוקיות עוגיות בטעם,גרמים,200.00,100 גרם,false,,12.90,6.4500,true,1,198225
7290112347008,false,גמדים לדרך גבינה לבנה עם מחית תות ושיבולת שועל,שטראוס גרופ בעמ/מצונן,,גמדים ארוחת בוקר תות,גרמים,100.00,100 גרם,false,,5.90,5.9000,true,1,193191
7290112348142,false,שעועית לבנה 380 גר' בקופסה טעם הטבע,שטראוס גרופ בע`מ,,שעועית לבנה טעם הטבע,גרמים,380.00,100 גרם,false,,7.90,2.0789,true,1,224671
7290112348586,false,עלית - קפה נמס מילקשייק אייס קלאסי 200 גרם (2),שטראוס קפה בי.וי,,אייס נמס מילקשייק על,גרמים,200.00,100 גרם,false,,16.90,8.4500,true,1,224601
7290112349316,false,מסטיק בזוקה פופים ממולא בטעם תות ללא סוכר,"שטראוס גרופ בע""מ",,בזוקה ביג פופים בטעם,גרמים,86.00,100 גרם,false,,13.90,16.1628,true,1,219384
7290112349606,false,מעדן גבינה ויוגורט תות בננה 88 ג' דניאלה,שטראוס גרופ בעמ/מצונן,,דניאלה תות בננה 150,מיליליטרים,150.00,"100 מ""ל",false,,4.50,3.0000,true,1,380422
7290112349705,false,פומודורו רוטב עגבניות קלאסי לפסטה יד מרדכי 350 גרם,אמיליאנה קונסרב סוסייטה,,רוטב עגבניות פומודרו,גרמים,350.00,100 גרם,false,,11.90,3.4000,true,1,206126
7290112349736,false,בזיליקום רוטב עגבניות לפסטה יד מרדכי 350 גרם,אמיליאנה קונסרב סוסייטה,,רוטב עגבניות בזיליקו,גרמים,350.00,100 גרם,false,,11.90,3.4000,true,1,206127
7290112349743,false,ארביאטה רוטב עגבניות פיקנטי לפסטה 350 ג' יד מרדכי,אמיליאנה קונסרב סוסייטה,,רוטב עגבניות ארביאטה,גרמים,350.00,100 גרם,false,,11.90,3.4000,true,1,206128
7290112349750,false,פיצה רוטב עגבניות לפיצה יד מרדכי 350 גרם,אמיליאנה קונסרב סוסייטה,,רוטב עגבניות לפיצה 3,גרמים,350.00,100 גרם,false,,11.90,3.4000,true,1,206129
7290112349897,false,מסטיק מאסט Must קוביות בטעם מנטה ללא סוכר,אסקום קונפקשיין,,מאסט קוביות מנטה 86,גרמים,86.00,100 גרם,false,,13.90,16.1628,true,1,219385
7290112351258,false,עוגיית קקאו פינוקיות שחור לבן 200 גר,"הגביע מוצרי ופלים בע""\מ",,פינוקיות עוגיית שחור,גרמים,200.00,100 גרם,false,,12.90,6.4500,true,1,247951
7290112353412,false,"פריכיות תפו""א, אורז, תירס, אפונה ירוקה, סלק, מלח ים","פרח תעשיו מזון בע""מ",,"פריכיות משולשות תפו""",גרמים,30.00,100 גרם,false,,5.90,19.6667,true,1,251368
7290112354174,false,"פסטה רוזה 280 ג""ר ""דלישס"" שטראוס",קפוא-זן תעשיות מזון בעמ - תפוג,,פסטה רוזה שטראוס דלי,גרמים,280.00,100 גרם,false,,22.90,8.1786,true,1,356008
7290112354945,false,תפוצ'יפס WAVY בטעם טבעי 50 גרם,שטראוס פריטו ליי בע`מ,,תפוצ'יפס wavy 50 גר,גרמים,50.00,100 גרם,false,,4.50,9.0000,true,1,494931
7290112354952,false,תפוצ`יפס פפריקה (50 גרם)היתר מכירה,שטראוס פריטו ליי בע`מ,,תפוצ'יפס wavy פפריקה,גרמים,50.00,100 גרם,false,,4.50,9.0000,true,1,494932
7290112354969,false,תפוצ'יפס בטעם טבעי 200 גרם היתר מכירה,שטראוס פריטו ליי בע`מ,,תפוצ'יפס וויבי 200 ג,גרמים,200.00,100 גרם,false,,10.90,5.4500,true,1,494835
7290112355027,false,דנונה פרו 20 גרם חלבון בטעם קרמל מלוח 200 גרם,שטראוס גרופ בעמ/מצונן,,דנונה פרו 20 גר' בטע,גרמים,200.00,100 גרם,false,,6.50,3.2500,true,1,269485
7290112355102,false,גמדים סקוויז 100 גרם פאוץ סלט פירות 100 גרם,שטראוס גרופ בעמ/מצונן,,סקוויז גמדים לדרך סל,גרמים,100.00,100 גרם,false,,5.90,5.9000,true,1,276095
7290112355393,false,"יטבתה רוטב שמנת+בטטה 9% שומן 250 מ""ל",שטראוס גרופ בעמ/מצונן,,רוטב שמנת עם בטטה 9%,גרמים,257.00,100 גרם,false,,11.50,4.4747,true,1,474907
7290112355775,false,גבינת סימפוניה עם עירית 200 גרם,שטראוס גרופ בעמ/מצונן,,סימפוניה עירית 200 ג,גרמים,200.00,100 גרם,false,,12.90,6.4500,true,1,445952
7290112357083,false,טעם הטבע אפונה ירוקה 380 גרם קופסה,הדקלאים אגודת שיתופי,,אפונה ירוקה טעם הטבע,גרמים,380.00,100 גרם,false,,7.90,2.0789,true,1,341629
7290112357113,false,גרגרי חומוס בקופסה 380 גר' טעם הטבע,"שטראוס גרופ בע""מ",,גרגרי חומוס טעם הטבע,גרמים,380.00,100 גרם,false,,7.90,2.0789,true,1,224675
7290112358004,false,פסק זמן חטיף קראנץ עלית( 32 גר`),שולן צ'\יקולטה גידה סאן.,,פסק זמן קראנץ' 32 גר,גרמים,32.00,100 גרם,false,,5.30,16.5625,true,1,285677
7290112358127,false,דנונה פרו חלבון+מגנזיום- וניל ועוגיות 200 גרם,שטראוס גרופ בעמ/מצונן,,דנונה פרו 20 גר עם מ,גרמים,200.00,100 גרם,false,,6.50,3.2500,true,1,264207
7290112490032,false,"נמס בכוס טעם תירס קנור 31 גרם מארז זוגי בד""צ",יוניליוור ישראל שיווק בע`מ,,נמס בכוס תירס קנור 2,גרמים,45.00,100 גרם,false,,7.90,17.5556,true,1,129647
7290112490209,false,נמס בכוס מרק עגבניות עם קרוטונים רכיבים טבעיים,"יוניליוור ישראל שיווק בע""מ",,נמס בכוס מרק עגבניות,גרמים,56.00,100 גרם,false,,7.90,14.1071,true,1,131243
7290112490216,false,מרק נמס בכוס בטעם עוף קנור 100% רכיבים טבעיים,"יוניליוור ישראל שיווק בע""מ",,נמס בכוס בטעם עוף קר,יחידה,48.00,יחידה,false,,7.90,0.1646,true,1,129723
7290112490650,false,קונפיטורה תות שדה 340 גרם-צנצנת,"יוניליוור ישראל שיווק בע""מ",,קונפיטורה 778 תות שד,גרמים,340.00,100 גרם,false,,15.90,4.6765,true,1,126331
7290112490742,false,מרק עשיר פטריות עם גריסים רכיבים טבעיים 104 ג' קנור,"יוניליוור ישראל שיווק בע""מ",,מרק היום מרק פטריות,גרמים,104.00,100 גרם,false,,12.50,12.0192,true,1,347943
7290112491701,false,ברנפלקס בטעם וניל מעודן 20% חלבון Extra Protein,"יוניליוור ישראל שיווק בע""מ",,ברנפלקס אקסטרה פרוטא,גרמים,400.00,100 גרם,false,,24.90,6.2250,true,1,137901
7290112491794,false,בייגלה דקים דקים בטעם שמנת ובצל בייגל בייגל 300 גרם,"יוניליוור ישראל שיווק בע""מ",,בייגלה דקים דקים בטע,גרמים,300.00,100 גרם,false,,11.90,3.9667,true,1,135520
7290112492999,false,קנור מרק עוף אמיתי 400 גרם פרווה,יוניליוור ישראל שיווק בע`מ,,מרק טעם עוף קנור 400,גרמים,400.00,100 גרם,false,,17.80,4.4500,true,1,198528
7290112493088,false,נמס בכוס עדשים מרק רכיבים טבעיים קנור 54 ג',יוניליוור ישראל שיווק בע`מ,,נמס בכוס מרק עדשים ח,גרמים,54.00,100 גרם,false,,7.90,14.6296,true,1,155785
7290112493095,false,נמס בכוס מרק עגבניות חריף רכיבים טבעיים קנור 48 ג',יוניליוור ישראל שיווק בע`מ,,נמס בכוס מרק עגבניות,גרמים,48.00,100 גרם,false,,7.90,16.4583,true,1,155786
7290112494238,false,חטיף כדורים שוקולד חלב קליק (65 גרם),יוניליוור ישראל שיווק בע`מ,,קליק כדורים חלב 65 ג,גרמים,65.00,100 גרם,false,,6.90,10.6154,true,1,190331
7290112494382,false,פירה בטעם ביתי 260 גרם-קופסא,יוניליוור ישראל שיווק בע`מ,,פירה בטעם ביתי קנור,גרמים,260.00,100 גרם,false,,13.90,5.3462,true,1,190938
7290112494993,false,כריות דגנים במילוי וניל בדצ 686 גרם,"יוניליוור ישראל שיווק בע""מ",,"כריות וניל תלמה בד""ץ",גרמים,686.00,100 גרם,false,,30.90,4.5044,true,1,190907
7290112495037,false,דגני בוקר בטעם שוקולד כדורים 375 ג' קוקומן,יוניליוור ישראל שיווק בע`מ,,קוקומן כדורים תלמה ב,גרמים,375.00,100 גרם,false,,23.40,6.2400,true,1,190911
7290112495044,false,דגני קוקומן פצפוצים תלמה (375 גרם),יוניליוור ישראל שיווק בע`מ,,קוקומן פצפוצים תלמה,גרמים,375.00,100 גרם,false,,23.40,6.2400,true,1,190912
7290112495280,false,ברנפלקס ריבועי קינמון תלמה (400 גרם),יוניליוור ישראל שיווק בע`מ,,ריבועי ברנפלקס קינמו,גרמים,400.00,100 גרם,false,,27.00,6.7500,true,1,229775
7290112495433,false,דגני דליפקאן תוספת אגוזי פקאן ושקדים 400 גר,יוניליוור ישראל שיווק בע`מ,,"דליפקאן תלמה בד""ץ 40",גרמים,400.00,100 גרם,false,,24.90,6.2250,true,1,163946
7290112496027,false,"סירופ שוקולד לחיץ 580 מ""ל כשל""פ אפיכל",יוניליוור ישראל שיווק בע`מ,,"סירופ שוקולד 600 מ""ל",מיליליטרים,600.00,"100 מ""ל",false,,14.90,2.4833,true,1,207150
7290112496034,false,"סירופ מייפל לחיץ 580 מ""ל כשל""פ אפיכל",יוניליוור ישראל שיווק בע`מ,,"סירופ מייפל בד""צ 600",מיליליטרים,600.00,"100 מ""ל",false,,14.90,2.4833,true,1,207151
7290112496294,false,חטיף פתית צ'יפס עם אפונה ירוקה צהובה וצ'ילי,יוניליוור ישראל שיווק בע`מ,,פתית צ'יפס עם אפונה,גרמים,22.00,100 גרם,false,,5.90,26.8182,true,1,345328
7290112497000,false,פנטסטיק תרכיז ניקוי רב תכליתי בניחוח לימון,יוניליוור ישראל שיווק בע`מ,,סיף פנטסטיק ניקוי כל,יחידה,0.00,יחידה,false,,13.90,0.0000,true,1,219340
7290112497994,false,"גרנולה תלמה פרוטאין בתוספת חלבון ואגוזים, 300 גרם",יוניליוור ישראל שיווק בע`מ,,גרנולה PROTEIN בתוספ,גרמים,300.00,100 גרם,false,,17.90,5.9667,true,1,330764
7290112498267,false,פינוק אל סבון לידיים בניחוח פינוק קלאסי,"יוניליוור ישראל שיווק בע""מ",,אל סבון לידיים בניחו,מיליליטרים,950.00,"100 מ""ל",false,,12.90,1.3579,true,1,317670
7290112498274,false,פינוק אלסבון לידיים לבנדר וניל 1ליטר+משא,יוניליוור ישראל שיווק בע`מ,,אל סבון לידיים בניחו,מיליליטרים,950.00,"100 מ""ל",false,,12.90,1.3579,true,1,318904
7290112498526,false,"פתית צ'יפס עם בטטה סגולה בטעם שמנת ובצל, 22 גרם",יוניליוור ישראל שיווק בע`מ,,פתית צ'יפס עם בטטה ס,גרמים,21.00,100 גרם,false,,5.90,28.0952,true,1,321364
7290112498922,false,מאגדת מיני מגנום לבן שטראוס 250 גרם,"מיוצר ע""\י גלידת שטראוס",,מאגדת מיני מגנום לבן,גרמים,310.00,100 גרם,false,,30.90,9.9677,true,1,310083
7290112499462,false,פינוק תחליב רחצה 700 בתוספת שמן קוקוס,יוניליוור ישראל שיווק בע`מ,,תחליב רחצה בתוספת שמ,מיליליטרים,700.00,"100 מ""ל",false,,10.90,1.5571,true,1,310143
7290112499776,false,גלידת שמנת מופחתת שומן וקלוריות בטעם שוקולד לבן 240 גרם,"גלידת שטראוס בע""\מ, רח'\",,מאגדת גודיז שלגון אי,גרמים,240.00,100 גרם,false,,30.90,12.8750,true,1,212962
7290112961440,false,פיטנס חטיפי פריכיות שוקולד מריר 84 גרם,קבוצת אוסם סחר שותפות מוגבלת,,פיטנס בר פריכיות שוק,גרמים,84.00,100 גרם,false,,14.90,17.7381,true,1,222082
7290112962287,false,טבעול שווארמה טבעונית 6*450 גרם,קבוצת אוסם סחר שותפות מוגבלת,,שווארמה טבעונית טבעו,גרמים,450.00,100 גרם,false,,32.90,7.3111,true,1,211896
7290112963918,false,פיטנס חטיפי קרקר דק רוזמרין 140 גרם,קבוצת אוסם סחר שותפות מוגבלת,,פיטנס חטיפי קרקר דק,גרמים,140.00,100 גרם,false,,13.90,9.9286,true,1,151900
7290112964410,false,אסם רוטב אלף האיים חדש לסלט 290 גרם,קבוצת אוסם סחר שותפות מוגבלת,,אסם רוטב אלף האיים ל,מיליליטרים,290.00,"100 מ""ל",false,,12.90,4.4483,true,1,145977
7290112964434,false,אסם רוטב קיסר חדש לסלט 295 גרם,קבוצת אוסם סחר שותפות מוגבלת,,אסם רוטב קיסר לסלט 2,מיליליטרים,295.00,"100 מ""ל",false,,12.90,4.3729,true,1,145967
7290112964458,false,אסם רוטב ויניגרט חדש לסלט 295 גרם,קבוצת אוסם סחר שותפות מוגבלת,,אסם רוטב ויניגרט לסל,מיליליטרים,295.00,"100 מ""ל",false,,12.90,4.3729,true,1,145968
7290112964564,false,רוטב אלף האיים לייט לסלט אסם (295 מל),קבוצת אוסם סחר שותפות מוגבלת,,אסם רוטב אלף האיים ל,מיליליטרים,295.00,"100 מ""ל",false,,12.90,4.3729,true,1,145969
7290112965103,false,תבשיל קוסקוס עם ירקות 146 גרם אסם,קבוצת אוסם סחר שותפות מוגבלת,,קוסקוס עם ירקות אסם,גרמים,146.00,100 גרם,false,,12.90,8.8356,true,1,192485
7290112965165,false,מרק נמס פטריות אסם בדצ 48 גרם מארז זוגי,קבוצת אוסם סחר שותפות מוגבלת,,זוג מרק נמס פטריות ב,גרמים,48.00,100 גרם,false,,6.90,14.3750,true,1,151901
7290112965240,false,מרק נמס בטעם עגבניות זוג * 44 ג' אסם,קבוצת אוסם סחר שותפות מוגבלת,,זוג מרק נמס עגבניות,גרמים,60.00,100 גרם,false,,6.90,11.5000,true,1,151904
7290112965288,false,מרק נמס ירקות אסם בדצ 56 גרם מארז זוגי,קבוצת אוסם סחר שותפות מוגבלת,,זוג מרק נמס ירקות בד,גרמים,30.00,100 גרם,false,,6.90,23.0000,true,1,151906
7290112965301,false,זוג מרק נמס בטעם עוף עם שקדי מרק רגע חם,קבוצת אוסם סחר שותפות מוגבלת,,זוג מרק נמס טעם עוף,גרמים,38.00,100 גרם,false,,6.90,18.1579,true,1,151907
7290112965325,false,אורז בסגנון ספרדי אסם 140 גרם,קבוצת אוסם סחר שותפות מוגבלת,,אורז ספרדי אסם 140 ג,גרמים,140.00,100 גרם,false,,12.90,9.2143,true,1,192478
7290112965660,false,חטיף מולטיגריין מלח פלפל ( 25 גר`) פיטנס,קבוצת אוסם סחר שותפות מוגבלת,,פיטנס חטיף מולטיגריי,גרמים,25.00,100 גרם,false,,5.80,23.2000,true,1,269303
7290112965684,false,פיטנס - חטיף מולטיגריין עשבי תיבול 25 גרם,קבוצת אוסם סחר שותפות מוגבלת,,פיטנס חטיף מולטיגריי,גרמים,25.00,100 גרם,false,,5.80,23.2000,true,1,269304
7290112965707,false,פיטנס - חטיף מולטיגריין צילי מעודן 25 גרם,קבוצת אוסם סחר שותפות מוגבלת,,פיטנס חטיף מולטיגריי,גרמים,25.00,100 גרם,false,,5.80,23.2000,true,1,269305
7290112965868,false,קרם קרקר במליחות מעודנת 250 גרם אסם,קבוצת אוסם סחר שותפות מוגבלת,,אסם קרם קרקר במליחות,גרמים,250.00,100 גרם,false,,11.90,4.7600,true,1,192598
7290112965905,false,בייגלה שמיניות במליחות מעודנת אסם 400 גרם,קבוצת אוסם סחר שותפות מוגבלת,,אסם בייגלה שמיניות ב,גרמים,400.00,100 גרם,false,,11.90,2.9750,true,1,193324
7290112966094,false,עוגת הבית בטעם תפוז מופחת סוכראסם (400 ג,קבוצת אוסם סחר שותפות מוגבלת,,עוגת הבית תפוז מופחת,גרמים,400.00,100 גרם,false,,14.90,3.7250,true,1,192495
7290112966803,false,אינסטנט פודינג בטעם שוקולד אסם (88 גרם),קבוצת אוסם סחר שותפות מוגבלת,,אסם פודינג אינסטנט ש,גרמים,88.00,100 גרם,false,,6.50,7.3864,true,1,192487
7290112968340,false,צבר חומוס גרוס גס גס 400 גרם,קבוצת אוסם סחר שותפות מוגבלת,,חומוס גרוס גס גס צבר,גרמים,400.00,100 גרם,false,,14.20,3.5500,true,1,206198
7290112968807,false,80018416694פיטנס חטיפי קרקר דק סלק 150גר,קבוצת אוסם סחר שותפות מוגבלת,,פיטנס קרקר דק סלק 14,גרמים,140.00,100 גרם,false,,13.90,9.9286,true,1,276815
7290112968821,false,חטיפי קרקר דק בטטה 140 גר` פיטנס,קבוצת אוסם סחר שותפות מוגבלת,,פיטנס קרקר דק בטטה 1,גרמים,140.00,100 גרם,false,,13.90,9.9286,true,1,276816
7290113100640,false,תבנית אפיה לפיצה,,,תבנית אפיה לפיצה,יחידה,0.00,יחידה,false,,79.50,0.0000,true,1,127015
7290113192218,false,פינוק מלבי 500 גר`קרטון שקדיה,דין שיווק וקליה 2021 בעמ,,תערובת להכנת מלבי 50,גרמים,500.00,100 גרם,false,,14.90,2.9800,true,1,394986
7290113192324,false,זיתים ירוקים שלמים בינוניים בית השיטה,קבוצת אוסם סחר-שות.מוגבלת,,זית ירוק בית השיטה 3,גרמים,340.00,100 גרם,false,,10.90,3.2059,true,1,198616
7290113192331,false,בית השיטה זיתים ירוקים גדולים 340 גרם*,קבוצת אוסם סחר שותפות מוגבלת,,זיתים ירוק גדול בית,גרמים,340.00,100 גרם,false,,11.50,3.3824,true,1,198617
7290113192348,false,בית השיטה זיתים ירוקים גדול מאודבטעם שום,קבוצת אוסם סחר-שות.מוגבלת,,זית ירוק שום 17-19בי,גרמים,560.00,100 גרם,false,,11.90,2.1250,true,1,198618
7290113192355,false,חרוזית זיתים ירוקים ללא גלעין 275 ג' בית השיטה,קבוצת אוסם סחר שותפות מוגבלת,,זיתים חרוזית ירוק בי,גרמים,275.00,100 גרם,false,,10.90,3.9636,true,1,198619
7290113192362,false,בית השיטה טבעות זיתים ירק.א2 12*280ג חדש,קבוצת אוסם סחר שותפות מוגבלת,,טבעות זיתים ירוקים ב,גרמים,280.00,100 גרם,false,,11.90,4.2500,true,1,198620
7290113192379,false,בית השיטה זיתים ירוקים מבוקעים א2 340גר',קבוצת אוסם סחר-שות.מוגבלת,,זיתים ירוקים מבוקעים,גרמים,340.00,100 גרם,false,,11.90,3.5000,true,1,198635
7290113192393,false,בית השיטה קוקטייל זיתים א2 336 גרם,קבוצת אוסם סחר שותפות מוגבלת,,קוקטייל זיתים בית הש,גרמים,336.00,100 גרם,false,,12.90,3.8393,true,1,198637
7290113192478,false,בית השיטה מלפפונים במלח בינוני 10-12 320 גרם,קבוצת אוסם סחר שותפות מוגבלת,,מלפפון במלח 10-12 בי,גרמים,320.00,100 גרם,false,,8.90,2.7813,true,1,198842
7290113192485,false,בית השיטה מלפפונים בחומץ בינוני 10-12 290 גרם,קבוצת אוסם סחר שותפות מוגבלת,,מלפפון בחומץ 12-10 ב,גרמים,290.00,100 גרם,false,,8.90,3.0690,true,1,198843
7290113192492,false,בית השיטה מלפפונים בחומץ קטנים 1317 290 גרם,קבוצת אוסם סחר שותפות מוגבלת,,מלפפון בחומץ 13-17 ב,גרמים,290.00,100 גרם,false,,11.90,4.1034,true,1,198844
7290113192508,false,ב.השיטה מלפפון במלח ר.טבע א2 17-13 320 גרם,קבוצת אוסם סחר שותפות מוגבלת,,מלפפון במלח 13-17 בי,גרמים,320.00,100 גרם,false,,11.90,3.7188,true,1,198845
7290113192515,false,בית השיטה מלפפונים במלח קטן מאוד 1825 320 גרם,קבוצת אוסם סחר שותפות מוגבלת,,מלפפון במלח 18-25 בי,גרמים,320.00,100 גרם,false,,13.90,4.3438,true,1,198846
7290113192522,false,בית השיטה מלפפונים בחומץ קטן מאוד 1825 290 גרם,קבוצת אוסם סחר שותפות מוגבלת,,מלפפון בחומץ 18-25 ב,גרמים,290.00,100 גרם,false,,13.90,4.7931,true,1,198847
7290113192539,false,בית השיטה מלפפונים במלח גדול 79 320 גרם,קבוצת אוסם סחר שותפות מוגבלת,,מלפפון במלח 7-9 בית,גרמים,560.00,100 גרם,false,,7.90,1.4107,true,1,198861
7290113192546,false,"מלפפונים בחומץ רכיבים טבעיים 7-9 ""בית השיטה""",קבוצת אוסם סחר שותפות מוגבלת,,מלפפון בחומץ 7-9 בית,גרמים,560.00,100 גרם,false,,7.90,1.4107,true,1,198862
7290113192553,false,מלפפונים במלח 13-17 פיקנטי בית השיטה 320 גרם,קבוצת אוסם סחר-שות.מוגבלת,,מלפפון במלח בלדי 13-,גרמים,320.00,100 גרם,false,,12.90,4.0313,true,1,198876
7290113192560,false,פלפל חריף כבוש שיפקה בית השיטה (430 גר`),קבוצת אוסם סחר שותפות מוגבלת,,פלפל שיפקה בית השיטה,גרמים,230.00,100 גרם,false,,8.90,3.8696,true,1,198877
7290113192577,false,בית השיטה כרוב כבוש א2 12*430גרם חדש,קבוצת אוסם סחר שותפות מוגבלת,,כרוב כבוש בית השיטה,יחידה,430.00,יחידה,false,,8.90,0.0207,true,1,198878
7290113192997,false,בית השיטה זית מרוקאי 340 גרם*,קבוצת אוסם סחר שותפות מוגבלת,,זית מרוקאי בית השיטה,גרמים,340.00,100 גרם,false,,15.90,4.6765,true,1,263087
7290113193017,false,בית השיטה חרוזית קוקטייל זיתים 275 גרם,קבוצת אוסם סחר שותפות מוגבלת,,בית השיטה קוקטייל זי,גרמים,275.00,100 גרם,false,,12.90,4.6909,true,1,263073
7290113193321,false,שמן זית כתית מעולה בית השיטה 750 מייל,קבוצת אוסם סחר שותפות מוגבלת,,שמן זית כתית מעולה ב,מיליליטרים,750.00,"100 מ""ל",false,,33.90,4.5200,true,1,357856
7290113194632,false,ממרח שקדים 100% 500 גרם,דין שיווק וקליה 2021 בעמ,,שקדיה ממרח 100% שקדי,גרמים,500.00,100 גרם,false,,49.90,9.9800,true,1,338823
7290113195073,false,חלבה טורקית עם פיסטוקים 400 גר` שקדיה,דין שיווק וקליה 2021 בעמ,,חלבה טורקית עם פיסטו,גרמים,400.00,100 גרם,false,,13.90,3.4750,true,1,338965
7290113196414,false,"אורז בסמטי 1 ק""ג - שקדיה כחול מטאלי",דין שיווק וקליה 2021 בעמ,,אורז בסמטי שקדיה 1 ק,קילוגרמים,1.00,"ק""ג",false,,10.50,10.5000,true,1,338653
7290113196759,false,ירקות מעורבים בסגנון מזרחי בטעם ביתי,קבוצת אוסם סחר שותפות מוגבלת,,ירקות מעורבים צנצנת,גרמים,750.00,100 גרם,false,,34.90,4.6533,true,1,358595
7290113196902,false,מנה חמה אטריות אורז בטעם בקר 70 ג' סו שף,דין שיווק וקליה 2021 בעמ,,מנה חמה אטריות אורז,גרמים,60.00,100 גרם,false,,9.90,16.5000,true,1,469637
7290113196919,false,מנה חמה אטריות אורז בטעם עוף שקדיה 70 גרם,דין שיווק וקליה 2021 בעמ,,מנה חמה אטריות אורז,גרמים,60.00,100 גרם,false,,9.90,16.5000,true,1,469638
7290113196926,false,מנה חמה אטריות אורז בטעם ירקות שקדיה 70 גרם,דין שיווק וקליה 2021 בעמ,,מנה חמה אטריות אורז,גרמים,60.00,100 גרם,false,,9.90,16.5000,true,1,469639
7290113196957,false,חטיפי תירס [טורטיה]בטעם ברביקיו 300 גרם,דין שיווק וקליה 2021 בעמ,,חטיפי תירס טורטיה בט,גרמים,300.00,100 גרם,false,,14.90,4.9667,true,1,437796
7290113198562,false,סוכריות גומי בטעם תות שדה 200 ג' שקדיה,דין שיווק וקליה 2021 בעמ,,סוכריות גומי בטעמי ת,גרמים,200.00,100 גרם,false,,10.90,5.4500,true,1,400833
7290113199705,false,מוזלי פירות יבשים 500 גר' 500ג' שקדיה,דין שיווק וקליה 2021 בעמ,,מוזלי פירות יבשים 50,גרמים,500.00,100 גרם,false,,13.50,2.7000,true,1,447975
7290113199859,false,מגש אירוח סוכריות גומי 350 ג' שקדיה,דין שיווק וקליה 2021 בעמ,,מגש אירוח סוכריות גו,גרמים,350.00,100 גרם,false,,16.90,4.8286,true,1,400853
7290113199910,false,סוכריות חמצוצים בטעם קולה 180 ג' שקדיה,דין שיווק וקליה 2021 בעמ,,סוכריות חמצוצים בטעם,גרמים,180.00,100 גרם,false,,10.90,6.0556,true,1,400856
7290113286566,false,כפפות ניטריל שחורות M ללא אבקה,,,כפפות ניטריל שחורות,יחידה,0.00,יחידה,false,,27.90,0.0000,true,1,439833
7290113289215,false,צלחות מתכלות יהלום ע,,,צלחות מתכלות יהלום ע,יחידה,0.00,יחידה,false,,21.90,0.0000,true,1,368393
7290113289222,false,מרקיות מתכלות יהלום,,,מרקיות מתכלות יהלום,יחידה,0.00,יחידה,false,,13.90,0.0000,true,1,368408
7290113289239,false,קערות אובליות מתכלות,,,קערות אובליות מתכלות,יחידה,0.00,יחידה,false,,10.90,0.0000,true,1,368423
7290113289543,false,כוסות שקופות 150 יחי,,,כוסות שקופות 150 יחי,יחידה,0.00,יחידה,false,,15.90,0.0000,true,1,398946
7290113289567,false,WIZ! צלחות מתכלות קטנות קנה סוכר 50 יח',,,צלחות מתכלות קטנות ק,יחידה,0.00,יחידה,false,,21.90,0.0000,true,1,368361
7290113463646,false,גבינה צהובה גאודה 28% פרוסה 400 גרם,אדום גרופ למזון שיווק והפצה בע,,פרוסות גבינה קשה מסו,גרמים,400.00,100 גרם,false,,13.60,3.4000,true,1,489622
7290114310215,false,"שמנת מתוקה 38% רמת הגולן 250 מ""ל ווסטהיים - מוצר בפיקוח",החברה המרכזית טלהפצת משקאות בע,,שמנת מתוקה 38% בקבוק,מיליליטרים,250.00,"100 מ""ל",false,,6.47,2.5880,true,1,225414
7290114310222,false,חלב מועשר בסידן וויטמין Dי 3% 1.5 ל' טרה,*החברה המרכזית להפצת משקאותבעמ,,חלב מועשר בסידן 1.5,ליטרים,1.50,ליטר,false,,11.90,7.9333,true,1,237562
7290114310536,false,יוגורט לייט מעושר חלבון 25 גרם חלבון וניל MULLER ACTIVE,*החברה המרכזית להפצת משקאותבעמ,,מולר אקטיב לייט יוגו,גרמים,25.00,100 גרם,false,,6.50,26.0000,true,1,298084
7290114310611,false,"משקה חלב בננה בבקבוק פקק ספורט טרה 250 מ""ל",החברה המרכזית טלהפצת משקאות בע,,משקה חלב בננה בבקבוק,מיליליטרים,250.00,"100 מ""ל",false,,5.90,2.3600,true,1,314828
7290114310628,false,משקה חלב וניל ועוגיות בקבוק 1 ליטר,החברה המרכזית טלהפצת משקאות בע,,משקה חלב וניל עוגיות,ליטרים,1.00,ליטר,false,,12.50,12.5000,true,1,303281
7290114310673,false,לאבנה מחלב בקר 9% שומן 250 גרם,החברה המרכזית טלהפצת משקאות בע,,לאבנה מחלב בקר 9% 25,גרמים,250.00,100 גרם,false,,12.90,5.1600,true,1,298099
7290114310901,false,גבינה לבנה 5% טרה 250 גרם ווסטהים,*החברה המרכזית להפצת משקאותבעמ,,גבינה לבנה טרה 5% וו,גרמים,250.00,100 גרם,false,,4.98,1.9920,true,1,329188
7290114311014,false,"משקה חלב אייס קפוצ'ינו פקק ספורט טרה 250 מ""ל",החברה המרכזית טלהפצת משקאות בע,,משקה חלב אייס קפוצ'י,מיליליטרים,250.00,"100 מ""ל",false,,5.90,2.3600,true,1,422641
7290114311021,false,"משקה חלב וניל עוגיות פקק ספורט טרה 250 מ""ל",*החברה המרכזית להפצת משקאותבעמ,,משקה חלב וניל עוגיות,מיליליטרים,250.00,"100 מ""ל",false,,5.90,2.3600,true,1,422657
7290114311298,false,יוגורט מולר פרופ בטעם תות בננה מלון 150,החברה המרכזית טלהפצת משקאות בע,,מולר פרופ תות בננה מ,גרמים,150.00,100 גרם,false,,5.50,3.6667,true,1,447856
7290114311304,false,יוגורט קציפת מנגו פסיפלורה בננה 150 ג' מולר,החברה המרכזית טלהפצת משקאות בע,,מולר פרופ מנגו פסיפל,גרמים,150.00,100 גרם,false,,5.50,3.6667,true,1,447857
7290114311434,false,מולר אקטיב יוגורט חלבון קרמל מלוח 200 גרם,החברה המרכזית טלהפצת משקאות בע,,מולר אקטיב בטעם קרמל,גרמים,200.00,100 גרם,false,,6.90,3.4500,true,1,473584
7290114311441,false,מולר אקטיב יוגורט חלבון עוגיות חמאה 200 גרם,החברה המרכזית טלהפצת משקאות בע,,מולר אקטיב בטעם עוגי,גרמים,200.00,100 גרם,false,,6.90,3.4500,true,1,473585
7290114600941,false,מאסטר שף מיונז הולנדי לחיץ 435 גרם,ש. שסטוביץ בע`מ,,מאסטר שף מאסטר שף מ,גרמים,435.00,100 גרם,false,,15.90,3.6552,true,1,241479
7290114603768,false,"מארז אג'קס כלורון נוזל לניקוי אסלות 750 מ""ל*2 יח'",קולגייט פלמוליב,,אג'קס שירותים 750 מ',מיליליטרים,750.00,"100 מ""ל",false,,32.90,4.3867,true,1,242156
7290114604857,false,"דפי אורז מאסטר שף קוטר 22 ס""מ 400 גרם",ש. שסטוביץ בע`מ,,דפי אורז קוטר 22 כשל,גרמים,400.00,100 גרם,false,,10.90,2.7250,true,1,284140
7290114604864,false,קוסקוס סולת דק מאסטר שף 350 גרם,ש. שסטוביץ בע`מ,,קוסקוס דק מאסטר שף 3,גרמים,350.00,100 גרם,false,,6.90,1.9714,true,1,339861
7290114604871,false,קוסקוס סולת בינוני מאסטר שף 350 גרם,ש. שסטוביץ בע`מ,,קוסקוס בינוני מאסטר,גרמים,350.00,100 גרם,false,,6.90,1.9714,true,1,339687
7290114606547,false,מיונז פטריות כמהין לחיץ מאסטר שף 242 גרם,ש. שסטוביץ בע`מ,,מאסטר שף מיונז עם כמ,גרמים,242.00,100 גרם,false,,15.90,6.5702,true,1,299359
7290114606561,false,מאסטר שף אטריות אורז דקות ורמיצ'לי 400 ג,לינג טונג רייס ורמיצ'ילי,,אטריות אורז דקות מאס,גרמים,400.00,100 גרם,false,,12.90,3.2250,true,1,410192
7290114607315,false,זוג משחת שיניים מקס וויט,קולגייט- פלמוליב,,מקס וויט מארז זוג 2*,מיליליטרים,250.00,"100 מ""ל",false,,30.90,12.3600,true,1,334147
7290114607391,false,"קולגייט משחת לילדים ברבי 2-5 שנים, 75 מ""ל",קולגייט פלמוליב,,משחת שיניים קולגייט,מיליליטרים,75.00,"100 מ""ל",false,,16.90,22.5333,true,1,427023
7290115190014,false,סיגריות מרלבורו רד קצר בוקס,פיליפ מוריס בעמ,,סיגריות מרלבורו חפי,יחידה,0.00,יחידה,false,,36.50,0.0000,false,1,259925
7290115190090,false,סיגריות מרלבורו קצר בוקס בודד,פיליפ מוריס בעמ,,סיגריות מרלבורו חפי,יחידה,0.00,יחידה,false,,36.50,0.0000,false,1,259947
7290115190519,false,סיגריות נקסט פיין חפ,פיליפ מוריס בעמ,,סיגריות נקסט (בודד),יחידה,0.00,יחידה,false,,31.50,0.0000,false,1,259909
7290115190595,false,סיגריות נקסט אוריגינ,פיליפ מוריס בעמ,,סיגריות נקסט(בודד),יחידה,0.00,יחידה,false,,31.50,0.0000,false,1,259911
7290115200003,false,אסם פתי בר פינוקי וניל 16*220 ג',קבוצת אוסם סחר שותפות מוגבלת,,פתי בר פינוקי וניל 2,גרמים,220.00,100 גרם,false,,11.90,5.4091,true,1,269150
7290115200027,false,אסם פתי בר פינוקים שוקו 220 גרם,קבוצת אוסם סחר שותפות מוגבלת,,פתי בר פינוקי שוקו 2,גרמים,220.00,100 גרם,false,,11.90,5.4091,true,1,269151
7290115200713,false,במבה קלאסי מארז אחיד 5*50 גר` אסם,קבוצת אוסם סחר שותפות מוגבלת,,מארז במבה קלאסי אסם,גרמים,250.00,100 גרם,false,,12.90,5.1600,true,1,271189
7290115201031,false,פתי בר פינוקי דובי שוקולד 175גר.,קבוצת אוסם סחר שותפות מוגבלת,,אסם פתיבר דובי שוקול,גרמים,175.00,100 גרם,false,,12.30,7.0286,true,1,298233
7290115201680,false,ביסלי חטיף בטעם ברביקין אסם (70 גרם),קבוצת אוסם סחר שותפות מוגבלת,,ביסלי ברביקיו 70 גרם,גרמים,70.00,100 גרם,false,,4.90,7.0000,true,1,276080
7290115201741,false,ביסלי חטיף בטעם בצל אסם (70 גרם),קבוצת אוסם סחר שותפות מוגבלת,,ביסלי בצל 70 גרם,גרמים,70.00,100 גרם,false,,4.90,7.0000,true,1,270572
7290115202434,false,צבר סלט חומוס עם זעתר 375 גרם,קבוצת אוסם סחר שותפות מוגבלת,,חומוס עם זעתר צבר 37,גרמים,375.00,100 גרם,false,,12.90,3.4400,true,1,286873
7290115202786,false,מנה חמה פאוצ' נדלס.אטר.טעם בקר 70 גרם,קבוצת אוסם סחר שותפות מוגבלת,,מנה חמה פאוצ' נדלסאט,גרמים,70.00,100 גרם,false,,4.90,7.0000,true,1,298185
7290115202816,false,מנה חמה פאוץ נודלס אטריות טעם עוף 70 גרם,קבוצת אוסם סחר שותפות מוגבלת,,מנה חמה פאוצ' נדלסאט,גרמים,70.00,100 גרם,false,,4.90,7.0000,true,1,298186
7290115202847,false,מנה חמה פאוצ' נדלס ספייסי אסם 70 ג',קבוצת אוסם סחר שותפות מוגבלת,,מנה חמה פאוצ' נדלסאט,גרמים,70.00,100 גרם,false,,4.90,7.0000,true,1,298187
7290115204056,false,"קטשופ מופחת סוכר אסם 690 גרם כשל""פ",קבוצת אוסם סחר שותפות מוגבלת,,אסם קטשופ מופחת סוכר,גרמים,690.00,100 גרם,false,,11.90,1.7246,true,1,305483
7290115204155,false,סחוג אדום המעדנייה ש,קבוצת אוסם סחר שותפות מוגבלת,,סחוג אדום המעדנייה ש,גרמים,190.00,100 גרם,false,,12.90,6.7895,true,1,412714
7290115205176,false,729001032825פיטנס חטיפי קרקר כפרי 140גר.,קבוצת אוסם סחר שותפות מוגבלת,,פיטנס קרקר THIN כפרי,גרמים,140.00,100 גרם,false,,13.90,9.9286,true,1,360820
7290115205312,false,קרקר פיטנס דק עם זיתי קלמטה ועשבי תיבול,קבוצת אוסם סחר שותפות מוגבלת,,פיטנס קרקר Thin Deli,גרמים,140.00,100 גרם,false,,13.90,9.9286,true,1,436082
7290115205633,false,טבעול סנסשיונל/גורמה נקנקיות 350 גר',קבוצת אוסם סחר שותפות מוגבלת,,טבעול סנסשיונל נקנקי,גרמים,350.00,100 גרם,false,,36.90,10.5429,true,1,448024
7290115205695,false,אסם בונזור בצק מצונן לפיצה 460 גרם,קבוצת אוסם סחר-שות.מוגבלת,,בצק מצונן לפיצה בונז,גרמים,460.00,100 גרם,false,,19.90,4.3261,true,1,379083
7290115205718,false,אסם בונזור בצק מצונן עלים 230 גרם,קבוצת אוסם סחר-שות.מוגבלת,,בצק עלים מצונן בונז',גרמים,230.00,100 גרם,false,,14.90,6.4783,true,1,379112
7290115205978,false,פתיבר ואצבעות שוקולד 180 גרם - רבנות,קבוצת אוסם סחר שותפות מוגבלת,,פתי בר אצבעות שוקולד,גרמים,180.00,100 גרם,false,,11.90,6.6111,true,1,405270
7290115207163,false,פרפקטו ניוקי בזיליקום ושום אסם 500 גרם,קבוצת אוסם סחר-שות.מוגבלת,,ניוקי בזיליקום ושום,גרמים,500.00,100 גרם,false,,14.90,2.9800,true,1,379068
7290115208009,false,ויטמינצ'יק ענבים סירופ 1 ליטר,קבוצת אוסם סחר שותפות מוגבלת,,ויטמינצ'יק ענבים 1 ל,ליטרים,1.00,ליטר,false,,23.50,23.5000,true,1,391790
7290115208047,false,סירופ פטל ויטמינצ`יק (1 ליטר),קבוצת אוסם סחר שותפות מוגבלת,,ויטמינצ'יק פטל 1 ליט,ליטרים,1.00,ליטר,false,,23.50,23.5000,true,1,391774
7290115208061,false,ויטמינצ'יק תפוח סירופ 1 ליטר,קבוצת אוסם סחר שותפות מוגבלת,,ויטמינצ'יק תפוח 1 לי,ליטרים,1.00,ליטר,false,,23.50,23.5000,true,1,391791
7290115208320,false,אפרופו חטיף בטעם ביסלי בצל 50 גרם,קבוצת אוסם סחר שותפות מוגבלת,,אפרופו בטעם ביסלי בצ,גרמים,50.00,100 גרם,false,,5.80,11.6000,true,1,479963
7290115209358,false,במבה במילוי בראוניז אסם (60 גרם),קבוצת אוסם סחר שותפות מוגבלת,,במבה במילוי בראוניז,גרמים,60.00,100 גרם,false,,5.90,9.8333,true,1,479641
7290115209372,false,במבה במילוי בראוניז 150 גרם אוסם,קבוצת אוסם סחר שותפות מוגבלת,,במבה במילוי בראוניז,גרמים,150.00,100 גרם,false,,11.90,7.9333,true,1,479657
7290115403312,false,עוגיות מלוחות קריספי עגול 450ג דל,שיבולים יצור ושיווק מוצרי מאפה,,עוגיות מלוחות קריספי,גרמים,450.00,100 גרם,false,,18.90,4.2000,true,1,424732
7290115403367,false,עוגיות קוואקר פריכות 500ג דל,שיבולים יצור ושיווק מוצרי מאפה,,עוגיות קוואקר פריכות,גרמים,500.00,100 גרם,false,,18.90,3.7800,true,1,424736
7290115403466,false,עוגיות נסיכה מיקס 500ג דל,שיבולים יצור ושיווק מוצרי מאפה,,עוגיות נסיכה מיקס אד,גרמים,500.00,100 גרם,false,,18.90,3.7800,true,1,424746
7290115403480,false,עוגיות בסגנון מרוקאי מיני 500ג דל,שיבולים יצור ושיווק מוצרי מאפה,,עוגיות בסגנון מרוקאי,גרמים,500.00,100 גרם,false,,18.90,3.7800,true,1,424748
7290115403510,false,עוגיות מגולגלות תמרים 500ג דל,שיבולים יצור ושיווק מוצרי מאפה,,עוגיות מגולגלות תמרי,גרמים,500.00,100 גרם,false,,18.90,3.7800,true,1,424750
7290115410075,false,טחינה סלטי היום 400 גרם,סלטי היום - קפוא זן,,טחינה 400 גרם סלטי ה,גרמים,400.00,100 גרם,false,,13.90,3.4750,true,1,337768
7290115410082,false,טורקי סלטי היום 400 גרם,סלטי היום - קפוא זן,,טורקי 400 גרם סלטי ה,גרמים,400.00,100 גרם,false,,13.90,3.4750,true,1,337785
7290115410099,false,מטבוחה סלטי היום 400 גרם,סלטי היום - קפוא זן,,מטבוחה 400 גרם סלטי,גרמים,400.00,100 גרם,false,,13.90,3.4750,true,1,337786
7290115410150,false,כרוב אדום סלטי היום 400 גרם,סלטי היום - קפוא זן,,כרוב אדום 400 גרם סל,גרמים,400.00,100 גרם,false,,13.90,3.4750,true,1,397480
7290115410549,false,המעדניה חומוס ירושלים 250 גר',סלטי היום - קפוא זן,,חומוס מסעדות המעדניה,גרמים,250.00,100 גרם,false,,11.90,4.7600,true,1,337686
7290115410556,false,המעדניה חומוס מסבחה ירוק 250 גר',סלטי היום - קפוא זן,,חומוס מסבחה 250 גרם,גרמים,250.00,100 גרם,false,,11.90,4.7600,true,1,337715
7290115671353,false,מיני פינוקיות עוגיות קקאו במילוי קרם בטעם וניל,"הגביע מוצרי ופלים בע""\מ",,מיני פינוקיות שחור ל,גרמים,180.00,100 גרם,false,,11.90,6.6111,true,1,376430
7290115675696,false,דגני בוקר קראנצ'ים שיבולת שועל עם אגוזים ושקדים,שטראוס פריטו ליי בע`מ,,דגני בוקר קוואקר שיב,גרמים,375.00,100 גרם,false,,22.70,6.0533,true,1,321410
7290115675719,false,דגני בוקר קראנצ'ים שיבולת שועל וחתיכות שוקולד מריר,"שטראוס פריטו ליי בע""מ",,דגני בוקר קוואקר שיב,גרמים,375.00,100 גרם,false,,22.70,6.0533,true,1,321395
7290115675986,false,דנונה יוגורט בר עם אגוזים מקורמלים 173 גרם,שטראוס גרופ בעמ/מצונן,,דנונה קראנצ' אגוזים,גרמים,173.00,100 גרם,false,,4.90,2.8324,true,1,276516
7290115676082,false,משקה דנונה פרו 20 יוגורט תות 255 ג' רבנות,שטראוס גרופ בעמ/מצונן,,משקה יוגורט עם חלבון,גרמים,255.00,100 גרם,false,,7.50,2.9412,true,1,306656
7290115676273,false,אבקת קקאו עלית 500 גרם+ 10% תוספת,שטראוס קפה בי.וי.,,עלית קקאו 500 גרם +1,גרמים,500.00,100 גרם,false,,26.90,5.3800,true,1,299586
7290115677966,false,ממרח אבוקדו טעם הטבע 200 גרם,שטראוס גרופ בעמ/מצונן,,ממרח אבוקדו אחלה 200,גרמים,200.00,100 גרם,false,,16.90,8.4500,true,1,345343
7290115678376,false,מעדן הגולן שוקולד 125 גרם,שטראוס גרופ בעמ/מצונן,,מעדן הגולן מעדן חלב,גרמים,125.00,100 גרם,false,,3.50,2.8000,true,1,328668
7290115678383,false,מעדן הגולן שוקולד מריר בודד 125גר,שטראוס גרופ בעמ/מצונן,,מעדן הגולן מעדן חלב,גרמים,125.00,100 גרם,false,,3.50,2.8000,true,1,328683
7290115678598,false,חסה אייסברג חיתוך גס 300 שטראוס טעם הטבע,שטראוס בריאות ירקות טריי,,חסה אייסברג חיתוך גס,גרמים,300.00,100 גרם,false,,10.90,3.6333,true,1,353406
7290115679731,false,דלישס שייק פירות ירוק 150*2,קפוא זן תעשיות מזון בעמ,,שייק פירות ירוק דליש,גרמים,300.00,100 גרם,false,,23.90,7.9667,true,1,477744
7290116270715,false,פילה ברבוניה ארוז בו,,,פילה ברבוניה ארוז בו,יחידה,0.00,יחידה,false,,29.90,0.0000,true,1,405774
7290116530185,false,"קורנפלקס דלישקד קרמל מלוח 400 גרם בד""ץ",יוניליוור ישראל שיווק בע`מ,,דגני בוקר דלישקד קרמ,גרמים,400.00,100 גרם,false,,24.90,6.2250,true,1,384510
7290116531083,false,"ברנפלקס ללא ת.סוכר בטעם דבש בתוספת שקדים, 400 גרם",יוניליוור ישראל שיווק בע`מ,,דגני בוקר ברנפלקס לל,גרמים,500.00,100 גרם,false,,27.00,5.4000,true,1,384965
7290116532769,false,גרנולה פרוטאין גרנולה חלבון תפוח וקינמון תלמה 300 גרם,יוניליוור ישראל שיווק בע`מ,,גרנולה פרוטאין בתוספ,גרמים,300.00,100 גרם,false,,17.90,5.9667,true,1,438570
7290116533063,false,דגני בוקר שוגי קרטיב ענבים 400 גרם,יוניליוור ישראל שיווק בע`מ,,שוגי דגני בוקר בטעם,גרמים,400.00,100 גרם,false,,24.10,6.0250,true,1,438585
7290116930282,false,ארוחה בקטנה לאבנה עם קרקרים 150ג' תנובה,"תנובה בע""מ ***",,לאבנה 9% שומן עם קרק,גרמים,150.00,100 גרם,false,,8.50,5.6667,true,1,447060
7290116930459,false,"יופלה שייק מנגו בננה אננס וקוקוס 230 מ""ל",קבוצת המזון אקטשלאר,,יופלה SHAKE בננה אנ,מיליליטרים,230.00,"100 מ""ל",false,,8.50,3.6957,true,1,447123
7290116930466,false,"משקה SHAKE בננה מנגן פסיפלורה והל 230 מ""ל יופלה",קבוצת המזון אקטשלאר,,יופלה SHAKE מנגו בנ,מיליליטרים,230.00,"100 מ""ל",false,,8.50,3.6957,true,1,447124
7290116930657,false,"משקה חלב גו בטעם בננה תמר בתוספת שיבולת שועל במרקם חלק 340 מ""ל",תנובה מרכז שיתופי לש,,משקה GO בננה תמר עם,מיליליטרים,340.00,"100 מ""ל",false,,7.90,2.3235,true,1,493965
7290116930954,false,יוגורט טעם פאי תפוחים 3% 150 ג' יופלה,תנובה בעמ ***,,יופלה בטעם פאי תפוחי,מיליליטרים,150.00,"100 מ""ל",false,,5.50,3.6667,true,1,493915
7290116931074,false,פרוסות טל העמק 32% שומן 300 גרם,"תנובה בע""מ ***",,גבינת טל העמק 32% שו,גרמים,300.00,100 גרם,false,,28.90,9.6333,true,1,457708
7290116931104,false,יופלה GO במרקם סמיך עם אננס 0% תנובה 200 גרם,תנובה בעמ ***,,יופלה גו במרקם סמיך,גרמים,200.00,100 גרם,false,,5.90,2.9500,true,1,456871
7290117260937,false,קרקרים עם עגבניות ואורגנו ללא גלוטן 125 ג' ויליפוד,ג.וילי-פוד אינטרנשיונל בעמ,,קרקרים עם עגבניות וא,גרמים,125.00,100 גרם,false,,11.90,9.5200,true,1,405861
7290117261521,false,סלמון אטלנטי בשמן קנולה 120 גרם ויליפוד,ג. וילי-פוד אינטרנשיונל בע`מ,,סלמון אטלנטי בשמן קנ,גרמים,120.00,100 גרם,false,,12.90,10.7500,true,1,475490
7290117261569,false,סלמון אטלנטי מעושן בשמן קנולה 120 גרם ויליפוד,ג. וילי-פוד אינטרנשיונל בע`מ,,סלמון אטלנטי מעושן ב,גרמים,120.00,100 גרם,false,,12.90,10.7500,true,1,475494
7290117261576,false,סרדינים בריסלינג מעושנים ברוטב עגבניות 185 גרם צנצנת,ג. וילי-פוד אינטרנשיונל בע`מ,,סרדינים בריסלינג מעו,גרמים,185.00,100 גרם,false,,15.90,8.5946,true,1,475471
7290117261583,false,סרדינים בריסלינג מעושנים בשמן קנולה 129 גרם (צנצנת),ג. וילי-פוד אינטרנשיונל בע`מ,,סרדינים בריסלינג מעו,גרמים,185.00,100 גרם,false,,15.90,8.5946,true,1,475472
7290117380857,false,"מרבה סלים דליס פייבר עוגות אישיות בטעם לימון, 120 גרם",ש. שסטוביץ בע`מ,,סלים דליס פייבר - עו,גרמים,120.00,100 גרם,false,,12.90,10.7500,true,1,438539
7290117380864,false,סלים דליס פייבר עוגות בראוניס אישיות בטעם שוקולד 120 גרם,ש.שסטוביץ בעמ,,סלים דליס פייבר - עו,גרמים,120.00,100 גרם,false,,12.90,10.7500,true,1,438555
7290117381205,false,"מאסטר שף שמן שומשום 370 מ""ל",ש.שסטוביץ בעמ,,מאסטר שף שמן שומשום,מיליליטרים,370.00,"100 מ""ל",false,,25.90,7.0000,true,1,491953
7290117383728,false,"מארז זוג תחליב רחצה לומינוס  אבוקדו 750 מ""ל פלמוליב",קולגייט פלמוליב,,פלמוליב לומינוס אבוק,ליטרים,1500.00,100 ליטר,false,,30.00,2.0000,true,1,488172
7290117383735,false,"מארז זוג תחליב רחצה חימר ורדים *750 מ""ל פלמוליב",קולגייט פלמוליב,,פלמוליב חימר ורדים 7,ליטרים,1500.00,100 ליטר,false,,30.00,2.0000,true,1,488173
7290117761052,false,מנקה חלונות 1 ליטר ז,,,מנקה חלונות 1 ליטר ז,ליטרים,1.00,ליטר,false,,14.90,14.9000,true,1,405332
7290117823798,false,בדיקה עצמית מהירה לזיהוי אנטיגן - 5 בדיקות,שמחה זה אנחנו בעמ,,בדיקה עצמית מהירה לז,יחידה,0.00,יחידה,false,,39.90,0.0000,true,1,390711
7290117860038,false,"הוואי - תחליב רחצה יוגורט בניחוח אוכמניות 700 מ""ל","טרופיקל דגיל בע""\מ",,תחליב רחצה יוגורט בנ,מיליליטרים,700.00,"100 מ""ל",false,,15.90,2.2714,true,1,488966
7290117860083,false,"הוואי קרם רחצה יוגורט בניחוח אירוס זהוב ודבש 700 מ""ל","טרופיקל דגיל בע""\מ",,תחליב רחצה בניחוח אי,מיליליטרים,700.00,"100 מ""ל",false,,15.90,2.2714,true,1,488967
7290117860090,false,מרכך תמציות אלוורה ותה ירוק לשיער רגיל,"טרופיקל דגיל בע""\מ",,מרכך מטפח לשיער רגיל,מיליליטרים,700.00,"100 מ""ל",false,,15.90,2.2714,true,1,485325
7290117860144,false,הוואי שמפו פירות אקזוטיים וקלנדולה 700,"טרופיקל גליל בע""מ",,שמפו נגד קשקשים הווא,מיליליטרים,700.00,"100 מ""ל",false,,15.90,2.2714,true,1,485326
7290117860243,false,"הוואי - מרכך מעניק לחות לשיער יבש 700 מ""ל","טרופיקל גליל בע""מ",,מרכך לשיער יבש הוואי,מיליליטרים,700.00,"100 מ""ל",false,,15.90,2.2714,true,1,485328
7290117860496,false,"הוואי שמפו + מרכך 2 ב-1 לגבר 700 מ""ל-חדש","טרופיקל גליל בע""מ",,שמפו לגבר + מרכך 2ב-,מיליליטרים,700.00,"100 מ""ל",false,,15.90,2.2714,true,1,485331
7290117860694,false,הוואי מרכך קרטין קיק ללא סולפטים 700 מל,"טרופיקל גליל בע""מ",,מרכך ללא סולפטים הוו,מיליליטרים,700.00,"100 מ""ל",false,,15.90,2.2714,true,1,490258
7290117860748,false,הוואי שמפו תמצית יסמין מעניק נפח 700 מל,"טרופיקל גליל בע""מ",,שמפו מעניק נפח הוואי,מיליליטרים,700.00,"100 מ""ל",false,,15.90,2.2714,true,1,490259
7290117860793,false,הוואי מרכך תמצית יסמין מעניק נפח 700 מל,"טרופיקל דגיל בע""\מ",,מרכך מעניק נפח הוואי,מיליליטרים,700.00,"100 מ""ל",false,,15.90,2.2714,true,1,490260
7290117860946,false,"הוואי תחליב רחצה יוגורט בניחוח קוקוס 700 מ""ל","טרופיקל דגיל בע""\מ",,תחליב רחצה יוגורט בנ,מיליליטרים,700.00,"100 מ""ל",false,,15.90,2.2714,true,1,488975
7290117860991,false,"תחליב רחצה יוגורט בניחוח שקדים 700 מ""ל הוואי","טרופיקל דגיל בע""\מ",,תחליב רחצה יוגורט בנ,מיליליטרים,700.00,"100 מ""ל",false,,15.90,2.2714,true,1,488976
7290117900949,false,בוטנים מצופים אמריקאים 250 גרם,דין שיווק וקליה 2021 בעמ,,בוטנים מצופים אמריק,גרמים,250.00,100 גרם,false,,10.90,4.3600,true,1,439687
7290117901021,false,קבוקים בוטנים מצופים עם שומשום 220 גרם,דין שיווק וקליה 2021 בעמ,,קבוקים בוטנים מצופים,גרמים,220.00,100 גרם,false,,10.90,4.9545,true,1,439695
7290117901038,false,אגוזי מלך קלופים ששון הקולה 190 גרם,דין שיווק וקליה 2021 בעמ,,אגוז מלך קלוף 190 גר,גרמים,190.00,100 גרם,false,,15.90,8.3684,true,1,439696
7290118420378,false,פתיבר פינוקים בטעם תותים בשמנת - חלבי,קבוצת אוסם סחר שותפות מוגבלת,,פתי בר פינוקים תותים,גרמים,220.00,100 גרם,false,,11.90,5.4091,true,1,479930
7290118420477,false,אסם בייגלה שטוחים בטעם ביסלי בצל 300 גרם,קבוצת אוסם סחר שותפות מוגבלת,,בייגלה שטוחים בטעם ב,גרמים,300.00,100 גרם,false,,11.90,3.9667,true,1,479946
7290589856775,false,נייס שבלולים לשיער,שבלולים בעמ,,נייס שבלולים לשיער,יחידה,0.00,יחידה,false,,5.90,0.0000,true,1,37203
7296021288678,false,"מחבת לטיגון 22 ס""מ C",,,"מחבת לטיגון 22 ס""מ C",יחידה,0.00,יחידה,false,,217.00,0.0000,true,1,464205
7296021288685,false,"מחבת לטיגון 24 ס""מ C",,,"מחבת לטיגון 24 ס""מ C",יחידה,0.00,יחידה,false,,229.90,0.0000,true,1,464206
7296021288692,false,"מחבת לטיגון 26 ס""מ C",,,"מחבת לטיגון 26 ס""מ C",יחידה,0.00,יחידה,false,,249.90,0.0000,true,1,464207
7297028161575,false,קרסוליות גבר (10 ) לבן/שחור/מעורב,ביג מול בעמ,,עשיריית גרבי גרב,יחידה,0.00,יחידה,false,,29.90,0.0000,true,1,349254
7297488098305,false,"מרק דגש""קמח שקדים""250גרם","תבליני העליון בע""מ",,דגש קמח שקדים 250 גר,גרמים,250.00,100 גרם,false,,26.90,10.7600,true,1,50410
7297488098688,false,דגש פצפוצי אורז מלא ללא תוספת סוכר ומלח 450 גרם,משובח תעשיות מזון,,דגש פצפוצי אורז מלא,גרמים,450.00,100 גרם,false,,19.90,4.4222,true,1,264681
7380580005255,false,נייס שבלולים לשיער,שבלולים בעמ,,נייס שבלולים לשיער,יחידה,0.00,יחידה,false,,7.90,0.0000,true,1,37209
7394376123337,false,"משקה שיבולת שועל אורגני מפוקח ע""י סקאל",טרנסומס פוד איי.בי,,משקה שיבולת שועל אור,ליטרים,1.00,ליטר,false,,15.90,15.9000,true,1,237435
7394376615825,false,אוטלי משקה שיבולת שועל מועשר בסידן וויטמינים 1 ליטר,ש. שסטוביץ בע`מ,,משקה שיבולת שועל מוע,ליטרים,1.00,ליטר,false,,15.90,15.9000,true,1,237436
7394376616778,false,אוטלי משקה שיבולת שועל להקצפה בריסטה 1 ליטר,ש. שסטוביץ בע`מ,,משקה שיבולת שועל להק,ליטרים,1.00,ליטר,false,,17.90,17.9000,true,1,237438
7450014901351,false,נעלי בית חורף נשים דגם SY001 אפור,ביג מול בעמ,,נעלי בית חורף נשים -,יחידה,0.00,יחידה,false,,39.90,0.0000,true,1,188352
7500162900000,false,"בירה סול בקבוק 330 מ""ל",פארייפאבה אגרואינדוס,,"בירה סול 330 מ""ל בוד",מיליליטרים,330.00,"100 מ""ל",false,,6.90,2.0909,true,1,367599
7501013122114,false,ג'ומקס מיץ אננס קרטונית ליטר תריסר,חומקס קומר קומרסאליזדורה,,ג'ומקס נקטר אננס קרט,ליטרים,1.00,ליטר,false,,11.00,11.0000,true,1,185529
7501049936945,false,"בירה סול שישייה בקבוק 330 מ""ל",פארייפאבה אגרואינדוס,,מארז שישייה בירה סול,ליטרים,1.98,ליטר,false,,40.90,20.6566,true,1,224983
7610008059073,false,רגוזה-קלאסיק שוק' במילוי פרלין אגוז לוז 100 גרם,RAGUSA,,טבלת רגוסה קלאסי חדש,גרמים,100.00,100 גרם,false,,17.90,17.9000,true,1,430336
7610100034084,false,מיונז טומי בשפורפרת 265 גרם,ליימן שליסל בע`מ,,מיונז טומי 265 גרם,גרמים,265.00,100 גרם,false,,15.90,6.0000,true,1,77166
7610113011652,false,בריזר - משקה כוהלי מוגז בטעם תפוח,בקרדי בריזר Bacardi Breezer,,בקרדי בריזר תפוח 275,מיליליטרים,275.00,"100 מ""ל",false,,14.90,5.4182,true,1,236993
7610400068505,false,לינדט לינדור בונבוניירה שוקולד חלב 200 גרם,לינדט ושפרונגלי קילשברג,,לינדור בונבוניירה חל,גרמים,200.00,100 גרם,false,,33.90,16.9500,true,1,14765
7610400074155,false,לינדט לינדור קוביות במילוי קרם שוקולד 60% מוצקי קקאו 100 גרם,לינדט ושפרונגלי קילשברג,,לינדט לינדור 60% 100,גרמים,100.00,100 גרם,false,,18.00,18.0000,true,1,14769
7613030979647,false,דגני בוקר טריקס פירות עולם היורה 480 ג',קבוצת אוסם סחר שותפות מוגבלת,,דגני בוקר טריקס 480,גרמים,480.00,100 גרם,false,,27.90,5.8125,true,1,120321
7613032045753,false,פיטנס דגנים מחיטה מלאה שוקולד 375גרם,קבוצת אוסם סחר שותפות מוגבלת,,דגני פיטנס שוקולד נס,גרמים,375.00,100 גרם,false,,22.90,6.1067,true,1,68213
7613033548192,false,פיטנס - דגני בוקר שוקולד מריר 375 גרם,קבוצת אוסם סחר שותפות מוגבלת,,דגני בוקר פיטנס שוקו,גרמים,375.00,100 גרם,false,,22.90,6.1067,true,1,21876
7613035622623,false,פיטנס גרנולה שקדים ודבש נסטלה (300 גרם),קבוצת אוסם סחר-שות.מוגבלת,,פיטנס גרנולה שקדים ו,גרמים,300.00,100 גרם,false,,15.90,5.3000,true,1,68216
7613035635845,false,פיטנס גרנולה שוקולד 300 גר`אסם,קבוצת אוסם סחר-שות.מוגבלת,,פיטנס גרנולה שוקולד,גרמים,300.00,100 גרם,false,,15.90,5.3000,true,1,21894
7613035807778,false,פרפקטו רוטב עגבניות לבולונז אסם 400 גרם,קבוצת אוסם סחר שותפות מוגבלת,,פרפקטו רוטב עגבניות,גרמים,400.00,100 גרם,false,,10.90,2.7250,true,1,21896
7613035809109,false,פרפקטו רוטב עגבניות ובזיליקום אסם 400 גרם,קבוצת אוסם סחר שותפות מוגבלת,,פרפקטו רוטב עגבניות,גרמים,400.00,100 גרם,false,,10.90,2.7250,true,1,21897
7613035809857,false,פרפקטו רוטב עגבניות לפסטה ולבישול אסם 400 גרם,קבוצת אוסם סחר שותפות מוגבלת,,פרפקטו רוטב עגבניות,גרמים,400.00,100 גרם,false,,10.90,2.7250,true,1,21899
7613036520492,false,פרפקטו רוטב עגבניות לפיצה אסם 400 גרם,קבוצת אוסם סחר-שות.מוגבלת,,פרפקטו רוטב עגבניות,גרמים,400.00,100 גרם,false,,10.90,2.7250,true,1,115801
7613036710879,false,מארז מיני חטיפי קיט קט צ'אנקי Kit Kat Chanky,קבוצת אוסם סחר שותפות מוגבלת,,קיט קט צ'אנקי מיני 1,גרמים,194.00,100 גרם,false,,10.90,5.6186,true,1,131746
7613036737623,false,דגני בוקר קראנץ מיקס 410גר,קבוצת אוסם סחר שותפות מוגבלת,,דגני בוקר קראנץ מקס,גרמים,410.00,100 גרם,false,,27.90,6.8049,true,1,132706
7613036976695,false,פריסקיז - פאוץ בקר ברוטב 85 גרם,קבוצת אוסם סחר-שות.מוגבלת,,פריסקיז פאוצ' בקר 85,גרמים,85.00,100 גרם,false,,5.90,6.9412,true,1,205477
7613036976718,false,פריסקיז פאוצ' ברווז ברוטב 26*85גרם,קבוצת אוסם סחר-שות.מוגבלת,,פריסקיז פאוצ' ברווז,גרמים,85.00,100 גרם,false,,5.90,6.9412,true,1,205478
7613037686906,false,פיטנס - דגני בוקר שקדים ודבש 355 גרם,קבוצת אוסם סחר שותפות מוגבלת,,פיטנס שקדים ודבש נסט,גרמים,355.00,100 גרם,false,,22.90,6.4507,true,1,192460
7613037811629,false,קורנפלקס גו פרי ללא גלוטן 500 גר`,קבוצת אוסם סחר שותפות מוגבלת,,קורנפלקס גו פרי 500,גרמים,500.00,100 גרם,false,,16.90,3.3800,true,1,209069
7613038268262,false,דגני בוקר צ'יריוס דבש ושקדים במתיקות מעודנת,קבוצת אוסם סחר שותפות מוגבלת,,האני נאט ציריוס מופח,גרמים,410.00,100 גרם,false,,21.90,5.3415,true,1,206491
7613038451954,false,דגני בוקר שוקולד מופחת סוכר 410 ג' קראנץ',קבוצת אוסם סחר-שות.מוגבלת,,קראנץ שוקולד מופחת ס,גרמים,410.00,100 גרם,false,,22.90,5.5854,true,1,198621
7613039879382,false,מחית תפוח עץ 190 גר` גרבר כשר לפסח,קבוצת אוסם סחר שותפות מוגבלת,,גרבר מחית תפוחי עץ 1,גרמים,190.00,100 גרם,false,,6.90,3.6316,true,1,326171
7613287121783,false,סמארטיס מיני 16*187 גרם,קבוצת אוסם סחר שותפות מוגבלת,,סמרטיס מיני 187 גרם,גרמים,187.00,100 גרם,false,,15.90,8.5027,true,1,443068
7613287325808,false,אוסם - דיפ אנד ספרד מטבל איולי שום 295 גרם,קבוצת אוסם סחר שותפות מוגבלת,,רוטב איולי שום לחיץ,גרמים,295.00,100 גרם,false,,15.90,5.3898,true,1,361199
7613287325822,false,אוסם - דיפ אנד ספרד מטבל מיקס 295 גרם,קבוצת אוסם סחר שותפות מוגבלת,,רוטב מיקס לחיץ אסם 2,גרמים,295.00,100 גרם,false,,15.90,5.3898,true,1,361183
7613287325853,false,אוסם - דיפ אנד ספרד מטבל איולי ספייסי 295 גרם,קבוצת אוסם סחר שותפות מוגבלת,,רוטב ספייסי איולי לח,גרמים,295.00,100 גרם,false,,15.90,5.3898,true,1,361184
7613287394323,false,דגני בוקר מולטי צ'יריוס 600 גרם,קבוצת אוסם סחר שותפות מוגבלת,,מולטי צ'יריוס 100% ד,גרמים,600.00,100 גרם,false,,23.90,3.9833,true,1,314590
7613287476678,false,דגני בוקר סינימיניס צ'ורוס נסטלה 360 ג',קבוצת אוסם סחר שותפות מוגבלת,,סינימיניס צ'ורוס 360,גרמים,360.00,100 גרם,false,,27.90,7.7500,true,1,323453
7622010001858,false,עוגיות אוראו ממולאות קרם וניל 176 גרם.,דיפלומט מפיצים (1968) בעמ**,,עוגיות אוראו סנדביץ,גרמים,176.00,100 גרם,false,,10.50,5.9659,true,1,66633
7622201139278,false,גבינת פילדלפיה שמנת 150 גר`% (27 שומן),מיודלז אספניה פרודוק,,פילדלפיה גבינת שמנת,גרמים,150.00,100 גרם,false,,15.90,10.6000,true,1,205873
7622201521493,false,גבינת פילדלפיה שום ועשבי תיבול 150 גר` (,מיודלז אספניה פרודוק,,גבינת שמנת עם שום וע,גרמים,150.00,100 גרם,false,,15.90,10.6000,true,1,449330
7622201798154,false,גבינת שמנת לייט מופחתת שומן 13% שומן,מיודלז אספניה פרודוק,,פילדלפיה גבינת שמנת,גרמים,150.00,100 גרם,false,,15.90,10.6000,true,1,352256
7622201801809,false,מילקה שוקולד חלב עם אגוזים 100 גרם חדש,מנדלז דויצ'\לנד סנקס פרו,,מילקה שוקוד חלב עם א,גרמים,100.00,100 גרם,false,,7.90,7.9000,true,1,328391
7622201802363,false,מילקה טבלת שוקולד חלב וצימוקים ואגוזים 100ג',דיפלומט מפיצים (1968) בעמ**,,מילקה שוקולד חלב עם,גרמים,100.00,100 גרם,false,,7.90,7.9000,true,1,328392
7622201802394,false,שוקולד מילקה חלב מסרונים 100 גרם,מנדלז דויצ'\לנד סנקס פרו,,מילקה שוקולד חלב 100,גרמים,100.00,100 גרם,false,,7.90,7.9000,true,1,328393
7622201808631,false,אוראו מיני עוגיות ממולאות קרם וניל 67גרם,דיפלומט מפיצים (1968) בעמ**,,אוראו מיני כוסות בטע,גרמים,67.00,100 גרם,false,,10.90,16.2687,true,1,333976
7622210137234,false,אוראו עוגיות עם דאבל קרם בטעם וניל 170ג,דיפלומט מפיצים (1968) בעמ**,,עוגיות סנדביץ אוראו,גרמים,170.00,100 גרם,false,,10.50,6.1765,true,1,66634
7622210453327,false,עוגיות שוקוצ'יפס במילוי שוקולד סנסיישן,דיפלומט מפיצים (1968) בעמ**,,מילקה סנסיישן 156 גר,גרמים,156.00,100 גרם,false,,14.90,9.5513,true,1,102858
7622300270506,false,מילקה גריינס - עוגיות שיבולת שועל מצופות שוקולד 168 ג',דיפלומט מפיצים (1968) בעמ**,,מילקה גריינס עוגיות,גרמים,168.00,100 גרם,false,,14.90,8.8690,true,1,66635
7622300489434,false,"עוגיות אוראו פאדג' בציפוי שוקולד חלב, 246 גרם",דיפלומט מפיצים (1968) בעמ**,,אוראו פאג שוקולד חלב,גרמים,246.00,100 גרם,false,,21.90,8.9024,true,1,117172
7622300503079,false,עוגיות ביסקוויט מצופה שוקולד חלב מילקה 200 גרם,דיפלומט מפיצים (1968) בעמ**,,מילקה מוו - ביסקוויט,גרמים,200.00,100 גרם,false,,14.90,7.4500,true,1,66638
7622300617820,false,מילקה שוקולד חלב במילוי קרם חלב ווניל ושבבי עוגיות אוראו 100 גרם,מנדלז דויצ'\לנד סנקס פרו,,מילקה שוקולד אוראו 1,גרמים,100.00,100 גרם,false,,7.90,7.9000,true,1,5870
7630311507016,false,קפסולות קפה סטארבקס סאני דיי 12*57גר`,קבוצת אוסם סחר שותפות מוגבלת,,סטארבקס קפסולות סאני,גרמים,57.00,100 גרם,false,,22.90,40.1754,true,1,438154
7690589856667,false,נייס שבלולים לשיער,שבלולים בעמ,,נייס שבלולים לשיער,יחידה,0.00,יחידה,false,,12.90,0.0000,true,1,37213
7702018980826,false,"גילט ג'ל גילוח טורקיז 200 מ""ל- להגנה",ג'ילט,,ג'ל גילוח GILLETTE S,מיליליטרים,200.00,"100 מ""ל",false,,15.90,7.9500,true,1,203662
7702174068826,false,יוגטה מבחר סוכריות לקקן קשות ממולאות טופי בטעמי יוגורט ופירות 204 גרם,הדקלאים אגודת שיתופי,,יוגטה לקקן חדש 12יח,גרמים,216.00,100 גרם,false,,11.90,5.5093,true,1,13992
7702174068833,false,יוגטה סוכריות קשות על מקל ממולאות טופי בטעמי גלידת פירות 12 יח' 204 גרם,הדקלאים אגודת שיתופי,,'לקקן יוגטה אייס קרי,גרמים,216.00,100 גרם,false,,11.90,5.5093,true,1,13993
7790040420076,false,מיני אלפחורס בון בון 117 גר,לירון קרביץ יבוא שיווק וסחר,,אלפחורס עוגיות סנדבי,גרמים,117.00,100 גרם,false,,9.90,8.4615,true,1,265339
7790580419738,false,ביצי שוקולד במילוי קרם בוטנים,לירון קרביץ יבוא שיווק וסחר,,ביצי שוקולד בון בון,גרמים,156.00,100 גרם,false,,13.90,8.9103,true,1,279578
7791875005353,false,ריבת חלב הוואנה דולצה דה לצה 450 גרם,משה סידס ובנו בעמ,,הוואנה ריבת חלב 450,גרמים,450.00,100 גרם,false,,21.90,4.8667,true,1,384266
7792860006218,false,סוכריות לקקן בייבי דול לריטייר (24 גרם),גוד פוד פרודקטס S.p,,בייבי דול לקקן 20גר,גרמים,24.00,100 גרם,false,,2.90,12.0833,true,1,14773
7800601801159,false,סביבון מכני אורות ברשת,,,סביבון מכני אורות בר,יחידה,0.00,יחידה,false,,9.90,0.0000,true,1,191617
7900250001006,false,מברשת אובלית שיש,שבלולים בעמ,,אביזרי שיער,יחידה,0.00,יחידה,false,,15.90,0.0000,true,1,37214
8000070003811,false,קפסולות אספרסו לוואצה פסיונלה 11 16 יח,לואיג'י לוואצה,,קפסולת LAVAZZA PASSI,גרמים,120.00,100 גרם,false,,29.90,24.9167,true,1,468520
8000380003723,false,וופלים גרנד פטיסרי במילוי קרם אגוזים 100,קריניציה ויטמינה אס,,גרנד פטיסרי ופל אגוז,גרמים,100.00,100 גרם,false,,13.40,13.4000,true,1,14000
8000380003761,false,וופל גרנד פטיסרי שוקולד וקוקוס לואקר 100 גרם,קריניציה ויטמינה אס,,גרנד פטיסרי ופל קוקו,גרמים,100.00,100 גרם,false,,13.40,13.4000,true,1,67381
8000380004676,false,קוביות וופל סנדוויץ Sandwich עם וניל וחלב,"א. לואקר, קונפקט ג'י",,לואקר וופל קרם וניל,גרמים,200.00,100 גרם,false,,13.90,6.9500,true,1,14004
8000380004911,false,קוביות וופל קואדרטיני Quadratini קרם אגוזים,קריניציה ויטמינה אס,,וופל קואדרטיני אגוז,גרמים,250.00,100 גרם,false,,15.50,6.2000,true,1,14006
8000380004966,false,וופל קוארדטיני לואקר קוביות שוקולד 250ג',קריניציה ויטמינה אס,,וופל קואדרטיני קקאו,גרמים,250.00,100 גרם,false,,15.50,6.2000,true,1,14009
8000380007219,false,וופל לואקר ממולא קרם אגוזים 175 גרם,ליימן שליסל בע`מ,,וופל לואקר אגוז 175,גרמים,175.00,100 גרם,false,,12.90,7.3714,true,1,14015
8000380007257,false,וופל גרדנה במילוי קרם אגוזים מצופה,קריניציה ויטמינה אס,,.וופל מצופה שוקולד ג,גרמים,200.00,100 גרם,false,,14.90,7.4500,true,1,14017
8000380007264,false,וופל לואקר ממולא קרם קקאו 175 גרם,קריניציה ויטמינה אס,,וופל לואקר קקאו 175,גרמים,175.00,100 גרם,false,,12.90,7.3714,true,1,14018
8000380007271,false,וופל במילוי קרם חלב לואקר (175 גרם),ליימן שליסל בע`מ,,וופל לואקר חלב 175 ג,גרמים,175.00,100 גרם,false,,12.90,7.3714,true,1,14019
8000380142484,false,קוביות וופל קואדרטיני Quadratini בטעם שוקולד מריר,ליימן שליסל בע`מ,,וופל קואדרטיני שוקול,גרמים,250.00,100 גרם,false,,15.50,6.2000,true,1,117726
8000380144044,false,גרדנה וופל מצופה שוקולד חלב לואקר 200 גרם,ליימן שליסל בע`מ,,וופל גרדנה שוקולד 20,גרמים,200.00,100 גרם,false,,14.90,7.4500,true,1,67392
8000380180721,false,לואקר וופל קקאו במילוי קרם חלבי 175 גר,קריניציה ויטמינה אס,,וופל לואקר קלאסיק שו,גרמים,175.00,100 גרם,false,,12.90,7.3714,true,1,117731
8000380180745,false,וופל קוביות קקאו במילוי קרם חלב לואקר 250 גרם,"א. לואקר, קונפקט ג'י",,וופל קואדרטיני לואקר,גרמים,250.00,100 גרם,false,,15.50,6.2000,true,1,14050
8000380187119,false,עוגיות במילוי קרם אגוזי לוז לואקר 100 גר,ליימן שליסל בעמ,,עוגיות לואקר אגוזי ל,גרמים,100.00,100 גרם,false,,15.90,15.9000,true,1,261296
8000380192243,false,וופלים מלבנים פריכיים בטעם אגוז 200 גר`,ליימן שליסל בע`מ,,וופל לואקר מקסי אגוז,גרמים,200.00,100 גרם,false,,14.90,7.4500,true,1,137066
8000500018828,false,קינדר אצבעות שוקולד חצי מטר 300 גר,פרימיום-חברה לדברי מתיקה ולמסח,,שוקולד חצי מטר קינדר,גרמים,300.00,100 גרם,false,,20.90,6.9667,true,1,113539
8000500023624,false,חטיפי הפי היפו Happy Hippo במילוי קרם חלב וקקאו,פרימיום-חברה לדברי מתיקה ולמסח,,הפי היפו 5*20ג,גרמים,102.00,100 גרם,false,,14.90,14.6078,true,1,14054
8000500023976,false,בונבוניירת רפאלו פררו (150 גרם),פרימיום-חברה לדברי מתיקה ולמסח,,בונבוניירת רפאלו 150,גרמים,150.00,100 גרם,false,,16.90,11.2667,true,1,48571
8000500026731,false,ביצי שוקולד קינדר מארז 3 יח סופרייז,פרימיום-חברה לדברי מתיקה ולמסח,,קינדר ביצי שוקולד 3*,גרמים,60.00,100 גרם,false,,16.50,27.5000,true,1,48572
8000500029350,false,מארז וופל מצופה 3יח' *43 גרם קינדר בואנו,פרימיום-חברה לדברי מתיקה ולמסח,,קינדר בואנו 3*43 גרם,גרמים,129.00,100 גרם,false,,11.90,9.2248,true,1,48573
8000500037874,false,בונבוניירת פררו רושה 200 גרם,פרימיום חברה לדברי מתיקה ולמסח,,בונבוניירת רושר 200ג,גרמים,200.00,100 גרם,false,,28.90,14.4500,true,1,48575
8000500071083,false,אצבעות שוקולד קינדר Kinder שש עשרה יחידות,פרימיום-חברה לדברי מתיקה ולמסח,,קינדר אצבעות שוקולד,גרמים,200.00,100 גרם,false,,14.90,7.4500,true,1,48576
8000500121436,false,מארז קינדר בואנו Kinder Bueno לבן שלוש יחידות,פרימיום חברה לדברי מתיקה ולמסח,,קינדר בואנו לבן 3*43,גרמים,117.00,100 גרם,false,,11.90,10.1709,true,1,48578
8000500227848,false,נוטלה - בי רדי אצבעות ביסקוויט במילוי שוקולד 6 יח' * 22 גרם,פרימיום-חברה לדברי מתיקה ולמסח,,'וופל מלוח במילוי ממ,גרמים,132.00,100 גרם,false,,12.50,9.4697,true,1,123269
8000500249352,false,קינדר בואנו מיני מיקס שקית 205 ג',פרימיום-חברה לדברי מתיקה ולמסח,,קינדר בואנו מיני מיק,יחידה,0.00,יחידה,false,,19.90,0.0000,true,1,94063
8000500256213,false,קינדר שוקולד חלב במילוי קרם חלבי,פרימיום-חברה לדברי מתיקה ולמסח,,פרר-קינדר שוקולד מינ,גרמים,120.00,100 גרם,false,,11.20,9.3333,true,1,138721
8000500267103,false,קינדר דליס עוגת ספוג קקאו במילוי חלבי*10,פרימיום חברה לדברי מתיקה ולמסח,,פררו-קינדר דליס עשיר,יחידה,0.00,יחידה,false,,21.90,0.0000,true,1,128616
8001003100164,false,יוגטה סוכריות ג'לי בטעמי פירות 450 גרם,ליימן שליסל בע`מ,,יוגטה סוכריות ג'לי פ,גרמים,450.00,100 גרם,false,,13.90,3.0889,true,1,128764
8001090336491,false,פמפרס בייבי דריי חיתולים מידה +4 31 יח,דיפלומט מפיצים (1986) בע`מ,,פמפרס בייבי דריי מיד,יחידה,0.00,יחידה,false,,33.90,0.0000,true,1,190296
8001090336606,false,חיתולי ביביי דריי מידה ( 26 יח`) פמפרס,דיפלומט מפיצים (1986) בע`מ,,פמפרס בייבי דריי מיד,יחידה,0.00,יחידה,false,,33.90,0.0000,true,1,190298
8001090833167,false,גל כביסה אריאל בניחוח הרים 2.365 ליטר,דיפלומט מפיצים (1986) בע`מ,,אריאל ג'ל כביסה ניחו,ליטרים,2.37,ליטר,false,,36.90,15.5696,true,1,135321
8001100059259,false,קוביות וואפל בטעם אגוזי לוז באלוקו 250 ג',אבאל יזמות בעמ,,וואפל קוביות BALOCCO,גרמים,250.00,100 גרם,false,,13.90,5.5600,true,1,292651
8001620019160,false,"סן בנדטו מים מינרלים בטעם אפרסק 500 מ""ל",אקווה מינרלה סאן בנדטו ב,,סאן בנדטו משקה בטעם,מיליליטרים,400.00,"100 מ""ל",false,,6.90,1.7250,true,1,439064
8001620019177,false,"סן בנדטו מים מינרלים בטעם ענבים 500 מ""ל",אקווה מינרלה סאן בנדטו ב,,סאן בנדטו משקה בטעם,מיליליטרים,400.00,"100 מ""ל",false,,6.90,1.7250,true,1,439065
8001841470252,false,נוזל ניקוי כלים פייר,,,נוזל ניקוי כלים פייר,מיליליטרים,500.00,"100 מ""ל",false,,10.90,2.1800,true,1,494934
8001841625188,false,סבון כלים פלטינום לימון X3 פעולות להסרת שומנים,דיפלומט מפיצים (1986) בע`מ,,פיירי נוזל כלים פלטי,מיליליטרים,515.00,"100 מ""ל",false,,10.90,2.1165,true,1,228836
8001841625362,false,"נוזל כלים בניחוח לימון פלטינום 780 מ""ל פיירי",דיפלומט מפיצים (1968) בעמ,,פיירי נוזל כלים פלטי,מיליליטרים,780.00,"100 מ""ל",false,,14.90,1.9103,true,1,427714
8001841625461,false,סבון כלים פלטינום X3 פעולות להסרת שומנים,דיפלומט מפיצים (1986) בע`מ,,פיירי נוזל כלים פלטי,מיליליטרים,515.00,"100 מ""ל",false,,10.90,2.1165,true,1,228838
8001841663654,false,"פיירי נוזל כלים אקסטרה 650 מ""ל - צהוב",פרוקטר אנד גמבל,,פיירי נוזל כלים 650,מיליליטרים,650.00,"100 מ""ל",false,,10.90,1.6769,true,1,461571
8001841663692,false,נוזל כלים פיירי אקסט,,,פיירי נוזל כלים לימ,מיליליטרים,900.00,"100 מ""ל",false,,12.90,1.4333,true,1,443774
8001841941929,false,אולוויז וליו פק לילה בטוח אקסטרא 16 יחידות,דיפלומט מפיצים (1986) בע`מ,,אולוויז וליו פק לילה,יחידה,0.00,יחידה,false,,23.90,0.0000,true,1,402372
8001943549122,false,"צ'וקטה מטבעות שוקולד חלב, 40 גרם",ואל קור קורסניני אס אנ ס,,צ`וקטה מטבעות שוקולד,גרמים,40.00,100 גרם,false,,4.90,12.2500,true,1,96096
8002205319835,false,מזון לחתולים בוגרים בטעם סלמון פורינה ONE,קבוצת אוסם סחר-שות.מוגבלת,,פורינה ONE חתול בוגר,גרמים,800.00,100 גרם,false,,46.90,5.8625,true,1,190860
8002267016475,false,ביצת שוקולד הפתעה בוב הבנאי שלישייה 60 ג,מולינו ניקולי s.p.a,,צ'וקטה ביצת הפתעה בו,יח',60.00,יח',false,,13.90,0.2317,true,1,135513
8002270436581,false,סאן פלגרינו פלסטיק מוגז שישייות 500*6,טמפו משקאות בע`מ,,סאן פלגרינו מים מוגז,ליטרים,3.00,ליטר,false,,35.70,11.9000,true,1,145987
8003340091280,false,לינדט לינדור בונבוניירה 60% מוצקי קקאו 200 גרם,לינדט ושפרונגלי קילשברג,,בונבוניירות לינדור 6,גרמים,200.00,100 גרם,false,,33.90,16.9500,true,1,14774
8003477500051,false,"פרימלוצ'י ספגטי מ""ס",,,"פרימלוצ'י ספגטי מ""ס",גרמים,500.00,100 גרם,false,,6.90,1.3800,true,1,474193
8003477500327,false,פרימלוצ'י קורנטי 500,,,פרימלוצ'י קורנטי 500,גרמים,500.00,100 גרם,false,,6.90,1.3800,true,1,474194
8003753158556,false,אילי קפסולות אספרסו קלאסיקו 10 יח' 57 גרם,דיפלומט מפיצים (1968) בעמ**,,אילי קפסולות אספרסו,גרמים,57.00,100 גרם,false,,27.90,48.9474,true,1,401456
8004030022010,false,ירקות גינה עם טונה ריו מרה אינסלטיסימי 160 ג',"בולטון אלימנטרי בע""\מ",,טונה וירקות גינה ריו,גרמים,160.00,100 גרם,false,,18.90,11.8125,true,1,23789
8004030026018,false,"מקסיקני עם טונה ריו מרה אינסלטיסימי, 160 ג'","בולטון אלימנטרי בע""\מ",,ריו מרה טונה עם שעוע,גרמים,160.00,100 גרם,false,,18.90,11.8125,true,1,23790
8004030044005,false,נתחי טונה בהירה בשמן זית ריו מרה 112גרם,"בולטון אלימנטרי בע""\מ",,נתחי טונה בשמן זית ר,גרמים,160.00,100 גרם,false,,20.90,13.0625,true,1,23791
8004030102033,false,טונה בשמן זית עם מיץ לימון ופלפל שחור - מארז 3 יח',בולטון אלימנטרי,,טונה בשמן עם לימון ו,גרמים,240.00,100 גרם,false,,32.90,13.7083,true,1,138609
8004030177000,false,טונה בשמן זית וצ'ילי ריו מרה מארז 80X3 גר',ש. שסטוביץ בע`מ,,טונה בשמן זית עם צ'י,גרמים,240.00,100 גרם,false,,32.90,13.7083,true,1,125838
8004030180000,false,ריו מרה טונה בשמן זית כתית מעולה 3*80 גרם,"בולטון אלימנטרי בע""\מ",,ריו מרה טונה בשמן זי,גרמים,240.00,100 גרם,false,,32.90,13.7083,true,1,494620
8004030845046,false,טונה עם ירקות בתוספת עם אורז ריו מרה אינסלטיסימי 160 ג',בולטון אלימנטרי,,אינסלטיסימי אורז עם,גרמים,160.00,100 גרם,false,,18.90,11.8125,true,1,139871
8004800000064,false,לאגו פלאסיר- גלילי ופל קרם קקאו בציפוי ש.חלב - 100 ג',תה ויסוצקי (ישראל) בעמ,,גלילי ופל במילוי קרם,גרמים,100.00,100 גרם,false,,11.90,11.9000,true,1,476079
8004800000071,false,לאגו פלאסיר- גלילי ופל במילוי קרם אגוזי לוז שוקולד חלב - 100 ג',תה ויסוצקי (ישראל) בעמ,,לאגו פלאסיר- גלילי ו,גרמים,100.00,100 גרם,false,,11.90,11.9000,true,1,478170
8004800004802,false,לאגו פלאסיר גליליוופל קרם דומדמניות 100 גרם,תה ויסוצקי (ישראל) בעמ,,לאגו פלאסיר- גלילי ו,גרמים,100.00,100 גרם,false,,11.90,11.9000,true,1,478171
8005110060007,false,עגבניות מקולפות 400 גרם MUTTI,רסטרטו יבוא ושיווק בעמ,,עגבניות MUTTI מקולפו,גרמים,400.00,100 גרם,false,,7.50,1.8750,true,1,164312
8005110170300,false,עגבניות מרוסקות חתוכות מוטי MUTTI שלישיה *400,רסטרטו יבוא ושיווק בעמ*אין החז,,עגבניות MUTTI מרוסקו,קילוגרמים,1.20,"ק""ג",false,,18.90,15.7500,true,1,164305
8005200286584,false,תה קר נסטי מנגו אננס 1.5 ליטר פיקדון,פארייפאבה אגרואינדוס,,נסטי מנגו אננס 1.5 ל,ליטרים,1.50,ליטר,false,,9.90,6.6000,true,1,360251
8005200316588,false,תה קר נסטי אפרסק דיאט 1.5 ליטר פיקדון,פארייפאבה אגרואינדוס,,נסטי דיאט אפרסק 1.5,ליטרים,1.50,ליטר,false,,11.50,7.6667,true,1,360252
8006540106709,false,אולוויז - מגן תחתון נורמל 58 יח',,,מגן תחתון מגה פק נור,יחידה,0.00,יחידה,false,,18.90,0.0000,true,1,493156
8006540592465,false,אולוויז תחבושות לונג 24 יח,פרוקטר & גמבל,,תחבושות אולוויז סגול,100 יח',16.00,100 יח',false,,19.90,124.3750,true,1,458422
8006540592496,false,תחבושות אולוויז אולטרא כפול לילה 20 יח,פרוקטר & גמבל,,תחבושות אולוויז כחול,100 יח',16.00,100 יח',false,,19.90,124.3750,true,1,458423
8006540628737,false,שמפו הד שולדרס קלאסי,,,שמפו הד שולדרס קלאסי,מיליליטרים,350.00,"100 מ""ל",false,,16.90,4.8286,true,1,468666
8008660210038,false,מעדן ריבה מנץ אנד גאססר תות שדה 300 גר,תה ויסוצקי (ישראל) בעמ,,מעדן תות שדה 300 גר`,גרמים,300.00,100 גרם,false,,17.90,5.9667,true,1,26267
8008660210052,false,מעדן פרי תפוז מנז אנד גאסר ויסוצקי 320 גרם,תה ויסוצקי (ישראל) בעמ,,מעדן פרי תפוז 300 גר,גרמים,300.00,100 גרם,false,,17.90,5.9667,true,1,142084
8008912010034,false,ליגורי- ספגטי מספר 3 500גר,תה ויסוצקי (ישראל)בעמ,,פסטה ספגטי מספר 3 -,גרמים,500.00,100 גרם,false,,8.90,1.7800,true,1,437887
8008912010072,false,ליגורי- לינגוויני מספר 7 500גר,תה ויסוצקי (ישראל)בעמ,,פסטה לינגוויני מספר,גרמים,500.00,100 גרם,false,,8.90,1.7800,true,1,437888
8008912010331,false,"ליגורי פסטה ניוקי סרדי בצורת קונכיות, 500 גר'",תה ויסוצקי (ישראל)בעמ,,פסטה ניוקטי סרדי בצו,גרמים,500.00,100 גרם,false,,8.90,1.7800,true,1,485700
8023788030627,false,שוקולד מריר מעולה 3,,,שוקולד מריר מעולה 3,גרמים,300.00,100 גרם,false,,18.90,6.3000,true,1,455691
8023788030658,false,עוגיות מלוחות בטעם ט,,,עוגיות מלוחות בטעם ט,גרמים,400.00,100 גרם,false,,14.90,3.7250,true,1,484595
8023788030665,false,עוגיות מלוחות בטעם ב,,,עוגיות מלוחות בטעם ב,גרמים,400.00,100 גרם,false,,14.90,3.7250,true,1,484596
8023788030689,false,עוגיות מלוחות בטעם ע,,,עוגיות מלוחות בטעם ע,גרמים,400.00,100 גרם,false,,14.90,3.7250,true,1,485001
8076800105056,false,"ברילה ספגטי 1 ק""ג קופסה",ש.שסטוביץ בעמ,,פסטה ספגטי בקופסה בר,קילוגרמים,1.00,"ק""ג",false,,14.90,14.9000,true,1,454855
8076800105988,false,ברילה פוזילי בקופסה 1 קג,ברילה גי.אי.אר פרטלי ס.פ,,פוזלי בקופסה ברילה 1,קילוגרמים,1.00,"ק""ג",false,,14.90,14.9000,true,1,454887
8076800195019,false,ברילה - צ.א ספגטי מס1 קפליני 500 גרם,ברילה גי.אי.אר פרטלי ס.פ,,ספגטי קפליני מס' 1 ב,גרמים,500.00,100 גרם,false,,8.90,1.7800,true,1,23797
8076800195033,false,ברילה - צ.א ספגטיני מס3 חדש 500 גרם,ברילה גי.אי.אר פרטלי ס.פ,,ספגטי מס' 3 ברילה 50,גרמים,500.00,100 גרם,false,,8.90,1.7800,true,1,23798
8076800195057,false,ברילה - צ.א ספגטי מס5 חדש 500 גרם,ברילה גי.אי.אר פרטלי ס.פ,,ספגטיני מס' 5 ברילה,גרמים,500.00,100 גרם,false,,8.90,1.7800,true,1,23799
8076800195132,false,ברילה - צ.א בבטה מס13 500 גרם,ברילה גי.אי.אר פרטלי ס.פ,,ספגטי בבטה מס' 13 בר,גרמים,500.00,100 גרם,false,,8.90,1.7800,true,1,23800
8076802085738,false,ברילה - צ.ק פנה רגטה חדש 500 גרם,ברילה גי.אי.אר פרטלי ס.פ,,פנה רגטה מס' 73 בריל,גרמים,500.00,100 גרם,false,,8.90,1.7800,true,1,23803
8076802085981,false,ברילה - צ.ק פוזילי חדש 500 גרם,ברילה גי.אי.אר פרטלי ס.פ,,פסטה פוזילי 98 ברילה,גרמים,500.00,100 גרם,false,,8.90,1.7800,true,1,23806
8076808050440,false,פסטה מקרוני מספר 44 ברילה 500 גרם,ש. שסטוביץ בע`מ,,פסטה מקרוני מס' 44 ב,גרמים,500.00,100 גרם,false,,8.90,1.7800,true,1,118619
8076808060654,false,פסטה פרפלה מספר 65 ברילה 500 גרם,ברילה גי.אי.אר פרטלי ס.פ,,פסטה פרפלה 65 ברילה,גרמים,500.00,100 גרם,false,,8.90,1.7800,true,1,23808
8076808150072,false,ברילה - צ.א ספגטוני מס7 חדש 500 גרם,ברילה גי.אי.אר פרטלי ס.פ,,ספגטי מס' 7 ברילה 50,גרמים,500.00,100 גרם,false,,8.90,1.7800,true,1,23810
8076809501415,false,ברילה קנלוני/פנה 500 ג' מצה פנה טרקולור 500 גרם,"ש. שסטוביץ בע""\מ",,ברילה פסטה פנה טריקו,גרמים,500.00,100 גרם,false,,15.90,3.1800,true,1,118620
8076809512268,false,פסטה גירנדולה טורסדס מספר 34 ברילה 500 גרם,ברילה גי.אי.אר פרטלי ס.פ,,פסטה גירנדולה מס' 34,גרמים,500.00,100 גרם,false,,8.90,1.7800,true,1,23812
8076809513395,false,ברילה פומודורו רוטב עגבניות קלאסי 400 גר,ברילה גי.אי.אר פרטלי ס.פ,,ברילה רוטב פורמודרו,גרמים,400.00,100 גרם,false,,16.90,4.2250,true,1,23814
8076809513654,false,בסיס רוטב עגבניות לבולונז 400 גרם ברילה,ברילה גי.אי.אר פרטלי ס.פ,,ברילה רוטב עגבניות ל,גרמים,400.00,100 גרם,false,,16.90,4.2250,true,1,23815
8076809513692,false,רוטב עגבניות נפולטנה בתוספת ירקות,ברילה גי.אי.אר פרטלי ס.פ,,ברילה רוטב נפוליטנה,גרמים,400.00,100 גרם,false,,16.90,4.2250,true,1,23816
8076809513739,false,ברילה רוטב עגבניות עם בזיליקום 400 גרם,ברילה גי.אי.אר פרטלי ס.פ,,ברילה רוטב בזיליקום,גרמים,400.00,100 גרם,false,,16.90,4.2250,true,1,23817
8076809514774,false,ברילה פפרדלה איטריות ביצים 250 גרם,ברילה גי.אי.אר פרטלי ס.פ,,ברילה פפרדלה ביצים 2,גרמים,250.00,100 גרם,false,,18.90,7.5600,true,1,118621
8076809523738,false,דפי לזניה ברילה 500 גרם,ברילה גי.אי.אר פרטלי ס.פ,,לזניה ברילה 500 גרם,גרמים,500.00,100 גרם,false,,28.90,5.7800,true,1,68501
8076809529419,false,ספגטי מחיטה מלאה מס' 5 500 ג' ברילה,ברילה גי. אי. אר פרט,,ספגטי מחיטה מלאה ברי,גרמים,500.00,100 גרם,false,,18.90,3.7800,true,1,23824
8076809529433,false,פסטה פנה ריגטה חיטה מלאה ברילה (500 גרם),"ש. שסטוביץ בע""\מ",,פנה רגטה מחיטה מלאה,גרמים,500.00,100 גרם,false,,18.90,3.7800,true,1,23825
8076809545457,false,ברילה אטריות ללא גלוטן 400 ג' צינורות 400 ג',ברילה ג'.אי.אר פרטלי,,ברילה צינורות עבה קמ,גרמים,400.00,100 גרם,false,,15.90,3.9750,true,1,23828
8076809578998,false,ברילה - צ.ק. סטלינה 500 גרם,ברילה גי. אי. אר פרטלי ס,,פסטה סטלינה מס' 27,גרמים,500.00,100 גרם,false,,8.90,1.7800,true,1,306534
8121300206946,false,ממתיק סיטיביה טרוביה 80 שקיות אישיות,גורי ע.ע.ע. בע`מ,,טרוביה - סטיביה ממתי,גרמים,80.00,100 גרם,false,,22.90,28.6250,true,1,271813
8410076600622,false,חטיפי גרנולה קראנצ'י עם שוקולד מריר נייצ'ר ואלי 210 גרם,ג'נרל מילס סאן אדריאן,,חטיף קראנצי שבבי שוק,גרמים,210.00,100 גרם,false,,21.90,10.4286,true,1,67408
8410076610508,false,"חטיף שיבולת שועל מלאה עם בוטנים, שקדים ושוקולד מריר בציפוי בטעם שוקולד",נייצ'ר ואלי Nature Valley,,חטיף צ'ואי שוקולד מר,גרמים,150.00,100 גרם,false,,21.90,14.6000,true,1,67416
8410104039134,false,"מנקה ומחדש מדיח כלים פיניש 250 מ""ל",רקיט בנקיזר (ניר איסט) בעמ,,פיניש מנקה ומחדש מדי,מיליליטרים,250.00,"100 מ""ל",false,,17.90,7.1600,true,1,23049
8410104045111,false,"פיניש מלח למדיח כלים 2ק""ג",רקיט בנקיזר (ניר איסט) בעמ,,"פיניש מלח למדיח 2 ק""",קילוגרמים,2.00,"ק""ג",false,,17.90,8.9500,true,1,23051
8410128768324,false,משקה סויה שקדים קרטונית1 ל' ויוה סוי,טמפו משקאות בע`מ,,ויוה סוי שקדים קרטונ,ליטרים,1.00,ליטר,false,,12.90,12.9000,true,1,214688
8410128768355,false,ויוה סוי סויה קלאסי קרטונית ליטר,טמפו משקאות בעמ,,ויוה סוי סויה 1 ליטר,ליטרים,1.00,ליטר,false,,11.90,11.9000,true,1,214689
8410128783587,false,ויוה סוי שיבולת שועל בריסטה קרטונית,טמפו משקאות בעמ,,ויוה סוי שיבולת שועל,ליטרים,1.00,ליטר,false,,11.90,11.9000,true,1,448429
8410128785734,false,משקה סויה ויוה סוי בריסטה 1 ליטר.,טמפו משקאות בעמ,,ויוה סוי סויה בריסטה,ליטרים,1.00,ליטר,false,,11.90,11.9000,true,1,477306
8410628460605,false,טונה ספרדית בשמן זית בצנצנת 190 גרם,תומר יבוא ושיווק מוצרי מזון (1,,טונה ספרדית בשמן זית,גרמים,190.00,100 גרם,false,,28.90,15.2105,true,1,157107
8423207206488,false,סלים דליס חטיף דגנים מצופה שוקולד חלב מרבה 6*20 גרם,אף.סי תבליני בגליל ב,,סלים דליס חטיף דגנים,גרמים,120.00,100 גרם,false,,12.90,10.7500,true,1,23840
8423207207362,false,חטיפי סלים דליס שוקולד לבן מרבה 6 יחידות,ביסנצ'ורי אס.אל.יו,,סלים דליס חטיף דגנים,גרמים,120.00,100 גרם,false,,12.90,10.7500,true,1,23844
8424842050016,false,צ'יפס בטעם כמהין 125 גרם רביו,א. סיימן סחר בעמ,,חטיף צ'יפס בטעם כמהי,גרמים,130.00,100 גרם,false,,13.90,10.6923,true,1,391448
8424842050030,false,צ'יפס בטעם מלח הימלאי 125 גרם רביו,א. סיימן סחר בעמ,,חטיף צ'יפס עם שמן זי,גרמים,125.00,100 גרם,false,,13.90,11.1200,true,1,391449
8424842050085,false,צ'יפס בטעם חרדל ודבש 125 גרם רביו,א. סיימן סחר בעמ,,חטיף צ'יפס דבש וחרדל,גרמים,125.00,100 גרם,false,,13.90,11.1200,true,1,391450
8424842201340,false,צ'יפס בטעם מסורתי פרימיום 130 גרם רביו,א. סיימן סחר בעמ,,חטיף צ'יפס רביו 130,גרמים,130.00,100 גרם,false,,13.90,10.6923,true,1,391451
8436575292205,false,ארטיק חמשושים מאגדת 15*12 גר',נגה גלידות שותפות מוגבלת,,מאגדת חמשושים אננס מ,גרמים,180.00,100 גרם,false,,22.90,12.7222,true,1,139694
8606018615827,false,גלידת וניל עם שברי עוגיות אוראו 480 גרם,נגה גלידות שותפות מוגבלת,,גלידת וניל עם שברי ע,מיליליטרים,300.00,"100 מ""ל",false,,13.90,4.6333,true,1,498680
8606018615841,false,גלידה וניל עם ליבת שוקולד חלב מעולה 480 גרם,נגה גלידות שותפות מוגבלת,,פיינט מילקה וניל ליב,מיליליטרים,300.00,"100 מ""ל",false,,13.90,4.6333,true,1,498663
8606018615865,false,פיינט מילקה קרמל ליבת שוקולד 480 גרם,נגה גלידות שותפות מוגבלת,,פיינט מילקה קרמל ליב,מיליליטרים,300.00,"100 מ""ל",false,,13.90,4.6333,true,1,498664
8681863065287,false,saltbae מלח הימלאיה 350 גרם ויליפוד,ג. וילי-פוד אינטרנשיונל בע`מ,,מלח הימלאיה 350 גרם,גרמים,350.00,100 גרם,false,,25.90,7.4000,true,1,441861
8682655100513,false,מארז 3 קופסאות איחסון איכותיות,,,מארז 3 קופסאות פלסטי,יחידה,0.00,יחידה,false,,19.90,0.0000,true,1,358826
8683323063024,false,יוגטה שטיחים בטעם תותי פרוטי 220 גרם,ליימן שליסל בע`מ,,יוגטה חיספוסים שטיחי,גרמים,220.00,100 גרם,false,,7.90,3.5909,true,1,119821
8690504081913,false,מקוויטיס טינס מצופה שוקולד חלב 150 גרם,תה ויסוצקי (ישראל) בעמ,,טינס מצופה שוקולד חל,גרמים,150.00,100 גרם,false,,9.90,6.6000,true,1,120756
8690504081920,false,מקוויטיס טינס מצופה שוקולד מריר 150 גרם,"אולקר ביסקווי סנאי, א.ס.",,טינס מצופה שוקולד מר,גרמים,150.00,100 גרם,false,,9.90,6.6000,true,1,120757
8690504153740,false,גודייבה שוקולד מריר במילוי קרם גנאש 86 גרם,תה ויסוצקי (ישראל) בעמ,,טבלת שוקולד מריר עם,גרמים,86.00,100 גרם,false,,15.90,18.4884,true,1,126828
8690504156543,false,טבלת שוקלד חלב ממולא בקרם גנאש שוקולד חלב 88 גר',ביסקוט ביסקווי סילברי,,שוקולד חלב במילוי גנ,גרמים,88.00,100 גרם,false,,16.90,19.2045,true,1,496766
8690637505607,false,מרכך כביסה מרוכז בדין אקסטרה בניחוח פינוק כחול,יוניליוור ישראל שיווק בע`מ,,מרכך כביסה אקסטרה כח,מיליליטרים,960.00,"100 מ""ל",false,,17.90,1.8646,true,1,329259
8690637555084,false,"מרכך כביסה מרוכז אקסטרה פריחת התפוז בדין 960 מ""ל","יוניליוור ישראל שיווק בע""מ",,בדין אקסטרה לבן 960,מיליליטרים,960.00,"100 מ""ל",false,,17.90,1.8646,true,1,11700
8690637704291,false,שמפו לשיקום אינטנסיבי לשיער פגום,"יוניליוור ישראל שיווק בע""מ",,"שמפו משקם דאב 600 מ""",מיליליטרים,600.00,"100 מ""ל",false,,19.90,3.3167,true,1,11726
8690637704390,false,"מרכך שיער לטיפוח יום יומי דאב 600 מ""ל","יוניליוור ישראל שיווק בע""מ",,מרכך יום יומי דאב 60,מיליליטרים,600.00,"100 מ""ל",false,,19.90,3.3167,true,1,11728
8690637946301,false,"בדין - מרכך כביסה אקסטרא בייביי כחול 960 מ""ל","יוניליוור ישראל שיווק בע""מ",,בדין אקסטרה בייבי כ,מיליליטרים,960.00,"100 מ""ל",false,,17.90,1.8646,true,1,211034
8690637976995,false,"מרכך כביסה מרוכז אקסטרה ורוד סחלבים פראי בדין 960 מ""ל","יוניליוור ישראל שיווק בע""מ",,בדין אקסטרא ורוד- 96,מיליליטרים,960.00,"100 מ""ל",false,,17.90,1.8646,true,1,267244
8690766156367,false,טבלת שוקולד חלב מעולה 90 גר` גודייבה,תה ויסוצקי (ישראל) בעמ,,גודייבה שוקולד חלב מ,גרמים,90.00,100 גרם,false,,16.90,18.7778,true,1,243678
8690766156374,false,גודייבה שוקולד מריר מעולה 72% מוצקי קקאו 72גרם,תה ויסוצקי (ישראל) בעמ,,גודייבה שוקולד מריר,גרמים,90.00,100 גרם,false,,16.90,18.7778,true,1,232413
8690766156381,false,גודייבה שוקולד מריר 90% מוצקי קקאו 90 גרם,תה ויסוצקי (ישראל) בעמ,,גודייבה ש.מריר מעולה,גרמים,90.00,100 גרם,false,,16.90,18.7778,true,1,227679
8690766156404,false,שוקולד מריר מעולה גודייבה תפוז אדום 90 גרם,תה ויסוצקי (ישראל) בעמ,,גודייבה שוקולד מריר,גרמים,90.00,100 גרם,false,,16.90,18.7778,true,1,243663
8690766156411,false,שוקולד מריר מעולה בטעם פלפל ורוד עם חתיכות תות מסוכר 90 גרם,תה ויסוצקי (ישראל)בעמ,,גודייבה שוקולד מריר,גרמים,90.00,100 גרם,false,,16.90,18.7778,true,1,243664
8690777204071,false,פלפלים כבושים חריפים סרה 320 גרם,ג. וילי-פוד אינטרנשיונל בע`מ,,פלפל חריף סרה 640 גר,גרמים,640.00,100 גרם,false,,14.90,2.3281,true,1,3798
8690777206051,false,חציל קלוי על האש סרה ויליפוד 650 גרם,ג. וילי-פוד אינטרנשיונל בע`מ,,חציל קלוי על האש סרה,גרמים,650.00,100 גרם,false,,14.90,2.2923,true,1,3799
8690946270074,false,פסטה ספגטי 500 גרם B,,,פסטה ספגטי 500 גרם B,גרמים,500.00,100 גרם,false,,4.90,0.9800,true,1,486036
8690946270111,false,פסטה פוזלי 500 גרם B,,,פסטה פוזלי 500 גרם B,גרמים,500.00,100 גרם,false,,4.90,0.9800,true,1,486037
8690946270241,false,פסטה קונכיות גדולות,,,פסטה קונכיות גדולות,גרמים,500.00,100 גרם,false,,4.90,0.9800,true,1,486038
8690946272207,false,פסטה פנה 500 גרם BAH,,,פסטה פנה 500 גרם BAH,גרמים,500.00,100 גרם,false,,4.90,0.9800,true,1,486039
8690946272320,false,פסטה מקרוני 500 גרם,,,פסטה מקרוני 500 גרם,גרמים,500.00,100 גרם,false,,4.90,0.9800,true,1,486040
8691058141238,false,ערמונים שלמים קלויים וקלופים 100 גר` Ave,אבאל יזמות בעמ,,AVEL ערמונים שלמים ק,גרמים,100.00,100 גרם,false,,4.90,4.9000,true,1,133645
8691900174032,false,קוטקס תחבושות נורמל 24 יח,חוגלה קימברלי,,תחבושות קוטקס נורמל,100 יח',24.00,100 יח',false,,17.90,74.5833,true,1,443866
8691900174056,false,קוטקס תחבושות אולטרה לילה 16 י',חוגלה קימברלי,,תחבושות קוטקס לילה,100 יח',16.00,100 יח',false,,17.90,111.8750,true,1,443851
8697530910750,false,סיגריות פאל מאל כחול ארוך האוס,גלוברנדס בעמ - שיווק סיגריות,,פאל מאל בלו ארוך,יחידה,0.00,יחידה,false,,31.00,0.0000,false,1,4723
8697530911276,false,סיגריות קנט קצר חפיס,גלוברנדס בעמ - שיווק סיגריות,,קנט קצר קופסא בודדת,יחידה,0.00,יחידה,false,,37.00,0.0000,false,1,4735
8710502064814,false,עוגיות מרבה שוקולד ציפס במרקם רך 175 גר,בנקטבקריי מרבה בי.וי,,מרבה עוגיות שוקוציפס,גרמים,175.00,100 גרם,false,,10.90,6.2286,true,1,23881
8710502139017,false,עוגיות טריפל שוקולד צ`יפס מרבה (180 גרם),בנקטבקריי מרבה בי.וי,,מרבה עוגיות טריפל שו,גרמים,180.00,100 גרם,false,,10.90,6.0556,true,1,68532
8710800027573,false,סוכריות מיני בטעם פירות מנטוס 178 גרם,פרפטי ואן מלה ברדה,,מיני מנטוס שקית,גרמים,178.00,100 גרם,false,,17.80,10.0000,true,1,14134
8710800961310,false,סוכריות בטעם תות מנטוס 4*375 גרם,פרפטי ואן מלה ברדה,,מנטוס 1/4 תות,גרמים,150.00,100 גרם,false,,11.90,7.9333,true,1,14136
8710847860829,false,"רקסונה - דאודורנט רול און לאישה כותנה 50 מ""ל",יוניליוור פארם,,רקסונה רול און כותנה,מיליליטרים,50.00,"100 מ""ל",false,,22.90,45.8000,true,1,228775
8711000371206,false,ג'ייקובס קפסולות קפה אספרסו ריסטרטו עוצמה 12,ג'ייקובס דאו אגברטס צרפת,,ג'ייקובס קפסולות קפה,גרמים,52.00,100 גרם,false,,17.90,34.4231,true,1,137975
8711327475618,false,מגנום פיינט וניל קלאסיק 260 גר`,"מפעל גלידות בווספרם, רחו",,גלידת שמנת בטעם וניל,מיליליטרים,304.00,"100 מ""ל",false,,23.90,7.8618,true,1,305317
8711327475717,false,מגנום פיינט וניל שקדים 260 גרם,"מפעל גלידות בווספרם, רחו",,גלידת שמנת בטעם וניל,גרמים,260.00,100 גרם,false,,23.90,9.1923,true,1,305319
8711600453975,false,דאב תחליב גוף לעור יבש במיוחד 400 מל,יוניליוור גרמניה (בו,,דאב תחליב גוף לעור י,מיליליטרים,400.00,"100 מ""ל",false,,25.90,6.4750,true,1,124346
8712400802512,false,תרכובת מזון המשך לפעוטות על בסיס חלב שלב 2,דיפלומט מפיצים (1968) בעמ**,,נוטרילון שלב 2- 800,גרמים,800.00,100 גרם,false,,69.90,8.7375,true,1,5891
8712400802536,false,תרכובת מזון המשך לפעוטות על בסיס חלב שלב 3,דיפלומט מפיצים (1968) בעמ**,,נוטרילון שלב 3- 800,גרמים,800.00,100 גרם,false,,69.90,8.7375,true,1,5893
8712561594240,false,"דאב תחליב רחצה להזנה עמוקה500 מ""ל-מרכז",יוניליוור ישראל שיווק בע`מ,,דאב תחליב רחצה להזנה,מיליליטרים,500.00,"100 מ""ל",false,,19.90,3.9800,true,1,11777
8712561594608,false,"דאב תחליב רחיצה להזנה עמוקה 750 מ""ל",יוניליוור ישראל שיווק בע`מ,,תחליב רחצה להזנה עמו,מיליליטרים,750.00,"100 מ""ל",false,,21.90,2.9200,true,1,11778
8712561611411,false,"תחליב רחצה בניחוח מלפפון ותה ירוק דאב 750 מ""ל",יוניליוור ישראל שיווק בע`מ,,תחליב רחצה תה ירוק ו,מיליליטרים,750.00,"100 מ""ל",false,,21.90,2.9200,true,1,11780
8712561626286,false,תחליב רחצה זוהר כמשי דאב (750 מל),יוניליוור ישראל שיווק בע`מ,,תחליב רחצה זוהר כמשי,מיליליטרים,750.00,"100 מ""ל",false,,21.90,2.9200,true,1,11782
8714599513781,false,"קפה נמס מיובש בהקפאה זהב צנצנת ג'ייקובס 200 גרם לל""ס",דיפלומט מפיצים (1968) בעמ**,,קפה ג'יקובס גולד 200,גרמים,200.00,100 גרם,false,,30.90,15.4500,true,1,5880
8714599513835,false,גי'קובס קרונונג נייט אנד דיי - נטול קופיאין,דיפלומט מפיצים (1968) בעמ**,,קפה ג`יקובס נטול קופ,גרמים,200.00,100 גרם,false,,40.90,20.4500,true,1,5881
8714599513866,false,"קפה נמס מיובש בהקפאה קרונג צנצנת ג'ייקובס 200 גרם לל""ס",דיפלומט מפיצים (1968) בעמ**,,קפה ג'יקובס קרונונג,גרמים,200.00,100 גרם,false,,30.90,15.4500,true,1,5882
8714789177229,false,רבעיית מברשות שיניים קולגייט אקסטרה קלין 1 יחידה,הנסיך- מפעל לייצור ט,,מב.שיניים אקסטרא קלי,יחידה,0.00,יחידה,false,,11.90,0.0000,true,1,23895
8714789402918,false,נוזל לניקוי כללי ורצפות בניחוח פרחי בר אג'קס 1.5 ליטר,הנסיך- מפעל לייצור ט,,חגיגת הפרחים אדום אג,ליטרים,1.50,ליטר,false,,21.90,14.6000,true,1,23903
8714789450315,false,פלמוליב כלים שקוף לימון 1.5 ליטר,הנסיך- מפעל לייצור ט,,פלמוליב שקוף לימון 1,ליטרים,1.50,ליטר,false,,16.90,11.2667,true,1,23907
8715700110141,false,מיונז קרמי היינץ צנצנת 460ג',דיפלומט מפיצים (1968) בעמ**,,מיונז היינץ אמיתי צנ,גרמים,460.00,100 גרם,false,,12.90,2.8043,true,1,102826
8715700110158,false,היינץ ממרח במרקם קרמי צנצנת 490 גרם,דיפלומט מפיצים (1968) בעמ**,,מיונז היינץ לייט צנצ,גרמים,490.00,100 גרם,false,,12.90,2.6327,true,1,102827
8715700419732,false,מתבל עגבניות היינץ (700 גרם),דיפלומט מפיצים (1968) בעמ**,,היינץ קטשופ 700 גרם,גרמים,700.00,100 גרם,false,,14.90,2.1286,true,1,5989
8715700423906,false,היינץ מתבל עגבניות מופחת סוכר ומלח 50/50 550 גרם,דיפלומט מפיצים (1968) בעמ**,,מתבל עגבניות היינץ 2,גרמים,555.00,100 גרם,false,,11.90,2.1441,true,1,115262
8717163647202,false,"אקס דאודורנט ספריי גוף לגבר אנרכי 150 מ""ל",יוניליוור ישראל שיווק בעמ,,ספריי גוף לגבר אנרכי,מיליליטרים,150.00,"100 מ""ל",false,,17.90,11.9333,true,1,138553
8717163647233,false,"אקס דאודורנט ספריי גוף בלאק נייט 150 מ""ל",יוניליוור ישראל שיווק בע`מ,,ספריי גוף בלאק נייט,מיליליטרים,150.00,"100 מ""ל",false,,17.90,11.9333,true,1,138556
8717163647257,false,"אקס דאודורנט ספריי גוף גולד 150 מ""ל",יוניליוור ישראל שיווק בע`מ,,ספריי גוף גולד אקס 1,מיליליטרים,150.00,"100 מ""ל",false,,17.90,11.9333,true,1,138558
8718114734484,false,ממרח מיוני מיילי 320 גרם,א. סיימן סחר בעמ,,מיונז מיילי 320 גרם,גרמים,320.00,100 גרם,false,,17.90,5.5937,true,1,112488
8718951030169,false,"קולגייט סנסיטיב הלבנה המסייעת בהגנה לשיניים רגישות 75 מ""ל",ש. שסטוביץ בע`מ,,משחת קולגייט סנסטיב,מיליליטרים,75.00,"100 מ""ל",false,,19.90,26.5333,true,1,219308
8718951030206,false,"קולגייט סנסיטיב פרוטקשן משחת שיניים לשיניים רגישות 75 מ""ל",קולגייט-פלמוליב,,משחת קולגייט סנסטיב,מיליליטרים,75.00,"100 מ""ל",false,,19.90,26.5333,true,1,219309
8718951093331,false,מרידול זוג מברשות שיניים אקסטרה סופט,קולגייט פלמוליב,,מברשת שיניים מרידול,יחידה,0.00,יחידה,false,,37.90,0.0000,true,1,23948
8718951160897,false,ספריי אקונומיקה עוצמת ה7 טריגר אגקס 500מ,קולגייט פלמוליב,,אגקס עוצמת ה 7 טריגר,מיליליטרים,500.00,"100 מ""ל",false,,15.90,3.1800,true,1,86072
8718951166288,false,"משחת שיניים קולגייט מקס וייט 125 מ""ל",הנסיך- מפעל לייצור ט,,קולגייט משחת שיניים,מיליליטרים,125.00,"100 מ""ל",false,,19.90,15.9200,true,1,133625
8718951175600,false,"משחת שיניים קולגייט אוטאל קליין מינט 75 מ""ל",ש.שסטוביץ בעמ,,קולגייט משחת שיניים,מיליליטרים,75.00,"100 מ""ל",false,,14.90,19.8667,true,1,264331
8718951190191,false,"אגקס טריגר בוסט לימון וסודה 500מ""ל",קולגייט פלמוליב פירא,,אג'קס טריגר בוסט לימ,מיליליטרים,500.00,"100 מ""ל",false,,15.90,3.1800,true,1,134062
8718951236790,false,"קולגייט טוטאל משחת שיניים קלין מינט לפה בריא 100 מ""ל",קולגייט פלמוליב,,משחת שיניים קלין מינ,מיליליטרים,100.00,"100 מ""ל",false,,18.90,18.9000,true,1,135829
8718951236806,false,"קולגייט טוטאל הלבנה משחת שיניים המסייעת בהסרת כתמים 100 מ""ל",ש. שסטוביץ בע`מ,,מש.שיניים להלבנה קול,מיליליטרים,100.00,"100 מ""ל",false,,18.90,18.9000,true,1,135830
8718951240742,false,"קולגייט טוטאל משחת שיניים פסים מרעננים 100 מ""ל",איינשטיין-צור יבוא-יצוא וסחר ב,,מש.שיניים פסים מרעננ,גרמים,128.00,100 גרם,false,,18.90,14.7656,true,1,135832
8718951264618,false,"קולגייט אופטיק וייט פחם צ'רקול משחת שיניים, 75 מ""ל",איינשטיין-צור יבוא-יצוא וסחר ב,,קולגייט אופטיק וייט,מיליליטרים,75.00,"100 מ""ל",false,,31.90,42.5333,true,1,219049
8718951315303,false,"קולגייט אדומה משחת שיניים להגנה מפני עששת 2*100 מ""ל",קולגייט-פלמוליב,,משחת שיניים קולגייט,מיליליטרים,200.00,"100 מ""ל",false,,20.90,10.4500,true,1,240100
8718951382718,false,"פלמוליב ג'ל רחצה חימר התחדשות 750 מ""ל",קולגייט פלמוליב,,ג'ל רחצה חימר התחדשו,מיליליטרים,750.00,"100 מ""ל",false,,21.90,2.9200,true,1,258378
8718951382787,false,"משחת שיניים אופטיק וויט חימר ומינרלים 75 מ""ל קולגייט",ש.שסטוביץ בעמ,,משחת שיניים אופטיק ו,מיליליטרים,75.00,"100 מ""ל",false,,31.90,42.5333,true,1,393752
8718951409798,false,זוג מברשות שיניים מקס וויט פחם קולגייט,הנסיך- מפעל לייצור ט,,קולגייט מברשת שיניים,יחידה,0.00,יחידה,false,,28.90,0.0000,true,1,309510
8718951443358,false,"סבון ידיים הגיינה פלמוליב מארז 3*300 מ""ל",ש.שסטוביץ בעמ,,פלמוליב סבון ידיים ה,מיליליטרים,900.00,"100 מ""ל",false,,27.90,3.1000,true,1,309575
8718951509627,false,"קולגייט אופטיק וייט לאוהבי קפה ותה משחת שיניים 75 מ""ל",קולגייט פלמוליב,,קולגייט וואייט להסרת,יחידה,0.00,יחידה,false,,29.90,0.0000,true,1,424598
8719200998001,false,מרגרינה לאפיה ובישול בלי מלח 200 ג' בלו בנד,יוניליוור ישראל מזון בע\,,בלו בנד ללא מלח 200,גרמים,200.00,100 גרם,false,,4.90,2.4500,true,1,191313
8719200998018,false,מחמאה מרגרינה בטעם חמאה בלובנד 200 גרם,"מיוצר ע""\י יוניליוור ישר",,מחמאה מרגרינה בטעם ח,גרמים,200.00,100 גרם,false,,5.50,2.7500,true,1,191314
8719200998032,false,"מרגרינה מזולה גלורי טעם חמאה 250גר 8 יחידות - כשל""פ","מיוצר ע""\י יוניליוור ישר",,מזולה בטעם חמאה 250,גרמים,250.00,100 גרם,false,,10.90,4.3600,true,1,191336
8719200998049,false,"מרגרינה מזולה גלורי רגיל 250גר 8 יחידות -כשל""פ","מיוצר ע""\י יוניליוור ישר",,מזולה בטעם טבעי 250,גרמים,250.00,100 גרם,false,,9.90,3.9600,true,1,191337
8719200998094,false,"מרגרינה מזולה לאפיה ללא תוספת מלח 200גר - 40 יח' -כשל""פ","מיוצר ע""\י יוניליוור ישר",,מזולה מרגרינה לאפייה,גרמים,200.00,100 גרם,false,,6.90,3.4500,true,1,191321
8719200998100,false,מרגרינה מזולה לאפיה טעם חמאה 200גר - 40 יח',דיפלומט מפיצים (1968) בעמ**,,מזולה מרגרינה לאפייה,גרמים,200.00,100 גרם,false,,6.90,3.4500,true,1,191322
8720181114458,false,אקס דאו ספריי לאישה 150 מל(יבוא מקביל,איינשטיין-צור יבוא-יצוא וסחר ב,,דאורדורנט ספריי אקס,מיליליטרים,150.00,"100 מ""ל",false,,12.90,8.6000,true,1,436690
8720181114472,false,"אקס - דאודורנט ספריי לגבר אפולו 150 מ""ל",איינשטיין-צור יבוא-יצוא וסחר ב,,דאורדורנט ספריי אקס,מיליליטרים,150.00,"100 מ""ל",false,,12.90,8.6000,true,1,365109
8721200060107,false,בקרסלנד-סטרופ וופל הולנדי 250 גרם,דה בנקט גרופ,,סטרופ וופל הולנדי 25,גרמים,250.00,100 גרם,false,,12.90,5.1600,true,1,118212
8723400756552,false,מארז סוכריות מנטוס Mentos ריינבואו,פרפטי ואן מלה ברדה,,RAINBOW רביעית סוכרי,גרמים,150.00,100 גרם,false,,11.90,7.9333,true,1,14138
8801055707966,false,קפה טייסטרס צ`ויס בריסטה נסקפה (180 גרם),קבוצת אוסם סחר שותפות מוגבלת,,נס קפה טייסטרס צ'ויס,גרמים,180.00,100 גרם,false,,33.90,18.8333,true,1,21927
8801055708772,false,מארז טייסטרס צ'ויס 200 גרם+50 גר' מתנה,קבוצת אוסם סחר-שות.מוגבלת,,נס קפה טייסטרס צ'ויס,גרמים,250.00,100 גרם,false,,33.90,13.5600,true,1,127760
8801055709458,false,אבקה להכנת משקה קפה בטעם קפוצ'ינו קרמל,קבוצת אוסם סחר שותפות מוגבלת,,נסקפה קפוצ'ינו קרמל,גרמים,170.00,100 גרם,false,,20.50,12.0588,true,1,439416
8801055709472,false,נסטלה - נסקפה קפוצ'ינו קלאסי 12.50 גרם * 10,קבוצת אוסם סחר שותפות מוגבלת,,נסקפה קפוצ'ינו קלאסי,גרמים,185.00,100 גרם,false,,20.50,11.0811,true,1,404147
8851613101378,false,"נוזל קוקוס ארוי די 250 מ""ל",גורי מוצרי צריכה (1991) בעמ,,משקה קוקוס ארוי-די,מיליליטרים,250.00,"100 מ""ל",false,,10.90,4.3600,true,1,4345
8901314525055,false,מברשת שיניים קולגייט זיג זג צ`ארקול 4 יח,פארמה דיל (פ.א.ב.) שיווק והפצה,,רביעיית מברשת שיניים,יחידה,0.00,יחידה,false,,14.90,0.0000,true,1,402127
8901537024014,false,"אורז בסמטי מובחר 1 ק""ג - דוואט) יורה דיעה",ג. וילי-פוד אינטרנשיונל בע`מ,,וילי פוד אורז בסמטי,גרמים,1000.00,100 גרם,false,,14.90,1.4900,true,1,3808
9000101372878,false,קפסולות דיסקס לניקוי כביסה לבנה וצבעונית Deep Clean,גורי שיווק בעמ,,פרסיל דיסקס לכביסה ל,יח',22.00,יח',false,,36.90,1.6773,true,1,315331
9000101380255,false,פרסיל דיסקס לכביסה ניקיון היגייני 22 יחידות,גורי שיווק בעמ,,פרסיל דיסקס לכביסה ל,יח',22.00,יח',false,,36.90,1.6773,true,1,331624
9000101418163,false,שלישיית סבון אסלה בניחוח מתחלף תפוח ירוק ברף,גורי שיווק בעמ,,ברף בניחוח מתחלף תפו,גרמים,150.00,100 גרם,false,,21.90,14.6000,true,1,433731
9000101512526,false,פרסיל - פאוור קאפס קפסולות ג'ל מרוכזות לכביסה 26 יח',גורי שיווק בעמ,,פרסיל פאוור קאפס לכב,יח',26.00,יח',false,,36.90,1.4192,true,1,433641
9002859036644,false,גונץ-שוק' חלב 100 גר' עם ק.טירמיסו 1/16(84479),,,גונץ שוקולד עם ק. טר,גרמים,100.00,100 גרם,false,,10.90,10.9000,true,1,451216
9002859053825,false,גונץ-שוקולד סטיקס מריר קפה 75 גרם,,,שוקולד סטיקס מריר קפ,גרמים,75.00,100 גרם,false,,12.90,17.2000,true,1,451563
9002859058172,false,בונבוניירה בננה ציפוי שוקולד מריר 300 גר,GUNZ WARENHANDELS,,בננה ציפוי שוקולד מר,גרמים,300.00,100 גרם,false,,15.90,5.3000,true,1,20902
9002859073298,false,כדורגל שוקולד ברשת 100 גרם גונץ,GUNZ WARENHANDELS,,גונץ כדורגל שוקולד ב,גרמים,100.00,100 גרם,false,,10.90,10.9000,true,1,451233
9002859083327,false,גונץ-ארנבי שוקולד חלב ברשת ק.חלב 100 גר,,,ארנבי שוקולד חלב ברש,גרמים,100.00,100 גרם,false,,10.90,10.9000,true,1,451265
9002859105753,false,גונץ-ארנבי שוקולד חלב ברשת 100 גר,,,ארנבי שוקולד חלב ברש,גרמים,100.00,100 גרם,false,,10.90,10.9000,true,1,451266
9002975393843,false,סוכריות גילי הריבו גולדברס 70 גרם,"האריבו , ג'\י.אם.בי.אייץ",,סוכריות גומי בטעמי פ,גרמים,70.00,100 גרם,false,,7.90,11.2857,true,1,302255
9120097310583,false,חטיף שוקו בננה מיניונים מצונן 108 גרם רבנות,ג.וילי-פוד אינטרנשיונל **גבינו,,חטיף שוקו בננה מיניו,גרמים,108.00,100 גרם,false,,15.90,14.7222,true,1,457802
9310072028750,false,חטיף שוקולד דאבל קרם טים טם (200 גרם),"ארנוטס ביסקוויטס בע""",,טים טם קרם דאבל 200,גרמים,200.00,100 גרם,false,,21.70,10.8500,true,1,67524
9771565038319,false,עיתון ידיעות אחרונות,ידיעות אחרונות בעמ,,ידיעות אחרונות יום א,יחידה,0.00,יחידה,false,,0.50,0.0000,true,1,10987
9771565038326,false,עיתון ידיעות אחרונות,ידיעות אחרונות בעמ,,ידיעות אחרונות יום ב,יחידה,0.00,יחידה,false,,0.50,0.0000,true,1,10988
9771565038333,false,עיתון ידיעות אחרונות,ידיעות אחרונות בעמ,,ידיעות אחרונות יום ג,יחידה,0.00,יחידה,false,,0.50,0.0000,true,1,10989
9771565038340,false,עיתון ידיעות אחרונות,ידיעות אחרונות בעמ,,ידיעות אחרונות יום ד,יחידה,0.00,יחידה,false,,0.50,0.0000,true,1,10990
9771565038357,false,עיתון ידיעות אחרונות,ידיעות אחרונות בעמ,,ידיעות אחרונות יום ה,יחידה,0.00,יחידה,false,,0.50,0.0000,true,1,10991
9771565051066,false,עיתון ידיעות אחרונות,ידיעות אחרונות בעמ,,ידיעות אחרונות יום ו,יחידה,0.00,יחידה,false,,12.00,0.0000,true,1,11004
