code,internal_code,name,manufacturer_name,manufacture_country,manufacturer_item_description,unit_qty,quantity,unit_of_measure,weighted,qty_in_package,price,unit_of_measure_price,allow_discount,status,item_id
11900809,false,פילה אמנון ארוז בואק,,,פילה אמנון ארוז בואק,קילוגרמים,1.00,"ק""ג",true,,29.90,29.9000,true,1,225209
13579775,false,לשון בקר מוכשר קפוא,,,לשון בקר מוכשר קפוא,קילוגרמים,1.00,"ק""ג",true,,39.90,39.9000,true,1,234158
18389423,false,סינטה עגל,,,סינטה עגל,קילוגרמים,1.00,"ק""ג",true,,129.00,129.0000,true,1,243670
18389430,false,סינטה עגל,,,סינטה עגל,קילוגרמים,1.00,"ק""ג",true,,129.00,129.0000,true,1,243671
18389621,false,סינטה עגל,,,סינטה עגל,קילוגרמים,1.00,"ק""ג",true,,129.00,129.0000,true,1,243672
18389638,false,סינטה עגל,,,סינטה עגל,קילוגרמים,1.00,"ק""ג",true,,129.00,129.0000,true,1,243673
32147230,false,לימונית - מיץ לימון משומר,ג'נרל מילס סאן אדריא,CH,מיץ לימון סיצילייה 2,,200.00,100 גרם,false,,8.90,0.0445,true,1,207106
40084107,false,ביצת שוקולד הפתעה קינדר,קריות זול,IT,ביצת הפתעה קינדר 20ג,,20.00,100 גרם,false,,6.50,0.3250,true,1,214022
40099132,false,מסטיק הובה בובה Hubba Bubba בטעם תות,הובה בובה Hubba Bubba,,הובה בובה צאנק תות 3,,35.00,,false,,3.50,0.1000,true,1,213807
42123866,false,מסטיק הובה בובה צ'אנק פירות קלאסי 35ג',הובה בובה Hubba Bubba,,הובה בובה קלאסי צ'אנ,,35.00,,false,,3.50,0.1000,true,1,213820
54051157,false,מעדן סויה טעם שוקו אלפרו רביעיה 125 ג',קריות זול,BE,אלפרו מעדן סויה שוקו,,500.00,100 גרם,false,,18.90,0.0378,true,1,185278
59016441,false,"רקסונה - דאודורנט רול און לאישה פרוט ספין 50 מ""ל",,,רקסונה רול און פרוט,,50.00,,false,,14.90,0.2980,true,1,241034
59079811,false,"רקסונה - דאודורנט רולאון לאישה טלק 50 מ""ל",,,רקסונה רולאון נשים ט,,50.00,100 גרם,false,,14.90,0.2980,true,1,241041
59082637,false,"רקסונה - דאודורנט רולאון לגבר אקסטרא קול 50 מ""ל",רקסונה Rexona,,רקסונה מן רול און אק,,50.00,,false,,14.90,0.2980,true,1,235075
72917367,false,טעמי חטיף במילוי קרם נוגט וקרמל,"שטראוס גרופ בע""מ",IL,טעמי 40 גרם,,40.00,100 גרם,false,,4.90,0.1225,true,1,208364
72940754,false,מעדן מילקי בטעם וניל עם קצפת,"שטראוס גרופ בע""מ",IL,מילקי וניל,,170.00,,false,,3.10,0.0182,true,1,195340
72940761,false,מעדן מילקי בטעם שוקולד עם קצפת,מיוצר עי קונדיטוריית,IL,מילקי שוקו,,170.00,,false,,3.10,0.0182,true,1,195341
72940952,false,מעדן מילקי בטעם שוקולד עם אקסטרה קצפת,"שטראוס גרופ בע""מ",IL,מילקי פי 2 קצפת,,110.00,100 גרם,false,,3.90,0.0355,true,1,195343
72941041,false,מעדן מילקי מיני בטעם שוקולד עם קצפת,"שטראוס גרופ בע""מ",IL,מיני מילקי שוקולד 70,,70.00,,false,,2.50,0.0357,true,1,195347
72945308,false,קוביות שמרים לאפיה שמרית 2*25 ג',"פאקא תעשיות בע""מ",IL,שמרית קוביות שמרים ל,,50.00,100 גרם,false,,4.30,0.0860,true,1,195348
72961506,false,יוגורט עם תות 1.5% שומן 125 ג' פרילי,מיוצר עי קונדיטוריית,IL,יוגורט עם תות 1.5% פ,,125.00,100 גרם,false,,3.70,0.0296,true,1,188664
72961520,false,יוגורט עם אננס 1.5% שומן 125 ג' פרילי,מיוצר עי קונדיטוריית,IL,יוגורט עם אננס 1.5%,,125.00,100 גרם,false,,3.70,0.0296,true,1,188666
72961544,false,באדי יוגורט בטעם תות שדה 3%,מחלבת אלון תבור,IL,יוגורט בטעם תות שדה,,125.00,100 גרם,false,,3.10,0.0248,true,1,188667
72963753,false,שמנת אורגינל של פעם 27% שומן 200 ג' תנובה,תנובה מרכז שיתופי לש,IL,שמנת של פעם 27% תנוב,,200.00,,false,,4.50,0.0225,true,1,188674
72964132,false,פרילי טבע עם גרנולה 1.5% 200מל,מיוצר עי קונדיטוריית,IL,פרילי טבעי עם גרנולה,,150.00,100 גרם,false,,5.50,0.0367,true,1,188676
72964422,false,תנובה יוגורט פרחים 4.5% 200מל,מחלבת תנובה,IL,יוגורט פרחים תנובה 4,,200.00,,false,,3.00,0.0150,true,1,188678
72986240,false,מעדן שוקו 2% שומן 125 ג' באדי,מחלבת אלון תבור,IL,באדי שוקו בדץ 125מל,,125.00,100 גרם,false,,3.10,0.0248,true,1,188682
72986370,false,"גלידת בן & ג'ריס פיינטים וניל 500מ""ל",מוצרי איכות אמריקאים,IL,בן&גריס גלידה פיינטי,,420.00,,false,,24.90,0.0593,true,1,173966
72986424,false,"גלידת בן & ג'ריס פיינטים קרם עוגיות 500מ""ל",מוצרי איכות אמריקאיי,IL,בן&גריס גלידה פיינטי,יחידה,420.00,יחידה,false,,24.90,0.0593,true,1,173967
72986448,false,"גלידת בן & ג'ריס פיינטים טופי קראנץ 500מ""ל",מוצרי איכות אמריקאיי,IL,בן&גריס גלידה טופי ק,יחידה,420.00,יחידה,false,,24.90,0.0593,true,1,173968
72986455,false,"ניו יורק סופר גלידת שוקולד, חתיכות פאדג' ואגוזים",מוצרי איכות אמריקאיי,IL,בן&גריס גלידה פיינטי,,420.00,100 גרם,false,,24.90,0.0593,true,1,173969
72986479,false,"צ'אנקי מנקי גלידת וניל, בננות, חתיכות פאדג' ואגוזים",מוצרי איכות אמריקאיי,IL,בן&גריס גלידה צאנקי,,420.00,100 גרם,false,,24.90,0.0593,true,1,173970
72989425,false,"גלידת בן & ג'ריס פיינטים שוקולד בראוניז 500מ""ל",מוצרי איכות אמריקאיי,IL,בן&גריס גלידה פיינטי,יחידה,500.00,יחידה,false,,24.90,0.0498,true,1,173971
72991886,false,"גלידת דולצ'ה בטעם ריבת חלב עם פאדג' בן וג'ירי 500 מ""ל",מוצרי איכות אמריקאיי,IL,בן&גריס גלידה ריבת ח,,750.00,,false,,24.90,0.0332,true,1,173972
72993637,false,מעדן חלב בטעם שוקולד 125 ג' דני,מחלבת אחיהוד,IL,דני מהדרין שוקו בודד,,125.00,100 גרם,false,,2.90,0.0232,true,1,195365
72994061,false,חטיף פסק זמן Z Good ופל מגולגל,שולן צ'יקולטה גידה ס,TR,פסק זמן טו גוד 36גר,,36.00,100 גרם,false,,5.90,0.1639,true,1,208390
80042556,false,עגבניות מרוסקות מוטי,"איי, בי, אינבוו",IT,עגבניות חתוכות מוטי,,400.00,100 גרם,false,,16.90,0.0422,true,1,214144
80042563,false,רסק עגבניות 700 ג' (צהוב) MUTTI,"איי, בי, אינבוו",IT,רסק עגבניות 700גר (צ,,700.00,,false,,14.90,0.0213,true,1,214662
80176800,false,"ממרח שוקולד נוטלה, 750 גר",פררו תעשיות איטליה ס,IT,ממרח אגוזי לוז נוטלה,,750.00,,false,,28.90,0.0385,true,1,214035
80177173,false,ממרח אגוזי לוז עם קקאו,נוטלה Nutella,IT,ממרח אגוזי לוז נוטלה,,350.00,,false,,14.90,0.0426,true,1,214037
80177616,false,אצבעות שוקולד קינדר Kinder שמונה יחידות,קריות זול,IT,קינדר אצבעות שוקולד,,100.00,100 גרם,false,,8.90,0.0890,true,1,214040
80310891,false,ביצת הפתעה קינדר ג'וי כתום,קריות זול,ZA,קינדר ג'וי 20 גרם,,20.00,100 גרם,false,,6.50,0.3250,true,1,248600
80761761,false,קינדר בואנו לבן בודד 39 גרם,קדבורי,PL,קינדר בואנו לבן 39גר,,39.00,100 גרם,false,,4.90,0.1256,true,1,214043
80773429,false,מסטיק מנטוס פיור פרש בבקבוק בינוני בטעם תות 60 ג',פרפטי ואן מלה הולנד,TR,מסטיק מנטוס פיור פרש,,60.00,,false,,9.90,0.1650,true,1,223583
80773443,false,מסטיק מנטוס בבקבוק מעוגל בטעם מנטה מעודנת 60 ג',פרפטי ואן מלה הולנד,TR,מסטיק מנטוס בקבוק מע,,60.00,,false,,9.90,0.1650,true,1,221548
80790990,false,מסטיק מנטוס בבקבוק מעוגל בטעם פירות -מנטה 60 ג',פרפטי ואן מלה הולנד,TR,מסטיק מנטוס בקבוק מע,,60.00,,false,,9.90,0.1650,true,1,221549
80843184,false,מנטוס מסטיק פיור פרש בטעם ענבים 60גר,פרפטי ואן מלה הולנד,TR,מסטיק מנטוס פיור פרש,,60.00,,false,,9.90,0.1650,true,1,244782
80896081,false,מסטיק מנטוס פיור פרש בבקבוק בינוני בטעם אבטיח 60 ג',פרפטי ואן מלה הולנד,TR,מנטוס מסטיק פיור פרש,,60.00,100 גרם,false,,9.90,0.1650,true,1,223584
80913467,false,מסטיק מנטו בבקבוק מעוגל בטעם מנטה 60 ג',פרפטי ואן מלה הולנד,TR,מסטיק מנטוס בבקבוק מ,,60.00,,false,,9.90,0.1650,true,1,221550
80936459,false,שלישיית ביצי שוקולד,,,שלישיית ביצי שוקולד,,60.00,,false,,9.90,0.1650,true,1,245826
80979128,false,מסטיק מנטוס פיור בטעם דובדבן 60 ג',פרפטי ואן מלה הולנד,TR,מסטיק מנטוס פיור פרש,,60.00,,false,,9.90,0.1650,true,1,244781
80995128,false,מנטוס - מסטיק בטעם הדרים בתוספת ויטמינים 60 גרם,פרפטי ואן מלה הולנד,TR,מנטוס מסטיק בטעם הדר,,60.00,100 גרם,false,,9.90,0.1650,true,1,248773
87108651,false,מארז סוכריות מנטוס Mentos מנטה,הדקלאים אגודת שיתופי,NL,סוכריות מנטוס מנטה ר,,37.50,100 גרם,false,,12.90,0.3440,true,1,191691
87108712,false,מארז סוכריות מנטוס Mentos פירות,פרפטי ואן מלה ברדה,NL,סוכריות מנטוס רביעיי,,37.50,,false,,12.90,0.3440,true,1,191692
90087011,false,הפי דיי נקטר תפוחים,Rauch fruchtsafte gm,,הפי דיי נקטר תפוחים,,1000.00,100 גרם,false,,12.90,0.0129,true,1,174645
90087066,false,מיץ תפוזים 100% טבעי 1 ל' RAUCH,ראוך Rauch,,הפי דיי מיץ תפוחים ר,,1000.00,100 גרם,false,,12.90,0.0129,true,1,220502
90087769,false,הפי דיי נקטר אננס לל,Rauch fruchtsafte gm,,הפי דיי נקטר אננס לל,,1000.00,100 גרם,false,,12.90,0.0129,true,1,174650
90087806,false,100% מיץ אשכוליות Happy Day,ראוך Rauch,,הפי דיי אשכוליות ראו,,1000.00,100 גרם,false,,12.90,0.0129,true,1,228569
90087974,false,"חומץ תפוחים 5% 750 מ""ל",ראוך פרוכטסאפה,,חומץ תפוחים 5% 750מל,,750.00,100 גרם,false,,13.90,0.0185,true,1,174651
90087998,false,מיץ לימון טבעי 250 מ,Rauch fruchtsafte gm,,"מיץ לימון 250מ""ל",,250.00,100 גרם,false,,5.90,0.0236,true,1,174652
96130339,false,"דאב - דאודורנט רול און לאישה 0% אלומיניום 50 מ""ל",,,דאב רולאון 0% אלומינ,,50.00,,false,,15.90,0.3180,true,1,244479
8112100298,false,שמן שומשום טהור לא מ,Flavor full foods in,,שמן שומשום טהור 185מ,,185.00,,false,,15.90,0.0859,true,1,205362
9800800056,false,חטיף שוקולד עם מקלות לחם אנד גו,נוטלה Nutella,DE,נוטלה&גו חטיף 52גר,,52.00,,false,,6.50,0.1250,true,1,214047
11210000094,false,"רוטב ""טבסקו"" על בסיס פלפל אדום 60 מ""ל",מקאילהייני אייבורי,US,טבסקו אדום 60מל,,60.00,,false,,10.90,0.1817,true,1,217324
11210618503,false,"רוטב טבסקו על בסיס פלפל סקורפיון 60מ""ל",,,"טבסקו סקורפיון 60 מ""",,60.00,100 גרם,false,,14.90,0.2483,true,1,242619
16000185517,false,דגני בוקר פייבר וואן עתירי סובין FIBRE1,בטר אנד דיפרנט,US,*מבצע* דגני פייבר וו,,555.00,100 גרם,false,,19.90,0.0359,true,1,246758
16000281684,false,חטיף שיבולת שועל פקאן חמישיה*42 ג' קראנצ'י,ג'נרל מילס,US,ניטשר וואלי חטיף קרא,,210.00,,false,,22.50,0.1071,true,1,191713
16000423534,false,ניטשר ואלי חטיף שיבולת שועל שוקולד מריר קראנצי 210ג',ג'נרל מילס סאן אדריא,ES,ניטשר וואלי חטיף שיב,,210.00,100 גרם,false,,22.50,0.1071,true,1,191715
16000548404,false,ניטשר ואלי חטיף קראנצי גרנולה שיבולת שועל 210 ג',ג'נרל מילס סאן אדריא,ES,ניטשר וואלי חטיף קרא,,210.00,,false,,22.50,0.1071,true,1,191725
16000548503,false,ניטשר ואלי קראנצי חטיף גרנולהומייפל 10 יח' 210 ג',ג'נרל מילס סאן אדריא,ES,ניטשר וואלי חטיף קרא,,210.00,,false,,22.50,0.1071,true,1,191727
16000548602,false,נייטשר וואלי חטיף קראנצ'י קינמון 210ג',ג'נרל מילס סאן אדריא,ES,ניטשר וואלי חטיף קרא,,210.00,100 גרם,false,,22.50,0.1071,true,1,191729
18000701223,false,תערובת להכנת עוגה בטעם שוקולד,הדקלאים אגודת שיתופי,IL,תערובת עוגת שוקולד פ,,550.00,,false,,19.90,0.0362,true,1,191733
18000703494,false,תערובת עוגת וניל פיסברי 500 גר',הדקלאים אגודת שיתופי,IL,תערובת עוגת וניל 500,,500.00,100 גרם,false,,19.90,0.0398,true,1,191734
21000052288,false,רוטב ברביקיו אורגינל,,,רוטב ברביקיו אורגינל,,510.00,,false,,10.00,0.0196,true,1,234991
21000052387,false,רוטב ברביקיו קראפט ד,,,רוטב ברביקיו דבש מתו,,510.00,100 גרם,false,,10.00,0.0196,true,1,234995
25675301092,false,פשקס - חמצוצים מקלות צבעונים 50 גרם,פאסין,NL,מקלות חמצוצים צבעוני,,50.00,100 גרם,false,,5.90,0.1180,true,1,237472
25675301153,false,סאוור סטיקס Sour Sticks בטעם אוכמניות,פשקז Paskesz,NL,מקלות חמוצים פטל 50,,50.00,100 גרם,false,,5.90,0.1180,true,1,233373
25675301184,false,פשקס - חמצוצים מקלות קולה 50 גרם,פשקז Paskesz,NL,מקלות חמוצים קולה 50,,50.00,,false,,5.90,0.1180,true,1,199547
25675301207,false,מקלות חמוצים חמצוצים תפוח עץ 50 גרם,פשקז Paskesz,NL,מקלות חמוצים תפוחי ע,,50.00,,false,,5.90,0.1180,true,1,199548
29424000687,false,גלילי ופל מנעמים אגוז 100גר,,,גלילי וופל אגוז מנעמ,,100.00,,false,,5.90,0.0590,true,1,190582
29424000854,false,גלילי וופל מנעמים שו,,,גלילי וופל מנעמים שו,,100.00,100 גרם,false,,5.90,0.0590,true,1,190583
33200147701,false,דפים למייבש פרש אנד סופט Tropical Burst,פרש אנד סופט Frash'n soft,US,פרש & סופט ורוד 100י,,100.00,,false,,29.90,0.2990,true,1,185289
33617340610,false,ואזה מקמח שיפון 275 גר',כלורוקס אוקלנד,SE,פת פריכה מקמח שיפון,,250.00,,false,,14.90,0.0596,true,1,192746
36000516876,false,קלינקס - טישו לושן 3 שכבות 75 דף,חוגלה קימברלי,GB,קלינקס לושן 75 יח,,75.00,,false,,13.90,0.1853,true,1,239084
37600207188,false,חמאת בוטנים סקיפי קלאסי 462 גר',חברת המזון אלגוד,US,חמאת בוטנים קלאסי סק,,462.00,100 גרם,false,,24.90,0.0539,true,1,179091
38000138638,false,חטיף צ'יפס בטעם פיצה,פרינגלס מנופקצורינג,US,פרינגלס פיצה 158גר,,158.00,,false,,11.90,0.0753,true,1,220525
38000197840,false,פרינגלס גלי בטעם חריף מתוק 137 ג',פרינגלס מניופקצ'ורינ,US,פרינגלס גלי בטעם חרי,,137.00,100 גרם,false,,11.90,0.0869,true,1,242447
38000202278,false,חטיף צ'יפס גלי בטעם אורגינל מלוח,פרינגלס מניופקצ'ורינ,US,פרינגלס גלי בטעם אור,,130.00,,false,,11.90,0.0915,true,1,242454
38000232152,false,פרינגלס ברביקיו 158 גרם – חדש,פרינגלס מניופקצ'ורינ,US,פרינגלס ביג ברביקיו,,158.00,100 גרם,false,,11.90,0.0753,true,1,239597
38000232176,false,חטיף צ'יפס שמנת חמוצה ובצל,פרינגלס מניופקצ'ורינ,US,פרינגלס ביג שמנת ובצ,,149.00,100 גרם,false,,11.90,0.0799,true,1,239596
38000232183,false,פרינגלס אורגינל 149 גרם,פרינגלס מניופקצ'ורינ,US,פרינגלס ביג אורגינל,,149.00,,false,,11.90,0.0799,true,1,239595
38527591053,false,קוואקר מרובעים קינמון דגני בוקר 412 גרם,BEVERAGES FOODS & SE,US,דגני בוקר קוואקר מרו,,412.00,100 גרם,false,,25.90,0.0629,true,1,184044
38527591060,false,דגני קוואקר מרובעים Quaker Squares עם סוכר חום,BEVERAGES FOODS & SE,US,דגני בוקר קוואקר מרו,,412.00,100 גרם,false,,25.90,0.0629,true,1,184045
40000513568,false,סוכריות אם אנד אמס M&M שוקולד חלב,M&M אם אנד אם,US,אמ&אמס אריזה גדולה ש,,156.00,,false,,11.90,0.0763,true,1,231080
40000514480,false,M&M אריזה קטנה's שוקולד אריזה קטנה 48 גרם,M&M אם אנד אם,,אמ&אמס עדשי שוקולד 4,,48.00,100 גרם,false,,4.90,0.1021,true,1,190971
40000514510,false,M&M אריזה קטנה's בוטנים אריזה קטנה 49 גרם,M&M אם אנד אם,,אמ&אמס עדשי שוקולד ב,,49.00,100 גרם,false,,4.90,0.1000,true,1,190972
41390010309,false,רוטב קיקומן טריאקי 4,ראקוטו קאסיי,,רוטב טריאקי קיקומן 4,,444.00,,false,,29.90,0.0673,true,1,179123
41500000428,false,חרדל חום חריף פרנציס,,,חרדל חום חריף פרנציס,,340.00,100 גרם,false,,19.90,0.0585,true,1,247558
41500007007,false,חרדל צהוב קלאסי פרנצס לחיץ 226 גר',,,חרדל צהוב פרנצס 226,,226.00,,false,,14.90,0.0659,true,1,247556
41500013183,false,רוטב וורצ'סטר פרנצס,,,רוטב וורצ'סטר פרנצס,,443.00,100 גרם,false,,25.90,0.0585,true,1,247553
42400108153,false,דגני בוקר צבעוניים בטעם פירות טוטי פרוטיס,פוסט Post,US,דגני פוסט טוטי פרוטי,,354.00,,false,,24.90,0.0703,true,1,243340
44164063914,false,פתיל צף מוכן לשימוש כ- 50 יחידות,שרגא SHRAGA,,פתיל צף מוכן לשימוש,יחידה,0.00,יחידה,false,,5.90,0.0000,true,1,245649
46214731552,false,עוגיות שוקולד ציפס מובחרות 225 ג',קריניציה ויטמינה אס,NL,עוגיות שוקולד ציפס ע,,225.00,100 גרם,false,,12.90,0.0573,true,1,185298
48256214758,false,מסיר כתמים קשים לכביסה לבנה וצבעונית,יעקבי- אסטוניש Astonish,GB,אסטוניש אבקת הפלא מס,,1000.00,100 גרם,false,,32.90,0.0329,true,1,183577
50000100347,false,"פריסקיז - מעדני החתול מועשר בחלב 1.40 ק""ג",נסטלה פורינה USA מק,US,פריסקיז מעדני החתול,קילוגרמים,1.40,"ק""ג",false,,39.90,28.5000,true,1,176014
50000168583,false,"פריסקיז אקסטרא קראנץ 1.43 ק""ג",פורינה,US,פריסקיז אקסטרא קראנץ,,1430.00,,false,,39.90,0.0279,true,1,243937
50000429042,false,פנסי פיסט - כבד עם מעדני עוף 85 גרם,נסטלה פורינה USA ג',US,פנסי פיסט כבד עם מעד,,85.00,100 גרם,false,,6.50,0.0765,true,1,176027
54881000062,false,תה שחור לימונית וקמומי 20 שקיות AHMAD TEA,תה אחמד Ahmad tea,,תה אנגלי שחור לימוני,יחידה,0.00,יחידה,false,,9.90,0.0000,true,1,225928
54881003995,false,תה שחור 4 סוגי פירות,תה אחמד Ahmad tea,,תה פירות אנגלי 20שק,יחידה,0.00,יחידה,false,,9.90,0.0000,true,1,225924
54881005654,false,תה ירוק יסמין 20 שקיות AHMAD TEA,תה אחמד Ahmad tea,,תה אנגלי ירוק יסמין,יחידה,0.00,יחידה,false,,9.90,0.0000,true,1,225938
54881007535,false,תה ירוק בטעם לימון 20 שקיות AHMAD TEA,תה אחמד Ahmad tea,,תה אנגלי ירוק בטעם ל,יחידה,0.00,יחידה,false,,9.90,0.0000,true,1,225940
54881008167,false,תה אינגליש ברקפסט 100 שקיות AHMAD TEA,תה אחמד Ahmad tea,,תה אינגליש ברק אחמד,,200.00,100 גרם,false,,16.90,0.0845,true,1,174678
54881008174,false,תה ארל גריי 100 שקיות AHMAD TEA,תה אחמד Ahmad tea,,תה ארל גריי אחמד 100,יחידה,0.00,יחידה,false,,16.90,0.0000,true,1,174679
54881008181,false,תה אינגליש 100 שקיות AHMAD TEA,תה אחמד Ahmad tea,,תה אינגליש אחמד 100י,,0.00,100 גרם,false,,16.90,0.0000,true,1,174680
73490130359,false,אפיפית קרם קרקר 250 ג,אפיפית נצרת,IL,קרם קרקר 250גר,,250.00,,false,,7.50,0.0300,true,1,202405
73490130946,false,ביסקוויט פתיבר 500 ג,אפיפית נצרת,IL,פתי בר וניל 500 גרם,,500.00,,false,,8.90,0.0178,true,1,202406
73490130953,false,פתי בר ביסקוויט בטעם שוקו,אפיפית נצרת,IL,פתי בר שוקו 500 גרם,,500.00,100 גרם,false,,8.90,0.0178,true,1,202407
76840002542,false,"גלידת בן & ג'ריס פיינט נטפליקס וצ'ילד 500מ""ל",מוצרי איכות אמריקאים,IL,בן&גריס גלידה פיינט,יחידה,0.00,יחידה,false,,24.90,0.0000,true,1,240813
76840100583,false,"גלידת וניל עם בצק עוגיות בן וג'ירי 473 מ""ל",מוצרי איכות אמריקאיי,IL,בן&גריס גלידה וניל+ב,,473.00,100 גרם,false,,24.90,0.0526,true,1,173985
76840620036,false,"גלידה בן&ג'ריס חצי אפוי משפחתית 500מ""ל",מוצרי איכות אמריקאים,,בן&גריס גלידה שמנת מ,,500.00,100 גרם,false,,24.90,0.0498,true,1,223165
77245110610,false,סוכריות מאסט ללא סוכר בטעם מנטה 80 ג'עלית,MIESZKO S.A - MS. JO,IL,מאסט סוכריות ללא סוכ,,80.00,100 גרם,false,,9.30,0.1163,true,1,208411
77343000233,false,נרות חימום אורה 50,קריות זול,IL,להבונים 50יח,יחידה,0.00,יחידה,false,,9.90,0.0000,true,1,173369
77343001117,false,נר שבת 72 רגיל,,,נר שבת 72 רגיל,,72.00,,false,,26.90,0.3736,true,1,246664
77343002015,false,צינוריות ופתילות לכוסיות שמן זית,מנורה,,צינוריות ופתילות לכו,יחידה,0.00,יחידה,false,,5.90,0.0000,true,1,225841
77975094631,false,סנדביץ בייגלה במילוי קרם בטעם צ'דר 226 גרם סניידרס,סניידרס Snyder's,,בייגלה סניידרס גבינה,,266.00,100 גרם,false,,16.90,0.0635,true,1,241976
77975094761,false,שברי בייגלה בטעם צ'דר 340 גרם סניידרס,סניידרס Snyder's,US,שברי בייגל בטעם גבינ,,340.00,,false,,16.90,0.0497,true,1,243713
77975094778,false,סניידרס שברי בייגל בטעם דבש וחרדל 340 גר,סניידרס Snyder's,US,סניידרס בטעם דבש חרד,,340.00,100 גרם,false,,16.90,0.0497,true,1,244189
80432402931,false,"שיבאס וויסקי ריגאל 12 שנה 700 מ""ל",מזקקת האחים שיבאס,GB,וויסקי שיבאס 700מל,,700.00,,false,,119.00,0.1700,true,1,172813
80518532743,false,שקית בלון 50 בלונים,NORTHERN,,בלוני גומי רמה 3,יחידה,0.00,יחידה,false,,11.90,0.0000,true,1,186534
89041081056,false,שמן צ'ילי 185 מל,Flavor full foods in,,שמן צ'ילי 185 מל,,185.00,,false,,12.90,0.0697,true,1,233628
89397344362,false,דיניקולה רוטב פסטה מרינרה 737 גרם,ג'יאובני פוד אינק,,רוטב לפסטה דיניקולה,,737.00,100 גרם,false,,17.90,0.0243,true,1,228518
628154383659,false,דגני בוקר פרוטי פבלס 311 ג' POST,פוסט לקיוויל,PL,דגני פוסט פרוטי פבלס,,311.00,100 גרם,false,,24.90,0.0801,true,1,247539
645173911038,false,קורנישון מלפפוןן מיני 720 גרם - תומר,קלמן אינדיה,,קורנישון מיני 720גר,,720.00,100 גרם,false,,12.90,0.0179,true,1,174690
651080647519,false,"פלאקרס ""פלוסר ""חוט דנטלי ירוק -מנטה",המאפיה של הרמן,US,"פלאקרס ""פלוסר"" חוט ד",יחידה,0.00,יחידה,false,,10.90,0.0000,true,1,244842
693493084949,false,שמן קנולה מזוכך oro 1ליטר.,קובנסקי אלווטו,RU,שמן קנולה מזוכך 1 לי,,1000.00,100 גרם,false,,10.90,0.0109,true,1,246484
768404001640,false,"גלידה בן&ג'ריס קפה משפחתית 500מ""ל",מוצרי איכות אמריקאיי,IL,בן&גריס גלידה פיינטס,,473.00,100 גרם,false,,24.90,0.0526,true,1,174007
773430021456,false,חנוכית פח לילדים,,,חנוכית פח לילדים,יחידה,0.00,יחידה,false,,5.90,0.0000,true,1,225842
835811005728,false,עלים לקרמשניט 400 גר`,רונית מאפים בעמ,IL,עלים לקרמשניט 2*200ג,,300.00,100 גרם,false,,19.90,0.0663,true,1,191281
835811006701,false,עטרות לאפייה הנמל 24 יח',שוורצקוף& הנקל דיסלד,IL,קוקטים לאפייה 24יח,,24.00,,false,,9.90,0.4125,true,1,191321
850006036028,false,מאפה חיטה מקלונים בטעם סלק בצל 400 ג' עבאדי,,,עבאדי מאפה חיטה מקלו,,400.00,,false,,19.90,0.0497,true,1,247920
856591000055,false,עוגיות מזרחיות קריספי שרוף במיוחד,עבאדי,IL,עוגיות עבאדי מזרחיות,,400.00,,false,,19.90,0.0497,true,1,190598
856591000062,false,עוגיות מזרחיות מלח 400 ג' עבאדי,מאפיית יוסף ושמחה עב,IL,עוגיות עבאדי מזרחיות,,400.00,,false,,19.90,0.0497,true,1,190599
856591000109,false,עבאדי עוגיות מזרחיות פריכות 400ג',מאפיית יוסף ושמחה עב,IL,עוגיות עבאדי עוגיות,,400.00,100 גרם,false,,19.90,0.0497,true,1,190603
856591000512,false,עוגיות עבאדי מיני מזרחי מקלות 400ג',מאפיית יוסף ושמחה עב,IL,עוגיות מזרחיות מקלות,,400.00,100 גרם,false,,19.90,0.0497,true,1,190617
884912002372,false,דגני בוקר גרייט גריינס פוסט453 גרם,post consumer brands,US,פוסט סלקט קרנברי 396,,396.00,,false,,26.90,0.0679,true,1,230158
884912117625,false,דגני שלווה מצופים בדבש Golden Crisp,הנסיך- מפעל לייצור ט,US,דגני פוסט גולדן קריס,,418.00,100 גרם,false,,24.90,0.0596,true,1,226943
884912359414,false,דגני בוקר האני באנצס קינמון 340 ג' POST,פוסט לקיוויל,US,דגני פוסט האני בנצ'ס,,340.00,100 גרם,false,,24.90,0.0732,true,1,247534
884912359421,false,דגני בוקר האני באנצס פקאן ומייפל 340 ג' POST,פוסט לקיוויל,US,דגני פוסט האני בנצ'ס,,340.00,100 גרם,false,,24.90,0.0732,true,1,247535
884912365200,false,דגני בוקר אוראו הדור הבא 311 ג',פוסט לקיוויל,US,דגני בוקר אוראו 311,,311.00,,false,,21.90,0.0704,true,1,248478
884912377142,false,דגני בוקר האני באנצס וניל 340 ג' POST,פוסט לקיוויל,US,דגני פוסט האני בנצ'ס,,340.00,100 גרם,false,,24.90,0.0732,true,1,247537
887930411560,false,סוללה קודאק 2025 156,,,סוללה קודאק 2025 156,יחידה,0.00,יחידה,false,,13.90,0.0000,true,1,248650
887930413397,false,סוללות קודאק זוג AAA,,,סוללות קודאק זוג AAA,יחידה,0.00,יחידה,false,,5.90,0.0000,true,1,246769
887930415704,false,נורות לד קודאק A60 ו,,,נורות לד קודאק A60 ו,יחידה,0.00,יחידה,false,,21.90,0.0000,true,1,224057
887930952018,false,סוללות קודאק אקסטרא,,,סוללות קודאק אקסטרא,יחידה,0.00,יחידה,false,,11.90,0.0000,true,1,222976
887930956238,false,סוללה קודאק 6230 2-C,,,סוללה קודאק 6230 2-C,יחידה,0.00,יחידה,false,,22.90,0.0000,true,1,248649
3010470155299,false,פריסקיז Friskies פטה בקר וירקות,ניו פטפוד איטליה,IT,פריסקיז פטה בקר וירק,,400.00,,false,,9.90,0.0248,true,1,242272
3010470158221,false,פריסקיז פטה עוף וירק,ניו פטפוד איטליה,IT,פריסקיז פטה עוף וירק,,400.00,100 גרם,false,,9.90,0.0248,true,1,242273
3014260228842,false,"ג'ילט קצף גילוח רגיל - 200 מ""ל",מולינו ניקולי s.p.a,GB,גילט קצף גילוח רגיל,,200.00,100 גרם,false,,14.90,0.0745,true,1,203634
3014260240226,false,"ג'ילט קצף גילוח רגיש - 200 מ""ל",פרוקטר אנד גמבל,GB,גילט קצף גילוח לעור,,200.00,100 גרם,false,,14.90,0.0745,true,1,203635
3014260246693,false,ונוס 2 חד פעמי 4 סכינים,Unknown,,וונוס סימפל סכיני גי,יחידה,0.00,יחידה,false,,9.90,0.0000,true,1,208211
3014260262709,false,סכיני גילוח לאישה 3 להבים,ג'ילט ונוס Gillette Venus,DE,וונוס סכיני גילוח 4י,יחידה,0.00,יחידה,false,,39.90,0.0000,true,1,208213
3014260287030,false,גילט בלו ח.פעמי חמישייה,פרוקטר אנד גמבל,MD,גילט סכיני גילוח חד,יחידה,0.00,יחידה,false,,9.90,0.0000,true,1,208214
3014260289287,false,סכיני גילוח לאישה בלו 2 Blue,פרוקטר אנד גמבל,RU,גילט בלו סכיני גילוח,יחידה,0.00,יחידה,false,,9.90,0.0000,true,1,203660
3046920010047,false,שוקולד לינדט אקסלנס,Unknown,,שוקולד לינדט אקסלנס,,100.00,100 גרם,false,,15.90,0.1590,true,1,221830
3046920010801,false,שוקולד מריר אקסלנס עם אגוזי לוז,לינדט ושפרונגלי אס.א,FR,שוקולד לינדט אקסלנס,,100.00,,false,,15.90,0.1590,true,1,221640
3046920028004,false,שוקולד מריר אקסלנס 70%,לינדט ושפרונגלי,FR,שוקולד לינדט אקסלנס,,100.00,100 גרם,false,,15.90,0.1590,true,1,190996
3046920028363,false,שוקולד מריר אקסלנס 85%,לינדט ושפרונגלי,FR,שוקולד לינדט אקסלנס,,100.00,100 גרם,false,,15.90,0.1590,true,1,190997
3046920029759,false,שוקולד מריר אקסלנס 90% קקאו,לינדט ושפרונגלי ג'י.,DE,שוקולד לינדט אקסלנס,,100.00,,false,,15.90,0.1590,true,1,191001
3059943015104,false,מבשם אוויר נטול גז אקווה מיסט בניחוח פריסיה ויסמין,איירוויק Air Wick,PL,איירויק נטול גז פריס,,345.00,,false,,15.90,0.0461,true,1,200018
3059943015128,false,מבשם אוויר נטול גז אקווה מיסט בניחוח לבנדר פראי ואוויר הרים,הדקלאים אגודת שיתופי,PL,איירוויק ספריי נטול,,345.00,100 גרם,false,,15.90,0.0461,true,1,200019
3059943016507,false,"אירוויק ספריי בניחוח לבנדר וקמומיל 240 מ""ל",איירוויק Air Wick,GB,איירוויק ספריי לבנדר,,240.00,,false,,10.90,0.0454,true,1,200020
3073781162790,false,גבינת בייבי בל אדם 1,מחלבות בל,FR,בייבי בל 120 גרם,,120.00,100 גרם,false,,22.90,0.1908,true,1,249700
3083681142983,false,שעועית עדינה קפואה ב,,,שעועית עדינה קפואה ב,,600.00,100 גרם,false,,22.90,0.0382,true,1,249286
3083681143010,false,אפונת גן קפואה בונדו,,,אפונת גן קפואה בונדו,,600.00,100 גרם,false,,14.90,0.0248,true,1,249285
3161911229199,false,אלוויר חמאה רכה 250ג',אלל אה וויר,FR,אלוויר חמאה רכה 250ג,,250.00,,false,,22.90,0.0916,true,1,201666
3161911366429,false,חמאה רכה מלוחה אלווי,ארזינא,FR,אלוויר חמאה רכה מלוח,,250.00,,false,,22.90,0.0916,true,1,237232
3178530407938,false,עוגיות מיני מדלן עם פצפוצי שוקולד,סן מישל St Michel,FR,מיני מדלן עם פיצפוצי,,175.00,,false,,12.90,0.0737,true,1,224445
3387390525960,false,קראנץ' Crunch דגנים פריכים עם שוקולד,הנסיך- מפעל לייצור ט,FR,דגני קראנץ' נסטלה 50,,500.00,,false,,27.90,0.0558,true,1,176045
3387390730852,false,פיטנס Fitness קלאסי דגנים מלאים ואורז,נסטלה צרפת איטנקורט,FR,פיטנס דגנים מחיטה מל,,375.00,100 גרם,false,,23.90,0.0637,true,1,176046
3574660389128,false,"שטיפת ליסטרין 500 מ""ל קוול מנת",,,ליסטרין מי פה קול מי,,500.00,100 גרם,false,,19.90,0.0398,true,1,248691
3574660389142,false,"ליסטרין מי פה ירוק פרש בורסט 500 מ""ל",,,ליסטרין מי פה פרש יר,,500.00,100 גרם,false,,19.90,0.0398,true,1,248692
3574660415506,false,"ליסטרין טוטאל קר סגול 500 מ""ל",,,ליסטרין טוטאל קייר ס,,500.00,100 גרם,false,,19.90,0.0398,true,1,248694
3574661425139,false,"ג'ונסון - בייבי קרם החתלה 100 מ""ל",,,גונסון בייבי קרם החת,,100.00,100 גרם,false,,19.90,0.1990,true,1,227690
3574661487328,false,קרפרי מגני תחתון אורגינל פלוס 56 יח',הדקלאים אגודת שיתופי,IT,קרפרי תחתוניות רגיל,יחידה,0.00,יחידה,false,,14.90,0.0000,true,1,234474
3574661487335,false,קרפרי מגן תחתון מקסי לונג ריח'ני 40 יח',קרפרי Carefree,,קרפרי תחתוניות לונג,יחידה,0.00,יחידה,false,,14.90,0.0000,true,1,234475
3574661487625,false,מגני תחתון פלוס לארג' בניחוח עדין L,הדקלאים אגודת שיתופי,IT,קרפרי תחתוניות מקסי,יחידה,0.00,יחידה,false,,14.90,0.0000,true,1,234477
3574661491721,false,"ליסטרין - מי פה הלבנה 500 מ""ל",,,ליסטרין מי פה לבן,,500.00,,false,,19.90,0.0398,true,1,248693
3574661500355,false,קרפרי מגן תחתון מקסי לונג רגיל 40 יח',ג'ויה מעבדות לקוסמטי,IT,קרפרי תחתוניות לונג,יחידה,0.00,יחידה,false,,14.90,0.0000,true,1,234478
3574661520469,false,שמפו לתינוק גונסון 500 מל,,,"שמפו גונסון 500 מ""ל",,500.00,100 גרם,false,,10.00,0.0200,true,1,245982
3574661520476,false,שמפו גונסון ירוק קמומיל 500 מל,,,שמפו גונסון קמומיל 5,,500.00,,false,,10.00,0.0200,true,1,245983
3574661552576,false,קרפרי מגן תחתון רגיל טנגה לבן 56 יח חדש,הדקלאים אגודת שיתופי,GR,קרפרי מגן תחתון רגיל,,56.00,,false,,14.90,0.2661,true,1,240927
3574661552811,false,קרפרי כותון אוורירי 56 יח',הדקלאים אגודת שיתופי,GR,קרפרי תחתוניות כותון,יחידה,0.00,יחידה,false,,14.90,0.0000,true,1,240928
3574669907880,false,שמפו גונסון צהוב 300 מל,,,ג'ונסון שמפו גולד 30,,300.00,,false,,7.90,0.0263,true,1,244535
3574669908665,false,גונסון בייבי אל סבון לפני שינה 750 חדש,גונסון אנד גונסון,IT,גונסון בייבי אל סבון,,750.00,100 גרם,false,,19.90,0.0265,true,1,227683
3607343817547,false,"אדידס - דאודורנט ספריי לגבר קליימקול 150 מ""ל",קולפ,PT,אדידס דאודורנט ספריי,,150.00,100 גרם,false,,14.90,0.0993,true,1,244831
3607345264356,false,"אדידס - דאודורנט ספריי לגבר דינמיק פולס 150 מ""ל",,,פיוז'ן ספריי גוף דינ,,150.00,100 גרם,false,,14.90,0.0993,true,1,207194
3607345265117,false,"אדידס - דאודורנט ספריי לגבר טים פורס 150 מ""ל",מיוצר עי קונדיטוריית,ES,פיוז'ן ספריי גוף טים,,150.00,,false,,14.90,0.0993,true,1,207196
3608580730231,false,קונפיטורה בון ממאן תות שדה 370 גר',אף.סי תבליני בגליל ב,FR,קונפיטורה תות 370 גר,,370.00,,false,,19.90,0.0538,true,1,203484
3608580730286,false,קונפיטורה בון ממאן ארבע עונות 370 גר',אנדרוס,FR,קונפיטורה 4 פירות 37,,370.00,,false,,19.90,0.0538,true,1,203487
3800016701055,false,חצאי אפרסק בסירופ 70,,,חצאי אפרסק בסירופ 70,,700.00,,false,,7.90,0.0113,true,1,206072
3800016701161,false,חצאי שזיף בסירופ 700,פרוקטו סליבאן,,חצאי שזיף בסירופ 700,,700.00,100 גרם,false,,7.90,0.0113,true,1,206073
3800016701178,false,חצאי משמש בסירופ 700,פרוקטו סליבאן,,חצאי משמש בסירופ 700,,700.00,,false,,7.90,0.0113,true,1,206074
3800020403631,false,חטיף שוקולד צאנקי חמאת בוטנים 42ג' קיט קט,נסטלה בולגריה A.D.,BG,קיט קט צ'אנקי חמאת ב,,42.00,,false,,4.90,0.1167,true,1,229313
3800020423578,false,חטיף שוקולד חלב צאנקי 40 ג' קיט קט,נסטלה Nestle,BG,קיט קאט צאנקי 40 גרם,,40.00,,false,,4.90,0.1225,true,1,229315
3800020472569,false,קיט קט צ'אנקי קרמל 43.5ג,,,קיט קט צ'אנקי קרמל 4,,43.50,100 גרם,false,,4.90,0.1126,true,1,248568
3800123604072,false,אסורטי סבא בחומץ 580,,,אסורטי סבא בחומץ 580,,580.00,100 גרם,false,,10.90,0.0188,true,1,206133
3800718504947,false,ספוג סקוטש 10יח,,,ספוג סקוטש 10יח,,10.00,,false,,6.90,0.6900,true,1,197824
3838824127149,false,צבע לשיער פלטה - 1-1 שחור כחול,שוורצקוף Schwarzkopf,DE,פאלטה-צבע לשיער שחור,יחידה,0.00,יחידה,false,,19.90,0.0000,true,1,225159
3838824127163,false,פאלטה סמי קיט 10-1 בלונד כסוף,הנקל סוד,DE,פאלטה-צבע לשיער בלונ,יחידה,0.00,יחידה,false,,19.90,0.0000,true,1,190169
3838824127200,false,צבע לשיער פלטה - 3-0 חום כהה,שוורצקוף Schwarzkopf,DE,פאלטה-צבע לשיער חום,יחידה,0.00,יחידה,false,,19.90,0.0000,true,1,225160
3838824127262,false,פלטה סמי קיט בלונד כהה 6-0 צבע שיער,שוורצקוף Schwarzkopf,DE,פאלטה-צבע לשיער בלונ,יחידה,0.00,יחידה,false,,19.90,0.0000,true,1,225163
3838824127286,false,צבע לשיער פלטה - 7-0 בלונד בינוני,שוורצקוף Schwarzkopf,DE,פאלטה-צבע לשיער בלונ,יחידה,0.00,יחידה,false,,19.90,0.0000,true,1,225164
3838824127361,false,פלטה סמי קיט ערמונים בינוני5-68 צבע שיער,שוורצקוף Schwarzkopf,DE,פאלטה-צבע לשיער ערמו,יחידה,0.00,יחידה,false,,19.90,0.0000,true,1,190177
3838824127507,false,פלטה סמי קיט חום קטיפתי 4-60 צבע שיער,שוורצקוף Schwarzkopf,DE,פאלטה-צבע לשיער חום,יחידה,0.00,יחידה,false,,19.90,0.0000,true,1,190180
3838824240275,false,פאלטה סמי קיט 6-65 נוגט,הנקל סוד,DE,פאלטה-צבע לשיער נוגט,יחידה,0.00,יחידה,false,,19.90,0.0000,true,1,190200
3838824380902,false,צבעי שיער בלונד סופר בהיר 10-0 סמי קיט פאלטה,,,פאלטה-צבע לשיער סמי,יחידה,0.00,יחידה,false,,19.90,0.0000,true,1,245291
3838824380988,false,צבעי שיער בלונד כסוף אפרפר 12-21 סמי קיט פאלטה,,,פאלטה-צבע לשיער סמי,יחידה,0.00,יחידה,false,,19.90,0.0000,true,1,245293
3838824381022,false,צבעי שיער חום שוקולד כהה 3-65 סמי קיט פאלטה,,,פאלטה-צבע לשיער סמי,יחידה,0.00,יחידה,false,,19.90,0.0000,true,1,245289
4000417025005,false,שוקולד ריטר ספורט מרציפן 100 גרם חלב נוכרי,ריטר ספורט Ritter sport,DE,שוקולד ריטר ספורט מר,,100.00,,false,,9.90,0.0990,true,1,191803
4000417026002,false,שוקולד ריטר ספורט פרלין 100 גרם חלב נוכרי,ריטר ספורט Ritter sport,DE,שוקולד ריטר ספורט פר,,100.00,100 גרם,false,,9.90,0.0990,true,1,191804
4000417212009,false,שוקולד ריטר ספורט מריר תפוז שקד 100 ג' חלב נוכרי,ריטר ספורט Ritter sport,,שוקולד ריטר ספורט מר,,100.00,100 גרם,false,,9.90,0.0990,true,1,227021
4000417222008,false,שוקולד ריטר ספורט חלב+שברי אגוזים 100 גרם חלב נוכרי,ריטר ספורט Ritter sport,DE,שוקולד ריטר ספורט חל,,100.00,100 גרם,false,,9.90,0.0990,true,1,191808
4000522009747,false,"בייגלה צ'יו מקלות תפו""א 80 גר'",טרופיקל דגיל תעשיות,HU,ציו חטיף תפוחי אדמה,,80.00,100 גרם,false,,4.90,0.0613,true,1,230163
4000522061752,false,בייגלה צ'יו מקלות מלוחים 100 גרם,צ'יו Chio,,בייגלה צ'יו מקלות 10,,100.00,,false,,4.90,0.0490,true,1,203493
4001518003800,false,מקלות פריכים עם פלפל ומלח 125ג' טורינוס,,DE,טורינוס מקלות עם פלפ,,125.00,100 גרם,false,,14.90,0.1192,true,1,247542
4002448017684,false,"סיליט באנג ספריי רב שימושי כתום 750 מ""ל",הדקלאים אגודת שיתופי,PL,סיליט באנג ספריי רב,,750.00,,false,,13.90,0.0185,true,1,200033
4002448019480,false,"סיליט באנג ספריי מסיר שומנים 750 מ""ל",סיליט באנג Cillit Bang,PL,סיליט באנג ספריי מסי,,750.00,100 גרם,false,,13.90,0.0185,true,1,200035
4002575016253,false,מרציפן מצופה שוקולד,הדקלאים אגודת שיתופי,DE,מרציפן 100גר,,100.00,100 גרם,false,,9.90,0.0990,true,1,191820
4002590000022,false,סוכריות קלפני פירות יער אוכמניות 150 ג',קלפני Kalfany,DE,סוכריות קלפני פירות,,150.00,100 גרם,false,,10.90,0.0727,true,1,191825
4002590000633,false,סוכריות קלפני פירות 150 ג',קלפני Kalfany,DE,סוכריות קלפני פירות,,150.00,100 גרם,false,,10.90,0.0727,true,1,191830
4002631025069,false,בירה גרמנית קוניגסבכר Konigsbacher,קרלסברג יבוא יצוא,DE,בירה קוניגסבכר פחית,,500.00,100 גרם,false,,5.90,0.0118,true,1,222441
4004666042004,false,משמיד עובש עם מרסס מלרוד Mellerud,מרלוד,DE,מלרוד מרסס משמיד עוב,,500.00,100 גרם,false,,29.90,0.0598,true,1,232940
4004715020755,false,קישוטי עוגה פרינס אנד פרינסס 75 ג',היינץ צפון אמריקה מק,DE,פרינס אנד פרינסס קיש,,75.00,,false,,14.90,0.1987,true,1,191840
4005808366392,false,שפתון כחול בליסטר לבלו,טרופיקל דגיל תעשיות,DE,שפתון לבלו כחול בליס,יחידה,0.00,יחידה,false,,10.00,0.0000,true,1,231278
4005808368280,false,לבלו דובדבן בליסטר שפתון,טרופיקל דגיל תעשיות,DE,שפתון לבלו פירות בטע,יחידה,0.00,יחידה,false,,10.00,0.0000,true,1,231279
4005808588640,false,"ניוואה קרם גילוח לעור רגיש 100 מ""ל",ביירסדורף,DE,ניוואה קרם גילוח לעו,,100.00,,false,,14.90,0.1490,true,1,240984
4005808698103,false,ניוואה תחליב גוף משאבה 500מל,בטר אנד דיפרנט,ES,ניוואה תחליב גוף סמו,,500.00,100 גרם,false,,19.90,0.0398,true,1,242929
4005808702107,false,ניוואה תחליב גוף עשיר משאבה 500מל,בטר אנד דיפרנט,ES,ניוואה תחליב גוף לעו,,500.00,100 גרם,false,,19.90,0.0398,true,1,242930
4005808813063,false,תחליב לחות לעור רגיש לאחר גילוח,בטר אנד דיפרנט,DE,ניוואה קרם לחות מן ב,,100.00,100 גרם,false,,39.90,0.3990,true,1,240982
4005808817726,false,ניוואה קרם גילוח פרו,ניוואה Nivea,DE,ניוואה קרם גילוח פרו,יחידה,0.00,יחידה,false,,14.90,0.0000,true,1,240985
4005808890507,false,ניוואה סופט קרם לחות 200מל,ניוואה Nivea,IT,ניוואה קרם סופט לחות,,200.00,,false,,29.90,0.1495,true,1,217414
4005808890576,false,ניוואה סופט שפופרת 75מל,ניוואה Nivea,DE,ניוואה קרם ידיים שפו,יחידה,0.00,יחידה,false,,11.90,0.0000,true,1,217415
4005900036483,false,"ניוואה - דאודורנט ספריי לגבר שקוף בלק וווי 150 מ""ל",בטר אנד דיפרנט,DE,ניוואה דאו ספריי שקו,,150.00,,false,,14.90,0.0993,true,1,217418
4005900036506,false,"ניוואה - דאודורנט רול און לגבר שקוף בלק 50 מ""ל",טרופיקל דגיל תעשיות,DE,ניוואה דאו רול און ש,,50.00,,false,,14.90,0.2980,true,1,217419
4005900036568,false,"ניוואה - דאודורנט ספריי לאישה שקוף בלק וווי 150 מ""ל",ביירסדורף AG,DE,ניוואה דאו ספריי שקו,,150.00,,false,,14.90,0.0993,true,1,217420
4005900138842,false,"ניוואה - תחליב רחצה סמוט 750 מ""ל",NIVEA,DE,ניוואה תחליב רחצה סמ,,750.00,,false,,14.90,0.0199,true,1,244688
4005900494924,false,"ניוואה - דאודורנט ספריי לאישה דריי פרש אישה 150 מ""ל",,,ניוואה דאו ספריי דרי,,150.00,100 גרם,false,,14.90,0.0993,true,1,240976
4005900521262,false,"ג'ל רחצה לגבר פיור אימפקט ניוואה 500 מ""ל",,,ניוואה ג'ל רחצה דיפ,,500.00,,false,,14.90,0.0298,true,1,240981
4005900555915,false,"ניוואה - תחליב רחצה קוקוס וחוחובה 750 מ""ל",ביירסדורף AG,DE,ניוואה תחליב רחצה קו,ארגז,750.00,ארגז,false,,14.90,0.0199,true,1,241071
4005900648181,false,"ניוואה - תחליב רחצה אלוורה 750 מ""ל",ביירסדורף AG,DE,ניוואה תחליב רחצה אל,,750.00,,false,,14.90,0.0199,true,1,244687
4005900816108,false,"ניוואה - דאודורנט רול און לגבר יבש 50 מ""ל",טרופיקל דגיל תעשיות,DE,ניוואה דאו רול און,,50.00,,false,,14.90,0.2980,true,1,217425
4005900828088,false,"ניוואה - דאודורנט רול און לגבר פרש 50 מ""ל",טרופיקל דגיל תעשיות,DE,ניוואה דאו רול און פ,,50.00,,false,,14.90,0.2980,true,1,231285
4005900833723,false,"ניוואה - פאוור פרש ג'ל רחצה לגבר 500 מ""ל",,,ניוואה ג'ל רחצה לגב,,500.00,100 גרם,false,,14.90,0.0298,true,1,245282
4008287058161,false,בירה קרומבאכר פילס 4.8% שישיה 6 * 330 מל,מנדלז סי.אר. פרודקשן,DE,שישיית בירת קרומבכר,,1980.00,100 גרם,false,,29.90,0.0151,true,1,244702
4008400230726,false,ביצת שוקולד הפתעה קינדר ענקית 100ג' בנים,קינדר Kinder,BE,קינדר ביצת הפתעה מקס,,100.00,,false,,24.90,0.2490,true,1,231102
4009300524588,false,תה פומפדור חליטת צמחים פירות יער 20 יח',פומפדור Pompadour,DE,פומפדור חליטת תה פיר,,60.00,100 גרם,false,,14.90,0.2483,true,1,185384
4009900013581,false,מסטיק אורביט ספרמינט סטיקס משפחתי-חמישיות,אורביט Orbit,,אורביט סטיקס בטעם ספ,יחידה,0.00,יחידה,false,,10.90,0.0000,true,1,213881
4009900379564,false,מסטיק הובה בובה Hubba Bubba טייפ בטעם פירות,הובה בובה Hubba Bubba,GB,הובה בובה פירות טייפ,,56.00,100 גרם,false,,7.90,0.1411,true,1,213899
4009900385824,false,מסטיק אורביט פפרמינט סטיקס משפחתי-חמישיות,אורביט Orbit,,אורביט סטיקס בטעם פפ,יחידה,0.00,יחידה,false,,10.90,0.0000,true,1,213904
4009900402965,false,מסטיק אורביט וויט בטעם פירות ללא סוכר,ריגלי פולין,PL,אורביט ווייט בקבוקון,,65.00,,false,,10.90,0.1677,true,1,213908
4009900403023,false,מסטיק אורביט בקבוקון דאבל white קלאסי 64ג',"ב.א מזון בע""מ",PL,אורביט ווייט בקבוקון,,64.00,100 גרם,false,,10.90,0.1703,true,1,213909
4009900406918,false,מסטיק הובה בובה טייפ טריפל מיקס 56ג',הובה בובה Hubba Bubba,GB,הובה בובה טריפל מיקס,,56.00,100 גרם,false,,7.90,0.1411,true,1,213912
4009900420129,false,מסטיק אורביט פרופשנל פפרמינט בקבוקון 64 גר',מרס נדרלנד,PL,אורביט פרופשיונל פפר,,64.00,100 גרם,false,,10.90,0.1703,true,1,226597
4009900426039,false,מסטיק איירוויבז מנטה אקליפטוס בקבוקון,איירוויבס Airwaves,PL,איירוויבז מנטה אקליפ,,64.00,100 גרם,false,,10.90,0.1703,true,1,213921
4009900455299,false,סוכריות סקיטלס בטעם פירות,סקיטלס Skittles,CZ,סקיטלס בטעם פירות 17,,174.00,,false,,9.90,0.0569,true,1,231085
4009900465304,false,סוכריות סקיטלס פירות חמוצים 174 גרם,סקיטלס Skittles,CZ,סקיטלס בטעם פירות חמ,,174.00,,false,,9.90,0.0569,true,1,231087
4009900479998,false,מסטיק אורביט בטעם אוכמניות ללא סוכר,ריגלי פולין,PL,אורביט אוכמניות בקבו,יחידה,0.00,יחידה,false,,10.90,0.0000,true,1,213961
4009900482417,false,מסטיק אורביט פירות מנטה בקבוקון באבל מינט 45יח,ריגלי פולין,PL,אורביט באבל מינט בקב,יחידה,0.00,יחידה,false,,10.90,0.0000,true,1,213963
4009900483803,false,מסטיק איירובס מנטה אקליפטוס בקבוקון 60יח',איירוויבס Airwaves,PL,אירוובס בקבוק מנטה א,יחידה,0.00,יחידה,false,,14.50,0.0000,true,1,227085
4009900484091,false,מסטיק אורביט פרופשיונל בטעם מנטה ללא סוכר,אורביט Orbit,,אורביט בקבוק בטעם ספ,,84.00,,false,,14.50,0.1726,true,1,213966
4009900484305,false,מסטיק אורביט פרופשיונל סוויטמינט ביגי לבן 60יח',אורביט Orbit,,אורביט בקבוק בטעם סו,,84.00,100 גרם,false,,14.50,0.1726,true,1,213967
4009900500166,false,סוכריות פירות אדום סקיטלס בקבוקון 125ג',ריגלי ממתקים,,סקיטלס פירות בבקבוק,,125.00,,false,,9.90,0.0792,true,1,220586
4009900509770,false,מסטיק אורביט בטעם תות ללא סוכר,אורביט Orbit,,אורביט בקבוק בטעם תו,,60.00,,false,,14.50,0.2417,true,1,213979
4009900531122,false,"מסטיק בטעם מנטה ספירמינט, 64 ג' פרופשיונל אורפיט",מרס נדרלנד,PL,אורביט פרופשיונל פפר,,64.00,,false,,10.90,0.1703,true,1,226598
4009900536288,false,מסטיק אורביט רפרשרס פפרמינט בקבוקון ללא סוכר 67 גר',מרס ריגלי קונפקשונרי,PL,אורביט רפרשרס פפרמינ,,67.00,,false,,12.90,0.1925,true,1,243943
4009900536486,false,מסטיק אורביט רפרשרס באבלמינט בקבוקון ללא סוכר 67 גר',מרס ריגלי קונפקשונרי,PL,אורביט רפרשרס באבלמי,,67.00,100 גרם,false,,12.90,0.1925,true,1,243945
4009900539685,false,"מסטיק פייב באונס בטעם מנטה בקבוקון, 61.8 גרם",ריגלי בעמ רוסיה,PL,מסטיק פייב באונס בטע,,61.80,100 גרם,false,,12.90,0.2087,true,1,248504
4009900539746,false,"מסטיק פייב באונס בטעם אבטיח בקבוקון, 61.8 גרם",ריגלי בעמ רוסיה,PL,מסטיק פייב באונס בטע,,61.80,100 גרם,false,,12.90,0.2087,true,1,248506
4009900540551,false,מסטיק אורביט רפרשרס טרופיקל בקבוקון ללא סוכר,מרס פולין,PL,אורביט רפרשרס טרופיק,,67.00,100 גרם,false,,12.90,0.1925,true,1,246933
4011800568610,false,חטיף קורני מילק Corny milk קלאסי,שוורטאוור וורקה,DE,קורני סנדביץ במילוי,,120.00,,false,,12.90,0.1075,true,1,207258
4011800628512,false,חטיף דגנים עם שוקולד חלב,מיוצר עי קונדיטוריית,DE,קורני חטיף דגנים עם,,150.00,100 גרם,false,,12.90,0.0860,true,1,207264
4011800629519,false,חטיף דגנים עם אגוזי לוז,קורני Corny,DE,קורני חטיף דגנים עם,,150.00,,false,,12.90,0.0860,true,1,207265
4011800630515,false,חטיף דגנים עם שוקולד חלב ובננה,מיוצר עי קונדיטוריית,DE,קורני חטיף דגנים עם,,150.00,100 גרם,false,,12.90,0.0860,true,1,207266
4011800633516,false,חטיף דגנים עם שוקולד מריר מעולה,שוורטאוור וורקה,DE,קורני חטיף דגנים עם,,150.00,100 גרם,false,,12.90,0.0860,true,1,207269
4011800635510,false,חטיף קורני Corny Free עם אגוזי לוז ללא תוספת סוכר,קורני Corny,DE,קורני פרי חטיף דגנים,,120.00,100 גרם,false,,12.90,0.1075,true,1,207270
4011800637514,false,חטיף קורני Corny Free עם שוקולד לבן ללא תוספת סוכר,קורני Corny,DE,קורני פרי חטיף דגנים,,120.00,100 גרם,false,,12.90,0.1075,true,1,207272
4014400901405,false,בונבוניירה שוקולד מרסי חלב 250 ג',קריניציה ויטמינה אס,DE,מרסי הלב כחול 250גר,,250.00,,false,,27.90,0.1116,true,1,191859
4014400904376,false,סוכריות טופי שוקולדן שטורק 325 ג',קריניציה ויטמינה אס,DE,סוכריות שוקולדן 325ג,,325.00,,false,,16.90,0.0520,true,1,191866
4014400904390,false,סוכריות וולמילש ממולא ט.חלב 325גרם,קריניציה ויטמינה אס,DE,סוכריות וולמילש 325ג,,325.00,100 גרם,false,,16.90,0.0520,true,1,191867
4014400910063,false,סוכריות וורטר טופי חמאה 135ג',אוגוסט שטורק,DE,סוכריות וורטר שקית 1,,135.00,,false,,10.90,0.0807,true,1,191875
4014400913910,false,סוכריות וורטר במליוי קרם 125 ג',תות ממתקי איכות,DE,סוכריות וורטר ללא סו,,125.00,100 גרם,false,,10.90,0.0872,true,1,191881
4014400914696,false,וורטר אורגינל סוכריות ללא סוכר 80 ג',אוגוסט שטורק,DE,סוכריות וורטר ללא סו,,80.00,100 גרם,false,,10.90,0.1363,true,1,191887
4014400914924,false,סוכריות וורטר אורגינל ללא סוכר קפה 80 ג',קריניציה ויטמינה אס,DE,סוכריות וורטר ללא סו,,80.00,,false,,10.90,0.1363,true,1,191888
4014400920857,false,סוכריות וורטר Werther's בטעם שוקולד ללא סוכר,קריניציה ויטמינה אס,DE,סוכריות וורטר בטעם ש,,70.00,100 גרם,false,,10.90,0.1557,true,1,191892
4014400923711,false,טופיפי 125 גר' - חלב נוכרי,אוגוסט שטורק,DE,טופיפי 125גרם,,125.00,100 גרם,false,,13.90,0.1112,true,1,191893
4014400925319,false,סוכריות וורטר פופקורן קרמל 140 גר',וורטרס Werther's,DE,פופקורן קרמל וורטרס,,140.00,100 גרם,false,,14.90,0.1064,true,1,242611
4014400929010,false,חטיף וופל מיני קנופרס 200 גרם,קנופרס,,וופל מיני קנופרס 200,,200.00,100 גרם,false,,21.90,0.1095,true,1,248470
4014400931327,false,ורטרס אורגינל פופקורן עם קרמל זרעי דלעת 1/12,וורטרס Werther's,DE,פופקורן וורטרס אורגי,,140.00,,false,,14.90,0.1064,true,1,247728
4015000519915,false,"פה - דאודורנט ספריי לאישה פינק פרדייס 200 מ""ל",קריות זול,DE,פה ספריי פינק פרדייס,,200.00,,false,,15.90,0.0795,true,1,190223
4015000615884,false,"פה - דאודורנט ספריי לאישה קריביין לימון 200 מ""ל",שוורצקופף והנקל,DE,פה ספריי קריביין לימ,,200.00,,false,,15.90,0.0795,true,1,190255
4015000615921,false,"פה - דאודורנט ספריי לגבר ספורט 200 מ""ל",הנקל סוד,DE,פה ספריי ספורט 200מל,,200.00,,false,,15.90,0.0795,true,1,190258
4015000940955,false,שמפו גליס Gliss שיקום נזק קיצוני אולטימט ריפייר,שוורצקוף Schwarzkopf,DE,גליס אולטימט ריפייר,,400.00,100 גרם,false,,15.90,0.0398,true,1,190269
4015000996204,false,"גליס שמפו אולטימט שמן אלקסייר 400 מ""ל",שוורצקוף Schwarzkopf,DE,שמפו גליס אלקסייר 40,,400.00,100 גרם,false,,15.90,0.0398,true,1,214786
4015000996273,false,"גליס מרכך אולטימטיב שמן אלקסייר 400 מ""ל",שוורצקוף Schwarzkopf,DE,מרכך גליס אולטימטיב,,400.00,100 גרם,false,,15.90,0.0398,true,1,214788
4015100190762,false,"גליס - מסכה שיקום שמן אלקסיר 300 מ""ל",שוורצקוף Schwarzkopf,,גליס מסכה שיקום שמן,,300.00,100 גרם,false,,19.90,0.0663,true,1,225050
4015400731719,false,תחבושות היגייניות אולוויז יום ולילה Day & Night,פרוקטר אנד גמבל,UA,אולוויז תחבושות דואו,יחידה,0.00,יחידה,false,,19.90,0.0000,true,1,203779
4017100198151,false,עוגיות היט Hit קקאו במילוי קרם וניל,הדקלאים אגודת שיתופי,PL,בלזן עוגיות סנדוויץ,,220.00,100 גרם,false,,9.90,0.0450,true,1,191902
4017100364112,false,עוגיות היט Hit במילוי קרם בטעם שוקולד,הדקלאים אגודת שיתופי,PL,בלזן עוגיות סנדוויץ,,220.00,100 גרם,false,,9.90,0.0450,true,1,191919
4017100366239,false,עוגיות ביסקוויט סנדוויץ ממולא קרם בטעם שוקולד,ליבניץ Leibniz,,בלזן ליבניץ אנד קרים,,190.00,,false,,8.90,0.0468,true,1,231973
4025700001962,false,שוקולד מילקה לבן 100 גר',פי אר ג'יי אס סי מונ,UA,מילקה שוקולד לבן 100,,100.00,,false,,7.90,0.0790,true,1,248628
4064666232386,false,"וולה - פלקס ספריי לעיצוב אולטרה גמיש 250 מ""ל",,,וולה פלקס ספריי לעיצ,,250.00,100 גרם,false,,29.90,0.1196,true,1,248761
4064666232409,false,"וולה - פלקס מוס לעיצוב אקסטרה גמיש 200 מ""ל",,,וולה פלקס מוס לעיצוב,,200.00,100 גרם,false,,25.90,0.1295,true,1,248758
4064666232416,false,"וולה - פלקס מוס לעיצוב אולטרה גמיש 200 מ""ל",,,וולה פלקס מוס לעיצוב,,200.00,,false,,25.90,0.1295,true,1,248759
4066600601920,false,"בירה פאולנר פחית 500 מ""ל",פאולנר Paulaner,,בירה פאולנר פחית 500,,500.00,100 גרם,false,,13.90,0.0278,true,1,243384
4066600999614,false,"בירה פאולנר 500 מ""ל בקבוק",מבשלת פאולנר,DE,בירה פאולנר 500מל,,500.00,100 גרם,false,,13.90,0.0278,true,1,221065
4072700003649,false,בירה פרנסיסקנר בהירה,"איי, בי, אינבוו",DE,בירה פרנסיסקאנר בהיר,,500.00,,false,,10.90,0.0218,true,1,239864
4084500088917,false,"נוזל כלים פיירי לימון 650 מ""ל",פרוקטר אנד גמבל,GB,פיירי נוזל לכלים צהו,,650.00,,false,,10.90,0.0168,true,1,203853
4084500149526,false,טייד נוזל כביסה 2.48 ליטר,פרוקטר אנד גמבל,FR,טייד גל כביסה 2.48לי,ליטרים,2.48,ליטר,false,,34.90,14.0726,true,1,203854
4100130937163,false,מארז בירה בקס שישייה,"איי, בי, אינבוו",DE,בירה גרמנית בקס שישי,,1650.00,,false,,29.90,0.0181,true,1,239862
4260147890513,false,אטריות ביצים דקות ורמיצ'לי 500ג',דין שיווק,PL,אטריות ורמיצ'לי ביצי,,500.00,,false,,9.90,0.0198,true,1,229879
4260147890551,false,איטריות ביצים רצועות,דין שיווק,PL,אטריות ביצים רצועות,,500.00,100 גרם,false,,9.90,0.0198,true,1,229881
4600659010854,false,וודקה סטולי בקבוק 70,איי. אס. לטבייאס בלז,LV,*מבצע* וודקה סטולי 7,,700.00,100 גרם,false,,59.90,0.0856,true,1,192658
4605362008716,false,גרעינים בבקיני 300 ג,קה דה או קרסנודר,,*מבצע* גרעיני חמניה,,300.00,100 גרם,false,,15.90,0.0530,true,1,244423
4605561010305,false,פילה הרינג עם שמיר בשמן חתיכות 500גר RS,,,פילה הרינג עם שמיר ב,,500.00,100 גרם,false,,29.90,0.0598,true,1,244402
4605561010312,false,חתיכות פילה הרינג עם,,,חתיכות פילה הרינג עם,,200.00,,false,,13.90,0.0695,true,1,242130
4605561010343,false,פילה הרינג בשמן חתיכות 500גר RS,,,פילה דג הרינג בשמן ח,,500.00,,false,,29.90,0.0598,true,1,244403
4605561012613,false,פילה הרינג (קצוץ) בשמן 400 גר RS,,,פילה הרינג (קצוץ) בש,,400.00,100 גרם,false,,19.90,0.0497,true,1,242133
4607051158221,false,תה שחור ארל גריי 20,או א.או מאי קומפני,,תה שחור ארל גריי 20,יחידה,0.00,יחידה,false,,11.90,0.0000,true,1,235016
4607051158269,false,תה שחור סאנני לינון,או א.או מאי קומפני,,תה שחור סאנני לינון,יחידה,0.00,יחידה,false,,11.90,0.0000,true,1,235017
4607051158306,false,תה שחור איזבלה גראפ,או א.או מאי קומפני,,תה שחור איזבלה גראפ,יחידה,0.00,יחידה,false,,11.90,0.0000,true,1,235018
4607051158481,false,תה ירוק 20 שקיקים,או א.או מאי קומפני,,תה ירוק 20 שקיקים,יחידה,0.00,יחידה,false,,11.90,0.0000,true,1,235019
4607051158672,false,תה קורטיס ברייס 34 ג,או א.או מאי קומפני,,תה שחור 20 שקיקים,יחידה,0.00,יחידה,false,,11.90,0.0000,true,1,235024
4607054451718,false,גרעינים טמבובסקי וול,או.או.או אגרוסווז,,גרעינים שחורים 230 ג,,230.00,100 גרם,false,,10.90,0.0474,true,1,235014
4607054451831,false,גרעינים טמבובסקי וול,או.או.או אגרוסווז,,גרעינים שחורים עם מל,,200.00,100 גרם,false,,10.90,0.0545,true,1,235015
4607132826094,false,קוזינאקי חמניות טימו,,,קוזינאקי חמניות טימו,,150.00,100 גרם,false,,9.90,0.0660,true,1,244450
4620015850351,false,תה ירוק אוגו קוקטייל,או א.או מאי קומפני,,תה ירוק אוגו קוקטייל,יחידה,0.00,יחידה,false,,11.90,0.0000,true,1,235027
4620015851051,false,תה ירוק קורטיס מנגו,זא א או מאי קומפני,,תה ירוק מנגו 20 שקיק,יחידה,0.00,יחידה,false,,11.90,0.0000,true,1,235021
4620015851860,false,תה שחור ריצארד רויאל,או א.או מאי קומפני,,תה שחור גריי ריצ'ארד,יחידה,0.00,יחידה,false,,11.90,0.0000,true,1,235028
4620015851877,false,תה שחור ריצארד רויאל,או א.או מאי קומפני,,תה שחור ריצ'ארד 20 ש,יחידה,0.00,יחידה,false,,11.90,0.0000,true,1,235029
4620015852553,false,תה שחור קורטיס אוכמנ,או א.או מאי קומפני,,תה שחור 20 שקיקים,יחידה,0.00,יחידה,false,,11.90,0.0000,true,1,235023
4620015852973,false,תה פירות ריצרד רואיל,או א.או מאי קומפני,,תה פירות ריצ'ארד ראד,יחידה,0.00,יחידה,false,,11.90,0.0000,true,1,235030
4640018993398,false,קפסולות ג'יל רגיל קואנטום 60 יח' פיניש,רקיט בנקיזר,PL,פיניש קוואנטום 60 קפ,,60.00,,false,,55.90,0.9317,true,1,242213
4710964170799,false,שומשום שחור קלוי 91 גרם,פלייבור פול פודס טיי,TH,שומשום שחור קלוי 91ג,,91.00,100 גרם,false,,16.90,0.1857,true,1,205378
4751001581475,false,שימורי דג קילקה ברוט,GAMMA-A,,שימורי דג ריגה זהב ק,,280.00,100 גרם,false,,8.90,0.0318,true,1,206221
4751002121953,false,לחם שיפון חמוץ מתוק,גי.אף.סי,,לחם שיפון חמוץ מתוק,,500.00,,false,,9.90,0.0198,true,1,239469
4751002127467,false,לחם שיפון פרוס בורוד,סיא פוטרוס פוד,,לחם שיפון פרוס בורוד,,500.00,100 גרם,false,,9.90,0.0198,true,1,239471
4751003924003,false,סלט טונה עם ירקות איטלקי 185 ג' לארסן,,,לרסן סלט טונה בסגנון,,185.00,100 גרם,false,,12.90,0.0697,true,1,248923
4751007739917,false,סלמון ברובמיץ טבעי 1,,,סלמון ברובמיץ טבעי 1,,185.00,,false,,10.90,0.0589,true,1,247984
4751007739924,false,סלמון ברוטב עגבניות,,,סלמון ברוטב עגבניות,,185.00,,false,,10.90,0.0589,true,1,247985
4770237049313,false,גלידת שמנת פלומביר בטעם וניל עם שקדים בציפוי צמקאו על מקל 63 גר' SVALIA,,,אסקימו עגול פלומביר,יחידה,0.00,יחידה,false,,6.50,0.0000,true,1,220347
4770237049450,false,גלידת שמנת בטעם וניל בגביע וופל אישי פלומביר 70 גר' SVALIA,Svalya,,פלומביר גלידה בכוס 7,יחידה,0.00,יחידה,false,,6.50,0.0000,true,1,220349
4770237050432,false,גלידת שמנת בטעם שוקולד פלומביר בגביע וופל אישי 70 גר' SVALIA,,,פלומביר גלידה שוקולד,יחידה,0.00,יחידה,false,,6.50,0.0000,true,1,220350
4770237054423,false,גלידת ס שרבט מנגו עם אפרסק בגביע וופל אישי 85 גר' SVALIA,,,גלידה שרבט עם מנגו ו,יחידה,0.00,יחידה,false,,6.50,0.0000,true,1,220359
4770237056748,false,גלידת שמנת משובחת בטעם וניל בציפוי בטעם מסטיק SVALIA גר 58,ז'יטומרסקי זאבוד,,אסקימו עגול פלומביר,,58.00,100 גרם,false,,6.50,0.1121,true,1,241183
4779021230630,false,שוקולד אקסקלוסיב מרי,,,שוקולד אקסקלוסיב מרי,,100.00,100 גרם,false,,9.90,0.0990,true,1,231920
4779021230654,false,שוקולד אקסקלוסיב מרי,,,שוקולד אקסקלוסיב מרי,,100.00,100 גרם,false,,9.90,0.0990,true,1,231921
4800888209368,false,רקסונה - דאודורנט סטיק לגבר אקסטרא קול 50 גרם,,,רקסונה מן סטיק אקסטר,,50.00,,false,,14.90,0.2980,true,1,240291
4800888209382,false,רקסונה - דאודורנט סטיק לאישה קריסטל 50 גרם,,,רקסונה דאודורנט סטיק,,50.00,,false,,14.90,0.2980,true,1,240791
4810168000011,false,פילה דג הרינג מלוח מצונן 250ג',,,פילה דג הרינג מלוח מ,,250.00,100 גרם,false,,16.90,0.0676,true,1,226683
4810168000998,false,פילה דג הרינג מלוח מצונן עם בצל בצנצנת חתיכות 260ג',,,חתיכות פילה דג הרינג,,260.00,100 גרם,false,,19.90,0.0765,true,1,226685
4810168024512,false,פילה דג הרינג מלוח מצונן עם תבלין בצנצנת חתיכות 260ג,,,חתיכות פילה דג הרינג,,260.00,100 גרם,false,,19.90,0.0765,true,1,226689
4810168038977,false,"גלידת שמנת בטעם וניל בגביע וופל אישי פלומביר ""75 ""YUKKIג'",,,גלידה YUKKI פלומביר,,70.00,100 גרם,false,,6.50,0.0929,true,1,225582
4810168038984,false,גלידת שמנת משובחת בטעם וניל וופל בין השכבות 80 גר YUKKI,,,גלידה YUKKI פלומביר,,70.00,,false,,6.50,0.0929,true,1,225583
4810168038991,false,גלידה שוקולד פלומביר,,,גלידה YUKKI שוקולד,,70.00,,false,,6.50,0.0929,true,1,225584
4810322005944,false,שמן קנולה מזוכך 850מ,,,שמן קנולה מזוכך 850מ,,850.00,100 גרם,false,,10.90,0.0128,true,1,245801
4815087000111,false,שמן קנולה מזוכך 1 לי,"אגרופודוקט בע""מ",BY,שמן קנולה מזוכך 1 לי,,1000.00,,false,,10.90,0.0109,true,1,248179
4820034925546,false,"בירה לאגר צאזז לייט בקבוק 500 מ""ל -בודד",,,בירה לאגר צאזז לייט,,500.00,100 גרם,false,,4.90,0.0098,true,1,248302
4820076682117,false,שמן חמניות 850מל,,,שמן חמניות 850מל,,850.00,100 גרם,false,,10.90,0.0128,true,1,247051
4820154722469,false,גלידה אסקימוס כוס ונ,ז'יטומרסקי זאבוד,,גלידה אסקימוס כוס ונ,,80.00,100 גרם,false,,6.50,0.0813,true,1,234497
4820154723275,false,גלידה אסקימוס אסקימו,ז'יטומרסקי זאבוד,,גלידת שמנת בטעם וניל,,80.00,,false,,6.50,0.0813,true,1,244340
4820198873288,false,תה ירוק סיני קלאסי 1,,,תה ירוק סיני קלאסי 1,יחידה,0.00,יחידה,false,,10.90,0.0000,true,1,249094
4820198873332,false,תה שחור מיקס ארבע טע,,,תה שחור מיקס ארבע טע,יחידה,0.00,יחידה,false,,10.90,0.0000,true,1,249097
4823077602863,false,סוכריות טופי בטעם חל,רושן,UA,"סוכריות ג'לי רושן ""ק",,200.00,100 גרם,false,,7.90,0.0395,true,1,244375
4823077604331,false,סוכריות ציטרוס מיקס,,,סוכריות ציטרוס מיקס,,1000.00,,false,,18.90,0.0189,true,1,220309
4823077608513,false,סוכריות טופי חלב Korivka,רושן Roshen,,סוכריות קורובקה 205ג,,205.00,100 גרם,false,,7.90,0.0385,true,1,220316
4823077612732,false,סוכריות קשות ממולאות,קייב קרמנציק,,סוכריות בים בום 200,,200.00,100 גרם,false,,7.90,0.0395,true,1,227213
4823077613203,false,שוקולד מריר עם אגוזי לוז שלמים,רושן Roshen,,שוקולד מריר+פונדוק ש,,90.00,100 גרם,false,,8.90,0.0989,true,1,220325
4823077613630,false,חטיף שוקולד חלב במילוי קרם ברולה,רושן Roshen,,חטיף שוקולד רושן ממו,,43.00,,false,,3.90,0.0907,true,1,243663
4823077614675,false,ביסקוויט לקפה רושן18,קייב קרמנציק,,ביסקוויט לקפה רושן18,,185.00,100 גרם,false,,3.90,0.0211,true,1,248443
4823077614699,false,ביסקוויט לקפה רושן ב,קייב קרמנציק,,ביסקוויט לקפה רושן ב,,185.00,,false,,3.90,0.0211,true,1,248444
4823077614767,false,שוקולד רושן חלב נוגט,רושן,,שוקולד רושן חלב נוגט,,90.00,100 גרם,false,,6.90,0.0767,true,1,247782
4823077614804,false,שוקולד חלב בטעם אוכמניות,רושן Roshen,,שוקולד חלב נוגט בטעם,,90.00,100 גרם,false,,6.90,0.0767,true,1,220335
4823077617041,false,חטיף שוקולד חלב במילוי קרמל,רושן Roshen,,באטונציק קרמל 40גר,,40.00,,false,,3.90,0.0975,true,1,220342
4823077621635,false,וופל רושן בטעם חלב 7,Unknown,,וופל רושן בטעם חלב 7,,72.00,,false,,3.90,0.0542,true,1,245409
4823077621659,false,וופל רושן בטעם אגוז,Unknown,,וופל רושן בטעם אגוז,,72.00,,false,,3.90,0.0542,true,1,245411
4823077623684,false,סוכריות קשות ממולאות,קייב קרמנציק,,סוכריות טיפת חלב 150,,150.00,,false,,7.90,0.0527,true,1,227035
4823077623714,false,סוכריות טופי בטעם חל,רושן,,סוכריות כוס חלב 150,,150.00,,false,,7.90,0.0527,true,1,226344
4823077624223,false,סוכריות ג'לי בטעמי פירות Summer Mix,רושן Roshen,,סוכריות ג'לי בוני פר,,200.00,,false,,7.90,0.0395,true,1,227980
4823077624247,false,סוכריות ג'לי מסוכרות בטעמי פירות,רושן Roshen,,סוכריות ג'לי בוני פר,,200.00,,false,,7.90,0.0395,true,1,226307
4823077624391,false,רושן סוכריות טופי מי,רושן,,רושן סוכריות טופי מי,,185.00,,false,,7.90,0.0427,true,1,244849
4823077625145,false,ממתקי שוקולד מריר עם דובדבן בליקר דובדבן,רושן Roshen,,בונבוניירה דובדבן+לי,,155.00,100 גרם,false,,12.90,0.0832,true,1,227036
4823077625589,false,וופל רושן בטעם חלב 2,,,וופל רושן בטעם חלב 2,,216.00,,false,,7.90,0.0366,true,1,244357
4823077625602,false,וופל רושן בטעם שוקול,,,וופל רושן בטעם שוקול,,216.00,,false,,7.90,0.0366,true,1,244358
4823077625626,false,וופל רושן בטעם אגוז,,,וופל רושן בטעם אגוז,,216.00,,false,,7.90,0.0366,true,1,244360
4823077626203,false,שוקולד רושן אוורירי,רושן Roshen,,שוקולד רושן אוורירי,,80.00,,false,,7.90,0.0988,true,1,234227
4823077626241,false,שוקולד אורירי לבן קרמל,רושן Roshen,,שוקולד רושן אוורירי,,80.00,,false,,7.90,0.0988,true,1,234229
4823077626364,false,שוקולד רושן אוורירי,רושן Roshen,,שוקולד רושן אוורירי,,80.00,100 גרם,false,,7.90,0.0988,true,1,234230
4823077630422,false,קרקר סנדוויץ חלב וני,רושן,,סנדוויץ' קרקר חלב ונ,,235.00,100 גרם,false,,9.90,0.0421,true,1,244895
4823077630439,false,סנדוויץ' קרקר שוקולד,רושן,,סנדוויץ' קרקר שוקולד,,235.00,,false,,9.90,0.0421,true,1,244896
4823077631467,false,קרקר עם מלח ים רושן,רושן,,קרקר עם מלח ים רושן,,168.00,100 גרם,false,,6.90,0.0411,true,1,244898
4823077631474,false,קרקר קלאסי רושן 168,רושן,,קרקר קלאסי רושן 168,,168.00,100 גרם,false,,6.90,0.0411,true,1,244899
4823077632259,false,חטיף שוקולד חלב ובוטנים,רושן Roshen,,חטיף שוקולד רושן עם,,43.00,,false,,3.90,0.0907,true,1,243664
4823077632570,false,שוקולד רושן מריר 85,רושן,,שוקולד רושן מריר 85,,85.00,100 גרם,false,,7.90,0.0929,true,1,244847
4823077633324,false,עוגיות שוקוציפס לווי,,,עוגיות שוקוציפס לווי,,150.00,100 גרם,false,,7.90,0.0527,true,1,244368
4823077633331,false,עוגיות רושן לוויטהבט,,,עוגיות רושן לוויטהבט,,150.00,100 גרם,false,,7.90,0.0527,true,1,244363
4823077633348,false,עוגיות רושן לוויטה ע,,,עוגיות רושן לוויטה ע,,150.00,,false,,7.90,0.0527,true,1,244364
4823077633690,false,בונבוניירה רושן שוטר,רושן,,בונבוניירה רושן שוטר,,150.00,100 גרם,false,,12.90,0.0860,true,1,245453
4823077634178,false,עוגיות רושן לוויטה ב,,,עוגיות רושן לוויטה ב,,168.00,,false,,7.90,0.0470,true,1,245789
4823077634192,false,עוגיות במילוי דובדבן,,,עוגיות רושן לוויטה ב,,168.00,,false,,7.90,0.0470,true,1,245791
4823077634222,false,עוגיות Lovita ממולאות ג'לי תפוז מצופות צימקאו,רושן Roshen,,עוגיות תפוז לוויטה 1,,135.00,,false,,7.90,0.0585,true,1,245458
4823077634246,false,עוגיות Lovita ממולאות ג'לי פטל מצופות צימקאו,רושן Roshen,,עוגיות פטל לוויטה 13,,135.00,,false,,7.90,0.0585,true,1,245456
4823077634277,false,עוגיות Lovita ממולאות ג'לי תות שדה מצופות צימקאו,רושן Roshen,,עוגיות תות שדה לוויט,,135.00,100 גרם,false,,7.90,0.0585,true,1,245457
4823077634741,false,עוגיות רושן לוויטה ב,,,עוגיות רושן לוויטה ב,,168.00,,false,,7.90,0.0470,true,1,245790
4823077635793,false,וופלים דקיקים רושן ס,,,וופלים דקיקים רושן,,55.00,,false,,4.90,0.0891,true,1,249087
4823077635809,false,וופלים דקיקים רושן ס,,,וופלים דקיקים רושן ט,,55.00,100 גרם,false,,4.90,0.0891,true,1,249088
4823077635816,false,וופלים דקיקים רושן ס,,,וופלים דקיקים רושן ט,,55.00,,false,,4.90,0.0891,true,1,249089
4823077636004,false,עוגיות Lovita ממולאות ג'לי דובדבן מצופות צימקאו,רושן Roshen,,עוגיות קקאו דובדבן ל,,135.00,,false,,7.90,0.0585,true,1,246460
4823077636172,false,וופל רושן בטעם לימון,,,וופל רושן בטעם לימון,,216.00,,false,,7.90,0.0366,true,1,247783
4823077636332,false,עוגיות לוויטה במילוי,,,עוגיות לוויטה במילוי,,127.00,,false,,7.90,0.0622,true,1,249462
4823077636400,false,עוגיות לוויטה במילוי,,,עוגיות לוויטה במילוי,,127.00,,false,,7.90,0.0622,true,1,249463
4823077636554,false,סוכריות ממולאות קרם,רושן,,סוכריות ממולאות קרם,,378.00,100 גרם,false,,11.90,0.0315,true,1,247448
4823077636561,false,סוכריות ממולאות בטעם,רושן,,סוכריות ממולאות בטעם,,378.00,,false,,11.90,0.0315,true,1,247449
4823077636578,false,סוכריות טופי כוס חלב,רושן,,סוכריות טופי כוס חלב,,325.00,100 גרם,false,,11.90,0.0366,true,1,247450
4823077636592,false,סוכריות גלי רושן קרי,רושן,,סוכריות גלי רושן קרי,,378.00,100 גרם,false,,11.90,0.0315,true,1,247447
4823077636608,false,סוכריות טופי רושן במ,רושן,,סוכריות טופי רושן במ,,325.00,,false,,11.90,0.0366,true,1,247452
4823084201134,false,תה שחור ליפטון פירמי,,,תה שחור ליפטון פירמי,,20.00,,false,,9.90,0.4950,true,1,234288
4823084201196,false,תה שחור ליפטון פירמידה מנגו אפרסק 20 שק',,,תה שחור ליפטון פירמי,,20.00,,false,,9.90,0.4950,true,1,234289
4823084201219,false,תה שחור ליפטון פירמי,,,תה שחור ליפטון פירמי,,20.00,,false,,9.90,0.4950,true,1,234295
4823097809785,false,גלידה שמנת משובחת בט,ז'יטומרסקי זאבוד,,גלידה שמנת משובחת בט,,1000.00,100 גרם,false,,34.90,0.0349,true,1,245797
4903001930993,false,רוטב טריאקי יאמאסה 5,יאמאסה yamasa,JP,רוטב טריאקי ימאסה 50,,500.00,,false,,19.90,0.0398,true,1,191928
5000146057710,false,ספריי רב שימושי לחלונות ומשטחים ווינדולין Windolene,רקיט בנקיזר,PL,וינדולין ספריי לחלונ,,750.00,,false,,8.90,0.0119,true,1,200044
5000146401568,false,וולייט דפים למניעת העברת צבע 10 דפים,ווליט Woolite,IT,ווליט לכביסה שומרי צ,יחידה,0.00,יחידה,false,,16.90,0.0000,true,1,200050
5000159376792,false,סוכריות סקיטלס Skittles פירות חמוצים,ריגלי ממתקים,,סקיטלס חמוץ 38גר,,38.00,,false,,3.50,0.0921,true,1,213997
5000159461122,false,חטיף שוקולד סניקרס 50 ג',"נארז ע""י : א.ג. גילר",NL,סניקרס חטיף שוקולד 5,,50.00,,false,,3.90,0.0780,true,1,206308
5000267014234,false,וויסקי ג'וני ווקר רד לייבל Red label,ג'וני ווקר Johnnie walker,,וויסקי ג'וני ווקר רד,,700.00,100 גרם,false,,89.90,0.1284,true,1,173309
5000267024202,false,"וויסקי ג'וני בלאק לייבל עם פורר 700מ""ל",אלכוהול (איי.בי.בי),,*מבצע* וויסקי גוני ו,,700.00,,false,,119.90,0.1713,true,1,173310
5000267024233,false,"וויסקי ג'וני בלאק לייבל עם פורר 700מ""ל",ג'וני ווקר Johnnie walker,,*מבצע* גוני ווקר שחו,,700.00,,false,,119.90,0.1713,true,1,173311
5010182996799,false,ג'ל אסלה מנטרל ריחות בניחוח פרחי בר ורודים,דאופלור אס.פי.אי איט,IT,טואלט דאק ג'ל אסלה ב,,55.00,,false,,9.90,0.1800,true,1,207323
5010182998847,false,"טואלט דאק נוזל לאסלה כחול 750 מ""ל",מיוצר עי קונדיטוריית,NL,טואלט דאק נוזל לאסלה,,750.00,100 גרם,false,,9.90,0.0132,true,1,207336
5010182998861,false,"טואלט דאק נוזל לאסלה ירוק 750 מ""ל",מיוצר עי קונדיטוריית,NL,טואלט דאק נוזל לאסלה,,750.00,100 גרם,false,,9.90,0.0132,true,1,207337
5010327000046,false,וויסקי גרנט'ס סקוטי,"איי, בי, אינבוו",,וויסקי גרנטס 700מל,,700.00,,false,,99.90,0.1427,true,1,192660
5010677551281,false,"בקרדי בריזר לימון 275 מ""ל בקבוק",בקרדי בריזר Bacardi Breezer,BE,בקרדי בריזר לימון 27,,275.00,100 גרם,false,,16.90,0.0615,true,1,172844
5010677552387,false,"בקרדי בריזר אננס 275 מ""ל בקבוק",בקרדי בריזר Bacardi Breezer,BE,בקרדי בריזר אננס 275,,275.00,100 גרם,false,,16.90,0.0615,true,1,172846
5010677850100,false,וודקה גריי גוס בקבוק,בקרדי מרטיני,FR,וודקה גריי גוס 700 מ,,700.00,,false,,119.90,0.1713,true,1,227245
5011157730271,false,אורז יסמין לבן ארוך טילדה,טילדה Tilda,,טילדה אורז יסמין 1 ק,,1000.00,,false,,19.90,0.0199,true,1,248712
5014271400426,false,סן דלפו מעדן תות שדה ללא סוכר 284 ג',המאפיה של הרמן,FR,מעדן תות 284 גר',,284.00,,false,,21.90,0.0771,true,1,224452
5014379009972,false,בירה באדוויזר פחית 5,באדווייזר Budweiser,,"בירה באדוויזר 500 מ""",,500.00,100 גרם,false,,10.90,0.0218,true,1,239866
5029053039725,false,קופסת ממחטות נטורל פרש 72 דף קלינקס,עלבד,,קלינקס נטורל פרש טיש,,72.00,,false,,13.90,0.1931,true,1,245608
5029053510811,false,קוטקס - תחבושות אולטרה נורמל + כנפיים 30 יח',קימברלי קלארק,,קוטקס תחבושות אולטרה,,28.00,,false,,19.90,0.7107,true,1,181316
5029053510828,false,קוטקס - תחבושות אולטרה סופר + כנפיים 22 יח',קימברלי קלארק,,קוטקס תחבושות אולטרה,,24.00,,false,,19.90,0.8292,true,1,181317
5029053523446,false,קוטקס - תחבושות אולטרה נייט + כנפיים 20 יח',קימברלי קלארק,,קוטקס תחבושות אולטרה,,20.00,,false,,19.90,0.9950,true,1,181321
5029053527604,false,תחתוני ספיגה לילדים Drynites בנות לגילאי 8-15,האגיס Huggies,CZ,האגיס פרידום דריי ני,,9.00,,false,,35.90,3.9889,true,1,181325
5029053534589,false,קוטקס טמפוני מיני 32 יח',חוגלה קימברלי,,טמפוני קוטקס מיני לל,יחידה,0.00,יחידה,false,,26.90,0.0000,true,1,181333
5029053535227,false,קוטקס טמפון עם מוליך נורמל 16 יח',KC Czech,,קוטקס טמפון+מוליך נו,יחידה,0.00,יחידה,false,,26.90,0.0000,true,1,181337
5029053578309,false,קופסת ממחטות אולטרה סופט 48 דף קלינקס,קימברלי,IL,קלינקס טישו אולטרה ס,,48.00,,false,,7.90,0.1646,true,1,245686
5060517886486,false,"משקה אנרגיה מונסטר פח 500 מ""ל",מונסטר אנרג'י Monster Energy,RU,מונסטר אנרגי פח 500מ,,500.00,100 גרם,false,,7.90,0.0158,true,1,239576
5060517886516,false,"משקה אנרגיה מונסטר זירו פח 500 מ""ל",מונסטר אנרג'י Monster Energy,RU,מונסטר אנרגי זירו פח,,500.00,100 גרם,false,,7.90,0.0158,true,1,239577
5060639128051,false,"משקה אנרגיה מונסטר אולטרה פחית 500 מ""ל",מונסטר אנרג'י Monster Energy,RS,מונסטר אולטרה פחית 5,,500.00,100 גרם,false,,7.90,0.0158,true,1,241331
5060639129102,false,"משקה אנרגיה מונסטר מנגו פח 500 מ""ל",מונסטר אנרג'י Monster Energy,RS,מונסטר אנרגי פח 500,,500.00,100 גרם,false,,7.90,0.0158,true,1,243030
5060751218173,false,"משקה אנרגיה מונסטר Pipline punch פח 500 מ""ל",Monster energy סרביה,IE,מונסטר פונצ פח 500מל,,500.00,100 גרם,false,,7.90,0.0158,true,1,247484
5201085540084,false,סוכריות ג'ילי מיקס שקית 800 גר',אולמפיק,GR,סוכריות גלי מיקס 800,,800.00,100 גרם,false,,19.90,0.0249,true,1,228313
5201184066508,false,נרות מספרים,שמחה,,נרות מספרים,יחידה,0.00,יחידה,false,,3.90,0.0000,true,1,186570
5201347400545,false,רצועות שעווה מוכנות לשימוש לפנים ולאזורים רגישים,רקיט בנקיזר,FR,ויט רצועות שעווה לפנ,יחידה,0.00,יחידה,false,,34.90,0.0000,true,1,200086
5201940010110,false,זיתים שחורים מזן קלמטה בפח 454 ג',סיוארס אס.איי,GR,זית קלמטה ויליפוד 45,,454.00,100 גרם,false,,18.90,0.0416,true,1,178468
5206759020701,false,סוכריות ג'לי פירות אקזוטי 700 גר',,,סוכריות ג'לי אקזוטי,,700.00,,false,,15.90,0.0227,true,1,173621
5391523057929,false,סימילאק גולד שלב 1 תרכובת מזון על בסיס חלב,אבוט לבורטיז,IE,סימילאק גולד 700 גרם,,700.00,100 גרם,false,,72.90,0.1041,true,1,224970
5391523058063,false,סימילאק אדבנס פלוס 1 תרכובת מזון על בסיס חלב,טרופיקל דגיל תעשיות,IE,סימילאק אדוונס פלוס,,700.00,100 גרם,false,,64.90,0.0927,true,1,225324
5400265032993,false,נשיקות מרנג לבן המלט,,,נשיקות מרנג לבן המלט,,100.00,,false,,10.90,0.1090,true,1,206514
5410126106022,false,לוטוס מארז חגים 250X2 גר',לוטוס בייקרי,BE,לוטוס מארז חגים 2*25,,500.00,,false,,18.90,0.0378,true,1,248585
5410126116953,false,ממרח עוגיות קרמל 400 ג' לוטוס,לוטוס בייקרי בלגיה נ,BE,ממרח ביסקוויט לוטוס,,400.00,,false,,22.90,0.0572,true,1,179408
5410126726947,false,ממרח עוגיות לוטוס קראנץ' 380 גרם,לוטוס בייקרי בלגיה נ,BE,ממרח עוגיות לוטוס קר,,380.00,100 גרם,false,,22.90,0.0603,true,1,179410
5410228141785,false,"בירה הוגרדן 330 מ""ל",קרלסברג יבוא יצוא,BE,"בירה הוגרדן 330 מ""ל",,330.00,100 גרם,false,,12.90,0.0391,true,1,210084
5410228142089,false,בירה לף לונד בלונד 3,קרלסברג יבוא יצוא,,בירה לף לונד בלונד 3,,330.00,100 גרם,false,,12.90,0.0391,true,1,210086
5410228144755,false,מארז בירה סטלה ארטוא,קרלסברג יבוא יצוא,IL,*מבצע* בירה סטלה ארט,,1980.00,,false,,30.00,0.0152,true,1,210087
5410228146162,false,בירה לף לונד בראון 3,קרלסברג יבוא יצוא,BE,בירה לף לונד בראון 3,,330.00,,false,,12.90,0.0391,true,1,210089
5410228267515,false,בירה באדוויזר שישייה,באדווייזר Budweiser,,בירה באדוויזר שישייה,,1980.00,,false,,29.90,0.0151,true,1,239861
5410291021991,false,ממרח אגוזי לוז עם קקאו,צ'וקטה Chocketa,,ממרח אגוזי לוז עם קק,,700.00,100 גרם,false,,19.90,0.0284,true,1,191934
5410316994019,false,וודקה סמירנוף אדום ב,דיאג'ו אופריישנס איט,US,וודקה סמירנוף אדום 7,,700.00,,false,,59.90,0.0856,true,1,173322
5410769800097,false,בירה צרי שוף 8% בקבו,פארייפאבה אגרואינדוס,BE,"בירה צ'רי שוף 330 מ""",,330.00,,false,,14.90,0.0452,true,1,232000
5411188110835,false,אלפרו חלב סויה שקדים וניל 1ל',הנסיך- מפעל לייצור ט,BE,אלפרו משקה משקה שקדי,,1000.00,,false,,15.90,0.0159,true,1,185448
5411188112709,false,משקה אלפרו שקדים ללא סוכר 1 ליטר,הנסיך- מפעל לייצור ט,BE,אלפרו משקה שקדים ללא,,1000.00,,false,,15.90,0.0159,true,1,185452
5411188115472,false,אלפרו משקה סויה 1 ליטר,הנסיך- מפעל לייצור ט,BE,אלפרו משקה סויה 1 לי,,1000.00,,false,,15.90,0.0159,true,1,242043
5411188120742,false,אלפרו חלב משקה שקדים בטעם וניל 1 ל',הנסיך- מפעל לייצור ט,BE,אלפרו משקה שקדים טעם,,1000.00,,false,,16.50,0.0165,true,1,214547
5411188121978,false,"משקה סויה בטעם שוקולד 3 * 250 מ""ל אלפרו",אלפרו C.V.A,BE,אלפרו משקה סויה סידן,,750.00,100 גרם,false,,18.90,0.0252,true,1,223305
5411188133476,false,אלפרו משקה סויה שוקו+חלבון 250 גרם בית יוסף,אלפרו,BE,אלפרו משקה סויה שוקו,,250.00,,false,,8.90,0.0356,true,1,245954
5411188133490,false,אלפרו משקה סויה קפה קרמל+חלבון 250 גרם בית יוסף,אלפרו,BE,אלפרו משקה סויה קפה,,250.00,,false,,8.90,0.0356,true,1,245955
5411188134985,false,אלפרו 3.5% NOT M*LK שיבולת שועל 1 ליטר בית יוסף,הנסיך- מפעל לייצור ט,BE,אלפרו נוט מילק 3.5%,,1000.00,,false,,16.50,0.0165,true,1,245958
5411188135005,false,אלפרו 1.8% NOT M*LK שיבולת שועל 1 ליטר בית יוסף,הנסיך- מפעל לייצור ט,BE,אלפרו נוט מילק 1.8%,,1000.00,,false,,16.50,0.0165,true,1,245956
5411188300328,false,"אלפרו משקה סויה שוקו 500מ""ל",הנסיך- מפעל לייצור ט,BE,אלפרו משקה סויה שוקו,,1000.00,,false,,16.50,0.0165,true,1,185461
5411188513483,false,"אלפרו סויה לבישול 14% שומן 250 מ""ל",אלפרו C.V.A,BE,אלפרו סויה לבישול 14,,250.00,100 גרם,false,,11.50,0.0460,true,1,248668
5411188543398,false,משקה סויה ללא סוכר 1 ל' אלפרו,הנסיך- מפעל לייצור ט,BE,אלפרו משקה סויה ללא,,1000.00,,false,,15.90,0.0159,true,1,242044
5411616002190,false,בירה מרטינס סטרונג 8,מבשלת מרטנס,BE,בירה מרטינס סטרונג 8,,500.00,100 גרם,false,,6.90,0.0138,true,1,173324
5411616133245,false,בירה מרטנס לאגר פחית,מבשלת מרטנס,BE,בירה מרטנס ירוק פחית,,500.00,,false,,6.90,0.0138,true,1,173325
5411616148546,false,בירה מרטנס גולד פחית,מבשחת מרטנס,BE,בירה מרטינס גולד פחי,,500.00,100 גרם,false,,6.90,0.0138,true,1,173326
5411681014005,false,בירה דובל בקבוק 330,פארייפאבה אגרואינדוס,IL,בירה דובל 7% 330מל,,330.00,,false,,14.90,0.0452,true,1,192668
5413149655522,false,"אבקת כביסה שושן צחור 1.25 ק""ג אריאל",פרוקטר אנד גמבל,,איראל אבקת כביסה שוש,קילוגרמים,1.25,"ק""ג",false,,19.90,15.9200,true,1,204074
5413149922907,false,"אבקת כביסה קולור וסטייל 5 ק""ג אריאל",אריאל Ariel,,אריאל אבקת כביסה קול,קילוגרמים,5.00,"ק""ג",false,,45.90,9.1800,true,1,204103
5601008200444,false,עוגיות גודיס מרבה טבעת מצופה שוקו' חלב 150ג',הנסיך- מפעל לייצור ט,PT,עוגיות טבעת גודיס מצ,,150.00,100 גרם,false,,9.90,0.0660,true,1,185464
5601008200468,false,עוגיות מרבה גודיס טבעת מצופה שוקו' לבן 150ג',קריניציה ויטמינה אס,PT,עוגיות טבעת גודיס מצ,,150.00,100 גרם,false,,9.90,0.0660,true,1,185466
5701932026964,false,פופקורן להכנה במיקרוגל בטעם טבעי 6 שקיות,הוט פופ Hot pop,US,הוטפופ פופקורן בתוספ,,600.00,,false,,17.90,0.0298,true,1,191943
5701932026971,false,פופקורן להכנה במיקרוגל בטעם חמאה 6 שקיות,הוט פופ Hot pop,US,הוטפופ פופקורן בטעם,,600.00,100 גרם,false,,17.90,0.0298,true,1,191944
5711953106583,false,גבינת שמנת בטעם טבעי 200 גרם ארלה,ארלה פודס אמבה,DK,גבינת שמנת טבעי ארלה,,200.00,100 גרם,false,,16.90,0.0845,true,1,234341
5711953106590,false,גבינת שמנת עם שום 200 גרם ארלה,ארלה פודס אמבה,DK,גבינת שמנת שום ארלה,,200.00,100 גרם,false,,16.90,0.0845,true,1,234339
5711953106606,false,גבינת שמנת עם תבלינים ועשבי תיבול 23.5%,ארלה פודס אמבה,DK,גבינת שמנת עשבי תיבו,,200.00,100 גרם,false,,16.90,0.0845,true,1,234340
5740900403215,false,ממרח לורפק חמאה עם מלח 250 ג',לורפאק Lurpak,,לורפק ממרח עם מלח 25,,250.00,100 גרם,false,,19.90,0.0796,true,1,226124
5740900403222,false,ממרח לורפק חמאה עם מלח מופחת שומן 250 ג,לורפאק Lurpak,,לורפק ממרח עם מלח מו,,250.00,100 גרם,false,,19.90,0.0796,true,1,226125
5740900403239,false,ממרח לורפק חמאה בלי מלח 250 ג',לורפאק Lurpak,,לורפק ממרח ללא מלח 2,,250.00,100 גרם,false,,19.90,0.0796,true,1,226128
5740900403246,false,ממרח לורפק חמאה בלי מלח 500 ג',לורפאק Lurpak,,לורפק ממרח ללא מלח 5,,500.00,100 גרם,false,,34.90,0.0698,true,1,226126
5740900403253,false,ממרח לורפק חמאה עם מלח 500 ג',לורפאק Lurpak,,לורפק ממרח עם מלח 50,,500.00,100 גרם,false,,34.90,0.0698,true,1,226127
5740900403260,false,ממרח מחמאת לורפק ללא מלח 27% פחות שומן,ארלה פודס אמבה,DK,לורפק ממרח עם מלח מו,,250.00,100 גרם,false,,19.90,0.0796,true,1,226129
5900020012814,false,דגני בוקר בטעם שוקולד נסקוויק Nesquik,מיוצר עי קונדיטוריית,PL,דגני בוקר נסקוויק נס,,500.00,,false,,27.90,0.0558,true,1,176051
5900020018908,false,חטיף פיטנס דגנים עם עוגיות ופצפוצי שוקולד לבן,מיוצר עי קונדיטוריית,PL,פיטנס חטיף דגנים עוג,,141.00,100 גרם,false,,16.90,0.1199,true,1,176059
5900020020710,false,נסטלה - קראנץ' שוקו וניל חטיף דגנים 25 גרם * 6,נסטלה פולין ברים,PL,חטיף דגנים קראנץ בר,,150.00,100 גרם,false,,16.90,0.1127,true,1,176060
5900020020741,false,חטיף נסקוויק Nesquik שוקו שוקו,נסטלה פולין ברים,PL,חטיף דגנים נסקוויק ב,,150.00,100 גרם,false,,16.90,0.1127,true,1,176061
5900020022325,false,חטיף סיני מיניס Cini Minis בטעם קינמון - 6 במארז,נסטלה פולין דגני בוק,PL,חטיף דגנים סיני מיני,,150.00,100 גרם,false,,16.90,0.1127,true,1,176063
5900020024817,false,פיטנס דליס Fitness Delice חטיף דגנים עם שוקולד לבן,נסטלה פולין ברים,PL,פיטנס בר דליס שוקולד,,135.00,100 גרם,false,,16.90,0.1252,true,1,176065
5900020026552,false,דגני בוקר האני נאט צ'יריוס בטעם דבש ושקדים,נסטלה צרפת איטנקורט,FR,צ׳יריוס האני נאט נסט,,625.00,,false,,27.90,0.0446,true,1,176075
5900020026859,false,דגני האני נאט צ'יריו,Unknown,,דגני האני נאט צ'יריו,,375.00,100 גרם,false,,12.90,0.0344,true,1,176076
5900020031877,false,צ'יריוס האני חטיף דגנים מארז 8 6*22ג 8N,נסטלה פולין ברים,PL,חטיף דגנים צ'יריוס ה,יחידה,0.00,יחידה,false,,16.90,0.0000,true,1,225257
5900020033314,false,חטיף דגני בוקר Lion בטעם קרמל ושוקולד על קרם חלב,נסטלה פולין ברים,PL,חטיף דגנים ליון 6*25,,150.00,,false,,16.90,0.1127,true,1,225907
5900020034021,false,חטיף דגנים פיטנס שוקולד בננה,מיוצר עי קונדיטוריית,PL,פיטנס חטיף דגנים שוק,,141.00,,false,,16.90,0.1199,true,1,227661
5900020036407,false,דגני בוקר ליון Lion בטעם שוקולד וקרמל,נסטלה פולין דגני בוק,,ליון שוקולד קרמל נסט,,480.00,,false,,27.90,0.0581,true,1,240941
5900020039590,false,פיטנס חטיף דגנים קלאסי פרווה 6 יח',נסטלה פולין דגני בוק,IL,פיטנס חטיף דגנים קלא,,141.00,,false,,16.90,0.1199,true,1,244606
5900020041142,false,קורנפלקס פיטנס 500 ג' אסם,נסטלה צרפת איטנקורט,PL,פיטנס קורנפלקס 500 ג,,500.00,100 גרם,false,,13.90,0.0278,true,1,248885
5900020041371,false,פיטנס מארז חטף שוקולד מריר 8*23.5 גרם,נסטלה פולין ברים,PL,פיטנס חטיף שוקולד מר,,141.00,,false,,16.90,0.1199,true,1,248563
5900352000770,false,שוקולד חלב ממולא ג'לי דובדבן Mella,,,גלרטקה דובדבן 190 ג,,190.00,100 גרם,false,,7.90,0.0416,true,1,173623
5900352002866,false,חטיף שוקולד אליבי מק,אליבי מקס Alibi Max,,חטיף אליבי 49 ג,יחידה,0.00,יחידה,false,,4.90,0.0000,true,1,173628
5900352014449,false,וופל בלגי וניל 130 ג,,,וופל בלגי וניל 130 ג,,130.00,100 גרם,false,,4.90,0.0377,true,1,227383
5900352014456,false,וופל בלגי שוקולד 130,,,וופל בלגי שוקולד 130,,130.00,100 גרם,false,,4.90,0.0377,true,1,227384
5900352014470,false,וופל בלגי קרמל 140 ג,,,וופל בלגי קרמל 140 ג,,140.00,100 גרם,false,,4.90,0.0350,true,1,227385
5900352015576,false,וופל בלגי קרם קוקוס,,,וופל בלגי קרם קוקוס,,130.00,100 גרם,false,,4.90,0.0377,true,1,248880
5900396016157,false,תה לוייד חליטת ורד ה,,,תה לוייד חליטת ורד ה,יחידה,0.00,יחידה,false,,9.90,0.0000,true,1,230284
5900396030962,false,תה לוייד שחור קלאסי,,,תה לוייד שחור קלאסי,יחידה,0.00,יחידה,false,,9.90,0.0000,true,1,242504
5900627026429,false,"סיליט באנג גיל לניקוי אסלות בתוספת אקונומיקה 750מ""ל",,,סיליט באנג סתימות 75,,750.00,100 גרם,false,,9.90,0.0132,true,1,233403
5900627063233,false,טבליות למדיח AIO 50 יח פיניש,רקיט בנקיזר,PL,פיניש טבליות למדיח 5,,50.00,,false,,35.90,0.7180,true,1,200103
5901677007611,false,שוקולד ברון חלב 300ג,,,שוקולד ברון חלב 300ג,,300.00,100 גרם,false,,12.90,0.0430,true,1,246782
5901677008489,false,שוקולד ברון מריר 300,,,שוקולד ברון מריר 300,,300.00,100 גרם,false,,12.90,0.0430,true,1,246783
5902198160403,false,"משקה אנרגיה XL TEN פחית לל""ס 250מ""ל","טמפו משקאות בע""מ",IL,אקסל משקה אנרגיה טן,,250.00,,false,,5.00,0.0200,true,1,220997
5902488030003,false,בירה היידי אדום פחית,,,בירה היידי אדום פחית,,500.00,100 גרם,false,,7.90,0.0158,true,1,248635
5904603190654,false,עגבניות צהוב אדום בח,דבורק,,עגבניות צהוב אדום בח,,880.00,100 גרם,false,,13.90,0.0158,true,1,247789
5904603190715,false,עגבניות בחומץ פיקנטי,דבורק,,עגבניות בחומץ עם פיק,,880.00,,false,,13.90,0.0158,true,1,247800
5904603190883,false,עגבניות ירוקות כבושו,דבורק,,עגבניות ירוקות כבושו,,880.00,100 גרם,false,,13.90,0.0158,true,1,247790
5904603191323,false,מלפפונים כבושים דוור,דבורק,,מלפפונים כבושים דוור,,850.00,100 גרם,false,,13.90,0.0164,true,1,247791
5904941750312,false,"משקה אנרגיה BLU מוחיטו 250 מ""ל",אקו - ביט,PL,בלו דיי משקה אנרגיה,,250.00,100 גרם,false,,5.00,0.0200,true,1,172002
5904941751302,false,"משקה אנרגיה בלו 250 מ""ל- בודד",אקו - ביט,PL,בלו משקה אנרגיה 250מ,,250.00,100 גרם,false,,4.90,0.0196,true,1,172003
5904941751715,false,"משקה אנרגיה בלו קרנברי 250 מ""ל -בודד",אקו - ביט,PL,בלו משקה אנרגיה קרנב,,250.00,100 גרם,false,,4.90,0.0196,true,1,172008
5904941751920,false,בלו משקה אנרגיה דיי חצי מכמות הקלו250 מל,אקו - ביט,PL,בלו דיי משקה אנרגיה,,250.00,,false,,5.00,0.0200,true,1,172012
5904941753115,false,"משקה אנרגיה בלו ארגז 24 יחידות * 250 מ""ל",,,בלו משקה אנרגיה מארז,,6000.00,,false,,75.00,0.0125,true,1,172014
5906485301012,false,"משקה אנרגיה XL פחית 250 מ""ל","טמפו משקאות בע""מ",IL,אקסל משקה אנרגיה 250,,250.00,100 גרם,false,,5.00,0.0200,true,1,172871
5949152110821,false,"איירוויק מבשם אוויר ומנטרל ריחות – לילות לבנים 237 מ""ל",,,איירוויק מבשם אוויר,,237.00,,false,,15.90,0.0671,true,1,248475
5949152110838,false,"איירוויק מבשם אוויר ומנטרל ריחות - גשמים סגולים 237 מ""ל",,,איירוויק מבשם אוויר,,237.00,100 גרם,false,,15.90,0.0671,true,1,248476
5997321701806,false,אבקה למניעת אבנית במכונת כביסה 2 ב-1,רקיט בנקיזר פולין,PL,קלגון אבקה 1קג,,1000.00,100 גרם,false,,37.90,0.0379,true,1,221785
6001067017523,false,קולגייט מברשת שיניים ילדים ספידרמן-ברבי 5+,יבואן ומשווק: ש. שסט,CN,קולגייט מברשת שיניים,יחידה,0.00,יחידה,false,,11.90,0.0000,true,1,185471
6111094000013,false,"קוסקוס דארי בינוני תומר 1 ק""ג",קריות זול,,קוסקוס דק/בינוני 1 ק,,1000.00,,false,,18.90,0.0189,true,1,174753
6111094000198,false,קוסקוס דק 350 ג' דארי,דארי Dari,,קוסקוס דארי דק 350 ג,יחידה,0.00,יחידה,false,,7.90,0.0000,true,1,242077
6111094000228,false,"קוסקוס דארי דק תומר 1 ק""ג",קריות זול,MA,קוסקוס תומר דק 1 קג,,1000.00,,false,,18.90,0.0189,true,1,174754
6111094000242,false,תומר קוסקוס דארי דק 500גר,דרי קוספט,MA,קוסקוס דארי דק תומר,,500.00,,false,,9.90,0.0198,true,1,248948
6112012100075,false,קולפן פלסטיק איכותי,,,קולפן פלסטיק יקר,יחידה,0.00,יחידה,false,,12.90,0.0000,true,1,213635
6112012100358,false,שישיית קולבי פלסטיק,,,שישיית קולבי פלסטיק,יחידה,0.00,יחידה,false,,10.90,0.0000,true,1,213639
6112012100600,false,שלישיית קולבי קטיפה,,,שלישיית קולבי קטיפה,יחידה,0.00,יחידה,false,,11.90,0.0000,true,1,230970
6112012100655,false,מגב לשיש מהודר,,,מגבלשיש מהודר,יחידה,0.00,יחידה,false,,7.90,0.0000,true,1,227894
6112013100173,false,מברשת לאפייה + ידית משולבת,,,מברשת אפיה+ידית קריס,יחידה,0.00,יחידה,false,,12.90,0.0000,true,1,230986
6112013100999,false,סוגרים לשקיות 8 יח,,,סוגרים לשקיות,יחידה,0.00,יחידה,false,,9.90,0.0000,true,1,230998
6112015100294,false,"מגב מתכת 40 ס""מ",,,"מגב מתכת 40 ס""מ",יחידה,0.00,יחידה,false,,21.90,0.0000,true,1,213701
6112016100514,false,"תחתית לסיר מברזל 20 ס""מ",,,תחתית לסיר מברזל 20,יחידה,0.00,יחידה,false,,10.90,0.0000,true,1,227812
6112017101534,false,מברשת לאסלה,,,מברשת לאסלה,יחידה,0.00,יחידה,false,,21.90,0.0000,true,1,227878
6112017102784,false,מברשת ניקוי,,,מברשת ניקוי,יחידה,0.00,יחידה,false,,6.90,0.0000,true,1,227879
6112017103897,false,שלישיית סכיני מטבח צבעוני,,,שלישיית סכינים,יחידה,0.00,יחידה,false,,9.90,0.0000,true,1,227831
6112017104153,false,ספוג מסאג',,,ספוג מסאז,יחידה,0.00,יחידה,false,,8.90,0.0000,true,1,227874
6112017104573,false,מטאטא שחור לבן,,,מטאטא שחור לבן,יחידה,0.00,יחידה,false,,24.90,0.0000,true,1,228125
6112017104580,false,מטאטא שיער סוס,,,מטאטא שיער סוס,יחידה,0.00,יחידה,false,,39.90,0.0000,true,1,227881
6112017105778,false,"מגב סיליקון 40 ס""מ",,,"מגב לריצפה 40 ס""מ",יחידה,0.00,יחידה,false,,20.90,0.0000,true,1,234253
6118000061090,false,סרדינים מרוקאים בשמן סויה -טנגיר 125,,,סרדין מרוקאי בשמן סו,,125.00,100 גרם,false,,6.90,0.0552,true,1,200757
6118000240501,false,סרדינים מרוקאים בשמן סויה עם פלפל חריף - 125 גרם,,,סרדין מרוקאי בשמן סו,,125.00,100 גרם,false,,6.90,0.0552,true,1,214866
6903215652184,false,כפפות ויניל 100 יח S,,,כפפות ויניל 100 יח S,יחידה,0.00,יחידה,false,,29.90,0.0000,true,1,245418
6903215652368,false,כפפות ויניל שחורות 100 יח L,,,כפפות ויניל 100 יח L,יחידה,0.00,יחידה,false,,29.90,0.0000,true,1,245420
6906539758143,false,LIRON '100 יח M חד פעמיות גודל TPE כפפות,,,כפפות חד פעמיות M,יחידה,0.00,יחידה,false,,8.90,0.0000,true,1,245157
6906539758150,false,LIRON '100 יח L חד פעמיות גודל TPE כפפות,,,כפפות חד פעמיות L,יחידה,0.00,יחידה,false,,8.90,0.0000,true,1,245155
6910191800287,false,אצות נורי בלו 10 דף (ננגטונג),ננטונג היידה אקווטוק,CN,דפי סושי אצות נורי ב,,10.00,,false,,13.90,1.3900,true,1,205399
6912977000140,false,אטריות שעועית מזרח ו,יאנטאי ינסידה לנוגקא,CN,אטריות שעועית 250גר,,250.00,100 גרם,false,,10.90,0.0436,true,1,205400
6921052701001,false,אצות ווקאמה מיובשות,ננטונג הידה אקוטיק פ,CN,אצות ים וואקמה 40גר,,40.00,100 גרם,false,,11.90,0.2975,true,1,226138
6921850620368,false,לד 10W אור יום 3 יח,,,נורות לד3 יח A60-,יחידה,0.00,יחידה,false,,27.90,0.0000,true,1,227885
6931191500076,false,מספריים מקצועיות למטבח,,,מספריים ממקצועיות למ,יחידה,0.00,יחידה,false,,11.90,0.0000,true,1,213732
6931191500649,false,דבק סופר גלו רביעייה,,,דבק סופר גלו רביעייה,יחידה,0.00,יחידה,false,,11.90,0.0000,true,1,213740
6934931267246,false,מצת לכיריים,,,מצת לכיריים,יחידה,0.00,יחידה,false,,9.90,0.0000,true,1,244947
6934931272196,false,מטאטא מאלזיה גב עץ,,,מטאטא מאלזיה גב עץ,יחידה,0.00,יחידה,false,,19.90,0.0000,true,1,244943
6934931272264,false,מטאטא גולד,,,מטאטא גולד,יחידה,0.00,יחידה,false,,19.90,0.0000,true,1,244942
6935487561246,false,מסיכה כירורגית שחורה מארז 50 יח',,,מסכות חד פעמי 50 יח,,50.00,,false,,9.90,0.1980,true,1,243379
6935673035612,false,כפפות אלוורה להקלה על עור יבש - קטן S,מ.א ייצור ושיווק מטל,CN,כפפות אלוורה שאיני S,יחידה,0.00,יחידה,false,,7.90,0.0000,true,1,197831
6935673035629,false,כפפות אלוורה להקלה על עור יבש - בינוני M,מ.א ייצור ושיווק מטל,CN,כפפות אלוורה שאיני M,יחידה,0.00,יחידה,false,,7.90,0.0000,true,1,197832
6935673035636,false,כפפות אלוורה להקלה על עור יבש - גדול L,מ.א ייצור ושיווק מטל,CN,כפפות אלוורה שאיני L,יחידה,0.00,יחידה,false,,7.90,0.0000,true,1,197833
6935673035643,false,כפפות אלוורה להקלה על עור יבש - גדול מאוד XL,מ.א ייצור ושיווק מטל,CN,כפפות אלוורה שאיני X,יחידה,0.00,יחידה,false,,7.90,0.0000,true,1,197834
6936745600462,false,רוטב מירין לתיבול מז,דאנינג יוה פודס קו,CN,מירין דאניינג 500מל,,500.00,,false,,22.90,0.0458,true,1,205422
6936745600783,false,"חומץ אורז 500 מ""ל (דאניינג)",דאנינג יוה פודס קו,CN,חומץ אורז דאניינג 50,,500.00,,false,,16.90,0.0338,true,1,205423
6937266703038,false,מכשיר גילוח שיק הידר,Schick,,מכשיר גילוח שיק הידר,יחידה,0.00,יחידה,false,,47.80,0.0000,true,1,214229
6945305614047,false,רביעיית מתלים דמוי ניקל,,,רביעיית מתלים ניקל,יחידה,0.00,יחידה,false,,9.90,0.0000,true,1,213745
6973350163388,false,מסכות כירורגיות 50 י,,,מסכות חד פעמי 50 יח,יחידה,0.00,יחידה,false,,9.90,0.0000,true,1,241229
6985425120011,false,זוג מסנני כיור פרפר,,,מסנן פרפר זוג,יחידה,0.00,יחידה,false,,8.90,0.0000,true,1,213753
6985425120028,false,ספוגים רחצה רביעייה,,,ספוגים רחצה רביעייה,יחידה,0.00,יחידה,false,,9.90,0.0000,true,1,213754
6985425120134,false,מזלף למקלחת מטר,,,מזלף למקלחת מטר,יחידה,0.00,יחידה,false,,29.90,0.0000,true,1,227862
6985425120301,false,אטבי כביסה 30 יחידות,,,אטבי כביסה 30 יחידות,יחידה,0.00,יחידה,false,,9.90,0.0000,true,1,227837
7271730901261,false,ווקי מאק ארוחת אטריות עם גבינה 156 גרם,ניו וורלד פסטה קומפנ,US,תערובת להכנת פסטה+גב,,156.00,,false,,12.90,0.0827,true,1,174494
7290000000070,false,סופגניה,,,סופגניה,יחידה,0.00,יחידה,false,,3.90,0.0000,true,1,249126
7290000012902,false,חלת הצבי מתוקה עם צי,,,חלת הצבי מתוקה עם צי,יחידה,0.00,יחידה,false,,15.00,0.0000,true,1,211949
7290000018492,false,סופגניה מיני בטעמים,,,סופגניה מיני בטעמים,יחידה,0.00,יחידה,false,,2.90,0.0000,true,1,242623
7290000023007,false,"ברנדי שטוק 84 40% 750 מ""ל","יקבי ברקן בע""ם",IL,ברנדי שטוק 84 750מל,,750.00,100 גרם,false,,79.90,0.1065,true,1,172882
7290000023083,false,ערק אשקלון 40% בקבוק,"יקבי ברקן בע""מ",IL,ערק אשקלון 700 מל,,700.00,,false,,49.90,0.0713,true,1,172885
7290000023809,false,"יין ברקן קלאסיק קברנה סובניון 750מ""ל",יקבי ברקן שיווק והפצ,IL,יין קלאסיק קברנה סוב,,750.00,100 גרם,false,,39.90,0.0532,true,1,172910
7290000023816,false,"יין ברקן קלאסיק אמרלד ריזלינג 750מ""ל",יקבי ברקן שיווק והפצ,IL,יין קלאסיק אמרלד ריז,,750.00,100 גרם,false,,39.90,0.0532,true,1,172911
7290000023847,false,יין ברקן קלאסיק שרדו,יקבי ברקן שיווק והפצ,IL,יין קלאסיק שרדונה 75,,750.00,,false,,39.90,0.0532,true,1,228402
7290000023977,false,"יין ברקן קלאסיק מרלו 750 מ""ל",יקבי ברקן שיווק והפצ,IL,יין קלאסיק מרלו 750מ,,750.00,,false,,39.90,0.0532,true,1,172917
7290000024530,false,יין אדום מתוק של סגל,כרמי צבי - אחים סגל,IL,יין אדום מתוק קידוש,,750.00,,false,,17.90,0.0239,true,1,172930
7290000034256,false,ביסקוויט תירוש חצי מצופה הדר 175ג',אפיפית נצרת תעשיות ב,IL,ביסקויט תירוש 175גרם,,175.00,100 גרם,false,,7.90,0.0451,true,1,202413
7290000037066,false,פרגית טרי,,,פרגית טרי,קילוגרמים,1.00,"ק""ג",true,,69.90,69.9000,true,1,211209
7290000040042,false,יוגורט תות %3 גביע 150 ג' יופלה,תנובה בעמ,IL,יופלה תות שובב 3% 15,,150.00,100 גרם,false,,5.20,0.0347,true,1,188688
7290000040066,false,יוגורט דובדבן 3% שומן 150 ג' יופלה,תנובה מרכז שיתופי לש,IL,יופלה דובדבן פראי 3%,,150.00,100 גרם,false,,5.20,0.0347,true,1,188690
7290000040080,false,יוגורט אפרסק 3% שומן 150 ג' יופלה,תנובה בעמ,IL,יופלה אפרסק מאוהב 3%,,150.00,100 גרם,false,,5.20,0.0347,true,1,188691
7290000040318,false,גבינת ברי 24% קולאז עדי תנובה 125 ג',תנובה מרכז שיתופי לש,IL,גבינת קולאז' ברי 24%,,125.00,,false,,21.50,0.1720,true,1,188697
7290000040462,false,גבינת טוסטי עמק אמריקאי אדם 23% 200 ג',תנובה מרכז שיתופי לש,IL,מותכת טוסטי אמריקאי,,200.00,,false,,19.90,0.0995,true,1,188699
7290000040974,false,חלב תנובה קרטון דל לקטוז 2% 1ל,תנובה מרכז שיתופי לש,IL,חלב קרטון דל לקטוז ת,,1000.00,,false,,7.50,0.0075,true,1,188700
7290000041407,false,"גיל לבן 3% תנובה 125 מ""ל בד""צ",תנובה מרכז שיתופי לש,IL,גיל 125 גרם תנובה,,125.00,100 גרם,false,,0.94,0.0075,true,1,188701
7290000041858,false,"שמנת חמוצה 15% יטבתה 200 מ""ל מהדרין",שטראוס גרופ,IL,שמנת חמוצה מעושר 15%,,200.00,,false,,2.90,0.0145,true,1,195480
7290000041865,false,"לבן 4.5% יטבתה מהדרין 200מ""ל",מחלבת יטבתה,IL,אשל 4.5% יטבתה 200מל,,200.00,,false,,2.00,0.0100,true,1,195481
7290000041872,false,"לבן 3% יטבתה 200מ""ל מהדרין",מחלבת יטבתה,IL,לבן 3% 200מל,,200.00,100 גרם,false,,2.50,0.0125,true,1,195482
7290000042008,false,חלב תנובה טרי 3% שקית 1 ל',"תנובה, מחלבת רחובות",IL,חלב בשקית תנובה 3% 1,,1000.00,,false,,5.43,0.0054,true,1,188705
7290000042015,false,חלב טרי 3% תנובה שקית 1ל' מהדרין,תנובה מרכז שיתופי לש,IL,חלב טרי בשקית 3% בדצ,,1000.00,100 גרם,false,,5.43,0.0054,true,1,188706
7290000042404,false,חלב יוטבתה מועשר 3% שקית 1ל',מחלבת יטבתה,IL,חלב מועשר שקית יטבתה,,1000.00,,false,,6.30,0.0063,true,1,195483
7290000042435,false,חלב טרי 1% קרטון פקק 1ל' תנובה,תנובה מרכז שיתופי לש,IL,חלב דל שומן 1% בקרטו,,1000.00,100 גרם,false,,5.86,0.0059,true,1,188715
7290000042640,false,"חלב תנובה עמיד 3% קרטון 250 מ""ל",קריות זול,IL,חלב עמיד תנובה 3% 25,,250.00,,false,,3.50,0.0140,true,1,188723
7290000042855,false,יוטבתה שוקו שקית 225מל,שטראוס גרופ,IL,שוקו שקית 250,,250.00,,false,,3.10,0.0124,true,1,195485
7290000043012,false,"שוקו עמיד 2% בקרטון 250 מ""ל תנובה",תנובה מרכז שיתופי לש,IL,שוקו עמיד 2% תנובה 2,,250.00,100 גרם,false,,5.40,0.0216,true,1,188727
7290000043814,false,"שמנת מתוקה להקצפה 38% 250 מ""ל תנובה",תנובה מרכז שיתופי לש,IL,השף הלבן שמנת עמידה,,250.00,100 גרם,false,,6.47,0.0259,true,1,188730
7290000043890,false,רויון בקרטון 1 ליטר,תנובה מרכז שיתופי לש,IL,רויון תנובה 1.5% 1לי,,1000.00,,false,,12.30,0.0123,true,1,188732
7290000043944,false,כד יוגורט תנובה 4% שומן 1.5 ליטר,מיוצר עי קונדיטוריית,IL,יוגורט כדים תנובה 1.,,1500.00,,false,,17.90,0.0119,true,1,188733
7290000044712,false,יוגורט עם תות 1.5% שומן 500 ג' פרילי,מיוצר עי קונדיטוריית,IL,יוגורט פרילי תות 1.5,,500.00,100 גרם,false,,11.70,0.0234,true,1,188740
7290000044880,false,באדי יוגורט תות 3% שומן 500 ג' תנובה,מיוצר עי קונדיטוריית,IL,יוגורט באדי בטעם תות,,500.00,100 גרם,false,,9.80,0.0196,true,1,188742
7290000045573,false,גבינת מותכת משולשים 25% שומן 200 ג' נעמה,קריות זול,IL,גבינה מותכת נעמה 25%,,200.00,,false,,15.90,0.0795,true,1,188744
7290000045580,false,"גבינת מותכת נעמה חורש 25%, 240 ג'",תנובה מרכז שיתופי לש,IL,גבינת חורש 16 יחידות,,240.00,,false,,18.90,0.0787,true,1,188745
7290000045771,false,יוגורט 4% שומן 3 ל' תנובה,תנובה מרכז שיתופי לש,IL,יוגורט כדים תנובה 3ל,,3000.00,,false,,30.90,0.0103,true,1,188746
7290000045917,false,תנובה גבינת פרומעז 23% גלילית 200ג,קריות זול,IL,גבינה פרומעז 23% קול,,200.00,100 גרם,false,,27.90,0.1395,true,1,188747
7290000046006,false,גבינה צהובה עמק בלוק,תנובה מרכז שיתופי לש,,עמק 28% תנובה,קילוגרמים,1.00,"ק""ג",true,,44.79,44.7900,true,1,188604
7290000046020,false,"גבינה גלבוע בלוק ק""ג",תנובה מרכז שיתופי לש,,גלבוע 22% תנובה,קילוגרמים,1.00,"ק""ג",true,,42.58,42.5800,true,1,188605
7290000046136,false,גלבוע 22% תנובה,קריות זול,,גלבוע 22% תנובה,קילוגרמים,1.00,"ק""ג",true,,42.58,42.5800,true,1,239728
7290000046327,false,"גבינת גלבוע פרוס 22%, 200 ג' תנובה",תנובה מרכז שיתופי לש,IL,צהובה גלבוע 22% 200,,200.00,,false,,14.30,0.0715,true,1,188750
7290000046501,false,גבינה טל העמק בלוק ק,קריות זול,,טל העמק חריץ 32% תנו,קילוגרמים,1.00,"ק""ג",true,,63.00,63.0000,true,1,188610
7290000046563,false,גבע פרמזן תנובה במשק,תנובה מרכז שיתופי לש,,פרמזן קולאז 23% תנוב,קילוגרמים,1.00,"ק""ג",true,,125.00,125.0000,true,1,188613
7290000046662,false,עמק דליקטס סקנדינבית,תנובה מרכז שיתופי לש,,עמק דליקטס סקנדינבית,קילוגרמים,1.00,"ק""ג",true,,82.00,82.0000,true,1,188616
7290000047027,false,גבינה גלעד קצקאבל27%,תנובה מרכז שיתופי לש,,קאשקבל 28% תנובה חלב,קילוגרמים,1.00,"ק""ג",true,,134.00,134.0000,true,1,188618
7290000047034,false,"גבינה רוקפור גליל ק""",תנובה מרכז שיתופי לש,,רוקפור 28% תנובה,קילוגרמים,1.00,"ק""ג",true,,135.00,135.0000,true,1,188619
7290000047485,false,בולגרית פיראוס 24% ב,תנובה מרכז שיתופי לש,,בולגרית 24% תנובה,קילוגרמים,1.00,"ק""ג",true,,59.00,59.0000,true,1,188622
7290000047546,false,כנען גבינה לבנה ללא מלח 5% 500 ג',תנובה מרכז שיתופי לש,IL,גבינה לבנה ללא תוספת,,500.00,,false,,24.90,0.0498,true,1,188754
7290000047942,false,**תנובה גבינה לבנה מהדרין 9% 250ג,תנובה מרכז שיתופי לש,IL,גבינה לבנה 9% בדצ 2,,250.00,100 גרם,false,,5.20,0.0208,true,1,188760
7290000048185,false,גבינה לבנה 5% שומן 250 ג' תנובה,מיוצר עי קונדיטוריית,IL,גבינה לבנה 5% תנובה,,250.00,,false,,4.98,0.0199,true,1,188761
7290000048192,false,גבינה לבנה 9% שומן 250 ג' תנובה,מחלבת אלון תבור,IL,גבינה לבנה 9% תנובה,,250.00,100 גרם,false,,5.20,0.0208,true,1,188762
7290000048307,false,קוטג' 5% וזיתים ירוקים 250ג' תנובה,מיוצר עי קונדיטוריית,IL,גבינת קוטג׳ 5% עם זי,,250.00,,false,,5.90,0.0236,true,1,188764
7290000048413,false,גבינה חמד %16 שקית 250 ג' פיראוס,תנובה מרכז שיתופי לש,IL,פיראוס חמד 16% 250 ג,,250.00,,false,,19.40,0.0776,true,1,188765
7290000048437,false,גבינה צפתית 5% 200 ג' פיראוס,פארייפאבה אגרואינדוס,IL,פיראוס צפתית 5% שומן,,200.00,,false,,15.90,0.0795,true,1,188766
7290000048444,false,גבינת חמד 16% פיראוס,תנובה מרכז שיתופי לש,IL,"חמד 16% תנובה 1ק""ג",קילוגרמים,1.00,"ק""ג",true,,59.00,59.0000,true,1,244139
7290000049458,false,גבינת פטה עיזים 16% גביע פיראוס 250 ג',תנובה מרכז שיתופי לש,IL,פטה עיזים פיראוס 16,,250.00,100 גרם,false,,30.90,0.1236,true,1,188769
7290000050447,false,יוגורט תות 500 ג' יופלה,מיוצר עי קונדיטוריית,IL,יופלה YYY תות 3% 500,,500.00,,false,,14.40,0.0288,true,1,188782
7290000050454,false,יוגורט אפרסק 500 ג' יופלה,מיוצר עי קונדיטוריית,IL,יופלה YYY אפרסק 3% 5,,500.00,,false,,14.40,0.0288,true,1,188783
7290000051307,false,מארז הפסקת אוכל עם דגני עוגי ומשקה חלב עמיד בטעם וניל,תנובה מרכז שיתופי לש,IL,הפסקת אוכל עוגי +חלב,,150.00,,false,,10.50,0.0700,true,1,188810
7290000051352,false,חלב מלא בטעם של פעם 3.4% תנובה קרטון 1 ל',תנובה מרכז שיתופי לש,IL,חלב בטעם של פעם 3.4%,,1000.00,100 גרם,false,,8.30,0.0083,true,1,188811
7290000051376,false,יופלה דיאט אננס גביע 150 ג',תנובה מרכז שיתופי לש,IL,יופלה דיאט אננס ספור,,150.00,100 גרם,false,,5.30,0.0353,true,1,188813
7290000051710,false,לאבנה 9% עם שמן זית וזעתר 263 ג' פיראוס,"תנובה, מחלבת אלון תב",IL,לאבנה עם שמן זית וזע,,263.00,100 גרם,false,,15.30,0.0582,true,1,188820
7290000052311,false,גבינה צהובה לייט 15% 200 ג' עמק,תנובה מרכז שיתופי לש,IL,גבינה צהובה עמק לייט,,200.00,,false,,17.50,0.0875,true,1,188839
7290000052649,false,גבינת לאבנה 5% שומן 500 ג' פיראוס,תנובה מרכז שיתופי לש,IL,פיראוס לאבנה 5% גביע,,500.00,,false,,21.50,0.0430,true,1,188853
7290000052717,false,קוטג' 5%עם שום שמיר 250 ג' תנובה,מיוצר עי קונדיטוריית,IL,קוטג' שום שמיר 5% 25,,250.00,,false,,5.90,0.0236,true,1,188858
7290000055015,false,גבינת פיראוס פטה כבשים 5% 250 ג' פיראוס,תנובה מרכז שיתופי לש,IL,פטה כבשים 5% שומן פי,,250.00,100 גרם,false,,28.90,0.1156,true,1,188949
7290000055329,false,יופלה משקה יוגורט תות מלון 1.5% 250מל.,תנובה מרכז שיתופי לש,IL,יופלה משקה יוגורט תו,,250.00,,false,,5.90,0.0236,true,1,188961
7290000055336,false,יופלה משקה יוגורט בננה אפרסק 1.5% 250מל,תנובה מרכז שיתופי לש,IL,יופלה משקה יוגורט בנ,,250.00,,false,,5.90,0.0236,true,1,188962
7290000055343,false,יופלה משקה יוגורט טרופי 1.5% 250מל,תנובה מרכז שיתופי לש,IL,יופלה משקה יוגורט טר,,250.00,,false,,5.90,0.0236,true,1,188963
7290000055350,false,עמק קלאסית 28% במשקל,תנובה מרכז שיתופי לש,,עמק 28% תנובה,קילוגרמים,1.00,"ק""ג",true,,44.79,44.7900,true,1,240240
7290000055893,false,חמאה משמנת מפוסטרת 200ג' כ.מהדרין,תנובה מרכז שיתופי לש,IL,חמאה מהדרין תנובה 20,,200.00,,false,,8.70,0.0435,true,1,188977
7290000056845,false,חלב טרי 3% הומוגני קרטון 1.5 ל' תנובה,פארייפאבה אגרואינדוס,IL,חלב טרי 3% תנובה 1.5,,1500.00,100 גרם,false,,9.35,0.0062,true,1,189008
7290000056883,false,יופלה מאגדת פרי 3% 8 יח' * 150 ג',תנובה מרכז שיתופי לש,IL,יופלה טעמים משתנים 3,,1200.00,,false,,31.90,0.0266,true,1,189010
7290000056890,false,דיאט יופלה שמינייה טעמים שונים,מיוצר עי קונדיטוריית,IL,יופלה מאגדת דיאט טעמ,יחידה,0.00,יחידה,false,,32.70,0.0000,true,1,189011
7290000056906,false,מאגדת לבן טבעי 1.5% שומן 8 יח' * 150 ג' יופלה,מחלבת אלון תבור,IL,יופלה לבן מאגדת שמינ,,1200.00,100 גרם,false,,18.90,0.0157,true,1,189012
7290000056951,false,"שמנת לבישול 15% שומן 500 מ""ל תנובה",תנובה מרכז שיתופי לש,IL,שמנת עמידה לבישול 15,,500.00,100 גרם,false,,18.50,0.0370,true,1,189015
7290000057088,false,גבינת דק דק 28% 200 ג' עמק,תנובה מרכז שיתופי לש,IL,גבינה צהובה עמק דק ד,,200.00,,false,,17.50,0.0875,true,1,189021
7290000057118,false,עמק סמי מעדנייה כשרות מהדרין,תנובה מרכז שיתופי לש,IL,המעדניה של עמק 28% 4,,400.00,100 גרם,false,,24.90,0.0622,true,1,189023
7290000057132,false,יוגורט טבעי 1.5% שומן 200 ג' תנובה,מחלבת אלון תבור,IL,יוגורט טבעי 1.5%תנוב,,200.00,,false,,3.20,0.0160,true,1,189024
7290000057149,false,יוגורט טבעי 3% שומן 200 ג' תנובה,מיוצר עי קונדיטוריית,IL,יוגורט טבעי 3% תנובה,,200.00,,false,,3.20,0.0160,true,1,189025
7290000057477,false,"**חלב תנובה בקרטון בד""צ 3% 1.5ל",תנובה מרכז שיתופי לש,IL,חלב 3% בדצ תנובה 1.5,,1500.00,100 גרם,false,,9.35,0.0062,true,1,189037
7290000057934,false,משקאות חלב תנובה שוקו בדץ 1ל,תנובה מרכז שיתופי לש,IL,שוקו תנובה בקבוק בדץ,,1000.00,100 גרם,false,,13.90,0.0139,true,1,189052
7290000058030,false,"יופלה שטוזים משקה יוגורט תות 8 יח' * 100 מ""ל",מיוצר עי קונדיטוריית,IL,יופלה שטוזים משקה יו,,800.00,100 גרם,false,,21.90,0.0274,true,1,189060
7290000058047,false,**שף לבן שמנת מתוקה מהדרין 38% פקק 500מ,תנובה מרכז שיתופי לש,IL,השף הלבן שמנת 38% 5ע,,500.00,100 גרם,false,,12.94,0.0259,true,1,189061
7290000058979,false,גיל בטעם תות 3% שומן 125 ג' תנובה,תנובה מרכז שיתופי לש,IL,גיל בטעם תות 125גרם,,125.00,100 גרם,false,,1.60,0.0128,true,1,189090
7290000060088,false,בייגלה אסם מקלות מלוחים 400 גרם,מיוצר עי קונדיטוריית,IL,בייגלה מקלות מלוחים,,300.00,,false,,11.90,0.0397,true,1,176117
7290000060156,false,פסטה אסם אטריות ביצים דקות 200גר,"אסם השקעות בע""מ",IL,אסם אטריות ביצים דקו,,200.00,100 גרם,false,,7.90,0.0395,true,1,176120
7290000060163,false,פסטה אסם אטריות דקות 400גר,"אסם השקעות בע""מ",IL,אטריות דקות אסם 400ג,,400.00,,false,,7.90,0.0198,true,1,176121
7290000060200,false,פסטה אסם פתיתים אפויים קוסקוס 500גר,"אסם השקעות בע""מ",IL,פתיתים אפויים קוסקוס,,500.00,100 גרם,false,,7.90,0.0158,true,1,176123
7290000060217,false,פסטה אסם מקרוני 7 500 גר,קריות זול,IT,פסטה מקרוני 7 אסם 50,,500.00,100 גרם,false,,6.90,0.0138,true,1,176124
7290000060248,false,פסטה אסם פתיתים תלתלים 500גר,קריות זול,IT,פסטה תלתלים אסם 500,,500.00,,false,,6.90,0.0138,true,1,176125
7290000060316,false,פסטה פרפקטו ספגטי 500ג' אסם,קריות זול,IT,ספגטי אסם פרפקטו 500,,500.00,,false,,8.50,0.0170,true,1,176128
7290000060330,false,פרפקטו פרפקטו ספיראלי גירף 500 גר,קריות זול,IT,פסטה פרפקטו ספיראלי,,500.00,100 גרם,false,,8.50,0.0170,true,1,176130
7290000060385,false,פודינג וניל אינסטנט מארז רביעיה * 80 ג',אסם תעשיות,IL,פודינג וניל מארז אסם,,320.00,100 גרם,false,,19.90,0.0622,true,1,228645
7290000060408,false,פסטה אסם פתיתים אפויים טבעות 500 גר,"אסם השקעות בע""מ",IL,פתיתים אפויים טבעות,,500.00,,false,,7.90,0.0158,true,1,176134
7290000060415,false,פסטה פרפקטו לזאניה אסם 500ג',קריות זול,IT,לזניה פרפקטו 500גר,,500.00,100 גרם,false,,15.90,0.0318,true,1,176135
7290000060576,false,פסטה אסם פתיתים אפוי כוכב 500גר,"אסם השקעות בע""מ",IL,פתיתים אפויים כוכב א,,500.00,,false,,7.90,0.0158,true,1,176145
7290000060781,false,פסטה אסם פתיתים מסולסלים 500גר,קריות זול,IT,פסטה מסולסלים אסם 50,,500.00,100 גרם,false,,6.90,0.0138,true,1,176148
7290000060842,false,פסטה אסם פתיתים צדפים גדולים 500גר,קריות זול,IT,פסטה צדפים גדולים אס,,500.00,100 גרם,false,,6.90,0.0138,true,1,176153
7290000060880,false,פסטה מס' 8 ספגטי אסם 500ג',קריות זול,IT,פסטה ספגטי אסם 500גר,,500.00,100 גרם,false,,6.90,0.0138,true,1,176156
7290000060903,false,פסטה אסם פתיתים אפויים אורז 500גר,"אסם השקעות בע""מ",IL,פתיתים אפויים אורז א,,500.00,100 גרם,false,,7.90,0.0158,true,1,176157
7290000060958,false,פסטה אסם אטריות בינוניות 400 גרם,"אסם השקעות בע""מ",IL,אטריות בינוניות אסם,,400.00,,false,,7.90,0.0198,true,1,176160
7290000060965,false,פסטה אסם אטריות רחבות 400גר,"אסם השקעות בע""מ",IL,אטריות רחבות אסם 400,,400.00,,false,,7.90,0.0198,true,1,176161
7290000061061,false,קרקר בצל אסם 250 גרם,"אסם השקעות בע""מ",IL,קרקר בצל אסם 250גר,,250.00,100 גרם,false,,11.90,0.0476,true,1,176163
7290000061108,false,"רוטב טריאקי 290 מ""ל אסם","אסם השקעות בע""מ",IL,רוטב טריאקי אסם 290מ,,290.00,100 גרם,false,,12.90,0.0445,true,1,176166
7290000061214,false,פתיתים אפויים קוסקוס עם בצל אסם 500 גר',"אסם השקעות בע""מ",IL,פתיתים אפויים קוסקוס,,500.00,100 גרם,false,,7.90,0.0158,true,1,176168
7290000061245,false,עוגיות שוקוצ'יפס ממולאו שוקו' אסם 220ג',מיוצר עי קונדיטוריית,IL,עוגיות שוקוציפס ממול,,220.00,,false,,12.70,0.0577,true,1,176169
7290000061764,false,נסקפה רד מאג טעם חדש 200ג',נסטלה ספרד קפה,ES,רד מאג נסקפה 200גר,,200.00,100 גרם,false,,24.90,0.1245,true,1,176182
7290000062952,false,אוסם - מיני קרוטונים למרק ולסלט 250 גרם,עינת תעשיות מזון,IL,מיני קרוטונים למרק ו,,250.00,,false,,16.90,0.0676,true,1,176199
7290000063102,false,קמח עוגה אסם תופח מאליו 350ג',"אסם השקעות בע""מ",IL,קמח תופח אסם 350גר,,350.00,,false,,4.90,0.0140,true,1,176204
7290000063140,false,שקדי מרק רכיבים טבעיים בשקית 400 ג' אסם,"אסם השקעות בע""מ",IL,שקדי מרק רכיבים טבעי,,400.00,,false,,14.90,0.0373,true,1,176206
7290000063157,false,"קמח תופח מאליו אסם 1 ק""ג","אסם השקעות בע""מ",IL,קמח תופח מאליו אסם 1,,1000.00,100 גרם,false,,9.90,0.0099,true,1,176207
7290000064758,false,קוסקוס בינוני אמיתי אסם 350 ג',"מיוצר ע""י קוד יצרן K",IL,קוסקוס בינוני אסם 35,,350.00,100 גרם,false,,8.50,0.0243,true,1,176241
7290000064871,false,"אוסם - מנה חמה פירה תפו""א עם בצל 56 גרם","אסם השקעות בע""מ",IL,מנה חמה אסם פירה תפו,,56.00,100 גרם,false,,6.90,0.1232,true,1,176246
7290000065090,false,מיני קרוטונים למרק ולסלט 400 ג' אסם,עינת תעשיות מזון,IL,מיני קורטונים למרק ו,,400.00,100 גרם,false,,26.90,0.0672,true,1,176249
7290000065557,false,אוסם - מנה חמה קוסקוס עם ירקות 84 גרם,"אסם תעשיות מזון בע""מ",IL,מנה חמה אסם קוסקוס ע,,84.00,100 גרם,false,,6.90,0.0821,true,1,176254
7290000066134,false,ביסלי בטעם פלאפל אסם,"אסם השקעות בע""מ",IL,ביסלי בטעם פלאפל אסם,,70.00,,false,,4.90,0.0700,true,1,176268
7290000066141,false,ביסלי בטעם גריל אסם,"אסם השקעות בע""מ",IL,ביסלי בטעם גריל אסם,,70.00,100 גרם,false,,4.90,0.0700,true,1,176269
7290000066172,false,ביסלי בטעם פיצה אסם,"אסם השקעות בע""מ",IL,ביסלי בטעם פיצה אסם,,70.00,,false,,4.90,0.0700,true,1,176272
7290000066196,false,ביסלי גדול בטעם גריל 200 ג' אסם,מיוצר עי קונדיטוריית,IL,ביסלי גדול טעם גריל,,200.00,100 גרם,false,,9.50,0.0475,true,1,176274
7290000066264,false,אוסם - חטיף דובונים 40 גרם,"אסם השקעות בע""מ",IL,דובונים אסם 40גר,,40.00,100 גרם,false,,4.90,0.1225,true,1,176278
7290000066295,false,אסם במבה תות מחומרים טבעיים 30גר,מיוצר עי קונדיטוריית,IL,במבה תות מחומרים טבע,,30.00,100 גרם,false,,3.00,0.1000,true,1,176279
7290000066318,false,במבה קלאסי 80 גרם,"אסם השקעות בע""מ",IL,במבה אסם 80 גרם,,80.00,,false,,4.90,0.0613,true,1,176281
7290000066332,false,אפרופו חטיף אסם 50ג',מיוצר עי קונדיטוריית,IL,אפרופו אסם 50גר,,50.00,100 גרם,false,,5.50,0.1100,true,1,176282
7290000066349,false,אפרופו גדול אסם 100ג',מיוצר עי קונדיטוריית,IL,אפרופו אסם 100/200 ג,,100.00,100 גרם,false,,9.50,0.0950,true,1,176283
7290000066431,false,פופקו חטיף תירס בטעם חמאה ודבש 80 גרם,מיוצר עי קונדיטוריית,IL,פופקו חטיף אסם 80גר,,80.00,100 גרם,false,,5.90,0.0738,true,1,176285
7290000067407,false,פירורית מתובל שקית 200גר,עינת תעשיות מזון,IL,פירורית מתובל שקית א,,200.00,100 גרם,false,,6.50,0.0325,true,1,176302
7290000067544,false,פירורית זהב שקית 200גר,עינת תעשיות מזון,IL,פירורית זהב שקית אסם,,200.00,,false,,6.50,0.0325,true,1,176308
7290000067599,false,אוסם - מנה חמה ספגטי רוטב בולנז 65 גרם,"אסם השקעות בע""מ",IL,מנה חמה אסם ספגטי רו,,65.00,100 גרם,false,,6.90,0.1062,true,1,176312
7290000068138,false,אסם פודינג אינסטנט וניל 80 גרם,מיוצר עי קונדיטוריית,IL,פודינג וניל אסם 80גר,,80.00,100 גרם,false,,5.90,0.0738,true,1,176321
7290000068206,false,ג'לי משמש אסם צבע טבעי 85 ג',מיוצר עי קונדיטוריית,IL,ג'לי משמש אסם 85 גר,,85.00,,false,,6.90,0.0812,true,1,176326
7290000068343,false,אוסם - פירכונים מאורז מלא 140 גרם,"מיוצר ע""י PT, משווק",IL,פריכונים מאורז מלא א,,140.00,,false,,8.90,0.0636,true,1,176337
7290000068701,false,שקדי מרק רכיבים טבע.מיכל 400ג' אסם,"אסם השקעות בע""מ",IL,שקדי מרק במיכל אסם 4,,400.00,100 גרם,false,,17.90,0.0447,true,1,176342
7290000068770,false,במבה יום הולדת אסם 8,"אסם השקעות בע""מ",IL,במבה יום הולדת אסם 8,,80.00,,false,,4.90,0.0613,true,1,176344
7290000069364,false,פריכונים עגולים אורז דל נתרן אסם 140 גרם,"מיוצר ע""י PT, משווק",IL,פריכונים מאורז מלא ל,,140.00,100 גרם,false,,8.90,0.0636,true,1,176362
7290000070308,false,אבקת מרק עוף אמיתי במיכל 400 גרם,"אסם השקעות בע""מ",IL,מרק עוף אמיתי אסם 40,,400.00,,false,,18.90,0.0472,true,1,176387
7290000070322,false,אבקת מרק פטריות רכיבים טבעיים אוסם 400 ג',"אסם השקעות בע""מ",IL,מרק פטריות רכיבים טב,,400.00,100 גרם,false,,29.90,0.0747,true,1,176389
7290000070353,false,אבקת מרק בצל רכיבים טבעיים 400 ג' אסם,"אסם השקעות בע""מ",IL,מרק בצל רכיבים טבעיי,,400.00,100 גרם,false,,29.90,0.0747,true,1,176390
7290000072067,false,במבה במילוי קרם חלבה 60ג' אסם,מיוצר עי קונדיטוריית,IL,במבה במילוי קרם חלבה,,60.00,,false,,4.90,0.0817,true,1,176415
7290000072241,false,אסם רוטב לפיצה בקבוק,"אסם השקעות בע""מ",IL,רוטב פיצה-בקבוק 290מ,,290.00,,false,,12.90,0.0445,true,1,176419
7290000072623,false,אסם קטשופ בקבוק לחיץ,"אסם השקעות בע""מ",IL,קטשופ אסם 750 גרם,,750.00,,false,,10.90,0.0145,true,1,176422
7290000072630,false,קטשופ חריף אוסם 750 ג',"אסם השקעות בע""מ",IL,אסם קטשופ חריף 750 ג,,750.00,,false,,12.90,0.0172,true,1,176423
7290000072753,false,קפה טייסטר צ'ויס קפה מגורען 200ג',נסטלה קוריאה - קפה,IL,קפה טייסטרס צ׳ויס נס,,200.00,,false,,29.90,0.1495,true,1,176428
7290000072777,false,קפה טייסטר צ'ויס מגור' נ.קפאין 200ג',נסטלה קוריאה - קפה,IL,טסטרס צויס נטול קפאי,,200.00,,false,,39.90,0.1995,true,1,176430
7290000072968,false,דגני בוקר סיני מיניס נסטלה 500 ג',נסטלה פולין דגני בוק,PL,סיני מיניס 500 גרם,,500.00,,false,,27.90,0.0558,true,1,176438
7290000073125,false,אוסם - מנה חמה פסטה עם עגבניות 62 גרם,"אסם השקעות בע""מ",IL,מנה חמה אסם פסטה עם,,62.00,100 גרם,false,,6.90,0.1113,true,1,176441
7290000073415,false,אוסם - מנה חמה פסטה ברוטב פיצה 61 גרם,"אסם השקעות בע""מ",IL,מנה חמה אסם פסטה ברו,,61.00,100 גרם,false,,6.90,0.1131,true,1,176447
7290000073750,false,אוסם - מנה חמה נודלס בטעם עוף 70 גרם,טאי רזידנט,CN,מנה חמה נודלס בטעם ע,,70.00,100 גרם,false,,6.90,0.0986,true,1,176450
7290000073767,false,אוסם - מנה חמה נודלס בטעם בקר 70 גרם,טאי רזידנט,CN,מנה חמה נודלס בטעם ב,,70.00,100 גרם,false,,6.90,0.0986,true,1,176451
7290000073774,false,אוסם - מנה חמה נודלס בטעם פיקנטי 70 גרם,טאי רזידנט,CN,מנה חמה נודלס בטעם פ,,70.00,100 גרם,false,,6.90,0.0986,true,1,176452
7290000074153,false,ביסקוויט פתיבר שוקו,מיוצר עי קונדיטוריית,IL,פתי בר שוקו אסם 500ג,,500.00,,false,,14.90,0.0298,true,1,176459
7290000074184,false,אוסם - פתי בר בינוני 500 גרם,"אסם השקעות בע""מ",IL,פתי בר וניל אסם 500ג,,500.00,100 גרם,false,,12.90,0.0258,true,1,176461
7290000074245,false,אוסם - קרם קרקר אסם 250 גרם,"אסם השקעות בע""מ",IL,קרם קרקר אסם 250גר,,250.00,100 גרם,false,,8.90,0.0356,true,1,176462
7290000074252,false,קרקר אסם שומשום 250 גרם,"אסם השקעות בע""מ",IL,קרקר שומשום אסם 250ג,,250.00,,false,,9.90,0.0396,true,1,176463
7290000074276,false,קרקר פיקנטי טבעון 250 ג' אסם,"אסם השקעות בע""מ",IL,קרקר פיקנטי טבעון אס,,250.00,,false,,11.90,0.0476,true,1,176464
7290000074375,false,אוסם - קרקר זהב 150 גרם,"אסם השקעות בע""מ",IL,קרקר זהב אסם 150 גרם,,150.00,100 גרם,false,,7.90,0.0527,true,1,176469
7290000074481,false,לחמית אגוזים אסם 160 ג',"אסם השקעות בע""מ",IL,לחמית אגוזים אסם 160,,160.00,100 גרם,false,,11.90,0.0744,true,1,176471
7290000074696,false,"קרם קרקר 1 ק""ג אוסם","אסם השקעות בע""מ",IL,קרם קרקר אסם 1 ק״ג,,1000.00,,false,,29.90,0.0299,true,1,176474
7290000075204,false,אוסם - לחמית חיטה מלאה 250 גרם,"אסם השקעות בע""מ",IL,לחמית חיטה מלאה אסם,,250.00,,false,,9.90,0.0396,true,1,176488
7290000075693,false,עוגת הבית שמרים בריוש שוקולד 360ג',מיוצר עי קונדיטוריית,IL,עוגת הבית שמרים בריו,,360.00,,false,,18.50,0.0514,true,1,176495
7290000076133,false,בייגלה שמיניות קטנות 400 גרם אסם,"אסם השקעות בע""מ",IL,בייגלה שמיניות קטנות,,400.00,100 גרם,false,,11.90,0.0298,true,1,176497
7290000076645,false,אוסם - טוסטעים חיטה מלאה 100 גרם,ון דר מולן האלום,NL,טוסטעים חיטה מלאה אס,,100.00,,false,,10.90,0.1090,true,1,176509
7290000077253,false,אוסם - לחמית כפרית עם דגנים מלאים 190 גרם,"אסם השקעות בע""מ",IL,לחמית כפרית עם דגנים,,190.00,,false,,11.90,0.0626,true,1,176526
7290000078212,false,קרוטונים מתובלים 250 ג' אסם,עינת תעשיות מזון,IL,קרוטונים מתובלים אסם,,250.00,100 גרם,false,,16.90,0.0676,true,1,176536
7290000078762,false,אוסם - חטיפי פריכונים מאורז מלא בטעם דבש 80גר,סנורייס בלגיום אן. ו,BE,חטיפי פריכונים מאורז,,80.00,100 גרם,false,,9.50,0.1188,true,1,176543
7290000079233,false,קרקר קרם דל נתרן 250 ג' אסם,אסם תעשיות,IL,קרם דל נתרן אסם 250ג,,250.00,,false,,11.90,0.0476,true,1,176547
7290000080406,false,אסאדו עע,,,אסאדו עע,קילוגרמים,1.00,"ק""ג",true,,69.90,69.9000,true,1,198618
7290000080420,false,צלי כתף עגל,,,צלי כתף עגל,קילוגרמים,1.00,"ק""ג",true,,89.90,89.9000,true,1,198619
7290000080765,false,טוסטעים פת קלויה עם שומשום 100 ג' אוסם,ון דר מולן האלום,NL,טוסטעים פת קלוי עם ש,,100.00,100 גרם,false,,10.90,0.1090,true,1,176566
7290000081663,false,בייגלה אסם טבעות שומשום 300 גרם,מיוצר עי קונדיטוריית,IL,בייגלה טבעות שומשום,,300.00,100 גרם,false,,11.90,0.0397,true,1,176569
7290000101934,false,מיקס פירות יער מוקפאות 300 ג' סנפרוסט,"סנפרוסט בע""מ",IL,תערובת פירות יער מוק,,300.00,,false,,16.90,0.0563,true,1,225455
7290000101958,false,מנגו חתוך מוקפא סנפרוסט 300ג',"סנפרוסט בע""מ",IL,מנגו חתוך מוקפא 300ג,,300.00,100 גרם,false,,16.90,0.0563,true,1,225458
7290000103365,false,מרק ירקות 550 ג' סנפרוסט,"איי, בי, אינבוו",IL,מרק ירקות קפוא סנפרו,,550.00,100 גרם,false,,18.90,0.0344,true,1,188193
7290000103433,false,לקט ירקות לתנור סנפר,"איי, בי, אינבוו",IL,לקט ירקות לתנור סנפר,,800.00,100 גרם,false,,23.90,0.0299,true,1,188195
7290000103457,false,מיני כרובית סנפרוסט,"סנפרוסט בע""מ",IL,מיני כרובית סנפרוסט,,600.00,100 גרם,false,,16.90,0.0282,true,1,188197
7290000103730,false,לקט להקפצה עם פסטה פוזילי סנפרוסט 800 ג',"איי, בי, אינבוו",IL,לקט להקפצה עם פסטה פ,,800.00,100 גרם,false,,23.90,0.0299,true,1,188208
7290000103815,false,סנפרוסט לקט להקפצה תאילנדי 800 גר,"סנפרוסט בע""מ",IL,לקט להקפצה תאילנדי ס,,800.00,100 גרם,false,,23.90,0.0299,true,1,188216
7290000103839,false,מרק כתום קפוא 570 ג' סנפרוסט,"סנפרוסט בע""מ",IL,מרק כתום קפוא סנפרוס,,570.00,100 גרם,false,,18.90,0.0332,true,1,188218
7290000103846,false,מרק אפונה 570 ג' סנפרוסט,"סנפרוסט בע""מ",IL,מרק אפונה קפוא סנפרו,,570.00,,false,,18.50,0.0325,true,1,188219
7290000103860,false,מרק עדשים קפוא 570 ג' סנפרוסט,"איי, בי, אינבוו",IL,מרק עדשים קפוא סנפרו,,570.00,,false,,18.90,0.0332,true,1,188221
7290000103877,false,מרק שעועית קפוא 640 ג' סנפרוסט,"סנפרוסט בע""מ",IL,מרק שעועית קפוא סנפר,,640.00,,false,,18.90,0.0295,true,1,188222
7290000104201,false,סנפרוסט אפונה עדינה,"איי, בי, אינבוו",IL,אפונה עדינה סנפרוסט,,600.00,100 גרם,false,,19.90,0.0332,true,1,188232
7290000104218,false,במיה סנפרוסט 600 גרם,"איי, בי, אינבוו",IL,במיה סנפרוסט 600גר,,600.00,,false,,17.90,0.0298,true,1,188233
7290000104225,false,בצל קצוץ סנפרוסט 600 ג',"סנפרוסט בע""מ",IL,בצל קצוץ סנפרוסט 600,,600.00,100 גרם,false,,18.90,0.0315,true,1,188234
7290000104676,false,אפונה קפואה סנפרוסט 800 גרם,"איי, בי, אינבוו",IL,אפונה גינה סנפרוסט 8,,800.00,100 גרם,false,,17.90,0.0224,true,1,188236
7290000104683,false,שעועית שלמה 800 ג' סנפרוסט,"סנפרוסט בע""מ",IL,שעועית שלמה ירוקה סנ,,800.00,100 גרם,false,,21.90,0.0274,true,1,188237
7290000104690,false,תירס גרעינים 800 ג' סנפרוסט,"איי, בי, אינבוו",IL,גרעיני תירס סנפרוסט,,800.00,100 גרם,false,,18.90,0.0236,true,1,188238
7290000104706,false,גזר גמדי סנפרוסט 800ג',"סנפרוסט בע""מ",IL,גזר גמדי סנפרוסט 800,,800.00,100 גרם,false,,18.90,0.0236,true,1,188239
7290000104713,false,פול ירוק סנפרוסט 800 ג',"איי, בי, אינבוו",IL,פול ירוק סנפרוסט 800,,800.00,,false,,27.90,0.0349,true,1,188240
7290000104737,false,שעועית צהובה חתוכה 800 ג' סנפרוסט,"סנפרוסט בע""מ",IL,שעועית צהובה חתוכה ס,,800.00,100 גרם,false,,19.90,0.0249,true,1,188242
7290000104744,false,כרובית סנפרוסט 800גר,"סנפרוסט בע""מ",IL,כרובית סנפרוסט 800גר,,800.00,100 גרם,false,,25.90,0.0324,true,1,188243
7290000104775,false,תרד מדליונים סנפרוסט,"איי, בי, אינבוו",IL,תרד מדליונים סנפרוסט,,800.00,100 גרם,false,,27.90,0.0349,true,1,188246
7290000104799,false,שעועית לבנה מבושלת סנפרוסט 800גר,"איי, בי, אינבוו",IL,שעועית לבנה מבושלת ס,,800.00,100 גרם,false,,21.90,0.0274,true,1,188247
7290000104805,false,גרגירי חומוס קפוא 800 ג' סנפרוסט,"איי, בי, אינבוו",IL,גרגירי חומוס קפוא סנ,,800.00,100 גרם,false,,21.90,0.0274,true,1,188248
7290000104836,false,שעועית עדינה שלמה סנפרוסט 600ג',"סנפרוסט בע""מ",IL,שעועית עדינה שלמה סנ,,600.00,100 גרם,false,,24.90,0.0415,true,1,188250
7290000104874,false,ירקות לקוסקוס של אמא סנפרוסט 800ג',"סנפרוסט בע""מ",IL,לקט לקוסקוס סנפרוסט,,800.00,,false,,23.90,0.0299,true,1,188253
7290000104881,false,אפונה וגזר קפוא סנפרוסט 800ג',"איי, בי, אינבוו",IL,אפונה וגזר סנפרוסט 8,,800.00,100 גרם,false,,18.90,0.0236,true,1,188254
7290000104911,false,לקט נורמנדי סנפרוסט 800ג',"איי, בי, אינבוו",IL,לקט נורמנדי סנפרוסט,,800.00,100 גרם,false,,23.90,0.0299,true,1,188257
7290000106175,false,"לקט כפרי 2 ק""ג סנפרוסט","סנפרוסט בע""מ",IL,לקט כפרי סנפרוסט 2קג,,2000.00,100 גרם,false,,39.90,0.0199,true,1,188261
7290000107165,false,פולי סויה אדממה סנפרוסט 400 ג',"איי, בי, אינבוו",IL,פולי סויה קפוא סנפרו,,400.00,100 גרם,false,,14.90,0.0373,true,1,188266
7290000107189,false,תחתיות ארטישוק סנפרוסט 400גר,"איי, בי, אינבוו",IL,תחתיות ארטישוק 400גר,,400.00,100 גרם,false,,23.90,0.0597,true,1,188267
7290000107295,false,תפרחות ברוקולי סנפרוסט 800 ג',"איי, בי, אינבוו",IL,תפרחות ברוקולי סנפרו,,800.00,100 גרם,false,,26.90,0.0336,true,1,188272
7290000112220,false,טחינה גולמית 100%בארכה 500ג',רושדי תעשיות מזון בע,IL,טחינה 100% שומשום בא,,500.00,,false,,15.90,0.0318,true,1,176574
7290000112619,false,מרק עוף לתיבול והעשרה קנור 400 ג',יוניליוור ישראל מזון,IL,אבקת מרק עוף אמיתי ב,,400.00,100 גרם,false,,23.90,0.0597,true,1,182029
7290000116884,false,רוטב ברביקיו 350 ג' קנור,יוניליוור ישראל מזון,IL,רוטב ברביקיו קנור 30,,300.00,,false,,14.90,0.0497,true,1,182074
7290000122830,false,רוטב מקסיקני 370 ג' קנור,מיוצר עי קונדיטוריית,IL,רוטב סצ'ואן קנור 300,,300.00,,false,,14.90,0.0497,true,1,182135
7290000131023,false,"בצק עלים שחף 1 ק""ג.",,,בצק עלים שחף 1קג,,1000.00,,false,,15.90,0.0159,true,1,203290
7290000131122,false,"בצק עלים שחף 1.5 ק""ג",יושלם,,בצק עלים שחף 1.5קג,,1500.00,,false,,19.90,0.0133,true,1,203291
7290000133645,false,אורביטול משחת שיניים סודה שלישיה* 145 ג',טרופיקל דגיל,IL,אורביטול משחת שיניים,,435.00,100 גרם,false,,19.90,0.0457,true,1,179957
7290000134147,false,טעם וריח מוסקט טחון מיכל 40גר,תות ממתקי איכות,IL,מוסקט טחון 40גר,,40.00,,false,,14.90,0.3725,true,1,198435
7290000134307,false,תבלין קינמון טחון 50 גר',תות ממתקי איכות,IL,קינמון טחון 50גר,,50.00,100 גרם,false,,5.90,0.1180,true,1,198436
7290000134314,false,תבלין תיבול לפיצה 120 ג',תות ממתקי איכות,IL,תיבול לפיצה 120גר,,120.00,,false,,10.90,0.0908,true,1,198437
7290000134338,false,תבלין אבקת שום טעם ו,תבליני טעם וריח,IL,אבקת שום 90גר,,90.00,,false,,12.90,0.1433,true,1,198438
7290000134352,false,תבלין קינמון טחון 90 גר',תות ממתקי איכות,IL,קימנון טחון 80 גר,,80.00,100 גרם,false,,10.90,0.1363,true,1,198440
7290000134376,false,תבלין פפריקה בשמן 90 גר',תות ממתקי איכות,IL,פפריקה בשמן 100גר,,100.00,,false,,10.90,0.1090,true,1,198441
7290000134550,false,טעם וריח עלי דפנה שק,תות ממתקי איכות,IL,עלי דפנה 20גר,,20.00,100 גרם,false,,4.90,0.2450,true,1,198446
7290000134673,false,תבלין זנגביל טעם ורי,תות ממתקי איכות,IL,זנגביל 30גר,,30.00,100 גרם,false,,6.90,0.2300,true,1,198448
7290000134826,false,תבלין זעתר מעורב 100 גר',תות ממתקי איכות,IL,זעתר מעורב במיכל 100,,100.00,100 גרם,false,,10.90,0.1090,true,1,198454
7290000134833,false,תבלין כמון טחון 100 גר',תות ממתקי איכות,IL,כמון טחון במיכל 100ג,,100.00,,false,,10.90,0.1090,true,1,198455
7290000134840,false,תבלין כורכום טחון 100 גר',תות ממתקי איכות,IL,כורכום במיכל 100גר,,100.00,100 גרם,false,,10.90,0.1090,true,1,198456
7290000134857,false,תבלין פפריקה מתוקה 100 גר',תות ממתקי איכות,IL,פפריקה מתוקה במיכל 1,,100.00,,false,,10.90,0.1090,true,1,198457
7290000134864,false,תבלין פפריקה חריפה 100 גר',"תבליני טעם וריח בע""מ",IL,פפריקה חריפה במיכל 1,,100.00,100 גרם,false,,10.90,0.1090,true,1,198458
7290000134871,false,תבלין פלפל שחור טחון 100 גר',תות ממתקי איכות,IL,פלפל שחור טחון 100גר,,100.00,,false,,15.90,0.1590,true,1,198459
7290000134970,false,תבלין חוואייג טעם ור,תות ממתקי איכות,IL,חוואייג 100גר,,100.00,,false,,10.90,0.1090,true,1,198462
7290000134987,false,תבלין פלפל שחור גרוס 90 גר',תבליני טעם וריח,IL,פלפל שחור גרוס 90גר,,90.00,,false,,15.90,0.1767,true,1,198463
7290000136141,false,משקה בטעם קולה 1.5ל' פפסי,פפסי Pepsi,IL,פפסי 1.5 ליטר,,1500.00,100 גרם,false,,7.90,0.0053,true,1,246086
7290000136165,false,מירינדה בקבוק 1.5 לי,מירינדה Mirinda,IL,טמפו מירינדה 1.5 ליט,,1500.00,100 גרם,false,,7.90,0.0053,true,1,246088
7290000136172,false,סבן אפ בקבוק 1.5 ליט,סבן אפ 7up,IL,סבן אפ 1.5 ליטר,,1500.00,100 גרם,false,,7.90,0.0053,true,1,246089
7290000136240,false,סודה 1.5 ליטר שישייה בודד,טמפו,IL,סודה טמפו 1.5ליטר,,1500.00,100 גרם,false,,4.00,0.0027,true,1,246085
7290000136455,false,משקה בטעם אשכוליות תריסר 1.5 ל' ג'אמפ,ג'אמפ,IL,גאמפ אשכוליות 1.5ליט,,1500.00,100 גרם,false,,8.90,0.0059,true,1,246076
7290000136516,false,משקה בטעם מנגו פסיפלורה תריסר 1.5 ל' ג'אמפ,ג'אמפ,IL,גאמפ מנגו פסיפלורה 1,,1500.00,,false,,8.90,0.0059,true,1,246077
7290000136523,false,משקה בטעם ענבים תריסר 1.5 ל' ג'אמפ,ג'אמפ,IL,גאמפ ענבים 1.5ליטר ת,,1500.00,,false,,8.90,0.0059,true,1,246078
7290000136561,false,משקה בטעם תות בננה תריסר 1.5 ל' ג'אמפ,ג'אמפ,IL,גאמפ תות בננה 1.5 לי,,1500.00,,false,,8.90,0.0059,true,1,246079
7290000136585,false,משקה בטעם תפוזים תריסר 1.5 ל' ג'אמפ,ג'אמפ,IL,גאמפ תפוזים 1.5 ליטר,,1500.00,,false,,8.90,0.0059,true,1,246080
7290000136646,false,משקה מאלט תריסר 1.5 ל' נשר,טמפו,IL,נשר מאלט 1.5ליטר תרי,,1500.00,,false,,11.90,0.0079,true,1,246072
7290000136653,false,משקה מאלט דיאט תריסר 1.5 ל' נשר,טמפו,IL,נשר מאלט דיאט 1.5ליט,,1500.00,,false,,11.90,0.0079,true,1,246073
7290000136677,false,פפסי קולה פיקדון 1.5 ליטר,טמפו,IL,פפסי 1.5 ליטר,,1500.00,100 גרם,false,,7.90,0.0053,true,1,246679
7290000136752,false,סבן אפ דיאט מארז שישייה 1.5 ל' FREE,"טמפו משקאות בע""מ",IL,דיאט סבן אפ פרי 6*1.,,9000.00,100 גרם,false,,37.90,0.0042,true,1,246067
7290000136769,false,מארז שישיה בטעם קולה 1.5 ל' פפסי,פפסי Pepsi,IL,פפסי 6*1.5ליטר,,9000.00,,false,,37.90,0.0042,true,1,246068
7290000136790,false,מארז סודה שישייה 1.5 ל' טמפו,טמפו,IL,סודה טמפו 6* 1.5 ליט,,9000.00,100 גרם,false,,18.90,0.0021,true,1,246061
7290000136844,false,מארז מים מזוככים אקווה נובה שישיית 2 ליטר,אקווה נובה Aqua Nova,IL,מי אקווה נובה 2 ליטר,,12000.00,100 גרם,false,,13.90,0.0012,true,1,246058
7290000136851,false,סבן אפ פיקדון 1.5 ליטר,טמפו,IL,סבן אפ 1.5 ליטר,,1500.00,100 גרם,false,,7.90,0.0053,true,1,247407
7290000136868,false,שישיית מים מינרלים סאן בנדטו,סאן בנדטו San Benedetto,IL,מים סאן בנדטו 6* 1.5,,9000.00,100 גרם,false,,21.90,0.0024,true,1,246059
7290000136875,false,מארז מים מינרלים מוגז 6* 1.5 ל' סאן בנדטו,סאן בנדטו San Benedetto,IL,מים סאן בנדטו מוגז 6,,9000.00,100 גרם,false,,23.90,0.0027,true,1,246060
7290000136936,false,סבן אפ דיאט בקבוק 1.,טמפו,IL,סבן אפ 1.5 ליטר דיאט,,1500.00,100 גרם,false,,7.90,0.0053,true,1,246996
7290000137513,false,גלידונית גלידה וניל בציפוי שוקולד 60 יח' קרמיסימו,"גלידת שטראוס בע""מ, ר",IL,קרמיסימו גלידונית שו,,630.00,,false,,49.90,0.0792,true,1,187504
7290000139104,false,שלווה חיטה תפוחה ומת,"אשב""ל בע""מ",IL,שלווה 230גר,,230.00,,false,,9.90,0.0430,true,1,206028
7290000139227,false,דגן לבן משפחתי אשבול 150ג',אשבול בעמ,IL,דגן לבן 150 גרם,,150.00,100 גרם,false,,9.90,0.0660,true,1,206033
7290000139258,false,חיטה תפוחה+סוכר חום,"אשב""ל בע""מ",,שלווה טבעי 200 גרם,,200.00,100 גרם,false,,9.90,0.0495,true,1,206035
7290000139623,false,פיצפוצי אורז לייט 450 גר',,,פצפוצי אורז לייט 375,,375.00,100 גרם,false,,13.90,0.0371,true,1,206043
7290000144160,false,שמן זית כתית מעולה ארומתי מודגש 750מל,"מרקאולאו, ספרד.אבסה,",IT,שמן זית כתית מעולה א,,750.00,100 גרם,false,,34.90,0.0465,true,1,198735
7290000144474,false,שמן קנולה בריאות מהטבע 1 ליטר,שמן תעשיות,EE,שמן קנולה בריאות מהט,,1000.00,100 גרם,false,,16.90,0.0169,true,1,198740
7290000146928,false,"טום וגרי משחת שיניים בטעם ענבים 50 מ""ל",שוורצקוף& הנקל דיסלד,IL,טום וגרי משחת שיניים,,50.00,100 גרם,false,,10.90,0.2180,true,1,190354
7290000146997,false,"טום וג'רי - משחת שיניים מסטיק 50 מ""ל",שוורצקוף& הנקל דיסלד,IL,טום וגרי משחת שיניים,,50.00,,false,,10.90,0.2180,true,1,190356
7290000149615,false,נקה 7 סבון מוצק לתינוק רביעיה * 100 ג',גליל כימיקלים בעממשו,IL,נקה 7 סבון מוצק לתינ,,400.00,,false,,11.90,0.0298,true,1,179970
7290000149905,false,טקסטיל שמפו לכביסה ביד 1 ליטר,מיוצר עי קונדיטוריית,IL,טקסטיל שמפו 1ליטר,,1000.00,,false,,14.90,0.0149,true,1,179975
7290000149943,false,"טקסטיל שמפו-שקית 1 ק""ג",קריות זול,IL,טקסטיל שמפו שקית 1קג,,1000.00,,false,,14.90,0.0149,true,1,179976
7290000150352,false,פסטרמה איטלקית עוף -,עיצובים 2020 (4.9),,פסטרמה איטלקית עוף -,קילוגרמים,1.00,"ק""ג",true,,89.00,89.0000,true,1,175794
7290000150369,false,פסטרמה ארבעה פלפלים,עיצובים 2020 (4.9),,פסטרמה ארבעה פלפלים,קילוגרמים,1.00,"ק""ג",true,,89.00,89.0000,true,1,175795
7290000151052,false,פסטרמה בדבש עוף-טוב,עיצובים 2020 (4.9),,פסטרמה בדבש עוף-טוב,קילוגרמים,1.00,"ק""ג",true,,89.00,89.0000,true,1,175801
7290000151106,false,פסטרמה אמריקאית עוף-,עיצובים 2020 (4.9),,פסטרמה אמריקאית עוף-,קילוגרמים,1.00,"ק""ג",true,,89.00,89.0000,true,1,175802
7290000152288,false,עוף טוב נקניקיות עוף מיס לוסי 400 ג',מוצרי עוף טוב (2001),IL,נקניקיות עוף עוף טוב,,400.00,,false,,15.60,0.0390,true,1,176599
7290000152943,false,פסטרמה כפרית +סלמי כפרי עוף טוב 350X2ג',מולינו ניקולי s.p.a,IL,סלמי+פסטרמה עוף טוב,,700.00,100 גרם,false,,30.90,0.0441,true,1,176602
7290000153445,false,קציצות בקר מתובלות עוף טוב 500 ג',מולינו ניקולי s.p.a,IL,קציצות בקר מתובלות ע,,500.00,100 גרם,false,,30.90,0.0618,true,1,176608
7290000153469,false,עוף טוב קציצות עוף קלאסיות 600 גר',מוצרי עוף טוב (2001),IL,קציצות עוף קלאסיות ע,,600.00,,false,,30.90,0.0515,true,1,176609
7290000155524,false,פסטרמה פולנית עוף -ט,עיצובים 2020 (4.9),,פסטרמה פולנית עוף -ט,קילוגרמים,1.00,"ק""ג",true,,89.00,89.0000,true,1,175806
7290000158105,false,שניצל עוף טוב מיני דינוזאור 700 גרם,מוצרי עוף טוב (2001),IL,שניצל מיני דינוזאור,,700.00,100 גרם,false,,39.90,0.0570,true,1,176636
7290000170053,false,שוקולד פרה 100 ג' חלב.,"תופינית בע""מ",IL,שוקולד פרה חלב 100גר,,100.00,100 גרם,false,,6.90,0.0690,true,1,208449
7290000174723,false,אבקת שוקולית עלית קופסא 500ג',הנסיך- מפעל לייצור ט,IL,שוקולית אבקת שוקו על,,500.00,100 גרם,false,,13.90,0.0278,true,1,208463
7290000176062,false,קפה טורקי בצלופן 100,שטראוס קפה בי.וי.,IL,קפה טורקי עלית 100 ג,,100.00,,false,,8.50,0.0850,true,1,208470
7290000176079,false,קפה טורקי עם היל עלית 100 ג',הנסיך- מפעל לייצור ט,IL,קפה טורקי עם הל עלית,,100.00,100 גרם,false,,9.90,0.0990,true,1,208471
7290000176116,false,"קפה טורקי עלית וואקום 1 ק""ג",הנסיך- מפעל לייצור ט,IL,קפה טורקי עלית 1קג,,1000.00,,false,,69.90,0.0699,true,1,208474
7290000176413,false,קפה נמס אבקתי עלית 5,הנסיך- מפעל לייצור ט,IL,קפה נמס עלית 50 גרם,,50.00,,false,,9.80,0.1960,true,1,208477
7290000176420,false,קפה נמס אבקתי 200ג עלית,שטראוס קפה בי.וי,IL,קפה נמס עלית 200 גרם,,200.00,,false,,19.90,0.0995,true,1,208478
7290000176468,false,קפה נמס נטול קפאין 50 ג' קפה האג,"איי, בי, אינבוו",IL,האג קפה נטול קפאין 5,,50.00,100 גרם,false,,11.90,0.2380,true,1,208479
7290000176475,false,קפה נמס האג נטול קפאין 200 ג',קריות זול,IL,האג קפה נטול קפאין 2,,200.00,100 גרם,false,,37.90,0.1895,true,1,208480
7290000178707,false,חטיף תפוציפס טבעי 50,"שטראוס פריטו ליי בע""",IL,תפוציפס טבעי 50גר,,50.00,100 גרם,false,,4.40,0.0880,true,1,184049
7290000178721,false,חטיף תפוציפס טבעי 20,"שטראוס פריטו ליי בע""",IL,תפוציפס טבעי 200גר,,200.00,100 גרם,false,,13.20,0.0660,true,1,184051
7290000185590,false,סילאן טבעי לחיץ כנרת 650 גר',,,סילאן טבעי בבקבוק לח,,650.00,100 גרם,false,,19.90,0.0306,true,1,248972
7290000186535,false,נייר טואלט טריו לבן 32 גלילים לילי,קימברלי קלארק ישראל,IL,לילי טריו לבן נייר ט,יחידה,0.00,יחידה,false,,49.90,0.0000,true,1,181347
7290000186931,false,ניקול כריות קרצוף חתוכות 12 יח',,,כריות קרצוף חתוכות א,יחידה,0.00,יחידה,false,,12.90,0.0000,true,1,228794
7290000187952,false,נייר טואלט טריו לילי פרימיום 32גליל,קימברלי קלארק,IL,לילי טריו נייר טאולט,יחידה,0.00,יחידה,false,,49.90,0.0000,true,1,181364
7290000188553,false,קוטקס - מגן תחתון סילק נורמל 60 יח',קימברלי קלארק,CN,קוטקס נורמל מגני תחת,,60.00,,false,,19.90,0.3317,true,1,181376
7290000188591,false,קוטקס - מגן תחתון סילק יאנג 60 יח',קימברלי קלארק,CN,קוטקס יאנג מגני תחתו,,60.00,,false,,19.90,0.3317,true,1,181378
7290000189192,false,מגבת רב שימושית סופר ניקול 64 דף,קימברלי קלארק,CO,סופר מגבת רב פעמית נ,,11.00,,false,,22.90,2.0818,true,1,181387
7290000189215,false,מטלית קסם לרצפה ניקו,קריות זול,CN,מטלית הקסם לרצפה ניק,יחידה,0.00,יחידה,false,,13.90,0.0000,true,1,181389
7290000189277,false,ניקול תבניות מלבניות 41*30*5.4,בראבו,,תבנית מלבנית גדולה ח,יחידה,0.00,יחידה,false,,11.90,0.0000,true,1,181394
7290000189499,false,ניקול תבנית אפייה מקרטון עגולה 3 יח',"דוקארט בעמ, קיבוץ כפ",IL,תבנית אפייה מקרטון ע,יחידה,0.00,יחידה,false,,11.90,0.0000,true,1,195526
7290000189598,false,מטליות לחות חד פעמיות לניקוי כללי 50 יח' ניקול,עלבד משואות יצחק בעמ,IL,מטליות לחות לניקוי כ,,50.00,,false,,10.90,0.2180,true,1,181402
7290000189659,false,מטליות לחות לרצפה ניקול 10 יח'-מרכז,עלבד משואות יצחק בעמ,IL,מטליות לחות לרצפה ני,יחידה,0.00,יחידה,false,,11.90,0.0000,true,1,181404
7290000189871,false,אשפתון שרוך מתכלה ניקול 60יח',אשפלסט,IL,אשפתון 60 שקיות מתכל,,60.00,,false,,25.90,0.4317,true,1,181411
7290000190150,false,מפיות נייר מודפסות 3 שכבות ניקול 20 יח',קריות זול,SI,מפיות מודפסות 3 שכבו,,102.00,,false,,7.90,0.0775,true,1,228796
7290000190198,false,מטליות לניקוי וחיטוי חדרי שירותים ואמבטיה,עלבד משואות יצחק בעמ,IL,מטליות לחות לניקוי ש,יחידה,0.00,יחידה,false,,10.90,0.0000,true,1,181421
7290000190853,false,נייר טואלט לילי דו שכבתי 30 גליל,לילי Lily,,לילי לבן נייר טואלט,יחידה,0.00,יחידה,false,,39.90,0.0000,true,1,181435
7290000191539,false,ממחטות טישו לילי צבעוני חמישיה,חוגלה קימברלי,IL,לילי צבעוני חמישיה 5,,593.00,,false,,17.90,0.0302,true,1,181442
7290000191546,false,ממחטות טישו צבעוני 2 שכבות לילי מארז 100X3יח',חוגלה קימברלי,IL,לילי מגבונים טישיו צ,,420.00,,false,,11.90,0.0283,true,1,181443
7290000192581,false,מגבת נייר גליל כפול ניקול 12=6 גליל,,,מגבות נייר ניקול שיש,יחידה,0.00,יחידה,false,,21.90,0.0000,true,1,241338
7290000193014,false,פדיות אינטרלוד מגיני יום לילי 50יח',חוגלה קימברלי,IL,לילי אינטרלוד מגני ת,,50.00,,false,,10.90,0.2180,true,1,181455
7290000193076,false,ניקול שלשיית מטליות לרצפה,עופרטקס,,מטליות בד לרצפה ניקו,יחידה,0.00,יחידה,false,,9.90,0.0000,true,1,181457
7290000193083,false,לילי - תחבושות נובה לי 28 יח',חוגלה קימברלי,IL,נובה לי לילי תחבושות,,28.00,,false,,10.90,0.3893,true,1,181458
7290000193205,false,לילי תחבושות נטורל לילה 20 יח',קריות זול,,לילי תחבושות נטורל ל,,20.00,,false,,15.90,0.7950,true,1,181459
7290000193472,false,לילי מגני תחתון נטורל נורמל 60 יח',חוגלה קימברלי,IL,לילי מגני תחתון נטור,,60.00,,false,,15.90,0.2650,true,1,181461
7290000193540,false,לילי אינטימייט מגן תחתון לונג 52יח',חוגלה קימברלי,IL,לילי מגני תחתון נטור,,52.00,,false,,15.90,0.3058,true,1,181462
7290000193649,false,לילי תחבושות נטורל אולטרה סופר 24 יח',קריות זול,,לילי תחבושות נורמל א,יחידה,0.00,יחידה,false,,15.90,0.0000,true,1,181465
7290000193656,false,לילי תחבושות נטורל אולטרה סופר פלוס 24 יח',קריות זול,,לילי תחבושות נטורל א,יחידה,0.00,יחידה,false,,15.90,0.0000,true,1,181466
7290000194172,false,חטיפי ממתקים ללא סוכ,ממתקי השלום,IL,חטיפי ממתקים ללא סוכ,יחידה,0.00,יחידה,false,,14.50,0.0000,true,1,173911
7290000194288,false,משטחי החתלה האגיס פר,Ontex,,משטחי החתלה האגיס פר,יחידה,0.00,יחידה,false,,21.90,0.0000,true,1,174778
7290000195216,false,נייר אפייה בשקית ניקול 50 יח',אופל,,נייר אפיה 50יח ניקול,,50.00,,false,,12.90,0.2580,true,1,181482
7290000196343,false,"מפת שולחן מהודרת לילי 180X120ס""מ",קריות זול,IL,מפת שולחן מהודרת ניק,יחידה,0.00,יחידה,false,,13.90,0.0000,true,1,181504
7290000196763,false,ניקול שקיות לאשפה השקית החזקה 40 יח',אשפלסט,IL,השקית החזקה ניקול,יחידה,0.00,יחידה,false,,25.90,0.0000,true,1,214554
7290000197012,false,ניקול שקיות ניילון ריצרץ לאחסון 15יח',קריות זול,CN,ניקול שקיות ניילון ר,יחידה,0.00,יחידה,false,,12.90,0.0000,true,1,181512
7290000197081,false,ניקול ניילון נצמד חסכון 150 מ',אופל,IL,ניילון נצמד 150 מטר,יחידה,150.00,יחידה,false,,27.90,0.1860,true,1,181515
7290000197326,false,רדיד אלומניום ניקול זוגי 30X7.5מ',קריות זול,IL,ניקול רדיד אלומיניום,,15.00,,false,,12.90,0.8600,true,1,181523
7290000197340,false,רדיד אלומניום ניקול זוגי 45X7.5מ',קריות זול,IL,ניקול רדיד אלומיניום,,15.00,,false,,16.90,1.1267,true,1,181524
7290000197432,false,שקיות אוכל סנדביצ'ון ניקול מארז 150X2יח',אשלפסט תעשיות בעמ,IL,ניקול שקיות אוכל זוג,,150.00,,false,,14.90,0.0993,true,1,181529
7290000197463,false,האגיס - פרידום דריי שלב 4+ 40 יח',קימברלי קלארק ישראל,IL,האגיס פרידום דריי של,יחידה,0.00,יחידה,false,,48.90,0.0000,true,1,181531
7290000197470,false,שקיות רב שימושית 50 יח' ניקול,אשלפסט תעשיות בעמ,IL,"שקיות רב""ש להקפאה",,50.00,,false,,14.90,0.2980,true,1,181532
7290000197548,false,האגיס - פרידום דריי שלב 5 36 יח',קימברלי קלארק ישראל,IL,האגיס פרידום דריי של,יחידה,0.00,יחידה,false,,48.90,0.0000,true,1,181533
7290000197654,false,ניקול אשפתון שקיות אשפה ענקיות 45 יח',קריות זול,IL,אשפתון שקיות אשפה ענ,,50.00,,false,,19.90,0.3980,true,1,181534
7290000197678,false,האגיס - פרידום פלוס שלב 6 30 יח',קימברלי קלארק ישראל,IL,האגיס פרידום דריי של,יחידה,0.00,יחידה,false,,48.90,0.0000,true,1,181535
7290000197982,false,רדיד אלומיניום עבה 45 ניקול 7.5 מ' זוגי,אופל,IL,ניקול רדיד אלומיניום,,15.00,,false,,19.90,1.3267,true,1,181539
7290000200033,false,כרעיים עוף טרי ארוז,,,כרעיים עוף טרי ארוז,קילוגרמים,1.00,"ק""ג",true,,29.90,29.9000,true,1,200475
7290000201863,false,טיטולים פרימיום שלב 5 34 יח',חוגלה קימברלי,IL,טיטולים פרימיום שלב,יחידה,0.00,יחידה,false,,34.90,0.0000,true,1,181551
7290000201870,false,טיטולים פרימיום שלב 6 30 יח',חוגלה קימברלי,IL,טיטולים פרימיום שלב,יחידה,0.00,יחידה,false,,34.90,0.0000,true,1,181552
7290000204086,false,כרית קרצוף סקוטש ניקול 1+2,חוגלה קימברלי,US,כרית קרצוף ניקול 3 י,יחידה,0.00,יחידה,false,,12.90,0.0000,true,1,181573
7290000204147,false,ניקול כריות יפניות 2 ב 1 רביעייה,פלסטו פוליש (ברקן),IL,כריות יפניות 2ב1 ניק,יחידה,0.00,יחידה,false,,12.90,0.0000,true,1,181574
7290000204215,false,ניקול כריות יפניות 6 יח',פלסטו פוליש (ברקן),IL,כריות יפניות ניקול 6,,4.00,,false,,12.90,3.2250,true,1,181576
7290000204253,false,מטליות ניקול רב שימושיות 9יח',נועם אורים-קיבוץ אור,IL,מטלית רב שימושית ניק,,9.00,,false,,12.90,1.4333,true,1,181578
7290000204512,false,מטליות לחות לרצפה בניחוח לימון 10 יח' ניקול,עלבד משואות יצחק בעמ,IL,מטליות לחות לרצפה בר,יחידה,0.00,יחידה,false,,11.90,0.0000,true,1,220395
7290000204611,false,ספוגיות הקסם ניקול 6יח',קריות זול,US,ספוגית הקסם ניקול 6י,,6.00,,false,,12.90,2.1500,true,1,181580
7290000205762,false,חיתולי האגיס אקסטרה קייר מידה 3 48 יח',חוגלה קימברלי,IL,האגיס אקסטרא קייר מי,יחידה,0.00,יחידה,false,,49.90,0.0000,true,1,232886
7290000205915,false,חיתולי האגיס אקסטרה קייר מידה 4 40יח,חוגלה קימברלי,IL,האגיס אקסטרא קייר מי,יחידה,0.00,יחידה,false,,49.90,0.0000,true,1,232887
7290000207063,false,רסק עגבניות פריכוז 28% 240 גרם יכין,היינץ צפון אמריקה מק,IL,רסק עגבניות פריכוז 2,,260.00,100 גרם,false,,4.90,0.0188,true,1,174200
7290000207162,false,רוטב עגבניות מרכיב טבעי 100 ג' יכין,"זנלכל בע""מ",IL,רוטב עגבניות 22% 100,,100.00,,false,,2.50,0.0250,true,1,174204
7290000207438,false,עגבניות קוביות יכין 800 גר,"זנלכל בע""מ",IL,עגבניות קוביות 800גר,,800.00,100 גרם,false,,9.90,0.0124,true,1,174205
7290000208022,false,עגבניות מרוסקות פריכוז 800 ג' יכין,"זנלכל בע""מ",IL,עגבניות מרוסקות 800ג,,800.00,100 גרם,false,,9.90,0.0124,true,1,174208
7290000208077,false,אפונת גינה גדולה 550 גרם יכין,"זנלכל בע""מ",IL,אפונה גדולה יכין 550,,550.00,100 גרם,false,,9.50,0.0173,true,1,174210
7290000208091,false,אפונה עדין A2 יכין 550 ג',"זנלכל בע""מ",IL,אפונה גינה יכין 550ג,,550.00,100 גרם,false,,9.90,0.0180,true,1,174212
7290000208114,false,אפונת גינה וגזר 550 ג' יכין,"זנלכל בע""מ",IL,אפונה וגזר יכין 550ג,,550.00,,false,,9.50,0.0173,true,1,174213
7290000208138,false,סירופ ענבים דיאט יכי,"זנלכל בע""מ",IL,סירופ דייאט ענבים יכ,,1000.00,,false,,16.90,0.0169,true,1,174215
7290000208213,false,שעועית לבנה אפויה A2 ברוטב עגבניות יכין 560ג',היינץ צפון אמריקה מק,IL,שעועית לבנה ברוטב עג,,580.00,100 גרם,false,,9.90,0.0171,true,1,174219
7290000208244,false,בסיס עגבניות לשקשוקה 570 ג' יכין,"זנלכל בע""מ",IL,בסיס עגבניות לשקשוקה,,570.00,100 גרם,false,,9.90,0.0174,true,1,174222
7290000208312,false,גרעיני תירס מתוק בואקום יכין 400 גר',"זנלכל בע""מ",IL,תירס מתוק ואקום יכין,,400.00,100 גרם,false,,7.90,0.0198,true,1,174226
7290000208329,false,גרעיני תירס מתוק A2 יכין 550ג',"זנלכל בע""מ",IL,תירס מתוק יכין 550גר,,550.00,100 גרם,false,,9.50,0.0173,true,1,174227
7290000208336,false,רסק עגבניות 22% יכין 240ג',"זנלכל בע""מ",IL,רוטב עגבניות יכין 22,,240.00,100 גרם,false,,4.90,0.0204,true,1,174228
7290000208343,false,עגבניות מרוסקות שום יכין 800 גר,היינץ צפון אמריקה מק,IL,עגבניות מרוסקות עם ש,,800.00,100 גרם,false,,9.90,0.0124,true,1,174230
7290000208367,false,עגבניות מרוסקות בתוספת בזיליקום 800 ג' יכין,יכין,,עגבניות מרוסקות בתוס,,800.00,,false,,9.90,0.0124,true,1,174232
7290000208404,false,A2 פול מצרי 550 גרם יכין,"זנלכל בע""מ",IL,פול מצרי יכין 550גר,,550.00,,false,,9.90,0.0180,true,1,174233
7290000208428,false,חומוס שלם יכין 550גר,"זנלכל בע""מ",IL,חומוס שלם יכין 550גר,,550.00,100 גרם,false,,9.90,0.0180,true,1,174234
7290000208459,false,לקט ירקות מעורבים 550 ג' יכין,"זנלכל בע""מ",IL,ירקות מעורבים יכין 5,,550.00,100 גרם,false,,9.90,0.0180,true,1,174237
7290000208480,false,גרעיני תירס בטעם חמאה 550 ג' יכין,קריות זול,IL,תירס בטעם חמאה 550גר,,550.00,,false,,10.90,0.0198,true,1,174240
7290000208534,false,גרעיני תירס ילדים 550 גרם יכין,"זנלכל בע""מ",IL,תירס קיד יכין 550גר,,550.00,,false,,10.90,0.0198,true,1,174244
7290000208800,false,תירס קיד מתוק יכין 4,,,תירס קיד יכין מתוק 2,,285.00,,false,,7.90,0.0277,true,1,174250
7290000208855,false,רוטב פסטה עגבניות יכין 240 ג',"זנלכל בע""מ",IL,רוטב לפסטה קלאסי יכי,,240.00,100 גרם,false,,6.90,0.0288,true,1,174251
7290000208893,false,תירס מתוק לייט יכין,היינץ צפון אמריקה מק,IL,תירס לייט ואקום 340,,340.00,100 גרם,false,,7.90,0.0232,true,1,174252
7290000208930,false,עגבניות מרוסקות בתוספת שום 240 ג' יכין,"זנלכל בע""מ",IL,עגבניות מרוסקות ושום,,240.00,100 גרם,false,,6.90,0.0288,true,1,174254
7290000208947,false,עגבניות מרוסקות 240 גרם יכין,היינץ צפון אמריקה מק,IL,עגבניות מרוסקות יכין,,240.00,100 גרם,false,,6.90,0.0288,true,1,174255
7290000208978,false,רסק עגבניות פריכוז 100 גרם,היינץ צפון אמריקה מק,IL,רסק עגבניות פריכוז %,,100.00,,false,,2.90,0.0290,true,1,174256
7290000209012,false,חומץ הדרים יכין 1 לי,"זנלכל בע""מ",IL,חומץ הדרים יכין 1 לי,,1000.00,,false,,5.90,0.0059,true,1,174258
7290000209043,false,מיץ לימון משומר 1 ל' יכין,היינץ צפון אמריקה מק,IL,מיץ לימון משומר 1ל,,1000.00,,false,,5.90,0.0059,true,1,174259
7290000209173,false,חומץ סינטטי יכין 1 ל,זנלכל,IL,חומץ סינטטי יכין 1 ל,,1000.00,,false,,6.90,0.0069,true,1,174264
7290000209371,false,שלישיית תירס קטן יכי,היינץ צפון אמריקה מק,IL,תירס יכין שלישייה 3*,,495.00,100 גרם,false,,15.90,0.0321,true,1,174273
7290000209388,false,תירס גרגרים לייט וואקום מארז 60X3ג',יכין,,תירס ליייט שלישייה 3,,495.00,100 גרם,false,,15.90,0.0321,true,1,174274
7290000209517,false,סירופ יכין לימון דיא,היינץ צפון אמריקה מק,IL,סירופ דייאט לימון יכ,,1000.00,100 גרם,false,,16.90,0.0169,true,1,174278
7290000209524,false,סירופ דייאט פטל יכין,זנלכל,IL,סירופ דיאט פטל יכין,,1000.00,100 גרם,false,,16.90,0.0169,true,1,174279
7290000209531,false,סירופ דייאט אשכוליות,זנלכל,IL,סירופ דייאט אשכוליות,,1000.00,,false,,16.90,0.0169,true,1,174280
7290000209555,false,סירופ יכין דיאט בטעם תפוח 1ל',זנלכל,IL,"סירופ דייאט תפוח""ע י",,1000.00,100 גרם,false,,16.90,0.0169,true,1,174281
7290000209579,false,סירופ דיאט אננס 1 ליטר,"זנלכל בע""מ",IL,סירופ דייאט אננס יכי,,1000.00,100 גרם,false,,16.90,0.0169,true,1,174283
7290000209708,false,עגבניות מרוסקות עם בזיליקום 240 גרם יכין,היינץ צפון אמריקה מק,IL,עגבניות מרוסקות בזיל,,240.00,100 גרם,false,,6.90,0.0288,true,1,174285
7290000209722,false,רסק עגבניות 28% פריכוז 580 גרם יכין,"זנלכל בע""מ",IL,רסק עגבניות פריכוז 2,,580.00,100 גרם,false,,10.90,0.0188,true,1,174287
7290000209906,false,עגבניות מרוסקות בתוספת בצל 240 ג' יכין,זנלכל,IL,עגבניות מרוסקות בצל,,240.00,100 גרם,false,,6.90,0.0288,true,1,174288
7290000209913,false,עגבניות קוביות יכין 240 ג',"זנלכל בע""מ",IL,עגבניות קוביות יכין,,240.00,100 גרם,false,,6.90,0.0288,true,1,174289
7290000209944,false,רוטב לעגבניות בסיס לשקשוקה 240 ג' יכין,"זנלכל בע""מ",IL,רוטב שקשוקה יכין 240,,240.00,,false,,6.90,0.0288,true,1,174290
7290000209951,false,רוטב עגבניות לפיצה 240 גרם יכין,"זנלכל בע""מ",IL,רוטב פיצה יכין 240 ג,,240.00,100 גרם,false,,6.90,0.0288,true,1,174291
7290000209968,false,רוטב עגבניות ללזניה יכין 240 גרם,"זנלכל בע""מ",IL,רוטב לזניה יכין 240,,240.00,,false,,6.90,0.0288,true,1,174292
7290000210469,false,עגבניות שלמות 700 ג' יכין,יכין,,עגבניות שלמות יכין 7,,700.00,100 גרם,false,,9.90,0.0141,true,1,174304
7290000210896,false,רוטב בולונז לפסטה יכין 240 גר',"זנלכל בע""מ",IL,רוטב בולונז יכין 240,,240.00,100 גרם,false,,6.90,0.0288,true,1,174316
7290000211169,false,"אורז תאילנדי אחד אחד סוגת 1 ק""ג",האי נאם סי או אל.טי.,IL,אורז תאילנדי סוגת 1ק,,1000.00,100 גרם,false,,8.90,0.0089,true,1,192340
7290000211312,false,סוגת אורז מלא פרסי אחד אחד 1 קג,האי נאם סי או אל.טי.,IL,אורז מלא פרסי סוגת 1,,1000.00,,false,,10.90,0.0109,true,1,192341
7290000211374,false,"קמח מלא סוגת 1 ק""ג",תחנות קמח דגן 2006 ב,IL,קמח מלא סוגת 1קג,,1000.00,,false,,7.90,0.0079,true,1,192342
7290000211381,false,"סוכר חום כהה בשקית סוגת 1 ק""ג",טונגאט היולט שוגר בע,ZA,סוכר חום כהה בשקית ס,,1000.00,100 גרם,false,,10.90,0.0109,true,1,192343
7290000211442,false,"סוגת אורז פרסי קלאסי שקית 1 ק""ג",האי נאם סי או אל.טי.,IL,אורז בסגנון פרסי קלא,,1000.00,,false,,10.90,0.0109,true,1,192345
7290000211503,false,סוכר לבן ארוז בשקית,"סוגת תעשיות בע""מ",IL,"סוכר סוגת 1 ק""ג",,1000.00,100 גרם,false,,4.90,0.0049,true,1,192346
7290000211626,false,"אורז חיש 1 ק""ג סוגת",סוגת תעשיות,IL,אורז חיש סוגת 1קג,,1000.00,100 גרם,false,,10.90,0.0109,true,1,192348
7290000212173,false,וופל טעם שוקולד מנעמים 500 ג',קריות זול,,וופל טעם שוקולד מנעמ,,200.00,,false,,10.90,0.0545,true,1,190628
7290000212401,false,וופל מצופית מנעמים 400ג',קריות זול,,וופל מצופית מנעמים 4,,400.00,100 גרם,false,,10.90,0.0273,true,1,190630
7290000212579,false,וופל מצופה מנעמים מארז 40X20ג',מנעמים תעשיות מזון,IL,וופל מצופה מנעמים 40,,800.00,,false,,18.90,0.0236,true,1,190631
7290000214115,false,מרק עוף בצנצנת 400 ג' ויטה,"פרי הגליל בע""""מ",IL,מרק עוף ויטה 400 גר,,400.00,100 גרם,false,,12.90,0.0323,true,1,201154
7290000218502,false,חמין ויטה 568 גרם,"פרי הגליל בע""""מ",IL,חמין ויטה 568 גרם,,568.00,100 גרם,false,,9.90,0.0174,true,1,201163
7290000226569,false,עוגת טורט קצפת שוקולד 1 קג',קפולסקי שיווק וקמעונ,IL,עוגת טורט קצפת שוקול,,1000.00,100 גרם,false,,65.90,0.0659,true,1,213482
7290000238029,false,"בצק עלים צרפתי מרודד מעדנות 1ק""ג",מיוצר עי קונדיטוריית,IL,בצק עלים מרודד מעדנו,,1000.00,100 גרם,false,,19.90,0.0199,true,1,188277
7290000238036,false,מלאווח 6יח' מעדנות 700ג',מיוצר עי קונדיטוריית,IL,מלווח מעדנות קופסא 7,,700.00,100 גרם,false,,16.90,0.0241,true,1,188278
7290000238173,false,בורקס גבינה 800 ג' מעדנות,מיוצר עי קונדיטוריית,IL,בורקס גבינה מעדנות 8,,800.00,100 גרם,false,,21.90,0.0274,true,1,188279
7290000238180,false,בורקס תפוחי אדמה מעדנות 800ג',מיוצר עי קונדיטוריית,IL,"בורקס תפו""א מעדנות 8",,800.00,100 גרם,false,,19.90,0.0249,true,1,188280
7290000240541,false,ריבועי בצק בורקס מעדנות 800 ג',מיוצר עי קונדיטוריית,IL,ריבועי בצק בורקס מעד,,800.00,100 גרם,false,,24.90,0.0311,true,1,188282
7290000243566,false,"שמן קנולה בריאות 750 מ""ל",שמן תעשיות,EE,שמן קנולה בריאות עץ,,750.00,,false,,13.90,0.0185,true,1,198756
7290000244051,false,"סבון נוזלי הוואי מ.טרופי - שלישיה * 500 מ""ל",קריות זול,,הוואי אל סבון טרופי,,1500.00,100 גרם,false,,16.90,0.0113,true,1,190363
7290000244143,false,"הוואי - קרם לאחר גילוח 120 מ""ל",תאי פרזידנט פוד פאבל,IL,הוואי קרם לאחר גילוח,,120.00,100 גרם,false,,24.90,0.2075,true,1,190368
7290000244761,false,"ולוטה - קרם ידיים 100 מ""ל",תאי פרזידנט פוד פאבל,IL,ולוטה קרם ידיים 80מל,,100.00,,false,,13.90,0.1390,true,1,190379
7290000245072,false,סוד מרכך לכביסה סופט בייבי 4 ל',"הנקל סוד בע""מ",IL,סוד מרכך כביסה בייבי,ליטרים,4.00,ליטר,false,,17.90,4.4750,true,1,210912
7290000245089,false,סוד סופט מרכך כביסה סגול 4 ליטר,"הנקל סוד בע""מ",IL,סוד מרכך כביסה הניצן,ליטרים,4.00,ליטר,false,,17.90,4.4750,true,1,210913
7290000245270,false,"פרסיל אבקת כביסה סופרא 1.250 ק""ג","הנקל סוד בע""מ",IL,פרסיל סופרא שקית אבק,קילוגרמים,1.25,"ק""ג",false,,14.90,11.9200,true,1,210917
7290000245287,false,"פרסיל אבקת כביסה 1.250 ק""ג קולור ויניגר","הנקל סוד בע""מ",IL,פרסיל קולור שקית אבק,קילוגרמים,1.25,"ק""ג",false,,14.90,11.9200,true,1,210918
7290000245478,false,"אבקת כביסה לבגדי תינוקות 1.25 ק""ג סוד","הנקל סוד בע""מ",IL,סוד בייבי אבקת כביסה,קילוגרמים,1.25,"ק""ג",false,,13.90,11.1200,true,1,210924
7290000245508,false,"קומפקט סוד 1.25ק""ג שושו מרענן -מרכז","הנקל סוד בע""מ",IL,סוד פרפקט אבקת כביסה,קילוגרמים,1.25,"ק""ג",false,,13.90,11.1200,true,1,210926
7290000245515,false,"אבקת כביסה בניחוח לבנדר 1.25 ק""ג סוד","הנקל סוד בע""מ",IL,סוד קומפורט פרפיום א,קילוגרמים,1.25,"ק""ג",false,,13.90,11.1200,true,1,210927
7290000245539,false,"קומפקט סוד 1.250 ק""ג קולור לכביסה צבעונית","הנקל סוד בע""מ",IL,סוד קומפקט קולור אבק,קילוגרמים,1.25,"ק""ג",false,,13.90,11.1200,true,1,210928
7290000245782,false,סוד סופט מרכך כביסה ורוד 4 ליטר,"הנקל סוד בע""מ",IL,סוד מרכך כביסה ורדי,ליטרים,4.00,ליטר,false,,17.90,4.4750,true,1,210936
7290000245799,false,סוד סופט מרכך כביסה כחול 4 ליטר,"הנקל סוד בע""מ",IL,סוד מרכך כביסה פעמונ,ליטרים,4.00,ליטר,false,,17.90,4.4750,true,1,210937
7290000253220,false,שוקולד צ'יפס חום אופנהיימר 260 גר',אופנהיימר,IL,שוקולד ציפס 300גר,,300.00,100 גרם,false,,14.90,0.0497,true,1,191070
7290000253251,false,שוקולד צ'יפס לבן אופנהיימר 300ג',אופנהיימר,IL,שוקולד ציפס לבן 250,,250.00,100 גרם,false,,14.90,0.0596,true,1,214555
7290000262031,false,נייר טואלט מולט לב 32 גליל,חוגלה קימברלי,,מולט לב נייר טואלט 3,,1850.00,,false,,31.90,0.0172,true,1,181584
7290000262413,false,חיתולי האגיס אקסטרה קייר מידה 5 34יח,חוגלה קימברלי,IL,האגיס אקסטרא קייר מי,יחידה,0.00,יחידה,false,,49.90,0.0000,true,1,232889
7290000263359,false,האגיס - פיור נטורל שלב 1 ניו בורן 40 יח',קימברלי קלארק שיווק,IL,האגיס ליטל בייביס ני,יחידה,0.00,יחידה,false,,36.90,0.0000,true,1,181602
7290000267036,false,שקדים משובבים השף 100 ג',"דין שיווק וקליה בע""מ",IL,שקדים מולבנים שבבים,,100.00,100 גרם,false,,11.90,0.1190,true,1,200760
7290000267043,false,שקדים מולבנים פרוסים,"דין שיווק וקליה בע""מ",IL,שקד פרוס השף 100גר,,100.00,100 גרם,false,,11.90,0.1190,true,1,200761
7290000267050,false,שקדים טבעיים טחונים,"דין שיווק וקליה בע""מ",IL,שקד טחון השף 100 גר,,100.00,100 גרם,false,,11.90,0.1190,true,1,200762
7290000267548,false,אגוזי מלך גרוסים 100 ג',דין שיווק,IL,אגוזי מלך גרוסים השף,,100.00,100 גרם,false,,13.90,0.1390,true,1,200767
7290000267555,false,בוטנים טבעיים גרוסים,דין שיווק,,בוטנים טבעיים גרוסים,,100.00,,false,,6.90,0.0690,true,1,200768
7290000267586,false,גרעייני חמניה קלופים 150 גר,"דין שיווק וקליה בע""מ",IL,גרעייני חמניה קלופים,,150.00,100 גרם,false,,5.90,0.0393,true,1,200769
7290000267678,false,גרעיני דלעת קלופים ט,"דין שיווק וקליה בע""מ",IL,גרעיני דלעת טבעי קלו,,150.00,100 גרם,false,,7.90,0.0527,true,1,200770
7290000272696,false,עסיס מיץ לימון טבעי משומר 1 ל' אסם,בית-השיטה עסיס תעשיו,IL,מיץ לימון טבעי משומר,,1000.00,,false,,12.90,0.0129,true,1,176669
7290000272726,false,חומץ טבעי 5% עסיס 1 ל' אסם,בית השיטה עסיס תעשיו,IL,חומץ טבעי 5% עסיס 1,,1000.00,,false,,8.90,0.0089,true,1,176671
7290000286228,false,כרית קרצוף לכלים סנו סושי 6יח',סנו מפעלי ברונו בעמ,IL,סנו סושי ספוגיות לני,יחידה,0.00,יחידה,false,,11.90,0.0000,true,1,179985
7290000286297,false,"סנו אנטי קאלק מסיר אבן מקומקום 700 מ""ל",סנו מפעלי ברונוס בעמ,IL,אנטי קאלק מסיר אבן מ,,700.00,,false,,10.90,0.0156,true,1,179986
7290000286549,false,סנו סושי מטליות לניקוי כללי 9 יח',טרופיקל דגיל תעשיות,IL,מטליות לכל סנו סושי,,9.00,,false,,11.90,1.3222,true,1,179992
7290000287409,false,סנובון שלישיה תות 3 יח' *55 ג',סנו מפעלי ברונוס בעמ,IL,סנובון שלישיה תות 3*,,165.00,,false,,13.90,0.0842,true,1,180015
7290000287430,false,סנובון צבעוני לאסלה בריח לימון שלישייה,סנו מפעלי ברונו בעמ,IL,סנובון שלישיה צבעוני,,165.00,100 גרם,false,,13.90,0.0842,true,1,180016
7290000287485,false,סנובון לובר לאסלה 3 יח' * 55 ג',סנו מפעלי ברונו בעמ,IL,סנובון שלישיה לובר,,165.00,,false,,13.90,0.0842,true,1,180017
7290000287492,false,"סנו - סנובון נוזלי לימון 750 מ""ל","איי, בי, אינבוו",IL,סנובון נוזלי לימון 7,,750.00,,false,,10.90,0.0145,true,1,180018
7290000287621,false,"מנקה אסלות סנו אנטי קאלק 750 מ""ל,",מיוצר עי קונדיטוריית,IL,אנטי קאלק W.C מנקה א,,750.00,,false,,10.90,0.0145,true,1,180021
7290000288017,false,ז'אוול אקונומיקה 1ל'-לימון,"סנו מפעלי ברונוס בע""",IL,אקונומיקה סנו ז'אוול,,1000.00,,false,,9.90,0.0099,true,1,180029
7290000288024,false,סנו - ז'אוול אקונומיקה בריח לימון 4 ליטר,"סנו מפעלי ברונוס בע""",IL,אקונומיקה סנו ז'אוול,ליטרים,4.00,ליטר,false,,17.90,4.4750,true,1,180030
7290000288031,false,סנו אקונומיקה 4 ליטר תו תקן,"סנו מפעלי ברונוס בע""",IL,אקנומיקה סנו 4ליטר,ליטרים,4.00,ליטר,false,,12.90,3.2250,true,1,180031
7290000288048,false,סנו ז'אוול קצף לבנדר מרסס 1ל',"סנו מפעלי ברונוס בע""",IL,סנו ז'אוול מרסס מונט,,1000.00,100 גרם,false,,19.90,0.0199,true,1,180032
7290000288079,false,סנו - ז'אוול אקונומיקה לימון 2 ליטר,"סנו מפעלי ברונוס בע""",IL,אקונומיקה סנו ז'אוול,ליטרים,2.00,ליטר,false,,13.90,6.9500,true,1,180035
7290000288086,false,"סנו ז'אוול אבקת ואקונומיקה לימון 600 מ""ל",מיוצר עי קונדיטוריית,IL,סנו ז'אוול אבקת לניק,,600.00,100 גרם,false,,10.90,0.0182,true,1,180036
7290000288109,false,"אבקת כביסה מקסימה אפקט ג''אוול 1.25 ק""ג סנו",סנו מפעלי ברונוס בעמ,IL,סנו מקסימה אבקת כביס,קילוגרמים,1.25,"ק""ג",false,,14.90,11.9200,true,1,180037
7290000288642,false,סנו - מקסימה מרכך כביסה סנסטיב ורוד 4 ליטר,"סנו מפעלי ברונוס בע""",IL,סנו מקסימה מרכך כביס,ליטרים,4.00,ליטר,false,,23.90,5.9750,true,1,180050
7290000289069,false,סנו - ז'אוול מרסס קצף ניקוי בתוספת אקונומיקה בריח לימון 1 ליטר,"סנו מפעלי ברונוס בע""",IL,סנו ז'אוול מרסס לימו,,1000.00,,false,,19.90,0.0199,true,1,180056
7290000289380,false,"סנו - ז'אוול לניקוי אסלות לימון 750 מ""ל",סנו,IL,גל לאסלות סנו זאוול,,750.00,,false,,10.90,0.0145,true,1,180062
7290000289595,false,"אורביטול משחת שיניים לילדים בטעם תות שדה 145 מ""ל",טרופיקל דגיל תעשיות,IL,אורביטול משחת שיניים,,145.00,100 גרם,false,,9.90,0.0683,true,1,180068
7290000289748,false,"סנו פורטה פלוס מסיר שומנים לתנור 750מ""ל","סנו מפעלי ברונוס בע""",IL,סנו פורטה פלוס לתנור,,750.00,,false,,15.90,0.0212,true,1,180071
7290000292137,false,"סנו: נוזל ניקוי וטיפול במוצרי עור 500 מ""",מיוצר עי קונדיטוריית,IL,סנו לניקוי עור 500מל,,500.00,100 גרם,false,,29.90,0.0598,true,1,180086
7290000292687,false,סנובון לאסלה כחול אפרסק נתלה 55X3ג',מיוצר עי קונדיטוריית,IL,סנובון לאסלה כחול של,,165.00,100 גרם,false,,17.90,0.1085,true,1,180098
7290000292939,false,סנובון לאסלה כחול קל,סנו,IL,סנו אקווה בלו למיכל,,100.00,,false,,13.90,0.1390,true,1,180101
7290000293073,false,מרכך כביסה מקסימה ביו לבן 4 ל' סנו,"סנו מפעלי ברונוס בע""",IL,סנו מקסימה מרכך כביס,ליטרים,4.00,ליטר,false,,23.90,5.9750,true,1,180104
7290000293943,false,סנו אנטי קאלק מסיר אבנית וחלודה 1ל',מיוצר עי קונדיטוריית,IL,אנטי קאלק מרסס 1ליטר,,1000.00,,false,,21.90,0.0219,true,1,180111
7290000294780,false,סנו - ז'אוול אקונומיקה סמיכה מבושמת 4 ליטר,"סנו מפעלי ברונוס בע""",IL,אקונומיקה סנו ז'אוול,ליטרים,4.00,ליטר,false,,17.90,4.4750,true,1,180120
7290000295336,false,"סנו - מקסימה אבקת כביסה סנסטיב 1.25 ק""ג",סנו מפעלי ברונוס בעמ,IL,סנו מקסימה סנסיטיב א,קילוגרמים,1.25,"ק""ג",false,,14.90,11.9200,true,1,180126
7290000295343,false,"אבקת כביסה מקסימה ביו 1.25 ק""ג סנו",קריות זול,IL,סנו מקסימה ביו אבקת,קילוגרמים,1.25,"ק""ג",false,,14.90,11.9200,true,1,180127
7290000295404,false,סנו סושי שקית אשפה חזקות 70*50 60 יח',מיוצר עי קונדיטוריית,IL,שקיות אשפה 60 יח סנו,,60.00,,false,,25.90,0.4317,true,1,180129
7290000295589,false,בייבי כיף טלק 200 גרם,מייצר :אשבל בע''מ .,IL,בייבי כיף טלק 200גר,,200.00,100 גרם,false,,17.90,0.0895,true,1,180137
7290000300900,false,טבעול שניצל תירס 8*750גרם רכיבים טבעיים,עיצובים 2020 (4.8),IL,שניצל תירס טבעול 750,,750.00,,false,,28.90,0.0385,true,1,176685
7290000303581,false,פול מצרי A-2 פרי הגליל 560ג',"פרי הגליל בע""""מ",IL,פול מיצרי 560גר,,560.00,,false,,8.90,0.0159,true,1,201191
7290000303598,false,שעועית אפוייה A2 פרי גליל 570 ג',"פרי הגליל בע""""מ",IL,שעועית אפוייה 550גר,,550.00,,false,,8.90,0.0162,true,1,201192
7290000303604,false,חומוס גרגירים A2 פרי גליל 550ג',"פרי הגליל בע""""מ",IL,חומוס גרגירים 550גר,,550.00,,false,,8.90,0.0162,true,1,201193
7290000307015,false,אפונת גינה גדול A2 פרי גליל 550ג',"פרי הגליל בע""""מ",IL,אפונת גינה גדולה 550,,550.00,,false,,8.90,0.0162,true,1,201194
7290000307046,false,אפונה גינה וגזר 550 ג' פרי הגליל,"פרי הגליל בע""""מ",IL,אפונה וגזר 550גר,,550.00,,false,,8.90,0.0162,true,1,201195
7290000307220,false,גרעיני תירס מתוק בוואקום פרי גליל 340ג',"פרי הגליל בע""""מ",IL,תירס מתוק ואקום 340ג,,340.00,,false,,6.90,0.0203,true,1,201196
7290000307237,false,גרעיני תירס מתוק 550 ג' פרי הגליל,"פרי הגליל בע""""מ",IL,תירס גרעינים 550 גר,,550.00,,false,,8.90,0.0162,true,1,201197
7290000307343,false,שעועית ירוקה חתוכה A2 פרי גליל 550ג',"פרי הגליל בע""""מ",IL,שעועית ירוקה חתוכה 5,,550.00,,false,,8.90,0.0162,true,1,201202
7290000307800,false,פול ירוק 800 ג' פרי הגליל,"פרי הגליל בע""""מ",IL,פול ירוק 800גר,,800.00,100 גרם,false,,13.90,0.0174,true,1,201203
7290000311203,false,וופלים מן שוקולד 200 גר,תות ממתקי איכות,IL,וופל מן שוקו 200גר,,200.00,,false,,5.90,0.0295,true,1,216079
7290000311210,false,וופלים מאן לימון 200 גר,רוקחמן,IL,וופל מן לימון 200גר,,200.00,,false,,5.90,0.0295,true,1,216080
7290000311234,false,וופל בטעם וניל 200 ג,רוקחמן,IL,וופל מן וניל 200גר,,200.00,100 גרם,false,,5.90,0.0295,true,1,216082
7290000311272,false,מן-וופלים במילוי חלווה 180 ג,רוקחמן,IL,וופל מן במילוי חלווה,,180.00,100 גרם,false,,5.90,0.0328,true,1,216083
7290000311319,false,"וופלים מצופים מן 1 ק""ג",,,וופל מן מצופה 1קג,,1000.00,,false,,29.90,0.0299,true,1,216085
7290000311425,false,מאגדת מן וופל מצופה כחול -עשירה 24*10,תות ממתקי איכות,IL,וופל מן מצופים עשירי,,220.00,,false,,8.90,0.0405,true,1,216087
7290000311500,false,וופלים מן 500 גר שוקו,רוקחמן,IL,וופל מן שוקו 500גר,,500.00,,false,,10.90,0.0218,true,1,216088
7290000311517,false,וופלים מן 500 גר לימון,רוקחמן,IL,וופל מן לימון 500גר,,500.00,,false,,10.90,0.0218,true,1,197508
7290000311845,false,עוגיות קמח מלא ללא תוספת סוכר מן 200ג,רוקחמן,IL,עוגיות קמח מלא ללא ס,,200.00,,false,,10.90,0.0545,true,1,206751
7290000311869,false,מן-וופלים בטעם שוק ללא תוספת סוכר 180ג,תות ממתקי איכות,IL,וופל מן בטעם שוקולד,,180.00,,false,,8.90,0.0494,true,1,206752
7290000311876,false,מן-וופלים בטעם וניל ללא תוספת סוכר 180ג,רוקחמן,IL,וופל מן בטעם וניל לל,,180.00,100 גרם,false,,8.90,0.0494,true,1,216091
7290000311883,false,"עוגיות גרנולה לל""ס גרנולה 200 גרם",רוקחמן,IL,עוגיות גרנולה ללא סו,,200.00,100 גרם,false,,10.90,0.0545,true,1,214556
7290000313160,false,עוגיות חברים זהבה ו-3 הדובים שוקו' אסם 250 גר',היינץ צפון אמריקה מק,IL,חברים זהבה ושלושת הד,,250.00,,false,,8.90,0.0356,true,1,176695
7290000313184,false,עוגיות חברים גן חיות וניל אסם 250 גר',הגביע מוצרי וופלים ב,IL,חברים ביסקויט גן חיו,,250.00,,false,,8.90,0.0356,true,1,176696
7290000313290,false,אסם נודלס נודלס אטריות מסולסלות 200גר,תאי פרזידנט פוד בנגק,TH,נודלס איטריות מסולסל,,200.00,100 גרם,false,,10.90,0.0545,true,1,176698
7290000318103,false,פסטרמה -ברביקיו יחיע,מעדני יחיעם,IL,פסטרמה -ברביקיו יחיע,קילוגרמים,1.00,"ק""ג",true,,89.00,89.0000,true,1,172064
7290000318127,false,נקניקיות ביס 380 ג' יחיעם,מעדני יחיעם 1993,IL,נקניקיות ביס יחיעם 3,,380.00,100 גרם,false,,12.90,0.0339,true,1,172105
7290000318165,false,פסטרמה אמיתית צלויה,מעדני יחיעם,IL,פסטרמה אמיתית צלויה,קילוגרמים,1.00,"ק""ג",true,,89.00,89.0000,true,1,172066
7290000318349,false,פסטרמה בסגנון איטלק,מעדני יחיעם,IL,פסטרמה בסגנון איטלק,קילוגרמים,1.00,"ק""ג",true,,79.00,79.0000,true,1,232184
7290000318479,false,פרושטו בקר יחיעם 100גר,תאי פרזידנט פוד פאבל,IL,פרושטו בקר יחיעם 100,,100.00,100 גרם,false,,29.90,0.2990,true,1,172115
7290000318493,false,כתףבקר מפולפליחיעם מ,מעדני יחיעם,IL,כתף בקר מפולפל יחיעם,קילוגרמים,1.00,"ק""ג",true,,139.00,139.0000,true,1,172072
7290000318677,false,סלמי סרוולט 150 ג' יחיעם,מעדני יחיעם 1993,IL,סלמי סרוולט יחיעם 15,,150.00,,false,,29.90,0.1993,true,1,172122
7290000318707,false,סלמי מעושן 500 ג' יחיעם,מעדני יחיעם 1993,IL,*מבצע* סלמי מעושן יח,,500.00,100 גרם,false,,29.90,0.0598,true,1,172124
7290000318738,false,נקניק עוף אריזה אדומה 450 ג' יחיעם,קריות זול,,נקניק עוף יחיעם 450,,450.00,,false,,11.90,0.0264,true,1,172126
7290000318806,false,סלמי סרוולט מעדנ.יחי,מעדני יחיעם,IL,סלמי סרוולד יחיעם,קילוגרמים,1.00,"ק""ג",true,,179.00,179.0000,true,1,172075
7290000318851,false,סלמי קונייאק יחיעם,מעדני יחיעם,IL,סלמי קונייאק יחיעם,קילוגרמים,1.00,"ק""ג",true,,99.00,99.0000,true,1,172077
7290000318882,false,נקניק מעושן איטלקי י,מעדני יחיעם,IL,נקניק מעושן איטלקי י,קילוגרמים,1.00,"ק""ג",true,,99.00,99.0000,true,1,172079
7290000318929,false,סלמי צרפתי יחיעם מעד,מעדני יחיעם,IL,סלמי צרפתי יחיעם,קילוגרמים,1.00,"ק""ג",true,,179.00,179.0000,true,1,172081
7290000319124,false,סלמי סרוולד יחיעם 25,מעדני יחיעם 1993,IL,סלמי סרוולט 250 גרם,,250.00,,false,,42.90,0.1716,true,1,172138
7290000319131,false,נקניקיות עוף 400 ג' יחיעם,מעדני יחיעם 1993,IL,נקניקיות עוף יחיעם 4,,400.00,100 גרם,false,,12.90,0.0323,true,1,172139
7290000319704,false,נקניק כתף בקר מעושן,מעדני יחיעם,IL,כתף בקר מעושן יחיעם,קילוגרמים,1.00,"ק""ג",true,,139.00,139.0000,true,1,172090
7290000319728,false,סלמי איטלקי מפולפל י,מעדני יחיעם,IL,מעושן איטלקי מפולפל,קילוגרמים,1.00,"ק""ג",true,,79.00,79.0000,true,1,172091
7290000319759,false,סלמי תה יחיעם מעדניה,מעדני יחיעם,IL,סלמי תה יחיעם,קילוגרמים,1.00,"ק""ג",true,,55.00,55.0000,true,1,172092
7290000319803,false,קבנוס קלאסי 125 ג' יחיעם,תאי פרזידנט פוד פאבל,IL,קבנוס קלאסי יחיעם 12,,125.00,100 גרם,false,,15.50,0.1240,true,1,172164
7290000319834,false,קבנוס פפרוני 125 ג' יחיעם,תאי פרזידנט פוד פאבל,IL,קבנוס פפרוני קלאסי י,,125.00,,false,,15.50,0.1240,true,1,172166
7290000319841,false,פסטרמה מהמעשנה יחיעם,,,פסטרמה מהמעשנה יחיעם,קילוגרמים,1.00,"ק""ג",true,,89.00,89.0000,true,1,247904
7290000334684,false,טבעות בצל 700 ג' תפוגן,"תעשיות תפוגן בע""מ",IL,טבעות בצל תפוגן 700ג,,700.00,,false,,19.50,0.0279,true,1,176713
7290000334745,false,"אמריקאן צ'יפס תפוגן 1.5 ק""ג","תעשיות תפוגן בע""מ",IL,"ציפס אמריקאן 1.5ק""ג",,1500.00,,false,,26.90,0.0179,true,1,176716
7290000336053,false,"תרכיז טבעי סיידר הגליל 330 מ""ל","טמפו משקאות בע""מ",IL,תרכיז סיידר 330מל טמ,,330.00,,false,,17.90,0.0542,true,1,172978
7290000345055,false,תה ויסוצקי ארל גריי 100 ג',מולינו ניקולי s.p.a,IL,תה ארל גריי עלים ויס,,100.00,,false,,15.90,0.1590,true,1,190638
7290000345215,false,תה ויסוצקי קלאסיק 100/1 כחול מעודן,מולינו ניקולי s.p.a,IL,תה ויסוצקי קלאסיק כח,,100.00,100 גרם,false,,18.90,0.1890,true,1,190644
7290000345260,false,תה ויסוצקי קלאסיק 25X1.50יח',מולינו ניקולי s.p.a,IL,תה ויסוצקי קלאסיק 25,,25.00,,false,,7.90,0.3160,true,1,190645
7290000345284,false,תה ויסוצקי קלאסיק טעם עשיר 100/1.5יח',מולינו ניקולי s.p.a,IL,תה ויסוצקי קלאסיק יר,,150.00,,false,,18.90,0.1260,true,1,190647
7290000345307,false,תה ארל גריי 50 שקיקים ויסוצקי,מולינו ניקולי s.p.a,IL,תה ארל גריי ויסוצקי,,75.00,100 גרם,false,,29.90,0.3987,true,1,190649
7290000346021,false,חליטת קמומיל הגן הקס,בית ויסוצקי,IL,תה קמומיל ויסוצקי 50,,50.00,,false,,37.90,0.7580,true,1,229200
7290000346120,false,תה ויסוצקי חליטת קסם הקינמון 25יח',קריות זול,IL,תה קסם הקנמון 25יח,,62.50,,false,,19.90,0.3184,true,1,190658
7290000346137,false,תה הגן הקסום הילולי פירות 25 שקיקים,קריות זול,IL,תה הילולי פירות 25יח,,62.50,,false,,19.90,0.3184,true,1,190659
7290000346199,false,תה הגן הקסום תה פירות יער 25 יח',קריות זול,IL,תה פירות היער ויסוצק,,67.50,,false,,19.90,0.2948,true,1,190663
7290000346205,false,תה הגן הקסום תה קמומיל 25 יח',קריות זול,IL,תה קמומיל ויסוצקי הג,,37.50,100 גרם,false,,19.90,0.5307,true,1,190664
7290000347738,false,תה ירוק נענע 25 שקיקים 1.5 גרם,קריות זול,IL,תה ירוק נענע 25יח,,37.50,,false,,26.90,0.7173,true,1,190676
7290000347752,false,תה ירוק לימונית ולואיזה 25 שקיקים *1.5 ג'' ויסוצקי,קריות זול,IL,תה ירוק לימונית ולוא,,37.50,,false,,26.90,0.7173,true,1,190678
7290000355382,false,עגבניות מרוסקות עם בזיליקום 800ג',"מילוז(1989)בע""""מ",IL,עגבניות מרוסקות עם ב,,800.00,,false,,9.90,0.0124,true,1,201207
7290000355405,false,עגבניות מרוסקות עם בצל 800ג',"מילוז(1989)בע""""מ",IL,עגבניות מרוסקות בצל,,800.00,100 גרם,false,,9.90,0.0124,true,1,201209
7290000355412,false,עגבניות מרוסקות A2.5 ושום טל וטרי 800 גר',"מילוז(1989)בע""""מ",IL,עגבניות מרוסקות שום,,800.00,100 גרם,false,,9.90,0.0124,true,1,201210
7290000363462,false,סלמי מעושן איטלקי טי,טירת צבי,IL,נקניק סלמי מעושן איט,קילוגרמים,1.00,"ק""ג",true,,89.00,89.0000,true,1,188167
7290000363486,false,נקניק תה טירת צבי מע,טירת צבי,IL,נקניק תה טירת צבי,קילוגרמים,1.00,"ק""ג",true,,54.00,54.0000,true,1,188168
7290000364285,false,דקניקים סלסולי פסטרמה הודו 120 ג' טירת צבי,הנסיך- מפעל לייצור ט,IL,סלסולי פסטרמה הודו א,,120.00,100 גרם,false,,15.90,0.1325,true,1,188293
7290000364292,false,דקניקים סלסולי פסטרמה הודו על גחלים 120 ג' טירת צבי,הנסיך- מפעל לייצור ט,IL,סלסולי פסטרמה הודו ג,,120.00,100 גרם,false,,15.90,0.1325,true,1,188294
7290000364803,false,נקניקיות קרנץ אמריקאי טירת צבי 500 ג',הנסיך- מפעל לייצור ט,IL,נקניקיות בקר בסגנון,,500.00,100 גרם,false,,26.90,0.0538,true,1,188295
7290000364858,false,"נקניקיות עוף טרי 1 ק""ג טירת צבי",הנסיך- מפעל לייצור ט,IL,נקניקיות עוף טירת צב,,1000.00,100 גרם,false,,26.90,0.0269,true,1,188296
7290000364872,false,נקניקיות עוף טירת צבי 400 ג',טיב טירת צבי 2000,IL,נקניקיות עוף טירת צב,,400.00,,false,,14.90,0.0373,true,1,188297
7290000365398,false,פסטרמה חזה הודו בדבש,טירת צבי,IL,פסטרמה חזה הודו בדבש,קילוגרמים,1.00,"ק""ג",true,,89.00,89.0000,true,1,188172
7290000365756,false,נקניק פסטרמה ברביקיו,טירת צבי,IL,פסטרמה ברביקיו דל שו,קילוגרמים,1.00,"ק""ג",true,,89.00,89.0000,true,1,188173
7290000365817,false,המבורגר טירת צבי 500ג',הנסיך- מפעל לייצור ט,IL,המבורגר טירת צבי 500,,500.00,100 גרם,false,,23.90,0.0478,true,1,188298
7290000365909,false,פסטרמה הודו מעושנת ט,טירת צבי,IL,פסטרמה הודו מעושנת ט,קילוגרמים,1.00,"ק""ג",true,,89.00,89.0000,true,1,188174
7290000365954,false,פסטרמה הודו גחלים טי,טירת צבי,IL,פסטרמה הודו גחלים טי,קילוגרמים,1.00,"ק""ג",true,,89.00,89.0000,true,1,188175
7290000367590,false,צמד כפרי סלמי+פסטרמה 800 גרם טירת צבי,טיב טירת צבי 2000,IL,פסטרמה צמד סלמי 400ג,,800.00,100 גרם,false,,31.90,0.0399,true,1,188299
7290000379623,false,לחם אחיד 750 גרם,מאפיית אנג'ל,,לחם אחיד שחור,,750.00,100 גרם,false,,6.96,0.0093,true,1,195036
7290000408316,false,דנונה ביו יוגורט טבעי 3% 200 ג',מיוצר עי קונדיטוריית,IL,דנונה טבעי 3% 200גר,,200.00,100 גרם,false,,4.20,0.0210,true,1,195560
7290000408354,false,יוגורט עם אורז מצופה שוקולד קקאו 175 ג' דנונה,"שטראוס בריאות בע""מ",IL,דנונה בר פיצפוצים 17,,173.00,100 גרם,false,,5.30,0.0306,true,1,195561
7290000412481,false,סנו - מנקה אסלות 00 1 ליטר,מיוצר עי קונדיטוריית,IL,מנקה אסלות 00 סנו 1ל,,1000.00,100 גרם,false,,8.90,0.0089,true,1,180146
7290000412764,false,"פזטוקס מעופפים 630 מ""ל",קריות זול,,פזטוקס אירוסלים,,630.00,,false,,21.90,0.0348,true,1,180147
7290000416021,false,ממרח שוקולד השחר חלבי 500 גר',השחר העולה,IL,ממרח בטעם שוקולד השח,,500.00,,false,,13.90,0.0278,true,1,181277
7290000416045,false,ממרח שוקולד השחר דלי,השחר העולה,IL,ממרח השחר העולה חלבי,,1000.00,,false,,24.90,0.0249,true,1,181279
7290000416076,false,שוקולד צימקאו לבישול השחר 400 ג',השחר העולה,IL,צימקאו לבישול השחר 4,,400.00,100 גרם,false,,14.90,0.0373,true,1,181280
7290000416106,false,חלבה נוגאט במשקל השח,השחר העולה תעשיות ממ,,חלבה נוגאט במשקל השח,קילוגרמים,1.00,"ק""ג",true,,44.00,44.0000,true,1,228787
7290000416618,false,"ממרח שוקולד השחר פרווה בד""צ 400 גר'",השחר העולה בעמ,IL,השחר העולה קרם מובחר,,400.00,,false,,12.90,0.0323,true,1,181283
7290000416809,false,ממרח חלב קרם חצי מובחרלמריחה 350 ג' השחר,,,ממרח חצי חצי קרם חלב,,350.00,100 גרם,false,,12.90,0.0369,true,1,223541
7290000416854,false,אבקת קקאו השחר העולה 150ג',אף.סי תבליני בגליל ב,IL,קקאו השחר 150גר,,150.00,100 גרם,false,,11.90,0.0793,true,1,181286
7290000416922,false,ממרח חלבי השחר 350 ג',,,ממרח חלב 350 גרם השח,,350.00,100 גרם,false,,12.90,0.0369,true,1,223542
7290000418131,false,תחבושות טופ פד מקופלת 18 יח',מוצרי נייר עמיר,IL,תחבושות טופ פד סופר,יחידה,0.00,יחידה,false,,7.90,0.0000,true,1,171796
7290000418155,false,תחבושות סופר פלוס טופ-פד 16 יח',מוצרי נייר עמיר,IL,תחבושות טופ פד סופר,יחידה,0.00,יחידה,false,,7.90,0.0000,true,1,171797
7290000419107,false,לנדוור מקורי - קפה טחון טורקי 100 גרם,קפה לנדוור בע''מ,IL,לנדוור קפה שחור 100ג,,100.00,,false,,7.90,0.0790,true,1,228649
7290000419220,false,לנדוור כחול המקורי קפה טחון טורקי 3*100 גרם 16 יח',קפה לנדוור,IL,לנדוור קפה כחול מארז,,300.00,,false,,18.90,0.0630,true,1,176726
7290000419374,false,לנדוור לבוקר קפה טחון טורקי 3*100 גרם 16 יח',קפה לנדוור,IL,לנדוור קפה טחון טורק,,300.00,100 גרם,false,,18.90,0.0630,true,1,176728
7290000419893,false,לנדוור חזק - קפה טחון טורקי 100 גרם,מולינו ניקולי s.p.a,IL,לנדוור קפה שחור לבוק,,100.00,,false,,7.90,0.0790,true,1,228650
7290000419909,false,לנדוור לבוקר - קפה טחון טורקי 100 גרם,מולינו ניקולי s.p.a,IL,לנדוור קפה שחור טעם,,100.00,,false,,7.90,0.0790,true,1,176738
7290000420325,false,פופ קורן טבעי למיקרוגל 5 יח',קריות זול,US,פופסטאר בטעם טבעי 5י,,500.00,100 גרם,false,,14.90,0.0298,true,1,207387
7290000420332,false,פופ קורן חמאה למיקרוגל 5יח',קריות זול,US,פופסטאר בטעם חמאה 5י,,500.00,100 גרם,false,,14.90,0.0298,true,1,207388
7290000453125,false,שמרית שמרים טריים לאפייה +משפר אפייה 100ג,"פאקא תעשיות בע""מ",IL,שמרית + משפר אפיה 10,,100.00,100 גרם,false,,8.90,0.0890,true,1,195568
7290000453323,false,קמח תמי עמילן חיטה ל,תמי,IL,קמח תמי עמילן חיטה ל,,500.00,,false,,19.90,0.0398,true,1,247254
7290000453408,false,בצק פיצה דק מצונן ומוכן לאפייה שמרית,"פאקא תעשיות בע""מ",GR,בצק פיצה דק שמרית מצ,,415.00,,false,,18.90,0.0455,true,1,234342
7290000453415,false,בצק עלים מצונן ומוכן לאפייה שמרית,"פאקא תעשיות בע""מ",FR,בצק עלים שמרית מצונן,,300.00,100 גרם,false,,17.50,0.0583,true,1,234343
7290000453422,false,בצק פילו מצונן ומרודד מוכן לאפיה,"פאקא תעשיות בע""מ",GR,בצק פילו שמרית מצונן,,300.00,100 גרם,false,,17.50,0.0583,true,1,234344
7290000453781,false,שמרים יבשים שמרית 125 ג',STRAUSS-ISRAEL,,שמרים יבשים שמרית 12,,125.00,,false,,6.50,0.0520,true,1,225823
7290000453798,false,שמרים יבשים אקטיביים שימרית 500 ג',"גי' בי' רכיבים בע""מ",,שמרים יבשים אקטיביים,,500.00,,false,,14.90,0.0298,true,1,208509
7290000453866,false,נטורינה קוקוס לאפייה שמרית 200ג',גרונבאנג- גרונדנסק א,DK,שמרית תחליף מרגרינה,,200.00,,false,,8.90,0.0445,true,1,222513
7290000453880,false,"מרגרינה לל""מ לאפיה ובישול שימרית 200 ג'","פאקא תעשיות בע""מ",IL,מרגרינה ללא מלח לאפי,,200.00,,false,,6.70,0.0335,true,1,195570
7290000453897,false,מרגרינה בטעם חמאה שימרית 200 ג',גרונבאנג- גרונדנסק א,IL,מרגרינה בטעם חמאה 20,,200.00,,false,,6.70,0.0335,true,1,195571
7290000462103,false,סחוג אדום חריף עדין (מכסה לבן) 150 גרם,קריניסה ויטמין אס אי,IL,סחוג אדום חריף עדין,,150.00,100 גרם,false,,11.90,0.0793,true,1,195572
7290000462141,false,סחוג אדום חריף מאוד (מכסה אדום) 150 גרם,קריניסה ויטמין אס אי,IL,סחוג אדום חריף מאוד,,150.00,100 גרם,false,,11.90,0.0793,true,1,195574
7290000462172,false,סחוג ירוק חריף מאוד מ.ירוק 150 גרם,קריניסה ויטמין אס אי,IL,סחוג ירוק חריף מאוד,,150.00,,false,,11.90,0.0793,true,1,195576
7290000462981,false,סחוג חריף אש 150 גרם,זהבי הכרם,,זחוק חריף אש 150 גרם,,150.00,100 גרם,false,,11.90,0.0793,true,1,240827
7290000467153,false,צבר חומוס סמיר הגדול 400גר,סלטי צבר,IL,חומוס סמיר הגדול צבר,,400.00,,false,,14.90,0.0373,true,1,176801
7290000474090,false,חלב הומוגני 1% קרטון טרה 1ל',מילקו תעשיות בעמ,IL,חלב 1% בקרטון טרה 1,,1000.00,100 גרם,false,,5.86,0.0059,true,1,184462
7290000474502,false,גבינה לבנה 5% 250ג' טרה מהדרין,קריות זול,IL,גבינה לבנה 5% טרה 25,,250.00,,false,,4.98,0.0199,true,1,184475
7290000474540,false,גבינה טוב טעם 3% טרה 250ג' מהדרין,קריות זול,IL,גבינת 3% טוב טעם 250,,250.00,100 גרם,false,,12.50,0.0500,true,1,184477
7290000480107,false,קוואקר שיבולת שועל פחית 500 גר',וולקרס סנקס לימיטד,GB,קוואקר מהיר אטוס פחי,,500.00,100 גרם,false,,16.40,0.0328,true,1,184053
7290000480442,false,קוואקר שיבולת שועל שקית 500 גר',פריטו ליי FRITO-LAY,IL,*מבצע* קואקר שבולת ש,,500.00,100 גרם,false,,10.90,0.0218,true,1,184054
7290000481029,false,עשיריית פיתות תנעמי,יוניליוור גרמניה Gm,IL,פיתות בטעם ביתי 10 י,,1000.00,,false,,11.90,0.0119,true,1,242991
7290000481043,false,עשריית פיתות כוסמין,,,פיתות כוסמין מארז 10,,700.00,,false,,15.90,0.0227,true,1,243545
7290000481074,false,לחם משלושה קמחים מלאים 750 גר,,,*מבצע* לחם טריו דגני,,750.00,100 גרם,false,,13.90,0.0185,true,1,247675
7290000481180,false,לחם מחמצת שאור דגנית,,,לחם מחמצת שאור דגנית,,550.00,,false,,18.90,0.0344,true,1,249222
7290000481197,false,לחם מחמצת גרעינים וש,,,לחם מחמצת גרעינים וש,,550.00,100 גרם,false,,18.90,0.0344,true,1,249223
7290000481487,false,חלה רגילה 500גר,,,חלה רגילה 500גר,,500.00,100 גרם,false,,6.26,0.0125,true,1,229466
7290000481517,false,פוקצות 2יח עם שמן זי,,,פוקצות 2יח עם שמן זי,,320.00,,false,,12.90,0.0403,true,1,249221
7290000484747,false,עראק עלית 700 מל 40% כהל,יקב הגליל שווק בעמ,IL,הארק עלית 40% 700מל,,700.00,100 גרם,false,,58.90,0.0841,true,1,211621
7290000490762,false,שלגוני גלידל שמינייה,הגלידות של פלדמן,IL,גלידל חלבי מאגדת בטע,,8.00,,false,,29.90,3.7375,true,1,235498
7290000493176,false,אבקת רוטב צלי לבשר 22ג' אסם,"אסם השקעות בע""מ",IL,אבקת רוטב צלי אסם 22,,22.00,,false,,4.90,0.2227,true,1,176824
7290000493183,false,אבקת רוטב פיטריות 30 ג' אסם,"אסם השקעות בע""מ",IL,אבקת רוטב פטריות אסם,,30.00,100 גרם,false,,4.90,0.1633,true,1,176825
7290000497044,false,ברמן אקטיב לחם ארוז,מאפית י את א ברמן בע,IL,לחם אקטיב ברמן 750גר,,750.00,,false,,16.90,0.0225,true,1,199846
7290000497112,false,לחם ברמן אחיד פרוס 750ג',מאפית י את א ברמן בע,IL,לחם אחיד פרוס ברמן,,750.00,100 גרם,false,,7.91,0.0105,true,1,199850
7290000497228,false,לחמניה רגילה בשקית ברמן 6יח',מאפית י את א ברמן בע,IL,לחמניות בשקית 6יח,,450.00,,false,,10.90,0.0242,true,1,199857
7290000497273,false,לחמניות אקטיב מארז 6 יח',מאפית י את א ברמן בע,IL,לחמניות אקטיב 6 יח',,450.00,100 גרם,false,,13.90,0.0309,true,1,199858
7290000497303,false,לחמניה מקמח מלא 6יח' ברמן 450ג',מאפית י את א ברמן בע,IL,לחמניה מקמח מלא 6יח,,540.00,,false,,10.90,0.0202,true,1,199859
7290000497358,false,חלה מתוקה ארוזה חלומית 500 גר',מאפית י את א ברמן בע,IL,חלומית חלה מתוקה ארו,,500.00,,false,,14.90,0.0298,true,1,199861
7290000497426,false,לחם לעניין פלוס 500 גר',מאפית י את א ברמן בע,IL,לחם ברמן לענין פלוס,,500.00,100 גרם,false,,16.90,0.0338,true,1,199863
7290000497488,false,חלה קלה ברמן 500 גרם,מאפית י את א ברמן בע,IL,חלה פלוס ברמן 500 גר,,500.00,100 גרם,false,,16.90,0.0338,true,1,199867
7290000497532,false,"לחם מקמח מלא""לעניין"" 750 גר'",מאפית י את א ברמן בע,IL,לחם ברמן לעניין 750ג,,750.00,,false,,15.50,0.0207,true,1,199869
7290000497570,false,לחם דגנים פלוס 500 גר',מאפית י את א ברמן בע,IL,לחם דגנים פלוס ברמן,,500.00,,false,,16.90,0.0338,true,1,199871
7290000498003,false,לחם מקמח מלא ברמן 75,מאפית י את א ברמן בע,IL,לחם מקמח מלא ברמן 75,,750.00,100 גרם,false,,16.90,0.0225,true,1,224162
7290000498034,false,לחם אי פרי קמח כוסמין מלא 750 גר',מאפית י את א ברמן בע,IL,לחם מקמח כוסמין מלא,,750.00,100 גרם,false,,16.90,0.0225,true,1,234404
7290000498256,false,עשיריית לחמניות ברמן,מאפיות ברמן,IL,מארז 10יח לחמניות בר,יחידה,0.00,יחידה,false,,13.90,0.0000,true,1,199907
7290000504025,false,סוכרזית פטריה 300 טבליות,אף.סי תבליני בגליל ב,IL,סוכרזית פטריה 300 טב,,300.00,,false,,10.90,0.0363,true,1,208518
7290000504049,false,סוכרזית קנקן 1200 טבליות,אף.סי תבליני בגליל ב,IL,סוכרזית קנקן 1200 טב,,1200.00,,false,,28.90,0.0241,true,1,208520
7290000504278,false,סוכרזית - קלאסי פטנט 700 טבליות,אף.סי תבליני בגליל ב,IL,סוכרזית פטנט 700טבלי,,700.00,,false,,19.90,0.0284,true,1,208523
7290000518114,false,מתוק וקל אבקה 200 גר,קריות זול,,מתוק וקל אבקה 200 גר,,200.00,100 גרם,false,,9.90,0.0495,true,1,207088
7290000518121,false,מתוק וקל ממתיק 50 שקיות,קריות זול,IL,מתוק וקל 50 שקיות,,50.00,100 גרם,false,,7.90,0.1580,true,1,207089
7290000518152,false,מתוק וקל זהב 25 שקיות,קריות זול,,מתוק וקל זהב 50 שקיו,,50.00,100 גרם,false,,7.90,0.1580,true,1,207091
7290000518169,false,ממתיק מתוק וקל בקבוק,קריות זול,IL,מתוק וקל 1000 טבליות,,1000.00,,false,,9.90,0.0099,true,1,207092
7290000518176,false,ממתיק דקסטרוזה וסכרי,מתוק וקל בעמ,IL,*מבצע* מתוק וקל ענק,,250.00,100 גרם,false,,17.90,0.0716,true,1,207093
7290000518190,false,מתוק וקל סטיביה 100 שקיות,מתוק וקל,,מתוק וקל סטיביה 100,יחידה,0.00,יחידה,false,,29.90,0.0000,true,1,221411
7290000518220,false,סוכרה דיאט ממתיק 100 שקיות,פתח תקווה,IL,סוכרה דיאט 100 שקיות,יחידה,0.00,יחידה,false,,29.90,0.0000,true,1,221412
7290000518237,false,סוכרה דיאט אבקה 100,מתוק וקל בעמ,IL,סוכרה דיאט אבקה 100,,200.00,,false,,21.90,0.1095,true,1,221415
7290000518251,false,מתוק וקל ממתיק זהב 100 שקיות,קריות זול,IL,מתוק וקל זהב 100 שקי,,100.00,100 גרם,false,,15.90,0.1590,true,1,207094
7290000521008,false,"יין אדום יבש סגל 750 מ""ל",כרמי צבי - אחים סגל,IL,יין סגל אדום יבש 750,,750.00,100 גרם,false,,24.90,0.0332,true,1,172989
7290000521015,false,"יין סגל לבן יבש 750מ""ל","מיוצר ע""י כרמי צבי-",IL,יין סגל לבן יבש 750מ,,750.00,100 גרם,false,,24.90,0.0332,true,1,172990
7290000521404,false,"יין מרום גליל קברנה סוביניון סינגל 750 מ""ל",כרמי צבי אחים סגל בע,IL,יין מרום גליל קברנה,,750.00,,false,,44.90,0.0599,true,1,173004
7290000521411,false,מרום גליל סינגל מרלו 750מל,כרמי צבי אחים סגל בע,IL,יין מרום גליל מרלו ס,,750.00,100 גרם,false,,44.90,0.0599,true,1,173005
7290000523125,false,מלח הארץ הים האדום 250 ג' עדין,חברת מלח הארץ אילת ב,IL,מלח הארץ ים יבש 250,,250.00,,false,,6.90,0.0276,true,1,190680
7290000523224,false,מלח הארץ הים האדום 500 ג' עדין,חברת מלח הארץ אילת ב,IL,מלח הארץ ים יבש 500,,500.00,,false,,9.90,0.0198,true,1,190681
7290000523514,false,מלח הארץ 50% מכמות הנתרן 250 גרם,חברת מלח הארץ אילת ב,IL,מלח הארץ 50% מכמות ה,,250.00,,false,,11.90,0.0476,true,1,190682
7290000523521,false,מלח ים מועשר ביוד 250 ג' מלח הארץ,חברת מלח הארץ אילת ב,IL,מלח הארץ מעושר ביוד,,250.00,100 גרם,false,,7.70,0.0308,true,1,190683
7290000523804,false,"מלח עדין צנצנת 1 ק""ג מלח הארץ",חברת מלח הארץ אילת ב,IL,מלח הארץ עדין צנצנת,,1000.00,100 גרם,false,,8.90,0.0089,true,1,190684
7290000525969,false,פרימור סחוט תפוזים טבעי 1ל',"גניר (1992) בע""מ",IL,פרימור תפוזים 1ליטר,,1000.00,,false,,16.90,0.0169,true,1,195578
7290000530024,false,נקניק תה מעושן רחב,זוגלובק,IL,תה מעושן זוגלובק,קילוגרמים,1.00,"ק""ג",true,,54.00,54.0000,true,1,212226
7290000530031,false,סלמי פיין צר זוגלובק,,,סלמי פיין צר זוגלובק,קילוגרמים,1.00,"ק""ג",true,,59.00,59.0000,true,1,212227
7290000530048,false,סלמי פפרוני זוגלובק,זוגלובק,IL,סלמי פפרוני זוגלובק,קילוגרמים,1.00,"ק""ג",true,,59.00,59.0000,true,1,212228
7290000530062,false,נקניק מעושן איטלקי ז,זוגלובק,IL,נקניק מעושן איטלקי ז,קילוגרמים,1.00,"ק""ג",true,,89.00,89.0000,true,1,212229
7290000530086,false,נקניק סלמי מעושן 600 ג' זוגלובק,נקניק נהריה כשר זוגל,IL,*מבצע* נקניק סלמי מע,,600.00,100 גרם,false,,27.90,0.0465,true,1,212277
7290000530109,false,קבנוס זוגי בואקום זוגלובק 180ג',נקניק נהריה כשר זוגל,IL,קבנוס זוגלובק זוג 18,,180.00,100 גרם,false,,34.90,0.1939,true,1,212278
7290000530116,false,נקניק סלמי מעושן בשן 470 ג' זוגלובק,נקניק נהריה כשר זוגל,IL,*מבצע* נקניק בשן זוג,,470.00,100 גרם,false,,17.90,0.0381,true,1,212279
7290000530178,false,נקניק קוניאק זוגלובק,זוגלובק,IL,נקניק קוניאק זוגלובק,קילוגרמים,1.00,"ק""ג",true,,89.00,89.0000,true,1,212231
7290000530192,false,נקניק סרבלד זוגלובק,כצט,IL,נקניק סרבלד זוגלובק,קילוגרמים,1.00,"ק""ג",true,,135.00,135.0000,true,1,212232
7290000530260,false,נקניק מורטדלה זוגלוב,,,מורטודלה זוגלובק,קילוגרמים,1.00,"ק""ג",true,,47.00,47.0000,true,1,212233
7290000530291,false,נקניק מבשר הודו קטן 800 ג' זוגלובק,נקניק נהריה כשר זוגל,IL,נקניק מבשר הודו קטן,,750.00,,false,,19.90,0.0265,true,1,212281
7290000530413,false,המבורגר זהב זוגלובק 400 גר',נקניק נהריה כשר זוגל,IL,המבורגר זהב זוגלובק,,400.00,100 גרם,false,,24.90,0.0622,true,1,212282
7290000530444,false,כתף בקר מעושן זוגלוב,זוגלובק,IL,כתף בקר מעושן זוגלוב,קילוגרמים,1.00,"ק""ג",true,,119.00,119.0000,true,1,212236
7290000530598,false,נקניקיות וינר 500 ג' טרי זוגלובק,נקניק נהריה כשר זוגל,IL,נקניקיות וינר גוליבר,,500.00,,false,,15.90,0.0318,true,1,212288
7290000530604,false,נקניקיות וינר חריפות גוליבר 500ג זוגלובק,נקניק נהריה כשר זוגל,,נקניקיות חריפות זוגל,,400.00,100 גרם,false,,15.90,0.0398,true,1,212289
7290000530703,false,זוג במארז חרמון הודו + סלמי תה זוגלובק 800 גר',נקניק נהריה כשר זוגל,IL,*מבצע* נקניק תה 400ג,,800.00,100 גרם,false,,26.90,0.0336,true,1,212291
7290000531410,false,פסטרממיה בדבש טהור,זוגלובק,IL,פסטרממיה בדבש טהור,קילוגרמים,1.00,"ק""ג",true,,89.00,89.0000,true,1,212240
7290000531601,false,סטייק בורגר זהב זוגלובק 400ג',נקניק נהריה כשר זוגל,IL,סטייק בורגר זוגלובק,,400.00,100 גרם,false,,24.90,0.0622,true,1,212302
7290000532400,false,פסטרמה ברביקיו זוגלו,זוגלובק,IL,פסטרמה ברביקיו זוגלו,קילוגרמים,1.00,"ק""ג",true,,89.00,89.0000,true,1,212242
7290000532585,false,רוסטביף 4% זוגלובק,זוגלובק,IL,רוסטביף זוגלובק,קילוגרמים,1.00,"ק""ג",true,,119.00,119.0000,true,1,212243
7290000534718,false,פסטרמה חזה תבור זוגל,זוגלובק,IL,פסטרמה חזה תבור זוגל,קילוגרמים,1.00,"ק""ג",true,,89.00,89.0000,true,1,212250
7290000534800,false,פסטרמה הודו רומני זו,כצט,IL,פסטרמה הודו רומני זו,קילוגרמים,1.00,"ק""ג",true,,89.00,89.0000,true,1,212251
7290000534824,false,חרמון-חזה הודו מעושן,,,חרמון הודו מעושן זוג,קילוגרמים,1.00,"ק""ג",true,,59.00,59.0000,true,1,212252
7290000536743,false,קריספי סטיקס תירס 500 ג' זוגלובק,נקניק נהריה כשר זוגל,IL,קריספי סטיקס תירס זו,,500.00,,false,,21.90,0.0438,true,1,212342
7290000537566,false,נקניקיות עוף טרי 400 ג' זוגלובק,נקניק נהריה כשר זוגל,IL,נקניקיות עוף זוגלובק,,400.00,100 גרם,false,,14.90,0.0373,true,1,212351
7290000538099,false,פסטרמה כפרית במשקל ז,כצט,IL,פסטרמה כפרית במשקל ז,קילוגרמים,1.00,"ק""ג",true,,89.00,89.0000,true,1,212257
7290000554006,false,גבינה קשקבלו משולשים,מחלבות גד,IL,*מבצע* קאשקבל מחלבות,קילוגרמים,1.00,"ק""ג",true,,137.00,137.0000,true,1,171523
7290000554402,false,מלבי 160גר מחלבות גד,"מיוצר ע""י קוד יצרן E",IL,מלבי 160גר מחלבות גד,,160.00,100 גרם,false,,6.00,0.0375,true,1,171587
7290000554457,false,גבינה צפתית 5% 350 גרם - רבנות,"מחלבות גד בע""מ",IL,צפתית 5% 350גר מחלבו,,350.00,100 גרם,false,,23.90,0.0683,true,1,171588
7290000554471,false,גבינת מוצרלה 22% נקניק 180ג' גד,"מחלבות גד בע""מ",IL,מוצרלה נקניק טבעי מח,,180.00,,false,,18.90,0.1050,true,1,171589
7290000554532,false,גבינה צפתית מעודנת במלח ים 5% 200 ג' גד,הנסיך- מפעל לייצור ט,IL,צפתית מעודנת במלח ים,,200.00,,false,,15.50,0.0775,true,1,171591
7290000554600,false,מוצרלה מגורדת 18% 300 גרם - רובין,מחלבות גד בעמ,IL,מוצרלה 22% מגורדת 30,,300.00,,false,,28.90,0.0963,true,1,171592
7290000554624,false,ירח מתוק 3% 150 גרם רובין,"מיוצר ע""י קוד יצרן E",IL,ירח מתוק 150גר מחלבו,,150.00,,false,,6.00,0.0400,true,1,171593
7290000554686,false,לאבנה שמן זית וזעתר 5% 250 גרם - רבנות,מחלבות גד בעמ,IL,לאבנה בשמן זית וזעתר,,250.00,100 גרם,false,,15.50,0.0620,true,1,171594
7290000554822,false,גבינת ריקוטה טבעי 5% שומן 250 ג' גד,מחלבות גד בעמ,IL,*מבצע* ריקוטה טבעי 5,,250.00,100 גרם,false,,12.00,0.0480,true,1,171595
7290000554839,false,שמנת מתוקה קשה בסגנון איטלקי 40% שומן 250 ג' גד,מחלבות גד בעמ,IL,גבינה מסקרפונה 40% 2,,250.00,100 גרם,false,,23.90,0.0956,true,1,171596
7290000572208,false,חלבה חטיף וניל אחווה 100ג',שוורצקוף& הנקל דיסלד,IL,חלבה אחווה 100גר,,100.00,100 גרם,false,,3.90,0.0390,true,1,203364
7290000572222,false,חלבה וניל בבלוק אחווה 500ג',שוורצקוף& הנקל דיסלד,IL,חלבה בבלוק אחווה 500,,500.00,100 גרם,false,,12.90,0.0258,true,1,203365
7290000572529,false,חלבה פיסטוק מגש אחווה 400ג',אחדות ביחר לטחינה חל,IL,חלבה פיסטוק אחווה 40,,400.00,,false,,14.90,0.0373,true,1,203366
7290000572536,false,חלבה וניל מגש אחווה 400ג'',אחדות ביחר לטחינה חל,IL,חלבה וניל אחווה 400,,400.00,,false,,13.90,0.0348,true,1,203367
7290000572628,false,חלבה חטיף ללא סוכר בקופסה 276 ג',שוורצקוף& הנקל דיסלד,IL,חטיף חלבה ללא סוכר 1,,275.00,100 גרם,false,,14.90,0.0542,true,1,203369
7290000572673,false,אחווה חטיף חלווה ט.שונים 12*25גר,שוורצקוף& הנקל דיסלד,IL,חטיף חלבה אחווה 12*2,,300.00,,false,,14.90,0.0497,true,1,203371
7290000574011,false,מארז 8 לחמניות חיטה,,,מארז 8 לחמניות חיטה,,8.00,,false,,11.90,1.4875,true,1,242394
7290000574028,false,לחם שחור מועשר פלוס 750 גר'.,יוניליוור גרמניה Gm,IL,לחם שחור מועשר פלוס,,750.00,,false,,8.90,0.0119,true,1,234592
7290000574035,false,לחם אחיד פרוס 750ג' דגנית עין בר,יוניליוור גרמניה Gm,IL,לחם אחיד פרוס 750גרם,,750.00,,false,,7.10,0.0095,true,1,195056
7290000574066,false,לחם מלא פלוס שיפון 750 ג' דגנית עין בר,יוניליוור גרמניה Gm,IL,לחם חיטה מלאה עם שיפ,,750.00,,false,,15.90,0.0212,true,1,195059
7290000574097,false,מארז לחמניות מיוחדות,,,מארז לחמניות מיוחדות,,8.00,,false,,11.90,1.4875,true,1,242395
7290000574141,false,לחם חיטה מלא 750ג' דגנית עין בר,דגנית עין בר תעשיות,IL,לחם חיטה מלאה 750גר,,750.00,100 גרם,false,,14.90,0.0199,true,1,195063
7290000574158,false,מארז 8 לחמניות לוסי,,,מארז 8 לחמניות לוסי,,8.00,,false,,11.90,1.4875,true,1,242396
7290000574172,false,לחם קל מחיטה מלאה 750 ג' דגנית עין בר,יוניליוור גרמניה Gm,IL,לחם קל חיטה מלאה 750,,750.00,,false,,16.90,0.0225,true,1,195065
7290000574189,false,מארז 6 לחמניות קלועו,,,מארז 6 לחמניות קלועו,,6.00,,false,,11.90,1.9833,true,1,242397
7290000574226,false,לחמניות אצבע דגנית מ,,,לחמניות אצבע דגנית מ,יחידה,0.00,יחידה,false,,11.90,0.0000,true,1,242527
7290000574301,false,לחמניות 10יח חיטה מל,,,לחמניות 10יח חיטה מל,יחידה,0.00,יחידה,false,,11.90,0.0000,true,1,242990
7290000574370,false,לחם שיפון אמיתי קל 750 ג' דגנית עין בר,יוניליוור גרמניה Gm,IL,לחם שיפון אמיתי קל 5,,500.00,,false,,16.90,0.0338,true,1,195072
7290000574455,false,לחם חיטה מלא פלוס כוסמין 750 ג' דגנית עין בר,דגנית עין בר,IL,לחם חיטה מלאה כוסמין,,750.00,,false,,16.90,0.0225,true,1,195076
7290000574509,false,6 לחמניות חצויות דגנ,דגנית עין בר,,*מבצע* לחמניות חצויו,,450.00,100 גרם,false,,8.90,0.0198,true,1,195078
7290000599434,false,סחבות לרצפה גרניט 3י,,,סחבות לרצפה גרניט 3י,יחידה,0.00,יחידה,false,,9.90,0.0000,true,1,197843
7290000599441,false,סחבות מגולגלות שייני,,,סחבות מגולגלות 5יח,,5.00,,false,,13.90,2.7800,true,1,197844
7290000599571,false,צמר פלדה 20 יח' בשקי,פלסטו פוליש (ברקן),IL,צמר פלדה 200גר,,200.00,100 גרם,false,,6.90,0.0345,true,1,197847
7290000599847,false,רב מגבת מויסקו,,,רב מגבת גליל,יחידה,0.00,יחידה,false,,10.90,0.0000,true,1,197854
7290000599946,false,6 ספוגי הפלא SHINY,,,ספוג הפלא 6יח,,6.00,,false,,7.90,1.3167,true,1,197857
7290000599977,false,שייני כריות יפניות 9 יח',,,כרית יפנית 9יח,יחידה,0.00,יחידה,false,,10.90,0.0000,true,1,197859
7290000611099,false,כבד עוף לצליה בלבד,,,כבד עוף לצליה בלבד,קילוגרמים,1.00,"ק""ג",true,,24.90,24.9000,true,1,211222
7290000611181,false,כנפיים עוף טרי,,,כנפיים עוף טרי,קילוגרמים,1.00,"ק""ג",true,,12.90,12.9000,true,1,211228
7290000611242,false,פילה עוף טרי,,,פילה עוף טרי,קילוגרמים,1.00,"ק""ג",true,,39.90,39.9000,true,1,211232
7290000611419,false,קורקבן עוף טרי,,,קורקבן עוף טרי,קילוגרמים,1.00,"ק""ג",true,,10.90,10.9000,true,1,211239
7290000611846,false,כרעיים עוף טרי ארוז ע.עוז,,,כרעיים עוף טרי ארוז,קילוגרמים,1.00,"ק""ג",true,,29.90,29.9000,true,1,234033
7290000612461,false,כנפיים הודו טרי,,,כנפיים הודו טרי,קילוגרמים,1.00,"ק""ג",true,,17.90,17.9000,true,1,211263
7290000631059,false,כבד עוף לצליה בלבד,,,כבד עוף לצליה בלבד,קילוגרמים,1.00,"ק""ג",true,,24.90,24.9000,true,1,230623
7290000643243,false,שווארמה הודו נקבה טר,,,שווארמה הודו נקבה טר,קילוגרמים,1.00,"ק""ג",true,,74.90,74.9000,true,1,230624
7290000644356,false,גרון הודו נ. טרי,,,גרון הודו נ. טרי,קילוגרמים,1.00,"ק""ג",true,,31.90,31.9000,true,1,211271
7290000644783,false,נתחי פילה סלמון בואק,X MAK,DK,מנות סלמון קפוא תנוב,קילוגרמים,1.00,"ק""ג",true,,94.90,94.9000,true,1,188177
7290000645278,false,זנב הודו מוכשר,,,זנב הודו מוכשר,קילוגרמים,1.00,"ק""ג",true,,6.90,6.9000,true,1,211272
7290000646299,false,פילה נסיכת הנילוס קפ,דגי תנובה,ZA,פילה נסיכת הנילוס קפ,קילוגרמים,1.00,"ק""ג",true,,59.90,59.9000,true,1,239986
7290000654546,false,פילה אמנון 7-9 100% דג,תנובה,IL,פילה אמנון קפוא 7-9,קילוגרמים,1.00,"ק""ג",true,,35.90,35.9000,true,1,239984
7290000659312,false,דגי תנובה פילה סלומון קפוא בוואקום,PEQUERA DEL,,פילה סלמון פרמיום קפ,קילוגרמים,1.00,"ק""ג",true,,84.90,84.9000,true,1,188182
7290000679631,false,"ד""ר פישר - קמיל בלו קלאסיק 500 מ""ל","ד""ר פישר Dr fischer",IL,קמיל בלו אל סבון קלא,,500.00,,false,,13.90,0.0278,true,1,204326
7290000688084,false,מים מינרליים פקק ספו,מופק ממקור בזלתי עדן,IL,"מי עדן ספורט 500מ""ל",,500.00,,false,,3.00,0.0060,true,1,181680
7290000688176,false,מים מינרליים בייבי מ,מופק ממקור בזלתי עדן,IL,"מי עדן 250מ""ל",,250.00,,false,,3.00,0.0120,true,1,181682
7290000688374,false,"מי עדן בייבי מארז 330X6 מ""ל","מי עדן בע""מ",,מי עדן בייבי שישיה 6,,1980.00,100 גרם,false,,15.90,0.0080,true,1,181684
7290000688381,false,מי עדן פקק ספורט 6*500 מל.,"מי עדן בע""מ",IL,מי עדן ספורט שישייה,,3000.00,100 גרם,false,,14.90,0.0050,true,1,181685
7290000688503,false,מים מינרליים מי עדן,"מי עדן בע""מ",IL,מי עדן ג'ים שישייה 6,,4500.00,100 גרם,false,,16.90,0.0038,true,1,181687
7290000692135,false,ספיד סטיק בסיסי ירוק א.פ פרש,קולגייט פלמוליב,BY,ספיד סטיק ירוק פרש ל,,51.00,,false,,21.90,0.4294,true,1,228906
7290000692203,false,אג'קס ניקוי כללי 2לימון-מרכז,הנסיך- מפעל לייצור ט,BY,אגקס לניקוי כללי ניח,,2000.00,,false,,24.90,0.0124,true,1,185488
7290000692227,false,נוזל כלים פלמוליב צילינדר קלאסי 1 ליטר,יבואן ומשווק: ש. שסט,GR,פלמוליב לכלים קלאסי,,1000.00,,false,,14.90,0.0149,true,1,185490
7290000739247,false,פסטרמה איטלקית זוגלו,,,פסטרמה איטלקית זוגלו,קילוגרמים,1.00,"ק""ג",true,,89.00,89.0000,true,1,212259
7290000805597,false,בונזו 7+ לכלבים 3קג,קריות זול,FR,בונזו 7+ לכלבים 3קג,קילוגרמים,3.00,"ק""ג",false,,54.90,18.3000,true,1,179459
7290000805795,false,חול לחתולים יורו קיט,דולפין ספא,IL,חול חתולים 10קג,קילוגרמים,10.00,"ק""ג",false,,37.90,3.7900,true,1,179461
7290000805924,false,מזון חתולים לה קט דג,קריות זול,FR,לה קט דגים 2.85קג,קילוגרמים,2.85,"ק""ג",false,,79.90,28.0351,true,1,179467
7290000932407,false,קוקוס,,,קוקוס,,1000.00,100 גרם,false,,6.90,0.0069,true,1,212551
7290000979427,false,עגבניות שרי כתום ליח',חקלאי,IL,שרי כתום ארוז בלב,,460.00,100 גרם,false,,9.90,0.0215,true,1,247917
7290000991029,false,ערמונים,,,ערמונים,קילוגרמים,1.00,"ק""ג",true,,18.90,18.9000,true,1,212553
7290000991512,false,אגס נאשי,,,אגס נאשי,קילוגרמים,1.00,"ק""ג",true,,15.90,15.9000,true,1,212555
7290000991527,false,פטרוזיליה בגומי,,,פטרוזיליה בגומי,יחידה,0.00,יחידה,false,,3.90,0.0000,true,1,205103
7290000991528,false,כוסברה בגומי,,,כוסברה בגומי,יחידה,0.00,יחידה,false,,3.90,0.0000,true,1,205104
7290000991529,false,שמיר בגומי,,,שמיר בגומי,יחידה,0.00,יחידה,false,,3.90,0.0000,true,1,205105
7290000991530,false,נענע בגומי,,,נענע בגומי,יחידה,0.00,יחידה,false,,3.90,0.0000,true,1,205106
7290000992264,false,חזרת,,,חזרת,קילוגרמים,1.00,"ק""ג",true,,36.90,36.9000,true,1,212558
7290000992381,false,אפרסמון,,,אפרסמון,קילוגרמים,1.00,"ק""ג",true,,14.90,14.9000,true,1,212559
7290000993461,false,עגבניות שרי צהוב ליח',חקלאי,IL,שרי צהוב ארוז בלב,,460.00,100 גרם,false,,9.90,0.0215,true,1,247918
7290000995410,false,נבטים סיניים נבטי הע,חקלאי,IL,נבטים סיניים נבטי הע,,1000.00,100 גרם,false,,7.90,0.0079,true,1,205127
7290000997719,false,אבטיח אישי,,,אבטיח אישי,קילוגרמים,1.00,"ק""ג",true,,6.90,6.9000,true,1,212563
7290000999104,false,דלעת ערמונים,,,דלעת ערמונים,קילוגרמים,1.00,"ק""ג",true,,12.90,12.9000,true,1,220871
7290000999350,false,תפוז ארוז ברשת,,,תפוז ארוז ברשת,קילוגרמים,1.00,"ק""ג",true,,3.90,3.9000,true,1,212568
7290000999358,false,אשכולית אדומה,,,אשכולית אדומה,קילוגרמים,1.00,"ק""ג",true,,5.90,5.9000,true,1,212570
7290000999361,false,"תפו""ע פינק גולד",,,"תפו""ע פינק גולד",קילוגרמים,1.00,"ק""ג",true,,15.90,15.9000,true,1,212571
7290000999390,false,חציל בלאדי,,,חציל בלאדי,קילוגרמים,1.00,"ק""ג",true,,6.90,6.9000,true,1,212573
7290000999419,false,אבוקדו ארוז ברשת,,,אבוקדו ארוז ברשת,קילוגרמים,1.00,"ק""ג",true,,7.90,7.9000,true,1,212575
7290000999626,false,ברוקולי ארוז,,,ברוקולי ארוז,,1000.00,100 גרם,false,,7.90,0.0079,true,1,212581
7290000999748,false,גינגר תפזורת,,,גינגר תפזורת,קילוגרמים,1.00,"ק""ג",true,,24.90,24.9000,true,1,212589
7290000999752,false,רימון,,,רימון,קילוגרמים,1.00,"ק""ג",true,,9.90,9.9000,true,1,212590
7290000999753,false,קוסבייה(ארטישוק ירוש,,,קוסבייה(ארטישוק ירוש,קילוגרמים,1.00,"ק""ג",true,,14.90,14.9000,true,1,212591
7290000999782,false,עגבניה מגי,,,עגבניה מגי,קילוגרמים,1.00,"ק""ג",true,,15.90,15.9000,true,1,212592
7290000999818,false,אננס,,,אננס,יחידה,0.00,יחידה,false,,29.90,0.0000,true,1,212595
7290000999819,false,קלמנטינה/מנדרינה.,,,קלמנטינה/מנדרינה,קילוגרמים,1.00,"ק""ג",true,,5.90,5.9000,true,1,212596
7290000999821,false,קיווי,,,קיווי,קילוגרמים,1.00,"ק""ג",true,,19.90,19.9000,true,1,212597
7290000999825,false,עגבניה שרי מנומר,,,עגבניה שרי מנומר,קילוגרמים,1.00,"ק""ג",true,,16.90,16.9000,true,1,212598
7290000999832,false,גויבה,,,גויבה,קילוגרמים,1.00,"ק""ג",true,,21.90,21.9000,true,1,212601
7290000999833,false,ברוקולי,,,ברוקולי,,1000.00,100 גרם,false,,7.90,0.0079,true,1,212602
7290000999834,false,דלורית,,,דלורית,קילוגרמים,1.00,"ק""ג",true,,4.90,4.9000,true,1,212603
7290000999875,false,שזיף שגיב.,,,שזיף שגיב,קילוגרמים,1.00,"ק""ג",true,,15.90,15.9000,true,1,212608
7290000999877,false,"תפו""א לאפיה קטן",,,"תפו""א לאפיה קטן",קילוגרמים,1.00,"ק""ג",true,,3.90,3.9000,true,1,212609
7290000999887,false,תפוזינה,,,תפוזינה,קילוגרמים,1.00,"ק""ג",true,,5.90,5.9000,true,1,172419
7290000999890,false,פלפל שושקה,,,פלפל שושקה,קילוגרמים,1.00,"ק""ג",true,,14.90,14.9000,true,1,212610
7290000999896,false,ענבים אדום,,,ענבים אדום,קילוגרמים,1.00,"ק""ג",true,,24.90,24.9000,true,1,212611
7290000999899,false,קישואים זוקיני,,,קישואים זוקיני,קילוגרמים,1.00,"ק""ג",true,,6.90,6.9000,true,1,212612
7290000999901,false,עגבניה אשכולות,,,עגבניה אשכולות,קילוגרמים,1.00,"ק""ג",true,,6.90,6.9000,true,1,212613
7290000999902,false,עגבניה שרי,,,עגבניה שרי,קילוגרמים,1.00,"ק""ג",true,,12.90,12.9000,true,1,212614
7290000999903,false,מלפפון,,,מלפפון,קילוגרמים,1.00,"ק""ג",true,,4.90,4.9000,true,1,212615
7290000999904,false,פלפל ירוק,,,פלפל ירוק,קילוגרמים,1.00,"ק""ג",true,,7.90,7.9000,true,1,212616
7290000999905,false,פלפל בהיר,,,פלפל בהיר,קילוגרמים,1.00,"ק""ג",true,,8.90,8.9000,true,1,212617
7290000999906,false,פלפל אדום,,,פלפל אדום,קילוגרמים,1.00,"ק""ג",true,,7.90,7.9000,true,1,212618
7290000999907,false,פלפל צהוב,,,פלפל צהוב,קילוגרמים,1.00,"ק""ג",true,,7.90,7.9000,true,1,212619
7290000999908,false,פלפל חריף,,,פלפל חריף,קילוגרמים,1.00,"ק""ג",true,,7.90,7.9000,true,1,212620
7290000999909,false,כרוב לבן,,,כרוב לבן,קילוגרמים,1.00,"ק""ג",true,,3.90,3.9000,true,1,212621
7290000999910,false,כרוב אדום,,,כרוב אדום,קילוגרמים,1.00,"ק""ג",true,,4.90,4.9000,true,1,212622
7290000999911,false,כרובית,,,כרובית,קילוגרמים,1.00,"ק""ג",true,,9.90,9.9000,true,1,212623
7290000999912,false,קישואים,,,קישואים,קילוגרמים,1.00,"ק""ג",true,,4.90,4.9000,true,1,212624
7290000999913,false,חציל,,,חציל,קילוגרמים,1.00,"ק""ג",true,,5.90,5.9000,true,1,212625
7290000999914,false,גזר ארוז,,,גזר ארוז,קילוגרמים,1.00,"ק""ג",true,,3.90,3.9000,true,1,212626
7290000999915,false,צנונית ארוזה,,,צנונית ארוזה,,1000.00,100 גרם,false,,5.90,0.0059,true,1,212627
7290000999916,false,סלק אדום,,,סלק,קילוגרמים,1.00,"ק""ג",true,,5.90,5.9000,true,1,212628
7290000999917,false,בטטה,,,בטטה,קילוגרמים,1.00,"ק""ג",true,,8.90,8.9000,true,1,212629
7290000999918,false,דלעת,,,דלעת,קילוגרמים,1.00,"ק""ג",true,,9.90,9.9000,true,1,212630
7290000999919,false,בצל יבש,,,בצל יבש,קילוגרמים,1.00,"ק""ג",true,,3.90,3.9000,true,1,212631
7290000999920,false,בצל אדום,,,בצל אדום,קילוגרמים,1.00,"ק""ג",true,,6.90,6.9000,true,1,212632
7290000999921,false,חסה ערבית,,,חסה ערבית,,1000.00,100 גרם,false,,4.90,0.0049,true,1,213345
7290000999922,false,חסה עגולה,,,חסה עגולה,,1000.00,100 גרם,false,,5.90,0.0059,true,1,213346
7290000999924,false,שום יבש,,,שום יבש,,1000.00,100 גרם,false,,7.90,0.0079,true,1,212633
7290000999925,false,"תפו""א לבן",,,"תפו""א לבן",קילוגרמים,1.00,"ק""ג",true,,3.90,3.9000,true,1,212634
7290000999926,false,"תפו""א אדום",,,"תפו""א אדום",קילוגרמים,1.00,"ק""ג",true,,5.90,5.9000,true,1,212635
7290000999933,false,סלרי עלים,,,סלרי עלים,יחידה,0.00,יחידה,false,,4.90,0.0000,true,1,233997
7290000999934,false,עגבניה שרי תמר,,,עגבניה שרי תמר,קילוגרמים,1.00,"ק""ג",true,,16.90,16.9000,true,1,212636
7290000999936,false,תירס,,,תירס,קילוגרמים,1.00,"ק""ג",true,,8.90,8.9000,true,1,212637
7290000999942,false,תפו'ע זהוב,,,תפו'ע זהוב,קילוגרמים,1.00,"ק""ג",true,,9.90,9.9000,true,1,212639
7290000999943,false,תפו'ע סמיט,,,תפו'ע סמיט,קילוגרמים,1.00,"ק""ג",true,,9.90,9.9000,true,1,212640
7290000999944,false,תפו'ע חרמון/גלה,,,תפו'ע חרמון/גלה,קילוגרמים,1.00,"ק""ג",true,,9.90,9.9000,true,1,212641
7290000999945,false,אגס,,,אגס,קילוגרמים,1.00,"ק""ג",true,,14.90,14.9000,true,1,212642
7290000999947,false,שזיף אדום,,,שזיף אדום,קילוגרמים,1.00,"ק""ג",true,,19.90,19.9000,true,1,212643
7290000999949,false,בננה,,,בננה,קילוגרמים,1.00,"ק""ג",true,,4.90,4.9000,true,1,212645
7290000999950,false,מלון,,,מלון,קילוגרמים,1.00,"ק""ג",true,,8.90,8.9000,true,1,212646
7290000999951,false,אבטיח,,,אבטיח,קילוגרמים,1.00,"ק""ג",true,,6.90,6.9000,true,1,212647
7290000999952,false,ענבים לבנים,,,ענבים לבנים,קילוגרמים,1.00,"ק""ג",true,,24.90,24.9000,true,1,212648
7290000999953,false,לימון,,,לימון,קילוגרמים,1.00,"ק""ג",true,,6.90,6.9000,true,1,212649
7290000999955,false,קולורבי,,,קולורבי,קילוגרמים,1.00,"ק""ג",true,,4.90,4.9000,true,1,212651
7290000999956,false,פלפל כתום,,,פלפל כתום,קילוגרמים,1.00,"ק""ג",true,,8.90,8.9000,true,1,212652
7290000999957,false,אבוקדו,,,אבוקדו,קילוגרמים,1.00,"ק""ג",true,,9.90,9.9000,true,1,212653
7290000999958,false,כרוב סיני,,,כרוב סיני,,1000.00,,false,,6.90,0.0069,true,1,212654
7290000999959,false,תפו'ע יונתן,,,תפו'ע יונתן,קילוגרמים,1.00,"ק""ג",true,,9.90,9.9000,true,1,212655
7290000999961,false,שומר,,,שומר,קילוגרמים,1.00,"ק""ג",true,,4.90,4.9000,true,1,212656
7290000999967,false,פומלה,,,פומלה,קילוגרמים,1.00,"ק""ג",true,,7.90,7.9000,true,1,212658
7290000999972,false,לפת,,,לפת,קילוגרמים,1.00,"ק""ג",true,,7.90,7.9000,true,1,212660
7290000999974,false,תות שדה,,,תות שדה,יחידה,0.00,יחידה,false,,19.90,0.0000,true,1,213347
7290000999976,false,תפו'ע ענה,,,תפו'ע ענה,קילוגרמים,1.00,"ק""ג",true,,9.90,9.9000,true,1,212661
7290000999987,false,אשכולית צהובה,,,אשכולית צהובה,קילוגרמים,1.00,"ק""ג",true,,5.90,5.9000,true,1,212664
7290000999988,false,תפוז,,,תפוז,קילוגרמים,1.00,"ק""ג",true,,5.90,5.9000,true,1,212665
7290000999989,false,ארטישוק,,,ארטישוק,קילוגרמים,1.00,"ק""ג",true,,19.90,19.9000,true,1,212666
7290000999990,false,פומלית,,,פומלית,קילוגרמים,1.00,"ק""ג",true,,4.90,4.9000,true,1,212667
7290000999999,false,צנון,,,צנון,קילוגרמים,1.00,"ק""ג",true,,6.90,6.9000,true,1,212672
7290001009123,false,לחם כוסמין 100% 600,,,לחם כוסמין 100% 600,,600.00,,false,,15.90,0.0265,true,1,222248
7290001009178,false,לחם שיפון לחמנו 900ג,,,לחם שיפון לחמנו 900ג,,900.00,,false,,15.90,0.0177,true,1,208163
7290001041147,false,חומוס גדול יבש מיה 1 ק'ג,מיה,IL,חומוס גדול 1קג,,1000.00,100 גרם,false,,12.90,0.0129,true,1,202764
7290001041161,false,"שעועית לבנה יבשה מיה 1 ק""ג",מיה,IL,שעועית לבנה 1קג,,1000.00,,false,,16.90,0.0169,true,1,202766
7290001041178,false,אפונה ירוקה מיה 1קג,מיה,IL,אפונה ירוקה מיה 1קג,,1000.00,,false,,8.90,0.0089,true,1,202767
7290001041185,false,"פופקורן גרעינים מיה 1 ק""ג",מיה,IL,פופקורן מיה 1קג,,1000.00,100 גרם,false,,10.90,0.0109,true,1,202768
7290001041192,false,"עדשים אדומים יבשים מיה 1 ק""ג",מיה,IL,עדשים אדומות 1 קג,,1000.00,100 גרם,false,,13.90,0.0139,true,1,202769
7290001041215,false,"חיטה מיה 1 ק""ג",מיה,IL,חיטה מיה 1קג,,1000.00,100 גרם,false,,8.90,0.0089,true,1,202771
7290001041222,false,"חומוס לבן ענק יבש מיה 1 ק""ג",מיה,IL,חומוס לבן ענק 1קג,,1000.00,100 גרם,false,,18.90,0.0189,true,1,202772
7290001041260,false,שומשום מיה 400 גרם,מיה תעשיות מזון בעמ,IL,שומשום 400 גרם,,400.00,,false,,11.90,0.0298,true,1,202773
7290001050019,false,קמח תפוחי אדמה פירמי,,,"קמח תפו""א פרימיום 50",,500.00,100 גרם,false,,6.50,0.0130,true,1,226937
7290001052044,false,קציצות בורגול וירקות,,,קציצות בורגול וירקות,,500.00,100 גרם,false,,24.90,0.0498,true,1,172349
7290001072011,false,"תרסיס דאודרנט נובו מאן 150 מ""ל BREEZE",,,דאודורנט נובו מאן 15,,150.00,,false,,9.90,0.0660,true,1,239404
7290001072042,false,"תרסיס דאודרנט נובו מאן 150 מ""ל ENERGY",,,דאודורנט נובו מאן 15,,150.00,100 גרם,false,,9.90,0.0660,true,1,239406
7290001072066,false,"דאודרנט נובו לנשים 150 מ""ל",,,דאודורנט נובו לנשים,,150.00,,false,,9.90,0.0660,true,1,240609
7290001072882,false,"שמפו לסירוק קל נובו 700 מ""ל",סאסאטק,IL,נובו שמפו לסירוק קל,,700.00,100 גרם,false,,14.90,0.0213,true,1,241221
7290001072905,false,תרסיס לסירוק קל נובו,,,נובו תרסיס לסירוק קל,,200.00,100 גרם,false,,14.90,0.0745,true,1,241223
7290001121023,false,פסטרמה של פעם יחיעם,מעדני יחיעם,IL,פסטרמה של פעם יחיעם,קילוגרמים,1.00,"ק""ג",true,,89.00,89.0000,true,1,172094
7290001121054,false,צמד חמד יחיעם 700 גר,תאי פרזידנט פוד פאבל,IL,צמד חמד יחיעם 700 גר,,700.00,100 גרם,false,,29.90,0.0427,true,1,172171
7290001121238,false,קורנדביף יחיעם 180גר,מעדני יחיעם 1993,IL,קורנדביף יחיעם 180גר,,180.00,100 גרם,false,,29.90,0.1661,true,1,172174
7290001121849,false,יחיעם פסטרמה הודו טב,מעדני יחיעם 1993,IL,פסטרמה הודו 100% חומ,,250.00,100 גרם,false,,27.90,0.1116,true,1,172186
7290001121979,false,סלמי הרץ יחיעם 150 ג,תאי פרזידנט פוד פאבל,IL,סלמי הרץ יחיעם 150 ג,,150.00,100 גרם,false,,29.90,0.1993,true,1,172193
7290001133484,false,פילה סלמון נורבגי קפ,לאטי עזרא,IL,פילה סלמון נורבגי קפ,קילוגרמים,1.00,"ק""ג",true,,79.90,79.9000,true,1,225701
7290001136287,false,"נקה 7 - שמפו רגיל ירוק 750 מ""ל","קוסמופארם בעמ, ח.פ 5",IL,נקה 7 שמפו לשיער רגי,,750.00,100 גרם,false,,12.90,0.0172,true,1,180154
7290001136294,false,"שמפו נקה 7 לשיער יבש אדום 750מ""ל",גוד פוד פרודקטס S.p,IL,נקה 7 שמפו לשיער יבש,,750.00,,false,,12.90,0.0172,true,1,180155
7290001136300,false,"שמפו נקה 7 לסירוק קל כחול 750מ""ל",אמיליה קוסמטיקס בעמ,IL,נקה 7 שמפו לסירוק קל,,750.00,100 גרם,false,,12.90,0.0172,true,1,180156
7290001136683,false,"מרכך לשיער רגיל ירוק 750 מ""ל נקה 7",אמיליה קוסמטיקס בעמ,IL,נקה 7 מרכך לשיער רגי,,750.00,,false,,12.90,0.0172,true,1,180162
7290001216040,false,טחינת אל ארז 500 גרם,דולפין ספא,IL,טחינה אל ארז 500גר,,500.00,,false,,17.90,0.0358,true,1,213632
7290001216231,false,טחינה גולמית שומשום מלא אל ארז 500ג',דולפין ספא,IL,טחינה שומשום מלא אל,,500.00,100 גרם,false,,18.90,0.0378,true,1,213633
7290001245699,false,אקונומיקה סמיכה בניחוח לימון 4 ל' טאצ',,,אקונומיקה סמיכה 4 לי,ליטרים,4.00,ליטר,false,,10.90,2.7250,true,1,234732
7290001245729,false,ג'ל כביסה ירוקה טאצ 3 ליטר סלקט,,,ג'ל כביסה ירוק 3ל טא,ליטרים,3.00,ליטר,false,,17.90,5.9667,true,1,234748
7290001245835,false,נוזל רצפות אורנים 4 ל' טאצ,,,נוזל רצפות אורנים 4ל,,4000.00,100 גרם,false,,12.90,0.0032,true,1,234749
7290001245842,false,נוזל רצפות מאסק 4 ל' טאצ,,,נוזל רצפות מאסק 4ל ט,,4000.00,100 גרם,false,,12.90,0.0032,true,1,234750
7290001245897,false,נוזל רצפות יסמין 4 ל' טאצ,,,נוזל רצפות יסמין 4ל,,4000.00,100 גרם,false,,12.90,0.0032,true,1,234751
7290001245958,false,מרכך כביסה ורוד טאצ' 4 ליטר,,,מרכך כביסה ורוד 4 לי,ליטרים,4.00,ליטר,false,,13.90,3.4750,true,1,234734
7290001245965,false,מרכך כביסה כחול טאצ' 4 ליטר,,,מרכך כביסה כחול 4 לי,ליטרים,4.00,ליטר,false,,13.90,3.4750,true,1,234733
7290001245972,false,מרכך כביסה לבן טאצ' 4 ליטר,,,מרכך כביסה לבן 4 ליט,ליטרים,4.00,ליטר,false,,13.90,3.4750,true,1,234735
7290001245989,false,מרכך כביסה סגול טאצ' 4 ליטר,,,מרכך כביסה סגול 4 לי,ליטרים,4.00,ליטר,false,,13.90,3.4750,true,1,234736
7290001245996,false,מרכך כביסה צהוב 4 ליטר טאצ',,,מרכך כביסה צהוב 4 ל,ליטרים,4.00,ליטר,false,,13.90,3.4750,true,1,234737
7290001246153,false,"טאצ' מבשם נטול גז לבנדר 350 מ""ל",,,מבשם נטול גז ורוד 35,,350.00,,false,,7.90,0.0226,true,1,234759
7290001246177,false,"מבשם נטול גז מאסק 350 מ""ל טאצ",,,מבשם נטול גז סגול 35,,350.00,,false,,7.90,0.0226,true,1,234761
7290001246184,false,"מבשם נטול גז טרופיקל 350 מ""ל טאצ",,,מבשם נטול גז צהוב 35,,350.00,100 גרם,false,,7.90,0.0226,true,1,234762
7290001246221,false,"טאצ' תרסיס מטהר אוויר לימון 300 מ""ל",,,תרסיס מטהר אוויר לימ,,300.00,,false,,4.90,0.0163,true,1,234766
7290001246238,false,"טאצ' תרסיס מטהר אוויר פריחה 300 מ""ל",,,תרסיס מטהר אוויר פרי,,300.00,,false,,4.90,0.0163,true,1,234767
7290001246269,false,"טאצ' תרסיס מטהר אוויר לבנדר 300 מ""ל",,,תרסיס מטהר אוויר 300,,300.00,100 גרם,false,,4.90,0.0163,true,1,203183
7290001246276,false,"טאצ' תרסיס מטהר אוויר אורנים 300 מ""ל",,,תרסיס מטהר אוויר אור,,300.00,100 גרם,false,,4.90,0.0163,true,1,234765
7290001246290,false,"תרסיס רסס נגב טאצ 750 מ""ל",סאסאטק,IL,"תרסיס רסס נגב 750 מ""",,750.00,100 גרם,false,,9.90,0.0132,true,1,234764
7290001246306,false,"נוזל כלים 24% תפוח 750 מ""ל טאצ",,,נוזל כלים תפוח 24% 7,,750.00,100 גרם,false,,6.90,0.0092,true,1,234771
7290001246313,false,נ.כלים 24% לימון 750 מל טאצ משאבה,,,נוזל כלים 24% לימון,,750.00,,false,,6.90,0.0092,true,1,234775
7290001246351,false,נוזל רצפות לבנדר 4 ל טאצ,,,נוזל רצפות לבנדר 4ל,,4000.00,100 גרם,false,,12.90,0.0032,true,1,234752
7290001246474,false,תרסיס ניקוי שטיחים 6,,,תרסיס ניקוי שטיחים 6,,600.00,,false,,14.90,0.0248,true,1,234768
7290001246535,false,טאצ תרסיס לניקוי נירוסטה 400 מל,,,"ת.נירוסטה 400 מ""ל טא",,400.00,,false,,14.90,0.0373,true,1,234769
7290001246542,false,ת.מבריק רהיטים 400 מל טאצ,,,ת.מבריק רהיטים 400 מ,,400.00,,false,,14.90,0.0373,true,1,234770
7290001246634,false,"נוזל אסלות ע""ב חומצה 1 ליטר טאצ",,,נוזל אסלות 1 ליטר טא,ליטרים,1.00,ליטר,false,,7.90,7.9000,true,1,234754
7290001246825,false,ג'ל כביסה ירוק 5 ליט,,,ג'ל כביסה ירוק 5 ליט,ליטרים,5.00,ליטר,false,,25.90,5.1800,true,1,234772
7290001247068,false,נקטר ספרינג תות בננה קרטונית 1 ל',"יפאורה תבורי בע""מ",IL,ספרינג תות בננה קרטו,,1000.00,100 גרם,false,,7.90,0.0079,true,1,181702
7290001247082,false,נקטר ספרינג עגבניות קרטונית 1 ל',"יפאורה תבורי בע""מ",IL,ספרינג עגבניות קרטונ,,1000.00,100 גרם,false,,7.90,0.0079,true,1,181704
7290001247099,false,נקטר ספרינג מנגו קרטונית 1 ל',"יפאורה תבורי בע""מ",IL,ספרינג מנגו קרטונית,,1000.00,100 גרם,false,,7.90,0.0079,true,1,181705
7290001247105,false,נקטר ספרינג אפרסק קרטונית 1 ל',"יפאורה תבורי בע""מ",IL,ספרינג נקטר אפרסק 1,,1000.00,,false,,7.90,0.0079,true,1,181706
7290001247112,false,נקטר ספרינג לימונענע קרטונית 1 ל',"יפאורה תבורי בע""מ",IL,ספרינג לימונענע קרטו,,1000.00,,false,,7.90,0.0079,true,1,181707
7290001247129,false,נקטר ספרינג תפוזים קרטונית 1 ל',"יפאורה תבורי בע""מ",IL,ספרינג תפוז קרטונית,,1000.00,,false,,7.90,0.0079,true,1,181708
7290001247143,false,נקטר ספרינג תפוחים קרטונית 1 ל',"יפאורה תבורי בע""מ",IL,ספרינג תפוח קרטונית,,1000.00,,false,,7.90,0.0079,true,1,181709
7290001274934,false,פופסיקל גלידה לימון 640 ג',הגלידות של פלדמן,IL,גלידל פרי מאגדת בטעם,,5.00,,false,,23.90,4.7800,true,1,235501
7290001274941,false,פופסיקל גלידה פטל 640 ג',הגלידות של פלדמן,IL,גלידל פרי מאגדת בטעם,,8.00,,false,,23.90,2.9875,true,1,235502
7290001343845,false,"גרנולה פירות 1 ק""ג - 845 - ורוד שקדיה",הנסיך- מפעל לייצור ט,IL,גרנולה מעורבת שקדיה,,1000.00,100 גרם,false,,19.90,0.0199,true,1,200774
7290001356258,false,מקרל מעושן קטן שקיל,,,מקרל מעושן קטן שקיל,קילוגרמים,1.00,"ק""ג",true,,89.00,89.0000,true,1,244816
7290001356418,false,פילה הרינג בשמן שקיל,,,פילה הרינג בשמן שקיל,קילוגרמים,1.00,"ק""ג",true,,59.00,59.0000,true,1,244809
7290001356425,false,פילה הרינג בסיגנון מ,,,פילה הרינג בסיגנון מ,קילוגרמים,1.00,"ק""ג",true,,59.00,59.0000,true,1,244810
7290001356630,false,פילה הרינג כבוש שקיל,,,פילה הרינג כבוש שקיל,קילוגרמים,1.00,"ק""ג",true,,59.00,59.0000,true,1,244811
7290001369289,false,צלעות אסאדו (אצבעות),,,צלעות אסאדו (אצבעות),קילוגרמים,1.00,"ק""ג",true,,49.90,49.9000,true,1,242686
7290001407547,false,טחינה גולמית משומשום מלא פי 6 בארכה 500ג',רושדי תעשיות מזון בע,IL,טחינה משומשום מלא פי,,500.00,100 גרם,false,,17.90,0.0358,true,1,176850
7290001407936,false,בארכה-טחינה גולמית מעודנת בקבוק לחיץ 310 ג',רושדי תעשיות מזון בע,IL,טחינה מעודנת לחיץ בא,,310.00,100 גרם,false,,14.90,0.0481,true,1,176853
7290001436790,false,נקנקיות מרגז מיני אקסטרה חריף ארוז בלדי 500 ג',יוליניבר,IL,נקניקיות מרגז מיני א,,500.00,100 גרם,false,,29.90,0.0598,true,1,199225
7290001455234,false,פילה אמנון 5-7 וואקו,,,פילה אמנון 5-7 וואקו,קילוגרמים,1.00,"ק""ג",true,,29.90,29.9000,true,1,198969
7290001455418,false,סטייק טונה בדץ קפוא,,,סטייק טונה בדץ קפוא,קילוגרמים,1.00,"ק""ג",true,,39.90,39.9000,true,1,229733
7290001455937,false,אנטריקוט עגל פריים,,,אנטריקוט עגל פריים,קילוגרמים,1.00,"ק""ג",true,,159.00,159.0000,true,1,244250
7290001482094,false,גבינה פרמז'נו משולשים ויליפוד 200ג',זנטי אס. אי לאלין,IT,פרמז'נו וילי פוד 200,,200.00,,false,,23.90,0.1195,true,1,178518
7290001485019,false,גבינת שמנת 5% טעם טבעי 200 ג' טרה,קריות זול,IL,גבינת שמנת טבעי 5% 2,,200.00,,false,,12.90,0.0645,true,1,184497
7290001491010,false,תה ירוק יסמין 25 שקיקים 1.5 גרם,קריות זול,IL,תה ירוק יסמין 25יח,,37.50,,false,,26.90,0.7173,true,1,190694
7290001567043,false,פסטרמה מעודנת על גחל,,,פסטרמה מעודנת על גחל,קילוגרמים,1.00,"ק""ג",true,,55.00,55.0000,true,1,172100
7290001567555,false,פסטרמה מעודנת עם דבש 300 ג' יחיעם,,,פסטרמה מעודנת עם דבש,,300.00,100 גרם,false,,26.90,0.0897,true,1,172195
7290001567708,false,נקנקיות וינר 400 ג' יחיעם,יחיעם,IL,נקניקיות עוף ללא חומ,,400.00,100 גרם,false,,13.90,0.0348,true,1,172196
7290001567760,false,פסטרמה של פעם 300 ג' יחיעם,פ.פ.ח. שאביט,IL,פסטרמה של פעם ללא חו,,300.00,100 גרם,false,,29.90,0.0997,true,1,172202
7290001567814,false,סלמי מעושן בסגנון איטלקי 300 ג' יחיעם,פ.פ.ח. שאביט,IL,סלמי מעושן בסגנון אי,,300.00,100 גרם,false,,26.90,0.0897,true,1,172207
7290001594575,false,"בירה טובורג פחית 500 מ""ל",מבשלות בירה בינלאומי,IL,בירה טובורג פחית 500,,500.00,,false,,10.50,0.0210,true,1,210153
7290001594858,false,"בירה טובורג בקבוק 330X6מ""ל",קרלסברג ישראל,IL,בירה טובורג בקבוק שי,,1980.00,,false,,44.90,0.0227,true,1,210161
7290001594865,false,"קרלסברג בירה בקבוק 6* 330 מ""ל",קרלסברג ישראל,IL,בירה קרלסברג שישייה,,1980.00,100 גרם,false,,43.90,0.0222,true,1,210162
7290001648919,false,קפה כתר 3*70גר,,,קפה כתר 3*70גר,,210.00,,false,,10.90,0.0519,true,1,198883
7290001648995,false,קפה רגואן 3*100גרם.,,,*מבצע* קפה טורקי רג',,300.00,100 גרם,false,,12.90,0.0430,true,1,218526
7290001670224,false,מלית פרג 400 גרם פוליבה,"פוליבה בע""מ",IL,מלית פרג 400 גר,,400.00,100 גרם,false,,13.90,0.0348,true,1,191445
7290001670514,false,מלית אוכמניות - 400 גרם פוליבה,"פוליבה בע""מ",IL,מלית אוכמניות 400 גר,,400.00,100 גרם,false,,13.90,0.0348,true,1,191457
7290001670668,false,שקיות הקפאה לקרח הנמ,"איטיליאן פוד, אס.פי.",TR,קרחונית 12יח,,12.00,,false,,3.90,0.3250,true,1,191461
7290001670842,false,מלית חלווה פוליבה 400 ג',"פוליבה בע""מ",IL,מלית חלבה 400 גר,,400.00,,false,,12.90,0.0323,true,1,191465
7290001713167,false,סנט מוריץ - מרסס קצף ניקוי 1 ליטר סניטרי אפור,קומפלקס כימיקלים,IL,קצף לניקוי כלים סניט,ליטרים,1.00,ליטר,false,,11.90,11.9000,true,1,227172
7290001714034,false,שריר עגל,,,שריר עגל,קילוגרמים,1.00,"ק""ג",true,,69.90,69.9000,true,1,202095
7290001714058,false,אנטריקוט עגל פריים,,,אנטריקוט עגל פריים,קילוגרמים,1.00,"ק""ג",true,,159.00,159.0000,true,1,198623
7290001714072,false,צלעות עגל,,,צלעות עגל,קילוגרמים,1.00,"ק""ג",true,,69.90,69.9000,true,1,198624
7290001714089,false,צוואר עגל,,,צוואר עגל,קילוגרמים,1.00,"ק""ג",true,,69.90,69.9000,true,1,198625
7290001714096,false,חזה עגל,,,חזה עגל,קילוגרמים,1.00,"ק""ג",true,,79.90,79.9000,true,1,198626
7290001714133,false,גולש עגל,,,גולש עגל,קילוגרמים,1.00,"ק""ג",true,,69.00,69.0000,true,1,243027
7290001791349,false,אקונומיקה פסגה ריחנית 4ליטר,"סנו מפעלי ברונוס בע""",IL,אקונומיקה פיסגה ריחנ,ליטרים,4.00,ליטר,false,,12.90,3.2250,true,1,180182
7290001817377,false,צ'יטוס חטיף איקס עיגול פיצה 60 גרם,"שטראוס פריטו ליי בע""",IL,ציטוס איקס עיגול אפו,,60.00,100 גרם,false,,4.10,0.0683,true,1,184055
7290001817728,false,צ'יטוס חטיף כאפה קטשופ 55 גרם,"שטראוס פריטו ליי בע""",IL,ציטוס כאפה אפוי 55גר,,55.00,100 גרם,false,,4.10,0.0745,true,1,184058
7290001865439,false,פמלי לקשרי 1ליטר וניל טהור +משאבה,אף.סי תבליני בגליל ב,IL,פמלי סבון נוזלי וניל,,1000.00,,false,,14.90,0.0149,true,1,207433
7290001865453,false,פמלי לקשרי 1ליטר לבנדר ארומטי+משאבה,מיוצר עי קונדיטוריית,TR,פמלי סבון נוזלי לבנד,,1000.00,100 גרם,false,,14.90,0.0149,true,1,207434
7290001867655,false,תפוא לבן פרמיום לאפי,אראל תוצרת חקלאית בע,IL,"תפו""א גורמה חוות גלי",קילוגרמים,1.00,"ק""ג",true,,5.90,5.9000,true,1,243985
7290001873052,false,צלי כתף עגל,,,צלי כתף עגל,קילוגרמים,1.00,"ק""ג",true,,89.90,89.9000,true,1,243071
7290001973233,false,"ד""ר פישר - קמיל בלו מילוי מגבונים בדיספנסר 120 יח'","ד""ר פישר Dr fischer",IL,קמיל בלו סנסטיב מגבו,יחידה,0.00,יחידה,false,,11.90,0.0000,true,1,205775
7290001989272,false,איקרא אדום\לבן במשקל,,,איקרא אדום\לבן במשקל,קילוגרמים,1.00,"ק""ג",true,,59.00,59.0000,true,1,198255
7290001990117,false,שומשום סוגת 100 גרם,האי נאם סי או אל.טי.,IL,שומשום סוגת 100גר,,100.00,,false,,4.90,0.0490,true,1,192353
7290001990148,false,"סוכר גולדן קלאסי צנצנת 1ק""ג סוגת",האי נאם סי או אל.טי.,IL,סוכר גולדן קלאסי בצנ,,1000.00,100 גרם,false,,13.90,0.0139,true,1,192354
7290001990261,false,"סוגת חומוס 1 ק""ג",Unknown,,חומוס סוגת 1קג,,1000.00,,false,,15.90,0.0159,true,1,192355
7290001990278,false,"שעועית לבנה סוגת 1 ק""ג",סוגת,,שעועית לבנה סוגת 1קג,,1000.00,100 גרם,false,,19.90,0.0199,true,1,192356
7290001990391,false,"אפונה 1 ק""ג סוגת",,,אפונה סוגת 1קג,,1000.00,,false,,11.90,0.0119,true,1,192360
7290001990407,false,"עדשים ירוקים 1 ק""ג סוגת",סוגת,,עדשים ירוקים סוגת 1,,1000.00,100 גרם,false,,15.90,0.0159,true,1,192361
7290001990414,false,"עדשים אדומים 1 ק""ג סוגת",,,עדשים אדומים סוגת 1,,1000.00,100 גרם,false,,15.90,0.0159,true,1,192362
7290001990421,false,"פופקורן גרעינים סוגת 1 ק""ג",,,פופקורן סוגת 1 קג,,1000.00,,false,,10.90,0.0109,true,1,192363
7290002007357,false,שקיות צליה דליקטס מיקרוגל הנמל 10 יח',הנמל,IL,שקיות לצליה דליקטס ק,,10.00,,false,,4.90,0.4900,true,1,191490
7290002007500,false,קיסמי שיניים במבוק בחבית 500 יח',הנמל אריזות ושיווק ב,IL,קיסמי שיניים במבוק 5,,500.00,,false,,4.90,0.0098,true,1,191497
7290002007821,false,"צבע מאכל אדום 55 מ""ל",ממתקי עלה ייצור שיוו,IL,צבע מאכל אדום 55מל,,55.00,,false,,3.90,0.0709,true,1,191503
7290002008019,false,סוכריות לקישוט גמבו שוקו 200 ג' הנמל,ממתקי עלה יצור ושיוו,IL,סוכריות מזרה ג'מבו ש,,200.00,,false,,9.50,0.0475,true,1,229280
7290002008071,false,עטרות חום 2 מספר הנמל,הנמל אריזות ושיווק ב,IL,עטרות חום מס 2,יחידה,0.00,יחידה,false,,5.90,0.0000,true,1,191519
7290002008170,false,עטרות חום 3 מספר הנמל,הנמל,IL,עטרות חום 3,יחידה,0.00,יחידה,false,,5.90,0.0000,true,1,191525
7290002008224,false,סוכריות לקישוט צבעונית הנמל 100 ג',ממתקי עלה בעמ,IL,קישוט לעוגה גליד 100,,100.00,100 גרם,false,,6.50,0.0650,true,1,191528
7290002008491,false,סוכריות לקישוט שוקולד 100 ג' הנמל,ממתקי עלה יצור שיווק,IL,סוכריות מזרה שוקולד,,100.00,,false,,6.50,0.0650,true,1,191544
7290002008828,false,סוכריות שוקולד לבן ג'מבו לקישוט הנמל 200ג' בדצ,ממתקי עלה ייצור שיוו,IL,סוכריות לעוגה גמבו ש,,200.00,100 גרם,false,,9.50,0.0475,true,1,229284
7290002008927,false,סוכריות לקישוט שוקו לבן 100 ג' הנמל,ממתקי עלה יצור שיווק,IL,סוכריות מזרה שוקו לב,,100.00,,false,,6.50,0.0650,true,1,191560
7290002013006,false,פסטרמה מקסיקנית זוגל,זוגלובק,IL,פסטרמה מקסיקנית זוגל,קילוגרמים,1.00,"ק""ג",true,,89.00,89.0000,true,1,212260
7290002013037,false,פסטרמה פרגית זוגלובק,זוגלובק,IL,פסטרמה פרגית זוגלובק,קילוגרמים,1.00,"ק""ג",true,,89.00,89.0000,true,1,212261
7290002014201,false,חומוס 200 גרם מעדני מיקי,,,חומוס מיקי 200 גרם,,200.00,100 גרם,false,,9.90,0.0495,true,1,229045
7290002019763,false,עגבניות מרוסקות A2.5 נטו 800ג',פריניר,,עגבניות מרוסקות פרינ,,800.00,100 גרם,false,,7.90,0.0099,true,1,194869
7290002019787,false,רסק עגבניות טבע טרי 260 ג' פריניר,פריניר ( הדס 1987) ב,IL,רסק עגבניות22% פריני,,260.00,,false,,4.70,0.0181,true,1,194870
7290002019794,false,רסק עגבניות טבע טרי פריניר 100ג',פריניר ( הדס 1987) ב,IL,רוטב עגבניות מרוכז מ,,100.00,100 גרם,false,,2.50,0.0250,true,1,194871
7290002022923,false,סוכריות על מקל בטעם,כרמית תעשיות ממתקים,TR,לקקן תות פופ 50יח,,500.00,,false,,14.90,0.0298,true,1,213384
7290002026341,false,בטטה צ'יפס רגיל אריסטו קראנץ 500 ג',האי נאם סי או אל.טי.,CA,צ'יפס אריסטו רגיל 50,,500.00,,false,,18.90,0.0378,true,1,225555
7290002026358,false,צ'יפס בטטה זיגזג אריסטו 500ג',האי נאם סי או אל.טי.,CA,צ'יפס בטטה זיג זג 50,,500.00,,false,,18.90,0.0378,true,1,225556
7290002026365,false,טבעות בצל אריסטו קראנץ 500 ג',היידי שוקולד בירונטי,IL,טבעות בצל 500גר,,500.00,,false,,11.90,0.0238,true,1,174011
7290002026402,false,בראנץ אנד קראנץ בלינצס גבינה 350 גרם,מוצרי איכות אמריקאיי,IL,בלינצס גבינה 350גר,,350.00,,false,,14.90,0.0426,true,1,174012
7290002026587,false,וופל בלגי פרווה בראנץ אנד קראנץ 8 יח',בראנץ' אנד קראנץ Brunch& Crunch,BE,וופל בלגי קפוא 8יח ב,,280.00,100 גרם,false,,14.90,0.0532,true,1,240417
7290002037057,false,לחם לבן פרוס 500 גרם,מאפיית ודש,,לחם לבן פרוס 500גר,,500.00,,false,,6.10,0.0122,true,1,199916
7290002037125,false,חלה פרוסה וודש 500גר,מאפית י את א ברמן בע,IL,חלה פרוסה וודש 500גר,,500.00,,false,,9.90,0.0198,true,1,199918
7290002037309,false,לחמניות המבורגר 8יח 400גר,מאפית י את א ברמן בע,IL,לחמניות המבורגר 8יח,,400.00,,false,,14.90,0.0373,true,1,199923
7290002037637,false,חליות מתוקות מארז 4יח',מאפית י את א ברמן בע,IL,חליות מתוקות 4יח,,400.00,,false,,12.90,0.0323,true,1,199931
7290002053118,false,אוריינט אטריות ביצים מס 14 200 ג',האי נאם סי או אל.טי.,PL,אטריות ביצים מס 14 2,,200.00,100 גרם,false,,10.90,0.0545,true,1,229372
7290002057017,false,זיתים נובו ענק A2 יבנה 330ג',קריות זול,IL,זית נובו יבנה 330גר,,330.00,,false,,10.90,0.0330,true,1,211394
7290002057031,false,זיתים מבוקע פיקנטי A2 יבנה 560 ג',קריות זול,IL,זית מבוקע יבנה 540גר,,540.00,100 גרם,false,,9.90,0.0183,true,1,211395
7290002057062,false,זיתים ירוק מנזנילנו בינוני יבנה 540ג',,,זית מנזלינו בינוני י,,540.00,100 גרם,false,,7.90,0.0146,true,1,211398
7290002057093,false,זיתים מנזנילו ירוק A2 יבנה 540ג',קדבורי,IL,זית מנזלינו ירוק יבנ,,540.00,,false,,8.90,0.0165,true,1,211401
7290002057109,false,זיתים מנזנילו ירוק גדול ושום A2 יבנה 540ג',,,זית מנזולינו גדול מא,,540.00,100 גרם,false,,10.90,0.0202,true,1,211402
7290002057123,false,זיתים חרוזית ירוק A2 יבנה 540ג',קריות זול,IL,חרוזית ירוק 540 גר,,540.00,100 גרם,false,,10.90,0.0202,true,1,211404
7290002057161,false,זיתים מרינט גדול מאד A2 יבנה 540ג',קריות זול,,זית מירנט חתוך ביין,,340.00,,false,,10.90,0.0321,true,1,211408
7290002057178,false,זית מנזנילו טבעי גדול 560 ג' יבנה,קריות זול,,זית מנזולינו טבעי גד,,540.00,,false,,10.90,0.0202,true,1,211409
7290002057185,false,טבעות זיתים ירוקים 560 ג' יבנה,קריות זול,IL,טבעות זיתים ירוק 540,,540.00,100 גרם,false,,10.90,0.0202,true,1,211410
7290002057352,false,מלפפון במלח 7-9 560 ג' יבנה,אף.סי תבליני בגליל ב,IL,מלפפון 7-9 במלח 540ג,,540.00,100 גרם,false,,7.40,0.0137,true,1,211423
7290002057369,false,מלפפון במלח ‏12‏-‏10‏ 560 ג' יבנה,קבוצת יבנה,IL,מלפפון 10-12 במלח 54,,540.00,,false,,7.90,0.0146,true,1,211424
7290002057376,false,מלפפון במלח ‏17‏-‏13‏ 560 ג' יבנה,קבוצת יבנה,IL,מלפפון 13-17 במלח 54,,540.00,100 גרם,false,,10.70,0.0198,true,1,211425
7290002057383,false,מלפפון במלח ‏25‏-‏18‏ 560 ג' יבנה,קריות זול,IL,מלפפון 18-25 במלח 54,,540.00,100 גרם,false,,12.90,0.0239,true,1,211426
7290002057451,false,מלפפון בחומץ ‏9‏-‏7‏ %‏20‏ 560 ג' יבנה,אף.סי תבליני בגליל ב,IL,מלפפון 7-9 בחומץ 540,,540.00,100 גרם,false,,7.40,0.0137,true,1,211430
7290002057468,false,מלפפון חומץ ‏12‏-‏10‏ 560 ג' יבנה,קבוצת יבנה,IL,מלפפון 10-12 בחומץ 5,,540.00,100 גרם,false,,7.90,0.0146,true,1,211431
7290002057475,false,מלפפונים בחומץ 13-17 קטן A2 יבנה 540ג',קבוצת יבנה,IL,מלפפון 13-17 בחומץ 5,,540.00,100 גרם,false,,10.70,0.0198,true,1,211432
7290002057482,false,מלפפון חומץ ‏25‏-‏18‏ 560 ג' יבנה,קריות זול,IL,מלפפון 18-25 חומץ 54,,540.00,100 גרם,false,,12.90,0.0239,true,1,211433
7290002057604,false,שיפקה פלפל חריף A2 יבנה 600ג',קבוצת יבנה,IL,פלפל חריף שיפקה יבנה,,540.00,,false,,6.50,0.0120,true,1,211437
7290002057628,false,זיתים טבעות מושחר A2 יבנה 540ג',קריות זול,IL,זית טבעות מושחר 540ג,,540.00,100 גרם,false,,10.90,0.0202,true,1,211439
7290002057703,false,חצילים ‏2‏-‏A‏ יבנה 560 גר',קבוצת יבנה,IL,חציל במלח יבנה 540גר,,540.00,100 גרם,false,,6.90,0.0128,true,1,211443
7290002057734,false,זיתים חרוזית שחור A2 יבנה 540ג',קריות זול,IL,חרוזית מושחר יבנה 27,,275.00,,false,,10.90,0.0396,true,1,211445
7290002079552,false,לחם אחיד דוידוביץ 75,,,לחם אחיד שחור,,750.00,100 גרם,false,,6.96,0.0093,true,1,195024
7290002079590,false,חלה רגילה 500 גרם,מאפיית דוידוביץ,,חלה רגילה 500גר,,500.00,100 גרם,false,,6.26,0.0125,true,1,195026
7290002079606,false,חלה רגילה 500גר,,,חלה רגילה 500גר,,500.00,100 גרם,false,,6.26,0.0125,true,1,229469
7290002107071,false,צוריאל פטה עיזים מעודנת גביע 16% 200ג,מחלבת משק צוריאל,IL,פטה עיזים מעודנת 16%,,200.00,100 גרם,false,,28.90,0.1445,true,1,184529
7290002107385,false,גבינת מה עיזים בגליל צוריאל 180 ג',מחלבת משק צוריאל,IL,גליל גבינת עיזים צור,,180.00,100 גרם,false,,25.50,0.1417,true,1,184537
7290002107491,false,גבינת עזים למריחה טבעי 5% צוריאל 250 ג',מחלבת משק צוריאל,IL,גבינת עזים למריחה טב,,250.00,,false,,17.50,0.0700,true,1,184544
7290002107798,false,גבינה בולגרית מעודנת 5% צוריאל 250ג',מחלבת משק צוריאל,IL,בולגרית מעודנת 5% בג,,250.00,100 גרם,false,,24.90,0.0996,true,1,184553
7290002107965,false,טבורוג גבינה לאפייה 5% צוריאל 500 ג',מחלבת משק צוריאל,IL,גבינה טבורוג לאפייה,,500.00,100 גרם,false,,28.90,0.0578,true,1,184560
7290002128083,false,נרות חנוכה רגיל 44יח-מנורה,,,נרות חנוכה רגיל 44 י,יחידה,0.00,יחידה,false,,3.90,0.0000,true,1,173373
7290002128205,false,נרות לא נוטפים 45יח-מנורה,,,נרות חנוכה דה-לוקס ב,יחידה,0.00,יחידה,false,,6.90,0.0000,true,1,173375
7290002128311,false,נר נשמה בכוס ל-7 ימי,קריות זול,IL,נר נשמה בכוס ל-7 ימי,,72.00,,false,,10.90,0.1514,true,1,173378
7290002128380,false,חנוכיית פס+כוסיות+צי,,,חנוכיית פס+כוסיות+צי,יחידה,0.00,יחידה,false,,14.90,0.0000,true,1,242599
7290002128403,false,נרות שבת אורה מספר 4,קריות זול,IL,נרות שבת מס 4,יחידה,0.00,יחידה,false,,3.50,0.0000,true,1,173379
7290002128410,false,נרות שולחן 6 יח,קריות זול,,נרות שולחן 6 יח,,6.00,,false,,3.50,0.5833,true,1,173380
7290002128434,false,נרות שבת אורה מספר 1,קריות זול,IL,נרות שולחן 10 יח,,10.00,,false,,3.50,0.3500,true,1,173382
7290002128946,false,נר נשמה בכוס 48 שעות - מנורה,קריות זול,IL,נר נשמה כוס 48 שעות,,72.00,,false,,4.90,0.0681,true,1,173393
7290002130567,false,דבש טהור מפרחי בר בזכוכית 350 גרם,מכוורת יד מרדכי שטרא,IL,דבש טהור מפרחי בר יד,,350.00,100 גרם,false,,21.90,0.0626,true,1,208557
7290002130574,false,דבש טהור מפרחי בר בזכוכית 500 ג' יד מרדכי,מכוורת יד מרדכי שטרא,IL,דבש טהור מפרחי בר בז,,500.00,100 גרם,false,,31.90,0.0638,true,1,208558
7290002130581,false,דבש טהור מפרחי בר בצ,קריות זול,IL,דבש טהור מפרחי בר בז,,1000.00,100 גרם,false,,47.90,0.0479,true,1,208559
7290002133070,false,קאשקבל טורקי שומרון,מחלבת השומרון בעמ,,קאשקבל טורקי שומרון,קילוגרמים,1.00,"ק""ג",true,,119.00,119.0000,true,1,174150
7290002133117,false,בולגרית מעודנת מחלבת,מחלבת השומרון בעמ,,בולגרית 5% מעודנת שו,קילוגרמים,1.00,"ק""ג",true,,39.00,39.0000,true,1,174152
7290002133124,false,ריקוטה 5% שומרון,,,ריקוטה 5% שומרון,קילוגרמים,1.00,"ק""ג",true,,49.00,49.0000,true,1,174153
7290002133148,false,צפתית רכה 5% שומרון,מחלבת השומרון בעמ,,צפתית רכה 5% שומרון,קילוגרמים,1.00,"ק""ג",true,,39.00,39.0000,true,1,174154
7290002133162,false,בולגרית גביע 5% 250ג,מחלבת שומרון,IL,בולגרית גביע 5% 250ג,,250.00,100 גרם,false,,18.90,0.0756,true,1,174164
7290002133193,false,בולגרית שומרון,מחלבת השומרון בעמ,,בולגרית שומרון,קילוגרמים,1.00,"ק""ג",true,,39.00,39.0000,true,1,174155
7290002133209,false,לאבנה 5% שומרון,,,לאבנה 5% שומרון,קילוגרמים,1.00,"ק""ג",true,,39.00,39.0000,true,1,174156
7290002133216,false,גבינת שמנת 25% שומרו,,,גבינת שמנת 25% שומרו,קילוגרמים,1.00,"ק""ג",true,,39.00,39.0000,true,1,174157
7290002133506,false,יוגורט של פעם חלב עי,מחלבת השומרון,IL,יוגורט של פעם חלב עי,,400.00,100 גרם,false,,10.90,0.0273,true,1,174166
7290002133551,false,לאבנה עם שמן זית וזע,מחלבת השומרון,IL,לאבנה עם זעתר ושמן ז,,500.00,100 גרם,false,,17.50,0.0350,true,1,174170
7290002133889,false,גבינה בולגרית מעודנת,מחלבת השומרון,IL,בולגרית מעודנת בקר 5,,250.00,100 גרם,false,,18.90,0.0756,true,1,174178
7290002150077,false,פלאפל חמים וטעים 400,,,פלאפל חמים וטעים 400,,400.00,100 גרם,false,,16.90,0.0422,true,1,172352
7290002150718,false,"קרפלך במילוי תפו""א ח",,,"קרפלך במילוי תפו""א ח",,400.00,100 גרם,false,,16.90,0.0422,true,1,172377
7290002150794,false,סיגר בשר חמים וטעים,,,סיגר בשר חמים וטעים,,400.00,100 גרם,false,,16.90,0.0422,true,1,172379
7290002150862,false,קובה בשר מטוגן חמים,,,קובה בשר מטוגן חמים,,400.00,100 גרם,false,,16.90,0.0422,true,1,172383
7290002153801,false,אובלטים שומשום 300 גר,,,אובלטים שומשום 300 ג,,300.00,100 גרם,false,,10.90,0.0363,true,1,225574
7290002153825,false,אובלטים מלוחים 300 גר,,,אובלטים מלוחים 300 ג,,300.00,,false,,10.90,0.0363,true,1,225575
7290002153887,false,אובלטים מלוחים 300 גר,,,אובלטים קימל 300גר,,300.00,,false,,10.90,0.0363,true,1,225576
7290002195054,false,המבורגר בלדי 400 גרם ארוז,יוליניבר,IL,המבורגר בלדי 400גר,,400.00,,false,,14.90,0.0373,true,1,199235
7290002195078,false,קבב כבש בלדי קפוא 400 ג',,,בלדי קבב כבש 400גר,,400.00,,false,,14.90,0.0373,true,1,199237
7290002195085,false,קבב מזרחי בלדי 400 ג'- 8 יח',יוליניבר,IL,קבב מזרחי 400גר,,400.00,,false,,14.90,0.0373,true,1,199238
7290002195092,false,קבב רומני 400 גרם ארוז,,,קבב רומני 400גר,,400.00,,false,,14.90,0.0373,true,1,199239
7290002211044,false,"סולת - חום רוט 1 ק""ג",,,"סולת 1ק""ג",,1000.00,,false,,6.50,0.0065,true,1,216975
7290002211112,false,קמח רוט כחול לבן 1קג,,,קמח רוט כחול לבן 1קג,,1000.00,,false,,6.50,0.0065,true,1,216978
7290002239185,false,אפונת גינה קפואה פרי גליל 800 גרם,"פרי הגליל בע""""מ",IL,אפונה מוקפאת 800גר,,800.00,100 גרם,false,,13.90,0.0174,true,1,201232
7290002239307,false,שעועית צהובה 800 ג ' פרי הגליל,"פרי הגליל בע""""מ",IL,שעועית צהובה 800גר,,800.00,100 גרם,false,,13.90,0.0174,true,1,201235
7290002239338,false,שעועית ירוקה 800 ג' פרי הגליל,"פרי הגליל בע""""מ",IL,שעועית ירוקה 800גר,,800.00,100 גרם,false,,13.90,0.0174,true,1,201236
7290002239369,false,שעועית שלמה 800 ג ' פרי הגליל,"פרי הגליל בע""""מ",IL,שעועית שלמה 800גר,,800.00,100 גרם,false,,13.90,0.0174,true,1,201238
7290002239420,false,תירס גרעינים 800 ג ' פרי הגליל,"פרי הגליל בע""""מ",IL,גרעיני תירס 800גר,,800.00,100 גרם,false,,13.90,0.0174,true,1,201239
7290002253006,false,דורות שום כתוש טרי 200 גרם,עיצובים 2020 (3.8),IL,שום כתוש דורות 200גר,,200.00,,false,,17.90,0.0895,true,1,176854
7290002253105,false,מגשית קוביות שום טרי דורות 80 ג',עיצובים 2020 (3.8),IL,קוביות שום דורות 80ג,,80.00,,false,,12.90,0.1613,true,1,176859
7290002253150,false,בזיליקום טרי קצוץ דורות 70 ג',עיצובים 2020 (3.8),IL,קוביות בזיליקום קצוץ,,70.00,100 גרם,false,,12.90,0.1843,true,1,176860
7290002253167,false,פטרוזליה קצוצה דורות 70 גר',עיצובים 2020 (3.8),IL,פטרוזליה קצוצה דורות,,70.00,100 גרם,false,,12.90,0.1843,true,1,176861
7290002253198,false,ג'ינג'ר טרי כתוש במגשית 70 ג' דורות,עיצובים 2020 (3.8),IL,גינגר כתוש במגשית דו,,70.00,,false,,12.90,0.1843,true,1,176864
7290002255055,false,פלאפל חטיפי אלקיים 7,חטיפי אלקיים בעמ,IL,"פלאפל בד""צ 700גר",,700.00,,false,,15.90,0.0227,true,1,173867
7290002259640,false,"רדיד אלומניום דיימונד 084- 7.50 מ""ר *0.3",ריינולדס מוצרי צריכה,CN,דאיימונד 30*7.60,,7.62,,false,,12.90,1.6929,true,1,199576
7290002259664,false,רדיד אלומיניום דיימונד גדול 60X0.60מ',ריינולדס מוצרי צריכה,US,רדיד אלומניום 30*61,,60.00,,false,,54.90,0.9150,true,1,199578
7290002265115,false,קילקה במלח שקיל,,,קילקה במלח שקיל,קילוגרמים,1.00,"ק""ג",true,,49.00,49.0000,true,1,249615
7290002265337,false,מויבה בעישון קר שקיל,,,מויבה בעישון קר שקיל,קילוגרמים,1.00,"ק""ג",true,,89.00,89.0000,true,1,249614
7290002265702,false,מקרל נורבגי פיש האוס,,,מקרל נורבגי פיש האוס,קילוגרמים,1.00,"ק""ג",true,,42.90,42.9000,true,1,249619
7290002278528,false,כרית קרצוף לכלים שבת כלין 2 יח',פלסטו פוליש (ברקן),IL,כרית ניקוי כלים 2יח,יחידה,0.00,יחידה,false,,8.90,0.0000,true,1,197860
7290002291046,false,המבורגר מסעדות קצבייה 4 יח'-480 ג',יוליניבר,IL,המבורגר מסעדות קצביי,,480.00,100 גרם,false,,25.90,0.0540,true,1,199240
7290002319016,false,אבקת אפיה מיה מארז 10X10 ג',מיה תעשיות מזון בעמ,IL,אבקת אפיה 10*10גרם,,100.00,,false,,2.20,0.0220,true,1,202780
7290002319054,false,פרג טחון מיה 100 גרם,מיה תעשיות מזון,IL,פרג טחון 100 גרם מיה,,100.00,,false,,5.90,0.0590,true,1,202783
7290002319115,false,חומוס גדול יבש מיה 500 גר',מיה תעשיות מזון בעמ,IL,חומוס גדול 500גר,,500.00,100 גרם,false,,8.90,0.0178,true,1,202786
7290002319122,false,גריסים יבשים מיה 500 גר',מיה,IL,גריסים מיה 500 גר,,500.00,100 גרם,false,,5.90,0.0118,true,1,202787
7290002319139,false,שעועית לבנה יבשה מיה 500 ג',מיה תעשיות מזון בעמ,IL,שעועית לבנה 500גר,,500.00,,false,,9.90,0.0198,true,1,202788
7290002319146,false,שעועית אדומה יבשה 500 ג',מיה תעשיות מזון בעמ,IL,שעועית אדומה 500גר,,500.00,,false,,9.90,0.0198,true,1,202789
7290002319160,false,אפונה ירוקה יבשה מיה 500 ג',מיה,IL,אפונה מאה 500 גר,,500.00,100 גרם,false,,6.90,0.0138,true,1,202790
7290002319177,false,פופקורן גרעינים מיה 500 גר',מיה,IL,פופקורן מיה 500 גר,,500.00,100 גרם,false,,6.90,0.0138,true,1,202791
7290002319184,false,עדשים אדומים יבשים מיה 500 גר',מיה,IL,עדשים אדומות 500 גר,,500.00,,false,,9.90,0.0198,true,1,202792
7290002319191,false,עדשים ירוקים יבשים מיה 500 גר',מיה,IL,עדשים ירוקות 500 גר,,500.00,100 גרם,false,,9.90,0.0198,true,1,202793
7290002319221,false,חיטה מיה 500 גרם,מיה,IL,חיטה מיה 500 גר,,500.00,100 גרם,false,,6.90,0.0138,true,1,202796
7290002319375,false,"קורנפלור 200 ג' בד""ץ מיה",מיה תעשיות מזון,IL,קורנפלור 200 גרם,,200.00,100 גרם,false,,3.90,0.0195,true,1,202798
7290002319528,false,קמח מצה 200גרם,מיה תעשיות מזון,IL,קמח מצה 200גר,,200.00,,false,,3.50,0.0175,true,1,198663
7290002319771,false,"תמצית אפיה וניל 50מ""ל מיה",מיה תעשיות מזון בעמ,IL,"תמצית אפיה וניל 50מ""",,50.00,100 גרם,false,,3.70,0.0740,true,1,202808
7290002319788,false,"תמצית אפיה רום 50 מ""ל מיה",מיה תעשיות מזון,IL,תמצית אפיה בטעם רום,,50.00,100 גרם,false,,3.70,0.0740,true,1,202809
7290002319825,false,אבקת סוכר מיה 100גרם,מיה תעשיות מזון,IL,אבקת סוכר מיה 100גרם,,100.00,100 גרם,false,,2.20,0.0220,true,1,202812
7290002321750,false,"פילה אמנון קפוא בד""ץ מאסטר פוד",,,פילה אמנון קפוא,קילוגרמים,1.00,"ק""ג",true,,29.90,29.9000,true,1,197983
7290002329602,false,עוגת שוקולד עוגל'ה 350 גר,,,עוגה בחושה שוקולד עו,,350.00,100 גרם,false,,8.90,0.0254,true,1,228050
7290002329619,false,עוגת שוקולד צ'יפס עוגל'ה 350 גר,,,עוגה בחושה שוקו צ'יפ,,350.00,100 גרם,false,,8.90,0.0254,true,1,228051
7290002329626,false,עוגת שיש עוגל'ה 350 גר,,,עוגה בחושה שיש עוגל',,350.00,100 גרם,false,,8.90,0.0254,true,1,228052
7290002329640,false,עוגת לימון עוגלה 350 גר',,,עוגת לימון 350גר,,350.00,100 גרם,false,,8.90,0.0254,true,1,232493
7290002329657,false,עוגת תפוז עוגלה 350 גר',,,עוגה בחושה תפוז עוגל,,350.00,100 גרם,false,,8.90,0.0254,true,1,228053
7290002329664,false,עוגה אנגלית עוגלה 350 גר',,,עוגה בחושה אנגלית עו,,350.00,,false,,8.90,0.0254,true,1,228054
7290002329961,false,עוגת שוקוצ''ינו 350 ג' עוגלה,,,עוגת שוקוצ'ינו 350 ג,,350.00,,false,,8.90,0.0254,true,1,228127
7290002331025,false,"מים מינרלים נביעות ספורט 500 מ""ל פקדון",נביעות טבע הגליל בעמ,IL,נביעות ספורט 500מל,,500.00,,false,,3.00,0.0060,true,1,210175
7290002331360,false,"נביעות מים מינרליים טו גו מארז 500X6מ""ל",קריות זול,IL,נביעות טו גו שישייה,,3000.00,,false,,16.90,0.0056,true,1,210186
7290002336686,false,אסאדו עע,,,אסאדו עע,קילוגרמים,1.00,"ק""ג",true,,69.90,69.9000,true,1,239786
7290002345886,false,צלי כתף עגל,,,צלי כתף עגל,קילוגרמים,1.00,"ק""ג",true,,89.90,89.9000,true,1,243073
7290002360124,false,חליטת תה ורד הבר פומפדור 20 שקיקים,TEEKANNE- POMPADOU,DE,חליטת תה פומפדור ורד,,30.00,,false,,14.90,0.4967,true,1,185516
7290002360285,false,תה פומפדור חליטת צמחים קמומיל 20 שק,TEEKANNE- POMPADOU,DE,חליטת תה פומפדור קמו,,30.00,,false,,14.90,0.4967,true,1,185523
7290002370420,false,גבינה גאודה מהולנד 3,איוויאן,NL,גאודה הולנדי 30% ויל,קילוגרמים,1.00,"ק""ג",true,,65.00,65.0000,true,1,239285
7290002370475,false,גבינת דנהבלו בשלה עם,קסרייס,ES,גבינה עם עובש דנהבלו,קילוגרמים,1.00,"ק""ג",true,,99.00,99.0000,true,1,245615
7290002371533,false,דקניקים סלסולי פסטרמה בדבש 120 ג' טירת צבי,הנסיך- מפעל לייצור ט,IL,סלסולי פסטרמה בדבש ט,,120.00,,false,,15.90,0.1325,true,1,188322
7290002371571,false,פסטרמה פרגיות לבגט ט,טירת צבי,IL,פסטרמה פרגיות לבגט ט,קילוגרמים,1.00,"ק""ג",true,,89.00,89.0000,true,1,188183
7290002371854,false,"נקניקיות עוף מתובלות 1 ק""ג טירת צבי",הנסיך- מפעל לייצור ט,IL,נקניקיות עוף חריפות,,1000.00,100 גרם,false,,31.90,0.0319,true,1,188323
7290002374268,false,שמן חמניות מילומור 1 ליטר,שמן תעשיות,IL,שמן חמניות מילומור 1,,1000.00,,false,,10.90,0.0109,true,1,238158
7290002407034,false,"זית סורי מבוקע ג""השא",ג'השאן,IL,זית סורי מבוקע 800גר,,800.00,,false,,19.90,0.0249,true,1,179482
7290002407102,false,זית סנטה גדול ג'השאן 800 ג',ג'השאן,IL,זית סנטה 800גר,,800.00,,false,,19.90,0.0249,true,1,179484
7290002407348,false,"שמן זית כתית מעולה 750 מ""ל ג'השאן",,,שמן זית ג'השאן כתית,,750.00,100 גרם,false,,29.90,0.0399,true,1,224988
7290002408000,false,גאודה מולן הכפר,,,גאודה מולן הכפר,קילוגרמים,1.00,"ק""ג",true,,89.00,89.0000,true,1,203319
7290002408017,false,גאודה עיזים מולן הכפ,,,גאודה עיזים מולן הכפ,קילוגרמים,1.00,"ק""ג",true,,120.00,120.0000,true,1,203320
7290002409014,false,ציפור השרון גחנון אפוי 600גר,ציפור השרון,,גחנון אפוי ציפור השר,,600.00,100 גרם,false,,19.90,0.0332,true,1,201109
7290002409038,false,בורקס גבינה 800גר,,,בורקס גבינה 800גר,,800.00,100 גרם,false,,18.90,0.0236,true,1,201111
7290002409045,false,"בורקס תפו""א ציפור השרון 800ג'",,,"בורקס תפו""א 800גר",,800.00,100 גרם,false,,18.90,0.0236,true,1,201112
7290002409052,false,בורקס תרד 800גר,,,בורקס תרד 800גר,,800.00,,false,,22.90,0.0286,true,1,201113
7290002409076,false,ציפור השרון גחנון בצק 800גר,ציפור השרון,,גחנון בצק ציפור השרו,,800.00,100 גרם,false,,15.90,0.0199,true,1,201115
7290002409106,false,בורקס פיצה 800גר,,,בורקס פיצה 800גר,,800.00,100 גרם,false,,22.90,0.0286,true,1,229920
7290002409175,false,"בצק עלים צרפתי צפ.השרון 1 ק""ג",ציפור השרון,,בצק עלים 1קג,,1000.00,100 גרם,false,,15.90,0.0159,true,1,201121
7290002409274,false,מלוואח ציפור השרון 5 יחי',,,מלווח ציפור השרון 80,,800.00,100 גרם,false,,15.90,0.0199,true,1,245668
7290002409281,false,סבבה ציפור השרון 750,פילסברי,,סבבה ציפור השרון 750,,750.00,100 גרם,false,,19.90,0.0265,true,1,201122
7290002409304,false,נקניקיות עטופות בבצק,,,נקניקיות עטופות בבצק,,600.00,100 גרם,false,,22.90,0.0382,true,1,201123
7290002447481,false,צ'אך עגל טרי,,,צ'אך עגל,קילוגרמים,1.00,"ק""ג",true,,89.90,89.9000,true,1,198635
7290002447559,false,סינטה עגל,,,סינטה עגל,קילוגרמים,1.00,"ק""ג",true,,129.00,129.0000,true,1,198640
7290002447573,false,שייטל עגל טרי,,,שייטל עגל,קילוגרמים,1.00,"ק""ג",true,,89.90,89.9000,true,1,198641
7290002447610,false,פיקניה (שפיץ צ'אך) ע,,,פיקניה (שפיץ צ'אך) ע,קילוגרמים,1.00,"ק""ג",true,,89.90,89.9000,true,1,243137
7290002453512,false,קבב קציצות ישראלי 80,,,קבב קציצות ישראלי 80,,800.00,100 גרם,false,,37.90,0.0474,true,1,229863
7290002453529,false,המבורגר אנטריקוט 400 ג',קצביית פרימיום,IL,אנטריקוט בורגר 400גר,,400.00,100 גרם,false,,26.90,0.0672,true,1,200608
7290002453697,false,קבב אנטריקוט קצבים עם שומן כבש,קצביית פרימיום,IL,קבב אנטריקוט קצבים ע,,400.00,,false,,26.90,0.0672,true,1,221142
7290002453802,false,קבב אסלי בוואקום קפו,קצביית פרימיום,IL,קבב אסלי בוואקום קפו,,1000.00,,false,,39.90,0.0399,true,1,231995
7290002479352,false,דבש עמק חפר 350גרם,מכוורת עמק חפר,,דבש עמק חפר 350גרם,,350.00,,false,,16.90,0.0483,true,1,172745
7290002511236,false,בולגרית מעודנת 5% המ,,,בולגרית מעודנת 5% המ,קילוגרמים,1.00,"ק""ג",true,,45.00,45.0000,true,1,223209
7290002511243,false,גבינה בולגרית 16% המ,,,גבינה בולגרית 16% המ,קילוגרמים,1.00,"ק""ג",true,,54.00,54.0000,true,1,246759
7290002511250,false,שמנת 30% שום שמיר המ,,,שמנת 30% שום שמיר המ,קילוגרמים,1.00,"ק""ג",true,,45.00,45.0000,true,1,223210
7290002511274,false,שמנת 30% זיתים המושב,,,שמנת 30% זיתים המושב,קילוגרמים,1.00,"ק""ג",true,,45.00,45.0000,true,1,223212
7290002511281,false,המושבה גבינת ברינזה,מחלבת המושבה,IL,ברינזה צאן 18% המוש,קילוגרמים,1.00,"ק""ג",true,,89.00,89.0000,true,1,223227
7290002511427,false,אצבעות שוקולד וניל ה,מחלבת המושבה,IL,אצבעות שוקולד וניל ה,קילוגרמים,1.00,"ק""ג",true,,59.00,59.0000,true,1,223213
7290002511571,false,מוצרלה 22% המושבה,,,מוצרלה 22% המושבה,קילוגרמים,1.00,"ק""ג",true,,89.00,89.0000,true,1,223223
7290002511670,false,צדר בקר כתום המושבה,,,צדר בקר כתום המושבה,קילוגרמים,1.00,"ק""ג",true,,99.00,99.0000,true,1,223230
7290002515333,false,"ד""ר פישר - קמיל בלו סנסיטיב אל סבון עדין לתינוק 500 מ""ל","ד""ר פישר Dr fischer",IL,קמיל בלו סנסטיב אל ס,,500.00,,false,,19.90,0.0398,true,1,204331
7290002515371,false,קמיל בלו אל סבון מעושר בלחות 1 ל',הדקלאים אגודת שיתופי,IL,קמיל בלו קלאסיק 1 לי,,1000.00,100 גרם,false,,29.90,0.0299,true,1,204332
7290002517269,false,תבלין פלפל שחור שלם 35ג',תות ממתקי איכות,IL,פלפל שחור שלם 35גר,,35.00,100 גרם,false,,11.90,0.3400,true,1,198472
7290002517276,false,תבלין פלפל אנגלי שלם 25ג',תות ממתקי איכות,IL,פלפל אנגלי שלם 25גר,,25.00,,false,,7.90,0.3160,true,1,198473
7290002517337,false,תבלין אורגנו עלים 20 גר',תות ממתקי איכות,IL,אורגנו עלים 20גר,,20.00,100 גרם,false,,7.90,0.3950,true,1,198476
7290002517375,false,תבלין בזיליקום 30 גר' שק',תות ממתקי איכות,IL,בזיליקום עלים 30גר,,30.00,100 גרם,false,,7.90,0.2633,true,1,198477
7290002517580,false,תערובת תיבול לעוף - 80 ג',תות ממתקי איכות,IL,תערובת תיבול לעוף 80,,80.00,100 גרם,false,,12.90,0.1613,true,1,198489
7290002517603,false,תבלין בזיליקום מיכל 10ג',תות ממתקי איכות,IL,בזיליקום 10גר,,10.00,100 גרם,false,,6.90,0.6900,true,1,198491
7290002517634,false,תבליני כוסברה 30גר,תות ממתקי איכות,IL,תבליני כוסברה 30גר,,30.00,100 גרם,false,,6.90,0.2300,true,1,198494
7290002517689,false,תבלין קרי 40 גרם מיכל קטן,תות ממתקי איכות,IL,תבלינ קרי אבקה 40גר,,40.00,,false,,6.90,0.1725,true,1,198499
7290002517726,false,תבלין מקלות קינמון 15ג',תות ממתקי איכות,IL,מקלות קינמון 15גר,,15.00,100 גרם,false,,6.90,0.4600,true,1,198501
7290002517733,false,תבלין קצח טעם וריח 4,תות ממתקי איכות,IL,קצח 40גר,,40.00,100 גרם,false,,6.90,0.1725,true,1,198502
7290002517801,false,תבלין צ'ילי כתוש - חריף (פלפל קיינה) 30 ג',תות ממתקי איכות,IL,צילי כתוש 30גר,,30.00,100 גרם,false,,6.90,0.2300,true,1,198508
7290002519768,false,לב עגל,,,לב עגל,קילוגרמים,1.00,"ק""ג",true,,24.90,24.9000,true,1,198648
7290002542506,false,"בירה קורונה בקבוק 355מ""ל",קריניציה ויטמינה אס,MX,בירה קורונה 355 מל ב,,355.00,100 גרם,false,,7.90,0.0223,true,1,173252
7290002542780,false,"שישיית בירה סטלה ארטואה 330 מ""ל*6",סטלה ארטואה Stella Artois,BE,בירה סטלה ארטואה 6*3,,1980.00,,false,,34.90,0.0176,true,1,249331
7290002552314,false,מאגדת שלגונים הקוסם 4 *85 ג' ריאו,"גלידות ריאו ביח""ר לג",IL,מאגדת הקוסם שלגונים,,320.00,,false,,19.90,0.0622,true,1,247214
7290002560036,false,רדיד אלומיניום מעוצב,,,רדיד אלומיניום מעוצב,יחידה,0.00,יחידה,false,,11.90,0.0000,true,1,240687
7290002560050,false,אשפתון 52/65 100 יח',,,אשפתון 52/65 100 יח',יחידה,0.00,יחידה,false,,21.90,0.0000,true,1,222074
7290002560067,false,שקיות אוכל 150זוג 19,,,שקיות אוכל 150זוג 19,יחידה,0.00,יחידה,false,,9.90,0.0000,true,1,222075
7290002560098,false,אשפתון קומפקט 75/90,,,אשפתון קומפקט 75/90,יחידה,0.00,יחידה,false,,15.90,0.0000,true,1,222077
7290002560135,false,ניילון נצמד 150 מטר,,,ניילון נצמד 150 מטר,יחידה,0.00,יחידה,false,,17.90,0.0000,true,1,227212
7290002560159,false,שקיות אשפה עבות נשלפ,קריות זול,,שקיות אשפה עבות נשלפ,יחידה,0.00,יחידה,false,,19.90,0.0000,true,1,240691
7290002560227,false,אשפתון גופיה 75/90 2,קריות זול,,אשפתון גופיה 75/90 2,יחידה,0.00,יחידה,false,,10.90,0.0000,true,1,223826
7290002560272,false,אשפתון 75/90 50יח,,,אשפתון 75/90 50יח,יחידה,0.00,יחידה,false,,14.90,0.0000,true,1,232240
7290002560289,false,שקיות אשפה L5 2X70,,,שקיות אשפה L5 2X70,יחידה,0.00,יחידה,false,,8.90,0.0000,true,1,227208
7290002560333,false,שקיות אוכל גדולות XL,,,שקיות אוכל גדולות XL,יחידה,0.00,יחידה,false,,11.90,0.0000,true,1,227039
7290002560524,false,נייר אפייה בגליל 25,,,נייר אפייה בגליל 25,יחידה,0.00,יחידה,false,,10.90,0.0000,true,1,248882
7290002581536,false,"וופל בטעם שוקולד לל""ס הדר 250ג'",אפיפית נצרת,IL,וופל נפוליטנה ללא סו,,250.00,,false,,9.90,0.0396,true,1,216106
7290002599029,false,תבליני יונה פפריקה מתוקה בשמן 80ג,תבליני יונה,IL,תבלינים בשקית 80גר,,80.00,100 גרם,false,,5.70,0.0713,true,1,204280
7290002599081,false,תבלינים שונים 30 גרם,תבליני יונה,IL,תבלינים בשקית,יחידה,0.00,יחידה,false,,5.70,0.0000,true,1,204284
7290002599104,false,תבלינים שונים 50 גרם,תבליני יונה,IL,תבלינים בשקית 50גר,,50.00,100 גרם,false,,5.70,0.1140,true,1,204286
7290002599197,false,תבליני יונה פלפל שחור שלם 50גר,תבליני יונה,IL,פלפל לבן/שחור 50גר,,50.00,100 גרם,false,,5.70,0.1140,true,1,204292
7290002599319,false,שום גבישי בצנצנת 80ג,,,שום גבישי בצנצנת 80ג,,80.00,100 גרם,false,,11.90,0.1488,true,1,227730
7290002599425,false,כורכום בצנצנת 80גר,,,כורכום בצנצנת 80גר,,80.00,100 גרם,false,,11.90,0.1488,true,1,227741
7290002599449,false,פפריקה מתוקה בשמן בצ,,,פפריקה מתוקה בשמן בצ,,80.00,100 גרם,false,,11.90,0.1488,true,1,227743
7290002599463,false,תבלין לסטייק בצנצנת,,,תבלין לסטייק בצנצנת,,80.00,100 גרם,false,,11.90,0.1488,true,1,227745
7290002621966,false,ברווז שלם ארוז חלק ק,,,ברווז שלם ארוז חלק ק,קילוגרמים,1.00,"ק""ג",true,,59.90,59.9000,true,1,249719
7290002627302,false,צלי כתף עגל,,,צלי כתף עגל,קילוגרמים,1.00,"ק""ג",true,,89.90,89.9000,true,1,243075
7290002627364,false,אנטריקוט עגל פריים,,,אנטריקוט עגל פריים,קילוגרמים,1.00,"ק""ג",true,,159.00,159.0000,true,1,239764
7290002627371,false,צלעות עגל,,,צלעות עגל,קילוגרמים,1.00,"ק""ג",true,,69.90,69.9000,true,1,239768
7290002627388,false,חזה עגל,,,חזה עגל,קילוגרמים,1.00,"ק""ג",true,,79.90,79.9000,true,1,239769
7290002627401,false,צלי כתף עגל,,,צלי כתף עגל,קילוגרמים,1.00,"ק""ג",true,,89.90,89.9000,true,1,239780
7290002627432,false,צוואר עגל,,,צוואר עגל,קילוגרמים,1.00,"ק""ג",true,,69.90,69.9000,true,1,239789
7290002627487,false,חזה עגל,,,חזה עגל,קילוגרמים,1.00,"ק""ג",true,,79.90,79.9000,true,1,239782
7290002628088,false,טחון הודו בלדי קפוא,,,טחון הודו בלדי קפוא,,1000.00,,false,,10.90,0.0109,true,1,199244
7290002628170,false,צלי כתף מס'5 מוכשר ח,,,צלי כתף מס'5 מוכשר ח,קילוגרמים,1.00,"ק""ג",true,,69.90,69.9000,true,1,248937
7290002661115,false,לחם שיפון הולנדי 1.2 מהדרין,מאפית י את א ברמן בע,IL,לחם הולנדי 1.2קג,,1200.00,100 גרם,false,,17.90,0.0149,true,1,199943
7290002661153,false,"לחם דני קל ברמן 1 ק""",מאפית י את א ברמן בע,IL,לחם דני קל 1 קג,,1000.00,100 גרם,false,,17.90,0.0179,true,1,199944
7290002661214,false,ברמן לחם גליל קל מהדרין 750 גרם,מאפית י את א ברמן בע,IL,לחם גלילי קל 750גר,,750.00,,false,,16.90,0.0225,true,1,199947
7290002661443,false,פירורי לחם מוזהבים עדינים 200 גר.,,,פירורי לחם זהוב עדין,,200.00,,false,,4.50,0.0225,true,1,199950
7290002661474,false,פרורי לחם עם שומשום 200 ג',Unknown,,פירורי לחם זהוב עם ש,,200.00,,false,,4.50,0.0225,true,1,199951
7290002661856,false,מיני קרוטונים מתובלים למרק וסלט 350 גר',מאפית י את א ברמן בע,IL,מיני קרוטונים מתובלי,,350.00,,false,,16.90,0.0483,true,1,234402
7290002661863,false,קרוטונים מתובלים למרק 350 גר'.,מאפית י את א ברמן בע,IL,קרוטונים מתובלים למר,,350.00,,false,,16.90,0.0483,true,1,234401
7290002661986,false,קרקר תירס פריך ברמן,אבונט ק.פ.ט,HU,קרקר פריך תירס 100 ג,,100.00,,false,,7.90,0.0790,true,1,241211
7290002692393,false,שמן קנולה מועשר עץ ה,שמן תעשיות,IL,שמן קנולה מועשר עץ ה,,1000.00,,false,,16.90,0.0169,true,1,198768
7290002692478,false,"שמן זית כתית מעולה קלאסי מעודן 750 מ""ל עץ הזית","מרקאולאו, ספרד.אבסה,",IT,שמן זית כתית מעולה ע,,750.00,,false,,34.90,0.0465,true,1,198772
7290002692768,false,"תרסיס קנולה מופחת קלוריות 200 מ""ל עץ הזית",טרנסומס פוד איי בי,IT,תרסיס שמן קנולה מופח,,200.00,,false,,17.90,0.0895,true,1,198776
7290002692782,false,"תרסיס מופחת קלוריות זית 200 מ""ל עץ הזית",י.ב טכנולוגיות אריזה,IL,תרסיס שמן זית עץ הזי,,200.00,100 גרם,false,,17.90,0.0895,true,1,198778
7290002730941,false,בלונס צמר גפן פרוס 100גר',הנסיך- מפעל לייצור ט,GR,צמר גפן פרוס בלונס 1,,100.00,100 גרם,false,,7.90,0.0790,true,1,185554
7290002735007,false,"בצק עלים 1 ק""ג ינון",,,בצק עלים ינון 1קג,,1000.00,100 גרם,false,,16.90,0.0169,true,1,171462
7290002735014,false,מלוואח ארוז ינון 800 גר',ג'נרל מילס סאן אדריא,IL,מלווח ארוז ינון 800ג,,800.00,100 גרם,false,,14.90,0.0186,true,1,171463
7290002735021,false,ינון גחנון ארוז 750גר,ג'נרל מילס סאן אדריא,IL,גחנון ארוז ינון 750ג,,750.00,100 גרם,false,,14.90,0.0199,true,1,171464
7290002735120,false,"בורקס תפו""א ינון 800 גר",,,"בורקס תפו""א ינון 800",,800.00,100 גרם,false,,14.90,0.0186,true,1,171466
7290002735212,false,קונכיות בצק 750גר ינון,,,קונכיות בצק מהדרין י,,750.00,,false,,15.90,0.0212,true,1,171468
7290002735274,false,ינון גחנון אפוי 600 גר,ג'נרל מילס סאן אדריא,IL,גחנון אפוי ינון 600ג,,600.00,100 גרם,false,,17.90,0.0298,true,1,171469
7290002752332,false,"סוכריות מנטוס פירות בגליל, 37.5 גרם",הדקלאים אגודת שיתופי,NL,מנטוס גליל פירות בוד,,37.50,100 גרם,false,,3.90,0.1040,true,1,191959
7290002752493,false,רביעיה סוכריות מנטה 4* 16 ג' טיק טק,קריות זול,ZA,טיקטק מנטה רביעייה 4,,64.00,,false,,11.90,0.1859,true,1,214054
7290002753995,false,ערכת קישוטי עוגה 150 גר',היינץ צפון אמריקה מק,DE,ערכת קישוטי עוגה 150,,150.00,100 גרם,false,,18.90,0.1260,true,1,191966
7290002766056,false,עגבניות שרי קופסא ליח',רון שרי,IL,עגבניות שרי וויטני א,,460.00,,false,,9.90,0.0215,true,1,234110
7290002768159,false,"בת אורן סבון קצף לאמבט 500 מ""ל",פארק תעשיות עמק חפרמ,IL,קצף אמבט בת אורן 500,,500.00,,false,,19.90,0.0398,true,1,180218
7290002769347,false,עוגיות מובחרות בדלי --600-500 גרם,עוגיות הזהב,,עוגיות מובחרות 500 ג,,500.00,,false,,16.90,0.0338,true,1,233598
7290002769675,false,מאפינס ללא סוכר 450 גר,אחווה,,מאפינס ללא סוכר 450,,450.00,100 גרם,false,,17.90,0.0398,true,1,240824
7290002769910,false,עוגיות ללא תוספת סוכר 350 גר',,,עוגיות ללא תוספת סוכ,,350.00,100 גרם,false,,13.90,0.0397,true,1,240822
7290002769996,false,עוגות קראנץ מאפים א,,,עוגות קראנץ מאפים א,,500.00,100 גרם,false,,18.90,0.0378,true,1,217201
7290002812522,false,סיגריות פרלמנט (חפיס,פיליפ מוריס,,פרלמנט ארוך,יחידה,0.00,יחידה,false,,42.00,0.0000,false,1,230246
7290002814016,false,"מסיר שומנים קר מתז סנט מוריץ 750מ""ל",קומפלקס כימיקלים,IL,מסיר שומנים סנט מורי,,750.00,,false,,15.90,0.0212,true,1,216991
7290002814054,false,סנט מוריץ מתז אנטרטיק מתז 1 ליטר,קומפלקס כימיקלים,IL,אנטרטיק במתז 1 ליטר,ליטרים,1.00,ליטר,false,,11.90,11.9000,true,1,227173
7290002814078,false,סנט מוריץ נוזל לניקוי אמבט אנטרטיק 1ל',קומפלקס כימיקלים,IL,אנטרטיק נוזל לניקוי,,1000.00,100 גרם,false,,7.90,0.0079,true,1,216994
7290002814290,false,BLANCO קצף אקונומיקה מרוכז 1 ליטר בניחוח לימון,קומפלקס כימיקלים,IL,קצף אקונומיקה מרוכז,,1000.00,,false,,12.90,0.0129,true,1,240579
7290002814528,false,נוזל לניקוי האסלה סנט מוריץ 1 ליטר,קומפלקס כימיקלים,IL,נוזל אסלות מס'1 1ליט,,1000.00,,false,,6.90,0.0069,true,1,217001
7290002814580,false,טורנדו גרגירים לפתיחת סתימות 200 גרם,קומפלקס כימיקלים,IL,טורנדו גרגרים לפתיחת,,200.00,100 גרם,false,,11.90,0.0595,true,1,224722
7290002814603,false,"סנט מוריץ - מרסס מסיר שומנים קר מבושם לימון 750 מ""ל",אלמוג דיל בעמ,IL,מסיר שומנים סנט מורי,,750.00,100 גרם,false,,15.90,0.0212,true,1,222710
7290002814849,false,סבון אסלה מרוכז כחול נתלה 3יח',,,סבון אסלה מרוכז שליש,יחידה,0.00,יחידה,false,,9.90,0.0000,true,1,224718
7290002823711,false,פילה מדומה מס'6 קפוא,,,פילה מדומה מס'6 קפוא,קילוגרמים,1.00,"ק""ג",true,,39.90,39.9000,true,1,225565
7290002824183,false,גבינה לבנה 5% שומן 500 ג' שטראוס,מיוצר עי קונדיטוריית,IL,קרם גבינה 5% סקי 500,,500.00,,false,,9.96,0.0199,true,1,195641
7290002824466,false,דנונה יוגורט ביו 0% 200מל,"שטראוס בריאות בע""מ",IL,דנונה יוגורט ביו 0%,,200.00,100 גרם,false,,4.20,0.0210,true,1,195642
7290002824640,false,גבינה שטראוס 5% 250 ג',מיוצר עי קונדיטוריית,IL,גבינה 5% סקי 250 גרם,,250.00,100 גרם,false,,4.98,0.0199,true,1,195644
7290002825722,false,סלט כרוב אדום אחלה 5,מיוצר עי קונדיטוריית,IL,כרוב אדום אחלה 500גר,,500.00,100 גרם,false,,16.90,0.0338,true,1,195648
7290002868996,false,קוטג' 5% מועשר טרה 250ג' מהדרין,קריות זול,IL,קוטג מועשר 5% 250גר,,250.00,,false,,6.30,0.0252,true,1,184575
7290002881209,false,רסק תפוחי עץ דיאט 700 ג' תומר,Geurts conservenfabr,,"רסק תפו""ע דיאט 720גר",,720.00,,false,,10.90,0.0151,true,1,174916
7290002881407,false,נודלס אטריות ביצים דק תומר 400ג',קריות זול,,נודלס דק תומר 400גר,,400.00,,false,,10.90,0.0273,true,1,174929
7290002881506,false,חמאת בוטנים תומר 510 ג',Niza s a,,חמאת בוטנים 510גר,,510.00,,false,,10.90,0.0214,true,1,174934
7290002881513,false,חמאת בוטנים עם שברי בוטנים 510 ג' תומר,Niza s a,,חמאת בוטנים עם שברי,,510.00,,false,,10.90,0.0214,true,1,174935
7290002881612,false,לפתן דובדבנים חמוצים,Fructo sliven jsc,,לפתן דובדבנים חמוצים,,680.00,,false,,9.90,0.0146,true,1,227125
7290002881872,false,פטריות חתוכות תומר 2,,,פטריות חתוכות תומר 2,,290.00,,false,,4.90,0.0169,true,1,174946
7290002881919,false,פטריות שלמות תומר 40,גיבונג אינדסקיאלס,,פטריות שלמות תומר 40,,400.00,,false,,8.90,0.0223,true,1,174947
7290002881940,false,סרדינים מרוקאי בשמן חמניות 125ג' תומר,Union des pecheries,,סרדין מרוקאי בשמן 12,,125.00,100 גרם,false,,6.90,0.0552,true,1,174949
7290002881957,false,סרדינים מרוקאי חריף בשמן חמניות 125ג' תומר,Union des pecheries,,סרדין מרוקאי חריף 12,,125.00,100 גרם,false,,6.90,0.0552,true,1,174950
7290002900207,false,ט.צבי המבורגר אמיתי,הנסיך- מפעל לייצור ט,IL,המבורגר אמיתי 100% ב,,400.00,100 גרם,false,,23.90,0.0597,true,1,188325
7290002900214,false,קבב מזרחי טירת צבי 4,טיב טירת צבי 2000,IL,קבב מזרחי טירת צבי 4,,450.00,100 גרם,false,,23.90,0.0531,true,1,229129
7290002900313,false,פסטרמה בסגנון ספרדי,טירת צבי,IL,פסטרמה בסגנון ספרדי,קילוגרמים,1.00,"ק""ג",true,,89.00,89.0000,true,1,188184
7290002909569,false,דג ברבוניה פילה קפוא 400 ג',דולפין ספא,,פילה ברבוניה קפוא 40,,400.00,,false,,24.90,0.0622,true,1,238785
7290002909804,false,פילה בקלה (מרלוזה ) ללא עור ארגנטיני,,,מרלוזה פילה ללא עור,קילוגרמים,1.00,"ק""ג",true,,34.90,34.9000,true,1,199035
7290002925729,false,"גם וגם משחת שיניים כחול ומי פה בטעם פפרמינט 120 מ""ל","אמיליה קוסמטיקס בע""מ",IL,משחת שיניים בטעם פפר,,120.00,100 גרם,false,,15.90,0.1325,true,1,180220
7290002927044,false,צלי כתף מס' 5 קפוא,,,צלי כתף מס' 5 קפוא,קילוגרמים,1.00,"ק""ג",true,,44.90,44.9000,true,1,200574
7290002927051,false,פילה מדומה מס' 6 קפו,,,פילה מדומה מס' 6 קפו,קילוגרמים,1.00,"ק""ג",true,,39.90,39.9000,true,1,200575
7290002927105,false,צלי עגל ברשת קפוא,,,צלי עגל ברשת קפוא,קילוגרמים,1.00,"ק""ג",true,,39.90,39.9000,true,1,200577
7290002927198,false,טחון בקר קפוא 500 גר,,,טחון בקר קפוא 500 גר,,500.00,100 גרם,false,,14.90,0.0298,true,1,200618
7290002927358,false,סטיק אנטריקוט 800גר,,,סטיק אנטריקוט 800גר,,800.00,,false,,39.90,0.0499,true,1,174954
7290002927389,false,טחון עוף קפוא 500 גר,,,טחון עוף קפוא 500 גר,,500.00,100 גרם,false,,12.90,0.0258,true,1,235280
7290002927464,false,גולש עגל קפוא,,,גולש עגל קפוא,קילוגרמים,1.00,"ק""ג",true,,34.90,34.9000,true,1,200586
7290002927471,false,צלי עגל חצוי קפוא,,,צלי עגל חצוי קפוא,קילוגרמים,1.00,"ק""ג",true,,42.90,42.9000,true,1,200587
7290002927518,false,טבעות פילה עגל קפוא,,,טבעות פילה עגל קפוא,קילוגרמים,1.00,"ק""ג",true,,42.90,42.9000,true,1,200590
7290002927631,false,טחון הודו קפוא 500 ג,,,טחון הודו קפוא 500 ג,,500.00,100 גרם,false,,12.90,0.0258,true,1,235281
7290002927655,false,שניצל עגל קפוא,,,שניצל עגל קפוא,קילוגרמים,1.00,"ק""ג",true,,42.90,42.9000,true,1,200596
7290003001767,false,שריר מס' 8 קפוא,,,שריר מס' 8 קפוא,קילוגרמים,1.00,"ק""ג",true,,36.90,36.9000,true,1,229963
7290003009183,false,"פריגת סירופ דיאט תפוחים 750מ""ל",סירופ - גבעת חיים,IL,סירופ דיאט תפוחים פר,,750.00,,false,,24.90,0.0332,true,1,210228
7290003011087,false,"אורז בסמטי 1 ק""ג אלפנט",,IN,אורז בסמטי אלפנט 1קג,,1000.00,100 גרם,false,,12.90,0.0129,true,1,200780
7290003015641,false,ריצפז סנו פרש יסמין 2ל',קריות זול,IL,ריצפז פרש יסמין 2 לי,ליטרים,2.00,ליטר,false,,21.90,10.9500,true,1,180241
7290003026029,false,"ד""ר פישר - קמיל בלו סנסיטיב שמפו אלדמע 500 מ""ל","ד""ר פישר Dr fischer",IL,קמיל בלו סנסטיב שמפו,,500.00,,false,,19.90,0.0398,true,1,204333
7290003026227,false,"ד""ר פישר - קמיל בלו סנסיטיב שמפו אלדמע 1 ליטר","ד""ר פישר Dr fischer",IL,קמיל בלו סנסיטיב שמפ,,1000.00,,false,,33.90,0.0339,true,1,204336
7290003026234,false,"ד""ר פישר - קמיל בלו תחליב לתינוק 500 מ""ל",פישר מעבדות פרמצבטיו,IL,קמיל בלו תחליב לתינו,,500.00,100 גרם,false,,31.90,0.0638,true,1,204337
7290003026319,false,"ד""ר פישר - קמיל משחה לתינוק 120 מ""ל","ד""ר פישר Dr fischer",IL,*מבצע* משחה לתינוק ק,,120.00,,false,,18.00,0.1500,true,1,204338
7290003029181,false,משקה יטבתה שוקו' בקבוק 1ל מהדרין,מחלבת יטבתה,IL,שוקו 2% בבקבוק יטבתה,,1000.00,,false,,12.90,0.0129,true,1,195662
7290003029372,false,משקה חלב בננה בקבוק 1ל' יוטבתה,מחלבת יטבתה,IL,משקה חלב בטעם בננה י,,1000.00,,false,,12.90,0.0129,true,1,195667
7290003029433,false,"משקה יטבתה שוקו פקק 250 מ""ל מהדרין",מחלבת יטבתה,IL,שוקו יטבתה 250מל,,250.00,100 גרם,false,,5.90,0.0236,true,1,195671
7290003029532,false,מוקה בקבוק 1 ל' יוטבתה,מחלבת יטבתה,IL,משקה מוקה 2% יטבתה 1,,1000.00,,false,,12.90,0.0129,true,1,195675
7290003029792,false,"משקה יטבתה שוקו שקיות מהדרין מארז 225X8מ""ל",שטראוס גרופ,IL,שוקו 2% יטבתה 225x8,,1800.00,100 גרם,false,,21.90,0.0122,true,1,195684
7290003029815,false,חלב יוטבתה מועשר 3% בכד 2ל',מחלבת יטבתה,IL,חלב מועשר 3% בכד יטב,,2000.00,,false,,16.90,0.0084,true,1,195686
7290003029907,false,משקה יטבתה אייס קפה 1ליטר,מחלבת יטבתה,IL,משקה חלב בטעם אייס ק,,1000.00,,false,,12.90,0.0129,true,1,195691
7290003072965,false,קבנוס חריף מעושן 120 ג',טירת- צבי,IL,קבנוס חריף מעושן 120,,120.00,100 גרם,false,,11.90,0.0992,true,1,242895
7290003072972,false,קבנוס בתיבול שום 120 גר',טירת- צבי,IL,קבנוס בתיבול שום 120,,120.00,,false,,11.90,0.0992,true,1,242896
7290003093472,false,"אבקת סוכר 1 ק""ג ברמן",,,"אבקת סוכר 1 ק""ג ברמן",,1000.00,100 גרם,false,,10.90,0.0109,true,1,249169
7290003126712,false,יוגורט עיזים בגביע 3% צוריאל 150 ג',מחלבת משק צוריאל,IL,יוגורט עיזים בגביע 3,,150.00,,false,,6.90,0.0460,true,1,184602
7290003126958,false,טופו גבינה גוש בואקום צוריאל 300 ג',א.י.ן תעשיות מזון בע,IL,טופו בואקום צוריאל 3,,300.00,100 גרם,false,,12.60,0.0420,true,1,184609
7290003141159,false,מרשמלו יוגטה 180 גרם,סאדאט,IL,מרשמלו יוגטה 180גר,,180.00,,false,,7.90,0.0439,true,1,191989
7290003189045,false,בסיגנון גבינה הולנדי,,,הולנדית כפיר א.ח.נוכ,קילוגרמים,1.00,"ק""ג",true,,39.00,39.0000,true,1,174115
7290003189076,false,פיצרלה מגורדת אישית 500 גרם,,,כפיר פיצרלה מגורדת 5,,500.00,100 גרם,false,,18.90,0.0378,true,1,174130
7290003189168,false,בסיגנון גבינה מעושנת,,,מעושנת כפיר א.ח.נוכ,קילוגרמים,1.00,"ק""ג",true,,45.00,45.0000,true,1,246531
7290003189199,false,בסיגנון גבינה חריפה.,,,חריפה כפיר א.ח.נוכרי,קילוגרמים,1.00,"ק""ג",true,,42.00,42.0000,true,1,174118
7290003189267,false,צהובה הטובה קלאסית כ,,,כפיר הצהובה הטובה קל,,200.00,100 גרם,false,,13.90,0.0695,true,1,174134
7290003189274,false,מעושנת בסיגנון גבינה,,,מעושנת כפיר א.ח.נוכ,קילוגרמים,1.00,"ק""ג",true,,45.00,45.0000,true,1,174120
7290003189380,false,בסיגנון גבינת שום שמ,,,צהובה עם שום שמיר כפ,קילוגרמים,1.00,"ק""ג",true,,42.00,42.0000,true,1,174123
7290003212965,false,עוגיות רוגלך הזהב במארז 400 גר',,,מובחרות שמרים 400 גר,,400.00,100 גרם,false,,13.90,0.0348,true,1,204752
7290003217014,false,תנעמי פיתות מיזרחיות 5*100גר,יוניליוור גרמניה Gm,IL,פיתות מיזרחיות 5*100,,500.00,,false,,5.90,0.0118,true,1,195093
7290003217052,false,פיתות כפריות קלות 5*100גר,יוניליוור גרמניה Gm,IL,פיתות כפריות קלות 5*,,500.00,,false,,9.90,0.0198,true,1,195095
7290003224036,false,אוכמניות כחולות גולוביקה,מאמא מרי,US,אוכמניות כחולות קפוא,,300.00,,false,,19.90,0.0663,true,1,197934
7290003224128,false,"כיסונים תפו""א 800 ג' מאמא מרי",מאמא מרי,,"כיסוני תפו""א 800גר",,800.00,,false,,19.90,0.0249,true,1,197936
7290003224135,false,כיסונים עם בשר 800 ג,מאמא מרי,,כיסונים בשר 800גר,,800.00,100 גרם,false,,24.90,0.0311,true,1,197937
7290003224272,false,"כיסונים בשר מוסקובסקי מאמא מרי 1 ק""ג",,,כיסונים בשר מוסקובסק,,1000.00,,false,,32.90,0.0329,true,1,197942
7290003224364,false,בצק פריך מתוק 800 גר,,,בצק פריך 800 גרם מתו,,800.00,,false,,15.90,0.0199,true,1,246043
7290003224456,false,"כיסונים בשר סיבירסקי מאמא מרי 1 ק""ג",מאמא מרי,,כיסונים בשר סיבירסקי,,1000.00,,false,,29.90,0.0299,true,1,197948
7290003224463,false,"כיסונים בשר אוקראינסקי 1ק""ג",מאמא מרי,,כיסונים אוקרינסקי מא,,1000.00,,false,,29.90,0.0299,true,1,197949
7290003224470,false,"כיסונים בשר 1ק""ג קייבסקי",מאמא מרי,IL,כיסונים בשר קייבסקי,,1000.00,,false,,29.90,0.0299,true,1,197950
7290003224654,false,מיקס פירות יער קפוא,מאמא מרי,,מיקס פירות יער קפוא,,300.00,100 גרם,false,,14.90,0.0497,true,1,197955
7290003224753,false,דמדמניות אדומות קפוא,,,דמדמניות אדומות קפוא,,300.00,,false,,14.90,0.0497,true,1,197958
7290003229109,false,פסטרמה בפפריקה טירת צבי 400 ג',הנסיך- מפעל לייצור ט,IL,פסטרמה הודו בפפריקה,,400.00,100 גרם,false,,28.90,0.0722,true,1,188331
7290003229116,false,פסטרמה בדבש טירת צבי 400 ג',הנסיך- מפעל לייצור ט,IL,פסטרמה בדבש טירת צבי,,400.00,100 גרם,false,,28.90,0.0722,true,1,188332
7290003229123,false,פסטרמה על גחלים טירת צבי 400 ג',הנסיך- מפעל לייצור ט,IL,פסטרמה על גחלים טירת,,400.00,,false,,28.90,0.0722,true,1,188333
7290003229147,false,נקניק סלמי איטלקי טירת צבי 300 ג',הנסיך- מפעל לייצור ט,IL,סלמי בסגנון איטלקי ט,,300.00,100 גרם,false,,28.90,0.0963,true,1,188334
7290003229154,false,סלמי קוניאק מובחר טירת צבי 300 ג',הנסיך- מפעל לייצור ט,IL,סלמי קוניאק טירת צבי,,300.00,100 גרם,false,,28.90,0.0963,true,1,188335
7290003268030,false,חלה בפיקוח דגנית,,,חלה רגילה 500גר,,500.00,100 גרם,false,,6.26,0.0125,true,1,229472
7290003268252,false,לחם חיטה מלא לילדים 750 ג' דגנית עין בר,יוניליוור גרמניה Gm,IL,*מבצע* לחם חיטה מלאה,,750.00,100 גרם,false,,13.90,0.0185,true,1,195100
7290003268429,false,לחם ירוק מקמח מלא 750 ג' דגנית עין בר,מולינו ניקולי s.p.a,IL,לחם חיטה מלאה ירוק 7,,750.00,100 גרם,false,,16.90,0.0225,true,1,195102
7290003268641,false,דגנית עין בר חלה מתוקה מיוחדת 500 גרם,מולינו ניקולי s.p.a,IL,חאלע חלה מתוקה מיוחד,יחידה,0.00,יחידה,false,,14.90,0.0000,true,1,224093
7290003268740,false,לחם אחיד 750 גרם,דגנית עין בר,,לחם אחיד שחור,,750.00,100 גרם,false,,6.96,0.0093,true,1,229473
7290003268764,false,חלה רגילה 500 גרם,מולינו ניקולי s.p.a,IL,חלה רגילה 500גר,,500.00,100 גרם,false,,6.26,0.0125,true,1,195112
7290003287123,false,צלעות מס 22 צרכני בעדני ברזיל,,,צלעות מס 2 צרכני קפו,קילוגרמים,1.00,"ק""ג",true,,39.90,39.9000,true,1,249594
7290003287253,false,נקנקיות מרגז בלאדי 500 ג',קרלו,IL,נקניקיות מרגז בלדי 5,,500.00,100 גרם,false,,29.90,0.0598,true,1,199268
7290003287260,false,נקניקיות צ'וריסוס ארוז קפוא בלדי 600 ג',,,נקניקיות צוריסוס הקצ,,600.00,,false,,29.90,0.0498,true,1,199269
7290003287284,false,קבב ביתי קצביה ארוז 600 ג' - 8 יח',,,קבב ביתי ארוז 600גר,,600.00,100 גרם,false,,29.90,0.0498,true,1,199271
7290003287291,false,קבב טלה וצנובר קצביה ארוז 600 ג' - 8 יח',יוליניבר,IL,קבב טלה וצנובר 600גר,,600.00,100 גרם,false,,29.90,0.0498,true,1,199272
7290003287314,false,קבב על מקל קינמון קצביה ארוז 520 ג' - 8 יח',,,קבב על מקל קינמון אר,,520.00,,false,,29.90,0.0575,true,1,229800
7290003287796,false,סינטה עגל,,,סינטה עגל,קילוגרמים,1.00,"ק""ג",true,,129.00,129.0000,true,1,244251
7290003318100,false,וופל בטעם שוקולד מנעמים 200 ג',מנעמים תעשיות מזון,IL,וופל טעם שוקו מנעמים,,200.00,,false,,4.90,0.0245,true,1,190701
7290003318131,false,ופל קלאסיק אגוז 200 גרם מנעמים,מנעמים תעשיות מזון,IL,וופל אגוז מנעמים 200,,200.00,,false,,4.90,0.0245,true,1,190702
7290003318155,false,וופל טעם לימון מנעמים 200 ג',מנעמים תעשיות מזון,IL,וופל טעם לימון מנעמי,,200.00,,false,,4.90,0.0245,true,1,190703
7290003318599,false,וופל וניל 200 גרם מנעמים,מנעמים תעשיות מזון,IL,וופל וניל מנעמים 200,,200.00,,false,,4.90,0.0245,true,1,190704
7290003321155,false,יוגורט בר עם פקאן מצופה שוקולד 183 ג' דנונה,"שטראוס בריאות בע""מ",IL,דנונה בר פקאן 183גר,,183.00,100 גרם,false,,5.30,0.0290,true,1,195703
7290003321292,false,גבינה לבנה 9% שומן 250 ג' שטראוס,מיוצר עי קונדיטוריית,IL,קרם גבינה 9% סקי 250,,250.00,100 גרם,false,,5.30,0.0212,true,1,195704
7290003332007,false,קפה נחלה סובחי 250גר,סובחי נחלה ובניו,,קפה נחלה סובחי 250גר,,250.00,,false,,15.90,0.0636,true,1,205594
7290003332045,false,קפה נחלה אדום ללא הל 250ג',קפה אל נחלה,,קפה נחלה סובחי 250גר,,250.00,,false,,15.90,0.0636,true,1,205595
7290003401376,false,"קרם לחות ועיצוב לשיער אלוורה נטורל 400 מ""ל",מיוצר עי אמיליה קוסמ,IL,נטורל קרם לשיער רגיל,,400.00,100 גרם,false,,24.90,0.0622,true,1,180249
7290003411276,false,עמבה הודית מובחרת הנמל 600ג',טרופיקל דגיל תעשיות,IL,עמבה מובחרת 500גר,,500.00,,false,,12.90,0.0258,true,1,191588
7290003411948,false,צמר גפן הנמל 100 גרם,ספה,TR,צמר גפן הנמל 100גרם,,100.00,,false,,4.90,0.0490,true,1,191611
7290003411993,false,גפרורים הנמל 10 יחיד,"איטיליאן פוד, אס.פי.",SE,גפרורים 10יח הנמל,,10.00,,false,,2.90,0.2900,true,1,191612
7290003438006,false,ממרח אולביה פסטו וצנובר איטלקי 190ג',מיוצר עי קונדיטוריית,IL,פסטו איטלקי אוליביה,,180.00,100 גרם,false,,14.90,0.0828,true,1,192886
7290003438013,false,ממרח זיתים ירוקים 190 ג' אוליביה,קריות זול,IL,ממרח זיתים אוליביה 1,,190.00,,false,,14.90,0.0784,true,1,192887
7290003438020,false,ממרח עגבניות מיובשות 190 ג' אוליביה,מיוצר עי קונדיטוריית,IL,ממרח עגבניות מיובשות,,190.00,,false,,14.90,0.0784,true,1,192888
7290003438709,false,ממרח אולביה זיתים שחורים וירוקים 190 ג',גוד פוד פרודקטס S.p,IL,ממרח זיתים שחורים או,,190.00,,false,,14.90,0.0784,true,1,192900
7290003438853,false,אוליביה ממרח אריסה חריפה 185 גר ',אוליביה,IL,אריסה חריפה 185 גרם,,185.00,100 גרם,false,,14.90,0.0805,true,1,192901
7290003514007,false,שקדי מרק מאסטר שף 40,מנה Mana,IL,שקדי מרק מאסטר שף 40,,400.00,100 גרם,false,,8.90,0.0223,true,1,185562
7290003521074,false,"ד""ר פישר - סרקל מרכך שיער לילדים 1 ליטר",הדקלאים אגודת שיתופי,IL,סרקל מרכך שיער לילדי,,1000.00,,false,,29.90,0.0299,true,1,204339
7290003521081,false,"ד""ר פישר - סרקל שמפו לילדים 1 ליטר","ד""ר פישר Dr fischer",IL,סרקל שמפו לילדים 1לי,,1000.00,,false,,29.90,0.0299,true,1,204340
7290003521197,false,"ד""ר פישר - סרקל תרסיס מתיר קשרים 340 מ""ל",פישר מעבדות פרמצבטיו,IL,סקרל מתיר קשרים 340מ,,400.00,,false,,27.90,0.0697,true,1,204343
7290003570164,false,מינוט בלדי שווארמה פרגית 300 ',"בלדי בע""מ",IL,שווארמה פרגית מינוט,,300.00,100 גרם,false,,31.90,0.1063,true,1,224616
7290003572465,false,מוח בקר לא מוכשר קפו,,,מוח בקר לא מוכשר קפו,קילוגרמים,1.00,"ק""ג",true,,119.00,119.0000,true,1,247080
7290003578078,false,קוקטיל פירות טרופי ויליפוד 850 ג',קריות זול,CN,קוקטיל טרופי ויליפוד,,850.00,100 גרם,false,,9.90,0.0116,true,1,178534
7290003578108,false,אננס חתיכות ויליפוד 850 ג',טקרנג פינאפל אינדסטר,TH,אננס חתיכות ויליפוד,,850.00,100 גרם,false,,9.90,0.0116,true,1,178536
7290003578177,false,תירס גמדי שלם ויליפוד 410 ג',מגסטיק פוד אידסטרי ק,TH,תירס גמדי ויליפוד 41,,410.00,,false,,8.90,0.0217,true,1,178539
7290003578313,false,דובדבנים חמוצים ללא חרצנים 680גר,דל מונטה היילס אס.אי,HU,דובדבנים חמוצים ללא,,680.00,,false,,10.90,0.0160,true,1,178543
7290003598311,false,מינוט סטייק חלק ריאה 300 ג',בלדי,IL,*מבצע* בלדי מינוט סט,,300.00,,false,,30.00,0.1000,true,1,222426
7290003598472,false,מנות פילה סלמון נורבגי.,לאטי עזרא,IL,פילה סלמון מנות נורב,קילוגרמים,1.00,"ק""ג",true,,89.90,89.9000,true,1,229769
7290003598748,false,מקרל נורבגי שלם ארוז - הדייג,,,מקרל נורבגי שלם ארוז,קילוגרמים,1.00,"ק""ג",true,,21.90,21.9000,true,1,235297
7290003643004,false,"אורז בסמטי קלאסי 1 ק""ג סוגת",האי נאם סי או אל.טי.,IL,אורז בסמטי סוגת 1קג,,1000.00,100 גרם,false,,14.90,0.0149,true,1,192367
7290003643325,false,קוסקוס בינוני 350 גרם סוגת,קריות זול,IL,קוסקוס בינוני סוגת 3,,350.00,100 גרם,false,,6.90,0.0197,true,1,192377
7290003643387,false,"סוכר לבן בצנצנת 1 ק""ג סוגת",האי נאם סי או אל.טי.,IL,סוכר לבן בצנצנת סוגת,,1000.00,100 גרם,false,,10.90,0.0109,true,1,192380
7290003643646,false,"סוכר דמררה קלאסי בצנצנת סוגת 1 ק""ג",האי נאם סי או אל.טי.,IL,סוכר דמררה בצנצנת סו,,1000.00,,false,,13.90,0.0139,true,1,192382
7290003643684,false,אפונה יבשה סוגת 500 גר',האי נאם סי או אל.טי.,IL,אפונה סוגת 500גר,,500.00,100 גרם,false,,6.90,0.0138,true,1,192383
7290003643714,false,חומוס סוגת 500 גרם,האי נאם סי או אל.טי.,IL,חומוס סוגת 500גר,,500.00,100 גרם,false,,8.90,0.0178,true,1,192385
7290003643738,false,סוגת חיטה 500 גרם,האי נאם סי או אל.טי.,IL,חיטה סוגת 500 גר,,500.00,100 גרם,false,,6.90,0.0138,true,1,192386
7290003643745,false,סוגת כוסמת 500 גרם,האי נאם סי או אל.טי.,IL,כוסמת סוגת 500גר,,500.00,,false,,8.90,0.0178,true,1,192387
7290003643752,false,עדשים ירוקים יבש סוגת 500 גר',האי נאם סי או אל.טי.,IL,עדשים ירוקים סוגת 50,,500.00,100 גרם,false,,9.90,0.0198,true,1,192388
7290003643776,false,"פופקורן גרעינים סוגת 500 ג' כשל""פ",האי נאם סי או אל.טי.,IL,פופקורן סוגת 500 גר,,500.00,100 גרם,false,,6.90,0.0138,true,1,192390
7290003643783,false,קוקוס סוגת 100 גרם,האי נאם סי או אל.טי.,IL,קוקוס סוגת 100 גר,,100.00,100 גרם,false,,4.90,0.0490,true,1,192391
7290003643806,false,שעועית לבנה יבשה סוגת 500 ג',האי נאם סי או אל.טי.,IL,שעועית לבנה סוגת 500,,500.00,100 גרם,false,,10.90,0.0218,true,1,192393
7290003643820,false,חומוס ענק יבש סוגת 500 גרם,Unknown,,חומוס ענק סוגת 500גר,,500.00,100 גרם,false,,12.90,0.0258,true,1,192395
7290003681303,false,שעועית מעורבת יבשה מיה 500 גר',מיה,IL,שעועית מעורבת 500גר,,500.00,,false,,9.50,0.0190,true,1,202819
7290003681532,false,דובדבנים מסוכרים 80 גר' מיה,מיה תעשיות מזון,IL,דובדבנים מסוכרים 80,,80.00,,false,,8.50,0.1063,true,1,202824
7290003681693,false,חומוס לבן ענק יבש מיה 500 גר',מיה,IL,חומוס לבן ענק 500גר,,500.00,,false,,11.90,0.0238,true,1,202826
7290003718610,false,"במיה 400 ג' בית יוסף כשל""פ",,,במיה קפואה 400גר,,400.00,100 גרם,false,,10.90,0.0273,true,1,199287
7290003719259,false,לחם ליבו אקסלוסיבי 1 ק'ג,מאפית י את א ברמן בע,IL,לחם טיבעי ליבו 1קג,,1000.00,100 גרם,false,,17.50,0.0175,true,1,199959
7290003726592,false,טופו מתובל בפסטו במרקם קלאסי,משק וואיילר,IL,טופו ויילר בטעם פסטו,,300.00,,false,,12.90,0.0430,true,1,227679
7290003726615,false,טופו הבית משק ויילר,הדקלאים אגודת שיתופי,IL,טופו ויילר 300גר,,300.00,100 גרם,false,,12.90,0.0430,true,1,227680
7290003796472,false,פילה מדומה מס 6 קפוא,,,פילה מדומה מס 6 קפוא,קילוגרמים,1.00,"ק""ג",true,,39.90,39.9000,true,1,245148
7290003796656,false,חזה בקר מס 3 מוכשר ק,,,חזה בקר מס 3 מוכשר ק,קילוגרמים,1.00,"ק""ג",true,,36.90,36.9000,true,1,242831
7290003796700,false,שריר הזרוע מס 8 מוכש,,,שריר הזרוע מס 8 מוכש,קילוגרמים,1.00,"ק""ג",true,,36.90,36.9000,true,1,241997
7290003796793,false,בשר ראש מוכשר קפוא,,,בשר ראש מוכשר קפוא,קילוגרמים,1.00,"ק""ג",true,,59.90,59.9000,true,1,242001
7290003804320,false,תיבולית שום ופטרוזיליה 72 ג' קנור,יוניליוור ישראל מזון,IL,תיבולית קנור שום פטר,,72.00,100 גרם,false,,10.90,0.1514,true,1,182629
7290003804368,false,"תיבולית בזיליקום בד""ץ 72 ג' קנור",יוניליוור ישראל מזון,IL,תיבולית קנור בזיליקו,,72.00,,false,,10.90,0.1514,true,1,182632
7290003804382,false,"תיבולית פטריות בד""ץ 72 ג' קנור",יוניליוור ישראל מזון,IL,תיבולית קנור פטריות,,72.00,,false,,10.90,0.1514,true,1,182634
7290003882922,false,עלי גפן ממולאים באורז ויליפוד 400ג',הזה פלאקספו פוד קו ב,CN,עלי גפן ממולא 400 גר,,400.00,100 גרם,false,,9.90,0.0248,true,1,178568
7290003976508,false,נוזל אסלות חומצה 1 ל' מג'יק,,,נוזל לניקוי אסלות 1ל,,1000.00,,false,,7.90,0.0079,true,1,203196
7290003976607,false,גל אקונומיקה סמיכה לבנדר טאצ' לבנדר 4 ל',סאסאטק,IL,אקונומיקה סמיכה טאצ',ליטרים,4000.00,ליטר,false,,10.90,0.0027,true,1,241224
7290003976614,false,גל אקונומיקה סמיכה פרחים טאצ' לבנדר 4 ל',,,אקונומיקה סמיכה טאצ',ליטרים,4000.00,ליטר,false,,10.90,0.0027,true,1,241225
7290003976768,false,"מרסס מסיר כתמים אוקסי פאואר 750 מ""ל טאצ'",,,טאצ' מרסס מסיר כתמים,,750.00,100 גרם,false,,10.00,0.0133,true,1,241226
7290003976775,false,מסיר כתמים אוקסי פאואר לכביסה צבעונית טאצ 3 ליטר,,,טאצ' מסיר כתמים אוקס,ליטרים,3000.00,ליטר,false,,14.90,0.0050,true,1,241228
7290003989096,false,סלט חציל פיקנטי אחלה,מיוצר עי קונדיטוריית,IL,חציל פיקנטי אחלה 500,,500.00,,false,,16.90,0.0338,true,1,195714
7290003989539,false,לורנצו רביולי במילוי גבינה,מיוצר עי קונדיטוריית,IL,רביולי גבינה שטראוס,,400.00,100 גרם,false,,22.50,0.0563,true,1,195715
7290003989553,false,"פסטה טורטליני פטריות, 400 גרם",מיוצר עי קונדיטוריית,IL,טורטליני פטריות שטרא,,400.00,100 גרם,false,,22.50,0.0563,true,1,195716
7290004022309,false,אמ&אמס אריזה בינונית,מרס,,אמ&אמס אריזה בינונית,,80.00,,false,,6.90,0.0863,true,1,223253
7290004030018,false,"פריניב מיץ לימון סחוט פרי לתיבול 500 מ""ל",הנסיך- מפעל לייצור ט,IL,מיץ לימון סחוט לסלטי,,500.00,,false,,7.90,0.0158,true,1,235507
7290004030100,false,מיץ תפוזים ולנסיה סחוט 1 ליטר100%,,,מיץ תפוזים סחוט ולנס,,1000.00,,false,,16.90,0.0169,true,1,249799
7290004030544,false,פריניב מיץ לימונדה לואיזה ולמון גראס 1 ליטר,פריניב בעמ,IL,מיץ לימונענע 1 ליטר,,1000.00,100 גרם,false,,13.90,0.0139,true,1,249801
7290004033705,false,הבורגריה – 6 לחמניות המבורגר בשקית,מאפית י את א ברמן בע,IL,לחמניות המבורגר ביג,,600.00,100 גרם,false,,15.90,0.0265,true,1,244327
7290004033712,false,לחם עננים מקמח מלא עם פרוסות עבות,מאפית י את א ברמן בע,IL,לחם עננים מקמח מלא 7,,750.00,,false,,16.90,0.0225,true,1,244325
7290004033729,false,לחם עננים מקמח כוסמין עם פרוסות עבות,מאפית י את א ברמן בע,IL,לחם עננים כוסמין 750,,750.00,100 גרם,false,,16.90,0.0225,true,1,244326
7290004033736,false,"עננים לחם לבן בסגנון בריוש עם פרוסות עבות, 500 גרם",מאפית י את א ברמן בע,IL,לחם עננים סגנון בריו,,500.00,,false,,16.90,0.0338,true,1,245665
7290004043108,false,אמ&אמס אריזה בינונית,מרס,,אמ&אמס אריזה בינונית,,89.00,,false,,6.90,0.0775,true,1,223251
7290004043205,false,אמ&אמס אריזה בינונית,מרס,,אמ&אמס אריזה בינונית,,93.00,100 גרם,false,,6.90,0.0742,true,1,223252
7290004061449,false,שף העוף שניצל אמרקאי 700 גר,,,שניצל אמרקאי 700גר,,700.00,100 גרם,false,,11.90,0.0170,true,1,171476
7290004061463,false,שניצל עוף אמיתי שומש,,,שניצל עוף אמיתי שומש,,700.00,100 גרם,false,,29.90,0.0427,true,1,171477
7290004061487,false,טבעות עוף 700 גר,,,טבעות עוף 700גר,,700.00,100 גרם,false,,16.90,0.0241,true,1,171479
7290004061494,false,נגיסי עוף 700 גר,,,נגיסי עוף 700גר,,700.00,100 גרם,false,,16.90,0.0241,true,1,171480
7290004063016,false,מלח שולחן מעולה דק 1,האי נאם סי או אל.טי.,IL,מלח שולחן 1קג,,1000.00,,false,,2.07,0.0021,true,1,207086
7290004063115,false,"מלח מטבח עבה להמלחת בשר ובישול 1 ק""ג 1ק""ג",האי נאם סי או אל.טי.,IL,מלח למליחות בשר וביש,,1000.00,,false,,2.07,0.0021,true,1,207087
7290004064099,false,מטחנה מלח מהרי ההימלאיה 250 גרם,חברת מלח הארץ אילת ב,IL,מלח מהרי ההימלאי מטח,,250.00,,false,,19.50,0.0780,true,1,190727
7290004064174,false,"תבלין מלח ההימלאיה דק בצנצנת 1 ק""ג",מלח הארץ,IL,מלח ההימלאיה דק בצנצ,,1000.00,100 גרם,false,,19.90,0.0199,true,1,222317
7290004064181,false,"תבלין מלח ההימלאיה גס בצנצנת 1 ק""ג",חברת מלח הארץ אילת ב,IL,מלח ההימלאיה גס בצנצ,,1000.00,100 גרם,false,,19.90,0.0199,true,1,222318
7290004068011,false,יוגורט כבשים בדלי 5% שומן 600 ג' גד,"מיוצר ע""י קוד יצרן M",IL,יוגורט כבשים 5% מחלב,,600.00,100 גרם,false,,18.90,0.0315,true,1,171602
7290004068035,false,"איירן יוגורט לשתייה 3% גד 500 מ""ל","מיוצר ע""י קוד יצרן M",IL,משקה איירן בסגנון בל,,500.00,100 גרם,false,,8.70,0.0174,true,1,171604
7290004068172,false,יוגורט עזים בדלי 5% שומן 600 ג' גד,קוד יצרן MKN,IL,יוגורט עיזים דלי 5%,,600.00,100 גרם,false,,18.90,0.0315,true,1,171606
7290004068332,false,גבינת קממבר בקר משול,מחלבות גד,IL,*מבצע* קממבר 25% מחל,קילוגרמים,1.00,"ק""ג",true,,120.00,120.0000,true,1,171563
7290004078690,false,"אגקס נוזל לניקוי אסלות מרענן 750 מ""ל",הנסיך- מפעל לייצור ט,FR,אגקס נוזל לניקוי אסל,,750.00,,false,,16.90,0.0225,true,1,185605
7290004119133,false,כד יוגורט תנובה 6.5% שומן 1.5 ליטר,מיוצר עי קונדיטוריית,IL,יוגורט 7% תנובה 1.5,,1500.00,100 גרם,false,,18.90,0.0126,true,1,189228
7290004119225,false,יוגורט אננס 3% שומן 150 ג' יופלה,תנובה מרכז שיתופי לש,IL,יופלה אננס 3% 150גר,,150.00,100 גרם,false,,5.20,0.0347,true,1,189229
7290004119928,false,מעדן וניל גביע 1.5% שומן 125 ג' קרלו,מחלבת אלון תבור,IL,קרלו וניל 1.5% 125גר,,125.00,100 גרם,false,,3.20,0.0256,true,1,189236
7290004119973,false,מעדן שוקו 1.5% שומן 125 ג' קרלו,תנובה מרכז שיתופי לש,IL,קרלו שוקולדה 1.5% 12,,125.00,100 גרם,false,,3.20,0.0256,true,1,189237
7290004120061,false,קרלו שוקולד וניל 125,תנובה מרכז שיתופי לש,IL,קרלו שוניל 1.5% 125מ,,125.00,,false,,3.20,0.0256,true,1,189238
7290004120108,false,יופלה דיאט יוגורט דובדבן %0 גביע 150ג',תנובה מרכז שיתופי לש,IL,יופלה דיאט דובדבן 0%,,150.00,100 גרם,false,,5.30,0.0353,true,1,189240
7290004120566,false,גבינה בולגרית 24% 250 ג' פיראוס,קריות זול,IL,בולגרית 24% פיראוס,,250.00,100 גרם,false,,24.90,0.0996,true,1,189257
7290004120573,false,גבינה בולגרית %16 250 ג' פיראוס,תנובה מרכז שיתופי לש,IL,בולגרית בקר 16% פירא,,250.00,100 גרם,false,,24.90,0.0996,true,1,189258
7290004120634,false,גבינה בולגרית %5 250 ג' פיראוס,תנובה מרכז שיתופי לש,IL,פיראוס בולגרית 5% 25,,250.00,,false,,24.90,0.0996,true,1,189259
7290004120832,false,חלב תנובה טרי 3% מהדרין כד 2 ל',תנובה מרכז שיתופי לש,IL,חלב 3% מהדרין תנובה,,2000.00,100 גרם,false,,12.46,0.0062,true,1,189262
7290004121488,false,יופלה דיאט אפרסק 0% גביע 150 ג',תנובה מרכז שיתופי לש,IL,יופלה דיאט אפרסק 0%,,150.00,100 גרם,false,,5.30,0.0353,true,1,189275
7290004121525,false,יופלה מאגדת פרי 4 תות 4 אפרסק 3% 8 יח'*150 ג',תנובה מרכז שיתופי לש,IL,יופלה אפרסק תות 3% 8,,1200.00,,false,,31.90,0.0266,true,1,189278
7290004121754,false,יוגורט עוגת גבינה ותות 3% שומן 150 ג' יופלה,תנובה בעמ,IL,יופלה קרם גבינה ותות,,150.00,100 גרם,false,,5.20,0.0347,true,1,189286
7290004121839,false,גבינת פטה כבשים 20% 250 ג' פיראוס,תנובה מרכז שיתופי לש,IL,פטה כבשים 20% פיראוס,,250.00,100 גרם,false,,28.90,0.1156,true,1,189288
7290004121853,false,גבינה בולגרית בקוביות %5 200 ג' פיראוס,תנובה מרכז שיתופי לש,IL,פיראוס קוביות בולגרי,,200.00,,false,,22.70,0.1135,true,1,189289
7290004122119,false,פתיתי פרמזן לפסטה %23 100 ג' השף הלבן,פ.פ.ח. שאביט,IL,פתיתי פרמזן לפסטה 10,,100.00,100 גרם,false,,13.90,0.1390,true,1,189295
7290004122195,false,"גבינת גוש חלב פרוס 28%, כשרות מהדרין, 200 ג'",קריות זול,IL,גבינה גוש חלב פרוס 2,,200.00,,false,,14.90,0.0745,true,1,189296
7290004122270,false,גבינה צהובה פרוס בקופסא %28 200 ג' עמק,תנובה מרכז שיתופי לש,IL,גבינה צהובה עמק 28%,,200.00,,false,,17.50,0.0875,true,1,189297
7290004122348,false,עמק לייט 9% פרוס בקופסא,תנובה מרכז שיתופי לש,IL,גבינה צהובה מופחתת ש,,200.00,,false,,18.90,0.0945,true,1,189299
7290004122607,false,עמק לייט חריץ 9% תנו,תנובה מרכז שיתופי לש,,עמק לייט חריץ 9% תנו,קילוגרמים,1.00,"ק""ג",true,,77.00,77.0000,true,1,188641
7290004122676,false,גבינת חמד לייט 5% פיראוס 250 ג',"תנובה,מחלבת טנא נוגה",IL,פיראוס חמד 5% 250 גר,,250.00,,false,,19.40,0.0776,true,1,189306
7290004122683,false,חטיף גבינת אצבעות 28% 172 ג' עמק,תנובה מרכז שיתופי לש,IL,אצבעות גבינה צהובה ע,,172.00,,false,,17.90,0.1041,true,1,189307
7290004124168,false,יופלה לבן 3% יוגורט 150 ג',קריות זול,,יופלה לבן 3%  150גר,,150.00,,false,,2.20,0.0147,true,1,189335
7290004124175,false,יופלה לבן 1.5% גביע 150 גר להחזרות בלבד,קריות זול,,יופלה לבן 1.5% טבעי,,150.00,100 גרם,false,,2.00,0.0133,true,1,189336
7290004124205,false,יוגורט דיאט תות %0 שומן 150 ג' יופלה,תנובה מרכז שיתופי לש,IL,יופלה דיאט תות 0% 15,,150.00,100 גרם,false,,5.30,0.0353,true,1,189337
7290004124847,false,"קצפת צמחית השף הלבן 500 מ""ל תנובה",תנובה מרכז שיתופי לש,IL,קצפת צמחית 24% 500מל,,500.00,,false,,16.70,0.0334,true,1,189345
7290004125370,false,שמנת חמוצה מופחתת שומן 9%,תנובה מרכז שיתופי לש,IL,שמנת קלה 9% 200מל תנ,,200.00,,false,,4.00,0.0200,true,1,189355
7290004125400,false,"שלי אשל 4.5% תנובה 200מ""ל מהדרין",פארייפאבה אגרואינדוס,IL,אשל 4.5% מהדרין תנוב,,200.00,,false,,1.69,0.0084,true,1,189356
7290004125417,false,"שלי גיל 3% תנובה 200מ""ל מהדרין",תנובה מרכז שיתופי לש,IL,גיל 3% מהדרין תנובה,,200.00,,false,,1.51,0.0076,true,1,189357
7290004125455,false,**תנובה שמנת אורגינל מהדרין 15% 200מל,תנובה מרכז שיתופי לש,IL,שמנת חמוצה 15% מהדרי,,200.00,,false,,2.40,0.0120,true,1,189358
7290004125462,false,"שמנת אורגינל 15% מהדרין 500 מ""ל",תנובה מרכז שיתופי לש,IL,שמנת חמוצה 15% מהדרי,,500.00,100 גרם,false,,6.00,0.0120,true,1,189359
7290004125509,false,"שמנת 15% חצי מנה 100 מ""ל תנובה",תנובה מרכז שיתופי לש,IL,שמנת חצי מנה 15% תנו,,100.00,,false,,2.10,0.0210,true,1,189361
7290004125578,false,משקה סויה מעושר בסידן תנובה 1ל',תנובה מרכז שיתופי לש,IL,משקה סויה מועשר בסיד,,1000.00,,false,,10.90,0.0109,true,1,189362
7290004125585,false,משקה סויה וניל תנובה E אלטרנטיב,תנובה מרכז שיתופי לש,IL,משקה סויה על הבוקר ת,,1000.00,,false,,11.90,0.0119,true,1,189363
7290004125721,false,"שמנת לבישול 15% שומן 250 מ""ל תנובה",תנובה מרכז שיתופי לש,IL,שמנת לבישול 15% 250מ,,250.00,,false,,9.40,0.0376,true,1,189373
7290004125738,false,שמנת מתוקה עמידה להקצפה 32% השף הלבן,תנובה מרכז שיתופי לש,IL,שמנת להקצפה 32% 250מ,,250.00,,false,,7.30,0.0292,true,1,189374
7290004125776,false,גבינה צהובה 28% שומן 400 ג' עמק,קריות זול,IL,גבינה צהובה עמק 28%,,400.00,,false,,31.90,0.0797,true,1,189377
7290004126674,false,פרוסות גבינה חצי קשה 9% שומן 200 ג' עמק,תנובה מרכז שיתופי לש,IL,טל העמק לייט 9% 200,,200.00,,false,,20.90,0.1045,true,1,189395
7290004126759,false,יופלה דיאט פירות יער %0 גביע 150 ג',תנובה בעמ,IL,יופלה דיאט פירות יער,,150.00,100 גרם,false,,5.30,0.0353,true,1,189399
7290004126872,false,משקאות חלב תנובה שוקו בקבוק 250מל,קריות זול,IL,שוקו תנובה בקבוק 250,,250.00,,false,,6.20,0.0248,true,1,189400
7290004127077,false,קוטג' 3% שומן 250 ג' תנובה,מיוצר עי קונדיטוריית,IL,גבינת קוטג׳ 3% תנובה,,250.00,,false,,5.90,0.0236,true,1,189401
7290004127329,false,קוטג' 5% תנובה 250ג' מהדרין,מיוצר עי קונדיטוריית,IL,גבינת קוטג׳ 5% תנובה,,250.00,,false,,5.90,0.0236,true,1,189403
7290004127336,false,קוטג' 9% תנובה 250 ג' הדרין,מיוצר עי קונדיטוריית,IL,גבינת קוטג׳ 9% תנובה,,250.00,,false,,5.90,0.0236,true,1,189404
7290004127800,false,גבינה לבנה 5% שומן 500 ג' תנובה,מיוצר עי קונדיטוריית,IL,גבינה לבנה 5% תנובה,,500.00,,false,,9.96,0.0199,true,1,189409
7290004127817,false,גבינה לבנה 9% שומן 500 ג' תנובה,מיוצר עי קונדיטוריית,IL,גבינה לבנה 9% תנובה,,500.00,,false,,10.40,0.0208,true,1,189410
7290004127862,false,**תנובה גבינה למריחה מהדרין 5% 750ג,תנובה מרכז שיתופי לש,IL,גבינה לבנה 5% תנובה,,750.00,,false,,14.94,0.0199,true,1,189411
7290004127916,false,גבינה לבנה 0.5% שומן 500 ג' תנובה,תנובה מרכז שיתופי לש,IL,גבינה לבנה 0.5% בדצ,,500.00,,false,,10.40,0.0208,true,1,189413
7290004128333,false,לאבנה על בסיס יוגורט %9 שומן 500 ג' פיראוס,קריות זול,IL,לאבנה גביע %9 500גר,,500.00,,false,,21.50,0.0430,true,1,189427
7290004128340,false,קרם גבינת שמנת %5 בטעם טבעי 200 ג' תנובה,קריות זול,IL,גבינת שמנת בטעם טבעי,,200.00,100 גרם,false,,12.20,0.0610,true,1,189428
7290004128364,false,קרם גבינת שמנת 5% עם זיתים ירוקים 200 ג' תנובה,"תנובה, מחלבת תל יוסף",IL,גבינת שמנת בטעם זיתי,,200.00,100 גרם,false,,12.20,0.0610,true,1,189429
7290004129101,false,גבינת שמנת 25% בטעם טבעי 225 ג' נפוליאון,תנובה מרכז שיתופי לש,IL,גבינת נפוליאון בטעם,,225.00,100 גרם,false,,14.50,0.0644,true,1,189448
7290004129118,false,גבינת שמנת 24% עם זיתים ירוקים 225 ג' נפוליאון,תנובה מרכז שיתופי לש,IL,גבינת נפוליאון בטעם,,225.00,100 גרם,false,,14.50,0.0644,true,1,189449
7290004129156,false,גבינת שמנת25% עם שום שמיר 225 ג' נפוליאון,תנובה מרכז שיתופי לש,IL,גבינת נפוליאון שום ש,,225.00,100 גרם,false,,14.50,0.0644,true,1,189450
7290004129545,false,גבינה לבנה 3% שומן 250 ג' תנובה,מחלבת אלון תבור,IL,גבינה לבנה 3% תנובה,,250.00,,false,,5.20,0.0208,true,1,189463
7290004129736,false,יוגורט במתיקות מעודנת 1.5% שומן 200 ג' יופלה,תנובה מרכז שיתופי לש,IL,יופלה קרם יוגרט מעוד,,200.00,100 גרם,false,,4.80,0.0240,true,1,189473
7290004129767,false,יופלה לבן טבעי מאגדת 3% 8*150מל,מחלבת אלון תבור,IL,יופלה לבן מאגדת שמינ,,1200.00,100 גרם,false,,18.90,0.0157,true,1,189475
7290004130794,false,משקה סויה טבעי במתיקות מופחתת 1 ליטר,תנובה מרכז שיתופי לש,IL,משקה סויה מועשר 1 לי,,1000.00,,false,,11.90,0.0119,true,1,189490
7290004130916,false,יוגורט 3% פירות יער בשמנת 150 ג' יופלה,תנובה מרכז שיתופי לש,IL,יופלה בטעם פירות יער,,150.00,100 גרם,false,,5.20,0.0347,true,1,189494
7290004131074,false,**חלב תנובה טרי מהדרין קרטון 3% 1ל,תנובה מרכז שיתופי לש,IL,חלב 3% מהדרין תנובה,,1000.00,100 גרם,false,,6.23,0.0062,true,1,189502
7290004131456,false,יוגורט ביו 1.5% שומן 200 ג' יופלה,מיוצר עי קונדיטוריית,IL,יופלה לבן 1.5% 200מל,,200.00,,false,,4.20,0.0210,true,1,189513
7290004131814,false,גבינה צפתית 5% מעודנת 200 ג' פיראוס,פארייפאבה אגרואינדוס,IL,פיראוס צפתית 5% מעוד,,200.00,,false,,15.90,0.0795,true,1,189530
7290004131845,false,גבינת לאבנה 9% שומן 750 ג' פיראוס,תנובה מרכז שיתופי לש,IL,לאבנה גביע 9% 750גר,,750.00,100 גרם,false,,24.90,0.0332,true,1,189531
7290004132552,false,משקה סויה לייט בטעם טבעי טרי 1 ליטר,תנובה מרכז שיתופי לש,IL,משקה סויה דיאט וניל,,1000.00,,false,,11.90,0.0119,true,1,189545
7290004132606,false,מאגדת קרלו מיני וניל 8 יח' *100ג' מהדרין,תנובה מרכז שיתופי לש,,קרלו מיני וניל 8 *10,,800.00,,false,,14.90,0.0186,true,1,189549
7290004132903,false,**תנובה גבינה לבנה בדץ 3% 250ג,תנובה מרכז שיתופי לש,IL,גבינה לבנה 250 גרם 3,,250.00,,false,,5.20,0.0208,true,1,189560
7290004133511,false,יופלה מאגדת לבן 1.5% מעודן 8 יח' * 150 ג',מיוצר עי קונדיטוריית,IL,יוגורט לבן מעודן מאר,,1200.00,,false,,21.90,0.0182,true,1,189576
7290004135058,false,מאגדת קרלו מיני שוקולד 8 יח' * 100 ג',תנובה מרכז שיתופי לש,IL,קרלו מיני שוקולד 8*1,,800.00,,false,,14.90,0.0186,true,1,189608
7290004135225,false,מעדן תנובה דיאט שוקולדה 0% 150מל,תנובה מרכז שיתופי לש,IL,מעדן תנובה דיאט שוקו,,150.00,,false,,4.30,0.0287,true,1,189620
7290004135614,false,גבינה בולגרית מעודנת 5% 250 ג' פיראוס,קריות זול,IL,פיראוס בולגרית מעודנ,,250.00,,false,,24.90,0.0996,true,1,189639
7290004136598,false,מארז הפסקת אוכל עם קורנפלקס ומשקה חלב עמיד בטעם וניל,פארייפאבה אגרואינדוס,IL,הפסקת אוכל חלב ודגני,,150.00,,false,,10.50,0.0700,true,1,189675
7290004136857,false,מעדן גלי בטעם פטל 12,תנובה מרכז שיתופי לש,IL,ג'לי תנובה פטל 125גר,,125.00,100 גרם,false,,2.80,0.0224,true,1,189680
7290004136864,false,ג'לי תנובה אננס עם חתיכות אננס 125מל,קריות זול,IL,ג'לי תנובה אננס עם ח,,125.00,100 גרם,false,,3.10,0.0248,true,1,189681
7290004136871,false,ג'לי תנובה אפרסק עם חתיכות אפרסק 125מל,תנובה מרכז שיתופי לש,IL,ג'לי תנובה אפרסק עם,,125.00,100 גרם,false,,3.10,0.0248,true,1,189682
7290004137021,false,"שמנת לבישול 10% עמיד השף הלבן 250 מ""ל",תנובה מרכז שיתופי לש,IL,שמנת לבישול 10% 250מ,,250.00,,false,,9.40,0.0376,true,1,189685
7290004137311,false,עמק לייט משפחתית 9% 400ג-ועדת מהדרין,תנובה,IL,גבינה צהובה עמק ליי,,400.00,,false,,32.90,0.0822,true,1,189700
7290004137809,false,לאבנה 5% שומן 250 ג' פיראוס,"תנובה, מחלבת אלון תב",IL,לאבנה 5% 250גר פיראו,,250.00,,false,,13.90,0.0556,true,1,189714
7290004150112,false,חומוס מזרחי 300 גרם פיקנטי פרימיום,סלטי שמיר 2006 בעמ,,חומוס מזרחי 300גר פי,,300.00,100 גרם,false,,14.90,0.0497,true,1,248732
7290004150174,false,קולסלאו 300 גרם פיקנטי פרימיום,,,קולסלאו 300 גר פיקנט,,300.00,,false,,14.90,0.0497,true,1,248738
7290004150228,false,כרוב אדום 300 גרם פיקנטי פרימיום,,,כרוב אדום 300 גר פיק,,300.00,100 גרם,false,,14.90,0.0497,true,1,248743
7290004150235,false,חומוס עם חריף 300 גרם פיקנטי פרימיום,,,חומוס עם חריף 300גר,,300.00,,false,,14.90,0.0497,true,1,248744
7290004165000,false,רסק תפוחי עץ ממותק 560 גרם יכין,,,"רסק תפו""ע עם סוכר 56",,560.00,100 גרם,false,,9.90,0.0177,true,1,174342
7290004165017,false,רסק תפוחי עץ ללא סוכר 560 גרם יכין,זנלכל,IL,"רסק תפו""ע ללא סוכר 5",,560.00,,false,,9.90,0.0177,true,1,174343
7290004198589,false,סינטה בקר קפוא מוכשר,,,סינטה בקר קפוא מוכשר,קילוגרמים,1.00,"ק""ג",true,,69.90,69.9000,true,1,238812
7290004198770,false,פילה מדומה מס'6 מוכש,,,פילה מדומה מס'6 מוכש,קילוגרמים,1.00,"ק""ג",true,,39.90,39.9000,true,1,227668
7290004200077,false,שקית פרסים 2,,,שקית פרסים 2,יחידה,0.00,יחידה,false,,7.90,0.0000,true,1,186576
7290004200930,false,"זיקוק זוג 15 ס""מ בשק",שמחה זה אנחנו,,זיקוק עבה 2 בשקית,יחידה,0.00,יחידה,false,,8.90,0.0000,true,1,186585
7290004219819,false,קומפלטה מלבין קפה הולנדי 200ג,פריזלנד פודס קיוויט,NL,מלבין קפה קומפלטה 20,,200.00,,false,,13.90,0.0695,true,1,178572
7290004239893,false,דנוור סטייק,,,דנוור סטייק,קילוגרמים,1.00,"ק""ג",true,,99.00,99.0000,true,1,244786
7290004255008,false,בית חנוכייה מפואר,מנורה,,בית חנוכה קטן,יחידה,0.00,יחידה,false,,59.90,0.0000,true,1,245648
7290004255343,false,נרונים 72מנורה 4 שעות,קריות זול,IL,נריות 72 בקופסא - 4,,72.00,,false,,23.90,0.3319,true,1,173398
7290004255428,false,נר נשמה 24 שעות - מנורה,מנורה,IL,נר נשמה מנורה פחית 2,יחידה,0.00,יחידה,false,,1.90,0.0000,true,1,239727
7290004255558,false,נרות שבת 20 יח' - או,,,נרות שולחן 20 יח,,20.00,,false,,3.90,0.1950,true,1,173401
7290004255824,false,פתיל צף מתומן 50 יח,,,פתיל צף מתומן 50 יח,,50.00,,false,,3.40,0.0680,true,1,240808
7290004267209,false,עוגיות לקפה בשקית 200ג',,,עוגיות לקפה ברמן 200,,200.00,,false,,6.90,0.0345,true,1,231365
7290004267216,false,עוגיות ברמן ריבה בשקית 200 גר',,,עוגיות ריבה ברמן 200,,200.00,,false,,6.90,0.0345,true,1,231366
7290004267230,false,ברמן פריכיות אורז מצופה שוקולד 80 גרם,,,פריכיות פרח אורז מצו,,80.00,100 גרם,false,,6.90,0.0863,true,1,216107
7290004456108,false,פילה סלמון נורבגי קפ,,,פילה סלמון נורבגי קפ,קילוגרמים,1.00,"ק""ג",true,,79.90,79.9000,true,1,248981
7290004456283,false,אנטריקוט עגל פריים,,,אנטריקוט עגל פריים,קילוגרמים,1.00,"ק""ג",true,,159.00,159.0000,true,1,244252
7290004480363,false,"קאשקבל גלגל גד לק""ג",מחלבת גד,IL,*מבצע* קאשקבל מחלבות,קילוגרמים,1.00,"ק""ג",true,,137.00,137.0000,true,1,246735
7290004532031,false,שקדים קלויים 200 גרם,דין שיווק,,שקד קלוי 200גר,,200.00,,false,,19.90,0.0995,true,1,211952
7290004532048,false,גרעיני דלעת קלויים ומומלחים 200 גר',דין שיווק,,גרעין לבן 200גר,,200.00,100 גרם,false,,8.90,0.0445,true,1,211953
7290004532093,false,הטיב בוטנים בקליפה 250ג,g&g,,בוטנים בקליפה 250גר,,250.00,100 גרם,false,,7.90,0.0316,true,1,211957
7290004532123,false,הטיב פיסטוק חלבי 200ג,g&g,,פיסטוק חלבי 200גר,,200.00,100 גרם,false,,19.90,0.0995,true,1,211960
7290004532130,false,הטיב בוטן אמריקאי 200ג,"גיי אנג גי פקאנס בע""",IL,בוטן אמריקאי 200גר,,200.00,,false,,4.90,0.0245,true,1,211961
7290004532383,false,הטיב פקאן טבעי במגש 250ג,דין שיווק,,פקאן טבעי במגש 200גר,,200.00,100 גרם,false,,25.90,0.1295,true,1,211977
7290004532390,false,אגוז מלך טבעי קלוף 200 גר',דין שיווק,,אגוזי מלך בשקית 200ג,,200.00,,false,,17.90,0.0895,true,1,211978
7290004532444,false,שקד טבעי 200ג' הטיב,g&g,,שקד טבעי 200גרם,,200.00,,false,,19.90,0.0995,true,1,211981
7290004532574,false,גרעינים שחורים 200 גר',"גיי אנג גי פקאנס בע""",IL,גרעין שחור 200גר,,200.00,100 גרם,false,,5.90,0.0295,true,1,211988
7290004532581,false,בוטנים קלויים 200ג' הטיב,g&g,,בוטנים קלויים 200גר,,200.00,100 גרם,false,,6.90,0.0345,true,1,211989
7290004554354,false,גלידת פנטזיה שוקו וניל 1 ל' שטראוס,"גלידת שטראוס בע""מ, ר",IL,פנטזיה שוקו וניל 900,,900.00,100 גרם,false,,22.90,0.0254,true,1,187538
7290004554903,false,"גלידת פנטזיה שוקו וניל 900 מ""ל שטראוס","גלידת שטראוס בע""מ, ר",IL,פנטזיה שוקו וניל פרו,,900.00,100 גרם,false,,22.90,0.0254,true,1,187544
7290004575007,false,טילון וניל וופך ושברי אגוז ריאו מארז 70X5ג',"גלידות ריאו ביח""ר לג",IL,טילונים ריאו חמישייה,יחידה,0.00,יחידה,false,,15.90,0.0000,true,1,198804
7290004575069,false,גלידה מיניס חטיפים וניל ציפוי שוקו' ופצפוצי נ.חיטה ריאו מארז 32יח',"גלידות ריאו ביח""ר לג",IL,חטיפי גלידה מיניס בט,,700.00,100 גרם,false,,34.90,0.0499,true,1,198805
7290004575229,false,גלידה סנוקר מאגדת 5 יח',"גלידות ריאו ביח""ר לג",IL,גלידה סנקור 5יח,,500.00,100 גרם,false,,17.90,0.0358,true,1,198814
7290004575397,false,גלידה בטעמי מוקה וניל פיסטוק 1.8 ל' ריאו,"גלידות ריאו ביח""ר לג",IL,גלידה טריו חלבי/ילדו,,1800.00,,false,,15.90,0.0088,true,1,198824
7290004575403,false,גלידת פרווה בטעמים 1.8 ל' ריאו,"גלידות ריאו ביח""ר לג",IL,גלידה טריו פרווה בטע,,1800.00,100 גרם,false,,15.90,0.0088,true,1,198825
7290004575632,false,קרמבו ריאו בטעם וניל 16יח',"גלידות ריאו ביח""ר לג",IL,קרמבו ריאו 16יח,יחידה,0.00,יחידה,false,,22.90,0.0000,true,1,198830
7290004584306,false,רבעיית גמדים בטעם תות בננה * 100 ג' שטראוס,מיוצר עי קונדיטוריית,IL,גמדים תות בננה 5% מא,,400.00,100 גרם,false,,12.50,0.0313,true,1,195737
7290004584351,false,גבינה במרקם שמנת 5% טבעי 200 ג' סימפוניה,"שטראוס בריאות בע""מ",IL,סימפוניה במרקם שמנת,,200.00,100 גרם,false,,11.90,0.0595,true,1,195738
7290004584528,false,דנונה ביו יוגורט טבעי 1.5% 200 ג',מיוצר עי קונדיטוריית,IL,דנונה ביו 1.5% 200גר,,200.00,100 גרם,false,,4.20,0.0210,true,1,195740
7290004585907,false,דני ועדן וניל 1.5% 125ג' שטראוס,מיוצר עי קונדיטוריית,IL,דני וניל 125 גר,,125.00,100 גרם,false,,2.90,0.0232,true,1,195744
7290004603175,false,מלח הארץ מלחייה גס 500 גרם,תעשיות מלח לישראל,IL,מלח הארץ הים האדום ג,,500.00,,false,,9.90,0.0198,true,1,190731
7290004685010,false,לחם 100% שיפון פלוס לחם הארץ 500 גר',מאפית י את א ברמן בע,IL,לחם הארץ שיפון פלוס,,500.00,100 גרם,false,,16.90,0.0338,true,1,199978
7290004685027,false,ברמן לחם הארץ מחיטה מלאה קל 500גר,מאפית י את א ברמן בע,IL,לחם הארץ חיטה מלאה פ,,500.00,,false,,16.90,0.0338,true,1,199979
7290004685089,false,לחם הארץ לחם חמניות 500 גר',מאפית י את א ברמן בע,IL,לחם הארץ חמניות 500ג,,500.00,,false,,16.90,0.0338,true,1,199982
7290004685126,false,לחם פומפרניקל לחם הארץ 750 גרם,מאפית י את א ברמן בע,IL,לחם הארץ פומפרניקל 7,,750.00,,false,,16.90,0.0225,true,1,199985
7290004685157,false,לחם שיפון 100% 750 גרם לחם הארץ,מאפית י את א ברמן בע,IL,לחם הארץ שיפון 100%,,750.00,100 גרם,false,,16.90,0.0225,true,1,199988
7290004685195,false,לחם 10 דגנים לחם הארץ 750 גרם,מאפית י את א ברמן בע,IL,לחם הארץ 10 דגנים 75,,750.00,100 גרם,false,,16.90,0.0225,true,1,199990
7290004685201,false,לחם שיפון אגוזים לחם,מאפית י את א ברמן בע,IL,לחם הארץ אגוזים 500ג,,500.00,100 גרם,false,,16.90,0.0338,true,1,199991
7290004685225,false,לחם פומפרניקל לחם הארץ 750 גרם,מאפית י את א ברמן בע,IL,לחם הארץ פומפרניקל 7,,750.00,,false,,16.90,0.0225,true,1,199993
7290004685430,false,לחם כוסמין לחם הארץ,מאפית י את א ברמן בע,IL,לחם הארץ כוסמין 100%,,500.00,,false,,16.90,0.0338,true,1,220793
7290004685447,false,לחמניות כוסמין 6 יחי' 450 גר',מאפית י את א ברמן בע,IL,לחמניות כוסמין 6יח ש,,450.00,100 גרם,false,,13.90,0.0309,true,1,234405
7290004685454,false,לחם שיבולת שועל 500 גר'.,מאפית י את א ברמן בע,IL,לחם הארץ שיבולת שועל,,500.00,,false,,16.90,0.0338,true,1,241215
7290004725846,false,גאודה חריץ במשקל תנו,,,גאודה חריץ במשקל תנו,קילוגרמים,1.00,"ק""ג",true,,89.00,89.0000,true,1,244080
7290004731472,false,"אל סבון צבעוני כיף שלישיה* 500 מ""ל",טרופיקל דגיל תעשיות,IL,כיף אל סבון שלישיה צ,,1500.00,,false,,21.90,0.0146,true,1,180292
7290004737719,false,אספרגוס שלם בצנצנת 330 ג' ולי פוד,קריות זול,CN,אספרגוס שלם בצנצנת 3,,330.00,,false,,10.90,0.0330,true,1,178579
7290004737900,false,וילי פוד חלב מרוכז ממותק397ג,יו.איי.בי מאריג'אמפו,LT,חלב מרוכז ממותק 397,,397.00,100 גרם,false,,11.90,0.0300,true,1,178580
7290004846237,false,צלי כתף מס' 5 לא מעו,,,צלי כתף מס' 5 לא מעו,קילוגרמים,1.00,"ק""ג",true,,57.90,57.9000,true,1,223943
7290004861025,false,בולגרית מעודנת 5%,מחלבת המושבה,IL,בולגרית 5% המושבה,קילוגרמים,1.00,"ק""ג",true,,54.00,54.0000,true,1,234457
7290004861056,false,צפתית/ברינזה 5% המוש,,,צפתית/ברינזה 5% המוש,קילוגרמים,1.00,"ק""ג",true,,45.00,45.0000,true,1,223217
7290004861063,false,גבינת קש 9% המושבה,מחלבת המושבה,IL,גבינת קש 9% המושבה,קילוגרמים,1.00,"ק""ג",true,,45.00,45.0000,true,1,223218
7290004861278,false,שמנת 30% טבעי המושבה,,,שמנת 30% טבעי המושבה,קילוגרמים,1.00,"ק""ג",true,,45.00,45.0000,true,1,198178
7290004861315,false,לאבנה 5% המושבה,מחלבת המושבה,IL,לאבנה 5% המושבה,קילוגרמים,1.00,"ק""ג",true,,45.00,45.0000,true,1,223215
7290004861360,false,צפתית 5% המושבה,,,צפתית 5% המושבה,קילוגרמים,1.00,"ק""ג",true,,49.00,49.0000,true,1,223220
7290004944032,false,חומוס שמיר אסלי 400 גר,סלטי שמיר 2006 בעמ,IL,חומוס אסלי 400 גרם,,400.00,,false,,14.90,0.0373,true,1,198309
7290004944049,false,טחינה אסלי שמיר 400 ג',סלטי שמיר 2006 בעמ,IL,טחינה אסלי 400גר,,400.00,100 גרם,false,,14.90,0.0373,true,1,198310
7290004944063,false,סלט תורכי אסלי שמיר 400 ג',סלטי שמיר 2006 בעמ,IL,תורכי אסלי 400גר,,400.00,100 גרם,false,,14.90,0.0373,true,1,198312
7290005068058,false,תירס קל מופחת קלוריות 550 ג' פרי הגליל,"פרי הגליל בע""""מ",IL,תירס קל מופחת קלוריו,,550.00,100 גרם,false,,8.90,0.0162,true,1,201284
7290005068447,false,"גרגרי תירס קל בוואקום ללת""ס פרי גליל 340ג'","פרי הגליל בע""""מ",IL,תירס קל בוואקום 340ג,,340.00,100 גרם,false,,8.90,0.0262,true,1,201285
7290005068492,false,לקט ירקות מעורבים 700 ג' פרי הגליל,"פרי הגליל בע""""מ",IL,לקט ירקות מעורבים 70,,700.00,100 גרם,false,,13.90,0.0199,true,1,201286
7290005068553,false,לקט ירקות בורגנדי 700 ג' פרי הגליל,"פרי הגליל בע""""מ",IL,לקט ירקות בורגנדי 70,,700.00,100 גרם,false,,13.90,0.0199,true,1,201287
7290005068621,false,ברוקולי קפוא פרי גליל 800ג',"פרי הגליל בע""""מ",IL,ברוקולי 800גר,,800.00,100 גרם,false,,15.90,0.0199,true,1,201288
7290005084355,false,"סנסודיין - משחת שיניים דואל קר זהב 75 מ""ל",גלקסו סמית קליין,GB,סנסודיין משחת שיניים,,75.00,,false,,21.90,0.2920,true,1,199596
7290005113222,false,זיתים קוקטייל וגמבה יבנה 350ג',קדבורי,IL,זיתים מיקס יבנה 340,,340.00,,false,,10.90,0.0321,true,1,211456
7290005174513,false,חציל במיונז 500 ג' אחלה,מיוצר עי קונדיטוריית,IL,חציל במיונז אחלה 500,,500.00,100 גרם,false,,16.90,0.0338,true,1,195749
7290005174551,false,סלט חומוס עם צנוברים 125 ג' אחלה,מיוצר עי קונדיטוריית,IL,סלט חומוס אחלה 125גר,,125.00,,false,,5.50,0.0440,true,1,195750
7290005174568,false,חציל אחלה במיונז 125 גר',"שטראוס גרופ בע""מ",IL,סלט חצילים אחלה 125ג,,125.00,,false,,5.60,0.0448,true,1,195751
7290005174575,false,טחינה אחלה יום יום משובחת 125ג',מיוצר עי קונדיטוריית,IL,סלט טחינה אחלה 125גר,,125.00,,false,,5.60,0.0448,true,1,195752
7290005175589,false,וילי פוד קמח תירס ללא גלוטן 1קג,קריות זול,AR,קמח תירס ויליפוד 1 ק,,1000.00,100 גרם,false,,10.90,0.0109,true,1,178582
7290005199578,false,"קפה פלאטינום עלית נטול 200ג' כש""לפ",קריות זול,IL,קפה נטול קפאין עלית,,200.00,100 גרם,false,,29.90,0.1495,true,1,208640
7290005200786,false,תפוצ'יפס שמנת ובצל 50 גרם,"שטראוס פריטו ליי בע""",IL,תפוציפס שמנת ובצל 50,,50.00,100 גרם,false,,4.40,0.0880,true,1,184063
7290005201455,false,קפה נמס ארומה עלית 200 ג',"אינסטנטה בע""מ",IL,קפה נמס ארומה 200 גר,,200.00,100 גרם,false,,19.90,0.0995,true,1,233767
7290005270000,false,עלי סיגר מרוקאי 500,חמים וטעים,IL,עלי סיגר 500גר,,500.00,,false,,16.90,0.0338,true,1,172386
7290005287206,false,טונה בשמן סטארקיסט 4*160 ג',"סטארקיסט פודור בע""מ",,טונה בשמן רביעייה סט,,640.00,,false,,25.90,0.0405,true,1,179561
7290005287251,false,טונה במים סטארקיסט 4*160 ג',"איטיליאן פוד, אס.פי.",,טונה במים רביעייה סט,,640.00,,false,,25.90,0.0405,true,1,179564
7290005287657,false,סטארקיסט ממרח טונה 160 ג',סטארקיסט,IL,ממרח טונה סטארקיסט 1,,160.00,100 גרם,false,,7.90,0.0494,true,1,179578
7290005296246,false,"פותח סתימות דריין אאוט 946 מ""ל יעקבי",יוליניבר,US,כלורקס פותח סתימות 9,,946.00,,false,,29.90,0.0316,true,1,183606
7290005296260,false,"אסטוניש ספריי רסס ונגב לניקוי כללי 750 מ""ל",אסטוניש Astonish,GB,אסטוניש רסס ונגב 750,,750.00,100 גרם,false,,15.90,0.0212,true,1,183607
7290005317125,false,ביסקוויט חצי מצופה 175 גר',אפיפית נצרת תעשיות ב,IL,ביסקוויט חצי מצופה 1,,175.00,,false,,6.50,0.0371,true,1,202424
7290005317200,false,קרקר טופז טעמים שונים 110 גר,אפיפית נצרת,IL,קרקר טופז מלח 110גר,,110.00,,false,,3.90,0.0355,true,1,202426
7290005326523,false,ממרח פסטו פטרוזיליה ונענע 180 ג' אוליביה,אוליביה,IL,ממרח פסטו פטרוזיליה,,185.00,100 גרם,false,,14.90,0.0805,true,1,192933
7290005326585,false,ממרח אוליביה פסטו בזיליקום 180 ג',"אוליביה גורמה בע""מ",IL,פסטו בזיליקום אוליבי,,180.00,100 גרם,false,,13.90,0.0772,true,1,225197
7290005326677,false,רוטב ברביקיו 350 גרם,,,רוטב ברביקיו 350 גרם,,350.00,100 גרם,false,,15.90,0.0454,true,1,226312
7290005384851,false,וילי פוד מיץ לימון בדץ 200מל,קריות זול,IT,מיץ לימון ויליפוד 20,,200.00,,false,,4.90,0.0245,true,1,224653
7290005384868,false,בסגנון דנאבלו ויליפו,,,בסגנון דנאבלו ויליפו,קילוגרמים,1.00,"ק""ג",true,,89.00,89.0000,true,1,178387
7290005384899,false,בסיגנון פטה ים תיכונ,יושלם,DK,פטינה ויליפוד,קילוגרמים,1.00,"ק""ג",true,,39.00,39.0000,true,1,178388
7290005387043,false,צלעות מס' 2 חלק קפוא,,,צלעות מס' 2 חלק קפוא,קילוגרמים,1.00,"ק""ג",true,,39.90,39.9000,true,1,246607
7290005423635,false,ריצפז נוזל לניקוי רצפות דוחה חרקים 2 ל',מיוצר עי קונדיטוריית,IL,ריצפז פלוס דוחה חרקי,ליטרים,2.00,ליטר,false,,24.90,12.4500,true,1,180334
7290005423833,false,סנו פוליויקס פרקט 2 ליטר,"סנו מפעלי ברונוס בע""",IL,פוליויקס פרקט 2ליטר,ליטרים,2.00,ליטר,false,,23.90,11.9500,true,1,180336
7290005423871,false,אורביטול שלשות משחת שיניים מנטול מרכז,טרופיקל דגיל תעשיות,IL,אורביטול משחת שיניים,,435.00,100 גרם,false,,19.90,0.0457,true,1,180337
7290005423918,false,סנו - מקסימה מרכך כביסה היפואלרגני אלוורה 4 ליטר,"סנו מפעלי ברונוס בע""",IL,סנו מקסימה מרכך כביס,ליטרים,4.00,ליטר,false,,23.90,5.9750,true,1,180339
7290005424403,false,"אל סבון כיף אצות ים קטיפתי 1ליטר,",טרופיקל דגיל תעשיות,IL,כיף אל סבון אצות ים,,1000.00,100 גרם,false,,13.90,0.0139,true,1,180347
7290005424847,false,מפיות סנו סושי לבן לאירוח 150יח',מיוצר עי קונדיטוריית,TR,מפיות סנו סושי 150יח,יחידה,0.00,יחידה,false,,9.90,0.0000,true,1,180357
7290005425110,false,"חיטוי משטחים 99.9% מתז מחטא ומשמיד 750 מ""ל","סנו מפעלי ברונוס בע""",IL,מתז 99.9% לחיטוי משט,,750.00,,false,,17.90,0.0239,true,1,239852
7290005425127,false,"חיטוי משטחים 99.9% מתז לשומנים ואבנית 750 מ""ל","סנו מפעלי ברונוס בע""",IL,מתז לחיטוי ולניקוי י,,750.00,,false,,17.90,0.0239,true,1,239849
7290005425585,false,סנו רהיט מטליות להברקת רהיטים 20יח',טרופיקל דגיל,IL,מטליות להברקת רהיטים,,20.00,,false,,13.90,0.6950,true,1,180378
7290005425646,false,סנו קליר ספריי אקדח לניקוי והברקת חלונות 1ל',"סנו מפעלי ברונוס בע""",IL,סנוקליר לניקוי חלונו,,1000.00,,false,,10.90,0.0109,true,1,180380
7290005426193,false,ספוג הפלא אריזת סנו 6יח',טרופיקל דגיל תעשיות,IL,סנו סושי ספוג הפלא 6,יחידה,0.00,יחידה,false,,11.90,0.0000,true,1,180399
7290005426568,false,"קרמה - קרם לחות לשיער רגיל 400 מ""ל",טרופיקל דגיל תעשיות,IL,קרמה לחות לשיער רגיל,,400.00,100 גרם,false,,22.90,0.0572,true,1,180408
7290005426971,false,סנובון כחול בריח תפוח 3 יח' * 55 ג',קריות זול,IL,סנובון כחול בריח תפו,,150.00,,false,,17.90,0.1193,true,1,180426
7290005427107,false,סנו - סושי מגבות נייר הפלא 6 יחידות,מיוצר עי קונדיטוריית,IL,סנו סושי מגבות הפלא,,6.00,,false,,13.90,2.3167,true,1,180430
7290005427725,false,מגבונים ליטופים מארז חמישיה,טרופיקל דגיל,IL,מגבוני ליטופים מבושם,,5.00,,false,,21.90,4.3800,true,1,232818
7290005427787,false,"קרמה - קרם לחות לשיער מתולתל 400 מ""ל",טרופיקל דגיל תעשיות,IL,קרמה לחות לשיער מתול,,400.00,,false,,22.90,0.0572,true,1,180471
7290005428852,false,ממחטות טישו צבעוניים סנו סופט 5 יח' *100דף,ישרפייפר,IL,סנו סופט מגבוני טישו,,0.00,,false,,17.90,0.0000,true,1,180492
7290005429286,false,"אבקת כביסה מקסימה ביו 6 ק""ג סנו",סנו,IL,סנו מקסימה ביו אבקת,קילוגרמים,6.00,"ק""ג",false,,49.90,8.3167,true,1,180503
7290005430602,false,"סנו - אוקסיג'ן מרסס מסיר כתמים 750 מ""ל","סנו מפעלי ברונוס בע""",IL,סנו אוקסיגן מסיר כתמ,,750.00,,false,,18.90,0.0252,true,1,180508
7290005431883,false,קינוח מלבי חלבי עדן,עדן קינוחים Eden,IL,מלבי חלבי 165 גרם,,165.00,100 גרם,false,,7.40,0.0448,true,1,239132
7290005431906,false,קינוח קדאיף עדן 82 ג,עדן קינוחים Eden,IL,קדאיף 82 גרם,,92.00,100 גרם,false,,7.40,0.0804,true,1,239133
7290005431913,false,עוגת גבינה פירורים 92 גרם.,עדן קינוחים Eden,IL,עוגת גבינה פירורים 9,,92.00,100 גרם,false,,7.40,0.0804,true,1,239134
7290005431920,false,עוגת גבינה פירורים ללא תוספת סוכר,עדן קינוחים Eden,IL,עוגת גבינה פירורים ל,,165.00,100 גרם,false,,7.40,0.0448,true,1,239135
7290005431937,false,קינוח טירמיסו עדן 82,עדן קינוחים Eden,IL,טירמיסו 82 גרם,,82.00,100 גרם,false,,7.40,0.0902,true,1,239136
7290005431968,false,מלבי שמנת עדן קינוחי,עדן קינוחים Eden,IL,מלבי שמנת 150 גרם,,150.00,100 גרם,false,,7.90,0.0527,true,1,240794
7290005437069,false,שמן זית למאור 1 ליטר טעמן,,,שמן מאור טעמן 1ליטר,,1000.00,100 גרם,false,,22.90,0.0229,true,1,229406
7290005437540,false,פיטריות חתוך טעמן 290 גר',,,פטריות חתוכות טעמן 2,,290.00,,false,,4.90,0.0169,true,1,194630
7290005437632,false,שמן קנולה טעמן 1ליטר,,,שמן קנולה טעמן 1ליטר,,1000.00,100 גרם,false,,11.90,0.0119,true,1,233289
7290005437755,false,"פסטה צינורות 500 ג' בד""ץ טעמן",מוטלו,TR,פסטה טעמן 500גר,,500.00,100 גרם,false,,4.90,0.0098,true,1,194632
7290005437861,false,קוקטייל פירות טרופי 900ג',פ.ת גרייט פנאפל,ID,קוקטייל פירות טרופיי,,825.00,100 גרם,false,,13.90,0.0168,true,1,194638
7290005437939,false,פסטה ספגטיני 500 גר' טעמן,,,פסטה ספגטיני מס'10 ט,,500.00,100 גרם,false,,4.90,0.0098,true,1,194640
7290005437946,false,פסטה ספגטי טעמן 500 גר',,,פסטה ספגטי מס' 6 טעמ,,500.00,100 גרם,false,,4.90,0.0098,true,1,194641
7290005477669,false,דרמפון-סבון נוזלי מועשר בלחות,אמיליה קוסמטיקס,IL,דרמפון סבון נוזלי מו,,1000.00,,false,,19.90,0.0199,true,1,180521
7290005509445,false,מיני קוקיס בטעם חמאה 600 גר',כרמית תעשיות ממתקים,IL,מיני קוקיס בטעם חמאה,,600.00,,false,,17.90,0.0298,true,1,213386
7290005559709,false,בורקס פיצה מעדנות 700 ג',"מעדנות בע""מ",IL,בורקס פיצה מעדנות 70,,700.00,100 גרם,false,,27.90,0.0399,true,1,188345
7290005559907,false,פיצה משפחתית גבינה 500 ג' מעדנות,מיוצר עי קונדיטוריית,IL,פיצה משפחתית גבינה מ,,500.00,100 גרם,false,,21.90,0.0438,true,1,188349
7290005559914,false,פיצה משפחתית זיתים 550 ג' מעדנות,מיוצר עי קונדיטוריית,IL,פיצה משפחתית זיתים מ,,550.00,100 גרם,false,,21.90,0.0398,true,1,188350
7290005559990,false,בצק פילאס תורכי מעדנות 600 גרם,מיוצר עי קונדיטוריית,IL,בצק פילאס תורכי מעדנ,,600.00,100 גרם,false,,22.90,0.0382,true,1,188358
7290005591761,false,דבש טהור מפרחי בר בלחיץ 400 ג' יד מרדכי,מכוורת יד מרדכי שטרא,IL,*מבצע* דבש טהור מפרח,,400.00,100 גרם,false,,19.90,0.0497,true,1,208656
7290005610509,false,צנוניות ארוזות דוד מ,חקלאי,IL,צנוניות יח,יחידה,0.00,יחידה,false,,4.90,0.0000,true,1,214280
7290005651427,false,מעדני בונזו מולטיפק שלישיה * 410 ג',קריות זול,FR,בונזו מולטי פק 3*400,,1200.00,,false,,23.90,0.0199,true,1,179592
7290005689369,false,סינטה עגל,,,סינטה עגל,קילוגרמים,1.00,"ק""ג",true,,129.00,129.0000,true,1,248151
7290005838002,false,מעדן גבינה ויוגורט בטעם וניל 88 ג' דניאלה,"שטראוס בריאות בע""מ",IL,דניאלה מעדן בטעם וני,,150.00,,false,,4.30,0.0287,true,1,195764
7290005838613,false,שטראוס גבינת וניל 3% 125ג,"שטראוס בריאות בע""מ",IL,קרם גבינה 3% בטעם ונ,,125.00,100 גרם,false,,4.30,0.0344,true,1,195769
7290005839078,false,"דנונה יוגורט ביו 3% לבן מארז 150X8מ""ל",מיוצר עי קונדיטוריית,IL,דנונה ביו מארז שמיני,,1200.00,100 גרם,false,,18.50,0.0154,true,1,195771
7290005839108,false,סימפוניה 5% עם זיתים 200 ג' שטראוס,"שטראוס בריאות בע""מ",IL,סימפוניה זיתים 5% 20,,200.00,100 גרם,false,,11.90,0.0595,true,1,195773
7290005839313,false,"מילקי טופ שוקולד מגולגל 170 מ""ל",מיוצר עי קונדיטוריית,IL,מילקי טופ מגולגלת 14,,142.00,,false,,5.30,0.0373,true,1,195774
7290005896415,false,"בירה איגל פחית ירוק 500מ""ל","טמפו משקאות בע""מ",IL,בירה איגל ירוק פחית,,500.00,,false,,6.90,0.0138,true,1,223034
7290005896620,false,מים מוגז ' סאן בנדטו ' יחידה,אקווה מינרלה סאן בנד,IT,סאן בנדטו מים מינרלי,,1500.00,100 גרם,false,,3.90,0.0026,true,1,173021
7290005966088,false,"יין הר חרמון אדום עברית 750 מ""ל",יקב רמת הגולן,IL,יין הר חרמון אדום 75,,750.00,100 גרם,false,,37.90,0.0505,true,1,215566
7290005992018,false,יוגורט עיזים 3% שומן 500 ג' גד,"מיוצר ע""י קוד יצרן M",IL,יוגורט עיזים 3% 500מ,,500.00,100 גרם,false,,14.70,0.0294,true,1,171618
7290005992575,false,בולגרית למריחה 5% 250 גרם - רבנות,מחלבות גד בעמ,IL,בולגרית למריחה 5% 25,,250.00,,false,,18.90,0.0756,true,1,171622
7290005992735,false,לאבנה טבעית 5% 250 גר' - רבנות,הנסיך- מפעל לייצור ט,IL,לאבנה 5% 250גר מחלבו,,250.00,,false,,13.30,0.0532,true,1,171625
7290005996221,false,פסטרמה של פעם דק דק 120 גר',פ.פ.ח. שאביט,IL,פסטרמה של פעם דק דק,,120.00,,false,,14.90,0.1242,true,1,240735
7290005996740,false,סלמי פפרוני יחיעם 300 ג',מעדני יחיעם 1993,IL,סלמי פפרוני יחיעם 30,,300.00,100 גרם,false,,24.90,0.0830,true,1,243825
7290006040619,false,"גבינת טבורוג 5% בד""צ",,,טבורוג כפיר5%,קילוגרמים,1.00,"ק""ג",true,,30.00,30.0000,true,1,174125
7290006040621,false,טבורוג כפיר5%,,,טבורוג כפיר5%,קילוגרמים,1.00,"ק""ג",true,,30.00,30.0000,true,1,246606
7290006040621,false,טבורוג כפיר5%,,,טבורוג כפיר5%,קילוגרמים,1.00,"ק""ג",true,,30.00,30.0000,true,1,246532
7290006131102,false,הליבוט עם עור פרוס ב,,,הליבוט עם עור פרוס ב,קילוגרמים,1.00,"ק""ג",true,,74.90,74.9000,true,1,231197
7290006131287,false,פילה בקלה (מרלוזה) א,,,פילה בקלה (מרלוזה) א,קילוגרמים,1.00,"ק""ג",true,,34.90,34.9000,true,1,215732
7290006185501,false,"פנינה רוזנבלום -אל סבון נוזלי ורוד,1 ליטר",,,אל סבון ורוד פנינה ר,,1000.00,,false,,11.90,0.0119,true,1,233813
7290006185518,false,פנינה אל סבון נוזלי כחול פנינה 1 ל',,,אל סבון כחול פנינה ר,,1000.00,,false,,11.90,0.0119,true,1,233814
7290006199942,false,מאגדת גלידל פרי דובד,הגלידות של פלדמן,IL,גלידל פרי מאגדת בטעם,,8.00,,false,,23.90,2.9875,true,1,243158
7290006229427,false,"סאן בנדטו מים מהאלפים מארז 500X6מ""ל",קריות זול,,סאן בנדטו שישייה 6*5,,3000.00,,false,,14.90,0.0050,true,1,173032
7290006229588,false,בירה איגל פחית זהב 500 מל',"טמפו משקאות בע""מ",IL,בירה איגל זהב פחית 5,,500.00,100 גרם,false,,6.90,0.0138,true,1,223035
7290006241504,false,"פריגת קפוא תפוזים 280 מ""ל",פריגת מצוננים,IL,פריגת תפוזים קפוא 34,,345.00,,false,,15.90,0.0461,true,1,184616
7290006243713,false,בורקס גבינה שחף 800ג,,,בורקס גבינה שחף 800ג,,800.00,100 גרם,false,,15.90,0.0199,true,1,203294
7290006251107,false,תה ויסוצקי צ'אי מסאלה 25 יח',מולינו ניקולי s.p.a,IL,תה מסאלה ויסוצקי 25י,,25.00,,false,,19.90,0.7960,true,1,190732
7290006251275,false,תה ויסוצקי ירוק סיני 25יח',קריות זול,IL,תה ירוק סיני 25יח,,37.50,100 גרם,false,,26.90,0.7173,true,1,190734
7290006265500,false,פטריות שמפיניון ארוז מרינה,"מרינה פטריות הגליל בע""מ",IL,פטריות שמפיניון ארוז,,250.00,100 גרם,false,,8.90,0.0356,true,1,172480
7290006271174,false,מעדנות גחנון לאפייה בתנור 700גר,מיוצר עי קונדיטוריית,IL,גחנון לאפיה בתנור מע,,700.00,100 גרם,false,,18.90,0.0270,true,1,188362
7290006271181,false,מעדנות גחנון אפוי 750 גרם,מיוצר עי קונדיטוריית,IL,גחנון אפוי מעדנות 75,,750.00,100 גרם,false,,26.90,0.0359,true,1,188363
7290006271648,false,"מיני בורקס תפו""א 800 ג' מעדנות","מעדנות בע""מ",IL,"מיני בורקס תפו""א מעד",,800.00,100 גרם,false,,24.90,0.0311,true,1,188378
7290006271655,false,מיני בורקס גבינה 800 ג' מעדנות,מיוצר עי קונדיטוריית,IL,מיני בורקס גבינה מעד,,800.00,100 גרם,false,,27.90,0.0349,true,1,188379
7290006272072,false,חטיפי פיצה בשקית מעדנות 650ג',"מעדנות בע""מ",IL,חטיפי פיצה מעדנות 65,,650.00,,false,,33.90,0.0522,true,1,188391
7290006272430,false,בצק עלים חמאה מעדנות 600 ג',מיוצר עי קונדיטוריית,IL,בצק עלים חמאה מעדנות,,600.00,100 גרם,false,,28.90,0.0482,true,1,188396
7290006306296,false,רביולי לורנצו גבינה 400ג' פסטה נונה,פסטנונה רמת דלטון מר,IL,רביולי במילוי גבינה,,400.00,,false,,26.90,0.0672,true,1,189831
7290006306302,false,רביולי במילוי גבינות פרמזן ריקוטה 400 ג' פסטה נונה,פסטה נונה Pasta Nonn,IL,רביולי פרמזן ריקוטה,,400.00,,false,,26.90,0.0672,true,1,189832
7290006306319,false,רביולי במילוי בטטה 400 ג' פסטה נונה,דורום תעשיות מזון ופ,IL,רביולי במילוי בטטה 4,,400.00,,false,,26.90,0.0672,true,1,189833
7290006342072,false,גרעין דלעת קלוי ששון,דין שיווק,IL,גרעין דלעת קלוי ששון,,200.00,,false,,7.90,0.0395,true,1,200789
7290006342089,false,גרעיני חמניה קלויים,דין שיווק,,גרעין שחור 200גרם,,200.00,100 גרם,false,,4.90,0.0245,true,1,200790
7290006342447,false,גרעיני אבטיח ששון הק,דין שיווק,IL,גרעיני אבטיח 200גרם,,200.00,100 גרם,false,,12.90,0.0645,true,1,200791
7290006342553,false,קבוקים עם שומשום ששו,"דין שיווק וקליה בע""מ",,קבוקים 200גר,,200.00,,false,,5.00,0.0250,true,1,200794
7290006342560,false,בוטנים אמריקאים מצופ,דין שיווק,IL,בוטנים מצופים 200גר,,200.00,100 גרם,false,,5.00,0.0250,true,1,200795
7290006374653,false,דבש לייט מופחת קלוריות יד מרדכי 350 ג',קריות זול,IL,דבש לייט מופחת קלורי,,350.00,,false,,31.90,0.0911,true,1,208673
7290006374738,false,קונפיטורה תות 340 ג' יד מרדכי,אף.סי תבליני בגליל ב,IL,קונפיטורת תות יד מרד,,340.00,100 גרם,false,,15.90,0.0468,true,1,208679
7290006376022,false,קורנפלור 200גר פרימי,,,קורנפלור 200גר פרימי,,200.00,,false,,3.90,0.0195,true,1,240806
7290006376091,false,סודה לשתייה קרטונית,,,סודה לשתיה פרימיום 5,,50.00,100 גרם,false,,2.20,0.0440,true,1,226934
7290006376626,false,אבקת סוכר מהדרין 100 ג',,,אבקת סוכר פרימיום 10,,100.00,100 גרם,false,,2.50,0.0250,true,1,226935
7290006376688,false,עשיריית סוכר וניל,,,סוכר וניל 10*10גרם פ,,100.00,100 גרם,false,,2.50,0.0250,true,1,205898
7290006376695,false,עשיריית אבקת אפיה 10,,,אבקת אפיה 10*10גר פר,,100.00,,false,,2.50,0.0250,true,1,226933
7290006376718,false,גלטין לעוגה פרימיום 24 יח,,,ג'לטין שקיות 24 גר,,24.00,,false,,9.90,0.4125,true,1,198669
7290006464293,false,כבד בקר לצליה לא מוכ,,,כבד בקר לצליה לא מוכ,קילוגרמים,1.00,"ק""ג",true,,29.90,29.9000,true,1,198657
7290006492432,false,גבינת מוצרלה בייבי 18% 300 ג' גד,מחלבות גד בעמ,IL,בייבי מוצרלה מחלבות,,100.00,,false,,16.50,0.1650,true,1,171640
7290006492616,false,גבינה בולגרית פרוסות 5% 250 ג' גד,DSH עבור מחלבות גד ב,IL,בולגרית פרוסות 5% 25,,250.00,100 גרם,false,,27.90,0.1116,true,1,171642
7290006492630,false,גליל גד עז 22% 180 גרם - רבנות,מחלבות גד בעמ,IL,גבינת גליל מחלבות גד,,180.00,100 גרם,false,,24.50,0.1361,true,1,171643
7290006492685,false,לאבנה עיזים 5% 250 גרם - רובין,מחלבות גד בעמ,IL,לאבנה עזים 5% 250גר,,250.00,100 גרם,false,,18.80,0.0752,true,1,171645
7290006492852,false,גבינת עיזים למריחה 5% שומן 250 ג' גד,קריות זול,IL,*מבצע* גבינת עיזים 5,,250.00,100 גרם,false,,16.90,0.0676,true,1,171651
7290006492913,false,לאבנה ציזיקי למריחה 5% שומן 250 ג' גד,מחלבות גד בעמ,IL,לאבנה ציזיקי 250גר מ,,250.00,,false,,14.50,0.0580,true,1,171654
7290006494917,false,מרמולייט ופל בטעם שוקולד 180 ג',"איטיליאן פוד, אס.פי.",IL,וופל מרמולייט ופל בט,,180.00,100 גרם,false,,11.90,0.0661,true,1,207513
7290006511683,false,פולי סויה מאנצ`ו קפוא 454 ג' וילפוד,קו.אל.טי.די.קיאוניונ,CN,פולי סויה מאנצו קפוא,,454.00,100 גרם,false,,10.90,0.0240,true,1,178600
7290006511904,false,כדורי גבינת אדם וילי,ברגלנדמיל,AT,כדורי גבינת אדם וילי,קילוגרמים,1.00,"ק""ג",true,,79.00,79.0000,true,1,178395
7290006546012,false,שעועית בנוסח מקסיקני בטעם חריף 580 ג' פרי הגליל,"פרי הגליל בע""""מ",IL,צילי בנוסח מקסיקני ב,,580.00,100 גרם,false,,9.90,0.0171,true,1,201316
7290006546333,false,ציפס קפוא פרי גליל 7,"פרי הגליל בע""""מ",IL,ציפס קפוא פרי גליל 7,,700.00,,false,,13.90,0.0199,true,1,201319
7290006546371,false,במיה 600 ג' פרי הגליל,"פרי הגליל בע""""מ",IL,במיה 600גר,,600.00,100 גרם,false,,13.90,0.0232,true,1,201320
7290006546388,false,תחתיות ארטישוק 400 ג' פרי הגליל,"פרי הגליל בע""""מ",IL,תחתיות ארטישוק 400 ג,,400.00,100 גרם,false,,14.90,0.0373,true,1,201321
7290006546517,false,צי'פס סטייק קפוא פרי הגליל 800 ג',"פרי הגליל בע""""מ",IL,סטייק ציפס 800גר,,800.00,100 גרם,false,,16.90,0.0211,true,1,248343
7290006546999,false,לקט למרק פרי הגליל 800 ג',"פרי הגליל בע""""מ",IL,לקט למרק 800גר,,800.00,100 גרם,false,,13.90,0.0174,true,1,201339
7290006567048,false,קוסקוס ישראלי מפתול אסם 350ג',"מיוצר ע""י קוד יצרן K",IL,פתיתי קוסקוס ישראלי,,350.00,100 גרם,false,,8.50,0.0243,true,1,176970
7290006582355,false,סילאן דבש תמרים כשר,"דין שיווק וקליה בע""מ",IL,סילאן 900 גרם,,900.00,100 גרם,false,,11.90,0.0132,true,1,200802
7290006618078,false,"אסטוניש מרסס ניקוי יסודי 750 מ""ל",אסטוניש Astonish,GB,אסטוניש מרסס ניקוי י,,750.00,100 גרם,false,,15.90,0.0212,true,1,183618
7290006618085,false,"אסטוניש - מרסס לחדר האמבט עם אקונומיקה 750 מ""ל",אסטוניש Astonish,GB,אסטוניש מרסס לאמבט 7,,750.00,100 גרם,false,,15.90,0.0212,true,1,183619
7290006651570,false,קמיל בלו שמפו ואלסבון 750ג',"ד""ר פישר Dr fischer",IL,קמיל בלו אל סבון ושמ,,750.00,,false,,19.90,0.0265,true,1,175041
7290006652027,false,במבה מארז 20 יח' *15ג' אסם,מיוצר עי קונדיטוריית,IL,במבה יום הולדת מארז,,300.00,,false,,19.90,0.0663,true,1,176986
7290006653765,false,פסטה פרפקטו פטוציני 500ג' אסם,קריות זול,IT,פסטה פרפקטו פטוציני,,500.00,100 גרם,false,,8.50,0.0170,true,1,176994
7290006653819,false,קוסקוס דק בשקית אסם,"מיוצר ע""י קוד יצרן K",IL,קוסקוס דק אסם 350 גר,,350.00,100 גרם,false,,8.50,0.0243,true,1,176995
7290006664037,false,גמדים דגנים ארוחת בוקר מארז 100X4ג',"שטראוס בריאות בע""מ",IL,גמדים תפוח בננה 5% מ,,400.00,,false,,12.50,0.0313,true,1,195829
7290006664051,false,"אקטימל לבן מארז 100X14 מ""ל",מיוצר עי קונדיטוריית,IL,אקטימל טבעי 14*100מל,,1400.00,,false,,32.90,0.0235,true,1,195831
7290006664310,false,גבינה לבנה 3% שומן 250 ג' שטראוס,מיוצר עי קונדיטוריית,IL,קרם גבינה 3% סקי 250,,250.00,100 גרם,false,,5.30,0.0212,true,1,195838
7290006664402,false,גבינה 5% שומן 750 ג' שטראוס,מיוצר עי קונדיטוריית,IL,גבינה לבנה סקי 5% 75,,750.00,,false,,14.94,0.0199,true,1,195841
7290006664532,false,יוגורט עם תות 3% שומן 150 ג' דנונה,מיוצר עי קונדיטוריית,IL,דנונה תות 1.5% 150 מ,,150.00,,false,,4.50,0.0300,true,1,195849
7290006664655,false,"אקטימל לבן טבעי מארז 100X8 מ""ל",מיוצר עי קונדיטוריית,IL,?אקטימל דנונה 100x8,,800.00,100 גרם,false,,21.90,0.0274,true,1,195853
7290006664693,false,יוגורט עם אפרסק 3% שומן 150 ג' דנונה,מיוצר עי קונדיטוריית,IL,דנונה אפרסק 1.5% 150,,150.00,100 גרם,false,,4.50,0.0300,true,1,195856
7290006664990,false,דנונה ביו מארז חיסכון 1.5% 8 יח' *150 ג',מיוצר עי קונדיטוריית,IL,דנונה ביו מארז שמיני,,1200.00,100 גרם,false,,18.50,0.0154,true,1,195870
7290006696595,false,מסורת - יקבי אפרת 1 ליטר,יקב טפרברג 1870 בעמ,IL,יין מסורת 1 ליטר,,1000.00,100 גרם,false,,24.90,0.0249,true,1,172686
7290006707369,false,פטם כרעיים מצונן במגש טרי,עוף טוב,,כרעיים עוף טרי ארוז,קילוגרמים,1.00,"ק""ג",true,,29.90,29.9000,true,1,239125
7290006737915,false,דובשניות חפץ 300 גר',,,דובשניות 300גר,,300.00,,false,,7.90,0.0263,true,1,198670
7290006738615,false,קבב פרימיום זהב 100% בשר זוגלובק 400 ג',נקניק נהריה כשר זוגל,IL,קבב פרימיום 100% בשר,,400.00,100 גרם,false,,24.90,0.0622,true,1,212392
7290006739247,false,פסטרמה איטלקית זוגלו,כצט,IL,פסטרמה איטלקית זוגלו,קילוגרמים,1.00,"ק""ג",true,,89.00,89.0000,true,1,212270
7290006739407,false,שניצל תירס לייט 630 ג' זוגלובק,נקניק נהריה כשר זוגל,IL,שניצל תירס לייט זוגל,,630.00,100 גרם,false,,27.90,0.0443,true,1,212403
7290006739414,false,סלמי קוניאק 300 ג' זוגלובק,נקניק נהריה כשר זוגל,IL,סלמי קוניאק זוגלובק,,300.00,100 גרם,false,,28.90,0.0963,true,1,212404
7290006739421,false,סלמי מעושן איטלקי 300 ג' זוגלובק,נקניק נהריה כשר זוגל,IL,סלמי מעושן איטלקי זו,,300.00,,false,,28.90,0.0963,true,1,212405
7290006739445,false,שניצל תירס קלאסי 750 ג' זוגלובק,נקניק נהריה כשר זוגל,IL,שניצל תירס קלאסי זוג,,750.00,,false,,27.90,0.0372,true,1,212407
7290006739544,false,כתף בקר 300 ג' זוגלובק,זוגלובק,IL,כתף בקר זוגלובק 300ג,,300.00,100 גרם,false,,34.90,0.1163,true,1,212408
7290006741363,false,"בורקס תפו""א זוגלובק בד""צ 800ג'",מאפיית אריאל וגידרון,IL,"בורקס תפו""א בדץ זוגל",,800.00,100 גרם,false,,17.90,0.0224,true,1,212440
7290006742162,false,המבורגר מזרחי זוגלובק 400 גר',נקניק נהריה כשר זוגל,IL,המבורגר מזרחי זוגלוב,,400.00,100 גרם,false,,22.90,0.0572,true,1,212457
7290006742278,false,פסטרמה הודו צלויה על לבנים 330 ג' זוגלובק,נקניק נהריה כשר זוגל,IL,פסטרממיה צלויה על לב,,330.00,,false,,29.90,0.0906,true,1,212459
7290006742292,false,פסטרמה הודו בדבש 330 ג' זוגלובק,נקניק נהריה כשר זוגל,IL,פסטרממיה בדבש 1% זוג,,330.00,100 גרם,false,,29.90,0.0906,true,1,212461
7290006742315,false,פסטרמה חזה הודו ברביקיו זוגלובק 330 ג',נקניק נהריה כשר זוגל,IL,חזה הודו ברביקיו 1%,,330.00,,false,,29.90,0.0906,true,1,212463
7290006764485,false,"בירה נשר מאלט שחורה מארז 330X6מ""ל",קריות זול,,נשר מאלט בקבוק שישיי,,1980.00,,false,,32.90,0.0166,true,1,173045
7290006765000,false,טורטיות חיטה מלאה 8יח 540 ג',אלקטי קוראבייכיסיגיד,TR,טורטיות מקמח חיטה מל,,540.00,,false,,10.00,0.0185,true,1,227984
7290006770561,false,לקט לקוסקוס פרי הגליל 800ג',"פרי הגליל בע""""מ",IL,לקט לקוסקוס 800גר,,800.00,100 גרם,false,,13.90,0.0174,true,1,201344
7290006775016,false,עוגה מבית טוב 450 גרם תפוז,אחדות ביחר לטחינה חל,IL,עוגת תפוז 450גר,,450.00,100 גרם,false,,10.90,0.0242,true,1,203372
7290006775023,false,"עוגה מבית טוב"" 450 גרם אנגלית",אחדות ביחר לטחינה חל,IL,עוגת אנגלית 450גר,,450.00,100 גרם,false,,10.90,0.0242,true,1,203373
7290006775030,false,"עוגה מבית טוב"" 450 גרם שוקו-ציפס",אחדות ביחר לטחינה חל,IL,עוגת שוקולד 450גר,,450.00,,false,,10.90,0.0242,true,1,203374
7290006775047,false,"עוגה מבית טוב"" 450 גרם שוקולד",אחדות ביחר לטחינה חל,IL,עוגת שוקולד 450גר,,450.00,100 גרם,false,,10.90,0.0242,true,1,203375
7290006775054,false,עוגת שיש אחווה 450 ג' אחוה,אחדות ביחר לטחינה חל,IL,עוגת שיש 450גר,,450.00,100 גרם,false,,10.90,0.0242,true,1,203376
7290006775085,false,עוגת שמרים במילוי שוקולד 400גר,אחדות ביחר לטחינה חל,IL,עוגת שמרים שוקולד 40,,400.00,,false,,12.90,0.0323,true,1,203378
7290006775191,false,מאפין ממולא בטעם שוקולד 50 גרם אחוה,אחדות ביחר לטחינה חל,IL,מאפין ממולא שוקולד 5,,50.00,,false,,3.20,0.0640,true,1,203379
7290006775337,false,עוגת שמרים פרג 400 ג אחוה,אחדות ביחר לטחינה חל,IL,עוגת שמרים פרג 400גר,,400.00,100 גרם,false,,12.90,0.0323,true,1,203381
7290006775344,false,עוגת שמרים קינמון ואגוזי מלך 400 גרם,אחדות ביחר לטחינה חל,IL,עוגת שמרים קינמון וא,,400.00,100 גרם,false,,12.90,0.0323,true,1,203382
7290006775405,false,מאפינס שוקוצ'יפס אישי אחווה 45גרם,אחדות ביחר לטחינה חל,IL,מאפינס 40גר,,40.00,,false,,3.20,0.0800,true,1,203383
7290006775764,false,"עוגת שוקוצ'יפס לל""ס אחדות 400 גר'",אחדות ביחר לטחינה חל,IL,עוגת שוקוציפס ללא סו,,400.00,,false,,12.90,0.0323,true,1,203388
7290006775795,false,"עוגת תפו""ע אחוה במילוי עדין 450'","אחדות ביח""ר לטחינה ח",IL,עוגת תפוח עץ ממולאת,,450.00,100 גרם,false,,12.90,0.0287,true,1,203389
7290006775894,false,אחדות עוגת שיש ללא תוספת סוכר 400 גרם,"אחדות ביח""ר לטחינה ח",IL,עוגה שיש ללא סוכר 40,,400.00,100 גרם,false,,12.90,0.0323,true,1,203391
7290006788429,false,"קרליין - נושם סאן רייס דאודורנט רול און לאישה כתום 75 מ""ל",אמיליה קוסמטיקס בעמ,IL,קרליין רולאון נושם כ,,75.00,100 גרם,false,,14.90,0.1987,true,1,180549
7290006788436,false,"קרליין - נושם פיור דאודורנט רול און לאישה ורוד 75 מ""ל",משווק: קוסמופארם בעמ,IL,קרליין רולאון נושם ו,,75.00,,false,,14.90,0.1987,true,1,180550
7290006788443,false,"קרליין - נושם אוקסיג'ן דאודורנט רול און לאישה סגול 75 מ""ל",מולינו ניקולי s.p.a,IL,דאודורנט קרליין רול,,75.00,,false,,14.90,0.1987,true,1,232829
7290006788474,false,"קרליין - נושם אקווה דאודורנט ספריי לאישה כחול 200 מ""ל",אמיליה קוסמטיקס,IL,קרליין דאו ספריי 200,,200.00,,false,,14.90,0.0745,true,1,232830
7290006805355,false,תערובת להכנת כדורי שוקולד פילסברי 500ג',הדקלאים אגודת שיתופי,IL,כדורי שוקולד פילסברי,,500.00,,false,,19.90,0.0398,true,1,192113
7290006805850,false,תערובת להכנת פנקייקס 500ג' פילסברי,הדקלאים אגודת שיתופי,IL,תערובת להכנת פנקייקס,,500.00,100 גרם,false,,19.90,0.0398,true,1,192114
7290006822192,false,מיץ חמוציות דיאט אושן ספריי 1 ליטר,מבשלות בירה בינלאומי,IL,אושן ספריי דיאט חמוצ,,1000.00,,false,,13.90,0.0139,true,1,210314
7290006866967,false,נקטר חמוציות פרימור 1ל',סטאר סנקס,IL,פרימור נקטר חמוציות,,1000.00,,false,,12.90,0.0129,true,1,230357
7290006873460,false,מיץ ענבים בציר 1 ליט,יקב ירושלים,IL,מיץ ענבים בציר 1 ליט,,1000.00,,false,,13.90,0.0139,true,1,231949
7290006873620,false,מיץ ענבים אדום טבעי,,,מיץ ענבים אדום טבעי,,1000.00,100 גרם,false,,12.90,0.0129,true,1,212542
7290006873712,false,יין גראנש רוזה חצי י,,,יין גראנש רוזה חצי י,,1000.00,,false,,19.90,0.0199,true,1,212543
7290006873774,false,יין סמיון לבן חצי יבש1 ל,,,יין סמיון לבן חצי יב,,1000.00,100 גרם,false,,19.90,0.0199,true,1,212544
7290006873958,false,יין קרניאן אדום יבש,,,יין קרניאן אדום יבש,,1000.00,,false,,19.90,0.0199,true,1,212545
7290006920355,false,גליל בסגנון מוצרלה כ,,,גליל בסגנון מוצרלה כ,קילוגרמים,1.00,"ק""ג",true,,79.00,79.0000,true,1,241201
7290006920836,false,"תחליפי גבינ""צ מעושן פרוס 350 גר'",,,מעושן פרוס 350 גרם,,350.00,,false,,15.90,0.0454,true,1,174140
7290006920911,false,הולנדית פרוס 350ג' כפיר,,,הולנדי פרוס 350 גרם,,350.00,100 גרם,false,,15.90,0.0454,true,1,174142
7290006920997,false,כדורי מוצרלה 18% כפי,,,כדורי מוצרלה 18% כפי,קילוגרמים,1.00,"ק""ג",true,,79.00,79.0000,true,1,228453
7290006983152,false,קרוטונים מתובלים למרק 400 ג' אסם,עינת תעשיות מזון,IL,קרוטונים מתובלים למר,,400.00,100 גרם,false,,21.90,0.0547,true,1,177022
7290006983176,false,אוסם - לחמית שיפון 250 גרם,"אסם השקעות בע""מ",IL,לחמית שיפון אסם 250ג,,250.00,100 גרם,false,,9.90,0.0396,true,1,177023
7290006983206,false,אסם תערובת פלאפל בקלי קלות 180גר,"אסם השקעות בע""מ",IL,תערובת להכנת פלאפל א,,180.00,,false,,10.90,0.0606,true,1,177024
7290006983527,false,עוגת הבית תפוחי עץ עם פירורים 400 ג' אסם,מיוצר עי קונדיטוריית,IL,עוגת הבית תפוח עץ עם,,400.00,100 גרם,false,,18.50,0.0463,true,1,177032
7290006983763,false,עוגת הבית שוקולד 400 גרם אסם.,מיוצר עי קונדיטוריית,IL,עוגת הבית שוקולד אסם,,400.00,100 גרם,false,,14.90,0.0373,true,1,177033
7290006983770,false,עוגת הבית שיש 400 ג' אסם,מיוצר עי קונדיטוריית,IL,עוגת הבית שיש אסם 40,,400.00,100 גרם,false,,14.90,0.0373,true,1,177034
7290006983787,false,עוגת הבית שוקוציפס 400 גרם אסם,מיוצר עי קונדיטוריית,IL,עוגת הבית שוקוציפס א,,400.00,100 גרם,false,,14.90,0.0373,true,1,177035
7290006983794,false,עוגת הבית תפוז 400 ג' אסם,מיוצר עי קונדיטוריית,IL,עוגת הבית תפוז אסם 4,,400.00,,false,,14.90,0.0373,true,1,177036
7290006992185,false,"מטרנה - דייסת אורז פרוביוטי כשל""פ 200 גרם",מולינו ניקולי s.p.a,IL,דייסת אורז מטרנה 200,,200.00,100 גרם,false,,15.90,0.0795,true,1,177047
7290006992192,false,מטרנה - דייסת סולת 200 גרם,קריות זול,IL,דייסת סולת מטרנה 220,,200.00,100 גרם,false,,15.90,0.0795,true,1,177048
7290008000826,false,משחת שיניים ילדיים בארביי 50 גרם,כצט נוביס,IL,ברבי משחת שיניים ליל,,50.00,,false,,11.90,0.2380,true,1,199609
7290008104050,false,"פמינה - שטיפה אינטימית קלאסית 220 מ""ל",כצט נוביס סעמ,IL,פימינה נוזל שטיפה אי,,200.00,,false,,24.90,0.1245,true,1,199614
7290008154222,false,שניצלונים עוף טוב 700 גרם,מולינו ניקולי s.p.a,IL,שניצלונים עוף טוב 70,,700.00,,false,,19.90,0.0284,true,1,177059
7290008166010,false,לקט מובחר תערובת 200 גר',"גיי אנג גי פקאנס בע""",IL,לקט פיצוחים 200גר,,200.00,100 גרם,false,,16.90,0.0845,true,1,211998
7290008175173,false,חמאה ללא תוספת מלח 200 ג' וליו,ואליו אל.טי.די,FI,חמאה מפינלנד ללא מלח,,200.00,100 גרם,false,,15.90,0.0795,true,1,178610
7290008175210,false,גבינת פרמזן מגורדת 90ג' ויליפוד,זנטי אס.איי.,IT,פרמזנו מגורדת ויליפו,,90.00,,false,,16.90,0.1878,true,1,178611
7290008175760,false,מנצגו כבשים ויליפוד,אלפסטור,ES,מנצגו כבשים ויליפוד,קילוגרמים,1.00,"ק""ג",true,,120.00,120.0000,true,1,178398
7290008175777,false,גבינת איברקו חלב ישר,יושלם,ES,איבריקו ויליפוד,קילוגרמים,1.00,"ק""ג",true,,120.00,120.0000,true,1,228683
7290008194266,false,מארזים מתוקים א.אטיא,ממתקי השלום,IL,חטיפים מעורבים 350 ג,,350.00,,false,,14.50,0.0414,true,1,173914
7290008194761,false,מארז בוטנים וחמוציות,ממתקי השלום,IL,בוטנים אטיאס ללא תוס,,200.00,100 גרם,false,,14.50,0.0725,true,1,173916
7290008194839,false,חטיפים מצופים אטיאס,ממתקי השלום,IL,חטיפים מצופים אטיאס,,300.00,,false,,14.50,0.0483,true,1,173917
7290008286299,false,"פילה דג סלמון נורווגי ארוז בד""ץ",,,פילה סלמון אטלנטי קפ,קילוגרמים,1.00,"ק""ג",true,,79.90,79.9000,true,1,244448
7290008286947,false,"מנות פילה סלומון בד""ץ עד""ח",,,פילה סלמון נורבגי מנ,קילוגרמים,1.00,"ק""ג",true,,89.90,89.9000,true,1,244449
7290008323178,false,פילה אמנון ארוז בואק,,,פילה אמנון ארוז בואק,קילוגרמים,1.00,"ק""ג",true,,29.90,29.9000,true,1,171412
7290008329033,false,צלחת 7 לבן אר 50 דנט,,,צלחת 7 לבן אר 50 דנט,,50.00,,false,,9.90,0.1980,true,1,197635
7290008329248,false,ליפתנית צבעוני 20יח,,,ליפתנית צבעוני 20יח,,0.00,,false,,6.90,0.0000,true,1,197643
7290008329255,false,מזלגות אר 100 דנטס,,,מזלגות אר 100 דנטס,יחידה,0.00,יחידה,false,,9.90,0.0000,true,1,229508
7290008329279,false,לפתנית לבן 25 יחי דנטס,,,ליפתנית לבן 25 יח' ד,יחידה,0.00,יחידה,false,,5.90,0.0000,true,1,197646
7290008329286,false,כפיות אר 100 דנטס,,,כפיות אר 100 דנטס,יחידה,0.00,יחידה,false,,9.90,0.0000,true,1,229509
7290008329293,false,סכינים פרימיום שקוף/קרם/לבן/זהב דנטס אר' 50 יח',,,סכינים פרימיום שקוף/,יחידה,0.00,יחידה,false,,9.90,0.0000,true,1,197648
7290008329309,false,מזלגות פרמיום שקוף/קרם/לבן/זהב דנטס אר 50 יח,,,מזלגות פרימיום שקוף/,יחידה,0.00,יחידה,false,,9.90,0.0000,true,1,197649
7290008329316,false,כפות פרימיום שקוף/קרם/לבן/זהב דנטס 50 יח,,,כפות פרימיום שקוף/קר,יחידה,0.00,יחידה,false,,9.90,0.0000,true,1,197650
7290008329354,false,צלחות 9 ציבעוני 25 יח,,,צלחת (9) ציבעוני 20י,יחידה,0.00,יחידה,false,,11.90,0.0000,true,1,197654
7290008329415,false,צלחת 8 לבן אר 50 דנט,,,צלחת 8 לבן אר 50 דנט,,50.00,,false,,12.90,0.2580,true,1,197658
7290008403450,false,מנצגו בשלה סיימן שקי,,,מנצגו בשלה סיימן שקי,קילוגרמים,1.00,"ק""ג",true,,195.00,195.0000,true,1,249669
7290008403504,false,לנדנה כמון סיימן במש,,,לנדנה כמון סיימן במש,קילוגרמים,1.00,"ק""ג",true,,119.00,119.0000,true,1,224411
7290008403832,false,רוטרדם מיושנת סיימן,הנרי ויליך,NL,רוטרדם מיושנת סיימן,קילוגרמים,1.00,"ק""ג",true,,159.00,159.0000,true,1,249667
7290008403849,false,רוטרדם עזים מיושנת ס,הנרי ויליך,NL,רוטרדם עזים מיושנת ס,קילוגרמים,1.00,"ק""ג",true,,195.00,195.0000,true,1,249668
7290008409049,false,מיני שניצלונים ושומשום מאמא עוף 500 ג',תנובה גליל שותפות מו,IL,שניצלונים מיני מיני,,500.00,,false,,29.90,0.0598,true,1,188431
7290008409100,false,אצבעות שניצל ציפוי שומשום 700 ג' מאמא עוף,תנובה גליל שותפות מו,IL,אצבעות שניצל שומשום,,700.00,,false,,38.90,0.0556,true,1,188437
7290008409124,false,מאמא עוף קפוא שניצל ג'ונגל פריך 700 גרם,תנובה גליל שותפות מו,IL,שניצל גונגל פריך מאמ,,700.00,,false,,38.90,0.0556,true,1,188439
7290008409216,false,מאמא עוף קפוא שניצל דק פריך 700 גרם,תנובה גליל,IL,שניצל דק פריך מאמא ע,,700.00,,false,,45.90,0.0656,true,1,188444
7290008409223,false,שניצל דק מתובל מאמא עוף 700 ג',תנובה גליל שותפות מו,IL,שניצל דק מתובל מאמא,,700.00,100 גרם,false,,45.90,0.0656,true,1,188445
7290008409315,false,מיני מיני דק שניצלונים בציפוי פריך מאמא עוף 500 ג',תנובה גליל,IL,שניצלונים מיני מיני,,500.00,100 גרם,false,,29.90,0.0598,true,1,188452
7290008409407,false,שניצל דק ציפס מאמא עוף 700 ג',תנובה גליל שותפות מו,IL,שניצל דק בציפוי ציפס,,700.00,,false,,45.90,0.0656,true,1,188457
7290008409551,false,שניצל עוף אמיתי בציפוי מעודן 700 ג' מאמא עוף,תנובה גליל שותפות מו,IL,שניצל עוף אמיתי מעוד,,700.00,,false,,45.90,0.0656,true,1,188465
7290008409568,false,שניצל ציפס אמיתי מאמא עוף 700 ג',תנובה גליל שותפות מו,IL,שניצל ציפס אמיתי מאמ,,700.00,100 גרם,false,,45.90,0.0656,true,1,188466
7290008409582,false,שניצל אמיתי בציפוי ביתי מאמא עוף 700 ג',תנובה גליל שותפות מו,IL,שניצל אמיתי ביתי מאמ,,700.00,,false,,45.90,0.0656,true,1,188468
7290008409605,false,כוכבי עוף מאמא עוף 700 גר',תנובה גליל שותפות מו,IL,כוכבי עוף בציפוי מעו,,700.00,100 גרם,false,,38.90,0.0556,true,1,188470
7290008409773,false,קציצות עוף ביתיות מאמא עוף 700 ג',תנובה גליל שותפות מו,IL,קציצות עוף ביתיות מא,,700.00,100 גרם,false,,35.90,0.0513,true,1,188480
7290008443616,false,"מרכך לשיער יבש אדום 750 מ""ל נקה 7",אמיליה קוסמטיקס בעמ,IL,נקה 7 מרכך לשיער יבש,,750.00,,false,,12.90,0.0172,true,1,180621
7290008443647,false,"מרכך לשיער מתולתל סגול, 750 מ""ל נקה 7",אמיליה קוסמטיקס בעמ,IL,נקה 7 מרכך מועשר בתמ,,750.00,100 גרם,false,,12.90,0.0172,true,1,180624
7290008461047,false,ברי לרוסטיק סיימן במ,נטו מלינדה סיימן,,ברי לרוסטיק סיימן במ,קילוגרמים,1.00,"ק""ג",true,,169.00,169.0000,true,1,224414
7290008462310,false,סנט מור סימן שקיל,,,סנט מור סימן שקיל,קילוגרמים,1.00,"ק""ג",true,,185.00,185.0000,true,1,249670
7290008464024,false,בירה גולדסטאר לא מסונן פחית 500 מל,"טמפו משקאות בע""מ",IL,בירה גולדסטאר לאגר כ,,500.00,100 גרם,false,,9.90,0.0198,true,1,173054
7290008464130,false,"בירה גולדסטאר לא מסונן 330X6מ""ל",טמפו,IL,בירה גולדסטאר לא מסו,,1980.00,100 גרם,false,,36.90,0.0186,true,1,173056
7290008464222,false,"בירה מכבי 7.9% פחית 500 מ""ל","טמפו משקאות בע""מ",IL,בירה מכבי 7.9% פחית,,500.00,100 גרם,false,,8.90,0.0178,true,1,173057
7290008464468,false,"בירה גולדסטאר פחית 500 מ""ל","טמפו משקות בע""מ",IL,בירה גולדסטאר פחית 5,,500.00,,false,,8.90,0.0178,true,1,173067
7290008464505,false,סאן בנדטו בקבוק פלסטיק 500מל,אקווה מינרלה סאן בנד,IT,"סאן בנדטו 500מ""ל",,500.00,100 גרם,false,,3.00,0.0060,true,1,173069
7290008464604,false,"בירה היינקן פחית 500מ""ל",טמפו משקאות בע''מ,NL,בירה היינקן הולנד פח,,500.00,,false,,9.90,0.0198,true,1,173074
7290008464741,false,"בירה גולדסטאר בק' מארז 330X6מ""ל",קריות זול,IL,בירה גולדסטאר בקבוק,,1980.00,,false,,36.90,0.0186,true,1,173080
7290008464796,false,"בירה היינקין ח""פ בקבוק 330X6מ""ל",קריות זול,IL,בירה היינקן בקבוק 6*,,1980.00,100 גרם,false,,36.90,0.0186,true,1,173084
7290008469128,false,סטייק עין קפוא,,,סטייק עין קפוא,קילוגרמים,1.00,"ק""ג",true,,59.90,59.9000,true,1,243808
7290008469548,false,חזה בשר מס 3 מוכשר ק,,,חזה בשר מס 3 מוכשר ק,קילוגרמים,1.00,"ק""ג",true,,36.90,36.9000,true,1,243757
7290008469593,false,שריר הזרוע מס 8 מוכש,,,שריר הזרוע מס 8 מוכש,קילוגרמים,1.00,"ק""ג",true,,36.90,36.9000,true,1,199116
7290008469715,false,חזה בקר מס 3 חלק קפו,,,חזה בקר מס 3 חלק קפו,קילוגרמים,1.00,"ק""ג",true,,36.90,36.9000,true,1,242928
7290008469890,false,פילה אמנון 5-7 ארוז,,,פילה אמנון 5-7 ארוז,קילוגרמים,1.00,"ק""ג",true,,29.90,29.9000,true,1,234780
7290008590129,false,שעועית ירוקה שלמה שף,משק ויילר,BE,שעועית ירוקה שלמה שף,,800.00,,false,,9.90,0.0124,true,1,247773
7290008590136,false,שעועית צהובה חתוכה ק,משק ויילר,BE,שעועית צהובה חתוכה ק,,800.00,100 גרם,false,,9.90,0.0124,true,1,246428
7290008590150,false,אפונת גינה קטנה שף ה,משק ויילר,BE,אפונת גינה קטנה שף ה,,800.00,,false,,9.90,0.0124,true,1,246057
7290008590167,false,אפונה וגזר שף הטבע,משק ויילר,BE,אפונה וגזר 800 גרם ש,,800.00,,false,,9.90,0.0124,true,1,246430
7290008590198,false,שעועית ירוקה חתוכה ש,משק ויילר,BE,שעועית ירוקה חתוכה 8,,800.00,100 גרם,false,,9.90,0.0124,true,1,246429
7290008614498,false,צלעות מס'2 קפוא,,,צלעות מס'2 קפוא,קילוגרמים,1.00,"ק""ג",true,,39.90,39.9000,true,1,227151
7290008614528,false,צלי כתף מס 5 חלק מהד,,,צלי כתף מס 5 חלק מהד,קילוגרמים,1.00,"ק""ג",true,,69.90,69.9000,true,1,243759
7290008614559,false,שריר הזרוע מס 8 חלק,,,שריר הזרוע מס 8 חלק,קילוגרמים,1.00,"ק""ג",true,,36.90,36.9000,true,1,241203
7290008614726,false,לשון בקר חלק קפוא,,,לשון בקר חלק קפוא,קילוגרמים,1.00,"ק""ג",true,,39.90,39.9000,true,1,241280
7290008614788,false,סינטה קפוא,,,סינטה קפוא,קילוגרמים,1.00,"ק""ג",true,,69.90,69.9000,true,1,246631
7290008618212,false,צלעות מס'2 חלק קפוא,,,צלעות מס'2 חלק קפוא,קילוגרמים,1.00,"ק""ג",true,,39.90,39.9000,true,1,247315
7290008644112,false,סלט מטבוחה יום יום אחלה 125 ג',"שטראוס גרופ בע""מ",IL,סלט מטבוחה אחלה 125ג,,125.00,100 גרם,false,,5.60,0.0448,true,1,195903
7290008644235,false,עלי בייבי טעם הטבע 1,שטראוס בריאות ירקות,IL,עלי בייבי 120 גר שטר,,120.00,100 גרם,false,,11.90,0.0992,true,1,195904
7290008644945,false,סלט המושבה שטופים שט,שטראוס בריאות ירקות,IL,סלט המושבה שטראוס 45,,450.00,100 גרם,false,,13.50,0.0300,true,1,195912
7290008693134,false,מעדן גבינה ויוגורט בטעם תות 5% שומן 88 ג' דניאלה,"שטראוס בריאות בע""מ",IL,דניאלה מעדן בטעם תות,,150.00,100 גרם,false,,4.30,0.0287,true,1,195924
7290008736015,false,סטייק עין ורד הצלע ח,,,סטייק עין ורד הצלע ח,קילוגרמים,1.00,"ק""ג",true,,59.90,59.9000,true,1,247003
7290008736404,false,סטייק עין ורד הצלע פ,,,סטייק עין ורד הצלע פ,קילוגרמים,1.00,"ק""ג",true,,59.90,59.9000,true,1,247456
7290008737289,false,גפילטע פיש בנוסח פול,"דג טעים (משווק ע""י א",,גפילטע פיש בנוסח פול,יחידה,0.00,יחידה,false,,15.90,0.0000,true,1,198671
7290008737296,false,"גפילטע פיש ""דג עדן 6",,,"גפילטע פיש ""דג עדן 6",,6.00,,false,,15.90,2.6500,true,1,198672
7290008745239,false,תפוצ'יפס אקסטרא טבעי 50 ג',"שטראוס פריטו ליי בע""",IL,תפוציפס אקסטרא טבעי,,50.00,100 גרם,false,,4.40,0.0880,true,1,184066
7290008747547,false,תפוצ'יפס אקסטרא 200גר טבעי,"שטראוס פריטו ליי בע""",IL,תפוציפס אקסטרא טבעי,,200.00,100 גרם,false,,13.20,0.0660,true,1,184068
7290008750264,false,גומי מאסט בטעם דובדבן 28 ג' עלית,"שטראוס גרופ בע""מ",IL,מסטיק מאסט דובדבן 28,,28.00,100 גרם,false,,5.50,0.1964,true,1,208760
7290008752244,false,תפוצ'יפס אקסטרא גריל 50 גרם,"שטראוס פריטו ליי בע""",IL,תפוציפס אקסטרא גריל,,50.00,100 גרם,false,,4.40,0.0880,true,1,184071
7290008753111,false,תפוציפס קראנץ מקסיקנ,"שטראוס פריטו ליי בע""",IL,תפוציפס מקסיקני 50גר,,50.00,100 גרם,false,,4.40,0.0880,true,1,184074
7290008754040,false,ממרח פרה שוקולד 850 גר - מגדים,STRAUSS-ISRAEL,IL,ממרח בטעם שוקולד מגד,,850.00,100 גרם,false,,19.90,0.0234,true,1,208777
7290008754415,false,גומי מאסט בטעם ספירמינט עדין פליפטופ 28 ג' עלית,"שטראוס גרופ בע""מ",IL,מסטיק מאסט בטעם ספיר,,28.00,100 גרם,false,,5.50,0.1964,true,1,208779
7290008754422,false,גומי מאסט בטעם פפרמינט קלאסי פליפטופ 28 ג' עלית,"שטראוס גרופ בע""מ",IL,מסטיק מאסט פפרמינט ק,,28.00,100 גרם,false,,5.50,0.1964,true,1,208780
7290008757034,false,"שוופס סודה זכוכית 250 מ""ל","יפאורה תבורי בע""מ",IL,שוופס סודה 250מל,,250.00,,false,,3.90,0.0156,true,1,181759
7290008757980,false,נקטר ספרינג רימונים קרטונית 1 ל',"יפאורה תבורי בע""מ",IL,ספרינג רימונים 1 ליט,,1000.00,,false,,7.90,0.0079,true,1,181776
7290008775816,false,ערגליות שוקו חדש12*300גרם 2020,מיוצר עי קונדיטוריית,IL,ערגליות שוקו אסם 300,,300.00,100 גרם,false,,11.50,0.0383,true,1,177099
7290008775823,false,ערגליות תות חדש12*300גרם 2020,מיוצר עי קונדיטוריית,IL,ערגליות תות אסם 300ג,,300.00,,false,,11.50,0.0383,true,1,177100
7290008792264,false,מפיות טישיו טאצ' 100יח',"שניב תעשיות נייר בע""",,טאצ מפיות 100,,100.00,,false,,4.90,0.0490,true,1,202532
7290008801119,false,סלקטד סוביניון בלאן כרמל 750 מל,אגודת הכורמים הקואופ,IL,יין סלקטד סוביניון ב,,750.00,100 גרם,false,,29.90,0.0399,true,1,171233
7290008801157,false,מרלו סלקטד כרמל מזרחי 750 מל,קריות זול,IL,יין סלקטד מרלו 750 מ,,750.00,,false,,29.90,0.0399,true,1,171234
7290008801461,false,"יין הנצחון לקידוש, 750 מ""ל",יקבי כרמל Carmel Winery,,יין הניצחון 750מל,,750.00,100 גרם,false,,20.90,0.0279,true,1,171239
7290008801522,false,"יין קינג דיויד קונקורד אדום 750 מ""ל",אגודת הכורמים הקואופ,IL,יין קינג דיוויד לבן,,750.00,,false,,21.90,0.0292,true,1,171241
7290008801539,false,כרמל קינג דיוויד מתוק כרמל 750 מל,אגודת הכורמים הקואופ,IL,יין קינג דיוויד מתוק,,750.00,,false,,21.90,0.0292,true,1,171242
7290008801546,false,"יין מוסקט קינג דויד 750 מ""ל",אגודת הכורמים הקואופ,IL,יין קינג דיוויד מוסק,,750.00,100 גרם,false,,21.90,0.0292,true,1,171243
7290008801843,false,"יין סלקטד קברנה סובניון 750מ""ל","כד בני דרום בע""מ",IL,יין סלקטד קברנה סובי,,750.00,100 גרם,false,,29.90,0.0399,true,1,171245
7290008802512,false,"יין וינו אדום יבש 750 מ""ל","כד בני דרום בע""מ",IL,יין וינו אדום יבש 75,,750.00,100 גרם,false,,21.90,0.0292,true,1,171248
7290008802529,false,"יין לבן חצי יבש וינו 750 מ""ל",קריות זול,IL,יין וינו לבן יבש 750,,750.00,100 גרם,false,,21.90,0.0292,true,1,171249
7290008805384,false,"יין סלקטד מוסקטו 750מ""ל",אגודת הכורמים הקואופ,IL,ייו סלקטד מוסקטו 750,,750.00,100 גרם,false,,29.90,0.0399,true,1,171282
7290008805520,false,"יין סלקטד קברנה מרלו 750מ""ל","כד בני דרום בע""מ",IL,יין סלקטד קברנה סובנ,,750.00,100 גרם,false,,29.90,0.0399,true,1,171283
7290008805964,false,"יין קברנה שיראז אזורית 750 מ""ל",אגודת הכורמים הקואופ,IL,יין קברנה/שיראז סדרה,,750.00,100 גרם,false,,59.90,0.0799,true,1,228220
7290008835336,false,בשר ראש מוכשר קפוא,,,בשר ראש מוכשר קפוא,קילוגרמים,1.00,"ק""ג",true,,59.90,59.9000,true,1,249663
7290008835954,false,"פילה אמנון 5-7 וואקום בד""ץ.",בלאדי,IL,פילה אמנון 5-7 וואקו,קילוגרמים,1.00,"ק""ג",true,,29.90,29.9000,true,1,240809
7290008836401,false,ישן נושן - יקבי אפרת 1 ליטר,יקב טפרברג 1870 בעמ,IL,יין ישן נושן 1 ליטר,,1000.00,100 גרם,false,,24.90,0.0249,true,1,172702
7290008836494,false,יקבי אפרת תירוש טבעי אדום 1 ליטר,יקב טפרברג 1870 בעמ,IL,תירוש טבעי אדום 1 לי,,1000.00,,false,,17.90,0.0179,true,1,172706
7290008849470,false,ממרחפלפל צומה 185 ג' אוליביה,אוליביה גורמה בעמ,IL,פלפל צומה חריף אוליב,,185.00,,false,,14.90,0.0805,true,1,192970
7290008849586,false,רוטב לבשר כבד עוף 310 ג',קריות זול,IL,רוטב ריבת בצל אוליבי,,310.00,,false,,15.90,0.0513,true,1,192977
7290008849609,false,אוליביה רוטב לכרעיים,אוליביה גורמה (1996),IL,רוטב לעוף שום דבש או,,330.00,100 גרם,false,,15.90,0.0482,true,1,192978
7290008849845,false,ממרח אוליביה אריסה פיקנטי 180 ג',"אוליביה גרומה בע""מ",IL,אריסה פיקנטית אוליבי,,140.00,100 גרם,false,,13.90,0.0993,true,1,225201
7290008863001,false,עוגת גינגי בציפוי פי,קונדיטוריה וולפסון,,עוגה ג'ינגי בציפוי פ,,450.00,100 גרם,false,,35.90,0.0798,true,1,223392
7290008863049,false,עוגת אריסטוקרט 800גר,קונדיטוריה וולפסון,,עוגת אריסטוקרט 800גר,,800.00,100 גרם,false,,69.90,0.0874,true,1,223393
7290008863063,false,עוגיות עם ריבת חלב(א,קונדיטוריה וולפסון,,עוגיות עם ריבת חלב(א,,600.00,,false,,39.90,0.0665,true,1,223394
7290008863070,false,אקלרים 350 גר,קונדיטוריה וולפסון,,אקלרים 350גר,,350.00,100 גרם,false,,25.90,0.0740,true,1,223398
7290008863087,false,נשיקות 130 גר,קונדיטוריה וולפסון,,נשיקות 130גר,,130.00,100 גרם,false,,19.90,0.1531,true,1,223399
7290008863100,false,עוגת פראג 600 גר,קונדיטוריה וולפסון,,עוגת פראג 600גר,,600.00,100 גרם,false,,49.90,0.0832,true,1,223395
7290008863117,false,עוגת אריסטוקרט 380גר,קונדיטוריה וולפסון,,עוגת אריסטוקרט 380גר,,380.00,100 גרם,false,,35.90,0.0945,true,1,223396
7290008863179,false,עוגת אריסטוקרט 600גר,קונדיטוריה וולפסון,,עוגת אריסטוקרט 600גר,,600.00,,false,,55.90,0.0932,true,1,223397
7290008925853,false,מרלוזה פילה ארגנטיני,,,מרלוזה פילה ארגנטיני,קילוגרמים,1.00,"ק""ג",true,,34.90,34.9000,true,1,249211
7290008975780,false,מזון לכלבים מגזע קטן,קריות זול,FR,בונזו גזע קטן 3קג,קילוגרמים,3.00,"ק""ג",false,,55.90,18.6333,true,1,179622
7290010023141,false,תה לימונענע הגן הקסום 25 שיקיקים,קריות זול,IL,תה לימונענע הגן הקסו,,50.00,100 גרם,false,,19.90,0.3980,true,1,190760
7290010050109,false,רוזמרין/עירית,,,רוזמרין/עירית,יחידה,0.00,יחידה,false,,5.90,0.0000,true,1,205145
7290010051021,false,בזיליקום,,,בזיליקום,יחידה,0.00,יחידה,false,,5.90,0.0000,true,1,205147
7290010051045,false,סלט ביבי מיקס בנספק,חקלאי,IL,סלט ביבי מיקס בנספק,יחידה,0.00,יחידה,false,,8.90,0.0000,true,1,205149
7290010051052,false,פטרוזליה,,,פטרוזליה,יחידה,0.00,יחידה,false,,3.90,0.0000,true,1,205150
7290010051076,false,לבבות קיסר,,,לבבות חסה,יחידה,0.00,יחידה,false,,10.90,0.0000,true,1,205152
7290010051113,false,טימין קורנית ארוז,חקלאי,IL,קורנית (טימין),יחידה,0.00,יחידה,false,,5.90,0.0000,true,1,205154
7290010051120,false,מרווה 70 ג',,,מרווה,יחידה,0.00,יחידה,false,,4.90,0.0000,true,1,205155
7290010051144,false,תרד עלים 180גר,,,תרד עלים 180גר,,180.00,100 גרם,false,,8.90,0.0494,true,1,205157
7290010051168,false,כוסברה ארוז,חקלאי,IL,כוסברה,יחידה,0.00,יחידה,false,,3.90,0.0000,true,1,205159
7290010051175,false,כוסברה/שמיר ארוז,,,כוסברה/שמיר ארוז,,1000.00,100 גרם,false,,3.90,0.0039,true,1,205161
7290010051182,false,נענע ארוזה,,,נענע ארוזה,יחידה,0.00,יחידה,false,,3.90,0.0000,true,1,205162
7290010051199,false,שורש פטרוזיליה,,,שורש פטרוזיליה,יחידה,0.00,יחידה,false,,4.90,0.0000,true,1,205163
7290010051205,false,סלרי אמריקאי.,,,סלרי אמריקאי.,,200.00,100 גרם,false,,5.90,0.0295,true,1,205164
7290010051212,false,סלרי ראש ארוז,,,סלרי ראש,יחידה,0.00,יחידה,false,,5.90,0.0000,true,1,205165
7290010051250,false,אורגנו,,,אורגנו,יחידה,0.00,יחידה,false,,5.90,0.0000,true,1,205169
7290010051267,false,פרסה לוף שלם,חקלאי,IL,פרסה לוף שלם,יחידה,0.00,יחידה,false,,7.90,0.0000,true,1,205170
7290010051281,false,עלי רוקולה/רוקט,ביכורי שדה דרום,IL,עלי רוקולה,יחידה,0.00,יחידה,false,,5.90,0.0000,true,1,205171
7290010051298,false,סלק עלים ארוז,,,סלק עלים ארוז,יחידה,0.00,יחידה,false,,6.90,0.0000,true,1,205172
7290010051335,false,בצל ירוק,,,בצל ירוק,,110.00,100 גרם,false,,4.90,0.0445,true,1,205174
7290010051373,false,לבבות חסה א.אדמה,,,לבבות חסה א.אדמה,יחידה,0.00,יחידה,false,,9.90,0.0000,true,1,224141
7290010051403,false,סלרי אמריקאי ארוז,חקלאי,IL,שיבה,יחידה,0.00,יחידה,false,,4.90,0.0000,true,1,205175
7290010051434,false,חסה סלנובה,,,חסה סלנובה,יחידה,0.00,יחידה,false,,10.90,0.0000,true,1,226217
7290010051687,false,רוזמרין ארוז,,,רוזמרין,יחידה,0.00,יחידה,false,,5.90,0.0000,true,1,205181
7290010065059,false,פרינוק - ג'וניור פירות מעורבים 190 גרם,פרינוק,CZ,פרינוק מחית גוניור פ,,190.00,,false,,6.70,0.0353,true,1,192990
7290010065332,false,פרינוק - ג'וניור פתוחי עץ ובננה 190 גרם,פרינוק,CZ,פרינוק מחית גוניור ת,,190.00,100 גרם,false,,6.70,0.0353,true,1,193001
7290010065349,false,פרינוק גרבר גוניור סלט פירות 190 גר',כלורוקס אוקלנד,CZ,פרינוק מחית גוניור ס,,190.00,100 גרם,false,,6.70,0.0353,true,1,193002
7290010065745,false,ג`וניור פרינוק מחית לפתן פירות 190ג',פרינוק,CZ,פרינוק מחית גוניור ל,,190.00,100 גרם,false,,6.70,0.0353,true,1,193017
7290010066445,false,נתחי טונה בהירה בשמן,,,נתחי טונה בהירה בשמן,,414.00,,false,,13.90,0.0336,true,1,231946
7290010066513,false,נתחי טונה בשמן צמחי רביעיה *158ג' פילטונה,,,נתחי טונה בשמן פילטו,,632.00,,false,,22.90,0.0362,true,1,204461
7290010066575,false,נתחי טונה במים רביעיה *158ג' פילטונה,,,נתחי טונה במים פילטו,,632.00,,false,,22.90,0.0362,true,1,204464
7290010066582,false,נתחי טונה בשמן קנולה רביעיה * 158 ג' פילטונה,,,נתחי טונה בשמן קנולה,,632.00,,false,,22.90,0.0362,true,1,204465
7290010066599,false,נתחי טונה בשמן זית 4*158ג' פילטונה,תעשיות פילטונה,IL,נתחי טונה בשמן זית פ,,632.00,,false,,29.90,0.0473,true,1,204466
7290010066957,false,נתחי טונה קטנה בשמן צמחי 960ג' פרינס,,,טונה פרינס בשמן 960ג,,960.00,,false,,29.90,0.0311,true,1,204468
7290010116980,false,אבקת שוקולית שקית עלית 850 ג',הנסיך- מפעל לייצור ט,IL,שוקולית עלית 850גר,,820.00,100 גרם,false,,18.90,0.0230,true,1,208804
7290010117864,false,דוריטוס בטעם חריף אש,שטראוס פריטו ליי בע,IL,דוריטוס חריף אש 70גר,,70.00,100 גרם,false,,4.40,0.0629,true,1,184083
7290010117970,false,סבבה בוטנים קלויים מצופים - אריזה אישית,"שטראוס פריטו ליי בע""",IL,בוטנים טבעי 50 גרם,,50.00,100 גרם,false,,3.40,0.0680,true,1,227710
7290010118328,false,מארז תפוצ'יפס בטעם טבעי,שטראוס,IL,תפוציפס טעם טבעי מאר,,240.00,100 גרם,false,,15.70,0.0654,true,1,184088
7290010124107,false,סטייקבורגר זהב 400 גר',,,סטייק בורגר זהב 400,,400.00,100 גרם,false,,19.90,0.0497,true,1,227981
7290010124503,false,שומן כבש מעובד ארוז בלדי 200גר,,,שומן כבש 200גר,,200.00,,false,,13.90,0.0695,true,1,199291
7290010153503,false,שעועית בובס יבשה מיה 400 גר',מיה תעשיות מזון בעמ,IL,שעועית בובס 400גר,,400.00,100 גרם,false,,11.90,0.0298,true,1,202839
7290010153510,false,בורגול יבש מיה 500 גר',מיה,IL,בורגול מיה 500 גר,,500.00,100 גרם,false,,6.90,0.0138,true,1,202840
7290010153527,false,גריש מיה 500 גרם,מיה,IL,ג'ריש מיה 500 גר,,500.00,100 גרם,false,,6.90,0.0138,true,1,230103
7290010153770,false,ציפוי לשניצל פיקנטי מיה 500 גר',מיה תעשיות מזון,IL,ציפוי לשניצל פיקנטי,,500.00,100 גרם,false,,9.90,0.0198,true,1,233527
7290010153787,false,ציפוי לשניצל עם שום מיה 500 גר',מיה תעשיות מזון,IL,ציפוי לשניצל שום 500,,500.00,100 גרם,false,,9.90,0.0198,true,1,233528
7290010153794,false,ציפוי לשניצל עם עשבי תיבול מיה 500 גר',מיה תעשיות מזון,IL,ציפוי לשניצל עשבי תי,,500.00,,false,,9.90,0.0198,true,1,233529
7290010153800,false,ציפוי לשניצל עם תיבול עדין מיה 500 גר',מיה תעשיות מזון,IL,ציפוי לשניצל תיבול ע,,500.00,100 גרם,false,,9.90,0.0198,true,1,233530
7290010163069,false,צנובר שקדיה 100 גר,אף.סי תבליני בגליל ב,IL,צנובר 100גרם,,100.00,,false,,21.90,0.2190,true,1,200822
7290010175840,false,לבבות דקל שלמים במי מלח,אינאקספו,UY,לבבות דקל שלם 400גר,,400.00,100 גרם,false,,13.90,0.0348,true,1,194269
7290010175857,false,פרוסות לבבות דקל 400 ג' טעמן,אינאקספו,UY,לבבות דקל פרוסות 400,,400.00,,false,,12.90,0.0323,true,1,194270
7290010176212,false,נודלס בטעם עוף בכוס 65 גר' טעמן,זיזיאנג גרין הום פוד,CN,נודלס בטעם עוף 65 גר,,65.00,100 גרם,false,,5.90,0.0908,true,1,194661
7290010176229,false,נודלס בטעם בקר בכוס 65 גר' טעמן,זיזיאנג גרין הום פוד,CN,נודלס בטעם בשר 65 גר,,65.00,,false,,5.90,0.0908,true,1,194662
7290010176236,false,נודלס בטעם ירקות בכוס 65 גר' טעמן,זיזיאנג גרין הום פוד,CN,נודלס בטעם ירקות 65ג,,65.00,100 גרם,false,,5.90,0.0908,true,1,194663
7290010176243,false,נודלס בטעם סיני בכוס 65 גר' טעמן,זיזיאנג גרין הום פוד,CN,נודלס בטעם פיקנטי 65,,65.00,,false,,5.90,0.0908,true,1,194664
7290010192120,false,צנונית ארוזה 400 גרם,חקלאי,IL,צנונית ארוזה,יחידה,0.00,יחידה,false,,4.90,0.0000,true,1,214291
7290010195268,false,פופקורן למיקרו בטעם טבעי מופחת שומן,פופ סטאר,US,פופסטאר בטעם טבעי מו,,425.00,,false,,14.90,0.0351,true,1,207560
7290010195275,false,פופקורן להכנה במיקרוגל בטעם חמאה מופחת שומן,פופ סטאר,US,פופסטאר חמאה מופחת ש,,425.00,100 גרם,false,,14.90,0.0351,true,1,207561
7290010199891,false,"סטייל - סבון ידיים אדום 500 מ""ל משאבה - מרכז",דולפין ספא,TR,אל סבון סטייל תה אדו,,500.00,,false,,6.90,0.0138,true,1,199617
7290010259823,false,מנת השף מרק עם נודלס טעם עוף בדץ 70ג,נמצ'או(תאילנד) בעמ,TH,נודלס בטעם עוף מנת ה,,70.00,,false,,5.90,0.0843,true,1,178633
7290010259830,false,מנת השף נודלס בסגנון סיני פיקנטי,נמצ'או(תאילנד) בעמ,TH,נודלס סגנון סיני פיק,,70.00,,false,,5.90,0.0843,true,1,178634
7290010259854,false,מנת השף נודלס בטעם פטריות בדץ 70ג,נמצ'או(תאילנד) בעמ,TH,נודלס בטעם פטריות מנ,,70.00,,false,,5.90,0.0843,true,1,178636
7290010259991,false,וילי פוד צנימים בדץ 250ג,קריות זול,PT,צנימים ויליפוד 250גר,,250.00,100 גרם,false,,8.50,0.0340,true,1,178644
7290010328093,false,ממרח חלווה אחווה 400 ג' מהדרין,אחדות בית חרושת לטחי,IL,ממרח חלבה 400גר,,400.00,100 גרם,false,,10.90,0.0273,true,1,203394
7290010328178,false,חלבה מסולסלת שערות אחוה 250 ג',אחדות ביחר לטחינה חל,IL,חלבה מסולסלת אחווה 2,,250.00,100 גרם,false,,11.90,0.0476,true,1,203395
7290010328246,false,טחינה גולמית שומשום מלא אחווה 500 ג',,IL,טחינה משומשום מלא 50,,500.00,,false,,12.90,0.0258,true,1,203396
7290010328253,false,טחינה משומשום טבעי 500 גר מהדרין,"אחדות ביח""ר בעמ",IL,טחינה גולמית 500 גרם,,500.00,,false,,11.90,0.0238,true,1,203397
7290010328505,false,"חלבה חטיפי מיני לייטר לל""ס אחוה 150ג'",אחדות ביחר לטחינה חל,IL,חטיפי מיני חלבה ללא,,15.00,,false,,12.90,0.8600,true,1,203401
7290010328680,false,עוגה שוקולדו שוקוצ'יפ מריר ולבן אחוה 450ג',אחדות ביחר לטחינה חל,IL,עוגת שוקולד עם שוקוצ,,450.00,100 גרם,false,,10.90,0.0242,true,1,203408
7290010328710,false,קיצפיות אחווה 180 גר,אחדות ביחר לטחינה חל,IL,קצפיות במגש 180גר,,180.00,100 גרם,false,,10.90,0.0606,true,1,203411
7290010328727,false,ממרח טחינה עם שוקולד אחווה 400 ג',אחדות ביחר לטחינה חל,IL,ממרח טחינה עם שוקולד,,400.00,,false,,10.90,0.0273,true,1,203412
7290010328734,false,ממרח טחינה עם סילאן משומשום מלא,אחדות ביחר לטחינה חל,IL,ממרח טחינה עם סילאן,,400.00,100 גרם,false,,10.90,0.0273,true,1,203413
7290010328819,false,"ממרח טחינה עם שוקולד לל""ס 400 ג' אחדות!.",אחדות ביחר לטחינה חל,IL,ממרח טחינה עם שוקולד,,400.00,100 גרם,false,,10.90,0.0273,true,1,203419
7290010328895,false,מאפין בטעם שוקולד45 גרם אחוה,אחדות ביחר לטחינה חל,IL,מאפין שוקולד 45גר,,45.00,,false,,3.20,0.0711,true,1,203423
7290010328901,false,מאפין בטעם וניל 45 גרם אחוה,אחדות ביחר לטחינה חל,IL,מאפין בטעם וניל 45גר,,45.00,,false,,3.20,0.0711,true,1,220710
7290010429554,false,"שמן זית כתית מעולה יד מרדכי 2 קלאסי, 750 מ""ל",מכוורת יד מרדכי שטרא,IL,שמן זית כתית מעולה ח,,750.00,100 גרם,false,,36.90,0.0492,true,1,208839
7290010454051,false,מפיות טרנדי תלת-שכבת,,,מפיות טרנדי תלת-שכבת,יחידה,0.00,יחידה,false,,7.50,0.0000,true,1,206969
7290010454402,false,מפות שולחן,,,מפות שולחן,יחידה,0.00,יחידה,false,,7.50,0.0000,true,1,230338
7290010471669,false,יוגורט תות עם קורנפלקס מצופה שוקולד ללא גלוטן 3.9%,"שטראוס בריאות בע""מ",IL,דנונה בר תות קורנפלק,,173.00,100 גרם,false,,5.30,0.0306,true,1,195958
7290010472307,false,מארז 8 יחידות משקה גמדים בטעם תות בננה,מיוצר עי קונדיטוריית,IL,מארז שמינייה גמדים ת,,800.00,,false,,22.90,0.0286,true,1,195967
7290010472390,false,מארז 8 יחידות מעדן דני בטעם שוקולד 1.5%,מיוצר עי קונדיטוריית,IL,דני שוקולד מארז 8*12,,1000.00,100 גרם,false,,17.90,0.0179,true,1,195972
7290010513727,false,פנקו פרורי לחם יפניי,קינגדאו גוניון פודס,CN,פירורי לחם פנקו 200ג,,200.00,,false,,9.90,0.0495,true,1,205429
7290010548514,false,עשבי תיבול לבישול איטלקי,עיצובים 2020 (3.8),IL,עשבי תיבול לבישול אי,,70.00,,false,,12.90,0.1843,true,1,177151
7290010561025,false,ברילי כמו קמח ללא גל,אשבל,IL,ברילי כמו קמח ללא גל,,500.00,,false,,19.90,0.0398,true,1,243885
7290010561032,false,תערובת להכנת לפנקייק אקסטרה ויטמינים ומינרלים 400 גר',אשבל מזון פונקציונלי,IL,ברילי תערובת להכנת פ,,400.00,,false,,19.90,0.0497,true,1,243886
7290010613953,false,דלי מטליות לניקוי וחיטוי בניחוח מלון בוטיק 250 יח' טאצ',סאסאטק,IL,דלי מטליות לניקוי וח,יחידה,0.00,יחידה,false,,10.90,0.0000,true,1,245083
7290010613977,false,מטליות רצפה לפרקט 10 יח' טאצ',,,טאצ' מטליות רצפה חד,יחידה,0.00,יחידה,false,,10.00,0.0000,true,1,246034
7290010613991,false,מטליות רצפה בניחוח מרכך כביסה 10 יח' טאצ',,,טאצ' מטליות רצפה חד,יחידה,0.00,יחידה,false,,10.00,0.0000,true,1,246036
7290010711086,false,סופר מגבת מבד,,,סופר מגבת מבד,יחידה,0.00,יחידה,false,,19.90,0.0000,true,1,197866
7290010711109,false,מטלית מיקרופייבר לרצ,,,מטלית מיקרופייבר לרצ,יחידה,0.00,יחידה,false,,7.90,0.0000,true,1,197868
7290010711123,false,"ננס רביעיה ""שייני"" ח",,,"ננס רביעיה ""שייני""",יחידה,0.00,יחידה,false,,7.90,0.0000,true,1,197869
7290010711208,false,שייני גליל מטליות צהוב 33 יח',,,מטליות שיאני בגליל,,33.00,,false,,18.90,0.5727,true,1,197871
7290010711437,false,4 סרטי קרצוף לניקוי,,,4 סרטי קרצוף לניקוי,יחידה,0.00,יחידה,false,,10.90,0.0000,true,1,229591
7290010711703,false,שקיות אוכל מנייר 50 יח',מ.א ייצור ושיווק מטל,,שקיות אוכל מנייר (50,יחידה,0.00,יחידה,false,,7.90,0.0000,true,1,226701
7290010711932,false,שייני מטליות אינטנסיב רב שימושית 9 יח',,,מטליות רב שימושיות 9,,9.00,,false,,9.90,1.1000,true,1,197882
7290010718634,false,"פנינה רוזנבלום -אל סבון נוזלי לבן,1 ליטר",,,אל סבון לבן פנינה רו,,1000.00,,false,,11.90,0.0119,true,1,233816
7290010760688,false,בצק פילאס שחף מגולגל,מאפית אריאל,,בצק פילאס שחף מגולגל,,600.00,100 גרם,false,,17.90,0.0298,true,1,230146
7290010766949,false,ממרח תחתיות ארטישוק 180ג' אוליביה,אוליביה,IL,ממרח ארטישוק אוליביה,,180.00,,false,,14.90,0.0828,true,1,193061
7290010766956,false,אוליביה ממרח פלפלים מתוקים אדומים 180 גר,אוליביה,IL,ממרח פלפלים מתוקים א,,180.00,100 גרם,false,,14.90,0.0828,true,1,193062
7290010791538,false,שימורי עוף גורמה לה קט 85 ג',מנדלז סי.אר. פרודקשן,TH,לה קט דליקטס עוף גור,,85.00,100 גרם,false,,6.50,0.0765,true,1,179631
7290010791545,false,שימורי כבד גורמה להקט 85 ג',"הייקיו, תאילנד",TH,לה קט דליקטס פטה כבד,,85.00,100 גרם,false,,6.50,0.0765,true,1,228738
7290010791644,false,מקלוני עוף פריכים בו,,,בונזו ג'וי מקלוני עו,,90.00,,false,,17.90,0.1989,true,1,225774
7290010814244,false,שלשות שוקולד מריר 85 גרם*3 בלמינט *18 בקרטון,כרמית תעשיות ממתקים,IL,שוקולד מריר כרמית מא,,255.00,100 גרם,false,,10.90,0.0427,true,1,213397
7290010814251,false,שלשות שוקולד חלב 85 גר*3 בלמינט*18 בקרט בדצ,כרמית תעשיות ממתקים,IL,שוקולד חלב כרמית מאר,,255.00,100 גרם,false,,10.90,0.0427,true,1,213398
7290010814695,false,שוקולד מריר ללא תוספת סוכר וסטהיים,כרמית תעשיות ממתקים,IL,שוקולד מריר ללא סוכר,,85.00,100 גרם,false,,6.90,0.0812,true,1,213401
7290010814701,false,שוקולד חלב ללא תוספת סוכר וסטהיים,כרמית תעשיות ממתקים,IL,שוקולד חלב ללא סוכר,,85.00,100 גרם,false,,6.90,0.0812,true,1,213402
7290010838219,false,ממתיק על בסיס צמח הסטיביה - שקיות,תות ממתקי איכות,IL,סטיביה 100 שק,יחידה,0.00,יחידה,false,,29.90,0.0000,true,1,207580
7290010903894,false,"שניצל תירס בד""ץ שף ה",,,"שניצל תירס בד""ץ שף ה",,500.00,100 גרם,false,,12.90,0.0258,true,1,247688
7290010903917,false,שניצל תירס שף הטבע 1,משק ויילר,IL,"שניצל תירס בד""ץ 1 ק""",,1000.00,,false,,21.90,0.0219,true,1,234377
7290010922918,false,סטייק מינוט 250 גר ארוז אשפר,,,סטייק מינוט 250 גרם,,250.00,,false,,29.90,0.1196,true,1,244576
7290010931330,false,סלט מטבוחה אחלה 500ג,מיוצר עי קונדיטוריית,IL,סלט מטבוחה אחלה 500ג,,500.00,100 גרם,false,,16.90,0.0338,true,1,196008
7290010945146,false,קוטג' 3% מועשר בסידן טרה 250 ג' מהדרין,קריות זול,IL,קוטג מועשר 3% 250גר,,250.00,100 גרם,false,,6.30,0.0252,true,1,184653
7290010945481,false,גבינה לבנה 5% שומן 500 ג' טרה,קריות זול,IL,גבינה לבנה 5% טרה 5,,500.00,100 גרם,false,,9.96,0.0199,true,1,184671
7290011017866,false,קוקה קולה קלאסי בפחית,החברה המרכזית לייצור,IL,קוקה קולה סליק 330מל,,330.00,100 גרם,false,,6.70,0.0203,true,1,210448
7290011017873,false,"קוקה קולה זירו פחית 330 מ""ל",החברה המרכזית לייצור,IL,קוקה קולה זירו סילק,,330.00,,false,,6.70,0.0203,true,1,210449
7290011017880,false,דיאט קוקה קולה פחית סליק 330מל,החברה המרכזית לייצור,IL,קוקה קולה דיאט 330מל,,330.00,,false,,6.70,0.0203,true,1,210450
7290011022457,false,תבנית 90 ארוז 8 ר2,,,תבנית 90 ארוז 8 ר2,יחידה,0.00,יחידה,false,,9.90,0.0000,true,1,240740
7290011022464,false,תבנית 210 ר99 ארוז 4,,,תבנית 210 ר99 ארוז 4,יחידה,0.00,יחידה,false,,9.90,0.0000,true,1,240738
7290011022495,false,תבנית 8A ארוז 10יח',,,תבנית 8A ארוז 10יח',יחידה,0.00,יחידה,false,,9.90,0.0000,true,1,240741
7290011022563,false,ניילון נצמד צר 150/3,,,ניילון נצמד צר 150/3,יחידה,0.00,יחידה,false,,17.90,0.0000,true,1,240749
7290011022921,false,תבנית 105 ארוז 8יח',,,תבנית 105 ארוז 8יח',יחידה,0.00,יחידה,false,,9.90,0.0000,true,1,240739
7290011022938,false,תבנית 8B ארוז 15 ר29,,,תבנית 8B ארוז 15 ר29,יחידה,0.00,יחידה,false,,9.90,0.0000,true,1,240742
7290011022945,false,תבנית אינגליש ארוז 1,,,תבנית אינגליש ארוז 1,יחידה,0.00,יחידה,false,,9.90,0.0000,true,1,240743
7290011022952,false,תבנית עגולה ארוז 6יח,,,תבנית עגולה ארוז 6יח,יחידה,0.00,יחידה,false,,9.90,0.0000,true,1,240744
7290011115258,false,אל סבון מוצק מבושם בניחוח עדין קלאסיק - מארז רביעיה,גליל כימיקלים בעמ,IL,נקה 7 סבון מוצק ירוק,,400.00,100 גרם,false,,11.90,0.0298,true,1,180707
7290011115289,false,אל סבון מוצק מבושם בניחוח עדין קלאסיק - מארז רביעיה,"גליל כימיכלים בע""מ",IL,נקה 7 סבון מוצק לילך,,400.00,,false,,11.90,0.0298,true,1,180710
7290011115296,false,אל סבון מוצק מועשר בקרם לחות לבנדר - מארז רביעיה,נקה 7,,נקה 7 סבון מוצק לחות,,400.00,100 גרם,false,,11.90,0.0298,true,1,180711
7290011115401,false,אל סבון ארומטי מוצק צהוב קמומיל - רביעייה,נקה 7,IL,נקה 7 סבון מוצק לבן,,400.00,100 גרם,false,,11.90,0.0298,true,1,180720
7290011126452,false,תה הגן הקסום קמומיל ונענע 25 יח',קריות זול,IL,תה הגן הקסום קמומיל,,37.50,,false,,19.90,0.5307,true,1,190789
7290011126957,false,תה יסוצקי ירוק ארל גריי 25 יח',ויסוצקי ירוק,IL,תה ירוק ארל גריי 25י,,37.50,100 גרם,false,,26.90,0.7173,true,1,190802
7290011133375,false,בירה שנדי בתוספת משקה אפרסק - שישייה,"טמפו משקאות בע""מ",IL,שנדי אפרסק שישייה 6*,,1980.00,,false,,39.90,0.0202,true,1,173166
7290011153885,false,נייר אכיל לקישוט עוג,גילרוי,,נייר אכיל לקישוט עוג,יחידה,0.00,יחידה,false,,15.90,0.0000,true,1,186601
7290011164164,false,לקקן סודה טעמן 40 יח,גואנגדונג צאואן פוד,CN,"לקקן סודה זאזא בד""ץ",,320.00,100 גרם,false,,19.90,0.0622,true,1,229413
7290011164546,false,זאזא טופי אטומיק ממולא 600גר,פאסין אס אי,BR,סוכריות טופי אטומיק,,600.00,100 גרם,false,,15.90,0.0265,true,1,194677
7290011174866,false,צ'יפס בטטה 700 ג' פרי הגליל,פרי הגליל,IL,צ'יפס בטטה קפוא 700ג,,700.00,100 גרם,false,,17.90,0.0256,true,1,232067
7290011174897,false,אפונה עדינה פרי הגליל 600ג',"פרי הגליל בע""""מ",IL,אפונה עדינה 600גר,,600.00,100 גרם,false,,13.90,0.0232,true,1,201380
7290011194215,false,מעדן גבינה ויוגורט בטעם בננה 5% שומן 88 ג' דניאלה,"שטראוס בריאות בע""מ",IL,דניאלה מעדן בטעם בננ,,150.00,100 גרם,false,,4.30,0.0287,true,1,196045
7290011194246,false,קוטג שטראוס 5% עם סידן 250ג,מיוצר עי קונדיטוריית,IL,גבינת קוטג׳ 5% שטראו,,250.00,,false,,5.90,0.0236,true,1,196047
7290011223038,false,עלים לקרמשניט - בונומי 300גרם,בונומי ס.פ.א,IT,עלים לקרמשניט 300גר,,400.00,100 גרם,false,,16.90,0.0422,true,1,207593
7290011223229,false,"טואלט דאק ג'ל לאסלה טיפות טל רעננות 55 מ""ל","איטיליאן פוד, אס.פי.",IT,טואלט דאק ג'ל אסלה נ,,55.00,,false,,9.90,0.1800,true,1,207603
7290011223243,false,"טואלט דאק ג'ל לאסלה בניחוח לבנדר 55 מ""ל","איטיליאן פוד, אס.פי.",IT,טואלט דאק ג'ל אסלה נ,,55.00,100 גרם,false,,9.90,0.1800,true,1,207605
7290011236649,false,שקדיה שוקולד צ'יפס בלגי 300 ג',קריות זול,,נטיפי שוקולד צ'יפס א,,300.00,100 גרם,false,,9.90,0.0330,true,1,233052
7290011254001,false,זרעי פשתן 450 גר,מיה תעשיות מזון,IL,זרעי פשתן 450 גר,,450.00,100 גרם,false,,7.90,0.0176,true,1,202851
7290011254018,false,שעועית מש מיה 500 גר',מיה תעשיות מזון,IL,שעועית מש 500גר,,500.00,100 גרם,false,,9.90,0.0198,true,1,202852
7290011254254,false,נטיפים צמקאו בטעם שוקולד,מיה תעשיות מזון,IL,נטיפי שוקולד 300 גרם,,300.00,,false,,9.90,0.0330,true,1,202870
7290011254452,false,סוכריות מנטה ללא סוכר 80גרם,מיה תעשיות מזון,IL,סוכריות ללא סוכר מנט,,80.00,100 גרם,false,,5.90,0.0738,true,1,232630
7290011254490,false,סוכריות פירות יער ללא סוכר 80גרם,מיה תעשיות מזון,IL,סוכריות ללא סוכר פיר,,80.00,,false,,5.90,0.0738,true,1,232634
7290011254728,false,ג'לטין טהור 25גרם בקרטונית,מיה תעשיות מזון,IL,גלטין טהור מיה 25 גר,,25.00,,false,,10.90,0.4360,true,1,202871
7290011254759,false,שעועית שחורה יבשה מיה 500 גר',מיה,IL,שעועית שחורה 500גר,,500.00,,false,,9.90,0.0198,true,1,175118
7290011332983,false,מגבונים לניקוי אף מגבונאף קמיל בלו- מארז שלישייה,"ד""ר פישר Dr fischer",IL,מגבונאף קמיל בלו שלי,יחידה,0.00,יחידה,false,,25.90,0.0000,true,1,204385
7290011369279,false,צינור מקלחת 2 מטר,,,צינור למקלחת 2 מ,יחידה,0.00,יחידה,false,,30.90,0.0000,true,1,227865
7290011378257,false,חטיף חלבה בטעם וניל ללא תוספת סוכר בתוספת פיסטוק ופקאן,רושדי תעשיות מזון בע,IL,בארכה חטיף חלבה פקאן,,126.00,100 גרם,false,,13.90,0.1103,true,1,228654
7290011378769,false,בארכה - חטיף בקטנה חלבה וניל 20 גרם * 6,רושדי תעשיות מזון בע,IL,בארכה חטיף חלבה וניל,,126.00,100 גרם,false,,13.90,0.1103,true,1,177201
7290011379018,false,פטריות טריות מיקס מרינה זוגי 250X2ג',"מרינה פטריות הגליל בע""מ",IL,פטריות צמד חמד איטלק,,500.00,100 גרם,false,,15.90,0.0318,true,1,172569
7290011431341,false,מזלג איכותי ר. שמאי 100 יחי' כשל''פ עד''ח,,,מזלגות 100יח שמאי,יחידה,0.00,יחידה,false,,9.90,0.0000,true,1,231830
7290011431358,false,כפיות איכותי ר. שמאי 100 יחי' כשל''פ עד''ח,,,כפיות 100יח שמאי,יחידה,0.00,יחידה,false,,9.90,0.0000,true,1,231831
7290011431488,false,"אציטון 100 מ""ל",,,"אצטון 100 מ""ל",יחידה,0.00,יחידה,false,,4.90,0.0000,true,1,244395
7290011431495,false,"אלכוהול 100 סמ""ק ר.ש",,,"אלכוהול 100 סמ""ק ר.ש",יחידה,0.00,יחידה,false,,4.90,0.0000,true,1,246956
7290011431662,false,כפפות לטקס S אריזת 100 יח',,,כפפות לטקס 100 יח ס,יחידה,0.00,יחידה,false,,29.90,0.0000,true,1,240047
7290011431853,false,מפות שמיניה עבה קריסטלי ר.שמאי,,,מפות שמיניות עבה כתו,יחידה,0.00,יחידה,false,,8.90,0.0000,true,1,240732
7290011435226,false,דבש מפרחי בר לחיץ 650 ג' יד מרדכי,מכוורת יד מרדכי שטרא,IL,דבש מפרחי בר לחיץ 65,,650.00,100 גרם,false,,41.90,0.0645,true,1,208886
7290011438142,false,"משקה יטבתה אייס קפה בבקבוק אישי 350 מ""ל",שטראוס גרופ,IL,אייס קפה יטבתה בבקבו,,350.00,,false,,6.90,0.0197,true,1,196104
7290011447304,false,תרכובת מזון המשך לפעוטות שלב 3 חלבי,מטרנה תעשיות ש.מ,IL,מטרנה חלבי שלב 3 700,,700.00,,false,,59.90,0.0856,true,1,177218
7290011447373,false,תרכובת מזון המשך לפעוטות מהדרין שלב 2,מטרנה תעשיות ש.מ,IL,מטרנה מהדרין שלב 2 7,,700.00,,false,,59.90,0.0856,true,1,177223
7290011447908,false,"סופר-קט בטעם עוף כבד 3 ק""ג",קריות זול,IL,סופר קט עוף כבד 3קג,קילוגרמים,3.00,"ק""ג",false,,54.90,18.3000,true,1,179657
7290011489533,false,בייגלה שמיניות עם מל,,,בייגלה שמיניות עם מל,,300.00,100 גרם,false,,6.90,0.0230,true,1,202442
7290011489540,false,בייגלה שמיניות עם שו,,,בייגלה שמיניות עם שו,,300.00,,false,,6.90,0.0230,true,1,202443
7290011489595,false,טופז קרקר שומשום 110גר,אפיפית נצרת,IL,קרקר טופז שומשום 110,,110.00,,false,,3.90,0.0355,true,1,202447
7290011489601,false,קרקר טופז בטעם בצל ה,אפיפית נצרת,IL,קרקר טופז בצל 110גר,,110.00,,false,,3.90,0.0355,true,1,202448
7290011499051,false,פטה כבשים מסורתית 20% בגביע 250 גרם - רובין,MKN עבור מחלבות גד ב,IL,פטה כבשים גביע 20% 2,,250.00,100 גרם,false,,28.90,0.1156,true,1,171656
7290011499105,false,בולגרית מסורתית 5% 250 גרם -רבנות,ג'נרל מילס סאן אדריא,IL,בולגרית 5% 250גר מחל,,250.00,100 גרם,false,,24.90,0.0996,true,1,171660
7290011499129,false,בולגרית מעודנת קוביות קטנות 5% 200 גרם - רבנות,קוד יצרן DSH,IL,בולגרית מעודנת קוביו,,200.00,100 גרם,false,,24.90,0.1245,true,1,171662
7290011499303,false,פטה עיזים מעודנת 5% בגביע 250 גרם - רבנות,ג'נרל מילס סאן אדריא,IL,בולגרית עיזים מעודנת,,250.00,,false,,31.90,0.1276,true,1,171670
7290011499327,false,גבינה בולגרית מעודנת 5% 250 גרם - רבנות,מיוצר על ידי DSH עבו,IL,בולגרית בקר מעודנת 2,,250.00,100 גרם,false,,24.90,0.0996,true,1,171672
7290011499341,false,קשקבל בוואקום 26% 200 גרם - רבנות,הנסיך- מפעל לייצור ט,IL,גבינה קאשקבל מחלבות,,250.00,100 גרם,false,,27.70,0.1108,true,1,171674
7290011499365,false,גד חלומי 24% 200 גרם רובין,"מחלבות גד בע""מ",IL,גבינת חלומי מחלבות ג,,200.00,,false,,23.90,0.1195,true,1,171676
7290011499419,false,גבינה במרקם שמנת בטעם טבעי 5% ניו יורק,מחלבות גד,IL,קרם שמנת ניו יורק טב,,200.00,100 גרם,false,,13.90,0.0695,true,1,225126
7290011499525,false,גד לאבנה דרוזית 9% 500 ג',מחלבות גד בעמ,IL,לאבנה דרוזית 9% 500ג,,500.00,100 גרם,false,,20.80,0.0416,true,1,171683
7290011499624,false,שמנת 30% ניו יורק טבעי 200 גרם רבנות,מחלבות גד,IL,גבינת שמנת ניו יורק,,200.00,,false,,13.90,0.0695,true,1,171686
7290011499846,false,גבינת ריקוטה פרסקה 9% 300 ג' גד,מחלבות גד בעמ,IL,ריקוטה פרסקה 300גר מ,,300.00,100 גרם,false,,18.90,0.0630,true,1,171702
7290011499853,false,גבינת שמנת עם זיתים 30% ניו יורק,מחלבות גד (שיווק 199,IL,גבינת שמנת ניו יורק,,200.00,100 גרם,false,,13.90,0.0695,true,1,171703
7290011501617,false,חמוציות ברכז פרי ללא,אף.סי תבליני בגליל ב,IL,חמוציות דל סוכר 250ג,,250.00,,false,,16.90,0.0676,true,1,200831
7290011502850,false,דלישס מיזלי עם פירות 500גר,"דין שיווק וקליה בע""מ",,דלישס מוזלי עם פירות,,500.00,100 גרם,false,,10.90,0.0218,true,1,229886
7290011502867,false,דלישס גרנולה במבחר אגוזים 500גר,"דין שיווק וקליה בע""מ",,גרנולה במבחר אגוזים,,500.00,,false,,10.90,0.0218,true,1,200836
7290011502874,false,דלישס גרנולה עם פירות יבשים 500גר,"דין שיווק וקליה בע""מ",,גרנולה עם פירות יבשי,,500.00,100 גרם,false,,10.90,0.0218,true,1,200837
7290011505219,false,מרקיות פלסטיק 25יח ה,,,מרקיות פלסטיק 25יח ה,יחידה,0.00,יחידה,false,,8.90,0.0000,true,1,249493
7290011505493,false,כפות מהודר עבה במיוח,הוסטס,,כף מהודרות עבה 50יח,יחידה,0.00,יחידה,false,,9.90,0.0000,true,1,249486
7290011514105,false,מסנן כיור אמריקאי מסיליקון,,,מסנן כיור סיליקון,יחידה,0.00,יחידה,false,,14.90,0.0000,true,1,231059
7290011515911,false,שלגונים מופחתי קלוריות בטעם ריבת חלב - 6 יח',גלידות נסטלה (נגה גל,IL,מאגדת לייט ריבת חלב,,312.00,,false,,29.90,0.0958,true,1,183776
7290011518561,false,"אקטימל תות משפחתי מארז 14X100מ""ל",מיוצר עי קונדיטוריית,IL,אקטימל תות משפחתי 14,,1400.00,,false,,32.90,0.0235,true,1,196146
7290011524555,false,שעועית לבנה אפויה 800 ג' פרי הגליל,"פרי הגליל בע""""מ",IL,שעועית לבנה אפויה 80,,800.00,100 גרם,false,,13.90,0.0174,true,1,201397
7290011530358,false,שייק איט כתום 3*150 ג'-Friday,"הבו-קדו בע""מ",IL,שייק איט פירות קפואי,,450.00,100 גרם,false,,29.90,0.0664,true,1,242569
7290011530488,false,שייק איט יום שבת תכלת 150 גר',"הבו-קדו בע""מ",IL,שייק איט פירות קפואי,,450.00,,false,,29.90,0.0664,true,1,242570
7290011530525,false,מיקס פירות קפואים שייק איט צהוב - 3*150 ג',"הבו-קדו בע""מ",IL,שייק איט פירות קפואי,,450.00,100 גרם,false,,29.90,0.0664,true,1,240815
7290011530532,false,מיקס פירות קפואים שייק איט ירוק - 3*150 ג',"הבו-קדו בע""מ",IL,שייק איט פירות קפואי,,450.00,,false,,29.90,0.0664,true,1,240816
7290011530549,false,מיקס פירות קפואים שייק איט ורוד - 3*150 ג',"הבו-קדו בע""מ",IL,שייק איט פירות קפואי,,450.00,100 גרם,false,,29.90,0.0664,true,1,240817
7290011530730,false,מיקס פירות קפואים שייק איט חום - 3*150 ג',"הבו-קדו בע""מ",IL,שייק איט פירות קפואי,,450.00,,false,,29.90,0.0664,true,1,240818
7290011537371,false,פסטה קונכיות טעמן 500 גר',מוטלו,TR,פסטה קצרה צורות שונו,,500.00,,false,,4.90,0.0098,true,1,194683
7290011575007,false,"הפי מרסס שומר ברק למקלחון 750 מ""ל",מיפא,DE,הפי מרסס לאמבט 750 מ,,750.00,100 גרם,false,,19.90,0.0265,true,1,183638
7290011587079,false,חרדל דיז'ון גרגירים 370 ג' PICCATA,Covinor sas,,חרדל דיז'ון גרגרים 3,,370.00,,false,,9.90,0.0268,true,1,175146
7290011587598,false,שימורי אנשובי בפח 45 ג' תומר,אינוורסיונס פריסקו,,פילה אנשובי 45גר,,45.00,,false,,7.90,0.1756,true,1,175163
7290011587765,false,אטריות נודלס עבה 200 גרם -תומר,אופאל,,נודלס עבה 200 גרם,,200.00,100 גרם,false,,6.90,0.0345,true,1,175173
7290011587826,false,חרדל דיז'ון תומר 370ג',Covinor sas,,חרדל דיז'ון 370 גר,,370.00,100 גרם,false,,9.90,0.0268,true,1,175175
7290011587833,false,חצאי עגבניות מיובשות מתובלות בשמן חמניות ועשבי תיבול,Sunto gida sun ve ti,,עגבניות חצויות מיובש,,340.00,100 גרם,false,,12.90,0.0379,true,1,220504
7290011598259,false,"סנו - פרש מילוי למטהר אוויר מאסק 250 מ""ל",סנו מפעלי ברונוס בעמ,IL,מטהר אוויר פרש אוטומ,יחידה,0.00,יחידה,false,,16.90,0.0000,true,1,201812
7290011607180,false,"קולון 101 לכביסה 1.25 ק""ג",ריקט בנקיזר ( ניר אי,IL,קולון 101כתמים אבקת,קילוגרמים,1.25,"ק""ג",false,,10.90,8.7200,true,1,200174
7290011607197,false,"אבקת כביסה קולון 5 ק""ג",רקיט בנקיזר,IL,קולון 101כתמים אבקת,קילוגרמים,5.00,"ק""ג",false,,34.90,6.9800,true,1,200175
7290011622428,false,כתמטמינים-חטיף בריאות לתינוקות וילדים 45 ג',מיוצר עבור גולדן האר,IL,כתמטמינים חטיף בריאו,,45.00,100 גרם,false,,7.90,0.1756,true,1,193094
7290011622701,false,טבעונים - חטיף טבעות דגנים מלאים בטעם גזר וסלק 45 גרם,,,חטיף גזר וסלק טבעוני,,45.00,100 גרם,false,,7.90,0.1756,true,1,248895
7290011622763,false,ביסקוויטמינים פלוס ו,מולינו ניקולי s.p.a,IL,ביסקוויט וניל פלוס 1,,150.00,,false,,15.90,0.1060,true,1,249373
7290011668570,false,גרנולה פירות יבשים ללא תוספת סוכר,בריא מהטבע פנינה רוזנבלום,IL,גרנולה פירות יבשים פ,,450.00,,false,,29.90,0.0664,true,1,233828
7290011765088,false,ג'ל גילוח לעור רגיל מנטול Cool,טרופיקל דגיל תעשיות,TR,קרמה גל גילוח קול 20,,200.00,100 גרם,false,,13.90,0.0695,true,1,180755
7290011765446,false,משחת שיניים לילדים בוב ספוג בטעם מיץ ענבים עם פלואוריד למניעת עששת,טרופיקל דגיל תעשיות,IL,אורביטול משחת שיניים,,70.00,100 גרם,false,,7.90,0.1129,true,1,180779
7290011800840,false,טחינה בלאדי רפי כהן 400 ג' צבר,סלטי צבר,IL,טחינה בלאדי צבר 400ג,,400.00,,false,,16.90,0.0422,true,1,177251
7290011860271,false,ביסבול כדורי פירה בציפוי פריך,"תעשיות תפוגן בע""מ",IL,ביסבול טבעי תפוגן 70,,700.00,100 גרם,false,,17.90,0.0256,true,1,177256
7290011877859,false,סנו אינסטלטור חדש פותח סתימות 200ג',מיוצר עי קונדיטוריית,IL,*מבצע* סנו אינסטלטור,,200.00,100 גרם,false,,11.90,0.0595,true,1,180799
7290011877866,false,אבקת כביסה סנו מקסימה בניחוח Musk,"איי, בי, אינבוו",IL,סנו מקסימה מאסק אבקת,קילוגרמים,6.00,"ק""ג",false,,49.90,8.3167,true,1,180800
7290011885007,false,פקאן סיני הטיב 200 ג,דין שיווק,,פקאן סיני 200גר,,200.00,100 גרם,false,,22.90,0.1145,true,1,212010
7290011931162,false,סוכרלייט ממתיק נוזלי על בסיס סוכרלוז,אף.סי תבליני בגליל ב,IL,סוכרזית סוכרלוז נוזל,,220.00,100 גרם,false,,32.90,0.1495,true,1,208893
7290011947309,false,זיתים מצוננים סורי מבוקע ולימון כבוש זיתא 230 ג',זיתא – י.ט.ב תעשיות,IL,זית סורי מבוקע עם לי,,230.00,,false,,14.90,0.0648,true,1,190815
7290011947316,false,זיתא זיתי קלמטה בשמן זית כתית מעולה 215ג,סטאר סנקס,IL,זיתי קלמטה 215 גר,,215.00,,false,,14.90,0.0693,true,1,190816
7290011947798,false,זית קלמטה ללא גלעין עם שמן זית כתית 190 ג',זיתא,IL,זית קלמטה ללא גלעין,,215.00,100 גרם,false,,14.90,0.0693,true,1,243057
7290011964344,false,תבלין שום גבישי 120 ג',תות ממתקי איכות,IL,שום גבישי 120גר,,120.00,,false,,12.90,0.1075,true,1,198519
7290011964542,false,תבלין פפריקה מתוקה 400ג',תות ממתקי איכות,IL,פפריקה מתוקה 400גר,,400.00,,false,,23.90,0.0597,true,1,198520
7290011964603,false,תבלין כרכום 400 גר',תבליני טעם וריח,IL,כורכום 400גר,,400.00,,false,,23.90,0.0597,true,1,198525
7290011964658,false,תבלין מלח לימון טעם,תות ממתקי איכות,IL,מלח לימון 170גר,,170.00,,false,,10.90,0.0641,true,1,198528
7290011964689,false,תבלין תיבול על האש ללא מונוס' 100ג',תות ממתקי איכות,IL,תיבול על האש ללא מונ,,100.00,100 גרם,false,,10.90,0.1090,true,1,198529
7290011964702,false,תבלין תיבול לשווארמה ללא מונוסו' 100ג',תות ממתקי איכות,IL,תיבול לשווארמה ללא מ,,100.00,100 גרם,false,,10.90,0.1090,true,1,198531
7290011977627,false,סרדינים בשמן צמחי 125 גר',טעים,MA,סרדין בשמן צמחי 125,,125.00,,false,,6.90,0.0552,true,1,194700
7290011977634,false,סרדינים פלפל חריף 125ג - רובין טעים,טעים,MA,סרדין פלפל חריף 125,,125.00,100 גרם,false,,6.90,0.0552,true,1,194701
7290011977641,false,סרדינים בלימון 125 גרם - רובין טעים,טעים,MA,סרדין בלימון 125 גר,,125.00,,false,,6.90,0.0552,true,1,194702
7290011977665,false,טעים סרדינים ברוטב עגבניות 125 גר,טעים,MA,סרדין ברוטב עגבניות,,125.00,,false,,6.90,0.0552,true,1,194703
7290011977924,false,טעמן פסטה קרנים\פרפלה 500גרם,מוטלו,TR,פסטה קרנים\פרפלה טעמ,,500.00,100 גרם,false,,4.90,0.0098,true,1,194711
7290012019036,false,שיני שום בצנצנת תומר 330ג',Qingdao canned foods,,שיני שום כבוש צנצנת,,330.00,,false,,9.90,0.0300,true,1,175198
7290012019043,false,שום צעיר כבוש צנצנת,Qingdao canned foods,,שום צעיר כבוש צנצנת,,330.00,,false,,9.90,0.0300,true,1,175199
7290012019050,false,שום צעיר ושיני שום כבושים בחומץ,Qingdao canned foods,,שום צעיר וציפורן צנצ,,330.00,100 גרם,false,,9.90,0.0300,true,1,228587
7290012019258,false,מחית תפוחי עץ רביעיה 4 * 113 ג' תומר,Cherry growers inc,,"מחית תפו""ע 4*113גר",,452.00,100 גרם,false,,12.90,0.0285,true,1,175205
7290012019265,false,"רסק תפו""ע דיאט תומר מארז 113X4ג'",Cherry growers inc,,"מחית תפו""ע ללא סוכר",,452.00,,false,,12.90,0.0285,true,1,175206
7290012022203,false,פריכיות קליליות חיטה,דילייט,,קליליות (פריכיות) חי,,100.00,,false,,15.90,0.1590,true,1,211390
7290012022227,false,פריכיות קליליות בטעם,דילייט,,קליליות (פריכיות) חי,,100.00,,false,,13.90,0.1390,true,1,211391
7290012022272,false,פריכיות קליליות קידס,דילייט,,קליליות קידס 30גר,,30.00,100 גרם,false,,12.90,0.4300,true,1,221414
7290012025822,false,סלט סלק אסלי 400 גרם,סלטי שמיר 2006 בעמ,IL,סלק אסלי 400גר,,400.00,100 גרם,false,,14.90,0.0373,true,1,198331
7290012025839,false,מטבוחה שמיר אסלי 400 גרם,סלטי שמיר 2006 בעמ,IL,מטבוחה אסלי 400גר,,400.00,100 גרם,false,,14.90,0.0373,true,1,198332
7290012086113,false,עגבניות שרי צימן קופסא 500ג',ירקט,IL,שרי קלמר ארוז 450 גר,,450.00,100 גרם,false,,9.90,0.0220,true,1,196206
7290012116032,false,מרכך לסירוק קל פיית הפרפרים,טרופיקל דגיל תעשיות,IL,כיף מרכך פיות 750מל,,750.00,100 גרם,false,,11.90,0.0159,true,1,180807
7290012116360,false,פוליויקס לטיפול ברצפות גרניט פורצלן וקרמיקה,"מפעלי סנו ברונוס בע""",IL,פוליויקס גרניט פורצל,ליטרים,2.00,ליטר,false,,23.90,11.9500,true,1,180826
7290012117039,false,מסיר אבנית ומנקה לאמבטיה 00,סנו,IL,נוזל 00 לאמבטיה 1ליט,,1000.00,,false,,8.90,0.0089,true,1,180854
7290012117350,false,ריצפז פרש 2 ליטר לילך לבנדר,"סנו מפעלי ברונוס בע""",IL,ריצפז פרש לילך לבנדר,ליטרים,2.00,ליטר,false,,21.90,10.9500,true,1,180862
7290012117428,false,"קרמה - שמפו וג'ל רחצה 2 ב-1 מנטה 700 מ""ל",טרופיקל דגיל תעשיות,IL,קרמה שמפו גל רחצה לג,,700.00,,false,,17.90,0.0256,true,1,180867
7290012117541,false,מרכך כביסה מקסימה קומפקט צהוב 1 ל' סנו,סנו מקסימה,IL,סנו מקסימה קומפקט צה,,1000.00,,false,,18.90,0.0189,true,1,180873
7290012117558,false,מרכך כביסה קומפקט מאסק ורוד סנו מקסימה 1 ל',"סנו מפעלי ברונוס בע""",IL,סנו מקסימה קומפקט מא,,1000.00,100 גרם,false,,18.90,0.0189,true,1,180874
7290012117732,false,סנו - מקסימה מרכך כביסה קול שחור 4 ליטר,"סנו מפעלי ברונוס בע""",IL,סנו מקסימה מרכך כביס,ליטרים,4.00,ליטר,false,,23.90,5.9750,true,1,180890
7290012117916,false,סנו אינסטלאטור פותח סתימות נוזלי 1 ל',"סנו מפעלי ברונוס בע""",IL,סנו אינסטלטור נוזל 1,,1000.00,100 גרם,false,,29.90,0.0299,true,1,180897
7290012139567,false,ביסקוויט עוף בונזו ג,Ping Yang,,בונזו ג'וי ביסקוויט,,90.00,100 גרם,false,,17.90,0.1989,true,1,225773
7290012191886,false,גפרורים ענקיים,,IN,גפרור ענק,יחידה,0.00,יחידה,false,,7.90,0.0000,true,1,239543
7290012226014,false,נקניקיות וינר זוגלובק 800 גרם,נקניק נהריה כשר זוגל,,נקניקיות וינר זוגלוב,,800.00,100 גרם,false,,23.90,0.0299,true,1,212471
7290012226021,false,סלמי מעושן פראג יבש 400 ג' זוגלובק,נקניק נהריה כשר זוגל,IL,*מבצע* סלמי מעושן פר,,400.00,100 גרם,false,,15.90,0.0398,true,1,212472
7290012226120,false,קבנוס זוגלובק 135גר,נקניק נהריה כשר זוגל,IL,קבנוס זוגלובק 135גר,,135.00,,false,,12.90,0.0956,true,1,212474
7290012226922,false,קבנוס בטעם שום 135 ג' זוגלובק,נקניק נהריה כשר זוגל,IL,קבנוס בטעם שום זוגלו,,135.00,100 גרם,false,,12.90,0.0956,true,1,212479
7290012226939,false,קבנוס עם צ'ילי חריף 135ג' זוגלובק,נקניק נהריה כשר זוגל,IL,קבנוס בטעם צילי זוגל,,135.00,100 גרם,false,,12.90,0.0956,true,1,212480
7290012226991,false,"נקניקיות עוף באריזת ג''מבו 1.5 ק""ג זוגלובק",נקניק נהריה כשר זוגל,IL,*מבצע* נקניקיות בארי,,1000.00,100 גרם,false,,27.90,0.0279,true,1,238516
7290012227325,false,סלמי דק דק מעושן איטלקי 120 ג' זוגלובק,זוגלובק,IL,סלמי מעושן דק דק 120,,120.00,100 גרם,false,,14.90,0.1242,true,1,223608
7290012227400,false,נקניקיות עוף זוגלובק 800 גרם,נקניק נהריה כשר זוגל,,נקניקיות עוף זוגלובק,,800.00,100 גרם,false,,23.90,0.0299,true,1,212499
7290012227592,false,פסט' חרמון כפרי וסלמי תה זוגי זוגלובק 300X2ג' מחפוד,זוגלובק,IL,חרמון כפרית+תה מחפוד,,700.00,100 גרם,false,,29.90,0.0427,true,1,230848
7290012227608,false,מארז חרמון 300 גר' +חרמון ברבקיו 300ג' זוגלובק,זוגלובק,IL,חרמון כפרית זוג מחפו,,600.00,100 גרם,false,,29.90,0.0498,true,1,230849
7290012227615,false,נקניקיות עוף זוגלובק 800 ג' מחפוד,זוגלובק,IL,נקניקיות עוף מחפוד 8,,800.00,100 גרם,false,,23.90,0.0299,true,1,230850
7290012227912,false,קבנוס עודן 135 ג' זוגלובק,זוגלובק,,קבנוס מעודן זוגלובק,,135.00,100 גרם,false,,12.90,0.0956,true,1,212520
7290012227974,false,פסטרמה הודו בדבש טהור דק דק דק,זוגלובק,IL,פסטרמה בדבש דק דק 12,,120.00,100 גרם,false,,14.90,0.1242,true,1,223609
7290012227981,false,פסטרמה דק דק ברביקיו 120 ג' זוגלובק,זוגלובק,IL,פסטרמה ברביקיו דק דק,,120.00,100 גרם,false,,14.90,0.1242,true,1,223610
7290012227998,false,פסטרמה דק דק חזה בקר 120 ג' זוגלובק,זוגלובק,IL,חזה בקר דק דק 120גר,,120.00,100 גרם,false,,14.90,0.1242,true,1,223611
7290012228124,false,קבנוס סטיקס עם נגיעות מלח ים סדרת ריינהולד'ס,זוגלובק,IL,קבנוס סטיקס זוגלובק,,50.00,100 גרם,false,,9.90,0.1980,true,1,222991
7290012228261,false,נקנקיות קנקרס הודו ועוף ריינהולד'ס זוגלובק 300 ג',זוגלובק,IL,נקניקיות הודו פרמיום,,300.00,100 גרם,false,,19.90,0.0663,true,1,225833
7290012228278,false,נקנקיות בוקוורסט עוף ובקר ריינהולד'ס 310 ג' זוגלובק,זוגלובק,IL,נקניקיות הודו בקר רי,,310.00,,false,,19.90,0.0642,true,1,225834
7290012228704,false,"ריינהולדס נקניקיות סוסג' ספרדית חריפה, 310 ג'",זוגלובק,IL,נקניקיות סוסג' ספרדי,,300.00,100 גרם,false,,19.90,0.0663,true,1,226366
7290012228728,false,קבנוס סטיקס בסגנון מקסיקני חריף סדרת ריינהולד'ס,זוגלובק,IL,קבנוס סטיקס מקסיקני,,50.00,,false,,9.90,0.1980,true,1,239302
7290012228766,false,קבנוס מחפוד זוגלובק,זוגלובק,IL,קבנוס מחפוד זוגלובק,,120.00,100 גרם,false,,12.90,0.1075,true,1,242056
7290012245312,false,"צ'יפס אמריקאי 1.5 ק""ג גולד שארית",יוליניבר,BE,גולד ציפס אמריקאי 1.,קילוגרמים,1.50,"ק""ג",false,,21.90,14.6000,true,1,238828
7290012245329,false,"צ'יפס קלאסי 1.5 ק""ג גולד שארית",יוליניבר,BE,גולד צ'יפס קלאסי1.5,,1500.00,100 גרם,false,,21.90,0.0146,true,1,238829
7290012245336,false,"גולד צ'יפס סטייק 1.5 ק""ג גולד שארית",אגריסטו,NL,גולד סטייק צ'יפס -1.,,1500.00,100 גרם,false,,21.90,0.0146,true,1,238830
7290012247002,false,כרעיים עוף טרי ארוז,,,כרעיים עוף טרי ארוז,קילוגרמים,1.00,"ק""ג",true,,29.90,29.9000,true,1,245263
7290012260827,false,שערות קדאיף מזאווי 4,ממתקי מזאוי,,שערות קדאיף 475 גרם,,475.00,100 גרם,false,,14.90,0.0314,true,1,232057
7290012309939,false,חלבה מסולסלת דין שיווק 500 ג',אף.סי תבליני בגליל ב,IL,חלבה מסולסלת 500גר,,500.00,100 גרם,false,,14.90,0.0298,true,1,200852
7290012367700,false,קרם גוף אינטנסיב רליף Intensive relief לעור יבש ומגורה,"ד""ר פישר Dr fischer",IL,קרם גוף אפקטיב שיבול,,700.00,,false,,33.90,0.0484,true,1,233571
7290012404955,false,ספרינג קולקשן נקטר חמוציות 1.25 ל',"יפאורה תבורי בע""מ",IL,ספרינג קולקשיין נקטר,,1250.00,,false,,13.90,0.0111,true,1,181832
7290012404993,false,ספרינג נקטר חמוציות דיאט קולקשיין 1.25ל,"יפאורה תבורי בע""מ",IL,ספרינג קולקשיין דיאט,,1250.00,,false,,13.90,0.0111,true,1,181835
7290012413643,false,תה ויסוצקי ירוק קמומיל 25 יח',ויסוצקי ירוק,IL,תה ירוק קמומיל 25יח,,25.00,,false,,26.90,1.0760,true,1,190837
7290012454172,false,סוכריות ללא סוכר בטעם יוגורט- תות שדה,מיה תעשיות מזון,IL,סוכריות ללא סוכר יוג,,80.00,,false,,5.90,0.0738,true,1,232639
7290012454202,false,סוכריות ריבת חלב ללא סוכר 80גרם,מיה תעשיות מזון,IL,סוכריות ללא סוכר ריב,,80.00,,false,,5.90,0.0738,true,1,232642
7290012483233,false,אנשובי ארוך בשמן זית צנצנת 80ג' ויליפוד,נמצאו,ES,אנשובי ארוך בשמן זית,,80.00,100 גרם,false,,14.90,0.1863,true,1,178757
7290012522581,false,טבעול שניצל תירס ללא גלוטן טבעול 664 גרם,עיצובים 2020 (4.8),IL,שניצל תירס ללא גלוטן,,664.00,100 גרם,false,,29.90,0.0450,true,1,177284
7290012561405,false,בצל חצי מטוגן דורות 180 גרם,עיצובים 2020 (3.8),IL,בצל חצי מטוגן דורות,,180.00,100 גרם,false,,12.90,0.0717,true,1,177295
7290012576607,false,"יין פרימייר אדום קברנה סובניון ומלבק 750 מ""ל","ברקן שיווק והפצה בע""",IL,יין פרימייר אדום קבר,,750.00,100 גרם,false,,29.90,0.0399,true,1,173188
7290012576614,false,יין Premieur לבן חצי יבש אמרלד ריזלינג קולומברד,יקבי ברקן שיווק והפצ,IL,יין פרימייר לבן ריזל,,750.00,,false,,29.90,0.0399,true,1,173189
7290012642036,false,פסטה לה פסטה 5 ספגטי,,,פסטה לה פסטה 5 ספגטי,,400.00,,false,,5.90,0.0148,true,1,175250
7290012642869,false,פלפלים קטנים חריפים כבושים שלמים,תומר,,פלפל חריף פעמון אדום,,530.00,,false,,9.90,0.0187,true,1,175269
7290012642876,false,פלפלים קטנים חריפים כבושים שלמים,יושלם,,פלפלונים מעורבים כבו,,530.00,100 גרם,false,,9.90,0.0187,true,1,175270
7290012645112,false,"יוגורט עיזים בדלי חלב הארץ 750מ""ל",מחלבות סוסיא,IL,יוגורט עיזים בדלי 75,,750.00,,false,,21.90,0.0292,true,1,196215
7290012645389,false,יוגורט עיזים טבעי חלב הארץ 1 ל',מחלבות סוסיא,IL,יוגורט טבעי בקבוק 1ל,,1000.00,100 גרם,false,,23.90,0.0239,true,1,196224
7290012665059,false,קובה למרק חמים וטעים,,,קובה למרק חמים וטעים,,400.00,,false,,16.90,0.0422,true,1,172387
7290012803055,false,ממתיק על בסיס סוכרלוז - שקיות,תות ממתקי איכות,IL,סוכרלוז מרמולייט 100,,100.00,100 גרם,false,,29.90,0.2990,true,1,207685
7290012803772,false,שוקולד חלב ללא תוספת סוכר,אלטינמארקה גידה סאן,TR,שוקולד טוסו חלב 100ג,,100.00,100 גרם,false,,13.50,0.1350,true,1,207720
7290012803796,false,שוקולד חלב עם אגוזים ללא תוספת סוכר,אלטינמארקה גידה סאן,TR,שוקולד טוסו חלב ואגו,,100.00,100 גרם,false,,13.50,0.1350,true,1,207722
7290012823602,false,נייר טואלט סופט סילק לבן - מארז 32 גלילים,טרופיקל דגיל תעשיות,IL,סופט סילק נייר טואלט,,1950.00,100 גרם,false,,37.90,0.0194,true,1,180937
7290012850011,false,מחית ביליבד תפוחי עץ 190ג',,,בלאבד מחית תפוחי עץ,,190.00,100 גרם,false,,5.90,0.0311,true,1,228303
7290012850073,false,בי לאב מחית סלט פירות 190 גר,בילובד Beloved,SK,בלאבד מחית סלט פירות,,190.00,100 גרם,false,,5.90,0.0311,true,1,171893
7290012864001,false,נביטי חמניה 170ג',חקלאי,IL,נבטי חמניות,יחידה,0.00,יחידה,false,,8.90,0.0000,true,1,205210
7290012864025,false,נבטי אלפלפא,חקלאי,IL,נבטים,יחידה,0.00,יחידה,false,,7.90,0.0000,true,1,205211
7290012899300,false,זיתים קלמטה שלם 560,,,זיתים קלמטה שלם 560,,560.00,100 גרם,false,,12.90,0.0230,true,1,234131
7290012901355,false,דודלס ארוחת אטריות עם גבינה 206 גרם,האי נאם סי או אל.טי.,US,פסטה מקרוני עם גבינה,,206.00,,false,,12.90,0.0626,true,1,174605
7290012921032,false,מלכה בוטיק בירה אדמו,בירה מלכה בעמ,IL,בירה מלכה בוטיק אדמו,,330.00,100 גרם,false,,14.90,0.0452,true,1,192695
7290012929779,false,פסטה ספירלה מקמח מלא טעמן 500 ג',מוטלו,TR,פסטה ספירלה חיטה מלא,,500.00,,false,,7.90,0.0158,true,1,194722
7290012929786,false,טעמן פסטה צינורות חיטה מלאה 500גר,מוטלו,TR,פסטה צינורות חיטה מל,,500.00,,false,,7.90,0.0158,true,1,194723
7290012929793,false,פסטה ספגטי מקמח מלא טעמן 500 גר',מוטלו,TR,ספגטי מחיטה מלאה 500,,500.00,,false,,7.90,0.0158,true,1,194724
7290012931611,false,שייני כריות ברזל שלשייה,,,כריות ברזל 3יח,,3.00,,false,,7.90,2.6333,true,1,197894
7290012931734,false,"שייני מבשם נוזלי לבנדר 400 מ""ל",מ.א ייצור ושיווק מטל,,מבשם אוויר נטול גז ב,,400.00,,false,,9.90,0.0248,true,1,197899
7290012938405,false,רדיד אלומניום דיימונד 087- עבה במיוחד,,,דאיימונד נייר כסף 87,,0.45,,false,,21.90,48.6667,true,1,199703
7290012938580,false,"סנסודיין משחת שיניים להלבנה עדינה 75 מ""ל",גלקסוסמית'קליין קונס,GB,סנסודיין משחת שיניים,,75.00,,false,,21.90,0.2920,true,1,199707
7290012938597,false,"סנסודיין משחת שיניים רפיד רליף 75 מ""ל","סמיתקליין ביצ'ם בע""מ",SK,סנסודיין משחת שיניים,,75.00,100 גרם,false,,21.90,0.2920,true,1,199708
7290012938740,false,"משחת שיניים פרש מינט מנטה 75מ""ל סנסודיין",גלקסו סמית קליין,GB,סנסודיין משחת שיניים,,75.00,100 גרם,false,,21.90,0.2920,true,1,199712
7290012962141,false,"ליפתניות פלסטיק הוסטס"" 25 יח'",,,ליפתניות פלסטיק 25יח,יחידה,0.00,יחידה,false,,7.90,0.0000,true,1,249490
7290012962387,false,רדיד אלומיניום תעשיי,,,רדיד אלומיניום תעשיי,יחידה,0.00,יחידה,false,,14.90,0.0000,true,1,249529
7290012996450,false,הפי מרכך לכביסה מרוכז כחול 1ל',קרלו,BE,הפי מרכך כביסה מרוכז,,1000.00,100 גרם,false,,10.90,0.0109,true,1,183647
7290012996672,false,הפי סבון לאסלה מבושם זוג,יוליניבר,IT,הפי סבון אסלה מבושם,,110.00,100 גרם,false,,12.90,0.1173,true,1,183653
7290013031051,false,אורז יסמין לבן שוקחה,,,אורז יסמין לבן שוקחה,,5000.00,,false,,29.90,0.0060,true,1,172033
7290013038432,false,מים מזוככים אקווה נובה,אקווה נובה Aqua Nova,IL,מים אקווה נובה 2 ליט,,2000.00,100 גרם,false,,4.20,0.0021,true,1,204613
7290013083661,false,תרכובת מזון המשך לפעוטות שלב 1 Extra Care,מטרנה תעשיות ש.מ,IL,מטרנה אקסטרא קר שלב,,700.00,100 גרם,false,,59.90,0.0856,true,1,177304
7290013083678,false,תרכובת מזון המשך לפעוטות שלב 2 Extra Care,מולינו ניקולי s.p.a,IL,מטרנה אקסטרא קר שלב,,700.00,100 גרם,false,,59.90,0.0856,true,1,177305
7290013083685,false,תרכובת מזון המשך לפעוטות שלב 3 Extra Care,מטרנה תעשיות ש.מ,IL,מטרנה אקסטרא קר שלב,,700.00,100 גרם,false,,59.90,0.0856,true,1,177306
7290013117212,false,בורקס פילו גבינה מעדנות מעדנות 600 ג',מיוצר עי קונדיטוריית,IL,בורקס פילו גבינה מעד,,600.00,,false,,21.90,0.0365,true,1,188522
7290013117229,false,בורקס פילו תפוא מעדנות 600 גרם,מיוצר עי קונדיטוריית,IL,בורקס פילו תפוא מעדנ,,600.00,,false,,21.90,0.0365,true,1,188523
7290013117236,false,בורקס פילו פיצה מעדנות 600 ג',מיוצר עי קונדיטוריית,IL,בורקס פילו פיצה מעדנ,,600.00,,false,,21.90,0.0365,true,1,188524
7290013117243,false,בורקס פילו בולגרית מעדנות 600 ג',מיוצר עי קונדיטוריית,IL,בורקס פילו בולגרית מ,,600.00,,false,,21.90,0.0365,true,1,188525
7290013117410,false,בצק פריך מרודד למאפים מתוקים 900 ג' מעדנות,מיוצר עי קונדיטוריית,IL,בצק פריך מרודד למאפי,,900.00,,false,,24.50,0.0272,true,1,188528
7290013117427,false,בצק פריך מרודד למאפים מלוחים 900 ג' מעדנות,מיוצר עי קונדיטוריית,IL,בצק פריך מרודד למאפי,,900.00,100 גרם,false,,24.50,0.0272,true,1,188529
7290013117526,false,מעדנות בצק שמרים למאפים מתוקים 900 גרם,"מעדנות בע""מ",IL,בצק שמרים למאפים מתו,,900.00,,false,,24.50,0.0272,true,1,188534
7290013153395,false,פריגת סחוט טרי רימונים 1ליטר,פריגת,IL,פריגת סחוט רימונים 1,,1000.00,100 גרם,false,,25.90,0.0259,true,1,184713
7290013268020,false,סנו - מקסימה מרכך כביסה מרוכז אולטרה פרש 1 ליטר,"סנו מפעלי ברונוס בע""",IL,סנו מקסימה אולטרא פר,,1000.00,100 גרם,false,,18.90,0.0189,true,1,180961
7290013268242,false,תרכיז ריחני לניקוי רצפות בריח מלון מפנק ריצפז פרש,"סנו מפעלו ברונוס בע""",IL,ריצפז פרש הום בניחוח,,2000.00,,false,,24.90,0.0124,true,1,239234
7290013268907,false,ג'ל כביסה מרוכז מקסימה Bio cold water,"סנו מפעלי ברונוס בע""",IL,סנו מקסימה גל כביסה,ליטרים,3.00,ליטר,false,,33.90,11.3000,true,1,181012
7290013268983,false,מרכך כביסה סופר מרוכז בבישום עוצמתי סנו מקסימה 1 ל',"סנו מפעלי ברונוס בע""",IL,סנו מקסימה מרכך סופר,,1000.00,,false,,18.90,0.0189,true,1,244588
7290013269003,false,מרכך כביסה סופר מרוכז בייבי לתינוקות ולעור רגיש,"סנו מפעלי ברונוס בע""",IL,סנו מקסימה קר בייבי,,1000.00,100 גרם,false,,19.90,0.0199,true,1,181015
7290013269096,false,מטליות לחות לטיפול במוצרי עור,מיוצר עי קונדיטוריית,IL,מטליות לחות לטיפול ב,,20.00,,false,,13.90,0.6950,true,1,181019
7290013269157,false,"מרכך ומבשם מקסימה למייבש לבנדר 750 מ""ל סנו",סנו מקסימה,,סנו מקסימה למייבש לב,,750.00,,false,,19.90,0.0265,true,1,181023
7290013269263,false,ג'ל כביסה מרוכז מקסימה בבישום קריסטל נואר,סנו מפעלי ברונוס בעמ,IL,סנו מקסימה גל כביסה,ליטרים,3.00,ליטר,false,,33.90,11.3000,true,1,181026
7290013269287,false,סנו - מקסימה ג'ל כביסה מרוכז מאסק 3 ליטר,"סנו מפעלי ברונוס בע""",IL,סנו מקסימה גל כביסה,ליטרים,3.00,ליטר,false,,33.90,11.3000,true,1,181028
7290013269621,false,ריצפז פרש לניקוי רצפות בניחוח מלון בוטיק,מיוצר עי קונדיטוריית,IL,ריצפז פרש הום בניחוח,ליטרים,2.00,ליטר,false,,24.90,12.4500,true,1,226151
7290013269645,false,מטליות לחות לניקוי הרצפה בניחוח מאסק ריצפז פרש,סנו מפעלי ברונוס בעמ,IL,מטליות לחות ריצפז פר,יחידה,0.00,יחידה,false,,13.90,0.0000,true,1,181041
7290013269669,false,ריצפז בניחוח פנטזיה לניקוי הרצפה,"סנו מפעלי ברונוס בע""",IL,*מבצע* ריצפז פנטזיה,ליטרים,3.00,ליטר,false,,13.90,4.6333,true,1,181043
7290013269751,false,מטליות לחותריצפז פרש לניקוי ריצפה בניחות מלון בוטיק 10 יח' סנו,טרופיקל דגיל תעשיות,IL,ריצפז פרש הום מטליות,,10.00,,false,,13.90,1.3900,true,1,226819
7290013284136,false,מלפפונים פריניר במלח,פריניר,,מלפפון במלח 7-9 פרינ,,560.00,,false,,7.40,0.0132,true,1,231778
7290013284310,false,רוטב פסטה לילדים 240 ג' פריניר,פריניר ( הדס 1987) ב,IL,רוטב פסטה לילדים פרי,,240.00,100 גרם,false,,6.90,0.0288,true,1,214597
7290013284662,false,רוטב פיצה פיתה לילדים 240 ג' פריניר,פריניר ( הדס 1987) ב,IL,רוטב פיצה פריניר 240,,240.00,,false,,6.90,0.0288,true,1,214598
7290013302014,false,"אבקה שוקו שוקו טעמן 1 ק""ג",,,"שוקו שוקו בד""צ טעמן",,1000.00,,false,,11.90,0.0119,true,1,194728
7290013302243,false,פסטה מסולסלת טעמן 500 גר',מוטלו,TR,פסטה מסולסלת טעמן 50,,500.00,100 גרם,false,,4.90,0.0098,true,1,194733
7290013358356,false,מאסטר שף - פירורי לחם מוזהבים 320 גרם,מנה י.א בעמ,IL,פירורי לחם מוזהבים מ,,320.00,,false,,7.90,0.0247,true,1,185772
7290013358363,false,פירורי לחם פנקו מזוהבים מאסטר שף מנה 300 ג',קריניציה ויטמינה אס,IL,פירורי לחם פנקו מאסט,,300.00,,false,,8.90,0.0297,true,1,185773
7290013358370,false,פירורי לחם פנקו בטעם שום מאסטר שף 300 ג',"מיוצר ע""י מנה י.א בע",IL,פירורי לחם פנקו בטעם,,300.00,100 גרם,false,,8.90,0.0297,true,1,185774
7290013358431,false,קרוטונים לסלט בתיבול עגבניות ובזיליקום,"עינת תעשיות מזון אג""",IL,קרוטונים לסלט עגבניו,,200.00,100 גרם,false,,13.90,0.0695,true,1,185779
7290013358509,false,"מיקסלט גרעינים, קטניות ואגוזים",בטר אנד דיפרנט,IL,מיקסלט מאסטר שף 200ג,,200.00,,false,,14.90,0.0745,true,1,185785
7290013358516,false,"מיקסלט חמוציות, גרעינים, קטניות ואגוזים",המאפיה של הרמן,IL,מיקסלט עם חמוציות מא,,200.00,100 גרם,false,,14.90,0.0745,true,1,185786
7290013358523,false,מאסטר שף שבבי בצל מטוגן 150ג,קריניציה ויטמינה אס,NL,שבבי בצל מטוגן מאסטר,,150.00,,false,,13.90,0.0927,true,1,228912
7290013389398,false,"קמח תירס דק 1 ק""ג",פיקטה piccata,,"קמח תירס דק 1 ק""ג",,1000.00,100 גרם,false,,10.90,0.0109,true,1,228595
7290013472199,false,ערמונים קלוף וקלוי ו.פוד 105 ג',בייג'גג פוינונג,CN,ערמונים ויליפוד 100ג,,100.00,100 גרם,false,,7.90,0.0790,true,1,178793
7290013472892,false,בולגריה קוביות במי מלח - מרכיבי חלב ושומן צמחי,"קוליוס אס.איי, גריק",GR,בולגריה בקוביות וילי,,200.00,,false,,11.90,0.0595,true,1,178812
7290013492005,false,אמא אדמה תפוח אדמה למיקרו 700 גר',ברכת קטיף,IL,"תפו""א למיקרו",יחידה,0.00,יחידה,false,,7.90,0.0000,true,1,205220
7290013525789,false,אריסה מרוקאית שמיר 150 גר',סלטי שמיר,,סלט עריסה מרוקאית שמ,,150.00,100 גרם,false,,12.90,0.0860,true,1,198338
7290013525796,false,סחוג תימני שמיר 150 גר',,,סלט סחוג תימני שמיר,,150.00,100 גרם,false,,12.90,0.0860,true,1,198339
7290013525802,false,סחוג אדום שמיר 150 גר',,,סלט סחוג אדום שמיר 1,,150.00,100 גרם,false,,12.90,0.0860,true,1,198340
7290013525819,false,סלט שום כתוש שמיר 15,,,סלט שום כתוש שמיר 15,,150.00,100 גרם,false,,12.90,0.0860,true,1,198341
7290013531117,false,רוטב פסטה לילדים 240 גרם יכין,"זנלכל בע""מ",IL,רוטב פסטה לילדים יכי,,240.00,100 גרם,false,,6.90,0.0288,true,1,174374
7290013531346,false,סירופ דיאט לימונענע יכין 1 ליטר,יכין,IL,סירופ דיאט לימונענע,,1000.00,100 גרם,false,,16.90,0.0169,true,1,174378
7290013531377,false,תורמוס יכין 560 גרם,היינץ צפון אמריקה מק,IL,תורמוס יכין 560 גרם,,560.00,100 גרם,false,,10.90,0.0195,true,1,174381
7290013531490,false,פול מתובל יכין 550גר,,,פול מתובל יכין 550גר,,550.00,,false,,9.90,0.0180,true,1,174387
7290013531629,false,רוטב פומדורו יכין 240ג,היינץ צפון אמריקה מק,IL,רוטב פומדורו יכין 24,,240.00,,false,,6.90,0.0288,true,1,174389
7290013531759,false,שעועית אפויה במים 550 ג' יכין,"זנלכל בע""מ",IL,שעועית אפוייה יכין 5,,550.00,100 גרם,false,,9.90,0.0180,true,1,174397
7290013534057,false,"צ'יפס בטטה טבעי מיה 100ג' 'כשל""פ",מיה תעשיות מזון בעמ,IL,חטיף צ'יפס בטטה 100,,100.00,,false,,9.90,0.0990,true,1,234776
7290013535849,false,מגיק מסיר אבן 1 ליטר,,,מגיק מסיר אבן 1 ליטר,,1000.00,100 גרם,false,,10.90,0.0109,true,1,203218
7290013542106,false,כוסות לונג דרינק גמי,,,כוסות לונג דרינק גמי,,10.00,,false,,13.90,1.3900,true,1,197668
7290013542236,false,כוסות חד פעמי .א'ר 100 יח',,,כוסות ח.פ א'ר 100 דנ,,100.00,,false,,7.90,0.0790,true,1,197675
7290013542526,false,כוס נייר 8BOZ אר 50 יח',,,כוס נייר 8 אוז 50יח,,50.00,,false,,9.90,0.1980,true,1,197690
7290013542533,false,כוס נייר 12OZ אר 50 דנטס,,,כוס נייר 12 אוז 50 י,יחידה,0.00,יחידה,false,,19.90,0.0000,true,1,197691
7290013542991,false,מפת אל בד חתוך 11/18,,,מפת אל בד חתוך 11/18,יחידה,0.00,יחידה,false,,4.90,0.0000,true,1,221649
7290013579232,false,"Shake""אוכמניות כחולות קפואות 250 ג",,,אוכמניות כחולות קפוא,,250.00,100 גרם,false,,12.90,0.0516,true,1,246815
7290013579751,false,בשר ראש מוכשר קפוא,,,בשר ראש מוכשר קפוא,קילוגרמים,1.00,"ק""ג",true,,59.90,59.9000,true,1,244699
7290013580009,false,המבורגר זהב 400 ג' 12 יח',,,המבורגר זהב ארוז 400,,400.00,100 גרם,false,,19.90,0.0497,true,1,227982
7290013585233,false,"ספרייט זירו פחית סליק 330 מ""ל",קוקה קולה Coca Cola,IL,ספרייט זירו סילק 330,,330.00,,false,,6.70,0.0203,true,1,210511
7290013585387,false,קוקה קולה זירו בקבוק,החברה המרכזית לייצור,IL,קוקה קולה זירו 1ליטר,,1000.00,100 גרם,false,,7.50,0.0075,true,1,210522
7290013585394,false,קוקה קולה קלאסי,החברה המרכזית לייצור,IL,קוקה קולה 1ליטר,,1000.00,100 גרם,false,,7.50,0.0075,true,1,210523
7290013585967,false,"ספרייט זירו 330 מ""ל מארז שישייה",קוקה קולה,IL,ספרייט זירו מארז פחי,,1980.00,100 גרם,false,,29.90,0.0151,true,1,210537
7290013608260,false,פרימור מיץ רימונים 100% סחוט טרי 1ל',"גניר (1992) בע""מ",IL,פרימור רימונים סחוט,,1000.00,100 גרם,false,,24.90,0.0249,true,1,196277
7290013608482,false,פרימור נקטר מנגו 1לי,פרימור,,פרימור נקטר מנגו 1לי,,1000.00,,false,,8.90,0.0089,true,1,179694
7290013608550,false,נקטר תפוזים 1 ל' פרימור,סטאר סנקס,IL,פרימור נקטר תפוזים 1,,1000.00,100 גרם,false,,8.90,0.0089,true,1,179698
7290013608604,false,"משקה קל תפוחי עץ פרימור 500 מ""ל",סטאר סנקס,IL,פרימור תפוחי עץ 500,,500.00,100 גרם,false,,5.90,0.0118,true,1,239280
7290013608628,false,פרימור משקה קל ענבים,סטאר סנקס,IL,"פרימור ענבים 500 מ""ל",,500.00,100 גרם,false,,5.90,0.0118,true,1,239281
7290013608680,false,מיץ עגבניות 1ל' פרימור,סטאר סנקס,IL,פרימור מיץ עגבניות 1,,1000.00,,false,,8.90,0.0089,true,1,179701
7290013608703,false,"משקה קל אשכליות 500 מ""ל פרימור",סטאר סנקס,IL,פרימור אשכולית 500 מ,,500.00,100 גרם,false,,5.90,0.0118,true,1,239282
7290013608772,false,"משקה קל תפוזים פרימור 500 מ""ל",סטאר סנקס,IL,"פרימור תפוזים 500 מ""",,500.00,100 גרם,false,,5.90,0.0118,true,1,239283
7290013608796,false,"משקה קל תות בננה 500 מ""ל פרימור",,,פרימור תות בננה 500,,500.00,100 גרם,false,,5.90,0.0118,true,1,239284
7290013625670,false,סינטטי חומצה אצטית מדוללת למזון 5%,טעמן,,חומץ סנטטי טעמן 1ליט,,1000.00,100 גרם,false,,5.90,0.0059,true,1,194751
7290013625700,false,"טעמן חצאי משמש בסירופ קל 820 ג""ר",,,טעמן חצאי משמש בסירו,,820.00,,false,,12.90,0.0157,true,1,248643
7290013625922,false,אטריות דקות טעמן 400 ג,מוטלו,TR,איטריות דקות טעמן 40,,400.00,,false,,5.90,0.0148,true,1,194752
7290013652157,false,"ד""ר פישר - נטורל קר מגבונים להסרת איפור לעור רגיל יבש 30 יח' * 3","ד""ר פישר Dr fischer",IL,נטורל קר מגבונים להס,יחידה,0.00,יחידה,false,,26.90,0.0000,true,1,204401
7290013652843,false,שמפו נטורל קר לשיער רגיל ורדים וחלב רימונים,"ד""ר פישר Dr fischer",IL,נטורל קר שמפו לשיער,,700.00,,false,,19.90,0.0284,true,1,204412
7290013675545,false,שניצל כלי תחבורה מאמא עוף 700 ג',,,שניצל כלי תחבורה 700,,700.00,,false,,38.90,0.0556,true,1,224732
7290013675804,false,שניצלונים בטעם טבעות,תנובה גליל שותפות מו,IL,מיני מיני דק טבעות ב,,500.00,,false,,29.90,0.0598,true,1,242671
7290013677846,false,כוסמת מיה 1 קג,מיה,IL,"כוסמת 1 ק""ג",,1000.00,,false,,13.90,0.0139,true,1,202892
7290013702050,false,"שוופס וואטר ענבים 500מ""ל",,,שוופס וואטר ענבים 50,,500.00,,false,,5.90,0.0118,true,1,181840
7290013702388,false,"שוופס וואטר תפוח 500מ""ל",יפאורה תבורי בעמ,IL,שוופס מים בטעם תפוח,,500.00,,false,,5.90,0.0118,true,1,181852
7290013702883,false,"שוויפס למונדה ורודה 500 מ""ל",,,שוופס לימונדה ורודה,,500.00,,false,,5.90,0.0118,true,1,181870
7290013724939,false,חטיף חמוציות בשוקולד מריר 160,דין שיווק,IL,משוקלדים חמוציות מרי,,160.00,100 גרם,false,,9.90,0.0619,true,1,200857
7290013724960,false,משוקלדים שקד חלב 160 גר' קופסא,"דין שיווק וקליה בע""מ",IL,משוקלדים שקד חלב קופ,,160.00,100 גרם,false,,9.90,0.0619,true,1,200860
7290013724977,false,משוקולדים צימוק מריר 140 ג' קופסא,"דין שיווק וקליה בע""מ",IL,משוקלדים צימוק מריר,,160.00,,false,,9.90,0.0619,true,1,200861
7290013724991,false,משוקולדים לוז חלב 160 גר' סקופסא,דין שיווק,IL,משוקולדים לוז חלב קו,,160.00,100 גרם,false,,9.90,0.0619,true,1,200863
7290013771216,false,תחליף גבינה פטאקי 25,מיוצר עי קונדיטוריית,IL,פטאקי 16% 250גר השומ,,250.00,,false,,14.90,0.0596,true,1,174186
7290013771261,false,גבינה בולגרית מעודנת,מחלבת השומרון,IL,בולגרית מעודנת 5% 25,,250.00,,false,,14.90,0.0596,true,1,174187
7290013771292,false,גבינה פטאקי 16% שומר,מחלבת השומרון,IL,פטאקי 16% 250גר הסדר,,250.00,,false,,14.90,0.0596,true,1,174189
7290013771384,false,יוגורט יווני השומרון,מיוצר עי קונדיטוריית,IL,יוגורט יווני השומרון,,400.00,100 גרם,false,,10.90,0.0273,true,1,174193
7290013847102,false,נתחי טונה בהירה בשמן - מארז שלישיה,סטארקיסט Starkist,,טונה סטארקיסט בשמן 3,,240.00,100 גרם,false,,12.90,0.0538,true,1,228739
7290013847386,false,נתחי טונה לייט במים ושמן קנולה בטעם טבעי 4%,סטארקיסט Starkist,IL,טונה סטארקיסט לייט 4,,140.00,,false,,7.90,0.0564,true,1,226361
7290013847393,false,נתחי טונה לייט 4% שומן עם עשבי תיבול 140 ג' סטארקיסט,סטארקיסט Starkist,IL,טונה סטארקיסט לייט 4,,140.00,100 גרם,false,,7.90,0.0564,true,1,226362
7290013847409,false,נתחי טונה לייט במים ושמן קנולה עם לימון ופלפל חריף 4%,סטארקיסט Starkist,IL,טונה סטארקיסט לייט 4,,140.00,100 גרם,false,,7.90,0.0564,true,1,226363
7290013847454,false,טונה בשמן קנולה סטארקיסט 4*160 ג',קריות זול,,טונה בשמן קנולה רביע,,640.00,,false,,25.90,0.0405,true,1,245159
7290013847553,false,נתחי טונה בהירה במים דל נתרן - מארז רביעיה,"סטארקיסט פודור בע""מ",TH,סטארקיסט טונה רביעיי,,640.00,100 גרם,false,,25.90,0.0405,true,1,246893
7290013847867,false,מארז זוג טונה בשמן סויה 140 ג' סטארקיסט,טונה ויטנאם קו. אל.ט,IL,טונה סטארקיסט בשמן ס,,140.00,100 גרם,false,,12.90,0.0921,true,1,239638
7290013848345,false,מארז מטליות לחיטוי וניקוי יסודי אנטיבקטריאלי 99.9%,סנו מפעלי ברונוס בעמ,IL,סנו מטליות לחות לחיט,יחידה,0.00,יחידה,false,,24.90,0.0000,true,1,240565
7290013861054,false,משוקלדים צימוק חלב 140 ג' קופסא,"דין שיווק וקליה בע""מ",IL,משוקלדים צימוק חלב ק,,160.00,100 גרם,false,,9.90,0.0619,true,1,200871
7290013883407,false,"מרסס דזיטול לחיטוי כללי 750 מ""ל",יעקבי - דזיטול Desytol,ES,דזיטול מרסס מחטא ומש,,500.00,,false,,15.90,0.0318,true,1,183659
7290013906212,false,"נקנקיות וינר טירת 1 ק""ג טירת צבי",הנסיך- מפעל לייצור ט,IL,נקניקיות וינר טירת צ,,1000.00,100 גרם,false,,29.90,0.0299,true,1,188559
7290013906489,false,חטיפי מיני קבנוס 120 ג' טירת צבי,הנסיך- מפעל לייצור ט,IL,חטיפי קבנוס טירת צבי,,120.00,100 גרם,false,,11.90,0.0992,true,1,219235
7290013906687,false,פסט' צמד כפרית ברביקיו ודבש 300X2ג' טירת צבי,הנסיך- מפעל לייצור ט,IL,פסטרמה צמד מארז כפרי,,600.00,100 גרם,false,,28.90,0.0482,true,1,188569
7290013927101,false,אחווה עוגה תפוחים ללא תוספת סוכר 450גר,אחדות ביחר לטחינה חל,IL,עוגת תפוחים ללא תוספ,,450.00,100 גרם,false,,13.90,0.0309,true,1,203432
7290013927323,false,אחדות עוגת בראוניס 400 גרם,אחדות ביחר לטחינה חל,IL,עוגת בראוניס אחווה 4,,400.00,,false,,12.90,0.0323,true,1,203446
7290013927637,false,חלווה ללא תוספת סוכר 400 גר' אחוה,אחדות ביחר לטחינה חל,IL,חלווה ללא תוספת סוכר,,400.00,100 גרם,false,,13.90,0.0348,true,1,226633
7290013927989,false,מאפין ממולא בטעם קרמל 50 גרם אחוה,אחדות ביחר לטחינה חל,IL,מאפין במילוי בטעם קר,,50.00,100 גרם,false,,3.20,0.0640,true,1,244437
7290013927996,false,עוגת שמרים קראץ' בטעם שוקולד 400 גר',אחדות ביחר לטחינה חל,IL,עוגת שמרים קרנץ בטעם,,400.00,100 גרם,false,,12.90,0.0323,true,1,240381
7290013946089,false,מבריק חלונות מגיק 1ל,סאסאטק,IL,מבריק חלונות מגיק 1ל,,1000.00,100 גרם,false,,6.90,0.0069,true,1,203225
7290014002128,false,תה ירוק לימונית ומנטה 25 שקיקים ויסוצקי,ויסוצקי ירוק,IL,תה ירוק לימונית מנטה,,25.00,,false,,26.90,1.0760,true,1,190850
7290014002197,false,ויסוצקי חליטת קמומיל ולימונית 25*1.5ג,ויסוצקי,IL,חליטת קמומיל ולימוני,,25.00,,false,,19.90,0.7960,true,1,190853
7290014002203,false,תה ויסוצקי חליטת לימונית ולואיזה 20יח',HIQ FOOD PRODUCTS,IL,חליטת לימונית לואיזה,,25.00,,false,,19.90,0.7960,true,1,190854
7290014002982,false,תה ירוק לימונית לואיזה בתוספת עלי סטיביה 25 שקיקים,ויסוצקי ירוק,IL,תה ירוק לימונית לואי,יחידה,0.00,יחידה,false,,26.90,0.0000,true,1,190867
7290014046016,false,פסטרמה של פעם דל שומן 2% רכיבים טבעיים,מעדני יחיעם,IL,פסטרמה הודו 100% חומ,,250.00,,false,,27.90,0.1116,true,1,172213
7290014046047,false,צמד פסטרמות 600 ג' יחיעם,מעדני יחיעם 1993,IL,צמד פסטרמות פפריקה ו,,600.00,,false,,29.90,0.0498,true,1,172216
7290014046436,false,נשנושי קבנוס 125 ג' יחיעם,מעדני יחיעם 1993,IL,נשנושי קבנוס יחיעם 1,,125.00,100 גרם,false,,14.90,0.1192,true,1,172217
7290014046474,false,"נקניקיות עוף 1.5 ק""ג יחיעם",יחיעם,IL,נקניקיות עוף יחיעם 1,,1500.00,,false,,29.90,0.0199,true,1,172219
7290014059085,false,"סנוסדין משחת שיניים לשיקום והגנה 75 מ""ל",סמית קליין ביצ'ם,GB,משחת שיניים סנסודיין,,75.00,100 גרם,false,,21.90,0.2920,true,1,199734
7290014066366,false,לנדוור-קפסולות אספרסו ריסטרטו(08) - 10יח'12X יח,קפה לנדוור,IL,לנדוור קפסולות אספרס,,50.00,100 גרם,false,,15.90,0.3180,true,1,240372
7290014066380,false,לנדוור-קפסולות אספרסו סופרימו(10) - 10יח'12X יח,קפה לנדוור,IL,לנדוור קפסולות אספרס,,50.00,100 גרם,false,,15.90,0.3180,true,1,240374
7290014066533,false,לנדוור-קפסולות אספרסו קלייה כפולה(12) - 10יח'12X יח,לנדוור,IL,לנדוור קפסולות אספרס,,50.00,100 גרם,false,,15.90,0.3180,true,1,240377
7290014079236,false,פטריות פורטובלה מיני סלסלה,מרינה פטריות הגליל,IL,פטריות מיני חורש,יחידה,0.00,יחידה,false,,9.90,0.0000,true,1,172596
7290014079847,false,צמד פטריות בייבי בלה,"מרינה פטריות הגליל בע""מ",IL,צמד פטריות בייבי בלה,,500.00,100 גרם,false,,15.90,0.0318,true,1,172603
7290014083813,false,וילי פוד מריגה שפרוטים מעושנים בשמן 190ג,הנסיך- מפעל לייצור ט,LV,שפרוטים מעושנים בשמן,,190.00,100 גרם,false,,9.90,0.0521,true,1,178843
7290014088948,false,קקאו 150 גרם 100 %-ח,,,קקאו 150 גרם 100 %-ח,,150.00,,false,,8.90,0.0593,true,1,245590
7290014088955,false,קקאו 500 גרם חילדה,,,קקאו 500 גרם חילדה,,500.00,100 גרם,false,,15.90,0.0318,true,1,245603
7290014088993,false,סודה לשתייה פרימיום,,,סודה לשתייה פרימיום,,1000.00,,false,,9.90,0.0099,true,1,245843
7290014094352,false,אגוזי מלך בקופסא 200 ג',"דין שיווק וקליה בע""מ",,אגוזי מלך בקופסא 200,,200.00,,false,,19.90,0.0995,true,1,200890
7290014094376,false,שזיפים ללא גלעין ששו,"דין שיווק וקליה בע""מ",,שזיף ללא גלעין 250 ג,,250.00,100 גרם,false,,22.90,0.0916,true,1,200892
7290014094383,false,משמש מיובש ששון הקול,"דין שיווק וקליה בע""מ",,משמש 250 גרם בקופסא,,250.00,100 גרם,false,,22.90,0.0916,true,1,200893
7290014094406,false,צימוק לבן 330 ג' בקופסא,"דין שיווק וקליה בע""מ",,צימוק לבן קופסא 250ג,,250.00,100 גרם,false,,17.90,0.0716,true,1,200895
7290014094628,false,פקאן טבעי 200 ג' בקופסא,ששון הקולה,,פקאן טבעי בקופסא 200,,200.00,100 גרם,false,,23.90,0.1195,true,1,200908
7290014094642,false,קשיו טבעי גדול בקופס,"דין שיווק וקליה בע""מ",,קשיו טבעי גדול בקופס,,250.00,100 גרם,false,,23.90,0.0956,true,1,200910
7290014094796,false,משמש מיובש ששון הקול,"דין שיווק וקליה בע""מ",,משמש בשקית 300גר,,300.00,,false,,20.00,0.0667,true,1,200918
7290014094826,false,שזיפים מיובשים מגולע,"דין שיווק וקליה בע""מ",,שזיפים ללא גלעין 300,,300.00,,false,,20.00,0.0667,true,1,200920
7290014094833,false,צימוקים בהירים ששון,"דין שיווק וקליה בע""מ",,צימוק לבן שקית 300ג,,300.00,100 גרם,false,,11.90,0.0397,true,1,200921
7290014094840,false,צימוקים כהים ששון הק,"דין שיווק וקליה בע""מ",,צימוק חום שקית 300 ג,,300.00,100 גרם,false,,10.90,0.0363,true,1,200922
7290014094857,false,פקאן סיני מסוכר ששון,"דין שיווק וקליה בע""מ",IL,פקאן סיני מסוכר 150,,150.00,,false,,20.00,0.1333,true,1,200923
7290014094895,false,אגוזים קלופים ששון הקולה 150 ג',,,אגוזי מלך שקית 150גר,,150.00,,false,,10.90,0.0727,true,1,200927
7290014095861,false,שיבולת שועל דקה להכנה מהירה,"דין שיווק וקליה בע""מ",IL,קוואקר שיבולת שועל ד,,500.00,,false,,7.90,0.0158,true,1,200939
7290014095946,false,משוקלדים פקאן בשוקולד מריר 140 גרם,"דין שיווק וקליה בע""מ",IL,פקאן בשוקולד מריר שק,,160.00,100 גרם,false,,9.90,0.0619,true,1,200940
7290014095953,false,משוקלדים פקאן בשוקולד חלב 140 ג',שקדיה גבע בתעשיות עמ,IL,משוקלדים פקאן חלב קו,,160.00,100 גרם,false,,9.90,0.0619,true,1,200941
7290014095960,false,שיבולת שועל עבה להכנה מהירה,"דין שיווק וקליה בע""מ",IL,קוואקר שיבולת שועל ע,,500.00,,false,,7.90,0.0158,true,1,200942
7290014138971,false,לפידונים - כוסיות שמן זית מוצק - 44 כוסיות,מנורה,,ערכת לפידונים משמן ז,יחידה,0.00,יחידה,false,,54.90,0.0000,true,1,173423
7290014138988,false,לפידונים נוזלי 44 כוסיות עם שמן זית להדלקה בחנוכה,מנורה,,ערכת לפידונים משמן ז,יחידה,0.00,יחידה,false,,54.90,0.0000,true,1,173424
7290014204560,false,"סבון נוזלי שלישייה * 500 מ""ל פנינה",,,*מבצע* סבון שלישייה,ליטרים,1.50,ליטר,false,,10.90,7.2667,true,1,249478
7290014204690,false,"פנינה רוזנבלום- סבון נוזלי משאבה ורוד,1 ליטר",,,סבון נוזלי משאבה ורו,,1000.00,,false,,11.90,0.0119,true,1,233837
7290014217003,false,תבלין פפריקה מעושנת מיכל 90ג',תות ממתקי איכות,IL,פפריקה מעושנת 90גר,,90.00,,false,,10.90,0.1211,true,1,198538
7290014217027,false,תבלין טי בול לעוף 120 גר',תות ממתקי איכות,IL,תיבול עוף 120גר,,120.00,,false,,13.90,0.1158,true,1,198540
7290014217065,false,תבלין אורגנו עלים 30 גר',תות ממתקי איכות,IL,אורגנו מיכל גדול 30ג,,30.00,100 גרם,false,,9.90,0.3300,true,1,198544
7290014217119,false,תערובת לצ'יפס מיכל 100 ג',תות ממתקי איכות,IL,מיכל תערובת לצ'יפס 1,,100.00,100 גרם,false,,10.90,0.1090,true,1,198547
7290014217140,false,תבלין ראס אל חנות טעם וריח 100ג',תות ממתקי איכות,IL,תבלין ראס אל חנות 10,,100.00,100 גרם,false,,10.90,0.1090,true,1,234723
7290014217157,false,תערובת תיבול טוסקנה מיכל 120 גר,תות ממתקי איכות,IL,מיכל תערובת תיבול טו,,120.00,100 גרם,false,,10.90,0.0908,true,1,198551
7290014217164,false,תבלין פטרוזיליה מיכל גדול 20 ג',תות ממתקי איכות,IL,פטרוזיליה מיכל גדול,,20.00,,false,,10.90,0.5450,true,1,198552
7290014217171,false,תערובת תיבול תיבול גריל דג מיכל 100ג',תות ממתקי איכות,IL,מיכל תערובת תיבול תי,,100.00,,false,,10.90,0.1090,true,1,198553
7290014217201,false,תערובת תיבול סומק 45 ג',תות ממתקי איכות,IL,תערובת תיבול סומק 45,,45.00,100 גרם,false,,6.50,0.1444,true,1,198554
7290014217225,false,תבלין גריל עוף מיכל 120גר,תות ממתקי איכות,IL,גריל עוף מיכל 120גר,,120.00,100 גרם,false,,11.90,0.0992,true,1,198555
7290014217263,false,תערובת תיבול לפרגיות 100ג',תות ממתקי איכות,IL,תערובת תיבול לפרגיות,,100.00,,false,,10.90,0.1090,true,1,198556
7290014217348,false,צ'ילי כתוש חריף (פלפל קיינה),תות ממתקי איכות,IL,צ'ילי כתוש מיכל 70גר,,70.00,,false,,10.90,0.1557,true,1,198559
7290014217355,false,תבלין אבקת קרי מיכל 100ג',תות ממתקי איכות,IL,אבקת קרי מיכל 100גר,,100.00,,false,,10.90,0.1090,true,1,198560
7290014217478,false,תערובת עשבי תיבול איטלקי ים תיכוני 30ג',תות ממתקי איכות,IL,תערובת עשבי תיבול אי,,30.00,100 גרם,false,,10.90,0.3633,true,1,198563
7290014217485,false,תערובת תיבול קייג'ון,תות ממתקי איכות,IL,תערובת תיבול קייג'ון,,100.00,,false,,10.90,0.1090,true,1,198564
7290014217492,false,תבלין פילדלפיה תערובת 100 גר,תות ממתקי איכות,IL,תערובת תיבול פילדלפי,,100.00,100 גרם,false,,10.90,0.1090,true,1,198565
7290014217911,false,תבלין פלפל אדום מתוק בשקית 150 גר,יוליניבר,IL,פלפל אדום מתוק שלם 1,,150.00,100 גרם,false,,14.90,0.0993,true,1,223258
7290014218321,false,בורקס אישי גבינה מעדנות 600 ג',מיוצר עי קונדיטוריית,IL,בורקס יפו גבינה מעדנ,,600.00,100 גרם,false,,19.90,0.0332,true,1,188583
7290014218338,false,בורקס יפו במילוי תפוחי אדמה,מיוצר עי קונדיטוריית,IL,"בורקס יפו תפו""א מעדנ",,600.00,,false,,15.90,0.0265,true,1,188584
7290014218505,false,"פיצת מעדנות שלישייה בחבק 1.08 ק""ג",מעדנות,IL,פיצה שלישייה מעדנות,,1080.00,100 גרם,false,,38.90,0.0360,true,1,188592
7290014218536,false,"בצק עלים מופחת שומן מעדנות 1 ק""ג","מעדנות בע""מ",IL,בצק עלים מופחת שומן,,1000.00,,false,,22.90,0.0229,true,1,188593
7290014218932,false,חטיפי פיצה בתוספת זיתים 710 ג' מעדנות,מיוצר עי קונדיטוריית,IL,חטיפי פיצה בתוספת זי,,710.00,,false,,33.90,0.0477,true,1,227146
7290014241589,false,מיקס אגוזים טבעי וחמוציות 150 גרם,דין שיווק,,מיקס אגוזים טבעי וחמ,,150.00,,false,,10.90,0.0727,true,1,212073
7290014241763,false,פיצוחי הטיב קשיו טבעי 200 גר,דין שיווק,,קשיו טבעי 200גר,,200.00,100 גרם,false,,17.90,0.0895,true,1,212074
7290014256620,false,יין אדום מתוק מבעבע Buzz קריניאנו,יקבי כרמל Carmel Winery,IL,באז משקה מבוסס יין מ,,750.00,,false,,26.90,0.0359,true,1,171297
7290014258730,false,תרכובת מזון צמחי לתינוקות מגיל 12 חודשים ואילך,מטרנה,IL,מטרנה צמחי מגיל שנה,,700.00,100 גרם,false,,69.90,0.0999,true,1,177359
7290014397538,false,פרש Home מבשם לבית בוקר אביבי,סנו מפעלי ברונוס בעמ,IL,סנו פרש הום בוקר אבי,,350.00,100 גרם,false,,14.90,0.0426,true,1,181121
7290014397675,false,סנו מקסימה מרכך כביסה חלב ודבש 4 ל',סנו,IL,סנו מקסימה מרכך כביס,ליטרים,4.00,ליטר,false,,23.90,5.9750,true,1,181131
7290014397842,false,סנו - מט דוחה יתושים נוזלי מכשיר + מילוי 90 לילות,סנו,IL,דוחה יתושים סנומט 90,יחידה,0.00,יחידה,false,,46.90,0.0000,true,1,228780
7290014435704,false,סלמון מעושן 100גר' שמיר,שבעת הימים - שמיר,IL,סלמון מעושן 100גר,,100.00,100 גרם,false,,23.90,0.2390,true,1,248317
7290014435803,false,מטיאס הולנדי (פרובנציאל) עם בצל בשמן 180 גרם,שבעת הימים - שמיר,IL,מטיאס הולנדי (פרובנצ,,180.00,,false,,23.90,0.1328,true,1,198348
7290014435810,false,הרינג כבוש ובצל במרינת חמוץ מתוק שמיר 180 ג',שבעת הימים - שמיר,IL,הרינג כבוש עם בצל במ,,180.00,,false,,23.90,0.1328,true,1,198349
7290014435827,false,פילה מקרל מעושן בשמן שמיר 180 ג',שבעת הימים - שמיר,IL,פילה מקרל מעושן בשמן,,180.00,100 גרם,false,,24.90,0.1383,true,1,198350
7290014435834,false,מקרל מעושן פרוס בשמן 180 גרם,שבעת הימים - שמיר,IL,מקרל מעושן פרוס בשמן,,180.00,100 גרם,false,,24.90,0.1383,true,1,198351
7290014435841,false,פילה מטיאס הולנדי בשמן שמיר 180ג',סלטי שמיר 2006 בעמ,IL,פילה מטיאס הולנדי בש,,180.00,,false,,23.90,0.1328,true,1,198352
7290014435889,false,סלט מטיאס עם מיונז 180 גרם,שבעת הימים - שמיר,IL,סלט מטיאס עם מיונז 2,,200.00,100 גרם,false,,24.90,0.1245,true,1,198354
7290014435896,false,סלט סלומון עם מיונז 180 גר',שבעת הימים - שמיר,IL,סלט סלמון עם מיונז 2,,200.00,,false,,24.90,0.1245,true,1,198355
7290014455245,false,גבינת גרנה פדנו משולש 29% 200 גרם בית יוסף,מחלבת סוציאלה מנטובה,IT,גרנה פדנו משולש מחלב,,200.00,,false,,28.50,0.1425,true,1,171708
7290014455252,false,גבינה קשה מגורדת גרנה פדנו 29% שומן,מחלבות גד שיווק 1992,IT,*מבצע* גרנה פדנו מגו,,100.00,100 גרם,false,,11.00,0.1100,true,1,171709
7290014455320,false,גבינה כדורי מוצרלה פרסקה גד 100ג',מחלבות גד בעמ,IL,כדור מוצרלה פרסקה 18,,100.00,,false,,10.30,0.1030,true,1,171715
7290014455467,false,ירח מתוק מעדן חלב 2% ושיבולת שועל גד 150ג',מחלבות גד,IL,מעדן שיבולת שועל וחל,,150.00,,false,,6.00,0.0400,true,1,171720
7290014459137,false,"צ'יפס תפוגן סטייק 1.5 ק""ג","תעשיות תפוגן בע""מ",IL,ציפס סטייק תפוגן 1.5,,1500.00,,false,,26.90,0.0179,true,1,177365
7290014466463,false,"יין הר חרמון מסקטו עברית 750 מ""ל",יקב רמת הגולן,IL,יין מוסקטו הר חרמון,,750.00,,false,,37.90,0.0505,true,1,215599
7290014471429,false,"מוזלי עם פירות 1 ק""ג - 429 סגול שקדיה",דין שיווק,IL,מוזלי עם פירות שקדיה,,1000.00,100 גרם,false,,19.90,0.0199,true,1,200946
7290014471443,false,"גרנולה צימוקים אגוזים ושקדים1 ק""ג חדש - 443 כתום שקדיה (כתום)",דין שיווק,IL,גרנולה עם צימוקים אג,,1000.00,100 גרם,false,,19.90,0.0199,true,1,200948
7290014472136,false,גרעין שחור קלוי ששון הקולה 150 ג',דין שיווק,IL,גרעין שחור קלוי 150ג,,150.00,100 גרם,false,,3.90,0.0260,true,1,200955
7290014472426,false,קונפיטורה דובדבן חמוץ 450 ג' שקדיה,"דין שיווק וקליה בע""מ",IL,קונפיטורה דובדבן חמו,,450.00,100 גרם,false,,13.90,0.0309,true,1,200964
7290014472464,false,קונפיטורה משמש 450גר,"דין שיווק וקליה בע""מ",IL,קונפיטורה משמש 450גר,,450.00,100 גרם,false,,13.90,0.0309,true,1,200968
7290014472990,false,ממרח 100% שקדים שקדיה 300 ג',דין שיווק,IL,ממרח 100% שקדים 300ג,,300.00,,false,,34.90,0.1163,true,1,200975
7290014534650,false,פסטה 55 צינור 400 ג' לה פסטה,,,פסטה לה פסטה צינור 4,,400.00,,false,,5.90,0.0148,true,1,175345
7290014534667,false,פסטה קונכיה 53 400 ג' לה פסטה,,,פסטה לה פסטה קונכיה,,400.00,,false,,5.90,0.0148,true,1,175346
7290014534674,false,ספגטי לה פסטה פרפר 4,,,פסטה לה פסטה פרפר 40,,400.00,,false,,5.90,0.0148,true,1,175347
7290014534681,false,פסטה בורג 64 400 ג' לה פסטה,,,פסטה לה פסטה בורג 40,,400.00,,false,,5.90,0.0148,true,1,175348
7290014534698,false,פסטה תלתל 65 400 ג' לה פסטה,,,פסטה לה פסטה תלתל 40,,400.00,,false,,5.90,0.0148,true,1,175349
7290014534704,false,פסטה 25 אטריות מרק 400 ג' לה פסטה,,,פסטה לה פסטה אטריות,,400.00,,false,,5.90,0.0148,true,1,175350
7290014555709,false,"שמפו ומרכך נובו 700 מ""ל.",סאסאטק,IL,נובו שמפו מרכך 700 מ,,700.00,,false,,10.00,0.0143,true,1,203242
7290014555716,false,"נובו מרכך לכל סוגי שיער 700 מ""ל",סאסאטק,IL,נובו מרכך שיער 700מל,,700.00,,false,,10.00,0.0143,true,1,203243
7290014555723,false,"תחליב רחצה אקזוטי 700 מ""ל נובו.",סאסאטק,IL,נובו תחליב רחצה אקזו,,700.00,,false,,10.00,0.0143,true,1,203244
7290014555730,false,"תחליב רחצה דבש 700 מ""ל נובו.",סאסאטק,IL,נובו תחליב רחצה דבש,,700.00,100 גרם,false,,10.00,0.0143,true,1,203245
7290014555747,false,"נובו תחליב רחצה הרבל 700 מ""ל",סאסאטק,IL,נובו תחליב רחצה הרבל,,700.00,100 גרם,false,,10.00,0.0143,true,1,203246
7290014555754,false,"נובו תחליב רחצה בלוסום 700 מ""ל",סאסאטק,IL,נובו תחליב רחצה בלוס,,700.00,,false,,10.00,0.0143,true,1,203247
7290014555778,false,"נובו ג'ל רחצה לגבר בלייז 700מ""ל",סאסאטק,IL,נובו תחליב רחצה לגבר,,700.00,100 גרם,false,,10.00,0.0143,true,1,203249
7290014555785,false,"ג'ל רחצה לגבר וויב 700 מ""ל נובו.",סאסאטק,IL,נובו תחליב רחצה לגבר,,700.00,,false,,10.00,0.0143,true,1,203250
7290014581036,false,"פחם טבעי קטן 2 ק""ג",,,"פחמים כ- 2 ק""ג",יחידה,0.00,יחידה,false,,11.90,0.0000,true,1,211615
7290014581531,false,מארז פחמים 100% עץ טבעי,,,פחמים סופר גריל כ-2,,2000.00,100 גרם,false,,11.90,0.0060,true,1,243563
7290014648081,false,סכיני גילוח לאישה לה,,,סכיני גילוח חד פעמי,,10.00,,false,,9.90,0.9900,true,1,208251
7290014651920,false,פיצוחי הטיב קבוקים שומשום 200ג,,,קבוקים שומשום 200גר,,200.00,100 גרם,false,,7.90,0.0395,true,1,220532
7290014692541,false,גבינת מגורדת 500ג' GOLDEN,ג.וילי פוד אינטרנשיו,IL,אמה מגורדת 500גר,,500.00,100 גרם,false,,21.90,0.0438,true,1,178868
7290014692817,false,גבינת מוצרלה מגורדת 200 ג' EURO CHEESE ויליפוד,הנסיך- מפעל לייצור ט,IL,מוצרלה מגורדת יורו צ,,200.00,100 גרם,false,,16.90,0.0845,true,1,178882
7290014731264,false,כוסות לשתייה קרה 100 יחי',,,כוסות פלסטיק לשתיה ק,יחידה,0.00,יחידה,false,,7.90,0.0000,true,1,228212
7290014731707,false,צלחות פלסטיק גדול 50,,,צלחות פלסטיק גדול 50,יחידה,0.00,יחידה,false,,15.90,0.0000,true,1,228213
7290014748590,false,מקלוני דגים בציפוי צ,עיצובים 2020 (4.9),IL,מקלוני דגים בציפוי צ,,600.00,,false,,29.90,0.0498,true,1,225775
7290014748613,false,דג טוב מקלוני דגים בציפוי ציפס 600גר,עיצובים 2020 (4.9),IL,מקלוני דגים בציפוי צ,,600.00,,false,,29.90,0.0498,true,1,225776
7290014748651,false,דג טוב פילה אמנון מצופה נתחי שלם 360גר,מוצרי עוף טוב (2001),IL,פילה אמנון מצופה מנת,,360.00,100 גרם,false,,32.90,0.0914,true,1,225778
7290014749078,false,עוף טוב מקלוני קבנוס 200 גר',עיצובים 2020 (4.9),IL,מקלוני קבנוס עוף טוב,,200.00,,false,,17.90,0.0895,true,1,239203
7290014749740,false,שניצל עוף ביתי בטאץ מתובל 600 גר',מולינו ניקולי s.p.a,IL,שניצל עוף ביתי מתובל,,600.00,,false,,39.90,0.0665,true,1,239952
7290014749764,false,עוף טוב שניצל עוף ביתי עדין 700,מוצרי עוף טוב (2001),IL,שניצל עוף ביתי מעודן,,700.00,100 גרם,false,,45.90,0.0656,true,1,239946
7290014749863,false,שניצל דק ענק קריספי צ'יפס עוף טוב 720 גר',מוצרי עוף טוב (2001),IL,שניצל דק ענק קריספי,,720.00,100 גרם,false,,39.90,0.0554,true,1,243919
7290014749887,false,עוף טוב שניצל עוף דק ענק קריספי קלאסי,מולינו ניקולי s.p.a,IL,שניצל דק ענק קריספי,,720.00,,false,,39.90,0.0554,true,1,243914
7290014758100,false,מאגדת יוגורט ביו 3% שומן 8 יח' *150ג' תנובה,מיוצר עי קונדיטוריית,IL,יוגורט ביו מאגדת שמי,,1200.00,,false,,17.30,0.0144,true,1,189924
7290014758117,false,מאגדת יוגורט ביו 1.5% שומן 8 יח' *150 ג' תנובה,מיוצר עי קונדיטוריית,IL,יוגורט ביו מאגדת שמי,,1200.00,,false,,17.30,0.0144,true,1,189925
7290014758681,false,קוטג' תנובה 1% גביע 250 ג',מיוצר עי קונדיטוריית,IL,גבינת קוטג׳ 1% בגביע,,250.00,,false,,5.90,0.0236,true,1,189956
7290014759084,false,גבינת שמנת 16% בטעם טבעי 225 ג' נפוליאון,תנובה מרכז שיתופי לש,IL,גבינת נפוליאון 16% 2,,225.00,100 גרם,false,,14.50,0.0644,true,1,189970
7290014759534,false,גבינה בולגרית למריחה טבעי 5% 200 ג' פיראוס,"תנובה, מחלבת תל יוסף",IL,בולגרית למריחה טבעי,,200.00,100 גרם,false,,15.30,0.0765,true,1,189977
7290014759909,false,פיראוס פטה עזים פיראוס 5% 250גר,"תנובה, מחלבת טנא נוג",IL,פטה עיזים 5% פיראוס,,250.00,100 גרם,false,,30.90,0.1236,true,1,189984
7290014759978,false,"גבינת קצקבל פלח גלעד 27%, 200 ג'",תנובה,IL,קאשקבל פלח 200 גר,,200.00,100 גרם,false,,28.90,0.1445,true,1,189986
7290014759985,false,"גבינת פרמזן גבע 23% פלח, 200 ג'",תנובה,IL,פרמזן פלח 200 גר,,200.00,,false,,27.50,0.1375,true,1,189987
7290014760134,false,מעדן סויה בטעם וניל אלטרנטיב,תנובה Alternative,IL,מעדן סויה בטעם וניל,,125.00,100 גרם,false,,4.20,0.0336,true,1,189993
7290014760141,false,משקה שקדים תנובה E אלטרנטיב,תנובה Alternative,IL,משקה שקדים טרי 1ליטר,,1000.00,100 גרם,false,,13.30,0.0133,true,1,189994
7290014760912,false,פרוסות גבינה 28% שומן 400 ג' גוש חלב,תנובה מרכז שיתופי לש,IL,צהובה גוש חלב 28% 40,,400.00,,false,,27.90,0.0697,true,1,232446
7290014761018,false,גיל בטעם וניל תנובה,תנובה מרכז שיתופי לש,IL,גיל בטעם וניל 3% 125,,125.00,100 גרם,false,,1.60,0.0128,true,1,190020
7290014761056,false,מעדן שוקולד חלב מעולה 123 ג' יולו,מיוצר עי קונדיטוריית,IL,מעדן שוקולד חלב יולו,,123.00,100 גרם,false,,4.70,0.0382,true,1,190021
7290014761063,false,מעדן שוקולד מריר מעולה 123 ג' יולו,מיוצר עי קונדיטוריית,IL,מעדן שוקולד מריר יול,,123.00,100 גרם,false,,4.70,0.0382,true,1,190022
7290014761070,false,מעדן שוקולד לבן מעולה 123 ג' יולו,מיוצר עי קונדיטוריית,IL,מעדן שוקולד לבן יולו,,123.00,100 גרם,false,,4.70,0.0382,true,1,190023
7290014761193,false,יוגורט עם פירות יער 1.5% שומן 125 ג' פרילי,תנובה מרכז שיתופי לש,IL,יוגורט עם פירות יער,,125.00,100 גרם,false,,3.70,0.0296,true,1,190026
7290014761414,false,מעדן שכבות שוקולד חלב ולבן 123 ג' יולו,מיוצר עי קונדיטוריית,IL,יולו מעדן שכבות שוקו,,123.00,100 גרם,false,,4.70,0.0382,true,1,190038
7290014761612,false,מעדן עם שוקולד מריר ולבן 122 ג' יולו,מיוצר עי קונדיטוריית,IL,יולו מעדן שכבות שוקו,,123.00,100 גרם,false,,4.70,0.0382,true,1,190045
7290014762756,false,נפוליאון גבינת שמנת עם בצל 16% שומן,הרדוף חלב,IL,גבינת נפוליאון 16% ב,,225.00,100 גרם,false,,14.50,0.0644,true,1,190093
7290014762800,false,מעדן סויה שוקולד גביע 125 גרם אלטרנטיב,תנובה מרכז שיתופי לש,IL,מעדן סויה בטעם שוקול,,125.00,,false,,4.20,0.0336,true,1,222085
7290014762831,false,גבינת שמנת חלפיניו 24% שומן 225 ג' נפוליאון,תנובה מרכז שיתופי לש,IL,גבינת נפוליאון 25% ע,,225.00,100 גרם,false,,14.50,0.0644,true,1,190095
7290014762848,false,גבינה צהובה מגורדת 22% שומן 500 ג' פתיתי גלבוע,גלבוע - תנובה,IL,פתית גלבוע 22% 500 ג,,500.00,100 גרם,false,,34.90,0.0698,true,1,222586
7290014762909,false,פתיתי מוצרלה 20% שומן 200 ג' השף הלבן,"תנובה, מחלבת תל יוסף",IL,פתיתי מוצרלה 20% שו,,200.00,,false,,17.90,0.0895,true,1,190101
7290014763098,false,קרם גבינת שמנת 5% עם פלפל שום ובצל 200 ג' תנובה,תנובה,IL,קרם גבינה שמנת 5% טו,,200.00,,false,,12.20,0.0610,true,1,190106
7290014763272,false,יוגורט סויה BIO לשתייה תות ובננה אלטרנטיב,תות תעשיות מזון (201,IL,משקה סויה ביו תות בנ,,236.00,100 גרם,false,,5.90,0.0250,true,1,190113
7290014791091,false,"שוויפס לימונייד 500 מ""ל",,,שוופס לימונייד 500מל,,500.00,100 גרם,false,,5.90,0.0118,true,1,181875
7290014855434,false,מגבונים בייביסיטר פרפורמנס מבושם רביעיה,בייביסיטר Babysitter,,מגבוני בייביסיטר פרפ,יחידה,0.00,יחידה,false,,15.90,0.0000,true,1,171933
7290014855458,false,מגבוני בייביסיטר פרפורמנס ללא בישום מארז 72X4יח',בייביסיטר Babysitter,,מגבוני בייביסיטר פרפ,יחידה,0.00,יחידה,false,,15.90,0.0000,true,1,171934
7290014860070,false,"מקלוני אורז ללא גלוטן 5 מ""מ 454גר' (אור)",ניינטי נודל קו,TH,מקלוני אורז ללא גלוט,,454.00,100 גרם,false,,10.90,0.0240,true,1,205430
7290014860094,false,מקלוני אורז ללא גלוט,ניינטי נודל קו,TH,מקלוני אורז ללא גלוט,,454.00,100 גרם,false,,10.90,0.0240,true,1,205431
7290014860155,false,מחצלת במבו שטוחה 24X24 ס'מ,גולין פנגזו,CN,מחצלת במבו שטוחה 24*,יחידה,0.00,יחידה,false,,8.90,0.0000,true,1,205433
7290014901247,false,"סטייל שמפו 0חר החלקה מועשר בקרטין, 750 מ""ל",א.ל. ארמן ייצור תמרו,IL,שמפו סטייל קרטין 750,,750.00,100 גרם,false,,19.90,0.0265,true,1,199758
7290014901308,false,"סנסודיין משחת שיניים להגנה מלאה 75 מ""ל - סדרת פרמיום",סמית קליין ביצ'ם,GB,סנסודיין משחת שיניים,,75.00,,false,,21.90,0.2920,true,1,199760
7290014901315,false,משחת שיניים לשיניים רגישות Extra fresh,סמית קליין ביצ'ם,GB,סנסודיין משחת שיניים,,75.00,100 גרם,false,,21.90,0.2920,true,1,199761
7290014905160,false,"הפי מטהר אוויר פניני ריח בניחוחות, 130 גרם",יוליניבר,IT,פניני ריח הפי 130גר,,130.00,100 גרם,false,,8.90,0.0685,true,1,183675
7290014905689,false,"נוזל כלים הפי מרוכז 24% תפוח 750 מ""ל",וונדפוט,BE,הפי נוזל כלים ירוק ת,,750.00,100 גרם,false,,7.90,0.0105,true,1,183683
7290014905696,false,"נוזל כלים הפי מרוכז 24% לימון 750 מ""ל",וונדפוט,BE,הפי נוזל כלים צהוב ל,,750.00,100 גרם,false,,7.90,0.0105,true,1,183684
7290014905733,false,"הפי - מרסס להברקת שמשות 750 מ""ל",יוליניבר,TR,הפי מרסס לניקוי חלונ,,750.00,100 גרם,false,,7.90,0.0105,true,1,183686
7290014945067,false,צמרוני אוזניים פלסטי,,,צמרוני אוזניים פלסטי,יחידה,0.00,יחידה,false,,4.50,0.0000,true,1,248160
7290014945074,false,צמרוני בייבי 56 גרם,,,צמרוני בייבי 56 גרם,יחידה,0.00,יחידה,false,,4.90,0.0000,true,1,248161
7290014945210,false,צמרוני עץ 300 יח בשק,,,צמרוני עץ 300 יח בשק,יחידה,0.00,יחידה,false,,4.90,0.0000,true,1,248159
7290014945388,false,אטבי כביסה סופר מילנ,,,אטבי כביסה סופר מילנ,יחידה,0.00,יחידה,false,,8.90,0.0000,true,1,197909
7290014945654,false,מדליק פחם מוצק שייני 48יח',,,מדליק עץ ופחמים 250ג,,250.00,,false,,6.90,0.0276,true,1,197910
7290014945807,false,קיסמי שיניים דנטליים,,,קיסמי שיניים דנטליים,,200.00,,false,,7.90,0.0395,true,1,221692
7290014974562,false,גביעי גלידה רגיל טילון עלמה גילרו 24 יח',"א.ג גילרו בע""מ",IL,גביעי גלידה 24 עלמה,יחידה,0.00,יחידה,false,,8.90,0.0000,true,1,225856
7290015008020,false,נר נשמה ר. שמאי 24 שעות,,CN,נר נשמה 24 שעות שמאי,יחידה,0.00,יחידה,false,,1.90,0.0000,true,1,231839
7290015008037,false,להבונים 50 יח ר.שמאי,,,להבונים 50 יח',,50.00,,false,,9.90,0.1980,true,1,228194
7290015008280,false,נייר אפייה ר. שמאי 50 דף,,,נייר אפייה 50דף,יחידה,0.00,יחידה,false,,8.90,0.0000,true,1,231834
7290015008372,false,"כוס קרטון לשתיה חמה 8OZ ח""פ 50יח'",,,כוסות שתיה חמה 50 יח,יחידה,0.00,יחידה,false,,9.90,0.0000,true,1,239599
7290015008662,false,"מזלג שקוף ארוז ח""פ 50יח'",,,מזלג ארוז 50 יח,יחידה,0.00,יחידה,false,,9.90,0.0000,true,1,231836
7290015008686,false,כפיות שקוף 50 יח',,,כפיות ארוז 50 יח,יחידה,0.00,יחידה,false,,9.90,0.0000,true,1,231838
7290015008822,false,"כוסות קרטון אספרסו 4OZ ח""פ 50יח'",,,כוסות קרטון 50 יח' O,יחידה,0.00,יחידה,false,,7.90,0.0000,true,1,244233
7290015008976,false,שקיות למזון מארז 150X3יח',,,שקיות אוכל בקרטון של,יחידה,0.00,יחידה,false,,11.90,0.0000,true,1,228135
7290015039253,false,וילי פוד עלי גפן במי מלח 620 גר,קוראהן פזלרמה וי דיס,TR,עלי גפן במי מלח 620ג,,620.00,,false,,10.90,0.0176,true,1,178900
7290015139250,false,"חופשי שוקולד מריר עם פ.אורז לל""ס 85 גר",כרמית תעשיות ממתקים,IL,שוקולד מריר עם פצפוצ,,85.00,,false,,6.90,0.0812,true,1,213413
7290015139267,false,שוקולד מריר עם שקדים ללא תוספת סוכר וסטהיים,כרמית תעשיות ממתקים,IL,שוקולד מריר עם שקדים,,85.00,100 גרם,false,,6.90,0.0812,true,1,213414
7290015150118,false,עגבניות חתוכות דק בלה איטליה 3*400 ג',אמיליאנה קונסרב ס.פ.,IT,עגבניות חתוכות 3* 40,,1200.00,100 גרם,false,,14.90,0.0124,true,1,190903
7290015150361,false,תה ירוק נענע סטיביה 25 שקיקים ויסוצקי,ויסוצקי ירוק,IL,תה ירוק נענע סטיביה,יחידה,0.00,יחידה,false,,26.90,0.0000,true,1,190904
7290015150903,false,תה ירוק קינמון דבש 25 שקיקים,ויסוצקי ירוק,IL,תה ירוק קינמון ודבש,יחידה,0.00,יחידה,false,,26.90,0.0000,true,1,190917
7290015155823,false,מחית תפוחי עץ חטיפטף ללא תוספת סוכר,פרוטה פודיווין איי.א,CZ,פרינוק פאוץ' בטעם תפ,,120.00,,false,,6.50,0.0542,true,1,239272
7290015155847,false,מחית סלט פירות חטיפטף ללא תוספת סוכר,פרוטה פודיווין איי.א,CZ,פרינוק פאוץ' בטעם סל,,120.00,100 גרם,false,,6.50,0.0542,true,1,239274
7290015156769,false,מחית פרינוק פאוץ' תפוח ואוכמניות 120 גרם,,,פרינוק פאוץ תפוח ואו,,120.00,,false,,6.50,0.0542,true,1,239275
7290015156790,false,מחית לפתן פירות חטיפטף ללא תוספת סוכר,פרינוק,,פרינוק פאוץ לפתן פיר,,120.00,100 גרם,false,,6.50,0.0542,true,1,239277
7290015156813,false,מחית פרינוק פאוץ' פירות מעורבים 120 גרם,,,פרינוק פאוץ פירות מע,,120.00,,false,,6.50,0.0542,true,1,239278
7290015161558,false,קמח שיבולת שועל מלאה אורגני ללא גלוטן,נוטרה זן NutraZen,DK,קמח שיבולת שועל מלא,,500.00,,false,,25.90,0.0518,true,1,243858
7290015161565,false,גרנולה פירות ללא תוספת סוכר,נוטרה זן NutraZen,,גרנולה שיבולת שועל 2,,300.00,100 גרם,false,,24.90,0.0830,true,1,243859
7290015161930,false,"פסטPRO קסרצ'ה פתיתים אורגניים, ללא גלוטן",נוטרה זן NutraZen,,פסטה PRO עדשים צהובו,,250.00,100 גרם,false,,17.90,0.0716,true,1,243861
7290015161978,false,"פסטPRO סלנטאני פתיתים אורגניים, ללא גלוטן",נוטרה זן NutraZen,,פסטה PRO עדשים אדומו,,250.00,100 גרם,false,,17.90,0.0716,true,1,243862
7290015178204,false,עגבניות מיובשות בשמש עם לימון אוליביה 180 גר',אוליביה,,עגבניות מיובשות בשמש,,180.00,100 גרם,false,,13.90,0.0772,true,1,242679
7290015251259,false,תחליב רחצה דבש+משאבה 1ל נובו,,,נובו תחליב רחצה דבש+,,1000.00,,false,,10.00,0.0100,true,1,203256
7290015251273,false,תחליב רחצה פירות+משאבה 1ל נובו,,,נובו תחליב רחצה פירו,,1000.00,,false,,10.00,0.0100,true,1,203257
7290015251280,false,תחליב רחצה הרבל+משאבה 1ל נובו,,,נובו תחליב רחצה הרבל,,1000.00,,false,,10.00,0.0100,true,1,203258
7290015251341,false,תחליב רחצה אקזוטי+משאבה1ל נובו,,,נובו תחליב רחצה אקזו,,1000.00,,false,,10.00,0.0100,true,1,203259
7290015282000,false,איקרה אדומה שמיר 200 ג',שבעת הימים - שמיר,,איקרה אדומה 200גר שמ,,200.00,100 גרם,false,,17.90,0.0895,true,1,198358
7290015282024,false,איקרה לבנה סלטי שמיר,שבעת הימים - שמיר,,איקרה לבנה 200גר שמי,,200.00,100 גרם,false,,17.90,0.0895,true,1,198360
7290015282390,false,סלט תורכי שמיר 200 גר',"סלטי שמיר 2006 בע""מ",IL,תורכי 200 גרם גורמה,,200.00,100 גרם,false,,14.90,0.0745,true,1,220934
7290015282581,false,חומוס שמיר אבו גוש עם חריף 200 גר',"סלטי שמיר 2006 בע""מ",IL,חומוס אבו גוש עם חרי,,200.00,,false,,14.90,0.0745,true,1,198379
7290015282598,false,חומוס שמיר מסעדות 200 גר',"סלטי שמיר 2006 בע""מ",IL,חומוס מסעדות 200 גר,,200.00,,false,,14.90,0.0745,true,1,198380
7290015282604,false,טחינה שמיר מיוחדת גורמה 200ג',"סלטי שמיר 2006 בע""מ",IL,טחינה מיוחדת 200 גר,,200.00,,false,,14.90,0.0745,true,1,220928
7290015282628,false,חציל שמיר בטעם כבד 200 גר',"סלטי שמיר 2006 בע""מ",IL,חציל בטעם כבד 200 גר,,200.00,100 גרם,false,,14.90,0.0745,true,1,198382
7290015282635,false,חומוס שמיר מסבחה 200 גר',"סלטי שמיר 2006 בע""מ",IL,חומוס מסבחה 200 גר,,200.00,,false,,14.90,0.0745,true,1,220929
7290015282642,false,חומוס שמיר אבו גוש 200 גר',"סלטי שמיר 2006 בע""מ",IL,"חומוס אבו ג""וש 200 ג",,200.00,,false,,14.90,0.0745,true,1,198383
7290015282666,false,סלט טונה עם ירקות שמ,"סלטי שמיר 2006 בע""מ",IL,סלט טונה עם ירקות שמ,,200.00,,false,,17.90,0.0895,true,1,220942
7290015282673,false,חציל שמיר במיונז ביתי 200 גורמה גר',"סלטי שמיר 2006 בע""מ",IL,חציל במיונז ביתי שמי,,200.00,,false,,14.90,0.0745,true,1,198385
7290015282680,false,קישוא בטעם כבד שמיר 200 גר',"סלטי שמיר 2006 בע""מ",IL,קישוא בטעם כבד 200 ג,,200.00,100 גרם,false,,14.90,0.0745,true,1,198386
7290015282697,false,כרוב אדום שמיר גורמה 200גר,"סלטי שמיר 2006 בע""מ",IL,כרוב אדום 200 גר,,200.00,,false,,14.90,0.0745,true,1,220935
7290015282710,false,קוביות סלק שמיר 200 גר',"סלטי שמיר 2006 בע""מ",IL,קוביות סלק 200 גר,,200.00,,false,,14.90,0.0745,true,1,220930
7290015282727,false,גזר מרוקאי ברוטב פיקנטי אסלי שמיר 200 ג',"סלטי שמיר 2006 בע""מ",IL,גזר מרוקאי ברוטב פיק,,200.00,,false,,14.90,0.0745,true,1,220931
7290015282734,false,מטבוחה שמיר ביתית גורמה 200 ג ',"סלטי שמיר 2006 בע""מ",IL,מטבוחה ביתית 200 גר,,200.00,,false,,14.90,0.0745,true,1,220932
7290015282741,false,חציל תאילנדי אסלי שמיר 200 ג',"סלטי שמיר 2006 בע""מ",IL,חציל תאילנדי 200 גר,,200.00,,false,,14.90,0.0745,true,1,220937
7290015282796,false,"סלט תפו""א שמיר במיונז 200ג'","סלטי שמיר 2006 בע""מ",IL,תפוח אדמה 200 גר גור,,200.00,100 גרם,false,,14.90,0.0745,true,1,220933
7290015320009,false,שוקולד מריר 3*100 ג' השקדיה,קריות זול,,שוקולד מריר שקדיה 3*,,300.00,,false,,10.90,0.0363,true,1,247064
7290015320481,false,שוקולד מריר 60% יעד,,,שוקולד מריר 60% יעד,,100.00,,false,,4.90,0.0490,true,1,240173
7290015324007,false,תבלין פלפל שחור גרוס 80 ג',תות ממתקי איכות,IL,פלפל שחור גרוס שקית,,80.00,,false,,11.90,0.1488,true,1,198566
7290015324014,false,תבלין פלפל שחור טחון 80 ג',תות ממתקי איכות,IL,פלפל שחור טחון שקית,,80.00,,false,,11.90,0.1488,true,1,198567
7290015324038,false,פפריקה מרוקאית מתוקה בשמן,תות ממתקי איכות,IL,פפריקה בשמן שקית 80ג,,80.00,,false,,6.90,0.0863,true,1,198568
7290015324045,false,תבלין פפריקה חריפה 80 גר' שק',תות ממתקי איכות,IL,פפריקה חריפה שקית 80,,80.00,,false,,6.90,0.0863,true,1,198569
7290015324052,false,תבלין פפריקה מתוקה 80 ג',תות ממתקי איכות,IL,פפריקה מתוקה שקית 80,,80.00,,false,,6.90,0.0863,true,1,198570
7290015324069,false,תערובת תיבול גריל עוף,תות ממתקי איכות,IL,גריל עוף שקית 80גר,,80.00,,false,,6.90,0.0863,true,1,198571
7290015324076,false,טעם וריח זעתר שקית 8,תות ממתקי איכות,IL,זעתר שקית 80גר,,80.00,100 גרם,false,,7.90,0.0988,true,1,198572
7290015324090,false,תבלין כמון טחון 80 ג',תות ממתקי איכות,IL,כמון שקית 80גר,,80.00,,false,,6.90,0.0863,true,1,198574
7290015324106,false,תבלין כורכום טחון 80 גר',תות ממתקי איכות,IL,כורכום שקית 80גר,,80.00,,false,,6.90,0.0863,true,1,198575
7290015324120,false,טעם וריח שום גבישי ב,תות ממתקי איכות,IL,שום גבישי שקית 80גר,,80.00,,false,,9.90,0.1238,true,1,198577
7290015324151,false,תבלין חוויאג למרק ב,תות ממתקי איכות,IL,חוואג' 80גר,,80.00,,false,,8.90,0.1113,true,1,198578
7290015324168,false,תבלין על האש תיבול 80 גר' שק',תות ממתקי איכות,IL,על האש ללא מונוסודיו,,80.00,,false,,7.90,0.0988,true,1,198579
7290015324175,false,תבלין שווארמה תיבול 80 גר' שק',תבליני טעם וריח,IL,שווארמה ללא מונוסודי,,80.00,,false,,7.90,0.0988,true,1,198580
7290015324427,false,סודה לשתיה טעם וריח 80 גר',תבליני טעם וריח,IL,סודה לשתיה בשקית 80ג,,80.00,100 גרם,false,,4.90,0.0613,true,1,240418
7290015324519,false,תערובת לפיצה שקית 80 ג',"תבליני טעם וריח בע""מ",IL,תערובת לפיצה 80 גרם,,80.00,100 גרם,false,,7.90,0.0988,true,1,234710
7290015324540,false,טימין מיכל גדול 30 ג',"תבליני טעם וריח בע""מ",IL,טימין מיכל גדול 30 ג,,30.00,,false,,10.90,0.3633,true,1,234724
7290015324557,false,בהרט לבישול מיכל גדול 80 ג',"תבליני טעם וריח בע""מ",IL,בהרט לבישול מיכל גדו,,80.00,100 גרם,false,,9.90,0.1238,true,1,234725
7290015324564,false,כוסברה טחונה מיכל גדול 70 ג',"תבליני טעם וריח בע""מ",IL,כוסברה טחונה מיכל גד,,70.00,,false,,10.90,0.1557,true,1,234722
7290015324588,false,פלפל לבן 100 גרם,תות ממתקי איכות,IL,פלפל לבן 100 גרם,,100.00,100 גרם,false,,15.90,0.1590,true,1,245406
7290015324694,false,מטחנת מלח ים 100 גר,,,מטחנת מלח ים 100 גר,,50.00,,false,,13.90,0.2780,true,1,248183
7290015339551,false,פסטה פתיתים קוסקוס טעמן 500 גר',טעמן,,פתיתים אפויים קוסקוס,,500.00,,false,,5.90,0.0118,true,1,229435
7290015339568,false,פסטה פתיתים אורז טעמן 500 גר',,,פתיתים אפויים אורז ט,,500.00,100 גרם,false,,5.90,0.0118,true,1,229436
7290015339629,false,שוקולד חלב שברי אגוזים,הלל תעשיות,IL,שוקולד חלב שברי אגוז,,100.00,100 גרם,false,,8.90,0.0890,true,1,247485
7290015339933,false,טעמן ריבת חלב 340 גרם,,,ריבת חלב טעמן 340גר,,340.00,,false,,13.90,0.0409,true,1,194799
7290015347273,false,נטיפי שוקולד אמיתי לאפיה 250 גר',,,נטיפי שוקולד אמיתי 2,,250.00,100 גרם,false,,10.90,0.0436,true,1,223636
7290015350150,false,"יין אדום חצי יבש סגל 750 מ""ל",כרמי צבי - אחים סגל,IL,יין סגל אדום חצי יבש,,750.00,,false,,24.90,0.0332,true,1,241446
7290015366342,false,ספירה - מילוי נוזלי להרחקת יתושים 2 יח',זובלה,IT,ספירה נוזל זוגות,יחידה,0.00,יחידה,false,,19.90,0.0000,true,1,229823
7290015366663,false,"אקווה פרש משחת שיניים מנטה עדין 100מ""ל",אקווה פרש Aquafresh,SK,אקווה פרש עדין משחת,,100.00,,false,,8.90,0.0890,true,1,199792
7290015366670,false,משחת שיניים הגנה משולשת מנטה מרענן,אקווה פרש Aquafresh,SK,אקווה פרש מנטה משחת,,100.00,100 גרם,false,,8.90,0.0890,true,1,199793
7290015374279,false,"סיגר במילוי בשר בד""צ",,,"סיגר במילוי בשר בד""צ",,400.00,,false,,12.90,0.0323,true,1,173892
7290015374286,false,"סיגר במילוי תפו""א בד",,,"סיגר במילוי תפו""א בד",,400.00,100 גרם,false,,12.90,0.0323,true,1,173893
7290015374309,false,"פסטל במילוי תפו""א בד",,,"פסטל במילוי תפו""א בד",,400.00,100 גרם,false,,12.90,0.0323,true,1,173895
7290015374330,false,"קובה מרק בד""צ 400גר",,,"קובה מרק בד""צ 400גר",,400.00,,false,,12.90,0.0323,true,1,173898
7290015374392,false,בלינצס במילוי בשר בד,,,בלינצס במילוי בשר בד,,400.00,,false,,12.90,0.0323,true,1,173903
7290015374415,false,"נקניקיות מצופות בד""צ",,,"נקניקיות מצופות בד""צ",,400.00,100 גרם,false,,12.90,0.0323,true,1,173905
7290015374422,false,"שניצלונים תפו""א במיל",,,"שניצלונים תפו""א במיל",,400.00,100 גרם,false,,12.90,0.0323,true,1,173906
7290015528566,false,גביע 270 ארוז 10 יח',,,גביע 270 ארוז 10 יח',יחידה,0.00,יחידה,false,,6.90,0.0000,true,1,229553
7290015528573,false,גביע 500 ארוז 10 יח',,,גביע 500 ארוז 10 יח',יחידה,0.00,יחידה,false,,6.90,0.0000,true,1,229554
7290015528641,false,מיכל 1 ליטר ארוז 3 י,,,מיכל 1 ליטר ארוז 3 י,יחידה,0.00,יחידה,false,,9.90,0.0000,true,1,234280
7290015528658,false,מיכל 2 ליטר ארוז 3 י,,,מיכל 2 ליטר ארוז 3 י,יחידה,0.00,יחידה,false,,9.90,0.0000,true,1,234281
7290015528665,false,מיכל 3 ליטר ארוז 2 י,,,מיכל 3 ליטר ארוז 2 י,יחידה,0.00,יחידה,false,,9.90,0.0000,true,1,234282
7290015528696,false,כוס נייר OZ16 אר'50,,,כוס נייר OZ16 אר'50,יחידה,0.00,יחידה,false,,25.90,0.0000,true,1,226889
7290015528825,false,צלחת 7 מתכלה אר 25 יח' דנטס,,,צלחת 7 מתכלה אר 25 י,יחידה,0.00,יחידה,false,,12.90,0.0000,true,1,229564
7290015528832,false,צלחת 9 מתכלה אר' 25 יח' דנטס,,,צלחת 9 מתכלה אר' 25,יחידה,0.00,יחידה,false,,14.90,0.0000,true,1,221644
7290015528979,false,קינוחי קרם קרמל אר' 12 יח',,,קינוחי קרם קרמל אר',יחידה,0.00,יחידה,false,,15.90,0.0000,true,1,197759
7290015597210,false,מאגדת טילון פרווה וניל 6 יח' קורנטו,"גלידת שטראוס בע""מ, ר",IL,טילון קורנטו מאגדת פ,,378.00,100 גרם,false,,37.90,0.1003,true,1,224217
7290015603188,false,אטריות ביצים 454ג' (כ) (fu),פוגקן לונגהי אנלידה,CN,אטריות ביצים 454גר,,454.00,100 גרם,false,,10.90,0.0240,true,1,205436
7290015603195,false,אטריות עם תרד מזרח ו,פוגקן לונגהי אנלידה,CN,אטריות עם תרד 454 גר,,454.00,100 גרם,false,,10.90,0.0240,true,1,205437
7290015603201,false,אטריות מחיטה מלאה מז,yan val yun corpora,CN,אטריות מחיטה מלאה 45,,454.00,100 גרם,false,,10.90,0.0240,true,1,205438
7290015603225,false,איטריות בתוספת גזר 4,פוגקן לונגהי אנלידה,CN,איטריות בתוספת גזר 4,,454.00,100 גרם,false,,10.90,0.0240,true,1,205440
7290015603546,false,"שימורי קרם קוקוס 17-19% 400 מ""ל (ASIATIC)(כ)",אסיאטיק אגרו אינדסטר,TH,קרם קוקוס 17-19% 400,,400.00,100 גרם,false,,10.90,0.0273,true,1,225037
7290015603560,false,שימורי קרם קוקוס 400,אסי אטיק גרו אינדוסט,TH,קרם קוקוס 20-22% 400,,400.00,100 גרם,false,,10.90,0.0273,true,1,227254
7290015603584,false,גינגר לבן כבוש ללא מ,לאיווי איפנג פודס קו,CN,גינגר לבן כבוש ללא מ,,160.00,100 גרם,false,,9.50,0.0594,true,1,205443
7290015603591,false,ג'ינגר כבוש ורוד מזר,ננטונג הידה אקוטיק פ,CN,גינגר ורוד כבוש ללא,,160.00,100 גרם,false,,9.50,0.0594,true,1,222242
7290015603638,false,אורז קלרוז מזרח ומער,מינה פונג גרין אגריק,CN,*מבצע* אורז קלרוז 1ק,,1000.00,100 גרם,false,,10.90,0.0109,true,1,205447
7290015640749,false,קרם ידיים קלאסיק 100,,,קרם ידיים קלאסיק 100,,150.00,,false,,7.90,0.0527,true,1,242387
7290015652070,false,אגוזי קשיו קלויים שש,דין שיווק,IL,קשיו קלוי 150גרם,,150.00,100 גרם,false,,11.90,0.0793,true,1,200990
7290015652087,false,תערובת פיצוחים 150 גר' שקדיה,דין שיווק,IL,תערובת פיצוחים 150גר,,150.00,100 גרם,false,,11.90,0.0793,true,1,200991
7290015652254,false,גרעיני חמניה קלויים 500 ג',דין שיווק,IL,גרעינים שחורים 400 ג,,400.00,,false,,10.00,0.0250,true,1,200995
7290015652261,false,בוטנים קלויים 350 ג' ששון הקולה,דין שיווק,IL,בוטנים קלויים 300 גר,,300.00,100 גרם,false,,10.00,0.0333,true,1,200996
7290015652278,false,תערובת פיצוחים ששון,"דין שיווק וקליה בע""מ",IL,תערובת פיצוחים 250גר,,250.00,100 גרם,false,,20.00,0.0800,true,1,200997
7290015652292,false,קבוקים עם שומשום 400גר,"דין שיווק וקליה בע""מ",IL,קבוקים עם שומשום 500,,500.00,100 גרם,false,,10.00,0.0200,true,1,200999
7290015652308,false,מנצ'ס ששון הקולה 300,,,מנצס ששון הקולה 300,,300.00,100 גרם,false,,10.00,0.0333,true,1,201000
7290015652315,false,חמוציות מסוכרות ששון,דין שיווק,IL,חמוציות מסוכרות 300ג,,300.00,,false,,10.00,0.0333,true,1,201001
7290015652322,false,בוטנים אמריקאים מצופים 400 ג',דין שיווק,IL,בוטנים אמריקאים מצופ,,400.00,100 גרם,false,,10.00,0.0250,true,1,201002
7290015733168,false,מטרנה גולד שלב שלוש 700 ג',מטרנה,,מטרנה גולד שלב3 700ג,,700.00,,false,,74.90,0.1070,true,1,239859
7290015733229,false,תרכובת מזון לתינוקות חלבי שלב 2 אקסטרה קר מהדרין,מטרנה,IL,מטרנה אקסטרה קר שלב,,700.00,,false,,59.90,0.0856,true,1,243697
7290015733243,false,מטרנה אקסטרה קר מהדרין שלב 3 700ג',מטרנה,IL,מטרנה אקסטרה קר שלב,,700.00,100 גרם,false,,59.90,0.0856,true,1,243698
7290015733977,false,תרכובת מזון קומפורט על בסיס חלבי דל לקטוז,מטרנה,,מטרנה קומפורט 700 גר,,700.00,100 גרם,false,,59.90,0.0856,true,1,243214
7290015781008,false,"יין ויז'ן מרלו 750 מ""ל",יקב טפרברג 1870 בעמ,IL,"יין ויז'ן מרלו 750מ""",,750.00,,false,,39.90,0.0532,true,1,172723
7290015781091,false,"יין ויז'ן קברנה סובניון 750 מ""ל",יקב טפרברג 1870 בעמ,IL,יין ויז'ן קברנה סובי,,750.00,,false,,39.90,0.0532,true,1,172727
7290015781114,false,"יין אימפרשן מרלו 750 מ""ל",יקב טפרברג 1870 בעמ,IL,יין אימפרזיון מרלו 7,,750.00,100 גרם,false,,49.90,0.0665,true,1,172729
7290015781169,false,"יין קברנה סוביניון - חצי יבש אימפרשן 750מ""ל",יקב טפרברג 1870 בעמ,IL,יין אדום חצי יבש אימ,,750.00,,false,,49.90,0.0665,true,1,215164
7290015781268,false,"יין מוסקטו אדום 750 מ""ל",יקב טפרברג,,יין מוסקטו אדום 750מ,,750.00,,false,,39.90,0.0532,true,1,172734
7290015781282,false,"יין גוורצטמינר אימפרשן 750מ""ל",יקב טפרברג 1870,,יין אימפרוזיון גוורצ,,750.00,,false,,49.90,0.0665,true,1,228378
7290015781305,false,"יין אימפרשן סירה 750 מ""ל",יקב טפרברג 1870 בעמ,IL,יין אימפרזיון סירה 7,,750.00,,false,,49.90,0.0665,true,1,228379
7290015842631,false,"כוס ברד 330 מ""ל ח""פ 40יח'",,GR,כוס לברד 40 יח,יחידה,0.00,יחידה,false,,11.90,0.0000,true,1,234073
7290015855013,false,פלפל טינקרבל ארוז,,,פלפל טינקרבל ארוז,יחידה,0.00,יחידה,false,,7.90,0.0000,true,1,205222
7290015855037,false,פלפל צ'ילי.,,,פלפל צ'ילי.,יחידה,0.00,יחידה,false,,6.90,0.0000,true,1,205224
7290015855051,false,מלפפון מיני ארוז,,,מלפפון מיני ארוז,יחידה,0.00,יחידה,false,,8.90,0.0000,true,1,205225
7290015855143,false,שום קלוף 170גרם,,,שום קלוף 170גרם,יחידה,0.00,יחידה,false,,11.90,0.0000,true,1,205233
7290015855228,false,אספרגוס,,,אספרגוס,יחידה,0.00,יחידה,false,,24.90,0.0000,true,1,205237
7290015855273,false,בזיליקום מארז גדול,,,בזיליקום מארז גדול,יחידה,0.00,יחידה,false,,9.90,0.0000,true,1,247809
7290015855341,false,אנדיב (עולש),,,אנדיב (עולש),,0.00,100 גרם,false,,15.90,0.0000,true,1,225529
7290015855358,false,בצלצלי שאלוט,,,בצלצלי שאלוט,יחידה,0.00,יחידה,false,,9.90,0.0000,true,1,227351
7290015855495,false,חסה לאליק,,,חסה לאליק,יחידה,0.00,יחידה,false,,12.90,0.0000,true,1,246635
7290015855501,false,חסה עגולה שקית,,,חסה עגולה שקית,יחידה,0.00,יחידה,false,,5.90,0.0000,true,1,249814
7290015856171,false,בייגלה שמיניות מלח 200 גרם הדר,,,בייגלה שמיניות עם מל,,200.00,,false,,6.90,0.0345,true,1,245559
7290015856980,false,פתי בר ללא סוכר 150 גר הדר שוקו,,,תה ביסקוויט שוקו ללא,,150.00,100 גרם,false,,7.90,0.0527,true,1,247512
7290015858106,false,ממרח פסטו ביתי 180 ג' עללחם,"מדשא תעשיות מזון בע""",IL,ממרח פסטו ביתי 180 ג,,180.00,100 גרם,false,,16.90,0.0939,true,1,227443
7290015858113,false,ממרח עגבניות מיובשות 180 גרם עללחם,"מדשא תעשיות מזון בע""",IL,ממרח עגבניות מיובשות,,180.00,,false,,16.90,0.0939,true,1,227424
7290015858175,false,ממרח פלפלים קלויים 180 גרם עללחם,זאביק יצור ושיווק מז,IL,ממרח פלפלים קלויים 1,,180.00,100 גרם,false,,16.90,0.0939,true,1,227419
7290015858212,false,ממרח לימון כבוש עללחם 180 ג',,,ממרח לימון כבוש 180,,180.00,100 גרם,false,,16.90,0.0939,true,1,227420
7290015858328,false,ממרח איולי פסטו 295 ג' עללחם,עלית,IL,עללחם ממרח איולי פסט,,295.00,100 גרם,false,,16.90,0.0573,true,1,248850
7290015858441,false,ממרח איולי פלפלים 295 ג' עללחם,עלית,IL,עללחם ממרח איולי פלפ,,295.00,,false,,16.90,0.0573,true,1,248851
7290015858687,false,ממרח איולי שום 295 ג' עללחם,עלית,IL,עללחם ממרח איולי שום,,295.00,,false,,16.90,0.0573,true,1,248853
7290015858694,false,"עללחם איולי שום לימון, 295 גרם",אסם,,עללחם ממרח איולי שום,,295.00,,false,,16.90,0.0573,true,1,248852
7290015865692,false,תענוג פרי תות שדה ענ,קריות זול,IL,קונפיטורה תענוג פרי,,400.00,100 גרם,false,,17.90,0.0447,true,1,248794
7290015865708,false,תענוג פרי אוכמניות ע,קריות זול,IL,קונפיטורה תענוג פרי,,400.00,,false,,17.90,0.0447,true,1,248795
7290015865722,false,קונפיטורת תות שדה ענ,ענבי ציון,IL,קונפיטורת לייט תות ש,,400.00,100 גרם,false,,19.90,0.0497,true,1,248798
7290015865746,false,קונפיטורת לייט פירות,,,קונפיטורת לייט פירות,,400.00,100 גרם,false,,19.90,0.0497,true,1,248802
7290015968140,false,אטבים אחיזה רחבה בעי,H.J.E,,אטבים אחיזה רחבה בעי,,36.00,,false,,10.90,0.3028,true,1,249525
7290015968218,false,כוסות נייר 50 יח לשת,,,כוסות נייר 50 יח 12O,יחידה,0.00,יחידה,false,,19.90,0.0000,true,1,249480
7290015968997,false,כפפות ניטריל שחורות,,,כפפות ניטריל 100יח X,יחידה,0.00,יחידה,false,,29.90,0.0000,true,1,249508
7290016006025,false,סודה שוופס בקבוק 500,יפאורה תבורי בעמ,IL,שוופס סודה 500מל,,500.00,,false,,3.90,0.0078,true,1,181908
7290016006148,false,"שוופס מוגז עדין ענבים בקבוק 500מ""ל",,,שוופס מוגז ענבים 500,,500.00,,false,,5.90,0.0118,true,1,181910
7290016006292,false,נקטר מנגו בננה מלון קרטונית 1 ל' ספרינג,"יפאורה תבורי בע""מ",IL,ספרינג מנגו בננה מלו,,1000.00,,false,,7.90,0.0079,true,1,181917
7290016006346,false,שוופס סודה מארז שישייה * 0.5 ל',יפאורה תבורי בעמ,IL,שוופס סודה מארז שישי,,3000.00,100 גרם,false,,15.90,0.0053,true,1,181920
7290016028157,false,כוס ליקר 50 יח דנטס,,,כוס ליקר 1 OZ אר' 50,,50.00,,false,,10.90,0.2180,true,1,229571
7290016087123,false,רוטב פסטה קלאסי 240 ג' פריניר,,,רוטב עגבניות בסגנון,,240.00,100 גרם,false,,6.90,0.0288,true,1,226323
7290016087147,false,רוטב פיצה מרגריטה 240 ג' פריניר,,,רוטב עגבניות לפיצה מ,,240.00,100 גרם,false,,6.90,0.0288,true,1,226318
7290016087222,false,רוטב עגבניות לשקשוקה 230 ג' פריניר,פריניר ( הדס 1987) ב,IL,רוטב עגבניות מרוכז ל,,230.00,100 גרם,false,,6.90,0.0300,true,1,226317
7290016096583,false,נתחי טונה בשמן שלישיה 3*80ג' פרינס,,,טונה פרינס שלישייה 3,,240.00,,false,,10.90,0.0454,true,1,222738
7290016102253,false,נר נשמה 72 שעות זכוכית,,,נר זכוכית 72 שעות שמ,יחידה,0.00,יחידה,false,,6.50,0.0000,true,1,231842
7290016102475,false,מפות נייר אל בד לבן 270/120,,,מפת אל בד 1.20*2.70,יחידה,0.00,יחידה,false,,8.90,0.0000,true,1,240728
7290016102611,false,"קינוחית מגדל+ מכסה ח""פ 24יח'",,CN,קינוחית מגדל+מכסה שק,יחידה,0.00,יחידה,false,,15.90,0.0000,true,1,234267
7290016102789,false,צלחות קטנות 50 יח,,,צלחות קטן 50 יח',יחידה,0.00,יחידה,false,,9.90,0.0000,true,1,239840
7290016136722,false,פתיתים פנה ללא גלוטן 340 ג',,,פתיתים פנה ללא גלוטן,,340.00,100 גרם,false,,10.90,0.0321,true,1,226024
7290016136739,false,פתיתים פוזילי ללא גלוטן 340 ג',,,פתיתים פוזילי ללא גל,,340.00,,false,,10.90,0.0321,true,1,226031
7290016136746,false,אטריות בצורת מקלונים ללא גלוטן 340 ג',,,אטריות בצורת מקלונים,,340.00,100 גרם,false,,10.90,0.0321,true,1,226025
7290016144000,false,"קמח חיטה מלאה נפלאות 80% 1 ק""ג","קמח מלכים בע""מ",IL,קמח נפלאות חיטה 80%,,1000.00,100 גרם,false,,9.90,0.0099,true,1,247052
7290016144017,false,"קמח חיטה מלאה נפלאות 100% 1 ק""ג",קמח מלכים,IL,קמח נפלאות חיטה מלא,,1000.00,,false,,9.90,0.0099,true,1,247054
7290016144024,false,"קמח כוסמין מלא נפלאות 100% 1 ק""ג","קמח מלכים בע""מ",IL,קמח נפלאות כוסמין מל,,1000.00,100 גרם,false,,15.90,0.0159,true,1,247057
7290016144055,false,"קמח כוסמין נפלאות 80% 1 ק""ג",קמח מלכים,IL,קמח נפלאות כוסמין 80,,1000.00,,false,,15.90,0.0159,true,1,247056
7290016150117,false,סלק אדום מבושל 500 ג' בוואקום,חקלאי,IL,סלק וואקום,,500.00,,false,,6.90,0.0138,true,1,212677
7290016188585,false,יין מבעבע למברוסקו רוזה חצי יבש,יקב גאקובזי,,יין למברוסקו רוזה חצ,,750.00,,false,,24.90,0.0332,true,1,171339
7290016188592,false,"יין למברוסקו אדום חצי יבש 750 מ""ל","כד בני דרום בע""מ",IT,יין למברוסקו אדום חצ,,750.00,,false,,24.90,0.0332,true,1,171340
7290016188608,false,"יין למברוסקו לבן חצי יבש 750מ""ל",יקב גאקובזי,IT,יין למברוסקו לבן חצי,,750.00,,false,,24.90,0.0332,true,1,171341
7290016197488,false,מטליות מיקרופייבר למשטחים ניקול 3יח',UFO INC,CN,מטלית קסם לשיש ניקול,יחידה,0.00,יחידה,false,,15.90,0.0000,true,1,181643
7290016197600,false,דיפנד - תחבושת לנשים נורמל 12 יח',kimberly clark,,תחבושות דיפנד נורמל,יחידה,0.00,יחידה,false,,21.90,0.0000,true,1,181648
7290016197617,false,דיפנד - תחבושות לנשים אקסטרה 10 יח',kimberly clark,,תחבושות דיפנד אקסטרה,יחידה,0.00,יחידה,false,,21.90,0.0000,true,1,181649
7290016197624,false,דיפנד - תחבושת לנשים סופר 8 יח',kimberly clark,,תחבושות דיפנד סופר 8,יחידה,0.00,יחידה,false,,21.90,0.0000,true,1,181650
7290016197839,false,ניקול השקית החזקה 20 יח' XL,אשפלסט תעשיות בעמ,IL,השקית החזקה 20יח XL,יחידה,0.00,יחידה,false,,23.90,0.0000,true,1,181652
7290016197877,false,ניקול שקיות לפחי מטבח קטנים 60 יח' M,ניקול,,שקית לפחי מטבח קטנים,יחידה,0.00,יחידה,false,,23.90,0.0000,true,1,181653
7290016217735,false,חציל על האש סלטי שמי,"סלטי שמיר 2006 בע""מ",IL,חציל אש 200 גר שמיר,,200.00,100 גרם,false,,14.90,0.0745,true,1,220939
7290016217742,false,חציל בטחינה שמיר 200 ג',"סלטי שמיר 2006 בע""מ",IL,חציל אש בטחינה 200 ג,,200.00,,false,,14.90,0.0745,true,1,220940
7290016217759,false,חצילים בסגנון מרוקאי,"סלטי שמיר 2006 בע""מ",IL,סלט חציל מרוקאי 200,,200.00,100 גרם,false,,14.90,0.0745,true,1,220941
7290016233384,false,גפילטע פיש 7קציצות מהדרין 550ג',,,גפילטע פיש 7קציצות מ,,550.00,,false,,15.90,0.0289,true,1,175378
7290016233575,false,שיבולת שועל 600 גר,,,שיבולת שועל 600גר,,600.00,,false,,6.90,0.0115,true,1,175382
7290016233711,false,פסטה לינגוויני לה פס,,,פסטה לה פסטה לינגווי,,400.00,,false,,5.90,0.0148,true,1,224645
7290016233995,false,שימורי אנשובי עם שמן זית 45 ג' תומר,Inversiones prisco s,,אנשובי בפח עם שמן זי,,45.00,,false,,7.90,0.1756,true,1,221988
7290016234008,false,אנשובי צנצנת בשמן זית תןמר 100 גר,Inversiones prisco s,,אנשובי צנצנת עם שמן,,100.00,,false,,13.90,0.1390,true,1,221991
7290016246445,false,טחינה גולמית מעודנת שמשום מלא בארכה 310ג',בארכה,IL,טחינה גולמית שומשום,,310.00,100 גרם,false,,14.90,0.0481,true,1,225908
7290016255300,false,"נובו ג'ל רחצה לגבר ספורט 700מ""ל",,,נובו תחליב רחצה לגבר,,700.00,,false,,10.00,0.0143,true,1,203276
7290016270907,false,ברוקולי ארוז במגשית,,,ברוקולי,יחידה,0.00,יחידה,false,,8.90,0.0000,true,1,245616
7290016276534,false,"שמן קוקוס לא מזוכך 500 מ""ל",דין שיווק,IL,שמן קוקוס לא מזוכך 5,,500.00,,false,,29.90,0.0598,true,1,201040
7290016276756,false,מעדן 4 פירות 100% רכיבי פרי 284 גר' ללא תוספת סוכר,שקדיה,IL,מעדן 4 פירות 100% רכ,,284.00,,false,,12.90,0.0454,true,1,201041
7290016276763,false,מעדן שזיף 100% רכיבי פרי ללא סוכר שקדיה 284 ג',שקדיה,IL,מעדן שזיף 100% רכיבי,,284.00,,false,,12.90,0.0454,true,1,201042
7290016276787,false,מעדן אננס 100% רכיבי פרי ללא סוכר שקדיה 284 ג',שקדיה,IL,מעדן אננס 100% רכיבי,,284.00,100 גרם,false,,12.90,0.0454,true,1,201044
7290016276794,false,מעדן פירות ללא סוכר שקדיה 284 ג',שקדיה,IL,מעדן תפוז 100% רכיבי,,284.00,100 גרם,false,,12.90,0.0454,true,1,201045
7290016321678,false,מגבונים לחים בניחוח מרענן עם תמציות קמומיל ואלוורה,עלבד משואות יצחק,IL,מגבוני פרשוואנס רביע,יחידה,0.00,יחידה,false,,18.90,0.0000,true,1,234165
7290016321722,false,פרש וואנס מגבונים בו,על בד,,פרש וואנס מגבונים בו,יחידה,0.00,יחידה,false,,5.90,0.0000,true,1,228044
7290016372342,false,עגבניות חתוך קוביות גראנד איטליה מארז 400X3ג',גרנד איטליה Grand Italia,,עגבניות חתוכות לקובי,,1200.00,100 גרם,false,,14.90,0.0124,true,1,222322
7290016387254,false,מצע לייבוש כלים,,,מצע לייבוש כלים,יחידה,0.00,יחידה,false,,9.90,0.0000,true,1,197919
7290016387339,false,מטליות מיקרופייבר ג'מבו לרצפה זוג,,,2 מטליות מיקרופייבר,יחידה,0.00,יחידה,false,,16.90,0.0000,true,1,242838
7290016387407,false,אטבי כביסה 9 יח' מילניום ר. שמאי,,,אטבי כביסה 9 יח' מיל,יחידה,0.00,יחידה,false,,4.90,0.0000,true,1,246972
7290016387483,false,שייני כריות יפניות דו צדדיות 3 יח',,,כריות יפניות דו צדדי,,3.00,,false,,6.90,2.3000,true,1,223141
7290016387841,false,אטבי כביסה איכותים צבעונים 50 יחי',,,אטבי כביסה ג'וי צבעו,יחידה,0.00,יחידה,false,,13.90,0.0000,true,1,223143
7290016408294,false,"מרשמלו ורוד לבן וסטהיים 150 ג', 26 בקרטון",מנדלז סי.אר. פרודקשן,IL,מרשמלו ורוד לבן כרמי,,150.00,,false,,5.90,0.0393,true,1,213448
7290016408980,false,"מטבעות שוקולד חלב 36 ג' כשל""פ בד""ץ",כרמית,IL,מטבעות שוקולד חלב 36,,36.00,,false,,4.90,0.1361,true,1,225887
7290016437645,false,האגיס פרידום דריי פנטס מידה 5 34 יח',קימברלי,CZ,האגיס פרידום דריי PA,יחידה,0.00,יחידה,false,,49.90,0.0000,true,1,223446
7290016437652,false,האגיס פרידום דריי פנטס מידה 6 30 יח',קימברלי,CZ,האגיס פרידום דריי PA,יחידה,0.00,יחידה,false,,49.90,0.0000,true,1,223447
7290016440881,false,תערובת ירקות חמוצים בטעם טבעי,,,תערובת ירקות חמוצים,,0.00,,false,,19.90,0.0000,true,1,244221
7290016440928,false,ירקות כבושים חמוץ מתוק (סיני),מעדני עופר,IL,ירקות כבושים חומץ מת,,0.00,,false,,19.90,0.0000,true,1,244223
7290016448870,false,שפרוטים מעושנים בשמן,,,שפרוטים 150 גרם,,150.00,,false,,6.90,0.0460,true,1,240692
7290016448894,false,ביצ'קי ברוטב עגבניות,,,ביצ'קי ברוטב עגבניות,,240.00,100 גרם,false,,5.90,0.0246,true,1,240693
7290016509342,false,סוד שלישייה סבון לאסל כחול אקטיבי אקנומיקה,סוד,,כדוריות סוד סבון לאס,,0.00,,false,,16.90,0.0000,true,1,244667
7290016509786,false,פרסיל - ג'ל כביסה ירוק 2.50 ליטר,פרסיל Persil,IL,פרסיל ג'ל 2.5ליטר יר,ליטרים,2.50,ליטר,false,,34.90,13.9600,true,1,225138
7290016509809,false,ג'ל מרוכז לכביסה קולור 2.5 ל' פרסיל,פרסיל Persil,IL,פרסיל ג'ל 2.5 ליטר ק,ליטרים,2.50,ליטר,false,,34.90,13.9600,true,1,225139
7290016509823,false,ג'ל לכביסה לבנה וצבעונית בניחוח רענן,פרסיל Persil,,פרסיל ג'ל 2.5 ליטר ב,ליטרים,2.50,ליטר,false,,34.90,13.9600,true,1,225140
7290016580174,false,צלחות 9 צבעומיות דנט,,,צלחת 9 צבעוני לבן/ ק,,100.00,,false,,39.90,0.3990,true,1,226568
7290016580693,false,"צלחת רויאל 10"" אר' 1",,,"צלחת רויאל 10"" אר' 1",יחידה,0.00,יחידה,false,,25.90,0.0000,true,1,226887
7290016580730,false,צלחת פרח שקופה 10.25,,,צלחת פרח שקופה 10.25,יחידה,0.00,יחידה,false,,47.90,0.0000,true,1,226896
7290016621358,false,"ד""ר פישר - קמיל אל סבון ניקיון והזנה ורוד 1 ליטר","ד""ר פישר Dr fischer",,קמיל אל סבון ניקיון,,1000.00,,false,,16.90,0.0169,true,1,222564
7290016621365,false,אל סבון היגייני לניקוי יסודי קמיל Clean & Moisture,"ד""ר פישר Dr fischer",,קמיל אל סבון ניקיון,,1000.00,100 גרם,false,,16.90,0.0169,true,1,222565
7290016682342,false,מיץ תפוזים ולנסיה 2 ליטר,פריניב,IL,מיץ תפוזים ולנסיה 2,,2000.00,100 גרם,false,,26.90,0.0135,true,1,249804
7290016682359,false,מיץ תפוזים שמוטי 2 ליטר,פריניב,IL,מיץ תפוזים סחוט שמוט,,2000.00,100 גרם,false,,26.90,0.0135,true,1,249803
7290016682441,false,100% מיץ תפוזים מיוצר מרכז טבעי,פריניב,IL,מיץ תפוזים 100% 1 לי,,1000.00,100 גרם,false,,13.90,0.0139,true,1,249800
7290016717044,false,באז משקה מבוסס יין מ,יקבי כרמל,IL,באז משקה מבוסס יין מ,,750.00,100 גרם,false,,26.90,0.0359,true,1,242091
7290016717051,false,משקה Buzz מוגז בטעם רימון מבוסס יין אדום מתוק,יקבי כרמל Carmel Winery,IL,באז משקה מבוסס יין מ,,750.00,100 גרם,false,,26.90,0.0359,true,1,239579
7290016717099,false,"יין כרמל סלקטד אדום חצי יבש, 750 מ""ל",יקבי כרמל Carmel Winery,IL,יין סלקטד אדום חצי י,,750.00,,false,,29.90,0.0399,true,1,171347
7290016717631,false,יין מוסקטו בעל חוזק אלכוהול נמוך פרייבט קולקשן,אגודת הכורמים הקואופ,IL,מוסקטו פרייבט קולקשי,,750.00,,false,,39.90,0.0532,true,1,223322
7290016717754,false,"יין ישן נושן היובל 750 מ""ל",אגודת הכורמים הקואופ,IL,"יין ישן נושן 750 מ""ל",,750.00,100 גרם,false,,18.90,0.0252,true,1,225489
7290016717976,false,יין באזז ספארקלינג א,קריות זול,IL,באז משקה מבוסס יין מ,,750.00,,false,,26.90,0.0359,true,1,240482
7290016866643,false,משחת שיניים פרודונטקס אקסטרה פרש,פרודונטקס Parodontax,SK,פרודונטקס משחת שיניי,,75.00,,false,,29.90,0.3987,true,1,226290
7290016866674,false,"פרודונטקס - משחת שיניים מלבינה 75 מ""ל",פרודונטקס Parodontax,SK,פרודונטקס משחת שיניי,,75.00,,false,,29.90,0.3987,true,1,225182
7290016882407,false,מחית חציל קלוי על האש 560 ג',אונטד גידה,TR,ממרח חצילים קלויים 5,,550.00,100 גרם,false,,9.90,0.0180,true,1,242373
7290016882414,false,קונפיטורה שזיפים 70%,דין שיווק,IL,קונפיטורה שזיף 70 %,,450.00,,false,,13.90,0.0309,true,1,231821
7290016898071,false,"תבניות מקרטון אינגליש גדול ח""פ 5 יח'",,,תבניות אינגליש קייק,,5.00,,false,,10.90,2.1800,true,1,234964
7290016898187,false,נר מס' 20 ר.שמאי,,,נרות שבת מס 20,יחידה,0.00,יחידה,false,,3.50,0.0000,true,1,244678
7290016898842,false,מפיות מנוקדות 80 יח',,,מפיות מנוקדות 80 יח,יחידה,0.00,יחידה,false,,8.90,0.0000,true,1,239541
7290017023212,false,"שוויפס מוגז פירות תפוח מארז רביעייה* 330 מ""ל",יפאורה תבורי,IL,שוופס מוגז פירות רבי,,1320.00,,false,,15.90,0.0120,true,1,224570
7290017023229,false,רביעיית פחיות שוופס מוגז פירות תות ליים 330 מל.,יפאורה תבורי,IL,שוופס מוגז פירות רבי,,1320.00,,false,,15.90,0.0120,true,1,224571
7290017023663,false,"שוופס מיץ פירות לימונייד פחית מארז 330X4מ""ל",יפאורה תבורי,IL,שוופס מוגז פירות למו,,1320.00,100 גרם,false,,15.90,0.0120,true,1,227469
7290017023854,false,מי סודה בקבוקים אישיים - מארז 4 יח',יפאורה תבורי בעמ,IL,"שוופס סודה 4*250מ""ל",,1000.00,100 גרם,false,,13.90,0.0139,true,1,227466
7290017023861,false,סודה בטעם לימון בקבוקים אישיים - מארז 4 יח',יפאורה תבורי בעמ,IL,שוופס סודה לימון 4*2,,1000.00,100 גרם,false,,13.90,0.0139,true,1,227467
7290017023878,false,סודה בטעם נענע ליים בקבוקים אישיים - מארז 4 יח',יפאורה תבורי בעמ,IL,שוופס סודה נענע ליים,,1000.00,,false,,13.90,0.0139,true,1,227468
7290017031705,false,"סנסודיין - משחת שיניים קלין&פרש 75 מ""ל",DE MICLEN,SK,סנסודיין משחת שיניים,,75.00,,false,,21.90,0.2920,true,1,226285
7290017031859,false,"פרודונטקס - משחת שיניים אולטרא קלין 75 מ""ל",סמיתקליין ביצ'ם בעמ,SK,פרודונטקס משחת שיניי,,75.00,100 גרם,false,,29.90,0.3987,true,1,226286
7290017040325,false,פיצה איטלקית טבעונית,קריות זול,,פיצה איטלקית טבעונית,,360.00,100 גרם,false,,25.90,0.0719,true,1,247094
7290017058092,false,שיבולת שועל שלמים 60,,,שיבולת שועל שלמה 600,,600.00,,false,,6.90,0.0115,true,1,228606
7290017058139,false,"רביעיית רסק תפו""ע תות שדה",Cherry growers inc,,רסק תפוח עץ עם תות ש,יחידה,0.00,יחידה,false,,12.90,0.0000,true,1,225028
7290017058146,false,רסק תפוחי עץ עם אפרסק,Cherry growers inc,,רסק תפוח עץ עם אפרסק,יחידה,0.00,יחידה,false,,12.90,0.0000,true,1,225029
7290017058573,false,תומר פרוסות פלפל חלפיניו בחומץ 340 גרם,,,פרוסות פלפל חלפיניו,,340.00,100 גרם,false,,9.90,0.0291,true,1,226492
7290017062747,false,"נוזל כלים 36% תפוח +משאבה 750 מ""ל",,,טאצ' נוזל כלים לימון,,750.00,,false,,8.90,0.0119,true,1,242742
7290017062754,false,"נוזל כלים 36% לימון+משאבה 750 מ""ל",,,טאצ' נוזל כלים שדות,,750.00,100 גרם,false,,8.90,0.0119,true,1,242744
7290017065007,false,פרוסות גבינה מוצרלה חצי קשה 22% שומן 200 ג' גד,מחלבות גד בעמ,IL,מוצרלה פרוסה 150 גרם,,150.00,,false,,19.60,0.1307,true,1,220664
7290017065137,false,ריקוטה למריחה 5% טבעית 200 גרם - רובין,האי נאם סי או אל.טי.,IL,ריקוטה למריחה 5% טבע,,200.00,,false,,10.90,0.0545,true,1,223325
7290017065144,false,גבינת ריקוטה למריחה 5% בזיליקום 200ג' גד,האי נאם סי או אל.טי.,IL,ריקוטה למריחה 5% עפ,,200.00,,false,,10.90,0.0545,true,1,223327
7290017065168,false,גבינה בשלה עם עובש כחול 30%,מחלבות גד,DK,גבינה כחולה 100 גרם,,100.00,100 גרם,false,,17.90,0.1790,true,1,224576
7290017065212,false,גבינת קרם מסקרפונה מחלבות גד 250 גר,מיוצר עי קוד יצרן ED,IL,קרם מסקרפונה 250 גרם,,250.00,,false,,21.90,0.0876,true,1,224578
7290017065236,false,גבינה בולגרית מעודנת 24% גד 250 ג',הנסיך- מפעל לייצור ט,IL,בולגרית מעודנת 250גר,,250.00,100 גרם,false,,24.90,0.0996,true,1,224117
7290017065380,false,גבינת גרנה פדנו שבבים 29%,מחלבות גד,IT,גרנה פדנו שבבים 100ג,,100.00,100 גרם,false,,15.90,0.1590,true,1,227341
7290017065434,false,פרוסות גבינה גאודה הולנדית חצי קשה 200 גרם בית יוסף,מחלבות גד בעמ,NL,פרוסות גאודה 200 גרם,,200.00,100 גרם,false,,22.90,0.1145,true,1,227699
7290017065526,false,קוואטרו פורמאג'י 4 גבינות מגוררות 26%,מחלבות גד בעמ,IL,קוואטרו פורמאג'י 300,,300.00,,false,,29.90,0.0997,true,1,227705
7290017065588,false,יוגורט יווני 10% שומן 600 ג' גד,"מיוצר ע""י קוד יצרן M",IL,יוגורט יווני 600 גרם,,600.00,100 גרם,false,,16.90,0.0282,true,1,240523
7290017065618,false,גבינת פקורינו פרוס מחלב כבשים,הנסיך- מפעל לייצור ט,ES,פקורינו פרוס 150 גרם,,150.00,100 גרם,false,,22.90,0.1527,true,1,240524
7290017065649,false,קרם פטיסייר מחלבות ג,מיוצר עי קוד יצרן ED,IL,קרם פטיסייר 250 גרם,,250.00,100 גרם,false,,21.90,0.0876,true,1,240520
7290017065663,false,פטה עיזים מעודנת 16% 250 ג',ג'נרל מילס סאן אדריא,IL,בולגרית עיזים מעודנת,,250.00,,false,,31.90,0.1276,true,1,242244
7290017065731,false,גבינת שמנת 30% ניו יורק +כמהין 200 גרם רבנות,פ.פ.ח. שאביט,IL,גבינת שמנת ניו יורק,,200.00,,false,,13.90,0.0695,true,1,243708
7290017065786,false,גבינת צ'דר אנגלית גד 210 ג',מחלבות גד,IL,גבינת צ'דר פלח מחלבו,,210.00,100 גרם,false,,23.90,0.1138,true,1,245474
7290017068350,false,עדשים שחורות בלוגה מיה 500 גר',מיה,IL,עדשים שחורות בלוגה 5,,500.00,100 גרם,false,,9.90,0.0198,true,1,246388
7290017088112,false,טיטלי בייביסיטר מידה 4 36 י ח,די.פי.אל תעשיות מוצר,IL,בייביסיטר פרפורמנס נ,,36.00,,false,,29.90,0.8306,true,1,224516
7290017088136,false,חיתולי בייביסיטר נוחות מידה 5 32 יח',די פי אל,,בייביסיטר פרפורמנס נ,,32.00,,false,,29.90,0.9344,true,1,224518
7290017088327,false,מגבוני בייביסיטר extra soft ללא בישום 4*64 יח',,,מגבוני בייביסיטר אקס,יחידה,0.00,יחידה,false,,15.90,0.0000,true,1,240564
7290017088693,false,קוויק מגבונים לניקוי וחיטוי רצפות בניחוח לוונדר 10 יחי',,,קוויק מגבונים לניקוי,יחידה,0.00,יחידה,false,,10.90,0.0000,true,1,239486
7290017088815,false,BREEZE תחבושות לבריחת שתן נורמל(12 יח),בריז Breeze,,תחבושות בריז נורמל 1,יחידה,0.00,יחידה,false,,19.90,0.0000,true,1,244577
7290017088822,false,BREEZE תחבושות לבריחת שתן אקסטרה (10 יח'),בריז Breeze,,תחבושות בריז אקסטרה,יחידה,0.00,יחידה,false,,19.90,0.0000,true,1,244578
7290017088839,false,BREEZE תחבושות לבריחת שתן אקסטרה פלוס (8 יח'),בריז Breeze,,תחבושות בריז אקסטרה,יחידה,0.00,יחידה,false,,19.90,0.0000,true,1,244579
7290017094847,false,סלט תפוחי אדמה אסלי שמיר 400 ג',סלטי שמיר 2006 בעמ,IL,סלט תפוחי אדמה 400 ג,,400.00,,false,,14.90,0.0373,true,1,226548
7290017094861,false,חומוס עם רוטב מסבחה אסלי שמיר 400 ג',סלטי שמיר 2006 בעמ,IL,חומוס עם רוטב מסבחה,,400.00,,false,,14.90,0.0373,true,1,226550
7290017100142,false,כוסיות יין 80CC ספלאש ארוז 50 יח',,,"כוסיות ליין 80 ס""ס",יחידה,0.00,יחידה,false,,8.90,0.0000,true,1,239539
7290017105369,false,סירופ דיאט אייס תה אפרסק 1 ליטר,זנלכל,IL,סירופ דיאט אייס אפרס,,1000.00,,false,,16.90,0.0169,true,1,228091
7290017105383,false,תירס לילדים יכין 3*200 גר',,,תירס קיד יכין שלישיי,,495.00,100 גרם,false,,15.90,0.0321,true,1,239806
7290017105468,false,שלישיית אפונה קטן -,קשקמט קונסרב הונגריה,HU,אפונה גינה יכין Oz2,,600.00,100 גרם,false,,15.90,0.0265,true,1,239188
7290017105550,false,רסק עגבניות מארז 100X4גר',היינץ צפון אמריקה מק,IL,רסק עגבניות 100% מאג,,400.00,100 גרם,false,,11.90,0.0298,true,1,235284
7290017105895,false,גרגרי חומוס להכנת חומוס 550 גרם יכין,זנלכל,IL,גרגרי חומוס מסעדות י,,560.00,100 גרם,false,,9.90,0.0177,true,1,241357
7290017121048,false,פלפל צ'ומה 250 גרם עללחם,"מדשא תעשיות מזון בע""",IL,ממרח פלפל צ'ומה 250,,250.00,100 גרם,false,,13.90,0.0556,true,1,227428
7290017121086,false,"אריסה ביתית מתוקה עללחם, 250 גרם","מדשא תעשיות מזון בע""",IL,אריסה ביתית מתוקה 25,,250.00,100 גרם,false,,13.90,0.0556,true,1,246575
7290017121093,false,אריסה חריפה 250 גרם עללחם,"מדשא תעשיות מזון בע""",IL,ממרח אריסה חריפה 250,,250.00,100 גרם,false,,13.90,0.0556,true,1,227430
7290017129617,false,לקקן קולה לימונדה 50 יח' כרמית,Carmit,,לקקן קולה לימונדה 45,,450.00,100 גרם,false,,14.90,0.0331,true,1,225418
7290017129624,false,לקקן ענבים תפוח 50 יח' כרמית,Carmit,,לקקן ענבים תפוח 450,,450.00,100 גרם,false,,14.90,0.0331,true,1,225419
7290017129754,false,"שוקולד מריר מעולה 70% מוצקי קקאו 100 גר בד""ץ","כד בני דרום בע""מ",IL,אגו שוקולד פרימיום 7,,100.00,100 גרם,false,,8.90,0.0890,true,1,225410
7290017129761,false,"שוקולד פרימיום 70% בטעם תפוז בד""ץ 100 גר'",כרמית תעשיות ממתקים,IL,אגו שוקולד פרימיום 7,,100.00,100 גרם,false,,8.90,0.0890,true,1,225411
7290017129778,false,"שוקולד פרימיום 70% בטעם קפה בד""ץ 100 גר'",כרמית תעשיות ממתקים,IL,אגו שוקולד פרימיום 7,,100.00,,false,,8.90,0.0890,true,1,225412
7290017129839,false,"שוקולד פרימיום 70% בטעם פטל בד""ץ 100 גר'.",כרמית תעשיות ממתקים,IL,אגו שוקולד פרימיום 7,,100.00,,false,,8.90,0.0890,true,1,225413
7290017129846,false,מיני קוקיס בטעם קרמל 600 גר',קריות זול,IL,מיני קוקיס בטעם קרמל,,600.00,100 גרם,false,,17.90,0.0298,true,1,225417
7290017129983,false,שוקולד צ'יפס לבן פרו,"כד בני דרום בע""מ",IL,שוקולד צ'יפס לבן פרו,,250.00,100 גרם,false,,14.90,0.0596,true,1,226114
7290017142111,false,טונה בהירה בשמן זית טו גו 85 ג',,,פתיתי טונה בהירה בשמ,יחידה,0.00,יחידה,false,,9.90,0.0000,true,1,224744
7290017142128,false,"שמן זית כתית מעולה עץ הזית 750 מ""ל",שמן תעשיות,,שמן זית כתית מעולה ק,,750.00,100 גרם,false,,34.90,0.0465,true,1,223579
7290017142159,false,מארז נתחי טונה בהירה בשמן זית 3*80 ג' עץ הזית,הנסיך- מפעל לייצור ט,TH,נתחי טונה בהירה בשמן,,240.00,100 גרם,false,,25.90,0.1079,true,1,224745
7290017142166,false,פילה טונה בשמן זית עץ הזית 120 גר',"יוניקורד ח.צ בע""מ",TH,פילה טונה פרוס עם שמ,,120.00,100 גרם,false,,15.90,0.1325,true,1,227205
7290017142289,false,"תרסיס חמניות ללא גז 200 מ""ל עץ הזית",שמן תעשיות,,תרסיס שמן חמניות עץ,,200.00,100 גרם,false,,17.90,0.0895,true,1,226446
7290017142388,false,שמן חמניות אומגה 3 פלוס 1 ליטר עץ הזית,עץ הזית,,שמן חמניות פלוס 1 לי,ליטרים,1.00,ליטר,false,,17.90,17.9000,true,1,245126
7290017142395,false,ארוחה פסטה עם טונה בשמן זית 160 גר',,,טונה עם פסטה בשמן זי,,160.00,,false,,14.90,0.0931,true,1,239966
7290017142418,false,ארוחה אורז עם עדשים טונה בשמן זית 160 גר',יוניקורד ח.צ בעמ,TH,אורז עם עדשים עם טונ,,160.00,,false,,14.90,0.0931,true,1,239967
7290017142487,false,בורגול וגרגירי חומוס עם טונה בשמן זית,עץ הזית,,בורגול עם גרגירי חומ,,160.00,,false,,14.90,0.0931,true,1,244195
7290017142609,false,תרסיס שמן זית כתית ב,,,תרסיס שמן זית בטעם,,150.00,,false,,19.90,0.1327,true,1,248182
7290017217802,false,"שקיות אוכל 25 ס""מ זוג 2*150 בשרינק",,,שקיות אוכל מארז זוג*,,300.00,100 גרם,false,,8.90,0.0297,true,1,249528
7290017239101,false,פילה סלמון אטלנטי מע,,,פילה סלמון אטלנטי מע,,100.00,100 גרם,false,,23.90,0.2390,true,1,240058
7290017289618,false,"יין פטיט סירה 750 מ""ל אימפרשיאון",יקב טפרברג 1870 בעמ,IL,"יין פטיט סירה 750 מ""",,750.00,100 גרם,false,,49.90,0.0665,true,1,240462
7290017297330,false,"טל רוטב עגבניות מרוכז, 240 גרם",טל וטרי,,רוטב עגבניות מרוכז ט,,260.00,100 גרם,false,,4.90,0.0188,true,1,249227
7290017297620,false,רסק עגבניות A2 BX22 טל וטרי 570 גר',"מילוז(1989)בע""""מ",,רוטב עגבניות מרוכז 2,,570.00,100 גרם,false,,7.90,0.0139,true,1,245975
7290017297637,false,רכז עגבניות A2 BX28 טל וטרי 580 גר',"מילוז(1989)בע""""מ",,רוטב עגבניות מרוכז 2,,580.00,100 גרם,false,,8.90,0.0153,true,1,245976
7290017303482,false,מלאווח 700 גרם-שחף,,,מלאווח 700 גרם שחף,,700.00,100 גרם,false,,15.90,0.0227,true,1,248094
7290017303499,false,בורקס פטריות שחף 800,,,בורקס פטריות שחף 800,,800.00,,false,,15.90,0.0199,true,1,248170
7290017440279,false,"ד""ר פישר - קידס אל סבון ויטמינים 750 מ""ל",,IL,אל סבון קידס פישר 75,,750.00,,false,,17.90,0.0239,true,1,234539
7290017440323,false,"ד""ר פישר - קידס שמפו + מרכך ויטמינים 750 מ""ל","ד""ר פישר Dr fischer",,שמפו +מרכך קידס פישר,,750.00,,false,,17.90,0.0239,true,1,234542
7290017457567,false,"סוד מרכך כביסה מרוכז 600מ""ל ELAGANCE SUPREME",,,מרכך כביסה מרוכז סופ,,600.00,,false,,13.90,0.0232,true,1,227758
7290017457727,false,"סוד - מרכך כביסה מרוכז פרש סקיי 900 מ""ל",הנקל סוד,IL,סוד מרכך מרוכז כחול,,900.00,100 גרם,false,,14.90,0.0166,true,1,227759
7290017457734,false,"סוד - מרכך כביסה מרוכז ווילד רוז 900 מ""ל",הנקל סוד,IL,סוד מרכך מרוכז ורוד,,900.00,,false,,14.90,0.0166,true,1,227764
7290017457826,false,קפסולות גל כביסה פרס,,,פרסיל קפסולות ג'ל לכ,יחידה,0.00,יחידה,false,,39.90,0.0000,true,1,243269
7290017457932,false,סוד מרכך כביסה מרוכז פרש קונטרול כחול,הנקל סוד,IL,סוד מרכך מרוכז פרש ב,,900.00,,false,,14.90,0.0166,true,1,242824
7290017470184,false,קשים עבים במיוחד שחו,,CN,קשים ארומה 100 יח',,100.00,,false,,11.90,0.1190,true,1,244683
7290017470771,false,קערה בועות שקופה בנונית לאירוח,,CN,קערה לאירוח קשיחה וש,יחידה,0.00,יחידה,false,,11.90,0.0000,true,1,234077
7290017477169,false,קשיו קלוי ששון הקולה,ששון,IL,קשיו קלוי ששון הקולה,,250.00,100 גרם,false,,20.00,0.0800,true,1,247453
7290017477275,false,גרעיני חמנייה קלופים,דין שיווק,,גרעיני חמנייה קלופים,,200.00,,false,,10.00,0.0500,true,1,224922
7290017477282,false,גרעיני דלעת קלופים קלויים 200 ג',דין שיווק,,גרעיני דלעת קלופים ק,,200.00,100 גרם,false,,10.00,0.0500,true,1,224923
7290017477299,false,ג'עלה 200 גרם.,דין שיווק,,ג'עלה 200 גרם.,,200.00,,false,,10.00,0.0500,true,1,224924
7290017477305,false,זרעי ציה 250 גר שקדי,דין שיווק,IL,זרעי צ'יה 250 גרם.,,250.00,100 גרם,false,,10.00,0.0400,true,1,224925
7290017477350,false,תערובת לסלט ירוק 200גר,דין שיווק,,תערובת לסלט ירוק 200,,200.00,,false,,10.00,0.0500,true,1,224930
7290017513775,false,פליפז בייגלה מצופה שוקולד חלב 140 גרם,שוורצקוף& הנקל דיסלד,TR,בייגלה מצופה שוקולד,,140.00,,false,,9.90,0.0707,true,1,241984
7290017513782,false,פליפז בייגלה מצופה שוקולד מריר 140 גרם,שוורצקוף& הנקל דיסלד,TR,בייגלה מצופה שוקולד,,140.00,,false,,9.90,0.0707,true,1,241985
7290017589633,false,יין רזרב קברנה סוביניון Gold Edition,יקבי ברקן Barkan,IL,יין רזרב ברקן גולד א,,750.00,,false,,49.90,0.0665,true,1,227126
7290017599229,false,ממתיק סוכרלוז 200 טבליות סוכרזית,"סוכרזית בע""מ",IL,סוכרזית סוכרלוז 200,,200.00,,false,,25.90,0.1295,true,1,245629
7290017599281,false,סוכרזית סטיוויה פלוס 100 שקיות,,,סוכרזית סטיוויה פלוס,יחידה,0.00,יחידה,false,,39.90,0.0000,true,1,249231
7290017617138,false,נתחי טונה בהירה בשמן קנולה דל נתרן - מארז 4 יח',סטארקיסט פודור,,טונה סטארקיסט בשמן ק,,640.00,,false,,25.90,0.0405,true,1,242862
7290017617411,false,מיקס סלמון עם אורז מלא וירקות 160 ג' סטארקיסט,סטארקיסט Starkist,PL,סטארקיסט מיקס סלמון,,160.00,100 גרם,false,,15.90,0.0994,true,1,248550
7290017617428,false,"סטארקיסט נתחי סלמון עם פסטה, עגבניות וזיתים פיקנטי",סטארקיסט Starkist,PL,סטארקיסט מיקס סלמון,,160.00,100 גרם,false,,15.90,0.0994,true,1,248551
7290017675015,false,טחינה היונה 450 גרם,היוצר,IL,טחינה היונה 450 גרם,,450.00,100 גרם,false,,15.90,0.0353,true,1,239610
7290017682341,false,ספוג סקוטש גדול 5יח',,,ספוג סקוטש גדול 5יח',יחידה,0.00,יחידה,false,,6.90,0.0000,true,1,242841
7290017682556,false,"שיפוד עובי 30 ס""מ 80 יחי",,,שיפודים עבה 30סמ,יחידה,0.00,יחידה,false,,3.90,0.0000,true,1,242121
7290017696409,false,פטריות פורטובלה,,,פטריות פורטובלה,יחידה,0.00,יחידה,false,,12.90,0.0000,true,1,226783
7290017715261,false,פתיתים בצורת אורז תו,קריות זול,,פתיתים בצורת אורז תו,,500.00,,false,,5.90,0.0118,true,1,249548
7290017715278,false,פתיתים בצורת קוסקוס,קריות זול,,פתיתים בצורת קוסקוס,,500.00,100 גרם,false,,5.90,0.0118,true,1,249549
7290017812052,false,יין שיראז קברנה סוביניון אקסלנס Excellence,יקבי כרמל Carmel Winery,IL,יין אקסלנס שיראז-קבר,,750.00,100 גרם,false,,25.90,0.0345,true,1,226641
7290017812069,false,יין אמרלד ריזלינג שרדונה אקסלנס Excellence,יקבי כרמל Carmel Winery,IL,יין אקסלנס ריזלינג-ש,,750.00,100 גרם,false,,25.90,0.0345,true,1,226642
7290017812571,false,מיץ ענבים אדום 100% טבעי 1 ליטר,יקבי כרמל Carmel Winery,IL,מיץ ענבים אדום 100%,,1000.00,100 גרם,false,,19.90,0.0199,true,1,239489
7290017812618,false,מיץ ענבים תירוש רוזה 1 ליטר.,קריות זול,,תירוש מיץ ענבים רוזה,,1000.00,,false,,19.90,0.0199,true,1,239497
7290017812663,false,מיץ ענבים טבעי מבעבע לבן,מנדלז סי.אר. פרודקשן,IL,תירוש מבעבע לבן 750,,750.00,100 גרם,false,,19.90,0.0265,true,1,244181
7290017812861,false,"יין וינו לבן יבש 750 מ""ל",קריות זול,IL,יין וינו לבן יבש 750,,750.00,,false,,21.90,0.0292,true,1,243421
7290017812878,false,"יין אקסלנס רוזה 750 מ""ל",קריות זול,IL,יין אקסלנס רוזה 750,,750.00,100 גרם,false,,25.90,0.0345,true,1,243420
7290017870465,false,מכסים לתבנית אלומיני,,,מכסים לתבנית אלומיני,יחידה,0.00,יחידה,false,,6.90,0.0000,true,1,244383
7290017870625,false,"כוס יהלום 250 מ""ל א",,,"כוס יהלום 250 מ""ל א",יחידה,0.00,יחידה,false,,15.90,0.0000,true,1,244374
7290017870731,false,צלחת 7 מתכלה מעץ דקל 10 יח',HINDUSTAN ARECA PROD,IN,"צלחת 7"" מתכלה מעץ ד",יחידה,0.00,יחידה,false,,14.90,0.0000,true,1,245909
7290017871363,false,"סבון ידיים מועשר בשמן מקדמיה פמלי 500 מ""ל יהלום",המאפיה של הרמן,TR,פמלי יהלום סבון ידיי,,500.00,,false,,9.90,0.0198,true,1,240895
7290017871370,false,"סבון ידיים מועשר בשמן אבוקדו פמלי 500 מ""ל יהלום",המאפיה של הרמן,TR,פמלי יהלום סבון ידיי,,500.00,,false,,9.90,0.0198,true,1,240896
7290017871967,false,גלי טוסו בטעם אננס 2,קריות זול,IL,ג'לי בטעם אננס 25 גר,,25.00,100 גרם,false,,10.90,0.4360,true,1,240849
7290017872162,false,טוסו עוגיות אגוזי לוז 200 ג',היינץ צפון אמריקה מק,IL,טוסו עוגיות אגוזי לו,,200.00,100 גרם,false,,15.90,0.0795,true,1,240832
7290017872186,false,עוגיות פקאן ללא תוספת סוכר,היינץ צפון אמריקה מק,IL,טוסו עוגיות פקאן ללא,,200.00,100 גרם,false,,15.90,0.0795,true,1,240834
7290017888095,false,"רביעיית פחיות שוופס מוגז עדין פירות יער 330 מ""ל.",יפאורה תבורי,IL,שוופס מוגז עדין פירו,,1320.00,100 גרם,false,,15.90,0.0120,true,1,227461
7290017888101,false,"שוויפס מוגז עדין אפרסק מארז רביעייה* 330 מ""ל",יפאורה תבורי,IL,שוופס מוגז עדין אפרס,,1320.00,100 גרם,false,,15.90,0.0120,true,1,227462
7290017888354,false,מים מינרליים בקבוק ס,"מי עדן בע""מ",,מי עדן 750מל,,750.00,,false,,3.50,0.0047,true,1,243032
7290017888729,false,שוופס סודה בקבוק 1 ל',"יפאורה תבורי בע""מ",IL,שוופס סודה בקבוק 1 ל,,1000.00,,false,,3.90,0.0039,true,1,240702
7290017888972,false,מי עדן 1 ליטר פקק ספורט בודד,מופק ממקור בזלתי עדן,IL,מי עדן 1 ליטר פקק ספ,,1000.00,,false,,3.90,0.0039,true,1,240965
7290017928463,false,סמאש- שבורים בטעם דבש חרדל ובצל 300גרם,מאיר בייגל,,סמאש- שבורים בטעם ד,,300.00,,false,,13.90,0.0463,true,1,244835
7290017928661,false,סמאש שבורים בטעם צ'דר ובצל 300 גרם,מאיר בייגל,,סמאש- שבורים בטעם צ',,300.00,,false,,13.90,0.0463,true,1,244837
7290017946382,false,סוד - קפסולות ג'ל לכביסה 28 יח',קריות זול,,סוד קפסולות ג'ל לכבי,יחידה,0.00,יחידה,false,,29.90,0.0000,true,1,246103
7290017946979,false,ג'ל מרוכז לכביסה מנטרל ריחות 2.4 ל' פרסיל,פרסיל Persil,,פרסיל ג'ל כביסה נטרו,ליטרים,2.40,ליטר,false,,34.90,14.5417,true,1,243270
7290017969091,false,לפתניות 25 יחידות שמאי,,,לפתניות 25 יחידות,יחידה,0.00,יחידה,false,,7.90,0.0000,true,1,234828
7290017969237,false,פלסטרים 25 יח מעוצבים לילדים ר.שמאי,,,פלסטרים 25יח מודפסים,יחידה,0.00,יחידה,false,,5.90,0.0000,true,1,241196
7290017969244,false,פלסטרים 25 יח בצבעים שונים ר. שמאי,,,פלסטרים 25יח צבעים ש,יחידה,0.00,יחידה,false,,5.90,0.0000,true,1,241198
7290017969299,false,קיסמי שיניים במבוק 500 יח',,,קיסמי שיניים 500 יח',יחידה,0.00,יחידה,false,,5.50,0.0000,true,1,246965
7290017969978,false,כוס מרוקאית צבעונית 40 יח',,,כוס מרוקאית 40 יח,יחידה,0.00,יחידה,false,,13.90,0.0000,true,1,244422
7290017973074,false,ריבת אפרסק מעובד 900,,,ריבת אפרסק מעובד 900,,900.00,100 גרם,false,,24.90,0.0277,true,1,227507
7290017973098,false,ריבת שזיף מעובד 900,,,ריבת שזיף מעובד 900,,900.00,100 גרם,false,,24.90,0.0277,true,1,227509
7290017978215,false,קרמבו ריאו בטעם מוקה 16יח',"גלידות ריאו ביח""ר לג",IL,קרמבו ריאו מוקה 16 י,יחידה,0.00,יחידה,false,,22.90,0.0000,true,1,241454
7290018043189,false,פראוד - חטיף חלבון בטעם קשיו קרמל 60 גרם,מרס נדרלנד,NL,חטיף חלבון קשיו קרמל,,60.00,100 גרם,false,,12.90,0.2150,true,1,247939
7290018045084,false,דגנים במילוי קרם בטעם בראוניז 480 ג' BON & BON,,DE,דגני בוקר בון בון במ,,480.00,100 גרם,false,,23.90,0.0498,true,1,246653
7290018045497,false,דגנים במילוי קרם שוקולד 480 ג' BON & BON,,,דגני בוקר בון בון במ,,480.00,100 גרם,false,,23.90,0.0498,true,1,246650
7290018045695,false,דגנים במילוי קרם קרמל מלוח 480 ג' BON & BON,,DE,דגני בוקר בון בון במ,,480.00,100 גרם,false,,23.90,0.0498,true,1,246652
7290018050408,false,אגוזי פיסטוק קלויים ומומלחים 160 גרם,,,אגוזי פיסטוק קלויים,,160.00,100 גרם,false,,15.00,0.0938,true,1,241909
7290018050453,false,קשיו טבעי קופסא 220,שקרצי,IL,קשיו טבעי קופסא 220,,220.00,100 גרם,false,,15.00,0.0682,true,1,241947
7290018050460,false,קשיו קלוי קופסא 200,,,קשיו קלוי קופסא 200,,200.00,100 גרם,false,,15.00,0.0750,true,1,241948
7290018050484,false,אגוזי מלך קלופים טבעיים 150 גרם,,,אגוז מלך קלופים טבעי,,150.00,100 גרם,false,,10.00,0.0667,true,1,241911
7290018050491,false,אלמונדוס קופסא 220 ג,,,אלמונדוס קופסא 220 ג,,220.00,100 גרם,false,,10.00,0.0455,true,1,241912
7290018050514,false,בוטן מטוגן קופסא 240,,,בוטן מטוגן קופסא 240,,240.00,,false,,10.00,0.0417,true,1,241913
7290018050545,false,גרעיני אבטיח קלויים ומומלחים 140 גרם,,,גרעיני אבטיח קלויים,,140.00,100 גרם,false,,10.00,0.0714,true,1,241915
7290018050552,false,גרעיני דלעת קלופים טבעיים 240 גרם,,,גרעיני דלעת קלופים ט,,240.00,100 גרם,false,,10.00,0.0417,true,1,241916
7290018050569,false,גרעיני חמניה קלופים טבעיים 400 גרם,,,גרעיני חמנייה קלופים,,400.00,100 גרם,false,,10.00,0.0250,true,1,241917
7290018050583,false,חמוציות ברכז פרי 180 גר',,,חמוציות ברכז פרי קופ,,180.00,100 גרם,false,,10.00,0.0556,true,1,241919
7290018050613,false,צימוקים כהים קופסא 3,שקרצי,IL,צימוקים כהים קופסא 3,,300.00,100 גרם,false,,10.00,0.0333,true,1,241922
7290018050620,false,צימוקים בהירים קןפסא,,,צימוקים בהירים קןפסא,,220.00,100 גרם,false,,10.00,0.0455,true,1,241923
7290018050637,false,בוטנים אמריקאים - בוטנים מצופים 300 גרם,,,בוטנים אמריקאים מצופ,,300.00,100 גרם,false,,10.00,0.0333,true,1,241924
7290018050644,false,קבוקים - בוטנים מצופים 300 גרם,,,קבוקים-בוטנים מצופים,,300.00,100 גרם,false,,10.00,0.0333,true,1,241925
7290018050675,false,שקד קלוי קופסא 210 ג,,,שקד קלוי קופסא 210 ג,,210.00,100 גרם,false,,15.00,0.0714,true,1,241927
7290018050682,false,שקד חצאים מולבן 130 גרם,,,שקד חצאים מולבן קופס,,130.00,100 גרם,false,,10.00,0.0769,true,1,241928
7290018050699,false,שקדים טבעיים קלופים 230 גרם,,,שקדים טבעיים קלופים,,230.00,100 גרם,false,,15.00,0.0652,true,1,241929
7290018050705,false,שבבי שקדים מולבנים 130 גרם,,,שבבי שקדים מולבנים ק,,130.00,100 גרם,false,,10.00,0.0769,true,1,241930
7290018050712,false,שקדים מולבנים פרוסים 130 גרם,,,שקדים מולבנים פרוסים,,130.00,100 גרם,false,,10.00,0.0769,true,1,241931
7290018050750,false,מיקס אגוזים וחמוציות מיובשות ומסוכרות 130 גרם,,,מיקס אגוזים חמצוציות,,130.00,100 גרם,false,,10.00,0.0769,true,1,241934
7290018050767,false,מיקס מאקס-חטיפי אורז,,,מיקס מאקס-חטיפי אורז,,300.00,100 גרם,false,,10.00,0.0333,true,1,241935
7290018050774,false,מיאסי (בוטנים מצופים,,,מיאסי (בוטנים מצופים,,270.00,100 גרם,false,,10.00,0.0370,true,1,241936
7290018050781,false,אפונה מטוגנת קופסא 3,,,אפונה מטוגנת קופסא 3,,320.00,100 גרם,false,,10.00,0.0313,true,1,241937
7290018050811,false,חטיף תירס ברביקיו 220 גר',,,חטיף תירס ברביקיו קו,,220.00,100 גרם,false,,10.00,0.0455,true,1,241938
7290018050828,false,חטיף חטיפול קופסא 22,,,חטיף חטיפול קופסא 22,,220.00,100 גרם,false,,10.00,0.0455,true,1,241939
7290018050835,false,בוטנים קלויים ומומלחים 250 גרם,,,בוטנים קלויים ומומלח,,250.00,100 גרם,false,,10.00,0.0400,true,1,241940
7290018050842,false,שקדים בקרמל קופסא 20,,,שקדים בקרמל קופסא 20,,200.00,100 גרם,false,,15.00,0.0750,true,1,241950
7290018050866,false,בוטנים בכרמל קופסא 2,,,בוטנים בכרמל קופסא 2,,200.00,100 גרם,false,,10.00,0.0500,true,1,241941
7290018091074,false,בצק עוגיות שוקולד צ'יפס 300ג' מעדנות,מעדנות,,בצק עוגיות שוקולד צ',,300.00,100 גרם,false,,18.90,0.0630,true,1,247645
7290018091234,false,פיצה מקסיקנית מעדנות 260 ג',מעדנות בעמ,IL,פיצה מקסיקנית מעדנות,,260.00,,false,,14.90,0.0573,true,1,242375
7290018091272,false,בצק עוגיות קקאו טריפל שוקולד צ'יפס 300ג',מעדנות,TR,בצק עוגיות קקאו טריפ,,300.00,100 גרם,false,,18.90,0.0630,true,1,247646
7290018091616,false,מקלות פילו גבינה מעדנות 450 ג',מיוצר עי קונדיטוריית,IL,מקלות פילו גבינה 450,,450.00,,false,,16.90,0.0376,true,1,241322
7290018091876,false,"מאפה פילו גבינה, 320 גרם מעדנות","מעדנות בע""מ",IL,מאפה פילו גבינה מעדנ,,320.00,,false,,19.90,0.0622,true,1,247525
7290018098240,false,מרק ירקות+חלבון ירוק,פרוטלנד,IL,מרק ירקות+חלבון ירוק,,500.00,,false,,17.90,0.0358,true,1,249237
7290018098257,false,מרק שעועית+חלבון ירו,פרוטלנד,IL,מרק שעועית+חלבון ירו,,500.00,100 גרם,false,,17.90,0.0358,true,1,249238
7290018098264,false,מרק מינסטרונה +חלבון,,,מרק מינסטרונה +חלבון,,500.00,,false,,17.90,0.0358,true,1,249239
7290018098493,false,פיצה טבעונית משפחתית זיתים 350 גרם MILK FREE,נטורל קייקס,IL,פיצה משפחתית זיתים 3,,350.00,100 גרם,false,,22.90,0.0654,true,1,248604
7290018098653,false,מרק מינסטרונה ירוק ת,פרוטלנד,IL,מרק אפונה +חלבון ירו,,500.00,100 גרם,false,,17.90,0.0358,true,1,249456
7290018115022,false,אבוקדו מוכן לאכילה,,,אבוקדו מוכן לאכילה,יחידה,0.00,יחידה,false,,7.90,0.0000,true,1,243017
7290018131558,false,מאגדת מיני בייטס אור,שוורצקוף& הנקל דיסלד,PL,מאגדת מיני בייטס אור,,240.00,100 גרם,false,,19.90,0.0829,true,1,244495
7290018165027,false,"יין ברקן רזרב גולד רוזה 750 מ""ל",יקבי ברקן שיווק והפצ,IL,יין רזרב ברקן גולד ר,,750.00,,false,,49.90,0.0665,true,1,239797
7290018165447,false,"יין רזרב גולד מרלו 750 מ""ל",יקבי ברקן שיווק והפצ,IL,יין רזרב גולד מרלו 7,,750.00,100 גרם,false,,49.90,0.0665,true,1,243385
7290018192658,false,מארז זוג פטריות פורטובלה ושמפיניון מרינה,"מרינה פטריות הגליל בע""מ",IL,פטריות צמד חמד איטלק,יחידה,0.00,יחידה,false,,15.90,0.0000,true,1,242377
7290018195178,false,שוקולד מריר 62% קקאו 100 גר' טעמן,אס.קיי ראיס אינטרנשי,PL,שוקולד מריר 62% 100,,100.00,100 גרם,false,,6.90,0.0690,true,1,247492
7290018198056,false,"קוביות תפוחי אדמה תפוגן 1.5 ק""ג",עיצובים 2020 (4.5),,תפוגן קוביות תפוחי א,,1500.00,100 גרם,false,,26.90,0.0179,true,1,240535
7290018198148,false,"תפוגן קריספי צ'יפס קלאסי 1.25 ק""ג",עיצובים 2020 (4.5),,תפוגן קריספי צ'יפס ק,,1250.00,,false,,25.90,0.0207,true,1,243924
7290018198254,false,"תפוגן קריספי צ'יפס פוטטוס 1.25 ק""ג",עיצובים 2020 (4.5),,תפוגן קריספי צ'יפס פ,,1250.00,100 גרם,false,,25.90,0.0207,true,1,243925
7290018204092,false,ספוג רחצה סאקי ג'נטלנס,,,ספוג רחצה סאקי,יחידה,0.00,יחידה,false,,9.90,0.0000,true,1,241194
7290018213254,false,שלישיית מגבות מטבח עבות SHINY,,,שלישיית מגבות מטבח ע,יחידה,0.00,יחידה,false,,12.90,0.0000,true,1,242839
7290018213353,false,מטליות לרצפה בניחוח,,,מטליות לחות לרצפה 10,יחידה,0.00,יחידה,false,,9.90,0.0000,true,1,248168
7290018213995,false,3 מטליות מיקרופייבר,,,3 מטליות מיקרופייבר,יחידה,0.00,יחידה,false,,12.90,0.0000,true,1,248095
7290018237281,false,עוף טוב נקניק סלמי ירדן 550 גר',,,נקניק סלמי ירדן עוף,,550.00,,false,,24.90,0.0453,true,1,247245
7290018237410,false,פסטרמה במעשנה נתח שלם עוף טוב 300 ג',מולינו ניקולי s.p.a,IL,פסטרמה במעשנה מנתח ש,,300.00,100 גרם,false,,27.90,0.0930,true,1,247236
7290018237496,false,פסטרמה בדבש דקדק 220 גר,עיצובים 2020 (4.9),IL,פסטרמה בדבש דק-דק 22,,220.00,,false,,21.90,0.0995,true,1,247244
7290018237922,false,שניצלונים ציפוי ציפס עוף טוב 700 גר',עיצובים 2020 (4.9),IL,שניצלונים בציפוי ציפ,,700.00,100 גרם,false,,19.90,0.0284,true,1,247339
7290018237939,false,שניצלונים ציפוי שומשום עוף טוב 700 גר',עיצובים 2020 (4.9),IL,שניצלונים בציפוי שומ,,700.00,,false,,19.90,0.0284,true,1,247338
7290018294208,false,"סלקטד אדום יין ישראלי, 750 מ""ל","כד בני דרום בע""מ",IL,יין סלקטד אדום ישראל,,750.00,100 גרם,false,,29.90,0.0399,true,1,245023
7290018294352,false,"ארק יקבי כרמל 700 מ""",יקבי כרמל Carmel Winery,IL,ארק 37.5% כרמל 700,,700.00,,false,,49.90,0.0713,true,1,248359
7290018294901,false,מונלייט אדום יבש 750 מל',יקבי כרמל Carmel Winery,IL,מונלייט אדום יבש כרמ,,750.00,100 גרם,false,,34.90,0.0465,true,1,248357
7290018294918,false,מונלייט מוסקטו רוזה מתוק מבעבע 750מל,יקבי כרמל Carmel Winery,IL,מונלייט מוסקט ורוד מ,,750.00,,false,,34.90,0.0465,true,1,248358
7290018307212,false,תבנית רוסטר גדול 2 י,,,תבנית רוסטר גדול 2 י,יחידה,0.00,יחידה,false,,10.90,0.0000,true,1,246595
7290018359495,false,תירס מהשדה בלי תוספת סוכר יכין 550 גר',היינץ צפון אמריקה מק,IL,תירס מהשדה בלי תוספת,,550.00,,false,,10.90,0.0198,true,1,242764
7290018359518,false,תירס מהשדה בלי תוספת סוכר יכין מארז 200X3 גר',,,תירס מהשדה בלי תוספת,,600.00,100 גרם,false,,15.90,0.0265,true,1,242765
7290018359587,false,חומוס הקטניה הטובה י,,,חומוס הקטניה הטובה י,,200.00,100 גרם,false,,12.90,0.0645,true,1,243279
7290018359679,false,הקיסרית- שעועית לימה,קריות זול,,הקיסרית- שעועית לימה,,550.00,100 גרם,false,,9.90,0.0180,true,1,246952
7290018359686,false,יכין חומוס ענק 550 גר,היינץ צפון אמריקה מק,IL,חומוס ענק יכין 550 ג,,550.00,100 גרם,false,,9.90,0.0180,true,1,246953
7290018359716,false,רוטב פיצה טוסקנה יכין 240 גר',"זנלכל בע""מ",IL,רוטב פיצה טוסקנה יכי,,240.00,100 גרם,false,,6.90,0.0288,true,1,243598
7290018359853,false,עדשים שחורות יכין 400 גר',"זנלכל בע""מ",IL,עדשים שחורות יכין 40,,400.00,100 גרם,false,,6.90,0.0173,true,1,246951
7290018359945,false,חאריפה רוטב פיקנטי מפלפלים וירקות 400גר,יכין,IL,חאריפה רוטב פיקנטי מ,,400.00,100 גרם,false,,11.90,0.0298,true,1,249032
7290018359952,false,רוטב עגבניות לפסטה יכין 400 גרם,יכין,IL,רוטב עגבניות לפסטה י,,400.00,100 גרם,false,,11.90,0.0298,true,1,249033
7290018359969,false,רוטב עגבניות לפיצה יכין 400 גרם,יכין,IL,רוטב עגבניות לפיצה,,400.00,100 גרם,false,,11.90,0.0298,true,1,249034
7290018380505,false,"אורז פרסי לבן ארוך 1 קג ""20X",,,"אורז פרסי ארוך 1 ק""ג",,1000.00,100 גרם,false,,9.90,0.0099,true,1,244623
7290018380628,false,צלפים שלמים עם גבעול,,,צלפים שלמים עם גבעול,,370.00,,false,,10.90,0.0295,true,1,247983
7290018380925,false,פרוזן שעועית ירוקה עדינה 800 גר' רובין,,,פרוזן שעועית ירוקה ע,,800.00,100 גרם,false,,12.90,0.0161,true,1,248956
7290018380932,false,פרוזן אפונה אקסטרא עדין 600 גר' רובין,,,פרוזן אפונה אקסטרא ע,,600.00,,false,,12.90,0.0215,true,1,248954
7290018400807,false,טברנה יוונית סנפרוסט,סנפרוסט,,טברנה יוונית סנפרוסט,,800.00,100 גרם,false,,23.90,0.0299,true,1,242673
7290018440209,false,בייגלה בציפוי פאדג' לבן פליפז 140 גר',שוורצקוף& הנקל דיסלד,TR,בייגלה בציפוי פאד'ג,,140.00,100 גרם,false,,9.90,0.0707,true,1,243055
7290018440223,false,חווית הצ'אי- מסאלה עוצמתי,קריות זול,IL,תה חווית צאי מסאלה 2,יחידה,0.00,יחידה,false,,21.90,0.0000,true,1,246602
7290018468418,false,"פסטרמה צמחונית בטעם מפולפל, 120 גרם",טיב טירת צבי 2000,IL,פסטרמה צמחונית בטעם,,120.00,100 גרם,false,,19.90,0.1658,true,1,249661
7290018468425,false,נקניק טבעוני בטעם מעושן,טיב טירת צבי 2000,IL,נקניק טבעוני בטעם פי,,100.00,100 גרם,false,,19.90,0.1990,true,1,249658
7290018468432,false,"נקניק טבעוני בטעם מעושן, 100 גרם",טיב טירת צבי 2000,IL,נקניק טבעוני בטעם מע,,100.00,100 גרם,false,,19.90,0.1990,true,1,249659
7290018471029,false,"סודה בטעם לימון - מארז 6 בקבוקים 500 מ""ל",יפאורה תבורי בעמ,IL,שוופס סודה לימון מאר,,3000.00,,false,,15.90,0.0053,true,1,242588
7290018471180,false,פרוט&ווג אננס תפוח גזר 1 ליטר,פרוט אנד וג' Fruit & Veg,IL,פרוט & ווג' אננס תפו,,1000.00,,false,,13.90,0.0139,true,1,243732
7290018471197,false,פרוט&ווג' תפוח בננה מלון נענע 1 ליטר,פרוט אנד וג' Fruit & Veg,IL,פרוט & ווג' תפוח בננ,,1000.00,,false,,13.90,0.0139,true,1,243733
7290018471210,false,ספרינג קרטונית אגס סברס תפוח 1 ליטר,"יפאורה תבורי בע""מ",IL,ספרינג אגס סברס תפוח,,1000.00,100 גרם,false,,7.90,0.0079,true,1,243731
7290018471302,false,"מארז רביעייה שוויפס טוניק 250מ""ל",יפאורה תבורי בעמ,IL,"שוופס טוניק 4*250מ""ל",,1000.00,,false,,22.90,0.0229,true,1,243267
7290018471319,false,"מארז רביעייה שוויפס ביטר למון 250מ""ל",יפאורה תבורי בעמ,IL,שוופס ביטר למון 4*25,,1000.00,100 גרם,false,,22.90,0.0229,true,1,243266
7290018471395,false,פרוט&ווג' תפוח רימון סלק ג'ינג'ר 1 ליטר,פרוט אנד וג' Fruit & Veg,IL,פרוט & ווג' תפוח רימ,,1000.00,100 גרם,false,,13.90,0.0139,true,1,243734
7290018471401,false,פרוט&ווג' אננס בננה כורכום 1 ליטר,פרוט אנד וג' Fruit & Veg,IL,פרוט & ווג' אננס בננ,,1000.00,,false,,13.90,0.0139,true,1,243735
7290018471463,false,תפוזינה נקטר תפוז מנגו קרטונית 1 ליטר,"יפאורה תבורי בע""מ",IL,תפוזינה נקטר תפוז מנ,,1000.00,,false,,7.90,0.0079,true,1,244261
7290018471470,false,תפוזינה נקטר תפוז פסיפלורה קרטונית 1 ליטר,"יפאורה תבורי בע""מ",IL,תפוזינה נקטר תפוז פס,,1000.00,100 גרם,false,,7.90,0.0079,true,1,244262
7290018471487,false,תפוזינה נקטר תפוז אננס קרטונית 1 ליטר,"יפאורה תבורי בע""מ",IL,תפוזינה נקטר תפוז אנ,,1000.00,,false,,7.90,0.0079,true,1,244259
7290018471494,false,תפוזינה משקה תפוז גזר קרטונית 1 ליטר,"יפאורה תבורי בע""מ",IL,תפוזינה משקה תפוז גז,,1000.00,,false,,7.90,0.0079,true,1,244263
7290018471692,false,ספרינג שייק בננה אננס קוקוס פירות יער קרטונית 1 ליטר,"יפאורה תבורי בע""מ",IL,ספרינג שייק בננה אננ,,1000.00,,false,,13.60,0.0136,true,1,244880
7290018471906,false,שוופס מוגז פירות לימונדה ורודה 1.5 ליטר פיקדון,"יפאורה תבורי בע""מ",IL,שוופס מוגז לימונדה ו,,1500.00,,false,,9.90,0.0066,true,1,246161
7290018471913,false,שוופס מוגז פירות תפוחים 1.5 ל',"יפאורה תבורי בע""מ",IL,שוופס מוגז תפוחים 1.,,1500.00,,false,,9.90,0.0066,true,1,246158
7290018471920,false,שוופס מוגז פירות ענבים 1.5 ליטר פיקדון,"יפאורה תבורי בע""מ",IL,שוופס מוגז ענבים 1.5,,1500.00,100 גרם,false,,9.90,0.0066,true,1,246162
7290018471937,false,שוופס מוגז פירות תות ליים 1.5 ליטר פיקדון,"יפאורה תבורי בע""מ",IL,שוופס מוגז פירות תות,,1500.00,100 גרם,false,,9.90,0.0066,true,1,246163
7290018471944,false,שוופס מוגז פירות לימונייד 1.5 ליטר פיקדון,"יפאורה תבורי בע""מ",IL,שוופס מוגז למונייד 1,,1500.00,100 גרם,false,,9.90,0.0066,true,1,246159
7290018471951,false,שוופס מוגז פירות אשכולית אדומה 1.5 ליטר פיקדון,"יפאורה תבורי בע""מ",IL,שוופס מוגז אשכולית א,,1500.00,,false,,9.90,0.0066,true,1,246160
7290018493144,false,"ד""ר פישר אל סבון נוזלי לידיים קמיל ש ארגן 1 ל'",,,קמיל אל סבון לניקוי,,1000.00,,false,,16.90,0.0169,true,1,242992
7290018507438,false,שניצים נתחי חזה עוף,תנובה גליל שותפות מו,IL,שניצים נתחי חזה עוף,,600.00,,false,,44.90,0.0748,true,1,247108
7290018542231,false,"צלחת 7.5"" פרמיום לבנ",,,"צלחת 7.5"" פרמיום לבנ",יחידה,0.00,יחידה,false,,17.90,0.0000,true,1,245916
7290018542255,false,"צלחת 10"" פרמיום לבנ",,,"צלחת 10"" פרמיום לבנ",יחידה,0.00,יחידה,false,,29.90,0.0000,true,1,245917
7290018542262,false,מרקיה פרמיום לבנה עם,,,מרקיה פרמיום לבנה עם,יחידה,0.00,יחידה,false,,17.90,0.0000,true,1,245918
7290018542965,false,"צלחת מתכלה 9"" סדרת שמש אר 20 יח' דנטס",,,"צלחת מתכלה 9"" סדרת ש",יחידה,0.00,יחידה,false,,16.90,0.0000,true,1,249273
7290018542972,false,"צלחת מתכלה 10"" סדרת שמש אר 20 יח' דנטס",,,צלחת מתכלה 10' סדרת,יחידה,0.00,יחידה,false,,19.90,0.0000,true,1,249274
7290018542989,false,"קערה עגולה מתכלה 7.5"" סדרת שמש אר 20 יח' דנטס",,,קערה עגולה מתכלה 7.5,יחידה,0.00,יחידה,false,,15.90,0.0000,true,1,249275
7290018542996,false,"קערה אובלית מתכלה 7.5"" סדרת שמש אר 20 יח' דנטס",,,קערה אובלית מתכלה 7.,יחידה,0.00,יחידה,false,,15.90,0.0000,true,1,249277
7290018564592,false,שף הטבע שום כתוש בצנ,בני דרום,IL,שום כתוש בצנצנת שף ה,,200.00,100 גרם,false,,15.90,0.0795,true,1,247380
7290018564622,false,שף הטבע שום כתוש טבל,בני דרום,IL,שום כתוש טבליות שף ה,,80.00,,false,,10.90,0.1363,true,1,245687
7290018564684,false,ממרח פסטו בזיליקום ו,,,ממרח פסטו בזיליקום ו,,200.00,100 גרם,false,,14.90,0.0745,true,1,246611
7290018564714,false,ממרח לימון כבוש שף ה,,,ממרח לימון כבוש שף ה,,200.00,,false,,14.90,0.0745,true,1,246608
7290018564721,false,ממרח אריסה שף הטבע 2,,,ממרח אריסה שף הטבע 2,,200.00,100 גרם,false,,14.90,0.0745,true,1,246612
7290018608685,false,מפיות יוקרתיות 3 שכבות 20יח',,,מפיות מודפס 20 יח',יחידה,0.00,יחידה,false,,7.90,0.0000,true,1,247650
7290018652039,false,לה קרמריה קרמל מלוח ונוגט בדצ 1.4 ליטר,גלידות נסטלה,IL,לה קרמריה קרמל מלוח,,1400.00,,false,,22.90,0.0164,true,1,244509
7290018652671,false,גלידה קרמריה שוקולד ווניל 1.4 ליטר,נסטלה,IL,לה קרמריה שוקו וניל,,1.40,,false,,22.90,16.3571,true,1,246857
7290018652688,false,לה קרמריה טרופי ופירות אדומים 1.4 ל' נסטלה,גלידות נסטלה,IL,לה קרמריה פירות טרופ,,1.40,,false,,22.90,16.3571,true,1,246859
7290018710111,false,אבקת סוכר 500 גרם פר,,,אבקת סוכר 500 גרם פר,,500.00,100 גרם,false,,6.90,0.0138,true,1,245601
7290018710364,false,קוקוס טחון הילדא 400 ג',,,קוקוס 400 גרם חילדה,,400.00,100 גרם,false,,12.90,0.0323,true,1,245596
7290018724552,false,קמח שקדים ללא גלוטן 250 גר',השקד אומנות ומסחר,IL,קמח שקדים ללא גלוטן,,250.00,,false,,23.90,0.0956,true,1,249351
7290018724897,false,"פירורי לחם ""נטורלה"" ללא גלוטן 300 גרם",,,פירורי לחם נטורלה לל,,300.00,100 גרם,false,,12.90,0.0430,true,1,243889
7290018770252,false,זית ירוק מגולען בטעם,,,זית ירוק מגולען בטעם,,190.00,100 גרם,false,,14.90,0.0784,true,1,248220
7290018792858,false,אבקת קקאו טבעי 500 גרם,,,אבקת קקאו טבעי 500,,500.00,,false,,27.90,0.0558,true,1,249000
7290018860984,false,אטריות ביצים דקות מז,,,אטריות ביצים דקות 40,,400.00,100 גרם,false,,9.90,0.0248,true,1,248097
7290018860991,false,אטריות ביצים רחבות מ,,,אטריות ביצים רחבות 4,,400.00,100 גרם,false,,9.90,0.0248,true,1,248098
7290018879979,false,מרשמלו רגיל לבן בטעם וניל 150 גרם ויסטהיים,Carmit,,מרשמלו לבן בטעם וניל,,150.00,,false,,5.90,0.0393,true,1,247357
7290018893005,false,"חטיפי בייגלה אפוי בטעם חרדל ודבש, 160 גרם",צ'וקטה Chocketa,RO,בייגלה שטוח חרדל ודב,,160.00,100 גרם,false,,8.90,0.0556,true,1,246441
7290018893036,false,עוגיות סנדוויץ' בטעם שוקולד ממולאות קרם בטעם וניל,צ'וקטה Chocketa,ES,צ'וקטה ביסקוויט שוקו,,176.00,100 גרם,false,,8.90,0.0506,true,1,246803
7290018893074,false,עוגת שכבות עם ליקר וניל -צ'וקטה,בלקוני,,צ'וקטה עוגת שכבות שו,,400.00,100 גרם,false,,14.90,0.0373,true,1,249339
7290018893098,false,צ'וקטה ביסקוויט מצופה שוקולד חלב 100 גרם משולש K,צ'וקטה Chocketa,,ביסקוויט מצופה שוקול,,100.00,100 גרם,false,,7.90,0.0790,true,1,246455
7290018893104,false,צ'וקטה ביסקוויט מצופה שוקולד מריר 100 גרם משולש K,צ'וקטה Chocketa,,ביסקוויט מצופה שוקול,,100.00,,false,,7.90,0.0790,true,1,246456
7290018893111,false,צ'וקטה שוקולד מריר בלגי 70% 100 גרם משולש K,צ'וקטה Chocketa,BE,שוקולד מריר בלגי 70,,100.00,100 גרם,false,,9.90,0.0990,true,1,246457
7290018893128,false,צ'וקטה שוקולד חלב בלגי 34% 100 גרם משולש K,צ'וקטה Chocketa,BE,שוקולד חלב בלגי 34%,,100.00,,false,,9.90,0.0990,true,1,246458
7290018893258,false,צ'וקטה עוגות אישיות קרם קרמל 300 ג',צ'וקטה Chocketa,,עוגות אישיות קרמל צו,,300.00,,false,,14.90,0.0497,true,1,246445
7290018893265,false,צ'וקטה עוגות אישיות מריר במילוי קרם 240 ג',פרדי קונדיטוריה אס פ,IT,עוגות אישיות 5 שכבות,,240.00,100 גרם,false,,14.90,0.0621,true,1,246446
7290018893296,false,עוגיות חמאה מצופות שוקולד חלב בעיטור שוקולד לבן,צ'וקטה Chocketa,BE,צ'וקטה עוגיות מיני ח,,100.00,100 גרם,false,,10.90,0.1090,true,1,248670
7290018893319,false,צ'וקטה שוקולד מריר בלגי 85% 100 גרם משולש K,צ'וקטה Chocketa,BE,שוקולד מריר בלגי 85,,100.00,100 גרם,false,,9.90,0.0990,true,1,246453
7290018893456,false,צ'וקטה מארז עוגות אישיות במילוי קרם ובציפוי שוקולד 10*30ג,פרדי קונדטוריה אס.פי,IT,עוגות אישיות חלב צוק,,300.00,100 גרם,false,,14.90,0.0497,true,1,246447
7290018893654,false,חטיפי בייגלה דקיקים ופריכים מלח צ'וקטה 200 ג',צ'וקטה Chocketa,RO,בייגלה בתוספת מלח צו,,200.00,100 גרם,false,,8.90,0.0445,true,1,246439
7290018893746,false,בייגלה עגבניות ועשבי תיבול 180 גר,SC ALKA TRADING CO S,RO,בייגלה שטוח עגבניות,,180.00,100 גרם,false,,8.90,0.0494,true,1,248665
7290018893814,false,צ'וקטה שוקולד מריר 48% 5 יח' *100 ג',הדקלאים אגודת שיתופי,ES,שוקולד מריר 48% צוקט,,500.00,,false,,18.90,0.0378,true,1,246454
7290018893852,false,חטיפי בייגלה דקיקים ופריכים שומשום צ'וקטה 200 ג',צ'וקטה Chocketa,RO,בייגלה בתוספת שומשום,,200.00,100 גרם,false,,8.90,0.0445,true,1,246440
7290018893876,false,עוגות אישיות רכות עם מילוי קרם בטעם וניל,פרדי קונדיטוריה אס פ,IT,עוגות אישיות וניל ונ,,200.00,,false,,14.90,0.0745,true,1,246444
7290018893920,false,לוקיטוס סוכריות ג'לי בטעמי פירות 700 גרם,צ'וקטה Chocketa,,לוקיטוס סוכריות ג'לי,,700.00,,false,,19.90,0.0284,true,1,249360
7290018894019,false,עוגות אישיות במילוי קרם חלבי ובציפוי קרם קקאו,בלקוני Balconi,IT,בלקוני עוגות אישיות,,350.00,100 גרם,false,,15.90,0.0454,true,1,248678
7290018894217,false,עוגות אישיות במילוי קרם קקאו ובציפוי קרם קקאו,בלקוני Balconi,IT,בלקוני עוגות מיקס מק,,350.00,100 גרם,false,,15.90,0.0454,true,1,248679
7290018894248,false,צ'וקטה - שוקולד חלב שלישייה 3 * 100 גרם,צ'וקטה Chocketa,FR,צוקטה שוקול חלב שליש,,100.00,100 גרם,false,,12.90,0.1290,true,1,248684
7290018894408,false,קוביות וופל במילוי קרם אגוזי לוז - חלבי,בלקוני Balconi,IT,בלקוני וופל קוביות א,,250.00,100 גרם,false,,13.90,0.0556,true,1,248673
7290018894606,false,בלקוני וופל קקאו 175 גרם חלבי OU,בלקוני Balconi,IT,בלקוני וופל קקאו 175,,175.00,100 גרם,false,,8.90,0.0509,true,1,248675
7290018894804,false,וופלים במילוי קרם אגוזי לוז - חלבי,בלקוני Balconi,IT,בלקוני וופל אגוזי ל,,175.00,100 גרם,false,,8.90,0.0509,true,1,248676
7290018925065,false,פרימור מיץ תפוזים סחוט 2 ליטר,פרימור,IL,פרימור מיץ תפוזים סח,,2000.00,100 גרם,false,,29.90,0.0150,true,1,246288
7290018925089,false,פרימור מיץ תפוח עץ צלול 2 ליטר,גניר,IL,פרימור מיץ תפוחים צל,,2000.00,100 גרם,false,,29.90,0.0150,true,1,246290
7290018925096,false,משקה קל תפוזים 1.5 ל' פרימור,פרימור,IL,משקה קל תפוזים ‏5‏.‏,,1500.00,100 גרם,false,,8.90,0.0059,true,1,246119
7290018925102,false,משקה קל ענבים 1.5 ל' פרימור,פרימור,IL,משקה קל ענבים ‏5‏.‏1,,1500.00,,false,,8.90,0.0059,true,1,246120
7290018925126,false,משקה קל תפוחי עץ 1.5ל' פרימור,פרימור,IL,משקה קל תפוחי עץ ‏5‏,,1500.00,100 גרם,false,,8.90,0.0059,true,1,246121
7290018925133,false,משקה קל מנגו 1.5ל' פרימור,פרימור,IL,משקה קל מנגו ‏5‏.‏1‏,,1500.00,,false,,8.90,0.0059,true,1,246125
7290018925140,false,משקה קל אשכוליות 1.5ל' פרימור,פרימור,IL,משקה קל אשכולית ‏5‏.,,1500.00,,false,,8.90,0.0059,true,1,246122
7290018925157,false,משקה קל לימונים 1.5ל' פרימור,פרימור,IL,משקה קל לימונים 1.5,,1500.00,,false,,8.90,0.0059,true,1,246126
7290018925164,false,משקה קל תות-בננה 1.5ל' פרימור,פרימור,IL,משקה קל תות-בננה ‏5‏,,1500.00,,false,,8.90,0.0059,true,1,246123
7290018929001,false,5 מטליות מיקרופייבר,,,5 מטליות מיקרופייבר,יחידה,0.00,יחידה,false,,8.90,0.0000,true,1,248096
7290018972274,false,פרוזן שעועית ירוקה חתוכה 800 גר' רובין,,,פרוזן שעועית ירוקה ח,,800.00,,false,,12.90,0.0161,true,1,248958
7290018972335,false,פרוזן שעועית ירוקה אקסטרא עדין 600 גר',,,פרוזן שעועית ירוקה א,,600.00,100 גרם,false,,12.90,0.0215,true,1,248957
7290018972632,false,ארטישוק תחתיות 400 גר' קהילות,,,פרוזן ארטישוק תחתיות,,400.00,,false,,12.90,0.0323,true,1,248952
7290018972649,false,פרוזן פול ירוק 600 גר' קהילות,,,פרוזן פול ירוק 600 ג,,600.00,,false,,12.90,0.0215,true,1,248953
7290018972779,false,נודלס טעם בקר להכנה,,,נודלס טעם בקר להכנה,,72.00,100 גרם,false,,6.90,0.0958,true,1,247990
7290018972786,false,נודלס טעם ירקות להכנה מהירה 72 גרם,,,נודלס טעם ירקות להכנ,,72.00,100 גרם,false,,6.90,0.0958,true,1,247991
7290018989005,false,יכין פולפה טבעית 400*3 גר,זנלכל,IL,פולפה טבעית יכין 400,,1200.00,,false,,15.90,0.0133,true,1,247841
7290018989128,false,סירופ בטעם ענבים יכין 1 ליטר,זנלכל,IL,סירופ בטעם ענבים יכי,,1000.00,,false,,19.90,0.0199,true,1,247842
7290018989135,false,סירופ בטעם פטל יכין 1 ליטר,זנלכל,IL,סירופ בטעם פטל יכין,,1000.00,100 גרם,false,,19.90,0.0199,true,1,247843
7290019056027,false,שוופס מוגז פירות תפוחים ללא סוכר 1.5 ליטר פיקדון,"יפאורה תבורי בע""מ",IL,שוופס מוגז פירות תפו,,1500.00,,false,,9.90,0.0066,true,1,246164
7290019056034,false,שוופס מוגז פירות אננס ללא סוכר 1.5 ליטר פיקדון,"יפאורה תבורי בע""מ",IL,שוופס מוגז פירות אננ,,1500.00,,false,,9.90,0.0066,true,1,246165
7290019056041,false,שוופס מוגז פירות לימונייד ללא סוכר 1.5 ליטר פיקדון,"יפאורה תבורי בע""מ",IL,שוופס מוגז פירות ללא,,1500.00,100 גרם,false,,9.90,0.0066,true,1,246166
7290019056058,false,שוופס מוגז עדין תפוח ליים 1.5 ליטר פיקדון,"יפאורה תבורי בע""מ",IL,שוופס מוגז עדין תפוח,,1500.00,100 גרם,false,,9.90,0.0066,true,1,246153
7290019056072,false,שוופס מוגז עדין אננס 1.5 ליטר פיקדון,"יפאורה תבורי בע""מ",IL,שוופס מוגז עדין אננס,,1500.00,,false,,9.90,0.0066,true,1,246155
7290019056089,false,שוופס מוגז עדין ענבי ריזלינג 1.5 ליטר פיקדון,"יפאורה תבורי בע""מ",IL,שוופס מוגז עדין טעם,,1500.00,100 גרם,false,,9.90,0.0066,true,1,246156
7290019056096,false,שוופס מוגז עדין אפרסק 1.5 ליטר פיקדון,"יפאורה תבורי בע""מ",IL,שוופס מוגז עדין אפרס,,1500.00,100 גרם,false,,9.90,0.0066,true,1,246157
7290019056119,false,שוופס סודה 1.5 ליטר פיקדון,"יפאורה תבורי בע""מ",IL,שוופס סודה 1.5ליטר,,1500.00,100 גרם,false,,4.20,0.0028,true,1,246142
7290019056164,false,שוופס סודה 1.5 ליטר רביעייה פיקדון,"יפאורה תבורי בע""מ",IL,שוופס סודה מארז 4*1.,,6000.00,100 גרם,false,,12.90,0.0021,true,1,246202
7290019056171,false,שוופס סודה לימון 1.5 ליטר רביעייה פיקדון,"יפאורה תבורי בע""מ",IL,שוופס סודה לימון מאר,,6000.00,100 גרם,false,,12.90,0.0021,true,1,246203
7290019056188,false,שוופס סודה נענע ליים 1.5 ליטר רביעייה פיקדון,"יפאורה תבורי בע""מ",IL,שוופס סודה נענע ליים,,6000.00,100 גרם,false,,12.90,0.0021,true,1,246204
7290019056195,false,שוופס סודה למון גראס ג'ינג'ר 1.5 ליטר רביעייה פיקדון,"יפאורה תבורי בע""מ",IL,שוופס סודה למון גראס,,6000.00,,false,,12.90,0.0021,true,1,246205
7290019056232,false,משקה מוגז בטעם ליים מוחיטו 1.5 ל' שוופס,"יפאורה תבורי בע""מ",IL,שוופס ליים מוחיטו 1.,,1500.00,100 גרם,false,,9.90,0.0066,true,1,246168
7290019056249,false,שוופס מים בטעמים ענבים 1.5 ליטר פיקדון,"יפאורה תבורי בע""מ",IL,שוופס וואטר ענבים 1.,,1500.00,,false,,9.90,0.0066,true,1,246188
7290019056256,false,שוופס מים בטעמים תפוחים 1.5 ליטר פיקדון,"יפאורה תבורי בע""מ",IL,שוופס וואטר תפוח 1.5,,1500.00,,false,,9.90,0.0066,true,1,246189
7290019056263,false,שוופס מים בטעמים אפרסק 1.5 ליטר פיקדון,"יפאורה תבורי בע""מ",IL,שוופס וואטר אפרסק 1.,,1500.00,,false,,9.90,0.0066,true,1,246190
7290019056270,false,שוופס מים בטעמים פירות יער 1.5 ליטר פיקדון,"יפאורה תבורי בע""מ",IL,שוופס וואטר פירות יע,,1500.00,,false,,9.90,0.0066,true,1,246191
7290019056317,false,שוופס ראשן 1.5 ליטר פיקדון,"יפאורה תבורי בע""מ",IL,שוופס רסצ'יין 1.5ליט,,1500.00,,false,,13.90,0.0093,true,1,246199
7290019056324,false,שוופס טוניק 1.5 ליטר פיקדון,"יפאורה תבורי בע""מ",IL,שוופס מי טוניק 1.5לי,,1500.00,,false,,13.90,0.0093,true,1,246200
7290019056331,false,שוופס טוניק ללא סוכר 1.5 ליטר פיקדון,"יפאורה תבורי בע""מ",IL,שוופס מי טוניק ללא ס,,1500.00,,false,,13.90,0.0093,true,1,246201
7290019056355,false,משקה בטעם לימונענע עם חתיכות פרי,"יפאורה תבורי בע""מ",IL,תפוזינה לימונענע 1.5,,1500.00,,false,,9.90,0.0066,true,1,246148
7290019056362,false,תפוזינה ענבים 1.5 ליטר פיקדון,"יפאורה תבורי בע""מ",IL,תפוזינה ענבים 1.5ליט,,1500.00,100 גרם,false,,9.90,0.0066,true,1,246143
7290019056379,false,תפוזינה תפוזים 1.5 ליטר פיקדון,"יפאורה תבורי בע""מ",IL,תפוזינה תפוזים 1.5לי,,1500.00,,false,,9.90,0.0066,true,1,246144
7290019056386,false,פתוזינה אשכולית 1.5 ליטר פיקדון,"יפאורה תבורי בע""מ",IL,תפוזינה אשכוליות 1.5,,1500.00,100 גרם,false,,9.90,0.0066,true,1,246145
7290019056393,false,תפוזינה תות בננה 1.5 ליטר פיקדון,"יפאורה תבורי בע""מ",IL,תפוזינה תות בננה 1.5,,1500.00,,false,,9.90,0.0066,true,1,246146
7290019056409,false,תפוזינה מנגו 1.5 ליטר פיקדון,"יפאורה תבורי בע""מ",IL,תפוזינה מנגו עסיסי 1,,1500.00,100 גרם,false,,9.90,0.0066,true,1,246149
7290019056416,false,מיץ בטעם לימונדה ורודה 1.5 ל' תפוזינה,"יפאורה תבורי בע""מ",IL,תפוזינה לימונים 1.5ל,,1500.00,,false,,9.90,0.0066,true,1,246150
7290019056423,false,מיץ בטעם תפוח רענן 1.5ל' תפוזינה,"יפאורה תבורי בע""מ",IL,תפוזינה תפוח רענן 1.,,1500.00,,false,,9.90,0.0066,true,1,246151
7290019056430,false,תפוזינה תפוזים לייט 1.5 ליטר פיקדון,"יפאורה תבורי בע""מ",IL,תפוזינה דיאט תפוזים,,1500.00,100 גרם,false,,9.90,0.0066,true,1,246152
7290019056447,false,תפוזינה אשכוליות לייט 1.5 ליטר פיקדון,"יפאורה תבורי בע""מ",IL,תפוזינה דיאט אשכוליו,,1500.00,100 גרם,false,,9.90,0.0066,true,1,246147
7290019056454,false,משקה מוגז בטעם קולה 1.5 ל' אר סי,יפאורה תבורי,IL,אר.סי קולה 1.5ליטר,,1500.00,,false,,7.90,0.0053,true,1,246167
7290019056461,false,מארז משקה בטעם קולה שישייה * 1.5 ל' אר.סי,"יפאורה תבורי בע""מ",IL,אר.סי קולה שישייה 6*,,9000.00,,false,,39.90,0.0044,true,1,246169
7290019056478,false,ספרינג טי קר אפרסק 1.5ליטר פיקדון,"יפאורה תבורי בע""מ",IL,ספרינג טי קר אפרסק 1,,1500.00,100 גרם,false,,9.90,0.0066,true,1,246193
7290019056485,false,ספריג תה ירוק לימון לואיזה 1.5 ליטר פיקדון,"יפאורה תבורי בע""מ",IL,ספרינג טי קר לימון ל,,1500.00,,false,,9.90,0.0066,true,1,246194
7290019056492,false,ספרינג תה מנגו אפרסק 1.5 ליטר פיקדון,"יפאורה תבורי בע""מ",IL,ספרינג טי מנגו אפרסק,,1500.00,100 גרם,false,,9.90,0.0066,true,1,246195
7290019056508,false,פרוט ווטר ענבים 1.5 ליטר פיקדון,"יפאורה תבורי בע""מ",IL,משקה וואטר פרוט ענבי,,1500.00,,false,,9.90,0.0066,true,1,246170
7290019056515,false,פרוט ווטר אננס 1.5 ליטר פיקדון,"יפאורה תבורי בע""מ",IL,משקה וואטר פרוט אננס,,1500.00,100 גרם,false,,9.90,0.0066,true,1,246171
7290019056522,false,פרוט ווטר תות 1.5 ליטר פיקדון,"יפאורה תבורי בע""מ",IL,משקה וואטר פרוט תות,,1500.00,,false,,9.90,0.0066,true,1,246172
7290019056539,false,פרוט ווטר אפרסק 1.5 ליטר פיקדון,"יפאורה תבורי בע""מ",IL,משקה וואטר פרוט אפרס,,1500.00,100 גרם,false,,9.90,0.0066,true,1,246173
7290019056546,false,פרוט ווטר אבטיח 1.5 ליטר פיקדון,"יפאורה תבורי בע""מ",IL,משקה וואטר פרוט אבטי,,1500.00,,false,,9.90,0.0066,true,1,246174
7290019056553,false,עין גדי מים מינרלים 2 ליטר*6 יח',עין גדי מים מינרליים,IL,עין גדי מים מינרלים,,12000.00,100 גרם,false,,13.80,0.0012,true,1,246130
7290019056560,false,עין גדי 2 ליטר בק' בודד פיקדון,יפאורה תבורי,IL,עין גדי 2ליטר,,2000.00,100 גרם,false,,3.30,0.0016,true,1,246128
7290019056577,false,ספרינג מנגו 1.5 ליטר פיקדון,"יפאורה תבורי בע""מ",IL,ספרינג מנגו 1.5ליטר,,1500.00,100 גרם,false,,9.90,0.0066,true,1,246131
7290019056584,false,ספרינג תפוזים 1.5 ליטר פיקדון,"יפאורה תבורי בע""מ",IL,ספרינג תפוזים 1.5ליט,,1500.00,100 גרם,false,,9.90,0.0066,true,1,246132
7290019056591,false,ספרינג ענבים 1.5 ליטר פיקדון,"יפאורה תבורי בע""מ",IL,ספרינג ענבים 1.5ליטר,,1500.00,100 גרם,false,,9.90,0.0066,true,1,246135
7290019056607,false,ספרינג תפוחים 1.5 ליטר פיקדון,"יפאורה תבורי בע""מ",IL,ספרינג תפוחים 1.5ליט,,1500.00,,false,,9.90,0.0066,true,1,246136
7290019056614,false,ספרינג אפרסק 1.5 ליטר פיקדון,"יפאורה תבורי בע""מ",IL,ספרינג אפרסק 1.5ליטר,,1500.00,100 גרם,false,,9.90,0.0066,true,1,246133
7290019056621,false,ספרינג פירות טרופיים 1.5 ליטר פיקדון,"יפאורה תבורי בע""מ",IL,ספרינג פירות טרופיים,,1500.00,100 גרם,false,,9.90,0.0066,true,1,246137
7290019056638,false,ספרינג תות בננה 1.5 ליטר פיקדון,"יפאורה תבורי בע""מ",IL,ספרינג תות בננה 1.5ל,,1500.00,100 גרם,false,,9.90,0.0066,true,1,246138
7290019056645,false,ספרחנג אגס תפוח סברס 1.5 ליטר פיקדון,"יפאורה תבורי בע""מ",IL,ספרינג אגס סברס תפוח,,1500.00,100 גרם,false,,9.90,0.0066,true,1,246139
7290019056652,false,ספרינג אננס בננה 1.5 ליטר פיקדון,"יפאורה תבורי בע""מ",IL,ספרינג אננס בננה 1.5,,1500.00,100 גרם,false,,9.90,0.0066,true,1,246140
7290019056669,false,ספרינג תפוחים גיאט 1.5 ליטר פיקדון,"יפאורה תבורי בע""מ",IL,ספרינג תפוחים דיאט 1,,1500.00,,false,,9.90,0.0066,true,1,246141
7290019056676,false,מיץ דיאט בטעם אשכוליות ואננס 1.5ל' ספרינג,"יפאורה תבורי בע""מ",IL,ספרינג דיאט אשכוליות,,1500.00,100 גרם,false,,9.90,0.0066,true,1,246134
7290019056720,false,קריסטל מיץ ענבים 2 ליטר פיקדון,יפאורה תבורי,IL,קריסטל מיץ ענבים 2 ל,,2000.00,,false,,8.90,0.0045,true,1,246183
7290019056737,false,מיץ בטעם אשכוליות 2 ל' קריסטל,יפאורה תבורי,IL,קריסטל מיץ אשכוליות,,2000.00,100 גרם,false,,8.90,0.0045,true,1,246175
7290019056744,false,קריסטל מיץ תפוזים 2 ליטר פיקדון,יפאורה תבורי,IL,קריסטל מיץ תפוזים 2,,2000.00,,false,,8.90,0.0045,true,1,246176
7290019056751,false,קריסטל מיץ אשכוליות דיאט 2 ליטר פיקדון,יפאורה תבורי,IL,קריסטל דיאט מיץ אשכו,,2000.00,100 גרם,false,,8.90,0.0045,true,1,246186
7290019056768,false,קריסטל מיץ מנגו 2 ליטר פיקדון,יפאורה תבורי,IL,קריסטל מיץ מנגו 2 לי,,2000.00,,false,,8.90,0.0045,true,1,246184
7290019056775,false,קריסטל מוגז ענבים 2 ליטר פיקדון,יפאורה תבורי,IL,קריסטל ענבים 2 ליטר,,2000.00,,false,,8.90,0.0045,true,1,246177
7290019056782,false,משקה מוגז בטעם לימון ליים 2 ל' קריסטל,יפאורה תבורי,IL,קריסטל למון ליים 2 ל,,2000.00,,false,,8.90,0.0045,true,1,246178
7290019056805,false,קריסטל מוגז תפוחים 2 ליטר פיקדון,יפאורה תבורי,IL,קריסטל תפוח 2 ליטר,,2000.00,100 גרם,false,,8.90,0.0045,true,1,246185
7290019056812,false,קריסטל מוגז מנטה 2 ליטר פיקדון,יפאורה תבורי,IL,קריסטל מנטה 2 ליטר,,2000.00,100 גרם,false,,8.90,0.0045,true,1,246179
7290019056829,false,קריסטל מוגז תפוזים 2 ליטר פיקדון,קריות זול,,קריסטל אורנג' 2 ליטר,,2000.00,100 גרם,false,,8.90,0.0045,true,1,246180
7290019056836,false,קריסטל מוגז תות 2 ליטר פיקדון,יפאורה תבורי,IL,קריסטל תות 2 ליטר,,2000.00,100 גרם,false,,8.90,0.0045,true,1,246181
7290019056850,false,ספרינג תה אפרסק דיאט 1.5 ליטר פיקדון,"יפאורה תבורי בע""מ",IL,ספרינג טי דיאט אפרסק,,1500.00,,false,,9.90,0.0066,true,1,246196
7290019056966,false,מי עדן בקבוק פיקדון 1.5 ליטר,"מי עדן בע""מ",IL,מי עדן 1.5ליטר,,1500.00,100 גרם,false,,3.30,0.0022,true,1,246295
7290019056973,false,מי עדן 1.5 ליטר שישייה פיקדון,מופק ממקור בזלתי עדן,IL,מי עדן שישייה 6*1.5,,9000.00,100 גרם,false,,14.70,0.0016,true,1,246129
7290019153078,false,"שוופס ביטר למון לייט, 1.5 ליטר פקדון","יפאורה תבורי בע""מ",IL,שוופס ביטר לימון לי,,1500.00,100 גרם,false,,13.90,0.0093,true,1,246726
7290019153085,false,"שוופס ללא סוכר מוחיטו, 1.5 ליטר פקדון","יפאורה תבורי בע""מ",IL,שוופס מוחיטו ללא סוכ,,1500.00,,false,,9.90,0.0066,true,1,246681
7290019153269,false,שוופס סודה אננס 1.5 ליטר רביעייה פיקדון,"יפאורה תבורי בע""מ",IL,שוופס סודה אננס מארז,,6000.00,100 גרם,false,,12.90,0.0021,true,1,247565
7290019153344,false,"תפוזינה סנגרייה, 1.5 ליטר","יפאורה תבורי בע""מ",IL,תפוזינה סנגרייה 1.5,,1500.00,,false,,9.90,0.0066,true,1,247767
7290019153375,false,מיץ בטעם מוחיטו 1.5 ל' תפוזינה,"יפאורה תבורי בע""מ",IL,תפוזינה מוחיטו 1.5 ל,,1500.00,100 גרם,false,,9.90,0.0066,true,1,247769
7290019204107,false,עוף טוב פסטרמה בטעם אווז 320 גר',עיצובים 2020 (4.9),,עוף טוב פסטרמה בטעם,,320.00,100 גרם,false,,25.90,0.0809,true,1,248427
7290019204206,false,עוף טוב פסטרמה בסגנון רומני 320 גר',עיצובים 2020 (4.9),,עוף טוב פסטרמה בסגנו,,320.00,100 גרם,false,,25.90,0.0809,true,1,248431
7290019232155,false,"חליטת ""לילה טוב"" קמומיל לבנדר ו25 שקיקים ויסוצקי",ויסוצקי,IL,תה ירוק קמומיל לבנדר,,25.00,,false,,27.90,1.1160,true,1,249047
7290019232162,false,"חליטת ""לילה טוב"" קמומיל מליסה 25 שקיקים ויסוצקי",ויסוצקי,IL,תה ירוק קמומיל מליסה,,25.00,,false,,27.90,1.1160,true,1,249048
7290019232193,false,תה ירוק לימונית ג'ינג'ר STAY WELL שקיקים 25 ויסוצקי,ויסוצקי,IL,תה ירוק לימונית ג'ינ,,25.00,,false,,27.90,1.1160,true,1,249046
7290019232377,false,תה חווית צאי וניל הל,קריות זול,IL,תה חווית הצ'אי וניל,יחידה,0.00,יחידה,false,,21.90,0.0000,true,1,249457
7290019232803,false,הולגריין ביסקוויט+קרם חלב ושוקולד חלב 300 גרם רבנות,"אולקר ביסקווי סנאי,",TR,הולגריין ביסקוויט עם,,300.00,,false,,11.90,0.0397,true,1,248976
7290019232834,false,בייגלה מצופה קרם עוגיות ושוקולד 140 גרם פליפז - רבנות,אולקר מקבוצת פלאדיס,TR,בייגלה מצופה עוגיות,,140.00,,false,,9.90,0.0707,true,1,247770
7290019233008,false,רוטב עגבניות עם קוביות ארטישוק ושמן זית 420ג ויסוצקי,זיתא,IT,זיתא רוטב לשקשוקה א,,420.00,100 גרם,false,,14.90,0.0355,true,1,248984
7290019297161,false,טורטיות ראפ מקמח תירס 540 ג' 12 יח',,TR,טורטיות ראפ מקמח תיר,,450.00,,false,,10.00,0.0222,true,1,227985
7290019297246,false,שזיף מיובש עם גרעין,"דין שיווק וקליה בע""מ",,שזיפים בקופסא 330גר,,330.00,100 גרם,false,,22.90,0.0694,true,1,201067
7290019297383,false,מעדן משמש ללא סוכר שקדיה 284 ג',,CN,מעדן משמש שקדיה 100%,,284.00,,false,,12.90,0.0454,true,1,201068
7290019297406,false,מעדן דובדבן 100% רכיבי פרי 284 גר' ללא תוספת סוכר,,,מעדן דובדבן שקדיה 10,,284.00,100 גרם,false,,12.90,0.0454,true,1,201070
7290019297420,false,מעדן תות שדה 100% רכיבי פרי 284 גר' ללא תוספת סוכר,,CN,מעדן תות שדה שקדיה 1,,284.00,100 גרם,false,,12.90,0.0454,true,1,201072
7290019297437,false,מעדן אוכמניות ללא סוכר שקדיה 284 ג',,CN,מעדן אוכמניות שקדיה,,284.00,,false,,12.90,0.0454,true,1,201073
7290019297512,false,רוטב רימונים שקדיה 340 ג',דין שיווק,TR,רוטב רימונים שקדיה 3,,350.00,100 גרם,false,,11.90,0.0340,true,1,201075
7290019297543,false,חמאת בוטנים שקדיה 51,דין שיווק,,חמאת בוטנים 510גרם,,510.00,,false,,10.90,0.0214,true,1,201077
7290019297628,false,שקד טבעי 150 גרם ששון הקולה שקית,דין שיווק,IL,שקד טבעי 150גרם,,150.00,100 גרם,false,,17.90,0.1193,true,1,201082
7290055090801,false,שוקולד לבן ללא סוכר 85 גר',כרמית תעשיות ממתקים,IL,שוקולד לבן ללא סוכר,,85.00,100 גרם,false,,6.90,0.0812,true,1,213469
7290100243671,false,מרכך כביסה אקסטרא בניחוח יסמין מרענן,יוניליוור סנאיי וי ט,TR,בדין אקסטרא כחול 960,,960.00,,false,,18.90,0.0197,true,1,183010
7290100249598,false,"רוטב לבישול שום ודבש קנור 320ג' בד""צ",יוניליוור ישראל מזון,IL,רוטב לעוף שום ודבש ק,,320.00,100 גרם,false,,14.90,0.0466,true,1,183174
7290100249659,false,רוטב לעוף צ'ילי ושום 320 ג' קנור,יוניליוור ישראל מזון,IL,רוטב לעוף צילי שום ק,,320.00,,false,,14.90,0.0466,true,1,183180
7290100411254,false,בי-לאב מחית תפוח ובננה ללא סוכר 190ג,בילובד Beloved,,בלאבד מחית תפוח ובננ,,190.00,,false,,5.90,0.0311,true,1,171955
7290100412343,false,קוויק מגבונים לניקוי כללי בניחוח לימון 50 יח',,,קוויק מגבונים לניקוי,יחידה,0.00,יחידה,false,,8.90,0.0000,true,1,171965
7290100412442,false,קוויק מגבונים לניקוי שירותים ואמבטיה מנטה 50יח',,,קוויק מגבונים לניקוי,יחידה,0.00,יחידה,false,,8.90,0.0000,true,1,171967
7290100412459,false,קוויק לניקוי שירותים ואמבטיה - בריח לוונדר 50 יח,,,קוויק מגבונים לניקוי,יחידה,0.00,יחידה,false,,8.90,0.0000,true,1,171968
7290100412466,false,מגבונים קוויק לניקוי וחיטוי רצפות בניחוח לימון 10 יח',,,קוויק מגבונים לניקוי,יחידה,0.00,יחידה,false,,10.90,0.0000,true,1,239487
7290100412763,false,"תחליב רחצה ד""ר עור לבנדר 700 מ""ל","ד""ר עור DOCTOR OR",,"תחליב רחצה ד""ר עור ק",,700.00,,false,,16.90,0.0241,true,1,225665
7290100412770,false,"ד""ר עור - תחליב רחצה קלאסי בניחוח מאסק 700 מ""ל","ד""ר עור DOCTOR OR",,"תחליב רחצה ד""ר עור ק",,700.00,,false,,16.90,0.0241,true,1,225666
7290100412831,false,תחליב רחצה אנטי אייג'ינג בניחוח וניל טרופי,"ד""ר עור DOCTOR OR",,"תחליב רחצה ד""ר עור א",,700.00,,false,,16.90,0.0241,true,1,225669
7290100413593,false,מגבונים גדולים XL לניקוי כללי בניחוח פרחי בר,קוויק,,קוויק מטליות XL בניח,יחידה,0.00,יחידה,false,,8.90,0.0000,true,1,171970
7290100653463,false,"פלמוליב - ארומה ג'ל רחצה מסאז' 500 מ""ל",קולגייט פלמוליב,IT,פלמוליב תחליב רחצה ס,,500.00,,false,,17.50,0.0350,true,1,185893
7290100659090,false,פרי חטיפים ללא סוכר מארז 5 תמרים וקינמו,טבעית מוצרים מן הטבע,IL,פרי חטיף דגנים תמרים,,110.00,,false,,18.90,0.1718,true,1,185912
7290100680650,false,מנה חמה נודלס-אטריות ירקות טעם תאילנדי אסם 76 ג',THAI PRESIDENT FOODS,TH,מנה חמה נודלס ירקות,,76.00,100 גרם,false,,6.90,0.0908,true,1,177431
7290100680667,false,מנה חמה נודלס-אטריות+ירקות טעם סצ'ואן,THAI PRESIDENT FOODS,TH,מנה חמה נודלס בסגנון,,76.00,100 גרם,false,,6.90,0.0908,true,1,177432
7290100680711,false,פירורית זהב אסם זהב 350ג',עינת תעשיות מזון,IL,פירורית זהב שקית אסם,,350.00,100 גרם,false,,9.90,0.0283,true,1,177434
7290100680728,false,פירורית רגילה שקית 350 גרם,מיוצר עי קונדיטוריית,IL,פירורית אסם שקית 350,,350.00,100 גרם,false,,7.90,0.0226,true,1,177435
7290100681138,false,מארז אפרופו חטיף תירס 3 יחידות,"אסם השקעות בע""מ",IL,אפרופו מארז אסם 3*50,,150.00,,false,,13.90,0.0927,true,1,177441
7290100683880,false,אבקה להכנת פירה 260 ג' אסם,"אסם השקעות בע""מ",IL,תערובת להכנת פירה אס,,260.00,100 גרם,false,,15.70,0.0604,true,1,177502
7290100684764,false,במבה יום הולדת על סרט אסם 25 ג',"אסם השקעות בע""מ",IL,במבה על סרט אסם 25גר,,25.00,100 גרם,false,,2.60,0.1040,true,1,177515
7290100685068,false,פודינג וניל עם פצפוצי שוקולד 110 ג' אסם,אסם תעשיות,IL,פודינג וניל עם פצפוצ,,110.00,,false,,7.90,0.0718,true,1,177523
7290100685136,false,"מרק בטעם עוף 1 ק""ג אסם","אסם השקעות בע""מ",IL,*מבצע* אבקת מרק בטעם,,1000.00,100 גרם,false,,13.90,0.0139,true,1,177525
7290100685334,false,אבקת מרק עוף אמיתי ר.טבעיים 400ג' אסם,"אסם השקעות בע""מ",IL,מרק עוף רכיבים טבעיי,,400.00,100 גרם,false,,26.90,0.0672,true,1,177535
7290100685341,false,מרק בטעם עוף זך רכיבים טבעיים 400 ג' אסם,"אסם השקעות בע""מ",IL,*מבצע* אסם מרק זך טע,,400.00,,false,,16.90,0.0422,true,1,177536
7290100685563,false,פירורית זהב אסם מארז 200X2ג',קריות זול,IL,פירורית אסם זהב שקית,,400.00,100 גרם,false,,10.90,0.0273,true,1,232134
7290100686171,false,ביסלי גריל מארז 6 יח' * 35 ג' אסם,אסם תעשיות,IL,ביסלי גריל מארז 6 יח,,210.00,,false,,14.90,0.0710,true,1,177568
7290100687109,false,במבה במילוי קרם נוגט 60ג' אסם,"אסם השקעות בע""מ",IL,במבה במילוי נוגט אסם,,60.00,,false,,4.90,0.0817,true,1,177587
7290100689301,false,אבקת מרק עוף זך עדיף אסם 400 גר',"אסם השקעות בע""מ",IL,אסם עדיף זך טעם עוף,,400.00,,false,,16.90,0.0422,true,1,177652
7290100700006,false,"סוגת חיטה 1 ק""ג",,,חיטה סוגת 1קג,,1000.00,100 גרם,false,,8.90,0.0089,true,1,192399
7290100700020,false,סוגת גריסי פנינה 500גרם,האי נאם סי או אל.טי.,IL,גריסי פנינה סוגת 500,,500.00,100 גרם,false,,6.90,0.0138,true,1,192400
7290100700075,false,פירורי לחם מוזהבים 200 ג' סוגת,"סוגת תעשיות בע""מ",IL,פירורי לחם מוזהבים ס,,200.00,,false,,4.90,0.0245,true,1,192402
7290100700242,false,"אורז מלא עגול סוגת 1 ק""ג","סוגת תעשיות בע""מ",IL,אורז מלא עגול סוגת 1,,1000.00,100 גרם,false,,13.90,0.0139,true,1,192410
7290100700266,false,פירורי לחם לבן סוגת 200ג',"סוגת תעשיות בע""מ",IL,פירורי לחם לבן סוגת,,200.00,100 גרם,false,,4.90,0.0245,true,1,192411
7290100700273,false,קינואה סוגת 500 גרם,האי נאם סי או אל.טי.,IL,קינואה סוגת 500 גר,,500.00,,false,,15.90,0.0318,true,1,192412
7290100700310,false,"כוסמת 1ק""ג סוגת",,,כוסמת סוגת 1קג,,1000.00,,false,,16.90,0.0169,true,1,192415
7290100700327,false,"גריסי פנינה סוגת 1 ק""ג",,,גריסי פנינה סוגת 1קג,,1000.00,100 גרם,false,,8.90,0.0089,true,1,192416
7290100700365,false,"שעועית אדומה 1 ק""ג סוגת",,,שעועית אדומה סוגת 1ק,,1000.00,,false,,19.90,0.0199,true,1,192418
7290100700372,false,"אורז בסמטי מלא סוגת 1 ק""ג",האי נאם סי או אל.טי.,IL,אורז בסמטי מלא סוגת,,1000.00,,false,,13.90,0.0139,true,1,192419
7290100700389,false,"אורז אדום סוגת 1 ק""ג",סוגת תעשיות,IL,אורז אדום סוגת 1קג,,1000.00,100 גרם,false,,15.90,0.0159,true,1,192420
7290100700396,false,"סוגת אורז יסמין קלאסי 1 ק""ג",האי נאם סי או אל.טי.,IL,אורז יסמין קלאסי סוג,,1000.00,,false,,13.90,0.0139,true,1,192421
7290100700419,false,"בורגול סוגת 1 ק""ג",,,בורגול סוגת 1קג,,1000.00,100 גרם,false,,7.90,0.0079,true,1,192423
7290100700563,false,אורז מיקס קלאסי 1 ק',סוגת תעשיות,IL,אורז מיקס סוגת 1קג,,1000.00,100 גרם,false,,15.90,0.0159,true,1,192428
7290100700587,false,סוגת בורגול 500 גרם,האי נאם סי או אל.טי.,IL,בורגול סוגת 500 גר,,500.00,,false,,6.90,0.0138,true,1,192429
7290100701140,false,"אורז ריזוטו 1 ק""ג סוגת","סוגת תעשיות בע""מ",IL,אורז ארבוריו סוגת 1ק,,1000.00,100 גרם,false,,14.90,0.0149,true,1,192448
7290100701300,false,סוגת קינואה אדומה 500גרם,Unknown,,קינואה אדומה סוגת 50,,500.00,,false,,15.90,0.0318,true,1,192456
7290100701331,false,קמח רב תכליתי שטיבל קמח חיטה לבן בהיר,"שטיבל בע""מ - טחנות ק",IL,קמח רב תכליתי סוגת 1,,1000.00,100 גרם,false,,7.90,0.0079,true,1,192458
7290100701348,false,"קמח שיפון מלא 1ק""ג סוגת",טחנות קמח שטיבל באר,IL,קמח שיפון מלא סוגת 1,,1000.00,100 גרם,false,,7.90,0.0079,true,1,192459
7290100701386,false,קמח לחלה קמח חיטה לבן שטיבל,"שטיבל בע""מ - טחנות ק",IL,קמח לחלה סוגת 1קג,,1000.00,,false,,7.90,0.0079,true,1,192461
7290100701454,false,גרישה - בורגול דק,"סוגת תעשיות בע""מ",IL,גרישה סוגת 500גר,,500.00,,false,,6.90,0.0138,true,1,192465
7290100701577,false,קמח לחם קמח חיטה לבן שטיבל,שטיבל טחנות קמח,IL,קמח לחם סוגת 1קג,,1000.00,100 גרם,false,,7.90,0.0079,true,1,192466
7290100701881,false,קמח פיצה ופוקצ'ה- קמח חיטה לבן בהיר שטיבל,"שטיבל בע""מ - טחנת קמ",IL,קמח פיצה ופוקצה סוגת,,1000.00,100 גרם,false,,7.90,0.0079,true,1,192478
7290100701966,false,אפונה צהובה 500 ג' סוגת,,,אפונה צהובה סוגת 500,,500.00,100 גרם,false,,6.90,0.0138,true,1,192479
7290100702260,false,קוסקוס דק סוגת 350 גר',סוגת,IL,קוסקוס דק סוגת 350 ג,,350.00,100 גרם,false,,6.90,0.0197,true,1,192487
7290100702277,false,קוסקוס עבה סוגת 350 גר',סוגת,IL,קוסקוס עבה סוגת 350,,350.00,,false,,6.90,0.0197,true,1,192488
7290100702284,false,קוסקוס מלא סוגת 350 גרם,סוגת,IL,קוסקוס מלא סוגת 350,,350.00,100 גרם,false,,6.90,0.0197,true,1,192489
7290100702383,false,"קמח תופח סוגת 1 ק""ג",שטיבל טחנות קמח,IL,קמח תופח סוגת 1 קג,,1000.00,100 גרם,false,,7.90,0.0079,true,1,192494
7290100702611,false,פתיתים אפויים אורז סוגת 500 ג',אסיף,,פתיתים אפויים אורז ס,,500.00,,false,,6.90,0.0138,true,1,192505
7290100702628,false,פתיתים אפויים קוסקוס סוגת 500 ג',יושלם,,פתיתים אפויים קוסקוס,,500.00,,false,,6.90,0.0138,true,1,192506
7290100702635,false,פתיתים אפויים כוכבים סוגת 500 ג',,,פתיתים אפויים כוכבים,,500.00,,false,,6.90,0.0138,true,1,192507
7290100702642,false,פתיתים אפויים טבעת 500 ג' סוגת,,,פתיתים אפויים טבעות,,500.00,,false,,6.90,0.0138,true,1,192508
7290100702659,false,פתיתים אפויים מקמח מלא סוגת 400ג',,,פתיתים אפויים מקמח מ,,400.00,,false,,6.90,0.0173,true,1,192509
7290100702666,false,פתיתים אפויים עם בצל 400 ג' סוגת,,,פתיתים אפויים עם בצל,,400.00,,false,,6.90,0.0173,true,1,192510
7290100702673,false,פתיתים אפויים 3 צבעים 400 ג' סוגת,,,פתיתים אפויים 3 צבעי,,400.00,,false,,6.90,0.0173,true,1,192511
7290100702741,false,"סוכר חום בהיר בצנצנת 1 ק""ג סוגת",סוגת,IL,סוכר חום קלאסי בקופס,,1000.00,100 גרם,false,,13.90,0.0139,true,1,192517
7290100702987,false,פתיתי שיבולת שועל דק סוגת 500ג',סוגת תעשיות,,פתיתי שיבולת שועל סו,,500.00,,false,,6.90,0.0138,true,1,192528
7290100703007,false,עדשים שחורות בלוגה סוגת 500 גר',האי נאם סי או אל.טי.,IL,עדשים שחורות בלוגה ס,,500.00,,false,,9.90,0.0198,true,1,192529
7290100703458,false,כוסמת לא קלוי 500 ג' סוגת,,,כוסמת ללא קליה סוגת,,500.00,100 גרם,false,,8.90,0.0178,true,1,192548
7290100703533,false,קמח קסם תערובת קמח עם שמרים,"שטיבל בע""מ",IL,קמח קסם סוגת 1קג,,1000.00,100 גרם,false,,9.90,0.0099,true,1,192549
7290100703557,false,"קמח פוקצ'ה 1ק""ג סוגת",קריות זול,,קמח פוקצ'ה סוגת 1קג,,1000.00,100 גרם,false,,7.90,0.0079,true,1,192550
7290100703564,false,פתיתי שיבולת שועל עבה סוגת 500 ג',,,פתיתי שיבולת שועל עב,,500.00,,false,,6.90,0.0138,true,1,192551
7290100703625,false,קמח חיטה לבן ללא צורך בניפוי,סוגת,,קמח חלה ללא צורך ניפ,,1000.00,,false,,9.90,0.0099,true,1,226131
7290100703649,false,"קמח מלא 80% חיטה ללא ניפוי סוגת 1ק""ג",סוגת,,קמח חיטה 80% ללא צור,,1000.00,100 גרם,false,,9.90,0.0099,true,1,226132
7290100703670,false,"קמח כוסמין ללא ניפוי 1 ק""ג סוגת",Unknown,,קמח כוסמין מלא ללא צ,,1000.00,,false,,14.90,0.0149,true,1,226134
7290100703687,false,"קמח חלה ללא ניפוי 1 ק""ג סוגת",סוגת,,קמח חלה ללא צורך ניפ,,1000.00,100 גרם,false,,9.90,0.0099,true,1,226135
7290100703847,false,קוביות סוכר לבן 500 ג' סוגת,,,קוביות סוכר לבן סוגת,,500.00,,false,,9.90,0.0198,true,1,223320
7290100703861,false,"קמח תערובת קסם לחלה 1 ק""ג סוגת",סוגת,IL,קמח תערובת קסם לחלה,,1000.00,100 גרם,false,,9.90,0.0099,true,1,222089
7290100703908,false,סוכר דמררה סוגת בשקי,,,סוכר דמררה סוגת בשקי,,1000.00,,false,,8.90,0.0089,true,1,241143
7290100703915,false,פופקורן להכנה במיקרוגל בטעם חמאה - מארז 6 שקיות,סוגת,,פופקורן למיקרו מארז,,90.00,100 גרם,false,,10.90,0.1211,true,1,225492
7290100703922,false,פופקורן להכנה במיקרוגל בטעם טבעי - מארז 6 שקיות,סוגת,,פופקורן למיקרו מארז,,90.00,,false,,10.90,0.1211,true,1,225493
7290100704066,false,עדשים צהובות 500 ג' סוגת,האי נאם סי או אל.טי.,IL,עדשים צהובות סוגת 50,,500.00,100 גרם,false,,9.90,0.0198,true,1,225672
7290100704141,false,סודה לשתייה 100 ג' סוגת,א.ל. ייצור ושיווק תב,IL,סודה לשתיה סוגת 100ג,,100.00,,false,,2.90,0.0290,true,1,226137
7290100704530,false,סוגת קמח כוסמין לבן ללא צורך בניפוי 1 קג,טחנות קמח שטיבל באר,IL,קמח כוסמין לבן ללא צ,,1000.00,,false,,15.90,0.0159,true,1,244177
7290100850909,false,דוריטוס בטעם נאצ'ו מקסיקני,שטראוס פריטו ליי בע,IL,דוריטוס נאצו מקסיקני,,70.00,100 גרם,false,,4.40,0.0629,true,1,184092
7290100850916,false,דוריטוס בטעם חמוץ חריף,"שטראוס פריטו ליי בע""",IL,דוריטוס חמוץ חריף 70,,70.00,100 גרם,false,,4.40,0.0629,true,1,184093
7290100850923,false,דוריטוס גריל 70 גרם,שטראוס פריטו ליי בע,IL,דוריטוס גריל 70גר,,70.00,100 גרם,false,,4.40,0.0629,true,1,184094
7290100850930,false,דוריטוס דיפ טבעי 70ג,שטראוס פריטו ליי בע,IL,דוריטוס דיפ טבעי 70ג,,70.00,100 גרם,false,,4.40,0.0629,true,1,184095
7290100858592,false,אבקת קקאו עלית שקית 150 ג',הנסיך- מפעל לייצור ט,IL,קקאו עלית 150גר,,150.00,,false,,10.90,0.0727,true,1,209010
7290100858608,false,אבקת קקאו עלית שקית 500 ג',שטראוס גרופ,IL,קקאו עלית 500גר,,500.00,100 גרם,false,,28.90,0.0578,true,1,209011
7290100921593,false,מנקה אסלה סוד 4 כדוריות לאסלה לימון נתלה 50 ג',"הנקל סוד בע""מ",HU,סוד כדוריות לימון לא,,50.00,100 גרם,false,,9.90,0.1980,true,1,210967
7290100921616,false,סוד סבון לאסלה 4 כדוריות בניחוח אורנים 50 ג',הנקל סוד,HU,סוד כדוריות אורנים ל,,50.00,100 גרם,false,,9.90,0.1980,true,1,210969
7290100924457,false,כדוריות סבון נתלה לאסלה לימון רענן - 3 יח',הנקל סוד,HU,כדוריות סוד סבון לאס,,0.00,,false,,16.90,0.0000,true,1,233801
7290100924464,false,כדוריות סבון נתלה לאסלה עם אקונומיקה - 3 יח',הנקל סוד,HU,כדוריות סוד סבון לאס,,0.00,,false,,16.90,0.0000,true,1,233802
7290100925676,false,קולור קאצ'ר- לוכד צבעים בכביסה 20 יח',הנקל סוד,IE,לוכד צבעים קולור קאצ,יחידה,0.00,יחידה,false,,21.90,0.0000,true,1,211040
7290100926598,false,"פרסיל אבקת כביסה 5 ק""ג",פרסיל Persil,IL,פרסיל אבקת כביסה 5קג,קילוגרמים,5.00,"ק""ג",false,,44.90,8.9800,true,1,211079
7290100928516,false,סוד - ג'ל לכביסה ביד 1 ליטר,"הנקל סוד בע""מ",IL,סוד ג'ל לכביסה ביד 1,,1000.00,,false,,15.90,0.0159,true,1,211092
7290101112921,false,גלידל פרי קרחון מופחת קלוריות פירות טרופיים - 8 יח',הגלידות של פלדמן,IL,גלידל פרי מאגדת בטעם,,8.00,,false,,23.90,2.9875,true,1,243160
7290101451105,false,נרות מטה כוכבים ממות,,,נרות מטה כוכבים ממות,יחידה,0.00,יחידה,false,,5.90,0.0000,true,1,186609
7290101488316,false,ליידי ספיד סטיק - דאודורנט סטיק לאישה ללא סימן ורוד סטיק 65 גרם,ליידי ספיד סטיק Lady Speed Stick,US,ליידי ספיד סטיק ללא,,65.00,100 גרם,false,,21.90,0.3369,true,1,185996
7290101551027,false,קפסולות קפה אספרסו חזק במיוחד 14 עלית 10 יח',הנסיך- מפעל לייצור ט,IL,קפסולות מס'14,,50.00,,false,,18.90,0.3780,true,1,226600
7290101551263,false,סילאן טבעי ללא תוספת סוכר,"פוליבה בע""מ",IL,סילאן טבעי יד מרדכי,,700.00,100 גרם,false,,25.90,0.0370,true,1,225603
7290101551300,false,סילאן טבעי ללא תוספת סוכר בקבוק לחיץ,"פוליבה בע""מ",IL,סילאן טבעי לחיץ יד מ,,380.00,100 גרם,false,,18.90,0.0497,true,1,225604
7290101551539,false,יוגורט PRO בטעם אפרסק 0% 20 גרם חלבון בגביע,דנונה - שטראוס,IL,דנונה פרו אפרסק 20 ג,,200.00,100 גרם,false,,6.90,0.0345,true,1,225729
7290101551638,false,חטיף צ'יטוס כאפה בטעם קטשופ - מארז 10 יח',"שטראוס פריטו ליי בע""",IL,ציטוס כאפה אפוי מארז,,200.00,100 גרם,false,,14.50,0.0725,true,1,225895
7290101582397,false,יין מרלו המושבה ביני,בנימינה Binyamina,,יין מרלו המושבה ביני,,750.00,,false,,29.90,0.0399,true,1,232085
7290101821151,false,דבק מגע,,,דבק מגע,יחידה,0.00,יחידה,false,,4.90,0.0000,true,1,231064
7290101863410,false,"סיליט ניקוי עוצמתי מכיל אקונומיקה 750 מ""ל",סיליט באנג Cillit Bang,PL,ספריי מכיל אקונומיקה,,750.00,100 גרם,false,,13.90,0.0185,true,1,200229
7290101864127,false,"ספריי להסרת כתמים 750 מ""ל וניש קליה",קליה וניש Kalia Vanish,IL,קליה אוקסי ספריי 750,,750.00,,false,,24.90,0.0332,true,1,200242
7290101865261,false,"פיניש נוזל הברקה 800 מ""ל",רקיט בנקיזר,PL,פיניש נוזל הברקה למד,,800.00,,false,,21.90,0.0274,true,1,200268
7290101866633,false,ווניש קליה ג`ל להסרת כתמים 3 ל',קליה וניש Kalia Vanish,IL,קליה גל ורוד 3ליטר,,3000.00,100 גרם,false,,29.90,0.0100,true,1,200296
7290101866787,false,מסיר כתמים ומלבין לכביסה לבנה 3 ל וניש קליה,קליה וניש Kalia Vanish,PL,קליה גל לבן 3ליטר,,3000.00,100 גרם,false,,29.90,0.0100,true,1,200303
7290101868958,false,"פיניש נוזל הברקה למדיח בניחוח לימון 500 מ""ל",רקיט בנקיזר,PL,פיניש נוזל הברקה למד,,800.00,,false,,21.90,0.0274,true,1,200351
7290101869702,false,"ג 'ל פיניש AIO MAX מרוכז למדיח 600מ""ל",פיניש רקיט בנקיזר,,פיניש ג'ל למדיח 600מ,,600.00,,false,,37.90,0.0632,true,1,200358
7290101869719,false,ג'ל מרוכז למדיח פיניש all in one max בניחוח לימון,פיניש רקיט בנקיזר,PL,פיניש ג'ל למדיח לימו,,600.00,,false,,37.90,0.0632,true,1,200359
7290101869726,false,ג'ל מרוכז למדיח פיניש all in one max,רקיט בנקיזר,PL,פיניש ג'ל למדיח 1ליט,,1000.00,,false,,45.90,0.0459,true,1,200360
7290101869733,false,ג'ל למדיח פיניש לימון,רקיט בנקיזר,PL,פיניש ג'ל למדיח לימו,,1000.00,,false,,45.90,0.0459,true,1,200361
7290101869788,false,מילוי למכשיר ספריי אוטומטי אואזיס,איירוויק Air Wick,GB,איירוויק מילוי מבשם,,250.00,,false,,19.90,0.0796,true,1,200366
7290101869801,false,איירוויק מכשיר מבשם חשמלי אואזיס,רקיט בנקיזר,GB,אירוויק מבשם אויר מכ,,19.00,100 גרם,false,,25.90,1.3632,true,1,200368
7290101869818,false,אירוויק מכשיר חשמלי מבשם חלום ליל קיץ,איירוויק Air Wick,GB,אירוויק מבשם אויר חש,,19.00,100 גרם,false,,25.90,1.3632,true,1,200369
7290101869832,false,מילוי למכשיר מבשם אויר חשמלי חלום ליל קיץ,איירוויק Air Wick,PL,איירוויק מילוי מבשם,,19.00,,false,,17.90,0.9421,true,1,200371
7290101869917,false,מילוי למכשיר ספריי אוטומטי היער הקסום,איירוויק Air Wick,GB,איירוויק מילוי מבשם,,250.00,,false,,19.90,0.0796,true,1,200374
7290102031276,false,מארז 8 יחידות אקטימל משקה יוגורט בטעם תות בננה,מיוצר עי קונדיטוריית,IL,אקטימל תות בננה 8*10,,800.00,100 גרם,false,,21.90,0.0274,true,1,196375
7290102032334,false,אבקה להכנת משקה קפה בטעם וניל,STRAUSS-ISRAEL,IL,קפה נמס עלית בטעם ונ,,200.00,,false,,29.90,0.1495,true,1,209059
7290102035151,false,אקטיביה 1.5% 150 גרם,STRAUSS-ISRAEL,IL,אקטיביה 1.5% 150גר,,150.00,,false,,3.90,0.0260,true,1,196387
7290102060764,false,מארז זוג מברשות שיניים מרידול,יבואן ומשווק: ש. שסט,CH,מברשות שיניים מרידול,יחידה,0.00,יחידה,false,,29.90,0.0000,true,1,233002
7290102303984,false,טונה במי מלח רוברט 1,Ramirez,PT,טונה רוברט במיים,,0.00,100 גרם,false,,11.90,0.0000,true,1,249680
7290102390427,false,יוגורט ביו עם קציפת תות 3% שומן 150 ג' מולר,מולר Muller,IL,מולר פרופ תות 3% 150,,150.00,100 גרם,false,,5.50,0.0367,true,1,184726
7290102390465,false,יוגורט ביו עם קציפת אפרסק ופסיפלורה 3% שומן 150 ג' מולר,מולר Muller,IL,מולר פרופ אפרסק פסיפ,,150.00,100 גרם,false,,5.50,0.0367,true,1,184729
7290102390489,false,יוגורט ביו עם קציפת לימון 3% שומן 150 ג' מולר,מולר Muller,IL,מולר פרופ לימון 3% 1,,150.00,100 גרם,false,,5.50,0.0367,true,1,184731
7290102391844,false,יוגורט ביו עם קציפת פירות יער3% שומן 150 ג' מולר,מולר Muller,IL,מולר פרופ לבן+קציפת,,150.00,100 גרם,false,,5.50,0.0367,true,1,184793
7290102392049,false,גבינה תבור לאפייה 5% 500 ג' צוריאל,מחלבת משק צוריאל,IL,גבינה תבור לאפייה 5%,,500.00,100 גרם,false,,28.90,0.0578,true,1,184802
7290102392094,false,חלב עיזים 4.1% צוריאל 1 ל' קרטון,מילקו תעשיות בעמ,IL,חלב עיזים צוריאל 1ל,,1000.00,,false,,18.50,0.0185,true,1,184806
7290102392254,false,חלב 1% בקרטון 2 ל' טרה,מילקו תעשיות בעמ,IL,חלב בקרטון טרה 1% 2,,2000.00,100 גרם,false,,11.72,0.0059,true,1,228880
7290102393060,false,מיקס יוגורט גליליות וופל קרם אגוזים 170 ג' מולר,קריות זול,IL,מולר מיקס גליליות 15,,150.00,,false,,6.50,0.0433,true,1,184868
7290102393169,false,סימפלי פרוט יוגורט תות 3% שומן 150 ג' מולר,מולר Muller,IL,מולר סימפלי פרוט תות,,150.00,100 גרם,false,,5.50,0.0367,true,1,184877
7290102393176,false,סימפלי פרוט יוגורט אפרסק 3% שומן 150 ג' מולר,מילקו תעשיות בעמ,IL,מולר סימפלי פרוט אפר,,150.00,100 גרם,false,,5.50,0.0367,true,1,184878
7290102393190,false,סימפלי פרוט פירות היער 3% שומן 150 ג' מולר,מילקו תעשיות בעמ,IL,מולר סימפלי פרוט פיר,,150.00,100 גרם,false,,5.50,0.0367,true,1,184880
7290102393268,false,**טרה גבינה לבנה אריזת חיסכון 5% 750ג,טרה,IL,גבינה לבנה 5% טרה 75,,750.00,,false,,14.94,0.0199,true,1,184884
7290102393299,false,יוגורט עיזים לשתייה 3% שומן 500 ג' צוריאל,מיוצר עי קוד יצרן HG,IL,יוגורט עיזים לשתייה,,500.00,100 גרם,false,,14.90,0.0298,true,1,184885
7290102393848,false,יוגורט עיזים ביו 2.4% תות צוריאל 150ג',משק צוריאל,IL,יוגורט עיזים 3% תות,,150.00,100 גרם,false,,7.50,0.0500,true,1,228882
7290102393855,false,יוגורט עיזים 2.5% אפרסק צוריאל 150ג',מחלבת משק צוריאל,IL,יוגורט עיזים 3% אפרס,,150.00,100 גרם,false,,7.50,0.0500,true,1,228883
7290102393947,false,סימפלי פרוט יוגורט בטעם קיווי 3% שומן 150 ג' מולר,מילקו תעשיות בעמ,IL,מולר סימפלי פרוט קיו,,150.00,100 גרם,false,,5.50,0.0367,true,1,184911
7290102394081,false,מולר מיקס יוגורט קרמי עם קורנפלקס מצופה שוקולד,מילקו תעשייה בעמ,IL,מולר מיקס קורנפקלס מ,יחידה,0.00,יחידה,false,,6.50,0.0000,true,1,184923
7290102394258,false,גבינת מה עז 9% שומן צוריאל 180 ג',מחלבת משק צוריאל,IL,מה עז צוריאל 9% 180ג,,180.00,,false,,25.50,0.1417,true,1,184935
7290102394463,false,נעם גבינה צהובה וואקום 28% 500גרם,Unknown,IL,גבינה צהובה נעם ואקו,,500.00,100 גרם,false,,30.90,0.0618,true,1,184945
7290102394821,false,נעם גבינה צהובה דק דק פ.ח 28% 200גר,מילקו תעשיות בעמ,IL,גבינה צהובה נעם 28%,,200.00,100 גרם,false,,17.90,0.0895,true,1,184954
7290102394845,false,פרוסות גבינת נעם מופחתת שומן 9%,מילקו תעשיות בעמ,IL,גבינה צהובה נעם דק ד,,200.00,100 גרם,false,,18.90,0.0945,true,1,184955
7290102395101,false,גבינה עם ממרח שוקולד 200ג' טרה,מילקו תעשיות בעמ,IL,ממרח על בסיס גבינה ש,,200.00,100 גרם,false,,12.90,0.0645,true,1,184969
7290102395224,false,מארז 8 גביעים יוגורט ביו בטעם טבעי 1.7%,מולר Muller,IL,מולר נטורל 1.7% מארז,,1200.00,100 גרם,false,,19.70,0.0164,true,1,184978
7290102395231,false,מולר נטורל 2.8% ביאנקו מאגדת 8 יח' * 150 ג',מולר Muller,IL,מולר נטורל 2.8% מארז,,1200.00,100 גרם,false,,19.70,0.0164,true,1,184979
7290102395262,false,מארז 8 גביעים יוגורט בטעם תות שדה ואפרסק 3% Simply Fruit,מולר Muller,IL,מולר סימפלי פרוט מאג,יחידה,0.00,יחידה,false,,31.90,0.0000,true,1,184982
7290102395378,false,גבינה צהובה נועם 28% וואקום פרוס 360ג',טרה,IL,גבינה צהובה פרוסה וא,,360.00,,false,,22.90,0.0636,true,1,184985
7290102395439,false,מארז 8 גביעים יוגורט בטעם פירות יער וקיווי 3% Simply Fruit,מילקו תעשיות בעמ,IL,מולר סימפלי פרוט מאג,,1200.00,100 גרם,false,,31.90,0.0266,true,1,184988
7290102395446,false,מעדן חלב בטעם וניל עם קצפת 123 ג' טרה,טרה,IL,מוו וניל קצפת 123גר,,123.00,100 גרם,false,,3.30,0.0268,true,1,184989
7290102395477,false,מעדן חלב בטעם שוקולד עם קצפת 123 ג' טרה,Unknown,IL,מוו שוקולד קצפת 123ג,,123.00,100 גרם,false,,3.30,0.0268,true,1,184992
7290102395521,false,"שמנת לבישול 15% שומן 500 מ""ל טרה",מילקו תעשיות בעמ,IL,שמנת לבישול 15% 500מ,,500.00,,false,,18.70,0.0374,true,1,184996
7290102396399,false,מארז 8 יחידות מעדן חלב בטעם שוקולד 1.5%,טרה,IL,מוו מעדן שוקולד מארז,,800.00,100 גרם,false,,14.90,0.0186,true,1,185046
7290102396405,false,מארז 8 יחידות מעדן חלב בטעם וניל 1.5%,טרה,IL,מוו מעדן וניל מארז 8,,800.00,,false,,14.90,0.0186,true,1,185047
7290102396436,false,מעדן שוקולד 1.5% שומן 125 ג' טרה,טרה,IL,מוו מעדן חלב בטעם שו,,125.00,100 גרם,false,,3.30,0.0264,true,1,185050
7290102396443,false,מעדן וניל 1.5% שומן 125 ג' טרה,טרה,IL,מוו מעדן חלב בטעם ונ,,125.00,100 גרם,false,,3.30,0.0264,true,1,185051
7290102397204,false,פרוסות גבינה 22% שומן 200 ג' נעם,מילקו תעשיות בעמ,IL,גבינה צהובה נעם 22%ד,,200.00,100 גרם,false,,17.90,0.0895,true,1,185101
7290102397310,false,מעדן מיני בטעם שוקולד קצפת מוו מאגדת 8 יח' * 70 ג',טרה,IL,*מבצע* מיני מוו שוקו,,560.00,,false,,11.90,0.0213,true,1,185107
7290102397464,false,יוגורט ביו בתוספת גרעינים אגוזים וחמוציות 170 ג' מולר,מולר Muller,IL,מולר מיקס גרעינים פק,יחידה,0.00,יחידה,false,,6.50,0.0000,true,1,220673
7290102397600,false,מיקס יוגורט בתוספת שקדים ובוטנים מקורמלים 170 ג' מולר,מילקו תעשייה בעמ,IL,מולר מיקס+ שקדים ובו,,170.00,100 גרם,false,,6.50,0.0382,true,1,185125
7290102397617,false,יוגורט ביו קרמי עם כדורים מצופים שוקולד חום לבן,מולר Muller,IL,מולר מיקס קליק 150גר,,150.00,,false,,6.50,0.0433,true,1,185126
7290102397679,false,קוטג' וחצי 5% טרה 375 ג',Unknown,IL,קוטג 5% 375גר טרה,,375.00,,false,,8.70,0.0232,true,1,185128
7290102397730,false,פרוסות גבינה אמנטל חצי קשה 30% שומן 200 ג' נעם,Unknown,IL,גבינה אמנטל נעם 200ג,,200.00,100 גרם,false,,18.90,0.0945,true,1,221715
7290102397747,false,פרוסות גבינת מוצרלה נעם מחלב בקר 22%,טרה,IL,*מבצע* גבינת מוצרלה,,200.00,100 גרם,false,,15.90,0.0795,true,1,223432
7290102397891,false,גבינת מותכת 18% צוריאל 100ג',משק צוריאל,IL,גבינה מותכת צוריאל 1,,100.00,100 גרם,false,,8.50,0.0850,true,1,220677
7290102398065,false,**חלב בקרטון 2 ליטר 3% מהדרין - טרה,Unknown,IL,חלב קרטון 2 ליטר 3%,,2000.00,100 גרם,false,,12.46,0.0062,true,1,221818
7290102398331,false,חלב דל לקטוז 2% מועשר בויטמין D,Unknown,IL,חלב מועשר דל לקטוז 1,,1000.00,100 גרם,false,,8.50,0.0085,true,1,223330
7290102398553,false,משקה חלב בטעם שוקו 2% XL אריזה משפחתית,מילקו תעשיות בעמ,IL,שוקו טרה בקבוק 1.5ל',,1500.00,,false,,17.90,0.0119,true,1,239793
7290102398560,false,שוקו מעושר בבקבוק 1ל' טרה,מילקו תעשיות בעמ,IL,שוקו טרה מועשר 1 ליט,,1000.00,,false,,13.20,0.0132,true,1,225120
7290102398577,false,משקה חלב בטעם שוקו 2% בבקבוק אישי,מילקו תעשיות בעמ,IL,שוקו טרה מועשר 250 מ,,250.00,,false,,5.80,0.0232,true,1,225119
7290102398614,false,משקה חלב בטעם בננה 1 ליטר טרה,מילקו תעשיות בעמ,IL,משקה חלב בטעם בננה 1,,1000.00,,false,,13.20,0.0132,true,1,225121
7290102398782,false,משקה סויה קלאסי צוריאל 1 ל',משק צוריאל,IT,משקה סויה קלאסי 1 לי,,1000.00,,false,,11.90,0.0119,true,1,235155
7290102398799,false,משקה סויה במתיקות מופחתת 1 ליטר משק צוריאל,משק צוריאל,IT,משקה סויה במתיקות מו,,1000.00,,false,,11.90,0.0119,true,1,235156
7290102398836,false,משקה שקדים קלאסי 1 ליטר משק צוריאל,משק צוריאל,IT,משקה שקדים קלאסי 1 ל,,1000.00,,false,,12.90,0.0129,true,1,235159
7290102399048,false,פרוסות גבינת קשקבל נעם 200 ג' טרה,טרה,IL,קשקבל נעם 200גר,,200.00,100 גרם,false,,25.90,0.1295,true,1,239795
7290102399635,false,"מולר פרופ יוגורט ביו עם קציפת קוקוס ואננס 150 מ""ל",מולר Muller,IL,מולר פרופ טרופיקל 4.,,150.00,,false,,5.50,0.0367,true,1,241124
7290102399796,false,מעדן יוגורט לבן מועשר בחלבון 200 ג' מולר אקטיב,מולר Muller,IL,מולר אקטיב 25 יוגורט,,200.00,100 גרם,false,,5.60,0.0280,true,1,235162
7290102399802,false,יוגורט עם תות מולר אקטיב מועשר בחלבון 200 גר',מולר Muller,IL,מולר אקטיב יוגורט 20,,200.00,100 גרם,false,,6.80,0.0340,true,1,235166
7290102399819,false,יוגורט עם פירות יער מולר אקטיב מועשר בחלבון 200 גר',מולר Muller,IL,מולר אקטיב יוגורט 20,,200.00,100 גרם,false,,6.80,0.0340,true,1,235167
7290102586479,false,מפצל 3 T,,,מפצל 3 T,יחידה,0.00,יחידה,false,,9.90,0.0000,true,1,231067
7290102601547,false,כפיות פרמיום שקוף/קרם/לבן/זהב א'ר 50 דנטס,,,כפיות פרמיום שקוף/קר,יחידה,0.00,יחידה,false,,9.90,0.0000,true,1,197784
7290103400194,false,כרוב לבן חתוך טעם הט,"טרופיקל דגיל בע""מ אז",IL,כרוב לבן שטראוס 400ג,,400.00,100 גרם,false,,9.70,0.0242,true,1,196498
7290103400231,false,גזר גוליאן בדצ שטראו,"טרופיקל דגיל בע""מ אז",IL,גזר גוליאן בדצ שטראו,,400.00,100 גרם,false,,9.70,0.0242,true,1,196500
7290103400255,false,לקט לסלט קולסלאו בשקית,"טרופיקל דגיל בע""מ אז",IL,סלט קולסלאו שטראוס 4,,400.00,100 גרם,false,,9.70,0.0242,true,1,196502
7290103401429,false,עלית אוריגינס קצב ברזילאי 200ג,הנסיך- מפעל לייצור ט,IL,קפה מגורען קצב ברזיל,,200.00,100 גרם,false,,29.90,0.1495,true,1,209147
7290103408206,false,עלי חסה ערבית שטופים,שטראוס בריאות ירקות,IL,עלי חסה ערבית שטופים,,250.00,,false,,11.90,0.0476,true,1,196593
7290103700072,false,טאצ' סחבות זיגוג לרצפה שלישיה,,,טאצ' מטליות זיג זג ל,יחידה,0.00,יחידה,false,,8.90,0.0000,true,1,226923
7290103700195,false,שאפו רדיד אלומיניום צר 30*7.5 2יח',"שניב תעשיות נייר בע""",,רדיד אלומיניום צר 30,,2.00,100 גרם,false,,10.90,5.4500,true,1,202540
7290103700225,false,טאצ רדיד אלומיניום ארוך זוג,שניב תעשיות,,שאפו רדיד אלומיניום,יחידה,0.00,יחידה,false,,13.90,0.0000,true,1,202541
7290103700324,false,שאפו זוג שקיות אוכל מתכלות בקרטון 300יח',,,טאצ זוג שקיות אוכל ב,יחידה,0.00,יחידה,false,,10.90,0.0000,true,1,202543
7290103700331,false,שאפו שקית אוכל רב תכ,,,שאפו שקית אוכל רב תכ,יחידה,0.00,יחידה,false,,11.90,0.0000,true,1,202544
7290103700379,false,כריות קרצוף טאצ' 3 יח',"שניב תעשיות נייר בע""",,טאצ' כריות קרצוף 3יח,,3.00,,false,,9.90,3.3000,true,1,202546
7290103700386,false,כריות יפניות טאצ' מארז 6יח',"שניב תעשיות נייר בע""",,טאצ' כריות קרצוף 6יח,יחידה,0.00,יחידה,false,,9.90,0.0000,true,1,202547
7290103700393,false,טאצ' כריות יפניות עבות עם תעלות 4 יח',"שניב תעשיות נייר בע""",,טאצ' כריות יפניות עב,,4.00,,false,,9.90,2.4750,true,1,202548
7290103700652,false,טאצ' ספוג הפלא מארז שישייה,"שניב תעשיות נייר בע""",,טאצ' ספוג הפלא 6יח,יחידה,0.00,יחידה,false,,9.90,0.0000,true,1,230082
7290103701017,false,נייר אפייה נשלף טאצ 50 יחידות כשלפ,"שניב תעשיות נייר בע""",,טאצ' נייר אפייה 50 י,יחידה,0.00,יחידה,false,,9.90,0.0000,true,1,202555
7290103701055,false,כוס קרטון טאץ' ב8 או,"שניב תעשיות נייר בע""",,כוס קרטון טאץ' ב8 או,יחידה,0.00,יחידה,false,,9.90,0.0000,true,1,240703
7290103701093,false,טאצ' מטליות מיקרופייבר לרצפה 2 יח',"שניב תעשיות נייר בע""",,טאצ מטליות מיקרופייב,,7.00,,false,,10.90,1.5571,true,1,202556
7290103701130,false,טאצ' מטליות מיקרופייבר לניקוי כללי 7 יח',,,טאצ מטליות מיקרופייב,,7.00,,false,,10.90,1.5571,true,1,202557
7290103701147,false,רדיד אלומיניום טאצ' 7.5מטר,שניב תעשיות,,רדיד אלומיניום 200 פ,יחידה,0.00,יחידה,false,,27.90,0.0000,true,1,230084
7290103702229,false,מפות שולחן עבות במיו,"שניב תעשיות נייר בע""",,טאצ מפות עבות במיוחד,,8.00,,false,,7.90,0.9875,true,1,202562
7290103702328,false,שקיות אשפה עבות במיו,"שניב תעשיות נייר בע""",,טאצ אשפתון בגליל 25,,25.00,,false,,15.90,0.6360,true,1,202567
7290103702489,false,טאצ נייר טואלט חתוך,,,טאצ נייר טואלט חתוך,יחידה,0.00,יחידה,false,,16.90,0.0000,true,1,230086
7290103702649,false,מארז חמישייה מגבוני טישו דו שכבתי,שניב,IL,ממחטות חמישיה עדן,יחידה,0.00,יחידה,false,,11.90,0.0000,true,1,225567
7290103703219,false,דלי מטליות לחות לניקוי כללי בניחוח לימון טאצ',,,טאצ' מטליות לחות לני,,400.00,,false,,19.90,0.0497,true,1,227536
7290103703370,false,טאצ מגבוני טואלט לחים מארז שלישיה,,,טאצ מגבוני טואלט לחי,יחידה,0.00,יחידה,false,,15.90,0.0000,true,1,225445
7290103703684,false,נייר טאולט לובלי 30,Unknown,,לאבלי נייר טואלט 30,יחידה,0.00,יחידה,false,,29.90,0.0000,true,1,227105
7290103704155,false,נייר מגבת טאצ' 6 גלילים מהדורת 2021,"שניב תעשיות נייר בע""",IL,מגבות טאצ 6 מהדורת 2,יחידה,0.00,יחידה,false,,11.90,0.0000,true,1,249326
7290104061417,false,חומוס טחינה אחלה 400 ג',"שטראוס גרופ בע""מ",IL,חומוס טחינה אחלה קלא,,400.00,100 גרם,false,,11.50,0.0288,true,1,196624
7290104061431,false,חומוס אחלה עם צנובר 400 ג',"שטראוס גרופ בע""מ",IL,חומוס צנובר אחלה קלא,,400.00,,false,,11.50,0.0288,true,1,196626
7290104061448,false,חומוס עם חריף 400 ג' אחלה,מיוצר עי קונדיטוריית,IL,חומוס חריף אחלה קלאס,,400.00,,false,,11.50,0.0288,true,1,196627
7290104062599,false,מארז 8 יחידות מעדן גמדים בטעמי תות ובננה,STRAUSS-ISRAEL,IL,גמדים תות בננה 8*100,,800.00,,false,,20.90,0.0261,true,1,196636
7290104065187,false,אבקה להכנת משקה קפה בטעם מוקה,STRAUSS-ISRAEL,IL,קפה נמס בטעם מוקה על,,200.00,,false,,21.90,0.1095,true,1,209283
7290104065934,false,שטראוס עלי רוקט 150ג,שטראוס בריאות ירקות,IL,שטראוס עלי רוקט 150ג,,150.00,,false,,11.90,0.0793,true,1,196664
7290104066566,false,טחינה שומשום מלא אחלה 500 גר',מיוצר עי קונדיטוריית,IL,טחינה משומשום מלא אח,,400.00,100 גרם,false,,16.90,0.0422,true,1,196672
7290104068546,false,גומי מאסט בטעם לימון קולה ללא סוכר 28 ג' עלית,"שטראוס גרופ בע""מ",IL,מסטיק מאסט קולה 28גר,,28.00,100 גרם,false,,5.50,0.1964,true,1,209333
7290104500572,false,אפרופו חטיף איטליאנו 50 ג' אסם,מיוצר עי קונדיטוריית,IL,אפרופו חטיף איטליאנו,,50.00,,false,,5.50,0.1100,true,1,177682
7290104501661,false,אינסטנט פודינג בטעם וניל צרפתי,מיוצר עי קונדיטוריית,IL,פודינג וניל צרפתי אס,,80.00,,false,,5.90,0.0738,true,1,177686
7290104504228,false,מארז אריזות מיני חטיף דובונים - 5 יח',"אסם השקעות בע""מ",IL,דובונים מולטיפק אסם,,100.00,100 גרם,false,,14.90,0.1490,true,1,177727
7290104721533,false,רצועות פלפלים קלויים אחלה 400 ג',מיוצר עי קונדיטוריית,IL,פלפלים קלויים אחלה ט,,400.00,100 גרם,false,,16.90,0.0422,true,1,196713
7290104721762,false,קפה טורקי עלית מארז 85X3ג',,,קפה טורקי עלית מארז,,255.00,,false,,18.90,0.0741,true,1,209362
7290104721953,false,לקט סלט מסולסלים 7 סוגי עלים,שטראוס בריאות ירקות,IL,לקט מסולסלים ירקות ש,,350.00,100 גרם,false,,14.50,0.0414,true,1,196719
7290104722530,false,תפוצ'יפס בטעם שמנת ובצל,"שטראוס פריטו ליי בע""",IL,תפוציפס שמנת בצל 200,,200.00,100 גרם,false,,13.20,0.0660,true,1,184200
7290104726262,false,מארז 4 יחידות דני לשתייה בטעם שוקולד + קשים,מיוצר עי קונדיטוריית,IL,דני תות לשתיה מארז ר,יחידה,500.00,יחידה,false,,12.70,0.0254,true,1,196770
7290104726712,false,מארז 8 יחידות מעדן מילקי בטעם שוקולד עם קצפת,"שטראוס גרופ בע""מ",IL,מילקי שמינייה מארז 8,,1064.00,100 גרם,false,,22.90,0.0215,true,1,196779
7290104728310,false,"שמנת עמידה לקצפת 38% שומן 250 מ""ל יוטבתה",מחלבת יטבתה,IL,שמנת עמידה לקצפת 38%,,250.00,100 גרם,false,,6.47,0.0259,true,1,196793
7290104960239,false,"תחליב רחצה נקה 7 ארומה לבן 750 מ""ל",טרופיקל דגיל תעשיות,IL,נקה 7 תחליב רחצה ארו,,750.00,100 גרם,false,,12.90,0.0172,true,1,181149
7290104960253,false,"תחליב רחצה נקה 7 לבנדר סגול 750מ""ל",טרופיקל דגיל תעשיות,IL,נקה 7 תחליב רחצה ארו,,750.00,,false,,12.90,0.0172,true,1,181151
7290104960338,false,"נקה 7 תחליב רחצה ארומה אלוורה ותה ירוק 750מ""ל",אמיליה קוסמטיקס,IL,נקה 7 תחליב רחצה ארו,,750.00,,false,,12.90,0.0172,true,1,181152
7290104960352,false,"נקה 7 תחליב רחצה ארומה שקד וניל 750מ""ל",אמיליה קוסמטיקס,IL,נקה 7 תחליב רחצה ארו,,750.00,100 גרם,false,,12.90,0.0172,true,1,181154
7290104961205,false,"נקה 7 תחליב רחצה מגע קטיפה מ""לפפון קיווי 750 מ""ל",טרופיקל דגיל תעשיות,IL,נקה 7 תחליב רחצה מגע,,750.00,100 גרם,false,,12.90,0.0172,true,1,181157
7290104961250,false,"נקה 7 תחליב רחצה מגע קטיפה וניל מאסק 750 מ""ל",טרופיקל דגיל תעשיות,IL,נקה 7 תחליב רחצה מגע,,750.00,100 גרם,false,,12.90,0.0172,true,1,181160
7290104961878,false,"שמפו לשיער קרטין אינטנס פורמולה 400 מ""ל נטורל",נטורל פורמולה Natural Formula,IL,שמפו קרטין אינטנס נט,,400.00,,false,,31.90,0.0797,true,1,181168
7290104961885,false,מרכך קרטין טהור לשיער שעבר החלקה או עיצוב בחום,נטורל פורמולה Natural Formula,IL,מרכך קרטין אינטנס נט,,400.00,,false,,31.90,0.0797,true,1,181169
7290104961892,false,מסכת קרטין טהור לשיער שעבר החלקה או עיצוב בחום,נטורל פורמולה Natural Formula,IL,מסיכה לשיער נטורל פו,,350.00,,false,,39.90,0.1140,true,1,214442
7290105360250,false,קפסולות 09 עשיר וארומטי למכונת נספרסו עלית 10יח',הנסיך- מפעל לייצור ט,IL,קפסולות מס9 עשיר ואר,יחידה,0.00,יחידה,false,,18.90,0.0000,true,1,209446
7290105360328,false,קפסולות אספרסו חזק למכונות נספרסו 10 יח',הנסיך- מפעל לייצור ט,IL,קפסולות מס'10 חזק וע,יחידה,0.00,יחידה,false,,18.90,0.0000,true,1,209447
7290105360335,false,קפסולות קפה אספרסו עדין וקטיפתי,הנסיך- מפעל לייצור ט,IL,קפסולות מס7 עדין וקט,יחידה,0.00,יחידה,false,,18.90,0.0000,true,1,209448
7290105360762,false,שמן כתית מעולה עדין 1,מכוורת יד מרדכי שטרא,IL,שמן זית כתית מעולה 1,,750.00,100 גרם,false,,36.90,0.0492,true,1,230392
7290105362339,false,"שמנת לבישול 15% 250 מ""ל יטבתה מהדרין",מחלבת יטבתה,IL,שמנת לבישול 15% יטבת,,250.00,,false,,9.20,0.0368,true,1,196844
7290105363602,false,כיף כף - מקלות קלאסי 40 גרם,"איי, בי, אינבוו",TR,כיף כף מקלות קלאסי 4,,40.00,100 גרם,false,,6.50,0.1625,true,1,209482
7290105364289,false,כיף כף - מקלות פצפוצים 40 גרם,"איי, בי, אינבוו",TR,כיף כף מקלות פצפוצים,,40.00,100 גרם,false,,6.50,0.1625,true,1,209485
7290105364678,false,משקה אקטיביה בטעם אפרסק 1.3% שומן 265 ג' דנונה,מיוצר עי קונדיטוריית,IL,אקטיביה משקה בטעם אפ,,250.00,,false,,5.80,0.0232,true,1,196867
7290105366023,false,חציל אחלה בטעם כבד 400 גר' אחלה,מיוצר עי קונדיטוריית,IL,חציל טעם כבד אחלה טע,,400.00,100 גרם,false,,16.90,0.0422,true,1,196886
7290105366047,false,טחינה אחלה לבנה 400 גר',מיוצר עי קונדיטוריית,IL,טחינה לבנה אחלה טעמי,,400.00,100 גרם,false,,16.90,0.0422,true,1,196888
7290105366993,false,סימפוניה גבינה במרקם שמנת פלפל שיפקה חריף 5%,"שטראוס בריאות בע""מ",IL,סימפוניה פלפל שיפקה,,200.00,100 גרם,false,,11.90,0.0595,true,1,196897
7290105368331,false,מעדן מילקי בטעם תות עם קצפת,מחלבת אחיהוד,IL,מילקי תות,,170.00,,false,,3.10,0.0182,true,1,196931
7290105368928,false,"שמנת 9% שומן 200 מ""ל יוטבתה",מחלבת יטבתה,IL,שמנת 9% יטבתה 200מל,,200.00,,false,,3.70,0.0185,true,1,196950
7290105369130,false,סימפוניה גבינה במרקם שמנת בצל ירוק 5%,"שטראוס בריאות בע""מ",IL,סימפוניה בצל ירוק 5%,,200.00,100 גרם,false,,11.90,0.0595,true,1,196960
7290105431516,false,פרי חטיפי בריאות מארז 5 תמרים בוטנים,טבעית מוצרים מן הטבע,IL,פרי חטיף תמרים בוטני,,125.00,,false,,18.90,0.1512,true,1,186098
7290105431868,false,"פלמוליב ספא קוקוס גרגרים 500 מ""ל",הנסיך- מפעל לייצור ט,TR,פלמוליב תחליב רחצה ס,,500.00,100 גרם,false,,17.50,0.0350,true,1,186103
7290105439499,false,מיונז הולנדי 481 ג' מאסטר שף,רמיה סי.וי. הולנד,NL,מיונז מאסטר שף 480 ג,,480.00,100 גרם,false,,11.90,0.0248,true,1,186126
7290105439505,false,קרם בטעם מיונז לייט מנה 479 ג' מאסטר שף,רמיה סי.וי. הולנד,NL,ממרח מיונז לייט מאסט,,479.00,100 גרם,false,,11.90,0.0248,true,1,186127
7290105500151,false,וודקה פינלנדיה בקבוק,"אלטיה קורפ, הלסינקי,",FI,וודקה פינלנדיה 700 מ,,700.00,100 גרם,false,,69.90,0.0999,true,1,171378
7290105500236,false,וויסקי ג'ק דניאלס מס' 7 Brand No,ג'ק דניאלס Jack Daniel's,US,וויסקי ג'ק דניאלס 70,,700.00,,false,,119.90,0.1713,true,1,171379
7290105500953,false,"וויסקי ג'ק דניאלס דבש 700 מ""ל",ג'ק דניאל'ס,BE,וויסקי ג'ק דניאלס דב,,700.00,100 גרם,false,,119.90,0.1713,true,1,171382
7290105691248,false,פריכונים חטיפי טורטיה תירס 60 ג' אוסם,"מיוצר ע""י PT, משווק",IL,פריכונים חטיפי טורטי,,60.00,100 גרם,false,,9.50,0.1583,true,1,177798
7290105693341,false,במבה מארז 10 יח' * 25 ג' אסם,"אסם השקעות בע""מ",IL,*מבצע* במבה מארז אסם,,250.00,100 גרם,false,,15.90,0.0636,true,1,177838
7290105695024,false,אסם פתיתים אפויים אורז עם אטריות 500 גר,"אסם השקעות בע""מ",IL,פתיתים אפויים אורז ע,,500.00,100 גרם,false,,7.90,0.0158,true,1,177875
7290105962331,false,זחוק אדום תימני מקורי חריף מאוד,קריניסה ויטמין אס אי,IL,סחוג חריף אדום מאוד,,220.00,100 גרם,false,,13.90,0.0632,true,1,196978
7290105965738,false,יוגורט לשתיה בטעם תות בננה267 ג' דנונה,מיוצר עי קונדיטוריית,IL,דנונה לשתיה תות בננה,,250.00,,false,,5.70,0.0228,true,1,197007
7290105966469,false,"חומץ בלסמי יד מרדכי 250מ""ל",אצטייה ג'וזפה קרמוני,IT,חומץ בלסמי יד מרדכי,,2500.00,,false,,19.90,0.0080,true,1,209598
7290105968098,false,סלט קולסלאו אחלה 500 ג',אחלה - שטראוס,IL,קולסלאו אחלה 500גר,,500.00,100 גרם,false,,16.90,0.0338,true,1,197032
7290105968654,false,רביולי בטטה פרווה פסטה נונה 400 ג',מיוצר עי קונדיטוריית,IL,רביולי בטטה שטראוס 4,,400.00,100 גרם,false,,22.50,0.0563,true,1,197033
7290105968777,false,פריכיות עם תחתית שוקולד מריר 70 ג' אנרגי,"טחנת האבן תעשיות בע""",IL,פריכיות תחתית שוקולד,,80.00,100 גרם,false,,9.70,0.1212,true,1,209616
7290106520066,false,רבע לשבע במילוי קרם אגוזים ובציפוי שוקולד חלב,הגביע מוצרי וופלים ב,IL,רבע לשבע גלילי וופל,,160.00,100 גרם,false,,13.50,0.0844,true,1,209619
7290106520288,false,יוגורט פרו חלבון עם תות 2.4% שומן 150 ג' דנונה,"שטראוס בריאות בע""מ",IL,דנונה WOW תות 150 ג,,150.00,100 גרם,false,,5.20,0.0347,true,1,197035
7290106520905,false,סלט טורקי עם פלפל קל,"שטראוס גרופ בע""מ",IL,סלט טורקי אחלה טעמי,,400.00,100 גרם,false,,16.90,0.0422,true,1,197051
7290106520912,false,"שמנת לבישול 9% 250 מ""ל יטבתה",מחלבת יטבתה,IL,שמנת לבישול 9% יטבתה,,250.00,,false,,9.20,0.0368,true,1,197052
7290106521049,false,קוביות סלק אחלה 400 גר',מיוצר עי קונדיטוריית,IL,סלטי קוביות סלק אחלה,,400.00,100 גרם,false,,16.90,0.0422,true,1,197061
7290106524439,false,תפוצ'יפס טבעי פופס 60גר',"שטראוס פריטו ליי בע""",IL,תפוציפס פופס 60גר,,60.00,100 גרם,false,,4.40,0.0733,true,1,223386
7290106525320,false,אבקת שוקולית לאפייה קופסא 500ג' עלית,הנסיך- מפעל לייצור ט,IL,שוקולית לאפיה 500גר,,500.00,100 גרם,false,,17.90,0.0358,true,1,214457
7290106525399,false,קפסולות 06 ברזיל למכונות נספרסו עלית 10יח',הנסיך- מפעל לייצור ט,IL,קפסולות ברזיל 06 למכ,,50.00,,false,,18.90,0.3780,true,1,209656
7290106525405,false,קפסולות למכונת נספרסו נטול קפאין,שטראוס קפה בי.וי,IL,קפסולות מס7 נטול קופ,יחידה,0.00,יחידה,false,,18.90,0.0000,true,1,209657
7290106528567,false,דוריטוס גריל עלית 185 ג',הנסיך- מפעל לייצור ט,IL,דוריטוס גריל 185גר,,185.00,100 גרם,false,,9.40,0.0508,true,1,184284
7290106528628,false,דוריטוס טבעי עלית 185 ג',"שטראוס פריטו ליי בע""",IL,דוריטוס טבעי 185גר,,185.00,100 גרם,false,,9.40,0.0508,true,1,184285
7290106528949,false,סלט ערוגות טעם הטבע,שטראוס בריאות ירקות,IL,לקט ערוגות שטראוס 45,,450.00,100 גרם,false,,13.50,0.0300,true,1,197113
7290106572027,false,אוסם - לחמית חמישה דגנים 190 גרם,"אסם השקעות בע""מ",IL,לחמית חמישה דגנים אס,,190.00,100 גרם,false,,9.90,0.0521,true,1,177913
7290106572065,false,אוסם - חטיפי טורטיה תירס חמוץ מתוק 60ג,"מיוצר ע""י PT, משווק",IL,פריכונים חטיפי טורטי,,60.00,,false,,8.50,0.1417,true,1,177914
7290106573598,false,צבר חומוס לבנוני 400גרם,סלטי צבר,IL,חומוס לבנוני צבר 400,,400.00,,false,,12.90,0.0323,true,1,177938
7290106573642,false,צבר חומוס צנובר 400גרם,סלטי צבר,IL,חומוס צנובר צבר 400ג,,400.00,100 גרם,false,,12.90,0.0323,true,1,177940
7290106574793,false,עוגת הבית שוקו שוקוצ''יפס 350 ג' אסם,מיוצר עי קונדיטוריית,IL,עוגת הבית שוקו שוקוצ,,350.00,,false,,14.90,0.0426,true,1,177961
7290106574953,false,בייגלה שטוחים כעכים שטוחים עם שומשום,מיוצר עי קונדיטוריית,IL,בייגלה שטוחים שומשום,,300.00,100 גרם,false,,11.90,0.0397,true,1,177962
7290106574977,false,בייגלה שטוחים כעכים שטוחים עם מלח,מיוצר עי קונדיטוריית,IL,בייגלה שטוחים עם מלח,,300.00,,false,,11.90,0.0397,true,1,177963
7290106575431,false,עוגת הבית סופלה בטעם שוקוניל 340 ג' אסם,מיוצר עי קונדיטוריית,IL,עוגת הבית סופלה בטעם,,340.00,,false,,14.90,0.0438,true,1,177975
7290106576513,false,סלט חומוס צבר 400 גר,סלטי צבר,IL,חומוס צבר 400גר,,400.00,100 גרם,false,,10.90,0.0273,true,1,177993
7290106576537,false,צבר חומוס מסעדה 700 גר,סלטי צבר,IL,*מבצע* חומוס מסעדות,,700.00,100 גרם,false,,12.00,0.0171,true,1,177994
7290106576797,false,"לה קרמריה גלידת וניל איטלקי כשל""פ 1.4ל'",תות תעשיות מזון (201,IL,לה קרמריה וניל איטלק,,1400.00,100 גרם,false,,22.90,0.0164,true,1,183959
7290106576810,false,גלידה לה קרמריה ריבת חלב 1.4 ל' נסטלה,המאפיה של הרמן,IL,לה קרמריה ריבת חלב 1,,1400.00,,false,,22.90,0.0164,true,1,183960
7290106576834,false,גלידה לה קרמריה פונטש בננה1.4 ל' נסטלה,תות תעשיות מזון (201,IL,לה קרמריה פונטש בננה,,1400.00,,false,,22.90,0.0164,true,1,183961
7290106576858,false,גלידה לה קרמריה תותים בשמנת 1.4 ל' נסטלה,המאפיה של הרמן,IL,לה קרמריה תותים בשמנ,,1400.00,,false,,22.90,0.0164,true,1,183962
7290106576957,false,"לה קרמריה גלידת שוקו וניל פליק פרווה כשל""פ 1.4",תות תעשיות מזון (201,IL,לה קרמריה שוקו וניל,,1400.00,100 גרם,false,,22.90,0.0164,true,1,183966
7290106576971,false,גלידה לה קרמריה שוקולד בלגי 1.4 ל' נסטלה,תות תעשיות מזון (201,IL,לה קרמריה שוקולד בלג,,1400.00,,false,,22.90,0.0164,true,1,183967
7290106576995,false,גלידה סורבה לה קרמריה תות מנגו לייט 1.4 ל' נסטלה,המאפיה של הרמן,IL,לה קרמריה סורבה תות,,1400.00,100 גרם,false,,22.90,0.0164,true,1,183968
7290106577039,false,גלידה לה קרמריה שוקו וניל פליק 1.4 ל' נסטלה,תות תעשיות מזון (201,IL,לה קרמריה וניל שוקו,,1400.00,,false,,22.90,0.0164,true,1,183969
7290106577282,false,צבר טחינה מרובע 400גרם,סלטי צבר,IL,טחינה צבר 400גרם,,400.00,100 גרם,false,,12.90,0.0323,true,1,177999
7290106577527,false,סלט קולסלאו כרוב לבן וגזר 400 ג' צבר,סלטי צבר,IL,סלט קולסלאו צבר 400,,400.00,100 גרם,false,,12.90,0.0323,true,1,178007
7290106577541,false,כרוב אדום מרובע 400 ג' צבר,סלטי צבר,IL,כרוב אדום צבר 400גרם,,400.00,,false,,12.90,0.0323,true,1,178008
7290106577572,false,צבר מטבוחה מרובע 400גרם,סלטי צבר,IL,מטבוחה צבר 400גרם,,400.00,100 גרם,false,,12.90,0.0323,true,1,178009
7290106578692,false,אוסם - במבה ביסלי מיקס 80 גרם,פרו מן יו פתרונות אר,IL,במבה ביסלי מיקס 80 ג,,80.00,,false,,4.90,0.0613,true,1,178021
7290106653504,false,בוטנים אמריקאים סבבה ברבקיו 50גר',"שטראוס פריטו ליי בע""",IL,בוטנים ברביקיו 50 גר,,50.00,100 גרם,false,,3.40,0.0680,true,1,227708
7290106653689,false,לקט לסלט בסגנון אסייתי,שטראוס בריאות ירקות,IL,לקט לסלט אסייתי שטרא,,350.00,100 גרם,false,,13.50,0.0386,true,1,197145
7290106654099,false,מילקי CAKE עוגות אישיות במילוי קרם חלב,STRAUSS-ISRAEL,,מארז מילקי קייק שמינ,,272.00,100 גרם,false,,21.90,0.0805,true,1,197148
7290106656734,false,עוגיות חיוכים וניל 600 ג'רם,אפיפית נצרת,IL,עוגיות חיוכים וניל ב,,600.00,100 גרם,false,,19.90,0.0332,true,1,209734
7290106658479,false,עלית וופל בטעם טורטית אגוזים 360גר,"שטראוס גרופ בע""מ",IL,טורטית מגדים 40גר,,40.00,100 גרם,false,,4.90,0.1225,true,1,209746
7290106660410,false,רביולי תרד וגבינה שטראוס 400 ג',מיוצר עי קונדיטוריית,IL,רביולי תרד וגבינה שט,,400.00,100 גרם,false,,22.50,0.0563,true,1,197181
7290106663091,false,לאבנה טבעי 9% שטראוס 500ג',הדקלאים אגודת שיתופי,IL,לאבנה 9 % 500 גר שטר,,500.00,100 גרם,false,,19.90,0.0398,true,1,197202
7290106663121,false,מילקי cake עוגה אישית 34 גרם,בובארד איטליה אס.פי.,IT,מילקי קייק 34 גר,,34.00,100 גרם,false,,3.70,0.1088,true,1,197203
7290106663503,false,יד מרדכי קונפיטורת לייט תות 230 גר,אף.סי תבליני בגליל ב,IL,קונפיטורת לייט תות י,,250.00,,false,,13.90,0.0556,true,1,209801
7290106663558,false,"רוטב טריאקי ורימון יד מרדכי 280מ""ל",אף.סי תבליני בגליל ב,IL,רוטב טריאקי רימון יד,,320.00,100 גרם,false,,14.90,0.0466,true,1,209806
7290106664067,false,לאבנה עם שמן זית וזעתר 10% שטראוס 400 ג',הדקלאים אגודת שיתופי,IL,לאבנה שמן זית וזעתר,,400.00,100 גרם,false,,16.50,0.0413,true,1,197211
7290106666788,false,עלית - סוכריות נוסטלגיה דבש ממולאות 80 גרם,פלזנסקי,IL,סוכריות נוסטלגיה דבש,,80.00,100 גרם,false,,6.50,0.0813,true,1,209825
7290106667266,false,דוריטוס חמוץ חריף עלית 185 ג',הנסיך- מפעל לייצור ט,IL,דוריטוס חמוץ חריף 18,,185.00,100 גרם,false,,9.40,0.0508,true,1,184362
7290106668577,false,"מיץ לימון טבעי יד מרדכי 250 מ""ל",האי נאם סי או אל.טי.,IT,מיץ לימון טבעי 250 מ,,250.00,,false,,9.50,0.0380,true,1,214637
7290106668713,false,יוגורט עם פירות יער 3% שומן 150 ג' דנונה,מיוצר עי קונדיטוריית,IL,דנונה פירות יער 3% 1,,150.00,100 גרם,false,,4.50,0.0300,true,1,197237
7290106669857,false,קפסולות 06 אספרסו בטעם וניל עלית 10יח',הנסיך- מפעל לייצור ט,IL,קפסולות אספרסו בטעם,,50.00,,false,,18.90,0.3780,true,1,220516
7290106720626,false,צ'יטוס קראנצ' בטעם גבינה - חלבי,"שטראוס פריטו ליי בע""",IL,ציטוס קראנצ בטעם גבי,,80.00,100 גרם,false,,5.10,0.0637,true,1,220878
7290106721913,false,מסטיק מאסט MUST ללא סוכר בטעם מנטה מרעננת,"שטראוס גרופ בע""מ",IL,מסטיק מאסט ריח פה צ',,66.00,,false,,10.90,0.1652,true,1,209881
7290106721920,false,צנצנת מסטיק מאסט בטעם ספירמינט עדין 66 ג' עלית,"שטראוס גרופ בע""מ.",IL,מסטיק מאסט ספירימינט,,66.00,,false,,10.90,0.1652,true,1,209882
7290106723689,false,עלי תרד בייבי שטראוס,שטראוס בריאות ירקות,IL,עלי תרד בייבי שטראוס,,200.00,,false,,11.90,0.0595,true,1,197254
7290106724488,false,דנונה טבעי פרוביוטי 1.7% טבעי 150ג',שטראוס,IL,דנונה טבעי 1.7% 150מ,,150.00,,false,,2.50,0.0167,true,1,197256
7290106725867,false,"סירופ מייפל טהור 189 מ""ל יד מרדכי",קוסלסי פוד,CA,*מבצע* סירופ מייפל ט,,189.00,,false,,25.90,0.1370,true,1,209936
7290106726178,false,יוגורט PRO עם פירות יער 2.4% 10 גרם חלבון בגביע,מיוצר עי קונדיטוריית,IL,דנונה WOW פירות יער,,150.00,,false,,5.20,0.0347,true,1,197265
7290106727984,false,כיף כף פצפוצים ושוקולד 135 ג',שולן צ'יקולטה גידה ס,TR,כיף כף גביע פצפצים 1,,135.00,,false,,11.90,0.0881,true,1,209940
7290107280013,false,מגבונים ליטופים ללא בושם חמישיה,,,מגבוני ליטופים חמישי,,5.00,,false,,21.90,4.3800,true,1,232870
7290107280020,false,מטליות לחות סנו סושי לניקוי כללי שלישיה *50 יח',טרופיקל דגיל- תעשיות,IL,מגבוני ניקוי כללי סנ,יחידה,0.00,יחידה,false,,21.90,0.0000,true,1,232871
7290107280099,false,מגבוני טואלט לחים סנו סופט שלישייה * 48 יח',טרופיקל דגיל- תעשיות,IL,מגבוני טואלט סופט של,יחידה,0.00,יחידה,false,,19.90,0.0000,true,1,214465
7290107280341,false,ריצפז מטליות לחות לניקוי הרצפה בניחוח מלון מפנק,"סנו מפעלי ברונוס סע""",IL,ריצפז מטליות לחות לנ,יחידה,0.00,יחידה,false,,13.90,0.0000,true,1,239236
7290107280549,false,"סנו - K400 קוטל זבובים ויתושים 300 מ""ל","סנו מפעלי ברונוס בע""",IL,K-400 קוטל חרקים וזו,יחידה,0.00,יחידה,false,,14.90,0.0000,true,1,181221
7290107280570,false,סנו - מקסימה ג'ל כביסה מרוכז לכביסה צבעונית 3 ליטר,מיוצר עי קונדיטוריית,IL,סנו מקסימה גל לכביסה,ליטרים,3.00,ליטר,false,,33.90,11.3000,true,1,181223
7290107280709,false,"סנו ספארק נוזל הברקה למדיח 700 מ""ל","סנו מפעלי ברונוס בע""",IL,סנו ספארק נוזל הברקה,,900.00,,false,,15.90,0.0177,true,1,181231
7290107280723,false,נוזל לניקוי כלים סנו ספארק Spark בניחוח לימון רענן,סנו כימיקלים,IL,ספארק נוזל לניקוי כל,,700.00,,false,,10.90,0.0156,true,1,181233
7290107280747,false,נוזל לניקוי כלים סנו ספארק Spark קלאסי,סנו כימיקלים,IL,ספארק נוזל לניקוי כל,,700.00,,false,,10.90,0.0156,true,1,181235
7290107280761,false,נוזל לניקוי כלים בניחוח לימון רענן סנו ספארק Spark,מיוצר עי קונדיטוריית,IL,סנו ספארק משאבה לימו,,1000.00,,false,,13.90,0.0139,true,1,181237
7290107341332,false,מטען רכב מיקרו IMX,,,מטען רכב מיקרו IMX,יחידה,0.00,יחידה,false,,39.90,0.0000,true,1,241477
7290107341356,false,כבל אייפון imx,,,כבל אייפון IMX,יחידה,0.00,יחידה,false,,19.90,0.0000,true,1,242021
7290107341370,false,כבל טפייסי imx,,,כבל טייפסי IMX,יחידה,0.00,יחידה,false,,19.90,0.0000,true,1,241480
7290107646062,false,אבקת מרק בצל רכיבים טבעיים קנור 400 ג',יוניליוור ישראל מזון,IL,מרק בצל רכיבים טבעיי,,400.00,100 גרם,false,,25.90,0.0647,true,1,224374
7290107647731,false,קוקומן חום לבן בטעם שוקולד ווניל,אתר שפע,,קוקומן חום לבן בדצ 3,,375.00,100 גרם,false,,21.90,0.0584,true,1,222412
7290107648974,false,רוטב עגבניות בזיליקום 415 ג' קינור,יוניליוור,IT,רוטב לפסטה בזיליקום,,415.00,100 גרם,false,,11.90,0.0287,true,1,225946
7290107648981,false,רוטב עגבניות קלאסי פומודורו 415 ג' קנור,מיוצר עי קונסורזייו,IT,רוטב לפסטה פומודורו,,415.00,100 גרם,false,,11.90,0.0287,true,1,224252
7290107871990,false,פסטה צינורות 500 ג' אסם,פסטה זארה,IT,פסטה צינורות אסם 500,,500.00,,false,,6.90,0.0138,true,1,178065
7290107874502,false,ביסלי גריל מארז 4 יח' * 55 ג' אסם,מיוצר עי קונדיטוריית,IL,ביסלי גריל מארז אסם,,220.00,100 גרם,false,,13.90,0.0632,true,1,178105
7290107875271,false,ביסלי ברביקיו מארז 4 יח' * 55 ג' אסם,,,ביסלי ברביקיו מארז א,,220.00,,false,,13.90,0.0632,true,1,178116
7290107875400,false,גלידה לה קרמריה פיסטוק מוקה 1.4 ל' נסטלה,המאפיה של הרמן,IL,לה קרמריה פיסטוק מוק,,1400.00,,false,,22.90,0.0164,true,1,183989
7290107875820,false,קרוטונים אפויים בתיבול ביתי אוסם 180 ג',עינת תעשיות מזון,IL,קרוטונים אפויים בתיב,,180.00,100 גרם,false,,12.90,0.0717,true,1,228664
7290107930321,false,קונפיטורה דובדבן יד מרדכי 340 ג',בית אל מזון,IL,קונפיטורת דובדבן יד,,340.00,100 גרם,false,,15.90,0.0468,true,1,209955
7290107931397,false,כיף כף פצפוצים ביסקוויט 40ג',שולן צ'יקולטה גידה ס,TR,כיף כף פצפצים 40גר,,40.00,100 גרם,false,,6.50,0.1625,true,1,209969
7290107932080,false,חלב בבקבוק 3% שומן 1 ל' יוטבתה,מחלבת יטבתה,IL,חלב 3% מועשר בבקבוק,,1000.00,,false,,8.30,0.0083,true,1,197303
7290107932134,false,חלב בבקבוק 1% שומן 1 ל' יוטבתה,מחלבת יטבתה,IL,חלב מועשר 1% בבקבוק,,1000.00,,false,,8.30,0.0083,true,1,197305
7290107933155,false,לקט סלנובה טעם הטבע,שטראוס בריאות ירקות,IL,לקט סלנובה 200גר,,200.00,100 גרם,false,,14.90,0.0745,true,1,197307
7290107934473,false,מארז 8 יח' אקטיביה יוגורט קרמי 1.5% שומן,דנונה - שטראוס,IL,אקטיביה מארז שמינייה,,1200.00,100 גרם,false,,22.90,0.0191,true,1,197322
7290107936309,false,דנונה יוגורט 7% יווני לבן 130 ג',"שטראוס בריאות בע""מ",IL,דנונה יווני לבן 130ג,,130.00,100 גרם,false,,3.90,0.0300,true,1,197333
7290107936958,false,עד חצות ביסקוויט אצבעות שוקולד 125 גרם,הדקלאים אגודת שיתופי,FR,עד חצות ביסקוויט אצב,,125.00,100 גרם,false,,12.90,0.1032,true,1,222532
7290107936965,false,עד חצות עוגיות עיגולים 225 גר',ביסקווטרי עוגיות סנט,FR,עד חצות ביסקוויט עיג,,225.00,100 גרם,false,,15.90,0.0707,true,1,222533
7290107937542,false,משקה יוגורט אקטיביה עם תות 1.2% שומן,מיוצר עי קונדיטוריית,IL,אקטיביה משקה תות 1.2,,265.00,100 גרם,false,,5.80,0.0219,true,1,197340
7290107938396,false,"אקטימל משקה פרוביוטי תות 100X8 מ""ל",מיוצר עי קונדיטוריית,IL,אקטימל תות שמינייה ב,,864.00,100 גרם,false,,21.90,0.0253,true,1,197346
7290107939027,false,גזר דק דק ירקות שטרא,שטראוס בריאות ירקות,IL,גזר דק דק ירקות שטרא,,250.00,100 גרם,false,,7.60,0.0304,true,1,197352
7290107940030,false,חומוס אחלה 650 גר',,,*מבצע* חומוס אחלה 65,,650.00,100 גרם,false,,7.90,0.0122,true,1,224086
7290107940467,false,אקטיביה יוגורט 1.5% שומן 200 ג' דנונה,מיוצר עי קונדיטוריית,IL,אקטיביה יוגורט קרמי,,200.00,100 גרם,false,,4.50,0.0225,true,1,197374
7290107943369,false,קוואקר שיבולת שועל ללא גלוטן 511 גר'.,היידי שוקולד בירונטי,US,קוואקר שיבולת שועל ל,,511.00,100 גרם,false,,20.50,0.0401,true,1,222267
7290107944472,false,סימפוניה גבינה במרקם שמנת 5% שום שמיר,"שטראוס בריאות בע""מ",IL,סימפוניה שום שמיר 5%,,200.00,100 גרם,false,,11.90,0.0595,true,1,197414
7290107945165,false,קונפיטורה משמש יד מרדכי 340 ג',אף.סי תבליני בגליל ב,IL,קונפיטורת משמש יד מר,,340.00,100 גרם,false,,15.90,0.0468,true,1,220514
7290107950190,false,מעדן חלב דל קלוריות בטעם שוקולד מריר 0.5% שומן,מיוצר עי קונדיטוריית,IL,מעדן שטראוס דיאט שוק,,130.00,100 גרם,false,,3.70,0.0285,true,1,197426
7290107950206,false,מעדן חלב דל קלוריות בטעם שוקולד 0% שומן,מיוצר עי קונדיטוריית,IL,מעדן שטראוס דיאט שוק,,130.00,100 גרם,false,,3.70,0.0285,true,1,197427
7290107953559,false,קפה טורקי עלית לדרך שקיות 24X7ג',הנסיך- מפעל לייצור ט,IL,מארז קפה טורקי לדרך,,168.00,100 גרם,false,,19.90,0.1185,true,1,233786
7290107954709,false,קונפיטורה יד מרדכי פירות יער 340 ג',יד מרדכי,IL,קונפיטורת פירות יער,,340.00,100 גרם,false,,15.90,0.0468,true,1,221677
7290107954976,false,"משקה יטבתה חלבון פרו קפה 350מ""ל",מחלבת יטבתה,DE,משקה חלב יטבתה פרו 3,,350.00,100 גרם,false,,7.60,0.0217,true,1,221975
7290107956642,false,"תרסיס שמן זית יד מרדכי 150 מ""ל",פארייפאבה אגרואינדוס,ES,"תרסיס שמן זית 150 מ""",,150.00,,false,,17.90,0.1193,true,1,224177
7290107956895,false,קפסולות 07 אספרסו בטעם קרמל עלית 10יח',שטראוס,IL,קפסולות אספרסו בטעם,,50.00,100 גרם,false,,18.90,0.3780,true,1,224361
7290107956901,false,קפסולות אגוזי לוז למוכנת נספרסו,עלית,,קפסולות אספרסו בטעם,,150.00,100 גרם,false,,18.90,0.1260,true,1,222894
7290107956925,false,קפסולות 13 אוגנדה למכונת נספרסו עלית 10יח',שטראוס קפה בי.וי,IL,קפסולות אוגנדה מס 13,יחידה,0.00,יחידה,false,,18.90,0.0000,true,1,225825
7290107957991,false,מילקי CAKE מיניס קרם חלב בציפוי שוקולד חלב שקית 16X9ג',בובארד איטליה אס.פי.,IT,מארז מילקי מיניס קיי,,144.00,100 גרם,false,,15.90,0.1104,true,1,225617
7290107958035,false,יוגורט במתיקות מעודנת 2% ללא תוספת סוכר- מארז 8 יח,דנונה - שטראוס,IL,דנונה מארז שמינייה מ,,1200.00,100 גרם,false,,21.50,0.0179,true,1,222906
7290107958639,false,מטבוחה אחלה מרוקאית חריפה 400 גר',מיוצר עי קונדיטוריית,IL,מטבוחה מרוקאית חריפה,,400.00,100 גרם,false,,16.90,0.0422,true,1,222907
7290107973311,false,קולגייט מברשת שיניים 360 פחם זהב זוג,הנסיך- מפעל לייצור ט,,מברשת קולגייט 360 פח,יחידה,0.00,יחידה,false,,33.90,0.0000,true,1,186162
7290107973809,false,שימורי עגבניות קוביות 400 ג' מאסטר שף,פראנו אריקו ופיגלי ס,IT,עגבניות קוביות חתוכו,,400.00,,false,,5.90,0.0148,true,1,186167
7290107973861,false,מאסטר שף - עגבניות קצוצות דק שלישיה 400 גרם * 3,קונסרזיו קאסאלאסקו ד,IT,עגבניות קצוצות דק מא,,1200.00,100 גרם,false,,16.90,0.0141,true,1,186168
7290107974837,false,ממרח מתובל שום מאסטר שף 253ג',מאסטר שף,,ממרח מתובל שום מאסטר,,250.00,100 גרם,false,,8.90,0.0356,true,1,186180
7290108201802,false,"דטול - ספריי חיטוי בניחוח כביסה 400 מ""ל",דטול Dettol,,ספריי חיטוי בניחוח א,,400.00,,false,,25.90,0.0647,true,1,226160
7290108201864,false,קולון קפסולות ג'ל כביסה 28 יח,קולון Colon,,קולון קפסולות לכביסה,יחידה,0.00,יחידה,false,,27.90,0.0000,true,1,240457
7290108350128,false,סנו סושי שקיות אשפה חזקות במיוחד 40 יח',מיוצר עי קונדיטוריית,IL,שקיות אשפה סנו סושי,,40.00,,false,,29.90,0.7475,true,1,181242
7290108350616,false,סנו - מקסימה מרכך כביסה מרוכז פריחה כחולה 1 ליטר,"סנו מפעלי ברונוס בע""",IL,סנו מקסימה בלו בלוסו,,1000.00,,false,,18.90,0.0189,true,1,181254
7290108350623,false,מרכך כביסה סופר מרוכז סופט סילק מקסימה 1 ל' סנו,"סנו מפעלי ברונוס בע""",IL,סנו מקסימה סופט סילק,,1000.00,100 גרם,false,,18.90,0.0189,true,1,181255
7290108351149,false,סנו - ג'ט לניקוי כללי ורצפות בתוספת אבקת סודה 1.5 ליטר,"סנו מפעלי ברונוס בע""",IL,סנו ג'ט פלוס לניקוי,ליטרים,1.50,ליטר,false,,14.90,9.9333,true,1,220542
7290108351156,false,סנו - ג'ט לניקוי כללי ורצפות בתוספת חומץ 1.5 ליטר,"סנו מפעלי ברונוס בע""",IL,סנו ג'ט פלוס לניקוי,ליטרים,1.50,ליטר,false,,14.90,9.9333,true,1,220543
7290108351507,false,מרכך כביסה מקסימה סופט סילק 4 ל' סנו,סנו מקסימה,IL,סנו מקסימה מרכך כביס,ליטרים,4.00,ליטר,false,,23.90,5.9750,true,1,226192
7290108351514,false,מרכך כביסה בבישום עוצמתי פריחה כחולה,סנו מקסימה,IL,סנו מקסימה מרכך כביס,ליטרים,4.00,ליטר,false,,23.90,5.9750,true,1,181265
7290108351552,false,"סנו - ג'ט לניקוי כללי בתוספת חומץ בניחוח לבנדר 750 מ""ל","סנו מפעלי ברונוס בע""",IL,סנו ג'ט פלוס עם חומץ,,750.00,,false,,13.90,0.0185,true,1,222944
7290108351583,false,"סנו - ג'ט פלוס חומץ ג'ל לניקוי אסלות לבנדר 750 מ""ל",טרופיקל דגיל תעשיות,IL,סנו גט+לניקוי אסלות,,750.00,100 גרם,false,,13.90,0.0185,true,1,225007
7290108351613,false,סנו ריצפז פרש הום 2 ליטר בניחוח מלון חלומי,"סנו מפעלי ברונוס בע""",IL,ריצפז פרש הום בניחוח,ליטרים,2.00,ליטר,false,,24.90,12.4500,true,1,222954
7290108351699,false,סנו - ג'ט מטליות לחות לניקוי כללי בתוספת חומץ לבנדר שלישיה,סנו מפעלי ברונוס על,IL,מגבוני ניקוי ג'ט +חו,יחידה,0.00,יחידה,false,,21.90,0.0000,true,1,239228
7290108351811,false,מקסימה מרכך כביסה סופר מרוכז פלור טאצ' 1 ליטר,מיוצר עי קונדיטוריית,IL,סנו מקסימה סופר מרוכ,,1000.00,,false,,18.90,0.0189,true,1,232169
7290108352207,false,קפסולות כביסה מקסימה פלורל 40 יח' סנו,טרופיקל דגיל תעשיות,IL,סנו מקסימה 40 קפסולו,,40.00,,false,,34.90,0.8725,true,1,240967
7290108352214,false,סנו - מקסימה קפסולות כביסה בניחוח בריזה מרעננת 40 יח',טרופיקל דגיל תעשיות,IL,סנו מקסימה 40 קפסולו,,40.00,,false,,34.90,0.8725,true,1,240968
7290108352450,false,ריצפז פרש הום בניחוח מרכך כביסה בלו בלוסום,סנו מפעלי ברונוס בעמ,IL,ריצפז פרש הום בלוסום,ליטרים,2.00,ליטר,false,,24.90,12.4500,true,1,242577
7290108352535,false,סנו - מקסימה דפי בישום לחים למייבש הכביסה בניחוח מרכך כביסה,סנו מקסימה,IL,מקסימה דפי בישום למי,,20.00,,false,,13.90,0.6950,true,1,245783
7290108352566,false,מרכך כביסה בבישום עוצמתי 4 ל' סנו מקסינה,"סנו מפעלי ברונוס בע""",IL,סנו מקסימה מרכך כביס,,4000.00,,false,,23.90,0.0060,true,1,246409
7290108352672,false,מטלית הפלא לריצפה זוג סנו סושי,סנו מפעלי ברונוס.,CN,מטלית הפלא לריצפה סנ,יחידה,0.00,יחידה,false,,21.90,0.0000,true,1,239640
7290108352818,false,מטלית במבוק לניקוי דוחה ריחות רעים,טרופיקל דגיל תעשיות,CN,סנו סושי מטליות במבו,יחידה,0.00,יחידה,false,,9.90,0.0000,true,1,226823
7290108352825,false,ספוג הפלא נירוסטה סנו סושי 3יח',s.k.a.t ltdסנו מפעלי,CN,ספוג הפלא נירוסטה סנ,יחידה,0.00,יחידה,false,,10.90,0.0000,true,1,239642
7290108352849,false,שלישיית מטליות הפלא לניקוי כללי דקור סנו סושי,טרופיקל דגיל תעשיות,CN,סנו סושי מטלית הפלא,,3.00,,false,,15.90,5.3000,true,1,243400
7290108353068,false,ספוג הפלא נירוסטה עם סיבי קירצוף סנו סושי 2 יח',מיוצר עי קונדיטוריית,CN,כריות סיבי הירוסטה ס,יחידה,0.00,יחידה,false,,10.90,0.0000,true,1,239641
7290108353334,false,"שמפו למניעת קשקשים עם שמן עץ התה ואסאי 700 מ""ל כיף",קוסמופארם בעמ,IL,כיף שמפו למניעת קשקש,,700.00,,false,,13.90,0.0199,true,1,239386
7290108353747,false,"תחליב רחצה אירוודה, בניחוח טונקה 600 מ""ל קרימה",קוסמופארם,IL,קרמה תחליב רחצה ספא,,600.00,,false,,19.90,0.0332,true,1,248308
7290108353990,false,"קרמה - קרם גוף קרמה מאסק 500 מ""ל",טרופיקל דגיל תעשיות,IL,קרמה קרם גוף מאסק 50,,500.00,100 גרם,false,,26.90,0.0538,true,1,242179
7290108354416,false,"תחליב רחצה יוגה, בניחוח ברגמוט 600מ""ל קרימה",קוסמופארם,IL,קרמה תחליב רחצה ספא,,600.00,,false,,19.90,0.0332,true,1,248310
7290108354447,false,"מרכך כיף לשיקום והזנה שמן קוקוס וקרטין 700 מ""ל",גוד פוד פרודקטס S.p,IL,כיף מרכך לשיער שמן ק,,700.00,100 גרם,false,,13.90,0.0199,true,1,242888
7290108354607,false,"שמפו בניחוח מי קקטוס ושמן באבאסו 750 מ""ל נקה 7",אמיליה קוסמטיקס,IL,נקה 7 שמפו ביו 750מל,,750.00,100 גרם,false,,12.90,0.0172,true,1,247924
7290108354751,false,"סנו - ג'ט מרסס לניקוי כללי בתוספת אבקת סודה 750 מ""ל","סנו מפעלי ברונוס בע""",IL,סנו ג'ט פלוס עם חומץ,,750.00,,false,,13.90,0.0185,true,1,226396
7290108354829,false,"קרמה - קרם ידיים ורד הוניל 100 מ""ל",קוסמופארם,IL,קרמה קרם ידיים ורד ו,,100.00,,false,,10.00,0.1000,true,1,242859
7290108355123,false,"בייבי כיף קרם גוף לפני שינה 500 מ""ל",,,בייבי כיף קרם גוף לפ,,500.00,100 גרם,false,,24.90,0.0498,true,1,226172
7290108355161,false,"מרכך שיער שמני הזנה 750 מ""ל נקה 7",אמיליה קוסמטיקס,IL,נקה 7 מרכך שמני הזנה,,750.00,100 גרם,false,,12.90,0.0172,true,1,225010
7290108355802,false,"תחליב רחצה קרמה ורד ווניל 700 מ""ל",גוד פוד פרודקטס S.p,IL,קרמה תחליב רחצה ורד,,700.00,100 גרם,false,,18.90,0.0270,true,1,242173
7290108355949,false,"תחליב רחצה קרמה נרולי ומגנוליה 700 מ""ל",קוסמופארם בעמ,IL,קרמה תחליב רחצה נרול,,700.00,,false,,18.90,0.0270,true,1,242174
7290108356106,false,"תחליב רחצה כיף שקדים 700 מ""ל",קריות זול,IL,כיף תחליב רחצה שקד 7,,700.00,,false,,13.90,0.0199,true,1,226448
7290108356113,false,"כיף תחליב רחצה דבש 700 מ""ל-מרכז",קוסמופארם בעמ,IL,כיף תחליב רחצה דבש 7,,700.00,,false,,13.90,0.0199,true,1,226449
7290108356120,false,"כיף תחליב רחצה קוקוס וניל 700 מ""ל",קריות זול,IL,כיף תחליב רחצה קוקוס,,700.00,,false,,13.90,0.0199,true,1,226450
7290108356137,false,"כיף - תחליב רחצה לבנדר 700 מ""ל",קריות זול,IL,כיף תחליב רחצה לבנדר,,700.00,100 גרם,false,,13.90,0.0199,true,1,226451
7290108356151,false,"תחליב רחצה כיף מאסק יסמין 700 מ""ל",גוד פוד פרודקטס S.p,IL,כיף תחליב רחצה מאסק,,700.00,,false,,13.90,0.0199,true,1,226452
7290108356229,false,ג'ל גילוח לכל סוגי העור מועשר בפחם פעיל,טרופיקל דגיל תעשיות,TR,קרמה גל גילוח קרבון,,200.00,100 גרם,false,,13.90,0.0695,true,1,241437
7290108356359,false,"קרמה - מן קרם לחות לגוף לאחר גילוח 400 מ""ל",קוסמופארם בעמ,IL,קרמה מן קרם לחות לגו,,400.00,,false,,25.90,0.0647,true,1,240246
7290108356519,false,קרליין שמפו 10למניעת קשקשים 700מל,קרליין Careline,IL,קרליין שמפו 10 לשיער,,700.00,,false,,14.90,0.0213,true,1,246717
7290108356540,false,"שמפו 10 לשיער צבוע 700 מ""ל קרליין",סנו,IL,קרליין שמפו 10 לשיער,,700.00,100 גרם,false,,14.90,0.0213,true,1,246720
7290108356564,false,"קרליין - מרכך 10 לשיער רגיל 700 מ""ל",קרליין Careline,IL,קרליין מרכך 10 לשיער,,700.00,100 גרם,false,,14.90,0.0213,true,1,246722
7290108357004,false,"שמפו כיף ורד ושמן קוקוי 700 מ""ל",טרופיקל דגיל תעשיות,IL,כיף שמפו לשיער ורד ו,,700.00,,false,,13.90,0.0199,true,1,239238
7290108357011,false,"מרכך כיף ורד ושמן קוקוי 700 מ""ל",טרופיקל דגיל תעשיות,IL,כיף מרכך לשיער ורד ו,,700.00,,false,,13.90,0.0199,true,1,239239
7290108357264,false,"פרש אוטומטי מילוי בניחוח מרכך הכביסה אולטרה 375 מ""ל סנו",סנו,IL,פרש אוטומטי מילוי או,,250.00,,false,,16.90,0.0676,true,1,247928
7290108357295,false,"סנו - אוקסיג'ן פאוור מרסס להסרת כתמים 750 מ""ל",סנו,IL,סנו אוקסיגן מסיר כתמ,,750.00,,false,,18.90,0.0252,true,1,247927
7290108357714,false,"כיף שמפו לשיער יבש -רימונים ושמן ארגן 700 מ""ל",גוד פוד פרודקטס S.p,IL,כיף שמפו לשיער יבש ר,,700.00,,false,,13.90,0.0199,true,1,227063
7290108357769,false,"מרכך לשיער רגיל תפוח וזרעי צ'יה 700 מ""ל כיף",גוד פוד פרודקטס S.p,IL,כיף מרכך לשיער רגיל,,700.00,,false,,13.90,0.0199,true,1,227067
7290108357776,false,"כיף מרכך לשיער יבש -רימונים ושמן ארגן 700 מ""ל",גוד פוד פרודקטס S.p,IL,כיף מרכך לשיער יבש ר,,700.00,,false,,13.90,0.0199,true,1,227068
7290108357882,false,"כיף - מרכך לחות מוגברת עם אפרסק וחמאת מורומורו 700 מ""ל",קוסמופארם,IL,כיף מרכך לחות מוגברת,,700.00,,false,,13.90,0.0199,true,1,246936
7290108359145,false,סושי דפי ספוג הפלא 12יח',קריות זול,IL,סושי דפי ספוג הפלא 1,יחידה,0.00,יחידה,false,,11.90,0.0000,true,1,249014
7290108359176,false,סופט ממחטות אף 3 שכבות 200יח,סנו,,סופט ממחטות אף 3 שכב,,0.00,,false,,15.90,0.0000,true,1,249013
7290108359183,false,שקית אשפה חזקות 70*50 60 יח' סנו סושי,,,שקיות אשפה עם ידית 6,יחידה,0.00,יחידה,false,,25.90,0.0000,true,1,248312
7290108359190,false,סושי מגבת הפלא 4 יח' = 12 גליל ארוך פי 3,סנו,IL,סנו סושי מגבות הפלא,יחידה,0.00,יחידה,false,,25.90,0.0000,true,1,249432
7290108359213,false,"נייר טואלט סנו סופט גלילים כפולים, 18 יח'",סנו,IL,סנו סופט נייר טואלט,יחידה,0.00,יחידה,false,,41.90,0.0000,true,1,249721
7290108359824,false,"כיף - בייבי כיף קרם 500 מ""ל",קוסמופארם בעמ,IL,בייבי כיף קרם גוף 50,,500.00,100 גרם,false,,24.90,0.0498,true,1,226174
7290108359879,false,"כיף - בייבי אלסבון 750 מ""ל",קוסמופארם בעמ,IL,בייבי כיף אל סבון 7,,750.00,,false,,16.90,0.0225,true,1,226169
7290108501407,false,גבינת צידר מיושנת 200 ג',וויקה פארמס אל.טי.די,GB,גבינת צדר מיושנת וינ,,200.00,100 גרם,false,,19.90,0.0995,true,1,225643
7290108503043,false,תפוחונים חטיף פלחים מיובשים מארז 22X4ג',ינטאי זונגקאן פוד קו,CN,מארז תפוחונים 4*22 ג,,88.00,100 גרם,false,,15.90,0.1807,true,1,226195
7290108505153,false,יוגורט בטעם טבעי 2% שומן 150 ג',Euro יורו מחלבות אירופה,GR,יוגורט בטעם טבעי 10%,,150.00,,false,,5.90,0.0393,true,1,240872
7290108505160,false,יוגורט+אגסים 150 גרם 4% שומן - דלתא,Euro יורו מחלבות אירופה,GR,יוגורט עם אגסים 4% ש,,150.00,,false,,5.90,0.0393,true,1,240878
7290108506495,false,"כנאפה מאפה בצק ""שערות"" קדאיף וגבינה",ארמה גרופ,TR,פינוקים כנאפה קפוא 1,,192.50,100 גרם,false,,13.90,0.0722,true,1,240578
7290108507645,false,ביסקויט פריך בשוקולד מריר 100 גרם -קהילות,מודרן צוקולטה,TR,ביסקוויט פריך בשוקול,,100.00,100 גרם,false,,6.90,0.0690,true,1,246904
7290108507652,false,ביסקויט פריך בשוקולד לבן 100 גרם -קהילות,מודרן צוקולטה,TR,ביסקויט פריך בשוקולד,,100.00,,false,,6.90,0.0690,true,1,246905
7290108508499,false,"איירן משקה יוגורט בסגנון טורקי יורו 293 מ""ל",Euro יורו מחלבות אירופה,TR,איירן משקה יוגורט בס,,293.00,100 גרם,false,,5.90,0.0201,true,1,244145
7290108508888,false,ביסקוויטים פתי בר ויליפוד 500 ג',ארגון ציקולאטה,TR,ביסקוויט פתי בר וילי,,500.00,,false,,7.90,0.0158,true,1,245392
7290109351025,false,מלך החומוס חומוסטחינה 40% טחינה גולמית,סלטי צבר,IL,חומוסטחינה צבר 400גר,,400.00,100 גרם,false,,14.90,0.0373,true,1,178194
7290109351971,false,פריכיות דגנים פיטנס מצופות שוקולד חלב,נסטלה Nestle,IL,פריכיות שוקולד חלב פ,,84.00,100 גרם,false,,14.90,0.1774,true,1,178201
7290109352916,false,פריכיות דגנים פיטנס מצופות שוקולד לבן,נסטלה Nestle,IL,פריכיות שוקולד לבן פ,,84.00,,false,,14.90,0.1774,true,1,178206
7290109358482,false,עוגיות קרמוגית במילוי קרם בטעם חלבה,היינץ צפון אמריקה מק,IL,קרמוגית במילוי חלווה,,200.00,,false,,12.70,0.0635,true,1,226563
7290109580043,false,"שניצל תירס קלאסי זוגלובק 1.75 ק""ג",זוגלובק,IL,"שניצל תירס 1.75ק""ג ז",,1750.00,,false,,49.90,0.0285,true,1,242523
7290109580098,false,קבנוס בטעם סרירצ'ה 135 ג' זוגלובק,זוגלובק,IL,קבנוס בטעם סרירצ'ה ז,,135.00,100 גרם,false,,12.90,0.0956,true,1,246750
7290109580104,false,פסטרמה פרימיום רוסטביף 150 גר',זוגלובק,IL,רוסטביף 150 גרם פרימ,,150.00,100 גרם,false,,25.90,0.1727,true,1,243551
7290109580111,false,"צלעות אסאדו מעושנות פרימיום, 120 גרם",זוגלובק,IL,צלעות אסאדו מעושנות,,120.00,100 גרם,false,,25.90,0.2158,true,1,246628
7290109580135,false,פרימיום קורנדביף זוגלובק 180 ג',זוגלובק,IL,קורנדביף 180 גרם פרי,,180.00,100 גרם,false,,25.90,0.1439,true,1,243553
7290109580159,false,זוגלובק פרימיום פסטרמה בנוסח טוסקנה,זוגלובק,,פסטרמה בנוסח טוסקנה,,180.00,,false,,25.90,0.1439,true,1,243549
7290109580227,false,נקניקיות עוף ובקר בסגנון ברלינאי קאריוורסט,זוגלובק,IL,נקניקיות קאריוורסט ר,,300.00,100 גרם,false,,19.90,0.0663,true,1,246382
7290109580241,false,נאגטס מן הצומח 500 ג' זוגלובק,זוגלובק טבע,IL,נאגטס מן הצומח 500גר,,500.00,100 גרם,false,,25.90,0.0518,true,1,247882
7290109580432,false,פסטרמה חזה הודו מעושן 120 גר' זוגלובק,זוגלובק,IL,פסטרמה בדחזה הודו מע,,120.00,,false,,14.90,0.1242,true,1,247880
7290109580449,false,סלמי בטעם כמהין פרימיום 180 ג' זוגלובק,זוגלובק,IL,סלמי בטעם כמהין פרימ,,180.00,100 גרם,false,,25.90,0.1439,true,1,247881
7290109920146,false,"דורגול מסיר אבנית מקומקומים 750 מ""ל",דורינג,,דורגול מסיר אבנית 75,,750.00,,false,,20.90,0.0279,true,1,183695
7290109920597,false,"אסטוניש - מרסס לניקוי המקלחון 750 מ""ל",יעקבי- אסטוניש Astonish,,אסטוניש מרסס למקלחון,,750.00,,false,,15.90,0.0212,true,1,222723
7290109920627,false,"אסטוניש קרם ואקונומיקה לניקוי אמבטיות 500 מ""ל",אסטוניש,GB,אסטוניש קרם אמבט אקו,,500.00,100 גרם,false,,19.90,0.0398,true,1,224005
7290109920740,false,הפי מרכך לכביסה מרוכז לבנדר 1ל',מיפא,,הפי מרכך כביסה מרוכז,,1000.00,100 גרם,false,,10.90,0.0109,true,1,222716
7290109920757,false,הפי מרכך לכביסה מרוכז ורדים 1ל',מיפא,,הפי מרכך כביסה מרוכז,,1000.00,,false,,10.90,0.0109,true,1,222717
7290109920849,false,"אסטוניש - מרסס לניקוי כללי בניחוח תפוז 750 מ""ל",יעקבי- אסטוניש Astonish,,אסטוניש תפוז לניקוי,,750.00,,false,,15.90,0.0212,true,1,222726
7290109920917,false,"הפי ג'ל אסלות עם כלור 750 מ""ל",אורו,,ג'ל ניקוי האסלה הפי,,750.00,,false,,10.90,0.0145,true,1,225568
7290109921570,false,יעקבי רצפות לניקוי פרקט 1.25 ליטר,וונדפוט,BE,יעקובי רצפות פרקט 1.,,1250.00,,false,,15.90,0.0127,true,1,234270
7290109921853,false,אסטוניש המשחה המקורית לניקוי עם עוצמה,יעקבי- אסטוניש Astonish,GB,אסטוניש המשחה המקורי,,150.00,100 גרם,false,,15.90,0.1060,true,1,246957
7290109923048,false,"אסטוניש - מרסס פרמיום ארומטיק לכל הבית 750 מ""ל",,,אסטוניש מרסס פרמיום,,750.00,,false,,15.90,0.0212,true,1,246961
7290109923079,false,דזיטול נוזל מרוכז לחיטוי כללי ולרצפות 2 ליטר,,,דזיטול נוזל מרוכז לח,,2000.00,,false,,15.90,0.0080,true,1,247642
7290109923109,false,סבון אסלה 5 צדפות+אק,,,הפי סבון אסלה 5 צדפו,יחידה,0.00,יחידה,false,,12.90,0.0000,true,1,247639
7290109923147,false,"פלא של אקונומיקה 750 מ""ל אסטוניש",יעקבי- אסטוניש Astonish,,אסטוניש מרסס פלא של,,750.00,100 גרם,false,,15.90,0.0212,true,1,247638
7290110110369,false,בירה קרלסברג לומה LUMA שישייה,מבשלות בירה בינלאומי,IL,בירה קרלסברג לומה בק,,1980.00,,false,,37.90,0.0191,true,1,241423
7290110110659,false,"ספרייט לימון ליים פחית 330מ""ל",החברה המרכזית לייצור,IL,"ספרייט סליק 330 מ""ל",,330.00,100 גרם,false,,6.70,0.0203,true,1,224203
7290110110703,false,"ספרייט 6 פחיות *330 מ""ל FRIDGE-PACK",קוקה קולה,IL,ספרייט מארז פחיות 6*,,1980.00,,false,,29.90,0.0151,true,1,224202
7290110114787,false,נביעות + תפוח 1.5 ליטר פיקדון,נביעות טבע הגליל בעמ,IL,נביעות+ תפוח 1.5ליטר,,1500.00,,false,,9.90,0.0066,true,1,246233
7290110114794,false,נביעות + אפרסק 1.5 ליטר פיקדון,"נביעות טבע הגליל בע""",IL,נביעות+ אפרסק 1.5ליט,,1500.00,100 גרם,false,,9.90,0.0066,true,1,246234
7290110114800,false,נביעות + ענבים 1.5 ליטר פיקדון,"נביעות טבע הגליל בע""",IL,נביעות+ ענבים 1.5ליט,,1500.00,100 גרם,false,,9.90,0.0066,true,1,246235
7290110114824,false,נביעות+רכיבי פרי אבטיח 1.5 ליטר פיקדון,"נביעות טבע הגליל בע""",IL,נביעות+רכיבי פרי אבט,,1500.00,,false,,10.90,0.0073,true,1,246237
7290110114893,false,מיץ סחוט תפוז 2 ל' פריגת,פריגת,IL,סחוט תפוז 2ליטר,,2000.00,100 גרם,false,,29.90,0.0150,true,1,246098
7290110114954,false,מיץ תפוזים מתקתקים 100% 2 ל' פריגת,פריגת,IL,סחוט 2ליטר מתקתק 100,,2000.00,100 גרם,false,,24.90,0.0125,true,1,246101
7290110114961,false,מיץ בטעם תפוזים 1.5ל' פריגת,מבשלות בירה בינלאומי,IL,משקה קל בטעם תפוזים,,1500.00,100 גרם,false,,9.90,0.0066,true,1,246240
7290110114985,false,פריגת אשכולית 1.5 ליטר פיקדון,מבשלות בירה בינלאומי,IL,משקה קל בטעם אשכוליו,,1500.00,100 גרם,false,,9.90,0.0066,true,1,246242
7290110114992,false,פריגת light אשכולית 1.5 ליטר פיקדון,מבשלות בירה בינלאומי,IL,פריגת אשכולית לייט 1,,1500.00,,false,,9.90,0.0066,true,1,246243
7290110115005,false,פריגת ענבים 1.5 ליטר פיקדון,מבשלות בירה בינלאומי,IL,משקה קל בטעם ענבים פ,,1500.00,100 גרם,false,,9.90,0.0066,true,1,246244
7290110115012,false,מיץ ענבים בניחוח מרלו 1.5 ל' פריגת,פריגת,IL,משקה קל בטעם מרלו ענ,,1500.00,,false,,9.90,0.0066,true,1,246245
7290110115029,false,"פריגת משק""ל תפוח 1.5 ליטר פיקדון",מבשלות בירה בינלאומי,IL,פריגת משקה קל תפוחים,,1500.00,,false,,9.90,0.0066,true,1,246246
7290110115036,false,פריגת מנגו 1.5 ליטר פיקדון,מבשלות בירה בינלאומי,IL,פריגת משקה קל מנגו,,1500.00,100 גרם,false,,9.90,0.0066,true,1,246247
7290110115043,false,פריגת לימונענע 1.5 ליטר פיקדון,מבשלות בירה בינלאומי,IL,משקה קל בטעם לימונענ,,1500.00,100 גרם,false,,9.90,0.0066,true,1,246248
7290110115050,false,פריגת מיקס תות בננה 1.5 ליטר פיקדון,מבשלות בירה בינלאומי,IL,פריגת משקה קל תות-בנ,,1500.00,100 גרם,false,,9.90,0.0066,true,1,246249
7290110115067,false,פריגת אפרסק 1.5 ליטר פיקדון,מבשלות בירה בינלאומי,IL,פריגת אפרסק 1.5ליטר,,1500.00,,false,,9.90,0.0066,true,1,246250
7290110115074,false,פריגת תפוח דובדבן 1.5 ליטר פיקדון,מבשלות בירה בינלאומי,IL,פריגת תפוח דובדבן 1.,,1500.00,,false,,9.90,0.0066,true,1,246251
7290110115081,false,פריגת צלול ענבים 1.5 ליטר פיקדון,מבשלות בירה לישראל ב,IL,פריגת צלול ענבים 1.5,,1500.00,,false,,9.90,0.0066,true,1,246253
7290110115104,false,פריגת צלול אפרסק 1.5 ליטר פיקדון,מבשלות בירה בינלאומי,IL,פריגת צלול אפרסק 1.5,,1500.00,,false,,9.90,0.0066,true,1,246255
7290110115203,false,קוקה קולה 1.5 ליטר פיקדון,קוקה קולה Coca Cola,IL,קוקה קולה 1.5 ליטר,,1500.00,100 גרם,false,,8.90,0.0059,true,1,246110
7290110115210,false,דיאט קוקה קולה 1.5 ליטר פיקדון,קוקה קולה Coca Cola,IL,קוקה קולה דיאט 1.5ל,,1500.00,100 גרם,false,,8.90,0.0059,true,1,246111
7290110115227,false,קולה ZERO 1.5 ליטר פיקדון,קוקה קולה Coca Cola,IL,קוקה קולה זירו בקבוק,,1500.00,100 גרם,false,,8.90,0.0059,true,1,246112
7290110115234,false,קולה ZERO נטול 1.5 ליטר פיקדון,החברה המרכזית לייצור,IL,קוקה קולה זירו נטול,,1500.00,100 גרם,false,,8.90,0.0059,true,1,246113
7290110115241,false,קוקה קולה זירו לימון 1.5 ליטר,החברה המרכזית לייצור,IL,קוקה קולה זירו לימון,,1500.00,100 גרם,false,,8.90,0.0059,true,1,246114
7290110115265,false,ספרייט 1.5 ליטר LIME פיקדון,החברה המרכזית לייצור,IL,ספרייט ליים 1.5ליטר,,1500.00,100 גרם,false,,8.90,0.0059,true,1,246208
7290110115272,false,ZERO ספרייט זירו 1.5 ליטר פיקדון,החברה המרכזית לייצור,IL,ספרייט זירו 1.5 ליטר,,1500.00,100 גרם,false,,8.90,0.0059,true,1,246209
7290110115296,false,פאנטה אורנג' 1.5 ליטר פיקדון,החברה המרכזית לייצור,IL,פאנטה אורנג׳ 1.5 ליט,,1500.00,100 גרם,false,,8.90,0.0059,true,1,246261
7290110115302,false,פאנטה ZERO אורנג' 1.5 ליטר פיקדון,החברה המרכזית לייצור,IL,פאנטה אורנג׳ זירו 1.,,1500.00,100 גרם,false,,8.90,0.0059,true,1,246262
7290110115319,false,פאנטה אקזוטיק 1.5 ליטר פיקדון,החברה המרכזית לייצור,IL,פאנטה אקזוטי 1.5 ליט,,1500.00,,false,,8.90,0.0059,true,1,246263
7290110115333,false,פאנטה תות 1.5 ליטר פיקדון,החברה המרכזית לייצור,IL,פאנטה תות 1.5 ליטר,,1500.00,,false,,8.90,0.0059,true,1,246265
7290110115357,false,קינלי סודה 1.5 ליטר פיקדון,קריות זול,,קינלי סודה 1.5ליטר,,1500.00,100 גרם,false,,4.60,0.0031,true,1,246213
7290110115364,false,קוקה קולה שישיות 1.5 ליטר פיקדון,החברה המרכזית לייצור,IL,קוקה קולה שישייה 6*1,,9000.00,,false,,52.90,0.0059,true,1,246116
7290110115371,false,דיאט קוקה קולה שישיות 1.5 ליטר פיקדון,החברה המרכזית לייצור,IL,קוקה קולה דיאט שישיי,,9000.00,100 גרם,false,,52.90,0.0059,true,1,246117
7290110115388,false,ספרייט ליים שישיות 1.5 ליטר פיקדון,החברה המרכזית לייצור,IL,ספרייט ליים שישייה 6,,9000.00,,false,,52.90,0.0059,true,1,246259
7290110115395,false,ZERO ספרייט שישיות 1.5 ליטר פיקדון,החברה המרכזית לייצור,IL,ספרייט זירו שישייה 6,,9000.00,,false,,52.90,0.0059,true,1,246260
7290110115401,false,קינלי סודה שישייה 1.5 ליטר פיקדון,החברה המרכזית לייצור,IL,קינלי סודה מארז שישי,,9000.00,100 גרם,false,,21.70,0.0024,true,1,246268
7290110115418,false,מארז שישייה קוקה קולה זירו 1.5 ל',החברה המרכזית לייצור,IL,קוקה קולה זירו שישיי,,9000.00,,false,,52.90,0.0059,true,1,246207
7290110115425,false,FUZE TEA גרין לימונענע -נענע 1.5 ליטר פיקדון,מבשלות בירה בינלאומי,IL,פיוז טי גרין לימון נ,,1500.00,100 גרם,false,,10.90,0.0073,true,1,246215
7290110115456,false,"תה קר בטעם אפרסק 19 קלוריות ב- 100 מ""ל",מבשלות בירה בינלאומי,IL,פיוז טי אפרסק 19קלור,,1500.00,,false,,10.90,0.0073,true,1,246218
7290110115463,false,אייס תה בטעם אפרסק 1.5ל' FUZE TEA,מבשלות בירה בינלאומי,IL,פיוז תה 1.5 ליטר בטע,,1500.00,100 גרם,false,,10.90,0.0073,true,1,246219
7290110115494,false,אייס תה בטעם ענבים 1.5ל' FUZE TEA,מבשלות בירה בינלאומי,IL,פיוז טי תה קר בטעם ע,,1500.00,,false,,10.90,0.0073,true,1,246221
7290110115500,false,קוקה קולה שישיות 2 ליטר פיקדון,קוקה קולה,,קוקה קולה שישיות 6*2,,12000.00,,false,,59.90,0.0050,true,1,246210
7290110115517,false,קוקה קולה זירו שישיו,,,קוקה קולה זירו שישיו,,12000.00,,false,,59.90,0.0050,true,1,246211
7290110115531,false,פאנטה ZERO תפוח 1.5 ליטר פיקדון,החברה המרכזית לייצור,IL,פאנטה ZERO תפוח 1.5,,1500.00,,false,,8.90,0.0059,true,1,246267
7290110115616,false,FUZE tea zero גרין אננס 1.5 ליטר פיקדון,מבשלות בירה בינלאומי,IL,פיוז טי זירו גרין אנ,,1500.00,100 גרם,false,,10.90,0.0073,true,1,246224
7290110115623,false,משקה פיוז טי זירו ZERO בטעם אפרסק,מבשלות בירה בינלאומי,IL,פיוז טי זירו אפרסק 1,,1500.00,100 גרם,false,,10.90,0.0073,true,1,246225
7290110115821,false,"ספרייט לימון, 1.5 ליטר פקדון",כלורוקס אוקלנד,IL,ספרייט ליים 1.5ליטר,,1500.00,,false,,8.90,0.0059,true,1,246354
7290110115838,false,"ספרייט זירו, 1.5 ליטר פקדון","אינסטנטה בע""מ",IL,ספרייט זירו 1.5 ליטר,,1500.00,100 גרם,false,,8.90,0.0059,true,1,246355
7290110115845,false,קוקה קולה 1.5 ליטר פיקדון,"אינסטנטה בע""מ",IL,קוקה קולה 1.5 ליטר,,1500.00,100 גרם,false,,8.90,0.0059,true,1,246332
7290110115852,false,קוקה קולה דיאט בקבוק,תות תעשיות מזון (201,IL,קוקה קולה דיאט 1.5ל,,1500.00,100 גרם,false,,8.90,0.0059,true,1,246356
7290110115869,false,קוקה קולה זירו 1.5 ליטר פיקדון,תות תעשיות מזון (201,IL,קוקה קולה זירו בקבוק,,1500.00,100 גרם,false,,8.90,0.0059,true,1,246333
7290110115876,false,סודה קינלי 1.5 ליטר,"אינסטנטה בע""מ",IL,קינלי סודה 1.5ליטר,,1500.00,100 גרם,false,,4.60,0.0031,true,1,246357
7290110115968,false,קוקה קולה 1ליטר,קוקה קולה,,קוקה קולה 1ליטר,,1000.00,100 גרם,false,,7.50,0.0075,true,1,246938
7290110115975,false,קוקה קולה זירו בקבוק,החברה המרכזית לייצור,IL,קוקה קולה זירו 1ליטר,,1000.00,100 גרם,false,,7.50,0.0075,true,1,246944
7290110116064,false,פאנטה ZERO פירות ירוק 1.5 ליטר פיקדון,החברה המרכזית לייצור,IL,פאנטה זירו פירות ירו,,1500.00,,false,,8.90,0.0059,true,1,247878
7290110116156,false,נביעות+ רכיבי פרי מנגו פסיפלורה 1.5 ליטר,נביעות,IL,נביעות+רכיבי פרי מנג,,1500.00,100 גרם,false,,10.90,0.0073,true,1,248519
7290110116170,false,נביעות+ רכיבי פרי קוקוס אננס 1.5 ליטר,נביעות,IL,נביעות+רכיבי פרי קוק,,1500.00,,false,,10.90,0.0073,true,1,248520
7290110116491,false,מיץ סחוט אפרסק משמש 1 ל' פריגת,Unknown,IL,פריגת סחוט מיקס אפרס,,1000.00,,false,,19.90,0.0199,true,1,249365
7290110116507,false,מיץ מיקס אננה בננה אגס 1 ל' פריגת,גת,IL,פריגת סחוט מיקס אננס,,1000.00,,false,,19.90,0.0199,true,1,249366
7290110116552,false,ספרייט לימון היט 1.5 ליטר LIME פיקדון,החברה המרכזית לייצור,IL,ספרייט למון היט 1.5ל,,1500.00,,false,,8.90,0.0059,true,1,249233
7290110116569,false,"ספרייט זירו ZERO בק LEMON HIT, 1.5 ליטר",החברה המרכזית לייצור,IL,ספרייט למון היט זירו,,1500.00,,false,,8.90,0.0059,true,1,249234
7290110320591,false,גבינה בולגרית מעודנת 16%,פיראוס,IL,בולגרית 16% במרקם מע,,250.00,,false,,24.90,0.0996,true,1,220964
7290110320683,false,משקה יוגורט בטעם תות 1.5% - מארז 8 יח',מיוצר עי קונדיטוריית,IL,יופלה משקה 360 בטעם,,856.00,,false,,18.70,0.0218,true,1,222455
7290110320850,false,פתיתים גבינה חצי קשה מגורדת 28% שומן,תנובה מרכז שיתופי לש,IL,פתיתי עמק 28% שומן 2,,200.00,,false,,16.90,0.0845,true,1,222574
7290110320867,false,פתיתים גבינה חצי קשה מגורדת 28% שומן,תנובה מרכז שיתופי לש,IL,פתיתי עמק 28% שומן 5,,500.00,,false,,37.90,0.0758,true,1,223494
7290110321031,false,מעדן חלב GO יוגורט מועשר בחלבון טבעי 200 ג' יופלה,"תנובה, מחלבת אלון תב",IL,יוגורט גו טבעי 200 מ,,200.00,,false,,5.90,0.0295,true,1,222347
7290110321277,false,קוטג' בקטנה % 5 100 ג' תנובה,פארייפאבה אגרואינדוס,IL,קוטג בקטנה 5% מהדרין,,100.00,100 גרם,false,,2.90,0.0290,true,1,223453
7290110321284,false,קוטג' בקטנה 9% 100 ג' תנובה,פארייפאבה אגרואינדוס,IL,קוטג בקטנה 9% מהדרין,,100.00,100 גרם,false,,2.90,0.0290,true,1,223454
7290110321680,false,יוגורט GO בטעם תות 20 גרם חלבון בגביע,מיוצר עי קונדיטוריית,IL,יוגורט גו תות 200 מל,,200.00,,false,,6.30,0.0315,true,1,223632
7290110321697,false,יוגורט GO בטעם אפרסק 20 גרם חלבון בגביע,מיוצר עי קונדיטוריית,IL,יוגורט גו אפרסק 200,,200.00,,false,,6.30,0.0315,true,1,223633
7290110321789,false,גבינת מסקרפונה 38% השף הלבן 250 ג',תנובה,IL,גבינה מסקרפונה 38% ה,,250.00,,false,,21.90,0.0876,true,1,224524
7290110322014,false,טופו בטעם טבעי תנובה ALTERNATIVE,שוורצקוף& הנקל דיסלד,IL,טופו טבעי 300 גרם,,300.00,100 גרם,false,,13.70,0.0457,true,1,225191
7290110322038,false,טופו פיקנטי תנובה ALTERNATIVE,תנובה Alternative,IL,טופו פיקנטי 300 גרם,,300.00,,false,,13.70,0.0457,true,1,225193
7290110322946,false,יופלה טיוב יוגורט במרקם חלק בטעם תות בננה כשרות רבנות 348 ג',,,יוגורט טיוב תות בננה,,348.00,,false,,12.90,0.0371,true,1,226107
7290110323301,false,טל העמק בסגנון אמנטל 32% שומן 200 גרם,עמק - תנובה,IL,גבינת טל עמק 32% שומ,,200.00,,false,,19.90,0.0995,true,1,226840
7290110323585,false,יופלה יוגורט עם דובדבן מופחת קלוריות 200 ג' GO,יופלה Yoplait,,יוגורט גו לייט דובדב,,200.00,,false,,6.30,0.0315,true,1,226340
7290110323592,false,יופלה יוגורט עם אפרסק מופחת קלוריות 200 ג' GO,יופלה Yoplait,,יוגורט גו לייט אפרסק,,200.00,,false,,6.30,0.0315,true,1,226341
7290110323714,false,משקה קוקוס שקדים תנובה E אלטרנטיב,מיוצר עי קונדיטוריית,IL,משקה קוקוס שקדים 1 ל,,1000.00,100 גרם,false,,13.30,0.0133,true,1,226834
7290110324353,false,יוגורט GO לייט בטעם אננס 20 גרם חלבון בגביע,"תנובה בע""מ",IL,יוגורט גו לייט אננס,,200.00,100 גרם,false,,6.30,0.0315,true,1,227449
7290110324551,false,יופלה טיוב יוגורט במרקם חלק בטעם תות 348 ג',יופלה Yoplait,IL,יוגורט טיוב תות מהדר,,348.00,100 גרם,false,,12.90,0.0371,true,1,227144
7290110324711,false,ממרח סויה בטעם טבעי 9% שומן אלטרנטיב,מיוצר עי קונדיטוריית,IL,ממרח סויה 9% בטעם טב,,250.00,,false,,9.50,0.0380,true,1,228065
7290110324858,false,מעדן שקדים בטעם אגוזי לוז אלטרנטיב,תנובה Alternative,IL,מעדן שקדים בטעם אגוז,,125.00,,false,,4.60,0.0368,true,1,234558
7290110324872,false,גבינה צהובה גלבוע 5% שומן 200 גרם,גלבוע - תנובה,IL,גבינה צהובה גלבוע 5%,,200.00,,false,,18.70,0.0935,true,1,234554
7290110324926,false,משקה סויה ללא תוספת סוכר E אלטרנטיב,תנובה מרכז שיתופי לש,IL,משקה סויה ללא תוספת,,1000.00,,false,,11.90,0.0119,true,1,234311
7290110325084,false,מאגדת שמינייה מיני קרלו שוניל 8*100גרם,קריות זול,,מאגדת שמינייה מיני ק,,800.00,,false,,14.90,0.0186,true,1,231988
7290110325114,false,"משקה יוגורט יופלה גו לייט תות בננה 250 מ""ל - רבנות",מיוצר עי קונדיטוריית,IL,משקה גו לייט תות בננ,,250.00,,false,,6.90,0.0276,true,1,231989
7290110325121,false,משקה יוגורט יופלה גו לייט מנגו אננס,"תנובה בע""מ",IL,משקה גו לייט מנגו אנ,,250.00,,false,,6.90,0.0276,true,1,231990
7290110325169,false,פרוסות גבינת גאודה 30%,תנובה,IL,פרוסות גאודה 170 גרם,,170.00,,false,,19.90,0.1171,true,1,240407
7290110325312,false,מעדן סויה GO מועשר בחלבון בטעם תות,"תנובה בע""מ",IL,מעדן גו סויה בטעם תו,,200.00,,false,,6.30,0.0315,true,1,234561
7290110325619,false,משקה שיבולת שועל תנובה E אלטרנטיב,מיוצר עי קונדיטוריית,IL,משקה שיבולת שועל 1 ל,,1000.00,,false,,13.30,0.0133,true,1,239141
7290110325701,false,פיראוס צזיקי יווני 9% שומן על בסיס יוגורט,גוד פוד פרודקטס S.p,IL,פיראוס צזיקי יווני 9,,250.00,100 גרם,false,,13.90,0.0556,true,1,239555
7290110325879,false,פתיתי גאודה 200 ג' תנובה,תנובה- השף הלבן,IL,פתיתי גאודה 200 גרם,,200.00,,false,,17.90,0.0895,true,1,240458
7290110325893,false,משקה חלב GO מועשר בחלבון בטעם אייס קפה,מיוצר עי קונדיטוריית,IL,משקה חלב גו אייס קפה,,340.00,,false,,8.70,0.0256,true,1,239138
7290110326210,false,יופלה און טופ פצפוצים 157 גרם.,מיוצר עי קונדיטוריית,IL,יוגורט און טופ פצפוצ,,157.00,,false,,5.20,0.0331,true,1,240399
7290110326227,false,יוגורט און טופ קורנפלקס 157 ג' יופלה,מיוצר עי קונדיטוריית,IL,יופלה און טופ קורנפל,,157.00,,false,,5.20,0.0331,true,1,240405
7290110326234,false,יוגורט און טופ כוכבים 157 ג' יופלה,מיוצר עי קונדיטוריית,IL,יופלה און טופ כוכבים,,157.00,100 גרם,false,,5.20,0.0331,true,1,240401
7290110326241,false,יופלה און טופ גרנולה 157 גרם.,מיוצר עי קונדיטוריית,IL,יופלה און טופ גרנולה,,157.00,100 גרם,false,,5.20,0.0331,true,1,240402
7290110326333,false,פרוסות גבינה בסגנון סקנדינבי 31%,פ.פ.ח. שאביט,IL,פרוסות גבינה סקנדינב,,170.00,100 גרם,false,,19.90,0.1171,true,1,242337
7290110326906,false,חלב נטול לקטוז 3% 1 ליטר,מיוצר עי קונדיטוריית,IL,חלב נטול לקטוז 3% שו,,1000.00,100 גרם,false,,7.70,0.0077,true,1,242354
7290110327033,false,משקה סויה גו מועשר בחלבון במתיקות מופחתת 1 ליטר,מיוצר עי קונדיטוריית,IL,משקה סויה תנובה גו ח,,1000.00,,false,,13.30,0.0133,true,1,241972
7290110327125,false,פטה 21% מחלב צאן במי מלח-200ג',תנובה בעמ,GR,גבינת פטה 21% מחלב צ,,200.00,,false,,24.50,0.1225,true,1,242682
7290110327514,false,משקה שיבולת שועל בטעם אגוזי לוז 1 ליטר אלטרנטיב,תנובה מרכז שיתופי לש,IL,משקה שיבולת שועל בטע,,1000.00,,false,,13.30,0.0133,true,1,244869
7290110327545,false,מעדן און טופ תות פצפוצים מצופים שוקולד 157ג' יופלה,מיוצר עי קונדיטוריית,IL,יופלה און טופ בטעם ת,,157.00,,false,,4.90,0.0312,true,1,242760
7290110327804,false,חטיף חלבון GO - עוגיות 60 ג' חלב נוכרי - רבנות,"בלמונט קונפקציות בע""",US,חטיף חלבון גו בטעם ע,יחידה,0.00,יחידה,false,,12.90,0.0000,true,1,244582
7290110327811,false,חטיף חלבון GO בטעם קוקוס 20 גרם חלבון,"בלמונט קונפקציות בע""",US,חטיף חלבון גו בטעם ק,יחידה,0.00,יחידה,false,,12.90,0.0000,true,1,244583
7290110327828,false,חטיף חלבון GO - חמאת בוטנים 60 ג' חלב נוכרי - רבנות,"בלמונט קונפקציות בע""",US,חטיף חלבון גו בטעם ח,יחידה,0.00,יחידה,false,,12.90,0.0000,true,1,244584
7290110328221,false,יוגורט תנובה נטול לקטוז 200 ג',מיוצר עי קונדיטוריית,IL,יוגורט לבן נטול לקטו,,200.00,100 גרם,false,,4.40,0.0220,true,1,243367
7290110328627,false,יוגורט יופלה GO במרקם סמיך בטעם בננה קרמל 0%,מיוצר עי קונדיטוריית,IL,יוגורט גו סמיך בננה,,200.00,,false,,6.30,0.0315,true,1,244499
7290110328641,false,טופו טבעי אלטרנטיב 2,תנובה,IL,טופו טבעי מארז 2*250,,500.00,100 גרם,false,,21.90,0.0438,true,1,244971
7290110328764,false,יוגורט יופלה GO במרקם סמיך עם תות 0%,מיוצר עי קונדיטוריית,IL,יוגורט גו סמיך תות 0,,200.00,,false,,6.30,0.0315,true,1,244500
7290110328771,false,יוגורט יופלה GO במרקם סמיך עם פירות יער 0%,מיוצר עי קונדיטוריית,IL,יוגורט גו סמיך פירות,,200.00,,false,,6.30,0.0315,true,1,244501
7290110328788,false,יוגורט יופלה GO במרקם סמיך בטעם אפרסק 0%,תנובה מרכז שיתופי לש,IL,יוגורט גו סמיך אפרסק,,200.00,,false,,6.30,0.0315,true,1,244502
7290110329266,false,יוגורט תנובה מחלב עיזים מלא תנובה 140 ג',קריות זול,IL,יוגורט תנובה מחלב עי,,140.00,,false,,6.60,0.0471,true,1,244867
7290110329273,false,יוגורט מחלב עיזים מלא תנובה 750 ג',תנובה,IL,יוגורט תנובה מחלב עי,,750.00,,false,,22.90,0.0305,true,1,244868
7290110329303,false,פרוסות צהובה 200 גרם אלטרנטיב אלטרנטיב,תנובה Alternative,IL,פרוסות בטעם גבינה צה,,200.00,100 גרם,false,,22.90,0.1145,true,1,244870
7290110329426,false,טופו טבעי 250 גרם עם קרם קוקוס קארי,תנובה,IL,טופו טבעי עם רוטב קר,,250.00,100 גרם,false,,14.90,0.0596,true,1,247629
7290110329433,false,טופו טבעי 250 גרם עם רוטב סוצ'אן 60 מל,תנובה,IL,טופו טבעי עם רוטב סצ,,250.00,100 גרם,false,,14.90,0.0596,true,1,247630
7290110329686,false,"משקה חלב בטעם עוגיות 340 מ""ל GO",מיוצר עי קונדיטוריית,IL,משקה חלב גו בטעם עוג,,340.00,,false,,8.70,0.0256,true,1,245890
7290110329716,false,משקה קפה קר בטעם קפוצ'ינו 230 ג' תנובה,תנובה מרכז שיתופי לש,IL,משקה קפה קר בטעם קפו,,230.00,100 גרם,false,,7.90,0.0343,true,1,247519
7290110329723,false,משקה קפה קר בטעם לאטה 230 ג' תנובה,תנובה מרכז שיתופי לש,IL,משקה קפה קר בטעם לאט,,230.00,100 גרם,false,,7.90,0.0343,true,1,247520
7290110329730,false,"משקה חלב עם שוקולד וקפה בסגנון לאטה 2.7%  230 מ""ל תנובה",תנובה מרכז שיתופי לש,IL,משקה חלב עם שוקולד ו,,230.00,,false,,7.90,0.0343,true,1,247521
7290110329792,false,יוגורט סויה BIO Alternative אפרסק 150 ג' תנובה,מיוצר עי קונדיטוריית,IL,סויה ביו אפרסק 150 ג,,150.00,100 גרם,false,,5.10,0.0340,true,1,246402
7290110329808,false,יוגורט סויה BIO Alternative תות 150 ג' תנובה,מיוצר עי קונדיטוריית,IL,סויה ביו תות 150 ג א,,150.00,100 גרם,false,,5.10,0.0340,true,1,246398
7290110329815,false,סויה BIO מתיקות מעודנת גביע 150 גרם אלטרנטיב,מיוצר עי קונדיטוריית,IL,סויה ביו מתיקות מעוד,,150.00,100 גרם,false,,5.10,0.0340,true,1,246399
7290110329822,false,יוגורט סויה BIO Alternative פירות יער 150 ג' תנובה,מיוצר עי קונדיטוריית,IL,סויה ביו פירות יער ג,,150.00,100 גרם,false,,5.10,0.0340,true,1,246400
7290110329839,false,פרוסות צהובה בטעם זיתים 200 ג' אלטרנטיב אלטרנטיב,מיוצר עי קונדיטוריית,IL,פרוסות צהובה בטעם זי,,200.00,100 גרם,false,,22.90,0.1145,true,1,246392
7290110329846,false,יוגורט סויה BIO Alternative בטעם טבעי 150 ג' תנובה,תנובה Alternative,IL,סויה ביו טבעי 150 גר,,150.00,,false,,5.10,0.0340,true,1,246403
7290110329914,false,מאגדת משקה שיבולת שועל ושקדים 100 גרם*6 יח' ביו אלטרנטיב,תנובה מרכז שיתופי לש,IL,מאגדת משקה שיבולת שו,,600.00,100 גרם,false,,21.70,0.0362,true,1,247627
7290110550202,false,מטבעות שוקולד חלב לאפיה 400 ג עילת,שטראוס,IL,מטבעות שוקולד חלב לא,,400.00,100 גרם,false,,32.90,0.0822,true,1,247365
7290110550363,false,פריכיות משולשות קינואה ומלח ים 65 גרם,Unknown,,אנרג'י פריכיות משולש,,65.00,100 גרם,false,,11.90,0.1831,true,1,246560
7290110550394,false,שוקולד PERFECT BITE קרם אגוזים ושברי אגוזים 234 ג' עלית,"שטראוס גרופ בע""מ",IL,חטיפי שוקולד פרפקט ב,,234.00,100 גרם,false,,22.90,0.0979,true,1,245632
7290110552220,false,יוגורט PRO בטעם תות 0% סוכר לבן 20 גרם חלבון בגביע,"שטראוס בריאות בע""מ",IL,דנונה פרו 20 גרם חלב,,200.00,100 גרם,false,,6.90,0.0345,true,1,246364
7290110552237,false,יוגורט פרו בטעם אפרסק מנגו ללא סוכר 200 ג' דנונה,"שטראוס בריאות בע""מ",IL,דנונה פרו 20 גרם חלב,,200.00,100 גרם,false,,6.90,0.0345,true,1,246365
7290110553036,false,קריספס-פריכיות עם אפונה ובטטה סגולה בטעם בצל מקורמל,"פרח תעשיו מזון בע""מ",IL,אנרג'י פריכיות חלבון,,60.00,100 גרם,false,,11.90,0.1983,true,1,246562
7290110553135,false,נסקפה קפוצ'ינו סטיק וניל 130 ג' עלית,,,אבקה להכנת משקה קפוצ,,130.00,100 גרם,false,,18.90,0.1454,true,1,248872
7290110553173,false,אנרג'י - פריכיות בטעם קרמל 40 גרם,סאנורייס בלגיום,IL,פריכיות אנרגי בטעם כ,,40.00,100 גרם,false,,7.50,0.1875,true,1,248556
7290110553623,false,צ'יטוס קראנצ'י בטעם צ'דר חלפיניו - חלבי,"שטראוס פריטו ליי בע""",IL,ציטוס קראנץ צ'דר חלפ,,80.00,100 גרם,false,,5.10,0.0637,true,1,247979
7290110554125,false,נודלס סצ'ואן חריף 350 ג' דלישס,אוכל ביתי ניר עציון,IL,נודלס סצ'ואן חריף 35,,350.00,,false,,28.90,0.0826,true,1,249070
7290110554262,false,חלבית מלבין קפה חלבי 350 ג' עלית,,,מלבין קפה חלבית 350,,350.00,100 גרם,false,,23.90,0.0683,true,1,246795
7290110554422,false,רוטב עגבניות ופלפלים לשקשוקה 350 גר' יד מרדכי,אימילאנה,IT,רוטב עגבניות ופלפלים,,350.00,100 גרם,false,,13.90,0.0397,true,1,246567
7290110554583,false,מארז חטיפי צ'יטוס פאפס בטעם גבינה - 10 יחידות,שטראוס,IL,מארז ציטוס PUFFS בטע,,200.00,100 גרם,false,,14.50,0.0725,true,1,246314
7290110554699,false,"קפה עולה קפסולות אספרסו קלייה איטית וכהה מאוד, 10 * 50 ג'",שטראוס קפה בי.וי.,IL,קפסולות נספרסו לקפה,,50.00,100 גרם,false,,22.90,0.4580,true,1,248839
7290110554729,false,קפסולות עלית אספרסו 04 תואמות למכונות NESPRESSO,שטראוס קפה בי.וי,IL,קפסולות אספרסו מס 04,,50.00,,false,,18.90,0.3780,true,1,246802
7290110555009,false,מארז זוג רוטב פסאטה 2* 350 ג' יד מרדכי,אימילאנה,IT,פסאטה מחית עגבניות ז,,1400.00,100 גרם,false,,13.90,0.0099,true,1,247362
7290110555603,false,ספלנדיד אבקה להכנת משקה בטעם שוקולטה,"ג'אלוסיס י. בע""מ",GR,אבקה להכנת משקה שוקו,,360.00,100 גרם,false,,25.90,0.0719,true,1,248876
7290110555665,false,קקאו דל שומן קופסא 220 ג' עלית,,,קקאו דל שומן עלית בק,,220.00,,false,,19.90,0.0905,true,1,248875
7290110555795,false,נסקפה קפוצ'ינו פחית קלאסי 200 ג' עלית,שטראוס,IL,קפוצ'ינו פחית קלאסי,,200.00,100 גרם,false,,24.90,0.1245,true,1,248874
7290110556242,false,"שוקולד מריר פרווה 100 גר' בד""ץ תוצרת חוץ","שטראוס גרופ בע""מ.",IL,שוקולד מריר פרווה בד,,100.00,100 גרם,false,,6.90,0.0690,true,1,248558
7290110557027,false,חומוס עשיר 50% טחינה גולמית 400 ג' אחלה,מיוצר עי קונדיטוריית,IL,חומוס 50% טחינה 400,,400.00,100 גרם,false,,14.50,0.0363,true,1,245948
7290110557102,false,מעדן חלב עם שוקולד מועשר בחלבון 150 ג' שטראוס,מיוצר עי קונדיטוריית,IL,מעדן חלב עם שוקולד 1,,150.00,100 גרם,false,,5.90,0.0393,true,1,245302
7290110557133,false,מעדן הגולן וניל 125 ג' שטראוס,מיוצר עי קונדיטוריית,IL,מעדן הגולן וניל 125,,125.00,100 גרם,false,,3.50,0.0280,true,1,245834
7290110558130,false,אקטיביה עם שיבולת שועל ודבש 150 ג' דנונה,"שטראוס בריאות בע""מ",IL,אקטיביה עם שיבולת שו,,150.00,100 גרם,false,,5.20,0.0347,true,1,247887
7290110558154,false,דנונה לייט אנד פרי עוגת תפוחים 150ג דנונה,"שטראוס בריאות בע""מ",IL,דנונה לייט אנד פרי ע,,150.00,,false,,4.90,0.0327,true,1,248188
7290110558215,false,"דנונה קראנצ`פיסטוק עם פיצפוץ לבן קראנצי פיסטוק, 173 גרם","שטראוס בריאות בע""מ",IL,דנונה קראנצ' פיסטוק,,173.00,100 גרם,false,,5.30,0.0306,true,1,249023
7290110558222,false,"וואו יוגורט עם שכבה בטעם בנופי פאי 5.4%, 150ג דנונה","שטראוס בריאות בע""מ",IL,דנונה WOW בנופי 150,,150.00,100 גרם,false,,5.20,0.0347,true,1,248185
7290110558239,false,"וואו יוגורט עם שכבה בטעם קראק פאי 5.4%, 150 ג דנונה","שטראוס בריאות בע""מ",IL,דנונה WOW קראק פאי 1,,150.00,100 גרם,false,,5.20,0.0347,true,1,248186
7290110558253,false,"דנונה ריפרש בננה אננס וצ`יה, 250 גרם","שטראוס בריאות בע""מ",IL,דנונה ריפרש עם אננס,,250.00,,false,,6.50,0.0260,true,1,247888
7290110558284,false,יוגורט ביו מולטי 200 ג' דנונה,"שטראוס בריאות בע""מ",IL,דנונה ביו מולטי 200,,200.00,,false,,4.90,0.0245,true,1,248105
7290110558307,false,יוגורט דנונה PRO עם שיבולת שועל במתיקות מעודנת,"שטראוס בריאות בע""מ",IL,דנונה פרו שיבולת שוע,,200.00,100 גרם,false,,6.90,0.0345,true,1,247301
7290110558314,false,דנונה פרו 20 ג' חלבון ללא סוכר פיסטוק 200 גרם,"שטראוס בריאות בע""מ",IL,דנונה פרו 20 גרם חלב,,200.00,100 גרם,false,,6.90,0.0345,true,1,248189
7290110558338,false,יוגורט PRO בטעם מתיקות מעודנת 1.5% שומן,"שטראוס בריאות בע""מ",IL,דנונה פרו עם 25 גרם,,200.00,100 גרם,false,,6.90,0.0345,true,1,247560
7290110558666,false,מעדן גבינה בטעם תפוח 88 ג' דניאלה,"שטראוס בריאות בע""מ",IL,מעדן דניאלה תפוח 150,,150.00,100 גרם,false,,4.30,0.0287,true,1,249024
7290110558741,false,"גמדים פאוץ תפוח בננה, 100 ג' שטראוס","שטראוס בריאות בע""מ",IL,גמדים סקוויז תפוח בנ,יחידה,0.00,יחידה,false,,5.90,0.0000,true,1,249348
7290110559007,false,"שועועית חומה טעם הטבע קופסה, 380 גרם",,,שעועית חומה 380ג טעם,,380.00,100 גרם,false,,7.90,0.0208,true,1,248238
7290110559014,false,שעועית שחורה טעם הטבע 380ג שטראוס,,,שעועית שחורה 380 גרם,,380.00,100 גרם,false,,7.90,0.0208,true,1,248239
7290110559939,false,שווארמה מנתחי סויה ו,אוכל ביתי ניר עציון,IL,שווארמה מנתחי סויה ו,,350.00,100 גרם,false,,28.90,0.0826,true,1,249072
7290110560300,false,"הפריכיות הטעימות חומוס, עדשים שחורות, קינואה ופלפל שחור",אנרג'י Energy - שטראוס,IL,פריכיות משולשות-פלפל,,30.00,100 גרם,false,,6.30,0.2100,true,1,226431
7290110560317,false,"הפריכיות הטעימות חומוס, עדשים שחורות, קינואה ומלח ים","פרח תעשיו מזון בע""מ",IL,פריכיות משולשות-מלח,,30.00,100 גרם,false,,6.30,0.2100,true,1,226432
7290110560324,false,"הפריכיות הטעימות תפו""א, אורז, אפונה ומלח ים","פרח תעשיו מזון בע""מ",IL,פריכיות משולשות-אפונ,,30.00,100 גרם,false,,6.30,0.2100,true,1,226433
7290110561352,false,דנונה יוגורט ביו פרוביוטי 3% דל לקטוז 150ג',"שטראוס בריאות בע""מ",IL,דנונה ביו דל לקטוז 2,,200.00,100 גרם,false,,4.20,0.0210,true,1,224630
7290110561604,false,מארז 8 יחידות מעדן גמדים בטעם תות בננה,שטראוס,IL,גמדים תות בננה מעורב,,800.00,,false,,20.90,0.0261,true,1,223642
7290110563431,false,"משקה קפה קר בסגנון קלאסי 230 מ""ל 1.6% יוטבתה",האי נאם סי או אל.טי.,AT,משקה קפה קר בסיגנון,,230.00,100 גרם,false,,8.60,0.0374,true,1,226788
7290110563462,false,חלב בבקבוק נטול לקטוז 2% יטבתה 1 ל',מחלבת יטבתה,IL,חלב 2% בבקבוק נטול ל,,1000.00,,false,,9.70,0.0097,true,1,227101
7290110564339,false,חומוס אחלה הסידרה המובחר 30% טחינה 400 גר',מיוצר עי קונדיטוריית,IL,חומוס אבי עשיר ב30%,,400.00,100 גרם,false,,14.50,0.0363,true,1,223648
7290110564360,false,חומוס אחלה הסידרה המובחר 40% טחינה 400 גר',מיוצר עי קונדיטוריית,IL,חומוס אבי עשיר ב40%,,400.00,100 גרם,false,,14.50,0.0363,true,1,223649
7290110564414,false,חומוס אחלה הסידרה המובחר 30% טחינה 600 גר',מיוצר עי קונדיטוריית,IL,חומוס עשיר ב 30% טחי,,600.00,100 גרם,false,,15.90,0.0265,true,1,240802
7290110564742,false,"משקה קפה קר בסגנון חזק 230 מ""ל 1.2% יוטבתה",האי נאם סי או אל.טי.,AT,משקה קפה קר בסיגנון,,230.00,100 גרם,false,,8.60,0.0374,true,1,226790
7290110565435,false,ג'לי לימבו פטל חלבי שטראוס 125ג',STRAUSS-ISRAEL,,לימבו פטל חלבי 125גר,,125.00,100 גרם,false,,2.30,0.0184,true,1,223333
7290110565527,false,יוגורט PRO פרו 1.5% 20 גרם חלבון בגביע,"שטראוס בריאות בע""מ",IL,דנונה פרו 20 גרם חלב,,200.00,100 גרם,false,,6.90,0.0345,true,1,222917
7290110565572,false,מנות אישיות קפה טורקי לדרך עם הל,שטראוס קפה בי.וי,IL,קפה טורקי לדרך עם הל,,168.00,100 גרם,false,,19.90,0.1185,true,1,234279
7290110566043,false,יוגורט 4.5% שומן 3 ל' שטראוס,"מחלבות בר בכפר בע""מ",IL,יוגורט כד 3 ליטר 4%,,3000.00,,false,,29.90,0.0100,true,1,225016
7290110566975,false,דנונה פרו יוגורט 0% תות עשיר בחלבון 200ג',"שטראוס בריאות בע""מ",IL,דנונה פרו 20 גרם חלב,,200.00,100 גרם,false,,6.90,0.0345,true,1,224631
7290110568276,false,משקה וניל פרו Pro מועשר בחלבון 1.5%,מילקוורק,IL,משקה יוטבתה פרו וניל,,350.00,100 גרם,false,,7.60,0.0217,true,1,225017
7290110568511,false,קונפיטורה פירות יער במתיקות מעודנת 265 ג' יד מרדכי,קריות זול,FR,קונפיטורת פירות יער,,265.00,100 גרם,false,,15.90,0.0600,true,1,227233
7290110568627,false,עלית - פסק זמן רול שוקולד חלב עם קרם אגוזים 26 גרם,STRAUSS-ISRAEL,,פסק זמן רול שוקולד ח,,28.00,,false,,4.90,0.1750,true,1,239995
7290110568924,false,עלית - פסק זמן רול שוקולד חלב עם קרם חלב וקוקוס 26 גרם,STRAUSS-ISRAEL,,פסק זמן רול שוקולד ח,,26.00,,false,,4.90,0.1885,true,1,239996
7290110570125,false,"משקה קפה קר בטעם אייריש קרים230 מ""ל יוטבתה",אנסטל מילק kg,AT,משקה קפה קר בטעם איי,,230.00,,false,,8.60,0.0374,true,1,249020
7290110571184,false,עדשים חומות טעם הטבע 380ג שטראוס,,,עדשים חומות 380 ג טע,,380.00,100 גרם,false,,7.90,0.0208,true,1,248237
7290110571375,false,"אנרג'י מיקס תערובת צימוקים, תמרים, טופי ושברי פקאן",אנרג'י Energy - שטראוס,,אנרג'י מיקס צימוקים,,100.00,,false,,17.90,0.1790,true,1,248236
7290110571382,false,מעדן חלב בטעם וניל מעושר בחלבון 150 ג' שטראוס,"שטראוס בריאות בע""מ",IL,מעדן חלב בטעם וניל 1,,150.00,100 גרם,false,,5.90,0.0393,true,1,247200
7290110571405,false,עלית - מיני פינוקיות בגביע פסק זמן 180 גרם,עלית,IL,מיני פינוקיות בגביע,,180.00,100 גרם,false,,11.90,0.0661,true,1,248849
7290110571412,false,מיני פינוקיות - פאדג' שוקולד בגביע 180 גרם,עלית,IL,מיני פינוקיות בגביע,,180.00,100 גרם,false,,11.90,0.0661,true,1,248848
7290110572129,false,כיף כף מקלות שוקולד לבן 40 ג' עלית,עלית,,כיף כיף מקלות שוקולד,,40.00,100 גרם,false,,6.50,0.1625,true,1,248843
7290110572884,false,"קפסולות קפה מספר 20 למכונת אספרס אספרסו, 50 גרם",שטראוס קפה בי.וי.,IL,קפסולות קפה נספרסו 2,יחידה,0.00,יחידה,false,,18.90,0.0000,true,1,248877
7290110572969,false,כיף כף פצפצים עקרם לבן 40ג' עלית,שולן צ'יקולטה גידה ס,TR,כיף כף פצפצים קרם לב,,40.00,100 גרם,false,,6.50,0.1625,true,1,248230
7290110572976,false,כיף כף פצפצים בגביע במילוי קרם בטעם שוקולד לבן,שולן צ'יקולטה גידה ס,TR,כיף כך פיצפוצים קרם,,135.00,,false,,11.90,0.0881,true,1,248231
7290110574413,false,עלית - פופקורן בטעם טעמי 70 גרם,סראנו עבור שטראוס,קפריסין,פופקורן בטעם טעמי על,,70.00,100 גרם,false,,8.50,0.1214,true,1,248844
7290110574420,false,עלית - פופקורן בטעם פסק זמן 70 גרם,סראנו עבור שטראוס,קפריסין,פופקורן בטעם פסק זמן,,70.00,100 גרם,false,,8.50,0.1214,true,1,248845
7290110576318,false,מאגדת שלישיית שוקולד אגוז לבן 300 ג' עלית,עלית,FR,מארז שלישייה שוקולד,,300.00,,false,,25.90,0.0863,true,1,248561
7290110576363,false,"שוקולד ספלנדיד מריר 80% חלבי ,פולי קקאו מאוגנדה",קימ'ס גריפלנן,BE,ספלנדיד שוקולד מריר,,100.00,100 גרם,false,,13.50,0.1350,true,1,247934
7290110576370,false,מארז שלישייה שוקולד מריר חלבי עם אגוזי לוז,עלית,FR,מארז שלישייה שוקולד,,300.00,,false,,25.90,0.0863,true,1,248562
7290110576387,false,מאגדת שלישיית שוקולד אגוז חלב 300 ג' עלית,שטראוס,IL,מארז שלישיית שוקולד,,300.00,100 גרם,false,,26.90,0.0897,true,1,248560
7290110576752,false,טבלאות שוקולד ספלנדיד מריר 70% 100 ג' עלית,קימ'ס גריפלנן,BE,שוקולד ספלנדיד 70% מ,,100.00,,false,,11.90,0.1190,true,1,248846
7290110576776,false,טבלאות שוקולד ספלנדיד מריר 85% 100 ג' עלית,קימ'ס גריפלנן,BE,שוקולד ספלנדיד 85% מ,,100.00,,false,,11.90,0.1190,true,1,248847
7290110576790,false,סקי בטעם מוקה 125 ג' שטראוס,"שטראוס בריאות בע""מ",IL,סקי גבינת מוקה 125גר,,125.00,100 גרם,false,,4.30,0.0344,true,1,249025
7290110576851,false,"גמדים לשתיה סלט פירות 8 יח' *100מ""ל",קריות זול,IL,גמדים לשתיה שמינייה,,864.00,,false,,22.90,0.0265,true,1,249021
7290110576868,false,רבעיית גמדים סלט פירוט * 100 ג' שטראוס,קריות זול,IL,גמדים סלט פירות 4*10,,400.00,100 גרם,false,,12.50,0.0313,true,1,249022
7290111010194,false,מגבוני תינוקות בייבי,,,מגבוני תינוקות בייבי,יחידה,0.00,יחידה,false,,11.90,0.0000,true,1,227273
7290111010200,false,תיק רב סל,,,תיק רב סל,יחידה,0.00,יחידה,false,,4.90,0.0000,true,1,227075
7290111010248,false,"שמן זית בורגתא 750מ""",Unknown,,"שמן זית בורגתא 750מ""",,750.00,100 גרם,false,,29.90,0.0399,true,1,228142
7290111010262,false,מגבות נייר פייפר טאו,Unknown,,מגבות נייר פייפר טאו,יחידה,0.00,יחידה,false,,11.90,0.0000,true,1,234398
7290111010279,false,מגבונים לניקוי כללי,,,מגבונים לניקוי כללי,יחידה,0.00,יחידה,false,,10.00,0.0000,true,1,235149
7290111010293,false,נייר טואלט טוטו 48 ג,,,נייר טואלט טוטו 48 ג,,48.00,,false,,33.90,0.7062,true,1,234397
7290111010323,false,פפריקה מתוקה בשמן סו,,,פפריקה מתוקה בשמן סו,,400.00,100 גרם,false,,19.90,0.0497,true,1,239832
7290111010330,false,מגבונים להסרת איפור,,,מגבונים להסרת איפור,יחידה,0.00,יחידה,false,,7.90,0.0000,true,1,241064
7290111010378,false,מגבות נייר טוטו 8יח,,,מגבות נייר טוטו 8יח,יחידה,0.00,יחידה,false,,13.90,0.0000,true,1,244998
7290111010439,false,יין פרינס רויאל גוור,,,יין פרינס רויאל גוור,,750.00,100 גרם,false,,39.90,0.0532,true,1,243003
7290111010491,false,אקונומיקה 4 ליטר סן,,,אקונומיקה 4 ליטר סן,,4000.00,100 גרם,false,,14.90,0.0037,true,1,247999
7290111010507,false,נוזל כלים 18% תפוח 1,,,נוזל כלים 18% תפוח 1,,1600.00,100 גרם,false,,11.90,0.0074,true,1,248020
7290111010514,false,נוזל כלים 18% לימון,,,נוזל כלים 18% לימון,,1600.00,100 גרם,false,,11.90,0.0074,true,1,248021
7290111010590,false,תמרים מלך המגהול 1קג,,,תמרים מלך המגהול 1קג,,1000.00,,false,,19.90,0.0199,true,1,245644
7290111010613,false,"שמן זית בשן 750מ""ל",,,"שמן זית בשן 750מ""ל",,750.00,100 גרם,false,,29.90,0.0399,true,1,246007
7290111010620,false,ערק כביר אסלי עם לימ,Unknown,,ערק כביר אסלי עם לימ,,700.00,100 גרם,false,,39.90,0.0570,true,1,246327
7290111010637,false,ערק כביר אסלי עם פסי,Unknown,,ערק כביר אסלי עם פסי,,700.00,,false,,39.90,0.0570,true,1,246325
7290111010651,false,ערק כביר אסלי בטעם א,,,ערק כביר אסלי בטעם א,,700.00,,false,,39.90,0.0570,true,1,246326
7290111010668,false,יין לוטן בלנד אדום75,,,יין לוטן בלנד אדום75,,750.00,,false,,29.90,0.0399,true,1,246762
7290111010699,false,יין יערה קברנה סובינ,,,יין יערה קברנה סובינ,,750.00,100 גרם,false,,29.90,0.0399,true,1,246764
7290111010712,false,יין יערה שיראז קברנה,,,יין יערה שיראז קברנה,,750.00,100 גרם,false,,29.90,0.0399,true,1,246766
7290111010736,false,יין קברנה סוביניון ש,,,יין קברנה סוביניון ש,,750.00,100 גרם,false,,29.90,0.0399,true,1,246987
7290111010743,false,יין מרלו שאטו רפאלו,,,יין מרלו שאטו רפאלו,,750.00,100 גרם,false,,29.90,0.0399,true,1,246988
7290111010767,false,אקונומיקה סן רמו מבו,,,אקונומיקה סן רמו מבו,,4000.00,100 גרם,false,,14.90,0.0037,true,1,248000
7290111010774,false,מרכך כביסה בייבי פרש,,,מרכך כביסה בייבי פרש,,4000.00,100 גרם,false,,16.90,0.0042,true,1,248001
7290111010781,false,מרכך כביסה פרש מונקו,,,מרכך כביסה פרש מונקו,,4000.00,100 גרם,false,,16.90,0.0042,true,1,248002
7290111010798,false,מרכך כביסה פרש אורנג,,,מרכך כביסה פרש אורנג,,4000.00,,false,,16.90,0.0042,true,1,248003
7290111010804,false,מרכך כביסה פרש לבנדר,,,מרכך כביסה פרש לבנדר,,4000.00,,false,,16.90,0.0042,true,1,248004
7290111010811,false,מרכך כביסה פרש בליסי,,,מרכך כביסה פרש בליסי,,4000.00,,false,,16.90,0.0042,true,1,248005
7290111010828,false,מרכך כביסה פרש לאונר,,,מרכך כביסה פרש לאונר,,4000.00,100 גרם,false,,16.90,0.0042,true,1,248006
7290111010842,false,מרכך כביסה בייבי פרש,,,מרכך כביסה בייבי פרש,,1000.00,100 גרם,false,,12.90,0.0129,true,1,248008
7290111010859,false,מרכך כביסה פרש מונקו,,,מרכך כביסה פרש מונקו,,1000.00,100 גרם,false,,12.90,0.0129,true,1,248009
7290111010866,false,מרכך כביסה פרש אורנג,,,מרכך כביסה פרש אורנג,,1000.00,100 גרם,false,,12.90,0.0129,true,1,248010
7290111010873,false,מרכך כביסה פרש לבנדר,,,מרכך כביסה פרש לבנדר,,1000.00,100 גרם,false,,12.90,0.0129,true,1,248011
7290111010880,false,מרכך כביסה פרש בליסי,,,מרכך כביסה פרש בליסי,,1000.00,100 גרם,false,,12.90,0.0129,true,1,248012
7290111010897,false,מרכך כביסה פרש לאונר,,,מרכך כביסה פרש לאונר,,1000.00,100 גרם,false,,12.90,0.0129,true,1,248013
7290111010903,false,מרכך כביסה פרש ונילה,,,מרכך כביסה פרש ונילה,,1000.00,100 גרם,false,,12.90,0.0129,true,1,248014
7290111010927,false,נוזל רצפות מרוכז ספר,,,נוזל רצפות מרוכז ספר,,2000.00,,false,,16.90,0.0084,true,1,248016
7290111010934,false,נוזל רצפות מרוכז ספא,,,נוזל רצפות מרוכז ספא,,2000.00,100 גרם,false,,16.90,0.0084,true,1,248017
7290111010941,false,נוזל רצפות מרוכז לבנ,,,נוזל רצפות מרוכז לבנ,,2000.00,100 גרם,false,,16.90,0.0084,true,1,248018
7290111010958,false,נוזל רצפות מרוכז בית,,,נוזל רצפות מרוכז בית,,2000.00,100 גרם,false,,16.90,0.0084,true,1,248019
7290111010965,false,נוזל רצפות לבנדר 4 ל,,,נוזל רצפות לבנדר 4 ל,,4000.00,100 גרם,false,,12.90,0.0032,true,1,248022
7290111010972,false,נוזל רצפות מאסק 4 לי,,,נוזל רצפות מאסק 4 לי,,4000.00,100 גרם,false,,12.90,0.0032,true,1,248023
7290111010989,false,נוזל רצפות מרענן 4 ל,,,נוזל רצפות מרענן 4 ל,,4000.00,100 גרם,false,,12.90,0.0032,true,1,248024
7290111011047,false,נוזל חלונות 1 ליטר ס,,,נוזל חלונות 1 ליטר ס,,750.00,100 גרם,false,,8.90,0.0119,true,1,248632
7290111011085,false,מטליות לחות לרצפה לב,,,מטליות לחות לרצפה לב,יחידה,0.00,יחידה,false,,10.90,0.0000,true,1,248706
7290111011092,false,מטליות לחות לרצפה מר,,,מטליות לחות לרצפה מר,יחידה,0.00,יחידה,false,,10.90,0.0000,true,1,248707
7290111012099,false,גריל עוף סולטנה 400ג,,,גריל עוף סולטנה 400ג,,400.00,100 גרם,false,,19.90,0.0497,true,1,249608
7290111091513,false,קוויק XLלניקוי שירותים ואמבטיה - בריח לוונדר 40 יח,קוויק,,קוויק מטליות XL לאמב,יחידה,0.00,יחידה,false,,8.90,0.0000,true,1,221945
7290111091520,false,"תחליב רחצה ד""ר עור קוקוס 700 מ""ל","ד""ר עור DOCTOR OR",,"תחליב רחצה ד""ר עור ק",,700.00,100 גרם,false,,16.90,0.0241,true,1,225670
7290111093005,false,"I-CARE מג'להסרת איפור, 25 יח בפלופק",די פי אל,IL,מגבונים להסרת איפור,יחידה,0.00,יחידה,false,,7.90,0.0000,true,1,234308
7290111093760,false,מגבונים לניקוי רצפות בניחוח מרכך כביסה 10 יח' קוויק,,,קוויק מגבונים לניקוי,יחידה,0.00,יחידה,false,,10.90,0.0000,true,1,246890
7290111094248,false,"קוויק שקית אשפה חזקה וגדולה במיוחד (90*78), 20 יח'",,,קוויק שקיות אשפה XL,יחידה,0.00,יחידה,false,,19.90,0.0000,true,1,241012
7290111094392,false,"טרופיקל תחליב רחצה קוקוס וליים 700 מ""ל דר עור",,,"תחליב רחצה ד""ר עור ק",,700.00,,false,,16.90,0.0241,true,1,248530
7290111096921,false,מגבונים לניקוי כללי קוויק חומץ ומלח לימון 50 יחי',,,קוויק מגבונים לניקוי,יחידה,0.00,יחידה,false,,8.90,0.0000,true,1,245487
7290111097546,false,מגבונים ניקוי כללי למשטחים בניחוח מרכך כביסה 50 יח' קוויק,,,קוויק מגבונים לניקוי,יחידה,0.00,יחידה,false,,8.90,0.0000,true,1,246891
7290111285356,false,צלחת במבוק 23 סמי הכבאי,,,צלחת במבוק 23 סמי הכ,יחידה,0.00,יחידה,false,,9.90,0.0000,true,1,235115
7290111285431,false,קערה במבוק מפרץ ההרפתקאות בנים,,,קערה במבוק מרץ ההרפת,יחידה,0.00,יחידה,false,,9.90,0.0000,true,1,235127
7290111285462,false,כוס במבוק ספיידרמן,,,כוס במבוק ספיידרמן,יחידה,0.00,יחידה,false,,7.90,0.0000,true,1,235141
7290111285530,false,כוס במבוק סמי הכבאי,,,כוס במבוק סמי הכבאי,יחידה,0.00,יחידה,false,,7.90,0.0000,true,1,235142
7290111340178,false,מטליות לחות ניקול לניקוי כללי בניחוח מרכך כביסה 50 יח',ניקול,,מטליות לחות לניקוי כ,,50.00,,false,,10.90,0.2180,true,1,221937
7290111340185,false,מטליות לחות ניקול לניקוי רצפות בניחוח מרכך 10 יח',ניקול,,מטליות לחות לרצפה בנ,,10.00,,false,,11.90,1.1900,true,1,221943
7290111341366,false,מפיות אירוח חד שכבתי 30/30 150 יח',חוגלה קימברלי,SK,מפיות אירוח ניקול 15,יחידה,0.00,יחידה,false,,10.90,0.0000,true,1,239079
7290111341373,false,נייר טואלט לילי פסטל 30 גלילים,קימברלי,IL,לילי פסטל נייר טואלט,יחידה,0.00,יחידה,false,,39.90,0.0000,true,1,225573
7290111341434,false,דיפנד תחבושת נורמל ACTIVE נשים,,,מגני תחתון דיפנד נור,יחידה,0.00,יחידה,false,,21.90,0.0000,true,1,227271
7290111341557,false,טמפונים קוטקס אקטיב סופר 32 יחידות,קימברלי,IL,קוטקס טמפונים אקטיב,,32.00,,false,,26.90,0.8406,true,1,232188
7290111341984,false,לילי - מגבוני נייר טואלט לח פיור רביעייה,קימברלי,GB,לילי נייר טואלט לח מ,יחידה,0.00,יחידה,false,,22.90,0.0000,true,1,234396
7290111342004,false,נייר טואלט לח קידס 56 יח' לילי,עלבד,,ליל מגבוני נייר טואל,יחידה,0.00,יחידה,false,,8.90,0.0000,true,1,232024
7290111342042,false,כריות יפניות לניקוי וקרצוף אנטיבקטריאלי,פלסטו פוליש,IL,כריות יפניות אנטיבקט,יחידה,0.00,יחידה,false,,11.90,0.0000,true,1,240994
7290111342059,false,מטליות לחות לניקוי משטחים אנטיבקטריאלי,ניקול,IL,מטליות לחות אנטיבקטר,יחידה,0.00,יחידה,false,,11.90,0.0000,true,1,240995
7290111342738,false,לילי - מגבוני נייר טואלט לח קידס רביעייה,,,לילי נייר טואלט לח ק,יחידה,0.00,יחידה,false,,22.90,0.0000,true,1,235177
7290111343117,false,זוג ממחטות לושן סופט קלינקס -140 דף,קימברלי,IL,קלינקס לושן סופט פק,יחידה,0.00,יחידה,false,,13.90,0.0000,true,1,243767
7290111343841,false,ספוגית הקסם נירוסטה - מארז 3 יחידות,ניקול,CN,ספוגית הקסם נירוסטה,יחידה,0.00,יחידה,false,,10.90,0.0000,true,1,241344
7290111343858,false,מטליות לחות לרצפה אנטיבקטריאלי 10 יחי',עלבד משואות יצחק,IL,מטליות לחות לניקוי ו,יחידה,0.00,יחידה,false,,11.90,0.0000,true,1,240992
7290111344459,false,קוטוקס תחבושות נייט אקסטרא לונג 20 יח',,,קוטקס תחבושות נייט א,יחידה,0.00,יחידה,false,,19.90,0.0000,true,1,243618
7290111344527,false,אשפתון ענק שחורות ניקול 20יח',,,זוג שקיות אשפה ענקיי,יחידה,0.00,יחידה,false,,25.90,0.0000,true,1,243768
7290111344824,false,קוטקס - מגן תחתון אנטיבקטראלי לארג' 52 יח',,CN,קוטקס מגן תחתון אנטי,יחידה,0.00,יחידה,false,,19.90,0.0000,true,1,246638
7290111344831,false,קוטקס - מגיני יום אקסטרא פרוטקט נורמל ביג 60 יח',חוגלה קימברלי,CN,קוטקס מגן תחתון אקסט,יחידה,0.00,יחידה,false,,19.90,0.0000,true,1,246636
7290111344855,false,קוטקס - מגיני יום אקסטרא פרוטקט לארג' ביג 52 יח',חוגלה קימברלי,CN,קוטקס מגן תחתון אקסט,יחידה,0.00,יחידה,false,,19.90,0.0000,true,1,246637
7290111344930,false,מטליות לחות לרצפה בניחוח מרכך כביסה 10 יח' ניקול,עלבד,,מטליות לחות לרצפה בנ,,10.00,,false,,11.90,1.1900,true,1,245609
7290111345753,false,תחבושות נטורל דואו נורמל 24 יח' קוטקס,קריות זול,CN,קוטקס תחבושות כותנה,,24.00,,false,,19.90,0.8292,true,1,248154
7290111345777,false,תחבושת קוטקס כותנה לילה 16 יח' קוטקס,קריות זול,CN,קוטקס תחבושות כותנה,,16.00,,false,,19.90,1.2437,true,1,248156
7290111345814,false,נייר טואולט 30 גלילים לילי נטורל קר,קימברלי קלארק,IL,נייר טואלט לילי נטור,יחידה,0.00,יחידה,false,,39.90,0.0000,true,1,246756
7290111346125,false,מארז שלישייה מגבוני דיילי קר ללא בישום *56 יח' האגיס,קימברלי,IL,מגבוני האגיס דיילי ק,יחידה,0.00,יחידה,false,,18.90,0.0000,true,1,248139
7290111346132,false,מארז שלישייה מגבוני סנסטיב קר ללא בישום *56 יח' האגיס,עלבד,IL,מגבוני האגיס סנסטיב,יחידה,0.00,יחידה,false,,18.90,0.0000,true,1,248141
7290111346293,false,מגבת נייר ניקול שישייה מהדורת חג,קימברלי קלארק,IL,מגבות מטבח שישייה ני,יחידה,0.00,יחידה,false,,12.90,0.0000,true,1,247210
7290111346347,false,מגבוני אף אוריגינל סופט חמישיה קלינקס,קימברלי,IL,קלינקס טישו אוריגינל,יחידה,0.00,יחידה,false,,18.90,0.0000,true,1,249333
7290111350726,false,נאצוס הופופ בטעם מקסיקני 322ג',הוט פופ Hot pop,US,נאצ'וס מתירס צהוב 32,,322.00,,false,,16.90,0.0525,true,1,244343
7290111352966,false,יוגטה סוכריות ממולאות בטעם פירות 250 גרם ללא ג'לטין,סאדאט,TR,סוכריות גומי ממולאות,,250.00,100 גרם,false,,8.50,0.0340,true,1,241135
7290111352973,false,יוגוטה קוביות חמוצות ממולאות בטעם פירות,יוגטה yogueta,TR,יוגטה קוביות חמוצות,,220.00,100 גרם,false,,8.50,0.0386,true,1,241136
7290111563492,false,סלט מטבוחה חריפה מרובע 400 ג' צבר,סלטי צבר,IL,מטבוחה חריפה צבר מרו,,400.00,,false,,12.90,0.0323,true,1,224352
7290111564277,false,פריכיות דקות ונימוחות 3 דגנים פיטנס Fitness,פרח תעשיות,IL,פריכיות 3 דגנים דקות,,120.00,,false,,11.90,0.0992,true,1,221953
7290111564291,false,פריכיות דקות ונימוחות 3 דגנים וקינואה פיטנס Fitness,פרח תעשיות,IL,פריכיות דקות עם קינו,,120.00,,false,,11.90,0.0992,true,1,221954
7290111564727,false,עוגיות אסם קרמוגית וקרם אגוזים אסם 200ג',מיוצר עי קונדיטוריית,IL,קרמוגית במילוי קרם א,,200.00,100 גרם,false,,12.70,0.0635,true,1,223027
7290111565038,false,"לה קרמריה וניל קוקילידה בד""צ 1.4 ל'",המאפיה של הרמן,IL,לה קרמריה וניל קוקיל,,1400.00,100 גרם,false,,22.90,0.0164,true,1,224558
7290111566127,false,מעדן אוראו קפוא בטעם וניל עם עוגיות בטעם שוקולד,ג'נרל מילס סאן אדריא,IT,מאגדת אוראו מיני סנד,,198.00,100 גרם,false,,26.90,0.1359,true,1,223562
7290111566226,false,טבעול שניצל ברוקולי 667 גר',עיצובים 2020 (4.8),IL,שניצל ברוקולי טבעול,,667.00,,false,,34.90,0.0523,true,1,223524
7290111566271,false,טבעול חטיפי תירס 657 גר',עיצובים 2020 (4.8),IL,חטיפי תירס טבעול 657,,657.00,100 גרם,false,,34.90,0.0531,true,1,223521
7290111566318,false,טבעול שניצל דק מן הצומח 564 גר',עיצובים 2020 (4.8),IL,שניצל דק מן הצומח טב,,564.00,100 גרם,false,,34.90,0.0619,true,1,223522
7290111566417,false,טחון צמחוני עם המון חלבון,עיצובים 2020 (4.8),IL,טחון צמחוני טבעול 50,,500.00,,false,,34.90,0.0698,true,1,223535
7290111566547,false,טבעול חזה בגריל צמחוני 99 קלוריות 560ג',עיצובים 2020 (4.8),IL,חזה בגריל צמחוני 99,,560.00,100 גרם,false,,34.90,0.0623,true,1,223533
7290111566561,false,טבעול שניצל ברוקולי 99 קלוריות 560גר',עיצובים 2020 (4.8),IL,שניצל ברוקולי 99 קלו,,560.00,100 גרם,false,,34.90,0.0623,true,1,223527
7290111566691,false,טבעול שניצל תרד 99 קלוריות 560 גר',עיצובים 2020 (4.8),IL,שניצל טבעול תרד 99 ק,,560.00,,false,,34.90,0.0623,true,1,223529
7290111566752,false,טבעול שניצל תירס 99 קלוריות 693 גר',עיצובים 2020 (4.8),IL,שניצל תירס 99 קלוריו,,693.00,,false,,34.90,0.0504,true,1,223528
7290111568206,false,"מיקס ביסלי, אפרופו ופיצוחים מתובלים",פרו מן יו פתרונות אר,IL,ביסלי פארטי מיקס אסם,,150.00,,false,,9.50,0.0633,true,1,224850
7290111568275,false,אטריות נודלס אורז רחבות אסם אסייתי 300גרם,תאי פרזידנט,TH,נודלס איטריות אורז ר,,300.00,100 גרם,false,,10.90,0.0363,true,1,224659
7290111568299,false,אטריות נודלס עם תרד אסם אסייתי 300 גר',אסם,,נודלס איטריות עם תרד,,300.00,100 גרם,false,,10.90,0.0363,true,1,224660
7290111568466,false,רוטב אסייתי למוקפץ הסדרה האסייתית,אסיף תעשיות מזון בעמ,IL,רוטב אסייתי למוקפץ א,,290.00,,false,,15.90,0.0548,true,1,224664
7290111568961,false,בייגלה טבעות מלח 400 ג' אסם,אסם,IL,בייגלה טבעות מלח אסם,,400.00,,false,,11.90,0.0298,true,1,224950
7290111873614,false,קערה במבוק כח פי ג'יי,,,קערה במבוק כח פי גיי,יחידה,0.00,יחידה,false,,9.90,0.0000,true,1,235128
7290111873621,false,צלחת במבוק 23 כח פי גיי,,,צלחת במבוק 23 כח פי,יחידה,0.00,יחידה,false,,9.90,0.0000,true,1,235112
7290111930799,false,קראנצ'וס טעם בצל 55גר,מנה,IL,קראנצוס בצל 55 גרם,,55.00,,false,,4.30,0.0782,true,1,222458
7290111930805,false,קראנצ'וס טעם ברביקיו 55 גר',חברת מנה בעמ,IL,קראנצוס ברביקיו 55,,55.00,100 גרם,false,,4.30,0.0782,true,1,222459
7290111930850,false,קראנצ'וס טעם פיצה 55גר',קראנצ'וס,IL,קראנצוס פיצה 55 גרם,,55.00,100 גרם,false,,4.30,0.0782,true,1,222460
7290111930898,false,פוף כוכבים גריל אמריקאי 40 גר',פוף POOF,IL,חטיף פוף כוכבים גריל,,40.00,100 גרם,false,,4.20,0.1050,true,1,222656
7290111930904,false,פוף כוכבים בצל 40 גר',פוף POOF,IL,חטיף פוף כוכבים בצל,,40.00,100 גרם,false,,4.20,0.1050,true,1,222657
7290111930911,false,פוף חטיף לבבות קלאסי 40 ג',פוף POOF,IL,חטיף פוף לבבות קלאסי,,40.00,,false,,4.20,0.1050,true,1,222658
7290111930928,false,פוף חטיף לבבות גריל 40 ג',פוף POOF,IL,חטיף פוף לבבות גריל,,40.00,,false,,4.20,0.1050,true,1,222659
7290111930935,false,פוף חטיף טבעות קלאסי 40 ג',פוף POOF,IL,חטיף פוף טבעות קלאסי,,40.00,,false,,4.20,0.1050,true,1,222660
7290111931338,false,"פלמוליב סבון לומינס תאנה 500 מ""ל",קולגייט פלמוליב,TR,פלמוליב סבון לומינוס,,500.00,,false,,17.50,0.0350,true,1,224682
7290111932380,false,"מרידול משחת שיניים 75 מ""ל זוג כשל""פ",,,מרידול מארז זוג משחו,,150.00,100 גרם,false,,29.90,0.1993,true,1,234461
7290111933554,false,עגבניות איטלקיות קוביות - מארז שלישיה,פראנו אנריקו ופיגלי,IT,עגבניות קוביות מאסטר,,1200.00,100 גרם,false,,16.90,0.0141,true,1,226239
7290112000286,false,ג'ל ניקוי לשירותים בניחוח לימון,סיליט באנג Cillit Bang,,סיליט באנג גל לניקוי,,750.00,,false,,9.90,0.0132,true,1,223288
7290112000293,false,"סיליט באנג ג'ל לחיטוי וניקוי האסלה פרש, 750 מ""ל",סיליט באנג Cillit Bang,,סיליט באנג גל לניקוי,,750.00,,false,,9.90,0.0132,true,1,223289
7290112000385,false,מנקה ומחטא עוצמתי למטבח ללא אקונומיקה,רקיט בנקיזר,PL,מנקה ומחטא למטבח 750,,750.00,100 גרם,false,,15.90,0.0212,true,1,226153
7290112000408,false,מנקה ומחטא עוצמתי לניקוי כללי בניחוח לימון,רקיט בנקיזר,PL,מנקה ומחטא לניקוי כל,,750.00,100 גרם,false,,15.90,0.0212,true,1,226154
7290112000798,false,"דיטול תרסיסי חיטוי וניקוי אנטי בקטריאלי 750 מ""ל",רקיט בנקיזר,PL,מחטא משטחים לימון מנ,,750.00,,false,,15.90,0.0212,true,1,226158
7290112000842,false,דטול מגבונים לניקוי כללי בניחות לימון 60 יח',דטול Dettol,,מטליות לחות מנקה ומח,יחידה,0.00,יחידה,false,,15.90,0.0000,true,1,226155
7290112001436,false,"פיניש מנקה ומחדש בניחוח לימון 250 מ""ל",רקיט בנקיזר,PL,פיניש מנקה ומחדש ניח,,250.00,,false,,21.90,0.0876,true,1,234822
7290112001870,false,"סיליט באנג ספריי ניקוי אמבטיה 750 מ""ל",רקיט בנקיזר,PL,סיליט באנג ספריי לני,,750.00,100 גרם,false,,13.90,0.0185,true,1,234356
7290112002099,false,ג'ל כביסה מרוכז קולון 101 קלאסי,רקיט בנקיזר,IL,קולון גל מרוכז רגיל,ליטרים,2.50,ליטר,false,,25.90,10.3600,true,1,234524
7290112002105,false,ג'ל כביסה מרוכז קולון 101 בניחוח לילך,זוהר דליה,IL,קולון ג'ל מרוכז לילך,ליטרים,2.50,ליטר,false,,25.90,10.3600,true,1,234525
7290112002112,false,ג'ל כביסה מרוכז קולון 101 בניחוח ורדים,רקיט בנקיזר,IL,קולון ג'ל מרוכז ורדי,ליטרים,2.50,ליטר,false,,25.90,10.3600,true,1,234526
7290112004192,false,טבליות פיניש אקולוגי,רקיט בנקיזר,PL,פיניש טבליות למדיח א,יחידה,0.00,יחידה,false,,29.90,0.0000,true,1,247059
7290112004413,false,"אבקה מסיר כתמים לכביסה לבנה 750 מ""ל וניש",רקיט בנקיזר,PL,וניש ספריי להסרת כתמ,,750.00,,false,,24.90,0.0332,true,1,247293
7290112004611,false,"וניש קליה ג'ל מרוכז לטיפול נקודתי בכתמים 200 מ""ל",רקיט בנקיזר,PT,וניש קליה פאואר ג'ל,,200.00,,false,,13.90,0.0695,true,1,247292
7290112004970,false,פיניש אולטימייט 50 קפסולות גיל,,,פיניש אולטימייט טבלי,,50.00,,false,,59.90,1.1980,true,1,248762
7290112005045,false,וניש תוסף כביסה רב תכליתי לבגדים לבנים,קליה וניש Kalia Vanish,IT,וניש אבקה לכביסה לבנ,,480.00,100 גרם,false,,19.90,0.0415,true,1,247897
7290112005052,false,וניש תוסף כביסה רב תכליתי לבגדים לבנים,קליה וניש Kalia Vanish,IT,וניש אבקה לכביסה לבנ,,1500.00,100 גרם,false,,39.90,0.0266,true,1,247895
7290112005076,false,וניש תוסף כביסה רב תכליתי לכביסה צבעונית,קליה וניש Kalia Vanish,IT,וניש אבקה לכביסה צבע,,480.00,100 גרם,false,,19.90,0.0415,true,1,247898
7290112005083,false,וניש תוסף כביסה רב תכליתי לכביסה צבעונית,קליה וניש Kalia Vanish,IT,וניש אבקה לכביסה צבע,,1500.00,,false,,39.90,0.0266,true,1,247896
7290112195289,false,פיתות 5יח' ללא גלוטן,,,פיתות 5יח' ללא גלוטן,,420.00,100 גרם,false,,19.90,0.0474,true,1,242884
7290112330352,false,"יוגורט PRO בטעם וניל 0% , 20 גרם חלבון בגביע","שטראוס בריאות בע""מ",IL,דנונה פרו וניל 0% שו,,200.00,100 גרם,false,,6.90,0.0345,true,1,227303
7290112330390,false,יוגורט PRO בטעם פירות יער 0% 20 גרם חלבון בגביע,"שטראוס בריאות בע""מ",IL,דנונה פרו 20 גרם פיר,,200.00,100 גרם,false,,6.90,0.0345,true,1,227306
7290112330420,false,דנונה פרו לבן 2.9% שומן 150 ג',מיוצר עי קונדיטוריית,IL,דנונה פרו לבן 150 ג,,150.00,100 גרם,false,,5.20,0.0347,true,1,226793
7290112332585,false,"פריכיות תפו""א, אורז בתיבול סלק ומלח חי 30 גר'","פרח תעשיו מזון בע""מ",IL,"פריכיות תפו""א/אורז/ב",,30.00,100 גרם,false,,6.30,0.2100,true,1,227777
7290112332691,false,עוגיות קרם אגוזים פסק זמן 200 ג' עלית,הגביע מוצרי ופלים בע,IL,עוגיות קרם פסק זמן א,,200.00,100 גרם,false,,11.90,0.0595,true,1,231964
7290112332875,false,מסטיק מאסט קוביות בטעם מנטה עדינה 86 ג' עלית,עלית,,מאסט מסטיק קוביות מנ,,86.00,100 גרם,false,,15.90,0.1849,true,1,227358
7290112334305,false,סלט כרובית בטחינה אחלה 330 ג',STRAUSS-ISRAEL,IL,סלט כרובית בטחינה 33,,330.00,100 גרם,false,,16.90,0.0512,true,1,226785
7290112335111,false,מסטיק מאסט קוביות בטעם בזוקה 86 ג' עלית,עלית,,מאסט מסטיק קוביות בט,,86.00,100 גרם,false,,15.90,0.1849,true,1,227356
7290112335494,false,הפריכיות הטעימות תפוחי אדמה בטעם פוטטוס,"פרח תעשיות מזון בע""מ",IL,פריכיות הטעימות פוטט,,135.00,100 גרם,false,,14.50,0.1074,true,1,227787
7290112335500,false,"הפריכיות הטעימות חומוס, אורז, עדשים שחורות וקינואה",אנרג'י Energy - שטראוס,IL,פריכיות הטעימות חלבו,,135.00,100 גרם,false,,14.50,0.1074,true,1,227788
7290112336637,false,סוכריות מאסט Must ללא סוכר יוגורט תות ואוכניות,MIESZKO S.A - MS. JO,PL,מאסט סוכריות יוגורט,,80.00,,false,,9.30,0.1163,true,1,234364
7290112336644,false,סוכריות מאסט ללא סוכר לימון 80 ג' עלית,MIESZKO S.A - MS. JO,PL,מאסט סוכריות לימון ל,,80.00,100 גרם,false,,9.30,0.1163,true,1,234365
7290112336651,false,סוכריות מאסט ללא סוכר ריבת חלב 80 ג' עלית,MIESZKO S.A - MS. JO,PL,מאסט סוכריות ריבת חל,,80.00,100 גרם,false,,9.30,0.1163,true,1,234367
7290112336712,false,יוגורט PRO לבן 0% 21 גרם חלבון בגביע,"שטראוס בריאות בע""מ",IL,דנונה פרו 21 עשיר בח,,200.00,100 גרם,false,,6.90,0.0345,true,1,227100
7290112337474,false,סוכריות מאסט ללא סוכר פטל לימון 80 ג' עלית,MIESZKO S.A - MS. JO,PL,מאסט סוכריות פטל לימ,,80.00,100 גרם,false,,9.30,0.1163,true,1,234366
7290112337481,false,סוכריות מאסט ללא סוכר קפצ''ינו 80 ג' עלית,MIESZKO S.A - MS. JO,PL,מאסט סוכריות קפוצ'ינ,,80.00,100 גרם,false,,9.30,0.1163,true,1,234368
7290112338877,false,מעדן גבינה בטעם תות 3% 125ג' סקי,"שטראוס בריאות בע""מ",IL,סקי תות 3% דנונה 125,,125.00,100 גרם,false,,4.30,0.0344,true,1,226619
7290112339171,false,מעדן מילקי מוס שוקול,מיוצר עי קונדיטוריית,IL,מילקי מוס 81גר,,81.00,100 גרם,false,,3.90,0.0481,true,1,226618
7290112339362,false,דנונה לייט אנד פריי בטעם קפוצינו 150 גר',דנונה - שטראוס,IL,דנונה לייט אנד פרייי,,150.00,,false,,4.80,0.0320,true,1,234645
7290112339867,false,גמדים לדרך גבינה לבנה עם מחית תות,שטראוס,IL,גמדים סקוויז תות 100,,100.00,100 גרם,false,,5.90,0.0590,true,1,226786
7290112339874,false,גמדים לדרך גבינה לבנה עם מחיות תות ובננה,שטראוס,IL,גמדים סקוויז תות בננ,,100.00,,false,,5.90,0.0590,true,1,226787
7290112340122,false,הפריכיות הטעימות 3 דגנים 135 גרם.,אנרג'י Energy - שטראוס,IL,פריכיות הטעימות 3 דג,,135.00,100 גרם,false,,14.50,0.1074,true,1,227789
7290112340245,false,צנצנת מסטיק מאסט בטעם דובדבן 66 ג' עלית,"שטראוס גרופ בע""מ",IL,מסטיק מאסט דובדבן מג,,66.00,100 גרם,false,,10.90,0.1652,true,1,227228
7290112340252,false,צנצנת מסטיק מאסט בטעם אבטיח מלון 66 ג' עלית,"שטראוס גרופ בע""מ",IL,מסטיק מאסט אבטיח מלו,,66.00,100 גרם,false,,10.90,0.1652,true,1,227229
7290112340276,false,עוגיות קרם קפה נמס 200 ג' עלית,הגביע מוצרי ופלים בע,IL,עוגיות קרם קפה נמס 2,,200.00,100 גרם,false,,11.90,0.0595,true,1,231960
7290112341556,false,אקטיביה עם צ'יה ותות 150 ג' דנונה,דנונה - שטראוס,IL,אקטיביה צ'יה ותות 15,,150.00,100 גרם,false,,5.20,0.0347,true,1,234321
7290112341679,false,אקטיביה 3% שומן 200 ג' דנונה,מיוצר עי קונדיטוריית,IL,אקטיביה יוגורט 3% דנ,,150.00,100 גרם,false,,4.50,0.0300,true,1,234322
7290112341686,false,מארז שמיניה אקטיביה 3% 150 ג',מיוצר עי קונדיטוריית,IL,אקטיביה 3% מארז שמינ,,1200.00,100 גרם,false,,22.90,0.0191,true,1,234326
7290112342102,false,סימפוניה גבינה במרקם שמנת בצל מקורמל 5%,"שטראוס בריאות בע""מ",IL,גבינת סימפוניה בצל מ,,200.00,100 גרם,false,,11.90,0.0595,true,1,239185
7290112342270,false,קפה פלטינום אינטנס מחוזק ב- 10% אספרסו,שטראוס קפה בי.וי,IL,קפה פלטינום אינטנס 1,,200.00,,false,,18.90,0.0945,true,1,238914
7290112342362,false,אקטיביה 3% בודד 150 ג',STRAUSS-ISRAEL,,אקטיביה 3% 150 גר,,1200.00,100 גרם,false,,2.80,0.0023,true,1,234329
7290112342508,false,דוריטוס קול ראנץ Cool Ranch,STRAUSS-ISRAEL,IL,דוריטוס קול ראנצ' 70,,70.00,100 גרם,false,,4.40,0.0629,true,1,235121
7290112343260,false,"יטבתה רוטב שמנת קלאסי 9% שומן 260 מ""ל",STRAUSS-ISRAEL,IL,רוטב שמנת קלאסי 9% י,,250.00,,false,,11.90,0.0476,true,1,235260
7290112343420,false,"משקה חלב עם דגנים מלאים ובננה פרו יטבתה 350מ""ל",מחלבת יטבתה,IL,שייק פרו ארוחת בוקר,,350.00,,false,,8.30,0.0237,true,1,235263
7290112343499,false,חטיף צ'יטוס פאפס אפוי בטעם גבינה,"שטראוס פריטו ליי בע""",IL,ציטוס פופס 55גרם,,55.00,100 גרם,false,,4.10,0.0745,true,1,245529
7290112344564,false,רביולי גבינה קלאסי שטראוס 400 ג',"שטראוס גרופ בע""מ",IL,רביולי גבינה ילדים 4,,300.00,100 גרם,false,,22.50,0.0750,true,1,234338
7290112344755,false,מילקי שוקולד 26% פחות סוכר 135 גרם,מיוצר עי קונדיטוריית,IL,מילקי עם 26% פחות סו,,135.00,100 גרם,false,,3.10,0.0230,true,1,242981
7290112346360,false,בפלות אחת אחת ופל בטעם שוקולד מצופה שוקולד,הגביע מוצרי וופלים ב,GR,בפלות בציפוי שוקולד,,180.00,100 גרם,false,,15.90,0.0883,true,1,239217
7290112346537,false,עוגיות פינוקיות בטעם טורטית 200 ג' עלית,הגביע מוצרי ופלים בע,IL,עוגיות פינוקיות בטעם,,200.00,100 גרם,false,,11.90,0.0595,true,1,235239
7290112346629,false,דנונה בר יוגורט+קורנפלקס מצופה שוקולד חלב ולבן 172 גרם,דנונה - שטראוס,IL,דנונה עם קורנפלקס מצ,,172.00,100 גרם,false,,5.30,0.0308,true,1,240860
7290112346773,false,יוגורט בטעם וניל 0% לייט אנד פרי 10 גרם חלבון בגביע,מיוצר עי קונדיטוריית,IL,דנונה לייט אנד פריי,,150.00,,false,,4.90,0.0327,true,1,243237
7290112346797,false,יוגורט אקטיביה עם שיבולת שועל ושזיף 2.5%,מיוצר עי קונדיטוריית,IL,אקטיביה שיבולת שועל,,150.00,100 גרם,false,,5.20,0.0347,true,1,240387
7290112346827,false,"אקטימל ויטמין C פטל 8*100 מ""ל",קריות זול,IL,אקטימל ויטמין C פטל,,864.00,100 גרם,false,,21.90,0.0253,true,1,242612
7290112349316,false,מסטיק בזוקה פופים ממולא בטעם תות ללא סוכר,רוג'ר אנד רוג'ר,DE,בזוקה ביג פופים בטעם,,86.00,100 גרם,false,,15.90,0.1849,true,1,240200
7290112349606,false,מעדן גבינה ויוגורט תות בננה 88 ג' דניאלה,"שטראוס בריאות בע""מ",IL,דניאלה בטעם תות בננה,,88.00,100 גרם,false,,4.30,0.0489,true,1,246366
7290112349699,false,פסאטה מחית עגבניות חלקה 350 גר' יד מרדכי,אמיליאנה קונסרב סוסי,IT,מחית עגבניות חלקה 35,,350.00,100 גרם,false,,9.50,0.0271,true,1,239584
7290112349705,false,פומודורו רוטב עגבניות קלאסי לפסטה 350 גר' יד מרדכי,אמיליאנה קונסרב סוסי,IT,רוטב עגבניות קלאסי ל,,350.00,100 גרם,false,,13.90,0.0397,true,1,239585
7290112349736,false,בזיליקום רוטב עגבניות לפסטה 350 גר' יד מרדכי,אמיליאנה קונסרב סוסי,IT,רוטב עגבניות לפסטה 3,,350.00,100 גרם,false,,13.90,0.0397,true,1,239586
7290112349897,false,מסטיק מאסט Must קוביות בטעם מנטה ללא סוכר,רוג'ר אנד רוג'ר,DE,מאסט קוביות מנטה 86ג,,86.00,100 גרם,false,,15.90,0.1849,true,1,240203
7290112350312,false,קפסולות 15 קפה יותר למכונות נספרסו עלית 10יח',הנסיך- מפעל לייצור ט,IL,קפסולות מס' 15למכונו,,50.00,,false,,18.90,0.3780,true,1,242159
7290112351104,false,שוקולד פרה ממולא פיצפוצי אורז 100 ג' עלית,STRAUSS-ISRAEL,IL,שוקולד פרה פיצפוצי א,,100.00,100 גרם,false,,6.90,0.0690,true,1,240597
7290112351128,false,שוקולד פרה סוכריות קופצות 100 ג' עלית,"שטראוס גרופ בע""מ",IL,שוקולד פרה סוכריות ק,,100.00,100 גרם,false,,6.90,0.0690,true,1,241152
7290112351258,false,פינוקיות שחור לבן 200 ג' עלית,הגביע מוצרי ופלים,IL,פינוקיות שחור לבן 20,,200.00,,false,,10.90,0.0545,true,1,242047
7290112351470,false,סוכריות ללא סוכר בטעם תות רימון מאסט פרש,עלית,,שלישיית סוכריות פרש,,45.00,,false,,9.90,0.2200,true,1,240913
7290112353887,false,"משקה קפה קר בטעם אגוזים יטבתה 230 מ""ל",אנסטל מילק kg,AT,משקה קפה קר בטעם אגו,,230.00,,false,,8.60,0.0374,true,1,241097
7290112355027,false,יוגורט פרו בטעם קרמל מלוח 200 ג' דנונה,"שטראוס בריאות בע""מ",IL,דנונה פרו 20 בטעם קר,,200.00,100 גרם,false,,6.90,0.0345,true,1,242979
7290112355102,false,גמדים פאוץ סלט פירות 100 ג' שטראוס,"שטראוס בריאות בע""מ",IL,גמדים סקוויז סלט פיר,,100.00,100 גרם,false,,5.90,0.0590,true,1,243530
7290112355393,false,"יטבתה רוטב שמנת+בטטה 9% שומן 250 מ""ל",מחלבת יטבתה,IL,רוטב שמנת עם בטטה 2,,257.00,,false,,11.90,0.0463,true,1,249018
7290112355812,false,מעדן מילקי עם טופ קורנפלקס מצופה שוקולד,"שטראוס גרופ בע""מ",IL,מילקי טופ קורנפלקס 1,,141.00,100 גרם,false,,5.30,0.0376,true,1,247893
7290112355867,false,מילקי קצפת טופ פיצפוץ 86 גרם,"שטראוס גרופ בע""מ",IL,מילקי טופ קצפת פצפוצ,,86.00,100 גרם,false,,4.90,0.0570,true,1,245835
7290112357045,false,עגבניות איטלקיות מרוסקות 390 גר' בקופסה טעם הטבע,שטראוס טעם הטבע,IT,עגבניות איטלקיות מרו,,390.00,100 גרם,false,,7.90,0.0203,true,1,240659
7290112357069,false,מחית עגבניות איטלקיות בקופסה 500 גר' טעם הטבע,שטראוס טעם הטבע,IT,מחית עגבניות איטלקיו,,500.00,100 גרם,false,,8.90,0.0178,true,1,240658
7290112357076,false,קוביות עגבניות איטלקיות 390 גר' בקופסה טעם הטבע,שטראוס טעם הטבע,,קוביות עגבניות איטלק,,390.00,100 גרם,false,,7.90,0.0203,true,1,242160
7290112357083,false,אפונת גינה טעם הטבע 380 גר' בקופסה,שטראוס טעם הטבע,,אפונת גינה ט.הטבע קו,,380.00,100 גרם,false,,7.90,0.0208,true,1,240661
7290112357106,false,שעועית אדומה 380 גר' בקופסה טעם הטבע,שטראוס טעם הטבע,,שעועית אדומה ט.הטבע,,380.00,100 גרם,false,,7.90,0.0208,true,1,240663
7290112357113,false,גרגרי חומוס בקופסה 380 גר' טעם הטבע,שטראוס טעם הטבע,IT,גרגרי חומוס ט.הטבע ק,,380.00,100 גרם,false,,7.90,0.0208,true,1,240657
7290112357892,false,סוכריות ללא סוכר בטעם מנטה מאסט פרש,עלית,,שלישיית סוכריות פרש,,45.00,100 גרם,false,,9.90,0.2200,true,1,240915
7290112358127,false,דנונה פרו חלבון+מגנזיום- וניל ועוגיות 200 גרם,מיוצר עי קונדיטוריית,IL,דנונה פרו 20גר חלבון,,200.00,100 גרם,false,,6.90,0.0345,true,1,242615
7290112358233,false,יד מרדכי רוטב צילי חריף 300גרם,יד מרדכי,,רוטב צילי חריף 300 ג,,300.00,,false,,14.90,0.0497,true,1,242049
7290112358240,false,יד מרדכי רוטב גריל 300 גרם,יד מרדכי,,רוטב לעוף גריל 300גר,,300.00,,false,,14.90,0.0497,true,1,240601
7290112358257,false,רוטב לעוף עם שזיפים יד מרדכי 300 גר',יד מרדכי,,רוטב לעוף עם שזיפים,,300.00,100 גרם,false,,14.90,0.0497,true,1,240602
7290112358431,false,עד חצות דאבל ביסקוויט עם שוקולד חלב -8 אריזות אישיות,הדקלאים אגודת שיתופי,FR,עד חצות ביסקוויט דאב,,200.00,100 גרם,false,,15.90,0.0795,true,1,244132
7290112359353,false,קפה טורקי קלוי וטחון אלדין,STRAUSS-ISRAEL,IL,*מבצע* אלדין קפה טור,,200.00,,false,,15.90,0.0795,true,1,246955
7290112490582,false,חרדל דיזון צרפתי 350 ג' הלמנס,הלמנס hellmann's,,חרדל דיזון הלמנס 350,,350.00,,false,,13.50,0.0386,true,1,225975
7290112490599,false,חרדל צרפתי עם גרגרים שלמים 350ג',הלמנס hellmann's,,חרדל צרפתי עם גרגירי,,350.00,,false,,13.50,0.0386,true,1,225976
7290112490650,false,# 778 קונפיטורת תות כשלפ 340גר,קונפיטורות לה-ארדניי,BE,קונפיטורה 778 תות שד,,340.00,,false,,14.90,0.0438,true,1,225990
7290112490674,false,קונפיטורת דובדבן 340 גר' 778 כשלפ,אתר חיפה 778,BE,קונפיטורה 778 דובדבן,,340.00,100 גרם,false,,14.90,0.0438,true,1,225992
7290112490698,false,קונפיטורה 778 תות שדה לייט 260ג',אתר חיפה 778,BE,קונפיטורה 778 תות שד,,260.00,100 גרם,false,,15.90,0.0612,true,1,225987
7290112492982,false,"אבקת מרק פטריות כשל""פ 100% רכיבים טבעיים 400 גרם",יוניליוור ישראל מזון,IL,קנור א.מרק פטריות רכ,,400.00,100 גרם,false,,25.90,0.0647,true,1,235085
7290112492999,false,מרק בטעם עוף קנור 400 ג' צנצנת,יוניליוור ישראל מזון,IL,"מרק טעם עוף קנור בד""",,400.00,100 גרם,false,,16.50,0.0413,true,1,235178
7290112494153,false,תיבולית בטעם צלי קנור 72 ג',יוניליוור ישראל מזון,IL,קנור תיבולית בניחוח,יחידה,0.00,יחידה,false,,10.90,0.0000,true,1,240148
7290112495037,false,דגני בוקר בטעם שוקולד כדורים 375 ג' קוקומן,יוניליוור שפע ישראל,IL,קוקומן כדורים דגני ב,,375.00,100 גרם,false,,22.90,0.0611,true,1,234652
7290112495044,false,קוקומן פצפוצים בטעם שוקולד,יוניליור שפע ישראל ב,IL,קוקומן פצפוצים דגני,,375.00,100 גרם,false,,22.90,0.0611,true,1,234653
7290112495808,false,"הלמנס רוטב חרדל ודבש 290 מ""ל",יוניליוור ישראל מזון,IL,הלמנס לסלט חרדל ודבש,,305.00,,false,,14.90,0.0489,true,1,239311
7290112496270,false,"פתית צ'יפס תפו""א עם עגבניות ועשבי תיבול 22 גר'",JLM גלובל פודס37 דרך,GB,"פתית צ'יפס תפו""א עם",,0.00,100 גרם,false,,4.90,0.0000,true,1,241038
7290112496287,false,פתית - צ'יפס בטטה בטעם טבעי 21 גרם,JLM גלובל פודס37 דרך,GB,פתית צ'יפס בטטה בטעם,,0.00,100 גרם,false,,4.90,0.0000,true,1,241039
7290112496294,false,חטיף פתית צ'יפס עם אפונה ירוקה צהובה וצ'ילי,JLM גלובל פודס37 דרך,GB,פתית צ'יפס אפונה בתו,,0.00,,false,,4.90,0.0000,true,1,241040
7290112497031,false,רוטב עגבניות לקציצות קנור 415 ג',יוניליוור,IT,רוטב עגבניות לקציצות,,415.00,,false,,11.90,0.0287,true,1,243813
7290112498281,false,"אל סבון לידיים בתוספת שמן קוקוס פינוק 950 מ""ל",יוניליוור ישראל טיפו,IL,פינוק סבון ידיים קוק,,950.00,100 גרם,false,,12.90,0.0136,true,1,245215
7290112498526,false,פתית צ'יפס עם בטטה סגולה בטעם שמנת ובצל,JLM גלובל פודס37 דרך,GB,פתית צ'יפס בטטה סגול,יחידה,0.00,יחידה,false,,4.90,0.0000,true,1,246412
7290112499509,false,"רקסונה - דאודורנט ספריי לאישה בניחוח אפרסק ולמון גראס 150 מ""ל",,,רקסונה ספריי נשים אפ,,150.00,,false,,14.90,0.0993,true,1,248144
7290112700407,false,נר גדול מנצנץ זהב ענ,,,נר גדול מנצנץ זהב ענ,יחידה,0.00,יחידה,false,,8.90,0.0000,true,1,225318
7290112705471,false,קערה במבוק נסיכות,,,קערה במבוק נסיכות,יחידה,0.00,יחידה,false,,9.90,0.0000,true,1,235130
7290112960115,false,אסם שקדי מרק 30% קמח חיטה מלא 12*350גרם,אסם,IL,שקדי מרק 30% קמח חיט,,350.00,,false,,14.90,0.0426,true,1,225544
7290112961464,false,פיטנס חטיפי פריכיות דגנים וחומוס מתובלות,"פרח תעשיות מזון בע""מ",IL,פיטנס חטיפי פריכיות,,60.00,,false,,8.90,0.1483,true,1,226883
7290112962287,false,טבעול שווארמה טבעונית 6*450 גרם,מיוצר עי קונדיטוריית,IL,טבעול שווארמה טבעוני,,450.00,100 גרם,false,,34.90,0.0776,true,1,239340
7290112963918,false,חטיפי קרקר דק רוזמרין 140 ג' פיטנס,נסטלה Nestle,IL,פיטנס קרקר דק רוזמרי,,140.00,100 גרם,false,,12.90,0.0921,true,1,231849
7290112964410,false,רוטב אוסם אלף האיים לסלט 290 ג' אסם,Unknown,IL,רוטב אלף האיים לסלט,,290.00,,false,,12.90,0.0445,true,1,227930
7290112964472,false,רוטב שום לסלט 290 ג' אסם,Unknown,IL,רוטב שום לסלט אסם 29,,290.00,,false,,12.90,0.0445,true,1,227933
7290112964564,false,רוטב אלף האיים לייט לסלט 310 ג' אסם,אסם,IL,רוטב אלף האיים לייט,,295.00,,false,,12.90,0.0437,true,1,227934
7290112964625,false,רוטב שום לייט לסלט 310 ג' אסם,אסם,IL,רוטב שום לייט לסלט א,,310.00,100 גרם,false,,12.90,0.0416,true,1,227935
7290112964724,false,טבעול המבורגרטבעוני 580 גר',מיוצר עי קונדיטוריית,IL,טבעול המבורגר טבעוני,,580.00,,false,,33.90,0.0584,true,1,231893
7290112965141,false,תבשיל פתיתים אפויים עם ירקות 130 גר',אסם,IL,תבשיל פתיתים אפויים,,130.00,,false,,11.90,0.0915,true,1,235193
7290112965325,false,תבשיל אורז ספרדי אוסם 140 גרם,אסם,IL,תבשיל אורז ספרדי אסם,,140.00,,false,,11.90,0.0850,true,1,235195
7290112965660,false,פיטנס - חטיף מולטיגריין מלח פלפל 25 גרם,מיוצר עי קונדיטוריית,IL,פיטנס חטיף מולטיגריי,,25.00,100 גרם,false,,5.90,0.2360,true,1,242235
7290112965684,false,פיטנס - חטיף מולטיגריין עשבי תיבול 25 גרם,מיוצר עי קונדיטוריית,IL,פיטנס חטיף מולטיגריי,,25.00,100 גרם,false,,5.90,0.2360,true,1,242236
7290112965707,false,פיטנס - חטיף מולטיגריין צילי מעודן 25 גרם,"אסם השקעות בע""מ",IL,פיטנס חטיף מולטיגריי,,25.00,100 גרם,false,,5.90,0.2360,true,1,242237
7290112965745,false,אוסם - ביסלי פריסטייל בצל מעושן 60 גרם,"אסם השקעות בע""מ",IL,ביסלי פריסטייל בצל מ,,60.00,100 גרם,false,,5.50,0.0917,true,1,244255
7290112965783,false,אוסם - ביסלי פריסטייל על האש 60 גרם,"אסם השקעות בע""מ",IL,ביסלי פריסטייל על הא,,60.00,100 גרם,false,,5.50,0.0917,true,1,244256
7290112965806,false,אוסם - ביסלי פריסטייל חמוץ חריף 60 גרם,Unknown,IL,ביסלי פריסטייל חמוץ,,60.00,100 גרם,false,,5.50,0.0917,true,1,244254
7290112966094,false,עוגת הבית בטעם תפוז - פחות סוכר,מיוצר עי קונדיטוריית,IL,עוגת הבית תפוז מופחת,,400.00,100 גרם,false,,14.90,0.0373,true,1,235216
7290112966247,false,לחמית כוסמין 200 ג' אסם,אסם יקנעם,IL,לחמית כוסמין אסם 200,,200.00,,false,,11.90,0.0595,true,1,239945
7290112966445,false,במבה מתוקה אריזה גדולה 100 ג' אסם,"אסם השקעות בע""מ",IL,במבה מתוקה אסם 100 ג,,100.00,100 גרם,false,,8.90,0.0890,true,1,234154
7290112966766,false,טחינה בלאדי חציל עגבניות ושום צבר 350 גר',שוורצקוף& הנקל דיסלד,IL,טחינה באלדי חציל עגב,,350.00,,false,,15.90,0.0454,true,1,235228
7290112966780,false,טחינה באלדי עם חציל קלוי צבר 350 גר',שוורצקוף& הנקל דיסלד,IL,טחינה באלדי עם חציל,,350.00,,false,,15.90,0.0454,true,1,235229
7290112966803,false,פודינג אינסטנט שוקולד 88 ג' אסם,"אסם השקעות בע""מ",IL,פודינג שוקולד אסם 88,,88.00,,false,,5.90,0.0670,true,1,235186
7290112967114,false,חטיפי פריכיות פיטנס קטניות ופלפל 60 גר',"פרח תעשיות מזון בע""מ",IL,פיטנס חטיפי פריכיות,,60.00,100 גרם,false,,8.90,0.1483,true,1,239695
7290112967381,false,פיטנס חטיפי פריכיות קטניות ומלח ים 60 גר',"פרח תעשיות מזון בע""מ",IL,פיטנס חטיפי פריכיות,,60.00,100 גרם,false,,8.90,0.1483,true,1,239696
7290112967572,false,"אסם רוטב ברביקיו 290 מ""ל אסם",אסם,IL,רוטב ברבקיו אוסם 290,,290.00,100 גרם,false,,12.90,0.0445,true,1,235190
7290112967800,false,אסם בישולים מיקס בצלים 200 ג',,,אבקת מרק מיקס בצלים,,200.00,100 גרם,false,,19.90,0.0995,true,1,242602
7290112967824,false,אסם בישולים מיקס קלאסי 200 ג',,,אבקת מרק אסם בישולים,,200.00,,false,,19.90,0.0995,true,1,242601
7290112967848,false,ג'לי תות שדה מופחת סוכר 90 גר אסם,מיוצר עי קונדיטוריית,IL,ג'לי תות מופחת סוכר,,68.00,100 גרם,false,,6.90,0.1015,true,1,243913
7290112968449,false,סלט כרוב אדום צבר 250 גר',שוורצקוף& הנקל דיסלד,IL,סלט כרוב אדום צבר 25,,250.00,100 גרם,false,,10.90,0.0436,true,1,239704
7290112968524,false,סלט חומוס גרגירים רכים צבר 250 גרם,שוורצקוף& הנקל דיסלד,IL,סלט חומוס סמיר צבר 2,,250.00,100 גרם,false,,10.90,0.0436,true,1,239706
7290112968685,false,חומוס גרגרים בתטבילה צבר 400 גרם,שוורצקוף& הנקל דיסלד,IL,חומוס גרגרים בתטבילה,,400.00,,false,,14.90,0.0373,true,1,239484
7290112968807,false,פיטנס - קרקר דק סלק 140 גרם,מפעל אסם יקנעם,IL,פיטנס קרקר דק סלק 14,,140.00,,false,,12.90,0.0921,true,1,242233
7290112968821,false,פיטנס - קרקר דק בטטה 140 גרם,מפעל אסם יקנעם,IL,פיטנס קרקר דק בטטה 1,,140.00,,false,,12.90,0.0921,true,1,242234
7290113190375,false,סילאן סירופ תמרים טב,שקדיה,TR,סילאן טבעי 900 גרם,,900.00,,false,,19.90,0.0221,true,1,227986
7290113190450,false,ממרח תמרים שקדיה 450,פוליבה,IL,ממרח תמרים 450 גרם ש,,450.00,,false,,5.90,0.0131,true,1,227094
7290113191921,false,"תרכיז מלבי 750 מ""ל שקדיה",דין שיווק,IL,"סירופ מלבי 750מ""ל",,750.00,100 גרם,false,,17.90,0.0239,true,1,234151
7290113192218,false,תערובת להכנת מלבי 500 גרם,דין שיווק,IL,תערובת להכנת מלבי 50,,500.00,,false,,14.90,0.0298,true,1,239744
7290113192225,false,תערובת להכנה מהירה סופלה שוקולד 200 גר',קריות זול,,תערובת להכנת סופלה ש,,200.00,100 גרם,false,,13.90,0.0695,true,1,241167
7290113192300,false,זיתים חרוזית מושחר A2 בית השיטה 275 גר',בית השיטה,IL,חרוזית מושחר 275גרם,,275.00,,false,,10.90,0.0396,true,1,240427
7290113192317,false,בית השיטה טבעות זיתים מושחרים 280 גר',בית השיטה,IL,טבעות זיתים מושחרים,,280.00,100 גרם,false,,11.90,0.0425,true,1,240428
7290113192331,false,זיתים ירוק גדול A2 בית השיטה 340ג',בית השיטה,IL,זיתים ירוקים שלמים ג,,560.00,,false,,10.90,0.0195,true,1,241999
7290113192355,false,חרוזית זיתים ירוקים ללא גלעין 275 ג' בית השיטה,בית השיטה,IL,חרוזית ירוק 275גרם ב,,275.00,,false,,10.90,0.0396,true,1,240430
7290113192362,false,טבעות זיתים ירוקים 280 ג' בית השיטה,בית השיטה,IL,טבעות זיתים ירוקים 2,,280.00,100 גרם,false,,10.90,0.0389,true,1,240431
7290113192379,false,בית השיטה זיתים ירוקים מבוקעים א2 340גר',בית השיטה,IL,זיתים ירוקים מבוקעים,,340.00,,false,,11.50,0.0338,true,1,240432
7290113192386,false,זיתים סורי מבוקע A2 בית השיטה 340ג',בית השיטה,IL,זית סורי מבוקע 340גר,,340.00,,false,,11.90,0.0350,true,1,240433
7290113192393,false,בית השיטה קוקטייל זיתים א2 336גר',בית השיטה,IL,קוקטייל זיתים 336גרם,,336.00,,false,,12.50,0.0372,true,1,240434
7290113192478,false,בית השיטה מלפפונים במלח בינוני 10-12 320 גרם,בית השיטה,IL,מלפפון במלח בינוניים,,320.00,100 גרם,false,,8.90,0.0278,true,1,240442
7290113192492,false,בית השיטה מלפפונים בחומץ קטנים 1317 290 גרם,בית השיטה,IL,מלפפון בחומץ קטנים 1,,290.00,,false,,10.90,0.0376,true,1,240444
7290113192508,false,בית השיטה מלפפונים במלח קטן 1317 320 גרם,בית השיטה,IL,מלפפון במלח קטנים 13,,320.00,100 גרם,false,,10.90,0.0341,true,1,240445
7290113192515,false,בית השיטה מלפפונים במלח קטן מאוד 1825 320 גרם,בית השיטה,IL,מלפפון במלח 18-25 קט,,320.00,,false,,12.90,0.0403,true,1,240448
7290113192522,false,בית השיטה מלפפונים בחומץ קטן מאוד 1825 290 גרם,בית השיטה,IL,מלפפון בחומץ 18-25 ק,,290.00,,false,,12.90,0.0445,true,1,240449
7290113192539,false,בית השיטה מלפפונים במלח גדול 79 320 גרם,בית השיטה,IL,מלפפון במלח גדולים 7,,320.00,100 גרם,false,,7.90,0.0247,true,1,240452
7290113192546,false,בית השיטה מלפפונים בחומץ גדול 79 290 גרם,בית השיטה,IL,מלפפון בחומץ גדולים,,290.00,,false,,7.90,0.0272,true,1,240453
7290113192560,false,בית השיטה פלפל שיפקה חריף כבוש 230 גרם,בית השיטה,IL,פלפל שיפקה א2 230 גר,,230.00,,false,,6.90,0.0300,true,1,241403
7290113192577,false,בית השיטה כרוב כבוש חתוך 430 גרם,בית השיטה,IL,כרוב כבוש א2 430 גרם,,430.00,100 גרם,false,,8.40,0.0195,true,1,241404
7290113192881,false,"טורטיה חיטה מופחת קלוריות, קוטר 20 ס""מ - 6 יח'",דין שיווק,IL,טורטיה חיטה מופחתת ק,,270.00,100 גרם,false,,9.90,0.0367,true,1,241175
7290113193888,false,חצילים מוחמצים בית השיטה 320 גר',שוורצקוף& הנקל דיסלד,IL,חצילים מוחמצים 320 ג,,320.00,100 גרם,false,,11.90,0.0372,true,1,243590
7290113194090,false,טבעות זיתים קלמטה בית השיטה 280 גר',בית השיטה,IL,זית קלמטה טבעות 280,,280.00,100 גרם,false,,14.50,0.0518,true,1,241411
7290113195196,false,רסק תפוחי עץ 710 גרם,,,רסק תפוחי עץ 710 גרם,,710.00,,false,,10.90,0.0154,true,1,243449
7290113195363,false,שמן חמניות מזוכך בית,בית השיטה,,שמן חמניות מזוכך בית,,1000.00,,false,,11.90,0.0119,true,1,245225
7290113196001,false,פסטה ספגטי 500 ג' שקדיה,,,פסטה ספגטי שקדיה 500,,500.00,,false,,5.90,0.0118,true,1,248124
7290113196018,false,פסטה ביסלי 500 ג' שקדיה,,,פסטה ביסלי שקדיה 500,,500.00,100 גרם,false,,5.90,0.0118,true,1,248126
7290113196025,false,פסטה צינורות 500 ג' שקדיה,,,פסטה צינורות שקדיה 5,,500.00,,false,,5.90,0.0118,true,1,248128
7290113196032,false,פסטה צדפים 500 ג' שקדיה,,,פסטה צדפים 500 גרם,,500.00,100 גרם,false,,5.90,0.0118,true,1,248127
7290113196414,false,"אורז בסמטי שקדיה 1 ק""ג",קריות זול,IN,"אורז בסמטי 1 ק""ג שקד",,1000.00,,false,,12.90,0.0129,true,1,245683
7290113196506,false,פריכיות כוסמת ללא מלח שקדיה 150 ג',דין שיווק,IL,פריכיות כוסמת ללא מל,,150.00,100 גרם,false,,11.90,0.0793,true,1,245681
7290113196513,false,פריכיות כוסמת בתוספת שקדים שקדיה 150 ג',דין שיווק,IL,פריכיות כוסמת בתוספת,,150.00,100 גרם,false,,11.90,0.0793,true,1,245679
7290113196902,false,מנה חמה אטריות אורז בטעם בקר 70 ג' סו שף,קריות זול,,מנה חמה אטריות אורז,,60.00,,false,,7.90,0.1317,true,1,248132
7290113196919,false,מנה חמה אטריות אורז בטעם עוף70 ג' סו שף,קריות זול,,מנה חמה אטריות אורז,,60.00,,false,,7.90,0.1317,true,1,248133
7290113196926,false,מנה חמה אטריות אורז בטעם ירקות 70 ג' סו שף,קריות זול,,מנה חמה אטריות אורז,יחידה,0.00,יחידה,false,,7.90,0.0000,true,1,248131
7290113196933,false,מנה חמה אטריות אורז בטעם טום יאס70 ג' סו שף,קריות זול,,מנה חמה אטריות אורז,,60.00,100 גרם,false,,7.90,0.1317,true,1,248134
7290113196940,false,חטיפי תירס טורטיה בט,אן וי רוגר,BE,חטיפי תירס (טורטיה)ב,,300.00,100 גרם,false,,11.90,0.0397,true,1,247681
7290113196957,false,חטיפי תירס טורטיה בט,אן וי רוגר,BE,חטיפי תירס (טורטיה)ב,,300.00,100 גרם,false,,11.90,0.0397,true,1,247682
7290113197169,false,חמאת בוטנים טבעית שק,,,חמאת בוטנים טבעית 51,,510.00,100 גרם,false,,17.90,0.0351,true,1,248135
7290113199408,false,פרכיות כוסמין דקות ב,,,פריכיות דקות כוסמין,,150.00,,false,,10.90,0.0727,true,1,247572
7290113199781,false,ממרח 100% מיקס אגוזי,פפאיינס,TW,ממרח 100 % אגוזים ו,,300.00,100 גרם,false,,14.90,0.0497,true,1,247684
7290113199798,false,ממרח 100% אגוזי קשיו,פפאיינס,TW,ממרח 100 % אגוזי קשי,,200.00,100 גרם,false,,24.90,0.1245,true,1,247685
7290113319233,false,בקבוק פלסטיק עם צמיד,,,בקבוק פלסטיק עם צמיד,,500.00,,false,,19.90,0.0398,true,1,247736
7290113594333,false,בקבוק נירוסטה 450 מל עם קש מתקפל- מיקי,,,בקבוק נירוסטה עם קש,,450.00,100 גרם,false,,19.90,0.0442,true,1,248399
7290113594340,false,בקבוק נירוסטה 450 מל עם קש מתקפל- מיני,,,בקבוק נירוסטה עם קש,,450.00,100 גרם,false,,19.90,0.0442,true,1,248400
7290113594432,false,אצבעות שוקולד ממולא,,,אצבעות שוקולד ממולא,,50.00,100 גרם,false,,4.90,0.0980,true,1,243335
7290113594494,false,אצבעות שוקולד ממולא,,,אצבעות שוקולד ממולא,,50.00,100 גרם,false,,4.90,0.0980,true,1,243336
7290113597136,false,קערה במבוק חד-בייבי שארק,,,קערה במבוק חד-בייבי,יחידה,0.00,יחידה,false,,9.90,0.0000,true,1,235124
7290113790049,false,מארז 3 נורה 10 וואט,,,מארז 3 נורה 10 וואט,יחידה,0.00,יחידה,false,,19.90,0.0000,true,1,246487
7290113791947,false,מארז 3 נורה 15 וואט,,,מארז 3 נורה 15 וואט,יחידה,0.00,יחידה,false,,29.90,0.0000,true,1,246488
7290114310215,false,"**טרה שמנת מתוקה 38% 250 מ""ל בקבוק.",מילקו תעשיות בעמ,IL,שמנת מתוקה 38% בקבוק,,250.00,100 גרם,false,,6.47,0.0259,true,1,240423
7290114310222,false,חלב 1.5 ליטר 3% מועשר בסידן וויטמין D.,מילקו תעשיות בעמ,IL,חלב טרה 1.5ל 3ֵ% מעו,,1500.00,100 גרם,false,,12.90,0.0086,true,1,248634
7290114310239,false,חלב טרה נטול לקטוז מועשר בוויטמין D 2% 1.5 ל',מילקו תעשיות בעמ,IL,חלב נטול לקטוז 1.5 ל,,1500.00,100 גרם,false,,12.90,0.0086,true,1,248633
7290114310338,false,צפתית מעודנת 5% 225 גר' משק צוריאל,מחלבת משק צוריאל,IL,צפתית מעודנת 225גר,,225.00,100 גרם,false,,19.90,0.0884,true,1,243189
7290114310383,false,מולר קציפת יוגורט בטעם וניל צרפתי 97 גרם,מולר Muller,IL,מולר פרופ קציפת יוג,,97.00,,false,,5.30,0.0546,true,1,248753
7290114310406,false,"מולר פרופ קציפת יוגורט תות 5% 150 מ""ל",מולר Muller,IL,מולר פרופ קציפת יוג,,97.00,100 גרם,false,,5.30,0.0546,true,1,248754
7290114310536,false,יוגורט לייט מעושר בחלבון בטעם וניל מולר 200 ג',מולר Muller,IL,מולר אקטיב לייט יוגו,,200.00,,false,,6.80,0.0340,true,1,244198
7290114310611,false,"משקה חלב בננה בבקבוק פקק ספורט טרה 250 מ""ל",Unknown,IL,"משקה חלב בננה 250 מ""",,250.00,,false,,5.80,0.0232,true,1,244200
7290114310628,false,משקה חלב בטעם וניל עוגיות 1.5% שומן,מילקו תעשיות בעמ,IL,משקה חלב וניל ועוגיו,,1000.00,,false,,13.20,0.0132,true,1,245187
7290114310673,false,גבינת לאבנה 9% 250 גרם,טרה,IL,לאבנה 9% 250גרם,,250.00,100 גרם,false,,13.90,0.0556,true,1,246118
7290114310895,false,סימפלי מולר מאגדת שמינייה מנגו תות 1.5% 150X8 גר',מולר Muller,IL,מולר סימפלי מנגו תות,,1200.00,,false,,31.90,0.0266,true,1,245190
7290114311014,false,"משקה חלב אייס קפוצ'ינו בבקבוק 250 מ""ל",Unknown,IL,משקה אייס קפוצינו טר,,250.00,,false,,5.80,0.0232,true,1,247384
7290114311021,false,משקה חלב בטעם וניל עוגיות 1.5% שומן,Unknown,IL,משקה וניל עוגיות טרה,,250.00,,false,,5.80,0.0232,true,1,247385
7290114311038,false,שמנת מתוקה עמידה 32% 250מל בקבוק,Unknown,IL,שמנת להקצפה טרה 32%,,250.00,,false,,7.70,0.0308,true,1,247432
7290114311069,false,יוגורט לבן מועשר בחלבון 0% שומן 200 גרם muller active,מולר Muller,IL,מולר אקטיב 25ג חלבון,,200.00,100 גרם,false,,5.60,0.0280,true,1,246768
7290114311076,false,"חמאת מולר צהובה עם שום, 200 גרם",מולר Muller,IL,מולר חמאה צהובה עם ש,,200.00,100 גרם,false,,12.90,0.0645,true,1,247435
7290114311298,false,יוגורט קציפת תות בננה מלון 150 ג' מולר,מולר Muller,IL,מולר פרופ קציפת תות,,150.00,100 גרם,false,,5.50,0.0367,true,1,247884
7290114311304,false,יוגורט קציפת מנגו פסיפלורה בננה 150 ג' מולר,מולר Muller,IL,מולר פרופ קציפת מנגו,,150.00,100 גרם,false,,5.50,0.0367,true,1,247885
7290114311328,false,חלב נטול לקטוז 2% שומן מועשר בויטמין D,ג'י.אר.אמ.גרופו אלימ,IL,חלב נטול לקטוז מועשר,,1000.00,,false,,8.50,0.0085,true,1,248245
7290114311359,false,יוגורט עם קציפת מנגו 3% שומן פרופ 150 ג' מולר,מולר Muller,IL,מולר פרופ קציפת מנגו,,150.00,100 גרם,false,,5.50,0.0367,true,1,247988
7290114311434,false,"מולר אקטיב בטעם קרמל מלוח 0% שומן, 200 גרם",מולר Muller,IL,מולר אקטיב בטעם קרמל,,200.00,100 גרם,false,,6.50,0.0325,true,1,248751
7290114311441,false,"מולר אקטיב בטעם עוגיות חמאה 0% שומן, 200 גרם",מולר Muller,IL,מולר אקטיב בטעם עוגי,,200.00,100 גרם,false,,6.50,0.0325,true,1,248752
7290114311458,false,"חלב מועשר 3% וויטמין קרטון, 1 ל טרה",Unknown,IL,חלב 3% מועשר ויטמין-,,1000.00,,false,,8.00,0.0080,true,1,248481
7290114311502,false,"משקה חלב בקבוק בטעם סחלב, 1 ליטר",מילקו תעשיות בעמ,IL,משקה חלב בטעם סחלב 1,,1000.00,,false,,13.20,0.0132,true,1,248750
7290114600941,false,מיונז מאסטר שף מיונז לחיץ 435 ג',קפה לנדוור,NL,מיונז הולנדי לחיץ מא,,435.00,100 גרם,false,,15.90,0.0366,true,1,249496
7290114604895,false,ממרח ספייסי לחיץ 446 גר' מאסטר שף,מאסטר שף,NL,ממרח ספייסי לחיץ מאס,,446.00,100 גרם,false,,15.90,0.0357,true,1,249487
7290114604901,false,ממרח שום לחיץ מאסטר שף444 ג',מאסטר שף,NL,ממרח שום לחיץ מאסטר,,444.00,100 גרם,false,,15.90,0.0358,true,1,249489
7290114604963,false,מאסטר שף פירורי לחם מתובלים 230ג,מאסטר שף,IL,פירורים מתובלים 230,,280.00,100 גרם,false,,7.90,0.0282,true,1,244084
7290114606530,false,רוטב בטעם מיונז וקטשופ מאסטר שף 515 ג',מאסטר שף,NL,רוטב בטעם מיונז וקטש,,515.00,100 גרם,false,,15.90,0.0309,true,1,249491
7290114606554,false,מיונז מופחת קלוריות בקבוק לחיץ,מאסטר שף,NL,מיונז לייט לחיץ מאסט,,470.00,100 גרם,false,,15.90,0.0338,true,1,249494
7290114653176,false,בקבוק שתיה 700 מל עם חבק סיליקון-צהוב,,,בקבוק שתיה עם חבק סי,,700.00,,false,,19.90,0.0284,true,1,247762
7290114655934,false,בקבוק טריטן עם צמידי,,,בקבוק טריטן עם צמידי,,700.00,,false,,19.90,0.0284,true,1,248393
7290115072686,false,בקבוק פלסטיק עם צמיד,,,בקבוק פלסטיק עם צמיד,,500.00,100 גרם,false,,19.90,0.0398,true,1,247741
7290115073720,false,שלישיית ביצי שוקולד(חלב נוכרי)-לוני טונס,,,שלישיית ביצי שוקולד-,יחידה,0.00,יחידה,false,,12.90,0.0000,true,1,247598
7290115074826,false,בקבוק פלסטיק עם צמיד,,,בקבוק פלסטיק עם צמיד,,500.00,100 גרם,false,,19.90,0.0398,true,1,247734
7290115076127,false,בקבוק נירוסטה 450 מל עם קש מתקפל- LOL,,,בקבוק נירוסטה עם קש,,450.00,,false,,19.90,0.0442,true,1,248403
7290115079357,false,שלישיית ביצי שוקולד,,,שלישיית ביצי שוקולד,,60.00,,false,,9.90,0.1650,true,1,245827
7290115190014,false,סיגריות מרלבורו רד קצר בוקס,פיליפ מוריס,,מרלבורו אדום קצר,יחידה,0.00,יחידה,false,,35.50,0.0000,false,1,242484
7290115190151,false,סיגריות מרלבורו טאץP,פיליפ מוריס,,מרלבורו כחול טאצ,יחידה,0.00,יחידה,false,,35.50,0.0000,false,1,242479
7290115190212,false,סיגריות פרלמנט בלו ארוך,פיליפ מוריס,,פרלמנט כחול ארוך,יחידה,0.00,יחידה,false,,42.00,0.0000,false,1,242466
7290115190250,false,סיגריות פרלמנט נייטP,פיליפ מוריס,,פרלמנט קצר,יחידה,0.00,יחידה,false,,42.00,0.0000,false,1,242263
7290115190335,false,ל.מ כחול לייבל ארוך,פיליפ מוריס,,אל אם בלו 100,יחידה,0.00,יחידה,false,,32.00,0.0000,false,1,244196
7290115190519,false,סיגריות נקסט פיין חפ,פיליפ מוריס,,נקסט פיין,יחידה,0.00,יחידה,false,,30.00,0.0000,false,1,242472
7290115200003,false,פתי בר פינוקי וניל 220 גר' אסם,תאי פרזידנט פוד פאבל,PL,פתי בר פינוקי וניל 2,,220.00,,false,,12.70,0.0577,true,1,241109
7290115200027,false,פתי בר פינוקי שוקו 220 גר' אסם.,קריות זול,PL,פתי בר פינוקי שוקו 2,,220.00,,false,,12.70,0.0577,true,1,241110
7290115200713,false,מארז במבה קלאסי 5*50 ג' אסם,אסם,IL,במבה קלאסי מארז אחיד,,250.00,,false,,13.90,0.0556,true,1,241107
7290115201031,false,אסם פתיבר דובי שוקולד 175 גר',טרופיקל דגיל תעשיות,PL,פתי בר דובי שוקולד 1,,175.00,,false,,12.70,0.0726,true,1,243923
7290115201451,false,טבעול גורמה לביבות בטטה 455 גר',טבעול (מקבוצת אסם הש,IL,טבעול לביבות בטטה קא,,455.00,,false,,38.90,0.0855,true,1,247689
7290115201680,false,ביסלי ברביקיו אסם 70,"אסם השקעות בע""מ",IL,ביסלי ברביקיו אסם 70,,70.00,,false,,4.90,0.0700,true,1,242232
7290115201703,false,ביסלי בטעם ברביקיו 200 ג' אסם,מיוצר עי קונדיטוריית,IL,ביסלי ברביקיו אסם 20,,200.00,100 גרם,false,,9.50,0.0475,true,1,242229
7290115201741,false,ביסלי בטעם בצל אסם 7,"אסם השקעות בע""מ",IL,ביסלי בטעם בצל אסם 7,,70.00,100 גרם,false,,4.90,0.0700,true,1,242231
7290115202212,false,טבעול גורמה לביבות סלק 434 גר',עיצובים 2020 (4.8),,טבעול גורמה לביבות ס,,434.00,,false,,38.90,0.0896,true,1,247692
7290115202236,false,טבעול טופו קראנצים 470 גר',עיצובים 2020 (4.8),IL,טבעול טופו קראנצ'ים,,470.00,100 גרם,false,,35.90,0.0764,true,1,244889
7290115203134,false,פופקו פופקורן במבה - פופקורן בציפוי קרמל ובוטנים,"אסם השקעות בע""מ",IL,פופקו פופקורן במבה א,,80.00,,false,,5.90,0.0738,true,1,244257
7290115203172,false,במבה PRO מכיל 18 גרם חלבון בשקית,"אסם השקעות בע""מ",IL,במבה פרו 80 גרם,,80.00,,false,,4.90,0.0613,true,1,248209
7290115203486,false,פירורית בטעם ביסלי גריל אסם 200 גר',קיבוץ עינת,IL,פירורית אסם בטעם ביס,,200.00,,false,,6.50,0.0325,true,1,247327
7290115204018,false,מנה חמה איטלקי פסטה בסגנון אלפרדו 60 ג' אסם,נסטלה,IL,מנה חמה איטלקי פסטה,,60.00,100 גרם,false,,6.90,0.1150,true,1,248886
7290115204056,false,אסם קטשופ מופחת סוכר 690 גר',קריות זול,IL,אסם קטשופ מופחת סוכר,,690.00,,false,,10.90,0.0158,true,1,244961
7290115205176,false,פיטנס - קרקר דק כפרי פיטנס 140 גרם,נסטלה Nestle,IL,פיטנס קרקר דק כפרי 1,,140.00,,false,,12.90,0.0921,true,1,245577
7290115205251,false,פיטנס בר פריכיות קרמל מלוח 84 גרם,כרמית,IL,פיטנס בר פריכיות קרמ,,84.00,100 גרם,false,,14.90,0.1774,true,1,248564
7290115205312,false,קרקר פיטנס דק עם זיתי קלמטה ועשבי תיבול,"אסם השקעות בע""מ",IL,פיטנס קרקר דק זיתים,,140.00,100 גרם,false,,12.90,0.0921,true,1,247332
7290115205527,false,פיטנס חטיף מולטגריין עם עדשים 25גר,פיטנס,IL,פיטנס חטיף מולטיגריי,,25.00,,false,,5.90,0.2360,true,1,247694
7290115205541,false,חטיף מולטיגריין עם חומוס 25 ג' פיטנס,"אסם השקעות בע""מ",IL,פיטנס חטיף מולטיגריי,,25.00,,false,,5.90,0.2360,true,1,247695
7290115205695,false,בצק מצונן לפיצה 460 גר' בונז'ור,נסטלה סוויס (שוויץ),IL,בצק לפיצה מצונן בונז,,460.00,100 גרם,false,,19.90,0.0433,true,1,247731
7290115205718,false,בצק מצונן עלים 230 גר' בונז'ור,נסטלה סוויס (שוויץ),IL,בצק עלים מצונן בונזו,,230.00,,false,,17.90,0.0778,true,1,247732
7290115205978,false,פתיבר ואצבעות שוקולד 180 גרם - רבנות,"ד""ר ג'רארד בע""מ",PL,פתי בר אצבעות שוקולד,,180.00,,false,,12.70,0.0706,true,1,246873
7290115207484,false,צבר חציל על האש היתר 6*400גרם.,ג'נרל מילס סאן אדריא,IL,צבר חציל על האש היתר,,360.00,100 גרם,false,,16.90,0.0469,true,1,247506
7290115207507,false,צבר סלט טורקי 6*360גרם,ג'נרל מילס סאן אדריא,IL,צבר סלט טורקי 360גר,,360.00,100 גרם,false,,16.90,0.0469,true,1,247507
7290115207620,false,"רוטב בסגנון סויה קלאסי 290 מ""ל אסם",,,רוטב בסגנון סויה קלא,,290.00,,false,,15.90,0.0548,true,1,247337
7290115207682,false,"רוטב בסגנון סויה סיני 290 מ""ל",Unknown,,רוטב בסגנון סויה סינ,,290.00,100 גרם,false,,12.90,0.0445,true,1,247335
7290115207941,false,סירופ אננס 1 ל' ויטמינצ'יק,בית-השיטה עסיס תעשיו,IL,ויטמינציק אננס 1 ליט,,1000.00,,false,,21.90,0.0219,true,1,246547
7290115207989,false,סירופ לימון 1 ל' ויטמינצ'יק,בית-השיטה עסיס תעשיו,IL,ויטמינצ'יק לימון 1 ל,,1000.00,,false,,21.90,0.0219,true,1,246548
7290115208009,false,סירופ ענבים 1ל' ויטמינצ'יק,בית-השיטה עסיס תעשיו,IL,ויטמינציק ענבים 1 ל,,1000.00,100 גרם,false,,21.90,0.0219,true,1,246549
7290115208047,false,סירופ פטל 1 ל' ויטמינצ'יק,בית-השיטה עסיס תעשיו,IL,ויטמינציק פטל 1 ליטר,,1000.00,100 גרם,false,,21.90,0.0219,true,1,246546
7290115208061,false,סירופ תפוח 1ל' ויטמינצ'יק,בית השיטה עסיס תעשיו,IL,ויטמינציק תפוח 1 ליט,,1000.00,100 גרם,false,,21.90,0.0219,true,1,246551
7290115208597,false,אסם קרמוגית מיניס קרמל מלוח 200 גרם,"אסם השקעות בע""מ",IL,קרמוגית מיניס קרמל מ,,200.00,100 גרם,false,,12.70,0.0635,true,1,248044
7290115208801,false,לחמית דבש ואגוזים 190ג אסם,Unknown,IL,לחמית דבש ואגוזים 19,,190.00,100 גרם,false,,11.90,0.0626,true,1,248212
7290115208849,false,"מנה חמה פסטה מוקרמת ט.עוף בד""צ 55גר",קריות זול,IL,מנה חמה אסם פירה עם,,51.00,100 גרם,false,,6.90,0.1353,true,1,248887
7290115209198,false,במבה אורירית 80 ג' אסם,אסם השקעות בעמ,IL,במבה אורירית אסם 80,,80.00,,false,,4.90,0.0613,true,1,247693
7290115209235,false,אסם פתי בר קפה 500 גרם,קריות זול,IL,פתי בר קפה 500 גרם א,,500.00,100 גרם,false,,14.90,0.0298,true,1,248566
7290115209358,false,במבה במילוי קרם בטעם בראוניז,"אסם השקעות בע""מ",IL,במבה במילוי בראוניז,,60.00,,false,,4.90,0.0817,true,1,248889
7290115209372,false,במבה במילוי בראוניז 150ג' אסם,"אסם השקעות בע""מ",IL,במבה במילוי בראוניז,,150.00,,false,,10.90,0.0727,true,1,248890
7290115405781,false,פחזניות ממולאות בטעם שוקולד 180 גר',קפולסקי אדל בעמ,IL,פחזניות ממולאות טעם,,180.00,100 גרם,false,,14.90,0.0828,true,1,248084
7290115405798,false,פחזניות ממולאות בטעם ריבת חלב 180 גרם,קפולסקי אדל בעמ,IL,פחזניות ממולאות טעם,,180.00,100 גרם,false,,14.90,0.0828,true,1,248085
7290115480009,false,"מרכך כביסה מרוכז פרש קונטרול ירוק 900 מ""ל סוד",הנקל סוד,IL,סוד מרכך מרוכז פרש ק,,900.00,100 גרם,false,,14.90,0.0166,true,1,245931
7290115670677,false,גרנולה פירות טרופיים אנרג'י 400 גר',Unknown,,אנרג'י גרנולה עם פיר,,400.00,,false,,14.90,0.0373,true,1,244125
7290115670684,false,גרנולה שיבולת שועל עם אגוזי לוז,אנרג'י Energy - שטראוס,,אנרג'י גרנולה עם אגו,,400.00,,false,,14.90,0.0373,true,1,244126
7290115670691,false,גרנולה שיבולת שועל עם פירות יער,אנרג'י Energy - שטראוס,CZ,אנרג'י גרנולה עם פיר,,400.00,100 גרם,false,,14.90,0.0373,true,1,244128
7290115671155,false,שלישיית סוכריות FRESH ענבים 45 ג' בזוקה,ALPRO,,שלישיית סוכריות פרש,,135.00,,false,,9.90,0.0733,true,1,246340
7290115671223,false,מסטיק מאסט פאן בצנצנת אבטיח מנגו,אסקום קונפקשיין,DE,מסטיק מאסט פאן אבטיח,,58.00,,false,,10.90,0.1879,true,1,246338
7290115671339,false,מיני פינוקיות בראוניז בייגל בוטן עלית 180 ג' עלית,הגביע מוצרי ופלים בע,IL,מיני פינוקיות בראוני,,180.00,,false,,11.90,0.0661,true,1,244934
7290115671353,false,מיני פינוקיות עוגיות קקאו במילוי קרם בטעם וניל,עלית,IL,מיני פינוקיות שחור ל,,180.00,100 גרם,false,,11.90,0.0661,true,1,246345
7290115675986,false,יוגורט עם אגוזי לוז ושקדים בקרמל מלוח 4.5%,"שטראוס בריאות בע""מ",IL,דנונה בר עם אגוזים מ,,173.00,100 גרם,false,,5.30,0.0306,true,1,243242
7290115676037,false,דנונה ריפרש יוגורט עם תות ודומדמניות 1.6% שומן,מיוצר עי קונדיטוריית,IL,דנונה ריפרש יוגורט ב,,250.00,100 גרם,false,,6.50,0.0260,true,1,244304
7290115676051,false,"אקטיביה משקה+שיבולת שועל במתיקות מעודנת 250 מ""ל",מיוצר עי קונדיטוריית,IL,אקטיביה משקה שיבולת,,265.00,100 גרם,false,,5.80,0.0219,true,1,245832
7290115676082,false,משקה דנונה פרו 20 יוגורט תות 255 ג' רבנות,"שטראוס בריאות בע""מ.",IL,דנונה פרו משקה בטעם,,255.00,100 גרם,false,,7.90,0.0310,true,1,244306
7290115676099,false,משקה דנונה פרו 20 יוגורט וניל 255 ג' רבנות,"שטראוס בריאות בע""מ.",IL,דנונה פרו משקה בטעם,,255.00,100 גרם,false,,7.90,0.0310,true,1,244307
7290115676273,false,קקאו 500גר' +10% תוספת,שטראוס גרופ,IL,קקאו עלית 500 גרם+10,,550.00,100 גרם,false,,28.90,0.0525,true,1,244137
7290115677089,false,קונפיטורה תפוח וקינמון יד מרדכי 340 ג',"ב.א מזון בע""מ",IL,קונפיטורת תפוח וקינמ,,340.00,100 גרם,false,,15.90,0.0468,true,1,244939
7290115677966,false,ממרח אבוקדו 200 ג' שטראוס,סנטה אירפואטו,MX,ממרח אבוקדו טעם הטבע,,200.00,100 גרם,false,,16.50,0.0825,true,1,245957
7290115678222,false,מארז 8 גביעים יוגורט Greek בסגנון יווני 6.5% שומן,דנונה - שטראוס,IL,יוגורט יווני 6.5% שו,,1040.00,100 גרם,false,,26.90,0.0259,true,1,244312
7290115678376,false,מעדן הגולן שוקולד 125 גרם,מיוצר עי קונדיטוריית,IL,מעדן הגולן שוקולד 12,,125.00,100 גרם,false,,3.50,0.0280,true,1,244927
7290115678383,false,מעדן הגולן שוקולד מריר 125 גר,מיוצר עי קונדיטוריית,IL,מעדן הגולן שוקולד מר,,125.00,100 גרם,false,,3.50,0.0280,true,1,244928
7290115678970,false,מארז סוכריות FRESH בטעם בזוקה עלית 3*15 ג',,,שלישיית סוכריות פרש,,45.00,100 גרם,false,,9.90,0.2200,true,1,244933
7290115679960,false,ציטוס פופקורן טבעי 60 גר',"שטראוס פריטו ליי בע""",IL,צ'יטוס פופקורן טבעי,,60.00,100 גרם,false,,4.90,0.0817,true,1,245300
7290116240077,false,כוס שתיה דופן כפולה עם קש וקונפטי נסיכות,,,כוס שתיה דופן כפולה,יחידה,0.00,יחידה,false,,14.90,0.0000,true,1,248384
7290116240121,false,כוס שתיה דופן כפולה,,,כוס שתיה דופן כפולה,יחידה,0.00,יחידה,false,,14.90,0.0000,true,1,248388
7290116240145,false,כוס שתיה דופן כפולה עם קש וקונפטי מיקי,,,כוס שתיה דופן כפולה,יחידה,0.00,יחידה,false,,14.90,0.0000,true,1,248385
7290116240169,false,כוס שתיה דופן כפולה עם קש וקונפטי ריינבוקורן,,,כוס שתיה דופן כפולה,יחידה,0.00,יחידה,false,,14.90,0.0000,true,1,248390
7290116240176,false,כוס שתיה דופן כפולה עם קש וקונפטי לוני טונס,,,כוס שתיה דופן כפולה,יחידה,0.00,יחידה,false,,14.90,0.0000,true,1,248386
7290116243986,false,אצבעות שוקולד ממולא בקרם חלב עם מדבקות 50 גרם - ברבי,Unknown,,אצבעות שוקולד ממולא,,50.00,,false,,3.90,0.0780,true,1,249312
7290116531045,false,קורנפלקס דליפקאן 400,"מולינו ניקולי S.p.A,",IT,דליפקאן ללא גלוטן 35,,350.00,100 גרם,false,,23.90,0.0683,true,1,246619
7290116531496,false,דגני בוקר קינמונים 375 ג' תלמה,נאוג'אזיס נווזיס UAB,LT,קינמונים דגנים פריכי,,375.00,,false,,22.90,0.0611,true,1,246870
7290116531557,false,מאגדת פתית פריכיות תירס דקות 150 ג',פתית,,פתית פריכיות תירס דק,,25.00,100 גרם,false,,11.90,0.4760,true,1,246778
7290116531762,false,בדין - דפים למייבש כביסה ורוד 40 יחידות,קריות זול,US,בדין דפים למייבש וור,יחידה,0.00,יחידה,false,,19.90,0.0000,true,1,246777
7290116531779,false,בדין - דפים למייבש כביסה כחול 40 יחידות,קריות זול,US,בדין דפי מרכך כחול 4,יחידה,0.00,יחידה,false,,19.90,0.0000,true,1,246779
7290116531793,false,הלמנס רוטב לסלט קיסר 295 גרם,יוניליוור ישראל מזון,IL,רוטב לסלט קיסר הלמנס,,295.00,100 גרם,false,,14.90,0.0505,true,1,245494
7290116532721,false,רוטב הלמנס ישראלי לסלט לימון וזעתר 305 ג,יוניליוור,IL,הלמנס לסלט רוטב לימו,,295.00,100 גרם,false,,14.90,0.0505,true,1,248543
7290116532738,false,רוטב לסלט הלמנס איטלקי בז' ואורגנו 305 ג,יוניליוור,IL,רוטב איטלקי 295 גר,,295.00,100 גרם,false,,14.90,0.0505,true,1,248544
7290116532868,false,"פינוק - שמפו אל דמע בייבי 900 מ""ל",אתר ליוור,,פינוק שמפו בייבי 900,,900.00,100 גרם,false,,21.90,0.0243,true,1,248534
7290116851372,false,כף אשפה קטן,,,כף אשפה קטן,יחידה,0.00,יחידה,false,,5.90,0.0000,true,1,246749
7290116915791,false,בקבוק טריטן עם צמידי,,,בקבוק טריטן עם צמידי,,700.00,100 גרם,false,,19.90,0.0284,true,1,248394
7290116930282,false,ארוחה בקטנה לאבנה עם קרקרים 150ג' תנובה,תנובה,IL,ארוחה בקטנה לאבנה עם,,150.00,,false,,8.50,0.0567,true,1,248515
7290116930435,false,יוגורט יופלה GO במרקם סמיך עם דובדבן 0%,תנובה מרכז שיתופי לש,IL,יוגורט גו סמיך 0% דו,,200.00,,false,,6.30,0.0315,true,1,247518
7290116930459,false,"משקה SHAKE בננה אננס וקוקוס 230 מ""ל יופלה",יופלה Yoplait,IL,יופלה שייק בננה אננ,,230.00,100 גרם,false,,8.70,0.0378,true,1,247625
7290116930466,false,"משקה SHAKE בננה מנגן פסיפלורה והל 230 מ""ל יופלה",יופלה Yoplait,IL,יופלה שייק מנגו בננ,,230.00,100 גרם,false,,8.70,0.0378,true,1,247626
7290116930480,false,"משקה SHAKE בננה קיווי תפוח 230 מ""ל יופלה",יופלה Yoplait,IL,יופלה שייק בננה קיו,,230.00,100 גרם,false,,8.70,0.0378,true,1,247624
7290116930718,false,מעדן תנובה דיאט בטעם שוקולד וקרמל מלוח 0% 150ג' תנובה,"תנובה בע""מ",IL,מעדן תנובה דיאט שוקו,,150.00,,false,,4.30,0.0287,true,1,248027
7290116931012,false,יופלה דיאט 0% שומן תפוח וקינמון 150 גרם,תנובה מרכז שיתופי לש,IL,יופלה דיאט 0% 150ג ת,,150.00,100 גרם,false,,5.30,0.0353,true,1,249709
7290116931074,false,פרוסות טל העמק 32% 300 גרם,"תנובה בע""מ",IL,פרוסות טל העמק 32% 3,,300.00,100 גרם,false,,29.90,0.0997,true,1,248512
7290116931081,false,מעדן סויה - טופי קרמל 125 גרם אלטרנטיב,תנובה מרכז שיתופי לש,IL,מעדן סויה בטעם טופי,,125.00,100 גרם,false,,4.00,0.0320,true,1,248226
7290116931159,false,יופלה דיאט 0% שומן תות בננה 150 גרם,תנובה מרכז שיתופי לש,IL,יופלה דיאט 0% תות ב,,150.00,100 גרם,false,,5.30,0.0353,true,1,249710
7290116931289,false,יוגורט GO סמיך אלפחורס 200 גרם,תנובה מרכז שיתופי לש,IL,יוגורט גו סמיך אלפחו,,200.00,100 גרם,false,,6.30,0.0315,true,1,249718
7290117260005,false,קונפיטורה תות שדה 380 ג' ויליפוד,וילי פוד,,קונפיטורה תות שדה 38,,380.00,100 גרם,false,,9.90,0.0261,true,1,247661
7290117260029,false,קונפיטורה דובדבנים 380 ג' ויליפוד,וילי פוד,,קונפיטורה דובדבנים 3,,380.00,,false,,9.90,0.0261,true,1,247663
7290117260036,false,קונפיטורה משמש 380 ג' ויליפוד,,,קונפיטורה משמש 380 ג,,380.00,100 גרם,false,,9.90,0.0261,true,1,247664
7290117260579,false,חטיף קראנצ'י על בסיס קמח עדשים בטעם שמנת חמוצה ובצל 80 ג',וילי פוד,,חטיף קראנצ'י על בסיס,,80.00,100 גרם,false,,8.90,0.1113,true,1,248434
7290117260593,false,חטיף קראנצ'י על בסיס קמח עדשים בטעם צ'דר 80 ג',וילי פוד,,חטיף קראנצ'י על בסיס,,80.00,,false,,8.90,0.1113,true,1,248436
7290117260920,false,קרקרים ללא גלוטן 125 ג' ויליפוד,ארמנדומודיאה אס.אר.א,IT,קרקרים ללא גלוטן 125,,125.00,,false,,9.90,0.0792,true,1,247295
7290117260937,false,קרקרים עם עגבניות ואורגנו ללא גלוטן 125 ג' ויליפוד,ארמנדומודיאה אס.אר.א,IT,קרקרים ללא גלוטן עם,,125.00,100 גרם,false,,9.90,0.0792,true,1,247296
7290117260944,false,מיני גריסיני עם שמן זית ללא גלוטן 125 ג' ויליפוד,וילי פוד,,מיני גריסיני עם שמן,,125.00,100 גרם,false,,9.90,0.0792,true,1,247294
7290117261378,false,גבינת קשקבל לייט 250 גר 8% שומן,סאסו פטוראגס קומטויס,TR,גבינת קשקבל לייט 8%,,250.00,100 גרם,false,,16.90,0.0676,true,1,247839
7290117261521,false,סלמון אטלנטי בשמן קנולה 120 גרם,קריות זול,LV,סלמון אטלנטי בשמן קנ,,120.00,100 גרם,false,,12.90,0.1075,true,1,248485
7290117261569,false,סלמון אטלנטי מעושן בשמן קנולה 120 גרם,קריות זול,LV,סלמון אטלנטי מעושן ב,,120.00,,false,,12.90,0.1075,true,1,248486
7290117261576,false,סרדינים בריסלינג מעושנים ברוטב עגבניות 129 גרם,קריות זול,,סרדינים בריסלינג מעו,,185.00,100 גרם,false,,14.90,0.0805,true,1,248917
7290117261583,false,סרדינים בריסלינג מעושנים בשמן קנולה 129 גרם (צנצנת),קריות זול,,סרדינים בריסלינג מעו,,185.00,100 גרם,false,,14.90,0.0805,true,1,248915
7290117380864,false,עוגות בראוניס אישיות בטעם שוקולד 120 ג' סלים דליס פייבר,הלמה הלום,NL,סלים דליס עוגות בראו,,120.00,100 גרם,false,,15.90,0.1325,true,1,249580
7290117380871,false,עוגות אישיות בטעם אוכמניות 120 ג' סלים דליס פייבר,הלמה הלום,NL,סלים דליס עוגות אישי,,120.00,100 גרם,false,,15.90,0.1325,true,1,249579
7290117382318,false,סלים דליס - חטיף חלבון מצופה שוקולד מריר 60 גרם,"י. מרבה ישראל בע""מ",IT,סלים דליס פרו 33 חטי,,60.00,100 גרם,false,,13.90,0.2317,true,1,248716
7290117382332,false,סלים דליס - חטיף חלבון מצופה שוקולד בטעם עוגיות 60 גרם,"י. מרבה ישראל בע""מ",IT,סלים דליס פרו 33 חטי,,60.00,100 גרם,false,,13.90,0.2317,true,1,248718
7290117383179,false,מארז משחות שיניים 3 טריפל אקשן 3 מברשות שיניים אקסטרה קלין,,,קולגייט מארז 3 טריפל,,150.00,100 גרם,false,,19.90,0.1327,true,1,249378
7290117860038,false,"הוואי - תחליב רחצה יוגורט בניחוח אוכמניות 700 מ""ל",הוואי,,הוואי תחליב רחצה יוג,,700.00,100 גרם,false,,14.90,0.0213,true,1,249205
7290117860045,false,שמפו תמציות אלוורה ותה ירוק לשיער רגיל,"טרופיקל גליל בע""מ",IL,הוואי שמפו מטפח לשיע,,700.00,,false,,14.90,0.0213,true,1,249183
7290117860083,false,"קרם רחצה בניחוח אירוס זהוב ודבש 700 מ""ל הוואי",הוואי,,הוואי קרם בניחוח איר,,700.00,,false,,14.90,0.0213,true,1,249208
7290117860090,false,מרכך תמציות אלוורה ותה ירוק לשיער רגיל,"טרופיקל גליל בע""מ",IL,הוואי מרכך מטפח לשיע,,700.00,,false,,14.90,0.0213,true,1,249191
7290117860137,false,"הוואי קרם רחצה בניחוח פרח הקמליה, 700 מ""ל",הוואי,,הוואי קרם רחצה בניחו,,700.00,100 גרם,false,,14.90,0.0213,true,1,249207
7290117860144,false,שמפו למניעת קשקשים לשימוש יומיומי,"טרופיקל גליל בע""מ",IL,הוואי שמפו למניעת קש,,700.00,,false,,14.90,0.0213,true,1,249185
7290117860182,false,"הוואי - תחליב רחצה בניחוח מגנוליה ושמן שקדים 700 מ""ל",הוואי,,הוואי תחליב רחצה בני,,700.00,100 גרם,false,,14.90,0.0213,true,1,249203
7290117860199,false,שמפו שמן ורד הבר ושמן מקדמיה לשיער יבש,קריות זול,,הוואי שמפו מעניק לחו,,700.00,100 גרם,false,,14.90,0.0213,true,1,249184
7290117860243,false,"הוואי - מרכך מעניק לחות לשיער יבש 700 מ""ל","טרופיקל גליל בע""מ",IL,הוואי מרכך מעניק לחו,,700.00,100 גרם,false,,14.90,0.0213,true,1,249192
7290117860281,false,"הוואי - ג'ל רחצה לגבר בניחוח עוצמתי 700 מ""ל",הוואי,,הוואי ג'ל רחצה לגבר,,700.00,,false,,14.90,0.0213,true,1,249199
7290117860298,false,שמפו קומפלקס קרטין לשיער עדין או חלש,הוואי,,הוואי שמפו קרטין מחז,,700.00,100 גרם,false,,14.90,0.0213,true,1,249186
7290117860342,false,מרכך קומפלקס קרטין לשיער עדין או חלש,"טרופיקל גליל בע""מ",IL,הוואי מרכך קרטין מחז,,700.00,,false,,14.90,0.0213,true,1,249193
7290117860380,false,"תחליב רחצה יוגורט בניחוח אלוורה 700 מ""ל הוואי",הוואי,,הוואי תחליב רחצה יוג,,700.00,,false,,14.90,0.0213,true,1,249209
7290117860397,false,שמפו תמצית פריחת הדובדבן לשיער רגיל,קריות זול,,הוואי שמפו לשיער פרי,,700.00,100 גרם,false,,14.90,0.0213,true,1,249181
7290117860496,false,שמפו + מרכך 2 ב 1 לגבר תמצית ג'ינג'ר,קריות זול,,הוואי שמפו+מרכך 2 ב-,,700.00,100 גרם,false,,14.90,0.0213,true,1,249182
7290117860649,false,"שמפו קרטין, שמן קיק ומי ורדים",טרופיקל דגיל,IL,הוואי שמפו ללא סולפט,,700.00,100 גרם,false,,14.90,0.0213,true,1,249188
7290117860694,false,"מרכך קרטין, שמן קיק ומי ורדים","טרופיקל גליל בע""מ",IL,הוואי מרכך ללא סולפט,,700.00,,false,,14.90,0.0213,true,1,249197
7290117860748,false,שמפו תמצית יסמין מעניק נפח לשיער דק,קריות זול,,הוואי שמפו מעניק נפח,,700.00,100 גרם,false,,14.90,0.0213,true,1,249189
7290117860793,false,מרכך תמצית יסמין מעניק נפח לשיער דק,קריות זול,,הוואי מרכך מעניק נפח,,700.00,100 גרם,false,,14.90,0.0213,true,1,249196
7290117860847,false,"הוואי רעננות מושלמת לגבר לשיער, גוף, פנים וזקן",קריות זול,,הוואי שמפו 4 ב-1 לגב,,700.00,,false,,14.90,0.0213,true,1,249190
7290117860892,false,"הוואי - תחליב רחצה יוגורט בניחוח וניל ודבש 700 מ""ל",הוואי,,הוואי תחליב רחצה יוג,,700.00,,false,,14.90,0.0213,true,1,249201
7290117860946,false,"תחליב רחצה יוגורט בניחוח קוקוס 700 מ""ל הוואי",הוואי,,הוואי תחליב רחצה יוג,,700.00,,false,,14.90,0.0213,true,1,249202
7290117860991,false,"תחליב רחצה יוגורט בניחוח שקדים 700 מ""ל הוואי",,,הוואי תחליב רחצה יוג,,700.00,,false,,14.90,0.0213,true,1,249206
7290117901250,false,ממרח עגבניות מיובשות בתוספת זיתים ירוקים 290 ג' גורמה,,,ממרח עגבניות מיובשות,,290.00,100 גרם,false,,15.90,0.0548,true,1,248696
7290117901274,false,ממרח זיתים 290 גר' גורמה,,,ממרח זיתים 290 גרם ש,,290.00,,false,,15.90,0.0548,true,1,248695
7290118420378,false,פתיבר פינוקים בטעם תותים בשמנת - חלבי,קריות זול,IL,פתי בר פינוקים תותים,,220.00,,false,,12.70,0.0577,true,1,248894
7290118420415,false,קטשופ קלאסי היתר מכירה 750ג' אסם,"אסם תעשיות מזון בע""מ",IL,קטשופ אסם קלאסי 750,,750.00,,false,,10.90,0.0145,true,1,249959
7290118420514,false,אינסטנט פודינג נוגט 75ג' אסם,"אסם השקעות בע""מ",IL,אסם אינסטנט פודינג נ,,75.00,100 גרם,false,,5.90,0.0787,true,1,248888
7296058000526,false,פרח פרכיות כוסמת 130 גרם,פרח תעשיות,IL,פריכיות כוסמת 130גר,,130.00,100 גרם,false,,7.90,0.0608,true,1,216439
7296058110010,false,"פריכיות אורז פרח כשל""פ 110 גר'",,,פריכיות אורז מלא 110,,110.00,,false,,4.90,0.0445,true,1,243309
7296082000035,false,ביצים פלוס אומגה3 6י,המכון למיון ושיווק ב,IL,ביצים פלוס אומגה3 6י,,6.00,,false,,15.90,2.6500,true,1,174060
7296082000066,false,ביצים פלוס 12יח L,,,ביצים פלוס 12יח L,,12.00,,false,,17.90,1.4917,true,1,174061
7296082000080,false,ביצים חופש 12יח,המכון למיון ושיווק ב,IL,ביצים חופש 12יח,,12.00,,false,,21.90,1.8250,true,1,190150
7296082000103,false,ביצים סופר טריות מדי,,,ביצים סופר טריות מדי,,30.00,,false,,27.87,0.9290,true,1,190151
7296082000134,false,ביצים רגילות לארג' 1,המכון למיון ושיווק ב,IL,ביצים רגילות לארג' 1,,12.00,,false,,12.05,1.0042,true,1,190154
7296082000141,false,ביצים רגילות מדיום 1,המכון למיון ושיווק ב,IL,ביצים רגילות מדיום 1,יחידה,0.00,יחידה,false,,11.15,0.0000,true,1,190155
7296082000202,false,ביצים סופר טריה לארג,,,ביצים סופר טריה לארג,,18.00,,false,,18.07,1.0039,true,1,229190
7296102108260,false,מתקן כביסה מתכת,,,מתקן כביסה מתכת,יחידה,0.00,יחידה,false,,69.90,0.0000,true,1,241440
7296102191354,false,קוצץ ירקות ידני 3 לה,,,קוצץ ירקות ידני 3 לה,יחידה,0.00,יחידה,false,,24.90,0.0000,true,1,247724
7296107000002,false,מלפפון 9-7 במלח 600 ג' פרי חן,,,מלפפון במלח 7-9 20%,,670.00,,false,,7.50,0.0112,true,1,234111
7296107000033,false,מלפפון חמוץ 7-9 בחומ,,,מלפפון חמוץ 7-9 בחומ,,670.00,,false,,7.50,0.0112,true,1,233488
7296107000439,false,זיתים חרוזית ירוק 56,,,זיתים חרוזית ירוק 56,,560.00,,false,,9.90,0.0177,true,1,234115
7296107000958,false,קוקטייל זיתים פרי חן,,,קוקטייל זיתים פרי חן,,560.00,,false,,9.90,0.0177,true,1,214654
7296155150698,false,דלי פיה סופר,,,דלי פיה סופר,יחידה,0.00,יחידה,false,,9.90,0.0000,true,1,213780
7310790088830,false,תחבושות ליברס אולטרה,,,תחבושות ליברס אולטרה,יחידה,0.00,יחידה,false,,9.90,0.0000,true,1,247640
7394376616778,false,אוטלי משקה שיבולת שועל להקצפה בריסטה 1 ליטר,אוטלי OATLY,SE,משקה שיבולת שועל להק,,1000.00,,false,,16.90,0.0169,true,1,241233
7501013122039,false,ג'ומקס מיץ מנגו קרטונית ליטר תריסר,חומקס קומר קומרסאליז,MX,נקטר ג'ומקס מנגו קרט,,1000.00,,false,,9.90,0.0099,true,1,234700
7501013122190,false,ג'ומקס מיץ תפוחים קרטונית ליטר תריסר,חומקס קומר קומרסאליז,MX,נקטר ג'ומקס תפוחים ק,,1000.00,100 גרם,false,,9.90,0.0099,true,1,234703
7501013122992,false,ג'ומקס מיץ קוקוס אננס קרטונית ליטר תריסר,חומקס קומר קומרסאליז,MX,נקטר ג'ומקס קוקוס אנ,,1000.00,,false,,9.90,0.0099,true,1,234704
7501064191398,false,שישיית בירה קורונה אקסטרא *355 מל,קריניציה ויטמינה אס,MX,בירה קורונה בקבוק שי,,2130.00,100 גרם,false,,36.90,0.0173,true,1,228101
7509546057545,false,ליידי ספיד סטיק פרו 5 סטיק 45 גר',קולגייט פלמוליב,BY,ליידי ספיד סטיק פרו,,45.00,100 גרם,false,,15.90,0.3533,true,1,245343
7509546663135,false,"קולגייט משחת שיניים זירו מנטה , 98 מ""ל",CP UK,MX,קולגייט זירו משחת שי,,98.00,,false,,14.90,0.1520,true,1,243131
7610113011652,false,"בקרדי בריזר תפוח 275 מ""ל בקבוק",בקרדי בריזר Bacardi Breezer,BE,בקרדי בריזר בטעם תפו,,275.00,,false,,16.90,0.0615,true,1,240997
7610400014632,false,שוקולד שויצרי לבן בו,לינדט Lindt,CH,שוקולד לינדט לינדור,,100.00,,false,,16.90,0.1690,true,1,191139
7610400014649,false,שוקולד חלב במילוי קרם רך,לינדט ושפרונגלי,CH,שוקולד לינדט לינדור,,100.00,,false,,16.90,0.1690,true,1,191140
7610400068505,false,בונבוניירת לינדור Lindor שוקולד חלב,לינדט ושפרונגלי,CH,לינדור בונבוניירה חל,,200.00,100 גרם,false,,25.90,0.1295,true,1,191144
7610400068529,false,בונבוניירת לינדור Lindor מעורבב,לינדט ושפרונגלי,CH,לינדור בונבוניירה אס,,200.00,100 גרם,false,,25.90,0.1295,true,1,191145
7610400074155,false,שוקולד מריר במילוי קרם,"לינדט ושפרונגלי, CH-",CH,שוקולד לינדור 60% 10,,100.00,100 גרם,false,,16.90,0.1690,true,1,191157
7610400091060,false,שוקולד מריר לינדט אקסלנס בתוספת תפוז ושקדים,לינדט ושפרונגלי,,שוקולד לינדט אקסלנס,,100.00,,false,,15.90,0.1590,true,1,240643
7613030979647,false,דגני בוקר טריקס פירות עולם היורה 480 ג',ג'נרל מילס סאן אדריא,IL,טריקס 480 גרם,,480.00,,false,,27.90,0.0581,true,1,225226
7613032045753,false,פיטנס - דגני בוקר שוקולד 375 גרם,נסטלה צרפת איטנקורט,FR,פיטנס שוקולד 375 גרם,,375.00,100 גרם,false,,23.90,0.0637,true,1,178259
7613033548192,false,פיטנס - דגני בוקר שוקולד מריר 375 גרם,נסטלה צרפת איטנקורט,FR,פיטנס דגני בוקר שוקו,,375.00,100 גרם,false,,23.90,0.0637,true,1,178301
7613035378643,false,דנטלייף חטיף דנטלי לכלבים מגזע גדול - 4 יחידות,פורינה Purina,US,דנטלייף גזע גדול,,142.00,,false,,14.90,0.1049,true,1,248197
7613035379817,false,דנטלייף חטיף דנטלי לכלבים מגזע קטן - 4 יחידות,פורינה Purina,US,דנטלייף גזע קטן 11,,115.00,100 גרם,false,,14.90,0.1296,true,1,248199
7613035548374,false,דגני בוקר גולדן מיניס מחיטה מלאה ותירס,נסטלה צרפת איטנקורט,FR,דגני גולדן מיניס נסט,,570.00,100 גרם,false,,27.90,0.0489,true,1,178322
7613035635845,false,פיטנס גרנולה שוקולד 14*300 גרם,שוורצקוף& הנקל דיסלד,LT,פיטנס גרנולה שוקולד,,300.00,,false,,16.90,0.0563,true,1,178324
7613035807778,false,פרפקטו רוטב עגבניות לבולונז 400 ג' אסם,אסם פרפקטו Perfecto,ES,רוטב עגבניות לבולונז,,400.00,,false,,10.90,0.0273,true,1,178326
7613035809109,false,פרפקטו רוטב עגבניות ובזיליקום 400 ג'אסם,אסם פרפקטו Perfecto,ES,רוטב עגבניות ובזיליק,,400.00,,false,,10.90,0.0273,true,1,178327
7613035809123,false,פרפקטו רוטב עגבניות עם פלפלים 400 ג' אסם,אסם פרפקטו Perfecto,ES,רוטב עגבניות עם פלפל,,400.00,,false,,10.90,0.0273,true,1,178328
7613035809857,false,פרפקטו רוטב עגבניות לפסטה ולבישול 400 ג' אסם,אסם פרפקטו Perfecto,ES,רוטב עגבניות לפסטה ו,,40.00,100 גרם,false,,10.90,0.2725,true,1,178329
7613036105606,false,דוגלי בקר לכלבים בוגרים,נסטלה פורינה באק הונ,HU,"דוגלי בוגר בקר 3ק""ג",קילוגרמים,3.00,"ק""ג",false,,49.90,16.6333,true,1,222395
7613036520492,false,פרפקטו רוטב עגבניות לפיצה 400 ג',אסם פרפקטו Perfecto,ES,רוטב עגבניות לפיצה פ,,400.00,100 גרם,false,,10.90,0.0273,true,1,224235
7613036710879,false,מארז מיני חטיפי קיט קט צ'אנקי Kit Kat Chanky,נסטלה Nestle,,קיט קט צ'אנקי מיני 1,,194.00,100 גרם,false,,10.90,0.0562,true,1,226805
7613036725286,false,דנטלייף חטיף דנטלי לחתול בטעם סלמון,פורינה Purina,US,דנטלייף חתול סלמון 4,,40.00,100 גרם,false,,9.90,0.2475,true,1,248203
7613036976657,false,מזון לחתולים פריסקיז פאוצ' הודו,נסטלה פורינה,HU,פריזקיס פאוצ' הודו 8,,85.00,,false,,4.70,0.0553,true,1,242275
7613036976671,false,פריסקיז - פאוץ עוף ברוטב 85 גרם,יו פי אף,FR,פריסקיז פאוצ' עוף 85,,85.00,,false,,4.80,0.0565,true,1,242146
7613036976695,false,פריסקיז - פאוץ בקר ברוטב 85 גרם,נסטלה פורינה הונגריה,HU,פריסקיז פאוצ' בקר 85,,85.00,100 גרם,false,,4.80,0.0565,true,1,242147
7613036976718,false,פריסקיז - פאוץ ברווז ברוטב 85 גרם,יו פי אף,FR,פריסקיז פאוצ' ברווז,,85.00,100 גרם,false,,4.80,0.0565,true,1,242148
7613036976732,false,פריסקיז - פאוץ סולומון 85 גרם,נסטלה פורינה,HU,פריזקיס פאוצ' סולומו,,85.00,100 גרם,false,,4.70,0.0553,true,1,242274
7613037686906,false,פיטנס - דגני בוקר שקדים ודבש 355 גרם,נסטלה צרפת איטנקורט,FR,פיטנס שקדים ודבש 355,,355.00,100 גרם,false,,23.90,0.0673,true,1,239336
7613038268262,false,דגני בוקר צ'יריוס דבש ושקדים במתיקות מעודנת,נסטלה פולין דגני בוק,FR,דגני האני נאט צ'יריו,,410.00,,false,,21.90,0.0534,true,1,239338
7613038451954,false,דגני בוקר שוקולד מופחת סוכר 410 ג' קראנץ',סי. פי. צרפת,FR,קראנץ שוקולד דגני בו,,410.00,,false,,23.90,0.0583,true,1,239339
7613039547632,false,גרבר מחית תפוח בננה תות פאוץ' 90 גר',שוורצקוף& הנקל דיסלד,ES,גרבר מחית תפוחבננה ת,,90.00,100 גרם,false,,6.20,0.0689,true,1,241399
7613039879382,false,גרבר - מחית תפוחי עץ 190 גרם,מטרנה,PL,גרבר מחית תפוחי עץ 1,,190.00,100 גרם,false,,6.50,0.0342,true,1,244771
7613039880807,false,גרבר מחית תפוח גזר 190 גר',נסטלה פולסקה אס.איי,PL,גרבר מחית תפוח גזר 1,,190.00,100 גרם,false,,6.50,0.0342,true,1,243216
7613039881521,false,גרבר - מחית מנגו 190 גרם,נסטלה פולסקה אס.איי,PL,גרבר מחית מנגו 190,,190.00,100 גרם,false,,6.50,0.0342,true,1,243215
7613039881965,false,גרבר מחית גזר תפוח ומנגו 190 גר',נסטלה פולסקה אס.איי,PL,גרבר מחית גזר תפוח מ,,190.00,100 גרם,false,,6.50,0.0342,true,1,243217
7613287182326,false,מחית בננה תפוח ויטמינצ'יק 110 ג',"נסטלה ספרד ס.א, מפעל",ES,ויטמינצ'יק פאוץ בננ,,110.00,,false,,6.50,0.0591,true,1,248592
7613287325822,false,אוסם - דיפ אנד ספרד מטבל מיקס 295 גרם,אסם,PL,רוטב מיקס לחיץ אסם 2,,295.00,100 גרם,false,,16.90,0.0573,true,1,245553
7613287325853,false,אוסם - דיפ אנד ספרד מטבל איולי ספייסי 295 גרם,נסטלה פולין,PL,רוטב ספייסי איולי לח,,295.00,100 גרם,false,,16.90,0.0573,true,1,245554
7613287394323,false,אסם מולטי צ'יריוס 14*600 גרם 2021,פרומבראפ - אנגליה,GB,דגני מולטי ציריוס 60,,600.00,,false,,27.90,0.0465,true,1,244988
7613287476494,false,אוסם - דיפ אנד ספרד מיונז בסגנון צרפתי 280 גרם,נסטלה פולין,PL,מיונז לחיץ אסם 280 ג,,280.00,,false,,16.90,0.0604,true,1,245556
7613287821348,false,נתחוני עוף טבעוני סנסשיונל טבעול 350 ג',ג'נרל מילס סאן אדריא,CZ,נתחוני עוף טבעוני סנ,,350.00,100 גרם,false,,38.90,0.1111,true,1,244982
7614500010013,false,טובלרון - שוקולד חלב קלאסי 100 גרם,,,טובלרון בר חלב 100 ג,,100.00,,false,,8.90,0.0890,true,1,233670
7622010001858,false,עוגיות אוראו ממולאות קרם וניל 176 ג',פי אר ג'יי אס אי מנד,UA,אוראו עוגיות ממולאות,,176.00,100 גרם,false,,9.90,0.0563,true,1,179785
7622201050757,false,שוקולד מילקה טבלת חלב עם קרמל 100 ג',מילקה Milka,,שוקולד מילקה חלב עם,,100.00,100 גרם,false,,7.90,0.0790,true,1,179789
7622201401900,false,עוגיות מילקה סנסיישן אוראו 156 גר',מונדלז פולסקה פרודקש,PL,מילקה עוגיות סנסיישן,,156.00,100 גרם,false,,13.90,0.0891,true,1,242456
7622201802394,false,שוקולד מילקה טבלה חלב 100 ג',מנדלז דויצ'לנד סנקס,DE,שוקולד מילקה חלב 100,,100.00,100 גרם,false,,7.90,0.0790,true,1,244850
7622201808631,false,מיני עוגיות אוראו במילוי קרם בטעם וניל,פי.טי. מונדלז אינדונ,ID,אוראו מיני כוסות בטע,,67.00,100 גרם,false,,9.90,0.1478,true,1,244855
7622201813390,false,וופל במילוי קרם קקאו בציפוי שוקולד חלב,מונדליז סי.אר. ביסקו,,מילקה וואפל במילוי ק,,150.00,100 גרם,false,,13.90,0.0927,true,1,244861
7622201823733,false,עוגיות ת`ינס דקות 151 ג' מילקה,,,עוגיות מילקה תינס דק,,151.00,100 גרם,false,,13.90,0.0921,true,1,249448
7622210078131,false,מילקה שוקולד חלב במילוי קרם שמנת 100 ג',מנדלז דויצ'לנד סנקס,DE,שוקולד מילקה חלב עם,,100.00,100 גרם,false,,7.90,0.0790,true,1,221085
7622210163899,false,שוקולד חלב במילוי סוכריות עדשים,מונדלז דויצ'לנד סנקס,DE,שוקולד מילקה חלב עם,,100.00,100 גרם,false,,7.90,0.0790,true,1,225003
7622210392589,false,טובלרון טייני חלב 200 גרם,,,טובלרון טייני חלב 20,,200.00,100 גרם,false,,14.90,0.0745,true,1,248577
7622210453327,false,עוגיות שוקוצ'יפס במילוי שוקולד סנסיישן,מנדלז פולסקה פרודקשן,PL,מילקה עוגיות סנסיישן,,156.00,100 גרם,false,,13.90,0.0891,true,1,222540
7622210826053,false,שוקולד מילקה אוראו סנדוויץ 92 גר',גיאורי קאקסז קייאףטי,HU,שוקולד מילקה אוראו ס,,92.00,,false,,7.90,0.0859,true,1,242459
7622300270506,false,מילקה גריינס - עוגיות שיבולת שועל מצופות שוקולד 168 ג',מונדלז פולסקה פרודקש,PL,מילקה גריינס עוגיות,,168.00,100 גרם,false,,13.90,0.0827,true,1,179803
7622300489427,false,עוגיות אוראו בציפוי שוקולד לבן 246 גרם,מנדלז אספנה גאלטס פר,ES,אוראו עוגיות בציפוי,,246.00,100 גרם,false,,15.90,0.0646,true,1,224040
7622300489434,false,"עוגיות אוראו פאדג' בציפוי שוקולד חלב, 246 גרם",מנדלז אספנה גאלטס פר,ES,אוראו עוגיות בציפוי,,246.00,100 גרם,false,,15.90,0.0646,true,1,224039
7622300495046,false,מילקה אקסטרא קקאו 100 ג',מנדלז דויצ'לנד סנקס,DE,שוקולד מילקה אקסטרה,,100.00,100 גרם,false,,7.90,0.0790,true,1,179812
7622400005190,false,שוקולד חלב ושוקולד לבן Happy Cow,מנדלז דויצ'לנד סנקס,DE,שוקולד מילקה 100גר,,100.00,100 גרם,false,,7.90,0.0790,true,1,179821
7630477891592,false,קפסולות האוס בלנד לונגו עוצמה 8 - 10 יח',נסטלה שוויץ - קפה,CH,סטארבקס קפסולות האוס,יחידה,0.00,יחידה,false,,21.90,0.0000,true,1,241383
7630477891639,false,קפסולות קפה ורונה עוצמה 10 - 10 יח',נסטלה שוויץ - קפה,CH,סטארבקס קפסולות האוס,יחידה,0.00,יחידה,false,,21.90,0.0000,true,1,241393
7630477891691,false,סטארבקס - קפסולות קולומביה 57 גרם * 10,נסטלה שוויץ - קפה,IL,סטארבקס קפסולות קולו,יחידה,0.00,יחידה,false,,21.90,0.0000,true,1,241394
7630477891714,false,סטארבקס - קפסולות אספרסו 57 גרם * 10,נסטלה שוויץ - קפה,CH,סטארבקס קפסולות אספר,יחידה,0.00,יחידה,false,,21.90,0.0000,true,1,241395
7702018458110,false,מכשיר גילט פיוזן ידי,מולינו ניקולי s.p.a,PL,גילט מכשיר פיוזן ידנ,יחידה,0.00,יחידה,false,,39.90,0.0000,true,1,224618
7702018462032,false,גילט מאך 3 סטארט סכינים 4 יח',פרוקטור אנד גמבל,DE,מאך 3 סכיני גילוח רב,יחידה,0.00,יחידה,false,,29.90,0.0000,true,1,244192
7702018469802,false,ג'ילט - ונוס סווירל ידית ו3 סכינים 5 להבים,,,גילט מארז ונוס סוויר,יחידה,0.00,יחידה,false,,39.90,0.0000,true,1,247779
7702018471423,false,פיוזן רביעיות- סטארט גילט,פרןקטר אנד גמבל ברלי,PL,גילט פיוזן סכיני גיל,יחידה,0.00,יחידה,false,,59.90,0.0000,true,1,241364
7702018514472,false,גילט מאך 3 טורבו מכש,,,גילט מאך 3 טורבו מכש,יחידה,0.00,יחידה,false,,19.90,0.0000,true,1,242415
7702018980833,false,"ג'ילט ג'ל גילוח סירייס מועשר בלחות - 200 מ""ל",פרוקטר & גמבל,,גילט גל גילוח מועשר,,200.00,,false,,19.90,0.0995,true,1,204209
7702024074625,false,פיטנס - חטיפי קרקר חיטה מלאה 234 גרם,קומסטיבלס לה רוזה אס,CO,פיטנס חטיפי קרקר חיט,,234.00,100 גרם,false,,12.90,0.0551,true,1,225380
7702024258322,false,"חטיפי קרקר עם חיטה מלאה, צ'יה וזרעי פשתן פיטנס",נסטלה Nestle,CO,פיטנס חטיפי קרקר צ'י,,234.00,,false,,12.90,0.0551,true,1,242039
7702174066631,false,לקקן פין פופ 10 יח' 170 גר' וסטהיים,הדקלאים אגודת שיתופי,CO,לקקן פינפופ מהדרין י,,180.00,100 גרם,false,,7.90,0.0439,true,1,192149
7702174068826,false,סוכריות לקקן במילוי טופי בטעמי יוגורט פירות,יוגטה yogueta,CO,לקקן עם סוכריות טופי,יחידה,0.00,יחידה,false,,11.90,0.0000,true,1,192152
7702174068833,false,סוכריות לקקן במילוי טופי בטעמי גלידת פירות,יוגטה yogueta,CO,לקקן בטעם גלידה יוגט,יחידה,0.00,יחידה,false,,11.90,0.0000,true,1,192153
7792860006218,false,סוכריות לקקנים בייבי דול Baby Doll לריטר,גוד פוד פרודקטס S.p,AR,סוכריות לקקנים בייבי,,24.00,100 גרם,false,,2.50,0.1042,true,1,191165
7804414000877,false,יין דון חוליו צרלו 7,לואיס פליפה אדוארדס,,דון חולין מרלו 750מל,,750.00,,false,,34.90,0.0465,true,1,192706
7804414012344,false,יין סוביניון בלאן דו,לואיס פליפה אדוארדס,,דון חוליו סובניון בל,,750.00,100 גרם,false,,34.90,0.0465,true,1,220687
7804667480006,false,אוכמניות יחידה,ביכורי שדה דרום,IL,אוכמניות 125 גרם,,125.00,,false,,15.90,0.1272,true,1,243126
7891024030974,false,"קולגייט משחת שיניים טריפל אקשן 75 מ""ל",הנסיך- מפעל לייצור ט,BR,קולגייט טריפל אקשן מ,,75.00,100 גרם,false,,7.90,0.1053,true,1,186191
7891024130063,false,"קולגייט מי פה פלאקס ללא אלכוהול 500 מ""ל מהדרין",קולגייט Colgate,BR,קולגייט מי פה פלאקס,,500.00,,false,,19.90,0.0398,true,1,186196
8000020000365,false,ורמוט צינזאנו ביאנקו,דויד קמפרי,IT,*מבצע* וורמוט צינזנו,,750.00,,false,,25.90,0.0345,true,1,173329
8000040001106,false,"קאמפרי ביטר אפרטיף 700 מ""ל",קמפרי,,"*מבצע* קמפרי 700 מ""ל",,700.00,100 גרם,false,,69.90,0.0999,true,1,173330
8000113003402,false,"קמח תירס בוואקום 1 ק""ג",מולינו ניקולי אס.פי.,IT,קמח תירס בוואקום 1 ק,,1000.00,,false,,16.90,0.0169,true,1,193219
8000300359992,false,טבלת שוקולד מריר פרו,,,טבלת שוקולד מריר פרו,,80.00,100 גרם,false,,4.90,0.0613,true,1,249439
8000300389067,false,באצ'י שוקולד מריר ש,,,באצ'י שוקולד מריר ש,,125.00,100 גרם,false,,10.90,0.0872,true,1,249437
8000380003723,false,גרנד פטיסרי עוגיות וופל אגוזים 100ג',קריניציה ויטמינה אס,IT,גרנד פטיסרי וופל אגו,,100.00,100 גרם,false,,14.50,0.1450,true,1,192159
8000380003761,false,וופל גרנדה פטיסרי קוקוס שוקולד 100ג',קריניציה ויטמינה אס,IT,גרנד פטיסרי קוקוס 10,,100.00,100 גרם,false,,14.50,0.1450,true,1,192160
8000380004676,false,קוביות וופל סנדוויץ Sandwich עם וניל וחלב,"א. לואקר, קונפקט ג'י",AT,וופל לואקר קוביות סנ,,200.00,,false,,14.50,0.0725,true,1,192163
8000380004911,false,קוביות וופל קואדרטיני Quadratini קרם אגוזים,קריניציה ויטמינה אס,AT,וופל קואדרטיני אגוז,,250.00,,false,,14.90,0.0596,true,1,192166
8000380004966,false,וופל קוארדטיני לואקר קוביות שוקולד 250ג',קריניציה ויטמינה אס,AT,וופל לואקר קוביות קק,,250.00,100 גרם,false,,14.90,0.0596,true,1,192169
8000380005598,false,מארז וופל שוקולד טורטינה Tortina שוקולד מריר,לואקר Loacker,IT,טורטינה שישיה מריר 1,,125.00,,false,,18.90,0.1512,true,1,192170
8000380007257,false,וופל גרנדה מצופה שוקולד 200ג',קריניציה ויטמינה אס,IT,וופל גרדנה אגוז 200ג,,200.00,100 גרם,false,,14.90,0.0745,true,1,192175
8000380007271,false,וופל לואקר קרם חלב 175ג',לואקר Loacker,AT,וופל לואקר חלב 175גר,,175.00,100 גרם,false,,12.90,0.0737,true,1,192177
8000380106028,false,טורטינה לואקר וופל שוקולד ואגוזים שישיה 125ג',קריניציה ויטמינה אס,IT,טורטינה שישיה חלב 12,,125.00,,false,,18.90,0.1512,true,1,192179
8000380142484,false,קוביות וופל קואדרטיני Quadratini בטעם שוקולד מריר,"אינסטנטה בע""מ",AT,וופל קואדרטיני שוקול,,250.00,,false,,14.90,0.0596,true,1,192181
8000380144044,false,וופל גרדנה לואקר שוקולד 200ג',"א. לואקר , AG/SpA, ו",IT,וופל גרדנה שוקולד 20,,200.00,,false,,14.90,0.0745,true,1,192183
8000380153534,false,מארז וופל שוקולד טורטינה Tortina שוקולד לבן,לואקר Loacker,IT,טורטינה לבן 125גר,,125.00,,false,,18.90,0.1512,true,1,192197
8000380157570,false,וופל קלאסי לואקר 262,,,וופל קלאסי לואקר 262,,262.50,,false,,14.90,0.0568,true,1,222643
8000380157587,false,וופל שוקולד לואקר 26,,,וופל שוקולד לואקר 26,,262.50,100 גרם,false,,14.90,0.0568,true,1,222645
8000380180721,false,וופל לואקר קקאו וקרם חלב 175ג',קריניציה ויטמינה אס,AT,וופל לואקר קלאסיק שו,,175.00,,false,,12.90,0.0737,true,1,192210
8000380180745,false,קוביות וופל קואדרטיני קקאו במילוי קר חלב,"א. לואקר, קונפקט ג'י",AT,וופל קואדרטיני שוקו,,250.00,,false,,14.90,0.0596,true,1,192211
8000380192199,false,וופל לואקר דאבל שוקולד 175 גרם,לואקר Loacker,IT,וופל לואקר דאבל שוקו,,175.00,,false,,12.90,0.0737,true,1,227130
8000380192250,false,וופלים לואקר מקסי בטעם שוקולד 200 גר',לואקר Loacker,AT,וופל לואקר מקסי שוק,,200.00,,false,,13.90,0.0695,true,1,234547
8000380205400,false,קוביות וופל קואדרטיני בטעם חמאת בוטנים,לואקר Loacker,AT,וופל קואדרטיני חמאת,,250.00,,false,,14.90,0.0596,true,1,247280
8000380205523,false,וופל קלאסיק בטעם חמאת בוטנים,לואקר Loacker,AT,וופל לואקר קלאסיק חמ,,175.00,,false,,12.90,0.0737,true,1,247286
8000500023624,false,חטיפי הפי היפו Happy Hippo במילוי קרם חלב וקקאו,קינדר Kinder,DE,קינדר הפי היפו חמישי,,102.00,100 גרם,false,,14.90,0.1461,true,1,214064
8000500026731,false,שוקולד ביצי הפתעה קינדר שלישייה,קריות זול,IT,קינדר ביצי שוקולד 3*,,60.00,100 גרם,false,,15.90,0.2650,true,1,214066
8000500028124,false,"קינדר ג'וי, שלישיה 3 * 20 גרם",קריות זול,,קינדר ג'וי שלישייה 3,,60.00,,false,,15.90,0.2650,true,1,248599
8000500029350,false,מארז וופל מצופה 3יח' *43 גרם קינדר בואנו,קינדר Kinder,PL,קינדר בואנו שלישייה,,129.00,100 גרם,false,,12.90,0.1000,true,1,214068
8000500032237,false,בונבוניירה פררו רושר 375ג',פררו Ferrero,IT,*מבצע* פררו רושר בונ,,372.00,,false,,42.90,0.1153,true,1,214069
8000500037874,false,בונבוניירה פררו רושה 200ג',קריות זול,IT,*מבצע* פררו רושר בונ,,200.00,100 גרם,false,,25.90,0.1295,true,1,214071
8000500071083,false,אצבעות שוקולד קינדר Kinder שש עשרה יחידות,קינדר Kinder,IT,קינדר אצבעות שוקולד,,200.00,,false,,14.90,0.0745,true,1,214073
8000500094976,false,"בונבוניירה פררו רושר רושה קונוס, 212 גרם T17X4",פררו,IT,*מבצע* פררו רושר קונ,,212.00,100 גרם,false,,39.90,0.1882,true,1,225366
8000500121436,false,מארז קינדר בואנו Kinder Bueno לבן שלוש יחידות,קינדר Kinder,PL,קינדר בואנו לבן שליש,,117.00,100 גרם,false,,12.90,0.1103,true,1,214077
8000500172810,false,סוכריות בטעם תות שדה מנטה- מארז רביעייה,טיק טק Tic Tac,ZA,טיק טק רביעייה בטעם,,64.00,100 גרם,false,,11.90,0.1859,true,1,214081
8000500267103,false,קינדר דליס שוקול' אישי מארז 10 יח' 420 גר',קינדר Kinder,,קינדר דליס 390 גרם,,390.00,,false,,19.90,0.0510,true,1,226647
8000500269169,false,קינדר קארדס Kinder Cards - חמישייה,קריות זול,IT,קינדר קארדס חמישייה,,128.00,,false,,14.90,0.1164,true,1,248241
8000500366073,false,נוטלה עוגיות נוטלה בשקית 20 יח'- NUTELLA BISCUITTS,נוטלה Nutella,IT,נוטלה ביסקוויט שקית,,276.00,100 גרם,false,,21.90,0.0793,true,1,249443
8000500386941,false,"ממרח קקאו עם אגוזי לוז, 900 גרם",קדבורי,IT,נוטלה ממרח קקאו עם א,,900.00,100 גרם,false,,29.90,0.0332,true,1,248242
8001010062844,false,חומץ בלסמי פונטי 500,פונט סלאם וולנסיה,IT,חומץ בלסמי פונטי 500,,500.00,,false,,19.90,0.0398,true,1,225255
8001090222541,false,"הרבל אסנסס שמפו תות שדה ומנטה 400 מ""ל",הרבל אסנס Herbal Essences,,הרבל אסנסס שמפו תות,,400.00,100 גרם,false,,19.90,0.0497,true,1,231855
8001090222572,false,"הרבל אסנסס מרכך תות שדה ומנטה 400 מ""ל",הרבל אסנס Herbal Essences,,הרבל אסנסס מרכך תותו,,400.00,100 גרם,false,,19.90,0.0497,true,1,231857
8001090222756,false,"הרבל אסנסס - מרכך שמן מורינגה 400 מ""ל",הרבל אסנס Herbal Essences,,הרבל אסנסס מרכך שמן,,400.00,100 גרם,false,,19.90,0.0497,true,1,231858
8001090222879,false,"הרבל אסנסס - מרכך שיקום שמן ארגן 400 מ""ל",הרבל אסנס Herbal Essences,,הרבל אסנסס מרכך שיקו,,400.00,,false,,19.90,0.0497,true,1,231859
8001090312150,false,אריאל קפסולות גל כבי,,,אריאל קפסולות גל כבי,יחידה,0.00,יחידה,false,,59.90,0.0000,true,1,249602
8001090318428,false,אריאל קפסולות גל כבי,,,אריאל קפסולות גל כבי,יחידה,0.00,יחידה,false,,59.90,0.0000,true,1,249604
8001090375186,false,"מרכך מרוכז לצבע מלא חיים 200 מ""ל פנטן",פנטן Pantene,,פנטן מרכך מרוכז לצבע,,200.00,100 גרם,false,,19.90,0.0995,true,1,223039
8001090810083,false,"מרכך פנטן קלאסי 500 מ""ל",פרוקטר אנד גמבל,RO,פנטן קונדישנר נוסחה,,500.00,,false,,19.90,0.0398,true,1,225677
8001090810120,false,פנטן קונדישנר מרוקאי,פרוקטר אנד גמבל,RO,פנטן מרכך שמן מרוקאי,,500.00,100 גרם,false,,19.90,0.0398,true,1,225685
8001090810205,false,"שמפו נוסחה קלאסית פנטן 500 מ""ל",פרוקטר אנד גמבל,RO,פנטן שמפו נוסחה קלאס,,500.00,,false,,19.90,0.0398,true,1,225678
8001090810281,false,פנטן שמפו שמן מרוקאי.,פרוקטר אנד גמבל,RO,פנטן שמפו שמן מרוקאי,,500.00,,false,,19.90,0.0398,true,1,225686
8001090833136,false,אריאל ג'ל כביסה בייבי 2.255 ליטר,אריאל Ariel,FR,אריאל גל כביסה בייבי,ליטרים,2.26,ליטר,false,,36.90,16.3274,true,1,226418
8001090833167,false,אריאל ג'ל כביסה ניחוח הרים 2.365 ליטר,פרוקטור אנד גמבל,FR,אריאל גל כביסה ניחוח,ליטרים,2.37,ליטר,false,,36.90,15.5696,true,1,226415
8001090833198,false,אריאל ג'ל כביסה ניחוח מרענן 2.365 ליטר,פרוקטור אנד גמבל,FR,אריאל גל כביסה ניחוח,ליטרים,2.37,ליטר,false,,36.90,15.5696,true,1,226416
8001090833228,false,אריאל ג'ל כביסה קולור 2.365 ליטר,אריאל Ariel,FR,אריאל גל כביסה קולור,ליטרים,2.37,ליטר,false,,36.90,15.5696,true,1,226417
8001090899194,false,תחבושות אולוויז פלטינום נורמל 24 יח',אולוויז Always,,תחבושות אולוויז פלטי,יחידה,0.00,יחידה,false,,19.90,0.0000,true,1,234466
8001090899224,false,תחבושות אולוויז פלטינום לונג 20 יח',אולוויז Always,,תחבושות אולוויז פלטי,יחידה,0.00,יחידה,false,,19.90,0.0000,true,1,234467
8001090899255,false,תחבושות אולוויז פלטינום לילה 16 יח',Unknown,,תחבושות אולוויז פלטי,יחידה,0.00,יחידה,false,,19.90,0.0000,true,1,234468
8001090988362,false,"שמפו לחות מוגברת פנטן 500 מ""ל","פרוקטר אנד גמבל, רומ",RO,פנטן שמפו לחות מוגבר,,500.00,,false,,19.90,0.0398,true,1,225675
8001090988843,false,"פנטן קונדישנר לחות מרכך מוגברת 500 מ""ל",פרוקטר אנד גמבל,,פנטן קונדישנר לחות מ,,500.00,100 גרם,false,,19.90,0.0398,true,1,225676
8001100059242,false,שקיות וופל ריבועי פלוקו במילוי קרם קקאו 250 ג',,,וופל קוביות 250 ג בא,,250.00,,false,,13.90,0.0556,true,1,248785
8001100059259,false,שקיות וופל ריבועי פלוקו עם מילוי קרם אגוזי לוז 250 ג',,,וופל קוביות 250ג באל,,250.00,,false,,13.90,0.0556,true,1,248784
8001100059266,false,שקיות פרוסות ריבועי פלוקו במילוי קרם וניל וחלב 250 ג',,,וופל קוביות 250ג באל,,250.00,100 גרם,false,,13.90,0.0556,true,1,248786
8001100067957,false,שקיות וופל פאלוקו סקוור אגוזי לוז 125 ג',,,וופל קוביות125ג באלו,,125.00,100 גרם,false,,9.90,0.0792,true,1,248787
8001250152015,false,פסטה דורום פפרדלה דה,דה צ'אקו DE CECCO,IT,פסטה דורום פפרדלה דה,,500.00,100 גרם,false,,15.90,0.0318,true,1,249113
8001250152336,false,פסטה דורום פטוציני ד,,,פסטה דורום פטוציני ד,,500.00,100 גרם,false,,15.90,0.0318,true,1,249114
8001841096889,false,"נוזל לניקוי כלים לימון קלאסי 900 מ""ל",פרוקטר & גמבל,TR,פיירי לבן לימון 900,,900.00,100 גרם,false,,9.90,0.0110,true,1,225364
8001841500799,false,"הרבל אסנסס - שמפו ללא סולפטים אלוורה ומנגו 380 מ""ל",הרבל אסנס Herbal Essences,FR,הרבל אסנסס שמפו ללא,,380.00,,false,,19.90,0.0524,true,1,243048
8001841500942,false,"הרבל אסנסס - שמפו ללא סולפטים אלוורה ובמבוק 380 מ""ל",הרבל אסנס Herbal Essences,FR,הרבל אסנסס שמפו ללא,,380.00,,false,,19.90,0.0524,true,1,243049
8001841502298,false,"הרבל אסנסס - מרכך ללא סולפטים אלוורה ומנגו 275 מ""ל",הרבל אסנס Herbal Essences,FR,הרבל אסנסס מרכך ללא,,380.00,,false,,19.90,0.0524,true,1,243050
8001841502601,false,"הרבל אסנסס - מרכך ללא סולפטים אלוורה ובמבוק 275 מ""ל",הרבל אסנס Herbal Essences,FR,הרבל אסנסס מרכך ללא,,380.00,100 גרם,false,,19.90,0.0524,true,1,243051
8001841625188,false,סבון כלים פלטינום לימון X3 פעולות להסרת שומנים,פרוקטר אנד גמבל,GB,פיירי פלטינום לימון,,515.00,,false,,10.90,0.0212,true,1,240591
8001841625461,false,סבון כלים פלטינום X3 פעולות להסרת שומנים,פרוקטר אנד גמבל,GB,פיירי פלטינום אורגינ,,515.00,100 גרם,false,,10.90,0.0212,true,1,240592
8001841912691,false,פיירי פלטיניום פלוס,,,פיירי פלטיניום פלוס,יחידה,0.00,יחידה,false,,32.90,0.0000,true,1,249603
8001841960258,false,פיירי פלטיניום למדיח,,,פיירי פלטיניום למדיח,יחידה,0.00,יחידה,false,,59.90,0.0000,true,1,249601
8002230000012,false,מארז משקה קוקטייל אפ,אלכוהול (איי.בי.בי),,*מבצע* אפרול 1ליטר,,1000.00,100 גרם,false,,79.90,0.0799,true,1,222640
8002450006559,false,יין קאסה די לואיג'י שרדונה,קאסה די לואיג'י Casa di luigi,,קזה די לואיג'י שרדונ,,750.00,,false,,34.90,0.0465,true,1,192711
8002450202005,false,ורדי ספרקלטיני אסאי Verdi acai Sparkletini,בוסקה Bosca,,ורדי משקה כהלי מוגז,,750.00,100 גרם,false,,25.90,0.0345,true,1,192713
8002450203002,false,משקה כהלי מוגז ורדי,בוסקה,,ורדי משקה כהלי מוגז,,750.00,,false,,25.90,0.0345,true,1,231999
8002450409206,false,ורדי משקה כהלי מוגז,בוקסה קאנלי,IT,ורדי משקה כהלי מוגז,,750.00,100 גרם,false,,25.90,0.0345,true,1,240062
8002960103205,false,CR70W 'רוטב ארביאטה בצנצנת 370 ג MENU,מנורה,IT,רוטב עגבניות איטלקי,,370.00,,false,,13.90,0.0376,true,1,249108
8003340091280,false,בונבוניירת לינדור Lindor שוקולד מריר,לינדוט ושופרונגלי אי,IT,לינדור בונבוניירה 60,,200.00,100 גרם,false,,25.90,0.1295,true,1,191166
8003753158556,false,אילי קפסולות אספרסו קלאסיקו 10 יח' 57 גרם,ג'ייקובס דאו אגרבטס,FR,אילי קפסולות אספרסו,יחידה,0.00,יחידה,false,,24.90,0.0000,true,1,244611
8003753158587,false,אילי קפסולות אספרסו פורטה 10 יח' 57 גרם,ג'ייקובס דאו אגרבטס,FR,אילי קפסולות אספרסו,יחידה,0.00,יחידה,false,,24.90,0.0000,true,1,244612
8003753158617,false,אילי קפסולות אספרסו לונגו קלאסיקו 10 יח' 57 גרם,ג'ייקובס דאו אגרבטס,FR,אילי קפסולות אספרסו,יחידה,0.00,יחידה,false,,24.90,0.0000,true,1,244613
8004030177000,false,טונה בשמן זית וצ'ילי ריו מרה מארז 80X3 גר',ריו מארה Rio Mare,,טונה ריו מרה בשמן זי,,240.00,,false,,29.90,0.1246,true,1,235010
8004030344938,false,טונה בשמן זית ריו מרה שלישיה * 80 ג',"בולטון אלימנטרי בע""מ",IT,טונה ריו מרה שמן זית,,240.00,100 גרם,false,,29.90,0.1246,true,1,235005
8004690050620,false,פסטה לאמוליזנה לינגו,למוליזנה,IT,פסטה לאמוליזנה לינגו,,500.00,,false,,8.90,0.0178,true,1,236859
8004690052044,false,פסטה לאמוליזנה פנה ז,למוליזנה,IT,פסטה לאמוליזנה פנה ז,,500.00,100 גרם,false,,8.90,0.0178,true,1,191171
8004690052600,false,פסטה לאמוליזנה קונכי,למוליזנה,IT,פסטה לאמוליזנה קונכי,,500.00,100 גרם,false,,8.90,0.0178,true,1,239947
8004690052846,false,פסטה פוסילי למוליזנה,למוליזנה,IT,פסטה לאמוליזנה פוסיל,,500.00,,false,,8.90,0.0178,true,1,191172
8004690053195,false,פסטה לאמוליזנה ריגטו,למוליזנה,IT,פסטה לאמוליזנה ריגטו,,500.00,,false,,8.90,0.0178,true,1,225498
8004690057308,false,פסטה לאמוליזנה רדיאט,למוליזנה,IT,פסטה לאמוליזנה רדיאט,,500.00,,false,,8.90,0.0178,true,1,225500
8004690058008,false,פסטה לאמוליזנה גמלי,למוליזנה,IT,פסטה לאמוליזנה גמלי,,500.00,,false,,8.90,0.0178,true,1,220082
8004690106600,false,פסטה לאמוליזנה פארפא,למוליזנה,IT,פסטה לאמוליזנה פארפא,,500.00,,false,,8.90,0.0178,true,1,225254
8004800000071,false,לאגו פלאסיר- גלילי ופל במילוי קרם אגוזי לוז שוקולד חלב - 100 ג',לאגו,IT,לאגו גלילי וופל במיל,,100.00,100 גרם,false,,10.90,0.1090,true,1,248994
8004800004819,false,"וופלים במילוי ק.פסיפלורה, 110 גרם",לאגו,IT,לאגו גלילי וופלים ב,,100.00,,false,,10.90,0.1090,true,1,248997
8005110000416,false,עגבניות דטריני מוטי,,,עגבניות דטריני מוטי,,800.00,100 גרם,false,,13.90,0.0174,true,1,249791
8005110002243,false,רכז עגבניות Doppio Concentr בשפופרת 185 ג' MUTTI,"איי, בי, אינבוו",IT,רכז עגבניות מוטי בשפ,,185.00,,false,,9.90,0.0535,true,1,242630
8005110060007,false,עגבניות מקולפות 400 ג' MUTTI,,,עגבניות מקולפות מוטי,,400.00,100 גרם,false,,8.90,0.0223,true,1,214502
8005110170300,false,עגבניות מרוסקות חתוכות מוטי MUTTI שלישיה *400,מוטי Mutti,IT,עגבניות מרוסקות מוטי,,1200.00,,false,,18.90,0.0157,true,1,214681
8005110191015,false,רסק עגבניות ובזיליקום 700 ג' (ירוק) MUTTI,"איי, בי, אינבוו",IT,רסק עגבניות ובזיליקו,,700.00,100 גרם,false,,14.90,0.0213,true,1,225475
8005110200014,false,רסק עגבניות בתוספת מלח,"איי, בי, אינבוו",IT,רכז עגבניות מוטי 210,,210.00,,false,,9.90,0.0471,true,1,214683
8005110551253,false,רוטב עגבניות לפיצה MUTTI,"איי, בי, אינבוו",IT,רוטב לפיצה מוטי 400ג,,400.00,,false,,9.90,0.0248,true,1,240622
8005200256587,false,משקה תה בטעם אפרסק 1.5ל' NESTEA,מפעל סאנפלגרינו S.P.,IT,נסטי אפרסק 1.5ליטר,,1500.00,,false,,9.50,0.0063,true,1,246090
8005200286584,false,משקה תה בטעם מנגו אננס 1.5 ל' NESTEA,מפעל סאנפלגרינו S.P.,IT,נסטי מנגו אננס 1.5לי,,1500.00,,false,,9.50,0.0063,true,1,246091
8005803010371,false,מקלות גריסיני עם רוזמרין,"אינסטנטה בע""מ",IT,גריסיני אמור די פאן,,125.00,,false,,7.90,0.0632,true,1,221531
8005803010586,false,מקלות גריסיני בטעם פיצה,"הוסטה איטליה, ס.ר.ל.",IT,גריסיני אמור די פאן,,125.00,,false,,7.90,0.0632,true,1,221532
8005803010661,false,אמור די פאן - שומשום 125 גרם,"הוסטה איטליה, ס.ר.ל.",IT,גריסיני אמור די פאן,,125.00,,false,,7.90,0.0632,true,1,221533
8006227000399,false,סמנצאטו לחם מחמצת פר,,,סמנצאטו לחם מחמצת פר,,400.00,,false,,16.90,0.0422,true,1,247614
8006227000405,false,סמנצאטו לחם מחמצת פר,,,סמנצאטו לחם מחמצת פר,,400.00,100 גרם,false,,16.90,0.0422,true,1,247612
8006227000412,false,סמנצאטו לחם מחמצת פר,,,סמנצאטו לחם מחמצת פר,,400.00,100 גרם,false,,16.90,0.0422,true,1,247615
8006227270945,false,סמנצאטו טראמיציני לב,רו. מאר ס.ר.ל,IT,סמנצאטו- טראמציני לח,,250.00,,false,,16.90,0.0676,true,1,247618
8006540027042,false,"לנור מרכך כביסה בניחוח פרחי בר 897 מ""ל",פרוקטר אנד גמבל,FR,לנור מרכך כביסה בניח,,897.00,,false,,15.90,0.0177,true,1,243953
8006540112823,false,"לנור מרכך כביסה מרוכז בניחוח האוקיינוס 900 מ""ל",פרוקטר אנד גמבל,FR,לנור מרכך מרוכז בניח,,900.00,,false,,15.90,0.0177,true,1,244214
8006540112854,false,"מרכך כביסה מרוכז בניחוח סחלב לנור 900 מ""ל",פרוקטר & גמבל,FR,לנור מרכך מרוכז בניח,,900.00,,false,,15.90,0.0177,true,1,244216
8006540221068,false,מגן תחתון אלוויז וליופק לונג פלוס 40 יחי',פרוקטר,DE,אולוויז מגני תחתון ל,יחידה,0.00,יחידה,false,,19.90,0.0000,true,1,247780
8006540221341,false,אולוויז מגן תחתון וליופק לארג' 48 יחידות,,DE,אולוויז מגן תחתון אק,יחידה,0.00,יחידה,false,,19.90,0.0000,true,1,246773
8006540221464,false,אולוויז מגן תחתון וליופק נורמל 56 יחידות,,,אולוויז מגני תחתון נ,יחידה,0.00,יחידה,false,,19.90,0.0000,true,1,246377
8006540302538,false,הד&שולדרס שמפו קלאסי,,,הד&שולדרס שמפו קלאסי,,350.00,100 גרם,false,,19.90,0.0569,true,1,248667
8006540495186,false,"לנור מרכך כביסה בניחוח בייבי 900 מ""ל",פרוקטר & גמבל,FR,לנור מרכך כביסה בייב,,900.00,100 גרם,false,,15.90,0.0177,true,1,248038
8006540495216,false,"מרכך כביסה בניחוח אמאטיסט 900 מ""ל לנור",פרוקטר & גמבל,FR,לנור מרכך כביסה בניח,,900.00,100 גרם,false,,15.90,0.0177,true,1,248039
8006540620403,false,"אבקת כביסה אפקט פיירי 7 ק""ג טייד",,,טייד אבקת כביסה אפקט,,7000.00,,false,,59.90,0.0086,true,1,249606
8007178120310,false,חומץ בלסמי ד'מודנה Giacobazzi,פטורייה ג'יאקובאזי ס,IT,חומץ בלסמי ג'קובצי 5,,500.00,,false,,25.90,0.0518,true,1,179865
8008343279826,false,רוטב פסטה בזיליקום ר,,,רוטב פסטה בזיליקום ר,,350.00,100 גרם,false,,11.90,0.0340,true,1,223208
8008620009313,false,קריץ-קרקר מלוח 250 ג',,,קריץ קרקר מלוח 250גר,,250.00,,false,,7.90,0.0316,true,1,242659
8008620009337,false,קריץ-קרקר חיטה מלאה 250ג',,,קריץ קרקר חיטה מלאה,,250.00,100 גרם,false,,7.90,0.0316,true,1,242660
8008660210045,false,מעדן פרי פירות יער 100% רכיבי פרי,שוורצקוף& הנקל דיסלד,IT,מעדן פירות יער מנז א,,300.00,100 גרם,false,,17.90,0.0597,true,1,190930
8008660210069,false,מעדן פרי אפרסק פסיפל,מנז אנד גאסר,IT,מעדן פרי אפרסק פסיפל,,320.00,,false,,17.90,0.0559,true,1,226310
8008857200194,false,פסטה רג'ייה ספגטי 500 גר',,,פסטה רג'ייה ספגטי 50,,500.00,,false,,6.90,0.0138,true,1,175418
8008857300238,false,פסטה רג'ייה גליל 500 גר',,,פסטה רג'ייה גליל 500,,500.00,,false,,6.90,0.0138,true,1,175420
8008857300344,false,פסטה רג'ייה צינור 500 גר',,,פסטה רג'ייה צינור 50,,500.00,100 גרם,false,,6.90,0.0138,true,1,175421
8008857300481,false,פסטה רג'ייה בורג 500 גר',,,פסטה רג'ייה בורג 500,,500.00,100 גרם,false,,6.90,0.0138,true,1,175422
8008857300603,false,פסטה רג'ייה קונכיה 500 גר',,,פסטה רג'ייה קונכיה 5,,500.00,100 גרם,false,,6.90,0.0138,true,1,175425
8008857300627,false,פסטה רג'ייה צדף 500 גר',,,פסטה רג'ייה צדף 500,,500.00,100 גרם,false,,6.90,0.0138,true,1,175426
8008857300634,false,פסטה רג'ייה תלתל 500 גר',,,פסטה רג'ייה תלתל 500,,500.00,,false,,6.90,0.0138,true,1,175427
8008857400655,false,פסטה רג'ייה בורג 3 צבעים 500 גר',,,פסטה רג'ייה בורג שלו,,500.00,100 גרם,false,,7.90,0.0158,true,1,228620
8008857601052,false,פסטה לזניה דפים רג'יה 500ג',פסטה רג'יה Pasta Reggia,,*מבצע* לזניה רגיה 50,,500.00,100 גרם,false,,8.90,0.0178,true,1,225847
8008857601090,false,פסטה קנלוני רג'יה 250 גר',פסטה רג'יה Pasta Reggia,,קנלוני רג'יה 250 גרם,,250.00,100 גרם,false,,9.90,0.0396,true,1,225848
8011033011279,false,"קוסקוס מרקש 1 ק""ג",,,קוסקוס 1 קג,,1000.00,100 גרם,false,,13.90,0.0139,true,1,201095
8015997000911,false,מאריני- בישקוטים 200 ג',Biscottificio Verona,,מאריני בישקוטים פריכ,,200.00,,false,,6.90,0.0345,true,1,206597
8033102690079,false,עוגיות וישנזי במילוי,קריות זול,IT,עוגיות וישנזי במילוי,,150.00,,false,,10.90,0.0727,true,1,247950
8053259246967,false,רוטב בלסמי מצומצם קל,,,רוטב בלסמי מצומצם קל,,180.00,,false,,14.90,0.0828,true,1,245682
8076800195033,false,ברילה - צ.א ספגטיני מס3 חדש 500 גרם,ברילה גי.אי.אר פרטלי,IT,פסטה ספגטי ברילה מס',,500.00,,false,,8.90,0.0178,true,1,186213
8076800195057,false,ברילה - צ.א ספגטי מס5 חדש 500 גרם,ברילה גי.אי.אר פרטלי,IT,פסטה ספגטיני מס 5 בר,,500.00,,false,,8.90,0.0178,true,1,186214
8076800195071,false,ספגטי מס 7 ברילה 500,,,ספגטי מס 7 ברילה 500,,500.00,,false,,8.90,0.0178,true,1,246640
8076802085738,false,ברילה - צ.ק פנה רגטה חדש 500 גרם,ברילה גי.אי.אר פרטלי,IT,פסטה פנה רגטה ברילה,,500.00,,false,,8.90,0.0178,true,1,186219
8076802085981,false,ברילה - צ.ק פוזילי חדש 500 גרם,ברילה גי.אי.אר פרטלי,IT,פסטה פתיתי פוזליני ב,,500.00,,false,,8.90,0.0178,true,1,186224
8076808060654,false,ברילה - צ.ק פרפלה חדש 500 גרם,ברילה גי.אי.אר פרטלי,IT,פסטה פתיתי פרפלה 65,,500.00,,false,,8.90,0.0178,true,1,186228
8076808150072,false,ברילה - צ.א ספגטוני מס7 חדש 500 גרם,ברילה גי.אי.אר פרטלי,IT,פסטה ספגטי מס 7 בריל,,500.00,100 גרם,false,,8.90,0.0178,true,1,186230
8076809513654,false,בסיס רוטב עגבניות לבולונז 400 ג' ברילה,ברילה גי.אי.אר פרטלי,IT,רוטב עגבניות לבולונז,,400.00,,false,,15.90,0.0398,true,1,186235
8076809513692,false,רוטב פסטה ברילה נפוליטנה 400ג',ברילה גי.אי.אר פרטלי,IT,רוטב נפוליטנה ברילה,,400.00,,false,,15.90,0.0398,true,1,186236
8076809513739,false,רוטב פסטה ברילה בזיליקום 400 ג',ברילה גי.אי.אר פרטלי,IT,רוטב בזיליקום ברילה,,400.00,,false,,15.90,0.0398,true,1,186237
8076809523561,false,רוטב עגבניות עם עשבי תיבול 400 ג' ברילה,ברילה גי.אי.אר פרטלי,IT,רוטב טוסקנה ברילה400,,400.00,,false,,15.90,0.0398,true,1,186246
8076809523738,false,פסטה ברילה לזניה 500ג',ברילה גי.אי.אר פרטלי,IT,לזניה ברילה 500 גר,,500.00,,false,,24.90,0.0498,true,1,186249
8121300209466,false,תחליף סוכר חום 320 ג' טרוביה,טרוביה Truvia,,*מבצע* טרוביה תחליף,,360.00,100 גרם,false,,15.90,0.0442,true,1,249380
8410076600622,false,חטיפי גרנולה Crunchy שיבולת שועל מלאה ושבבי שוקולד מריר,ג'נרל מילס סאן אדריא,ES,ניטשר וואלי חטיף קרא,,210.00,100 גרם,false,,22.50,0.1071,true,1,192244
8410076610379,false,נייטשר ואלי פרוטאין בוטנים ושבבי שוקולד 160 ג',סריילטו ספיין פודס,ES,נייטשר וואלי פרוטאין,,160.00,,false,,25.90,0.1619,true,1,192251
8410076610386,false,נייטשר ואלי פרוטאין בוטנים עם ציפוי בטעם קרמל מלוח 160 ג',סריילטו ספיין פודס,ES,נייטשר וואלי פרוטאין,,160.00,,false,,25.90,0.1619,true,1,192252
8410076621009,false,עוגות אישיות בטעם קרמל עם חתיכות בטעם קרמל מלוח,"גלאטס סירו בע""מ",ES,פייבר וואן חטיף בטעם,,120.00,100 גרם,false,,17.90,0.1492,true,1,242494
8410076621047,false,עוגות אישיות בטעם שוקולד עם חתיכות בטעם שוקולד,"גלאטס סירו בע""מ",ES,פייבר וואן בראוניז ב,,120.00,100 גרם,false,,17.90,0.1492,true,1,242493
8410104039134,false,"פיניש מנקה ומחדש מדיח 250מ""ל",הדקלאים אגודת שיתופי,PL,פיניש מנקה ומחדש מדי,,250.00,,false,,21.90,0.0876,true,1,200406
8410104045111,false,"פיניש מלח למדיח כלים 2ק""ג",פ.פ.ח. שאביט,IL,"פיניש מלח למדיח 2 ק""",,2000.00,,false,,15.90,0.0080,true,1,237580
8410376037784,false,גולון סנדוויץ שוקולד ללא סוכר 250 ג',תות תעשיות מזון (201,ES,עוגיות ביסקוויט גולו,,250.00,,false,,13.90,0.0556,true,1,249309
8410644611210,false,יין קאווה איבריקה לבן חצי יבש Cava Iberica,יוסף מסאקס ס.ל.,ES,קאווה איבריקה לבן חצ,,750.00,,false,,29.90,0.0399,true,1,222433
8412497524327,false,בקבוק פלסטיק(טריטן) קטן 450 מל-ספיידרמן(1X24),,,בקבוק פלסטיק קטן 450,יחידה,0.00,יחידה,false,,19.90,0.0000,true,1,187191
8412497595327,false,בקבוק פלסטיק 450מל,,,בקבוק פלסטיק 450מל,יחידה,0.00,יחידה,false,,19.90,0.0000,true,1,229037
8420822130600,false,"ספריי סופר מסיר שומנים 750מ""ל יעקבי",יעקבי,,סופר מסיר שומנים KH-,,750.00,100 גרם,false,,15.90,0.0212,true,1,246975
8420822130624,false,"ספריי סופר מסיר כתמים 750מ""ל יעקבי",יעקבי,,סופר מסיר כתמים יעקב,,750.00,,false,,15.90,0.0212,true,1,246974
8423207206488,false,מרבה סלים דליס שוקולד חלב חדש,אף.סי תבליני בגליל ב,ES,סלים דליס חטיף דגנים,,120.00,100 גרם,false,,15.90,0.1325,true,1,186271
8423207206495,false,חטיף מרבה סלים דליס שוקו' מריר 125ג',אף.סי תבליני בגליל ב,ES,סלים דליס חטיף דגנים,,1200.00,100 גרם,false,,15.90,0.0133,true,1,186272
8423207206501,false,מרבה סלים דליס חצי מצופה חדש,סלים דליס Slim Delis,ES,סלים דליס חטיף דגנים,,120.00,100 גרם,false,,15.90,0.1325,true,1,186273
8423207207362,false,סלים דליס חטיף דגנים שוקולד לבן 120 ג',ביסנצ'ורי אס.אל.יו,ES,סלים דליס חטיף שוקול,,120.00,100 גרם,false,,15.90,0.1325,true,1,186275
8423207208680,false,מרבה סלים דליס לילדים עם שוקולד חלב,ביסנצ'ורי אס.אל.יו,ES,סלים דליס קידס חטיף,,78.00,100 גרם,false,,15.90,0.2038,true,1,186283
8423207208697,false,מרבה סלים דליס לילדים עם שוקולד לבן חדש,ביסנצ'ורי אס.אל.יו,ES,סלים דליס קידס חטיף,,120.00,100 גרם,false,,15.90,0.1325,true,1,186284
8423207208703,false,חטיף דגנים מצופה אקסטרה שוקולד מריר,ביסנצ'ורי אס.אל.יו,ES,סלים דליס חטיף אקסטר,,120.00,,false,,15.90,0.1325,true,1,186285
8423207208871,false,פרכיות תירס בטעם טבעי סלים דליס 130ג',סלים דליס Slim Delis,,פריכיות תירס בטעם טב,,123.00,100 גרם,false,,11.90,0.0967,true,1,193243
8423207208888,false,פריכיות תירס בטעם עגבניות ועשבי תיבול סלים דליס 123 ג',סלים דליס Slim Delis,,פריכיות תירס בטעם עג,יחידה,0.00,יחידה,false,,12.90,0.0000,true,1,193244
8423207208895,false,פריכיות תירס בטעם זיתים ועירית סלים דליס 123 ג',סלים דליס Slim Delis,,פריכיות תירס בטעם זי,יחידה,0.00,יחידה,false,,12.90,0.0000,true,1,193245
8423207209748,false,מרבה סלים דליס שוקולד מריר בניגועת תפוז,ביסנצ'ורי אס.אל.יו,ES,סלים דליס שוקולד מרי,יחידה,0.00,יחידה,false,,15.90,0.0000,true,1,223075
8423207209885,false,סלים דליס מהדורה מיוחדת שוקולד חלב 120 ג',סלים דליס Slim Delis,,סלים דליס בטעם שוקול,יחידה,0.00,יחידה,false,,15.90,0.0000,true,1,223422
8423207210287,false,מרבה סלים דליס שוקולד לבן בטעם יוגורט 120 ג',סלים דליס Slim Delis,,סלים דליס שוקולד לבן,,120.00,100 גרם,false,,15.90,0.1325,true,1,235009
8423207210928,false,חטיף דגנים מצופה שוקולד חלב ואגוזי לוז - 5 במארז,ביסנצ'ורי אס.אל.יו,ES,סלים דליס טופינג אגו,,0.00,100 גרם,false,,15.90,0.0000,true,1,242203
8423207210966,false,חטיף רב דגנים מצופה שוקולד לבן קוקוס ולימון,אף.סי תבליני בגליל ב,ES,סלים דליס טופינג קוק,,0.00,100 גרם,false,,15.90,0.0000,true,1,242205
8423207210980,false,סלים דליס טופינג קליפת תפוז 90 ג',מרבה,ES,סלים דליס טופינג קלי,,0.00,100 גרם,false,,15.90,0.0000,true,1,242206
8425206000081,false,ריבת חלב מרדל 450 גר,כלורוקס אוקלנד,ES,ריבת חלב מרדל 450גר,,450.00,100 גרם,false,,19.90,0.0442,true,1,193247
8435495805168,false,"תינוקלין לכביסה לעור רגיש אולימפיק 1.25ק""ג",מולינו ניקולי s.p.a,TR,תינוקלין אבקת כביסה,קילוגרמים,1.25,"ק""ג",false,,21.90,17.5200,true,1,224566
8437000906209,false,טורטייה קמח חיטה 320,Azteca foods europe,,עלי טורטיה 320ר,,325.00,,false,,10.90,0.0335,true,1,175451
8445290341617,false,פנסי פיסט פטה עוף וסלמון 85גר,נסטלה פורינה USA ג',US,פנסי פיסט פטה עוף וס,,85.00,100 גרם,false,,6.50,0.0765,true,1,248569
8445290341655,false,פנסי פיסט פטה עוף 85גר,נסטלה פורינה USA ג',US,פנסי פיסט פטה עוף 85,,85.00,100 גרם,false,,6.50,0.0765,true,1,248571
8606018615841,false,גלידת וניל עם ליבת שוקולד חלב 480 ג' מילקה,נסטלה,IL,פיינט מילקה וניל ליב,,480.00,,false,,19.90,0.0415,true,1,248904
8683323063024,false,ממתק בטעם תותי פרוטי בצורת שטיח,מוטקה החולב,TR,סוכריות יוגטה שטיחים,,220.00,100 גרם,false,,8.50,0.0386,true,1,192263
8686868600068,false,המותג אביזרי שיער,,,המותג אביזרי שיער,יחידה,0.00,יחידה,false,,8.90,0.0000,true,1,203565
8686868600075,false,המותג אביזרי שיער,,,המותג אביזרי שיער,יחידה,0.00,יחידה,false,,9.90,0.0000,true,1,203566
8686868600099,false,המותג אביזרי שיער,,,המותג אביזרי שיער,יחידה,0.00,יחידה,false,,11.90,0.0000,true,1,203568
8686868600112,false,המותג אביזרי שיער,,,המותג אביזרי שיער,יחידה,0.00,יחידה,false,,13.90,0.0000,true,1,203570
8686868600129,false,סרט לשיער,,,סרט לשיער,יחידה,0.00,יחידה,false,,12.90,0.0000,true,1,203571
8686868600136,false,המותג אביזרי שיער,,,המותג אביזרי שיער,יחידה,0.00,יחידה,false,,15.90,0.0000,true,1,234268
8686868600150,false,המותג אביזרי שיער,,,המותג אביזרי שיער,יחידה,0.00,יחידה,false,,17.90,0.0000,true,1,203574
8686868600174,false,המותג אביזרי שיער,,,המותג אביזרי שיער,יחידה,0.00,יחידה,false,,19.90,0.0000,true,1,203575
8686868600211,false,"מטריה לילדים 47 ס""מ",,,"מטריה לילדים 47 ס""מ",יחידה,0.00,יחידה,false,,19.90,0.0000,true,1,220126
8686868600235,false,המותג אביזרי שיער,,,המותג אביזרי שיער,יחידה,0.00,יחידה,false,,12.90,0.0000,true,1,203580
8686868600259,false,מטריה גדולה /כפולה,,,מטריה גדולה /כפולה,יחידה,0.00,יחידה,false,,29.90,0.0000,true,1,220127
8690504153740,false,שוקולד מריר במילוי קרם בטעם שוקולד מריר,ביסקוט ביסקווי סילבר,TR,טבלת שוקולד מריר עם,,86.00,,false,,13.90,0.1616,true,1,231876
8690504156543,false,טבלת שוקלד חלב ממולא בקרם גנאש שוקולד חלב 88 גר',ביסקוט ביסקווי סילבר,TR,שוקולד חלב מעולה ממו,,88.00,,false,,13.90,0.1580,true,1,239243
8690521016882,false,"דאב תארפי שמפו רגיל 400 מ""ל",יוניליוור,,דאב תארפי שמפו רגיל,,400.00,100 גרם,false,,14.90,0.0373,true,1,183350
8690521017124,false,"דאב תארפי מרכך רגיל 400 מ""ל",קריות זול,TR,דאב תארפי מרכך רגיל,,400.00,100 גרם,false,,14.90,0.0373,true,1,183355
8690526019178,false,אי טי אי - וופל קקאו במילוי קרם קוקוס 142 גרם,מולינו ניקולי s.p.a,TR,וופל במילוי קרם קוקו,,142.00,100 גרם,false,,6.90,0.0486,true,1,240279
8690526019185,false,אי טי אי - וופל במילוי קרם שוקולד חלב 142 גרם,מולינו ניקולי s.p.a,TR,וופל במילוי קרם שוקו,,142.00,,false,,6.90,0.0486,true,1,240281
8690531401722,false,פלפל אדום קלוי צנצנת,,,פלפל אדום קלוי צנצנת,,550.00,100 גרם,false,,9.90,0.0180,true,1,243531
8690572784303,false,"שוורצקוף גליס שמפו לשיער לאורך מושלם, 400 מ""ל",שוורצקוף Schwarzkopf,,גליס שמפו לאורך מושל,,400.00,100 גרם,false,,15.90,0.0398,true,1,225463
8690572785928,false,סאיוס שמפו לשיער גלי,,,סאיוס שמפו לשיער גלי,,600.00,,false,,12.90,0.0215,true,1,225465
8690572788851,false,"גליס - שמפו ביו טק 400 מ""ל",,,שמפו גליס ביו- טק 40,,400.00,,false,,15.90,0.0398,true,1,240241
8690572789018,false,גליס שמפו ביו טק 525,,,גליס שמפו ביו טק 525,,525.00,100 גרם,false,,10.00,0.0190,true,1,246023
8690572789551,false,גליס שמפו שיקום עמוק,,,גליס שמפו שיקום עמוק,,525.00,100 גרם,false,,10.00,0.0190,true,1,246021
8690572789636,false,גליס שמפו לאורך מושל,,,גליס שמפו לאורך מושל,,525.00,100 גרם,false,,10.00,0.0190,true,1,246022
8690572799499,false,"סאיוס - מרכך אולאו 500 מ""ל",,,סאיוס מרכך שמני הזנה,,500.00,,false,,12.90,0.0258,true,1,246833
8690572799512,false,"מרכך לחיזוק שורשי סיב השערה סאיוס 500מ""ל",,,סאיוס מרכך לשיער גלי,,500.00,,false,,12.90,0.0258,true,1,246829
8690572799529,false,"סאיוס - שמפו קרטין 500 מ""ל",,,סאיוס שמפו קרטין לשי,,500.00,100 גרם,false,,12.90,0.0258,true,1,246827
8690572799536,false,"שמפו שמני הזנה סאיוס 500מ""ל",,,סאיוס שמפו שמני הזנה,,500.00,100 גרם,false,,12.90,0.0258,true,1,246832
8690572799543,false,"שמפו לחזיק שורשי סיב השערה סאיוס 500מ""ל",,,סאיוס שמפו לחיזוק שו,,500.00,100 גרם,false,,12.90,0.0258,true,1,246830
8690637555084,false,"בדין - מרכך כביסה אקסטרה לבן 960 מ""ל",יוניליוור סנאיי וי ט,TR,בדין אקסטרא פריחת הת,,960.00,,false,,18.90,0.0197,true,1,183406
8690637946301,false,"בדין - מרכך כביסה אקסטרא בייביי כחול 960 מ""ל",יוניליוור סנאיי וי ט,TR,בדין אקסטרא בייבי 96,,960.00,,false,,18.90,0.0197,true,1,239790
8690637946318,false,"בדין מרכך כביסה אקסטרא בייבי צהוב 960מ""ל",יוניליוור סנאיי וי ט,TR,בדין אקסטרא בייבי בנ,,960.00,100 גרם,false,,18.90,0.0197,true,1,239791
8690637976995,false,"בדין - מרכך כביסה אקסטרא ורוד סחלבים פראי 960 מ""ל",יוניליוור סנאיי וי ט,TR,?בדין אקסטרא ורוד במ,,960.00,,false,,18.90,0.0197,true,1,242218
8690766156367,false,שוקולד גודייבה חלב מעולה 90 גר,"אולקר מקבוצת פלאדיס,",TR,שוקולד חלב מעולה 90,,90.00,,false,,14.90,0.1656,true,1,239244
8690766156374,false,שוקולד גודייבה מריר 72% מוצרי קקאו 90 גר,"אולקר מקבוצת פלאדיס,",TR,שוקולד מריר מעולה 7,,90.00,100 גרם,false,,14.90,0.1656,true,1,239245
8690766156381,false,שוקולד גודייבה מריר מעולה 90% קקאו 90 גר,"אולקר מקבוצת פלאדיס,",TR,שוקולד מריר מעולה 90,,90.00,,false,,14.90,0.1656,true,1,239246
8690766156398,false,שוקולד חלב מעולה בתוספת שברי שקדים קלויים דבש ומלח 90ג',"אולקר מקבוצת פלאדיס,",TR,שוקולד חלב עם שקדים,,90.00,,false,,14.90,0.1656,true,1,239247
8690766156404,false,שוקולד מריר מעולה בטעם תפוז אדום 90ג',גודייבה,TR,שוקולד מריר מעולה ב,,90.00,100 גרם,false,,14.90,0.1656,true,1,239248
8690770322598,false,"שמרים יבשים 125 גר` בד""צ",בראבו Bravo,,"שמרים יבשים 125 ג""ר.",,125.00,100 גרם,false,,4.90,0.0392,true,1,191624
8690777203012,false,פלפל ירוק כבוש לא חריף סארה 600ג',יוליניבר,TR,פלפל ירוק כבוש לא חר,,600.00,100 גרם,false,,13.90,0.0232,true,1,179008
8690777204071,false,פלפלים כבושים - חריפים,יוליניבר,TR,פלפל חריף ויליפוד 64,,640.00,,false,,13.90,0.0217,true,1,179009
8690777206051,false,חצילים קלויים על האש סארה 650 גר',קוראהן פזלרמה וי דיס,TR,חציל קלוי על האש ויל,,650.00,100 גרם,false,,13.90,0.0214,true,1,179011
8690777221405,false,פלפל אדום קלוי על האש סארה 650גרם,קוראהן פזלרמה וי דיס,TR,פלפל אדום קלוי על הא,,650.00,100 גרם,false,,13.90,0.0214,true,1,179013
8690799023025,false,ריבת משמש עם תפוזים,בוזטופרק גידה סאנאי,,ריבת משמש עם תפוזים,,1000.00,100 גרם,false,,19.90,0.0199,true,1,245854
8691058141238,false,ערמונים שלמים קלויים וקלופים 100 ג' Avel,,,ערמונים שלמים 100 גר,,100.00,,false,,6.90,0.0690,true,1,234454
8692440001086,false,כוסות פלסטיק חד פעמי 100 יח',"שניב תעשיות נייר בע""",,כוסות לשתיה קרה טאץ',יחידה,0.00,יחידה,false,,7.90,0.0000,true,1,229589
8697420697914,false,זיתים שחורים יבשים במלח 700 ג',אונטד גידה,TR,זיתים שחורים בפח 700,,700.00,100 גרם,false,,19.90,0.0284,true,1,225558
8697431460064,false,קונפיטורה משמש 70% פרי פרופה 454 גר',פרוטנגו Fruitango,,קונפיטורה 70% משמש 4,,450.00,100 גרם,false,,14.90,0.0331,true,1,175477
8697431460378,false,קונפיטורה70% שזיף 450 ג' FRUPPA,פרוטנגו Fruitango,,קונפיטורה 70% פרי -,,450.00,,false,,14.90,0.0331,true,1,175482
8697431921701,false,קונפיטורה תות שדה 70% פרי פרופה 454 גר',פרוטנגו Fruitango,,קונפיטורה תות שדה פר,,450.00,100 גרם,false,,14.90,0.0331,true,1,175485
8697431921718,false,קונפיטורה דובדבן חמוץ 70% פרי פרופה 454 גר',Barhan gida sanayi v,,קונפיטורה 70 % דובדב,,450.00,100 גרם,false,,14.90,0.0331,true,1,175486
8697826469092,false,טורטיה קטנה 540 גר' 12יח,דין שיווק,TR,טורטיה קטנה 540גר,,540.00,,false,,9.90,0.0183,true,1,201108
8699250035041,false,זית שחור טבעי יבש במ,,,זית שחור טבעי יבש במ,,700.00,100 גרם,false,,19.90,0.0284,true,1,224644
8710447331095,false,"טרזמה - מסכה בוטניק 300 מ""ל",יוניליוור,PL,טרזמה מסכה בוטניק 30,,300.00,100 גרם,false,,29.90,0.0997,true,1,227266
8710522584200,false,"דאב - תחליב רחצה ורדים ואלוורה 500 מ""ל",דאב Dove,,דאב תחליב רחצה ורדים,,500.00,100 גרם,false,,14.90,0.0298,true,1,247425
8710800961310,false,סוכריות מנטוס תות מארז 37.5X4ג',פרפטי ואן מלה ברדה,NL,סוכריות מנטוס רביעיי,,37.50,,false,,12.90,0.3440,true,1,192309
8711000362617,false,קפסולות אספרסו לונגו פרופונדו עוצמה 8,יוניליוור גרמניה Gm,FR,קפסולות קפה לור לונג,,10.00,,false,,19.90,1.9900,true,1,226059
8711000362655,false,קפסולות קפה לור אספר,קראפט,FR,קפסולות אספרסו לור א,יחידה,0.00,יחידה,false,,19.90,0.0000,true,1,240907
8711000362747,false,קפסולות אספרסו ריסטרטו 10* 52 ג' LOR,גיקובס דאו אגברטס צר,FR,קפסולות קפה לור ריסט,,10.00,,false,,19.90,1.9900,true,1,226054
8711000371176,false,קפסולות קפה אספרסו קלאסיקו 10*52 ג' ג'ייקובס,קריניציה ויטמינה אס,FR,גקובס קפסולות קפה אס,,52.00,,false,,16.90,0.3250,true,1,227015
8711000371183,false,קפסולות קפה אספרסו אינטנסו 10*52 ג' ג'ייקובס,קריניציה ויטמינה אס,FR,גקובס קפסולות קפה אס,,52.00,100 גרם,false,,16.90,0.3250,true,1,227000
8711000371206,false,קפסולות קפה אספרסו ריסטרטו 10*52 ג' ג'ייקובס,קריניציה ויטמינה אס,FR,גקובס קפסולות קפה אס,,52.00,100 גרם,false,,16.90,0.3250,true,1,227001
8711000371244,false,קפסולות קפה אספרסו לונגו 10*52 ג' ג'ייקובס,ג'ייקובס Jacobs,FR,גקובס קפסולות קפה אס,,52.00,,false,,16.90,0.3250,true,1,235168
8711327475618,false,פיינט וניל קלאסיק 260 ג' מגנום,"מפעל גלידות בווספרם,",HU,מגנום פיינט וניל קלא,,260.00,100 גרם,false,,21.90,0.0842,true,1,243351
8711327475663,false,פיינט וניל שוקולד לבן 260 ג' מגנום,"מפעל גלידות בווספרם,",HU,מגנום פיינט וניל שוק,,260.00,,false,,21.90,0.0842,true,1,243352
8711327475717,false,מגנום פיינט וניל שקדים 440X8מל,"מפעל גלידות בווספרם,",HU,מגנום פיינט וניל שקד,,260.00,,false,,21.90,0.0842,true,1,243353
8712400802499,false,תרכובת מזון המשך לפעוטות על בסיס חלב שלב 1,פרוטרופיק סיה.,NL,נוטרילון -טבע שלב 1,,800.00,100 גרם,false,,64.90,0.0811,true,1,179891
8712400802512,false,תרכובת מזון המשך לפעוטות על בסיס חלב שלב 2,פרוטרופיק סיה.,NL,נוטרילון -טבע שלב 2,,800.00,100 גרם,false,,64.90,0.0811,true,1,179893
8712400802536,false,תרכובת מזון המשך לפעוטות על בסיס חלב שלב 3,פרוטרופיק סיה.,NL,נוטרילון -טבע שלב 3,,800.00,,false,,64.90,0.0811,true,1,179895
8712561594240,false,"דאב תחליב רחצה להזנה עמוקה500 מ""ל-מרכז","יוניליוור גרמניה, Gm",DE,תחליב רחצה להזנה עמו,,500.00,,false,,14.90,0.0298,true,1,183485
8712561611183,false,"דאב - תחליב רחצה תה ירוק ומלפפון 500 מ""ל","יוניליוור גרמניה, Gm",DE,דאב תחליב רחצה תה יר,,500.00,,false,,14.90,0.0298,true,1,183487
8714599513781,false,קפה נמס גולד מיובש בהקפאה 200 ג' ג'ייקובס,אל.אל. סי ג''יקובס ד,RU,גייקובס גולד קפה נמס,,200.00,,false,,25.90,0.1295,true,1,225256
8714599513835,false,קפה ג'יקובס נטול קופאין מיובש בהקפאה 200 ג',ג'ייקובס Jacobs,,גקובס נטול קפאין מיו,,200.00,,false,,35.90,0.1795,true,1,179896
8714599513866,false,"ג'ייקובס קרוננג מיובש בהקפאה כשל""פ 200 ג'",אל.אל.סי גייקובס דאו,UA,קפה נמס קרוננג ג׳יקו,,200.00,,false,,25.90,0.1295,true,1,179897
8714789402970,false,נוזל לניקוי כללי ולרצפה בניחוח פרחי אביב,הנסיך- מפעל לייצור ט,GR,אגקס חגיגת הפרחים יר,ליטרים,1.50,ליטר,false,,21.90,14.6000,true,1,186356
8714789582764,false,אג'קס ספריי לניקוי חלונות ומשטחים,"ש. שסטוביץ בע""מ",GR,אגקס לניקוי חלונות 7,,750.00,,false,,16.90,0.0225,true,1,186371
8714789930848,false,"משחת שיניים אופטיק וויט אינסטנט 75 מ""ל קולגייט",הנסיך- מפעל לייצור ט,PL,קולגייט אופטיק וויט,,75.00,100 גרם,false,,22.90,0.3053,true,1,186393
8715700110141,false,מיונז קרמי היינץ צנצנת 460ג',ה.י.היינץ הולדינג בי,NL,מיונז היינץ צנצנת 46,,460.00,100 גרם,false,,11.90,0.0259,true,1,222538
8715700115344,false,"מתבל עגבניות היינץ 460 גר' כשל""פ",אייץ'. ג'יי. היינץ פ,ES,קטשופ היינץ 460גר,,460.00,,false,,8.90,0.0193,true,1,222356
8715700115641,false,ממרח מיונז לחיץ לייט במרקם קרמי 420 ג' היינץ,היינץ Heinz,,ממרח היינץ במרקם קרמ,,420.00,100 גרם,false,,15.90,0.0379,true,1,248587
8715700117805,false,"קטשופ היינץ מתבל עגבניות ללא תוספת סוכר ומלח 425 מ""ל",ה.י היינץ הולדינג בי,NL,*מבצע* היינץ מתבל עג,,400.00,,false,,11.90,0.0298,true,1,246559
8715700419732,false,מתבל עגבניות היינץ 7,ה.י. היינץ,NL,*מבצע* קטשופ היינץ 7,,700.00,100 גרם,false,,11.90,0.0170,true,1,179901
8715700422473,false,ממרח מיונז ללא חומרים משמרים 395 ג' היינץ,היינץ Heinz,NL,ממרח היינץ לחיץ 395,,395.00,100 גרם,false,,15.90,0.0403,true,1,248588
8715700423906,false,קטשופ מתובל עגבניות 50% פחות סוכר 555ג' היינץ,היינץ צפון אמריקה מק,NL,מתבל עגבניות היינץ 5,,555.00,,false,,11.90,0.0214,true,1,224079
8717163647233,false,"אקס ספריי גוף בלאק נייט 150 מ""ל",ארנסט. רחוב קומבינצק,RU,אקס ספריי גוף בלאק נ,,150.00,,false,,15.90,0.1060,true,1,227433
8717163655764,false,"רקסונה - דאודורנט ספריי לאישה שוואר פרש 150 מ""ל",,,רקסונה ספריי שוואר פ,,150.00,100 גרם,false,,14.90,0.0993,true,1,234312
8717163655825,false,"רקסונה דאו' ספריי לנשים בניחוח כותנה, 150 מ""ל",יוניליוור,,רקסונה ספריי כותנה 1,,150.00,,false,,14.90,0.0993,true,1,234313
8718114734484,false,מיונז מיילי 320 גרם,MAILLE,,מיונז פיין 320 גר',,320.00,100 גרם,false,,15.90,0.0497,true,1,194607
8718951093331,false,מרידול מברשת שיניים אקסטרה סופט זוג,קולגייט פלמוליב,,מברשת שיניים מרידול,יחידה,0.00,יחידה,false,,29.90,0.0000,true,1,186405
8718951175600,false,"משחת שיניים קלין מינט 75 מ""ל קולגייט טוטאל",Unknown,,קולגייט משחת טוטל קל,,75.00,,false,,14.90,0.1987,true,1,241457
8718951240742,false,"קולגייט טוטאל משחת שיניים פסים מרעננים 100 מ""ל",קולגייט Colgate,PL,קולגייט טוטל משחת שי,,100.00,100 גרם,false,,14.90,0.1490,true,1,226833
8718951278851,false,"קולגייט הלבנה פחם 100 מ""ל",,,קולגייט הלבנה פחם 10,,100.00,100 גרם,false,,14.90,0.1490,true,1,248303
8718951312722,false,"קולגייט מקס פרש וויט קריסטל משחת שיניים 100 מ""ל",קולגייט פלמוליב,PL,קולגייט מקס פרש וויי,,100.00,,false,,10.00,0.1000,true,1,246523
8718951313576,false,קולגייט משחת שיניים מקס פרש קול קריסטל 100 מל,קולגייט פלמוליב,PL,קולגייט משחת שיניים,,100.00,100 גרם,false,,10.00,0.1000,true,1,246010
8718951334465,false,סופלין מרכך כביסה מרוכז לבנדר 1.3ל',קריות זול,GR,סופלין מרכך כביסה מר,,1300.00,,false,,19.90,0.0153,true,1,240368
8718951345119,false,"אג'קס לניקוי כללי עוצמת 7 היביסקוס, 2 ל'",הנסיך- מפעל לייצור ט,GR,אגקס לניקוי כללי עוצ,,2000.00,100 גרם,false,,24.90,0.0124,true,1,243255
8718951382640,false,"פלמוליב ג'ל רחצה חימר דיטוקס 750 מ""ל",קולגייט פלמוליב,TR,*מבצע* פלמוליב סבון,,750.00,100 גרם,false,,12.90,0.0172,true,1,249235
8718951385290,false,אג'קס ניקוי כללי עוצמת ה7 כחול 2 ליטר,קולגייט פלמוליב,GR,אגקס לניקוי כללי ניח,,2000.00,100 גרם,false,,24.90,0.0124,true,1,243263
8719200998001,false,מרגרינה לאפיה ובישול בלי מלח 200 ג' בלו בנד,מיוצר עי קונדיטוריית,IL,בלו בנד בלי מלח 200ג,,200.00,,false,,4.90,0.0245,true,1,234676
8719200998018,false,מחמאה מרגרינה בטעם חמאה 200 ג' בלו בנד,פארייפאבה אגרואינדוס,IL,מרגרינה מחמאה בטעם ח,,200.00,,false,,4.90,0.0245,true,1,234674
8720181123955,false,"אקס - ג'ל רחצה ריצארג קריד 400 מ""ל",אקס Axe,,אקס ג'ל רחצה ריצארג,,400.00,100 גרם,false,,15.90,0.0398,true,1,245804
8720181201332,false,דאב רביעיית סבון מוצק גרגירים,קריות זול,,דאב סבון מוצק דאב גר,,360.00,,false,,18.90,0.0525,true,1,248533
8720182253156,false,דאב רביעיית סבון מוצק ירוק,,,דאב סבון מוצק דאב יר,,360.00,100 גרם,false,,18.90,0.0525,true,1,248531
8723400756552,false,מארז סוכריות מנטוס Mentos ריינבואו,פרפטי ואן מלה ברדה,NL,סוכריות מנטוס רביעיי,,37.50,100 גרם,false,,12.90,0.3440,true,1,192318
8723400793922,false,מנטוס גליל בטעם דובדבן אריזת רביעיה 150 ג',פרפטי ואן מלה ברדה,NL,סוכריות מנטוס דובדבן,,150.00,100 גרם,false,,12.90,0.0860,true,1,243927
8801055707966,false,קפה טייסטר צו'יס נס קפה בריסטה 180ג',נסטלה קוריאה - קפה,IL,קפה טייסטרס צ׳ויס בר,,180.00,,false,,34.90,0.1939,true,1,178362
8801055709434,false,קפה נמס טייסטר צ'ויס קולומביה 100 גר',לוטה נסטלה קוריאה,KR,טסטרס צ'ויס קפה נמס,,100.00,100 גרם,false,,19.90,0.1990,true,1,245588
8801055709465,false,אבקה להכנת משקה קפה בטעם קפוצ'ינו וניל,נסטלה קוריאה - קפה,DE,נסקפה קפוצינו וניל 1,,185.00,,false,,21.90,0.1184,true,1,247497
8801055709472,false,נסטלה - נסקפה קפוצ'ינו קלאסי 12.50 גרם * 10,נסטלה קוריאה - קפה,DE,נסקפה קפוצ'ינו קלאסי,,125.00,100 גרם,false,,21.90,0.1752,true,1,247498
8801055709489,false,אבקה להכנת משקה קפה בטעם קפוצ'ינו אגוזים,נסטלה קוריאה - קפה,,נסקפה קפוצינו אגוזים,,180.00,100 גרם,false,,21.90,0.1217,true,1,247499
8801055709526,false,אבקה להכנת משקה קפה בטעם קפוצ'ינו שוקולד לבן,נסקפה Nescafe,,נסקפה קפוצ'ינו שוקול,,185.00,100 גרם,false,,21.90,0.1184,true,1,247496
8809168840471,false,חטיף אצות מיובשות מז,Theppadungporn cocon,KR,חטיף אצות מיובשות 4.,,40.00,,false,,24.90,0.6225,true,1,243648
8826727434001,false,מסחטת מיצים BT-3400,,,מסחטת מיצים BT-3400,יחידה,0.00,יחידה,false,,59.90,0.0000,true,1,245562
8850180040028,false,קמח טמפורה להכנת בלי,קרנחם אוטאי פחרה,TH,טמפורה 500גר,,500.00,100 גרם,false,,10.90,0.0218,true,1,205453
8850206250592,false,רוטב צ'ילי סריראצ'ה 540 גרם (מזרח ומערב),יאן וואל יון קו.לטד,TH,רוטב צ'ילי סריראצ'ה,,540.00,,false,,19.90,0.0369,true,1,223488
8850367990443,false,רוטב לסלט בסגנון אסי,Theppadungporn cocon,,רוטב לסלט בסגנון אסי,,285.00,100 גרם,false,,10.90,0.0382,true,1,205456
8850367992164,false,קרם קוקוס ללא גלוטן,טאפ פאד ונגפורן,CN,קרם קוקוס 20-22% 250,,250.00,,false,,8.90,0.0356,true,1,205458
8850389105825,false,סאפה אלוורה ענבים 1ליטר,סאפה פובליק קומפני ל,TH,סאפה משקה אלוורה ענב,,1000.00,100 גרם,false,,15.90,0.0159,true,1,173246
8850389105849,false,משקה אלוורה בטעם אפרסק,סאפה פובליק קומפני ל,TH,סאפה משקה אלוורה אפר,,1000.00,100 גרם,false,,15.90,0.0159,true,1,173248
8850521141216,false,קמח אורז מזרח ומערב,,,קמח אורז מזרח ומערב,,400.00,,false,,10.90,0.0273,true,1,246729
8850632604259,false,חיספוסים ממתק בטעם תות שדה בצורת מקלות,ג'נרל קנדי בעמ,TH,חמצוצים מקלות בטעם ת,,50.00,100 גרם,false,,4.90,0.0980,true,1,192322
8850632604372,false,יוגטה מקלות חמוצות שטיח - תות שדה 50 גרם,ג'נרל קנדי בעמ,TH,חמצוצים שטיח בטעם תו,,50.00,100 גרם,false,,4.90,0.0980,true,1,192324
8850632605201,false,חיספוסים ממתק בטעמי פירות בצורת שטיח,הדקלאים אגודת שיתופי,TH,חספוסים תות בננה תפו,,50.00,100 גרם,false,,4.90,0.0980,true,1,192326
8850632606390,false,חיספוסים ממתק חמוץ בטעם אבטיח בצורת שטיח,ג'נרל קנדי בעמ,TH,חיספוסים בטעם אבטיח,,50.00,100 גרם,false,,4.90,0.0980,true,1,192331
8858271002870,false,רוטב פאד תאי מזרח ומ,"ייאן וואל יון בע""מ",TH,רוטב פאד תאי 250מל,,2500.00,,false,,12.90,0.0052,true,1,205466
8858271002887,false,רוטב טריאקי מזרח ומע,דאנינג יוה פודס קו,TH,רוטב טריאקי 250מל,,250.00,,false,,12.90,0.0516,true,1,205467
8858271003020,false,רוטב סויה פורמולה מק,יאן ונזל יון,TH,רוטב סויה פורמולה מק,,700.00,100 גרם,false,,16.50,0.0236,true,1,205468
8858271004034,false,רוטב צילי חריף מקסצו,דאנינג יוה פודס קו,TH,רוטב צילי חריף מקסצ,,700.00,,false,,16.50,0.0236,true,1,205477
8858271004799,false,רוטב צ'ילי מתוק מזרח,יאן ונזל יון,TH,רוטב צילי מתוק 700 מ,,700.00,,false,,12.90,0.0184,true,1,205482
8888111030053,false,"מיץ אננס SW טבעי מארז 240X4מ""ל פרימיום",S&W,PH,מיץ אננס רביעיית 4*2,,960.00,100 גרם,false,,16.90,0.0176,true,1,220233
8888111555013,false,"מיץ אננס 100% ללא סוכר 240 מ""ל - בודד",פילפק,,משקה אננס טבעי פחית,,240.00,100 גרם,false,,3.90,0.0162,true,1,172058
8901314525055,false,רביעיית מברשת שיניים,,,מברשת שיניים קולגייט,יחידה,0.00,יחידה,false,,10.90,0.0000,true,1,249082
8901537024014,false,"אורז בסמטי מובחר 1 ק""ג - דוואט) יורה דיעה",הנסיך- מפעל לייצור ט,IN,אורז בסמטי דאווט 1קג,,1000.00,,false,,13.90,0.0139,true,1,179038
8901537076679,false,"אורז בסמטי חום מלא 1 ק""ג דאוואט",האי נאם סי או אל.טי.,IN,אורז בסמטי חום מלא ד,,1.00,,false,,14.90,14.9000,true,1,224626
8908000959361,false,קורנישונים כבושים בח,,,מלפפון קורנישונים כב,,680.00,100 גרם,false,,10.90,0.0160,true,1,235031
8934878081811,false,"דפי אורז 22 ס""מ 400 גר'(Trav) ללא גלוטן",דאנינג יוה פודס קו,CN,"דפי אורז 22 ס""מ 400ג",,400.00,,false,,14.90,0.0373,true,1,227833
9000101329322,false,סבון אסלה בניחוח מתחלף תפוח נופר 50 ג' ברף,,,ברף כדוריות לאסלה 50,,50.00,100 גרם,false,,10.90,0.2180,true,1,246277
9000101375268,false,ברף סבון אסלה בניחוח,,,ברף דקלס בניחוח יסמי,יחידה,0.00,יחידה,false,,16.90,0.0000,true,1,249059
9000101509151,false,ברף - סבון אסלה ג'ל אוקיינוס הקרח הצפוני שלשות,,,ברף בריליאנט ג'ל אוק,יחידה,0.00,יחידה,false,,16.90,0.0000,true,1,249061
9000101537550,false,פרסיל קאפסולות לכביסה לבנה וצבעונית 52 יח',הנקל סוד,HU,פרסיל פאוור קאפס יונ,יחידה,0.00,יחידה,false,,54.90,0.0000,true,1,247233
9000101537581,false,פרסיל קאפסולות לכביסה צבעונית 52 יחידו,הנקל סוד,HU,פרסיל פאוור קאפס לכב,יחידה,0.00,יחידה,false,,54.90,0.0000,true,1,247234
9001395807015,false,סוכ בננית 300 גר,האוסוירט,,בננית 300 ג,,300.00,,false,,10.90,0.0363,true,1,173709
9002859054099,false,מוצרט-שוקולד ממולא 300ג',Gunz BV,,בונבונירה מוצרט משוש,,300.00,100 גרם,false,,29.90,0.0997,true,1,206666
9005800343143,false,"ניוואה מן אפטר-שייב קול קיק פרש 100 מ""ל",,,ניוואה מן אפטר-שייב,,100.00,,false,,39.90,0.3990,true,1,245022
9005835312718,false,"קלרו פירמידה מלח למדיח כלים 1 ק""ג CLARO",יעקבי,AT,מלח למדיח כלים קלאר,,1000.00,100 גרם,false,,14.90,0.0149,true,1,241274
9005835312732,false,"קלרו נוזל הברקה למדיח כלים 500 מ""ל CLARO",יעקבי,AT,נוזל הברקה למדיח כלי,,500.00,,false,,14.90,0.0298,true,1,241275
9005835312756,false,"קלרו ניקוי יסודי למדיח כלים 250 מ""ל CLARO",יעקבי,AT,ניקוי יסודי למדיח כל,,250.00,,false,,14.90,0.0596,true,1,241276
9005835313609,false,קלרו טבליות למדיח כלים 15 יחידות CLARO,,,טבליות למדיח כלים קל,יחידה,0.00,יחידה,false,,10.00,0.0000,true,1,246962
9008700111546,false,נקטר דובדבן חמוץ Happy Day,Rauch fruchtsafte gm,,הפי דיי נקטר דובדבן,,1000.00,,false,,12.90,0.0129,true,1,175495
9044400851672,false,סוכריות פז סוגים שונים + 3 מילויים,פז פרודוקשיין,HU,*מבצע* סוכריות פז+3,,25.50,100 גרם,false,,11.90,0.4667,true,1,247340
9310072028743,false,טים טם Tim Tam וופל שוקולד קלאסי,"ארנוטס ביסקוויטס בע""",AU,ביסקויט טים טם במילו,,200.00,,false,,20.90,0.1045,true,1,191212
9310072028750,false,טים טם Tim Tam וופל שוקולד ציפוי כפול,"ארנוטס ביסקוויטס בע""",AU,עוגיות טים טם דאבל 2,,200.00,,false,,20.90,0.1045,true,1,191213
9720188050109,false,טופוטי ממרח טופו בטעם גבינה 227 ג`,טופוטי ברנדס אינק.ג',IL,טופוטי ממרח טופו בטע,,227.00,100 גרם,false,,21.90,0.0965,true,1,185138
9720188060108,false,טופוטי ממרח על בסיס סויה בסגנון שמנת 340ג',טופוטי ברנדס אינק.ג',IL,טופוטי ממרח טופו בטע,,340.00,,false,,21.90,0.0644,true,1,185142
9771565038319,false,עיתון ידיעות אחרונות,,,עיתון ידיעות אחרונות,יחידה,0.00,יחידה,false,,2.90,0.0000,true,1,172759
9771565038326,false,עיתון ידיעות אחרונות,,,עיתון ידיעות אחרונות,יחידה,0.00,יחידה,false,,2.90,0.0000,true,1,172760
9771565038333,false,עיתון ידיעות אחרונות,,,עיתון ידיעות אחרונות,יחידה,0.00,יחידה,false,,2.90,0.0000,true,1,172761
9771565038340,false,עיתון ידיעות אחרונות,,,עיתון ידיעות אחרונות,יחידה,0.00,יחידה,false,,2.90,0.0000,true,1,172762
9771565038357,false,עיתון ידיעות אחרונות,,,עיתון ידיעות אחרונות,יחידה,0.00,יחידה,false,,2.90,0.0000,true,1,172763
9771565039125,false,עיתון לאישה,,,עיתון לאישה,יחידה,0.00,יחידה,false,,21.90,0.0000,true,1,172765
9771565051066,false,ידיעות אחרונות יום ו,,,ידיעות שבת,יחידה,0.00,יחידה,false,,11.90,0.0000,true,1,172777
9780204022251,false,קומקום צבעוני 2.2 ליטר בנטון,,,קומקום צבעוני בנטון,יחידה,0.00,יחידה,false,,99.00,0.0000,true,1,249514
