code,internal_code,name,manufacturer_name,manufacture_country,manufacturer_item_description,unit_qty,quantity,unit_of_measure,weighted,qty_in_package,price,unit_of_measure_price,allow_discount,status,item_id
40052403,false,קיט קט 4 אצבעות שוקולד חלב,נסטלה Nestle,DE,חטיף קיט קאט,גרמים,41.00,100 גרם,false,1,4.50,10.98,true,1,
40084107,false,ביצת שוקולד הפתעה קינדר,פרדי קונדטוריה אס פי,IT,ביצת הפתעה,גרמים,20.00,100 גרם,false,1,7.10,35.50,true,1,
40111216,false,באונטי חטיף בודד 57 גרם,"נארז ע""י : א.ג. גילר",NL,חטיף באונטי,גרמים,57.00,100 גרם,false,0,5.00,8.77,true,1,
40144061,false,קנופרס חטיף וופל 25 גרם 24 יח,ליימן שליסל,DE,חטיף וופל,גרמים,25.00,100 גרם,false,1,3.60,14.40,true,1,
42101666,false,"מסטיק בטעם מנטה ואקליפטוס איירווייבס 35 גרם לל""ס",ריגלי,GB,מסטיק איירווייבז,גרמים,35.00,100 גרם,false,1,6.50,18.57,true,1,
42182115,false,אורביט פייב ספירמינט 12 סטיקס 29 גר,ריגלי צרפת,FR,5 מנטה עדינה,גרמים,40.00,100 גרם,false,0,7.40,18.50,true,1,
42188889,false,אורביט פייב אבטיח 12 סטיקס 29 גר,ריגלי צרפת,FR,מסטיק 5 אבטיח,גרמים,40.00,100 גרם,false,0,7.40,18.50,true,1,
54051157,false,מעדן סויה טעם שוקו אלפרו רביעיה 125 ג',קריות זול,BE,מעדן סויה 4 יח',גרמים,500.00,100 גרם,false,0,21.60,4.32,true,1,
59079798,false,"רקסונה - דאודורנט רול און לאישה אנטי פרספירנט שאוור 50 מ""ל","יוניליוור אנגליה, דרך קו",GB,דאו.רקסונה,מיליליטרים,50.00,"100 מ""ל",false,1,17.90,35.80,true,1,
59455233,false,סיגריות ווג ליידי כח,Unknown,PL,ווג כחול,יחידה,1.00,יחידה,false,0,39.00,39.00,false,1,
72917367,false,טעמי חטיף במילוי קרם נוגט וקרמל,"שטראוס גרופ בע""מ",IL,חטיף טעמי,גרמים,40.00,100 גרם,false,0,4.50,11.25,true,1,
72940754,false,"מילקי מעדן וניל עם קצפת שטראוס 133 מ""ל","שטראוס גרופ בע""\מ",IL,מילקי טעם וניל,מיליליטרים,170.00,"100 מ""ל",false,0,3.10,1.82,true,1,
72940761,false,"מילקי מעדן שוקולד עם קצפת שטראוס 133 מ""ל",מיוצר עי קונדיטוריית,IL,מילקי טעם שוקולד,מיליליטרים,170.00,"100 מ""ל",false,0,3.10,1.82,true,1,
72940952,false,מעדן מילקי בטעם שוקולד עם אקסטרה קצפת,"שטראוס גרופ בע""\מ",IL,מילקי אקסטרה,מיליליטרים,170.00,"100 מ""ל",false,0,4.10,2.41,true,1,
72941041,false,מעדן מילקי מיני בטעם שוקולד עם קצפת,"שטראוס גרופ בע""\מ",IL,מיני מילקי,מיליליטרים,90.00,"100 מ""ל",false,0,2.20,2.44,true,1,
72945308,false,קוביית שמרים טריים לאפיה שמרית 50 גרם,"פאקא תעשיות בע""\מ",IL,קוביות שמרים,גרמים,50.00,100 גרם,false,0,4.00,8.00,true,1,
72961506,false,יוגורט עם תות 1.5% שומן 125 ג' פרילי,מיוצר עי קונדיטוריית,IL,פרילי תות,גרמים,125.00,100 גרם,false,0,3.90,3.12,true,1,
72963753,false,שמנת אורגינל של פעם 27% שומן 200 ג' תנובה,תנובה מרכז שיתופי לש,IL,שמנת חמוצה תנובה,גרמים,200.00,100 גרם,false,0,4.20,2.10,true,1,
72986370,false,"גלידת בן & ג'ריס פיינטים וניל 500מ""ל",מוצרי איכות אמריקאיים,IL,גלידה בן & ג'ריס,מיליליטרים,500.00,"100 מ""ל",false,0,23.90,4.78,true,1,
72986424,false,"גלידת בן & ג'ריס פיינטים קרם עוגיות 500מ""ל",מוצרי איכות אמריקאיים בע,IL,גלידה בן & ג'ר,מיליליטרים,500.00,"100 מ""ל",false,0,23.90,4.78,true,1,
72986448,false,"גלידת בן & ג'ריס פיינטים טופי קראנץ 500מ""ל",מוצרי איכות אמריקאיים בע,IL,גלידה בן & ג'ר,מיליליטרים,500.00,"100 מ""ל",false,0,23.90,4.78,true,1,
72986455,false,"ניו יורק סופר גלידת שוקולד, חתיכות פאדג' ואגוזים",מוצרי איכות אמריקאיים בע,IL,גלידה בן & ג'ר,מיליליטרים,500.00,"100 מ""ל",false,0,23.90,4.78,true,1,
72986479,false,"צ'אנקי מנקי גלידת וניל, בננות, חתיכות פאדג' ואגוזים",מוצרי איכות אמריקאיים בע,IL,גלידה בן & ג'ר,מיליליטרים,500.00,"100 מ""ל",false,0,23.90,4.78,true,1,
72991008,false,חטיף פסק זמן במילוי ופל מגולגל 45 גרם,"שטראוס גרופ בע""מ",IL,פסק זמן חלב,גרמים,45.00,100 גרם,false,0,5.50,12.22,true,1,
72991374,false,סיגריות טיים רד חפיס,דובק,IL,טיים רד,יחידה,1.00,יחידה,false,0,30.00,30.00,false,1,
72991404,false,סיגריות אירופה חפיסה,דובק,IL,סגריות אירופה,יחידה,1.00,יחידה,false,0,29.00,29.00,false,1,
72991459,false,סיגריות גולף לייט חפ,דובק,IL,גולף 80,יחידה,1.00,יחידה,false,0,30.00,30.00,false,1,
72991497,false,קופסה נובלס ירוק כהה,קריות זול,IL,נובלס פילטר,יחידה,1.00,יחידה,false,0,29.00,29.00,false,1,
72991527,false,מוסטאנג רד חפיסה,"דובק בע""מ",IL,מוסטנג רד,יחידה,1.00,יחידה,false,0,25.00,25.00,false,1,
72993637,false,מעדן חלב בטעם שוקולד 125 ג' דני,"שטראוס גרופ בע""\מ",IL,דני שוקולד 1.5%,גרמים,125.00,100 גרם,false,0,2.90,2.32,true,1,
72994061,false,חטיף פסק זמן GOOD גלילית לבן 40 גרם,שולן צ'\יקולטה גידה סאן.,TR,פסק זמן 2 גוד,גרמים,36.00,100 גרם,false,0,5.50,15.28,true,1,
72994313,false,סיגריות רויאל כחול ח,דובק,IL,רויאל כחול,יחידה,1.00,יחידה,false,0,25.00,25.00,false,1,
76136184,false,סיגריות פאל מל סלימס כחול בודד,Unknown,CH,פאלמאל סופר סלימ,יחידה,1.00,יחידה,false,0,31.50,31.50,false,1,
80273561,false,פלפל שחור במטחנה 45 גר ארומה דה טוסקנה,דרוגיה ואלימנטרי אס.אר.א,IT,פלפל שחור,גרמים,45.00,100 גרם,false,0,13.80,30.67,true,1,
80273660,false,שום במטחנה 50 גר ארומה דה טוסקנה,דרוגיה ואלימנטרי אס.אר.א,IT,שום במטחנה,גרמים,50.00,100 גרם,false,0,13.80,27.60,true,1,
80310891,false,ג'וי ביצת הפתעה קינדר 20 גרם,קריות זול,ZA,ביצת הפתעה,גרמים,20.00,100 גרם,false,0,6.80,34.00,true,1,
80473206,false,פפריקה מתוקה אורגנית 50 גרם קנהמלה,קנהמלה,IT,פפריקה מתוקה,גרמים,50.00,100 גרם,false,1,14.90,29.80,true,1,
80651000,false,שום צילי במטחנה 30 גרם ארומה דה טוסקנה,דרוגיה ואלימנטרי אס.אר.א,IT,שום וצ'ילי מטח,גרמים,30.00,100 גרם,false,0,13.80,46.00,true,1,
80773429,false,מנטוס בקבוק מעוגל - מסטיק ללא סוכר בטעם תות 60 גרם,"פרפטי ואן מלה ג'\ידה,סאן",TR,מנטוס בקבוק,גרמים,60.00,100 גרם,false,1,10.90,18.17,true,1,
80773443,false,מנטוס בקבוק מעוגל - מסטיק ללא סוכר בטעם מנטה 60 גרם,"פרפטי ואן מלה ג'\ידה,סאן",TR,מסטיק מנטוס,גרמים,60.00,100 גרם,false,1,10.90,18.17,true,1,
80780595,false,מסטיק מנטוס ביג בבקבוק מעוגל טעם מנטה-עדינה 90 ג',פרפטי ואן מלה הולנד,TR,מסטיק מנטוס,גרמים,90.00,100 גרם,false,1,18.60,20.67,true,1,
80790990,false,מסטיק מנטוס בבקבוק מעוגל בטעם פירות -מנטה 60 ג',"פרפטי ואן מלה ג'\ידה,סאן",TR,מסטיק מנטוס,גרמים,60.00,100 גרם,false,1,10.90,18.17,true,1,
80820970,false,שוקולד חלב ממולא קרם קרמל ועלי וופל פריכ,לואקר,IT,וופל טורטינה,גרמים,21.00,100 גרם,false,1,5.00,23.81,true,1,
80831402,false,סוכרית מנטוס מנטה עדינה ללא סוכר 21 גרם Clean Breath,פרפטי ואן מלה,NL,סוכריות מנטה,גרמים,21.00,100 גרם,false,1,6.90,32.86,true,1,
80843184,false,מנטוס מסטיק פיור פרש בטעם ענבים 60גר,פרפטי ואן מלה הולנד,TR,מסטיק מנטוס,גרמים,60.00,100 גרם,false,1,10.90,18.17,true,1,
80854753,false,סוכרית מנטוס מנטה ללא סוכר 21 גרם Clean Breath,פרפטי ואן מלה,NL,סוכריות מנטוס,גרמים,21.00,100 גרם,false,1,6.90,32.86,true,1,
80864295,false,סוכריות פיור וויט טעם מנטה עדינה 60 ג' מנטוס,"פרפטי ואן מלה ג'ידה,סאן",TR,מנטוס פיור וויט,גרמים,60.00,100 גרם,false,1,10.90,18.17,true,1,
80874652,false,קינדר קלפים בודד 25.6 גר',פררו,IT,קינדר קארדס,גרמים,26.00,100 גרם,false,1,4.30,16.54,true,1,
80896081,false,מנטוס בקבוק מעוגל - מסטיק ללא סוכר בטעם אבטיח 60 גרם,"פרפטי ואן מלה ג'\ידה,סאן",TR,מנטוס בקבוק,גרמים,60.00,100 גרם,false,1,10.90,18.17,true,1,
80913467,false,מנטוס בקבוק מעוגל - מסטיק ללא סוכר בטעם מנטה,פרפטי ואן מלה הולנד,TR,מסטיק מנטוס,גרמים,60.00,100 גרם,false,1,10.90,18.17,true,1,
80926481,false,מסטיק מנטוס פיור פרש בבקבוק בינוני בטעם אבטיח 90ג',"פרפטי ואן מלה ג'ידה,סאן",TR,מסטיק מנטוס,גרמים,90.00,100 גרם,false,1,18.60,20.67,true,1,
80945468,false,סוכריות פיור וויט טעם מנטה מתוקה 60 ג' מנטוס,"פרפטי ואן מלה ג'ידה,סאן",TR,מנטוס פיור וויט,גרמים,60.00,100 גרם,false,1,10.90,18.17,true,1,
80974215,false,מסטיק מנטוס פיור פרש בבקבוק ביג בטעם תות 90ג',"פרפטי ואן מלה ג'ידה,סאן",TR,מסטיק מנטוס,גרמים,90.00,100 גרם,false,1,18.60,20.67,true,1,
80979128,false,מנטוס בקבוק מעוגל - מסטיק ללא סוכר בטעם דובדבן,פרפטי ואן מלה הולנד,TR,מסטיק מנטוס,גרמים,60.00,100 גרם,false,1,10.90,18.17,true,1,
80982470,false,מסטיק מנטוס פיור פרוסט בטעם מנטה חזק 60 גר',פרפטי ואן מלה ברדה,TR,מסטיק מנטוס,גרמים,60.00,100 גרם,false,1,10.90,18.17,true,1,
80986348,false,סוכריות פיור וויט טעם מנטה 60 ג' מנטוס,"פרפטי ואן מלה ג'ידה,סאן",TR,מנטוס פיור וויט,גרמים,60.00,100 גרם,false,1,10.90,18.17,true,1,
87108538,false,סוכריות בטעם תות מנטוס 37.5 גרם,הדקלאים אגודת שיתופי,NL,מנטוס תות,גרמים,37.00,100 גרם,false,0,4.00,10.81,true,1,
87108651,false,סוכריות בטעם מנטה מנטוס 4*37.5 גרם,הדקלאים אגודת שיתופי,NL,מנטוס מנטה 4 יח',גרמים,150.00,100 גרם,false,0,11.90,7.93,true,1,
87108712,false,סוכריות בטעם פירות מנטוס 4*37.5 גרם,פרפטי ואן מלה ברדה,NL,מנטוס פירות 4,גרמים,150.00,100 גרם,false,0,11.90,7.93,true,1,
87311396,false,מנטוס ריינבאוו סוכריות לעיסה בטעמי פירות,פרפטי ואן מלה ברדה,NL,מנטוס ריינבאו,גרמים,37.00,100 גרם,false,0,4.00,10.81,true,1,
87354041,false,סוכריות מנטוס גליל בטעם דובדבן,פרפטי ואן מלה,NL,סוכריות מנטוס,גרמים,37.00,100 גרם,false,1,4.00,10.81,true,1,
90087011,true,מיץ 100% תפוחי עץ 1 ליטר,ראוך פרוכטסאפטה,AT,"מיץ תפו""ע",ליטרים,1.00,ליטר,false,1,13.90,13.90,true,1,
90087066,true,מיץ 100% תפוזים 1 ליטר,ראוך פרוכטסאפטה,HU,מיץ תפוזים,ליטרים,1.00,ליטר,false,0,13.90,13.90,true,1,
90087271,true,נקטר דומדמניות שחורות 1,תומר,HU,נקטר דומדמניות,ליטרים,1.00,ליטר,false,0,13.90,13.90,true,1,
90087769,true,מיץ 100% אננס 1 ליטר,ראוך פרוכטסאפטה,HU,מיץ אננס,ליטרים,1.00,ליטר,false,0,13.90,13.90,true,1,
90087974,true,"חומץ טבעי מתפוחים 750מ""ל",GMBH FRUCHTSAFTE RAUCH,AT,חומץ תפוחי עץ,מיליליטרים,750.00,"100 מ""ל",false,0,15.90,2.12,true,1,
90162602,true,רד בול משקה אנרגיה פח250,רד בול ג'\י.אם.בי. אץ'\,AT,רד בול,מיליליטרים,250.00,"100 מ""ל",false,0,7.20,2.88,true,1,
8112100298,false,"שמן שומשום טהור מזרח ומערב 185 מ""ל",Flavor full foods in,TW,שמן שומשום,מיליליטרים,185.00,"100 מ""ל",false,0,15.90,8.59,true,1,
11182700954,false,קינג קול שעועית שחורה 439 גרם,האנאובר פודס קורפורשיין,US,שעועית שחורה439ג,גרמים,439.00,100 גרם,false,1,10.90,2.48,true,1,
11210000094,false,רוטב טבסקו אדום 60 גרם,מקאילהייני אייבורי,US,רוטב טבסקו,מיליליטרים,60.00,"100 מ""ל",false,0,12.80,21.33,true,1,
11210618503,false,"רוטב טבסקו על בסיס פלפל סקורפיון 60מ""ל",מק. אילהיני קו,US,טבסקו סקורפיון,מיליליטרים,60.00,"100 מ""ל",false,1,16.90,28.17,true,1,
12300103138,false,סיגריות כאמל בוקס פק,Unknown,CH,כאמל צהוב בוקס,יחידה,1.00,יחידה,false,0,343.40,343.40,false,1,
16000185517,false,דגני בוקר פייבר וואן עתירי סובין FIBRE1,בטר אנד דיפרנט,US,דגני פייבר וואן,גרמים,555.00,100 גרם,false,1,26.90,4.85,true,1,
16000423534,false,חטיפי גרנולה קראנצ'י עם שיבולת שועל ושוקולד מריר נייצ'ר ואלי 5*42 גרם,ג'נרל מילס סאן אדריאן,ES,חטיף נייצ'ר ואלי,גרמים,210.00,100 גרם,false,0,21.90,10.43,true,1,
16000548404,false,חטיפי גרנולה קראנצ'י עם שיבולת שועל ודבש נייצ'ר ואלי 5*42 גרם,ג'נרל מילס סאן אדריאן,ES,חטיף נייטשר ואלי,גרמים,210.00,100 גרם,false,0,21.90,10.43,true,1,
16000548503,false,חטיפי גרנולה קראנצ'י עם מייפל וסוכר חום נייצ'ר ואלי 5*42 גרם,ג'נרל מילס סאן אדריאן,ES,חטיף נייטשר ואלי,גרמים,210.00,100 גרם,false,0,21.90,10.43,true,1,
21723339994,false,"רוטב דגים 300מ""ל (טיפרוס) (כ)",טאנג סאנג ראר קי,TH,רוטב דגים,גרמים,300.00,100 גרם,false,0,11.90,3.97,true,1,
22200956932,false,דאודורנט ספיד סטיק גל 24/7 כחול 85 גר,הנסיך- מפעל לייצור ט,US,דאודורנט ג'ל,גרמים,85.00,100 גרם,false,0,17.90,21.06,true,1,
22200956949,false,דאודורנט ג'ל כתום לגבר ספיד סטיק 85 גרם,קולגייט-פלמוליב,US,דאודורנט,גרמים,85.00,100 גרם,false,0,17.90,21.06,true,1,
25700005650,false,זיפלוק שקיות הקפאה גדולות 14 יחידות,אס.סי.גונסון ובניו,US,שקיות הקפאה,יחידה,1.00,יחידה,false,1,10.90,10.90,true,1,
25700005674,false,זיפלוק שקיות אחסון סליידר גדולות 15 יחידות,אס.סי.ג'\ונסון מידרכט,US,שקיות אחסון,יחידה,1.00,יחידה,false,1,18.50,18.50,true,1,
25700005681,false,זיפלוק שקיות אחסון סליידר בינוניות 20 יחידות,אס.סי גונוסון,US,שקיות אחסון,יחידה,1.00,יחידה,false,1,18.50,18.50,true,1,
25700005698,false,זיפלוק שקיות אחסון בינוניות 24 יחידות,אס.סי.גונסון ובניו,US,שקיות אחסון,יחידה,1.00,יחידה,false,1,10.90,10.90,true,1,
31290140107,false,גודייבה אצבעות שוקולד 72% 90 גרם,"אולקר מקבוצת פלאדיס, ציק",TR,שוקולד גודייבה,גרמים,90.00,100 גרם,false,1,15.90,17.67,true,1,
31290140190,false,גודייבה אצבעות שוקולד מריר עם נגיעות מלח ים 90 גרם,"אולקר מקבוצת פלאדיס, ציק",TR,שוקולד גודייבה,גרמים,90.00,100 גרם,false,1,15.90,17.67,true,1,
34000544028,false,סוכריות ארוכות בטעם תות טוויזלרס Twizzlers,ליימן מותגים,US,טוויזלרס טעם תות,גרמים,198.00,100 גרם,false,0,8.80,4.44,true,1,
35000458476,false,קולגייט מברשת שיניים ילדים מארז רביעייה,קולגייט פלמוליב,VN,מברשת קולגייט,יחידה,1.00,יחידה,false,1,25.90,25.90,true,1,
36000183399,false,"ליטל סווימרס בגד-ים חד פעמי 7-15 ק""ג M האגיס",חוגלה קימברלי,CZ,חיתול שחיה האגיס,יחידה,1.00,יחידה,false,0,32.90,32.90,true,1,
36000516876,false,ממחטות נייר קלינקס לושן 3 שכבות 75 דף,חוגלה קימברלי,US,קלינקס לושן,יחידה,1.00,יחידה,false,1,13.90,13.90,true,1,
36000516890,false,ממחטות אף עם אלוורה + ויטמין E תלת שכבתי,חוגלה קימברלי,US,קלינקס לושן,יחידה,1.00,יחידה,false,1,21.90,21.90,true,1,
37600207188,false,חמאת בוטנים קלאסי סקיפי 462 גרם,חברת המזון אלגוד,US,חמאת בוטנים,גרמים,462.00,100 גרם,false,0,20.90,4.52,true,1,
37600207256,false,חמאת בוטנים עם שברי בוטנים סקיפי 462 גרם,חברת המזון אלגוד,US,חמאת בוטנים,גרמים,462.00,100 גרם,false,0,20.90,4.52,true,1,
38000138638,false,חטיף צ'יפס פרינגלס פיצה 158 גרם,פרינגלס מנופקצ'ורינג קונ,US,פרינגלס פיצה,גרמים,158.00,100 גרם,false,1,10.60,6.71,true,1,
38000138720,false,חטיף צ'יפס פרינגלס ראנץ 158 גרם,פרינגלס מנופקצ'ורינג קונ,US,פרינגלס ראנץ,גרמים,158.00,100 גרם,false,1,10.60,6.71,true,1,
38000169663,false,פרינגלס אורגינל 194 גרם,פרינגלס מניופקצ'\ורינג ק,US,פרינגלס אורגינל,גרמים,194.00,100 גרם,false,1,11.90,6.13,true,1,
38000197840,false,פרינגלס גלי בטעם חריף מתוק 137 ג',פרינגלס מניופקצ'\ורינג ק,US,חטיף פרינגלס,גרמים,137.00,100 גרם,false,1,10.60,7.74,true,1,
38000202278,false,חטיף צ'יפס גלי בטעם אורגינל מלוח,פרינגלס מניופקצ'\ורינג ק,US,פרינגלס גלי בטעם,גרמים,130.00,100 גרם,false,1,10.60,8.15,true,1,
38000232152,false,פרינגלס חטיפי תפוח אדמה בטעם ברביקיו 158 גרם,פרינגלס מנופקצ'ורינג קומ,US,פרינגלס ברביקיו,גרמים,158.00,100 גרם,false,1,10.60,6.71,true,1,
38000232176,false,פרינגלס ביג שמנת בצל 158 גרם,פרינגלס מנופקצ'ורינג קונ,US,פרינגלס שמנת בצל,גרמים,158.00,100 גרם,false,1,10.60,6.71,true,1,
38000232183,false,פרינגלס ביג אורגינל 149 גרם,פרינגלס מנופקצ'ורינג קונ,US,פרינגלס אורגינל,גרמים,149.00,100 גרם,false,1,10.60,7.11,true,1,
38527591053,false,קואקר דגנים מרובעים שיבולת שועל וקינמון,קוואקר אוטס קומפני,US,דגנים מרובעים,גרמים,412.00,100 גרם,false,0,24.90,6.04,true,1,
38527591060,false,דגני קוואקר מרובעים Quaker Squares עם סוכר חום,קוואקר אוטס קומפני,US,דגנים מרובעים,גרמים,412.00,100 גרם,false,0,24.90,6.04,true,1,
40000512943,false,סוכריות אם אנד אמס M&M שוקולד חלב,M&M אם אנד אם,US,עדשים מ&מ'ס,גרמים,303.00,100 גרם,false,1,21.90,7.23,true,1,
40000514480,false,M&M אריזה קטנה's שוקולד אריזה קטנה 48 גרם,M&M אם אנד אם,US,עדשי מ&מ'ס,גרמים,48.00,100 גרם,false,1,6.00,12.50,true,1,
40000514510,false,M&M אריזה קטנה's בוטנים אריזה קטנה 49 גרם,M&M אם אנד אם,US,עדשי מ&מ'ס,גרמים,49.00,100 גרם,false,1,6.00,12.24,true,1,
41390001079,false,"רוטב סויה קיקומן מופחת נתרן 444 מ""ל",קיקומן פודז אינק,US,רוטב סויה,מיליליטרים,444.00,"100 מ""ל",false,0,21.90,4.93,true,1,
46214731552,false,עוגיות שוקולד צ'יפס 37% גודיס 225 גרם,קריניציה ויטמינה אס,NL,עוגיות ש.צ'יפס,גרמים,225.00,100 גרם,false,0,10.90,4.84,true,1,
50000170180,false,מזון חתולים פריסקיז עוף ברוטב 156 גרם,נסטלה פורינה USA קר,US,פריסקיז לחתול,גרמים,156.00,100 גרם,false,0,6.60,4.23,true,1,
50000429042,false,מזון חתולים כבד מעודן ועוף פנסי פיסט 85 גרם,נסטלה פורינה USA ג',US,פנסי פיסט חתול,גרמים,85.00,100 גרם,false,0,6.50,7.65,true,1,
50000429646,false,פריסקיז פנסי פיסט לח דג אוקיאנוס 85 גרם,נסטלה פורינה USA ג',US,פנסי פיסט לחתול,גרמים,85.00,100 גרם,false,0,6.50,7.65,true,1,
50000445691,false,מזול חתולים פריסקיז עוף וסלמון ברוטב 156 גרם,נסטלה פורינה USA קר,US,פריסקיז נתחי עוף,גרמים,156.00,100 גרם,false,0,6.60,4.23,true,1,
51500017005,false,סמארקס חמאת בוטנים 454 גר,סמאקרס,US,חמאת בוטנים טבעי,גרמים,454.00,100 גרם,false,1,20.90,4.60,true,1,
51500017470,false,גובר חמאת בוטנים עם ג'לי ענבים 340 גר,,US,חמאת בוטנים,גרמים,340.00,100 גרם,false,1,20.90,6.15,true,1,
52100002453,false,תערובת תיבול לסטייק 96 גר,מקורמיק,US,תערובת תיבול,גרמים,96.00,100 גרם,false,1,19.90,20.73,true,1,
52100005966,false,גבישי שום מקורמיק 85 גרם,מקרומיק,US,גבישי שום,גרמים,85.00,100 גרם,false,1,27.90,32.82,true,1,
52100030043,false,פלפל שחור טחון גס 42 גרם,מקורמיק אנ גו,US,פלפל שחור טחון,גרמים,42.00,100 גרם,false,1,20.90,49.76,true,1,
64144090020,false,"ספריי שמן PAM בטעם שמן זית 141 מ""ל",קונאגרה פודס,US,תרסיס שמן זית,מיליליטרים,148.00,"100 מ""ל",false,0,21.00,14.19,true,1,
64144090051,false,"ספריי שמן PAM קנולה אורגינל 148 מ""ל",קונאגרה פודס,US,תרסיס שמן קנולה,מיליליטרים,148.00,"100 מ""ל",false,0,21.00,14.19,true,1,
70177077563,false,תה ארל גריי 25 שקיות טוינינגס 50 גר,אר. טווינינגס אנד קומפני,PL,תה ארל גריי,גרמים,50.00,100 גרם,false,1,19.90,39.80,true,1,
70177077693,false,תה אנגליש ברקפסט 25 שקיות טוינינגס 50 גר,אר. טווינינגס אנד קומפני,PL,תה אינגליש ברקפס,גרמים,50.00,100 גרם,false,1,19.90,39.80,true,1,
70177078904,false,תה אנגליש ברקפסט 50 שקיות טוינינגס,אר. טווינינגס אנד קומפני,PL,תה אינגליש ברקפס,גרמים,100.00,100 גרם,false,1,37.90,37.90,true,1,
70177078966,false,תה ארל גריי 50 שקיות טוינינגס,אר. טווינינגס אנד קומפני,PL,תה ארל גריי,גרמים,100.00,100 גרם,false,1,37.90,37.90,true,1,
70177086664,false,תה ירוק טהור 25 שק TWININGS,אר. טווינינגס אנד קומפני,PL,תה ירוק טהור,גרמים,50.00,100 גרם,false,1,21.90,43.80,true,1,
70177173203,false,תה ירוק עם מנטה 25 שק. טוינינגס,אר. טווינינגס אנד קומפני,PL,תה ירוק מנטה,גרמים,38.00,100 גרם,false,1,21.90,57.63,true,1,
70177177669,false,חליטה למון גינגר 30 גרם טווינינג,אר. טווינינגס אנד קומפני,PL,חליטת למון+גינגר,גרמים,30.00,100 גרם,false,1,18.90,63.00,true,1,
70177273330,false,חליטת ורבנה 37.5 גרם טווינינג,טווינינג,PL,חליטת לואיזה,גרמים,30.00,100 גרם,false,1,18.90,63.00,true,1,
72600062306,false,הרס חטיף במבה בטעם גבינה 198 גרם,הר פודס,US,חטיף תירס גבינה,גרמים,198.00,100 גרם,false,1,24.90,12.58,true,1,
76840002542,false,"גלידת בן & ג'ריס פיינט נטפליקס וצ'ילד 500מ""ל",מוצרי איכות אמריקאיים בע,IL,גלידת נטפליקס צי,מיליליטרים,500.00,"100 מ""ל",false,1,23.90,4.78,true,1,
76840100583,false,"גלידת וניל עם בצק עוגיות בן וג'ירי 473 מ""ל",מוצרי איכות אמריקאיים בע,IL,גל.בןאנדג'ריס,מיליליטרים,473.00,"100 מ""ל",false,0,23.90,5.05,true,1,
76840400218,false,"גלידה בן&ג'ריס תות שדה ועוגת גבינה 500מ""ל",מוצרי איכות אמריקאיים בע,IL,גל.עוגת גבינ.תות,גרמים,420.00,100 גרם,false,0,23.90,5.69,true,1,
77245110610,false,סוכריות מאסט ללא סוכר בטעם מנטה 80 ג'עלית,MIESZKO S.A - MS. JO,PL,סוכריות מאסט,גרמים,80.00,100 גרם,false,0,8.90,11.13,true,1,
77975094631,false,סניידרס סנדוויץ' בייגלה במילוי קרם בטעם צ'דר 226 גרם,סניידרס לאנס,US,בייגלה סניידרס,גרמים,226.00,100 גרם,false,1,17.70,7.83,true,1,
77975094761,false,סניידרס חטיפים על בסיס קמח חיטה בטעם גבינת צ'דר,סניידרס אוף האנובר,US,חטיף סניידרס,גרמים,340.00,100 גרם,false,1,17.70,5.21,true,1,
77975094778,false,שברי בייגלה סניידרס בטעם דבש חרדל 340 גר,סניידרס אוף האנובר,US,סניידרס דבש חרדל,גרמים,340.00,100 גרם,false,1,17.70,5.21,true,1,
87752005644,false,"יין מוסקטו ברטנורה 750 מ""ל",מיסזקו אס.איי,IT,יין מוסקטו,מיליליטרים,750.00,"100 מ""ל",false,0,52.10,6.95,true,1,
87752014271,false,"ברטנורא רוסו טוסקנו יין אדום 750 מ""ל",מיסזקו אס.איי,IT,ברטנורא טוסקנו,מיליליטרים,750.00,"100 מ""ל",false,0,41.90,5.59,true,1,
87752026892,false,ברטנורא מוסקטו מבעבע250מ,ארלדיקה,IT,ברטנורא מוסקטו,מיליליטרים,250.00,"100 מ""ל",false,1,18.90,7.56,true,1,
305210256712,false,וזלין לשפתיים אורגינל 0.25 אונקיה,"יוניליוור ג'ונסבורו,",US,וזלין לשפתיים או,יחידה,1.00,יחידה,false,1,14.90,14.90,true,1,
305213079004,false,"תחליב גוף להזנה עמוקה צהוב וזלין 600 מ""ל","יוניליוור, ג'פרסון סיטי,",US,קרם גוף ואלין,מיליליטרים,600.00,"100 מ""ל",false,1,19.90,3.32,true,1,
308910525744,false,אטריות אורז דקות 454 גרם ורמיצ'לי (כ),ליאן תאי רייס,TH,איטריות אורז,גרמים,454.00,100 גרם,false,0,11.90,2.62,true,1,
605453120277,false,מקלות סורימי קפוא 454 גרם,.,US,מקלות סורימי,גרמים,454.00,100 גרם,false,1,29.90,6.59,true,1,
605453520961,false,סורימי דליקטס שרימפס 300 גר,אל.אם פודס,US,סורימי דליקטס,גרמים,300.00,100 גרם,false,1,29.90,9.96,true,1,
608614315529,false,פסיפלורה יחידה,משק דניאל'ס,IL,פסיפלורה,יחידה,1.00,יחידה,false,1,16.90,16.90,true,1,
628154383659,false,דגני בוקר פרוטי פבלס פוסט 311 גרם,פוסט ארצות הברית,US,דגני פרוטי פבלס,גרמים,311.00,100 גרם,false,1,23.70,7.62,true,1,
645173911038,false,מלפפון קורנישון מיני בצנצנת 720ג',קלמן אינדיה פי וי סי,IN,מלפפ.קורנישונים,גרמים,670.00,100 גרם,false,0,11.90,1.78,true,1,
649660432020,false,היל וויו שזיפים מיובשים מגולענים 567 גרם,היל ויו פקינג קומפני,US,שזיף מיובש,גרמים,567.00,100 גרם,false,1,21.90,3.86,true,1,
724049694616,false,רבל פלור לאישה אדפ100מל,,FR,רבל פלור לאישה,מיליליטרים,100.00,"100 מ""ל",false,0,99.00,99.00,true,1,
724049696276,false,פנטזי אינטנס אדפ 100 מל,,FR,פנטזי אינטנס אד,מיליליטרים,100.00,"100 מ""ל",false,1,99.00,99.00,true,1,
728229123590,false,טרה אורגינל חטיף על בסיס ירקות שורש בטעם טבעי 110 גרם,הונדורס צ'יפס יצור א,HN,צ'יפס,גרמים,110.00,100 גרם,false,0,15.90,14.45,true,1,
728229123811,false,טרה חטיף על בסיס ירקות שורש בתיבול ים תיכוני 110 גרם,הונדורס צ'יפס יצור א,HN,צ'יפס מתובל,גרמים,110.00,100 גרם,false,0,15.90,14.45,true,1,
801541512324,false,תה טולסי כורכום ג'ינגר25,אורגניק אינדיה,IN,טולסי 25 שק.,גרמים,47.00,100 גרם,false,1,12.90,27.45,true,1,
801541514243,false,חליטת טולסי יסמי 1.7*25ג,אורגניק אינדיה,IN,חליטת יסמין,יחידה,1.00,יחידה,false,1,12.90,12.90,true,1,
818570007066,false,"פיור וניל טהור 29 מ""ל ""ווטקינס""","ג'יי אר ווטקינס בע""מ",US,תמצית וניל טהור,מיליליטרים,29.00,"100 מ""ל",false,1,32.90,113.45,true,1,
835811007494,false,ג'לטין טהור מדגים14X2גרם,גואנגדונג מיניאנג,TW,ג'לטין טהור,גרמים,28.00,100 גרם,false,0,11.30,40.36,true,1,
839762000658,false,איילנד גויאבה המשקה של חופי סיני 1 ליטר,The Egyptian Co. for,EG,נקטר איילנד,ליטרים,1.00,ליטר,false,0,10.90,10.90,true,1,
850004207789,false,מיטבולס ביונד מיט 290 גרם,תאי פרזידנט פוד פאבל,US,מיטבולס ביונד מי,גרמים,290.00,100 גרם,false,1,34.90,12.03,true,1,
850006036028,false,מאפה חיטה מקלונים בטעם סלק בצל 400 ג' עבאדי,עבאדי,IL,מקלונים עבאדי,גרמים,400.00,100 גרם,false,1,14.80,3.70,true,1,
851621000050,false,בירה חיטה בטעם הדרים 1664 בלאנק - שישייה,קרלסברג ספליי קומפאני פו,PL,בירה בלאנק 6 יח,ליטרים,1.98,ליטר,false,1,42.90,21.66,true,1,
854571007070,false,חט.קינואה שוקולד+אוכמנ57,אנדרקובר שוקולד,US,חטיף קינואה,גרמים,57.00,100 גרם,false,1,14.90,26.14,true,1,
855074007086,false,פלפלון ביס בשקית יחידה,קטיף.,IL,פלפלון ביס בשקית,גרמים,200.00,100 גרם,false,1,8.90,4.45,true,1,
856591000062,false,עוגיות מזרחיות עם מלח עבאדי 400 גרם,מאפיית יוסף ושמחה עבאדי,IL,עוגיות מזרחיות,גרמים,400.00,100 גרם,false,0,15.90,3.98,true,1,
856591000109,false,עוגיות מזרחיות פריך במיוחד עבאדי 400 גרם,מאפיית יוסף ושמחה עבאדי,IL,עוגיות מזרחיות,גרמים,400.00,100 גרם,false,0,15.90,3.98,true,1,
856591000949,false,"מאפה חיטה מלוח ""קטנטנים"" עבאדי 350 גרם",עבאדי,IL,קטנטנים עבאדי,גרמים,350.00,100 גרם,false,1,14.80,4.23,true,1,
856591000956,false,עוגיות קטנטנים של עבאדי טעם גריל 350 גרם,עבאדי,IL,קטנטנים עבאדי,גרמים,350.00,100 גרם,false,1,14.80,4.23,true,1,
856591000970,false,מאפה חיטה עבאדי מקלונים בטעם חריף 400 גר,עבאדי,IL,מקלונים עבאדי,גרמים,400.00,100 גרם,false,1,14.80,3.70,true,1,
884912117625,false,דגני שלווה מצופים בדבש Golden Crisp,הנסיך- מפעל לייצור ט,US,פוסט גולדן קריספ,גרמים,418.00,100 גרם,false,1,23.70,5.67,true,1,
884912342737,false,דגני בוקר קריספי וופל פוסט 326 גרם.,הנסיך- מפעל לייצור ט,US,דגני וופל קריספ,גרמים,326.00,100 גרם,false,1,23.70,7.27,true,1,
884912359155,false,דגני בוקר האני באנצ'ס האני רוסטד פוסט 340 גרם,פוסט ארצות הברית,US,האני באנצס רוסטד,גרמים,340.00,100 גרם,false,1,24.90,7.32,true,1,
884912359414,false,דגני בוקר האני באנצ'ס קינמון פוסט 340 גרם,פוסט ארצות הברית,US,האני באנצס,גרמים,340.00,100 גרם,false,1,24.90,7.32,true,1,
884912359421,false,דגני בוקר האני באנצ'ס מייפל ופקאן פוסט 340 גרם,פוסט ארצות הברית,US,האני באנצס פקאן,גרמים,340.00,100 גרם,false,1,24.90,7.32,true,1,
884912359483,false,דגני בוקר האני באנצ'ס תות פוסט 311 גרם,פוסט ארצות הברית,US,דגני האני בנצ'ס,גרמים,312.00,100 גרם,false,1,24.90,7.98,true,1,
884912365200,false,דגני בוקר אוראו שחור ולבן 311 גרם,פוסט ארצות הברית,US,דגני בוקר אוראו,גרמים,311.00,100 גרם,false,1,23.90,7.69,true,1,
1230000068314,false,בשר טחון מהצומח ביונד מיט 300 גרם,זנברגן וורלד פינסט מיט ב,NL,טחון מן הצומח בי,גרמים,300.00,100 גרם,false,1,39.90,13.30,true,1,
1230000116022,false,המבורגר ביונד מיט מארז זוגות 226 גרם.,ביונד מיט קליפורניה ארהב,US,המבורגר ביונד מי,גרמים,226.00,100 גרם,false,1,39.90,17.65,true,1,
3046920010801,false,שוקולד מריר אקסלנס עם אגוזי לוז,לינדט ושפרונגלי קילשברג,FR,שוקולד אקסלנס,גרמים,100.00,100 גרם,false,1,16.90,16.90,true,1,
3046920028004,false,לינדט שוקולד אקסלנס מריר 70% 100 גר,לינדט ושפרונגלי קילשברג,FR,שוקולד אקסלנס,גרמים,100.00,100 גרם,false,0,16.90,16.90,true,1,
3046920028363,false,לינדט אקסלנס 85% מוצקי קקאו 100 גרם,לינדט ושפרונגלי קילשברג,FR,שוקולד לינדט 85%,גרמים,100.00,100 גרם,false,0,16.90,16.90,true,1,
3046920028752,false,שוקולד לינדט אקסלנס מינט 100 גרם,לינדט ושפרונגלי קילשברג,FR,שוקולד לינדט,גרמים,100.00,100 גרם,false,0,16.90,16.90,true,1,
3046920029674,false,שוקולד לינדט אקסלנס סולט 100 גרם,לינדט ושפרונגלי קילשברג,DE,שוקולד לינדט,גרמים,100.00,100 גרם,false,0,16.90,16.90,true,1,
3046920029681,false,לינדט שוקולד אקסלנס מילד 85% קקאו 100 גר,לינדט ושפרונגלי,DE,שוקולד אקסלנס,גרמים,100.00,100 גרם,false,1,16.90,16.90,true,1,
3046920029759,false,לינדט אקסלנס 90% מוצקי קקאו 100 גרם,לינדט ושפרונגלי קילשברג,DE,שוקולד אקסלנס,גרמים,100.00,100 גרם,false,1,16.90,16.90,true,1,
3059943015104,false,"אירוויק מבשם אויר נטול גז בניחוח פריסיה ויסמין 345 מ""ל",איירוויק Air Wick,PL,אירוויק מבשם,מיליליטרים,345.00,"100 מ""ל",false,0,15.90,4.61,true,1,
3059943015128,false,מבשם אוויר נטול גז אקווה מיסט בניחוח לבנדר פראי ואוויר הרים,הדקלאים אגודת שיתופי,PL,אירוויק מבשם,מיליליטרים,345.00,"100 מ""ל",false,0,15.90,4.61,true,1,
3073781161663,false,גבינה מותכת 18.5% שומן לה וואש קירי,לה וואש קירי La Vache qui rit,FR,לה וואש קירי,גרמים,128.00,100 גרם,false,1,13.90,10.86,true,1,
3073781161687,false,גבינה מותכת לוואש קירי 256 גרם,פרומאג'רי בל דום סאם,FR,לה וואש קירי,גרמים,256.00,100 גרם,false,1,24.90,9.73,true,1,
3073781162790,false,גבינה מותכת בייבי בל 120 גרם,מחלבות בל,FR,גבינת בייבי בל,גרמים,120.00,100 גרם,false,1,22.90,19.08,true,1,
3073781177220,false,גבינה בייבי בל אדום 102גר,מחלבות בל,FR,גבינת בייבי בל,גרמים,102.00,100 גרם,false,1,22.90,22.45,true,1,
3083681142983,false,שעועית עדינה קפואה בונדואל 600 גרם,בונדואל פרוספקטיב אנד די,PT,שעועית עדינה קפו,גרמים,600.00,100 גרם,false,1,23.90,3.98,true,1,
3083681143010,false,אפונת גן קפואה בונדואל 600 גרם,בונדואל פרוספקטיב אנד די,PT,אפונת גן קפואה,גרמים,600.00,100 גרם,false,1,15.90,2.65,true,1,
3083681143041,false,גרעיני תירס קפואים בונדואל 600 גרם,בונדואל פרוספקטיב אנד די,FR,גרעיני תירס קפוא,גרמים,600.00,100 גרם,false,1,16.90,2.82,true,1,
3083681143652,false,פרוסות חציל בגריל קפואים בונדואל 600 גרם,בונדואל פרוספקטיב אנד די,FR,חצלי קפוא בגריל,גרמים,600.00,100 גרם,false,1,26.90,4.48,true,1,
3083681143690,false,פרוסות זוקיני בגריל קפואים בונדואל 600 ג,בונדואל פרוספקטיב אנד די,PT,זוקיני בגריל קפו,גרמים,600.00,100 גרם,false,1,26.90,4.48,true,1,
3083681143720,false,חצאי פלפלים בגריל קפואים בונדואל 600 גרם,בונדואל פרוספקטיב אנד די,FR,פלפלים בגריל,גרמים,600.00,100 גרם,false,1,26.90,4.48,true,1,
3161911229199,false,חמאה צרפתית רכה למריחה אל & ויר 250 גרם,אלל אה וויר,FR,חמאה רכה,גרמים,250.00,100 גרם,false,0,21.90,8.76,true,1,
3161911366429,false,חמאה צרפתית מלוחה רכה למריחה אלוויר 250 גר',ארזינא,FR,חמאה רכה מלוחה,גרמים,250.00,100 גרם,false,0,21.90,8.76,true,1,
3178530417340,false,בראוניז שוקולד סנט מישל 210 גרם,סן מישל,FR,בראוניז אישי 7יח,גרמים,210.00,100 גרם,false,1,14.90,7.09,true,1,
3178530417357,false,בראוניז שוקולד לבן סנט מישל 210 גרם,סן מישל,FR,בראוניז אישי 7יח,גרמים,210.00,100 גרם,false,1,14.90,7.09,true,1,
3267682136176,false,ויסקי היילנד קווין בלנדד 1 ליטר,היילנד קווין קומפני,GB,וויסקי היילנד,ליטרים,1.00,ליטר,false,1,96.90,96.90,true,1,
3387390320244,false,פיטנס דגני בוקר מחיטה מלאה עם פירות נסטלה 375 גרם,נסטלה צרפת איטנקורט,FR,דגני פיטנס,גרמים,375.00,100 גרם,false,0,22.90,6.11,true,1,
3387390525960,false,קראנץ' דגני בוקר עם שוקולד חלב נסטלה 500 גרם,הנסיך- מפעל לייצור ט,FR,קראנץ דגני בוקר,גרמים,500.00,100 גרם,false,0,25.00,5.00,true,1,
3387390730852,false,פיטנס דגנים מחיטה מלאה ואורז נסטלה 375 גרם,נסטלה צרפת איטנקורט,FR,דגני פיטנס,גרמים,375.00,100 גרם,false,0,22.90,6.11,true,1,
3501271140039,false,טאטס ברולה בטעם קולה ופטל 150 ג',ורקה,FR,טופי חמוץ פטל,גרמים,150.00,100 גרם,false,1,16.90,11.27,true,1,
3501271213047,false,טאטס טופי חמוץ בטעם תות תפוח בשקית,ורקה,FR,טופי חמוץ תפוח,גרמים,150.00,100 גרם,false,1,16.90,11.27,true,1,
3501275112001,false,טאטס טופי חמוץ בטעם אקזוטי 150 גר,ורקה,FR,סוכריות חמוצות,גרמים,150.00,100 גרם,false,1,16.90,11.27,true,1,
3523230025638,false,"גבינת עיזים בושה טבעי, 125 גרם",אוריאל,FR,גבינת בושה עיזים,גרמים,125.00,100 גרם,false,0,29.90,23.92,true,1,
3523230026888,false,"גבינת עיזים שום ועשבי תיבול למריחה פירמידה, 140 גרם",סואניון SOIGNON,FR,גבינת עיזים שום,גרמים,140.00,100 גרם,false,1,27.90,19.93,true,1,
3525490011116,false,"יין לה ז'אמל קברנה סוביניון 750 מ""ל",בדט קלמנט,FR,קברנה לה ג'אמל,מיליליטרים,750.00,"100 מ""ל",false,1,54.90,7.32,true,1,
3574660464368,false,קרפרי מגן תחתון אוורירי אלוורה 76 יח'',גונסון אנד גונסון,GR,מגן תחתון קרפרי,יחידה,1.00,יחידה,false,0,20.00,20.00,true,1,
3574660514643,false,קרם לחות רב שימושי עשיר נוטרוגינה 300 מל,ניוטרוג'ינה Neutrogena,IT,"קרם רב""ש",מיליליטרים,300.00,"100 מ""ל",false,0,26.90,8.97,true,1,
3574660571769,false,ניוטרוגינה שפתון לחות SPF20,שסטוביץ,FR,שפתון ניוטרוגינה,יחידה,1.00,יחידה,false,0,24.90,24.90,true,1,
3574661098937,false,נטרוגינה תחליב גוף-יבש סדרה נורווגית,ניוטרוג'ינה Neutrogena,FR,תחליב גוף,מיליליטרים,400.00,"100 מ""ל",false,1,26.90,6.73,true,1,
3574661485218,false,טמפונים נורמל אובה 32 יח' פרוקומפורט,"ש. שסטוביץ בע""\מ",FR,או בה פרוקומפורט,יחידה,1.00,יחידה,false,1,28.90,28.90,true,1,
3574661487625,false,מגני תחתון פלוס לארג' בניחוח עדין L,הדקלאים אגודת שיתופי,IT,מגן תחתון קרפרי,יחידה,1.00,יחידה,false,1,18.90,18.90,true,1,
3574661501901,false,שטיפה אינטימית יומיומית מכיל תה ירוק ואלוורה,קולגייט פלמוליב,IT,שטיפה אינטימית,מיליליטרים,200.00,"100 מ""ל",false,1,21.90,10.95,true,1,
3574661552576,false,קרפרי מגן תחתון רגיל טנגה לבן 56 יח חדש,הדקלאים אגודת שיתופי,GR,מגני תחתון קרפרי,יחידה,1.00,יחידה,false,1,18.90,18.90,true,1,
3574661552811,false,מגן תחתון קרפרי כותון אוורירי 56 יחידות,הדקלאים אגודת שיתופי,GR,מגן תחתון קרפרי,יחידה,1.00,יחידה,false,1,18.90,18.90,true,1,
3574661610344,false,נטרוגינה קרם לחות עשיר ומרוכז לעור יבש ע,גונסון אנד גונסון סנטה ב,IT,ניוטרוג'ינה קרם,מיליליטרים,300.00,"100 מ""ל",false,1,26.90,8.97,true,1,
3574669907729,false,גונסונס בייבי שמפו לתינוק 750 מל,גונסון אנד גונסון,IT,שמפו ג'ונסון,מיליליטרים,750.00,"100 מ""ל",false,1,26.90,3.59,true,1,
3600522550204,false,קרם אנטי-אייג'ינג יום אייג' ספשיאליסט +55,"קרלסרו, גרמניה",DE,קרם יום,מיליליטרים,50.00,"100 מ""ל",false,1,69.90,139.80,true,1,
3600523192724,false,לוריאל - מג'יק ריטאצ' גוון 5 בלונד,לוריאל ליברמו,BE,לוריאל מגיק,מיליליטרים,75.00,"100 מ""ל",false,1,34.90,46.53,true,1,
3600523193141,false,תרסיס לכיסוי שורשי השיער Magic Retouch שחור,לוריאל ליברמו,BE,ספריי צבע שיער,מיליליטרים,75.00,"100 מ""ל",false,1,34.90,46.53,true,1,
3600523193158,false,תרסיס לכיסוי שורשי השיער Magic Retouch חום,לוריאל ליברמו,BE,ספריי לצביעה שיע,מיליליטרים,75.00,"100 מ""ל",false,1,34.90,46.53,true,1,
3600523651870,false,שמפו לחיזוק סיב השערה לכל סוגי השיער,לוריאל - אלביב Elvive,TR,אלביב שמפו,מיליליטרים,550.00,"100 מ""ל",false,1,17.90,3.25,true,1,
3600523651900,false,מרכך לחיזוק סיב השערה לכל סוגי השיער,לוריאל - אלביב Elvive,TR,אלביב מרכך,מיליליטרים,550.00,"100 מ""ל",false,1,17.90,3.25,true,1,
3600523652242,false,"לוריאל - אלביב שמפו קולור פרוטקט 550 מ""ל",לוריאל - אלביב Elvive,TR,אלביב שמפו,מיליליטרים,550.00,"100 מ""ל",false,1,17.90,3.25,true,1,
3600523652259,false,"לוריאל - אלביב מרכך קולור פרוטקט 550 מ""ל",קוסמטיקס,TR,אלביב מרכך,מיליליטרים,550.00,"100 מ""ל",false,1,17.90,3.25,true,1,
3600523652280,false,"לוריאל אלביב שמפו מועשר ב 6 שמנים, 550 מ""ל",לוריאל - אלביב Elvive,TR,אלביב שמפו,מיליליטרים,550.00,"100 מ""ל",false,1,17.90,3.25,true,1,
3600523652297,false,"מרכך לשיער אלביב זהב 6 שמנים , 550 מ""ל",לוריאל - אלביב Elvive,TR,אלביב מרכך,מיליליטרים,550.00,"100 מ""ל",false,1,17.90,3.25,true,1,
3600523782567,false,"לוריאל - אלביב שמפו דרים לונג 500 מ""ל",קוסמטיקס,FR,אלביב שמפו,מיליליטרים,500.00,"100 מ""ל",false,1,17.90,3.58,true,1,
3600523782574,false,לוריאל - אלביב מסכה דרים לונג 300,לוריאל - אלביב Elvive,DE,מסכה לשיער אלביב,מיליליטרים,300.00,"100 מ""ל",false,1,26.90,8.97,true,1,
3600523782581,false,מרכך מתיר קשרים לשיער ארוך ופגום Dream Long,לוריאל - אלביב Elvive,FR,אלביב מרכך,מיליליטרים,500.00,"100 מ""ל",false,1,17.90,3.58,true,1,
3600523816699,false,לוריאל - דרמו פעולה משולשת פרש ג'ל עברית,"קרלסרו, גרמניה",DE,קרם לחות,מיליליטרים,50.00,"100 מ""ל",false,1,49.90,99.80,true,1,
3600524051334,false,"לוריאל - אלביב מרכך היאלורונית 400 מ""ל",לוריאל,FR,אלביב מרכך,מיליליטרים,400.00,"100 מ""ל",false,1,17.90,4.48,true,1,
3600524051570,false,לוריאל - אלביב מסכה היאלורונית 300 מ''ל,DEUT PRODUKTION L\'OREAL,FR,אלביב מסכה,מיליליטרים,300.00,"100 מ""ל",false,1,26.90,8.97,true,1,
3600524055400,false,לוריאל - אלביב שמפו היאלורונית 500 מ''ל,לוריאל,FR,אלביב שמפו,מיליליטרים,500.00,"100 מ""ל",false,1,17.90,3.58,true,1,
3600541029323,false,גרנייה אסנשיאל מסיר איפור 2 ב- 1,SOPROCOS סופרוקוס,FR,ESSENTIALS מסיר,מיליליטרים,200.00,"100 מ""ל",false,0,25.90,12.95,true,1,
3600541382930,false,גרנייה - מים מיסלרים לכל סוגי העור,"קוסמופול, פולין",PL,מים מיסלריים,מיליליטרים,400.00,"100 מ""ל",false,0,30.00,7.50,true,1,
3600541740006,false,"גרנייה דאודורנט ספריי אקשן קונטרול 150 מ""ל","לוריאל ישראל בע""מ",FR,דאו.גרנייה,מיליליטרים,150.00,"100 מ""ל",false,1,12.90,8.60,true,1,
3600541928275,false,מי פנים מיסלריים דו-פאזיים מסיר איפור עמיד במים,"קוסמופול, פולין",PL,מים מיסלריים דו,מיליליטרים,400.00,"100 מ""ל",false,1,30.00,7.50,true,1,
3600541937475,false,גרניה פיור גרגרים מסיכה לעור מעורב עד שמן,לוריאל,FR,גרנייה פיור ניקו,מיליליטרים,150.00,"100 מ""ל",false,1,30.00,20.00,true,1,
3600542365758,false,גרניה בוטניקל מי פנים ענבים 200 מל,"קוסמופול, פולין",DE,מי פנים ענבים,מיליליטרים,200.00,"100 מ""ל",false,1,25.00,12.50,true,1,
3600542365796,false,גרניה בוטניקל גל ניקוי ענבים 200 מל,לוריאל,PL,בוטניקל ג'ל ניקו,מיליליטרים,200.00,"100 מ""ל",false,1,25.00,12.50,true,1,
3600542375801,false,גרניה פיור אקטיב 3ב1 פחם 150 מל,לוריאל,FR,פיור אקטיב 3 ב 1,מיליליטרים,150.00,"100 מ""ל",false,1,30.00,20.00,true,1,
3600542385091,false,"גרנייה - דאודורנט רול און לאישה אקשן קונטרול 72 שעות 50 מ""ל",קוסמופול,PL,רול און גרנייה,מיליליטרים,50.00,"100 מ""ל",false,1,12.90,25.80,true,1,
3600542421676,false,"גרנייה - פרוקטיס היירפוד מרכך בננה 350 מ""ל","אינטרביוטי קוסמטיק בע""\מ",IL,פרוקטיס היירפוד,מיליליטרים,350.00,"100 מ""ל",false,1,12.90,3.68,true,1,
3600542421683,false,"גרנייה - פרוקטיס היירפוד שמפו בננה 350 מ""ל","אינטרביוטי קוסמטיק בע""\מ",IL,פרוקטיס היירפוד,מיליליטרים,350.00,"100 מ""ל",false,1,12.90,3.68,true,1,
3600542431828,false,גרנייה - קולור נטורלס 1 שחור טבעי חדש,לוריאל ישראל קוסמטיקס בע,PL,קולור נטורלס 1,יחידה,1.00,יחידה,false,1,19.90,19.90,true,1,
3600542431835,false,גרנייה - קולור נטורלס 3 חום כהה מאוד חדש,לוריאל ישראל קוסמטיקס בע,PL,קולור נטורלס 3,יחידה,1.00,יחידה,false,1,19.90,19.90,true,1,
3600542431842,false,גרנייה - קולור נטורלס 4 חום כהה טבעי חדש,לוריאל ישראל קוסמטיקס בע,PL,קולור נטורלס 4,יחידה,1.00,יחידה,false,1,19.90,19.90,true,1,
3600542431859,false,גרנייה - קולור נטורלס 5 חום טבעי חדש,לוריאל ישראל קוסמטיקס בע,PL,צבע שיער קולור,יחידה,1.00,יחידה,false,1,19.90,19.90,true,1,
3600542431866,false,גרנייה קולור נטורלס צבע לשיער חום בהיר 6,גרנייה Garnier,PL,קולור נטורלס 6,יחידה,1.00,יחידה,false,1,19.90,19.90,true,1,
3600542431873,false,גרנייה - קולור נטורלס 7 בלונד טבעי חדש,לוריאל ישראל קוסמטיקס בע,PL,קולור נטורלס 7,יחידה,1.00,יחידה,false,1,19.90,19.90,true,1,
3600542431903,false,גרנייה - קולור נטורלס 10 בלונד סופר בהיר חדש,לוריאל ישראל קוסמטיקס בע,PL,צבע לשיער קולו,יחידה,1.00,יחידה,false,1,19.90,19.90,true,1,
3600542431910,false,גרנייה - קולור נטורלס 2.1 שחור כחול חדש,לוריאל ישראל קוסמטיקס בע,PL,קולור נטורלס 2.1,יחידה,1.00,יחידה,false,1,19.90,19.90,true,1,
3600542431972,false,צבע לשיער קולור נטורלס - 111 בלונד אולטרה בהיר אפור,לוריאל ישראל קוסמטיקס בע,PL,קולור נטורלס 111,יחידה,1.00,יחידה,false,1,19.90,19.90,true,1,
3600542431996,false,גרנייה - קולור נטורלס 5.15 חום שוקולד עשיר חדש,יבואן ומשווק: n\לוריאל י,PL,צבע שיער קולור,יחידה,1.00,יחידה,false,1,19.90,19.90,true,1,
3600542432009,false,גרנייה - קולור נטורלס 4.5 חום שוקולד כהה חדש,לוריאל ישראל קוסמטיקס בע,PL,קולור נטורלס 4.5,יחידה,1.00,יחידה,false,1,19.90,19.90,true,1,
3600542432023,false,גרנייה - קולור נטורלס 2 שחור מעודן חדש,קוסמופול,PL,קולור נטורלס 2,יחידה,1.00,יחידה,false,1,19.90,19.90,true,1,
3608580730248,false,קונפיטורה דובדובן 370 ג' בוני מאמן,בון ממן,FR,קונפיטורת דובדבן,גרמים,370.00,100 גרם,false,1,20.90,5.65,true,1,
3608580730255,false,קונפיטורה בטעם משמש 370 גר BONNE MAMAN,בון ממן,FR,קונפיטורת משמש,גרמים,370.00,100 גרם,false,1,20.90,5.65,true,1,
3614229717044,false,"שמן לשיער וולה דלוקס לשיער יבש 100 מ""ל",דיפלומט,FR,וולה שמן לשיער,מיליליטרים,100.00,"100 מ""ל",false,1,34.90,34.90,true,1,
3614229717082,false,וולה מוס לשיער וולה דלוקס למגע חלק כמשי 200 מ,אינטרספריי,FR,וולה מוס מגע משי,מיליליטרים,200.00,"100 מ""ל",false,1,34.90,17.45,true,1,
3614229717099,false,וולה ספריי לשיער וולה דלוקס למגע חלק כמשי 250,אינטרספריי,FR,וולה ספריי לשיער,מיליליטרים,250.00,"100 מ""ל",false,1,36.90,14.76,true,1,
3760032043419,false,"בורדו בוגרד 750 מ""ל",וינובלה,FR,יין בורדו בוגרד,מיליליטרים,750.00,"100 מ""ל",false,1,60.20,8.03,true,1,
3800020472569,false,קיט קט צאנקי קרמל 42 גרם,נסטלה בולגריה,BG,קיט קט צ'אנקי,גרמים,43.00,100 גרם,false,1,4.50,10.47,true,1,
4000415851705,false,שוקולד נוגט טבעי שוגטן 100 גרם,"לודוויג שוקולד בע""\מ",DE,שוקולד נוגט,גרמים,100.00,100 גרם,false,0,6.90,6.90,true,1,
4000415856601,false,שוקולד לבן טבעי שגוטן 100 גרם,"לודוויג שוקולד בע""\מ",DE,שוקולד לבן,גרמים,100.00,100 גרם,false,1,6.90,6.90,true,1,
4000417019004,false,שוקולד חלב אגוזי לוז שלמים ריטר ספורט 100 גרם,ריטר ספורט Ritter sport,DE,שוקולד ריטר,גרמים,100.00,100 גרם,false,0,11.90,11.90,true,1,
4000417022004,false,ריטר ספורט שוקולד חלב מעולה עם צימוקים ואגוזי לוז 100 גרם,ריטר ספורט Ritter sport,DE,שוקולד ריטר,גרמים,100.00,100 גרם,false,0,9.90,9.90,true,1,
4000417025005,false,שוקולד מריר במילוי מרציפן ריטר ספורט 100 גרם,ריטר ספורט Ritter sport,DE,שוקולד ריטר,גרמים,100.00,100 גרם,false,0,9.90,9.90,true,1,
4000417101211,false,גלילי וופל עם קרם אגוזי לוז בציפוי שוקולד חלב,אמיצ'לי Amicelli,AT,חטיף אמיצ'לי,גרמים,150.00,100 גרם,false,1,18.90,12.60,true,1,
4000417222008,false,ריטר ספורט שוקולד חלב עם שברי אגוזים 100 גרם,ריטר ספורט Ritter sport,DE,שוקולד ריטר,גרמים,100.00,100 גרם,false,1,9.90,9.90,true,1,
4000417224002,false,"ריטר ספורט טבלת שוקולד מריר אגוזים, 100 גרם",ריטר ספורט Ritter sport,DE,שוקולד ריטר,גרמים,100.00,100 גרם,false,0,11.90,11.90,true,1,
4000417707000,false,שוקולד חלב מעולה עם שברי קשיו קלוי ומומלח,ריטר ספורט Ritter sport,DE,שוקולד ריטר,גרמים,100.00,100 גרם,false,1,11.90,11.90,true,1,
4000417708007,false,"שוקולד ריטר ספורט מריר שקד, 100 גרם",ריטר ספורט Ritter sport,DE,שוקולד ריטר,גרמים,100.00,100 גרם,false,1,11.90,11.90,true,1,
4000539280726,false,שוקולד לינדט אקסלנס מילד 70% 100 גר,לינדט ושפרונגלי,DE,שוקולד אקסלנס,גרמים,100.00,100 גרם,false,1,16.90,16.90,true,1,
4000539280740,false,לינדט אקסלנס 78% מוצקי קקאו 100 גרם,לינדט ושפרונגלי קילשברג,DE,שוקולד אקסלנס,גרמים,100.00,100 גרם,false,1,16.90,16.90,true,1,
4000607850004,false,שוקולד חלב טבעי שוגטן 100 גרם,"לודוויג שוקולד בע""\מ",DE,שוקולד חלב,גרמים,100.00,100 גרם,false,0,6.90,6.90,true,1,
4000607851001,false,שוקולד חלב אגוזים טבעי שוגטן 100 גרם,"לודוויג שוקולד בע""\מ",DE,שוקולד אגוזים,גרמים,100.00,100 גרם,false,0,6.90,6.90,true,1,
4000607852008,false,שוקולד מריר טבעי שוגטן 100 גרם,"לודוויג שוקולד בע""\מ",DE,שוקולד מריר,גרמים,100.00,100 גרם,false,0,6.90,6.90,true,1,
4000607854606,false,שוקולד לילדים שוגטן 100 גרם,"לודוויג שוקולד בע""\מ",DE,שוקולד ילדים,גרמים,100.00,100 גרם,false,1,6.90,6.90,true,1,
4001432773230,false,בלו ווין מוסקטו 1 ליטר,יקב רמת הגולן,DE,בלו ווין,ליטרים,1.00,ליטר,false,1,47.40,47.40,true,1,
4002448017684,false,"סיליט באנג ספריי ניקוי כללי מסיר אבנית 750 מ""ל",הדקלאים אגודת שיתופי,PL,סיליט באנג ספריי,מיליליטרים,750.00,"100 מ""ל",false,0,16.90,2.25,true,1,
4002720005736,false,מליטה קפה לפילטר פרימיום 250 גרם,המאפיה של הרמן,DE,קפה פילטר מליטה,גרמים,250.00,100 גרם,false,0,20.70,8.28,true,1,
4004666042004,false,"מלרוד מרסס משמיד עובש יעקבי 500 מ""ל",יעקובי,DE,ספריי משמיד עובש,מיליליטרים,500.00,"100 מ""ל",false,1,30.90,6.18,true,1,
4005808366392,false,שפתון ליובש כחול קלאסי לבלו 48 גרם,טרופיקל דגיל תעשיות,IL,שפתון לבלו כחול,יחידה,1.00,יחידה,false,1,12.90,12.90,true,1,
4005808368280,false,שפתון ליובש דובדבן לבלו 48 גרם,טרופיקל דגיל תעשיות,DE,שפתון לבלו,יחידה,1.00,יחידה,false,1,12.90,12.90,true,1,
4005808890507,false,קרם ניוואה סופט צנצנת 200 מל,ניוואה Nivea,ES,קרם ניוואה סופט,מיליליטרים,200.00,"100 מ""ל",false,0,21.90,10.95,true,1,
4005900273482,false,שפתון ליובש אוכמניות לבלו 48 גרם,HELLAS BEIERSDORF,DE,שפתון לבלו,יחידה,1.00,יחידה,false,1,12.90,12.90,true,1,
4005900542557,false,"ניוואה - דאודורנט רול און לאישה בלק אנד וויט 50 מ""ל",ניואה,DE,דאודורנט ניוואה,מיליליטרים,50.00,"100 מ""ל",false,1,16.90,33.80,true,1,
4005900683878,false,לבלו סקראב שפתון פילינג אלוורה בליסטר,ביירסדורף,DE,לבלו סקראב אלורה,יחידה,1.00,יחידה,false,1,12.90,12.90,true,1,
4005900816016,false,"ניוואה - דאודורנט ספריי לאישה פרש טבעי לאישה 150 מ""ל",טרופיקל דגיל תעשיות,DE,דאודורנט ניוואה,מיליליטרים,150.00,"100 מ""ל",false,0,15.00,10.00,true,1,
4005900828088,false,"ניוואה - דאודורנט רול און לגבר פרש 50 מ""ל",טרופיקל דגיל תעשיות,DE,דאודורנט ניוואה,מיליליטרים,50.00,"100 מ""ל",false,0,16.90,33.80,true,1,
4005900874931,false,"דאודורנט ספריי דיפ ביט לגבר 150 מ""ל ניוויה",ביירסדורף,DE,דאודורנט ניוואה,גרמים,150.00,100 גרם,false,1,15.00,10.00,true,1,
4006508123094,false,"מליטה-נייר פילטר לקפה מספר 2, 40 יח",Melitta Kaffee GmbH,DE,נייר לקפה פילטר,יחידה,1.00,יחידה,false,1,11.50,11.50,true,1,
4008287058161,false,"שישייה בירה קרומבאכר פילס 330X6 מ""ל",מנדלז סי.אר. פרודקשן,DE,בירה קרומבאכר6יח,ליטרים,1.98,ליטר,false,1,32.90,16.61,true,1,
4008287762020,false,בירה קרומבאכר חיטה 0.50 ליטר בקבוק,קרומבכר בראורי,DE,בירה קרומבאכר,מיליליטרים,500.00,"100 מ""ל",false,0,11.20,2.24,true,1,
4008400230726,false,ביצת שוקולד הפתעה קינדר ענקית 100ג' בנים,קינדר Kinder,BE,ביצת הפתעה מקסי,גרמים,100.00,100 גרם,false,1,27.90,27.90,true,1,
4009300522935,false,תה ירוק פומפדור לימונית ולואיזה 20 יחידות,"איטיליאן פוד, אס.פי.",DE,תה ירוק לואיזה,גרמים,30.00,100 גרם,false,0,20.90,69.67,true,1,
4009300522966,false,תה ירוק עם נענע פומפדור 20 יחידות,"איטיליאן פוד, אס.פי.",DE,תה ירוק נענע,גרמים,30.00,100 גרם,false,0,20.90,69.67,true,1,
4009300524588,false,חליטת צמחים פומפדור פירות יער 20 יחידות,פומפדור Pompadour,DE,חליטת פירות יער,גרמים,60.00,100 גרם,false,0,14.90,24.83,true,1,
4009300524625,false,תה צ'אי מסאלה פומפדור 20 יחידות,פומפדור Pompadour,DE,חליטת צ'אי מאסלה,גרמים,40.00,100 גרם,false,0,14.90,37.25,true,1,
4009300525011,false,פומפידור תה ירוק עם תפוז וג'ינגר 25 שקיקים,"איטיליאן פוד, אס.פי.",DE,תה ירוק תפוז,גרמים,30.00,100 גרם,false,0,20.90,69.67,true,1,
4009300525684,false,חליטת צמחים פומפדור ג'ינג'ר ולימון 20 יחידות,פומפדור Pompadour,DE,חליטת לימון,גרמים,35.00,100 גרם,false,0,14.90,42.57,true,1,
4009300527909,false,חליטת צמחים ג'ינג'ר כורכום ללא קפאין,פומפדור Pompadour,DE,חליטת ג'ינג'ר,גרמים,80.00,100 גרם,false,1,14.90,18.63,true,1,
4009300528821,false,תה ירוק פומפדור ג'ינגר וקינמון 20 יחידות,פומפדור Pompadour,DE,תה ירוק פומפדור,גרמים,30.00,100 גרם,false,1,20.90,69.67,true,1,
4009300529514,false,תה חליטת פומפדור פירות אוכמניות 20 יח,TEEKANNE- POMPADOU,DE,חליטת פירות,גרמים,45.00,100 גרם,false,1,17.90,39.78,true,1,
4009300530183,false,תה חליטת פומפדור תפוז ספרדי 20 יח,טיקנה ג'י.אמ.בי.אייג' אנ,DE,חליטת תפוז ספרדי,גרמים,44.00,100 גרם,false,1,14.90,33.86,true,1,
4009300530206,false,תה חליטת פומפדור תפוח טורקי 20 יח,TEEKANNE- POMPADOU,DE,חליטת תפוח טורקי,גרמים,50.00,100 גרם,false,1,14.90,29.80,true,1,
4009300530275,false,תה חליטת פומפדור מנטה מרוקאית 20 יח,טיקנה ג'י.אמ.בי.אייג',DE,חליטת מנטה מרוקא,גרמים,36.00,100 גרם,false,1,14.90,41.39,true,1,
4009300595106,false,חליטת צמחים קמומיל דבש פומפדור 45 ג',טיקנה,DE,חליטת קמומיל,גרמים,30.00,100 גרם,false,1,14.90,49.67,true,1,
4009900379564,false,מסטיק הובה בובה Hubba Bubba טייפ בטעם פירות,הובה בובה Hubba Bubba,GB,מסטיק הובה בובה,גרמים,56.00,100 גרם,false,0,7.50,13.39,true,1,
4009900385824,false,מארז חמישיית מסטיק אורביט Orbit בטעם מנטה,ריגלי צרפת,FR,מסטיק סטיקס,גרמים,65.00,100 גרם,false,0,11.50,17.69,true,1,
4009900402965,false,אורביט וויט בטעם פירות בקבוקון 46מלבניות,ריגלי פולין,PL,אורביט בקבוקון,גרמים,64.00,100 גרם,false,0,11.90,18.59,true,1,
4009900403023,false,אורביט וויט בטעם מנטה בקבוקון 46 מלבניות,"ב.א מזון בע""מ",PL,אורביט בקבוקון,גרמים,64.00,100 גרם,false,0,11.90,18.59,true,1,
4009900420129,false,מסטיק אורביט פרופשנל פפרמינט בקבוקון 64 גר',מרס נדרלנד,PL,אורביט פפרמינט,גרמים,64.00,100 גרם,false,1,11.90,18.59,true,1,
4009900426039,false,מסטיק מנטה אקליפטוס בקבוקון איירווייבס 64 גרם,איירוויבס Airwaves,PL,מסטיק איירוויבז,גרמים,64.00,100 גרם,false,1,11.90,18.59,true,1,
4009900426121,false,מסטיק אורביט איירוויז בקבוקון אוכמניות 64ג',איירוויבס Airwaves,PL,מסטיק איירוויבז,גרמים,64.00,100 גרם,false,1,11.90,18.59,true,1,
4009900455299,false,"סוכרית ג'לי אדומה 174 גרם ""סקיטלס""",ריגלי ממתקים,CZ,סוכריות סקיטלס,גרמים,174.00,100 גרם,false,0,10.60,6.09,true,1,
4009900465304,false,סוכריות סקיטלס בטעם פירות חמוצים,ריגלי ממתקים,CZ,סוכריות סקיטלס,גרמים,174.00,100 גרם,false,0,10.60,6.09,true,1,
4009900479998,false,אורביט וויט אוכמניות בקבוקון 46 מלבניות,ריגלי פולין,PL,אורביט בקבוקון,גרמים,64.00,100 גרם,false,0,11.90,18.59,true,1,
4009900482417,false,מסטיק אורביט פירות מנטה בקבוקון באבל מינט 45יח,ריגלי פולין,PL,אורביט באבל מינט,גרמים,64.00,100 גרם,false,0,11.90,18.59,true,1,
4009900483803,false,מסטיק איירובס מנטה אקליפטוס בקבוקון 60יח',איירוויבס Airwaves,PL,מסטיק איירוויבז,גרמים,84.00,100 גרם,false,1,14.90,17.74,true,1,
4009900484060,false,מסטיק אורביט פרופשיונל בטעם מנטה ללא סוכר,ריגלי פולין,PL,אורביט בקבוק,גרמים,84.00,100 גרם,false,0,14.90,17.74,true,1,
4009900484091,false,מסטיק אורביט פרופשיונל בטעם מנטה ללא סוכר,ריגלי פולין,PL,אורביט בקבוק,גרמים,84.00,100 גרם,false,0,14.90,17.74,true,1,
4009900484305,false,מסטיק אורביט פרופשיונל סוויטמינט ביגי לבן 60יח',אורביט Orbit,GB,אורביט בקבוק,גרמים,84.00,100 גרם,false,0,14.90,17.74,true,1,
4009900491044,false,מסטיק איירובס אוכמניות בקבוקון 60יח',איירוויבס Airwaves,PL,מסטיק איירוויבז,גרמים,84.00,100 גרם,false,1,14.90,17.74,true,1,
4009900496247,false,מסטיק אורביט בטעם פירות ומנטה ללא סוכר,אורביט Orbit,PL,אורביט בקבוק,גרמים,84.00,100 גרם,false,1,14.90,17.74,true,1,
4009900509770,false,אורביט באריזת בקבוק בטעם תות 60 יח',אורביט Orbit,GB,אורביט בקבוק,גרמים,84.00,100 גרם,false,1,14.90,17.74,true,1,
4009900531122,false,"מסטיק בטעם מנטה ספירמינט, 64 ג' פרופשיונל אורביט",מרס נדרלנד,PL,אורביט ספירמינט,גרמים,64.00,100 גרם,false,1,11.90,18.59,true,1,
4009900534581,false,מסטיק איירוויבז דובדבן ומנטה בקבוקון 64,Unknown,IL,מסטיק איירוויבז,גרמים,64.00,100 גרם,false,1,11.90,18.59,true,1,
4009900534611,false,איירוויבס בקבוקון מלון ומנטה 46 מלבני,ריגלי,IL,מסטיק אייוויבז,גרמים,64.00,100 גרם,false,1,11.90,18.59,true,1,
4009900535519,false,מסטיק אורביט רפרשרס ספירמינט ללא סוכר 15.6גר',אורביט,PL,אורביט רפרשרס,גרמים,15.00,100 גרם,false,1,4.30,28.67,true,1,
4009900535540,false,מסטיק אורביט רפרשרס פפרמינט ללא סוכר 15.6גר',אורביט,PL,מסטיק אורביט,גרמים,15.00,100 גרם,false,1,4.30,28.67,true,1,
4009900535823,false,מסטיק אורביט רפרשרס באבלמינט ללא סוכר 15.6גר',אורביט,PL,מסטיק אורביט,גרמים,15.00,100 גרם,false,1,4.30,28.67,true,1,
4009900536257,false,מסטיק אורביט רפרשרס ספירמינט בקבוקון ללא סוכר 67 גר',מרס ריגלי קונפקשונרי,PL,אורביט רפרשרס,גרמים,67.00,100 גרם,false,1,13.00,19.40,true,1,
4009900536288,false,מסטיק אורביט רפרשרס פפרמינט בקבוקון ללא סוכר 67 גר',מרס ריגלי קונפקשונרי,PL,אורביט רפרשרס,גרמים,67.00,100 גרם,false,1,13.00,19.40,true,1,
4009900536486,false,מסטיק אורביט רפרשרס באבלמינט בקבוקון ללא סוכר 67 גר',מרס ריגלי קונפקשונרי,PL,אורביט רפרשרס,גרמים,67.00,100 גרם,false,1,13.00,19.40,true,1,
4009900539746,false,"מסטיק פייב באונס בטעם אבטיח בקבוקון, 61.8 גרם",ריגלי בעמ רוסיה,PL,מסטיק פייב,גרמים,61.00,100 גרם,false,1,12.90,21.15,true,1,
4009900540551,false,מסטיק אורביט רפרשרס טרופיקל בקבוקון ללא סוכר,מרס פולין,PL,אורביט רפרשרס,גרמים,67.00,100 גרם,false,1,13.00,19.40,true,1,
4011800290054,false,חטיף חלבון עם קוקוס ושוקולד חלב ללא תוספת סוכר,קורני,DE,חטיף חלבון קורני,גרמים,50.00,100 גרם,false,1,9.90,19.80,true,1,
4011800567613,false,מאגדת קורני מילק דרק & ואיט 120 גרם,מיוצר עי קונדיטוריית,DE,קורני סנדוויץ,גרמים,120.00,100 גרם,false,0,10.00,8.34,true,1,
4011800628512,false,חטיף קורני שוקולד חלב 6 יח 150 גר,מיוצר עי קונדיטוריית,DE,קורני חטיף דגנים,גרמים,150.00,100 גרם,false,0,10.00,6.67,true,1,
4011800630515,false,חטיף קורני שוקולד חלב ובננה 6 יח 150 גר,מיוצר עי קונדיטוריית,DE,קורני חטיף דגנים,גרמים,150.00,100 גרם,false,0,10.00,6.67,true,1,
4011800632519,false,"מארז חטיפי שוקולד חלב וקוקוס ""קורני""",מיוצר עי קונדיטוריית,DE,קורני חטיף דגנים,גרמים,150.00,100 גרם,false,0,10.00,6.67,true,1,
4011800633516,false,קורני שוקולד מריר מעולה 58% קקאו 6*1,שוורטאוור וורקה,DE,קורני חטיף דגנים,גרמים,138.00,100 גרם,false,0,10.00,7.24,true,1,
4014400901191,false,בונבונריית מרסי מבחר ממתקי שוקולד 250 גרם,ליימן מותגים,DE,בונבוניירת מרסי,גרמים,250.00,100 גרם,false,0,29.90,11.96,true,1,
4014400910063,false,סוכריות חמאה וורטרס אורגינל 135 גרם,וורטר'ס אורגינל,DE,סוכריות וורטר,גרמים,135.00,100 גרם,false,0,9.50,7.04,true,1,
4014400914696,false,וורטרס אורגינל סוכריות ללא סוכר 80 גרם,ליימן מותגים,DE,סוכריות וורטר,גרמים,80.00,100 גרם,false,0,9.50,11.88,true,1,
4014400920857,false,וורטר אורגינל ללא סוכר בטעם שוקולד-שקית 70 גרם,קריניציה ויטמינה אס,DE,סוכריות וורטר,גרמים,70.00,100 גרם,false,1,9.50,13.57,true,1,
4014400923711,false,בונבוניירה שוקולד אגוזים טופיפי 125 גרם,ליימן מותגים,DE,טופיפי,גרמים,125.00,100 גרם,false,1,13.90,11.12,true,1,
4014400925319,false,וורטרס אורגינל פופקורן קרמל 140 גרם,וורטרס Werther's,DE,ממתק קרמל ורטר,גרמים,140.00,100 גרם,false,1,16.50,11.79,true,1,
4015000519915,false,"פה - דאודורנט ספריי לאישה פינק פרדייס 200 מ""ל",שוורצקופף והנקל,TR,דאודורנט FA,מיליליטרים,200.00,"100 מ""ל",false,0,10.00,5.00,true,1,
4015400564034,false,מגן תחתון אולוויז מגה פק לונג פלוס 58 יחידות,פרוקטר אנד גמבל,DE,מגן תחתון אולויז,יחידה,1.00,יחידה,false,0,22.90,22.90,true,1,
4015400564454,false,מגני תחתון אולוויז לארג' עם ניחוח מגה פק,פרוקטר אנד גמבל,DE,מגן תחתון אולויז,יחידה,1.00,יחידה,false,0,22.90,22.90,true,1,
4015400681670,false,תחבושות אולוויז וליו פק לילה בטוח 18 יחידות,פרוקטר אנד גמבל,UA,תחבושות אולוייז,יחידה,1.00,יחידה,false,0,23.90,23.90,true,1,
4015400731719,false,תחבושות היגייניות אולוויז יום ולילה Day & Night,פרוקטר אנד גמבל,UA,תחבושות אולוייז,יחידה,1.00,יחידה,false,1,23.90,23.90,true,1,
4015400746812,false,מגני תחתון אולוויז נורמל עם ניחוח מגה פק,פרוקטר אנד גמבל,UA,מגן תחתון אולויז,יחידה,1.00,יחידה,false,1,22.90,22.90,true,1,
4015400755241,false,תחבושות היגייניות אולוויז אולטרה נורמל - 28 יח',פרוקטר אנד גמבל,UA,תחבושות אולוייז,יחידה,1.00,יחידה,false,1,23.90,23.90,true,1,
4015400755487,false,תחבושות היגייניות אולוויז אולטרה לונג - 24 יח',פרוקטר אנד גמבל,DE,תחבושות אולוייז,יחידה,1.00,יחידה,false,1,23.90,23.90,true,1,
4015400990482,false,"אבקת כביסה אריאל קולור 3 ק""ג",פרוקטר אנד גמבל,TR,אבקת אריאל קולור,קילוגרמים,3.00,"ק""ג",false,1,38.90,12.97,true,1,
4015600763251,false,שמפו הד&שולדרס קלאסי600מ,פרוקטר אנד גמבל,RO,שמפו הד&שולדרס,מיליליטרים,600.00,"100 מ""ל",false,0,18.90,3.15,true,1,
4015600763299,false,הד&שולדרס 600 שמפו 2ב1 קלאסי,פרוקטר אנד גמבל,RO,שמפו הד&שולדרס,מיליליטרים,600.00,"100 מ""ל",false,0,18.90,3.15,true,1,
4015600763411,false,שמפו הד&שולדרס מנטול 600,פרוקטר אנד גמבל,RO,שמפו הד&שולדרס,מיליליטרים,600.00,"100 מ""ל",false,0,18.90,3.15,true,1,
4015600763459,false,שמפו הד&שולדרס תפוח600מל,פרוקטר אנד גמבל,RO,שמפו הד&שולדרס,מיליליטרים,600.00,"100 מ""ל",false,0,18.90,3.15,true,1,
4017100198151,false,בלזן היט ביסקוויט עם מלית קרם בטעם וניל (41%) 220 גרם,הדקלאים אגודת שיתופי,PL,עוגיות סנדוויץ,גרמים,220.00,100 גרם,false,1,9.90,4.50,true,1,
4017100219900,false,בלזן וופלטן וופל מגולגל מצופה שוקולד חלב 100 גרם,הדקלאים אגודת שיתופי,DE,בלזן וופלטן,גרמים,100.00,100 גרם,false,0,10.00,10.00,true,1,
4017100290008,false,בלזן בסקויט חמאה מצופה שוקולד חלב 125 גרם,הדקלאים אגודת שיתופי,DE,ביסקוויט שוקולד,גרמים,125.00,100 גרם,false,0,10.00,8.00,true,1,
4017100364112,false,בלזן היט בסקוויט סנדביץ עם מלית קרם בטעם שוקולד קקאו (41%) 220 גרם,הדקלאים אגודת שיתופי,PL,עוגיות סנדוויץ,גרמים,220.00,100 גרם,false,1,9.90,4.50,true,1,
4022025001905,false,"בלו ווין מבעבע זהב 750 מ""ל",היי סישל סוהן טראבן,DE,בלו ווין מבעבע,מיליליטרים,750.00,"100 מ""ל",false,1,54.90,7.32,true,1,
4022025290408,false,יין בלו ווין פינק רו,יקב רמת הגולן,DE,בלו ווין,מיליליטרים,750.00,"100 מ""ל",false,1,47.40,6.32,true,1,
4025700001962,false,מילקה טבלת שוקולד לבן 100 גרם,פי אר ג'יי אס סי מונ,HU,שוקולד לבן,גרמים,100.00,100 גרם,false,1,7.90,7.90,true,1,
4032900124254,false,ווינסטון קומפלקט ברי PP חפיסה,Unknown,RO,וינסטון קומפ.ברי,יחידה,1.00,יחידה,false,1,30.20,30.20,false,1,
4033100013348,false,סיגריות אל די כחול ארוך בודד,Unknown,TR,אל די ארוך,יחידה,1.00,יחידה,false,0,29.70,29.70,false,1,
4033100014499,false,סיגריות אל די כחול בודד,Unknown,TR,אל די כחול,יחידה,1.00,יחידה,false,0,29.70,29.70,false,1,
4033100014529,false,סיגריות אל די סלים בודד,Unknown,TR,אל די סלימס,יחידה,1.00,יחידה,false,0,28.30,28.30,false,1,
4033100024146,false,סיגריות וינסטון CODE בודד,Unknown,CH,ווינסטון קוד,יחידה,1.00,יחידה,false,0,33.20,33.20,false,1,
4033100024269,false,וינסטון קוד אקווה פאקט,Unknown,CH,ווינסטון אקווה,יחידה,1.00,יחידה,false,0,321.60,321.60,false,1,
4052197000017,false,"בירה בנדיקטינר חיטה לא מסוננת 500 מ""ל",בנדיקטינר וויצבראו,DE,בירה בנדיקטינר,מיליליטרים,500.00,"100 מ""ל",false,0,10.90,2.18,true,1,
4052197002806,false,"מארז בירה בנדיקטינר 4*500 מ""ל פחית",בנדיקטינר וויצבראו,DE,בירה בנדיקטינר,ליטרים,2.00,ליטר,false,1,39.90,19.95,true,1,
4053700292455,false,ויט רצועות שעווה מוכנות להסרת שיער לעור רגיל 12 יחידות,רקיט בנקיזר צרפת,FR,רצועות שעווה ויט,יחידה,1.00,יחידה,false,0,24.90,24.90,true,1,
4061445096702,false,קפה דוידוף מגורען 100 גר FINE AROMA,"טשיבו, אספי.זד.או.או",PL,קפה נמס דוידוף,גרמים,100.00,100 גרם,false,1,23.90,23.90,true,1,
4072700003649,false,"פרנזיסקאנר בירה מעוננת 500 מ""ל","איי, בי, אינבוו",DE,בירה פרנסיסקאנר,מיליליטרים,500.00,"100 מ""ל",false,0,12.90,2.58,true,1,
4084500065536,false,פנטן קרם לחות מוגברת לעיצוב שיער 300 מל,פרוקטר אנד גמבל,FR,קרם לשיער פנטן,מיליליטרים,300.00,"100 מ""ל",false,0,21.90,7.30,true,1,
4084500739253,false,"אוראל בי משחת שיניים- להלבנה לובן מהודר 75 מ""ל",פרוקטר אנד גמבל,DE,משחת אורל בי,מיליליטרים,75.00,"100 מ""ל",false,1,22.90,30.54,true,1,
4105120623941,false,"בירה ויינשטפן בק' ח""פ 500 מ""ל","ויינשטפן, ת.ד 1155 פרייז",DE,בירה ויינשטפן,מיליליטרים,500.00,"100 מ""ל",false,1,13.90,2.78,true,1,
4603400000043,false,"וודקה רוסקיי סטנדרט 700 מ""ל",רוסקי סטנדרט וודקה,RU,וודקה רוסקי,מיליליטרים,700.00,"100 מ""ל",false,0,64.90,9.28,true,1,
4607001779650,false,קפה נמס ג'קובס גולד 190ג,,RU,קפה נמס ג'קובס,גרמים,190.00,100 גרם,false,1,28.00,14.74,true,1,
4607012351999,false,גרעיני חמניות מרטין עם מלח 200 גרם,"נארז ע""י : א.ג. גילר",RU,גרעיני חמנייה במ,גרמים,200.00,100 גרם,false,1,13.90,6.95,true,1,
4607026530212,false,יורוסטנדרט כוסמת 900,אגרופרודקט,RU,כוסמת,גרמים,900.00,100 גרם,false,0,15.00,1.67,true,1,
4620006994309,false,"וודקה סילבר קופאג700'מ""ל",TOPAZ,RU,וודקה סילבר,מיליליטרים,700.00,"100 מ""ל",false,1,64.90,9.27,true,1,
4640018993343,false,פיניש קוואנטום קפסולות ג'ל למדיח כלים 30 יח',רקיט בנקיזר,PL,פיניש 30 טבליות,יחידה,1.00,יחידה,false,1,44.90,44.90,true,1,
4710068001692,false,"מאסטר קפה לאטה פחית 240 מ""ל",תאיט מרקטינג אנד דיסטריב,TW,מאסטר קפה,מיליליטרים,240.00,"100 מ""ל",false,0,8.50,3.54,true,1,
4710068001715,false,"מאסטר קפה טירמיסו פחית 240 מ""ל",יוני פרזינדנט אנטרפר,TW,מאסטר קפה,מיליליטרים,240.00,"100 מ""ל",false,0,8.50,3.54,true,1,
4710068001739,false,"מאסטר קפה קולומביאני 250 מ""ל",יוני פרזינדנט אנטרפר,TW,מאסטר קפה,מיליליטרים,240.00,"100 מ""ל",false,0,8.50,3.54,true,1,
4751007733991,false,פילה סלומון מיץ טבעי 170 גר,KARAVELLA,LV,סלמון במיץ טבעי,גרמים,200.00,100 גרם,false,1,12.90,6.45,true,1,
4800888219534,false,דאב - דאודורנט סטיק לאישה אנטי פרספירמט 50 גרם,יוניליוור פיליפינים,PH,דאו.דאב,מיליליטרים,50.00,"100 מ""ל",false,1,15.90,31.80,true,1,
4823077626203,false,שוקולד רושן אורירי מריר 80 גרם,רושן Roshen,UA,שוקולד מריר,גרמים,80.00,100 גרם,false,1,7.90,9.88,true,1,
4823077626364,false,שוקולד רושן אורירי לבן 80 גרם,רושן Roshen,UA,שוקולד לבן,גרמים,80.00,100 גרם,false,1,7.90,9.88,true,1,
4823077632570,false,שוקולד רושן BRUT מריר 85 גרם,רושן,UA,שוקולד מריר,גרמים,85.00,100 גרם,false,1,7.90,9.29,true,1,
4860019001414,false,"בקבוק מים בוז'ורמי 750 מ""ל",אי.די.אס בורג'יומי,GE,מים מינרליים,מיליליטרים,750.00,"100 מ""ל",false,0,9.70,1.29,true,1,
4891228304478,false,שיק היידרו 5 סנס רביעיית סכינים,ארץ ייצור סכינים: ארהבn\,CN,שיק הידרו סכינים,יחידה,1.00,יחידה,false,1,54.90,54.90,true,1,
4891228309268,false,"טאצ' אפ מעצב גבות מקצועי, 3 יחידות",שסטוביץ,CN,שיק סכיני סילק ט,יחידה,1.00,יחידה,false,1,21.90,21.90,true,1,
4891228430092,false,סכיני גילוח שיק אקסטרים קומפורט לנשים 3 להבים 4 יחידות,אנרג'יזר Energizer,CN,סכיני גילוח,יחידה,1.00,יחידה,false,0,22.60,22.60,true,1,
4903001904192,false,"רוטב סויה יאמסה פרימיום 500 מ""ל",הדקלאים אגודת שיתופי,JP,רוטב סויה יאמאסה,מיליליטרים,500.00,"100 מ""ל",false,0,17.90,3.58,true,1,
4903001925784,false,"רוטב סויה יאמאסה פרמיום דל מלח 500 מ""ל",הדקלאים אגודת שיתופי,JP,רוטב סויה,מיליליטרים,500.00,"100 מ""ל",false,0,17.90,3.58,true,1,
4903001930993,false,"רוטב טריאקי יאמאסה 500 מ""ל",ליימן מותגים,JP,רוטב טריאקי,מיליליטרים,500.00,"100 מ""ל",false,1,17.90,3.58,true,1,
5000127163195,false,דגני בוקר קלוגס ספיישל קיי 500גרם,חברת קלוגס בריטניה,GB,קלוג'ס ספיישלK,גרמים,500.00,100 גרם,false,0,25.90,5.18,true,1,
5000146401568,false,וולייט דפים למניעת העברת צבע 10 דפים,רקיט בנקיזר,IT,וולייט דפים,יחידה,1.00,יחידה,false,0,10.00,10.00,true,1,
5000157143365,false,מתבל בטעם מיונז וקטשופ היינץ 425 גרם,"פודליצקי ספ.ז.או.או,",PL,מתבל ט.מיונז,גרמים,425.00,100 גרם,false,1,15.90,3.74,true,1,
5000159020312,false,מלטיזרס אריזה קטנה 37 גרם,מלטיזרס Maltesers,NL,שוקולד מלטיזרס,גרמים,37.00,100 גרם,false,1,6.00,16.22,true,1,
5000159376655,false,סוכריות SKITTLES פירות קטן 38 גרם אדום,ריגלי ממתקים,CZ,סוכריות סקיטלס,גרמים,38.00,100 גרם,false,0,3.70,9.74,true,1,
5000159376792,false,סוכריות סקיטלס Skittles פירות חמוצים,ריגלי ממתקים,CZ,סוכריות סקיטלס,גרמים,38.00,100 גרם,false,0,3.70,9.74,true,1,
5000159409179,false,מארז חטיפי מיני סניקרס Snickers,מרס הולנד בי.וי.,NL,מיני סניקרס,גרמים,403.00,100 גרם,false,0,24.90,6.18,true,1,
5000159414197,false,מלטיזרס בציפוי שוקולד 135 גרם,מרס שוקולד צ.אמריקה,NL,שוקולד מלטיזרס,גרמים,135.00,100 גרם,false,1,12.50,9.26,true,1,
5000159442572,false,מיני טוויקס בשקית 403גרם,טוויקס,DE,מיני טוויקס,גרמים,403.00,100 גרם,false,0,24.90,6.18,true,1,
5000159452977,false,מיקס שקית מיניס 400 גרם מרס-באונטי-טוויק,מרס הולנד בי.וי.,NL,מיני מיקס,גרמים,400.00,100 גרם,false,0,24.90,6.23,true,1,
5000159459228,false,חטיף שוקולד טוויקס 50 ג',"נארז ע""י : א.ג. גילר",NL,חטיף טוויקס,גרמים,50.00,100 גרם,false,0,5.00,10.00,true,1,
5000159461122,false,חטיף שוקולד סניקרס מקס קרמל 50 ג',"נארז ע""י : א.ג. גילר",NL,חטיף סניקרס,גרמים,50.00,100 גרם,false,0,5.00,10.00,true,1,
5000159538626,false,טוויקס מארז חטיף 50 גרם חמישייה,טוויקס Twix,NL,חטיפי טוויקס,גרמים,200.00,100 גרם,false,1,13.60,6.80,true,1,
5000159541152,false,טוויקס חטיף בודד 50 גרם לבן,מרס.גי אם. בי אייץ,DE,חטיף טוויקס לבן,גרמים,50.00,100 גרם,false,1,5.00,10.00,true,1,
5000189974579,false,מארז מיני חטיפי קיט קט Kit Kat,נסטלה גרמניה,DE,קיט קאט מיני,גרמים,200.00,100 גרם,false,0,15.90,7.95,true,1,
5000204243031,false,"נוזל לאסלה ירח פורח 750 מ""ל דאק",טואלט דאק (ג'ונסון),NL,דאק נוזל ירח,מיליליטרים,750.00,"100 מ""ל",false,1,12.70,1.69,true,1,
5000204299434,false,זיפלוק שקיות הקפאה בינוניות 38 יח',,TH,זיפלוק להקפאה,יחידה,1.00,יחידה,false,1,31.90,31.90,true,1,
5000204658064,false,"ספוגית הברקה קיווי אקספרס שחור 6 מ""ל",המאפיה של הרמן,HN,קיווי ספוג הברקה,יחידה,1.00,יחידה,false,0,18.90,18.90,true,1,
5000204661392,false,"קיווי אקסטרא לארג' שחור(גדול) 100מ""ל",המאפיה של הרמן,ID,קיווי משחה שחורה,מיליליטרים,100.00,"100 מ""ל",false,1,10.90,10.90,true,1,
5000213000359,false,בירה גינס אקסטרא סטאוט,קרלסברג יבוא יצוא,IE,בירה גינס,מיליליטרים,330.00,"100 מ""ל",false,1,14.90,4.52,true,1,
5000267014234,false,וויסקי ג'וני ווקר רד לייבל Red label,ג'וני ווקר Johnnie walker,GB,ג'וני ווקר אדום,מיליליטרים,700.00,"100 מ""ל",false,0,74.90,10.70,true,1,
5000267024233,false,"וויסקי ג'וני בלאק לייבל עם פורר 700מ""ל",ג'וני ווקר Johnnie walker,GB,ויסקי ג'וני ווקר,מיליליטרים,700.00,"100 מ""ל",false,0,114.90,16.42,true,1,
5000289925440,false,"ג'ין גורדון 37.5% 700 מ""ל",אלכסנדר גורדון ושות',GB,ג'ין גורדון,מיליליטרים,700.00,"100 מ""ל",false,1,84.90,12.13,true,1,
5000394019171,false,סוללה פלוס פאוור 2 יחידות D דורסל,פרוקטר אנד גמבל,US,סוללות דורסל 2יח,יחידה,1.00,יחידה,false,1,29.90,29.90,true,1,
5000394137486,false,רביעיות סוללות אופטימום AA דורסל,פרוקטר אנד גמבל,BE,דורסל אופטימום,יחידה,1.00,יחידה,false,1,24.90,24.90,true,1,
5000394140820,false,שישיות סוללות AA פלוס פאוור דורסל,דורסל,BE,דורסל פלוס פאוור,יחידה,1.00,יחידה,false,1,19.90,19.90,true,1,
5000394141209,false,שישיות סוללות AAA פלוס פאוור דורסל,דיפלומט,BE,דורסל פלוס פאוור,יחידה,1.00,יחידה,false,1,19.90,19.90,true,1,
5000394141988,false,סוללות דורסל D פלוס 2 יח,פרוקטר אנד גמבל,US,סוללות דורסל 2יח,יחידה,1.00,יחידה,false,1,29.90,29.90,true,1,
5000396037531,false,מקוויטיס ביסקוויט מצופה שוקולד חלב 200 גרם,ברנדס סרטרה נשיונל,GB,ביסקוויט מקויטיס,גרמים,200.00,100 גרם,false,1,11.90,5.95,true,1,
5000396037548,false,מקוויטיס ביסקוויט מצופה שוקולד מריר 200 גרם,ברנדס סרטרה נשיונל,GB,ביסקוויט מקויטיס,גרמים,200.00,100 גרם,false,1,11.90,5.95,true,1,
5000396037944,false,מקוויטיס ביסקוייט קלאסי 250 גרם,ברנדס סרטרה נשיונל,GB,ביסקוויט מקויטיס,גרמים,250.00,100 גרם,false,1,10.90,4.36,true,1,
5010038454831,false,"בקבוק בירה בלומון 330 מ""ל","מבשלת סטרופראמן בע""\מ ,",CZ,בירה בלו מון,מיליליטרים,330.00,"100 מ""ל",false,1,13.90,4.21,true,1,
5010182997918,false,דאק ג'ל לניקוי אסלות בניחוח ים 55 מל,"איטיליאן פוד, אס.פי.",IT,דאק ג'ל לאסלה,מיליליטרים,55.00,"100 מ""ל",false,0,11.50,20.91,true,1,
5010182998847,false,דאק נוזל לניקוי אסלות בניחוח ים 750 מל,מיוצר עי קונדיטוריית,NL,טואלט דאק,מיליליטרים,750.00,"100 מ""ל",false,0,12.70,1.69,true,1,
5010327000046,false,וויסקי גרנט'ס סקוטי,"וויליאם גראנט ובניו בע""\",GB,וויסקי גרנט'ס,מיליליטרים,700.00,"100 מ""ל",false,0,79.90,11.41,true,1,
5010394984584,false,פדיגרי דנטאסטיקס כלב מדיום 180 גרם (7 יח') BP32K,פדיגרי Pedigree,HU,פדיגרי לכלב,יחידה,1.00,יחידה,false,0,16.90,16.90,true,1,
5010677551281,false,בקרדי בריזר לימון 275 בקבוק,בקרדי בריזר Bacardi Breezer,BE,בריזר לימון,מיליליטרים,275.00,"100 מ""ל",false,0,15.90,5.78,true,1,
5010677554398,false,בקרדי בריזר אבטיח 275 בקבוק,בקרדי בריזר Bacardi Breezer,BE,בריזר אבטיח,מיליליטרים,275.00,"100 מ""ל",false,0,15.90,5.78,true,1,
5011157671222,false,"טילדה אורז בסמטי חום מלא 1 ק""ג",טילדה Tilda,GB,אורז בסמטי מלא,קילוגרמים,1.00,"ק""ג",false,1,10.00,10.00,true,1,
5011157730271,false,אורז יסמין לבן ארוך טילדה,טילדה Tilda,GB,אורז יסמין טילדה,קילוגרמים,1.00,"ק""ג",false,1,10.00,10.00,true,1,
5011348015194,false,"בירה הובגובלין גולד 500 מ""ל",מבשלת וויצ'ווד,GB,בירה הובגובלין,מיליליטרים,500.00,"100 מ""ל",false,1,16.90,3.38,true,1,
5011348019772,false,"בירה הובגובלין אי.פי.איי 500 מ""ל",ויצ'וויד,GB,בירה הובגובלין,מיליליטרים,500.00,"100 מ""ל",false,1,16.90,3.38,true,1,
5012251012256,false,"BEAUTY FORMULASתרחיץ דטוקס לפנים בתוספת פחם פעיל 150מ""ל",,GB,תרחיץ דטוקס לפני,מיליליטרים,150.00,"100 מ""ל",false,1,14.90,9.93,true,1,
5014271003979,false,סופר פרוט מעדן פרי אוכמניות ואסאי סנדלפור 170 גרם,סאן דלפור - שמבור,FR,מעדן פרי,גרמים,170.00,100 גרם,false,1,15.90,9.35,true,1,
5014271300429,false,"מעדן משמש 100% פרי סנטדלפור 284 גרם לל""ס",סאן דלפור - שמבור,FR,מעדן מישמש,גרמים,284.00,100 גרם,false,0,22.90,8.06,true,1,
5014271310428,false,מעדן דובדבנים שחורים ללא תוספת סוכר 284 גרם,סאן דלפור - שמבור,FR,מעדן דובדבן שחור,גרמים,284.00,100 גרם,false,0,22.90,8.06,true,1,
5014271330426,false,מעדן אוכמניות כחולות ללא תוספת סוכר 284 גרם,סאן דלפור - שמבור,FR,מעדן אוכמניות,גרמים,284.00,100 גרם,false,0,22.90,8.06,true,1,
5014271350424,false,מעדן ארבעה פירות ללא תוספת סוכר 284 גרם,סאן דלפור - שמבור,FR,מעדן 4 פירות,גרמים,284.00,100 גרם,false,0,22.90,8.06,true,1,
5014271360423,false,"מעדן תפוזים לל""ס סאן דלפור 284 גרם",סאן דלפור - שמבור,FR,מעדן תפוזים,גרמים,284.00,100 גרם,false,0,22.90,8.06,true,1,
5014271370422,false,סן דלפו מעדן אפרסק ללא סוכר 284גר,סאן דלפור - שמבור,FR,מעדן אפרסקים,גרמים,284.00,100 גרם,false,0,22.90,8.06,true,1,
5014271400426,false,"מעדן בטעם תות שדה לל""ס סאן דלפור 284 גרם",סאן דלפור - שמבור,FR,מעדן תות שדה,גרמים,284.00,100 גרם,false,0,22.90,8.06,true,1,
5020628000126,false,"תאצרס הייז מעונן סיידר תפוחים 4.5% 500 מ""ל",ת'אצרס,GB,סיידר תפוחים,מיליליטרים,500.00,"100 מ""ל",false,1,10.90,2.18,true,1,
5020628001475,false,"תאצרס רוזה סיידר תפוחים 4% 500 מ""ל",בווריה,GB,סיידר תפוחים,מיליליטרים,500.00,"100 מ""ל",false,1,10.90,2.18,true,1,
5023625004487,false,בירה הובגובלין רובי500מל,וויצ'וד ויטניי,GB,בירה הובגובלין,מיליליטרים,500.00,"100 מ""ל",false,1,16.90,3.38,true,1,
5024546366609,false,"וויסקי 700 מ""ל LAUDERS SCOTCH",מקדוף אינטרנשנל דיסט,GB,וויסקי לאודרס,מיליליטרים,700.00,"100 מ""ל",false,0,84.90,12.13,true,1,
5026489484778,false,חטיף קינואה טומטו איט ריל 30 גרם,איט ריל,GB,חטיף קינואה,גרמים,30.00,100 גרם,false,1,10.00,33.33,true,1,
5026489484785,false,חט.קינואה ט.שמנת+עירית30,קופרש סנק פודס,GB,חטיף קינואה,גרמים,30.00,100 גרם,false,1,10.00,33.33,true,1,
5029053002408,false,נייר טואלט קלינקס פרימיום לבן - מארז 9 גלילים,קימברלי קלארק ישראל,IL,נייר טואלט,מטרים,276.00,100 מטר,false,0,38.90,14.09,true,1,
5029053510811,false,קוטקס - תחבושות אולטרה נורמל + כנפיים 30 יח',קימברלי קלארק,CZ,תחבושות קוטקס,יחידה,1.00,יחידה,false,0,21.90,21.90,true,1,
5029053510828,false,קוטקס - תחבושות אולטרה סופר + כנפיים 22 יח',קימברלי קלארק,CZ,תחבושות קוטקס,יחידה,1.00,יחידה,false,0,21.90,21.90,true,1,
5029053523446,false,קוטקס - תחבושות אולטרה נייט + כנפיים 20 יח',קימברלי קלארק,CZ,תחבושות נייט קוט,יחידה,1.00,יחידה,false,0,21.90,21.90,true,1,
5029053534596,false,טמפונים נורמל קוטקס 32 יחידות,קימברלי קלארק,CZ,טמפוני קוטקס,יחידה,1.00,יחידה,false,0,29.50,29.50,true,1,
5029053534602,false,טמפונים סופר קוטקס 32 יחידות,קימברלי קלארק,CZ,טמפוני קוטקס,יחידה,1.00,יחידה,false,0,29.50,29.50,true,1,
5029053535210,false,טמפון קוטקס עם מוליך מיני 16 יח,קימברלי קלארק,CZ,טמפוני קוטקס,יחידה,1.00,יחידה,false,0,25.50,25.50,true,1,
5029053535227,false,קוטקס טמפון עם מוליך נורמל 16 יחידות,קימברלי קלארק,CZ,טמפוני קוטקס,יחידה,1.00,יחידה,false,0,25.50,25.50,true,1,
5029053535234,false,קוטקס טמפונים עם מוליך סופר,חוגלה קימברלי,CZ,טמפוני קוטקס,יחידה,1.00,יחידה,false,0,25.50,25.50,true,1,
5029053578309,false,קופסת ממחטות אולטרה סופט 48 דף קלינקס,קימברלי קלארק,IL,קלינקס אולטרה,יחידה,1.00,יחידה,false,1,9.90,9.90,true,1,
5029054220085,false,האגיס - מגבוני האגיס אקסטרה קר לא מבושם 56 יח' * 4,קימברלי קלארק,IL,מגבונים לרך נולד,יחידה,1.00,יחידה,false,1,31.90,31.90,true,1,
5035766060253,false,"בירה מרפיס, בירת סטאוט, פחית 500 מ""ל",מרפיס Murphys,GB,בירה מרפיס,מיליליטרים,500.00,"100 מ""ל",false,0,13.90,2.78,true,1,
5050083559761,false,דגני בוקר קלוגס קוקו פופס שוקוס 500 גרם,קלוגס מניופקטורינג אספנה,ES,קוקו פופס קלוג'ס,גרמים,500.00,100 גרם,false,0,21.50,4.30,true,1,
5053827193368,false,דגני בוקר קלוגס ברנפלקס 500 גרם,קלוגס קומפני אוף גרייט ב,GB,קלוגס ברנפלקס,גרמים,500.00,100 גרם,false,1,23.90,4.78,true,1,
5053827215862,false,קלוגס קוקו פופס שוקו 500ג',קלוגס מניופקטורינג אספנה,GB,קלוגס קוקו פופס,גרמים,500.00,100 גרם,false,1,21.50,4.30,true,1,
5055966801012,false,וויסקי בושמילס אוריגינל 1 ליטר,,IE,וויסקי בושמילס,ליטרים,1.00,ליטר,false,1,115.00,115.00,true,1,
5060517886486,false,"משקה אנרגיה מונסטר אנרג'י בפחית 500 מ""ל",מונסטר אנרג'י Monster Energy,RS,מונסטר אנרג'י,מיליליטרים,500.00,"100 מ""ל",false,1,7.90,1.58,true,1,
5060517886516,false,"משקה אנרגיה מונסטר אנרג'י זירו בפחית 500 מ""ל",מונסטר אנרג'י Monster Energy,RS,מונסטר אנרג'י,מיליליטרים,500.00,"100 מ""ל",false,1,7.90,1.58,true,1,
5060639128051,false,"משקה אנרגיה מונסטר אולטרה בפחית 500 מ""ל",מונסטר אנרג'י Monster Energy,RS,מונסטר אולטרה,מיליליטרים,500.00,"100 מ""ל",false,1,7.90,1.58,true,1,
5060639129102,false,"משקה אנרגיה מונסטר אנרג'י מנגו בפחית 500 מ""ל",מונסטר אנרג'י Monster Energy,RS,מונסטר מנגו,מיליליטרים,500.00,"100 מ""ל",false,1,7.90,1.58,true,1,
5060751218173,false,"משקה אנרגיה מונסטר אנרג'י piplin punch בפחית 500 מ""ל",מונסטר אנרג'י לימטד,RS,מונסטר פייפליין,מיליליטרים,500.00,"100 מ""ל",false,1,7.90,1.58,true,1,
5200133120476,false,גלילות וופלים ממולאים קרם אגוזים וקקאו 400 ג',יוניליוור גרמניה Gm,GR,גליליות וופל,גרמים,400.00,100 גרם,false,1,19.00,4.75,true,1,
5200133120483,false,גליליות וופלים ממולא קרם וניל 400 גר,יוניליוור גרמניה Gm,GR,גליליות וופל,גרמים,400.00,100 גרם,false,1,19.00,4.75,true,1,
5201004020338,false,קפריס וופל רול ממולא קרם אגוזי לוז 400 ג',א.ג פאפאגופולוס,GR,גלילי וופל קפריס,גרמים,400.00,100 גרם,false,1,20.90,5.23,true,1,
5201178801054,false,"קרם רב שימושי ניוואה 250 מ""ל",טרופיקל דגיל תעשיות,DE,ניוואה קרם לחות,מיליליטרים,250.00,"100 מ""ל",false,0,21.90,8.76,true,1,
5201246002215,false,"בירה פילס היילס ויליפוד 500 מ""ל",הלניק בריויריס אוף א,GR,בירה פילס היילס,מיליליטרים,500.00,"100 מ""ל",false,1,6.90,1.38,true,1,
5201263006357,false,תחבושת EVERY DAY סופר 18 יח',,GR,תחבושות סופר,יחידה,1.00,יחידה,false,1,12.90,12.90,true,1,
5201263006364,false,תחבושת EVERY DAY מקסי נייט 18 יח',,GR,תחבושות מקסי,יחידה,1.00,יחידה,false,1,12.90,12.90,true,1,
5201263011801,false,מגן תחתון EVERY DAY נורמל 20 יח',,GR,מגני תחתון נורמל,יחידה,1.00,יחידה,false,1,10.00,10.00,true,1,
5201347160326,false,גל לשמירה על חיי מכונת הכביסה קלגון 750מ,רקיט בנקיזר,IT,קלגון ג'ל,מיליליטרים,750.00,"100 מ""ל",false,1,25.90,3.45,true,1,
5201347400545,false,רצועות שעווה מוכנות לשימוש לפנים ולאזורים רגישים,רקיט בנקיזר צרפת,FR,רצועות שעווה ויט,יחידה,1.00,יחידה,false,0,24.90,24.90,true,1,
5201583751418,false,סוכריות זירו אייס בלו סטיביה ללא סוכר 32 ג',איתן,GR,סוכריות זירו,גרמים,32.00,100 גרם,false,1,7.50,23.44,true,1,
5201583752415,false,סוכריות ללא סוכר בטעם תפוז במילוי שוקולד,איתן,GR,סוכריות זירו,גרמים,36.00,100 גרם,false,1,7.50,20.83,true,1,
5201940010110,false,זיתים שחורים קלמטה וילי פוד 250 גרם,סיוארס אס.איי,GR,זיתים שחורים,גרמים,454.00,100 גרם,false,0,17.90,3.94,true,1,
5202300043052,false,צבע לשיער קולסטון - 7/75 אגוז בהיר,פרוקטר אנד גמבל,DE,קולסטון שפופרת,יחידה,1.00,יחידה,false,0,19.90,19.90,true,1,
5202300043144,false,צבע לשיער קולסטון - 9/0 בלונד בהיר מאוד,פרוקטר אנד גמבל,DE,קולסטון שפופרת,יחידה,1.00,יחידה,false,0,19.90,19.90,true,1,
5202300043199,false,צבע לשיער קולסטון - 4/0 חום בינוני,פרוקטר אנד גמבל,DE,קולסטון שפופרת,יחידה,1.00,יחידה,false,0,19.90,19.90,true,1,
5205427012499,false,מאפה פילו ממולא ביונד מיט 400 גרם,אייוניקי ספוליאטה,GR,מאפה פילו ממולא,גרמים,400.00,100 גרם,false,1,37.90,9.48,true,1,
5208049002480,false,סיגריות קנט קלאסי אר,Unknown,TR,קנט ארוך,יחידה,1.00,יחידה,false,1,370.00,370.00,false,1,
5391523057936,false,סימילאק גולד שלב 2 תרכובת מזון על בסיס חלב,אבוט מעבדות רפואיות,IE,סימילאק גולד,גרמים,700.00,100 גרם,false,1,71.90,10.27,true,1,
5391523057943,false,סימילאק גולד שלב 3 תרכובת מזון על בסיס חלב,אבוט מעבדות רפואיות,IE,סימילאק גולד,גרמים,700.00,100 גרם,false,1,71.90,10.27,true,1,
5391523058063,false,סימילאק אדבנס פלוס 1 תרכובת מזון על בסיס חלב,טרופיקל דגיל תעשיות,IE,סימילאק אדבנס,גרמים,700.00,100 גרם,false,1,65.90,9.41,true,1,
5391523058070,false,סימילאק אדבנס פלוס 3 תרכובת מזון על בסיס חלב,טרופיקל דגיל תעשיות,IE,סימילאק אדבנס,גרמים,700.00,100 גרם,false,1,65.90,9.41,true,1,
5410103161617,false,קרם יום עם פעולה משולשת Triple active לעור יבש ועדין,"לוריאל ישראל בע""מ",DE,קרם לחות עור יבש,מיליליטרים,50.00,"100 מ""ל",false,0,49.90,99.80,true,1,
5410126006087,false,עוגיות לוטוס ארוזות בתפזורת 700 גרם,לוטוס ביקרי נ.וי.,BE,ביסקוויט לוטוס,גרמים,700.00,100 גרם,false,0,31.60,4.51,true,1,
5410126106183,false,עוגיות לוטוס 50 יחידות ארוזות בנפרד 312 גרם,כלורוקס אוקלנד,BE,ביסקוויט לוטוס,גרמים,312.00,100 גרם,false,0,19.70,6.31,true,1,
5410126116953,false,ממרח ביסקוויט קרמל לוטוס 400 גרם,לוטוס בייקרי בלגיה נ,BE,ממרח ביסקוויט,גרמים,400.00,100 גרם,false,0,25.20,6.30,true,1,
5410126666038,false,"ביסקוויט קרמל לוטוס 279 גרם בד""צ",לוטוס ביקרי נ.וי.,BE,ביסקוויט לוטוס,גרמים,279.00,100 גרם,false,1,10.00,3.58,true,1,
5410126716016,false,"עוגיות לוטוס ביסקויט קרמל בד""צ 250 גרם",לוטוס ביקרי בלגיה,BE,ביסקויט לוטוס,גרמים,250.00,100 גרם,false,0,12.70,5.08,true,1,
5410126726947,false,ממרח ביסקוויט קרמל קראנץ' לוטוס 380 גרם,לוטוס בייקרי בלגיה נ,BE,ממרח עוגיות,גרמים,380.00,100 גרם,false,0,25.30,6.66,true,1,
5410228267515,false,"שישיית בירה לאגר באדוויזר 6*330 מ""ל",באדווייזר Budweiser,GB,בירה באדוויזר6בק,ליטרים,1.98,ליטר,false,1,37.90,19.14,true,1,
5410316983693,false,"סמירנוף אייס בקבוק 275 מ""ל",סמירנוף אייס Smirnoff ice,IT,אייס סמירנוף,מיליליטרים,275.00,"100 מ""ל",false,0,13.90,5.05,true,1,
5410769800097,false,"בירה לה צרי שוף 8% 330 מ""ל בקבוק",פארייפאבה אגרואינדוס,BE,בירה צ'רי שוף,מיליליטרים,330.00,"100 מ""ל",false,1,13.90,4.21,true,1,
5411081008192,false,בירה קסטיל רוז' פחית 330 מל,מבשלת קסטל ואן הונסב,BE,קסטיל רוז' פחית,מיליליטרים,330.00,"100 מ""ל",false,1,12.90,3.91,true,1,
5411081008420,false,"בירה בירה שושנע קסטיל 330 מ""ל פחית",מבשלת קסטל ואן הונסברוק,BE,בירה שושנע פחית,מיליליטרים,330.00,"100 מ""ל",false,1,12.90,3.91,true,1,
5411188080268,false,"אלפרו סויה אורגני 1 ל מפוקח ע""י סקאל",הנסיך- מפעל לייצור ט,BE,משקה סויה אורגני,ליטרים,1.00,ליטר,false,0,19.10,19.10,true,1,
5411188094159,false,רביעיית מעדן סויה שוקו מריר אלפרו 125 גרם,הנסיך- מפעל לייצור ט,BE,מעדן סויה 4 יח',גרמים,500.00,100 גרם,false,0,21.60,4.32,true,1,
5411188096108,false,"שמנת לבישול ע""ב סויה 250 מ""ל אלפרו",אלפרו C.V.A,BE,שמנת צמחית,מיליליטרים,250.00,"100 מ""ל",false,0,11.80,4.72,true,1,
5411188110835,false,אלפרו חלב סויה שקדים וניל 1ל',הנסיך- מפעל לייצור ט,BE,משקה שקדים אלפרו,ליטרים,1.00,ליטר,false,0,18.40,18.40,true,1,
5411188112549,false,משקה קוקוס אלפרו 1 ליטר משקה אורז 1 ליטר,הנסיך- מפעל לייצור ט,BE,משקה אורז אלפרו,ליטרים,1.00,ליטר,false,0,18.40,18.40,true,1,
5411188112709,false,"משקה קוקוס אלפרו 1 ליטר משקה שקדים לל""ס",הנסיך- מפעל לייצור ט,BE,משקה שקדים אלפרו,ליטרים,1.00,ליטר,false,0,18.40,18.40,true,1,
5411188115472,false,משקה סויה אלפרו 1 ליטר,הנסיך- מפעל לייצור ט,BE,משקה סויה אלפרו,ליטרים,1.00,ליטר,false,1,16.30,16.30,true,1,
5411188118732,false,משקה אלפרו קוקוס ושקדים 1 ליטר,הנסיך- מפעל לייצור ט,BE,משקה קוקוס שקדים,ליטרים,1.00,ליטר,false,1,18.40,18.40,true,1,
5411188120742,false,משקה קוקוס אלפרו 1 ליטר שקדים וניל 1 ל',הנסיך- מפעל לייצור ט,BE,משקה שקדים וניל,ליטרים,1.00,ליטר,false,1,18.40,18.40,true,1,
5411188121923,false,"משקה סויה מועשר סידן אלפרו 3*250 מ""ל",הנסיך- מפעל לייצור ט,BE,משקה סויה 3 יח,מיליליטרים,750.00,"100 מ""ל",false,1,17.40,2.32,true,1,
5411188121978,false,"משקה סויה בטעם שוקולד 3 * 250 מ""ל אלפרו",אלפרו סי.וי. איי,BE,משקה סויה 3 יח,מיליליטרים,750.00,"100 מ""ל",false,1,17.40,2.32,true,1,
5411188124689,false,משקה אלפרו שיבולת שועל ללא סוכר 1 ליטר,אלפרו C.V.A,BE,משקה ש.שועל,ליטרים,1.00,ליטר,false,1,18.40,18.40,true,1,
5411188127697,false,אלפרו משקה בריסטה שיבולת שועל 1 ליטר,הנסיך- מפעל לייצור ט,BE,משקה שיבולת שועל,ליטרים,1.00,ליטר,false,1,18.40,18.40,true,1,
5411188133490,false,משקה סויה קפה קרמל עם חלבון אלפרו 250 גרם,אלפרו C.V.A,BE,משקה סויה קפה,מיליליטרים,250.00,"100 מ""ל",false,1,9.80,3.92,true,1,
5411188134985,false,משקה NOT MILK שיבולת שועל 3.5% אלפרו 1 ליטר,הנסיך- מפעל לייצור ט,BE,משקה שיבולת שועל,ליטרים,1.00,ליטר,false,1,17.40,17.40,true,1,
5411188135005,false,משקה NOT MILK שיבולת שועל 1.8% אלפרו 1 ליטר,הנסיך- מפעל לייצור ט,BE,משקה שיבולת שועל,ליטרים,1.00,ליטר,false,1,17.40,17.40,true,1,
5411188300328,false,אלפרו סויה שוקו 1 ליטר * 8 יחי,הנסיך- מפעל לייצור ט,BE,משקה סויה שוקו,ליטרים,1.00,ליטר,false,0,19.10,19.10,true,1,
5411188543398,false,משקה סויה ללא סוכר אלפרו 1 ליטר,הנסיך- מפעל לייצור ט,BE,משקה סויה אלפרו,ליטרים,1.00,ליטר,false,1,16.30,16.30,true,1,
5411616133245,false,בירה מרטנס פחית ירוק500מ,מבשלת מרטנס,BE,בירה מרטנס ירוק,מיליליטרים,500.00,"100 מ""ל",false,0,7.50,1.50,true,1,
5411616148546,false,"בירה מרטינס גולד 500 מ""ל-פחית",מבשלת מרטנס,BE,בירה מרטנס גולד,מיליליטרים,500.00,"100 מ""ל",false,0,7.50,1.50,true,1,
5600395030689,false,סרדין בשמן סויה חריף115ג,קופיסה אס.איי,PT,סרדין בשמן,גרמים,115.00,100 גרם,false,0,8.90,7.74,true,1,
5600395030719,false,סרדין בשמן זית נפטון115ג,קופיסה אס.איי,PT,סרדין בשמן זית,גרמים,115.00,100 גרם,false,0,8.90,7.74,true,1,
5600395030818,false,סרדין בשמן סויה נפטון115,קופיסה אס.איי,PT,סרדין בשמן,גרמים,115.00,100 גרם,false,0,8.90,7.74,true,1,
5601008200444,false,עוגיות גודיס טבעות מצופות שוקולד חלב מרבה 150 גרם,הנסיך- מפעל לייצור ט,PT,עוגיות גודיס,גרמים,150.00,100 גרם,false,0,7.90,5.27,true,1,
5601008200468,false,עוגיות גודיס טבעות מצופות שוקולד לבו מרבה 150 גרם,קריניציה ויטמינה אס,PT,עוגיות גודיס,גרמים,150.00,100 גרם,false,0,7.90,5.27,true,1,
5601036205541,false,צבע לשיער אקסלנס קרם - 3 חום כהה מאוד,לוריאל Loreal,BE,צבע לשיער אקסלנס,יחידה,1.00,יחידה,false,0,36.90,36.90,true,1,
5601036205558,false,צבע לשיער אקסלנס קרם - 4 חום כהה,לוריאל Loreal,BE,צבע שיער אקסלנס,יחידה,1.00,יחידה,false,0,36.90,36.90,true,1,
5601036205589,false,צבע לשיער אקסלנס קרם - 5 חום טבעי,לוריאל Loreal,BE,צבע לשיער אקסלנס,יחידה,1.00,יחידה,false,0,36.90,36.90,true,1,
5601036205657,false,צבע לשיער אקסלנס קרם - 7 בלונד,לוריאל Loreal,BE,צבע לשיער אקסלנס,יחידה,1.00,יחידה,false,0,36.90,36.90,true,1,
5601036205725,false,לוריאל - אקסלנס קרם 10 בלונד מאוד מאוד בהיר,לוריאל ישראל קוסמטיקס בע,BE,צבע שיער אקסלנס,יחידה,1.00,יחידה,false,0,36.90,36.90,true,1,
5701932026964,false,"הוטפופ גרעיני תירס להכנת פופקורן במיקרוגל בטעם טבעי, בתוספת מלח, 600 גרם",ליימן מותגים,US,פופקורן הוטפופ,גרמים,600.00,100 גרם,false,0,16.90,2.82,true,1,
5701932026971,false,הוטפופ גרעיני תירס להכנת פופקורן במיקרוגל בטעם חמאה 600 גרם,ליימן מותגים,US,הוטפופ טעם חמאה,גרמים,600.00,100 גרם,false,0,16.90,2.82,true,1,
5701932026995,false,"הוטפופ גרעיני תירס להכנת פופקורן במיקרוגל בטעם טבעי מופחת שומן, 510 גרם",קריניציה ויטמינה אס,US,הוטפופ טעם טבעי,גרמים,510.00,100 גרם,false,0,16.90,3.31,true,1,
5711953106583,false,גבינת שמנת בטעם טבעי 200 ג' ארלה,ארלה פודס אמבה,DK,ארלה גבינת שמנת,גרמים,200.00,100 גרם,false,1,17.70,8.85,true,1,
5711953106590,false,גבינת שמנת ארלה שמנת שום 200 גרם,ארלה פודס אמבה,DK,ארלה גבינת שמנת,גרמים,200.00,100 גרם,false,1,17.70,8.85,true,1,
5740900403215,false,ממרח מחמאת לורפק עם מלח 250 ג',ארלה פודס אמבה,DK,ממרח לורפק,גרמים,250.00,100 גרם,false,1,13.90,5.56,true,1,
5740900403222,false,ממרח לורפק חמאה עם מלח מופחת שומן 250 ג,ארלה פודס אמבה,DK,ממרח לורפק,גרמים,250.00,100 גרם,false,1,13.90,5.56,true,1,
5740900403246,false,ממרח לורפק ללא תוספת מלח 500 גר,ארלה פודס אמבה,DK,ממרח לורפק,גרמים,500.00,100 גרם,false,1,31.30,6.26,true,1,
5740900403260,false,ממרח מחמאת לורפק ללא מלח 27% פחות שומן,ארלה פודס אמבה,DK,ממרח לורפק,גרמים,250.00,100 גרם,false,1,13.90,5.56,true,1,
5900020012814,false,דגנים תפוחים בטעם שוקולד נסקוויק נסטלה 500 גרם,מיוצר עי קונדיטוריית,PL,דגני נסקוויק,גרמים,500.00,100 גרם,false,0,28.70,5.74,true,1,
5900020015174,false,פיטנס חטיפי אנרגיה דגנים בטעם שוקולד נסטלה 6*23.5 גרם,מיוצר עי קונדיטוריית,PL,חטיפי פיטנס 6 יח,גרמים,141.00,100 גרם,false,0,10.00,7.09,true,1,
5900020018908,false,פיטנס חטיפי אנרגיה דגנים בטעם קרם עוגיות נסטלה 6*23.5 גרם,מיוצר עי קונדיטוריית,PL,חטיפי פיטנס 6 יח,גרמים,141.00,100 גרם,false,0,10.00,7.09,true,1,
5900020020710,false,מארז חטיף דגנים קראנץ' בטעם שוקו וניל נסטלה,נסטלה פולין ברים,PL,קראנץ' חטיפים,גרמים,150.00,100 גרם,false,0,10.00,6.66,true,1,
5900020024817,false,פיטנס דליס Fitness Delice חטיף דגנים עם שוקולד לבן,נסטלה פולין ברים,PL,חטיף דגנים פיטנס,גרמים,135.00,100 גרם,false,1,10.00,7.41,true,1,
5900020026552,false,דגני בוקר האני נאט צ'יריוס בטעם דבש ושקדים,נסטלה צרפת איטנקורט,FR,האני נאט צ'יריוס,גרמים,625.00,100 גרם,false,1,27.90,4.46,true,1,
5900020034021,false,חטיף דגנים פיטנס שוקולד בננה 141 גרם,מיוצר עי קונדיטוריית,PL,חטיפי פיטנס 6 יח,גרמים,141.00,100 גרם,false,1,10.00,7.09,true,1,
5900020034991,false,דגני בוקר צדפים בטעם שוקולד 450 ג' קראנץ',סי. פי. פולין,PL,דגני קראנץ צדפים,גרמים,450.00,100 גרם,false,1,27.90,6.20,true,1,
5900020036407,false,ליון דגני בוקר שוקולד וקרמל נסטלה 480 גרם,נסטלה פולין דגני בוק,PL,ליון דגני בוקר,גרמים,480.00,100 גרם,false,1,26.90,5.60,true,1,
5900020037916,false,דגני בוקר שיבולת שועל צ'ריוס 375ג',ג'נרל מילס סאן אדריא,PL,צ'יריוס שיבולת,גרמים,375.00,100 גרם,false,1,16.90,4.51,true,1,
5900020041142,false,קורנפלקס פיטנס 500 ג' אסם,נסטלה צרפת איטנקורט,PL,קורנפלקס פיטנס,גרמים,500.00,100 גרם,false,1,15.90,3.18,true,1,
5900627063233,false,טבליות למדיח הכל ב-1 פיניש מקס 50 יחידות,רקיט בנקיזר,PL,פיניש AIO,יחידה,1.00,יחידה,false,1,41.90,41.90,true,1,
5901414200411,false,בלזן היט מיני ביסקוויט סנדוויץ' עם מילוי קרם בטעם שוקולד 130 גרם,ליימן שליסל,PL,היט מיניס שוקו,גרמים,130.00,100 גרם,false,0,6.90,5.31,true,1,
5902198160403,false,XL משקה אנרגיה מוגז ללא סוכר עד 10 קלוריות לפחית 250 מל,"טמפו משקאות בע""\מ",IL,משקה אנרגיה,מיליליטרים,250.00,"100 מ""ל",false,1,4.90,1.96,true,1,
5904941750312,false,"משקה אנרגיה BLU מוחיטו בודד 250 מ""ל",אקו - ביט,PL,בלו מוחיטו,מיליליטרים,250.00,"100 מ""ל",false,0,4.20,1.68,true,1,
5904941751302,false,"משקה אנרגיה בלו 250 מ""ל- בודד",אקו - ביט,PL,משקה אנרגיה,מיליליטרים,250.00,"100 מ""ל",false,0,4.20,1.68,true,1,
5904941751920,false,"משקה אנרגיה BLU day רגיל 250 מ""ל",אקו - ביט,PL,בלו דיי משקה,מיליליטרים,250.00,"100 מ""ל",false,0,4.20,1.68,true,1,
5906485301012,false,"משקה אנרגיה XL פחית 250 מ""ל","טמפו משקאות בע""מ",IL,משקה אנרגיה XL,מיליליטרים,250.00,"100 מ""ל",false,0,4.90,1.96,true,1,
5997321701806,false,אבקה למניעת אבנית במכונת כביסה 2 ב-1,רקיט בנקיזר פולין,PL,"קלגון אבקה 1 ק""ג",קילוגרמים,1.00,"ק""ג",false,1,25.90,25.90,true,1,
5998623526739,false,"יין הונגרי גוורצטרמינר 750 מ""ל כשר",דנוביאנה,HU,יין גוורצטרמינר,מיליליטרים,750.00,"100 מ""ל",false,1,39.90,5.32,true,1,
5998749108536,false,חטיף ויסקס סלמון 60 גרם,וויסקס,HU,חטיף לחתול סלמון,גרמים,60.00,100 גרם,false,0,10.90,18.17,true,1,
6001067017530,false,מברשת שיניים קולגייט לילדים מגיל שנתיים עד חמש 1 יחידה,יבואן ומשווק: ש. שסט,CN,מברשת לילדים,יחידה,1.00,יחידה,false,0,11.90,11.90,true,1,
6008165274629,false,פאל מאל כחול ארוך סטרים פילטר חפיסה,יושלם,TR,פאלמאל ארוך טיוב,יחידה,1.00,יחידה,false,1,31.50,31.50,false,1,
6009188004828,false,קיט קט צ'אנקי לבן 40 גרם,נסטלה בולגריה,BG,קיט קט צ'אנקי,גרמים,40.00,100 גרם,false,1,4.50,11.25,true,1,
6111094000013,false,"קוסקוס דארי בינוני תומר 1 ק""ג",דארי קוספאט אס. איי. או,MA,קוסקוס דארי,קילוגרמים,1.00,"ק""ג",false,1,18.90,18.90,true,1,
6111094000198,false,קוסקוס דארי בינוני 350 גרם,דארי קוספאט אס. איי. או,MA,קוסקוס דארי,גרמים,350.00,100 גרם,false,1,9.90,2.83,true,1,
6111094000242,false,תומר קוסקוס דארי דק 500גר,דארי קוספאט אס. איי. או,MA,קוסקוס דארי דק,גרמים,500.00,100 גרם,false,1,10.90,2.18,true,1,
6111094000259,false,קוסקוס דארי בינוני 500ג'18X,דארי קוספאט אס. איי. או,MA,קוסקוס דארי,גרמים,500.00,100 גרם,false,1,10.90,2.18,true,1,
6111094001164,false,דארי אטריות מרוקאיות 500 גרם,,MA,אטריות מרוקאיות,גרמים,500.00,100 גרם,false,1,10.90,2.18,true,1,
6111094002123,false,דארי אטריות דקות תוספת 10% 550 גרם,דארי,MA,איטריות דקות,גרמים,550.00,100 גרם,false,1,10.90,1.98,true,1,
6910191800287,false,אצות נורי בלו 10 דף (ננגטונג),ננטונג היידה אקווטוק,CN,אצות ים נורי,גרמים,28.00,100 גרם,false,0,13.90,49.64,true,1,
6912977000140,false,אטריות שעועית 250 גר' ( Yantai)ללא גלוטן(כ),יאנטאי ינסידה לנוגקא,CN,אטריות שעועית,גרמים,250.00,100 גרם,false,0,9.80,3.92,true,1,
6922276100083,false,מחית וואסבי -חזרת 43 גרם (דליאן),דליאן ג'ינדה קונדימנ,CN,וואסבי 43 גרם,גרמים,43.00,100 גרם,false,0,11.10,25.81,true,1,
6933846212365,false,חול קריסטל לחתול 3.6,,CN,חול קריסטל,קילוגרמים,3.60,"ק""ג",false,0,25.90,7.19,true,1,
6934731200078,false,אטריות טריות דקות מזרח מערב 200 גרם,יאנטאי ינסידה לנוגקא,CN,אטריות טריות,גרמים,200.00,100 גרם,false,1,7.90,3.95,true,1,
6935325410118,false,שום יבוא מובחר,קטיף.,XX,שום יבוא מובחר,גרמים,190.00,100 גרם,false,0,6.90,3.63,true,1,
6936745600462,false,רוטב מירין לתיבול מז,דאנינג יוה פודס קו,CN,"מירין 500 מ""ל",מיליליטרים,500.00,"100 מ""ל",false,0,23.70,4.74,true,1,
6936745600783,false,"חומץ אורז מזרח מערב 500 מ""ל",דאנינג יוה פודס קו,CN,חומץ אורז 500 מל,מיליליטרים,500.00,"100 מ""ל",false,0,17.90,3.58,true,1,
6974640730167,false,פטריות שיטאקה 100 גר (כ) (Zhejiang),CO FOOD FOREST .ZHEJIANG,CN,פטריות שיטאקה,גרמים,100.00,100 גרם,false,1,15.90,15.90,true,1,
7271730901261,false,ווקי מאק ארוחת אטריות עם גבינה 156 גרם,ניו וורלד פסטה קומפנ,US,ארוחת אטריות,גרמים,156.00,100 גרם,false,0,11.80,7.56,true,1,
7290000000022,true,עגבניות חממה,קטיף.,IL,עגבניה,קילוגרמים,0.00,"ק""ג",true,0,4.90,4.90,true,1,
7290000000046,true,מלפפונים,קטיף.,IL,מלפפון,קילוגרמים,0.00,"ק""ג",true,0,7.90,7.90,true,1,
7290000000053,true,קישואים מובחר,קטיף.,IL,קישואים מובחר,קילוגרמים,0.00,"ק""ג",true,0,8.90,8.90,true,1,
7290000000084,true,פלפל ירוק בהיר,שותפות מזרחי,IL,פלפל ירוק בהיר,קילוגרמים,0.00,"ק""ג",true,0,10.90,10.90,true,1,
7290000000091,true,פלפל אדום,קטיף.,IL,פלפל אדום,קילוגרמים,0.00,"ק""ג",true,0,10.90,10.90,true,1,
7290000000107,true,פלפל ירוק כהה,קטיף.,IL,פלפל ירוק כהה,קילוגרמים,0.00,"ק""ג",true,0,9.90,9.90,true,1,
7290000000114,true,חצילים,קטיף.,IL,חצילים,קילוגרמים,0.00,"ק""ג",true,0,8.90,8.90,true,1,
7290000000121,true,גזר ארוז,קטיף.,IL,גזר ארוז,קילוגרמים,0.00,"ק""ג",true,0,5.90,5.90,true,1,
7290000000138,true,כרוב לבן,קטיף.,IL,כרוב לבן,קילוגרמים,0.00,"ק""ג",true,0,5.90,5.90,true,1,
7290000000145,true,כרוב אדום,קטיף.,IL,כרוב אדום,קילוגרמים,0.00,"ק""ג",true,0,5.90,5.90,true,1,
7290000000176,true,כרובית,קטיף.,IL,כרובית,קילוגרמים,0.00,"ק""ג",true,0,11.90,11.90,true,1,
7290000000183,true,סלק,קטיף.,IL,סלק,קילוגרמים,0.00,"ק""ג",true,0,5.90,5.90,true,1,
7290000000190,true,לפת,קטיף.,IL,לפת,קילוגרמים,0.00,"ק""ג",true,0,9.90,9.90,true,1,
7290000000206,true,צנון,קטיף.,IL,צנון,קילוגרמים,0.00,"ק""ג",true,0,9.90,9.90,true,1,
7290000000220,true,קולורבי,קטיף.,IL,קולורבי,קילוגרמים,0.00,"ק""ג",true,0,9.90,9.90,true,1,
7290000000282,true,חסה ערבית יחידה,קטיף,IL,חסה ערבית,יחידה,1.00,יחידה,false,0,4.90,4.90,true,1,
7290000000312,true,ארטישוק,קטיף.,IL,ארטישוק,קילוגרמים,0.00,"ק""ג",true,0,19.90,19.90,true,1,
7290000000350,true,מנגולד )סלק עלים( יחידה,קטיף.,IL,פזיל/ מנגולד,יחידה,1.00,יחידה,false,0,6.90,6.90,true,1,
7290000000411,true,שום - רביעייה במארז,קטיף.,XX,שום יבוא,גרמים,190.00,100 גרם,false,0,6.90,3.63,true,1,
7290000000428,true,בטטות מובחר,קטיף.,IL,בטטה,קילוגרמים,0.00,"ק""ג",true,0,10.90,10.90,true,1,
7290000000435,true,סלרי עלים יחידה,קטיף,IL,סלרי עלים,יחידה,1.00,יחידה,false,0,6.90,6.90,true,1,
7290000000466,true,בצל ירוק יחידה,קטיף.,IL,בצל ירוק,יחידה,1.00,יחידה,false,0,6.90,6.90,true,1,
7290000000480,true,בצל יבש,קטיף.,IL,בצל יבש,קילוגרמים,0.00,"ק""ג",true,0,5.90,5.90,true,1,
7290000000503,true,תפוח אדמה קטן ארוז,קטיף.,IL,"תפו""א קטן ארוז",קילוגרמים,0.00,"ק""ג",true,0,7.90,7.90,true,1,
7290000000510,true,פטרוזיליה יחידה,קטיף.,IL,פטרוזיליה,יחידה,1.00,יחידה,false,0,4.90,4.90,true,1,
7290000000527,true,שמיר יחידה,קטיף,IL,שמיר,יחידה,1.00,יחידה,false,0,4.90,4.90,true,1,
7290000000534,true,סלרי ראש יחידה,קטיף,IL,סלרי ראש,יחידה,1.00,יחידה,false,0,6.90,6.90,true,1,
7290000000541,true,שורש פטרוזיליה,קטיף,IL,שורש,יחידה,1.00,יחידה,false,0,6.90,6.90,true,1,
7290000000558,true,כוסברה יחידה,קטיף.,IL,כוסברה,יחידה,1.00,יחידה,false,0,4.90,4.90,true,1,
7290000000565,true,נענע יחידה,קטיף,IL,נענע,יחידה,1.00,יחידה,false,0,4.90,4.90,true,1,
7290000000572,true,שומר,קטיף.,IL,שומר,קילוגרמים,0.00,"ק""ג",true,0,9.90,9.90,true,1,
7290000000589,true,"ארטישוק/תפו""א ירושלמי",קטיף.,IL,"ארטישוק/תפו""א",קילוגרמים,0.00,"ק""ג",true,0,15.90,15.90,true,1,
7290000000596,true,תפוח אדמה לבן תפזורת,קטיף.,IL,תפוח אדמה תפזורת,קילוגרמים,0.00,"ק""ג",true,0,5.90,5.90,true,1,
7290000000619,true,פלפל חריף,שותפות מזרחי,IL,פלפל חריף,קילוגרמים,0.00,"ק""ג",true,0,10.90,10.90,true,1,
7290000000633,true,עירית יחידה,קטיף,IL,עירית יחידה,יחידה,1.00,יחידה,false,0,6.90,6.90,true,1,
7290000000701,true,פטריות שמפניון למילוי,קטיף.,IL,שמפניון למילוי,קילוגרמים,0.00,"ק""ג",true,0,36.90,36.90,true,1,
7290000000718,true,פטריות חורש במשקל,קטיף.,IL,פטריות חורש,קילוגרמים,0.00,"ק""ג",true,0,36.90,36.90,true,1,
7290000000732,true,דלורית,קטיף.,IL,דלורית,קילוגרמים,0.00,"ק""ג",true,0,7.90,7.90,true,1,
7290000000794,true,גבעולי סלרי יחידה,יראון עבודות חקלאיות,IL,גבעולי סלרי,יחידה,1.00,יחידה,false,0,6.90,6.90,true,1,
7290000000824,true,קשוא ירוק )זוקיני(,קטיף.,IL,קשוא ירוק,קילוגרמים,0.00,"ק""ג",true,0,9.90,9.90,true,1,
7290000000855,true,פלפל צהוב,קטיף.,IL,פלפל צהוב,קילוגרמים,0.00,"ק""ג",true,0,10.90,10.90,true,1,
7290000000916,true,עגבניה שרי סוכריות יח,קטיף.,IL,עגבניה שרי בודד,יחידה,1.00,יחידה,false,0,10.90,10.90,true,1,
7290000000930,true,קישוא עגול,קטיף.,IL,קישוא עגול,קילוגרמים,0.00,"ק""ג",true,0,14.90,14.90,true,1,
7290000001029,true,פילפל צילי יחידה,קטיף.,IL,פילפל צילי יח,יחידה,1.00,יחידה,false,0,6.90,6.90,true,1,
7290000001036,true,בצל יבש אדום,קטיף.,XX,בצל יבש אדום,קילוגרמים,0.00,"ק""ג",true,0,7.90,7.90,true,1,
7290000001104,true,פטריות חורש יחידה,קטיף.,IL,פטריות חורש,יחידה,1.00,יחידה,false,0,10.90,10.90,true,1,
7290000001661,true,גזר תפזורת,קטיף.,IL,גזר תפזורת,קילוגרמים,0.00,"ק""ג",true,0,5.90,5.90,true,1,
7290000001715,true,תפוח אדמה לבן ארוז,קטיף.,IL,"תפו""א לבן ארוז",קילוגרמים,0.00,"ק""ג",true,0,4.90,4.90,true,1,
7290000001722,true,תפוח אדמה אדום תפזורת,קטיף.,IL,"תפו""א אדום תפז'",קילוגרמים,0.00,"ק""ג",true,0,6.90,6.90,true,1,
7290000002040,true,חלה רגילה 500 גרם,מאפית ברמן,IL,חלה רגילה,גרמים,500.00,100 גרם,false,0,5.50,1.10,true,1,
7290000002071,true,חלה קלועה רגילה 500 גרם,מאפית ברמן,IL,חלה קלועה רגילה,גרמים,500.00,100 גרם,false,0,5.50,1.10,true,1,
7290000023083,false,ערק אשקלון בקבוק 700,"יקבי ברקן בע""\מ",IL,ערק אשקלון,מיליליטרים,700.00,"100 מ""ל",false,0,57.90,8.27,true,1,
7290000023809,false,"יין קלאסיק קברנה סוביניון ברקן 750 מ""ל",יקבי ברקן שיווק והפצה בע,IL,קברנה קלאסיק,מיליליטרים,750.00,"100 מ""ל",false,0,29.90,3.99,true,1,
7290000023847,false,"יין קלאסיק שרדונה ברקן 750 מ""ל",יקבי ברקן שיווק והפצה בע,IL,יין לבן שרדונה,מיליליטרים,750.00,"100 מ""ל",false,0,29.90,3.99,true,1,
7290000023977,false,"יין קלאסיק מרלו ברקן 750 מ""ל",יקבי ברקן שיווק והפצה בע,IL,מרלו קלאסיק,מיליליטרים,750.00,"100 מ""ל",false,0,29.90,3.99,true,1,
7290000024202,false,"יין רזרב קברנה סוביניון ברקן 750 מ""ל",ברקן שיווק והפצה בעמ,IL,ברקן רזרב,מיליליטרים,750.00,"100 מ""ל",false,0,49.90,6.65,true,1,
7290000024264,false,"יין רזרב מרלו ברקן 750 מ""ל","כרמי צבי - אחים סגל בע""\",IL,מרלו רזרב,מיליליטרים,750.00,"100 מ""ל",false,0,49.90,6.65,true,1,
7290000024530,false,"יין אדום מתוק לקידוש סגל 750 מ""ל","כרמי צבי - אחים סגל בע""\",IL,יין מתוק לקידוש,מיליליטרים,750.00,"100 מ""ל",false,0,16.90,2.25,true,1,
7290000024561,false,"יין אסמבלאז' איתן 2011 ברקן 750 מ""ל",יקבי ברקן,IL,אסמבלאז' איתן,מיליליטרים,750.00,"100 מ""ל",false,1,59.90,7.99,true,1,
7290000034256,false,ביסקוויט תירוש חצי מצופה הדר 175ג',אפיפית נצרת תעשיות ב,IL,ביסקוויט תירוש,גרמים,175.00,100 גרם,false,0,6.90,3.94,true,1,
7290000040042,false,יופלה יוגורט תות 3% שומן 150 גרם,תנובה חלב,IL,יופלה תות 3%,גרמים,150.00,100 גרם,false,0,5.50,3.67,true,1,
7290000040080,false,יופלה יוגורט אפרסק 3% שומן 150 גרם,תנובה חלב,IL,יופלה אפרסק3%,גרמים,150.00,100 גרם,false,0,5.50,3.67,true,1,
7290000040974,false,חלב דל לקטוז 2% תנובה קרטון 1 ליטר,תנובה מרכז שיתופי לש,IL,חלב טרי דל לקטוז,ליטרים,1.00,ליטר,false,0,7.20,7.20,true,1,
7290000041445,false,קוטג תנובה גביע 250 גרם 5% בדצ,מיוצר עי קונדיטוריית,IL,קוטג' תנובה 5%,גרמים,250.00,100 גרם,false,0,5.70,2.28,true,1,
7290000041858,false,"שמנת חמוצה 15% מועשרת יטבתה 200 מ""ל",שטראוס גרופ,IL,שמנת חמוצה יטבתה,מיליליטרים,200.00,"100 מ""ל",false,0,2.60,1.30,true,1,
7290000041872,false,"לבן 3% יטבתה 200מ""ל מהדרין",שטראוס גרופ,IL,לבן יטבתה 3%,מיליליטרים,200.00,"100 מ""ל",false,0,2.00,1.00,true,1,
7290000042008,false,חלב תנובה טרי 3% שקית 1 ל',"תנובה, מחלבת רחובות",IL,חלב 3% בשקית,ליטרים,1.00,ליטר,false,0,5.43,5.43,true,1,
7290000042015,false,"חלב שתייה תנובה בד""צ בשקית 1 ליטר",תנובה מרכז שיתופי לש,IL,חלב 3% שקית,ליטרים,1.00,ליטר,false,0,5.43,5.43,true,1,
7290000042435,false,חלב דל שומן בקרטון+פקק תנובה 1 ליטר,תנובה מרכז שיתופי לש,IL,חלב 1% בקרטון,ליטרים,1.00,ליטר,false,0,5.86,5.86,true,1,
7290000042442,false,"חלב תנובה טרי 3% ""תנובה"" - מוצר בפיקוח",תנובה חלב,IL,חלב תנובה 3%,ליטרים,1.00,ליטר,false,0,6.23,6.23,true,1,
7290000042640,false,"חלב תנובה עמיד 3% קרטון 250 מ""ל",תנובה מרכז שיתופי לש,IL,חלב עמיד 3% שומן,מיליליטרים,250.00,"100 מ""ל",false,0,2.90,1.16,true,1,
7290000042855,false,"שוקו בשקית 250 מ""ל ""יטבתה""",שטראוס גרופ,IL,שוקו בשקית,מיליליטרים,225.00,"100 מ""ל",false,0,2.60,1.16,true,1,
7290000043012,false,"שוקו עמיד 2% בקרטון 250 מ""ל תנובה",תנובה מרכז שיתופי לש,IL,שוקו עמיד,מיליליטרים,250.00,"100 מ""ל",false,0,4.90,1.96,true,1,
7290000043814,false,השף הלבן שמנת להקצפה 38% שומן 250 מל - מוצר בפיקוח,תנובה מרכז שיתופי לש,IL,שמנת עמידה לקצפת,מיליליטרים,250.00,"100 מ""ל",false,0,6.47,2.59,true,1,
7290000043890,false,תנובה רויון לבן מחלב מפסוטר 1.5%,תנובה מרכז שיתופי לש,IL,רויון בקרטון1.5%,ליטרים,1.00,ליטר,false,0,11.90,11.90,true,1,
7290000043944,false,כד יוגורט תנובה 4% שומן 1.5 ליטר,מיוצר עי קונדיטוריית,IL,יוגורט בכד 4%,ליטרים,1.50,ליטר,false,0,17.70,11.80,true,1,
7290000045917,false,תנובה פרומעז גבינה מותכת מחלב עיזים 23% שומן,תנובה חלב,IL,גבינת פרומעז,גרמים,200.00,100 גרם,false,0,29.00,14.50,true,1,
7290000046020,false,גלבוע גבינה שמנה במש,תנובה מרכז שיתופי לש,IL,גבינת גלבוע 22%,קילוגרמים,0.00,"ק""ג",true,0,42.58,42.58,true,1,
7290000047546,false,השף הלבן כנען גבינה לבנה דלת נתרן 5% תנובה 500 גרם,תנובה מרכז שיתופי לש,IL,גבינת כנען 5%,גרמים,500.00,100 גרם,false,0,26.80,5.36,true,1,
7290000048185,false,גבינה לבנה 5% תנובה 250 גרם מהדרין,מיוצר עי קונדיטוריית,IL,גבינה לבנה 5%,גרמים,250.00,100 גרם,false,0,4.98,1.99,true,1,
7290000048192,false,גבינה לבנה 9% תנובה 250 גרם מהדרין,מחלבת אלון תבור,IL,גבינה לבנה 9%,גרמים,250.00,100 גרם,false,0,5.10,2.04,true,1,
7290000048307,false,גבינת קוטג' עם זיתים 5% תנובה 250 גרם,מיוצר עי קונדיטוריית,IL,קוטג' עם זיתים5%,גרמים,250.00,100 גרם,false,0,5.80,2.32,true,1,
7290000048444,false,"גבינת חמד 16%שומן 1 ק""ג",תנובה מרכז שיתופי לש,IL,גבינת חמד 16%,קילוגרמים,1.00,"ק""ג",false,0,57.20,57.20,true,1,
7290000051307,false,"מארז הפסקת אוכל עם דגני עוגי ומשקה חלב עמיד בטעם וניל 150 מ""ל",תנובה מרכז שיתופי לש,IL,מארז הפסקת אוכל,יחידה,1.00,יחידה,false,0,10.40,10.40,true,1,
7290000051352,false,חלב מלא בטעם של פעם 3.4% תנובה קרטון 1 ל',תנובה מרכז שיתופי לש,IL,חלב של פעם מלא,ליטרים,1.00,ליטר,false,0,7.80,7.80,true,1,
7290000052311,false,גבינה צהובה עמק לייט 15% שומן 200 גרם,תנובה מרכז שיתופי לש,IL,עמק 15% פרוס,גרמים,200.00,100 גרם,false,0,17.40,8.70,true,1,
7290000052649,false,גבינת לאבנה 5% שומן 500 ג' פיראוס,תנובה מרכז שיתופי לש,IL,לאבנה פיראוס 5%,גרמים,500.00,100 גרם,false,0,23.00,4.60,true,1,
7290000052717,false,גבינת קוטג' שום שמיר 5% תנובה 250 גרם,מיוצר עי קונדיטוריית,IL,קוטג' +שום שמיר,גרמים,250.00,100 גרם,false,0,5.80,2.32,true,1,
7290000055329,false,"משקה בוקר יוגורט 1.5% בטעם תות מלון יופלה 250 מ""ל",תנובה מרכז שיתופי לש,IL,משקה יוגורט,גרמים,250.00,100 גרם,false,0,6.30,2.52,true,1,
7290000055350,false,גבינה צהובה חריץ עמק 28% במשקל,תנובה מרכז שיתופי לש,IL,גבינת עמק 28%,קילוגרמים,0.00,"ק""ג",true,1,44.79,44.79,true,1,
7290000055893,false,חמאה משמנת מפוסטרת 200גרם 82% כ.מהדרין - מוצר בפיקוח,תנובה מרכז שיתופי לש,IL,חמאה מהדרין,גרמים,200.00,100 גרם,false,0,8.20,4.10,true,1,
7290000056845,false,תנובה חלב טרי 3% שומן 1.5 ליטר - מוצר בפיקוח,פארייפאבה אגרואינדוס,IL,חלב תנובה 3%,ליטרים,1.50,ליטר,false,0,9.34,6.23,true,1,
7290000056883,false,שמיניית יוגורט יופלה 3% טעמים שונים 150 גרם,תנובה מרכז שיתופי לש,IL,יופלה 8 יח במארז,קילוגרמים,1.20,"ק""ג",false,0,33.90,28.25,true,1,
7290000057118,false,גבינה צהובה עמק 28% שומן ואקום 400 גרם,תנובה מרכז שיתופי לש,IL,גבינת עמק פרוסה,גרמים,400.00,100 גרם,false,0,24.30,6.08,true,1,
7290000057132,false,יוגורט תנובה טבעי 1.5% גביע 200 גרם,מחלבת אלון תבור,IL,יוגורט תנובה1.5%,גרמים,200.00,100 גרם,false,0,3.20,1.60,true,1,
7290000057149,false,יוגורט תנובה טבעי 3% גביע 200 גרם,מיוצר עי קונדיטוריית,IL,יוגורט תנובה 3%,גרמים,200.00,100 גרם,false,0,3.20,1.60,true,1,
7290000058030,false,"שמיניית יופלה שטוזים משקה יוגורט תות 100 מ""ל",מיוצר עי קונדיטוריית,IL,8שטוזים משקה תות,מיליליטרים,800.00,"100 מ""ל",false,0,22.20,2.78,true,1,
7290000058047,false,שמנת להקצפה 38% 500מל מהדרין עמיד השף הלבן,תנובה מרכז שיתופי לש,IL,משמנת להקצפה 38%,מיליליטרים,500.00,"100 מ""ל",false,0,12.94,2.59,true,1,
7290000060071,false,אוסם - חטיפי פריכונים מאורז מלא קלוי 80גר,"פרח תעשיות מזון בע""מ.",IL,חטיפי פריכונים,גרמים,80.00,100 גרם,false,0,8.60,10.75,true,1,
7290000060088,false,בייגלה מקלות מלוחים אסם 400 גרם,מיוצר עי קונדיטוריית,IL,בייגלה מקלות,גרמים,400.00,100 גרם,false,0,12.50,3.13,true,1,
7290000060163,false,אטריות דקות אסם 400 גרם,"אסם תעשיות בע""מ",IL,אטריות דקות,גרמים,400.00,100 גרם,false,0,5.00,1.25,true,1,
7290000060200,false,אוסם - פתיתים אפויים קוסקוס 500 גרם,"אסם תעשיות בע""מ",IL,פתיתים אפויים,גרמים,500.00,100 גרם,false,0,7.20,1.44,true,1,
7290000060217,false,פסטה מקרוני מספר 7 אסם 500 גרם,קריות זול,IT,פסטה מקרוני 7,גרמים,500.00,100 גרם,false,0,6.00,1.20,true,1,
7290000060248,false,פסטה אסם פתיתים תלתלים 500 גר',קריות זול,IT,פסטה תלתלים,גרמים,500.00,100 גרם,false,0,6.00,1.20,true,1,
7290000060408,false,פתיתים אפויים טבעות אסם 500 גרם,מיוצר עי קונדיטוריית,IL,פתיתים טבעות,גרמים,500.00,100 גרם,false,0,7.20,1.44,true,1,
7290000060576,false,פתיתים אפויים כוכבים אסם 500 גרם,"אסם השקעות בע""\מ",IL,פתיתים אפויים,גרמים,500.00,100 גרם,false,0,7.20,1.44,true,1,
7290000060781,false,פסטה מסולסלים אסם 500 גרם,קריות זול,IT,פסטה מסולסלת,גרמים,500.00,100 גרם,false,0,6.00,1.20,true,1,
7290000060828,false,פסטה קרניים בינוניות אסם 500 גרם,קריות זול,IT,פסטה קרניים,גרמים,500.00,100 גרם,false,0,6.00,1.20,true,1,
7290000060842,false,פסטה צדפים גדולים אסם 500 גרם,קריות זול,IT,פסטה צדפים אסם,גרמים,500.00,100 גרם,false,0,6.00,1.20,true,1,
7290000060880,false,פסטה ספגטי מספר 8 אסם 500 גרם,קריות זול,IT,ספגטי מס' 8,גרמים,500.00,100 גרם,false,0,6.00,1.20,true,1,
7290000060903,false,אוסם - פתיתים אפויים אורז 500 גרם,"אסם השקעות בע""\מ",IL,פתיתים אפויים,גרמים,500.00,100 גרם,false,0,7.20,1.44,true,1,
7290000060958,false,אטריות בינוניות אסם 400 גרם,"אסם השקעות בע""\מ",IL,אטריות בינוניות,גרמים,400.00,100 גרם,false,0,5.00,1.25,true,1,
7290000060965,false,איטריות מובחר רחבות 400 ג',"אסם השקעות בע""\מ",IL,אטריות רחבות,גרמים,400.00,100 גרם,false,0,5.00,1.25,true,1,
7290000061061,false,קרקר חיטה עם בצל אסם,"אסם השקעות בע""\מ",IL,קרקר בטעם בצל,גרמים,250.00,100 גרם,false,0,12.20,4.88,true,1,
7290000061085,false,"רוטב צילי מתוק 290 מ""ל-בקבוק","אסם השקעות בע""\מ",IL,רוטב צ'ילי אסם,מיליליטרים,290.00,"100 מ""ל",false,0,12.70,4.38,true,1,
7290000061108,false,"רוטב טריאקי 290 מ""ל-בקבוק","אסם השקעות בע""\מ",IL,רוטב טריאקי,מיליליטרים,290.00,"100 מ""ל",false,0,12.70,4.38,true,1,
7290000061214,false,פתיתים אפויים קוסקוס עם בצל אסם 500 גרם,"אסם השקעות בע""\מ",IL,פתיתים אפויים,גרמים,500.00,100 גרם,false,0,7.20,1.44,true,1,
7290000061245,false,עוגיות שוקולד צ'יפס במילוי קרם בטעם שוקולד,מיוצר עי קונדיטוריית,IL,עוגיות ש.צ'יפס,גרמים,220.00,100 גרם,false,0,13.00,5.91,true,1,
7290000062952,false,אוסם - מיני קרוטונים למרק ולסלט 250 גרם,עינת תעשיות מזון אגו,IL,מיני קרוטונים,גרמים,250.00,100 גרם,false,0,17.20,6.88,true,1,
7290000063133,false,אסם שקדי מרק רכיבים טבעיים 24*100גרם,"אסם השקעות בע""מ",IL,שקדי מרק אסם,גרמים,100.00,100 גרם,false,0,7.20,7.20,true,1,
7290000063140,false,שקדי מרק רכיבים טבעיים בשקית 400 ג' אסם,"אסם תעשיות בע""מ",IL,שקדי מרק אסם,גרמים,400.00,100 גרם,false,0,9.80,2.45,true,1,
7290000063157,false,"קמח עוגה תופח מאליו אסם 1 ק""ג","אסם השקעות בע""\מ",IL,קמח תופח מאליו,קילוגרמים,1.00,"ק""ג",false,0,11.00,11.00,true,1,
7290000064758,false,קוסקוס בינוני אמיתי אסם 350 ג',"מיוצר ע""י קוד יצרן K",IL,קוסקוס בינוני,גרמים,350.00,100 גרם,false,0,9.40,2.69,true,1,
7290000064871,false,"אוסם - מנה חמה פירה תפו""א עם בצל 56 גרם","אסם תעשיות בע""מ",IL,מנה חמה פירה,גרמים,56.00,100 גרם,false,0,7.40,13.21,true,1,
7290000065090,false,מיני קרוטונים מתובלים למרק ולסלט אסם 400 גרם,עינת תעשיות מזון אגו,IL,מיני קרוטונים,גרמים,400.00,100 גרם,false,0,28.10,7.03,true,1,
7290000065335,false,אוסם - מנה חמה פירה עם ירקות 55 גרם,"אסם תעשיות בע""מ",IL,מנה חמה פירה,גרמים,55.00,100 גרם,false,0,7.40,13.45,true,1,
7290000065557,false,אוסם - מנה חמה קוסקוס עם ירקות 84 גרם,"אסם תעשיות מזון בע""מ",IL,מנה חמה קוסקוס,גרמים,84.00,100 גרם,false,0,7.40,8.81,true,1,
7290000065977,false,חטיפי פריכונים תירס שומשום אסם 80 גרם,"פרח תעשיות מזון בע""מ.",IL,פריכונים תירס,גרמים,80.00,100 גרם,false,0,8.60,10.75,true,1,
7290000066134,false,ביסלי חטיף בטעם פלאפל אסם 70 גרם,"אסם השקעות בע""\מ",IL,ביסלי פלאפל,גרמים,70.00,100 גרם,false,0,4.70,6.71,true,1,
7290000066141,false,ביסלי חטיף בטעם גריל אסם 70 גרם,"אסם השקעות בע""\מ",IL,ביסלי גריל,גרמים,70.00,100 גרם,false,0,4.70,6.71,true,1,
7290000066172,false,ביסלי חטיף בטעם פיצה אסם 70 גרם,"אסם השקעות בע""\מ",IL,ביסלי פיצה,גרמים,70.00,100 גרם,false,0,4.70,6.71,true,1,
7290000066196,false,ביסלי חטיף בטעם גריל אסם 200 גרם,מיוצר עי קונדיטוריית,IL,ביסלי גריל,גרמים,200.00,100 גרם,false,0,8.20,4.10,true,1,
7290000066226,false,ביסלי חטיף בטעם פיצה אסם 200 גרם,מיוצר עי קונדיטוריית,IL,ביסלי בטעם פיצה,גרמים,200.00,100 גרם,false,0,8.20,4.10,true,1,
7290000066264,false,דובונים חטיף תפוחי אדמה אסם 40 גרם,"אסם השקעות בע""\מ",IL,חטיפי דובונים,גרמים,40.00,100 גרם,false,0,5.20,13.00,true,1,
7290000066295,false,במבה מתוקה מחומרים טבעיים 30 גרם,מיוצר עי קונדיטוריית,IL,במבה מתוקה,גרמים,30.00,100 גרם,false,0,2.90,9.67,true,1,
7290000066318,false,במבה חטיף בוטנים אסם 80 גרם,"אסם השקעות בע""\מ",IL,במבה,גרמים,80.00,100 גרם,false,0,4.90,6.13,true,1,
7290000066332,false,אפרופו חטיף תירס אסם 50 גרם,מיוצר עי קונדיטוריית,IL,חטיף אפרופו,גרמים,50.00,100 גרם,false,0,6.10,12.20,true,1,
7290000066349,false,אפרופו חטיף תירס אסם 100 גרם,מיוצר עי קונדיטוריית,IL,אפרופו חטיף תירס,גרמים,100.00,100 גרם,false,0,9.70,9.70,true,1,
7290000066431,false,פופקו חטיף פופקורן בטעם חמאה ודבש אסם 80 גרם,מיוצר עי קונדיטוריית,IL,חטיף פופקו,גרמים,80.00,100 גרם,false,0,5.80,7.25,true,1,
7290000067544,false,פירורית זהב פירורי לחם אסם 200 גרם,עינת תעשיות מזון אגו,IL,פירורית זהב,גרמים,200.00,100 גרם,false,0,8.00,4.00,true,1,
7290000067599,false,מנה חמה ספגטי ברוטב בולונז אסם 65 גרם,"אסם השקעות בע""\מ",IL,מנה חמה בולונז,גרמים,65.00,100 גרם,false,0,7.40,11.38,true,1,
7290000068138,false,אינסטנט פודינג בטעם וניל אסם 80 גרם,מיוצר עי קונדיטוריית,IL,אינסטנט פודינג,גרמים,80.00,100 גרם,false,0,5.90,7.38,true,1,
7290000068190,false,אסם ג'לי תות שדה צבעים טבעיים 90 גרם,מיוצר עי קונדיטוריית,IL,ג'לי בטעם תות,גרמים,90.00,100 גרם,false,0,7.80,8.67,true,1,
7290000068251,false,אבקה להכנת ג'לי בטעם אננס אסם 85 גרם,מיוצר עי קונדיטוריית,IL,ג'לי בטעם אננס,גרמים,85.00,100 גרם,false,0,7.80,9.18,true,1,
7290000068343,false,אסם פריכונים פרוסות קלויות מלא,"פרח תעשיות מזון בע""מ.",IL,פריכונים מאורז,גרמים,140.00,100 גרם,false,0,9.50,6.79,true,1,
7290000068701,false,אסם שקדי מרק רכיבים טבע.מיכל 400 גרם,"אסם תעשיות בע""מ",IL,שקדי מרק במיכל,גרמים,400.00,100 גרם,false,0,18.20,4.55,true,1,
7290000068787,false,במבה יום הולדת חטיף בוטנים אסם 25 גרם,מיוצר עי קונדיטוריית,IL,במבה יום הולדת,גרמים,25.00,100 גרם,false,0,2.50,10.00,true,1,
7290000069258,false,פסטה פרפקטו פנה ריגאטה 500 ג' אסם,אסם פרפקטו Perfecto,IT,פנה ריגאטה,גרמים,500.00,100 גרם,false,0,7.00,1.40,true,1,
7290000069364,false,פריכונים מאורז מלא ללא תוספת סוכר אסם 140 גרם,"פרח תעשיות מזון בע""מ.",IL,פריכונים מאורז,גרמים,140.00,100 גרם,false,0,9.50,6.79,true,1,
7290000070322,false,אבקת מרק פטריות רכיבים טבעיים אסם 400 גרם,"אסם השקעות בע""\מ",IL,מרק פטריות אסם,גרמים,400.00,100 גרם,false,0,30.70,7.68,true,1,
7290000070353,false,אבקת מרק בצל רכיבים טבעיים אסם 400 גרם,"אסם השקעות בע""\מ",IL,מרק בצל אסם,גרמים,400.00,100 גרם,false,0,30.70,7.68,true,1,
7290000072241,false,"רוטב פיצה 290 מ""ל-בקבוק","אסם השקעות בע""\מ",IL,רוטב לפיצה אסם,מיליליטרים,290.00,"100 מ""ל",false,0,12.70,4.38,true,1,
7290000072623,false,קטשופ אסם בקבוק לחיץ 750 גרם,"אסם תעשיות בע""מ",IL,קטשופ בקבוק לחיץ,גרמים,750.00,100 גרם,false,0,8.90,1.19,true,1,
7290000072753,false,קפה נמס מגורען טסטרס צ'ויס 200 גרם-,נסטלה קוריאה - קפה,KR,קפה טסטרס צ'ויס,גרמים,200.00,100 גרם,false,0,32.90,16.45,true,1,
7290000072777,false,קפה נמס מגורען נטול קפאין טסטרס צ'ויס 200 גרם,נסטלה קוריאה - קפה,KR,קפה טסטרס צויס,גרמים,200.00,100 גרם,false,0,39.60,19.80,true,1,
7290000072784,false,קפה נמס טייסטרס צ'ויס Taster's Choice נטול קפאין,נסטלה קוריאה - קפה,KR,קפה טסטרס צויס,גרמים,100.00,100 גרם,false,0,29.60,29.60,true,1,
7290000072968,false,דגני בוקר סיני מיניס חיטה מלאה וקינמון נסטלה 500 גרם,נסטלה פולין דגני בוק,PL,דגני נסטלה,גרמים,500.00,100 גרם,false,0,14.90,2.98,true,1,
7290000073125,false,מנה חמה פסטה ברוטב עגבניות אסם 62 גרם,"אסם השקעות בע""\מ",IL,מנה חמה פסטה,גרמים,62.00,100 גרם,false,0,7.40,11.94,true,1,
7290000073750,false,מנה חמה נודלס אטר+ירקות טעם עוף 70 גרם,PUB FOODS PRESIDENT THAI,TH,מנה חמה נודלס,גרמים,70.00,100 גרם,false,0,7.40,10.57,true,1,
7290000073767,false,מנה חמה נודלס אטר.+ירקות טעם בקר 70 גרם,PUB FOODS PRESIDENT THAI,TH,מנה חמה נודלס,גרמים,70.00,100 גרם,false,0,7.40,10.57,true,1,
7290000074184,false,ביסקויט פתיבר קלאסי 500 גרם,"אסם השקעות בע""\מ",IL,ביסקוויט פתי בר,גרמים,500.00,100 גרם,false,0,12.70,2.54,true,1,
7290000074245,false,אוסם - קרם קרקר אסם 250 גרם,"אסם השקעות בע""\מ",IL,קרם קרקר אסם,גרמים,250.00,100 גרם,false,0,12.20,4.88,true,1,
7290000074252,false,קרקר שומשון אסם 250 גרם,"אסם השקעות בע""\מ",IL,קרקר שומשום אסם,גרמים,250.00,100 גרם,false,0,11.80,4.72,true,1,
7290000074375,false,אוסם - קרקר זהב 150 גרם,"אסם השקעות בע""\מ",IL,קרקר זהב אסם,גרמים,150.00,100 גרם,false,0,8.60,5.73,true,1,
7290000074481,false,לחמית אגוזים אסם 160 גרם,"אסם השקעות בע""\מ",IL,לחמית אגוזים,גרמים,160.00,100 גרם,false,0,12.20,7.63,true,1,
7290000076133,false,בייגלה שמיניות קטנות עם מלח אסם 400 גרם,"אסם השקעות בע""\מ",IL,בייגלה שמיניות,גרמים,400.00,100 גרם,false,0,12.50,3.13,true,1,
7290000076645,false,טוסטעים פת קלויה חיטה מלאה אסם 100 גרם,ון דר מולן האלום,NL,טוסטעיםחיטה מלאה,גרמים,100.00,100 גרם,false,0,12.00,12.00,true,1,
7290000077017,false,עוגיות קרמוגית במילוי קרם שוקולד אסם 200 גרם,מיוצר עי קונדיטוריית,IL,קרמוגית שוקולד,גרמים,200.00,100 גרם,false,0,13.40,6.70,true,1,
7290000077253,false,אוסם - לחמית כפרית עם דגנים מלאים 190 גרם,"אסם השקעות בע""\מ",IL,לחמית כפרית,גרמים,190.00,100 גרם,false,0,12.20,6.42,true,1,
7290000078212,false,קרוטונים מתובלים למרק אסם 250 גרם,עינת תעשיות מזון אגו,IL,קרוטונים מתובל,גרמים,250.00,100 גרם,false,0,16.80,6.72,true,1,
7290000078762,false,אוסם - חטיפי פריכונים מאורז מלא בטעם דבש 80גר,סנורייס בלגיום אן. ו,GB,חטיפי פריכונים,גרמים,80.00,100 גרם,false,0,8.60,10.75,true,1,
7290000090030,true,מאפה נפולאון מחיר לפי מש,גידרון,IL,נפוליאון חלבי,קילוגרמים,0.00,"ק""ג",true,0,42.00,42.00,true,1,
7290000090832,true,בייגל אמריקאי רגיל,גידרון,IL,בייגל אמריקאי,יחידה,1.00,יחידה,false,0,4.90,4.90,true,1,
7290000091808,true,בייגל שמינייה,גידרון,IL,בייגל שמינייה,יחידה,1.00,יחידה,false,0,4.90,4.90,true,1,
7290000092201,true,כיס גבינה וצימוקים,גידרון,IL,כיס גבינה וצימוק,קילוגרמים,0.00,"ק""ג",true,0,42.00,42.00,true,1,
7290000092218,true,"כיס תפו""ע מחיר לפי משקל",גידרון,IL,מאפה כיס תפוח עץ,קילוגרמים,0.00,"ק""ג",true,0,42.00,42.00,true,1,
7290000092614,true,טורקי פטריות במשקל,גידרון,IL,טורקי פטריות,קילוגרמים,0.00,"ק""ג",true,0,42.00,42.00,true,1,
7290000093031,true,לחם ג'בטה,גידרון,IL,לחם ג'בטה,יחידה,1.00,יחידה,false,0,8.90,8.90,true,1,
7290000094168,true,בייגל אמריקאי כפרי,גידרון,IL,בייגל אמריקאי כפ,יחידה,1.00,יחידה,false,0,4.90,4.90,true,1,
7290000094199,true,לחם חצי ג'בטה,גידרון,IL,חצי ג'בטה לבן,יחידה,1.00,יחידה,false,0,4.90,4.90,true,1,
7290000094373,true,לחם חצי ג'בטה כפרי,גידרון,IL,לחם חצי ג'בטה,יחידה,1.00,יחידה,false,0,4.90,4.90,true,1,
7290000094663,true,לחמניה גידרול כפרי,גדרון סהרון,IL,לחמניה גידרול,יחידה,1.00,יחידה,false,0,5.90,5.90,true,1,
7290000096018,true,שנייק קינמון במשקל,גידרון,IL,שנק קינמון,קילוגרמים,0.00,"ק""ג",true,0,42.00,42.00,true,1,
7290000096032,true,חצי בגט,גידרון,IL,חצי בגט,יחידה,1.00,יחידה,false,0,4.20,4.20,true,1,
7290000096445,true,אוזני המן שוקולד במשקל,גידרון,IL,אוזני המן שוקו,קילוגרמים,0.00,"ק""ג",true,0,49.00,49.00,true,1,
7290000096476,true,אוזני המן פרג במשקל,גידרון,IL,אוזני המן פרג,קילוגרמים,0.00,"ק""ג",true,0,49.00,49.00,true,1,
7290000096513,true,אוזני המן תמרים במשקל,גידרון,IL,אוזני המן תמרים,קילוגרמים,0.00,"ק""ג",true,0,49.00,49.00,true,1,
7290000096919,true,טורקי גבינה במשקל,גידרון,IL,בורקס טורקיגבינה,קילוגרמים,0.00,"ק""ג",true,0,42.00,42.00,true,1,
7290000097237,true,בגט 280 גרם,גידרון,IL,בגט גדרון,יחידה,1.00,יחידה,false,0,5.70,5.70,true,1,
7290000097596,true,לחמנית 1/3 באגט,גידרון,IL,לחמנית בגט,יחידה,1.00,יחידה,false,0,3.50,3.50,true,1,
7290000097633,true,לחמניית קשר,גידרון,IL,לחמניית קשר,יחידה,1.00,יחידה,false,0,4.20,4.20,true,1,
7290000097657,true,לחמניית חלה,גידרון,IL,לחמניית חלה,יחידה,1.00,יחידה,false,0,4.90,4.90,true,1,
7290000098296,true,לחמניית אצבע,גידרון,IL,לחמניית אצבע,יחידה,1.00,יחידה,false,0,2.90,2.90,true,1,
7290000099248,true,בורקס גבינה חלבי במשקל,גידרון,IL,בורקס גבינה חלבי,קילוגרמים,0.00,"ק""ג",true,0,42.00,42.00,true,1,
7290000099255,true,בורקס תפוח אדמה מחיר לקג,גידרון,IL,בורקס תפוח אדמה,קילוגרמים,0.00,"ק""ג",true,0,42.00,42.00,true,1,
7290000099354,true,בורקס פיטריות קטן במשקל,גידרון,IL,בורקס פטריות,קילוגרמים,0.00,"ק""ג",true,0,45.00,45.00,true,1,
7290000099385,true,גביניות חלבי במשקל,גידרון,IL,גביניות חלבי,קילוגרמים,0.00,"ק""ג",true,0,42.00,42.00,true,1,
7290000099415,true,רוגלך במשקל,גידרון,IL,רוגלך במשקל,קילוגרמים,0.00,"ק""ג",true,0,42.00,42.00,true,1,
7290000099439,true,קרואסון קטן במשקל,גידרון,IL,קרואסון קטן ריק,קילוגרמים,0.00,"ק""ג",true,0,42.00,42.00,true,1,
7290000099477,true,קרואסון ביס שוקולד במשקל,גידרון,IL,קרואסון שוקולד,קילוגרמים,0.00,"ק""ג",true,0,42.00,42.00,true,1,
7290000099514,true,מאפה צימוקים קטן במשקל,גידרון,IL,וניל צימוק חלבי,קילוגרמים,0.00,"ק""ג",true,0,45.00,45.00,true,1,
7290000099804,true,קוקיס שוקולד לבן במשקל,גידרון,IL,קוקיס שוק.חלבי,קילוגרמים,0.00,"ק""ג",true,0,52.00,52.00,true,1,
7290000099835,true,קוקיס+שבבי שוקולד חלבי,גידרון,IL,קוקיס שוק.חלבי,קילוגרמים,0.00,"ק""ג",true,0,52.00,52.00,true,1,
7290000099927,true,בורקיטס חלבי במשקל,גידרון,IL,בורקיטס חלבי,קילוגרמים,0.00,"ק""ג",true,0,42.00,42.00,true,1,
7290000100135,false,פירות קפואים סנפרוסט דובדבן 300 גר,"סנפרוסט בע""מ",IL,דובדבן מתוק קפוא,גרמים,300.00,100 גרם,false,1,19.90,6.63,true,1,
7290000100593,false,פרוסות אנטיפסטי לתנור סנפרוסט 600 גרם,"סנפרוסט בע""\מ",IL,אנטיפסטי לתנור,גרמים,600.00,100 גרם,false,1,24.90,4.15,true,1,
7290000100609,false,קוביות אנטיפסטי להקפצה סנפרוסט 600 גרם,"סנפרוסט בע""\מ",IL,אנטיפסטי להקפצה,גרמים,600.00,100 גרם,false,1,24.90,4.15,true,1,
7290000101132,false,לקט קטניות לחמין סנפרוסט 800 גר,"סנפרוסט בע""\מ",IL,לקט קטניות לחמין,גרמים,800.00,100 גרם,false,1,24.90,3.11,true,1,
7290000101927,false,אוכמניות כחולות מוקפאות סנפרוסט 300 גרם,"איי, בי, אינבוו",IL,אוכמניות קפואות,גרמים,300.00,100 גרם,false,1,19.90,6.63,true,1,
7290000103365,false,מרק ירקות עשיר סנפרוסט 550 גרם,"איי, בי, אינבוו",IL,מרק ירקות,גרמים,560.00,100 גרם,false,0,19.90,3.55,true,1,
7290000103433,false,"לקט ירקות לתנור 800 גרם ""סנפרוסט""","איי, בי, אינבוו",IL,לקט ירקות לתנור,גרמים,800.00,100 גרם,false,1,24.90,3.11,true,1,
7290000103488,false,ארטישוק ירושלמי סנפרוסט 400 גרם,"סנפרוסט בע""\מ",IL,ארטישוק י-ם קפוא,גרמים,400.00,100 גרם,false,1,24.90,6.23,true,1,
7290000103815,false,לקט להקפצה בסגנון תאילנדי סנפרוסט 800 גרם,"סנפרוסט בע""\מ",IL,לקט תאילנדי,גרמים,800.00,100 גרם,false,0,26.40,3.30,true,1,
7290000103822,false,ירקות שמלווים עוף סנפרוסט 800ג',"סנפרוסט בע""\מ",IL,לקט לעוף 800גרם,גרמים,800.00,100 גרם,false,0,24.90,3.11,true,1,
7290000103846,false,מרק אפונה עשיר בירקות סנפרוסט 570 גרם,"סנפרוסט בע""\מ",IL,מרק אפונה,גרמים,572.00,100 גרם,false,0,19.90,3.48,true,1,
7290000103860,false,מרק עדשים עשיר בירקות סנפרוסט 570 גרם,"איי, בי, אינבוו",IL,מרק עדשים,גרמים,572.00,100 גרם,false,0,19.90,3.48,true,1,
7290000103877,false,מרק שעועית עשיר בירקות סנפרוסט 640 גרם,"סנפרוסט בע""\מ",IL,מרק שעועית,גרמים,644.00,100 גרם,false,0,19.90,3.09,true,1,
7290000104072,false,עדשים ירוקות מבושלות מוקפאות 800 ג' סנפרוסט,"איי, בי, אינבוו",IL,עדשים ירוקות,גרמים,800.00,100 גרם,false,0,21.70,2.71,true,1,
7290000104201,false,אפונה עדינה סנפרוסט 600 גרם,"איי, בי, אינבוו",IL,אפונה עדינה קפוא,גרמים,600.00,100 גרם,false,0,19.90,3.32,true,1,
7290000104218,false,סנפרוסט במיה 600 גרם,"איי, בי, אינבוו",IL,במיה מוקפאת,גרמים,600.00,100 גרם,false,0,17.90,2.98,true,1,
7290000104676,false,אפונה קפואה סנפרוסט 800 גרם,"איי, בי, אינבוו",IL,אפונה ירוקה קפוא,גרמים,800.00,100 גרם,false,0,19.90,2.49,true,1,
7290000104683,false,שעועית ירוקה שלמה סנפרוסט 800 גרם,"סנפרוסט בע""\מ",IL,שעועית ירוקה שלמ,גרמים,800.00,100 גרם,false,0,22.90,2.86,true,1,
7290000104690,false,תירס גרעינים 800 גרם סנפרוסט,"איי, בי, אינבוו",IL,גרעיני תירס קפוא,גרמים,800.00,100 גרם,false,0,19.90,2.49,true,1,
7290000104706,false,גזר גמדי סנפרוסט 800 גרם,"סנפרוסט בע""\מ",IL,גזר גמדי מוקפא,גרמים,800.00,100 גרם,false,0,19.40,2.43,true,1,
7290000104713,false,פול ירוק סנפרוסט 800 גרם,"איי, בי, אינבוו",IL,פול ירוק מוקפא,גרמים,800.00,100 גרם,false,0,26.60,3.33,true,1,
7290000104720,false,שעועית ירוקה חתוכה סנפרוסט 800 גרם,"סנפרוסט בע""\מ",IL,שעועית ירוקה,גרמים,800.00,100 גרם,false,0,20.90,2.61,true,1,
7290000104744,false,כרובית סנפרוסט 800 גרם,"סנפרוסט בע""\מ",IL,כרובית מוקפאת,גרמים,800.00,100 גרם,false,0,28.00,3.50,true,1,
7290000104751,false,"כרוב ניצנים 800 גרם ""סנפרוסט""","איי, בי, אינבוו",IL,כרוב ניצנים קפוא,גרמים,800.00,100 גרם,false,0,27.80,3.48,true,1,
7290000104775,false,תרד מדליונים סנפרוסט 800 גרם,"איי, בי, אינבוו",IL,מדליוני תרד קפ,גרמים,800.00,100 גרם,false,0,27.80,3.48,true,1,
7290000104799,false,שעועית לבנה מבושלת סנפרוסט 800 גרם,"איי, בי, אינבוו",IL,שעועית לבנה,גרמים,800.00,100 גרם,false,0,21.70,2.71,true,1,
7290000104805,false,גרגירי חומוס מבושלים סנפרוסט 800 גרם,"איי, בי, אינבוו",IL,גרגרי חומוס קפוא,גרמים,800.00,100 גרם,false,0,21.70,2.71,true,1,
7290000104829,false,קלחי תירס חתוכים סנפרוסט 1 קילו,"סנפרוסט בע""\מ",IL,קלחוני תירס קפוא,קילוגרמים,1.00,"ק""ג",false,0,22.30,22.30,true,1,
7290000104836,false,שעועית ירוקה עדינה שלמה סנפרוסט 600 גרם,"סנפרוסט בע""\מ",IL,שעועית שלמה קפוא,גרמים,600.00,100 גרם,false,0,25.90,4.32,true,1,
7290000104874,false,ירקות לקוסקוס של אמא סנפרוסט 800ג',"סנפרוסט בע""\מ",IL,לקט לקוסקוס קפוא,גרמים,800.00,100 גרם,false,0,24.90,3.11,true,1,
7290000104881,false,לקט אפונה וגזר סנפרוסט 800 גרם,"איי, בי, אינבוו",IL,אפונה וגזר קפוא,גרמים,800.00,100 גרם,false,0,17.90,2.24,true,1,
7290000104911,false,לקט נורמנדי סנפרוסט 800 גרם,"איי, בי, אינבוו",IL,לקט נורמנדי קפוא,גרמים,800.00,100 גרם,false,0,24.90,3.11,true,1,
7290000107189,false,תחתיות ארטישוק סנפרוסט 400 גרם,"איי, בי, אינבוו",IL,תחתיות ארטישוק,גרמים,400.00,100 גרם,false,0,24.70,6.18,true,1,
7290000107295,false,תפרחות ברוקולי סנפרוסט 800 גרם,"איי, בי, אינבוו",IL,ברוקולי מוקפא,גרמים,800.00,100 גרם,false,0,28.90,3.61,true,1,
7290000112220,false,טחינה גולמית שומשום טהור בארכה 500 גרם,"רושדי תעשיות מזון בע""\מ",IL,טחינה גולמית,גרמים,500.00,100 גרם,false,0,15.90,3.18,true,1,
7290000118277,false,כופתאות מצה להכנת מהירה 65 ג' קנור,יוניליוור ישראל מזון בע\,IL,אבקה לקניידלך,גרמים,130.00,100 גרם,false,0,11.80,9.08,true,1,
7290000121031,false,החתול המחייך גבינה מותכת 14% מון בלאן 120 גרם,שלושת האופים,IL,גבינה מותכת,גרמים,120.00,100 גרם,false,0,12.90,10.75,true,1,
7290000121093,false,גבינה מותכת לייט בטעם שוויצרי 7% מון בלאן 120 גר',האי נאם סי או אל.טי.,IL,גבינת מון בלאן,גרמים,120.00,100 גרם,false,0,12.90,10.75,true,1,
7290000121109,false,גבינה מותכת לייט עם זיתים 7% מון בלאן 120 גרם,האי נאם סי או אל.טי.,IL,גבינת מון בלאן,גרמים,120.00,100 גרם,false,0,12.90,10.75,true,1,
7290000121154,false,גבינה מותכת לייט עם סלמון 7% מון בלאן 120 גרם,האי נאם סי או אל.טי.,IL,גבינת מון בלאן,גרמים,120.00,100 גרם,false,0,12.90,10.75,true,1,
7290000129457,false,אבקת רוטב פטריות קנור 28 ג' שקית,יוניליוור ישראל מזון בע\,IL,רוטב פטריות,גרמים,28.00,100 גרם,false,0,4.60,16.43,true,1,
7290000134147,false,טעם וריח מוסקט טחון מיכל 40גר,"תבליני טעם וריח בע""מ",IL,מוסקט טחון,גרמים,40.00,100 גרם,false,0,16.90,42.25,true,1,
7290000134307,false,קינמון טחון 50 גרם טעם וריח,"תבליני טעם וריח בע""מ",IL,קינמון טחון,גרמים,50.00,100 גרם,false,0,6.90,13.80,true,1,
7290000134314,false,פיצה תערובת תיבול 120 גרם מיכל גדול,"תבליני טעם וריח בע""מ",IL,תיבול לפיצה,גרמים,120.00,100 גרם,false,0,11.80,9.83,true,1,
7290000134338,false,אבקת שום בקופ' 90 גר' טעם וריח,"תבליני טעם וריח בע""מ",IL,שום אבקה,גרמים,90.00,100 גרם,false,0,11.90,13.22,true,1,
7290000134352,false,קינמון טחון בקופ' 90 גר' טעם וריח,"תבליני טעם וריח בע""מ",IL,קינמון טחון,גרמים,80.00,100 גרם,false,0,11.80,14.75,true,1,
7290000134376,false,פפריקה בשמן בקופ' 90 גר' טעם וריח,"תבליני טעם וריח בע""מ",IL,פפריקה מתוקה,גרמים,90.00,100 גרם,false,0,11.90,13.22,true,1,
7290000134550,false,עלי דפנה 20 גר' טעם וריח,"תבליני טעם וריח בע""מ",IL,עלי דפנה בשקית,גרמים,20.00,100 גרם,false,0,6.90,34.50,true,1,
7290000134673,false,זנגויל טחון מיכל 30 גרם,"תבליני טעם וריח בע""מ",IL,זנגויל טחון,גרמים,30.00,100 גרם,false,0,7.00,23.33,true,1,
7290000134680,false,קימל שלם 40 גר' טעם וריח,תות ממתקי איכות,IL,קימל שלם,גרמים,40.00,100 גרם,false,0,7.00,17.50,true,1,
7290000134758,false,"תיבול לתפו""א בקופ' 100 גר' טעם וריח","תבליני טעם וריח בע""מ",IL,"תיבול לתפו""א",גרמים,100.00,100 גרם,false,0,11.80,11.80,true,1,
7290000134826,false,זעתר מעורב בקופ' 100 גר' טעם וריח,"תבליני טעם וריח בע""מ",IL,זעתר מעורב,גרמים,100.00,100 גרם,false,0,11.90,11.90,true,1,
7290000134840,false,כורכום טחון בקופ' 100 גר' טעם וריח,"תבליני טעם וריח בע""מ",IL,כורכום טחון,גרמים,100.00,100 גרם,false,0,11.90,11.90,true,1,
7290000134864,false,פפריקה חריפה בקופ' 100 גר' טעם וריח,"תבליני טעם וריח בע""\מ",IL,פפריקה במיכל,גרמים,100.00,100 גרם,false,0,11.90,11.90,true,1,
7290000134871,false,פלפל שחור טחון בקופ' 100 גר' טעם וריח,"תבליני טעם וריח בע""מ",IL,פלפל שחור במיכ,גרמים,100.00,100 גרם,false,0,15.00,15.00,true,1,
7290000134987,false,פלפל שחור גרוס בקופ' 90 גר' טעם וריח,"תבליני טעם וריח בע""מ",IL,פלפל שחור גרוס,גרמים,90.00,100 גרם,false,0,15.50,17.22,true,1,
7290000134994,false,טימין 20 גר מיכל קטן,"תבליני טעם וריח בע""מ",IL,טימין,גרמים,20.00,100 גרם,false,0,7.00,35.00,true,1,
7290000135045,false,"XL TEN משקה אנרגיה פתוח ללא סוכר 250 מ""ל","טמפו משקאות בע""\מ",IL,TEN XL בטעם תפוח,מיליליטרים,250.00,"100 מ""ל",false,1,4.90,1.96,true,1,
7290000135113,false,משקה אנרגיה XL TEN ללא סוכר בטעם נענע ליים,"טמפו משקאות בע""\מ",IL,TEN XL נענע ליים,מיליליטרים,250.00,"100 מ""ל",false,1,4.90,1.96,true,1,
7290000135151,false,"טמפו סודה למון ליים בקבוק 250 מ""ל",טמפו משקאות בעמ,IL,סודה בנגיעות למו,מיליליטרים,275.00,"100 מ""ל",false,1,3.90,1.42,true,1,
7290000135465,false,"מי סודה 500 מ""ל - מארז 12 בקבוקים","טמפו משקאות בע""\מ",IL,מי סודה 12 בקבוק,ליטרים,0.00,ליטר,false,0,27.90,27.90,true,1,
7290000135625,false,"רביעיית פחיות בירה גולדסטאר 500 מ""ל","טמפו משקות בע""\מ",IL,גולדסטאר 4 פחיות,ליטרים,2.00,ליטר,false,1,35.90,17.95,true,1,
7290000136141,false,משקה בטעם קולה 1.5ל' פפסי,"טמפו משקאות בע""\מ",IL,פפסי קולה,ליטרים,1.50,ליטר,false,0,8.10,5.40,true,1,
7290000136158,false,פפסי מקס משקה מוגז דל קלוריות בטעם קולה,"טמפו משקאות בע""\מ",IL,פפסי מקס,ליטרים,1.50,ליטר,false,0,8.10,5.40,true,1,
7290000136165,false,משקה מירינדה 1.5ליטר,"טמפו משקאות בע""\מ",IL,מירינדה תפוזי,ליטרים,1.50,ליטר,false,0,8.30,5.53,true,1,
7290000136172,false,סבן אפ בקבוק 1.5 ליט,"טמפו משקאות בע""\מ",IL,סבן אפ,ליטרים,1.50,ליטר,false,0,8.30,5.53,true,1,
7290000136189,false,סבן אף דיאט 1.5 ליטר בודד,"טמפו משקאות בע""\ם.",IL,דיאט סבן אפ,ליטרים,1.50,ליטר,false,0,8.30,5.53,true,1,
7290000136240,false,סודה 1.5 ליטר שישייה בודד,"טמפו משקאות בע""\מ",IL,מי סודה טמפו,ליטרים,1.50,ליטר,false,0,4.90,3.27,true,1,
7290000136264,false,מי טוניק טמפו 1.5 ליטר,"טמפו משקאות בע""\מ",IL,מי טוניק,ליטרים,1.50,ליטר,false,0,12.00,8.00,true,1,
7290000136288,false,"סירופ בטעם תפוחים ג'ויסר סיידר הגליל 330 מ""ל","טמפו משקאות בע""\מ",IL,סירופ סיידר גליל,מיליליטרים,330.00,"100 מ""ל",false,1,13.90,4.21,true,1,
7290000136295,false,"סירופ בטעם פטל ג'ויסר סיידר הגליל 330 מ""ל","טמפו משקאות בע""\מ",IL,סירופ סיידר גליל,מיליליטרים,330.00,"100 מ""ל",false,1,13.90,4.21,true,1,
7290000136301,false,"סירופ בטעם ענבים ג'ויסר סיידר הגליל 330 מ""ל","טמפו משקאות בע""\מ",IL,סירופ סיידר גליל,מיליליטרים,330.00,"100 מ""ל",false,1,13.90,4.21,true,1,
7290000136486,false,משקה בטעם אשכוליות דיאט תריסר 1.5 ל' ג'אמפ,"טמפו משקאות בע""\ם.",IL,ג'אמפ דיאט,ליטרים,1.50,ליטר,false,0,8.50,5.67,true,1,
7290000136516,false,משקה בטעם מנגו פסיפלורה תריסר 1.5 ל' ג'אמפ,טמפו משקאות בעמ,IL,ג'אמפ מנגו,ליטרים,1.50,ליטר,false,0,8.50,5.67,true,1,
7290000136523,false,משקה בטעם ענבים תריסר 1.5 ל' ג'אמפ,"טמפו משקאות בע""\ם.",IL,ג'אמפ ענבים,ליטרים,1.50,ליטר,false,0,8.50,5.67,true,1,
7290000136561,false,משקה בטעם תות בננה תריסר 1.5 ל' ג'אמפ,"טמפו משקאות בע""\מ",IL,ג'אמפ תות בננ,ליטרים,1.50,ליטר,false,0,8.50,5.67,true,1,
7290000136585,false,משקה בטעם תפוזים תריסר 1.5 ל' ג'אמפ,"טמפו משקאות בע""\ם.",IL,ג'אמפ תפוזים,ליטרים,1.50,ליטר,false,0,8.50,5.67,true,1,
7290000136646,false,בירה נשר מאלט ללא אלכוהול 1.5 ליטר,"טמפו משקאות בע""\מ",IL,נשר מאלט,ליטרים,1.50,ליטר,false,0,10.00,6.67,true,1,
7290000136653,false,דיאט נשר מאלט ללא אלכוהול 1.5 ליטר,"טמפו משקאות בע""\מ",IL,נשר מאלט דיאט,ליטרים,1.50,ליטר,false,0,9.50,6.33,true,1,
7290000136790,false,שישיית מי סודה טמפו 1.5 ליטר,"טמפו משקאות בע""\מ",IL,סודה טמפו1.5*6ל,ליטרים,9.00,ליטר,false,0,19.70,2.19,true,1,
7290000136813,false,סודה בטעם אננס מארז רביעייה 1.5 ל' טמפו,טמפו משקאות בע''מn\,IL,סודה ט.אננס1.5*4,ליטרים,6.00,ליטר,false,0,13.00,2.17,true,1,
7290000136868,false,סאן בנדטו - מים מינרלים - מארז שישיית 1.5 ליטר,אקווה מינרלה סאן בנדטו ב,IT,סאן בנדטו1.5*6ל,ליטרים,9.00,ליטר,false,0,18.90,2.10,true,1,
7290000136875,false,שישיית מים מינרליים מוגזים סן בנדטו 1.5 ליטר,סאן בנדטו San Benedetto,IT,6סנבנדטו מוגז1.5,ליטרים,9.00,ליטר,false,0,19.90,2.21,true,1,
7290000144474,false,שמן עץ הזית קנולה 1 ליטר בריאות מהטבע,שמן תעשיות בעמ,EE,שמן קנולה,ליטרים,1.00,ליטר,false,0,16.90,16.90,true,1,
7290000146645,false,הוואי - סבון מוצק שחור מסתורי 100 גרם רביעייה,טרופיקל דגיל קוסמטיק,IL,סבון הוואי 4 יח,גרמים,400.00,100 גרם,false,0,13.90,3.48,true,1,
7290000146652,false,הוואי סבון מוצק רביעיה ורוד רומנטי 4*100 גרם,טרופיקל דגיל קוסמטיק,PL,סבון הוואי 4 יח,גרמים,400.00,100 גרם,false,0,13.90,3.48,true,1,
7290000146676,false,הוואי - סבון מוצק לגבר 100 גרם רביעייה,טרופיקל דגיל קוסמטיק,PL,סבון הוואי 4 יח,גרמים,400.00,100 גרם,false,0,13.90,3.48,true,1,
7290000146928,false,"משחת שיניים לילדים בטעם ענבים טום וג'רי 50 מ""ל",טרופיקל דגיל קוסמטיק,IL,משחת טום וג'רי,מיליליטרים,50.00,"100 מ""ל",false,0,9.60,19.20,true,1,
7290000149615,false,רביעיית סבון מוצק קלאסי לתינוק נקה 7 4*100 גרם,גליל כימיקלים בעממשו,IL,נקה 7 סבון 4 יח,גרמים,400.00,100 גרם,false,0,15.00,3.75,true,1,
7290000149905,false,טקסטיל נוזל לכביסה עדינה נקה 1 ליטר,מיוצר עי קונדיטוריית,IL,נוזל כביס טקסטיל,ליטרים,1.00,ליטר,false,0,14.80,14.80,true,1,
7290000152288,false,עוף טוב נקניקיות עוף מיס לוסי 400 גרם,מוצרי עוף טוב (2001) בע\,IL,נקניקיות עוף,גרמים,400.00,100 גרם,false,0,16.10,4.03,true,1,
7290000152943,false,מארז פסטרמה כפרית וסלמי כפרי עוף טוב 2*350 גרם,מוצרי עוף טוב (2001) בע\,IL,פסטרמה + סלמי,גרמים,700.00,100 גרם,false,0,27.90,3.99,true,1,
7290000153469,false,קציצות עוף קלאסיות 100% רכיבים טבעיים,"מוצרי עוף טוב (2001) בע""",IL,קציצות עוף,גרמים,600.00,100 גרם,false,0,33.40,5.57,true,1,
7290000158105,false,שניצל עוף מיני דינוזאור ללא אנטיביוטיקה מ100% ר.טבעי,"מוצרי עוף טוב (2001) בע""",IL,שניצל דינוזאור,גרמים,700.00,100 גרם,false,0,39.90,5.70,true,1,
7290000170053,false,"שוקולד פרה חלב 100 גרם בד""צ לל""ג","שטראוס גרופ בע""\מ.",IL,שוקולד פרה חלב,גרמים,100.00,100 גרם,false,0,6.40,6.40,true,1,
7290000174723,false,שוקולית אבקה להכנת משקה שוקו 500 גרם,הנסיך- מפעל לייצור ט,IL,שוקולית,גרמים,500.00,100 גרם,false,0,14.60,2.92,true,1,
7290000176062,false,קפה טורקי בשקית 100 ג' עלית,שטראוס קפה בי.ויn\.,IL,קפה טורקי בצלופן,גרמים,100.00,100 גרם,false,0,9.50,9.50,true,1,
7290000176079,false,קפה עלית טורקי עם הל 100 גרם,הנסיך- מפעל לייצור ט,IL,קפה טורקי עם הל,גרמים,100.00,100 גרם,false,0,9.90,9.90,true,1,
7290000176147,false,קפה לפילטר קלוי וטחון מוקה מספר 1 עלית 500 גרם,ELITE CAFE SP. ZO.O,PL,קפה מוקה לפילטר,גרמים,500.00,100 גרם,false,0,57.40,11.48,true,1,
7290000176413,false,קפה נמס אבקתי 50 ג' עלית,הנסיך- מפעל לייצור ט,IL,קפה נמס,גרמים,50.00,100 גרם,false,0,10.90,21.80,true,1,
7290000176420,false,קפה נמס פחית עלית 200 גרם,שטראוס קפה בי.וי,IL,קפה נמס,גרמים,200.00,100 גרם,false,0,21.90,10.95,true,1,
7290000176475,false,האג קפה נמס נטול קפאין עלית 200 גרם,שטראוס גרופ,VN,קפה נמס האג,גרמים,200.00,100 גרם,false,0,37.00,18.50,true,1,
7290000178707,false,תפוצ'יפס בטעם טבעי 50 גרם,"שטראוס פריטו ליי בע""\מ )",IL,חטיף תפוצ'יפס,גרמים,50.00,100 גרם,false,0,4.30,8.60,true,1,
7290000178721,false,תפוצ'יפס בטעם טבעי 200 גרם,"שטראוס פריטו ליי בע""\מ )",IL,תפוצי'פס טבעי,גרמים,200.00,100 גרם,false,0,12.00,6.00,true,1,
7290000186535,false,נייר טואלט תלת שכבתי לבן לילי 32 יחידות,לילי נייר טואלט חוגלה,IL,נ.טואלט לילי,מטרים,537.00,100 מטר,false,0,47.90,8.92,true,1,
7290000187860,false,מגבוני טואלט לחים לילי דיספנסר 40יח',עלבד משואות יצחק בעמ,IL,נייר טואלט לח,יחידה,1.00,יחידה,false,0,9.90,9.90,true,1,
7290000187938,false,"נייר טואלט ""לילי"" פסטל 32 גלילים",לילי נייר טואלט חוגלה,IL,נייר טואלט פסטל,מטרים,588.00,100 מטר,false,0,44.90,7.64,true,1,
7290000188355,false,מגבות מטבח ניקול לבנה שישייה,קימברלי-קלארק,IL,מגבות ניקול,מטרים,65.00,מטר,false,0,13.90,0.21,true,1,
7290000188553,false,קוטקס מגן תחתון יאנג ביג 60 יחידות,קימברלי קלארק,CN,מגן תחתון קוטקס,יחידה,1.00,יחידה,false,0,23.20,23.20,true,1,
7290000189079,false,תבניות אינגליש קייק עבות ניקול 6 יחידות,ניקול,CN,תבניות אינגליש,יחידה,1.00,יחידה,false,0,10.90,10.90,true,1,
7290000189192,false,סופר מטלית מטליות נייר רב פעמיות ניקול 64 יחידות,קימברלי קולומביה,IL,מטליות נייר,מטרים,18.00,מטר,false,0,17.60,0.98,true,1,
7290000189260,false,תבניות מלבניות עבות וחזקות ניקול 5 יחידות,ניקול,CN,תבניות מלבניות,יחידה,1.00,יחידה,false,0,10.90,10.90,true,1,
7290000189277,false,תבניות מלבניות עבות וחזקות ניקול 3 יחידות,ניקול,CN,תבניות מלבניות,יחידה,1.00,יחידה,false,0,10.90,10.90,true,1,
7290000189482,false,תבניות אפיה מרובעות מקרטון ניקול 4 יחידות,"דוקארט בעמ, קיבוץ כפ",IL,תבניות קרטון,יחידה,1.00,יחידה,false,0,11.40,11.40,true,1,
7290000189505,false,ניקול תבנית אפייה מקרטון אינגליש קייק ניקול 5 יחידות,"דוקארט בעמ, קיבוץ כפ",IL,תבניות קרטון,יחידה,1.00,יחידה,false,0,11.40,11.40,true,1,
7290000189550,false,"שקיות אשפה ענקיות עם שרוך 78 * 90 ס""מ ניקול 2 * 10 יחידות","אשפלסט תעשיות בע""מ",IL,אשפתון ענק זוג,יחידה,1.00,יחידה,false,0,28.50,28.50,true,1,
7290000189598,false,מטליות לחות חד פעמיות לניקוי כללי 50 יח' ניקול,עלבד משואות יצחק בעמ,IL,מטליות ניקול,יחידה,1.00,יחידה,false,0,12.90,12.90,true,1,
7290000189871,false,"שקיות אשפה עם שרוך 52 * 65 ס""מ ניקול 55 שקיות","אשפלסט תעשיות בע""מ",IL,שקיות אשפה גדול,יחידה,1.00,יחידה,false,0,23.90,23.90,true,1,
7290000190150,false,מפיות מודפסות תלת שכבתיות ניקול 20 יחידות,חוגלה קימברלי,SI,מפיות תלת שכבתי,יחידה,1.00,יחידה,false,0,7.90,7.90,true,1,
7290000190853,false,לילי פיור נייר טואלט דו שכבתי לבן 30 גלילים,לילי נייר טואלט חוגלה,IL,נייר טואלט לילי,מטרים,537.00,100 מטר,false,0,44.90,8.36,true,1,
7290000191225,false,חיתולים ליטל בייביז מידה 2 האגיס 46 יחידות,קימברלי קלארק שיווק,IL,האגיס ליטל בייבי,יחידה,1.00,יחידה,false,1,35.60,35.60,true,1,
7290000191539,false,חמישיית ממחטות טישו צבועני לילי 100 יחידות,חוגלה קימברלי,IL,מגבוני לילי 90*5,יחידה,1.00,יחידה,false,0,15.90,15.90,true,1,
7290000191546,false,ממחטות טישו צבעוני 2 שכבות לילי מארז 100X3יח',חוגלה קימברלי,IL,לילי צבעוני90*3,יחידה,1.00,יחידה,false,0,11.90,11.90,true,1,
7290000191645,false,"חיתולים האגיס ליטל בייביס ניו בורן שלב 1 עד 4 ק""ג",קימברלי קלארק ארהב,US,חיתולי האגיס,יחידה,1.00,יחידה,false,0,35.60,35.60,true,1,
7290000191652,false,שלישיית ממחטות אולטרה סופט קלינקס 90 יחידות,חוגלה קימברלי,IL,קלינקס מעוצב 3יח,יחידה,1.00,יחידה,false,0,13.90,13.90,true,1,
7290000192581,false,מגבת נייר גליל כפול ניקול 12=6 גליל,קימברלי-קלארק,IL,מגבות נייר,מטרים,129.00,מטר,false,1,24.90,0.19,true,1,
7290000193083,false,נובה-לי תחבושות היגייניות לילי 28 יחידות,חוגלה קימברלי,CZ,תחבושות נובה לי,יחידה,1.00,יחידה,false,0,11.50,11.50,true,1,
7290000193205,false,תחבושות עם כנפיים ללילה נטורל לילי 20 יחידות,חוגלה קימברלי,BE,תחבושות לילי,יחידה,1.00,יחידה,false,0,18.50,18.50,true,1,
7290000193472,false,מגן תחתון נטורל נורמל לילי 60 יחידות,חוגלה קימברלי,ES,פדיות לילי,יחידה,1.00,יחידה,false,0,18.50,18.50,true,1,
7290000194141,false,שקמה מכנסון גזרתי סופר נייט XL,חוגלה קימברלי,IL,מכנסוני שקמה,יחידה,1.00,יחידה,false,1,74.90,74.90,true,1,
7290000194837,false,ניקול - שקיות מזון + ידיות קשירה אקסטרה לארג' 200 יח',ניקול,CN,שקיות מזון XL,יחידה,1.00,יחידה,false,0,12.90,12.90,true,1,
7290000195216,false,נייר אפייה בשקית ניקול 50 יח',ניקול,IL,נייר אפיה,יחידה,1.00,יחידה,false,0,11.90,11.90,true,1,
7290000195537,false,מגבונים לחים לעור רגיש ללא בישום האגיס 4*64 יחידות,חוגלה קימברלי,IL,מגבונים האגיס 4י,יחידה,1.00,יחידה,false,0,24.90,24.90,true,1,
7290000195773,false,רביעיית מגבון אלוורה ושקד האגיס 64 יחידות,חוגלה קימברלי,IL,מגבונים האגיס 4י,יחידה,1.00,יחידה,false,0,24.90,24.90,true,1,
7290000197326,false,רדיד אלומניום ניקול זוגי 30X7.5מ',חוגלה קימברלי,IL,זוג רדידי אלומינ,מטרים,15.00,מטר,false,0,12.90,0.86,true,1,
7290000197425,false,חיתולים פרידום דריי שלב 3 האגיס 52 יחידות,קימברלי קלארק ישראל,IL,חיתולי האגיס,יחידה,1.00,יחידה,false,0,47.90,47.90,true,1,
7290000197432,false,שקיות אוכל סנדביצ'ון ניקול מארז 150X2יח',"אשפלסט תעשיות בע""מ",IL,סנדוויצ'ון זוג,יחידה,1.00,יחידה,false,0,14.50,14.50,true,1,
7290000197456,false,חיתולים פרידום דריי שלב 4 האגיס 44 יחידות,קימברלי קלארק ישראל,IL,חיתולי האגיס,יחידה,1.00,יחידה,false,0,47.90,47.90,true,1,
7290000197463,false,חיתולים פרידום דריי שלב +4 האגיס 40 יחידות,קימברלי קלארק ישראל,IL,חיתולי האגיס,יחידה,1.00,יחידה,false,0,47.90,47.90,true,1,
7290000197548,false,חיתולים פרידום דריי שלב 5 האגיס 36 יחידות,קימברלי קלארק ישראל,IL,חיתולי האגיס,יחידה,1.00,יחידה,false,0,47.90,47.90,true,1,
7290000197678,false,חיתולי האגיס פרידום דריי שלב 6 30 יחידות,קימברלי קלארק ישראל,IL,חיתולי האגיס,יחידה,1.00,יחידה,false,0,47.90,47.90,true,1,
7290000197883,false,תבנית אלומיניום 100 גדולה ניקול 4 יחידות,חוגלה קימברלי,CN,תבניות אלומיניום,יחידה,1.00,יחידה,false,0,9.90,9.90,true,1,
7290000197951,false,תבנית אלומיניום 200 ענק ניקול 2 יחידות,חוגלה קימברלי,CN,תבניות אלומיניום,יחידה,1.00,יחידה,false,0,9.90,9.90,true,1,
7290000199313,false,קוטקס יאנג תחבושות עם כנפיים נורמל חדש30,חוגלה קימברלי,CZ,קוטקס תחבושות,יחידה,1.00,יחידה,false,0,21.90,21.90,true,1,
7290000207162,false,רוטב עגבניות מרכיב טבעי 100 ג' יכין,"זנלכל בע""\מ",IL,רוטב עגבניות,גרמים,100.00,100 גרם,false,0,2.90,2.90,true,1,
7290000208022,false,עגבניות מרוסקות פריכוז 800 ג' יכין,"זנלכל בע""\מ",IL,עגבניות מרוסקות,גרמים,800.00,100 גרם,false,0,9.90,1.24,true,1,
7290000208091,false,אפונה קטנה עדינה יכין 550 גרם,"זנלכל בע""\מ",IL,אפונת גינה קטנה,גרמים,550.00,100 גרם,false,0,8.90,1.62,true,1,
7290000208114,false,"אפונה וגזר יכין A2 פ""ק בית יוסף","זנלכל בע""\מ",IL,אפונה וגזר,גרמים,550.00,100 גרם,false,0,8.90,1.62,true,1,
7290000208213,false,שעועית לבנה אפויה A2 ברוטב עגבניות יכין 560ג',היינץ צפון אמריקה מק,IL,שעועית ברוטב,גרמים,580.00,100 גרם,false,0,9.90,1.71,true,1,
7290000208312,false,גרעיני תירס מתוק בואקום יכין 400 גר',"זנלכל בע""\מ",IL,תירס ואקום,גרמים,400.00,100 גרם,false,0,7.90,1.98,true,1,
7290000208329,false,גרעיני תירס מתוק 550 גרם יכין,"זנלכל בע""\מ",IL,גרעיני תירס מתוק,גרמים,550.00,100 גרם,false,0,8.90,1.62,true,1,
7290000208336,false,רסק יכין 240גר 22% יכין בית יוסף,"זנלכל בע""\מ",IL,רוטב עגבניות,גרמים,240.00,100 גרם,false,0,4.90,2.04,true,1,
7290000208404,false,פול מצרי יכין 350 גרם,"זנלכל בע""\מ",IL,פול מצרי,גרמים,550.00,100 גרם,false,0,8.90,1.62,true,1,
7290000208428,false,יכין חומוס בשימורים 550 גרם,"זנלכל בע""\מ",IL,חומוס שלם,גרמים,560.00,100 גרם,false,0,8.90,1.59,true,1,
7290000208459,false,"לקט אפונה, תפוחי אדמה וגזר יכין 550 גרם","זנלכל בע""\מ",IL,ירקות מעורבים,גרמים,550.00,100 גרם,false,0,9.90,1.80,true,1,
7290000208855,false,רוטב לפסטה קלאסי 240 גרם יכין,"זנלכל בע""\מ",IL,רוטב פסטה,גרמים,240.00,100 גרם,false,0,6.90,2.88,true,1,
7290000208947,false,עגבניות מרוסקות יכין 260 גרם,היינץ צפון אמריקה מק,IL,עגבניות קצוצות,גרמים,240.00,100 גרם,false,0,6.90,2.88,true,1,
7290000209371,false,תירס מתוק יכין 200 גרם מארז 3 יח',היינץ צפון אמריקה מק,IL,תירס גרעינים 3יח,גרמים,495.00,100 גרם,false,1,14.90,3.01,true,1,
7290000209388,false,תירס מתוק לייט יכין 200 גרם מארז 3 יח',"זנלכל בע""\מ",IL,תירס לייט 3 יח,גרמים,495.00,100 גרם,false,0,14.90,3.01,true,1,
7290000209517,false,סירופ דיאט בטעם לימון יכין 1 ליטר,היינץ צפון אמריקה מק,IL,סירופ דיאט לימון,ליטרים,1.00,ליטר,false,0,17.90,17.90,true,1,
7290000209524,false,סירופ דיאט בטעם פטל יכין 1 ליטר,"זנלכל בע""\מ",IL,סירופ פטל דיאט,ליטרים,1.00,ליטר,false,0,17.90,17.90,true,1,
7290000209531,false,סירופ דיאט בטעם אשכוליות יכין 1 ליטר,"זנלכל בע""\מ",IL,סירופ אשכוליות,ליטרים,1.00,ליטר,false,0,17.90,17.90,true,1,
7290000209555,false,סירופ דיאט בטעם תפוחים יכין 1 ליטר,"זנלכל בע""\מ",IL,"סירופ תפו""ע דיאט",ליטרים,1.00,ליטר,false,0,17.90,17.90,true,1,
7290000209579,false,סירופ דיאט בטעם אננס יכין 1 ליטר,"זנלכל בע""\מ",IL,סירופ אננס דיאט,ליטרים,1.00,ליטר,false,0,17.90,17.90,true,1,
7290000209722,false,רוטב עגבניות פריכוז יכין 580 גרם,"זנלכל בע""\מ",IL,רוטב עגבניות,גרמים,580.00,100 גרם,false,0,11.90,2.05,true,1,
7290000209913,false,עגבניות חתוכות לקוביות 240 גרם יכין,"זנלכל בע""\מ",IL,קוביות עגבניות,גרמים,240.00,100 גרם,false,0,6.90,2.88,true,1,
7290000209944,false,רוטב לעגבניות בסיס לשקשוקה 240 ג' יכין,"זנלכל בע""\מ",IL,בסיס לשקשוקה,גרמים,240.00,100 גרם,false,0,6.90,2.88,true,1,
7290000209951,false,רוטב עגבניות לפיצה 260 גרם יכין,"זנלכל בע""\מ",IL,רוטב עגבניות,גרמים,240.00,100 גרם,false,0,6.90,2.88,true,1,
7290000211169,false,"אורז תאילנדי אחד אחד סוגת 1 ק""ג",האי נאם סי או אל.טי.,IL,אורז תאילנדי,קילוגרמים,1.00,"ק""ג",false,0,7.40,7.40,true,1,
7290000211374,false,"קמח חיטה מלא סוגת 1 ק""ג",טחנת קמח דגן-שטיבל,IL,קמח חיטה מלא,קילוגרמים,1.00,"ק""ג",false,0,8.90,8.90,true,1,
7290000211442,false,"אורז פרסי קלאסי סוגת 1 ק""ג",האי נאם סי או אל.טי.,IL,אורז פרסי קלאסי,קילוגרמים,1.00,"ק""ג",false,0,10.90,10.90,true,1,
7290000211626,false,"סוגת אורז חיש 1 ק""ג","סוגת תעשיות בע""\מ",IL,אורז חיש סוגת,קילוגרמים,1.00,"ק""ג",false,0,10.90,10.90,true,1,
7290000214115,false,מרק עוף בצנצנת ויטה 400 גרם,"פרי הגליל בע""""מ",IL,מרק עוף צנצנת,גרמים,400.00,100 גרם,false,0,11.90,2.98,true,1,
7290000238029,false,"בצק עלים צרפתי מרודד מעדנות 1 ק""ג",מיוצר עי קונדיטוריית,IL,בצק עלים מרודד,קילוגרמים,1.00,"ק""ג",false,0,24.90,24.90,true,1,
7290000238036,false,מלאווח בקופסא מעדנות 700 גרם,מיוצר עי קונדיטוריית,IL,מלווח מעדנית,גרמים,700.00,100 גרם,false,0,18.90,2.70,true,1,
7290000238173,false,בורקס גבינה מעדנות 800 גרם,מיוצר עי קונדיטוריית,IL,בורקס גבינה קפוא,גרמים,800.00,100 גרם,false,0,22.70,2.84,true,1,
7290000238180,false,בורקס תפוחי אדמה מעדנות 800 גרם,מיוצר עי קונדיטוריית,IL,"בורקס תפו""א קפוא",גרמים,800.00,100 גרם,false,0,21.70,2.71,true,1,
7290000243566,false,"שמן קנולה בריאות 750 מ""ל",סקנולה,EE,שמן קנולה מועשר,מיליליטרים,750.00,"100 מ""ל",false,0,12.90,1.72,true,1,
7290000244761,false,"קרם ידיים ולווטה 100 מ""ל",טרופיקל דגיל קוסמטיק,IL,קרם ידיים ולווטה,מיליליטרים,100.00,"100 מ""ל",false,0,11.90,11.90,true,1,
7290000245294,false,"א.כ. פרסיל סופרא שקית 2.5 ק""ג","הנקל סוד בע""\מ",IL,אבקת כביסה פרסיל,קילוגרמים,2.50,"ק""ג",false,0,27.90,11.16,true,1,
7290000245508,false,"אב.כביסה סוד פרפקט 1.25ק""ג-שקית כחולה","הנקל סוד בע""\מ",IL,אבקת כביסה סוד,קילוגרמים,1.25,"ק""ג",false,0,12.90,10.32,true,1,
7290000253220,false,שוקולד צ'יפס חום אופנהיימר 260 גר',אופנהיימר,IL,שוקולד צ'יפס,גרמים,260.00,100 גרם,false,0,12.90,4.96,true,1,
7290000253251,false,שוקולד צ'יפס לבן אופנהיימר 250 גרם,אופנהיימר,IL,שוקו צ'יפס לבן,גרמים,250.00,100 גרם,false,0,12.90,5.16,true,1,
7290000262031,false,נייר טואלט מולט לב 32 גלילים,קימברלי-קלארק,IL,נייר טואלט,מטרים,562.00,100 מטר,false,0,32.90,5.85,true,1,
7290000262413,false,חיתולי האגיס אקסטרה קייר מידה 5 34 יחידות,חוגלה קימברלי,IL,חיתולי האגיס,יחידה,1.00,יחידה,false,1,59.90,59.90,true,1,
7290000263359,false,חיתולים ליטל בייביז מידה 1 האגיס 40 יחידות,קימברלי קלארק שיווק,IL,חיתולי האגיס,יחידה,1.00,יחידה,false,0,35.60,35.60,true,1,
7290000267036,false,שקדים מולבנים משובבים השף 100 גרם,"דין שיווק וקלייה בע""",IL,שקד מולבן משובב,גרמים,100.00,100 גרם,false,0,13.80,13.80,true,1,
7290000267043,false,שקדים מולבנים פרוסים השף 100 גרם,"דין שיווק וקלייה בע""",IL,שקד מולבן פרוס,גרמים,100.00,100 גרם,false,0,13.80,13.80,true,1,
7290000267548,false,אגוזי מלך טחונים השף 100 גרם,"דין שיווק וקלייה בע""",IL,אגוז מלך טחון,גרמים,100.00,100 גרם,false,0,13.80,13.80,true,1,
7290000267586,false,גרעייני חמניה קלופים 150 גר,"דין שיווק וקלייה בע""",IL,גרעין חמניה טבעי,גרמים,150.00,100 גרם,false,0,8.80,5.87,true,1,
7290000267678,false,גרעיני דלעת טבעי קלוף שקדיה 150 ג',"דין שיווק וקלייה בע""",IL,גרעין דלעת קלוף,גרמים,150.00,100 גרם,false,0,16.80,11.20,true,1,
7290000272443,false,סירופ דיאט בטעם תפוזים עסיס 1 ליטר,בית-השיטה עסיס תעשיות מז,IL,סירופ דיאט תפוז,ליטרים,1.00,ליטר,false,0,17.90,17.90,true,1,
7290000272696,false,עסיס מיץ לימון טבעי משומר 1 ל' אסם,בית-השיטה עסיס תעשיות מז,IL,מיץ לימון משומר,ליטרים,1.00,ליטר,false,0,11.50,11.50,true,1,
7290000272726,false,חומץ רכיבים רכיבים טבעיים 5% עסיס 1 ליטר,בית-השיטה עסיס תעשיות מז,IL,חומץ 5%,ליטרים,1.00,ליטר,false,0,7.30,7.30,true,1,
7290000286228,false,ספוגיות לניקוי כללי סנו סושי 6 יחידות,סנו מפעלי ברונו בעמ,IL,ספוגיות לכלים6יח,יחידה,1.00,יחידה,false,0,11.30,11.30,true,1,
7290000286297,false,"אנטי קאלק מסיר אבנית מקומקום סנו 700 מ""ל",סנו מפעלי ברונוס בעמ,IL,סנו מסיר אבן,מיליליטרים,700.00,"100 מ""ל",false,0,12.90,1.84,true,1,
7290000286761,false,ניילון נצמד סנו סושי פלסטיק מארז 30X2 מ',מיוצר עי קונדיטוריית,CN,צמד ניילון נצמד,מטרים,60.00,מטר,false,0,11.90,0.20,true,1,
7290000286891,false,נוזל לרצפה מגן קריסטל סנו 1 ליטר,"סנו מפעלי ברונוס בע""",IL,סנו מגן קריסטל,ליטרים,1.00,ליטר,false,0,32.40,32.40,true,1,
7290000286921,false,"ספריי להסרת כתמים סנו קל 750 מ""ל",סנו מפעלי ברונוס בעמ,IL,סנוקל רסס וכבס,מיליליטרים,750.00,"100 מ""ל",false,0,17.90,2.39,true,1,
7290000287102,false,"ספריי שמפו לניקוי שטיחים סנו 600 מ""ל",מיוצר עי קונדיטוריית,IL,סנו שמפו לשטיחים,גרמים,540.00,100 גרם,false,0,20.90,3.87,true,1,
7290000287195,false,"סנו רהיט ספריי עשיר בווקס להברקה 305 מ""ל",מיוצר עי קונדיטוריית,IL,סנו רהיט מרסס,מיליליטרים,305.00,"100 מ""ל",false,0,16.90,5.54,true,1,
7290000287485,false,סנובון סבון אסלה בריח לובר סנו 3 יחידות,סנו מפעלי ברונו בעמ,IL,סנובון בריח לובר,גרמים,165.00,100 גרם,false,0,12.90,7.82,true,1,
7290000287492,false,"סנובון נוזל לניקוי אסלות בריח לימון סנו 750 מ""ל","סנו מפעלי ברונוס בע""מ",IL,סנובון נוזלי,מיליליטרים,750.00,"100 מ""ל",false,0,9.90,1.32,true,1,
7290000287621,false,"אנטי קאלק נוזל לניקוי אסלות סנו 750 מ""ל",מיוצר עי קונדיטוריית,IL,סנו מנקה אסלות,מיליליטרים,750.00,"100 מ""ל",false,0,13.90,1.85,true,1,
7290000288024,false,סנו - ז'אוול אקונומיקה בריח לימון 4 ליטר,"סנו מפעלי ברונוס בע""מ",IL,סנו JAVEL אקונומ,ליטרים,4.00,ליטר,false,0,17.90,4.48,true,1,
7290000288048,false,סנו זאוול מרסס מונבלאן 1 ליטר,"סנו מפעלי ברונוס בע""מ",IL,סנו ג'אוול לבנדר,ליטרים,1.00,ליטר,false,0,19.90,19.90,true,1,
7290000288079,false,סנו - ז'אוול אקונומיקה לימון 2 ליטר,"סנו מפעלי ברונוס בע""מ",IL,סנו JAVEL מלבין,ליטרים,2.00,ליטר,false,0,13.60,6.80,true,1,
7290000288086,false,אבקת ניקוי עם אקונומיקה בריח לימון סנו ז'אוול 600 ג',מיוצר עי קונדיטוריית,IL,סנו ג'אוול אבק,גרמים,600.00,100 גרם,false,0,11.00,1.83,true,1,
7290000288109,false,"אבקת כביסה מקסימה אפקט ג''אוול 1.25 ק""ג סנו",סנו מפעלי ברונוס בעמ,IL,א.כביסה מקסימה,קילוגרמים,1.25,"ק""ג",false,0,16.90,13.52,true,1,
7290000288291,false,סנומט דוחה יתושים לוחיות אידוי 30 יחידות,טרופיקל דגיל תעשיות,IT,סנומט נגד יתוש,יחידה,1.00,יחידה,false,0,14.90,14.90,true,1,
7290000288352,false,"קוטל חרקים וזוחלים K-300 סנו 630 מ""ל","סנו מפעלי ברונוס בע""מ",IL,300-K קוטל חרק,מיליליטרים,630.00,"100 מ""ל",false,0,23.00,3.65,true,1,
7290000288840,false,סנו - מים מזוקקים 2 ליטר,החברה הדרומית,IL,סנו מים מזוקקים,ליטרים,2.00,ליטר,false,0,14.90,7.45,true,1,
7290000289069,false,סנו - ז'אוול מרסס קצף ניקוי בתוספת אקונומיקה בריח לימון 1 ליטר,"סנו מפעלי ברונוס בע""מ",IL,סנו ג'אוול מרסס,ליטרים,1.00,ליטר,false,0,19.90,19.90,true,1,
7290000289380,false,"סנו - ז'אוול לניקוי אסלות לימון 750 מ""ל",סנו מפעלי ברונוס בעמ,IL,ג'ל לאסלה ג'אוול,מיליליטרים,750.00,"100 מ""ל",false,0,12.90,1.72,true,1,
7290000289472,false,סנו סושי שקיות אשפה - 50 יחידות,מיוצר עי קונדיטוריית,IL,50 שקיות אשפה,יחידה,1.00,יחידה,false,0,21.90,21.90,true,1,
7290000289496,false,"סנו - ז'אוול ג'ל קרם לניקוי כללי לימון 750 מ""ל","סנו מפעלי ברונוס בע""\מ",IL,ג'אוול ג'ל קרם,מיליליטרים,750.00,"100 מ""ל",false,0,12.90,1.72,true,1,
7290000289601,false,סנו ז'אוול בריח לבנדר 2 ל',"סנו מפעלי ברונוס בע""מ",IL,סנו ג'אוול,ליטרים,2.00,ליטר,false,0,13.60,6.80,true,1,
7290000289748,false,"מסיר שומנים לתנורים פורטה פלוס סנו 750 מ""ל","סנו מפעלי ברונוס בע""\מ",IL,סנו פורטה שומנים,מיליליטרים,750.00,"100 מ""ל",false,0,15.90,2.12,true,1,
7290000292137,false,"נוזל לניקוי וטיפול מוצרי עור סנו 500 מ""ל",מיוצר עי קונדיטוריית,IL,סנו לניקוי עור,מיליליטרים,500.00,"100 מ""ל",false,0,32.60,6.52,true,1,
7290000292311,false,פוליויקס נוזל רצפות בניחוח סחלבים סנו 2 ליטר,"סנו מפעלי ברונוס בע""\מ",IL,סנו פוליויקס,ליטרים,2.00,ליטר,false,0,26.00,13.00,true,1,
7290000292564,false,סנו K-2000 תרסיס מיקרו קפסולרי ללא ריח 750 מ”ל,מיוצר עי קונדיטוריית,IL,סנו 2000-K תרסיס,מיליליטרים,750.00,"100 מ""ל",false,0,31.90,4.25,true,1,
7290000292687,false,סנובון מוצק לניקוי אסלה קלאסיק כחול סנו 3 יחידות,מיוצר עי קונדיטוריית,IL,סנובון כחול 3 יח,גרמים,165.00,100 גרם,false,0,17.90,10.85,true,1,
7290000292915,false,"תרסיס לניקוי כללי רסס ונגב סנו 750 מ""ל","סנו מפעלי ברונוס בע""\מ",IL,סנו רסס נגב מרסס,מיליליטרים,750.00,"100 מ""ל",false,0,17.90,2.39,true,1,
7290000293530,false,סנו פרש סופג לחות שקית מילוי 340 גרם,סנו מפעלי ברונו בעמ,IL,סופג לחות מילוי,יחידה,1.00,יחידה,false,0,12.80,12.80,true,1,
7290000293561,false,"תרסיס להסרת כתמי עובש עם אקונומיקה סנו 750 מ""ל","סנו מפעלי ברונוס בע""\מ",IL,סנו מסיר עובש,מיליליטרים,750.00,"100 מ""ל",false,0,15.90,2.12,true,1,
7290000293943,false,"מרסס לבן מסיר אבנית 1 ליטר אנטי קאלק ""סנו""",מיוצר עי קונדיטוריית,IL,סנו אנטי קאלק,ליטרים,1.00,ליטר,false,0,18.90,18.90,true,1,
7290000294780,false,אקונומיקה סמיכה בריח לימון סנו ז'אוול 4 ליטר,"סנו מפעלי ברונוס בע""מ",IL,סנו ג'אוול 4 ל,ליטרים,4.00,ליטר,false,0,17.90,4.48,true,1,
7290000295404,false,שקיות אשפה עם שרוך 54 * 65 סנו סושי 60 יחידות,מיוצר עי קונדיטוריית,IL,שקיות אשפה,יחידה,1.00,יחידה,false,0,23.90,23.90,true,1,
7290000295503,false,זוג שקיות מזון טבע 19*25 סנו סושי 150 יחידות,"אשפלסט תעשיות בע""מ",CN,שקיות אוכל צמד,יחידה,1.00,יחידה,false,0,14.50,14.50,true,1,
7290000295558,false,"רדיד אלומיניום רוחב 30 ס""מ סנו סושי 2 יח' 7.5 מטר",מולינו ניקולי s.p.a,TR,צמד רדידי אלומינ,מטרים,15.00,מטר,false,0,10.90,0.73,true,1,
7290000295572,false,"מארז זוגי מנקה אסלות 00 סנו 750 מ""ל",מיוצר עי קונדיטוריית,IL,צמד מנקה אסלות,ליטרים,1.50,ליטר,false,0,19.70,13.13,true,1,
7290000295824,false,"רדיד אלומיניום 30 ס""מ רוחב סנו סושי 100 מטר",מולינו ניקולי s.p.a,TR,רדיד אלומיניום,מטרים,100.00,מטר,false,0,45.90,0.46,true,1,
7290000300900,false,שניצל תירס מרכיבים טבעיים טבעול 750 גרם,עיצובים 2020 (4.8),IL,שניצל תירס טבעול,גרמים,750.00,100 גרם,false,0,21.90,2.92,true,1,
7290000302126,false,אירופה פקט סיגריות,"דובק בע""מ",IL,אירופה חבילה,יחידה,1.00,יחידה,false,0,286.00,286.00,false,1,
7290000303598,false,שעועית לבנה ברוטב עגבניות פרי הגליל 570 גרם,"פרי הגליל בע""""מ",IL,שעועית ברוטב,גרמים,570.00,100 גרם,false,0,8.90,1.56,true,1,
7290000303604,false,חומוס שלם מוכן לאכילה פרי הגליל 550 גרם,השוואת מחירונים,IL,חומוס שלם,גרמים,550.00,100 גרם,false,0,8.90,1.62,true,1,
7290000304663,false,סלט טונה נון 160 גרם בדצ עדה חרדית,"סטארקיסט פודור בע""מ",TR,סלט טונה פיקנט,גרמים,160.00,100 גרם,false,0,7.90,4.94,true,1,
7290000305882,false,אס ירקות עם דגים ברוטב עגבניות פיקנטי,"סטארקיסט פודור בע""מ",TR,אס דגים+ירקות,גרמים,120.00,100 גרם,false,0,6.90,5.75,true,1,
7290000307046,false,אפונת גינה וגזר פרי הגליל 550 גרם,"פרי הגליל בע""""מ",IL,אפונת גינה וגזר,גרמים,550.00,100 גרם,false,0,8.90,1.62,true,1,
7290000307220,false,גרעיני תירס מתוק בואקום פרי הגליל 285 גרם,"פרי הגליל בע""""מ",IL,גרעיני תירס,גרמים,340.00,100 גרם,false,0,6.90,2.03,true,1,
7290000307237,false,גרעיני תירס מתוק פרי הגליל 550 גרם,"פרי הגליל בע""""מ",IL,גרעיני תירס,גרמים,550.00,100 גרם,false,0,9.90,1.80,true,1,
7290000307343,false,שעועית ירוקה חתוכה פרי הגליל 550 גרם,"פרי הגליל בע""""מ",IL,שעועית ירוקה,גרמים,550.00,100 גרם,false,0,8.00,1.45,true,1,
7290000313160,false,זהבה ושלושת הדובים עוגיות בטעם שוקולד אסם 350 גרם,"הגביע מוצרי וופלים בע""\מ",IL,עוגיות זהבה,גרמים,250.00,100 גרם,false,0,9.40,3.76,true,1,
7290000313290,false,נודלס אטריות מסולסלות הסדרה האסייתית,תאי פרזידנט פוד בנגק,TH,אטריות נודלס,גרמים,200.00,100 גרם,false,0,12.70,6.35,true,1,
7290000315126,false,קנור ציר עוף משחתי 300 ג,יוניליוור ישראל מזון בע\,IL,ציר עוף קנור,גרמים,300.00,100 גרם,false,0,27.80,9.27,true,1,
7290000315133,false,קנור ציר בקר משחתי 300ג,יוניליוור ישראל מזון בע\,IL,ציר בקר,גרמים,300.00,100 גרם,false,0,27.80,9.27,true,1,
7290000318103,false,פסטרמה ברביקיו במשקל,מעדני יחיעם,IL,פסטרמה ברביקיו,קילוגרמים,0.00,"ק""ג",true,0,85.00,85.00,true,1,
7290000318127,false,"נקניקיות ביס 380 גרם ""יחיעם""",מעדני יחיעם 1993,IL,"נקניקיות ""ביס""",גרמים,380.00,100 גרם,false,0,12.90,3.39,true,1,
7290000318479,false,נקניק פרושוטו בקר יחיעם 100 גרם,תאי פרזידנט פוד פאבל,IL,פרושוטו,גרמים,100.00,100 גרם,false,0,29.90,29.90,true,1,
7290000318493,false,נקניק כתף בקר מפולפל,מעדני יחיעם,IL,כתף בקר מפולפל,קילוגרמים,0.00,"ק""ג",true,0,110.00,110.00,true,1,
7290000318677,false,נקניק סלמי סרוולט יחיעם 150 גרם,מעדני יחיעם 1993,IL,סלמי סרוולט,גרמים,150.00,100 גרם,false,0,25.60,17.07,true,1,
7290000318806,false,סלמי סרוולד אמיתי במשקל,מעדני יחיעם,IL,סלמי סרוולד.,קילוגרמים,0.00,"ק""ג",true,0,147.00,147.00,true,1,
7290000318868,false,סלמי פפרוני במשקל,מעדני יחיעם,IL,סלמי פפרוני,קילוגרמים,0.00,"ק""ג",true,0,79.00,79.00,true,1,
7290000318929,false,סלמי צרפתי מובחר במשקל,מעדני יחיעם,IL,סלמי צרפתי מובחר,קילוגרמים,0.00,"ק""ג",true,0,147.00,147.00,true,1,
7290000318943,false,פסטרמה של פעם מעושן 1.5% יחיעם 200 גרם,תאי פרזידנט פוד פאבל,IL,פסטרמה של פעם,גרמים,200.00,100 גרם,false,0,23.90,11.95,true,1,
7290000319124,false,סלמי סרוולט מאפ יחיעם 250 גרם,מעדני יחיעם 1993,IL,סלמי סרוולט,גרמים,250.00,100 גרם,false,0,38.90,15.56,true,1,
7290000319131,false,נקניקיות עוף יחיעם 400 גרם,מעדני יחיעם 1993,IL,נקניקיות עוף,גרמים,400.00,100 גרם,false,0,13.90,3.48,true,1,
7290000319520,false,נקניק סלמי צרפתי יחיעם 100 גרם,מעדני יחיעם 1993,IL,סלמי צרפתי,גרמים,100.00,100 גרם,false,0,22.90,22.90,true,1,
7290000319704,false,נקניק כתף בקר מעושן,מעדני יחיעם,IL,כתף בקר מעושן,קילוגרמים,0.00,"ק""ג",true,0,115.00,115.00,true,1,
7290000319803,false,קבנוס קלאסי יחיעם 125 גרם,תאי פרזידנט פוד פאבל,IL,קבנוס קלאסי,גרמים,125.00,100 גרם,false,5,14.90,11.92,true,1,
7290000319834,false,קבנוס פפרוני קלאסי 125 גרם,תאי פרזידנט פוד פאבל,IL,קבנוס פפרוני,גרמים,125.00,100 גרם,false,5,14.90,11.92,true,1,
7290000345116,false,תה ירוק ויסוצקי 125 גרם,תה ויסוצקי,IL,תה ירוק עלים,גרמים,125.00,100 גרם,false,0,16.40,13.12,true,1,
7290000345208,false,תה כחול קלאסיק ויסוצקי 25 יחידות,תה ויסוצקי,IL,תה ויסוצקי מעודן,גרמים,25.00,100 גרם,false,0,7.40,29.60,true,1,
7290000345215,false,תה כחול קלאסיק ויסוצקי 100 יחידות,מולינו ניקולי s.p.a,IL,תה ויסוצקי 100שק,גרמים,100.00,100 גרם,false,0,16.90,16.90,true,1,
7290000345260,false,תה קלאסיק מעטפות ויסוצקי 25 יחידות,מולינו ניקולי s.p.a,IL,תה ויסוצקי,גרמים,37.00,100 גרם,false,0,8.00,21.62,true,1,
7290000345277,false,תה ויסוצקי קלאסי אריזה ירוקה מרובעת (50שקיקים),מולינו ניקולי s.p.a,IL,תה ויסוצקי 50 שק,גרמים,75.00,100 גרם,false,0,13.80,18.40,true,1,
7290000345284,false,תה ויסוצקי קלאסי אריזה ירוקה מרובעת (100 שקיקים),מולינו ניקולי s.p.a,IL,תה ויסוצקי ירוק,גרמים,150.00,100 גרם,false,0,17.90,11.93,true,1,
7290000345291,false,תה ארל גריי ויסוצקי 25 יחידות,תה ויסוצקי,IL,תה ארל גריי,גרמים,37.00,100 גרם,false,0,18.20,49.19,true,1,
7290000345307,false,תה ארל גריי ויסוצקי 50 יחידות,תה ויסוצקי,IL,תה ארל גריי 50שק,גרמים,75.00,100 גרם,false,0,32.90,43.87,true,1,
7290000345536,false,תה נענע ויסוצקי 25 יחידות,מולינו ניקולי s.p.a,IL,תה נענע,גרמים,37.00,100 גרם,false,0,19.90,53.78,true,1,
7290000346021,false,חליטת קמומיל הגן הקסום ויסוצקי 50 יחידות,בית ויסוצקי,IL,חליטת קמומיל,גרמים,75.00,100 גרם,false,0,36.90,49.20,true,1,
7290000346120,false,חליטת קינמון הגן הקסום ויסוצקי 25 יחידות,תה ויסוצקי,IL,חליטת קינמון,גרמים,62.00,100 גרם,false,0,19.90,32.10,true,1,
7290000346137,false,חליטת הילולי פירות הגן הקסום ויסוצקי 25 יחידות,תה ויסוצקי,IL,חליטת פירות,גרמים,62.00,100 גרם,false,0,19.90,32.10,true,1,
7290000346168,false,חליטת שומר הגן הקסום ויסוצקי 25 יחידות,תה ויסוצקי,IL,חליטת שומר,גרמים,37.00,100 גרם,false,0,19.90,53.78,true,1,
7290000346199,false,חליטת פירות יער הגן הקסום ויסוצקי 25 יחידות,תה ויסוצקי,IL,חליטת פירות היער,גרמים,67.00,100 גרם,false,0,19.90,29.70,true,1,
7290000346205,false,חליטת קמומיל הגן הקסום ויסוצקי 25 יחידות,תה ויסוצקי,IL,חליטת קמומיל,גרמים,37.00,100 גרם,false,0,19.90,53.78,true,1,
7290000346212,false,חליטת מנטה הגן הקסום ויסוצקי 25 יחידות,תה ויסוצקי,IL,חליטת מנטה,גרמים,50.00,100 גרם,false,0,19.90,39.80,true,1,
7290000346236,false,חליטת לואיזה וורבנה הגן הקסום ויסוצקי 25 יחידות,תה ויסוצקי,IL,תה לואיזה וורבנה,גרמים,50.00,100 גרם,false,0,19.90,39.80,true,1,
7290000346960,false,תה ויסוצקי נענע 1.7 גרם 50יח',בית ויסוצקי,IL,תה נענע 50 שקיק.,גרמים,75.00,100 גרם,false,0,32.90,43.87,true,1,
7290000347738,false,תה ירוק נענע ויסוצקי 25 יחידות,תה ויסוצקי,IL,תה ירוק נענע,גרמים,37.00,100 גרם,false,0,26.90,72.70,true,1,
7290000347752,false,תה ירוק לימונית ולואיזה 25 שקיקים *1.5 ג'' ויסוצקי,תה ויסוצקי,IL,תה ירוק לימונית,גרמים,37.00,100 גרם,false,0,26.90,72.70,true,1,
7290000363462,false,נקניק סלמי מעושן איט,טירת- צבי,IL,מעושן איטלקי,קילוגרמים,0.00,"ק""ג",true,0,79.00,79.00,true,1,
7290000363486,false,נקניק סלמי תה במשקל,טירת- צבי,IL,נקניק תה,קילוגרמים,0.00,"ק""ג",true,0,58.00,58.00,true,1,
7290000364261,false,"דקניקים, סלסולי פסטרמה כתף בקר מעושנת 120 גרם",הנסיך- מפעל לייצור ט,IL,דקניקים כתף בקר,גרמים,120.00,100 גרם,false,0,17.90,14.92,true,1,
7290000364285,false,דקניקים סלסולי פסטרמה הודו טירת צבי 120 גרם,הנסיך- מפעל לייצור ט,IL,דקניקים פסטרמה,גרמים,120.00,100 גרם,false,0,17.90,14.92,true,1,
7290000364858,false,"נקניקיות עוף טרי טירת צבי 1 ק""ג",הנסיך- מפעל לייצור ט,IL,נקניקיות עוף,קילוגרמים,1.00,"ק""ג",false,0,28.90,28.90,true,1,
7290000364872,false,נקניקיות עוף טירת צבי 400 גרם,טיב טירת צבי 2000,IL,נקניקיות עוף,גרמים,400.00,100 גרם,false,0,14.90,3.73,true,1,
7290000365046,false,פסטרמה כתף בקר מעושן,טירת- צבי,IL,כתף בקר מעושן,קילוגרמים,0.00,"ק""ג",true,0,107.00,107.00,true,1,
7290000379142,false,לחם עינן מחיטה מלאה פרוס 750 גרם(מרובע),מאפיית שלמה א. אנג'\ל בע,IL,לחם עינן פרוס,גרמים,750.00,100 גרם,false,0,17.20,2.29,true,1,
7290000379203,false,לחם עינן קל פרוס מחיטה מלאה אנג'ל 500 גרם,מאפיית שלמה א. אנג'\ל בע,IL,לחם עינן קל,גרמים,500.00,100 גרם,false,0,16.90,3.38,true,1,
7290000379258,false,"חלה מתוקה קונדטוריה ארוזה ""אנג'ל""",מאפיית שלמה א. אנג'\ל בע,IL,חלת קונדיטוריה,גרמים,500.00,100 גרם,false,0,15.90,3.18,true,1,
7290000408316,false,יוגורט דנונה דל לקטוז 200 גרם,מיוצר עי קונדיטוריית,IL,יוגורט ביו 3%,גרמים,200.00,100 גרם,false,0,3.90,1.95,true,1,
7290000408354,false,יוגורט עם אורז מצופה שוקולד קקאו 175 ג' דנונה,"שטראוס בריאות בע""\מ",IL,דנונה בר פצפוצים,גרמים,173.00,100 גרם,false,0,5.10,2.95,true,1,
7290000412481,false,נוזל לניקוי אסלות 00 סנו 1 ליטר,מיוצר עי קונדיטוריית,IL,"מנקה אסלות 00""",ליטרים,1.00,ליטר,false,0,8.90,8.90,true,1,
7290000415208,false,קובה חמוסטה במילו בשר600,יסמין,IL,קובה חמוסטה,גרמים,600.00,100 גרם,false,0,39.90,6.65,true,1,
7290000416021,false,ממרח בטעם שוקולד השחר חלבי 500,השחר העולה,IL,ממרח השחר,גרמים,500.00,100 גרם,false,0,12.90,2.58,true,1,
7290000416045,false,"קרם מובחר למריחה השחר 1 ק""ג",השחר העולה תעשייות מ,IL,ממרח השחר,קילוגרמים,1.00,"ק""ג",false,0,26.90,26.90,true,1,
7290000416618,false,קרם מובחר בטעם שוקולד פרווה השחר למהדרין,השחר העולה תעשייות מ,IL,ממרח בטעם שוקולד,גרמים,400.00,100 גרם,false,0,13.90,3.48,true,1,
7290000416809,false,ממרח חלב קרם חצי מובחרלמריחה 350 ג' השחר,השחר העולה תעשייות מ,IL,ממרח חצי חצי,גרמים,350.00,100 גרם,false,1,12.90,3.69,true,1,
7290000416922,false,השחר ממרח חלב 350 גרם,השחר העולה תעשייות מ,IL,ממרח חלב,גרמים,350.00,100 גרם,false,1,12.90,3.69,true,1,
7290000419114,false,קפה טחון טורקי לנדור200ג,"קפה לנדוור בע""\מ",IL,קפה שחור לנדוור,גרמים,200.00,100 גרם,false,0,18.30,9.15,true,1,
7290000419893,false,לנדוור קפה שחור חזק טחון טורקי 100 גרם,מולינו ניקולי s.p.a,IL,קפה שחור לבוקר,גרמים,100.00,100 גרם,false,0,9.90,9.90,true,1,
7290000419909,false,לנדוור קפה שחור לבוקר טחון טורקי 100 גרם,מולינו ניקולי s.p.a,IL,קפה שחור חזק,גרמים,100.00,100 גרם,false,0,9.90,9.90,true,1,
7290000420325,false,"פופסטאר פופקורן למקירוגל בטעם טבעי 5 שקיות,500 גרם",פרסטון פארמס,US,פופקורן למיקרו,גרמים,500.00,100 גרם,false,0,14.90,2.98,true,1,
7290000420332,false,פופסטאר פופקורן למיקרוגל בטעם חמאה 5 יחידות 500 גרם,פרסטון פארמס,US,פופקורן למיקרו,גרמים,500.00,100 גרם,false,0,14.90,2.98,true,1,
7290000442044,false,פמינה תחליב רחצה אינטימי חמוציות 220 מל,פמינה,IL,פמינה חמוציות,מיליליטרים,220.00,"100 מ""ל",false,0,25.90,11.77,true,1,
7290000446547,false,חמאת בוטנים טבעית בטר אנד דיפרנט 350 גרם,"בטר אנד דיפרנט בע""מ",IL,חמאת בוטנים,גרמים,350.00,100 גרם,false,0,16.20,4.63,true,1,
7290000446776,false,פיצפוצי אורז מלא ללא סוכר ומלח בשקית 450 גרם,בטר אנד דיפרנט,IL,פיצפוצי אורז מלא,גרמים,450.00,100 גרם,false,0,21.90,4.87,true,1,
7290000453019,false,שמרים טריים לאפייה שקית שמרית 50 ג',"פאקא תעשיות בע""\מ",IL,שמרית-שמרים טרי,גרמים,50.00,100 גרם,false,0,4.90,9.80,true,1,
7290000453200,false,בלילה להכנת פנקייק עם רכיבים ביתיים,"פאקא תעשיות בע""מ",DE,בלילה לפנקייק,גרמים,750.00,100 גרם,false,1,22.90,3.05,true,1,
7290000453408,false,בצק פיצה דק מצונן ומוכן לאפייה שמרית 415 גרם,"פאקא תעשיות בע""מ",FR,בצק פיצה מצונן,גרמים,415.00,100 גרם,false,1,18.50,4.46,true,1,
7290000453415,false,בצק עלים מצונן ומוכן לאפייה שמרית 300 גרם,"פאקא תעשיות בע""מ",FR,בצק עלים מצונן,גרמים,300.00,100 גרם,false,1,16.90,5.63,true,1,
7290000453422,false,בצק פילו מצונן ומוכן לאפייה שמרית 300 גרם,"פאקא תעשיות בע""מ",GR,בצק פילו מצונן,גרמים,300.00,100 גרם,false,1,16.90,5.63,true,1,
7290000453484,false,בצק שיערות קדאיף מצונן לשימוש מיידי,"פאקא תעשיות בע""מ",GR,בצק קדאיף,גרמים,350.00,100 גרם,false,1,16.90,4.83,true,1,
7290000453866,false,נטורינה תחליף מרגרינה לבישול ואפיה קוקוס שמרית 200 גרם,גרונבאנג- גרונדנסק א,DK,נטורינה קוקוס,גרמים,200.00,100 גרם,false,1,8.50,4.25,true,1,
7290000462141,false,סחוג אדום תימני מקורי חריף מאוד זהבי 150 גרם,קריניסה ויטמין אס אי,IL,זחוק אדום חריף,גרמים,150.00,100 גרם,false,0,8.90,5.93,true,1,
7290000462172,false,סחוג תימני ירוק חריף זהבי הכרם 150 גרם,קריניסה ויטמין אס אי,IL,סחוג זהבי ירוק,גרמים,150.00,100 גרם,false,0,8.90,5.93,true,1,
7290000467153,false,מלך החומוס סמיר הגדול 400 גרם צבר,סלטי צבר,IL,חומוס סמיר הגדול,גרמים,400.00,100 גרם,false,0,15.70,3.93,true,1,
7290000474090,false,"חלב בקרטון 1%- 1 ליטר בד""צ - מוצר בפיקוח",מילקו תעשיות בעמ,IL,חלב טרי טרה 1%,ליטרים,1.00,ליטר,false,0,5.86,5.86,true,1,
7290000474502,false,גבינה לבנה טרה 5% מרכיבים טבעיים,הפריט בפיקוח,IL,גבינה לבנה 5%,גרמים,250.00,100 גרם,false,0,4.98,1.99,true,1,
7290000474540,false,טוב טעם גבינה לבנה 3% טרה 250 גרם,קריות זול,IL,גבינת טוב טעם3%,גרמים,250.00,100 גרם,false,0,12.30,4.92,true,1,
7290000480107,false,קוואקר שיבולת שועל פחית 500 גרם,וולקרס סנקס לימיטד,GB,קוואקר שיבולת,גרמים,500.00,100 גרם,false,0,10.00,2.00,true,1,
7290000480442,false,קוואקר שיבולת שועל בשקית 500 גרם,פריטו ליי FRITO-LAY,IL,קוואקר,גרמים,500.00,100 גרם,false,0,9.90,1.98,true,1,
7290000484747,false,"ארק איילות 40% 700 מ""ל",יקב הגליל יוסף גולד ובניו,IL,עלית הארק,מיליליטרים,700.00,"100 מ""ל",false,1,59.90,8.56,true,1,
7290000490717,false,מאגדת גלית פלדמן 8 יחידות,הגלידות של פלדמן,IL,מאגדות גלית 8י,גרמים,560.00,100 גרם,false,0,27.90,4.98,true,1,
7290000490762,false,גלידל שוקו פלדמן מארז שמינייה,הגלידות של פלדמן,IL,גלידל שוקו 8יח,גרמים,400.00,100 גרם,false,0,34.90,8.73,true,1,
7290000493176,false,אסם אבקת רוטב צלי לבשר 22 ג',"אסם השקעות בע""\מ",IL,רוטב צלי לבשר,גרמים,22.00,100 גרם,false,0,5.00,22.73,true,1,
7290000493183,false,אבקת רוטב פטריות לבשר-30 גרם,"אסם השקעות בע""\מ",IL,רוטב פטריות,גרמים,30.00,100 גרם,false,0,4.30,14.33,true,1,
7290000497044,false,"לחם אקטיב 750 גרם ""ברמן""",מאפית י את א ברמן בע,IL,לחם ברמן אקטיב,גרמים,750.00,100 גרם,false,0,17.90,2.39,true,1,
7290000497204,false,פיתה אסלי ברמן חמישי,מאפית י את א ברמן בע,IL,פיתות ברמן 5 יח,גרמים,500.00,100 גרם,false,0,9.90,1.98,true,1,
7290000497228,false,לחמניה רגילה בשקית ברמן 6יח',מאפית י את א ברמן בע,IL,6 לחמניות בשקית,גרמים,450.00,100 גרם,false,0,12.90,2.87,true,1,
7290000497273,false,לחמניות ברמן אקטיב 6יח 450גר,מאפית י את א ברמן בע,IL,6 לחמניות אקטיב,גרמים,450.00,100 גרם,false,1,14.90,3.31,true,1,
7290000497303,false,"שישיית לחמניות מקמח מלא ""ברמן""",מאפית י את א ברמן בע,IL,6לחמניות קמח מלא,גרמים,450.00,100 גרם,false,0,13.90,3.09,true,1,
7290000497426,false,לחם ברמן לענין פלוס 500 גרם,מאפית י את א ברמן בע,IL,לחם ברמן לעניין+,גרמים,500.00,100 גרם,false,0,16.90,3.38,true,1,
7290000497532,false,"לחם מקמח מלא""לעניין"" 750 גר'",מאפית י את א ברמן בע,IL,לחם ברמן לענין,גרמים,750.00,100 גרם,false,0,15.50,2.07,true,1,
7290000497570,false,לחם דגנים פלוס ברמן 500 גרם,מאפית י את א ברמן בע,IL,לחם דגנים פלוס,גרמים,500.00,100 גרם,false,0,16.90,3.38,true,1,
7290000498034,false,E-FREEלחם מקמח כוסמין מלא 750 גר',מאפית י את א ברמן בע,IL,לחם מקמח כוסמין,גרמים,750.00,100 גרם,false,1,17.90,2.39,true,1,
7290000504049,false,סוכרזית קלאסי קנקן 1200 טבליות,אף.סי תבליני בגליל ב,IL,סוכרזית טבליות,גרמים,98.00,100 גרם,false,0,21.90,22.35,true,1,
7290000504278,false,ממתיק סוכרזית אריזת פטנט 700 טבליות,אף.סי תבליני בגליל ב,IL,סוכרזית טבליות,גרמים,57.00,100 גרם,false,0,17.90,31.40,true,1,
7290000518176,false,ממתיק מתוק וקל 250 שקיות,מתוק וקל בעמ,IL,מתוק וקל ענק,גרמים,250.00,100 גרם,false,0,21.90,8.76,true,1,
7290000518220,false,ממתיק סוכרה דיאט 100 יחידות,פתח תקווה,IL,סוכרה דיאט,גרמים,80.00,100 גרם,false,1,29.90,37.38,true,1,
7290000518251,false,ממתיק זהב מתוק וקל 100 יחידות,קריות זול,IL,מתוק וקל זהב,יחידה,1.00,יחידה,false,0,12.90,12.90,true,1,
7290000521008,false,יין אדום יבש של סגל750מל,"כרמי צבי - אחים סגל בע""\",IL,יין סגל אדום,מיליליטרים,750.00,"100 מ""ל",false,0,23.90,3.19,true,1,
7290000521015,false,"יין לבן יבש של סגל750מ""ל","מיוצר ע""י כרמי צבי-",IL,יין לבן של סגל,מיליליטרים,750.00,"100 מ""ל",false,0,23.90,3.19,true,1,
7290000521022,false,"של סגל, יין לבן חצי יבש 750 מ""ל","מיוצר ע""י כרמי צבי-",IL,יין לבן חצי יבש,מיליליטרים,750.00,"100 מ""ל",false,0,23.90,3.19,true,1,
7290000522142,false,חלב הרים טהור-עמיד- קרטון 1 לי 3%,"מחלבות רמת הגולן בע""",IL,חלב הרים טהור,ליטרים,1.00,ליטר,false,0,8.90,8.90,true,1,
7290000522166,false,חלב הרים טהור-עמיד- נטול לקטוז 1 לי 3%,מחלבות רמת הגולן,IL,חלב הרים 1 ליטר,ליטרים,1.00,ליטר,false,0,11.50,11.50,true,1,
7290000522272,false,"שמנת לקפה רמת הגולן 10% 500 מ""ל עמידה",מחלבות רמת הגולן,IL,שמנת לקפה,מיליליטרים,500.00,"100 מ""ל",false,0,9.90,1.98,true,1,
7290000523125,false,מלח הארץ הים האדום 250 ג' עדין,"חברת מלח הארץ אילת בע""\מ",IL,מלח ים יבש,גרמים,250.00,100 גרם,false,0,6.70,2.68,true,1,
7290000523224,false,מלח הארץ הים האדום 500 ג' עדין,"חברת מלח הארץ אילת בע""\מ",IL,מלח ים דק,גרמים,500.00,100 גרם,false,0,8.40,1.68,true,1,
7290000523514,false,מלח ים יבש מלח הארץ 250 גרם מופחת נתרן,"חברת מלח הארץ אילת בע""\מ",IL,מלח דל נתרן,גרמים,250.00,100 גרם,false,0,11.00,4.40,true,1,
7290000523804,false,"מלח עדין צנצנת 1 ק""ג מלח הארץ","חברת מלח הארץ אילת בע""\מ",IL,מלח הארץ עדין,קילוגרמים,1.00,"ק""ג",false,0,7.30,7.30,true,1,
7290000523811,false,"צנצנת מלח גס 1 ק""ג מלח הארץ","חברת מלח הארץ אילת בע""\מ",IL,מלח הארץ גס,קילוגרמים,1.00,"ק""ג",false,0,7.30,7.30,true,1,
7290000525969,false,מיץ תפוזים סחוט רכיבים טבעיים פרימור 1 ליטר,"גניר (1992) בע""מ",IL,מיץ תפוזים סחוט,ליטרים,1.00,ליטר,false,0,17.20,17.20,true,1,
7290000530024,false,נקניק תה מעושן רחב במשקל,זוגלובק,IL,נקניק תה מעושן,קילוגרמים,0.00,"ק""ג",true,0,56.00,56.00,true,1,
7290000530048,false,נקניק סלמי פפרוני במ,זוגלובק,IL,סלמי פפרוני,גרמים,0.00,"ק""ג",true,0,62.00,62.00,true,1,
7290000530062,false,נקניק מעושן איטלקי במשקל,זוגלובק,IL,נקניק איטלקי,קילוגרמים,0.00,"ק""ג",true,0,87.00,87.00,true,1,
7290000530086,false,נקניק סלמי מעושן זוגלובק 600 גרם,נקניק נהריה כשר זוגל,IL,נקניק מעושן,גרמים,600.00,100 גרם,false,0,39.00,6.50,true,1,
7290000530109,false,קבנוס זוגי בואקום זוגלובק 180ג',נקניק נהריה כשר זוגל,IL,זוג קבנוס בואקום,גרמים,360.00,100 גרם,false,0,28.70,7.97,true,1,
7290000530116,false,נקניק סלמי מעושן בשן 470 ג' זוגלובק,נקניק נהריה כשר זוגל,IL,נקניק סלמי בשן,גרמים,470.00,100 גרם,false,0,21.90,4.66,true,1,
7290000530178,false,נקניק קוניאק זוגלובק,זוגלובק,IL,נקניק קוניאק,קילוגרמים,0.00,"ק""ג",true,0,92.00,92.00,true,1,
7290000530192,false,נקניק סלמי סרוולד במ,זוגלובק,IL,נקניק סרבלד,קילוגרמים,0.00,"ק""ג",true,0,141.00,141.00,true,1,
7290000530260,false,נקניק מרטדלה רחב במשקל,זוגלובק,IL,נקניק מרטדלה,קילוגרמים,0.00,"ק""ג",true,0,40.00,40.00,true,1,
7290000530291,false,נקניק מבשר הודו קטן זוגלובק 750 גרם,נקניק נהריה כשר זוגל,IL,נקניק מבשר הודו,גרמים,750.00,100 גרם,false,0,21.70,2.89,true,1,
7290000530444,false,כתף בקר מעושן אורלנדו מש,זוגלובק,IL,כתף בקר מעושן,קילוגרמים,0.00,"ק""ג",true,0,122.00,122.00,true,1,
7290000530598,false,נקניקיות עוף וינר זוגלובק 500 גרם,נקניק נהריה כשר זוגל,IL,נקניקיות וינר,גרמים,500.00,100 גרם,false,0,18.30,3.66,true,1,
7290000530703,false,פסטרמה חרמון כפרית ונקניק תה מעושן זוגלובק 2*400 גרם,נקניק נהריה כשר זוגל,IL,מארז חרמון+תה,גרמים,800.00,100 גרם,false,0,34.40,4.30,true,1,
7290000531410,false,פסטרממיה בדבש טהור במשקל,זוגלובק,IL,פסטרמה בדבש טהור,קילוגרמים,0.00,"ק""ג",true,0,89.00,89.00,true,1,
7290000532400,false,חזה הודו ברביקיו במשקל,זוגלובק,IL,חזה הודו ברבקי,קילוגרמים,0.00,"ק""ג",true,0,89.00,89.00,true,1,
7290000532585,false,נקניק רוסטביף חצוי ב,זוגלובק,IL,רוסטביף חצוי,קילוגרמים,0.00,"ק""ג",true,0,129.00,129.00,true,1,
7290000532721,false,כתף בקר בפלפל טורו במשקל,זוגלובק,IL,כתף בקר בפלפל,קילוגרמים,0.00,"ק""ג",true,0,122.00,122.00,true,1,
7290000533353,false,"בצק עלים צרפתי 1 ק""ג זוגלובק",נקניק נהריה כשר זוגל,IL,בצק עלים,גרמים,1000.00,100 גרם,false,0,16.90,1.69,true,1,
7290000534718,false,חזה הודו תבור דל שומן מש,זוגלובק,IL,חזה הודו תבור,קילוגרמים,0.00,"ק""ג",true,0,89.00,89.00,true,1,
7290000535791,false,קורנדביף בסגנון ניויורק,זוגלובק,IL,קורנדביף בסגנון,קילוגרמים,0.00,"ק""ג",true,0,122.00,122.00,true,1,
7290000536743,false,שניצלונים קריספי ט. תירס 500 גר' זוגלובק,נקניק נהריה כשר זוגל,IL,קריספי סטיקסתירס,גרמים,500.00,100 גרם,false,0,19.70,3.94,true,1,
7290000537566,false,נקניקיות עוף טרי 400 ג' זוגלובק,נקניק נהריה כשר זוגל,IL,נקניקיות עוף,גרמים,400.00,100 גרם,false,0,13.90,3.48,true,1,
7290000537603,false,"נקניקיות עוף זוגלובק 1 ק""ג",זוגלובק,IL,נקניקיות עוף,קילוגרמים,1.00,"ק""ג",false,0,29.90,29.90,true,1,
7290000540009,false,סכין יפני צר כריכה מתכת,",S.M.P.L שיבקי",IN,מדליק פחמים,גרמים,108.00,100 גרם,false,1,6.60,6.11,true,1,
7290000540931,false,עוגיות האחים 400 גרם פירמידה,האחים יצרני חטיפים,IL,עוגיות האחים,גרמים,400.00,100 גרם,false,1,12.90,3.23,true,1,
7290000551098,false,בשר שריר מס8' מוכשר קג,פניסקור,XX,בשר מס8' קפוא,קילוגרמים,0.00,"ק""ג",true,0,34.90,34.90,true,1,
7290000552194,false,קישקע טיבון ויל 500 גרם,טיבון ויל אחזקות בעמ,IL,קישקע,גרמים,500.00,100 גרם,false,0,17.90,3.58,true,1,
7290000552927,false,עוף טחון טיבון ויל 500 גרם,"טיבון ויל אחזקות בע""\מ",IL,טחון עוף קפוא,גרמים,500.00,100 גרם,false,0,16.50,3.30,true,1,
7290000552934,false,בשר הודו טחון טיבון ויל 500 גרם,"טיבון ויל אחזקות בע""\מ",IL,טחון הודו 500גרם,גרמים,500.00,100 גרם,false,0,15.90,3.18,true,1,
7290000554402,false,מעדן חלב מלבי 5% גד 170 גרם,"מיוצר ע""\י קוד יצרן EDNK",IL,מלבי,גרמים,160.00,100 גרם,false,0,6.50,4.06,true,1,
7290000554457,false,גבינה צפתית במליחות עדינה 5% גד 350 גרם,"מחלבות גד בע""\מ",IL,גבינה צפתית5%,גרמים,350.00,100 גרם,false,0,23.90,6.83,true,1,
7290000554471,false,נקניק מוצרלה 22 אחוז 180גרם גד מהדרין,"מחלבות גד בע""\מ",IL,גבינת מוצרלה 22%,גרמים,180.00,100 גרם,false,0,19.80,11.00,true,1,
7290000554532,false,גבינה צפתית מעודנת מלח ים 5% גד 200ג',הנסיך- מפעל לייצור ט,IL,צפתית מעודנת 5%,גרמים,200.00,100 גרם,false,0,11.90,5.95,true,1,
7290000554600,false,מוצרלה מגורדת 22 אחוז 300גרם גד מהדרין,מחלבות גד בעמ,IL,מוצרלה מגורדת,גרמים,300.00,100 גרם,false,0,27.30,9.10,true,1,
7290000554624,false,מעדן חלב ירח מתוק עם אורז 3% גד 150 גרם,"מיוצר ע""\י קוד יצרן EDNK",IL,מעדן חלב ואורז,גרמים,150.00,100 גרם,false,0,6.50,4.33,true,1,
7290000554686,false,גבינת לאבנה בתוספת שמן זית וזעתר 5% גד 250 גרם,מחלבות גד בעמ,IL,לאבנה בשמן זית5%,גרמים,250.00,100 גרם,false,0,14.90,5.96,true,1,
7290000554792,false,גבינה בולגרית 5%במשקל,מחלבות גד,IL,גבינה בולגרית 5%,קילוגרמים,0.00,"ק""ג",true,0,69.00,69.00,true,1,
7290000554815,false,מוצרלה נקניק 22% במשקל,מחלבות גד,IL,גבינת מוצרלה,גרמים,0.00,"ק""ג",true,0,95.00,95.00,true,1,
7290000554822,false,ריקוטה גבינה לבנה בסגנון איטלקי 5% גד 250 גרם,מחלבות גד בעמ,IL,גבינת ריקוטה 5%,גרמים,250.00,100 גרם,false,0,14.90,5.96,true,1,
7290000554839,false,מסקרפונה שמנת מתוקה קשה בסגנון איטלקי 40% גד 250 גרם,מחלבות גד בעמ,IL,גבינה מסקרפונה,גרמים,250.00,100 גרם,false,0,23.40,9.36,true,1,
7290000554969,false,גב.שמנת 30%שומן1קג משקל,מחלבות גד,IL,גבינת שמנת 30%,קילוגרמים,0.00,"ק""ג",true,0,57.00,57.00,true,1,
7290000554976,false,גבינת שמנת זיתים גד,מחלבות גד,IL,גבינת שמנת זית,גרמים,0.00,"ק""ג",true,0,57.00,57.00,true,1,
7290000560533,false,אדג' ג'ל גילוח ירוק לעור רגיל 198גרם,אס.סי ג'ונסון ובניו,US,אדג' ג'ל לגילוח,גרמים,198.00,100 גרם,false,0,18.90,9.55,true,1,
7290000571119,false,גאודה טבעי בית יצחק,תנובה מרכז שיתופי לש,IL,גבינת גאודה,קילוגרמים,0.00,"ק""ג",true,0,115.00,115.00,true,1,
7290000571126,false,גבינת גאודה+כמון בית,תנובה מרכז שיתופי לש,IL,גאודה כמון,קילוגרמים,0.00,"ק""ג",true,0,115.00,115.00,true,1,
7290000571188,false,גבינת גאודה תום עיזים במשקל,תנובה מרכז שיתופי לש,IL,גבינת עיזים,קילוגרמים,0.00,"ק""ג",true,0,163.00,163.00,true,1,
7290000571294,false,גבינת גאודה מעושנת ב,מחלבה בית יצחק,IL,גאודה מעושנת,קילוגרמים,0.00,"ק""ג",true,0,115.00,115.00,true,1,
7290000571386,false,המחלבה יוגורמה יוגורט מחלב כבשים 5% 850 גרם,גבינות משק אחים מאיר בית,IL,יוגורמה 5%,גרמים,850.00,100 גרם,false,0,29.90,3.52,true,1,
7290000571478,false,גבינת תום עיזים פרוס המחלבה 200 גרם,גבינות משק אחים מאיר בית,IL,גבינת תום עיזים,גרמים,200.00,100 גרם,false,0,40.80,20.40,true,1,
7290000572628,false,חטיפי חלווה ללא סוכר בקופסא 250 גרם,שוורצקוף& הנקל דיסלד,IL,חטיף חלווה לייט,גרמים,275.00,100 גרם,false,0,13.50,4.91,true,1,
7290000612904,false,חזה הודו נקבה טרי ארוז ע.עוז,עוף עוז שיווק,IL,חזה הודו טרי,קילוגרמים,0.00,"ק""ג",true,0,34.90,34.90,true,1,
7290000632209,false,חזה עוף קפוא עטרה מחיר ל,שונות,IL,חזה עוף קפוא,קילוגרמים,0.00,"ק""ג",true,0,34.90,34.90,true,1,
7290000632599,false,ירכיים פטם קפוא עטרה מחי,שונות,IL,ירכיים פטם קפוא,קילוגרמים,0.00,"ק""ג",true,0,33.90,33.90,true,1,
7290000644783,false,נתחי פילה סלמון קפוא קג,דגי תנובה,DK,נתחי פילה סלמון,קילוגרמים,0.00,"ק""ג",true,0,89.90,89.90,true,1,
7290000652177,false,נתחי פילה נסיכה 100% דג קפוא תנובה,דגי תנובה,IL,נתחי נסיכת הנילו,קילוגרמים,0.00,"ק""ג",true,1,79.90,79.90,true,1,
7290000652542,false,פילה אמנון קפוא 5-7 קג,דגי תנובה,IL,פילה אמנון קפוא,קילוגרמים,0.00,"ק""ג",true,1,37.90,37.90,true,1,
7290000654546,false,פילה אמנון 7-9 100% דג תנובה,תנובה,CN,פילה אמנון קפוא,קילוגרמים,0.00,"ק""ג",true,1,39.90,39.90,true,1,
7290000659312,false,פילה סלמון פרימיום דגי תנובה,דגי תנובה,IL,פילה סלמון,קילוגרמים,0.00,"ק""ג",true,0,79.90,79.90,true,1,
7290000662213,false,נתח פילה סלמון קפוא תנובה,תנובה,IL,נתח פילה סלמון,קילוגרמים,0.00,"ק""ג",true,1,89.90,89.90,true,1,
7290000663098,false,שווארמה ריב אנטריקוט,תנובה בשר,IL,שווארמה ריב אנטר,גרמים,300.00,100 גרם,false,1,36.90,12.30,true,1,
7290000663104,false,שווארמה פרגית להקפצה,תנובה בשר,IL,שווארמה פרגית,גרמים,300.00,100 גרם,false,1,36.90,12.30,true,1,
7290000663128,false,רצועות ריב אנטריקוט עדיי,זוהר בשר,IL,רצועות ריב אנטרי,גרמים,300.00,100 גרם,false,1,36.90,12.30,true,1,
7290000688084,false,מי עדן פקק ספורטאים500מל,"מופק ממקור בזלתי עדן ,1",IL,מי עדן פקק ספורט,מיליליטרים,500.00,"100 מ""ל",false,0,3.20,0.64,true,1,
7290000688374,false,"מים מינרליים מי עדן בייבי 6*330 מ""ל","מופק ממקור בזלתי עדן ,1",IL,מי עדן בייבי 6יח,ליטרים,1.50,ליטר,false,0,16.90,11.27,true,1,
7290000688381,false,שישיית מי עדן פקק ספורט 0.5 ליטר,"מופק ממקור בזלתי עדן ,1",IL,מי עדן אישי 6 בק,ליטרים,3.00,ליטר,false,0,15.90,5.30,true,1,
7290000692210,false,נוזל לניקוי כללי ורצפות בניחוח לבנדר אג'קס 2 ליטר,הנסיך- מפעל לייצור ט,GR,אג'קס ניקוי כללי,ליטרים,2.00,ליטר,false,0,24.90,12.45,true,1,
7290000692227,false,נוזל כלים פלמוליב צילינדר קלאסי 1 ליטר,יבואן ומשווק: ש. שסט,GR,פלמוליב לכלים,ליטרים,1.00,ליטר,false,0,14.90,14.90,true,1,
7290000803180,false,"מרידול - מי פה שטיפה דנטלית 400 מ""ל",קולגייט פלמוליב,CH,שטיפה מרידול,מיליליטרים,400.00,"100 מ""ל",false,0,32.90,8.23,true,1,
7290000907949,true,משקה מוגז בקירור עד500-מ,,,משקה מצונן 500מל,מיליליטרים,500.00,"100 מ""ל",false,0,8.50,1.70,true,1,
7290000910321,true,נתח פילה דג סלמון קפוא ק,נטו,NO,נתח פילה סלמון,קילוגרמים,0.00,"ק""ג",true,1,89.90,89.90,true,1,
7290000910994,true,פסטרמה ונקניק-קצוות משקל,שונות,IL,פסטרמה ונקניק,קילוגרמים,0.00,"ק""ג",true,0,29.00,29.00,true,1,
7290000915883,true,טחון בקר טרי (עצמי) מחיר,שונות,IL,טחון מקומי טרי,קילוגרמים,0.00,"ק""ג",true,0,49.90,49.90,true,1,
7290000928241,true,סלמון פרוס לא מעובד שופר,ויליגר תעשיות בעמ,NO,נתחי פ.סלמון קפו,קילוגרמים,0.00,"ק""ג",true,0,89.90,89.90,true,1,
7290000928265,true,פילה סלמון קפוא נורווגי,ויליגר תעשיות בעמ,NO,פילה סלמון קפוא,קילוגרמים,0.00,"ק""ג",true,0,79.90,79.90,true,1,
7290000928388,true,צלי כתף טרי)עצמי( מחיר ל,שונות,IL,צלי כתף טרי,קילוגרמים,0.00,"ק""ג",true,0,99.90,99.90,true,1,
7290000928395,true,פילה מדומה טרי )עצמי( מח,שונות,IL,פילה מדומה טרי,קילוגרמים,0.00,"ק""ג",true,0,99.90,99.90,true,1,
7290000928401,true,כתף בשר טרי)עצמי( מחיר ל,שונות,IL,בשר כתף טרי,קילוגרמים,0.00,"ק""ג",true,0,94.90,94.90,true,1,
7290000928425,true,אסאדו עם עצם טרי מחיר לפ,שונות,IL,אסאדו עם עצם טרי,קילוגרמים,0.00,"ק""ג",true,0,69.90,69.90,true,1,
7290000928432,true,צוואר עצם טרי(עצמי)משקל,שונות,IL,צוואר עם עצם טרי,קילוגרמים,0.00,"ק""ג",true,0,79.90,79.90,true,1,
7290000928456,true,אסאדו בלי עצם טרי )עצמי(,שונות,IL,אסאדו בלי עצם טר,קילוגרמים,0.00,"ק""ג",true,0,84.20,84.20,true,1,
7290000928463,true,חזה עצם בשר טרי)עצמי( מח,שונות,IL,חזה עם עצם טרי,קילוגרמים,0.00,"ק""ג",true,0,69.90,69.90,true,1,
7290000928500,true,אוסובוקו טרי )עצמי( מחיר,שונות,IL,אוסובוקו טרי,קילוגרמים,0.00,"ק""ג",true,0,69.90,69.90,true,1,
7290000928517,true,אנטריקוט טרי)עצמי( מחיר,ישראלי,IL,אנטריקוט טרי,קילוגרמים,0.00,"ק""ג",true,0,179.90,179.90,true,1,
7290000928524,true,אנטריקוט עם עצם טרי מחיר,שונות,IL,אנטריקוט ע.עצםטר,קילוגרמים,0.00,"ק""ג",true,0,119.90,119.90,true,1,
7290000928555,true,אוזית טרי קג,שונות,IL,אוזית טרי,קילוגרמים,0.00,"ק""ג",true,0,99.90,99.90,true,1,
7290000928562,true,שיטל טרי )עצמי( מחיר לפי,שונות,IL,שיטל טרי,קילוגרמים,0.00,"ק""ג",true,0,99.90,99.90,true,1,
7290000928630,true,כבד בקר לצלייה במשקל,שונות,IL,כבד בקר לצלייה,קילוגרמים,0.00,"ק""ג",true,0,29.90,29.90,true,1,
7290000928685,true,עצמות מח טרי )עצמי( מחיר,שונות,IL,עצמות מח טרי,קילוגרמים,0.00,"ק""ג",true,0,49.90,49.90,true,1,
7290000928692,true,עצמות חוליות טרי )עצמי(,שונות,IL,עצמות חוליות ט,קילוגרמים,0.00,"ק""ג",true,0,19.70,19.70,true,1,
7290000928746,true,כתף טלה טרי )עצמי( מחיר,שונות,IL,כתף טלה טרי,קילוגרמים,0.00,"ק""ג",true,0,124.90,124.90,true,1,
7290000928753,true,חזה כבש טרי (עצמי) משקל,שונות,IL,חזה כבש טרי,קילוגרמים,0.00,"ק""ג",true,0,64.90,64.90,true,1,
7290000928777,true,צוואר כבש טרי (עצמי)משקל,שונות,IL,צוואר כבש טרי,קילוגרמים,0.00,"ק""ג",true,0,79.90,79.90,true,1,
7290000928814,true,גולש טרי )עצמי( מחיר לפי,שונות,IL,בשר גולש טרי,קילוגרמים,0.00,"ק""ג",true,0,94.10,94.10,true,1,
7290000933740,true,בשר טחון טרי פרמיום קג,פניסקו,AR,בשר טחון פרמיום,קילוגרמים,0.00,"ק""ג",true,1,49.90,49.90,true,1,
7290000960395,true,"תפו""ע גרנד סמיט אורגני",.,IL,תפוח סמיט,קילוגרמים,0.00,"ק""ג",true,0,15.90,15.90,true,1,
7290000960548,true,מלפפון אורגני,,IL,מלפפון אורגני,קילוגרמים,0.00,"ק""ג",true,0,11.90,11.90,true,1,
7290000960616,true,קישוא כהה זוקוני,,IL,קישוא כהה זוקוני,קילוגרמים,0.00,"ק""ג",true,0,14.90,14.90,true,1,
7290000961392,true,פלפל שישקה אדום מתוק,קטיף.,,פ.שישקה אדום,קילוגרמים,0.00,"ק""ג",true,0,11.90,11.90,true,1,
7290000961514,true,שומית - יח',,IL,שומית - יח',יחידה,1.00,יחידה,false,0,6.90,6.90,true,1,
7290000961552,true,פלפל כתום,קטיף.,IL,פלפל כתום,קילוגרמים,0.00,"ק""ג",true,0,10.90,10.90,true,1,
7290000961606,true,שורש ג'ינגר במשקל,קטיף.,XX,שורש גינגר,קילוגרמים,0.00,"ק""ג",true,0,31.90,31.90,true,1,
7290000962474,true,חציל בלדי,קטיף.,IL,חציל בלדי,קילוגרמים,0.00,"ק""ג",true,0,9.90,9.90,true,1,
7290000962535,true,רוזמרין יחידה,קטיף.,IL,רוזמרין יחידה,יחידה,1.00,יחידה,false,0,6.90,6.90,true,1,
7290000962573,true,אורגנו יחידה,קטיף.,IL,אורגנו יחידה,יחידה,1.00,יחידה,false,0,6.90,6.90,true,1,
7290000962580,true,מרווה יחידה,קטיף,IL,מרווה יחידה,יחידה,1.00,יחידה,false,0,6.90,6.90,true,1,
7290000963136,true,תפוח עץ מוזהב 65,קטיף.,XX,תפוח עץ מוזהב,קילוגרמים,0.00,"ק""ג",true,0,11.90,11.90,true,1,
7290000963297,true,תפוח עץ סטרקינג 65,קטיף.,XX,תפוח סטרקינג,קילוגרמים,0.00,"ק""ג",true,0,10.90,10.90,true,1,
7290000963310,true,תפוח עץ קנזי יבוא,קטיף.,IT,"תפו""ע קנזי",קילוגרמים,0.00,"ק""ג",true,0,15.90,15.90,true,1,
7290000963341,true,אגס אסיאתי,קטיף.,CN,אגס אסיאתי,קילוגרמים,0.00,"ק""ג",true,0,16.90,16.90,true,1,
7290000963372,true,תפוח עץ פינקריספי 70,קטיף.,XX,תפוח עץ פינקריספ,קילוגרמים,0.00,"ק""ג",true,0,16.90,16.90,true,1,
7290000963419,true,תפוח עץ גאלה 65,קטיף.,XX,תפוח עץ גאלה,קילוגרמים,0.00,"ק""ג",true,0,12.90,12.90,true,1,
7290000963518,true,תפוח עץ סמיט 70,קטיף.,XX,תפוח עץ סמיט,קילוגרמים,0.00,"ק""ג",true,0,10.90,10.90,true,1,
7290000963563,true,תפוח עץ סמיט65,קטיף.,XX,תפוח עץ סמיט,קילוגרמים,0.00,"ק""ג",true,0,10.90,10.90,true,1,
7290000964096,true,אפרסמון קרמבו,קטיף.,IL,אפרסמון קרמבו,קילוגרמים,0.00,"ק""ג",true,0,14.90,14.90,true,1,
7290000964348,true,תפוז ברשת למיץ,קטיף.,IL,תפוז ברשת למיץ,קילוגרמים,0.00,"ק""ג",true,0,5.90,5.90,true,1,
7290000964362,true,פומלה לבנה,קטיף.,IL,פומלה לבנה,קילוגרמים,0.00,"ק""ג",true,0,7.90,7.90,true,1,
7290000964379,true,אשכולית לבנה,קטיף.,IL,אשכולית לבנה,קילוגרמים,0.00,"ק""ג",true,0,6.90,6.90,true,1,
7290000964393,true,אשכולית אדומה,קטיף.,IL,אשכולית אדומה,קילוגרמים,0.00,"ק""ג",true,0,6.90,6.90,true,1,
7290000964423,true,פומלה אדומה,קטיף.,IL,פומלה אדומה,קילוגרמים,0.00,"ק""ג",true,0,7.90,7.90,true,1,
7290000964461,true,פומלית,קטיף.,IL,פומלית,קילוגרמים,0.00,"ק""ג",true,0,6.90,6.90,true,1,
7290000964492,true,לימון תפזורת,קטיף.,IL,לימון,קילוגרמים,0.00,"ק""ג",true,0,6.90,6.90,true,1,
7290000964508,true,תפוז גדול,קטיף.,IL,תפוזים מובחרים,קילוגרמים,0.00,"ק""ג",true,0,5.90,5.90,true,1,
7290000964560,true,קלמנטינה,קטיף.,IL,קלמנטינה,קילוגרמים,0.00,"ק""ג",true,0,6.90,6.90,true,1,
7290000964775,true,בננות,קטיף.,IL,בננה,קילוגרמים,0.00,"ק""ג",true,0,6.90,6.90,true,1,
7290000964829,true,אגס ספדונה 55,קטיף.,IL,אגס ספדונה,קילוגרמים,0.00,"ק""ג",true,0,13.90,13.90,true,1,
7290000964980,true,אבוקדו,קטיף.,IL,אבוקדו,קילוגרמים,0.00,"ק""ג",true,0,10.90,10.90,true,1,
7290000965055,true,מלון מובחר,קטיף.,IL,מלון מובחר,קילוגרמים,0.00,"ק""ג",true,0,7.90,7.90,true,1,
7290000965062,true,מלון ספרדי,קטיף.,IL,מלון ספרדי,קילוגרמים,0.00,"ק""ג",true,0,7.90,7.90,true,1,
7290000966328,true,אפרסמון סיני65,קטיף.,IL,אפרסמון סיני,קילוגרמים,0.00,"ק""ג",true,0,14.90,14.90,true,1,
7290000966564,true,רימון,קטיף.,IL,רימון,קילוגרמים,0.00,"ק""ג",true,0,8.90,8.90,true,1,
7290000966618,true,גויאבות,קטיף.,IL,גויאבות,קילוגרמים,0.00,"ק""ג",true,0,20.90,20.90,true,1,
7290000966656,true,קיווי מובחר שקיל,קטיף.,IL,קיווי,קילוגרמים,0.00,"ק""ג",true,0,14.90,14.90,true,1,
7290000966670,true,אנונה,קטיף.,IL,אנונה,קילוגרמים,0.00,"ק""ג",true,0,20.90,20.90,true,1,
7290000967684,true,בננה מובחרת,קטיף.,IL,בננה מובחרת,קילוגרמים,0.00,"ק""ג",true,0,6.90,6.90,true,1,
7290000982939,true,כרישה )לוף( יחידה,קטיף.,IL,כרישה )לוף(,יחידה,1.00,יחידה,false,0,9.90,9.90,true,1,
7290000986678,true,קישוא בהיר אורגנ,,IL,קישוא בהיר אורגנ,קילוגרמים,0.00,"ק""ג",true,0,16.90,16.90,true,1,
7290000988092,true,קוקוס ראש - יח',קטיף.,IL,קוקוס ראש יח,יחידה,1.00,יחידה,false,0,7.90,7.90,true,1,
7290000992228,true,מצוננים חיסול מלאי,פרסקו,IL,מצוננים חיסול,יחידה,1.00,יחידה,false,0,5.90,5.90,true,1,
7290000992730,true,עגבניה שרי מיקס טריו,קטיף.,IL,שרי מיקס טריו,גרמים,460.00,100 גרם,false,0,10.90,2.37,true,1,
7290000993560,true,עגבניות שרי שוקו יחידה,קטיף.,IL,שרי שוקו,גרמים,480.00,100 גרם,false,0,10.90,2.27,true,1,
7290000995175,true,בזיליקום אדום יחידה,קטיף,IL,בזיליקום אדום,יחידה,1.00,יחידה,false,0,6.50,6.50,true,1,
7290000995441,true,קייל - יחידה,קטיף.,IL,קייל,גרמים,250.00,100 גרם,false,0,12.90,5.16,true,1,
7290000998305,true,תות שדה שקיל,קטיף.,IL,תות שדה ארוז,גרמים,0.00,"ק""ג",true,1,51.00,51.00,true,1,
7290001006337,false,חזה הודו בדבש שופרסל קג,עוף טוב,IL,חזה הודו בדבש,קילוגרמים,0.00,"ק""ג",true,1,75.00,75.00,true,1,
7290001006344,false,חזה הודו ברביקיו שופרסל,עוף טוב,IL,חזה הודו ברביקיו,קילוגרמים,0.00,"ק""ג",true,1,75.00,75.00,true,1,
7290001006368,false,פסטרמה איטלקית שופרסל קג,עוף טוב,IL,פסטרמה איטלקית,קילוגרמים,0.00,"ק""ג",true,1,75.00,75.00,true,1,
7290001006375,false,פסטרמה מקסיקני שופרסל קג,עוף טוב,IL,פסטרמה מקסיקני,קילוגרמים,0.00,"ק""ג",true,1,75.00,75.00,true,1,
7290001045169,false,מיץ תפוחי עץ צלול פרימור 1 ליטר,"גניר (1992) בע""מ",IL,מיץ תפוחים צלול,ליטרים,1.00,ליטר,false,0,17.20,17.20,true,1,
7290001121023,false,פסטרמה של פעם יחיעם,מעדני יחיעם,IL,פסטרמה של פעם,קילוגרמים,0.00,"ק""ג",true,0,79.00,79.00,true,1,
7290001121054,false,צמד חמד פסטרמה וסלמי יחיעם 700 גרם,תאי פרזידנט פוד פאבל,IL,צמד חמד,גרמים,700.00,100 גרם,false,0,30.60,4.37,true,1,
7290001121238,false,נקניק קורנדביף 4% יחיעם 180 גרם,מעדני יחיעם 1993,IL,קורנביף,גרמים,180.00,100 גרם,false,0,25.90,14.39,true,1,
7290001121849,false,פסטרמה ברביקיו יחיעם 250 גרם ר.טבעיים,מעדני יחיעם 1993,IL,פסטרמה טבעית,גרמים,250.00,100 גרם,false,0,27.90,11.16,true,1,
7290001123775,false,שווארמה אמיתית פרגיות טיבון ויל 500 גרם,"טיבול ויל אחזקות בע""",IL,שווארמה פרגית,גרמים,500.00,100 גרם,false,0,25.90,5.18,true,1,
7290001123782,false,שווארמה אמיתית הודו טיבון ויל 500 גרם,טיבון ויל - נטו,IL,שווארמה הודו,גרמים,500.00,100 גרם,false,0,26.90,5.38,true,1,
7290001124611,false,שומן כבש טיבון ויל 200 גרם,טיבון ויל אחזקות בעמ,IL,שומן כבש 200גרם,גרמים,200.00,100 גרם,false,0,22.90,11.45,true,1,
7290001134153,false,גרונות הודו קפוא כשר,יסכה,IL,גרון הודו קפוא,קילוגרמים,0.00,"ק""ג",true,1,24.90,24.90,true,1,
7290001136287,false,"שמפו לשיער רגיל בבושם פרחים נקה 7 750 מ""ל","אמיליה קוסמטיקס בע""מ",IL,שמפו נקה 7,מיליליטרים,750.00,"100 מ""ל",false,0,12.50,1.67,true,1,
7290001136294,false,"שמפו לשיער יבש בבישום פרחים נקה 7 750 מ""ל","אמיליה קוסמטיקס בע""מ",IL,שמפו נקה 7,מיליליטרים,750.00,"100 מ""ל",false,0,12.50,1.67,true,1,
7290001136683,false,"מרכך לשיער רגיל בבושם פרחים נקה 7 750 מ""ל","אמיליה קוסמטיקס בע""מ",IL,קונדישינר נקה 7,מיליליטרים,750.00,"100 מ""ל",false,0,12.50,1.67,true,1,
7290001164266,false,אפקטבעי גרנולה ללא סוכר 500גר,אפקט טבעי בעמ,IL,גרנולה ממותקת,גרמים,500.00,100 גרם,false,0,24.30,4.86,true,1,
7290001209349,false,עוף טרי שלם ארוז עטר,שונות,IL,עוף טרי עטרה,קילוגרמים,0.00,"ק""ג",true,0,26.90,26.90,true,1,
7290001209356,false,כרעיים עוף טרי ארוז עטרה,שונות,IL,כרעיים ע.טרי עטר,קילוגרמים,0.00,"ק""ג",true,0,36.90,36.90,true,1,
7290001209363,false,שניצל עוף טרי ארוז עטרה,שונות,IL,שניצל ע.טרי עטרה,קילוגרמים,0.00,"ק""ג",true,0,39.90,39.90,true,1,
7290001209370,false,ירכיים עוף טרי ארוז עטרה,שונות,IL,ירכיים ע.טרי עטר,קילוגרמים,0.00,"ק""ג",true,0,36.90,36.90,true,1,
7290001209387,false,שוקיים עוף טרי ארוז עטרה,שונות,IL,שוקיים עוף טרי ע,קילוגרמים,0.00,"ק""ג",true,0,39.90,39.90,true,1,
7290001209394,false,כנפיים עוף טרי ארוז עטרה,שונות,IL,כנפיים ע.טרי עטר,קילוגרמים,0.00,"ק""ג",true,0,16.90,16.90,true,1,
7290001216040,false,טחינה גולמית שומשום טהור אל ארז 500 גרם,אגס ירוק מסחר ושירותים,IL,טחינה גולמית,גרמים,500.00,100 גרם,false,0,18.90,3.78,true,1,
7290001216231,false,טחינה גולמית שומשום מלא אל ארז 500 גרם,אגס ירוק מסחר ושירותים,IL,טחינה מלאה,גרמים,500.00,100 גרם,false,0,20.00,4.00,true,1,
7290001216545,false,טחינה פרו 25 250 גרם,אגס ירוק מסחר ושירותים,IL,טחינה פרו 25,גרמים,250.00,100 גרם,false,1,15.90,6.36,true,1,
7290001230331,false,סיגריות כאמל בוקס חפ,Unknown,CH,כאמל צהוב קצר,יחידה,1.00,יחידה,false,0,34.80,34.80,false,1,
7290001230739,false,כאמל כחול חפיסה חפיסה,Unknown,CH,כאמל כחול,יחידה,1.00,יחידה,false,0,34.80,34.80,false,1,
7290001231233,false,סיגריות וינסטון בוקס,Unknown,CH,ווינסטון אדום,יחידה,1.00,יחידה,false,0,35.70,35.70,false,1,
7290001231932,false,ווינסטון כחול בוקס חפיסה,Unknown,CH,וינסטון כחול קצר,יחידה,1.00,יחידה,false,0,35.70,35.70,false,1,
7290001247068,false,קרטונית נקטר ספרינג תות בננה 1 ליטר,יפאורה שותפות מובגלת לשיווק,IL,נקטר תות בננה,ליטרים,1.00,ליטר,false,0,7.60,7.60,true,1,
7290001247082,false,מיץ עגבניות רכיבים טבעיים ספרינג 1 ליטר,יפאורה שותפות מובגלת לשיווק,IL,נקטר עגבניות,ליטרים,1.00,ליטר,false,0,7.20,7.20,true,1,
7290001247099,false,קרטונית נקטר ספרינג מנגו 1 ליטר,יפאורה שותפות מובגלת לשיווק,IL,נקטר ספרינג מנגו,ליטרים,1.00,ליטר,false,0,7.60,7.60,true,1,
7290001247105,false,קרטונית נקטר ספרינג אפרסק 1 ליטר,יפאורה שותפות מובגלת לשיווק,IL,נקטר אפרסק,ליטרים,1.00,ליטר,false,0,7.60,7.60,true,1,
7290001247112,false,קרטונית נקטר ספרינג לימונענע 1 ליטר,יפאורה שותפות מובגלת לשיווק,IL,משקה לימונענע,ליטרים,1.00,ליטר,false,0,7.60,7.60,true,1,
7290001247129,false,נקטר ספרינג תפוזים קרטונית 1 ל',יפאורה שותפות מובגלת לשיווק,IL,נקטר ספרינג תפוז,ליטרים,1.00,ליטר,false,0,7.60,7.60,true,1,
7290001247143,false,קרטונית נקטר ספרינג תפוחים 1 ליטר,יפאורה שותפות מובגלת לשיווק,IL,נקטר ספרינג תפוח,ליטרים,1.00,ליטר,false,0,7.60,7.60,true,1,
7290001258378,false,גבינת חלומי במשקל,גבינות משק יעקבס,IL,גבינת חלומי משקל,קילוגרמים,0.00,"ק""ג",true,1,120.00,120.00,true,1,
7290001258446,false,"יעקבס יוגורט כבשים 5% 850 מ""ל",גבינות משק יעקבס,IL,יוגורט כבשים5%,גרמים,850.00,100 גרם,false,0,26.50,3.12,true,1,
7290001258453,false,קממברט בקר+אגוזים במשקל,גבינות משק יעקבס,,קממברט בקר יעקבס,קילוגרמים,0.00,"ק""ג",true,0,119.00,119.00,true,1,
7290001258668,false,גבינת עז מה 5% יעקבס 250 גרם,גבינות משק יעקבס,IL,גבינת עז מה,גרמים,250.00,100 גרם,false,0,20.50,8.20,true,1,
7290001258736,false,משולש גבינת קשקבל27%משקל,גבינות משק יעקבס,IL,גבינת קשקבל,קילוגרמים,0.00,"ק""ג",true,0,155.00,155.00,true,1,
7290001258958,false,מוצרלה מגורדת יעקבס 200 גרם,גבינות משק יעקבס,IL,מוצרלה מגורדת,גרמים,200.00,100 גרם,false,0,30.50,15.25,true,1,
7290001258989,false,קממבר בקר בייבי במשקל,גבינות משק יעקבס,IL,קממבר בקר בייבי,קילוגרמים,0.00,"ק""ג",true,1,119.00,119.00,true,1,
7290001274576,false,גלידל וניל תות 0% שומן ללא סוכר,גלידות פלדמן,IL,גלידל וניל תות,מיליליטרים,900.00,"100 מ""ל",false,0,19.90,2.21,true,1,
7290001274583,false,גלידל שוקו פקאן 0% שומן ללא סוכר,"פלקו בע""\מ, חברה ישראלית",IL,גלידל פקאן,מיליליטרים,900.00,"100 מ""ל",false,0,19.90,2.21,true,1,
7290001274934,false,"שמיניית גלידל פרי לימון ""פלדמן""",הגלידות של פלדמן,IL,גלידל פרי לימון,גרמים,640.00,100 גרם,false,0,26.90,4.20,true,1,
7290001274941,false,"שמיניית גלידל פרי פטל ""פלדמן""",הגלידות של פלדמן,IL,גלידל פרי פטל,גרמים,640.00,100 גרם,false,0,26.90,4.20,true,1,
7290001305058,false,"פלמוליב - נטורלס תחליב רחצה חלב ודבש 500 מ""ל",הנסיך- מפעל לייצור ט,TR,סב.נוזלי פלמוליב,מיליליטרים,500.00,"100 מ""ל",false,0,17.90,3.58,true,1,
7290001305188,false,"נוזל לניקוי כלים בריח לימון פלמוליב 750 מ""ל",יבואן ומשווק: ש. שסט,GR,פלמוליב לכלים,מיליליטרים,750.00,"100 מ""ל",false,0,12.90,1.72,true,1,
7290001312995,false,בגט 280 גרם,גידרון,IL,באגט,יחידה,1.00,יחידה,false,0,5.70,5.70,true,1,
7290001407547,false,טחינה גולמית משומשום מלא פי 6 בארכה 500ג',"רושדי תעשיות מזון בע""\מ",IL,טחינה שומשום מלא,גרמים,500.00,100 גרם,false,1,17.90,3.58,true,1,
7290001407769,false,טחינה גולמית שומשום מלא בארכה 500 גרם,"רושדי תעשיות מזון בע""\מ",IL,טחינה שומשום,גרמים,500.00,100 גרם,false,0,19.20,3.84,true,1,
7290001407844,false,חלבה קלאסית בטעם וניל בארכה 350 גרם,"רושדי תעשיות מזון בע""\מ",IL,חלבה וניל,גרמים,350.00,100 גרם,false,0,15.90,4.54,true,1,
7290001407936,false,טחינה גולמית מעודנת לחיץ בארכה 310ג',"רושדי תעשיות מזון בע""\מ",IL,טחינה מעודנת,גרמים,310.00,100 גרם,false,1,10.00,3.22,true,1,
7290001476208,false,גד ברי פקאן משולשים צאן 22% במשקל,מחלבות גד,IL,ברי פקאן משולש,קילוגרמים,0.00,"ק""ג",true,0,151.00,151.00,true,1,
7290001482384,false,חתיכות אננס בסירופ קל וילי פוד 227 גרם,וילי פוד,TH,לפתן אננס חתוך,גרמים,227.00,100 גרם,false,0,5.50,2.42,true,1,
7290001491010,false,תה ירוק יסמין ויסוצקי 25 יחידות,תה ויסוצקי,IL,תה ירוק יסמין,גרמים,37.00,100 גרם,false,0,26.90,72.70,true,1,
7290001491096,false,תה ירוק בתוספת לימונית ולואיזה 50 שקיקים ויסוצקי,תה ויסוצקי,IL,תה ירוק לימונית,גרמים,75.00,100 גרם,false,0,48.50,64.67,true,1,
7290001516065,false,חזה עוף פרוס דק טרי,מילועוף,IL,שניצל דק טרי,קילוגרמים,0.00,"ק""ג",true,1,44.90,44.90,true,1,
7290001552049,false,קוסקוס מרוקאי קפוא 800 גר,מטעמי פאר,IL,קוסקוס מרוקאי,גרמים,800.00,100 גרם,false,0,17.90,2.24,true,1,
7290001567760,false,פסטרמה של פעם יחיעם 300 גרם,מעדני יחיעם,IL,פסטרמה של פעם,גרמים,300.00,100 גרם,false,1,27.90,9.30,true,1,
7290001567814,false,סלמי מעושן בסגנון איטלקי 300 ג' יחיעם,מעדני יחיעם,IL,סלמי מעושן איטלק,גרמים,300.00,100 גרם,false,1,24.90,8.30,true,1,
7290001591680,false,קניידלך מקמח מצה שלושת האופים 500 גרם,"שלושת האופים בע""\מ",IL,קניידלך מקמח מצה,גרמים,500.00,100 גרם,false,1,19.90,3.98,true,1,
7290001594025,false,"קוקה קולה זכוכית 350 מ""ל",החברה המרכזית לייצור,IL,קוקה קולה קלאסי,מיליליטרים,350.00,"100 מ""ל",false,0,7.50,2.14,true,1,
7290001594230,false,קינלי סודה בבקבוק זכוכית,החברה המרכזית לייצור,IL,משקה סודה,מיליליטרים,250.00,"100 מ""ל",false,0,4.00,1.60,true,1,
7290001594377,false,פריגת תפוזים 0.5 ליטר חייב בפקדון,מבשלות בירה בינלאומיות ב,IL,פריגת תפוזים,מיליליטרים,500.00,"100 מ""ל",false,0,7.70,1.54,true,1,
7290001594384,false,פריגת אשכוליות 0.5 ליטר חייב בפקדון,מבשלות בירה בינלאומיות ב,IL,פריגת אשכוליות,מיליליטרים,500.00,"100 מ""ל",false,0,7.70,1.54,true,1,
7290001594391,false,"פריגת משקה קל ענבים בבקבוק אישי 500 מ""ל",מבשלות בירה בינלאומיות ב,IL,פריגת ענבים,מיליליטרים,500.00,"100 מ""ל",false,0,7.70,1.54,true,1,
7290001594568,false,"קרלסברג פחית 500 מ""ל פקדון",מבשלות בירה בינלאומיות ב,RO,בירה קרלסברג פח,מיליליטרים,500.00,"100 מ""ל",false,0,9.90,1.98,true,1,
7290001594810,false,"בירה שחורה מאלטי בקב' מארז 330X6מ""ל",החברה המרכזית לייצור משקאות,IL,מאלטי בקבוק 6 יח,ליטרים,1.98,ליטר,false,0,29.90,15.10,true,1,
7290001594858,false,"שישייה בירה טובורג רד בקבוק 330 מ""ל",מבשלות בירה בינלאומיות ב,IL,טובורג רד 6 יח,ליטרים,1.98,ליטר,false,0,32.90,16.61,true,1,
7290001648643,false,מארז קפה טורקי כתר 100X3 גרם,רוני רג'ואן ושות,IL,מארז טורקי כתר,גרמים,300.00,100 גרם,false,0,14.70,4.90,true,1,
7290001696385,false,מיני רוגלך שוקולד,גדרון סהרון,IL,מיני רוגלך,קילוגרמים,0.00,"ק""ג",true,1,45.00,45.00,true,1,
7290001696392,false,מיני קרואסון במשקל,גדרון סהרון,IL,מיני קרואסון ריק,קילוגרמים,0.00,"ק""ג",true,1,45.00,45.00,true,1,
7290001696408,false,בורקיטס מיני במשקל,.,IL,מיני בורקיטס חלב,קילוגרמים,0.00,"ק""ג",true,1,45.00,45.00,true,1,
7290001713167,false,סנט מוריץ - מרסס קצף ניקוי 1 ליטר סניטרי אפור,קומפלקס כימיקלים בעמ,IL,קצף ניקוי,ליטרים,1.00,ליטר,false,1,12.90,12.90,true,1,
7290001713921,false,אקונומיקה bleach מבושמת 4 ל' סנט מוריץ,קומפלקס כימיקלים בעמ,IL,אקונומיקה בלאנקו,ליטרים,4.00,ליטר,false,1,10.90,2.73,true,1,
7290001791349,false,פיסגה אקונומיקה ריחנית סנו 4 ליטר,"סנו מפעלי ברונוס בע""מ",IL,אקונומיקה פיסגה,ליטרים,4.00,ליטר,false,0,11.90,2.98,true,1,
7290001817728,false,צ'יטוס אפוי כאפה בטעם קטשופ 55 גרם,"שטראוס פריטו ליי בע""\מ )",IL,צ'יטוס כפאה,גרמים,55.00,100 גרם,false,0,3.60,6.55,true,1,
7290001873441,false,המבורגר בלאק אנגוס 320 גרם,טיבון ויל אחזקות בעמ,IL,המבורגר בלק אנגו,גרמים,320.00,100 גרם,false,1,26.90,8.41,true,1,
7290001873458,false,סטייקבורגר בלאק אנגוס 320 גרם,טיבון ויל אחזקות בעמ,IL,סטייקבורגר בלאק,גרמים,320.00,100 גרם,false,1,26.90,8.41,true,1,
7290001873489,false,קרפצ'יו בלאק אנגוס 120 ג,טיבון ויל אחזקות בעמ,IL,קרפצ'יו בלאק אנג,גרמים,120.00,100 גרם,false,1,19.90,16.58,true,1,
7290001875377,false,פרגיות עוף טרי פרימיום ק,עוף עוז,IL,פרגיות פרימיום,קילוגרמים,0.00,"ק""ג",true,1,69.90,69.90,true,1,
7290001879184,false,פרגיות עוף טרי ארוז,מילועוף,IL,פרגיות עוף טרי,קילוגרמים,0.00,"ק""ג",true,0,64.90,64.90,true,1,
7290001879627,false,פילה עוף טרי ארוז,מילועוף,IL,פילה עוף טרי,קילוגרמים,0.00,"ק""ג",true,0,34.90,34.90,true,1,
7290001902042,false,לחם עם קימל קפוא 485 גרם,"גידרון תעשיות בע""מ",IL,לחם עם קימל,יחידה,1.00,יחידה,false,0,11.50,11.50,true,1,
7290001902134,false,לחם איטלקי 290 גרם,גידרון,IL,לחם איטלקי,יחידה,1.00,יחידה,false,0,7.90,7.90,true,1,
7290001902301,false,חלה מתוקה קלועה 450 גרם,"גידרון תעשיות בע""מ",IL,חלה מתוקה קלוע,יחידה,1.00,יחידה,false,0,14.80,14.80,true,1,
7290001902318,false,חלה מתוקה קלוע+צימוקקפוא,"גידרון תעשיות בע""מ",IL,חלה מתוקה קלוע,יחידה,1.00,יחידה,false,0,14.80,14.80,true,1,
7290001902325,false,חלה קלועה שופרסל,"גידרון תעשיות בע""מ",IL,חלה קלועה שופרסל,יחידה,1.00,יחידה,false,0,14.80,14.80,true,1,
7290001902677,false,לחמניה 100% קמח מלא,"גידרון תעשיות בע""מ",IL,לחמניה מקמח מלא,יחידה,1.00,יחידה,false,0,4.20,4.20,true,1,
7290001902776,false,לחמנית עם דגנים קפוא,"גידרון תעשיות בע""מ",IL,לחמנית עם דגנים,יחידה,1.00,יחידה,false,0,5.90,5.90,true,1,
7290001902783,false,לחמנית המבורגר,"גידרון תעשיות בע""מ",IL,לחמנית המבורגר,יחידה,1.00,יחידה,false,0,4.20,4.20,true,1,
7290001989364,false,מקרל פרוס בשמן במשקל,"סלטי שמיר 2006 בע""מ",IL,מקרל פרוס בשמן,קילוגרמים,0.00,"ק""ג",true,0,109.00,109.00,true,1,
7290001989388,false,מעדן מטיאס הולנדי משקל,"סלטי שמיר 2006 בע""מ",IL,מעדן מטיאס,קילוגרמים,0.00,"ק""ג",true,0,60.00,60.00,true,1,
7290001989395,false,דג הרינג כבוש עם בצל,"סלטי שמיר 2006 בע""מ",IL,הרינג כבוש,קילוגרמים,0.00,"ק""ג",true,0,60.00,60.00,true,1,
7290001989746,false,מקרל מעושן שלם משקל,סלטי שמיר,IL,מקרל מעושן,קילוגרמים,0.00,"ק""ג",true,1,109.00,109.00,true,1,
7290001990148,false,"סוכר גולדן קלאסי בצנצנת סוגת 1 ק""ג",האי נאם סי או אל.טי.,IL,סוכר גולדן,קילוגרמים,1.00,"ק""ג",false,0,13.90,13.90,true,1,
7290001990261,false,"סוגת חומוס 1 ק""ג","סוגת תעשיות בע""\מ",IL,חומוס,קילוגרמים,1.00,"ק""ג",false,0,15.90,15.90,true,1,
7290001990278,false,"שעועית לבנה סוגת 1 ק""ג","סוגת תעשיות בע""\מ",IL,שעועית לבנה,קילוגרמים,1.00,"ק""ג",false,0,19.90,19.90,true,1,
7290001990407,false,"עדשים ירוקים 1 ק""ג סוגת","סוגת תעשיות בע""\מ",IL,עדשים ירוקות,קילוגרמים,1.00,"ק""ג",false,0,15.90,15.90,true,1,
7290001990421,false,"פופקורן גרעינים סוגת 1 ק""ג","סוגת תעשיות בע""\מ",IL,"פופקורן 1 ק""ג",קילוגרמים,1.00,"ק""ג",false,0,10.80,10.80,true,1,
7290002000136,false,שעווה לחימום במיקרוגל - דבש ופרופוליס,"ש. שוורץ )באר שבע( בע""\מ",IL,שעוות מגע משי,גרמים,500.00,100 גרם,false,0,19.90,3.98,true,1,
7290002007371,false,פירורי לחם הנמל 500 ג',הנמל אריזות ושיווק ב,IL,פירורי לחם,גרמים,500.00,100 גרם,false,0,7.90,1.58,true,1,
7290002008309,false,עטרות נייר חום לעוגה מס' 4 הנמל 130יח',"הנמל אריזות ושיווק בע""\מ",IL,עטרות בקופסה,יחידה,1.00,יחידה,false,0,4.90,4.90,true,1,
7290002008934,false,סוכריות צבעוניות לקישוט הנמל 200ג',ממתקי עלה יצור שיווק,IL,סוכריות לקישוט,גרמים,200.00,100 גרם,false,0,9.00,4.50,true,1,
7290002013006,false,פסטרמה מקסיקנית במשקל,זוגלובק,IL,פסטרמה מקסיקנית,קילוגרמים,0.00,"ק""ג",true,0,89.00,89.00,true,1,
7290002013037,false,פסטרמה פרגית זוגלובק,זוגלובק,IL,פסטרמה פרגיות,קילוגרמים,0.00,"ק""ג",true,0,89.00,89.00,true,1,
7290002013174,false,פסטרמה של פעם זוגלוב,זוגלובק,IL,פסטרמה של פעם,קילוגרמים,0.00,"ק""ג",true,0,92.00,92.00,true,1,
7290002019114,false,רוטב עגבניות מרוכז מאד 28-30BX פריניר,פרי ניר,IL,תרכיז עגבניות,גרמים,580.00,100 גרם,false,0,7.90,1.36,true,1,
7290002019763,false,עגבניות מרוסקות פרי ניר 800 גרם,פריניר ( הדס 1987) ב,IL,עגבניות מרוסקות,גרמים,800.00,100 גרם,false,0,7.90,0.99,true,1,
7290002019787,false,רוטב עגבניות מרוכז מאוד 260 גרם פריניר,פריניר ( הדס 1987) ב,IL,רוטב עגבניות,גרמים,260.00,100 גרם,false,0,4.20,1.62,true,1,
7290002019794,false,רוטב עגבניות מרוכז מאוד 100 גרם פריניר,פריניר ( הדס 1987) ב,IL,רוטב עגבניות,גרמים,100.00,100 גרם,false,0,2.20,2.20,true,1,
7290002020189,false,סופגניה מיני רגילה+ריבה,"גידרון תעשיות בע""מ",IL,סופגניה מיני,גרמים,35.00,100 גרם,false,0,3.90,11.14,true,1,
7290002020493,false,פילו תרד פרימיום לקג,"גידרון תעשיות בע""מ",,פילו תרד,קילוגרמים,0.00,"ק""ג",true,0,45.00,45.00,true,1,
7290002020868,false,מארז בייגל רומני 3יח,גידרון,,3 ביגלה רומני,יחידה,1.00,יחידה,false,0,13.90,13.90,true,1,
7290002026341,false,צ'יפס בטטה טוגני בטטה מוקפאים,מוצרי איכות אמריקאיים,CA,ציפס בטטה,גרמים,500.00,100 גרם,false,12,17.90,3.58,true,1,
7290002026358,false,צ'יפס בטטה זיגזג טוגני בטטה עבים מוקפאים,מוצרי איכות אמריקאיים,CA,ציפס בטטה זיג זג,גרמים,500.00,100 גרם,false,1,17.90,3.58,true,1,
7290002026402,false,בלינצס גבינה בראנץ אנד קראנץ 350 ג',מוצרי איכות אמריקאיים בע,IL,בלינצ'ס גבינה,גרמים,350.00,100 גרם,false,0,13.90,3.97,true,1,
7290002026440,false,פרצלס בייגלה בראנץ אנד קראנץ 280 ג',מוצרי איכות אמריקאיים בע,IL,פרצלס קפוא 280גר,גרמים,280.00,100 גרם,false,0,12.90,4.61,true,1,
7290002026587,false,וופל בלגי פרווה בראנץ אנד קראנץ 8 יח',בראנץ' אנד קראנץ Brunch& Crunch,BE,וופל בלגי חם,גרמים,280.00,100 גרם,false,1,15.90,5.68,true,1,
7290002037125,false,חלה פרוסה וודש 500 גרם,מאפית י את א ברמן בע,IL,חלה פרוסה,גרמים,500.00,100 גרם,false,0,11.00,2.20,true,1,
7290002040019,false,קוסקוס רגיל הנמל 350 גרם,"קוסקוס מזון בע""מ",IL,קוסקוס רגיל,גרמים,350.00,100 גרם,false,0,4.90,1.40,true,1,
7290002040064,false,קוסקוס דק הנמל 350 גרם,קוסקוס מזון,IL,קוסקוס דק,גרמים,350.00,100 גרם,false,0,4.90,1.40,true,1,
7290002040071,false,קוסקוס עבה שקית 350 גרם הנמל,קוסקוס מזון,IL,קוסקוס עבה,גרמים,350.00,100 גרם,false,0,4.90,1.40,true,1,
7290002040088,false,קוסקוס מלא הנמל 350 גרם,קוסקוס מזון,IL,קוסקוס מלא,גרמים,350.00,100 גרם,false,0,6.90,1.97,true,1,
7290002043072,false,אקסטרה פריכיות אורז חום מלא בציפוי שוקולד חלב 70 גרם,נוהלס ג'\י אס סי.,BG,פריכונים מצופים,גרמים,70.00,100 גרם,false,1,9.50,13.57,true,1,
7290002043218,false,אקסטרה צ'יפס אורז חום מלא מלח 60 גרם,נוהלס ג'\י אס סי.,BG,צ'יפס אורז מלא,גרמים,60.00,100 גרם,false,1,7.50,12.50,true,1,
7290002043232,false,אקסטרה ציפס משפחתי טקסס ברביקיו 120 גר,נוהלס ג'\י אס סי.,BG,צ'יפס אורז מלא,גרמים,120.00,100 גרם,false,1,12.90,10.75,true,1,
7290002043348,false,ציפס אורז חום מלא ציה וקינואה 60 גרם,נוהלס ג'\י אס סי.,BG,צ'יפס אורז מלא,גרמים,60.00,100 גרם,false,1,8.50,14.17,true,1,
7290002043379,false,אקסטרה ציפס פרוטאין עדשים שחורות 60 גר,נוהלס ג'\י אס סי.,BG,צ'יפס אורז מלא,גרמים,60.00,100 גרם,false,1,8.50,14.17,true,1,
7290002043782,false,אקסטרה צ'יפס אורז חום מלא טקסס ברביקיו 60 גרם,נוהלס ג'\י אס סי.,BG,צ'יפס אורז מלא,גרמים,60.00,100 גרם,false,1,7.50,12.50,true,1,
7290002053095,false,אטריות ביצים דקות מספר 10 אוריינט 200 גרם,פ.פ.ח טאביט,PL,אטריות ביצים,גרמים,200.00,100 גרם,false,0,8.90,4.45,true,1,
7290002053538,false,נודלס בסגנון תאילנדי 25 תוספת אוריינטל 500 גרם,פ.פ.ח. טאביה ספ זאו.או,PL,נודלס ביצים,גרמים,500.00,100 גרם,false,1,14.90,2.98,true,1,
7290002057031,false,זיתים מבוקעים פיקנטי קבוצת יבנה 340 גרם,קבוצת יבנה,IL,זיתים מבוקע פיקנ,גרמים,540.00,100 גרם,false,0,9.90,1.83,true,1,
7290002057093,false,זיתים מנזנילו גדול קבוצת יבנה 340 גרם,קבוצת יבנה,IL,זית מנזנילו יר,גרמים,540.00,100 גרם,false,0,10.50,1.94,true,1,
7290002057123,false,זיתים ירוקים מנזנילו קבוצת יבנה 560 גרם,קבוצת יבנה,IL,זית חרוזית,גרמים,540.00,100 גרם,false,0,8.90,1.65,true,1,
7290002057161,false,זיתים מרינט ביין גדול מאד קבוצת יבנה 340 גרם,קבוצת יבנה,IL,זית חתוך במרינד,גרמים,540.00,100 גרם,false,0,10.90,2.02,true,1,
7290002057185,false,טבעות זיתים ירוקים קבוצת יבנה 560 גרם,קבוצת יבנה,IL,טבעות זיתים,גרמים,540.00,100 גרם,false,0,10.90,2.02,true,1,
7290002057352,false,מלפפונים במלח ‏9‏-‏7‏ קבוצת יבנה 320 גרם,קבוצת יבנה מוצרי מזון,IL,מלפפון במלח 7-9,גרמים,540.00,100 גרם,false,0,7.60,1.41,true,1,
7290002057369,false,מלפפונים במלח ‏12‏-‏10‏ קבוצת יבנה 320 גרם,קבוצת יבנה,IL,מלפפונים במלח,גרמים,540.00,100 גרם,false,0,8.90,1.65,true,1,
7290002057376,false,מלפפונים במלח ‏17‏-‏13‏ קבוצת יבנה 320 גרם,קבוצת יבנה,IL,מלפפונים במלח,גרמים,540.00,100 גרם,false,0,10.90,2.02,true,1,
7290002057383,false,מלפפונים במלח ‏25‏-‏18‏ קבוצת יבנה 320 גרם,קבוצת יבנה,IL,מלפפונים במלח,גרמים,540.00,100 גרם,false,0,10.00,1.85,true,1,
7290002057451,false,מלפפונים בחומץ ‏9‏-‏7 קבוצת יבנה 290 גרם,קבוצת יבנה מוצרי מזון,IL,מלפפונים בחומץ,גרמים,540.00,100 גרם,false,0,7.60,1.41,true,1,
7290002057468,false,מלפפון יבנה בחומץ בינוניים 10-12 290 גרם,קבוצת יבנה,IL,מלפפון בחומץ,גרמים,540.00,100 גרם,false,0,8.90,1.65,true,1,
7290002057475,false,מלפפונים בחומץ ‏17‏-‏13 קבוצת יבנה 290 גרם,קבוצת יבנה,IL,מלפפונים בחומץ,גרמים,540.00,100 גרם,false,0,10.90,2.02,true,1,
7290002057482,false,מלפפונים קטנים בחומץ קבוצת יבנה 560 גרם,קבוצת יבנה,IL,מלפפונים בחומץ,גרמים,540.00,100 גרם,false,0,10.00,1.85,true,1,
7290002057604,false,פלפל חריף שיפקה קבוצת יבנה 225 גרם.,קבוצת יבנה,IL,פלפל חריף שיפקה,גרמים,540.00,100 גרם,false,0,6.90,1.28,true,1,
7290002057628,false,טבעות זיתים מושחר קבוצת יבנה 275 גרם,קבוצת יבנה,IL,טבעות זיתים,גרמים,540.00,100 גרם,false,0,11.50,2.13,true,1,
7290002065555,false,שישיית לחמנייה הכי רכה בהפסקה אנג'ל 450 גרם,מאפיית שלמה א. אנג'\ל בע,IL,6 לחמניות בשקית,גרמים,450.00,100 גרם,false,0,11.90,2.64,true,1,
7290002065616,false,לחם שיפון גרעינים פרוס אחדות 750 גרם,מאפיית שלמה א. אנג'\ל בע,IL,לחם שיפון,גרמים,750.00,100 גרם,false,0,14.90,1.99,true,1,
7290002065623,false,לחם שיפון של פעם כפרי פרוס אורנים 750 גרם,מאפיית שלמה א. אנג'\ל בע,IL,לחם שיפון כפרי,גרמים,750.00,100 גרם,false,0,14.90,1.99,true,1,
7290002107491,false,גבינה לבנה מחלב עיזים למריחה 5% משק צוריאל 250 גרם,מחלבת משק צוריאל,IL,גבינת עיזים 5%,גרמים,250.00,100 גרם,false,0,16.70,6.68,true,1,
7290002109488,false,קבב 100% אמיתי טיבון ויל 440 גרם,"טיבון ויל אחזקות בע""\מ",IL,קבב אמיתי 440גרם,גרמים,440.00,100 גרם,false,0,22.50,5.11,true,1,
7290002129479,false,פיצה מרגריטה איטלקית דקה שלושת האופים 320 גרם,האי נאם סי או אל.טי.,IT,פיצה איטלקית דקה,גרמים,320.00,100 גרם,false,1,16.90,5.28,true,1,
7290002130574,false,דבש טהור מפרחי בר בזכוכית 500 ג' יד מרדכי,מכוורת יד מרדכי שטראוס ב,IL,דבש מפרחי בר,גרמים,500.00,100 גרם,false,0,29.80,5.96,true,1,
7290002130581,false,"דבש טהור יד מרדכי 1 ק""ג",מכוורת יד מרדכי שטראוס ב,IL,דבש טהור,קילוגרמים,1.00,"ק""ג",false,0,47.80,47.80,true,1,
7290002132011,false,עוגיות מזרחיות מלוחות עבאדי 400 גרם,מאפיית יוסף ושמחה עבאדי,IL,עוגיות מזרחיות,גרמים,400.00,100 גרם,false,0,15.90,3.98,true,1,
7290002133070,false,גב.קשקבל טורקי צאן22%משק,"מחלבת השומרון בע""מ",IL,גבינת קשקבל,קילוגרמים,0.00,"ק""ג",true,0,123.00,123.00,true,1,
7290002133087,false,גבינה בולגרית צאן20%משקל,מחלבת השומרון בעמ,,גב. בולגרית צאן,גרמים,0.00,"ק""ג",true,0,90.00,90.00,true,1,
7290002133148,false,צפתית רכה שומרון במש,"מחלבת השומרון בע""מ",IL,גבינה צפתית קצח,קילוגרמים,0.00,"ק""ג",true,0,62.00,62.00,true,1,
7290002133506,false,יוגורט של פעם חלב עיזים 4% גבינות השומרון 400 גרם,מחלבת השומרון,IL,יוגורט של פעם,גרמים,400.00,100 גרם,false,0,13.90,3.48,true,1,
7290002133575,false,יוגורט של פעם חלב כבשים 5% גבינות השומרון 400 גרם,מחלבת השומרון,IL,יוגורט של פעם,גרמים,400.00,100 גרם,false,0,13.90,3.48,true,1,
7290002133612,false,"יוגורט יווני אותנטי 8% גבינות השומרון 180 מ""ל",מחלבת השומרון,IL,יוגורט יווני 8%,גרמים,180.00,100 גרם,false,0,6.30,3.50,true,1,
7290002198109,false,צלעות אסאדו מעושנות קג,זוגלובק,IL,צלעות אסאדו מעוש,קילוגרמים,0.00,"ק""ג",true,1,150.00,150.00,true,1,
7290002253006,false,שום כתוש דורות בצנצנת 200 גרם,עיצובים 2020 (3.8),IL,שום טרי כתוש,גרמים,200.00,100 גרם,false,0,17.90,8.95,true,1,
7290002253167,false,פטרוזיליה קצוצה דורות 70 גרם,עיצובים 2020 (3.8),IL,דורותפטרוזיליה,גרמים,70.00,100 גרם,false,0,11.90,17.00,true,1,
7290002253181,false,קוביות כוסברה קצוצה דורות 70 גרם,עיצובים 2020 (3.8),IL,דורות כוסברה,גרמים,70.00,100 גרם,false,0,11.90,17.00,true,1,
7290002253310,false,דורות שום צילי חריף קוביות תערובת 80 גר,עיצובים 2020 (3.8),IL,דורות שום חריף,גרמים,80.00,100 גרם,false,1,14.90,18.63,true,1,
7290002281436,false,סטייק טונה ע.עור80%דג קפ,בין דין פישרי ויאטנם,VN,סטייק טונה בהירה,קילוגרמים,0.00,"ק""ג",true,1,54.90,54.90,true,1,
7290002281443,false,סטייק דג טונה עם עור קג,בון צון פישארי,VN,סטייק דג טונה עם,קילוגרמים,0.00,"ק""ג",true,1,44.90,44.90,true,1,
7290002285816,false,שניצל פרימ' טרי אר' עטרה,נטו,IL,שניצל פרימיום טר,קילוגרמים,0.00,"ק""ג",true,1,49.90,49.90,true,1,
7290002304241,false,קונפיטורה ביתית פירות יער לייט 600 גר,ענבי ציון,IL,קונפ.פירות יער,גרמים,600.00,100 גרם,false,0,26.20,4.37,true,1,
7290002304609,false,קונפיטורה ביתי ענבי ציון תות 600 גרם,ענבי ציון,IL,קונפ. תות שדה,גרמים,600.00,100 גרם,false,0,21.60,3.60,true,1,
7290002317654,false,זיתים ירוקים נובו ענק בצנצנת,שימורי מוטולה בעמ,IL,זיתים ירוקים,גרמים,700.00,100 גרם,false,1,11.90,1.70,true,1,
7290002317661,false,זיתים ירוקים מנזנילו גדול בצנצנת,שימורי מוטולה בעמ,IL,זיתים ירוקים,גרמים,560.00,100 גרם,false,1,10.90,1.95,true,1,
7290002317678,false,חרוזית צנצנת זיתים 560 ג' מוטולה,שימורי מוטולה בעמ,IL,זיתים נטול גלעין,גרמים,560.00,100 גרם,false,1,10.90,1.95,true,1,
7290002317746,false,זיתים שחורים טבעיים גדולים מאוד,שימורי מוטולה בעמ,IL,זיתים שחורים,גרמים,560.00,100 גרם,false,1,10.90,1.95,true,1,
7290002327028,false,ג'חנון תימני 3 האופים 650 גר',קריות זול,IL,ג'חנון 650 גרם,גרמים,650.00,100 גרם,false,0,19.90,3.06,true,1,
7290002327042,false,"בורקס תפו""א 800 גרם שלושת האופים",שלושת האופים,IL,"בורקס תפו""א",גרמים,800.00,100 גרם,false,0,21.90,2.74,true,1,
7290002327059,false,"בצק עלים 1 ק""ג שלושת האופים",שלושת האופים,IL,בצק עלים מרודד,קילוגרמים,1.00,"ק""ג",false,0,22.90,22.90,true,1,
7290002331124,false,נביעות+ מים מינרליים בטעם תפוח,נביעות טבע הגליל בעמ,IL,נביעות תפוח,מיליליטרים,500.00,"100 מ""ל",false,0,7.50,1.50,true,1,
7290002331155,false,מים נביעות בטעם אפרסק 0.5 ליטר,נביעות טבע הגליל בעמ,IL,נביעות אפרסק,מיליליטרים,500.00,"100 מ""ל",false,0,7.50,1.50,true,1,
7290002331360,false,"נביעות מים מינרליים טו גו מארז 500X6מ""ל",נביעות טבע,IL,נביעות ספורט 6יח,ליטרים,3.00,ליטר,false,0,12.90,4.30,true,1,
7290002331421,false,"שישיית מים מינרליים GO TO נביעות 755 מ""ל",נביעות טבע הגליל בעמ,IL,נביעות פקק טו גו,ליטרים,4.53,ליטר,false,0,19.90,4.39,true,1,
7290002331483,false,"שישיית נביעות אישי בייבי 320 מ""ל",נביעות טבע הגליל בעמ,IL,נביעות בייבי 6יח,ליטרים,1.92,ליטר,false,0,15.90,8.28,true,1,
7290002331490,false,מים מינרליים נביעות 1 ליטר,נביעות טבע הגליל בעמ,IL,מים נביעות,ליטרים,1.00,ליטר,false,0,3.90,3.90,true,1,
7290002345060,false,גב.מאסדם הולנדי 29% משקל,סר קאשנדל בי.וי,NL,גבינת מאסדם,קילוגרמים,0.00,"ק""ג",true,1,89.00,89.00,true,1,
7290002345077,false,שניצל בקר מינוט אל גאוצ'ו קפוא 250 גר,"טיבון ויל אחזקות בע""\מ",IL,שניצל בקר דקדק,גרמים,250.00,100 גרם,false,1,22.90,9.16,true,1,
7290002345435,false,פילה מרלוזה ארגנטינאיתקפ,דלידג - נטו,IL,פילה מרלוזה קפוא,קילוגרמים,0.00,"ק""ג",true,1,34.90,34.90,true,1,
7290002360124,false,חליטת צמחים ורד הבר והיביסקוס פומפדור 20 יחידות,TEEKANNE- POMPADOU,DE,חליטת ורד הבר,גרמים,70.00,100 גרם,false,0,14.90,21.29,true,1,
7290002360155,false,חליטת תה פרחי שומר פומפדור 20 שקיקים,TEEKANNE- POMPADOU,DE,חליטת שומר,גרמים,40.00,100 גרם,false,0,14.90,37.25,true,1,
7290002360278,false,חליטת צמחים פומפדור מנטה 20 יחידות,"איטיליאן פוד, אס.פי.",DE,חליטת מנטה,גרמים,45.00,100 גרם,false,0,14.90,33.11,true,1,
7290002370475,false,גבינת דנהבלו בשלה31%משקל,קסרייס,ES,גבינה כחולה,קילוגרמים,0.00,"ק""ג",true,1,99.00,99.00,true,1,
7290002371533,false,דקניקים סלסולי פסטרמה דבש טירת צבי 120 גרם,הנסיך- מפעל לייצור ט,IL,סלסולי פסטרמה,גרמים,120.00,100 גרם,false,0,17.90,14.92,true,1,
7290002371540,false,דקניקים קורנדביף ללא גלוטן טירת צבי 120 גרם,הנסיך- מפעל לייצור ט,IL,קורנדביף,גרמים,120.00,100 גרם,false,0,17.90,14.92,true,1,
7290002371571,false,פסטרמה פרגיות לבאגט במשקלטירת צבי,טירת- צבי,IL,פסטרמה פרגיות,קילוגרמים,0.00,"ק""ג",true,0,89.00,89.00,true,1,
7290002371854,false,נקניקיות עוף חריפות טירת צבי 2 * 500 גרם,הנסיך- מפעל לייצור ט,IL,נקניקיות עוף,קילוגרמים,1.00,"ק""ג",false,0,29.90,29.90,true,1,
7290002374640,false,שמן בריאות קנולה פלוס אומגה 3 עץ הזית 1 ליטר,שמן תעשיות,EE,שמן קנולה פלוס,ליטרים,1.00,ליטר,false,0,17.90,17.90,true,1,
7290002385455,false,בולגרית מעודנת 24% במשקל,מחלבות גד,IL,בולגרית מעודנת,קילוגרמים,0.00,"ק""ג",true,1,67.00,67.00,true,1,
7290002385745,false,גבינת פיקורינו משולשים גד,מחלבות גד,IL,פקורינו משולש,קילוגרמים,0.00,"ק""ג",true,0,153.00,153.00,true,1,
7290002410010,false,שניצל עגל וינאי בואק,מעדני הטלה,,שניצל עגל וינאי,קילוגרמים,0.00,"ק""ג",true,0,59.90,59.90,true,1,
7290002410874,false,רבעי פרגיות ממולאות קג,לאטי עזרא גלם ודגים,IL,פרגיות ממולאות,קילוגרמים,0.00,"ק""ג",true,0,49.90,49.90,true,1,
7290002439219,false,פס קצפת ופירות יער ריץ' 500 גרם,סהרון,IL,פס קצפת ופירות,גרמים,500.00,100 גרם,false,1,41.90,8.38,true,1,
7290002439240,false,פס עוגת גבינה אפויה ריץ' 500 גרם,סהרון,IL,פס עוגת גבינה,גרמים,500.00,100 גרם,false,1,41.90,8.38,true,1,
7290002439257,false,ריצ אקלר במילוי קרם,סהרון,IL,אקלר קרם וניל,גרמים,300.00,100 גרם,false,1,22.90,7.63,true,1,
7290002472117,false,פס קצפת קפוצ'ינו 600 גרם,"גידרון תעשיות בע""מ",IL,עוגת פס קפוצ'ינו,גרמים,600.00,100 גרם,false,0,51.90,8.65,true,1,
7290002472148,false,עוגת קצפת בלק פורסט600גר,"גידרון תעשיות בע""מ",IL,עוגת בלק פורסט,גרמים,600.00,100 גרם,false,0,51.90,8.65,true,1,
7290002472186,false,עוגת מאפין שוקו צ'יפס550,"גידרון תעשיות בע""מ",IL,מאפין שוקוצ'יפס,יחידה,1.00,יחידה,false,0,22.90,22.90,true,1,
7290002472193,false,עוגת מאפין שוקו 550 גרם,"גידרון תעשיות בע""מ",IL,מאפין בטעם שוקו,יחידה,1.00,יחידה,false,0,22.90,22.90,true,1,
7290002472209,false,מאפין שוקו וניל 550 גרם,"גידרון תעשיות בע""מ",IL,מאפין שיש,יחידה,1.00,יחידה,false,0,22.90,22.90,true,1,
7290002472223,false,עוגת מאפין תפוז 550 גרם,"גידרון תעשיות בע""מ",IL,מאפין בטעם תפוז,יחידה,1.00,יחידה,false,0,22.90,22.90,true,1,
7290002472254,false,עוגת מאפין אגוזים 550גרם,"גידרון תעשיות בע""מ",IL,מאפין אגוזים,יחידה,1.00,יחידה,false,0,22.90,22.90,true,1,
7290002472261,false,"עוגת מאפין תפו""ע 550 גרם","גידרון תעשיות בע""מ",IL,מאפין תפוח עץ,גרמים,500.00,100 גרם,false,0,22.90,4.58,true,1,
7290002472629,false,עוגת שמרים ושוקולד,"גידרון תעשיות בע""מ",IL,עוג.שמרים שוקולד,גרמים,460.00,100 גרם,false,0,27.90,6.07,true,1,
7290002472667,false,עוגת שמרים גבינה 520ג,"גידרון תעשיות בע""מ",IL,עוגת שמרים גבינה,גרמים,460.00,100 גרם,false,0,30.90,6.72,true,1,
7290002472841,false,עוגת סבתא שוקולד 850 גרם,"גידרון תעשיות בע""מ",IL,עוגת סבתא שוקו,גרמים,730.00,100 גרם,false,0,30.90,4.23,true,1,
7290002507284,false,שניצל נסיכה מטוגן קפוא 700 גרם,האי נאם סי או אל.טי.,IL,שניצל דג 700 גרם,גרמים,700.00,100 גרם,false,1,27.90,3.99,true,1,
7290002507383,false,גבינה בולגרית 5% במש,מחלבות בכר,IL,גבינה בולגרית 5%,קילוגרמים,0.00,"ק""ג",true,1,80.00,80.00,true,1,
7290002507604,false,פיצה שגב השף מאיטליה 350 גרם,האי נאם סי או אל.טי.,IT,פיצה השף שגב,גרמים,320.00,100 גרם,false,1,22.90,7.16,true,1,
7290002515371,false,"קמיל בלו אל סבון לתינוקות ד""ר פישר 1 ליטר",פישר מעבדות פרמצבטיות בע,IL,קמיל בלו לתינוק,ליטרים,1.00,ליטר,false,0,29.30,29.30,true,1,
7290002517283,false,"פלפל שחור גרוס 40 גרם ""טעם וריח""",תות ממתקי איכות,IL,פלפל שחור,גרמים,40.00,100 גרם,false,0,10.90,27.25,true,1,
7290002517337,false,אורגנו עלים 20 גר' טעם וריח,"תבליני טעם וריח בע""מ",IL,אורגנו עלים,גרמים,20.00,100 גרם,false,0,6.90,34.50,true,1,
7290002517375,false,בזילקום עלים 30 גר' טעם וריח,"תבליני טעם וריח בע""מ",IL,בזיליקום,גרמים,30.00,100 גרם,false,0,6.90,23.00,true,1,
7290002517603,false,תבלין בזיליקום מיכל 10ג',"תבליני טעם וריח בע""מ",IL,בזיליקום,גרמים,10.00,100 גרם,false,0,7.00,70.00,true,1,
7290002517733,false,תבלין קצח טעם וריח 4,תות ממתקי איכות,IL,קצח,גרמים,40.00,100 גרם,false,0,7.00,17.50,true,1,
7290002517825,false,"פלפל לבן טחון 40 גרם ""טעם וריח""","תבליני טעם וריח בע""מ",IL,פלפל לבן,גרמים,40.00,100 גרם,false,0,11.90,29.75,true,1,
7290002542780,false,"שישייה בירה סטלה ארטואה בקבוק 330X6 מ""ל","אינבב, ברוורייפליין",BE,סטלה ארטואה 6 יח,ליטרים,1.98,ליטר,false,1,34.90,17.63,true,1,
7290002542841,false,"שישייה בירה לף בלונד בקבוק 330X6 מ""ל","אינבב, ברוורייפליין",BE,בירה לף בלונד6יח,ליטרים,1.98,ליטר,false,1,54.90,27.73,true,1,
7290002543046,false,קלוגס פרוסטיס דגנים וסוכר 750ג',קלוג מנייופרטורינג א,ES,פרוסטיס 750 גרם,גרמים,750.00,100 גרם,false,0,21.90,2.92,true,1,
7290002551003,false,טונה בשמן בודד 160 ג' סטארקיסט,סטאר קיסט,IL,טונה סטארקיסט,גרמים,160.00,100 גרם,false,0,8.20,5.13,true,1,
7290002551010,false,טונה סטארקיסט במים 160 גרם,"סטארקיסט פודור בע""מ",TR,טונה סטארקיסט,גרמים,160.00,100 גרם,false,0,8.20,5.13,true,1,
7290002577492,false,"פילה דג הרינג מלוח בשמן, 340 גרם",מיוצר על ידי קוד יצר,IL,פילה הרינג,גרמים,240.00,100 גרם,false,1,27.90,11.63,true,1,
7290002577508,false,פילה דג הרינג מלוח בשמן ובצל דלידג 240 ג',מיוצר על ידי קוד יצר,IL,פילה הרניג,גרמים,240.00,100 גרם,false,1,27.90,11.63,true,1,
7290002649175,false,גרון הודו טרי ארוז קג,יסכה,IL,גרון הודו טרי אר,קילוגרמים,0.00,"ק""ג",true,1,29.90,29.90,true,1,
7290002649182,false,חזה הודו טרי ארוז קג,יסכה,IL,חזה הודו טרי,קילוגרמים,0.00,"ק""ג",true,1,34.90,34.90,true,1,
7290002649205,false,שווארמה הודו טרי ארוז נק,יסכה,IL,שווארמה הודו טרי,קילוגרמים,0.00,"ק""ג",true,1,74.90,74.90,true,1,
7290002649250,false,שוק הודו טרי ארוז נקבה ק,וי.ז.פי.ו.או. קוידג'ין,IL,שוק הודו טרי,קילוגרמים,0.00,"ק""ג",true,1,29.90,29.90,true,1,
7290002649328,false,זוג עופיוניםטרי ארוז,יסכה,IL,זוג עופיונים טרי,קילוגרמים,0.00,"ק""ג",true,1,49.90,49.90,true,1,
7290002651116,false,גחנון חמסי 1 קג לא א,מאפיית אריאל,IL,ג'חנון חמסי,גרמים,1000.00,100 גרם,false,0,21.90,2.19,true,1,
7290002651123,false,מלאווח חמסי ארוז 1 ק,מאפיית אריאל,IL,מלווח חמסי,גרמים,1000.00,100 גרם,false,0,21.90,2.19,true,1,
7290002661153,false,"לחם דני קל ברמן 1 ק""",מאפית י את א ברמן בע,IL,לחם דני קל,גרמים,1000.00,100 גרם,false,0,19.90,1.99,true,1,
7290002661214,false,לחם קל גלילי ברמן 75,מאפית י את א ברמן בע,IL,לחם גלילי קל,גרמים,750.00,100 גרם,false,0,14.90,1.99,true,1,
7290002692393,false,שמן קנולה מזוכך מועשר עץ הזית 1 ליטר,שמן תעשיות בעמ,EE,שמן קנולה מועשר,ליטרים,1.00,ליטר,false,0,16.90,16.90,true,1,
7290002692768,false,"תרסיס שמן קנולה מזוכך ללא תוספת גז עץ הזית 200 מ""ל",טרנסומס פוד איי בי,IT,תרסיס שמן קנולה,מיליליטרים,200.00,"100 מ""ל",false,0,13.90,6.95,true,1,
7290002692782,false,"תרסיס שמן זית כתית מעולה ללא תוספת גז עץ הזית 150 מ""ל",י.ב טכנולוגיות אריזה,IT,תרסיס שמן זית,מיליליטרים,148.00,"100 מ""ל",false,0,13.90,9.39,true,1,
7290002715504,false,ארוחת נודלס בטעם עוף מג'יק 70 גרם,טאט הוי פוד בעמ,SG,מג'יק נודלס,גרמים,70.00,100 גרם,false,0,5.00,7.14,true,1,
7290002715511,false,ארוחת נודלס בטעם בשר מג'יק 70 גרם,טאט הוי פוד בעמ,SG,מג'יק אטריות,גרמים,70.00,100 גרם,false,0,5.00,7.14,true,1,
7290002715528,false,ארוחת נודלס בטעם ירקות מג'יק 70 גרם,טאט הוי פוד בעמ,SG,מג'יק אטריות,גרמים,70.00,100 גרם,false,0,5.00,7.14,true,1,
7290002715580,false,ארוחת נודלס בטעם סיני חריף מג'יק 70 גרם,טאט הוי פוד בעמ,SG,מג'יק נודלס,גרמים,70.00,100 גרם,false,0,5.00,7.14,true,1,
7290002730262,false,"נוזל לניקוי כלים קלאסי פלמוליב 750 מ""ל",יבואן ומשווק: ש. שסט,GR,פלמוליב לכלים,מיליליטרים,750.00,"100 מ""ל",false,0,12.90,1.72,true,1,
7290002730675,false,"קולגייט משחת שיניים אדומה משפחתי 100 מ""ל",קולגייט-פלמוליב,PL,משחת שיניים,מיליליטרים,100.00,"100 מ""ל",false,0,8.50,8.50,true,1,
7290002730903,false,פלמוליב סבון מוצק ורדים רביעייה * 125 ג',הנסיך- מפעל לייצור ט,TR,סבון פלמוליב 4יח,גרמים,360.00,100 גרם,false,0,17.90,4.97,true,1,
7290002730958,false,סבון מוצק בניחוח זיתים ואלוורה פלמוליב 4*100 גרם,הנסיך- מפעל לייצור ט,TR,סבון פלמוליב 4יח,גרמים,360.00,100 גרם,false,0,17.90,4.97,true,1,
7290002752332,false,"סוכריות מנטוס פירות בגליל, 37.5 גרם",הדקלאים אגודת שיתופי,NL,סוכריות מנטוס,גרמים,37.00,100 גרם,false,0,4.00,10.81,true,1,
7290002752349,false,סוכריות מנטוס מנטה 40יח' בגליל 38ג',פרפטי ואן מלה,NL,סוכריות מנטוס,גרמים,37.00,100 גרם,false,0,4.00,10.81,true,1,
7290002757139,false,מלאווח תימני מקורי 3 האופים 700 גר',שלושת האופים,IL,מלווח 700 גרם,גרמים,700.00,100 גרם,false,0,16.90,2.41,true,1,
7290002757146,false,"קובה חמוסטה למרק שלושת האופים 1 ק""ג","שלושת האופים בע""\מ",IL,קובה חמוסטה,גרמים,1000.00,100 גרם,false,0,23.90,2.39,true,1,
7290002757535,false,בורקס פילו אצבעות גבינה שלושת האופים 700 גרם,שלושת האופים שגמור,IL,פילו אצבעות,גרמים,700.00,100 גרם,false,0,21.90,3.12,true,1,
7290002759126,false,מארז 10יח מיני פיתהאסלית,מעיין תעשיות מאפה,IL,מיני פיתה,גרמים,500.00,100 גרם,false,0,15.90,3.18,true,1,
7290002759225,false,מארז4יח שבלול עם צימוקים,גידרון,IL,שבלול צימוק 4יח,יחידה,1.00,יחידה,false,0,14.90,14.90,true,1,
7290002759287,false,לחמניה קמח מלא 5,,,לחמניה קמח מלא 5,יחידה,1.00,יחידה,false,0,14.90,14.90,true,1,
7290002759478,false,מארז חצי ג'בטה 4יח,גידרון,IL,חצי ג'בטה לבן 4י,יחידה,1.00,יחידה,false,0,14.90,14.90,true,1,
7290002759522,false,מארז4 לחמניית חלה מתוקה,גידרון,,לחמנ.חלה מתוקה 4,יחידה,1.00,יחידה,false,0,14.90,14.90,true,1,
7290002766056,false,עגבניות שרי לב אדום יח',אראל תוצרת חקלאית בע,IL,עגבניה שרי תמר,גרמים,460.00,100 גרם,false,1,10.90,2.37,true,1,
7290002771111,false,קפה עם הל אל נחלה 250 גרם,מולינו ניקולי s.p.a,IL,קפה עם הל,גרמים,250.00,100 גרם,false,0,18.50,7.40,true,1,
7290002775010,false,מיני בורקס פילו גבינה שלושת האופים מהדרין 650 ג',שלושת האופים שגמור,IL,מיני בורקס פילו,גרמים,650.00,100 גרם,false,0,21.90,3.37,true,1,
7290002775768,false,"עוגת טורט קצפת שוקולד 1ק""ג ריצ'",ריץ',IL,עוגת טורט ריצ',קילוגרמים,1.00,"ק""ג",false,0,65.90,65.90,true,1,
7290002775782,false,"עוגת טורט מצופה שוקולד ריץ' 1 ק""ג",ריץ',IL,עוגת טורט ריצ',קילוגרמים,1.00,"ק""ג",false,0,65.90,65.90,true,1,
7290002782131,false,"פנינה רוזנבלום - דאודורנט ספריי לאישה מס' 1 150 מ""ל",פנינה רוזנבלום,IL,דאודורנט פנינה,מיליליטרים,150.00,"100 מ""ל",false,0,22.90,15.26,true,1,
7290002782759,false,"פנינה קרם גוף רוזנבלום 400 מ""ל",פנינה רוזנבלום,IL,קרם גוף פנינה,מיליליטרים,340.00,"100 מ""ל",false,0,26.90,7.91,true,1,
7290002814054,false,סנט מוריץ מתז אנטרטיק מתז 1 ליטר,קומפלקס כימיקלים בעמ,IL,אנטרטיק מרסס,ליטרים,1.00,ליטר,false,1,10.90,10.90,true,1,
7290002814078,false,סנט מוריץ נוזל לניקוי אמבט אנטרטיק 1ל',"קומפלקס כימיקלים בע""",IL,אנטרטיק לאמבט,ליטרים,1.00,ליטר,false,0,7.90,7.90,true,1,
7290002814160,false,מסיר שומנים סנט מוריץ 1ל,קומפלקס כימיקלים בעמ,IL,מסיר שומנים,ליטרים,1.00,ליטר,false,1,18.90,18.90,true,1,
7290002814290,false,קצף מרוכז 1 ליטר בלנקו בניחוח לימון משמיד 99.9%,קומפלקס כימיקלים בעמ,IL,קצף אקונומיקה,ליטרים,1.00,ליטר,false,1,10.90,10.90,true,1,
7290002814528,false,נוזל לניקוי האסלה סנט מוריץ 1 ליטר,קומפלקס כימיקלים בעמ,IL,נוזל לאסלה מס' 1,ליטרים,1.00,ליטר,false,0,6.90,6.90,true,1,
7290002814610,false,סנט מוריץ מסיר שומנים מבושם שחור 1 ליטר,קומפלקס כימיקלים בעמ,IL,מסיר שומנים,ליטרים,1.00,ליטר,false,0,10.90,10.90,true,1,
7290002824183,false,"גבינה לבנה סקי 500 גרם 5% ""שטראוס"" -מוצר בפיקוח",מיוצר עי קונדיטוריית,IL,גבינת סקי 5%,גרמים,500.00,100 גרם,false,0,9.96,1.99,true,1,
7290002824466,false,יוגורט דנונה ביו לבן 0% שומן 200 גרם,"שטראוס בריאות בע""\מ",IL,יוגורט ביו 0%,גרמים,200.00,100 גרם,false,0,3.90,1.95,true,1,
7290002824640,false,"גבינת סקי 250 גרם 5% ""שטראוס"" -מוצר בפיקוח",מיוצר עי קונדיטוריית,IL,גבינת סקי 5%,גרמים,250.00,100 גרם,false,0,4.98,1.99,true,1,
7290002825722,false,סלט כרוב אדום אחלה 500 גרם,מיוצר עי קונדיטוריית,IL,סלט כרוב אחלה,גרמים,500.00,100 גרם,false,0,17.90,3.58,true,1,
7290002830245,false,פילה לברק יפני קג,דלידג - נטו,IL,פילה לברק יפני,קילוגרמים,0.00,"ק""ג",true,1,54.90,54.90,true,1,
7290002830948,false,גבינת עיזים מותכת 30% מון בלאן 120 גרם,סלס קרית מלאכי ישראל,IL,גבינת מון בלאן,גרמים,120.00,100 גרם,false,0,12.90,10.75,true,1,
7290002862017,false,שום כתוש 250 הררית,"הררית מזון בע""מ",IL,שום כתוש,גרמים,250.00,100 גרם,false,0,16.90,6.76,true,1,
7290002862031,false,אריסה 250מתובלת הררית,"הררית מזון בע""מ",IL,אריסה חריפה,גרמים,250.00,100 גרם,false,0,16.90,6.76,true,1,
7290002862055,false,לימון כבוש 250 גרם,,IL,לימון כבוש,גרמים,250.00,100 גרם,false,0,16.90,6.76,true,1,
7290002862093,false,חזרת 250 גרם,"הררית מזון בע""מ",IL,חזרת,גרמים,250.00,100 גרם,false,0,16.90,6.76,true,1,
7290002862109,false,פירורי לחם מוזהבים 400 ג,"הררית מזון בע""מ",ES,פירורי לחם מוזהב,גרמים,400.00,100 גרם,false,1,6.90,1.73,true,1,
7290002862123,false,סחוג ירוק 150 גר הררית,"הררית מזון בע""מ",IL,סחוג ירוק,גרמים,150.00,100 גרם,false,0,11.90,7.93,true,1,
7290002862369,false,עמבה בצנצנת,,IL,עמבה בצנצנת,גרמים,250.00,100 גרם,false,0,16.90,6.76,true,1,
7290002871248,false,"בירה טובורג רד בקבוק 500 מ""ל חוזר",מבשלות בירה בינלאומיות ב,IL,בירה טובורג רד,מיליליטרים,500.00,"100 מ""ל",false,0,9.50,1.90,true,1,
7290002871361,false,"בירה קרלסברג בקבוק 500 מ""ל חוזר",מבשלות בירה בינלאומיות ב,IL,בירה קרלסברג,מיליליטרים,500.00,"100 מ""ל",false,0,9.60,1.92,true,1,
7290002879633,false,וופל בלגי אמיתי רזיט 550 גרם,אן.וי ביסקוויטרי טיז,BE,וופל בלגי,גרמים,550.00,100 גרם,false,1,26.90,4.89,true,1,
7290002881209,false,רסק תפוחי עץ דיאט 700 ג' תומר,KONSERVENFABRIEK BALTUSSEN,NL,"רסק תפו""ע",גרמים,720.00,100 גרם,false,0,11.90,1.65,true,1,
7290002881216,false,רסק תפוחי עץ לא ממותק תומר 700 גרם,KONSERVENFABRIEK BALTUSSEN,NL,"רסק תפו""ע דיאט",גרמים,720.00,100 גרם,false,0,11.90,1.65,true,1,
7290002881803,false,שמן קנולה מזוכך 1 ליטר,,BE,שמן קנולה מזוכך,ליטרים,1.00,ליטר,false,1,11.90,11.90,true,1,
7290002900436,false,פסטרמה איטלקי מילנו משקל,טירת- צבי,IL,פסטרמה איטלקית,קילוגרמים,0.00,"ק""ג",true,0,89.00,89.00,true,1,
7290002904694,false,"טיטניום דאודורנט ספריי לגברים 150 מ""ל","אמיליה קוסמטיקס בע""מ",IL,דאודורנט טיטניום,מיליליטרים,180.00,"100 מ""ל",false,0,16.90,9.39,true,1,
7290002927518,false,טבעות עגל ארוז קפוא קג,"זהר בשר עופות ובשר בע""\מ",IL,טבעות עגל קפוא,קילוגרמים,0.00,"ק""ג",true,1,49.90,49.90,true,1,
7290002939108,false,חזה עוף טרי ארוז עטרה לק,שונות,IL,חזה עוף טרי עטרה,קילוגרמים,0.00,"ק""ג",true,0,36.90,36.90,true,1,
7290002987963,false,"סלט חומוס אחלה 1 ק""ג",מיוצר עי קונדיטוריית,IL,"חומוס אחלה 1 ק""ג",קילוגרמים,1.00,"ק""ג",false,0,14.90,14.90,true,1,
7290003009596,false,"סירופ דיאט אשכוליות פריגת 750 מ""ל",סירופ - גבעת חיים,IL,סירופ אשכוליות,מיליליטרים,750.00,"100 מ""ל",false,0,25.90,3.45,true,1,
7290003015627,false,"נוזל רצפות אפרסק 2 ליטר ""ריצפז פרש""","סנו מפעלי ברונוס בע""",IL,ריצפז פרש,ליטרים,2.00,ליטר,false,0,19.90,9.95,true,1,
7290003026036,false,"ד""ר פישר - קמיל בלו סנסיטיב אל סבון עדין לתינוק 1 ליטר",פישר מעבדות פרמצבטיות בע,IL,אל סבון קמיל בלו,ליטרים,1.00,ליטר,false,0,26.90,26.90,true,1,
7290003026319,false,"קמיל בלו משחת החתלה לתינוק ד""ר פישר 120 גרם",פישר מעבדות פרמצבטיות בע,IL,משחת החתלה סנסטי,גרמים,120.00,100 גרם,false,0,16.90,14.09,true,1,
7290003029181,false,משקה יטבתה שוקו' בקבוק 1ל מהדרין,שטראוס גרופ,IL,שוקו יטבתה,ליטרים,1.00,ליטר,false,0,10.00,10.00,true,1,
7290003029372,false,משקה חלב בטעם בננה יטבתה 1 ליטר,שטראוס גרופ,IL,משקה חלב בננה,ליטרים,1.00,ליטר,false,0,10.00,10.00,true,1,
7290003029389,false,"משקה חלב בננה פקק ספורט 250 מ""ל יוטבתה",שטראוס גרופ,IL,משקה בננה,מיליליטרים,250.00,"100 מ""ל",false,0,5.60,2.24,true,1,
7290003029433,false,"משקה יטבתה שוקו פקק 250 מ""ל מהדרין",שטראוס גרופ,IL,שוקו יטבתה,מיליליטרים,250.00,"100 מ""ל",false,0,5.60,2.24,true,1,
7290003029532,false,מוקה בבקבוק יטבתה 1 ליטר מהדרין,שטראוס גרופ,IL,מוקה יטבתה בקבוק,ליטרים,1.00,ליטר,false,0,10.00,10.00,true,1,
7290003029792,false,"משקה יטבתה שוקו שקיות מהדרין מארז 225X8מ""ל",שטראוס גרופ,IL,שקיות שוקו 8 יח',ליטרים,1.80,ליטר,false,0,20.90,11.61,true,1,
7290003029815,false,כד חלב 3% יטבתה 2 ליטר מהדרין,שטראוס גרופ,IL,חלב מועשר יטבתה,ליטרים,2.00,ליטר,false,0,16.40,8.20,true,1,
7290003029907,false,אייס קפה יטבתה 1 ליטר מהדרין,שטראוס גרופ,IL,אייס קפה יטבתה,ליטרים,1.00,ליטר,false,0,10.00,10.00,true,1,
7290003054657,false,חרדל ריין דיז'ון אקסטרה פורטה 370 גרם,ריין דיז'ון reine dijon,FR,חרדל דיז'ון,גרמים,370.00,100 גרם,false,0,11.90,3.22,true,1,
7290003060061,false,"קמח כוסמין טחנות ישראליות 1 ק""ג",טחנות ישראליות בעמ,IL,קמח כוסמין מלא,קילוגרמים,1.00,"ק""ג",false,1,11.90,11.90,true,1,
7290003072972,false,קבנוס בתיבול מעושן טירת צבי 120 גרם,טיב טירת צבי 2000,IL,קבנוס בתיבול שום,גרמים,120.00,100 גרם,false,1,12.90,10.75,true,1,
7290003107216,false,קמח 1 קג שימורי איכ,טחנת קמח דגן לישראל,IL,קמח לבן,קילוגרמים,1.00,"ק""ג",false,0,6.70,6.70,true,1,
7290003107223,false,"סולת לנדא ארוז 1 ק""ג",טחנת קמח דגן לישראל,IL,סולת,קילוגרמים,1.00,"ק""ג",false,0,6.90,6.90,true,1,
7290003107247,false,שמרים יבשים אינסטנט33גרם,שטיבל,IL,שמרים יבשים,גרמים,33.00,100 גרם,false,0,6.90,20.91,true,1,
7290003107360,false,קמח לבן בהיר ללא ניפוי1ק,טחנת קמח דגן לישראל,IL,קמח לבן בהיר,קילוגרמים,1.00,"ק""ג",false,1,9.90,9.90,true,1,
7290003121083,false,ארוחת נודלס בטעם בשר בשקית מג'יק 85 גרם,טאט הוי פוד בעמ,SG,ארוחת נודלס,גרמים,85.00,100 גרם,false,0,4.40,5.18,true,1,
7290003121106,false,ארוחת נודלס טעם עוף בשקית מג'יק 85 גרם,"טאט פוד הוי בע""מ",SG,ארוחת נודלס,גרמים,85.00,100 גרם,false,0,4.40,5.18,true,1,
7290003137190,false,קוקטייל טרי ארוז,מילועוף,IL,קוקטייל עוף טרי,קילוגרמים,0.00,"ק""ג",true,0,29.90,29.90,true,1,
7290003158164,false,פילו ריקוטה פרימיום קג,"גידרון תעשיות בע""מ",IL,פילו ריקוטה חלבי,קילוגרמים,0.00,"ק""ג",true,0,45.00,45.00,true,1,
7290003158591,false,מארז4יח לחמניית חלה קלה,גידרון,,לחמניה חלה קלה 4,יחידה,1.00,יחידה,false,0,14.90,14.90,true,1,
7290003158850,false,לחמניות המבורגר5,,IL,לחמניות המבורגר5,יחידה,1.00,יחידה,false,0,14.90,14.90,true,1,
7290003158980,false,מארז פיתה פרנה 3יח180*גר,מאפיית אורן משי,IL,פיתה פרנה,גרמים,540.00,100 גרם,false,0,16.90,3.13,true,1,
7290003185719,false,קבב רומני טיבון ויל 500 גרם,טיבון ויל אחזקות בעמ,IL,קבב רומני,גרמים,500.00,100 גרם,false,0,21.90,4.38,true,1,
7290003185726,false,קבב מזרחי טיבון ויל 500 גרם,טיבון ויל אחזקות בעמ,IL,קבב מזרחי,גרמים,500.00,100 גרם,false,0,21.90,4.38,true,1,
7290003189045,false,צהובה הולנדית מחיר לפי מ,צי תעשיות מזון יבנה,IL,צהובה הולנדית,קילוגרמים,0.00,"ק""ג",true,0,45.00,45.00,true,1,
7290003189076,false,פיצרלה הצהובה הטובה מגורדת 22% כפיר 500 גרם,צי תעשיות מזון יבנה,IL,פיצרלה מגורדת,גרמים,500.00,100 גרם,false,0,24.50,4.90,true,1,
7290003189199,false,צהובה טובה חריפה במש,צי תעשיות מזון יבנה,IL,צהובה חריפה,קילוגרמים,0.00,"ק""ג",true,0,42.00,42.00,true,1,
7290003189267,false,הצהובה הטובה לייט קלאסית 5% כפיר 200 גרם,צי תעשיות מזון יבנה,IL,הצהובה טובה לייט,גרמים,200.00,100 גרם,false,0,17.90,8.95,true,1,
7290003189274,false,בנוסח מעושנת גליל26%משקל,צי תעשיות מזון יבנה,IL,צהובה מעושנת,קילוגרמים,0.00,"ק""ג",true,0,52.00,52.00,true,1,
7290003220588,false,"רוטה צ'ילי מתוק ללא סוכר 700 מ""ל WOK",תאי פרידה אינדסטרי ב,TH,"רוטב צ'ילי ללת""ס",מיליליטרים,700.00,"100 מ""ל",false,0,16.90,2.41,true,1,
7290003220595,false,"ווק אורז לסושי 1 ק""ג WOK","מיה תעשיות מזון בע""מ",IL,אורז לסושי,קילוגרמים,1.00,"ק""ג",false,0,13.90,13.90,true,1,
7290003220700,false,WOK מחצלת לגלגול סושי 60 גרם,קוסומאי במבוק,CN,מחצלת גלגול סושי,יחידה,1.00,יחידה,false,0,6.70,6.70,true,1,
7290003220717,false,WOK אצות נורי סילבר 10 יחידות,ג'י וואן גלובול נאט,KR,אצות נורי לסושי,גרמים,22.00,100 גרם,false,0,14.40,65.45,true,1,
7290003224845,false,"כיסונים תפו""א ופטריות VEGAN 800 גרם","מאמא מרי בע""\מ",IL,"כיסונים תפו""א ופ",גרמים,800.00,100 גרם,false,1,23.90,2.99,true,1,
7290003229147,false,נקניק סלמי איטלקי מעושן טירת צבי 300 גרם,הנסיך- מפעל לייצור ט,IL,סלמי איטלקי,גרמים,300.00,100 גרם,false,0,32.90,10.97,true,1,
7290003229222,false,נקניק סלמי תה טירת צבי 300 גרם,הנסיך- מפעל לייצור ט,IL,סלמי תה משובח,גרמים,300.00,100 גרם,false,0,23.90,7.97,true,1,
7290003249626,false,ברווז שלם קפוא בשקית קג,קצביית פרימיום,IL,ברווז שלם קפוא ב,קילוגרמים,0.00,"ק""ג",true,1,39.90,39.90,true,1,
7290003321155,false,יוגורט בר עם פקאן מצופה שוקולד 183 ג' דנונה,"שטראוס בריאות בע""\מ",IL,דנונה בר פקאן,גרמים,183.00,100 גרם,false,0,5.10,2.79,true,1,
7290003321292,false,גבינה לבנה 9% שומן 250 ג' שטראוס,מיוצר עי קונדיטוריית,IL,גבינת סקי 9%,גרמים,250.00,100 גרם,false,0,5.10,2.04,true,1,
7290003332007,false,קפה שחור עם הל 250 גרם,סובחי נחלה ובניו,IL,קפה שחור,גרמים,250.00,100 גרם,false,0,15.50,6.20,true,1,
7290003401369,false,"קרם לחות לשיער חוחובה נטורל פורמולה 400 מ""ל",מיוצר עי אמיליה קוסמ,IL,קרם לחות לשיער,מיליליטרים,400.00,"100 מ""ל",false,0,19.90,4.98,true,1,
7290003401376,false,"קרם לחות ועיצוב לשיער אלוורה נטורל 400 מ""ל",מיוצר עי אמיליה קוסמ,IL,קרם לחות לשיער,מיליליטרים,400.00,"100 מ""ל",false,0,19.90,4.98,true,1,
7290003411238,false,שמרים יבשים נמסים הנ,ברוגמאן גנט,BE,שמרים יבשים,גרמים,500.00,100 גרם,false,0,15.90,3.18,true,1,
7290003411993,false,גפרורים הנמל 10 יחידות,"איטיליאן פוד, אס.פי.",SE,גפרורים,יחידה,1.00,יחידה,false,0,3.70,3.70,true,1,
7290003423909,false,חטיף קוקיס אנד קרים לבן 43 גרם,ליימן מותגים,US,חטיף שוקולד לבן,גרמים,43.00,100 גרם,false,0,4.90,11.40,true,1,
7290003427154,false,"שמן זית כתית מעולה טעם מעודן זיתא 750 מ""ל",זיתא תעשיות שמן זיתt\,IL,שמן זית כתית,מיליליטרים,750.00,"100 מ""ל",false,0,35.90,4.79,true,1,
7290003438006,false,ממרח אולביה פסטו וצנובר איטלקי 190ג',מיוצר עי קונדיטוריית,IL,רוטב פסטו,גרמים,180.00,100 גרם,false,0,14.50,8.06,true,1,
7290003438013,false,ממרח זיתים ירוקים אוליביה 190 גרם,קריות זול,IL,ממרח זיתים,גרמים,190.00,100 גרם,false,0,14.50,7.63,true,1,
7290003438020,false,ממרח עגבניות מיובשות אוליביה 190 גרם,מיוצר עי קונדיטוריית,IL,ממרח עגבניות,גרמים,190.00,100 גרם,false,0,14.50,7.63,true,1,
7290003438709,false,ממרח אולביה זיתים שחורים וירוקים 190 ג',גוד פוד פרודקטס S.p,IL,ממרח זיתים,גרמים,190.00,100 גרם,false,0,14.50,7.63,true,1,
7290003438853,false,אוליביה ממרח אריסה חריפה 185 גר ',אוליביה,IL,אריסה חריפה,גרמים,185.00,100 גרם,false,1,14.50,7.84,true,1,
7290003450602,false,ממרח חרדל היינץ לחיץ 255 גרם,היינץ צפון אמריקה מקבוצת ה.י.היינץ,US,ממרח חרדל צהוב,גרמים,255.00,100 גרם,false,0,10.90,4.27,true,1,
7290003495030,false,מאפה שקדים פרווה,"גידרון תעשיות בע""מ",IL,מאפה שקדים,קילוגרמים,0.00,"ק""ג",true,0,42.00,42.00,true,1,
7290003495078,false,מארז4 בייגל אמריקאי כפרי,"גידרון תעשיות בע""מ",IL,4 בייגלה כפרי,יחידה,1.00,יחידה,false,0,13.90,13.90,true,1,
7290003495405,false,בורקס פילאס פיצה,גידרון,IL,בורקס פיצה חלבי,קילוגרמים,0.00,"ק""ג",true,0,45.00,45.00,true,1,
7290003495849,false,4 חצי ג'בטה כפרי,,,4 חצי ג'בטה כפרי,יחידה,1.00,יחידה,false,0,14.90,14.90,true,1,
7290003521081,false,"סרקל שמפו אל דמע לילדים ד""ר פישר 1 ליטר",פישר מעבדות פרמצבטיות בע,IL,סרקל שמפו לילדים,ליטרים,1.00,ליטר,false,0,26.90,26.90,true,1,
7290003521197,false,"ד""ר פישר - סרקל תרסיס מתיר קשרים 340 מ""ל",פישר מעבדות פרמצבטיות בע,IL,סרקל מתיר קשרים,מיליליטרים,340.00,"100 מ""ל",false,0,26.90,7.91,true,1,
7290003524297,false,אספרגוס לבן שלם בצנצנת ויליגר 330 גרם,צ'אמפהאוס טרידייג קו,CN,אספרגוס לבן שלם,גרמים,330.00,100 גרם,false,0,10.40,3.15,true,1,
7290003525478,false,סלט טונה ויליגר 160 גרם,"ויליגר, תעשיות בע""מ",IL,סלט טונה,גרמים,160.00,100 גרם,false,0,6.30,3.94,true,1,
7290003550937,false,רגל פרוסה קפואה במגש,טיבון ויל - נטו,IL,רגל פרוסה קג,קילוגרמים,0.00,"ק""ג",true,0,37.90,37.90,true,1,
7290003578177,false,תירס צעיר שלם וילי פוד 210 גרם,מגסטיק פוד אידסטרי ק,TH,תירס צעיר שלם,גרמים,410.00,100 גרם,false,0,9.50,2.32,true,1,
7290003643004,false,"סוגת אורז בסמטי קלאסי 1 ק""ג",האי נאם סי או אל.טי.,IL,אורז בסמטי קלאסי,קילוגרמים,1.00,"ק""ג",false,0,14.90,14.90,true,1,
7290003643325,false,קוסקוס בינוני סוגת 350 גרם,"אסיף תעשיות מזון בע""\מ",IL,קוסקוס בינוני,גרמים,350.00,100 גרם,false,0,5.90,1.69,true,1,
7290003643646,false,"סוכר דמררה קלאסי בצנצנת סוגת 1 ק""ג",האי נאם סי או אל.טי.,IL,סוכר דמררה,קילוגרמים,1.00,"ק""ג",false,0,14.20,14.20,true,1,
7290003643684,false,אפונה יבשה סוגת 500 גר',האי נאם סי או אל.טי.,IL,אפונה 500 גרם,גרמים,500.00,100 גרם,false,0,6.80,1.36,true,1,
7290003643738,false,סוגת חיטה 500 גרם,האי נאם סי או אל.טי.,IL,חיטה 500 גרם,גרמים,500.00,100 גרם,false,0,6.80,1.36,true,1,
7290003643745,false,סוגת כוסמת 500 גרם,האי נאם סי או אל.טי.,IL,כוסמת,גרמים,500.00,100 גרם,false,0,7.90,1.58,true,1,
7290003643752,false,עדשים ירוקים יבש סוגת 500 גר',האי נאם סי או אל.טי.,IL,עדשים ירוקות,גרמים,500.00,100 גרם,false,0,8.50,1.70,true,1,
7290003643769,false,עדשים אדומים יבש סוגת 500 גר',"סוגת תעשיות בע""\מ",IL,עדשים אדומות,גרמים,500.00,100 גרם,false,0,8.90,1.78,true,1,
7290003643820,false,חומוס ענק יבש סוגת 500 גרם,"סוגת תעשיות בע""\מ",IL,חומוס ענק,גרמים,500.00,100 גרם,false,0,10.90,2.18,true,1,
7290003648207,false,פילה הרינג בשמן בסגנ,"סלטי שמיר 2006 בע""מ",IL,מטיאס הולנדי,קילוגרמים,0.00,"ק""ג",true,0,60.00,60.00,true,1,
7290003719259,false,"ליבו לחם טבעי אקסקלוסיבי 1 ק""ג",מאפית י את א ברמן בע,IL,לחם אקסקלוסיבי,קילוגרמים,1.00,"ק""ג",false,0,18.90,18.90,true,1,
7290003781065,false,מלפפונים בחומץ קטנים מאוד וילי פוד 370 גרם,וילי פוד,VN,מלפפונים במלח,גרמים,680.00,100 גרם,false,0,12.90,1.90,true,1,
7290003796670,false,צלי כתף מוכשר קפוא,בלן,AR,צלי כתף מוכשר קפ,קילוגרמים,0.00,"ק""ג",true,1,69.90,69.90,true,1,
7290003796731,false,לב צוואר מוכשר,ארביץ/ פניקס,AR,לב צוואר מוכשר,קילוגרמים,0.00,"ק""ג",true,1,24.90,24.90,true,1,
7290003796786,false,בשר ראש מוכשר קפוא קג,לחוביץ,AR,בשר ראש מוכשר קפ,קילוגרמים,0.00,"ק""ג",true,1,69.90,69.90,true,1,
7290003796946,false,פ.מדומה מס' 6 מוכשר קפוא,לחוביץ,XX,פ.מדומה מוכשר,קילוגרמים,0.00,"ק""ג",true,0,44.90,44.90,true,1,
7290003804320,false,תיבולית שום ופטרוזיליה קנור 72 גרם,יוניליוור ישראל מזון בע\,IL,תיבוליות קנור,גרמים,72.00,100 גרם,false,0,10.40,14.44,true,1,
7290003804368,false,"תיבוליות בזיליקום קנור 72 גרם בד""צ",יוניליוור ישראל מזון בע\,IL,תיבוליות קנור,גרמים,72.00,100 גרם,false,0,10.40,14.44,true,1,
7290003804382,false,"תיבוליות פטריות קנור 72 גרם בד""צ",יוניליוור ישראל מזון בע\,IL,תיבוליות פטריות,גרמים,72.00,100 גרם,false,0,10.40,14.44,true,1,
7290003864478,false,סרדינים בשמן צמחי פתח קל ויליפוד 110 גרם,גולדן פרייז קאנינג א,TH,סרדין בשמן סויה,גרמים,110.00,100 גרם,false,0,6.30,5.73,true,1,
7290003864485,false,סרדינים ברוטב עגבנ יות ויליפוד 110ג' פתח קל,גולדן פרייז קאנינג א,TH,סרדינים ברוטב,גרמים,110.00,100 גרם,false,0,6.30,5.73,true,1,
7290003864492,false,סרדינים בשמן צמחי חריף פתח קל ויליפוד 110ג',גולדן פרייז קאנינג א,TH,סרדין פיקנטי,גרמים,110.00,100 גרם,false,0,6.30,5.73,true,1,
7290003882922,false,עלי גפן ממולאים באורז וילי פוד 360 גרם,הזה פלאקספו פוד קו ב,CN,עלי גפן ממולאים,גרמים,400.00,100 גרם,false,0,10.90,2.73,true,1,
7290003989096,false,סלט חצילים פיקנטי אחלה 500 גרם,מיוצר עי קונדיטוריית,IL,חציל פיקנטי אחלה,גרמים,500.00,100 גרם,false,0,17.90,3.58,true,1,
7290003989539,false,לורנצו רביולי במילוי גבינה,מיוצר עי קונדיטוריית,IL,רביולי גבינה,גרמים,400.00,100 גרם,false,0,16.90,4.23,true,1,
7290003989553,false,פסטה טורטליני גבינה ופטריות 400 גרם,מיוצר עי קונדיטוריית,IL,טורטליני פטריות,גרמים,400.00,100 גרם,false,0,16.90,4.23,true,1,
7290004011284,false,"ריץ' בסיס להכנת קצפת 212 מ""ל",ריצ' פרודקטס קורפריי,US,ריצ' להכנת קצפת,מיליליטרים,212.00,"100 מ""ל",false,0,9.30,4.39,true,1,
7290004011291,false,"קצפת ריץ' בסיס קרטונית 425 מ""ל",ריצ' פרודקטס קורפורי,US,בסיס להכנת קצפת,מיליליטרים,425.00,"100 מ""ל",false,0,14.90,3.51,true,1,
7290004011338,false,"ספריי קצפת מתוקה מוכנה ריץ' 250 מ""ל",האי נאם סי או אל.טי.,IT,קצפת ריצ' במיכל,מיליליטרים,250.00,"100 מ""ל",false,0,12.90,5.16,true,1,
7290004011345,false,"ספריי קצפת מתוקה מוכנה פרווה ריץ' 238 מ""ל",האי נאם סי או אל.טי.,IT,קצפת מתוקה,גרמים,250.00,100 גרם,false,0,12.90,5.16,true,1,
7290004011819,false,המבורגר ריב אנטריקוט אל גאוצ'ו 360 גרם,האי נאם סי או אל.טי.,IL,המבורגר ריב,גרמים,360.00,100 גרם,false,0,24.90,6.92,true,1,
7290004011826,false,מיני המבורגר ריב אנטריקוט,טיבון ויל אחזקות בעמ,IL,מיני המבורגר,גרמים,320.00,100 גרם,false,0,25.90,8.09,true,1,
7290004014407,false,עדשי מ&מ'ס חמאת בוטנים46,מרס נדרלנד,US,עדשי מ&מ'ס,גרמים,46.00,100 גרם,false,1,6.00,13.04,true,1,
7290004022309,false,עדשי מ&מ'ס חמאת בוטנים80,מרס,GB,עדשי מ&מ'ס,גרמים,80.00,100 גרם,false,1,7.50,9.38,true,1,
7290004030100,false,מיץ תפוזים סחוט ולנסיה 1 ליטר,פרי ניב,IL,מיץ תפוזי ולנסיה,ליטרים,1.00,ליטר,false,1,16.80,16.80,true,1,
7290004030216,false,משקה בטעם חמוציות 1 ליטר פריניב,פריניב בעמ,IL,נקטר חמוציות,ליטרים,1.00,ליטר,false,1,14.20,14.20,true,1,
7290004030223,false,מיץ תפוחים סחוט רכיבים טבעיים 100% פרי ניב 1 ליטר,פריניב בעמ,IL,מיץ תפוחים סחוט,ליטרים,1.00,ליטר,false,0,20.60,20.60,true,1,
7290004030407,false,אקסטרא מים לימונענע500מל,,IL,אקסטרא מים לימון,מיליליטרים,500.00,"100 מ""ל",false,1,9.90,1.98,true,1,
7290004030421,false,אקסטרא מים תפוח לימון500,,IL,אקסטרא מים תפוח,מיליליטרים,500.00,"100 מ""ל",false,1,9.90,1.98,true,1,
7290004030612,false,"מיץ תפוח, קיווי אגס ללא תוספת סוכר 1 ליטר פרי ניב",פריניב בעמ,IL,משקה תפוח קיווי,ליטרים,1.00,ליטר,false,0,16.10,16.10,true,1,
7290004030810,false,שייק 100% בננה פסיפלורה תפוז מופחת סוכר1,פריניב בעמ,IL,מיץ פריניב,מיליליטרים,1000.00,"100 מ""ל",false,1,20.60,2.06,true,1,
7290004030834,false,מיץ רימונים סחוט 100% רכיבים טבעיים פרי ניב 1 ליטר,פריניב בעמ,IL,מיץ רימונים,ליטרים,1.00,ליטר,false,0,25.30,25.30,true,1,
7290004030926,false,"אקסטרא מים אפרסק 500 מ""ל",,IL,אקסטרא מים אפרסק,מיליליטרים,500.00,"100 מ""ל",false,1,9.90,1.98,true,1,
7290004033736,false,"עננים לחם לבן בסגנון בריוש עם פרוסות עבות, 500 גרם",מאפית י את א ברמן בע,IL,לחם עננים בריוש,גרמים,500.00,100 גרם,false,1,16.90,3.38,true,1,
7290004043108,false,עדשי מ&מ'ס שוקולד 89 גרם,מרס,US,עדשי מ&מ'ס,גרמים,89.00,100 גרם,false,1,7.50,8.43,true,1,
7290004048679,false,"קובה למרק שלושת האופים 1 ק""ג","שלושת האופים בע""\מ",IL,קובה למרק,גרמים,1000.00,100 גרם,false,0,23.90,2.39,true,1,
7290004064099,false,מטחנה מלח ים מהרי ההימלאיה מלח הארץ 100 גרם,"חברת מלח הארץ אילת בע""\מ",IL,מטחנה מלח,גרמים,250.00,100 גרם,false,1,17.90,7.16,true,1,
7290004064174,false,"תבלין מלח ההימלאיה דק בצנצנת 1 ק""ג","חברת מלח הארץ אילת בע""\מ",PK,מלח דק הימלאיה,קילוגרמים,1.00,"ק""ג",false,1,18.90,18.90,true,1,
7290004064181,false,"תבלין מלח ההימלאיה גס בצנצנת 1 ק""ג","חברת מלח הארץ אילת בע""\מ",PK,מלח גס הימלאיה,קילוגרמים,1.00,"ק""ג",false,1,18.90,18.90,true,1,
7290004064303,false,מלח אטלנטי בצנצנת מלח הארץ 800 גרם,"חברת מלח הארץ אילת בע""\מ",IL,מלח אטלנטי,גרמים,800.00,100 גרם,false,1,19.90,2.49,true,1,
7290004064358,false,"מלח דק זורם בקלות מלח הארץ קרטון 1 ק""ג","חברת מלח הארץ אילת בע""\מ",IL,מלח דק,קילוגרמים,1.00,"ק""ג",false,1,5.50,5.50,true,1,
7290004064372,false,מטחנת מלח הארץ איטלקי אקסטרא תבלינים ספייסי,"חברת מלח הארץ בע""\מ",IL,מטחנת מלח איטלקי,גרמים,105.00,100 גרם,false,1,17.90,17.05,true,1,
7290004064389,false,מלח הימלאייה דק מלחייה 250 גרם,"חברת מלח הארץ אילת בע""\מ",IL,מלח הימלאיה דק,גרמים,250.00,100 גרם,false,1,11.90,4.76,true,1,
7290004068028,false,"ציזיקי יוגורט לשתיה גד 500 מ""ל",מיוצר על ידי קוד יצר,IL,ציזיקי לשתיה,מיליליטרים,500.00,"100 מ""ל",false,0,10.90,2.18,true,1,
7290004068035,false,"יוגורט לשתייה איירן 3% גד 500 מ""ל","מיוצר ע""י קוד יצרן M",IL,אירן משקה יוגורט,מיליליטרים,500.00,"100 מ""ל",false,0,9.80,1.96,true,1,
7290004068172,false,יוגורט עזים בדלי 5% שומן 600 ג' גד,קוד יצרן MKN,IL,יוגורט עזים בדלי,גרמים,600.00,100 גרם,false,0,19.60,3.27,true,1,
7290004078225,false,"שטיפת פה קולגייט פלקס מינט ירוק 500מ""ל",קולגייט- פלמוליב,PL,מי פה קולגייט,מיליליטרים,500.00,"100 מ""ל",false,0,33.90,6.78,true,1,
7290004078270,false,נוזל לניקוי כלים בריח לימון פלמוליב 1 ליטר,יבואן ומשווק: ש. שסט,GR,פלמוליב לכלים,ליטרים,1.00,ליטר,false,0,14.90,14.90,true,1,
7290004078942,false,ליידי ספיד סטיק - דאודורנט ג'ל לאישה 65 גרם,קולגייט-פלמוליב,US,דאודורנט,גרמים,65.00,100 גרם,false,0,17.90,27.54,true,1,
7290004121525,false,יופלה מאגדת פרי 4 תות 4 אפרסק 3% 8 יח'*150 ג',תנובה מרכז שיתופי לש,IL,יופלה 3% 8 יח',קילוגרמים,1.20,"ק""ג",false,0,33.90,28.25,true,1,
7290004122195,false,גוש חלב גבינה צהובה פרוסה 28% תנובה 200 גרם,תנובה חלב,IL,גבינה גוש חלב,גרמים,200.00,100 גרם,false,0,15.60,7.80,true,1,
7290004122607,false,גבינת עמק לייט 9% במשקל,תנובה מרכז שיתופי לש,IL,גבינת עמק לייט9%,קילוגרמים,0.00,"ק""ג",true,0,76.00,76.00,true,1,
7290004124205,false,יופלה דיאט יוגורט תות %0 גביע 150 גרם,תנובה מרכז שיתופי לש,IL,יופלה דיאט תות0%,גרמים,150.00,100 גרם,false,0,5.50,3.67,true,1,
7290004125400,false,"אשל שלי מהדרין 200 מ""ל 4.5% ""תנובה""- מוצר בפיקוח",פארייפאבה אגרואינדוס,IL,אשל 4.5% שומן,מיליליטרים,200.00,"100 מ""ל",false,0,1.69,0.85,true,1,
7290004125417,false,"גיל 3% שלי 200 מ""ל ""תנובה"" -מוצר בפיקוח",תנובה מרכז שיתופי לש,IL,גיל לבן 3%שומן,מיליליטרים,200.00,"100 מ""ל",false,0,1.51,0.76,true,1,
7290004125455,false,"שמנת חמוצה 200 מ""ל 15% ""תנובה"" -מוצר בפיקוח",תנובה מרכז שיתופי לש,IL,שמנת תנובה 15%,מיליליטרים,200.00,"100 מ""ל",false,0,2.40,1.20,true,1,
7290004125462,false,"שמנת חמוצה 15% תנובה 500 מ""ל מהדרין",תנובה מרכז שיתופי לש,IL,שמנת חמוצה 15%,מיליליטרים,500.00,"100 מ""ל",false,0,6.00,1.20,true,1,
7290004125509,false,"שמנת חמוצה 15% מועשרת תנובה 100 מ""ל",תנובה מרכז שיתופי לש,IL,שמנת חמוצה 15%,מיליליטרים,100.00,"100 מ""ל",false,0,1.80,1.80,true,1,
7290004125578,false,משקה סויה מעושר בסידן תנובה 1ל',תנובה מרכז שיתופי לש,IL,משקה סויה,ליטרים,1.00,ליטר,false,0,11.90,11.90,true,1,
7290004125721,false,"השף הלבן שמנת עמידה לבישול 15% תנובה 250 מ""ל",תנובה מרכז שיתופי לש,IL,שמנת לבישול15%,מיליליטרים,250.00,"100 מ""ל",false,0,8.70,3.48,true,1,
7290004125738,false,שמנת מתוקה להקצפה32% 250מל עמיד השף הלבן,תנובה מרכז שיתופי לש,IL,שמנת להקצפה32%,מיליליטרים,250.00,"100 מ""ל",false,0,7.30,2.92,true,1,
7290004125776,false,גבינה צהובה עמק 28% 400 גרם בקופסא,תנובה חלב,IL,גבינת עמק פרוס,גרמים,400.00,100 גרם,false,0,32.00,8.00,true,1,
7290004126650,false,גבינה צפתית 5% תנובה,תנובה מרכז שיתופי לש,IL,גבינה צפתית 5%,קילוגרמים,0.00,"ק""ג",true,0,60.00,60.00,true,1,
7290004126674,false,טל העמק פרוסות גבינה חצי קשה לייט %9 200 גרם בקופסא,תנובה מרכז שיתופי לש,IL,גבינה טל העמק,גרמים,200.00,100 גרם,false,0,19.80,9.90,true,1,
7290004127077,false,קוטג תנובה 3% גביע 250 גרם מהדרין,מיוצר עי קונדיטוריית,IL,קוטג' 3% שומן,גרמים,250.00,100 גרם,false,0,5.70,2.28,true,1,
7290004127329,false,קוטג תנובה גביע 250 גרם %5 ו.מהדרין,מיוצר עי קונדיטוריית,IL,קוטג' תנובה 5%,גרמים,250.00,100 גרם,false,0,5.70,2.28,true,1,
7290004127336,false,קוטג תנובה גביע 250 גרם %9 ו.מהדרין,מיוצר עי קונדיטוריית,IL,קוטג' תנובה 9%,גרמים,250.00,100 גרם,false,0,5.70,2.28,true,1,
7290004127800,false,"גבינה לבנה 500 גרם 5% ""תנובה"" -מוצר בפיקוח",מיוצר עי קונדיטוריית,IL,גבינה לבנה 5%,גרמים,500.00,100 גרם,false,0,9.96,1.99,true,1,
7290004127862,false,גבינה לבנה 5% שומן 750 ג' תנובה,תנובה מרכז שיתופי לש,IL,גבינה לבנה 5%,גרמים,750.00,100 גרם,false,0,14.94,1.99,true,1,
7290004129101,false,גבינת שמנת 25% בטעם טבעי 225 ג' נפוליאון,תנובה מרכז שיתופי לש,IL,גבינת נפוליאון,גרמים,225.00,100 גרם,false,0,12.90,5.73,true,1,
7290004129545,false,גבינה לבנה 3% 250 גרם ועדת מהדרין,מחלבת אלון תבור,IL,גבינה לבנה 3%,גרמים,250.00,100 גרם,false,0,5.10,2.04,true,1,
7290004129736,false,יוגורט במתיקות מעודנת 1.5% שומן 200 ג' יופלה,תנובה מרכז שיתופי לש,IL,יופלהלבן מעודן,גרמים,200.00,100 גרם,false,0,4.50,2.25,true,1,
7290004129767,false,"3% 'יופלה לבן מארז שמינייה 1.2 ק""ג",מחלבת אלון תבור,IL,יופלה לבן 3%,קילוגרמים,1.20,"ק""ג",false,0,19.20,16.00,true,1,
7290004130916,false,יוגורט יופלה פירות יער בשמנת 3% 150 גרם,תנובה מרכז שיתופי לש,IL,יופלה פירות יער,גרמים,150.00,100 גרם,false,0,5.50,3.67,true,1,
7290004131074,false,"חלב 1 ליטר 3% קרטון ""תנובה""- מוצר בפיקוח",תנובה מרכז שיתופי לש,IL,חלב בקרטון 3%,ליטרים,1.00,ליטר,false,0,6.23,6.23,true,1,
7290004132712,false,חטיף אצבעות גבינת מוצרלה 20% 172 ג' עמק,תנובה מרכז שיתופי לש,IL,אצבעות מוצרלה,גרמים,172.00,100 גרם,false,0,18.20,10.58,true,1,
7290004133511,false,יופלה מאגדת לבן 1.5% מעודן 8 יח' * 150 ג',מיוצר עי קונדיטוריית,IL,יופלה מעודן 8 יח,קילוגרמים,1.20,"ק""ג",false,0,21.90,18.25,true,1,
7290004136598,false,מארז הפסקת אוכל עם קורנפלקס ומשקה חלב עמיד בטעם וניל,פארייפאבה אגרואינדוס,IL,חלב עם דגנים,יחידה,1.00,יחידה,false,0,10.40,10.40,true,1,
7290004136857,false,מעדן גלי פטל תנובה 125 גרם,תנובה מרכז שיתופי לש,IL,מעדן ג'לי פטל,גרמים,125.00,100 גרם,false,0,2.90,2.32,true,1,
7290004137021,false,"שמנת עמידה לבישול מופחת שומן 10% השף הלבן 250 מ""ל",תנובה מרכז שיתופי לש,IL,שמנת לבישול10%,מיליליטרים,250.00,"100 מ""ל",false,0,8.30,3.32,true,1,
7290004137311,false,גבינה צהובה לייט 9% שומן 400 ג' עמק,תנובה חלב,IL,גבינת עמק 9%,גרמים,400.00,100 גרם,false,0,32.50,8.13,true,1,
7290004150112,false,חומוס מזרחי פיקנטי פרימיום 300 גרם שמיר,"סלטי שמיר 2006 בע""\מ",IL,חומוס מזרחי,גרמים,300.00,100 גרם,false,1,15.90,5.30,true,1,
7290004150129,false,טחינה פיקנטי פרימיום 300 גרם שמיר,"סלטי שמיר 2006 בע""\מ",IL,טחינה ביתית,גרמים,300.00,100 גרם,false,1,15.90,5.30,true,1,
7290004150136,false,חציל על האש פיקנטי פרימיום 300 גרם שמיר,"סלטי שמיר 2006 בע""\מ",IL,חציל על האש,גרמים,300.00,100 גרם,false,1,15.90,5.30,true,1,
7290004150143,false,חציל במיונז פיקנטי פרימיום 300 גרם שמיר,"סלטי שמיר 2006 בע""\מ",IL,חציל במיונז,גרמים,300.00,100 גרם,false,1,15.90,5.30,true,1,
7290004150150,false,חציל בטחינה פיקנטי פרימיום 300 גרם שמיר,"סלטי שמיר 2006 בע""\מ",IL,חציל בטחינה,גרמים,300.00,100 גרם,false,1,15.90,5.30,true,1,
7290004150174,false,קולוסלאו פיקנטי פרימיום 300 גרם,"סלטי שמיר 2006 בע""\מ",IL,סלט קולסלאו,גרמים,300.00,100 גרם,false,1,15.90,5.30,true,1,
7290004150204,false,מטבוחה פיקנטי פרימיום 300 גרם שמיר,"סלטי שמיר 2006 בע""\מ",IL,מטבוחה,גרמים,300.00,100 גרם,false,1,15.90,5.30,true,1,
7290004150211,false,תורכי איסטנבול 300 גרם פיקנטי פרימיום,"סלטי שמיר 2006 בע""\מ",IL,תורכי איסטנבול,גרמים,300.00,100 גרם,false,1,15.90,5.30,true,1,
7290004150235,false,חומוס עם חריף פיקנטי פרימיום 300 גרם שמיר,"סלטי שמיר 2006 בע""\מ",IL,חומוס עם חריף,גרמים,300.00,100 גרם,false,1,15.90,5.30,true,1,
7290004165017,false,"רסק תפו""ע 600 גרם טבעי ללא סוכר יכין","זנלכל בע""\מ",IL,"רסק תפו""ע ללת""ס",גרמים,560.00,100 גרם,false,0,8.90,1.59,true,1,
7290004170097,false,עוגת קרנץ' שוקולד 450גרם,גדרון,IL,עוגת קרנץ שוקולד,גרמים,450.00,100 גרם,false,1,29.90,6.64,true,1,
7290004170837,false,לחם אותנטי כפרי500ג אפוי,גידרון,IL,לחם אותנטי כפרי,גרמים,500.00,100 גרם,false,1,13.90,2.78,true,1,
7290004170844,false,לחם אותנטי שיפון אפוי500,גידרון,IL,לחם אותנטי שיפון,גרמים,500.00,100 גרם,false,1,13.90,2.78,true,1,
7290004170851,false,לחם אותנטי אפוי 500 גרם,גידרון,IL,לחם אותנטי,גרמים,500.00,100 גרם,false,1,13.90,2.78,true,1,
7290004170882,false,שליש באגט אותנטי,גדרון דגון,IL,שליש באגט אותנטי,גרמים,140.00,100 גרם,false,1,6.20,4.43,true,1,
7290004199203,false,קיסמי שיניים מבמבוק מלחיה 300 יחידות,הדקלאים אגודת שיתופי,CN,קיסמי שיניים,יחידה,1.00,יחידה,false,0,3.90,3.90,true,1,
7290004225285,false,גבינה בסגנון דנאבלו 100 ג',האי נאם סי או אל.טי.,DK,בסגנון דנאבלו,גרמים,100.00,100 גרם,false,0,12.90,12.90,true,1,
7290004229740,false,גבינה בסגנון פטה 8 ק,ממן מגירי,DK,סגנון פטה 21%,קילוגרמים,0.00,"ק""ג",true,1,39.00,39.00,true,1,
7290004230081,false,קציצות עוף ברוטב עגבניות שגב 800 גרם,"טיבון ויל אחזקות בע""\מ",IL,קציצות עוף ברוטב,גרמים,800.00,100 גרם,false,0,32.90,4.11,true,1,
7290004230104,false,קציצות בקר ברוטב עגבניות שגב,טיבון ויל אחזקות בעמ,IL,קציצות בקר ברוטב,גרמים,800.00,100 גרם,false,14,32.90,4.11,true,1,
7290004234218,false,ברווז טרי ארוז,"נטו מלינדה סחר בע""מ",IL,ברווז שלם,קילוגרמים,0.00,"ק""ג",true,0,49.90,49.90,true,1,
7290004256753,false,עלי לסיגר מרוקאי לפסטיליה 450 גרם,סטאר סנקס,IL,לפסטיליה עלי בצק,גרמים,450.00,100 גרם,false,1,14.90,3.31,true,1,
7290004323882,false,טחון הודו אדום מתובל,"טיבון ויל אחזקות בע""\מ",IL,טחון הודו אדום,גרמים,500.00,100 גרם,false,0,16.50,3.30,true,1,
7290004324605,false,גבינה מותכת למריחה בטעם רוקפור 7% מון בלאן 120 ג',האי נאם סי או אל.טי.,IL,גבינת מון בלאן7%,גרמים,120.00,100 גרם,false,0,12.90,10.75,true,1,
7290004324858,false,קבב כבש טיבון ויל 500 גרם,"טיבון ויל אחזקות בע""",IL,קבב בטעם כבש,גרמים,500.00,100 גרם,false,0,21.90,4.38,true,1,
7290004339944,false,סיגרים בימלוי סייטןאמרנט 400 גר,,IL,סיגרים,גרמים,400.00,100 גרם,false,1,30.90,7.73,true,1,
7290004339999,false,שניצלונים סטיין אמרנט 400 גר,טבע דלי,IL,סייטן אמרנט,גרמים,400.00,100 גרם,false,1,29.90,7.48,true,1,
7290004480332,false,גבינת גאודה30%משולש משקל,מחלבות גד,IL,גבינת גאודה,קילוגרמים,0.00,"ק""ג",true,1,117.00,117.00,true,1,
7290004480349,false,"משולש גבינת גאודה עיזים ""גד""",מחלבת אמלטי הולנד,IL,גאודה עיזים,קילוגרמים,0.00,"ק""ג",true,1,144.00,144.00,true,1,
7290004480363,false,גבינת קשקבל קשה במשק,מחלבות גד,IL,גבינת קשקבל,קילוגרמים,0.00,"ק""ג",true,1,144.00,144.00,true,1,
7290004494049,false,פומה סוביניון בלאן-דלתון 750 מל,"יקב דלתון בע""\מ",IL,דלתון סו.בלאן,מיליליטרים,750.00,"100 מ""ל",false,1,59.90,7.98,true,1,
7290004494131,false,יין דלתון קברנה סוביניון גליל,"יקב דלתון בע""\מ",IL,קברנה דלתון,מיליליטרים,750.00,"100 מ""ל",false,0,59.90,7.98,true,1,
7290004494148,false,"דלתון גליל מרלו 750 מ""ל","יקב דלתון בע""\מ",IL,מרלו דלתון,מיליליטרים,750.00,"100 מ""ל",false,0,59.90,7.98,true,1,
7290004504731,false,לחם רוסי קפוא 550גרם,גידרון,IL,לחם רוסי,יחידה,1.00,יחידה,false,1,11.50,11.50,true,1,
7290004504748,false,לחם בצל קפוא 550גרם,גידרון,IL,לחם בצל,יחידה,1.00,יחידה,false,1,11.50,11.50,true,1,
7290004504762,false,לחם קמח מלא קפוא 550 גרם,גידרון,IL,לחם קמח מלא,גרמים,550.00,100 גרם,false,1,11.50,2.09,true,1,
7290004584306,false,רבעיית גמדים בטעם תות בננה * 100 ג' שטראוס,מיוצר עי קונדיטוריית,IL,סופר גמדים 4 יח,גרמים,400.00,100 גרם,false,0,12.50,3.13,true,1,
7290004584351,false,גבינה לבנה סימפוניה עם תוספות 200 ג' חמישית 200,"שטראוס בריאות בע""\מ",IL,גבינת סימפוניה,גרמים,200.00,100 גרם,false,0,10.00,5.00,true,1,
7290004584528,false,יוגורט דנונה ביו לבן 1.7% שומן 200 גרם,מיוצר עי קונדיטוריית,IL,יוגורט ביו 1.7%,גרמים,200.00,100 גרם,false,0,3.90,1.95,true,1,
7290004585907,false,דני ועדן וניל 1.5% 125ג' שטראוס,מיוצר עי קונדיטוריית,IL,דני וניל 1.5%,גרמים,125.00,100 גרם,false,0,2.90,2.32,true,1,
7290004603175,false,מלח הים האדום גס מלח הארץ 500 גרם,"חברת מלח הארץ אילת בע""\מ",IL,מלח ים גס,גרמים,500.00,100 גרם,false,0,8.40,1.68,true,1,
7290004608637,false,שומן בקר טרי קג,שונות,IL,שומן בקר טרי,קילוגרמים,0.00,"ק""ג",true,0,29.60,29.60,true,1,
7290004645823,false,נסיכת הנילוס פרוס קג,רוזנרס,IL,נסיכת נילוס פרוס,קילוגרמים,0.00,"ק""ג",true,1,79.90,79.90,true,1,
7290004645830,false,טונה אלבקור פרוס רוז,רוזנרס,IL,טונה אלבקור פרוס,קילוגרמים,0.00,"ק""ג",true,1,59.90,59.90,true,1,
7290004652173,false,חמאה עלמה 200 גרם,"מלקפול, אלווטורסקה",PL,חמאה עלמה,גרמים,200.00,100 גרם,false,1,13.90,6.95,true,1,
7290004685010,false,לחם 100% שיפון פלוס לחם הארץ 500 גר',מאפית י את א ברמן בע,IL,לחם שיפון פלוס,גרמים,500.00,100 גרם,false,0,13.90,2.78,true,1,
7290004685027,false,לחם חיטה מלאה פלוס לחם הארץ 500 גרם,מאפית י את א ברמן בע,IL,לחם חיטה מלאה,גרמים,500.00,100 גרם,false,0,13.90,2.78,true,1,
7290004685089,false,לחם הארץ לחם חמניות 500 גר',מאפית י את א ברמן בע,IL,לחם חמניות,גרמים,500.00,100 גרם,false,0,13.90,2.78,true,1,
7290004685126,false,לחם הארץ חמישה דגנים750ג,מאפית י את א ברמן בע,IL,לחם הארץ 5 דגנים,גרמים,750.00,100 גרם,false,0,13.90,1.86,true,1,
7290004685157,false,לחם שיפון 100% הארץ 750 גר,מאפית י את א ברמן בע,IL,לחם שיפון פרוס,גרמים,750.00,100 גרם,false,0,13.90,1.86,true,1,
7290004685195,false,לחם 10 דגנים לחם הארץ 750 גרם,מאפית י את א ברמן בע,IL,לחם 10 דגנים,גרמים,750.00,100 גרם,false,0,13.90,1.86,true,1,
7290004685201,false,לחם הארץ שיפון אגוזים500,מאפית י את א ברמן בע,IL,לחם שיפון אגוזים,גרמים,500.00,100 גרם,false,0,13.90,2.78,true,1,
7290004685225,false,לחם שיפון פומפרניקל מקמח שיפון,מאפית י את א ברמן בע,IL,לחם פומפרניקל,גרמים,750.00,100 גרם,false,0,13.90,1.86,true,1,
7290004685430,false,לחם הארץ כוסמין 100% 500 גרם,מאפית י את א ברמן בע,IL,לחם הארץ כוסמין,גרמים,500.00,100 גרם,false,1,13.90,2.78,true,1,
7290004685447,false,לחמניות כוסמין 6 בשקית 450 גרם,מאפית ברמן מקבוצת י. את,IL,לחמניות כוסמין,גרמים,450.00,100 גרם,false,1,16.90,3.76,true,1,
7290004685454,false,לחם שיבולת שועל 500 גר',מאפית י את א ברמן בע,IL,לחם שיבולת שועל,גרמים,500.00,100 גרם,false,1,18.50,3.70,true,1,
7290004725600,false,גבינה סקנדינבית31% משקל,תנובה חלב,IL,גבינה סקנדינבית,קילוגרמים,0.00,"ק""ג",true,1,82.00,82.00,true,1,
7290004731083,false,"סבון נוזלי לידיים ג'נסינג ""כיף""",טרופיקל דגיל תעשיות,IL,אל סבון כיף,ליטרים,1.00,ליטר,false,0,10.90,10.90,true,1,
7290004731472,false,"שלישיית אלסבון צבעוני כיף 500 מ""ל",טרופיקל דגיל תעשיות,IL,אלסבון כיף 3 יח,ליטרים,1.50,ליטר,false,0,22.70,15.13,true,1,
7290004737719,false,אספרגוס שלם מקולף בצנצנת ויליפוד 330 גרם,קריות זול,CN,אספרגוס מקולף,גרמים,330.00,100 גרם,false,0,10.90,3.30,true,1,
7290004737900,false,חלב כחוש מרוכז וממותק בתוספת שמן צמחי ויליפוד 397 גרם,יו.איי.בי מאריג'אמפו,LT,חלב כחוש מרוכז,גרמים,397.00,100 גרם,false,0,10.90,2.75,true,1,
7290004846602,false,גולש עגל ארוז קפוא קג,"זהר בשר עופות ובשר בע""\מ",IL,גולש עגל ארוז קפ,קילוגרמים,0.00,"ק""ג",true,1,49.90,49.90,true,1,
7290004846923,false,קבב אסאדו 400 גרם קפ,"זהר בשר עופות ובשר בע""\מ",IL,קבב אסאדו,גרמים,400.00,100 גרם,false,1,31.90,7.98,true,1,
7290004859664,false,עוף שלם טרי ארוז,מילועוף,IL,עוף שלם טרי ארוז,קילוגרמים,0.00,"ק""ג",true,0,17.90,17.90,true,1,
7290004859671,false,חזה עוף טרי ארוז,מילועוף,IL,חזה עוף טרי,קילוגרמים,0.00,"ק""ג",true,0,34.90,34.90,true,1,
7290004859688,false,פטם כרעיים טרי ארוז,מילועוף,IL,כרעי עוף טרי,קילוגרמים,0.00,"ק""ג",true,0,29.90,29.90,true,1,
7290004859695,false,פטם ירכיים טרי ארוז,מילועוף,IL,ירכיים עוף טרי,קילוגרמים,0.00,"ק""ג",true,0,29.90,29.90,true,1,
7290004859701,false,שוקיים פטם טרי ארוז,מילועוף,IL,שוקיים עוף טרי,קילוגרמים,0.00,"ק""ג",true,0,34.90,34.90,true,1,
7290004859718,false,כנפי עוף טרי ארוז,מילועוף,IL,כנפיים עוף טרי,קילוגרמים,0.00,"ק""ג",true,0,12.90,12.90,true,1,
7290004859725,false,כבד עוף טרי ארוז,מילועוף,IL,כבד עוף ארוז,קילוגרמים,0.00,"ק""ג",true,0,21.90,21.90,true,1,
7290004859732,false,לבבות עוף טרי מילועו,מילועוף,IL,לב עוף טרי,קילוגרמים,0.00,"ק""ג",true,0,26.90,26.90,true,1,
7290004859749,false,קורקבן עוף טרי ארוז,מילועוף,IL,קורקבן עוף טרי,קילוגרמים,0.00,"ק""ג",true,0,11.90,11.90,true,1,
7290004859756,false,שניצל עוף טרי ארוז,מילועוף,IL,שניצל עוף טרי,קילוגרמים,0.00,"ק""ג",true,0,37.90,37.90,true,1,
7290004982355,false,צדר טריפל סיימן במשק,כושר דיירי,GB,גבינת צ'דר,קילוגרמים,0.00,"ק""ג",true,1,129.00,129.00,true,1,
7290004982393,false,גבינה ברס בלו במשקל1,בנוגראן,FR,גבינת ברס בלו,קילוגרמים,0.00,"ק""ג",true,0,198.00,198.00,true,1,
7290005008481,false,ספיד סטיק - דאודורנט ג'ל לגבר ספורט 85 גרם,הנסיך- מפעל לייצור ט,US,ספיד סטיק ג'ל,גרמים,85.00,100 גרם,false,0,18.90,22.24,true,1,
7290005068058,false,גרעיני תירס קל - תירס מזן מתוק מופחת קלוריות,"פרי הגליל בע""""מ",IL,תירס קל,גרמים,550.00,100 גרם,false,0,9.90,1.80,true,1,
7290005079290,false,נעם גבינה צהובה15% משקל,טרה,IL,גב.צהובה נעם15%,קילוגרמים,0.00,"ק""ג",true,1,70.00,70.00,true,1,
7290005079320,false,בולגרית גלילית 24% במשקל,משק צוריאל תבור,IL,גבינה בולגרית,קילוגרמים,0.00,"ק""ג",true,1,58.00,58.00,true,1,
7290005082962,false,פרצלס 80 גרם,גידרון,IL,פרצל,יחידה,1.00,יחידה,false,0,6.20,6.20,true,1,
7290005082979,false,חלת דגנים קלועה 560 גרם,"גידרון תעשיות בע""מ",IL,חלה דגנים קלועה,גרמים,560.00,100 גרם,false,0,14.80,2.64,true,1,
7290005084355,false,סנסודין משחת שיניים דואל קר פלואוריד 75,גלקסו סמית קליין,GB,משחת שיניים,מיליליטרים,75.00,"100 מ""ל",false,0,22.90,30.53,true,1,
7290005095061,false,נר נשמה בפחית 26 שעות,HQP,IL,נר נשמה 26שעות,יחידה,1.00,יחידה,false,1,2.50,2.50,true,1,
7290005095467,false,נרות שבת מס 4 180 גר,משווק על ידי HQP,CN,נרות שבת,יחידה,1.00,יחידה,false,1,4.70,4.70,true,1,
7290005095474,false,נרות שבת מס 6 180 גר,HQP,CN,נרות שבת,יחידה,1.00,יחידה,false,1,4.70,4.70,true,1,
7290005095481,false,נרות שבת 8 יחידות 8 יחיד,משווק על ידי HQP,CN,נרות שבת 8 יחידו,יחידה,1.00,יחידה,false,1,4.70,4.70,true,1,
7290005095498,false,נרות שבת 10 יחידות,משווק על ידי HQP,CN,נרות שבת,יחידה,1.00,יחידה,false,1,4.70,4.70,true,1,
7290005095801,false,רוטב עמבה עם פרי 500,,IL,עמבה,גרמים,500.00,100 גרם,false,0,17.50,3.50,true,1,
7290005095849,false,נרות שבת 12 יחידות,משווק על ידי HQP,CN,נרות שבת,יחידה,1.00,יחידה,false,1,4.70,4.70,true,1,
7290005095856,false,נרות שבת 16 יחידות,משווק על ידי HQP,CN,16 נרות שבת,יחידה,1.00,יחידה,false,1,4.70,4.70,true,1,
7290005095931,false,נרות שבת 20 יחידות,משווק על ידי HQP,CN,נרות שבת,יחידה,1.00,יחידה,false,1,4.70,4.70,true,1,
7290005111761,false,"מזון לכלבים בונזו מזון כלבים בשר 3 ק""ג","ביופט בע""מ",FR,בונזו בשר,קילוגרמים,3.00,"ק""ג",false,0,52.00,17.33,true,1,
7290005113222,false,זיתים קוקטייל וגמבה יבנה 350ג',קבוצת יבנה,IL,מיקס זיתים,גרמים,340.00,100 גרם,false,0,11.60,3.41,true,1,
7290005174513,false,חציל אחלה במיונז 500 ג' אחלה+ 33% תוספת,מיוצר עי קונדיטוריית,IL,סלט חציל מיונז,גרמים,500.00,100 גרם,false,0,17.90,3.58,true,1,
7290005174551,false,סלט חומוס עם צנוברים 125 ג' אחלה,מיוצר עי קונדיטוריית,IL,חומוס יום יום,גרמים,125.00,100 גרם,false,0,5.70,4.56,true,1,
7290005174568,false,סלט חצילים במיונז אחלה 125 גרם,"שטראוס גרופ בע""\מ",IL,חציל במיונז אחלה,גרמים,125.00,100 גרם,false,0,5.70,4.56,true,1,
7290005174575,false,טחינה אחלה יום יום משובחת 125ג',מיוצר עי קונדיטוריית,IL,טחינה יום יום,גרמים,125.00,100 גרם,false,0,5.70,4.56,true,1,
7290005199578,false,קפה פלטינום נטול קפאין עלית 200 גרם,שטראוס קפה בי.וי.,IL,קפה פלטינום נטול,גרמים,200.00,100 גרם,false,0,34.90,17.45,true,1,
7290005199738,false,גומי מאסט בטעם פפרמינט ריח פה נעים פליפטופ 28 ג' עלית,"שטראוס גרופ בע""מ",IL,מאסט מנטה מרעננת,גרמים,28.00,100 גרם,false,0,4.90,17.50,true,1,
7290005200786,false,תפוצ'יפס בטעם שמנת בצל עלית 50 גרם,"שטראוס פריטו ליי בע""\מ )",IL,תפוצ'יפס שמנת,גרמים,50.00,100 גרם,false,0,4.30,8.60,true,1,
7290005201882,false,קפה טורקי בצלופן עלית 200 גרם,הנסיך- מפעל לייצור ט,IL,קפה טורקי בצלופן,גרמים,200.00,100 גרם,false,0,14.90,7.45,true,1,
7290005287206,false,רביעיית טונה בשמן סטארקיסט 160 גרם,"סטארקיסט פודור בע""מ",VN,טונה סטארקיסט4יח,גרמים,640.00,100 גרם,false,0,25.90,4.05,true,1,
7290005287251,false,רביעיית טונה במים סטארקיסט 160 גרם,"סטארקיסט פודור בע""מ",VN,טונה סטארקיסט4יח,גרמים,640.00,100 גרם,false,0,25.90,4.05,true,1,
7290005326387,false,עגבניות מיובשות בשמן זית אוליביה 270 גרם,אוליביה,IL,עגבניות מיובשות,גרמים,270.00,100 גרם,false,0,19.90,7.37,true,1,
7290005358371,false,שריר מס' 8 מוכשר קפוא קג,פניסקור,XX,שריר מוכשר,קילוגרמים,0.00,"ק""ג",true,0,34.90,34.90,true,1,
7290005418709,false,"נטורל קרם לחות לקיבוע תלתלים גלי 400 מ""ל",מיוצר עי אמיליה קוסמ,IL,קרם לחות לתלתלים,מיליליטרים,400.00,"100 מ""ל",false,0,21.90,5.48,true,1,
7290005423253,false,"סנו - מקסימה מרסס למייבש כביסה אולטרה פרש 750 מ""ל","סנו מפעלי ברונוס בע""\מ",IL,מקסימה למייבש,מיליליטרים,750.00,"100 מ""ל",false,0,17.90,2.39,true,1,
7290005423635,false,ריצפז נוזל רצפות דוחה תיקנים סנו 2 ליטר,מיוצר עי קונדיטוריית,IL,ריצפז דוחה חרקים,ליטרים,2.00,ליטר,false,0,25.90,12.95,true,1,
7290005423833,false,פוליויקס נוזל לניקוי פרקט סנו 2 ליטר,"סנו מפעלי ברונוס בע""\מ",IL,פוליויקס פרקט,ליטרים,2.00,ליטר,false,0,24.90,12.45,true,1,
7290005424403,false,"אל סבון כיף אצות ים קטיפתי 1ליטר,",טרופיקל דגיל תעשיות,IL,אל סבון כיף,ליטרים,1.00,ליטר,false,0,10.90,10.90,true,1,
7290005424700,false,סנו - פורטה פלוס מרסס מסיר שומנים 1 ליטר,"סנו מפעלי ברונוס בע""\מ",IL,סנו פורטה פלוס,ליטרים,1.00,ליטר,false,1,19.90,19.90,true,1,
7290005424847,false,"מפיות סופט לבנות לשולחן (150 יח') ""סנו""",מיוצר עי קונדיטוריית,TR,מפיות דו שכבתי,יחידה,1.00,יחידה,false,0,8.50,8.50,true,1,
7290005424991,false,סנו פרש אוטומטיק בהתזה קצובה ניחוח בייבי פאודר,סנו מפעלי ברונוס בעמ,IL,סנו פרש בייבי,מיליליטרים,250.00,"100 מ""ל",false,1,16.90,6.76,true,1,
7290005425110,false,"חיטוי משטחים 99.9% מתז מחטא ומשמיד 750 מ""ל","סנו מפעלי ברונוס בע""\מ",IL,מחטא משטחים סנו,מיליליטרים,750.00,"100 מ""ל",false,1,16.90,2.25,true,1,
7290005425196,false,"מקסימה אבקת כביסה סנסיטיב סנו 2.5 ק""ג",מיוצר עי קונדיטוריית,IL,אבקת כביסה,קילוגרמים,2.50,"ק""ג",false,0,28.90,11.56,true,1,
7290005425646,false,קליר נוזל לניקוי חלונות רב תכליתי סנו 1 ליטר,"סנו מפעלי ברונוס בע""\מ",IL,סנוקליר 1 ליטר,ליטרים,1.00,ליטר,false,0,11.10,11.10,true,1,
7290005426568,false,"קרמה - קרם לחות לשיער רגיל 400 מ""ל",טרופיקל דגיל תעשיות,IL,קרם לחות קרמה,מיליליטרים,400.00,"100 מ""ל",false,0,20.80,5.20,true,1,
7290005426940,false,"סנו K-300 מדביר חרקים 475 מ""ל",טרופיקל דגיל תעשיות,IL,300-K פלוס,מיליליטרים,400.00,"100 מ""ל",false,0,20.90,5.23,true,1,
7290005427633,false,"כיף גל לשיער לשיער חזק במיוחד 1 ק""ג",קוסמופארם,IL,ג'ל כיף לשיער,קילוגרמים,1.00,"ק""ג",false,0,23.90,23.90,true,1,
7290005427787,false,"קרמה - קרם לחות לשיער מתולתל 400 מ""ל",טרופיקל דגיל תעשיות,IL,קרם לשיער קרמה,מיליליטרים,400.00,"100 מ""ל",false,0,20.80,5.20,true,1,
7290005430602,false,"סנו אוקסיג'ן ספריי להסרת כתמים עם חמצן פעיל 750 מ""ל","סנו מפעלי ברונוס בע""",IL,אוקסיג'ן מ.כתמים,מיליליטרים,750.00,"100 מ""ל",false,0,20.80,2.77,true,1,
7290005559587,false,מאפה נקניקיה בבצק מעדנות 800ג',מיוצר עי קונדיטוריית,IL,מאפה נקניקיות,גרמים,800.00,100 גרם,false,0,32.40,4.05,true,1,
7290005559907,false,פיצה משפחתית 100% גבינה מעדנות 500 גרם,מיוצר עי קונדיטוריית,IL,פיצה משפחתית,גרמים,500.00,100 גרם,false,0,15.90,3.18,true,1,
7290005559914,false,פיצה משפחתית עם 100% גבינה בתוספת זיתים מעדנות 550 גרם,מיוצר עי קונדיטוריית,IL,פיצה משפחתית,גרמים,550.00,100 גרם,false,0,15.90,2.89,true,1,
7290005559990,false,בצק פילאס תורכי מעדנות 600 גרם,מיוצר עי קונדיטוריית,IL,בצק פילאס תורכי,גרמים,600.00,100 גרם,false,0,25.90,4.32,true,1,
7290005590207,false,עוף שלם טרי ארוז שלי קג,עוף הגליל,IL,עוף שלם טרי,קילוגרמים,0.00,"ק""ג",true,1,17.90,17.90,true,1,
7290005590214,false,כרעיים עוף טרי ארוז שלי,עוף הגליל,IL,כרעיים עוף טרי,קילוגרמים,0.00,"ק""ג",true,1,29.90,29.90,true,1,
7290005590221,false,קוקטייל עוף ארוז שלי קג,עוף הגליל,IL,קוקטייל עוף טרי,קילוגרמים,0.00,"ק""ג",true,1,29.90,29.90,true,1,
7290005590245,false,ירכיים עוף טרי ארוז שלי,עוף הגליל,IL,ירכיים עוף טרי,קילוגרמים,0.00,"ק""ג",true,1,29.90,29.90,true,1,
7290005590252,false,שניצל עוף טרי ארוז שלי ק,עוף הגליל,IL,שניצל עוף טרי,קילוגרמים,0.00,"ק""ג",true,1,37.90,37.90,true,1,
7290005590276,false,לב עוף טרי ארוז שלי קג,עוף הגליל,IL,לב עוף טרי.,קילוגרמים,0.00,"ק""ג",true,1,26.90,26.90,true,1,
7290005590290,false,כנפיים עוף טרי ארוז שלי,עוף הגליל,IL,כנפיים עוף טרי,קילוגרמים,0.00,"ק""ג",true,1,12.90,12.90,true,1,
7290005590306,false,כבד עוף טרי ארוז שלי קג,עוף הגליל,IL,כבד עוף טרי,קילוגרמים,0.00,"ק""ג",true,1,21.90,21.90,true,1,
7290005590344,false,חזה דקדק טרי ארוז שלי,עוף הגליל,IL,חזה דק דק טרי,קילוגרמים,0.00,"ק""ג",true,1,44.90,44.90,true,1,
7290005610127,false,תפוח אדמה גורמה דוד משה,אראל תוצרת חקלאית בע,IL,"תפו""א גורמה לבן",קילוגרמים,0.00,"ק""ג",true,1,7.90,7.90,true,1,
7290005678073,false,פלפל צ'ילי זהבי יחידה,מושב לכיש,IL,פלפל צ'ילי זהבי,יחידה,1.00,יחידה,false,0,6.90,6.90,true,1,
7290005678585,false,ענב סקרלוטהללא חרצן ארוז,ביכורי השקמה,IL,ענבים סקרלוטה,קילוגרמים,0.00,"ק""ג",true,0,25.90,25.90,true,1,
7290005678790,false,פלפל מיקס חריף יחידה,קטיף.,IL,פלפל מיקס חריף,יחידה,1.00,יחידה,false,1,9.90,9.90,true,1,
7290005678868,false,פלפל חריף חלפיניו,קטיף.,IL,פלפל חריף חלפיני,גרמים,200.00,100 גרם,false,1,9.90,4.95,true,1,
7290005680052,false,טמפונים סופר פלוס אובה 32 יחידות,גונסון אנד גונסון,GR,טמפוני או-בה,יחידה,1.00,יחידה,false,0,25.90,25.90,true,1,
7290005686405,false,בננה צ'יפס בשקית ששון הקולה 200 גרם,"דין שיווק וקלייה בע""",IL,בננה ציפס,גרמים,200.00,100 גרם,false,0,10.00,5.00,true,1,
7290005718021,false,שטרודל גבינה,"גידרון תעשיות בע""מ",IL,שטרודל גבינה,יחידה,1.00,יחידה,false,0,30.90,30.90,true,1,
7290005838002,false,מעדן גבינה ויוגורט בטעם וניל 88 ג' דניאלה,"שטראוס בריאות בע""מ",IL,מעדן דניאלה,גרמים,88.00,100 גרם,false,0,4.30,4.89,true,1,
7290005838613,false,"סקי וניל בודד 125 גרם ""שטראוס""","שטראוס בריאות בע""\מ",IL,סקי מעדן גבינה,גרמים,125.00,100 גרם,false,0,3.90,3.12,true,1,
7290005838972,false,גבינת יום יום 5% שטראוס 125ג',מיוצר עי קונדיטוריית,IL,גבינת סקי,גרמים,125.00,100 גרם,false,0,3.50,2.80,true,1,
7290005839078,false,שמיניית יוגורט לבן 3% ביו דנונה 150 גרם,מיוצר עי קונדיטוריית,IL,דנונה ביו 8 יח,קילוגרמים,1.20,"ק""ג",false,0,18.50,15.42,true,1,
7290005839108,false,גבינה לבנה סימפוניה עם תוספות 200 ג'+זיתים 5%,"שטראוס בריאות בע""\מ",IL,גבינת סימפוניה,גרמים,200.00,100 גרם,false,0,10.00,5.00,true,1,
7290005839313,false,"מילקי טופ מגולגלת שטראוס 170 מ""ל",מיוצר עי קונדיטוריית,IL,מילקי טופ,מיליליטרים,170.00,"100 מ""ל",false,0,5.20,3.06,true,1,
7290005896439,false,"בירה מכבי, בקבוק חוזר 500 מ''ל","טמפו משקאות בע""מ",IL,בירה מכבי,מיליליטרים,500.00,"100 מ""ל",false,0,7.00,1.40,true,1,
7290005896453,false,"בירה מכבי 7.9%, בירה חזקה, בקבוק חוזר 500 מ''ל",טמפו משקאות בע''מ,IL,בירה מכבי 7.9%,מיליליטרים,500.00,"100 מ""ל",false,1,7.50,1.50,true,1,
7290005938245,false,ממרח פסטו קלאסי פרסקו 220ג' מצונן,מיוצר עי פרסקו חצבה,IL,פסטו קלאסי,גרמים,220.00,100 גרם,false,0,19.90,9.05,true,1,
7290005966088,false,"יין הר חרמון אדום יבש 750מ""ל",יקבי רמת הגולן קצרין,IL,יין אדום חרמון,מיליליטרים,750.00,"100 מ""ל",false,0,37.90,5.05,true,1,
7290005992018,false,"יוגורט עיזים לשתיה 3% מחלבות גד 500 מ""ל","מיוצר ע""\י קוד יצרן MKN",IL,יוגורט חלב עיזים,מיליליטרים,500.00,"100 מ""ל",false,0,14.00,2.80,true,1,
7290005992247,false,"גבינה חלומי גד ק""ג.",מחלבות גד,IL,חלומי גד,קילוגרמים,0.00,"ק""ג",true,0,99.00,99.00,true,1,
7290005992575,false,גבינה בולגרית למריחה 5% גד 250 גרם,מחלבות גד בעמ,IL,בולגרית למריחה,גרמים,250.00,100 גרם,false,0,19.50,7.80,true,1,
7290005992735,false,לאבנה טבעי 5 אחוז 250גרם גד,הנסיך- מפעל לייצור ט,IL,גבינת לאבנה גד5%,גרמים,250.00,100 גרם,false,0,13.90,5.56,true,1,
7290005992858,false,גבינת פטה עיזים במשק,יושלם,IL,פטה עיזים5% משקל,קילוגרמים,0.00,"ק""ג",true,0,144.00,144.00,true,1,
7290005992872,false,גב.צפתית במים 5% במשקל,מחלבות גד,IL,גבינה צפתית 5%,קילוגרמים,0.00,"ק""ג",true,0,73.00,73.00,true,1,
7290005992889,false,גב.שמנת שום שמיר 30%משקל,מחלבות גד,IL,גבינת שמנת שום,קילוגרמים,0.00,"ק""ג",true,0,57.00,57.00,true,1,
7290006199027,false,מאגדת גלידל וניל מצופה סורבה תות שדה [8],הגלידות של פלדמן,IL,שלגוני וניל מצופ,גרמים,600.00,100 גרם,false,0,34.90,5.82,true,1,
7290006199218,false,"שמיניית גלידל אייס מוקה ""פלדמן""",הגלידות של פלדמן,IL,גלידל קפוצ'ינו,גרמים,400.00,100 גרם,false,0,34.90,8.73,true,1,
7290006241535,false,"משקה מנגו קפוא פריגת 340 מ""ל",היינץ צפון אמריקה מק,IL,פריגת מנגו פרי,מיליליטרים,280.00,"100 מ""ל",false,0,14.90,5.32,true,1,
7290006251107,false,תה צ'אי מסאלה ויסוצקי 25 יחידות,מולינו ניקולי s.p.a,IL,תה צ'אי מסאלה,גרמים,50.00,100 גרם,false,0,19.90,39.80,true,1,
7290006251275,false,תה ירוק סיני קלאסי ויסוצקי 25 יחידות,תה ויסוצקי,IL,תה ירוק סיני,גרמים,37.00,100 גרם,false,0,26.90,72.70,true,1,
7290006251343,false,חליטת פסיפלורה מנגו הגן הקסום ויסוצקי 25 יחידות,תה ויסוצקי,IL,חליטת פסיפלורה,גרמים,62.00,100 גרם,false,0,19.90,32.10,true,1,
7290006251374,false,תה ירוק לימונית וג'ינג'ר ויסוצקי 25 יחידות,תה ויסוצקי,IL,תה ירוק לימונית,גרמים,37.00,100 גרם,false,0,26.90,72.70,true,1,
7290006251589,false,תה ירוק עם עלי נענע 50 שקיקים ויסוצקי,בית ויסוצקי,IL,תה ירוק נענע,גרמים,75.00,100 גרם,false,0,48.50,64.67,true,1,
7290006256089,false,"יין אדום קברנה סוביניון גאטו נגרו 750 מ""ל",פינקה לה סליה,AR,גאטו נגרו קברנה,מיליליטרים,750.00,"100 מ""ל",false,0,44.90,5.99,true,1,
7290006271174,false,ג'חנון לאפיה בתנור מעדנות 700 גרם,מיוצר עי קונדיטוריית,IL,ג'חנון בצק,גרמים,700.00,100 גרם,false,0,20.60,2.94,true,1,
7290006271181,false,ג'חנון אפוי למיקרוגל מעדנות 750 גרם,מיוצר עי קונדיטוריית,IL,ג'חנון אפוי,גרמים,750.00,100 גרם,false,0,28.70,3.83,true,1,
7290006271648,false,מיני בורקס תפוחי אדמה מעדנות 800 גרם,"מעדנות בע""\מ",IL,"מיני בורקס תפו""א",גרמים,800.00,100 גרם,false,1,26.40,3.30,true,1,
7290006271655,false,מיני בורקס גבינה מעדנות 800 גרם,מיוצר עי קונדיטוריית,IL,מיני בורקס גבינה,גרמים,800.00,100 גרם,false,1,28.90,3.61,true,1,
7290006272072,false,חטיפי פיצה גבינה מעדנות 650 גרם,"מעדנות בע""\מ",IL,חטיפי פיצה גבינה,גרמים,650.00,100 גרם,false,1,36.90,5.68,true,1,
7290006272430,false,בצק עלים חמאה מעדנות 600 גרם,מיוצר עי קונדיטוריית,IL,בצק עלים חמאה,גרמים,600.00,100 גרם,false,0,31.60,5.27,true,1,
7290006306319,false,רביולי במילוי בטטה 400 ג' פסטה נונה,דורום תעשיות מזון ופסטה,IL,רביולי בטטה,גרמים,400.00,100 גרם,false,0,28.40,7.10,true,1,
7290006374660,false,שמן זית כתית לתיבול קלאסי יד מרדכי 1 ליטר,מכוורת יד מרדכי שטראוס ב,IL,שמן זית 2 קלאסי,ליטרים,1.00,ליטר,false,0,44.90,44.90,true,1,
7290006374738,false,קונפיטורית תות 340 גר' יד מרדכי,אף.סי תבליני בגליל ב,IL,קונפיטורה תות,גרמים,340.00,100 גרם,false,0,15.80,4.65,true,1,
7290006390745,false,שבלול עם צימוקים קפוא,"גידרון תעשיות בע""מ",IL,שבלול עם צימוקים,יחידה,1.00,יחידה,false,0,5.10,5.10,true,1,
7290006391025,false,בייגלה ירושלמי קפוא,"גידרון תעשיות בע""מ",IL,ביגלה ירושלמי,יחידה,1.00,יחידה,false,0,6.20,6.20,true,1,
7290006448026,false,נפוליאון גבינת שמנת טבעי 25% 800 גרם,קריות זול,IL,גבינת נפוליאון,קילוגרמים,0.00,"ק""ג",true,1,49.00,49.00,true,1,
7290006459039,false,חלבה פ.יבשים ושקד במשקל,"עדן תעשיות חלבה בע""מ",IL,חלבה שקדים עדן,קילוגרמים,0.00,"ק""ג",true,0,50.00,50.00,true,1,
7290006459572,false,מרמלדה משקל,"עדן תעשיות חלבה בע""מ",IL,מרמלדה במשקל עדן,קילוגרמים,0.00,"ק""ג",true,0,47.00,47.00,true,1,
7290006464170,false,אוסובוקו עגל פרוס קפוא ק,לאטי עזרא,IL,אוסובוקו,קילוגרמים,0.00,"ק""ג",true,0,59.90,59.90,true,1,
7290006492432,false,גבינת מוצרלה בייבי 18% גד 150 גרם,מחלבות גד בעמ,IL,גבינה מוצרלה,גרמים,150.00,100 גרם,false,0,16.40,10.93,true,1,
7290006492616,false,גבינה בולגרית מעודנת פרוסות 5% גד 250 גרם,DSH עבור מחלבות גד ב,IL,גבינה בולגרית,גרמים,250.00,100 גרם,false,0,29.40,11.76,true,1,
7290006492685,false,גבינת לאבנה 5% מחלב עזים גד 250 גרם,מחלבות גד בעמ,IL,לאבנה עיזים גד,גרמים,250.00,100 גרם,false,0,20.30,8.12,true,1,
7290006492852,false,גבינת עיזים למריחה 5% שומן 250 ג' גד,גבינות מדף,IL,גבינת עיזים גד,גרמים,250.00,100 גרם,false,0,20.00,8.00,true,1,
7290006492913,false,גבינת לאבנה ציזיקי 5% מחלבות גד 250 גרם,מחלבות גד בעמ,IL,ציזיקי למריחה,גרמים,250.00,100 גרם,false,0,16.10,6.44,true,1,
7290006511157,false,פטריות שמפיניון שלמות ויליפוד,אוקצ'מפס אס.איי אויי,PL,פטריות שלמות,גרמים,400.00,100 גרם,false,0,9.90,2.48,true,1,
7290006567048,false,פתיתי קוסקוס ישראלי אסם 350 גרם,"מיוצר ע""י קוד יצרן K",IL,פתיתי קוסקוס,גרמים,350.00,100 גרם,false,0,9.40,2.69,true,1,
7290006618078,false,"מרסס לניקוי יסודי מטבח אסטוניש 750 מ""ל",יעקובי אסטוניש,GB,אסטוניש מרסס,מיליליטרים,750.00,"100 מ""ל",false,0,14.90,1.99,true,1,
7290006618085,false,"אסטוניש תרסיס ניקוי אמבטיה וכיורים יעקבי 750 מ""ל",יעקובי אסטוניש,GB,אסטוניש מרסס,מיליליטרים,750.00,"100 מ""ל",false,0,14.90,1.99,true,1,
7290006644480,false,תפוזינה תפוזים 0.5 ליטר,יפאורה שותפות מובגלת לשיווק,IL,תפוזינה תפוז,מיליליטרים,500.00,"100 מ""ל",false,0,5.90,1.18,true,1,
7290006644510,false,"מיץ ענבים 500 מ""ל תפוזינה",יפאורה שותפות מובגלת לשיווק,IL,תפוזינה ענבים,מיליליטרים,500.00,"100 מ""ל",false,0,5.90,1.18,true,1,
7290006644527,false,תפוזינה תות בננה 0.5 ליטר,יפאורה שותפות מובגלת לשיווק,IL,תפוזינה תות בננה,מיליליטרים,500.00,"100 מ""ל",false,0,5.90,1.18,true,1,
7290006652027,false,במבה חטיף בוטנים אסם 20*15 גרם,מיוצר עי קונדיטוריית,IL,במבה 20 יח',גרמים,300.00,100 גרם,false,0,25.90,8.63,true,1,
7290006653765,false,פרפקטו פסטה פטוצ'יני אסם 500 גרם,אסם פרפקטו Perfecto,IT,פטוציני פרפקטו,גרמים,500.00,100 גרם,false,0,7.00,1.40,true,1,
7290006653819,false,פתיתי קוסקוס דק 350 גרם,"מיוצר ע""י קוד יצרן K",IL,קוסקוס דק,גרמים,350.00,100 גרם,false,0,9.40,2.69,true,1,
7290006664037,false,גמדים דגנים ארוחת בוקר מארז 100X4ג',"שטראוס בריאות בע""\מ",IL,מארז גמדים 4 יח,גרמים,400.00,100 גרם,false,0,12.50,3.13,true,1,
7290006664051,false,"אקטימל לבן 1.51 ק""ג מארז 14 יחידות",מיוצר עי קונדיטוריית,IL,אקטימל מארז14יח',ליטרים,1.40,ליטר,false,0,32.60,23.29,true,1,
7290006664310,false,גבינה לבנה 3% שומן 250 ג' שטראוס,מיוצר עי קונדיטוריית,IL,גבינת סקי 3%,גרמים,250.00,100 גרם,false,0,5.10,2.04,true,1,
7290006664402,false,גבינה לבנה סקי 5% שומן 750 גרם,מיוצר עי קונדיטוריית,IL,גבינת סקי5%,גרמים,750.00,100 גרם,false,0,14.94,1.99,true,1,
7290006664532,false,יוגורט עם תות 3% שומן 150 ג' דנונה,מיוצר עי קונדיטוריית,IL,דנונה תות 3%,גרמים,150.00,100 גרם,false,0,4.10,2.73,true,1,
7290006664655,false,"אקטימל לבן טבעי מארז 100X8 מ""ל",מיוצר עי קונדיטוריית,IL,אקטימל לבן 8 יח,מיליליטרים,800.00,"100 מ""ל",false,0,19.90,2.49,true,1,
7290006664693,false,יוגורט עם אפרסק 3% שומן 150 ג' דנונה,מיוצר עי קונדיטוריית,IL,דנונה אפרסק %3,גרמים,150.00,100 גרם,false,0,4.10,2.73,true,1,
7290006664990,false,"יוגורט דנונה ביו לבן 1.7% שומן 8*150 מ""ל",מיוצר עי קונדיטוריית,IL,דנונה ביו 8 יח',קילוגרמים,1.20,"ק""ג",false,0,18.50,15.42,true,1,
7290006666307,false,חומוס אורגינל סלטי מ,סלטי משני,IL,סלט חומוס,גרמים,300.00,100 גרם,false,0,14.90,4.97,true,1,
7290006666314,false,סלט טחינה משומשום טהור,סלטי משני,IL,סלט טחינה משני,גרמים,300.00,100 גרם,false,0,14.90,4.97,true,1,
7290006666338,false,סלט טחינה ירוקה עם פטרוזיליה,סלטי משני,IL,סלט טחינה ירוקה,גרמים,300.00,100 גרם,false,0,16.90,5.63,true,1,
7290006666345,false,סלט חצילים במיונז על האש,סלטי משני,IL,סלט חציל במיונז,גרמים,300.00,100 גרם,false,0,23.90,7.97,true,1,
7290006666352,false,סלט חצילים על האש בטחינה,סלטי משני,IL,סלט חציל בטחינה,גרמים,300.00,100 גרם,false,0,21.90,7.30,true,1,
7290006666406,false,סלט חציל טבעי סלטי מ,סלטי משני,IL,סלט חציל טבעי,גרמים,300.00,100 גרם,false,0,23.90,7.97,true,1,
7290006666413,false,סלט כרוב שוודי 300 גרם,סלטי משני,IL,סלט כרוב שוודי,גרמים,300.00,100 גרם,false,0,16.90,5.63,true,1,
7290006666437,false,סלט טורקי סלטי משני,סלטי משני,IL,סלט טורקי,גרמים,300.00,100 גרם,false,0,19.90,6.63,true,1,
7290006666444,false,סלט עגבניות מטבוחה חריף,סלטי משני,IL,סלט מטבוחה,גרמים,300.00,100 גרם,false,0,23.90,7.97,true,1,
7290006666451,false,סלט עגבניות סלסה חריף,סלטי משני,IL,סלט סלסלה,גרמים,300.00,100 גרם,false,0,21.90,7.30,true,1,
7290006666529,false,סלט פלפלים מרוקאי חריף,סלטי משני,IL,סלט פלפל מרוקאי,גרמים,300.00,100 גרם,false,0,24.90,8.30,true,1,
7290006666826,false,סחוג ירוק סלט פלפלים,סלטי משני,IL,סחוג ירוק,גרמים,150.00,100 גרם,false,0,16.10,10.73,true,1,
7290006681003,false,גלידה תות לימון סורבה 1.33 ל' קרמיסימו,"גלידת שטראוס בע""\מ, רחוב",IL,קרמיסימו פרווה ת,ליטרים,1.33,ליטר,false,0,21.90,16.47,true,1,
7290006681577,false,מאגדת קרחון אסקימו לימון דובדובן 10 יח' שטראוס,"מיוצר ע""\י גלידת שטראוס",IL,מאגדת אסקימו,גרמים,700.00,100 גרם,false,0,19.50,2.79,true,1,
7290006739407,false,שניצל תירס לייט זוגלובק 600 גרם,נקניק נהריה כשר זוגל,IL,שניצל תירס,גרמים,630.00,100 גרם,false,0,30.90,4.90,true,1,
7290006739421,false,נקניק סלמי מעושן איטלקי זוגלובק 300 גרם,נקניק נהריה כשר זוגל,IL,סלמי מעושן,גרמים,300.00,100 גרם,false,0,32.70,10.90,true,1,
7290006739445,false,שניצל תירס קלאסי 750 ג' זוגלובק,נקניק נהריה כשר זוגל,IL,שניצל תירס,גרמים,750.00,100 גרם,false,0,28.70,3.83,true,1,
7290006739544,false,נקניק כתף בקר 3% 300 גרם,זוגלובק,IL,כתף בקר,גרמים,300.00,100 גרם,false,0,32.90,10.97,true,1,
7290006742278,false,פסטרמה הודו צלויה על לבנים 330 ג' זוגלובק,נקניק נהריה כשר זוגל,IL,פסטרמה צלויה,גרמים,330.00,100 גרם,false,0,29.90,9.06,true,1,
7290006742292,false,פסטרמה הודו בדבש 330 ג' זוגלובק,נקניק נהריה כשר זוגל,IL,פסטרמה בדבש,גרמים,330.00,100 גרם,false,0,29.90,9.06,true,1,
7290006742315,false,פסטרמה חזה הודו ברביקיו 2% זוגלובק 330 גרם,נקניק נהריה כשר זוגל,IL,חזה הודו ברביקיו,גרמים,330.00,100 גרם,false,0,29.90,9.06,true,1,
7290006764065,false,בירה נשר מאלט ללא אלכוהול 500 מל,"טמפו משקאות בע""\ם.",IL,בירה נשר מאלט,מיליליטרים,500.00,"100 מ""ל",false,0,5.50,1.10,true,1,
7290006764072,false,"בירה גולדסטאר בקבוק 500 מ""ל חוזר","טמפו משקאות בע""\מ",IL,בירה גולדסטאר,מיליליטרים,500.00,"100 מ""ל",false,0,7.70,1.54,true,1,
7290006764096,false,"בירה איגל 500 מ""ל 3.8% בקבוק חוזר","טמפו משקאות בע""\מ",IL,בירה איגל,מיליליטרים,500.00,"100 מ""ל",false,1,6.90,1.38,true,1,
7290006764157,false,"בירה גולדסטאר Unfiltered, בירה לא מסוננת, בקבוק חוזר 500 מ""ל",טמפו משקאות בע''מ,IL,בירה גולדסטאר,מיליליטרים,500.00,"100 מ""ל",false,1,7.90,1.58,true,1,
7290006764485,false,"בירה שחורה נשר מאלט שישייה ח""פ 330*6 מ''ל","טמפו משקאות בע""\ם.",IL,נשר מאלט 6 יח,ליטרים,1.98,ליטר,false,0,33.90,17.12,true,1,
7290006788399,false,"דאו רול און נושם סנסיטיב ירוק קרליין 75 מ""ל",אמיליה קוסמטיקס בעמ,IL,דאודורנט קרליין,מיליליטרים,75.00,"100 מ""ל",false,0,14.90,19.87,true,1,
7290006788405,false,"קרליין - נושם אקטיב דאודורנט רול און לאישה ברודו 75 מ""ל",מיוצר עי : אמיליה קוסמטי,IL,דאודורנט קרליין,מיליליטרים,75.00,"100 מ""ל",false,0,14.90,19.87,true,1,
7290006788443,false,"קרליין - נושם אוקסיג'ן דאודורנט רול און לאישה סגול 75 מ""ל","אמיליה קוסמטיקס בע""מ",IL,דאודורנט קרליין,מיליליטרים,75.00,"100 מ""ל",false,0,14.90,19.87,true,1,
7290006788481,false,"קרליין - נושם סאן רייס דאודורנט ספריי לאישה כתום 200 מ""ל",מיוצר עי : אמיליה קוסמטי,IL,דאודורנט קרליין,מיליליטרים,200.00,"100 מ""ל",false,0,13.90,6.95,true,1,
7290006822192,false,נקטר דיאט חמוציות אושן ספריי פריגת 1 ליטר,מבשלות בירה בינלאומיות ב,IL,אושן ספריי,ליטרים,1.00,ליטר,false,0,10.90,10.90,true,1,
7290006866363,false,מיץ סחוט אשכוליות אדומות פרימור 1 ליטר,"גניר (1992) בע""מ",IL,מיץ אשכולית סחוט,ליטרים,1.00,ליטר,false,0,17.20,17.20,true,1,
7290006891006,false,סלט חומוס במשקל,סלטי משני,IL,סלט חומוס,קילוגרמים,0.00,"ק""ג",true,0,35.00,35.00,true,1,
7290006891105,false,חציל במיונז במשקל,סלטי משני,IL,חציל במיונז,קילוגרמים,0.00,"ק""ג",true,0,51.00,51.00,true,1,
7290006891167,false,חציל טבעי במשקל,סלטי משני,IL,חציל טבעי,קילוגרמים,0.00,"ק""ג",true,0,68.00,68.00,true,1,
7290006891808,false,כרוב אדום שוודי,סלטי משני,IL,כרוב אדום,קילוגרמים,0.00,"ק""ג",true,0,40.00,40.00,true,1,
7290006891846,false,כרוב לבן עם גזר במשקל,סלטי משני,IL,כרוב לבן עם גזר,קילוגרמים,0.00,"ק""ג",true,0,45.00,45.00,true,1,
7290006892294,false,סלט עגבניות מבושל,סלטי משני,IL,סלט עגבניות,קילוגרמים,0.00,"ק""ג",true,0,53.00,53.00,true,1,
7290006892317,false,פלפל סיני במשקל,סלטי משני,IL,פלפל סיני,קילוגרמים,0.00,"ק""ג",true,0,45.00,45.00,true,1,
7290006892331,false,גזר חריף בלימון במשקל,סלטי משני,IL,גזר חריף בלימון,קילוגרמים,0.00,"ק""ג",true,0,63.00,63.00,true,1,
7290006892386,false,פלפל מרוקאי במשקל,סלטי משני,IL,פלפל מרוקאי,קילוגרמים,0.00,"ק""ג",true,0,63.00,63.00,true,1,
7290006920836,false,"תחליפי גבינ""צ מעושן פרוס 350 גר'",צי תעשיות מזון יבנה,IL,מעושן פרוס 350גר,גרמים,350.00,100 גרם,false,0,16.50,4.71,true,1,
7290006920843,false,"תחליפי גבינ""צ מוצרלה פרוס 350 גר'",צי תעשיות מזון יבנה,IL,בנוסח מוצרלה,גרמים,350.00,100 גרם,false,0,16.50,4.71,true,1,
7290006960979,false,כיסונים בשר אורלסקי,"מאמא מרי בע""\מ",IL,כיסונים בשר אורל,גרמים,800.00,100 גרם,false,1,25.90,3.24,true,1,
7290006960986,false,כיסונים בשר מיוחדים 800,"מאמא מרי בע""\מ",IL,כיסונים בשר מיוח,גרמים,800.00,100 גרם,false,1,25.90,3.24,true,1,
7290006960993,false,כיסונים בשר משפחתיים,"מאמא מרי בע""\מ",IL,כיסונים בשר משפח,גרמים,800.00,100 גרם,false,1,25.90,3.24,true,1,
7290006983176,false,אוסם - לחמית שיפון 250 גרם,"אסם השקעות בע""\מ",IL,לחמית שיפון אסם,גרמים,230.00,100 גרם,false,0,10.40,4.52,true,1,
7290006983206,false,פלאפל בקלי קלות- תערובת להכנת פלאפל,"אסם השקעות בע""\מ",IL,תערובת לפלאפל,גרמים,180.00,100 גרם,false,0,11.90,6.61,true,1,
7290006983763,false,עוגת הבית שוקולד אסם 400 גרם,מיוצר עי קונדיטוריית,IL,עוגת שוקולד,גרמים,400.00,100 גרם,false,0,14.10,3.53,true,1,
7290006983770,false,עוגת הבית שיש אסם 400 גרם,מיוצר עי קונדיטוריית,IL,עוגת שיש,גרמים,400.00,100 גרם,false,0,14.10,3.53,true,1,
7290006983787,false,עוגת הבית שוקולד צ'יפס אסם 400 גרם,מיוצר עי קונדיטוריית,IL,עוגת שוקוצ'יפס,גרמים,400.00,100 גרם,false,0,14.10,3.53,true,1,
7290006983794,false,עוגת הבית בטעם תפוז אסם 400 גרם,מיוצר עי קונדיטוריית,IL,עוגת תפוז,גרמים,400.00,100 גרם,false,0,14.10,3.53,true,1,
7290006992161,false,מטרנה - דייסת קורנפלור פרוביוטי 200 גרם,מולינו ניקולי s.p.a,IL,דייסת מטרנה,גרמים,200.00,100 גרם,false,0,16.80,8.40,true,1,
7290006992390,false,"מטרנה - דייסת וניל פרוביוטי כשל""פ 200 גרם",מולינו ניקולי s.p.a,IL,דייסת וניל מטרנה,גרמים,200.00,100 גרם,false,0,16.80,8.40,true,1,
7290008101356,false,קריספ פאנקו זהב 300 גרם מיימונס,א.ל ייצור ושיווק תבל,IL,פנקו זהוב קריספ,גרמים,300.00,100 גרם,false,1,10.90,3.63,true,1,
7290008102469,false,קריספ פירורי לחם זהוב 800 גרם מיימונס,מימונס,IL,פירורי לחם,גרמים,800.00,100 גרם,false,1,13.90,1.74,true,1,
7290008104050,false,"שטיפת אינטימית לקטופיל פמינה 220 מ""ל",כצט נוביס סעמ,IL,תחליב פמינה,מיליליטרים,220.00,"100 מ""ל",false,0,23.90,10.86,true,1,
7290008116541,false,"שטיפת פה ליסטרין קול מינט 500 מ""ל",ג'\ונסון אנד ג'\ונסון,IT,מי פה ליסטרין,מיליליטרים,500.00,"100 מ""ל",false,0,19.90,3.98,true,1,
7290008116565,false,ליסטרין שטיפת פה פרש 500 מל,ג'\ונסון אנד ג'\ונסון,IT,מי פה ליסטרין,מיליליטרים,500.00,"100 מ""ל",false,0,19.90,3.98,true,1,
7290008154222,false,שניצלונים עוף טוב 700 גרם,"מוצרי עוף טוב (2001) בע""",IL,שניצלונים 700ג,גרמים,700.00,100 גרם,false,0,21.90,3.13,true,1,
7290008175210,false,גבינת פרמזן מגורדת 90ג' ויליפוד,זנטי אס.איי.,IT,פרמזנו מגורדת,גרמים,90.00,100 גרם,false,0,18.20,20.22,true,1,
7290008175760,false,מנצגו חלב כבשים מעדניה שקיל,אלפסטור,ES,גבינת מנצ'גו,קילוגרמים,0.00,"ק""ג",true,0,109.00,109.00,true,1,
7290008175814,false,וילי פוד פטריות שמפניון חתיכות 400 גר`,"אוקצ'מפ אס, איי אויי",PL,פטריות חתוכות,גרמים,400.00,100 גרם,false,0,5.90,1.48,true,1,
7290008268349,false,תפוח פינק ארוז מובחר,בראשית,IL,תפוח פינק מובחר,קילוגרמים,0.00,"ק""ג",true,1,17.90,17.90,true,1,
7290008268455,false,קיווי ישראלי בראשית,בראשית,IL,קיווי במארז,יחידה,1.00,יחידה,false,1,17.90,17.90,true,1,
7290008340618,false,סלמון מעושן מצונן דלידג 100 ג',ויליגר תעשיות בעמ,IL,סלמון מעושן,גרמים,100.00,100 גרם,false,0,22.90,22.90,true,1,
7290008343466,false,בצק פילו 500 גרם שלושת האופים,שלושת האופים שגמור,IL,בצק פילו 500 גרם,גרמים,500.00,100 גרם,false,0,23.90,4.78,true,1,
7290008343558,false,"סיגרים בשר שלושת האופים 1 ק""ג","שלושת האופים בע""\מ",IL,סיגרים פיקנטי,קילוגרמים,1.00,"ק""ג",false,0,23.90,23.90,true,1,
7290008343565,false,"סיגרים תפו""א 1 ק""ג שלושת האופים","שלושת האופים בע""\מ",IL,"סיגרים תפו""א",קילוגרמים,1.00,"ק""ג",false,0,23.90,23.90,true,1,
7290008343602,false,"קובה בשר 1 ק""ג שלושת האופים","שלושת האופים בע""\מ",IL,קובה במילוי בשר,קילוגרמים,1.00,"ק""ג",false,0,23.90,23.90,true,1,
7290008343619,false,"פסטלים תפו""א שלושת האופים 1 ק""ג","שלושת האופים בע""\מ",IL,"פסטלים תפו""א",קילוגרמים,1.00,"ק""ג",false,0,23.90,23.90,true,1,
7290008343626,false,"כדורי פלאפל 1 ק""ג שלושת האופים","שלושת האופים בע""\מ",IL,פלאפל 1 ק'ג,גרמים,1000.00,100 גרם,false,0,23.90,2.39,true,1,
7290008344272,false,המבורגר 100% טיבון ויל 400 גרם,טיבון ויל אחזקות בעמ,IL,המבורגר בקר,גרמים,400.00,100 גרם,false,0,23.90,5.98,true,1,
7290008345132,false,הרינג כבוש דלידג 240 ג',כלורוקס אוקלנד,IL,הרינג כבוש,גרמים,240.00,100 גרם,false,0,27.90,11.63,true,1,
7290008345156,false,פילה מקרוסקה ואקום ד,נטו מלינדה סיימן,IL,פילה מקרוסקה,קילוגרמים,0.00,"ק""ג",true,0,129.00,129.00,true,1,
7290008345163,false,מקרל שלם מעושן דלידג,דלידג - נטו,IL,מקרל שלם,קילוגרמים,0.00,"ק""ג",true,0,115.00,115.00,true,1,
7290008345170,false,מקרל חצאים מעושן דלי,נטו מלינדה סיימן,IL,מקרל מעושן,קילוגרמים,0.00,"ק""ג",true,0,115.00,115.00,true,1,
7290008345576,false,סלט איקרה ביתית לבנה 300 גרם דלידג,כלורוקס אוקלנד,IL,איקרה ביתית לבנה,גרמים,300.00,100 גרם,false,0,21.90,7.30,true,1,
7290008345583,false,איקרה ביתית ורוד 300 גרם דלידג,כלורוקס אוקלנד,IL,איקרה ביתית,גרמים,300.00,100 גרם,false,0,21.90,7.30,true,1,
7290008403238,false,גבינת ברי צרפתית32% משקל,קואופורטיב איסיני סנט מר,FR,גבינת ברי,קילוגרמים,0.00,"ק""ג",true,1,136.00,136.00,true,1,
7290008403863,false,גבינת גאודה חצי קשה משקל,הנרי וויליך,NL,גבינת גאודה,קילוגרמים,0.00,"ק""ג",true,1,130.00,130.00,true,1,
7290008403870,false,גאודה עיזים הולנדית משקל,הנרי וויליך,NL,גאודה עיזים,קילוגרמים,0.00,"ק""ג",true,1,148.00,148.00,true,1,
7290008409049,false,שניצלונים בציפוי שומשום מיני מיני דק מאמא עוף 500 גרם,תנובה גליל שותפות מוגבלת,IL,שניצל מיני דק,גרמים,500.00,100 גרם,false,0,29.50,5.90,true,1,
7290008409100,false,אצבעות שניצל בציפוי שומשום מאמא עוף 700 גרם,תנובה גליל שותפות מוגבלת,IL,אצבעות שניצל,גרמים,700.00,100 גרם,false,0,37.90,5.41,true,1,
7290008409124,false,שניצל ג'ונגל פריך 700 ג' מאמא עוף,תנובה גליל שותפות מוגבלת,IL,שניצל ג'ונגל,גרמים,700.00,100 גרם,false,0,37.90,5.41,true,1,
7290008409216,false,שניצל דק דק פריך מאמא עוף 700 גרם,תנובה גליל,IL,שניצל דק דק פריך,גרמים,700.00,100 גרם,false,0,42.90,6.13,true,1,
7290008409223,false,שניצל דק דק מתובל מאמא עוף 700 גרם,תנובה גליל שותפות מוגבלת,IL,שניצל דק מתובל,גרמים,700.00,100 גרם,false,0,42.90,6.13,true,1,
7290008409315,false,שניצלונים בציפוי פריך מיני מיני דק מאמא עוף 500 גרם,תנובה גליל,IL,מיני דק שניצלוני,גרמים,500.00,100 גרם,false,0,29.50,5.90,true,1,
7290008409407,false,שניצל דק צ'יפס מאמא עוף 700 גרם,תנובה גליל שותפות מוגבלת,IL,שניצל דק צ'יפס,גרמים,700.00,100 גרם,false,0,42.90,6.13,true,1,
7290008409568,false,שניצל עוף אמיתי בציפוי שבבי ציפס 700 גר,תנובה גליל שותפות מוגבלת,IL,שניצל ציפס אמיתי,גרמים,700.00,100 גרם,false,0,44.50,6.36,true,1,
7290008409582,false,שניצל עוף אמיתי בציפוי ביתי מאמא עוף 700 גרם,תנובה גליל שותפות מוגבלת,IL,שניצל אמיתי ביתי,גרמים,700.00,100 גרם,false,0,44.50,6.36,true,1,
7290008409605,false,כוכבי עוף בציפוי מעודן מאמא עוף 700 גרם,תנובה גליל שותפות מוגבלת,IL,כוכבי עוף בציפוי,גרמים,700.00,100 גרם,false,0,37.90,5.41,true,1,
7290008409773,false,קציצות עוף אמיתיות מאמא עוף 700 גרם,תנובה גליל שותפות מוגבלת,IL,קציצות אמיתיות,גרמים,700.00,100 גרם,false,0,36.70,5.24,true,1,
7290008443616,false,"מרכך לשיער יבש אדום נקה 7 750 מ""ל","אמיליה קוסמטיקס בע""מ",IL,קונדישנר נקה 7,מיליליטרים,750.00,"100 מ""ל",false,0,12.50,1.67,true,1,
7290008461047,false,גב.ברי לה רוסטיק 31%משקל,נטו מלינדה סיימן,FR,גבינת ברי,קילוגרמים,0.00,"ק""ג",true,0,178.00,178.00,true,1,
7290008462310,false,גבינת סנט מור עיזים משקל,סואניון,FR,גבינת עיזים,קילוגרמים,0.00,"ק""ג",true,0,180.00,180.00,true,1,
7290008464222,false,"בירה מכבי 7.9%, בירה חזקה, פחית 500 מ""ל","טמפו משקאות בע""\מ",IL,בירה מכבי 7.9%,מיליליטרים,500.00,"100 מ""ל",false,1,9.00,1.80,true,1,
7290008464406,false,פפסי מקס – משקה מוגז דל קלוריות פחיות 300 מל' שישייה,"טמפו משקאות בע""מ",IL,פפסי מקס פחית,מיליליטרים,330.00,"100 מ""ל",false,0,6.90,2.09,true,1,
7290008464468,false,"בירה גולדסטאר, פחית 500 מ""ל","טמפו משקות בע""\מ",IL,בירה גולדסטאר,מיליליטרים,500.00,"100 מ""ל",false,0,9.30,1.86,true,1,
7290008464475,false,"בירה מכבי, פחית 500 מ""ל","טמפו משקאות בע""\מ",IL,בירה מכבי פחית,מיליליטרים,500.00,"100 מ""ל",false,0,8.50,1.70,true,1,
7290008464604,false,"בירה הייניקן פחית 500 מ""ל",טמפו משקאות בע''מ,NL,בירה היינקן פחית,מיליליטרים,500.00,"100 מ""ל",false,0,10.90,2.18,true,1,
7290008464611,false,"הסודה של טמפו, מי סודה בגיזוז חזק, 275 מל",טמפו משקאות בעמ,IL,הסודה של טמפו,מיליליטרים,275.00,"100 מ""ל",false,1,3.90,1.42,true,1,
7290008464697,false,"בירה מכבי 7.9%, בירה חזקה, מארז שישייה, בקבוק 330 מ""ל",טמפו,IL,בירה מכבי 6 יח,ליטרים,1.98,ליטר,false,0,32.90,16.61,true,1,
7290008464703,false,"שישיית בירה מכבי בקבוק 330 מ""ל",טמפו משקאות בע''מ,IL,בירה מכבי 6 בקב.,ליטרים,1.98,ליטר,false,0,32.90,16.61,true,1,
7290008464741,false,"בירה גולדסטאר, מארז שישייה, בקבוק 330 מ''ל","טמפו משקאות בע""\מ",IL,גולדסטאר 6 יח',ליטרים,1.98,ליטר,false,0,32.90,16.62,true,1,
7290008464796,false,"בירה היינקן, מארז שישייה, בקבוק 330 מ''ל",טמפו משקאות בע''מ,IL,בירה הייניקן 6יח,ליטרים,1.98,ליטר,false,0,39.90,20.15,true,1,
7290008469562,false,בשר מס' 5 מוכשר קפוא קג,שונות,XX,בשר מס' 5 מוכש,קילוגרמים,0.00,"ק""ג",true,0,69.90,69.90,true,1,
7290008469579,false,בשר מדומה 6 מוכשר בוני ק,לחוביץ,XX,בשר מס6' קפוא,קילוגרמים,0.00,"ק""ג",true,0,44.90,44.90,true,1,
7290008493413,false,פירורי לחם מאיר בייגל פירורי גריסיני 200 גרם,מאיר את ביגל,IL,פירורי גריסיני,גרמים,200.00,100 גרם,false,0,7.50,3.75,true,1,
7290008493710,false,פרורי גריסני זהב פירורי לחם מאיר בייגל 200 גרם,מאיר את ביגל,IL,פירורי גריסיני,גרמים,200.00,100 גרם,false,1,7.50,3.75,true,1,
7290008614078,false,בשר לחמין מוכשר קפוא קג,לחוביץ,IL,בשר חמין מוכשר,קילוגרמים,0.00,"ק""ג",true,0,24.90,24.90,true,1,
7290008614726,false,לשון בקר חלק קפוא,לחוביץ,IL,לשון קפוא,קילוגרמים,0.00,"ק""ג",true,0,39.90,39.90,true,1,
7290008639095,false,פחזניות וניל -פרווה/חלבי 280 גרם,קפולסקי שיווק וקמעונ,IL,פחזניות,גרמים,280.00,100 גרם,false,0,30.90,11.04,true,1,
7290008644112,false,סלט מטבוחה יום יום אחלה 125 גרם,"שטראוס גרופ בע""\מ",IL,מטבוחה יום יום,גרמים,125.00,100 גרם,false,0,5.70,4.56,true,1,
7290008644235,false,עלי בייבי שטראוס 120 גרם,שטראוס בריאות ירקות טריי,IL,עלי בייבי,גרמים,120.00,100 גרם,false,0,11.50,9.58,true,1,
7290008645935,false,חומוס לניגוב אחלה 750 ג',"שטראוס גרופ בע""\מ",IL,חומוס אחלה,גרמים,750.00,100 גרם,false,0,9.80,1.31,true,1,
7290008670012,false,"יין אדום קברנה סוביניון רקנאטי 750 מ""ל",תות ממתקי איכות,IL,קברנה סוביניון,מיליליטרים,750.00,"100 מ""ל",false,0,54.90,7.32,true,1,
7290008670029,false,"יין אדום מרלו רקנאטי 750 מ""ל",תות ממתקי איכות,IL,יין רקנאטי מרלו,מיליליטרים,750.00,"100 מ""ל",false,0,54.90,7.32,true,1,
7290008670210,false,"יין אדום שירז רקנאטי אחים שקד 750 מ""ל",תות ממתקי איכות,IL,רקנאטי שיראז,מיליליטרים,750.00,"100 מ""ל",false,0,54.90,7.32,true,1,
7290008679428,false,כפפות הנדי לבית ולמטבח בינוני,קריות זול,TW,זוג כפפות בית,יחידה,1.00,יחידה,false,0,6.70,6.70,true,1,
7290008690713,false,נקטר חמוציות אושן ספריי פריגת 1 ליטר,מבשלות בירה בינלאומיות ב,IL,אושן ספריי,ליטרים,1.00,ליטר,false,0,10.90,10.90,true,1,
7290008693134,false,מעדן גבינה ויוגורט בטעם תות 5% שומן 88 ג' דניאלה,"שטראוס בריאות בע""מ",IL,דניאלה תות מוקצף,גרמים,88.00,100 גרם,false,0,4.30,4.89,true,1,
7290008713900,false,לחם שיפון עגול פרוס אנג'ל 750 גרם,מאפיית אנג'\ל אורנים מאפ,IL,לחם שיפון עגול,גרמים,750.00,100 גרם,false,0,14.90,1.99,true,1,
7290008713917,false,לחם שיפון כהה פרוס מאפיית אחדות 750 גרם,מאפיית שלמה א. אנג'\ל בע,IL,לחם שיפון כהה,גרמים,750.00,100 גרם,false,0,14.90,1.99,true,1,
7290008745239,false,תפוצ'יפס קראנצ' בטעם טבעי עלית 50 גרם,"שטראוס פריטו ליי בע""\מ )",IL,תפוצ'יפס קראנצ',גרמים,50.00,100 גרם,false,0,4.30,8.60,true,1,
7290008747547,false,תפוצ'יפס קראנץ' בטעם טבעי עלית 200 גרם,"שטראוס פריטו ליי בע""\מ )",IL,תפוצ'יפס קראנצ',גרמים,200.00,100 גרם,false,0,12.00,6.00,true,1,
7290008750264,false,"מסטיק מאסט ציקלס דובדבן 28 גרם לל""ס מגדים","שטראוס גרופ בע""מ",IL,מסטיק מאסט,גרמים,28.00,100 גרם,false,0,4.90,17.50,true,1,
7290008753111,false,תפוצ'יפס קראנץ' בטעם מקסיקני עלית 50 גרם,"שטראוס פריטו ליי בע""\מ )",IL,תפוצ'יפס קראנצ',גרמים,50.00,100 גרם,false,0,4.30,8.60,true,1,
7290008757027,false,"שוופס טוניק 250 מ""ל זכוכית",יפאורה שותפות מובגלת לשיווק,IL,שוופס טוניק,מיליליטרים,250.00,"100 מ""ל",false,0,8.30,3.32,true,1,
7290008757034,false,"שוופס סודה זכוכית 250 מ""ל",יפאורה שותפות מובגלת לשיווק,IL,מי סודה,מיליליטרים,250.00,"100 מ""ל",false,0,4.30,1.72,true,1,
7290008757980,false,קרטונית ספרינג נקטר רימונים 1 ליטר,יפאורה שותפות מובגלת לשיווק,IL,נקטר רימונים,ליטרים,1.00,ליטר,false,0,7.60,7.60,true,1,
7290008775816,false,ערגליות עוגיות במילוי שוקולד אסם 300 גרם,מיוצר עי קונדיטוריית,IL,ערגליות שוקו,גרמים,300.00,100 גרם,false,0,12.10,4.03,true,1,
7290008775823,false,ערגליות עוגיות תות שדה אסם 300 גרם,מיוצר עי קונדיטוריית,IL,ערגליות תות,גרמים,300.00,100 גרם,false,0,12.10,4.03,true,1,
7290008801119,false,"יין סוביניון בלאן סלקטד כרמל 750 מ""ל",אגודת הכורמים הקואופרטיב,IL,סובניון בלאן,מיליליטרים,750.00,"100 מ""ל",false,0,29.90,3.99,true,1,
7290008801157,false,"יין מרלו סלקטד כרמל כרמל 750 מ""ל",כרמל מזרחי,IL,מרלו סלקטד,מיליליטרים,750.00,"100 מ""ל",false,0,29.90,3.99,true,1,
7290008801522,false,יין קינג דויד קונקורד אדום מתוק 750 מל,אגודת הכורמים הקואופרטיב,IL,יין קונקורד,מיליליטרים,750.00,"100 מ""ל",false,0,23.90,3.19,true,1,
7290008801546,false,יין מוסקט מתוק קינג דיוויד יקבי כרמל,אגודת הכורמים הקואופרטיב,IL,מוסקט קינג דיווד,מיליליטרים,750.00,"100 מ""ל",false,0,23.90,3.19,true,1,
7290008801843,false,"יין קברנה סוביניון סלקטד כרמל 750 מ""ל","כד בני דרום בע""מ",IL,קברנה סוביניון,מיליליטרים,750.00,"100 מ""ל",false,0,29.90,3.99,true,1,
7290008801850,false,סלקטד אמרלד ריזלינג לבן חצי יבש 750 מל,אגודת הכורמים הקואופרטיב,IL,אמרלד ריזלינג,מיליליטרים,750.00,"100 מ""ל",false,0,29.90,3.99,true,1,
7290008802291,false,יין מרלו פרייבט קולקשן יקבי כרמל,אגודת הכורמים הקואופרטיב,IL,מרלו P.C,מיליליטרים,750.00,"100 מ""ל",false,0,36.90,4.92,true,1,
7290008802512,false,"יין וינו אדום ""כרמל מזרחי""","כד בני דרום בע""מ",IL,יין אדום יבש,מיליליטרים,750.00,"100 מ""ל",false,0,19.90,2.65,true,1,
7290008802529,false,"יין לבן חצי יבש וינו 750 מ""ל",כרמל מזרחי,IL,יין לבן יבש וינו,מיליליטרים,750.00,"100 מ""ל",false,0,19.90,2.65,true,1,
7290008802895,false,יין קברנה סוביניון פרייבט קולקשן יקבי כרמל,אגודת הכורמים הקאופורטיב,IL,קברנה סוביניון,מיליליטרים,750.00,"100 מ""ל",false,0,36.90,4.92,true,1,
7290008804332,false,יין שיראז פרייבט קולקשן יקבי כרמל,אגודת הכורמים הקואופרטיב,IL,שיראז אדום יבש,מיליליטרים,750.00,"100 מ""ל",false,0,36.90,4.92,true,1,
7290008805049,false,יין רוזה חצי יבש סלקטד 2016 750 מל,"כד בני דרום בע""מ",IL,רוזה סלקטד,מיליליטרים,750.00,"100 מ""ל",false,0,29.90,3.99,true,1,
7290008805520,false,"יין קברנה/סוביניון סלקטד כרמל 750 מ""ל","כד בני דרום בע""מ",IL,קברנה מרלו סלקטד,מיליליטרים,750.00,"100 מ""ל",false,0,29.90,3.99,true,1,
7290008846219,false,"שמן זית כתית מעולה חלוצה 750 מ""ל",האי נאם סי או אל.טי.,IL,שמן זית כתית,מיליליטרים,750.00,"100 מ""ל",false,0,43.90,5.85,true,1,
7290008909884,false,"קוקה קולה זירו 350 מ""ל בקבוק זכוכית",החברה המרכזית לייצור משק,IL,קולה זירו בקבוק,מיליליטרים,350.00,"100 מ""ל",false,1,7.50,2.14,true,1,
7290008975780,false,"מזון לכלבים בונזו מזון כלבים גזע קטן 3 ק""ג","ביופט בע""מ",FR,בונזו גזע קטן,קילוגרמים,3.00,"ק""ג",false,0,52.00,17.33,true,1,
7290008981279,false,זעתר עם שומשום נחלה100גר,תבליני אל נח'לה,IL,זעתר עם שומשום,גרמים,100.00,100 גרם,false,0,13.50,13.50,true,1,
7290009011043,true,פילה אמנון טרי שופרסל קג,דגת הארץ,IL,פילה אמנון טרי,קילוגרמים,0.00,"ק""ג",true,1,89.90,89.90,true,1,
7290009011050,true,פילה בורי טרי שופרסל לקג,דגת הארץ,IL,פילה בורי טרי,קילוגרמים,0.00,"ק""ג",true,1,97.90,97.90,true,1,
7290009011111,true,דניס שלם טרי שופרסל לקג,דגת הארץ,IL,דניס שלם טרי,קילוגרמים,0.00,"ק""ג",true,1,84.90,84.90,true,1,
7290009011128,true,פילה סלמון טרי שופרסל לק,דגת הארץ,IL,נתחי סלמון טרי ש,קילוגרמים,0.00,"ק""ג",true,1,119.90,119.90,true,1,
7290009011142,true,דגקרפיון פרוס טרי שופר,דגת הארץ,IL,קרפיון פרוס טרי,קילוגרמים,0.00,"ק""ג",true,1,49.90,49.90,true,1,
7290009011159,true,אמנון שלם טרי שופרסל לקג,דגת הארץ,IL,אמנון שלם טרי,קילוגרמים,0.00,"ק""ג",true,1,49.90,49.90,true,1,
7290009011418,true,פרגיות פרימיום שופרסל לק,תנובה,IL,פרגיות פרימיום,קילוגרמים,0.00,"ק""ג",true,1,69.90,69.90,true,1,
7290009013023,true,פילה דג דניס טרי,דגת הארץ,IL,פילה דניס טרי,קילוגרמים,0.00,"ק""ג",true,1,124.90,124.90,true,1,
7290009017038,true,נקניק סלמי צרפתי שופרסל,מעדני יחיעם,IL,סלמי צרפתי,קילוגרמים,0.00,"ק""ג",true,1,130.00,130.00,true,1,
7290009017045,true,כתף בקר מפולפל שופרסל,מעדני יחיעם,IL,כתף בקר מפולפל,קילוגרמים,0.00,"ק""ג",true,1,109.00,109.00,true,1,
7290009017052,true,איטלקי מפולפל שופרסל,מעדני יחיעם,IL,איטלקי מפולפל,קילוגרמים,0.00,"ק""ג",true,1,66.00,66.00,true,1,
7290009017069,true,נקניק סרוולד שופרסל קג,מעדני יחיעם,IL,סלמי סרוולד,קילוגרמים,0.00,"ק""ג",true,1,130.00,130.00,true,1,
7290009017076,true,נקניק סלמי תה שופרסל קג,מעדני יחיעם,IL,סלמי תה,קילוגרמים,0.00,"ק""ג",true,1,49.00,49.00,true,1,
7290009067767,true,בשר טרי לבשר טחון חלק קג,,IL,בשר טחון טרי,קילוגרמים,0.00,"ק""ג",true,1,39.90,39.90,true,1,
7290009118704,true,פילה נסיכת נילוס קפוא,פסקוביץ,IL,פילה נסיכת נילוס,קילוגרמים,0.00,"ק""ג",true,1,54.90,54.90,true,1,
7290009119695,true,נתחי נסיכת הנילוס קפוא,פסקוביץ,IL,נתחי נסיכת הנילו,קילוגרמים,0.00,"ק""ג",true,0,79.90,79.90,true,1,
7290009137408,true,מיקס דונאטס 4 יח,סטוקסון,PL,מיקס דונאטס 4 יח,יחידה,1.00,יחידה,false,1,16.90,16.90,true,1,
7290009137415,true,מיקס דונאטס 6 יח,סטוקסון,PL,מיקס דונאטס 6 יח,יחידה,1.00,יחידה,false,1,23.90,23.90,true,1,
7290009137668,true,גאודה עזים ישון שנה משקל,הנרי ויליך,NL,גאודה עיזים,קילוגרמים,0.00,"ק""ג",true,1,108.00,108.00,true,1,
7290009137705,true,סופגניה מיני ללא ריבה4י,גידרון,IL,סופגניה מיני 4יח,יחידה,1.00,יחידה,false,1,15.60,15.60,true,1,
7290009137712,true,סופגניה מיני ללא ריבה 8י,גידרון,IL,סופגניה מיני 8יח,יחידה,1.00,יחידה,false,1,31.20,31.20,true,1,
7290009144772,true,בשר טחון טרי יבוא קג,,IL,בשר טחון טרי,קילוגרמים,0.00,"ק""ג",true,1,49.90,49.90,true,1,
7290009391282,true,פילהאמנון7-9ע.עור100%דג,הויזונג ביילו גוושי,CN,פילה אמנון קפוא,קילוגרמים,0.00,"ק""ג",true,0,29.90,29.90,true,1,
7290009391619,true,כרעיים עוף טרי פרמיום קג,מילועוף,IL,כרעיים עוף טרי,קילוגרמים,0.00,"ק""ג",true,1,34.90,34.90,true,1,
7290009391633,true,פרגיות טרי פרימיום שופרס,מילועוף,IL,פרגיות פרמיום טר,קילוגרמים,0.00,"ק""ג",true,1,69.90,69.90,true,1,
7290009391640,true,כנפיים עוף פרמיום שופרסל,מילועוף,IL,כנפיים פרמיום טר,קילוגרמים,0.00,"ק""ג",true,1,14.90,14.90,true,1,
7290009391657,true,שניצל עוף דק פרימיום שופ,מילועוף,IL,שניצל דק פרמיום,קילוגרמים,0.00,"ק""ג",true,1,44.90,44.90,true,1,
7290009391688,true,חזה עוף טרי פרמיום שופרס,מילועוף,IL,חזה פרמיום טרי,קילוגרמים,0.00,"ק""ג",true,1,39.90,39.90,true,1,
7290009391695,true,כתף בקר מעושן קג,מעדני יחיעם,IL,כתף בקר מעושן קג,קילוגרמים,0.00,"ק""ג",true,1,109.00,109.00,true,1,
7290009391701,true,סלמי קוניאק קג,מעדני יחיעם,IL,סלמי קוניאק קג,קילוגרמים,0.00,"ק""ג",true,1,66.00,66.00,true,1,
7290009391718,true,רוסט ביף קג,מעדני יחיעם,IL,רוסט ביף קג,קילוגרמים,0.00,"ק""ג",true,1,119.00,119.00,true,1,
7290009391954,true,המבורגר בלאק אנגוס טרי,,US,המבורגר בלאק טרי,קילוגרמים,0.00,"ק""ג",true,0,59.90,59.90,true,1,
7290009392012,true,פילה לברק טרי ארוז קג,דגת הארץ,IL,פילה לברק טרי,קילוגרמים,0.00,"ק""ג",true,0,139.90,139.90,true,1,
7290009392050,true,פילה אמנון ללא עור קפוא,,CN,פילה אמנון ללא ע,קילוגרמים,0.00,"ק""ג",true,0,39.90,39.90,true,1,
7290009392685,true,אנטריקוט טרי מוכשר יבוא,,XX,אנטריקוט טרי,קילוגרמים,0.00,"ק""ג",true,0,129.90,129.90,true,1,
7290009392692,true,צלעות טרי מוכשר יבוא קג,,XX,צלעות טרי,קילוגרמים,0.00,"ק""ג",true,0,69.90,69.90,true,1,
7290009392807,true,סינטה טרי מוכשר יבוא קג,,XX,סינטה טרי,קילוגרמים,0.00,"ק""ג",true,1,129.90,129.90,true,1,
7290009393088,true,כתף טרי מוכשר אנגוס קג,,AR,כתף טרי אנגוס,קילוגרמים,0.00,"ק""ג",true,0,84.90,84.90,true,1,
7290009393125,true,אנטריקוט טרי מוכשר אנגוס,,AR,אנטריקוט טרי אנג,קילוגרמים,0.00,"ק""ג",true,0,169.90,169.90,true,1,
7290009393163,true,פילה מדומה טרי מוכשר אנג,,AR,פילה מדומה טרי,קילוגרמים,0.00,"ק""ג",true,0,84.90,84.90,true,1,
7290009393255,true,צלי כתף טרי מוכשר אנגוס,,AR,צלי כתף טרי אנג,קילוגרמים,0.00,"ק""ג",true,1,99.90,99.90,true,1,
7290009393262,true,צלעות טרי חלק אנגוס קג,,AR,צלעות טרי אנגוס,קילוגרמים,0.00,"ק""ג",true,1,79.90,79.90,true,1,
7290009393293,true,שריר טרי מוכשר אנגוס קג,,AR,שריר טרי אנגוס,קילוגרמים,0.00,"ק""ג",true,1,69.90,69.90,true,1,
7290009394092,true,סטייק דנוור טרי מוכשר קג,,IL,סטייק דנוור טרי,קילוגרמים,0.00,"ק""ג",true,0,119.90,119.90,true,1,
7290009396867,true,מארז לחמניית ביס 8יח,גידרון,IL,מארז לחמניית ביס,יחידה,1.00,יחידה,false,0,11.90,11.90,true,1,
7290009397642,true,חמישית מאפין שוקו 200גרם,גידרון,IL,חמישיית מאפין,גרמים,5.00,100 גרם,false,0,11.90,238.00,true,1,
7290009397697,true,מאפין שוק.צ'יפס 5י גדרון,גידרון,IL,חמישיית מאפין,גרמים,5.00,100 גרם,false,0,11.90,238.00,true,1,
7290009398021,true,לחמניית ביס באגט,גידרון,IL,לחמניית ביס באגט,יחידה,1.00,יחידה,false,0,1.90,1.90,true,1,
7290009398281,true,מארז פיתות אסלית100*10ג,מאפיית אנג'ל,IL,פיתות 10 יח,גרמים,1000.00,100 גרם,false,0,14.90,1.49,true,1,
7290009398687,true,דונטס מטוגן,גידרון,IL,דונאט,יחידה,1.00,יחידה,false,0,7.50,7.50,true,1,
7290009398847,true,לחמניית חלה מתוקה,גידרון,IL,לחמניית חלה מתוק,יחידה,1.00,יחידה,false,0,4.90,4.90,true,1,
7290009399165,true,לחמניה קלה,גידרון,IL,לחמניה קלה,יחידה,1.00,יחידה,false,0,3.90,3.90,true,1,
7290009399707,true,מארז 4יח לחמניה גידרול,גדרון סהרון,IL,לחמניה גידרול 4,יחידה,1.00,יחידה,false,0,14.90,14.90,true,1,
7290009399790,true,לחמניית קשר קלה,גידרון,IL,לחמניה קלה קשר,יחידה,1.00,יחידה,false,0,4.20,4.20,true,1,
7290009399868,true,לחמניית חלה קלה,גידרון,IL,לחמניה חלה קלה,יחידה,1.00,יחידה,false,0,4.90,4.90,true,1,
7290009401790,true,מארז פיתה כפרית 5יח100*ג,מאפיית אנג'ל,IL,פיתה קמח מלא 5יח,גרמים,500.00,100 גרם,false,0,9.90,1.98,true,1,
7290009401943,true,לחמניה קלה 5 יח,,,לחמניה קלה 5 יח,יחידה,1.00,יחידה,false,0,14.90,14.90,true,1,
7290009807615,true,לב עוף טרי ארוז עצמי,.,IL,לב עוף טרי,קילוגרמים,0.00,"ק""ג",true,1,26.90,26.90,true,1,
7290009950168,true,"מים מצוננים 750 מ""ל",,IL,מים מצוננים750מ,מיליליטרים,750.00,"100 מ""ל",false,0,7.90,1.05,true,1,
7290009950717,true,סופגניה גדולה מצופה יח',גידרון,IL,סופגניה מצופה,יחידה,1.00,יחידה,false,0,7.90,7.90,true,1,
7290009950724,true,סופגניה מיני מצופה,גידרון,IL,סופגנ.מיני מצופה,יחידה,1.00,יחידה,false,0,5.90,5.90,true,1,
7290009951899,true,מאפה מלוח משקל,גידרון,IL,מאפה מלוח חלבי,קילוגרמים,0.00,"ק""ג",true,0,42.00,42.00,true,1,
7290009951912,true,מאפה מתוק משקל,גידרון,IL,מאפה מתוק,קילוגרמים,0.00,"ק""ג",true,0,42.00,42.00,true,1,
7290009952308,true,מארז 4יח לחמניית דגנים י,גידרון,IL,לחמניה דגנים 4יח,יחידה,1.00,יחידה,false,0,14.90,14.90,true,1,
7290009952315,true,מארז בייגל אמריקאי4יח,גידרון,IL,4בייגלה אמרקאי,יחידה,1.00,יחידה,false,0,14.90,14.90,true,1,
7290009952339,true,מארז8 לחמניות אצבע יח,גידרון,IL,לחמניה אצבע 8יח,יחידה,1.00,יחידה,false,0,12.50,12.50,true,1,
7290009952346,true,מארז לחמניית חלה4יחי,גידרון,IL,לחמניה חלה 4יח,יחידה,1.00,יחידה,false,0,14.90,14.90,true,1,
7290009952377,true,מארז לחמנית קשר 5יח',גידרון,IL,לחמניה קשר 5יח,יחידה,1.00,יחידה,false,0,14.90,14.90,true,1,
7290009952674,true,שתיה מוגזת מצוננת 1.5 ל',גידרון,IL,משקה מצונן330מל,מיליליטרים,330.00,"100 מ""ל",false,0,6.50,1.97,true,1,
7290009952698,true,"משקה מצונן 250 מ""ל",,IL,משקה מצונן250מל,מיליליטרים,250.00,"100 מ""ל",false,0,6.30,2.52,true,1,
7290009952988,true,מוצרלה מגורדת,,IL,מוצרלה מגורדת,קילוגרמים,0.00,"ק""ג",true,0,95.00,95.00,true,1,
7290009953916,true,גבינת צ'דר כתומה,,GB,גבינת צ'דר כתומה,קילוגרמים,0.00,"ק""ג",true,0,129.00,129.00,true,1,
7290009953923,true,גבינת צ'דר אנגלית במשקל,,GB,גבינת צ'דר,קילוגרמים,0.00,"ק""ג",true,0,129.00,129.00,true,1,
7290009954234,true,נועם גב.צהובה9%חריץ משקל,טרה,IL,גבינת נועם 9%,קילוגרמים,0.00,"ק""ג",true,0,76.00,76.00,true,1,
7290009954241,true,נועם ג.צהובה22%חריץ משקל,"טרופיקל דגיל תעשיות קוסמטיקה בע""מ",IL,גבינת נועם 22%,קילוגרמים,0.00,"ק""ג",true,0,42.58,42.58,true,1,
7290009954258,true,נועם ג.צהובה28%חריץ משקל,י. מלכי מוצרים,IL,גבינת נועם 28%,קילוגרמים,0.00,"ק""ג",true,0,44.79,44.79,true,1,
7290009954357,true,גב.עמק מגורדת במשקל,,IL,גבינת עמק מגורדת,קילוגרמים,0.00,"ק""ג",true,0,44.79,44.79,true,1,
7290009954364,true,גב.גלבוע מגורדת במשקל,תנובה,IL,גב.גלבוע מגורדת,קילוגרמים,0.00,"ק""ג",true,0,42.58,42.58,true,1,
7290009954562,true,נועם 22% מגורדת במשקל,טרה,IL,נועם מגורדת 22%,קילוגרמים,0.00,"ק""ג",true,0,42.58,42.58,true,1,
7290009954999,true,מים מצוננים500מל,,IL,מים מצוננים500מל,מיליליטרים,500.00,"100 מ""ל",false,0,6.90,1.38,true,1,
7290009955002,true,מים מצוננים1.5ל,,IL,מים מצוננים1.5ל,ליטרים,1.50,ליטר,false,0,8.00,5.33,true,1,
7290009955019,true,משקה מצונן 1.5ל,,IL,משקה מצונן 1.5ל,ליטרים,1.50,ליטר,false,0,12.00,8.00,true,1,
7290009955538,true,נועם צהובה 28%מגורד.משקל,טרה,IL,נועם 28% מגורדת,קילוגרמים,0.00,"ק""ג",true,1,44.79,44.79,true,1,
7290009956535,true,רצועות פילה נילוס קפוא ק,"טיבון ויל אחזקות בע""\מ",IL,רצועות נילוס,קילוגרמים,0.00,"ק""ג",true,1,79.90,79.90,true,1,
7290009957112,true,בלוז בסגנון דנאבלו במשקל,ארלה פודס אמבה,DK,גבינת בלוז,קילוגרמים,0.00,"ק""ג",true,1,83.00,83.00,true,1,
7290009957129,true,פטינה במשקל,ארלה פודס אמבה,DK,פטינה במשקל,קילוגרמים,0.00,"ק""ג",true,1,41.00,41.00,true,1,
7290009957174,true,סלמון מעושן פסקאדו במשקל,ויליגר,IL,סלמון מעושן פסקא,קילוגרמים,0.00,"ק""ג",true,1,239.00,239.00,true,1,
7290009957198,true,גאודה מיושנת גולד במשקל,VANDERSTERRE,NL,גאודה מיושנת,קילוגרמים,0.00,"ק""ג",true,1,108.00,108.00,true,1,
7290009957211,true,גב.אמנטל 29% הולנד במשקל,אי וואר,NL,גבינת אמנטל,קילוגרמים,0.00,"ק""ג",true,1,79.00,79.00,true,1,
7290009957341,true,גבינת פרמזן30%משקל שופרס,אמברוסי,IT,גבינת פרמזן,קילוגרמים,0.00,"ק""ג",true,1,109.00,109.00,true,1,
7290009957396,true,גבינת שמנת25%שופרסל משקל,גבינות משק יעקבס,IL,גבינת שמנת במשקל,קילוגרמים,0.00,"ק""ג",true,1,49.00,49.00,true,1,
7290009957402,true,גב.שמנת שום שמיר במשקל,גבינות משק יעקבס,IL,גבינת שמנת במשקל,קילוגרמים,0.00,"ק""ג",true,1,49.00,49.00,true,1,
7290009957419,true,בייבי מוצרלה18%שופר משקל,גבינות משק יעקבס,IL,בייבי מוצרלה,קילוגרמים,0.00,"ק""ג",true,1,89.00,89.00,true,1,
7290009957426,true,כדור מוצרלה שופרסל במשקל,גבינות משק יעקבס,IL,כדור מוצרלה,קילוגרמים,0.00,"ק""ג",true,1,89.00,89.00,true,1,
7290009957433,true,לאבנה בקר5% שופרסל במשקל,גבינות משק יעקבס,IL,לאבנה בקר במשקל,קילוגרמים,0.00,"ק""ג",true,1,39.00,39.00,true,1,
7290009957792,true,מאפה לחמניית פרצל יחידה,אס.פי.דז.או.או.,PL,מאפה לחמנית פרצל,יחידה,1.00,יחידה,false,1,5.80,5.80,true,1,
7290009957839,true,לחם שאור תמרים יח,מאפ גדרון,IL,לחם שאור תמרים,יחידה,1.00,יחידה,false,1,19.90,19.90,true,1,
7290009957891,true,גאודה פסטו ירוק 34% משקל,הנרי ויליך,NL,גאודה פסטו ירוק,קילוגרמים,0.00,"ק""ג",true,1,109.00,109.00,true,1,
7290009957907,true,גאודה כמהין 34% משקל,הנרי ויליך,NL,גאודה כמהין,קילוגרמים,0.00,"ק""ג",true,1,129.00,129.00,true,1,
7290009958232,true,קשקבל שופרסל משקל,אל פסטור,ES,קשקבל שופרסל,קילוגרמים,0.00,"ק""ג",true,1,115.00,115.00,true,1,
7290009958256,true,איבריקו שופרסל משקל,אל פסטור,ES,איבריקו שופרסל,קילוגרמים,0.00,"ק""ג",true,1,115.00,115.00,true,1,
7290009958577,true,בולגרית מעודנת 5% משקל,מחלבות רמת הגולן,IL,בולגרית מעודנת,קילוגרמים,0.00,"ק""ג",true,1,49.00,49.00,true,1,
7290009958584,true,בולגרית 5% שופרסל משקל,מחלבות רמת הגולן,IL,בולגרית 5% משקל,קילוגרמים,0.00,"ק""ג",true,1,62.00,62.00,true,1,
7290009958591,true,בולגרית 16% שופרסל משקל,מחלבות רמת הגולן,IL,בולגרית 16% משקל,קילוגרמים,0.00,"ק""ג",true,1,63.00,63.00,true,1,
7290009958607,true,צפתית מעודנת5% משקל שופר,מחלבות רמת הגולן,IL,צפתית מעודנת 5%,קילוגרמים,0.00,"ק""ג",true,1,62.00,62.00,true,1,
7290010002023,false,כורכום הודי טחון תבליני מימון 100 גרם,א.ל ייצור ושיווק תבלינים,IL,כורכום טחון,גרמים,100.00,100 גרם,false,0,12.90,12.90,true,1,
7290010002108,false,תבלין פלפל שחור גרוס גס תבליני מימון 90,א.ל ייצור ושיווק תבלינים,IL,פלפל שחור גרוס,גרמים,90.00,100 גרם,false,0,16.90,18.78,true,1,
7290010002122,false,פפריקה הונגרית מתוקה תבליני מימון 100 גרם,א.ל ייצור ושיווק תבלינים,IL,פפריקה הונגרית,גרמים,100.00,100 גרם,false,0,12.90,12.90,true,1,
7290010002146,false,פפריקה מרוקאית מתוקה תבליני מימון 100 גרם,א.ל ייצור ושיווק תבלינים,IL,פפריקה מרוקאית,גרמים,100.00,100 גרם,false,0,12.90,12.90,true,1,
7290010002214,false,תבלין צ'ילי גרוס תבליני מימון 80 גרם,א.ל ייצור ושיווק תבלינים,IL,צ'ילי מקסיקני,גרמים,70.00,100 גרם,false,0,12.90,18.43,true,1,
7290010002313,false,תבלין ראס אל חנות תבליני מימון 100 גרם,א.ל ייצור ושיווק תבלינים,IL,תבלין לקציצות,גרמים,100.00,100 גרם,false,0,12.90,12.90,true,1,
7290010002351,false,זעתר ושומשום תבליני מימון 100 גרם,א.ל ייצור ושיווק תבלינים,IL,זעטר ושומשום,גרמים,100.00,100 גרם,false,0,12.90,12.90,true,1,
7290010002368,false,תערובת חווויג' תבליני מימון 100 גרם,א.ל ייצור ושיווק תבלינים,IL,חוויאג' למרק,גרמים,100.00,100 גרם,false,0,12.90,12.90,true,1,
7290010003051,false,פפריקה הונגרית מתוקה תבליני מימון 400 גרם,א.ל ייצור ושיווק תבלינים,IL,פפריקה הונגרית,גרמים,400.00,100 גרם,false,0,28.50,7.13,true,1,
7290010023141,false,תה לימונענע הגן הקסום ויסוצקי 25 יחידות,תה ויסוצקי,IL,חליטת לימונענע,גרמים,55.00,100 גרם,false,0,19.90,36.18,true,1,
7290010045006,false,עוגיות חמאה פריכות 200 גרם לחמי,קונדטוריות לחמי,IL,עוגיות חמאה,גרמים,200.00,100 גרם,false,0,19.90,9.95,true,1,
7290010045013,false,עוגיות חמאה צרפתיות 200 גרם לחמי,קונדטוריות לחמי,IL,עוגיות חמאה,גרמים,200.00,100 גרם,false,0,19.90,9.95,true,1,
7290010045051,false,עוגיות מלבן שקדים 200 גרם לחמי,קונדטוריות לחמי,IL,עוגיות שקדים,גרמים,200.00,100 גרם,false,0,19.90,9.95,true,1,
7290010045068,false,עוגיות הנסיכה 250 גרם לחמי,קונדטוריות לחמי,IL,עוגיות הנסיכה,גרמים,250.00,100 גרם,false,0,19.90,7.96,true,1,
7290010065295,false,פרינוק - מחית תפוחי עץ ובננה 130 גרם,פרינוק,CZ,פרינוק מחית,גרמים,130.00,100 גרם,false,0,5.20,4.00,true,1,
7290010065332,false,מחית תפוח עץ בננה ג'וניור פרינוק 190 גרם,פרוטה פודווין איי.אס,CZ,פריניוק ג'וניור,גרמים,190.00,100 גרם,false,0,6.90,3.63,true,1,
7290010065349,false,מחית סלט פירות ג'וניור פרינוק 190 גרם,פרוטה פודווין איי.אס,CZ,פריניק ג'וניור,גרמים,190.00,100 גרם,false,0,6.90,3.63,true,1,
7290010065745,false,מחית לפתן פירות ג'וניור פרינוק 190 גרם,פרוטה פודווין איי.אס,CZ,פרינוק ג'וניור,גרמים,190.00,100 גרם,false,0,6.90,3.63,true,1,
7290010066513,false,נתחי טונה בשמן צמחי רביעיה *158ג' פילטונה,תעשיות פילטונה,IL,טונה בשמן 4 יח,גרמים,632.00,100 גרם,false,0,25.90,4.10,true,1,
7290010066575,false,נתחי טונה במים רביעיה *158ג' פילטונה,תעשיות פילטונה,IL,טונה במי מלח 4יח,גרמים,632.00,100 גרם,false,0,25.90,4.10,true,1,
7290010066582,false,נתחי טונה בשמן קנולה רביעיה * 158 ג' פילטונה,תעשיות פילטונה,IL,טונה בשמן 4 יח,גרמים,632.00,100 גרם,false,0,25.90,4.10,true,1,
7290010066599,false,מארז רביעיית טונה בשמן זית 4*160 גרם,תעשיות פילטונה,IL,טונה בשמן זית4יח,גרמים,632.00,100 גרם,false,0,30.90,4.89,true,1,
7290010116980,false,אבקת שוקולית שקית עלית 850 ג',הנסיך- מפעל לייצור ט,IL,שוקולית עלית,גרמים,850.00,100 גרם,false,0,19.50,2.29,true,1,
7290010117864,false,דוריטוס חטיף תירס בטעם חריף אש עלית 70 גרם,"שטראוס פריטו ליי בע""\מ )",IL,דוריטוס חריף,גרמים,70.00,100 גרם,false,0,4.50,6.43,true,1,
7290010129003,false,עוגיות אוזניים 600 גרם,ק.א. ומשווק בבלעדיות על,IL,עוגיות אוזניים,גרמים,600.00,100 גרם,false,0,20.90,3.48,true,1,
7290010129010,false,עוג.כתר במילוי ריבה 600ג,ק.א. ומשווק בבלעדיות על,IL,עוגיות כתר ריבה,גרמים,600.00,100 גרם,false,0,20.90,3.48,true,1,
7290010129027,false,עוגיות מרוקאיות 600 גרם,ק.א. ומשווק בבלעדיו על י,IL,עוגיות מרוקאיות,גרמים,600.00,100 גרם,false,0,20.90,3.48,true,1,
7290010129324,false,עוגיות מעמול 600 גרם,ק.א. ומשווק בבלעדיות על,IL,עוגיות מעמול,גרמים,600.00,100 גרם,false,0,20.90,3.48,true,1,
7290010129348,false,עוגיות בטעם שוקולד 600גר,ק.א. ומשווק בבלעדיות על,IL,עוגיות שוקולד,גרמים,600.00,100 גרם,false,0,20.90,3.48,true,1,
7290010129553,false,עוגיות רולדה תמרים 600 גרם,ק.א. ומשווק בבלעדיות על,IL,עוגיות רולדה,גרמים,600.00,100 גרם,false,1,20.90,3.48,true,1,
7290010129942,false,עוגיות שמרים 500 גרם דולצה ויטה,קונדטוריית אנגל,IL,עוגת שמרים,גרמים,500.00,100 גרם,false,0,14.90,2.98,true,1,
7290010129959,false,עוגיות שמרים 400 גרם דולצה ויטה,קונדטוריית אנגל,IL,עוגיות שמרים,גרמים,400.00,100 גרם,false,0,12.90,3.23,true,1,
7290010154005,false,סחוג תימני יוחאי ביטון 250 גרם,תבליני יוחאי ביטון,IL,סחוג תימני,גרמים,250.00,100 גרם,false,0,15.90,6.36,true,1,
7290010154012,false,לימון בלאדי כבוש תבליני ביטון 250 גרם,תבליני יוחאי ביטון,IL,לימון בלאדי,גרמים,250.00,100 גרם,false,0,15.90,6.36,true,1,
7290010154029,false,אריסה מתוקה יוחאי ביטון 250 גרם,תבליני יוחאי ביטון,IL,אריסה מתוקה,גרמים,250.00,100 גרם,false,0,15.90,6.36,true,1,
7290010154241,false,סלט חזרת ריף ביטון 250 ג',תבליני יוחאי ביטון,IL,סלט חזרת ביתית,גרמים,250.00,100 גרם,false,0,15.90,6.36,true,1,
7290010154265,false,פלפל צ'ומה תבליני ביטון 250 גרם,תבליני יוחאי ביטון,IL,פלפל צ'ומה,גרמים,250.00,100 גרם,false,0,15.90,6.36,true,1,
7290010154678,false,אריסה מרוקאית תבליני ביטון 250 גרם,תבליני יוחאי ביטון,IL,אריסה מרוקאית,גרמים,250.00,100 גרם,false,1,15.90,6.36,true,1,
7290010154685,false,שום כתוש יוחאי ביטון 250 גרם,תבליני יוחאי ביטון,IL,סלט שום כתוש,גרמים,250.00,100 גרם,false,1,15.90,6.36,true,1,
7290010154692,false,סחוג אדום יוחאי ביטון 250 גרם,תבליני יוחאי ביטון,IL,סחוג אדום 250 גר,גרמים,250.00,100 גרם,false,1,15.90,6.36,true,1,
7290010163632,false,שזיף ללא גלעין400ג'שקדיה,שקדיה,IL,שזיף ללא גלעין,גרמים,400.00,100 גרם,false,0,22.90,5.73,true,1,
7290010175857,false,פרוסות לבבות דקל במי מלח טעים 400 גרם,אינאקספו,EC,לבבות דקל פרוס,גרמים,400.00,100 גרם,false,0,11.90,2.98,true,1,
7290010192816,false,תמר מג'הול ללא גלעין 45,תימורת הערבה,IL,תמר מגהול 45ג,גרמים,45.00,100 גרם,false,1,4.90,10.89,true,1,
7290010196678,false,שקיות ענק לצליה בתנור קוקי 2*5 יח,ש.שסטוביץ,IL,קוקי שקיות,יחידה,1.00,יחידה,false,0,19.90,19.90,true,1,
7290010237531,false,"פפסי קולה פלסטיק 500 מ""ל","טמפו משקאות בע""ם.",IL,פפסי בקבוק,מיליליטרים,500.00,"100 מ""ל",false,0,5.10,1.02,true,1,
7290010237562,false,משקה פפסי מרינדה קוו,"טמפו משקאות בע""מ",IL,מירינדה,מיליליטרים,500.00,"100 מ""ל",false,0,5.10,1.02,true,1,
7290010237579,false,משקה סבן אפ קוול 500,"טמפו משקאות בע""מ",IL,סבנ אפ,מיליליטרים,500.00,"100 מ""ל",false,0,5.10,1.02,true,1,
7290010237586,false,"סבן אפ דיאט בקבוק 500 מ""ל",טמפו 7.5%,IL,סבנ אפ דיאט,מיליליטרים,500.00,"100 מ""ל",false,0,5.20,1.04,true,1,
7290010237784,false,בירה שנדי בתוספת משקה לימון ליים - שישייה,"טמפו משקאות בע""\מ",IL,מכבי שנדי 6 יח,ליטרים,1.98,ליטר,false,0,29.90,15.10,true,1,
7290010259359,false,אטריות נודלס ביצים להקפצה ו.פוד 200 ג',פוג'יאן לונגהאי אנלי,CN,נודלס ביצים,גרמים,200.00,100 גרם,false,0,5.90,2.95,true,1,
7290010259366,false,אטריות נודלס ביצים מסולסלות ו.פוד 200 ג',פוג'יאן לונגהאי אנלי,CN,נודלס ביצים,גרמים,200.00,100 גרם,false,0,5.90,2.95,true,1,
7290010259823,false,מנת השף 70 גרם ויליפוד מרק עם נודלס בטעם עוף,נמצ'או(תאילנד) בעמ,TH,מנת השף נודלס,גרמים,70.00,100 גרם,false,0,5.90,8.43,true,1,
7290010259830,false,מנת השף נודלס בסגנון סיני פיקנטי וילי פוד 70 גרם,נמצ'או(תאילנד) בעמ,TH,מנת השף נודלס,גרמים,70.00,100 גרם,false,0,5.90,8.43,true,1,
7290010259847,false,מנת השף מרק עם נודלס בטעם תירס ויליפוד 70 גרם,קריות זול,TH,מנת השף נודלס,גרמים,70.00,100 גרם,false,0,5.90,8.43,true,1,
7290010259854,false,מנת השף מרק עם נודלס בטעם פטריות ויליפוד 70 גרם,נמצ'או(תאילנד) בעמ,TH,מנת השף נודלס,גרמים,70.00,100 גרם,false,0,5.90,8.43,true,1,
7290010259861,false,מנת השף מרק עם נודלס בטעם ירקות ויליפוד 70 גרם,קריות זול,TH,מנת השף נודלס,גרמים,70.00,100 גרם,false,0,5.90,8.43,true,1,
7290010259977,false,שמן קנולה מזוכך ויליפוד 1 ליטר,בונגי פולין אס.פי.זד,PL,שמן קנולה מזוכך,ליטרים,1.00,ליטר,false,0,11.90,11.90,true,1,
7290010328505,false,"מארז מיני חלווה 15 יחידות לל""ס אחוה 150 גרם",אחדות ביחר לטחינה חל,IL,מיני חלווה,גרמים,150.00,100 גרם,false,0,10.90,7.27,true,1,
7290010429554,false,"שמן זית כתית מעולה יד מרדכי 2 קלאסי, 750 מ""ל",מכוורת יד מרדכי שטראוס ב,IL,שמן זית 2 קלאסי,מיליליטרים,750.00,"100 מ""ל",false,0,37.90,5.05,true,1,
7290010471669,false,יוגורט תות עם קורנפלקס מצופה שוקולד ללא גלוטן 3.9%,"שטראוס בריאות בע""\מ",IL,דנונה בר תות,גרמים,175.00,100 גרם,false,0,5.10,2.91,true,1,
7290010472307,false,"שמיניית משקה גמדים תות בננה דיסני 108 מ""ל","שטראוס בריאות בע""\מ",IL,גמדים לשתיה 8 יח,מיליליטרים,800.00,"100 מ""ל",false,0,21.90,2.74,true,1,
7290010472390,false,מארז 8 יחידות מעדן דני בטעם שוקולד 1.5%,מיוצר עי קונדיטוריית,IL,דני שוקולד 8 יח',קילוגרמים,1.00,"ק""ג",false,0,16.30,16.30,true,1,
7290010513727,false,פנקו פרורי לחם 200 גרם (קינגדאו),קינגדאו גוניון פודס,CN,פנקו פרוי לחם,גרמים,200.00,100 גרם,false,0,8.90,4.45,true,1,
7290010609079,false,טרופיקש 10 יח,,IL,טרופיקש 10 יח,ליטרים,2.00,ליטר,false,0,16.30,8.15,true,1,
7290010627004,false,טחינה גולמית מסורתית ירושלים 500 ג',"בראשית ירושלים בע""מ",IL,טחינה ירושלים,גרמים,500.00,100 גרם,false,0,16.90,3.38,true,1,
7290010650033,false,בצלצלי שאלוט תקוע אר,חוות פטריות תקוע,NL,בצלצלי שאלוט,גרמים,350.00,100 גרם,false,0,15.00,4.29,true,1,
7290010650040,false,פטריות שיטאקי חוות תקוע,ביכורי שדה דרום 2002,IL,פיטריות שיטאקי,גרמים,100.00,100 גרם,false,0,12.90,12.90,true,1,
7290010650194,false,זנגוויל (ג'ינג'ר)ארוז מגשית,"פסח בא בע""מ",CN,שורש גינגר טרי,גרמים,250.00,100 גרם,false,0,11.90,4.76,true,1,
7290010650354,false,שורש כורכום טרי חוות תקוע 120 גרם,פסטה לנסי,IL,כורכום טרי,גרמים,120.00,100 גרם,false,0,11.90,9.92,true,1,
7290010650415,false,עגבניות מיובשות 200 גרם תקוע,חוות פטריות תקוע,TR,עגבניה לחה,גרמים,200.00,100 גרם,false,0,12.90,6.45,true,1,
7290010650668,false,למון גראס -חוות תקוע,ביכורי השקמה,IL,למון גראס יחידה,יחידה,1.00,יחידה,false,1,12.90,12.90,true,1,
7290010650828,false,פטריות שימג'י חוות תקוע 150 גרם,שנגחאי פינק פוד קומפני,CN,פטריות שי-מג'י,גרמים,150.00,100 גרם,false,1,12.90,8.60,true,1,
7290010748860,false,"ד""ר פישר - אפקטיב קר קרם ידיים אינטנסיב 150 מ""ל",פישר מעבדות פרמצבטיות בע,IL,קרם ידיים,מיליליטרים,150.00,"100 מ""ל",false,0,12.90,8.60,true,1,
7290010766956,false,ממרח פלפלים מתוקים אדומים אוליביה 180 גרם,אוליביה גורמה בעמ,IL,ממרח פלפל גמבה,גרמים,180.00,100 גרם,false,0,14.50,8.06,true,1,
7290010791552,false,לה-קט דליקטס טונה ברוטב 85 גר',"הייקיו, תאילנד",TH,לה קט דליקטס,גרמים,85.00,100 גרם,false,0,6.90,8.12,true,1,
7290010814244,false,שלשות שוקולד מריר 85 גרם*3 בלמינט *18 בקרטון,"כרמית תעשיות ממתקים בע""\",IL,שוקולד מריר 44%,גרמים,255.00,100 גרם,false,0,10.00,3.92,true,1,
7290010814251,false,שלשות שוקולד חלב 85 גר*3 בלמינט*18 בקרט בדצ,"כרמית תעשיות ממתקים בע""\",IL,שוקולד חלב 3 יח',גרמים,255.00,100 גרם,false,0,12.90,5.06,true,1,
7290010814268,false,שלשות שוקולד לבן 85 גר*3 בלמינט * 18 בקרטון,"כרמית תעשיות ממתקים בע""\",IL,שוקולד לבן 3 יח',גרמים,255.00,100 גרם,false,0,12.90,5.06,true,1,
7290010814695,false,שוקולד מריר פרווה ללא תוספת סוכר כרמית 85 גרם,כרמית תעשיות ממתקים בעמ,IL,שוקולד מריר,גרמים,85.00,100 גרם,false,0,6.90,8.12,true,1,
7290010814701,false,"שוקולד חלב כרמית 85 גרם ללת""ס","כרמית תעשיות ממתקים בע""\",IL,שוקולד חלב,גרמים,85.00,100 גרם,false,0,6.90,8.12,true,1,
7290010838219,false,ממתיק על בסיס צמח הסטיביה - שקיות,"קיפל טבליות וממתיקים בע""מ",IL,ממתיק מרמולייט,גרמים,100.00,100 גרם,false,0,35.90,35.90,true,1,
7290010838431,false,ג'ל לניקוי מתקדם בניחוח ים - מארז זוג,מיוצר עי קונדיטוריית,NL,דאק לאסלה זוג,ליטרים,1.50,ליטר,false,0,20.90,13.93,true,1,
7290010839865,false,רוטב רכז רימונים ויליפוד 320 ג',ניו ג'רסי סטאר סנקס,TR,רוטב רימונים,גרמים,320.00,100 גרם,false,0,11.90,3.72,true,1,
7290010883370,false,כפפות אלוורה רב שימושיות בינוניות M סנו סושי,האי נאם סי או אל.טי.,CN,סנו סוש כפפות,יחידה,1.00,יחידה,false,0,12.10,12.10,true,1,
7290010931330,false,סלט מטבוחה אחלה 500 גרם,מיוצר עי קונדיטוריית,IL,סלט מטבוחה אחלה,גרמים,500.00,100 גרם,false,0,15.90,3.18,true,1,
7290010970100,false,שמן שומשום כבישה קרה 250 מיל טעמים,"ג.מ טעם הארץ בע""\ם",IL,שמן שומשום,מיליליטרים,250.00,"100 מ""ל",false,1,32.60,13.04,true,1,
7290010970193,false,סילאן תמרים טבעי 100% תמרים,"ג.מ טעם הארץ בע""\ם",IL,סילאן תמרים טבעי,גרמים,900.00,100 גרם,false,1,21.90,2.43,true,1,
7290010970223,false,"חומץ יין אדום 500 מ""ל ""טעמים""","ג.מ טעם הארץ בע""\ם",IL,חומץ יין אדום,מיליליטרים,500.00,"100 מ""ל",false,0,17.60,3.52,true,1,
7290010970254,false,"חומץ יין לבן 500 מ""ל ""טעמים""","ג.מ טעם הארץ בע""\ם",IL,חומץ יין לבן,מיליליטרים,500.00,"100 מ""ל",false,0,17.60,3.52,true,1,
7290010970261,false,טעמים-חומץ תפוחי עץ,"ג.מ טעם הארץ בע""\ם",IL,חומץ תפוחי עץ,מיליליטרים,500.00,"100 מ""ל",false,0,17.60,3.52,true,1,
7290010970520,false,שמן קנולה בטעם חמאה בתרסיס 200 גרם,"ג.מ טעם הארץ בע""\ם",IL,תרסיס שמן קנולה,גרמים,200.00,100 גרם,false,0,19.10,9.55,true,1,
7290010970551,false,שמן אבוקדו מעודן 250 מ`ל טעמים,"ג.מ טעם הארץ בע""\ם",IL,שמן אבוקדו,מיליליטרים,250.00,"100 מ""ל",false,1,32.60,13.04,true,1,
7290010970773,false,סילאן תמרים 100% טבעי בקבוק לחיץ 350 גרם,"ג.מ טעם הארץ בע""\ם",IL,סילאן טבעי,גרמים,350.00,100 גרם,false,1,15.90,4.54,true,1,
7290010970797,false,"רוטב רימונים 250 מ""ל ""טעם הארץ""","ג.מ טעם הארץ בע""\ם",IL,רוטב רימונים,מיליליטרים,250.00,"100 מ""ל",false,1,15.90,6.36,true,1,
7290011015862,false,"פריגת סירופ דיאט לימונענע 750 מ""ל",סירופ - גבעת חיים,IL,סירופ לימונענע,מיליליטרים,750.00,"100 מ""ל",false,0,25.90,3.45,true,1,
7290011015985,false,"סירופ דיאט אננס פריגת 750 מ""ל",סירופ - גבעת חיים,IL,סירופ דיאט אננס,מיליליטרים,750.00,"100 מ""ל",false,0,25.90,3.45,true,1,
7290011017866,false,קוקה קולה קלאסי בפחית,החברה המרכזית לייצור משקאות,IL,קוקה קולה פחית,מיליליטרים,330.00,"100 מ""ל",false,0,5.40,1.64,true,1,
7290011017873,false,"פחיות קוקה קולה זירו 330 מ""ל",החברה המרכזית לייצור משקאות,IL,קולה זירו,מיליליטרים,330.00,"100 מ""ל",false,0,5.40,1.64,true,1,
7290011017880,false,"קוקה קולה דיאט פחית 330 מ""ל",החברה המרכזית לייצור משקאות,IL,קוקה קולה דיאט,מיליליטרים,330.00,"100 מ""ל",false,0,5.40,1.64,true,1,
7290011018184,false,פיוז טי תה קר בטעם אפרסק,מבשלות בירה בינלאומי,IL,פיוז טי תה אפרסק,מיליליטרים,500.00,"100 מ""ל",false,0,8.80,1.76,true,1,
7290011018443,false,"פנטה אורנג פחית סליק 330 מ""ל",החברה המרכזית לייצור משקאות,IL,פאנטה ט.אורנג פח,מיליליטרים,330.00,"100 מ""ל",false,0,5.40,1.64,true,1,
7290011026066,false,"ד""ר פישר - סרקל שמפו + מרכך לילדים 1 ליטר",פישר מעבדות פרמצבטיות בע,IL,סרקל 2 ב1-,ליטרים,1.00,ליטר,false,0,26.90,26.90,true,1,
7290011051358,false,"שוופס סודה לימון זכוכית 250 מ""ל",יפאורה תבורי בעמ,IL,שוופס סודה לימון,מיליליטרים,250.00,"100 מ""ל",false,1,4.30,1.72,true,1,
7290011065416,false,פלפל שחור מטחנה מימונס 60 גרם,"א.ל ייצור ושיווק תבלינים בע""מ",IL,פלפל שחור מטחנה,גרמים,60.00,100 גרם,false,1,18.90,31.50,true,1,
7290011115258,false,אל סבון מוצק מבושם בניחוח עדין קלאסיק - מארז רביעיה,"גליל כימיכלים בע""מ",IL,נקה 7 סבון 4 יח,גרמים,400.00,100 גרם,false,0,15.00,3.75,true,1,
7290011126209,false,הגן הקסום תה טעם תפוח וקינמון סיידר ויסוצקי 25 יח',תה ויסוצקי,IL,חליטת תפוח קנמון,גרמים,67.00,100 גרם,false,0,19.90,29.70,true,1,
7290011126452,false,הגן הקסום תה בטעם קמומיל ונענע ויסוצקי 25 יחידות,תה ויסוצקי,IL,חליטת קמומיל,גרמים,37.00,100 גרם,false,0,19.90,53.78,true,1,
7290011126469,false,חליטת צמחים וקמומיל הגן הקסום ויסוצקי 25 יחידות,תה ויסוצקי,IL,חליטת קמומיל+דבש,גרמים,37.00,100 גרם,false,0,19.90,53.78,true,1,
7290011126957,false,תה ירוק ויסוצקי ארל גריי 25 שקיקים,ויסוצקי ירוק,IL,תה ירוק ארל גריי,גרמים,37.00,100 גרם,false,0,26.90,72.70,true,1,
7290011131395,false,"מוזלי בתוספת 30% פירות 1 ק""ג גרין",ויטליאה ניקולה דו,MK,מוזלי 30% פירות,קילוגרמים,1.00,"ק""ג",false,0,28.90,28.90,true,1,
7290011131968,false,"גרנולה בתוספת שקדים ואגוזים גרין 1 ק""ג",ויטליה ניקולא דו,MK,גרנולה אגוזים,קילוגרמים,1.00,"ק""ג",false,0,22.90,22.90,true,1,
7290011132552,false,רביעיית בירה פאולנר 330 מל בקבוק,מבשלת פאולנר,DE,בירה פאולנר 4 יח,ליטרים,1.32,ליטר,false,0,44.90,34.02,true,1,
7290011133375,false,"בירה שנדי, בירה בטעם אפרסק, מארז שישייה, בקבוק 330 מ''ל","טמפו משקאות בע""מ",IL,מכבי שנדי 6 יח,ליטרים,1.98,ליטר,false,0,29.90,15.10,true,1,
7290011133634,false,"פפסי מקס פחית צרה מארז שישייה 330 מ""ל","טמפו משקאות בע""\מ",IL,פפסי מקס 6 פחיות,ליטרים,1.98,ליטר,false,1,19.90,10.05,true,1,
7290011148935,false,מלפפון בייבי יחידה,חקלאי,IL,מלפפון בייבי,גרמים,350.00,100 גרם,false,0,10.90,3.11,true,1,
7290011154035,false,"תרכיז תפוחים סחוט טעמי הגליל 500 מ""ל",טעמי הגליל,IL,תרכיז תפוחים,מיליליטרים,500.00,"100 מ""ל",false,1,21.50,4.30,true,1,
7290011154080,false,"תרכיז תפוחים צלול טעמי הגליל 500 מ""ל",טעמי הגליל,IL,תרכיז תפוחים,מיליליטרים,500.00,"100 מ""ל",false,0,21.50,4.30,true,1,
7290011194215,false,מעדן גבינה ויוגורט בטעם בננה 5% שומן 88 ג' דניאלה,"שטראוס בריאות בע""מ",IL,דניאלה בננה,גרמים,88.00,100 גרם,false,0,4.30,4.89,true,1,
7290011194246,false,קוטג' 5% עם סידן 250 ג' שטראוס,מיוצר עי קונדיטוריית,IL,קוטג' 5% שומן,גרמים,250.00,100 גרם,false,0,6.00,2.40,true,1,
7290011223243,false,"טואלט דאק ג'ל לאסלה בניחוח לבנדר 55 מ""ל","איטיליאן פוד, אס.פי.",IT,דאק ג'ל לאסלה,מיליליטרים,55.00,"100 מ""ל",false,0,11.50,20.91,true,1,
7290011239213,false,עמוס חטיפים מתוקים מ,בני ריאד מחרום,IL,חטיפים מתוקים,יחידה,1.00,יחידה,false,0,5.90,5.90,true,1,
7290011239237,false,חטיף אגוזים ישראלי 250גר,בני ריאד מחרום,IL,חטיף אגוזים,גרמים,250.00,100 גרם,false,1,19.90,7.96,true,1,
7290011239336,false,"חלבה מחרום ללת""ס 400 גרם","בני ריאד מחרום בע""מ",IL,חלבה מחרום,גרמים,400.00,100 גרם,false,1,21.90,5.48,true,1,
7290011239343,false,חטיף שומשום 330 גרם,"בני ריאד מחרום בע""מ",IL,חלבה מחרום,גרמים,400.00,100 גרם,false,1,21.90,5.48,true,1,
7290011239404,false,חטיפים שונים ארוזים330ג,"בני ריאד מחרום בע""מ",IL,חטיפים ארוזים,גרמים,330.00,100 גרם,false,0,14.90,4.52,true,1,
7290011239596,false,בקלאווה סוגים שונים,בני בכר אל מחרום,IL,בקלאווה מעורב,גרמים,600.00,100 גרם,false,1,37.90,6.32,true,1,
7290011378028,false,חלבה קלאסית וניל ללא תוספת סוכר בארכה 350 גרם,"רושדי תעשיות מזון בע""\מ",IL,"חלבה ללת""ס",גרמים,350.00,100 גרם,false,0,12.90,3.69,true,1,
7290011378776,false,חטיף חלווה פיסטוק בארכה 126 גרם מארז 7 יחידות,"רושדי תעשיות מזון בע""\מ",IL,חטיפי חלבה 7 יח,גרמים,126.00,100 גרם,false,0,14.50,11.51,true,1,
7290011435226,false,דבש מפרחי בר לחיץ 650 ג' יד מרדכי,מכוורת יד מרדכי שטראוס ב,IL,דבש בקבוק לחיץ,גרמים,650.00,100 גרם,false,0,40.90,6.29,true,1,
7290011438142,false,"משקה יטבתה אייס קפה בבקבוק אישי 350 מ""ל",שטראוס גרופ,IL,משקה חלב קפה,מיליליטרים,350.00,"100 מ""ל",false,0,6.50,1.86,true,1,
7290011447267,false,מטרנה פרימיום חלבי שלב 1 700 גרם חיסכון,מטרנה תעשיות ש.מ,IL,מטרנה חלבי,גרמים,700.00,100 גרם,false,0,51.90,7.41,true,1,
7290011447281,false,מטרנה פרימיום חלבי שלב 2 700 גרם חיסכון,מטרנה תעשיות ש.מ,IL,מטרנה חלבי שלב 2,גרמים,700.00,100 גרם,false,0,51.90,7.41,true,1,
7290011447304,false,מטרנה פרימיום חלבי שלב 3 700 גרם חיסכון,מטרנה תעשיות ש.מ,IL,מטרנה חלבי שלב 3,גרמים,700.00,100 גרם,false,0,51.90,7.41,true,1,
7290011489700,false,פירורי בסקויט שוקו הדר 300 גרם,אפיפית נצרת,IL,פירורי ביסקוויט,גרמים,300.00,100 גרם,false,0,6.90,2.30,true,1,
7290011498955,false,אגוזי אדמה חמאת בוטנ300ג,שקד תבור,IL,חמאת בוטנים,גרמים,300.00,100 גרם,false,0,13.90,4.63,true,1,
7290011499051,false,פטה כבשים מסורתית 20% בגביע מחלבות גד,MKN עבור מחלבות גד ב,IL,פטה כבשים,גרמים,250.00,100 גרם,false,0,29.10,11.64,true,1,
7290011499105,false,גבינה בולגרית מלוחה 5% 250 ג' גד,ג'נרל מילס סאן אדריא,IL,גבינה בולגרית 5%,גרמים,250.00,100 גרם,false,0,24.90,9.96,true,1,
7290011499112,false,גבינה בולגרית 165 גד 250 גרם,"מיוצר ע""י dsh",IL,גבינה בולגרית,גרמים,250.00,100 גרם,false,0,26.60,10.64,true,1,
7290011499129,false,גבינה בולגרית מעודנת קוביות קטנות 5% גד 200 גרם,קוד יצרן DSH,IL,קוביות בולגרית,גרמים,200.00,100 גרם,false,0,25.30,12.65,true,1,
7290011499303,false,גבינה בולגרית עזים 5% גד מעודנת 250 גרם,ג'נרל מילס סאן אדריא,IL,פטה מעודנת עיזים,גרמים,250.00,100 גרם,false,0,28.90,11.56,true,1,
7290011499327,false,גבינה בולגרית מעודנת חלב בקר 250 גר,מיוצר על ידי DSH עבו,IL,בולגרית מעודנת5%,גרמים,250.00,100 גרם,false,0,25.50,10.20,true,1,
7290011499358,false,פטה עיזים מסורתית 20% בגביע מחלבות גד,מיוצר על ידי קוד יצר,IL,פטה עיזים20%,גרמים,200.00,100 גרם,false,0,29.90,14.95,true,1,
7290011499365,false,גבינת חלומי 24% גד 200 גרם,"מחלבות גד בע""\מ",IL,חלומי גד 24%,גרמים,200.00,100 גרם,false,0,23.40,11.70,true,1,
7290011499419,false,גבינה במרקם שמנת בטעם טבעי 5% ניו יורק,גבינות מדף,IL,גבינת שמנת גד5%,גרמים,200.00,100 גרם,false,0,12.80,6.40,true,1,
7290011499624,false,גבינת שמנת בטעם טבעי גד 30% 200 גרם,גבינות מדף,IL,גבינת שמנת 30%,גרמים,200.00,100 גרם,false,0,14.60,7.30,true,1,
7290011499846,false,גבינת ריקוטה פרסקה 9% גד 300 גרם,מחלבות גד בעמ,IL,ריקוטה פרסקה 9%,גרמים,300.00,100 גרם,false,0,17.90,5.97,true,1,
7290011499853,false,גבינת שמנת זיתים 30אחוז 200גרם גד,מחלבות גד (שיווק 199,IL,גבינת שמנת,גרמים,200.00,100 גרם,false,0,14.60,7.30,true,1,
7290011501617,false,חמוציות ברכז תפוחים ללא תוספת סוכר 250 גרם,"דין שיווק וקלייה בע""",IL,חמוציות דל סוכר,גרמים,250.00,100 גרם,false,0,15.00,6.00,true,1,
7290011515683,false,מאגדת טילון אקסטרים וניל נסטלה 6 יחידות,תות תעשיות מזון (201,IL,מאגדת אקסטרים,גרמים,432.00,100 גרם,false,0,29.90,6.92,true,1,
7290011518561,false,"אקטימל תות 1.51 ק""ג מארז 14 יחידות",מיוצר עי קונדיטוריית,IL,אקטימל מארז14יח',ליטרים,1.40,ליטר,false,0,32.60,23.29,true,1,
7290011525712,false,"קמיל בלו אל סבון סנסיטיב לפני השינה ד""ר פישר 1 ליטר",פישר מעבדות פרמצבטיות בע,IL,אלסבון קמיל,ליטרים,1.00,ליטר,false,0,26.90,26.90,true,1,
7290011525729,false,שמפו לתינוק קמיל בלו סנסטיב לפני השינה עם לבנדר וקמומיל,פישר מעבדות פרמצבטיות בע,IL,שמפו קמיל בלו,ליטרים,1.00,ליטר,false,0,26.90,26.90,true,1,
7290011575250,false,מבריק וצובע נעליים הפי,יעקבי - הפי Hepi,ES,ספוג הברקת נעלים,יחידה,1.00,יחידה,false,0,9.90,9.90,true,1,
7290011587598,false,שימורי אנשובי בפח 45 ג' תומר,אינוורסיונס פריסקו,PE,פילה אנשובי,גרמים,45.00,100 גרם,false,0,7.90,17.56,true,1,
7290011587710,false,צלפים במי מלח תומר 350 גרם,,TR,צלפים במי מלח,גרמים,350.00,100 גרם,false,1,9.90,2.83,true,1,
7290011598211,false,"סנו - אנטי קאלק מרסס ניקוי כללי 4 ב-1 700 מ""ל",מיוצר עי קונדיטוריית,IL,סנו אנטי קאלק,מיליליטרים,700.00,"100 מ""ל",false,0,19.90,2.84,true,1,
7290011599836,false,משפר אפיה טבעי 100 ג' רובינפלד,"סופר קמח רובינפלד בע""מ",IL,משפר אפיה,גרמים,100.00,100 גרם,false,1,11.90,11.90,true,1,
7290011607180,false,"אבקת כביסה קולון 101 1.25 ק""ג",ריקט בנקיזר ( ניר אי,IL,אבקת כביסה קולון,קילוגרמים,1.25,"ק""ג",false,0,13.90,11.12,true,1,
7290011615260,false,"טורטייה 20 ס""מ קוטר וילי פוד 540 גר",מוטלוקל גידה סאנאי ט,TR,טורטיות,גרמים,540.00,100 גרם,false,0,8.90,1.65,true,1,
7290011618025,false,בייבי ביס הוט קידס נגיסי אורז לתינוק,גואנז'ו יונג וואנט פ,CN,בייבי ביס,גרמים,50.00,100 גרם,false,0,15.90,31.80,true,1,
7290011618216,false,נגיסי אורז בייבי ביס בננה 50 גרם,גואנז'ו יונג וואנט פ,CN,בייבי ביס,גרמים,50.00,100 גרם,false,0,15.90,31.80,true,1,
7290011622428,false,כתמטמינים-חטיף בריאות לתינוקות וילדים 45 ג',מיוצר עבור גולדן האר,IL,חטיף בריאות,גרמים,45.00,100 גרם,false,0,6.70,14.89,true,1,
7290011622756,false,ביסקוויטמינים פלוס בטעם שוקולד 150 גרם,מצות אביב בעמ,IL,ביסקויטמינים,גרמים,150.00,100 גרם,false,1,16.90,11.27,true,1,
7290011668570,false,בריא מהטבע גרנולה פירות יבשים 450 גרם פנינה רוזנבלום,בריא מהטבע פנינה רוזנבלום,IL,חגיגת גרנולה,גרמים,500.00,100 גרם,false,0,26.90,5.38,true,1,
7290011668587,false,בריא מהטבע גרנולה בטעם עשיר 500 גרם פנינה רוזנבלום,בריא מהטבע פנינה רוזנבלום,IL,גרנולה עשירה,גרמים,500.00,100 גרם,false,0,26.90,5.38,true,1,
7290011668594,false,בריא מהטבע תוספת בריאה לסלט 550 גרם פנינה רוזנבלום,בריא מהטבע פנינה רוזנבלום,IL,תוספת בריאה לסלט,גרמים,550.00,100 גרם,false,0,40.00,7.27,true,1,
7290011765095,false,קרמה מן גל גילוח אלוורה ירוק 200 מל,טרופיקל דגיל תעשיות,TR,ג'ל גילוח קרמה,מיליליטרים,200.00,"100 מ""ל",false,0,16.90,8.45,true,1,
7290011765446,false,משחת שיניים לילדים בוב ספוג בטעם מיץ ענבים עם פלואוריד למניעת עששת,טרופיקל דגיל תעשיות קוסמ,IL,משחת שיניים,גרמים,70.00,100 גרם,false,0,8.90,12.71,true,1,
7290011800840,false,רפי כהן סלט טחינה בלאדי צבר 400 גרם,רפי כהן / צבר,IL,סלט טחינה בלאדי,גרמים,400.00,100 גרם,false,0,18.80,4.70,true,1,
7290011860271,false,ביסבול כדורי פירה מתפוחי אדמה תפוגן 700 גרם,"תעשיות תפוגן בע""\מ",IL,ביסבול טבעי,גרמים,700.00,100 גרם,false,0,17.80,2.54,true,1,
7290011877859,false,סנו אינסטלטור חדש פותח סתימות 200ג',מיוצר עי קונדיטוריית,IL,סנו אינסטלטור,גרמים,200.00,100 גרם,false,0,15.90,7.95,true,1,
7290011947309,false,זיתים מצוננים סורי מבוקע ולימון כבוש זיתא 230 ג',זיתא – י.ט.ב תעשיות,IL,זית סורי,גרמים,230.00,100 גרם,false,0,14.90,6.48,true,1,
7290011947521,false,"שמן זית כתית מעולה מודגש זיתא 750 מ""ל",זיתא - י.ט.ב תעשיות,IL,שמן זית כתית,מיליליטרים,750.00,"100 מ""ל",false,1,35.90,4.79,true,1,
7290011947743,false,זיתים זיתא מיקס זית ירוק וזית קלמטה 215 גרם,זיתא - י.ט.ב תעשיות,IL,מיקס זיתים,גרמים,215.00,100 גרם,false,1,14.90,6.93,true,1,
7290011947781,false,מיקס זית ירוק וזית קלמטה ללא גלעין עם שמן זית כתית מעולה,זיתא - י.ט.ב תעשיות,IL,מיקס זית ירוק,גרמים,190.00,100 גרם,false,1,14.90,7.84,true,1,
7290011947798,false,זית קלמטה ללא גלעין עם שמן זית כתית מעולה,זיתא - י.ט.ב תעשיות,IL,זית קלמטה,גרמים,190.00,100 גרם,false,1,14.90,7.84,true,1,
7290011947903,false,מיקס זיתים יווני זיתא 215 ג',זיתא - י.ט.ב תעשיות,IL,מיקס זיתים יווני,גרמים,232.00,100 גרם,false,1,14.90,6.42,true,1,
7290011964542,false,פפריקה מתוקה 400 גר' טעם וריח,"תבליני טעם וריח בע""מ",IL,פפריקה מתוקה,גרמים,400.00,100 גרם,false,0,23.90,5.98,true,1,
7290011964702,false,שווארמה ללא מונסודיום 100 גרם מיכל גדול,"תבליני טעם וריח בע""מ",IL,תיבול לשווארמה,גרמים,100.00,100 גרם,false,0,11.80,11.80,true,1,
7290012019043,false,שום צעיר כבוש בחומץ בצנצנת 330 גרם,FOODS CANDDED QINGDAO,CN,שום צעיר כבוש,גרמים,330.00,100 גרם,false,0,12.90,3.91,true,1,
7290012019258,false,מחית תפוחי עץ רביעיה 4 * 113 ג' תומר,אינדיאן סאמר קו אופ אינק,US,"רסק תפו""ע 4 יח",גרמים,452.00,100 גרם,false,0,11.90,2.63,true,1,
7290012019265,false,רביעיית מחית תפוח עץ ללא תוספת סוכר תומר 113 גרם,אינדיאן סאמר קו אופ אינק,US,"רסק תפו""ע ללת""ס",גרמים,452.00,100 גרם,false,0,11.90,2.63,true,1,
7290012019272,false,רביעיית מחית תפוח עץ וקינמון תומר 113 גרם,אינדיאן סאמר קו אופ אינק,US,"רסק תפו""ע",גרמים,452.00,100 גרם,false,0,11.90,2.63,true,1,
7290012022005,false,פריכיות חיטה 60 גרם,דילייט,IL,קריספיות טבעי,גרמים,60.00,100 גרם,false,0,13.90,23.17,true,1,
7290012022050,false,קריספיות מרובה דגנים 75ג,דילייט,IL,קריספיות דגנים,גרמים,75.00,100 גרם,false,0,15.90,21.20,true,1,
7290012022067,false,קריספיות קידס 30 גרם,דילייט,IL,קריספיות קידס,גרמים,30.00,100 גרם,false,0,12.90,43.00,true,1,
7290012086113,false,עגבניות שרי צימן קופסא 500ג',ביכורי השקמה,IL,שרי אשכולות,גרמים,460.00,100 גרם,false,0,10.90,2.37,true,1,
7290012116360,false,פוליויקס נוזל לניקוי רצפות גרניט פורצלן סנו 2 ליטר,"מפעלי סנו ברונוס בע""",IL,סנו פוליויקס,ליטרים,2.00,ליטר,false,0,23.90,11.95,true,1,
7290012116551,false,אנטי קאלק נוזל לניקוי כללי סנו 2 ליטר,מיוצר עי קונדיטוריית,IL,סנו אנטי קאלק,ליטרים,2.00,ליטר,false,0,24.30,12.15,true,1,
7290012116964,false,"קרמה מן תרחיץ ג'ל לפנים 150 מ""ל",החברה הדרומית,IL,קרמה תרחיץ פנים,מיליליטרים,150.00,"100 מ""ל",false,0,20.10,13.40,true,1,
7290012117039,false,נוזל לניקוי אמבטיה 00 סנו 1 ליטר,סנו מפעלי ברונוס בעמ,IL,"סנו ""00"" לאמבטיה",ליטרים,1.00,ליטר,false,0,8.90,8.90,true,1,
7290012117275,false,"קליר שקית מילוי לניקוי חלונות סנו 750 מ""ל",טרופיקל דגיל תעשיות,IL,סנוקליר מילוי,מיליליטרים,750.00,"100 מ""ל",false,0,6.90,0.92,true,1,
7290012117428,false,"ג'ל רחצה ושמפו מעיינות מנטה קרמה מן 700 מ""ל",טרופיקל דגיל תעשיות,IL,קרמה ג'ל רחצה,מיליליטרים,700.00,"100 מ""ל",false,0,19.70,2.81,true,1,
7290012117534,false,מרכך כביסה מרוכז תכלת קול סנו מקסימה 1 ליטר,"סנו מפעלי ברונוס בע""\מ",IL,מקסימה ס.מרוכז,ליטרים,1.00,ליטר,false,0,18.90,18.90,true,1,
7290012117541,false,מרכך כביסה מרוכז צהוב סנו מקסימה 1 ליטר,סנו מפעלי ברונוס בעמ,IL,מקסימה מרכך,ליטרים,1.00,ליטר,false,0,18.90,18.90,true,1,
7290012117626,false,שטיפת פה דנטלית לילדים בטעם ענבים בוב ספוג,קוסמופארם בע'\'\מ,IL,אורביטול מי פה,מיליליטרים,250.00,"100 מ""ל",false,0,12.90,5.16,true,1,
7290012117916,false,אינסטלטור נוזל לפתיחת סתימות סנו 1 ליטר,"סנו מפעלי ברונוס בע""",IL,אינסטלטור נוזלי,ליטרים,1.00,ליטר,false,0,29.90,29.90,true,1,
7290012159275,false,מיונז אמיתי 430 גרם LINA,לינה,LT,מיונז לינה,גרמים,430.00,100 גרם,false,0,12.90,3.00,true,1,
7290012226120,false,"קבנוס 135 גרם ""זוגלובק""",נקניק נהריה כשר זוגל,IL,קבנוס,גרמים,135.00,100 גרם,false,0,12.90,9.56,true,1,
7290012226342,false,נקניקיה טבעונית למחבת או לתנור עשירה בחלבון,זוגלו'ס Zoglos,IL,נקניקיה טבעונית,גרמים,460.00,100 גרם,false,1,31.90,6.93,true,1,
7290012226922,false,קבנוס בטעם שום זוגלובק 135 גרם,נקניק נהריה כשר זוגל,IL,קבנוס בטעם שום,גרמים,135.00,100 גרם,false,0,12.90,9.56,true,1,
7290012226939,false,קבנוס עם צ'ילי חריף זוגלובק 135 גרם,נקניק נהריה כשר זוגל,IL,קבנוס בטעם צ'ילי,גרמים,135.00,100 גרם,false,0,12.90,9.56,true,1,
7290012226991,false,"נקניקיות עוף באריזת ג''מבו 1.5 ק""ג זוגלובק",נקניק נהריה כשר זוגל,IL,נקניקיות ג'מבו,גרמים,1500.00,100 גרם,false,0,32.90,2.19,true,1,
7290012227912,false,קבנוס מעודן זוגלובק 135 גרם,זוגלובק,IL,קבנוס מעודן,גרמים,135.00,100 גרם,false,1,12.90,9.56,true,1,
7290012227974,false,פסטרמה הודו בדבש טהור דק דק דק,זוגלובק,IL,פסטרמה בדבש דק,גרמים,120.00,100 גרם,false,1,14.90,12.42,true,1,
7290012227981,false,פסטרמה דק דק ברביקיו 120 ג' זוגלובק,זוגלובק,IL,פסטרמה ברביקיו,גרמים,120.00,100 גרם,false,1,14.90,12.42,true,1,
7290012227998,false,פסטרמה דק דק חזה בקר 120 ג' זוגלובק,זוגלובק,IL,חזה בקר דק דק,גרמים,120.00,100 גרם,false,1,14.90,12.42,true,1,
7290012228124,false,קבנוס סטיקס עם נגיעות מלח ים סדרת ריינהולד'ס,זוגלובק,IL,קבנוס סטיקס דק ד,גרמים,50.00,100 גרם,false,1,10.90,21.80,true,1,
7290012228278,false,נקנקיות בוקוורסט עוף ובקר ריינהולד'ס 310 ג' זוגלובק,זוגלובק,IL,נקניקיות הודו-בק,גרמים,310.00,100 גרם,false,1,23.90,7.71,true,1,
7290012244056,false,עוגת גבינה ופירורים 900ג,"גידרון תעשיות בע""מ",IL,עוגת גבינה,יחידה,1.00,יחידה,false,0,71.90,71.90,true,1,
7290012244605,false,מוס ריבת חלב פרווה 850גר,גידרון,IL,עוגת מוס פרווה,גרמים,850.00,100 גרם,false,0,71.90,8.46,true,1,
7290012244643,false,מארז פיתה תימנית5יח100*ג,מאפיית אנג'ל,IL,פיתה תימנית 5יח,גרמים,5.00,100 גרם,false,0,13.90,278.00,true,1,
7290012313240,false,מיקס זית ירוק וקלמטה קבוצת יבנה 560 גרם,קבוצת יבנה,IL,מיקס זיתים,גרמים,560.00,100 גרם,false,1,13.60,2.43,true,1,
7290012313400,false,זיתים סורי מבוקעים 215 ג' יבנה,קבוצת יבנה,IL,זית סורי מבוקע,גרמים,215.00,100 גרם,false,1,13.90,6.47,true,1,
7290012313554,false,עלי גפן ממולאים אורז400ג,אסמה קונסרבסיליק גיד,TR,עלי גפן ממולאים,גרמים,400.00,100 גרם,false,1,9.90,2.48,true,1,
7290012317491,false,קובה ירושלמי 600 גרם,יסמין,IL,קובה ירושלמי,גרמים,600.00,100 גרם,false,0,37.90,6.32,true,1,
7290012352034,false,"נטורל - קרם לחות עם שמן אגוז מקדמיה לשיער מתולתל 400 מ""ל",נטורל פורמולה Natural Formula,IL,קרם לחות נטורל,מיליליטרים,400.00,"100 מ""ל",false,0,21.90,5.48,true,1,
7290012372100,false,"קמח מלא בהיר 80% רובינפלד 1 ק""ג","סופר קמח רובינפלד בע""מ",IL,קמח חיטה,קילוגרמים,1.00,"ק""ג",false,0,11.90,11.90,true,1,
7290012372124,false,"קמח מנופה כוסמין מלא רוביפנלד 1 ק""ג","סופר קמח רובינפלד בע""מ",IL,קמח כוסמין,קילוגרמים,1.00,"ק""ג",false,1,18.90,18.90,true,1,
7290012372155,false,"קמח מנופה כוסמין 80% רוביפנלד 1 ק""ג","סופר קמח רובינפלד בע""מ",IL,קמח כוסמין,קילוגרמים,1.00,"ק""ג",false,1,18.90,18.90,true,1,
7290012372247,false,"קמח מנופה כוסמין לבן רוביפנלד 1 ק""ג","סופר קמח רובינפלד בע""מ",IL,קמח כוסמין,קילוגרמים,1.00,"ק""ג",false,1,18.90,18.90,true,1,
7290012413636,false,תה ירוק צ'אי מסאלה ויסוצקי 25 יחידות,ויסוצקי ירוק,IL,תה ירוק צ'אי,גרמים,38.00,100 גרם,false,0,26.90,70.79,true,1,
7290012413643,false,תה ירוק קמומיל ויסוצקי 25 יחידות,ויסוצקי ירוק,IL,תה ירוק קמומיל,גרמים,37.00,100 גרם,false,0,26.90,72.70,true,1,
7290012522581,false,שניצל תירס ללא גלוטן טבעול 664 גרם,עיצובים 2020 (4.8),IL,שניצל תירס,גרמים,664.00,100 גרם,false,0,27.50,4.14,true,1,
7290012576607,false,"יין קברנה סוביניון פרמייר מלבק אדום ברקן 750 מ""ל","ברקן שיווק והפצה בע""",IL,פרמייר קברנה,מיליליטרים,750.00,"100 מ""ל",false,0,28.90,3.85,true,1,
7290012642852,false,פלפל אדום על האש תומר 330 גרם,סאטקו,BG,פלל אדום קלוי,גרמים,540.00,100 גרם,false,0,13.90,2.57,true,1,
7290012645112,false,יוגורט עיזים 2.8% בדלי חלב הארץ 750 גרם,מחלבות סוסיא,IL,יוגורט עיזים,גרמים,750.00,100 גרם,false,1,21.50,2.87,true,1,
7290012645297,false,יוגורט עיזים ביו 2.8% טעם טבעי חלב הארץ 150 גרם,מחלבות סוסיא,IL,יוגורט עיזים,גרמים,150.00,100 גרם,false,0,5.90,3.93,true,1,
7290012645389,false,יוגורט עיזים 3.7%בבקבוק חלב הארץ 1 ליטר,מחלבות סוסיא,IL,יוגורט עיזים,ליטרים,1.00,ליטר,false,0,23.50,23.50,true,1,
7290012803765,false,טוסו שוקולד מריר ללא תוספת סוכר 100 גרם,אלטינמארקה גידה סאן,TR,שוקולד מריר,גרמים,100.00,100 גרם,false,0,12.90,12.90,true,1,
7290012823381,false,מקסימה מרכך כביסה מרוכז סנסטיב בייבי סנו 1 ליטר,"סנו מפעלי ברונוס בע""\מ",IL,מרכך כביסה,ליטרים,1.00,ליטר,false,0,18.90,18.90,true,1,
7290012823923,false,"מרכך כביסה מרוכז פרפיום גולדן מקסימה 750 מ""ל",סנו מפעלי ברונוס בעמ,IL,מקסימה פרפיום,מיליליטרים,750.00,"100 מ""ל",false,0,18.90,2.52,true,1,
7290012823947,false,"סנו - מרכך כביסה מרוכז פרפיום קריסטל נואר 750 מ""ל",מיוצר עי קונדיטוריית,IL,מקסימה פרפיום,מיליליטרים,750.00,"100 מ""ל",false,0,18.90,2.52,true,1,
7290012884986,false,"צ'יפס לתנור 4% שומן תפוגן 1.5 ק""ג","תעשיות תפוגן בע""\מ",IL,ציפס לתנור,קילוגרמים,1.50,"ק""ג",false,0,29.90,19.93,true,1,
7290012901355,false,דודלס ארוחת אטריות עם גבינה 206 גרם,האי נאם סי או אל.טי.,US,ארוחת מקרוני,גרמים,206.00,100 גרם,false,1,12.90,6.26,true,1,
7290012901973,false,"שעועית אדומה, 400 גרם גאלה",יורוקום אס.אר.אל,IT,שעועית אדומה,גרמים,400.00,100 גרם,false,1,10.90,2.73,true,1,
7290012938405,false,"רדיד אלומיניום עבה במיוחד לבישול,אפייה והקפאה.",ריינולדס,CN,רדיד אלומיניום,מטרים,7600.00,מטר,false,0,17.50,0.00,true,1,
7290012962448,false,"מדליק פחם נוזלי 250 מ""ל עם פקק ביטחון EASY LIGHT",איזי לייט Easy light,NL,מדליק פחם,מיליליטרים,250.00,"100 מ""ל",false,0,9.80,3.92,true,1,
7290013027399,false,לחם קמח מלא קל בתוספת שיפון 750 ג' אנג'ל,מאפיית שלמה א. אנג'\ל בע,IL,אנג'ל -100קל,גרמים,750.00,100 גרם,false,0,15.90,2.12,true,1,
7290013068378,false,שמן זית ישראלי כתית 2 ל',אליעד בית בד בגולן,IL,שמן זית ישראלי,ליטרים,2.00,ליטר,false,0,86.30,43.15,true,1,
7290013068682,false,שמן זית כתית מעולה 750 מ,אליעד בית בד בגולן,IL,שמן זית כתית,מיליליטרים,750.00,"100 מ""ל",false,0,38.90,5.19,true,1,
7290013068705,false,שמן זית ישראלי כתית750מ,אליעד בית בד בגולן,IL,"שמן זית 750 מ""ל",מיליליטרים,750.00,"100 מ""ל",false,0,38.90,5.19,true,1,
7290013083661,false,"מטרנה אקסטרה קר שלב 1 חסכון 700 גרם תמ""ל",מטרנה תעשיות ש.מ,IL,מטרנה אקסטרה קר,גרמים,700.00,100 גרם,false,0,61.90,8.84,true,1,
7290013083678,false,"מטרנה אקסטרה קר שלב 2 חסכון 700 גרם תמ""ל",מולינו ניקולי s.p.a,IL,מטרנה אקסטרה קר,גרמים,700.00,100 גרם,false,0,61.90,8.84,true,1,
7290013083685,false,תחליף חלב מטרנה אקסטרה קר שלב 3 חסכון 700 גרם,מטרנה תעשיות ש.מ,IL,מטרנה אקסטרה קר,גרמים,700.00,100 גרם,false,0,61.90,8.84,true,1,
7290013117212,false,בורקס פילו במילוי גבינה מעדנות 600 גר,מיוצר עי קונדיטוריית,IL,בורקס גבינה,גרמים,600.00,100 גרם,false,0,23.90,3.98,true,1,
7290013117229,false,"בורקס פילו במילוי תפו""א מעדנות 600 גר",מיוצר עי קונדיטוריית,IL,"בורקס תפו""א",גרמים,600.00,100 גרם,false,0,23.90,3.98,true,1,
7290013117243,false,בורקס פילו בולגרית מעדנות 600 גרם,מיוצר עי קונדיטוריית,IL,בורקס בולגרית,גרמים,600.00,100 גרם,false,0,23.90,3.98,true,1,
7290013117427,false,בצק פריך מרודד למאפים מלוחים מעדנות 2*450 גרם,מיוצר עי קונדיטוריית,IL,בצק פריך,גרמים,900.00,100 גרם,false,0,26.40,2.93,true,1,
7290013117526,false,בצק שמרים מרודד למאפים מתוקים מעדנות 900 גרם,"מעדנות בע""\מ",IL,בצק שמרים,גרמים,900.00,100 גרם,false,0,25.70,2.86,true,1,
7290013121011,false,חלת שבת 500 גרם ללא גלוטן,אביב קונדיטוריה מעול,IL,"חלת שבת לל""ג",גרמים,500.00,100 גרם,false,0,23.90,4.78,true,1,
7290013121035,false,לחם פשתן ללא גלוטן 500 גר קפוא,אביב קונדיטוריה מעול,IL,לחם פשתן,גרמים,500.00,100 גרם,false,0,20.90,4.18,true,1,
7290013121127,false,לחמניות מיני ללא גלוטן גרין לייט 6 יחידות,אביב קונדיטוריה מעול,IL,לחמניות מיני,גרמים,460.00,100 גרם,false,0,15.90,3.46,true,1,
7290013144157,false,תערובת להכנת סחלב 130גרם,א.ל ייצור ושיווק תבלינים,IL,תערובת לסחלב,גרמים,130.00,100 גרם,false,0,10.90,8.38,true,1,
7290013144232,false,מיימונס פודינג בטעם וניל 80 גרם,א.ל ייצור ושיווק תבלינים,IL,פודינג וניל,גרמים,80.00,100 גרם,false,0,6.50,8.13,true,1,
7290013146755,false,"קצפת 24% שומן מימונס 500 מ""ל",מוצרי קפוא זן,BG,קצפת צמחית,מיליליטרים,500.00,"100 מ""ל",false,1,15.90,3.18,true,1,
7290013146762,false,"קצפת לזילוף 24% שומן מימונס 200 מ""ל",מוצרי קפוא זן,BG,קצפת צמחית,מיליליטרים,200.00,"100 מ""ל",false,1,8.90,4.45,true,1,
7290013153395,false,פריגת סחוט טרי רימונים 1ליטר,פריגת מצוננים,IL,מיץ רימונים,ליטרים,1.00,ליטר,false,1,24.10,24.10,true,1,
7290013153418,false,פריגת סחוט לימונענע 1 ליטר,פריגת מצוננים,IL,מיץ לימון נענע,ליטרים,1.00,ליטר,false,1,17.20,17.20,true,1,
7290013153586,false,"משקה פירות יער קפוא פריגת 340 מ""ל",היינץ צפון אמריקה מק,IL,פריגת פירות יער,גרמים,340.00,100 גרם,false,1,14.90,4.38,true,1,
7290013156006,false,עוגיות כעכים לקפה מרוקאיות 200גר,אלף נשיקות,IL,עוגיות מרוקאיות,גרמים,350.00,100 גרם,false,1,18.90,5.40,true,1,
7290013156822,false,עוגיות רייף גיקובס 3,אלף נשיקות,IL,עוגיות רייף,גרמים,350.00,100 גרם,false,1,18.90,5.40,true,1,
7290013156846,false,עוגיות מלוחות גיקובס,אלף נשיקות,IL,עוגיות מלוחות,גרמים,350.00,100 גרם,false,1,18.90,5.40,true,1,
7290013156914,false,עוגיות כעך טוניסאי 350גר,אלף נשיקות,IL,עוגיות כעך טוניס,גרמים,350.00,100 גרם,false,1,18.90,5.40,true,1,
7290013156921,false,"אצבעות מתוקות ללת""ס350ג",אלף נשיקות,IL,אצבעות מתוקות,גרמים,350.00,100 גרם,false,1,18.90,5.40,true,1,
7290013268020,false,מקסימה מרכך כביסה מרוכז בניחוח אולטרא פרש סנו 1 ליטר,"סנו מפעלי ברונוס בע""\מ",IL,מרכך כביסה,ליטרים,1.00,ליטר,false,0,18.90,18.90,true,1,
7290013268242,false,תרכיז ריחני לניקוי רצפות בריח מלון מפנק ריצפז פרש,"סנו מפעלו ברונוס בע""\מ",IL,ריצפז פרש הום,ליטרים,2.00,ליטר,false,1,21.90,10.95,true,1,
7290013268839,false,פוליויקס פרקט-תרכיז ריחני לניקוי רצפות עץ,"סנו מפעלי ברונוס בע""\מ",IL,פוליויקס פרקט,ליטרים,2.00,ליטר,false,1,24.90,12.45,true,1,
7290013268891,false,אוקסיג'ן ג'ל ללא אקונומיקה עם חמצן פעיל סנו 3 ליטר,"סנו מפעלי ברונוס בע""\מ",IL,אוקסיג'ן ג'ל,ליטרים,3.00,ליטר,false,0,32.90,10.97,true,1,
7290013268983,false,מרכך כביסה סופר מרוכז בבישום עוצמתי סנו מקסימה 1 ל',"סנו מפעלי ברונוס בע""\מ",IL,מרכך מרוכז ג'וי,ליטרים,1.00,ליטר,false,1,18.90,18.90,true,1,
7290013268990,false,מרכך כביסה מרוכז לבן ביו סנו מקסימה 1 ליטר,"סנו מפעלי ברונוס בע""\מ",IL,מקסימה מרכך,ליטרים,1.00,ליטר,false,0,18.90,18.90,true,1,
7290013269003,false,מרכך כביסה סופר מרוכז בייבי לתינוקות ולעור רגיש,"סנו מפעלי ברונוס בע""\מ",IL,מקסימה מרכך,ליטרים,1.00,ליטר,false,0,19.90,19.90,true,1,
7290013269263,false,ג'ל כביסה מרוכז מקסימה בבישום קריסטל נואר,סנו מפעלי ברונוס בעמ,IL,מקסימה ג'ל,ליטרים,3.00,ליטר,false,0,35.60,11.87,true,1,
7290013269287,false,סנו - מקסימה ג'ל כביסה מרוכז מאסק 3 ליטר,"סנו מפעלי ברונוס בע""\מ",IL,ג'ל כביסה מרוכז,ליטרים,3.00,ליטר,false,0,35.60,11.87,true,1,
7290013269621,false,ריצפז פרש לניקוי רצפות בניחוח מלון בוטיק,מיוצר עי קונדיטוריית,IL,ריצפז פרש הום,ליטרים,2.00,ליטר,false,1,21.90,10.95,true,1,
7290013269850,false,נייר אפיה אקולוגי סנו סושי 50 יחידות,מולינו ניקולי s.p.a,IL,נייר אפיה,יחידה,1.00,יחידה,false,0,17.90,17.90,true,1,
7290013284112,false,פריניר זית חרוזית יר,פריניר ( הדס 1987) ב,IL,זיתים ירוקים,גרמים,560.00,100 גרם,false,0,9.40,1.68,true,1,
7290013284143,false,מלפפונים פריניר במלח,פריניר,IL,מלפפונים במלח,גרמים,560.00,100 גרם,false,0,7.80,1.39,true,1,
7290013284310,false,רוטב פסטה לילדים פריניר 240 גרם,פריניר ( הדס 1987) ב,IL,רוטב פסטה,גרמים,240.00,100 גרם,false,0,6.50,2.71,true,1,
7290013284662,false,רוטב פיצה פיתה לילדים 240 ג' פריניר,פריניר ( הדס 1987) ב,IL,רוטב פיצה פיתה,גרמים,240.00,100 גרם,false,0,6.50,2.71,true,1,
7290013358509,false,"מיקסלט גרעינים, קטניות ואגוזים",בטר אנד דיפרנט,IL,מיקסלט,גרמים,200.00,100 גרם,false,0,15.80,7.90,true,1,
7290013366047,false,כרובית פיורטי (כרובית+ברוקולי),כרמלים שדות חדשים,IL,כרובית פיורטי,גרמים,500.00,100 גרם,false,1,19.90,3.98,true,1,
7290013366085,false,תירס סופר סוויט ארוז,כרמלים שדות חדשים,IL,תירס מתוק במיוחד,גרמים,800.00,100 גרם,false,1,19.90,2.49,true,1,
7290013366108,false,אספרגוס ירוק כרמלים,כרמלים שדות חדשים,IL,אספרגוס ירוק,גרמים,400.00,100 גרם,false,1,31.90,7.98,true,1,
7290013366252,false,קטניות מונבטות יחידה,כרמלים שדות חדשים,IL,קטניות מונבטות,יחידה,1.00,יחידה,false,1,10.90,10.90,true,1,
7290013366719,false,פאק צ'וי כרמל יבולם,כרמלים שדות חדשים,IL,באקצ'וי,גרמים,200.00,100 גרם,false,1,13.90,6.95,true,1,
7290013430083,false,"בירה אלכסנדר בלונד בקבוק 330 מ""ל",מנדלז סי.אר. פרודקשן,IL,בירה אלכסנדר,מיליליטרים,330.00,"100 מ""ל",false,0,11.90,3.61,true,1,
7290013430090,false,בירה אלכסנדר אמברה AMBREE בירה ישראלית,מנדלז סי.אר. פרודקשן,IL,בירה אלכסנדר,מיליליטרים,330.00,"100 מ""ל",false,0,11.90,3.61,true,1,
7290013440648,false,מאגדת שלגוני אבטיח נסטלה 5 יחידות,גלידות נסטלה )נגה גלידות,IL,מאגדת אבטיח,גרמים,540.00,100 גרם,false,0,27.90,5.17,true,1,
7290013531346,false,סירופ דיאט בטעם לימונענע יכין 1 ליטר,"זנלכל בע""\מ",IL,סירופ לימונענע,ליטרים,1.00,ליטר,false,1,17.90,17.90,true,1,
7290013585233,false,"ספרייט ZERO פחית סליק 330 מ""ל",החברה המרכזית לייצור משקאות,IL,ספרייט זירו,מיליליטרים,330.00,"100 מ""ל",false,1,5.40,1.64,true,1,
7290013585387,false,קוקה קולה זירו בקבוק,החברה המרכזית לייצור משקאות,IL,קולה זירו,ליטרים,1.00,ליטר,false,1,7.20,7.20,true,1,
7290013585394,false,קוקה קולה 1ליטר בודד,החברה המרכזית לייצור משקאות,IL,קוקה קולה,ליטרים,1.00,ליטר,false,1,7.50,7.50,true,1,
7290013608260,false,מיץ רימונים 100%מיץ סחוט טרי מצונן 1ליט,"גניר (1992) בע""מ",IL,מיץ רימונים,ליטרים,1.00,ליטר,false,0,26.70,26.70,true,1,
7290013652157,false,"ד""ר פישר - נטורל קר מגבונים להסרת איפור לעור רגיל יבש 30 יח' * 3",פישר מעבדות פרמצבטיות בע,IL,מגבונים 3 יח,יחידה,1.00,יחידה,false,0,19.90,19.90,true,1,
7290013675545,false,"שניצל כלי תחבורה ""מאמא עוף"" 700 גרם",תנובה גליל שותפות מוגבלת,IL,שניצל כליתחבורה,גרמים,700.00,100 גרם,false,1,37.90,5.41,true,1,
7290013702883,false,"שוופס מוגז פינק למונייד 500 מ""ל",יפאורה שותפות מובגלת לשיווק,IL,שוופס לימונדה,מיליליטרים,500.00,"100 מ""ל",false,0,6.30,1.26,true,1,
7290013713025,false,"בירה ג'מס פילס בקבוק 330 מ""ל","אביר הבר בע""מ",IL,בירה ג'מס פילס,מיליליטרים,330.00,"100 מ""ל",false,0,12.90,3.91,true,1,
7290013713049,false,"בירה גמס 8.8 איל בלגי מחוזקת 330 מ""ל","אביר הבר בע""מ",IL,בירה ג'מס 8.8%,מיליליטרים,330.00,"100 מ""ל",false,0,12.90,3.91,true,1,
7290013724939,false,משוקלדים חמוציות מריר 140 גר' קופסא,"דין שיווק וקלייה בע""",IL,חמוציות בשוקולד,גרמים,160.00,100 גרם,false,0,15.80,9.88,true,1,
7290013724946,false,שקדים בשוקולד מריר 140 גר שקדיה,"דין שיווק וקלייה בע""",IL,שקד בשוקולד מריר,גרמים,160.00,100 גרם,false,0,15.80,9.88,true,1,
7290013724953,false,חמוציות בציפוי שוקולד בקופסא שקדיה 140 גרם,"דין שיווק וקלייה בע""",IL,חמוציות בשוקולד,גרמים,160.00,100 גרם,false,0,15.80,9.88,true,1,
7290013724960,false,שקדים בציפוי שוקולד בקופסא שקדיה 140 גרם,"דין שיווק וקלייה בע""",IL,שקדים בשוקולד,גרמים,160.00,100 גרם,false,0,15.80,9.88,true,1,
7290013724991,false,אגוזי לוז בציפוי שוקולד בקופסא שקדיה 140 גרם,"דין שיווק וקלייה בע""",IL,א.לוז בשוקולד,גרמים,160.00,100 גרם,false,0,15.80,9.88,true,1,
7290013725820,false,אגוזי לוז בשוקולד מריר 140 גר שקדיה,"דין שיווק וקלייה בע""",IL,א.לוז בשוקולד,גרמים,160.00,100 גרם,false,0,15.80,9.88,true,1,
7290013847454,false,טונה סטארקיסט שמן קנולה רביעיות 4*160 גר,"טונה ויאטנם קו,. אל.טי.ד",VN,טונה בשמן 4 יח,גרמים,640.00,100 גרם,false,1,25.90,4.05,true,1,
7290013848420,false,דאודורנט גל קרמה מן אנטיפרספירנט 70 מל,גוד פוד פרודקטס S.p,IL,דאו.ג'ל ספורט,מיליליטרים,70.00,"100 מ""ל",false,0,18.90,27.00,true,1,
7290013848758,false,מקסימה גל כביסה מרוכז בייבי 3ליטר סנסטיב,"סנו מפעלי ברונוס בע""\מ",IL,ג'ל לכביסה בייבי,ליטרים,3.00,ליטר,false,0,38.90,12.97,true,1,
7290013861054,false,שוקולד קופ עם צימוקים וחלב 160 ג',"דין שיווק וקלייה בע""",IL,צימוק בשוקולד,גרמים,160.00,100 גרם,false,0,15.80,9.88,true,1,
7290013906205,false,פסטרמה עם שום וצילי טירת צבי 400 ג',הנסיך- מפעל לייצור ט,IL,פסטרמה שום+צ'לי,גרמים,400.00,100 גרם,false,0,29.90,7.48,true,1,
7290013906694,false,נקניקיות שקית קילו וחצי טירת צבי,הנסיך- מפעל לייצור ט,IL,נקניקיות עוף 1.5,קילוגרמים,1.50,"ק""ג",false,1,39.90,26.60,true,1,
7290014002197,false,חליטת קמומיל ולימונית הגן הקסום ויסוצקי 25 יחידות,תה ויסוצקי,IL,חליטת קמומיל,גרמים,75.00,100 גרם,false,0,19.90,26.53,true,1,
7290014002203,false,חליטת לימונית ולואיזה הגן הקסום ויסוצקי 25 יחידות,תה ויסוצקי,IL,חליטת לימונית,גרמים,75.00,100 גרם,false,0,19.90,26.53,true,1,
7290014002579,false,תה ירוק וניל ויסוצקי 25 יחידות,ויסוצקי ירוק,IL,תה ירוק וניל,גרמים,38.00,100 גרם,false,0,26.90,70.79,true,1,
7290014002944,false,גן קסום חליטת פירות וצמחים חמדת שקד 25 שקיקים,תה ויסוצקי,IL,חליטת חמדת שקד,גרמים,57.00,100 גרם,false,0,19.90,34.91,true,1,
7290014002982,false,תה ירוק לימונית ולואיזה ויסוצקי 25 יחידות תוספת סטיביה,ויסוצקי ירוק,IL,תה ירוק סטיביה,גרמים,37.00,100 גרם,false,0,26.90,72.70,true,1,
7290014046016,false,פסטרמה של פעם דל שומן 2% רכיבים טבעיים,מעדני יחיעם,IL,פסטרמה של פעם,גרמים,250.00,100 גרם,false,0,27.90,11.16,true,1,
7290014046474,false,"נקניקיות עוף יחיעם 1.5 ק""ג",מעדני יחיעם,IL,נקניקיות עוף,קילוגרמים,1.50,"ק""ג",false,0,34.20,22.80,true,1,
7290014046580,false,"פסטרמה מעודנת על האש 300 גרם ""יחיעם""",מעדני יחיעם 1993,IL,פסטרמה הודו מעוד,גרמים,300.00,100 גרם,false,1,22.90,7.63,true,1,
7290014046757,false,סלמי תה מעדני יחיעם,מעדני יחיעם,IL,סלמי תה,גרמים,300.00,100 גרם,false,1,22.90,7.63,true,1,
7290014059085,false,"משחת שיניים סנסודיין 75 מ""ל פרימיום לשיקום והגנה","סמית קליין ביצ'ם בע""",GB,משחת סנסודיין,מיליליטרים,75.00,"100 מ""ל",false,0,26.90,35.87,true,1,
7290014066366,false,לנדוור-קפסולות אספרסו ריסטרטו(08) - 10יח'12X יח,קפה לנדוור,IL,קפסולות לנדוור,גרמים,50.00,100 גרם,false,1,16.40,32.80,true,1,
7290014066373,false,לנדוור-קפסולות אספרסו קלאסיק(09) - 10יח'12X יח,קפה לנדוור,IL,קפסולות לנדוור,גרמים,50.00,100 גרם,false,1,16.40,32.80,true,1,
7290014066380,false,לנדוור-קפסולות אספרסו סופרימו(10) - 10יח'12X יח,קפה לנדוור,IL,קפסולות לנדוור,גרמים,50.00,100 גרם,false,1,16.40,32.80,true,1,
7290014066526,false,לנדוור-קפסולות אספרסו תערובת הבית(11) - 10יח'12X יח,קפה לנדוור,IL,קפסולות לנדוור,גרמים,50.00,100 גרם,false,1,16.40,32.80,true,1,
7290014066533,false,לנדוור-קפסולות אספרסו קלייה כפולה(12) - 10יח'12X יח,קפה לנדוור,IL,קפסולות לנדוור,גרמים,50.00,100 גרם,false,1,16.40,32.80,true,1,
7290014083479,false,גבינה פרוסה גאודה 27% שומן EURO CHEESE ויליפוד 150 גרם,ג.וילי פוד אינטרנשיו,IL,גבינת גאודה,גרמים,150.00,100 גרם,false,0,13.00,8.67,true,1,
7290014088900,false,"מיונז אמיתי 0.5 ק""ג הילדה",ר.ס,IL,מיונז 500 גרם,גרמים,500.00,100 גרם,false,1,9.90,1.98,true,1,
7290014089112,false,רוזמרין בעציץ יחידה,פרח הארץ,IL,רוזמרין בעציץ,יחידה,1.00,יחידה,false,1,8.90,8.90,true,1,
7290014089129,false,רקפת בעציץ יחידה,פרח הארץ,IL,רקפת בעציץ,יחידה,1.00,יחידה,false,1,19.90,19.90,true,1,
7290014089136,false,קורנית בעציץ יחידה,פרח הארץ,IL,קורנית בעציץ,יחידה,1.00,יחידה,false,1,8.90,8.90,true,1,
7290014089310,false,פטוניה בעציץ יחידה,פרח הארץ,IL,פטוניה בעציץ,יחידה,1.00,יחידה,false,1,8.90,8.90,true,1,
7290014089419,false,מרווה בעציץ יחידה,פרח הארץ,IL,מרווה בעציץ,יחידה,1.00,יחידה,false,1,8.90,8.90,true,1,
7290014089488,false,ורבנה בעציץ יחידה,פרח הארץ,IL,ורבנה בעציץ,יחידה,1.00,יחידה,false,1,8.90,8.90,true,1,
7290014089563,false,יקינטון בעציץ יחידה,פרח הארץ,IL,יקינטון בעציץ,יחידה,1.00,יחידה,false,1,25.00,25.00,true,1,
7290014089570,false,אמנון ותמר בעציץ יחידה,פרח הארץ,IL,אמנון ותמר בעציץ,יחידה,1.00,יחידה,false,1,8.90,8.90,true,1,
7290014089594,false,אלוורה בעציץ יחידה,פרח הארץ,IL,אלוורה בעציץ,יחידה,1.00,יחידה,false,1,25.00,25.00,true,1,
7290014089655,false,ניצנית בעציץ יחידה,פרח הארץ,IL,ניצנית בעציץ,יחידה,1.00,יחידה,false,1,14.90,14.90,true,1,
7290014089716,false,אנטוריום בעציץ יחידה,פרח הארץ,IL,אנטוריום בעציץ,יחידה,1.00,יחידה,false,1,64.90,64.90,true,1,
7290014094260,false,שיני שום קלוף קמעונאי,יאנונינגלנאגג פרודיס לטד,CN,שיני שום קלופות,גרמים,160.00,100 גרם,false,1,11.90,7.44,true,1,
7290014095021,false,אגוז מלך טבעי150ג שקדיה,שקדיה,IL,אגוז מלך קלוף,גרמים,150.00,100 גרם,false,0,10.00,6.66,true,1,
7290014095052,false,פקאן מסוכר 150גרם,שקדיה,IL,פקאן מסוכר,גרמים,150.00,100 גרם,false,1,15.00,10.00,true,1,
7290014095946,false,משוקלדים פקאן בשוקולד מריר 140 גרם,"שקדיה גבע תעשיות בע""",IL,פ.בשוקולד מריר,גרמים,160.00,100 גרם,false,0,15.80,9.88,true,1,
7290014095953,false,פקאן בציפוי שוקולד בקופסא שקדיה 140 גרם,שקדיה גבע בתעשיות עמ,IL,פקאן בשוקולד חלב,גרמים,160.00,100 גרם,false,0,15.80,9.88,true,1,
7290014126428,false,מרמולייט סטיביה ממתיק 150 טבליות,מיוצר עי קונדיטוריית,CN,טבליות סטיביה,גרמים,9.00,100 גרם,false,0,32.90,365.56,true,1,
7290014217003,false,פפריקה מעושנת בקופ' 90 גר' טעם וריח,"תבליני טעם וריח בע""מ",IL,פפריקה,גרמים,90.00,100 גרם,false,0,11.80,13.11,true,1,
7290014217010,false,דגים T130 -BUL בקופ' 90 גר' טעם וריח,"תבליני טעם וריח בע""מ",IL,תערובת לדגים,גרמים,90.00,100 גרם,false,0,13.80,15.33,true,1,
7290014217027,false,עוף T130 -BUL בקופ' 120 גר' טעם וריח,"תבליני טעם וריח בע""מ",IL,תערובת לעוף,גרמים,120.00,100 גרם,false,0,13.80,11.50,true,1,
7290014217140,false,"מיכל ראס אל חנות 100 גר' ""טעם וריח""","תבליני טעם וריח בע""מ",IL,תיבול רס אל חנות,גרמים,100.00,100 גרם,false,1,11.80,11.80,true,1,
7290014217171,false,תערובת תיבול תיבול גריל דג מיכל 100ג',"תבליני טעם וריח בע""מ",IL,תערובת תיבול דג,גרמים,100.00,100 גרם,false,1,10.90,10.90,true,1,
7290014217225,false,גריל עוף בקופ' 120 גר' טעם וריח,"תבליני טעם וריח בע""מ",IL,גריל עוף,גרמים,120.00,100 גרם,false,0,11.80,9.83,true,1,
7290014217263,false,תיבול לפרגית בקופ' 100 גר' טעם וריח,"תבליני טעם וריח בע""מ",IL,תערובת לפרגיות,גרמים,100.00,100 גרם,false,1,11.90,11.90,true,1,
7290014217348,false,"מיכל צ'ילי כתוש 70 גר' ""טעם וריח""","תבליני טעם וריח בע""מ",IL,צ'ילי כתוש חריף,גרמים,70.00,100 גרם,false,1,11.90,17.00,true,1,
7290014217355,false,קרי אבקה בקופ' 100 גר' טעם וריח,"תבליני טעם וריח בע""מ",IL,אבקת קרי,גרמים,100.00,100 גרם,false,0,11.80,11.80,true,1,
7290014217362,false,תיבול לקציצות בקופ' 100 גר' טעם וריח,"תבליני טעם וריח בע""מ",IL,תיבול לקציצות,גרמים,100.00,100 גרם,false,0,11.80,11.80,true,1,
7290014217478,false,תערובת עשבי תיבול איטלקי ים תיכוני 30ג',"תבליני טעם וריח בע""מ",IL,תערובת תבלינים,גרמים,30.00,100 גרם,false,1,10.90,36.33,true,1,
7290014217492,false,תיבול פילדלפיה בקופ' 100 גר' טעם וריח,"תבליני טעם וריח בע""מ",IL,תערובת תבלינים,גרמים,100.00,100 גרם,false,1,11.90,11.90,true,1,
7290014217515,false,תבלין ציפוי ללחם מלוח טעם וריח 90 ג',"תבליני טעם וריח בע""מ",IL,תערובת ציפוי,גרמים,90.00,100 גרם,false,1,10.90,12.11,true,1,
7290014217911,false,תבלין פלפל אדום מתוק בשקית 150 גר,"תבליני טעם וריח בע""\מ",IL,פלפל מתוק שלם,גרמים,150.00,100 גרם,false,1,14.90,9.93,true,1,
7290014218321,false,בורקס אישי יפו גבינה מעדנות 600 גרם,מיוצר עי קונדיטוריית,IL,בורקס יפו גבינה,גרמים,600.00,100 גרם,false,1,19.90,3.32,true,1,
7290014256620,false,"יין מבעבע קריניאנו באזז יקבי כרמל 750 מ""ל",יקבי כרמל Carmel Winery,IL,קריניאנו באזז,מיליליטרים,750.00,"100 מ""ל",false,0,29.90,3.99,true,1,
7290014256637,false,"יין מבעבע מוסקטו באזז יקבי כרמל 750 מ""ל",יקבי כרמל Carmel Winery,IL,מוסקטו באזז,מיליליטרים,750.00,"100 מ""ל",false,0,29.90,3.99,true,1,
7290014258730,false,תרכובת מזון צמחי לתינוקות מגיל 12 חודשים ואילך,מטרנה תעשיות ש.מ,IL,מטרנה צמחית,גרמים,700.00,100 גרם,false,0,68.20,9.74,true,1,
7290014397279,false,שקיות מזון גדולות XL סנו סושי 300 יחידות,"אשפלסט תעשיות בע""מ",CN,שקיות מזון,יחידה,1.00,יחידה,false,0,12.50,12.50,true,1,
7290014397453,false,סנו אוקסיגן גל מסיר כתמים כביסה לבנה 3 ל,סנו אוקסיג'ן,IL,מסיר כתמים 3ליטר,ליטרים,3.00,ליטר,false,0,32.90,10.97,true,1,
7290014397729,false,אקונומיקה פיסגה,,IL,אקונומיקה פיסגה,ליטרים,2.00,ליטר,false,0,11.50,5.75,true,1,
7290014397767,false,סנו ריצפז פרש הום כותנה מלטפת 2 ליטר,"סנו מפעלי ברונוס בע""",IL,ריצפז פרש הום,ליטרים,2.00,ליטר,false,0,21.90,10.95,true,1,
7290014455245,false,גבינה גרנה פדנו משולש גד 200 גר',מחלבת סוציאלה מנטובה,IT,גבינה גרנה פדנו,גרמים,200.00,100 גרם,false,1,26.80,13.40,true,1,
7290014455252,false,גבינה קשה מגורדת גרנה פדנו 29% שומן,מחלבות גד שיווק 1992,IT,גבינה גרנה פדנו,גרמים,100.00,100 גרם,false,1,13.80,13.80,true,1,
7290014455320,false,גבינה כדורי מוצרלה פרסקה גד 100ג',מחלבות גד בעמ,IL,מוצרלה פרסקה,גרמים,100.00,100 גרם,false,1,10.90,10.90,true,1,
7290014455467,false,ירח מתוק מעדן חלב 2% ושיבולת שועל גד 150ג',גבינות מדף,IL,מעדן שיבולת שועל,גרמים,150.00,100 גרם,false,1,6.50,4.33,true,1,
7290014455610,false,"יוגורט עיזים תות 125 גרם ""גד""",מיוצר על ידי קוד יצר,IL,יוגורט עיזים,גרמים,125.00,100 גרם,false,1,7.20,5.76,true,1,
7290014455627,false,יוגורט עיזים דובדבן אמרנה 125 גר,מיוצר עי קוד יצרן MK,IL,יוגורט עיזים,גרמים,125.00,100 גרם,false,1,7.20,5.76,true,1,
7290014459373,false,"צ'יפס קראנצ'י לתנור קפוא תפוגן 1.5ק""ג","תעשיות תפוגן בע""\מ",IL,ציפס קראנצי,גרמים,1500.00,100 גרם,false,1,28.90,1.93,true,1,
7290014501331,false,"גליל גוורצטרמינר 750 מ""ל",יקב הרי גליל,IL,גליל גוורצטרמינר,יחידה,1.00,יחידה,false,0,59.90,59.90,true,1,
7290014501829,false,"יין גליל קברנה סוביניון 750 מ""ל",יקב הרי גליל,IL,גליל קברנה,יחידה,1.00,יחידה,false,0,59.90,59.90,true,1,
7290014501942,false,"יין ירדן מרלו 2018 750 מ""ל",יקב הרי גליל,IL,גליל מרלו,מיליליטרים,750.00,"100 מ""ל",false,1,59.90,7.99,true,1,
7290014503137,false,"יין כנען אדום דלתון 750 מ""ל","יקב דלתון בע""\מ",IL,כנען אדום גליל,מיליליטרים,750.00,"100 מ""ל",false,0,47.90,6.39,true,1,
7290014503144,false,יין כנען לבן דלתון 750 מל,"יקב דלתון בע""\מ",IL,כנען לבן גליל,מיליליטרים,750.00,"100 מ""ל",false,0,47.90,6.39,true,1,
7290014673410,false,פלפל שחור גרוס דק תבליני מימון 250 גרם,א.ל ייצור ושיווק תבלינים,IL,פלפל שחור גרוס,גרמים,250.00,100 גרם,false,0,36.00,14.40,true,1,
7290014692299,false,גבינת ברי EURO CHEESE ויליפוד 125 גרם,יורו צ'יז Euro Cheese,DK,גבינת ברי,גרמים,125.00,100 גרם,false,0,22.00,17.60,true,1,
7290014749245,false,ספיישל רצועות שניצל שומשום עוף טוב 600 גרם,מוצרי עוף טוב (2001) בע\,IL,צ'ונגו רצועות,גרמים,600.00,100 גרם,false,1,39.90,6.65,true,1,
7290014749764,false,עוף טוב שניצל עוף ביתי עדין כזה 700 גרם,מוצרי עוף טוב (2001) בע\,IL,שניצל עוף ביתי ע,גרמים,700.00,100 גרם,false,1,47.90,6.84,true,1,
7290014758100,false,מאגדת יוגורט ביו 3% שומן 8 יח' *150ג' תנובה,מיוצר עי קונדיטוריית,IL,יוגורט ביו 8 יח,קילוגרמים,1.20,"ק""ג",false,0,17.30,14.42,true,1,
7290014758117,false,מאגדת יוגורט ביו 1.5% שומן 8 יח' *150 ג' תנובה,מיוצר עי קונדיטוריית,IL,יוגורט ביו 8 יח,קילוגרמים,1.20,"ק""ג",false,0,17.30,14.42,true,1,
7290014758162,false,חלב עיזים מלא 3.6% קרטון 1 ל' תנובה,תנובה מרכז שיתופי לש,IL,חלב עיזים מלא 1ל,ליטרים,1.00,ליטר,false,0,16.50,16.50,true,1,
7290014758681,false,קוטג תנובה 1% גביע 250 גרם,מיוצר עי קונדיטוריית,IL,קוטג 1% שומן,גרמים,250.00,100 גרם,false,0,5.70,2.28,true,1,
7290014759978,false,גבינת קצקבל גלעד 27% תנובה 200 גרם,תנובה חלב,IL,גב.קשקבל / גלעד,גרמים,200.00,100 גרם,false,0,30.00,15.00,true,1,
7290014760448,false,גבינה צהובה גלבוע פרוסה 22%,מיוצר בסין.יבוא ושיו,IL,גבינת גלבוע,גרמים,400.00,100 גרם,false,1,25.20,6.30,true,1,
7290014761056,false,מעדן שוקולד חלב יולו תנובה 123 גרם,מיוצר עי קונדיטוריית,IL,יולו שוקולד חלב,גרמים,123.00,100 גרם,false,0,5.20,4.23,true,1,
7290014761063,false,מעדן שוקולד מריר יולו תנובה 123 גרם,מיוצר עי קונדיטוריית,IL,יולו שוקולד מריר,גרמים,123.00,100 גרם,false,0,5.20,4.23,true,1,
7290014762800,false,"מעדן סויה בטעם שוקולד תנובה 125 מ""ל",תנובה מרכז שיתופי לש,IL,מעדן סויה ט.שוקו,גרמים,125.00,100 גרם,false,1,5.00,4.00,true,1,
7290014763272,false,"משקה סויה ביו בטעם תות בננה ""תנובה""",תות תעשיות מזון (201,IL,משקה סויה ביו,מיליליטרים,250.00,"100 מ""ל",false,1,7.20,2.88,true,1,
7290014791091,false,"שוויפס לימונייד 500 מ""ל",יפאורה שותפות מובגלת לשיווק,IL,שוופס לימונייד,מיליליטרים,500.00,"100 מ""ל",false,0,6.30,1.26,true,1,
7290014791725,false,"שוויפס תפוחים מוגז 500 מ""ל",יפאורה שותפות מובגלת לשיווק,IL,שוופס מוגז תפוח,מיליליטרים,500.00,"100 מ""ל",false,1,6.30,1.26,true,1,
7290014860070,false,"מקלוני אורז ללא גלוטן 5 מ""מ 454גר' (אור)",ניינטי נודל קו,TH,מקלוני אורז,גרמים,454.00,100 גרם,false,0,11.90,2.62,true,1,
7290014860087,false,"מקלוני אורז ללא גלוטן 5מ""מ 250גר' (אור)",Oriental food co. lt,TH,מקלוני אורז,גרמים,250.00,100 גרם,false,0,7.90,3.16,true,1,
7290014860155,false,מחצלת במבו שטוחה 24X24 ס'מ,גולין פנגזו,CN,מחצלת סושי,יחידה,1.00,יחידה,false,0,8.90,8.90,true,1,
7290014890145,false,גבינת שמנת טבעי 225 גרם יעקובס,גבינות משק יעקבס,IL,גבינת שמנת,גרמים,225.00,100 גרם,false,1,14.50,6.44,true,1,
7290014890176,false,ריקוטה סגנון איטלק5% 250,מחלבת משק יעקובס,IL,גבינת ריקוטה,גרמים,250.00,100 גרם,false,1,16.00,6.40,true,1,
7290014890206,false,קרם פרש 250גרם יעקוב,מחלבת משק יעקובס,IL,קרם פרש,גרמים,250.00,100 גרם,false,1,18.50,7.40,true,1,
7290014890572,false,"יוגורט עיזים משק יעקבס 850 מ""ל",גבינות משק יעקבס,IL,יוגורט עיזים,גרמים,850.00,100 גרם,false,1,26.50,3.12,true,1,
7290014901247,false,"שמפו קרטין לאחר החלקה ועיצוב בחום סטייל 750 מ""ל",א.ל. ארמן ייצור תמרו,IL,שמפו קרטין,מיליליטרים,750.00,"100 מ""ל",false,0,26.90,3.59,true,1,
7290014901254,false,"מרכך קרטין לאחר החלקה ועיצוב בחום סטייל 750 מ""ל",א.ל ארמן ייצור תמרוק,IL,מרכך קרטין,מיליליטרים,750.00,"100 מ""ל",false,0,26.90,3.59,true,1,
7290014910515,false,שימורי דגים שפרוטים מעושנים בשמן צמחי 250 גרם,סיא אונדה,LV,שפרוטים מעושנים,גרמים,250.00,100 גרם,false,1,12.90,5.16,true,1,
7290014940901,false,לחם פשוט מלא אנג'ל 750 גרם,מאפיית שלמה א. אנג'\ל בע,IL,לחם מלא,גרמים,750.00,100 גרם,false,1,15.90,2.12,true,1,
7290014962538,false,משחת שיניים ג'וניור מנטה מעודן לגילאי 6+,כצט CTS,IL,משחת שיניים,מיליליטרים,50.00,"100 מ""ל",false,0,12.90,25.80,true,1,
7290015009294,false,גבינת פרמיזאנו רזאנו170ג,ביג גראנה,IT,גבינת פרמג'אנו,גרמים,170.00,100 גרם,false,1,41.00,24.12,true,1,
7290015009317,false,נאצו'ס תירס טבעי 200 גרם,אוקי סנייקס,DK,נאצ'וס תירס טבעי,גרמים,200.00,100 גרם,false,1,14.50,7.25,true,1,
7290015009324,false,נאצו'ס תירס ברביקיו 200 גרם,אוקיי סנקס,DK,נאצ'וס ברביקיו,גרמים,200.00,100 גרם,false,1,14.50,7.25,true,1,
7290015009409,false,זיתים שחורים מזן טאסוס במלח 250 גרם,אידיאל סנייק,GR,זיתים שחור מיובש,גרמים,250.00,100 גרם,false,1,18.90,7.56,true,1,
7290015039253,false,עלי גפן במי מלח ויליפוד 620 גרם,קוראהן פזלרמה וי דיס,TR,עלי גפן,גרמים,620.00,100 גרם,false,0,10.90,1.76,true,1,
7290015039338,false,נתחי טונה במי מלח רביעיה * 160 ג' וילי פוד,וילי פוד,TH,נתחי טונה במים,גרמים,640.00,100 גרם,false,0,22.90,3.58,true,1,
7290015055000,false,עגבניה שרי ליקופ,,IL,עגבניה שרי ליקופ,גרמים,460.00,100 גרם,false,0,10.90,2.37,true,1,
7290015139465,false,כרמית מיקסים בייגלה מצופה שוקולד חלב,כרמית תעשיות ממתקים בעמ,IL,מיקס בייגלה55גרם,גרמים,55.00,100 גרם,false,1,5.90,10.73,true,1,
7290015150088,false,מחית עגבניות קלה גרנד איטליה 700 גרם,שוורצקוף& הנקל דיסלד,IT,מחית עגבניות,גרמים,700.00,100 גרם,false,1,12.80,1.83,true,1,
7290015150118,false,שלישיית עגבניות חתוכות דק גרנד איטליה 400 גרם,אמיליאנה קונסרב ס.פ.,IT,עגבניות חתוכות,קילוגרמים,1.20,"ק""ג",false,1,19.50,16.25,true,1,
7290015150200,false,עגבניות חתוכות דק גרנד איטליה ויסוצקי,HIQ FOOD PRODUCTS,IT,עגבניות חתוכות,גרמים,400.00,100 גרם,false,1,6.90,1.73,true,1,
7290015150590,false,תה ירוק ג'ינג'ר חריף ויסוצקי 25 יחידות,ויסוצקי ירוק,IL,תה ירוק ויסוצקי,גרמים,37.00,100 גרם,false,1,26.90,72.70,true,1,
7290015155823,false,מחית תפוחי עץ חטיפטף ללא תוספת סוכר,פרוטה פודיווין איי.א,CZ,חטיפטף פרינוק,גרמים,120.00,100 גרם,false,1,6.50,5.42,true,1,
7290015155830,false,מחית תפוחי עץ ובננה חטיפטף ללא תוספת סוכר,פרוטה פודווין איי.אס,CZ,חטיפטף פרינוק,גרמים,120.00,100 גרם,false,1,6.50,5.42,true,1,
7290015155847,false,מחית סלט פירות חטיפטף ללא תוספת סוכר,פרוטה פודיווין איי.א,CZ,חטיפטף פרינוק,גרמים,120.00,100 גרם,false,1,6.50,5.42,true,1,
7290015156769,false,מחית פרינוק פאוץ' תפוח ואוכמניות 120 גרם,פרוטה פודווין איי.אס,CZ,פאוץ' פרינוק תפו,גרמים,120.00,100 גרם,false,1,6.50,5.42,true,1,
7290015156813,false,פאוץ' מחית פירות מעורבים פרינוק 120 גרם,פרוטה פודווין איי.אס,CZ,חטיפטף פרינוק,גרמים,120.00,100 גרם,false,1,6.50,5.42,true,1,
7290015164832,false,מחית קארי ירוק 400 גרם SUREE כשר,טאפאדונגפורן קוקינט,TH,מחית קארי ירוקה,גרמים,400.00,100 גרם,false,0,20.90,5.23,true,1,
7290015164856,false,רוטב קארי אדומה 400 גרם SUREE כשר,טאפאדונגפורן קוקינט,TH,מחית קארי אדומה,גרמים,400.00,100 גרם,false,0,20.90,5.23,true,1,
7290015194204,false,דגני מולטי כוכבים 600גXL,אשבול,IL,מולטי כוכבים600ג,גרמים,600.00,100 גרם,false,1,12.90,2.15,true,1,
7290015194228,false,מולטי שוקו וניל 600 גרXL,אשבול,IL,מולטי שוקו וניל,גרמים,600.00,100 גרם,false,1,12.90,2.15,true,1,
7290015194235,false,דגני מולטי שוקולד600גXL,אשבול,IL,מולטי שוקולד600ג,גרמים,600.00,100 גרם,false,1,12.90,2.15,true,1,
7290015324007,false,פלפל שחור גרוס 80 גר' טעם וריח,"תבליני טעם וריח בע""מ",IL,פלפל שחור גרוס,גרמים,80.00,100 גרם,false,0,11.90,14.88,true,1,
7290015324014,false,"פלפל שחור טחון בשקית 80 גרם ""טעם וריח""","תבליני טעם וריח בע""מ",IL,פלפל שחור טחון,גרמים,80.00,100 גרם,false,0,11.90,14.88,true,1,
7290015324045,false,תבלין פפריקה חריפה 80 גר' שק',"תבליני טעם וריח בע""מ",IL,פפריקה חריפה,גרמים,80.00,100 גרם,false,0,6.90,8.63,true,1,
7290015324052,false,פפריקה מתוקה 80 גר' טעם וריח,"תבליני טעם וריח בע""מ",IL,פפריקה מתוקה,גרמים,80.00,100 גרם,false,0,6.90,8.63,true,1,
7290015324069,false,גריל עוף 80 גר' טעם וריח,"תבליני טעם וריח בע""מ",IL,גריל עוף,גרמים,80.00,100 גרם,false,0,6.80,8.50,true,1,
7290015324076,false,זעתר מעורב 80 גר' טעם וריח,"תבליני טעם וריח בע""מ",IL,זעתר,גרמים,80.00,100 גרם,false,0,6.90,8.63,true,1,
7290015324120,false,שום גבישי 80 גר' טעם וריח,"תבליני טעם וריח בע""מ",IL,שום גבישי,גרמים,80.00,100 גרם,false,0,8.90,11.13,true,1,
7290015324168,false,תבלין על האש תיבול 80 גר' שק',"תבליני טעם וריח בע""מ",IL,על האש,גרמים,80.00,100 גרם,false,0,6.80,8.50,true,1,
7290015324571,false,פפריקה מתוקה בשמן בסגנון מרוקאי 400 גרם,"תבליני טעם וריח בע""\מ",IL,פפריקה מתוק בשמן,גרמים,400.00,100 גרם,false,1,18.90,4.73,true,1,
7290015324724,false,מחית צ`ילי חריף `טעם וריח' 230 גרם,ליני קאטייאמה פודסטאפס ב,CN,מחית צ'ילי חריף,גרמים,230.00,100 גרם,false,1,14.90,6.48,true,1,
7290015350136,false,"free run קברנה סובניון 750 מ""ל",סי.זי.איי.אס בעמ,IL,קברנה סובניון,מיליליטרים,750.00,"100 מ""ל",false,1,59.90,7.99,true,1,
7290015350143,false,יין אדום פרי ראן מר,סי.זי.איי.אס בעמ,IL,יין מרלו,מיליליטרים,750.00,"100 מ""ל",false,1,59.90,7.99,true,1,
7290015350150,false,"יין אדום חצי יבש סגל 750 מ""ל","כרמי צבי - אחים סגל בע""\",IL,יין אדום חצי יבש,מיליליטרים,750.00,"100 מ""ל",false,1,23.90,3.19,true,1,
7290015596817,false,"ד""ר פישר - אפקטיב קר קרם גוף מועשר בשמן קוקוס 450 מ""ל",פישר מעבדות פרמצבטיות בע,IL,קרם גוף אפקטיב,מיליליטרים,450.00,"100 מ""ל",false,1,24.90,5.54,true,1,
7290015599023,false,VEGA צהובה טבעונית בטעם קלאסי 200 גרם,וגה מוצרים טבעוניים VEGA,GR,צהובה טבעונית,גרמים,200.00,100 גרם,false,0,24.70,12.35,true,1,
7290015599504,false,VEGA ממרח בטעם חמאה אורגני 225 גרם,גוד פוד פרודקטס S.p,DK,ממרח טעם חמאה,גרמים,225.00,100 גרם,false,1,15.50,6.89,true,1,
7290015603201,false,אטריות מחיטה מלאה 454ג' (כ) (fu),קסמיאן קסינגשנג פודסטטפס,CN,איטריות קמח מלא,גרמים,454.00,100 גרם,false,1,11.90,2.62,true,1,
7290015603546,false,שימורי קרם קוקוס 17-19% 400 מל ASIATIC,אסיאטיק אגרו אינדסטר,TH,קרם קוקוס 19%,מיליליטרים,400.00,"100 מ""ל",false,1,10.90,2.73,true,1,
7290015603560,false,"שימורי קרם קוקוס 20-22% 400 מ""ל (ASIATIC)(כ)",אסיאטיק אגרו אינדוסטרי,TH,קרם קוקוס,מיליליטרים,400.00,"100 מ""ל",false,1,10.90,2.73,true,1,
7290015603584,false,ג'ינגר לבן כבוש ללא מונוסודיום 190 גרם (כ),לאיווי איפנג פודס קו,CN,ג'ינג'ר לבן כבוש,גרמים,160.00,100 גרם,false,1,8.90,5.56,true,1,
7290015603638,false,"אורז קלרוז 1 ק""ג (כ) (Minh)",מינה פונג גרין אגריק,VN,אורז עגול קלרוז,קילוגרמים,1.00,"ק""ג",false,1,12.90,12.90,true,1,
7290015644297,false,שישיית לחמניות פשוט מלא אנג'ל 450 גרם,מאפיית שלמה א. אנג'\ל בע,IL,לחמניות 6 יח',גרמים,450.00,100 גרם,false,1,11.50,2.56,true,1,
7290015644426,false,"לחם צרפתי חיטה מלאה ודגנים 600 גרם ""אנג'ל""",מאפיית שלמה א. אנג'\ל בע,IL,לחם מחמצת,גרמים,600.00,100 גרם,false,1,18.90,3.15,true,1,
7290015644433,false,לחם מחמצת 100% שיפון קל אנג'ל 600 גרם,מאפיית שלמה א. אנג'\ל בע,IL,לחם מחמצת,גרמים,600.00,100 גרם,false,1,18.90,3.15,true,1,
7290015673013,false,טחון מהצומח צליה גריל500,טבע דלי בעמ,IL,טחון מהצומח,גרמים,500.00,100 גרם,false,0,25.90,5.18,true,1,
7290015726115,false,לחם שאור קמח מלא אפוי670,מאפ גדרון,IL,לחם שאור קמח מלא,גרמים,670.00,100 גרם,false,11,19.90,2.97,true,1,
7290015726481,false,עוגת פס מוס שני שוקולדים,גידרון,IL,עוגת פס דואט,גרמים,550.00,100 גרם,false,1,54.90,9.98,true,1,
7290015726504,false,עוגת פס מוס ריבת חלב650ג,גידרון,IL,עוגת פס מוס,גרמים,650.00,100 גרם,false,1,54.90,8.45,true,1,
7290015726764,false,עוגיות כעכים מלוחים 500ג,,IL,עוגיות כעכים,גרמים,500.00,100 גרם,false,1,18.90,3.78,true,1,
7290015733977,false,תרכובת מזון קומפורט על בסיס חלבי דל לקטוז,מטרנה תעשיות ש.מ.,IL,מטרנה קומפורט עם,גרמים,700.00,100 גרם,false,1,71.90,10.27,false,1,
7290015781008,false,"יין VISION מרלו אדום טפרברג 750 מ""ל","יקב טפרברג 1870 בע""מ",IL,יין ויז'ן מרלו,מיליליטרים,750.00,"100 מ""ל",false,1,34.90,4.65,true,1,
7290015781015,false,"יין VISION מלבק טפרברג 750 מ""ל","יקב טפרברג 1870 בע""מ",IL,יין ויז'ין מלבק,מיליליטרים,750.00,"100 מ""ל",false,1,34.90,4.65,true,1,
7290015781046,false,"יין VISION לבן חצי יבש טפרברג 750 מ""ל","יקב טפרברג 1870 בע""מ",IL,יין ויז'ן לבן,מיליליטרים,750.00,"100 מ""ל",false,1,34.90,4.65,true,1,
7290015781091,false,"יין VISION קברנה סוביניון טפרברג 750 מ""ל","יקב טפרברג 1870 בע""מ",IL,קברנה ויז'ן,מיליליטרים,750.00,"100 מ""ל",false,1,34.90,4.65,true,1,
7290015781107,false,"יין סנג'ובזה 750 מ""ל IMPRESSION","יקב טפרברג 1870 בע""מ",IL,יין סנג'ובזה,מיליליטרים,750.00,"100 מ""ל",false,1,44.90,5.99,true,1,
7290015781114,false,"יין IMPRESSION מרלו טפרברג 750 מ""ל","יקב טפרברג 1870 בע""מ",IL,יין מרלו,מיליליטרים,750.00,"100 מ""ל",false,1,44.90,5.99,true,1,
7290015781138,false,"יין שרדונה 750 מ""ל IMPRESSION","יקב טפרברג 1870 בע""מ",IL,יין שרדונה,מיליליטרים,750.00,"100 מ""ל",false,1,44.90,5.99,true,1,
7290015781275,false,"יין מוסקטו לבן טפרברג 750 מ""ל","יקב טפרברג 1870 בע""מ",IL,מוסקטו לבן מתוק,מיליליטרים,750.00,"100 מ""ל",false,1,34.90,4.65,true,1,
7290015781282,false,"יין IMPRESSION גוורצטרמינר טפרברג 750 מ""ל",יקב טפרברג 1870,IL,יין גוורצטרמינר,מיליליטרים,750.00,"100 מ""ל",false,1,44.90,5.99,true,1,
7290015781299,false,"יין VISION שיראז אדום טפרברג 750 מ""ל","יקב טפרברג 1870 בע""מ",IL,יין ויז'ן שיראז,מיליליטרים,750.00,"100 מ""ל",false,1,34.90,4.65,true,1,
7290015781305,false,"יין אימפרשן סירה 750 מ""ל","יקב טפרברג 1870 בע""מ",IL,יין סירה,מיליליטרים,750.00,"100 מ""ל",false,1,44.90,5.99,true,1,
7290015790017,false,פלחי פומלה מוכנים לא,רון שיווק,IL,פלחי פומלה,גרמים,250.00,100 גרם,false,1,15.90,6.36,true,1,
7290015856621,false,ביסקויט תירוש בטעם קרמל[לוטוס]175 גרם,אפיפית נצרת תעשיות ב,IL,ביסקוויט תירוש,גרמים,175.00,100 גרם,false,1,6.90,3.94,true,1,
7290015856751,false,פרורי עוגיות אמריקאיות 250 גר',אפיפית,IL,פירורי עוגיות,גרמים,250.00,100 גרם,false,1,6.90,2.76,true,1,
7290015858328,false,"ממרח עגבניות מיובשות 180 גרם ""טריטרי""","מדשא תעשיות מזון בע""\מ",IL,איולי פסטו,גרמים,295.00,100 גרם,false,1,16.90,5.73,true,1,
7290015858441,false,עללחם ממרח איולי פלפלים 295 גרם,"מדשא תעשיות מזון בע""\מ",IL,איולי פלפלים,גרמים,295.00,100 גרם,false,1,16.90,5.73,true,1,
7290015858687,false,עללחם ממרח איולי שום 295 גרם,"מדשא תעשיות מזון בע""\מ",IL,איולי שום,גרמים,295.00,100 גרם,false,1,16.90,5.73,true,1,
7290015858694,false,עללחם ממרח איולי שום לימון 295 גרם,"מדשא תעשיות מזון בע""\מ",IL,איולי שום לימון,גרמים,295.00,100 גרם,false,1,16.90,5.73,true,1,
7290015865722,false,קונפיטורת תות שדה לייט 400 גרם,ענבי ציון,IL,תענוג פרי,גרמים,400.00,100 גרם,false,1,20.90,5.23,true,1,
7290015865739,false,קונפיטורת אוכמניות לייט 400 גר,ענבי ציון,IL,תענוג פרי,גרמים,400.00,100 גרם,false,1,20.90,5.23,true,1,
7290015951890,false,"יין הר חרמון קברנה סובניון 750 מ""ל",יקבי רמת הגולן קצרין,IL,קברנה סוביניון,מיליליטרים,750.00,"100 מ""ל",false,1,37.90,5.05,true,1,
7290015968102,false,קיסמי שיניים רפויים עם חוט דנטאלי 100 יחידות,W.H.J.C. Co,CN,קיסמי שיניים,יחידה,1.00,יחידה,false,1,16.90,16.90,true,1,
7290016006346,false,שוופס סודה 0.5 ליטר מארז שישייה,יפאורה שותפות מובגלת לשיווק,IL,שוופס סודה,ליטרים,3.00,ליטר,false,1,15.70,5.23,true,1,
7290016077759,false,רוטב ברביקיו קלאסי היינץ 480 גרם,היינץ Heinz,NL,רוטב ברביקיו,גרמים,480.00,100 גרם,false,1,18.90,3.94,true,1,
7290016087123,false,רוטב מתובל לפסטה בסגנון קלאסי פריניר 240 גרם,פריניר,IL,רוטב עגבניות,גרמים,240.00,100 גרם,false,1,6.50,2.71,true,1,
7290016096507,false,טונה בשמן קנולה80*3 גרם,תעשיות פילטונה,IL,3טונה בשמן קנולה,גרמים,240.00,100 גרם,false,1,13.90,5.79,true,1,
7290016096910,false,נתח.טונה ילופין ש.זית108,תעשיות פילטונה,IL,טונה בשמן זית,גרמים,108.00,100 גרם,false,1,10.90,10.09,true,1,
7290016096934,false,מארז זוגות סלט טונה 2*160 ג' פילטונה,תעשיות פילטונה,IL,סלט טונה 2 יח,גרמים,320.00,100 גרם,false,1,12.90,4.03,true,1,
7290016144000,false,"קמח חיטה מלאה נפלאות 80% 1 ק""ג","קמח מלכים בע""\מ",IL,קמח חיטה,קילוגרמים,1.00,"ק""ג",false,1,10.90,10.90,true,1,
7290016150117,false,סלק מבושל ארוז ברכת קטיף 500 גרם,ג'ואבג'י יואייבי,LE,סלק ואקום 500גרם,גרמים,500.00,100 גרם,false,1,8.90,1.78,true,1,
7290016197488,false,מטליות מיקרופייבר למשטחים ניקול 3יח',חוגלה קימברלי,CN,מטלית למשטחים,יחידה,1.00,יחידה,false,1,12.90,12.90,true,1,
7290016197600,false,דיפנד - תחבושת לנשים נורמל 12 יח',קימברלי קלארק,VN,תחבושות דיפנד,יחידה,1.00,יחידה,false,1,19.90,19.90,true,1,
7290016197617,false,תחבושת לנשים אקסטרה דיפנד 10 יחידות,קימברלי קלארק,VN,תחבושות דיפנד,יחידה,1.00,יחידה,false,1,19.90,19.90,true,1,
7290016197624,false,תחבושות לנשים סופר דיפנד 8 יחידות,קימברלי קלארק,VN,תחבושות דיפנד,יחידה,1.00,יחידה,false,1,19.90,19.90,true,1,
7290016217711,false,איקרה לבנה 200 גרם,סלטי שמיר,IL,איקרה לבנה,גרמים,200.00,100 גרם,false,1,17.90,8.95,true,1,
7290016217728,false,איקרה אדומה 200 גרם,סלטי שמיר,IL,איקרה אדומה,גרמים,200.00,100 גרם,false,1,17.90,8.95,true,1,
7290016233995,false,שימורי אנשובי עם שמן זית 45 ג' תומר,אינוורסינס פריסקו,PE,אנשובי בשמן זית,גרמים,45.00,100 גרם,false,1,7.90,17.56,true,1,
7290016234008,false,אנשובי בשמן זית צנצנת 100 גרם,אינוורסינס פריסקו,PE,אנשובי בשמן זית,גרמים,100.00,100 גרם,false,1,12.90,12.90,true,1,
7290016245615,false,ביכורים לחם שיפון 10,מאפיית טעמי הכפר 201,IL,לחם שיפון,גרמים,900.00,100 גרם,false,1,20.90,2.32,true,1,
7290016245653,false,לחם שיפון קל חצי משפחתי 550 גרם,"ביכורים מזון ומאפה בע""\מ",IL,לחם שיפון מלא,גרמים,550.00,100 גרם,false,1,18.90,3.44,true,1,
7290016245769,false,לחם כוסמין מחמצת בתוספת פשתן,ביכורים,IL,לחם כוסמין,גרמים,600.00,100 גרם,false,1,18.90,3.15,true,1,
7290016245806,false,לחמניות המבוגר כוסמין4יח,"ביכורים מזון ומאפה בע""\מ",IL,לחמניות המבוגר,גרמים,350.00,100 גרם,false,1,16.90,4.83,true,1,
7290016246018,false,בארכה מיקס פינוקיות חלבה 10*20 גרם.,"רושדי תעשיות מזון בע""\מ",IL,חלבה בארכה מיקס,גרמים,200.00,100 גרם,false,1,12.80,6.40,true,1,
7290016246209,false,"חטיף חלבה וניל 100 גרם ""בארכה""","רושדי תעשיות מזון בע""\מ",IL,חטיף חלבה וניל,גרמים,100.00,100 גרם,false,1,4.20,4.20,true,1,
7290016246445,false,בארכה טחינה גולמית מעודנת שומשום מלא 310 גם,"רושדי תעשיות מזון בע""\מ",IL,טחינה מעודנת,גרמים,310.00,100 גרם,false,1,10.00,3.22,true,1,
7290016246711,false,בארכה - טחינה מתובלת גולמית מעודנת משומשום מלא אריסה 310 גרם,"רושדי תעשיות מזון בע""\מ",IL,טחינה מעודנת,גרמים,310.00,100 גרם,false,1,10.00,3.22,true,1,
7290016314762,false,פרובנציאל מטיאס 200 גרם,סלטי שמיר,IL,פרובנציאל מטיאס,גרמים,200.00,100 גרם,false,1,22.90,11.45,true,1,
7290016314779,false,פילה מטיאס הולנדי 200גרם,סלטי שמיר,IL,פילה מטיאס,גרמים,200.00,100 גרם,false,1,22.90,11.45,true,1,
7290016314786,false,הרינג כבוש במרינדה 220גר,סלטי שמיר,IL,הרינג כבוש,גרמים,220.00,100 גרם,false,1,22.90,10.41,true,1,
7290016314793,false,מקרל מעושן פרוס בשמן190ג,סלטי שמיר,IL,מקרל מעושן,גרמים,190.00,100 גרם,false,1,22.90,12.05,true,1,
7290016314809,false,סלט סלמון עם מיונז 200 ג,סלטי שמיר,IL,סלט סלמון,גרמים,200.00,100 גרם,false,1,22.90,11.45,true,1,
7290016314816,false,סלט הרינג עם מיונז 200 ג,,IL,סלט הרינג,גרמים,200.00,100 גרם,false,1,22.90,11.45,true,1,
7290016314823,false,סלט מטיאס עם מיונז 200 ג,סלטי שמיר,IL,סלט מטיאס,גרמים,200.00,100 גרם,false,1,22.90,11.45,true,1,
7290016314830,false,גרבדלקס סלמון 100 גרם,,IL,גרבדלקס סלמון,גרמים,100.00,100 גרם,false,1,20.90,20.90,true,1,
7290016314847,false,סלמון מובחר 100גרם,סלטי שמיר,IL,סלמון מובחר,גרמים,100.00,100 גרם,false,1,20.90,20.90,true,1,
7290016320343,false,"דאק נוזל ג'ל לניקוי מתקדם בניחות לבנדר זוג * 750 מ""ל",אס. סי. ג'\ונסון מידרכט,NL,דאק לאסלה זוג,ליטרים,1.50,ליטר,false,1,20.90,13.93,true,1,
7290016321661,false,פרש וואנס SENSITIVE מגבונים ללא בישום רביעייה 72 יחידות,עלבד משואות יצחק,IL,פרש וואנס 4יח,יחידה,1.00,יחידה,false,1,15.90,15.90,true,1,
7290016329278,false,קמיל בלו מגבונים מילוי 64 יח רביעייה,פישר מעבדות פרמצבטיות בע,IL,מגבונים קמיל בלו,יחידה,1.00,יחידה,false,1,21.90,21.90,true,1,
7290016370904,false,זית חרוזית ירוק ‏400‏ ג' יבנה,קבוצת יבנה,IL,זיתים חרוזית,גרמים,430.00,100 גרם,false,1,7.90,1.84,true,1,
7290016370911,false,טבעות ירוק A2 יבנה ‏400‏ ג',קבוצת יבנה,IL,טבעות זיתים,גרמים,430.00,100 גרם,false,1,7.90,1.84,true,1,
7290016372373,false,רסק עגבניות ללא תוספת סוכר ומלח - מארז זוג,גרנד איטליה Grand Italia,IT,רסק עגבניות 2 יח,גרמים,280.00,100 גרם,false,1,8.90,3.18,true,1,
7290016372489,false,ויסוצקי חליטת ג'ינג'ר ולימון סודות הצמחים 25 שקיקים,תה ויסוצקי,IL,חליטת ג'ינג'ר,גרמים,37.00,100 גרם,false,1,19.90,53.78,true,1,
7290016372496,false,חליטת פירות וצמחים בטעם ג'ינג'ר ודבש -אפקט הג'ינג'ר,תה ויסוצקי,IL,חליטת ג'ינג'ר,גרמים,30.00,100 גרם,false,1,19.90,66.33,true,1,
7290016437423,false,דיפנד תחתון סופג L נשים 16 יח גזרה גבוהה,KC Vietnam,IL,תחתון דיפנד,יחידה,1.00,יחידה,false,1,79.90,79.90,true,1,
7290016437508,false,נייר טואלט מולט כפול 24 גלילים,לילי נייר טואלט חוגלה,IL,נייר טואלט מולט,מטרים,860.00,100 מטר,false,1,43.90,5.10,true,1,
7290016437607,false,קוטקס - תחתונים סופגים לנשים לאחר לידה לארג' 8 יח',חוגלה קימברלי,KR,תחתונים סופגים,יחידה,1.00,יחידה,false,0,34.90,34.90,true,1,
7290016437706,false,שקיות אשפה לפחים גדולים בניחוח מרכך 40 יחידות,"אשפלסט תעשיות בע""מ",IL,שקיות אשפה L,יחידה,1.00,יחידה,false,1,23.90,23.90,true,1,
7290016497243,false,בייגל בסגנון רומני ק,גידרון,IL,ביגלה רומני,גרמים,150.00,100 גרם,false,1,6.30,4.20,true,1,
7290016497519,false,בייגל טוסט לבן,גידרון,IL,בייגלה טוסט לבן,גרמים,150.00,100 גרם,false,1,4.90,3.27,true,1,
7290016497526,false,בגט אותנטי לבן אפוי 280ג,מאפ גדרון,IL,בגט אותנטי לבן,גרמים,280.00,100 גרם,false,1,8.90,3.18,true,1,
7290016509304,false,סוד סבון לאסלה 4 כדוריותבניחוח לבנדר 50 ג',הנקל סוד,IL,סבון אסלה סוד,גרמים,50.00,100 גרם,false,1,10.20,20.40,true,1,
7290016509342,false,סוד מארז טריו כדוריות לאסלה כחול אקטיבי אקונומיקה,הנקל סוד,HU,סבון אסלה 3 יח,גרמים,150.00,100 גרם,false,1,10.00,6.67,true,1,
7290016509786,false,פרסיל גל לכביסה לבנה וצבעונית-ירוק 2.5 ל,"הנקל סוד בע""\מ",IL,ג'ל כביסה פרסיל,ליטרים,2.50,ליטר,false,1,28.90,11.56,true,1,
7290016509809,false,ג'ל מרוכז לכביסה קולור 2.5 ל' פרסיל,"הנקל סוד בע""\מ",IL,ג'ל כביסה פרסיל,ליטרים,2.50,ליטר,false,1,28.90,11.56,true,1,
7290016509830,false,ג'ל כביסה לבגדי תינוקות ובעלי עור רגיש Sensitive,"הנקל סוד בע""\מ",IL,ג'ל כביסה בייבי,ליטרים,2.50,ליטר,false,1,28.90,11.56,true,1,
7290016524994,false,פילה דג ברבוניה ארוז 400 גרם,,VN,ברבוניה מנוקדת,גרמים,400.00,100 גרם,false,1,25.90,6.48,true,1,
7290016545654,false,"בירה קראפטי בלונד 330מ""ל","מבשלת הארץ בע""מ",IL,בירה קראפטי,מיליליטרים,330.00,"100 מ""ל",false,1,12.90,3.91,true,1,
7290016545678,false,"בירה קראפטי אמבר 330 מ""ל","מבשלת הארץ בע""מ",IL,בירה קראפטי אמבר,מיליליטרים,330.00,"100 מ""ל",false,1,12.90,3.91,true,1,
7290016545685,false,"בירה קראפטי IPA 330 מ""ל","מבשלת הארץ בע""מ",IL,בירה קראפטי IPA,מיליליטרים,330.00,"100 מ""ל",false,1,12.90,3.91,true,1,
7290016621365,false,אל סבון היגייני לניקוי יסודי קמיל Clean & Moisture,פישר מעבדות פרמצבטיות בע,IL,אל סבון קמיל,ליטרים,1.00,ליטר,false,1,16.20,16.20,true,1,
7290016682083,false,"פריניב נקטר תות בננה 400 מ""ל",פרי ניב,IL,שייק תות בננה,מיליליטרים,400.00,"100 מ""ל",false,1,7.90,1.98,true,1,
7290016682182,false,שייק תמר בננה מופחת סוכר 1 ליטר פרי ניב,פריניב בעמ,IL,שייק תמר בננה,מיליליטרים,1000.00,"100 מ""ל",false,1,15.80,1.58,true,1,
7290016682199,false,פריניב שייק תות בננה מופחת סוכר 1 ליטר,פריניב בעמ,IL,שייק תות בננה,מיליליטרים,1000.00,"100 מ""ל",false,1,15.80,1.58,true,1,
7290016682243,false,פריניב אשכולית אדומה סחוט 100% 1 ליטר,פריניב,IL,מיץ אשכולית אדומ,ליטרים,1.00,ליטר,false,1,16.10,16.10,true,1,
7290016682250,false,מיץ תפוז גזר פרי ניב 1 ליטר,פרי ניב,IL,מיץ תפוגזר,מיליליטרים,1000.00,"100 מ""ל",false,1,15.80,1.58,true,1,
7290016682366,false,מיץ תפוח צלול פרי ניב 2 ליטר-,פריניב,IL,מיץ תפוח עץ,ליטרים,2.00,ליטר,false,0,26.90,13.45,true,1,
7290016682373,false,משקה קל לימונדה בלאדי 2 ליטר פריניב,פריניב,IL,משקה קל מצנון,ליטרים,2.00,ליטר,false,0,26.90,13.45,true,1,
7290016682380,false,מיץ טבעי לימונדה ולואיזה פרי ניב 2 ליטר-,פרי ניב,IL,משקה קל מצנון,ליטרים,2.00,ליטר,false,0,26.90,13.45,true,1,
7290016717099,false,"יין כרמל סלקטד אדום חצי יבש, 750 מ""ל",יקבי כרמל Carmel Winery,IL,אדום חצי יבש,מיליליטרים,750.00,"100 מ""ל",false,1,29.90,3.99,true,1,
7290016717631,false,יין מוסקטו בעל חוזק אלכוהול נמוך פרייבט קולקשן,אגודת הכורמים הקואופרטיב,IL,מוסקטו P.C,מיליליטרים,750.00,"100 מ""ל",false,1,36.90,4.92,true,1,
7290016717754,false,"יין ישן נושן יקבי כרמל 750 מ""ל ^^^",אגודת הכורמים הקואופרטיב,IL,יין ישן נושן,מיליליטרים,750.00,"100 מ""ל",false,1,21.90,2.92,true,1,
7290016717976,false,"יין סלקטד באז אפרסק כרמל 750 מ""ל",כרמל מזרחי,IL,ספארקלינג אפרסק,מיליליטרים,750.00,"100 מ""ל",false,1,29.90,3.99,true,1,
7290016823059,false,טימין קורנית ארוז יח,"מרינה פטריות הגליל בע""מ",IL,טימין יחידה,יחידה,1.00,יחידה,false,1,6.90,6.90,true,1,
7290016866643,false,פרודונטקס מ.שיניים אקסטרה פרש 75 מל,פרודונטקס Parodontax,SK,משחה פרודונטקס,מיליליטרים,75.00,"100 מ""ל",false,1,32.90,43.87,true,1,
7290016866711,false,"סטייל מרכך לשיער קרטין פלוס לאחר החלקה, 750 מ""ל",סטייל Style,IL,מרכך קרטין,מיליליטרים,750.00,"100 מ""ל",false,1,26.90,3.59,true,1,
7290016967074,false,לחם חיטה מלאה עם גרעינים ודגנים,מאפיית שלמה א. אנג'\ל בע,IL,אנג'ל חיטה מלאה,גרמים,750.00,100 גרם,false,1,17.90,2.39,true,1,
7290016967456,false,לחם צרפתי מחמצת 100% כוסמין 600 ג' אנג'ל,"מאפיית אנג'\ל בעמ, מקבוצ",IL,לחם מחמצת,גרמים,600.00,100 גרם,false,1,18.90,3.15,true,1,
7290016980103,false,בייבי בטטה שקיל,אראל תוצרת חקלאית בע,IL,בייבי בטטה,קילוגרמים,0.00,"ק""ג",true,1,9.90,9.90,true,1,
7290017023212,false,"שוויפס מוגז פירות תפוח מארז רביעייה* 330 מ""ל",יפאורה תבורי בעמ,IL,שוופס מוגז4פחיות,ליטרים,1.32,ליטר,false,1,14.50,10.98,true,1,
7290017023229,false,"שוויפס מוגז פירות תות ליים מארז רביעיה* 330 מ""ל",יפאורה תבורי בעמ,IL,שוופס מוגז4פחיות,ליטרים,1.32,ליטר,false,1,14.50,10.98,true,1,
7290017023861,false,סודה בטעם לימון בקבוקים אישיים - מארז 4 יח',יפאורה תבורי בעמ,IL,שוופס סודה 4 יח,ליטרים,1.00,ליטר,false,1,12.90,12.90,true,1,
7290017023878,false,סודה בטעם נענע ליים בקבוקים אישיים - מארז 4 יח',יפאורה תבורי בעמ,IL,שוופס סודה 4 יח,ליטרים,1.00,ליטר,false,1,12.90,12.90,true,1,
7290017031323,false,"אטריות ביצים פפרדלה 400 מ""ל",פ.פ.פ טאביט פולין,PL,אטריות ביצים,גרמים,400.00,100 גרם,false,1,14.90,3.73,true,1,
7290017046044,false,עוגיות מרוקאיות עגולות,,IL,עוגיות מרוקאיות,גרמים,500.00,100 גרם,false,1,18.90,3.78,true,1,
7290017046105,false,עוגיות עניבה קינמון,,IL,עגיות קינמון,גרמים,500.00,100 גרם,false,1,18.90,3.78,true,1,
7290017046129,false,עוגיות דמקה 500 גרם,גידרון,IL,עוגיות דמקה,גרמים,500.00,100 גרם,false,1,18.90,3.78,true,1,
7290017058139,false,רביעיית מחית תפוח עץ ותות שדה תומר 113 גרם,אינדיאן סאמר קו אופ אינק,US,"רסק תפו""ע",גרמים,452.00,100 גרם,false,1,11.90,2.63,true,1,
7290017058146,false,"רסק תפוֿֿֿֿ""ע עם אפרסק 4 יח' 12X",אינדיאן סאמר קו אופ אינק,US,"רסק תפו""ע",גרמים,452.00,100 גרם,false,1,11.90,2.63,true,1,
7290017065007,false,פרוסות גבינה מוצרלה חצי קשה 22% שומן 200 ג' גד,מחלבות גד בעמ,IL,מוצרלה פרוסות,גרמים,150.00,100 גרם,false,1,20.90,13.93,true,1,
7290017065137,false,גבינת ריקוטה למריחה 5% טבעית 200ג' גד,האי נאם סי או אל.טי.,IL,ריקוטה למריחה,גרמים,200.00,100 גרם,false,1,11.00,5.50,true,1,
7290017065168,false,גבינה כחולה denish blue cheese 100 גרם,ST.CLEMENS-BOMHOLMWS,DK,גבינה כחולה,גרמים,100.00,100 גרם,false,1,19.20,19.20,true,1,
7290017065212,false,גבינת קרם מסקרפונה מחלבות גד 250 גר,מיוצר עי קוד יצרן ED,IL,קרם מסקרפונה,גרמים,250.00,100 גרם,false,1,22.20,8.88,true,1,
7290017065236,false,גבינה בולגרית מעודנת 24% גד 250 גרם,הנסיך- מפעל לייצור ט,IL,בולגרית מעודנת,גרמים,250.00,100 גרם,false,1,26.10,10.44,true,1,
7290017065588,false,יוגורט יווני 10% שומן 600 ג' גד,"מיוצר ע""\י קוד יצרן MKN",IL,יוגורט יווני,גרמים,600.00,100 גרם,false,1,18.10,3.02,true,1,
7290017065649,false,קרם פטיסייר מחלבות ג,מיוצר עי קוד יצרן ED,IL,קרם פטיסייר,גרמים,250.00,100 גרם,false,1,21.50,8.60,true,1,
7290017065663,false,גבינת פטה עיזים מעודנת 16% גד 200 גרם,ג'נרל מילס סאן אדריא,IL,פטה עיזים מעודנת,גרמים,250.00,100 גרם,false,1,28.90,11.56,true,1,
7290017065731,false,גבינת שמנת עם כמהין 30% ניו יורק 200 ג',פ.פ.ח. שאביט,IL,גבינת שמנת,גרמים,200.00,100 גרם,false,1,14.60,7.30,true,1,
7290017065786,false,"גבינת צ`דר מחלבות גד , 210 גרם","מחלבות גד בע""\מ",IL,גבינת צ'דר,גרמים,200.00,100 גרם,false,1,22.00,11.00,true,1,
7290017065861,false,רוטב פקורינו ופלפל שחור קאצ'יו אה פפה 200 ג' גד,גבינות מדף,IL,רוטב פקורינו,גרמים,200.00,100 גרם,false,1,18.30,9.15,true,1,
7290017065878,false,רוטב לפסטה מק אנד צ'יז גד 200 גרם,גבינות מדף,IL,רוטב לפסטה צ'דר,גרמים,200.00,100 גרם,false,1,18.30,9.15,true,1,
7290017065960,false,רוטב פורצ'יני מחלבות גד 200 גרם,גבינות מדף,IL,רוטב פורצ'יני,גרמים,200.00,100 גרם,false,1,18.30,9.15,true,1,
7290017086064,false,כדורי פלאפל פיקנטי - טבעוני,פיס אוף בין Peas of Bean,IL,כדורי פלאפל,גרמים,400.00,100 גרם,false,1,23.90,5.98,true,1,
7290017088815,false,בריז תחבושות לבריחת שתן נורמל 12 יח,ניאופארם,IT,בריז תחבושות שתן,יחידה,1.00,יחידה,false,1,17.90,17.90,true,1,
7290017088822,false,BREEZE תחבושות לבריחת שתן אקסטרה (10 יח'),ניאופארם,IT,בריז תחבושות שתן,יחידה,1.00,יחידה,false,1,17.90,17.90,true,1,
7290017088839,false,BREEZE תחבושות לבריחת שתן אקסטרה פלוס (8 יח'),ניאופארם,IT,בריז תחבושות שתן,יחידה,1.00,יחידה,false,1,17.90,17.90,true,1,
7290017088846,false,BREEZE תחבושות לבריחת שתן מקסי (8 יח'),ניאופארם,IT,בריז תחבושות שתן,יחידה,1.00,יחידה,false,1,17.90,17.90,true,1,
7290017088860,false,BREEZE תחתונים לבריחת שתן מידה L יח' 14,ניאופארם,IT,בריז תחתונים,יחידה,1.00,יחידה,false,1,69.90,69.90,true,1,
7290017088877,false,BREEZE תחתונים לבריחת שתן מידה XL יח' 14,ניאופארם,IT,בריז תחתונים,יחידה,1.00,יחידה,false,1,69.90,69.90,true,1,
7290017105468,false,אפונה גינה עדינה ואקום יכין שלישיה * 200 ג',קשקמט קונסרב הונגריה,IL,אפונה קטנה 3 יח,גרמים,600.00,100 גרם,false,1,14.90,2.48,true,1,
7290017105895,false,גרגרי חומוס להכנת חומוס משובח יכין 560 ג,זנלכל,IL,גרגרי חומוס,גרמים,560.00,100 גרם,false,1,9.90,1.77,true,1,
7290017129495,false,אגו מיקס כדורי תירס מצופים שוקולד חלב כרמית 55 גרם,כרמית תעשיות ממתקים בעמ,IL,אגו מיקס כ.תירס,גרמים,55.00,100 גרם,false,1,5.90,10.73,true,1,
7290017129501,false,אגו מיקס כדורי תירס מצופים שוקולד לבן כרמית 55 גרם,כרמית,IL,אגו מיקס 55 גרם,גרמים,55.00,100 גרם,false,1,5.90,10.73,true,1,
7290017129518,false,אגו מיקס כדורי תירס מצופים שוקולד חלב ולבן כרמית 55 גרם,כרמית תעשיות ממתקים,IL,אגו מיקסים,גרמים,55.00,100 גרם,false,1,5.90,10.73,true,1,
7290017142005,false,"שמן קוקוס אורגני עץ הזית צנצנת 320מ""ל",אקספלונקה,LK,שמן קוקוס אורגני,מיליליטרים,320.00,"100 מ""ל",false,1,31.90,9.97,true,1,
7290017142029,false,שמן קוקוס אורגני כתית1 ליטר עץ הזית,אקספולנקה,LK,שמן קוקוס אורגני,ליטרים,1.00,ליטר,false,1,71.90,71.90,true,1,
7290017142111,false,פתיתי טונה בשמן זית טו גו עץ הזית 85 גרם,"יוניקורד ח.צ בע""מ",TH,פתיתי טונה,גרמים,85.00,100 גרם,false,1,10.90,12.82,true,1,
7290017142128,false,"שמן זית כתית מעולה קלאסי עץ הזית 750 מ""ל",שמן תעשיות בעמ,IT,שמן זית כתית,מיליליטרים,750.00,"100 מ""ל",false,1,36.90,4.92,true,1,
7290017142159,false,"שלישיית נתחי טונה בהירה בשמן זית 80 גרם ""עץ הזית""",יוניקורד ח.צ בעמ,TH,טונה בהירה,גרמים,240.00,100 גרם,false,1,24.90,10.38,true,1,
7290017142289,false,"תרסיס שמן חמניות לל""ת גז עץ הזית 200מ""ל",י.ב טכנולוגיות אריזה בעמ,IT,תרסיס שמן חמניות,מיליליטרים,200.00,"100 מ""ל",false,1,13.90,6.95,true,1,
7290017142371,false,"שמן שומשום לא מזוכך עץ הזית 250 מ""ל",גאה די. או. או.,SI,שמן שומשום,מיליליטרים,250.00,"100 מ""ל",false,1,32.90,13.16,true,1,
7290017142395,false,"LUNCH TO GO פסטה עם טונה בשמן זית 160 גרם ""עץ הזית""",יוניקורד ח.צ בעמ,TH,פסטה עם טונה,גרמים,160.00,100 גרם,false,1,14.90,9.31,true,1,
7290017142418,false,"LUNCH TO GO אורז עם עדשים טונה בשמן זית 160 גרם ""עץ הזית""",יוניקורד ח.צ בעמ,TH,אורז ועדשים+טונה,גרמים,160.00,100 גרם,false,1,14.90,9.31,true,1,
7290017142487,false,"LUNCH TO GO בורגול עם חומוס טונה בשמן זית 160 גרם ""עץ הזית""",יוניקורד ח.צ בעמ,TH,בורגול עם טונה,גרמים,160.00,100 גרם,false,1,14.90,9.31,true,1,
7290017217710,false,"שיפודי במבוק יקיטורי 15 ס""מ 100 יחידות",הוסטס Hostess,CN,שיפודי במבוק,יחידה,1.00,יחידה,false,1,10.90,10.90,true,1,
7290017217918,false,"מדליק פחם נוזלי איזי לייט 500 מ""ל",B.V CHEMIE SEL,NL,מדליק פחם,מיליליטרים,500.00,"100 מ""ל",false,1,17.90,3.58,true,1,
7290017239101,false,סלמון אטלנטי מעושן מצונן,סלטי שמיר,IL,סלמון אטלנטי,גרמים,100.00,100 גרם,false,1,22.90,22.90,true,1,
7290017239118,false,גרבלקס סלמון אטלנטי,סלטי שמיר,IL,גרבלקס סלמון,גרמים,100.00,100 גרם,false,1,22.90,22.90,true,1,
7290017239286,false,פילה מטיאס מעודן 250 גרם,"פוד קולקשיין בע""מ",IL,פילה מטיאס250גרם,גרמים,250.00,100 גרם,false,1,21.90,8.76,true,1,
7290017291116,false,ערמונים יחידה,JINING,CN,ערמונים יחידה,יחידה,1.00,יחידה,false,1,18.90,18.90,true,1,
7290017304885,false,לחם שיפון מחיטה מלאה ללא תוספת סוכר 750 ג' אנג'ל,מאפיית שלמה א. אנג'\ל בע,IL,לחם שיפון מלא,גרמים,750.00,100 גרם,false,1,17.90,2.39,true,1,
7290017334080,false,שמ.זית כתית כבישה קרה750,שמן זית אליעד,IL,שמן זית כתית,מיליליטרים,750.00,"100 מ""ל",false,1,32.90,4.39,true,1,
7290017334172,false,שמן זית כתית מעולה,שמן זית אליעד,IL,שמן זית כתית,מיליליטרים,750.00,"100 מ""ל",false,1,32.90,4.39,true,1,
7290017389004,false,משמש אוזבקי 160 גרם קופסא,"דין שיווק וקלייה בע""",IL,משמש אוזבקי,גרמים,200.00,100 גרם,false,1,15.00,7.50,true,1,
7290017389011,false,מנגו מיובש ללא סוכר בקופסא ששון הקולה 160 גרם,"דין שיווק וקלייה בע""",IL,מנגו מיובש,גרמים,160.00,100 גרם,false,1,20.00,12.50,true,1,
7290017389028,false,אננס מיובש ללא סוכר בקופסא ששון הקולה 160 גרם,"דין שיווק וקלייה בע""",IL,אננס מיובש,גרמים,160.00,100 גרם,false,1,20.00,12.50,true,1,
7290017457574,false,כדוריות סבון נתלה לאסלה בניחוח פרחים - 3 יח',הנקל סוד,RS,סבון אסלה 3 יח,גרמים,150.00,100 גרם,false,1,10.00,6.67,true,1,
7290017457925,false,סוד מרכך כביסה מרוכז פרש קונטרול ורוד,הנקל סוד,IL,סוד מרכך ורוד,מיליליטרים,900.00,"100 מ""ל",false,1,9.50,1.06,true,1,
7290017457932,false,סוד מרכך כביסה מרוכז פרש קונטרול כחול,הנקל סוד,IL,סוד מרכך כחול,מיליליטרים,900.00,"100 מ""ל",false,1,9.50,1.06,true,1,
7290017513409,false,תה ירוק SUPER GREEN 87 גרםבטעם אוכמניות ואסאי,תה ויסוצקי,IL,תה ירוק,גרמים,37.00,100 גרם,false,1,26.90,72.70,true,1,
7290017513485,false,מחית עגבניות רוסטיקה גרנד איטליה 680 גרם,היצרן: ס.פ. פודנצנו -10,IT,מחית עגבניות,גרמים,680.00,100 גרם,false,1,12.80,1.88,true,1,
7290017513775,false,פליפז בייגלה מצופה שוקולד חלב מקוויטיס 140 גרם,אולקר מקבוצת פלאדיס,TR,בייגלה מצופה,גרמים,140.00,100 גרם,false,1,9.90,7.07,true,1,
7290017513829,false,תה ירוק לימונית ג'ינג'ר 25 שקיקים בתוספת ויטמין Cּּ+D,ויסוצקי ירוק,IL,תה ירוק+ויטמינים,גרמים,37.00,100 גרם,false,1,26.90,72.70,true,1,
7290017599267,false,סוכרלוז 120 שקיות ממתיק שולחני,סוכרזית Sucrazit,IL,סוכרזית סוכרלוז,גרמים,120.00,100 גרם,false,1,25.90,21.58,true,1,
7290017618111,false,עוגיות שקדים עם טריפל שוקולד 200 גר לחמי,קונדטוריות לחמי,IL,עוגיות לחמי,גרמים,180.00,100 גרם,false,1,19.90,11.06,true,1,
7290017637440,false,MB תחליב רחצה ארומטי 600 מל סחלבים,סאסא קוסמטיקס,IL,MBת.רחצה סחלבים,מיליליטרים,600.00,"100 מ""ל",false,1,16.90,2.82,true,1,
7290017637464,false,MB תחליב רחצה ארומטי 600 מל זרעי רימונים,סאסא קוסמטיקס,IL,MBתחליב רחצה,מיליליטרים,600.00,"100 מ""ל",false,1,16.90,2.82,true,1,
7290017637471,false,MBתחליב רחצה אלוורה600מ,סאסא קוסמטיקס,IL,MBתחליב רחצה,מיליליטרים,600.00,"100 מ""ל",false,1,16.90,2.82,true,1,
7290017637488,false,MBתחליב רחצה יסמין 600 מ,סאסא קוסמטיקס,IL,תחליב רחצה יסמין,מיליליטרים,600.00,"100 מ""ל",false,1,16.90,2.82,true,1,
7290017637501,false,MB תחליב רחצה ארומטי 600 מל קוקוס,סאסא קוסמטיקס,IL,MBתחליב רחצה,מיליליטרים,600.00,"100 מ""ל",false,1,16.90,2.82,true,1,
7290017637563,false,שמפו לתלתלים מושלמים 500 מל מיקי בוגנים,סאסא קוסמטיקס,IL,MB שמפו לשיער,מיליליטרים,500.00,"100 מ""ל",false,1,24.90,4.98,true,1,
7290017637570,false,מרכך לתלתלים מושלמים 500 מל מיקי בוגנים,סאסא קוסמטיקס,IL,MB מרכך לשיער,מיליליטרים,500.00,"100 מ""ל",false,1,24.90,4.98,true,1,
7290017637655,false,שמפו קרטין ללא מלח מיקי בוגנים 500 מל,סאסא קוסמטיקס,IL,MB שמפו קרטין,מיליליטרים,500.00,"100 מ""ל",false,1,27.90,5.58,true,1,
7290017637679,false,מרכך שימר להדגשת גוונים בהיר מיקי בוגנים 500 מל,סאסא קוסמטיקס,IL,MB מרכך לשיער,מיליליטרים,500.00,"100 מ""ל",false,1,24.90,4.98,true,1,
7290017637761,false,מרכך לשיער ללא מלחים 500מל מיקי בוגנים,"סאסא קוסמטיקס אגש""\ח בע\",IL,מרכך ללא מלחים,מיליליטרים,500.00,"100 מ""ל",false,1,24.90,4.98,true,1,
7290017647425,false,"יין גמלא קברנה סוביניון שנת 2018 750 מ""ל",יקבי רמת הגולן,IL,קברנה סוביניון,מיליליטרים,750.00,"100 מ""ל",false,1,64.90,8.65,true,1,
7290017677804,false,"רוטב סויה ללא חומרים משמרים קיקומן 444 מ""ל",קיקומן פודז אינק,US,רוטב סויה קיקומן,מיליליטרים,444.00,"100 מ""ל",false,1,21.90,4.93,true,1,
7290017724027,false,עוגיות אלפחורס 300 גרם,"אקלר בע""מ",IL,עוגיות אלפחורס,גרמים,300.00,100 גרם,false,1,24.90,8.30,true,1,
7290017724034,false,עוגיות ריבה בטעם תות250ג,אקלר,IL,עוגיות ריבה,גרמים,250.00,100 גרם,false,1,24.90,9.96,true,1,
7290017724058,false,עוגיות מעדן תמר אגוז,אקלר,IL,מעדן תמר אגוז,גרמים,250.00,100 גרם,false,1,24.90,9.96,true,1,
7290017724065,false,"מעדן תפו""ע ואגוזים 250גר",אקלר,IL,"מעדן תפו""ע ואגוז",גרמים,250.00,100 גרם,false,1,24.90,9.96,true,1,
7290017724072,false,רולדה שוקולד תמר 200 גרם,אקלר,IL,רולדה שוקולד תמר,גרמים,200.00,100 גרם,false,1,24.90,12.45,true,1,
7290017724102,false,עוגיות סיגרים תמרים/,אקלר,IL,סיגרים תמרים,גרמים,200.00,100 גרם,false,1,24.90,12.45,true,1,
7290017724140,false,עוגיות שושנים אקלר 200 גרם,אקלר,IL,עוגיות שושנים,גרמים,200.00,100 גרם,false,1,24.90,12.45,true,1,
7290017724164,false,עוגיות אוזניים ללא סוכר אקלר 200 גרם,אקלר,IL,עוגיות אוזניים,גרמים,200.00,100 גרם,false,1,24.90,12.45,true,1,
7290017724201,false,עוגיות ואן גוך ללא סוכר אקלר 200 גרם,אקלר,IL,עוגיות ואן גוך,גרמים,200.00,100 גרם,false,1,24.90,12.45,true,1,
7290017724256,false,אקלר שומשומיות ללא סוכר 200 גרם,אקלר,IL,"שומשומית ללת""ס",גרמים,200.00,100 גרם,false,1,24.90,12.45,true,1,
7290017724270,false,"עוגיות אשכול ללת""ס 200גר",,IL,עוגיות אשכול,גרמים,200.00,100 גרם,false,1,24.90,12.45,true,1,
7290017724294,false,"גרנולה צ'יפס ללת""ס200גרם",,IL,גרנולה צ'יפס,גרמים,200.00,100 גרם,false,1,24.90,12.45,true,1,
7290017724300,false,עוגיות גרנולה 200 גרם,,IL,עוגיות גרנולה,גרמים,200.00,100 גרם,false,1,24.90,12.45,true,1,
7290017812052,false,יין שיראז-קברנה סוביניון אקסלנס יקבי כרמל,יקבי כרמל Carmel Winery,IL,שיראז-קברנה,מיליליטרים,750.00,"100 מ""ל",false,1,29.90,3.99,true,1,
7290017812069,false,יין אמרלד ריזלינג שרדונה אקסלנס Excellence,יקבי כרמל Carmel Winery,IL,ריזלינג-שרדונה,מיליליטרים,750.00,"100 מ""ל",false,1,29.90,3.99,true,1,
7290017812571,false,מיץ ענבים תירוש אדום 100% טבעי כרמל 1 ליטר,יקבי כרמל Carmel Winery,IL,תירוש כרמל אדום,ליטרים,1.00,ליטר,false,1,21.90,21.90,true,1,
7290017812588,false,מיץ ענבים תירוש לבן 100% טבעי כרמל 1 ליטר,יקבי כרמל Carmel Winery,IL,מיץ תירוש לבן,ליטרים,1.00,ליטר,false,1,21.90,21.90,true,1,
7290017812656,false,"תירוש אדום מיץ ענבים מבעבע כרמל 750 מ""ל",ג'\קובז'\י איי.אי פיגלי,IL,תירוש מבעבע אדום,מיליליטרים,750.00,"100 מ""ל",false,1,23.90,3.19,true,1,
7290017812830,false,יין רוזה פרייבט קולקשיין 750מל יקבי כרמל,"כד בני דרום בע""מ",IL,יין רוזה יבש,מיליליטרים,750.00,"100 מ""ל",false,1,36.90,4.92,true,1,
7290017812861,false,יין וינו לבן יקבי כרמל,כרמל מזרחי,IL,יין וינו לבן יבש,יחידה,1.00,יחידה,false,0,19.90,19.90,true,1,
7290017812977,false,"יין קריניאנו סלקטדאננס באז כרמל 750 מ""ל",כרמל מזרחי,IL,באזז בטעם אננס,מיליליטרים,750.00,"100 מ""ל",false,1,29.90,3.99,true,1,
7290017871462,false,טוסו חטיף פצפוצי אורז מצופה שוקולד מריר ללא תוספת סוכר,תות תעשיות מזון (2014) ב,IL,חטיף פצפוצי אורז,גרמים,105.00,100 גרם,false,1,19.50,18.57,true,1,
7290017871950,false,פרשוואנס נייר טואלט לח מתכלה בניחוח לוונדר מארז שלישייה,עלבד משואות יצחק,IL,מגבוני נ.טואלט,יחידה,1.00,יחידה,false,1,15.90,15.90,true,1,
7290017871974,false,טוסו אבקת ג'לי טעם תות 30גרם,אשבל מזון פונקציונלי בע\,IL,ג'לי בטעם תות,גרמים,25.00,100 גרם,false,1,12.90,51.60,true,1,
7290017872179,false,טוסו - עוגיות טחינה ללא סוכר 200 גרם,"הגביע מוצרי וופלים בע""\מ",IL,עוגיות טחינה,גרמים,200.00,100 גרם,false,1,17.50,8.75,true,1,
7290017872193,false,טוסו עוגיות שקדים וקינמון ללא סוכר 200 גרם,"הגביע מוצרי וופלים בע""\מ",IL,עוגיות שקדים,גרמים,200.00,100 גרם,false,1,17.50,8.75,true,1,
7290017872865,false,בייביביס חטיפי דגנים אפויים לתינוקות בטעם גזר ועגבנייה,טאטא גלובל בוורג'ס,IL,כוכבים דגנים,גרמים,35.00,100 גרם,false,1,14.90,42.57,true,1,
7290017872872,false,בייביביס חטיפי דגנים אפויים לתינוקות בטעם גזר וסלק,טאטא גלובל בוורג'ס,IL,כוכבים דגנים,גרמים,35.00,100 גרם,false,1,14.90,42.57,true,1,
7290017873350,false,קרם יד.פנג'ל אינטנסיב100,"דנלוג אינטרקוסמא בע""\מ",IL,קרם ידיים פנג'ל,מיליליטרים,100.00,"100 מ""ל",false,1,11.90,11.90,true,1,
7290017888019,false,"משקה תפוח רימון סלק גינגיר פרות &ווג 350 מ""ל",פרוט אנד וג' Fruit & Veg,IL,משקה פרוט&וג',מיליליטרים,350.00,"100 מ""ל",false,1,8.60,2.46,true,1,
7290017888026,false,"משקה אננס תפוח גזר פרות & ווג 350 מ""ל",פרוט אנד וג' Fruit & Veg,IL,משקה פרוט&וג',מיליליטרים,350.00,"100 מ""ל",false,1,8.60,2.46,true,1,
7290017888033,false,"משקה בננה מלון נענע פרות &ווג 350 מ""ל",פרוט אנד וג' Fruit & Veg,IL,משקה פרוט&ווג',מיליליטרים,350.00,"100 מ""ל",false,1,8.60,2.46,true,1,
7290017888095,false,"שוופס מוגז עדין פירות יער פחיות רביעייה 330 מ""ל",יפאורה תבורי בעמ,IL,שוופס מוגז 4 יח,ליטרים,1.32,ליטר,false,1,14.20,10.76,true,1,
7290017888644,false,"משקה אננס בננה כורכום פרות & ווג 350 מ""ל",פרוט אנד וג' Fruit & Veg,IL,משקה פרוט&וג',מיליליטרים,350.00,"100 מ""ל",false,1,8.60,2.46,true,1,
7290017888729,false,שוופס סודה בקבוק 1 ל',"יפאורה תבורי בע""\מ",IL,סודה שוופס,ליטרים,1.00,ליטר,false,1,4.90,4.90,true,1,
7290017888972,false,בקבוק מי עדן פקק ספורט 1 ליטר,"מופק ממקור בזלתי עדן ,1",IL,מי עדן ספורט,ליטרים,1.00,ליטר,false,1,5.20,5.20,true,1,
7290017928098,false,שטוחלה מלח מאיר בייגל 330 גרם,מאיר את בייגל,IL,בייגלה שטוחל'ה,גרמים,330.00,100 גרם,false,1,12.90,3.91,true,1,
7290017928227,false,שטוחלה פינוקים מאיר בייגל 300 גרם,מאיר את בייגל,IL,בייגלה שטוחלה,גרמים,300.00,100 גרם,false,1,12.90,4.30,true,1,
7290017928463,false,מאיר בייגל -סמאש-שבורים בטעם דבש חרדל ובצל 300 גרם,מאיר בייגל,BG,שברי בייגלה,יחידה,1.00,יחידה,false,0,10.90,10.90,true,1,
7290017928494,false,מאיר בייגל -סמאש-שבורים בטעם צ'דר 300 גרם,מאיר בייגל,BG,סמאש שברי בייגלה,גרמים,300.00,100 גרם,false,1,10.90,3.63,true,1,
7290017928616,false,שטוחלה שומשום מאיר בייגל 300 גרם,מאיר את בייגל,IL,בייגלה שטוחלה,גרמים,300.00,100 גרם,false,1,12.90,4.30,true,1,
7290017928661,false,מאיר בייגל -סמאש-שבורים בטעם צ'דר 300 גרם,מאיר בייגל,BG,שברי בייגלה,יחידה,1.00,יחידה,false,0,10.90,10.90,true,1,
7290017928685,false,בייגלה שמיניות מלוח מאיר בייגל 400 גרם.,מאיר את בייגל,IL,בייגלה שמיניות,גרמים,400.00,100 גרם,false,1,12.90,3.23,true,1,
7290017928807,false,בייגלה אצבעות שומשום מאיר בייגל 300 גרם,מאיר את בייגל,IL,בייגלה אצבעות,גרמים,300.00,100 גרם,false,1,12.90,4.30,true,1,
7290017928821,false,מקלות גריסיני קלאסי מאיר בייגל 200 גרם,מאיר את בייגל,IL,גריסיני קלאסי,גרמים,200.00,100 גרם,false,1,12.90,6.45,true,1,
7290017946368,false,שלישיית כדוריות סבון לאסלה אוקיינוס סוד 50 גרם,הנקל סוד,RS,סבון לאסלה סוד,גרמים,150.00,100 גרם,false,1,10.00,6.67,true,1,
7290017947105,false,לחם אנג'ל בסגנון אמריקה 500 גרם,מאפיית שלמה א. אנג'\ל בע,IL,לחם סגנון אמריקה,גרמים,500.00,100 גרם,false,1,15.90,3.18,true,1,
7290017947457,false,חלה קלועה כוסמין אנג'ל ארוזה 500 גרם,מאפיית שלמה א.אנג'\ל בע\,IL,חלה כוסמין ארוזה,גרמים,500.00,100 גרם,false,1,17.90,3.58,true,1,
7290017947464,false,שמיניית פיתות כוסמין אנג'ל 8*50 גרם,מאפיית שלמה א.אנג'\ל בע\,IL,פיתות כוסמין,גרמים,400.00,100 גרם,false,1,17.90,4.48,true,1,
7290017947495,false,6 לחמניות כוסמין 450 גרם אנג'ל,מאפיית שלמה א.אנג'\ל,IL,לחמניות כוסמין6*,יחידה,1.00,יחידה,false,0,16.90,16.90,true,1,
7290017947891,false,לחם אנג'ל כוסמין וחיטה מלאה 750 גרם,מאפיית שלמה א. אנג'\ל בע,IL,אנג'ל כוסמין,גרמים,750.00,100 גרם,false,1,17.90,2.39,true,1,
7290017947921,false,לחמניות המבורגר בסגנון אמריקאי מארז 6 יח',מאפיית שלמה א. אנג'\ל בע,IL,לחמניות המבורגר,גרמים,450.00,100 גרם,false,1,15.90,3.53,true,1,
7290017947938,false,מיני לחמניות המבורגר בסגנון אמריקה 400 ג' אנג'ל,מאפיית שלמה א. אנג'\ל בע,IL,לחמניות המבורגר,גרמים,400.00,100 גרם,false,1,15.90,3.98,true,1,
7290017967004,false,"בירה קייזר בקבוק 500 מ""ל",ברסייר,FR,בירה קייזר,מיליליטרים,500.00,"100 מ""ל",false,1,6.90,1.38,true,1,
7290018043189,false,פראוד - חטיף חלבון בטעם קשיו קרמל 60 גרם,מרס נדרלנד,NL,פראוד חטיף קשיו,גרמים,60.00,100 גרם,false,1,13.90,23.17,true,1,
7290018043196,false,פראוד - חטיף חלבון בטעם שוקולד לבן עוגיות 60 גרם,הרת'סייד פוד סולושיי,NL,פראוד חטיף בטעם,גרמים,60.00,100 גרם,false,1,13.90,23.17,true,1,
7290018043639,false,חטיף חלבון שוק.קריספ29גר,,NL,חטיף חלבון פראוד,גרמים,29.00,100 גרם,false,1,11.90,41.03,true,1,
7290018045084,false,BON&BON דגנים במילוי קרם בטעם בראוניז 480 גרם,monday,DE,דגנים במילוי קרם,גרמים,480.00,100 גרם,false,1,23.90,4.98,true,1,
7290018045497,false,בון בון דגנים במילוי קרם שוקולד 480 גרם,מונדיי Monday,DE,דגנים במילוי,גרמים,480.00,100 גרם,false,1,23.90,4.98,true,1,
7290018045695,false,BON&BON דגנים במילוי קרם קרמל מלוח 480 גרם,מונדיי Monday,DE,דגנים במילוי,גרמים,480.00,100 גרם,false,1,23.90,4.98,true,1,
7290018045893,false,בון בון דגנים במילוי קרם נוגט 480 גרם,מונדיי Monday,DE,דגנים במילוי קרם,גרמים,480.00,100 גרם,false,1,23.90,4.98,true,1,
7290018131534,false,מאגדת מיני בייטס מילקה נסטלה 201 גרם,שוורצקוף& הנקל דיסלד,PL,מאגדת מיני בייטס,גרמים,162.00,100 גרם,false,1,21.90,13.52,true,1,
7290018131831,false,נסטלה מאגדת שלגון מילקה וניל חדש8 4*66ג,שוורצקוף& הנקל דיסלד,PL,מאגדת שלגון מילק,גרמים,284.00,100 גרם,false,1,29.90,10.53,true,1,
7290018132340,false,"מטרנה גולד בד""ץ שלב 1 700 גרם",מטרנה תעשיות ש.מ.,IL,מטרנה גולד שלב 1,גרמים,700.00,100 גרם,false,1,74.90,10.70,true,1,
7290018132388,false,מטרנה גולד שלב 2 תרכובת מזון על בסיס חלבי,מטרנה תעשיות ש.מ.,IL,מטרנה גולד שלב 2,גרמים,700.00,100 גרם,false,1,74.90,10.70,true,1,
7290018132425,false,מטרנה גולד שלב 3 תרכובת מזון על בסיס חלבי,מטרנה תעשיות ש.מ.,IL,מטרנה גולד שלב 3,גרמים,700.00,100 גרם,false,1,74.90,10.70,true,1,
7290018237281,false,עוף טוב נקניק סלמי ירדן 550 גר,מוצרי עוף טוב (2001) בע\,IL,נקניק סלמי ירדן,גרמים,550.00,100 גרם,false,1,26.90,4.89,true,1,
7290018237410,false,עוף טוב פסטרמה במעשנה נתח שלם 8*300 גרם,מוצרי עוף טוב (2001) בע\,IL,פסטרמה במעשנה,גרמים,300.00,100 גרם,false,1,29.90,9.97,true,1,
7290018237922,false,שניצלונים ציפוי צ'יפס עוף טוב 700 גרם,מוצרי עוף טוב (2001) בע\,IL,שניצלונים בציפוי,גרמים,700.00,100 גרם,false,1,21.90,3.13,true,1,
7290018249154,false,סוויטאנגו ממרח אגוזי לוז 350 גרם,"אחדות ביח""ר לטחינה ח",IL,ממרח קקאו,גרמים,350.00,100 גרם,false,1,33.90,9.69,true,1,
7290018249994,false,ממתיק סוויטאנגו אריזת חיסכון,מתבל תעשיות מזון,IL,סוויטאנגו,גרמים,700.00,100 גרם,false,1,57.90,8.27,true,1,
7290018294208,false,"סלקטדאדום ישראלי יבש כרמל 750 מ""ל","כד בני דרום בע""מ",IL,יין אדום סלקטד,מיליליטרים,750.00,"100 מ""ל",false,1,29.90,3.99,true,1,
7290018294352,false,"ערק כרמל 37.5% 700 מ""ל",יקבי כרמל Carmel Winery,ES,ארק כרמל,מיליליטרים,700.00,"100 מ""ל",false,1,52.90,7.56,true,1,
7290018294895,false,"יין מונלייט מוסקטו ורוד מבעבע 750 מ""ל",יקבי כרמל Carmel Winery,IL,מונלייט לבן,מיליליטרים,750.00,"100 מ""ל",false,1,32.90,4.38,true,1,
7290018294901,false,"יין מונלייט אדום יבש 750 מ""ל כרמל",יקבי כרמל Carmel Winery,IL,מונלייט אדום,מיליליטרים,750.00,"100 מ""ל",false,1,32.90,4.38,true,1,
7290018294918,false,מונלייט מוסקטו רוזה מתוק מבעבע 750מל,יקבי כרמל Carmel Winery,IL,מונלייט סמוק,מיליליטרים,750.00,"100 מ""ל",false,1,32.90,4.38,true,1,
7290018333082,false,אגו מיקס קורנפלקס שוקולד חלב ולבן כרמית 55 גרם,"כרמית תעשיות ממתקים בע""\",IL,אגו מיקס 55גרם,גרמים,55.00,100 גרם,false,1,5.90,10.73,true,1,
7290018359495,false,תירס מהשדה בלי תוספת סוכר יכין 550 גרם,היינץ צפון אמריקה מק,IL,"תירס מהשדה ללת""ס",גרמים,550.00,100 גרם,false,1,9.90,1.80,true,1,
7290018359518,false,תירס מהשדה בלי תוספת סוכר יכין מארז 200X3 גר',"זנלכל בע""\מ",IL,תירס מהשדה 3 יח,גרמים,600.00,100 גרם,false,1,14.90,2.48,true,1,
7290018359686,false,יכין חומוס גדול 550 גר A2,היינץ צפון אמריקה מק,IL,חומוס ענק,גרמים,550.00,100 גרם,false,1,9.90,1.80,true,1,
7290018359884,false,פולפה ליקופן טבעית 2*400 גרם יכין,זנלכל,IL,פולפה ליקופן 2יח,גרמים,800.00,100 גרם,false,1,17.90,2.24,true,1,
7290018359938,false,"רוטב עגבניות לשקשוקה יכין, 400 גרם",זנלכל,IL,רוטב שקשוקה,גרמים,400.00,100 גרם,false,1,12.50,3.13,true,1,
7290018359945,false,רוטב עגבניות פיקנטי מפלפלים וירקות יכין 400 גרם,זנלכל,IL,חאריפה,גרמים,400.00,100 גרם,false,1,12.50,3.13,true,1,
7290018359952,false,רוטב עגבניות לפסטה יכין 400 גרם,זנלכל,IL,רוטב עגבניות,גרמים,400.00,100 גרם,false,1,12.50,3.13,true,1,
7290018359969,false,רוטב עגבניות לפיצה יכין 400 גרם,זנלכל,IL,רוטב פיצה,גרמים,400.00,100 גרם,false,1,12.50,3.13,true,1,
7290018380611,false,צלפים עם חומץ תומר 370 גרם,,TR,צלפים בחומץ,גרמים,370.00,100 גרם,false,1,9.90,2.68,true,1,
7290018394113,false,דואט פטריות שי-מג'י חוות תקוע,שנגחאי פינק פוד קומפני,CN,דואט שימג'י,גרמים,300.00,100 גרם,false,1,17.90,5.97,true,1,
7290018400661,false,לקט פאייה בסגנון ספרדי סנפרוסט 800 גרם,"סנפרוסט בע""\מ",IL,לקט פאייה,גרמים,800.00,100 גרם,false,1,24.90,3.11,true,1,
7290018440209,false,פליפז בייגלה בציפוי פאדג' לבן מקוויטיס 140 גרם,אולקר מקבוצת פלאדיס,TR,בייגלה מצופה,יחידה,1.00,יחידה,false,0,9.90,9.90,true,1,
7290018440230,false,תה צ'אי ורדים 25 שקיקים ויסוצקי,תה ויסוצקי,IL,צ'אי ורדים,גרמים,50.00,100 גרם,false,1,24.10,48.20,true,1,
7290018440247,false,תה צ'אי שקדים0 25 שקיקים ויסוצקי,תה ויסוצקי,IL,צ'אי שקדים,גרמים,50.00,100 גרם,false,1,24.10,48.20,true,1,
7290018440254,false,תה צ'אי קרמל מלוח 25 שקיקים ויסוצקי,תה ויסוצקי,IL,צ'\אי קרמל מלוח,גרמים,50.00,100 גרם,false,1,24.10,48.20,true,1,
7290018440438,false,Calvo טונה בשמן זית פתיחה קלה 3 * 65 גרם,"קאלוו קונסרבס ס.ל.יו. ,",ES,טונה בשמן זית3יח,גרמים,195.00,100 גרם,false,1,23.90,12.25,true,1,
7290018440513,false,סלט קליפורנייה קאלוו עם טונה 150 גר,"קאלוו קונסרבס ס.ל.יו. ,",ES,סלט קליפורניה,גרמים,150.00,100 גרם,false,1,13.90,9.27,true,1,
7290018440520,false,סלט טונה קאלוו מקסיקני 150 גר,"קאלוו קונסרבס ס.ל.יו. ,",ES,סלט טונה מקסיקני,גרמים,150.00,100 גרם,false,1,13.90,9.27,true,1,
7290018440896,false,הגן הקסום חליטה ג'ינגר כורכום ויסוצקי 25 יח,תה ויסוצקי,IL,חליטת ג'ינג'ר,גרמים,50.00,100 גרם,false,1,19.90,39.80,true,1,
7290018449196,false,הוורטיה בעציץ יחידה,פרח הארץ,IL,הוורטיה בעציץ,יחידה,1.00,יחידה,false,1,26.90,26.90,true,1,
7290018468401,false,פסטרמה צמחונית בטעם גריל 100 גר טירת צבי,טיב טירת צבי 2000,IL,פסטרמה צמחונית,גרמים,120.00,100 גרם,false,1,19.90,16.58,true,1,
7290018468432,false,נקניק טבעוני בטעם מעושן 100 גרם טירת צבי,טיב טירת צבי 2000,IL,נקניק טבעוני,גרמים,100.00,100 גרם,false,1,19.90,19.90,true,1,
7290018471128,false,"ספרינג שייק אננס מנגו פסיפלורה זכוכית 330 מ""ל","יפאורה תבורי בע""\מ",IL,ספרינג שייק,מיליליטרים,330.00,"100 מ""ל",false,1,7.60,2.30,true,1,
7290018471135,false,"ספרינג שייק בננה תמר תפוז זכוכית 330 מ""ל","יפאורה תבורי בע""\מ",IL,ספרינג שייק,מיליליטרים,330.00,"100 מ""ל",false,1,7.60,2.30,true,1,
7290018471142,false,"ספרינג שייק בננה אננס קוקוס פירות יער זכוכית 330 מ""ל","יפאורה תבורי בע""\מ",IL,ספרינג שייק בננה,מיליליטרים,330.00,"100 מ""ל",false,1,7.60,2.30,true,1,
7290018471180,false,משקה פרוט& ווג' אננס תפוח גזר 1 ליטר,פרוט אנד וג' Fruit & Veg,IL,מיץ פרוט & ווג',ליטרים,1.00,ליטר,false,1,14.10,14.10,true,1,
7290018471210,false,קרטונית נקטר ספרינג תפוח סברס 1 ליטר,"יפאורה תבורי בע""\מ",IL,ספרינג 1 ליטר,ליטרים,1.00,ליטר,false,1,7.60,7.60,true,1,
7290018471395,false,משקה פרוט& ווג' תפוח רימון ג'ינג'ר 1 ליטר,פרוט אנד וג' Fruit & Veg,IL,מיץ פרוט & ווג',ליטרים,1.00,ליטר,false,1,14.10,14.10,true,1,
7290018471401,false,משקה פרוט& ווג' אננס בננה כורכום 1 ליטר,פרוט אנד וג' Fruit & Veg,IL,מיץ פרוט & ווג',ליטרים,1.00,ליטר,false,1,14.10,14.10,true,1,
7290018471449,false,קרטונית ספרינג שייק בננה תמר תפוז 1 ליטר,"יפאורה תבורי בע""\מ",IL,ספרינג שייק,ליטרים,1.00,ליטר,false,1,14.10,14.10,true,1,
7290018471463,false,תפוזינה נקטר תפוז מנגו קרטונית 1 ליטר,"יפאורה תבורי בע""\מ",IL,תפוזינה enjoy,ליטרים,1.00,ליטר,false,1,7.90,7.90,true,1,
7290018471470,false,תפוזינה נקטר תפוז פסיפלורה קרטונית 1 ליטר,"יפאורה תבורי בע""\מ",IL,תפוזינה enjoy,ליטרים,1.00,ליטר,false,1,7.90,7.90,true,1,
7290018471487,false,תפוזינה נקטר תפוז אננס קרטונית 1 ליטר,"יפאורה תבורי בע""\מ",IL,תפוזינה תפוז אננ,ליטרים,1.00,ליטר,false,1,7.90,7.90,true,1,
7290018471494,false,קרטונית נקטר ספרינג תפוז גזר 1 ליטר,"יפאורה תבורי בע""\מ",IL,תפוזינה תפוז גזר,ליטרים,1.00,ליטר,false,1,7.90,7.90,true,1,
7290018471616,false,שוופס אינדיאן טוניק 1 ליטר,"יפאורה תבורי בע""\מ",IL,שוופס טוניק אינד,ליטרים,1.00,ליטר,false,1,10.10,10.10,true,1,
7290018471630,false,שוופס טוניק מלפפון ליים 1 ליטר,"יפאורה תבורי בע""\מ",IL,שוופס טוניק,ליטרים,1.00,ליטר,false,1,10.10,10.10,true,1,
7290018471692,false,ספרינג שייק בננה אננס קוקוס פירות יער קרטונית 1 ל',"יפאורה תבורי בע""\מ",IL,ספרינג שייק,ליטרים,1.00,ליטר,false,1,14.10,14.10,true,1,
7290018471906,false,שוופס מוגז פירות לימונדה ורודה 1.5 ליטר פיקדון,"יפאורה תבורי בע""\מ",IL,שוופס לימונדה,ליטרים,1.50,ליטר,false,0,9.50,6.33,true,1,
7290018471913,false,משקה מוגז פירות תפוחים שוופס 1.5 ליטר,"יפאורה תבורי בע""\מ",IL,שוופס תפוחים,ליטרים,1.50,ליטר,false,0,9.50,6.33,true,1,
7290018471920,false,שוופס מוגז פירות ענבים 1.5 ליטר פיקדון,"יפאורה תבורי בע""\מ",IL,שוופס ענבים,ליטרים,1.50,ליטר,false,0,9.50,6.33,true,1,
7290018471937,false,שוופס מוגז פירות תות ליים 1.5 ליטר פיקדון,"יפאורה תבורי בע""\מ",IL,שוופס מוגז תו,ליטרים,1.50,ליטר,false,0,9.50,6.33,true,1,
7290018471944,false,שוופס מוגז פירות לימונייד 1.5 ליטר פיקדון,"יפאורה תבורי בע""\מ",IL,שוופס לימוניי,ליטרים,1.50,ליטר,false,0,9.50,6.33,true,1,
7290018471951,false,שוופס מוגז פירות אשכולית אדומה 1.5 ליטר פיקדון,"יפאורה תבורי בע""\מ",IL,שוופס אשכולית,ליטרים,1.50,ליטר,false,0,9.50,6.33,true,1,
7290018500316,false,ארטיזנל לחם כוסמין לבן אנג'ל 750 גרם,מאפיית שלמה א. אנג'ל,IL,לחם כוסמין לבן,גרמים,400.00,100 גרם,false,1,17.90,4.48,true,1,
7290018500361,false,"לחם שחור פרוס 900 גרם ""אנג'ל"" -מוצר בפיקוח",מאפיית שלמה א. אנג'\ל בע,IL,לחם אחיד פרוס,גרמים,900.00,100 גרם,false,1,8.50,0.94,true,1,
7290018500491,false,חלה בסגנון מאמריקה 500 גרם אנג'ל,אחמד תה אנגליה,IL,חלה אמריקה ארוזה,גרמים,500.00,100 גרם,false,1,17.90,3.58,true,1,
7290018516324,false,פאוץ' פרינוק תפוח עץ עם שיבולת שועל 120 גרם,פרוטה פודווין איי.אס,CZ,פרינוק,גרמים,120.00,100 גרם,false,1,6.50,5.42,true,1,
7290018516355,false,מחיט תפוח עץ ושבולות שועל 190 ג' פרינוק גוניור,פרוטה פודווין איי.אס,CZ,פרינוק ארוחה,גרמים,190.00,100 גרם,false,1,6.90,3.63,true,1,
7290018516379,false,מחיט סלט פירות ושבולות שועל 190 ג' פרינוק גוניור,פרוטה פודווין איי.אס,CZ,פרינוק ארוחת סלט,גרמים,190.00,100 גרם,false,1,6.90,3.63,true,1,
7290018516447,false,ארוחת מקרוני+רוטב גב206,,US,ארוחת מקרוני,גרמים,206.00,100 גרם,false,1,12.90,6.26,true,1,
7290018540329,false,שקית פיתה פיתה בלדי 800 ג' אנג'ל,מאפיית שלמה א. אנג'\ל בע,IL,פיתה פיתה 8 יח,גרמים,800.00,100 גרם,false,1,13.90,1.74,true,1,
7290018540817,false,ארטיזנל לחם מחמצת כוסמין אנג'ל 500 גרם,מאפיית אורנים,IL,לחם מחמצת כוסמין,גרמים,500.00,100 גרם,false,1,19.90,3.98,true,1,
7290018540824,false,ארטיזנל לחם מחמצת כפרי אנג'ל 500 גרם,מאפיית אורנים,IL,לחם מחמצת כפרי,גרמים,500.00,100 גרם,false,1,16.90,3.38,true,1,
7290018540831,false,ארטיזנל לחם מחמצת חיטה מלאה ודגנים אנג'ל 500 גרם,מאפיית אורנים,IL,לחם מחמצת,גרמים,500.00,100 גרם,false,1,16.90,3.38,true,1,
7290018556238,false,רויאל בטעם לימונים 750 מ,פיירוואטר,IL,רויאל טעם לימון,מיליליטרים,750.00,"100 מ""ל",false,1,37.90,5.05,true,1,
7290018652213,false,מאגדת חטיפי גלידה קראנץ בר 41X6 גרם,פרונרי איטליה,IT,מאגדת חטיפי גליד,גרמים,246.00,100 גרם,false,1,23.90,9.71,true,1,
7290018652671,false,"לה קרמריה שוקולד וניל 1.4 ליטר [תו אי""ל]",גלידות נסטלה,IL,לה קרמריה שוקו ו,ליטרים,1.40,ליטר,false,1,21.90,15.65,true,1,
7290018652886,false,שלגונים בשומן צמחי בטעמי שוקו ובננה מצופים צימקאו,גלידות נסטלה,IL,מאגדת שוקו בננה,גרמים,476.00,100 גרם,false,1,31.90,6.70,true,1,
7290018652923,false,פרוייקט סער-תות עוגת גבינה נסטלה 5*43 גרם,גלידות נסטלה,IL,מאגדת מסקרפונה,גרמים,215.00,100 גרם,false,1,29.90,13.91,true,1,
7290018663868,false,סלק שלם מוכן לאכילה,"נזיד תאגיד מזון בע""מ",IL,סלק שלם מוכן,יחידה,1.00,יחידה,false,1,7.90,7.90,true,1,
7290018703052,false,חטיף חלבון עוג.קראנץ29גר,,NL,חטיף חלבון פראוד,גרמים,29.00,100 גרם,false,1,11.90,41.03,true,1,
7290018703311,false,פראוד - חטיף חלבון קרם עוגיות קראנצ' 60ג,v.s.i,NL,חטיף חלבון,גרמים,60.00,100 גרם,false,1,13.90,23.17,true,1,
7290018792810,false,שוקוליקו אב.למשקה שוק420,,IL,שוקוליקו,גרמים,420.00,100 גרם,false,1,10.90,2.59,true,1,
7290018792841,false,אבקת קקאו טבעי גאנה 150 גר,אברמוביץ עזר קקאו וש,IL,אבקת קקאו טבעי,גרמים,150.00,100 גרם,false,1,10.90,7.27,true,1,
7290018795842,false,שיני שום קלופות 500ג מרינה,מרינה,IL,שיני שום קלופות,גרמים,500.00,100 גרם,false,1,18.90,3.78,true,1,
7290018825020,false,תפוח אדמה גורמה דוד משה,חבל מעון,IL,"תפו""א לבן גורמה",קילוגרמים,0.00,"ק""ג",true,1,7.90,7.90,true,1,
7290018825419,false,תפוח אדמה אדום קטן לאפיה,חבל מעון,IL,"תפו""א אדום קטן",קילוגרמים,0.00,"ק""ג",true,1,7.90,7.90,true,1,
7290018825624,false,תפוח אדמה ציפס הולנדי,חבל מעון,IL,"תפו""א ציפס הולנד",קילוגרמים,0.00,"ק""ג",true,1,6.90,6.90,true,1,
7290018835029,false,מרק בטעם עוף 400 גרם תבליני מימון,"מימונס אפיה בע""מ",IL,מרק בטעם עוף,גרמים,400.00,100 גרם,false,1,14.90,3.73,true,1,
7290018878170,false,אגו שוקולד מריר 60% מוצקי קקאו 2*100גר,"כרמית תעשיות ממתקים בע""\",IL,שוקולד מריר 60%,גרמים,200.00,100 גרם,false,1,10.00,5.00,true,1,
7290018893500,false,צ'וקטה עוגיות סנדביץ קרם שוקו 180גר,צ'וקטה,ES,עוגיות סנדביץ,גרמים,180.00,100 גרם,false,1,5.90,3.28,true,1,
7290018893708,false,עוגיות סנדוויץ' במילוי קרם בטעם שוקולד,צ'וקטה Chocketa,ES,עוגיות סנדביץ,גרמים,250.00,100 גרם,false,1,7.60,3.04,true,1,
7290018893852,false,חטיפי בייגלה דקיקים ופריכים שומשום צ'וקטה 200 ג',צ'וקטה Chocketa,RO,בייגלה עם שומשום,גרמים,200.00,100 גרם,false,1,7.50,3.75,true,1,
7290018894644,false,חטיף קוקוס בציפוי שוק400,נטרה,ES,חטיף קוקוס,גרמים,400.00,100 גרם,false,1,17.90,4.48,true,1,
7290018894842,false,חטיף בוטנים ציפוי שוק400,נטרה,ES,חטיף בוטנים,גרמים,400.00,100 גרם,false,1,17.90,4.48,true,1,
7290018921029,false,"ד""ר פישר - קמיל בלו מגבוני סנסיטיב 64 יח' * 4",פישר מעבדות פרמצבטיות בע,IL,מגבוני קמיל בלו,יחידה,1.00,יחידה,false,1,20.90,20.90,true,1,
7290018921203,false,"קמיל בלו קרם החתלה קמומיל 120 ג' ד""ר פישר",פישר מעבדות פרמצבטיות בע,IL,קרם החתלה קמומיל,גרמים,120.00,100 גרם,false,1,16.90,14.09,true,1,
7290018921265,false,"תחליב רחצה מועשר בתמצית אלוורה 700 מ""ל אפקטיב קר",פישר מעבדות פרמצבטיות בע,IL,תחליב רחצ.אלוורה,מיליליטרים,700.00,"100 מ""ל",false,1,15.90,2.27,true,1,
7290018921456,false,"ד""ר פישר - אפקטיב קר תחליב רחצה שמן כותנה 700 מ""ל",פישר מעבדות פרמצבטיות בע,IL,תחליב רחצה כותנה,מיליליטרים,700.00,"100 מ""ל",false,1,15.90,2.27,true,1,
7290018925065,false,מיץ פרימור תפוזים סחוט 2 ליטר-,"גניר (1992) בע""מ",IL,מיץ תפוזים סחוט,ליטרים,2.00,ליטר,false,1,27.90,13.95,true,1,
7290018925072,false,משקה קל לימונים ונענע 2 ל פרימור,"גניר (1992) בע""מ",IL,משקה קל לימונים,ליטרים,2.00,ליטר,false,1,23.90,11.95,true,1,
7290018925089,false,מיץ תפוחים 100% מיץ צלול מיוצר מרכז,"גניר (1992) בע""מ",IL,מיץ תפוחי עץ,ליטרים,2.00,ליטר,false,1,27.90,13.95,true,1,
7290018989135,false,סירופ בטעם פטל יכין 1 ליטר,"זנלכל בע""\מ",IL,סירופ בטעם פטל,ליטרים,1.00,ליטר,false,1,21.90,21.90,true,1,
7290019014614,false,"מרכך כביסה בלו 900 מ""ל",סאסא טק,IL,מרכך כביסה בלו,מיליליטרים,900.00,"100 מ""ל",false,1,19.90,2.21,true,1,
7290019014621,false,"מרכך כביסה לגונה 900 מ""ל",סאסא טק,IL,מרכך כביסה לגונה,מיליליטרים,900.00,"100 מ""ל",false,1,19.90,2.21,true,1,
7290019014638,false,מרכך כביסה פרש וויט 900,סאסא טק,IL,מרכך כביסה פרש,מיליליטרים,900.00,"100 מ""ל",false,1,19.90,2.21,true,1,
7290019014645,false,"מסיר כתמים טנקס 500 מ""ל",סאסא טק,IL,מסיר כתמים TNX,מיליליטרים,500.00,"100 מ""ל",false,1,24.90,4.98,true,1,
7290019014652,false,מרכך כביסה בייבי לאב900מ,סאסא טק,IL,מרכך כביסה בייבי,מיליליטרים,900.00,"100 מ""ל",false,1,24.90,2.77,true,1,
7290019014669,false,ג'ל לכביסה צבעונית 1.35ל,סאסא טק,IL,ג'ל לכביסה ירוק,ליטרים,1.35,ליטר,false,1,29.90,22.15,true,1,
7290019014676,false,ג'ל לכביסה לבנה 1.35 ל,סאסא טק,IL,ג'ל לכביסה לבנה,ליטרים,1.35,ליטר,false,1,29.90,22.15,true,1,
7290019014683,false,נוזל רצפות פרדייס 1.35 ל,סאסא טק,IL,נוזל לרצפות,ליטרים,1.35,ליטר,false,1,24.90,18.44,true,1,
7290019014706,false,נוזל רצפות פרש וויט1.35ל,סאסא טק,IL,נוזל רצפות פרש,ליטרים,1.35,ליטר,false,1,24.90,18.44,true,1,
7290019014737,false,"מבשם בדים ביץ קלאב500מ""ל",סאסא טק,IL,מבשם בדים קלאב,מיליליטרים,500.00,"100 מ""ל",false,1,19.90,3.98,true,1,
7290019014744,false,מרסס חלונות פרש וויט750מ,סאסא טק,IL,מרסס חלונות פרש,מיליליטרים,750.00,"100 מ""ל",false,1,13.90,1.85,true,1,
7290019014751,false,ניקוי כלים24% פלאוור750מ,סאסא טק,IL,ניקוי כלים 24%,מיליליטרים,750.00,"100 מ""ל",false,1,14.90,1.99,true,1,
7290019014768,false,"ניקוי כלים 24% 750מ""ל",סאסא טק,IL,ניקוי כלים 24%,מיליליטרים,750.00,"100 מ""ל",false,1,14.90,1.99,true,1,
7290019014775,false,מרסס קצף מסיר שומנים 750,סאסא טק,IL,מרסס מסיר שומנים,מיליליטרים,750.00,"100 מ""ל",false,1,16.90,2.25,true,1,
7290019014782,false,מרסס אקונומיקה לבנדר750מ,סאסא טק,IL,מרסס אקונומיקה,מיליליטרים,750.00,"100 מ""ל",false,1,16.90,2.25,true,1,
7290019014799,false,מסיר אבנית לאמבטיה 750 מ,סאסא טק,IL,קצף מסיר אבנית,מיליליטרים,750.00,"100 מ""ל",false,1,14.90,1.99,true,1,
7290019014805,false,"מרסס מנקה ריפודים 500מ""ל",סאסא טק,IL,מרסס מנקה ריפוד,מיליליטרים,500.00,"100 מ""ל",false,1,24.90,4.98,true,1,
7290019014812,false,"מרסס מנטרל ריחות 500 מ""ל",סאסא טק,IL,מרסס מנטרל ריחות,מיליליטרים,500.00,"100 מ""ל",false,1,19.90,3.98,true,1,
7290019014850,false,"תרסיס דוחה מים 400 מ""ל",סאסא טק,IL,תרסיס דוחה מים,מיליליטרים,400.00,"100 מ""ל",false,1,26.90,6.73,true,1,
7290019014867,false,"תרסיס מסיר דיו+דבק400מ""ל",סאסא טק,IL,תרסיס מסיר דיו,מיליליטרים,400.00,"100 מ""ל",false,1,26.90,6.73,true,1,
7290019014874,false,נוזל רצפות אוריאנטל1.35ל,סאסא טק,IL,נוזל רצפות,ליטרים,1.35,ליטר,false,1,24.90,18.44,true,1,
7290019014898,false,רדיד אלומיניום 30 מטר רו,,IL,רדיד אלומיניום,מטרים,30.00,מטר,false,1,39.90,1.33,true,1,
7290019014911,false,נייר אפייה בגליל 20 מטר,,IL,נייר אפייה TNX,מטרים,20.00,מטר,false,1,24.90,1.25,true,1,
7290019014928,false,תבנית אלומיניום גסטרונום,,IL,תבנית אלומינום ג,יחידה,1.00,יחידה,false,1,14.90,14.90,true,1,
7290019014935,false,תבנית אלומיניום עבה רוסט,,IL,תבנית אלומינום ר,יחידה,1.00,יחידה,false,1,14.90,14.90,true,1,
7290019014942,false,תבנית אלומיניום רוסטר מ,,IL,תבנית אלומינום ר,יחידה,1.00,יחידה,false,1,14.90,14.90,true,1,
7290019014959,false,תבנית אלומיניום עבה דגם,,IL,תבנית אלומינום ל,יחידה,1.00,יחידה,false,1,14.90,14.90,true,1,
7290019014966,false,תבנית אלומיניום עבה חלה,,IL,תבנית אלומינום ל,יחידה,1.00,יחידה,false,1,14.90,14.90,true,1,
7290019014973,false,מבשם בדים בייבי לאב500מ,סאסא טק,IL,מבשם בדים בייבי,מיליליטרים,500.00,"100 מ""ל",false,1,19.90,3.98,true,1,
7290019031741,false,"סוכר לבן 1 ק""ג",פולסקי,PL,סוכר לבן,קילוגרמים,1.00,"ק""ג",false,1,4.90,4.90,true,1,
7290019056003,false,שוופס מוגז למונייד1.5*4ל,"יפאורה תבורי בע""\מ",IL,שוופס למונ1.5*4ל,ליטרים,6.00,ליטר,false,0,34.20,5.70,true,1,
7290019056027,false,שוופס מוגז פירות תפוחים ללא סוכר 1.5 ליטר פיקדון,"יפאורה תבורי בע""\מ",IL,שוופס ללא סוכ,ליטרים,1.50,ליטר,false,0,8.90,5.93,true,1,
7290019056034,false,שוופס מוגז פירות אננס ללא סוכר 1.5 ליטר פיקדון,"יפאורה תבורי בע""מ",IL,שוופס אננס,ליטרים,1.50,ליטר,false,0,8.90,5.93,true,1,
7290019056041,false,שוופס מוגז פירות לימונייד ללא סוכר 1.5 ליטר פיקדון,"יפאורה תבורי בע""מ",IL,שוופס למונייד,ליטרים,1.50,ליטר,false,0,8.90,5.93,true,1,
7290019056058,false,שוופס מוגז עדין תפוח ליים 1.5 ליטר פיקדון,"יפאורה תבורי בע""\מ",IL,שוופס מוגז תפוח,ליטרים,1.50,ליטר,false,0,8.90,5.93,true,1,
7290019056065,false,שוופס מוגז עדין פירות יער 1.5 ליטר פיקדון,"יפאורה תבורי בע""\מ",IL,שוופס מוגז,ליטרים,1.50,ליטר,false,0,8.90,5.93,true,1,
7290019056072,false,שוופס מוגז עדין אננס 1.5 ליטר פיקדון,"יפאורה תבורי בע""מ",IL,שוופס מוגז עד,ליטרים,1.50,ליטר,false,0,8.90,5.93,true,1,
7290019056089,false,שוופס מוגז עדין ענבי ריזלינג 1.5 ליטר פיקדון,"יפאורה תבורי בע""\מ",IL,שוופס מוגז,ליטרים,1.50,ליטר,false,0,8.90,5.93,true,1,
7290019056096,false,שוופס מוגז עדין אפרסק 1.5 ליטר פיקדון,"יפאורה תבורי בע""\מ",IL,שוופס אפרסק,ליטרים,1.50,ליטר,false,0,8.90,5.93,true,1,
7290019056119,false,שוופס סודה 1.5 ליטר פיקדון,"יפאורה תבורי בע""\מ",IL,שוופס מי סודה,ליטרים,1.50,ליטר,false,0,4.40,2.93,true,1,
7290019056164,false,שוופס סודה 1.5 ליטר רביעייה פיקדון,"יפאורה תבורי בע""\מ",IL,שוופס סודה1.5*4ל,ליטרים,6.00,ליטר,false,0,13.10,2.18,true,1,
7290019056171,false,שוופס סודה לימון 1.5 ליטר רביעייה פיקדון,"יפאורה תבורי בע""\מ",IL,סודה לימון 1.5*4,ליטרים,6.00,ליטר,false,0,13.10,2.18,true,1,
7290019056201,false,שוופס סודה פירות יער 1.5 ליטר רביעייה פיקדון,"יפאורה תבורי בע""\מ",IL,שוופס סודה1.5*4ל,ליטרים,6.00,ליטר,false,0,13.10,2.18,true,1,
7290019056232,false,משקה מוגז בטעם ליים מוחיטו 1.5 ל' שוופס,"יפאורה תבורי בע""\מ",IL,שוופס ליים מו,ליטרים,1.50,ליטר,false,0,9.50,6.33,true,1,
7290019056249,false,שוופס מים בטעמים ענבים 1.5 ליטר פיקדון,"יפאורה תבורי בע""מ",IL,מים בטעם ענבי,ליטרים,1.50,ליטר,false,0,9.00,6.00,true,1,
7290019056263,false,שוופס מים בטעמים אפרסק 1.5 ליטר פיקדון,"יפאורה תבורי בע""מ",IL,שוופס מים אפר,ליטרים,1.50,ליטר,false,0,9.00,6.00,true,1,
7290019056270,false,שוופס מים בטעמים פירות יער 1.5 ליטר פיקדון,"יפאורה תבורי בע""\מ",IL,מים פירות יער,ליטרים,1.50,ליטר,false,0,9.00,6.00,true,1,
7290019056294,false,שוופס ג'ינג'ר אייל 1.5 ליטר פיקדון,"יפאורה תבורי בע""\מ",IL,שוופס ג'ינג'ר,ליטרים,1.50,ליטר,false,0,12.70,8.47,true,1,
7290019056300,false,משקה בטעם ביטר לימון 1.5 ל' שוויפס,"יפאורה תבורי בע""\מ",IL,שוופס ביטר לי,ליטרים,1.50,ליטר,false,0,12.70,8.47,true,1,
7290019056317,false,שוופס ראשן 1.5 ליטר פיקדון,"יפאורה תבורי בע""\מ",IL,שוופס ראש'ן,ליטרים,1.50,ליטר,false,0,12.70,8.47,true,1,
7290019056324,false,שוופס טוניק 1.5 ליטר פיקדון,"יפאורה תבורי בע""\מ",IL,שוופס מי טוני,ליטרים,1.50,ליטר,false,0,12.70,8.47,true,1,
7290019056331,false,שוופס טוניק ללא סוכר 1.5 ליטר פיקדון,"יפאורה תבורי בע""מ",IL,מי טוניק ל.סו,ליטרים,1.50,ליטר,false,0,11.90,7.93,true,1,
7290019056355,false,תפוזינה לימונדה MIX לימונענע 1.5 ליטר,"יפאורה תבורי בע""\מ",IL,תפוזינה לימונ,ליטרים,1.50,ליטר,false,0,9.30,6.20,true,1,
7290019056362,false,תפוזינה ענבים 1.5 ליטר פיקדון,"יפאורה תבורי בע""\מ",IL,תפוזינה ענבים,ליטרים,1.50,ליטר,false,0,9.30,6.20,true,1,
7290019056379,false,תפוזינה תפוזים 1.5 ליטר פיקדון,"יפאורה תבורי בע""\מ",IL,תפוזינה תפוזי,ליטרים,1.50,ליטר,false,0,9.30,6.20,true,1,
7290019056393,false,תפוזינה תות בננה 1.5 ליטר פיקדון,"יפאורה תבורי בע""\מ",IL,תפוזינה תות ב,ליטרים,1.50,ליטר,false,0,9.30,6.20,true,1,
7290019056409,false,תפוזינה מנגו 1.5 ליטר פיקדון,"יפאורה תבורי בע""\מ",IL,תפוזינה מנגו,ליטרים,1.50,ליטר,false,0,9.30,6.20,true,1,
7290019056416,false,מיץ בטעם לימונדה ורודה 1.5 ל' תפוזינה,"יפאורה תבורי בע""\מ",IL,תפוזינה לימונדה,ליטרים,1.50,ליטר,false,0,9.30,6.20,true,1,
7290019056423,false,מיץ בטעם תפוח רענן 1.5ל' תפוזינה,"יפאורה תבורי בע""\מ",IL,תפוזינה תפוח,ליטרים,1.50,ליטר,false,0,9.30,6.20,true,1,
7290019056430,false,תפוזינה תפוזים לייט 1.5 ליטר פיקדון,"יפאורה תבורי בע""\מ",IL,תפוזינה לייט,ליטרים,1.50,ליטר,false,0,8.90,5.93,true,1,
7290019056478,false,ספרינג טי קר אפרסק 1.5ליטר פיקדון,"יפאורה תבורי בע""\מ",IL,ספרינג תה אפר,ליטרים,1.50,ליטר,false,0,8.90,5.93,true,1,
7290019056485,false,ספריג תה ירוק לימון לואיזה 1.5 ליטר פיקדון,"יפאורה תבורי בע""\מ",IL,תה ספרינג ירו,ליטרים,1.50,ליטר,false,0,8.90,5.93,true,1,
7290019056508,false,פרוט ווטר ענבים 1.5 ליטר פיקדון,"יפאורה תבורי בע""\מ",IL,פרוט ווטר ענב,ליטרים,1.50,ליטר,false,0,9.30,6.20,true,1,
7290019056522,false,פרוט ווטר תות 1.5 ליטר פיקדון,"יפאורה תבורי בע""\מ",IL,פרוט ווטר תות,ליטרים,1.50,ליטר,false,0,9.30,6.20,true,1,
7290019056546,false,פרוט ווטר אבטיח 1.5 ליטר פיקדון,"יפאורה תבורי בע""\מ",IL,פרוט ווטר אבט,ליטרים,1.50,ליטר,false,0,9.30,6.20,true,1,
7290019056553,false,שישיית מים מינרלים עין גדי 2 ליטר,עין גדי מים מינרליים,IL,מים עין גדי2*6ל,ליטרים,12.00,ליטר,false,0,13.80,1.15,true,1,
7290019056560,false,עין גדי 2 ליטר בק' בודד פיקדון,עין גדי מיים מינרלים,IL,מים מינרלים,ליטרים,2.00,ליטר,false,0,3.80,1.90,true,1,
7290019056577,false,משקה קל מנגו ספרינג 1.5 ליטר,"יפאורה תבורי בע""\מ",IL,ספרינג מנגו,ליטרים,1.50,ליטר,false,0,9.20,6.13,true,1,
7290019056584,false,משקה קל תפוזים ספרינג 1.5 ליטר,"יפאורה תבורי בע""\מ",IL,ספרינג תפוזים,ליטרים,1.50,ליטר,false,0,9.20,6.13,true,1,
7290019056591,false,משקה קל ענבים ספרינג 1.5 ליטר,"יפאורה תבורי בע""\מ",IL,ספרינג ענבים,ליטרים,1.50,ליטר,false,0,9.20,6.13,true,1,
7290019056607,false,משקה קל תפוחים ספרינג 1.5 ליטר,"יפאורה תבורי בע""\מ",IL,ספרינג תפוחים,ליטרים,1.50,ליטר,false,0,9.20,6.13,true,1,
7290019056614,false,משקה קל אפרסק ספרינג 1.5 ליטר,"יפאורה תבורי בע""\מ",IL,ספרינג אפרסק,ליטרים,1.50,ליטר,false,0,9.20,6.13,true,1,
7290019056621,false,משקה קל פירות טרופיים ספרינג 1.5 ליטר,"יפאורה תבורי בע""\מ",IL,משקה ספרינג,ליטרים,1.50,ליטר,false,0,9.20,6.13,true,1,
7290019056638,false,משקה קל תות בננה ספרינג 1.5 ליטר,"יפאורה תבורי בע""\מ",IL,ספרינג תות בנ,ליטרים,1.50,ליטר,false,0,9.20,6.13,true,1,
7290019056645,false,משקה קל אגס תפוח סברס ספרינג 1.5 ליטר,"יפאורה תבורי בע""\מ",IL,משקה ספרינג,ליטרים,1.50,ליטר,false,0,9.20,6.13,true,1,
7290019056652,false,משקה קל אננס בננה ספרינג 1.5 ליטר,"יפאורה תבורי בע""\מ",IL,ספרינג אננס ב,ליטרים,1.50,ליטר,false,0,9.20,6.13,true,1,
7290019056669,false,משקה קל תפוחים דיאט ספרינג 1.5 ליטר,"יפאורה תבורי בע""\מ",IL,ספרינג תפוח ל,ליטרים,1.50,ליטר,false,0,8.60,5.73,true,1,
7290019056676,false,משקה קל אשכולית אננס דיאט ספרינג 1.5 ליטר,"יפאורה תבורי בע""\מ",IL,ספרינג לייט,ליטרים,1.50,ליטר,false,0,8.60,5.73,true,1,
7290019056959,false,מי עדן 1.5 ליטר בק' בודד פיקדון,"מופק ממקור בזלתי עדן ,1",IL,מי עדן 1.5 לי,ליטרים,1.50,ליטר,false,0,5.20,3.47,true,1,
7290019056973,false,שישיית מי עדן 1.5 ליטר משפחתי,"מופק ממקור בזלתי עדן ,1",IL,מי עדן 1.5*6ל,ליטרים,9.00,ליטר,false,0,14.90,1.66,true,1,
7290019153078,false,"שוופס ביטר למון לייט, 1.5 ליטר פקדון","יפאורה תבורי בע""\מ",IL,שוופס ביטר למון,ליטרים,1.50,ליטר,false,1,11.90,7.93,true,1,
7290019153085,false,שוופס מוגז ליים מוחיטו ללא סוכר 1.5 ליטר-,"יפאורה תבורי בע""\מ",IL,שוופס מוחיטו ללס,ליטרים,1.50,ליטר,false,1,9.20,6.13,true,1,
7290019153252,false,שוופס סודה תפוח 1.5 ליטר רביעייה פיקדון,"יפאורה תבורי בע""\מ",IL,שוופס סודה 4 בק,ליטרים,6.00,ליטר,false,1,13.10,2.18,true,1,
7290019153269,false,שוופס סודה אננס 1.5 ליטר רביעייה פיקדון,"יפאורה תבורי בע""\מ",IL,שוופס סודה 4 בק,ליטרים,6.00,ליטר,false,1,13.10,2.18,true,1,
7290019153313,false,"משקהתפוח חמוציות אוכמניות 350 מ""ל פרות & ווג",יפאורה תבורי בעמ,IL,משקה פרוט&וג',מיליליטרים,350.00,"100 מ""ל",false,1,8.60,2.46,true,1,
7290019153535,false,"רביעיית שוופס מוגז פירות למונייד ללא סוכר 330 מ""ל פחיות",יפאורה תבורי,IL,שוופס לימונייד4*,ליטרים,1.32,ליטר,false,1,15.90,12.05,true,1,
7290019196280,false,ממרח טונה זוג פילטונ,תעשיות פילטונה,IL,ממרח טונה 2 יח,גרמים,320.00,100 גרם,false,1,11.90,3.72,true,1,
7290019204107,false,עוף טוב פסטרמה בטעם אווז 320 גרם,עיצובים 2020 (4.9),IL,פסטרמה בטעם אווז,גרמים,320.00,100 גרם,false,1,29.90,9.34,true,1,
7290019204206,false,עוף טוב פסטרמה בסגנון רומני 320 גרם,עיצובים 2020 (4.9),IL,פסטרמה בסגנון ר,גרמים,320.00,100 גרם,false,1,29.90,9.34,true,1,
7290019204305,false,עוף טוב פסטרמה ברביקיו 350 גרם,עיצובים 2020 (4.9),IL,פסטרמה ברביקיו,גרמים,350.00,100 גרם,false,1,29.90,8.54,true,1,
7290019232155,false,"חליטת ""לילה טוב"" קמומיל לבנדר ו25 שקיקים ויסוצקי",תה ויסוצקי,IL,חליטת קמומיל,גרמים,50.00,100 גרם,false,1,24.90,49.80,true,1,
7290019232186,false,תה ירוק לימונית לואיזהSTAY WELL 25 שקיקים ויסוצקי,תה ויסוצקי,IL,תה ירוק לימונית,גרמים,37.00,100 גרם,false,1,24.90,67.30,true,1,
7290019232377,false,חווית הצ'איתה שחור בטעם וניל והל 25 יח' ויסוצקי,תה ויסוצקי,IL,צ'אי וניל והל,גרמים,55.00,100 גרם,false,1,24.10,43.82,true,1,
7290019232384,false,חווית הצ'אי תה שחור בטעם מוקה 25*50 ג' ויסוצקי,תה ויסוצקי,IL,חווית הצ'אי מוקה,גרמים,50.00,100 גרם,false,1,24.10,48.20,true,1,
7290019232803,false,הולגריין ביסקוייט עם קרם חלב ושוקולד חלב 300 גרם,"אולקר ביסקווי סנאי, א.ס.",TR,ביסקוויט עם קרם,גרמים,300.00,100 גרם,false,1,12.90,4.30,true,1,
7290019232827,false,הולגריין ביסקוייט במילוי אגוזי לוז 300 גרם,"אולקר ביסקווי סנאי, א.ס.",TR,ביסקוויט עם קרם,גרמים,300.00,100 גרם,false,1,12.90,4.30,true,1,
7290019233008,false,רוטב עגבניות עם קוביות ארטישוק ושמן זית 420ג ויסוצקי,דליציה דורה אס.אר.אל,IT,רוטב לשקשוקה,גרמים,420.00,100 גרם,false,1,14.90,3.55,true,1,
7290019233015,false,רוטב שקשוקה תבשיל ירקות עם שמן זית כתית מעולה 420ג זיתא,זיתא,IT,רוטב לשקשוקה,גרמים,420.00,100 גרם,false,1,14.90,3.55,true,1,
7290019233039,false,שקשוקה קלאסית- רוטב עגבניות עם קוביות פלפלים צלויים,דליציה דורה אס.אר.אל,IT,רוטב לשקשוקה,גרמים,420.00,100 גרם,false,1,14.90,3.55,true,1,
7290019274063,false,ג'ל כביסה בייבי 1.35 ל',סאסא טק,IL,ג'ל כביסה בייבי,ליטרים,1.35,ליטר,false,1,33.90,25.11,true,1,
7290019274087,false,"ארוסול קצף לאסלות 400מ""ל",סאסא טק,IL,ארוסול קצף ניקוי,מיליליטרים,400.00,"100 מ""ל",false,1,19.90,4.98,true,1,
7290019274315,false,קוקהנומיקה לבנדר 1.25 ל,,IL,קוקנומיקה לבנדר,ליטרים,1.25,ליטר,false,1,14.90,11.92,true,1,
7290019274568,false,תרסיס לניקוי סירים 400מ,"סאסאטק אגש""\ח בע""\מ",IL,תרסיס קצף ניקוי,מיליליטרים,400.00,"100 מ""ל",false,1,19.90,4.98,true,1,
7290019274582,false,מרכך כביסה מרוכז סופט900,"סאסאטק אגש""\ח בע""\מ",IL,מרכך כביסה מרוכז,מיליליטרים,900.00,"100 מ""ל",false,1,24.90,2.77,true,1,
7290019297215,false,"פולי סויה אדממה 1ק""ג",שקדיה,IL,פולי סויה אדממה,גרמים,1000.00,100 גרם,false,0,19.90,1.99,true,1,
7290019297222,false,פולי סויה אדממה 450גרם,שקדיה,IL,פולי סויה אדממה,גרמים,450.00,100 גרם,false,0,12.90,2.87,true,1,
7290019297802,false,מיקס פירות יבשים לילד ששון הקולה 200 גרם,"דין שיווק וקליה בע""מ",IL,מיקס לילד 200גרם,גרמים,200.00,100 גרם,false,0,12.90,6.45,true,1,
7290019302315,false,"ייו buzz אבטיח מלון 750 מ""ל",יקבי כרמל,IL,באזז אבטיח מבעבע,מיליליטרים,750.00,"100 מ""ל",false,1,29.90,3.99,true,1,
7290019302384,false,"למברוסקו וילה רוזה750מ""ל",ג'קובזי איי. אי פיגילי ג,IT,למברוסקו וילה,מיליליטרים,750.00,"100 מ""ל",false,1,24.90,3.32,true,1,
7290019302391,false,"למברוסקו וילה לבן 750מ""ל",,IT,למברוסקו וילה,מיליליטרים,750.00,"100 מ""ל",false,1,24.90,3.32,true,1,
7290019400561,false,פלחי אננס אדום 150 גרם,,IL,פלחי אננס אדום,גרמים,150.00,100 גרם,false,1,10.00,6.66,true,1,
7290019400615,false,פלחי אננס ירוק 150 גרם,,IL,פלחי אננס ירוק,גרמים,150.00,100 גרם,false,1,10.00,6.66,true,1,
7290019400714,false,פלחי אננס כתום 150 גרם,,IL,פלחי אננס כתום,גרמים,150.00,100 גרם,false,1,10.00,6.66,true,1,
7290022005562,false,קריספ פירורי לחם שום 300 גרם מיימונס,א.ל ייצור ושיווק תבל,IL,פירורי לחם קריספ,גרמים,300.00,100 גרם,false,1,8.90,2.97,true,1,
7290100240144,false,"תרסיס ריחני למייבש ורוד בדין 500 מ""ל","זוהר דליה, קיבוץ דליה, 1",IL,תרסיס למייבש,מיליליטרים,500.00,"100 מ""ל",false,0,19.90,3.98,true,1,
7290100249598,false,"רוטב לעוף שום ודבש קנור 320 גרם בד""צ",יוניליוור ישראל מזון בע\,IL,רוטב לעוף,גרמים,320.00,100 גרם,false,0,11.90,3.72,true,1,
7290100249659,false,"רוטב לעוף צ'ילי מתוק ושום קנור 320 גרם בד""צ",יוניליוור ישראל מזון בע\,IL,רוטב לעוף,גרמים,320.00,100 גרם,false,0,11.90,3.72,true,1,
7290100412800,false,"תחליב רחצה לעור יבש וילד פלאור דר עור 700 מ""ל","אמיליה קוסמטיקס בע""מ",IL,תחליב רחצה,מיליליטרים,700.00,"100 מ""ל",false,1,19.90,2.84,true,1,
7290100412831,false,תחליב רחצה אנטי אייג'ינג בניחוח וניל טרופי,"אמיליה קוסמטיקס בע""מ",IL,תחליב רחצה,מיליליטרים,700.00,"100 מ""ל",false,1,19.90,2.84,true,1,
7290100412848,false,DR OR תחליב גוף אנטי אייגינג וניל מעודן 400 מל,"אמיליה קוסמטיקס בע""מ",IL,תחליב גוף,מיליליטרים,400.00,"100 מ""ל",false,1,21.90,5.48,true,1,
7290100658338,false,"נוזל לניקוי כלים אוקסי פלוס פלמוליב 750 מ""ל",הנסיך- מפעל לייצור ט,GR,פלמוליב לכלים,מיליליטרים,750.00,"100 מ""ל",false,0,12.90,1.72,true,1,
7290100680650,false,מנה חמה נודלס-אטריות ירקות טעם תאילנדי אסם 76 ג',PUB FOODS PRESIDENT THAI,TH,מנה חמה אסם,גרמים,76.00,100 גרם,false,0,7.40,9.74,true,1,
7290100680667,false,מנה חמה נודלס בסגנון סצ'ואן אסם 76 גרם,PUB FOODS PRESIDENT THAI,TH,מנה חמה נודלס,גרמים,76.00,100 גרם,false,0,7.40,9.74,true,1,
7290100680711,false,פירורית זהב אסם זהב 350ג',עינת תעשיות מזון אגו,IL,פירורית זהב אסם,גרמים,350.00,100 גרם,false,0,10.10,2.89,true,1,
7290100681503,false,עסיס לימונענע דיאט סירופ 1 ליטר,בית-השיטה עסיס תעשיות מז,IL,סירופ דיאט,ליטרים,1.00,ליטר,false,0,17.90,17.90,true,1,
7290100685136,false,"אבקת מרק בטעם עוף אסם 1 ק""ג","אסם השקעות בע""\מ",IL,מרק טעם עוף,קילוגרמים,1.00,"ק""ג",false,0,16.90,16.90,true,1,
7290100685334,false,אבקת מרק עוף אמיתי בשרי רכיבים טבעיים אסם 400 גרם,"אסם השקעות בע""\מ",IL,מרק עוף אמיתי,גרמים,400.00,100 גרם,false,0,27.20,6.80,true,1,
7290100685341,false,אבקת מרק טעם עוף זך רכיבים טבעיים אסם 400 גרם,"אסם השקעות בע""\מ",IL,מרק טעם עוף,גרמים,400.00,100 גרם,false,0,20.10,5.03,true,1,
7290100685563,false,פירורית זהב מארז 200X2ג' אסם,עינת תעשיות,IL,פירורית זהב 2 יח,גרמים,400.00,100 גרם,false,1,10.60,2.65,true,1,
7290100686164,false,מארז מולטיפק ביסלי ברביקיו 6 יח 35 גר יח,מיוצר עי קונדיטוריית,IL,ביסלי מארז 6 יח,גרמים,210.00,100 גרם,false,0,9.90,4.71,true,1,
7290100686171,false,מארז מולטיפק ביסלי גריל 6 יח 35 גר ליח,"אסם השקעות בע""\מ",IL,ביסלי מארז 6 יח,גרמים,210.00,100 גרם,false,0,9.90,4.71,true,1,
7290100687109,false,אוסם - במבה במילוי קרם נוגט 60 גרם,"אסם השקעות בע""\מ",IL,במבה נוגט,גרמים,60.00,100 גרם,false,0,4.90,8.17,true,1,
7290100689301,false,אבקת מרק בטעם עוף זך עדיף אסם 400 גרם,"אסם השקעות בע""\מ",IL,מרק בטעם עוף זך,גרמים,400.00,100 גרם,false,0,17.90,4.48,true,1,
7290100700020,false,סוגת גריסי פנינה 500 גרם,האי נאם סי או אל.טי.,IL,גריסי פנינה,גרמים,500.00,100 גרם,false,0,6.80,1.36,true,1,
7290100700075,false,פירורי לחם מוזהבים סוגת 200 גרם,"סוגת תעשיות בע""\מ",IL,פירורי לחם מוזהב,גרמים,200.00,100 גרם,false,0,4.60,2.30,true,1,
7290100700242,false,"סוגת אורז מלא עגול 1 ק""ג","סוגת תעשיות בע""\מ",IL,אורז מלא עגול,קילוגרמים,1.00,"ק""ג",false,0,11.90,11.90,true,1,
7290100700372,false,"סוגת אורז בסמטי מלא 1 ק""ג",האי נאם סי או אל.טי.,IL,אורז בסמטי מלא,קילוגרמים,1.00,"ק""ג",false,0,14.90,14.90,true,1,
7290100700389,false,"סוגת אורז אדום 1 ק""ג","סוגת תעשיות בע""\מ",IL,אורז אדום סוגת,קילוגרמים,1.00,"ק""ג",false,0,14.80,14.80,true,1,
7290100700396,false,"סוגת אורז יסמין קלאסי 1 ק""ג",האי נאם סי או אל.טי.,IL,אורז יסמין סוגת,קילוגרמים,1.00,"ק""ג",false,0,12.40,12.40,true,1,
7290100700419,false,"סוגת בורגול 1 ק""ג","סוגת תעשיות בע""\מ",IL,"בורגול 1 ק""ג",קילוגרמים,1.00,"ק""ג",false,0,8.40,8.40,true,1,
7290100700587,false,"בורגול ""סוגת"" 500 גרם",האי נאם סי או אל.טי.,IL,בורגול 500 גרם,גרמים,500.00,100 גרם,false,0,6.80,1.36,true,1,
7290100701331,false,קמח רב תכליתי שטיבל קמח חיטה לבן בהיר,"שטיבל בע""\מ - טחנות קמח",IL,קמח רב תכליתי,קילוגרמים,1.00,"ק""ג",false,0,8.90,8.90,true,1,
7290100701577,false,קמח לחם קמח חיטה לבן שטיבל,טחנות קמח שטיבל באר שבע,IL,"קמח לחם 1 ק""ג",קילוגרמים,1.00,"ק""ג",false,0,8.90,8.90,true,1,
7290100701881,false,קמח פיצה ופוקצ'ה- קמח חיטה לבן בהיר שטיבל,"שטיבל בע""\מ - טחנת קמח",IL,קמח פיצה,קילוגרמים,1.00,"ק""ג",false,0,8.90,8.90,true,1,
7290100702260,false,קוסקוס דק סוגת 350 גרם,"אסיף תעשיות מזון בע""\מ",IL,קוסקוס דק,גרמים,350.00,100 גרם,false,0,5.90,1.69,true,1,
7290100702383,false,קמח תופח מס' 13 סוגת,"שטיבל בע""\מ - טחנות קמח",IL,"קמח תופח 1 ק""ג",קילוגרמים,1.00,"ק""ג",false,0,8.90,8.90,true,1,
7290100702611,false,פתיתים אפויים אורז סוגת 500 גרם,"אסיף תעשיות מזון בע""\מ",IL,פתיתים סוגת,גרמים,500.00,100 גרם,false,0,5.20,1.04,true,1,
7290100702628,false,פתיתים אפויים קוסקוס סוגת 500 גרם,"אסיף תעשיות מזון בע""\מ",IL,פתיתים סוגת,גרמים,500.00,100 גרם,false,0,5.20,1.04,true,1,
7290100703007,false,"עדשים שחורות בלוגה 500 גרם ""סוגת""",האי נאם סי או אל.טי.,IL,עדשים שחורות,גרמים,500.00,100 גרם,false,1,9.90,1.98,true,1,
7290100703861,false,"תערובת קסם לחלה ללא צורך בניפוי סוגת 1 ק""ג","שטיבל בע""\מ - טחנות קמח",IL,קמח קסם,קילוגרמים,1.00,"ק""ג",false,1,8.90,8.90,true,1,
7290100704516,false,חומוס מיני סוגת 500 גרם,"סוגת תעשיות בע""\מ",IL,חומוס מיני,גרמים,500.00,100 גרם,false,1,6.90,1.38,true,1,
7290100704578,false,"קמח כוסמין לבן תופח סוגת 1 ק""ג","שטיבל בע""\מ - טחנת קמח",IL,קמח כוסמין לבן,קילוגרמים,1.00,"ק""ג",false,1,14.90,14.90,true,1,
7290100704615,false,סוכר לבן דק דק בצנצנת סוגת 500 גרם,"סוגת תעשיות בע""\מ",IL,סוכר לבן דק דק,גרמים,500.00,100 גרם,false,1,8.90,1.78,true,1,
7290100704622,false,סוכר דמררה דק דק בצנצנת סוגת 500 גרם,"סוגת תעשיות בע""\מ",IL,סוכר דמררה דק דק,גרמים,500.00,100 גרם,false,1,8.90,1.78,true,1,
7290100704691,false,אורז אדום סוגת 500 גרם,"סוגת תעשיות בע""\מ",IL,אורז אדום,גרמים,500.00,100 גרם,false,1,10.90,2.18,true,1,
7290100704707,false,אורז מיקס סוגת 500 גרם,"סוגת תעשיות בע""\מ",IL,אורז מיקס,גרמים,500.00,100 גרם,false,1,10.90,2.18,true,1,
7290100850909,false,דוריטוס נאצ'ו מקסיקני 70 גרם,"שטראוס פריטו ליי בע""\מ",IL,דוריטוס נאצ'ו,גרמים,70.00,100 גרם,false,0,4.50,6.43,true,1,
7290100850916,false,דוריטוס חמוץ חריף מעודן 70 גרם כשר לפסח,"שטראוס פריטו ליי בע""\מ )",IL,דוריטוס חמוץ ח,גרמים,70.00,100 גרם,false,0,4.50,6.43,true,1,
7290100850923,false,דוריטוס בטעם גריל 70 גרם,"שטראוס פריטו ליי בע""\מ )",IL,דוריטוס גריל,גרמים,70.00,100 גרם,false,0,4.50,6.43,true,1,
7290100850930,false,דוריטוס בטעם טבעי 70 גרם,"שטראוס פריטו ליי בע""\מ )",IL,חטיף דוריטוס,גרמים,70.00,100 גרם,false,0,4.50,6.43,true,1,
7290100852606,false,קפה טורקי 100*4 גרם,שטראוס קפה בי.ויn\.,IL,קפה טורקי 4 יח,גרמים,400.00,100 גרם,false,0,32.90,8.23,true,1,
7290100858592,false,אבקת קקאו עלית שקית 150 ג',הנסיך- מפעל לייצור ט,IL,קקאו עלית,גרמים,150.00,100 גרם,false,0,10.20,6.80,true,1,
7290100924457,false,שלישיית כדוריות סבון לאסלה לימון סוד 50 גרם,הנקל סוד,RS,סבון אסלה 3 יח,גרמים,150.00,100 גרם,false,1,10.00,6.67,true,1,
7290100924464,false,כדוריות סבון נתלה לאסלה עם אקונומיקה - 3 יח',הנקל סוד,HU,סבון אסלה 3 יח,גרמים,150.00,100 גרם,false,1,10.00,6.67,true,1,
7290100925669,false,קולור קאצ'ר - דפים למכונת כביסה 10 יח',"הנקל סוד בע""\מ",IE,דפי קולור קאצ'ר,יחידה,1.00,יחידה,false,1,13.90,13.90,true,1,
7290101110811,false,גלידל שלגון בטעם וניל מצופה סורבה פסיפלורה - 8 יח',הגלידות של פלדמן,IL,גלידל פסיפלורה,גרמים,600.00,100 גרם,false,0,34.90,5.82,true,1,
7290101112228,false,גלידל פרי קרחון מופחת קלוריות בטעם אננס - 8 יח',הגלידות של פלדמן,IL,מאגדת גלידל פרי,גרמים,640.00,100 גרם,false,48,26.90,4.20,true,1,
7290101112921,false,גלידל פרי קרחון מופחת קלוריות פירות טרופיים - 8 יח',הגלידות של פלדמן,IL,מאגדת גלידל פרי,גרמים,640.00,100 גרם,false,1,26.90,4.20,true,1,
7290101113447,false,עשירייה גלידל מיני קסטה בטעמי שוקו ווניל 270 ג' פלדמן,הגלידות של פלדמן,IL,גלידל מיני קסטה,גרמים,270.00,100 גרם,false,1,34.90,12.93,true,1,
7290101113584,false,מאגדת טילונים שוקולד לבן עם ליבת שוקולד יולו 5 יח',הגלידות של פלדמן,IL,מאגדת טילון יולו,גרמים,400.00,100 גרם,false,1,23.90,5.98,true,1,
7290101113751,false,מאגדת שלגון קרמל ושוקולד בלונדי רביעיה * 50 ג' יולו,הגלידות של פלדמן,IL,מאגדת שלגון יולו,גרמים,200.00,100 גרם,false,1,22.90,11.45,true,1,
7290101113805,false,מאגדת (5) יופלה שייק פרי תות 70 אחוז פרי 350 גרם,הגלידות של פלדמן,IL,מאגדת יופלה שייק,גרמים,350.00,100 גרם,false,1,19.90,5.68,true,1,
7290101113812,false,מאגדת יופלה שייק פרי אננס קוקוס פלדמן 5 יחידות,הגלידות של פלדמן,IL,מאגדת יופלהשייק,גרמים,350.00,100 גרם,false,1,19.90,5.68,true,1,
7290101113829,false,מאגדת (5) יופלה שייק פרי מנגו 70 אחוז פרי 350 גרם,הגלידות של פלדמן,IL,מאגדת יופלהשייק,גרמים,350.00,100 גרם,false,1,19.90,5.68,true,1,
7290101113836,false,חמישיה טילון גלידל שוקו 5*75 ג פלדמן,הגלידות של פלדמן,IL,חמישיה טילון גלי,גרמים,285.00,100 גרם,false,1,34.90,12.25,true,1,
7290101488323,false,ליידי ספיד סטיק - דאודורנט סטיק לאישה ללא סימן ירוק סטיק 65 גרם,ליידי ספיד סטיק Lady Speed Stick,US,ליידי ספיד סטיק,גרמים,65.00,100 גרם,false,0,17.90,27.54,true,1,
7290101551027,false,קפסולות קפה אספרסו חזק במיוחד 14 עלית 10 יח',הנסיך- מפעל לייצור ט,IL,קפסולות מס' 14,גרמים,50.00,100 גרם,false,1,18.90,37.80,true,1,
7290101551263,false,סילאן טבעי ללא תוספת סוכר,מכוורת יד מרדכי,IL,סילאן טבעי,גרמים,700.00,100 גרם,false,1,20.90,2.98,true,1,
7290101551539,false,יוגורט PRO בטעם אפרסק 0% 20 גרם חלבון בגביע,"שטראוס בריאות בע""מ",IL,דנונה פרו אפרסק,גרמים,200.00,100 גרם,false,1,6.50,3.25,true,1,
7290101551584,false,תפוצ'יפס קידס מארז 10 יח' * 20 ג',"שטראוס פריטו ליי בע""מ )פ",IL,תפוצ'יפס קידס10*,גרמים,200.00,100 גרם,false,1,17.40,8.70,true,1,
7290101551614,false,חטיף צ'יטוס קראנץ בטעם גבינה - מארז 8 יח',"שטראוס פריטו ליי בע""מ )פ",IL,צ'יטוס גבינה 8יח,גרמים,240.00,100 גרם,false,1,15.90,6.63,true,1,
7290101551638,false,חטיף צ'יטוס כאפה בטעם קטשופ - מארז 10 יח',"שטראוס פריטו ליי בע""מ )פ",IL,צ'יטוס כאפה 10יח,גרמים,200.00,100 גרם,false,1,14.80,7.40,true,1,
7290101551645,false,מארז ציטוס טעם פיצה איקס עיגול 10* 20 גר,"שטראוס פריטו ליי בע""מ )פ",IL,צ'יטוס 10 יח',גרמים,200.00,100 גרם,false,1,14.80,7.40,true,1,
7290101581208,false,יין רזרב Reserve קברנה סוביניון גליל,בנימינה Binyamina,IL,קברנה רזרב,גרמים,750.00,100 גרם,false,1,59.90,7.98,true,1,
7290101581710,false,יין רזרב Reserve שיראז גליל,בנימינה Binyamina,IL,שיראז רזרב,מיליליטרים,750.00,"100 מ""ל",false,1,59.90,7.98,true,1,
7290101581734,false,יין רזרב Reserve מרלו גליל,בנימינה Binyamina,IL,מרלו רזרב,מיליליטרים,750.00,"100 מ""ל",false,1,59.90,7.98,true,1,
7290101863410,false,"סיליט באנג ספריי ניקוי עוצמתי מכיל אקונומיקה 750 מ""ל",סיליט באנג Cillit Bang,PL,סילים ספריי,מיליליטרים,750.00,"100 מ""ל",false,0,16.90,2.25,true,1,
7290101864127,false,"ספריי להסרת כתמים 750 מ""ל וניש קליה",קליה וניש Kalia Vanish,IL,קליה ספריי,מיליליטרים,750.00,"100 מ""ל",false,0,16.90,2.25,true,1,
7290101865261,false,"פיניש נוזל הברקה למדיח 800 מ""ל",רקיט בנקיזר,PL,פיניש נוזל הברקה,מיליליטרים,800.00,"100 מ""ל",false,0,20.90,2.61,true,1,
7290101866633,false,וניש קליה גל להסרת כתמים 3 ליטר אוקסיפרש,קליה וניש Kalia Vanish,IL,מסיר כתמים וניש,ליטרים,3.00,ליטר,false,0,29.90,9.97,true,1,
7290101866787,false,וניש קליה נוזל מסיר כתמים לכביסה לבנה 3 ליטר,קליה וניש Kalia Vanish,IL,וניש לכביסה לבנה,ליטרים,3.00,ליטר,false,0,29.90,9.97,true,1,
7290101868958,false,"פיניש נוזל הברקה למדיח בניחוח לימון 800 מ""ל",רקיט בנקיזר,PL,פיניש נוזל הברקה,מיליליטרים,800.00,"100 מ""ל",false,0,20.90,2.61,true,1,
7290101869726,false,ג'ל מרוכז למדיח הכל ב-1 פיניש 1 ליטר,רקיט בנקיזר,PL,פיניש ג'ל למדיח,ליטרים,1.00,ליטר,false,1,44.90,44.90,true,1,
7290101869733,false,פיניש ג'ל למדיח כלים בניחוח לימון 1 ליטר ALL IN 1,רקיט בנקיזר,PL,פיניש ג'ל למדיח,ליטרים,1.00,ליטר,false,1,44.90,44.90,true,1,
7290101869788,false,"אירוויק ספריי אוטומטי מילוי בניחוח אואזיס 250 מ""ל*",איירוויק Air Wick,HU,אירוויק מילוי,מיליליטרים,250.00,"100 מ""ל",false,1,16.90,6.76,true,1,
7290101869795,false,"מטהר אוויר אירוויק ספריי מילוי חלום ליל קיץ 250 מ""ל",איירוויק Air Wick,GB,אירוויק מילוי,מיליליטרים,250.00,"100 מ""ל",false,1,16.90,6.76,true,1,
7290101869832,false,"אירוויק מילוי מבשם אויר חשמלי חלום ליל קיץ 19 מ""ל",איירוויק Air Wick,HU,אירוויק מילוי,מיליליטרים,19.00,"100 מ""ל",false,1,21.90,115.26,true,1,
7290101982470,false,ממתק רולר 30 מל' בטעמים,טייפן פאן טיים,CN,ממתק רולר,מיליליטרים,30.00,"100 מ""ל",false,0,6.50,21.67,true,1,
7290102030330,false,תפוצ'יפס קראנצ' בטעם מקסיקני 200 גרם,"שטראוס פריטו ליי בע""\מ )",IL,תפוצ'יפס,גרמים,200.00,100 גרם,false,0,12.00,6.00,true,1,
7290102031276,false,מארז 8 יחידות אקטימל משקה יוגורט בטעם תות בננה,מיוצר עי קונדיטוריית,IL,אקטימל 8 יח,מיליליטרים,800.00,"100 מ""ל",false,0,19.90,2.49,true,1,
7290102060764,false,מרידול מברשת שיניים אריזת זוג,יבואן ומשווק: ש. שסט,CH,2 מברשות שיניים,יחידה,1.00,יחידה,false,0,31.90,31.90,true,1,
7290102060979,false,"אלמקס משחת שיניים למניעת עששת 100מ""ל",יבואן ומשווק: ש. שסט,PL,משחת שיניים,מיליליטרים,100.00,"100 מ""ל",false,0,19.90,19.90,true,1,
7290102062195,false,"משחת שיניים לילדים לגילאי 6-12 אלמקס 75 מ""ל",יבואן ומשווק: ש. שסט,PE,משחת אלמקס,מיליליטרים,75.00,"100 מ""ל",false,0,16.90,22.53,true,1,
7290102300822,false,גבינה צ'דר אנגלית כתומה 200 גרם,דאולי צ'יסמייקרס,GB,גבינת צ'דר כתום,גרמים,200.00,100 גרם,false,0,25.90,12.95,true,1,
7290102300860,false,"גבינת צ'דר אנגלית לבן, 200 גרם",דאוליי צ'יסמייקרס,GB,גבינת צ'דר לבן,גרמים,200.00,100 גרם,false,0,25.90,12.95,true,1,
7290102390427,false,יוגורט ביו עם קציפת תות 3% שומן 150 ג' מולר,מולר Muller,IL,יוגורט מולר תות,מיליליטרים,150.00,"100 מ""ל",false,0,5.50,3.67,true,1,
7290102390465,false,יוגורט ביו עם קציפת אפרסק ופסיפלורה 3% שומן 150 ג' מולר,מולר Muller,IL,יוגורט מולר,מיליליטרים,150.00,"100 מ""ל",false,0,5.50,3.67,true,1,
7290102390489,false,יוגורט ביו עם קציפת לימון 3% שומן 150 ג' מולר,מולר Muller,IL,יוגורט לימון,מיליליטרים,150.00,"100 מ""ל",false,0,5.50,3.67,true,1,
7290102392094,false,חלב עיזים 3.7% בקרטון משק צוריאל 1 ליטר,מילקו תעשיות בעמ,IL,חלב עיזים קרטון,ליטרים,1.00,ליטר,false,0,17.50,17.50,true,1,
7290102393169,false,"יוגורט סימפלי פרוט בטעם תות 3% מולר 150 מ""ל",מולר Muller,IL,יוגורט מולר תות,גרמים,150.00,100 גרם,false,0,5.30,3.53,true,1,
7290102393190,false,"יוגורט סימפלי פרוט בטעם פירות יער 3% מולר 150 מ""ל",מילקו תעשיות בעמ,IL,יוגורט מולר,גרמים,150.00,100 גרם,false,0,5.30,3.53,true,1,
7290102393947,false,סימפלי פרוט יוגורט בטעם קיווי 3% שומן 150 ג' מולר,מילקו תעשיות בעמ,IL,יוגורט מולר קיוי,גרמים,150.00,100 גרם,false,0,5.30,3.53,true,1,
7290102394463,false,נעם גבינה צהובה פרוסה ואקום 28% טרה 500 גרם,Unknown,IL,גבינה צהובה 28%,גרמים,500.00,100 גרם,false,0,29.40,5.88,true,1,
7290102394845,false,נעם גבינה צהובה לייט פרוסה דק דק 9% טרה 200 גרם,מילקו תעשיות בעמ,IL,גבינה צהובה 9%,גרמים,200.00,100 גרם,false,0,17.90,8.95,true,1,
7290102395231,false,שמיניית יוגורט ביו ביאנקו 2.8% מולר 150 גרם,מולר Muller,IL,יוגורט ביאנקו 8י,קילוגרמים,1.20,"ק""ג",false,0,19.50,16.25,true,1,
7290102395262,false,מארז 8 גביעים יוגורט בטעם תות שדה ואפרסק 3% Simply Fruit,מולר Muller,IL,מולר תות אפרסק8י,קילוגרמים,1.20,"ק""ג",false,0,33.50,27.92,true,1,
7290102396399,false,שמיניית מעדן שוקולד מוו 1.5% טרה 100 גרם,Unknown,IL,מעדן שוקולד 8יח,גרמים,800.00,100 גרם,false,0,14.40,1.80,true,1,
7290102396405,false,שמיניית מעדן וניל מוו 1.5% טרה 100 גרם,Unknown,IL,מעדן וניל 8 יח,גרמים,800.00,100 גרם,false,0,14.40,1.80,true,1,
7290102397747,false,פרוסות גבינת מוצרלה נעם מחלב בקר 22%,טרה,IL,מוצרלה נעם 200גר,גרמים,200.00,100 גרם,false,1,20.50,10.25,true,1,
7290102398072,false,"חלב קרטון 3%-1 ליטר "" טרה"" -מוצר פיקוח",הפריט בפיקוח,IL,חלב 3% בקרטון,ליטרים,1.00,ליטר,false,1,6.23,6.23,true,1,
7290102398560,false,שוקו טרה מועשר בבקבוק 1 ליטר,מילקו תעשיות בעמ,IL,שוקו מועשר בקבוק,ליטרים,1.00,ליטר,false,1,12.80,12.80,true,1,
7290102398577,false,משקה חלב בטעם שוקו 2% בבקבוק אישי,מילקו תעשיות בעמ,IL,שוקו בבקבוק טרה,מיליליטרים,250.00,"100 מ""ל",false,1,5.90,2.36,true,1,
7290102398669,false,משקה חלב אייס קפוצ'ינו טרה 1 ליטר,מילקו תעשיות בעמ,IL,אייס קפוצ'ינו,ליטרים,1.00,ליטר,false,1,12.80,12.80,true,1,
7290102399048,false,פרוסות גבינת קשקבל נעם 200 ג' טרה,מילקו,IL,קשקבל פרוס,גרמים,200.00,100 גרם,false,1,26.20,13.10,true,1,
7290102399796,false,מעדן יוגורט לבן מועשר בחלבון 200 ג' מולר אקטיב,מולר Muller,IL,מולר אקטיב,גרמים,200.00,100 גרם,false,1,6.20,3.10,true,1,
7290102399819,false,יוגורט עם פירות יער מולר אקטיב מועשר בחלבון 200 גר',מולר Muller,IL,מולר אקטיב מועשר,גרמים,200.00,100 גרם,false,1,6.60,3.30,true,1,
7290103120658,false,דאודורנט ספיד סטיק גל שחור 85 גרם,הנסיך- מפעל לייצור ט,US,דאודורנט,גרמים,85.00,100 גרם,false,0,17.90,21.06,true,1,
7290103121600,false,"ספיד סטיק - דאודורנט ספריי לגבר 24/7 קול פיוזן 150 מ""ל",קולגייט פלמוליב,RU,דאו.ספיד סטיק,מיליליטרים,165.00,"100 מ""ל",false,0,18.90,11.45,true,1,
7290103124588,false,"סבון נוזלי ארומה בניחוח לבנדר פטצ'ולי פלמוליב 750 מ""ל",הנסיך- מפעל לייצור ט,TR,סבון פלמוליב,מיליליטרים,750.00,"100 מ""ל",false,0,21.90,2.92,true,1,
7290103124601,false,"תחליב רחצה נוזל חלב ודבש משאבה 750מ""ל פלמוליב",הנסיך- מפעל לייצור ט,TR,סבון פלמוליב,מיליליטרים,750.00,"100 מ""ל",false,0,21.90,2.92,true,1,
7290103400231,false,"גזר מגורד שטראוס 400 גרם בד""צ",שטראוס בריאות ירקות טריי,IL,"גזר 400גרם בד""צ",גרמים,400.00,100 גרם,false,0,10.40,2.60,true,1,
7290103401429,false,קפה קצב ברזילאי אוריגינס 200 גר,הנסיך- מפעל לייצור ט,IL,קפה פלטינום,גרמים,200.00,100 גרם,false,0,19.90,9.95,true,1,
7290103404758,false,סלט כרוב אדום במיונז אחלה 120 גרם,מיוצר עי קונדיטוריית,IL,כרוב אדום אחלה,גרמים,120.00,100 גרם,false,0,5.40,4.50,true,1,
7290103408206,false,עלי חסה ערבית שטופים שטראוס 250 גרם,שטראוס בריאות ירקות טריי,IL,חסה ערבית250ג',גרמים,250.00,100 גרם,false,0,12.50,5.00,true,1,
7290103681180,false,"יין הר מרלו מיתוג תנשמת 750 מ""ל",מיוצר על ידי יקב תבור,IL,מרלו הר תבור,מיליליטרים,750.00,"100 מ""ל",false,1,38.90,5.19,true,1,
7290103681210,false,"יין הר שרדונה מיתוג תנשמת 750 מ""ל",מיוצר על ידי יקב תבור,IL,שרדונה הר תבור,מיליליטרים,750.00,"100 מ""ל",false,1,38.90,5.19,true,1,
7290103681227,false,"יין הר גוורצטרמינר מיתוג תנשמת 750 מ""ל",מיוצר על ידי יקב תבור,IL,גוורצטרמינר הר,מיליליטרים,750.00,"100 מ""ל",false,1,38.90,5.19,true,1,
7290103681241,false,"יין הר מוסקטו מיתוג תנשמת 750 מ""ל",יקב תבור,IL,מוסקטו הר תבור,מיליליטרים,750.00,"100 מ""ל",false,1,38.90,5.19,true,1,
7290103681364,false,יין תבור קברנה סובני,מיוצר על ידי יקב תבור,IL,קברנה תבור,מיליליטרים,750.00,"100 מ""ל",false,1,63.50,8.47,true,1,
7290103681623,false,"יין הר מוסקטו רוזה 750 מ""ל",יקבי תבור,IL,הר מוסקטו רוזה,מיליליטרים,750.00,"100 מ""ל",false,1,38.90,5.19,true,1,
7290103704957,false,מגבות נייר 3 שכבות ענק3ג,,IL,מגבות 3גלילי ענק,מטרים,57.00,מטר,false,1,19.90,0.35,true,1,
7290103704964,false,נייר טואלט 3 שכבות 9 גל,,IL,נייר טואלט 9 גל,מטרים,277.00,מטר,false,1,34.90,0.13,true,1,
7290104061417,false,סלט חומוס עם טחינה אחלה 400 גרם,"שטראוס גרופ בע""\מ",IL,חומוס טחינה אחלה,גרמים,400.00,100 גרם,false,0,11.90,2.98,true,1,
7290104061424,false,סלט חומוס עם זעתר אחלה 400 גרם,מיוצר עי קונדיטוריית,IL,חומוס זעתר אחלה,גרמים,400.00,100 גרם,false,0,11.90,2.98,true,1,
7290104061448,false,סלט חומוס עם חריף אחלה 400 גרם,מיוצר עי קונדיטוריית,IL,חומוס חריף אחלה,גרמים,400.00,100 גרם,false,0,11.90,2.98,true,1,
7290104062599,false,מארז 8 יחידות מעדן גמדים בטעמי תות ובננה,"שטראוס בריאות בע""\מ",IL,גמדים תות בננה,גרמים,800.00,100 גרם,false,0,20.50,2.56,true,1,
7290104064012,false,חטיף פסק זמן GOOD שוקולד לבן גוד 36 גרם,שולן צ'יקולטה גידה ס,TR,פסק זמן טו גוד,גרמים,36.00,100 גרם,false,0,5.50,15.28,true,1,
7290104065934,false,עלי רוקט שטראוס 150 גרם,שטראוס בריאות ירקות טריי,IL,עלי רוקט 150גרם,גרמים,150.00,100 גרם,false,0,11.50,7.67,true,1,
7290104066566,false,טחינה משומשום מלא אח,מיוצר עי קונדיטוריית,IL,טחינה אחלה 500גר,גרמים,500.00,100 גרם,false,0,16.90,3.38,true,1,
7290104068539,false,מאסט פליפטופ מלון ואבטיח ללא גרעינים,"שטראוס גרופ בע""מ",IL,מסטיק מאסט,גרמים,28.00,100 גרם,false,0,4.90,17.50,true,1,
7290104068546,false,גומי מאסט בטעם לימון קולה ללא סוכר 28 ג' עלית,"שטראוס גרופ בע""מ",IL,מסטיק מאסט,גרמים,28.00,100 גרם,false,0,4.90,17.50,true,1,
7290104500572,false,אפרופו חטיף תירס איטליאנו אסם 50 גרם,מיוצר עי קונדיטוריית,IL,אפרופו איטליאנו,גרמים,50.00,100 גרם,false,0,6.10,12.20,true,1,
7290104504228,false,מיני דובונים אסם 100 גרם מארז 5 יחידות,"אסם השקעות בע""\מ",IL,מיני דובונים 5יח,גרמים,100.00,100 גרם,false,0,15.50,15.50,true,1,
7290104508943,false,במבה חטיף בוטנים אסם 200 גרם,"אסם השקעות בע""\מ",IL,במבה חטיף בוטנים,גרמים,200.00,100 גרם,false,0,9.10,4.55,true,1,
7290104721533,false,רצועות פלפלים קלויים אחלה 400 ג',מיוצר עי קונדיטוריית,IL,פלפלים קלויים,גרמים,400.00,100 גרם,false,0,17.90,4.48,true,1,
7290104722530,false,תפוצ'יפס בטעם שמנת בצל עלית 200 גרם,"שטראוס פריטו ליי בע""\מ )",IL,תפוצ'יפס שמנת,גרמים,200.00,100 גרם,false,0,12.00,6.00,true,1,
7290104726262,false,רביעייה מעדן דני שוקולד דיסני לבנים 125 גרם,מיוצר עי קונדיטוריית,IL,דני שלוק 4 יח,גרמים,500.00,100 גרם,false,0,12.10,2.42,true,1,
7290104726712,false,מארז 8 יחידות מעדן מילקי בטעם שוקולד עם קצפת,"שטראוס גרופ בע""\מ",IL,מארז מילקי 8 יח',ליטרים,1.36,ליטר,false,0,22.10,16.25,true,1,
7290104728310,false,"שמנת מתוקה עמידה 38% שומן ""יטבתה"" -מוצר בפיקוח",שטראוס גרופ,IL,שמנת לקצפת 38%,גרמים,250.00,100 גרם,false,0,6.47,2.59,true,1,
7290104961878,false,"שמפו לשיער קרטין אינטנס פורמולה 400 מ""ל נטורל",נטורל פורמולה Natural Formula,IL,שמפו קרטין,מיליליטרים,400.00,"100 מ""ל",false,0,30.00,7.50,true,1,
7290104961892,false,מסכת קרטין טהור לשיער שעבר החלקה או עיצוב בחום,נטורל פורמולה Natural Formula,IL,מסכת קרטין,מיליליטרים,350.00,"100 מ""ל",false,0,40.10,11.46,true,1,
7290104961908,false,נ.פורמולה קרטין אינטנס סרום לשיער 145 מל,נטורל פורמולה Natural Formula,IL,סרום קרטין,מיליליטרים,145.00,"100 מ""ל",false,0,50.10,34.55,true,1,
7290104962073,false,דאודורנט ספריי גוף טיטניום גולד Titanium Gold,"אמיליה קוסמטיקס בע""מ",IL,דאו.טיטניום,מיליליטרים,180.00,"100 מ""ל",false,0,16.90,9.39,true,1,
7290104963223,false,סופטקר - אל סבון עדין לתינוק לעור רגיש 1 ליטר,קוסמופארם בע'\'\מ,IL,סופטקר אל סבון,ליטרים,1.00,ליטר,false,1,19.90,19.90,true,1,
7290104963650,false,נקה 7 שמפו אל דמע סופטקר 1 ליטר,קוסמופארם בע'\'\מ,IL,סופטקר שמפו,ליטרים,1.00,ליטר,false,1,19.90,19.90,true,1,
7290105360250,false,קפסולות 09 עשיר וארומטי למכונת נספרסו עלית 10יח',הנסיך- מפעל לייצור ט,IL,קפסולות קפה,גרמים,50.00,100 גרם,false,0,18.90,37.80,true,1,
7290105360328,false,קפסולות אספרסו חזק למכונות נספרסו 10 יח',הנסיך- מפעל לייצור ט,IL,קפסולות מס' 10,גרמים,50.00,100 גרם,false,0,18.90,37.80,true,1,
7290105360335,false,קפסולות אספרסו למכונות נספרסו 50 גר,הנסיך- מפעל לייצור ט,IL,קפסולות מס' 7,גרמים,50.00,100 גרם,false,0,18.90,37.80,true,1,
7290105360755,false,"שמן זית 3 חזק 750 מ""ל יד מרדכי",מכוורת יד מרדכי שטראוס ב,IL,שמו זית 3 חזק,מיליליטרים,750.00,"100 מ""ל",false,0,37.90,5.05,true,1,
7290105360762,false,"שמן זית 1 עדין 750 מ""ל יד מרדכי",מכוורת יד מרדכי שטראוס ב,IL,שמן זית 1 עדין,מיליליטרים,750.00,"100 מ""ל",false,0,37.90,5.05,true,1,
7290105360878,false,תפוציפס טבעי 50 גרם מארז רביעייה,"שטראוס פריטו ליי בע""\מ )",IL,תפוצ'יפס 4 יח,גרמים,200.00,100 גרם,false,0,13.70,6.85,true,1,
7290105362339,false,"שמנת לבישול 15% 250 מ""ל יטבתה מהדרין",שטראוס גרופ,IL,שמנת לבישול 15%,מיליליטרים,250.00,"100 מ""ל",false,0,9.10,3.64,true,1,
7290105363602,false,מקלות כיף כף קלאסי עלית 40 גרם,שולן צ'\יקולטה גידה סאן.,TR,כיף כף מקלות,גרמים,40.00,100 גרם,false,0,5.50,13.75,true,1,
7290105364289,false,מקלות כיף כף פצפוצים עלית 40 גרם,שולן צ'\יקולטה גידה סאן.,TR,כיף כף מקלות,גרמים,40.00,100 גרם,false,0,5.50,13.75,true,1,
7290105364302,false,"עלית חטיף שוקולד כיף כף מקלות אגוזים, 40 גרם",שולן צ'\יקולטה גידה סאן.,TR,כיף כף מקלות,גרמים,42.00,100 גרם,false,0,5.50,13.10,true,1,
7290105366023,false,סלט חצילים בטעם כבד אחלה 400 גרם,מיוצר עי קונדיטוריית,IL,חציל בטעם כבד,גרמים,400.00,100 גרם,false,0,17.90,4.48,true,1,
7290105366047,false,טחינה לבנה אחלה 400 גרם,מיוצר עי קונדיטוריית,IL,טחינה לבנה,גרמים,400.00,100 גרם,false,0,17.90,4.48,true,1,
7290105366993,false,סימפוניה גבינת שמנת פלפל שיפקה 5% שטראוס 200 גרם,"שטראוס בריאות בע""מ",IL,סימפוניה פלפל,גרמים,200.00,100 גרם,false,0,10.00,5.00,true,1,
7290105368331,false,מעדן מילקי בטעם תות עם קצפת,מחלבת אחיהוד,IL,מילקי טעם תות,מיליליטרים,170.00,"100 מ""ל",false,0,3.10,1.82,true,1,
7290105368904,false,"שמנת מתוקה להקצפה 32% שומן 250 מ""ל יוטבתה",שטראוס גרופ,IL,שמנת מתוקה32%,מיליליטרים,250.00,"100 מ""ל",false,0,8.20,3.28,true,1,
7290105368928,false,"שמנת 9% שומן 200 מ""ל יוטבתה",שטראוס גרופ,IL,שמנת 9% יטבתה,מיליליטרים,200.00,"100 מ""ל",false,0,3.40,1.70,true,1,
7290105430458,false,תחליב רחצה מועשר בשקדים וקרם לחות Naturals משאבה,הנסיך- מפעל לייצור ט,TR,סבון פלמוליב,מיליליטרים,750.00,"100 מ""ל",false,0,21.90,2.92,true,1,
7290105430502,false,ספיד סטיק סטיין גארד סטיק 50 גרם,קולגייט-פלמוליב,US,דאו.ספיד סטיק,גרמים,50.00,100 גרם,false,0,27.90,55.80,true,1,
7290105431516,false,מארז חטיף פריי תמרים ובוטנים ללא גלוטן ותוספת סוכר 125 גרם,טבעית מוצרים מן הטבע בעמ,IL,חטיפי FREE,גרמים,125.00,100 גרם,false,0,17.90,14.32,true,1,
7290105439499,false,מאסטר שף מאסטר שף מיונז 480 גר כשלפ,רמיה סי.וי. הולנד,NL,מיונז מאסטר שף,גרמים,481.00,100 גרם,false,1,11.90,2.47,true,1,
7290105439505,false,מאסטר שף קרם בטעם מיונז לייט 479 גר כשלפ,רמיה סי.וי. הולנד,NL,ממרח מופחת,גרמים,521.00,100 גרם,false,1,12.90,2.48,true,1,
7290105500151,false,וודקה פינלנדיה בקבוק,"אלטיה קורפ, הלסינקי,",FI,וודקה פינלנדיה,מיליליטרים,700.00,"100 מ""ל",false,0,72.90,10.41,true,1,
7290105500236,false,וויסקי ג'ק דניאלס מס' 7 Brand No,ג'ק דניאלס Jack Daniel's,US,וויסקי ג'ק דניאל,מיליליטרים,700.00,"100 מ""ל",false,0,104.90,14.99,true,1,
7290105691248,false,אסם חטיפי פריכונים טורטייה תירס 60 גרם,"פרח תעשיות מזון בע""מ.",IL,קריספי טורטיה,גרמים,60.00,100 גרם,false,0,8.60,14.33,true,1,
7290105693341,false,מארז עשיריית במבה אסם 25*10 גרם,"אסם השקעות בע""\מ",IL,במבה 10 יח,גרמים,250.00,100 גרם,false,0,17.90,7.16,true,1,
7290105695024,false,פתיתים אפויים אורז עם אטריות אסם 500 גרם,"אסם השקעות בע""\מ",IL,פתיתים אפויים,גרמים,500.00,100 גרם,false,0,7.20,1.44,true,1,
7290105961181,false,משקה פונץ' בננה יטבתה 1 ליטר מהדרין,שטראוס גרופ,IL,פונץ' בננה יטבתה,מיליליטרים,1000.00,"100 מ""ל",false,0,10.00,1.00,true,1,
7290105964564,false,סלט חומוס אחלה 400גר,מיוצר עי קונדיטוריית,IL,סלט חומוס אחלה,גרמים,400.00,100 גרם,false,1,10.90,2.73,true,1,
7290105965738,false,יוגורט לשתיה בטעם תות בננה267 ג' דנונה,מיוצר עי קונדיטוריית,IL,דנונה לשתיה,גרמים,267.00,100 גרם,false,0,5.60,2.10,true,1,
7290105966469,false,"חומץ בלסמי ממודנה יד מרדכי 250 מ""ל",אצטייה ג'וזפה קרמוני,IT,חומץ בלסמי,גרמים,250.00,100 גרם,false,0,17.80,7.12,true,1,
7290105968098,false,"סלט קולסלאו 500 גרם ""אחלה""",שטראוס גרופ סלטים,IL,סלט קולסלאו אחלה,גרמים,500.00,100 גרם,false,0,17.90,3.58,true,1,
7290105968654,false,רביולי בטטה פרווה פסטה נונה 400 ג',מיוצר עי קונדיטוריית,IL,רביולי בטטה 400ג,גרמים,400.00,100 גרם,false,0,16.90,4.23,true,1,
7290105968777,false,פריכיות 5 דגנים עם תחתית שוקולד מריר 70 גרם,"טחנת האבן תעשיות בע""",IL,פריכיות + שוקולד,גרמים,70.00,100 גרם,false,0,9.40,13.43,true,1,
7290106520066,false,"רבע לשבע שוקולד חלב במילוי אגוזים עלית 160 גרם בד""צ","הגביע מוצרי וופלים בע""\מ",IL,רבע לשבע 160 גרם,גרמים,160.00,100 גרם,false,0,9.80,6.13,true,1,
7290106520288,false,יוגורט פרו חלבון עם תות 2.4% שומן 150 ג' דנונה,"שטראוס בריאות בע""מ",IL,דנונה WOW תות,גרמים,150.00,100 גרם,false,1,5.20,3.47,true,1,
7290106520905,false,סלט טורקי אחלה 400 גרם,"שטראוס גרופ בע""\מ",IL,סלט טורקי,גרמים,400.00,100 גרם,false,0,17.90,4.48,true,1,
7290106520912,false,"שמנת 9% לבישול יטבתה 250 מ""ל מהדרין",שטראוס גרופ,IL,שמנת לבישול 9%,מיליליטרים,250.00,"100 מ""ל",false,0,9.10,3.64,true,1,
7290106521049,false,אחלה טעמי השוק קוביות סלק 400 גר,מיוצר עי קונדיטוריית,IL,סלט קוביות סלק,גרמים,400.00,100 גרם,false,0,17.90,4.48,true,1,
7290106524439,false,"תפוצ'יפס פופס 60 גרם ""עלית""","שטראוס פריטו ליי בע""\מ )",IL,תפוצ'יפס פופס,גרמים,60.00,100 גרם,false,1,4.30,7.17,true,1,
7290106525320,false,אבקת שוקולית לאפייה קופסא 500ג' עלית,הנסיך- מפעל לייצור ט,IL,שוקולית לאפיה,גרמים,500.00,100 גרם,false,0,17.40,3.48,true,1,
7290106525399,false,קפסולות 06 ברזיל למכונות נספרסו עלית 10יח',הנסיך- מפעל לייצור ט,IL,קפסולות קפה,גרמים,50.00,100 גרם,false,1,18.90,37.80,true,1,
7290106525405,false,קפסולות 07 נטול נספרסו עלית 10 יח',שטראוס קפה בי.וי.,IL,קפסולות נטול מס7,גרמים,50.00,100 גרם,false,0,18.90,37.80,true,1,
7290106526822,false,פריכיות אורז חום מלא תחתית שוקולד חלב 80 גרם,"טחנת האבן תעשיות בע""",IL,פריכיות,גרמים,80.00,100 גרם,false,0,9.40,11.75,true,1,
7290106528567,false,"דוריטוס גריל 185 גרם ""עלית""","שטראוס פריטו ליי בע""\מ )",IL,דוריטוס גריל,גרמים,185.00,100 גרם,false,1,9.20,4.97,true,1,
7290106528628,false,"דוריטוס טבעי 185 גרם ""עלית""","שטראוס פריטו ליי בע""\מ )",IL,דוריטוס Dippas,גרמים,185.00,100 גרם,false,1,9.20,4.97,true,1,
7290106528949,false,לקט ערוגות 450 גרם שטראוס,שטראוס בריאות ירקות טריי,IL,לקט ערוגות,גרמים,450.00,100 גרם,false,0,14.60,3.24,true,1,
7290106572959,false,מארז אפרופו חטיף תירס 5 יחידות,"אסם השקעות בע""\מ",IL,אפרופו 5 יח,גרמים,125.00,100 גרם,false,0,14.50,11.60,true,1,
7290106573642,false,חומוס צנוברים צבר 400 גרם,סלטי צבר,IL,חומוס צנובר,גרמים,400.00,100 גרם,false,0,13.60,3.40,true,1,
7290106574793,false,עוגת הבית בטעם שוקו-שוקוצ'יפס 350 ג' אסם,מיוצר עי קונדיטוריית,IL,עוגת הבית,גרמים,350.00,100 גרם,false,0,14.10,4.03,true,1,
7290106574953,false,בייגלה שטוחים כעכים שטוחים עם שומשום,מיוצר עי קונדיטוריית,IL,בייגלה שטוחים,גרמים,300.00,100 גרם,false,0,12.50,4.17,true,1,
7290106574977,false,בייגלה שטוחים כעכים שטוחים עם מלח,מיוצר עי קונדיטוריית,IL,בייגלה שטוחים,גרמים,300.00,100 גרם,false,0,12.50,4.17,true,1,
7290106575257,false,עוגת הבית סופלה בטעם שוקולד 340 ג' אסם,מיוצר עי קונדיטוריית,IL,עוגת סופלה הבית,גרמים,340.00,100 גרם,false,0,14.10,4.15,true,1,
7290106575332,false,פתיתים אפויים פלוס בורגול 400 ג' אסם,"מיוצר ע""י קוד יצרן K",IL,פתיתים פלוס,גרמים,400.00,100 גרם,false,0,7.20,1.80,true,1,
7290106576513,false,סלט חומוס צבר 400 גר,סלטי צבר,IL,חומוס צבר,גרמים,400.00,100 גרם,false,0,11.50,2.88,true,1,
7290106576537,false,חומוס מסעדות צבר 700 גרם,סלטי צבר,IL,חומוס מסעדה צבר,גרמים,700.00,100 גרם,false,0,13.80,1.97,true,1,
7290106576797,false,"לה קרמריה גלידת וניל איטלקי כשל""פ 1.4ל'",תות תעשיות מזון (201,IL,לה קרמריה וניל,ליטרים,1.40,ליטר,false,0,21.90,15.65,true,1,
7290106576810,false,גלידה לה קרמריה ריבת חלב 1.4 ל' נסטלה,לה קרמריה- נסטלה,IL,לה קרמריה צמחי,ליטרים,1.40,ליטר,false,0,21.90,15.65,true,1,
7290106576858,false,גלידה לה קרמריה תותים בשמנת 1.4 ל' נסטלה,גלידות נסטלה )נגה גלידות,IL,לה קרמריה,ליטרים,1.40,ליטר,false,0,21.90,15.65,true,1,
7290106576971,false,גלידה לה קרמריה שוקולד בלגי 1.4 ל' נסטלה,תות תעשיות מזון (201,IL,לה קרמריה,ליטרים,1.40,ליטר,false,0,21.90,15.65,true,1,
7290106576995,false,גלידה סורבה לה קרמריה תות מנגו לייט 1.4 ל' נסטלה,גלידות נסטלה )נגה גלידות,IL,לה קרמריה לייט,ליטרים,1.40,ליטר,false,0,21.90,15.65,true,1,
7290106577039,false,גלידה לה קרמריה שוקו וניל פליק 1.4 ל' נסטלה,תות תעשיות מזון (201,IL,לא קרמריה,ליטרים,1.40,ליטר,false,0,21.90,15.65,true,1,
7290106577541,false,כרוב אדום מרובע 400 גר' צבר,סלטי צבר,IL,כרוב אדום צבר,גרמים,400.00,100 גרם,false,0,14.60,3.65,true,1,
7290106577572,false,מטבוחה אמיתית מרובע 400 ג' צבר,סלטי צבר,IL,מטבוחה צבר,גרמים,400.00,100 גרם,false,0,14.60,3.65,true,1,
7290106652996,false,מקלות כיף כף קוקוס עלית 40 גרם,סולן בעבור שטראוס,TR,כיף כף מקלות,יחידה,1.00,יחידה,false,0,5.50,5.50,true,1,
7290106654099,false,מילקי CAKE עוגות אישיות במילוי קרם חלב,בובארד איטליה אס.פי.איי,IT,מילקי קייק 8 יח',גרמים,272.00,100 גרם,false,1,21.80,8.01,true,1,
7290106656727,false,"עוגיות חיוכים שוקולד עלית 600 גרם בד""צ",אפיפית נצרת תעשיות ב,IL,חיוכים שוקולד,גרמים,600.00,100 גרם,false,0,20.10,3.35,true,1,
7290106658479,false,וופל טורטית שוקלד מגדים 40ג',"שטראוס גרופ בע""\מ",IL,טורטית מגדים,גרמים,40.00,100 גרם,false,1,4.50,11.25,true,1,
7290106660410,false,רביוליתרד וגבינה שטראוס 400 גרם,מיוצר עי קונדיטוריית,IL,רביולי תרד גבינה,גרמים,400.00,100 גרם,false,0,16.90,4.23,true,1,
7290106664067,false,לאבנה עם שמן זית וזעתר 10% שטראוס 400 ג',הדקלאים אגודת שיתופי,IL,לאבנה שמן זית,גרמים,400.00,100 גרם,false,1,16.40,4.10,true,1,
7290106664555,false,"רוטב שמנת עם עגבניות 9% שומן 250 מ""ל יוטבתה",שטראוס גרופ,IL,רוטב שמנת,מיליליטרים,250.00,"100 מ""ל",false,1,11.90,4.76,true,1,
7290106667266,false,"דוריטוס חמוץ חריף 185 גרם ""עלית""","שטראוס פריטו ליי בע""\מ )",IL,דוריטוס,גרמים,185.00,100 גרם,false,1,9.20,4.97,true,1,
7290106668713,false,יוגורט עם פירות יער 3% שומן 150 ג' דנונה,מיוצר עי קונדיטוריית,IL,דנונה פירות יער,גרמים,150.00,100 גרם,false,1,4.10,2.73,true,1,
7290106669857,false,קפסולות אספרסו בטעם וניל עלית 10 יחידות,הנסיך- מפעל לייצור ט,IL,קפסולות וניל,גרמים,50.00,100 גרם,false,1,18.90,37.80,true,1,
7290106720626,false,צ'יטוס קראנצ' בטעם גבינה - חלבי,"שטראוס פריטו ליי בע""\מ )",IL,ציטוס גבינה,גרמים,80.00,100 גרם,false,1,5.20,6.50,true,1,
7290106721906,false,צנצנת בזוקה מגדים ציקלט 66 גרם,"שטראוס גרופ בע""מ",IL,מסטיק בזוקה,גרמים,66.00,100 גרם,false,1,12.20,18.48,true,1,
7290106721913,false,מסטיק מאסט MUST ללא סוכר בטעם מנטה מרעננת,"שטראוס גרופ בע""מ",IL,מסטיק מרעננת,גרמים,66.00,100 גרם,false,1,12.20,18.48,true,1,
7290106721920,false,צנצנת מסטיק מאסט בטעם ספירמינט עדין 66 ג' עלית,"שטראוס גרופ בע""\מ.",IL,מסטיק ספירמינט,גרמים,66.00,100 גרם,false,1,12.20,18.48,true,1,
7290106723689,false,עלי תרד בייבי שטראוס 200 גרם,שטראוס בריאות ירקות טריי,IL,עלי תרד בייבי,גרמים,200.00,100 גרם,false,0,12.50,6.25,true,1,
7290106726178,false,יוגורט PRO עם פירות יער 2.4% 10 גרם חלבון בגביע,מיוצר עי קונדיטוריית,IL,דנונה WOW פ.יער,גרמים,150.00,100 גרם,false,1,5.20,3.47,true,1,
7290106727984,false,"כיף כף פצפצים בגביע 135 גרם ""עלית""",שולן צ'\יקולטה גידה סאן.,TR,כיף כף פצפצים,גרמים,135.00,100 גרם,false,1,12.20,9.04,true,1,
7290106729650,false,יוגורט עם תות מאגדת 8 יח' * 150ג' דנונה,"שטראוס גרופ בע""\מ",IL,דנונה תות 8 יח,קילוגרמים,1.20,"ק""ג",false,1,27.30,22.75,true,1,
7290106772472,false,גרוסליין - בלגה ממרח שוקולד 350 גרם,"אלמנדוס בע""מ",IL,ממרח אגוזי לוז,גרמים,350.00,100 גרם,false,1,14.90,4.26,true,1,
7290106774292,false,שוקולד מריר 70% קקאו500ג,"אלמונדס בע""מ",IL,שוקולד מריר 70%,גרמים,500.00,100 גרם,false,1,45.90,9.18,true,1,
7290106774308,false,שוקולד חלב לאפיה אל,"אלמונדס בע""מ",IL,שוקולד חלב,גרמים,500.00,100 גרם,false,1,36.90,7.38,true,1,
7290106775053,false,מחית נוגט פרווה אלמנדוס,"אלמנדוס בע""מ",IL,מחית נוגט פרווה,גרמים,400.00,100 גרם,false,1,25.90,6.48,true,1,
7290106775091,false,מחית פיסטוק אלמנדוס,שקד תבור,IL,מחית פיסטוק,גרמים,200.00,100 גרם,false,1,36.90,18.45,true,1,
7290107280020,false,שלישיית מטליות לחות לניקוי כללי סנו סושי 50 יחידות,טרופיקל דגיל- תעשיות,IL,מטליות לחות מארז,יחידה,1.00,יחידה,false,0,19.90,19.90,true,1,
7290107280068,false,סנו סושי תבנית אלומיניום ענק א.לארג 2 יח,סנו מפעלי ברונוס בעמ,CN,תבניות אלומיניום,יחידה,1.00,יחידה,false,1,8.90,8.90,true,1,
7290107280075,false,סנו סושי תבנית אלומיניום לארג 4יח,סנו מפעלי ברונוס בעמ,CN,תבניות אלומיניום,יחידה,1.00,יחידה,false,1,8.90,8.90,true,1,
7290107280082,false,מארז 7 תבניות אלומיניום מוארכות לאפייה אינגליש קייק,סנו מפעלי ברונוס בעמ,CN,תבניות אלומיניום,יחידה,1.00,יחידה,false,1,8.90,8.90,true,1,
7290107280099,false,שלישיית מגובנים נשטפים באסלה סופט סוד 48 יחידות,טרופיקל דגיל- תעשיות,IL,מגבוני נייר לחים,יחידה,1.00,יחידה,false,0,18.90,18.90,true,1,
7290107280341,false,ריצפז מטליות לחות לניקוי הרצפה בניחוח מלון מפנק,"סנו מפעלי ברונוס סע""",IL,מטליות ריצפז,יחידה,1.00,יחידה,false,1,12.90,12.90,true,1,
7290107280389,false,"סנו - ג'ט מרסס לניקוי בחדר האמבטיה 750 מ""ל","איי, בי, אינבוו",IL,מתז ג'ט לאמבט,מיליליטרים,750.00,"100 מ""ל",false,0,15.90,2.12,true,1,
7290107280396,false,"סנו - ג'ט מרסס לניקוי יסודי במטבח 750 מ""ל","סנו מפעלי ברונוס בע""",IL,מתז ג'ט למטבח,מיליליטרים,750.00,"100 מ""ל",false,0,13.90,1.85,true,1,
7290107280570,false,סנו - מקסימה ג'ל כביסה מרוכז לכביסה צבעונית 3 ליטר,מיוצר עי קונדיטוריית,IL,ג'ל כביסה,ליטרים,3.00,ליטר,false,0,35.60,11.87,true,1,
7290107280600,false,טבליות למדיח סנו ספארק 100 טבליות במארז,גרופה אינקו,PL,ספארק טב' למדיח,יחידה,1.00,יחידה,false,1,59.90,59.90,true,1,
7290107280723,false,נוזל לניקוי כלים סנו ספארק Spark בניחוח לימון רענן,סנו כימיקלים,IL,נוזל לכלים לימון,מיליליטרים,700.00,"100 מ""ל",false,0,11.80,1.69,true,1,
7290107280747,false,נוזל לניקוי כלים סנו ספארק Spark קלאסי,סנו כימיקלים,IL,נוזל לכלים קלאסי,מיליליטרים,700.00,"100 מ""ל",false,0,11.80,1.69,true,1,
7290107280761,false,נוזל לניקוי כלים בניחוח לימון רענן סנו ספארק Spark,מיוצר עי קונדיטוריית,IL,נוזל כלים לימון,ליטרים,1.00,ליטר,false,0,12.90,12.90,true,1,
7290107280822,false,ריצפז פרש הום בניחוח ספא מרגיע 2 ל',"סנו מפעלי ברונוס בע""\מ",IL,ריצפז פרש הום,ליטרים,2.00,ליטר,false,0,21.90,10.95,true,1,
7290107536042,false,מארז גיפט קארד מרובע ניי,.,IL,מארז גיפטקארד,יחידה,1.00,יחידה,false,1,6.00,6.00,true,1,
7290107646062,false,אבקת מרק בצל רכיבים טבעיים קנור 400 ג',יוניליוור ישראל מזון בע\,IL,מרק בצל,גרמים,400.00,100 גרם,false,1,29.50,7.38,true,1,
7290107871990,false,"פסטה צינורות 500 גרם ""אסם""",פסטה זארה,IT,פסטה צינורות,גרמים,500.00,100 גרם,false,0,6.00,1.20,true,1,
7290107875400,false,גלידה לה קרמריה פיסטוק מוקה 1.4 ל' נסטלה,גלידות נסטלה )נגה גלידות,IL,להקרמריה,ליטרים,1.40,ליטר,false,0,21.90,15.65,true,1,
7290107877619,false,מארז במבה במילוי קרם נוגט 5*30ג' אסם,"אסם השקעות בע""\מ",IL,במבה נוגט 5 יח,גרמים,150.00,100 גרם,false,1,14.50,9.67,true,1,
7290107879521,false,קרחוני לה פרוטה La Frutta תות שדה - 5 יח',גלידות נסטלה )נגה גלידות,IL,מאגדת לה פרוטה,גרמים,350.00,100 גרם,false,1,29.90,8.54,true,1,
7290107879569,false,קרחון לה פרוטה שרבט מנגו מאגדת 5יח',גלידות נסטלה )נגה גלידות,IL,מאגדת לה פרוטה,גרמים,350.00,100 גרם,false,1,29.90,8.54,true,1,
7290107930321,false,קונפיטורת יד מרדכי דובדובן 340 גרם,"בית אל מזון בע""מ",IL,קונפיטורה דובדבן,גרמים,340.00,100 גרם,false,1,15.80,4.65,true,1,
7290107931397,false,כיף כף פצפוצים במילוי שוקולד 40 גרם,שולן צ'\יקולטה גידה סאן.,TR,כיף כף פצפצים,גרמים,40.00,100 גרם,false,1,5.80,14.50,true,1,
7290107932080,false,חלב מועשר יוטבתה בבקבוק 3% 1 ליטר,מחלבת יטבתה,IL,חלב מועשר 3%,ליטרים,1.00,ליטר,false,1,8.30,8.30,true,1,
7290107932134,false,חלב מועשר יוטבתה בבקבוק 1% 1 ליטר,מחלבת יטבתה,IL,חלב מועשר 1%,ליטרים,1.00,ליטר,false,1,8.30,8.30,true,1,
7290107933155,false,לקט סלנובה שטראוס 200 גרם,שטראוס בריאות ירקות טריי,IL,לקט סלנובה,גרמים,200.00,100 גרם,false,1,14.60,7.30,true,1,
7290107934473,false,שמינייה יוגורט לבן אקטיביה 1.5% דנונה 150 גרם,"שטראוס גרופ בע""\מ",IL,אקטביה 1.5% 8 יח,ליטרים,1.20,ליטר,false,1,22.60,18.83,true,1,
7290107936309,false,דנונה יוגורט 7% יווני לבן 130 ג',"שטראוס בריאות בע""מ",IL,יוגורט יווני,גרמים,130.00,100 גרם,false,1,3.70,2.85,true,1,
7290107936460,false,מארז 8 יח' דנכול משקה יוגורט בטעם מעודן,מיוצר עי קונדיטוריית,IL,דנכול מעודן 8 יח,גרמים,800.00,100 גרם,false,1,30.50,3.81,true,1,
7290107936958,false,עד חצות ביסקוויט אצבעות שוקולד 125 גרם,ביסקוויטס טור ד'\אלבון,FR,עד חצות אצבעות,גרמים,125.00,100 גרם,false,1,12.80,10.24,true,1,
7290107936965,false,עיגולים עד חצות עם שוקולד חלב 225 גר,ביסקווטרי עוגיות סנט,FR,עד חצות עיגולים,גרמים,230.00,100 גרם,false,1,15.90,6.91,true,1,
7290107937542,false,משקה יוגורט אקטיביה עם תות 1.2% שומן,מיוצר עי קונדיטוריית,IL,משקה אקטביה תות,גרמים,265.00,100 גרם,false,1,5.40,2.04,true,1,
7290107937627,false,מסטיק מאסט Must קוביות ללא סוכר בטעם מנטה עדינה,אסקום קונפקשיין,DE,קוביות מסטיק,גרמים,58.00,100 גרם,false,1,12.20,21.03,true,1,
7290107937641,false,צנצנת מסטיק בזוקה קוביות ללא סוכר,אסקום קונפקשיין,DE,קוביות מסטיק,גרמים,58.00,100 גרם,false,1,12.20,21.03,true,1,
7290107937856,false,קפסולות 11חזק למכונות נספרסו עלית 10יח',הנסיך- מפעל לייצור ט,IL,קפסולות עלית,גרמים,50.00,100 גרם,false,1,18.90,37.80,true,1,
7290107938396,false,שמיניית אקטימל תות דיסני בנים 108 גרם,מיוצר עי קונדיטוריית,IL,אקטימל תות 8יח',מיליליטרים,800.00,"100 מ""ל",false,1,19.90,2.49,true,1,
7290107939027,false,גזר דק דק שטראוס 250 גרם,שטראוס בריאות ירקות טריי,IL,גזר דק דק 250גרם,גרמים,250.00,100 גרם,false,1,9.30,3.72,true,1,
7290107940467,false,אקטיביה יוגורט 1.5% שומן 200 ג' דנונה,מיוצר עי קונדיטוריית,IL,אקטיביה 1.5%,גרמים,200.00,100 גרם,false,1,4.40,2.20,true,1,
7290107941259,false,עדשים ירוקות מבושלות שטראוס 475 גרם,הורקסה לס לגונס דה ס,ES,עדשים ירוקות,גרמים,475.00,100 גרם,false,1,12.90,2.72,true,1,
7290107941266,false,שעועית אדומה מבושלת שטראוס 475 גרם,הורקסה לס לגונס דה ס,ES,שעועית אדומה,גרמים,475.00,100 גרם,false,1,14.90,3.14,true,1,
7290107941273,false,חומוס מבושל שטראוס 475 גרם,הורקסה לס לגונס דה ס,ES,חומוס מבושל,גרמים,475.00,100 גרם,false,1,12.90,2.72,true,1,
7290107943192,false,"שמנת חמוצה מהערבה 27% שומן 200 מ""ל יטבתה",מחלבת יטבתה,IL,שמנת חמוצה 27%,מיליליטרים,200.00,"100 מ""ל",false,1,4.40,2.20,true,1,
7290107944472,false,סימפוניה גבינה במרקם שמנת 5% שום שמיר,"שטראוס בריאות בע""\מ",IL,גבינת סימפוניה,גרמים,200.00,100 גרם,false,1,10.00,5.00,true,1,
7290107945165,false,קונפיטורת משמש יד מרדכי 340 גרם,אף.סי תבליני בגליל ב,IL,קונפיטורת משמש,גרמים,340.00,100 גרם,false,1,15.80,4.65,true,1,
7290107950190,false,מעדן חלב דל קלוריות בטעם שוקולד מריר 0.5% שומן,מיוצר עי קונדיטוריית,IL,מעדן דיאט שוקולד,גרמים,130.00,100 גרם,false,1,3.60,2.77,true,1,
7290107950206,false,מעדן חלב דל קלוריות בטעם שוקולד 0% שומן,מיוצר עי קונדיטוריית,IL,מעדן דיאט שוקולד,גרמים,130.00,100 גרם,false,1,3.60,2.77,true,1,
7290107951104,false,בפלות ופלים ארוכים בטעם שוקולד,"שטראוס גרופ בע""\מ",IL,בפלות טעם שוקולד,גרמים,200.00,100 גרם,false,1,5.70,2.85,true,1,
7290107951715,false,צנצנת מסטיק מאסט קוביות בטעם ענבים 58 ג' עלית,אסקום קונפקשיין,IL,מסטיק קוביות,גרמים,58.00,100 גרם,false,1,12.20,21.03,true,1,
7290107953559,false,"מארז קפה טורקי עלית לדרך כשל""פ 168 גרם",הנסיך- מפעל לייצור ט,IL,קפה טורקי לדרך,גרמים,168.00,100 גרם,false,1,19.90,11.85,true,1,
7290107954709,false,"קונפיטורת פירות יער ""יד מרדכי"" 340 גר'","ב.א. מזון בע""\מ",IL,קונפיטורה פירות,גרמים,340.00,100 גרם,false,1,15.80,4.65,true,1,
7290107954976,false,משקה חלב PRO עם קפה 1.5% 25 גרם חלבון בבקבוק,מחלבת יטבתה,DE,משקה פרו קפה,מיליליטרים,350.00,"100 מ""ל",false,1,7.30,2.09,true,1,
7290107956642,false,"תרסיס שמן זית 150 מ""ל יד מרדכי כשלפ",פארייפאבה אגרואינדוס,ES,תרסיס שמן זית,מיליליטרים,150.00,"100 מ""ל",false,1,18.90,12.60,true,1,
7290107956895,false,קפסולות 07 אספרסו בטעם קרמל עלית 10יח',שטראוס קפה בי.וי.,IL,קפסולות אספרסו,גרמים,50.00,100 גרם,false,1,18.90,37.80,true,1,
7290107956901,false,קפסולות בטעם אגוזים למכונת נספרסו עלית 10 יחידות,שטראוס קפה בי.וי.,IL,קפסולות אספרסו,גרמים,50.00,100 גרם,false,1,18.90,37.80,true,1,
7290107956925,false,קפסולות 13 אוגנדה למכונת נספרסו עלית 10יח',שטראוס קפה בי.וי.,IL,קפסולות קפה,גרמים,50.00,100 גרם,false,1,18.90,37.80,true,1,
7290107956932,false,קפסולות אספרסו אידונזיה למכונות 50 גר,שטראוס קפה בי.וי.,IL,קפסולות אינדונזי,גרמים,50.00,100 גרם,false,1,18.90,37.80,true,1,
7290107957113,false,גבינת סימפוניה 5% עם זיתים פיקנטים 200 גרם,"שטראוס בריאות בע""\מ",IL,סימפוניה זיתים,גרמים,200.00,100 גרם,false,1,10.00,5.00,true,1,
7290107957991,false,מילקי CAKE מיניס קרם חלב בציפוי שוקולד חלב שקית 16X9ג',בובארד איטליה אס.פי.איי,IT,מילקי קייק מיניס,גרמים,144.00,100 גרם,false,1,16.20,11.25,true,1,
7290107958035,false,יוגורט במתיקות מעודנת 2% ללא תוספת סוכר- מארז 8 יח,"שטראוס בריאות בע""\מ",IL,דנונה מעודן 8 יח,קילוגרמים,1.20,"ק""ג",false,1,20.30,16.92,true,1,
7290107958639,false,"מטבוחה מרוקאית חריפה 400 גרם ""אחלה""",מיוצר עי קונדיטוריית,IL,מטבוחה,גרמים,400.00,100 גרם,false,1,17.90,4.48,true,1,
7290107973311,false,קולגייט מברשת שיניים 360 פחם זהב זוג,הנסיך- מפעל לייצור ט,CN,מברשות קולגייט,יחידה,1.00,יחידה,false,1,26.90,26.90,true,1,
7290107973861,false,מאסטר שף עגבניות קצוצות דק שלישיה 400ג*3 כשלפ,קונסרזיו קאסאלאסקו ד,IT,עגבניות קצוצות3י,קילוגרמים,1.20,"ק""ג",false,1,17.90,14.92,true,1,
7290107974066,false,"עלי טורטיה קמח מלא 20ס""מ 8יח' מאסטר שף 320ג'",אלקאטי קורביישיסי גי,ES,עלי טורטיה,גרמים,320.00,100 גרם,false,1,11.90,3.72,true,1,
7290107974820,false,ממרח בטעם ספייסי מיונז מאסטר שף 250 גרם,רמיה סי.וי.הולנד,NL,ממרח מתובל ספייס,גרמים,250.00,100 גרם,false,1,8.90,3.56,true,1,
7290107974837,false,מנה מאסטר שף ממרח מתובל שום 246 גר,רמיה סי.וי.הולנד,NL,ממרח מתובל שום,גרמים,250.00,100 גרם,false,1,8.90,3.56,true,1,
7290107975278,false,דאודורנט סטיק עם הגנת אלוורה Aloe Protection,ליידי ספיד סטיק Lady Speed Stick,US,ליידי ספיד סטיק,גרמים,45.00,100 גרם,false,1,17.90,39.78,true,1,
7290107975360,false,ליידי ספיד סטיק - דאודורנט ג'ל לאישה 24/7 פיור פרש 65 גרם,ליידי ספיד סטיק Lady Speed Stick,US,ליידי ספיד סטיק,גרמים,45.00,100 גרם,false,1,17.90,39.78,true,1,
7290107976848,false,פלמוליב סבון מוצק קמומיל רביעייה 360 ג,קולגייט-פלמוליב,TR,סבון פלמוליב 4יח,גרמים,380.00,100 גרם,false,1,17.90,4.71,true,1,
7290107977456,false,"פלמוליב - ג'ל רחצה ושמפו ספורט לגבר 750 מ""ל",קולגייט פלמוליב,TR,ג'ל רחצה פלמוליב,מיליליטרים,750.00,"100 מ""ל",false,1,21.90,2.92,true,1,
7290107978347,false,איטריות בינוניות מאסטר שף 400 גרם,הדקלאים אגודת שיתופי,PL,איטריות בינוניות,גרמים,400.00,100 גרם,false,1,6.90,1.73,true,1,
7290107978453,false,חטיף בטעם גריל קראנצ,קראנצ'וס,IL,קראנצ'וס גריל,גרמים,55.00,100 גרם,false,1,3.90,7.09,true,1,
7290108350128,false,סנו סושי שקיות אשפה חזקות במיוחד 40 יח',מיוצר עי קונדיטוריית,IL,שקיות אשפה,יחידה,1.00,יחידה,false,1,28.90,28.90,true,1,
7290108350210,false,סנו סושי 30 שקיות אשפה XL חזקות במיוחד,מיוצר עי קונדיטוריית,IL,שקיות אשפה חזקות,יחידה,1.00,יחידה,false,1,24.90,24.90,true,1,
7290108350531,false,סנו ספארק נוזל כלים בניחוח קלאסי עם משאבה 1 ל',מיוצר עי קונדיטוריית,IL,ספארק לכלים,ליטרים,1.00,ליטר,false,1,12.90,12.90,true,1,
7290108350616,false,סנו - מקסימה מרכך כביסה מרוכז פריחה כחולה 1 ליטר,"סנו מפעלי ברונוס בע""\מ",IL,מרכך מקסימה,ליטרים,1.00,ליטר,false,1,18.90,18.90,true,1,
7290108350623,false,מרכך כביסה סופר מרוכז סופט סילק מקסימה 1 ל' סנו,"סנו מפעלי ברונוס בע""\מ",IL,מרכך מקסימה,ליטרים,1.00,ליטר,false,1,18.90,18.90,true,1,
7290108351156,false,ג'ל ניקוי כללי בתוספת חומץ בריח לבנדר סנו ג'ט 1.5 ליטר,"סנו מפעלי ברונוס בע""\מ",IL,סנו ג'ט פלוס,ליטרים,1.50,ליטר,false,1,14.90,9.93,true,1,
7290108351552,false,"סנו - ג'ט לניקוי כללי בתוספת חומץ בניחוח לבנדר 750 מ""ל","סנו מפעלי ברונוס בע""\מ",IL,סנו ג'ט עם חומץ,מיליליטרים,750.00,"100 מ""ל",false,1,15.90,2.12,true,1,
7290108351583,false,"סנו - ג'ט פלוס חומץ ג'ל לניקוי אסלות לבנדר 750 מ""ל",טרופיקל דגיל תעשיות,IL,סנו ג'ט לאסלות,מיליליטרים,750.00,"100 מ""ל",false,1,11.90,1.59,true,1,
7290108351613,false,סנו ריצפז פרש הום בניחוח מלון חלומי 2 ל,"סנו מפעלי ברונוס בע""\מ",IL,ריצפז פרש הום,ליטרים,2.00,ליטר,false,1,21.90,10.95,true,1,
7290108351743,false,"סנו נוזל לניקוי כללי אקולוגי 750 מ""ל GREEN POWER",סנו מפעלי ברונוס בעמ,IL,נוזל לניקוי כללי,מיליליטרים,750.00,"100 מ""ל",false,1,17.50,2.33,true,1,
7290108351750,false,נ.לניקוי רצפות סנו גרין פאוור אקולוגי 2ל,סנו מפעלי ברונוס בעמ,IL,נוזל לניקוי רצפו,ליטרים,2.00,ליטר,false,1,20.20,10.10,true,1,
7290108351842,false,"סנו מקסימה בושם מרוכז לכביסה FOREVER כחול 600 מ""ל","סנו מפעלי ברונוס בע""\מ",IL,בושם לכביסה,מיליליטרים,600.00,"100 מ""ל",false,1,23.90,3.98,true,1,
7290108352252,false,נוזל לניקוי כלים מתאים לניקוי ירקות ופירות סנו ספארק,"סנו מפעלי ברונוס בע""\מ",IL,ספארק נוזל כלים,ליטרים,1.00,ליטר,false,1,12.90,12.90,true,1,
7290108352320,false,"מבשם אויר סנו פרש הום בניחוח כותנה מלטפת 350 מ""ל",מיוצר עי קונדיטוריית,IL,סנופרש הום,מיליליטרים,350.00,"100 מ""ל",false,1,12.90,3.69,true,1,
7290108352344,false,"פרש מבשם אויר אוטומטי בניחוח לבנדר סנו 250 מ""ל",מיוצר עי קונדיטוריית,IL,סנו פרש מילוי,מיליליטרים,250.00,"100 מ""ל",false,1,16.90,6.76,true,1,
7290108352450,false,ריצפז פרש הום בניחוח מרכך כביסה בלו בלוסום,סנו מפעלי ברונוס בעמ,IL,ריצפז פרש הום,ליטרים,2.00,ליטר,false,1,21.90,10.95,true,1,
7290108352511,false,ניקוי וחיטוי מכונת הכביסה בתוספת חומץ סנו מקסימה,"סנו מפעלי ברונוס בע""\מ",IL,מנקה מכונת כביסה,מיליליטרים,500.00,"100 מ""ל",false,1,13.90,2.78,true,1,
7290108352641,false,סנו סושי מטלית הפלא לניקוי כללי במארז שלישייה,סנו מפעלי ברונוס.,IL,מטליות הפלא 3 יח,יחידה,1.00,יחידה,false,1,14.90,14.90,true,1,
7290108352672,false,צמד מטליות הפלא לרצפה מיקרפייבר סנו סושי,סנו מפעלי ברונוס.,CN,מטליות לרצפה 2יח,יחידה,1.00,יחידה,false,1,19.90,19.90,true,1,
7290108352795,false,סנו סושי שקיות M זיפר 50 יחידות,פיין ונטג,CN,שקיות מזון זיפר,יחידה,1.00,יחידה,false,1,10.90,10.90,true,1,
7290108352801,false,"שקיות אשפה לפחים קטנים 45 * 56 ס""מ סנו סושי 100 יחידות","סנו מפעלי ברונוס בע""מ",IL,שקיות אשפה 100יח,יחידה,1.00,יחידה,false,1,19.90,19.90,true,1,
7290108352900,false,מגבות נייר בגליל כפול סנו סושי 12=6 גלילים,סנו מפעלי ברונוס בעמ,IL,מגבות נייר,מטרים,126.00,מטר,false,1,20.90,0.17,true,1,
7290108353068,false,ספוג הפלא נירוסטה עם סיבי קירצוף סנו סושי 2 יח',מיוצר עי קונדיטוריית,IL,כריות קרצוף 2 יח,יחידה,1.00,יחידה,false,1,11.90,11.90,true,1,
7290108353372,false,אורביטול צמד מברשות שיניים 12000 סיבי פחם,"קוסמופארם בע""\מ",IL,מברשות שיניים2יח,יחידה,1.00,יחידה,false,1,31.90,31.90,true,1,
7290108353440,false,אורביטול מברשות שיניים נאנו לחניכיים 2יח,החברה הדרומית,CN,מברשות שיניים2יח,יחידה,1.00,יחידה,false,1,31.90,31.90,true,1,
7290108353501,false,"שקיות אשפה ענקיות עם ידיות ענקיות 75*90 ס""מ סנו סושי 25 יחידות",טרופיקל דגיל תעשיות,TR,שקיות אשפה XXL,יחידה,1.00,יחידה,false,1,21.90,21.90,true,1,
7290108353723,false,"קרמה - תחליב רחצה חימר תה ירוק 500 מ""ל","קוסמופארם בע""\מn\",IL,תחליב רחצה קרמה,מיליליטרים,500.00,"100 מ""ל",false,1,14.90,2.98,true,1,
7290108353907,false,"קרמה - דאודורנט רול און לאישה קרמה קלאסי 75 מ""ל","קוסמופארם בע""\מ",IL,דאודורנט קרמה,מיליליטרים,75.00,"100 מ""ל",false,1,15.90,21.20,true,1,
7290108353990,false,"קרמה - קרם גוף קרמה מאסק 500 מ""ל",טרופיקל דגיל תעשיות,IL,קרם גוף מאסק,מיליליטרים,500.00,"100 מ""ל",false,1,21.90,4.38,true,1,
7290108354485,false,"קרליין מרכך 10 לשיער שמן ארגן 700 מ""ל","קוסמופארם בע""\מ",IL,מרכך 10 ארגן,מיליליטרים,700.00,"100 מ""ל",false,1,14.90,2.13,true,1,
7290108354492,false,"קרליין שמפו 10 לשיער שמן ארגן 700 מ""ל","קוסמופארם בע""\מ",IL,שמפו 10 ארגן,מיליליטרים,700.00,"100 מ""ל",false,1,14.90,2.13,true,1,
7290108354577,false,רול און קרמה וניל פלפל75,"קוסמופארם בע""\מ.",IL,דאודורנט קרמה,מיליליטרים,75.00,"100 מ""ל",false,1,15.90,21.20,true,1,
7290108354607,false,"שמפו בניחוח מי קקטוס ושמן באבאסו 750 מ""ל נקה 7","אמיליה קוסמטיקס בע""מ",IL,שמפו נקה 7 קקטוס,מיליליטרים,750.00,"100 מ""ל",false,1,12.50,1.67,true,1,
7290108354973,false,"סבון ידיים קרמה ורד ווניל 300 מ""ל",טרופיקל דגיל תעשיות,IL,סבון ידיים קרמה,מיליליטרים,300.00,"100 מ""ל",false,1,10.90,3.63,true,1,
7290108355079,false,לחו.לשיער מקצועי קוקוס נטורל פורמולה 400,נטורל פורמולה,IL,לחות נט.פורמולה,מיליליטרים,400.00,"100 מ""ל",false,1,29.90,7.48,true,1,
7290108355178,false,"קרמה - קרם ידיים חמאת שיאה וקוקוי 100 מ""ל",החברה הדרומית,IL,קרמה קרם ידיים,מיליליטרים,100.00,"100 מ""ל",false,1,11.90,11.90,true,1,
7290108355185,false,"נטורל מסיכת קרטין אינטנס למניעת קשקשים 350 מ""ל",נטורל פורמולה Natural Formula,IL,מסכה נטורל פורמו,מיליליטרים,350.00,"100 מ""ל",false,1,39.90,11.40,true,1,
7290108355802,false,"תחליב רחצה קרמה ורד ווניל 700 מ""ל",גוד פוד פרודקטס S.p,IL,תחליב רחצה קרמה,מיליליטרים,700.00,"100 מ""ל",false,1,17.90,2.56,true,1,
7290108356106,false,כיף תחליב רחצה חלב שקדים 700 מל,החברה הדרומית,IL,כיף תחליב רחצה,מיליליטרים,700.00,"100 מ""ל",false,1,10.00,1.43,true,1,
7290108356113,false,כיף תחליב רחצה חלב ודבש 700 מל,קוסמופארם בעמ,IL,כיף תחליב רחצה,מיליליטרים,700.00,"100 מ""ל",false,1,10.00,1.43,true,1,
7290108356168,false,"כיף - תחליב רחצה אוקיינוס 700 מ""ל",גוד פוד פרודקטס S.p,IL,כיף תחליב רחצה,מיליליטרים,700.00,"100 מ""ל",false,1,10.00,1.43,true,1,
7290108356229,false,ג'ל גילוח לכל סוגי העור מועשר בפחם פעיל,טרופיקל דגיל תעשיות,TR,ג'ל גילוח מטהר,מיליליטרים,200.00,"100 מ""ל",false,1,16.90,8.45,true,1,
7290108356519,false,קרליין שמפו 10למניעת קשקשים 700מל,"קוסמופארם בע""\מ",IL,שמפו 10 קרליין,מיליליטרים,700.00,"100 מ""ל",false,1,14.90,2.13,true,1,
7290108356540,false,"שמפו 10 לשיער צבוע 700 מ""ל קרליין","קוסמופארם בע""\מ",IL,שמפו 10 קרליין,מיליליטרים,700.00,"100 מ""ל",false,1,14.90,2.13,true,1,
7290108356564,false,"קרליין - מרכך 10 לשיער רגיל 700 מ""ל","קוסמופארם בע""\מn\",IL,מרכך 10 קרליין,מיליליטרים,700.00,"100 מ""ל",false,1,14.90,2.13,true,1,
7290108356571,false,"קרליין - מרכך 10 לשיער יבש 700 מ""ל","קוסמופארם בע""\מ",IL,מרכך 10 קרליין,מיליליטרים,700.00,"100 מ""ל",false,1,14.90,2.13,true,1,
7290108356595,false,קרוליין 10 מרכך לשיער צבוע 700 מל,"קוסמופארם בע""\מ",IL,מרכך 10 קרליין,מיליליטרים,700.00,"100 מ""ל",false,1,14.90,2.13,true,1,
7290108357004,false,כיף שמפו ורד ושמן קוקוי לרכות וברק,טרופיקל דגיל תעשיות,IL,שמפו כיף,מיליליטרים,700.00,"100 מ""ל",false,1,10.00,1.43,true,1,
7290108357042,false,"קרליין - נושם ביו דאודורנט רול און 75 מ""ל Citrus Blossoms לאישה","קוסמופארם בע""\מ",IL,דאו.רולאון ביו,מיליליטרים,75.00,"100 מ""ל",false,1,16.90,22.53,true,1,
7290108357059,false,"קרליין - נושם ביו דאודורנט רול און 75 מ""ל Secret Garden לאישה","קוסמופארם בע""\מ",IL,דאו.רול און ביו,מיליליטרים,75.00,"100 מ""ל",false,1,16.90,22.53,true,1,
7290108357073,false,"קרליין - נושם ביו דאודורנט ספריי 150 מ""ל Blossoms Citrus לאישה",קוסטר אירוסול,IL,דאו.ספריי ביו,מיליליטרים,150.00,"100 מ""ל",false,1,16.90,11.27,true,1,
7290108357097,false,"קרליין - נושם ביו דאודורנט ספריי 150 מ""ל Velvet Rose לאישה",קוסטר אירוסול,IL,דאו.ספריי ביו,מיליליטרים,150.00,"100 מ""ל",false,1,16.90,11.27,true,1,
7290108357196,false,"ג'ט פלוס לניקוי כללי בתוספת תמצית עץ התה 750 מ""ל סנו",מיוצר עי קונדיטוריית,IL,סנו ג'ט עץ התה,מיליליטרים,750.00,"100 מ""ל",false,1,15.90,2.12,true,1,
7290108357257,false,סנו - פרש מכשיר אוטומטי לבישום אוויר בתוספת מילוי אולטרא פרש,"יצרן מכשיר: זובלה, יצרן",IL,סנו פרש,מיליליטרים,250.00,"100 מ""ל",false,1,49.90,19.96,true,1,
7290108357271,false,סנובון ג'ל לניקוי אסלות עם חמצן פעיל לניקוי עוצמתי,סנו מפעלי ברונוס בעמ,IL,סנובון עם חמצן,מיליליטרים,750.00,"100 מ""ל",false,1,11.90,1.59,true,1,
7290108357417,false,"קרמה - קרם גוף קרמה ורד ווניל 500 מ""ל",טרופיקל דגיל תעשיות,IL,קרם גוף ורד ווני,מיליליטרים,500.00,"100 מ""ל",false,1,21.90,4.38,true,1,
7290108357578,false,"קרמה קרם ידיים וניל ופלפל ורוד 100 מ""ל","קוסמופארם בע""\מ.",IL,קרם ידיים קרמה,מיליליטרים,100.00,"100 מ""ל",false,1,11.90,11.90,true,1,
7290108357653,false,סנובון ג'ל לאסלה שלישיה בניחוח אוקיינוס,החברה הדרומית,IL,סנובון באבלס,קילוגרמים,1.20,"ק""ג",false,1,16.90,14.08,true,1,
7290108357660,false,סנובון Bubbles שלישיית כדוריות ג'ל אסלה ניחוח לבנדר,סנו סנובון,CZ,סבון אסלה לבנדר,קילוגרמים,1.20,"ק""ג",false,1,16.90,14.08,true,1,
7290108357707,false,"כיף שמפו לשיער רגיל- תפוח זרעי צ'יה 700 מ""ל",גוד פוד פרודקטס S.p,IL,כיף שמפו,מיליליטרים,700.00,"100 מ""ל",false,1,10.00,1.43,true,1,
7290108357714,false,"כיף שמפו לשיער יבש -רימונים ושמן ארגן 700 מ""ל",גוד פוד פרודקטס S.p,IL,כיף שמפו,מיליליטרים,700.00,"100 מ""ל",false,1,10.00,1.43,true,1,
7290108357776,false,"כיף מרכך לשיער יבש -רימונים ושמן ארגן 700 מ""ל",גוד פוד פרודקטס S.p,IL,כיף מרכך שיער,מיליליטרים,700.00,"100 מ""ל",false,1,10.00,1.43,true,1,
7290108357851,false,"כיף - ג'ל רחצה אליקסיר אוילס מועשר בשמן קוקוס 700 מ""ל","קוסמופארם בע""\מ",IL,כיף ג'ל רחצה,מיליליטרים,700.00,"100 מ""ל",false,1,10.00,1.43,true,1,
7290108357882,false,"כיף - מרכך לחות מוגברת עם אפרסק וחמאת מורומורו 700 מ""ל",קוסמופארם בעמ,IL,כיף מרכך לשיער,מיליליטרים,700.00,"100 מ""ל",false,1,10.00,1.43,true,1,
7290108358070,false,"תחליב רחצה קרמה קלאסי 700 מ""ל",גוד פוד פרודקטס S.p,IL,קרמה תחליב רחצה,מיליליטרים,700.00,"100 מ""ל",false,1,17.90,2.56,true,1,
7290108358087,false,"תחליב רחצה קרמה מאסק 700 מ""ל",גוד פוד פרודקטס S.p,IL,תחליב רחצה קרמה,מיליליטרים,700.00,"100 מ""ל",false,1,17.90,2.56,true,1,
7290108358124,false,דפי בישום לחים למייבש הכביסה בניחוח מרכך כביסה 20 יח' מקסימה,טרופיגל דגיל תעשיות קוסמ,IL,דפי בישום למייבש,יחידה,1.00,יחידה,false,1,14.90,14.90,true,1,
7290108359077,false,סנו - סופט לושן ממחטות אף בקופסא 3 שכבות 120 יח',"סנו מפעלו ברונוס בע""\מ",EG,סופט לושן ממחטות,יחידה,1.00,יחידה,false,1,14.90,14.90,true,1,
7290108359152,false,"תבנית אלומיניום עגולה 25 ס""מ -6 יחי סנו סושי","אופל אריזות בע""\מ",IL,תבניות אלומיניום,יחידה,1.00,יחידה,false,1,19.90,19.90,true,1,
7290108359176,false,סנו סופט ממחטות אף תלת שכבתיות עשירות בלחות,החברה הדרומית,IL,סופט לושן צמד,יחידה,1.00,יחידה,false,1,13.90,13.90,true,1,
7290108359985,false,סנו - ז'אוול מרסס קצף לניקוי וחינו בניחוח פריחה לבנה 1 ליטר,סנו ז'אוול Javel,IL,ג'אוול קצף ניקוי,ליטרים,1.00,ליטר,false,1,19.90,19.90,true,1,
7290108501391,false,גבינה חצי קשה חלב עיזים פרוס 150 גר,ג.וילי פוד אינטרנשיונל ב,IL,גבינת עיזים פרוס,גרמים,150.00,100 גרם,false,1,24.90,16.60,true,1,
7290108501490,false,גבינת מוצרלה פרוסות 150גרם RO CHEESE,ג.וילי פוד אינטרנשיונל ב,IL,גבינת מוצרלה,גרמים,150.00,100 גרם,false,1,15.90,10.60,true,1,
7290108503999,false,פרוסות גבינה בטעם גאודה לכריכים וטוסטים ויליפוד 150 גרם,סנטרל קסרה,ES,פרוסות גבינה,גרמים,150.00,100 גרם,false,1,12.90,8.60,true,1,
7290108504002,false,פרוסות גבינה בטעם צ'דר לכריכים וטוסטים ויליפוד 150 גרם,Euro יורו מחלבות אירופה,ES,פרוסות גבינה,גרמים,150.00,100 גרם,false,1,12.90,8.60,true,1,
7290108505153,false,יוגורט בטעם טבעי 10% שומן ויליפוד 150 גרם,Euro יורו מחלבות אירופה,GR,יוגורט בטעם טבעי,גרמים,150.00,100 גרם,false,1,6.50,4.33,true,1,
7290108505160,false,יוגורט עם אגסים 4% שומן ויליפוד 150 גרם,Euro יורו מחלבות אירופה,GR,יוגורט יווני,גרמים,150.00,100 גרם,false,1,6.50,4.33,true,1,
7290108505177,false,יוגורט עם אננס 0% שומן ויליפוד 150 גרם,Euro יורו מחלבות אירופה,GR,יוגורט יווני,גרמים,150.00,100 גרם,false,1,6.50,4.33,true,1,
7290108505184,false,יוגורט עם קוקוס 5% שומן ויליפוד 150 גרם,Euro יורו מחלבות אירופה,GR,יוגורט יווני,גרמים,150.00,100 גרם,false,1,6.50,4.33,true,1,
7290108505191,false,יוגורט עם פצפוצי שוקולד 5% שומן ויליפוד 150 גרם,Euro יורו מחלבות אירופה,GR,יוגורט יווני,גרמים,150.00,100 גרם,false,1,6.50,4.33,true,1,
7290108505207,false,יוגורט עם אוכמניות 0% שומן ויליפוד 150 גרם,Euro יורו מחלבות אירופה,GR,יוגורט יווני,גרמים,150.00,100 גרם,false,1,6.50,4.33,true,1,
7290108505214,false,יוגורט עם אפרסק 0% שומן ויליפוד 150 גרם,Euro יורו מחלבות אירופה,GR,יוגורט יווני,גרמים,150.00,100 גרם,false,1,6.50,4.33,true,1,
7290108508130,false,עגבניות איטלקיות מרוסקות ויליפוד 390 גרם,וילי פוד,IT,עגבניות מרוסקות,גרמים,390.00,100 גרם,false,1,9.90,2.54,true,1,
7290108508147,false,מחית עגבניות איטלקיות ויליפוד 500 גרם,וילי פוד,IT,מחית עגבניות,גרמים,500.00,100 גרם,false,1,9.90,1.98,true,1,
7290108508499,false,"איירן משקה יוגורט בסגנון טורקי יורו 293 מ""ל",Euro יורו מחלבות אירופה,TR,איירן משקה,מיליליטרים,293.00,"100 מ""ל",false,1,5.90,2.01,true,1,
7290108508765,false,קונכיות פתיתים ויליפוד 400גרם,וילי פוד,TR,קונכיות פתיתים,גרמים,400.00,100 גרם,false,1,6.90,1.73,true,1,
7290108509106,false,גבינה בולגרית מעודנת בקוביות EUROויליפוד 200 גרם,"היצרן: קוליוס אס. איי, ג",TR,בולגרית מעודנת,גרמים,200.00,100 גרם,false,1,13.90,6.95,true,1,
7290108509113,false,גבינה בולגרית 18% מעודנת EUROויליפוד 250 גרם,Euro יורו מחלבות אירופה,TR,בולגרית מעודנת,גרמים,250.00,100 גרם,false,1,12.90,5.16,true,1,
7290108509571,false,גבינה פטה 24% עם צ'ילי ופפריקה 153 גרם ויליפוד,,GR,גבינה מלוחה,גרמים,153.00,100 גרם,false,1,17.90,11.70,true,1,
7290108509588,false,גבינה פטה 24% עם עשבי תיבול 153 גרם ויליפוד,,GR,גבינה מלוחה,גרמים,153.00,100 גרם,false,1,17.90,11.70,true,1,
7290108509700,false,"אורז פרסי DAAWAT מהדרין 1 ק""ג",אל.טי.פודס לימיטד,IN,אורז פרסי דאווט,קילוגרמים,1.00,"ק""ג",false,1,10.00,10.00,true,1,
7290108509755,false,EURO גבינת חלומי 23% שומן 250 גרם,סאסו פטוראגס קומטויס אף,CY,גבינת חלומי,גרמים,250.00,100 גרם,false,1,25.90,10.36,true,1,
7290108509908,false,מנתהשף אטריות להכנה מהירה פיקנטי ויליפוד 85 גרם,וילי פוד - מנת השף,TH,איטריות ט.ירקות,גרמים,85.00,100 גרם,false,1,4.90,5.76,true,1,
7290108509915,false,מנתהשף אטריות להכנה מהירה סיני פיקנטי ויליפוד 85 גרם,וילי פוד - מנת השף,TH,איטריות טעם סיני,גרמים,85.00,100 גרם,false,1,4.90,5.76,true,1,
7290108509922,false,מנתהשף אטריות להכנה מהירה טעם עוף ויליפוד 85 גרם,וילי פוד - מנת השף,TH,איטריות טעם עוף,גרמים,85.00,100 גרם,false,1,4.90,5.76,true,1,
7290109351025,false,מלך החומוס חומוסטחינה 40% טחינה גולמית,סלטי צבר,IL,חומוסטחינה צבר,גרמים,400.00,100 גרם,false,1,15.70,3.93,true,1,
7290109351957,false,פריכיות אורז מלא פיטנס עם שכבת שוקולד חלב,סנורייס בלגיום אן. ו,BE,פריכיות פיטנס,גרמים,100.00,100 גרם,false,1,9.40,9.40,true,1,
7290109351971,false,פריכיות דגנים פיטנס מצופות שוקולד חלב,פרח תעשיות,IL,פיטנס בר פריכיות,גרמים,84.00,100 גרם,false,1,15.30,18.21,true,1,
7290109352916,false,פריכיות דגנים פיטנס מצופות שוקולד לבן,פרח תעשיות,IL,פיטנס בר פריכיות,גרמים,84.00,100 גרם,false,1,15.30,18.21,true,1,
7290109354101,false,"לחמית ללא גלוטן 200 גר' ""אסם""","אסם תעשיות בע""מ",IL,לחמית ללא גלוטן,גרמים,200.00,100 גרם,false,1,11.50,5.75,true,1,
7290109358482,false,עוגיות קרמוגית במילוי קרם בטעם חלבה,"הגביע מוצרי וופלים בע""\מ",IL,קרמוגית חלבה,גרמים,200.00,100 גרם,false,1,13.40,6.70,true,1,
7290109358765,false,דגני בוקר קראנץ' רולס נוגט 450 גרם,"אסם השקעות בע""\מ",IL,קראנץ' רולס,גרמים,450.00,100 גרם,false,1,27.90,6.20,true,1,
7290109580067,false,"טחון וונדרס 0% בשר , טבעוני","וונדרס ע""י זוגלובק 2000",IL,וונדרס טחון,גרמים,340.00,100 גרם,false,1,34.90,10.26,true,1,
7290109580111,false,צלעות אסאדו מעושנות פרימיום זוגלובק 120 גרם,זוגלובק,IL,צלעות אסאדו מעוש,גרמים,120.00,100 גרם,false,1,24.90,20.75,true,1,
7290109580166,false,סרוולד קלאסי פרימיום זוגלובק 150 גרם,זוגלובק,IL,סרוולד קלאסי,גרמים,150.00,100 גרם,false,1,24.90,16.60,true,1,
7290109580234,false,"נקניקיות מרגז חריפות וונדרס 0% בשר, טבעוני",זוגלובק וונדרס Wonders,IL,נקניקיות מרגז וו,קילוגרמים,0.23,"ק""ג",false,1,34.90,151.74,true,1,
7290109580241,false,נאגטס מן הצומח זוגלובק 500 גרם,זוגלובק טבע,IL,נאגטס מן הצומח,קילוגרמים,0.50,"ק""ג",false,1,24.90,49.80,true,1,
7290109580319,false,"בורגר וונדרס 0% בשר , טבעוני",זוגלובק וונדרס Wonders,IL,וונדרס בורגר,גרמים,280.00,100 גרם,false,1,34.90,12.46,true,1,
7290109580432,false,פסטרמה חזה הודו מעושן דק דק זוגלובק 120 גרם,זוגלובק,IL,פסטרמה אקסטרה מע,גרמים,120.00,100 גרם,false,1,14.90,12.42,true,1,
7290109580449,false,סלמי בטעם כמהין פרימיום 180 ג' זוגלובק,זוגלובק,IL,סלמי בטעם כמהין,גרמים,180.00,100 גרם,false,1,24.90,13.83,true,1,
7290109920313,false,"אסטוניש מרסס לניקוי חלונות 750 מ""ל",יעקבי- אסטוניש Astonish,GB,מרסס חלונות,מיליליטרים,750.00,"100 מ""ל",false,1,14.90,1.99,true,1,
7290109920597,false,"אסטוניש - מרסס לניקוי המקלחון 750 מ""ל",יעקבי- אסטוניש Astonish,GB,מרסס למקלחון,מיליליטרים,750.00,"100 מ""ל",false,1,14.90,1.99,true,1,
7290109920627,false,"אסטוניש קרם ואקונומיקה לניקוי אמבטיות 500 מ""ל",יעקובי אסטוניש,GB,אסטוניש אקונומיק,מיליליטרים,500.00,"100 מ""ל",false,1,13.90,2.78,true,1,
7290109920849,false,"אסטוניש - מרסס לניקוי כללי בניחוח תפוז 750 מ""ל",יעקבי- אסטוניש Astonish,GB,אסטוניש רב תכלית,מיליליטרים,750.00,"100 מ""ל",false,1,14.90,1.99,true,1,
7290109922881,false,"דורגול מרסס למטבח 600 מ""ל",יעקובי דורגול,CH,דורגול למטבח,מיליליטרים,600.00,"100 מ""ל",false,1,25.90,4.32,true,1,
7290109923147,false,אסטוניש מהדורה פרימיום פלא של אקונומיקה,יעקבי- אסטוניש Astonish,GB,אסטוניש מרסס,מיליליטרים,750.00,"100 מ""ל",false,1,15.90,2.12,true,1,
7290110110277,false,"סומרסבי סיידר תפוחים אלכוהולי 4*300 מ""ל","קרלסברג קרואטיה , יב",HR,סומרסבי 4 יח',ליטרים,1.32,ליטר,false,1,29.90,22.65,true,1,
7290110110369,false,"שישייה בירה קרלסברג LUMA בקבוק 330 מ""ל",מבשלות בירה בינלאומיות ב,IL,קרלסברג לומה 6יח,ליטרים,1.98,ליטר,false,1,37.90,19.14,true,1,
7290110110574,false,"פחיות קוקה קולה זירו לימון 330 מ""ל",החברה המרכזית לייצור משק,IL,פחית קולה זירו,מיליליטרים,330.00,"100 מ""ל",false,1,5.40,1.64,true,1,
7290110113414,false,קוקה קולה זירו מיני250מל,החברה המרכזית לייצור משק,IL,קוקה קולה זירו,מיליליטרים,250.00,"100 מ""ל",false,1,4.90,1.96,true,1,
7290110114787,false,נביעות+ מים מינרליים בטעם תפוח 1.5 ליטר,נביעות טבע הגליל בעמ,IL,נביעות+תפוח,ליטרים,1.50,ליטר,false,0,10.50,7.00,true,1,
7290110114794,false,נביעות+ מים מינרליים בטעם אפרסק 1.5 ליטר,"נביעות טבע הגליל בע""\מ ,",IL,נביעות+אפרסק,ליטרים,1.50,ליטר,false,0,10.50,7.00,true,1,
7290110114800,false,נביעות+ מים מינרליים בטעם ענבים 1.5 ליטר,"נביעות טבע הגליל בע""\מ",IL,נביעות+ענבים,ליטרים,1.50,ליטר,false,0,10.50,7.00,true,1,
7290110114824,false,נביעות+רכיבי פרי אבטיח 1.5 ליטר פיקדון,"נביעות טבע הגליל בע""\מ",IL,נביעות+טעם אב,ליטרים,1.50,ליטר,false,0,10.50,7.00,true,1,
7290110114855,false,"נביעות מים מינרליים, שישיה 6 * 1.5 ליטר פקדון",נביעות טבע הגליל בעמ,IL,מים נביעות1.5*6ל,ליטרים,9.00,ליטר,false,0,12.50,1.39,true,1,
7290110114886,false,פריגת סחוט טרי קלמנטינה 2 ליטר,פריגת מצוננים,IL,מיץ קלמנטינות,ליטרים,2.00,ליטר,false,0,29.30,14.65,true,1,
7290110114893,false,פריגת סחוט טרי תפוז 2 ליטר,פריגת מצוננים,IL,מיץ תפוזים,ליטרים,2.00,ליטר,false,0,29.30,14.65,true,1,
7290110114909,false,100% מיץ תפוחים צלול עשוי מרכז,היינץ צפון אמריקה מק,IL,מיץ תפוחים,ליטרים,2.00,ליטר,false,0,29.30,14.65,true,1,
7290110114916,false,מיץ סחוט לימונענע פריגת 2 ליטר,פריגת מצוננים,IL,סחוט לימון נע,ליטרים,2.00,ליטר,false,0,26.90,13.45,true,1,
7290110114954,false,מיץ תפוזים מתקתקים פריגת 2 ליטר,פריגת מצוננים,IL,מיץ תפוזים,ליטרים,2.00,ליטר,false,0,23.90,11.95,true,1,
7290110114961,false,משקה קל תפוזים פריגת 1.5 ליטר,מבשלות בירה בינלאומיות ב,IL,פריגת תפוזים,ליטרים,1.50,ליטר,false,0,9.90,6.60,true,1,
7290110114985,false,משקה קל אשכוליות פריגת 1.5 ליטר,מבשלות בירה בינלאומיות ב,IL,פריגת אשכוליו,ליטרים,1.50,ליטר,false,0,9.90,6.60,true,1,
7290110114992,false,משקה קל לייט אשכוליות פריגת 1.5 ליטר,מבשלות בירה בינלאומיות ב,IL,פריגת אשכולי,ליטרים,1.50,ליטר,false,0,9.50,6.33,true,1,
7290110115012,false,מיץ ענבים בניחוח מרלו 1.5 ל' פריגת,פריגת,IL,פריגת ענבים,ליטרים,1.50,ליטר,false,0,9.90,6.60,true,1,
7290110115029,false,"פריגת משק""ל תפוח 1.5 ליטר פיקדון",מבשלות בירה בינלאומיות ב,IL,פריגת תפוחים,ליטרים,1.50,ליטר,false,0,9.90,6.60,true,1,
7290110115036,false,משקה קל מנגו פריגת 1.5 ליטר,מבשלות בירה בינלאומיות ב,IL,פריגת מנגו,ליטרים,1.50,ליטר,false,0,9.90,6.60,true,1,
7290110115043,false,משקה קל לימונענע פריגת 1.5 ליטר,מבשלות בירה בינלאומיות ב,IL,"משק""ל פריגת",ליטרים,1.50,ליטר,false,0,9.90,6.60,true,1,
7290110115050,false,פריגת מיקס תות בננה 1.5 ליטר פיקדון,מבשלות בירה בינלאומיות ב,IL,פריגת תות בננ,ליטרים,1.50,ליטר,false,0,9.90,6.60,true,1,
7290110115067,false,פריגת אפרסק 1.5 ליטר פיקדון,מבשלות בירה בינלאומיות ב,IL,פריגת אפרסק,ליטרים,1.50,ליטר,false,0,9.90,6.60,true,1,
7290110115074,false,פריגת תפוח דובדבן 1.5 ליטר פיקדון,מבשלות בירה בינלאומיות ב,IL,פריגת דובדבן,ליטרים,1.50,ליטר,false,0,9.90,6.60,true,1,
7290110115081,false,פריגת צלול ענבים 1.5 ליטר פיקדון,"מבשלות בירה לישראל בע""\מ",IL,פריגת צלול ענ,ליטרים,1.50,ליטר,false,0,8.90,5.93,true,1,
7290110115098,false,פריגת צלול תפוחים 1.5 ליטר פיקדון,"מבשלות בירה לישראל בע""\מ",IL,פריגת צלול תפ,ליטרים,1.50,ליטר,false,0,8.90,5.93,true,1,
7290110115111,false,פריגת צלול אננס 1.5 ליטר פיקדון,"מבשלות בירה לישראל בע""\מ",IL,פריגת צלול אנ,ליטרים,1.50,ליטר,false,0,8.90,5.93,true,1,
7290110115128,false,פריגת צלול בטעם לימונענע 1.5 ליטר פיקדון,"מבשלות בירה לישראל בע""\מ",IL,פריגת צלול,ליטרים,1.50,ליטר,false,0,8.90,5.93,true,1,
7290110115203,false,קוקה קולה 1.5 ליטר פיקדון,החברה המרכזית לייצור משק,IL,קוקה קולה,ליטרים,1.50,ליטר,false,0,9.20,6.13,true,1,
7290110115210,false,דיאט קוקה קולה 1.5 ליטר פיקדון,החברה המרכזית לייצור משק,IL,קוקה קולה דיא,ליטרים,1.50,ליטר,false,0,8.90,5.93,true,1,
7290110115227,false,קוקה-קולה זירו בקבוק 1.5 ליטר,החברה המרכזית לייצור משק,IL,קוקה קולה זיר,ליטרים,1.50,ליטר,false,0,9.50,6.33,true,1,
7290110115234,false,קוקה-קולה זירו נטול בקבוק 1.5 ליטר,החברה המרכזית לייצור משק,IL,קולה זירו נטו,ליטרים,1.50,ליטר,false,0,9.50,6.33,true,1,
7290110115241,false,קוקה-קולה זירו לימון בקבוק 1.5 ליטר,החברה המרכזית לייצור משק,IL,קולה זירו לימ,ליטרים,1.50,ליטר,false,0,9.50,6.33,true,1,
7290110115265,false,ספרייט לימון ליים 1.5 ליטר-,החברה המרכזית לייצור משק,IL,ספרייט ליים,ליטרים,1.50,ליטר,false,0,9.20,6.13,true,1,
7290110115272,false,ZERO ספרייט 1.5 ליטר פיקדון,החברה המרכזית לייצור משק,IL,ספרייט זירו,ליטרים,1.50,ליטר,false,0,9.50,6.33,true,1,
7290110115289,false,ספרייט 19 קל' לימון-נענע 1.5 ליטר פיקדון,החברה המרכזית לייצור משק,IL,ספרייט נענע,ליטרים,1.50,ליטר,false,0,9.50,6.33,true,1,
7290110115296,false,משקה מוגז אורנג' פאנטה 1.5 ליטר,החברה המרכזית לייצור משק,IL,פאנטה אורנג',ליטרים,1.50,ליטר,false,0,10.00,6.67,true,1,
7290110115302,false,משקה מוגז אורנג' זירו פאנטה 1.5 ליטר,החברה המרכזית לייצור משק,IL,פאנטה זירו או,ליטרים,1.50,ליטר,false,0,10.00,6.67,true,1,
7290110115319,false,פאנטה אקזוטיק 1.5 ליטר פיקדון,החברה המרכזית לייצור משק,IL,פאנטה אקזוטי,ליטרים,1.50,ליטר,false,0,10.00,6.67,true,1,
7290110115333,false,פאנטה תות 1.5 ליטר פיקדון,החברה המרכזית לייצור משק,IL,פאנטה תות,ליטרים,1.50,ליטר,false,0,10.00,6.67,true,1,
7290110115340,false,פאנטה ענבים 1.5 ליטר פיקדון,החברה המרכזית לייצור משק,IL,פאנטה ענבים,ליטרים,1.50,ליטר,false,0,10.00,6.67,true,1,
7290110115357,false,קינלי סודה 1.5 ליטר פיקדון,החברה המרכזית לייצור משק,IL,קינלי סודה,ליטרים,1.50,ליטר,false,0,4.90,3.27,true,1,
7290110115364,false,שישייה קוקה קולה 1.5 ליטר פיקדון,החברה המרכזית לייצור משק,IL,קוקה קולה1.5*6ל,ליטרים,9.00,ליטר,false,0,52.90,5.88,true,1,
7290110115371,false,דיאט קוקה קולה שישיות 1.5 ליטר פיקדון,החברה המרכזית לייצור משק,IL,קולה דיאט1.5*6ל,ליטרים,9.00,ליטר,false,0,49.90,5.54,true,1,
7290110115395,false,ZERO ספרייט שישיות 1.5 ליטר פיקדון,החברה המרכזית לייצור משק,IL,ספרייט זירו1.5*6,ליטרים,9.00,ליטר,false,0,48.90,5.43,true,1,
7290110115418,false,מארז שישייה קוקה קולה זירו 1.5 ל',החברה המרכזית לייצור משק,IL,קולה זירו1.5*6ל,ליטרים,9.00,ליטר,false,0,49.90,5.54,true,1,
7290110115425,false,FUZE TEA גרין לימונענע -נענע 1.5 ליטר פיקדון,מבשלות בירה בינלאומיות ב,IL,פיוז טי תה לימון,ליטרים,1.50,ליטר,false,0,9.90,6.60,true,1,
7290110115449,false,אייס תה בטעם מנגו אננס 1.5ל' FUZE TEA,מבשלות בירה בינלאומיות ב,IL,תה טי מנגו אננס,ליטרים,1.50,ליטר,false,0,10.20,6.80,true,1,
7290110115456,false,"תה קר בטעם אפרסק 19 קלוריות ב- 100 מ""ל",מבשלות בירה בינלאומיות ב,IL,פיוז טי תה אפרסק,ליטרים,1.50,ליטר,false,0,9.90,6.60,true,1,
7290110115463,false,פיוז טי אפרסק 1.5 ליטר פיקדון,מבשלות בירה בינלאומיות ב,IL,פיוז טי תה אפרסק,ליטרים,1.50,ליטר,false,0,10.20,6.80,true,1,
7290110115494,false,תה קר בטעם ענבים פיוז טי 1.5 ליטר,מבשלות בירה בינלאומית בע,IL,פיוז טי תה ענבים,ליטרים,1.50,ליטר,false,0,10.20,6.80,true,1,
7290110115531,false,משקה מוגז תפוח זירו פאנטה 1.5 ליטר,החברה המרכזית לייצור משק,IL,פאנטה זירו תפ,ליטרים,1.50,ליטר,false,0,10.00,6.67,true,1,
7290110115579,false,פאנטה אורנג' 1.5*4 ליטר,החברה המרכזית לייצור משק,IL,פאנטה אורנג1.5*4,ליטרים,6.00,ליטר,false,0,38.90,6.48,true,1,
7290110115593,false,פריגת אשכוליות 40% פחות סוכר 1.5 ליטר פיקדון,מבשלות בירה בינלאומיות ב,IL,פריגת אשכוליו,ליטרים,1.50,ליטר,false,0,9.50,6.33,true,1,
7290110115609,false,פריגת ענבים 40% פחות סוכר 1.5 ליטר פיקדון,מבשלות בירה בינלאומיות ב,IL,פריגת ענבים,ליטרים,1.50,ליטר,false,0,9.50,6.33,true,1,
7290110115616,false,אייס תה בטעם גרין אננס 1.5ל' FUZE TEA,מבשלות בירה בינלאומיות ב,IL,פיוז טי תה אננס,ליטרים,1.50,ליטר,false,1,9.90,6.60,true,1,
7290110115623,false,משקה פיוז טי זירו ZERO בטעם אפרסק,מבשלות בירה בינלאומיות ב,IL,פיוז טי תה אפרסק,ליטרים,1.50,ליטר,false,1,9.90,6.60,true,1,
7290110115937,false,מארז שישיית קולה ZERO ליטר,החברה המרכזית לייצור משק,IL,קולה זירו 6 יח,ליטרים,6.00,ליטר,false,1,41.90,6.98,true,1,
7290110116064,false,פאנטה ZERO פירות ירוק 1.5 ליטר פיקדון,החברה המרכזית לייצור משק,IL,פאנטה זירו ירוק,ליטרים,1.50,ליטר,false,1,10.00,6.67,true,1,
7290110116125,false,"סירופ בטעם פטל פריגת 750 מ""ל",סירופ - גבעת חיים,IL,סירופ בטעם פטל,מיליליטרים,750.00,"100 מ""ל",false,1,25.90,3.45,true,1,
7290110116132,false,"סירופ בטעם לימון פריגת 750 מ""ל",סירופ - גבעת חיים,IL,סירופ בטעם לימון,מיליליטרים,750.00,"100 מ""ל",false,1,25.90,3.45,true,1,
7290110116156,false,נביעות+רכיבי פרי מנגו-פסיפלורה 1.5 ליטר-,"נביעות טבע הגליל בע""\מ",IL,נביעות+פרי מנגו,ליטרים,1.50,ליטר,false,1,10.50,7.00,true,1,
7290110116170,false,נביעות+רכיבי פרי אננס-קוקוס 1.5 ליטר-,"נביעות טבע הגליל בע""\מ",IL,נביעות+פרי אננס,ליטרים,1.50,ליטר,false,1,10.50,7.00,true,1,
7290110116194,false,נביעות+ סדרת 0 קלוריות לימון-ליים 1.5 ליטר,"נביעות טבע הגליל בע""\מ",IL,נביעות+למון ליים,ליטרים,1.50,ליטר,false,1,10.50,7.00,true,1,
7290110116217,false,נביעות+ סדרת 0 קלוריות אשכוליות 1.5 ליטר,"נביעות טבע הגליל בע""\מ",IL,נביעות+אשכולית,ליטרים,1.50,ליטר,false,1,10.50,7.00,true,1,
7290110116392,false,"סירופ בטעם תפוזים פריגת 750 מ""ל",סירופ - גבעת חיים,IL,סירופ תפוזים,מיליליטרים,750.00,"100 מ""ל",false,1,25.90,3.45,true,1,
7290110116484,false,פריגת סחוט מיקס תות בננה 1ליטר,פריגת מצוננים,IL,פריגת תות בננה,מיליליטרים,1000.00,"100 מ""ל",false,1,16.90,1.69,true,1,
7290110116491,false,פריגת סחוט מיקס אפרסק משמש 1ליטר,פריגת מצוננים,IL,פריגת אפרסק משמש,מיליליטרים,1000.00,"100 מ""ל",false,1,16.90,1.69,true,1,
7290110116507,false,פריגת סחוט מיקס אננס בננה אגס 1ליטר,פריגת מצוננים,IL,פריגת אננס בננה,מיליליטרים,1000.00,"100 מ""ל",false,1,16.90,1.69,true,1,
7290110116552,false,ספרייט לימון היט 1.5 ליטר-,החברה המרכזית לייצור משק,IL,ספרייט למון היט,ליטרים,1.50,ליטר,false,1,9.20,6.13,true,1,
7290110116569,false,"ספרייט זירו ZERO בק LEMON HIT, 1.5 ליטר",החברה המרכזית לייצור משק,IL,ספרייט זירו למון,ליטרים,1.50,ליטר,false,1,9.50,6.33,true,1,
7290110320683,false,שמיניית משקה יוגורט 1.5% טעם תות יופלה 107 גרם,מיוצר עי קונדיטוריית,IL,משקה יוגורט 8 יח,גרמים,856.00,100 גרם,false,1,18.20,2.13,true,1,
7290110320867,false,פתיתים גבינה חצי קשה מגורדת 28% שומן,תנובה מרכז שיתופי לש,IL,פתיתי עמק,גרמים,500.00,100 גרם,false,1,36.80,7.36,true,1,
7290110321031,false,מעדן חלב GO יוגורט מועשר בחלבון טבעי 200 ג' יופלה,"תנובה, מחלבת אלון תב",IL,יופלה GO יוגורט,גרמים,200.00,100 גרם,false,1,6.60,3.30,true,1,
7290110321277,false,קוטג' בקטנה 5% תנובה 100 גרם מהדרין,פארייפאבה אגרואינדוס,IL,קוטג' בקטנה 5%,גרמים,100.00,100 גרם,false,1,2.70,2.70,true,1,
7290110321284,false,קוטג' בקטנה 9% תנובה 100 גרם מהדרין,פארייפאבה אגרואינדוס,IL,קוטג' בקטנה 9%,גרמים,100.00,100 גרם,false,1,2.70,2.70,true,1,
7290110321789,false,גבינת מסקרפונה 38% השף הלבן 250 גרם,תנובה חלב,IL,גבינת מסקרפונה,גרמים,250.00,100 גרם,false,1,21.60,8.64,true,1,
7290110322014,false,"תנובה טופו טבעי 300 גר' בד""צ",שוורצקוף& הנקל דיסלד,IL,טופו טבעי300 גרם,גרמים,300.00,100 גרם,false,1,13.50,4.50,true,1,
7290110322946,false,יופלה טיוב יוגורט במרקם חלק בטעם תות בננה כשרות רבנות 348 ג',תנובה חלב,IL,יופלה טיוב 6 יח,גרמים,348.00,100 גרם,false,1,14.60,4.20,true,1,
7290110323301,false,טל העמק בסגנון אמנטל 32% שומן 200 גרם,עמק - תנובה,IL,גבינת טל העמק,גרמים,200.00,100 גרם,false,1,20.90,10.45,true,1,
7290110324551,false,יופלה טיוב יוגורט במרקם חלק תות כשרות מהדרין,"תנובה בע""\מ",IL,יופלה טיוב תות,גרמים,348.00,100 גרם,false,1,14.60,4.20,true,1,
7290110324872,false,פרוסות גבינה צהובה גלבוע 5%,גלבוע - תנובה,IL,גלבוע 5%פרוסות,גרמים,200.00,100 גרם,false,1,19.80,9.90,true,1,
7290110324926,false,משקה סויה ללא תוספת סוכר 1 ליטר,תנובה מרכז שיתופי לש,IL,"משקה סויה ללת""ס",ליטרים,1.00,ליטר,false,1,12.50,12.50,true,1,
7290110325114,false,משקה יוגורט GO לייט מועשר בחלבון תות בננה,מיוצר עי קונדיטוריית,IL,משקה יוגורט GO,מיליליטרים,250.00,"100 מ""ל",false,1,8.00,3.20,true,1,
7290110325305,false,יופלה GO סויה 20 גרם חלבון במתיקות מעודנת תנובה 200 גרם,מיוצר עי קונדיטוריית,IL,מעדן גו סויה,גרמים,200.00,100 גרם,false,1,6.20,3.10,true,1,
7290110325312,false,יופלה GO סויה 20 גרם חלבון בטעם תות תנובה 200 גרם,"תנובה בע""\מ",IL,מעדן סויה ביו,גרמים,200.00,100 גרם,false,1,6.20,3.10,true,1,
7290110325619,false,אלטרנטיב משקה שיבולת שועל 1 ליטר,מיוצר עי קונדיטוריית,IL,משקה שיבולת שועל,ליטרים,1.00,ליטר,false,1,15.60,15.60,true,1,
7290110325701,false,פיראוס צזיקי יווני 9% שומן בשיטת יצור מסורתית על בסיס יוגורט,גוד פוד פרודקטס S.p,IL,צזיקי יווני,גרמים,250.00,100 גרם,false,1,14.90,5.96,true,1,
7290110326210,false,יופלה און טופ פצפוצים תנובה 157 גרם,מיוצר עי קונדיטוריית,IL,יופלה און טופ,גרמים,157.00,100 גרם,false,1,5.80,3.69,true,1,
7290110326227,false,יופלה און טופ קורנפלקס תנובה 157 גרם,מיוצר עי קונדיטוריית,IL,יופלה און טופ,גרמים,157.00,100 גרם,false,1,5.80,3.69,true,1,
7290110326333,false,פרוסות גבינה סקנדינבית תנובה 170 גרם,פ.פ.ח. שאביט,IL,גבינה סקנדינבית,גרמים,170.00,100 גרם,false,1,20.90,12.29,true,1,
7290110326906,false,חלב נטול לקטוז 3% שומן תנובה 1 ליטר,מיוצר עי קונדיטוריית,IL,חלב נטול לקטוז,ליטרים,1.00,ליטר,false,1,7.50,7.50,true,1,
7290110327514,false,alternative משקה שיבולת שועל בטעם אגוזי לוז תנובה 1 ליטר,תנובה מרכז שיתופי לש,IL,משקה ש.שועל,ליטרים,1.00,ליטר,false,1,15.60,15.60,true,1,
7290110327811,false,חטיף חלבון GO בטעם קוקוס 20 גרם חלבון,"בלמונט קונפקציות בע""\מ.",US,חטיף חלבון,גרמים,60.00,100 גרם,false,1,10.00,16.67,true,1,
7290110327828,false,חטיף חלבון GO בטעם חמאת בוטנים 20 גרם חלבון,"בלמונט קונפקציות בע""\מ.",US,חטיף חלבון,גרמים,60.00,100 גרם,false,1,10.00,16.67,true,1,
7290110328221,false,יוגורט נטול לקטוז תנובה 200 גרם,מיוצר עי קונדיטוריית,IL,יוגורט תנובה,גרמים,200.00,100 גרם,false,1,4.90,2.45,true,1,
7290110328627,false,יוגורט יופלה GO במרקם סמיך בטעם בננה קרמל 0%,מיוצר עי קונדיטוריית,IL,יוגורט גו קרמי,גרמים,200.00,100 גרם,false,1,5.00,2.50,true,1,
7290110328764,false,יוגורט יופלה GO במרקם סמיך עם תות 0%,מיוצר עי קונדיטוריית,IL,יוגורט גו קרמי,גרמים,200.00,100 גרם,false,1,5.00,2.50,true,1,
7290110328771,false,יוגורט יופלה GO במרקם סמיך עם פירות יער 0%,מיוצר עי קונדיטוריית,IL,יוגורט גו קרמי,גרמים,200.00,100 גרם,false,1,5.00,2.50,true,1,
7290110328887,false,"חלב תנובה בקבוק 3%, כשרות מהדרין, 1 ליטר",תנובה מרכז שיתופי לש,IL,חלב בקבוק 3%,ליטרים,1.00,ליטר,false,1,6.23,6.23,true,1,
7290110329266,false,יוגורט תנובה מחלב עיזים מלא תנובה 140 ג',קריות זול,IL,יוגורט עיזים מלא,גרמים,140.00,100 גרם,false,1,6.80,4.86,true,1,
7290110329808,false,יוגורט סויה BIO Alternative תות 150 ג' תנובה,מיוצר עי קונדיטוריית,IL,מעדן סויה ביו,גרמים,150.00,100 גרם,false,1,5.80,3.87,true,1,
7290110329822,false,יוגורט סויה BIO Alternative פירות יער 150 ג' תנובה,מיוצר עי קונדיטוריית,IL,מעדן סויה ביו,גרמים,150.00,100 גרם,false,1,5.80,3.87,true,1,
7290110329846,false,יוגורט סויה BIO Alternative בטעם טבעי 150 ג' תנובה,מיוצר עי קונדיטוריית,IL,מעדן ביו טבעי,גרמים,150.00,100 גרם,false,1,5.80,3.87,true,1,
7290110550394,false,PERFECT BITE שוקולד חלב במילוי קרם ושברי אגוזי לוז 234 גרם,"שטראוס גרופ בע""\מ",IL,מיני פרפקט בייט,גרמים,234.00,100 גרם,false,1,21.00,8.97,true,1,
7290110552121,false,יוגורט בתוספת סידן וויטמין ד 100 ג' דנונה,תנובה מרכז שיתופי לש,IL,היוגורט הראשון,גרמים,100.00,100 גרם,false,1,3.10,3.10,true,1,
7290110552220,false,יוגורט PRO בטעם תות 0% סוכר לבן 20 גרם חלבון בגביע,"שטראוס בריאות בע""\מ",IL,דנונה פרו חלבון,גרמים,200.00,100 גרם,false,1,6.50,3.25,true,1,
7290110552237,false,יוגורט פרו בטעם אפרסק מנגו ללא סוכר 200 ג' דנונה,"שטראוס בריאות בע""\מ",IL,דנונה פרו חלבון,גרמים,200.00,100 גרם,false,1,6.50,3.25,true,1,
7290110552251,false,יוגורט אקטיביה עם צ'יה ואוכמניות 150 גרם,"שטראוס בריאות בע""\מ",IL,אקטיביה,גרמים,150.00,100 גרם,false,1,5.00,3.33,true,1,
7290110553135,false,נסקפה קפוצ'ינו סטיק וניל 130 ג' עלית,מוקטה אס.פי.,PL,קפוצ'ינו סטיק,גרמים,130.00,100 גרם,false,1,19.90,15.31,true,1,
7290110553425,false,קפה נמס 200 גרם +20% תוספת עלית,שטראוס קפה בי.וי,IL,קפה נמס,גרמים,240.00,100 גרם,false,1,21.90,9.13,true,1,
7290110554095,false,דבש לחיץ 440 גרם,מכוורת יד מרדכי שטראוס ב,IL,דבש לחיץ,גרמים,440.00,100 גרם,false,1,27.00,6.14,true,1,
7290110554262,false,חלבית מלבין קפה חלבי 350 ג' עלית,מוקטה אס.פי.,PL,חלבית מלבין קפה,גרמים,350.00,100 גרם,false,1,22.90,6.54,true,1,
7290110554583,false,מארז חטיפי צ'יטוס פאפס בטעם גבינה - 10 יחידות,"שטראוס פריטו ליי בע""\מ )",IL,צ'יטוס פאפס 10יח,גרמים,200.00,100 גרם,false,1,14.80,7.40,true,1,
7290110554699,false,"קפה עולה קפסולות אספרסו קלייה איטית וכהה מאוד, 10 * 50 ג'",שטראוס קפה בי.וי.,IL,קפסולות בית קליה,גרמים,50.00,100 גרם,false,1,20.90,41.80,true,1,
7290110554729,false,קפסולות עלית אספרסו 04 תואמות למכונות NESPRESSO,שטראוס קפה בי.וי.,IL,קפסולות מס' 4,גרמים,50.00,100 גרם,false,1,18.90,37.80,true,1,
7290110555146,false,מעדן הגולן בטעם מוקה125ג,"שטראוס בריאות בע""\מ",IL,מעדן הגולן,גרמים,125.00,100 גרם,false,1,3.60,2.88,true,1,
7290110555306,false,רבע לשבע טבעוני סינמון באן עלית 125 גרם,"הגביע מוצרי וופלים בע""\מ",IL,רב לשבע טבעוני,גרמים,125.00,100 גרם,false,1,9.80,7.84,true,1,
7290110555603,false,ספלנדיד אבקה להכנת משקה בטעם שוקולטה,"ג'אלוסיס י. בע""\מ",GR,שוקולוטה ספלנדיד,גרמים,360.00,100 גרם,false,1,26.20,7.28,true,1,
7290110555795,false,נסקפה קפוצ'ינו פחית קלאסי 200 ג' עלית,מוקטה אס.פי.,PL,קפוצ'ינו קלאסי,גרמים,200.00,100 גרם,false,1,27.70,13.85,true,1,
7290110556242,false,עלית - שוקולד מריר פרווה בדץ 100 גרם,"שטראוס גרופ בע""מ.",FR,שוקולד פרה מריר,גרמים,100.00,100 גרם,false,1,6.40,6.40,true,1,
7290110557027,false,חומוס עשיר 50% טחינה גולמית 400 ג' אחלה,מיוצר עי קונדיטוריית,IL,חומוס עשיר 50% ט,גרמים,400.00,100 גרם,false,1,14.90,3.73,true,1,
7290110557102,false,מעדן חלב עם שוקולד מועשר בחלבון 150 ג' שטראוס,מיוצר עי קונדיטוריית,IL,מעדן שוקולד פרו,גרמים,150.00,100 גרם,false,1,5.80,3.87,true,1,
7290110557133,false,מעדן הגולן וניל 125 ג' שטראוס,מיוצר עי קונדיטוריית,IL,מעדן הגולן וניל,גרמים,125.00,100 גרם,false,1,3.60,2.88,true,1,
7290110557317,false,יוגורט בתוספת סידן וויטמין ד עם שיבולת שועל 100 ג' דנונה,תנובה מרכז שיתופי לש,IL,היוגורט הראשון,גרמים,100.00,100 גרם,false,1,3.10,3.10,true,1,
7290110557416,false,מילקי טופ לבבות 144 גרם,מיוצר עי קונדיטוריית,IL,מילקי טופ לבבות,גרמים,141.00,100 גרם,false,1,5.20,3.69,true,1,
7290110557478,false,חומוס גלילי במרקם ותיבול מעודן,"שטראוס גרופ בע""\מ",IL,חומוס גלילי,גרמים,600.00,100 גרם,false,1,14.90,2.48,true,1,
7290110558130,false,יוגורט אקטיביה עם שיבולת שועל ודבש 150 גרם,"שטראוס בריאות בע""\מ",IL,אקטיביה,גרמים,150.00,100 גרם,false,1,5.00,3.33,true,1,
7290110558154,false,דנונה לייט אנד פרי עוגת תפוחים 150ג דנונה,"שטראוס בריאות בע""\מ",IL,דנונה לייט,גרמים,150.00,100 גרם,false,1,4.90,3.27,true,1,
7290110558215,false,"דנונה קראנצ`פיסטוק עם פיצפוץ לבן קראנצי פיסטוק, 173 גרם","שטראוס בריאות בע""\מ",IL,דנונה קראנצ',גרמים,173.00,100 גרם,false,1,5.10,2.95,true,1,
7290110558222,false,"וואו יוגורט עם שכבה בטעם בנופי פאי 5.4%, 150ג דנונה","שטראוס בריאות בע""\מ",IL,דנונה WOW בנופי,גרמים,150.00,100 גרם,false,1,5.20,3.47,true,1,
7290110558239,false,"וואו יוגורט עם שכבה בטעם קראק פאי 5.4%, 150 ג דנונה","שטראוס בריאות בע""\מ",IL,דנונה WOW,גרמים,150.00,100 גרם,false,1,5.20,3.47,true,1,
7290110558253,false,דנונה שייק נונה ריפרש בננה אננס וצ'יה,"שטראוס בריאות בע""\מ",IL,יוגורט ריפרש,גרמים,250.00,100 גרם,false,1,6.50,2.60,true,1,
7290110558284,false,דנונה ביו מולטי שטראוס 200 גרם,"שטראוס בריאות בע""\מ",IL,דנונה ביו מולטי,גרמים,200.00,100 גרם,false,1,4.80,2.40,true,1,
7290110558307,false,יוגורט דנונה PRO עם שיבולת שועל במתיקות מעודנת,"שטראוס בריאות בע""\מ",IL,דנונה פרו פלוס,גרמים,200.00,100 גרם,false,1,7.10,3.55,true,1,
7290110558314,false,דנונה פרו 20 גרם חלבון ללא סוכר פיסטוק 200 גרם,"שטראוס בריאות בע""\מ",IL,דנונה פרו,גרמים,200.00,100 גרם,false,1,6.50,3.25,true,1,
7290110558338,false,יוגורט PRO בטעם מתיקות מעודנת 1.5% שומן,"שטראוס בריאות בע""\מ",IL,דנונה פרו,גרמים,200.00,100 גרם,false,1,6.50,3.25,true,1,
7290110558918,false,עלי חסה קראנצ' שטופים,שטראוס בריאות ירקות טריי,IL,עלי חסה קראנצ',גרמים,150.00,100 גרם,false,1,12.50,8.33,true,1,
7290110559748,false,ריל מאגדת שקדים קוקוס ושוקולד מריר שטראוס 105 גרם,"ואמואליס פודס אס.איי,",GR,חטיפי ריל אנרגי,גרמים,105.00,100 גרם,false,1,16.90,16.10,true,1,
7290110559755,false,ריל מאגדת בוטנים פיסטוק וחמוציות שטראוס 105 גרם,"ואמואליס פודס אס.איי,",GR,חטיפי ריל אנרגי,גרמים,105.00,100 גרם,false,1,16.90,16.10,true,1,
7290110560300,false,"הפריכיות הטעימות חומוס, עדשים שחורות, קינואה ופלפל שחור",אנרג'י Energy - שטראוס,IL,פריכיות אנרג'י,גרמים,30.00,100 גרם,false,1,5.80,19.33,true,1,
7290110560317,false,"הפריכיות הטעימות חומוס, עדשים שחורות, קינואה ומלח ים","פרח תעשיו מזון בע""מ",IL,פריכיות אנרג'י,גרמים,30.00,100 גרם,false,1,5.80,19.33,true,1,
7290110560324,false,"הפריכיות הטעימות תפו""א, אורז, אפונה ומלח ים","פרח תעשיו מזון בע""מ",IL,פריכיות אנרג'י,גרמים,30.00,100 גרם,false,1,5.80,19.33,true,1,
7290110560836,false,"מילקי טעם פסק זמן שטראוס 133 מ""ל",מיוצר עי קונדיטוריית,IL,מילקי פסק זמן,גרמים,133.00,100 גרם,false,1,3.10,2.33,true,1,
7290110561352,false,דנונה יוגורט ביו פרוביוטי 3% דל לקטוז 150ג',"שטראוס בריאות בע""\מ",IL,דנונה דל לקטוז,גרמים,200.00,100 גרם,false,1,3.90,1.95,true,1,
7290110561604,false,מארז 8 יחידות מעדן גמדים בטעם תות בננה,"שטראוס בריאות בע""\מ",IL,גמדים תות בננה8י,גרמים,800.00,100 גרם,false,1,20.50,2.56,true,1,
7290110563431,false,"משקה קפה קר בסגנון קלאסי 230 מ""ל 1.6% יוטבתה",האי נאם סי או אל.טי.,AT,משקה אייס קפה,מיליליטרים,230.00,"100 מ""ל",false,1,8.30,3.61,true,1,
7290110563448,false,"משקה קפה קר בסגנון מעודן 230 מ""ל 1.6% יוטבתה",האי נאם סי או אל.טי.,AT,משקה אייס קפה,מיליליטרים,230.00,"100 מ""ל",false,1,8.30,3.61,true,1,
7290110563462,false,חלב 2% דל לקטוז בבקבוק יטבתה 1 ליטר.,מחלבת יטבתה,IL,חלב נטול לקטוז,ליטרים,1.00,ליטר,false,1,8.90,8.90,true,1,
7290110564339,false,חומוס אחלה הסידרה המובחר 30% טחינה 400 גר',מיוצר עי קונדיטוריית,IL,חומוס בטחינה,גרמים,400.00,100 גרם,false,1,14.90,3.73,true,1,
7290110564360,false,חומוס אחלה הסידרה המובחר 40% טחינה 400 גר',מיוצר עי קונדיטוריית,IL,חומוס בטחינה,גרמים,400.00,100 גרם,false,1,14.90,3.73,true,1,
7290110564414,false,חומוס אחלה הסידרה המובחר 30% טחינה 600 גר',מיוצר עי קונדיטוריית,IL,חומוס 30% טחינה,גרמים,600.00,100 גרם,false,1,15.90,2.65,true,1,
7290110565527,false,יוגורט PRO פרו 1.5% 20 גרם חלבון בגביע,"שטראוס בריאות בע""מ",IL,דנונה פרו חלבון,גרמים,200.00,100 גרם,false,1,6.50,3.25,true,1,
7290110566975,false,דנונה פרו יוגורט 0% תות עשיר בחלבון 200ג',"שטראוס בריאות בע""\מ",IL,דנונה פרו חלבון,גרמים,200.00,100 גרם,false,1,6.50,3.25,true,1,
7290110568276,false,משקה וניל פרו Pro מועשר בחלבון 1.5%,מחלבת יטבתה,DE,משקה פרו וניל,גרמים,350.00,100 גרם,false,1,7.30,2.09,true,1,
7290110568559,false,דוריטוס עלית מארז חמוץ חריף 10 יח' *25 ג',"שטראוס פריטו ליי בע""מ )פ",IL,דוריטוס 10 יח,גרמים,250.00,100 גרם,false,1,14.90,5.96,true,1,
7290110570125,false,"משקה קפה קר בטעם אייריש קרים230 מ""ל יוטבתה",אנסטל מילק kg,AT,משקה קפה קר,מיליליטרים,230.00,"100 מ""ל",false,1,8.30,3.61,true,1,
7290110570224,false,"משקה קפה קר בטעם עוגיות יטבתה 230 מ""ל",אנסטל מילק kg,AT,משקה קפה קר,מיליליטרים,230.00,"100 מ""ל",false,1,8.30,3.61,true,1,
7290110571382,false,מעדן חלב בטעם וניל מעושר בחלבון 150 ג' שטראוס,"שטראוס בריאות בע""\מ",IL,מעדן פרו,גרמים,150.00,100 גרם,false,1,5.80,3.87,true,1,
7290110572129,false,כיף כף מקלות שוקולד לבן 40 ג' עלית,סולן בעבור שטראוס,TR,כיף כף מקלות,גרמים,40.00,100 גרם,false,1,5.50,13.75,true,1,
7290110572884,false,"קפסולות קפה מספר 20 למכונת אספרס אספרסו, 50 גרם",שטראוס קפה בי.וי.,IL,קפסולות קפה,גרמים,50.00,100 גרם,false,1,18.90,37.80,true,1,
7290110572969,false,כיף כף פצפצים עקרם לבן 40ג' עלית,שולן צ'\יקולטה גידה סאן.,TR,כיף כף פצפצים,גרמים,40.00,100 גרם,false,1,5.80,14.50,true,1,
7290110576363,false,"שוקולד ספלנדיד מריר 80% חלבי ,פולי קקאו מאוגנדה",קימ'\ס גריפלנן,BE,שוקולד ספלנדיד,גרמים,100.00,100 גרם,false,1,9.90,9.90,true,1,
7290110576387,false,מאגדת שלישיית שוקולד אגוז חלב 300 ג' עלית,סמואה,FR,שוקולד אגוז 3 יח,גרמים,300.00,100 גרם,false,1,30.10,10.03,true,1,
7290110576745,false,עלית - קפה טורקי BOOST בתוספת גוארנה 70 גרם,שטראוס קפה בי.וי.,IL,קפה טורקי,גרמים,70.00,100 גרם,false,1,12.90,18.43,true,1,
7290110576752,false,טבלאות שוקולד ספלנדיד מריר 70% 100 ג' עלית,קימ'ס גריפלנן,BE,שוקולד ספלנדיד,גרמים,100.00,100 גרם,false,1,12.50,12.50,true,1,
7290110576776,false,טבלאות שוקולד ספלנדיד מריר 85% 100 ג' עלית,קימ'ס גריפלנן,BE,שוקולד ספלנדיד,גרמים,100.00,100 גרם,false,1,12.50,12.50,true,1,
7290110576868,false,רבעיית גמדים סלט פירוט * 100 ג' שטראוס,"שטראוס בריאות בע""\מ",IL,גמדים 4 יח,גרמים,400.00,100 גרם,false,1,12.50,3.13,true,1,
7290110577629,false,עלית - רבע לשבע טבעוני טורטית 125 גרם,"הגביע מוצרי וופלים בע""\מ",IL,רבע לשבע,גרמים,125.00,100 גרם,false,1,9.80,7.84,true,1,
7290110577636,false,עלית - רבע לשבע טבעוני חמאת בוטנים 125 גרם,"הגביע מוצרי וופלים בע""\מ",IL,רבע לשבע,גרמים,125.00,100 גרם,false,1,9.80,7.84,true,1,
7290110577711,false,"משקה שייק חלבון מי גבינה עם אפרסק ומנגו350מ""ל יטבתה",מחלבת יטבתה,IL,שייק חלבון,מיליליטרים,350.00,"100 מ""ל",false,1,8.30,2.37,true,1,
7290111341366,false,ניקול מפיות אירוח חד שכבתי 150 יחידות,"משווק ע""י קימברלי קלארק",SK,מפיות אירוח,יחידה,1.00,יחידה,false,1,8.90,8.90,true,1,
7290111341984,false,לילי - מגבוני נייר טואלט לח פיור רביעייה,קימברלי,IL,נייר טואלט לח4יח,יחידה,1.00,יחידה,false,1,23.90,23.90,true,1,
7290111341991,false,מגבוני טואלט לח סופרים לילי 48 יח',חוגלה קימברלי,IL,נייר טואלט לח,יחידה,1.00,יחידה,false,1,9.90,9.90,true,1,
7290111342004,false,נייר טואלט לילי לח קידס 56 דפים,חוגלה קימברלי,IL,נ.טואלט לח קידס,יחידה,1.00,יחידה,false,1,9.90,9.90,true,1,
7290111342042,false,ניקול כריות יפניות אנטיבקטריאלי 4 יחידות,פלסטו פוליש,IL,כריות יפניות,יחידה,1.00,יחידה,false,1,10.00,10.00,true,1,
7290111342059,false,50 מטליות מיקרופייבר לשטחים אנטיבקטריאלי ניקול,ניקול,IL,מטליות לחות50יח,יחידה,1.00,יחידה,false,1,15.90,15.90,true,1,
7290111342738,false,לילי - מגבוני נייר טואלט לח קידס רביעייה,לילי נייר טואלט חוגלה,IL,נייר טואלט לח4יח,יחידה,1.00,יחידה,false,1,23.90,23.90,true,1,
7290111343117,false,"קלינקס לושן סופט פק זוגות 140 דף ""חדש""",קימברלי קלארק,IL,קלינקס ממחטות,יחידה,1.00,יחידה,false,1,16.90,16.90,true,1,
7290111343483,false,קוטקס יאנג נייט תחבושות עם כנפיים 20 יח,חוגלה,CZ,תחבושות קוטקס,יחידה,1.00,יחידה,false,1,21.90,21.90,true,1,
7290111343742,false,דיפנד תחתונים סופגים L נשים 9 יח,חוגלה,IL,דיפנד תחתון סופג,יחידה,1.00,יחידה,false,1,58.90,58.90,true,1,
7290111343759,false,דיפנד תחתונים סופגים XL נשים 9 יח,חוגלה,IL,דיפנד תחתון סופג,יחידה,1.00,יחידה,false,1,58.90,58.90,true,1,
7290111344145,false,ניקול זוג מטליות מיקרופייבר אנטיבקטריאליות לרצפה,ניקול,CN,מטלית רצפה,יחידה,1.00,יחידה,false,1,31.90,31.90,true,1,
7290111344183,false,דיפנד תחתונים סופגים M נשים 10 יח,חוגלה,IL,דיפנד תחתון סופג,יחידה,1.00,יחידה,false,1,58.90,58.90,true,1,
7290111344206,false,-מגבונים לחים לעור רגיש ללא בישום האגיס 4*64 יחידות,חוגלה קימברלי,IL,מגבונים האגיס 4*,יחידה,1.00,יחידה,false,1,24.90,24.90,true,1,
7290111344503,false,חיתולי האגיס אקסטרה קייר מידה +4 36 יח',חוגלה קימברלי,IL,האגיס אקסטרה קר,יחידה,1.00,יחידה,false,1,59.90,59.90,true,1,
7290111344565,false,ניקול שקיות זיפר מארז משולב מידות,taizhou inter packin,CN,שקיות זיפר ניקול,יחידה,1.00,יחידה,false,1,10.00,10.00,true,1,
7290111344732,false,קלינקס - טיישו אלרג'י קומפורט ניילון זוגות 140 דף,קימברלי קלארק,IL,קלינקס זוג,יחידה,1.00,יחידה,false,1,18.20,18.20,true,1,
7290111344824,false,מגן תחתון קוטקס אקסטרא אנטיבקטריאלי לארג',חוגלה,CN,מגן תחתון קוטקס,יחידה,1.00,יחידה,false,1,23.20,23.20,true,1,
7290111345753,false,תחבושות נטורל דואו נורמל 24 יח' קוטקס,קריות זול,CZ,תחבושות כותנה נו,יחידה,1.00,יחידה,false,1,21.90,21.90,true,1,
7290111345777,false,תחבושת קוטקס כותנה לילה 16 יח' קוטקס,קריות זול,CZ,תחבושות קוטקס,יחידה,1.00,יחידה,false,1,21.90,21.90,true,1,
7290111350719,false,חטיף נאצוס הוטפופ בסגנון מסעדות 322 גר,ליימן מותגים,US,חטיף נאצ'וס,גרמים,322.00,100 גרם,false,1,17.90,5.56,true,1,
7290111350726,false,חטיף נאצוס הוטפופ בסגנון מקסיקני 322 גר,ליימן מותגים,US,חטיף נאצ'וס,גרמים,322.00,100 גרם,false,1,17.90,5.56,true,1,
7290111352966,false,יוגטה סוכריות ממולאות בטעם פירות 250 גרם ללא ג'לטין,ליימן שליסל,TR,סוכריות ממולאות,גרמים,250.00,100 גרם,false,1,7.90,3.16,true,1,
7290111352973,false,יוגוטה קוביות חמוצות ממולאות בטעם פירות,יוגטה yogueta,TR,סוכריות קוביות,גרמים,220.00,100 גרם,false,1,7.90,3.59,true,1,
7290111353079,false,יוגטה סוכריות גומי דובונים 180 ג' קופסא,אפגאם תעשיות ממתקים,TR,סוכריות גומי,גרמים,180.00,100 גרם,false,1,10.90,6.06,true,1,
7290111564277,false,פריכיות דקות ונימוחות 3 דגנים פיטנס Fitness,פרח תעשיות בעמ,IL,פריכיות פיטנס,גרמים,120.00,100 גרם,false,1,12.50,10.42,true,1,
7290111564291,false,פריכיות דקות ונימוחות 3 דגנים וקינואה פיטנס Fitness,פרח תעשיות בעמ,IL,פריכיות פיטנס,גרמים,120.00,100 גרם,false,1,12.50,10.42,true,1,
7290111564956,false,"ביסלי במבה מיקס 200 גרם ""אסם""",פרו מן יו פתרונות אריזה,IL,ביסלי במבה מיקס,גרמים,200.00,100 גרם,false,1,9.10,4.55,true,1,
7290111565038,false,"לה קרמריה וניל קוקילידה בד""צ 1.4 ל'",גלידות נסטלה )נגה גלידות,IL,להקרמריה קוקיליד,ליטרים,1.40,ליטר,false,1,21.90,15.65,true,1,
7290111566103,false,טבעול פלאפל מרכיבים ביתיים בלבד 590 גרם,עיצובים 2020 (4.8),IL,פלאפל ביתי,גרמים,590.00,100 גרם,false,1,36.70,6.22,true,1,
7290111566127,false,מעדן אוראו קפוא בטעם וניל עם עוגיות בטעם שוקולד,ג'נרל מילס סאן אדריא,IT,מאגדת אוראו,גרמים,198.00,100 גרם,false,1,24.90,12.58,true,1,
7290111566240,false,שניצל דק מן הצומח בטעם צ'ילי חריף 700 גרם,עיצובים 2020 (4.8),IL,שניצל דק בטעם צי,גרמים,564.00,100 גרם,false,1,37.00,6.56,true,1,
7290111566271,false,חטיפי תירס טבעול 657 גרם,עיצובים 2020 (4.8),IL,חטיפי תירס טבעול,גרמים,657.00,100 גרם,false,1,33.80,5.14,true,1,
7290111566318,false,שניצל דק מן הצומח בטעם ביתי 700 גרם,עיצובים 2020 (4.8),IL,שניצל דק מן הצומ,גרמים,564.00,100 גרם,false,1,37.00,6.56,true,1,
7290111566332,false,"נקניקיות וינר מן הצומח 680 גרם ""טבעול""",עיצובים 2020 (4.8),IL,נקנ' וינר צמחוני,גרמים,680.00,100 גרם,false,1,37.00,5.44,true,1,
7290111566547,false,טבעול חזה בגריל צמחוני 99 קלוריות 560ג',עיצובים 2020 (4.8),IL,חזה בגריל צמחוני,גרמים,560.00,100 גרם,false,1,36.70,6.55,true,1,
7290111566585,false,"שניצל צמחוני 99 קלוריות 650 גר' ""טבעול""",עיצובים 2020 (4.8),IL,שניצל צמחוני,גרמים,650.00,100 גרם,false,1,36.70,5.65,true,1,
7290111566691,false,"שניצל תרד 99 קלוריות 560 גרם ""טבעול""",עיצובים 2020 (4.8),IL,שניצל תרד 99 קלו,גרמים,560.00,100 גרם,false,1,36.70,6.55,true,1,
7290111566714,false,טבעול המבורגר צמחוני 99 קלוריות 600 גרם,עיצובים 2020 (4.8),IL,המבורגר צמחוני,גרמים,600.00,100 גרם,false,1,36.70,6.12,true,1,
7290111566752,false,טבעול שניצל תירס 99 קלוריות 693 גרם,עיצובים 2020 (4.8),IL,שניצל תירס 99,גרמים,693.00,100 גרם,false,1,36.70,5.30,true,1,
7290111568275,false,אטריות נודלס אורז רחבות אסם אסייתי 300גרם,תאי פרזידנט,TH,נודלס אטריות,גרמים,300.00,100 גרם,false,1,12.70,4.23,true,1,
7290111568466,false,רוטב אסייתי למוקפץ הסדרה האסייתית,אסיף תעשיות מזון בעמ,IL,רוטב אסיאתי,מיליליטרים,290.00,"100 מ""ל",false,1,11.90,4.10,true,1,
7290111930911,false,חטיף פוף לבבות קלאסי 40 גרם,פוף POOF,IL,פוף לבבות רגיל,גרמים,40.00,100 גרם,false,1,4.40,11.00,true,1,
7290111930935,false,חטיף פוף טבעות קלאסי 40 גרם,פוף POOF,IL,פוף טבעות,גרמים,40.00,100 גרם,false,1,4.40,11.00,true,1,
7290111933554,false,שלישייה עגבניות קוביות מאסטר שף 400 גרם,קונסוריזיו קאסאלסקו,IT,עגבניות קוביות,קילוגרמים,1.20,"ק""ג",false,1,17.90,14.92,true,1,
7290111939136,false,קוקי נייר אפייה עגול קוטר 26,קוקי,IL,נייר אפייה,יחידה,1.00,יחידה,false,1,7.90,7.90,true,1,
7290112000286,false,"גל לניקוי אסלות סיליט באנג לימון 750 מ""ל",סיליט באנג Cillit Bang,PL,סיליט ג'ל אסלה,מיליליטרים,750.00,"100 מ""ל",false,1,9.90,1.32,true,1,
7290112000736,false,פיניש טבליות aio 80 יח אריזת חסכון,רקיט בנקיזר,PL,פיניש 80 טבליות,יחידה,1.00,יחידה,false,1,61.90,61.90,true,1,
7290112000798,false,"דיטול תרסיסי חיטוי וניקוי אנטי בקטריאלי 750 מ""ל",רקיט בנקיזר,GB,דטול מחטא משטחים,מיליליטרים,750.00,"100 מ""ל",false,1,12.90,1.72,true,1,
7290112001023,false,"אירוויק ספרי אוטמטי מילוי תענוגות האביב 250 מ""ל","יצרן המכשיר: זובלה, שנזן",HU,אירוויק מילוי,מיליליטרים,250.00,"100 מ""ל",false,1,16.90,6.76,true,1,
7290112002044,false,טבליות פיניש מנקה מדיח 3 יח,רקיט בנקיזר,HU,פיניש מנקה מדיח,יחידה,1.00,יחידה,false,1,15.90,15.90,true,1,
7290112002099,false,קולון גל כביסה מרוכז 2.5 ליטר קלאסי,רקיט בנקיזר,IL,ג'ל כביסה קולון,ליטרים,2.50,ליטר,false,1,28.90,11.56,true,1,
7290112002136,false,ג'ל כביסה מרוכז קולון 101 קלאסי,רקיט בנקיזר,IL,ג'ל כביסה קולון,ליטרים,4.00,ליטר,false,1,39.90,9.98,true,1,
7290112003263,false,"אבקת כביסה קולון לבנדר 1.25 ק""ג",זוהר דליה,IL,אבקת קולון מאסק,קילוגרמים,1.25,"ק""ג",false,1,13.90,11.12,true,1,
7290112003843,false,"קלגון גל אנטי בקטריאלי 750 מ""ל",רקיט בנקיזר,IT,קלגון ג'ל,מיליליטרים,750.00,"100 מ""ל",false,1,25.90,3.45,true,1,
7290112004413,false,"ספריי וניש קליה להסרת כתמים לבגדים לבנים 750 מ""ל",רקיט בנקיזר,PL,מסיר כתמים ספריי,מיליליטרים,750.00,"100 מ""ל",false,1,16.90,2.25,true,1,
7290112005045,false,וניש תוסף כביסה רב תכליתי לבגדים לבנים,קליה וניש Kalia Vanish,IT,וניש אבקה לכביסה,גרמים,480.00,100 גרם,false,1,18.90,3.94,true,1,
7290112005076,false,וניש תוסף כביסה רב תכליתי לכביסה צבעונית,קליה וניש Kalia Vanish,IT,וניש אבקה לכביסה,גרמים,480.00,100 גרם,false,1,18.90,3.94,true,1,
7290112193278,false,"סטייל - שמפו מתולתלות לניקוי יסודי 600 מ""ל",א.ל.ארמן ייצור תמרוקים ב,IL,שמפו מתולתלות,מיליליטרים,600.00,"100 מ""ל",false,1,24.90,4.15,true,1,
7290112193285,false,"סטייל - מרכך מתולתלות מגביר לחות 600 מ""ל",א.ל.ארמן ייצור תמרוקים ב,IL,מרכך מתולתלות,מיליליטרים,600.00,"100 מ""ל",false,1,24.90,4.15,true,1,
7290112195227,false,אטריות ביצים דקיקות 500 גר,פ.פ.איץ טאביט ספ. ז.או.א,PL,איטריות ביצים,גרמים,500.00,100 גרם,false,1,14.90,2.98,true,1,
7290112197443,false,טרו שוקולד חלב מופחת,אימפריאל,PT,שוקולד חלב,גרמים,100.00,100 גרם,false,1,13.90,13.90,true,1,
7290112197474,false,שוקולד מריר+אגוזים טרו 100 גר,אימפריאל,PT,טרו שוקולד מריר,גרמים,100.00,100 גרם,false,1,13.90,13.90,true,1,
7290112330352,false,"יוגורט PRO בטעם וניל 0% , 20 גרם חלבון בגביע","שטראוס בריאות בע""\מ",IL,דנונה פרו20 וניל,גרמים,200.00,100 גרם,false,1,6.50,3.25,true,1,
7290112330390,false,דנונה פרו פירות יער 20 גרם חלבון 0% שומן 200 גרם,"שטראוס בריאות בע""\מ",IL,דנונה פרו 0%,גרמים,200.00,100 גרם,false,1,6.50,3.25,true,1,
7290112330420,false,יוגורט במרקם עשיר 2.9% 12 גרם חלבון בגביע,מיוצר עי קונדיטוריית,IL,דנונה עם חלבון,גרמים,150.00,100 גרם,false,1,5.20,3.47,true,1,
7290112332585,false,פריכיות משולש תפוא אורז בתיבול סלק ומלח ים אנרג'י 30 גרם,"פרח תעשיו מזון בע""מ",IL,"פריכיות תפו""א",גרמים,30.00,100 גרם,false,1,5.80,19.33,true,1,
7290112332691,false,פינוקיות עוגיות קרם פסק זמן אגוזים 200 גרם,"הגביע מוצרי וופלים בע""\מ",IL,פינוקיות פסק זמן,גרמים,200.00,100 גרם,false,1,10.00,5.00,true,1,
7290112334305,false,סלט כרובית בטחינה אחלה 330 ג',"שטראוס גרופ בע""\מ",IL,סלט כרובית טחינה,גרמים,330.00,100 גרם,false,1,17.90,5.42,true,1,
7290112335111,false,מסטיק מאסט קוביות בזוקה ללא גלוטן 86 גר,אסקום קונפקשיין,DE,מאסט קוביות,גרמים,86.00,100 גרם,false,1,14.70,17.09,true,1,
7290112335487,false,הפריכיות הטעימות קצח ודגנים אנרג'י 135 גרם,"פרח תעשיות מזון בע""\מ",IL,הפריכיות הטעימות,גרמים,135.00,100 גרם,false,1,10.00,7.41,true,1,
7290112335500,false,"פרכיות אנרג'י חומוס,אורז,עדשים שחורות וקינואה 135 גרם","פרח תעשיות מזון בע""\מ",IL,פריכיות טעימות,גרמים,135.00,100 גרם,false,1,10.00,7.41,true,1,
7290112336644,false,סוכריות מאסט ללא סוכר לימון 80 ג' עלית,שטראוס גרופ,PL,סוכריות מאסט,גרמים,80.00,100 גרם,false,1,8.90,11.13,true,1,
7290112336651,false,סוכריות מאסט ללא סוכר ריבת חלב 80 ג' עלית,שטראוס גרופ,PL,סוכריות מאסט,גרמים,80.00,100 גרם,false,1,8.90,11.13,true,1,
7290112336712,false,יוגורט PRO לבן 0% 21 גרם חלבון בגביע,"שטראוס בריאות בע""מ",IL,דנונה פרו 21,גרמים,200.00,100 גרם,false,1,6.50,3.25,true,1,
7290112337474,false,סוכריות מאסט ללא סוכר פטל לימון 80 ג' עלית,שטראוס גרופ,PL,סוכריות מאסט,גרמים,80.00,100 גרם,false,1,8.90,11.13,true,1,
7290112337481,false,סוכריות מאסט ללא סוכר קפצ''ינו 80 ג' עלית,שטראוס גרופ,PL,סוכריות מאסט,גרמים,80.00,100 גרם,false,1,8.90,11.13,true,1,
7290112338877,false,מעדן גבינה בטעם תות 3% 125ג' סקי,"שטראוס בריאות בע""\מ",IL,סקי תות,גרמים,125.00,100 גרם,false,1,3.90,3.12,true,1,
7290112339171,false,מילקי מוס עם שוקולד וקצפת,מיוצר עי קונדיטוריית,IL,מילקי מוס שוקולד,גרמים,81.00,100 גרם,false,1,3.90,4.81,true,1,
7290112339867,false,גמדים לדרך גבינה לבנה עם מחית תות,"שטראוס בריאות בע""\מ",IL,גמדים לדרך,גרמים,100.00,100 גרם,false,1,5.90,5.90,true,1,
7290112339874,false,גמדים לדרך גבינה לבנה עם מחיות תות ובננה,"שטראוס בריאות בע""\מ",IL,גמדים לדרך,גרמים,100.00,100 גרם,false,1,5.90,5.90,true,1,
7290112340122,false,הפריכיות הטעימות 3 דגנים אנרג'י 135 גרם,"פרח תעשיות מזון בע""\מ",IL,פריכיות טעימות,גרמים,135.00,100 גרם,false,1,10.00,7.41,true,1,
7290112340245,false,צנצנת מסטיק מאסט בטעם דובדבן 66 ג' עלית,"שטראוס גרופ בע""\מ",IL,מסטיק דובדבן,גרמים,66.00,100 גרם,false,1,12.20,18.48,true,1,
7290112340252,false,צנצנת מסטיק מאסט בטעם אבטיח מלון 66 ג' עלית,"שטראוס גרופ בע""\מ",IL,מסטיק אבטיח מלון,גרמים,66.00,100 גרם,false,1,12.20,18.48,true,1,
7290112340900,false,קפה טורקי האג נטול קפאין 200 גרם,הנסיך- מפעל לייצור ט,IL,קפה טורקי האג,יחידה,1.00,יחידה,false,0,27.50,27.50,true,1,
7290112341006,false,מארז מילקי קצפת כפיות שוקולד 176 גרם,"שטראוס גרופ בע""\מ",IL,מילקי קצפת כפיות,גרמים,172.00,100 גרם,false,1,9.30,5.41,true,1,
7290112341556,false,יוגורט אקטיביה עם צ'יה ותות 150 גרם,"שטראוס בריאות בע""\מ",IL,אקטיביה פרי,גרמים,150.00,100 גרם,false,1,5.00,3.33,true,1,
7290112341679,false,דנונה אקטיביה 3% שומן 200 גרם,מיוצר עי קונדיטוריית,IL,אקטיביה 3%,גרמים,200.00,100 גרם,false,1,4.40,2.20,true,1,
7290112341686,false,שמינייה יוגורט לבן אקטיביה 3% דנונה 150 גרם.,מיוצר עי קונדיטוריית,IL,אקטיביה מארז 8יח,קילוגרמים,1.20,"ק""ג",false,1,22.60,18.83,true,1,
7290112342270,false,קפה פלטינום אינטנס מחוזק ב- 10% אספרסו,שטראוס קפה בי.וי,IL,קפה פלטינום,גרמים,125.00,100 גרם,false,1,20.00,16.00,true,1,
7290112343260,false,יטבתה רוטב שמנת עם פטריות 9% 250 גר,שטראוס גרופ,IL,רוטב שמנת קלאסי,גרמים,260.00,100 גרם,false,1,11.90,4.58,true,1,
7290112343413,false,"משקה שוקו ספלנדיד יטבתה 350 מ""ל",שטראוס גרופ,IL,שוקו ספלנדיד350מ,מיליליטרים,350.00,"100 מ""ל",false,1,6.50,1.86,true,1,
7290112343420,false,"משקה חלב עם דגנים מלאים ובננה פרו יטבתה 350מ""ל",מחלבת יטבתה,IL,יטבתה פרו משקה,מיליליטרים,350.00,"100 מ""ל",false,1,8.30,2.37,true,1,
7290112343499,false,חטיף צ'יטוס פאפס אפוי בטעם גבינה,"שטראוס פריטו ליי בע""\מ )",IL,חטיף צ'יטוס puff,גרמים,55.00,100 גרם,false,1,3.60,6.55,true,1,
7290112343512,false,צ'יטוס puffs בטעם גבינה 180 גרם,"שטראוס פריטו ליי בע""\מ )",IL,חטיף ציטוסpuffs,גרמים,160.00,100 גרם,false,1,9.80,6.13,true,1,
7290112344410,false,דבש טהור 400 גרם,מכוורת יד מרדכי שטראוס ב,IL,דבש טהור,גרמים,400.00,100 גרם,false,1,17.90,4.48,true,1,
7290112344564,false,רביולי גבינה קלאסי שטראוס 400 ג',"שטראוס גרופ בע""\מ",IL,רביולי גבינה,גרמים,400.00,100 גרם,false,1,16.90,4.23,true,1,
7290112344724,false,מעדן בטעם שוקולד בלונדי 170 ג' מילקי,מיוצר עי קונדיטוריית,IL,מילקי בלונדי,גרמים,133.00,100 גרם,false,1,3.90,2.93,true,1,
7290112344755,false,מילקי עם 26% פחות סוכר 135 גרם,מיוצר עי קונדיטוריית,IL,מילקי,גרמים,135.00,100 גרם,false,1,3.10,2.30,true,1,
7290112344786,false,קפה פלטינום קלאסיק עלית 200 גרם,שטראוס קפה בי.וי.,IL,קפה נמס פלטינום,גרמים,200.00,100 גרם,false,1,19.90,9.95,true,1,
7290112344861,false,מעדן חלב בטעם קפה עם קצפת,"שטראוס גרופ בע""\מ",IL,מילקי קפוצינו,גרמים,133.00,100 גרם,false,1,3.90,2.93,true,1,
7290112346360,false,בפלות אחת אחת ופל בטעם שוקולד מצופה שוקולד,הגביע מוצרי וופלים ב,GR,בפלות אחת אחת,גרמים,180.00,100 גרם,false,1,15.80,8.78,true,1,
7290112346537,false,עוגיות פינוקיות בטעם טורטית 200 ג' עלית,"הגביע מוצרי ופלים בע""\מ",IL,פינוקיות טורטית,גרמים,200.00,100 גרם,false,1,10.00,5.00,true,1,
7290112346629,false,"יוגורט עם קורנפלקס מצופה שוקולד חלב ולבן 172 מ""ל דנונה","שטראוס בריאות בע""\מ",IL,דנונה בר,גרמים,172.00,100 גרם,false,1,5.10,2.97,true,1,
7290112346681,false,דנונה משקה יוגורט בטעם פירות יער 267 גר',"שטראוס בריאות בע""\מ",IL,משקה בטעם פירות,גרמים,267.00,100 גרם,false,1,5.60,2.10,true,1,
7290112346773,false,יוגורט בטעם וניל 0% לייט אנד פרי 10 גרם חלבון בגביע,מיוצר עי קונדיטוריית,IL,דנונה לייט וניל,גרמים,150.00,100 גרם,false,1,4.90,3.27,false,1,
7290112346797,false,יוגורט אקטיביה שיבולת שועל ושזיף 150 גרם,מיוצר עי קונדיטוריית,IL,אקטיביה שזיף,גרמים,150.00,100 גרם,false,1,5.00,3.33,true,1,
7290112346827,false,שמיניית אקטימל ויטמין C פטל 108 גרם,"שטראוס בריאות בע""\מ",IL,אקטימל ויטמין C,מיליליטרים,800.00,"100 מ""ל",false,1,19.90,2.49,true,1,
7290112347008,false,גמדים לדרך גבינה לבנה עם מחית תות ושיבולת שועל,מיוצר עי קונדיטוריית,IL,גמדים ארוחת בוקר,גרמים,100.00,100 גרם,false,1,5.90,5.90,true,1,
7290112348142,false,שעועית לבנה 380 ט.הטבע קופסה 380 גרם,שטראוס טעם הטבע,IT,שעועית לבנה,גרמים,380.00,100 גרם,false,1,8.70,2.29,true,1,
7290112348616,false,עלית - קפה נמס אגוזי לוז 100 גרם,שטראוס קפה בי.וי,IL,קפה נמס טעם אגוז,גרמים,100.00,100 גרם,false,1,16.90,16.90,true,1,
7290112348999,false,הפריכיות הטעימות תירס דקות אנרג'י 135 גרם,"פרח תעשיות מזון בע""\מ",IL,פריכיות תירס,גרמים,135.00,100 גרם,false,1,10.00,7.41,true,1,
7290112349538,false,קפה עלית טורקי 160 גרם,שטראוס קפה בי.וי.,IL,קפה טורקי עלית,גרמים,160.00,100 גרם,false,1,10.00,6.25,true,1,
7290112349606,false,מעדן גבינה ויוגורט תות בננה 88 ג' דניאלה,"שטראוס בריאות בע""\מ",IL,דניאלה תות בננה,גרמים,88.00,100 גרם,false,1,4.30,4.89,true,1,
7290112349637,false,מעדן גבינה בטעם ענבים 88 ג' דניאלה,"שטראוס בריאות בע""\מ",IL,דניאלה ענבים,גרמים,88.00,100 גרם,false,1,4.30,4.89,true,1,
7290112349705,false,פומודורו רוטב עגבניות קלאסי לפסטה יד מרדכי 350 גרם,אמיליאנה קונסרב סוסייטה,IT,רוטב לפסטה,גרמים,350.00,100 גרם,false,1,14.10,4.03,true,1,
7290112349736,false,בזיליקום רוטב עגבניות לפסטה יד מרדכי 350 גרם,אמיליאנה קונסרב סוסייטה,IT,רוטב עגבניות,גרמים,350.00,100 גרם,false,1,14.10,4.03,true,1,
7290112349897,false,מסטיק מאסט Must קוביות בטעם מנטה ללא סוכר,אסקום קונפקשיין,DE,מסטיק מאסט מנטה,גרמים,86.00,100 גרם,false,1,14.70,17.09,true,1,
7290112350312,false,קפסולות 15 קפה יותר למכונות נספרסו עלית 10יח',הנסיך- מפעל לייצור ט,IL,קפסולות קפה,גרמים,50.00,100 גרם,false,1,18.90,37.80,true,1,
7290112350589,false,ציקו אבקה להכנת משקה ציקוריה 65 גר,שטראוס קפה בי.וי,IL,תחליף קפה צ'יקו,גרמים,65.00,100 גרם,false,1,12.90,19.85,true,1,
7290112351104,false,שוקולד פרה ממולא פיצפוצי אורז 100 ג' עלית,"שטראוס גרופ בע""\מ",IL,שוקולד פרה,גרמים,100.00,100 גרם,false,1,7.00,7.00,true,1,
7290112351128,false,שוקולד פרה סוכריות קופצות וועסטהייים,"שטראוס גרופ בע""\מ",IL,שוקולד פרה,גרמים,90.00,100 גרם,false,1,7.00,7.78,true,1,
7290112351470,false,סוכריות ללא סוכר בטעם תות רימון מאסט פרש,"הליקון גידה בע""\מ",TR,"סוכריות לל""ס",גרמים,45.00,100 גרם,false,1,10.10,22.44,true,1,
7290112351524,false,עלי סלנובה 200 גר' שטראוס טעם הטבע,שטראוס בריאות ירקות טריי,IL,עלי חסה סלנובה,גרמים,200.00,100 גרם,false,1,12.50,6.25,true,1,
7290112354174,false,"פסטה רוזה 280 ג""ר ""דלישס"" שטראוס",גסטרונומיה פרוסט אס. אר.,IT,דלישס פסטה רוזה,גרמים,280.00,100 גרם,false,1,23.90,8.54,true,1,
7290112354204,false,"ספגטי עגבניות 280 גר' ""דלישס"" שטראוס",גסטרונומיה פרוסט אס. אר.,IT,דלישס ספגטי עגבנ,גרמים,280.00,100 גרם,false,1,23.90,8.54,true,1,
7290112354945,false,תפוצ'יפס WAVY בטעם טבעי 50 גרם,שטראוס פריטו ליי בע”,IL,תפוצ'יפס,גרמים,50.00,100 גרם,false,1,4.30,8.60,true,1,
7290112355027,false,דנונה פרו 20 גרם חלבון בטעם קרמל מלוח 200 גרם,"שטראוס בריאות בע""\מ",IL,דנונה פרו קרמל,גרמים,200.00,100 גרם,false,1,6.50,3.25,true,1,
7290112355102,false,גמדים סקוויז 100 גרם פאוץ סלט פירות 100 גרם,"שטראוס בריאות בע""\מ",IL,גמדים לדרך,גרמים,100.00,100 גרם,false,1,5.90,5.90,false,1,
7290112355393,false,יטבתה רוטב שמנת עם בטטה 9% 250 גרם,שטראוס גרופ,IL,רוטב שמנת בטטה,גרמים,257.00,100 גרם,false,1,11.90,4.63,true,1,
7290112355812,false,מעדן מילקי עם טופ קורנפלקס מצופה שוקולד,"שטראוס גרופ בע""\מ",IL,מילקי טופ,גרמים,141.00,100 גרם,false,1,5.20,3.69,true,1,
7290112357106,false,שעועית אדומה מבושלת טעם הטבע 380 ג',שטראוס טעם הטבע,IT,שעועית אדומה,גרמים,380.00,100 גרם,false,1,8.70,2.29,true,1,
7290112357113,false,טעם הטבע גרגרי חומוס 380 גרם קופסה,שטראוס טעם הטבע,IT,גרגרי חומוס,גרמים,380.00,100 גרם,false,1,8.70,2.29,true,1,
7290112358004,false,פסק זמן קראנצ' עלית 32 גרם,שולן צ'\יקולטה גידה סאן.,TR,חטיף פסק זמן,גרמים,32.00,100 גרם,false,1,5.50,17.19,true,1,
7290112358127,false,יוגורט PRO בטעם וניל עוגיות פלוס מגנזיום,מיוצר עי קונדיטוריית,IL,דנונ.פרו+מגנזיום,גרמים,200.00,100 גרם,false,1,7.10,3.55,true,1,
7290112358219,false,רוטב צ'ילי מתוק יד מרדכי 300 גרם,אף.סי תבליני בגליל ב,IL,רוטב צ'ילי מתוק,גרמים,300.00,100 גרם,false,1,15.00,5.00,true,1,
7290112358431,false,עד חצות דאבל ביסקוויט עם שוקולד חלב -8 אריזות אישיות,ביסקוויטס טור ד'\אלבון,FR,עד חצות דאבל,גרמים,200.00,100 גרם,false,1,15.90,7.95,true,1,
7290112359353,false,קפה טורקי אלדין עלית 200 גרם.,שטראוס קפה בי.וי,IL,קפה טורקי אלדין,גרמים,200.00,100 גרם,false,1,21.90,10.95,true,1,
7290112359384,false,עלית - קפה נמס אלפחורס ריבת חלב 100 גרם,שטראוס קפה בי.וי,IL,קפה נמס אלפחורס,גרמים,100.00,100 גרם,false,1,16.90,16.90,true,1,
7290112492456,false,"שמפו פינוק לשיער יבש/פגום 700 מ""ל",יוניליוור ישראל טיפוח אי,IL,שמפו לשיער יבש,מיליליטרים,700.00,"100 מ""ל",false,1,12.90,1.84,true,1,
7290112492548,false,"מרכך פינוק עם שמן חוחובה 700 מ""ל",יוניליוור פארם,IL,מרכך פינוק,מיליליטרים,700.00,"100 מ""ל",false,1,12.90,1.84,true,1,
7290112492579,false,פינוק מרכך בתוספת שמן קוקוס 700 מל-חדש,יוניליוור ישראל טיפוח אי,IL,מרכך פינוק,מיליליטרים,700.00,"100 מ""ל",false,1,12.90,1.84,true,1,
7290112492982,false,אבקת מרק פטריות רכיבים טבעיים קנור 400ג',יוניליוור ישראל מזון בע\,IL,מרק פטריות,גרמים,400.00,100 גרם,false,1,29.50,7.38,true,1,
7290112494153,false,תיבולית בניחוח צלי קנור 72 גרם,יוניליוור ישראל מזון בע\,IL,תיבוליות לצלי,גרמים,72.00,100 גרם,false,1,10.40,14.44,true,1,
7290112495754,false,"רטבי הלמנס לסלט 300 מ""ל אלף האיים",יוניליוור ישראל מזון בעמ,IL,רוטב אלף האיים,גרמים,305.00,100 גרם,false,1,12.80,4.20,true,1,
7290112495815,false,רוטב סלט חרדל דבש לייט הלמנס 305ג',יוניליוור ישראל מזון בעמ,IL,רוטב חרדל ודבש,גרמים,305.00,100 גרם,false,1,12.80,4.20,true,1,
7290112496287,false,פתית צ'יפס בטטה בטעם טבעי 22 גרם,JLM גלובל פודסn37\ דרך א,GB,פתית צ'יפס,גרמים,21.00,100 גרם,false,1,5.50,26.19,true,1,
7290112497369,false,דאב דאו רול און טלק סופט לנשים,"יוניליוור אנגליה, דרך קו",GB,דאו דאב רול און,מיליליטרים,50.00,"100 מ""ל",false,1,19.90,39.80,false,1,
7290112497505,false,וזלין תחליב גוף בתוספת אלוורה 600 מל,"יוניליוור, ג'פרסון סיטי,",US,קרם גוף ואזלין,מיליליטרים,600.00,"100 מ""ל",false,1,19.90,3.32,true,1,
7290112497727,false,פינוק בייבי אל סבון אל דמע לתינוקות 700,יוניליוור ישראלn\טיפוח א,IL,אל סבון בייבי,מיליליטרים,700.00,"100 מ""ל",false,1,16.90,2.41,true,1,
7290112499776,false,גלידת שמנת מופחתת שומן וקלוריות בטעם שוקולד לבן 240 גרם,"גלידת שטראוס בע""\מ, רח'\",IL,מאגדת גודיז 3 שו,גרמים,240.00,100 גרם,false,1,27.90,11.63,true,1,
7290112961372,false,פיטנס חטיפי פריכיות דקות קינמון 60 גרם,"פרח תעשיות מזון בע""\מ",IL,פיטנס פריכיות,גרמים,60.00,100 גרם,false,1,10.40,17.33,true,1,
7290112961440,false,פיטנס חטיפי פריכיות שוקולד מריר 84 גרם,פרח תעשיות,IL,פריכיות פיטנס,גרמים,84.00,100 גרם,false,1,15.30,18.21,true,1,
7290112961464,false,פיטנס חטיפי פריכיות דגנים וחומוס מתובלות,"פרח תעשיות מזון בע""\מ",IL,חטיפי פריכיות,גרמים,60.00,100 גרם,false,1,10.40,17.33,true,1,
7290112962287,false,טבעול שווארמה טבעונית 6*450 גרם,"טבעול תעשיות מזון בע""\מ",IL,שווארמה צמחונית,גרמים,450.00,100 גרם,false,1,37.00,8.22,true,1,
7290112963918,false,פיטנס חטיפי קרקר דק רוזמרין 140 גרם,נסטלה Nestle,IL,קרקר דק פיטנס,גרמים,140.00,100 גרם,false,1,14.70,10.50,true,1,
7290112964410,false,אסם רוטב אלף האיים חדש לסלט 290 גרם,"אסם תעשיות בע""מ",IL,רוטב אלף האיים,גרמים,290.00,100 גרם,false,1,12.90,4.45,true,1,
7290112964564,false,"רוטב אלף האיים לייט לסלט אסם 295 מ""ל","אסם תעשיות בע""מ",IL,רוטב אלף האיים,גרמים,295.00,100 גרם,false,1,12.90,4.37,true,1,
7290112964724,false,המבורגר צמחוני עם המון חלבון 580 גר,מיוצר עי קונדיטוריית,IL,המבורגר צמחוני,גרמים,580.00,100 גרם,false,1,37.00,6.38,true,1,
7290112965165,false,מרק נמס פטריות אסם בדצ 48 גרם מארז זוגי,"אסם תעשיות בע""מ",IL,זוג מרק נמס,גרמים,48.00,100 גרם,false,1,6.90,14.38,true,1,
7290112965288,false,מרק נמס ירקות אסם בדצ 56 גרם מארז זוגי,"אסם תעשיות בע""מ",IL,זוג מרק נמס,גרמים,56.00,100 גרם,false,1,6.90,12.32,true,1,
7290112965325,false,תבשיל אורז ספרדי אוסם 140 גרם,"אסם תעשיות בע""מ",IL,תבשיל אורז,גרמים,140.00,100 גרם,false,1,13.80,9.86,true,1,
7290112965585,false,פרפקטו פסטה קסרצה אסם 500 גרם,אסם פרפקטו Perfecto,IT,פסטה פרפקטו,גרמים,500.00,100 גרם,false,1,7.00,1.40,true,1,
7290112965660,false,פיטנס - חטיף מולטיגריין מלח פלפל 25 גרם,מיוצר עי קונדיטוריית,IL,חטיף פיטנס מלח,גרמים,25.00,100 גרם,false,1,5.70,22.80,true,1,
7290112965684,false,פיטנס - חטיף מולטיגריין עשבי תיבול 25 גרם,מיוצר עי קונדיטוריית,IL,חטיף פיטנס,גרמים,25.00,100 גרם,false,1,5.70,22.80,true,1,
7290112965707,false,פיטנס - חטיף מולטיגריין צילי מעודן 25 גרם,"אסם השקעות בע""\מ",IL,חטיף פיטנס צ'ילי,גרמים,25.00,100 גרם,false,1,5.70,22.80,true,1,
7290112965745,false,אוסם - ביסלי פריסטייל בצל מעושן 60 גרם,"אסם השקעות בע""\מ",IL,ביסלי פריסטייל,גרמים,60.00,100 גרם,false,1,4.70,7.83,true,1,
7290112965783,false,אוסם - ביסלי פריסטייל על האש 60 גרם,"אסם השקעות בע""\מ",IL,ביסלי פריסטייל,גרמים,60.00,100 גרם,false,1,4.70,7.83,true,1,
7290112965806,false,אוסם - ביסלי פריסטייל חמוץ חריף 60 גרם,"אסם תעשיות בע""מ",IL,ביסלי פריסטייל,גרמים,60.00,100 גרם,false,1,4.70,7.83,true,1,
7290112966094,false,עוגת הבית תפוז מופחת סוכר אסם 400 גרם,מיוצר עי קונדיטוריית,IL,עוגת תפוז,גרמים,400.00,100 גרם,false,1,14.10,3.53,true,1,
7290112966803,false,אסם פודינג אינסטנט שוקולד 95 גרם,"אסם השקעות בע""\מ",IL,פודינג שוקולד,גרמים,88.00,100 גרם,false,1,5.90,6.70,true,1,
7290112967381,false,פיטנס חטיפי פריכיות קטניות ומלח ים 60 גרם,"פרח תעשיות מזון בע""\מ",IL,חטיפי פריכיות,גרמים,60.00,100 גרם,false,1,10.40,17.33,true,1,
7290112968807,false,פיטנס - קרקר דק סלק 140 גרם,מפעל אסם יקנעם,IL,קרקר דק פיטנס,גרמים,140.00,100 גרם,false,1,14.70,10.50,true,1,
7290113192324,false,זיתים ירוקים שלמים בינוניים בית השיטה,בית-השיטה עסיס תעשיות מז,IL,זיתים ירוקים,גרמים,560.00,100 גרם,false,1,11.70,2.09,true,1,
7290113192331,false,זיתים ירוקים מנזנילו 340 גר' בית השיטה,בית-השיטה עסיס תעשיות מז,IL,זיתים ירוק גדול,גרמים,560.00,100 גרם,false,1,10.70,1.91,true,1,
7290113192348,false,בית השיטה זיתים ירוקים גדול מאודבטעם שום,בית-השיטה עסיס תעשיות מז,IL,זיתים טעם שום,גרמים,560.00,100 גרם,false,1,10.70,1.91,true,1,
7290113192355,false,חרוזית זיתים ירוקים ללא גלעין 275 ג' בית השיטה,בית-השיטה עסיס תעשיות מז,IL,זיתים חרוזית,גרמים,560.00,100 גרם,false,1,10.70,1.91,true,1,
7290113192362,false,זיתים ירוקים טבעות A2 בית השיטה 280 גרם,בית-השיטה עסיס תעשיות מז,IL,טבעות זיתים ירוק,גרמים,560.00,100 גרם,false,1,11.90,2.13,true,1,
7290113192393,false,בית השיטה קוקטייל זיתים א2 336 גרם,בית-השיטה עסיס תעשיות מז,IL,קוקטייל זיתים,גרמים,560.00,100 גרם,false,1,12.70,2.27,true,1,
7290113192478,false,מלפפונים במלח 10-12 בית השיטה 320 גרם,בית-השיטה עסיס תעשיות מז,IL,מלפפונים במלח,גרמים,560.00,100 גרם,false,1,8.60,1.54,true,1,
7290113192485,false,מלפפונים בחומץ 10-12 בית השיטה 290 גרם,בית-השיטה עסיס תעשיות מז,IL,מלפפונים בחומץ,גרמים,560.00,100 גרם,false,1,8.60,1.54,true,1,
7290113192492,false,מלפפונים בחומץ 13-17 בית השיטה 290 גרם,בית-השיטה עסיס תעשיות מז,IL,מלפפונים בחומץ,גרמים,560.00,100 גרם,false,1,10.00,1.78,true,1,
7290113192508,false,ב.השיטה מלפפון במלח ר.טבע א2 17-13 320 גרם,בית-השיטה עסיס תעשיות מז,IL,מלפפונים מלח קטן,גרמים,560.00,100 גרם,false,1,10.00,1.78,true,1,
7290113192515,false,מלפפונים במלח 18-25 בית השיטה 320 גרם,בית-השיטה עסיס תעשיות מז,IL,מלפפון במלח,גרמים,560.00,100 גרם,false,1,13.90,2.48,true,1,
7290113192522,false,מלפפונים בחומץ 18-25 בית השיטה 290 גרם,בית-השיטה עסיס תעשיות מז,IL,מלפפונים בחומץ,גרמים,560.00,100 גרם,false,1,13.90,2.48,true,1,
7290113192539,false,מלפפונים במלח 7-9 בית השיטה 320 גרם,בית-השיטה עסיס תעשיות מז,IL,מלפפון במלח,גרמים,560.00,100 גרם,false,1,7.90,1.41,true,1,
7290113192546,false,"מלפפונים בחומץ רכיבים טבעיים 7-9 ""בית השיטה""",בית-השיטה עסיס תעשיות מז,IL,מלפפון בחומץ,גרמים,560.00,100 גרם,false,1,7.90,1.41,true,1,
7290113192553,false,מלפפונים במלח 13-17 פיקנטי בית השיטה 320 גרם,בית-השיטה עסיס תעשיות מז,IL,מלפפונים במלח,גרמים,560.00,100 גרם,false,1,11.90,2.13,true,1,
7290113192560,false,פלפל שיפקה A2 בית השיטה 230 גרם,בית-השיטה עסיס תעשיות מז,IL,פלפל שיפקה חריף,גרמים,560.00,100 גרם,false,1,8.60,1.54,true,1,
7290113192577,false,בית השיטה כרוב כבוש א2 12*430גרם חדש,"בית-השיטה תעשיות בע""\מ",IL,כרוב כבוש,גרמים,560.00,100 גרם,false,1,9.20,1.64,true,1,
7290113193000,false,בית השיטה פלפל שיפקונית 230 גרם*,"בית השיטה תעשיות בע""\מ",IL,פלפל שיפקונית,גרמים,230.00,100 גרם,false,1,12.90,5.61,true,1,
7290113193017,false,בית השיטה חרוזית קוקטייל זיתים 275 גרם,"בית השיטה תעשיות בע""\מ",IL,קוקטייל זיתים,גרמים,275.00,100 גרם,false,1,15.90,5.78,true,1,
7290113193031,false,חרוזית קלמטה - זיתים שחורים ללא גלעין קלמטה,"בית השיטה תעשיות בע""\מ",IL,זית שחור חרוזית,גרמים,560.00,100 גרם,false,1,15.90,2.84,true,1,
7290113193406,false,"קוקטייל טבעות זיתים - זיתים ירוקים, שחורים מרינד","בית השיטה תעשיות בע""\מ",IL,טבעות זיתים,גרמים,560.00,100 גרם,false,1,11.90,2.13,true,1,
7290113194090,false,בית השיטה טבעות זיתים קלמטה 280 גרם,בית השיטה תעשיות בעמ,IL,טבעות זיתי קלמטה,גרמים,560.00,100 גרם,false,1,13.90,2.48,true,1,
7290113199279,false,תפוח עץ מיובש 150גרם,דין שיווק,IL,תפוח עץ מיובש,גרמים,150.00,100 גרם,false,1,10.00,6.66,true,1,
7290113300231,false,פאוצ' לה קט בקר ג'לי 85 ג',"ביופט- מזון לבע""ח",CZ,פאוץ' נתחוני בקר,גרמים,85.00,100 גרם,false,1,5.90,6.94,true,1,
7290113560055,false,פרודונטקס מי פה טיפול יומי לחניכיים 500,"מאסטרפוד אוסטריה בע""מ",GB,פרודונטקס מי פה,מיליליטרים,500.00,"100 מ""ל",false,1,24.90,4.98,true,1,
7290114310215,false,"שמנת מתוקה 38% רמת הגולן 250 מ""ל ווסטהיים - מוצר בפיקוח",מילקו תעשיות בעמ,IL,שמנת מתוקה 38%,מיליליטרים,250.00,"100 מ""ל",false,1,6.47,2.59,true,1,
7290114310222,false,חלב מועשר בסידן וויטמין Dי 3% 1.5 ל' טרה,מילקו תעשיות בעמ,IL,חלב מועשר בסידן,מיליליטרים,1500.00,"100 מ""ל",false,1,12.50,0.83,true,1,
7290114310239,false,חלב נטול לקטוז מועשר בוויטמין D י 2% 1.5 ל' טרה,מילקו תעשיות בעמ,IL,חלב נטול לקטוז,מיליליטרים,1500.00,"100 מ""ל",false,1,12.50,0.83,true,1,
7290114310345,false,מעדן יוגורט בטעם תות 1.5% 125 גרם טרה,מילקו תעשיות בעמ,IL,מעדן בטעם תות,גרמים,125.00,100 גרם,false,1,3.20,2.56,true,1,
7290114310536,false,יוגורט לייט מעושר חלבון 25 גרם חלבון וניל MULLER ACTIVE,מולר Muller,IL,מולר אקטיב מועשר,גרמים,200.00,100 גרם,false,1,6.60,3.30,true,1,
7290114310574,false,גבינת קרם שמנת עיזים 5% 200 גר',מחלבת משק צוריאל,IL,קרם שמנת עיזים,גרמים,200.00,100 גרם,false,1,16.70,8.35,true,1,
7290114310611,false,"משקה חלב בננה בבקבוק פקק ספורט טרה 250 מ""ל",מילקו תעשיות בעמ,IL,משקה חלב בננה,מיליליטרים,250.00,"100 מ""ל",false,1,5.90,2.36,true,1,
7290114310628,false,משקה חלב וניל ועוגיות בקבוק 1 ליטר,מילקו תעשיות בעמ,IL,משקה חלב,מיליליטרים,1000.00,"100 מ""ל",false,1,12.80,1.28,true,1,
7290114311014,false,"משקה חלב אייס קפוצ'ינו פקק ספורט טרה 250 מ""ל",מילקו תעשיות בעמ,IL,אייס קפוצ'ינו,מיליליטרים,250.00,"100 מ""ל",false,1,5.90,2.36,true,1,
7290114311021,false,"משקה חלב וניל עוגיות פקק ספורט טרה 250 מ""ל",מילקו תעשיות בעמ,IL,משקה וניל עוגיות,מיליליטרים,250.00,"100 מ""ל",false,1,5.90,2.36,true,1,
7290114311298,false,יוגורט מולר פרופ בטעם תות בננה מלון 150,מולר Muller,IL,יוגורט פרופ מולר,גרמים,150.00,100 גרם,false,1,5.50,3.67,true,1,
7290114311359,false,יוגורט עם קציפת מנגו 3% שומן פרופ 150 ג' מולר,מולר Muller,IL,יוגורט פרופ מולר,גרמים,150.00,100 גרם,false,1,5.50,3.67,true,1,
7290114311502,false,משקה חלב בטעם סחלב בבקבוק 1 ליטר,מילקו תעשיות בעמ,IL,משקה חלב סחלב,ליטרים,1.00,ליטר,false,1,12.80,12.80,true,1,
7290114320245,false,גליל טבעוני בטעם טבעי160,מאמא קיו,IL,גליל טבעוני,גרמים,160.00,100 גרם,false,1,12.90,8.06,true,1,
7290114320252,false,גליל טבעוני תוספת חלפניו,מאמא קיו,IL,גליל טבעוני,גרמים,160.00,100 גרם,false,1,12.90,8.06,true,1,
7290114320276,false,גליל טבעוני תוספת עגבניה,מאמא קיו,IL,גליל טבעוני,גרמים,160.00,100 גרם,false,1,12.90,8.06,true,1,
7290114603768,false,"נוזל ניקוי שירותים אגקס 750 מ""ל*2 זוג",קולגייט פלמוליב,FR,אג'קס לאסלה 2 יח,מיליליטרים,1500.00,"100 מ""ל",false,1,25.90,1.73,true,1,
7290114604895,false,ממרח ספייסי לחיץ מאסטר שף 446 גרם,מאסטר שף,NL,ממרח ספייסי לחיץ,גרמים,446.00,100 גרם,false,1,14.90,3.34,true,1,
7290114604901,false,ממרח שום לחיץ מאסטר שף 444 גרם,מאסטר שף,NL,ממרח שום לחיץ,גרמים,444.00,100 גרם,false,1,14.90,3.36,true,1,
7290114604925,false,קרם קוקוס לייט מאסטר שף 400 גרם,"תאי קוקונאט חברה בע""",TH,קרם קוקוס לייט,מיליליטרים,400.00,"100 מ""ל",false,1,9.90,2.48,true,1,
7290114606530,false,רוטב בטעם מיונז וקטשופ מאסטר שף 515 גרם,מאסטר שף,NL,רוטב טעם מיונז,גרמים,515.00,100 גרם,false,1,14.90,2.89,true,1,
7290114606547,false,מיונז פטריות כמהין לחיץ מאסטר שף 242 גרם,מאסטר שף,NL,מיונז עם כמהין,גרמים,242.00,100 גרם,false,1,13.90,5.74,true,1,
7290114608633,false,"דפי אצה מאסטר שף, 25 גרם",מאסטר שף,VN,דפי אצות,גרמים,25.00,100 גרם,false,1,12.90,51.60,true,1,
7290114608695,false,מיונז עם ווסאבי לחיץ מאסטר שף 241 גרם,רמיה סי.וי,NL,מיונז עם ווסאבי,גרמים,241.00,100 גרם,false,1,13.90,5.77,true,1,
7290114821469,false,כבד דג שיבוט מעושן במיץ טבעי אופיסר 120 גרם,אופיסר Officer,IS,כבד דג מעושן,גרמים,120.00,100 גרם,false,1,14.90,12.42,true,1,
7290115073676,false,מסכה לפנים חד פעמי 50 יח צבעוניות,שמחה זה אנחנו,CN,מסכת פנים חד פעמ,יחידה,1.00,יחידה,false,1,9.90,9.90,true,1,
7290115073720,false,שלישיית ביצי שוקולד(חלב נוכרי)-לוני טונס,שמחה זה אנחנו,IT,ביצי שוקולד,גרמים,60.00,100 גרם,false,1,13.90,23.17,true,1,
7290115077131,false,מסכות ילדים צבעוני מעורב 40 יח',מ.פאנג,CN,מסכת פנים חד פעמ,יחידה,1.00,יחידה,false,1,14.90,14.90,true,1,
7290115190014,false,סיגריות מרלבורו רד קצר בוקס,פיליפ מוריס,IL,מרלבורו רד קצר,יחידה,1.00,יחידה,false,1,38.30,38.30,false,1,
7290115190076,false,סיגריות מרלבורו גולד ארוך 100 בוקס,פיליפ מוריס,TR,מרלבורו גולד,יחידה,1.00,יחידה,false,1,38.30,38.30,false,1,
7290115190083,false,מרלבורו גולד קצר פאקט,פיליפ מוריס,IL,מרלבורו גולד קצר,יחידה,1.00,יחידה,false,1,366.20,366.20,false,1,
7290115190090,false,סיגריות מרלבורו קצר בוקס בודד,פיליפ מוריס,US,מרלבורו גולד קצר,יחידה,1.00,יחידה,false,1,38.30,38.30,false,1,
7290115190113,false,מרלבורו גולד קצר קופסא סופט,פיליפ מוריס,IL,מרלבורו סופט קצר,יחידה,1.00,יחידה,false,1,36.30,36.30,false,1,
7290115190137,false,סיגריות מרלבורו טאצ סילבר יחידה,פיליפ מוריס,IL,מרלבורו פיין טאץ,יחידה,1.00,יחידה,false,1,36.50,36.50,false,1,
7290115190151,false,סיגריות מרלבורו טאצ גולד,פיליפ מוריס,IL,מרלבורו גולד טאץ,יחידה,1.00,יחידה,false,1,36.50,36.50,false,1,
7290115190199,false,פרלמנט נייט ארוך חפיסה,פיליפ מוריס,TR,פרלמנט נייט ארוך,יחידה,1.00,יחידה,false,1,44.30,44.30,false,1,
7290115190212,false,סיגריות פרלמנט בלו 100 BR בודד,פיליפ מוריס,PL,פרלמנט בלו ארוך,יחידה,1.00,יחידה,false,1,44.30,44.30,false,1,
7290115190236,false,סיגריות פרלמנט קצר בלו בודד,פיליפ מוריס,IL,פרלמנט בלו קצר,יחידה,1.00,יחידה,false,1,44.30,44.30,false,1,
7290115190250,false,סיגריות פרלמנט קצר בודד,פיליפ מוריס,US,פרלמנט נייט קצר,יחידה,1.00,יחידה,false,1,44.30,44.30,false,1,
7290115190335,false,ל.מ.בלו לייבל ארוך בוקס חפיסה,פיליפ מוריס,TR,אל אם בלו ארוך,יחידה,1.00,יחידה,false,1,36.40,36.40,false,1,
7290115190359,false,סיגריות L.M בלו לייבל קצר,פיליפ מוריס,US,אל אם בלו קצר,יחידה,1.00,יחידה,false,1,36.40,36.40,false,1,
7290115190373,false,סיגריות ל.מ. קפסולהP,פיליפ מוריס,TR,אל אמ פורוורד חפ,יחידה,1.00,יחידה,false,1,36.40,36.40,false,1,
7290115190397,false,סיגריות L.M קצר רד לייבל בודד,פיליפ מוריס,US,אל אם רד קצר חפ,יחידה,1.00,יחידה,false,1,36.40,36.40,false,1,
7290115190472,false,סיגריות נקסט פיין אדג',פיליפ מוריס,TR,נקסט פיין אדג',יחידה,1.00,יחידה,false,0,28.30,28.30,true,1,
7290115190496,false,סיגריות נקסט ארוך בודד,פיליפ מוריס,IL,נקסט פיין ארוך,יחידה,1.00,יחידה,false,1,34.90,34.90,false,1,
7290115190519,false,סיגריות נקסט פיין חפ,פיליפ מוריס,PL,נקסט פיין חפ,יחידה,1.00,יחידה,false,1,34.90,34.90,false,1,
7290115190557,false,סיגריות נקסט ריסס בודד,פיליפ מוריס,TR,נקסט ריסס קצר חפ,יחידה,1.00,יחידה,false,1,29.00,29.00,false,1,
7290115190595,false,סיגריות נקסט אוריגינ,פיליפ מוריס,PL,נקסט אוריג'ינל,יחידה,1.00,יחידה,false,1,34.90,34.90,false,1,
7290115190892,false,סיגריות מרלבורו פיוז'ן קפסולה בודד,פיליפ מוריס,IL,מרלבורו פיוז'ן ח,יחידה,1.00,יחידה,false,1,31.80,31.80,false,1,
7290115200003,false,פתי בר פינוקי וניל אסם 220 גרם,תאי פרזידנט פוד פאבל,PL,פתיבר פינוקים,גרמים,220.00,100 גרם,false,1,12.50,5.68,true,1,
7290115200027,false,אסם פתי בר פינוקים שוקו 220 גרם,קריות זול,PL,פתיבר פינוקים,גרמים,220.00,100 גרם,false,1,12.50,5.68,true,1,
7290115200713,false,במבה קלאסי מארז אחיד 8 50*5 ג',"אסם השקעות בע""\מ",IL,במבה קלאסי 5 יח,גרמים,250.00,100 גרם,false,1,12.90,5.16,true,1,
7290115201031,false,אסם פתי בר דובי שוקולד 175 גרם,טרופיקל דגיל תעשיות,PL,פתיבר דובי שוקול,גרמים,175.00,100 גרם,false,1,12.50,7.14,true,1,
7290115201451,false,טבעול גורמה לביבות בטטה קארי 455 גרם,טבעול )מקבוצת אסם השקעות,IL,לביבות בטטה קארי,גרמים,455.00,100 גרם,false,1,38.80,8.53,true,1,
7290115201475,false,טבעול גורמה לביבות כרישה 434 גרם,טבעול )מקבוצת אסם השקעות,IL,לביבות כרישה,גרמים,434.00,100 גרם,false,1,38.80,8.94,true,1,
7290115201536,false,"טבעול גורמה לביבות כרובית ותפו""א 442 גרם",טבעול )מקבוצת אסם השקעות,IL,לביבות כרובית ות,גרמים,442.00,100 גרם,false,1,38.80,8.78,true,1,
7290115201680,false,ביסלי בטעם ברביקיו אסם 70 גרם,"אסם השקעות בע""\מ",IL,ביסלי ברביקיו,גרמים,70.00,100 גרם,false,1,4.70,6.71,true,1,
7290115201703,false,ביסלי ברביקיו גדול אסם 200 גרם,מיוצר עי קונדיטוריית,IL,ביסלי ברביקיו,גרמים,200.00,100 גרם,false,1,8.20,4.10,true,1,
7290115201741,false,ביסלי בטעם בצל אסם 70 גרם,"אסם השקעות בע""\מ",IL,ביסלי בצל,גרמים,70.00,100 גרם,false,1,4.70,6.71,true,1,
7290115202236,false,טופו קראנצ'ים טבעול 470 גרם,עיצובים 2020 (4.8),IL,טופו קראנצ'ים,גרמים,470.00,100 גרם,false,1,37.00,7.87,true,1,
7290115202786,false,מנה חמה פאוץ נודלס אטריות טעם בקר 70 גרם,תאי פרזידנט,TH,מנה חמה פאוצ',גרמים,70.00,100 גרם,false,1,6.30,9.00,true,1,
7290115202816,false,מנה חמה פאוץ נודלס אטריות טעם עוף 70 גרם,תאי פרזידנט,TH,מנה חמה פאוצ',גרמים,70.00,100 גרם,false,1,6.30,9.00,true,1,
7290115202847,false,מנה חמה פאוץ נודלס אטריות טעם עוף 70 גרם,תאי פרזידנט,TH,מנה חמה פאוצ',גרמים,70.00,100 גרם,false,1,6.30,9.00,true,1,
7290115204056,false,"קטשופ מופחת סוכר אסם 690 גרם כשל""פ","אסם תעשיות בע""מ",IL,קטשופ מופחת סוכר,גרמים,690.00,100 גרם,false,1,8.90,1.29,true,1,
7290115204261,false,אריסה חריפה 190 ג' צבר,פרסקו,IL,אריסה חריפה צבר,גרמים,190.00,100 גרם,false,1,13.60,7.16,true,1,
7290115205176,false,פיטנס - קרקר דק כפרי פיטנס 140 גרם,נסטלה Nestle,IL,קרקר דק פיטנס,גרמים,140.00,100 גרם,false,1,14.70,10.50,true,1,
7290115205527,false,פיטנס חטיף מולטיגריין עם עדשים 25 גרם,"אסם השקעות בע""\מ",IL,חטיף פיטנס,גרמים,25.00,100 גרם,false,1,5.70,22.80,true,1,
7290115205633,false,"טבעול סנסשיונל נקניקיות, 350 גרם","טבעול תעשיות מזון בע""\מ",IL,נקניקיות סנסשיונ,גרמים,350.00,100 גרם,false,1,29.90,8.55,true,1,
7290115205695,false,אסם בונזור בצק מצונן לפיצה 460 גרם,נסטלה סוויס )שוויץ(,CH,בצק פיצה מצונן,גרמים,460.00,100 גרם,false,1,18.90,4.11,true,1,
7290115206531,false,אסם קרמוגית במילוי קרם בייגלה 12*200 גרם,אסם-נסטלה,IL,קרמוגית,גרמים,200.00,100 גרם,false,1,13.40,6.70,true,1,
7290115207484,false,"""המעדניה"" צבר חציל על האש 400 גרם",ג'נרל מילס סאן אדריא,IL,חציל על האש 400,גרמים,400.00,100 גרם,false,1,18.80,4.70,true,1,
7290115207620,false,"רוטב בסגנון סויה קלאסי 290 מ""ל אסם","אסם השקעות בע""\מ",IL,רוטב סויה קלאסי,גרמים,333.00,100 גרם,false,1,11.90,3.57,true,1,
7290115207682,false,אסם רוטב בסגנון סויה סיני 9*290מל חדש,"אסם השקעות בע""\מ",IL,רוטב סויה סיני,גרמים,330.00,100 גרם,false,1,12.70,3.85,true,1,
7290115207811,false,"טבעול נקניקיות טבעוניות, 418 גרם","טבעול תעשיות מזון בע""\מ",IL,נקניקיות טבעוני,גרמים,418.00,100 גרם,false,1,39.10,9.35,true,1,
7290115207941,false,סירופ אננס ויטמינצ'יק 1 ליטר,בית-השיטה עסיס תעשיות מז,IL,ויטמינצ'יק אננס,ליטרים,1.00,ליטר,false,1,22.90,22.90,true,1,
7290115207965,false,סירופ מנגו אפרסק ויטמינצ'יק 1 ליטר,בית-השיטה עסיס תעשיות מז,IL,ויטמינצ'יק מנגו,ליטרים,1.00,ליטר,false,1,22.90,22.90,true,1,
7290115207989,false,סירופ לימון ויטמינצ'יק 1 ליטר,בית-השיטה עסיס תעשיות מז,IL,ויטמינצ'יק לימון,ליטרים,1.00,ליטר,false,1,22.90,22.90,true,1,
7290115208009,false,סירופ ענבים ויטמינצ'יק 1 ליטר,בית-השיטה עסיס תעשיות מז,IL,ויטמינצ'יק ענבים,ליטרים,1.00,ליטר,false,1,22.90,22.90,true,1,
7290115208047,false,סירופ פטל ויטמינצ'יק 1 ליטר,בית-השיטה עסיס תעשיות מז,IL,ויטמינצ'יק פטל,ליטרים,1.00,ליטר,false,1,22.90,22.90,true,1,
7290115208061,false,סירופ תפוח ויטמינצ'יק 1 ליטר,בית השיטה עסיס תעשיות מז,IL,ויטמינצ'יק תפוח,ליטרים,1.00,ליטר,false,1,22.90,22.90,true,1,
7290115209198,false,במבה אוורירית אסם 80 גרם,"אסם תעשיות בע""מ",IL,במבה אוורירית,גרמים,80.00,100 גרם,false,1,4.90,6.13,true,1,
7290115480009,false,"מרכך כביסה מרוכז פרש קונטרול ירוק 900 מ""ל סוד",הנקל סוד,IL,סוד מרכך פרש,מיליליטרים,900.00,"100 מ""ל",false,1,9.50,1.06,true,1,
7290115480023,false,סוד פאוור קאפס לכביסה צבעונית 45 יחי,הנקל,RS,סוד קפסולות ג'ל,יחידה,1.00,יחידה,false,1,30.90,30.90,true,1,
7290115671339,false,מיני פינוקיות בראוניז בייגל בוטן עלית 180 ג' עלית,"הגביע מוצרי ופלים בע""\מ",IL,מיני פינוקיות,גרמים,180.00,100 גרם,false,1,10.00,5.56,true,1,
7290115675559,false,מארז קפה טורקי לדרך 10 יחידות,שטראוס קפה בי.וי.,IL,מארז טורקי לדרך,גרמים,70.00,100 גרם,false,1,8.70,12.43,true,1,
7290115675696,false,דגני בוקר קראנצ'ים שיבולת שועל עם אגוזים ושקדים,גלידות שטראוס,PL,דגני קוואקר,גרמים,375.00,100 גרם,false,1,24.90,6.64,true,1,
7290115675719,false,דגני בוקר קראנצ'ים שיבולת שועל וחתיכות שוקולד מריר,BEVERAGES FOODS & SE,PL,דגני קוואקר,גרמים,375.00,100 גרם,false,1,24.90,6.64,true,1,
7290115675733,false,קפסולות אספרסו עם הל למכונות נספרסו 50 ג,שטראוס קפה בי.וי.,IL,קפסולות אספרסו,גרמים,55.00,100 גרם,false,1,18.90,34.36,true,1,
7290115675986,false,דנונה יוגורט בר עם אגוזים מקורמלים 173 גרם,"שטראוס בריאות בע""\מ",IL,יוגורט בר,גרמים,173.00,100 גרם,false,1,5.10,2.95,false,1,
7290115676037,false,דנונה ריפרש יוגורט עם תות ודומדמניות 1.6% שומן,מיוצר עי קונדיטוריית,IL,יוגורט דנונה,גרמים,250.00,100 גרם,false,1,6.50,2.60,true,1,
7290115676051,false,"משקה אקטיביה שיבולת שועל במתיקות מעודנת 250 מ""ל",מיוצר עי קונדיטוריית,IL,משקה אקטיביה,גרמים,265.00,100 גרם,false,1,5.40,2.04,true,1,
7290115676082,false,משקה יוגורט בטעם תות פרו 20 דנונה 255 ג',"שטראוס בריאות בע""\מ.",IL,משקה דנונה פרו,גרמים,255.00,100 גרם,false,1,7.90,3.10,true,1,
7290115676099,false,משקה יוגורט בטעם וניל פרו 20 דנונה 255 ג',"שטראוס בריאות בע""\מ.",IL,משקה דנונה פרו,גרמים,255.00,100 גרם,false,1,7.90,3.10,true,1,
7290115676693,false,תפוצ'יפס מלח חומץ 50 ג' עלית,"שטראוס פריטו ליי בע""\מ )",IL,חטיף תפוצ'יפס,גרמים,50.00,100 גרם,false,1,4.30,8.60,true,1,
7290115677362,false,"נודלס טריאקי ""דלישס"" שטראוס","טרופיקל דגיל בע""מ אז",IL,נודלס טריאקי עם,גרמים,350.00,100 גרם,false,1,23.90,6.83,true,1,
7290115677966,false,ממרח אבוקדו טעם הטבע 200 גרם,ג'י. אר. סימפלוט,MX,ממרח אבוקדו,גרמים,200.00,100 גרם,false,1,15.90,7.95,true,1,
7290115678222,false,מארז 8 גביעים יוגורט Greek בסגנון יווני 6.5% שומן,"שטראוס בריאות בע""\מ",IL,דנונה יווני 8 יח,קילוגרמים,1.04,"ק""ג",false,1,28.20,27.12,true,1,
7290115678376,false,מעדן הגולן שוקולד 125 גרם,מיוצר עי קונדיטוריית,IL,מעדן הגולן,גרמים,125.00,100 גרם,false,1,3.60,2.88,true,1,
7290115678383,false,מעדן הגולן שוקולד מריר 125 גרם,מיוצר עי קונדיטוריית,IL,מעדן הגולן,גרמים,125.00,100 גרם,false,1,3.60,2.88,true,1,
7290115678642,false,נשנושי גבינה 16% עם חטיף אפוי עם זיתים 67 ג' שטראוס,"מחלבת טבע עז בע""\מ",IL,נשנושי גבינה,גרמים,67.00,100 גרם,false,1,12.50,18.66,true,1,
7290116244013,false,אצבעות שוק.סמי הכבאי50גר,Unknown,UA,אצבעות שוקולד,גרמים,50.00,100 גרם,false,1,4.90,9.80,true,1,
7290116244037,false,חד קרן אצבעות שוקולד חלב 84 גרם,סטילנד שוקולד,NL,אצבעות שוקולד,גרמים,84.00,100 גרם,false,1,8.90,10.60,true,1,
7290116244051,false,אצבעות שוקולד חלב 84 גרם LOL,סטילנד שוקולד,NL,אצבעות שוקולד,גרמים,84.00,100 גרם,false,1,8.90,10.60,true,1,
7290116244068,false,אצבעות שוקולד חלב 84 גר'-כוח פי גיי,סטילנד שוקולד,NL,אצבעות שוקולד,גרמים,84.00,100 גרם,false,1,8.90,10.60,true,1,
7290116530062,false,רוטב ויניגרט לסלט הלמנס 295 גרם,יוניליוור ישראל מזון בע\,IL,רוטב ויניגרט,גרמים,295.00,100 גרם,false,1,12.80,4.34,true,1,
7290116530215,false,דאודרנט סטיק לגבר דרק טמפטיישן 76 ג' אקס,יוניליוור פארם,US,דאו. סטיק אקס,גרמים,77.00,100 גרם,false,1,21.90,28.44,true,1,
7290116531069,false,קנור מרק בצל 100% רכיבים טבעיים 225 גרם,יוניליוור ישראל מזון בע\,IL,מרק בצל,גרמים,225.00,100 גרם,false,1,18.90,8.40,true,1,
7290116531779,false,דפים ריחניים למייבש כביסה בדין כחול 40 יחידות,"קלינטסט - 3p ארה""ב",US,דפים למייבש,יחידה,1.00,יחידה,false,1,21.00,21.00,true,1,
7290116531793,false,הלמנ'ס רוטב לסלט קיסר 295 גרם,יוניליוור ישראל מזון בע\,IL,רוטב לסלט קיסר,גרמים,295.00,100 גרם,false,1,12.80,4.34,true,1,
7290116930015,false,GO חטיף חלבון חטיף בוטנים קריספי 20 גרם חלבון,"בלמונט קונפקציות בע""\מ.",US,חטיף חלבון GO,גרמים,60.00,100 גרם,false,1,10.00,16.67,true,1,
7290116930022,false,חטיף חלבון GO קרם עוגיות ציפוי קריספי 20 גרם,"בלמונט קונפקציות בע""\מ.",US,חטיף חלבון GO,גרמים,60.00,100 גרם,false,1,10.00,16.67,true,1,
7290116930282,false,ארוחה בקטנה לאבנה עם קרקרים 150ג' תנובה,תנובה חלב,IL,לאבנה,גרמים,150.00,100 גרם,false,1,9.90,6.60,true,1,
7290117260050,false,קונפיטורה חבושים ויליפוד 380 גרם,וילי פוד,TR,קונפיטורה חבושים,גרמים,380.00,100 גרם,false,1,10.90,2.87,true,1,
7290117260449,false,גבינה בולגרית מעודנת למריחה בטעם טבעי 5% שומן 200 ג' יורו,אם.בי.טורקיה,TR,בולגרית למריחה,גרמים,200.00,100 גרם,false,1,13.00,6.50,true,1,
7290117260470,false,גבינה בולגרית מעודנת למריחה עם שום 5% שומן 200 ג' יורו,אם.בי.טורקיה,TR,בולגרית למריחה,גרמים,200.00,100 גרם,false,1,13.00,6.50,true,1,
7290117260487,false,"ניוקי תפו""א מצונן 500 גרם ויליפוד",סיימה,IT,ניוקי תפוחי אדמה,גרמים,500.00,100 גרם,false,1,10.90,2.18,true,1,
7290117260500,false,מיני ניוקי תפוחי אדמה מצונן 500 גרם,סיימה,IT,מיני ניוקי תפוחי,גרמים,500.00,100 גרם,false,1,10.90,2.18,true,1,
7290117260685,false,תן בו וניל ציפויים בטעמים שונים 230 גרם,אלויראסמינדה,DK,תן בו מיקס סמבה,גרמים,230.00,100 גרם,false,1,21.90,9.52,true,1,
7290117260807,false,קרמבו וניל בציפוי שוקולד לבן 300 ג' תן בו,,DK,תן בו שוקולד12יח,גרמים,300.00,100 גרם,false,1,21.90,7.30,true,1,
7290117260982,false,זיתים שחור מגולענים במי מלח וילי פוד300,סיוארס אס.איי,TR,זית שחור מגולען,גרמים,300.00,100 גרם,false,1,9.90,3.30,true,1,
7290117261019,false,זיתים ירוקים ממולאים מחית פלפלים אדומים במי מלח 300 גרם,סיוארס אס.איי,TR,זיתים ירוקים,גרמים,300.00,100 גרם,false,1,9.90,3.30,true,1,
7290117261088,false,בוראטה גבינת מוצרלה רכה 125ג' 18%שומן,קסריה להפואנטה,ES,גבינת בוראטה,גרמים,125.00,100 גרם,false,1,24.90,19.92,true,1,
7290117261255,false,חטיף מוקצף בטעם שוקולד לבן 180ג' תן בו,,DK,תן בו בטעם שוקול,גרמים,180.00,100 גרם,false,1,17.90,9.94,true,1,
7290117261354,false,גבינת ריקוטה 200 גרם 5%שומן מחלבת אירופה,באלבן גידה סנאי,TR,גבינת ריקוטה,גרמים,200.00,100 גרם,false,1,10.90,5.45,true,1,
7290117261415,false,יוגורט פרוביוטי 2.7% שומן 125 גרם,Euro יורו מחלבות אירופה,TR,יוגורט פרוביוטי,גרמים,125.00,100 גרם,false,1,3.90,3.12,true,1,
7290117261422,false,euro cheese יוגורט פרוביוטי תות שדה 2% שומן 125 גרם,Euro יורו מחלבות אירופה,TR,יוגורט פרוביוטי,גרמים,125.00,100 גרם,false,1,3.90,3.12,true,1,
7290117261439,false,euro cheese יוגורט פרוביוטי פירות יער 2% שומן 125 גרם,Euro יורו מחלבות אירופה,TR,יוגורט פרוביוטי,גרמים,125.00,100 גרם,false,1,3.90,3.12,true,1,
7290117261446,false,יוגורט פרוביוטי עם אפרסק ומשמש 2% שומן 125 גרם,Euro יורו מחלבות אירופה,TR,יוגורט פרוביוטי,גרמים,125.00,100 גרם,false,1,3.90,3.12,true,1,
7290117261583,false,סרדינים בריסלינג מעושנים בשמן קנולה 129 גרם (צנצנת),גולדן פרייז קאנינג אל.טי,LV,סרדינים בריסלינג,גרמים,185.00,100 גרם,false,1,13.90,7.51,true,1,
7290117261590,false,סרדינים בריסלינג מעושנים בשמן זית 185 גרם צנצנת,גולדן פרייז קאנינג אל.טי,LV,סרדינים בריסלינג,גרמים,185.00,100 גרם,false,1,13.90,7.51,true,1,
7290117261712,false,Euro מלבי קינוח על בסיס חלב 154 גרם,אקר סוט,TR,מלבי,גרמים,154.00,100 גרם,false,1,5.90,3.83,true,1,
7290117261798,false,סימיט בייגלה ממולא קשקבל,,TR,סימיט בייגלה ממו,גרמים,360.00,100 גרם,false,1,10.00,2.78,true,1,
7290117261811,false,מאפה במילוי גבינת פטה,,TR,מאפה במילוי גבינ,גרמים,560.00,100 גרם,false,1,10.00,1.79,true,1,
7290117261828,false,עוגיות אגוזים ופתיתים בט,,TR,עוגיות אגוזים ופ,גרמים,300.00,100 גרם,false,1,10.00,3.33,true,1,
7290117261859,false,מיני מאפים במילוי תרד וג,,TR,מיני מאפים במילו,גרמים,480.00,100 גרם,false,1,10.00,2.08,true,1,
7290117261873,false,מאפה פריך במילוי גבינה,,TR,מאפה פריך במילוי,גרמים,520.00,100 גרם,false,1,10.00,1.92,true,1,
7290117261989,false,גבינת מנורי רכה מחלב צאן 43% שומן 170 גרם,סאסו פטוראגס קומטויס אף,GR,גבינת מנורי,גרמים,170.00,100 גרם,false,1,18.90,11.12,true,1,
7290117262061,false,רגע-וופל במילוי טעם קקאו ואגוזי לוז 200 גרם ויליפוד,,GR,גלילי וופל ממולא,גרמים,200.00,100 גרם,false,1,10.90,5.45,true,1,
7290117262290,false,פרלינים אגוזים מצופים פצפוצי שוקולד 50 גרם,מודרן צוקולטה,TR,חטיף שוקולד,גרמים,50.00,100 גרם,false,1,5.90,11.80,true,1,
7290117262306,false,"קורנפלקס מצופה שוקולד חלב ד, 50 גרם",מודרן צוקולטה,TR,חטיף שוקולד,גרמים,50.00,100 גרם,false,1,5.90,11.80,true,1,
7290117262320,false,ביסקוויט מצופה שוקולד חלב 50 גר JAZZY,מודרן צוקולטה,TR,חטיפי שוקולד,גרמים,40.00,100 גרם,false,1,5.90,14.75,true,1,
7290117262436,false,גלידת שכבות בטעם טירמיסו,איטלג'טו,IT,גלידת שכבות,מיליליטרים,500.00,"100 מ""ל",false,1,17.90,3.58,true,1,
7290117262474,false,גלידת שכבות קפה וניל,איטלג'טו,IT,גלידת שכבות,מיליליטרים,500.00,"100 מ""ל",false,1,17.90,3.58,true,1,
7290117262870,false,גלידת שמנת בטעם וניל 500,איטלג'טו,IT,גלידת שמנת בטעם,מיליליטרים,500.00,"100 מ""ל",false,1,17.90,3.58,true,1,
7290117262887,false,גלידת שמנת בטעם פיסטוק,איטלג'טו,IT,גלידת שמנת בטעם,מיליליטרים,500.00,"100 מ""ל",false,1,17.90,3.58,true,1,
7290117262894,false,גלידת שמנת בטעם קרמלמלוח,איטלג'טו,IT,גלידת שמנת בטעם,מיליליטרים,500.00,"100 מ""ל",false,1,17.90,3.58,true,1,
7290117262924,false,גלידת שמנת בטעם שוקולד,איטלג'טו,IT,גלידת שמנת בטעם,מיליליטרים,500.00,"100 מ""ל",false,1,17.90,3.58,true,1,
7290117262955,false,"קינוח בטעם שוקולד בלגי, 85 גרם",איטלג'לטו,IT,קינוח שוקולד,גרמים,85.00,100 גרם,false,1,9.90,11.65,true,1,
7290117262962,false,קינוח בטעם שוקולד קרמל 85 גרם,איטלג'לטו,IT,קינוח שוקולד,גרמים,85.00,100 גרם,false,1,9.90,11.65,true,1,
7290117262979,false,קינוח בטעם שוקולד ופירות יער 85 גרם,איטלג'לטו,IT,קינוח שוקולד,גרמים,85.00,100 גרם,false,1,9.90,11.65,true,1,
7290117263495,false,פרוסות צהובה גולדן 400 ג,ג.וילי פוד אינטרנשיונל ב,LT,פרוסות גולדן,גרמים,400.00,100 גרם,false,1,19.90,4.98,true,1,
7290117821367,false,ביצת הפתעה פלסטיק עם סוכריות קשות 10 גרם טרקטור,PAZARLAMA GIDA GLOBAL,TR,ביצת הפתעה סוכ.,גרמים,10.00,100 גרם,false,1,6.50,65.00,true,1,
7290117821381,false,ביצת הפתעה פלסטיק עם סוכריות קשות 10 גרם קפיץ,PAZARLAMA GIDA GLOBAL,TR,ביצת הפתעה סוכ.ק,גרמים,10.00,100 גרם,false,1,6.50,65.00,true,1,
7290117821411,false,ביצת הפתעה פלסטיק עם סוכריות קשות 10 גרם דינוזאור,PAZARLAMA GIDA GLOBAL,TR,ביצת הפתעה סוכ.,גרמים,10.00,100 גרם,false,1,6.50,65.00,true,1,
7290117860045,false,שמפו תמציות אלוורה ותה ירוק לשיער רגיל,"טרופיקל דגיל בע""\מ",IL,שמפו הוואי,מיליליטרים,700.00,"100 מ""ל",false,1,15.90,2.27,true,1,
7290117860083,false,"הוואי קרם רחצה יוגורט בניחוח אירוס זהוב ודבש 700 מ""ל","טרופיקל דגיל בע""\מ",IL,קרם רחצה הוואי,מיליליטרים,700.00,"100 מ""ל",false,1,15.90,2.27,true,1,
7290117860090,false,מרכך תמציות אלוורה ותה ירוק לשיער רגיל,"טרופיקל דגיל בע""\מ",IL,מרכך מטפח לשיער,מיליליטרים,700.00,"100 מ""ל",false,1,15.90,2.27,true,1,
7290117860199,false,שמפו שמן ורד הבר ושמן מקדמיה לשיער יבש,"טרופיקל דגיל בע""\מ",IL,שמפו הוואי,מיליליטרים,700.00,"100 מ""ל",false,1,15.90,2.27,true,1,
7290117860243,false,"הוואי - מרכך מעניק לחות לשיער יבש 700 מ""ל","טרופיקל דגיל בע""\מ",IL,מרכך הוואי,מיליליטרים,700.00,"100 מ""ל",false,1,15.90,2.27,true,1,
7290117860298,false,שמפו קומפלקס קרטין לשיער עדין או חלש,"טרופיקל דגיל בע""\מ",IL,שמפו הוואי,מיליליטרים,700.00,"100 מ""ל",false,1,15.90,2.27,true,1,
7290117860892,false,"הוואי - תחליב רחצה יוגורט בניחוח וניל ודבש 700 מ""ל","טרופיקל דגיל בע""\מ",IL,תחליב רחצה הוואי,מיליליטרים,700.00,"100 מ""ל",false,1,15.90,2.27,true,1,
7290117860991,false,"תחליב רחצה יוגורט בניחוח שקדים 700 מ""ל הוואי","טרופיקל דגיל בע""\מ",IL,תחליב רחצה הוואי,מיליליטרים,700.00,"100 מ""ל",false,1,15.90,2.27,true,1,
7290117902868,false,מיקס פירות יבשים מגש500ג,,IL,מגש פירות יבשים,גרמים,500.00,100 גרם,false,1,39.90,7.98,true,1,
7290117902875,false,מיקס פירות יבשים מגש700ג,,IL,מגש פירות יבשים,גרמים,700.00,100 גרם,false,1,49.90,7.13,true,1,
7290118420378,false,פתיבר פינוקים בטעם תותים בשמנת - חלבי,קריות זול,PL,פתיבר פינוקים,גרמים,220.00,100 גרם,false,1,12.50,5.68,true,1,
7290118420415,false,אסם קטשופ קלאסי היתר מכירה 750 גרם,"אסם תעשיות מזון בע""מ",IL,קטשופ קלאסי,מיליליטרים,750.00,"100 מ""ל",false,1,8.90,1.19,true,1,
7290118874577,false,שקית הפתעות 168 גרם,,IL,שקית הפתעות,גרמים,168.00,100 גרם,false,1,5.90,3.51,true,1,
7290118874584,false,שקית הפתעות 176 גרם,,IL,שקית הפתעות,גרמים,176.00,100 גרם,false,1,8.90,5.06,true,1,
7291008084854,false,"תמר מג'הול ישראלי 1 ק""ג",מהדרין תנופרט אקספורט,IL,תמר מגהול ישראלי,קילוגרמים,1.00,"ק""ג",false,1,20.00,20.00,true,1,
7296073005735,false,עוג.סנדוויץ שוק.שופרס150,"אחים פפושדו ובניהם בע""\מ",IL,עוגיות סנדוויץ,גרמים,150.00,100 גרם,false,0,4.90,3.27,true,1,
7296073005742,false,עוג.סנדוויץ וניל שופרסל,"אחים פפושדו ובניהם בע""\מ",IL,עוגיות סנדוויץ,גרמים,150.00,100 גרם,false,0,4.90,3.27,true,1,
7296073005841,false,אפונה ירוקה שופרסל500גרם,מיה,IL,אפונה ירוקה,גרמים,500.00,100 גרם,false,0,6.50,1.30,true,1,
7296073005858,false,בורגול שופרסל 500 גרם,מיה,IL,בורגול,גרמים,500.00,100 גרם,false,0,5.60,1.12,true,1,
7296073005889,false,חומוס לבן ענק שופרסל500ג,מיה,IL,חומוס לבן ענק,גרמים,500.00,100 גרם,false,0,9.60,1.92,true,1,
7296073005902,false,כוסמת שופרסל 500 גרם,מיה,IL,כוסמת שופרסל,גרמים,500.00,100 גרם,false,0,6.90,1.38,true,1,
7296073005919,false,עדשים ירוקות שופרסל500ג,מיה,IL,עדשים ירוקות,גרמים,500.00,100 גרם,false,0,7.50,1.50,true,1,
7296073005926,false,עדשים אדומות שופרסל500גר,מיה,IL,עדשים אדומות,גרמים,500.00,100 גרם,false,0,7.50,1.50,true,1,
7296073005957,false,שעועית לבנה שופרסל500גרם,מיה,IL,שעועית לבנה,גרמים,500.00,100 גרם,false,0,10.80,2.16,true,1,
7296073005971,false,שעועית אדומה שופרסל500גר,מיה,IL,שעועית אדומה,גרמים,500.00,100 גרם,false,0,10.20,2.04,true,1,
7296073006015,false,"חומוס גדול שופרסל 1 ק""ג",מיה,IL,חומוס גדול,קילוגרמים,1.00,"ק""ג",false,0,11.50,11.50,true,1,
7296073006053,false,פרג שופרסל 100 גרם,,IL,פרג שופרסל,גרמים,100.00,100 גרם,false,1,5.80,5.80,true,1,
7296073006060,false,חומוס לבן ענק שופרסל 1קג,מיה,IL,חומוס לבן ענק,קילוגרמים,1.00,"ק""ג",false,0,13.90,13.90,true,1,
7296073006107,false,"אפונה ירוקה שופרסל 1 ק""ג",מיה,IL,אפונה ירוקה,קילוגרמים,1.00,"ק""ג",false,0,8.80,8.80,true,1,
7296073006114,false,"עדשים ירוקות שופרסל 1ק""ג",מיה,IL,עדשים ירוקות,קילוגרמים,1.00,"ק""ג",false,0,11.90,11.90,true,1,
7296073006121,false,"עדשים אדומות שופרסל 1ק""ג",מיה,IL,עדשים אדומות,קילוגרמים,1.00,"ק""ג",false,0,11.90,11.90,true,1,
7296073006176,false,"סוכר שופרסל 1 ק""ג","סוגת תעשיות בע""\מ",IL,סוכר לבן,קילוגרמים,1.00,"ק""ג",false,0,4.90,4.90,true,1,
7296073006404,false,מלפפונים במלח גדולים 7-9,בני דרום,IL,מלפפון במלח 7-9,גרמים,560.00,100 גרם,false,0,7.50,1.34,true,1,
7296073006411,false,מלפפונים במלח בינוניים,בני דרום,IL,מלפפונים במלח,גרמים,560.00,100 גרם,false,0,7.80,1.39,true,1,
7296073006428,false,מלפ.במלח 13-17שופרסל560ג,שופרסל,IL,מלפפון במלח,גרמים,560.00,100 גרם,false,0,10.90,1.95,true,1,
7296073006435,false,מלפפונים במלח קטנים מאוד,שופרסל,IL,מלפפון במלח,גרמים,560.00,100 גרם,false,0,12.30,2.20,true,1,
7296073006497,false,גביעי גלידה שופרסל 30יח',"א.ג. גילרו בע""\מ",IL,גביעי גלידה,גרמים,115.00,100 גרם,false,0,10.90,9.48,true,1,
7296073006640,false,מלפפונים במלח ט.ביתי1.65,שופרסל,IL,מלפפון במלח ביתי,קילוגרמים,1.65,"ק""ג",false,0,27.90,16.91,true,1,
7296073011118,false,קוסקוס דק שופרסל 350 גרם,"אסיף תעשיות מזון בע""\מ",IL,קוסקוס דק,גרמים,350.00,100 גרם,false,0,5.20,1.49,true,1,
7296073011194,false,פסטה טריקולור שופרסל500ג,שופרסל,IT,פסטה טריקולור,גרמים,500.00,100 גרם,false,0,6.80,1.36,true,1,
7296073011217,false,פסטה פנה ריגטה31שופר500ג,שופרסל,IT,פסטה פנה ריגטה,גרמים,500.00,100 גרם,false,0,4.90,0.98,true,1,
7296073011224,false,פסטה פוסילי36שופר 500גרם,שופרסל,IT,פסטה פוסילי,גרמים,500.00,100 גרם,false,0,4.90,0.98,true,1,
7296073012009,false,קוסקוס בינוני שופרסל350ג,"אסיף תעשיות מזון בע""\מ",IL,קוסקוס בינוני,גרמים,350.00,100 גרם,false,0,5.20,1.49,true,1,
7296073020356,false,150כוס שתייה קרה בייסיק,שופרסל,IL,"כוסות שתייה חד""פ",יחידה,1.00,יחידה,false,0,17.90,17.90,true,1,
7296073020370,false,צלחות גדולות שופרסל 100,שופרסל,IL,צלחות גדולות,יחידה,1.00,יחידה,false,0,30.90,30.90,true,1,
7296073020394,false,"קעריות ח""פ שופרסל 50 יח'",שופרסל,IL,"קעריות מרק חד""פ",יחידה,1.00,יחידה,false,0,19.90,19.90,true,1,
7296073020400,false,"קעריות ח""פ אובלית שופרסל",שופרסל,IL,קעריות קסרול,יחידה,1.00,יחידה,false,0,14.90,14.90,true,1,
7296073020936,false,פטריות שמפיניון חתוכ400ג,פרוצ'אמפ,NL,פטריות חתוכות,גרמים,400.00,100 גרם,false,0,4.60,1.15,true,1,
7296073021568,false,"קמח חיטה לבן בהיר 1 ק""ג",שופרסל,IL,קמח לבן,קילוגרמים,1.00,"ק""ג",false,0,3.90,3.90,true,1,
7296073021575,false,"קמח תופח שופרסל 1 ק""ג",שופרסל,IL,קמח תופח,קילוגרמים,1.00,"ק""ג",false,0,7.50,7.50,true,1,
7296073021582,false,"סולת חיטה שופרסל 1 ק""ג",שופרסל,IL,סולת חיטה,קילוגרמים,1.00,"ק""ג",false,0,4.90,4.90,true,1,
7296073048992,false,פסטרמה בדבש שופרסל 300גר,מעדני יחיעם,IL,פסטרמה בדבש,גרמים,300.00,100 גרם,false,0,23.90,7.97,true,1,
7296073049029,false,כתף בקר שופרסל 300 גרם,מעדני יחיעם,IL,כתף בקר,גרמים,300.00,100 גרם,false,0,29.60,9.87,true,1,
7296073049043,false,פסטרמה ברבקיו שופרסל300ג,שופרסל,IL,פסטרמה ברבקיו,גרמים,300.00,100 גרם,false,0,23.90,7.97,true,1,
7296073049050,false,פסטרמה רומנית שופרסל300ג,שופרסל,IL,פסטרמה רומנית,גרמים,300.00,100 גרם,false,0,27.90,9.30,true,1,
7296073049074,false,סלמי קוניאק שופרסל 300גר,מעדני יחיעם,IL,סלמי קוניאק,גרמים,300.00,100 גרם,false,0,23.90,7.97,true,1,
7296073049135,false,אטריות ביצים דקות שופ200,שיבולים בני דרום,IL,אטריות ביצים,גרמים,200.00,100 גרם,false,0,7.90,3.95,true,1,
7296073049654,false,טבעות זיתים ירוקים 560גר,שופרסל,IL,טבעות זיתים,גרמים,560.00,100 גרם,false,0,9.60,1.71,true,1,
7296073053750,false,פסטה לומקה ריגטה 48 שופר,שופרסל,IT,פסטה לומקה ריגטה,גרמים,500.00,100 גרם,false,0,4.90,0.98,true,1,
7296073053767,false,דפי לזניה שופרסל 500 גרם,שופרסל,IT,דפי לזניה,גרמים,500.00,100 גרם,false,0,13.90,2.78,true,1,
7296073058984,false,גרנולה קראנץ פירות+אג400,בריגן קי. ג'י,DE,גרנולה קראנץ,גרמים,400.00,100 גרם,false,0,17.90,4.48,true,1,
7296073058991,false,מוזלי שופרסל 500 גרם,בריגן קי ג'י,DE,מוזלי,גרמים,500.00,100 גרם,false,0,17.90,3.58,true,1,
7296073059691,false,"50 צלחות גדול ח""פ שופרסל",שופרסל,IL,צלחות גדולות,יחידה,1.00,יחידה,false,0,17.90,17.90,true,1,
7296073059707,false,"צלחות קטנות ח""פ שופרסל 5",שופרסל,IL,"צלחות קטנות חד""פ",יחידה,1.00,יחידה,false,0,14.90,14.90,true,1,
7296073059745,false,"לפתניות ח""פ שופרסל 50 יח",שופרסל,IL,"ליפתניות חד""פ",יחידה,1.00,יחידה,false,0,14.90,14.90,true,1,
7296073064367,false,"בורקס תפו""א שופרסל 800 ג",שופרסל,IL,"800 בורקס תפו""א",גרמים,800.00,100 גרם,false,0,17.90,2.24,true,1,
7296073064398,false,בורקס גבינה שופרסל 800 ג,מאפ גדרון,IL,בורקס גבינה800,גרמים,800.00,100 גרם,false,0,19.90,2.49,true,1,
7296073066330,false,חלווה מעודנת שופרסל 400ג,"אחדות בע""מ א.ת. ברקן",IL,חלווה מעודנת,גרמים,400.00,100 גרם,false,0,14.10,3.53,true,1,
7296073066347,false,חלווה מסולסלת שופרסל250ג,"אחדות בע""מ א.ת. ברקן",IL,חלווה מסולסלת,גרמים,250.00,100 גרם,false,0,14.10,5.64,true,1,
7296073066354,false,חטיפי חלווה שופרסל 250 ג,"אחדות בע""מ א.ת. ברקן",IL,חטיפי חלווה,גרמים,250.00,100 גרם,false,0,11.20,4.48,true,1,
7296073074434,false,פתי בר גדול שופרסל500גרם,שופרסל,IL,פתיבר גדול,גרמים,500.00,100 גרם,false,0,9.50,1.90,true,1,
7296073074441,false,פתי בר שוקו גדול שופר500,שופרסל,IL,פתי בר גדול שוקו,גרמים,500.00,100 גרם,false,0,9.50,1.90,true,1,
7296073078579,false,דבש טבעי מפרחי שדה 350 ג,שופרסל,IL,דבש טבעי,גרמים,350.00,100 גרם,false,0,18.90,5.40,true,1,
7296073078586,false,דבש טבעי שופרסל צנצ500גר,שופרסל,IL,דבש טבעי,גרמים,500.00,100 גרם,false,0,26.90,5.38,true,1,
7296073078609,false,"דבש טבעי שופרסל 1 ק""ג",מכוורת עמק חפר,IL,דבש טבעי,קילוגרמים,1.00,"ק""ג",false,0,41.90,41.90,true,1,
7296073078821,false,4 כריות יפניות שופרסל,פלסטו פוליש,IL,כריות יפניות,יחידה,1.00,יחידה,false,0,8.90,8.90,true,1,
7296073078838,false,6 כריות יפניות שופרסל,פלסטו פוליש,IL,כריות יפניות,יחידה,1.00,יחידה,false,0,9.70,9.70,true,1,
7296073078883,false,9 מטליות ניקוי כללי שופר,שופרסל,IL,מטליות לניקוי,יחידה,1.00,יחידה,false,0,9.90,9.90,true,1,
7296073079002,false,פריכ.דקות אורז מלא ש100.,"פרח תעשיות מזון בע""\מ",IL,פריכיות דקות,גרמים,100.00,100 גרם,false,0,7.90,7.90,true,1,
7296073079019,false,פריכיות דק.קצח 100ג שופר,"פרח תעשיות מזון בע""\מ",IL,פריכיות דקות,גרמים,100.00,100 גרם,false,0,7.90,7.90,true,1,
7296073079040,false,פריכיות זעתר שופרסל 50גר,"פרח תעשיות מזון בע""\מ",IL,פריכיות אורז,גרמים,50.00,100 גרם,false,0,8.90,17.80,true,1,
7296073079866,false,עגבניות מרוסקות שופר800ג,פריניר,IL,עגבניות מרוסקות,גרמים,800.00,100 גרם,false,0,6.80,0.85,true,1,
7296073079873,false,רוטב עגבנ.מרוכז מאוד580ג,פריניר,IL,תרכיז עגבניות,גרמים,580.00,100 גרם,false,0,6.30,1.09,true,1,
7296073079880,false,רסק עגבניות 22%שופר570ג,פריניר,IL,רוטב עגבניות,גרמים,570.00,100 גרם,false,0,6.10,1.07,true,1,
7296073079903,false,רוטב עגבניות 22%שופר100ג,פריניר,IL,רוטב עגבניות,גרמים,100.00,100 גרם,false,0,1.90,1.90,true,1,
7296073080497,false,שעועית אפויה שופרסל 580ג,פרי גליל,IL,שעועית אפויה,גרמים,580.00,100 גרם,false,0,7.90,1.36,true,1,
7296073080503,false,אפונה גדולה שופרסל550גרם,פרי גליל,IL,אפונה ירוקה,גרמים,550.00,100 גרם,false,0,7.90,1.44,true,1,
7296073080510,false,חומוס שלם שופרסל 560 גרם,פרי גליל,IL,חומוס שלם,גרמים,560.00,100 גרם,false,0,7.90,1.41,true,1,
7296073080534,false,תירס מתוק שופרסל 550 גרם,פרי גליל,IL,גרעיני תירס מתוק,גרמים,550.00,100 גרם,false,0,7.90,1.44,true,1,
7296073080541,false,אפונה וגזר שופרסל 550 גר,פרי גליל,IL,אפונה וגזר,גרמים,550.00,100 גרם,false,0,7.90,1.44,true,1,
7296073080558,false,תירס לייט שופרסל 550 גרם,פרי גליל,IL,תירס לייט,גרמים,550.00,100 גרם,false,0,8.90,1.62,true,1,
7296073081449,false,פירורי לחם מוזהב שופר200,"חטיפים מן הטבע בע""\מ",IL,פירורי לחם,גרמים,200.00,100 גרם,false,0,4.20,2.10,true,1,
7296073081456,false,פירורי לחם לבן שופרסל200,"חטיפים מן הטבע בע""\מ",IL,פירורי לחם לבן,גרמים,200.00,100 גרם,false,0,5.50,2.75,true,1,
7296073087175,false,ריבת תות שופרסל 370 גרם,LTD 99 CIMA,BG,ריבת תות שדה,גרמים,370.00,100 גרם,false,0,11.90,3.22,true,1,
7296073087182,false,ריבת מישמש שופרסל 370גרם,LTD 99 CIMA,BG,ריבת מישמש,גרמים,370.00,100 גרם,false,0,11.90,3.22,true,1,
7296073087205,false,ריבת אוכמניות שופרסל370ג,LTD 99 CIMA,BG,ריבת אוכמניות,גרמים,370.00,100 גרם,false,0,11.90,3.22,true,1,
7296073087243,false,קונפ.דובדבנים שופרסל370ג,LTD 99 CIMA,BG,קונפ.דובדבנים,גרמים,370.00,100 גרם,false,0,13.50,3.65,true,1,
7296073087274,false,קונפ.שזיפים שופרסל 370גר,LTD 99 CIMA,BG,קונפיט.שזיפים,גרמים,370.00,100 גרם,false,0,13.50,3.65,true,1,
7296073087281,false,קונפ.תות שדה שופרסל 370ג,LTD 99 CIMA,BG,קונפיטורת תות,גרמים,370.00,100 גרם,false,0,13.50,3.65,true,1,
7296073087298,false,קונפ.מישמש שופרסל 370 גר,LTD 99 CIMA,BG,קונפיטורה מישמש,גרמים,370.00,100 גרם,false,0,13.50,3.65,true,1,
7296073091226,false,פופקורן גרעינים שופר1.קג,מיה,IL,פופקורן גרעינים,קילוגרמים,1.00,"ק""ג",false,0,9.80,9.80,true,1,
7296073091394,false,גרעין לבן קלוי400גשופרסל,ששון,IL,גרעין לבן קלוי,גרמים,400.00,100 גרם,false,0,19.90,4.98,true,1,
7296073091462,false,פיסטוק קלוי וממולח 200ג,ששון,IL,פיסטוק קלוי,גרמים,200.00,100 גרם,false,0,20.00,10.00,true,1,
7296073091479,false,שקד קלוף קלוי200ג שופרסל,ששון,IL,שקד קלוף קלוי,גרמים,200.00,100 גרם,false,0,18.90,9.45,true,1,
7296073091486,false,אגוזי קשיו קלויים ומומלח,ששון,IL,קשיו קלוי ומומלח,גרמים,200.00,100 גרם,false,0,20.00,10.00,true,1,
7296073091493,false,גרעין שחור קלוי200גשופרס,ששון,IL,גרעין שחור קלוי,גרמים,200.00,100 גרם,false,0,7.80,3.90,true,1,
7296073091547,false,צימוק בהיר 400ג שופרסל,ששון,IL,צימוק בהיר,גרמים,400.00,100 גרם,false,0,20.00,5.00,true,1,
7296073091554,false,צימוקים כהים 400 גרם,ששון,IL,צימוקים כהים,גרמים,400.00,100 גרם,false,0,19.90,4.98,true,1,
7296073091585,false,שקד קלוף טבעי200ג שופרסל,ששון,IL,שקדים קלופים,גרמים,200.00,100 גרם,false,0,18.90,9.45,true,1,
7296073091608,false,אגוזי קשיו קלופים טבעיים,ששון,VN,אגוזי קשיו טבעי,גרמים,200.00,100 גרם,false,0,20.00,10.00,true,1,
7296073091646,false,צנוברים קלופים 100גרם,ששון,CN,צנוברים קלופים,גרמים,100.00,100 גרם,false,0,26.90,26.90,true,1,
7296073091653,false,בננה צ'יפס 250ג שופרסל,ששון,PH,בננה צ'יפס,גרמים,250.00,100 גרם,false,0,10.00,4.00,true,1,
7296073091677,false,חמוציות 250גרם שופרסל,ששון,US,חמוציות 250גרם,גרמים,250.00,100 גרם,false,0,12.90,5.16,true,1,
7296073094463,false,חלווה שיש שופרסל 400 גרם,"אחדות בע""מ א.ת. ברקן",IL,חלווה שיש,גרמים,400.00,100 גרם,false,0,14.10,3.53,true,1,
7296073094746,false,חלווה וניל שופרסל 400גרם,"אחדות בע""מ א.ת. ברקן",IL,חלווה וניל,גרמים,400.00,100 גרם,false,0,14.10,3.53,true,1,
7296073094753,false,חלווה וניל שופרסל 500 גר,"אחדות בע""מ א.ת. ברקן",IL,חלווה וניל,גרמים,500.00,100 גרם,false,0,13.90,2.78,true,1,
7296073095583,false,"אצטון שופרסל 100 מ""ל","ש. שוורץ )באר שבע( בע""\מ",IL,אצטון BE,מיליליטרים,100.00,"100 מ""ל",false,0,3.90,3.90,true,1,
7296073095910,false,דבש לחיץ שופרסל 350 גרם,מכוורת עמק חפר,IL,דבש טבעי לחיץ,גרמים,350.00,100 גרם,false,0,24.70,7.06,true,1,
7296073098263,false,גזר גמדי מוקפא שופרסל800,פרי גליל,IL,גזר גמדי מוקפא,גרמים,800.00,100 גרם,false,0,13.90,1.74,true,1,
7296073098294,false,ברוקולי מוקפא שופרסל 800,פרי גליל,IL,ברוקולי 800 גר,גרמים,800.00,100 גרם,false,0,18.90,2.36,true,1,
7296073103813,false,תפוח אדמה לבן ארוז,שופרסל,IL,"תפו""א לבן ארוז",קילוגרמים,0.00,"ק""ג",true,0,4.90,4.90,true,1,
7296073103820,false,תפוח אדמה לטיגון ארוז,שופרסל,IL,"תפו""א לטיגון",קילוגרמים,0.00,"ק""ג",true,0,5.90,5.90,true,1,
7296073106074,false,טליאטלה שופרסל 500 גרם,שופרסל,IT,פסטה טליאטלה,גרמים,500.00,100 גרם,false,0,10.90,2.18,true,1,
7296073106081,false,טריקולור פרפלה שופר500.ג,שופרסל,IL,פרפלה טריקולור,גרמים,500.00,100 גרם,false,0,6.80,1.36,true,1,
7296073106098,false,פריכיות דק.כוסמת שופר100,"פרח תעשיות מזון בע""\מ",IL,פריכיות כוסמת,גרמים,100.00,100 גרם,false,0,7.90,7.90,true,1,
7296073107392,false,גרנולה צימוק שקד תפוח400,בריגן קי ג'י,DE,גרנולה שופרסל,גרמים,400.00,100 גרם,false,0,17.90,4.48,true,1,
7296073107408,false,גרנולה שוקו.פקאן שופר400,בריגן קי ג'י,DE,גרנולה שוקולד,גרמים,400.00,100 גרם,false,0,17.90,4.48,true,1,
7296073107989,false,גרעיני תירס שופרסל 800 ג,פרי גליל,IL,גרעיני תירס,גרמים,800.00,100 גרם,false,0,14.90,1.86,true,1,
7296073107996,false,פול ירוק שופרסל 800 גרם,פרי גליל,GB,פול ירוק,גרמים,800.00,100 גרם,false,0,17.90,2.24,true,1,
7296073108085,false,שעועית צהובה חתוכה שופרס,פרי גליל,IL,שעועית צהובה,גרמים,800.00,100 גרם,false,0,14.90,1.86,true,1,
7296073108269,false,חסה ערבית שטופה לאכילה,פרסקו,IL,עלי חסה ערבית,גרמים,250.00,100 גרם,false,0,10.90,4.36,true,1,
7296073108313,false,סלט קולסלאו שטוף לאכילה,פרסקו,IL,סלט קולסלאו שטוף,גרמים,400.00,100 גרם,false,0,8.90,2.23,true,1,
7296073108320,false,שבבי גזר שטופים לאכילה,פרסקו,IL,שבבי גזר שטופים,גרמים,400.00,100 גרם,false,0,8.90,2.23,true,1,
7296073108344,false,לקט קלאסי שטוף לאכילה,"פרסקו חצבה 2006 בע""\מ",IL,לקט קלאסי שטוף,גרמים,350.00,100 גרם,false,0,11.90,3.40,true,1,
7296073108351,false,חסה אייסברג שטופה לאכילה,"פרסקו חצבה 2006 בע""\מ",IL,חסה אייסברג שטוף,גרמים,300.00,100 גרם,false,0,10.90,3.63,true,1,
7296073108368,false,לקט הגינה שטוף לאכילה,פרסקו,IL,לקט הגינה שטוף,גרמים,300.00,100 גרם,false,0,11.90,3.97,true,1,
7296073108375,false,כרוב לבן שטוף לאכילה400ג,"פרסקו חצבה 2006 בע""\מ",IL,כרוב לבן שטוף,גרמים,400.00,100 גרם,false,0,8.50,2.13,true,1,
7296073108443,false,"קמח מלא שופרסל 1 ק""ג",שופרסל,IL,קמח חיטה מלא,קילוגרמים,1.00,"ק""ג",false,0,7.50,7.50,true,1,
7296073109822,false,תמר מג'הול מעולה 400 גרם,הדיקלאים,IL,תמר מג'הול 400ג,גרמים,400.00,100 גרם,false,0,10.00,2.50,true,1,
7296073112457,false,קוסקוס חיטה מלא.שופר350ג,אסיף תעשיות מזון,IL,קוסקוס,גרמים,350.00,100 גרם,false,0,6.20,1.77,true,1,
7296073112464,false,פוסילי מקמח חיטה מלא500ג,שופרסל,IT,פוזילי חיטה מלאה,גרמים,500.00,100 גרם,false,0,8.70,1.74,true,1,
7296073112471,false,ספגטי חיטה מלאה שופר500ג,שופרסל,IT,ספגטי מקמח מלא,גרמים,500.00,100 גרם,false,0,8.70,1.74,true,1,
7296073116769,false,קוקוס טחון שופרסל 100גרם,מיה,IL,קוקוס טחון,גרמים,100.00,100 גרם,false,0,4.90,4.90,true,1,
7296073116783,false,שומשום שופרסל 100 גרם,מיה,IL,שומשום שופרסל,גרמים,100.00,100 גרם,false,0,4.20,4.20,true,1,
7296073116813,false,קמח תירס שופרסל 400 גרם,מיה תעשיות מזון,IL,קמח תירס,גרמים,400.00,100 גרם,false,0,5.90,1.48,true,1,
7296073116820,false,"קמח תפו""א שופרסל 500 גרם",מיה,IL,"קמח תפו""א",גרמים,500.00,100 גרם,false,0,5.00,1.00,true,1,
7296073116837,false,קוואקר שופרסל קופסא500ג,בריגן קי ג'י,DE,קוואקר שופרסל,גרמים,500.00,100 גרם,false,0,10.90,2.18,true,1,
7296073117872,false,חרוזי זיתים מושחר שופ560,קבוצת יבנה מוצרי מזון,IL,חרוזי זיתים,גרמים,540.00,100 גרם,false,0,8.80,1.63,true,1,
7296073118770,false,עלי בייבי שטופים לאכילה,"פרסקו חצבה 2006 בע""\מ",IL,עלי בייבי שטופים,גרמים,300.00,100 גרם,false,0,14.90,4.97,true,1,
7296073121176,false,תמר חלאוי 400ג שופרסל,הדיקלאים,IL,תמר חלאווי 400ג,גרמים,400.00,100 גרם,false,0,10.00,2.50,true,1,
7296073121183,false,תמר דקל נור 400ג שופרסל,ערדום תמרים,IL,תמר דקל נור 400ג,גרמים,400.00,100 גרם,false,0,10.00,2.50,true,1,
7296073121190,false,תמר אמרי 400גרם שופרסל,הדיקלאים,IL,תמר אמרי 400ג,גרמים,400.00,100 גרם,false,0,10.00,2.50,true,1,
7296073122258,false,תערובת אגוזים 200גשופרסל,ששון,IL,תערובת אגוזים,גרמים,200.00,100 גרם,false,0,20.00,10.00,true,1,
7296073122296,false,פסטרמה מסורתית שופר300.ג,שופרסל,IL,פסטרמה מסורתית,גרמים,300.00,100 גרם,false,0,22.90,7.63,true,1,
7296073122333,false,שקדי מרק מרכיבים טבעיים,שופרסל,IL,שקדי מרק בשקית,גרמים,400.00,100 גרם,false,0,7.90,1.98,true,1,
7296073123712,false,"תמצית רום שופרסל 50 מ""ל",מיה,IL,תמצית רום,מיליליטרים,50.00,"100 מ""ל",false,0,4.50,9.00,true,1,
7296073123729,false,"תמצית וניל שופרסל 50 מ""ל",מיה,IL,תמצית וניל,מיליליטרים,50.00,"100 מ""ל",false,0,4.50,9.00,true,1,
7296073123996,false,שעועית מש שופרסל 500 גרם,מיה,IL,שעועית מש,גרמים,500.00,100 גרם,false,0,11.30,2.26,true,1,
7296073124160,false,שום קפוא מגשית שופרסל 80,שופרסל,IL,שום קפוא במגשית,גרמים,80.00,100 גרם,false,0,12.90,16.13,true,1,
7296073124177,false,שום כתוש צנצנת שופרסל200,שופרסל,IL,שום כתוש,גרמים,200.00,100 גרם,false,0,16.90,8.45,true,1,
7296073124382,false,ספגטיני מספר 3 שופרסל500,שופרסל,IT,ספגטיני מספר 3,גרמים,500.00,100 גרם,false,0,4.90,0.98,true,1,
7296073124399,false,ספגטי מספר 5 שופרסל 500ג,שופרסל,IT,ספגטי מספר 5,גרמים,500.00,100 גרם,false,0,4.90,0.98,true,1,
7296073125303,false,מלפפונים בחומץ 7-9 560גר,קבוצת יבנה מוצרי מזון,IL,מלפפונים בחומץ,גרמים,560.00,100 גרם,false,0,7.50,1.34,true,1,
7296073125327,false,מלפפונים בינוני בחומץ560,קבוצת יבנה מוצרי מזון,IL,מלפפונים בחומץ,גרמים,560.00,100 גרם,false,0,7.80,1.39,true,1,
7296073125341,false,מלפפונים בחומץ18-25 540ג,קבוצת יבנה מוצרי מזון,IL,מלפפונים בחומץ,גרמים,540.00,100 גרם,false,0,12.30,2.28,true,1,
7296073125914,false,מי פה ט.מרענן שופרסל500מ,מעבדות בוניקט,ES,מי פה טעם מרענן,מיליליטרים,500.00,"100 מ""ל",false,0,14.90,2.98,true,1,
7296073128229,false,שופרסל מעדן תות שדה284גר,LTD 99 CIMA,BG,מעדן תות שדה,גרמים,284.00,100 גרם,false,0,15.90,5.60,true,1,
7296073128267,false,מעדן פירות אדומ.שופר284ג,LTD 99 CIMA,BG,מעדן פירות אדומ.,גרמים,284.00,100 גרם,false,0,15.90,5.60,true,1,
7296073129431,false,פתיתים קוסקוס שופרסל500ג,"אסיף תעשיות מזון בע""\מ",IL,פתיתים קוסקוס,גרמים,500.00,100 גרם,false,0,5.20,1.04,true,1,
7296073129448,false,פתיתים טבעות שופרסל500גר,"אסיף תעשיות מזון בע""\מ",IL,פתיתים טבעות,גרמים,500.00,100 גרם,false,0,5.20,1.04,true,1,
7296073129455,false,פתיתים אורז שופרסל 500גר,"אסיף תעשיות מזון בע""\מ",IL,פתיתים אורז,גרמים,500.00,100 גרם,false,0,5.20,1.04,true,1,
7296073129462,false,פתיתים לבבות שופרסל500גר,"אסיף תעשיות מזון בע""\מ",IL,פתיתים לבבות,גרמים,500.00,100 גרם,false,0,5.20,1.04,true,1,
7296073129479,false,פתיתים כוכבים שופרסל500ג,אסיף תעשיות מזון,IL,פתיתים כוכבים,גרמים,500.00,100 גרם,false,0,5.20,1.04,true,1,
7296073129486,false,פתיתים קמח מלא שופרסל500,"אסיף תעשיות מזון בע""\מ",IL,פתיתים קמח מלא,גרמים,500.00,100 גרם,false,0,6.70,1.34,true,1,
7296073129523,false,נר נשמה שבועי שופרסל,שופרסל,IL,נר נשמה שבועי,יחידה,1.00,יחידה,false,0,11.50,11.50,true,1,
7296073130499,false,"מיץ לימון שופרסל 200 מ""ל",סי פרווידר,IT,מיץ לימון שופרסל,מיליליטרים,200.00,"100 מ""ל",false,0,6.40,3.20,true,1,
7296073132400,false,"מיץ לימון שופרסל 500 מ""ל",סי פרווידר,IT,מיץ לימון,מיליליטרים,500.00,"100 מ""ל",false,0,7.90,1.58,true,1,
7296073132479,false,לבבות דקל שלמים שופר400ג,אינדוסטריה אגריקולה,EC,לבבות דקל שלמים,גרמים,400.00,100 גרם,false,0,10.90,2.73,true,1,
7296073132806,false,חרוזי זיתים שופרסל560גרם,קבוצת יבנה מוצרי מזון,IL,חרוזי זיתים,גרמים,560.00,100 גרם,false,0,9.80,1.75,true,1,
7296073132820,false,סלק בואקום 500 גרם,שופרסל,ES,סלק בואקום 500ג,גרמים,500.00,100 גרם,false,0,8.90,1.78,true,1,
7296073132936,false,עוגת מאפין שיש שופרסל400,גידרון,IL,עוגת מאפין,גרמים,400.00,100 גרם,false,0,11.90,2.98,true,1,
7296073132943,false,עוגת מאפין שוק.שופרסל400,גידרון,IL,עוגת מאפין,גרמים,400.00,100 גרם,false,0,11.90,2.98,true,1,
7296073132950,false,עוגת מאפין וניל שופר400ג,גידרון,IL,עוגת מאפין,גרמים,400.00,100 גרם,false,0,11.90,2.98,true,1,
7296073132974,false,צלחות גדולות לבן שופרסל,שופרסל,IL,צלחות ענקיות,יחידה,1.00,יחידה,false,0,24.90,24.90,true,1,
7296073132981,false,25צלחות גדולה לבן שופרסל,שופרסל,IL,צלחות גדולה,יחידה,1.00,יחידה,false,0,17.90,17.90,true,1,
7296073132998,false,25צלחות קטנות לבן שופרסל,שופרסל,IL,צלחות קטנות,יחידה,1.00,יחידה,false,0,12.90,12.90,true,1,
7296073133001,false,קערית מרק לבן אלגנט 25יח,שופרסל,IL,קעריות מרק לבנות,יחידה,1.00,יחידה,false,0,12.90,12.90,true,1,
7296073133056,false,צלחת קרם אלגנט ענק 25 יח,שופרסל,IL,צלחות קרם ענקיות,יחידה,1.00,יחידה,false,0,24.90,24.90,true,1,
7296073133063,false,צלחות בינונית קרם שופרסל,שופרסל,IL,צלחות גדולות,יחידה,1.00,יחידה,false,0,17.90,17.90,true,1,
7296073133070,false,צלחות קטנות קרם שופרסל 2,שופרסל,IL,צלחות קטנות,יחידה,1.00,יחידה,false,0,12.90,12.90,true,1,
7296073133087,false,קעריות מרק קרם שופרסל 25,שופרסל,IL,קעריות מרק,יחידה,1.00,יחידה,false,0,12.90,12.90,true,1,
7296073134442,false,קרקר חיטה שופרסל 300 גרם,שופרסל,CZ,קרקר חיטה,גרמים,300.00,100 גרם,false,0,14.50,4.83,true,1,
7296073134459,false,קרקר סגנ.שוודי שופרסל300,שופרסל,CZ,קרקר שוודי,גרמים,300.00,100 גרם,false,0,14.50,4.83,true,1,
7296073134534,false,קפה טורקי שופרסל 100 גרם,שופרסל,IL,קפה טורקי,גרמים,100.00,100 גרם,false,0,5.90,5.90,true,1,
7296073134541,false,קפה טורקי שופרסל 100*3גר,שופרסל,IL,מארז קפה טורקי,גרמים,300.00,100 גרם,false,0,16.60,5.53,true,1,
7296073140184,false,עוגת מאפין תפוז שופר400ג,גידרון,IL,עוגת מאפין תפוז,גרמים,400.00,100 גרם,false,0,11.90,2.98,true,1,
7296073140801,false,חטיף חלבה וניל שופרסל100,"אחדות בע""מ א.ת. ברקן",IL,חטיף חלבה שופרסל,גרמים,100.00,100 גרם,false,0,3.20,3.20,true,1,
7296073141143,false,שוקולד חלב שופרסל100 גרם,"שוקולד פריי בע""מ",CH,שוקולד חלב,גרמים,100.00,100 גרם,false,0,5.60,5.60,true,1,
7296073142041,false,גביעי גלידה שופרסל 24יח',"א.ג. גילרו בע""\מ",IL,גביעי גלידה,גרמים,120.00,100 גרם,false,0,12.90,10.75,true,1,
7296073143437,false,"ברנפלקס ללת""ס שופרסל 500",בריגן קי. ג'י,DE,"ברנפלקס ללת""ס",גרמים,500.00,100 גרם,false,0,15.90,3.18,true,1,
7296073143727,false,פתיתים קוסקוס 3 צבעים500,"אסיף תעשיות מזון בע""\מ",IL,פתיתים 3 צבעים,גרמים,500.00,100 גרם,false,0,6.70,1.34,true,1,
7296073143758,false,עוגת בראוניס שופרסל400גר,גידרון,IL,עוגת בראוניס,גרמים,400.00,100 גרם,false,0,15.90,3.98,true,1,
7296073146957,false,שוק.חלב שברי אגוז שופ100,שופרסל,CH,שוקולד חלב אגוז,גרמים,100.00,100 גרם,false,0,5.80,5.80,true,1,
7296073150527,false,קורנפלקס שופרסל 750 גרם,שופרסל,DK,קורנפלקס שופרסל,גרמים,750.00,100 גרם,false,0,13.90,1.85,true,1,
7296073151463,false,פריכיות דקות דל נתרן100ג,"פרח תעשיות מזון בע""\מ",IL,פריכיות דקות,גרמים,100.00,100 גרם,false,0,7.90,7.90,true,1,
7296073151548,false,מלח בישול גס שופרסל 1 קג,מלח הארץ אילת,IL,מלח בישול גס,קילוגרמים,1.00,"ק""ג",false,0,2.07,2.07,true,1,
7296073151555,false,מלח שולחן דק שופרסל 1 קג,מלח הארץ אילת,IL,מלח שולחן דק,קילוגרמים,1.00,"ק""ג",false,0,2.07,2.07,true,1,
7296073152453,false,קפה טורקי ואקום שופר200ג,שופרסל,IL,קפה טורקי בואקום,גרמים,200.00,100 גרם,false,0,16.10,8.05,true,1,
7296073153238,false,גזר ארוז שופרסל,,IL,גזר ארוז שופרסל,קילוגרמים,0.00,"ק""ג",true,0,5.90,5.90,true,1,
7296073153290,false,מזון לחתול מיקס שופרסל3ק,Tuffy's,GB,מזון לחתולים,קילוגרמים,3.00,"ק""ג",false,0,52.90,17.63,true,1,
7296073153337,false,מקרוני בוקטיני מס14 500ג,שופרסל,IL,מקרוני,גרמים,500.00,100 גרם,false,0,4.90,0.98,true,1,
7296073153849,false,זוג רדידי אלומיניום 7.2X,שופרסל,IL,רדידי אלומיניום,מטרים,15.00,מטר,false,0,9.90,0.66,true,1,
7296073153870,false,זוג רדידי אלומיניום רחב,שופרסל,CN,זוג רדידי אלומינ,מטרים,15.00,מטר,false,0,14.90,0.99,true,1,
7296073156246,false,עוגת בראוניס ש.צ'יפס400ג,גידרון,IL,עוגת בראוניס,גרמים,400.00,100 גרם,false,0,15.90,3.98,true,1,
7296073161479,false,פריכיות דקות תירס 100 גר,"פרח תעשיות מזון בע""\מ",IL,פריכיות תירס,גרמים,100.00,100 גרם,false,0,7.90,7.90,true,1,
7296073161981,false,עוג.מילוי קרם שוק.שופ150,ויסנצ'י,IT,עוגיות קרם שוקו,גרמים,150.00,100 גרם,false,0,8.90,5.93,true,1,
7296073162001,false,עוג.קרם אגוז לוז שופר150,שופרסל,IT,עוגיות קרם אגוז,גרמים,150.00,100 גרם,false,0,8.90,5.93,true,1,
7296073163084,false,נקניקיות וינר שופרסל400ג,מעדני יחיעם,IL,נקניקיות וינר,גרמים,400.00,100 גרם,false,0,11.90,2.98,true,1,
7296073163107,false,נקניקיות וינר שופרסל1.5ק,שופרסל,IL,נקניקיות וינר,קילוגרמים,1.50,"ק""ג",false,0,29.90,19.93,true,1,
7296073163114,false,נקניקיות מיני שופרסל600ג,מעדני יחיעם,IL,נקניקיות מיני,גרמים,600.00,100 גרם,false,0,17.90,2.98,true,1,
7296073169543,false,40 מטליות רב שימושיות,שופרסל,IL,"מטליות רב""ש",יחידה,1.00,יחידה,false,0,21.50,21.50,true,1,
7296073169550,false,3 מטליות מיקרופייבר שופר,שופרסל,CN,מטליות מיקרופיבר,יחידה,1.00,יחידה,false,0,14.80,14.80,true,1,
7296073170860,false,צ'יפס קלאסי שופרסל 1.5קג,"תעשיות תפוגן בע""\מ",IL,צ'יפס קלאסי,קילוגרמים,1.50,"ק""ג",false,0,19.90,13.27,true,1,
7296073170877,false,צ'יפס אמריקאי שופרסל 1.5,"תעשיות תפוגן בע""\מ",IL,צ'יפס אמריקאי,קילוגרמים,1.50,"ק""ג",false,0,24.90,16.60,true,1,
7296073170884,false,סטייק צ'יפס שופרסל 1.5קג,"תעשיות תפוגן בע""\מ",IL,סטייק צ'יפס,קילוגרמים,1.50,"ק""ג",false,0,24.90,16.60,true,1,
7296073170891,false,צ'יפס זיגזג שופרסל 1.5קג,"תעשיות תפוגן בע""\מ",IL,צ\יפס זיגזג,קילוגרמים,1.50,"ק""ג",false,0,24.90,16.60,true,1,
7296073173045,false,דבש טבעי לחיץ שופרסל500ג,שופרסל,IL,דבש לחיץ שופרסל,גרמים,500.00,100 גרם,false,0,30.20,6.04,true,1,
7296073173199,false,אפונה ירוקה עדינה שופרסל,שופרסל,BE,אפונה עדינה,גרמים,600.00,100 גרם,false,0,13.90,2.31,true,1,
7296073173205,false,שעועית ירוקה עדינה שופרס,ARDO,BE,שעועית ירוקה,גרמים,600.00,100 גרם,false,0,14.90,2.48,true,1,
7296073173212,false,שעועית ירוקה שלמה שופרסל,ARDO,BE,שעועית ירוקה,גרמים,800.00,100 גרם,false,0,17.90,2.24,true,1,
7296073173229,false,שעועית ירוקה חתוכה שופרס,ARDO,BE,שעועית ירוקה,גרמים,800.00,100 גרם,false,0,17.90,2.24,true,1,
7296073173304,false,"קמח חיטה לאפיית לחם 1ק""ג",שופרסל,IL,קמח לאפיית לחם,קילוגרמים,1.00,"ק""ג",false,0,7.50,7.50,true,1,
7296073173311,false,קמח תופח מועשר שופרסל 1ק,שופרסל,IL,קמח תופח מועשר,קילוגרמים,1.00,"ק""ג",false,0,7.50,7.50,true,1,
7296073173335,false,קמח שיפון מלא שופרסל 1קג,שופרסל,IL,קמח שיפון מלא,קילוגרמים,1.00,"ק""ג",false,0,7.50,7.50,true,1,
7296073179863,false,דבש טבעי לחיץ שופרסל250ג,שופרסל,IL,דבש טבעי לחיץ,גרמים,250.00,100 גרם,false,0,16.90,6.76,true,1,
7296073180203,false,עלי רוקט שטופים 150גרם,"פרסקו חצבה 2006 בע""\מ",IL,עלי רוקט150ג',גרמים,150.00,100 גרם,false,0,10.90,7.27,true,1,
7296073180210,false,עלי תרד בייבי שטופים400ג,"פרסקו חצבה 2006 בע""\מ",IL,עלי תרד בייבי,גרמים,400.00,100 גרם,false,0,16.90,4.23,true,1,
7296073180425,false,רוטב פסטה שום+אורגנו350ג,,IT,רוטב לפסטה,גרמים,350.00,100 גרם,false,0,9.90,2.83,true,1,
7296073180432,false,רוטב לפסטה בזיליקום 350ג,,IT,רוטב לפסטה,גרמים,350.00,100 גרם,false,0,9.90,2.83,true,1,
7296073180449,false,רוטב לפסטה,,IT,רוטב לפסטה,גרמים,350.00,100 גרם,false,0,9.90,2.83,true,1,
7296073180548,false,אגוז מלך טבעי150ג שופרסל,ששון,US,א.מלך טבעי קלוף,גרמים,150.00,100 גרם,false,0,10.00,6.67,true,1,
7296073180630,false,מטליות לחות לרצפה 10יח,טרופיקל דגיל,IL,מטליות לחות,יחידה,1.00,יחידה,false,0,7.50,7.50,true,1,
7296073180944,false,מטלית רצפה,,CN,מטלית רצפה,יחידה,1.00,יחידה,false,0,9.90,9.90,true,1,
7296073187363,false,פחם דרום אמריקאי,,PY,פחם דרום אמריקאי,קילוגרמים,2.00,"ק""ג",false,0,14.90,7.45,true,1,
7296073189572,false,פקאן סיני 200גרם שופרסל,שקרצי,IL,פקאן סיני 200גרם,גרמים,200.00,100 גרם,false,0,25.90,12.95,true,1,
7296073189589,false,פקאן טבעי 200גרם שופרסל,שקרצי,US,חצאי אגוזי פקאן,גרמים,200.00,100 גרם,false,0,26.90,13.45,true,1,
7296073189602,false,בוטן מטוגן 400גרם שופרסל,שקרצי,IL,חצאי בוטן מטוגן,גרמים,400.00,100 גרם,false,0,15.90,3.98,true,1,
7296073189671,false,ג.דלעת קלוף 150גרם שופרס,ששון,CN,גרעין דלעת קלוף,גרמים,150.00,100 גרם,false,0,13.90,9.27,true,1,
7296073191261,false,תחתיות ארטישוק שופר390גר,Raal El Conservas,ES,תחתיות ארטישוק,גרמים,390.00,100 גרם,false,0,9.90,2.54,true,1,
7296073192633,false,שעועית לבנה שופרסל 800גר,פרי גליל,IL,שעועית לבנה,גרמים,800.00,100 גרם,false,0,16.90,2.11,true,1,
7296073192657,false,גרגרי חומוס שופרסל 800גר,פרי גליל,IL,גרגרי חומוס,גרמים,800.00,100 גרם,false,0,13.90,1.74,true,1,
7296073193784,false,כרובית שטופה 500גרם,"פרסקו חצבה 2006 בע""\מ",IL,כרובית שטופה,גרמים,500.00,100 גרם,false,0,15.90,3.18,true,1,
7296073193791,false,ברוקולי שטוף 400גרם,פרסקו,IL,ברוקולי שטוף,גרמים,400.00,100 גרם,false,0,15.90,3.98,true,1,
7296073195252,false,פריכיות אורז מלא גרין100,"פרח תעשיות מזון בע""\מ",IL,פריכיות אורז מלא,גרמים,100.00,100 גרם,false,0,8.50,8.50,true,1,
7296073195894,false,אטריות דקיקות שופרסל400ג,שיבולים בני דרום,IL,אטריות דקיקות,גרמים,400.00,100 גרם,false,0,5.90,1.48,true,1,
7296073195900,false,אטריות דקות שופרסל 400ג,שיבולים בני דרום,IL,אטריות דקות,גרמים,400.00,100 גרם,false,0,5.90,1.48,true,1,
7296073195924,false,אטריות רחבות שופרסל400ג,שיבולים בני דרום,IL,אטריות דקות,גרמים,400.00,100 גרם,false,0,5.90,1.48,true,1,
7296073197461,false,שוקולד חלב 100*3 גרם,"שוקולד פריי בע""מ",CH,שוקולד חלב 3 יח,גרמים,300.00,100 גרם,false,0,14.90,4.97,true,1,
7296073198314,false,דייסת דגנים מעורבים 200ג,שופרסל,IL,דייסת דגנים,גרמים,200.00,100 גרם,false,0,10.90,5.45,true,1,
7296073199014,false,נודלס דק להקפצה 400 גרם,INDUSTRY ANLIDA LONGHAI FUJIAN,CN,נודלס דק להקפצה,גרמים,400.00,100 גרם,false,0,11.50,2.88,true,1,
7296073201410,false,נודלס רחב להקפצה 400ג,פרוצ'אמפ,CN,נודלס בינוני,גרמים,400.00,100 גרם,false,0,11.50,2.88,true,1,
7296073202493,false,שוק.חלב שופרסל 100*6 גרם,"שוקולד פריי בע""מ",CH,שוקולד חלב 6 יח,גרמים,600.00,100 גרם,false,0,25.20,4.20,true,1,
7296073204640,false,בוטן אמריקאי200ג שופרסל,ששון,IL,בוטנים אמריקאים,גרמים,200.00,100 גרם,false,0,7.90,3.95,true,1,
7296073205081,false,מיונז,,IL,מיונז,גרמים,500.00,100 גרם,false,0,8.90,1.78,true,1,
7296073205111,false,"ניוקי תפו""א ל.ג.גרין500ג",,IT,"ניוקי תפו""א",גרמים,500.00,100 גרם,false,0,14.90,2.98,true,1,
7296073205616,false,תמר מג'הול אורגני גרין1ק,אלסקה,IL,תמר מג'הול גרין,קילוגרמים,1.00,"ק""ג",false,0,24.90,24.90,true,1,
7296073205708,false,רוט.פסט.בזיליקום אורג350,אלת'אה אס.פי.איי,IT,רוטב פסטה,גרמים,350.00,100 גרם,false,0,10.00,2.86,true,1,
7296073206095,false,סירופ אגבה,,MX,סירופ אגבה,גרמים,330.00,100 גרם,false,0,17.90,5.42,true,1,
7296073206682,false,טונה בשמן קנולה 160*4ג,"תעשיות פילטונה בע""מ",IL,טונה בשמן 4 יח,גרמים,640.00,100 גרם,false,0,19.50,3.05,true,1,
7296073207078,false,בוטן קלוף קלוי300 שופרסל,ששון,IL,בוטן קלוף קלוי,גרמים,300.00,100 גרם,false,0,8.90,2.96,true,1,
7296073209225,false,"3ספוגיות קירצוף 9*72 ס""מ",פלסטו פוליש,IL,ספוגיות קירצוף,יחידה,1.00,יחידה,false,0,9.10,9.10,true,1,
7296073209249,false,ספגיות קירצוף 6 יחידות,פלסטו פוליש,IL,ספוגיות קירצוף,יחידה,1.00,יחידה,false,0,5.70,5.70,true,1,
7296073209829,false,פטריות חתוכות דל נתרן400,פרוצ'אמפ,NL,פטריות חתוכות,גרמים,400.00,100 גרם,false,0,7.50,1.88,true,1,
7296073211624,false,פילה אמנון קפוא קג,שופרסל,CN,פילה אמנון קפוא,קילוגרמים,0.00,"ק""ג",true,0,32.90,32.90,true,1,
7296073211679,false,קורנפלקס ל.גלוטן גרין500,נקסקוב מילס,DK,קורנפלקס,גרמים,500.00,100 גרם,false,0,22.90,4.58,true,1,
7296073211969,false,וופל בלגי שוקולד 200 גרם,"גילרו בע""\מ",IL,וופל בלגי שוקולד,גרמים,200.00,100 גרם,false,0,4.60,2.30,true,1,
7296073214120,false,חתיכות אננס בסירופ850ג,CANNING FRUIT KUIBURI,TH,חתיכות אננס,גרמים,850.00,100 גרם,false,0,9.90,1.16,true,1,
7296073214137,false,פלחי אפרסקים,,CN,פלחי אפרסק,גרמים,820.00,100 גרם,false,0,9.90,1.21,true,1,
7296073214144,false,פלחי אפרסקים,,CN,פלחי אפרסק,גרמים,312.00,100 גרם,false,0,5.90,1.89,true,1,
7296073215820,false,כורכום טחון,,IL,כורכום טחון,גרמים,100.00,100 גרם,false,0,7.90,7.90,true,1,
7296073215844,false,כורכום טחון,,IL,כורכום טחון,גרמים,40.00,100 גרם,false,0,6.90,17.25,true,1,
7296073215851,false,כורכום במיכל,,IL,כורכום במיכל,גרמים,100.00,100 גרם,false,0,11.30,11.30,true,1,
7296073215875,false,כמון טחון,,IL,כמון טחון,גרמים,100.00,100 גרם,false,0,8.90,8.90,true,1,
7296073215882,false,כמון טחון,,IL,כמון טחון,גרמים,40.00,100 גרם,false,0,8.30,20.75,true,1,
7296073215899,false,כמון טחון,,IL,כמון טחון,גרמים,100.00,100 גרם,false,0,11.90,11.90,true,1,
7296073215905,false,כמון טחון,,IL,כמון טחון,גרמים,400.00,100 גרם,false,0,29.90,7.48,true,1,
7296073215912,false,קנמון טחון,,IL,קנמון טחון,גרמים,100.00,100 גרם,false,0,7.90,7.90,true,1,
7296073215929,false,קנמון טחון,,IL,קנמון טחון,גרמים,40.00,100 גרם,false,0,6.40,16.00,true,1,
7296073215936,false,קנמון טחון,,IL,קנמון טחון,גרמים,80.00,100 גרם,false,0,8.50,10.63,true,1,
7296073215943,false,אורגנו בשקית,,IL,אורגנו בשקית,גרמים,20.00,100 גרם,false,0,6.30,31.50,true,1,
7296073215967,false,שוםגבישי,,IL,שוםגבישי,גרמים,100.00,100 גרם,false,0,11.00,11.00,true,1,
7296073215974,false,שום גבישי,,IL,שום גבישי,גרמים,120.00,100 גרם,false,0,12.00,10.00,true,1,
7296073215981,false,אבקת שום,,IL,אבקת שום,גרמים,90.00,100 גרם,false,0,9.50,10.56,true,1,
7296073215998,false,אבקת שום,,IL,אבקת שום,גרמים,50.00,100 גרם,false,0,7.80,15.60,true,1,
7296073216001,false,תערובת תיבול עוף,,IL,תערובת תיבול עוף,גרמים,100.00,100 גרם,false,0,8.30,8.30,true,1,
7296073216018,false,תערובת תיבול,,IL,תערובת תיבול,גרמים,100.00,100 גרם,false,0,8.00,8.00,true,1,
7296073216025,false,תערובת תיבול,,IL,תערובת תיבול,גרמים,100.00,100 גרם,false,0,11.30,11.30,true,1,
7296073216032,false,תערובת גריל עוף,,IL,תערובת גריל עוף,גרמים,150.00,100 גרם,false,0,12.90,8.60,true,1,
7296073216049,false,תערוב תיבול,,IL,תערוב תיבול,גרמים,100.00,100 גרם,false,0,7.90,7.90,true,1,
7296073216063,false,חוואג' למרק,,IL,חוואג' למרק,גרמים,100.00,100 גרם,false,0,9.50,9.50,true,1,
7296073216070,false,פטרוזיליה תבלין,,IL,פטרוזיליה תבלין,גרמים,20.00,100 גרם,false,0,7.90,39.50,true,1,
7296073216087,false,עלי דפנה,,IL,עלי דפנה,גרמים,20.00,100 גרם,false,0,6.90,34.50,true,1,
7296073216100,false,צ'ילי כתוש,,IL,צ'ילי כתוש,גרמים,25.00,100 גרם,false,0,6.90,27.60,true,1,
7296073216117,false,תערובת תיבול קאר,,IL,תערובת תיבול קאר,גרמים,100.00,100 גרם,false,0,6.90,6.90,true,1,
7296073216124,false,בזיליקום תבלין,,IL,בזיליקום תבלין,גרמים,30.00,100 גרם,false,0,5.90,19.67,true,1,
7296073216131,false,טימין,,IL,טימין,גרמים,20.00,100 גרם,false,0,7.30,36.50,true,1,
7296073216148,false,פלפל שחור טחון,,IL,פלפל שחור טחון,גרמים,100.00,100 גרם,false,0,13.80,13.80,true,1,
7296073216155,false,פלפל שחור,,IL,פלפל שחור,גרמים,40.00,100 גרם,false,0,11.20,28.00,true,1,
7296073216162,false,פלפל שחור,,IL,פלפל שחור,גרמים,100.00,100 גרם,false,0,13.90,13.90,true,1,
7296073216186,false,פלפל שחור,,IL,פלפל שחור,גרמים,40.00,100 גרם,false,0,10.90,27.25,true,1,
7296073216193,false,פלפל שחור,,IL,פלפל שחור,גרמים,90.00,100 גרם,false,0,14.90,16.56,true,1,
7296073216209,false,פלפל שחור,,IL,פלפל שחור,גרמים,35.00,100 גרם,false,0,10.90,31.14,true,1,
7296073216223,false,פפריקה מתוקה,,IL,פפריקה מתוקה,גרמים,80.00,100 גרם,false,0,5.90,7.38,true,1,
7296073216230,false,פפריקה מתוקה,,IL,פפריקה מתוקה,גרמים,40.00,100 גרם,false,0,8.40,21.00,true,1,
7296073216247,false,פפריקה מתוקה,,IL,פפריקה מתוקה,גרמים,100.00,100 גרם,false,0,10.90,10.90,true,1,
7296073216254,false,פפריקה מתוקה,,IL,פפריקה מתוקה,גרמים,400.00,100 גרם,false,0,22.90,5.73,true,1,
7296073216261,false,פפריקה מתוקה,,IL,פפריקה מתוקה,גרמים,80.00,100 גרם,false,0,6.90,8.63,true,1,
7296073216278,false,פפריקה מרוקאית,,IL,פפריקה מרוקאית,גרמים,90.00,100 גרם,false,0,9.90,11.00,true,1,
7296073216285,false,פפריקה מתוקה,,IL,פפריקה מתוקה,גרמים,400.00,100 גרם,false,0,26.50,6.63,true,1,
7296073216292,false,פפריקה חריפה,,IL,פפריקה חריפה,גרמים,80.00,100 גרם,false,0,5.90,7.38,true,1,
7296073216308,false,פפריקה חריפה,,IL,פפריקה חריפה,גרמים,100.00,100 גרם,false,0,10.90,10.90,true,1,
7296073216315,false,מלח לימון,,IL,מלח לימון,גרמים,100.00,100 גרם,false,0,7.60,7.60,true,1,
7296073216322,false,מלח לימון,,IL,מלח לימון,גרמים,170.00,100 גרם,false,0,11.30,6.65,true,1,
7296073218166,false,פלפל אנגלי שלם,,IL,פלפל אנגלי שלם,גרמים,25.00,100 גרם,false,0,8.30,33.20,true,1,
7296073218234,false,סוכר חום אורגני גרין 1 ק,,IL,סוכר קנים חום,קילוגרמים,1.00,"ק""ג",false,0,9.90,9.90,true,1,
7296073218661,false,מטליות לרצפה 3יח,,CN,מטליות לרצפה 3יח,יחידה,1.00,יחידה,false,0,24.90,24.90,true,1,
7296073218807,false,בישקוטים,,IT,בישקוטים,גרמים,200.00,100 גרם,false,0,8.20,4.10,true,1,
7296073219088,false,מיונז אמיתי 1 קג,,IL,מיונז אמיתי 1 קג,קילוגרמים,1.00,"ק""ג",false,0,16.90,16.90,true,1,
7296073219255,false,קפה נמס,,IL,קפה נמס,גרמים,200.00,100 גרם,false,0,14.90,7.45,true,1,
7296073219262,false,קפה טורקי עם הל,,IL,קפה טורקי עם הל,גרמים,100.00,100 גרם,false,0,6.70,6.70,true,1,
7296073219347,false,לחם אחיד פרוס750ג שופרסל,מאפית ברמן,IL,לחם אחיד פרוס,גרמים,750.00,100 גרם,false,0,7.50,1.00,true,1,
7296073219606,false,כדורי דגנים,,LT,כדורי דגנים,גרמים,500.00,100 גרם,false,0,13.90,2.78,true,1,
7296073219675,false,פלפל שחור גרוס,,IL,פלפל שחור גרוס,גרמים,80.00,100 גרם,false,0,11.90,14.88,true,1,
7296073219897,false,פודינג וניל,,IL,פודינג וניל,גרמים,80.00,100 גרם,false,0,5.20,6.50,true,1,
7296073219958,false,חט.דגנים שוקו+מריר23*6ג,back and Snack,AT,חטיף דגנים,גרמים,138.00,100 גרם,false,0,10.90,7.90,true,1,
7296073220008,false,ממתיק על בסיס סוכרלוז100,"ביסקול בע""מ",IL,ממתיק סוכרלוז,גרמים,100.00,100 גרם,false,0,19.90,19.90,true,1,
7296073220022,false,אבקת קקאו,,IL,אבקת קקאו,גרמים,150.00,100 גרם,false,0,8.50,5.67,true,1,
7296073220275,false,וופל ט.שוקולד שופרסל500ג,"מנעמים תעשיות מזון בע""\מ",IL,ופל טעם שוקולד,גרמים,500.00,100 גרם,false,0,11.90,2.38,true,1,
7296073220282,false,וופלים ט.לימון שופרסל500,"מנעמים תעשיות מזון בע""\מ",IL,ופל טעם לימון,גרמים,500.00,100 גרם,false,0,11.90,2.38,true,1,
7296073220398,false,חטיפי קרח,,IL,חטיפי קרח,מיליליטרים,800.00,"100 מ""ל",false,0,9.90,1.24,true,1,
7296073220442,false,דובדבן קפוא שופרסל 300גר,d.o.o Lukowa,RS,דובדבן,גרמים,300.00,100 גרם,false,0,16.90,5.63,true,1,
7296073221319,false,מארז כפות בצבע קרם,.,IL,כפות חד פעמיות,יחידה,1.00,יחידה,false,0,14.90,14.90,true,1,
7296073221326,false,"כפית קרם 100 יח,' 1.4גרם",.,TR,"מארז כפיות ח""פ",יחידה,1.00,יחידה,false,0,14.90,14.90,true,1,
7296073221333,false,מארז מזלגות בצבע קרם,.,IL,"מזלגות קרם ח""פ",יחידה,1.00,יחידה,false,0,14.90,14.90,true,1,
7296073221340,false,מארז סכינים בצבע קרם,.,IL,סכינים עבים קרם,יחידה,1.00,יחידה,false,0,14.90,14.90,true,1,
7296073221630,false,שמן קנולה שופרסל 1 ליטר,בוקרלמן,DE,שמן קנולה,ליטרים,1.00,ליטר,false,0,10.90,10.90,true,1,
7296073221791,false,ופלים בטעם אגוזים 400 גר,"מנעמים תעשיות מזון בע""\מ",IL,ופל אגוזים,גרמים,400.00,100 גרם,false,0,11.90,2.98,true,1,
7296073222200,false,פסטרמה הודו על גחלים שופ,מעדני יחיעם,IL,פסטרמה הודו,גרמים,300.00,100 גרם,false,0,23.90,7.97,true,1,
7296073222224,false,פסטרמה ברביקיו דק דק140ג,מעדני יחיעם,IL,פסטרמה ברביקיו,גרמים,140.00,100 גרם,false,0,11.90,8.50,true,1,
7296073222231,false,פסטרמה בדבש דק דק 140 גר,מעדני יחיעם,IL,פסטרמה בדבש,גרמים,140.00,100 גרם,false,0,11.90,8.50,true,1,
7296073222255,false,סלמי מעושן שופרסל 400 גר,מעדני יחיעם,IL,סלמי מעושן,גרמים,400.00,100 גרם,false,0,19.90,4.98,true,1,
7296073222262,false,קבנוס שופרסל 100 גרם,מעדני יחיעם,IL,קבנוס,גרמים,100.00,100 גרם,false,0,9.90,9.90,true,1,
7296073222279,false,נקניקיות וינר שופרסל 1קג,מעדני יחיעם,IL,נקניקיות וינר,קילוגרמים,1.00,"ק""ג",false,0,24.90,24.90,true,1,
7296073222309,false,ג'חנון קפוא שופרסל 650 ג,אופרה,IL,ג'חנון קפוא שופר,גרמים,650.00,100 גרם,false,0,15.90,2.45,true,1,
7296073222316,false,ג'חנון אפוי שופרסל 650ג,אופרה,IL,ג'חנון אפוי שופר,גרמים,650.00,100 גרם,false,0,18.90,2.91,true,1,
7296073222323,false,מלווח קפוא שופרסל700ג,אופרה,IL,מלווח קפוא שופרס,גרמים,700.00,100 גרם,false,0,14.90,2.13,true,1,
7296073223009,false,שמן זית,,IT,שמן זית,מיליליטרים,750.00,"100 מ""ל",false,0,29.90,3.99,true,1,
7296073223993,false,מזון חתולים,,FR,מזון חתולים,גרמים,400.00,100 גרם,false,0,8.00,2.00,true,1,
7296073224006,false,מזון חתולים,,FR,מזון חתולים,גרמים,400.00,100 גרם,false,0,8.00,2.00,true,1,
7296073224013,false,מזון חתולים,,FR,מזון חתולים,גרמים,400.00,100 גרם,false,0,8.00,2.00,true,1,
7296073224037,false,מזון כלבים,,FR,מזון כלבים,גרמים,400.00,100 גרם,false,0,7.90,1.98,true,1,
7296073224044,false,מזון לכלב,,FR,מזון לכלב,גרמים,400.00,100 גרם,false,0,7.90,1.98,true,1,
7296073224051,false,מזון כלבים,,FR,מזון כלבים,גרמים,400.00,100 גרם,false,0,7.90,1.98,true,1,
7296073224204,false,שמן זית,,IT,שמן זית,ליטרים,1.00,ליטר,false,0,44.90,44.90,true,1,
7296073224525,false,שבבי שיב.שוע500גרוס גרין,,IL,קוואקר אורגני,גרמים,500.00,100 גרם,false,0,8.90,1.78,true,1,
7296073224556,false,שבבי שיבולת שועל גרין500,,IL,קוואקר אורג.עבה,גרמים,500.00,100 גרם,false,0,8.90,1.78,true,1,
7296073224563,false,סלט טחינה שופרסל 400 גרם,סלטי שמיר,IL,סלט טחינה,גרמים,400.00,100 גרם,false,0,11.90,2.98,true,1,
7296073224570,false,חומוס אסלי שופרסל 400גרם,סלטי שמיר,IL,חומוס אסלי,גרמים,400.00,100 גרם,false,0,10.90,2.73,true,1,
7296073224594,false,סלט חציל במיונז שופר400ג,סלטי שמיר,IL,סלט חצילים מיונז,גרמים,400.00,100 גרם,false,0,11.90,2.98,true,1,
7296073224600,false,"חומוס שופרסל 1 ק""ג",סלטי שמיר,IL,סלט חומוס,קילוגרמים,1.00,"ק""ג",false,0,13.90,13.90,true,1,
7296073224662,false,12ביצים חופש אורגניות M,חוות גבעות עולם,IL,ביצי חופש 12 יח,יחידה,1.00,יחידה,false,0,22.90,22.90,true,1,
7296073224815,false,מרכך מרוכז כחול,,IL,מרכך מרוכז כחול,ליטרים,1.00,ליטר,false,0,10.00,10.00,true,1,
7296073224839,false,מרכך מרוכז לבן,,IL,מרכך מרוכז לבן,ליטרים,1.00,ליטר,false,0,10.00,10.00,true,1,
7296073224846,false,מרכך מרוכז סגול,,IL,מרכך מרוכז סגול,ליטרים,1.00,ליטר,false,0,10.00,10.00,true,1,
7296073224891,false,אפונה ירוקה קפואה שופרסל,ARDO,BE,אפונה ירוקה,גרמים,800.00,100 גרם,false,0,9.90,1.24,true,1,
7296073225010,false,ריבועי דגנים+קינמון500גר,פודס,LT,ריבועי דגנים,גרמים,500.00,100 גרם,false,0,13.90,2.78,true,1,
7296073225072,false,לחמניות שופרסל 6יח75*גר,מאפיית שלמה א. אנג'\ל בע,IL,לחמניות 6 יחידות,גרמים,450.00,100 גרם,false,0,12.90,2.87,true,1,
7296073225249,false,גרעין חמניה לא תוספת מלח,ששון,IL,גרעין חמניה,גרמים,200.00,100 גרם,false,0,7.80,3.90,true,1,
7296073225256,false,גרעין חמנייה קליית עפולה,ששון,IL,גרעין חמנייה,גרמים,200.00,100 גרם,false,0,7.80,3.90,true,1,
7296073225492,false,רוטב עגבני.מרוכז22% 260ג,פריניר,IL,רוטב עגבניות,גרמים,260.00,100 גרם,false,0,3.60,1.38,true,1,
7296073225508,false,כוסות קפה גדולות שופרסל,.,CN,כוסות קפה גדולות,יחידה,1.00,יחידה,false,0,18.90,18.90,true,1,
7296073225515,false,"מכסים לכוסות קפה ח""פ 50",.,CN,מכסים לכוסות קפה,יחידה,1.00,יחידה,false,0,9.90,9.90,true,1,
7296073225560,false,"ופלים שוקולד ללת""ס200גרם","מנעמים תעשיות מזון בע""\מ",IL,"ופל שוקולד ללת""ס",גרמים,200.00,100 גרם,false,0,5.90,2.95,true,1,
7296073225744,false,חצילים על האש שופרסל400ג,סלטי שמיר,IL,סלט חצילים,גרמים,400.00,100 גרם,false,0,11.90,2.98,true,1,
7296073225751,false,חציל בטחינה 400 גרם,סלטי שמיר,IL,סלט חציל בטחינה,גרמים,400.00,100 גרם,false,0,11.90,2.98,true,1,
7296073225768,false,סלט מטבוחה שופרסל 400גרם,סלטי שמיר,IL,סלט מטבוחה,גרמים,400.00,100 גרם,false,0,11.90,2.98,true,1,
7296073225775,false,רצועות סלק שופרסל 400גרם,סלטי שמיר,IL,סלט סלק שופרסל,גרמים,400.00,100 גרם,false,0,11.90,2.98,true,1,
7296073226536,false,וופל קוביות קרם אגוז250ג,בלקוני,IT,וופל קוביות,גרמים,250.00,100 גרם,false,0,11.90,4.76,true,1,
7296073226543,false,אורגנו תבלין,,IL,אורגנו תבלין,גרמים,40.00,100 גרם,false,0,10.30,25.75,true,1,
7296073226680,false,חט.דגנים שוק.חלב+ביסקויט,back and Snack,AT,חטיף דגנים,גרמים,138.00,100 גרם,false,0,10.90,7.90,true,1,
7296073226970,false,סלט חומוס+טחינה שופר400ג,סלטי שמיר,IL,חומוס עם טחינה,גרמים,400.00,100 גרם,false,0,11.90,2.98,true,1,
7296073226987,false,סלט חומוס+מסבחה שופר400ג,סלטי שמיר,IL,חומוס עם מסבחה,גרמים,400.00,100 גרם,false,0,11.90,2.98,true,1,
7296073229650,false,סירופ טעם שוקולד,,IL,סירופ טעם שוקולד,גרמים,600.00,100 גרם,false,0,12.90,2.15,true,1,
7296073229667,false,סירופ טעם מייפל,,IL,סירופ טעם מייפל,גרמים,600.00,100 גרם,false,0,12.90,2.15,true,1,
7296073229674,false,פטוצ'יני ללינגויני 500 ג,.,IT,פסטה לינגוויני,גרמים,500.00,100 גרם,false,1,4.90,0.98,true,1,
7296073229681,false,12ביצים אורגניות+Mאומגה3,חוות גבעות עולם,IL,12ביצים אורגניות,יחידה,1.00,יחידה,false,0,26.90,26.90,true,1,
7296073229698,false,12ביצים אורגנ+L.אומגה3,חוות גבעות עולם,IL,ביצים אורגניות,יחידה,1.00,יחידה,false,0,26.90,26.90,true,1,
7296073230021,false,מנקה רצפות כחול 2 ליטר,קליר כימיקלים,IL,מנקה רצפות כחול,ליטרים,2.00,ליטר,false,0,10.00,5.00,true,1,
7296073230038,false,מנקה רצפות ורוד 2 ליטר,קליר כימיקלים,IL,מנקה רצפות,ליטרים,2.00,ליטר,false,0,10.00,5.00,true,1,
7296073230045,false,מנקה רצפות סגול 2 ליטר,קליר כימיקלים,IL,מנקה רצפות,ליטרים,2.00,ליטר,false,0,10.00,5.00,true,1,
7296073230106,false,"סלט תפו""א שופרסל 400 גרם",סלטי שמיר,IL,"סלט תפו""א",גרמים,400.00,100 גרם,false,0,11.90,2.98,true,1,
7296073230113,false,לפתן פירות בסירופ קל225ג,.,CN,לפתן פירות,גרמים,225.00,100 גרם,false,0,5.60,2.49,true,1,
7296073230410,false,"כוסות קפה ח""פ",,CN,כוס שתיה חמה,יחידה,1.00,יחידה,false,0,14.90,14.90,true,1,
7296073230427,false,כפות שקופות,,IL,כפות שקופות,יחידה,1.00,יחידה,false,0,14.90,14.90,true,1,
7296073230441,false,כפיות שקופות עבות במיוחד,.,IL,כפיות שקופות,יחידה,1.00,יחידה,false,0,14.90,14.90,true,1,
7296073230465,false,מארז סכינים שקופים עבים,.,IL,סכינים שקופים,יחידה,1.00,יחידה,false,0,14.90,14.90,true,1,
7296073230632,false,דגני טבעות דבש 500 גרם,UAB FOODS CERERA,LT,טבעות דבש,גרמים,500.00,100 גרם,false,0,13.90,2.78,true,1,
7296073230656,false,מגבות נייר שופרסל 6 גל.,"שניב תעשיות נייר בע""\מ",IL,מגבות נייר,מטרים,63.00,מטר,false,0,10.90,0.17,true,1,
7296073230663,false,מגבות נייר שופרסל 8 גל.,"שניב תעשיות נייר בע""\מ",IL,מגבות נייר,מטרים,84.00,מטר,false,0,14.90,0.18,true,1,
7296073230885,false,גלילי ופל במלוי אגוז100ג,"מנעמים תעשיות מזון בע""\מ",IL,גלילי וופל,גרמים,100.00,100 גרם,false,1,5.90,5.90,true,1,
7296073230892,false,50כוסות קרטון,,CN,כוסות שתייה,יחידה,1.00,יחידה,false,0,21.90,21.90,true,1,
7296073231264,false,חט.פריכיות שוקו תות18*5,בנליין פודס,RS,חטיף פריכיות,גרמים,90.00,100 גרם,false,1,10.90,12.11,true,1,
7296073231547,false,חלב 1% בקרטון שופרסל 1ל,מחלבות רמת הגולן,IL,חלב 1% קרטון 1ל',ליטרים,1.00,ליטר,false,1,5.70,5.70,true,1,
7296073231554,false,חלב 3% בקרטון שופרסל 1ל,מחלבות רמת הגולן,IL,חלב 3% קרטון 1ל',ליטרים,1.00,ליטר,false,1,6.10,6.10,true,1,
7296073231561,false,שמנת עמידה לקצפת38% 250ג,מחלבות רמת הגולן,IL,שמנת להקצפה 38%,מיליליטרים,250.00,"100 מ""ל",false,1,6.30,2.52,true,1,
7296073231691,false,חט.פריכיות שוקו תפוז18*5,בנליין פודס,RS,חטיף פריכיות,גרמים,90.00,100 גרם,false,1,10.90,12.11,true,1,
7296073231769,false,חול לחתולים נטול ריח10ק,בנטס בנטוניט,TR,חול לחתלים,קילוגרמים,10.00,"ק""ג",false,1,54.90,5.49,true,1,
7296073232377,false,חלב1% נטול לקטוז גרין1ל,מחלבת רמת-הגולן,IL,חלב נטול לקטוז,ליטרים,1.00,ליטר,false,1,8.90,8.90,true,1,
7296073232384,false,שוקו נטול לקטוז1%גרין1ל,מחלבות רמת הגולן,IL,שוקו נטול לקטוז,ליטרים,1.00,ליטר,false,1,8.90,8.90,true,1,
7296073236597,false,דייסת קורנפלור וניל 200ג,אשבל בעמ,IL,דייסת קורנפלור,גרמים,200.00,100 גרם,false,1,10.90,5.45,true,1,
7296073236603,false,"שמנת לבישול 15% 250 מ""ל",מחלבת רמת-הגולן,IL,שמנת לבישול 15%,מיליליטרים,250.00,"100 מ""ל",false,1,7.40,2.96,true,1,
7296073236887,false,סלט גזר מרוקאי 400 גרם,סלטי שמיר,IL,סלט גזר מרוקאי,גרמים,400.00,100 גרם,false,1,11.90,2.98,true,1,
7296073236894,false,סלט קולסלאו 400 גרם,סלטי שמיר,IL,סלט קולסלאו,גרמים,400.00,100 גרם,false,1,11.90,2.98,true,1,
7296073236931,false,קליונז מופחת קלוריות500ג,מיטב,IL,קליונז,גרמים,500.00,100 גרם,false,1,9.90,1.98,true,1,
7296073237235,false,4 סכיני גילוח 3 להבים,אדג'וול,US,"סכין גילוח ח""פ",יחידה,1.00,יחידה,false,1,12.90,12.90,true,1,
7296073237556,false,ממחטות אף 100*5 יח',שניב תעשיות נייר,IL,ממחטות אף100*5יח,יחידה,1.00,יחידה,false,1,14.90,14.90,true,1,
7296073237631,false,שוקולד מריר פרימיום 81%,פריי )שוקולד(,CH,שוקולד מריר 81%,גרמים,100.00,100 גרם,false,1,10.90,10.90,true,1,
7296073237662,false,שוק72%. מריר תפוז 100גרם,פריי )שוקולד(,CH,שוקולד מריר תפוז,גרמים,100.00,100 גרם,false,1,10.90,10.90,true,1,
7296073237686,false,שוקולד חלב+אגוזי לוז100ג,פריי )שוקולד(,CH,שוקולד אגוזי לוז,גרמים,100.00,100 גרם,false,1,10.90,10.90,true,1,
7296073238348,false,ספוג אוולי מגבת וחבלים,שופרסל,CN,ספוג אוולי מגבת,יחידה,1.00,יחידה,false,1,9.90,9.90,true,1,
7296073238355,false,ספוג עיסוי,שופרסל,IL,ספוג עיסוי,יחידה,1.00,יחידה,false,1,9.90,9.90,true,1,
7296073238379,false,זוג ספוגים דו צצדים,שופרסל,CN,זוג ספוגים,יחידה,1.00,יחידה,false,1,9.90,9.90,true,1,
7296073238416,false,רצועת עיסוי,שופרסל,IL,רצועת עיסוי,יחידה,1.00,יחידה,false,1,14.90,14.90,true,1,
7296073238447,false,כדורי רחצה 3 יח,שופרסל,CN,כדורי רחצה 3 יח,יחידה,1.00,יחידה,false,1,9.90,9.90,true,1,
7296073239048,false,מספריים מט לעור/ציפורנים,TECHONGGIES TAIKONE,CN,מספריים מט לעור,יחידה,1.00,יחידה,false,1,39.90,39.90,true,1,
7296073239239,false,כוסות קפה פרימיום 50 יח',.,CN,כוסות שתיה חמה,יחידה,1.00,יחידה,false,1,17.90,17.90,true,1,
7296073240853,false,"וופלים בטעם שוקולד 1 ק""ג","מנעמים תעשיות מזון בע""\מ",IL,ופלים שוקולד,קילוגרמים,1.00,"ק""ג",false,1,18.90,18.90,true,1,
7296073241324,false,פרוסות אננס בסירופ קל850,CANNING FRUIT KUIBURI,TH,פרוסות אננס,גרמים,850.00,100 גרם,false,1,9.90,1.16,true,1,
7296073241522,false,ממחטות אף 100*5 יח,שניב תעשיות נייר,IL,ממחטות אף 5 יח,יחידה,1.00,יחידה,false,1,14.90,14.90,true,1,
7296073241539,false,ממחטות אף בקופסא 100 יח,שניב תעשיות נייר,IL,ממחטות אף בקופסא,יחידה,1.00,יחידה,false,1,10.90,10.90,true,1,
7296073241935,false,נייר טואלט סופר דיל 48גל,שניב,IL,נ.טואלט סופר דיל,מטרים,860.00,100 מטר,false,1,44.90,5.22,true,1,
7296073242635,false,כוסות שתיה קרה מעוטר כסף,.,IL,כוסות שתייה,יחידה,1.00,יחידה,false,1,18.90,18.90,true,1,
7296073243076,false,12 כוסות שתיה חמה + מכסה,.,CN,כוסות קפה + מכסה,יחידה,1.00,יחידה,false,1,11.90,11.90,true,1,
7296073243731,false,ריבת חלב שופרסל 400 גרם,מיה,IL,ריבת חלב,גרמים,400.00,100 גרם,false,1,13.90,3.48,true,1,
7296073244769,false,"סוכר חום דמררה צנצ. 1ק""ג","סוגת תעשיות בע""\מ",IL,סוכר חום דמררה,קילוגרמים,1.00,"ק""ג",false,1,11.50,11.50,true,1,
7296073244899,false,טחינה מתובלת 500 גרם,,IL,טחינה מתובלת,גרמים,500.00,100 גרם,false,1,13.90,2.78,true,1,
7296073246060,false,פולי סויה בקליפה 450 גרם,שופרסל,CN,פולי סויה,גרמים,450.00,100 גרם,false,1,12.90,2.87,true,1,
7296073246251,false,קפיץ להסרת שיער שופרסל,TECHONGGIES TAIKONE,IL,קפיץ להסרת שיער,יחידה,1.00,יחידה,false,1,44.90,44.90,true,1,
7296073246367,false,תות שדה קפוא 300 גרם,.,RS,תות שדה קפוא,גרמים,300.00,100 גרם,false,12,16.90,5.63,true,1,
7296073246633,false,פרוסות אננס בסירופ קל227,CANNING FRUIT KUIBURI,TH,פרוסות אננס,גרמים,227.00,100 גרם,false,1,4.90,2.16,true,1,
7296073246640,false,חתיכות אננס בסירופ קל227,CANNING FRUIT KUIBURI,TH,חתיכות אננס,גרמים,227.00,100 גרם,false,1,3.90,1.72,true,1,
7296073247500,false,רביולי גבינה 300 גרם,פסטה נונה,IL,רביולי גבינה,גרמים,300.00,100 גרם,false,1,13.90,4.63,true,1,
7296073247517,false,רביולי בטטה 300 גרם,פסטה נונה,IL,רביולי בטטה,גרמים,300.00,100 גרם,false,1,13.90,4.63,true,1,
7296073248385,false,כוס אימון עם פיה רכה,N.R.CO.LTD,CN,כוס אימון,יחידה,1.00,יחידה,false,1,17.90,17.90,true,1,
7296073248408,false,זוג מוצצי סיליקון +0,GMBH NTX,DE,זוג מוצצי,יחידה,1.00,יחידה,false,1,21.90,21.90,true,1,
7296073248583,false,זוג מוצצים סיליקון+6,GMBH NTX,DE,זוג מוצצים,יחידה,1.00,יחידה,false,1,21.90,21.90,true,1,
7296073254096,false,טונה במי מלח 160*4 גרם,אסיאן אליאנס,TH,טונה במי מלח 4יח,גרמים,640.00,100 גרם,false,1,22.90,3.58,true,1,
7296073254133,false,"שמן זית פרימיום 750 מ""ל",אליעד בית בד בגולן,IL,שמן זית פרימיום,מיליליטרים,750.00,"100 מ""ל",false,1,36.90,4.92,true,1,
7296073254164,false,דג.בוקר נוגט גרין ל.ג375,נייס פוד,IT,דגני בוקר נוגט,גרמים,375.00,100 גרם,false,1,22.90,6.11,true,1,
7296073254256,false,ערמונים אורגניים גרין100,CO FOODS LIYUAN HEBEI,CN,ערמונים אורגניים,גרמים,100.00,100 גרם,false,1,8.90,8.90,true,1,
7296073254263,false,מיני פיצה מרגריטה 6יח,שופרסל,IT,פיצות אישיות,גרמים,480.00,100 גרם,false,1,21.90,4.56,true,1,
7296073254287,false,"אל סבון כחול 3 500* מ""ל",טאהא קימיה,TR,אל סבון נוזלי3יח,ליטרים,1.50,ליטר,false,1,9.80,6.53,true,1,
7296073261247,false,"חומץ בלסמי שופרסל 500מ""ל",פונטי,IT,חומץ בלסמי,מיליליטרים,500.00,"100 מ""ל",false,1,19.90,3.98,true,1,
7296073261384,false,"אל סבון מעורב 500*3 מ""ל",טאהא קימיה,TR,אל סבון נוזלי3יח,ליטרים,1.50,ליטר,false,1,9.80,6.53,true,1,
7296073261551,false,קוקטייל פירות טרופיים850,קיובורי,TH,קוקטייל פירות,גרמים,850.00,100 גרם,false,1,10.90,1.28,true,1,
7296073262831,false,דבש עם מזון מלכות 350ג,מכוורת עמק חפר,IL,דבש + מזון מלכות,גרמים,350.00,100 גרם,false,1,32.90,9.40,true,1,
7296073262930,false,פסטה קלמרטה 400 גרם,שופרסל,IT,פסטה קלמרטה,גרמים,400.00,100 גרם,false,1,7.90,1.98,true,1,
7296073262947,false,פסטה קזרצ'ה 400 גרם,שופרסל,IT,פסטה קזרצ'ה,גרמים,400.00,100 גרם,false,1,7.90,1.98,true,1,
7296073262954,false,פסטה מאפלדה 400 גרם,שופרסל,IT,פסטה מאפלדה,גרמים,400.00,100 גרם,false,1,7.90,1.98,true,1,
7296073262961,false,גרנולה דואט שוקו אגוז400,בריגן קי ג'י,DE,גרנולה פרימיום,גרמים,400.00,100 גרם,false,1,19.90,4.98,true,1,
7296073262978,false,גרנולה טריפל אגוזים 400ג,בריגן קי ג'י,DE,גרנולה פרימיום,גרמים,400.00,100 גרם,false,1,19.90,4.98,true,1,
7296073262985,false,גרנולה טריפל שוקולד 400ג,בריגן קי ג'י,DE,גרנולה פרימיום,גרמים,400.00,100 גרם,false,1,19.90,4.98,true,1,
7296073263432,false,מרק ירקות מצונן 550 גרם,"סי.אי.פי מבוא חורון בע""מ",IL,מרק ירקות מצונן,גרמים,550.00,100 גרם,false,1,17.90,3.25,true,1,
7296073263470,false,אוש פלאו 550 גרם,סי.אי.פי מבוא חורון,IL,אושפלו 550 גרם,גרמים,550.00,100 גרם,false,1,27.90,5.07,true,1,
7296073263487,false,נודלס מוקפץ 550 גרם,סי.אי.פי מבוא חורון,IL,נודלס מצונן,גרמים,550.00,100 גרם,false,1,27.90,5.07,true,1,
7296073263500,false,קוסקוס עם ירקות 650גרם,סי.אי.פי מבוא חורון,IL,קוסקוס עם ירקות,גרמים,650.00,100 גרם,false,1,27.90,4.29,true,1,
7296073265344,false,חלב נטול לקטוז3%גרין 1ל,מחלבת רמת-הגולן,IL,חלב נטול לקטוז,ליטרים,1.00,ליטר,false,1,8.90,8.90,true,1,
7296073265351,false,ספגטי ללא גלוטן גרין400ג,SPA MENNUCCI PASTIFICI,IT,ספגטי ללא גלוטן,גרמים,400.00,100 גרם,false,1,11.90,2.98,true,1,
7296073265368,false,פסטה פנה ללא גלוטן 400גר,SPA MENNUCCI PASTIFICI,IT,פנה ללא גלוטן,גרמים,400.00,100 גרם,false,1,11.90,2.98,true,1,
7296073265375,false,פוזילי ללא גלוטן גרין400,SPA MENNUCCI PASTIFICI,IT,פוזילי ללא גלוטן,גרמים,400.00,100 גרם,false,1,11.90,2.98,true,1,
7296073266112,false,מפות שולחן עבות מניילון,.,IL,מפות שולחן 8 יח,יחידה,1.00,יחידה,false,1,9.90,9.90,true,1,
7296073266273,false,חתיכות אננס בסירופ113*4,FOODS HUIXANG JIANGSU,CN,לפתן אננס,גרמים,452.00,100 גרם,false,1,10.90,2.41,true,1,
7296073266303,false,"רסק תפוחי עץ ללת""ס113*4ג",FOODS HUIXANG JIANGSU,CN,רסק תפוחי עץ,גרמים,452.00,100 גרם,false,1,10.90,2.41,true,1,
7296073266570,false,פירורי לחם תיב.אמריקא350,"חטיפים מן הטבע בע""\מ",IL,פירורי לחם,גרמים,350.00,100 גרם,false,1,9.90,2.83,true,1,
7296073266587,false,פירורי לחם תיב.מרוקאי350,"חטיפים מן הטבע בע""\מ",IL,פירורי לחם,גרמים,350.00,100 גרם,false,1,9.90,2.83,true,1,
7296073266594,false,פירורי לחם תיבו.איטלק350,"חטיפים מן הטבע בע""\מ",IL,פירורי לחם,גרמים,350.00,100 גרם,false,1,9.90,2.83,true,1,
7296073266709,false,"רוט.סויה ללא גלוטן280מ""ל",DEVELOPMENT YI LIAN,CN,רוטב סויה,מיליליטרים,280.00,"100 מ""ל",false,1,13.90,4.96,true,1,
7296073266754,false,סכין גילוח 6להבים+מחסנית,פרסונה ישראל,CN,סכין גילוח 6 להב,יחידה,1.00,יחידה,false,1,29.90,29.90,true,1,
7296073266976,false,חטיף בוטנים ללא גלוטן80ג,סנקי,IL,חטיף בוטנים,גרמים,80.00,100 גרם,false,1,4.80,6.00,true,1,
7296073267188,false,צמר גפן רפואי 100 גרם,SANAVI A.P,TR,צמר גפן רפואי,גרמים,100.00,100 גרם,false,1,6.90,6.90,true,1,
7296073267195,false,צמר גפן רפואי שופרס100*2,SANAVI A.P,TR,זוג צמר גפן,גרמים,200.00,100 גרם,false,1,12.90,6.45,true,1,
7296073267355,false,ממת.בסיס סטיביה שופר100ג,"ביסקול בע""מ",IL,ממתיק סטיביה,גרמים,100.00,100 גרם,false,1,22.90,22.90,true,1,
7296073268925,false,נייר טואלט דו שכבתי16גל,שניב תעשיות נייר,IL,נייר טואלט,מטרים,573.00,100 מטר,false,1,34.90,6.09,true,1,
7296073270157,false,לקט הכפר 400גרם,"פרסקו חצבה 2006 בע""\מ",IL,לקט הכפר,גרמים,400.00,100 גרם,false,1,11.90,2.98,true,1,
7296073270287,false,תבניות אלומיניום מלבניות,.,IL,תבניות אינגליש,יחידה,1.00,יחידה,false,1,14.90,14.90,true,1,
7296073270294,false,תבניות אלומיניום מלבניות,.,IL,תבניות מלבניות,יחידה,1.00,יחידה,false,1,14.90,14.90,true,1,
7296073270300,false,תבניות אלומיניום קטנות15,.,IL,תבניות אלומיניום,יחידה,1.00,יחידה,false,1,14.90,14.90,true,1,
7296073270317,false,תבניות אלומיניום עגולות,.,IL,תבניות עגולות,יחידה,1.00,יחידה,false,1,14.90,14.90,true,1,
7296073270324,false,תבנית אלומיניום גדולה 7י,.,IL,תבניות אלומיניום,יחידה,1.00,יחידה,false,1,14.90,14.90,true,1,
7296073270331,false,תבנית אלומיניום ענקית 5י,.,IL,תבניות ענקיות,יחידה,1.00,יחידה,false,1,14.90,14.90,true,1,
7296073270348,false,תבנית אלומיניום קטנה 10י,.,IL,תבניות קטנות,יחידה,1.00,יחידה,false,1,14.90,14.90,true,1,
7296073270980,false,"ופל בטעם לימון ללת""ס200ג",מנעמים,IL,"ופל לימון ללת""ס",גרמים,200.00,100 גרם,false,1,5.90,2.95,true,1,
7296073271574,false,ממרח זיתים שחורים 190גרם,SPA POLLI F.LLI,IT,טפנד זיתים,גרמים,190.00,100 גרם,false,1,12.90,6.79,true,1,
7296073272496,false,נייר טואלט דו שכבתי32גל,שניב תעשיות נייר,IL,נייר טואלט 32גל,מטרים,573.00,100 מטר,false,1,29.90,5.22,true,1,
7296073273196,false,קציצות ברוטב עגבניות620ג,סי.אי.פי מבוא חורון,IL,קציצות ברוטב,גרמים,620.00,100 גרם,false,1,37.90,6.11,true,1,
7296073273226,false,גפילטע פיש 400 גרם,"דג עים בע""מ",IL,גפילטע פיש מצונן,גרמים,400.00,100 גרם,false,1,32.90,8.23,true,1,
7296073273448,false,"ג'ל אלוורה 100מ""ל",ש.שוורץ,IL,ג'ל אלוורה,מיליליטרים,100.00,"100 מ""ל",false,1,9.90,9.90,true,1,
7296073273851,false,סט 2 מפות אל בד מודפס270,.,CN,מפות אל בד,יחידה,1.00,יחידה,false,1,14.90,14.90,true,1,
7296073274964,false,חמאת בוטנים טבעית+שבבים,יונייטד פודס,IN,חמאת בוטנים,גרמים,510.00,100 גרם,false,1,10.00,1.96,true,1,
7296073277248,false,מגבונים ללא בישום 64*5יח,דינמיק,IL,מגבונים לחים 5יח,יחידה,1.00,יחידה,false,1,22.90,22.90,true,1,
7296073277255,false,מארז מגבונים לחים 6 יח,דינמיק,IL,מארז מגבוניםלחים,יחידה,1.00,יחידה,false,1,17.90,17.90,true,1,
7296073277262,false,מגבונים לחים 72 יח,שופרסל,IL,מגבונים לחים,יחידה,1.00,יחידה,false,1,4.90,4.90,true,1,
7296073277903,false,ופל מצ.שוק.גרין21.5*3ל.ג,הלווה ופלבקרי,NL,וופל מצופה,גרמים,64.00,100 גרם,false,1,9.90,15.47,true,1,
7296073277927,false,וופל מצופ.ללתס שופרסל100,הלווה ופלבקרי,NL,"וופל מצופה ללת""ס",גרמים,100.00,100 גרם,false,1,11.90,11.90,true,1,
7296073280422,false,תופסן למוצץ,,CN,תופסן למוצץ,יחידה,1.00,יחידה,false,1,17.90,17.90,true,1,
7296073281702,false,מגבוני נ.טואלט למבוגרים,דינמיק תעשיות מגבונים,IL,מגבוני נייר לחים,יחידה,1.00,יחידה,false,1,11.90,11.90,true,1,
7296073281856,false,שמפו לשיער יבש 750מל,"א.מ.ש.י תעשיות בע""מ",IL,שמפו לשיער יבש,מיליליטרים,750.00,"100 מ""ל",false,1,19.90,2.65,true,1,
7296073281863,false,שמפו לשיער מוחלק שופרסל,"א.מ.ש.י תעשיות בע""מ",IL,שמפו לשיער מוחלק,מיליליטרים,750.00,"100 מ""ל",false,1,19.90,2.65,true,1,
7296073281887,false,מרכך לשיער יבש 750מל,"א.מ.ש.י תעשיות בע""מ",IL,מרכך לשיער יבש,מיליליטרים,750.00,"100 מ""ל",false,1,19.90,2.65,true,1,
7296073281894,false,מרכך לשיער מוחלק 750מל,"א.מ.ש.י תעשיות בע""מ",IL,מרכך שופרסל,מיליליטרים,750.00,"100 מ""ל",false,1,19.90,2.65,true,1,
7296073281931,false,"מסכה לשיער מוחלק 500 מ""ל","א.מ.ש.י תעשיות בע""מ",IL,מסכה לשיער יבש,מיליליטרים,500.00,"100 מ""ל",false,1,29.90,5.98,true,1,
7296073283720,false,נקניקיות הודו פרימיום 30,זוגלובק,IL,נקנ' הודו ועוף,גרמים,300.00,100 גרם,false,1,19.90,6.63,true,1,
7296073283805,false,חתיכות אננס קפוא 300גרם,d.o.o Lukowa,RS,חתיכות אננס קפוא,גרמים,300.00,100 גרם,false,1,16.90,5.63,true,1,
7296073283812,false,קוביות מנגו קפוא 300 ג,d.o.o Lukowa,RS,קוביות מנגו,גרמים,300.00,100 גרם,false,1,16.90,5.63,true,1,
7296073283829,false,מיקס פירות טרופי קפוא 30,d.o.o Lukowa,RS,מיקס פירות טרופי,גרמים,300.00,100 גרם,false,1,16.90,5.63,true,1,
7296073285106,false,קמח קוקוס אורג.ל.ג500ג,נרה קוקולנד,LK,קמח קוקוס אורגני,גרמים,500.00,100 גרם,false,1,15.90,3.18,true,1,
7296073285267,false,מארז סכינים שקופים עבים,.,CN,סכינים שקופים,יחידה,1.00,יחידה,false,1,17.90,17.90,true,1,
7296073285274,false,מארז מזלגות שקופים עבים,.,CN,מזלגות שקופים,יחידה,1.00,יחידה,false,1,17.90,17.90,true,1,
7296073285281,false,מארז כפיות שקופות עבות,.,CN,כפיות שקופות,יחידה,1.00,יחידה,false,1,17.90,17.90,true,1,
7296073285298,false,מארז כפות שקופות עבות,.,CN,כפות שקופות,יחידה,1.00,יחידה,false,1,17.90,17.90,true,1,
7296073285397,false,נר נשמה 24 שעות יחידה,CANDLE ITBRIGHT,CN,נר נשמה 24 שעות,יחידה,1.00,יחידה,false,1,2.50,2.50,true,1,
7296073285403,false,נרות חימום בשקית 50 יח,CANDLE ITBRIGHT,CN,נרות חימום בשקית,יחידה,1.00,יחידה,false,1,11.90,11.90,true,1,
7296073285427,false,שקית אשפה ריחנית לפח קטן,אשפלסט,IL,שקיות אשפה,יחידה,1.00,יחידה,false,1,12.90,12.90,true,1,
7296073285663,false,ממרח אגוז ללא שמן דקל350,SRL NUTKAO,IT,ממרח אגוזי לוז,גרמים,350.00,100 גרם,false,1,10.90,3.11,true,1,
7296073285670,false,ממרח אגוז ללא שמן דקל750,SRL NUTKAO,IT,ממרח אגוזים,גרמים,750.00,100 גרם,false,1,21.60,2.88,true,1,
7296073286011,false,אורז פרסי זיפר שופרסל1קג,ltd co produce Uthai,TH,אורז פרסי,קילוגרמים,1.00,"ק""ג",false,1,6.90,6.90,true,1,
7296073286035,false,"אורז תאילנדי זיפר 1 ק""ג",ltd co produce Uthai,TH,אורז תאילנדי,קילוגרמים,1.00,"ק""ג",false,1,6.50,6.50,true,1,
7296073286042,false,אורז יסמין זיפר שופרסל1ק,ltd co produce Uthai,TH,אורז יסמין,קילוגרמים,1.00,"ק""ג",false,1,10.90,10.90,true,1,
7296073286066,false,אורז בסמטי זיפר שופרסל1ק,SETIA LAL CHAMAN,IN,אורז בסמטי,קילוגרמים,1.00,"ק""ג",false,1,10.00,10.00,true,1,
7296073286073,false,"אורז בסמטי בצנצנת 1 ק""ג",SETIA LAL CHAMAN,IN,אורז בסמטי,קילוגרמים,1.00,"ק""ג",false,1,14.90,14.90,true,1,
7296073286349,false,שקיות אשפה חזקות L 55 יח,אשפלסט,IL,שקיות אשפה,יחידה,1.00,יחידה,false,1,19.90,19.90,true,1,
7296073286363,false,שקית ענקית לאשפה משרדית,אשפלסט,IL,שקיות אשפה,יחידה,1.00,יחידה,false,1,14.90,14.90,true,1,
7296073286394,false,שקיות אשפה חזקות L 100,אשפלסט,IL,שקיות אשפה,יחידה,1.00,יחידה,false,1,37.90,37.90,true,1,
7296073286417,false,שק.אשפה חזקות גדולות60יח,אשפלסט,IL,שקיות אשפה 60 יח,יחידה,1.00,יחידה,false,1,20.90,20.90,true,1,
7296073286493,false,צמד פטריות פורטובלה ושמפ,מרינה,IL,צמד פטריות פורטו,גרמים,420.00,100 גרם,false,1,16.90,4.02,true,1,
7296073286509,false,פטריות שמפניון יחידה,,IL,פטריות שמפניון,גרמים,220.00,100 גרם,false,1,9.90,4.50,true,1,
7296073288756,false,תירס ארוז,קטיף.,IL,תירס ארוז,קילוגרמים,0.00,"ק""ג",true,1,11.90,11.90,true,1,
7296073289586,false,נייר סנדוויץ 100 יחידות,שניב,IL,נייר סנדוויץ,יחידה,1.00,יחידה,false,1,12.90,12.90,true,1,
7296073289715,false,מגבוני אף עדינים תינוק30,שופרסל,IL,מגבוני אף לתינוק,יחידה,1.00,יחידה,false,1,9.90,9.90,true,1,
7296073289739,false,שקיות צליה שופרסל 10 יח,.,TR,שקיות צליה,יחידה,1.00,יחידה,false,1,5.90,5.90,true,1,
7296073289746,false,50 מגבונים לניקוי כללי,דינמיק תעשיות מגבונים,IL,מגבונים לניקוי,יחידה,1.00,יחידה,false,1,9.90,9.90,true,1,
7296073290223,false,פיטריות שמפניון שלמות400,PROCHAMP,NL,פיטריות שלמות,גרמים,400.00,100 גרם,false,1,7.90,1.98,true,1,
7296073290810,false,פלפל אדום קלוי על האש650,בלו גלו,TR,פלפל אדום קלוי,גרמים,650.00,100 גרם,false,1,11.90,1.83,true,1,
7296073290841,false,"נוזל קוקוס שופרסל 400מ""ל",COCONUT THAI,TH,נוזל קוקוס,מיליליטרים,400.00,"100 מ""ל",false,1,6.50,1.63,true,1,
7296073290858,false,"קרם קוקוס שופרסל 400 מ""ל",COCONUT THAI,TH,קרם קוקוס,מיליליטרים,400.00,"100 מ""ל",false,1,7.50,1.88,true,1,
7296073291077,false,משטחי החתלה שופרסל 10יח,PAKTEN,TR,משטחי החתלה,יחידה,1.00,יחידה,false,1,16.90,16.90,true,1,
7296073291084,false,עוגיות חמאה דניות 150גרם,BAKERY JACOBSENS,DK,עוגיות חמאה בפח,גרמים,150.00,100 גרם,false,1,10.00,6.67,true,1,
7296073291244,false,חומץ טבעי 5% שופרסל 1ל,מיטב,IL,חומץ 5%,ליטרים,1.00,ליטר,false,1,6.50,6.50,true,1,
7296073291251,false,מיץ לימון משומר שופרסל1ל,,IL,מיץ לימון משומר,ליטרים,1.00,ליטר,false,1,8.90,8.90,true,1,
7296073291916,false,ניוקי שופרסל 500גרם,ALIMENTARI CLEMME,IT,ניוקי שופרסל,גרמים,500.00,100 גרם,false,1,11.90,2.38,true,1,
7296073291923,false,מיני ניוקי שופרסל 500גרם,ALIMENTARI CLEMME,IT,מיני ניוקי,גרמים,500.00,100 גרם,false,1,11.90,2.38,true,1,
7296073291930,false,ניוקי עגבניות שופרסל500ג,ALIMENTARI CLEMME,IT,ניוקי עגבניות,גרמים,500.00,100 גרם,false,1,11.90,2.38,true,1,
7296073291947,false,ניוקי תרד שופרסל 500גרם,ALIMENTARI CLEMME,IT,ניוקי תרד,גרמים,500.00,100 גרם,false,1,11.90,2.38,true,1,
7296073291992,false,חסה סלנובה הידרופונית,כרמלים שדות חדשים,IL,חסה סלנובה,גרמים,160.00,100 גרם,false,1,12.90,8.06,true,1,
7296073292012,false,אננס ראש שישיות שקיל,קטיף.,IL,אננס ראש,קילוגרמים,0.00,"ק""ג",true,1,29.90,29.90,true,1,
7296073292210,false,במיה שופרסל 600 גרם,פרי גליל,EG,במיה 600 גרם,גרמים,600.00,100 גרם,false,1,13.90,2.31,true,1,
7296073292807,false,תפוח אדמה לבן גורמה,גידולי אגו,IL,"תפו""א זני השף",קילוגרמים,0.00,"ק""ג",true,1,7.90,7.90,true,1,
7296073292906,false,פירורי לחם מוזהב.זיפר350,מאפיית דוידוביץ ובניו בע,IL,פירורי לחם מוזהב,גרמים,350.00,100 גרם,false,1,7.50,2.14,true,1,
7296073292913,false,פירורי לחם לבן זיפר350גר,חטיפים מן הטבע,IL,פירורי לחם לבן,גרמים,350.00,100 גרם,false,1,7.50,2.14,true,1,
7296073293040,false,תבניות אפיה מוארכות+מכסה,,IL,תבניות אפיה+מכסה,יחידה,1.00,יחידה,false,1,14.90,14.90,true,1,
7296073293583,false,שמן קוקוס אורגני גרין330,סנקי,LK,שמן קוקוס אורגני,מיליליטרים,330.00,"100 מ""ל",false,1,29.90,9.06,true,1,
7296073294139,false,בזיליקום סגירה חוזרת,,IL,בזיליקום,יחידה,1.00,יחידה,false,1,7.90,7.90,true,1,
7296073294214,false,פטרוזיליה סגירה חוזרת,,IL,פטרוזליה,יחידה,1.00,יחידה,false,1,5.90,5.90,true,1,
7296073294221,false,כוסברה סגירה חוזרת,,IL,כוסברה,יחידה,1.00,יחידה,false,1,5.90,5.90,true,1,
7296073294788,false,פירורי לחם ללא גלוטן250ג,אשבל מזון פונקציונלי בע\,IL,פירורי לחם,גרמים,250.00,100 גרם,false,1,16.90,6.76,true,1,
7296073294818,false,פתיתים קוסק.ללא גלוטן200,אשבול,IL,פתיתים קוסקוס,גרמים,200.00,100 גרם,false,1,13.90,6.95,true,1,
7296073294832,false,תערוב.פנקייק לא גלוטן400,אשבול,IL,תערובת לפנקייק,גרמים,400.00,100 גרם,false,1,13.90,3.48,true,1,
7296073295228,false,מפיות תלת שכבתי 20יחידות,,IL,מפיות,יחידה,1.00,יחידה,false,1,7.50,7.50,true,1,
7296073295662,false,"שוק.מריר ללת""ס שופרסל100",,IT,שוקולד מריר ללתס,גרמים,100.00,100 גרם,false,1,9.90,9.90,true,1,
7296073295679,false,"שוק.אגוז ללת""ס שופרסל100",,IT,שוקולד אגוז ללתס,גרמים,100.00,100 גרם,false,1,10.90,10.90,true,1,
7296073296744,false,שמרים יבשים 500 גרם,,TR,שמרים יבשים,גרמים,500.00,100 גרם,false,1,14.90,2.98,true,1,
7296073296751,false,שמרים יבשים בוואקום 125ג,,TR,שמרים יבשים,גרמים,125.00,100 גרם,false,1,4.50,3.60,true,1,
7296073296966,false,חליטת צמחים ארץ ישראל25ג,,IL,חליטת ארץ ישראל,גרמים,25.00,100 גרם,false,1,14.90,59.60,true,1,
7296073298014,false,חטיפוני גזר 130גרם,,IL,חטיפוני גזר,גרמים,130.00,100 גרם,false,1,6.90,5.31,true,1,
7296073298021,false,חטיפוני גזר 350גרם,,IL,חטיפוני גזר,גרמים,350.00,100 גרם,false,1,12.90,3.69,true,1,
7296073298366,false,"חומץ מיין אדום 500 מ""ל",,ES,חומץ מיין אדום,מיליליטרים,500.00,"100 מ""ל",false,1,16.90,3.38,true,1,
7296073298380,false,חומץ מסיידר תפוחים 500מל,,ES,חומץ מסיידר,מיליליטרים,500.00,"100 מ""ל",false,1,16.90,3.38,true,1,
7296073319856,false,נשנושי סלרי יחידה,קטיף.,IL,נשנושי סלרי,יחידה,1.00,יחידה,false,1,7.90,7.90,true,1,
7296073320081,false,"תפו""א למיקרו",,IL,"תפו""א למירקו",גרמים,700.00,100 גרם,false,1,6.90,0.99,true,1,
7296073320388,false,עלי בייבי 120גרם,,IL,עלי בייבי 120גרם,גרמים,120.00,100 גרם,false,1,10.90,9.08,true,1,
7296073320395,false,עלי תרד בייבי 200גרם,,IL,עלי תרד בייבי,גרמים,200.00,100 גרם,false,1,10.90,5.45,true,1,
7296073320401,false,לקט בסגנון איטלקי 300גרם,"פרסקו חצבה 2006 בע""\מ",IL,לקט סגנון איטלקי,גרמים,300.00,100 גרם,false,1,11.90,3.97,true,1,
7296073320517,false,יוגורט יווני מסורת2% 150,S.A MEVGAL,GR,יוגורט יווני,גרמים,150.00,100 גרם,false,1,6.60,4.40,true,1,
7296073320555,false,יוג.יווני מסורתי10% 150ג,S.A MEVGAL,GR,יוגורט יווני,גרמים,150.00,100 גרם,false,1,6.60,4.40,true,1,
7296073321200,false,אבקת אפיה שופרסל 10*10גר,א.ל ייצור ושיווק תבלינים,IL,אבקת אפיה 10 יח,גרמים,100.00,100 גרם,false,1,3.30,3.30,true,1,
7296073321217,false,סוכר וניל שופרסל 10*10 ג,א.ל ייצור ושיווק תבלינים,IL,סוכר וניל 10 יח,גרמים,100.00,100 גרם,false,1,3.40,3.40,true,1,
7296073321224,false,סודה לשתיה שופרסל 100גרם,א.ל ייצור ושיווק תבלינים,IL,סודה לשתיה,גרמים,100.00,100 גרם,false,1,2.40,2.40,true,1,
7296073321231,false,אבקת סוכר שופרסל 100 גרם,א.ל ייצור ושיווק תבלינים,IL,אבקת סוכר שופרסל,גרמים,100.00,100 גרם,false,1,2.50,2.50,true,1,
7296073321446,false,סבון כחול לאסלה 50*3 גרם,קומפלקס כימיקלים בעמ,IL,3סבון כחול לאסלה,גרמים,150.00,100 גרם,false,1,12.90,8.60,true,1,
7296073321521,false,מינוט אנטריקוט דק דק 300,בלדי,IL,מינוט אנטריקוטדק,גרמים,300.00,100 גרם,false,1,31.90,10.63,true,1,
7296073322979,false,בוטנים מצופים קלויים50ג,ששון ושות'\ )ש.ת. תעשיות,IL,בוטנים אמריקאים,גרמים,50.00,100 גרם,false,1,2.50,5.00,true,1,
7296073323006,false,תה שחור שופרסל1.5*100 גר,עדנים,IL,תה שחור 100 שק.,גרמים,150.00,100 גרם,false,1,9.90,6.60,true,1,
7296073323013,false,תה ארל גריי שופרסל25 שק,עדנים,IL,תה ארל גריי,גרמים,37.00,100 גרם,false,1,8.90,24.05,true,1,
7296073323020,false,תה ירוק יסמין שופרסל25שק,עדנים,IL,תה ירוק יסמין,גרמים,37.00,100 גרם,false,1,14.90,40.27,true,1,
7296073323044,false,תה ירוק לימונית לואיזה25,עדנים,IL,תה ירוק לימונית,גרמים,37.00,100 גרם,false,1,14.90,40.27,true,1,
7296073323143,false,חסה סלנובה הידרופונית,יגור חקלאות ועסקים,IL,חסה סלנובה,גרמים,160.00,100 גרם,false,1,12.90,8.06,true,1,
7296073323211,false,שקדים מולבנים טחונים100ג,ששון ושות)ש.ת תעשיות(,US,שקדים מולבנים,גרמים,100.00,100 גרם,false,1,13.90,13.90,true,1,
7296073323228,false,שקדים מולבנים גרוסים100ג,,US,שקד מולבן גרוס,גרמים,100.00,100 גרם,false,1,13.90,13.90,true,1,
7296073323235,false,בוטנים גרוסים 100 גרם,,IL,בוטנים גרוסים,גרמים,100.00,100 גרם,false,1,5.90,5.90,true,1,
7296073323259,false,פיסטוקים קלופים 100גרם,,US,פיסטוק קלוף 100ג,גרמים,100.00,100 גרם,false,1,22.90,22.90,true,1,
7296073323433,false,סירופ מייפל אורג.גרין250,קופדקס,DK,סירופ מייפל,מיליליטרים,250.00,"100 מ""ל",false,1,29.90,11.96,true,1,
7296073323587,false,עגבניה שרי וויטני יחידה,עידו נחום,IL,שרי וויטני,גרמים,460.00,100 גרם,false,1,10.90,2.37,true,1,
7296073323594,false,נייר אפייה אקולוגי 40 יח,,IL,נייר אפייה 40 יח,יחידה,1.00,יחידה,false,1,12.90,12.90,true,1,
7296073323631,false,פריפלצת מחית מנגו בננ120,גו פרוסלבה,ES,מחית פירות,גרמים,120.00,100 גרם,false,1,4.90,4.08,true,1,
7296073323648,false,פריפלצת מחית בננ.תות120ג,גו פרוסלבה,ES,מחית פירות,גרמים,120.00,100 גרם,false,1,4.90,4.08,true,1,
7296073323655,false,פריפלצת מחית תפוח בננ120,גו פרוסלבה,ES,מחית פירות,גרמים,120.00,100 גרם,false,1,4.90,4.08,true,1,
7296073323662,false,פריפלצת מיקס פירות120ג,גו פרוסלבה,ES,מחית פירות,גרמים,120.00,100 גרם,false,1,4.90,4.08,true,1,
7296073323679,false,פריפלצת מחית אגס 120ג,גו פרוסלבה,ES,מחית פירות,גרמים,120.00,100 גרם,false,1,4.90,4.08,true,1,
7296073323877,false,לחמניות מקמח מלא 6יחידות,מאפית ברמן,IL,6לחמניות קמח מלא,גרמים,450.00,100 גרם,false,1,13.90,3.09,true,1,
7296073324850,false,צמד פטריות פורטובלה,,IL,פטריות פורטובלו,גרמים,420.00,100 גרם,false,1,16.90,4.02,true,1,
7296073324867,false,פטריות סטייק פורטובלה,,IL,פ.סטייק פורטובלה,גרמים,320.00,100 גרם,false,1,16.90,5.28,true,1,
7296073325062,false,עוגיות רייף שופרסל 350גר,קונדיטוריית אנג'ל,IL,עוגיות רייף,גרמים,350.00,100 גרם,false,1,16.90,4.83,true,1,
7296073325239,false,רדיד אלומיניום 16 מיקרון,,CN,רדיד אלומיניום,מטרים,60.00,מטר,false,1,34.90,0.58,true,1,
7296073326748,false,גרעין אבטיח קלוי במלח200,,IL,גרעין אבטיח קלוי,גרמים,200.00,100 גרם,false,1,14.90,7.45,true,1,
7296073328902,false,תמר מג'הול יבש 400גרם,,IL,תמר מגהול יבש,גרמים,400.00,100 גרם,false,1,10.00,2.50,true,1,
7296073330936,false,פינצטה אפורה קצה ישר,BE NOW,CN,פינצטה ישרה אפור,יחידה,1.00,יחידה,false,0,19.90,19.90,true,1,
7296073330981,false,פינצטה מנומרת איכותית,BE NOW,CN,פינצטה ציור שחור,יחידה,1.00,יחידה,false,0,24.90,24.90,true,1,
7296073331070,false,קוצץ עם אשפתון,BE NOW,CN,קוצץ עם אשפתון,יחידה,1.00,יחידה,false,0,14.90,14.90,true,1,
7296073331087,false,קוצץ אל חלד גדול,BE NOW,CN,קוצץ גדול,יחידה,1.00,יחידה,false,0,19.90,19.90,true,1,
7296073331100,false,צבת אל חלד לציפורניים,BE NOW,CN,צבת לציפורניים,יחידה,1.00,יחידה,false,0,49.90,49.90,true,1,
7296073331131,false,מספריים לעור - מבריק,BE NOW,CN,מספריים לעור,יחידה,1.00,יחידה,false,0,29.90,29.90,true,1,
7296073331216,false,מספריים אל חלד לשיער,BE NOW,CN,מספריים לשיער,יחידה,1.00,יחידה,false,0,39.90,39.90,true,1,
7296073331261,false,פצירת אקריל,BE NOW,CN,פצירת אקריל,יחידה,1.00,יחידה,false,0,8.90,8.90,true,1,
7296073331278,false,"פצירת מתכת ""7 ידית שחורה",BE NOW,CN,"פצירת מתכת ""7",יחידה,1.00,יחידה,false,0,14.90,14.90,true,1,
7296073331612,false,מברשת שיער מטקה שחורה,BE NOW,CN,מברשת מטקה שחורה,יחידה,1.00,יחידה,false,0,29.90,29.90,true,1,
7296073331629,false,מברשת שיער אובלית שחורה,BE NOW,CN,מברשת אובל שחורה,יחידה,1.00,יחידה,false,0,28.90,28.90,true,1,
7296073331810,false,מברשת שיער ספרים מקצועית,BE NOW,CN,מברשת שיער ספרים,יחידה,1.00,יחידה,false,0,29.90,29.90,true,1,
7296073331865,false,מסרק כיס שחור,BE NOW,CN,מסרק כיס שחור,יחידה,1.00,יחידה,false,0,8.90,8.90,true,1,
7296073331957,false,גומיות צבעוניות 12 יח,BE NOW,CN,12 גומיות צבעוני,יחידה,1.00,יחידה,false,0,9.90,9.90,true,1,
7296073332114,false,גומיות מגבת שחורות 8 יח,BE NOW,CN,8ג.מגבת שחור,יחידה,1.00,יחידה,false,0,9.90,9.90,true,1,
7296073332169,false,16גומיות מגבת קטן צבעוני,BE NOW,CN,16ג.מגבת S צבע,יחידה,1.00,יחידה,false,0,9.90,9.90,true,1,
7296073332176,false,6 גומיות שחור פתוחות,BE NOW,CN,6גומיות ש. פתוח,יחידה,1.00,יחידה,false,0,9.90,9.90,true,1,
7296073332190,false,גומיות דקות לצמות 100 יח,BE NOW,CN,100 גומיות דקות,יחידה,1.00,יחידה,false,0,9.90,9.90,true,1,
7296073332480,false,סיכות תיקתק שחור 6 יח,BE NOW,CN,6תיקתק שחור,יחידה,1.00,יחידה,false,0,13.50,13.50,true,1,
7296073332534,false,קליפסים קטנים 8 יח שחור,BE NOW,CN,8קליפסים S שחור,יחידה,1.00,יחידה,false,0,14.90,14.90,true,1,
7296073332558,false,קליפס בינוני 4 יח שחור,BE NOW,CN,4קליפס M שחור,יחידה,1.00,יחידה,false,0,14.90,14.90,true,1,
7296073332572,false,קליפס בינוני חזק 3 יח,BE NOW,CN,3קליפס M חזק,יחידה,1.00,יחידה,false,0,14.90,14.90,true,1,
7296073332589,false,"קליפס ענק 13 ס""מ",BE NOW,CN,קליפס ענק 13 סמ,יחידה,1.00,יחידה,false,0,14.90,14.90,true,1,
7296073333623,false,זוג קשתות לשיער,BE NOW,CN,זוג קשתות לשיער,יחידה,1.00,יחידה,false,0,13.50,13.50,true,1,
7296073340096,false,שמפו מפרץ הרפתקאות 1ליטר,,TR,שמפו לילדים,ליטרים,1.00,ליטר,false,1,16.90,16.90,true,1,
7296073340249,false,תבניות אלומיניום ענקיות,,CN,תבניות אלומיניום,יחידה,1.00,יחידה,false,1,39.00,39.00,true,1,
7296073341444,false,חומץ תפוחים אורגני מלא5%,,ES,חומץ תפוחים,מיליליטרים,750.00,"100 מ""ל",false,1,19.90,2.65,true,1,
7296073341697,false,ממחטות אף לכיס 10 יחידות,שניב תעשיות נייר,IT,ממחטות אף לכיס,יחידה,1.00,יחידה,false,1,8.90,8.90,true,1,
7296073342120,false,מיקס מיני דגני בוקר105ג,בריגן קי ג'י,DE,דגני בוקר לילדים,גרמים,4.00,100 גרם,false,1,9.90,247.50,true,1,
7296073342328,false,שקדים מולבנים פרוסים100ג,,US,שקד מולבן פרוס,גרמים,100.00,100 גרם,false,1,13.90,13.90,true,1,
7296073342496,false,דלעת ארוזה,קטיף.,IL,דלעת ארוזה,קילוגרמים,0.00,"ק""ג",true,1,10.90,10.90,true,1,
7296073342915,false,פרושוטו בקר 80 גרם,מעדני יחיעם,IL,פרושוטו 80גרם,גרמים,80.00,100 גרם,false,1,18.90,23.63,true,1,
7296073342922,false,קורנביף 120 גרם,,IL,קורנביף 120גרם,גרמים,120.00,100 גרם,false,1,16.90,14.08,true,1,
7296073342939,false,סלמי צרפתי 120גרם,מעדני יחיעם,IL,סלמי צרפתי120גרם,גרמים,120.00,100 גרם,false,1,16.90,14.08,true,1,
7296073342946,false,סלמי סרוולט 120גרם,מעדני יחיעם,IL,סלמי סרוולט,גרמים,120.00,100 גרם,false,1,16.90,14.08,true,1,
7296073342953,false,כתף בקר מפולפל 100 גרם,מעדני יחיעם,IL,כתף בקר 100גרם,גרמים,100.00,100 גרם,false,1,18.90,18.90,true,1,
7296073342960,false,מינוט שניצל עוף דק דק,בלדי,IL,מינוט שניצל עוף,גרמים,300.00,100 גרם,false,1,21.90,7.30,true,1,
7296073342977,false,מינוט שווארמה דק דק 300,בלדי,IL,מינוט שואארמה,גרמים,300.00,100 גרם,false,1,26.90,8.97,true,1,
7296073343134,false,אלסבון מ.הרפתקאות ורוד1ל,אמיליה קוסמטיקס,TR,אל סבון ורוד,ליטרים,1.00,ליטר,false,1,16.90,16.90,true,1,
7296073343202,false,פריכיות כוסמת שופרסל160ג,"פרח תעשיות מזון בע""\מ",IL,פריכיות כוסמת,גרמים,160.00,100 גרם,false,1,9.90,6.19,true,1,
7296073343219,false,פריכיות אורז מלא 310 גרם,פרח תעשיות מזון,IL,פריכיות שופרסל,גרמים,310.00,100 גרם,false,1,16.90,5.45,true,1,
7296073343462,false,"קרם חמצן 6% 60 מ""ל",,IL,קרם חמצן 6%,מיליליטרים,60.00,"100 מ""ל",false,1,4.90,8.17,true,1,
7296073343479,false,"קרם חמצן 9% 60 מ""ל",,IL,קרם חמצן 9%,מיליליטרים,60.00,"100 מ""ל",false,1,4.90,8.17,true,1,
7296073343486,false,אבקת הבהרה לשיער 10 גרם,,IL,אבקת הבהרה לשיער,גרמים,10.00,100 גרם,false,1,7.90,79.00,true,1,
7296073343493,false,כדורי צמר גפן 100 יח',BE NOW,IL,כדורי צמר גפן,יחידה,1.00,יחידה,false,1,9.90,9.90,true,1,
7296073343653,false,"מסיר לק קלאסי 175 מ""ל BE",,TR,מסיר לק קלאסי,מיליליטרים,175.00,"100 מ""ל",false,1,11.90,6.80,true,1,
7296073343660,false,Be מסיר לק לא אציטון175מ,,TR,מסיר לק ללא אציט,מיליליטרים,175.00,"100 מ""ל",false,1,7.90,4.52,true,1,
7296073344469,false,שבבי שוקולד מריר 250 גרם,מיה,IL,שבבי שוקולד,גרמים,250.00,100 גרם,false,1,10.90,4.36,true,1,
7296073344742,false,ספגטי בולונז שופרסל 500,סי.אי.פי מבוא חורון,IL,ספגטי בולונז,גרמים,500.00,100 גרם,false,1,37.90,7.58,true,1,
7296073345084,false,לחם גרעינים ל.גלוטן500גר,גידרון,IL,לחם גרעינים,גרמים,500.00,100 גרם,false,1,18.90,3.78,true,1,
7296073345206,false,מבריק הפלא 3 יחידות,אלבגינו,PL,מבריק הפלא,יחידה,1.00,יחידה,false,1,10.90,10.90,true,1,
7296073345299,false,משחת שיניים מלבינה 100מל,,BG,משחת שיניים,מיליליטרים,100.00,"100 מ""ל",false,1,10.90,10.90,true,1,
7296073345305,false,משחת שיניים פרופ+הרבל100,,BG,משחת שיניים הרבל,מיליליטרים,100.00,"100 מ""ל",false,1,8.90,8.90,true,1,
7296073345336,false,משחת שיניים לילדים 2-6,שופרסל,BG,משחת שיניים KIDS,מיליליטרים,50.00,"100 מ""ל",false,1,9.90,19.80,true,1,
7296073345381,false,מברשות שיניים 3 יחידות,,TR,מברשות שיניים3יח,יחידה,1.00,יחידה,false,1,13.90,13.90,true,1,
7296073345404,false,מברשת שיניים חשמלית,,CN,מברשת שינ.חשמלית,יחידה,1.00,יחידה,false,1,41.90,41.90,true,1,
7296073345732,false,טופו אורגני גרין 300 גרם,כפרי בריא משק ויילר,IL,טופו אורגני,גרמים,300.00,100 גרם,false,1,11.00,3.66,true,1,
7296073345749,false,טופו רך גרין 300 גרם,כפרי בריא משק ויילר,IL,טופו רך,גרמים,300.00,100 גרם,false,1,13.10,4.37,true,1,
7296073345756,false,טופו בתוספת סידן גרין300,כפרי בריא משק ויילר,IL,טופו בתוספת סידן,גרמים,300.00,100 גרם,false,1,13.10,4.37,true,1,
7296073345763,false,טופו טעם טבעי 300 גרם,כפרי בריא משק ויילר,IL,טופו טעם טבעי,גרמים,300.00,100 גרם,false,1,13.10,4.37,true,1,
7296073345794,false,בייגלה אצבעות שומשום200ג,,IL,בייגלה אצבעות,גרמים,200.00,100 גרם,false,1,4.90,2.45,true,1,
7296073345817,false,בייגלה שטוח שומשום 200גר,,IL,בייגלה שטוח,גרמים,200.00,100 גרם,false,1,4.90,2.45,true,1,
7296073346333,false,עוגות אישיות קרם חלב350ג,קסליני,IT,עוגות אישיות,גרמים,350.00,100 גרם,false,1,14.90,4.26,true,1,
7296073346340,false,עוגות אישיות קרם שוקו350,קסליני,IT,עוגות אישיות,גרמים,350.00,100 גרם,false,1,14.90,4.26,true,1,
7296073346760,false,שקיות אשפה כתום 2 * 10יח,אשפלסט,IL,שקיות אשפה,יחידה,1.00,יחידה,false,1,22.90,22.90,true,1,
7296073346777,false,שקיות רב שימושיות 300 יח,אשפלסט,IL,שקיות רב שימושי,יחידה,1.00,יחידה,false,1,13.50,13.50,true,1,
7296073347453,false,פטרוזליה יחידה,תנובות לכיש,IL,פטרוזליה,יחידה,1.00,יחידה,false,1,4.90,4.90,true,1,
7296073347460,false,שמיר יחידה,תנובות לכיש,IL,שמיר,יחידה,1.00,יחידה,false,1,4.90,4.90,true,1,
7296073347477,false,כוסברה,תנובות לכיש,IL,כוסברה,יחידה,1.00,יחידה,false,1,4.90,4.90,true,1,
7296073347484,false,נענע,תנובות לכיש,IL,נענע,יחידה,1.00,יחידה,false,1,4.90,4.90,true,1,
7296073348023,false,שבבי שקדים מולבנים 100ג,,US,שבבי שקד מולבן,גרמים,100.00,100 גרם,false,1,13.90,13.90,true,1,
7296073348245,false,מטהר אויר אלוורה 350מל,סאסאטק,IL,מטהר אויר נ.גז,מיליליטרים,350.00,"100 מ""ל",false,1,11.90,3.40,true,1,
7296073348825,false,שוק.חלב עם פקאן 100 גרם,"שוקולד פריי בע""מ",CH,שוקולד חלב פקאן,גרמים,100.00,100 גרם,false,1,10.90,10.90,true,1,
7296073352839,false,מפיות חד שכבתי 100 יחידו,,IL,מפיות חד שכבתי,יחידה,1.00,יחידה,false,1,7.90,7.90,true,1,
7296073352846,false,"מפיות חד שכבתי 100 יח,'",,IL,מפיות,יחידה,1.00,יחידה,false,1,7.90,7.90,true,1,
7296073352860,false,מפיות נשלפות בדיספנסר,,IL,מפיות בדיספנסר,יחידה,1.00,יחידה,false,1,4.90,4.90,true,1,
7296073359234,false,גרעיני תירס מתוק 340 גרם,,HU,גרעיני תירס מתוק,גרמים,340.00,100 גרם,false,1,5.90,1.74,true,1,
7296073359272,false,24תחבושות לנערות סופר,,DE,תחבושות לנערות,יחידה,1.00,יחידה,false,1,13.50,13.50,true,1,
7296073359838,false,עוגיות מקלות מרוקאיות500,גידרון,IL,עוגיות מרוקאיות,גרמים,500.00,100 גרם,false,1,16.90,3.38,true,1,
7296073359852,false,עוגיות גרנולה 500 גרם,,IL,עוגיות גרנולה,גרמים,500.00,100 גרם,false,1,16.90,3.38,true,1,
7296073359883,false,עוגיות פרפריות 500 גרם,,IL,עוגיות פרפריות,גרמים,500.00,100 גרם,false,1,16.90,3.38,true,1,
7296073359920,false,עוגיות שוקוצ'יפס 500 גרם,,IL,עוגיות שוקוצ'יפס,גרמים,500.00,100 גרם,false,1,16.90,3.38,true,1,
7296073359937,false,עוגיות מעמול תמרים 500גר,,IL,עוגיות מעמול תמר,גרמים,500.00,100 גרם,false,1,16.90,3.38,true,1,
7296073361671,false,רוטב ברביקיו 510 גרם,,US,רוטב ברביקיו,גרמים,510.00,100 גרם,false,1,12.90,2.53,true,1,
7296073361701,false,רוטב ברביקיו ט.מעושן510ג,,US,רוטב ברביקיו,גרמים,510.00,100 גרם,false,1,12.90,2.53,true,1,
7296073362630,false,אקונומיקה סופר מבושמת 4ל,קומפלקס כימיקלים,IL,אקונומיקה מבושמת,ליטרים,4.00,ליטר,false,1,14.90,3.73,true,1,
7296073362647,false,אקונומיקה סמיכה שופרסל4ל,קומפלקס כימיקלים,IL,אקונומיקה סמיכה,ליטרים,4.00,ליטר,false,1,14.90,3.73,true,1,
7296073362654,false,אקונומיקה שופרסל 4 ליטר,קומפלקס כימיקלים,IL,אקונומיקה מבושמת,ליטרים,4.00,ליטר,false,1,9.90,2.48,true,1,
7296073362722,false,תבשיל אורז עם עדשים550ג,,IL,מג'דרה 550 גרם,גרמים,550.00,100 גרם,false,1,27.90,5.07,true,1,
7296073362739,false,חמאת בוטנים 510 גרם,יונייטד פודס,IN,חמאת בוטנים,גרמים,510.00,100 גרם,false,1,14.90,2.92,true,1,
7296073362777,false,סלרי עלים,תנובות לכיש,IL,סלרי עלים,יחידה,1.00,יחידה,false,1,6.90,6.90,true,1,
7296073362784,false,סלרי ראש,תנובות לכיש,IL,סלרי ראש,יחידה,1.00,יחידה,false,1,6.90,6.90,true,1,
7296073362791,false,שורש פטרוזיליה,תנובות לכיש,IL,שורש פטרוזיליה,יחידה,1.00,יחידה,false,1,6.90,6.90,true,1,
7296073362807,false,פזיל / מנגולד יחידה,תנובות לכיש,IL,פזיל / מנגולד,יחידה,1.00,יחידה,false,1,6.90,6.90,true,1,
7296073362821,false,סב.ידיים בצבעי פסטל500*3,טאהא קימיה,TR,סבון ידיים 3 יח,ליטרים,1.50,ליטר,false,1,14.90,9.93,true,1,
7296073362890,false,בייבי גאודה 31% 280 גרם,הנרי ויליך,NL,בייבי גאודה,גרמים,280.00,100 גרם,false,1,33.90,12.11,true,1,
7296073362944,false,אבקת אפיה שופרסל 10*10 י,,IL,אבקת אפיה 10 יח,גרמים,100.00,100 גרם,false,1,3.30,3.30,true,1,
7296073362951,false,סוכר וניל שופרסל 10*10גר,ר.ס-.חברה ליבוא וייצור מ,IL,סוכר וניל 10 יח,גרמים,100.00,100 גרם,false,1,3.40,3.40,true,1,
7296073362975,false,אבקת סוכר שופרסל 100 גרם,ר.ס-.חברה ליבוא וייצור מ,IL,אבקת סוכר,גרמים,100.00,100 גרם,false,1,2.50,2.50,true,1,
7296073363224,false,שמפו לשיער יבש BE 500,א.משי תעשיות,IL,שמפו לשיער יבשBE,מיליליטרים,500.00,"100 מ""ל",false,1,19.90,3.98,true,1,
7296073363804,false,Be רצועות להסרת שיער50יח,BE NOW,IL,Be רצועות להסרת,יחידה,1.00,יחידה,false,1,15.90,15.90,true,1,
7296073363989,false,"סכיני גילוח חד""פ לאשה5יח",,US,"סכיני גילוח חד""פ",יחידה,1.00,יחידה,false,1,11.90,11.90,true,1,
7296073363996,false,"סכיני גילוח חד""פ לגבר5יח",,US,"סכיני גילוח חד""פ",יחידה,1.00,יחידה,false,1,11.90,11.90,true,1,
7296073364177,false,"שקיות זיפר 20*20 ס""מ",,CN,שקיות זיפר 50יח,יחידה,1.00,יחידה,false,1,12.90,12.90,true,1,
7296073364351,false,חומוס גדול זיפר 500 גרם,,IL,חומוס גדול,גרמים,500.00,100 גרם,false,1,7.50,1.50,true,1,
7296073364375,false,חיטה זיפר שופרסל 500 גרם,מיה,IL,חיטה,גרמים,500.00,100 גרם,false,1,6.00,1.20,true,1,
7296073364467,false,שעועית מעורבת זיפר 500גר,,IL,שעועית מעורבת,גרמים,500.00,100 גרם,false,1,14.80,2.96,true,1,
7296073364481,false,"אפונה ירוקה זיפר 1 ק""ג",,IL,אפונה ירוקה,קילוגרמים,1.00,"ק""ג",false,1,8.80,8.80,true,1,
7296073364511,false,"חיטה זיפר שופרסל 1 ק""ג",מיה,IL,חיטה,קילוגרמים,1.00,"ק""ג",false,1,8.80,8.80,true,1,
7296073364542,false,"אורז לבן עגול זיפר 1 ק""ג",,IL,אורז לבן עגול,קילוגרמים,1.00,"ק""ג",false,1,8.40,8.40,true,1,
7296073364559,false,"אורז פרסי מלא זיפר 1 ק""ג",,IL,אורז פרסי מלא,קילוגרמים,1.00,"ק""ג",false,1,9.10,9.10,true,1,
7296073364610,false,שעועית ארגנטינאית זיפ500,,IL,שעועית ארגנטינאי,גרמים,500.00,100 גרם,false,1,11.30,2.26,true,1,
7296073364719,false,משחת שיניים לילדים גיל 6,MENUFACLURER,BG,משחת שיניים לילד,מיליליטרים,50.00,"100 מ""ל",false,1,9.90,19.80,true,1,
7296073365099,false,"כוס גדולה לאירוח 330 מ""ל",,CN,כוסות גדולות,יחידה,1.00,יחידה,false,1,17.90,17.90,true,1,
7296073365341,false,נייר טואלט תלת שכבתי32גל,שניב תעשיות נייר,IL,נייר טואלט 32 גל,מטרים,523.00,100 מטר,false,1,42.90,8.20,true,1,
7296073365471,false,פותח סתימות 1 ליטר,,IL,פותח סתימות,ליטרים,1.00,ליטר,false,1,22.90,22.90,true,1,
7296073365655,false,חומוס 700 גרם,,IL,סלט חומוס,גרמים,700.00,100 גרם,false,1,10.90,1.56,true,1,
7296073365792,false,מאגדת מיני בר וניל 5 יח,גלידות פלדמן,IL,מאגדת מיני בר,גרמים,300.00,100 גרם,false,1,23.90,7.97,true,1,
7296073365808,false,מאגדת מיני ברשוקולד 5 יח,גלידות פלדמן,IL,מאגדת מיני בר,גרמים,300.00,100 גרם,false,1,23.90,7.97,true,1,
7296073365952,false,קמח תפוחי אדמה498גרם,,IL,קמח תפוחי אדמה,גרמים,498.00,100 גרם,false,1,10.00,2.01,true,1,
7296073366898,false,גבינת קממבר 200 גרם,,FR,גבינת קמבבר,גרמים,200.00,100 גרם,false,1,22.90,11.45,true,1,
7296073367154,false,נקניקיות מרגז 400 גרם,טיבון ויל אחזקות בעמ,IL,נקניקיות מרגז,גרמים,400.00,100 גרם,false,1,19.90,4.98,true,1,
7296073367253,false,חטיף לכלב סושי עוף ודגים,,CN,חטיף לכלב,גרמים,80.00,100 גרם,false,1,17.90,22.38,true,1,
7296073367338,false,חטיף לחתול נגיסי ברווז,,CN,חטיף לחתול,גרמים,50.00,100 גרם,false,1,10.90,21.80,true,1,
7296073368472,false,פיצה מרגריטה עם זיתים יר,סוילה אס.אר.אל,IT,פיצה מרגריטה עם,גרמים,340.00,100 גרם,false,1,17.90,5.26,true,1,
7296073368502,false,אורז בסמטי בסגנון בוכרי,,IL,אורז בסמטי מתובל,גרמים,400.00,100 גרם,false,1,10.90,2.73,true,1,
7296073368526,false,אורז בסמטי בסגנון מג'דרה,,IL,אורז בסמטי מתובל,גרמים,400.00,100 גרם,false,1,10.90,2.73,true,1,
7296073368687,false,מגבוני בייבי פרימיום64*4,,IL,מגבונים לחים,יחידה,1.00,יחידה,false,1,19.90,19.90,true,1,
7296073368861,false,קוואקר דק מהיר הכנה500ג,,IL,קוואקר דק,גרמים,500.00,100 גרם,false,1,8.90,1.78,true,1,
7296073368878,false,קוואקר עבה 500 גרם,,IL,קוואקר עבה,גרמים,500.00,100 גרם,false,1,8.90,1.78,true,1,
7296073368885,false,שעועית שחורה 500 גרם,,IL,שעועית שחורה,גרמים,500.00,100 גרם,false,1,10.90,2.18,true,1,
7296073368915,false,לקט דגנים לקדירה 500 גרם,,IL,לקט לקדירה,גרמים,500.00,100 גרם,false,1,10.90,2.18,true,1,
7296073369035,false,קבוקים בציפוי שומשום400ג,,IL,קבוקים שומשום,גרמים,400.00,100 גרם,false,1,12.90,3.23,true,1,
7296073369592,false,תרסיס חיטוי וניקוי 750מל,,IL,תרסיס חיטוי כללי,מיליליטרים,750.00,"100 מ""ל",false,1,14.90,1.99,true,1,
7296073369622,false,"תרסיס חיטוי כללי 400 מ""ל",,IL,תרסיס חיטוי כללי,מיליליטרים,400.00,"100 מ""ל",false,1,22.90,5.73,true,1,
7296073369639,false,ערמונים קלופים קלויים100,,CN,ערמונים קלופים,גרמים,100.00,100 גרם,false,1,6.90,6.90,true,1,
7296073371892,false,קטשופ שופרסל 750 גרם,קונסרבאס סילביה,FR,קטשופ שופרסל,גרמים,750.00,100 גרם,false,1,8.90,1.19,true,1,
7296073372028,false,לפתן אפרסק 4 * 113 גרם,,CN,לפתן אפרסק,גרמים,452.00,100 גרם,false,1,10.90,2.41,true,1,
7296073372486,false,משקה אורז שקדים אורגני1ל,ליקואטס וגטאלס,ES,משקה אורז שקדים,ליטרים,1.00,ליטר,false,1,8.90,8.90,true,1,
7296073372509,false,משקה אורז אורגני 1 ליטר,ליקואטס וגטאלס,ES,משקה אורז אורגני,ליטרים,1.00,ליטר,false,1,8.90,8.90,true,1,
7296073372516,false,"משקה סויה אורגני ללת""ס1ל",ליקואטס וגטאלס,ES,משקה סויה אורגני,ליטרים,1.00,ליטר,false,1,8.90,8.90,true,1,
7296073372523,false,משקה שקדים אורגני 1 ליטר,ליקואטס וגטאלס,ES,משקה שקדים,ליטרים,1.00,ליטר,false,1,8.90,8.90,true,1,
7296073372530,false,"משקה שקדים ללת""ס 1 ליטר",ליקואטס וגטאלס,ES,"משקה שקדים ללת""ס",ליטרים,1.00,ליטר,false,1,8.90,8.90,true,1,
7296073372547,false,משקה ש.שועל שקדים 1 ליטר,ליקואטס וגטאלס,ES,משקה שיבולת שועל,ליטרים,1.00,ליטר,false,1,8.90,8.90,true,1,
7296073372554,false,משקה ש.שועל אורגני 1ליטר,ליקואטס וגטאלס,ES,משקה שיבולת שועל,ליטרים,1.00,ליטר,false,1,8.90,8.90,true,1,
7296073373421,false,קצף אקונומיקה 1 ליטר,קומפלקס כימיקלים,IL,קצף אקונומיקה,ליטרים,1.00,ליטר,false,1,15.10,15.10,true,1,
7296073373476,false,ברוקולי ארוז,,IL,ברוקולי ארוז,גרמים,350.00,100 גרם,false,1,9.90,2.83,true,1,
7296073375708,false,כוס אימון עם פיה רכה,LUV.N`CARE,CN,כוס אימון,יחידה,1.00,יחידה,false,1,19.90,19.90,true,1,
7296073376231,false,קערה עם מכסה מודפס 4 יחי,LUV.N`CARE,CN,קערה עם מכסה,יחידה,1.00,יחידה,false,1,29.90,29.90,true,1,
7296073376248,false,סינר מעוצב עם כיס ונשכן,LUV.N`CARE,CN,סינר עם סקוטש,יחידה,1.00,יחידה,false,1,24.90,24.90,true,1,
7296073379331,false,רוטב לסלט ויניגרט חרדל,"פרסקו חצבה 2006 בע""\מ",IL,ויניגרט חרדל,גרמים,280.00,100 גרם,false,1,12.90,4.61,true,1,
7296073379362,false,רוטב לסלט קיסר,"פרסקו חצבה 2006 בע""\מ",IL,רוטב לסלט קיסר,גרמים,280.00,100 גרם,false,1,12.90,4.61,true,1,
7296073379607,false,שניצל בקר דק 250גרם,,IL,שניצל בקר דק,גרמים,250.00,100 גרם,false,1,19.90,7.96,true,1,
7296073379683,false,אגוז מוסקט טחון 40 גרם,א.ל ייצור ושיווק תבלינים,IL,אגוז מוסקט טחון,גרמים,40.00,100 גרם,false,1,16.90,42.25,true,1,
7296073379690,false,ראס אל חנות 100 גרם,א.ל ייצור ושיווק תבלינים,IL,ראס אל חנות,גרמים,100.00,100 גרם,false,1,10.90,10.90,true,1,
7296073380665,false,מברשת התרת קשרים שחורה,BE NOW,CN,מברשת התרת קשרים,יחידה,1.00,יחידה,false,1,34.90,34.90,true,1,
7296073380825,false,Be ג'ל רחצה מקדמיה 700מ,קוסמטיקס,TR,Be ג'ל רחצה,מיליליטרים,700.00,"100 מ""ל",false,1,8.90,1.27,true,1,
7296073380832,false,Be ג'ל רחצה אורכידאה 700,קוסמטיקס,TR,Be ג'ל רחצה,מיליליטרים,700.00,"100 מ""ל",false,1,8.90,1.27,true,1,
7296073380870,false,דאו גברCookie Night 150,סאסא קוסמטיקס,IL,דאו לגבר,יחידה,1.00,יחידה,false,0,10.00,10.00,true,1,
7296073380887,false,דאו לגבר Boy Beach 150,סאסא קוסמטיקס,IL,דאו לגבר,יחידה,1.00,יחידה,false,0,10.00,10.00,true,1,
7296073380894,false,דאו לגבר Vib Morning 150,סאסא קוסמטיקס,IL,דאו לגבר,יחידה,1.00,יחידה,false,0,10.00,10.00,true,1,
7296073380917,false,רצועות שעווה לפנים 12 יח,VIOCOX,ES,רצועות שעווה,יחידה,1.00,יחידה,false,1,21.90,21.90,true,1,
7296073380948,false,ג'ל אלכוהול 70%בניחוח ים,,TR,ג'ל אלכוהול 70%ב,מיליליטרים,200.00,"100 מ""ל",false,1,2.90,1.45,true,1,
7296073381228,false,"תחליב רחצה Rose 700 מ""ל",שופרסל,TR,תחליב רחצה,מיליליטרים,700.00,"100 מ""ל",false,1,8.90,1.27,true,1,
7296073381235,false,תחליב רחצה Vanilla 700מ,שופרסל,TR,תחליב רחצה,מיליליטרים,700.00,"100 מ""ל",false,1,8.90,1.27,true,1,
7296073381242,false,"תחליב רחצה Cotton700מ""",שופרסל,TR,תחליב רחצה,מיליליטרים,700.00,"100 מ""ל",false,1,8.90,1.27,true,1,
7296073381501,false,קליפס בינוני חזק חום 3יח,BE NOW,CN,קליפס בינוני,יחידה,1.00,יחידה,false,1,14.90,14.90,true,1,
7296073382386,false,שוקולד מריר 75% 100 גרם,"שוקולד פריי בע""מ",CH,שוקולד מריר 75%,גרמים,100.00,100 גרם,false,1,10.90,10.90,true,1,
7296073382416,false,שוקולד מריר 90% 100 גרם,"שוקולד פריי בע""מ",CH,שוקולד מריר 90%,גרמים,100.00,100 גרם,false,1,10.90,10.90,true,1,
7296073383604,false,חליטת קמומיל ולימונית25ש,,IL,חליטת קמומיל,גרמים,37.00,100 גרם,false,1,12.90,34.86,true,1,
7296073383611,false,תה קמומיל ונענע 38 גרם,,IL,חליטת קמומיל,גרמים,38.00,100 גרם,false,1,12.90,33.95,true,1,
7296073383635,false,חליטת יער 50 גרם,,IL,חליטת יער,גרמים,50.00,100 גרם,false,1,12.90,25.80,true,1,
7296073383642,false,חליטת כורכום וג'ינג'ר 50,,IL,חליטת כורכום,גרמים,50.00,100 גרם,false,1,12.90,25.80,true,1,
7296073384434,false,קציצות סג.גפילטע פיש350ג,,IL,קציצות עם דגים,גרמים,350.00,100 גרם,false,1,14.90,4.26,true,1,
7296073385264,false,קורנישון מיני בצנצנת670ג,,IN,קורנישון מיני,גרמים,670.00,100 גרם,false,1,10.90,1.63,true,1,
7296073385752,false,קשיו קלויים ומומלח200ג,פיצוחי ציון,IL,קשיו קלוי ומומלח,גרמים,200.00,100 גרם,false,1,20.00,10.00,true,1,
7296073385769,false,פיסטוק קלוי וממולח 200ג,פיצוחי ציון,IL,פיסטוק קלוי,גרמים,200.00,100 גרם,false,1,20.00,10.00,true,1,
7296073386018,false,אגוזי מלך קלוף טבעי 150ג,פיצוחי ציון,US,אגוזי מלך טבעי,גרמים,150.00,100 גרם,false,1,10.00,6.67,true,1,
7296073386063,false,סכיני גילוח חד'פ לנשים 2,EDGEWELL,US,סכין גילוח 5 להב,יחידה,1.00,יחידה,false,1,19.90,19.90,true,1,
7296073386162,false,בננה ציפס 250גרם,פיצוחי ציון,IL,בננה ציפס,גרמים,250.00,100 גרם,false,1,10.00,4.00,true,1,
7296073386186,false,בוטן בקליפה קלוי וממולח,פיצוחי ציון,IL,בוטן בקליפה קלוי,גרמים,400.00,100 גרם,false,1,18.90,4.73,true,1,
7296073386247,false,עלי גפן ממולא.אורז 400 ג,אגה אזיר איסק סאניי,TR,עלי גפן ממולאים,גרמים,400.00,100 גרם,false,1,8.70,2.18,true,1,
7296073386414,false,נוזל לניקוי חלונות 1ליטר,,IL,נוזל לחלונות,ליטרים,1.00,ליטר,false,1,8.90,8.90,true,1,
7296073387053,false,תות בננה קפוא שופרסל 300,,RS,תות בננה קפוא,גרמים,300.00,100 גרם,false,1,16.90,5.63,true,1,
7296073388531,false,ביצי הפתעה 20*3ג LOL,,IT,ביצי הפתעה LOL,גרמים,60.00,100 גרם,false,1,10.00,16.67,true,1,
7296073388548,false,ביצי הפתעה PJMASK 20*3ג,,IT,ביצי הפתעה PJ,גרמים,60.00,100 גרם,false,1,10.00,16.67,true,1,
7296073388555,false,חליטת קמומיל 32.5 גרם,,IL,חליטת קמומיל,גרמים,32.00,100 גרם,false,1,12.90,40.31,true,1,
7296073388753,false,"שמפו שמן ארגן 700מ""ל",BFF,TR,שמפו,מיליליטרים,700.00,"100 מ""ל",false,1,10.90,1.56,true,1,
7296073388777,false,מרכך ש.רגיל ביוטין700מל,,TR,מרכך לשיער רגיל,מיליליטרים,700.00,"100 מ""ל",false,1,10.90,1.56,true,1,
7296073388814,false,מרכך לשיער יבש אבוקדו700,BFF,TR,מרכך אבוקדו,מיליליטרים,700.00,"100 מ""ל",false,1,10.90,1.56,true,1,
7296073388838,false,שוק.מריר ממולא ק.דובד100,"שוקולד פריי בע""מ",CH,שוקולד ממולא,גרמים,100.00,100 גרם,false,1,10.90,10.90,true,1,
7296073388845,false,שוק.מריר+קרם פירות100ג,"שוקולד פריי בע""מ",CH,שוקולד ממולא,גרמים,100.00,100 גרם,false,1,10.90,10.90,true,1,
7296073388852,false,שוק.חלב עם קרם דובדבן100,,CH,שוקולד חלב ממולא,גרמים,100.00,100 גרם,false,1,10.90,10.90,true,1,
7296073389422,false,"שמן זית אורגני 750 מ""ל",,IT,שמן זית אורגני,מיליליטרים,750.00,"100 מ""ל",false,1,43.90,5.85,true,1,
7296073389439,false,באגט ללא גלוטן,איתנ'ס יצור עוגות,IL,באגט ללא גלוטן,גרמים,240.00,100 גרם,false,1,15.90,6.63,true,1,
7296073389446,false,בגט גרעינים ללא גלוטן240,,IL,"בגט גרעינים לל""ג",גרמים,240.00,100 גרם,false,1,15.90,6.63,true,1,
7296073389453,false,בגט עם ציה ללא גלוטן240ג,,IL,בגט עם זרעי ציה,גרמים,240.00,100 גרם,false,1,15.90,6.63,true,1,
7296073389460,false,לחם בסגנון צרפתי 500 גר,,IL,לחם בסגנון צרפתי,גרמים,500.00,100 גרם,false,1,23.90,4.78,true,1,
7296073389477,false,לחם גרעינים ללא גלוטן500,,IL,לחם עם גרעינים,גרמים,500.00,100 גרם,false,1,24.90,4.98,true,1,
7296073389927,false,חטיפי חלבון קקאו 4 יח,,PL,חטיפי חלבון 4 יח,גרמים,160.00,100 גרם,false,1,22.90,14.31,true,1,
7296073389941,false,חטיפי חלבון קרמל מלוח4יח,,PL,חטיפי חלבון 4 יח,גרמים,160.00,100 גרם,false,1,22.90,14.31,true,1,
7296073390008,false,פרכיות מצופות שוק.מריר60,NETHERLANDS SANORICE,NL,פריכיות מצופות,גרמים,60.00,100 גרם,false,1,7.90,13.17,true,1,
7296073390206,false,עינוגי פקאן שופרסל 400 ג,בריגן קי ג'י,DE,עינוגי פקאן,גרמים,400.00,100 גרם,false,1,19.90,4.98,true,1,
7296073390213,false,ברנפלקס שופרסל 500 גרם,בריגן קי. ג'י,DE,ברנפלקס,גרמים,500.00,100 גרם,false,1,17.90,3.58,true,1,
7296073390275,false,לאבנה בקר5% שופרסל 200ג,,IL,לאבנה שופרסל,גרמים,200.00,100 גרם,false,1,10.90,5.45,true,1,
7296073390282,false,כדור מוצרלה שופרסל 200 ג,,IL,כדור מוצרלה,גרמים,200.00,100 גרם,false,1,9.90,4.95,true,1,
7296073390299,false,בייבי מוצרלה שופרסל150ג,,IL,בייבי מוצרלה,גרמים,200.00,100 גרם,false,1,14.50,7.25,true,1,
7296073390305,false,גבינת שמנת זיתים25% 200ג,,IL,גבינת שמנת זיתים,גרמים,200.00,100 גרם,false,1,11.90,5.95,true,1,
7296073390312,false,גב.שמנת שום שמיר25% 200ג,,IL,גב.שמנת שום שמיר,גרמים,200.00,100 גרם,false,1,11.90,5.95,true,1,
7296073390329,false,גבינת שמנת25% שופרסל200ג,,IL,גבינת שמנת,גרמים,200.00,100 גרם,false,1,11.90,5.95,true,1,
7296073390565,false,מטען קיר כפול TYPE 2.1A,,CN,מטען קיר כפול,יחידה,1.00,יחידה,false,1,49.90,49.90,true,1,
7296073390619,false,כבל 1.2M Type-C,,CN,כבל Type-C,יחידה,1.00,יחידה,false,1,19.90,19.90,true,1,
7296073390633,false,כבל מיקרו 1.2M,,CN,כבל מיקרו 1.2M,יחידה,1.00,יחידה,false,1,19.90,19.90,true,1,
7296073390640,false,כבל אייפון 2M,,CN,כבל אייפון 2M,יחידה,1.00,יחידה,false,1,29.90,29.90,true,1,
7296073390657,false,כבל אייפון 1.2M,,CN,כבל אייפון 1.2m,יחידה,1.00,יחידה,false,1,19.90,19.90,true,1,
7296073390671,false,כבל מקורי C TYPE סמסונג,בסט סין,CN,כבל מקורי C TYPE,יחידה,1.00,יחידה,false,1,39.90,39.90,true,1,
7296073390916,false,שווארמה מג'דרה 550 גרם,סי.אי.פי מבוא חורון,IL,שווארמה מג'דרה,גרמים,550.00,100 גרם,false,1,37.90,6.89,true,1,
7296073390923,false,נודלס עוף שופרסל 550 גרם,סי.אי.פי מבוא חורון,IL,נודלס עוף,גרמים,550.00,100 גרם,false,1,37.90,6.89,true,1,
7296073390930,false,עוף סצ'ואן שופרסל 550 גר,סי.אי.פי מבוא חורון,IL,עוף סצ'ואן,גרמים,550.00,100 גרם,false,1,37.90,6.89,true,1,
7296073391654,false,מגבונים לחיטוי וניקוי50י,טרופיקל דגיל,IL,מגבונים לניקוי,יחידה,1.00,יחידה,false,1,14.90,14.90,true,1,
7296073391661,false,מטליות מיקרופייבר גדול2י,סין,CN,מטליות לרצפה 2יח,יחידה,1.00,יחידה,false,1,19.90,19.90,true,1,
7296073392682,false,ממחטות טישו פרימיום 270,שניב תעשיות נייר,IL,ממחטות פרימיום,יחידה,1.00,יחידה,false,1,17.90,17.90,true,1,
7296073392699,false,מגבות נייר גליל כפול 8יח,,IL,מגבות נייר עבות,מטרים,169.00,מטר,false,1,24.90,0.15,true,1,
7296073392873,false,חטיף תירס ללג אורגני80 ג,,IT,חטיף תירס,גרמים,80.00,100 גרם,false,1,10.90,13.63,true,1,
7296073392934,false,נייר טואלט גליל כפול24יח,,IL,נייר טואלט 24 גל,מטרים,860.00,100 מטר,false,1,46.90,5.45,true,1,
7296073393108,false,קפה מיובש בהקפאה קלאס200,,ES,קפה נמס קלאסי,גרמים,200.00,100 גרם,false,1,20.90,10.45,true,1,
7296073393115,false,קפה נמס ערביקה 200 גרם,,ES,קפה נמס ערביקה,גרמים,200.00,100 גרם,false,1,20.90,10.45,true,1,
7296073393122,false,קפה נמס בריסטה 200 גרם,,ES,קפה נמס בריסטה,גרמים,200.00,100 גרם,false,1,20.90,10.45,true,1,
7296073393573,false,גרנולה שוקולד ופקאן 370ג,בריגן קי ג'י,DE,גרנולה שוקולד,גרמים,370.00,100 גרם,false,1,17.90,4.84,true,1,
7296073393580,false,פת פריכה ל.גלוטן200ג,,CZ,פת פריכה ל.גלוטן,גרמים,200.00,100 גרם,false,1,13.90,6.95,true,1,
7296073393610,false,נוזל כלים 24% לימון 750מ,קומפלקס כימיקלים בעמ,IL,נוזל כלים לימון,מיליליטרים,750.00,"100 מ""ל",false,1,10.90,1.45,true,1,
7296073393641,false,נוזל כלים תפוח+משאבה 1ל,,IL,נוזל כלים תפוח,ליטרים,1.00,ליטר,false,1,11.90,11.90,true,1,
7296073393672,false,חט.חלבון בציפוי שוקו40*4,,PL,חטיפי חלבון 4 יח,גרמים,160.00,100 גרם,false,1,22.90,14.31,true,1,
7296073394600,false,קלצונה מוצרלה 150 גרם,SRI VALPIZZA,IT,קלצונה מוצרלה,גרמים,150.00,100 גרם,false,1,10.90,7.27,true,1,
7296073394617,false,קלצונה מוצרלה עם זיתים,SRI VALPIZZA,IT,קלצונה מוצרלה זי,גרמים,150.00,100 גרם,false,1,10.90,7.27,true,1,
7296073394662,false,אבוקדו בשל מוכן לאכילה,"מור בריאות בע""מ",IL,אבוקדו בשל,יחידה,1.00,יחידה,false,1,10.90,10.90,true,1,
7296073395157,false,משקה אנרגיהFIREשופרסל250,אקו וויט,PL,משקה אנרגיה,מיליליטרים,250.00,"100 מ""ל",false,1,3.60,1.44,true,1,
7296073395195,false,טונה זהובה בשמן זית 190ג,,ES,טונה בשמן זית,גרמים,190.00,100 גרם,false,1,24.90,13.11,true,1,
7296073395201,false,טונה בשמן זית+לימון190גר,,ES,טונה בשמן זית,גרמים,190.00,100 גרם,false,1,24.90,13.11,true,1,
7296073395805,false,חמין עם בשר שופרסל 550 ג,סי.אי.פי מבוא חורון,IL,חמים עם בשר,גרמים,550.00,100 גרם,false,1,37.90,6.89,true,1,
7296073396666,false,כדורי שוקו מופחת סוכר450,,LT,דגני בוקר,גרמים,450.00,100 גרם,false,1,13.90,3.09,true,1,
7296073396819,false,אייס קפה קר אספרסו 250מ,ברגלנד מילך,AT,אייס קפה אספרסו,מיליליטרים,250.00,"100 מ""ל",false,1,7.20,2.88,true,1,
7296073396826,false,"אייס קפה קר לאטה 250 מ""ל",ברגלנד מילך,AT,אייס קפה קר לאטה,מיליליטרים,250.00,"100 מ""ל",false,1,7.20,2.88,true,1,
7296073396833,false,אייס קפה קר קפוצינו 250מ,ברגלנד מילך,AT,אייס קפה קפוצינו,מיליליטרים,250.00,"100 מ""ל",false,1,7.20,2.88,true,1,
7296073396840,false,לימון בלאדי,א.ל. ייצור ושיווק תבליני,IL,לימון בלאדי,גרמים,250.00,100 גרם,false,1,13.90,5.56,true,1,
7296073396864,false,סלט חזרת,א.ל. ייצור ושיווק תבליני,IL,סלט חזרת,גרמים,250.00,100 גרם,false,1,13.90,5.56,true,1,
7296073396871,false,פלפל צ'ומה,א.ל. ייצור ושיווק תבליני,IL,פלפל צ'ומה,גרמים,250.00,100 גרם,false,1,13.90,5.56,true,1,
7296073396888,false,אריסה מרוקאית שופרסל250ג,תבליני ביטון יוחאי,IL,אריסה חריפה,גרמים,250.00,100 גרם,false,1,13.90,5.56,true,1,
7296073396901,false,סחוג אדום,א.ל. ייצור ושיווק תבליני,IL,סחוג אדום,גרמים,130.00,100 גרם,false,1,8.90,6.85,true,1,
7296073397182,false,וופל Air קרם טעם שוקו150,,IL,וופל Air,גרמים,150.00,100 גרם,false,1,3.90,2.60,true,1,
7296073397199,false,קובה סלק שופרסל 600 גרם,סי.אי.פי מבוא חורון,IL,קובה סלק,גרמים,600.00,100 גרם,false,1,37.90,6.32,true,1,
7296073397328,false,מברשת ניקוי אסלה יחידה,TYF סחר,CN,מברשת ניקוי אסלה,יחידה,1.00,יחידה,false,1,4.90,4.90,true,1,
7296073397403,false,מקל מחוזק אפור/אדום יחיד,TYF סחר,IT,מקל מחוזק,יחידה,1.00,יחידה,false,1,5.90,5.90,true,1,
7296073397908,false,שבבי פקאן טבעי 100גרם,,ZA,שבבי פקאן טבעי,גרמים,100.00,100 גרם,false,1,13.90,13.90,true,1,
7296073398042,false,50כוס שתיה קרה מעוטר לבן,,IL,כוסות שתייה,יחידה,1.00,יחידה,false,1,18.90,18.90,true,1,
7296073398141,false,תפוחונים ללא גלוטן22 גרם,,CN,"תפוחונים לל""ג",גרמים,22.00,100 גרם,false,1,4.50,20.45,true,1,
7296073398158,false,תפוחונים גרין1+5מארז132ג,,CN,תפוחונים מארז6יח,גרמים,132.00,100 גרם,false,1,18.90,14.32,true,1,
7296073398271,false,טופו חומוס 300 גרם,"משק ויילר בע""\מ",IL,טופו חומוס,גרמים,300.00,100 גרם,false,1,13.10,4.37,true,1,
7296073398318,false,טורטיה עם זרעי צ'יה320ג,,RS,טורטיה,גרמים,320.00,100 גרם,false,1,10.90,3.41,true,1,
7296073398325,false,טורטיה קמח כוסמת 320ג,,RS,טורטיה,גרמים,320.00,100 גרם,false,1,10.90,3.41,true,1,
7296073398622,false,סלט ביצים עם אבוקדו250ג,,IL,סלט ביצים+אבוקדו,גרמים,250.00,100 גרם,false,1,19.90,7.96,true,1,
7296073398646,false,סלט טונה עם ירקות 250 גר,,IL,סלט טונה,גרמים,250.00,100 גרם,false,1,19.90,7.96,true,1,
7296073398653,false,סלט חציל בטעם כבד 250 גר,,IL,סלט חציל,גרמים,250.00,100 גרם,false,1,13.90,5.56,true,1,
7296073398660,false,סלט חציל תאילנדי 250 גרם,,IL,סלט חציל תאילנדי,גרמים,250.00,100 גרם,false,1,13.90,5.56,true,1,
7296073398684,false,חציל במיונז שופרסל 250 ג,,IL,סלט במיונז,גרמים,250.00,100 גרם,false,1,12.90,5.16,true,1,
7296073398691,false,חומוס אבו גוש שופרסל 250,,IL,חומוס אבו גוש,גרמים,250.00,100 גרם,false,1,12.90,5.16,true,1,
7296073398707,false,חומוס מסבחה שופרסל 250 ג,,IL,חומוס מסבחה,גרמים,250.00,100 גרם,false,1,12.90,5.16,true,1,
7296073398714,false,רצועות פלפל שופרסל 250 ג,,IL,רצועות פלפל,גרמים,250.00,100 גרם,false,1,12.90,5.16,true,1,
7296073398820,false,קפסולות הונדורס נספרסו50,DELICA,CH,קפסולות הונדורס,גרמים,50.00,100 גרם,false,1,15.90,31.80,true,1,
7296073398875,false,קרם קרקר 250 גרם,"אפיפית נצרת (1971) בע""\מ",IL,קרם קרקר,גרמים,250.00,100 גרם,false,1,8.70,3.48,true,1,
7296073398974,false,רביעיית סוללות AA,בסט סין,CN,רביעיית סוללותAA,יחידה,1.00,יחידה,false,1,9.90,9.90,true,1,
7296073398981,false,רביעיית סוללות AAA,בסט סין,CN,רביעיית סוללות,יחידה,1.00,יחידה,false,1,9.90,9.90,true,1,
7296073398998,false,שמינייה סוללות AA,בסט סין,CN,שמינייה סוללות,יחידה,1.00,יחידה,false,1,11.90,11.90,true,1,
7296073399001,false,שמינייה סוללות AAA,בסט סין,CN,שמינייה סוללות,יחידה,1.00,יחידה,false,1,11.90,11.90,true,1,
7296073399544,false,חלב נטול לקטוז2% 1 ליטר,מחלבות רמת הגולן,IL,חלב נטול לקטוז,ליטרים,1.00,ליטר,false,1,8.90,8.90,true,1,
7296073399551,false,שמיניית סוללות +AAרביעיה,,CN,שמיניית סוללות,יחידה,1.00,יחידה,false,1,22.90,22.90,true,1,
7296073400004,false,"שמנת לבישול 15% 500 מ""ל",מחלבות רמת הגולן,IL,שמנת לבישול,מיליליטרים,500.00,"100 מ""ל",false,1,14.50,2.90,true,1,
7296073400028,false,מבשם כביסה ספא כחול750מל,,IL,מבשם כביסה ספא,מיליליטרים,750.00,"100 מ""ל",false,1,14.90,1.99,true,1,
7296073400110,false,מטאטא יח,מיקסליר,IT,מטאטא,יחידה,1.00,יחידה,false,1,19.90,19.90,true,1,
7296073400134,false,יעה+מברשת יח,נינגבו ארט,CN,יעה+מברשת,יחידה,1.00,יחידה,false,1,9.90,9.90,true,1,
7296073400141,false,יעה יח,נינגבו ארט,CN,יעה,יחידה,1.00,יחידה,false,1,5.90,5.90,true,1,
7296073400172,false,יעה+מקל מתקפל יח,מיקסליר,IT,יעה+מקל מתקפל יח,יחידה,1.00,יחידה,false,1,14.90,14.90,true,1,
7296073400196,false,דלי אוולי 15 ליטר יח,מיקסליר,IT,דלי 15 ליטר,יחידה,1.00,יחידה,false,1,19.90,19.90,true,1,
7296073400219,false,מקל 1.3 מטר יח,מיקסליר,IT,מקל 1.3 מטר יח,יחידה,1.00,יחידה,false,1,6.90,6.90,true,1,
7296073401063,false,שמן חמניות 1 ליטר,ברוקלמן,DE,שמן חמניות,ליטרים,1.00,ליטר,false,1,13.90,13.90,true,1,
7296073401568,false,סלט טחינה שופרסל 250 גרם,"סלטי שמיר 2006 בע""\מ",IL,סלט טחינה,גרמים,250.00,100 גרם,false,1,12.90,5.16,true,1,
7296073401575,false,חומוס מסעדות שופרסל250ג,"סלטי שמיר 2006 בע""\מ",IL,חומוס מסעדות,גרמים,250.00,100 גרם,false,1,12.90,5.16,true,1,
7296073402954,false,"מלח הימלאיה דק 1 ק""ג",סולטס אן סולטס,PK,מלח הימלאיה דק,קילוגרמים,1.00,"ק""ג",false,1,17.90,17.90,true,1,
7296073403142,false,סבון לאסלה לימון 50*3 גר,רנקסן,TR,סבון לאסלה לימון,גרמים,3.00,100 גרם,false,1,10.90,363.33,true,1,
7296073403159,false,סבון לאסלה אורנים 50*3גר,רנקסן,TR,סבון לאסלה,גרמים,3.00,100 גרם,false,1,10.90,363.33,true,1,
7296073403241,false,ביצי שוק.מיני מ.הרפתק122,,IT,ביצי שוקולד מיני,גרמים,122.00,100 גרם,false,1,11.90,9.75,true,1,
7296073403418,false,מנצ'גו צ'אנק שופרסל150ג,קסוס דה סאלבדור,ES,גבינת מנצ'גו,גרמים,150.00,100 גרם,false,1,24.90,16.60,true,1,
7296073403425,false,קשקבל צ'אנק שופרסל 150 ג,קסוס דה סאלבדור,ES,גבינת קשקבל,גרמים,150.00,100 גרם,false,1,24.90,16.60,true,1,
7296073404156,false,איטריות רחבות שופרסל400ג,,CN,איטריות רחבות,גרמים,400.00,100 גרם,false,1,11.50,2.88,true,1,
7296073404279,false,צלחות גדולות חד פעמיות,,GR,צלחות גדולות,קילוגרמים,1.00,"ק""ג",false,1,44.90,44.90,true,1,
7296073404545,false,סרדינ.שמן חמניות שופר125,יוניאון,MA,סרדינים בשמן,גרמים,125.00,100 גרם,false,1,6.90,5.52,true,1,
7296073404712,false,איטר.אורז רחב שופרסל400ג,,CN,איטריות אורז רחב,גרמים,400.00,100 גרם,false,1,11.50,2.88,true,1,
7296073404729,false,איט.אורז צרות שופרסל400ג,,CN,איטריות אורז צר,גרמים,400.00,100 גרם,false,1,11.50,2.88,true,1,
7296073404903,false,מיץ לימון טבעי זכוכית250,פולנגי,IT,מיץ לימון טבעי,מיליליטרים,250.00,"100 מ""ל",false,1,7.50,3.00,true,1,
7296073405467,false,שקיות אשפה חזקות XL 20י,,IL,שקיות אשפה,יחידה,1.00,יחידה,false,1,22.90,22.90,true,1,
7296073405474,false,שקיות אשפה חזקות XL 20 י,,IL,שקיות אשפה,יחידה,1.00,יחידה,false,1,22.90,22.90,true,1,
7296073405481,false,שקיות אשפה חזקות XL 25,,IL,שקיות אשפה,יחידה,1.00,יחידה,false,1,22.90,22.90,true,1,
7296073405870,false,טחינה גולמית טעם שום310ג,אר.ג'\י.אם תעשיות מזון ב,IL,טחינה גולמית שום,גרמים,310.00,100 גרם,false,1,11.90,3.84,true,1,
7296073405993,false,יוגורט יווני וניל 150 גר,S.A MEVGAL,GR,יוגורט יווני,גרמים,150.00,100 גרם,false,1,6.60,4.40,true,1,
7296073406594,false,לחמניות כוסמין מלאות 6יח,,IL,לחמניות כוסמין,גרמים,450.00,100 גרם,false,1,14.90,3.31,true,1,
7296073406600,false,צ'יפס בטטה סגולה ובטטה85,,ES,צ'יפס בטטה סגולה,גרמים,85.00,100 גרם,false,1,10.00,11.77,true,1,
7296073406617,false,צ'יפס גזר לבן+סלק+בטטה85,FOODS VIUBE,ES,צ'יפס גזר לבן,גרמים,85.00,100 גרם,false,1,10.00,11.77,true,1,
7296073406624,false,צ'יפס סלק ובטטה לבנה85ג,FOODS VIUBE,ES,צ'יפס סלק ובטטה,גרמים,85.00,100 גרם,false,1,10.00,11.77,true,1,
7296073407560,false,תמר מגהול סופר עסיסי,"דוד חי בע""מ",IL,תמר מגהול עסיסי,גרמים,500.00,100 גרם,false,1,29.90,5.98,true,1,
7296073407812,false,יוגורט יווני אפרסק 150 ג,S.A MEVGAL,GR,יוגורט יווני,גרמים,150.00,100 גרם,false,1,6.60,4.40,true,1,
7296073407942,false,בסיס פיצה קפוא,SRI VALPIZZA,IT,בסיס פיצה קפוא,גרמים,2.00,100 גרם,false,1,17.90,895.00,true,1,
7296073408819,false,כדורי דגנים שוקולד50גרם,,LT,כדוגרי דגנים,גרמים,50.00,100 גרם,false,1,4.90,9.80,true,1,
7296073408840,false,כדורי דגנים במתיקות 50 ג,,LT,כדורי דגנים,גרמים,50.00,100 גרם,false,1,4.90,9.80,true,1,
7296073408888,false,נייר אפייה 50 יחידות,,IL,נייר אפייה,יחידה,1.00,יחידה,false,1,10.90,10.90,true,1,
7296073408901,false,כפפות M לטקס עם אבקה,WEIFANG,CN,כפפות לטקס,יחידה,1.00,יחידה,false,1,29.90,29.90,true,1,
7296073408918,false,כפפות L לטקס 100,WEIFANG,CN,כפפות לטקס,יחידה,1.00,יחידה,false,1,29.90,29.90,true,1,
7296073409113,false,פופקורן טבעי 5 * 100 גרם,AST נובולוג,BG,פופקורן למיקרוגל,גרמים,500.00,100 גרם,false,1,12.90,2.58,true,1,
7296073409120,false,פופקורן מופחת שומן85*5גר,AST נובולוג,BG,פופקורן למיקרוגל,גרמים,425.00,100 גרם,false,1,12.90,3.04,true,1,
7296073409144,false,מגבונים לחיטוי 50*3 יח',טרופיקל דגיל,IL,מגבונים לחיטוי,יחידה,1.00,יחידה,false,1,15.90,15.90,true,1,
7296073409625,false,גאודה 34% שופרסל 200 ג,B.V KAAS HAZELEGER,NL,גבינת גאודה,גרמים,200.00,100 גרם,false,1,19.90,9.95,true,1,
7296073409649,false,גב.עיזים הולנד שופרסל200,B.V KAAS HAZELEGER,NL,גבינת עיזים,גרמים,200.00,100 גרם,false,1,23.90,11.95,true,1,
7296073409663,false,גאודה הולנדי פרוס34% 150,B.V KAAS HAZELEGER,NL,גבינת גאודה,גרמים,150.00,100 גרם,false,1,18.90,12.60,true,1,
7296073409670,false,גב.עיזים פרוס שופרסל150ג,B.V KAAS HAZELEGER,NL,גבינת עיזים,גרמים,150.00,100 גרם,false,1,21.90,14.60,true,1,
7296073409885,false,מגשית פטרוזיליה שופרסל,דורות,IL,מגשית פטרוזיליה,גרמים,70.00,100 גרם,false,1,10.90,15.57,true,1,
7296073409908,false,מגשית בזיליקום שופרסל,דורות,IL,מגשית בזיליקום ש,גרמים,70.00,100 גרם,false,1,10.90,15.57,true,1,
7296073409922,false,מגשית ג'ינג'רכתוש שופרסל,דורות,IL,מגשית ג'ינג'ר כת,גרמים,70.00,100 גרם,false,1,10.90,15.57,true,1,
7296073411215,false,מרכך כביסה פרחי בר 1ל,,IL,מרכך כביסה מרוכז,ליטרים,1.00,ליטר,false,1,14.90,14.90,true,1,
7296073411222,false,מרכך כביסה פריחת אביב 1ל,"סאסאטק אגש""ח בע""מ",IL,מרכך כביסה מרוכז,ליטרים,1.00,ליטר,false,1,14.90,14.90,true,1,
7296073411239,false,מרכך כביסה מרוכז מאסק1ל,,IL,מרכך כביסה מרוכז,ליטרים,1.00,ליטר,false,1,14.90,14.90,true,1,
7296073411246,false,מרכך מרוכז יסמין/לילך1ל,,IL,מרכך כביסה מרוכז,ליטרים,1.00,ליטר,false,1,14.90,14.90,true,1,
7296073413233,false,חסה עגולה ארוזה,"משק אסף פרחי בע""מ",IL,חסה עגולה,גרמים,200.00,100 גרם,false,1,7.90,3.95,true,1,
7296073413257,false,חסה לבבות,"משק אסף פרחי בע""מ",IL,חסה לבבות,גרמים,350.00,100 גרם,false,1,10.90,3.11,true,1,
7296073413325,false,ביסקוויט שוקולד חלב150גר,,ES,ביסקוויט שוקולד,גרמים,150.00,100 גרם,false,1,9.90,6.60,true,1,
7296073413332,false,ביסקוויט שוקולד מריר150ג,,ES,ביסקוויט שוקולד,גרמים,150.00,100 גרם,false,1,9.90,6.60,true,1,
7296073413349,false,ביסקוויט שוקולד לבן150ג,,ES,ביסקוויט שוקולד,גרמים,150.00,100 גרם,false,1,9.90,6.60,true,1,
7296073413424,false,צנונית,חבל מעון,IL,צנונית,גרמים,400.00,100 גרם,false,1,6.90,1.73,true,1,
7296073413721,false,שוקולד מריר 77% פרו100ג,פריי )שוקולד(,CH,שוקולד מריר 77%,גרמים,100.00,100 גרם,false,1,10.90,10.90,true,1,
7296073413769,false,שוקולד מריר 83% 100גרם,פריי )שוקולד(,CH,שוקולד מריר,גרמים,100.00,100 גרם,false,1,10.90,10.90,true,1,
7296073413844,false,צמד הודו עוף+סלמי 800 גר,,IL,צמדהודועוף+סלמי,גרמים,800.00,100 גרם,false,1,27.90,3.49,true,1,
7296073413929,false,קינואה אדומה זיפר 500 גר,מיה,IL,קינואה אדומה,גרמים,500.00,100 גרם,false,1,13.90,2.78,true,1,
7296073414759,false,שמנת מתוקה24%להקצפה250מל,מחלבת רמת-הגולן,IL,שמנת מתוקה,מיליליטרים,250.00,"100 מ""ל",false,1,6.30,2.52,true,1,
7296073414766,false,"שמנת לבישול 10% 250 מ""ל",מחלבת רמת-הגולן,IL,שמנת לבישול,מיליליטרים,250.00,"100 מ""ל",false,1,7.40,2.96,true,1,
7296073414971,false,נוזל כלים פרחי בר 1ליטר,,IL,נוזל כלים פרח בר,ליטרים,1.00,ליטר,false,1,11.90,11.90,true,1,
7296073414988,false,פלפלים ממולאים שופרסל400,אגה אזיר איסק סאניי,TR,פלפלים ממולאים,גרמים,400.00,100 גרם,false,1,8.90,2.23,true,1,
7296073414995,false,חצילים ממולאים שופרסל400,אגה אזיר איסק סאניי,TR,חצילים ממולאים,גרמים,400.00,100 גרם,false,1,8.90,2.23,true,1,
7296073415077,false,28תחבושות נורמל עם כנפי,קוראטקס,DE,תחבושות B,יחידה,1.00,יחידה,false,1,13.50,13.50,true,1,
7296073415084,false,2תחבושות סופר+ עם כנפיים,קוראטקס,DE,תחבושות B,יחידה,1.00,יחידה,false,1,13.50,13.50,true,1,
7296073415114,false,מגני תחתון נורמל 60 יח,קוראטקס,DE,מגני תחתון B,יחידה,1.00,יחידה,false,1,13.90,13.90,true,1,
7296073415121,false,מגני תחתון לארג' 52 יחיד,קוראטקס,DE,מגני תחתון B,יחידה,1.00,יחידה,false,1,13.90,13.90,true,1,
7296073415138,false,44 מגני תחתון לונג,קוראטקס,DE,מגני תחתון B,יחידה,1.00,יחידה,false,1,13.90,13.90,true,1,
7296073415145,false,60מגני תחתון נערות נורמל,קוראטקס,DE,מגני תחתון B,יחידה,1.00,יחידה,false,1,13.90,13.90,true,1,
7296073415312,false,טחינה בקבוק לחיץ 300 גרם,,IL,טחינה בקבוק לחיץ,גרמים,300.00,100 גרם,false,1,15.90,5.30,true,1,
7296073415558,false,שניצל תירס צמחוני 750 גר,"טיבון ויל אחזקות בע""\מ",IL,שניצל תירס צמחונ,גרמים,750.00,100 גרם,false,1,21.90,2.92,true,1,
7296073415572,false,שניצלוני תירס צמחוני 650,"טיבון ויל אחזקות בע""\מ",IL,שניצלוני תירס צמ,גרמים,650.00,100 גרם,false,1,21.90,3.37,true,1,
7296073416005,false,"תפוחונים קינמון לל""ג 22ג",,CN,תפוחונים קינמון,גרמים,22.00,100 גרם,false,1,4.50,20.45,true,1,
7296073416012,false,תפוחונים קינמון 1+5מארז,,CN,תפוחונים 6 יח,גרמים,132.00,100 גרם,false,1,18.90,14.32,true,1,
7296073416036,false,פופקורן בטעם חמאה100*5גר,AST נובולוג,BG,פופקורן למיקרוגל,גרמים,500.00,100 גרם,false,1,12.90,2.58,true,1,
7296073416845,false,ביצים L שופרסל 12יחידות,"ביצי משק דוידי בע""מ",IL,ביצים 12יח L,יחידה,1.00,יחידה,false,1,12.05,12.05,true,1,
7296073416852,false,ביציםM שופרסל 12יחידות,"ביצי משק דוידי בע""מ",IL,ביצים 12יח M,יחידה,1.00,יחידה,false,1,11.15,11.15,true,1,
7296073416876,false,ביציםXL שופרסל 30יחידות,"ביצי משק דוידי בע""מ",IL,ביצים 30יח XL,יחידה,1.00,יחידה,false,1,32.75,32.75,true,1,
7296073417422,false,מלפפון בייבי,משק גל,IL,מלפפון בייבי,גרמים,350.00,100 גרם,false,1,10.90,3.11,true,1,
7296073417439,false,קישוא זוקיני ארוז מובחר,משק גל,IL,קישוא זוקיני,קילוגרמים,0.00,"ק""ג",true,1,12.90,12.90,true,1,
7296073417446,false,פלפל מתוק ארוז 500גרם,משק גל,IL,פלפל מתוק ארוז,גרמים,500.00,100 גרם,false,1,12.90,2.58,true,1,
7296073420675,false,ביצי הפתעה יוניקורן20*3ג,SPA ZAINI LUIGI,IT,ביצי הפתעה יוניק,גרמים,60.00,100 גרם,false,1,10.00,16.67,true,1,
7296073420682,false,ביצי הפתעה Pups Mighty 3,SPA ZAINI LUIGI,IT,ביצי הפתעה,גרמים,60.00,100 גרם,false,1,10.00,16.67,true,1,
7296073421702,false,"מגב פטנט 40 ס""מ יחידה",מיקסליר,IT,"מגב פטנט 40 ס""מ",יחידה,1.00,יחידה,false,1,24.90,24.90,true,1,
7296073421719,false,"מגב רצפה 40ס""מ יחידה",מיקסליר,IT,"מגב רצפה 40ס""מ",יחידה,1.00,יחידה,false,1,10.90,10.90,true,1,
7296073421801,false,גבינת פרמזן30% 200ג שופר,אמברוסי,IT,גבינת פרמזן,גרמים,200.00,100 גרם,false,1,25.90,12.95,true,1,
7296073422211,false,שעועית ירוקה טרייה שטופה,גיזרונים,IL,שעועית ירוקה טרי,גרמים,410.00,100 גרם,false,1,15.90,3.88,true,1,
7296073422617,false,נבטי אלפלפא 120גרם,נבטי איילון,IL,נבטי אלפלפא,גרמים,120.00,100 גרם,false,1,7.90,6.58,true,1,
7296073422624,false,נבטי חמניות 150גרם,נבטי איילון,IL,נבטי חמניות,גרמים,150.00,100 גרם,false,1,8.90,5.93,true,1,
7296073422655,false,נבטים סיניים 220גרם,נבטי איילון,IL,נבטים סיניים,גרמים,220.00,100 גרם,false,1,7.90,3.59,true,1,
7296073422693,false,אנדיב / עולש,חוות תקוע,IL,אנדיב / עולש,גרמים,220.00,100 גרם,false,1,12.90,5.86,true,1,
7296073423126,false,לקט עלי סלנובה ועלי בייב,"פרסקו חצבה 2006 בע""\מ",IL,לקטסלנובה ובייבי,גרמים,200.00,100 גרם,false,1,12.90,6.45,true,1,
7296073423133,false,עלי חסה סלנובה שטופים,"פרסקו חצבה 2006 בע""\מ",IL,עלי חסה סלנובה,גרמים,200.00,100 גרם,false,1,12.90,6.45,true,1,
7296073423454,false,חטיף תפוח אדום 20 גרם,נוביפרוטס,PT,חטיף תפוח אדום,גרמים,20.00,100 גרם,false,1,4.90,24.50,true,1,
7296073423461,false,חטיף תפוח עץ וקינמון20ג,נוביפרוטס,PT,חטיף תפוח עץ,גרמים,12.00,100 גרם,false,1,4.90,40.83,true,1,
7296073423478,false,חטיף קוקוס מיובש 20 גרם,נוביפרוטס,PT,חטיף קוקוס,גרמים,20.00,100 גרם,false,1,4.90,24.50,true,1,
7296073423485,false,"חטיף תפו""ע 20 גרם",נוביפרוטס,PT,"חטיף תפו""ע",גרמים,20.00,100 גרם,false,1,4.90,24.50,true,1,
7296073423645,false,פתי בר שופרסל 300 גרם,BV BISCUIT PALLY,NL,פתי בר,גרמים,300.00,100 גרם,false,1,4.90,1.63,true,1,
7296073423652,false,קרקרים בסגנון איטלקי180ג,יורוסנאקס,IT,חטיפי מיני קרקר,גרמים,180.00,100 גרם,false,1,8.90,4.94,true,1,
7296073423669,false,קרקר שמן זית וזיתים180גר,יורוסנאקס,IT,חטיפי מיני קרקר,גרמים,180.00,100 גרם,false,1,8.90,4.94,true,1,
7296073423676,false,קרקרים מיני רוזמרין180ג,יורוסנאקס,IT,חטיפי מיני קרקר,גרמים,180.00,100 גרם,false,1,8.90,4.94,true,1,
7296073424574,false,תערובת סופלה 250 גרם,"י. כהן בע""\מ",IL,תערובת סופלה,גרמים,250.00,100 גרם,false,1,15.90,6.36,true,1,
7296073424581,false,טורטיה קמח כוסמין 320גרם,PIP D.O.O,RS,טורטיה כוסמין,גרמים,320.00,100 גרם,false,1,10.90,3.41,true,1,
7296073424697,false,קוואקר ש.שועל בפחית500ג,ZO SP. POLSER,AE,קוואקר ש.שועל פח,גרמים,500.00,100 גרם,false,1,10.90,2.18,true,1,
7296073426592,false,עוג.ללא גלוטן שוקו150ג,,IT,עוגיות ללא גלוטן,גרמים,150.00,100 גרם,false,1,12.90,8.60,true,1,
7296073426608,false,עוג.ללא גלוטן לימון150ג,,IT,עוגיות ללא גלוטן,גרמים,150.00,100 גרם,false,1,12.90,8.60,true,1,
7296073427315,false,פיתות כוסמין 8יח50* גרם,"מאפיית אורן משי בע""\מ",IL,פיתות כוסמין 8יח,גרמים,440.00,100 גרם,false,1,16.90,3.84,true,1,
7296073427803,false,מטליות לרצפה מאסק10יח,פלסטו פוליש,IL,מטליות לרצפה,יחידה,1.00,יחידה,false,1,7.50,7.50,true,1,
7296073427810,false,מטליות רצפה לוונדר10יח,פלסטו פוליש,IL,מטליות לרצפה,יחידה,1.00,יחידה,false,1,7.50,7.50,true,1,
7296073427834,false,חט.דגנים שוק.מריר+חלבון4,BACK AND SNACK,AT,חטיף דגנים,גרמים,160.00,100 גרם,false,1,18.90,11.81,true,1,
7296073428343,false,מסיר שומנים 1 ליטר,קומפלקס כימיקלים,IL,מסיר שומנים,ליטרים,1.00,ליטר,false,1,11.90,11.90,true,1,
7296073428503,false,אקונומיקה בישום עוצמתי4ל,סאסאטק,IL,אקונומיקה מבושמת,ליטרים,4.00,ליטר,false,1,16.90,4.23,true,1,
7296073428541,false,מיקס פירות יער חדש 300 ג,D.O.O LAKI,RS,מיקס פירות יער,גרמים,300.00,100 גרם,false,1,16.90,5.63,true,1,
7296073429005,false,מנקה ומבשם רצפות סגול 2ל,ספידי תעשיות,IL,מנקה רצפות סגול,ליטרים,2.00,ליטר,false,1,17.90,8.95,true,1,
7296073429029,false,מנקה ומבשם רצפות ירוק 2ל,ספידי תעשיות,IL,מנקה ומבשם רצפות,ליטרים,2.00,ליטר,false,1,17.90,8.95,true,1,
7296073429210,false,מסיר אבנית למקלחון 1 ל,"סאסאטק אגש""ח בע""מ",IL,מסיר אבנית מרסס,ליטרים,1.00,ליטר,false,1,14.90,14.90,true,1,
7296073429227,false,ניקוי כללי-רסס ונגב 1 לי,"סאסאטק אגש""ח בע""מ",IL,ניקוי כללי מרסס,ליטרים,1.00,ליטר,false,1,14.90,14.90,true,1,
7296073429234,false,ניקוי כללי+חומץ מרסס 1 ל,"סאסאטק אגש""ח בע""מ",IL,ניקוי כללי+חומץ,ליטרים,1.00,ליטר,false,1,14.90,14.90,true,1,
7296073429241,false,ניקוי כללי+אקונומיקה 1 ל,"סאסאטק אגש""ח בע""מ",IL,ניקוי כללי מרסס,ליטרים,1.00,ליטר,false,1,14.90,14.90,true,1,
7296073429265,false,חיטוי וניקוי+חומץ 750מל,"סאסאטק אגש""ח בע""מ",IL,מרסס חיטוי כללי,מיליליטרים,750.00,"100 מ""ל",false,1,14.90,1.99,true,1,
7296073429753,false,ניילון נצמד בחיתוך קל,,CN,ניילון נצמד,מטרים,150.00,מטר,false,1,20.00,0.14,true,1,
7296073429807,false,ממרח בזיליקום ואגוזים180,"פרסקו חצבה 2006 בע""\מ",IL,פסטו,גרמים,180.00,100 גרם,false,1,10.90,6.06,true,1,
7296073429838,false,סחוג אדום 180 גרם,"פרסקו חצבה 2006 בע""\מ",IL,סחוג אדום,גרמים,180.00,100 גרם,false,1,10.90,6.06,true,1,
7296073429937,false,פדים קוסמטיים 40 יחידות,PRODUC UES DAILY JIEYANG,CN,פדים קוסמטיים,יחידה,1.00,יחידה,false,1,7.90,7.90,true,1,
7296073431121,false,רביולי גבינה פרימיום 300,פסטה נונה,IL,רביולי גבינה פרי,גרמים,300.00,100 גרם,false,1,19.90,6.63,true,1,
7296073431138,false,רביולי בטטה פרימיום 300,פסטה נונה,IL,רביולי בטטה פרימ,יחידה,1.00,יחידה,false,0,19.90,19.90,true,1,
7296073431152,false,מיקס עגבניה שרי,עידו נחום,IL,מיקס עגבניות שרי,גרמים,460.00,100 גרם,false,1,10.90,2.37,true,1,
7296073431244,false,גאודה נטול לקטוז 150 גרם,,PL,גאודה נטול לקטוז,גרמים,150.00,100 גרם,false,1,7.50,5.00,true,1,
7296073431565,false,צלחות גדולות מקנה סוכר,,CN,צלחות מקנה סוכר,יחידה,1.00,יחידה,false,1,17.90,17.90,true,1,
7296073431572,false,צלחות בינוניות מקנה סוכר,,CN,צלחת קנה סוכר,יחידה,1.00,יחידה,false,1,14.90,14.90,true,1,
7296073431589,false,צלחות קטנות מקנה סוכר,,CN,צלחת קנה סוכר,יחידה,1.00,יחידה,false,1,9.90,9.90,true,1,
7296073431596,false,מרקייה קנה סוכר 25 יחידו,,CN,מרקיות מקנה סוכר,יחידה,1.00,יחידה,false,1,14.90,14.90,true,1,
7296073431862,false,עוגת מאפין שוקו וניל500ג,גידרון,IL,עוגת מאפין שיש,גרמים,500.00,100 גרם,false,1,22.90,4.58,true,1,
7296073431879,false,עוגת מאפין שוקו צ'יפס500,גידרון,IL,מאפין שוקוצ'יפס,גרמים,500.00,100 גרם,false,1,22.90,4.58,true,1,
7296073431886,false,עוגת מאפין שוקולד 500גרם,גידרון,IL,מאפין טעם שוקו,גרמים,500.00,100 גרם,false,1,22.90,4.58,true,1,
7296073431893,false,עוגת מאפין אגוזים 500גרם,,IL,מאפין אגוזים,גרמים,550.00,100 גרם,false,1,22.90,4.16,true,1,
7296073431916,false,עוגת מאפין תפוז 500גרם,גידרון,IL,מאפין בטעם תפוז,גרמים,500.00,100 גרם,false,1,22.90,4.58,true,1,
7296073432265,false,פס גבינה אפוי .,גידרון,IL,פס גבינה אפוי,יחידה,1.00,יחידה,false,1,49.90,49.90,true,1,
7296073432319,false,סופלה שוקולד 150*2גרם,גידרון,IL,סופלה שוקולד,גרמים,300.00,100 גרם,false,1,22.90,7.63,true,1,
7296073432326,false,מטלית אנטיבקטראל למשטחים,LTD Y.B.T.C,CN,מטלית למשטחים,יחידה,1.00,יחידה,false,1,6.90,6.90,true,1,
7296073432845,false,פסטה פנה ריגטה 500 גרם,מאנפאקטור,IT,פנה ריגטה,גרמים,500.00,100 גרם,false,1,6.50,1.30,true,1,
7296073432869,false,פסטה פרפלה 500 גרם,מאנפאקטור,IT,פסטה פרפלה,גרמים,500.00,100 גרם,false,1,6.50,1.30,true,1,
7296073432937,false,מטליות אנטיבקטריאליות2יח,סדובסקי,CN,מטליות מיקרו,יחידה,1.00,יחידה,false,1,12.90,12.90,true,1,
7296073432944,false,סט מטליות מיקרופייבר5יח,סדובסקי,CN,סט מטליות מיקרו,יחידה,1.00,יחידה,false,1,16.90,16.90,true,1,
7296073440062,false,מרכך כביסה מרוכז ורוד2לי,גליל כימיקלים,IL,מרכך כביסה ורוד,ליטרים,2.00,ליטר,false,1,19.90,9.95,true,1,
7296073440956,false,קינואה שופרסל זיפר 500 ג,"הנמל אריזות ושיווק בע""\מ",PE,קינואה זיפר,גרמים,500.00,100 גרם,false,1,15.90,3.18,true,1,
7296073440963,false,"קינואה שופרסל זיפר 1 ק""ג","הנמל אריזות ושיווק בע""\מ",PE,קינואה זיפר,קילוגרמים,1.00,"ק""ג",false,1,24.90,24.90,true,1,
7296073441335,false,פריכיות אורז מלא 110 גרם,"פרח תעשיות מזון בע""\מ",IL,פריכיות אורז מלא,גרמים,110.00,100 גרם,false,1,6.90,6.27,true,1,
7296073441366,false,פריכיות חומוס וקינואה110,"פרח תעשיות מזון בע""\מ",IL,פריכיות חומוס,גרמים,110.00,100 גרם,false,1,10.90,9.91,true,1,
7296073441373,false,פריכיות חומוס וצ'יה110ג,"פרח תעשיות מזון בע""\מ",IL,פריכיות חומוס,גרמים,110.00,100 גרם,false,1,10.90,9.91,true,1,
7296073441625,false,ג'ל רחצה לגבר 3 ב1- 700מ,טאהא קימיה,TR,ג'ל רחצה לגבר,יחידה,1.00,יחידה,false,0,10.00,10.00,true,1,
7296073441885,false,כריות יפניות אנטיבקטריאל,פלסטו פוליש,IL,כריות יפניות,יחידה,1.00,יחידה,false,1,10.90,10.90,true,1,
7296073442219,false,כדורי דגנים חום לבן500גר,CERERA,LT,כדורי דגנים,גרמים,500.00,100 גרם,false,1,13.90,2.78,true,1,
7296073442240,false,כדורי דגנים חום לבן 50גר,CERERA,LT,כדורי דגנים,גרמים,50.00,100 גרם,false,1,4.90,9.80,true,1,
7296073442257,false,צדפים דגנים ט.שוקולד50ג,CERERA,LT,צדפים דגנים,גרמים,50.00,100 גרם,false,1,4.90,9.80,true,1,
7296073442349,false,סילאן טבעי לחיץ שופר840ג,"טעמי הגליל בע""\מ",IL,סילאן לחיץ,גרמים,840.00,100 גרם,false,1,22.90,2.73,true,1,
7296073444190,false,ברוקולי 350גרם,מרינה,IL,ברוקולי,גרמים,350.00,100 גרם,false,1,9.90,2.83,true,1,
7296073444220,false,42 חיתולים שלב 4 שופרסל,די.פי.אל תעשיות מוצרים ח,IL,חיתולים שופרסל,יחידה,1.00,יחידה,false,1,25.00,25.00,true,1,
7296073444237,false,40חיתולים שלב 4+ שופרסל,די.פי.אל תעשיות מוצרים ח,IL,חיתולים שופרסל,יחידה,1.00,יחידה,false,1,25.00,25.00,true,1,
7296073444244,false,34 חיתולים שלב 5 שופרסל,די.פי.אל תעשיות מוצרים ח,IL,חיתולים שופרסל,יחידה,1.00,יחידה,false,1,25.00,25.00,true,1,
7296073444251,false,30 חיתולים שלב 6 שופרסל,די.פי.אל תעשיות מוצרים ח,IL,חיתולים שופרסל,יחידה,1.00,יחידה,false,1,25.00,25.00,true,1,
7296073444398,false,גאודה כמהין 34% צאנק200ג,הנרי ויליך,NL,גאודה כמהין,גרמים,200.00,100 גרם,false,1,29.90,14.95,true,1,
7296073444411,false,נייר טואלט דו שכבתי40גל,שניב תעשיות נייר,IL,נייר טואלט 40גל,יחידה,1.00,יחידה,false,0,64.90,64.90,true,1,
7296073444633,false,גלילי וופל טעם שוקולד100,"מנעמים תעשיות מזון בע""\מ",IL,גלילי וופל,גרמים,100.00,100 גרם,false,1,5.90,5.90,true,1,
7296073445159,false,תחתיות ארטישוק 400 גרם,INDUSTRY FOOD FOR SILVA,EG,תחתיות ארטישוק,גרמים,400.00,100 גרם,false,1,13.90,3.48,true,1,
7296073445166,false,במיה קפואה 600 גרם,INDUSTRY FOOD FOR SILVA,IL,במיה 600 גרם,גרמים,600.00,100 גרם,false,1,13.90,2.31,true,1,
7296073445395,false,"תרחיץ פנים מיסלרי 150מ""ל",קוסמטיקס,TR,תרחיץ פנים מיסלר,יחידה,1.00,יחידה,false,0,10.00,10.00,true,1,
7296073445401,false,"תרחיץ פנים גרגירי150 מ""ל",קוסמטיקס,TR,תרחיץ פנים מיסלר,מיליליטרים,150.00,"100 מ""ל",false,1,10.00,6.66,true,1,
7296073445524,false,סבון ידיים Northern מ500,טאהא קימיה,TR,סבון ידיים+משאבה,יחידה,1.00,יחידה,false,0,11.90,11.90,true,1,
7296073445548,false,"מכשיר גילוח ר""פ לנשים2+",EDGEWELL,US,מ.גילוח לנשים,יחידה,1.00,יחידה,false,1,29.90,29.90,true,1,
7296073445555,false,סכיני גילוח רב''פ לנשים,EDGEWELL,US,סכיני גילוח נשים,יחידה,1.00,יחידה,false,1,31.90,31.90,true,1,
7296073445678,false,קצף אקונומיקה לוונדר 1 ל,קומפלקס כימיקלים,IL,קצף אקונומיקה,ליטרים,1.00,ליטר,false,1,15.10,15.10,true,1,
7296073445685,false,"מחית תפו""ע שופרסל 90 ג",DELAFRUIT,ES,"מחית תפו""ע",גרמים,90.00,100 גרם,false,1,4.90,5.44,true,1,
7296073445692,false,"מחית תפו""ע בננה שופרסל90",DELAFRUIT,ES,"מחית תפו""ע ובננה",גרמים,90.00,100 גרם,false,1,4.90,5.44,true,1,
7296073445708,false,מחית תפוח אפרסק בננה 90ג,DELAFRUIT,ES,מחית מיקס פירות,גרמים,90.00,100 גרם,false,1,4.90,5.44,true,1,
7296073446262,false,ממרח קשיו 300 גרם,ג'י אנד ג'י,IL,ממרח קשיו,גרמים,300.00,100 גרם,false,1,29.90,9.97,true,1,
7296073446279,false,ממרח שקדים 300 גרם,ג'י אנד ג'י,IL,ממרח שקדים,גרמים,300.00,100 גרם,false,1,29.90,9.97,true,1,
7296073447108,false,קמח עמילן ללא גלוטן500,,IT,קמח בסיס עמילן,גרמים,500.00,100 גרם,false,1,21.90,4.38,true,1,
7296073447535,false,קרקר תרד ושמיר 105 גרם,אלביסקו,GR,קרקר תרד ושמיר,גרמים,105.00,100 גרם,false,1,7.90,7.52,true,1,
7296073447917,false,מגבונים לחיטוי וניקוי400,סאסאטק,IL,מגבונים לחיטוי,יחידה,1.00,יחידה,false,1,32.90,32.90,true,1,
7296073448105,false,חטיף ש.שועל+קינמון42*5ג,"אפקטבעי בע""\מ",IL,חטיף שבולת שועל,גרמים,210.00,100 גרם,false,1,13.90,6.62,true,1,
7296073448112,false,חטיף ש.שועל+דבש42*5ג,"אפקטבעי בע""\מ",IL,חטיף שבולת שועל,גרמים,210.00,100 גרם,false,1,13.90,6.62,true,1,
7296073448129,false,חטיף ש.שועל+מייפל42*5ג,"אפקטבעי בע""\מ",IL,חטיף שבולת שועל,גרמים,210.00,100 גרם,false,1,13.90,6.62,true,1,
7296073448150,false,מברשת לבקבוק מוסקו,פולסוס,CN,מברשת בקבוקים,יחידה,1.00,יחידה,false,1,10.90,10.90,true,1,
7296073448167,false,מברשת מגהץ,פולסוס,CN,מברשת מגהץ,יחידה,1.00,יחידה,false,1,11.90,11.90,true,1,
7296073448204,false,מגב חלונות,פולסוס,CN,מגב חלונות,יחידה,1.00,יחידה,false,1,10.90,10.90,true,1,
7296073448730,false,כפפות ניילון 100 יחידות,"הנמל אריזות ושיווק בע""\מ",CN,כפפות ניילון,יחידה,1.00,יחידה,false,1,7.90,7.90,true,1,
7296073449126,false,"שמפו לנערות 700 מ""ל",BFF,TR,שמפו לנערות 700,מיליליטרים,700.00,"100 מ""ל",false,1,11.90,1.70,true,1,
7296073449133,false,"מרכך לנערות 700 מ""ל",BFF,TR,מרכך לנערות 700,מיליליטרים,700.00,"100 מ""ל",false,1,11.90,1.70,true,1,
7296073449171,false,יוגורט יווני 10% 500 גרם,S.A MEVGAL,GR,יוגורט יווני,גרמים,500.00,100 גרם,false,1,16.90,3.38,true,1,
7296073449508,false,מגבוני ניו בורן 64*4,דינמיק,IL,מגבוני ניו בורן,יחידה,1.00,יחידה,false,1,19.90,19.90,true,1,
7296073449881,false,מגבות נייר גליל כפול 6יח,שניב תעשיות נייר,IL,מ.נייר גליל כפול,מטרים,130.00,מטר,false,1,19.90,0.15,true,1,
7296073450320,false,מנגו תות תמר קפוא לשייק,D.O.O LAKI,RS,מנגו תות תמר קפו,גרמים,450.00,100 גרם,false,1,21.90,4.87,true,1,
7296073450726,false,פריכי.משולש פלפל שחור30ג,"פרח תעשיות מזון בע""\מ",IL,פריכיות משולשים,גרמים,30.00,100 גרם,false,1,4.90,16.33,true,1,
7296073450733,false,פריכיות משולש ברביקיו30ג,"פרח תעשיות מזון בע""\מ",IL,פריכיות משולשים,גרמים,30.00,100 גרם,false,1,4.90,16.33,true,1,
7296073450740,false,פריכיות משולשים ט.טבעי30,"פרח תעשיות מזון בע""\מ",IL,פריכיות משולשים,גרמים,30.00,100 גרם,false,1,4.90,16.33,true,1,
7296073450764,false,לקט קפוא בטטה ברוקולי,פרי גליל,IL,לקט קפוא בטטה בר,גרמים,800.00,100 גרם,false,1,16.90,2.11,true,1,
7296073450771,false,לקט קפוא דלעת גזר גמדי,פרי גליל,IL,לקט קפוא דלעתגזר,גרמים,800.00,100 גרם,false,1,14.90,1.86,true,1,
7296073451297,false,"powder freshדאו רול50מ""ל",סאסא קוסמטיקס,IL,דאו.רול און אישה,מיליליטרים,50.00,"100 מ""ל",false,1,10.00,20.00,true,1,
7296073451310,false,"fresh pure דאו.רול 50מ""ל",,IL,דאו.רול און אישה,מיליליטרים,50.00,"100 מ""ל",false,1,10.00,20.00,true,1,
7296073451495,false,בצק עלים ללא גלוטן 450 ג,גידרון,IL,בצק עלים ל.גלוטן,גרמים,450.00,100 גרם,false,1,21.90,4.87,true,1,
7296073451914,false,פסטו בזיליקום שופרסל,"פרסקו חצבה 2006 בע""\מ",IL,פסטו בזיליקום שו,גרמים,180.00,100 גרם,false,1,14.90,8.28,true,1,
7296073451921,false,פסטו כוסברה שופרסל,"פרסקו חצבה 2006 בע""\מ",IL,פסטו כוסברה שופר,גרמים,180.00,100 גרם,false,1,14.90,8.28,true,1,
7296073451938,false,טפנד זיתים שחורים שופרסל,"פרסקו חצבה 2006 בע""\מ",IL,טפנד זיתים שחורי,גרמים,180.00,100 גרם,false,1,14.90,8.28,true,1,
7296073451945,false,טפנד זיתים ירוקים שופרסל,"פרסקו חצבה 2006 בע""\מ",IL,טפנד זיתים ירוקי,גרמים,180.00,100 גרם,false,1,14.90,8.28,true,1,
7296073451952,false,ממרח שום שופרסל 180 גרם,"פרסקו חצבה 2006 בע""\מ",IL,ממרח שום שופרסל,גרמים,180.00,100 גרם,false,1,14.90,8.28,true,1,
7296073451969,false,ממרח פלפלים שופרסל 180 ג,"פרסקו חצבה 2006 בע""\מ",IL,ממרח פלפלים שופר,גרמים,180.00,100 גרם,false,1,14.90,8.28,true,1,
7296073451976,false,ממרח עגבניות שופרסל,"פרסקו חצבה 2006 בע""\מ",IL,ממרח עגבניות שופ,גרמים,180.00,100 גרם,false,1,14.90,8.28,true,1,
7296073451983,false,ממרח קרם ארטישוק שופרסל,"פרסקו חצבה 2006 בע""\מ",IL,ממרח קרם ארטישוק,גרמים,180.00,100 גרם,false,1,14.90,8.28,true,1,
7296073451990,false,ממרח צ'ימיצ'ורי שופרסל,"פרסקו חצבה 2006 בע""\מ",IL,ממרח צ'ימיצ'ורי,גרמים,180.00,100 גרם,false,1,14.90,8.28,true,1,
7296073452386,false,אושפלו פרגית 550 גרם,סי.אי.פי מבוא חורון,IL,אושפלו פרגית,גרמים,500.00,100 גרם,false,1,37.90,7.58,true,1,
7296073452546,false,אוכמניות כחולות קפואות 3,D.O.O LUKOWA,RS,אוכמניות כחולות,גרמים,300.00,100 גרם,false,1,16.90,5.63,true,1,
7296073452577,false,מרשמלו ורוד לבן 180 גרם,"כרמית מזון בע""\מ",IL,מרשמלו ורוד לבן,גרמים,180.00,100 גרם,false,1,6.90,3.83,true,1,
7296073452584,false,מרשמלו טוויסטר 180 גרם,"כרמית מזון בע""\מ",IL,מרשמלו טוויסטר,גרמים,180.00,100 גרם,false,1,6.90,3.83,true,1,
7296073452645,false,גזר צבעוני,גזר שליט,IL,גזר צבעוני,גרמים,630.00,100 גרם,false,1,7.90,1.25,true,1,
7296073453932,false,אורז בסגנון מקסיקני250ג,מניופקטר,FR,תבשיל אורז,גרמים,250.00,100 גרם,false,1,8.90,3.56,true,1,
7296073453949,false,בורגול בסג.ים תיכוני250ג,מניופקטר,FR,תבשיל בורגול,גרמים,250.00,100 גרם,false,1,8.90,3.56,true,1,
7296073453963,false,תבשיל חיטה סג.איטלקי250ג,מניופקטר,FR,תבשיל חיטה,גרמים,250.00,100 גרם,false,1,8.90,3.56,true,1,
7296073454441,false,זית ירוק ממולא שום70ג,מניופקטר,GR,זיתים ממולאים,גרמים,70.00,100 גרם,false,1,6.90,9.86,true,1,
7296073454465,false,זית ירוק ממול.פלפ.אדום70,מניופקטר,GR,זיתים ממולאים,גרמים,70.00,100 גרם,false,1,6.90,9.86,true,1,
7296073454472,false,מיקס זיתים שחור וירוק70ג,מניופקטר,GR,מיקס זיתים,גרמים,70.00,100 גרם,false,1,6.90,9.86,true,1,
7296073454885,false,נייר אפייה 100יח 38X42סמ,,PL,נייר אפייה,יחידה,1.00,יחידה,false,1,21.90,21.90,true,1,
7296073455356,false,טרליני בטעם טבעי 400 גרם,ATLANTE,IT,טרליני בטעם טבעי,גרמים,400.00,100 גרם,false,1,11.90,2.98,true,1,
7296073455387,false,טרליני עם שומר 400 גרם,ATLANTE,IT,טרליני עם שומר,גרמים,400.00,100 גרם,false,1,11.90,2.98,true,1,
7296073456285,false,מחית תפוח מנגו 90 גרם,DELAFRUIT,ES,מחית תפוח וצ'יה,גרמים,90.00,100 גרם,false,1,4.90,5.44,true,1,
7296073456360,false,עוגת גבינה פרורים 92*2גר,עדן קינוחים,IL,עוגת גבינה זוג,גרמים,184.00,100 גרם,false,1,12.90,7.01,true,1,
7296073457237,false,שוקולד עם עוגיות 100 גרם,דליקה,CH,שוקולד עם עוגיות,גרמים,100.00,100 גרם,false,1,6.20,6.20,true,1,
7296073457244,false,שוקולד חלב קורנפלקס 100ג,דליקה,CH,שוקולד חלב,גרמים,100.00,100 גרם,false,1,6.20,6.20,true,1,
7296073457268,false,שוקולד חלב+נוגט וקרמל100,דליקה,CH,שוקולד חלב,גרמים,100.00,100 גרם,false,1,6.20,6.20,true,1,
7296073457381,false,לחמנ.המבורגר 8 יח שופרסל,מאפית ברמן,IL,לחמניות המבורגר,גרמים,448.00,100 גרם,false,1,12.90,2.88,true,1,
7296073457619,false,מחית תפוח דלעת ופשתן 90ג,DELAFRUIT,ES,מחית תפוח דלעת,גרמים,90.00,100 גרם,false,1,4.90,5.44,true,1,
7296073457992,false,שורש גינגר טרי ארוז,POMMER,IL,שורש גינגר טרי,גרמים,250.00,100 גרם,false,1,10.90,4.36,true,1,
7296073458036,false,תירס גמדי שלם במי מלח425,מאנפאקטור,TH,תירס גמדי שלם,גרמים,425.00,100 גרם,false,1,7.90,1.86,true,1,
7296073459224,false,קמח שקדים ללא גלוטן500ג,NIEDZWIADY MLYN,PL,קמח שקדים,גרמים,500.00,100 גרם,false,1,39.90,7.98,true,1,
7296073459231,false,קמח רב תכליתי ללא גלוטן,NIEDZWIADY MLYN,PL,קמח רב תכליתי,גרמים,500.00,100 גרם,false,1,13.90,2.78,true,1,
7296073459286,false,"שמפו לתינוק 750 מ""ל",BFF,TR,שמפו לתינוק,מיליליטרים,750.00,"100 מ""ל",false,1,15.00,2.00,true,1,
7296073461968,false,בייגלה עם בצל מקורמל 200,אלקה קו,RO,בייגלה עם בצל,גרמים,200.00,100 גרם,false,1,10.90,5.45,true,1,
7296073461975,false,בייגלה עם דבש 200 גרם,אלקה קו,RO,בייגלה עם דבש,גרמים,200.00,100 גרם,false,1,10.90,5.45,true,1,
7296073461982,false,בייגלה עם עגבניות 200גרם,אלקה קו,RO,בייגלה +עגבניות,גרמים,200.00,100 גרם,false,1,10.90,5.45,true,1,
7296073472797,false,"קמח חיטה לבן מנופה 1 ק""ג","שטיבל בע""\מ",IL,קמח לבן מנופה,קילוגרמים,1.00,"ק""ג",false,1,7.90,7.90,true,1,
7296073472827,false,"קמח תופח לבן מנופה 1 ק""ג","שטיבל בע""\מ",IL,קמח תופח מנופה,קילוגרמים,1.00,"ק""ג",false,1,8.90,8.90,true,1,
7296073472896,false,"קמח כוסמין מנופה 1 ק""ג","שטיבל בע""\מ",IL,קמח כוסמין מנופה,קילוגרמים,1.00,"ק""ג",false,1,13.90,13.90,true,1,
7296073473497,false,בולגרית מעודנת 5% 250 גר,מחלבות רמת הגולן,IL,בולגרית מעודנת,גרמים,250.00,100 גרם,false,1,20.90,8.36,true,1,
7296073473503,false,בולגרית 5% שופרסל 250 גר,מחלבות רמת הגולן,IL,גבינה בולגרית,גרמים,250.00,100 גרם,false,1,20.90,8.36,true,1,
7296073473510,false,בולגרית 16% שופרסל 250 ג,מחלבות רמת הגולן,IL,גבינה בולגרית,גרמים,250.00,100 גרם,false,1,21.90,8.76,true,1,
7296073473527,false,צפתית5% מעודנת שופרסל200,מחלבות רמת הגולן,IL,צפתית 5% מעודנת,גרמים,200.00,100 גרם,false,1,13.90,6.95,true,1,
7296073473596,false,פיתה ציפס בטעם טבעי 90 ג,SRL ONE,IT,פיתה ציפס,גרמים,90.00,100 גרם,false,1,6.50,7.22,true,1,
7296073473602,false,פיתה ציפס בטעם פפריקה90ג,SRL ONE,IT,פיתה צ'יפס,גרמים,90.00,100 גרם,false,1,6.50,7.22,true,1,
7296073473619,false,"צלחת דקל עגול 25 ס""מ 10",,IN,צלחת דקל,יחידה,1.00,יחידה,false,1,19.90,19.90,true,1,
7296073473626,false,"צלחות דקל עגול 20 ס""מ",,IN,צלחת דקל,יחידה,1.00,יחידה,false,1,15.90,15.90,true,1,
7296073473633,false,"צלחות דקל עגול 15 ס""מ",,IN,צלחת דקל,יחידה,1.00,יחידה,false,1,14.90,14.90,true,1,
7296073473657,false,שקדי מרק ללא גלוטן 200 ג,"חיים טובים מזון בע""\מ",IL,שקדי מרק ל.גלוטן,גרמים,200.00,100 גרם,false,1,13.90,6.95,true,1,
7296073473664,false,עוגת שוקולד ללא גלוטן350,גידרון,IL,עוגת שוקולד,גרמים,350.00,100 גרם,false,1,20.90,5.97,true,1,
7296073473671,false,עוגת תפוזים ללא גלוטן350,גידרון,IL,עוגת תפוזים,גרמים,350.00,100 גרם,false,1,20.90,5.97,true,1,
7296073473909,false,תרסיס שמן קנולה שופר150מ,מאנפקטור,ES,תרסיס שמן,מיליליטרים,150.00,"100 מ""ל",false,1,15.90,10.60,true,1,
7296073473916,false,תרסיס שמן זית כתית 150 מ,מאנפקטור,ES,תרסיס שמן,מיליליטרים,150.00,"100 מ""ל",false,1,15.90,10.60,true,1,
7296073473923,false,תרסיס שמן בטעם חמאה 150,מאנפקטור,ES,תרסיס שמן,מיליליטרים,150.00,"100 מ""ל",false,1,8.90,5.93,true,1,
7296073484059,false,שמן סויה שופרסל 1 ליטר,סובנה,PT,שמן סויה,ליטרים,1.00,ליטר,false,1,11.90,11.90,true,1,
7296073484189,false,שמן קנולה לא מזוכך 750מל,ברוקלמן,DE,שמן קנולה,ליטרים,0.75,ליטר,false,1,14.90,19.87,true,1,
7296073484240,false,שקיות אוכל 150*2 יחידות,אשפלסט,IL,שקיות אוכל זוג,יחידה,1.00,יחידה,false,1,11.90,11.90,true,1,
7296073484257,false,בורקס טבעוני בטעם גבינה,גידרון,IL,בורקס טבעוני,גרמים,800.00,100 גרם,false,1,27.90,3.49,true,1,
7296073484417,false,ביצים אומגה L שופרסל 6יח,ביו אומגה,IL,ביצים אומגה6יח L,יחידה,1.00,יחידה,false,1,14.90,14.90,true,1,
7296073484462,false,"תחליב ושמפו 2 ב1- 750מ""ל",BFF,TR,תחליב ושמפו 2 ב1,מיליליטרים,750.00,"100 מ""ל",false,1,15.00,2.00,true,1,
7296073484479,false,קפסולות לכביסה22 יחידות,גליל כימיקלים בעמ,IL,קפסולות לכביסה,יחידה,1.00,יחידה,false,1,22.90,22.90,true,1,
7296073484585,false,גאודה עזים יישון שנה200ג,הנרי ויליך,NL,גאודה עיזים,גרמים,200.00,100 גרם,false,1,31.90,15.95,true,1,
7296073484592,false,גאודה בקר יישון שנה200ג,הנרי ויליך,NL,גאודה בקר מיושנת,גרמים,200.00,100 גרם,false,1,28.90,14.45,true,1,
7296073484783,false,תמצית וניל לאפייה 30 מל,מיה,IL,תמצית וניל אמיתי,מיליליטרים,30.00,"100 מ""ל",false,1,22.90,76.33,true,1,
7296073484981,false,קרם קוקוס 24%-22% 500מל,תאי קוקונט אל טי די,TH,קרם קוקוס,מיליליטרים,500.00,"100 מ""ל",false,1,12.90,2.58,true,1,
7296073485001,false,קצפת קוקוס 500 גרם,תאי קוקונט אל טי די,TH,קצפת קוקוס,מיליליטרים,400.00,"100 מ""ל",false,1,12.90,3.23,true,1,
7296073485018,false,מיוקטשופ 430 גרם,אסיור,ES,מיוקטשופ,גרמים,430.00,100 גרם,false,1,11.90,2.77,true,1,
7296073485049,false,מחית עגבניות קלה 690 גרם,מאנפקטור,IT,מחית עגבניות,גרמים,690.00,100 גרם,false,1,10.90,1.58,true,1,
7296073495819,false,סבון לאסלה 50*3 גרם,רנקסאן פלסטיק סונגר סאן,TR,סבון לאסלה,גרמים,150.00,100 גרם,false,1,10.90,7.27,true,1,
7296073495857,false,טופו אורגני רך 300 גרם,"משק ויילר בע""\מ",IL,טופו אורגני,גרמים,300.00,100 גרם,false,1,11.00,3.66,true,1,
7296073496090,false,חט.פריכונים עם דבש80גרם,NETHERLANDS SANORICE,BE,חטיפי פריכונים,גרמים,80.00,100 גרם,false,1,7.50,9.38,true,1,
7296073496113,false,בצק פילו 500 גרם,ARABATZIS,GR,בצק פילו 500 גרם,גרמים,500.00,100 גרם,false,1,12.90,2.58,true,1,
7296073496144,false,זית ירוק נטולי גלעין390ג,"בית השיטה תעשיות בע""\מ",IL,זיתים ירוקים,גרמים,390.00,100 גרם,false,1,5.70,1.46,true,1,
7296073496151,false,זית קלמטה נטולי גלעין560,"בית השיטה תעשיות בע""\מ",IL,זיתי קלמטה,גרמים,560.00,100 גרם,false,1,11.90,2.13,true,1,
7296073496168,false,זיתים מרוקאי 340 גרם,"בית השיטה תעשיות בע""\מ",IL,זיתים מרוקאי,גרמים,340.00,100 גרם,false,1,11.90,3.50,true,1,
7296073496304,false,WOW קראנץ קרמל מלוח 90גר,INNOVATION WAWI,DE,WOW קראנץ קרמל,גרמים,90.00,100 גרם,false,1,9.90,11.00,true,1,
7296073496335,false,טבלת קראנץ בטעם תפוז 90,INNOVATION WAWI,DE,WOW שוקולד תפוז,גרמים,90.00,100 גרם,false,1,9.90,11.00,true,1,
7296073496472,false,מגבוני נייר טואלט 56 יחי,דינמיק תעשיות מגבונים,IL,מגבוני נ.טואלט,יחידה,1.00,יחידה,false,1,7.90,7.90,true,1,
7296073496489,false,שעועית אדומה מושרית מבוש,פרי גליל,IL,שעועית אדומה מבו,גרמים,800.00,100 גרם,false,1,17.90,2.24,true,1,
7296073496496,false,עדשים ירוקות מבושלות 800,פרי גליל,IL,עדשים ירוקות מבו,גרמים,800.00,100 גרם,false,1,17.90,2.24,true,1,
7296073496830,false,עגבנ.אורגניות מקולפות400,S.P.A DAVIA,IT,עגבניות אורגניות,גרמים,400.00,100 גרם,false,1,6.90,1.73,true,1,
7296073497257,false,תערובת להכנת פיצה 300 גר,"י. כהן בע""\מ",IL,תערובת הכנת פיצה,גרמים,300.00,100 גרם,false,1,15.90,5.30,true,1,
7296073497622,false,עוגיות קרמבו שוקו 200 גר,"אפיפית נצרת (1971) בע""\מ",IL,עוגיות בטעם שוקו,גרמים,200.00,100 גרם,false,1,5.90,2.95,true,1,
7296073497639,false,ביסקוויט חיות 180 גרם,"אפיפית נצרת (1971) בע""\מ",IL,ביסקוויט חיות,גרמים,180.00,100 גרם,false,1,5.90,3.28,true,1,
7296073497721,false,ש.שועל דקה ללא גלוטן500ג,,IL,שיבולת שועל דקה,גרמים,500.00,100 גרם,false,1,12.90,2.58,true,1,
7296073497738,false,ש.שועל עבה ללא גלוטן500ג,,IL,שבולת שועל עבה,גרמים,500.00,100 גרם,false,1,12.90,2.58,true,1,
7296073497745,false,עגבניות חתוכות דק400*3גר,לה דוריה,IT,3 עגבניות חתוכות,קילוגרמים,1.20,"ק""ג",false,1,15.90,13.25,true,1,
7296073513629,false,מגבוני ניקוי עם חומץ50יח,עלבד,IL,מגבוני ניקוי,יחידה,1.00,יחידה,false,1,9.90,9.90,true,1,
7296073513643,false,מגבונים לניקוי פרקט10יח,עלבד,IL,מגבונים לפרקט,יחידה,1.00,יחידה,false,1,11.90,11.90,true,1,
7296073514541,false,ברזלית 6 יחידות,"סדובסקי בע""\מ",CN,ברזלית 6 יחידות,יחידה,1.00,יחידה,false,1,15.20,15.20,true,1,
7296073514855,false,משמש מיובש באריזת זיפר,PEYMAN,TR,משמש מיובש,גרמים,200.00,100 גרם,false,1,14.90,7.45,true,1,
7296073515104,false,סירופ סילאן בצנצנת 900 ג,"טעמי הגליל בע""\מ",IL,סירופ סילאן,גרמים,900.00,100 גרם,false,1,15.80,1.76,true,1,
7296073515128,false,סירופ סילאן לחיץ 360 גרם,"טעמי הגליל בע""\מ",IL,סילאן בקבוק לחיץ,גרמים,360.00,100 גרם,false,1,13.40,3.72,true,1,
7296073515135,false,מלית תמרים 450 גרם,"טעמי הגליל בע""\מ",IL,מלית תמרים,גרמים,450.00,100 גרם,false,1,5.90,1.31,true,1,
7296073515234,false,שורש כורכום יחידה,POMMER,IL,שורש כורכום,גרמים,120.00,100 גרם,false,1,11.90,9.92,true,1,
7296073515241,false,פרמג'יאנו רג'יאנו 150 גר,פורגרנה,IT,פרמג'יאנו רגיאנו,גרמים,150.00,100 גרם,false,1,28.90,19.27,true,1,
7296073515715,false,יוגורט יווני 2% שומן 500,S.A MEVGAL,GR,יוגורט יווני 2%,גרמים,500.00,100 גרם,false,1,16.90,3.38,true,1,
7296073515722,false,נבטי עדשים ירוקות יחידה,נבטי איילון,IL,נבטי עדשים ירוקו,יחידה,1.00,יחידה,false,1,6.90,6.90,true,1,
7296073515746,false,מלבי שמנת 150*2גרם,עדן קינוחים,IL,מלבי שמנת,גרמים,300.00,100 גרם,false,1,12.90,4.30,true,1,
7296073515937,false,ביצים אומגהL שופרסל 12יח,"ביצי משק דוידי בע""מ",IL,ביצים אומגה12יחL,יחידה,1.00,יחידה,false,1,23.50,23.50,true,1,
7296073515968,false,ביצים חופשL שופרסל 12יח,"ביצי משק דוידי בע""מ",IL,ביצים חופש12יח L,יחידה,1.00,יחידה,false,1,21.50,21.50,true,1,
7296073516019,false,דגנים ציפוי שוק.לבן65ג,נטורל קייקס,IL,דגנים בציפוי ללג,גרמים,65.00,100 גרם,false,1,9.90,15.23,true,1,
7296073516026,false,דגנים בציפוי שוקולד 65ג,נטורל קייקס,IL,דגנים בציפוי,גרמים,65.00,100 גרם,false,1,9.90,15.23,true,1,
7296073516033,false,קורנפלקס ציפוי שוק.לבן65,נטורל קייקס,IL,קורנפלקס בציפוי,גרמים,65.00,100 גרם,false,1,9.90,15.23,true,1,
7296073516156,false,גליל עיזים שופרסל 180 גר,"שלושת האופים בע""\מ",IL,גליל גבינת עיזים,גרמים,180.00,100 גרם,false,1,22.90,12.72,true,1,
7296073516286,false,מגבונים לחים לילדים 72*4,"DPL בע""מ",IL,מגבונים לחים,יחידה,1.00,יחידה,false,1,16.90,16.90,true,1,
7296073526391,false,שום קלוף בשקית 145 גרם,נסטלה פורינה,CN,שום קלוף בשקית,גרמים,145.00,100 גרם,false,1,6.90,4.76,true,1,
7296073526407,false,עוג.במילוי קרם וניל150גר,ויסנצ'י,IT,עוגיות במילוי,גרמים,150.00,100 גרם,false,1,8.90,5.93,true,1,
7296073526483,false,קפה טורקי 4 * 85 גרם,רוני רג'ואן ושות,IL,קפה טורקי 4 יח,גרמים,340.00,100 גרם,false,1,17.60,5.18,true,1,
7296073526520,false,בישקוטים ללא גלוטן 125 ג,ויסנזי,IT,בישקוטים ל.גלוטן,גרמים,125.00,100 גרם,false,1,10.00,8.00,true,1,
7296073526704,false,כרישה חתוכה לוף/פרסה,משה מצליח ירקות,IL,כרישה חתוכה,גרמים,700.00,100 גרם,false,1,15.90,2.27,true,1,
7296073526926,false,פרל שמפו לשיער צבוע500מל,א.משי תעשיות,IL,שמפו פרל לשיער,מיליליטרים,500.00,"100 מ""ל",false,1,19.90,3.98,true,1,
7296073527282,false,תירוש מיץ ענבים אדום750מ,כרם מהדרין,IL,תירוש מיץ ענבים,מיליליטרים,750.00,"100 מ""ל",false,1,9.80,1.31,true,1,
7296073527299,false,תירוש מיץ ענבים אדום 1 ל,כרם מהדרין,IL,תירוש מיץ ענבים,ליטרים,1.00,ליטר,false,1,15.50,15.50,true,1,
7296073527350,false,משמש מיובש 250גרם,ששון ושות,TR,משמש מיובש,גרמים,250.00,100 גרם,false,1,17.90,7.16,true,1,
7296073527367,false,שזיף מגולען 250גרם,ששון,US,שזיף מגולען,גרמים,250.00,100 גרם,false,1,18.90,7.56,true,1,
7296073527374,false,גבינת גאודה מגורדת 400גר,ויליפוד,IL,גאודה מגורדת,גרמים,400.00,100 גרם,false,1,25.90,6.48,true,1,
7296073527381,false,אינסטנט פודינג וניל 1 קג,מיה,IL,פודינג טעם וניל,קילוגרמים,1.00,"ק""ג",false,1,19.90,19.90,true,1,
7296073527428,false,אגוז ברזיל 150גרם,דין שיווק,IL,אגוז ברזיל 150גר,גרמים,150.00,100 גרם,false,1,18.90,12.60,true,1,
7296073528562,false,"בצק עלים 1 ק""ג",ARABATZIS,GR,בצק עלים,קילוגרמים,1.00,"ק""ג",false,1,16.90,16.90,true,1,
7296073528678,false,תאנים מיובשות 200גרם,ששון ושות,IL,תאנים מיובשות,גרמים,200.00,100 גרם,false,1,14.90,7.45,true,1,
7296073528692,false,מלח ים טבעי שופרסל 500 ג,אינפוסה,ES,מלח ים,גרמים,500.00,100 גרם,false,1,6.90,1.38,true,1,
7296073528760,false,קיסמי אוזניים עץ שק100יח,אל ואי טי,CN,קיסמי אוזניים,יחידה,1.00,יחידה,false,1,2.50,2.50,true,1,
7296073528777,false,קיסמי אוזניים עץ שק300יח,אל ואי טי,CN,קיסמי אוזניים,יחידה,1.00,יחידה,false,1,6.90,6.90,true,1,
7296073528791,false,קיסמי אוזניים פלסטיק300י,אס טי או,CN,קיסמי אוזניים,יחידה,1.00,יחידה,false,1,9.50,9.50,true,1,
7296073528807,false,קיסמי אוזניים פלסטיק400י,אס טי או,CN,קיסמי אוזניים,יחידה,1.00,יחידה,false,1,10.90,10.90,true,1,
7296073528814,false,קיסמי אוזניים פלסטיק100י,אס טי או,CN,קיסמי אוזניים,יחידה,1.00,יחידה,false,1,2.50,2.50,true,1,
7296073529101,false,פטרוזיליה לתיבול 180גרם,"פרסקו חצבה 2006 בע""\מ",IL,פטרוזיליה לתיבול,גרמים,180.00,100 גרם,false,1,10.90,6.06,true,1,
7296073529118,false,בזיליקום לתיבול 180גרם,"פרסקו חצבה 2006 בע""\מ",IL,בזיליקום לתיבול,גרמים,180.00,100 גרם,false,1,10.90,6.06,true,1,
7296073529415,false,פונדנט שוקולד קפוא180גרם,SAS POMONE,FR,פונדנט שוקולד,גרמים,180.00,100 גרם,false,1,13.90,7.72,true,1,
7296073529439,false,"כוסמת קלויה 1 ק""ג",מיה,IL,כוסמת קלויה,קילוגרמים,1.00,"ק""ג",false,1,12.90,12.90,true,1,
7296073529453,false,עדשים שחור בלוגה 500 גרם,מיה,IL,עדשים שחורות,גרמים,500.00,100 גרם,false,1,8.90,1.78,true,1,
7296073529460,false,לקט לחמין 500 גרם,מיה,IL,לקט לחמין,גרמים,500.00,100 גרם,false,1,10.90,2.18,true,1,
7296073529972,false,"יין קידוש גפן 750 מ""ל",כרם מהדרין,IL,יין קידוש גפן,מיליליטרים,750.00,"100 מ""ל",false,1,16.90,2.25,true,1,
7296073530091,false,קורנפלור 200 גרם,מיה,IL,קורנפלור 200 גרם,גרמים,200.00,100 גרם,false,1,4.00,2.00,true,1,
7296073530107,false,קורנפלור 500 גרם,מיה,IL,קורנפלור 500 גרם,גרמים,500.00,100 גרם,false,1,5.90,1.18,true,1,
7296073530114,false,פירורי לחם מוזהבים 800 ג,מאפיית דוידוביץ ובניו בע,IL,פירורי לחם מוזהב,גרמים,800.00,100 גרם,false,1,11.90,1.49,true,1,
7296073530336,false,תירס גמדי חתוך 425 גרם,מאנפאקטור,TH,תירס גמדי חתוך,גרמים,425.00,100 גרם,false,1,7.90,1.86,true,1,
7296073530350,false,סילאן פרימיום 900 גרם,"טעמי הגליל בע""\מ",IL,סילאן פרימיום,גרמים,900.00,100 גרם,false,1,22.90,2.54,true,1,
7296073530374,false,טחינה אורגנית גרין 500 ג,אחדות,IL,טחינה אורגנית,גרמים,500.00,100 גרם,false,1,16.90,3.38,true,1,
7296073530381,false,טחינה אורגנית מלאה500ג,אחדות,IL,טחינה אורגנית,גרמים,500.00,100 גרם,false,1,16.90,3.38,true,1,
7296073531050,false,ספוג הפלא+שכבה ירוקה 6יח,"סדובסקי בע""\מ",IL,ספוג הפלא 6 יח,יחידה,1.00,יחידה,false,1,8.90,8.90,true,1,
7296073531265,false,פדים להסרת איפור 80 יח,LTD CO S.T.O,TR,פדים להסרת איפור,יחידה,1.00,יחידה,false,1,8.50,8.50,true,1,
7296073531272,false,פדים להסרת איפור 3*80יח,LTD CO S.T.O,TR,פדים מסיר איפור,יחידה,1.00,יחידה,false,1,19.90,19.90,true,1,
7296073531289,false,פדים להסרת איפור אובלי40,LTD CO S.T.O,TR,פדים להסרת איפור,יחידה,1.00,יחידה,false,1,7.90,7.90,true,1,
7296073531319,false,קפסול.אלומיניום ט.קרמל50,דליקה,CH,קפסולות קפה,גרמים,10.00,100 גרם,false,1,15.90,159.00,true,1,
7296073531333,false,דגני בוקר בטעם נוגט686ג,"נטורל קייקס בע""\מ",IL,דגני בוקר נוגט,גרמים,686.00,100 גרם,false,1,21.90,3.19,true,1,
7296073531340,false,דגני בוקר בטעם וניל686ג,"נטורל קייקס בע""\מ",IL,דגני בוקר וניל,גרמים,686.00,100 גרם,false,1,21.90,3.19,true,1,
7296073531357,false,דגני בוקר ט.וניל דארק686,"נטורל קייקס בע""\מ",IL,דגני בוקר וניל,גרמים,686.00,100 גרם,false,1,21.90,3.19,true,1,
7296073531371,false,קינואה מעורבת 400 גרם,מיה,IL,קינואה מעורבת,גרמים,400.00,100 גרם,false,1,13.90,3.48,true,1,
7296073552758,false,סבון נוזלי מעוצב שחור500,טאהא קימיה,TR,סבון נוזלי,מיליליטרים,500.00,"100 מ""ל",false,1,11.90,2.38,true,1,
7296073552789,false,ביסקוויט בטעם קרמל 250גר,פאלי,NL,ביסקוויט ט.קרמל,גרמים,250.00,100 גרם,false,1,10.90,4.36,true,1,
7296073552796,false,רביולי גבינות קפוא 330 ג,זוקה,IL,רביולי גבינות,גרמים,330.00,100 גרם,false,1,19.90,6.03,true,1,
7296073552826,false,רביולי סלק קפוא,זוקה,IL,רביולי סלק קפואר,גרמים,330.00,100 גרם,false,1,19.90,6.03,true,1,
7296073552949,false,"קמח שמרים מנופה 1 ק""ג","שטיבל בע""\מ",IL,קמח שמרים מנופה,קילוגרמים,1.00,"ק""ג",false,1,10.90,10.90,true,1,
7296073552963,false,מ.טואלט גיבורים לילד40*3,דינמיק תעשיות מגבונים,IL,מגבוני נ.טואלט,יחידה,1.00,יחידה,false,1,11.90,11.90,true,1,
7296073552970,false,ריזוטו טוסקנה 280 גרם,טרויג'אנו,ES,ריזוטו טוסקנה,גרמים,280.00,100 גרם,false,1,12.90,4.61,true,1,
7296073552987,false,קוסקוס ים תיכוני 280 גרם,טרויג'אנו,ES,קוסקוס ים תיכוני,גרמים,300.00,100 גרם,false,1,12.90,4.30,true,1,
7296073553045,false,קבבוני אנגוס 400 גרם,"טיבון ויל אחזקות בע""\מ",IL,קבבוני אנגוס,גרמים,400.00,100 גרם,false,1,24.90,6.23,true,1,
7296073553069,false,קבב אנגוס 400 גרם,"טיבון ויל אחזקות בע""\מ",IL,קבב אנגוס,גרמים,400.00,100 גרם,false,1,24.90,6.23,true,1,
7296073553076,false,קבבונים עם שומן כבש,"טיבון ויל אחזקות בע""\מ",IL,קבבונים עם שומן,גרמים,400.00,100 גרם,false,1,24.90,6.23,true,1,
7296073553083,false,המבורגר אנגוס 400 גרם,"טיבון ויל אחזקות בע""\מ",IL,המבורגר אנגוס,גרמים,400.00,100 גרם,false,1,24.90,6.23,true,1,
7296073553090,false,נקנקיות מרגזבסגנוןמרוקאי,"טיבון ויל אחזקות בע""\מ",IL,נקנקיות מרגזבסגנ,גרמים,400.00,100 גרם,false,1,24.90,6.23,true,1,
7296073553274,false,טורטיה חיטה 320 גרם,דליברדס יורופ,ES,טורטיה חיטה,גרמים,320.00,100 גרם,false,1,9.90,3.09,true,1,
7296073553281,false,טורטיה חיטה מלאה 320 גרם,דליברדס יורופ,ES,טורטיה חיטה מלאה,גרמים,320.00,100 גרם,false,1,9.90,3.09,true,1,
7296073553304,false,טורטיה חיטה 780 גרם,דליברדס יורופ,ES,טורטיה חיטה,גרמים,780.00,100 גרם,false,1,15.90,2.04,true,1,
7296073553915,false,קממבר אגוזים 130 גרם,"מחלבת טבע עז בע""\מ",IL,קממבר אגוזים,גרמים,130.00,100 גרם,false,1,20.90,16.08,true,1,
7296073553922,false,ברי כבשים 130 גרם,"מחלבת טבע עז בע""\מ",IL,ברי כבשים,גרמים,130.00,100 גרם,false,1,20.90,16.08,true,1,
7296073554158,false,"אייס קפה קר לייט 250 מ""ל",ברגלנד מילך,AT,אייס קפה קר לייט,מיליליטרים,250.00,"100 מ""ל",false,1,7.20,2.88,true,1,
7296073564690,false,BE אל סבון לבנדר 1 ליטר,טאהא קימיה,TR,BE אל סבון,ליטרים,1.00,ליטר,false,1,12.90,12.90,true,1,
7296073564812,false,שוק.חלב עם קרם חלב100ג,דליקה,CH,שוקולד חלב,גרמים,100.00,100 גרם,false,1,6.50,6.50,true,1,
7296073564829,false,שוק.חלב+פצפוצי חיטה100גר,דליקה,CH,שוקולד חלב,גרמים,100.00,100 גרם,false,1,6.50,6.50,true,1,
7296073564836,false,שוקולד לבן בטעם קרמל100ג,דליקה,CH,שוקולד לבן,גרמים,100.00,100 גרם,false,1,6.50,6.50,true,1,
7296073565116,false,מטלית מיקורופייבר לרצפה,סדובסקי,CN,מטלית מקרופייבר,יחידה,1.00,יחידה,false,1,10.90,10.90,true,1,
7296073565550,false,קצפיות מרנג וניל 180 גרם,"אחדות ביח""ר לטחינה",IL,קצפיות מרנג וניל,גרמים,180.00,100 גרם,false,1,17.90,9.94,true,1,
7296073565567,false,קצפיות מרנג טעם תות 180ג,"אחדות ביח""ר לטחינה",IL,קצפיות מרנג תות,גרמים,180.00,100 גרם,false,1,17.90,9.94,true,1,
7296073567103,false,מסיר לכביסה צבעונית 3ל,סאסאטק,IL,מסיר כביסה ג'ל,ליטרים,3.00,ליטר,false,1,25.90,8.63,true,1,
7296073578161,false,כפפות לטקס S 100 יחידות,COMPANY DR.BOO,TH,כפפות לטקס S,יחידה,1.00,יחידה,false,1,29.90,29.90,true,1,
7296073579106,false,גליל עזים 120 גרם,"מחלבת טבע עז בע""\מ",IL,גליל עזים,גרמים,120.00,100 גרם,false,1,21.90,18.25,true,1,
7296073579120,false,גליל עזים בציפוי פלפל120,"מחלבת טבע עז בע""\מ",IL,גליל עזים פלפל,גרמים,120.00,100 גרם,false,1,21.90,18.25,true,1,
7296073579601,false,תירס גמדי שלם בחומץ 340ג,אינדיה אגרו אקספורט,IN,תירס גמדי בחומץ,גרמים,340.00,100 גרם,false,1,7.90,2.32,true,1,
7296073579618,false,תירס גמדי שלם חומ.דבש340,אינדיה אגרו אקספורט,IN,תירס גמדי בחומץ,גרמים,340.00,100 גרם,false,1,7.90,2.32,true,1,
7296073579625,false,תירס גמדי שלם במלח 340 ג,אינדיה אגרו אקספורט,IN,תירס גמדי,גרמים,340.00,100 גרם,false,1,7.90,2.32,true,1,
7296073579649,false,לחם אחיד פרוס שופרסל900ג,מאפיית שלמה א. אנג'\ל בע,IL,לחם אחיד פרוס,גרמים,900.00,100 גרם,false,1,8.30,0.92,true,1,
7296073580225,false,משחרר סתימות יחידה,הינדי פלסטיק,CN,משחרר סתימות,יחידה,1.00,יחידה,false,1,14.90,14.90,true,1,
7296073580270,false,אטבי כביסה איכותיים 14יח,הינדי פלסטיק,CN,אטבי כביסה,יחידה,1.00,יחידה,false,1,10.90,10.90,true,1,
7296073580294,false,רדיד אלומיניום כוכבים 16,"אופל אריזות בע""\מ",IL,רדיד אלומיניום,יחידה,1.00,יחידה,false,1,25.00,25.00,true,1,
7296073590927,false,נבטי אפונה יחידה,קטיף.,IL,נבטי אפונה,יחידה,1.00,יחידה,false,1,6.90,6.90,true,1,
7296073592532,false,ליצ'י שלם בסירופ קל 567ג,זנגזו גנגשנג קנד פודס,CN,ליצ'י שלם בסירופ,גרמים,567.00,100 גרם,false,1,9.90,1.75,true,1,
7296073592860,false,נייר טואלט לח 3 * 56 יח,דינמיק,IL,נייר טואלט לח3יח,יחידה,1.00,יחידה,false,1,13.90,13.90,true,1,
7296073592877,false,מטליות לחות לניקוי50*3יח,דינמיק,IL,מטליות לחות 3 יח,יחידה,1.00,יחידה,false,1,15.90,15.90,true,1,
7296073594918,false,"דבש בצנצנת שופרסל 1 ק""ג",מאס הני,ES,"דבש בצנצנת 1 ק""ג",קילוגרמים,1.00,"ק""ג",false,1,18.90,18.90,true,1,
7297084000702,false,"צלחות דקל מרובעת 25 ס""מ",,IN,צלחת דקל,יחידה,1.00,יחידה,false,1,19.90,19.90,true,1,
7297084000757,false,"צלחות דקל מרובעת 15 ס""מ",,IN,צלחת דקל,יחידה,1.00,יחידה,false,1,14.90,14.90,true,1,
7297084000771,false,"צלחות דקל מרובעת 20 ס""מ",,IN,צלחת דקל,יחידה,1.00,יחידה,false,1,15.90,15.90,true,1,
7394376123337,false,"משקה שיבולת שועל אורגני מפוקח ע""י סקאל",טרנסומס פוד איי.בי,SE,משקה שיבולת שועל,ליטרים,1.00,ליטר,false,1,14.90,14.90,true,1,
7394376615825,false,אוטלי משקה שיבולת שועל מועשר בסידן וויטמינים 1 ליטר,טרנסומס פוד,SE,משקה שיבולת שועל,ליטרים,1.00,ליטר,false,1,14.90,14.90,true,1,
7394376616778,false,אוטלי משקה שיבולת שועל להקצפה בריסטה 1 ליטר,טרנסומס פוד,SE,משקה שיבולת שועל,ליטרים,1.00,ליטר,false,1,16.90,16.90,true,1,
7500162900000,false,"בירה סול בקבוק 330 מ""ל",היינקן,NL,בירה סול,מיליליטרים,330.00,"100 מ""ל",false,1,10.90,3.30,true,1,
7501013122039,false,נקטר מנגו ג'ומקס בקרטונית 1 ליטר,חומקס קומר קומרסאליזדורה,MX,משקה ג'ומקס מנגו,ליטרים,1.00,ליטר,false,1,11.10,11.10,true,1,
7501013122053,false,נקטר אפרסק ג'ומקס בקרטונית 1 ליטר,חומקס קומר קומרסאליזדורה,MX,משקה גומקס אפרסק,ליטרים,1.00,ליטר,false,1,11.10,11.10,true,1,
7501013122114,false,"נקטר משקה אננס בקרטונית ג'ומקס, 1 ל'",חומקס קומר קומרסאליזדורה,MX,משקה ג'ומקס אננס,ליטרים,1.00,ליטר,false,1,11.10,11.10,true,1,
7501013122190,false,משקה תפוחים ג'ומקס בקרטונית 1 ליטר,חומקס קומר קומרסאליזדורה,MX,משקה ג'ומקס תפוח,ליטרים,1.00,ליטר,false,1,11.10,11.10,true,1,
7501013122992,false,משקה קוקוס אננס ג'ומקס בקרטונית 1 ליטר,חומקס קומר קומרסאליזדורה,MX,משקה קוקוס אננס,ליטרים,1.00,ליטר,false,1,11.10,11.10,true,1,
7501013138047,false,משקה רימונים יוניקו פרסקו ג'ומקס בקרטונית 1 ליטר,חומקס קומר קומרסאליזדורה,MX,משקה רימונים,ליטרים,1.00,ליטר,false,1,11.50,11.50,true,1,
7501064191398,false,"שישיית בירה קורונה 355 מ""ל בקבוק",קריניציה ויטמינה אס,MX,בירה קורונה 6 יח,ליטרים,2.13,ליטר,false,1,34.90,16.39,true,1,
7509546061160,false,קולגייט משחת שיניים לילדים מיניונים 75 מל,קולגייט פלמוליב,PL,קולגייט מינייוני,מיליליטרים,75.00,"100 מ""ל",false,1,17.90,23.87,true,1,
7509546666846,false,"קולגייט טוטאל משחת שיניים פחם 75 מ""ל",קולגייט פלמוליב,MX,טוטאל פחם,מיליליטרים,75.00,"100 מ""ל",false,1,21.90,29.20,true,1,
7610113011652,false,בריזר - משקה כוהלי מוגז בטעם תפוח,בקרדי בריזר Bacardi Breezer,BE,בריזר טעם תפוח,מיליליטרים,275.00,"100 מ""ל",false,1,15.90,5.78,true,1,
7610400074155,false,לינדט לינדור קוביות במילוי קרם שוקולד 60% מוצקי קקאו 100 גרם,לינדט ושפרונגלי קילשברג,CH,שוקולד לינדור,גרמים,100.00,100 גרם,false,0,18.00,18.00,true,1,
7610400075770,false,לינדט לה גרנד שוקולד מריר אגוז 150 גרם,לינדט ושפרונגלי קילשברג,CH,שוקולד לגרנד,גרמים,150.00,100 גרם,false,1,21.90,14.60,true,1,
7610400075787,false,לינדט לה גרנד שוקולד חלב אגוז 150 גרם,לינדט ושפרונגלי קילשברג,CH,שוקולד לגרנד,גרמים,150.00,100 גרם,false,1,21.90,14.60,true,1,
7610400085946,false,לינדט לגרנד דארק אלמונד סולט 150 גרם,לינדט ושפרונגלי קילשברג,CH,שוקולד לגרנד,גרמים,150.00,100 גרם,false,1,21.90,14.60,true,1,
7610400091060,false,שוקולד מריר לינדט אקסלנס בתוספת תפוז ושקדים,לינדט ושפרונגלי קילש,CH,שוקולד לינדט,גרמים,100.00,100 גרם,false,1,16.90,16.90,true,1,
7613030979647,false,דגני בוקר טריקס פירות עולם היורה 480 ג',ג'נרל מילס סאן אדריא,CL,טריקס בטעם פירות,גרמים,480.00,100 גרם,false,1,28.90,6.02,true,1,
7613032045753,false,פיטנס - דגני בוקר שוקולד 375 גרם,נסטלה צרפת איטנקורט,FR,פיטנס שוקולד,גרמים,375.00,100 גרם,false,0,22.90,6.11,true,1,
7613033548192,false,פיטנס - דגני בוקר שוקולד מריר 375 גרם,נסטלה צרפת איטנקורט,FR,פיטנס שוקולד,גרמים,375.00,100 גרם,false,0,22.90,6.11,true,1,
7613035809109,false,פרפקטו רוטב עגבניות ובזיליקום אסם 400 גרם,אסם פרפקטו Perfecto,ES,רוטב עגבניות,גרמים,400.00,100 גרם,false,1,10.00,2.50,true,1,
7613036105545,false,מזון כלבים דוגלי יבש,נסטלה פורינה באק הונ,HU,דוגלי גזע קטן,קילוגרמים,3.00,"ק""ג",false,1,52.60,17.53,true,1,
7613036387798,false,פיטנס דגנים מלאים ואורז פתיתים ויוגורט 350ג',נסטלה צרפת איטנקורט,FR,דגני פיטנס,גרמים,350.00,100 גרם,false,1,22.90,6.54,true,1,
7613036520492,false,פרפקטו רוטב עגבניות לפיצה אסם 400 גרם,אסם פרפקטו Perfecto,ES,רוטב עגבניות,גרמים,400.00,100 גרם,false,1,10.00,2.50,true,1,
7613036737623,false,קראנץ' רולס נסטלה 410 גרם,"אסם תעשיות בע""מ",FR,דגני בוקר קראנץ',גרמים,410.00,100 גרם,false,1,27.90,6.80,true,1,
7613036867870,false,נסקפה דולצה גוסטו אספרסו בריסטה קפסולות 112 ג',נסטלה אנגליה,ES,קפסולות נסקפה,גרמים,128.00,100 גרם,false,1,28.90,22.58,true,1,
7613036880534,false,גרבר מחית ירקות מעורבים מטרנה 190 גר',נסטלה פולסקה אס.איי,PL,מחית מרק ירקות,גרמים,190.00,100 גרם,false,1,6.90,3.63,true,1,
7613036976695,false,פריסקיז - פאוץ בקר ברוטב 85 גרם,נסטלה פורינה הונגריה,HU,פריסקיז פאוצ',גרמים,85.00,100 גרם,false,1,5.50,6.47,true,1,
7613036976718,false,פריסקיז פאוצ' ברווז ברוטב 26*85גרם,נסטלה פורינה הונגריה,HU,פריסקיז פאוצ',גרמים,85.00,100 גרם,false,1,5.50,6.47,true,1,
7613037276091,false,נסטלה מיקס מיני אריזות דגני בוקר 200 גרם,נסטלה Nestle,FR,מיני דגני נסטלה,גרמים,200.00,100 גרם,false,1,19.90,9.95,true,1,
7613037686906,false,פיטנס שקדים ודבש 355 גרם מופחת סוכר,נסטלה צרפת איטנקורט,FR,פיטנס שקדים ודבש,גרמים,355.00,100 גרם,false,1,22.90,6.45,true,1,
7613037687132,false,דגני בוקר פיטנס שקדים ודבש 585 גרם,נסטלה צרפת איטנקורט,FR,פיטנס שקדים ודבש,גרמים,585.00,100 גרם,false,1,27.50,4.70,true,1,
7613037811629,false,דגני בוקר קורנפלקס גו פרי 500 גר',שוורצקוף& הנקל דיסלד,GB,גו פרי קורנפלקס,גרמים,500.00,100 גרם,false,1,14.90,2.98,true,1,
7613038268262,false,דגני בוקר צ'יריוס דבש ושקדים במתיקות מעודנת,נסטלה פולין דגני בוק,FR,האני נאט צ'יריוס,גרמים,410.00,100 גרם,false,1,21.90,5.34,true,1,
7613038451954,false,דגני בוקר שוקולד מופחת סוכר 410 ג' קראנץ',נסטלה צרפת איטנקורט,FR,קראנץ שוקולד,גרמים,410.00,100 גרם,false,1,23.90,5.83,true,1,
7613039547731,false,גרבר מחית תפוח עץ ומשמש 90 גרם פאוץ,"מפעל סברס, נסטלה ספרד ס.",ES,פאוץ גרבר תפוח מ,גרמים,90.00,100 גרם,false,1,6.90,7.67,true,1,
7613039547922,false,גרבר מחית אגס תפוח ובננה 90 גרם פאוץ,נסטלה ספרד,ES,פאוץ גרבר אגס,גרמים,90.00,100 גרם,false,1,6.90,7.67,true,1,
7613039770450,false,טבעול סנסשיונל בורגר צמחוני 226 גרם,ג'נרל מילס סאן אדריא,CZ,סנסשיונל בורגר,גרמים,226.00,100 גרם,false,1,29.90,13.23,true,1,
7613039771174,false,טבעול סנסשיונל מינס טחון צמחוני 400 גרם,ג'נרל מילס סאן אדריא,CZ,סנסשיונל טחון צמ,גרמים,400.00,100 גרם,false,1,29.90,7.47,true,1,
7613039879382,false,גרבר - מחית תפוחי עץ 190 גרם,נסטלה פולסקה אס.איי,PL,גרבר מחי תפוח עץ,גרמים,190.00,100 גרם,false,1,6.90,3.63,false,1,
7613039880807,false,גרבר מחית תפוח וגזר 190 גרם,נסטלה פולסקה אס.איי,PL,גרבר תפוח גזר,גרמים,190.00,100 גרם,false,1,6.90,3.63,false,1,
7613039881521,false,גרבר מחית מרק מנגו 190 גרם,נסטלה פולסקה אס.איי,PL,גרבר מנגו,גרמים,190.00,100 גרם,false,1,6.90,3.63,false,1,
7613287008497,false,סטארבקס - פולי קפה פייק פלייס 450 גרם,נסטלה נספרסו,PT,פולי קפהStarbuck,גרמים,450.00,100 גרם,false,1,55.00,12.22,true,1,
7613287155832,false,גרבר מחית תפוחי עץ 90 גרם פאוץ,"מפעל סברס, נסטלה ספרד ס.",ES,גרבר תפוח,גרמים,90.00,100 גרם,false,1,6.90,7.67,true,1,
7613287155863,false,מטרנה מחית אגס פאוץ' 90 גר',"מפעל סברס, נסטלה ספרד ס.",ES,גרבר אגס פאוץ,גרמים,90.00,100 גרם,false,1,6.90,7.67,true,1,
7613287155924,false,מטרנה מחית תפוח וגזר פאוץ' 90 גר',"מפעל סברס, נסטלה ספרד ס.",ES,גרבר תפוח,גרמים,90.00,100 גרם,false,1,6.90,7.67,true,1,
7613287302373,false,סטארבקס קפסולות איטליאן סטייל רוסט 56 גרם,נסטלה שוויץ - קפה,PT,קפסולות Starbuck,גרמים,56.00,100 גרם,false,1,22.90,40.89,true,1,
7613287325808,false,אוסם - דיפ אנד ספרד מטבל איולי שום 295 גרם,נסטלה פולין,PL,מתבל איולי שום,גרמים,295.00,100 גרם,false,1,15.90,5.39,true,1,
7613287325853,false,אוסם - דיפ אנד ספרד מטבל איולי ספייסי 295 גרם,נסטלה פולין,PL,מתבל איולי ספייס,גרמים,295.00,100 גרם,false,1,15.90,5.39,true,1,
7613287394323,false,דגני בוקר מולטי צ'יריוס 600 גרם,נסטלה פולין דגני בוק,GB,מולטי צ'יריוס,גרמים,600.00,100 גרם,false,1,25.90,4.32,true,1,
7613287476678,false,דגני בוקר סינימיניס צ'ורוס נסטלה 360 ג',נסטלה אוונקה,PT,סיני מיניס צורוס,גרמים,360.00,100 גרם,false,1,14.90,4.14,true,1,
7614500035788,false,טובלרון שוקולד חלב 200 גרם,מונדלייז,CH,טובלרון חלב,גרמים,200.00,100 גרם,false,0,19.80,9.90,true,1,
7616500012417,false,שוקובלוק חלב 100 גרם,"שוקולד פריי בע""מ",CH,שוקובלוק חלב,גרמים,100.00,100 גרם,false,1,9.90,9.90,true,1,
7616500553484,false,שוקולד פריי מהודר מריר 78% 100גר,צוקולאט פריי אייץגיץ,CH,שוקולד מריר,גרמים,100.00,100 גרם,false,0,10.00,10.00,true,1,
7616500642577,false,שוקולד חלב עם אגוזים300ג,צוקולאט פריי אייץגיץ,CH,שוקולד אגוזים,גרמים,300.00,100 גרם,false,0,17.90,5.97,true,1,
7616500646087,false,שוקולד פריי חלב עם שבבי אגוזים 100ג,צוקולאט פריי אייץגיץ,CH,שוקולד חלב אגוז,גרמים,100.00,100 גרם,false,0,10.00,10.00,true,1,
7616500668430,false,שוק.חלב אגוז קלאודס150גר,דליקה איי.ג'י,CH,שוקולד קלאודס,גרמים,150.00,100 גרם,false,1,17.90,11.93,true,1,
7616500912922,false,שוקובלוק מריר 100 גרם,"שוקולד פריי בע""מ",CH,שוקובלוק מריר,גרמים,100.00,100 גרם,false,1,9.90,9.90,true,1,
7617014149354,false,קפסולות קפה,,CH,קפסולות קפה,גרמים,96.00,100 גרם,false,0,29.60,30.83,true,1,
7622010001858,false,עוגיות אוראו ממולאות קרם וניל 176 גרם.,פי אר ג'\יי אס אי מנדלז,UA,עוגיות אוראו,גרמים,176.00,100 גרם,false,1,10.20,5.80,true,1,
7622201137052,false,אוראו מיני קוקיס - עוגיות שוקולד צ'יפס ותחתית מצופה שוקולד חלב,מונדלז אספנה גלטאס פ,ES,מיני קוקיז מילקה,גרמים,110.00,100 גרם,false,1,9.90,9.00,true,1,
7622201139278,false,גבינת שמנת 27% שומן 150 ג' פילדלפיה,מיודלז אספניה פרודוק,ES,גבינת פילדלפיה,גרמים,150.00,100 גרם,false,1,15.90,10.60,true,1,
7622201401900,false,עוגיות סנסיישן אוראו מילקה 156 גרם,מונדלז פולסקה פרודקש,PL,עוגיות מילקה,גרמים,156.00,100 גרם,false,1,12.90,8.27,true,1,
7622201502515,false,עוגיות מילקה קוקי לופ שוקולד צ'יפס,גיורי קייקס קייאפטי,HU,עוגיות מילקה,גרמים,132.00,100 גרם,false,1,12.90,9.77,true,1,
7622201521493,false,גבינת פילדלפיה שום ועשבי תיבול 150 גרם,מיודלז אספניה פרודוק,ES,גבינת פילדלפיה,גרמים,150.00,100 גרם,false,1,15.90,10.60,true,1,
7622201801809,false,מילקה שוקולד חלב עם אגוזים 100 גרם חדש,מנדלז דויצ'\לנד סנקס פרו,DE,שוקולד מילקה,גרמים,100.00,100 גרם,false,1,7.90,7.90,true,1,
7622201802363,false,מילקה טבלת שוקולד חלב וצימוקים ואגוזים 100ג',מנדלז דויצ'\לנד סנקס פרו,DE,שוקולד מילקה,גרמים,100.00,100 גרם,false,1,7.90,7.90,true,1,
7622201802394,false,שוקולד מילקה חלב מסרונים 100 גרם,מנדלז דויצ'\לנד סנקס פרו,DE,שוקולד חלב מילקה,גרמים,100.00,100 גרם,false,1,7.90,7.90,true,1,
7622201808631,false,אוראו מיני עוגיות ממולאות קרם וניל 67גרם,פי.טי. מונדלז אינדונ,ID,עוגיות אוראו מינ,גרמים,67.00,100 גרם,false,1,8.90,13.28,true,1,
7622201813390,false,עוגיות מילקה וואפל במילוי קרם קקאו 150 ג,מונדליז סי.אר. ביסקוויט,CZ,וופל ממולא מילקה,גרמים,150.00,100 גרם,false,1,12.90,8.60,true,1,
7622201819408,false,שוקולד מילקה דרק קרמל 85 גרם.,מונדלז דויטשלנד סנאק,DE,שוקולד מילקה,גרמים,85.00,100 גרם,false,1,8.50,10.00,true,1,
7622210078131,false,שוקולד חלב עם שבבי קרמל מילקה דיים 100 גרם,מנדלז דויצ'\לנד סנקס פרו,DE,שוקולד מילקה,גרמים,100.00,100 גרם,false,1,7.90,7.90,true,1,
7622210392589,false,טובלרון טייני שוקולד חלב 200 גרם,מונדלז סוויצרלנד פרודקשן,CH,טובלרון חלב,גרמים,200.00,100 גרם,false,1,23.90,11.95,true,1,
7622210453327,false,עוגיות שוקוצ'יפס במילוי שוקולד סנסיישן,מנדלז פולסקה פרודקשן,PL,עוגיות מילקה,גרמים,156.00,100 גרם,false,1,12.90,8.27,true,1,
7622210464729,false,אוראו גולדן עוגיות וניל במילוי קרם וניל,מונדלייז,CZ,עוגיות אוראו,גרמים,154.00,100 גרם,false,1,6.90,4.48,true,1,
7622210637994,false,מיני עוגיות אוראו קראנצ'י בייטס אורגינל,מונדלז אספניה ג'לאטס,ES,עוגיות אוראו,גרמים,110.00,100 גרם,false,1,10.90,9.91,true,1,
7622210638021,false,מיני עוגיות אוראו קראנצ'י בייטס מצופים,מונדלז אספניה ג'לאטס,ES,עוגיות אוראו,גרמים,110.00,100 גרם,false,1,10.90,9.91,true,1,
7622210690883,false,מילקה שוקולד חלב-מהדורת מונדיאל 270 גרם,מונדלייז,AT,שוקולד מונדיאל,גרמים,270.00,100 גרם,false,1,15.90,5.89,true,1,
7622210826053,false,שוקולד מילקה אוראו סנדוויץ 92 גר',גיאורי קאקסז קייאףטי,HU,שוקולד מילקה,גרמים,92.00,100 גרם,false,1,7.90,8.59,true,1,
7622210835338,false,אוראו עוגיות ממולאות טעם בראוניז 176 גרם,מנדלז אספנה גאלטס פר,ES,עוגיות אוראו,גרמים,176.00,100 גרם,false,1,10.20,5.80,true,1,
7622300200237,false,שוקולד מילקה שוקולד חלב 250 גרם,מונדליז אוסטרייך פרו,AT,שוקולד חלב מילקה,גרמים,250.00,100 גרם,false,0,15.90,6.36,true,1,
7622300270506,false,מילקה גריינס - עוגיות שיבולת שועל מצופות שוקולד 168 ג',מונדלז פולסקה פרודקש,PL,עוגיות מילקה,גרמים,168.00,100 גרם,false,0,12.90,7.68,true,1,
7622300315283,false,אוראו עוגיות ממולאות קרם וניל 154 גרם,"מונדלז CR פרודקשיין,",CZ,עוגיות אוראו,גרמים,154.00,100 גרם,false,1,6.90,4.48,true,1,
7622300489427,false,עוגיות אוראו בציפוי בטעם שוקולד לבן 246 גרם,מנדלז אספנה גאלטס פר,ES,עוגיות אוראו,גרמים,246.00,100 גרם,false,1,16.90,6.87,true,1,
7622300489434,false,עוגיות אוראו בציפוי שוקולד חלב 246 גרם,מנדלז אספנה גאלטס פר,ES,עוגיות אוראו,גרמים,246.00,100 גרם,false,1,16.90,6.87,true,1,
7622300495046,false,מילקה שוקולד חלב עם אקסטרה קקאו 100 גרם,מנדלז דויצ'\לנד סנקס פרו,DE,שוקולד מילקה,גרמים,100.00,100 גרם,false,0,7.90,7.90,true,1,
7622300503079,false,עוגיות ביסקוויט מצופה שוקולד חלב מילקה 200 גרם,מונדלז פולסקה פרודקש,PL,ביסקוויט מצופה,גרמים,200.00,100 גרם,false,0,12.90,6.45,true,1,
7622300617820,false,מילקה שוקולד חלב במילוי קרם חלב ווניל ושבבי עוגיות אוראו 100 גרם,מנדלז דויצ'\לנד סנקס פרו,DE,שוקולד מילקה,גרמים,100.00,100 גרם,false,0,7.90,7.90,true,1,
7622300761363,false,אוראו מיני עוגיות ממולאות קרם שוקו 67 גר,פי.טי. מונדלז אינדונ,ID,עוגיות מיני אורא,גרמים,67.00,100 גרם,false,0,8.90,13.28,true,1,
7622400005190,false,שוקולד חלב נגיעות שוקולד לבן מילקה 100 ג,מנדלז דויצ'\לנד סנקס פרו,DE,שוקולד מילקה,גרמים,100.00,100 גרם,false,0,7.90,7.90,true,1,
7630477891592,false,סטארבקס קפסולות קפה האוס בלנד 10 יחידות,נסטלה שוויץ - קפה,CH,קפסולות Starbuck,גרמים,57.00,100 גרם,false,1,22.90,40.18,true,1,
7630477891615,false,סטארבקס קפסולות קפה סומטרה 10 יחידות,נסטלה שוויץ - קפה,CH,קפסולות Starbuck,גרמים,55.00,100 גרם,false,1,22.90,41.64,true,1,
7630477891639,false,סטארבקס קפסולות קפה ורונה 10 יחידות,נסטלה שוויץ - קפה,CH,קפסולות Starbuck,גרמים,55.00,100 גרם,false,1,22.90,41.64,true,1,
7630477891677,false,סטארבקס קפסולות קפה פייק פלייס 10 יחידות,נסטלה שוויץ - קפה,CH,קפסולות Starbuck,גרמים,53.00,100 גרם,false,1,22.90,43.21,true,1,
7630477891691,false,סטארבקס קפסולות קפה קולמביה 10 יחידות,נסטלה שוויץ - קפה,CH,קפסולות Starbuck,גרמים,57.00,100 גרם,false,1,22.90,40.18,true,1,
7630477891714,false,סטארבקס קפסולות קפה אספרסו 10 יחידות,נסטלה שוויץ - קפה,CH,קפסולות Starbuck,גרמים,57.00,100 גרם,false,1,22.90,40.18,true,1,
7630477891738,false,סטארבקס קפסולות קפה אספרסו בלונד 10 יחיד,נסטלה שוויץ - קפה,CH,קפסולות Starbuck,גרמים,53.00,100 גרם,false,1,22.90,43.21,true,1,
7638900426946,false,סוללות מקס אלקליין 1X AA,,CN,סוללות מקס אלקלי,יחידה,1.00,יחידה,false,1,29.90,29.90,true,1,
7702018085606,false,סכיני גילוח פרוגלייד 8יח,"פרוקטר אנד גמבל, גרמניה",DE,סכיני גילוח 8יח,יחידה,1.00,יחידה,false,1,203.60,203.60,true,1,
7702018357871,false,גל גילוח 2 ב1 לעור רגיש פרוגלייד 170 מל,פרוקטר אנד גמבל,US,ג'ל גילוח,מיליליטרים,200.00,"100 מ""ל",false,1,22.90,11.45,true,1,
7702018468447,false,גילט בלו 2 פלוס סכינים חד פעמיים עשירייה,פרוקטר אנד גמבל,PL,סכיני גילוח,יחידה,1.00,יחידה,false,1,33.90,33.90,true,1,
7702018486618,false,גילט מארז סקינגארד אלוורה 8 סכינים,פרוקטר אנד גמבל גרמניה,PL,גילט סקינגארד,יחידה,1.00,יחידה,false,1,152.90,152.90,true,1,
7702018581467,false,ונוס סווירל מארז ידית מכשיר+8 סכינים,דיפלומט,US,סווירל מארז,יחידה,1.00,יחידה,false,1,129.90,129.90,true,1,
7702018978106,false,"ג'ילט - דאודורנט ג'ל לגבר ארטיק אייס 70 מ""ל",פרוקטר אנד גמבל,PL,דאו.קליר ג'ל,מיליליטרים,70.00,"100 מ""ל",false,0,15.90,22.71,true,1,
7702018978120,false,"ג'ילט - דאודורנט ג'ל לגבר קול וייב 70 מ""ל",פרוקטר אנד גמבל,PL,דאו.קליר ג'ל,מיליליטרים,70.00,"100 מ""ל",false,0,15.90,22.71,true,1,
7702024074625,false,פיטנס - חטיפי קרקר חיטה מלאה 234 גרם,קומסטיבלס לה רוזה אס.איי,CO,חטיפי קרקר פיטנס,גרמים,234.00,100 גרם,false,1,14.70,6.28,true,1,
7702024258322,false,"חטיפי קרקר עם חיטה מלאה, צ'יה וזרעי פשתן פיטנס",נסטלה Nestle,CO,חטיפי קרקר,גרמים,156.00,100 גרם,false,1,14.70,9.42,true,1,
7702174068833,false,יוגטה סוכריות קשות על מקל ממולאות טופי בטעמי גלידת פירות 12 יח' 204 גרם,ליימן שליסל,CO,לקקן יוגטה,גרמים,204.00,100 גרם,false,0,10.90,5.34,true,1,
7791875005353,false,ריבת חלב הוואנה דוצה דה לצה 450 גרם,מיגה פוד קומרס,ES,ריבת חלב הוואנה,גרמים,450.00,100 גרם,false,1,21.90,4.87,true,1,
7792860006218,false,סוכריות לקקנים בייבי דול Baby Doll לריטר,גוד פוד פרודקטס S.p,AR,בייבי דול לקקן,גרמים,24.00,100 גרם,false,0,2.50,10.42,true,1,
7798141877836,false,"יין גאטו נגרו סובניון בלאן 750 מ""ל",פינקה לה סליה,AR,סובינ.גאטו נגרו,מיליליטרים,750.00,"100 מ""ל",false,1,44.90,5.99,true,1,
7798304600042,false,אוכמניות טריות 125 ג,אראל תוצרת חקלאית בע,AR,אוכמניות טריות,גרמים,125.00,100 גרם,false,1,14.90,11.92,true,1,
7804414000860,false,יין דון חוליו קברנה סוביניון,צ'ילה לואיס פיליפה אדוארדס,CL,דון חוליו קברנה,מיליליטרים,750.00,"100 מ""ל",false,0,29.90,3.99,true,1,
7804414000877,false,יין מרלו דון חוליו ה,צ'ילה לואיס פיליפה אדוארדס,CL,דון חוליו מרלו,מיליליטרים,750.00,"100 מ""ל",false,0,29.90,3.99,true,1,
7804414001614,false,"דון חוליו שיראז 750 מ""ל",צ'ילה לואיס פיליפה אדוארדס,CL,יין שיראז,מיליליטרים,750.00,"100 מ""ל",false,0,29.90,3.99,true,1,
7804414012344,false,דון חוליו סוביניון בלאן,צ'ילה לואיס פיליפה א,CL,יין סובניון בלאן,מיליליטרים,750.00,"100 מ""ל",false,1,29.90,3.99,true,1,
7804414012351,false,יין אדום יבש מלבק דו,צ'ילה לואיס פיליפה א,CL,מלבק דון חוליו,מיליליטרים,750.00,"100 מ""ל",false,1,29.90,3.99,true,1,
7804653980107,false,אוכמניות יחידה,BERRY BEST EXPORTADORA,CL,אוכמניות 125גרם,גרמים,125.00,100 גרם,false,1,14.90,11.92,true,1,
7891024124826,false,קולגייט משחת אופטיק ספרקלינג וייט 75מל,הנסיך- מפעל לייצור ט,BR,משחת קולגייט,מיליליטרים,75.00,"100 מ""ל",false,0,22.90,30.53,true,1,
8000070003774,false,קפסולות אספרסו לוואצה אינטנסו 13 16 יח,לואיג'י לוואצה,IT,קפסולות קפה,גרמים,120.00,100 גרם,false,1,29.90,24.92,true,1,
8000070003798,false,קפסולות אספרסו לוואצה דליסיוזו 8 16 יח,לאוג'י לוואצה אס.פי.אי,IT,קפסולות קפה,גרמים,120.00,100 גרם,false,1,29.90,24.92,true,1,
8000070003811,false,קפסולות אספרסו לוואצה פסיונלה 11 16 יח,לואיג'י לוואצה,IT,קפסולות קפה,גרמים,120.00,100 גרם,false,1,29.90,24.92,true,1,
8000070003880,false,קפסולות קפה לוואצה קרמה דולצ'ה חוזק 6,לווצה טורינו,IT,קפסולות קפה,גרמים,128.00,100 גרם,false,1,29.90,23.36,true,1,
8000070003972,false,לוואצה מס' 5 קפסולות לקפה 120 גרם,לאוג'י לוואצה אס.פי.אי,IT,קפסולות קפה,גרמים,112.00,100 גרם,false,1,29.90,26.70,true,1,
8000070012219,false,פולי קפה אורו זהב לוואצה 250 גר,לאוג'י לוואצה אס.פי.אי,IT,פולי קפה,גרמים,250.00,100 גרם,false,0,42.90,17.16,true,1,
8000070012783,false,קפה לוואצה קלוי וטחון חוזק 5 אורו 250 גר,לאוג'י לוואצה אס.פי.אי,IT,קפה לוואצה,גרמים,250.00,100 גרם,false,0,39.90,15.96,true,1,
8000070016316,false,קפסולות קוואליטה אורו90ג,,IT,לוואצה קוואליטה,גרמים,90.00,100 גרם,false,1,29.90,33.22,true,1,
8000070032835,false,קפה לוואצה קלוי וטחון חוזק 10 מטינו 250 גר,לאוג'י לוואצה אס.פי.אי,IT,קפה לוואצה,גרמים,250.00,100 גרם,false,0,29.90,11.96,true,1,
8000070038868,false,קפה לוואצה קלוי וטחון חוזק 8 קלאסיקו 250 גר,לאוג'י לוואצה אס.פי.אי,IT,קפה לוואצה,גרמים,250.00,100 גרם,false,0,33.90,13.56,true,1,
8000070047129,false,קפסולות לוואצה פסיונלה54,,IT,קפסולות לוואצ'ה,גרמים,405.00,100 גרם,false,1,69.90,17.26,true,1,
8000070053465,false,קפסולות קפה נספרסו חוזק 8 אורו לוואצה 55 גרם,לאוג'י לוואצה אס.פי.אי,IT,קפסולות לוואצ'ה,גרמים,55.00,100 גרם,false,1,20.90,38.00,true,1,
8000070053472,false,לוואצה קרמה גוסטו קלאסיקו מס' 12 קפסולות לקפה 55 גרם,לאוג'י לוואצה אס.פי.אי,IT,קפסולות לוואצ'ה,גרמים,57.00,100 גרם,false,1,20.90,36.67,true,1,
8000113003402,false,"קמח תירס בוואקום ניקולי 1 ק""ג",מולינו ניקולי אס.פי.,IT,קמח תירס,קילוגרמים,1.00,"ק""ג",false,0,16.90,16.90,true,1,
8000380003723,false,וופל אגוזים בציפוי שוקולד לואקר 100 גרם,קריניציה ויטמינה אס,IT,גראנד פטיסרי,גרמים,100.00,100 גרם,false,0,13.40,13.40,true,1,
8000380003761,false,וופל גרנד פטיסרי שוקולד וקוקוס לואקר 100 גרם,קריניציה ויטמינה אס,IT,גראנד פטיסרי,גרמים,100.00,100 גרם,false,0,13.40,13.40,true,1,
8000380004669,false,וופל לואקר סנדוויץ קוביות ושוקולד 200ג',"א. לואקר, קונפקט ג'י",AT,וופל לואקר קקאו,גרמים,200.00,100 גרם,false,0,14.20,7.10,true,1,
8000380004676,false,קוביות וופל סנדוויץ Sandwich עם וניל וחלב,"א. לואקר, קונפקט ג'י",AT,ופלים לואקר,גרמים,200.00,100 גרם,false,0,14.20,7.10,true,1,
8000380004881,false,וופל קוארדטיני לואקר קוביות טרמיסו 220ג',קריניציה ויטמינה אס,IT,ופל קואדרטיני,גרמים,220.00,100 גרם,false,0,15.20,6.91,true,1,
8000380004911,false,קוביות וופל קואדרטיני Quadratini קרם אגוזים,קריניציה ויטמינה אס,AT,ופל קואדרטיני,גרמים,250.00,100 גרם,false,0,15.20,6.08,true,1,
8000380004942,false,וופל לואקר קוארדטיני קוביות ווניל 250ג',ליימן מותגים,AT,וופלים קאודרטיני,גרמים,250.00,100 גרם,false,0,15.20,6.08,true,1,
8000380004966,false,וופל קוארדטיני לואקר קוביות שוקולד 250ג',קריניציה ויטמינה אס,AT,ופל קואדרטיני,גרמים,250.00,100 גרם,false,0,15.20,6.08,true,1,
8000380005598,false,מארז וופל שוקולד טורטינה Tortina שוקולד מריר,א. לואקר אס. פי. אי-אי.,IT,וופל טורטינה,גרמים,125.00,100 גרם,false,0,18.50,14.80,true,1,
8000380007219,false,וופלים בטעם אגוזים לואקר 175 גרם,ליימן מותגים,AT,ופלים לואקר,גרמים,175.00,100 גרם,false,0,12.70,7.26,true,1,
8000380007264,false,וופלים בטעם קקאו לואקר 175 גרם,קריניציה ויטמינה אס,AT,ופלים לואקר,גרמים,175.00,100 גרם,false,0,12.70,7.26,true,1,
8000380106028,false,טורטינה לואקר וופל שוקולד ואגוזים שישיה 125ג',קריניציה ויטמינה אס,IT,וופל טורטינה,גרמים,125.00,100 גרם,false,0,18.50,14.80,true,1,
8000380144044,false,גרדנה וופל מצופה שוקולד חלב לואקר 200 גרם,"א. לואקר , AG/SpA, ו",IT,ופלים גרדנה,גרמים,200.00,100 גרם,false,0,15.10,7.55,true,1,
8000380153534,false,מארז וופל שוקולד טורטינה Tortina שוקולד לבן,א. לואקר אס. פי. אי-אי.,IT,טורטינה לבן,גרמים,125.00,100 גרם,false,0,18.50,14.80,true,1,
8000380180721,false,לואקר וופל קקאו במילוי קרם חלבי 175 גר,קריניציה ויטמינה אס,AT,וופל לואקר,גרמים,175.00,100 גרם,false,1,12.70,7.26,true,1,
8000380180745,false,וופל קוביות קקאו במילוי קרם חלב לואקר 250 גרם,"א. לואקר, קונפקט ג'י",AT,וופל קואדרטיני,גרמים,250.00,100 גרם,false,1,15.20,6.08,true,1,
8000380187119,false,עוגיות במילוי קרם אגוזי לוז לואקר 100 גר,לואקר Loacker,AT,עוגיות אגוזי לוז,גרמים,100.00,100 גרם,false,1,15.90,15.90,true,1,
8000380192199,false,וופל לואקר דאבל שוקולד 175 גרם,ליימן מותגים,AT,וופל לואקר דאבל,גרמים,175.00,100 גרם,false,1,12.70,7.26,true,1,
8000380201396,false,שוקולד חלב ממולא קרם קרמל ועלי וופל פריכ,ליימן מותגים,AT,וופל טורטינה,גרמים,126.00,100 גרם,false,1,18.50,14.68,true,1,
8000380205400,false,וופלים קואדרטיני חמאת בוטנים לואקר 250 גרם,ליימן מותגים,AT,וופל קואדרטיני,גרמים,250.00,100 גרם,false,1,15.20,6.08,true,1,
8000380206896,false,וופל גרדנה חמאת בוטנים לואקר 200 גרם,ליימן מותגים,IT,ופלים גרדנה,גרמים,200.00,100 גרם,false,1,15.10,7.55,true,1,
8000500028124,false,קינדר גוי ביצת הפתעה מארז שלישיה,ליימן שליסל,ZA,קינדר ג'וי 3יח,גרמים,60.00,100 גרם,false,0,17.00,28.33,true,1,
8000500037874,false,בונבונרייה פררו רושר 200 גרם,פררו - אלבה,IT,בונבוניירה רושה,גרמים,200.00,100 גרם,false,0,27.90,13.95,true,1,
8000500267103,false,קינדר דליס עוגת ספוג קקאו במילוי חלבי*10,קינדר Kinder,IT,עוגות קינדר דליס,גרמים,390.00,100 גרם,false,1,20.90,5.36,true,1,
8000500269169,false,קינדר קארדס Kinder Cards - חמישייה,קריות זול,IT,קינדר קארדס,גרמים,128.00,100 גרם,false,1,13.90,10.86,true,1,
8000500294345,false,רושר איש שלג שוקולד חלב ואגוזי לוז 90 גר,פררו,PL,רושה סנו-מן,גרמים,90.00,100 גרם,false,1,16.90,18.78,true,1,
8000500310397,false,נוטלה עוגיות נוטלה בגליל 12יח' - NUTELLA BISCUITTS,נוטלה Nutella,IT,ביסקוויט נוטלה,גרמים,166.00,100 גרם,false,1,15.90,9.58,true,1,
8000500328750,false,כדור וופל פריך מצופה שוקולד פררו רושר 141 ג',פררו,DE,בונבוניירה פררו,גרמים,138.00,100 גרם,false,1,29.50,21.38,true,1,
8000500359358,false,מארז שלישיית עוגיות נוטלה באריזה אישית - NUTELLA BISCUITTS,פררו,IT,ביסקוויט נוטלה,גרמים,41.00,100 גרם,false,1,5.40,13.17,true,1,
8000500366073,false,נוטלה עוגיות נוטלה בשקית 20 יח'- NUTELLA BISCUITTS,נוטלה Nutella,IT,ביסקוויט נוטלה,גרמים,276.00,100 גרם,false,1,23.90,8.66,true,1,
8001003100164,false,יוגטה סוכריות גילי בטעם פירות 450 גר,יוגטה yogueta,IT,סוכריות ג'לי,גרמים,450.00,100 גרם,false,1,13.90,3.09,true,1,
8001090222725,false,"הרבל אסנסס - שמפו שמן מורינגה 400 מ""ל",הרבל אסנס Herbal Essences,FR,שמפו הרבל אסנס,מיליליטרים,400.00,"100 מ""ל",false,1,19.90,4.98,true,1,
8001090222756,false,"הרבל אסנסס - מרכך שמן מורינגה 400 מ""ל",הרבל אסנס Herbal Essences,FR,מרכך הרבל אסנסס,מיליליטרים,400.00,"100 מ""ל",false,1,19.90,4.98,true,1,
8001090222848,false,"הרבל אסנסס - שמפו שיקום שמן ארגן 400 מ""ל",הרבל אסנס Herbal Essences,FR,שמפו הרבל אסנס,מיליליטרים,400.00,"100 מ""ל",false,1,19.90,4.98,true,1,
8001090222879,false,"הרבל אסנסס - מרכך שיקום שמן ארגן 400 מ""ל",הרבל אסנס Herbal Essences,FR,מרכך הרבל אסנס,מיליליטרים,400.00,"100 מ""ל",false,1,19.90,4.98,true,1,
8001090316103,false,קפסולות לכתמים קשים 45 יח' אריאל,דיפלומט,FR,אריאל קפסולות,יחידה,1.00,יחידה,false,1,72.90,72.90,true,1,
8001090336446,false,פמפרס בייבי דריי חיתולים מידה 4 34 יח,פרוקטר אנד גמבל,DE,פמפרס בייבי,יחידה,1.00,יחידה,false,1,36.90,36.90,true,1,
8001090336521,false,פמפרס בייבי דריי חיתולים מידה 5 30 יח,פרוקטר אנד גמבל,DE,פמפרס בייבי,יחידה,1.00,יחידה,false,1,36.90,36.90,true,1,
8001090336606,false,פמפרס בייבי דריי חיתולים מידה 6 26 יח,פרוקטר אנד גמבל,DE,פמפרס בייבי,יחידה,1.00,יחידה,false,1,36.90,36.90,true,1,
8001090364319,false,קפסולות ג'ל לכביסה טייד אפקט פיירי 37 יח',פרוקטר & גמבל,FR,טייד קפסולות,יחידה,1.00,יחידה,false,1,55.90,55.90,true,1,
8001090379337,false,פמפרס פרימיום קר חיתולים שלב 3 40 יח VP,פרוקטר אנד גמבל,PL,פמפרס פרימיום,יחידה,1.00,יחידה,false,1,34.50,34.50,true,1,
8001090379368,false,פמפרס פרימיום קר חיתולים שלב 4 34 יח VP,פרוקטר אנד גמבל,PL,פמפרס פרימיום,יחידה,1.00,יחידה,false,1,34.50,34.50,true,1,
8001090379399,false,פמפרס פרימיום קר חיתולים שלב 5 30 יח VP,פרוקטר אנד גמבל,PL,פמפרס פרימיום,יחידה,1.00,יחידה,false,1,34.50,34.50,true,1,
8001090678614,false,"שמפו סופרים לחות הד אנד שולדרס 400 מ""ל",פרוקטר אנד גמבל,FR,שמפו הד&שולדרס,מיליליטרים,400.00,"100 מ""ל",false,1,18.90,4.73,true,1,
8001090734044,false,אולוויז מגן תחתון גיגה פק לארג' אקסטרה פרוטקט 64 יח',פרוקטר אנד גמבל,DE,מגן תחתון אולווי,יחידה,1.00,יחידה,false,1,22.90,22.90,true,1,
8001090740717,false,מגני תחתון אולוויז נורמל עם ניחוח רענן Fresh Scent,פרוקטר אנד גמבל )ראה קוד,UA,מגן תחתון אולווי,יחידה,1.00,יחידה,false,1,22.90,22.90,true,1,
8001090832450,false,"שמפו פנטן הנוסחה הקלאסית 660 מ""ל",פרוקטר אנד גמבל,RO,שמפו פנטן,מיליליטרים,660.00,"100 מ""ל",false,1,22.90,3.47,true,1,
8001090832535,false,"שמפו פנטן שמן מרוקאי משקם 660 מ""ל",פרוקטר אנד גמבל,RO,שמפו פנטן,מיליליטרים,660.00,"100 מ""ל",false,1,22.90,3.47,true,1,
8001090832573,false,"שמפו פנטן לחות מוגברת 660 מ""ל",פרוקטר אנד גמבל,RO,שמפו פנטן,מיליליטרים,660.00,"100 מ""ל",false,1,22.90,3.47,true,1,
8001090832610,false,"שמפו פנטן למגע רך כמשי 660 מ""ל",פרוקטר אנד גמבל,RO,שמפו פנטן,מיליליטרים,660.00,"100 מ""ל",false,1,22.90,3.47,true,1,
8001090832818,false,מרכך פנטן הנוסחה הקלאסית לשיער רגיל ומעורב,פרוקטר אנד גמבל,RO,מרכך פנטן,מיליליטרים,660.00,"100 מ""ל",false,1,22.90,3.47,true,1,
8001090832856,false,"פנטן 660 מ""ל קונדישינר מרוקאי משקם",פרוקטר אנד גמבל,RO,מרכך פנטן,מיליליטרים,660.00,"100 מ""ל",false,1,22.90,3.47,true,1,
8001090832894,false,מרכך לשיער חלש ופגום לחות מוגברת,פרוקטר אנד גמבל,RO,מרכך פנטן,מיליליטרים,660.00,"100 מ""ל",false,1,22.90,3.47,true,1,
8001090832931,false,"פנטן 660 מ""ל קונדישינר למגע רך כמשי",פרוקטר אנד גמבל,RO,מרכך פנטן,מיליליטרים,660.00,"100 מ""ל",false,1,22.90,3.47,true,1,
8001090832979,false,"פנטן 660 מ""ל קונדישינר לתלתלים מושלמים",פנטן שמפו ומרכך ב 17,RO,מרכך פנטן,מיליליטרים,660.00,"100 מ""ל",false,1,22.90,3.47,true,1,
8001090833228,false,אריאל ג'ל כביסה קולור 2.365 ליטר,פרוקטור אנד גמבל,FR,אריאל ג'ל כביסה,ליטרים,2.37,ליטר,false,1,36.90,15.57,true,1,
8001090891273,false,לנור כדוריות בושם בניחוח סחלב 210 גרם,פרוקטר אנד גמבל,US,לנור מבשם כביסה,יחידה,1.00,יחידה,false,0,35.90,35.90,true,1,
8001090899194,false,תחבושות אולוויז פלטינום נורמל 24 יחידות,פרוקטר אנד גמבל,DE,תחבושות אולוויז,יחידה,1.00,יחידה,false,1,22.90,22.90,true,1,
8001090899224,false,תחבושות אולוויז פלטינום לונג 20 יחידות,פרוקטר אנד גמבל,DE,תחבושות אולוייז,יחידה,1.00,יחידה,false,1,22.90,22.90,true,1,
8001090899255,false,תחבושות אולוויז פלטינום לילה 16 יחידות,פרוקטר אנד גמבל,DE,תחבשות אולוויז,יחידה,1.00,יחידה,false,1,22.90,22.90,true,1,
8001090899286,false,תחבושות אולוויז פלטינום לילה בטוח 14 יח',פרוקטר אנד גמבל,DE,תחבושות אולוויז,יחידה,1.00,יחידה,false,1,22.90,22.90,true,1,
8001090992338,false,פיירי טבליות למדיח פלטינום פלוס 50 יחידו,פרוקטר אנד גמבל,BE,פיירי טב' למדיח,יחידה,1.00,יחידה,false,1,59.90,59.90,true,1,
8001620011935,false,"סן בנדטו- מים מינרלים מוגז - מארז שישיית 500 מ""ל",אקווה מינרלה סאן בנד,IT,סאן בנדטו 6 יח',ליטרים,3.00,ליטר,false,0,12.90,4.30,true,1,
8001620015636,false,"משקה פרוטה מיקס פירות 400 מ""ל",אקווה מינרלה סאן בנדטו ב,IT,משקה פרוטה,מיליליטרים,400.00,"100 מ""ל",false,1,8.30,2.08,true,1,
8001620018408,false,"משקה פירות בטעם מנגו תפוח 400 מ""ל פרוטה",אקווה מינרלה סאן בנדטו ב,IT,פרוטה מנגו תפוח,מיליליטרים,400.00,"100 מ""ל",false,1,8.30,2.08,true,1,
8001620019177,false,"סן בנדטו מים מינרלים בטעם ענבים 500 מ""ל",אקווה מינרלה סאן בנדטו ב,IT,סאן סנדטו ענבים,מיליליטרים,400.00,"100 מ""ל",false,1,6.90,1.73,true,1,
8001800000582,false,פולי קפה ארביקה 250 גרם,קאסה דל קפה,IT,פולי קפה ארביקה,גרמים,250.00,100 גרם,false,1,49.90,19.96,true,1,
8001841006710,false,לנור כדוריות הריח בניחוח רענן 210 גרם,פרוקטר אנד גמבל,US,לנור מבשם כביסה,גרמים,210.00,100 גרם,false,1,35.90,17.10,true,1,
8001841053806,false,תחבושות היגייניות אולוויז מקסי עבה לילה,פרוקטר אנד גמבל,HU,תחבושות אולוויז,יחידה,1.00,יחידה,false,1,13.90,13.90,true,1,
8001841077949,false,מארז מגבוני פמפרס בניחוח מרענן - רביעייה,פרוקטר אנד גמבל,DE,מגבוני פמפרס 4יח,יחידה,1.00,יחידה,false,1,21.90,21.90,true,1,
8001841105093,false,פמפרס פרימיום קר חיתולים שלב 6 26 יח VP,פרוקטר אנד גמבל,PL,פמפרס,יחידה,1.00,יחידה,false,1,34.50,34.50,true,1,
8001841137179,false,קונדישינר הד&שולדרס הנוסחה הקלאסית 275מל,פרוקטר אנד גמבל,RO,מרכך הד&שולדרס,מיליליטרים,275.00,"100 מ""ל",false,1,17.90,6.51,true,1,
8001841410524,false,שמפו הד&שולדרס קוקוס600מ,פרוקטר אנד גמבל,RO,שמפו הד&שולדרס,מיליליטרים,600.00,"100 מ""ל",false,1,18.90,3.15,true,1,
8001841427126,false,מגן תחתון אולוויז מגה פק פרו פרש נורמל 64 יחי,פרוקטר אנד גמבל,DE,אולווייז מגנים,יחידה,1.00,יחידה,false,1,22.90,22.90,true,1,
8001841500942,false,"הרבל אסנסס - שמפו ללא סולפטים אלוורה ובמבוק 380 מ""ל",הרבל אסנס Herbal Essences,FR,שמפו ללא סולפטים,מיליליטרים,380.00,"100 מ""ל",false,1,19.90,5.24,true,1,
8001841566771,false,לנור כדוריות בושם בניחוח יסמין 210 גרם,פרוקטר אנד גמבל,US,לנור מבשם כביסה,יחידה,1.00,יחידה,false,0,35.90,35.90,true,1,
8001841625188,false,סבון כלים פלטינום לימון X3 פעולות להסרת שומנים,פרוקטר אנד גמבל,GB,פיירי נוזל כלים,מיליליטרים,515.00,"100 מ""ל",false,1,12.50,2.43,true,1,
8001841625461,false,סבון כלים פלטינום X3 פעולות להסרת שומנים,פרוקטר אנד גמבל,GB,פיירי נוזל כלים,מיליליטרים,515.00,"100 מ""ל",false,1,12.50,2.43,true,1,
8001841680989,false,מגן תחתון אולוויז מגה פק פרו פרש לארג' 60 יחי,פרוקטר אנד גמבל,DE,אולווייז מגנים,יחידה,1.00,יחידה,false,1,22.90,22.90,true,1,
8001841941929,false,אולוויז וליו פק לילה בטוח אקסטרא 16 יחידות,פרוקטר אנד גמבל,DE,אולוויז לילה,יחידה,1.00,יחידה,false,1,23.90,23.90,true,1,
8001841960081,false,פיירי טבליות למדיח פלטינום הכל באחד - מארז 37 יח',פרוקטר אנד גמבל,BE,פיירי טב' למדיח,יחידה,1.00,יחידה,false,0,39.90,39.90,true,1,
8001906997557,false,פרל אנימה - מבעבע רוזה חצי מתוק 750 מל,,IT,פרל אנימה מבעבע,מיליליטרים,750.00,"100 מ""ל",false,1,40.20,5.36,true,1,
8002270866524,false,סן פלגרינו מים מינרליים טבעיים מוגזים,סן פלגרינו San Pellegrino,IT,סן פלגרינו,ליטרים,1.00,ליטר,false,0,10.50,10.50,true,1,
8002450201008,false,"רספברי ספרקלטיני 750 מ""ל",איטליה בוסקה,IT,רספברי ספרקלטיני,מיליליטרים,750.00,"100 מ""ל",false,0,23.90,3.19,true,1,
8002450208007,false,ורדי גרין אפל ספרקלטיני,איטליה בוסקה,IT,ורדי גרין אפל,מיליליטרים,750.00,"100 מ""ל",false,0,23.90,3.19,true,1,
8003130129544,false,סאן קרלו חטיפי תפוחי אדמה פריכ.CROCCANTE,קנדי חשמל ונכסים,IT,חטיפי תפוח אדמה,גרמים,50.00,100 גרם,false,1,5.90,11.80,true,1,
8003207997854,false,"יין פאבולינו קיאנטי 750 מ""ל",‎פאבולינו,IT,קיאנטי פאבולינו,מיליליטרים,750.00,"100 מ""ל",false,1,44.90,5.99,true,1,
8003753158587,false,אילי קפסולות אספרסו פורטה 10 יח' 57 גרם,ג'ייקובס דאו אגרבטס פר א,FR,קפסולות קפה אילי,גרמים,57.00,100 גרם,false,1,27.40,48.07,true,1,
8003753158617,false,אילי קפסולות אספרסו לונגו קלאסיקו 10 יח' 57 גרם,ג'ייקובס דאו אגרבטס פר א,FR,קפסולות קפה אילי,גרמים,57.00,100 גרם,false,1,27.40,48.07,true,1,
8003753900438,false,קפה לנדוור אילי אספרסו טחון 250 גרם,קפה לנדוור,IT,קפה אספרסו אילי,גרמים,250.00,100 גרם,false,0,48.90,19.56,true,1,
8004123004893,false,"שמן מתובל בטעם פטריות כמהין 250 מ""ל",באסו פדלה,IT,שמן בטעם כמהין,מיליליטרים,250.00,"100 מ""ל",false,1,29.90,11.96,true,1,
8004690050507,false,פטוצ'יני לה מוליזנה 500ג,לה מוליסנה,IT,פסטה פטוצ'יני,גרמים,500.00,100 גרם,false,1,8.90,1.78,true,1,
8004690051573,false,ספגטי לה מוליזנה 500 גרם,לה מוליזנה קמפובאסן,IT,ספגטי לה מוליזנה,גרמים,500.00,100 גרם,false,1,8.90,1.78,true,1,
8004690052846,false,L.M פסטה איטלקית פוזילי 500 גרם,לה מוליסנה,IT,פסטה פוזילי,גרמים,500.00,100 גרם,false,1,8.90,1.78,true,1,
8004690053195,false,L.M פסטה איטלקית ריגטוני 500 גרם,לה מוליזנה קמפובאסן,IT,פסטה לה מוליזנה,גרמים,500.00,100 גרם,false,1,8.90,1.78,true,1,
8004690053225,false,פסטה מזי ריגטוני 500 גרם,לה מוליזנה קמפובאסן,IT,ספגטי לה מוליזנה,גרמים,500.00,100 גרם,false,1,8.90,1.78,true,1,
8004690106600,false,L.M פסטה איטלקית פרפאלה 500 גרם,לה מוליזנה קמפובאסן,IT,פסטה לה מוליזנה,גרמים,500.00,100 גרם,false,0,8.90,1.78,true,1,
8004708018987,false,מלח ורוד הימלאיה במטחנה 90 ארומה דה טוסק,דרוגיה ואלימנטרי אס.אר.א,IT,מלח ורוד במטחנה,גרמים,90.00,100 גרם,false,1,13.80,15.33,true,1,
8004708048793,false,פלפל שחור במטחנה ארו 95 גרם,דרוגיה ואלימנטרי אס.אר.א,IT,פלפל שחור במטחנה,גרמים,95.00,100 גרם,false,1,30.90,32.53,true,1,
8004800000064,false,לאגו פלאסיר- גלילי ופל קרם קקאו בציפוי ש.חלב - 100 ג',לגו גרופ ס.פ.א.,IT,גלילי וופל לאגו,גרמים,100.00,100 גרם,false,1,10.00,10.00,true,1,
8004800000071,false,לאגו פלאסיר- גלילי ופל במילוי קרם אגוזי לוז שוקולד חלב - 100 ג',לגו גרופ ס.פ.א.,IT,גלילי וופל לאגו,גרמים,100.00,100 גרם,false,1,10.00,10.00,true,1,
8004800004819,false,לאגו פלאסיר גלילי וופל קרם פסיפלורה 100 גרם,לגו גרופ ס.פ.א.,IT,וופלים במילוי,גרמים,110.00,100 גרם,false,1,10.00,9.09,true,1,
8004800004826,false,לאגו פלאסיר - וופלים במילוי קרם קוקוס שוקולד מריר - 98ג,לגו גרופ ס.פ.א.,IT,וופלים במילוי,גרמים,98.00,100 גרם,false,1,10.00,10.20,true,1,
8004800005502,false,וופל מיני רול גלילי ופל במילוי קרם קקאו- 125 ג' לאגו,לגו גרופ ס.פ.א.,IT,גלילי וופל מיני,גרמים,125.00,100 גרם,false,1,12.90,10.32,true,1,
8004800005519,false,וופל רול גלילי במילוי קרם אגוזי לוז- 125 ג' לאגו,לגו גרופ ס.פ.א.,IT,גלילי וופל מיני,גרמים,125.00,100 גרם,false,1,12.90,10.32,true,1,
8005110000416,false,MUTTI עגבניות חתוכות במיץ פולפה 2*300 ג,מוטי אס.פי.איי,IT,עגבניות חתוכות2*,גרמים,600.00,100 גרם,false,1,13.90,2.32,true,1,
8005110001772,false,MUTTI רוטב לפסטה מעגבניות פיצוטלו 400 גרם,מוטי אס.פי.אי,IT,רוטב לפסטה,גרמים,400.00,100 גרם,false,1,13.90,3.48,true,1,
8005110002557,false,רוטב מעגבנ.רומא לפסטה400,מוטי אס.פי.אי,IT,רוטב לפסטה,גרמים,400.00,100 גרם,false,1,13.90,3.48,false,1,
8005110060007,false,מוטי עגבניות מקולפות 400 גר,מוטי אס.פי.איי,IT,עגבניות מקולפות,גרמים,400.00,100 גרם,false,0,7.20,1.80,true,1,
8005110171215,false,מוטי עגבניות חתוכות פולפפזי 690 גרם{בקבוק},"איי, בי, אינבוו",IT,עגבניות חתוכות,גרמים,690.00,100 גרם,false,0,15.90,2.30,true,1,
8005110551253,false,רוטב לפיצה להכנת פיצה איטלקית קלאסית,"איי, בי, אינבוו",IT,רוטב לפיצה,גרמים,400.00,100 גרם,false,1,9.90,2.48,true,1,
8005200256587,false,נסטי - תה קר בטעם אפרסק 1.5 ליטר,מפעל סאנפלגרינו S.P.A,IT,נסטי בטעם אפר,ליטרים,1.50,ליטר,false,0,9.20,6.13,true,1,
8005200316588,false,תה קר דיאט בטעם אפרסק נסטי 1.5 ליטר,מפעל סאנפלגרינו s.p.a,IT,נסטי דיאט אפר,ליטרים,1.50,ליטר,false,0,9.20,6.13,true,1,
8005852750013,false,מעדן טונה לחתול 85 גרם,,TH,שזיר מעדן טונה,גרמים,85.00,100 גרם,false,0,6.00,7.06,true,1,
8005852750150,false,שזיר מעדן סלמון 85 גרם,,TH,שזיר מוס סלמון,גרמים,85.00,100 גרם,false,0,6.00,7.06,true,1,
8006227000733,false,סמנצאטו-טראמציני ח.מלאה 250 גרם,רו. מאר ס.ר.ל,IT,לחם ללא קשה,גרמים,250.00,100 גרם,false,1,17.90,7.16,true,1,
8006227001372,false,סמנצאטו – לחם מחמצת לבן עם שמן זית ללא קשה 1400 גרם,רו. מאר ס.ר.ל,IT,לחם ללא קשה,גרמים,400.00,100 גרם,false,1,19.90,4.98,true,1,
8006227001389,false,סמנצאטו – לחם מחמצת עם שמן זית ללא קשה 1400 גרם,רו. מאר ס.ר.ל,IT,לחם ללא קשה,גרמים,400.00,100 גרם,false,1,19.90,4.98,true,1,
8006227270945,false,סמנצאטו-טראמציני לבן 250 גרם,רו. מאר ס.ר.ל,IT,לחם ללא קשה,גרמים,250.00,100 גרם,false,1,17.90,7.16,true,1,
8006540051054,false,פנטן מיראקלס שמפו ללא סולפטים 225 מל,דיפלומט,BE,שמפו פנטן,מיליליטרים,225.00,"100 מ""ל",false,1,21.90,9.73,true,1,
8006540091937,false,לנור כדוריות הבושם בניחוח אריאל 210 גרם,פטר קרמר עבור פרוקטור אנ,US,לנור מבשם כביסה,גרמים,210.00,100 גרם,false,1,35.90,17.10,true,1,
8006540112823,false,"לנור מרכך כביסה מרוכז בניחוח האוקיינוס 900 מ""ל",פרוקטר אנד גמבל,FR,לנור מרכך מרוכז,מיליליטרים,900.00,"100 מ""ל",false,1,17.90,1.99,true,1,
8006540112854,false,"מרכך כביסה מרוכז בניחוח סחלב לנור 900 מ""ל",פרוקטר אנד גמבל,FR,לנור מרכך מרוכז,מיליליטרים,900.00,"100 מ""ל",false,1,17.90,1.99,true,1,
8006540157374,false,מרכך מינרלס ביוטין + במבוק לשיער חזק וארוך,פנטן Pantene,FR,פנטן מיראקלס,מיליליטרים,275.00,"100 מ""ל",false,1,17.90,6.51,true,1,
8006540221341,false,אולוויז מגן תחתון וליופק לארג' 48 יחידות,,DE,מגן תחתון אולווי,יחידה,1.00,יחידה,false,1,17.90,17.90,true,1,
8006540352960,false,טמפונים טמפקס פרל רגולר 20 יחידות,פרוקטר אנד גמבל,HU,טמפקס,יחידה,1.00,יחידה,false,1,24.90,24.90,true,1,
8006540358498,false,טמפקס פרל סופר-פלוס 18 יחידות חדש,פרוקטר אנד גמבל,HU,טמפקס,יחידה,1.00,יחידה,false,1,24.90,24.90,true,1,
8006540385029,false,הד&שולדרס MEN שמפו ומרכך 2ב-1 אולטרא 540,URLATI GAMBLE & PROCTER,RO,הד&שולדרס מן 2ב1,מיליליטרים,540.00,"100 מ""ל",false,1,18.90,3.50,true,1,
8006540385067,false,הד&שולדרס MEN שמפו אולטרא ספורט מרענן540,URLATI GAMBLE & PROCTER,RO,ה&ש שמפו מן,מיליליטרים,540.00,"100 מ""ל",false,1,18.90,3.50,true,1,
8006540404850,false,דיסקריט תחבושות לבריחת שתן לונג 10 יח,פרוקטר & גמבל,DE,דיסקריט תחבושות,יחידה,1.00,יחידה,false,1,21.90,21.90,true,1,
8006540407684,false,דיסקריט תחבושות לבריחת שתן לילה 8 יח,דיפלומט,DE,תחבושות לילה,יחידה,1.00,יחידה,false,1,21.90,21.90,true,1,
8006540429327,false,פיירי מקס פאוור לימון עם מנגנון למניעת נזילות,פרוקטר אנד גמבל,CZ,פיירי לימון,מיליליטרים,440.00,"100 מ""ל",false,1,10.90,2.48,true,1,
8006540463550,false,פיירי טבליות למדיח פלטינום 63 יחידות,פרוקטר אנד גמבל,BE,פיירי טבליות,יחידה,1.00,יחידה,false,1,59.90,59.90,true,1,
8006540491539,false,"נוזל כלים פיירי פלטינום אוריגינל 780 מ""ל",פרוקטר אנד גמבל,GB,פיירי פלטינום,מיליליטרים,780.00,"100 מ""ל",false,1,12.50,1.60,true,1,
8006540495186,false,לנור מרכך כביסה מרוכז רגיש בייבי 900 מל,פרוקטר אנד גמבל,FR,מרכך כביסה בייבי,מיליליטרים,900.00,"100 מ""ל",false,1,17.90,1.99,true,1,
8006540495216,false,"מרכך כביסה לנור בניחוח אמאטיסט 900 מ""ל",פרוקטר אנד גמבל,FR,מרכך כביסה לנור,מיליליטרים,900.00,"100 מ""ל",false,1,17.90,1.99,true,1,
8006540495247,false,"לנור מרכך כביסה מרוכז בניחוח פרחי בר 900 מ""ל",פרוקטר אנד גמבל,FR,מרכך כביסה לנור,מיליליטרים,900.00,"100 מ""ל",false,1,17.90,1.99,true,1,
8007178120310,false,חומץ בלסמי ד'מודנה Giacobazzi,פטורייה ג'יאקובאזי ס,IT,חומץ בלסמי,מיליליטרים,500.00,"100 מ""ל",false,0,22.90,4.58,true,1,
8007178223547,false,קרם מצומצם עם חומץ בלסמי ממודנה,פארייפאבה אגרואינדוס,IT,קרם בלסמי מצומצם,מיליליטרים,250.00,"100 מ""ל",false,1,25.90,10.36,true,1,
8008245004847,false,ממרח אגוזי לוז וקקאו מובנפיק 300 גרם,נאטקו,IT,ממרח אגוזי לוז,גרמים,300.00,100 גרם,false,1,15.90,5.30,true,1,
8008245004861,false,ממרח אגוזי לוז עם חלב מובנפיק 300 גרם,יבואן ומשווק: ש. שסט,IT,ממרח אגוזי לוז,גרמים,300.00,100 גרם,false,1,15.90,5.30,true,1,
8008343200424,false,פסטה קונקילי ריגטה Conchiglie rigate,רומו Rummo,IT,פסטה רומו,גרמים,500.00,100 גרם,false,1,9.90,1.98,true,1,
8008343201377,false,פסטה רומו רדיאטורי 500גר,רומו Rummo,IT,פסטה רומו,גרמים,500.00,100 גרם,false,1,9.90,1.98,true,1,
8008660210021,false,מעדן ריבה מנץ אנד גאססר דובדבן 300 גר,שוורצקוף& הנקל דיסלד,IT,מעדן דובדבן,גרמים,300.00,100 גרם,false,1,17.90,5.97,true,1,
8008660210038,false,מעדן ריבה מנץ אנד גאססר תות שדה 300 גר,קריניציה ויטמינה אס,IT,מעדן תות שדה,גרמים,300.00,100 גרם,false,1,17.90,5.97,true,1,
8008660210045,false,מעדן פירות יער מנז אנד גאסר ויסוצקי 300 גרם,שוורצקוף& הנקל דיסלד,IT,מעדן פירות יער,גרמים,300.00,100 גרם,false,1,17.90,5.97,true,1,
8008660210052,false,מעדן פרי תפוז מנז אנד גאסר ויסוצקי 320 גרם,מנז אנד גאסר Menz&Gasser,IT,מעדן תפוז,גרמים,320.00,100 גרם,false,1,17.90,5.59,true,1,
8008912010034,false,ליגורי- ספגטי מספר 3 500גר,מנז'\ אנד גאסר ס.פ.א,IT,ספגטי,גרמים,500.00,100 גרם,false,1,8.90,1.78,true,1,
8008912010072,false,ליגורי- לינגוויני מספר 7 500גר,מנז'\ אנד גאסר ס.פ.א,IT,לינגוויני,גרמים,500.00,100 גרם,false,1,8.90,1.78,true,1,
8008912010270,false,LIGUORI פסטה קסרצ'ה מספר 27 500 גרם,מנז'\ אנד גאסר ס.פ.א,IT,פסטה קסרצ'ה,גרמים,500.00,100 גרם,false,1,8.90,1.78,true,1,
8008912010300,false,LIGUORI פסטה פרפלה 500 גרם מספר 30,מנז'\ אנד גאסר ס.פ.א,IT,פסטה פרפלה,גרמים,500.00,100 גרם,false,1,8.90,1.78,true,1,
8008912010317,false,LIGUORI פסטה פוזילי 500 גרם מספר 31,מנז'\ אנד גאסר ס.פ.א,IT,פסטה פוזילי,גרמים,500.00,100 גרם,false,1,8.90,1.78,true,1,
8008912010331,false,פסטה ניוקטי סרדי בצורת קונכיות מס' 33,מנז'\ אנד גאסר ס.פ.א,IT,פסטה ניוקטי,גרמים,500.00,100 גרם,false,1,8.90,1.78,true,1,
8008912010423,false,"ליגורי פסטה פנה ריגטה מספר 42, 500 גר'",מנז'\ אנד גאסר ס.פ.א,IT,פסטה פנה ריגטה,גרמים,500.00,100 גרם,false,1,8.90,1.78,true,1,
8010445003308,false,שמן זית כתית מעולה 750 מ,CLEMENTE OLEARIA,IT,שמן זית קלמנטה,גרמים,750.00,100 גרם,false,0,34.90,4.65,true,1,
8014515330059,false,עגבניות שלמות מקולפות400,שופרסל-ייבוא,IT,עגבניות שלמות,גרמים,400.00,100 גרם,false,0,6.70,1.68,true,1,
8014515330738,false,קוביות עגבניות פומו400גר,שופרסל-ייבוא,IT,קוביות עגבניות,גרמים,400.00,100 גרם,false,0,6.70,1.68,true,1,
8014601026354,false,"קמח ""00"" איטלקי לפיצה שף אדום 1 ק""ג",אנטימו קפוטו אס.אר.אל,IT,קמח פיצה שף,קילוגרמים,1.00,"ק""ג",false,1,13.90,13.90,true,1,
8021228902442,false,רביולי ללא גלוטן במילוי ביונד מיט 250 גרם,אייוניקי ספוליאטה,GR,רביולי במילוי בי,גרמים,250.00,100 גרם,false,1,27.90,11.16,true,1,
8025920038980,false,תפוח עץ סמיט ארוז,VIP,IT,תפוח עץ סמיט,קילוגרמים,0.00,"ק""ג",true,1,10.90,10.90,true,1,
8032793342458,false,עגבניות מרוסקות דק ומסוננות בבקבוק 700 ג',קונסוריזיו קאסאלסקו דל פ,IT,עגבניות מרוסקות,גרמים,700.00,100 גרם,false,1,11.90,1.70,true,1,
8056040250068,false,טרה די סטה קיאנטי 750 מל,טרה די סטה,IT,טרה די סטה קיאנט,יחידה,1.00,יחידה,false,0,69.60,69.60,true,1,
8076800195033,false,ברילה - צ.א ספגטיני מס3 חדש 500 גרם,ברילה גי.אי.אר פרטלי ס.פ,IT,ספגטיני מס' 3,גרמים,500.00,100 גרם,false,0,7.90,1.58,true,1,
8076800195057,false,ברילה - צ.א ספגטי מס5 חדש 500 גרם,ברילה גי.אי.אר פרטלי ס.פ,IT,ספגטי מס 5 ברילה,גרמים,500.00,100 גרם,false,0,7.90,1.58,true,1,
8076800195132,false,ברילה - צ.א בבטה מס13 500 גרם,ברילה גי.אי.אר פרטלי ס.פ,IT,אטריות בבטה,גרמים,500.00,100 גרם,false,0,7.90,1.58,true,1,
8076800315097,false,פסטה מקרוני בוקטיני מספר 9 ברילה 500 גרם,ברילה גי.אי.אר פרטלי ס.פ,IT,ספגטי בוקטיני,גרמים,500.00,100 גרם,false,0,7.90,1.58,true,1,
8076802085936,false,פסטה ברילה קונצ'יגלי ריגטה 500 גרם,ברילה גי.אי.אר פרטלי ס.פ,IT,קונצ'יליה,גרמים,500.00,100 גרם,false,0,7.90,1.58,true,1,
8076802085981,false,ברילה - צ.ק פוזילי חדש 500 גרם,ברילה גי.אי.אר פרטלי ס.פ,IT,פוזילי ברילה,גרמים,500.00,100 גרם,false,0,7.90,1.58,true,1,
8076808050440,false,פסטה מקרוני מספר 44 ברילה 500 גרם,ברילה Barilla,IT,מקרוני ברילה,גרמים,500.00,100 גרם,false,0,7.90,1.58,true,1,
8076808060654,false,פסטה פרפלה מספר 65 ברילה 500 גרם,ברילה גי.אי.אר פרטלי ס.פ,IT,פסטה פרפלה ברילה,גרמים,500.00,100 גרם,false,0,7.90,1.58,true,1,
8076808150072,false,ברילה - צ.א ספגטוני מס7 חדש 500 גרם,ברילה גי.אי.אר פרטלי ס.פ,IT,ספגטי ברילה,גרמים,500.00,100 גרם,false,0,7.90,1.58,true,1,
8076809512268,false,פסטה גירנדולה טורסדס מספר 34 ברילה 500 גרם,ברילה גי.אי.אר פרטלי ס.פ,IT,פסטה גירנדולה,גרמים,500.00,100 גרם,false,0,7.90,1.58,true,1,
8076809513388,false,רוטב לפסטה ארביאטה ברילה 400 גרם,ברילה גי.אי.אר פרטלי ס.פ,IT,רוטב לפסטה,גרמים,400.00,100 גרם,false,0,16.90,4.23,true,1,
8076809513395,false,ברילה פומודורו רוטב עגבניות קלאסי 400 גר,ברילה גי.אי.אר פרטלי ס.פ,IT,רוטב עגבניות,גרמים,400.00,100 גרם,false,0,16.90,4.23,true,1,
8076809513692,false,רוטב עגבניות נפולטנה בתוספת ירקות,ברילה גי.אי.אר פרטלי ס.פ,IT,רוטב לפסטה,גרמים,400.00,100 גרם,false,0,16.90,4.23,true,1,
8076809513739,false,ברילה רוטב עגבניות עם בזיליקום 400 גרם,ברילה גי.אי.אר פרטלי ס.פ,IT,רוטב בזיליקום,גרמים,400.00,100 גרם,false,0,16.90,4.23,true,1,
8076809523561,false,רוטב עגבניות עם עשבי תיבול 400 ג' ברילה,ברילה גי.אי.אר פרטלי ס.פ,IT,רוטב עגבניות,גרמים,400.00,100 גרם,false,0,16.90,4.23,true,1,
8076809547956,false,ברילה - צ.ק קיפרי 500 גרם,ברילה ג'.אי.אר פרטלי,IT,ברילה קיפרי,גרמים,500.00,100 גרם,false,1,7.90,1.58,true,1,
8076809578998,false,ברילה - צ.ק. סטלינה 500 גרם,ברילה גי. אי. אר פרטלי ס,IT,ברילה צ.ק סטלינה,גרמים,500.00,100 גרם,false,1,7.90,1.58,true,1,
8121300207004,false,טרוביה - סטיביה ממתיק בצנצנת 270 גרם,קספרס פאקאגעהג,US,טרוביה בצנצנת,גרמים,270.00,100 גרם,false,1,34.90,12.93,true,1,
8410076600622,false,חטיפי גרנולה קראנצ'י עם שוקולד מריר נייצ'ר ואלי 210 גרם,ג'נרל מילס סאן אדריאן,ES,נייצר וואלי שוקו,גרמים,210.00,100 גרם,false,0,21.90,10.43,true,1,
8410076610379,false,"חטיף בוטנים, חלבון סויה ושוקולד מריר עם ציפוי בטעם שוקולד",סריילטו ספיין פודס,ES,נייטשר וואלי,גרמים,160.00,100 גרם,false,1,26.90,16.81,true,1,
8410076610386,false,נייטשר ואלי פרוטאין בוטנים עם ציפוי בטעם קרמל מלוח 160 ג',ג'\נרל מילס סאן אדריאן S,ES,נייטשר וואלי 4יח,גרמים,160.00,100 גרם,false,1,26.90,16.81,true,1,
8410076610508,false,"חטיף שיבולת שועל מלאה עם בוטנים, שקדים ושוקולד מריר בציפוי בטעם שוקולד",נייצ'ר ואלי Nature Valley,ES,חטיפי צ'ואי 5 יח,גרמים,150.00,100 גרם,false,1,21.90,14.60,true,1,
8410104039134,false,"מנקה ומחדש מדיח כלים פיניש 250 מ""ל",הדקלאים אגודת שיתופי,PL,פיניש ניקוי מדיח,מיליליטרים,250.00,"100 מ""ל",false,0,17.90,7.16,true,1,
8410104044916,false,פיניש אבקה למדיח 2.7 לימון,רקיט בנקיזר,PL,פיניש אבקה למדיח,קילוגרמים,2.70,"ק""ג",false,0,53.40,19.78,true,1,
8410104045111,false,"פיניש מלח למדיח כלים 2ק""ג",רקיט בנקיזר,IL,מלח למדיח,קילוגרמים,2.00,"ק""ג",false,0,16.90,8.45,true,1,
8410128768324,false,ויוה סוי משקה שקדים קרטונית ליטר,קלידאד פסקואל,ES,משקה שקדים,ליטרים,1.00,ליטר,false,1,12.90,12.90,true,1,
8410128785734,false,משקה סויה ויוה סוי בריסטה 1 ליטר.,קלידאד פסקואל,ES,ויוה סוי סויה,ליטרים,1.00,ליטר,false,1,11.90,11.90,true,1,
8410179000411,false,שמן צמחי E+Dויטמין 1ל,PONTU BORGES ACEITES,ES,שמן צמחי מועשר,ליטרים,1.00,ליטר,false,1,15.90,15.90,true,1,
8410179010809,false,שמן קנולה בורחס 1 ליטר,בורחס,ES,שמן קנולה,ליטרים,1.00,ליטר,false,1,13.90,13.90,true,1,
8410179014814,false,שמן צמחיE+ויטמין 1ליטר,PONTU BORGES ACEITES,ES,שמן צמחי מועשר,ליטרים,1.00,ליטר,false,1,15.90,15.90,true,1,
8410179014821,false,שמן קנולה + E ויטמין 1ל,PONTU BORGES ACEITES,ES,שמן קנולה,ליטרים,1.00,ליטר,false,1,15.90,15.90,true,1,
8410179018027,false,שמן קנולה מועשר 1 ליטר,FOO BRANDED BORGES,ES,שמן קנולה מועשר,ליטרים,1.00,ליטר,false,1,15.90,15.90,true,1,
8410179100043,false,שמן זית בורחס מעולה750מל,בורחס אגריקולטורל וא,ES,שמן זית כתית,מיליליטרים,750.00,"100 מ""ל",false,0,34.90,4.65,true,1,
8410179100845,false,שמן זית מזיתי פיקואל750מ,,ES,שמן זית פיקואל,מיליליטרים,750.00,"100 מ""ל",false,0,34.90,4.65,true,1,
8410179100944,false,"שמן זית אוחיבלנקה 750מ""ל",בורחס,ES,שמן זית,מיליליטרים,750.00,"100 מ""ל",false,0,34.90,4.65,true,1,
8410179203027,false,שמן זרעי ענבים מזוכך750מ,,ES,שמן זרעי ענבים,מיליליטרים,750.00,"100 מ""ל",false,1,26.90,3.59,true,1,
8410376009392,false,ביסקויט מחיטה מלאה ללא תוספת סוכר גולון 170 גרם,גאלטס גלון סא,ES,"ביסקוויט ללת""ס",גרמים,170.00,100 גרם,false,1,10.90,6.41,true,1,
8410644140109,false,"קאווה דליסיה יבשה 750מ""ל",S.L MASACHS JOSEP,ES,קאווה דליסיה,מיליליטרים,750.00,"100 מ""ל",false,1,24.90,3.32,true,1,
8410644140161,false,"קאווה דליסיה רוזה 750מ""ל",S.L MASACHS JOSEP,ES,קאווה רוזה,מיליליטרים,750.00,"100 מ""ל",false,1,24.90,3.32,true,1,
8410644140178,false,קאווה דליסיה חצי יבש750מ,S.L MASACHS JOSEP,ES,קאווה חצי יבש,מיליליטרים,750.00,"100 מ""ל",false,1,24.90,3.32,true,1,
8410650159263,false,אולטימה לחתולים עוף/אורז,,ES,מזון לחתולים,קילוגרמים,3.00,"ק""ג",false,1,114.90,38.30,true,1,
8410655000423,false,"מארז בירה סאן מיגל 4*330 מ""ל",סרבסס סאן מיגל אס.אל.יו,ES,בירה סאן מיגל4יח,ליטרים,1.32,ליטר,false,0,21.90,16.59,true,1,
8412168008903,false,מחייה 13 משקה כוהלי בטעם אשכולית אדומה,דיסטיליארס לה הורטנה,ES,מחייה13 אשכוליות,מיליליטרים,700.00,"100 מ""ל",false,1,69.90,9.99,true,1,
8420822130600,false,"ספריי סופר מסיר שומנים 750מ""ל יעקבי",קה לורדה,ES,מתאים למשטחי אכי,מיליליטרים,750.00,"100 מ""ל",false,1,16.90,2.25,true,1,
8423207206488,false,סלים דליס חטיף דגנים מצופה שוקולד חלב מרבה 6*20 גרם,אף.סי תבליני בגליל ב,ES,חטיפי דגנים מרבה,גרמים,120.00,100 גרם,false,0,12.90,10.75,true,1,
8423207207362,false,חטיפי סלים דליס שוקולד לבן מרבה 6 יחידות,ביסנצ'ורי אס.אל.יו,ES,סלים דליס,גרמים,120.00,100 גרם,false,0,12.90,10.75,true,1,
8423207208260,false,מרבה סלים דליס 125 ג' ללא גלוטן שוקולד חלב,ביסנצ'ורי אס.אל.יו,ES,חטיף דגנים,גרמים,78.00,100 גרם,false,1,11.90,15.26,true,1,
8423207208680,false,חטיף דגנים שוקולד סלים דליס לילדים מרבה 6 יחידות,ביסנצ'ורי אס.אל.יו,ES,סלים דליס 6 יח,גרמים,120.00,100 גרם,false,1,12.90,10.75,true,1,
8423207208871,false,פריכיות תירס בטעם טבעי סלים דליס 130 גרם,ביסנצ'ורי אס.אל.יו,ES,פריכיות תירס,גרמים,130.00,100 גרם,false,1,10.90,8.38,true,1,
8423207208888,false,פריכיות תירס בטעם עגבניות ועשבי תיבול סלים דליס 123 ג',ביסנצ'ורי אס.אל.יו,ES,פריכיות תירס,גרמים,123.00,100 גרם,false,1,10.90,8.86,true,1,
8423207208895,false,פריכיות תירס בטעם זיתים ועירית סלים דליס 123 ג',ביסנצורי אס.אל.יו. ג,ES,פריכיות תירס,גרמים,123.00,100 גרם,false,1,10.90,8.86,true,1,
8423371000202,false,משפחתי בוטנים מלוחים,Unknown,ES,בוטנים מלוחים,גרמים,150.00,100 גרם,false,1,10.90,7.27,true,1,
8423371002749,false,סאליסול- בוטנים ושקדים מקורמלים 135 גרם,גלוברנדס,ES,בוטנים ושקדים,גרמים,135.00,100 גרם,false,1,10.90,8.07,true,1,
8423453905692,false,"בירה ווילדר לאגר 500 מ""ל פחית",פונט סאלם וולנסיה ספרד,ES,בירה ווילדר פחית,מיליליטרים,500.00,"100 מ""ל",false,1,7.90,1.58,true,1,
8425206000081,false,ריבת חלב מרדל 450 גרם,כלורוקס אוקלנד,ES,ריבת חלב,גרמים,450.00,100 גרם,false,0,21.90,4.87,true,1,
8425278300003,false,"ריוחה הרנזה 750 מ""ל",אלוי,ES,ריוחה הרנזה,מיליליטרים,750.00,"100 מ""ל",false,1,60.20,8.03,true,1,
8435495805168,false,"תינוקלין לכביסה לעור רגיש אולימפיק 1.25ק""ג",מולינו ניקולי s.p.a,PL,א.כביסה תינוקלין,גרמים,1250.00,100 גרם,false,1,23.90,1.91,true,1,
8435495807636,false,"תינוקלין ג'ל כביסה בייבי סנסטיב היפואלרגני, 2 ליטר",פרוקטר אנד גמבל,TR,תינוקלין ג'ל,ליטרים,2.00,ליטר,false,1,34.90,17.45,true,1,
8436037792847,false,קרם ידיים עם שמן זית 30מ,RNB,ES,קרם ידיים,מיליליטרים,30.00,"100 מ""ל",false,1,10.90,36.33,true,1,
8436037792960,false,"קרם רב""ש בפחית 70 מ""ל",RNB,ES,קרם רב שימושי,מיליליטרים,70.00,"100 מ""ל",false,1,14.90,21.29,true,1,
8594403707649,false,"בירה באדוויזר דארק לאגר 500 מ""ל פחית","מיוצר ע""\י מבשלת טוכרn\",CZ,באדוויזר דארק,מיליליטרים,500.00,"100 מ""ל",false,1,8.90,1.78,true,1,
8594403707977,false,"בירה באדוויזר לאגר פחית 500 מ""ל","מיוצר ע""\י מבשלת טוכרn\",CZ,באדוויזר לאגר,מיליליטרים,500.00,"100 מ""ל",false,1,8.90,1.78,true,1,
8606018615827,false,גלידת וניל עם שברי עוגיות אוראו 480 גרם,פרונרי סרביה,RS,פיינט אוראו,גרמים,300.00,100 גרם,false,1,21.90,7.30,true,1,
8606018615841,false,גלידה וניל עם ליבת שוקולד חלב מעולה 480 גרם,פרונרי סרביה,RS,פיינט מילקה וניל,גרמים,300.00,100 גרם,false,1,21.90,7.30,true,1,
8606018615865,false,פיינט מילקה קרמל ליבת שוקולד 480 גרם,פרונרי סרביה,RS,פיינט מילקה קרמל,גרמים,300.00,100 גרם,false,1,21.90,7.30,true,1,
8606109023593,false,"פרוויטה - מיץ תפוחי עץ ואגסים 750 מ""ל",פרובישקה,RS,"פרוויטה תפו""ע",מיליליטרים,750.00,"100 מ""ל",false,1,11.90,1.58,true,1,
8606109023623,false,"פרוויטה - מיץ תפוחי עץ ולימון ליים 750 מ""ל",פרובישקה,RS,"פרוויטה תפו""ע",מיליליטרים,750.00,"100 מ""ל",false,1,11.90,1.58,true,1,
8606109023647,false,"פרוויטה - מיץ סלק ותפוחי עץ 750 מ""ל",פרובישקה,RS,"פרוויטה תפו""ע",מיליליטרים,750.00,"100 מ""ל",false,1,11.90,1.58,true,1,
8606109023715,false,"פרוויטה - מיץ תפוחי עץ ואפרסקים 750 מ""ל",פרובישקה,RS,"פרוויטה תפו""ע",מיליליטרים,750.00,"100 מ""ל",false,1,11.90,1.58,true,1,
8606109023722,false,"פרוויטה - מיץ תפוחי עץ ומשמשים 750 מ""ל",,RS,"פרוויטה תפו""ע",מיליליטרים,750.00,"100 מ""ל",false,1,11.90,1.58,true,1,
8683130008355,false,מיונז עם שום הלמנס לחיץ 400 גרם,יוניליוור ישראל שיווק בע,TR,מיונז עם שום,גרמים,400.00,100 גרם,false,1,16.90,4.23,true,1,
8683323063024,false,יוגטה שטיחים בטעם תותי פרוטי 220 גרם,ליימן מותגים,TR,ממתק בטעם תותי,גרמים,220.00,100 גרם,false,1,7.90,3.59,true,1,
8690504081913,false,מקוויטיס טינס מצופה שוקולד חלב 150 גרם,"אולקר ביסקווי סנאי,",TR,ביסקוויט טינס,גרמים,150.00,100 גרם,false,1,10.90,7.27,true,1,
8690504153740,false,גודייבה שוקולד מריר במילוי קרם גנאש 86 גרם,ביסקוט ביסקווי סילבר,TR,שוקולד מריר קרם,גרמים,86.00,100 גרם,false,1,15.90,18.49,true,1,
8690504153849,false,גודייבה שוקולד חלב במילוי קרם בטעם פרלין אגוזים 83 גרם,"אולקר מקבוצת פלאדיס,",TR,שוקולד חלב,גרמים,83.00,100 גרם,false,1,15.90,19.16,true,1,
8690526039206,false,אי טי אי - מיני וופל במילוי קרם קקאו וחתיכות בוטנים 140 גרם,"GIDA ETI , טורקיה n\",TR,ופלים מיני קקאו,גרמים,140.00,100 גרם,false,1,14.20,10.14,true,1,
8690530161320,false,ממחטות נייר סלפאק פרמיום לושיין 10 יח,,TR,ממחטות פוקט,יחידה,1.00,יחידה,false,1,13.90,13.90,true,1,
8690637503856,false,ממרח הלמנס כ- 40% פחות שומן לעומת מיונז,אפפילד איסטנבול ייצור מז,TR,ממרח הלמנס לחיץ,גרמים,355.00,100 גרם,false,1,16.90,4.76,true,1,
8690637704277,false,"שמפו ומרכך לשיער רגיל 600 מ""ל דאב",יוניליוור טורקיה. אזור ת,TR,שמפו דאב,מיליליטרים,600.00,"100 מ""ל",false,0,19.90,3.32,true,1,
8690637704376,false,"שמפו לטיפוח יום יומי דאב 600 מ""ל",יוניליוור סנאיי וי טיקאר,TR,שמפו דאב,מיליליטרים,600.00,"100 מ""ל",false,0,19.90,3.32,true,1,
8690637704390,false,"מרכך שיער לטיפוח יום יומי דאב 600 מ""ל",יוניליוור טורקיה. אזור ת,TR,דאב מרכך שיער,מיליליטרים,600.00,"100 מ""ל",false,0,19.90,3.32,true,1,
8690637835643,false,"תה ירוק לימונית ולאויזה 30 גרם ""ליפטון""",יונילוור - תורכיה,TR,תה ירוק ליפטון,גרמים,30.00,100 גרם,false,1,17.30,57.67,true,1,
8690637865596,false,דאב תחליב רחצה לידיים 500 הזנה עמוקה,קוסטר אירוסול ולף סנ,TR,דאב סבון ידיים,מיליליטרים,500.00,"100 מ""ל",false,1,19.90,3.98,true,1,
8690766156367,false,גודייבה שוקולד חלב מעולה 90 גרם,"אולקר מקבוצת פלאדיס,",TR,שוקולד גודייבה,גרמים,90.00,100 גרם,false,1,15.90,17.67,true,1,
8690766156374,false,גודייבה שוקולד מריר מעולה 72% מוצקי קקאו 72גרם,"אולקר מקבוצת פלאדיס,",TR,שוקולד גודייבה,גרמים,90.00,100 גרם,false,1,15.90,17.67,true,1,
8690766156381,false,גודייבה שוקולד מריר 90% מוצקי קקאו 90 גרם,"אולקר מקבוצת פלאדיס,",TR,שוקולד גודייבה,גרמים,90.00,100 גרם,false,1,15.90,17.67,true,1,
8690766156404,false,שוקולד מריר גודייבה בטעם תפוז אדום 90 גר,גודייבה,TR,שוקולד גודייבה,גרמים,90.00,100 גרם,false,1,15.90,17.67,true,1,
8690770322598,false,שמרים יבשים פוליבה הנמל 125 גרם,בראבו Bravo,TR,שמרים יבשים,גרמים,125.00,100 גרם,false,0,5.30,4.24,true,1,
8690777206051,false,חציל קלוי על האש סרה ויליפוד 650 גרם,קוראהן פזלרמה וי דיס,TR,חציל קלוי,גרמים,650.00,100 גרם,false,0,14.50,2.23,true,1,
8690777221405,false,פלפל אדום קלוי סרה ויליפוד 650 גרם,קוראהן פזלרמה וי דיס,TR,פלפל אדום קלוי,גרמים,650.00,100 גרם,false,0,14.50,2.23,true,1,
8690784516440,false,דאק נוזל לניקוי מתקדם בניחוח לבנדה בודד 750מל,"אס.סי.ג'\ונסון מידרכט, ה",NL,דאק נוזל ג'ל,מיליליטרים,750.00,"100 מ""ל",false,1,12.70,1.69,true,1,
8690784516778,false,"דאק נוזל ג'ל לניקוי עם אקונומיקה מקציפה 750 מ""ל",אס.סי.גונסון,NL,ג'ל מקציף דאק,מיליליטרים,750.00,"100 מ""ל",false,1,12.90,1.72,true,1,
8690784616775,false,סבון מוצק לאסלה דאק אקווה בלו 4 ב-1 80 ג,טואלט דאק (ג'ונסון),RS,דאק סבון אסלה,גרמים,80.00,100 גרם,false,1,9.90,12.38,true,1,
8690946190006,false,פסטה פנה 500 גרם,,TR,פסטה פנה,גרמים,500.00,100 גרם,false,1,3.30,0.66,true,1,
8690946250014,false,פסטה ספגטי 500 גרם,מוטלו,TR,פסטה ספגטי,גרמים,500.00,100 גרם,false,1,3.30,0.66,true,1,
8690946250168,false,פסטה פוסילי 500 גרם,מוטלו,TR,פסטה פוסילי,גרמים,500.00,100 גרם,false,1,3.30,0.66,true,1,
8690946250182,false,פסטה קונכיות גדולות500גר,מוטלו,TR,פסטה קונכיות,גרמים,500.00,100 גרם,false,1,3.30,0.66,true,1,
8690946250205,false,פסטה לינגוויני 500 גרם,מוטלו,TR,פסטה לינגוויני,גרמים,500.00,100 גרם,false,1,3.30,0.66,true,1,
8691707190495,false,דגני בוקר אוזמו ספייס325,סולן צ'וקולטה,TR,דגני בוקר אוזמו,גרמים,325.00,100 גרם,false,1,10.00,3.08,true,1,
8693323085100,false,גומי יוגטה שטיחים חמוצים טעם פירות 100 ג,יוגטה yogueta,TR,ממתק חמוץ,גרמים,100.00,100 גרם,false,1,4.50,4.50,true,1,
8693495041461,false,קולגייט זוג מברשות שיניים סלים סופט פחם,הנסיך- מפעל לייצור ט,CN,זוג מברשות,יחידה,1.00,יחידה,false,0,31.90,31.90,true,1,
8693495052931,false,זוג מברשות שיניים אדוונסט 360 לניקוי כל חלל הפה,קולגייט פלמוליב,CN,מברשות קולגייט,יחידה,1.00,יחידה,false,1,31.90,31.90,true,1,
8693495054058,false,פלמוליב ס.נוזלי לומינוס מקדמיה 750 משאבה,קולגייט פלמוליב,TR,פלמוליב ג'ל רחצה,מיליליטרים,750.00,"100 מ""ל",false,1,21.90,2.92,true,1,
8697530910743,false,סיגריות פאל מאל כחול קצר מטאליק,Unknown,TR,פאלמאל כחול קצר,יחידה,1.00,יחידה,false,0,31.50,31.50,false,1,
8697530910750,false,סיגריות פאל מאל כחול ארוך האוס,Unknown,TR,פאלמאל כחול ארוך,יחידה,1.00,יחידה,false,0,31.50,31.50,false,1,
8697530911276,false,סיגריות קנט קצר חפיס,גלוברנדס,TR,קנט קצר,יחידה,1.00,יחידה,false,0,38.00,38.00,false,1,
8710428016348,false,אבקת משקה להשלמה תזונתית וניל 400 ג' פדיאשור,אבוט מעבדות רפואיות,NL,פדיאשור ונילה,גרמים,400.00,100 גרם,false,1,39.90,9.98,true,1,
8710428016355,false,פדיאשור השלמה תזונתית בטעם שוקולד 400 גר,אבוט מעבדות רפואיות,NL,פדיאשור שוקולד,גרמים,400.00,100 גרם,false,1,39.90,9.98,true,1,
8710428017024,false,פדיאשור השלמה תזונתית בטעם שוקולד 850 גר,פדיאשור Pediasure,NL,פדיאשור שוקולד,גרמים,850.00,100 גרם,false,1,72.90,8.58,true,1,
8710502064814,false,עוגיות מרבה שוקולד ציפס במרקם רך 175 גר,בנקטבקריי מרבה בי.וי,NL,עוגיות מרבה,גרמים,175.00,100 גרם,false,1,10.90,6.23,true,1,
8710502100864,false,עוגיות מרבה פטיסרי דאבל שוקולד 200 גרם,"י. מרבה ישראל בע""\מ",NL,עוגיות מרבה,גרמים,200.00,100 גרם,false,1,11.90,5.95,true,1,
8710502260032,false,עוגיות שוקולד ציפס מרבה 150 גרם,בנקטבקריי מרבה בי.וי,NL,עוגיות שוקולד,גרמים,150.00,100 גרם,false,0,7.90,5.27,true,1,
8710502279010,false,מרבה עוגיות שוקולד צ'יפס מצופות שוקולד 175 גרם,"י.מרבה ישראל בע""מ",NL,עוגיות מרבה,יחידה,1.00,יחידה,false,0,10.90,10.90,true,1,
8710502405204,false,עוגיות שוקולד צ'יפס עם קרם שוקולד מרבה 175 גרם,קריניציה ויטמינה אס,NL,עוגיות מרבה,גרמים,175.00,100 גרם,false,0,10.90,6.23,true,1,
8710502470028,false,עוגיות שוקולד צ'יפס ממולאות בקרם נוגט,"מרבה בע""\מ",NL,עוגיות שוקוצ'יפס,גרמים,160.00,100 גרם,false,0,10.90,6.81,true,1,
8710502470035,false,מרבה פטיסרי עוגיות נוגטלי אגוזים 200 גרם,"י. מרבה ישראל בע""\מ",NL,עוגיות מרבה,גרמים,200.00,100 גרם,false,1,11.90,5.95,true,1,
8711000360606,false,לור קפסולות קפה אספרסו רוז 7,ג'\ייקובס דאו אגרבטס צרפ,FR,קפסולות לור,גרמים,52.00,100 גרם,false,1,19.90,38.27,true,1,
8711000362556,false,לור קפסולות קפה אספרסו סונטוזו 8,גיקובס דאו אגברטס צרפת,FR,קפסולות לור,גרמים,52.00,100 גרם,false,1,19.90,38.27,true,1,
8711000362570,false,קפסולות קפה תואמות נספרסו פורזה 9 ל'אור 10 יחידות,מאיר בייגל,FR,קפסולות לור,גרמים,52.00,100 גרם,false,1,19.90,38.27,true,1,
8711000362617,false,לור קפסולות קפה אספרסו לונגו פרופונדו 8,ג'\קובס דאו אגברטס צרפת,FR,קפסולות לור,גרמים,52.00,100 גרם,false,1,19.90,38.27,true,1,
8711000362655,false,לור קפסולות קפה אספרסו אבסולו 9,"ג'\ייקובס דאו אגרבטס, צר",FR,קפסולות לור,גרמים,52.00,100 גרם,false,1,19.90,38.27,true,1,
8711000362747,false,קפסולות קפה תואמות נספרסו ריסטרטו 11 ל'אור 10 יחידות,גיקובס דאו אגברטס צרפת,FR,קפסולות לור,גרמים,52.00,100 גרם,false,1,19.90,38.27,true,1,
8711000371206,false,ג'ייקובס קפסולות קפה אספרסו ריסטרטו עוצמה 12,ג'ייקובס דאו אגברטס צרפת,FR,קפסולות ג'קובס,גרמים,52.00,100 גרם,false,1,17.90,34.42,true,1,
8711000371244,false,"ג'ייקובס קפסולות אספרסו (8) 10 יח', 52ג' לונגו",ג'\ייקובס דאו אגברטס,FR,קפסולות ג'קובס,גרמים,52.00,100 גרם,false,1,17.90,34.42,true,1,
8711000471296,false,קפסולות קפה תואמות נספרסו אולטימו 13 ל'אור 10 יחידות,ג'\ייקובס דאו אגרבטס צרפ,FR,קפסולות לור,גרמים,52.00,100 גרם,false,1,19.90,38.27,true,1,
8712000051099,false,"שישיית בירה היינקן 0% אלכוהל בקבוק 330 מ""ל","מבשלת היינקן, ריטבלדנברג",NL,6 בירה הייניק0%,ליטרים,1.98,ליטר,false,1,32.90,16.61,true,1,
8712400802499,false,תרכובת מזון המשך לפעוטות על בסיס חלב שלב 1,נוטרישיה קאלק ב. ו.,NL,נוטרילון שלה1-,גרמים,800.00,100 גרם,false,0,69.90,8.74,true,1,
8712400802512,false,תרכובת מזון המשך לפעוטות על בסיס חלב שלב 2,נוטרישיה קאלק ב. ו.,NL,נוטרילון שלב2-,גרמים,800.00,100 גרם,false,0,69.90,8.74,true,1,
8712400802536,false,תרכובת מזון המשך לפעוטות על בסיס חלב שלב 3,נוטרישיה קאלק ב. ו.,NL,נוטרילון שלב3-,גרמים,800.00,100 גרם,false,0,69.90,8.74,true,1,
8712561594240,false,דאב תחליב רחצה להזנה עמוקה 500 מל חדש,"יוניליוור גרמניה, Gmbh &",DE,תחליב רחצה דאב,מיליליטרים,500.00,"100 מ""ל",false,1,16.90,3.38,true,1,
8714599104316,false,ג'ייקובס קפה שחור קלוי וטחון טורקי 200 גרם,אל.אל.סי ג'\ייקובס דאו א,RU,קפה שחור ג'קובס,גרמים,200.00,100 גרם,false,1,16.90,8.45,true,1,
8714599410806,false,ג'ייקובס קרוננג מיובש בהקפאה 160 גרם סגירה חוזרת,ג'ייקובס Jacobs,RU,קפה ג'קובס שקית,גרמים,160.00,100 גרם,false,1,15.90,9.94,true,1,
8714599412220,false,ג'ייקובס וולווט קפה נמס מיובש בהקפאה 95 גרם,אל.אל.סי ג'\ייקובס דאו א,RU,קפה ג'קובס,גרמים,95.00,100 גרם,false,1,17.50,18.42,true,1,
8714599412336,false,קפה נמס בריסטה אמריקנו קלוי וטחון 160 ג' ג'ייקובס,ג'\ייקובס דאו אגברטס רוס,RU,קפה ג'קובס,גרמים,160.00,100 גרם,false,1,29.50,18.44,true,1,
8714599512159,false,קפה נמס ג'קובס מונארך190,"אל.אל.סי ""גייקובס דא",RU,קפה נמס ג'קובס,גרמים,190.00,100 גרם,false,1,26.90,14.16,true,1,
8714599513835,false,גי'קובס קרונונג נייט אנד דיי - נטול קופיאין,ג'ייקובס Jacobs,DE,קפה ג'קובס נטול,גרמים,200.00,100 גרם,false,1,39.90,19.95,true,1,
8714789177229,false,רבעיית מברשות שיניים קולגייט אקסטרה קלין 1 יחידה,הנסיך- מפעל לייצור ט,CN,4 מברשות שיניים,יחידה,1.00,יחידה,false,0,11.90,11.90,true,1,
8714789303925,false,מברשת שיניים 360 סנסטיב רכה במיוחד קולגייט 2 יחידות,קולגייט- פלמוליב,CH,2 מברשות שיניים,יחידה,1.00,יחידה,false,0,26.90,26.90,true,1,
8714789402918,false,נוזל לניקוי כללי ורצפות בניחוח פרחי בר אג'קס 1.5 ליטר,הנסיך- מפעל לייצור ט,GR,אג'קס לניקוי,ליטרים,1.50,ליטר,false,0,18.90,12.60,true,1,
8714789402932,false,נוזל לניקוי כללי ורצפות בניחוח ורדי בוקר אג'קס 1.5 ליטר,הנסיך- מפעל לייצור ט,GR,אג'קס לניקוי,ליטרים,1.50,ליטר,false,0,18.90,12.60,true,1,
8714789402970,false,נוזל לניקוי כללי ורצפות בניחוח פרחי אביב אגק'ס 1.5 ליטר,הנסיך- מפעל לייצור ט,GR,אג'קס לניקוי,ליטרים,1.50,ליטר,false,0,18.90,12.60,true,1,
8714789582764,false,אג'קס ספריי לניקוי חלונות ומשטחים,קולגייט-פלמוליב,GR,מרסס לחלונות,מיליליטרים,750.00,"100 מ""ל",false,0,17.60,2.35,true,1,
8714800004114,false,"בירה 8.6 אורגינל 500 מ""ל פחית",בווריה,NL,בירה 8.6% חזקה,מיליליטרים,500.00,"100 מ""ל",false,0,8.90,1.78,true,1,
8715700110141,false,מיונז קרמי היינץ צנצנת 460ג',ה.י.היינץ הולדינג בי.וי,NL,ממרח היינץ,גרמים,460.00,100 גרם,false,1,12.90,2.80,true,1,
8715700110158,false,היינץ ממרח במרקם קרמי צנצנת 490 גרם,ה.י.היינץ הולדינג בי.וי,NL,ממרח במרקם קרמי,גרמים,490.00,100 גרם,false,1,12.90,2.63,true,1,
8715700115641,false,ממרח מיונז לחיץ לייט במרקם קרמי 420 ג' היינץ,"פודליצקי ספ.ז.או.או,.",PL,ממרח במרקם קרמי,גרמים,420.00,100 גרם,false,1,15.90,3.79,true,1,
8715700117805,false,"קטשופ היינץ מתבל עגבניות ללא תוספת סוכר ומלח 425 מ""ל","ה.י היינץ הולדינג בי.וי,",NL,מתבל עגבניות,גרמים,425.00,100 גרם,false,1,11.90,2.80,true,1,
8715700419732,false,מתבל עגבניות היינץ 700 גרם,ה.י. היינץ,NL,מתבל עגבניות,גרמים,700.00,100 גרם,false,0,13.90,1.99,true,1,
8715700422473,false,ממרח לכריכים וסלטים ללא ח. משמרים היינץ 395 גרם,ה.י. היינץ,NL,ממרח היינץ,גרמים,395.00,100 גרם,false,1,15.90,4.03,true,1,
8715700423906,false,היינץ מתבל עגבניות מופחת סוכר ומלח 50/50 550 גרם,היינץ צפון אמריקה מק,NL,מתבל עגבניות,גרמים,555.00,100 גרם,false,1,11.90,2.14,true,1,
8717163655764,false,"רקסונה - דאודורנט ספריי לאישה שוואר פרש 150 מ""ל","קוסטר אירוסול, גבזה 4140",GB,דאודורנט רקסונה,מיליליטרים,150.00,"100 מ""ל",false,1,15.90,10.60,true,1,
8717163714850,false,דאודורנט ספריי בניחוח קוקוס ויסמין,"קוסטר אירוסול, גבזה 4140",GB,דאודורנט דאב,מיליליטרים,150.00,"100 מ""ל",false,1,14.90,9.93,true,1,
8717496042835,false,דומדמניות אדומות,DRISCOLLS,NL,דומדמניות,גרמים,125.00,100 גרם,false,1,23.90,19.12,true,1,
8717677336593,false,שוקולד חלב טוניס' שוקולונלי 180 גרם,טוניס/שוקולונלי,NL,שוקולד חלב מעולה,גרמים,180.00,100 גרם,false,1,19.90,11.06,true,1,
8717677336616,false,שוקולד מריר עם שקדים ומלח טוניס' שוקולונלי 180 גרם,טוניס/שוקולונלי,NL,שוקולד מריר,גרמים,180.00,100 גרם,false,1,19.90,11.06,true,1,
8717677336630,false,שוקולד חלב עם שקדים ודבש טוניס' שוקולונלי 180 גרם,טוניס/שוקולונלי,NL,שוקולד חלב מעולה,גרמים,180.00,100 גרם,false,1,19.90,11.06,true,1,
8717677336661,false,שוקולד מריר 70% טוניס' שוקולונלי 180 גרם,טוניס/שוקולונלי,NL,שוקולד מריר,גרמים,180.00,100 גרם,false,1,19.90,11.06,true,1,
8717677338436,false,שוקולד חלב עם אגוזי לוז טוניס' שוקולונלי 180 גרם,טוניס/שוקולונלי,NL,שוקולד חלב מעולה,גרמים,180.00,100 גרם,false,1,19.90,11.06,true,1,
8718114734484,false,מיונז מאילי 320 גר צ,יונילבר צרפת,FR,מיונז מאיי,גרמים,320.00,100 גרם,false,0,12.90,4.03,true,1,
8718117607662,false,נוטרילון A.R תרכובת מזון מגיל לידה,נוטרישה-נוטרילון,NL,נוטרילון AR,גרמים,900.00,100 גרם,false,1,96.90,10.77,true,1,
8718951030206,false,"קולגייט סנסיטיב פרוטקשן משחת שיניים לשיניים רגישות 75 מ""ל",קולגייט-פלמוליב,PL,משחת קולגייט,מיליליטרים,75.00,"100 מ""ל",false,1,19.90,26.53,true,1,
8718951166288,false,"משחת שיניים קולגייט מקס וייט 125 מ""ל",הנסיך- מפעל לייצור ט,PL,משחת קולגייט מקס,מיליליטרים,125.00,"100 מ""ל",false,1,18.90,15.12,true,1,
8718951166561,false,משחת שיניים לרעננות מוגברת max fresh cooling crystals,הנסיך- מפעל לייצור ט,PL,משחת קולגייט מקס,מיליליטרים,125.00,"100 מ""ל",false,1,18.90,15.12,true,1,
8718951236790,false,"קולגייט טוטאל משחת שיניים קלין מינט לפה בריא 100 מ""ל",קולגייט פלמוליב,PL,קולגייט טוטל,מיליליטרים,100.00,"100 מ""ל",false,1,18.90,18.90,true,1,
8718951236806,false,"קולגייט טוטאל הלבנה משחת שיניים המסייעת בהסרת כתמים 100 מ""ל",קולגייט Colgate,PL,קולגייט טוטל,מיליליטרים,100.00,"100 מ""ל",false,1,18.90,18.90,true,1,
8718951264618,false,"קולגייט אופטיק וייט פחם צ'רקול משחת שיניים, 75 מ""ל",קולגייט-פלמוליב,PL,משחת קולגייט,מיליליטרים,75.00,"100 מ""ל",false,1,26.90,35.87,true,1,
8718951315303,false,"קולגייט אדומה משחת שיניים להגנה מפני עששת 2*100 מ""ל",קולגייט-פלמוליב,PL,משחת קולגייט 2יח,מיליליטרים,200.00,"100 מ""ל",false,1,19.90,9.95,true,1,
8718951400474,false,"תחליב רחצה קמליה ושקדים ללא משאבה750 מ""ל פלמולי",קולגייט פלמוליב,TR,תחליב רחצה שקדים,מיליליטרים,750.00,"100 מ""ל",false,1,21.90,2.92,true,1,
8718951452527,false,סב.נוזלי לידיים סחלב700מ,קולגייט פלמוליב,IT,סבון לידיים,מיליליטרים,700.00,"100 מ""ל",false,1,21.90,3.13,true,1,
8718951452541,false,סב.נוזלי לידיים לבנדר700,קולגייט פלמוליב,IT,סבון לידיים,מיליליטרים,700.00,"100 מ""ל",false,1,21.90,3.13,true,1,
8718951452756,false,סבון גוף עדין קוקוס500מ,קולגייט פלמוליב,TR,סבון גוף פלמוליב,מיליליטרים,500.00,"100 מ""ל",false,1,17.90,3.58,true,1,
8718951454798,false,סב.ידיים פלמוליב סחלב300,קולגייט פלמוליב,IT,סבון לידיים,מיליליטרים,300.00,"100 מ""ל",false,1,9.90,3.30,true,1,
8718951454835,false,סב.נוזלי לידיים לבנדר300,קולגייט פלמוליב,IT,סבון לידיים,מיליליטרים,300.00,"100 מ""ל",false,1,9.90,3.30,true,1,
8718951466371,false,"משחת שיניים מרידול 75 מ""ל",קולגייט פלמוליב,PL,מרידול משחה,מיליליטרים,75.00,"100 מ""ל",false,1,14.90,19.87,true,1,
8718951477384,false,"קולגייט משחת שיניים טוטאל ג'ל מתקדם פיור 75 מ""ל",קולגייט פלמוליב,PL,משחת טוטאל ג'ל,מיליליטרים,75.00,"100 מ""ל",false,1,21.90,29.20,true,1,
8718951509627,false,"קולגייט אופטיק וייט לאוהבי קפה ותה משחת שיניים 75 מ""ל",קולגייט פלמוליב,PL,קולגייט משחה,מיליליטרים,75.00,"100 מ""ל",false,1,26.90,35.87,true,1,
8719200998001,false,מרגרינה לאפיה ובישול בלי מלח 200 ג' בלו בנד,יוניליוור ישראל מזון בע\,IL,מרגרינה בלובנד,גרמים,200.00,100 גרם,false,1,4.70,2.35,true,1,
8719200998018,false,מחמאה מרגרינה בטעם חמאה בלובנד 200 גרם,"מיוצר ע""\י יוניליוור ישר",IL,מחמאה מרגרינה,גרמים,200.00,100 גרם,false,1,5.00,2.50,true,1,
8719200998032,false,מרגרינה בטעם חמאה מזולה 250 גרם,"מיוצר ע""\י יוניליוור ישר",IL,מזולה טעם חמאה,גרמים,250.00,100 גרם,false,1,10.90,4.36,true,1,
8719200998094,false,"מרגרינה מזולה לאפיה ללא תוספת מלח 200גר - 40 יח' -כשל""פ","מיוצר ע""\י יוניליוור ישר",IL,מזולה לאפייה,גרמים,200.00,100 גרם,false,1,6.50,3.25,true,1,
8720181046605,false,דאב - דאודורנט ספריי לאישה אורגינל כחול 150מל,"יוניליוור אנגליה, דרך קו",TR,דאודורנט דאב,מיליליטרים,150.00,"100 מ""ל",false,1,14.90,9.93,true,1,
8720181046612,false,"דאב - דאודורנט רול און לאישה אורגינל 50 מ""ל","יוניליוור אנגליה, דרך קו",GB,דאב רול און,מיליליטרים,50.00,"100 מ""ל",false,1,19.90,39.80,true,1,
8720182253194,false,סבון מוצק דאב מלפפונים ותה ירוק שישיית,יוניליוור גרמניה (בו,DE,סבון מוצק 6יח,גרמים,540.00,100 גרם,false,1,19.90,3.69,true,1,
8801055707966,false,קפה טייסטר צו'יס נס קפה בריסטה 180ג',נסטלה קוריאה - קפה,KR,טסטרס צ'וייס,גרמים,180.00,100 גרם,false,1,32.90,18.28,true,1,
8801055709434,false,קפה נמס טסטר'ס צ'ויס קולומביה 100 גרם,נסטלה קוריאה - קפה,KR,קפה טסטרס צ'ויס,גרמים,100.00,100 גרם,false,1,25.90,25.90,true,1,
8801055709465,false,אבקה להכנת משקה קפה בטעם קפוצ'ינו וניל,נסטלה קוריאה - קפה,KR,קפוצ'ינו וניל,גרמים,185.00,100 גרם,false,1,21.10,11.41,true,1,
8801055709472,false,נסטלה - נסקפה קפוצ'ינו קלאסי 12.50 גרם * 10,נסטלה קוריאה - קפה,KR,נס קפה קפוצ'ינו,גרמים,125.00,100 גרם,false,1,21.10,16.88,true,1,
8801055709489,false,אבקה להכנת משקה קפה בטעם קפוצ'ינו אגוזים,נסטלה קוריאה - קפה,IL,נס קפה קפוצ'ינו,גרמים,180.00,100 גרם,false,1,21.10,11.72,true,1,
8809168840471,false,חטיף אצות מיובשות 9*4.5 גרם,ג'י וואן גלובול נאט,KR,חטיף אצית,גרמים,40.00,100 גרם,false,1,24.90,62.25,true,1,
8850035104073,false,תירס גמדי שלם מי מלח425,דהפיס קנינג 1958,TH,תירס גמדי,גרמים,425.00,100 גרם,false,1,8.90,2.09,true,1,
8850035104080,false,תירס גמדי חתוך מי מלח425,דהפיס קנינג 1958,TH,תירס גמדי,גרמים,425.00,100 גרם,false,1,8.90,2.09,true,1,
8850180040028,false,קמח טמפורה להכנת בלי,קרנחם אוטאי פחרה,TH,טמפורה,גרמים,500.00,100 גרם,false,0,11.90,2.38,true,1,
8850206250592,false,רוטב צ'ילי סריראצ'ה 540 גרם,יאן וואל יון קו.לטד,TH,רוטב צ'ילי סיראצ,גרמים,530.00,100 גרם,false,1,19.90,3.75,true,1,
8850367992164,false,קרם קוקוס 250 מל 20-22% ללא חומר משמר,טאפאדונגפורן קוקנט,TH,קרם קוקוס,מיליליטרים,250.00,"100 מ""ל",false,0,8.80,3.52,true,1,
8850389103128,false,"משקה קל סאפה בטעם תפוח 300 מ""ל",סאפה פובליק קומפני ל,TH,משקה סאפה תפוח,מיליליטרים,300.00,"100 מ""ל",false,0,7.90,2.63,true,1,
8850389103159,false,"משקה ליצ'י עם חתיכות גלי קוקוס 320 מ""ל מוגו מוגו",סאפה פובליק קומפני לימיט,TH,מוגו ליצ'י קוקוס,מיליליטרים,320.00,"100 מ""ל",false,1,7.90,2.47,true,1,
8850389104637,false,"משקה קל סאפה אלוורה אפרסק 300 מ""ל",סאפה פובליק קומפני ל,TH,סאפה אפרסק,מיליליטרים,300.00,"100 מ""ל",false,0,7.90,2.63,true,1,
8850389105825,false,משקה אלוורה בטעם ענבים סאפה 1 ליטר,סאפה פובליק קומפני לימיט,TH,סאפה ענבים,ליטרים,1.00,ליטר,false,0,14.90,14.90,true,1,
8850389105832,false,סאפה משקה אלוורה בטעם תפוח עם קוביות אלוורה 1 ליטר,סאפה פובליק קומפני לימיט,TH,סאפה תפוחים,ליטרים,1.00,ליטר,false,0,14.90,14.90,true,1,
8850389105849,false,סאפה משקה אלוורה מופחת קלוריות בטעם אפרסק 1 ליטר,סאפה פובליק קומפני לימיט,TH,סאפה אפרסק,ליטרים,1.00,ליטר,false,0,14.90,14.90,true,1,
8850389111352,false,"משקה מלון עם חתיכות גלי קוקוס 320 מ""ל מוגו מוגו",סאפה פובליק קומפני לימיט,TH,מוגו מלון קוקוס,מיליליטרים,320.00,"100 מ""ל",false,1,7.90,2.47,true,1,
8850389115336,false,משקה אלוורה בטעם מלון סאפה 1 ליטר,סאפה פובליק קומפני לימיט,TH,משקה אלוורה,ליטרים,1.00,ליטר,false,1,14.90,14.90,true,1,
8850632604259,false,"יוגטה, חיספוסים, ממתק חמוץ בצורת מקלות בטעם תות שדה,50 גרם",ג'נרל קנדי בעמ,TH,יוגטה ממתק חמוץ,גרמים,50.00,100 גרם,false,0,5.30,10.60,true,1,
8850632604372,false,"יוגטה, חיספוסים בצורת שטיח בטעם תות שדה 50 גרם",ג'נרל קנדי בעמ,TH,יוגטה ממתק חמוץ,גרמים,50.00,100 גרם,false,0,5.30,10.60,true,1,
8850632604402,false,יוגטה חיספוסים בטעם מעורב תות שדה אבטיח ענבים בננה 50 גרם,"ג'נרל קנדי בע""מ",TH,יוגטה ממתק חמוץ,גרמים,50.00,100 גרם,false,0,5.30,10.60,true,1,
8854761020010,false,"צ'אבה משקה תפו""ע 1 ליטר",,TH,"משקה תפו""ע",ליטרים,1.00,ליטר,false,1,15.10,15.10,true,1,
8854761120116,false,צ'אבה משקה אננס 1 ליטר,,TH,משקה אננס,ליטרים,1.00,ליטר,false,1,15.10,15.10,true,1,
8854761370115,false,צ'אבה משקה מנדרין תפוז1ל,,TH,משקה מנדרין תפוז,ליטרים,1.00,ליטר,false,1,15.10,15.10,true,1,
8858271002870,false,רוטב פאד תאי 250 מ'ל - מקסצ'אפ,"ייאן וואל יון בע""מ",TH,רוטב פאד תאי,מיליליטרים,250.00,"100 מ""ל",false,0,13.90,5.56,true,1,
8858271002887,false,רוטב טריאקי 250 מ'ל - מקסצ'אפ,דאנינג יוה פודס קו,TH,רוטב טריאקי,מיליליטרים,250.00,"100 מ""ל",false,1,11.90,4.76,true,1,
8858271003938,false,רוטב קארי ירוק 250 מ'ל - מקסצ'אפ,"ייאן וואל יון בע""מ",TH,רוטב קארי ירוק,גרמים,250.00,100 גרם,false,0,13.90,5.56,true,1,
8858271004034,false,רוטב צ'ילי חריף 700 מ'ל מקסצ'אפ,דאנינג יוה פודס קו,TH,רוטב צ'ילי חריף,מיליליטרים,700.00,"100 מ""ל",false,0,16.90,2.41,true,1,
8858271004300,false,רוטב טריאקי 700 מ'ל מקסצ'אפ,דאנינג יוה פודס קו,TH,רוטב טריאקי,מיליליטרים,700.00,"100 מ""ל",false,0,21.90,3.13,true,1,
8858271004799,false,"רוטב צילי מתוק אל פורפסיס 700 מ""ל",יאן ונזל יון,TH,רוטב צ'לי מתוק,מיליליטרים,700.00,"100 מ""ל",false,0,13.90,1.99,true,1,
8886303210504,false,"קרם קוקוס 24% 500 מ""ל ""קארה""",ג'ומון,ID,קרם קוקוס,מיליליטרים,500.00,"100 מ""ל",false,1,15.90,3.18,true,1,
8888021200256,false,סוללות אנרג'ייזר AA מקס 8 יחידות,יצרן: אנרג'ייזר סינג,SG,שמינית סוללות,יחידה,1.00,יחידה,false,0,29.90,29.90,true,1,
8888021200720,false,סוללות אנרג'ייזר AAA מקס 8 יחידות,יצרן: אנרג'ייזר סינג,SG,8 סוללות AAA,יחידה,1.00,יחידה,false,0,29.90,29.90,true,1,
8901537076679,false,"אורז בסמטי חום מהדרין ויליפוד 1 ק""ג",האי נאם סי או אל.טי.,IN,אורז בסמטי חום,קילוגרמים,1.00,"ק""ג",false,1,16.90,16.90,true,1,
8934878081811,false,"דפי אורז 22 ס""מ 400 גר'(Trav) ללא גלוטן",דאנינג יוה פודס קו,VN,דפים אורז למילוי,גרמים,400.00,100 גרם,false,0,11.90,2.98,true,1,
9000101329322,false,ברף בניחוח מתחלף תפוח נופר 50 גר,הנקל סוד,RS,ברף בניחוח מתחלף,גרמים,50.00,100 גרם,false,1,10.90,21.80,true,1,
9000101380255,false,פרסיל דיסקס לכביסה ניקיון היגייני 22 יחידות,פרסיל Persil,HU,פרסילקפסולות,יחידה,1.00,יחידה,false,1,38.40,38.40,true,1,
9000101418163,false,"סבון אסלה בניחוח מתחלף תפוח ירוק נופר, 3 יחידות",ברף Bref,RS,ברף לאסלה 3 יח,גרמים,150.00,100 גרם,false,1,10.00,6.67,true,1,
9000101521436,false,סבון אסלה בניחוח מתחלף לוטוס במבוק 50 ג' ברף,הנקל סוד,RS,ברף בניחוח מתחלף,גרמים,50.00,100 גרם,false,1,10.90,21.80,true,1,
9000101537550,false,פרסיל קאפסולות לכביסה לבנה וצבעונית 52 יח',הנקל סוד,HU,פרסיל פאוור קאפס,יחידה,1.00,יחידה,false,1,49.90,49.90,true,1,
9002975393812,false,סוכריות גילי הריבו האפי צירי 70 גרם,"האריבו , ג'\י.אם.בי.אייץ",AT,סוכריות הריבו,יחידה,1.00,יחידה,false,0,7.90,7.90,true,1,
9002975393829,false,סוכריות גילי הריבו פיציס 70 גרם,"האריבו , ג'\י.אם.בי.אייץ",AT,סוכריות הריבו,יחידה,1.00,יחידה,false,0,7.90,7.90,true,1,
9002975393836,false,סוכריות גילי הריבו האפי קולה 70 גרם,"האריבו , ג'\י.אם.בי.אייץ",AT,סוכריות הריבו,יחידה,1.00,יחידה,false,0,7.90,7.90,true,1,
9002975393843,false,סוכריות גילי הריבו גולדברס 70 גרם,"האריבו , ג'\י.אם.בי.אייץ",AT,סוכריות הריבו,יחידה,1.00,יחידה,false,0,7.90,7.90,true,1,
9008700111546,false,נקטר דובדבנים חמוצים 1ל',Rauch fruchtsafte gm,HU,נקטר דובדבנים,ליטרים,1.00,ליטר,false,0,13.90,13.90,true,1,
9008700128575,false,נקטר פסיפלורה 1 ל' RAUCH,ראוך Rauch,AT,נקטר פסיפלורה,ליטרים,1.00,ליטר,false,0,13.90,13.90,true,1,
9028800639962,false,"אדלוויס בירה לבנה בקבוק 500 מ""ל",מבשלת בראו יוניון,AT,בירה אדלויס חיטה,מיליליטרים,500.00,"100 מ""ל",false,1,11.90,2.38,true,1,
9044400849105,false,סוכריות פז בשקית 10+1 85 גר,פז פרודוקשיין,HU,סוכריות פז,גרמים,85.00,100 גרם,false,1,17.50,20.59,true,1,
9044400851672,false,סוכריות פז סוגים שונים + 3 מילויים,פז פרודקשיין יורו,HU,בובת פז ט.פירות,יחידה,1.00,יחידה,false,1,11.90,11.90,true,1,
9120025839896,false,חטיף מילקה מצונן 128 גרם,בובארד איטליה אס.פי.,IT,חטיף מילקה מצונן,גרמים,120.00,100 גרם,false,1,16.00,13.33,true,1,
9120097310545,false,חטיף מיני מיניונים מצונן 102.5 ג' CHOCO BITE,בובארד,IT,חטיף מצונן,גרמים,102.00,100 גרם,false,1,16.00,15.69,true,1,
9310072028743,false,טים טם ביסקוויט במילוי שוקולד 200 גרם,"ארנוטס ביסקוויטס בע""",AU,טים טם אורגינל,גרמים,200.00,100 גרם,false,1,21.70,10.85,true,1,
9310072028750,false,טים טם Tim Tam וופל שוקולד ציפוי כפול,"ארנוטס ביסקוויטס בע""",AU,טים טם דאבל,גרמים,200.00,100 גרם,false,1,21.70,10.85,true,1,
9312931720300,false,שיק אינטואישן נשים סכיני גילוח שלישייה,שסטוביץ,CN,סכיני גילוח שיק,יחידה,1.00,יחידה,false,1,39.90,39.90,true,1,
9322969000015,false,פריכיות תירס בטעם אורגינל ריל פודס 150 ג',אף.סי תבליני בגליל ב,AU,פריכיות תירס,גרמים,150.00,100 גרם,false,0,15.10,10.07,true,1,
