code,internal_code,name,manufacturer_name,manufacture_country,manufacturer_item_description,unit_qty,quantity,unit_of_measure,weighted,qty_in_package,price,unit_of_measure_price,allow_discount,status,item_id
152,false,תפוח אדמה סגול,,,תפוח אדמה סגול,Unknown,0.00,"ק""ג",true,0,3.00,3.00,true,1,
602,false,קפה טורקי 85גרם!,,,בצל יבש,Unknown,0.00,"ק""ג",true,0,4.90,4.90,true,1,
619,false,פלפל אדום,,,פלפל אדום,Unknown,0.00,"ק""ג",true,0,8.90,8.90,true,1,
678,false,נתח קצבים טרי,,,ברוקולי,Unknown,0.00,Unknown,false,1,14.90,14.90,true,1,
5942,false,"תפו""ע קריספי",,,"תפו""ע קריספי",Unknown,0.00,"ק""ג",true,0,19.90,19.90,true,1,
6031,false,נקניק פיקולו יבש שלם,,,נקניק פיקולו יבש שלם,Unknown,0.00,"ק""ג",true,0,129.00,129.00,true,1,
6086,false,אגסי יבש שלם,,,אגסי יבש שלם,Unknown,0.00,"ק""ג",true,0,149.00,149.00,true,1,
8073,false,הרץ יבש שלם,,,הרץ יבש שלם,Unknown,0.00,"ק""ג",true,0,129.00,129.00,true,1,
8080,false,רוסקי שלם מזרע,,,רוסקי שלם מזרע,Unknown,0.00,"ק""ג",true,0,140.00,140.00,true,1,
8134,false,סלמי זרניסטיה שלם,,,סלמי זרניסטיה שלם,Unknown,0.00,"ק""ג",true,0,116.00,116.00,true,1,
9728,false,נקניק ספרטק שלם מזרע,,,נקניק ספרטק שלם מזרע,Unknown,0.00,"ק""ג",true,0,129.00,129.00,true,1,
9759,false,נקניק כפרית שלם,,,נקניק כפרית שלם,Unknown,0.00,"ק""ג",true,0,139.00,139.00,true,1,
11394,false,תמר מגהול,,,תמר מגהול,Unknown,0.00,"ק""ג",true,0,40.00,40.00,true,1,
46020,false,גבינה צהובה גלבוע 22% במשקל תנובה,הפריט בפיקוח,,גבינה צהובה גלבוע-במ,Unknown,0.00,"ק""ג",true,0,42.58,42.58,true,1,
47034,false,קולאז' רוקפור גליל חריץ תנובה,,,קולאז רוקפור גליל,קילוגרמים,0.00,"ק""ג",true,0,126.00,126.00,true,1,
47485,false,גבינה בולגרית 24% פיראוס,,,בולגרית פיראוס 24% ב,Unknown,0.00,"ק""ג",true,0,59.00,59.00,true,1,
53219,false,גבינה חריץ טל העמק 32% במשקל,,,גבינה טל העמק 32%,Unknown,0.00,"ק""ג",true,0,58.00,58.00,true,1,
56326,false,גבינה שוויצרית במשקל,,,גבינה שוויצרית במשקל,Unknown,0.00,"ק""ג",true,0,74.00,74.00,true,1,
86958,false,גבינה סלמי במשקל,,,גבינה סלמי במשקל,Unknown,0.00,"ק""ג",true,0,62.00,62.00,true,1,
90010,false,מסכה *10 ללא החזרה KN95,,,ללא החזרה KN95 מסכות,Unknown,0.00,Unknown,false,1,129.90,129.90,true,1,
304050,false,מסיכה כירורגית 1 יחידה,,,מסיכה כירורגית 1 יחי,Unknown,0.00,Unknown,false,1,0.50,0.50,true,1,
321646,false,פיסטוק קלוי טבעי,,,פיסטוק קלוי,Unknown,0.00,"ק""ג",true,0,99.00,99.00,true,1,
363189,false,נקניק סרוולט טירת צבי,,,נקניק סרוולט,Unknown,0.00,"ק""ג",true,0,148.00,148.00,true,1,
363462,false,סלמי מעושן איטלקי טירת צבי במשקל,טירת צבי - מעדניה,,סלמי מעושן איטלקי,Unknown,0.00,"ק""ג",true,0,75.00,75.00,true,1,
363486,false,נקניק תה טירת צבי במשקל,טירת צבי - מעדניה,,נקניק תה טירת צבי,Unknown,0.00,"ק""ג",true,0,55.00,55.00,true,1,
365756,false,פסטרמה גחלים דל שומןטירת צבי,,,פסטרמה גחלים דל שומן,Unknown,0.00,"ק""ג",true,0,85.00,85.00,true,1,
365954,false,פסטרמה הודו גחלים טירת צבי,טירת צבי - מעדניה,,פסטרמה גחלים,Unknown,0.00,"ק""ג",true,0,85.00,85.00,true,1,
554655,false,מוצרלה נקניק מעושן במשקל,גבינות מעדניה,,מוצרלה נקניק מעושן,Unknown,0.00,"ק""ג",true,0,86.00,86.00,true,1,
554815,false,"גב.מוצרלה נקניק צמה גד לק""ג",גבינות מעדניה,,מוצרלה טבעית במשקל,Unknown,0.00,"ק""ג",true,0,83.00,83.00,true,1,
554891,false,גבינה בולגרית דלי %16,גבינות מעדניה,,בולגרית מעודנת 16%,Unknown,0.00,"ק""ג",true,0,60.00,60.00,true,1,
554969,false,"גבינה שמנת 30% גד ק""ג",גבינות מעדניה,,גבינת שמנת 30% טבעי,Unknown,0.00,"ק""ג",true,0,45.00,45.00,true,1,
554976,false,"גבינה שמנת זיתים 30% גד לק""ג",גבינות מעדניה,,גבינת שמנת 30% זיתים,קילוגרמים,0.00,"ק""ג",true,0,45.00,45.00,true,1,
644783,false,מנות פילה סלמון קפוא דגי תנובה,דגיים קפואים,,פילה סלמון קפוא מנות,Unknown,0.00,"ק""ג",true,0,84.90,84.90,true,1,
658926,false,פילה מרלוזה ארגנטינאי 100% דג תנובה,דגיים קפואים,,פילה מרלוזה קפוא,Unknown,0.00,"ק""ג",true,0,36.90,36.90,true,1,
663036,false,פילה אמנון 5-7 קפוא ללא עור דגי תנובה,דגיים קפואים,,פילה אמנון קפוא ללא,Unknown,0.00,"ק""ג",true,0,39.90,39.90,true,1,
1101346,false,בוזנינה לבנה להב,,,בוזנינה לבנה,Unknown,0.00,"ק""ג",true,0,109.00,109.00,true,1,
1101407,false,נקניק לוביטלסקיה במשקל להב,,,פריזר לוביטלסקיה,Unknown,0.00,"ק""ג",true,0,85.00,85.00,true,1,
1101414,false,סינטה לבנה מעושנת-להב,,,סינטה לבנה מעושנת,Unknown,0.00,"ק""ג",true,0,105.00,105.00,true,1,
1101858,false,אודסקיה להב,,,אודסקיה,Unknown,0.00,"ק""ג",true,0,82.00,82.00,true,1,
1101865,false,פולקה איטלקי להב,,,פולקה איטלקי,Unknown,0.00,"ק""ג",true,0,95.00,95.00,true,1,
1191187,false,הרינג שלם בוואקום במשקל,,IL,הרינג שלם בוואקום במ,קילוגרמים,0.00,"ק""ג",true,0,32.00,32.00,true,1,
1191255,false,דניס מעושן,,IL,דניס מעושן,Unknown,0.00,"ק""ג",true,0,204.00,204.00,true,1,
1356111,false,הרינג כספי במשקל,,,הרינג כספי במשקל,Unknown,0.00,"ק""ג",true,0,32.00,32.00,true,1,
1356210,false,רוטבש במשקל,,,רוטבש במשקל,Unknown,0.00,"ק""ג",true,0,95.00,95.00,true,1,
1356227,false,מקרל מעושן L במשקל,,,מקרל מעושן L במשקל,Unknown,0.00,"ק""ג",true,0,94.00,94.00,true,1,
1356234,false,מקרל מעושן בוואקום,,,מקרל מעושן בוואקום,Unknown,0.00,"ק""ג",true,0,95.00,95.00,true,1,
1356241,false,מקרל מעושן חם -פיקלינג,,,מקרל מעושן חם -פיקלי,Unknown,0.00,"ק""ג",true,0,99.00,99.00,true,1,
1356258,false,מקרל מעושן M במשקל,,,מקרל מעושן M במשקל,Unknown,0.00,"ק""ג",true,0,77.00,77.00,true,1,
1356289,false,פילה הרינג מעושן במשקל,,,פילה הרינג מעושן במש,Unknown,0.00,"ק""ג",true,0,65.00,65.00,true,1,
1356418,false,פילה הרינג במשקל,,,פילה הרינג במשקל,Unknown,0.00,"ק""ג",true,0,59.00,59.00,true,1,
1356425,false,פילה מטיאס במשקל,,,פילה מטיאס במשקל,Unknown,0.00,"ק""ג",true,0,62.00,62.00,true,1,
1356463,false,בטן בייבי סלמון במשקל,,,בטן בייבי סלמון במשק,Unknown,0.00,"ק""ג",true,0,89.00,89.00,true,1,
1356500,false,קילקה בלי ראש במשקל,,,קילקה בלי ראש במשקל,Unknown,0.00,"ק""ג",true,0,74.00,74.00,true,1,
1356548,false,מקרל מלוח במשקל,,,מקרל מלוח במשקל,Unknown,0.00,"ק""ג",true,0,82.00,82.00,true,1,
1356630,false,פילה הרינג כבוש במשקל,,,פילה הרינג כבוש במש,Unknown,0.00,"ק""ג",true,0,62.00,62.00,true,1,
1356708,false,כסיף פרוס במשקל,,,כסיף פרוס במשקל,Unknown,0.00,"ק""ג",true,0,150.00,150.00,true,1,
1356838,false,פלטוס במשקל,,,פלטוס במשקל,Unknown,0.00,"ק""ג",true,0,159.00,159.00,true,1,
1356982,false,סלמון בייבי במשקל,,,סלמון בייבי במשקל,Unknown,0.00,"ק""ג",true,0,175.00,175.00,true,1,
1356999,false,לש בלקני במשקל,,,לש בלקני במשקל,Unknown,0.00,"ק""ג",true,0,84.00,84.00,true,1,
1401163,false,פריזר דוקטורסקייה מיני,,,פריזר דוקטורסקייה,Unknown,0.00,"ק""ג",true,0,59.00,59.00,true,1,
1404379,false,נקניק בריאנסקיה,,,נקניק בריאנסקיה,Unknown,0.00,"ק""ג",true,0,82.00,82.00,true,1,
1404447,false,נקניק סופר דומגנייאה,,,נקניק סופר דומגנייאה,Unknown,0.00,"ק""ג",true,0,120.00,120.00,true,1,
1405055,false,נקניקיות עם גבינה,,,נקניקיות עם גבינה,Unknown,0.00,"ק""ג",true,0,69.00,69.00,true,1,
1405291,false,פסטרמה ציגעינר,,,פסטרמה ציגעינר,Unknown,0.00,"ק""ג",true,0,125.00,125.00,true,1,
1406045,false,נקניקיות ווינר ולדמן,,,נקניקיות ווינר,Unknown,0.00,"ק""ג",true,0,69.00,69.00,true,1,
1406113,false,פריזר פרלמנט במשקל,,,פריזר פרלמנט במשקל,Unknown,0.00,"ק""ג",true,0,95.00,95.00,true,1,
1411827,false,שוקיים/כרעיים מעושן,,,שוקיים/כרעיים מעושן,Unknown,0.00,"ק""ג",true,0,49.00,49.00,true,1,
1412121,false,עוף מעושן,,,עוף מעושן,Unknown,0.00,"ק""ג",true,0,49.00,49.00,true,1,
1417485,false,נקניק ויציניה רוסקיה בוט,,,נקניק ויציניה רוסקיה,Unknown,0.00,"ק""ג",true,0,130.00,130.00,true,1,
1418239,false,פריזר לארוחת בוקר במשקל,,,פריזר לארוחת בוקר,Unknown,0.00,"ק""ג",true,0,79.00,79.00,true,1,
1418475,false,פריזר אליטנאיה במשקל,,,פריזר אליטנאיה במשקל,Unknown,0.00,"ק""ג",true,0,89.00,89.00,true,1,
1418789,false,פריזר אליטנאיה קטן במשקל,,,פריזר אליטנאיה קטן,Unknown,0.00,"ק""ג",true,0,89.00,89.00,true,1,
1418925,false,סינטה בוזנינה ביתית,,,סינטה בוזנינה ביתית,Unknown,0.00,"ק""ג",true,0,149.00,149.00,true,1,
1419229,false,פריזר סליבצנאיה מיני,,IL,פריזר סליבצנאיה מיני,Unknown,0.00,"ק""ג",true,0,89.00,89.00,true,1,
1421109,false,בוזנינה פסטיבל ביתי,,,בוזנינה פסטיבל ביתי,Unknown,0.00,"ק""ג",true,0,125.00,125.00,true,1,
1434215,false,שוק רוסי מעושן,,,שוק רוסי מעושן,Unknown,0.00,"ק""ג",true,0,125.00,125.00,true,1,
1440469,false,פסטרמה סטליצנייה,,,פסטרמה סטליצנייה,Unknown,0.00,"ק""ג",true,0,139.00,139.00,true,1,
1455418,false,"סטייק טונה בוואקום בד""ץ",,,סטייק טונה קפוא במשק,Unknown,0.00,"ק""ג",true,0,39.90,39.90,true,1,
1460078,false,סוכריות קשות קפה/חמא,,,סוכריות קשות קפה/חמא,Unknown,0.00,"ק""ג",true,1,29.00,29.00,true,1,
1499115,false,סלמי דוקטורסקיה להב,,,פריזר דוקטורסקיה,Unknown,0.00,"ק""ג",true,0,85.00,85.00,true,1,
1499313,false,פסטרמה קוטלט מעושן להב,,,פסטרמה קוטלט מעושן,Unknown,0.00,"ק""ג",true,0,96.00,96.00,true,1,
1499689,false,פסטרמה צוואר מעושן להב,,,פסטרמה צוואר מעושן,Unknown,0.00,"ק""ג",true,0,120.00,120.00,true,1,
1499757,false,נקניקיות שפיקצקי במשקל להב,,,נקניקיות שפיקצקי,Unknown,0.00,"ק""ג",true,0,68.00,68.00,true,1,
1532010,false,סלמון מעושן חם במשקל,,,סלמון מעושן חם במשקל,Unknown,0.00,"ק""ג",true,0,190.00,190.00,true,1,
1532027,false,סלמון פרוס במשקל,,,סלמון פרוס במשקל,Unknown,0.00,"ק""ג",true,0,180.00,180.00,true,1,
1532034,false,פורל בעישון חם במשקל,,,פורל בעישון חם במשקל,Unknown,0.00,"ק""ג",true,0,175.00,175.00,true,1,
1532065,false,דג טונה מעושן חם במשקל,,,דג טונה מעושן חם במש,Unknown,0.00,"ק""ג",true,0,155.00,155.00,true,1,
1532089,false,מקרל במלח במשקל,,,מקרל במלח במשקל,Unknown,0.00,"ק""ג",true,0,85.00,85.00,true,1,
1532096,false,שפרוטים חם במשקל,,,שפרוטים חם במשקל,Unknown,0.00,"ק""ג",true,0,85.00,85.00,true,1,
1532164,false,הרינג כבוש במשקל,,,הרינג כבוש במשקל,Unknown,0.00,"ק""ג",true,0,52.00,52.00,true,1,
1532188,false,מקרל מעושן גדול במשקל,,,מקרל מעושן גדול במשק,Unknown,0.00,"ק""ג",true,0,100.00,100.00,true,1,
1532249,false,מקרוסקה במשקל,,,מקרוסקה במשקל,Unknown,0.00,"ק""ג",true,0,135.00,135.00,true,1,
1532263,false,פילה סלמון במשקל,,,פילה סלמון במשקל,Unknown,0.00,"ק""ג",true,0,180.00,180.00,true,1,
1532287,false,דג מויבה מעושן במשקל,,,דג מויבה מעושן במשקל,Unknown,0.00,"ק""ג",true,0,100.00,100.00,true,1,
1532317,false,מקרל בשמן במשקל,,,מקרל בשמן במשקל,Unknown,0.00,"ק""ג",true,0,100.00,100.00,true,1,
2073390,false,אוסובוקו לבן טרי,,,אוסובוקו לבן טרי,Unknown,0.00,"ק""ג",true,0,28.90,28.90,true,1,
2073536,false,כתר אנטריקוט,,,אנטריקוט עם עצם טרי,Unknown,0.00,"ק""ג",true,0,199.00,199.00,true,1,
2073758,false,המבורגר מסעדות,,,נקניק אוסטנקנסקיה,Unknown,0.00,"ק""ג",true,0,110.00,110.00,true,1,
2073932,false,פסטרמה רוסט ריב עגל,,,פסטרמה רוסט ריב עגל,Unknown,0.00,"ק""ג",true,0,113.00,113.00,true,1,
2345435,false,פילה מרלוזה ארגנטינאית,,,פילה מרלוזה קפוא,Unknown,0.00,"ק""ג",true,0,34.00,34.00,true,1,
2345879,false,פרמזנו רגאנו במשקל,,IT,פרמזנו רגאנו במשקל,Unknown,0.00,"ק""ג",true,0,173.00,173.00,true,1,
2511137,false,פטה עיזים 20% במשקל,,,פטה עיזים 20% במשקל,Unknown,0.00,"ק""ג",true,0,105.00,105.00,true,1,
2511281,false,ברינזה צאן במשקל,,,ברינזה צאן במשקל,Unknown,0.00,"ק""ג",true,0,89.00,89.00,true,1,
2511427,false,אצבעות שוקלד וניל במשקל,,,אצבעות שוקלד וניל במ,Unknown,0.00,"ק""ג",true,0,70.00,70.00,true,1,
2511786,false,בולגרית עיזים 22% במשקל,,,בולגרית עיזים 22% במ,Unknown,0.00,"ק""ג",true,0,104.00,104.00,true,1,
2560005,false,פירות קפואים במשקל,,,פירות קפואים במשקל,Unknown,0.00,"ק""ג",true,0,49.00,49.00,true,1,
2617471,false,גבינת צדר אנגלית מיושנת במשקל,,,גבינת צדר אנגלית,Unknown,0.00,"ק""ג",true,0,126.00,126.00,true,1,
2617488,false,גבינת צדר אנגלית מיושנת במשקל,,,גבינת צדר אנגלית,Unknown,0.00,"ק""ג",true,0,120.00,120.00,true,1,
2617495,false,גבינת צדר אנגלית עם וויסקי במשקל,,,גבינת צדר אנגלית,Unknown,0.00,"ק""ג",true,0,159.00,159.00,true,1,
2617501,false,גבינת צדר עם חמוציות במשקל,,,גבינת צדר עם חמוציות,Unknown,0.00,"ק""ג",true,0,166.00,166.00,true,1,
2617525,false,צוריסוס טלה קפוא,,,צוריסוס טלה קפוא,Unknown,0.00,"ק""ג",true,0,66.90,66.90,true,1,
2749004,false,נקניק פולטבסקיה חצי יבש מזרע,,,נקניק פולטבסקיה,Unknown,0.00,"ק""ג",true,0,105.00,105.00,true,1,
2749561,false,נקניקיות בוואריה מזרע,,,נקניקיות בוואריה,Unknown,0.00,"ק""ג",true,0,79.00,79.00,true,1,
2749899,false,פילה לבן טרי,,,פילה לבן טרי,Unknown,0.00,"ק""ג",true,0,84.90,84.90,true,1,
2812530,false,גאודה הולנדי עשבי תיבול במשקל,,,גאודה עשבי תיבול,Unknown,0.00,"ק""ג",true,0,102.00,102.00,true,1,
2830245,false,פילה לברק קפוא נטו,,,פילה לברק קפוא,Unknown,0.00,"ק""ג",true,0,59.90,59.90,true,1,
2837046,false,גבינת קרלובסקי במשקל,,,גבינת קרלובסקי במשקל,Unknown,0.00,"ק""ג",true,0,85.00,85.00,true,1,
2837121,false,גבינת פושיחונסקי במשקל,,,גבינת פושיחונסקי במש,Unknown,0.00,"ק""ג",true,0,79.00,79.00,true,1,
2920311,false,גבינת קממבר צאן במשקל גד,,,גבינת קממבר צאן במשק,Unknown,0.00,"ק""ג",true,0,144.00,144.00,true,1,
3018307,false,נקניקיות שויצרסקיה במשקל דימוב,,,נקניקיות שויצרסקיה,Unknown,0.00,"ק""ג",true,0,85.00,85.00,true,1,
3018338,false,נקניקיות סבינייה במשקל דימוב,,,נקניקיות סבינייה,Unknown,0.00,"ק""ג",true,0,75.00,75.00,true,1,
3018345,false,נקניק דוקטורסקיה במשקל דימוב,,,נקניק דוקטורסקיה,Unknown,0.00,"ק""ג",true,0,85.00,85.00,true,1,
3018352,false,סלמי מולוצניה דימוב,,,פריזר מולוצניה,Unknown,0.00,"ק""ג",true,0,85.00,85.00,true,1,
3018376,false,ליברניה דימוב,,,ליברניה,Unknown,0.00,"ק""ג",true,0,85.00,85.00,true,1,
3018512,false,נקניק בראונשווגסקיה במשקל דימוב,,,נקניק בראונשווגסקיה,Unknown,0.00,"ק""ג",true,0,165.00,165.00,true,1,
3018680,false,נקניק קרקובסקיה דימוב,,,נקניק קרקובסקיה,Unknown,0.00,"ק""ג",true,0,109.00,109.00,true,1,
3018703,false,סלמי פינסקיה דימוב,,,סלמי פינסקיה,Unknown,0.00,"ק""ג",true,0,105.00,105.00,true,1,
3018727,false,נקניק וארשבסקיה דימוב,,,נקניק וארשבסקיה,Unknown,0.00,"ק""ג",true,0,112.00,112.00,true,1,
3018734,false,נקניק חי איטליינסקיה דימוב,,,נקניק חי איטלינסקיה,Unknown,0.00,"ק""ג",true,0,165.00,165.00,true,1,
3023196,false,מוקו שקית 225 מל,,,מוקו שקית 225 מל,מיליליטרים,225.00,"100 מ""ל",false,1,3.40,1.51,true,1,
3131181,false,מלח לימון במשקל,,,מלח לימון במשקל,Unknown,0.00,"ק""ג",true,0,39.00,39.00,true,1,
3131198,false,כוסברה שלם במשקל,,,כוסברה שלם במשקל,Unknown,0.00,"ק""ג",true,0,39.00,39.00,true,1,
3131204,false,פול ירוק,,,פול ירוק,Unknown,0.00,"ק""ג",true,0,20.00,20.00,true,1,
3131211,false,כוסברה במשקל,,,כוסברה במשקל,Unknown,0.00,"ק""ג",true,0,39.00,39.00,true,1,
3131228,false,פשתן,,,פשתן,Unknown,0.00,"ק""ג",true,0,11.00,11.00,true,1,
3131242,false,קוקוס טחון,,,קוקוס טחון,Unknown,0.00,"ק""ג",true,0,29.00,29.00,true,1,
3131266,false,גרעיני חמניה במשקל,,,גרעיני חמניה במשקל,Unknown,0.00,"ק""ג",true,0,29.00,29.00,true,1,
3131297,false,בננה ציפס שטוח,,,בננה ציפס שטוח,Unknown,0.00,"ק""ג",true,0,35.00,35.00,true,1,
3131310,false,בוטן טבעי,,,בוטן טבעי,Unknown,0.00,"ק""ג",true,0,25.00,25.00,true,1,
3131334,false,פפאיה,,,פפאיה,Unknown,0.00,"ק""ג",true,0,30.00,30.00,true,1,
3131358,false,שזיף מגולען,,,שזיף מגולען,Unknown,0.00,"ק""ג",true,0,39.00,39.00,true,1,
3131419,false,כוסמת חומה,,,כוסמת חומה,Unknown,0.00,"ק""ג",true,0,10.00,10.00,true,1,
3131525,false,שעועית אדומה אמריקאית,,,שעועית אדומה אמריקאי,Unknown,0.00,"ק""ג",true,0,17.00,17.00,true,1,
3131785,false,אגוז מוסקט,,,אגוז מוסקט,Unknown,0.00,"ק""ג",true,0,179.00,179.00,true,1,
3131938,false,תבלין שום שמיר,,,תבלין שום שמיר,Unknown,0.00,"ק""ג",true,0,70.00,70.00,true,1,
3132263,false,תמרים מגהול,,,תמרים מגהול,Unknown,0.00,"ק""ג",true,0,60.00,60.00,true,1,
3132669,false,אגוז ברזיל ארוז במשקל אותנטי,,,אגוז ברזיל ארוז במשק,Unknown,0.00,"ק""ג",true,0,99.00,99.00,true,1,
3132843,false,מקדמיה 27.99 ל-100 גר,,,מקדמיה 27.99 ל-100 ג,Unknown,0.00,"ק""ג",true,0,250.00,250.00,true,1,
3133130,false,תערובת צימיצורי במשקל,,,תערובת צימיצורי במשק,Unknown,0.00,"ק""ג",true,0,70.00,70.00,true,1,
3133178,false,צנובר ב 25 ל-100 גר,,,צנובר ב 25 ל-100 גר,Unknown,0.00,"ק""ג",true,0,250.00,250.00,true,1,
3133338,false,תות שדה מיובש במשקל,,,תות שדה מיובש במשקל,Unknown,0.00,"ק""ג",true,0,96.00,96.00,true,1,
3133383,false,סוכריות גומי במשקל,,,סוכריות גומי במשקל,Unknown,0.00,"ק""ג",true,0,70.00,70.00,true,1,
3189045,false,גבינה צהובה בסגנון הולנדי 26% מעדניה,,,צהובה הולנדית במשקל,קילוגרמים,0.00,"ק""ג",true,0,37.00,37.00,true,1,
3189199,false,גבינה חריפה מקסיקני 26% מעדניה,,,צהובה חריפה במשקל,Unknown,0.00,"ק""ג",true,0,39.00,39.00,true,1,
3189274,false,צהובה מעושנת במשקל,,,צהובה מעושנת במשקל,קילוגרמים,0.00,"ק""ג",true,0,40.00,40.00,true,1,
3192014,false,פקאן במשקל,,,פקאן במשקל,Unknown,0.00,"ק""ג",true,0,99.00,99.00,true,1,
3192021,false,כוכב אניס במשקל,,,כוכב אניס במשקל,Unknown,0.00,"ק""ג",true,0,99.00,99.00,true,1,
3192137,false,ציפורן טחון במשקל,,,ציפורן טחון במשקל,Unknown,0.00,"ק""ג",true,0,143.00,143.00,true,1,
3192151,false,פפריקה מתוקה גרוסה במשקל,,,פפריקה מתוקה גרוסה ב,Unknown,0.00,"ק""ג",true,0,54.00,54.00,true,1,
3192168,false,פפריקה חריפה במשקל,,,פפריקה חריפה במשקל,Unknown,0.00,"ק""ג",true,0,50.00,50.00,true,1,
3192229,false,לימונית במשקל,,,לימונית במשקל,Unknown,0.00,"ק""ג",true,0,95.00,95.00,true,1,
3192236,false,פלפל שחור שלם במשקל,,,פלפל שחור שלם במשקל,Unknown,0.00,"ק""ג",true,0,90.00,90.00,true,1,
3192298,false,בוטן גריל,,,לואיזה,Unknown,0.00,"ק""ג",true,0,170.00,170.00,true,1,
3192328,false,חליטות תה בטעמים שונים במשקל,,,חליטות תה בטעמים שונ,Unknown,0.00,"ק""ג",true,0,115.00,115.00,true,1,
3192502,false,חמוצים ב-6.90 ₪ ל-100 גר,,,חמוצים בתפזורת,Unknown,0.00,"ק""ג",true,0,69.00,69.00,true,1,
3192519,false,חמוצים ב-4.90 שח ל-100 גר,,,חמוצים ב-4.90 שח ל-1,Unknown,0.00,"ק""ג",true,0,49.00,49.00,true,1,
3192526,false,חמוצים ב-3.90 שח ל100 גר,,,חמוצים ב-3.90 שח ל10,Unknown,0.00,"ק""ג",true,0,39.00,39.00,true,1,
3192533,false,פטריות במשקל,,,פטריות במשקל,Unknown,0.00,"ק""ג",true,0,79.00,79.00,true,1,
3192649,false,קוואקר דק,,,קוואקר דק,Unknown,0.00,"ק""ג",true,0,8.00,8.00,true,1,
3192748,false,צימוק לבן ענק,,,צימוק לבן ענק,Unknown,0.00,"ק""ג",true,0,45.00,45.00,true,1,
3192854,false,קשיו טבעי במשקל,,,קשיו טבעי במשקל,Unknown,0.00,"ק""ג",true,0,80.00,80.00,true,1,
3192977,false,דלעת מקולפת,,,דלעת מקולפת,Unknown,0.00,"ק""ג",true,0,39.00,39.00,true,1,
3211074,false,שומשום לבן במשקל,,,שומשום לבן במשקל,Unknown,0.00,"ק""ג",true,0,19.00,19.00,true,1,
3211098,false,שזיף אמריקאי,,,שזיף אמריקאי,Unknown,0.00,"ק""ג",true,0,30.00,30.00,true,1,
3211104,false,צימוק חום,,,צימוק חום,Unknown,0.00,"ק""ג",true,0,30.00,30.00,true,1,
3211128,false,בוטנים מסוכרים,,,בוטנים מסוכרים,Unknown,0.00,"ק""ג",true,0,39.00,39.00,true,1,
3211166,false,כוסמת לבנה,,,כוסמת לבנה,Unknown,0.00,"ק""ג",true,0,16.00,16.00,true,1,
3211180,false,גריסים פנינה,,,גריסים פנינה,Unknown,0.00,"ק""ג",true,0,10.00,10.00,true,1,
3211197,false,שומשום במשקל,,,שומשום במשקל,Unknown,0.00,"ק""ג",true,0,60.00,60.00,true,1,
3211203,false,תאנים מיובשות במשקל,,,תאנים מיובשות במשקל,Unknown,0.00,"ק""ג",true,0,48.00,48.00,true,1,
3211234,false,פפריקה מתוקה במשקל,,,פפריקה מתוקה במשקל,Unknown,0.00,"ק""ג",true,0,47.00,47.00,true,1,
3211241,false,שום גבישי שקיל,,,שום גבישי שקיל,Unknown,0.00,"ק""ג",true,0,99.00,99.00,true,1,
3211258,false,קינמון טחון במשקל,,,קינמון טחון במשקל,Unknown,0.00,"ק""ג",true,0,59.00,59.00,true,1,
3211265,false,תבלין לפיצה במשקל,,,תבלין לפיצה במשקל,Unknown,0.00,"ק""ג",true,0,70.00,70.00,true,1,
3211357,false,צימוק לבן קטן,,,צימוק לבן קטן,Unknown,0.00,"ק""ג",true,0,30.00,30.00,true,1,
3211364,false,חלבה במשקל,,,חלבה במשקל,Unknown,0.00,"ק""ג",true,0,60.00,60.00,true,1,
3211371,false,פרג,,,פרג,Unknown,0.00,"ק""ג",true,0,34.00,34.00,true,1,
3211401,false,תפוז סיני,,,תפוז סיני,Unknown,0.00,"ק""ג",true,0,79.00,79.00,true,1,
3211432,false,פיסטוק חלבי מקולף,,,פיסטוק חלבי מקולף,Unknown,0.00,"ק""ג",true,0,160.00,160.00,true,1,
3211548,false,זרעי שמיר אנגרד,,,זרעי שמיר אנגרד,Unknown,0.00,"ק""ג",true,0,39.00,39.00,true,1,
3211609,false,זעתר עם שומשום לבנוני במשקל,,,זעתר עם שומשום לבנונ,Unknown,0.00,"ק""ג",true,0,62.00,62.00,true,1,
3211623,false,פלפל אנגלי שלם במשקל,,,פלפל אנגלי שלם במשקל,Unknown,0.00,"ק""ג",true,0,85.00,85.00,true,1,
3211715,false,תבלין על האש במשקל,,,תבלין על האש במשקל,Unknown,0.00,"ק""ג",true,0,70.00,70.00,true,1,
3211739,false,אננס צהוב עיגולים,,,אננס צהוב עיגולים,Unknown,0.00,"ק""ג",true,0,39.00,39.00,true,1,
3211746,false,ציפורן שלם במשקל,,,ציפורן שלם במשקל,Unknown,0.00,"ק""ג",true,0,160.00,160.00,true,1,
3211760,false,תבלין לשווארמה במשקל,,,תבלין לשווארמה במשקל,Unknown,0.00,"ק""ג",true,0,59.00,59.00,true,1,
3211777,false,תבלין לגריל עוף במשקל,,,תבלין לגריל עוף במשק,Unknown,0.00,"ק""ג",true,0,69.00,69.00,true,1,
3211791,false,שום פלחים במשקל,,,שום פלחים במשקל,Unknown,0.00,"ק""ג",true,0,95.00,95.00,true,1,
3211807,false,תבלין לדג במשקל,,,תבלין לדג במשקל,Unknown,0.00,"ק""ג",true,0,75.00,75.00,true,1,
3211814,false,תבלין לפרגיות במשקל,,,תבלין לפרגיות במשקל,Unknown,0.00,"ק""ג",true,0,70.00,70.00,true,1,
3211845,false,פלפל שטה טחון במשקל,,,פלפל שטה טחון במשקל,Unknown,0.00,"ק""ג",true,0,59.00,59.00,true,1,
3211852,false,תבלין לסטייק במשקל,,,תבלין לסטייק במשקל,Unknown,0.00,"ק""ג",true,0,59.00,59.00,true,1,
3211876,false,בצל יבש במשקל,,,בצל יבש במשקל,Unknown,0.00,"ק""ג",true,0,69.00,69.00,true,1,
3211883,false,שומר שלם,,,שומר שלם,Unknown,0.00,"ק""ג",true,0,55.00,55.00,true,1,
3211913,false,זנגביל מסוכר,,,זנגביל מסוכר,Unknown,0.00,"ק""ג",true,0,39.00,39.00,true,1,
3211920,false,מלון במשקל,,,מלון במשקל,Unknown,0.00,"ק""ג",true,0,59.00,59.00,true,1,
3211937,false,תערובת לתפוח אדמה,,,תערובת לתפוח אדמה,Unknown,0.00,"ק""ג",true,0,79.00,79.00,true,1,
3211968,false,סומק במשקל,,,סומק במשקל,Unknown,0.00,"ק""ג",true,0,59.00,59.00,true,1,
3211999,false,פריכיות אורז ריזוטו במשקל,,,פריכיות אורז ריזוטו,Unknown,0.00,"ק""ג",true,0,89.00,89.00,true,1,
3213009,false,חרדל צהוב במשקל,,,חרדל צהוב במשקל,Unknown,0.00,"ק""ג",true,0,49.00,49.00,true,1,
3213078,false,תבלין טוסקנה,,,תבלין טוסקנה,Unknown,0.00,"ק""ג",true,0,79.00,79.00,true,1,
3213092,false,בונדוק לא קלוי,,,בונדוק לא קלוי,Unknown,0.00,"ק""ג",true,0,69.00,69.00,true,1,
3213108,false,פול יפני במשקל,,,פול יפני במשקל,Unknown,0.00,"ק""ג",true,0,60.00,60.00,true,1,
3213160,false,כורכום במשקל,,,כורכום במשקל,Unknown,0.00,"ק""ג",true,0,69.00,69.00,true,1,
3213177,false,פילדפיה במשקל,,,פילדפיה במשקל,Unknown,0.00,"ק""ג",true,0,79.00,79.00,true,1,
3213221,false,קארי מסאלה 1במשקל,,,קארי מסאלה 1במשקל,Unknown,0.00,"ק""ג",true,0,79.00,79.00,true,1,
3213276,false,תבלין למעורב ירושלמי במשקל,,,תבלין למעורב ירושלמי,Unknown,0.00,"ק""ג",true,0,69.00,69.00,true,1,
3213306,false,כמון מזרחי במשקל,,,כמון מזרחי במשקל,Unknown,0.00,"ק""ג",true,0,69.00,69.00,true,1,
3213313,false,בהרט במשקל,,,בהרט במשקל,Unknown,0.00,"ק""ג",true,0,79.00,79.00,true,1,
3213337,false,חוואג למרק במשקל,,,חוואג למרק במשקל,Unknown,0.00,"ק""ג",true,0,79.00,79.00,true,1,
3213344,false,חמוציות במשקל,,,חמוציות במשקל,Unknown,0.00,"ק""ג",true,0,80.00,80.00,true,1,
3213375,false,שקד טבעי,,,שקד טבעי,Unknown,0.00,"ק""ג",true,0,69.00,69.00,true,1,
3213382,false,אגוז מלך,,,אגוז מלך,Unknown,0.00,"ק""ג",true,0,59.00,59.00,true,1,
3213399,false,אגוז ברזיל,,,אגוז ברזיל,Unknown,0.00,"ק""ג",true,0,59.00,59.00,true,1,
3213405,false,קיווי במשקל,,,קיווי במשקל,Unknown,0.00,"ק""ג",true,0,100.00,100.00,true,1,
3213412,false,קליפות פומלה מיובשת,,,קליפות פומלה מיובשת,Unknown,0.00,"ק""ג",true,0,59.00,59.00,true,1,
3213443,false,אננס טבעי,,,אננס טבעי,Unknown,0.00,"ק""ג",true,0,79.00,79.00,true,1,
3213467,false,היבסקוס יבש,,,היבסקוס יבש,Unknown,0.00,"ק""ג",true,0,100.00,100.00,true,1,
3213481,false,פפאיה דל סוכר,,,פפאיה דל סוכר,Unknown,0.00,"ק""ג",true,0,89.00,89.00,true,1,
3213498,false,תפוח עץ מיובש טבעות במשקל,,,תפוח עץ מיובש טבעות,Unknown,0.00,"ק""ג",true,0,49.00,49.00,true,1,
3213559,false,בננה מיובשת,,,בננה מיובשת,Unknown,0.00,"ק""ג",true,0,99.00,99.00,true,1,
3213573,false,משמש מיובש אוזבקי במשקל,,,משמש מיובש אוזבקי,Unknown,0.00,"ק""ג",true,0,69.00,69.00,true,1,
3213580,false,פלחי מנדרינה,,,פלחי מנדרינה,Unknown,0.00,"ק""ג",true,0,114.00,114.00,true,1,
3213603,false,מנגו רצועות טבעי,,,מנגו רצועות טבעי,Unknown,0.00,"ק""ג",true,0,119.00,119.00,true,1,
3213634,false,תפוע קוביות בקינמון,,,תפוע קוביות בקינמון,Unknown,0.00,"ק""ג",true,0,79.00,79.00,true,1,
3213641,false,תערובת לסלט במשקל,,,תערובת לסלט במשקל,Unknown,0.00,"ק""ג",true,0,100.00,100.00,true,1,
3213733,false,תערובת לאורז במשקל,,,תערובת לאורז במשקל,Unknown,0.00,"ק""ג",true,0,79.00,79.00,true,1,
3213757,false,קשיו בדבש,,,קשיו בדבש,Unknown,0.00,"ק""ג",true,0,99.00,99.00,true,1,
3213764,false,פקאן מסוכר,,,פקאן מסוכר,Unknown,0.00,"ק""ג",true,0,120.00,120.00,true,1,
3213771,false,פלפל שחור טחון במשקל,,,פלפל שחור טחון במשקל,Unknown,0.00,"ק""ג",true,0,99.00,99.00,true,1,
3213788,false,פלפל לבן במשקל,,,פלפל לבן במשקל,Unknown,0.00,"ק""ג",true,0,135.00,135.00,true,1,
3213832,false,שקד מולבן פרוס/חצוי/טחון/שלם,,,שקד מולבן פרוס/חצוי/,Unknown,0.00,"ק""ג",true,0,79.00,79.00,true,1,
3213849,false,רצועות קוקוס,,,רצועות קוקוס,Unknown,0.00,"ק""ג",true,0,59.00,59.00,true,1,
3213863,false,מנגו רצועות מסוכר,,,מנגו רצועות מסוכר,Unknown,0.00,"ק""ג",true,0,59.00,59.00,true,1,
3213870,false,גרעיני ציה במשקל,,,גרעיני זרעי ציה,Unknown,0.00,"ק""ג",true,0,25.00,25.00,true,1,
3213887,false,טימין במשקל,,,טימין במשקל,Unknown,0.00,"ק""ג",true,0,99.00,99.00,true,1,
3213924,false,אורגנו ספרדרי במשקל,,,אורגנו ספרדרי במשקל,Unknown,0.00,"ק""ג",true,0,119.00,119.00,true,1,
3213931,false,בזיליקום במשקל,,,בזיליקום במשקל,Unknown,0.00,"ק""ג",true,0,69.00,69.00,true,1,
3571550,false,"סטייק טונה אלבקור בד""ץ",,VN,סטייק טונה אלבקור קפ,Unknown,0.00,"ק""ג",true,0,50.90,50.90,true,1,
3714193,false,פריזר בוקרים במשקל מניה,,,פריזר בוקרים במשקל,Unknown,0.00,"ק""ג",true,0,57.00,57.00,true,1,
3714339,false,וינר עבה במשקל מניה,,,וינר עבה במשקל מניה,Unknown,0.00,"ק""ג",true,0,69.00,69.00,true,1,
3714520,false,סלמי בטעם אגוזים ארחוביה במשקל מניה,,,סלמי אגוזים ארחובייה,Unknown,0.00,"ק""ג",true,0,95.00,95.00,true,1,
3800513,false,פילה עוף טרי,,,פילה עוף טרי,Unknown,0.00,"ק""ג",true,0,39.90,39.90,true,1,
4050030,false,פסטרמה קופצסקיה מזרע,,,פסטרמה קופצסקיה מזרע,Unknown,0.00,"ק""ג",true,0,105.00,105.00,true,1,
4050191,false,נקניק סלמי הונגרי,,,נקניק סלמי הונגרי,Unknown,0.00,"ק""ג",true,0,175.00,175.00,true,1,
4050207,false,פסטרמה רולדה פיטרסקייה מזרע,,,רולדה פיטרסקייה,Unknown,0.00,"ק""ג",true,0,95.00,95.00,true,1,
4050283,false,פפרוני עגל במשקל,,,פפרוני עגל במשקל,Unknown,0.00,"ק""ג",true,0,165.00,165.00,true,1,
4050368,false,סלמי קופצסקי סרוולט,,,סלמי קופצסקי סרוולט,Unknown,0.00,"ק""ג",true,0,110.00,110.00,true,1,
4050382,false,סלמי ספרטק,,,סלמי ספרטק,Unknown,0.00,"ק""ג",true,0,150.00,150.00,true,1,
4050429,false,קבנוס אוחוטניצי קולבסי,,,קבנוס אוחוטניצי קולב,Unknown,0.00,"ק""ג",true,0,125.00,125.00,true,1,
4050443,false,בייקון במשקל,,,בייקון במשקל,Unknown,0.00,"ק""ג",true,0,200.00,200.00,true,1,
4050597,false,פרושוטו,,,פרושוטו,Unknown,0.00,"ק""ג",true,0,312.00,312.00,true,1,
4050801,false,לשון בקר איטלקי,,,לשון בקר איטלקי,Unknown,0.00,"ק""ג",true,0,135.00,135.00,true,1,
4051013,false,בלוק פטה כבד עוף,,,בלוק פטה כבד עוף,Unknown,0.00,"ק""ג",true,0,85.00,85.00,true,1,
4051037,false,נקניקיות סליווצנה,,,נקניקיות סליווצנה,Unknown,0.00,"ק""ג",true,0,60.00,60.00,true,1,
4051174,false,סרוולט אוסטרי במשקל,,,סרוולט אוסטרי,Unknown,0.00,"ק""ג",true,0,175.00,175.00,true,1,
4051204,false,פסטרמה הודו עם אווז,,,פסטרמה הודו עם אווז,Unknown,0.00,"ק""ג",true,0,135.00,135.00,true,1,
4051402,false,צוואר מעושן במשקל,,,צוואר מעושן במשקל,Unknown,0.00,"ק""ג",true,0,170.00,170.00,true,1,
4051457,false,שוק מעושן במשקל,,,שוק מעושנת במשקל,Unknown,0.00,"ק""ג",true,0,100.00,100.00,true,1,
4051464,false,נקניק סלמי מילאנו,,,נקניק סלמי מילאנו,Unknown,0.00,"ק""ג",true,0,155.00,155.00,true,1,
4051495,false,בוזנינה כפרית במשקל,,,בוזנינה כפרית במשקל,Unknown,0.00,"ק""ג",true,0,170.00,170.00,true,1,
4051563,false,נקניק סלמי צרפתי,,,נקניק סלמי צרפתי,Unknown,0.00,"ק""ג",true,0,175.00,175.00,true,1,
4051617,false,נקניק סלמי רוונה במשקל,,,נקניק סלמי רוונה,Unknown,0.00,"ק""ג",true,0,100.00,100.00,true,1,
4051785,false,מורטדלה איטלקית,,,מורטדלה איטלקית,Unknown,0.00,"ק""ג",true,0,70.00,70.00,true,1,
4052034,false,נקניק מוסקובסקיה -מזרע,,,נקניק מוסקובסקיה,Unknown,0.00,"ק""ג",true,0,115.00,115.00,true,1,
4052072,false,סלה דומשניה,,,סלה דומשניה,Unknown,0.00,"ק""ג",true,0,105.00,105.00,true,1,
4052096,false,סלה הונגרי-מזרע,,,סלה הונגרי,Unknown,0.00,"ק""ג",true,0,100.00,100.00,true,1,
4052102,false,עוף מעושן בטעם רוסי במשקל,,,עוף מעושן בטעם רוסי,Unknown,0.00,"ק""ג",true,0,75.00,75.00,true,1,
4052119,false,חטיפי קבנוס רו,,,חטיפי קבנוס רו,Unknown,0.00,"ק""ג",true,0,179.00,179.00,true,1,
4052188,false,חזה הודו מעושן בגריל במשקל,,,חזה הודו מעושן בגריל,Unknown,0.00,"ק""ג",true,0,80.00,80.00,true,1,
4052348,false,קבנוס מזרע,,,קבנוס מזרע,Unknown,0.00,"ק""ג",true,0,100.00,100.00,true,1,
4052386,false,פסטרמה אסאדו לבן במשקל,,,פסטרמה אסאדו לבן במש,Unknown,0.00,"ק""ג",true,0,140.00,140.00,true,1,
4052423,false,ברזאולה,,,ברזאולה,Unknown,0.00,"ק""ג",true,0,295.00,295.00,true,1,
4052577,false,שווארמה הודו צועני במשקל,,,שווארמה הודו צועני,Unknown,0.00,"ק""ג",true,0,125.00,125.00,true,1,
4052652,false,רו בייקון במשקל,,,רו בייקון במשקל,Unknown,0.00,"ק""ג",true,0,260.00,260.00,true,1,
4052676,false,נקניקיות פרגית במשקל מזרע,,,נקניקיות פרגית במשקל,Unknown,0.00,"ק""ג",true,0,36.00,36.00,true,1,
4052751,false,נקניקיות נטורל,,,בייבי בק ריבס לבן טר,Unknown,0.00,"ק""ג",true,0,109.90,109.90,true,1,
4053000,false,נקניק רו סרוולט,,,נקניק רו סרוולט,Unknown,0.00,"ק""ג",true,0,165.00,165.00,true,1,
4053024,false,נקניק פפרוני,,,נקניק פפרוני,Unknown,0.00,"ק""ג",true,0,165.00,165.00,true,1,
4053161,false,נקניק רוסקי סרוולט,,,נקניק רוסקי סרוולט,Unknown,0.00,"ק""ג",true,0,165.00,165.00,true,1,
4053215,false,פסטרמה על האש,,,פסטרמה על האש,Unknown,0.00,"ק""ג",true,0,139.00,139.00,true,1,
4053246,false,בסטרומה ארמנית דל שומןמזרע,,,"בסטרומה ארמנית ד""ש",Unknown,0.00,"ק""ג",true,0,210.00,210.00,true,1,
4053413,false,קרביינקה,,,קרביינקה,Unknown,0.00,"ק""ג",true,0,80.00,80.00,true,1,
4053710,false,פסטרמה חזה הודו מקסיקני,,,פסטרמה חזה הודו,Unknown,0.00,"ק""ג",true,0,80.00,80.00,true,1,
4053918,false,כתף בקר מעושנת במשקל,,,כתף בקר מעושנת במשקל,Unknown,0.00,"ק""ג",true,0,125.00,125.00,true,1,
4054021,false,שינקן פולני פולני חצי במשקל,,,שינקן פולני במשקל,Unknown,0.00,"ק""ג",true,0,120.00,120.00,true,1,
4054038,false,שינקן צועני במשקל,,,שינקן צועני במשקל,Unknown,0.00,"ק""ג",true,0,120.00,120.00,true,1,
4054366,false,סלמי מוסקובסקי סרוולט,,,מוסקובסקי סרוולד,Unknown,0.00,"ק""ג",true,0,160.00,160.00,true,1,
4054380,false,סלמי זרניסטיה,,,סלמי זרניסטיה,Unknown,0.00,"ק""ג",true,0,160.00,160.00,true,1,
4054397,false,פרושוטו רוסי,,,פרושוטו רוסי,Unknown,0.00,"ק""ג",true,0,215.00,215.00,true,1,
4054427,false,שוק חזירון בלי עצם,,,פסטרמה שוק חזירון,Unknown,0.00,"ק""ג",true,0,110.00,110.00,true,1,
4054434,false,וצינה מוסקובסקיה,,,וצינה מוסקובסקיה,Unknown,0.00,"ק""ג",true,0,150.00,150.00,true,1,
4054502,false,לשון עגל קרושה,,,לשון עגל קרושה,Unknown,0.00,"ק""ג",true,0,90.00,90.00,true,1,
4054953,false,סרוולט איטלקי,,,סרוולט איטלקי,Unknown,0.00,"ק""ג",true,0,115.00,115.00,true,1,
4054960,false,נקניק סבינייה,,,נקניק סבינייה,Unknown,0.00,"ק""ג",true,0,190.00,190.00,true,1,
4055103,false,נקניקיות עגל במשקל,,,נקניקיות עגל במשקל,Unknown,0.00,"ק""ג",true,0,50.00,50.00,true,1,
4055479,false,פסטרמה בקר בפלפל,,,פסטרמה בקר בפלפל,Unknown,0.00,"ק""ג",true,0,125.00,125.00,true,1,
4055608,false,פריזר איטלקי,,,פריזר איטלקי,Unknown,0.00,"ק""ג",true,0,62.00,62.00,true,1,
4055615,false,פריזר עגל,,,פריזר עגל,Unknown,0.00,"ק""ג",true,0,45.00,45.00,true,1,
4055769,false,נקניק לוביטליסקיה,,,נקניק לוביטליסקיה,Unknown,0.00,"ק""ג",true,0,105.00,105.00,true,1,
4055813,false,נקניק טורו מבשר בקר,,,נקניק טורו מבשר בקר,Unknown,0.00,"ק""ג",true,0,135.00,135.00,true,1,
4055943,false,לקס עגל,,,לקס עגל,Unknown,0.00,"ק""ג",true,0,220.00,220.00,true,1,
4068332,false,קממבר בקר משולש שקיל,,,קממבר בקר משולשים,Unknown,0.00,"ק""ג",true,0,117.00,117.00,true,1,
4068400,false,קאשקבל במשקל,,,קאשקבל במשקל,Unknown,0.00,"ק""ג",true,0,129.00,129.00,true,1,
4068417,false,ברי פקאן מחלב בקר במשקל,,,ברי פקאן מחלב בקר במ,Unknown,0.00,"ק""ג",true,0,132.00,132.00,true,1,
4135324,false,בולגרית מעודנת פיראוס 5% למעדניה,,,בולגרית פיראוס מעודנ,Unknown,0.00,"ק""ג",true,0,49.00,49.00,true,1,
4136291,false,צפתית מעודנת פיראוס 5% למעדניה,,,גבינה צפתית מעודנת 5,Unknown,0.00,"ק""ג",true,0,62.00,62.00,true,1,
4234256,false,ברווז קפוא,,,ברווז קפוא,Unknown,0.00,"ק""ג",true,0,54.90,54.90,true,1,
4412029,false,גוגיברי,,,פול,Unknown,0.00,"ק""ג",true,0,14.90,14.90,true,1,
4412043,false,אגס בוסק,,,אגס בוסק,Unknown,0.00,"ק""ג",true,0,5.90,5.90,true,1,
4412050,false,שום ירוק,,,שום ירוק,Unknown,0.00,"ק""ג",true,0,19.90,19.90,true,1,
4412135,false,לוף,,,לוף,Unknown,0.00,"ק""ג",true,0,17.90,17.90,true,1,
4412142,false,"תפו""ע גאלה",,,תפוע גאלה,Unknown,0.00,"ק""ג",true,0,12.90,12.90,true,1,
4412166,false,אשכולית אדומה,,,אשכולית אדומה,Unknown,0.00,"ק""ג",true,0,8.90,8.90,true,1,
4412210,false,זנגביל,,,זנגביל,Unknown,0.00,"ק""ג",true,0,50.00,50.00,true,1,
4412227,false,"תפו""א אדום",,,תפוא אדום,Unknown,0.00,"ק""ג",true,0,4.90,4.90,true,1,
4412234,false,מלון שרנטל,,,מלון שרנטל,Unknown,0.00,"ק""ג",true,0,7.90,7.90,true,1,
4412319,false,בטטה,,,בטטה,Unknown,0.00,"ק""ג",true,0,9.90,9.90,true,1,
4412340,false,קלמנטינה,,,קלמנטינה,Unknown,0.00,"ק""ג",true,0,8.90,8.90,true,1,
4412357,false,רימון,,,רימון,Unknown,0.00,"ק""ג",true,0,10.90,10.90,true,1,
4412371,false,תמר מגהול,,,תמר מגהול,Unknown,0.00,Unknown,false,0,34.90,34.90,true,1,
4412388,false,שומר,,,שומר,Unknown,0.00,"ק""ג",true,0,9.90,9.90,true,1,
4412395,false,תפוז ברשת,,,תפוז ברשת,Unknown,0.00,"ק""ג",true,0,7.90,7.90,true,1,
4412418,false,קיווי,,,קיווי,Unknown,0.00,"ק""ג",true,0,18.90,18.90,true,1,
4412432,false,תפוזים,,,תפוזים,Unknown,0.00,"ק""ג",true,0,7.90,7.90,true,1,
4412449,false,"תפו""ע יהונתן",,,תפוע יהונתן,Unknown,0.00,"ק""ג",true,0,11.90,11.90,true,1,
4412456,false,"תפו""ע חרמון",,,תפוע חרמון,Unknown,0.00,"ק""ג",true,0,12.90,12.90,true,1,
4412463,false,"תפו""ע מוזהב",,,תפוע מוזהב,Unknown,0.00,"ק""ג",true,0,12.90,12.90,true,1,
4412470,false,"תפו""ע סמיט",,,תפוע סמיט,Unknown,0.00,"ק""ג",true,0,12.90,12.90,true,1,
4412500,false,בצל אדום,,,בצל אדום,Unknown,0.00,"ק""ג",true,0,8.90,8.90,true,1,
4412524,false,פומלית,,,פומלית,Unknown,0.00,"ק""ג",true,0,8.90,8.90,true,1,
4412531,false,ענבים ירוקים,,,ענבים ירוקים,Unknown,0.00,"ק""ג",true,0,28.90,28.90,true,1,
4412548,false,ענבים שחורים,,,ענבים שחורים,Unknown,0.00,"ק""ג",true,0,22.90,22.90,true,1,
4412579,false,מנגו,,,מנגו,Unknown,0.00,"ק""ג",true,0,16.90,16.90,true,1,
4412586,false,לימון,,,לימון,Unknown,0.00,"ק""ג",true,0,8.90,8.90,true,1,
4412616,false,בננות,,,בננות,Unknown,0.00,"ק""ג",true,0,7.90,7.90,true,1,
4412623,false,אגסים,,,אגסים,Unknown,0.00,"ק""ג",true,0,13.90,13.90,true,1,
4412630,false,אשכוליות,,,אשכוליות,Unknown,0.00,"ק""ג",true,0,8.90,8.90,true,1,
4412647,false,אבוקדו,,,אבוקדו,Unknown,0.00,"ק""ג",true,0,14.90,14.90,true,1,
4412654,false,אפרסמון,,,אפרסמון,Unknown,0.00,"ק""ג",true,0,17.90,17.90,true,1,
4412678,false,"תפו""א לבן",,,תפוא לבן,Unknown,0.00,"ק""ג",true,0,4.90,4.90,true,1,
4412685,false,פומלה,,,פומלה,Unknown,0.00,"ק""ג",true,0,12.90,12.90,true,1,
4412708,false,קולרבי,,,קולורבי,Unknown,0.00,"ק""ג",true,0,8.90,8.90,true,1,
4412715,false,קשואים,,,קישואים,Unknown,0.00,"ק""ג",true,0,8.90,8.90,true,1,
4412722,false,פרסה,,,פרסה,Unknown,0.00,"ק""ג",true,0,17.90,17.90,true,1,
4412746,false,פלפל חריף,,,פלפל חריף,Unknown,0.00,"ק""ג",true,0,7.90,7.90,true,1,
4412760,false,פלפל ירוק,,,פלפל ירוק,Unknown,0.00,"ק""ג",true,0,9.90,9.90,true,1,
4412777,false,פלפל צהוב,,,פלפל צהוב,Unknown,0.00,"ק""ג",true,0,9.90,9.90,true,1,
4412784,false,עגבניות,,,עגבניות,Unknown,0.00,"ק""ג",true,0,9.90,9.90,true,1,
4412791,false,סלק,,,סלק,Unknown,0.00,"ק""ג",true,0,4.90,4.90,true,1,
4412807,false,מלון,,,מלון,Unknown,0.00,"ק""ג",true,0,8.90,8.90,true,1,
4412814,false,מלפפונים,,,מלפפונים,Unknown,0.00,"ק""ג",true,0,7.90,7.90,true,1,
4412838,false,כרובית,,,כרובית,Unknown,0.00,"ק""ג",true,0,12.90,12.90,true,1,
4412845,false,כרוב אדום,,,כרוב אדום,Unknown,0.00,"ק""ג",true,0,5.90,5.90,true,1,
4412852,false,כרוב לבן,,,כרוב לבן,Unknown,0.00,"ק""ג",true,0,3.90,3.90,true,1,
4412869,false,חצילים,,,חצילים,Unknown,0.00,"ק""ג",true,0,5.90,5.90,true,1,
4412876,false,דלעת,,,דלעת,Unknown,0.00,"ק""ג",true,0,8.90,8.90,true,1,
4412883,false,גזר,,,גזר,Unknown,0.00,"ק""ג",true,0,4.90,4.90,true,1,
4412913,false,דלורית,,,דלורית,Unknown,0.00,"ק""ג",true,0,9.90,9.90,true,1,
4418021,false,חציל בלאדי,,,חציל בלאדי,Unknown,0.00,"ק""ג",true,0,3.90,3.90,true,1,
4421021,false,זרעי סלרי,,,זרעי סלרי,Unknown,0.00,"ק""ג",true,0,49.00,49.00,true,1,
4421038,false,קינמון שלם סיני במשק,,,קינמון שלם סיני במשק,Unknown,0.00,"ק""ג",true,0,75.00,75.00,true,1,
4421045,false,קימל שלם במשקל,,,קימל שלם במשקל,Unknown,0.00,"ק""ג",true,0,75.00,75.00,true,1,
4421069,false,תערובת בריאות פירות,,,תערובת בריאות פירות,Unknown,0.00,"ק""ג",true,0,99.00,99.00,true,1,
4421106,false,חמוציות חתוך ברכז תפ,,,חמוציות חתוך ברכז תפ,Unknown,0.00,"ק""ג",true,0,59.00,59.00,true,1,
4421137,false,שומשום שחור,,,שומשום שחור,Unknown,0.00,"ק""ג",true,0,39.00,39.00,true,1,
4421984,false,זנגביל גינגר טחון,,,זנגביל גינגר טחון,Unknown,0.00,"ק""ג",true,0,80.00,80.00,true,1,
4530044,false,אמנטל צרפתי במשקל,,,אמנטל צרפתי במשקל,Unknown,0.00,"ק""ג",true,0,115.00,115.00,true,1,
4725600,false,גבינה צהובה סקנדינבית 31% במשקל,,,גבינה צהובה סקנדינבי,Unknown,0.00,"ק""ג",true,0,75.00,75.00,true,1,
4861025,false,גבינה בולגרית 5%,,,גבינה בולגרית 5%,Unknown,0.00,"ק""ג",true,0,50.00,50.00,true,1,
4861056,false,גבינה צפתית עגולה 5%,,,גבינה צפתית עגולה 5%,קילוגרמים,0.00,"ק""ג",true,0,49.00,49.00,true,1,
4861063,false,גבינת קאש 9% במשקל,,,גבינת קאש 9% במשקל,קילוגרמים,0.00,"ק""ג",true,0,55.00,55.00,true,1,
4861261,false,טבורוג בטעמים 9%,,,טבורוג בטעמים 9%,Unknown,0.00,"ק""ג",true,0,40.00,40.00,true,1,
4861285,false,טבורוג טבעי 9%,,,טבורוג טבעי 9%,Unknown,0.00,"ק""ג",true,0,39.00,39.00,true,1,
4861445,false,לבנה כדורים בשמן זית,,,לבנה כדורים בשמן זית,Unknown,0.00,"ק""ג",true,0,109.00,109.00,true,1,
4982379,false,גבינת פול אפי במשקל,,,גבינת פול אפי במשקל,Unknown,0.00,"ק""ג",true,0,220.00,220.00,true,1,
4982393,false,ברס בלו במשקל,,,ברס בלו במשקל,Unknown,0.00,"ק""ג",true,0,194.00,194.00,true,1,
5053603,false,גבינת שמנת 42% במשקל,,,גבינת שמנת 42% במשקל,Unknown,0.00,"ק""ג",true,0,32.00,32.00,true,1,
5555130,false,פיקדון תריסר,,,פיקדון תריס,Unknown,0.00,Unknown,false,1,3.60,3.60,true,1,
5555200,false,פיקדון חוזר שישייה 1.2,,,פיקדון חוזר שישייה 1,Unknown,0.00,Unknown,false,1,7.20,7.20,true,1,
5678011,false,ענבים טומפוסון ללא חרצנים,,,ענבים טומפוסון ללא ח,Unknown,0.00,"ק""ג",true,0,19.90,19.90,true,1,
5678400,false,ענבים ראד גלוב חרצנים,,,ענבים ראד גלוב חרצני,Unknown,0.00,"ק""ג",true,0,24.90,24.90,true,1,
5992858,false,פטה 5% מעודנת במשקל,,,פטה 5% מעודנת במשקל,Unknown,0.00,"ק""ג",true,0,119.00,119.00,true,1,
5992889,false,גבינת שמנת 30% שמיר,,,גבינת שמנת 30% שמיר,קילוגרמים,0.00,"ק""ג",true,0,45.00,45.00,true,1,
5992902,false,גבינת שמנת 30% ירקות,,,גבינת שמנת 30% ירקות,קילוגרמים,0.00,"ק""ג",true,0,45.00,45.00,true,1,
5992964,false,פטה כבשים מסורתי במשקל,,,פטה כבשים מסורתי,Unknown,0.00,"ק""ג",true,0,102.00,102.00,true,1,
6186027,false,בשר לבן טרי טחון,,,בשר לבן טרי טחון,Unknown,0.00,"ק""ג",true,0,64.90,64.90,true,1,
6187253,false,סלמי סוגוק,,,סלמי סוגוק,Unknown,0.00,"ק""ג",true,0,150.00,150.00,true,1,
6187260,false,סינטה לבן טרי מפורק,,,סינטה לבנה מפורקת,Unknown,0.00,"ק""ג",true,0,79.90,79.90,true,1,
6187390,false,רגל לבן טרי,,,רגל לבן טרי,Unknown,0.00,"ק""ג",true,0,8.90,8.90,true,1,
6187451,false,סטייק צוואר לבן טרי,,,סטייק צוואר לבן טרי,Unknown,0.00,"ק""ג",true,0,84.90,84.90,true,1,
6187468,false,סטייק צלע לבן טרי,,,סטייק צלע לבן טרי,Unknown,0.00,"ק""ג",true,0,71.90,71.90,true,1,
6187604,false,שייטל טרי,,,שייטל בקר נקי טרי,Unknown,0.00,"ק""ג",true,0,109.90,109.90,true,1,
6189042,false,סרוולט הזהב,,,סרוולט הזהב,Unknown,0.00,"ק""ג",true,0,179.00,179.00,true,1,
6189073,false,קופה איטליאנה נתח בעישון קר,,IL,קופה איטליאנה נתח בע,Unknown,0.00,"ק""ג",true,0,260.00,260.00,true,1,
6194190,false,קצוות נקניק,,,קצוות נקניק,Unknown,0.00,"ק""ג",true,0,33.00,33.00,true,1,
6217042,false,בוט במשקל מניה,,,בוט במשקל מניה,Unknown,0.00,"ק""ג",true,0,55.00,55.00,true,1,
6217066,false,נקניקיות וינר מניה,,,נקניקיות וינר במשקל,Unknown,0.00,"ק""ג",true,0,69.00,69.00,true,1,
6217189,false,קייזר במשקל מניה,,,קייזר במשקל,Unknown,0.00,"ק""ג",true,0,139.00,139.00,true,1,
6217257,false,בוזנינה רגילה מניה,,,בוזנינה רגילה,Unknown,0.00,"ק""ג",true,0,130.00,130.00,true,1,
6217325,false,בייקון חי במשקל מניה,,,בייקון חי במשקל,Unknown,0.00,"ק""ג",true,0,180.00,180.00,true,1,
6217431,false,צוואר מעושן במשקל,,,צוואר מעושן במשקל,Unknown,0.00,"ק""ג",true,0,130.00,130.00,true,1,
6217448,false,צוואר פיקנטי במשקל,,,צוואר פיקנטי במשקל,גרמים,0.00,"ק""ג",true,0,130.00,130.00,true,1,
6217455,false,פסטרמה פילה לבן במשקל,,,פסטרמה פילה לבן,Unknown,0.00,"ק""ג",true,0,130.00,130.00,true,1,
6217585,false,בליק קייבסקי במשקל,,,בליק קייבסקי במשקל,Unknown,0.00,"ק""ג",true,0,130.00,130.00,true,1,
6217622,false,לחם בשר מניה,,,לחם בשר במשקל,Unknown,0.00,"ק""ג",true,0,70.00,70.00,true,1,
6217738,false,פסטרמה הונגרית במשקל,,,פסטרמה הונגרית במשקל,גרמים,0.00,"ק""ג",true,0,130.00,130.00,true,1,
6217783,false,אסאדו על האש במשקל מניה,,,אסאדו על האש במשקל,Unknown,0.00,"ק""ג",true,0,130.00,130.00,true,1,
6217837,false,נקניקיות פרנקפורטר,,IL,נקניקיות פרנקפורטר,Unknown,0.00,"ק""ג",true,0,56.00,56.00,true,1,
6217844,false,בליק דרניצקי במשקל,,,בליק דרניצקי במשקל,Unknown,0.00,"ק""ג",true,0,165.00,165.00,true,1,
6217936,false,קוסטיצה שחור במשקל מניה,,,קוסטיצה שחור במשקל,Unknown,0.00,"ק""ג",true,0,139.00,139.00,true,1,
6217943,false,נקניקיות וינר עבה מניה,,,נקניקיות וינר,קילוגרמים,0.00,"ק""ג",true,0,69.00,69.00,true,1,
6217950,false,נקניקיות וינר חדש פרדי מניה,,,נקניקיות וינר פרדי,Unknown,0.00,"ק""ג",true,0,75.00,75.00,true,1,
6217998,false,קנקרס מעושן במשקל מניה,,,קנקרס מעושן במשקל,Unknown,0.00,"ק""ג",true,0,38.00,38.00,true,1,
6218100,false,נקניקיות גבינה בוואקום במשקל מניה,,,נקניקיות גבינה,Unknown,0.00,"ק""ג",true,0,65.00,65.00,true,1,
6218643,false,נקניקיות עוף לילדים מניה,,,נקניקיות עוף לילדים,Unknown,0.00,"ק""ג",true,0,40.00,40.00,true,1,
6218667,false,נקניק לבירה במשקל מניה,,,נקניק לבירה במשקל מנ,Unknown,0.00,"ק""ג",true,0,160.00,160.00,true,1,
6219015,false,נקניק הרץ מניה,,,נקניק הרץ,Unknown,0.00,"ק""ג",true,0,105.00,105.00,true,1,
6219039,false,פריזר תה צינייה בייבי במשקל מניה,,,פריזר צינייה בייבי,Unknown,0.00,"ק""ג",true,0,65.00,65.00,true,1,
6219060,false,נקניק רוסקייה,,,נקניק רוסקייה,Unknown,0.00,"ק""ג",true,0,160.00,160.00,true,1,
6219077,false,נקניק סלמי רוחברג מניה,,,נקניק סלמי רוחברג,Unknown,0.00,"ק""ג",true,0,160.00,160.00,true,1,
6219114,false,נקניק קרמלובסקייה מניה,,,נקניק קרמלובסקייה,Unknown,0.00,"ק""ג",true,0,160.00,160.00,true,1,
6219138,false,נקניק זרניסטיה מניה,,,נקניק זרניסטיה,Unknown,0.00,"ק""ג",true,0,160.00,160.00,true,1,
6219176,false,קנקרס מעושן במשקל מניה,,,קנקרס מעושן במשקל מנ,Unknown,0.00,"ק""ג",true,0,40.00,40.00,true,1,
6219237,false,אכוטניצה במשקל,,,אכוטניצה במשקל,Unknown,0.00,"ק""ג",true,0,105.00,105.00,true,1,
6219251,false,פריזר בייגלה במשקל,,,פריזר בייגלה מניה,Unknown,0.00,"ק""ג",true,0,70.00,70.00,true,1,
6219374,false,פריזר גדול רוסי במשקל מניה,,,פריזר גדול רוסי במשק,Unknown,0.00,"ק""ג",true,0,70.00,70.00,true,1,
6219381,false,נקניק קראקובסקה מניה,,,נקניק קראקובסקה,Unknown,0.00,"ק""ג",true,0,86.00,86.00,true,1,
6219459,false,נקניק גרמני מניה,,,נקניק גרמני,Unknown,0.00,"ק""ג",true,0,115.00,115.00,true,1,
6219510,false,נקניקיות פרנקפורטר,,IL,נקניקיות פרנקפורטר,Unknown,0.00,"ק""ג",true,0,56.00,56.00,true,1,
6219640,false,קוסטיצה לבן במשקל מניה,,,קוסטיצה לבנה במשקל,קילוגרמים,0.00,"ק""ג",true,0,139.00,139.00,true,1,
6219718,false,פריזר ביצה במשקל,,,פריזר ביצה במשקל,Unknown,0.00,"ק""ג",true,0,43.00,43.00,true,1,
6219770,false,דוקטורסקיה פרימיום מניה,,,דוקטורסקיה פרימיום,Unknown,0.00,"ק""ג",true,0,65.00,65.00,true,1,
6219879,false,פריזר טעם של פעם מניה,,,פריזר טעם של פעם,Unknown,0.00,"ק""ג",true,0,70.00,70.00,true,1,
6219893,false,פריזר גדול צהוב מניה,,,פריזר גדול צהוב,Unknown,0.00,"ק""ג",true,0,40.00,40.00,true,1,
6219909,false,פריזר קטן רוסי מניה,,,פריזר קטן רוסי,Unknown,0.00,"ק""ג",true,0,70.00,70.00,true,1,
6219923,false,פרושוטו חי במשקל מניה,,,פרושוטו חי במשקל,Unknown,0.00,"ק""ג",true,0,139.00,139.00,true,1,
6357571,false,סמוקרלה בסגנון שקיל,,,סמוקרלה בסגנון שקיל,Unknown,0.00,"ק""ג",true,0,84.00,84.00,true,1,
6452221,false,עדשים ירוקים,,,עדשים ירוקים,Unknown,0.00,"ק""ג",true,0,15.00,15.00,true,1,
6452351,false,אגוז מלך בקליפה,,,אגוז מלך בקליפה,Unknown,0.00,"ק""ג",true,0,33.00,33.00,true,1,
6452382,false,זנגויל לא מסוכר,,,זנגויל לא מסוכר,Unknown,0.00,"ק""ג",true,0,39.00,39.00,true,1,
6452467,false,בבונג,,,בבונג,Unknown,0.00,"ק""ג",true,0,90.00,90.00,true,1,
6452474,false,אניס טחון,,,אניס טחון,Unknown,0.00,"ק""ג",true,0,100.00,100.00,true,1,
6452733,false,אגוז לוז קלוף מולבן,,,אגוז לוז קלוף מולבן,Unknown,0.00,"ק""ג",true,0,99.00,99.00,true,1,
6453105,false,פקאן מלוח,,,פקאן מלוח במשקל,Unknown,0.00,"ק""ג",true,0,119.00,119.00,true,1,
6519320,false,תחליף גבינה מעושנת במשקל GURMAN,,,גבינה אנלוגי מעושנת,Unknown,0.00,"ק""ג",true,0,70.00,70.00,true,1,
6519511,false,פריזר עוף מזרע,,,פריזר עוף,Unknown,0.00,"ק""ג",true,0,35.00,35.00,true,1,
6519566,false,פריזר אדום גדול,,,פריזר אדום גדול,Unknown,0.00,"ק""ג",true,0,59.00,59.00,true,1,
6519597,false,נקניק מוסקובסקיה חצי יבש מזרע,,,נקניק מוסקובסקיה,Unknown,0.00,"ק""ג",true,0,95.00,95.00,true,1,
6520227,false,טחון הודו טרי,,,טחון הודו טרי,Unknown,0.00,"ק""ג",true,0,34.90,34.90,true,1,
6520333,false,שניצל הודו פרוס טרי,,,שניצל הודו פרוס טרי,Unknown,0.00,"ק""ג",true,0,39.90,39.90,true,1,
6520388,false,שניצל חזה עוף פרוס טרי,,,שניצל חזה עוף פרוס,Unknown,0.00,"ק""ג",true,0,39.90,39.90,true,1,
6520395,false,בשר עוף טרי טחון,,,בשר עוף טרי טחון,Unknown,0.00,"ק""ג",true,0,36.90,36.90,true,1,
6831828,false,שניצל עגל טרי,,,שניצל עגל טרי,Unknown,0.00,"ק""ג",true,0,99.90,99.90,true,1,
6835161,false,פסטרמה לבנה רוסית מעושנת מזרע,,,פסטרמה לבנה רוסית,Unknown,0.00,"ק""ג",true,0,120.00,120.00,true,1,
6836120,false,גבינה נזיני מליטה במשקל,,,NEZHNIY GURMAN גבינה,Unknown,0.00,"ק""ג",true,0,70.00,70.00,true,1,
6837004,false,גבינה מעורב במשקל,,,גבינה מעורב במשקל,Unknown,0.00,"ק""ג",true,0,43.00,43.00,true,1,
6837394,false,סלמי העמק מזרע,,,סלמי העמק,Unknown,0.00,"ק""ג",true,0,55.00,55.00,true,1,
6837592,false,תחליף גבינה במשקל SVALIA,,,SVALIA גבינה אנלוגי,Unknown,0.00,"ק""ג",true,0,70.00,70.00,true,1,
6837608,false,תחליף גבינה במשקל DVARO,,,DVARO גבינה אנלוגי ב,Unknown,0.00,"ק""ג",true,0,70.00,70.00,true,1,
6837639,false,תחליף גבינה במשקל ROSSIYSKIY,,,ROSSIYSKIY גבינה אנל,Unknown,0.00,"ק""ג",true,0,70.00,70.00,true,1,
6843371,false,ספריבס חזה לבן ללא עור טרי,,,ספריבס חזה לבן ללא ע,Unknown,0.00,"ק""ג",true,0,85.90,85.90,true,1,
6843913,false,ירכיים עוף טרי,,,ירכיים עוף טרי,Unknown,0.00,"ק""ג",true,0,24.90,24.90,true,1,
6843944,false,עוף שלם טרי,,,עוף שלם טרי,Unknown,0.00,"ק""ג",true,0,17.90,17.90,true,1,
6843951,false,גרון/גב/עצמות עוף טרי,,,גרון/גב/עצמות עוף טר,Unknown,0.00,"ק""ג",true,0,1.90,1.90,true,1,
8175777,false,גבינת IBERICO מעורבת במשקל,,,גבינת IBERICO מעורבת,Unknown,0.00,"ק""ג",true,0,95.00,95.00,true,1,
8286947,false,"פילה סלמון מנות ע""ע",,NO,"פילה סלמון מנות ע""ע",Unknown,0.00,"ק""ג",true,0,84.90,84.90,true,1,
8379120,false,גבינת ריקוטה במשקל,,,גבינת ריקוטה במשקל,Unknown,0.00,"ק""ג",true,0,44.00,44.00,true,1,
8379854,false,גבינה גרוזינסקי במשקל,,,גבינה גרוזינסקי במשק,Unknown,0.00,"ק""ג",true,0,59.00,59.00,true,1,
8379946,false,כדורי מוצרלה במשקל,,,כדורי מוצרלה,Unknown,0.00,"ק""ג",true,0,74.00,74.00,true,1,
8379977,false,גבינת סולוגוני במשקל,,,גבינת סולוגוני במשקל,Unknown,0.00,"ק""ג",true,0,74.00,74.00,true,1,
8403641,false,גבינה בימסטר רויאל במשקל,,,גבינה בימסטר רויאל ב,Unknown,0.00,"ק""ג",true,0,180.00,180.00,true,1,
8403788,false,פורמזה דה פינואה במשקל,,IT,פורמזה דה פינואה במש,Unknown,0.00,"ק""ג",true,0,170.00,170.00,true,1,
8433426,false,פילה הייק קפוא,,,פילה הייק קפוא,Unknown,0.00,"ק""ג",true,0,54.90,54.90,true,1,
8433686,false,נקניקיות מרגז קפוא ארוז,,,נקניקיות מרגז קפואות,Unknown,0.00,"ק""ג",true,0,68.90,68.90,true,1,
8433853,false,כתף בקר מעושן מזרע,,,כתף בקר מעושנת מזרע,Unknown,0.00,"ק""ג",true,0,130.00,130.00,true,1,
8434638,false,פרגיות עוף שווארמה טרי,,IL,פרגית קצרה/ שווארמה,Unknown,0.00,"ק""ג",true,0,59.90,59.90,true,1,
8434683,false,צדר אדום גרמני במשקל,,,צדר אדום גרמני במשקל,Unknown,0.00,"ק""ג",true,0,89.00,89.00,true,1,
8436175,false,פילה סלמון פרוס קפוא,,,פילה סלמון פרוס קפוא,Unknown,0.00,"ק""ג",true,0,104.90,104.90,true,1,
8436892,false,עצמות לבנות טרי,,,עצמות לבנות טרי,Unknown,0.00,"ק""ג",true,0,12.90,12.90,true,1,
8437103,false,גבינת סנט מור פחם במשקל,,,גבינת סנט מור פחם במ,Unknown,0.00,"ק""ג",true,0,157.00,157.00,true,1,
8438353,false,עצמות בקר,,,עצמות בקר,Unknown,0.00,"ק""ג",true,0,9.90,9.90,true,1,
8438667,false,פסטרמה כתף רומני מזרע,,,פסטרמה כתף רומני,Unknown,0.00,"ק""ג",true,0,120.00,120.00,true,1,
8439213,false,פסטרמה הודו פרפר על האש מזרע,,,פסטרמה הודו פרפר על,Unknown,0.00,"ק""ג",true,0,75.00,75.00,true,1,
8439510,false,פסטרמה הודו בדבש מזרע,,,פסטרמה הודו בדבש,Unknown,0.00,"ק""ג",true,0,70.00,70.00,true,1,
8439527,false,פסטרמה הודו פרפר מעושן מזרע,,,פסטרמה הודו פרפר מעו,Unknown,0.00,"ק""ג",true,0,75.00,75.00,true,1,
8439541,false,פסטרמה הודו על האש,,,פסטרמה הודו על האש,Unknown,0.00,"ק""ג",true,0,70.00,70.00,true,1,
8439572,false,פסטרמה הודו פרפר רומני מזרע,,,פסטרמה הודו פרפר,Unknown,0.00,"ק""ג",true,0,75.00,75.00,true,1,
8439589,false,פסטרמה הודו פרפר בשום,,,פסטרמה הודו פרפר בשו,Unknown,0.00,"ק""ג",true,0,72.00,72.00,true,1,
8439787,false,פסטרמה לבנה רומנית מזרע,,,פסטרמה לבנה רומנית,Unknown,0.00,"ק""ג",true,0,120.00,120.00,true,1,
8440004,false,ירך לבן (פולקה) טרי,,,ירך לבן טרי,Unknown,0.00,"ק""ג",true,0,64.90,64.90,true,1,
8440059,false,אקסים לבן טרי,,,אקסים לבן טרי,Unknown,0.00,"ק""ג",true,0,39.90,39.90,true,1,
8440400,false,כבד לבן טרי,,,כבד לבן טרי,Unknown,0.00,"ק""ג",true,0,11.90,11.90,true,1,
8440417,false,לב חזיר טרי,,,לב חזיר טרי,Unknown,0.00,"ק""ג",true,0,14.90,14.90,true,1,
8440523,false,סטייק סינטה מופשר מיושן,,,סטייק סינטה מופשר,Unknown,0.00,"ק""ג",true,0,79.90,79.90,true,1,
8441056,false,זלץ מזרע,,,זלץ,Unknown,0.00,"ק""ג",true,0,80.00,80.00,true,1,
8442060,false,נקניק קבנוס מזרע,,,נקניק קבנוס מזרע,Unknown,0.00,"ק""ג",true,0,90.00,90.00,true,1,
8442114,false,דמשניה ארוכה מזרע,,,דמשניה ארוכה מזרע,Unknown,0.00,"ק""ג",true,0,110.00,110.00,true,1,
8442350,false,גבינה מעושנת SNACKS במשקל,,,SNACKS גבינה אנלוגי,Unknown,0.00,"ק""ג",true,0,125.00,125.00,true,1,
8442374,false,סלמי פיין כפרית מזרע,,,סלמי פיין כפרית,Unknown,0.00,"ק""ג",true,0,95.00,95.00,true,1,
8442473,false,נקניק הרץ יבש מזרע,,,נקניק הרץ יבש,Unknown,0.00,"ק""ג",true,0,175.00,175.00,true,1,
8442602,false,נקניק פיקולו יבש,,,נקניק פיקולו יבש,Unknown,0.00,"ק""ג",true,0,152.00,152.00,true,1,
8442640,false,פילה דג בסה קפוא בוואקום,,,פילה דג בסה קפוא,Unknown,0.00,"ק""ג",true,0,31.90,31.90,true,1,
8442671,false,נקניק אגסי יבש מזרע,,,נקניק אגסי יבש,Unknown,0.00,"ק""ג",true,0,175.00,175.00,true,1,
8442688,false,נקניק כפרית יבש מזרע,,,נקניק כפרית יבש,Unknown,0.00,"ק""ג",true,0,162.00,162.00,true,1,
8442831,false,שינקין מעודן מעושן דל שומן מזרע,,,שינקין מעודן מעושן,Unknown,0.00,"ק""ג",true,0,135.00,135.00,true,1,
8461047,false,גבינת ברי לה רוסטיק במשקל,,,גבינת ברי לה רוסטיק,Unknown,0.00,"ק""ג",true,0,172.00,172.00,true,1,
8498005,false,גבינת פרמזן טחון במשקל,,,גבינת פרמזן טחון במש,Unknown,0.00,"ק""ג",true,0,114.00,114.00,true,1,
8498203,false,מונצגו,,,מנצגו,Unknown,0.00,"ק""ג",true,0,157.00,157.00,true,1,
8498210,false,גבינת כבשים עם פטריות כמהין במשקל,,,גבינת כבשים עם פטריו,Unknown,0.00,"ק""ג",true,0,314.00,314.00,true,1,
8498234,false,גבינת עיזים מאוריסיו שקיל,,,גבינת עיזים מאוריסיו,Unknown,0.00,"ק""ג",true,0,198.00,198.00,true,1,
8498241,false,גבינת עיזים קפריציו טבעי במשקל,,,גבינת עיזים קפריציו,Unknown,0.00,"ק""ג",true,0,168.00,168.00,true,1,
8498258,false,גבינת עיזים קפריציו עם תבלינים במשקל,,,גבינת עיזים קפריציו,Unknown,0.00,"ק""ג",true,0,174.00,174.00,true,1,
8498265,false,גבינה תום דה קטלוניה במשקל,,,גבינה תום דה קטלוניה,Unknown,0.00,"ק""ג",true,0,189.00,189.00,true,1,
8498449,false,גבינת קומטה 16 חודש,,,גבינת קומטה 16 חודש,Unknown,0.00,"ק""ג",true,0,236.00,236.00,true,1,
8498456,false,פרובלונה דולצה שקיל,,,פרובלונה דולצה שקיל,Unknown,0.00,"ק""ג",true,0,166.00,166.00,true,1,
8498531,false,גבינת עיזים כמהין במשקל,,,גבינת עיזים כמהין במ,Unknown,0.00,"ק""ג",true,0,314.00,314.00,true,1,
8498739,false,גבינת דליס דה בורגון צרפתית,,,גבינת דליס דה בורגון,Unknown,0.00,"ק""ג",true,0,259.00,259.00,true,1,
8498753,false,גבינת בושה עיזים במשקל,,,גבינת בושה עיזים במש,Unknown,0.00,"ק""ג",true,0,173.00,173.00,true,1,
8498838,false,גאודה עיזים מיושנת במשקל,,,גאודה עיזים מיושנת ב,Unknown,0.00,"ק""ג",true,0,194.00,194.00,true,1,
8498913,false,גבינת לנדנה עיזים יין שקיל,,,גבינת לנדנה עיזים יי,Unknown,0.00,"ק""ג",true,0,210.00,210.00,true,1,
8498951,false,גבינת גאודה וויסקי ומייפל,,,גבינת גאודה וויסקי ו,Unknown,0.00,"ק""ג",true,0,173.00,173.00,true,1,
8713573,false,גאודה הולנדית חרדל במשקל,,,גאודה הולנדית חרדל,Unknown,0.00,"ק""ג",true,0,122.00,122.00,true,1,
8774604,false,שטרודל רולדה ברלה- מאפית,,,שטרודל רולדה ברלה,Unknown,0.00,"ק""ג",true,0,61.00,61.00,true,1,
8940153,false,קרים ציז פילדפיה במשקל,,,קרים ציז פילדפיה במש,Unknown,0.00,"ק""ג",true,0,68.00,68.00,true,1,
9431803,false,גבינה פקורינו רומאנו במשקל,,IT,גבינה פקורינו רומאנו,Unknown,0.00,"ק""ג",true,0,189.00,189.00,true,1,
9441017,false,עגבניות שרי,,,עגבניות שרי,Unknown,0.00,"ק""ג",true,0,19.90,19.90,true,1,
9441024,false,עגבניות תמר,,,עגבניות שרי,Unknown,0.00,"ק""ג",true,0,17.90,17.90,true,1,
9994100,false,סלמון טראוט מעושן פוסן במשקל,,,סלמון טראוט מעושן פו,Unknown,0.00,"ק""ג",true,0,195.00,195.00,true,1,
10271027,false,מפיות 20*20 קולקשן,,,מפיות 20*20 קולקשן,קילוגרמים,0.00,"ק""ג",false,1,15.90,15.90,true,1,
40084107,false,ביצת שוקולד הפתעה קינדר,פרדי קונדטוריה אס פי,,קינדר ביצת הפתעה,Unknown,0.00,Unknown,false,1,5.50,5.50,true,1,
40111216,false,באונטי חטיף קוקוס ושוקולד 57ג',"נארז ע""י : א.ג. גילר",,חטיף באונטי 57 גרם,גרמים,57.00,100 גרם,false,1,3.90,6.84,true,1,
40111445,false,מ&מס פינאטס 45 גרם,,,מ&מס פינאטס 45 גרם,גרמים,45.00,100 גרם,false,1,4.90,10.89,true,1,
40111490,false,מ&מס שוקולד 45 גרם,,,מ&מס שוקולד 45 גרם,גרמים,45.00,100 גרם,false,1,4.90,10.89,true,1,
40144061,false,קנופרס חטיף וופל 25 גרם 24 יח,ליימן שליסל,DE,קנופרס חטיף וופל 25,גרמים,25.00,100 גרם,false,1,3.50,14.00,true,1,
40786179,false,בירה לוונבראו פחית 500 מל,Spaten,,בירה לוונבראו פחית 5,מיליליטרים,500.00,"100 מ""ל",false,1,11.90,2.38,true,1,
41001356,false,"בירה בקס פחית 500 מ""ל",יבואן ומשווק: ש. שסט,,"בירה בקס פחית 500 מ""",מיליליטרים,500.00,"100 מ""ל",false,1,11.90,2.38,true,1,
42061939,false,"בירה בקס בקבוק 500 מ""ל בקבוק","איי, בי, אינבוו",,"בירה בקס 500 מ""ל",מיליליטרים,500.00,"100 מ""ל",false,1,9.90,1.98,true,1,
42101666,false,"מסטיק בטעם מנטה ואקליפטוס איירווייבס 35 גרם לל""ס",ריגלי,,איירוייבז מנטה ואקלי,Unknown,0.00,Unknown,false,1,7.10,7.10,true,1,
42134978,false,סרגל מרציפן סנטה ארסמי כאסטן 100 גר,Erasmi & Carstens Gm,,סרגל מרציפן סנטה ארס,גרמים,100.00,100 גרם,false,1,13.90,13.90,true,1,
42138105,false,סיגריות וינסטון סופר סלימס כחול,גיי טי אינטרנשיונל,,ווינסטון סופר סלימס,Unknown,0.00,Unknown,false,1,33.00,33.00,true,1,
42138129,false,ווינסטון סופר סלימס נטוראל חפיסה,Unknown,,ווינסטון סופר סלימס,Unknown,0.00,Unknown,false,1,33.00,33.00,true,1,
42182115,false,אורביט פייב ספירמינט 12 סטיקס 29 גר,מרס נדרלנד,,אורביט פייב ספירמינט,Unknown,0.00,Unknown,false,1,6.90,6.90,true,1,
42270461,false,"בירה ATOR קראפט 7.5% 660 מ""ל",RIEGELE,,בירה ATOR קראפט 7.5%,מיליליטרים,660.00,"100 מ""ל",false,1,40.90,6.20,true,1,
42270478,false,"בירה NOCTUS קראפט 10% 660 מ""ל",RIEGELE,,בירה NOCTUS קראפט 10,מיליליטרים,660.00,"100 מ""ל",false,1,40.90,6.20,true,1,
42299363,false,"ניוואה - דאודורנט רול און לגבר פרש פאוור 50 מ""ל",ביירסדורף,,דאו רול און לגבר FRE,מיליליטרים,50.00,"100 מ""ל",false,1,23.50,47.00,true,1,
42306788,false,מסטיק בטעם אוכמניות ומנטה איירווייבס 35 גרם,ריגלי,,איירוייבז אוכמניות ו,Unknown,0.00,Unknown,false,1,7.10,7.10,true,1,
42370314,false,גונץ-סמרטיז קלפר מולטי מיקס 55.5 גר,,,גונץ-סמרטיז קלפר מול,גרמים,55.00,100 גרם,false,1,15.90,28.91,true,1,
45358850,false,אוסובוקו טרי פרוס,,,אוסובוקו טרי,Unknown,0.00,"ק""ג",true,0,49.90,49.90,true,1,
50312719,false,קדבורי חטיף טווירל 43 גרם,,,קדבורי חטיף טווירל 4,Unknown,0.00,Unknown,false,1,7.50,7.50,true,1,
54079021,false,"בירה סן ברנרדוס אבט 330 מ""ל בקבוק",דובל מורטגט,,בירה סן ברנרדוס אבט,מיליליטרים,330.00,"100 מ""ל",false,1,14.90,4.52,true,1,
59039549,false,סיגריות ווג פריזון מנטה בודד,Unknown,,ווג פריזון מנטול חפי,Unknown,0.00,Unknown,false,1,38.00,38.00,true,1,
59068907,false,סיגריות פאל מאל כחול דמי סלימס,גלוברנס,,פאל מאל כחול דמי סלי,Unknown,0.00,Unknown,false,1,26.00,26.00,true,1,
59068914,false,סיגריות פאל מאל סילבר דמי סלימס,Unknown,,פאל מאל סילבר דמי סל,Unknown,0.00,Unknown,false,1,26.00,26.00,true,1,
59455233,false,סיגריות ווג ליידי כחול בודד,Unknown,,ווג סופרסלימס כחול,יחידה,1.00,יחידה,false,1,38.00,38.00,true,1,
59455240,false,סיגריות ווג ליידי לילך בודד,Unknown,,ווג סופרסלימס לילך,יחידה,1.00,יחידה,false,1,38.00,38.00,true,1,
72940754,false,"מילקי מעדן וניל עם קצפת שטראוס 133 מ""ל","שטראוס גרופ בע""\מ",,מילקי וניל 130 גרם,גרמים,130.00,100 גרם,false,1,2.90,2.23,true,1,
72940761,false,"מילקי מעדן שוקולד עם קצפת שטראוס 133 מ""ל",מיוצר עי קונדיטוריית,,מילקי שוקולד 130 גרם,גרמים,130.00,100 גרם,false,1,2.90,2.23,true,1,
72940952,false,מעדן מילקי בטעם שוקולד עם אקסטרה קצפת,"שטראוס גרופ בע""\מ",,מילקי פי 2 קצפת 104,גרמים,104.00,100 גרם,false,1,3.90,3.75,true,1,
72940976,false,סלט כרוב אדום אחלה 250 גרם,מיוצר עי קונדיטוריית,,כרוב אדום 250 גרם,גרמים,250.00,100 גרם,false,1,10.00,4.00,true,1,
72940983,false,סלט חומוס 250 גר אחל,מיוצר עי קונדיטוריית,,חומוס אחלה 250 גרם,גרמים,250.00,100 גרם,false,1,8.30,3.32,true,1,
72941041,false,מעדן מילקי מיני בטעם שוקולד עם קצפת,"שטראוס גרופ בע""\מ",,מיני מילקי שוקולד 62,גרמים,62.00,100 גרם,false,1,2.30,3.71,true,1,
72945308,false,קוביית שמרים טריים לאפיה שמרית 50 גרם,"פאקא תעשיות בע""\מ",,שמרית קוביה 50 גרם,גרמים,50.00,100 גרם,false,1,4.00,8.00,true,1,
72961506,false,יוגורט עם תות 1.5% שומן 125 ג' פרילי,מיוצר עי קונדיטוריית,,פרילי תות 1.5% 125 ג,גרמים,125.00,100 גרם,false,1,3.90,3.12,true,1,
72983997,false,קופסה גולף גולד ארוך בוקס,דובק,,גולף גולד 100 פ.ע חפ,Unknown,0.00,Unknown,false,1,29.90,29.90,true,1,
72986370,false,"גלידת בן & ג'ריס פיינטים וניל 500מ""ל",מוצרי איכות אמריקאיים,,בן אנד גריס גלידת ונ,מיליליטרים,500.00,"100 מ""ל",false,1,24.90,4.98,true,1,
72986424,false,"גלידת בן & ג'ריס פיינטים קרם עוגיות 500מ""ל",מוצרי איכות אמריקאיים בע,,בן אנד גריס גלידת קר,מיליליטרים,500.00,"100 מ""ל",false,1,24.90,4.98,true,1,
72986448,false,"גלידת בן & ג'ריס פיינטים טופי קראנץ 500מ""ל",מוצרי איכות אמריקאיים בע,,בן אנד גריס גלידת טו,מיליליטרים,800.00,"100 מ""ל",false,1,24.90,3.11,true,1,
72986455,false,"גלידה בן& ג'ריס ניו יורק סופר פאדג' צ'אנק 500 מ""ל",מוצרי איכות אמריקאיים בע,,בן אנד גריס גלידת ני,מיליליטרים,500.00,"100 מ""ל",false,1,24.90,4.98,true,1,
72986479,false,"גלידה שוקולד אגוז עם בננות בן וג'ירי 500 מ""ל",מוצרי איכות אמריקאיים בע,,בן אנד גריס גלידת צא,מיליליטרים,500.00,"100 מ""ל",false,1,24.90,4.98,true,1,
72989425,false,"גלידת בן & ג'ריס פיינטים שוקולד בראוניז 500מ""ל",מוצרי איכות אמריקאיים בע,,בן אנד גריס שוקולד ב,מיליליטרים,500.00,"100 מ""ל",false,1,24.90,4.98,true,1,
72991374,false,סיגריות טיים רד חפיס,דובק,,טיים רד חפיסה,Unknown,0.00,Unknown,false,1,29.50,29.50,true,1,
72991381,false,סיגריות טיים 100 RED בודד,דובק,,טיים 100 רד חפיסה,Unknown,0.00,Unknown,false,1,29.50,29.50,true,1,
72991497,false,סיגריות נובלס פילטר בודד,"דובק בע""מ",,נובלס פילטר חפיסה,Unknown,0.00,Unknown,false,1,29.50,29.50,true,1,
72991886,false,"גלידת דולצ'ה בטעם ריבת חלב עם פאדג' בן וג'ירי 500 מ""ל",מוצרי איכות אמריקאיים בע,,בן אנד גריס 500,מיליליטרים,500.00,"100 מ""ל",false,1,24.90,4.98,true,1,
72993637,false,מעדן חלב בטעם שוקולד 125 ג' דני,"שטראוס גרופ בע""\מ",,מעדן דני שוקולד 125,גרמים,125.00,100 גרם,false,1,2.90,2.32,true,1,
72994061,false,חטיף פסק זמן GOOD גלילית לבן 40 גרם,שולן צ'\יקולטה גידה סאן.,,פסק זמן טו גוד 36 גר,גרמים,36.00,100 גרם,false,1,4.90,13.61,true,1,
72994306,false,סיגריות רויאל אדום ח,דובק,,רויאל אדום חפיסה,יחידה,1.00,יחידה,false,1,25.00,25.00,true,1,
72994313,false,סיגריות רויאל כחול בודד,דובק,,רויאל כחול חפיסה,יחידה,1.00,יחידה,false,1,25.00,25.00,true,1,
76136184,false,סיגריות פאל מל סלימס כחול בודד,Unknown,,פאל מאל סופרסלימס כח,Unknown,0.00,Unknown,false,1,30.00,30.00,true,1,
80001461,false,חטיף גרדנה שוקולד 38 גרם,"א. לואקר קונפקט בע""מ",,חטיף גרדנה מצופה 38,גרמים,38.00,100 גרם,false,1,4.40,11.58,true,1,
80001485,false,חטיף גרדנה קוקוס 38 גרם,קריניציה ויטמינה אס,,חטיף גרדנה קוקוס,גרמים,38.00,100 גרם,false,1,4.40,11.58,true,1,
80001911,false,וופל גרדנה במילוי קרם אגוזי לוז ובציפוי שוקולד לבן,ליימן מותגים,,גרדנה שוקולד לבן במי,גרמים,38.00,100 גרם,false,1,4.40,11.58,true,1,
80042563,false,רסק עגבניות 700 ג' (צהוב) MUTTI,"איי, בי, אינבוו",IT,מחית עגבניות קלה 700,גרמים,700.00,100 גרם,false,1,11.90,1.70,true,1,
80050025,false,סוכריות טיק טק תפוז 16 גרם,פררו - אלבה,,סוכריות טיק טק בטעם,גרמים,16.00,100 גרם,false,1,3.50,21.88,true,1,
80050124,false,סוכריות טיק טק מנטה 16 גרם,פררו - אלבה,,סוכריות טיק טק בטעם,גרמים,16.00,100 גרם,false,1,3.50,21.88,true,1,
80052760,false,קינדר בואנו Kinder Bueno עם חלב ואגוזי לוז,פררו - אלבה,,חטיף קינדר בואנו 43,גרמים,43.00,100 גרם,false,1,3.90,9.07,true,1,
80052883,false,סוכריות מנטה חזק 16 ג' טיק טק,פררו,ZA,טיק טק בודד מנטה חזק,גרמים,16.00,100 גרם,false,1,3.50,21.88,true,1,
80136194,false,חטיפי הפי היפו Happy Hippo במילוי קרם חלבי ואגוזי לוז,קינדר Kinder,,קינדר הפי היפו אגוזי,גרמים,104.00,100 גרם,false,1,12.50,12.02,true,1,
80176800,false,נוטלה ממרח שוקולד 750 גרם,פררו תעשיות איטליה ס,,ממרח שוקולד נוטלה 75,גרמים,750.00,100 גרם,false,1,25.90,3.45,true,1,
80177173,false,ממרח שוקולד נוטלה 350 גרם,פררו - אלבה,,ממרח נוטלה 350 גרם,גרמים,350.00,100 גרם,false,1,14.90,4.26,true,1,
80177609,false,אצבעות שוקולד קינדר Kinder ארבע יחידות,פררו - אלבה,,קינדר 50 גרם,גרמים,50.00,100 גרם,false,1,4.40,8.80,true,1,
80177616,false,אצבעות שוקולד קינדר Kinder שמונה יחידות,פררו - אלבה,,טבלת שוקולד קינדר 10,גרמים,100.00,100 גרם,false,1,8.40,8.40,true,1,
80273561,false,פלפל שחור במטחנה 45 גר ארומה דה טוסקנה,דרוגיה ואלימנטרי אס.אר.א,,פלפל שחור במטחנה 45,גרמים,45.00,100 גרם,false,1,14.20,31.56,true,1,
80273592,false,פלפל ארבע עונות 30 גר ארומה דה טוסקנה,דרוגיה ואלימנטרי אס.אר.א,,פלפל ארבע עונות 30 ג,גרמים,30.00,100 גרם,false,1,14.20,47.33,true,1,
80273639,false,מלח ים במטחנה 90 גר ארומה דה טוסקנה,דרוגיה ואלימנטרי אס.אר.א,,מלח ים במטחנה 90 גר,גרמים,90.00,100 גרם,false,1,14.20,15.78,true,1,
80310167,false,קינדר מקסי מאגדת שישיה,קינדר,,קינדר מקסי שישייה 12,גרמים,126.00,100 גרם,false,1,9.90,7.86,true,1,
80310334,false,שוקולד קינדר בצורת סנטה קלאוס 55 גרם,,IT,שוקולד קינדר בצורת ס,גרמים,55.00,100 גרם,false,1,11.90,21.64,true,1,
80310891,false,ג'וי ביצת הפתעה קינדר 20 גרם,קריות זול,ZA,ביצת הפתעה קינדר גוי,גרמים,20.00,100 גרם,false,1,5.90,29.50,true,1,
80525264,false,Agnesi רוטב עגבניות ובזיל 400 גר,,IT,רוטב עגבניות,גרמים,400.00,100 גרם,false,0,14.60,3.65,true,1,
80525462,false,Agnesi רוטב עגבניות נפוליטנה 400 גר,,IT,Agnesi רוטב עגבניות,גרמים,400.00,100 גרם,false,0,14.60,3.65,true,1,
80651017,false,תערובת עשבי טוסקנה במטחנה 15 ארומה דה טו,דרוגריה ואלימנטרי אס,,תערובת עשבי טוסקנה ב,גרמים,15.00,100 גרם,false,1,14.20,94.67,true,1,
80757009,false,{צנצנת} 200 גרם {12} כשר as do mar פילה בשמן זית,,,פילה טונה 200 גר,גרמים,200.00,100 גרם,false,1,37.90,18.95,true,1,
80761761,false,קינדר בואנו לבן בודד 39 גרם,ליימן שליסל,,קינדר בואנו לבן בודד,גרמים,39.00,100 גרם,false,1,3.90,10.00,true,1,
80773429,false,מנטוס בקבוק מעוגל - מסטיק ללא סוכר בטעם תות 60 גרם,"פרפטי ואן מלה ג'\ידה,סאן",,מנטוס בבקבוק פיור,Unknown,0.00,Unknown,false,1,9.90,9.90,true,1,
80773443,false,מנטוס בקבוק מעוגל - מסטיק ללא סוכר בטעם מנטה 60 גרם,"פרפטי ואן מלה ג'\ידה,סאן",,מנטוס בבקבוק מעוגל ט,Unknown,0.00,Unknown,false,1,9.90,9.90,true,1,
80790990,false,מסטיק מנטוס בבקבוק מעוגל בטעם פירות -מנטה 60 ג',"פרפטי ואן מלה ג'\ידה,סאן",,מנטוס בבקבוק מעוגל ט,Unknown,0.00,Unknown,false,1,9.90,9.90,true,1,
80831402,false,סוכריות מנטוס מנטה עדינה 30 יח' ללא סוכר CLEAN BREATH,פרפטי ואן מלה,,"מנטוס מנטה עדינה לל""",גרמים,21.00,100 גרם,false,1,7.30,34.76,true,1,
80832560,false,סוכריות מנטוס פירות יער 21 ג' ללא סוכר CLEAN BREATH,פרפטי ואן מלה,,סוכריות מנטוס קלין ב,גרמים,21.00,100 גרם,false,1,7.30,34.76,true,1,
80843184,false,מנטוס מסטיק פיור פרש בטעם ענבים 60גר,פרפטי ואן מלה הולנד,,מנטוס בבקבוק פיור בט,גרמים,60.00,100 גרם,false,1,9.90,16.50,true,1,
80854753,false,סוכריות מנטוס מנטה 30 יח' ללא סוכר CLEAN BREATH,פרפטי ואן מלה,,"מנטוס מנטה לל""ס 21 ג",גרמים,21.00,100 גרם,false,1,7.30,34.76,true,1,
80864295,false,סוכריות פיור וויט טעם מנטה עדינה 60 ג' מנטוס,"פרפטי ואן מלה ג'ידה,סאן",,מסטיק מנטוס וייט מנט,גרמים,60.00,100 גרם,false,1,9.90,16.50,true,1,
80896081,false,מנטוס בקבוק מעוגל - מסטיק ללא סוכר בטעם אבטיח 60 גרם,"פרפטי ואן מלה ג'\ידה,סאן",,מנטוס בבקבוק בינוני,Unknown,0.00,Unknown,false,1,9.90,9.90,true,1,
80913467,false,מנטוס בקבוק מעוגל - מסטיק ללא סוכר בטעם מנטה,פרפטי ואן מלה הולנד,,מנטוס בבקבוק מעוגל ב,Unknown,0.00,Unknown,false,1,9.90,9.90,true,1,
80936848,false,סוכריות טיק טק תות שדה 24 יח',ליימן-שליסל,,סוכריות טיק טק בטעם,גרמים,16.00,100 גרם,false,1,3.50,21.88,true,1,
80945468,false,סוכריות פיור וויט טעם מנטה מתוקה 60 ג' מנטוס,"פרפטי ואן מלה ג'ידה,סאן",,מסטיק מנטוס וייט מנט,גרמים,60.00,100 גרם,false,1,9.90,16.50,true,1,
80954521,false,"מנטוס מסטיק פיור פרש - תות 28 גרם (14 יח') חת""ס",פרפטי ואן מלה ברדה,NL,מנטוס מסטיק בקופסה ב,גרמים,28.00,100 גרם,false,1,4.50,16.07,true,1,
80979128,false,מנטוס מסטיק בקבוק מעוגל בטעם דובדבן,פרפטי ואן מלה הולנד,,מנטוס בבקבוק פיור בט,גרמים,60.00,100 גרם,false,1,9.90,16.50,true,1,
80982470,false,מסטיק מנטוס פיור פרוסט בטעם מנטה חזק 60 גר',פרפטי ואן מלה ברדה,TR,גומי לעיסה פיור פרוס,גרמים,60.00,100 גרם,false,1,9.90,16.50,true,1,
80986348,false,סוכריות פיור וויט טעם מנטה 60 ג' מנטוס,"פרפטי ואן מלה ג'ידה,סאן",,מסטיק מנטוס וייט מנט,גרמים,60.00,100 גרם,false,1,9.90,16.50,true,1,
87108538,false,סוכריות בטעם תות מנטוס 37.5 גרם,הדקלאים אגודת שיתופי,,מנטוס תות שדה,Unknown,0.00,Unknown,false,1,3.60,3.60,true,1,
87108651,false,סוכריות בטעם מנטה מנטוס 4*37.5 גרם,הדקלאים אגודת שיתופי,,מנטוס מנטה 1/4,גרמים,150.00,100 גרם,false,1,13.50,9.00,true,1,
87311396,false,מנטוס ריינבאוו סוכריות לעיסה בטעמי פירות,פרפטי ואן מלה ברדה,,מנטוס RAINBOW,Unknown,0.00,Unknown,false,1,3.60,3.60,true,1,
87354041,false,מנטוס גליל בטעם דובדבן 40גלילים,פרפטי ואן מלה,NL,סוכריות לעיסה בטעם ד,גרמים,38.00,100 גרם,false,1,3.60,9.47,true,1,
90034107,false,"בירה שטיגל גולדברו 500 מ""ל",מבשלת שטיגל,,בירה שטיגל גולדברו,מיליליטרים,500.00,"100 מ""ל",false,1,12.90,2.58,true,1,
90087011,false,מיץ תפוחים 100% קרטונית ראוך,Rauch fruchtsafte gm,,מיץ תפוחים 100% קרט,מיליליטרים,1000.00,"100 מ""ל",false,1,14.60,1.46,true,1,
90087066,false,מיץ תפוזים 100% טבעי 1 ל' RAUCH,ראוך Rauch,,מיץ תפוזים ראוך 100%,מיליליטרים,1000.00,"100 מ""ל",false,1,14.60,1.46,true,1,
90087271,false,נקטר אוכמניות 1 ליטר קרטונית ראוך,Rauch fruchtsafte gm,,נקטר אוכמניות 1 ליטר,מיליליטרים,1000.00,"100 מ""ל",false,1,14.60,1.46,true,1,
90087547,false,מיץ עגבניות 1 ליטר ראוך קרטונית,Rauch fruchtsafte gm,,מיץ עגבניות 1 ליטר ר,מיליליטרים,1000.00,"100 מ""ל",false,1,11.40,1.14,true,1,
90087769,false,מיץ אננס 100% קרטונית ראוך,Rauch fruchtsafte gm,,מיץ אננס 100% קרטוני,ליטרים,0.00,ליטר,false,1,14.60,14.60,true,1,
90087974,false,חומץ טבעי מתפוחים 750 מל,ראוך פרוכטסאפה,,חומץ טבעי מתפוחים 75,מיליליטרים,750.00,"100 מ""ל",false,1,15.60,2.08,true,1,
90122514,false,מוצרט שוקולד מארז מתנה 34 גרם,,AT,מוצרט שוקולד מארז מת,גרמים,34.00,100 גרם,false,1,9.90,29.12,true,1,
90162602,false,רד בול משקה אנרגיה פקדון 30 אג,רד בול ג'י.אם.בי. אץ,,משקה רד בול מוגז פחי,מיליליטרים,250.00,"100 מ""ל",false,1,7.20,2.88,true,1,
90446269,false,"משקה רד בול אבטיח מוגז פחית 250 מ""ל",ראון פרוכטסאפה,,משקה רד בול אבטיח מו,מיליליטרים,250.00,"100 מ""ל",false,1,7.20,2.88,true,1,
90448867,false,"משקה אנרגיה רד בול ללא פחמימות 250 מ""ל",רד בול,,משקה אנרגיה רד בול ל,מיליליטרים,250.00,"100 מ""ל",false,1,7.20,2.88,true,1,
90453427,false,"משקה אנרגיה רד בול פיטאיה 250 מ""ל",רד בול,,משקה אנרגיה רד בול פ,מיליליטרים,250.00,"100 מ""ל",false,1,7.20,2.88,true,1,
96130339,false,"דאב - דאודורנט רול און לאישה 0% אלומיניום 50 מ""ל",יוניליוור,GB,דאב דאודוראנט רול או,מיליליטרים,50.00,"100 מ""ל",false,1,26.90,53.80,true,1,
8112100298,false,"שמן שומשום טהור מזרח ומערב 185 מ""ל",Flavor full foods in,,"שמן שומשום 185 מ""ל",מיליליטרים,185.00,"100 מ""ל",false,1,14.90,8.05,true,1,
9800800056,false,חטיף שוקולד עם מקלות לחם אנד גו,פררו - אלבה,,נוטלה & גו 52 גרם,גרמים,52.00,100 גרם,false,1,5.00,9.62,true,1,
10900634069,false,XL דיימונד שקיות אשפה חזקות במיוחד 8 יח,דיימונד,ZA,XL דיימונד שקיות אשפ,יחידה,1.00,יחידה,false,1,16.90,16.90,true,1,
10900678148,false,דיאמונד רדיד אלומיניום נון סטיק,דיימונד,CN,דיאמונד רדיד אלומיני,יחידה,1.00,יחידה,false,1,15.90,15.90,true,1,
11182700930,false,קינג קול שעועית אדומה כהה 439 גרם,הנובר פודס,,שעועית אדומה כהה 454,גרמים,454.00,100 גרם,false,1,12.10,2.67,true,1,
11182700954,false,קינג קול שעועית שחורה 439 גרם,האנאובר פודס קורפורשיין,,קינג קול שעועית שחור,גרמים,439.00,100 גרם,false,1,12.10,2.76,true,1,
11210000094,false,"רוטב ""טבסקו"" על בסיס פלפל אדום 60 מ""ל",מקאילהייני אייבורי,,טבסקו פלפל אדום 60 מ,מיליליטרים,90.00,"100 מ""ל",false,1,10.90,12.11,true,1,
11210006508,false,רוטב פלפל הבנרו חריף טבסקו 60 מל,מקאילהייני Mc.Ilhenn,,רוטב פלפל הבנרו חריף,מיליליטרים,60.00,"100 מ""ל",false,1,16.70,27.83,true,1,
11210007253,false,"רוטב ""טבסקו"" על בסיס פלפל אדום ושום 60 מ""ל",מקאילהייני אייבורי,,"טבסקו פלפל שום 60 מ""",מיליליטרים,60.00,"100 מ""ל",false,1,10.90,18.17,true,1,
11210009387,false,"רוטב ""טבסקו"" על בסיס פלפל ירוק חריף 60 מ""ל",מקאילהייני אייבורי,,טבסקו פלפל ירוק 60 מ,מיליליטרים,60.00,"100 מ""ל",false,1,10.90,18.17,true,1,
11210607040,false,"רוטב ""טבסקו"" על בסיס פלפל צ'יפוטלי [בטעם מעושן] 60 מ""ל",מקאילהייני Mc.Ilhenn,,רוטב טבסקו ציפוטלי 6,מיליליטרים,60.00,"100 מ""ל",false,1,10.90,18.17,true,1,
11210618503,false,"רוטב טבסקו על בסיס פלפל סקורפיון 60מ""ל",מק. אילהיני קו,,רוטב טבסקו סקורפיון,מיליליטרים,60.00,"100 מ""ל",false,1,16.70,27.83,true,1,
11210698055,false,רוטב טבסקו סרירציה 566 גרם,מק. אילהיני קו,,רוטב טבסקו סרירציה 5,גרמים,566.00,100 גרם,false,1,31.90,5.64,true,1,
11359630107,false,אבקה להכנת רוטב טאקו מעורב 35 גרם,,NL,אבקה להכנת רוטב טאקו,גרמים,35.00,100 גרם,false,1,7.50,21.43,true,1,
12086322211,false,יין דרוהין שבלי 750 מל צרפתי,,,יין דרוהין שבלי 750,Unknown,0.00,Unknown,false,1,104.90,104.90,true,1,
13300280669,false,א.לפנקייק וואפל באטרמילק 907 ג הנגרי גיק,ג'.מ. סמאקר,,א.לפנקייק וואפל באטר,גרמים,907.00,100 גרם,false,1,27.90,3.08,true,1,
13300604410,false,פילסברי מיקס דוויל'ס 432 ג',,US,פילסברי מיקס דווילס,גרמים,432.00,100 גרם,false,1,15.90,3.68,true,1,
13409341155,false,רוטב ברביקיו דבש 510 גר סוויט בייבי רייס,סוויט בייבי רייז שיק,,רוטב ברביקיו דבש 510,גרמים,510.00,100 גרם,false,1,23.90,4.69,true,1,
13409918104,false,רוטב ברביקיו אורגינל 510 גר סוויט בייבי,סוויט בייבי רייז שיק,,רוטב ברביקיו אורגינל,גרמים,510.00,100 גרם,false,1,23.90,4.69,true,1,
16000185517,false,דגני בוקר פייבר וואן עתירי סובין FIBRE1,בטר אנד דיפרנט,,פייבר וואן 555 גרם,גרמים,555.00,100 גרם,false,1,32.50,5.86,true,1,
16000281684,false,חטיפי גרנולה קראנצ'י עם פקאן נייצ'ר ואלי 5*42 גרם,ליימן מותגים,,קראנצי בטעם פקאן 210,גרמים,210.00,100 גרם,false,1,17.90,8.52,true,1,
16000423534,false,חטיפי גרנולה קראנצ'י עם שיבולת שועל ושוקולד מריר נייצ'ר ואלי 5*42 גרם,ג'נרל מילס סאן אדריאן,,קראנצי שיבולת שועל ו,גרמים,210.00,100 גרם,false,1,17.90,8.52,true,1,
16000548404,false,חטיפי גרנולה קראנצ'י עם שיבולת שועל ודבש נייצ'ר ואלי 5*42 גרם,ג'נרל מילס סאן אדריאן,,קראנצי בטעם שיבולת,גרמים,210.00,100 גרם,false,1,17.90,8.52,true,1,
16000548503,false,חטיפי גרנולה קראנצ'י עם מייפל וסוכר חום נייצ'ר ואלי 5*42 גרם,ג'נרל מילס סאן אדריאן,,קראנצי בטעם מייפל,גרמים,210.00,100 גרם,false,1,17.90,8.52,true,1,
16000548602,false,חטיפי גרנולה קראנצ'י קינמון נייצ'ר ואלי 5*24 גרם,ג'נרל מילס סאן אדריאן,,קראנצי בטעם קנמון,גרמים,210.00,100 גרם,false,1,17.90,8.52,true,1,
16000548909,false,חטיפי גרנולה קראנצ'י במגוון טעמים נייצ'ר ואלי 5*42 גרם,ג'נרל מילס סאן אדריאן,,חטיף ניישטר וואלי 1/,גרמים,210.00,100 גרם,false,1,17.90,8.52,true,1,
16229917647,false,"מי קוקוס בתוספת מנגו 330 מ""ל",ויט וורלד קומפני,,מי קוקוס בתוספת מנגו,מיליליטרים,330.00,"100 מ""ל",false,1,8.20,2.48,true,1,
17252502244,false,"בוסקו סירופ פנקייק בטעם מייפל 709 מ""ל",בוסקו פרודקטס,,סירופ פנקייק בוסקו 7,מיליליטרים,709.00,"100 מ""ל",false,1,21.50,3.03,true,1,
17273502551,false,אמריקן גורנן חרדל קטן 227 גרם,,,חרדל לחיץ 225 גר,גרמים,225.00,100 גרם,false,1,9.90,4.40,true,1,
18000701223,false,"פילסברי, עוגה בטעם שוקולד, תערובת להכנת עוגה בטעם שוקולד. 500 גרם",הדקלאים אגודת שיתופי,,תערובת לעוגת שוקולד,גרמים,517.00,100 גרם,false,1,17.90,3.46,true,1,
18000703494,false,"פילסברי, עוגה בטעם וניל, תערובת להכנת עוגה בטעם וניל. 500 גרם.",הדקלאים אגודת שיתופי,,תערובת לעוגת וניל 51,גרמים,524.00,100 גרם,false,1,17.90,3.42,true,1,
18000766413,false,"פילסברי, עוגה בטעם שוקולד, תערובת להכנת עוגה בטעם שוקולד. 550 גרם.",הדקלאים אגודת שיתופי,,תערובת לבראוניס 552,גרמים,609.00,100 גרם,false,1,17.90,2.94,true,1,
18787506295,false,שפתון קלאסי אורגני דר ברונר,וגה מוצרים טבעיים,US,שפתון קלאסי אורגני ד,Unknown,0.00,Unknown,false,1,25.90,25.90,true,1,
21000052288,false,"קראפט רוטב ברביקיו 510 מ""ל",,US,קראפט רוטב ברביקיו 5,מיליליטרים,510.00,"100 מ""ל",false,1,11.90,2.33,true,1,
21200513152,false,"שלישיית ספוגי קרצוף עדינים ""סקוטש ברייט""",3M קנדה,,שלושה ספוגי קירצוף ל,Unknown,0.00,Unknown,false,1,17.10,17.10,true,1,
21723758887,false,רוטב דגים טיפארוס 700 מל,Tang sang hah co. lt,,רוטב דגים טיפארוס,מיליליטרים,700.00,"100 מ""ל",false,1,14.60,2.09,true,1,
22014004607,false,רסק תפוחי עץ אורגני 4*113 גרם,MANISCHEWITZ,,רסק תפוחי עץ אורגני,גרמים,452.00,100 גרם,false,1,16.70,3.69,true,1,
22014240623,false,רסק תפוחי עץ אורגני בצנצנת 680 גרם,MANISCHEWITZ,,רסק תפוחי עץ אורגני,גרמים,680.00,100 גרם,false,1,17.90,2.63,true,1,
22224500715,false,פופקורן מתוק מלוח ח.בוטנים ושוקולד 156 ג,קניז קודי קומפוני,US,פופקורן מתוק מלוח ח.,גרמים,156.00,100 גרם,false,1,24.90,15.96,true,1,
24463061163,false,סריראצה-רוטב פלפל צילי חריף 793 גר,,,"סריראצה-רוטב פלפל צ""",גרמים,793.00,100 גרם,false,1,54.50,6.87,true,1,
25675120037,false,מקלות חמצוצים תות פשקז 100 גרם,פשקס קנדי,,מקלות חמצוצים תות 10,גרמים,100.00,100 גרם,false,1,9.90,9.90,true,1,
25675121058,false,"חמצוצים רחבים תפו""ע 115 גר",חמצוצים,,חמצוצים רחב תפוח 115,גרמים,115.00,100 גרם,false,1,11.40,9.91,true,1,
25675301108,false,חמצוצים מקלות חמוצים תות 50 גרם,פאסין,,מקלות חמצוצים תות 50,גרמים,50.00,100 גרם,false,1,5.90,11.80,true,1,
25675301153,false,סאוור סטיקס Sour Sticks בטעם אוכמניות,פשקז Paskesz,,מקלות חמצוצים פטל 50,גרמים,50.00,100 גרם,false,1,5.90,11.80,true,1,
25700005650,false,שקיות הקפאה גדולות- 14 יח' זיפלוק,אס.סי.גונסון ובניו,,זיפלוק שקיות הקפאה ג,Unknown,0.00,Unknown,false,1,16.70,16.70,true,1,
25700005698,false,זיפלוק שקיות אחסון בינוניות 24 יחידות,אס.סי.גונסון ובניו,,זיפלוק שקיות אחסון ב,Unknown,0.00,Unknown,false,1,16.70,16.70,true,1,
28295299176,false,מעמד מ.שיניים לבן TOUCH,,,מעמד מ.שיניים לבן TO,קילוגרמים,0.00,"ק""ג",false,1,29.90,29.90,true,1,
29801025203,false,עוגיות חמאה קריספי - ב. באטרס 200 גר,HAMLET NV,,עוגיות חמאה קריספי -,גרמים,200.00,100 גרם,false,1,20.90,10.45,true,1,
30000315989,false,קוואקר פרוטאין חמוציות ושקדים 372 גרם,קוואקר אוטס קומפני,US,קוואקר פרוטאין חמוצי,גרמים,372.00,100 גרם,false,1,21.30,5.73,true,1,
31290142613,false,גודייבה פרלינים ש. מריר במילוי גנאש 78 ג,,,גודייבה פרלינים ש. מ,גרמים,65.00,100 גרם,false,1,14.90,22.92,true,1,
31290143009,false,גודייבה מארז פרלינים שוקולד 365 גר,,,גודייבה מארז פרלינים,גרמים,365.00,100 גרם,false,1,69.90,19.15,true,1,
33200143307,false,קלין סנטסיישנס 40 דפי מייבש כביסה ורוד,,US,דפים למייבש כביסה קל,יחידה,1.00,יחידה,false,1,18.80,18.80,true,1,
33200147701,false,פרש&סופט דפים למייבש בניחוח טרופי 100 יח,פרש אנד סופט Frash'n soft,,פרש&סופט דפים למייבש,Unknown,0.00,Unknown,false,1,28.50,28.50,true,1,
33617000026,false,קרקר ואזה 203-275 גרם מקמח מלא 260,כלורוקס אוקלנד,,ואזה קמח מלא 260 גר,גרמים,260.00,100 גרם,false,1,14.60,5.62,true,1,
33617322616,false,פת פריכה מקמח שיפון ואזה 270 גרם,כלורוקס אוקלנד,,ואזה קלה מקמח שיפון,גרמים,270.00,100 גרם,false,1,14.60,5.41,true,1,
33617340610,false,קרקר ואזה 203-275 גרם מקמח שיפון 275,כלורוקס אוקלנד,,ואזה מקמח שיפון 250,גרמים,275.00,100 גרם,false,1,14.60,5.31,true,1,
33984012806,false,ג'ינסנג סיבירי520מג100כמ,LTD .AMBROZIA,,גינסנג סיבירי,Unknown,0.00,Unknown,false,1,104.90,104.90,true,1,
33984020580,false,סולגאר - אומגה 3 950 100 כמוסות רכות סולגאר 100 כמוסות,LTD .AMBROZIA,,אומגה 3 950,Unknown,0.00,Unknown,false,1,179.90,179.90,true,1,
33984039551,false,כמוסות יוד מאצות-ים (KELP),,,כמוסות יוד מאצות-ים,Unknown,0.00,Unknown,false,1,69.90,69.90,true,1,
33984041226,false,תמצית אכינצאה SFP 60 כמ',LTD .AMBROZIA,,תמצית אכינצאה,Unknown,0.00,Unknown,false,1,139.90,139.90,true,1,
34000148301,false,הרשי נטיפי שוקולד מריר לאפייה 340 גר,ליימן מותגים,,הרשי נטיפי שוקולד מר,גרמים,340.00,100 גרם,false,1,18.90,5.56,true,1,
34000196173,false,הרשי טבלה XL בטעם שוקולד לבן עם שברי עוגיות 113 גרם,ליימן מותגים,,טבלת קוקיס אנד קרים,גרמים,120.00,100 גרם,false,1,11.20,9.33,true,1,
34000214617,false,תערובת בייגל דיפ פרע,,US,תערובת בייגל דיפ פרע,Unknown,1.00,Unknown,false,1,22.90,22.90,true,1,
34000442652,false,ריזס טבלה בטעם שוקולד ממולאת קרם בוטנים 120 גרם,ליימן מותגים,,טבלת ריזס 120 גרם X,גרמים,120.00,100 גרם,false,1,11.20,9.33,true,1,
34000470228,false,ריזס מיניס חטיף שוקולד במילוי חמאת בוטנים 70 גרם,הרשי,,חטיף ריזס מיניס 70 ג,גרמים,70.00,100 גרם,false,1,7.50,10.71,true,1,
34000544028,false,סוכריות ארוכות בטעם תות טוויזלרס Twizzlers,ליימן מותגים,,ממתקי טוויזלרס תות ש,גרמים,198.00,100 גרם,false,1,7.90,3.99,true,1,
34000544431,false,ממתקי הרשיז טוויזלרס טעם דובדבן 172 גרם,ליימן מותגים,US,ממתקי הרשיז טוויזלרס,גרמים,172.00,100 גרם,false,1,8.90,5.17,true,1,
34000996643,false,הרשי דרופס באריזה משפחתית 215 גרם,ליימן מותגים,US,הרשי דרופס 215 גר,גרמים,215.00,100 גרם,false,1,22.90,10.65,true,1,
38000138638,false,חטיף צ'יפס פרינגלס פיצה 158 גרם,פרינגלס מנופקצ'ורינג קונ,,פרינגלס פיצה 158 גרם,גרמים,158.00,100 גרם,false,1,8.90,5.63,true,1,
38000138720,false,חטיף צ'יפס פרינגלס ראנץ 158 גרם,פרינגלס מנופקצ'ורינג קונ,,פרינגלס ראנץ 158 גרם,גרמים,158.00,100 גרם,false,1,8.90,5.63,true,1,
38000183928,false,פרינגלס דבש וחרדל 158 גרם,פרינגלס מניופקצ'ורינ,US,פרינגלס חרדל ודבש 15,גרמים,158.00,100 גרם,false,1,8.90,5.63,true,1,
38000232152,false,פרינגלס חטיפי תפוח אדמה בטעם ברביקיו 158 גרם,פרינגלס מנופקצ'ורינג קומ,,פרינגלס ברביקיו 158,גרמים,158.00,100 גרם,false,1,8.90,5.63,true,1,
38000232176,false,פרינגלס ביג שמנת בצל 158 גרם,פרינגלס מנופקצ'ורינג קונ,,פרינגלס שמנת בצל 158,גרמים,158.00,100 גרם,false,1,8.90,5.63,true,1,
38000232183,false,פרינגלס ביג אורגינל 149 גרם,פרינגלס מנופקצ'ורינג קונ,,פרינגלס אוריגינל 149,גרמים,149.00,100 גרם,false,1,8.90,5.97,true,1,
38527591053,false,קואקר דגנים מרובעים שיבולת שועל וקינמון,קוואקר אוטס קומפני,,דגני בוקר מרובעים קי,גרמים,411.00,100 גרם,false,1,19.90,4.84,true,1,
38527591060,false,דגני קוואקר מרובעים Quaker Squares עם סוכר חום,קוואקר אוטס קומפני,,דגני בוקר מרובעים 4,גרמים,411.00,100 גרם,false,1,19.90,4.84,true,1,
38900779238,false,מיץ אננס דול רביעיות 4*250 מל,דול פיליפינים אינק,,מיץ אננס דול רביעיות,מיליליטרים,1000.00,"100 מ""ל",false,1,17.90,1.79,true,1,
39000008006,false,אורטגה טאקו מקסיקני 12 יחידות 164 גרם,בי אנד ג'י,,אורטגה טאקו SHELL מק,גרמים,164.00,100 גרם,false,1,24.90,15.18,true,1,
39000008907,false,אורטגו רוטב טאקו מיילד 226 גרם,בי אנד ג'י,,אורטגו רוטב טאקו מיי,גרמים,226.00,100 גרם,false,1,20.90,9.25,true,1,
39000008914,false,אורטגו רוטב טאקו חריף 226 גרם,בי אנד גי,,אורטגו רוטב טאקו חרי,גרמים,226.00,100 גרם,false,1,20.90,9.25,true,1,
39000010351,false,פלפל חלפיניו בצנצנת אורטגה 340 גרם,בי אנד ג'י,,פלפל חלפיניו בצנצנת,גרמים,340.00,100 גרם,false,1,20.90,6.15,true,1,
39000015677,false,C&T סלסה מיילד אורטגה 454 גרם,,,C&T סלסה מיילד אורטג,גרמים,454.00,100 גרם,false,1,24.90,5.48,true,1,
39000018920,false,אורטגו רוטב טאקו מדיום 226 גרם,,,אורטגו רוטב טאקו מדי,גרמים,226.00,100 גרם,false,1,20.90,9.25,true,1,
39047001152,false,ווקרס עוגיות חמאה פינגרס 150 גרם,,,ווקרס עוגיות חמאה פי,גרמים,150.00,100 גרם,false,1,19.80,13.20,true,1,
39047005426,false,ווקרס ביסקוויט גינגר 150 גרם,,,ווקרס ביסקוויט עם גי,גרמים,150.00,100 גרם,false,1,19.80,13.20,true,1,
41190020836,false,שופרייט תחתיות פאי אפויה 170 גר,,,שופרייט תחתית פאי א,גרמים,170.00,100 גרם,false,1,15.60,9.18,true,1,
41190032518,false,חרדל חום מתובל 340 גרם,ווקפרן פוד קורפ,,חרדל חום מתובל 340 ג,גרמים,340.00,100 גרם,false,1,11.80,3.47,true,1,
41224700925,false,"פירות צלף בחומץ 466 גרם ""ROLAND""",סיבס,,צלפים מיניאטורים בחו,מיליליטרים,466.00,"100 מ""ל",false,1,26.70,5.73,true,1,
41331124263,false,גויה שעועית לוביה שחורת עין 439 גרם,,,גויה שעועית לוביה שח,גרמים,439.00,100 גרם,false,1,11.90,2.71,true,1,
41331124379,false,שעועית פינטו 439 גרם,,,שעועית פינטו 439 גרם,גרמים,439.00,100 גרם,false,1,11.90,2.71,true,1,
41331124430,false,שעועית לבנה חמאה 439 גרם,,,שעועית לבנה חמאה,גרמים,439.00,100 גרם,false,1,13.50,3.08,true,1,
41331124669,false,גויה שעועית שחורה 439 גרם,,,גויה שעועית שחורה 43,גרמים,439.00,100 גרם,false,1,11.90,2.71,true,1,
41500007007,false,חרדל צהוב פרנצס קלאסי לחיץ 226 גרם,פרנצ'ס,US,ממרח על בסיס חרדל 22,גרמים,226.00,100 גרם,false,1,14.90,6.59,true,1,
41500013183,false,רוטב סויה וורצסטר פרנצס גדול,,,"רוטב וורצסטר 443 מ""ל",מיליליטרים,443.00,"100 מ""ל",false,1,23.90,5.40,true,1,
41500818436,false,"רד הוט רוטב באפלו לכנפיים 354 מ""ל",,,רד הוט רוטב באפלו לכ,מיליליטרים,354.00,"100 מ""ל",false,1,27.90,7.88,true,1,
41501537275,false,אורטגה אבקת תיבול צילי מופחת נתרן 28 גרם,,,אורטגה אבקת תיבול צי,גרמים,28.00,100 גרם,false,1,10.90,38.93,true,1,
42400108153,false,דגני בוקר צבעוניים בטעם פירות טוטי פרוטיס,פוסט ארצות הברית,US,דגני פוסט טוטי פרוטי,גרמים,354.00,100 גרם,false,1,22.60,6.38,true,1,
43647680037,false,ריבה למון קרד טיפטרי 312 גרם,,,ריבה למון קרד טיפטרי,גרמים,312.00,100 גרם,false,1,29.90,9.58,true,1,
46214372250,false,"עוגיות שטרודל פריכות תפו""ע וצימוקים",קריות זול,,"עוגיות שטרודל תפו""ע",גרמים,225.00,100 גרם,false,1,8.90,3.96,true,1,
46214731552,false,עוגיות שוקולד צ'יפס 37% גודיס 225 גרם,קריניציה ויטמינה אס,,עוגיות מרבה שוקולד צ,גרמים,225.00,100 גרם,false,1,8.90,3.96,true,1,
48327203513,false,"שמן זית כתית מעולה 750 מ""ל YBARRA",,ES,שמן זית כתית מעולה 7,מיליליטרים,750.00,"100 מ""ל",false,1,39.90,5.32,true,1,
50000015474,false,"מזון חתולים פריסקיז מעדני הים 1.43 ק""ג",פריסקיז,,פריסקיז מעדני הים 1.,קילוגרמים,0.00,"ק""ג",false,1,35.90,35.90,true,1,
50000040803,false,פנסי פיסט גריל עוף,השוואת מחירונים,,פנסי פיסט גריל עוף,Unknown,0.00,Unknown,false,1,5.90,5.90,true,1,
50000100347,false,"פריסקיז - מעדני החתול מועשר בחלב 1.40 ק""ג",נסטלה פורינה USA מק,,פריסקיז מעדני החתול,קילוגרמים,0.00,"ק""ג",false,1,35.90,35.90,true,1,
50000168583,false,"מזון חתולים פריסקיז אקסטרא קראנץ 1.43 ק""ג","פורינה ארה""\ב",,פריסקיז אקסטרא קראנץ,Unknown,1.00,Unknown,false,1,35.90,35.90,true,1,
50000170180,false,מזון חתולים פריסקיז עוף ברוטב 156 גרם,נסטלה פורינה USA קר,,פריסקיז פריים פילה ע,גרמים,156.00,100 גרם,false,1,6.90,4.42,true,1,
50000225224,false,מזול חתולים פריסקיז פילה הודו ברוטב 156 גרם,נסטלה פורינה USA קר,,פריסקיז פריים פילה ה,גרמים,156.00,100 גרם,false,1,6.90,4.42,true,1,
50000426942,false,פנסי פיסט צאנקי בשר ועוף,,,פנסי פיסט צאנקי בשר,גרמים,85.00,100 גרם,false,1,5.90,6.94,true,1,
50000428946,false,פנסי פיסט דג סול ושרימפס,,,פנסי פיסט דג סול ושר,גרמים,85.00,100 גרם,false,1,5.90,6.94,true,1,
50000429646,false,פריסקיז פנסי פיסט לח דג אוקיאנוס 85 גרם,נסטלה פורינה USA ג',,פנסי פיסט דגי אוקיינ,גרמים,85.00,100 גרם,false,1,5.90,6.94,true,1,
50000429943,false,פנסי פיסט גורמה עוף 85 גרם,,,פנסי פיסט גורמה עוף,גרמים,85.00,100 גרם,false,1,5.90,6.94,true,1,
50000445691,false,מזול חתולים פריסקיז עוף וסלמון ברוטב 156 גרם,נסטלה פורינה USA קר,,פריסקיז 156 גרם,גרמים,156.00,100 גרם,false,1,6.90,4.42,true,1,
50000574988,false,פנסי פיסט חתלתולים,,,פנסי פיסט חתלתולים,גרמים,85.00,100 גרם,false,1,5.90,6.94,true,1,
52100002453,false,תערובת תיבול לסטייק 96 גר,מקורמיק,US,תערובת תיבול לסטייק,גרמים,96.00,100 גרם,false,1,19.90,20.73,true,1,
52100002460,false,תערובת תיבול לעוף ודג 77 גר,מקורמיק,US,תערובת תיבול לעוף וד,גרמים,77.00,100 גרם,false,1,19.90,25.84,true,1,
52100004488,false,פפריקה מקורמיק 60 גרם,מקרומיק,US,פפריקה 60 גר,גרמים,60.00,100 גרם,false,1,22.90,38.17,true,1,
52100006260,false,אבקת שום מקורמיק 88 גרם,מקרומיק,US,אבקת שום 88 גר,גרמים,88.00,100 גרם,false,1,29.50,33.52,true,1,
52100041155,false,תערובת מלח הימליה ורוד פלפל ושום 184 גר,מקורמיק,US,תערובת מלח הימליה ור,גרמים,184.00,100 גרם,false,1,26.50,14.40,true,1,
52100070995,false,תמצית בטעם וניל מקורמיק 59 גרם,מקורמיק,US,תמצית טעם וניל 59 גר,גרמים,59.00,100 גרם,false,1,10.90,18.47,true,1,
54881000031,false,תה שחור ורד דובדבן 20 שקיות אחמד,תה אחמד Ahmad tea,,תה שחור ורד דובדבן 2,Unknown,0.00,Unknown,false,1,13.00,13.00,true,1,
54881000048,false,תה במבחר פרי הדר 20 שקיקים אחמד,אחמד תה אנגליה,,תה במבחר פרי הדר 20,Unknown,0.00,Unknown,false,1,13.00,13.00,true,1,
54881000055,false,תה שחור מבחר פירות 20 שקיות אחמד,אחמד תה אנגליה,,תה שחור מבחר פירות 2,Unknown,0.00,Unknown,false,1,13.00,13.00,true,1,
54881000062,false,תה שחור לימונית וקמומיל 20 שקיות אחמד,אחמד תה אנגליה,,תה שחור לימונית וקמו,Unknown,0.00,Unknown,false,1,13.00,13.00,true,1,
54881000109,false,תה עם ענבי שועל 20 שקיקים אחמד,תה אחמד Ahmad tea,,תה עם ענבי שועל 20 ש,Unknown,0.00,Unknown,false,1,13.00,13.00,true,1,
54881000208,false,תה שחור לימון וגינגיר 20 שקיות אחמד,אחמד תה אנגליה,,תה שחור לימון וגינגי,Unknown,0.00,Unknown,false,1,13.00,13.00,true,1,
54881001779,false,קופסת תה 12 טעמים 60 שקיות,תה אחמד Ahmad tea,,אחמד תה 12 סוגים 60,גרמים,120.00,100 גרם,false,1,31.50,26.25,true,1,
54881003971,false,תה ירוק מבחר 20 שקיקים,אחמד תה אנגליה,,תה ירוק מבחר 20 שקיק,Unknown,0.00,Unknown,false,1,16.00,16.00,true,1,
54881003995,false,תה אהמאד שחור פירות מארז 2X20ג',אחמד תה אנגליה,,תה שחור פירות 20 שקי,Unknown,0.00,Unknown,false,1,13.00,13.00,true,1,
54881004787,false,תה ירוק אחמד 100 שקיות,Sunshine tea (pvt) l,,תה ירוק 100 שקיקים,Unknown,0.00,Unknown,false,1,23.90,23.90,true,1,
54881005654,false,תה ירוק יסמין 20 שקיות AHMAD TEA,אחמד תה אנגליה,,תה ירוק יסמין 20 שקי,Unknown,0.00,Unknown,false,1,16.00,16.00,true,1,
54881006941,false,תה שחור תפוח 20 שקיקים אחמד,גיבונג אינדסקיאלס,,תה שחור תפוח 20 שקיק,Unknown,0.00,Unknown,false,1,13.00,13.00,true,1,
54881006972,false,תה שחור לימון וליים 20 שקיקים אחמד,תה אחמד Ahmad tea,,תה שחור לימון וליים,Unknown,0.00,Unknown,false,1,13.00,13.00,true,1,
54881006996,false,תה אפרסק ופסיפלורה 20 שקיקים אחמד,אחמד תה אנגליה,,תה אפרסק ופסיפלורה 2,Unknown,0.00,Unknown,false,1,13.00,13.00,true,1,
54881007535,false,תה ירוק בטעם לימון 20 שקיקים 40 גרם,אחמד תה אנגליה,,תה ירוק בטעם לימון 2,Unknown,0.00,Unknown,false,1,16.00,16.00,true,1,
54881008167,false,תה אינגליש ברקפסט 100 שקיות AHMAD TEA,תה אחמד Ahmad tea,,תה אחמד אינגליש ברק,גרמים,200.00,100 גרם,false,1,21.50,10.75,true,1,
54881008174,false,תה אחמד ארל גריי 100 שקיקים,תה אחמד Ahmad tea,,תה אחמד ארל גריי 100,גרמים,180.00,100 גרם,false,1,21.50,11.94,true,1,
54881008181,false,תה אחמד אינגליש 100 שקיקים,תה אחמד Ahmad tea,,תה אחמד אינגליש 100,גרמים,200.00,100 גרם,false,1,21.50,10.75,true,1,
54881008945,false,תה ירוק 20 שקיות AHMAD TEA,אחמד תה אנגליה,,תה ירוק 20 שקיקים,Unknown,0.00,Unknown,false,1,16.00,16.00,true,1,
54881009522,false,תה שחור פטל 20 שקיקים אחמד,אחמד תה אנגליה,,תה שחור פטל 20 שקיקי,Unknown,0.00,Unknown,false,1,13.00,13.00,true,1,
54881012423,false,תה ירוק בטעם פטל רימונים 20 שקים 40 גרם,אחמד תה אנגליה,,תה ירוק בטעם קיווי,Unknown,0.00,Unknown,false,1,16.00,16.00,true,1,
55369901673,false,אפלסנקס רביעיות רסק תפוחי עץ אפרסק ללא תוספת סוכר,ליייהי אורצ'רדס,,"אפלסנק ללת""ס רסק תפו",גרמים,113.00,100 גרם,false,1,17.40,15.40,true,1,
55369902557,false,אפלסנקס רביעיות רסק תפוחי עץ ממותק בסגנון ביתי עברית,ליהי אורצ'דאניק,,"רסק תפו""ע ביתי רביעי",גרמים,113.00,100 גרם,false,1,17.40,15.40,true,1,
55369902564,false,אפלסנקס רביעיות רסק תפוחי עץ ללא תוספת סוכר עברית,ליייהי אורצ'רדס,,"רסק תפו""ע ללת""ס רביע",גרמים,113.00,100 גרם,false,1,17.40,15.40,true,1,
58336003325,false,מילוי לפאי לימון שיריף 212 גרם,,,מילוי לפאי לימון שיר,גרמים,212.00,100 גרם,false,1,16.90,7.97,true,1,
58449450009,false,דייסת אינסטנט מיקס אורגנ,נייטשר פאת'\,,דייסת אינסטנט מיקס 4,גרמים,400.00,100 גרם,false,1,29.90,7.48,true,1,
58449450047,false,דייסת שיבולת שועל תפוח קינמון 400 גרם,נייטשר פאת'\,,דייסת שיבולת שועל תפ,גרמים,400.00,100 גרם,false,1,29.90,7.48,true,1,
60903441249,false,רוטב דבש בלסמי 475 גרם,,,רוטב דבש בלסמי 475 ג,גרמים,475.00,100 גרם,false,1,24.90,5.24,true,1,
62558003209,false,סירופ מייפל אורגני 100% טהור,ברנרד סיינט,,מייפל סירופ אורגני 9,מיליליטרים,946.00,"100 מ""ל",false,1,99.50,10.52,true,1,
64144090020,false,"ספריי שמן PAM בטעם שמן זית 141 מ""ל",קונאגרה פודס,,ספריי שמן PAM בטעם ש,מיליליטרים,141.00,"100 מ""ל",false,1,20.90,14.82,true,1,
64144090051,false,"ספריי שמן PAM קנולה אורגינל 148 מ""ל",קונאגרה פודס,,ספריי שמן PAM קנולה,מיליליטרים,148.00,"100 מ""ל",false,1,20.90,14.12,true,1,
70177077563,false,תה ארל גריי 25 שקיות טוינינגס 50 גר,אר. טווינינגס אנד קומפני,,תה ארל גריי 25 שקיות,גרמים,50.00,100 גרם,false,1,18.90,37.80,true,1,
70177077693,false,תה אנגליש ברקפסט 25 שקיות טוינינגס 50 גר,אר. טווינינגס אנד קומפני,,תה אנגליש ברקפסט 25,גרמים,50.00,100 גרם,false,1,18.90,37.80,true,1,
70177078904,false,תה אנגליש ברקפסט 50 שקיות טוינינגס,אר. טווינינגס אנד קומפני,PL,תה אינגליש ברקפסט 50,גרמים,100.00,100 גרם,false,1,27.90,27.90,true,1,
70177084769,false,תה טווינינג שחור ונילה 25 שקיות,אר.טווינינג אנד קומפני א,,טווינינגס שחור ונילה,גרמים,50.00,100 גרם,false,1,18.90,37.80,true,1,
70177086664,false,תה ירוק טהור 25 שק TWININGS,אר. טווינינגס אנד קומפני,,תה גרין פיור 50 גרם,Unknown,0.00,Unknown,false,1,21.90,21.90,true,1,
70177173159,false,תה ירוק עם לימון 25 שק TWININGS,אר. טווינינגס אנד קו,,תה גרין לימון 40 גרם,Unknown,0.00,Unknown,false,1,21.90,21.90,true,1,
70177173746,false,תה ירוק לימון ודבש 25 שק. טוינינגס,טוינינג,PL,תה גרין למון האני 40,Unknown,0.00,Unknown,false,1,21.90,21.90,true,1,
70177175221,false,תה ירוק עם גינגר 25 שק. טוינינגס,טוינינג,PL,גרין גינגר 40 גרם טו,Unknown,0.00,Unknown,false,1,21.90,21.90,true,1,
70177176914,false,תה טווינינג ארל גריי נטול קפאין 25 שקיקי,טווינינגס Twinings,,תה טווינינג ארל גריי,Unknown,0.00,Unknown,false,1,21.90,21.90,true,1,
70177177669,false,חליטה למון גינגר 30 גרם טווינינג,אר. טווינינגס אנד קומפני,PL,חליטה למון גינגר 30,Unknown,0.00,Unknown,false,1,18.80,18.80,true,1,
70177177683,false,חליטה קמומיל האני 30 גרם טווינינג,אר. טווינינגס אנד קומפני,PL,חליטה קמומיל האני 30,Unknown,0.00,Unknown,false,1,18.80,18.80,true,1,
70177177744,false,חליטה פיור פפרמינט 40 גרם טווינינג,טוינינג,PL,חליטה פיור פפרמינט 4,Unknown,0.00,Unknown,false,1,18.80,18.80,true,1,
70221011116,false,טובלרון - שוקולד חלב 100 גרם,טובלרון Toblerone,,טובלרון שוקולד חלב 1,גרמים,100.00,100 גרם,false,1,10.40,10.40,true,1,
71505022415,false,קרם ציז במשקל,,,קרם ציז במשקל,Unknown,0.00,"ק""ג",true,0,59.00,59.00,true,1,
71567990516,false,גלי בלי בינבוזל קופסת ספינר 100 גרם,,,גלי בלי בינבוזל קופס,גרמים,100.00,100 גרם,false,1,46.90,46.90,true,1,
71570001667,false,גלי בלי סוכריות 20 טעמים 70 גרם,ג'לי בלי קינדי,,גלי בלי סוכריות 20 ט,גרמים,70.00,100 גרם,false,1,13.90,19.86,true,1,
71570001841,false,גלי בלי סוכריות בטעמים חמוצים 70 גרם,ג'לי בלי קינדי,,גלי בלי סוכריות בטעמ,גרמים,70.00,100 גרם,false,1,13.90,19.86,true,1,
71570001858,false,גלי בלי סוכריות מיקס פירות 70 גרם,ג'לי בלי קינדי,,גלי בלי סוכריות מיקס,גרמים,70.00,100 גרם,false,1,13.90,19.86,true,1,
71570004293,false,גלי בלי סוכריות פניניות 70 גרם,ג'לי בלי קנדי,,גלי בלי סוכריות פנינ,גרמים,70.00,100 גרם,false,1,13.90,19.86,true,1,
72600005846,false,הר טורטיה דיפר מתירס לבן 340 גרם,הר פודס,,הר טורטיה דיפר מתירס,גרמים,383.00,100 גרם,false,1,26.50,6.92,true,1,
72600009257,false,הר טורטיה צ'יפס מתירס לבן 255 גרם,הר פודס,,הר חטיפי טורטיה תירס,גרמים,255.00,100 גרם,false,1,23.90,9.37,true,1,
72600062290,false,הר חטיף גבינה חלפניו חריף 198 גרם,הר פודס,,הר חטיף בטעם גבינה ח,גרמים,198.00,100 גרם,false,1,24.90,12.58,true,1,
72600062306,false,חטיף הר פודס בטעם גבינה 198 גרם,הר פודס,,הר חטיפים בטעם גבינה,גרמים,198.00,100 גרם,false,1,24.90,12.58,true,1,
72600062313,false,הר חטיף גבינה בפאלו גבינה כחולה 198 גרם,הר פודס,,הר חטיף גבינה בפאלו,גרמים,198.00,100 גרם,false,1,24.90,12.58,true,1,
74234531142,false,פלפל חלפניו פרוס כבוש 210 ג' צנצנת (כ),Empacadora San Marco,,פלפל חלפניו פרוס כבו,גרמים,210.00,100 גרם,false,1,13.50,6.43,true,1,
74261110334,false,רוטב סויה תמרי 1 ליטר,מנדרין סוי סוס,,רוטב סויה תמרי 1 ל,מיליליטרים,1000.00,"100 מ""ל",false,1,35.90,3.59,true,1,
74410470050,false,אצות קומבו 57 גרם רונגצאנג,Qingdao Sun-growing,,אצות קומבו 57 גרם רו,גרמים,57.00,100 גרם,false,1,12.50,21.93,true,1,
74570174003,false,גלידה בטעם אגוזי מקדמיה 473 ג' האגן דאז,האגן דאז,,גלידה האגן דאז מקדמי,מיליליטרים,473.00,"100 מ""ל",false,1,26.50,5.60,true,1,
74570610051,false,גלידה בטעם שוקולד בלגי 473 ג' האגן דאז,האגן-דאז,,גלידה האגן דאז שוקול,גרמים,417.00,100 גרם,false,1,26.50,6.35,true,1,
74570950010,false,גלידה בטעם גבינה ותות 473 ג' האגן דאז,האגן דאז,,האגן דאז גבינה ותות,מיליליטרים,473.00,"100 מ""ל",false,1,26.50,5.60,true,1,
74880020403,false,טוגראשי נאנאמי 15 גרם,JFC JAPAN INC.,,טוגראשי נאנאמי 15 גר,גרמים,15.00,100 גרם,false,1,19.60,130.67,true,1,
76808009354,false,עוגיות קקאו שוקולד חלב ומריר 200 גרם,,,עוגיות קקאו שוקולד ח,גרמים,180.00,100 גרם,false,1,14.90,8.28,true,1,
76840100156,false,"בן אנד גריס גלידת צרי גרסיה 500 מ""ל",מוצרי איכות אמריקאיים בע,US,גלידת צרי גרסיה בן,גרמים,441.00,100 גרם,false,1,24.90,5.65,true,1,
76840100583,false,גלידה וניל +בצק עוגיות ושוקולד צי'פס 473ג,מוצרי איכות אמריקאיים בע,,בן אנד גריס וניל עם,גרמים,500.00,100 גרם,false,1,24.90,4.98,true,1,
76840400218,false,"גלידה בן&ג'ריס תות שדה ועוגת גבינה 500מ""ל",מוצרי איכות אמריקאיים בע,,בן אנד גריס עוגת גבי,מיליליטרים,473.00,"100 מ""ל",false,1,24.90,5.26,true,1,
76840620029,false,"גלידה בן&ג'ריס שמנת עם תות 500מ""ל",מוצרי איכות אמריקאיים בע,,בן אנד גריס גלידת תו,מיליליטרים,500.00,"100 מ""ל",false,1,26.50,5.30,true,1,
77391162402,false,"סירופ תירס בהיר 473 מ""ל",,,סירופ תירס בהיר 473,מיליליטרים,473.00,"100 מ""ל",false,1,28.90,6.11,true,1,
77428130305,false,"PASTILLES בונבוניירה 200 גרם - ד""ר",,NL,PASTILLES בונבוניירה,גרמים,200.00,100 גרם,false,1,34.90,17.45,true,1,
77975010167,false,סניידרס חטיף מקלוני חיטה בתוספת דבש 340.2 גרם,סניידרס אוף האנובר,,סניידרס מקלוני חיטה,גרמים,340.00,100 גרם,false,1,16.90,4.97,true,1,
77975034071,false,סניידרס חטיף בייגלה ניברלס 255.2 גרם,ליימן מותגים,US,ביסוני בייגלה ניבלרס,גרמים,255.00,100 גרם,false,1,16.90,6.63,true,1,
77975036976,false,מטבל עגבניות בחריפות עדינה סניידרס 439 ג',סניידרס אוף האנובר,,סלסה מטבל עגב.חריפות,גרמים,439.00,100 גרם,false,1,18.80,4.28,true,1,
77975091975,false,סניידרס סנדוויץ' בייגלה במילוי קרם בטעם פיצה 226 גר',סניידרס,US,סניידרס סנדוויץ בייג,גרמים,227.00,100 גרם,false,1,16.90,7.44,true,1,
77975093108,false,"בייגלה מצופה כעכים בציפוי בטעם שוקולד לבן, 141 ג סניידרס",סניידרס Snyder's,,בייגלה סניידרס בציפו,גרמים,141.00,100 גרם,false,1,17.90,12.70,true,1,
77975094631,false,סניידרס סנדוויץ' בייגלה במילוי קרם בטעם צ'דר 226 גרם,ליימן מותגים,,סניידרס סנדוויץ בייג,גרמים,283.00,100 גרם,false,1,16.90,5.97,true,1,
77975094761,false,סניידרס חטיפים על בסיס קמח חיטה בטעם גבינת צ'דר,סניידרס אוף האנובר,,שברי בייגלה סניידרס,גרמים,340.00,100 גרם,false,1,16.90,4.97,true,1,
77975094778,false,סניידרס שברי בייגל בטעם דבש וחרדל 340 גר,סניידרס אוף האנובר,,שברי בייגלה סניידרס,גרמים,340.00,100 גרם,false,1,16.90,4.97,true,1,
77975095133,false,שברי בייגלה בטעם פיקנטי 318 ג' סניידרס,סניידרס Snyder's,,סניידרס פיקנטי 319 ג,גרמים,319.00,100 גרם,false,1,16.90,5.30,true,1,
77975095157,false,סניידרס שברי בייגלה בטעם חלפיניו 318 גרם,סניידרס Snyder's,US,שברי בייגלה סניידרס,גרמים,318.00,100 גרם,false,1,16.90,5.31,true,1,
78522007289,false,גייסון משחת שיניים טבעית תות לילדים,K-CARE,,גייסון משחת שיניים ל,Unknown,0.00,Unknown,false,1,29.90,29.90,true,1,
78895121896,false,רוטב למוקפץ עם עגבניות ושום 70 ג' LKK,לי קום קי פודס,CN,רוטב למוקפץ עגבניות,גרמים,70.00,100 גרם,false,1,6.90,9.86,true,1,
78895138603,false,רוטב למוקפץ חמוץ מתוק 60 גרם LKK,לי קום קי פודס,CN,רוטב למוקפץ חמוץ מתו,גרמים,60.00,100 גרם,false,1,6.90,11.50,true,1,
78895148077,false,רוטב למוקפץ נודלס 50 גרם LKK,לי קום קי פודס,CN,רוטב למוקפץ נודלס 50,גרמים,50.00,100 גרם,false,1,6.90,13.80,true,1,
78895148299,false,רוטב למוקפץ להכנת עוף קונג פאו 60 ג' LKK,לי קום קי פודס,CN,רוטב למוקפץ לעוף קונ,גרמים,60.00,100 גרם,false,1,6.90,11.50,true,1,
80432402931,false,"וויסקי סקוטי, שיבאס ריגאל 12 שנה, 700 מ''ל",מזקקת האחים שיבאס,,וויסקי שיבאס רגאל 12,מיליליטרים,700.00,"100 מ""ל",false,1,109.90,15.70,true,1,
80432402979,false,וויסקי סינגל מאלט גלן גראנט 10 שנים 700,,,וויסקי סינגל מאלט גל,מיליליטרים,750.00,"100 מ""ל",false,1,135.90,18.12,true,1,
80432402993,false,"וויסקי סינגל מאלט גלן גראנט 700 מ""ל TMR",,,וויסקי סינגל מאלט גל,מיליליטרים,750.00,"100 מ""ל",false,1,104.90,13.99,true,1,
82184090442,false,וויסקי ג'ק דניאלס 1 ליטר,בראון פורמן,,וויסקי גק דניאלס 1 ל,מיליליטרים,1000.00,"100 מ""ל",false,1,140.90,14.09,true,1,
84279978727,false,יין גוורצטרמינר פאלץ,,,יין גוורצטרמינר 750,Unknown,0.00,Unknown,false,1,57.90,57.90,true,1,
84380957444,false,סאנט דלפור תות שדה 284 גרם,,,סאנט דלפור תות שדה 2,גרמים,284.00,100 גרם,false,1,20.90,7.36,true,1,
84380957642,false,אנט דלפור אפרסקים 284 גרם,,,אנט דלפור אפרסקים 28,גרמים,284.00,100 גרם,false,1,20.90,7.36,true,1,
84380957741,false,סאנט דלפור פטל אדום 284 גר,,,סאנט דלפור פטל אדום,גרמים,284.00,100 גרם,false,1,20.90,7.36,true,1,
84380957840,false,סאנט דלפור ארבעה פירות 284 גרם,,,סאנט דלפור ארבעה פיר,גרמים,284.00,100 גרם,false,1,20.90,7.36,true,1,
84380984563,false,סאנט דלפור חמוציות ואוכמניות 284 גרם,,,סאנט דלפור חמוציות ו,גרמים,284.00,100 גרם,false,1,20.90,7.36,true,1,
84380985713,false,סאנט דלפור פטל רימונים 284 גרם,,,סאנט דלפור פטל רימונ,גרמים,284.00,100 גרם,false,1,20.90,7.36,true,1,
84380985812,false,אנט דלפור פטל שחור 284 גרם,,,אנט דלפור פטל שחור 2,גרמים,284.00,100 גרם,false,1,20.90,7.36,true,1,
85592121746,false,"וויסקי מונשיין פלייט וואלי 750 מ""ל",,,וויסקי מונשיין פלייט,מיליליטרים,750.00,"100 מ""ל",false,1,144.90,19.32,true,1,
85696608037,false,טופו רך ללא גלוטן 340ג' (כ) Morinaga,Morinaga NUTRITIONAL,,טופו רך ללא גלוטן 34,מיליליטרים,340.00,"100 מ""ל",false,1,13.50,3.97,true,1,
87000006928,false,"רום קפטן מורגן בלאק 750 מ""ל",אלכוהול (איי.בי.בי),,רום קפטן מורגן בלאק,מיליליטרים,750.00,"100 מ""ל",false,1,104.90,13.99,true,1,
87666052819,false,"רוטב סריראצ'ה סופר חריף 455 מ""ל",EXOTIC FOOD PCL,,רוטב סריראצ`ה חריף 4,מיליליטרים,455.00,"100 מ""ל",false,1,29.50,6.48,true,1,
87666052888,false,"רוטב סריראצ`ה עם למון גראס 455 מ""ל",EXOTIC FOOD PCL,,רוטב סריראצ`ה עם למו,מיליליטרים,455.00,"100 מ""ל",false,1,29.50,6.48,true,1,
88004144746,false,ליקר וויסקי שוטר קינ,,CA,וויסקי קנדי מתובל טע,מיליליטרים,750.00,"100 מ""ל",false,1,99.90,13.32,true,1,
89041081056,false,שמן סויה בתיבול צילי,Flavor full foods in,,"שמן צילי 180 מ""ל",מיליליטרים,185.00,"100 מ""ל",false,1,13.10,7.08,true,1,
89819013173,false,ברינגר פאונדר איסטייט קברנה סובניון 750,ברינגר,,ברינגר פאונדר איסטיי,Unknown,0.00,Unknown,false,1,72.90,72.90,true,1,
89819068227,false,ברינגר מיין אנד ויין קברנה סובניון 750 מ,ברינגר,,ברינגר מיין אנד ויין,Unknown,0.00,Unknown,false,1,57.90,57.90,true,1,
89832910466,false,יין שיין גוורצטרמינר 750 מל,,,יין שיין גוורצטרמינר,Unknown,0.00,Unknown,false,1,46.90,46.90,true,1,
91639101930,false,אבן דאודורנט סטיק 120 גר חדש,,,אבן דאודורנט סטיק 12,Unknown,0.00,Unknown,false,1,54.90,54.90,true,1,
300054177193,false,צנטרום סילבר מולטיויטמין מקיף ומאוזן,צנטרום Centrum,,צנטרום סילבר מולטיוי,Unknown,0.00,Unknown,false,1,149.90,149.90,true,1,
308910525744,false,אטריות אורז דקות 454 גרם ורמיצ'לי (כ),ליאן תאי רייס,,אטריות אורז דקות 454,גרמים,454.00,100 גרם,false,1,11.40,2.51,true,1,
605453320202,false,סורימי פלייק נתחים 454 גר,אל.אם פודס,,סורימי פלייק נתחים 4,גרמים,454.00,100 גרם,false,1,34.90,7.69,true,1,
608614307135,false,חסה סלנובה 160 גרם,חקלאי,,חסה סלנובה 160 גר,גרמים,160.00,100 גרם,false,1,14.90,9.31,true,1,
609628012114,false,זיתי קלמטה שלמים במי מלח 430 גרם,,GR,זית קלמטה בפח 430 גר,גרמים,430.00,100 גרם,false,1,19.80,4.60,true,1,
612615076532,false,לוח מחיק טאבלט,,,לוח מחיק טאבלט,קילוגרמים,0.00,"ק""ג",false,1,29.90,29.90,true,1,
613008715267,false,"פחית משקה תה ירוק עם ג'ינסנג ודבש 680 מ""ל אריזונה",אריזונה,US,אריזונה תה ירוק,מיליליטרים,680.00,"100 מ""ל",false,1,11.90,1.75,true,1,
613008742348,false,אריזונה ג'נסינג ודבש בקבוק 1 ליטר,"נטורלה גטרנק בע""\מn\",DE,אריזונה גנסנג ודבש ב,מיליליטרים,1000.00,"100 מ""ל",false,1,11.80,1.18,true,1,
613008742409,false,בקבוק אריזונה אפרסק 1 ליטר,"נטורלה גטרנק בע""\מn\",DE,אריזונה אפרסק בקבוק,מיליליטרים,1000.00,"100 מ""ל",false,1,11.80,1.18,true,1,
613008753290,false,"אריזונה אפרסק בקבוק 450 מ""ל",אריזונה Arizona,BG,"אריזונה אפרסק 450 מ""",מיליליטרים,450.00,"100 מ""ל",false,1,7.50,1.67,true,1,
613008753320,false,"אריזונה ג'ינסנג ודבש בקבוק 450 מ""ל.",אריזונה Arizona,BG,אריזונה גינסנג ודבש,מיליליטרים,450.00,"100 מ""ל",false,1,7.50,1.67,true,1,
613008753351,false,"בקבוק אריזונה רימונים 450 מ""ל",לני אנד לארי,BG,אריזונה רימונים 450,מיליליטרים,450.00,"100 מ""ל",false,1,7.50,1.67,true,1,
613008755461,false,בקבוק אריזונה אוכמניות 1 ליטר,נובה טרייד אל טי די,DE,אריזונה אוכמניות בקב,מיליליטרים,1000.00,"100 מ""ל",false,1,11.80,1.18,true,1,
619286763006,false,תה נפלאות הטולסי אורגני 36 גרם,,,תה נפלאות הטולסי אור,גרמים,36.00,100 גרם,false,1,19.90,55.28,true,1,
619286764003,false,תה ירוק מאצה מנטה אורגני 34 גרם,,,תה ירוק מאצה מנטה או,גרמים,34.00,100 גרם,false,1,19.90,58.53,true,1,
628154383659,false,דגני בוקר פרוטי פבלס פוסט 311 גרם,פוסט ארצות הברית,US,דגנים בטעם פירות 311,גרמים,311.00,100 גרם,false,1,21.90,7.04,true,1,
633824913432,false,"וודקה וואן גוך בטעם אסאי בלוברי, 750 מ''ל",מזקקת קוימאנס טילבורג,,וודקה ואן גוך אסאי 7,מיליליטרים,750.00,"100 מ""ל",false,1,129.90,17.32,true,1,
639138527617,false,פילה הרינג ברוטב עגבניות 200 גר' (16),רוג'ין פיש,,פילה הרינג ברוטב עגב,גרמים,190.00,100 גרם,false,1,12.50,6.58,true,1,
644209307579,false,דנקן היינס תערובת עוגת Devil שוקולד 432 גרם,פיניקל פודס גרופ,,תערובת להכנת עוגת שו,גרמים,432.00,100 גרם,false,1,21.90,5.07,true,1,
644209311316,false,דנקן היינס תערובת בראוניס צ'ואי פאדג' 520 גרם,פיניקל פודס גרופ,,תערובת להכנת בראוניס,גרמים,565.00,100 גרם,false,1,24.90,4.41,true,1,
644209412259,false,תערובת להכנת עוגת RED VELVET 432 גרם,,,תערובת להכנת עוגת RE,גרמים,432.00,100 גרם,false,1,24.90,5.76,true,1,
645173863337,false,שימורי ביצי דג מינטאי פמלי פק 185 גר,,,שימורי ביצי דג מינטא,גרמים,185.00,100 גרם,false,1,13.50,7.30,true,1,
645173863351,false,שימורי ביצי דג מינטאי מעושן פמלי פק 185,,,שימורי ביצי דג מינטא,גרמים,185.00,100 גרם,false,1,13.50,7.30,true,1,
645173863610,false,שום כבוש בחומץ 500 גרם ANTI PASTO,,CN,שום כבוש בחומץ 500,גרמים,500.00,100 גרם,false,1,13.90,2.78,true,1,
645173863658,false,סלט אצות ים 500 גר ANTI PASTO,,CN,סלט אצות ים 500 גר A,גרמים,500.00,100 גרם,false,1,16.90,3.38,true,1,
645173911038,false,קורנישון מלפפוןן מיני 720 גרם - תומר,קלמן אינדיה פי וי סי,,קורנישון מיני בצנצנת,גרמים,720.00,100 גרם,false,1,10.90,1.51,true,1,
645173995632,false,רוטב שזיפים טקמלי אימרטי 370 גר,ארומה פרודקטס,,רוטב שזיפים טקמלי אי,גרמים,370.00,100 גרם,false,1,11.90,3.22,true,1,
645173995649,false,רוטב פלפל אדום אדגיקה אימרטי 370 גר,,,רוטב פלפל אדום אדגיק,גרמים,370.00,100 גרם,false,1,11.90,3.22,true,1,
645173995694,false,רוטב עגבניות סאציבלי אימרטי 370 גר,ארומה פרודקטס,,רוטב עגבניות סאציבלי,גרמים,370.00,100 גרם,false,1,11.90,3.22,true,1,
649870162809,false,דונאט בופלו מצופה,,,דונאט בופלו מצופה,Unknown,0.00,Unknown,false,1,19.90,19.90,true,1,
649870165695,false,חטיף נייטיב לכלב מקל,לנגי,,חטיף נייטיב לכלב מקל,Unknown,1.00,Unknown,false,1,15.90,15.90,true,1,
649870165718,false,חטיף נייטיב לכלב עיג,לנגי,,חטיף נייטיב לכלב עיג,Unknown,1.00,Unknown,false,1,15.90,15.90,true,1,
649870165725,false,חטיף נייטיב לכלב משק,,,חטיף נייטיב לכלב משק,Unknown,1.00,Unknown,false,1,15.90,15.90,true,1,
649870165732,false,חטיף נייטיב לכלב קוב,לנגי,,חטיף נייטיב לכלב קוב,Unknown,1.00,Unknown,false,1,15.90,15.90,true,1,
654749361023,false,אבלון אורגניקס שמפו ביוטין -קומפלקס ויטמיני B,אבלון אורגניקס Avalon Organics,,אבלון אורגניקס שמפו,מיליליטרים,400.00,"100 מ""ל",false,1,59.90,14.98,true,1,
654749361221,false,אבלון אורגניקס מרכך שיער ביוטין -קומפלקס,K&CARE,,אבלון אורגניקס מרכך,Unknown,0.00,Unknown,false,1,59.90,59.90,true,1,
661176010073,false,9N צבע לשיער נטורטינטN,פארמה גורי,,צבע לשיער N9,Unknown,0.00,Unknown,false,1,59.90,59.90,true,1,
661176010080,false,10N צבע לשיער נטורטינט,פארמה גורי,,צבע לשיער N10,Unknown,0.00,Unknown,false,1,59.90,59.90,true,1,
661176010134,false,4M צבע לשיער נטורטינט,פארמה גורי,,צבע לשיער M4,Unknown,0.00,Unknown,false,1,59.90,59.90,true,1,
661176010905,false,4N צבע לשיער נטורטינט,פארמה גורי,,צבע לשיער N4,Unknown,0.00,Unknown,false,1,59.90,59.90,true,1,
661176012114,false,נטורטינט שחור דובדבן 3.6,פארמה גורי,,צבע לשיער 3.6,Unknown,0.00,Unknown,false,1,59.90,59.90,true,1,
661176012916,false,נטורטינט שמפו לטיפול טיפוח וחיזוק שיער,פארמה גורי,,נטורטינט שמפו לטיפול,Unknown,0.00,Unknown,false,1,59.90,59.90,true,1,
673879001227,false,"קאברד ברידג חטיף תפו""א בשמן אבוקדו 142",,,קאברד ברידג חטיף תפו,גרמים,142.00,100 גרם,false,1,24.90,17.54,true,1,
693493008204,false,"סליפצ'ק - תמצית פסיפלורה, ולריאן וקמומיל","ד""ר קיי DR. K",IL,סליפציק 30 מל,מיליליטרים,30.00,"100 מ""ל",false,1,65.00,216.67,true,1,
693493008211,false,סטופציק 30 מל,,IL,סטופציק 30 מל,מיליליטרים,30.00,"100 מ""ל",false,1,65.00,216.67,true,1,
693493010788,false,"נאצוס חטיף טורטיה ע""ב תירס ברביקיו 200 ג",או. קיי סניקס,,"נאצוס חטיף טורטיה ע""",גרמים,200.00,100 גרם,false,1,10.90,5.45,true,1,
693493010818,false,"נאצוס - חטיף טורטיה ע""ב תירס בטע 200 גר",או. קיי סניקס,,נאצוס חטיף טורטיה,גרמים,200.00,100 גרם,false,1,10.90,5.45,true,1,
693493069793,false,אלכו-רונה נוזל חיטוי בתוספת אלכוהול 70%,,,אלכו רונה נוזל חיטוי,מיליליטרים,100.00,"100 מ""ל",false,1,27.90,27.90,true,1,
693493102575,false,עגבניות שרי מארז יחידה,חקלאי,,עגבניות שרי,Unknown,0.00,Unknown,false,1,12.90,12.90,true,1,
707595100169,false,מחית חצילים קלויים 480 ג' NESTOS,NESTOS,GR,מחית חצילים קלויים 4,גרמים,480.00,100 גרם,false,1,13.90,2.90,true,1,
707595100206,false,מלפפונים חמוצים 355 ג' NESTOS,NESTOS,GR,מלפפונים חמוצים 355,גרמים,355.00,100 גרם,false,1,14.60,4.11,true,1,
719812010847,false,מגב רב תכליתי OXO,,,מגב רב תכליתי OXO,קילוגרמים,0.00,"ק""ג",false,1,59.00,59.00,true,1,
719812035215,false,פורס אבוקדו OXO,,,פורס אבוקדו OXO,Unknown,0.00,Unknown,false,1,59.00,59.00,true,1,
719812037103,false,פורס ביצה OXO,,,פורס ביצה OXO,Unknown,0.00,Unknown,false,1,89.00,89.00,true,1,
719812040752,false,כותש שום OXO,,,כותש שום OXO,Unknown,0.00,Unknown,false,1,119.00,119.00,true,1,
719812044095,false,הופכן חביתות מיני OXO,,,הופכן חביתות מיני OX,קילוגרמים,0.00,"ק""ג",false,1,65.00,65.00,true,1,
719812044231,false,מזלף לצלי אדום OXO,,,מזלף לצלי אדום OXO,קילוגרמים,0.00,"ק""ג",false,1,85.00,85.00,true,1,
719812044675,false,דיספנסר לסבון לבן,,,דיספנסר לסבון לבן,Unknown,0.00,Unknown,false,1,99.00,99.00,true,1,
719812049076,false,שטיחון קטן קשיח OXO,,,שטיחון קטן קשיח OXO,קילוגרמים,0.00,"ק""ג",false,1,79.00,79.00,true,1,
719812049229,false,מעמד לכלים נירוסטה ח,,,מעמד לכלים נירוסטה ח,Unknown,0.00,Unknown,false,1,179.00,179.00,true,1,
719812049854,false,מתקן חמאה,,,מתקן חמאה,Unknown,0.00,Unknown,false,1,89.00,89.00,true,1,
719812683485,false,בקבוק לחיץ בינוני OXO,,,בקבוק לחיץ בינוני OX,קילוגרמים,0.00,"ק""ג",false,1,35.00,35.00,true,1,
719812683492,false,בקבוק לחיץ גדול OXO,,,בקבוק לחיץ גדול OXO,קילוגרמים,0.00,"ק""ג",false,1,39.00,39.00,true,1,
719812685571,false,סכין גבינה נון סטיק OXO,,,סכין גבינה נון סטיק,קילוגרמים,0.00,"ק""ג",false,1,89.00,89.00,true,1,
720516021251,false,"פתיתים מקמח אורז ותירס חיות לל""ג 200 גרם",,AU,פתיתים מקמח אורז ותי,גרמים,200.00,100 גרם,false,1,18.90,9.45,true,1,
720516024450,false,"תחליף ביצים טבעוני לל""ג 250 מ""ל",,AU,תחליף ביצים טבעוני ל,מיליליטרים,250.00,"100 מ""ל",false,1,25.90,10.36,true,1,
728229123811,false,טרה חטיף על בסיס ירקות שורש בתיבול ים תיכוני 110 גרם,הונדורס צ'יפס יצור א,,ציפס 110 גרם טרה בטט,גרמים,110.00,100 גרם,false,1,15.90,14.45,true,1,
728229130154,false,טרה חטיף על בסיס בטטה וסלק בטעם טבעי 110 גרם,הונדורס צ'יפס יצור א,,חטיף ציפס מבטטה וסלק,גרמים,110.00,100 גרם,false,1,15.90,14.45,true,1,
728229130444,false,"חטיף על בסיס ירקות שורש עם בטטה, תפו""א כחול וסלק",היין סלסטיאל גרופ,,חטיף ציפס מירקות כחו,גרמים,110.00,100 גרם,false,1,15.90,14.45,true,1,
731559147860,false,עץ אשוח שלג 150 סמ,,,עץ אשוח שלג 150 סמ,Unknown,0.00,Unknown,false,1,345.00,345.00,true,1,
731559148072,false,עץ אשוח ירוק 60 סמ,,,עץ אשוח ירוק 60 סמ,Unknown,0.00,Unknown,false,1,39.00,39.00,true,1,
731559148096,false,עץ אשוח ירוק 120 סמ,,,עץ אשוח ירוק 120 סמ,Unknown,0.00,Unknown,false,1,129.00,129.00,true,1,
731559148102,false,עץ אשוח ירוק 150 סמ,,,עץ אשוח ירוק 150 סמ,Unknown,0.00,Unknown,false,1,175.00,175.00,true,1,
731559148126,false,עץ אשוח ירוק 210 סמ,,,עץ אשוח ירוק 210 סמ,Unknown,0.00,Unknown,false,1,402.00,402.00,true,1,
731559148249,false,עץ אשוח בסל מקושט ירוק,,,עץ אשוח בסל מקושט יר,Unknown,0.00,Unknown,false,1,69.00,69.00,true,1,
731559148294,false,זר אשוח ירוק,,,זר אשוח ירוק,Unknown,0.00,Unknown,false,1,79.00,79.00,true,1,
731559148317,false,עץ אשוח זהב 60 סמ,,,עץ אשוח זהב 60 סמ,Unknown,0.00,Unknown,false,1,39.00,39.00,true,1,
731559149161,false,חוט כסף נוצצים צבעוני,,,חוט כסף נוצצים צבעונ,Unknown,0.00,Unknown,false,1,10.00,10.00,true,1,
731559149185,false,חוט כסף נוצצים צבעוני,,,חוט כסף נוצצים צבעונ,Unknown,0.00,Unknown,false,1,8.00,8.00,true,1,
731559149352,false,חוט כסף נוצצים צבעוני,,,חוט כסף נוצצים צבעונ,Unknown,0.00,Unknown,false,1,15.00,15.00,true,1,
732494000609,false,קרטורס פופקורן בטעם גבינה 184 גרם,קורפפידלס אינק,,קרטורס פופקורן גבינה,גרמים,184.00,100 גרם,false,1,29.90,16.25,true,1,
732494002320,false,קרטורס פופקורן תערובת גבינות 142 גרם,,US,קרטורס פופקורן תערוב,גרמים,142.00,100 גרם,false,1,29.90,21.06,true,1,
732494003099,false,"קרטורס פופקורן נטיפי שוקולד דריזל, 156 גרם",carlsberg supply com,,קרטורס פופקורן נטיפי,גרמים,156.00,100 גרם,false,1,29.90,19.17,true,1,
734756002024,false,רוטב מרינדה לעוף 340 גרם,,US,רוטב מרינדה לעוף 340,גרמים,340.00,100 גרם,false,1,29.90,8.79,true,1,
753182231761,false,"משקה אנרגיה BLU ללא תוספת סוכר 250 מ""ל",אקווה ויט,,בלו סיקס ללא סוכר 25,מיליליטרים,250.00,"100 מ""ל",false,1,4.00,1.60,true,1,
753182340302,false,אבקת וואסבי 35 גרם (קינגדאוו) (כ),מזרח ומערב,,אבקת וואסבי 35 גרם ק,גרמים,35.00,100 גרם,false,1,16.70,47.71,true,1,
753656706351,false,ת'ינק חטיף חלבון בטעם שוקולד לבן 60 גרם,,US,סינק חטיף חלבון בטעם,גרמים,60.00,100 גרם,false,1,15.90,26.50,true,1,
753656709215,false,סינק חטיף חלבון עוגיות שמנת 60 גרם,תינק,US,סינק חטיף חלבון עוגי,גרמים,60.00,100 גרם,false,1,15.90,26.50,true,1,
753656712024,false,סינק חטיף חלבון בטעם לימון 60 גרם,,US,סינק חטיף חלבון בטעם,גרמים,60.00,100 גרם,false,1,15.90,26.50,true,1,
768404001640,false,"גלידה בן&ג'ריס קפה משפחתית 500מ""ל",מוצרי איכות אמריקאיים בע,,בן אנד גריס בטעם קפה,מיליליטרים,500.00,"100 מ""ל",false,1,24.90,4.98,true,1,
787269215634,false,סבון אליוויום 100 גרם,,,סבון אליוויום 100 גר,גרמים,100.00,100 גרם,false,1,29.90,29.90,true,1,
787269215641,false,C סבון סלינאול ויטמין ליפוזומלי 100 גרם,,,C סבון סלינאול ויטמי,גרמים,100.00,100 גרם,false,1,29.90,29.90,true,1,
807254001209,false,טושים קסם 7+1 קידליין,,,טושים קסם 7+1,Unknown,0.00,Unknown,false,1,15.90,15.90,true,1,
807254001230,false,טושים גמבו 12 קידליי,,CN,טושים גמבו 12 קידליי,Unknown,0.00,Unknown,false,1,19.90,19.90,true,1,
807259441857,false,דבק רב תכליתי קידליי,,CN,דבק רב תכליתי קידליי,Unknown,0.00,Unknown,false,1,12.90,12.90,true,1,
811538013031,false,"רום כהה מתובל קראקן 700 מ""ל",פורקסומוס ספירס,,רום כהה מתובל קראקן,מיליליטרים,700.00,"100 מ""ל",false,1,124.90,17.84,true,1,
814784027715,false,קולגן נטורל טבעוני 500 גרם,,US,קולגן נטורל טבעוני 5,גרמים,500.00,100 גרם,false,1,199.90,39.98,true,1,
814856010331,false,עוגיית חלבון אספרסו 113 גרם,,,עוגיית חלבון אספרסו,גרמים,113.00,100 גרם,false,1,16.90,14.96,true,1,
814856010355,false,עוגיית חלבון חמאת בוטנים 113 גרם,,,עוגיית חלבון חמאת בו,גרמים,113.00,100 גרם,false,1,16.90,14.96,true,1,
815216015966,false,עוגיות קלאסיק הרשי ד,,US,עוגיה קלאסיק קוקיז ה,Unknown,1.00,Unknown,false,1,6.90,6.90,true,1,
815216016673,false,עוגיה קלאסיק קוקיז ס,,US,עוגיה קלאסיק קוקיז ס,Unknown,1.00,Unknown,false,1,6.90,6.90,true,1,
816993007007,false,מברשת שיניים במבוק וריפרש,,,מברשת שיניים במבוק ו,Unknown,0.00,Unknown,false,1,24.90,24.90,true,1,
835811000396,false,נייר אפיה לתבנית מוארכת - מארז 30 ניירות,יבוא ושיווק: הנמל אריזות,CN,נ.אפייה הנמל תבנית מ,Unknown,0.00,Unknown,false,1,9.90,9.90,true,1,
835811000426,false,מזלגות 50 יח` קרם עבה במיוחד,"גרנג יוניברס , הונג",TR,מזלגות קרם 50 יח,Unknown,0.00,Unknown,false,1,20.90,20.90,true,1,
835811000440,false,"צלחות ח""פ קשיחות קרם 1 ק""ג",הנמל,IL,"צלחות הנמל קרם 1 ק""ג",קילוגרמים,0.00,"ק""ג",false,1,59.50,59.50,true,1,
835811000488,false,קערה חד פעמית תבור מלבן 2 ליטר,,CN,קערה חד פעמית תבור מ,Unknown,0.00,Unknown,false,1,10.50,10.50,true,1,
835811000495,false,קערה חד פעמית תבור מרובע 1.80 ליטר,,CN,קערה חד פעמית תבור מ,Unknown,0.00,Unknown,false,1,10.50,10.50,true,1,
835811001546,false,מרקיות ונציה הנמל 10 יח,.,,מרקיות ונציה הנמל 10,Unknown,0.00,Unknown,false,1,23.90,23.90,true,1,
835811001652,false,כוס לשתיה קרה 330 סמק` 40 יח` )בירה(,ווינפאק סחר בעמ,,כוס לשתייה קרה הנמל,Unknown,0.00,Unknown,false,1,12.50,12.50,true,1,
835811002079,false,נר נשמה בזכוכית 48 שעות,,,נר נשמה הנמל בזכוכית,Unknown,0.00,Unknown,false,1,4.50,4.50,true,1,
835811002390,false,"שיפודים יקיטורי מבמבוק 15 ס""מ 100 יח","הנמל אריזות ושיווק בע""\מ",,שיפודים יקיטורי מבמב,Unknown,0.00,Unknown,false,1,9.90,9.90,true,1,
835811003359,false,נר נשמה 24 שעות בפח פלוס (כולל גפרור ומשטח הדלקה),,,נר נשמה פלוס 24 שעות,Unknown,0.00,Unknown,false,1,4.50,4.50,true,1,
835811004455,false,קישקשים מנייר הנמל 125 יחידות,הנג טונג,CN,קש מנייר צבעוני 125,Unknown,0.00,Unknown,false,1,9.90,9.90,true,1,
835811004523,false,קשים מיוחדים לשייק הנמל 75 יחידות,,CN,קשים לשייק 75 יח,Unknown,0.00,Unknown,false,1,10.50,10.50,true,1,
835811005339,false,זוג שקיות אוכל ארוז בקרטון הנמל,,,שקיות אוכל הנמל זוג,Unknown,0.00,Unknown,false,1,11.40,11.40,true,1,
835811005407,false,כוסות קפה לדרך עם מכסה ענק הנמל 12יח',"צח ייבוא ושיווק בע""מ",,קפה לדרך ענק 12 יח+,Unknown,0.00,Unknown,false,1,19.80,19.80,true,1,
835811005728,false,עלים לעוגת קרמשניט 400 גרם,"רונית מאפים בע""מ",,עלים לעוגת קרמשניט 4,גרמים,400.00,100 גרם,false,1,18.70,4.68,true,1,
835811006770,false,תבניות אלומיניום עגולות,הנמל,,תבנית הנמל מגש הכסף,Unknown,0.00,Unknown,false,1,15.50,15.50,true,1,
835811007494,false,גלטין טהור מדגים 2 יח` 14 X גר`,גואנגדונג מיניאנג,,גלטין דגים טהור 28,Unknown,0.00,Unknown,false,1,12.50,12.50,true,1,
835811008934,false,מזלגות 50 יח שקוף/קרם עבה במיוחד,"גרנג יוניברס , הונג",TR,מזלגות שקוף 50 יח,Unknown,0.00,Unknown,false,1,20.90,20.90,true,1,
835811008996,false,"כוסות חד פעמי קרטון 295 מ""ל",אכיף,CN,כוסות קרטון הנמל 50,Unknown,0.00,Unknown,false,1,19.80,19.80,true,1,
835811009016,false,כוסות מקרטון 4 אונז,אכוף,,כוסות קרטון 50 יח 4,Unknown,0.00,Unknown,false,1,19.80,19.80,true,1,
835811009023,false,"כוסות משקה חם קרטון 235 מ""ל",הנמל,,כוסות קרטון 50 יח,Unknown,0.00,Unknown,false,1,19.80,19.80,true,1,
837524000960,false,נסטי - סבון טבעי פילוסופיה 250 גר,,,נסטי - סבון טבעי פיל,Unknown,0.00,Unknown,false,1,24.90,24.90,true,1,
837524001165,false,סבון נסטי שיק חייתי לבן זברה 250 גרם,,IT,סבון נסטי שיק חייתי,גרמים,250.00,100 גרם,false,1,29.90,11.96,true,1,
837524001257,false,נסטי - סבון טבעי פילוסופיה 250 גר,אשר שיווק,,נסטי - סבון טבעי פיל,Unknown,0.00,Unknown,false,1,24.90,24.90,true,1,
837524001264,false,סבון נסטי שיק חייתי אדום נחש 250 גרם,,IT,סבון נסטי שיק חייתי,גרמים,250.00,100 גרם,false,1,29.90,11.96,true,1,
837524002421,false,סבון נסטי טבעי טרופיקל ליים הדרים 250 גר,אשר שיווק,,סבון נסטי טבעי טרופי,גרמים,250.00,100 גרם,false,1,27.90,11.16,true,1,
837524002667,false,סבון נסטי לוקסורי שחור/פחם אורגני 250 גר,,IT,סבון נסטי לוקסורי שח,גרמים,250.00,100 גרם,false,1,27.90,11.16,true,1,
839762000641,false,משקה איילנד מנגו נקטר 1 ל',"פאראגאלה,דה אג'יפשן",,משקה איילנד מנגו 1 ל,מיליליטרים,1000.00,"100 מ""ל",false,1,14.90,1.49,true,1,
839762000658,false,איילנד גויאבה המשקה של חופי סיני 1 ליטר,The Egyptian Co. for,,משקה איילנד גויאבה 1,מיליליטרים,1000.00,"100 מ""ל",false,1,14.90,1.49,true,1,
839762002379,false,משקה נקטר מנגו איילנד 350מל,"פאראגאלה,דה אג'יפשן",,"איילנד מנגו 350 מ""ל",מיליליטרים,350.00,"100 מ""ל",false,1,6.30,1.80,true,1,
840294102963,false,מיטה מלבנית70*50,,,מיטה מלבנית70*50,Unknown,0.00,Unknown,false,1,139.90,139.90,true,1,
842826001126,false,דובשניות סחרניה בטעם דבש 500 גר BKK,,HR,ווגטה 400 גר זכוכית,גרמים,400.00,100 גרם,false,1,33.90,8.48,true,1,
844510013101,false,"יין ירושלים הילז קברנה סוביניון 750 מ""ל",אגדת,IL,יין ירושלים הילז קבר,מיליליטרים,750.00,"100 מ""ל",false,1,46.90,6.25,true,1,
850307005617,false,גולד אטריות ביצים ורמישל דק 500 גר,א.ל.ב. גולד,,גולד אטריות ביצים ור,גרמים,500.00,100 גרם,false,1,10.40,2.08,true,1,
850307005662,false,אטריות ביצים חינקל 500 גר,א.ל.ב. גולד,,אטריות ביצים חינקל 5,גרמים,500.00,100 גרם,false,1,10.40,2.08,true,1,
850307005716,false,איטר.ביצים 500 גרם בורג spiral,א.ל.ב. גולד,,אטריות ביצים בורג 50,גרמים,500.00,100 גרם,false,1,10.40,2.08,true,1,
851621000043,false,"בירה blanc 1664 בקבוק 330 מ""ל",,,בירה 1664 Blanc בקבו,מיליליטרים,330.00,"100 מ""ל",false,1,9.90,3.00,true,1,
851621000050,false,בירה חיטה בטעם הדרים 1664 בלאנק - שישייה,קרלסברג ספליי קומפאני פו,,שישיית בירה 1664 Bla,מיליליטרים,1980.00,"100 מ""ל",false,1,39.90,2.02,true,1,
852527000250,false,"""שטיגל"" רדלר אשכוליות 330 מ""ל בקבוק",,,"""שטיגל"" רדלר אשכוליו",מיליליטרים,330.00,"100 מ""ל",false,1,9.90,3.00,true,1,
852629004774,false,רביעיית נקניקיות ביונד מיט 400 גרם,סווג ריבר ביונד מיט ארהב,US,נקניקיות ביונד מיט,גרמים,400.00,100 גרם,false,1,41.90,10.48,true,1,
856015003884,false,סוכריות חמוצות קיזנדי ללא סוכר לימון 35,,US,סוכריות חמוצות קיזנד,גרמים,35.00,100 גרם,false,1,6.90,19.71,true,1,
856015003976,false,סוכריות חמוצות קיזנדי ללא סוכר דובדבן35,,US,סוכריות חמוצות קיזנד,גרמים,35.00,100 גרם,false,1,6.90,19.71,true,1,
856015004461,false,סוכריות חמוצות קיזנדי ללא סוכר תות 35 ג,,US,סוכריות חמוצות קיזנד,גרמים,35.00,100 גרם,false,1,6.90,19.71,true,1,
856591000109,false,עבאדי עוגיות מזרחיות פריך במיוחד 400 גרם,מאפיית יוסף ושמחה עבאדי,,עבאדי עוגיות מזרחיות,גרמים,400.00,100 גרם,false,1,18.90,4.73,true,1,
856591000949,false,"מאפה חיטה מלוח ""קטנטנים"" עבאדי 350 גרם",עבאדי,,מאפה חיטה עבאדי מלוח,גרמים,35000.00,100 גרם,false,1,21.90,0.06,true,1,
856591000970,false,מאפה חיטה עבאדי מקלונים בטעם חריף 400 גר,עבאדי,,מאפה חיטה עבאדי מקלו,גרמים,400.00,100 גרם,false,1,18.90,4.73,true,1,
859547004329,false,ספוג ניקוי צבעוני סקראב דדי Scrub Daddy,סקארקיסט,,ספוג ניקוי SCRUB DA,יחידה,1.00,יחידה,false,1,19.90,19.90,true,1,
884912002372,false,דגני בוקר גרייט גריינס פוסט453 גרם,פוסט ארצות הברית,,דגני סלקט קרנברי 369,גרמים,369.00,100 גרם,false,1,25.90,7.02,true,1,
884912004710,false,דגנים גרייפ נאט 464 גרם,פוסט ארצות הברית,,דגנים גרייפ נאט 464,גרמים,464.00,100 גרם,false,1,29.90,6.44,true,1,
884912102102,false,דגני בוקר פוסט סלקט אוכמניות 382 גר,הנסיך- מפעל לייצור ט,,דגני סלקט עם אוכמניו,גרמים,382.00,100 גרם,false,1,25.90,6.78,true,1,
884912111715,false,דגני פוסט האני קומב 354 גר,פוסט ארצות הברית,US,דגני פוסט האני קומב,גרמים,354.00,100 גרם,false,1,22.60,6.38,true,1,
884912117625,false,דגני שלווה מצופים בדבש Golden Crisp,הנסיך- מפעל לייצור ט,US,דגני פוסט גולדן קריס,גרמים,418.00,100 גרם,false,1,22.60,5.41,true,1,
884912129512,false,דגני בוקר קוקו פוסט פלינסטונס 311 גרם,פוסט לקיוויל,US,דגני בוקר קוקו פבלס,גרמים,311.00,100 גרם,false,1,22.90,7.36,true,1,
884912180629,false,דגני בוקר מחיטה מלאה גרוסה שרדד וויט,פוסט ארצות הברית,,דגנים שרדד וויט 464,גרמים,464.00,100 גרם,false,1,31.50,6.79,true,1,
884912359155,false,דגני בוקר האני באנצ'ס האני רוסטד פוסט 340 גרם,פוסט ארצות הברית,,האני באנצס רוסטד 340,גרמים,340.00,100 גרם,false,1,22.90,6.74,true,1,
884912359162,false,האני באנצ' דגני בוקר עם שקדים פוסט 411 גרם,פוסט ארצות הברית,,האני באנצס עם שקדים,גרמים,340.00,100 גרם,false,1,22.90,6.74,true,1,
884912359414,false,דגני בוקר האני באנצס קינמון 340 ג' POST,פוסט ארצות הברית,US,האני באנצס עם קינמון,גרמים,340.00,100 גרם,false,1,22.90,6.74,true,1,
884912359483,false,דגני בוקר האני באנצ'ס תות פוסט 311 גרם,פוסט ארצות הברית,US,האני באנצס עם תות 31,גרמים,311.00,100 גרם,false,1,22.90,7.36,true,1,
884912365200,false,דגני בוקר אוראו 311 גרם מתכון חדש,פוסט ארצות הברית,,דגני בוקר אוראו עוגי,גרמים,311.00,100 גרם,false,1,23.90,7.68,true,1,
884912377142,false,דגני בוקר האני באנצ'ס וניל פוסט 340 גרם,פוסט ארצות הברית,US,האני באנצס בטעם וניל,גרמים,340.00,100 גרם,false,1,22.90,6.74,true,1,
890582000228,false,"יין סנגריה לוליילו רוזה 750 מ""ל",,ES,יין סנגריה לוליילו ר,Unknown,0.00,Unknown,false,1,29.90,29.90,true,1,
893594002051,false,"חטיף פופקורן צ`יפס בטעם גבינת צ`דר, 28ג Medora snacks",PepsiCo inc. Frito lay Division,US,חטיף פופקורנס גבינת,גרמים,28.00,100 גרם,false,1,5.90,21.07,true,1,
893594002068,false,"חטיף פופקורן צ`יפס עם מלח ים,28 ג HANTRONIX",PepsiCo inc. Frito lay Division,US,חטיף פופקורנס מלח ים,גרמים,28.00,100 גרם,false,1,5.90,21.07,true,1,
898093002144,false,וודקה מולין 1 ליטר,מולין,FR,וודקה מולין 1 ליטר,מיליליטרים,1000.00,"100 מ""ל",false,1,129.90,12.99,true,1,
1230000068314,false,בשר טחון מהצומח ביונד מיט 300 גרם,זנברגן וורלד פינסט מיט ב,NL,בשר טחון מהצומח ביונ,גרמים,300.00,100 גרם,false,1,36.50,12.17,true,1,
2261746002521,false,גבינת בלו סטילטון אנגלית במשקל,,,גבינת בלו סטילטון,Unknown,0.00,"ק""ג",true,0,184.00,184.00,true,1,
2389366314609,false,דנאבלו שקיל,,,דנאבלו שקיל,Unknown,0.00,"ק""ג",true,0,79.00,79.00,true,1,
3012992421005,false,וויסקי סר אדוארדס 1 ליטר,סר אדוארדס,,וויסקי סר אדוארדס 1,ליטרים,0.00,ליטר,false,1,104.90,104.90,true,1,
3014260022730,false,מב.שיניים אדוונטג 40 מדיום אורל בי זוג,פרוקטר אנד גמבל,,מב.שיניים אדוונטג 40,Unknown,0.00,Unknown,false,1,28.50,28.50,true,1,
3014260023089,false,שלישייית מברשת שיניים אורל בי קלאסיק 40 מדיום,פרוקטר אנד גמבל,,מברשת שיניים קלאסיק,Unknown,0.00,Unknown,false,1,14.30,14.30,true,1,
3014260100636,false,מברשת שיניים אורל בי לילדים 0-2,פרוקטר אנד גמבל,IE,מברשת שיניים אורל בי,Unknown,0.00,Unknown,false,1,16.30,16.30,true,1,
3014260100667,false,אורל בי מברשת שיניים ילדים 3-5 שנים,פרוקטר אנד גמבל,IE,מברשת שיניים אורל בי,Unknown,0.00,Unknown,false,1,16.30,16.30,true,1,
3014260201753,false,סכיני גילוח ג'ילט בלו 2 להבים - מארז 5 יח',פרוקטר אנד גמבל,,סכיני גילוח בלו 2 פל,Unknown,0.00,Unknown,false,1,16.50,16.50,true,1,
3014260240226,false,"קצף גילוח ג'ילט לעור רגיש 200 מ""ל",מולינו ניקולי s.p.a,,קצף גילוח גילט רגיש,מיליליטרים,200.00,"100 מ""ל",false,1,19.30,9.65,true,1,
3014260262693,false,ונוס מכשיר גילוח נשים+ 2 סכיני גילוח+מתק,פרוקטר אנד גמבל,,מכשיר גילוח ונוס + 2,Unknown,0.00,Unknown,false,1,38.50,38.50,true,1,
3014260833848,false,מברשות שיניים אורל בי פרו אקספרט 35 זוג,,,מברשות שיניים אורל ב,יחידה,1.00,יחידה,false,1,39.90,39.90,true,1,
3014409005471,false,"פסטיס פרדו כש""לפ 1ליטר",,FR,פסטיס פרדו 1 ליטר,מיליליטרים,1000.00,"100 מ""ל",false,1,109.90,10.99,true,1,
3024482270109,false,"קוניאק רמי מרטין 700 מ""ל V.S.O.P",רמי קואנטרו,,קוניאק רמי מרטין 700,מיליליטרים,700.00,"100 מ""ל",false,1,229.90,32.84,true,1,
3028130076457,false,קוניאק קמוס וי.סי.או,,,קוניאק VSOP קמוס 700,מיליליטרים,700.00,"100 מ""ל",false,1,209.90,29.99,true,1,
3028130077751,false,"קוניאק VS קמוס 700 מ""ל",,,קוניאק VS קמוס 700 מ,מיליליטרים,700.00,"100 מ""ל",false,1,119.90,17.13,true,1,
3046920010801,false,שוקולד לינדט אקסלנס הזלנט 100 גר',לינדט ושפרונגלי קילשברג,,לינדט שוקולד אקסלנס,גרמים,100.00,100 גרם,false,1,14.90,14.90,true,1,
3046920010856,false,לינדט שוקולד אקסלנס לימון גינגיר 100 גר,לינדט ושפרונגלי,CH,לינדט שוקולד אקסלנס,גרמים,100.00,100 גרם,false,1,14.90,14.90,true,1,
3046920016377,false,לינדט שוקולד אקסלנס מריר 100% קקאו 50 גר,לינדט ושפרונגלי,FR,לינדט שוקולד אקסלנס,גרמים,50.00,100 גרם,false,1,14.90,29.80,true,1,
3046920027281,false,שוקולד מריר אקסלנס במילוי קרמל ומלח ים,לינדט ושפרונגלי קילשברג,,לינדט אקס קרמל סולט,גרמים,100.00,100 גרם,false,1,14.90,14.90,true,1,
3046920028004,false,לינדט שוקולד אקסלנס מריר 70% 100 גר,לינדט ושפרונגלי קילשברג,,לינדט שוקולד אקסלנס,גרמים,100.00,100 גרם,false,1,14.90,14.90,true,1,
3046920028363,false,לינדט אקסלנס 85% מוצקי קקאו 100 גרם,לינדט ושפרונגלי קילשברג,,לינדט אקסלנס 85% 100,גרמים,100.00,100 גרם,false,1,14.90,14.90,true,1,
3046920028721,false,שוק.מריר לינדט 99% 50גרם,לינדט ושפרונגלי קילשברג,,לינדט אקסלנס 99%,גרמים,50.00,100 גרם,false,1,14.90,29.80,true,1,
3046920029674,false,שוקולד לינדט אקסלנס סולט 100 גרם,לינדט ושפרונגלי קילשברג,,לינדט אקס סולט 100 ג,גרמים,100.00,100 גרם,false,1,14.90,14.90,true,1,
3046920029681,false,לינדט שוקולד אקסלנס מילד 85% קקאו 100 גר,לינדט ושפרונגלי,DE,לינדט שוקולד אקסלנס,גרמים,100.00,100 גרם,false,1,14.90,14.90,true,1,
3046920029759,false,לינדט אקסלנס 90% מוצקי קקאו 100 גרם,לינדט ושפרונגלי קילשברג,,"לינדט אקס 90%, 100 ג",גרמים,100.00,100 גרם,false,1,14.90,14.90,true,1,
3049197110076,false,"קוניאק קורבזייה 700 מ""ל V.S",גים בים,FR,קוניאק קורבזייה 700,מיליליטרים,700.00,"100 מ""ל",false,1,151.90,21.70,true,1,
3049197210776,false,"קוניאק VSOP קורבזייה 700 מ""ל",גים בים,,קוניאק VSOP קורבזיי,מיליליטרים,700.00,"100 מ""ל",false,1,203.90,29.13,true,1,
3059940007768,false,"מבשם אוויר אירוויק ספריי וניל אורכידאה 240 מ""ל",איירוויק Air Wick,,איירוויק ספריי טבעי,מיליליטרים,300.00,"100 מ""ל",false,1,10.90,3.63,true,1,
3059943015104,false,"אירוויק מבשם אויר נטול גז בניחוח פריסיה ויסמין 345 מ""ל",איירוויק Air Wick,,איירויק נטול גז פרסי,מיליליטרים,345.00,"100 מ""ל",false,1,16.90,4.90,true,1,
3059944025003,false,Veet רצועות שעווה לעור רגיל אריזת חיסכון (20 יח'),רקיט בנקיזר צרפת,,ויט רצועות לעור רגיל,Unknown,0.00,Unknown,false,1,39.90,39.90,true,1,
3067140013113,false,אבקה להכנת משקה על בסיס עולש,LEROUX COFFEE SUB,,ציקוריה קטן 100 גרם,גרמים,100.00,100 גרם,false,1,29.90,29.90,true,1,
3068320014067,false,מים מינרלים אוויאן 750 מל,קריניציה ויטמינה אס,,מים מינרלים אוויאן 7,מיליליטרים,1000.00,"100 מ""ל",false,1,9.90,0.99,true,1,
3068320017846,false,מים מינרלים אוויאן 1 ליטר,קריניציה ויטמינה אס,,מים מינרלים אוויאן 1,מיליליטרים,1000.00,"100 מ""ל",false,1,10.90,1.09,true,1,
3068320055008,false,מים מינרלים אוויאן 500 מל,קריניציה ויטמינה אס,,מים מינרלים אוויאן 5,מיליליטרים,500.00,"100 מ""ל",false,1,6.90,1.38,true,1,
3068320085005,false,מים מינלים אוויאן 1.5 ליטר,,,מים מינלים אוויאן 1.,ליטרים,0.00,ליטר,false,1,13.60,13.60,true,1,
3068320127576,false,מים מינרלים אוויאן מבעבע 750 מל זכוכית,,,מים מינרלים אוויאן מ,מיליליטרים,750.00,"100 מ""ל",false,1,12.90,1.72,true,1,
3068320127644,false,מים מינרלים אוויאן מבעבע 330 מל זכוכית,,,מים מינרלים אוויאן מ,מיליליטרים,330.00,"100 מ""ל",false,1,6.90,2.09,true,1,
3073780574242,false,גבינה לואש קירי 16 יח' 240 ג',,,גבינה לה וואש קירי,גרמים,280.00,100 גרם,false,1,28.50,10.18,true,1,
3073780574310,false,גבינה לה וואש קירי 24 400 גר,,,גבינה לה וואש קירי,גרמים,400.00,100 גרם,false,1,41.90,10.48,true,1,
3073780591591,false,גבינה לה וואש קירי 12 192 גרם,"מפעלי גבינות ""ביל",,גבינה לה וואש קירי,גרמים,192.00,100 גרם,false,1,20.90,10.89,true,1,
3073780593083,false,גבינה לואש קירי 32 יח' 480 ג',"מפעלי גבינות ""ביל",,גבינה לה וואש קירי,גרמים,480.00,100 גרם,false,1,50.50,10.52,true,1,
3073781162790,false,גבינה מותכת בייבי בל 120 גרם,מחלבות בל,,בייבי בל אדם 120 גר,גרמים,120.00,100 גרם,false,1,20.90,17.42,true,1,
3073781190946,false,גבינת לה וואש קירי 6 יח 100 גר,,,גבינת לה וואש קירי,גרמים,100.00,100 גרם,false,1,15.60,15.60,true,1,
3073781190960,false,גבינה קירי 12 יח 200 גר,,,גבינה קירי 12 יח,גרמים,100.00,100 גרם,false,1,30.50,30.50,true,1,
3080216034508,false,"בירה Grimbergen Blonde בודד 330 מ""ל",גרימברגן Grimbergen,,בירה רגינברג בלונד 3,מיליליטרים,330.00,"100 מ""ל",false,1,7.90,2.39,true,1,
3080216034645,false,"בירה רגינברג אמברה 330 מ""ל",company supply carlsberg,,בירה רגינברג אמברה 3,מיליליטרים,330.00,"100 מ""ל",false,1,10.50,3.18,true,1,
3090291123035,false,מונטאוור פרוסות 125 גרם,סבנסיה,,מונטאוור פרוסות 125,גרמים,125.00,100 גרם,false,1,22.90,18.32,true,1,
3092718586706,false,"סירופ מנטה 600 מ""ל טסייר",טסר,,"סירופ מנטה 600 מ""ל ט",מיליליטרים,600.00,"100 מ""ל",false,1,36.80,6.13,true,1,
3092718586751,false,"סירופ גרנדין פירות יער 600 מ""ל טסייר",טסר,,סירופ גרנדין פירות י,מיליליטרים,600.00,"100 מ""ל",false,1,36.80,6.13,true,1,
3141360054405,false,פיניש מפיץ ריח למדיח בניחוח לימון וליים,הדקלאים אגודת שיתופי,,מפיץ ריח למדיח בניחו,Unknown,0.00,Unknown,false,1,22.50,22.50,true,1,
3161420001972,false,"ברנדי סנט רמי 700 מ""ל VSOP",רמי קואנטרו,,"ברנדי סנט רמי 700 מ""",מיליליטרים,700.00,"100 מ""ל",false,1,77.90,11.13,true,1,
3161712996153,false,גבינת מיני ברי כחולה,סבנסיה,,מיני ברי כחולה 125 ג,גרמים,125.00,100 גרם,false,1,26.50,21.20,true,1,
3161911229199,false,חמאה צרפתית רכה למריחה אל & ויר 250 גרם,אלל אה וויר,,אלוויר חמאה רכה 250,גרמים,250.00,100 גרם,false,1,21.00,8.40,true,1,
3161911366429,false,חמאה צרפתית מלוחה רכה למריחה אלוויר 250 גר',אלוויר,,אלוויר חמאה רכה מלוח,גרמים,250.00,100 גרם,false,1,21.00,8.40,true,1,
3161911393210,false,אלוויר חמאת נורמנדי מלוחה 200 גרם,אלוויר,FR,אלוויר חמאה נורמנדי,גרמים,200.00,100 גרם,false,1,20.90,10.45,true,1,
3175460000017,false,גבינת בורסאן שום ועשבי תיבול 150 גר,השחר,,גבינת בורסאן שום 150,גרמים,150.00,100 גרם,false,1,23.90,15.93,true,1,
3175460000062,false,גבינת בורסאן פלפל שחור 150 גרם,השחר,,גבינת בורסאן פלפל שח,גרמים,150.00,100 גרם,false,1,23.90,15.93,true,1,
3175460000864,false,גבינת בורסאן טבעי 150 גר,Unknown,,גבינת בורסאן טבעי 15,גרמים,150.00,100 גרם,false,1,23.90,15.93,true,1,
3175460030083,false,גבינת בורסאן בצל ועירית 150 גר,השחר,,גבינת בורסאן בצל ועי,גרמים,150.00,100 גרם,false,1,23.90,15.93,true,1,
3175529633934,false,יין לבן ויו פאפ שרדונה קולומברד 750 מל,,FR,יין לבן ויו פאפ שרדו,Unknown,0.00,Unknown,false,1,41.90,41.90,true,1,
3175529633941,false,"יין אדום ויו פאפ מרלו סירה 750 מ""ל",,FR,יין אדום ויו פאפ מרל,Unknown,0.00,Unknown,false,1,41.90,41.90,true,1,
3175529653062,false,יין רוזה ויו פאפ גראנש מרלו 750 מל,,FR,יין רוזה ויו פאפ גרא,Unknown,0.00,Unknown,false,1,41.90,41.90,true,1,
3178530402353,false,עוגות מיני מדלן קלאסי סאן מישל 175 גרם,סאן מישל ביסוויט,,מיני מדליינס סאן מיש,גרמים,175.00,100 גרם,false,1,12.50,7.14,true,1,
3178530407938,false,עוגיות מיני מדליין עם שוקוצ'יפס סאן מישל 175 גרם,סאן מישל,,מיני מדליין 175 גר,גרמים,175.00,100 גרם,false,1,13.90,7.94,true,1,
3178530409673,false,עוגיות פלמיה קרמל 100 גרם,סאן מישל צ'\אמפאגנאק,,עוגיות פלמיה קרמל 10,גרמים,100.00,100 גרם,false,1,14.90,14.90,true,1,
3178530411478,false,ביסקוויטים גאלט עם חמאה ומלח ים,סן מישל St Michel,,ביסקוויט סאן מישל גד,גרמים,150.00,100 גרם,false,1,12.90,8.60,true,1,
3178530412703,false,דונאט עם שוקולד 180 גרם סן מישל,סן מישל St Michel,,דונאט עם שוקולד 180,גרמים,180.00,100 גרם,false,1,14.90,8.28,true,1,
3178530417418,false,דונאט עם שוקולד צ'יפס 180 גרם סן מישל,סן מישל St Michel,,דונאט עם שוקולד ציפס,גרמים,180.00,100 גרם,false,1,14.90,8.28,true,1,
3179730011017,false,פרייה מים מינרלים טבעיים מבעבעים,NESTLE WATERS,,מים מינרלים פירייה 7,מיליליטרים,750.00,"100 מ""ל",false,1,11.90,1.59,true,1,
3179732348913,false,פרייה מים מינרליים טבעיים מבעבעים 1 ליטר פלסטיק,נסטלה ווטרס ספלאי,,מים מינרלים פרייה 1,מיליליטרים,1000.00,"100 מ""ל",false,1,8.90,0.89,true,1,
3187460801136,false,ברנדי דה ולקור VSOP נפוליאון 700 מל מאז,,,ברנדי דה ולקור VSOP,מיליליטרים,700.00,"100 מ""ל",false,1,83.90,11.99,true,1,
3211200008049,false,"יין לאודלה רוזה 750 מ""ל",,FR,יין לאודלה רוזה 750,מיליליטרים,750.00,"100 מ""ל",false,1,47.90,6.39,true,1,
3211201046613,false,מיזון קסטל בורדו מרלו 750 מל,,,מיזון קסטל בורדו מרל,Unknown,0.00,Unknown,false,1,51.90,51.90,true,1,
3211203429315,false,ברון דה לסטאק בלאן בורדו 750 מל,,,ברון דה לסטאק בלאן,Unknown,0.00,Unknown,false,1,59.90,59.90,true,1,
3211203444066,false,מיזון קסטל גרנד רזרב שרדונה 750 מל,,,מיזון קסטל גרנד רזרב,Unknown,0.00,Unknown,false,1,51.90,51.90,true,1,
3211203444103,false,מיזון קסטל גרנד רזרב ק. סוביניון 750 מ,,,מיזון קסטל גרנד רזרב,Unknown,0.00,Unknown,false,1,51.90,51.90,true,1,
3211203444141,false,מיזון קסטל גרנד רזרב סירה 750 מל,,,מיזון קסטל גרנד רזרב,Unknown,0.00,Unknown,false,1,51.90,51.90,true,1,
3211203448347,false,שאטו דו לורט בורדו 750 מל,,,שאטו דו לורט בורדו,Unknown,0.00,Unknown,false,1,62.90,62.90,true,1,
3211209117902,false,"יין מיזון קסטל מוסקט לבן חצי 750 מ""ל",,,יין מיזון קסטל מוסק,Unknown,0.00,Unknown,false,1,46.90,46.90,true,1,
3211209118039,false,יין מיזון קסטל לנגדוק 750 מל,,,יין מיזון קסטל לנגדו,Unknown,0.00,Unknown,false,1,51.90,51.90,true,1,
3211209133544,false,"יין שאטו גואלן 750 מ""ל",,FR,יין שאטו גואלן 750 מ,מיליליטרים,750.00,"100 מ""ל",false,1,72.90,9.72,true,1,
3211209133698,false,שאטו טור פרינאק קרו ברזואה מדוק 750 מל,,,שאטו טור פרינאק,Unknown,0.00,Unknown,false,1,83.90,83.90,true,1,
3211209134442,false,שאטו פראנד בלאן גראב 750 מל,,,שאטו פראנד בלאן גראב,Unknown,0.00,Unknown,false,1,122.90,122.90,true,1,
3211209134886,false,שאטו פראנד גראב 750 מל,,,שאטו פראנד גראב,Unknown,0.00,Unknown,false,1,112.90,112.90,true,1,
3211209136347,false,שאטו לאטור קומבלאנה קוט דה בורדו 750 מל,,,שאטו לאטור קומבלאנה,Unknown,0.00,Unknown,false,1,79.90,79.90,true,1,
3211209140214,false,שאטו טור פרינאק גראן רזרב מדוק 750 מל,,,שאטו טור פרינאק גראן,Unknown,0.00,Unknown,false,1,119.90,119.90,true,1,
3211209217602,false,מיזון רוזה דאנזו חצי מתוק 750 מל,,,מיזון רוזה דאנזו חצי,Unknown,0.00,Unknown,false,1,51.90,51.90,true,1,
3211209265900,false,"יין פמלי קסטל ברוט מבעבע 750 מ""ל",,,יין מיזון קסטל ברוט,Unknown,0.00,Unknown,false,1,62.90,62.90,true,1,
3211209267126,false,מיזון קסטל גוורצטרמינר 750 מל,,,מיזון קסטל גוורצטרמי,Unknown,0.00,Unknown,false,1,44.90,44.90,true,1,
3211209282167,false,"מיזון קסטל ברוט רוזה מבעבע 750 מ""ל",,,מיזון קסטל ברוט רוזה,Unknown,0.00,Unknown,false,1,62.90,62.90,true,1,
3211209719342,false,שאטו דו בוסקה קוט דה בורג 750 מל,,,שאטו דו בוסקה קוט דה,Unknown,0.00,Unknown,false,1,83.90,83.90,true,1,
3211209968009,false,יין קמברה מרלו 1 ליטר,קמברה,,יין קמברה מרלו 1 לי,Unknown,0.00,Unknown,false,1,39.90,39.90,true,1,
3211209968030,false,יין קמברה שרדונה 1 ליטר,קמברה,,יין קמברה שרדונה 1 ל,Unknown,0.00,Unknown,false,1,39.90,39.90,true,1,
3211209970859,false,יין קמברה קברנה סוביניון 1 ליטר,קמברה,,יין קמברה קברנה סובי,Unknown,0.00,Unknown,false,1,39.90,39.90,true,1,
3211209990826,false,"יין לאודלה שרדונה 750 מ""ל",,FR,יין לאודלה שרדונה 75,מיליליטרים,750.00,"100 מ""ל",false,1,47.90,6.39,true,1,
3211209999553,false,"יין לאודלה קברנה סוביניון 750 מ""ל",,FR,יין לאודלה קברנה סוב,מיליליטרים,750.00,"100 מ""ל",false,1,47.90,6.39,true,1,
3245990969419,false,"קוניאק הנסי 700 מ""ל V.S.O.P",jas hennessy,,"קוניאק הנסי 700 מ""ל",מיליליטרים,700.00,"100 מ""ל",false,1,259.90,37.13,true,1,
3254550033217,false,סנט מור גבינת ברי איסיני 220 גרם,אף.סי תבליני בגליל ב,,ברי מרובע 220 גר,גרמים,220.00,100 גרם,false,1,30.90,14.05,true,1,
3254550033279,false,גבינת קממבר 250 גרם סנט מר,איסיני סנט מור,,קממבר 250 גר,גרמים,250.00,100 גרם,false,1,30.90,12.36,true,1,
3256760106408,false,פלשארד בסגנון פטה 500 גר,,,פלשארד בסגנון פטה 50,גרמים,500.00,100 גרם,false,1,12.50,2.50,true,1,
3256761201003,false,פלשארד בסגנון פטה מעודנת 500 גר קרטונית,,,פלשארד בסגנון פטה מע,גרמים,500.00,100 גרם,false,1,12.50,2.50,true,1,
3257150100204,false,"קוניאק צרפתי מיוקוב 700 מ""ל V.S",,,קוניאק צרפתי מיוקוב,מיליליטרים,700.00,"100 מ""ל",false,1,156.90,22.41,true,1,
3257150101119,false,"מארז קוניאק מיוקוב 5 כוכבים 700 מ""ל",,,מארז קוניאק מיוקוב 5,מיליליטרים,700.00,"100 מ""ל",false,1,177.90,25.41,true,1,
3257150102208,false,מיוקוב קוניאק 700 מל 2 כוסות VSOP מארז,,FR,מיוקוב קוניאק 700 מל,מיליליטרים,700.00,"100 מ""ל",false,1,189.90,27.13,true,1,
3258364100707,false,"קוניאק VS דה לוז 700 מ""ל",,FR,קוניאק VS דה לוז 70,מיליליטרים,700.00,"100 מ""ל",false,1,182.90,26.13,true,1,
3263280106429,false,"קוארפו קוקטייל מוחיטו 750 מ""ל",,,קוארפו קוקטייל מוחיט,מיליליטרים,750.00,"100 מ""ל",false,1,67.90,9.05,true,1,
3263280107310,false,"קוארפו פינה קולדה 700 מ""ל",,,קוארפו פינה קולדה 7,מיליליטרים,700.00,"100 מ""ל",false,1,62.90,8.99,true,1,
3263280107495,false,חסוםסנגריה מריה אולה 1.5ליטר,,,משקה מבוסס על יין סנ,מיליליטרים,1500.00,"100 מ""ל",false,1,21.90,1.46,true,1,
3263286301316,false,יין J.P קולומברד סוביניון לבן 750 מל,,,יין J.P קולומברד סוב,Unknown,0.00,Unknown,false,1,41.90,41.90,true,1,
3263286301323,false,"יין JP קברנה סירה 750 מ""ל",,,יין JP קברנה סירה 75,Unknown,0.00,Unknown,false,1,41.90,41.90,true,1,
3263286301385,false,יין J.P רוזה סינסולט גרנאש 750 מל,קב דה לנדירס,,יין J.P רוזה סינסולט,Unknown,0.00,Unknown,false,1,41.90,41.90,true,1,
3263286321284,false,יין צרפתי גיפי לבן חצי מתוק 750 מל,קב דה לנדירס,,יין צרפתי גיפי לבן,Unknown,0.00,Unknown,false,1,41.90,41.90,true,1,
3263286328993,false,יין גיי פי שנה מרלו,,,יין J.P מרלו 750 מל,Unknown,0.00,Unknown,false,1,41.90,41.90,true,1,
3270620001757,false,"קוניאק VS לואי רוייה 700 מ""ל",,,קוניאק VS לואי רוייה,מיליליטרים,700.00,"100 מ""ל",false,1,149.90,21.41,true,1,
3270620001764,false,קוניאק VS לואי רוייה 1 ליטר,,,קוניאק VS לואי רוייה,מיליליטרים,1000.00,"100 מ""ל",false,1,149.90,14.99,true,1,
3271470759935,false,"סיידר אותנטיק יבש 750 מ""ל",,,סיידר אותנטיק יבש,מיליליטרים,750.00,"100 מ""ל",false,1,22.90,3.05,true,1,
3272770003148,false,"שברוקס גבינת עיזים פרמידה, 150 גרם",מיוצר עי קונדיטוריית,,שברו עיזים טבעי 150,גרמים,150.00,100 גרם,false,1,26.90,17.93,true,1,
3272770092678,false,טרטר שום ועשבי תיבול 150 גר,בונגראן,,טרטר שום ועשבי תיבול,גרמים,150.00,100 גרם,false,1,23.30,15.53,true,1,
3274551885561,false,פיליפ דרסלר אלזס גוורצטרמינר 750 מל,,,פיליפ גוורצטרמינר,Unknown,0.00,Unknown,false,1,69.90,69.90,true,1,
3275240312115,false,קממבר צרפתי קופסא 250 גרם,,,קממבר צרפתי קופסא 25,גרמים,250.00,100 גרם,false,1,25.90,10.36,true,1,
3275240312319,false,קממבר צרפתי נייר 240 גרם,,,קממבר צרפתי נייר 240,גרמים,240.00,100 גרם,false,1,24.90,10.38,true,1,
3276210810105,false,יין לה פטיט פרייר סוביניון בלאן 750 מל,,,יין לה פטיט פרייר סו,Unknown,0.00,Unknown,false,1,51.90,51.90,true,1,
3276210811102,false,יין אדום יבש פינו נואר 750 מל,,,יין לה פטיט פרייר יב,Unknown,0.00,Unknown,false,1,51.90,51.90,true,1,
3278480396310,false,"קוניאק גודה VS 700 מ""ל","יורוסטדנרט בע""\מ",,קוניאק VS גודה 700 מ,מיליליטרים,700.00,"100 מ""ל",false,1,119.90,17.13,true,1,
3289850063220,false,יין סאזה - מוסקדה סור א-מיין סור לי 750,,,יין סאזה - מוסקדה סו,Unknown,0.00,Unknown,false,1,59.90,59.90,true,1,
3296184016242,false,"יין מירבל רוזה יבש, 750 מ""ל",,,יין מירבאל רוזה 750,מיליליטרים,750.00,"100 מ""ל",false,1,122.90,16.39,true,1,
3328640121976,false,"ויסקי היילנד קווין בלנדד 700 מ""ל",פונט סלאם וולנסיה,,ויסקי היילנד קווין ב,מיליליטרים,700.00,"100 מ""ל",false,1,76.90,10.99,true,1,
3364048001229,false,"קוניאק צרפתי 700 מ""ל TIFFFON VS",,,"קוניאק צרפתי 700 מ""ל",מיליליטרים,700.00,"100 מ""ל",false,1,109.90,15.70,true,1,
3387390320244,false,פיטנס דגני בוקר מחיטה מלאה עם פירות נסטלה 375 גרם,נסטלה צרפת איטנקורט,,דגני בוקר פיטנס עם פ,גרמים,375.00,100 גרם,false,1,19.90,5.31,true,1,
3387390525960,false,קראנץ' דגני בוקר עם שוקולד חלב נסטלה 500 גרם,הנסיך- מפעל לייצור ט,,דגני בוקר קראנץ 500,גרמים,500.00,100 גרם,false,1,22.90,4.58,true,1,
3412290023640,false,אמנטל צרפתי ארוז 250 גר,,,אמנטל צרפתי ארוז 250,גרמים,250.00,100 גרם,false,1,28.50,11.40,true,1,
3415581187113,false,גלידה בטעם וניל בראוניס 473 ג' האגן דאז,האגן-דאז,,האגן דאז קרמל בראוני,מיליליטרים,500.00,"100 מ""ל",false,1,26.50,5.30,true,1,
3431501000173,false,סנט אגור במשקל,,,סנט אגור במשקל,Unknown,0.00,"ק""ג",true,0,215.00,215.00,true,1,
3480341002685,false,טרטר אפרטיף בסגנון פרובנס 101 גר,בונגראן,,טרטר אפרטיף בסגנון פ,גרמים,101.00,100 גרם,false,1,24.90,24.65,true,1,
3480341002692,false,טרטר אפרטיף בסגנון איטלקי 100 גר,בונגראן,,טרטר אפרטיף בסגנון א,גרמים,100.00,100 גרם,false,1,24.90,24.90,true,1,
3500610085338,false,גיי פי שנה לבן מבעבע 750 מל,LANDIRAS JP CHENET,,גיי פי שנה לבן מבעבע,Unknown,0.00,Unknown,false,1,43.90,43.90,true,1,
3500610091353,false,יין פרסטיגום אדום יבש 750 מל,,,יין פרסטיגום אדום יב,Unknown,0.00,Unknown,false,1,28.90,28.90,true,1,
3500610091360,false,יין פרסטיגום לבן יבש 750 מל,,,יין פרסטיגום לבן יבש,Unknown,0.00,Unknown,false,1,28.90,28.90,true,1,
3500610093708,false,גיי פי שנה רוזה מבעבע 750 מל,LANDIRAS JP CHENET,,גיי פי שנה רוזה מבעב,Unknown,0.00,Unknown,false,1,43.90,43.90,true,1,
3504105028398,false,"גל רחצה לגוף ולשיער מוסטלה 500 מ""ל",ניאופארם,,גל רחצה לגוף ולשיער,Unknown,0.00,Unknown,false,1,67.90,67.90,true,1,
3523230025652,false,"גבינת מיני בושה עם שום ועשי תיבול ועשבי, 125 גרם",סואניון,,גבינה מיני בושה,גרמים,125.00,100 גרם,false,1,24.90,19.92,true,1,
3523230026826,false,"גבינת עיזים למריחה פירמידה, 140 גרם",סואניון,,גבינה עיזים למריחה פ,גרמים,140.00,100 גרם,false,1,24.90,17.79,true,1,
3523230026888,false,"גבינת עיזים שום ועשבי תיבול למריחה פירמידה, 140 גרם",סואניון SOIGNON,,גב עיזים למריחה שום,גרמים,140.00,100 גרם,false,1,24.90,17.79,true,1,
3523230032278,false,גבינת עיזים למריחה 150 גרם,אוריאל,,גבינת עיזים למריחה 1,גרמים,150.00,100 גרם,false,1,25.90,17.27,true,1,
3523230045827,false,גבינת סנט מור עיזים160גר,סואניון,,סנט מור חלב עיזים 16,גרמים,160.00,100 גרם,false,1,28.90,18.06,true,1,
3550190401202,false,מאג שקוף ורסאי 250,,,ורסאי ספל מאג שקוף,Unknown,0.00,Unknown,false,1,8.50,8.50,true,1,
3563490014898,false,ריין דיז'ון חרדל דיז'ון 265 גרם,ריין דיז'ון reine dijon,,חרדל לחיץ ריין דיזיו,גרמים,265.00,100 גרם,false,1,14.60,5.51,true,1,
3574661401140,false,"שטיפת פה ליסטרין נייטלי ריסיט 400 מ""ל",ניאופארם,IT,שטיפת פה ליסטרין ניי,מיליליטרים,400.00,"100 מ""ל",false,1,18.90,4.73,true,1,
3574661487335,false,מגן תחתון קרפרי מקסי לונג ריחני 40 יחידות,קרפרי Carefree,IT,מגן תחתון קרפרי מקסי,Unknown,0.00,Unknown,false,1,24.90,24.90,true,1,
3574661487625,false,מגן תחתון קרפרי מקסי לארג 48 יחידות,הדקלאים אגודת שיתופי,IT,מגן תחתון קרפרי מקסי,Unknown,0.00,Unknown,false,1,24.90,24.90,true,1,
3574661491806,false,מי פה אדבנס וויט מנטה מסירה כתמים קשים,ג'\ונסון אנד ג'\ונסון,IT,מי פה ליסטרין אדוונס,מיליליטרים,500.00,"100 מ""ל",false,1,23.90,4.78,true,1,
3574661501901,false,שטיפה אינטימית יומיומית מכיל תה ירוק ואלוורה,קולגייט פלמוליב,,שטיפה אינטימית קרפרי,מיליליטרים,200.00,"100 מ""ל",false,1,19.90,9.95,true,1,
3574661552804,false,מגן תחתון קרפרי אלוורה 56 יחידות,הדקלאים אגודת שיתופי,IT,מגן תחתון קרפרי אלוו,Unknown,0.00,Unknown,false,1,24.90,24.90,true,1,
3585240000364,false,"ברנדי 700 מ""ל BOSSARD XO",,,"ברנדי 700 מ""ל BOSSAR",מיליליטרים,700.00,"100 מ""ל",false,1,164.90,23.56,true,1,
3600521720219,false,קרם פנים לילה עם פעולה משולשת לכל סוגי העור,"קרלסרו, גרמניה",,פעולה משולשת קרם ליל,גרמים,207.00,100 גרם,false,1,49.90,24.11,true,1,
3600523651870,false,שמפו לחיזוק סיב השערה לכל סוגי השיער,לוריאל - אלביב Elvive,,שמפו ארגנין לוריאל,מיליליטרים,550.00,"100 מ""ל",false,1,14.90,2.71,true,1,
3600523652280,false,"לוריאל אלביב שמפו מועשר ב 6 שמנים, 550 מ""ל",לוריאל - אלביב Elvive,,שמפו לוריאל אלביב,מיליליטרים,550.00,"100 מ""ל",false,1,14.90,2.71,true,1,
3600523652297,false,"מרכך לשיער אלביב זהב 6 שמנים , 550 מ""ל",לוריאל - אלביב Elvive,,מרכך לוריאל אלביב,מיליליטרים,550.00,"100 מ""ל",false,1,14.90,2.71,true,1,
3607340717635,false,אדידס גל רחצה לגבר אייס דייב 400 מל,קוטי ס.פ,ES,גל רחצה לגברים אדידס,מיליליטרים,400.00,"100 מ""ל",false,1,14.90,3.73,true,1,
3607345265117,false,"אדידס - דאודורנט ספריי לגבר טים פורס 150 מ""ל",מיוצר עי קונדיטוריית,PL,דאו ספריי גוף אדידס,מיליליטרים,150.00,"100 מ""ל",false,1,19.90,13.27,true,1,
3607347320449,false,"אדידס - ג'ל רחצה ספורט אנרג'י 400 מ""ל",קוטי ס.פ,ES,גל רחצה לגברים אדידס,מיליליטרים,400.00,"100 מ""ל",false,1,14.90,3.73,true,1,
3608580730231,false,קונפיטורה בון ממאן תות שדה 370 גר',אף.סי תבליני בגליל ב,,קונפיטורה בטעם תות 3,גרמים,370.00,100 גרם,false,1,20.90,5.65,true,1,
3608580730255,false,קונפיטורה בטעם משמש 370 גר BONNE MAMAN,בון ממן,,קונפיטורה בטעם משמש,גרמים,370.00,100 גרם,false,1,20.90,5.65,true,1,
3608580730323,false,קונפיטורה בטעם פטל 370 גר BONNE MAMAN,אנדורס,,קונפיטורה בטעם פטל 3,גרמים,370.00,100 גרם,false,1,20.90,5.65,true,1,
3614221653715,false,"אדידס קליימקול ג'ל רחצה, 400 מ""ל",קוטי ס.פ,ES,גל רחצה אדידס קליימק,מיליליטרים,400.00,"100 מ""ל",false,1,14.90,3.73,true,1,
3661163991580,false,"אדידס - דאודורנט ספריי לאישה קול אנד קר 6 ב-1 150 מ""ל",מיוצר עי קונדיטוריית,PT,דאו ספררי לנשים אדיד,מיליליטרים,150.00,"100 מ""ל",false,1,19.90,13.27,true,1,
3662444002742,false,לחמניות מזונות עברית8 יחידות 280 גרם,,FR,לחמניות מזונות עברית,גרמים,280.00,100 גרם,false,1,21.90,7.82,true,1,
3662444002766,false,חלה בריוש ראובנס 500 גרם,N.F.D,FR,חלה בריוש ראובנס 500,גרמים,500.00,100 גרם,false,1,24.90,4.98,true,1,
3662444002773,false,חלה בריוש שוקוציפס ראובנס 500 גרם,N.F.D,FR,חלה בריוש שוקוציפס ר,גרמים,500.00,100 גרם,false,1,24.90,4.98,true,1,
3760291950213,false,"יין שאטו פיגודה רוזה לאוראטוואר 750 מ""ל",,,יין שאטו פיגודה רוזה,מיליליטרים,750.00,"100 מ""ל",false,1,99.90,13.32,true,1,
3770000016796,false,"יין שבלי דומיין דה שאטיון כשל""פ 750 מ""ל",דומיין דה לה,FR,יין שבלי דומיין דה ש,Unknown,0.00,Unknown,false,1,84.90,84.90,true,1,
3800016701055,false,"לפתן חצאי אפרסק בסירופ 700 מ""ל",פרוקטו סליבאן GSC,,לפתן חצאי אפרסק בסיר,מיליליטרים,700.00,"100 מ""ל",false,1,10.70,1.53,true,1,
3800016701178,false,"לפתן חצאי משמש בסירופ 700 מ""ל",פרוקטו סליבאן GSC,,"לפתן משמש 700 מ""ל",מיליליטרים,700.00,"100 מ""ל",false,1,10.70,1.53,true,1,
3800016701239,false,פלפל סבא פפרוני 580 גרם אורזיץ,פרוקטו סליבאן GSC,,פלפל סבא פפרוני 580,גרמים,580.00,100 גרם,false,1,10.70,1.84,true,1,
3800016703554,false,"שימורי עגבניות שרי סבא 580 מ""ל",פרוקטו סליבאן GSC,,שימורי עגבניות שרי ס,מיליליטרים,580.00,"100 מ""ל",false,1,10.70,1.84,true,1,
3800023801359,false,GUSTO רולדה וניל ותו,,BG,GUSTO רולדה וניל ותו,Unknown,0.00,Unknown,false,1,8.90,8.90,true,1,
3800023801366,false,GUSTO רולדה קקאו 175,,BG,GUSTO רולדה קקאו 175,Unknown,0.00,Unknown,false,1,8.90,8.90,true,1,
3800023801380,false,GUSTO רולדה וניל ופי,,BG,GUSTO רולדה וניל ופי,Unknown,0.00,Unknown,false,1,8.90,8.90,true,1,
3800023801397,false,GUSTO רולדה וניל וקק,,BG,GUSTO רולדה וניל וקק,Unknown,0.00,Unknown,false,1,8.90,8.90,true,1,
3800023807047,false,GUSTO רולדה וניל ותו,,BG,GUSTO רולדה וניל ותו,Unknown,0.00,Unknown,false,1,6.90,6.90,true,1,
3800023807054,false,GUSTO רולדה וניל ודו,,BG,GUSTO רולדה וניל ודו,Unknown,0.00,Unknown,false,1,6.90,6.90,true,1,
3800047786786,false,מאפה בצק פילו במילוי גבינה 480 גרם,Mister Oven,BG,מאפה בצק פילו במילוי,גרמים,480.00,100 גרם,false,1,24.90,5.19,true,1,
3800047786809,false,מאפה בצק פילו אצבעות במילוי גבינה 480 גר,Mister Oven,BG,מאפה בצק פילו אצבעות,גרמים,480.00,100 גרם,false,1,24.90,5.19,true,1,
3800047786816,false,מאפה בצק פילו אצבעות במילוי גבינה ותרד,Mister Oven,BG,מאפה בצק פילו אצבעות,גרמים,480.00,100 גרם,false,1,24.90,5.19,true,1,
3800061605681,false,עוגיות פרסטיז מצופות בטעם אוכמניות כחולו,,,עוגיות פרסטיז מצופות,גרמים,200.00,100 גרם,false,0,8.90,4.45,true,1,
3800061607968,false,חטיפי וופל פרסטיז בציפוי עם קרם בטעם קקא,,,חטיפי וופל פרסטיז בצ,גרמים,180.00,100 גרם,false,0,8.90,4.94,true,1,
3800061608088,false,עוגיות פרסטיז במילוי בטעם תפוחים 155 גר,,,עוגיות פרסטיז במילוי,גרמים,155.00,100 גרם,false,0,8.90,5.74,true,1,
3800061608217,false,עוגיות סנדוויץ פרסטיז במילוי בטעם קקאו 1,,,עוגיות סנדוויץ פרסטי,גרמים,153.00,100 גרם,false,0,8.90,5.82,true,1,
3800061608224,false,עוגיות פרסטיז במילוי בטעם תות 134 גר,,,עוגיות פרסטיז במילוי,גרמים,134.00,100 גרם,false,0,8.90,6.64,true,1,
3800061608231,false,עוגיות פרסטיז במילוי בטעם פירות יער 134,,,עוגיות פרסטיז במילוי,גרמים,134.00,100 גרם,false,0,8.90,6.64,true,1,
3800065711289,false,ביסקוויט גאמבי פירות יער 170 גרם,,,ביסקוויטים במ.ריבת פ,גרמים,150.00,100 גרם,false,1,7.90,5.27,true,1,
3800065711319,false,ביסקוויט גאמבי תות שדה 170 גרם,,,ביסקוויטים במ.ריבת ת,גרמים,150.00,100 גרם,false,1,7.90,5.27,true,1,
3800065711531,false,ביסקויט קלאסיק דבש ואגוז 190 גרם,זרחני איזדליה ורנה (,,עוגיות עם דבש 170 גר,גרמים,170.00,100 גרם,false,1,8.90,5.24,true,1,
3800065723015,false,מקלות גריסיני מלוח קלאסי סוויט פלוס 235 גר,,BG,גריסיני קלאסי עם מלח,גרמים,235.00,100 גרם,false,1,8.90,3.79,true,1,
3800065723022,false,מקלות גריסיני עם פרג סוויט פלוס 235 גר,זרחני איזדליה ורנה (,BG,גריסיני עם פרג סטיקס,גרמים,235.00,100 גרם,false,1,8.90,3.79,true,1,
3800065781114,false,עוגת וופל צודו בוטנים 250 גרם,זרחני איזדליה ורנה (,BG,עוגת וופל במ.קרם קקא,גרמים,250.00,100 גרם,false,1,12.50,5.00,true,1,
3800065781244,false,עוגת וופל צודו שוקולד 200 גרם,זרחני איזדליה ורנה (,,עוגת וופל במ.קרם קקא,גרמים,180.00,100 גרם,false,1,9.90,5.50,true,1,
3800065781268,false,עוגת וופל צודו בוטנים 180 גרם,זרחני איזדליה ורנה (,BG,עוגת וופל במ.קרם קקא,גרמים,180.00,100 גרם,false,1,9.90,5.50,true,1,
3800065781688,false,עוגת וופל צודו אגוזי לוז 125 גר,זרחני איזדליה ורנה (,BG,עוגת וופל במילוי קרם,גרמים,125.00,100 גרם,false,1,9.90,7.92,true,1,
3800202840063,false,OVI&SARI מאפה ממולא,,BG,OVI&SARI מאפה ממולא,Unknown,0.00,Unknown,false,1,7.90,7.90,true,1,
3800205875109,false,צנימים אובן בקד עגבניות וזיתים 70 גר,,,צנימים עגבניות זיתים,גרמים,70.00,100 גרם,false,1,5.90,8.43,true,1,
3800727040313,false,לפתן אפרסק 700 גרם,,,לפתן אפרסק 700 גרם,גרמים,700.00,100 גרם,false,1,15.90,2.27,true,1,
3800727040818,false,לפתן דובדבן חמוץ ללא חרצן 700 גר,קרנובטפלוד,,לפתן דובדבן חמוץ ללא,גרמים,700.00,100 גרם,false,1,15.90,2.27,true,1,
3800740021870,false,ממרח ירוקות לוטניצה 265 גר,,BG,ממרח ירוקות לוטניצה,גרמים,265.00,100 גרם,false,1,20.90,7.89,true,1,
3800740030513,false,רוטב עגבניות ובזיליקום לפסטה 310 גר,,BG,רוטב עגבניות ובזיליק,גרמים,310.00,100 גרם,false,1,13.90,4.48,true,1,
3800740031060,false,רוטב עגבניות עם אוכמניות 330 גר,,BG,רוטב עגבניות עם אוכמ,גרמים,330.00,100 גרם,false,1,13.90,4.21,true,1,
3830006126872,false,נר 9X5 בקופסת פח (24,,,נר 9X5 בקופסת פח (24,Unknown,0.00,Unknown,false,1,24.90,24.90,true,1,
3830006211547,false,ייבוש כלים במבוק,,,ייבוש כלים במבוק,קילוגרמים,0.00,"ק""ג",false,1,89.90,89.90,true,1,
3830006213541,false,100 שקיות זילוף חד פעמי,,,100 שקיות זילוף חד פ,Unknown,0.00,Unknown,false,1,39.90,39.90,true,1,
3830053871299,false,גלידה LEONE בטעם עוגיות עם חתיכות עוגיות,,,גלידה LEONE בטעם עוג,גרמים,1000.00,100 גרם,false,1,44.90,4.49,true,1,
3838824127149,false,צבע לשיער פאלטה שחור כחול 1-1,שוורצקופף והנקל,,פלטה סמי קיט 1-1 שחו,Unknown,0.00,Unknown,false,1,29.90,29.90,true,1,
3838824193915,false,צבע לשיער 1-0 שחור סמי קיט פאלטה,שוורצקופף והנקל,,פלטה סמי קיט 1-0 שחו,Unknown,0.00,Unknown,false,1,29.90,29.90,true,1,
3838824380988,false,צבעי שיער בלונד כסוף אפרפר 12-21 סמי קיט פאלטה,שוורצקופף והנקל,,צבע לשיער פלטה סמי ק,Unknown,0.00,Unknown,false,1,29.90,29.90,true,1,
3838945007870,false,מיץ תפוזים 100% עם ויטמין סי 1 ליטר,FRUCTAL,,מיץ תפוזים 100% עם ו,מיליליטרים,1000.00,"100 מ""ל",false,1,14.60,1.46,true,1,
3838945027854,false,מולטי ויטמין פירות אד. 100% 1 ל FRUCTAL,FRUCTAL,,מולטי ויטמין פירות א,מיליליטרים,1000.00,"100 מ""ל",false,1,14.60,1.46,true,1,
3838945508995,false,נקטר משמש 43% פרי 1 ל FRUCTAL,FRUCTAL,,נקטר משמש 43% פרי 1,מיליליטרים,1000.00,"100 מ""ל",false,1,14.60,1.46,true,1,
3838945509015,false,נקטר אוכמניות שחורות 25% 1 ל FRUCTAL,פרוקטל Fructal,,נקטר אוכמניות שחורות,מיליליטרים,1000.00,"100 מ""ל",false,1,14.60,1.46,true,1,
3838945509060,false,מיץ תפוחים 100% 1 ליטר FRUCTAL,FRUCTAL,,מיץ תפוחים 100% 1 לי,מיליליטרים,1000.00,"100 מ""ל",false,1,14.60,1.46,true,1,
3838945509077,false,מיץ אננס 100% 1 ליטר FRUCTAL,FRUCTAL,,מיץ אננס 100% 1 ליטר,מיליליטרים,1000.00,"100 מ""ל",false,1,14.60,1.46,true,1,
3850104008054,false,תבלין ירקות ווגטה 75 גר,פודרבקה ד.ד,HR,תבלין ירקות ווגטה 75,גרמים,75.00,100 גרם,false,1,7.50,10.00,true,1,
3850104008597,false,תערובת תבלינים עם ירקות ווגטה 250 גר,PODRAVKA POLSKA,HR,תערובת תבלינים עם יר,גרמים,250.00,100 גרם,false,1,20.90,8.36,true,1,
3850104008825,false,תבלין ויגטה ירקות שקית 125 גר,פודרבקה ד.ד,HR,תערובת תבלינים עם יר,גרמים,125.00,100 גרם,false,1,12.50,10.00,true,1,
3850104029189,false,תבלין ויגטה לפלוב 30 גר,,HR,תבלין תיבול לפלוב 20,Unknown,0.00,Unknown,false,1,3.50,3.50,true,1,
3850104214165,false,תבלין תערובת תיבול ל,,HR,תבלין תערובת תיבול ל,Unknown,0.00,Unknown,false,1,3.50,3.50,true,1,
3850104214202,false,תבלין תערובת תיבול ל,,HR,תבלין תערובת תיבול ל,Unknown,0.00,Unknown,false,1,3.50,3.50,true,1,
3850116036144,false,קינוח קפוא QUATTRO בטעם אגוזי לוז ופיסטו,,,קינוח קפוא QUATTRO ב,גרמים,975.00,100 גרם,false,1,44.90,4.61,true,1,
3850158301088,false,משקה כוהלי סליבוביצה,מרסקה,,"סליבוביץי 40% 700 מ""",מיליליטרים,700.00,"100 מ""ל",false,1,114.90,16.41,true,1,
3856020235819,false,תערובת תיבול עם גזר,,HR,תערובת תיבול עם גזר,Unknown,1.00,Unknown,false,1,7.90,7.90,true,1,
4000161050223,false,נידרגר מרציפן מצופה שוקולד 75 גר,,,נידרגר מרציפן מצופה,גרמים,75.00,100 גרם,false,1,22.90,30.53,true,1,
4000161050278,false,נידרגר-מרציפן מצופה שוקולד חלב 125 גר,,,נידרגר-מרציפן מצופה,גרמים,125.00,100 גרם,false,1,31.50,25.20,true,1,
4000161050308,false,נידרגר מרציפן מצופה שוקולד 125 גר,,,נידרגר מרציפן מצופה,גרמים,125.00,100 גרם,false,1,31.50,25.20,true,1,
4000161060116,false,נידרגר שוקולד מריר במילוי מרציפן 110 גר,,,נידרגר שוקולד מריר ב,גרמים,110.00,100 גרם,false,1,19.90,18.09,true,1,
4000161100904,false,נידרגר מרציפן מארז מהודר 100 גר,Q Chocolate,,נידרגר מרציפן מארז מ,גרמים,100.00,100 גרם,false,1,34.50,34.50,true,1,
4000211056052,false,רגולדס-סוכריות אקליפטוס מנטול בשקית 500ג,,DE,רגולדס-סוכריות אקליפ,גרמים,500.00,100 גרם,false,1,15.90,3.18,true,1,
4000281604504,false,בונבוניירה ליקר 150 גרם,,DE,פרליני שוקולד מריר ב,גרמים,150.00,100 גרם,false,1,10.90,7.27,true,1,
4000417022004,false,ריטר ספורט שוקולד חלב מעולה עם צימוקים ואגוזי לוז 100 גרם,ריטר ספורט Ritter sport,,שוקולד ריטר ספורט צי,גרמים,100.00,100 גרם,false,1,8.90,8.90,true,1,
4000417023001,false,ריטר ספורט שוקולד חלב מעולה עם שקדים שלמים,ריטר ספורט Ritter sport,,שוקולד RITTER SPORT,גרמים,100.00,100 גרם,false,1,10.90,10.90,true,1,
4000417025005,false,שוקולד מריר במילוי מרציפן ריטר ספורט 100 גרם,ריטר ספורט Ritter sport,,שוקולד RITTER SPORT,גרמים,100.00,100 גרם,false,1,8.90,8.90,true,1,
4000417026002,false,שוקולד ריטר ספורט פרלין 100 גרם חלב נוכרי,ריטר ספורט Ritter sport,,שוקולד ריטר ספורט נו,גרמים,100.00,100 גרם,false,1,8.90,8.90,true,1,
4000417212009,false,ריטר ספורט שוקולד מריר מעולה עם שקדים קצוצים וקליפות תפוז מסוכרות,ריטר ספורט Ritter sport,DE,שוקולד ריטר ספורט שק,גרמים,100.00,100 גרם,false,1,8.90,8.90,true,1,
4000417222008,false,שוקולד ריטר ספורט חלב+שברי אגוזים 100 גרם חלב נוכרי,ריטר ספורט Ritter sport,,שוקולד ריטר ספורט חל,גרמים,100.00,100 גרם,false,1,8.90,8.90,true,1,
4000417298003,false,שוקולד ריטר ספורט קוקוס 100 גרם חלב נוכרי,ריטר ספורט Ritter sport,,שוקולד ריטר ספורט קו,גרמים,100.00,100 גרם,false,1,8.90,8.90,true,1,
4000417626417,false,שוקולד חלב חמוציות ממותקות ושברי אגוזי לוז,ריטר,,שוקולד חלב עם חמוציו,גרמים,100.00,100 גרם,false,1,8.90,8.90,true,1,
4000417707000,false,שוקולד חלב מעולה עם שברי קשיו קלוי ומומלח,ריטר ספורט Ritter sport,,ריטר ספורט חלב קשיו,גרמים,100.00,100 גרם,false,1,10.90,10.90,true,1,
4000504149027,false,גבינת קממבר דה לוקס 125 גרם,,,גבינת קממבר דה לוקס,גרמים,125.00,100 גרם,false,1,21.90,17.52,true,1,
4000504149324,false,גבינת רוגט גרמני 125 גרם,,DE,גבינת רוגט גרמני 125,גרמים,125.00,100 גרם,false,0,22.90,18.32,true,1,
4000504149423,false,גבינת קמבוזולה 125 גרם,,DE,גבינת קמבוזולה 125 ג,גרמים,125.00,100 גרם,false,1,21.90,17.52,true,1,
4000504213028,false,גבינה דורבלו גרמנית במשקל,,,גבינה דורבלו גרמנית,Unknown,0.00,"ק""ג",true,0,184.00,184.00,true,1,
4000522009747,false,"מקלות בייגלה תפו""א צ'יו 80 גרם",טרופיקל דגיל תעשיות,,"מקלות תפו""א מלוחים 8",גרמים,80.00,100 גרם,false,1,5.20,6.50,true,1,
4000522061752,false,בייגלה צ'יו מקלות מלוחים 100 גרם,צ'יו Chio,,בייגלה ציו מקלות 100,גרמים,100.00,100 גרם,false,1,5.20,5.20,true,1,
4000539280726,false,שוקולד לינדט אקסלנס מילד 70% 100 גר,לינדט ושפרונגלי,DE,שוקולד לינדט אקסלנס,גרמים,100.00,100 גרם,false,1,14.90,14.90,true,1,
4000539280740,false,לינדט אקסלנס 78% מוצקי קקאו 100 גרם,לינדט ושפרונגלי קילשברג,DE,שוקולד לינדט אקסלנס,גרמים,100.00,100 גרם,false,1,14.90,14.90,true,1,
4000539363108,false,שוקולד לינדור סטיקס 38 גרם,לינדור,,שוקולד לינדור סטיקס,גרמים,38.00,100 גרם,false,1,7.30,19.21,true,1,
4000576027933,false,צימרונים לאוזניים גאן קרול 200 יח,וו.פלץ,DE,צימרונים לאוזניים גא,יחידה,1.00,יחידה,false,1,7.90,7.90,true,1,
4000576399405,false,פדים רחבים להסרת איפור,ג'ין קרול Jean Carol,,פדים להסרת איפור רחב,Unknown,0.00,Unknown,false,1,10.50,10.50,true,1,
4000576722654,false,ג'אן קרול פדים להסרת איפור,ג'ין קרול Jean Carol,,פדים להסרת איפור 140,Unknown,0.00,Unknown,false,1,18.80,18.80,true,1,
4000799109362,false,קפה אורגני פולים שלמים 250 גר מאונט האגן,מאונט האגן,,קפה אורגני פולים שלמ,גרמים,250.00,100 גרם,false,1,41.90,16.76,true,1,
4000869032569,false,"הפי מבשם ומטהר אויר ורוד מוצק יעקבי 150 מ""ל",יעקובי הפי,,מטהר אוויר הפי פרש מ,מיליליטרים,300.00,"100 מ""ל",false,1,7.70,2.57,true,1,
4001499116193,false,פרוש מרכך כביסה פרח הכותנה 750 מל,ארדל רקס,,פרוש מרכך כביסה פרח,מיליליטרים,750.00,"100 מ""ל",false,1,20.00,2.67,true,1,
4001499152061,false,פרוש ספריי לניקוי כללי מכיל סודה 500 מל,ארדל רקס,,פרוש ספריי לניקוי כל,מיליליטרים,500.00,"100 מ""ל",false,1,22.90,4.58,true,1,
4001499162916,false,"נוזל כלים פרוש סודה 500 מ""ל",ארדל רקס,,נוזל כלים פרוש סודה,מיליליטרים,500.00,"100 מ""ל",false,1,19.40,3.88,true,1,
4001499180057,false,פרוש ספריי לימון לניקוי אמבטיות 500 מל,ארדל רקס,,פרוש ספריי לימון לני,מיליליטרים,500.00,"100 מ""ל",false,1,22.90,4.58,true,1,
4001507161948,false,קווקר פתיתי שיבולת שועל דקה 500 גר,פורטין מולנברקה ג'ב,,קווקר פתיתי שיבולת ש,גרמים,500.00,100 גרם,false,1,6.20,1.24,true,1,
4001507161955,false,קווקר פתיתי שיבולת שועל עבה 500 גר,פורטין מולנברקה ג'ב,,קווקר פתיתי שיבולת ש,גרמים,500.00,100 גרם,false,1,6.20,1.24,true,1,
4001518003817,false,מקלות פריכים עם גבינת גאודה 125 ג' טורינוס,גריסון,DE,חטיף חיטה אפוי בתוספ,גרמים,125.00,100 גרם,false,1,17.70,14.16,true,1,
4001518106112,false,טורינוס מקלות פריכים עם רוזמרין 125 גרם,גריסון,,מקלות פריכים רוזמרין,גרמים,125.00,100 גרם,false,1,17.70,14.16,true,1,
4001638081863,false,"וולדה משחת שיניים לילדים, 50 מ""ל",S.L.A (DR.SAMUELOV,,משחת שיניים לילדים 5,מיליליטרים,50.00,"100 מ""ל",false,1,35.90,71.80,true,1,
4001638095235,false,"וולדה - דאודורנט רול און לימון 50 מ""ל",S.L.A (DR.SAMUELOV,,דאודורנט לימון 24 שע,מיליליטרים,50.00,"100 מ""ל",false,1,41.90,83.80,true,1,
4001638098090,false,"וולדה משחת שיניים מלחית, 75 מ""ל",S.L.A (DR.SAMUELOV,,משחת שיניים מלחית 75,מיליליטרים,75.00,"100 מ""ל",false,1,35.90,47.87,true,1,
4001638500210,false,וולדה גל ניקוי מטהר לעור הנוטה לפצעונים,סמואלוב,,גל ניקוי לעור הנוטה,מיליליטרים,100.00,"100 מ""ל",false,1,57.90,57.90,true,1,
4001638501491,false,"וולדה סקין פוד לייט, 75 מ""ל",S.L.A (DR.SAMUELOV,,"סקין פוד לייט 75 מ""ל",מיליליטרים,75.00,"100 מ""ל",false,1,62.90,83.87,true,1,
4001686301524,false,הריבו גולדבירס מיני דובוני גומי 250 גרם,,DE,הריבו גולדבירס מיני,גרמים,250.00,100 גרם,false,1,16.70,6.68,true,1,
4001751035705,false,רוטב חרדל עם דבש סקנדיה 215 גרם,Erich trapp,,רוטב חרדל עם דבש סקנ,גרמים,215.00,100 גרם,false,1,10.40,4.84,true,1,
4001751094283,false,רוטב חרדל בטעם תפוזים סקנידה 210 גרם,סקנדיה,,רוטב חרדל בטעם תפוזי,גרמים,210.00,100 גרם,false,1,10.40,4.95,true,1,
4002103289449,false,בירה ארדינגר ללא אלכוהול 330 מל,ארדינגר,,בירה ארדינגר 0% אלכו,מיליליטרים,330.00,"100 מ""ל",false,1,6.50,1.97,true,1,
4002309009100,false,ממרח שוקולד 350 גר KIDDY DUO,,LT,ממרח שוקולד 350 גר K,גרמים,350.00,100 גרם,false,1,15.90,4.54,true,1,
4002448017684,false,"סיליט באנג ספריי ניקוי כללי מסיר אבנית 750 מ""ל",הדקלאים אגודת שיתופי,,סיליט באנג ספריי מסי,מיליליטרים,750.00,"100 מ""ל",false,1,14.50,1.93,true,1,
4002448019480,false,"סיליט באנג מסיר שומנים רב שימושי 750 מ""ל",סיליט באנג Cillit Bang,,סיליט באנג מסיר שומנ,מיליליטרים,750.00,"100 מ""ל",false,1,14.50,1.93,true,1,
4002575016253,false,מרציפן מצופה שוקולד זנטיס 100 גרם,הדקלאים אגודת שיתופי,,מרציפן 100 גרם,גרמים,100.00,100 גרם,false,1,13.50,13.50,true,1,
4002590000022,false,סוכריות קלפני פירות יער אוכמניות 150 ג',ליימן מותגים,,קלפני פירות אוכמניות,גרמים,150.00,100 גרם,false,1,13.70,9.13,true,1,
4002590000633,false,קלפני סוכריות קשות בטעם פירות,ליימן מותגים,,סוכריות קלפני פירות,גרמים,150.00,100 גרם,false,1,13.70,9.13,true,1,
4002603087767,false,אייסקונפקט סילנדר 800ג',,,אייסקונפקט 800 גר,גרמים,800.00,100 גרם,false,1,41.90,5.24,true,1,
4002631025069,false,"בירה קוניגסבכר 4.6% 500 מ""ל פחית",קרלסברג יבוא יצוא,,בירה קוניגסבכר 4.6%,מיליליטרים,500.00,"100 מ""ל",false,1,5.90,1.18,true,1,
4002631025830,false,"בירה קוניגסבאכר חיטה 5.1% 500 מ""ל פחית",קרלסברג יבוא יצוא,,בירה קוניגסבאכר חיטה,מיליליטרים,500.00,"100 מ""ל",false,1,6.90,1.38,true,1,
4002720004371,false,קפה אספרסו קלוי וטחון 250 גרם BELLA CREMA,Melitta Kaffee GmbH,,קפה אספרסו 250 גרם B,גרמים,250.00,100 גרם,false,1,29.50,11.80,true,1,
4002899563105,false,'קונטיננטל דובשניות מצופות שוקולד מריר500ג,,NL,קונטיננטל דובשניות מ,גרמים,500.00,100 גרם,false,1,21.90,4.38,true,1,
4002899701118,false,קונטיננטל דובשניות מצופות שוקול חלב 500ג,,NL,קונטיננטל דובשניות מ,גרמים,500.00,100 גרם,false,1,21.90,4.38,true,1,
4003301051364,false,יין ריזלינג מייבאך חצי מתוק 750 מל,,,יין ריזלינג מייבאך ח,Unknown,0.00,Unknown,false,1,56.90,56.90,true,1,
4003301081835,false,"יין לבן יבש מייבאך שרדונה 750 מ""ל",,,יין לבן יבש מייבאך ש,Unknown,0.00,Unknown,false,1,56.90,56.90,true,1,
4003301085673,false,יין רוזה מתוק מייבאך פורטוגיזר 750 מ,,,יין רוזה מתוק מייבאך,Unknown,0.00,Unknown,false,1,56.90,56.90,true,1,
4003754021662,false,בונ עיגולי מרציפן עם שזיף ביין מדירה בש,,DE,בונ עיגולי מרציפן עם,גרמים,210.00,100 גרם,false,1,26.90,12.81,true,1,
4003754021679,false,בונ עיגולי מרציפן עם מחית דובדבן בשוקול,Erasmi & Carstens Gm,DE,בונ עיגולי מרציפן עם,גרמים,210.00,100 גרם,false,1,26.90,12.81,true,1,
4003754021693,false,בונ עיגולי מרציפן עם מחית תפוזים בשוקול,Erasmi & Carstens Gm,DE,בונ עיגולי מרציפן עם,גרמים,210.00,100 גרם,false,1,26.90,12.81,true,1,
4003754081000,false,מרציפן חטיף 100 גר CARSTENS ERASMI,Erasmi & Carstens Gm,DE,מרציפן חטיף 100 גר C,גרמים,100.00,100 גרם,false,1,8.50,8.50,true,1,
4003754168114,false,חטיף מרציפן גולמי 110 גר CARSTENS,,,חטיף מרציפן גולמי 11,גרמים,110.00,100 גרם,false,1,9.90,9.00,true,1,
4003754236141,false,מרציפן מצופה שוקולד מריר 140 גרCARSTENS,אירסמי אנד קארסטנס,,מרציפן מצופה שוקולד,גרמים,140.00,100 גרם,false,1,12.90,9.21,true,1,
4004666042004,false,"מלרוד מרסס משמיד עובש יעקבי 500 מ""ל",יעקובי,,מלרוד מרסס לעובש,Unknown,0.00,Unknown,false,1,31.50,31.50,true,1,
4004666107819,false,"מלרוד - מרסס לניקוי וטיהור המזגן 500 מ""ל",מלרוד,DE,מרסס מלרוד לניקוי וט,מיליליטרים,500.00,"100 מ""ל",false,1,24.90,4.98,true,1,
4005563378029,false,"סליבוביץ סוקולובסקי 700 מ""ל",,,סליבוביץ סוקולובסקי,מיליליטרים,700.00,"100 מ""ל",false,1,119.90,17.13,true,1,
4005808170005,false,ניוואה קצף גילוח 200 מל,ביירסדורף,,ניוואה קצף גילוח 200,מיליליטרים,200.00,"100 מ""ל",false,1,21.50,10.75,true,1,
4005808366392,false,שפתון ליובש כחול קלאסי לבלו 48 גרם,טרופיקל דגיל תעשיות,,שפתון לבלו כחול,Unknown,0.00,Unknown,false,1,15.60,15.60,true,1,
4005808813063,false,תחליב לחות לעור רגיש לאחר גילוח,בטר אנד דיפרנט,,אפטר שייב קרם לעור ר,מיליליטרים,100.00,"100 מ""ל",false,1,59.60,59.60,true,1,
4005808817603,false,ג'ל גילוח עם אלוורה Protect & Care,ביירסדורף,,ניוואה גל גילוח לעדי,מיליליטרים,200.00,"100 מ""ל",false,1,29.50,14.75,true,1,
4005808828838,false,"ניוואה - דאודורנט ספריי לגבר קול קיק 150 מ""ל",ביירסדורף,,אקווה קול דאו ספריי,גרמים,150.00,100 גרם,false,1,23.50,15.67,true,1,
4005900036476,false,"ניוואה - דאודורנט רול און לאישה בלק אנד וויט קליר 50 מ""ל",טרופיקל דגיל תעשיות,,דאודורנט רול און לאש,גרמים,160.00,100 גרם,false,1,23.50,14.69,true,1,
4005900036483,false,"ניוואה - דאודורנט ספריי לגבר שקוף בלק וווי 150 מ""ל",בטר אנד דיפרנט,,דאודורנט ספריי לגבר,גרמים,130.00,100 גרם,false,1,23.50,18.08,true,1,
4005900036506,false,"ניוואה - דאודורנט רול און לגבר שקוף בלק 50 מ""ל",טרופיקל דגיל תעשיות,,דאודורנט רול און לגב,גרמים,160.00,100 גרם,false,1,23.50,14.69,true,1,
4005900111449,false,"ניוואה קרם רב שימושי לגבר 150 מ""ל",HELLAS BEIERSDORF,DE,קרם ניוואה רב שימושי,מיליליטרים,150.00,"100 מ""ל",false,1,19.50,13.00,true,1,
4005900496461,false,"ניוואה תחליב לחות אפטר שייב דיפ לאחרי, 100 מ""ל",beiersdorf,DE,תחליב לחות ניוואה מן,Unknown,0.00,Unknown,false,1,55.50,55.50,true,1,
4005900513069,false,"ניוואה - דאודורנט רול און לגבר דיפ 50 מ""ל",ביירסדורף,DE,דאו רול און ניוואה מ,מיליליטרים,50.00,"100 מ""ל",false,1,23.50,47.00,true,1,
4005900555915,false,"ניוואה - תחליב רחצה קוקוס וחוחובה 750 מ""ל",ביירסדורף AG,DE,תחליב רחצה ניוואה קו,מיליליטרים,750.00,"100 מ""ל",false,1,17.90,2.39,true,1,
4005900828088,false,"ניוואה - דאודורנט רול און לגבר פרש 50 מ""ל",טרופיקל דגיל תעשיות,,דאודורנט רול און לגב,Unknown,0.00,Unknown,false,1,23.50,23.50,true,1,
4005900833723,false,"ניוואה - פאוור פרש ג'ל רחצה לגבר 500 מ""ל",HELLAS BEIERSDORF,,גל רחצה לגבר Power R,מיליליטרים,500.00,"100 מ""ל",false,1,17.90,3.58,true,1,
4005900835642,false,"ניקוי פילינג מסכה לפנים 3 ב 1 150 מ""ל ניוואה",ניואה,DE,ניוואה ניקוי חימר 3,יחידה,1.00,יחידה,false,1,39.90,39.90,true,1,
4005900874962,false,"ניוואה - דאודורנט רול און לגבר דיפ בלק 50 מ""ל",ביירסדורף AG,,ניוואה דאודורנט רול,Unknown,0.00,Unknown,false,1,23.50,23.50,true,1,
4006298003408,false,"בירה טוכר בזבאטור 500 מ""ל",,,בירה טוכר בזבאטור 50,מיליליטרים,500.00,"100 מ""ל",false,1,14.90,2.98,true,1,
4006298004009,false,"בירה טוכר הלס הפוויצן 500 מ""ל",מבשלת טוכר,,בירה טוכר הלס הפוויצ,מיליליטרים,500.00,"100 מ""ל",false,1,14.90,2.98,true,1,
4006298014206,false,"בירה טוכר הלס הפוויצן פחית 500 מ""ל",מבשלת טוכר,DE,בירה טוכר הלס הפוויצ,מיליליטרים,500.00,"100 מ""ל",false,1,11.50,2.30,true,1,
4006298207912,false,סבאלדוס הלס הפוויצן,מבשלת טוכר,,"בירה סבאלדוס 500 מ""ל",מיליליטרים,500.00,"100 מ""ל",false,1,13.90,2.78,true,1,
4006387084554,false,קנקן בריטה Marella לבן (כולל פילטר MAXTRA+),בריטה Brita,,קנקן בריטה מרלה לבן,Unknown,0.00,Unknown,false,1,139.00,139.00,true,1,
4006387085407,false,שלישיית פילטר מקסטרא סודהסטרים,סודה קלאב,,פילטר מקסטרה+ שלישיי,Unknown,0.00,Unknown,false,1,139.00,139.00,true,1,
4006387098667,false,קנקן בריטה סטייל סטרטרפק,סודה קלאב,,קנקן בריטה style סט,Unknown,0.00,Unknown,false,1,236.70,236.70,true,1,
4006501564153,false,מטאטא ומגב גומי טלסקופי,,,מטאטא 35 סמ סיליקון,Unknown,0.00,Unknown,false,1,89.90,89.90,true,1,
4006501564221,false,ראש מגב XL קליק סיסט,,,ראש מגב XL קליק סיסט,Unknown,0.00,Unknown,false,1,54.90,54.90,true,1,
4006591330003,false,עוגת שזיפים 1.25 קילו,,DE,עוגת שזיפים 1.25 קיל,מיליליטרים,1250.00,"100 מ""ל",false,1,83.50,6.68,true,1,
4006591340002,false,עוגת פטל 1 קילו,,DE,עוגת פטל 1 קילו,מיליליטרים,1000.00,"100 מ""ל",false,1,83.50,8.35,true,1,
4006814000720,false,סנטה קלנדר 75 גר WAWI,WAWI GROUP,,סנטה קלנדר 75 ג WAWI,Unknown,0.00,Unknown,false,1,10.90,10.90,true,1,
4006814000751,false,סנטה בודד עם כובע 80 גר,WAWI GROUP,,סנטה בודד עם כובע,גרמים,80.00,100 גרם,false,1,13.90,17.38,true,1,
4006814000829,false,מגף סנטה 100 גרם WAWI,WAWI GROUP,PL,מגף סנטה 100 גרם WAW,גרמים,100.00,100 גרם,false,1,16.90,16.90,true,1,
4006814011108,false,שוקולד סנטה קלאוז בו,WAWI-EURO,,סנטה בודד 150 גר WAW,גרמים,150.00,100 גרם,false,1,9.90,6.60,true,1,
4006814071003,false,שוקולד סנטה שקית 100,WAWI-EURO,,סנטה שקית 100 גרם WA,גרמים,100.00,100 גרם,false,1,9.90,9.90,true,1,
4006814072000,false,שוקולד סנטה שקית 200,WAWI Euro Gmbh,,סנטה שקית 200 גרם WA,גרמים,200.00,100 גרם,false,1,14.90,7.45,true,1,
4007519050720,false,שקיות אשפה עם שרוך חזקות במיוחד 60 ליטר,פאלי Pely,DE,שקיות אשפה פלי עם שר,Unknown,0.00,Unknown,false,1,13.50,13.50,true,1,
4007519086248,false,פלי 20 שקיות אשפה ריחניות 35 ל,וו.פלץ,,פלי 20 שקיות אשפה רי,Unknown,0.00,Unknown,false,1,12.90,12.90,true,1,
4007519086262,false,פלי שקיות אשפה ריחניות 22 יח 60 ל,וו.פלץ,DE,פלי שקיות אשפה ריחני,יחידה,1.00,יחידה,false,1,13.50,13.50,true,1,
4007745058804,false,נטורפוד מיונז אורגני 340 גרם,אף.סי תבליני בגליל ב,,מיונז אורגני 350 גרם,גרמים,350.00,100 גרם,false,1,24.90,7.11,true,1,
4008287051032,false,בירה קרומבאכר פילס 0.50 ליטר פחית,מנדלז סי.אר. פרודקשן,DE,בירה קרומבאכר פילס,מיליליטרים,500.00,"100 מ""ל",false,1,10.50,2.10,true,1,
4008287058161,false,בירה קרומבאכר פילס 4.8% שישיה 6 * 330 מל,מנדלז סי.אר. פרודקשן,DE,שישיית בירה קרומבאכ,מיליליטרים,1980.00,"100 מ""ל",false,1,34.90,1.76,true,1,
4008287762020,false,בירה קרומבאכר חיטה 0.50 ליטר בקבוק,קרומבכר בראורי,DE,בירה קרומבאכר חיטה 5,מיליליטרים,500.00,"100 מ""ל",false,1,10.50,2.10,true,1,
4008287905786,false,בירה קרומבאכר חיטה 0.50 ליטר פחית,מנדלז סי.אר. פרודקשן,DE,בירה קרומבאכר חיטה,מיליליטרים,500.00,"100 מ""ל",false,1,10.50,2.10,true,1,
4008400101521,false,פררו-מון שרי פרליני דובדבן ליקר 105 גר,,,פררו-מון שרי פרליני,מיליליטרים,262.00,"100 מ""ל",false,1,24.90,9.50,true,1,
4008400106724,false,פררו-מון שרי מתנה 283 גרם,FERERRO GERMNY,,פררו-מון שרי מתנה 28,גרמים,283.00,100 גרם,false,1,79.90,28.23,true,1,
4008400510125,false,קינדר- שוקולד חלב בצורת סנטה קלאוס 75 גר,,IT,קינדר- שוקולד חלב בצ,גרמים,75.00,100 גרם,false,1,20.90,27.87,true,1,
4008400511221,false,קינדר- שוקולד חלב בצורת סנטה קלאוס 75 גר,,IT,קינדר- שוקולד חלב בצ,גרמים,75.00,100 גרם,false,1,20.90,27.87,true,1,
4008400511825,false,שוקולד קינדר בצורת סנטה קלאוס 110 גרם,פררו,IT,שוקולד קינדר בצורת ס,גרמים,110.00,100 גרם,false,1,22.90,20.82,true,1,
4008400511924,false,שוקולד קינדר בצורת סנטה קלאוס 160 גרם,,IT,שוקולד קינדר בצורת ס,גרמים,160.00,100 גרם,false,1,31.90,19.94,true,1,
4008577000528,false,"קופנרת עוגת גבינה 1.25 ק""ג",,,קופנרת עוגת גבינה,גרמים,1250.00,100 גרם,false,1,64.90,5.19,true,1,
4009300522966,false,תה ירוק עם נענע פומפדור 20 יחידות,"איטיליאן פוד, אס.פי.",,פומפדור תה ירוק נענע,Unknown,0.00,Unknown,false,1,22.90,22.90,true,1,
4009300524625,false,תה צ'אי מסאלה פומפדור 20 יחידות,פומפדור Pompadour,,תה צאי מסאלה 20 יח,Unknown,0.00,Unknown,false,1,16.70,16.70,true,1,
4009300525011,false,פומפידור תה ירוק עם תפוז וג'ינגר 25 שקיקים,"איטיליאן פוד, אס.פי.",,תה פומפדור ירוק עם ת,Unknown,0.00,Unknown,false,1,22.90,22.90,true,1,
4009300525684,false,חליטת צמחים פומפדור ג'ינג'ר ולימון 20 יחידות,פומפדור Pompadour,,תה חליטת פומפדור לימ,Unknown,0.00,Unknown,false,1,18.80,18.80,true,1,
4009300528821,false,תה ירוק פומפדור ג'ינגר וקינמון 20 יחידות,פומפדור Pompadour,,פומפדור תה ירוק גינ,מיליליטרים,30.00,"100 מ""ל",false,1,22.90,76.33,true,1,
4009300530145,false,חליטה קרה בטעמי מוחיטו ופירות יער פומפדור 45 ג',טיקנה,,פומפדור חליטה קרה מו,גרמים,45.00,100 גרם,false,1,15.90,35.33,true,1,
4009300530183,false,תה חליטת פומפדור תפוז ספרדי 20 יח,TEEKANNE- POMPADOU,,תה חליטת פומפדור תפו,Unknown,0.00,Unknown,false,1,18.80,18.80,true,1,
4009300530206,false,תה חליטת פומפדור תפוח טורקי 20 יח,TEEKANNE- POMPADOU,,תה חליטת פומפדור תפו,Unknown,0.00,Unknown,false,1,18.80,18.80,true,1,
4009309740422,false,רסק תפוחים אורגני – נטורפוד 700 גרם,נטורפוד,,רסק תפוחים אורגני –,גרמים,700.00,100 גרם,false,1,17.50,2.50,true,1,
4009900379564,false,מסטיק הובה בובה Hubba Bubba טייפ בטעם פירות,מרס ריגלי קונפקשונרי,,הובה בובה טייפ פירות,Unknown,0.00,Unknown,false,1,8.30,8.30,true,1,
4009900402965,false,אורביט וויט בטעם פירות בקבוקון 46מלבניות,ריגלי פולין,,מסטיק אורביט WHITE ב,Unknown,0.00,Unknown,false,1,10.00,10.00,true,1,
4009900403023,false,אורביט וויט בטעם מנטה בקבוקון 46 מלבניות,"ב.א מזון בע""מ",,מסטיק אורביט WHITE ב,Unknown,0.00,Unknown,false,1,10.00,10.00,true,1,
4009900420129,false,מסטיק אורביט פרופשנל פפרמינט בקבוקון 64 גר',מרס נדרלנד,PL,מסטיק אורביט פרופשיו,Unknown,0.00,Unknown,false,1,10.00,10.00,true,1,
4009900426039,false,מסטיק מנטה אקליפטוס בקבוקון איירווייבס 64 גרם,איירוויבס Airwaves,PL,מסטיק איירוויבז מנטה,גרמים,64.00,100 גרם,false,1,10.90,17.03,true,1,
4009900479998,false,אורביט וויט אוכמניות בקבוקון 46 מלבניות,ריגלי פולין,,"מסטיק אורביט לל""ס או",Unknown,0.00,Unknown,false,1,10.00,10.00,true,1,
4009900482417,false,מסטיק אורביט פירות מנטה בקבוקון באבל מינט 45יח,ריגלי פולין,,מסטיק אורביט באבל מי,Unknown,0.00,Unknown,false,1,10.00,10.00,true,1,
4009900500166,false,סוכריות בטעם פירות בקבוק סקיטלס 125 גרם,ריגלי ממתקים,,סוכריות סקיטלס פירות,גרמים,125.00,100 גרם,false,1,9.30,7.44,true,1,
4009900531122,false,"מסטיק בטעם מנטה ספירמינט, 64 ג' פרופשיונל אורפיט",מרס נדרלנד,PL,מסטיק אורביט פרופשיו,Unknown,0.00,Unknown,false,1,10.00,10.00,true,1,
4009900535540,false,מסטיק אורביט רפרשרס פפרמינט ללא סוכר 15.6גר',אורביט,PL,אורביט רפרשרס פפרמינ,גרמים,16.00,100 גרם,false,1,3.90,24.38,true,1,
4009900535823,false,מסטיק אורביט רפרשרס באבלמינט ללא סוכר 15.6גר',אורביט,PL,אורביט רפרשרס באבלמי,גרמים,16.00,100 גרם,false,1,3.90,24.38,true,1,
4009900539685,false,"מסטיק פייב באונס בטעם מנטה בקבוקון, 61.8 גרם",ריגלי בעמ רוסיה,,מסטיק פייב באונס מנט,גרמים,62.00,100 גרם,false,1,12.20,19.68,true,1,
4009900539746,false,"מסטיק פייב באונס בטעם אבטיח בקבוקון, 61.8 גרם",ריגלי בעמ רוסיה,,מסטיק פייב באונס אבט,גרמים,62.00,100 גרם,false,1,12.20,19.68,true,1,
4010492961723,false,אתנה סטיק סלמון ופורל לחתול,אתנה Athena,,אתנה סטיק סלמון,Unknown,0.00,Unknown,false,1,18.90,18.90,true,1,
4011800528416,false,קורני חטיף דגנים עם בוטנים מתוק-מלוח*6,שוורטאוור וורקה,DE,קורני בייס סויט & סו,גרמים,150.00,100 גרם,false,1,11.90,7.93,true,1,
4011800577810,false,מארז חטיפי קורני פרי נוגט 120 גרם,שוורטאוור וורקה,,קורני פרי (6) נוגט 1,גרמים,120.00,100 גרם,false,1,11.90,9.92,true,1,
4011800617615,false,1X24X50G קורני ביג שוקולד,שוורטאוור וורקה,DE,קורני ביג שוקו 50 גר,גרמים,50.00,100 גרם,false,1,4.90,9.80,true,1,
4011800617813,false,"""קורני"" ביג בראוניס 50 גרם",שוורטאוור וורקה,DE,קורני ביג בראוני 50,גרמים,50.00,100 גרם,false,1,4.90,9.80,true,1,
4011800617912,false,קורני ביג נאטס אגוזי,שוורטאוור וורקה,DE,קורני ביג נאטס 50 גר,גרמים,50.00,100 גרם,false,1,4.90,9.80,true,1,
4011800629519,false,"מארז חטיפי דגנים אגוזים ""קורני""",שוורטאוור וורקה,DE,קורני בייס נאטס 150,גרמים,150.00,100 גרם,false,1,11.90,7.93,true,1,
4011800632519,false,"מארז חטיפי שוקולד חלב וקוקוס ""קורני""",מיוצר עי קונדיטוריית,DE,קורני בייס קוקונט 6,גרמים,150.00,100 גרם,false,1,11.90,7.93,true,1,
4011800635510,false,חטיף קורני Corny Free עם אגוזי לוז ללא תוספת סוכר,קורני Corny,DE,קורני פרי נאטס 6 יח,גרמים,120.00,100 גרם,false,1,13.50,11.25,true,1,
4011800636517,false,קורני פרי שוקולד חלב מעולה ללא סוכר 6*1,מיוצר עי קונדיטוריית,DE,קורני פרי שוקולד חלב,גרמים,120.00,100 גרם,false,1,13.50,11.25,true,1,
4012200321058,false,חזרת לבנה ביתית 250 גר,קוחנה,,חזרת לבנה ביתית 250,גרמים,250.00,100 גרם,false,1,14.90,5.96,true,1,
4012824404892,false,יוגי תה כלורלה מנטה אורגני 34 גר,,,יוגי תה כלורלה מנטה,Unknown,0.00,Unknown,false,1,27.90,27.90,true,1,
4013197062030,false,סקיי סוכריות קשות בטעמי פירות 130 גרם,,,סקיי סוכריות קשות בט,גרמים,130.00,100 גרם,false,1,8.90,6.85,true,1,
4013197062061,false,סקיי סוכריות קשות בטעם דובדבן 130 גרם,,,סקיי סוכריות קשות בט,גרמים,130.00,100 גרם,false,1,8.90,6.85,true,1,
4014086024245,false,בירה גרלסבורג חיטה מעוננת לא מסוננת 500,קוניגסבכר,,בירה גרלסבורג חיטה מ,מיליליטרים,500.00,"100 מ""ל",false,1,6.90,1.38,true,1,
4014400900217,false,בונבונריית מרסי מבחר ממתקי שוקולד 400 גרם,קריניציה ויטמינה אס,,בונבוניירה מרסי 400,גרמים,400.00,100 גרם,false,1,49.90,12.48,true,1,
4014400901191,false,בונבונריית מרסי מבחר ממתקי שוקולד 250 גרם,אוגוסט שטורק,,בונבוניירה מרסי 250,גרמים,250.00,100 גרם,false,1,27.30,10.92,true,1,
4014400903409,false,בונבוניירה שוקולד אגוזים טופיפי 250 גרם,קריניציה ויטמינה אס,,בונ. טופיפי 250 גרם,גרמים,250.00,100 גרם,false,1,30.90,12.36,true,1,
4014400904277,false,סוכריות בטעם מנטה אייס פרש סטורק 425 גרם,תות ממתקי איכות,,סוכריות שטרוק אייס פ,גרמים,425.00,100 גרם,false,1,23.90,5.62,true,1,
4014400904376,false,סוכריות טופי בטעם שוקולד סטורק 325 גרם,קריניציה ויטמינה אס,,סוכריות שטרוק שוקולד,גרמים,325.00,100 גרם,false,1,23.90,7.35,true,1,
4014400904390,false,סוכריות טופי ממולא חלב סטורק 325 גרם,קריניציה ויטמינה אס,,סוכריות שטרוק וולמיל,גרמים,325.00,100 גרם,false,1,23.90,7.35,true,1,
4014400910063,false,וורטרס אורגינל סוכריות חמאה בשקית,וורטר'ס אורגינל,,סוכריות וורטר אורגינ,גרמים,135.00,100 גרם,false,1,13.20,9.78,true,1,
4014400913910,false,וורטרס אורגינל סוכריות חמאה ממולאות קרם קרמל בשקית,תות ממתקי איכות,,וורטר אוריגינל במילו,גרמים,125.00,100 גרם,false,1,11.20,8.96,true,1,
4014400914696,false,וורטרס אורגינל סוכריות ללא סוכר 80 גרם,ליימן מותגים,,סוכריות חמאה וורטר א,Unknown,0.00,Unknown,false,1,8.00,8.00,true,1,
4014400920857,false,וורטר אורגינל ללא סוכר בטעם שוקולד-שקית 70 גרם,קריניציה ויטמינה אס,,סוכריות וורטר ללא ס,Unknown,0.00,Unknown,false,1,8.00,8.00,true,1,
4014400923711,false,בונבוניירה שוקולד אגוזים טופיפי 125 גרם,ליימן מותגים,,טופיפי 125 גרם,גרמים,125.00,100 גרם,false,1,12.50,10.00,true,1,
4014400925265,false,טבלת שוקולד תפוז ושקד מרסי 100 ג',שטורק,,טבלת מרסי תפוז שקד 1,גרמים,100.00,100 גרם,false,1,11.90,11.90,true,1,
4014400925319,false,וורטרס אורגינל פופקורן קרמל 140 גרם,וורטרס Werther's,DE,וורטר פופקורן קרמל 1,גרמים,140.00,100 גרם,false,1,16.70,11.93,true,1,
4014400925326,false,וורטרס אורגינל פופקורן קרמל ובייגלה 140,,,וורטרס אורגינל פופקו,גרמים,140.00,100 גרם,false,1,20.90,14.93,true,1,
4014400929010,false,וופל מיני קנופרס 200 גר 10 גר*20 יחידות,אוגוסט שטורק,DE,וופל מיני קנופרס 200,גרמים,200.00,100 גרם,false,1,18.90,9.45,true,1,
4014400931327,false,ורטרס אורגינל פופקורן עם קרמל זרעי דלעת 1/12,וורטרס Werther's,DE,פופקורן קרמל גרעינים,גרמים,140.00,100 גרם,false,1,16.70,11.93,true,1,
4014400933062,false,מרסי מבחר פרלינים ש.לבן 185 גרם,,,מרסי מבחר פרלינים ש.,גרמים,185.00,100 גרם,false,1,23.90,12.92,true,1,
4014522180108,false,בודטה-סוכריות אורגני צמחים בטעם ג'ינגר 75ג,,DE,בודטה סוכריות אורגני,גרמים,75.00,100 גרם,false,1,10.90,14.53,true,1,
4014522180306,false,בודטה סוכריות אורגני מנטול ללא סוכר 100 גרם,,DE,בודטה-סוכריות אורגני,גרמים,75.00,100 גרם,false,1,10.90,14.53,true,1,
4014600202593,false,רגולדס סוכריות בפח בטעמי פירות 150 גרם,RAGOLDS GMBH,,רגולדס סוכריות בפח ב,גרמים,150.00,100 גרם,false,1,9.90,6.60,true,1,
4014600204061,false,רגולדס סוכריות בפח בטעם אפרסק 150 גר,,,רגולדס סוכריות בפח ב,גרמים,150.00,100 גרם,false,1,9.90,6.60,true,1,
4014964117663,false,בירה קוסטריצה מיני חבית 5 ליטר,קוסטריצר,,בירה קוסטריצה מיני ח,ליטרים,0.01,ליטר,false,1,114.90,11490.00,true,1,
4015000519915,false,"פה - דאודורנט ספריי לאישה פינק פרדייס 200 מ""ל",שוורצקופף והנקל,,דאודורנט פה ספריי 20,מיליליטרים,200.00,"100 מ""ל",false,1,15.30,7.65,true,1,
4015000615884,false,"פה - דאודורנט ספריי לאישה קריביין לימון 200 מ""ל",שוורצקופף והנקל,,פה ספריי קריבין לימו,מיליליטרים,200.00,"100 מ""ל",false,1,15.30,7.65,true,1,
4015000615891,false,"פה - דאודורנט ספריי לאישה אקווה 200 מ""ל",שוורצקופף והנקל,,פה ספריי כחול רום ים,מיליליטרים,200.00,"100 מ""ל",false,1,15.30,7.65,true,1,
4015000615921,false,"פה - דאודורנט ספריי לגבר ספורט 200 מ""ל",שוורצקופף והנקל,,פה ספריי שחור לגבר,מיליליטרים,200.00,"100 מ""ל",false,1,15.30,7.65,true,1,
4015000976268,false,שמפו גליס Gliss למראה שיער מבריק Million Gloss,"הובי קוסמטיק, חברת ייצור",,שמפו גליס מיליון גלו,מיליליטרים,400.00,"100 מ""ל",false,1,18.90,4.73,true,1,
4015000976275,false,מרכך גליס Gliss למראה שיער מבריק Million Gloss,שוורצקופף והנקל,,מרכך גליס מיליון גלו,מיליליטרים,400.00,"100 מ""ל",false,1,18.90,4.73,true,1,
4015000996204,false,"גליס שמפו אולטימט שמן אלקסייר 400 מ""ל",שוורצקופף והנקל,,שמפו גליס אליקסיר,מיליליטרים,400.00,"100 מ""ל",false,1,18.90,4.73,true,1,
4015400564034,false,מגן תחתון אולוויז מגה פק לונג פלוס 58 יחידות,פרוקטר אנד גמבל,,אולדייז מגה פק לונג,Unknown,0.00,Unknown,false,1,19.90,19.90,true,1,
4015400564454,false,מגני תחתון אולוויז לארג' עם ניחוח מגה פק,פרוקטר אנד גמבל,,אולדייז מגה פק לארג,Unknown,0.00,Unknown,false,1,19.90,19.90,true,1,
4015400598329,false,תחבושות אולוויז קוואטרו נורמל פלוס 56 יחידות,פרוקטר אנד גמבל,,אולויז קוואטרו נורמל,Unknown,0.00,Unknown,false,1,36.90,36.90,true,1,
4015400598381,false,תחבושות היגייניות אולטרה לונג - מארז קוואטרו 48 יח',פרוקטר אנד גמבל,,אולויז קוואטרו לונג,Unknown,0.00,Unknown,false,1,36.90,36.90,true,1,
4015400598411,false,תחבושות היגייניות יום ולילה Day & Night - מארז 40 יח',פרוקטר אנד גמבל,,תחבושות אולוויז קווא,Unknown,0.00,Unknown,false,1,36.90,36.90,true,1,
4015400681670,false,תחבושות אולוויז וליו פק לילה בטוח 18 יחידות,פרוקטר אנד גמבל,,תחבושות אולוויז לילה,Unknown,0.00,Unknown,false,1,19.90,19.90,true,1,
4015400690405,false,טמפונים פרל סופר טמפקס קומפאק 18 יח,פרוקטר אנד גמבל,,טמפונים פרל סופר טמפ,Unknown,0.00,Unknown,false,1,28.50,28.50,true,1,
4015400690498,false,טמפונים פרל סופר פלוס טמפקס קומפאק 18 יח,פרוקטר אנד גמבל,,טמפונים פרל סופר פלו,Unknown,0.00,Unknown,false,1,28.50,28.50,true,1,
4015400731719,false,תחבושות היגייניות אולוויז יום ולילה Day & Night,פרוקטר אנד גמבל,,תחבושות אולוויז כפול,Unknown,0.00,Unknown,false,1,19.90,19.90,true,1,
4015400746812,false,מגני תחתון אולוויז נורמל עם ניחוח מגה פק,פרוקטר אנד גמבל,,מגן תחתון נורמל,Unknown,0.00,Unknown,false,1,19.90,19.90,true,1,
4015400755241,false,תחבושות היגייניות אולוויז אולטרה נורמל - 28 יח',פרוקטר אנד גמבל,,תחבושות אולוויז וליו,Unknown,0.00,Unknown,false,1,19.90,19.90,true,1,
4015400755487,false,תחבושות היגייניות אולוויז אולטרה לונג - 24 יח',פרוקטר אנד גמבל,,תחבושות אולוויז וליו,Unknown,0.00,Unknown,false,1,19.90,19.90,true,1,
4015400824725,false,טמפונים סופר עם מוליך טמפקס 30 יחידות,פרוקטר אנד גמבל,,טמפקס פלאש סופר 30 י,Unknown,0.00,Unknown,false,1,40.50,40.50,true,1,
4015400990482,false,"אבקת כביסה אריאל קולור 3 ק""ג",פרוקטר אנד גמבל,,אריאל אבקת כביסה קול,קילוגרמים,0.00,"ק""ג",false,1,42.90,42.90,true,1,
4015400990543,false,"אבקת כביסה קולור 8 ק""ג אריאל",פרוקטור אנד גמבל,,אבקת כביסה קולור ארי,קילוגרמים,0.01,"ק""ג",false,1,82.50,8250.00,true,1,
4015576156835,false,"בירה בהירה לא מסוננת ברלינר 500 מ""ל",,DE,בירה בהירה לא מסוננת,מיליליטרים,500.00,"100 מ""ל",false,1,8.90,1.78,true,1,
4015576235493,false,"בירה בהירה ברלינר גשיחטה הל בפחית 500 מ""",,DE,בירה בהירה ברלינר גש,מיליליטרים,500.00,"100 מ""ל",false,1,8.90,1.78,true,1,
4015600762742,false,שמפו יומיומי למניעת קשקשים הנוסחה הקלאסית,הד אנד שולדרס H&S,,הד&שולדרס שמפו 500 מ,מיליליטרים,500.00,"100 מ""ל",false,1,20.90,4.18,true,1,
4015600762780,false,שמפו וקונדישינר יומיומי למניעת קשקשים הנוסחה הקלאסית 2in1,הד אנד שולדרס H&S,,הד&שולדרס 2 ב 1 500,מיליליטרים,500.00,"100 מ""ל",false,1,20.90,4.18,true,1,
4015600762902,false,"האד אנד שולדרס שמפו מנטול 500 מ""ל",פרוקטל אנד גמבל,,הד&שולדרס שמפו 500 מ,מיליליטרים,500.00,"100 מ""ל",false,1,20.90,4.18,true,1,
4015600763022,false,שמפו יומיומי למניעת קשקשים לשיער יבש/פגום לשיער רך כמשי,הד אנד שולדרס H&S,,הד&שולדרס שמפו 500 מ,מיליליטרים,500.00,"100 מ""ל",false,1,20.90,4.18,true,1,
4015600766900,false,"שמפו ומרכ ך נגד קשקשים 500 מ""ל הד אנד שולדרס",פרוקטל אנד גמבל,,הד&שולדרס 2 ב-1 מנטו,מיליליטרים,500.00,"100 מ""ל",false,1,20.90,4.18,true,1,
4015600807436,false,"ג'ילט - דאודורנט ג'ל לגבר כדוריות קול וויב 75 מ""ל",פרוקטר אנד גמבל,,דאו גילט גל לגבר 75,מיליליטרים,75.00,"100 מ""ל",false,1,22.90,30.53,true,1,
4015600807573,false,"ג'ילט - דאודורנט ג'ל לגבר כדוריות פאוור ראש 75 מ""ל",פרוקטר אנד גמבל,,דאו גילט גל לגבר פאו,מיליליטרים,75.00,"100 מ""ל",false,1,22.90,30.53,true,1,
4017100160110,false,בלזן גלילי וופל במילוי קרם בטעם שוקולד 75 גר',בלזן פולסקה,DE,גלילי וופל במילוי קר,גרמים,75.00,100 גרם,false,1,9.90,13.20,true,1,
4017100160417,false,בלזן גלילי וופל במילוי קרם בטעם וניל 75 גר',בלזן פולסקה,DE,גלילי וופל במילוי קר,גרמים,75.00,100 גרם,false,1,9.90,13.20,true,1,
4017100216800,false,וופל מיניס בלזן ציפוי שוקולד 100 גרם,ליימן שליסל,,וופל מיניס קלאסי בשו,גרמים,100.00,100 גרם,false,1,9.90,9.90,true,1,
4017100219900,false,בלזן וופלטן וופל מגולגל מצופה שוקולד חלב 100 גרם,הדקלאים אגודת שיתופי,,וופלטן גליליות וופל,גרמים,100.00,100 גרם,false,1,15.60,15.60,true,1,
4017100290008,false,בלזן בסקויט חמאה מצופה שוקולד חלב 125 גרם,הדקלאים אגודת שיתופי,,ביסקוויט ליבניץ שוקו,גרמים,125.00,100 גרם,false,1,15.60,12.48,true,1,
4017100364112,false,בלזן היט בסקוויט סנדביץ עם מלית קרם בטעם שוקולד קקאו (41%) 220 גרם,הדקלאים אגודת שיתופי,,ביסקוויט ממולא קרם ש,גרמים,220.00,100 גרם,false,1,10.40,4.73,true,1,
4018344511188,false,סלמון פראי ברוטב שום לארסן 200 גרם,,,סלמון פראי ברוטב שום,גרמים,200.00,100 גרם,false,1,12.90,6.45,true,1,
4018344564641,false,פילה הרינג ברוטב חרדל ושמיר לארסן 200 גר,,,פילה הרינג ברוטב חרד,גרמים,200.00,100 גרם,false,1,10.90,5.45,true,1,
4018722102632,false,ספגטי כוסמין מלא אורגני 500 גרם,אלב גולד,,ספגטי כוסמין מלא אור,גרמים,500.00,100 גרם,false,1,16.90,3.38,true,1,
4018722102656,false,ספגטי כוסמין אורגני 500 גרם,אלב גולד,,ספגטי כוסמין אורגני,גרמים,500.00,100 גרם,false,1,16.90,3.38,true,1,
4018722303459,false,אלב גולד - מקרוני כוסמין אורגני,אלב גולד,,מקרוני כוסמין אורגני,גרמים,250.00,100 גרם,false,1,13.10,5.24,true,1,
4018722344308,false,פפרדלה כוסמין אורגני אלב גולד 500 גרם,אלב גולד,DE,פפרדלה כוסמין אורגני,גרמים,500.00,100 גרם,false,1,20.90,4.18,true,1,
4020400890021,false,ויויל סוכריות ללא סוכר מנטה פעיל חריף,ויויל VIVIL,,ויויל סוכריות ללא סו,Unknown,0.00,Unknown,false,1,15.90,15.90,true,1,
4022025000137,false,יין בלו נאן גוורצטרמינר 750 מל,,,יין בלו נאן גוורצטרמ,Unknown,0.00,Unknown,false,1,46.90,46.90,true,1,
4022025372036,false,"בלו נאן מבעבע יבש מהדורת הזהב 750 מ""ל",,,בלו נאן זהב מבעבע 75,Unknown,0.00,Unknown,false,1,51.90,51.90,true,1,
4022025379035,false,"בלו נאן רוזה מבעבע 750 מ""ל",בלו נאן,,בלו נאן רוזה מבעבע 7,Unknown,0.00,Unknown,false,1,51.90,51.90,true,1,
4022025390030,false,יין בלו נאן ריזלינג 750 מל,לנגוט,,יין בלו נאן ריזלינג,Unknown,0.00,Unknown,false,1,43.90,43.90,true,1,
4023800231647,false,בונבוניירה מוצארט 200 גרם Mozartkugeln,,DE,בונבוניירה מוצארט 20,גרמים,200.00,100 גרם,false,1,19.90,9.95,true,1,
4023800531648,false,בונבוניירה מוצרט 200 גר CARSTENS,Erasmi & Carstens Gm,,בונבוניירה מוצרט 200,גרמים,200.00,100 גרם,false,1,18.90,9.45,true,1,
4025700001962,false,מילקה טבלה 100 גר' לבן 1/22 (4248023),פי אר ג'יי אס סי מונ,,שוקולד לבן מילקה 100,גרמים,100.00,100 גרם,false,1,6.90,6.90,true,1,
4028208000284,false,נייר פילטר מספר 4 - BRIGITTA ובו 80 יחידות,Melitta Kaffee GmbH,,נייר פילטר מספר 4 80,Unknown,0.00,Unknown,false,1,17.30,17.30,true,1,
4030387754520,false,סרוטי אבקת קקאו 125 גרם,,DE,סרוטי אבקת קקאו 125,גרמים,125.00,100 גרם,false,1,14.90,11.92,true,1,
4031683957028,false,צבתית לעור,,,צבתית לעור,Unknown,0.00,Unknown,false,1,84.90,84.90,true,1,
4032900111292,false,ווינסטון קומפלקט כחול חפיסה,Unknown,,ווינסטון קומפלקט כחו,Unknown,0.00,Unknown,false,1,28.50,28.50,true,1,
4032900124254,false,ווינסטון קומפלקט ברי PP חפיסה,Unknown,,ווינסטון קומפלקט ברי,Unknown,0.00,Unknown,false,1,28.50,28.50,true,1,
4033100003493,false,ווינסטון כחול סופט סלימס עשירייה,Unknown,,ווינסטון כחול סופט ס,Unknown,0.00,Unknown,false,1,325.00,325.00,true,1,
4033100013348,false,סיגריות אל די כחול ארוך בודד,Unknown,,LD 100,Unknown,0.00,Unknown,false,1,27.50,27.50,true,1,
4033100013355,false,אל.די בלו ארוך פאקט,Unknown,,LD 100 עשירייה,Unknown,0.00,Unknown,false,1,270.00,270.00,true,1,
4033100014468,false,סיגריות אל די אדום בודד,Unknown,,LD אדום,Unknown,0.00,Unknown,false,1,27.50,27.50,true,1,
4033100014499,false,סיגריות אל די כחול בודד,Unknown,,LD כחול,Unknown,0.00,Unknown,false,1,27.50,27.50,true,1,
4033100014529,false,סיגריות אל די סלים בודד,Unknown,,LD סלימס בודד,Unknown,0.00,Unknown,false,1,25.90,25.90,true,1,
4033100014536,false,סיגריות אל די סלים פ,Unknown,,LD סלימס עשירייה,Unknown,0.00,Unknown,false,1,255.00,255.00,true,1,
4033100024146,false,סיגריות וינסטון CODE בודד,Unknown,,ווינסטון CODE חפיסה,יחידה,1.00,יחידה,false,1,30.90,30.90,true,1,
4033100024252,false,וינסטון אקווה לייט קופסה,Unknown,,ווינסטון AQUA חפיסה,יחידה,1.00,יחידה,false,1,30.90,30.90,true,1,
4033100038914,false,טבק כאמל צהוב + נייר גלגול 30ג',Unknown,,כאמל כחול טבק חפיסה,יחידה,1.00,יחידה,false,1,76.90,76.90,true,1,
4033100047350,false,טבק כאמל כחול + נייר גלגול 30ג',Unknown,,כאמל צהוב טבק חפיסה,יחידה,1.00,יחידה,false,1,76.90,76.90,true,1,
4033100064036,false,וינסטון כחול טבק לגלגול חפיסה,Unknown,,וינסטון כחול טבק לגל,יחידה,1.00,יחידה,false,1,76.90,76.90,true,1,
4037400002033,false,קטיאס ליקריץ כפתורים 200 גרם,,,קטיאס כובעים 200 גרם,גרמים,200.00,100 גרם,false,1,9.90,4.95,true,1,
4037400431598,false,קטיאס גומי דובים 200 גרם,,DE,קטיאס דובים 200 גרם,גרמים,200.00,100 גרם,false,1,9.90,4.95,true,1,
4037400433042,false,קטיאס גומי וונדרלנד ורוד 200 גרם,,DE,קטיאס וונדרלנד ורוד,גרמים,200.00,100 גרם,false,1,9.90,4.95,true,1,
4037719066009,false,סוכריות בצנצנת שי 996 גרם,,,סוכריות בצנצנת שי 99,גרמים,996.00,100 גרם,false,1,37.90,3.81,true,1,
4037719657290,false,סוכריות בצנצנת פירות 300ג',קוונדיש,,סוכריות בצנצנת שי 30,גרמים,300.00,100 גרם,false,1,17.90,5.97,true,1,
4044889000054,false,ויואני-שוקולד אורגני מריר 85% 100 גר,אקופינה,,ויואני-שוקולד אורגני,גרמים,100.00,100 גרם,false,1,19.90,19.90,true,1,
4044889002119,false,ויואני אורגני מריר 70% עם חמוציות 100 גר,אקופינה,,ויואני אורגני מריר 7,גרמים,100.00,100 גרם,false,1,21.90,21.90,true,1,
4044889002249,false,ויואני שוקולד אורגני מריר 92% 80 גרם,אקופינה,,ויואני שוקולד אורגני,גרמים,100.00,100 גרם,false,1,19.90,19.90,true,1,
4044889004106,false,ויואני-שוקולד אורגני מריר 100% 100 גר,,,ויואני-שוקולד אורגני,גרמים,80.00,100 גרם,false,1,21.90,27.38,true,1,
4049366003429,false,ארנסט לודוויג גוורצטרמינר 750 מל,,,ארנסט לודוויג גוורצט,Unknown,0.00,Unknown,false,1,46.90,46.90,true,1,
4052197000017,false,"בירה בנדיקטינר חיטה לא מסוננת 500 מ""ל",בנדיקטינר וויצבראו,,בירה בנדיקטינר חיטה,מיליליטרים,500.00,"100 מ""ל",false,1,10.90,2.18,true,1,
4052197000369,false,שישיית בירה בנדיקטינר חיטה 330 מל*6,בנדיקטינר וויצבראו,,שישיית בירה בנדיקטינ,מיליליטרים,1980.00,"100 מ""ל",false,1,47.90,2.42,true,1,
4052197000390,false,בירה 5 ליטר CAN- MINI K. BENEDIKTINER,בנדקטינר,,בירה 5 ליטר CAN- MIN,ליטרים,0.01,ליטר,false,1,114.90,11490.00,true,1,
4052197000925,false,"בירה בנדקטינר כהה בקבוק 500 מ""ל",בנדיקטינר וויצבראו,,בירה בנדקטינר דונקל,מיליליטרים,500.00,"100 מ""ל",false,1,11.90,2.38,true,1,
4052197001366,false,"בירה בנדיקטינר ללא אלכוהול 500 מ""ל",בנדקטינר,,בירה בנדקטינר ללא אל,מיליליטרים,500.00,"100 מ""ל",false,1,11.90,2.38,true,1,
4052197002844,false,"מארז בירה בנדיקטינר לאגר 4*500 מ""ל פחית",,,מארז בירה בנדיקטינר,מיליליטרים,2000.00,"100 מ""ל",false,1,29.90,1.50,true,1,
4052197003254,false,"בירה בנדיקטינר לאגר אורגינל 500 מ""ל",בנדיקטינר וויצבראו,,בירה בנדיקטינר לאגר,מיליליטרים,500.00,"100 מ""ל",false,1,10.90,2.18,true,1,
4052197004466,false,"מארז בירה בנדיקטינר דונקל 4*500 מ""ל פחית",,,מארז בירה בנדיקטינר,מיליליטרים,2000.00,"100 מ""ל",false,1,29.90,1.50,true,1,
4056489379508,false,קונטיננטל-ביסקויט סנדוויץ עם קרם חלב 250,קונטיננטל בייקריז,,קונטיננטל-ביסקויט סנ,גרמים,250.00,100 גרם,false,1,5.90,2.36,true,1,
4056489379515,false,קונטיננטל-ביסקויט סנדוויץ עם קרם שוק 250,קונטיננטל בייקריז,,קונטיננטל-ביסקויט סנ,גרמים,250.00,100 גרם,false,1,5.90,2.36,true,1,
4061445096702,false,קפה דוידוף מגורען 100 גר FINE AROMA,"טשיבו, אספי.זד.או.או",CO,קפה דווידוף פיין ארו,גרמים,100.00,100 גרם,false,1,22.90,22.90,true,1,
4061445096726,false,קפה דוידוף מגורען 100 גר RICH AROMA,"טשיבו, אספי.זד.או.או",CO,קפה דווידוף ריץ ארומ,גרמים,100.00,100 גרם,false,1,22.90,22.90,true,1,
4062400543125,false,"טקילה סיירה זהב רפוסדו 700 מ""ל",מזקקת סיארה אונידס,,טקילה סיירה רפוסאדו,מיליליטרים,700.00,"100 מ""ל",false,1,85.00,12.14,true,1,
4062432001808,false,זנטיס מרציפן במילוי קרם נוגט 40 גרם,,DE,זנטיס מרציפן במילוי,Unknown,40.00,Unknown,false,1,6.90,0.17,true,1,
4066600601920,false,פאולנר ביתר חיטה מעוננת 500 מל,פאולנר Paulaner,DE,"בירה פאולנר 500 מ""ל",מיליליטרים,500.00,"100 מ""ל",false,1,11.90,2.38,true,1,
4066600999614,false,"בירה פאולנר, בירת חיטה מעוננת, בקבוק 500 מ""ל",מבשלת פאולנר,,בירה פאולנר חיטה 500,מיליליטרים,500.00,"100 מ""ל",false,1,11.90,2.38,true,1,
4067700014849,false,ליקר ייגרמייסטר כשר,פארייפאבה אגרואינדוס,,"ייגרמייסטר 700 מ""ל",מיליליטרים,700.00,"100 מ""ל",false,1,82.90,11.84,true,1,
4072700001171,false,בירה ספאטן מינכן בקבוק 500 מל,Spaten,,בירה ספאטן לאגר בקבו,מיליליטרים,500.00,"100 מ""ל",false,1,12.50,2.50,true,1,
4072700001775,false,בירה פרנסיסקאנר בהירה מעוננת בפחית,פרנסיסקאנר Franziskaner,,בירה פרנסיסקאנר בהיר,מיליליטרים,500.00,"100 מ""ל",false,1,11.90,2.38,true,1,
4072700003649,false,"פרנזיסקאנר בירה מעוננת 500 מ""ל","איי, בי, אינבוו",,בירה פרנסיסקאנר בהיר,מיליליטרים,500.00,"100 מ""ל",false,1,12.90,2.58,true,1,
4084500081314,false,משחת שיניים פרו אקספרט לניקוי עמוק בטעם מנטה,פרוקטר אנד גמבל,DE,משחת שיניים אורל בי,מיליליטרים,75.00,"100 מ""ל",false,1,15.30,20.40,true,1,
4084500088917,false,"נוזל כלים פיירי לימון 650 מ""ל בד""צ",פרוקטר אנד גמבל,,נוזל כלים פיירי לימו,מיליליטרים,650.00,"100 מ""ל",false,1,10.90,1.68,true,1,
4084500149526,false,טייד גל כביסה 2.48 ליטר אלפים רענן,פרוקטר אנד גמבל,,גל כביסה טייד 2.48 ל,ליטרים,0.00,ליטר,false,1,25.90,25.90,true,1,
4084500739253,false,"אוראל בי משחת שיניים- להלבנה לובן מהודר 75 מ""ל",פרוקטר אנד גמבל,DE,3D WHITEמשחת שיניים,Unknown,0.00,Unknown,false,1,32.50,32.50,true,1,
4084500853836,false,"נוזל כלים פיירי ורדים ומשי 515 מ""ל בד""צ",פרוקטר אנד גמבל,GB,נוזל כלים פיירי ורדי,מיליליטרים,515.00,"100 מ""ל",false,1,10.90,2.12,true,1,
4086900200111,false,"שמן נבט חיטה 100 מ""ל",נאופארם,,"שמן נבט חיטה 100 מ""ל",מיליליטרים,100.00,"100 מ""ל",false,1,39.90,39.90,true,1,
4100130937163,false,בירה בקס שישייה 6*275 מל,"איי, בי, אינבוו",,בירה בקס שישייה 6*27,ליטרים,0.00,ליטר,false,1,29.90,29.90,true,1,
4100470106700,false,חומץ תפוחים אורגני 750 מל,נטורפוד,,חומץ תפוחים אורגני 7,מיליליטרים,750.00,"100 מ""ל",false,1,22.90,3.05,true,1,
4101540710919,false,שטולן לחם בטעם מרציפן וצימוקים 500 גרם,,,שטולן לחם בטעם מרציפ,גרמים,500.00,100 גרם,false,1,27.90,5.58,true,1,
4101540775413,false,עוגת שטולן עשירה עם מרצפן 950 גר,,DE,עוגת שטולן עשירה עם,גרמים,950.00,100 גרם,false,1,52.90,5.57,true,1,
4101940131628,false,"בירה 500 מ""ל STEPHANS BRAU WEISBER",מבשלת איכבאום,,"בירה 500 מ""ל STEPHAN",מיליליטרים,500.00,"100 מ""ל",false,1,7.90,1.58,true,1,
4101940426823,false,בירה אפוסטל בראון חז,,,"בירה 500 מ""ל 7.9% AP",מיליליטרים,500.00,"100 מ""ל",false,1,7.90,1.58,true,1,
4102430000806,false,בירה ביטבורגר 5 ליטר חבית,ביטבורגר,,בירה ביטבורגר 5 ליטר,ליטרים,0.01,ליטר,false,1,114.90,11490.00,true,1,
4102430003418,false,בירה ביטבורגר פחית מארז רביעיה 4*500 מ,מבשלת ביטבורגר,DE,בירה ביטבורגר פחית,מיליליטרים,2000.00,"100 מ""ל",false,1,30.90,1.55,true,1,
4102430310615,false,"שישיית בירה ביטבורגר דרייב 6*330 מ""ל",,,שישיית בירה ביטבורגר,מיליליטרים,1980.00,"100 מ""ל",false,1,46.90,2.37,true,1,
4105120623941,false,"בירה ויינשטפן בק' ח""פ 500 מ""ל","ויינשטפן, ת.ד 1155 פרייז",,בירה ויינשטפן 500 מ,מיליליטרים,330.00,"100 מ""ל",false,1,11.90,3.61,true,1,
4105120624412,false,"בירה ויינשטפן ויטוס 500 מ""ל","ויינשטפן, ת.ד 1155 פרייז",IL,בירה ויינשטפן ויטוס,מיליליטרים,500.00,"100 מ""ל",false,1,11.90,2.38,true,1,
4250231139970,false,הלורן-רויאל טינס דפדפי מנגו 200 גרם,,,הלורן-רויאל טינס דפד,גרמים,200.00,100 גרם,false,1,15.90,7.95,true,1,
4250231139994,false,הלורן-רויאל טינס דפדפי דומדמניות 200 גרם,,,הלורן-רויאל טינס דפד,גרמים,200.00,100 גרם,false,1,15.90,7.95,true,1,
4250231140112,false,הלורן-רויאל טינס דפדפי קרמל מלוח 200 גרם,,,הלורן-רויאל טינס דפד,גרמים,200.00,100 גרם,false,1,15.90,7.95,true,1,
4260007240519,false,איקרה קישואים אולן 680 גר,אולן,,ממרח קישואים 680 גר,גרמים,680.00,100 גרם,false,1,19.90,2.93,true,1,
4260007247891,false,"עגבניות ומלפפונים בחומץ אולן 1.6 ק""ג",,,אסורטי אולן אמפ 1.63,קילוגרמים,0.00,"ק""ג",false,1,33.50,33.50,true,1,
4260007247907,false,"עגבניות מוחמצות גולד כבושות אולן 1.6 ק""ג",,,עגבניות אולן גולד כב,קילוגרמים,0.00,"ק""ג",false,1,31.90,31.90,true,1,
4260423410893,false,בירה גרמנית הופייגר פילזנר 5 ליטר,,DE,בירה גרמנית הופייגר,ליטרים,0.01,ליטר,false,1,89.90,8990.00,true,1,
4260423410916,false,בירה גרמנית הופייגר חיטה 5 ליטר,,DE,בירה גרמנית הופייגר,ליטרים,0.01,ליטר,false,1,89.90,8990.00,true,1,
4333465053769,false,יין פרנאווי-סוביניון בלאן ניו זילנד 750,,,יין פרנאווי-סוביניון,Unknown,0.00,Unknown,false,1,79.90,79.90,true,1,
4388441344614,false,צוקולה פרלינים ש.מריר במילוי ליקר 160 גר,,DE,צוקולה פרלינים ש.מרי,גרמים,160.00,100 גרם,false,1,10.90,6.81,true,1,
4560198160055,false,טקוא צנון יפני 500 גרם,Qingdao Sun-growing,,טקוא צנון יפני 500 ג,גרמים,500.00,100 גרם,false,1,34.50,6.90,true,1,
4600068009043,false,קוואס אוצקובסקי 2 ליטר,,,קוואס אוצקובסקי 2 לי,ליטרים,0.00,ליטר,false,1,25.90,25.90,true,1,
4600068009883,false,"קוואס אוצקובסקי 500 מ""ל פחית",,,קוואס אוצקובסקי 500,מיליליטרים,500.00,"100 מ""ל",false,1,8.90,1.78,true,1,
4600080278991,false,מבחר ממתקי שוקולד וקרמלים 185 LYUBIMIE,,RU,מבחר ממתקי 185 גרם,גרמים,185.00,100 גרם,false,0,34.90,18.86,true,1,
4600080298470,false,שוקולד חלב עם אגוזי לוז 90 גר ALIONKA,קרסניי אוקטברי,RU,שוקולד חלב עם אגוזי,גרמים,90.00,100 גרם,false,1,7.90,8.78,true,1,
4600080298593,false,שוקולד חלב אגוזי וצימוקים 90 גר ALIONKA,קרסניי אוקטברי,RU,שוקולד חלב אגוזי וצי,גרמים,90.00,100 גרם,false,1,7.90,8.78,true,1,
4600080310400,false,סוכריות גריליאז 200 גרם,,,סוכריות גריליאז,גרמים,200.00,100 גרם,false,1,22.90,11.45,true,1,
4600080316303,false,בונבוניירה חלב ציפור 160 גרם,,,בונבוניירה חלב ציפור,גרמים,160.00,100 גרם,false,1,15.90,9.94,true,1,
4600080318253,false,ממתק קורובקה %30חלב 250 גר,,,ממתק קורובקה %30חלב,גרמים,250.00,100 גרם,false,1,14.90,5.96,true,1,
4600080463366,false,"ממתק שוקולד באטונציק 1 ק""ג",,,ממתק שוקולד באטונציק,גרמים,1000.00,100 גרם,false,1,54.90,5.49,true,1,
4600080501013,false,וופל מצופה שוקולד טעם חלב 250 גר KOROVKA,רוט פרונט,,וופל מצופה שוקולד טע,גרמים,250.00,100 גרם,false,1,15.90,6.36,true,1,
4600080501037,false,וופל מצופה שוקולד 250 גר KOROVKA,רוט פרונט,,וופל מצופה שוקולד 25,גרמים,250.00,100 גרם,false,1,15.90,6.36,true,1,
4600300000739,false,קקאו זולוטוי ירליק 100 גרם,קרסניי אוקטברי,,קקאו זולוטוי ירליק,גרמים,100.00,100 גרם,false,1,11.90,11.90,true,1,
4600300071180,false,שוקולד מריר קרסני אוקטבר 75 גרם,קרסניי אוקטברי,,שוקולד מריר קרסני או,גרמים,75.00,100 גרם,false,1,7.90,10.53,true,1,
4600300077656,false,בונבוניירה טרטיאקובסקיה גלריה 240 גר,קרסניי אוקטברי,,בונבוניירה טרטיאקובס,גרמים,240.00,100 גרם,false,1,29.90,12.46,true,1,
4600300078127,false,חטיף שוקולד אליונקה קרם חלב ודגנים 45 גר,קרסניי אוקטברי,,חטיף שוקולד אליונקה,גרמים,45.00,100 גרם,false,1,3.30,7.33,true,1,
4600300079865,false,בונבוניירה חלב ציפורים 200 גר,קרסניי אוקטברי,,בונבוניירה חלב ציפור,גרמים,200.00,100 גרם,false,1,16.90,8.45,true,1,
4600300080014,false,חטיף שוקולד אליונקה עם ריבת חלב 48 גר,קרסניי אוקטברי,,חטיף שוקולד אליונקה,גרמים,48.00,100 גרם,false,1,3.30,6.88,true,1,
4600300080335,false,סוכריות חלב ציפור 225 גרם,קרסניי אוקטברי,,סוכריות חלב ציפור 22,גרמים,225.00,100 גרם,false,1,17.50,7.78,true,1,
4600300081257,false,"ממתק וופל בשוקולד מישקה קוסולפי 1 ק""ג",,,ממתק וופל בשוקולד מי,גרמים,1000.00,100 גרם,false,1,109.90,10.99,true,1,
4600300081691,false,חטיף שוקולד אליונקה עם קרם ברולה 42 גר,קרסניי אוקטברי,,חטיף שוקולד אליונקה,גרמים,42.00,100 גרם,false,1,3.30,7.86,true,1,
4600300085613,false,בונבוניירה קרסני אוקטובר אגוזי לוז 200 ג,,RU,בונבוניירה קרסני אוק,גרמים,200.00,100 גרם,false,1,29.90,14.95,true,1,
4600300086580,false,סופלה בטעם אוכמניות בשוקולד 200 גר,,,סופלה בטעם אוכמניות,גרמים,200.00,100 גרם,false,1,14.90,7.45,true,1,
4600300086665,false,בונבוניירה טרופלי 250 גרם,,,בונבוניירה טרופלי,גרמים,250.00,100 גרם,false,1,22.90,9.16,true,1,
4600300086863,false,ממתק וופל מצופה מישקה קוס 200 גרם,,,ממתק וופל מצופה,גרמים,200.00,100 גרם,false,1,22.90,11.45,true,1,
4600300088577,false,ממתק שוקולד קארטושקה רוט פרונט 250 גר,,,ממתק שוקולד קארטושקה,גרמים,250.00,100 גרם,false,1,11.90,4.76,true,1,
4600508712762,false,ממתק שוקולד נסלזידניי ממולא קרמל 250 גר,,,ממתק שוקולד נסלזידני,גרמים,250.00,100 גרם,false,1,15.90,6.36,true,1,
4600508722761,false,ממתק קרמל עם נוגט ובוטנים 210 גר,,,ממתק קרמל עם נוגט וב,גרמים,210.00,100 גרם,false,1,12.90,6.14,true,1,
4600521002604,false,"ברנדי קווינט 3 500 מ""ל",KVINT,,ברנדי קווינט 3 500 מ,מיליליטרים,500.00,"100 מ""ל",false,1,62.90,12.58,true,1,
4600528347289,false,מיונז ריאבה פרוואנסל 200 גרם,,,מיונז ריאבה פרוואנסל,גרמים,200.00,100 גרם,false,1,6.90,3.45,true,1,
4600528347296,false,מיונז ריאבה אוליבקווי 200 גרם,,,מיונז ריאבה אוליבקו,גרמים,200.00,100 גרם,false,1,6.90,3.45,true,1,
4600528347821,false,מיונז פרוואנסל 410 גר,,,"מיונז ""פרוואנסל"" 410",גרמים,410.00,100 גרם,false,1,12.90,3.15,true,1,
4600528347838,false,"מיונז ""אוליבקווי"" 390 גרם",,,"מיונז ""אוליבקווי"" 39",גרמים,390.00,100 גרם,false,1,12.90,3.31,true,1,
4600528355963,false,מיונז עם ביצי שליו 372 גר RYABA,,,מיונז עם ביצי שליו 3,גרמים,372.00,100 גרם,false,1,12.90,3.47,true,1,
4600528357967,false,"רוטב מיונז ""לתפוח אדמה""",ניז'גורודסקי,RU,"רוטב מיונז ""לתפוח אד",גרמים,233.00,100 גרם,false,1,10.50,4.51,true,1,
4600528357974,false,רוטב אסטוריה הוט דוג,ניז'גורודסקי,RU,"רוטב מיונז ""הוט דוג",גרמים,233.00,100 גרם,false,1,10.50,4.51,true,1,
4600528357981,false,רוטב אסטוריה המבורגר,ניז'גורודסקי,RU,"רוטב מיונז ""המבורגר""",גרמים,233.00,100 גרם,false,1,10.50,4.51,true,1,
4600528359060,false,רוטב מיונז בצל עם שמנת 233 גר ASTORIA,ניז'גורודסקי,RU,רוטב מיונז בצל עם שמ,גרמים,233.00,100 גרם,false,1,10.50,4.51,true,1,
4600528359077,false,רוטב מיונז שום שמנת 233 גר ASTORIA,ניז'גורודסקי,RU,רוטב מיונז שום שמנת,גרמים,233.00,100 גרם,false,1,10.50,4.51,true,1,
4600528359084,false,רוטס מיונז שמנת פטריות 233 גר ASTORIA,ניז'גורודסקי,RU,רוטס מיונז שמנת פטרי,גרמים,233.00,100 גרם,false,1,10.50,4.51,true,1,
4600528359091,false,רוטב מיונז סנדוויץ 233 גר ASTORIA,,RU,רוטב מיונז סנדוויץ 2,גרמים,233.00,100 גרם,false,1,10.50,4.51,true,1,
4600528359107,false,רוטב מיונז בטעם גבינה 233 גר ASTORIA,ניז'גורודסקי,RU,רוטב מיונז בטעם גבינ,גרמים,233.00,100 גרם,false,1,10.50,4.51,true,1,
4600545031031,false,איטריות להכנה מהירה עוף אנקום 75 גר,,RU,איטריות להכנה מהירה,גרמים,75.00,100 גרם,false,1,6.50,8.67,true,1,
4600545033035,false,איטריות להכנה מהירה בקר אנקום 75 גר,,RU,איטריות להכנה מהירה,גרמים,75.00,100 גרם,false,1,6.50,8.67,true,1,
4600545833239,false,מרק איטריות בכוס עוף אנקום 50 גר,,RU,מרק איטריות בכוס עוף,גרמים,50.00,100 גרם,false,1,5.70,11.40,true,1,
4600545833246,false,מרק איטריות בכוס בקר אנקום 50 גר,,RU,מרק איטריות בכוס בקר,גרמים,50.00,100 גרם,false,1,5.70,11.40,true,1,
4600545833253,false,מרק איטריות בכוס פטריות אנקום 50 גר,,RU,מרק איטריות בכוס פטר,גרמים,50.00,100 גרם,false,1,5.70,11.40,true,1,
4600659010854,false,"וודקה סטוליצ'ניה 700 מ""ל",איי. אס. לטבייאס בלזם,,וודקה 40% סטולי 700,מיליליטרים,700.00,"100 מ""ל",false,1,59.90,8.56,true,1,
4600682009450,false,"בירה בלטיקה מס 9 450 מ""ל בקבוק",BALTIKA,,בירה בלטיקה מס 9 450,מיליליטרים,450.00,"100 מ""ל",false,1,9.20,2.04,true,1,
4600682200093,false,"בירה בלטיקה מס 3 900 מ""ל פחית",BALTIKA,,בירה בלטיקה מס 3 900,מיליליטרים,900.00,"100 מ""ל",false,1,16.90,1.88,true,1,
4600682225478,false,"בירה באלטיקה קולר בקבוק 480 מ""ל",,,בירה באלטיקה קולר בק,מיליליטרים,480.00,"100 מ""ל",false,1,10.90,2.27,true,1,
4600682401476,false,בירה בלטיקה מספר 0 ללא אלכוהול 0.47 ליטר,BALTIKA,,בירה בלטיקה 0% אלכוה,מיליליטרים,470.00,"100 מ""ל",false,1,9.20,1.96,true,1,
4600682407096,false,"בירה בלטיקה מס 7 900 מ""ל פחית",BALTIKA,,בירה בלטיקה מס 7 900,מיליליטרים,900.00,"100 מ""ל",false,1,16.90,1.88,true,1,
4600682407478,false,"בירה בלטיקה מס 7 470 מ""ל בקבוק",BALTIKA,,בירה בלטיקה מס 7 470,מיליליטרים,470.00,"100 מ""ל",false,1,9.20,1.96,true,1,
4600682409458,false,"בירה בלטיקה מס 9 450 מ""ל פחית",BALTIKA,,בירה בלטיקה מס 9 45,מיליליטרים,450.00,"100 מ""ל",false,1,9.20,2.04,true,1,
4600682483472,false,"בירה זיטאסקי גוס 480 מ""ל",,,בירה זיטאסקי גוס 480,מיליליטרים,480.00,"100 מ""ל",false,1,8.90,1.85,true,1,
4600682483915,false,"בירה זיטאסקי גוס 900 מ""ל פחית",,,בירה זיטאסקי גוס 90,מיליליטרים,900.00,"100 מ""ל",false,1,16.90,1.88,true,1,
4600699501121,false,שמן חמניות מזוכך 1ליטר SLOBODA,,,שמן חמניות מזוכך 1לי,מיליליטרים,1000.00,"100 מ""ל",false,1,18.90,1.89,true,1,
4600699502494,false,שמן חמניות מזוכך 1.8 ליטר SLOBODA,,,שמן חמניות מזוכך 1.,ליטרים,0.00,ליטר,false,1,33.90,33.90,true,1,
4600699505433,false,שמן חמניות לא מזוכך 1ליטר SLOBODA,,,שמן חמניות לא מזוכך,מיליליטרים,1000.00,"100 מ""ל",false,1,18.90,1.89,true,1,
4600699505525,false,מיונז סלובדה דוי פק 67% 800 גר PROVENSAL,,,מיונז סלובדה דוי פק,גרמים,800.00,100 גרם,false,1,19.90,2.49,true,1,
4600699505532,false,מיונז 67% 800 גרם PROVENSAL SLOBODA,,,מיונז 67% 800 גרם PR,גרמים,800.00,100 גרם,false,1,19.90,2.49,true,1,
4600699505587,false,מיונז 67% זיתים 800 ג PROVENSAL SLOBODA,,,מיונז 67% זיתים 800,גרמים,800.00,100 גרם,false,1,19.90,2.49,true,1,
4600756200547,false,צנימים עם סוכר וצימוקים 330 גרם,,RU,צנימים עם סוכר וצימו,גרמים,330.00,100 גרם,false,1,19.90,6.03,true,1,
4600823009059,false,שוקולד ודוחנובניה 100 גרם,,,שוקולד ודוחנובניה 10,גרמים,100.00,100 גרם,false,1,10.90,10.90,true,1,
4600823030091,false,שוקולד בטונציק 50 גרם ממולה קרם,בבייבסקי,,שוקולד בטונציק 50 גר,גרמים,50.00,100 גרם,false,1,3.90,7.80,true,1,
4600823031098,false,שוקולד בטונציק 50 גרם,בבייבסקי,,שוקולד בטונציק 50 גר,גרמים,50.00,100 גרם,false,1,3.90,7.80,true,1,
4600823093010,false,שוקולד בבאיבסקי עם מנדל 100 גר,בבייבסקי,,שוקולד בביבסקי,גרמים,100.00,100 גרם,false,1,8.90,8.90,true,1,
4600823179011,false,שוקולד בבאיבסקי מריר פונדוק וצימו 100 גר,בבייבסקי,,שוקולד בבאיבסקי מריר,גרמים,100.00,100 גרם,false,1,8.90,8.90,true,1,
4600823193109,false,שוקולד בבייבסקי שזיפים מיובשים 100 גר,,,שוקולד בבייבסקי שזיפ,גרמים,100.00,100 גרם,false,1,8.90,8.90,true,1,
4600823197152,false,שוקולד ARTPASSION שקדים 75% 100 גרם,בבאיבסקי,,שוקולד ARTPASSION שק,גרמים,100.00,100 גרם,false,1,9.60,9.60,true,1,
4600823201033,false,בונבוניירה וודוחנובניה 400 גר,בבייבסקי,RU,בונבוניירה וודוחנובנ,גרמים,400.00,100 גרם,false,1,47.90,11.98,true,1,
4600823320062,false,קרמל בטעם תות שמנת 250 גרם,בבייבסקי,,קרמל בטעם תות שמנת 2,גרמים,250.00,100 גרם,false,1,8.90,3.56,true,1,
4600823509047,false,ממתק מצופה שוקולד ציטרוס 250 גרם,רוט פרונט,,ממתק מצופה שוקולד צי,גרמים,250.00,100 גרם,false,1,13.90,5.56,true,1,
4600823525047,false,סוכריות בלוצקה 200 גרם,,,סוכריות בלוצקה,גרמים,200.00,100 גרם,false,1,22.90,11.45,true,1,
4600851005429,false,חרדל סטוליצנה 100 גרם,,,חרדל סטוליצנה 100 גר,גרמים,100.00,100 גרם,false,1,5.90,5.90,true,1,
4600851010669,false,מיונז פרובונסל 450 גרם,סולנצ'ניי פרודוקטי,FI,מיונז פרובונסל 450 ג,גרמים,450.00,100 גרם,false,1,14.90,3.31,true,1,
4600851010676,false,מיונז פרובנסל מוסקובסקיי 850 גרם,סולנצ'ניי פרודוקטי,,מיונז פרובנסל מוסקוב,גרמים,850.00,100 גרם,false,1,26.90,3.16,true,1,
4600851011185,false,חרדל עם דבש סטוליצנה 100 גרם,Moskovskiy Zirovoy K,,חרדל עם דבש סטוליצנה,גרמים,100.00,100 גרם,false,1,5.90,5.90,true,1,
4600851011567,false,"מיונז מוסקובסקיי פרובנסל קלאסיק 700 מ""ל",סולנצ'ניי פרודוקטי,,מיונז מוסקובסקיי פרו,מיליליטרים,700.00,"100 מ""ל",false,1,17.90,2.56,true,1,
4600851011604,false,מיונז פרובנסל זיתים 390 גרם,סולנצ'ניי פרודוקטי,,מיונז פרובנסל זיתים,גרמים,390.00,100 גרם,false,1,10.90,2.79,true,1,
4600851013288,false,"מיונז פרובנסל קלסאסי 800 מ""ל",Moskovskiy Zirovoy K,,מיונז פרובנסל קלסאסי,גרמים,800.00,100 גרם,false,1,21.90,2.74,true,1,
4600851014537,false,"מיונז פרובנסל קלאסיק 67% דויפק 400 מ""ל",סולנצ'ניי פרודוקטי,RU,מיונז פרובנסל קלאסיק,מיליליטרים,400.00,"100 מ""ל",false,1,9.90,2.48,true,1,
4600851014544,false,"מיונז מוסקובסקי פרובנסל דל פק 200 מ""ל",סולנצ'ניי פרודוקטי,RU,מיונז מוסקובסקי פרוב,מיליליטרים,200.00,"100 מ""ל",false,1,5.90,2.95,true,1,
4600893900805,false,"וודקה מרקה ירוקה 700 מ""ל",TOPAZ,,וודקה מרקה ירוקה 700,מיליליטרים,700.00,"100 מ""ל",false,1,62.90,8.99,true,1,
4600893900843,false,"וודקה מרקה ירוקה 700 מ""ל רזאניאה",TOPAZ,,וודקה מרקה ירוקה 700,מיליליטרים,700.00,"100 מ""ל",false,1,62.90,8.99,true,1,
4600893900997,false,וודקה מרקה ירוקה 0.7 ליטר קדרובה,TOPAZ,,וודקה מרקה ירוקה 0.7,מיליליטרים,700.00,"100 מ""ל",false,1,62.90,8.99,true,1,
4601021044606,false,דובשניות בטעם מנטה 400 גר,,,דובשניות בטעם מנטה,גרמים,400.00,100 גרם,false,1,9.90,2.48,true,1,
4601021048772,false,דובשניות ממולאות בטעם חמוציות 300 גר,,,דובשניות ממולאות בטע,גרמים,140.00,100 גרם,false,1,9.90,7.07,true,1,
4601021049342,false,וופלים ארטק 200 גר,,,וופלים ארטק 200 גר,גרמים,200.00,100 גרם,false,1,7.90,3.95,true,1,
4601021053387,false,דובשניות ממולאות בטעם דומדמניות 300 גר,,,דובשניות ממולאות בטע,גרמים,140.00,100 גרם,false,1,9.90,7.07,true,1,
4601021054858,false,ממתק סופלה טעם שמנת ציפוי שוקולד 200 גר,,,ממתק סופלה טעם שמנת,גרמים,200.00,100 גרם,false,1,19.90,9.95,true,1,
4601021054865,false,ממתק סופלה לימון עם ציפוי שוקולד 200 גר,,,ממתק סופלה לימון עם,גרמים,200.00,100 גרם,false,1,19.90,9.95,true,1,
4601021054872,false,ממתק סופלה טעם שוקול ציפוי שוקולד 200 גר,,,ממתק סופלה טעם שוקול,גרמים,200.00,100 גרם,false,1,19.90,9.95,true,1,
4601513006662,false,ביסקוויט אליונקה בטעם קרם שמנת 240 גר,,,ביסקוויט אליונקה בטע,גרמים,240.00,100 גרם,false,1,16.90,7.04,true,1,
4601513007997,false,רולדה קורובקה בטעם חלב מבושל 200 גר,יוז'נואורלקונדיטר,,רולדה קורובקה בטעם ח,גרמים,200.00,100 גרם,false,1,9.90,4.95,true,1,
4601513008581,false,רולדה אליונקה בטעם שוקולד חלב 200 גר,יוז'נואורלקונדיטר,,רולדה אליונקה בטעם ש,גרמים,200.00,100 גרם,false,1,9.90,4.95,true,1,
4601513008970,false,רולדה צ. יגודה עם טעם דובדבנים 200 גר,יוז'נואורלקונדיטר,,רולדה צ. יגודה עם טע,גרמים,200.00,100 גרם,false,1,9.90,4.95,true,1,
4601513009250,false,רולדה חלב ציפור בטעם שמנת 200 גר,יוז'נואורלקונדיטר,,רולדה חלב ציפור בטעם,גרמים,200.00,100 גרם,false,1,9.90,4.95,true,1,
4601513012342,false,רולדה צ. יגודה עם טעם פטל 200 גר,,,רולדה צ. יגודה עם טע,גרמים,200.00,100 גרם,false,1,9.90,4.95,true,1,
4601513012359,false,רולדה צ. יגודה עם טעם תות שדה 200 גר,,,רולדה צ. יגודה עם טע,גרמים,200.00,100 גרם,false,1,9.90,4.95,true,1,
4601576004032,false,מיונז מצטה חוזייקי זיתים רוטב לסלט 876 ג,OAO ZHIROVOY KOMBINA,,רוטב תיבול בטעם זיתי,מיליליטרים,900.00,"100 מ""ל",false,1,23.90,2.66,true,1,
4601576004094,false,מיונז מצטה חוזייקי קלאסי רוטב לסלט 466 ג,OAO ZHIROVOY KOMBINA,,מיונז מצטה חוזייקי ק,מיליליטרים,480.00,"100 מ""ל",false,1,14.90,3.10,true,1,
4601576004100,false,מיונז מצטה חוזייקי קלאסי רוטב לסלט 873 ג,OAO ZHIROVOY KOMBINA,,רוטב תיבול פרובנסל ק,מיליליטרים,900.00,"100 מ""ל",false,1,23.90,2.66,true,1,
4601576010170,false,"רוטב תיבול עם ביצי שליו מצטה חוז 480 מ""ל",OAO ZHIROVOY KOMBINA,,רוטב תיבול עם ביצי ש,מיליליטרים,480.00,"100 מ""ל",false,1,14.90,3.10,true,1,
4601713001702,false,דובשניות טולסקיי פריאניק פירות 140 גר,טולה,,דובשניות טולסקיי פרי,גרמים,140.00,100 גרם,false,1,6.90,4.93,true,1,
4601713001719,false,דובשניות טולסקיי פריאניק בטעם חלב 140 גר,טולה,,דובשניות טולסקיי פרי,גרמים,140.00,100 גרם,false,1,6.90,4.93,true,1,
4601713006813,false,קרקרים וסיולי קליידוסקופ 400 גר,,RU,קרקרים וסיולי קליידו,גרמים,400.00,100 גרם,false,1,11.90,2.98,true,1,
4601713008190,false,דובשנית טול. פריאניק אוכמניות 140 גרם,,,דובשנית טול. פריאניק,גרמים,140.00,100 גרם,false,1,6.90,4.93,true,1,
4601728012403,false,וודקה בלאיה בריוזקה 1 ליטר,,,וודקה בלאיה בריוזקה,מיליליטרים,1000.00,"100 מ""ל",false,1,99.90,9.99,true,1,
4601780002565,false,קמח מקפה חיטה 2 קג,MAKFA,,"קמח מאקפה 2 ק""ג",קילוגרמים,0.00,"ק""ג",false,1,22.90,22.90,true,1,
4601780002572,false,"קמח מקפה 1 ק""ג",מקפה,,"קמח מקפה 1 ק""ג",גרמים,1000.00,100 גרם,false,1,11.90,1.19,true,1,
4601780005436,false,אפונה גרוסה 800 גר מקפה,מקפה,,אפונה גרוסה 800 גר מ,גרמים,800.00,100 גרם,false,1,11.90,1.49,true,1,
4601780005443,false,דוחן 800 גר MAKFA,מקפה,RU,דוחן 800 גר MAKFA,גרמים,800.00,100 גרם,false,1,15.60,1.95,true,1,
4601780005450,false,דגני חיטה ארטק 700 גרם,מקפה,,דוחן 700 גר מקפה,גרמים,700.00,100 גרם,false,1,12.90,1.84,true,1,
4601780006211,false,סולת מאקפה 700 גר,מקפה,,סולת מאקפה 700 גר,גרמים,700.00,100 גרם,false,1,13.50,1.93,true,1,
4601780010003,false,כוסמת 5*80 גר מאקפה,מקפה,,כוסמת 5*80 גר מאקפה,גרמים,400.00,100 גרם,false,1,11.50,2.88,true,1,
4601780010102,false,דוחן 6 שקיות * 66.66 גר MAKFA,מקפה,RU,דוחן 6 שקיות * 66.66,גרמים,400.00,100 גרם,false,1,8.90,2.23,true,1,
4601780010126,false,גריסי חיטה פולטבסקיה 5*80ג מקפה,מקפה,,גריסי חיטה פולטבסקיה,גרמים,400.00,100 גרם,false,1,7.90,1.98,true,1,
4601780010140,false,גריסי שעורה 5*80 גרם,מקפה,,גריסי שעורה 5*80 גרם,גרמים,400.00,100 גרם,false,1,7.90,1.98,true,1,
4601780010676,false,גריסי פנינה 5*80 גר מקפה,מקפה,,גריסי פנינה 5*80 גר,גרמים,400.00,100 גרם,false,1,7.90,1.98,true,1,
4601780010805,false,גריסי תירס 5*80ג מקפה,מקפה,,גריסי תירס 5*80ג מקפ,גרמים,400.00,100 גרם,false,1,7.90,1.98,true,1,
4602009007729,false,לש ארנה 300 גר,ARENA,,לש ארנה 300 גר,גרמים,30000.00,100 גרם,false,1,27.50,0.09,true,1,
4602009008399,false,דג ליבקית מיובש וממולח ארנה 150 גר,ARENA,,דג ליבקית מיובש וממו,גרמים,15000.00,100 גרם,false,1,25.90,0.17,true,1,
4602009008412,false,דג קרפיון ללא קרביים ארנה 150 גר,ARENA,,דג קרפיון ללא קרביים,גרמים,15000.00,100 גרם,false,1,17.90,0.12,true,1,
4602009008443,false,דג קרפיון אדום ארנה 150 גר,ARENA,,דג קרפיון אדום ארנה,גרמים,15000.00,100 גרם,false,1,15.90,0.11,true,1,
4602009299759,false,ממתקים מוקצפים לבן ורוד 420 גר פיטרסקיי,נבסקי קונדיטר,,ממתקים מוקצפים לבן ו,גרמים,420.00,100 גרם,false,1,16.50,3.93,true,1,
4602009299773,false,ממתקים מוקצפים וניל מצופה שוקולד 450 גר,נבסקי קונדיטר,,ממתקים מוקצפים וניל,גרמים,450.00,100 גרם,false,1,16.50,3.67,true,1,
4602248015165,false,תערובת לתבשיל כוסמין פטריות 125 גר,YELLI,,תערובת לתבשיל כוסמין,גרמים,125.00,100 גרם,false,1,9.90,7.92,true,1,
4602289475768,false,עץ אשוח גליטר 60 סמ,,,עץ אשוח גליטר 60 סמ,Unknown,0.00,Unknown,false,1,39.90,39.90,true,1,
4602441005093,false,משקה צירנוגולובקי בא,אקוואלייף,,משקה 2 ליטר BAIKAL,ליטרים,0.00,ליטר,false,1,16.50,16.50,true,1,
4602441005109,false,משקה צירנוגולובקי דו,אקוואלייף,,משקה 2 ליטר,ליטרים,0.00,ליטר,false,1,16.50,16.50,true,1,
4602441005116,false,משקה צירנוגולובקי טר,אקוואלייף,,משקה 2 ליטר TARCHUN,ליטרים,0.00,ליטר,false,1,16.50,16.50,true,1,
4602486000954,false,וודקה בלנקאיה גולד 1,מזקקת גורגיבסקי,,וודקה בלניקאיה 1 ל,מיליליטרים,1000.00,"100 מ""ל",false,1,85.90,8.59,true,1,
4602486002057,false,"וודקה בלנקאיה ללא גלוטן 700 מ""ל",מזקקת גורגיבסקי,RU,וודקה בלנקאיה ללא גל,מיליליטרים,700.00,"100 מ""ל",false,1,69.90,9.99,true,1,
4602486002071,false,"וודקה בלנקאיה גולד 700 מ""ל",מזקקת גאורגייבסקי קר,RU,וודקה בלנקאיה גולד 7,מיליליטרים,700.00,"100 מ""ל",false,1,54.90,7.84,true,1,
4602486002477,false,"וודקה בלנקאיה אקסטרה 700 מ""ל",בלוגה,RU,וודקה בלנקאיה אקסטרה,מיליליטרים,700.00,"100 מ""ל",false,1,67.90,9.70,true,1,
4602486002484,false,וודקה בלנקאיה אקסטרה 1 ליטר,,,וודקה בלנקאיה אקסטרה,מיליליטרים,1000.00,"100 מ""ל",false,1,93.90,9.39,true,1,
4602486004426,false,וודקה בלנקאיה אקסטרה 1 ל +כוס קוקטייל,מזקקת גורגיבסקי,RU,וודקה בלנקאיה אקסטרה,מיליליטרים,1000.00,"100 מ""ל",false,1,89.90,8.99,true,1,
4603262475003,false,עצ אשוח גליטר 150סמ,,,עצ אשוח גליטר 150סמ,Unknown,0.00,Unknown,false,1,159.90,159.90,true,1,
4603400000043,false,"וודקה רוסקיי סטנדרט 700 מ""ל",רוסקי סטנדרט וודקה,,וודקה רוסקיי סטנדרט,מיליליטרים,700.00,"100 מ""ל",false,1,59.90,8.56,true,1,
4603514010341,false,"גין באריסטר בלו מתובל 700 מ""ל",,RU,גין באריסטר בלו מתוב,מיליליטרים,700.00,"100 מ""ל",false,1,104.90,14.99,true,1,
4603793040015,false,בייגלה בטעם פשטידות 500 גר,וולסקי פרק,,בייגלה בטעם פשטידות,גרמים,500.00,100 גרם,false,1,19.90,3.98,true,1,
4603793241351,false,בייגלה בטעם חרדל 500 גר,וולסקי פרק,,בייגלה בטעם חרדל 500,גרמים,500.00,100 גרם,false,1,19.90,3.98,true,1,
4603793243546,false,בייגלה בטעם פרג 500 גר,וולסקי פרק,,בייגלה בטעם פרג 500,גרמים,500.00,100 גרם,false,1,19.90,3.98,true,1,
4603793247421,false,מיני סושקה וולזיסקי פקר 180 גר,סיביר קלצאטקה,RU,מיני סושקה וולזיסקי,גרמים,180.00,100 גרם,false,1,7.90,4.39,true,1,
4603793247452,false,מיני סושקה עם וניל וולזיסקי פקר 180 גר,סיביר קלצאטקה,RU,מיני סושקה עם וניל ו,גרמים,180.00,100 גרם,false,1,7.90,4.39,true,1,
4603928000976,false,"בלוגה נובל וודקה 700 מ""ל+כוס הייבול",מרינסקי ליקרו-וודאצ'\ני,RU,וודקה בלוגה נובל 700,מיליליטרים,700.00,"100 מ""ל",false,1,122.90,17.56,true,1,
4604248000103,false,מיונז מאחייב זיתים 50.5% 800 גרם,אסן פרודקשן,,רוטב בטעם מיונז מאחי,גרמים,800.00,100 גרם,false,1,19.90,2.49,true,1,
4604248000349,false,רוטב בטעם מיונז פרובנסל מחייב 380 גרם,אסן פרודקשן,,רוטב בטעם מיונז מאחי,גרמים,380.00,100 גרם,false,1,11.90,3.13,true,1,
4604248000554,false,מיונז מאחייב פרובנסל 50.5% 800 גרם,אסן פרודקשן,,רוטב בטעם מיונז מאחי,גרמים,800.00,100 גרם,false,1,19.90,2.49,true,1,
4604248000844,false,רוטב בטעם מיונז עם שמן זית 380 גרם,אסן פרודקשן,,מיונז מאחייב עם שמן,גרמים,380.00,100 גרם,false,1,11.90,3.13,true,1,
4604248000851,false,מיונז מאחייב לימון 380 גרם,אסן פרודקשן,,מיונז מאחייב עם מיץ,גרמים,380.00,100 גרם,false,1,11.90,3.13,true,1,
4604248002671,false,מיונז מאחייב בטעם לימון 50.5% 800 גרם,אסן פרודקשן,,רוטב בטעם מיונז מאחי,גרמים,800.00,100 גרם,false,1,19.90,2.49,true,1,
4604248003043,false,קטשופ שישליק 500 גרם מחייב,אסן פרודקשן,,קטשופ שישליק 500 גר,גרמים,500.00,100 גרם,false,1,12.50,2.50,true,1,
4604248003050,false,קטשופ צילי 500 גרם מחייב,PRODEX,,קטשופ צילי,גרמים,500.00,100 גרם,false,1,12.50,2.50,true,1,
4604248003067,false,קטשופ לצו 500 גרם מחייב,אסן פרודקשן,,קטשופ לצו 500 גרם מח,גרמים,500.00,100 גרם,false,1,12.50,2.50,true,1,
4604248003081,false,רוטב בטעם מיונז עם בית שליו מחייב 380 גרם,אסן פרודקשן,,רוטב בטעם מיונז מאחי,גרמים,380.00,100 גרם,false,1,11.90,3.13,true,1,
4604248003517,false,חרדל רוסקיה 140 גרם,אסן פרודקשן,,חרדל רוסי 140 גר Mah,גרמים,140.00,100 גרם,false,1,6.70,4.79,true,1,
4604248003845,false,קטשופ טומטניי 500 גרם,אסן פרודקשן,,קטשופ טומטניי 500 גר,גרמים,500.00,100 גרם,false,1,12.50,2.50,true,1,
4604248006204,false,ריבת תות מאחייב 300 גרם,אסן פרודקשן,,ריבת תות מאחייב 300,גרמים,300.00,100 גרם,false,1,12.50,4.17,true,1,
4604248006877,false,ריבה פטל מאחייב 300 גרם,אסן פרודקשן,,ריבה פטל מאחייב 300,גרמים,300.00,100 גרם,false,1,13.90,4.63,true,1,
4604248006914,false,ריבת מאחייב פטל בזכוכית 400 גר,אסן פרודקשן,,ריבת מאחייב פטל,גרמים,400.00,100 גרם,false,1,24.90,6.23,true,1,
4604248006921,false,ריבת מאחייב לימון בזכוכית 400 גרם,,,ריבת מאחייב לימון בז,גרמים,400.00,100 גרם,false,1,22.90,5.73,true,1,
4604248006945,false,ריבת ענבי שועל מאחייב בזכוכית 400 גר,,RU,ריבת ענבי שועל מאחיי,גרמים,400.00,100 גרם,false,1,22.90,5.73,true,1,
4604248006952,false,ריבת תות שדה מאחייב בזכוכית 400 גר,,RU,ריבת תות שדה מאחייב,גרמים,400.00,100 גרם,false,1,22.90,5.73,true,1,
4604248008635,false,ריבת מאחייב אוכמניות בזכוכית 400 גר,אסן פרודקשן,,ריבת מאחייב אוכמניו,גרמים,400.00,100 גרם,false,1,22.90,5.73,true,1,
4604248012601,false,חזרת 190 גרם מחייב,אסן פרודקשן,,חזרת 190 גרם מחייב,גרמים,190.00,100 גרם,false,1,10.90,5.74,true,1,
4604248012618,false,חרדל רוסקיה 190 גרם מחייב,אסן פרודקשן,,Maheev חרדל רוסי 190,גרמים,190.00,100 גרם,false,1,8.90,4.68,true,1,
4604248014667,false,תערובת תבליני לעוף טעם חרדל 500 גר מחייב,Maheev,,תערובת תבליני לעוף,גרמים,500.00,100 גרם,false,1,8.90,1.78,true,1,
4604248014674,false,תערובת תבלינים לשישליק 500 גר מחייב,Maheev,,תערובת תבלינים,גרמים,500.00,100 גרם,false,1,8.90,1.78,true,1,
4604248014766,false,רוטב תיבול חריף אגיקה מאחייב 140 גר,אסן פרודקשן,,רוטב תיבול חריף אגיק,גרמים,140.00,100 גרם,false,1,6.90,4.93,true,1,
4604248016197,false,תערובת תבלינים תחמיץ ברביקיו מאחייב 300,Maheev,,תערובת תבלינים תחמיץ,גרמים,300.00,100 גרם,false,1,9.90,3.30,true,1,
4604248016272,false,ריבת מאחייב דובדבן בזכוכית 400 גר,אסן פרודקשן,,ריבת מאחייב דובדבן,גרמים,400.00,100 גרם,false,1,22.90,5.73,true,1,
4604248016289,false,ריבת מאחייב פירות יער בזכוכית 400 גר,אסן פרודקשן,,ריבת מאחייב פירות,גרמים,400.00,100 גרם,false,1,22.90,5.73,true,1,
4604248016876,false,ממתקי גילי מאחייב בטעם פירות הדר 250 גר,אסן פרודקשן,,ממתקי גילי מאחייב בט,גרמים,250.00,100 גרם,false,1,9.90,3.96,true,1,
4604248016883,false,ממתקי גילי מאחייב בטעם פירות 250 גר,אסן פרודקשן,,ממתקי גילי מאחייב,גרמים,250.00,100 גרם,false,1,9.90,3.96,true,1,
4604248018269,false,רוטב קיסר 200 גרם,,,רוטב קיסר 200 גרם,גרמים,200.00,100 גרם,false,1,7.90,3.95,true,1,
4604248018283,false,רוטב בטעם שמנת חמוצה עם פטריות 200 גרם,,,רוטב בטעם שמנת חמוצה,גרמים,200.00,100 גרם,false,1,7.90,3.95,true,1,
4604248018290,false,רוטב בטעם שום ושמנת 200 גרם,,,רוטב בטעם שום ושמנת,גרמים,200.00,100 גרם,false,1,7.90,3.95,true,1,
4604248022709,false,מיונז מאחייב ביצים 50.5% 800 גרם,אסן פרודקשן,RU,רוטב בטעם מיונז מאחי,גרמים,800.00,100 גרם,false,1,19.90,2.49,true,1,
4605246003523,false,תה גרינפילד שחור גולדן צילוני 25 שקי 50 גר,גרינפילד Greenfield,RU,תה גרינפילד שחור גול,גרמים,50.00,100 גרם,false,1,12.50,25.00,true,1,
4605246003585,false,תה גרינפילד ירוק סיני 25 שקי 50 גר,גרינפילד Greenfield,RU,תה גרינפילד ירוק סינ,גרמים,50.00,100 גרם,false,1,12.50,25.00,true,1,
4605246003721,false,תה גרינפלד בתפזורת 100 גר Jasmine Dream,גרינפילד Greenfield,RU,תה גרינפלד בתפזורת 1,גרמים,100.00,100 גרם,false,1,11.90,11.90,true,1,
4605246003738,false,תה גרינפילד ירוק יסמין 25 שקי 50 גר,אורימי,RU,תה גרינפילד ירוק יסמ,גרמים,50.00,100 גרם,false,1,12.50,25.00,true,1,
4605246004261,false,תה גרינפלד בתפזורת 100 גר Grey Fantasy,,RU,תה גרינפלד בתפזורת 1,גרמים,100.00,100 גרם,false,1,11.90,11.90,true,1,
4605246004278,false,תה גרינפילד שחור ארל גריי 25 שקי 50 גר,גרינפילד Greenfield,RU,תה גרינפילד שחור ארל,גרמים,50.00,100 גרם,false,1,12.50,25.00,true,1,
4605246004339,false,חליטה תה גרינפילד סאמר בוקט 25 שקי,גרינפילד Greenfield,RU,חליטה תה גרינפילד סא,גרמים,38.00,100 גרם,false,1,12.50,32.89,true,1,
4605246004346,false,תה קינמון 1/25 גרינפילד 37.5 גר,אורימי,RU,תה קינמון 1/25 גרינ,גרמים,38.00,100 גרם,false,1,12.50,32.89,true,1,
4605246004896,false,תה קניאן סנריז 1/25 גרינפילד 37.5 גר,אורימי,,תה קניאן סנריז 1/25,Unknown,0.00,Unknown,false,1,12.50,12.50,true,1,
4605246005237,false,תה גרינפילד כמומיל דבש 1/25 שקיקים 37.5,,,תה גרינפילד חליטת תה,יחידה,1.00,יחידה,false,1,12.50,12.50,true,1,
4605246005251,false,תה גרינפילד שחור ספרינג מלודי 25 שקי,אורימי,RU,תה גרינפילד שחור ספר,גרמים,38.00,100 גרם,false,1,12.50,32.89,true,1,
4605246005817,false,תה גרינפילד גולדן ציילון 100 שקי 200 גר,אורימי,,תה גרינפילד גולדן צי,גרמים,100.00,100 גרם,false,1,33.90,33.90,true,1,
4605246005848,false,תה גרינפילד ארל גריי 100 שקי 200 גר,אורימי,,תה גרינפילד ארל גריי,גרמים,200.00,100 גרם,false,1,33.90,16.95,true,1,
4605246005855,false,תה גרינפילד ירוק דרקון 100 שקי 200 גר,אורימי,,תה גרינפילד ירוק דרק,גרמים,200.00,100 גרם,false,1,33.90,16.95,true,1,
4605246005947,false,תה טס פלזה 25 שקיקים,,,תה טס פלזה 25 שקיקים,Unknown,0.00,Unknown,false,1,12.90,12.90,true,1,
4605246006005,false,GREENFIELתה שחור קניין סאנרייז - 100 יח,אורימי,,GREENFIELתה שחור קני,גרמים,200.00,100 גרם,false,1,33.90,16.95,true,1,
4605246006456,false,תה טס ארל גריי 25 שקיקים,,,תה טס ארל גריי 25 שק,Unknown,0.00,Unknown,false,1,12.90,12.90,true,1,
4605246007118,false,תה גרינפילד שחור לימון 25 שקי 37.5 גר,גרינפילד Greenfield,RU,תה גרינפילד שחור לימ,גרמים,38.00,100 גרם,false,1,12.50,32.89,true,1,
4605246007729,false,קפה קלוי שחור לפינזאן גוקיי 100 גר,,,קפה קלוי שחור לפינזא,גרמים,100.00,100 גרם,false,1,9.90,9.90,true,1,
4605246007859,false,תה שלור טס ברי בר 20 שקיקים,,RU,תה שלור טס ברי בר 20,גרמים,36.00,100 גרם,false,1,14.90,41.39,true,1,
4605246007873,false,תה ירוק טס פינה קולדה 20 שקיקים,,,תה ירוק טס פינה קולד,Unknown,0.00,Unknown,false,1,14.90,14.90,true,1,
4605246007880,false,תה ירוק טאס גינגר מוחיטו 20 שקיות 1.8 גר,,,תה ירוק טאס גינגר מו,Unknown,0.00,Unknown,false,1,14.90,14.90,true,1,
4605246007897,false,תה סאמר טיים 20שקיות של 1.8ג'-TESS,,RU,תה שלור טס סאמר טיים,גרמים,36.00,100 גרם,false,1,14.90,41.39,true,1,
4605246008832,false,תה טס ארל גריי סיקרט 20 שקיקים,,,תה טס ארל גריי סיקרט,גרמים,36.00,100 גרם,false,1,14.90,41.39,true,1,
4605246008986,false,תה גרינפילד פירמידה ציילון 20 שקי 40 גר,אורימי,,תה גרינפילד פירמידה,Unknown,0.00,Unknown,false,1,14.90,14.90,true,1,
4605246009006,false,תה גרינפילד פירמידה ארל גריי 20 שקי 40 ג,אורימי,,תה גרינפילד פירמידה,Unknown,0.00,Unknown,false,1,14.90,14.90,true,1,
4605246009020,false,תה גרינפילד פירמידה אוכמניות 20 שק 40 ג,אורימי,,תה גרינפילד פירמידה,Unknown,0.00,Unknown,false,1,14.90,14.90,true,1,
4605246009969,false,תה גרינפילד אוכמניות 1/25 שקיקים,אורימי,RU,תה גרינפילד אוכמניות,גרמים,38.00,100 גרם,false,1,12.50,32.89,true,1,
4605246010743,false,מארז מתנה תה קרינפילד 120 שקי 212.4 גר,אורימי,,מארז מתנה תה גרינפיל,גרמים,212.00,100 גרם,false,1,62.90,29.67,true,1,
4605246011191,false,תה שחור צמחי טיליה בטעם דבש-25 שקיות,אורימי,RU,תה שחור צמחי טיליה ב,גרמים,38.00,100 גרם,false,1,12.50,32.89,true,1,
4605246011313,false,תה טס טיים 25 שקיקים,,,תה טס טיים 25 שקיקים,Unknown,0.00,Unknown,false,1,12.90,12.90,true,1,
4605246011450,false,תה טס בננה ספליט 20 שקיקים,,,תה טס בננה ספליט 20,גרמים,36.00,100 גרם,false,1,14.90,41.39,true,1,
4605246012587,false,תה ירוק טס דייקירי בריז 20 שקיקים,,,תה ירוק טס דייקירי ב,Unknown,0.00,Unknown,false,1,14.90,14.90,true,1,
4605246013881,false,תה ירוק בטעם גינגר וחבושים-25 שקיות,אורימי,RU,תה ירוק בטעם גינגר ו,גרמים,50.00,100 גרם,false,1,12.50,25.00,true,1,
4605246013904,false,חליטה תה גרינפילד רוייבוס 25 שקי 37.5,אורימי,RU,חליטה תה גרינפילד רו,גרמים,38.00,100 גרם,false,1,12.50,32.89,true,1,
4605246015267,false,תה שחור טס שוקולד קיס 20 שקיקים,,,תה שחור טס שוקולד קי,גרמים,36.00,100 גרם,false,1,14.90,41.39,true,1,
4605246015274,false,תה שלור טס בלוברי טארט 20 שקיקים,,RU,תה שלור טס בלוברי טא,גרמים,36.00,100 גרם,false,1,14.90,41.39,true,1,
4605246015380,false,חליטה צמחים דובדבן -25 שקיות,אורימי,RU,חליטה צמחים דובדבן -,גרמים,50.00,100 גרם,false,1,12.50,25.00,true,1,
4605246015397,false,חליטה גרינפילד פירות יער ברי סאנסט 25 שק,אורימי,RU,חליטה גרינפילד פירות,גרמים,50.00,100 גרם,false,1,12.50,25.00,true,1,
4605246016691,false,תה ירוק שקיות 20 שק 1.5 גר TESS,,,תה ירוק שקיות 20 שק,גרמים,30.00,100 גרם,false,1,12.90,43.00,true,1,
4605504512316,false,עוגיות אגוזים 200 גר סורמובסקויה,סורמובסקי,,עוגיות אגוזים 200 גר,גרמים,200.00,100 גרם,false,1,5.90,2.95,true,1,
4605504512347,false,עוגיות זמליניקה 200 גר סורמובסקויה,סורמובסקי,,עוגיות זמליניקה 200,גרמים,200.00,100 גרם,false,1,5.90,2.95,true,1,
4605504512378,false,עוגיות שמנת 200 גר סורמובסקויה,סורמובסקי,,עוגיות שמנת 200 גר ס,גרמים,200.00,100 גרם,false,1,5.90,2.95,true,1,
4605504512620,false,עוגיות ריבת חלב 200 גר סורמובסקויה,סורמובסקי,,עוגיות ריבת חלב 200,גרמים,200.00,100 גרם,false,1,5.90,2.95,true,1,
4605504513382,false,זפיר וניל אקסטרה 280 גרם,סורמובסקי,,זפיר וניל אקסטרה 280,גרמים,280.00,100 גרם,false,1,11.90,4.25,true,1,
4605504513856,false,זפיר קפה אקסטרה 280 גרם,סורמובסקי,,זפיר קפה אקסטרה 280,גרמים,280.00,100 גרם,false,1,11.90,4.25,true,1,
4605504518646,false,זפיר לבן ורוד אקסטרה 280 גרם,סורמובסקי,,זפיר לבן ורוד אקסטרה,גרמים,280.00,100 גרם,false,1,11.90,4.25,true,1,
4605504522711,false,וופלים קורובקה בטעם חלב מבושל 300 גר,,,וופלים קורובקה בטעם,גרמים,300.00,100 גרם,false,1,14.90,4.97,true,1,
4605504522728,false,וופלים קורובקה בטעם שוקולד 300 גר,,,וופלים קורובקה בטעם,גרמים,300.00,100 גרם,false,1,14.90,4.97,true,1,
4605516000115,false,בונבוניירה צופור גן עדן 300 גר,וורונזקה פבריקה,,בונבוניירה חלב ציפור,גרמים,300.00,100 גרם,false,1,29.90,9.97,true,1,
4605516014617,false,זפיר סלדקיי איסטוריי אוכמניות בשוקו 180,וורונז',,זפיר סלדקיי איסטוריי,גרמים,180.00,100 גרם,false,1,16.90,9.39,true,1,
4605516020120,false,סט ממתקי שוקולד וקרמלים 250 גר FONARIK,,RU,מבחר ממתקי 250 גרם,גרמים,250.00,100 גרם,false,0,34.90,13.96,true,1,
4605561011975,false,חתיכות פילה דג הרינג בשמן מצונן 150 גרם,LTD BREMOR SANTA SD,,חתיכות פילה הרינג בש,גרמים,200.00,100 גרם,false,1,8.30,4.15,true,1,
4605561012613,false,פילה דג הרינג קצוץ בשמן 400 גרם,LTD BREMOR SANTA SD,,פילה הרינג (קצוץ) בש,גרמים,400.00,100 גרם,false,1,17.70,4.43,true,1,
4605561013009,false,פילה דג הרינג בשמן 400 גרם,LTD BREMOR SANTA SD,,פילה הרינג בשמן 400,גרמים,400.00,100 גרם,false,1,17.70,4.43,true,1,
4605622008739,false,"בירה מדבד 450 מ""ל פחית",אפיס ברברי,,"בירה מדבד 450 מ""ל פח",מיליליטרים,450.00,"100 מ""ל",false,1,9.50,2.11,true,1,
4605622010237,false,"בירה סטארי מלניק 4.2% בבקבוק 450 מ""ל",אפיס ברברי,RU,בירה סטארי מלניק 4.3,מיליליטרים,450.00,"100 מ""ל",false,1,10.90,2.42,true,1,
4605622010503,false,"בירה מדבד 8% 450 מ""ל בקבוק",,,"בירה מדבד 8% 450 מ""ל",מיליליטרים,450.00,"100 מ""ל",false,1,9.90,2.20,true,1,
4605627003104,false,מעדן פרוטיס אפרסק פסיפלורה דובדבן 115ג',,,פרוטיס אפרסק/פסיפלור,מיליליטרים,115.00,"100 מ""ל",false,1,5.50,4.78,true,1,
4605627003128,false,מעדן פרוטיס אננס מלון פטל 115ג',,,פרוטיס אננס/מלון/פטל,מיליליטרים,115.00,"100 מ""ל",false,1,5.50,4.78,true,1,
4605627003166,false,מעדן פרוטיס תות שדה תפוח אגס 115ג',,,פרוטיס תות שדה/תפוח/,מיליליטרים,115.00,"100 מ""ל",false,1,5.50,4.78,true,1,
4605627006600,false,מעדן פרוטיס תות שדה 290ג',,RU,פרוטיס תות שדה 290 מ,מיליליטרים,290.00,"100 מ""ל",false,1,10.90,3.76,true,1,
4605627006624,false,מעדן פרוטיס אפרסק 290ג',,,פרוטיס אפרסק 320 מל,מיליליטרים,320.00,"100 מ""ל",false,1,10.90,3.41,true,1,
4605627006747,false,פרוטיס תות שדה עם קורנפלקס 180 מל,,,פרוטיס תות שדה עם קו,מיליליטרים,180.00,"100 מ""ל",false,1,8.90,4.94,true,1,
4605664011261,false,"בירה בוצקה בהיר 4.7% 450 מ""ל פחית",,,בירה בוצקה בהיר 4.7%,מיליליטרים,450.00,"100 מ""ל",false,1,9.50,2.11,true,1,
4605664011308,false,"בירה בוצקה קלאסיק 4.7% 450 מ""ל פחית",,,בירה בוצקה קלאסיק 4.,מיליליטרים,450.00,"100 מ""ל",false,1,9.50,2.11,true,1,
4605664011803,false,"בירה בוצקה אקסטרה 8% 450 מ""ל בקבוק",,,בירה בוצקה אקסטרה 8%,מיליליטרים,450.00,"100 מ""ל",false,1,9.90,2.20,true,1,
4606008151568,false,"עצי אשוח 180 ס""מ ירוק",,,"עצי אשוח 180 ס""מ ירו",Unknown,0.00,Unknown,false,1,275.90,275.90,true,1,
4606008152312,false,קישוט לראש קרניים,,,קישוט לראש קרניים,Unknown,1.00,Unknown,false,1,7.90,7.90,true,1,
4606260000185,false,תערובת לתיבול שישליק,,RU,תערובת לתיבול שישליק,Unknown,0.00,Unknown,false,1,2.90,2.90,true,1,
4606260000192,false,תערובת לתיבול פלוב ר,,RU,תערובת לתיבול פלוב ר,Unknown,0.00,Unknown,false,1,2.90,2.90,true,1,
4606260000208,false,תערובת לתיבול דג 15,,RU,תערובת לתיבול דג 15,Unknown,0.00,Unknown,false,1,2.90,2.90,true,1,
4606260000222,false,תערובת לתיבול עוף 15,,RU,תערובת לתיבול עוף 15,Unknown,0.00,Unknown,false,1,2.90,2.90,true,1,
4606260000499,false,תבלין קחמלי סונלי 15,,RU,תבלין קחמלי סונלי 15,Unknown,0.00,Unknown,false,1,2.90,2.90,true,1,
4606260000505,false,תערובת לתיבול כיסוני,,RU,תערובת לתיבול כיסוני,Unknown,0.00,Unknown,false,1,2.90,2.90,true,1,
4606260000529,false,תערובת לתיבול תפוחי,,RU,תערובת לתיבול תפוחי,Unknown,0.00,Unknown,false,1,2.90,2.90,true,1,
4606260000888,false,תבלין שום מיובש 10 ג,,RU,תבלין שום מיובש 10 ג,Unknown,0.00,Unknown,false,1,2.90,2.90,true,1,
4606260004381,false,ויטקס תערובת תיבול ירק קיצי 110 גרם,,,ויטקס תערובת תיבול י,גרמים,110.00,100 גרם,false,1,10.20,9.27,true,1,
4606260004428,false,ויטקס תערובת תיבול ירקות מיובשים 50 גרם,,,ויטקס תערובת תיבול י,גרמים,50.00,100 גרם,false,1,9.10,18.20,true,1,
4606260004473,false,תערובת לתיבול דג אדו,,RU,תערובת לתיבול דג אדו,Unknown,0.00,Unknown,false,1,2.90,2.90,true,1,
4606260004541,false,תבלין זירה 10 גרם וי,,RU,תבלין זירה 10 גרם וי,Unknown,0.00,Unknown,false,1,2.90,2.90,true,1,
4606260005098,false,תערובת לתיבול כרעיים,,RU,תערובת לתיבול כרעיים,Unknown,0.00,Unknown,false,1,2.90,2.90,true,1,
4606260005326,false,ויטקס עלי דפנה 50 גרם,ויטקס,,ויטקס עלי דפנה 50 גר,גרמים,50.00,100 גרם,false,1,10.30,20.60,true,1,
4606495001414,false,דג יבש מקולף לש 150 גרם,,KZ,דג יבש מקולף לש 150,גרמים,150.00,100 גרם,false,1,26.50,17.67,true,1,
4606598000659,false,תבלין ברבריס מגיה ווסטוקה 15 גרם,PROFAGROTECHNIKA,,תבלין ברבריס מגיה וו,Unknown,0.00,Unknown,false,1,3.90,3.90,true,1,
4606598001427,false,תבלין חמלי-סונלי מגיה ווסטוקה 15 גרם,PROFAGROTECHNIKA,,תבלין חמלי-סונלי מגי,Unknown,0.00,Unknown,false,1,3.90,3.90,true,1,
4606598001434,false,תבלין לבשר טחון מגיה ווסטוקה 15 גרם,PROFAGROTECHNIKA,,תבלין לבשר טחון מגיה,Unknown,0.00,Unknown,false,1,3.90,3.90,true,1,
4606598003162,false,תבלין לכבש מגיה ווסטוקה 15 גר,,RU,תבלין לכבש מגיה ווסט,Unknown,0.00,Unknown,false,1,3.90,3.90,true,1,
4606598003612,false,תבלין לכרעיים מגיה ווסטוקה 15 גרם,PROFAGROTECHNIKA,,תבלין לכרעיים מגיה ו,Unknown,0.00,Unknown,false,1,3.90,3.90,true,1,
4606598007412,false,תבלין זירה מגיה ווסטוקה 15 גרם,PROFAGROTECHNIKA,,תבלין זירה מגיה ווסט,Unknown,0.00,Unknown,false,1,3.90,3.90,true,1,
4606598007559,false,תבלין ציפורן שלם מגיה ווסטוקה 10 גר,PROFAGROTECHNIKA,,תבלין ציפורן שלם מגי,Unknown,0.00,Unknown,false,1,5.90,5.90,true,1,
4606598015806,false,תבלין למרק סולנקה מגיה ווסטוקה 15 גר,PROFAGROTECHNIKA,,תבלין למרק סולנקה מג,Unknown,0.00,Unknown,false,1,2.90,2.90,true,1,
4606598016285,false,תבלין לשעועית מגיה ווסטוקה 15 גר,PROFAGROTECHNIKA,,תבלין לשעועית מגיה,Unknown,0.00,Unknown,false,1,2.90,2.90,true,1,
4606599009880,false,חלב מרוכז ממותק בתוספת שומן צמחי 1 ליטר,,,חלב מרוכז ממותק בתוס,גרמים,1000.00,100 גרם,false,1,19.60,1.96,true,1,
4606599013320,false,חלב מרוכז ממותק 500 גר דרבנסקיה,בלמול,RU,חלב מרוכז ממותק 500,גרמים,500.00,100 גרם,false,1,10.90,2.18,true,1,
4607001410317,false,"רולדה ""אגדה"" בטעם תות שדה 200 גרם",רמנסקי,,"רולדה ""אגדה"" בטעם תו",גרמים,200.00,100 גרם,false,1,7.90,3.95,true,1,
4607001410324,false,"רולדה ""אגדה"" בטעם פירות יער 200 גרם",רמנסקי,,"רולדה ""אגדה"" בטעם פי",גרמים,200.00,100 גרם,false,1,7.90,3.95,true,1,
4607001414445,false,טארטלט מתוק 180 גרם DESERT,רמנסקי,,טארטלט מתוק 180 גרם,גרמים,180.00,100 גרם,false,1,9.90,5.50,true,1,
4607001414452,false,טארטלט אורגינל 180 גרם ORIGINAL,רמנסקי,,טארטלט אורגינל 180 ג,גרמים,180.00,100 גרם,false,1,9.90,5.50,true,1,
4607001415442,false,עוגה אישית ארנבון במילוי שוקולד 150 גר,רמנסקי,,עוגה אישית ארנבון במ,גרמים,150.00,100 גרם,false,1,11.90,7.93,true,1,
4607001415701,false,"עוגת טורט ""טראפל"" 350 גר בייקר האוס",רמנסקי,,"עוגת טורט ""טראפל"" 35",גרמים,350.00,100 גרם,false,1,17.90,5.11,true,1,
4607001415725,false,"עוגת טורט ""שוורצואלד"" 350 גר בייקר האוס",רמנסקי,,"עוגת טורט ""שוורצואלד",גרמים,350.00,100 גרם,false,1,17.90,5.11,true,1,
4607001415732,false,"עוגת טורט ""סיציליה"" 350 גר בייקר האוס",רמנסקי,,"עוגת טורט ""סיציליה""",גרמים,350.00,100 גרם,false,1,17.90,5.11,true,1,
4607001416265,false,מיני קקס בטעם תות 470 גר קוביס,רמנסקי,,מיני קקס בטעם תות 47,גרמים,470.00,100 גרם,false,1,16.90,3.60,true,1,
4607002990238,false,שעועית אדומה דוד וניה 400 גר,,,שעועית אדומה דוד וני,גרמים,400.00,100 גרם,false,1,9.90,2.48,true,1,
4607002990290,false,מלפפונים מוחמצים 680 גר D. Vanya,רוסקויי פולה אלבאשי,,מלפפונים מוחמצים 680,גרמים,680.00,100 גרם,false,1,13.90,2.04,true,1,
4607002990474,false,עגבניות מוחמצות דיאדיה וניה 680 גר,רוסקויי פולה אלבאשי,,עגבניות מוחמצות דיאד,גרמים,680.00,100 גרם,false,1,13.90,2.04,true,1,
4607002990481,false,עגבניות במיץ עגבניות דיאדיה וניה 680 גרם,דדיה ואניה,,עגבניות במיץ עגבניות,גרמים,680.00,100 גרם,false,1,13.90,2.04,true,1,
4607002991235,false,אסורטי עגבניות ומלפפונים 1.8ל דאדיה וניה,,RU,אסורטי עגבניות ומלפפ,ליטרים,0.00,ליטר,false,1,29.90,29.90,true,1,
4607002991358,false,מלפפונים מוחמצים 1.8 ל דאדיה וניה,,RU,מלפפונים מוחמצים 1.8,ליטרים,0.00,ליטר,false,1,29.90,29.90,true,1,
4607002991587,false,עגבניות מוחמצות 1.8 ל דאדיה וניה,,RU,עגבניות מוחמצות 1.8,ליטרים,0.00,ליטר,false,1,29.90,29.90,true,1,
4607002995752,false,אסורטי עגבניות/מלפפונים דיאדיה וניה 680,דדיה ואניה,,אסורטי עגבניות/מלפפו,גרמים,680.00,100 גרם,false,1,13.90,2.04,true,1,
4607002995868,false,"פלפלים ברוטב עגבניות ""לצ'ו""",דדיה ואניה,,לציו דיאדיה וניה 680,גרמים,680.00,100 גרם,false,1,13.90,2.04,true,1,
4607002997558,false,סלט הונגרי דיאדיה וניה 460 גרם,דדיה ואניה,RU,סלט הונגרי דיאדיה ונ,גרמים,460.00,100 גרם,false,1,11.90,2.59,true,1,
4607002997633,false,אגיקה פיקנטי ביתי דיאדיה וניה 460 גרם,,,אגיקה פיקנטי ביתי די,גרמים,460.00,100 גרם,false,1,11.90,2.59,true,1,
4607002998142,false,מלפפונים בחומץ 950 גר דאדיה וניה,,RU,מלפפונים בחומץ 950 ג,מיליליטרים,950.00,"100 מ""ל",false,1,16.70,1.76,true,1,
4607002998180,false,מלפפונים במלח 950 גר דאדיה וניה,,RU,מלפפונים במלח 950 גר,מיליליטרים,950.00,"100 מ""ל",false,1,16.70,1.76,true,1,
4607002999187,false,קורנישונים צרפתי דיאדיה וניה 680 גרם,,RU,קורנישונים צרפתי דיא,גרמים,680.00,100 גרם,false,1,13.90,2.04,true,1,
4607002999286,false,קישואים באגיקה דיאדיה וניה 460 גרם,,,קישואים באגיקה דיאדי,גרמים,460.00,100 גרם,false,1,11.90,2.59,true,1,
4607005400550,false,שוקולד מריר 72% פרמיום פובדה 250 גרם,POBEDA,RU,שוקולד מריר 72% פרמי,גרמים,250.00,100 גרם,false,1,19.90,7.96,true,1,
4607005400567,false,שושוקולד עם צימוקים ואגוזים פובדה 250 גר,POBEDA,RU,שוקולד עם צימוקים וא,גרמים,250.00,100 גרם,false,1,19.90,7.96,true,1,
4607005400574,false,שוקולד עם אגוזים פובדה 250 גדם,POBEDA,,שוקולד עם אגוזים פוב,גרמים,250.00,100 גרם,false,1,19.90,7.96,true,1,
4607005401229,false,שוקולד חלב עם דובדבן 250 גר,POBEDA,,שוקולד חלב עם דובדבן,גרמים,250.00,100 גרם,false,1,19.90,7.96,true,1,
4607005401328,false,ממתק שוקולד בצורת סנטה 60 גר,,RU,ממתק שוקולד בצורת סנ,גרמים,60.00,100 גרם,false,1,5.90,9.83,true,1,
4607005402974,false,מתנת קריסטמס ממתקי שוקולד 150 גר,,RU,מתנת קריסטמס ממתקי ש,גרמים,150.00,100 גרם,false,1,15.90,10.60,true,1,
4607005402998,false,מתנת קריסטמס ממתקי שוקולד 100 גר,,RU,מתנת קריסטמס ממתקי ש,גרמים,100.00,100 גרם,false,1,11.90,11.90,true,1,
4607005409829,false,שוקולד חלב 36% קקאו ללא סוכר 100 גר,,RU,שוקולד חלב 36% קקאו,גרמים,100.00,100 גרם,false,1,9.90,9.90,true,1,
4607011260230,false,עוגיות ש.שועל קלאסי 400 גר HVATAY-KA,לובימיי קראי,,עוגיות ש.שועל קלאסי,גרמים,400.00,100 גרם,false,1,9.90,2.48,true,1,
4607011260247,false,עוגיות ש.שועל בטעם חלב 400 גר HVATAY-KA,לובימיי קראי,,עוגיות ש.שועל בטעם ח,גרמים,400.00,100 גרם,false,1,9.90,2.48,true,1,
4607011268687,false,עוגיות שיבולת שועל חמוציות ופרוקטוז 300 גר,"""lyubimiy kray""",,עוגיות שיבולת שועל ח,גרמים,300.00,100 גרם,false,1,12.90,4.30,true,1,
4607012351005,false,גרעיני חמניות מרטין ללא מלח 200 גרם,"נארז ע""י : א.ג. גילר",,גרעיני חמניות מרטין,גרמים,200.00,100 גרם,false,1,12.90,6.45,true,1,
4607012351128,false,גרעיני חמניות מרטין 500 גרם,מרטין,,גרעיני חמניות מרטין,גרמים,500.00,100 גרם,false,1,29.90,5.98,true,1,
4607012351791,false,"צנימים ""MARTIN"" בטעם גבינה 60 גר",MARTIN,,"צנימים ""MARTIN"" בטע",גרמים,60.00,100 גרם,false,1,4.90,8.17,true,1,
4607012351999,false,גרעיני חמניות מרטין עם מלח 200 גרם,"נארז ע""י : א.ג. גילר",,גרעיני חמניות מרטין,גרמים,200.00,100 גרם,false,1,12.90,6.45,true,1,
4607012352002,false,גרעיני דלעת מרטין 100 גר,MARTIN,RU,גרעיני דלעת מרטין 1,גרמים,100.00,100 גרם,false,1,13.50,13.50,true,1,
4607012352095,false,גרעיני חמניות מרטין עם מלח 500 גרם,מרטין,,גרעיני חמניות מרטין,גרמים,500.00,100 גרם,false,1,29.90,5.98,true,1,
4607012352453,false,גרעיני חמניות מרטין פסים עם מלח 150 גר,אל אל סי מרטין,,גרעיני חמניות מרטין,גרמים,150.00,100 גרם,false,1,11.40,7.60,true,1,
4607012352804,false,בוטנים קלופים קלויים עם מלח מרטין 100 גר,,RU,בוטנים קלופים קלויים,גרמים,100.00,100 גרם,false,1,7.50,7.50,true,1,
4607012353429,false,200 תערובת פיצוחים מיקס מקס גר,,,200 תערובת פיצוחים מ,גרמים,200.00,100 גרם,false,1,21.90,10.95,true,1,
4607012353559,false,"X MIX מרטין גרעינים ,בוטנים ,דלעת 150 גר",מרטין,,X MIX מרטין גרעינים,גרמים,150.00,100 גרם,false,1,10.90,7.27,true,1,
4607012353566,false,מרטין טורבומיקס גרעינים ובוטנים 150גר,מרטין,,מרטין טורבומיקס גרעי,גרמים,150.00,100 גרם,false,1,10.90,7.27,true,1,
4607012353702,false,גרעיני חמנייה מרטין פסים עם מלח 250 גר,,,גרעיני חמנייה מרטין,גרמים,250.00,100 גרם,false,1,15.60,6.24,true,1,
4607014780551,false,שמן חמניות מזוכך בלגו 1 ל,קליסה,,שמן חמניות מזוכך בל,מיליליטרים,1000.00,"100 מ""ל",false,1,21.90,2.19,true,1,
4607014782111,false,שמן חמניות לא מזוכך בלגו 1 ל,קליסה,,שמן חמניות לא מזוכך,מיליליטרים,1000.00,"100 מ""ל",false,1,21.90,2.19,true,1,
4607016240374,false,גריסי פנינה 800 גרם,אובלקה,,גריסי פנינה 800 גרם,גרמים,800.00,100 גרם,false,1,8.90,1.11,true,1,
4607016240381,false,אורז ארוך מלוטש אובלקה 800 גר,,,אורז ארוך מלוטש אובל,גרמים,800.00,100 גרם,false,1,12.90,1.61,true,1,
4607016240398,false,סולת 700 גרם,אובלקה,,סולת 700 גרם,גרמים,700.00,100 גרם,false,1,9.90,1.41,true,1,
4607016240893,false,כוסמת אובלקה 800 גרם,אובלקה,RU,כוסמת אובלקה 800 גרם,גרמים,80000.00,100 גרם,false,1,16.90,0.02,true,1,
4607016240909,false,אפונה מרוסקת 800 גרם,אובלקה,,אפונה מרוסקת 800 גרם,גרמים,800.00,100 גרם,false,1,13.90,1.74,true,1,
4607016240930,false,דוחן 800 גרם,אובלקה,,דוחן 800 גרם,גרמים,800.00,100 גרם,false,1,13.50,1.69,true,1,
4607016241104,false,תבשיל גריסי פנינה 5*80 גר,אובלקה,,תבשיל גריסי פנינה 5*,גרמים,400.00,100 גרם,false,1,8.90,2.23,true,1,
4607016243047,false,שיבולת שועל עם תות 2,אובלקה,,ש.שועל עם תות 5*40גר,גרמים,200.00,100 גרם,false,1,14.60,7.30,true,1,
4607016243078,false,ש.שועל תות וקרם 5*40גר,אובלקה,,ש.שועל תות וקרם 5*40,גרמים,200.00,100 גרם,false,1,14.60,7.30,true,1,
4607016243108,false,שיבולת שועל עם פטל 2,אובלקה,,ש.שועל עם פטל 5*40גר,גרמים,200.00,100 גרם,false,1,14.60,7.30,true,1,
4607016243139,false,ש.שועל פטל וקרם 5*40גר,אובלקה,,ש.שועל פטל וקרם 5*40,גרמים,200.00,100 גרם,false,1,14.60,7.30,true,1,
4607016243160,false,שיבולת שועל עם אפרסק,אובלקה,,ש.שועל עם אפרסק 5*40,גרמים,200.00,100 גרם,false,1,14.60,7.30,true,1,
4607016244716,false,גריסי תירס 750 גרם,אובלקה,,גריסי תירס 750 גרם,גרמים,750.00,100 גרם,false,1,8.90,1.19,true,1,
4607016245171,false,דייסה שיבולת שועל אסורטי 5 טעמים 200 ג,אובלקה,RU,דייסה שיבולת שועל אס,גרמים,200.00,100 גרם,false,1,13.90,6.95,true,1,
4607016245348,false,פתיתי 5 דגנים דקים 350 ג אובלקה,,,פתיתי 5 דגנים דקים 3,גרמים,350.00,100 גרם,false,1,7.90,2.26,true,1,
4607016245430,false,דגנים-תערובת 6 דגנים 350 גרם אובלקה,או.או.או.רסורס,,דגנים-תערובת 6 דגנים,גרמים,350.00,100 גרם,false,1,9.90,2.83,true,1,
4607016245461,false,קטניות גריסי חיטה 80,אובלקה,,גריסי חיטה 5*80 גר,גרמים,400.00,100 גרם,false,1,10.90,2.73,true,1,
4607016245478,false,גריסי דוחן 80 גר חמי,אובלקה,,דוחן 5*80 גרם,גרמים,400.00,100 גרם,false,1,10.90,2.73,true,1,
4607016245485,false,תבשיל כוסמת אובלקה 5*80 גר,אובלקה,,תבשיל כוסמת אובלקה 5,גרמים,400.00,100 גרם,false,1,12.90,3.23,true,1,
4607016245508,false,גריסי שעורה 80 גר חמ,אובלקה,,גריסי שעורה 5*80 גרם,גרמים,400.00,100 גרם,false,1,9.90,2.48,true,1,
4607016245522,false,קטניות עדשים 5*80 גרם אובלקה,אובלקה,,קטניות עדשים 5*80 גר,גרמים,400.00,100 גרם,false,1,15.90,3.98,true,1,
4607016245539,false,קטניות אפונה מרוסקת 5*80 גר אובלקה,אובלקה,,קטניות אפונה מרוסקת,גרמים,400.00,100 גרם,false,1,10.90,2.73,true,1,
4607016245782,false,דייסת ש.שועל עם ענבי שועל שחורים 5*40גר,אובלקה,,דייסת ש.שועל עם ענבי,גרמים,200.00,100 גרם,false,1,14.60,7.30,true,1,
4607016245805,false,דייסת ש.שועל עם תערובת פירות יער 5*40גר,אובלקה,,דייסת ש.שועל עם תערו,גרמים,200.00,100 גרם,false,1,14.60,7.30,true,1,
4607016246024,false,פתיתי שיבולת שועל להכנה מיידית 500 גרם,,RU,פתיתי שיבולת שועל לה,מיליליטרים,500.00,"100 מ""ל",false,1,9.90,1.98,true,1,
4607016248448,false,דייסה שיבולת שועל עם בננה ותות שדה 200 ג,אובלקה,RU,דייסה שיבולת שועל עם,גרמים,200.00,100 גרם,false,1,13.90,6.95,true,1,
4607016310251,false,רוטב קלאסי קינטו 300 גרם TKEMALI,אואואו דרסיל,,רוטב קלאסי קינטו 300,גרמים,300.00,100 גרם,false,1,17.90,5.97,true,1,
4607016310275,false,רוטב ששליק קינטו 300 גרם TKEMALI,אואואו דרסיל,,רוטב ששליק קינטו 300,גרמים,300.00,100 גרם,false,1,17.90,5.97,true,1,
4607016313030,false,רוטב ברוסניקה קינטו,ז אי או יוזמורריבפלו,,רוטב 320 גר KINTO*,גרמים,320.00,100 גרם,false,1,19.90,6.22,true,1,
4607016418322,false,דובשניות עם מילוי בטעם תות שדה 500 גר,,,דובשניות עם מילוי בט,גרמים,500.00,100 גרם,false,1,16.90,3.38,true,1,
4607016419060,false,דובשניות עם מילוי בטעם ריבת חלב 500 גר,,,דובשניות עם מילוי בט,גרמים,500.00,100 גרם,false,1,16.90,3.38,true,1,
4607017090350,false,מים מינרלים יסנטוקי מס 17 1.5 ליטר,,RU,מים מינרלים יסנטוקי,ליטרים,0.00,ליטר,false,1,12.90,12.90,true,1,
4607017091029,false,מים מינרלים יסנטוקי מס 4 1.5 ליטר,,RU,מים מינרלים יסנטוקי,ליטרים,0.00,ליטר,false,1,12.90,12.90,true,1,
4607018271727,false,בלינצס במילוי תות 360 גרם,,,בלינצס במילוי תות,גרמים,360.00,100 גרם,false,1,15.90,4.42,true,1,
4607018271758,false,בלינצס במילוי דובדבן 360 גרם,,,בלינצס במילוי דובדבן,גרמים,360.00,100 גרם,false,1,16.70,4.64,true,1,
4607018271765,false,בלינצס במילוי גבינה לבנה 360 גר,לינה,,בלינצס במילוי גבינה,גרמים,360.00,100 גרם,false,1,16.70,4.64,true,1,
4607018271819,false,בלינצס ללא מילוי 450 גרם,,,בלינצס ללא מילוי 450,גרמים,450.00,100 גרם,false,1,20.50,4.56,true,1,
4607018272885,false,פנקייק עם צימוקים 280 גר,,RU,פנקייק עם צימוקים,גרמים,280.00,100 גרם,false,1,12.90,4.61,true,1,
4607018275190,false,"כיסונים במילוי תפו""א ופטריות 450 גר",לינה,,"כיסונים במילוי תפו""א",גרמים,450.00,100 גרם,false,1,13.90,3.09,true,1,
4607025280019,false,"קמח 2 ק""ג",אובלקה,,"קמח 2 ק""ג",קילוגרמים,0.00,"ק""ג",false,1,20.90,20.90,true,1,
4607025280026,false,קמח חיטה 1 קג,אובלקה,,"קמח חיטה 1 ק""ג",גרמים,1000.00,100 גרם,false,1,10.90,1.09,true,1,
4607026342341,false,"יין מבעבע ""אבראו דורסו"" חצי מתוק 750 מל",,RU,"יין מבעבע ""אבראו דור",מיליליטרים,750.00,"100 מ""ל",false,1,41.90,5.59,true,1,
4607026530212,false,יורוסטנדרט כוסמת 900,אגרופרודקט,,כוסמת 900 גרם,גרמים,900.00,100 גרם,false,1,10.90,1.21,true,1,
4607029345004,false,עוגת מוראווניק 600 גרם,,,עוגת מוראווניק 600 ג,גרמים,600.00,100 גרם,false,1,49.90,8.32,true,1,
4607029345837,false,עוגה שלושה שוקולדים 900 גרם,,,עוגה שלושה שוקולדים,גרמים,900.00,100 גרם,false,1,79.90,8.88,true,1,
4607029348166,false,סט עוגות אישיות אישיות מוראווניק 420 גרם,,,סט עוגות אישיות אישי,גרמים,420.00,100 גרם,false,1,25.90,6.17,true,1,
4607030068442,false,צנימים עם סוכר קלאסי 300 גר,"מפעל לייצור לחם""טולס",,צנימים עם סוכר קלאסי,גרמים,300.00,100 גרם,false,1,16.90,5.63,true,1,
4607030830490,false,פופקורן למיקרו 99 גרם - חמאה,,LV,פופקורן בטעם חמאה 99,גרמים,99.00,100 גרם,false,1,4.50,4.55,true,1,
4607030830520,false,פופקורן למיקרו 99 גרם - מלח,,LV,פופקורן עם מלח 99 גר,גרמים,99.00,100 גרם,false,1,4.50,4.55,true,1,
4607032239963,false,"ברנדי גולדן רזרב 500 מ""ל",,,ברנדי גולדן רזרב 500,מיליליטרים,500.00,"100 מ""ל",false,1,64.90,12.98,true,1,
4607036201577,false,ממרח חצילים 520 גרם PICANTA,,RU,ממרח חצילים 520 גרם,גרמים,520.00,100 גרם,false,1,10.90,2.10,true,1,
4607037431164,false,זפיר בטעם חמאה 420 גרם NEVA,פקטורי נבה אל טי די,,זפיר בטעם חמאה 420 ג,גרמים,420.00,100 גרם,false,1,19.90,4.74,true,1,
4607037431188,false,זפיר מצופה שוקולד 450 גר,NEVA,,זפיר מצופה שוקולד 45,גרמים,450.00,100 גרם,false,1,27.90,6.20,true,1,
4607037431218,false,זפיר קרם ברלה 420 גרם NEVA,NEVA,,זפיר קרם ברלה 420 גר,גרמים,420.00,100 גרם,false,1,19.90,4.74,true,1,
4607037431225,false,זפיר ורוד-לבן 420 גרם NEVA,NEVA,,זפיר ורוד-לבן 420 גר,גרמים,420.00,100 גרם,false,1,19.90,4.74,true,1,
4607037431263,false,זפיר בטעם ריבת חלב 420 גרם NEVA,פקטורי נבה אל טי די,,זפיר בטעם ריבת חלב 4,גרמים,420.00,100 גרם,false,1,19.90,4.74,true,1,
4607037435797,false,ממתק מוקצף בטעם וניל וחתיכות מרמלדה 220ג,פנזה,RU,ממתק מוקצף בטעם וניל,גרמים,220.00,100 גרם,false,1,11.90,5.41,true,1,
4607037437296,false,פסטילה וניל 200 גרם NEVA,NEVA,,פסטילה וניל 200 גרם,גרמים,200.00,100 גרם,false,1,11.90,5.95,true,1,
4607037437647,false,זפיר חמוציות 420 גרם NEVA,,,זפיר חמוציות 420 גרם,גרמים,420.00,100 גרם,false,1,19.90,4.74,true,1,
4607037437777,false,זפיר ותפוח 420 גרם NEVA,NEVA,,זפיר ותפוח 420 גרם N,גרמים,420.00,100 גרם,false,1,19.90,4.74,true,1,
4607037437807,false,זיפיר ורוד לבן 800 גר ניבה,,,זיפיר ורוד לבן 800 ג,גרמים,800.00,100 גרם,false,1,34.90,4.36,true,1,
4607037437814,false,זיפיר וניל 800 גר ניבה,,,זיפיר וניל 800 גר ני,גרמים,800.00,100 גרם,false,1,34.90,4.36,true,1,
4607037437852,false,זיפיר ניבה 800 SLIVOCHNI,,,זיפיר ניבה 800 SLIV,גרמים,800.00,100 גרם,false,1,34.90,4.36,true,1,
4607037437906,false,זיפיר וניל ומצופה שוקולד 900 גר,,,זיפיר וניל ומצופה שו,גרמים,900.00,100 גרם,false,1,46.90,5.21,true,1,
4607037439535,false,פסטילה וניל דושחבתי עם מרמלד 240 גר NEVA,פקטורי נבה אל טי די,,פסטילה וניל דושחבתי,גרמים,240.00,100 גרם,false,1,12.90,5.38,true,1,
4607037439887,false,חלב ציפורים נבסקאיה 260 גרם,NEVA,RU,ממתק מוקצף וניל מצופ,גרמים,170.00,100 גרם,false,1,7.90,4.65,true,1,
4607037439962,false,זפיר וניל על פרוקטוזה 200 גרם,NEVA,,זפיר וניל על פרוקטוז,גרמים,200.00,100 גרם,false,1,19.90,9.95,true,1,
4607041230289,false,כעכים פוסולסקי צילנו,וופלשניה,,כעכים 200 גרם CHELNO,גרמים,200.00,100 גרם,false,1,5.90,2.95,true,1,
4607041230630,false,צנימים בטעם וניל 250 גרם POSOLSKIE,וופלשניה,,צנימים בטעם וניל 250,גרמים,250.00,100 גרם,false,1,8.90,3.56,true,1,
4607041230647,false,צנימים עם צימוקים 250 גרם POSOLSKIE,וופלשניה,,צנימים עם צימוקים 25,גרמים,250.00,100 גרם,false,1,8.90,3.56,true,1,
4607041230852,false,צנימים עם צימוקים וסוכר 300 גר POSOLSKIE,וופלשניה,,צנימים עם צימוקים וס,גרמים,300.00,100 גרם,false,1,11.40,3.80,true,1,
4607041232641,false,צנימים בטעם וניל 300 גר POSOLSKIE,וופלשניה,RU,צנימים בטעם וניל 300,גרמים,300.00,100 גרם,false,1,11.40,3.80,true,1,
4607041232665,false,צנימים עם צימוקים 300 גר POSOLSKIE,וופלשניה,RU,צנימים עם צימוקים 30,גרמים,300.00,100 גרם,false,1,11.40,3.80,true,1,
4607041232689,false,כעכים עם פרג 200 גרם MALUTKA,וופלשניה,,כעכים עם פרג 200 גרם,גרמים,200.00,100 גרם,false,1,5.90,2.95,true,1,
4607041232757,false,כעכים פוסולסקי מליוט,וופלשניה,,כעכים 200 גרם MALUTK,גרמים,200.00,100 גרם,false,1,5.90,2.95,true,1,
4607041232764,false,כעכים בטעם וניל 200 ג'-POSOLSKI CHELNOCHEK,וופלשניה,,כעכים וניל 200 גרם M,גרמים,200.00,100 גרם,false,1,5.90,2.95,true,1,
4607041232979,false,צנימים עם צימוקים 250 גרם POSOLSKIE,וופלשניה,RU,צנימים עם צימוקים 25,גרמים,250.00,100 גרם,false,1,8.90,3.56,true,1,
4607041312596,false,גרעיני חמניות קלויים עם מלח 250 גר,,RU,גרעיני חמניות קלויים,גרמים,250.00,100 גרם,false,1,17.90,7.16,true,1,
4607044600027,false,"רוטב שען קלאסיק 330 מ""ל",,,רוטב שען קלאסיק 330,מיליליטרים,330.00,"100 מ""ל",false,1,21.90,6.64,true,1,
4607051150478,false,תה שחור הודי בשקיות בשקיות חזק 100 גר,,,תה שחור הודי בשקיות,גרמים,100.00,100 גרם,false,1,18.50,18.50,true,1,
4607051158269,false,תה 20 שקיקים 34 גר LEMON CURTIS,או א.או מאי קומפני,,תה 20 שקיקים 34 גר L,Unknown,0.00,Unknown,false,1,14.60,14.60,true,1,
4607051158481,false,תה ירוק 20 שקיקים,או א.או מאי קומפני,,תה 34 גר MOJITO CURT,Unknown,0.00,Unknown,false,1,14.60,14.60,true,1,
4607051158672,false,תה פירות יער 20 שקיקים CURTIS,או א.או מאי קומפני,,תה פירות יער 20 שקיק,Unknown,0.00,Unknown,false,1,14.60,14.60,true,1,
4607054450810,false,גרעיני חמניות סטניצניה עם מלח 20 גרם,,,גרעיני חמניות סטניצנ,גרמים,200.00,100 גרם,false,1,12.40,6.20,true,1,
4607054450841,false,גרעינים מטוגנים סטניצניה 400 גר,,,גרעינים מטוגנים סטני,גרמים,400.00,100 גרם,false,1,25.90,6.48,true,1,
4607054450865,false,גרעינים סטניצניה 400 גר XXL,אגרוסויוז,,גרעינים סטניצניה 400,גרמים,400.00,100 גרם,false,1,27.80,6.95,true,1,
4607054450988,false,גרעיני דלעת קלויים עם מלח סטאניצניי 200,אגרוסויוז,,גרעיני דלעת קלויים,גרמים,200.00,100 גרם,false,1,29.90,14.95,true,1,
4607054451718,false,גרעינים טמבובסקי וול,או.או.או אגרוסווז,,"גרעינים 230 גר ""VOLK",גרמים,230.00,100 גרם,false,1,12.00,5.22,true,1,
4607054451831,false,גרעינים עם מלח 200 גר *VOLK*,או.או.או אגרוסווז,,גרעינים עם מלח 200 ג,גרמים,230.00,100 גרם,false,1,12.00,5.22,true,1,
4607054452395,false,גרעיני דלעת קלויים 200 גרם,אגרוסויוז,RU,גרעיני דלעת 200 גר P,גרמים,200.00,100 גרם,false,1,23.90,11.95,true,1,
4607054452418,false,"גרעיני חמניות קלויים ""פשוט טעים"" 400 גרם",אגרוסויוז,RU,גרעיני חמניות קלויים,גרמים,400.00,100 גרם,false,1,23.90,5.98,true,1,
4607054452555,false,גרעיני חמניות קלויים מלח סטאניצניי 500 ג,אגרוסויוז,,גרעיני חמניות קלויים,גרמים,500.00,100 גרם,false,1,27.90,5.58,true,1,
4607054452579,false,"גרעיני קלויים ומלוחים ""פשוט טעים"" 400 גר",אגרוסויוז,RU,גרעיני קלויים ומלוחי,גרמים,400.00,100 גרם,false,1,23.90,5.98,true,1,
4607054452616,false,גרעיני חמניות קלויים סטאניצניי 500 גר,אגרוסויוז,,גרעיני חמניות קלויים,גרמים,500.00,100 גרם,false,1,27.90,5.58,true,1,
4607056587507,false,"משקה לתת מוגז חבית צהובה פחית 1.5 מ""ל",,,משקה לתת מוגז חבית צ,מיליליטרים,1500.00,"100 מ""ל",false,1,20.20,1.35,true,1,
4607065411312,false,פטריות אופיאטה פוסולסקי דבור 680 גר,,CN,פטריות אופיאטה פוסול,גרמים,680.00,100 גרם,false,1,16.70,2.46,true,1,
4607065411329,false,פטריות מסליאטה פוסולסקי דבור 680 גר,,CN,פטריות מסליאטה פוסול,גרמים,680.00,100 גרם,false,1,16.70,2.46,true,1,
4607065411343,false,פטריות אסורטי פוסולסקי דבור 680 גר,,CN,פטריות אסורטי פוסולס,גרמים,680.00,100 גרם,false,1,16.70,2.46,true,1,
4607065411398,false,פטריות שייטקי פוסולסקי דבור 680 גר,,CN,פטריות שייטקי פוסולס,גרמים,680.00,100 גרם,false,1,16.70,2.46,true,1,
4607065580070,false,איטריות להכנה מהירה קויסטי בקר 70 גר קוי,,,איטריות להכנה מהירה,גרמים,70.00,100 גרם,false,1,3.50,5.00,true,1,
4607065580087,false,איטריות להכנה מהירה קויסטי עוף 70 גר קוי,,,תבשיל אטריות להכנה מ,Unknown,0.00,Unknown,false,1,3.50,3.50,true,1,
4607065580094,false,תבשיל אטריות פטריות 70 ג DOSHIRAK QUISTY,,UA,תבשיל אטריות פטריות,גרמים,70.00,100 גרם,false,1,3.50,5.00,true,1,
4607065580193,false,דושירק בטעם טלה 90 גרם,,,דושירק בטעם טלה 90 ג,גרמים,90.00,100 גרם,false,1,9.90,11.00,true,1,
4607065580216,false,דושירק בטעם בקר 90 גרם,,,מרק דושירק בטעם בקר,גרמים,90.00,100 גרם,false,1,9.90,11.00,true,1,
4607065580223,false,דושירק בטעם עוף 90 גרם,,,דושירק בטעם עוף 90 ג,גרמים,90.00,100 גרם,false,1,9.90,11.00,true,1,
4607065580230,false,דושירק בטעם פטריות 90 גרם,,,דושירק בטעם פטריות 9,גרמים,90.00,100 גרם,false,1,9.90,11.00,true,1,
4607065580247,false,דושירק בטעם בקון 90 גר,,,דושירק בטעם בקון 90,גרמים,90.00,100 גרם,false,1,9.90,11.00,true,1,
4607065580278,false,פירה דושירק בטעם בקר 40 גר,,UA,"פירה תפו""א בטעם בקר",גרמים,40.00,100 גרם,false,1,5.90,14.75,true,1,
4607065580285,false,פירה דושירק בטעם פטריות 40 גר,,UA,"פירה תפו""א בטעם פטרי",גרמים,40.00,100 גרם,false,1,5.90,14.75,true,1,
4607065580575,false,תבשיל אטריות להכנה מהירה בטעם בקר 110 גר,DOSHIRAK,,תבשיל אטריות להכנה מ,גרמים,110.00,100 גרם,false,1,11.90,10.82,true,1,
4607065580643,false,"מרק תפו""א בטעם עוף 30 גר DOSHIRAK",,UA,"מרק תפו""א בטעם עוף 3",גרמים,30.00,100 גרם,false,1,5.90,19.67,true,1,
4607065580650,false,"מרק תפו""א בטעם גבינה 30 גר DOSHIRAK",,UA,"מרק תפו""א בטעם גבינה",גרמים,30.00,100 גרם,false,1,5.90,19.67,true,1,
4607067937537,false,גלידה כוס פלומביר פילבסקי 90 גר,iceberry,,גלידה כוס פלומביר פי,גרמים,90.00,100 גרם,false,1,6.90,7.67,true,1,
4607067937698,false,גלידה כוס פלומביר וולגודסקי 100 גרם,,,גלידה כוס פלומביר וו,גרמים,100.00,100 גרם,false,1,6.90,6.90,true,1,
4607084351385,false,עוגיות 360 גרם CHOCO-PIE,,RU,עוגיות 360 גרם CHOCO,גרמים,360.00,100 גרם,false,1,15.60,4.33,true,1,
4607084352061,false,עוגיות 360 גרם DARK CHOCO-PIE,לוט.ק.פ,RU,עוגיות 360 גרם DARK,גרמים,360.00,100 גרם,false,1,18.70,5.19,true,1,
4607084352115,false,עוגיות 360 גר ORION CHOCO-PIE ORANGE,לוט.ק.פ,RU,עוגיות 360 גר ORION,גרמים,360.00,100 גרם,false,1,14.90,4.14,true,1,
4607084352542,false,עוגיות 360 גר ORION* CHOCO-PIE MANGO,לוט.ק.פ,RU,עוגיות 360 גר ORION*,גרמים,360.00,100 גרם,false,1,14.90,4.14,true,1,
4607084352931,false,עוגיות שוקו פאי תפוח,לוט.ק.פ,RU,עוגיות 360 גר CHOCO-,גרמים,360.00,100 גרם,false,1,14.90,4.14,true,1,
4607084410891,false,לציו פלפל מתוק ברוטב עגבניות 490 גר EKO,,RU,לציו פלפל מתוק ברוטב,גרמים,490.00,100 גרם,false,1,13.90,2.84,true,1,
4607084419375,false,שעועית לבנה עם פטריות בסגנון יווני 510ג,,RU,שעועית לבנה עם פטריו,גרמים,510.00,100 גרם,false,1,13.90,2.73,true,1,
4607099091689,false,פופקורן בטעם ריבת חלב 99 גרם,,LV,פופקורן בטעם ריבת חל,גרמים,99.00,100 גרם,false,1,4.50,4.55,true,1,
4607117890690,false,סוכריות רומשקי 250 גרם,רוט פרונט,,סוכריות רומשקי 250 ג,גרמים,250.00,100 גרם,false,1,14.90,5.96,true,1,
4607117890713,false,פרלין קראסני מאק 250 גרם,רוט פרונט,,פרלין קראסני מאק 250,גרמים,250.00,100 גרם,false,1,19.80,7.92,true,1,
4607117890720,false,פרלין שוקולד מסקה 250 גרם,רוט פרונט,,פרלין שוקולד מסקה 25,גרמים,250.00,100 גרם,false,1,17.90,7.16,true,1,
4607117890768,false,סוכריות מוסקביצקה 250 גרם,רוט פרונט,,סוכריות מוסקביצקה 25,גרמים,250.00,100 גרם,false,1,13.90,5.56,true,1,
4607117890812,false,סוכריות דיושס 250 גרם,רוט פרונט,,סוכריות דיושס 250 גר,גרמים,250.00,100 גרם,false,1,8.90,3.56,true,1,
4607117890843,false,סוכריות רקוביה שייקה 250 גרם,,,סוכריות רקוביה שייקה,גרמים,250.00,100 גרם,false,1,13.90,5.56,true,1,
4607117890874,false,קרמל מיצטה 250 גרם,רוט פרונט,,קרמל מיצטה 250 גרם,גרמים,250.00,100 גרם,false,1,8.90,3.56,true,1,
4607117890881,false,קרמל לימונציקי 250 גרם,רוט פרונט,,קרמל לימונציקי 250 ג,גרמים,250.00,100 גרם,false,1,8.90,3.56,true,1,
4607117890904,false,סוכריות לסטוצקה 250 גרם,רוט פרונט,,סוכריות לסטוצקה 250,גרמים,250.00,100 גרם,false,1,13.90,5.56,true,1,
4607117890973,false,סוכריות בטונציק רוט - פרונט 250 גרם,רוט פרונט,,סוכריות בטונציק רוט,גרמים,250.00,100 גרם,false,1,17.70,7.08,true,1,
4607117891802,false,סוכריות קראקום 250 גרם,רוט פרונט,,סוכריות קראקום 250 ג,גרמים,250.00,100 גרם,false,1,19.90,7.96,true,1,
4607123379110,false,"ברנדי דגסט 5 כוכבים 500 מ""ל",,,ברנדי דגסט 5 כוכבים,מיליליטרים,500.00,"100 מ""ל",false,1,62.90,12.58,true,1,
4607123920121,false,"ברנדי קיזליאר 3 שנים 500 מ""ל",,,ברנדי קיזליאר 3 שנים,מיליליטרים,500.00,"100 מ""ל",false,1,84.90,16.98,true,1,
4607123920220,false,"ברנדי קיזליאר 5 שנים 500 מ""ל",,,ברנדי קיזליאר 5 שנים,מיליליטרים,500.00,"100 מ""ל",false,1,89.90,17.98,true,1,
4607123920428,false,"ברנדי קיזליאר קבבק 500 מ""ל",,,"ברנדי קיזליאר 500 מ""",מיליליטרים,500.00,"100 מ""ל",false,1,109.90,21.98,true,1,
4607126190231,false,פת פריכה עם קמח תירס 80 גר 80 גר ELIZOV,,,פת פריכה עם קמח תיר,גרמים,80.00,100 גרם,false,1,9.90,12.38,true,1,
4607126190521,false,פת פריכה קמח שיפון עם סובין 85 ELIZOVET,,,פת פריכה קמח שיפון ע,גרמים,85.00,100 גרם,false,1,9.90,11.65,true,1,
4607144732468,false,עוגיות קורובקה חלב 375 גרם,סמרה,,עוגיות קורובקה חלב 3,גרמים,375.00,100 גרם,false,1,15.90,4.24,true,1,
4607144733502,false,זפיר סלדקיי איסטוריי עם תות 250 גר,סמרה,,זפיר סלדקיי איסטוריי,גרמים,250.00,100 גרם,false,1,13.90,5.56,true,1,
4607144733526,false,זפיר סלדקיי איסטוריי קרם ברולה 250 גרם,סמרה,,זפיר סלדקיי איסטוריי,גרמים,250.00,100 גרם,false,1,13.90,5.56,true,1,
4607144733625,false,זפיר סלדקיי איסטוריי עם חמוציות 250 גר,סמרה,,זפיר סלדקיי איסטוריי,גרמים,250.00,100 גרם,false,1,13.90,5.56,true,1,
4607144734370,false,עוגיות קורובקה סוכר בטעם חלב 375 גר,,,עוגיות קורובקה סוכר,גרמים,375.00,100 גרם,false,1,13.90,3.71,true,1,
4607144734387,false,עוגיות קורובקה עם חלב מרוכז 375 גר,,,עוגיות קורובקה עם חל,גרמים,375.00,100 גרם,false,1,13.90,3.71,true,1,
4607931605210,false,"משקה דיושס 500 מ""ל",RASSVET,,משקה דיושס 500 מל,מיליליטרים,500.00,"100 מ""ל",false,1,9.90,1.98,true,1,
4607931605227,false,"משקה טרחון 500 מ""ל",RASSVET,,משקה טרחון 500 מל,מיליליטרים,500.00,"100 מ""ל",false,1,9.90,1.98,true,1,
4607931605234,false,"משקה לימונד 500 מ""ל",RASSVET,,משקה לימונד 500 מל,מיליליטרים,500.00,"100 מ""ל",false,1,9.90,1.98,true,1,
4607931605241,false,"משקה ברבריס 500 מ""ל",RASSVET,,משקה ברבריס 500 מל,מיליליטרים,500.00,"100 מ""ל",false,1,9.90,1.98,true,1,
4607931605654,false,"משקה מוחיטו 500 מ""ל",משקה,,משקה מוחיטו 500 מל,מיליליטרים,500.00,"100 מ""ל",false,1,9.90,1.98,true,1,
4607952850156,false,קוויאר אדום צנצנת 230 גרם,,,קוויאר אדום צנצנת 23,גרמים,230.00,100 גרם,false,1,115.00,50.00,true,1,
4610018570073,false,קוויאר אדום פחית 95,א.ר.ד.י.ו,,קוויאר בפחית 95 גר,גרמים,95.00,100 גרם,false,1,39.90,42.00,true,1,
4610018570455,false,קוויאר אדום צנצנת 500 גרם,,,קוויאר אדום צנצנת 50,גרמים,500.00,100 גרם,false,1,240.00,48.00,true,1,
4610028891625,false,ריבה פטל שחור 440 גר ZOLOTOI UROJAI,,AM,ריבה פטל שחור 440 גר,גרמים,440.00,100 גרם,false,1,16.90,3.84,true,1,
4610028891724,false,ריבה חבושים 440 גר ZOLOTOI UROJAI,,AM,ריבה חבושים 440 גר Z,גרמים,440.00,100 גרם,false,1,16.90,3.84,true,1,
4610028891748,false,ריבה תאנים 440 גר ZOLOTOI UROJAI,,AM,ריבה תאנים 440 גר ZO,גרמים,440.00,100 גרם,false,1,16.90,3.84,true,1,
4610028891823,false,ריבה אגוזי מלך 440 גר ZOLOTOI UROJAI,,AM,ריבה אגוזי מלך 440 ג,גרמים,440.00,100 גרם,false,1,17.90,4.07,true,1,
4610082660069,false,שוקולד מריר עם שקדים וסטוויה 90 ג,,,שוקולד מריר עם שקדים,גרמים,90.00,100 גרם,false,1,11.90,13.22,true,1,
4610082660731,false,"סוכריות טראפל שוקולד ללת""ס 150 גר",,,סוכריות טראפל שוקולד,גרמים,150.00,100 גרם,false,1,15.90,10.60,true,1,
4610082860124,false,פתיתי 5 דגנים עם משמש 240 גרם,אובלקה,,פתיתי 5 דגנים עם משמ,גרמים,240.00,100 גרם,false,1,13.90,5.79,true,1,
4610082860131,false,פתיתי 5 דגנים עם שזיף מיובש 240 גרם,אובלקה,,פתיתי 5 דגנים עם שזי,גרמים,240.00,100 גרם,false,1,13.90,5.79,true,1,
4612497002175,false,תערובת פטריות יער 300 גר,וולוגודסקיה יאגודה,,תערובת פטריות יער 30,גרמים,300.00,100 גרם,false,1,16.90,5.63,true,1,
4612497002182,false,פטריות קפואות מיקס 300 גר,,,פטריות קפואות מיקס 3,גרמים,300.00,100 גרם,false,1,16.90,5.63,true,1,
4620004252074,false,מרמלד גלי בטעם דובדבן 300 גרם AZ,אזוב,RU,ממתקי גלי דובדבן חמו,גרמים,300.00,100 גרם,false,1,13.90,4.63,true,1,
4620004252661,false,ממתקי גלי דומדמניות שחורות 300 גר AZOV,CFACTORY AZOV,RU,ממתקי גלי דומדמניות,גרמים,300.00,100 גרם,false,1,13.90,4.63,true,1,
4620015850351,false,תה ירוק 36 גרם HUGO COCTAIL CURTIS,או א.או מאי קומפני,,תה ירוק 36 גרם HUGO,Unknown,0.00,Unknown,false,1,14.60,14.60,true,1,
4620015850603,false,תה ירוק ריצירד רויאל 2*100 שקי 200 גר,או א.או מאי קומפני,RU,תה ירוק ריצירד רויאל,גרמים,200.00,100 גרם,false,1,19.90,9.95,true,1,
4620015851044,false,תה ירוק כורטיס פיטיה לבנה 20 שקיקים,או א.או מאי קומפני,,תה ירוק כורטיס פיטיה,Unknown,0.00,Unknown,false,1,14.60,14.60,true,1,
4620015851068,false,תה שחור 20 שקיקים 36 גר TRUFFLE CURTIS,זא א או מאי קומפני,,תה שחור 20 שקיקים 36,Unknown,0.00,Unknown,false,1,14.60,14.60,true,1,
4620015851624,false,תה שחור ריצירד 30 גר ROYAL HEART,,,תה שחור ריצירד 30 גר,Unknown,0.00,Unknown,false,1,18.70,18.70,true,1,
4620015851778,false,תה שחור RICHARD* ENG.BREAKFAST*,או א.או מאי קומפני,RU,תה שחור RICHARD* ENG,גרמים,200.00,100 גרם,false,1,19.90,9.95,true,1,
4620015851860,false,תה שחור ריצירד רויאל מיס גראי 20 שקיקים,או א.או מאי קומפני,,תה שחור ריצירד רויאל,Unknown,0.00,Unknown,false,1,14.60,14.60,true,1,
4620015851877,false,תה שחור ריצירד רויאל צילון 20 שקיקים,או א.או מאי קומפני,,תה שחור ריצירד רויאל,Unknown,0.00,Unknown,false,1,14.60,14.60,true,1,
4620015851884,false,תה ירוק ריצירד רויאל ליימ מינט 20 שקיקים,או א.או מאי קומפני,,תה ירוק ריצירד רויאל,Unknown,0.00,Unknown,false,1,14.60,14.60,true,1,
4620015852553,false,תה שחור כורטיס פירות יער כחול בלוז 20 שק,או א.או מאי קומפני,,תה שחור כורטיס,Unknown,0.00,Unknown,false,1,14.60,14.60,true,1,
4620015852966,false,תה שחור ריצירד 20 שקיקים GRAPE ROYAL,או א.או מאי קומפני,RU,תה שחור ריצירד 20 שק,Unknown,0.00,Unknown,false,1,14.60,14.60,true,1,
4620015852973,false,תה פירות ריצירד 20 שקיקים ROYAL RED,או א.או מאי קומפני,RU,תה פירות ריצירד 20 ש,Unknown,0.00,Unknown,false,1,14.60,14.60,true,1,
4620015852980,false,תה ירוק ריצירד 20 שקיקים ROYAL MILK OOL,או א.או מאי קומפני,RU,תה ירוק ריצירד 20 שק,Unknown,0.00,Unknown,false,1,14.60,14.60,true,1,
4620016240021,false,"קרם גל לפרקים וכאבים 500 מ""ל",,RU,קרם גל לפרקים וכאבים,מיליליטרים,500.00,"100 מ""ל",false,1,124.90,24.98,true,1,
4620016960356,false,תערובת תבליני לתפוח אדמה פריפרבקה 15 גר,PRIPRAVKA RU,,תערובת תבליני לתפוח,Unknown,0.00,Unknown,false,1,3.90,3.90,true,1,
4620016960417,false,תערובת תבלין לפלוב פריפרבקה 15 גר,PRIPRAVKA RU,,תבלין לפלוב 30 גר פר,Unknown,0.00,Unknown,false,1,3.90,3.90,true,1,
4620016960424,false,תבלין לדגים פריפרבקה 15 גר,PRIPRAVKA RU,,תבלין לדגים פריפרבקה,Unknown,0.00,Unknown,false,1,3.90,3.90,true,1,
4620016960486,false,תבלין שיפודים פריפרבקה 15 גר,PRIPRAVKA RU,,תבלין שיפודים פריפרב,Unknown,0.00,Unknown,false,1,3.90,3.90,true,1,
4620016960738,false,תבלין לעוף פריפרבקה 15 גר,PRIPRAVKA RU,,תבלין לעוף פריפרבקה,Unknown,0.00,Unknown,false,1,3.90,3.90,true,1,
4627084680346,false,"רוטב רימונים נארשארב קרל 300 מ""ל",,,רוטב רימונים נארשארב,מיליליטרים,300.00,"100 מ""ל",false,1,19.90,6.63,true,1,
4630016490074,false,"משקה מוגז לימון ליים 500 מ""ל SAN SLAVIA",SAN SLAVIA,,משקה מוגז לימון ליים,מיליליטרים,500.00,"100 מ""ל",false,1,10.50,2.10,true,1,
4630016490081,false,"משקה מוגז טעם אגס 500 מ""ל SAN SLAVIA",SAN SLAVIA,,משקה מוגז טעם אגס 50,מיליליטרים,500.00,"100 מ""ל",false,1,10.50,2.10,true,1,
4630016490135,false,"משקה מוגז מוחיטו תות 500 מ""ל SAN SLAVIA",SAN SLAVIA,,משקה מוגז מוחיטו תות,מיליליטרים,500.00,"100 מ""ל",false,1,10.50,2.10,true,1,
4630016490159,false,"משקה מוגז טרחון 500 מ""ל SAN SLAVIA",SAN SLAVIA,,משקה מוגז טרחון 500,מיליליטרים,500.00,"100 מ""ל",false,1,10.50,2.10,true,1,
4630016491453,false,"משקה מוגז טעם תות בננה 500 מ""ל SAN SLAVI",SAN SLAVIA,,משקה מוגז טעם תות בנ,מיליליטרים,500.00,"100 מ""ל",false,1,10.50,2.10,true,1,
4630038370828,false,עגבניות כבושות במלח דוד וניה 950 גר,,,עגבניות כבושות במלח,גרמים,950.00,100 גרם,false,1,16.70,1.76,true,1,
4630049326746,false,"שמן חמניות בראביטה 870 מ""ל",,,שמן חמניות בראביטה 8,מיליליטרים,870.00,"100 מ""ל",false,1,13.90,1.60,true,1,
4630073800069,false,בלינצס במילוי דובדבן 350 גרם,,RU,בלינצס במילוי דובדבן,גרמים,350.00,100 גרם,false,1,12.90,3.69,true,1,
4640001890031,false,סודה לשתייה 500 גר,או או או בשקיריה,,סודה לשתייה 500 גר,גרמים,500.00,100 גרם,false,1,10.90,2.18,true,1,
4640018993350,false,פיניש קוואנטום קפסולות ג'ל למדיח כלים לימון 30 יח',רקיט בנקיזר,PL,טבליות למדיח פיניש ק,Unknown,0.00,Unknown,false,1,34.90,34.90,true,1,
4640018993398,false,פיניש קוואנטום 60 יח' קפסולות ג'ל למדיח כלים,רקיט בנקיזר,,טבליות למדיח פיניש ק,Unknown,0.00,Unknown,false,1,62.90,62.90,true,1,
4640174750132,false,קטשופ עם פלפל מתוק ב,,,קטשופ עם פלפל מתוק ב,Unknown,1.00,Unknown,false,1,6.50,6.50,true,1,
4640174750217,false,קטשופ עם חתיכות עגבנ,,,קטשופ עם חתיכות עגבנ,Unknown,1.00,Unknown,false,1,6.50,6.50,true,1,
4640174750231,false,קטשופ עם פלפל וחרדל,,,קטשופ עם פלפל וחרדל,Unknown,1.00,Unknown,false,1,6.50,6.50,true,1,
4660011131023,false,עוגה פלומביר 750 ג' Plombir,,,עוגה פלומביר 750 גרם,גרמים,750.00,100 גרם,false,1,54.90,7.32,true,1,
4660011134529,false,עוגה שלושה שוקולדים 800 גרם,,,עוגה שלושה שוקולדים,גרמים,800.00,100 גרם,false,1,79.90,9.99,true,1,
4660011135120,false,סט עוגות אישיות אישיות ריבת חלב 300 גרם,,,סט עוגות אישיות אישי,גרמים,300.00,100 גרם,false,1,25.90,8.63,true,1,
4660013940456,false,שוקולד מריר 55% פובדה 250 גר,POBEDA,RU,שוקולד מריר 55% פובד,גרמים,250.00,100 גרם,false,1,14.90,5.96,true,1,
4660013940463,false,שוקולד מריר 50% פובדה 250 גר,POBEDA,RU,שוקולד מריר 50% פובד,גרמים,250.00,100 גרם,false,1,14.90,5.96,true,1,
4660013940500,false,שוקולד 30% קקאו אקסטרה קרימי פובדה 250 ג,,RU,שוקולד 30% קקאו אקסט,גרמים,250.00,100 גרם,false,1,14.90,5.96,true,1,
4660013945703,false,שוקולד חלב ללא סוכר עם סטוויה 100 גר,,RU,שוקולד חלב ללא סוכר,גרמים,100.00,100 גרם,false,1,11.90,11.90,true,1,
4660013949534,false,בונבוניירה שוקולד מתנת כריסטמס 500 גר,,RU,בונבוניירה שוקולד מת,גרמים,500.00,100 גרם,false,1,39.90,7.98,true,1,
4665270950989,false,אורז לפלוב 800 גרם זאקרומה,,,אורז לפלוב 800 גרם ז,גרמים,800.00,100 גרם,false,1,11.90,1.49,true,1,
4670001495035,false,קוואס יאחונט 2 ליטר,,RU,קוואס יאחונט 2 ליטר,ליטרים,0.00,ליטר,false,1,18.90,18.90,true,1,
4680009730021,false,דובשניות סחרניה בטעם וניל 500 גר BKK,,RU,דובשניות סחרניה בטעם,גרמים,500.00,100 גרם,false,1,13.90,2.78,true,1,
4680009730045,false,דובשניות סחרניה בטעם דבש 500 גר BKK,,RU,דובשניות סחרניה בטע,גרמים,500.00,100 גרם,false,1,13.90,2.78,true,1,
4680009734395,false,בייגל בטעם וניל 500 גר BKK,BKK,,בייגל בטעם וניל 500,גרמים,500.00,100 גרם,false,1,13.90,2.78,true,1,
4680009735859,false,דובשניות עם מילוי בטעם דובדבנים 500 גר,,,דובשניות עם מילוי בט,גרמים,500.00,100 גרם,false,1,16.90,3.38,true,1,
4680036910151,false,"תמד עם נענע 4.0% 450 מ""ל",,,תמד עם נענע 4.0% 450,מיליליטרים,450.00,"100 מ""ל",false,1,13.50,3.00,true,1,
4680036910199,false,בירה קראפט APA וולפב,,,"בירה קראפט 450 מ""ל A",מיליליטרים,450.00,"100 מ""ל",false,1,13.50,3.00,true,1,
4680036910298,false,"בירה זיגולי 900 מ""ל",,,"בירה זיגולי 900 מ""ל",מיליליטרים,900.00,"100 מ""ל",false,1,17.50,1.94,true,1,
4680036912940,false,"בירה גיגולי 0.5% אלכוהול 450 מל"" פחית",,RU,בירה גיגולי 0.5% אלכ,מיליליטרים,450.00,"100 מ""ל",false,1,7.90,1.76,true,1,
4680036914036,false,IPAגגולי קראפט 4.5% לא מסונן 450 מל,אוזרסקי סובניר,,IPAגגולי קראפט 4.5%,מיליליטרים,450.00,"100 מ""ל",false,1,13.50,3.00,true,1,
4680036914982,false,"בירה זיגולי משי 450 מ""ל פחית",,,בירה זיגולי משי 450,מיליליטרים,450.00,"100 מ""ל",false,1,10.90,2.42,true,1,
4680036915002,false,"בירה גיגולי חיטה 450 מ""ל בקבוק",,,בירה גיגולי חיטה 450,מיליליטרים,500.00,"100 מ""ל",false,1,10.90,2.18,true,1,
4680036915934,false,בירה זיגולי בק 450 מ,,,בירה זיגולי 450 מל,מיליליטרים,450.00,"100 מ""ל",false,1,10.90,2.42,true,1,
4680036919475,false,"בירה גיגולי 4.5% נפח כהל 1968 430 מ""ל",,,בירה גיגולי 4.5% נפח,מיליליטרים,430.00,"100 מ""ל",false,1,10.90,2.53,true,1,
4699302736913,false,חטיפי פיתה לבשיקי בצל ירוק 100 גר,אזארוב,,חטיפי פיתה אזאר לבשי,גרמים,100.00,100 גרם,false,1,8.90,8.90,true,1,
4710068001692,false,"מאסטר קפה לאטה פחית 240 מ""ל",תאיט מרקטינג אנד דיסטריב,,מאסטר קפה לאטה 240 מ,מיליליטרים,240.00,"100 מ""ל",false,1,7.90,3.29,true,1,
4710068001715,false,"מאסטר קפה טירמיסו פחית 240 מ""ל",יוני פרזינדנט אנטרפר,,מאסטר קפה טירמיסו 24,מיליליטרים,240.00,"100 מ""ל",false,1,7.90,3.29,true,1,
4710068001739,false,"מאסטר קפה קולומביאני 240 מ""ל",יוני פרזינדנט אנטרפר,,מאסטר קפה קולוביאני,מיליליטרים,250.00,"100 מ""ל",false,1,7.90,3.16,true,1,
4710068002798,false,מאסטר קפה וונילה פחית 240 מל,מאיטה פוד אינדוסטריאל קו,,מאסטר קפה וניל 240 מ,מיליליטרים,240.00,"100 מ""ל",false,1,7.90,3.29,true,1,
4710068002811,false,"מאסטר קפה וונילה 240 מ""ל",,,מאסטר קפה וונילה 24,מיליליטרים,240.00,"100 מ""ל",false,1,7.90,3.29,true,1,
4710964104916,false,"שמן שומשום טהור 370 מ""ל (כ)",פלייבור פול פודס טיי,,שמן שומשום טהור 370,מיליליטרים,370.00,"100 מ""ל",false,1,20.90,5.65,true,1,
4710964170799,false,שומשום שחור קלוי 91 גרם,פלייבור פול פודס טיי,,שומשום שחור קלוי 91,גרמים,91.00,100 גרם,false,1,16.90,18.57,true,1,
4740098079309,false,"סיידר ""FIZZ"" אוכמניות 500 מ""ל","""cesu alus""",,"סיידר ""FIZZ"" אוכמניו",מיליליטרים,500.00,"100 מ""ל",false,1,8.20,1.64,true,1,
4740098079316,false,"סיידר ""FIZZ"" תות שדה 500 מ""ל","""cesu alus""",,"סיידר ""FIZZ"" תות שדה",מיליליטרים,500.00,"100 מ""ל",false,1,8.20,1.64,true,1,
4740098079323,false,סיידר אלכוהול אגס 0.,"""cesu alus""",,"סיידר ""FIZZ"" אגס 500",מיליליטרים,500.00,"100 מ""ל",false,1,8.20,1.64,true,1,
4740098084440,false,"סיידר ""FIZZ"" תפוח עץ 500 מ""ל","""cesu alus""",,"סיידר ""FIZZ"" תפוח עץ",מיליליטרים,500.00,"100 מ""ל",false,1,8.20,1.64,true,1,
4740098098331,false,"קוקטייל בלו לגון אה לה קוק 330 מ""ל",אה לי קוק,,קוקטייל בלו לגון אה,מיליליטרים,330.00,"100 מ""ל",false,1,11.90,3.61,true,1,
4740098098355,false,"קוקטייל מוחיטו אה לה קוק 330 מ""ל",אה לי קוק,,קוקטייל מוחיטו אה לה,מיליליטרים,330.00,"100 מ""ל",false,1,11.90,3.61,true,1,
4740098098379,false,"קוקטייל מרגריטה אה לה קוק 330 מ""ל",אה לי קוק,,קוקטייל מרגריטה אה ל,מיליליטרים,330.00,"100 מ""ל",false,1,11.90,3.61,true,1,
4740098098393,false,"קוקטייל און דה ביץ אה לה קוק 330 מ""ל",אה לי קוק,,קוקטייל און דה ביץ,מיליליטרים,330.00,"100 מ""ל",false,1,11.90,3.61,true,1,
4750001008869,false,בונבוניירה אסורטי מריר 70% לאימה 360 גר,LAIMA,,בונבוניירה אסורטי מר,גרמים,360.00,100 גרם,false,1,39.90,11.08,true,1,
4750001814743,false,בונבוניירה ורדים אדומים 470 גר LAIMA,LAIMA,,בונבוניירה ורדים אדו,גרמים,470.00,100 גרם,false,1,39.90,8.49,true,1,
4750001816617,false,שוקולד מריר ליימה 100 גרם,LAIMA,LV,שוקולד מריר אקסטרה 1,גרמים,100.00,100 גרם,false,1,5.50,5.50,true,1,
4750001817911,false,בונבוניירה PROZIT קריסמס 180 גר,LAIMA,,בונבוניירה PROZIT קר,גרמים,180.00,100 גרם,false,1,22.90,12.72,true,1,
4750001819717,false,אסורטי קריסמס מריר לאימה 720 ג CONGRATS,LAIMA,LV,LAIMA CONGRATS אסורט,גרמים,720.00,100 גרם,false,1,77.90,10.82,true,1,
4750001948110,false,אסורטי שוקולד מריר 70% 215 גרם LAIMA,LAIMA,,אסורטי שוקולד מריר 7,גרמים,215.00,100 גרם,false,1,28.90,13.44,true,1,
4750001948127,false,אסורטי שוקולד מריר 215 גרם LAIMA,LAIMA,,אסורטי שוקולד מריר 2,גרמים,215.00,100 גרם,false,1,28.90,13.44,true,1,
4750001950984,false,שוקולד מריר דובדבנים ושקדים 100 גר לאימה,,,שוקולד מריר דובדבנים,גרמים,100.00,100 גרם,false,1,10.90,10.90,true,1,
4750001951141,false,שוקולד מריר אורירי 70% קקאו 90 גר לאימה,,,שוקולד מריר לאימה,גרמים,90.00,100 גרם,false,1,10.90,12.11,true,1,
4750001951592,false,שוקולד מריר 87% קקאו 100 גר לאימה,ORKLA,EE,שוקולד מריר 87% קקאו,גרמים,100.00,100 גרם,false,1,10.90,10.90,true,1,
4750001952674,false,לאימה שוקולד מריר 70% עם שקדים 200 גרם,LAIMA,LV,לאימה שוקולד מריר 70,גרמים,200.00,100 גרם,false,1,19.90,9.95,true,1,
4750001952698,false,לאימה שוקולד מריר אגוזי לוז שלמים 200 גר,,LV,לאימה שוקולד מריר אג,גרמים,200.00,100 גרם,false,1,19.90,9.95,true,1,
4750001952797,false,סירינאדה שוקולד מריר משמש ואגוזים 200 גר,,LV,סירינאדה שוקולד מריר,גרמים,200.00,100 גרם,false,1,19.90,9.95,true,1,
4750001953442,false,אסורטי קריסמס שוקולד 70% 215 גרם לימה,ORKLA,LT,אסורטי קריסמס שוקולד,גרמים,215.00,100 גרם,false,1,28.90,13.44,true,1,
4750001955361,false,מבחר שוקולד כריסמאס 186גר 1/8,,LV,מבחר שוקולד כריסמאס,גרמים,186.00,100 גרם,false,1,25.90,13.92,true,1,
4750001955507,false,LAIMA עוגות וופל 350 גר 18 יח,,LV,LAIMA עוגות וופל 350,גרמים,350.00,100 גרם,false,1,23.90,6.83,true,1,
4750001955545,false,LAIMA עוגות וופל בלוצקה 350 גר 18 יח,,LV,LAIMA עוגות וופל בלו,גרמים,350.00,100 גרם,false,1,23.90,6.83,true,1,
4750001955743,false,שוקולד מריר חתיכות קקאו ורום 100גORKLA,ORKLA,,שוקולד מריר חתיכות ק,גרמים,100.00,100 גרם,false,1,10.90,10.90,true,1,
4750007897375,false,ביסקויט חיות לאימה 500 גרם,,,ביסקויט חיות לאימה 5,גרמים,500.00,100 גרם,false,1,12.50,2.50,true,1,
4750010492826,false,שפרוטים מעושנים ריגה בצנצנת 250 גר,,LV,שפרוטים מעושנים ריגה,גרמים,250.00,100 גרם,false,1,15.60,6.24,true,1,
4750011851219,false,ג`לי מצופה שוקולד מריר דומדמנית 190 גרם,,LV,גלי מצופה שוקולד מרי,גרמים,190.00,100 גרם,false,1,18.90,9.95,true,1,
4750021008665,false,"וודקה ריגה בלאק קרנברי 700 מ""ל",,,וודקה ריגה בלאק קרנב,מיליליטרים,700.00,"100 מ""ל",false,1,51.90,7.41,true,1,
4750021101380,false,"ריגה בלזם בלאק 700 מ""ל",אס פי אי,,ריגה בלזם בלאק 700 מ,מיליליטרים,700.00,"100 מ""ל",false,1,104.90,14.99,true,1,
4750021201295,false,"וודקה ריגה בלאק 500 מ""ל",,,וודקה ריגה בלאק 500,מיליליטרים,500.00,"100 מ""ל",false,1,41.90,8.38,true,1,
4750021201592,false,וודקה 1 ליור RIGA BLACK,,,וודקה 1 ליטר RIGA BL,מיליליטרים,1000.00,"100 מ""ל",false,1,83.90,8.39,true,1,
4750021221361,false,"וודקה 700 מ""ל RIGA BLACK",,,"וודקה 700 מ""ל RIGA B",מיליליטרים,700.00,"100 מ""ל",false,1,51.90,7.41,true,1,
4750022002167,false,שימורי חמציץ 530 גר SPILVA,,LV,שימורי חמציץ 530 גר,גרמים,530.00,100 גרם,false,1,20.90,3.94,true,1,
4750022686190,false,רוטב מנגו צילי 285 גר SPILVA,,LV,רוטב מנגו צילי 285 ג,גרמים,285.00,100 גרם,false,1,20.90,7.33,true,1,
4750022781253,false,"רוטב בלסמי 270 מ""ל SPILVA",,,"רוטב בלסמי 270 מ""ל S",מיליליטרים,270.00,"100 מ""ל",false,1,12.90,4.78,true,1,
4750024001908,false,טוגני תפוחי אדמה בטעם שמיר 130 גר TAFFEL,,LV,טוגני תפוחי אדמה בטע,גרמים,130.00,100 גרם,false,1,15.90,12.23,true,1,
4750024002011,false,"טוגני תפ""א בטעם ציניצורי 130 גר TAFFEL",,LV,"טוגני תפ""א בטעם ציני",גרמים,130.00,100 גרם,false,1,15.90,12.23,true,1,
4750024002172,false,"טוגני תפ""א שישליק ובצל מטוגן 130ג TAFFEL",,LV,"טוגני תפ""א שישליק וב",גרמים,130.00,100 גרם,false,1,15.90,12.23,true,1,
4750024002189,false,"טוגני תפ""א שמנת חמוצה ובצל 130 גר TAFFEL",,LV,"טוגני תפ""א שמנת חמוצ",גרמים,130.00,100 גרם,false,1,15.90,12.23,true,1,
4750024002196,false,"טוגני תפ""א בטעם גבינה שמנת 130 גר TAFFEL",,LV,"טוגני תפ""א בטעם גבינ",גרמים,130.00,100 גרם,false,1,15.90,12.23,true,1,
4750042000136,false,משקה אבטיח מלון 1.5 ליטר פרוטו,Cido,,משקה אבטיח מלון 1.5,ליטרים,0.00,ליטר,false,1,15.90,15.90,true,1,
4750042000150,false,משקה פירות שדה 1.5 ליטר פרוטו,Cido,,משקה פירות שדה 1.5,ליטרים,0.00,ליטר,false,1,15.90,15.90,true,1,
4750042000167,false,משקה פירות 1.5 ליטר פרוטו,Cido,,משקה פירות 1.5 ליטר,ליטרים,0.00,ליטר,false,1,15.90,15.90,true,1,
4750042000181,false,נקטר תפוחים 1.5 ליטר פרוטו,Cido,,נקטר תפוחים 1.5 ליטר,ליטרים,0.00,ליטר,false,1,15.90,15.90,true,1,
4750042300878,false,מיץ עגבניות עם מלח ים 1 ליטר CIDO,,,מיץ עגבניות עם מלח י,מיליליטרים,1000.00,"100 מ""ל",false,1,15.90,1.59,true,1,
4750042804215,false,מיץ תפוחים 100% 1 ליטר CIDO,,,מיץ תפוחים 100% 1 לי,מיליליטרים,1000.00,"100 מ""ל",false,1,15.90,1.59,true,1,
4750042804505,false,נקטר דומדמנית שחורה 28% ותפו 1 ליטר CIDO,Cido,,נקטר דומדמנית שחורה,מיליליטרים,1000.00,"100 מ""ל",false,1,15.90,1.59,true,1,
4750042884668,false,נקטר שזיפים 35% 1 ליטר CIDO,Cido,,נקטר שזיפים 35% 1 לי,מיליליטרים,1000.00,"100 מ""ל",false,1,15.90,1.59,true,1,
4750050000104,false,חטיף שוקולד שבבי שוקולד 38 גר,PIENSAIMNIEKS,LV,חטיף שוקולד שבבי,גרמים,38.00,100 גרם,false,1,4.80,12.63,true,1,
4750050000111,false,חטיף שוקולד שבבי קרמל 38 גר,PIENSAIMNIEKS,LV,חטיף שוקולד שבבי קרמ,גרמים,38.00,100 גרם,false,1,4.80,12.63,true,1,
4750050000128,false,חטיף גבינה קרומס פטל,PIENSAIMNIEKS,LV,חטיף שוקולד לבן 38 ג,גרמים,38.00,100 גרם,false,1,4.80,12.63,true,1,
4750050341405,false,חטיף גבינה בטעם וניל,PIENSAIMNIEKS,,חטיף שוקלד טעם וניל,גרמים,60.00,100 גרם,false,1,5.20,8.67,true,1,
4750050341498,false,חטיף גבינה אגוז KARUMS 45 גר,PIENSAIMNIEKS,,חטיף גבינה אגוז 45 ג,גרמים,45.00,100 גרם,false,1,5.20,11.56,true,1,
4750050341511,false,חטיף שוקלד עם גבינה +שבבי שוקולד,PIENSAIMNIEKS,,חטיף שוקלד עם גבינה,גרמים,60.00,100 גרם,false,1,5.20,8.67,true,1,
4750108005259,false,"HAPPY NEW YEAR משקה מוגז ללא אלכוהול 750 מ""ל",,LV,HAPPY NEW YEAR משקה,Unknown,0.00,Unknown,false,1,22.90,22.90,true,1,
4750108005297,false,"SANTA CLAUS משקה מוגז ללא אלכוהול 750 מ""ל",,LV,SANTA CLAUS משקה מוג,Unknown,0.00,Unknown,false,1,22.90,22.90,true,1,
4750108005310,false,"SNOW QUEEN משקה מוגז ללא אלכוהול 750 מ""ל",,LV,SNOW QUEEN משקה מוגז,Unknown,0.00,Unknown,false,1,22.90,22.90,true,1,
4750108005389,false,"משקה מוגז גיונגל בטעם פטל 750 מ""ל",,LV,משקה מוגז גיונגל בט,מיליליטרים,750.00,"100 מ""ל",false,1,22.90,3.05,true,1,
4750108005402,false,משקה מוגז בטעם תות אבראקד 750 מל LIVONIA,,LV,משקה מוגז בטעם תות א,מיליליטרים,750.00,"100 מ""ל",false,1,22.90,3.05,true,1,
4750109157643,false,ממרח על בסיס שמנת חמ,,LV,סמטנה לטביה 200 גרם,גרמים,200.00,100 גרם,false,1,8.90,4.45,true,1,
4750142002078,false,"בירה צסו יורמלה 500 מ""ל","""cesu alus""",LV,בירה צסו יורמלה 500,מיליליטרים,500.00,"100 מ""ל",false,1,7.20,1.44,true,1,
4750142002719,false,"בירה בירה לא מסוננת צסו יורמלה 500 מ""ל","""cesu alus""",LV,בירה בירה לא מסוננת,מיליליטרים,500.00,"100 מ""ל",false,1,7.20,1.44,true,1,
4750142003426,false,"בירה פילסנר פחית 500 מ""ל אקסטרה",צ'סו אלוס,RU,בירה פילזנר אקסטרה 5,מיליליטרים,500.00,"100 מ""ל",false,1,7.20,1.44,true,1,
4750142004980,false,"בירה פרימיום צסו 568 מ""ל","""cesu alus""",,בירה פרימיום צסו 568,מיליליטרים,568.00,"100 מ""ל",false,1,8.90,1.57,true,1,
4750142005000,false,"בירה כהה בוהמיין צסו 568 מ""ל","""cesu alus""",,בירה כהה בוהמיין צסו,מיליליטרים,568.00,"100 מ""ל",false,1,8.90,1.57,true,1,
4750142005062,false,"בירה ברוזה לא מסוננת צסו 568 מ""ל","""cesu alus""",,בירה ברוזה לא מסוננת,מיליליטרים,568.00,"100 מ""ל",false,1,8.90,1.57,true,1,
4750142016518,false,בירה צסו לא מסוננת 5.4% 568 מל,צ'סו אלוס,,בירה צסו לא מסוננת 5,מיליליטרים,568.00,"100 מ""ל",false,1,8.90,1.57,true,1,
4750142021505,false,"בירה PILSENER בהירה 4.7% פחית 500 מ""ל",צ'סו אלוס,,בירה PILSENER בהירה,מיליליטרים,500.00,"100 מ""ל",false,1,7.20,1.44,true,1,
4750163021164,false,לחם ריגה שיפון גרעיני חמניה,,,לחם ריגה שיפון,Unknown,0.00,Unknown,false,1,20.90,20.90,true,1,
4750163986661,false,צנימים שיפון עם שום 180 גר MARIO,,,צנימים שיפון עם שום,גרמים,180.00,100 גרם,false,1,15.90,8.83,true,1,
4750211430412,false,כוסמת עם פטריות שמפיניון 500 גרם KRONIS,,,כוסמת עם פטריות שמפי,גרמים,500.00,100 גרם,false,1,12.00,2.40,true,1,
4750211710415,false,מרק קרוניקס בורש 500,,,"מרק 500 מ""ל BORSH",מיליליטרים,500.00,"100 מ""ל",false,1,12.40,2.48,true,1,
4750211730413,false,מרק קרוניס רסולניק 5,,,מרק 500 גרם KRONIS,גרמים,500.00,100 גרם,false,1,11.40,2.28,true,1,
4750211750411,false,מרק שעועית 500 גרם KRONIS,סיא קרוניס,,מרק שעועית 500 גרם,גרמים,500.00,100 גרם,false,1,12.00,2.40,true,1,
4750211790813,false,מרק חמציץ 500 גרם KRONIS,סיא קרוניס,,מרק חמציץ 500 גרם K,גרמים,500.00,100 גרם,false,1,12.00,2.40,true,1,
4750239003735,false,"משקה בטעם מאלט ""קוואס"" לבן 1.5 ליטר",,,"משקה בטעם מאלט ""קווא",ליטרים,0.00,ליטר,false,1,15.90,15.90,true,1,
4750239577724,false,"משקה בטעם מאלט ""קוואס"" לקלאסי 1.5 ליטר",,,"משקה בטעם מאלט ""קווא",ליטרים,0.00,ליטר,false,1,15.90,15.90,true,1,
4750241000692,false,דבש עם פטל 300 גר VINNIS,,LV,דבש עם פטל 300 גר VI,גרמים,300.00,100 גרם,false,1,32.90,10.97,true,1,
4750616000258,false,שפרוטים גדולים מעושנים בשמן צמחי,בריויאס וילניוס,LV,שפרוטים בשמן ביג 190,גרמים,190.00,100 גרם,false,1,9.90,5.21,true,1,
4750616000593,false,דגי שפרוטים גדולים מעושנים,בריויאס וילניוס,LV,שפרוטים בשמן ריגה 19,גרמים,190.00,100 גרם,false,1,9.90,5.21,true,1,
4750616001194,false,שפרוטים מעושנים ריגה 240 גרם פ.ק,בריויאס וילניוס,LV,שפרוטים בשמן ריגה 24,גרמים,240.00,100 גרם,false,1,9.90,4.13,true,1,
4750616001262,false,שפרוטים בשמן צארסקיה 240 גר BRIVAIS VILNIS,BRINVAS VILNUS,LV,שפרוטים בשמן צארסקיה,גרמים,240.00,100 גרם,false,1,13.50,5.63,true,1,
4750616001361,false,סלאקה מעושנת בשמן 190 גר BRIVAIS VILNIS,בריויאס וילניוס,LV,סלאקה מעושנת בשמן 19,גרמים,190.00,100 גרם,false,1,9.90,5.21,true,1,
4750616001439,false,סרדינים במיץ עגבניות 240 BRIVAIS VILNIS,BRINVAS VILNUS,LV,סרדינים במיץ עגבניות,גרמים,240.00,100 גרם,false,1,10.40,4.33,true,1,
4750616001651,false,דגי שיפרוט גדולים מעושנים בשמן צמחי,בריויאס וילניוס,LV,שפרוטים בשמן ביג 240,גרמים,240.00,100 גרם,false,1,9.90,4.13,true,1,
4750616001804,false,שפרוטים בשמן זית צילי 160 BRIVAIS VILNIS,,,שפרוטים בשמן זית ציל,גרמים,160.00,100 גרם,false,1,11.90,7.44,true,1,
4750616002276,false,קילקה עם צילי במיץ עגבניות 240 גר,בריויאס וילניוס,,קילקה עם צילי במיץ ע,גרמים,240.00,100 גרם,false,1,6.90,2.88,true,1,
4750616002337,false,קילקה במיץ עגבניות בריווס וילנוס 240 גר,בריויאס וילניוס,,קילקה במיץ עגבניות ב,גרמים,240.00,100 גרם,false,1,6.90,2.88,true,1,
4750616002344,false,קילקה עם ירקות במיץ עגבניות 240 גר,בריויאס וילניוס,,קילקה עם ירקות במיץ,גרמים,240.00,100 גרם,false,1,6.90,2.88,true,1,
4750616006564,false,סרדינים על הגריל בשמן זית 190 גר,,,סרדינים על הגריל בשמ,גרמים,190.00,100 גרם,false,1,12.50,6.58,true,1,
4750616006571,false,סרדינים על הגריל בשמן זית עם צילי 190 ג,,,סרדינים על הגריל בשמ,גרמים,190.00,100 גרם,false,1,12.50,6.58,true,1,
4750616006588,false,סרדינים על הגריל עם לימון בשמן זית 190 ג,,,סרדינים על הגריל עם,גרמים,190.00,100 גרם,false,1,12.50,6.58,true,1,
4750817032003,false,סלט סלומון עם ירקות בטעם אסיאתי 240 גר,,LV,סלט סלומון עם ירקות,גרמים,240.00,100 גרם,false,1,7.90,3.29,true,1,
4750817032010,false,סלט סלומון עם ירקות בטעם מקסיקני 240 גר,,LV,סלט סלומון עם ירקות,גרמים,240.00,100 גרם,false,1,7.90,3.29,true,1,
4750817111005,false,פילה סלומון במיץ טבעי 200 ג BEST OF RIGA,ZENTENE,LV,פילה סלומון במיץ טבע,גרמים,200.00,100 גרם,false,1,11.40,5.70,true,1,
4750817111050,false,BEST OF RIGAפילה סלמון ברוטב עגבני 240ג,,,BEST OF RIGAפילה סלמ,גרמים,240.00,100 גרם,false,1,7.90,3.29,true,1,
4750817111616,false,פילה סלומון רוטב עגבניות 200 BEST OF RIG,ZENTENE,LV,פילה סלומון רוטב עגב,גרמים,200.00,100 גרם,false,1,11.40,5.70,true,1,
4750817130808,false,סאיירה במיץ טבעי 240 גר BEST OF RIGA,,,סאיירה במיץ טבעי 240,גרמים,240.00,100 גרם,false,1,10.90,4.54,true,1,
4750817132505,false,פילה קלמרי במיץ טבעי עם שמיר 240 גר,,LV,פילה קלמרי במיץ טבעי,גרמים,240.00,100 גרם,false,1,14.60,6.08,true,1,
4750817133120,false,סרדינה בשמן 240 גר BEST OF RIGA,ZENTENE,LV,סרדינה בשמן 240 גר B,גרמים,240.00,100 גרם,false,1,8.50,3.54,true,1,
4750817136619,false,קילקה ברוטב עגבניות 240 גר BEST OF RIGA,ZENTENE,LV,קילקה ברוטב עגבניות,גרמים,240.00,100 גרם,false,1,5.50,2.29,true,1,
4750817137821,false,מקרל בשמן 240 גר BEST OF RIGA,ZENTENE,LV,מקרל בשמן 240 גר BES,גרמים,240.00,100 גרם,false,1,9.50,3.96,true,1,
4750817138101,false,סאיירה במיץ טבעי בתוספת שמן 240 גר,,,סאיירה במיץ טבעי בתו,גרמים,240.00,100 גרם,false,1,10.90,4.54,true,1,
4750817138125,false,סאיירה בשמן צמחי 240 גר BEST OF RIGA,,,סאיירה בשמן צמחי 240,גרמים,240.00,100 גרם,false,1,10.90,4.54,true,1,
4750817138811,false,סאיירה ברוטב עגבניות 240 גר BEST OF RIG,,,סאיירה ברוטב עגבניות,גרמים,240.00,100 גרם,false,1,10.90,4.54,true,1,
4750817224927,false,שפרוטים מעושנים בשמן צמחי שקוף 240 גר,,LV,שפרוטים מעושנים בשמן,גרמים,240.00,100 גרם,false,1,14.90,6.21,true,1,
4750817424921,false,שפרוטים מעושנים בשמן צמחי,,LV,שפרוטים מעושנים בשמן,גרמים,150.00,100 גרם,false,1,6.90,4.60,true,1,
4751001580348,false,שימורי קילקה ברוטב עגבניות עם צילי 175,GAMMA-A,LV,שימורי קילקה ברוטב ע,גרמים,175.00,100 גרם,false,1,9.90,5.66,true,1,
4751001581475,false,ש.דג ריגה זהב קילקה ברוטב 280 ג צנצ.חדש,GAMMA-A,,ש.דג ריגה זהב קילקה,גרמים,280.00,100 גרם,false,1,9.90,3.54,true,1,
4751002121953,false,לחם שיפון חמוץ מתוק 500 גר,גי.אף.סי,LV,לחם שיפון חמוץ מתוק,גרמים,500.00,100 גרם,false,1,12.90,2.58,true,1,
4751002122325,false,לחם שיפון רזיסקי ריגה 500 גר,גי.אף.סי,LV,לחם שיפון רזיסקי ריג,גרמים,500.00,100 גרם,false,1,12.90,2.58,true,1,
4751002127467,false,לחם שיפון בורודינסקי פרוס 500 גר,סיא פוטרוס פוד,LV,לחם שיפון בורודינסקי,גרמים,500.00,100 גרם,false,1,12.90,2.58,true,1,
4751003924003,false,סלט טונה עם ירקות איטלקי 185 ג' לארסן,,,סלט טונה וירקות איטל,גרמים,185.00,100 גרם,false,1,12.90,6.97,true,1,
4751005700551,false,AMBERFISH שפרוטים מעושנים ברוטב עגבניות 280 גר,PIEJURA,LV,שפרוטים מעושנים ברוט,גרמים,280.00,100 גרם,false,1,16.90,6.04,true,1,
4751005703569,false,שפרוטים מעושנים בשמן 250 גר AMBERFISH,PIEJURA,LV,שפרוטים מעושנים בשמן,גרמים,250.00,100 גרם,false,1,16.90,6.76,true,1,
4751007730488,false,שימירי טונה עם ירקות איטלקי 185 גר,,,שימורי טונה עם ירקות,גרמים,185.00,100 גרם,false,1,10.90,5.89,true,1,
4751007732666,false,פילה סלומון ברוטב עגבניות פיקנטי 170 גר,KARAVELLA,LV,פילה סלומון ברוטב עג,גרמים,170.00,100 גרם,false,1,12.50,7.35,true,1,
4751007732758,false,פילה סלומון (סיומגה) במיץ טבעי 170ג',KARAVELA,,פילה סלמון (סיומגה),גרמים,170.00,100 גרם,false,1,12.50,7.35,true,1,
4751007732840,false,פילה סלמון ברוטב מתובל 170 גרם,KARAVELA,,פילה סלמון ברוטב מתו,גרמים,170.00,100 גרם,false,1,11.90,7.00,true,1,
4751007732864,false,שימורי פילה סלמון ברוטב חרדל 200 גר,KARAVELA,,שימורי פילה סלמון בר,גרמים,200.00,100 גרם,false,1,11.90,5.95,true,1,
4751007732970,false,סלט איטלקי עם סלומון 170 גרם,KARAVELA,,סלט איטלקי עם סלומון,גרמים,170.00,100 גרם,false,1,11.90,7.00,true,1,
4751007732994,false,סלט מקסיקני עם סלומון 170 גרם,KARAVELA,,סלט מקסיקני עם סלומו,גרמים,170.00,100 גרם,false,1,11.90,7.00,true,1,
4751007733007,false,סלט צרפתי עם סלומון 170 גרם,KARAVELA,,סלט צרפתי עם סלומון,גרמים,170.00,100 גרם,false,1,11.90,7.00,true,1,
4751007733236,false,פילה סלומון ברוטב מנגו ופלפל 170 גר,,LV,פילה סלומון ברוטב מנ,גרמים,170.00,100 גרם,false,1,12.50,7.35,true,1,
4751007734004,false,פילה סלמון במיץ טבעי 170 גרם,KARAVELA,,פילה סלמון במיץ טבעי,גרמים,170.00,100 גרם,false,1,11.90,7.00,true,1,
4751007738095,false,סלט סלמון וירקות מקסיקני לארסן 220 גרם,ס.י.א קרבלה,,סלט סלמון וירקות מקס,גרמים,220.00,100 גרם,false,1,11.90,5.41,true,1,
4751007738101,false,סלט סלמון וירקות איטלקי לארסן 220 גרם,ס.י.א קרבלה,,סלט סלמון וירקות איט,גרמים,220.00,100 גרם,false,1,11.90,5.41,true,1,
4751007738156,false,צדפות מעושנות רוטב לימון 120 גר SEA FOOD,,LV,צדפות מעושנות רוטב ל,גרמים,120.00,100 גרם,false,1,12.90,10.75,true,1,
4751007738163,false,צדפות מעושנות ברוטב שום 120 גר SEA FOOD,,LV,צדפות מעושנות ברוטב,גרמים,120.00,100 גרם,false,1,12.90,10.75,true,1,
4751007738385,false,קילקה ברוטב עגבניות 240 גר KARAVELA,,,קילקה ברוטב עגבניות,גרמים,240.00,100 גרם,false,1,3.90,1.63,true,1,
4751007738392,false,שימורי דג שפרוטים מעושנים בשמן צמחי 240ג,,LV,שימורי דג שפרוטים 24,גרמים,240.00,100 גרם,false,1,10.90,4.54,true,1,
4751007738804,false,שימורי דג שפרוטים מעושנים בשמן צמחי 190ג,,LV,שימורי דג שפרוטים 19,גרמים,190.00,100 גרם,false,1,10.90,5.74,true,1,
4751007739535,false,שימורי בשמן עם צילי 160 ג SURIMI,,,שימורי בשמן עם צילי,גרמים,160.00,100 גרם,false,1,20.80,13.00,true,1,
4751007739542,false,שימורי במרינדה עם פטרוזיליה 160 ג SURIMI,,,שימורי במרינדה עם פט,גרמים,160.00,100 גרם,false,1,20.80,13.00,true,1,
4751007739917,false,נתחי דג סלמון במיץ טבעי תומר 185 גרם,,,נתחי דג סלמון במיץ ט,גרמים,185.00,100 גרם,false,1,9.90,5.35,true,1,
4751007739924,false,נתחי דג סלמון ברוטב עגבניות תומר 185 גרם,,,נתחי דג סלמון ברוטב,גרמים,185.00,100 גרם,false,1,9.90,5.35,true,1,
4751008660821,false,ממתק ללא סוכר עם אגוזי לוז סטיביה 90 ג,,,ממתק ללא סוכר עם אגו,גרמים,90.00,100 גרם,false,1,7.50,8.33,true,1,
4751027950026,false,"שוקולד מריר לל""ס שקדים תפוזים 100 גר RED",PIEJURA,LV,"שוקולד מריר לל""ס שקד",גרמים,100.00,100 גרם,false,1,11.90,11.90,true,1,
4751027951122,false,שוקולד ללא סוכר 60% מריר,,LV,שוקולד ללא סוכר 60%,גרמים,26.00,100 גרם,false,1,3.90,15.00,true,1,
4751029290472,false,שימורי ממרח סלמון 240 גרם VILNIS,,LT,שימורי ממרח סלמון 24,גרמים,240.00,100 גרם,false,1,9.90,4.13,true,1,
4751032740315,false,"מרק סוליאנקה 500 מ""ל LATFOOD",DIMDINI,,"מרק סוליאנקה 500 מ""ל",מיליליטרים,500.00,"100 מ""ל",false,1,9.90,1.98,true,1,
4751032740322,false,"מרק חרצו תבלינים קבקזים 500 מ""ל LATFOOD",DIMDINI,,מרק חרצו תבלינים קבק,מיליליטרים,500.00,"100 מ""ל",false,1,9.90,1.98,true,1,
4751032740346,false,"מרק בורשט עם כרוב טרי 500 מ""ל LATFOOD",DIMDINI,,מרק בורשט עם כרוב טר,מיליליטרים,500.00,"100 מ""ל",false,1,9.90,1.98,true,1,
4751032740360,false,"מרק אפונה 500 מ""ל LATFOOD",DIMDINI,,"מרק אפונה 500 מ""ל LA",מיליליטרים,500.00,"100 מ""ל",false,1,9.90,1.98,true,1,
4751033540426,false,שוקולד מריר 80% קקאו 100 גר COLOMBIA,,RU,שוקולד מריר 80% קקאו,גרמים,100.00,100 גרם,false,1,14.90,14.90,true,1,
4760001600024,false,"רוטב רימונים נורשיבר 400 מ""ל",,,רוטב רימונים נורשיבר,מיליליטרים,400.00,"100 מ""ל",false,1,29.90,7.48,true,1,
4760007300461,false,רוטב רימונים נרשרב 450 גר,,AZ,רוטב רימונים נרשרב 4,גרמים,450.00,100 גרם,false,1,27.90,6.20,true,1,
4760013403613,false,וופלים בטעם תות שדה 200 גר SLADOK,,,וופלים בטעם תות שדה,גרמים,200.00,100 גרם,false,1,5.90,2.95,true,1,
4760013403637,false,וופלים בטעם לימון 200 גר SLADOK,,,וופלים בטעם לימון 20,גרמים,200.00,100 גרם,false,1,5.90,2.95,true,1,
4760013403644,false,וופלים בטעם חלב 200 גר SLADOK,,,וופלים בטעם חלב 200,גרמים,200.00,100 גרם,false,1,5.90,2.95,true,1,
4760013404061,false,עוגיות בטעם שמנת וניל 370 גר MOSKVA,,,עוגיות בטעם שמנת וני,גרמים,420.00,100 גרם,false,1,6.90,1.64,true,1,
4760013409554,false,וופלים בטעם חלב 400 גר SLADOK,,,וופלים בטעם חלב 400,גרמים,400.00,100 גרם,false,1,11.90,2.98,true,1,
4760013409585,false,וופלים בטעם קקאו ואגוזי לוז 400 גר,,,וופלים בטעם קקאו ואג,גרמים,400.00,100 גרם,false,1,11.90,2.98,true,1,
4760018504735,false,ריבה דובדבן לבן 400 גרם BIZIM TARLA,BIZIM TARLA,AZ,ריבה דובדבן לבן 400,גרמים,400.00,100 גרם,false,1,17.90,4.48,true,1,
4760062100914,false,תה שחור אקסטרה אזרציי 250 גר פחית,אזרסטאן קאנד,AZ,תה שחור אקסטרה אזרצי,גרמים,250.00,100 גרם,false,1,38.90,15.56,true,1,
4760062100945,false,תה שחור ברגמוט אזרציי 100 שקי 200 גר,,AZ,תה שחור ברגמוט אזרצי,גרמים,200.00,100 גרם,false,1,29.90,14.95,true,1,
4760062101768,false,תה שחור בוקט באריזה שקופה 500 גר,אזרסטאן קאנד,AZ,תה שחור בוקט באריזה,גרמים,500.00,100 גרם,false,1,52.50,10.50,true,1,
4760062101775,false,תה שחור אזרציי 250 גר,,AZ,תה שחור אזרציי 250 ג,גרמים,250.00,100 גרם,false,1,31.50,12.60,true,1,
4760062101805,false,תה שחור בוקט 50 גר,אזרסטאן קאנד,AZ,תה שחור 25 שק BUKET,גרמים,50.00,100 גרם,false,1,9.90,19.80,true,1,
4760062104219,false,תה שחור עם טימין 25 שק אזרצאי,אזרסטאן קאנד,AZ,תה שחור עם טימין 25,גרמים,50.00,100 גרם,false,1,9.90,19.80,true,1,
4760062105070,false,תה ירוק באריזה שקופה אזרציי 250 גר BUKET,,AZ,תה ירוק 200 גר BUKET,גרמים,200.00,100 גרם,false,1,12.90,6.45,true,1,
4760065702009,false,רוטב רימונים 345 גרם ביזים טארלה,אזרסטאן קאנד,AZ,רוטב רימונים 345 גרם,גרמים,345.00,100 גרם,false,1,22.90,6.64,true,1,
4760065704652,false,מיץ רימונים 1 ליטר,,,מיץ רימונים 1 ליטר,מיליליטרים,1000.00,"100 מ""ל",false,1,21.90,2.19,true,1,
4760065708957,false,עגבניות אדומות קלופות במיץ עגבניות 680גר,BIZIM TARLA,AZ,עגבניות אדומות קלופו,גרמים,680.00,100 גרם,false,1,13.90,2.04,true,1,
4760065709145,false,מלפפונים בחומץ 670 גר,אינטרקום יוון,AZ,מלפפונים בחומץ 670 ג,גרמים,670.00,100 גרם,false,1,14.90,2.22,true,1,
4760065709251,false,ממרח חצילים 660 גרם ביזים טארלה,אזרסטאן קאנד,AZ,ממרח חצילים 660 גרם,גרמים,600.00,100 גרם,false,1,19.90,3.32,true,1,
4760068001710,false,ריבת תות שדה 400 גרם ביזים טארלה,אזרסטאן קאנד,AZ,ריבת תות שדה 400 גרם,גרמים,400.00,100 גרם,false,1,15.90,3.98,true,1,
4760068002250,false,פלפל חריף חתוך עם עגבניות 640 גרם,,AZ,פלפל חריף חתוך עם עג,גרמים,640.00,100 גרם,false,1,14.90,2.33,true,1,
4760068002274,false,ריבת חבושים 400 גרם ביזים טארלה,אזרסטאן קאנד,AZ,ריבת חבושים 400 גרם,גרמים,400.00,100 גרם,false,1,15.90,3.98,true,1,
4760068002397,false,ממרח חצילים קלויים 315 גר,אינטרקום יוון,AZ,ממרח חצילים קלויים 3,גרמים,315.00,100 גרם,false,1,14.90,4.73,true,1,
4760074601058,false,גלידת שמנת וניל בציפו שוקולד אוסקר 100 ג,,,גלידת שמנת וניל בציפ,גרמים,75.00,100 גרם,false,1,7.30,9.73,true,1,
4760074601072,false,גלידת שמנת וניל בציפו שוקולד ואגוזי לוז,,,גלידת שמנת וניל בציפ,גרמים,75.00,100 גרם,false,1,7.30,9.73,true,1,
4760074601324,false,גלידת שמנת בטעם שוקולד ובציפוי קקאו לקומ,,,גלידת שמנת בטעם שוקו,גרמים,90.00,100 גרם,false,1,7.30,8.11,true,1,
4760074601331,false,גלידת שמנת בטעם וניל בציפוי קקאו לקומקה,,,גלידת שמנת בטעם וניל,גרמים,90.00,100 גרם,false,1,7.30,8.11,true,1,
4760127702206,false,עוגת רולדה במילוי קרם בטעם שוקולד150 גר,,,עוגת רולדה במילוי קר,גרמים,150.00,100 גרם,false,1,5.90,3.93,true,1,
4760127702220,false,עוגת רולדה במילוי קרם שוקולד ואגוז 150,,,עוגת רולדה במילוי קר,גרמים,150.00,100 גרם,false,1,5.90,3.93,true,1,
4760127706976,false,עוגיות ממולאות בטעם לימון 200 ג DELIZI,,,עוגיות ממולאות בטעם,גרמים,200.00,100 גרם,false,1,8.90,4.45,true,1,
4760127706983,false,עוגיות ממולאות בטעם תפוז 200 ג DELIZI,,,עוגיות ממולאות בטעם,גרמים,200.00,100 גרם,false,1,8.90,4.45,true,1,
4760129500268,false,BAGDANריבת חבושים 400 גר,,UZ,BAGDANריבת חבושים 40,גרמים,400.00,100 גרם,false,1,18.90,4.73,true,1,
4760165590070,false,דובשניות ממולאות בטעם ריבת חלב 240 גר,,,דובשניות ממולאות בטע,גרמים,240.00,100 גרם,false,1,8.90,3.71,true,1,
4770033221609,false,"ביטר ליטה ""סטארקה"" 700 מ""ל",STUMBRAS,,"ביטר ליטה ""סטארקה""",מיליליטרים,700.00,"100 מ""ל",false,1,65.90,9.41,true,1,
4770033223986,false,"ברנדי גלוריה 5 שנים 700 מ""ל",STUMBRAS,,ברנדי גלוריה 5 שנים,מיליליטרים,700.00,"100 מ""ל",false,1,72.90,10.41,true,1,
4770033224167,false,"ביטר ליטה ""פלפל ודבש"" 700 מ""ל",STUMBRAS,,"ביטר ליטה ""פלפל ודבש",מיליליטרים,700.00,"100 מ""ל",false,1,59.90,8.56,true,1,
4770033224846,false,"וודקה נסטויקה פטל 700 מ""ל",STUMBRAS,,וודקה נסטויקה פטל 7,מיליליטרים,700.00,"100 מ""ל",false,1,54.90,7.84,true,1,
4770033227472,false,ברנדי גלורי אקס או,STUMBRAS,,"ברנדי 700 מ""ל GLORIA",גרמים,700.00,100 גרם,false,1,135.90,19.41,true,1,
4770033228035,false,"וודקה נסטויקה ליטה דובדבן 700 מ""ל",STUMBRAS,,וודקה נסטויקה ליטה ד,מיליליטרים,700.00,"100 מ""ל",false,1,54.90,7.84,true,1,
4770075447845,false,"בירה בהירה ""אקסטרא"" 5.2% פחית 568 מ""ל",סוויטוריס-אוטנוס אלט,LT,"בירה בהירה ""אקסטרא""",מיליליטרים,568.00,"100 מ""ל",false,12,8.90,1.57,true,1,
4770179109991,false,בונ שוק עם וודקה 190 ג PERGALE,PERGALE,LT,בונ שוק עם וודקה 19,גרמים,190.00,100 גרם,false,1,17.90,9.42,true,1,
4770179110126,false,בונ שוק עם ליקר שרי 190 ג PERGALE,BARILLA G.E.R.,LT,בונ שוק עם ליקר שרי,גרמים,190.00,100 גרם,false,1,17.90,9.42,true,1,
4770179182864,false,ממתקי שוקולד ממולאים 360 גרם,,,בונ פח שוקולד מריר ב,גרמים,360.00,100 גרם,false,1,48.90,13.58,true,1,
4770237049313,false,גלידת שמנת פלומביר בטעם וניל עם שקדים בציפוי צמקאו על מקל 63 גר' SVALIA,פיאנו זיואיגזדס,,גלידה אסקימו פלומביר,גרמים,63.00,100 גרם,false,1,6.90,10.95,true,1,
4770237051804,false,חטיף גבינה וניל 45 גר,פנו ז'ויגזדס,,חטיף גבינה וניל 45 ג,גרמים,4500.00,100 גרם,false,1,4.50,0.10,true,1,
4770237051811,false,חטיף גבינה עם ריבת חלב 45 גר,פנו ז'ויגזדס,,חטיף גבינה עם ריבת ח,גרמים,4500.00,100 גרם,false,1,4.50,0.10,true,1,
4770237051828,false,חטיף גבינה תות שדה 45 גר,פנו ז'ויגזדס,,חטיף גבינה תות שדה 4,גרמים,4500.00,100 גרם,false,1,4.50,0.10,true,1,
4770237051842,false,חטיף גבינה בטעם שוקולד 45 גר,פנו ז'ויגזדס,,חטיף גבינה בטעם שוקו,גרמים,4500.00,100 גרם,false,1,4.50,0.10,true,1,
4770237054423,false,גלידת ס שרבט מנגו עם אפרסק בגביע וופל אישי 85 גר' SVALIA,פיאנו זיואיגזדס,,גלידה שרבט מנגו ואפר,גרמים,85.00,100 גרם,false,1,6.90,8.12,true,1,
4770237055048,false,בסגנון שמנת 15% 350,,,15% 350 גר SMETANKA,גרמים,350.00,100 גרם,false,1,12.50,3.57,true,1,
4770237055055,false,בסגנון שמנת 30% 200,,,30% 200 גר SMETANKA,גרמים,200.00,100 גרם,false,1,11.50,5.75,true,1,
4770237055574,false,גלידת שמנת בטעם וניל בגביע וופל עם שקדים בציפוי צימקאו SVALYA גר 85,פיאנו זיואיגזדס,,גלידה אסקימו סליבוצנ,גרמים,85.00,100 גרם,false,1,6.90,8.12,true,1,
4770237055604,false,"גלידת שמנת בטעם שוקולדעם אגוזי לוז אריזה משפחתית ""SVALIA"" דלי 400ג'",,LT,גלידה שוקו אגוז פלומ,גרמים,400.00,100 גרם,false,1,29.90,7.48,true,1,
4770237056748,false,גלידת שמנת משובחת בטעם וניל בציפוי בטעם מסטיק SVALIA גר 58,ז'יטומרסקי זאבוד,LT,גלידה אסקימו עגול פל,גרמים,58.00,100 גרם,false,1,6.90,11.90,true,1,
4770265045264,false,דייסת שיבולת שועל 200 גר,,,דייסת שיבולת שועל,גרמים,200.00,100 גרם,false,1,7.90,3.95,true,1,
4770265046452,false,גבינה מותכת 28% סבליה 185 גר,,LT,גבינה מותכת 28% סבלי,גרמים,185.00,100 גרם,false,1,19.90,10.76,true,1,
4770265046568,false,דייסת אורז עם משמש 200 גר,,,דייסת אורז עם משמש,גרמים,200.00,100 גרם,false,1,7.90,3.95,true,1,
4770265046575,false,דייסת סולת עם תותי בר 200 גר,,,דייסת סולת תותי בר,גרמים,200.00,100 גרם,false,1,7.90,3.95,true,1,
4770265212024,false,גבינה מותכת 22% דרבו 135 גר,,LT,גבינה מותכת 22% דרבו,גרמים,135.00,100 גרם,false,1,15.50,11.48,true,1,
4770265213786,false,משקה חלב ריזנקה 500 מל,,,משקה חלבי ריזנקה 500,מיליליטרים,500.00,"100 מ""ל",false,1,11.50,2.30,true,1,
4770265219382,false,גבינה אנלוגי 600 גרם GURMAN,,,גבינה אנלוגי 600 גרם,גרמים,600.00,100 גרם,false,1,44.90,7.48,true,1,
4770265219405,false,גבינה אנלוגי 600 גרם SVALIA,,,גבינה אנלוגי 600 גרם,גרמים,600.00,100 גרם,false,1,44.90,7.48,true,1,
4770265219429,false,גבינה אנלוגי 600 גרם DVARO,,,גבינה אנלוגי 600 גרם,גרמים,600.00,100 גרם,false,1,44.90,7.48,true,1,
4770265219443,false,גבינה אנלוגי 600 גרם ROSSIYSKIY,,,גבינה אנלוגי 600 גרם,גרמים,600.00,100 גרם,false,1,44.90,7.48,true,1,
4770265219535,false,גבינה אנגולי מעושנת 150 גר גורמן,,,גבינה אנגולי מעושנת,גרמים,150.00,100 גרם,false,1,11.90,7.93,true,1,
4770266127853,false,חלבה חמניות 300 גר,,LT,חלבה חנמיות 300 גר,גרמים,300.00,100 גרם,false,1,11.50,3.83,true,1,
4770266127907,false,חלבה בוטנים 300 גר,,LT,חלבה בוטנים 300 גר,גרמים,300.00,100 גרם,false,1,11.50,3.83,true,1,
4770266188311,false,מארז חלבה מיקס בטעמים 300 גר GRANEX,,LT,מארז חלבה מיקס בטעמי,גרמים,300.00,100 גרם,false,1,20.90,6.97,true,1,
4770275048309,false,גבינת קוטג עם תבלינים 15% סבליה 130 גר,,LT,גבינת קוטג עם תבליני,גרמים,130.00,100 גרם,false,1,11.90,9.15,true,1,
4770275048316,false,גבינת קוטג עם מלפפון ושמיר 15% סבליה 130,,LT,גבינת קוטג עם מלפפון,גרמים,130.00,100 גרם,false,1,11.90,9.15,true,1,
4770275049580,false,בסגנון טבורוג סבליה,,,טבורוג אנלוגי סבליה,גרמים,370.00,100 גרם,false,1,19.90,5.38,true,1,
4770275049597,false,בסגנון טבורוג סבליה,,,טבורוג אנלוגי סבליה,גרמים,900.00,100 גרם,false,1,42.90,4.77,true,1,
4770275049603,false,בסגנון טבורוג סבליה,,,טבורוג אנלוגי 9% סבל,גרמים,370.00,100 גרם,false,1,19.90,5.38,true,1,
4770275049696,false,"משקה חלב קפיר 900 מ""ל",,,משקה חלבי קפיר 900 מ,מיליליטרים,900.00,"100 מ""ל",false,1,15.50,1.72,true,1,
4770299045186,false,חמאה ליטאית דמיטיזוס,,,חמאה גימיטוס 200 גר,גרמים,200.00,100 גרם,false,1,11.90,5.95,true,1,
4770299047890,false,גבינת דזוגס פרמגנו 180ג',,,דזוגס פרמגנו 180 גרם,גרמים,180.00,100 גרם,false,1,27.50,15.28,true,1,
4770301232023,false,"אוסטרליה פייל אייל וולפאס אנגלמן 568 מ""ל",,,אוסטרליה פייל אייל ו,מיליליטרים,568.00,"100 מ""ל",false,1,10.90,1.92,true,1,
4770301234935,false,"בירה באלטיק פורטר וולפאס אנגלמן 568 מ""ל",,,בירה באלטיק פורטר וו,מיליליטרים,568.00,"100 מ""ל",false,1,10.90,1.92,true,1,
4770301234973,false,בירה בלנש חיטה בלגית וולפאס אנגלמן 568מ,,,בירה בלנש חיטה בלגית,מיליליטרים,568.00,"100 מ""ל",false,1,10.90,1.92,true,1,
4770301235246,false,"בירה חיטה מייסטר 500 מ""ל פחית","""cesu alus""",,בירה חיטה מייסטר 500,מיליליטרים,500.00,"100 מ""ל",false,1,6.90,1.38,true,1,
4770301235338,false,"בירה ניו אינגלנד וולפאס אנגלמן 568 מ""ל",,,בירה ניו אינגלנד וול,מיליליטרים,568.00,"100 מ""ל",false,1,10.90,1.92,true,1,
4770337046427,false,פרוסות גבינה 27% שומן 150 גרם MASSDAM,,,פרוסות גבינה 27% שומ,גרמים,150.00,100 גרם,false,1,19.10,12.73,true,1,
4770337046748,false,גבינה פרמזן PARNIDZIO 200 גר,,IL,גבינה פרמזן PARNIDZI,גרמים,200.00,100 גרם,false,1,24.90,12.45,true,1,
4770337047264,false,גבינה 200 גר AGED GOUDA,,IL,גבינה 200 גר AGED GO,גרמים,200.00,100 גרם,false,1,24.90,12.45,true,1,
4770337047295,false,גבינה 200 גרם OLD GILDIJA,,IL,גבינה 200 גר OLD GIL,גרמים,200.00,100 גרם,false,1,24.90,12.45,true,1,
4770337047431,false,תחליף גבינה 150 גר SVALIA,,,גבינה אנלוגי 150 גר,גרמים,150.00,100 גרם,false,1,12.50,8.33,true,1,
4770337047448,false,תחליף גבינה 150 גר DRAVO,,,גבינה אנלוגי 150 גר,גרמים,150.00,100 גרם,false,1,12.50,8.33,true,1,
4770337047455,false,תחליף גבינה רוסיסקי 150 גר,,,גבינה אנלוגי רוסיסקי,גרמים,150.00,100 גרם,false,1,12.50,8.33,true,1,
4770337048124,false,תחליף גבינה דברו 240 גר,,LT,DVARO גבינה אנלוגי,גרמים,240.00,100 גרם,false,1,17.90,7.46,true,1,
4770337048131,false,תחליף גבינה רוסייסקי 240 גר,,LT,גבינה אנלוגי רוסייסק,גרמים,240.00,100 גרם,false,1,17.90,7.46,true,1,
4770337048377,false,פרוסות גבינה 27% שומן 150 גרם Vilnius,,,פרוסות גבינה 27% שומ,גרמים,150.00,100 גרם,false,1,19.10,12.73,true,1,
4770337048797,false,פרוסות גבינה 27% שומן 150 גרם EMMENTAL,,,פרוסות גבינה 27% שומ,גרמים,150.00,100 גרם,false,1,19.10,12.73,true,1,
4770349227203,false,בירה לא מסוננת בלטס חפוויזן 5% פחית 500,,LT,בירה לא מסוננת בלטס,מיליליטרים,500.00,"100 מ""ל",false,12,8.90,1.78,true,1,
4770583213727,false,מיונז פרובנסל 450 גרם,KEDANEYSKI KONSERVNY,,מיונז פרובנסל 450 גר,גרמים,450.00,100 גרם,false,1,12.90,2.87,true,1,
4770583213949,false,מיונז פרובנסל זיתים 450 גרם,KEDANEYSKI KONSERVNY,,מיונז פרובנסל זיתים,גרמים,450.00,100 גרם,false,1,12.90,2.87,true,1,
4770583219194,false,כרוב כבוש עם חמוציות 900 גרם,KEDANEYSKI KONSERVNY,,כרוב כבוש עם חמוציות,גרמים,900.00,100 גרם,false,1,17.90,1.99,true,1,
4770583221340,false,מיונז אמריקן 620 גר,,LT,מיונז 620 גר America,גרמים,620.00,100 גרם,false,1,23.90,3.85,true,1,
4770583228226,false,ממרח סלומון בטעם מתובל 280 גר ZAKUSKA,,,ממרח סלומון בטעם מתו,גרמים,280.00,100 גרם,false,1,16.90,6.04,true,1,
4770583228233,false,ממרח סלומון בטעם פיקנטי 280 גר ZAKUSKA,,,ממרח סלומון בטעם פיק,גרמים,280.00,100 גרם,false,1,16.90,6.04,true,1,
4770583228240,false,ממרח סלומון בטעם גריל 280 גר ZAKUSKA,,,ממרח סלומון בטעם גרי,גרמים,280.00,100 גרם,false,1,16.90,6.04,true,1,
4771033178160,false,בגט חצי אפוי עם שום חמאה 175 גרם,,,בגט חצי אפוי עם שום,גרמים,175.00,100 גרם,false,1,9.40,5.37,true,1,
4771050157636,false,מרגרינה וילניוס 400 גרם,VILNIUS MARGARINE,,מרגרינה וילניוס 400,גרמים,400.00,100 גרם,false,1,14.90,3.73,true,1,
4771632000350,false,חליטת תה ארומה פירות יער 20 שקיות 40 גר,,,חליטת תה ארומה פירות,גרמים,40.00,100 גרם,false,1,10.90,27.25,true,1,
4771632000367,false,חליטת תה ארומה פטל ותות 20 שקיות 40 גר,,,חליטת תה ארומה פטל ו,גרמים,40.00,100 גרם,false,1,10.90,27.25,true,1,
4771632000398,false,חליטת תה ארומה אפרסק ומנגו 20 שקיות 40 ג,,,חליטת תה ארומה אפרסק,גרמים,40.00,100 גרם,false,1,10.90,27.25,true,1,
4779020987689,false,כבד שיבוט 240 גר BEST OF RIGA,,,כבד שיבוט 240 גר BES,גרמים,240.00,100 גרם,false,1,20.90,8.71,true,1,
4779020987788,false,כבד שיבוט מכסה שקוף 230 גר BEST OF RIGA,,,כבד שיבוט מכסה שקוף,גרמים,230.00,100 גרם,false,1,21.90,9.52,true,1,
4779021230630,false,שוקולד אקסקלוסיב מריר 72% 100 גרם,,LT,שוקולד אקסקלוסיב מרי,גרמים,100.00,100 גרם,false,1,9.90,9.90,true,1,
4779021230654,false,שוקולד אקסקלוסיב מריר 82% 100 גרם,מסקנס,LT,שוקולד אקסקלוסיב מרי,גרמים,100.00,100 גרם,false,1,9.90,9.90,true,1,
4779021230913,false,שוקולד אקסקלוסיב מריר 90% אקסטרה 90 גר,מסקנס,LT,שוקולד אקסקלוסיב מרי,גרמים,90.00,100 גרם,false,1,10.90,12.11,true,1,
4779021231026,false,שוקולד אקסקלוסיב מארז מתנה 240 גר,,,שוקולד אקסקלוסיב מאר,גרמים,240.00,100 גרם,false,1,39.90,16.63,true,1,
4779021231156,false,שוקולד אקסקלוסיב מריר 99% אקסטרה 100 גר,,LT,שוקולד אקסקלוסיב מרי,גרמים,100.00,100 גרם,false,1,10.90,10.90,true,1,
4779027471143,false,חטיף גבינה לבנה בטעם חלב מרוכז 43 גרם,,,חטיף גבינה לבנה בטעם,גרמים,43.00,100 גרם,false,1,5.20,12.09,true,1,
4779027471167,false,חטיף גבינה לבנה בטעם קרם ברולה 43 גרם,,,חטיף גבינה לבנה בטעם,גרמים,43.00,100 גרם,false,1,5.20,12.09,true,1,
4779027471181,false,חטיף גבינה במילוי דובדבנים בציפוי קקאו,,,חטיף גבינה במילוי דו,גרמים,43.00,100 גרם,false,1,5.20,12.09,true,1,
4779036940852,false,עוגיות שוקו גריבוצקי,קאן אגריטך פרייבט למ,LT,עוגיות 60 גר GRIBOCH,גרמים,60.00,100 גרם,false,1,5.50,9.17,true,1,
4779036941149,false,עוגיות בצורת פטריות 150 גר,,,עוגיות בצורת פטריות,גרמים,150.00,100 גרם,false,1,11.20,7.47,true,1,
4779039732188,false,מרק ירקות מינסטרונה אורגני 400 גר,,,מרק ירקות מינסטרונה,גרמים,400.00,100 גרם,false,1,19.90,4.98,true,1,
4780022250787,false,קורט 142 גר BIO KURT,,,קורט 142 גר BIO KUR,גרמים,142.00,100 גרם,false,1,29.90,21.06,true,1,
4780030111315,false,AGROMIR עגבניות שרי בחומץ 720מל,,,AGROMIR עגבניות שרי,גרמים,720.00,100 גרם,false,1,12.90,1.79,true,1,
4780030690063,false,AGROMIRתערובת עגבניות שרי ומלפפונים 720,,,AGROMIRתערובת עגבניו,גרמים,720.00,100 גרם,false,1,14.90,2.07,true,1,
4780030690292,false,AGROMIRמלפפונים בחומץ עם שום ושמיר 720מ,,,AGROMIRמלפפונים בחומ,גרמים,750.00,100 גרם,false,1,13.90,1.85,true,1,
4780037060104,false,AGROMIR ממרח חצילים 500 גר,,,AGROMIR ממרח חצילים,גרמים,500.00,100 גרם,false,1,12.90,2.58,true,1,
4780047500041,false,ZULYA BARAKA לפתן פירות אסורטי 1 ל,,,ZULYA BARAKA לפתן פי,מיליליטרים,1000.00,"100 מ""ל",false,1,18.90,1.89,true,1,
4780047500515,false,ZULYA BARAKA עלי גפן טריים מעוכרים 1 ל,,,ZULYA BARAKA עלי גפן,גרמים,720.00,100 גרם,false,1,16.90,2.35,true,1,
4780047500683,false,ZULYA BARAKA שום בחומץ 720 גר,,,ZULYA BARAKA שום בחו,גרמים,720.00,100 גרם,false,1,19.90,2.76,true,1,
4780047500843,false,ZULYA BARAKA לפתן שזיפים 1 ל,,,ZULYA BARAKA לפתן שז,מיליליטרים,1000.00,"100 מ""ל",false,1,18.90,1.89,true,1,
4780048901311,false,ברבריס 25 גרם,,,ברבריס 25 גרם,גרמים,25.00,100 גרם,false,1,14.90,59.60,true,1,
4791001052308,false,תה אדבין ארל גריי 100 יחידות בשקיות,,,תה אדבין ארל גריי 10,גרמים,200.00,100 גרם,false,1,25.90,12.95,true,1,
4791001057266,false,תה אדבין 100 יחידות ברקפסט,,,תה אדבין 100 יחידות,גרמים,200.00,100 גרם,false,1,25.90,12.95,true,1,
4791001060266,false,תה אדבין 100 יחידות בטעמים פירות,,,תה אדבין 100 יחידות,גרמים,200.00,100 גרם,false,1,25.90,12.95,true,1,
4791001062093,false,תה אדבין 100 יחידות זאבמין ןירוק,,,תה אדבין 100 יחידות,גרמים,200.00,100 גרם,false,1,25.90,12.95,true,1,
4791045001560,false,תה היליס אינגליש ברקפסט 10 שקיקים,,,תה היליס אינגליש ברק,גרמים,150.00,100 גרם,false,1,25.50,17.00,true,1,
4791045001867,false,תה היליס סקוטיש ברקפסט 100 שקיקים,,,תה היליס סקוטיש ברקפ,גרמים,150.00,100 גרם,false,1,24.00,16.00,true,1,
4791045001874,false,תה אינגליש אריסטוקרטיק 100 שק סרי לנקה,,,תה אינגליש אריסטוקרט,גרמים,200.00,100 גרם,false,1,27.50,13.75,true,1,
4791045002536,false,תה עלים ירוק אנגלי 230 גרם היליס,,,תה עלים ירוק אנגלי 2,גרמים,230.00,100 גרם,false,1,27.50,11.96,true,1,
4791045002611,false,תה הייליס אריסטוקרט,,,תה אריסטוקרט 300 גרם,גרמים,300.00,100 גרם,false,1,41.50,13.83,true,1,
4791045002642,false,תה עלים ירוק עם יסמין 100 גרם,,,תה עלים ירוק עם יסמי,גרמים,100.00,100 גרם,false,1,15.00,15.00,true,1,
4791045003182,false,תה בתפזורת ארל גריי 100 גר היליס,,,תה בתפזורת ארל גריי,גרמים,100.00,100 גרם,false,1,14.50,14.50,true,1,
4791045006572,false,תה היליס אינגליש ירוק 100 שקיקים,,,תה היליס אינגליש ירו,גרמים,150.00,100 גרם,false,1,24.00,16.00,true,1,
4791045010425,false,תה היליס אינגליש רויאל בלנד 400 גרם פח,,,תה היליס אינגליש רוי,גרמים,400.00,100 גרם,false,1,59.90,14.98,true,1,
4791045010937,false,תה היליס ארל גריי 250 גרם,,,תה היליס ארל גריי 25,גרמים,250.00,100 גרם,false,1,29.50,11.80,true,1,
4791045011361,false,תה היליס שחור ארל גריי 100 שקיקים,,,תה היליס שחור ארל גר,גרמים,150.00,100 גרם,false,1,27.50,18.33,true,1,
4791045019787,false,תה היליס אריסטוקרט 100 גר,,,תה היליס אריסטוקרט 1,גרמים,100.00,100 גרם,false,1,25.90,25.90,true,1,
4792055026703,false,HYSON תה שחור טהור בטעמים 160 גר,,LK,HYSON תה שחור טהור ב,גרמים,160.00,100 גרם,false,1,31.90,19.94,true,1,
4792252001114,false,תה שחור ארל גריי 2 גר* 20 שק,בסילר,,תה שחור ארל גריי 2 ג,Unknown,0.00,Unknown,false,1,18.90,18.90,true,1,
4792252001152,false,תה איסלנד גולד בסילו,בסילר,,"תה שחור ""גולד"" 100 ג",גרמים,100.00,100 גרם,false,1,19.90,19.90,true,1,
4792252002074,false,תה שחור תות שדה וקיווי 2 גר* 20 שק,בסילר,,תה שחור תות שדה וקיו,Unknown,0.00,Unknown,false,1,18.90,18.90,true,1,
4792252002128,false,"תה ירוק ""בלאיה מגיה"" 1.5 גר* 20 שק",בסילר,,"תה ירוק ""בלאיה מגיה""",Unknown,0.00,Unknown,false,1,18.90,18.90,true,1,
4792252100220,false,תה ירוק חלב אולונג 100 גרם,בסילר,,תה ירוק חלב אולונג,גרמים,100.00,100 גרם,false,1,23.90,23.90,true,1,
4792252100343,false,תה שחור תות שקה וקיווי 100 גרם,בסילר,,תה שחור תות שקה וקיו,גרמים,100.00,100 גרם,false,1,23.90,23.90,true,1,
4792252100398,false,תה שחור עם חמוציות 100 גרם,בסילר,,תה שחור עם חמוציות 1,גרמים,100.00,100 גרם,false,1,19.90,19.90,true,1,
4792252100695,false,תה שחור גולד 2 גר* 20 שק,בסילר,,תה שחור גולד 2 גר* 2,Unknown,0.00,Unknown,false,1,18.90,18.90,true,1,
4792252916227,false,תה סיזון אסורטי 10*1.5+20*2 גרם בזילור,בסילר,,תה סיזון אסורטי 10*1,Unknown,0.00,Unknown,false,1,19.90,19.90,true,1,
4792252916432,false,תה אוריאנטל ירח לבן 1.5*20 בזילור,בסילר,,תה אוריאנטל ירח לבן,Unknown,0.00,Unknown,false,1,18.90,18.90,true,1,
4792252924659,false,תה אוריאנטל קולקשן 60שק *1.8 ג בסילור,,LK,תה אוריאנטל קולקשן 6,גרמים,108.00,100 גרם,false,1,42.90,39.72,true,1,
4796019790013,false,"שמן קוקוס אורגני 300 מ""ל",כפרי בריא,,שמן קוקוס אורגני 300,מיליליטרים,300.00,"100 מ""ל",false,1,23.90,7.97,true,1,
4796019790037,false,גרין קוקו - שמן קוקוס אורגני 1 ליטר,כפרי בריא,,שמן קוקוס אורגני 1 ל,מיליליטרים,1000.00,"100 מ""ל",false,1,57.50,5.75,true,1,
4798330311274,false,תה ירוק עלים ארוכים 100 גר HYSON,,LK,תה ירוק עלים ארוכים,גרמים,100.00,100 גרם,false,1,14.90,14.90,true,1,
4798330316736,false,תה שחור עלים ארוכים עם תות 100 גר HYSON,,LK,תה שחור עלים ארוכים,גרמים,100.00,100 גרם,false,1,14.90,14.90,true,1,
4798330316743,false,תה שחור היסון עלים ארוכים ודובדבן 100 ג,,,תה שחור היסון עלים א,גרמים,100.00,100 גרם,false,1,14.90,14.90,true,1,
4798810000599,false,תה סופר אופה 250 גר,טורלטון,,תה אופה 250 גרם פח,גרמים,250.00,100 גרם,false,1,39.90,15.96,true,1,
4798810000605,false,תה סופר פיקו 250 גרם פח,טורלטון,,תה סופר פיקו 250 גרם,גרמים,250.00,100 גרם,false,1,39.90,15.96,true,1,
4798810000896,false,תה ירוק אנונה עם ניצני 250 גרם פח,טורלטון,,תה ירוק אנונה עם ניצ,גרמים,250.00,100 גרם,false,1,39.90,15.96,true,1,
4798810001985,false,תה ירוק עלים 250 גרם פח,טורלטון,,תה ירוק עלים 250 גרם,גרמים,250.00,100 גרם,false,1,39.90,15.96,true,1,
4800888219510,false,דאב - דאודורנט סטיק לאישה פרש מלפפונים 50 גרם,יוניליוור פיליפינים,PH,דאודורנט סטיק מלפפון,גרמים,50.00,100 גרם,false,1,26.90,53.80,true,1,
4810014018412,false,בירה קריניצה זיגולובסקויה אוסובויה 450 מ,,BY,בירה קריניצה זיגולוב,מיליליטרים,450.00,"100 מ""ל",false,1,6.90,1.53,true,1,
4810014018559,false,"בירה קריניצה קלאסיצנה פחית 500 מ""ל",או.או.או. קריניצה,,בירה קריניצה קלאסיצנ,מיליליטרים,500.00,"100 מ""ל",false,1,6.90,1.38,true,1,
4810014018658,false,קוואס סטארוזיטני 1.4 ליטר,,BY,קוואס סטארוזיטני 1.4,ליטרים,0.00,ליטר,false,1,15.90,15.90,true,1,
4810065006987,false,חלב מרוכז ממותק דוי פק רוגציוב 380 גרם,,BY,חלב מרוכז ממותק דוי,גרמים,380.00,100 גרם,false,1,14.90,3.92,true,1,
4810065013121,false,חלב מרוכז ממותק דוי פק רוגציוב 280 גרם,,BY,חלב מרוכז ממותק דוי,גרמים,280.00,100 גרם,false,1,15.90,5.68,true,1,
4810108007506,false,Glubokoeחלב מרוכז 380 גר,,BY,חלב מרוכז 380 גר Gl,גרמים,380.00,100 גרם,false,1,13.90,3.66,true,1,
4810168000011,false,פילה דג הרינג מלוח מצונן 250 גרם,LTD BREMOR SANTA SD,,פילה הרינג מלוח 250,גרמים,250.00,100 גרם,false,1,15.20,6.08,true,1,
4810168000066,false,פילה דג הרינג מלוח מצונן עם תבלינים 250 גרם,LTD BREMOR SANTA SD,BY,פילה הרינג מלוח עם ת,גרמים,250.00,100 גרם,false,1,15.20,6.08,true,1,
4810168000103,false,פילה הרינג מטיאס 250גר,,BY,פילה הרינג מלוח מעוש,גרמים,250.00,100 גרם,false,1,15.20,6.08,true,1,
4810168000998,false,פילה דג הרינג מלוח מצונן עם בצל בצנצנת חתיכות 260גרם,LTD BREMOR SANTA SD,,חתיכות פילה הרינג,גרמים,260.00,100 גרם,false,1,19.40,7.46,true,1,
4810168001056,false,פילה דג הרינג מלוח מצונן בצנצנת חתיכות 260גרם,סנטה ברמור,,חתיכות פילה הרינג,גרמים,260.00,100 גרם,false,1,19.40,7.46,true,1,
4810168001933,false,מקלות סורימי בטעם סרטן קפוא 200 גרם,,,מקלות סורימי בטעם סר,גרמים,200.00,100 גרם,false,1,7.30,3.65,true,1,
4810168001964,false,נתחי סורימי בטעם סרטן קפוא 200 גרם,,,נתחי סורימי בטעם סרט,גרמים,200.00,100 גרם,false,1,7.30,3.65,true,1,
4810168004132,false,ביצי דג טרוטונית אטלנטי מומלח מצונן 180,,,ביצי דג טרוטונית אטל,גרמים,180.00,100 גרם,false,1,17.70,9.83,true,1,
4810168004156,false,ביצי דג טרוטונית אטלנטי סלמון מעושן 180ג,,,ביצי דג טרוטונית אטל,גרמים,180.00,100 גרם,false,1,17.70,9.83,true,1,
4810168011017,false,סורימי בטעם סרטן קפוא 150 גרם,,,סורימי בטעם סרטן קפו,גרמים,150.00,100 גרם,false,1,9.90,6.60,true,1,
4810168016104,false,ביצי דג טרוטונית אטלנטי חסילונים 180 גר,,,ביצי דג טרוטונית אטל,גרמים,180.00,100 גרם,false,1,17.70,9.83,true,1,
4810168018795,false,חתיכות פילה דג הרינג מלוח מצונן 200גרם,LTD BREMOR SANTA SD,,חתיכות פילה הרינג מל,גרמים,200.00,100 גרם,false,1,15.20,7.60,true,1,
4810168019051,false,חתיכות פילה דג הרינג מלוח מצונן עם תבלין 200גרם,LTD BREMOR SANTA SD,BY,פילה הרינג מלוח עם ת,גרמים,200.00,100 גרם,false,1,15.20,7.60,true,1,
4810168020309,false,אצות ים מוחמצות 150 גר,,,אצות ים מוחמצות 150,גרמים,150.00,100 גרם,false,1,7.30,4.87,true,1,
4810168020330,false,אצות ים מוחמצות פטריות 150 גר,,,אצות ים מוחמצות,גרמים,150.00,100 גרם,false,1,7.30,4.87,true,1,
4810168020392,false,אצות ים מוחמצות גזר 150 גר,,,אצות ים מוחמצות גזר,גרמים,150.00,100 גרם,false,1,7.30,4.87,true,1,
4810168023478,false,סלט אצות ים צוקה 150 גרם,,,סלט אצות ים צוקה 150,גרמים,150.00,100 גרם,false,1,14.90,9.93,true,1,
4810168024260,false,ביצי דג שיבוט מומלח מצונן 130 גר,,,ביצי דג שיבוט מומלח,גרמים,130.00,100 גרם,false,1,16.70,12.85,true,1,
4810168024512,false,פילה דג הרינג מלוח מצונן עם תבלין בצנצנת חתיכות 260 גרם,LTD BREMOR SANTA SD,,חתיכות פילה הרינג,גרמים,260.00,100 גרם,false,1,19.40,7.46,true,1,
4810168025793,false,ביצי דג זהבנון מומלח מצונן 130 גר,,,ביצי דג זהבנון מומלח,גרמים,130.00,100 גרם,false,1,16.70,12.85,true,1,
4810168031794,false,ביצי דג הרינג אטלנטי מומלח מצונן 110 גר,,,ביצי דג הרינג אטלנטי,גרמים,110.00,100 גרם,false,1,16.70,15.18,true,1,
4810168035792,false,ממרח עם קריל מעושן 150 גר,,BY,ממרח עם קריל מעושן 1,גרמים,150.00,100 גרם,false,1,15.20,10.13,true,1,
4810168035808,false,ממרח עם קריל ברוטב שמנת ושום 150 גר,,BY,ממרח עם קריל ברוטב ש,גרמים,150.00,100 גרם,false,1,15.20,10.13,true,1,
4810168037888,false,גלידת שמנת וניל בציפוי צימקאו עם אגוזי לוז YUKKI,Santa Bremor,BY,גלידה פלומביר אסקימו,גרמים,65.00,100 גרם,false,1,6.90,10.62,true,1,
4810168038250,false,גלידת חלב ציפורים אסקימו 65 גר,,,גלידת חלב ציפורים,גרמים,65.00,100 גרם,false,1,6.90,10.62,true,1,
4810168038267,false,גלידת שמנת בטעם וניל פלומביר בציפוי צימקאו אסקימו 65 גר YUKKI,Santa Bremor,,גלידה שמנת בטעם וניל,גרמים,65.00,100 גרם,false,1,6.90,10.62,true,1,
4810168038977,false,גלידת שמנת בטעם וניל בגביע וופל אישי פלומביר 75 גרם YUKKI,Santa Bremor,,גלידה פלומביר 75 גר,גרמים,75.00,100 גרם,false,1,6.90,9.20,true,1,
4810168038984,false,גלידת שמנת משובחת בטעם וניל וופל בין השכבות 80 גר YUKKI,Santa Bremor,,גלידה פלומביר סנדווי,גרמים,80.00,100 גרם,false,1,6.90,8.63,true,1,
4810168038991,false,גלידת שמנת בטעם שוקולד בגביע וופל אישי פלומביר 75 גר YUKKI,Santa Bremor,,גלידה פלומביר בגביע,גרמים,75.00,100 גרם,false,1,6.90,9.20,true,1,
4810168045098,false,גלידת שמנת בטעם קרם ברולה בגביע וופל YUKKI,Santa Bremor,BY,גלידה פלומביר קרם בו,גרמים,70.00,100 גרם,false,1,6.90,9.86,true,1,
4810168045432,false,גלידת שמנת וניל במילוי קרם טראפל בציפוי צימקאו YUKKI,santa bremor,,גלידה טרופל אסקימו 6,גרמים,65.00,100 גרם,false,1,6.90,10.62,true,1,
4810168047351,false,בצק עלים מרודד מוקפא 450 גרם,,BY,בצק עלים מרודד מוקפא,גרמים,450.00,100 גרם,false,1,8.90,1.98,true,1,
4810168047368,false,בצק שמרים עלים מרודד מוקפא 450 גרם,,BY,בצק שמרים עלים מרודד,גרמים,450.00,100 גרם,false,1,8.90,1.98,true,1,
4810168049966,false,בלינצ'ס במילוי דובדבן מוקפא 360 גרם,,BY,בלינצס במילוי דובדבן,גרמים,360.00,100 גרם,false,1,14.60,4.06,true,1,
4810168051396,false,בצק שמרים מרודד מוקפא 450 גרם,,BY,בצק שמרים מרודד מוקפ,גרמים,450.00,100 גרם,false,1,6.90,1.53,true,1,
4810168051570,false,"בלינצ'ס במילוי תפו""ץ וקינמון מוקפא 360 גרם",,BY,"בלינצס במילוי תפו""ע",גרמים,360.00,100 גרם,false,1,14.60,4.06,true,1,
4810168052270,false,עלי בלינצ'ס בבושקה אנה 320 גרם,,BY,עלי בלינצס מוקפאים,גרמים,320.00,100 גרם,false,1,10.40,3.25,true,1,
4810168055004,false,כיסונים במילוי אוכמניות כחולות מוקפאים 450 גרם,,BY,כיסונים במילוי,גרמים,450.00,100 גרם,false,1,20.90,4.64,true,1,
4810168055028,false,כיסונים במילוי דובדבנים מוקפאות 450 גרם,,BY,כיסונים במילוי,גרמים,450.00,100 גרם,false,1,20.90,4.64,true,1,
4810168055035,false,כיסונים במילוי טבורוג וצימוקים מוקפאות 450 גרם,,BY,כיסונים במילוי,גרמים,450.00,100 גרם,false,1,16.70,3.71,true,1,
4810168055042,false,כיסונים במילוי פטל מוקפאים 450 גרם,,BY,כיסונים במילוי פטל,גרמים,450.00,100 גרם,false,1,20.90,4.64,true,1,
4810168055059,false,כיסונים במילוי גבינת ריקוטה ותרד מוקפא,,BY,כיסונים במילוי גבינת,גרמים,450.00,100 גרם,false,1,20.90,4.64,true,1,
4810168055080,false,כיסונים במילוי כרוב ופטריות מוקפאים 450 גרם,,BY,כיסונים במילוי כרוב,גרמים,450.00,100 גרם,false,1,13.50,3.00,true,1,
4810168055165,false,לביבות גבינת טבורוג מוקפאות 450 גרם,,BY,לביבות גבינת טבורוג,גרמים,450.00,100 גרם,false,1,20.90,4.64,true,1,
4810168055875,false,חתיכות פילה דג הרינג מתובל ממולח בשמן 1200 גרם,,,חתיכות פילה דג הרינג,גרמים,1200.00,100 גרם,false,1,41.90,3.49,true,1,
4810168055882,false,חתיכות פילה דג הרינג ממולח בשמן 1200 גרם,,,חתיכות פילה דג הרינג,גרמים,1200.00,100 גרם,false,1,41.90,3.49,true,1,
4810168055899,false,פילה דג הרינג מומלח בשמן מצונן 1200 גרם,,,פילה דג הרינג מומלח,גרמים,1200.00,100 גרם,false,1,41.90,3.49,true,1,
4810168055905,false,פילה דג הרינג סקנדינבי ממולח בשמן 1200 גרם,,,פילה דג הרינג סקנדינ,גרמים,1200.00,100 גרם,false,1,41.90,3.49,true,1,
4810168056964,false,בלינצ'ס במילוי ממרח קקאו-אגוזי לוז מוקפא 360 גרם,,BY,בלינצס במילוי ממרח ק,גרמים,360.00,100 גרם,false,1,14.60,4.06,true,1,
4810168057435,false,חתיכות פילה דג XXLהרינג מלוח בשמן מצונן 400 גרם,,RU,חתיכות פילה הרינג מל,גרמים,500.00,100 גרם,false,1,30.50,6.10,true,1,
4810168057510,false,חתיכות פילה דג הרינג מתובל מלוח בשמן 400 גרם,,,חתיכות פילה הרינג מת,גרמים,400.00,100 גרם,false,1,30.50,7.63,true,1,
4810168058876,false,ביצי דג טרוטונית Moiva עם אבוקדו וסלמון,,,ביצי דג טרוטונית Moi,גרמים,180.00,100 גרם,false,1,16.90,9.39,true,1,
4810168058975,false,חתיכות פילה דג הרינג סקנדינבי מלוח מצונן 260 גר,סנטה ברמור,,חתיכות פילה דג הרינג,גרמים,260.00,100 גרם,false,1,19.40,7.46,true,1,
4810168058982,false,חתיכות פילה דג הרינג סקנדינבי מלוח בשמן 400 גר,סנטה ברמור,RU,חתיכות פילה דג הרינג,גרמים,400.00,100 גרם,false,1,30.50,7.63,true,1,
4810168058999,false,פילה דג הרינג סקנדינבי מלוח מצונן 250 גרם,סנטה ברמור,,פילה הרינג סקנדינבי,גרמים,250.00,100 גרם,false,1,15.20,6.08,true,1,
4810168061159,false,בסגנון קוויאר שחור כדורי דג סלמון ופורל,פירסט קוואליטי תרייד,,בסגנון קוויאר שחור כ,גרמים,230.00,100 גרם,false,1,14.90,6.48,true,1,
4810268027345,false,טבורוג 5% סבושקין קלאסי 300 גרם,,BY,טבורוג 5% סבושקין קל,גרמים,300.00,100 גרם,false,1,19.90,6.63,true,1,
4810268028847,false,טבורוג 5% סבושקין זרניסטיי 350 גרם,,BY,טבורוג 5% סבושקין זר,גרמים,200.00,100 גרם,false,1,15.90,7.95,true,1,
4810268028908,false,טבורוג 5% סבושקין קלאסי 350 גרם,,BY,טבורוג 5% סבושקין קל,גרמים,350.00,100 גרם,false,1,21.90,6.26,true,1,
4810268041907,false,טבורוג 5% סבושקין קלאסי 200 גרם,,BY,טבורוג 5% סבושקין קל,גרמים,200.00,100 גרם,false,1,9.90,4.95,true,1,
4810268041914,false,טבורוג 5% סבושקין קלאסי 200 גרם,,BY,טבורוג 5% סבושקין קל,גרמים,200.00,100 גרם,false,1,13.50,6.75,true,1,
4810278003568,false,חליטת צמחים20 שקיקים CHAMOMILE,,BY,חליטת צמחים20 שקיקים,גרמים,20.00,100 גרם,false,1,10.40,52.00,true,1,
4810285004008,false,"קווס ""לידסקיי"" לחם 1.5 ליטר",לידסקויה פיבו,,"קווס ""לידסקיי"" לחם 1",ליטרים,0.00,ליטר,false,1,13.90,13.90,true,1,
4810285006743,false,"קווס ""לידסקיי"" כהה 1.5 ליטר",לידסקויה פיבו,,"קווס ""לידסקיי"" כהה 1",ליטרים,0.00,ליטר,false,1,13.90,13.90,true,1,
4810410078027,false,שוקולד חלב עם מילוי קרמל מלוח 200 ג KOM,קמונרקה,,שוקולד חלב עם מילוי,גרמים,200.00,100 גרם,false,1,15.90,7.95,true,1,
4812493000919,false,חטיף גבינה לבנה בטעם קקאו 40 גרם,,BY,חטיף גבינה לבנה בטעם,גרמים,40.00,100 גרם,false,1,2.90,7.25,true,1,
4812493000926,false,חטיף גבינה לבנה בטעם תות מצופה קקאו 40 ג,,BY,חטיף גבינה לבנה בטעם,גרמים,40.00,100 גרם,false,1,2.90,7.25,true,1,
4812493000933,false,חטיף גבינה לבנה פטל אוכמניות מצופה קקאו,,BY,חטיף גבינה לבנה פטל,גרמים,40.00,100 גרם,false,1,2.90,7.25,true,1,
4812493000940,false,חטיף גבינה לבנה וניל מצופה קקאו 40 גרם,,BY,חטיף גבינה לבנה וניל,גרמים,40.00,100 גרם,false,1,2.90,7.25,true,1,
4812493001077,false,חטיף גבינה לבנה מצופה שוקולד לבן בטעם לי,,BY,חטיף גבינה לבנה,גרמים,40.00,100 גרם,false,1,2.90,7.25,true,1,
4813538005548,false,מיץ סוצני מולטיפרוקט 1.95 ליטר,OASIS GROUP,,מיץ סוצני מולטיפרוקט,ליטרים,0.00,ליטר,false,1,25.90,25.90,true,1,
4815387001887,false,תה ירוק פירות 80 גר LOVARE,MALBI CHOCOLATE,,תה ירוק פירות 80 גר,גרמים,80.00,100 גרם,false,1,15.90,19.88,true,1,
4815387001931,false,תה צמחים עם פירות ROYAL DESSERT 80 גר,MALBI CHOCOLATE,,תערובת תה צמחים פירו,גרמים,80.00,100 גרם,false,1,15.90,19.88,true,1,
4815387002136,false,ערכת תה מתנה 12 סוגי תה וחליטת וצמחים דלהי 60 יח',,UA,מארז תה 12 טעמים DAL,יחידה,1.00,יחידה,false,1,31.50,31.50,true,1,
4815387003577,false,תה פארטי גריט אריזת,MALBI CHOCOLATE,,תה 155 גר LOVARE GRE,גרמים,155.00,100 גרם,false,1,36.50,23.55,true,1,
4820000190954,false,"בירה אובולון בהירה פחית 500 מ""ל",OBOLON,,בירה אובולון בהירה פ,מיליליטרים,500.00,"100 מ""ל",false,1,9.90,1.98,true,1,
4820000191579,false,בירה אובולון בהירה 2 ליטר,OBOLON,,בירה אובולון בהירה 2,ליטרים,0.00,ליטר,false,1,24.90,24.90,true,1,
4820000191586,false,בירה אובולון בהירה 1 ליטר,אובלון,,בירה אובולון בהירה 1,מיליליטרים,1000.00,"100 מ""ל",false,1,13.90,1.39,true,1,
4820000191715,false,"בירה אובלון צהובה 500 מ""ל",OBOLON,,בירה אובלון פרמיום 5,מיליליטרים,500.00,"100 מ""ל",false,1,9.90,1.98,true,1,
4820000192101,false,"בירה בירמיקס קלה בטעם לימון 500 מ""ל",OBOLON,,בירה קלה בטעם לימון,מיליליטרים,500.00,"100 מ""ל",false,1,9.90,1.98,true,1,
4820000192125,false,"בירה בירמיקס קלה בטעם דובדבן 500 מ""ל",OBOLON,,בירה קלה בטעם דובדבן,מיליליטרים,500.00,"100 מ""ל",false,1,9.90,1.98,true,1,
4820000193238,false,"בירה בירמיקס קלה בטעם פטל 500 מ""ל",OBOLON,,בירה בירמיקס קלה בטע,מיליליטרים,500.00,"100 מ""ל",false,1,9.90,1.98,true,1,
4820000195867,false,בירה זיגולובסקיה 2 ליטר,OBOLON,,בירה זיגולובסקיה 2 ל,ליטרים,0.00,ליטר,false,1,24.90,24.90,true,1,
4820000455732,false,בירה בבקבוק 450 מייל LVIVSKE 1715,,,בירה בבקבוק 450 מייל,מיליליטרים,450.00,"100 מ""ל",false,1,10.90,2.42,true,1,
4820000455909,false,קוואס טאראס 1.5 ל,,,קואס טאראס 1.5 ל,ליטרים,0.00,ליטר,false,1,16.90,16.90,true,1,
4820000456272,false,"בירה LVIVSKE פרמיום 500 מ""ל",חרקוב ביסקוויט,,בירה LVIVSKE פרמיום,מיליליטרים,450.00,"100 מ""ל",false,1,10.90,2.42,true,1,
4820000456401,false,בירה ROBERT DOMS BELGIYSKIY בקבוק 500 מל,קלסברג אוקראינה,,בירה ROBERT DOMS BEL,מיליליטרים,500.00,"100 מ""ל",false,1,10.90,2.18,true,1,
4820000458238,false,"בירה כהה ""אריה כהה"" בבקבוק 500 מ""ל",,,"בירה כהה ""אריה כהה""",מיליליטרים,450.00,"100 מ""ל",false,1,10.90,2.42,true,1,
4820000458788,false,בפחית 500 מל Robert Doms Belgiyskiy בירה,,,בפחית 500 מל Robert,מיליליטרים,500.00,"100 מ""ל",false,1,10.90,2.18,true,1,
4820000458887,false,בירה 1.45 ליטר LVIVSKE 1715,קלסברג אוקראינה,UA,בירה 1.45 ליטר LVIVS,מיליליטרים,1450.00,"100 מ""ל",false,1,19.90,1.37,true,1,
4820000944625,false,"יין מבעבע אוריאנדה קריסטל ברוט 750 מ""ל",גלובל ספיריטס,UA,יין מבעבע אוריאנדה ק,מיליליטרים,750.00,"100 מ""ל",false,1,32.90,4.39,true,1,
4820000947305,false,"ברנדי שוסטוף 3 שנה 500 מ""ל",,,ברנדי שוסטוף 3 שנה 5,מיליליטרים,500.00,"100 מ""ל",false,1,54.90,10.98,true,1,
4820000948418,false,"ברנדי שוסטוף גראנד רויאל 500 מ""ל X.O",,,ברנדי שוסטוף גראנד ר,מיליליטרים,500.00,"100 מ""ל",false,1,79.90,15.98,true,1,
4820002301907,false,ביסקוויט סכרנוי 180 גר Kharkovchanka,,UA,ביסקוויט סכרנוי 180,גרמים,180.00,100 גרם,false,1,5.90,3.28,true,1,
4820002710242,false,בירה אובולון ברחטנויה 1 ליטר,אובלון,,בירה אובולון ברחטנוי,מיליליטרים,1000.00,"100 מ""ל",false,1,13.90,1.39,true,1,
4820002710426,false,בירה אובולון לבנה 1 ליטר,אובלון,,בירה אובולון לבנה 1,מיליליטרים,1000.00,"100 מ""ל",false,1,13.90,1.39,true,1,
4820002710860,false,בירה אובולון פשניצנויה 1 ליטר,OBOLON,,בירה אובולון פשניצנו,מיליליטרים,1000.00,"100 מ""ל",false,1,13.90,1.39,true,1,
4820003350102,false,יין מבעבע אדום חצי מתוק 750 מל,,,יין מבעבע אדום חצי מ,מיליליטרים,750.00,"100 מ""ל",false,1,64.90,8.65,true,1,
4820003357484,false,"KRIMיין מבעבע לבן יבש ברוט 750 מ""ל",,,KRIMיין מבעבע לבן יב,מיליליטרים,750.00,"100 מ""ל",false,1,64.90,8.65,true,1,
4820003689189,false,מיץ עגבניות 1.93 ליטר אודסה,,,מיץ עגבניות 1.93 ליט,ליטרים,0.00,ליטר,false,1,24.90,24.90,true,1,
4820003689325,false,נקטר מולטיפרוט 1.93 ליטר נאש סוק,נאש סוק,UA,נקטר מולטיפרוט 1.93,ליטרים,0.00,ליטר,false,1,24.90,24.90,true,1,
4820003689349,false,נקטר מולטיויטמין 1.93 ליטר נאש סוק,ויטמרק,,נקטר מולטיויטמין 1.9,ליטרים,0.00,ליטר,false,1,24.90,24.90,true,1,
4820003689363,false,נקטר עגבניות עם מלח 1.93 ליטר נאש סוק,נאש סוק,UA,נקטר עגבניות עם מלח,ליטרים,0.00,ליטר,false,1,24.90,24.90,true,1,
4820003689387,false,נקטר דובדבן 1.93 ליטר נאש סוק,ויטמרק,,נקטר דובדבן 1.93 ליט,ליטרים,0.00,ליטר,false,1,24.90,24.90,true,1,
4820005193073,false,שוקולד מילניום גולד מריר אגוז 100 גרם,מלבי,,שוקולד מילניום גולד,גרמים,100.00,100 גרם,false,1,7.90,7.90,true,1,
4820006011000,false,סקוירה-גריסי תירס 800 גרם,,,סקוירה-גריסי תירס 80,גרמים,800.00,100 גרם,false,1,9.90,1.24,true,1,
4820006011758,false,גריסי פנינה 800 גרם,,UA,גריסי פנינה 800 גרם,גרמים,800.00,100 גרם,false,1,9.90,1.24,true,1,
4820006011819,false,גריסי דוחן 800 גרם,,UA,גריסי דוחן 800 גרם,גרמים,800.00,100 גרם,false,1,9.90,1.24,true,1,
4820012790210,false,פטריות לבנות מיובשות וחתוכות 15 גר,,UA,פטריות לבנות מיובשות,גרמים,15.00,100 גרם,false,1,18.90,126.00,true,1,
4820015165213,false,גלידת שמנת משובחת בטעם וניל פלומביר שכבות וופל 90 גרם,ז'יטומרסקי זאבוד,,גלידה פלומביר בריקט,גרמים,90.00,100 גרם,false,1,6.90,7.67,true,1,
4820016250604,false,"נקטר מולטיויטמין 200 מ""ל נאש סוק",,UA,נקטר מולטיויטמין 200,מיליליטרים,200.00,"100 מ""ל",false,1,3.90,1.95,true,1,
4820016251205,false,"נקטר אפרסק-תפו""ע 200 מ""ל נאש סוק",,UA,"נקטר אפרסק-תפו""ע 200",מיליליטרים,200.00,"100 מ""ל",false,1,3.90,1.95,true,1,
4820026670201,false,סוכריות גלי בטעם לימון 265 גרם,חרקוב בסקוויט,,סוכריות גלי בטעם לימ,גרמים,265.00,100 גרם,false,1,14.90,5.62,true,1,
4820026670430,false,סוכריות וונוצק סולנצני 500 גרם,חרקוב בסקוויט,,סוכריות וונוצק סולנצ,גרמים,500.00,100 גרם,false,1,25.90,5.18,true,1,
4820026671673,false,בונבוניירה אסורטי פרמיאום 300 גרם,חרקוב בסקוויט,,בונבוניירה אסורטי פר,גרמים,300.00,100 גרם,false,1,32.90,10.97,true,1,
4820026674148,false,עוגת וופל מצופה שוקולד דליס 500 גרם,חרקוב בסקוויט,UA,עוגת וופל מצופה שוקו,גרמים,500.00,100 גרם,false,1,34.90,6.98,true,1,
4820026674827,false,בונבוניירה סטרלה 180 גרם,חרקוב בסקוויט,,בונבוניירה סטרלה 180,גרמים,180.00,100 גרם,false,1,19.90,11.06,true,1,
4820026675909,false,בונבוניירה פרומטיי 300 גרם,חרקוב בסקוויט,,בונבוניירה פרומטיי,גרמים,300.00,100 גרם,false,1,23.90,7.97,true,1,
4820029431083,false,"משקה כהלי מוגז בטעם גין טוניק 330 מ""ל",OBOLON,,משקה כהלי מוגז בטעם,מיליליטרים,330.00,"100 מ""ל",false,1,12.80,3.88,true,1,
4820029431090,false,"משקה כהלי מוגז בטעם ברנדי קולה 330 מ""ל",OBOLON,,משקה כהלי מוגז בטעם,מיליליטרים,330.00,"100 מ""ל",false,1,12.80,3.88,true,1,
4820029431106,false,"משקה כהלי מוגז בטעם רום עם קולה 330 מ""ל",OBOLON,,משקה כהלי מוגז בטעם,מיליליטרים,330.00,"100 מ""ל",false,1,12.80,3.88,true,1,
4820029960415,false,"מעדן פטל יער פוסולסקי דבור 1.20 ק""ג",,UA,מעדן פטל יער פוסולסק,קילוגרמים,0.00,"ק""ג",false,1,36.50,36.50,true,1,
4820029961078,false,"קונפיטורה אוכמניות שחורות 1.2 ק""ג DARLIS",,UA,קונפיטורה אוכמניות ש,גרמים,1200.00,100 גרם,false,1,36.50,3.04,true,1,
4820030561380,false,ממרח קישואים קייץ 500 גרם דרי באבושקה,אוריקה,,ממרח קישואים קייץ 50,גרמים,500.00,100 גרם,false,1,11.90,2.38,true,1,
4820030561526,false,שימורי אפונה ירוקה 510 גרם באבושקה,אוריקה,,שימורי אפונה ירוקה 5,מיליליטרים,500.00,"100 מ""ל",false,1,12.90,2.58,true,1,
4820030561557,false,שעועית לבנה 540 גרם באבושקינה,אוריקה,,שעועית לבנה 540 גרם,גרמים,540.00,100 גרם,false,1,12.90,2.39,true,1,
4820039290014,false,פלפל שחור שלם 20 גר,,,פלפל שחור שלם 20 גר,Unknown,0.00,Unknown,false,1,9.90,9.90,true,1,
4820039294548,false,תבלין לבשר תימין ופלפל צילי 30גר SHEDEVR,,UA,תבלין לבשר תימין ופל,גרמים,30.00,100 גרם,false,1,9.90,33.00,true,1,
4820039710628,false,"מעדן ארוניה פוסולסקי דבור 1.25 ק""ג",,,מעדן ארוניה פוסולסקי,קילוגרמים,0.00,"ק""ג",false,1,37.90,37.90,true,1,
4820039710710,false,"מעדן פטל פוסולסקי דבור 1.25 ק""ג",,,מעדן פטל יפוסולסקי ד,קילוגרמים,0.00,"ק""ג",false,1,37.90,37.90,true,1,
4820041576557,false,"ממרח ע""ב שומן צמחי ושומן חלב 82.5% 180 ג",Cow Land,BG,"ממרח ע""ב שומן צמחי ו",גרמים,18.00,100 גרם,false,1,7.90,43.89,true,1,
4820043010028,false,"שמן אגוזי מלך(סחיטה קרה) 350 מ""ל",אגרוספרום,,"שמן אגוז 350 מ""ל גול",מיליליטרים,350.00,"100 מ""ל",false,1,49.90,14.26,true,1,
4820043011094,false,"שמן חרדל (סחיטה קרה) 500 מ""ל",אגרוספרום,,שמן חרדל (סחיטה קרה),מיליליטרים,500.00,"100 מ""ל",false,1,47.90,9.58,true,1,
4820046960511,false,"בירה חזקה כהה ""אבטורסקוה 500 ,6.5% ""מ""ל",,,"בירה חזקה כהה ""אבטור",מיליליטרים,500.00,"100 מ""ל",false,1,11.90,2.38,true,1,
4820046962652,false,בירה בהירה בוצקובוה 4.3% לא מסוננת 500 מ,,UA,בירה בהירה בוצקובוה,מיליליטרים,500.00,"100 מ""ל",false,1,11.90,2.38,true,1,
4820046962829,false,"בירה כהה בוצקובוה 4.3% לא מסוננת 500 מ""ל",,,בירה כהה בוצקובוה 4.,מיליליטרים,500.00,"100 מ""ל",false,1,11.90,2.38,true,1,
4820056380163,false,עולש נמס גאלקה עם ורד בר 100 גר,ורחובינקה,,עולש נמס גאלקה עם ור,גרמים,100.00,100 גרם,false,1,8.50,8.50,true,1,
4820056380354,false,עולש נמס גאלקה פלוס 100 גר,ורחובינקה,,עולש נמס גאלקה פלוס,גרמים,100.00,100 גרם,false,1,8.50,8.50,true,1,
4820056380361,false,עולש נמס גאלקה עם אוכמניות 100 גר,ורחובינקה,,עולש נמס גאלקה עם או,גרמים,100.00,100 גרם,false,1,8.50,8.50,true,1,
4820060252470,false,"וודקה בלגוף 700 מ""ל בטעם תפוח ירוק",,,"וודקה בלגוף 700 מ""ל",מיליליטרים,700.00,"100 מ""ל",false,1,49.90,7.13,true,1,
4820061980174,false,דגי ביצקי מטוגנים ברוטב עגבניות 250 גר,מפעל ניקולייבסקי,,דגי ביצקי מטוגנים בר,גרמים,250.00,100 גרם,false,1,8.90,3.56,true,1,
4820071842547,false,"יין מבעבע אוריאנדה לבן מתוק 750 מ""ל",אוריאנדה,UA,יין מבעבע אוריאנדה ל,מיליליטרים,750.00,"100 מ""ל",false,1,32.90,4.39,true,1,
4820075500092,false,בונבוניירה מילניום גולד 205 גרם,MALBI CHOCOLATE,UA,GOLD בונבויירות מילנ,גרמים,205.00,100 גרם,false,1,18.90,9.22,true,1,
4820075503017,false,"בונבוניירה טרופל 300 גר "" Truff 4you""",MALBI CHOCOLATE,,בונבוניירה טרופל 300,גרמים,300.00,100 גרם,false,1,27.90,9.30,true,1,
4820077081124,false,"שמן חמניות לא מזוכך גרנה 850 מ""ל",,,שמן חמניות לא מזוכך,מיליליטרים,850.00,"100 מ""ל",false,1,12.90,1.52,true,1,
4820077081148,false,"גארנה שמן חמניות מזוכך 850 מ""ל",,,שמן חמניות מזוכך גרנ,מיליליטרים,850.00,"100 מ""ל",false,1,12.90,1.52,true,1,
4820080720584,false,"וודקה חלבני 700 מ""ל דאר קלסיק 700מל כ",NATIONAL ALCOHOL COM,,וודקה חלבני דאר קלאס,מיליליטרים,700.00,"100 מ""ל",false,1,62.90,8.99,true,1,
4820094252231,false,מעדן פטל אדום 45% פרי 700 גר,,UA,מעדן פטל אדום 45% פר,גרמים,700.00,100 גרם,false,1,19.90,2.84,true,1,
4820097894025,false,"הפס שיכר סיידר תפוחים בטעם טבעי 330 מ""ל",BEVERAGES FOODS & SE,,הפס שיכר סיידר תפוחי,מיליליטרים,330.00,"100 מ""ל",false,1,7.90,2.39,true,1,
4820097895190,false,הפס שיכר סיידר תפוחים בטעם דובדבן 330 מל,BEVERAGES FOODS & SE,,הפס שיכר סיידר תפוחי,מיליליטרים,330.00,"100 מ""ל",false,1,7.90,2.39,true,1,
4820097896265,false,"הפס שיכר סיידר תפוחים בטעם אגס 330 מ""ל",BEVERAGES FOODS & SE,,הפס שיכר סיידר תפוחי,מיליליטרים,330.00,"100 מ""ל",false,1,7.90,2.39,true,1,
4820097898221,false,"קוקטייל מוכן בורה בורה 330 מ""ל",,UA,קוקטייל מוכן בורה בו,מיליליטרים,330.00,"100 מ""ל",false,1,7.90,2.39,true,1,
4820097898238,false,"קוקטייל מוכן סקס און דה ביץ 330 מ""ל",,UA,קוקטייל מוכן סקס און,מיליליטרים,330.00,"100 מ""ל",false,1,7.90,2.39,true,1,
4820097899150,false,"קוקטייל מוכן גין אשכוליות 330 מ""ל",,UA,קוקטייל מוכן גין אשכ,מיליליטרים,330.00,"100 מ""ל",false,1,7.90,2.39,true,1,
4820103341543,false,חלב מרוכז מבושל 370 גרם פחית,,,חלב מרוכז מבושל 370,גרמים,370.00,100 גרם,false,1,11.90,3.22,true,1,
4820103341574,false,חלב מרוכז 370 גרם או,איצוניאנסקי,,חלב מרוכז 370 גרם,גרמים,370.00,100 גרם,false,1,11.90,3.22,true,1,
4820106160691,false,גרעיני חמניות עם קליפה קלויים 200ג ALMAZ,אזארנה,UA,גרעיני חמניות עם קלי,גרמים,200.00,100 גרם,false,1,11.90,5.95,true,1,
4820112366254,false,"סוכריות זבודייקה בטעם חלב מרוכז 1 ק""ג",KHARKIV BISCUIT,UA,סוכריות זבודייקה בטע,גרמים,1000.00,100 גרם,false,1,33.90,3.39,true,1,
4820112367145,false,"סוכריות מירל 1 ק""ג Kharkovchanka",KHARKIV BISCUIT,UA,"סוכריות מירל 1 ק""ג K",גרמים,1000.00,100 גרם,false,1,44.90,4.49,true,1,
4820112367350,false,"סוכריות ""ורזה"" בטעם וניל עם שמנת 1 ק""ג",KHARKIV BISCUIT,UA,"סוכריות ""ורזה"" בטעם",גרמים,1000.00,100 גרם,false,1,31.90,3.19,true,1,
4820120600548,false,מעדן דובדבנים ללא גלעינים 45% פרי 700 גר,,UA,מעדן דובדבנים ללא גל,גרמים,700.00,100 גרם,false,1,19.90,2.84,true,1,
4820139474284,false,"שיכר חמוציות 500 מ""ל SPELAYA",,,"שיכר חמוציות 500 מ""ל",מיליליטרים,500.00,"100 מ""ל",false,1,22.90,4.58,true,1,
4820154722148,false,גלידה לנינגרד שוקו 70 גר,ז'יטומרסקי זאבוד,,גלידה לנינגרד שוקו 7,גרמים,70.00,100 גרם,false,1,6.90,9.86,true,1,
4820154722162,false,גלידה לנינגרד 70 גר,ז'יטומרסקי זאבוד,,גלידה לנינגרד 70 גר,גרמים,70.00,100 גרם,false,1,6.90,9.86,true,1,
4820154722803,false,גלידה אסקימוס שוקולד 750 גר,ז'יטומרסקי זאבוד,,גלידה אסקימוס שוקולד,גרמים,750.00,100 גרם,false,1,32.90,4.39,true,1,
4820154727938,false,גלידה חלבית בשומן צמחי בטעם מלון וליים אסקימו 85 גרם,ז'יטומרסקי זאבוד,,גלידה אסקימו מלון לי,גרמים,85.00,100 גרם,false,1,6.90,8.12,true,1,
4820160780415,false,פירוזקי עם אורז וביצים 450 גר,,,פירוזקי עם אורז,גרמים,450.00,100 גרם,false,1,17.90,3.98,true,1,
4820160780835,false,"פירושקי עם תפו""א ופטריות 450 גר",,,"פירושקי עם תפו""א",גרמים,450.00,100 גרם,false,1,17.90,3.98,true,1,
4820165641360,false,סושקה מליוטקה פירמניה 300 גר,סלובוז'נסקי ברד בייק,,סושקה מליוטקה פירמני,גרמים,300.00,100 גרם,false,1,8.90,2.97,true,1,
4820165641384,false,סושקה מליוטקה וניל פלורה 300 גר,סלובוז'נסקי ברד בייק,,סושקה מליוטקה וניל פ,גרמים,300.00,100 גרם,false,1,8.90,2.97,true,1,
4820165641391,false,סושקה וניל פלורה 300 גר,סלובוז'נסקי ברד בייק,,סושקה וניל פלורה 300,גרמים,300.00,100 גרם,false,1,8.90,2.97,true,1,
4820165641421,false,סולומקה מתוקה חרומטיק 250 גרם,סלובוז'נסקי ברד בייק,,סולומקה מתוקה חרומטי,גרמים,250.00,100 גרם,false,1,8.90,3.56,true,1,
4820165641438,false,סולומקה בטעם פירות 250 גרם,סלובוז'נסקי ברד בייק,,סולומקה בטעם פירות 2,גרמים,250.00,100 גרם,false,1,8.90,3.56,true,1,
4820171991664,false,ורניק לסקה תפוח אדמה 900 גר,לאסקה,,ורניק לסקה תפוח אדמה,גרמים,900.00,100 גרם,false,1,25.90,2.88,true,1,
4820171991701,false,ורניקי עם דובדבן 900 גר,,UA,ורניקי עם דובדבן 900,גרמים,900.00,100 גרם,false,1,36.90,4.10,true,1,
4820171993279,false,"קרפלך תפו""א ופטריות 900 גר",לאסקה,,"קרפלך תפו""א ופטריות",גרמים,900.00,100 גרם,false,1,25.90,2.88,true,1,
4820171997819,false,"ורניקי תפו""א ובצל 900 גר",לאסקה,UA,"ורניקי תפו""א ובצל 90",גרמים,900.00,100 גרם,false,1,25.90,2.88,true,1,
4820171997833,false,"ורניקי תפו""א ושמיר 900 גר",,UA,"ורניקי תפו""א ושמיר 9",גרמים,900.00,100 גרם,false,1,25.90,2.88,true,1,
4820176062956,false,יין מבעבע לבן חצי מתוק 750 מל,,,יין מבעבע לבן חצי מת,מיליליטרים,750.00,"100 מ""ל",false,1,64.90,8.65,true,1,
4820179251593,false,איטריות רולטון בטעם בקר בבכוס 75 גרם,MAREVEN FOOD,,איטריות רולטון בטעם,גרמים,0.00,100 גרם,false,1,7.50,7.50,true,1,
4820179251616,false,איטריות רולטון בטעם עוף בבכוס 75 גרם,MAREVEN FOOD,,איטריות רולטון בטעם,גרמים,0.00,100 גרם,false,1,7.50,7.50,true,1,
4820179254013,false,פירה בטעם שמנת בכוס 40 גרם Rolton,Mareven Food Ukraine LLC,UA,פירה בטעם שמנת בכוס,גרמים,40.00,100 גרם,false,1,5.90,14.75,true,1,
4820179254044,false,פירה בטעם עוף בכוס 40 גרם Rolton,Mareven Food Ukraine LLC,UA,פירה בטעם עוף בכוס 4,גרמים,40.00,100 גרם,false,1,5.90,14.75,true,1,
4820179254693,false,פירה להכנה מהירה בטעם שינקן וגבי55 גר,MAREVEN FOOD,,פירה להכנה מהירה בט,גרמים,55.00,100 גרם,false,1,8.90,16.18,true,1,
4820179254716,false,פירה להכנה מהירה בטעם עוף בכוס 55 גר,MAREVEN FOOD,,פירה להכנה מהירה בט,גרמים,55.00,100 גרם,false,1,8.90,16.18,true,1,
4820179255003,false,איטריות רולטון להכנה מהירה בטעם גבינה ו,MAREVEN FOOD,,איטריות רולטון להכנה,גרמים,0.00,100 גרם,false,1,7.50,7.50,true,1,
4820180250042,false,צמות סולוגוני מעושן סירויישקה 100 גרם,,UA,צמות סולוגוני מעושן,גרמים,100.00,100 גרם,false,1,19.90,19.90,true,1,
4820180251018,false,צמות סולוגוני מעושן אדיגייסקי 100 גרם,,UA,צמות סולוגוני מעושן,גרמים,100.00,100 גרם,false,1,19.90,19.90,true,1,
4820181420628,false,"וודקה וודקה נמירוף נמירוף אוריגינל 700 מ""ל",,,וודקה נמירוף נמירוף,מיליליטרים,700.00,"100 מ""ל",false,1,59.90,8.56,true,1,
4820181420758,false,"וודקה נמירוף חיטה 700 מ""ל",,,וודקה נמירוף חיטה 70,מיליליטרים,700.00,"100 מ""ל",false,1,59.90,8.56,true,1,
4820181420901,false,"וודקה נמירוף פלפל ודבש 700 מ""ל",,,וודקה נמירוף פלפל וד,מיליליטרים,700.00,"100 מ""ל",false,1,59.90,8.56,true,1,
4820182060175,false,גרעיני חמניות קלויים מקול.50 ג san sanic,סנאק פרודקשן,,גרעיני חמניות קלויים,גרמים,50.00,100 גרם,false,1,2.90,5.80,true,1,
4820182060182,false,גרעיני חמניות עם מלח קלויים מקולפים 50ג,סנאק פרודקשן,,גרעיני חמניות עם מלח,גרמים,50.00,100 גרם,false,1,2.90,5.80,true,1,
4820182740077,false,ציפס בטעם גבינה 70 גר,קלוס צ'פסוב,,ציפס בטעם גבינה 70 ג,גרמים,70.00,100 גרם,false,1,8.50,12.14,true,1,
4820182740084,false,ציפס בטעם בקון 70 גר,קלוס צ'פסוב,,ציפס בטעם בקון 70 גר,Unknown,0.00,Unknown,false,1,8.50,8.50,true,1,
4820182741777,false,ציפס בטעם שישליק 70 גר Chipsters,קלוס צ'פסוב,UA,ציפס בטעם שישליק 70,גרמים,70.00,100 גרם,false,1,8.50,12.14,true,1,
4820182742019,false,ציפס בטעם כנפיים ברביקיו 70 גר פלינט,Snacks,,ציפס כנפיים ברביקיו,גרמים,70.00,100 גרם,false,1,8.50,12.14,true,1,
4820182742903,false,קרוטונים פלינט בטעם סרטן 35 גרם,Snacks,UA,קרוטונים פלינט בטעם,גרמים,35.00,100 גרם,false,1,2.90,8.29,true,1,
4820182742972,false,קרוטונים פלינט בטעם קוויאר 35 גרם,Snacks,UA,קרוטונים פלינט בטעם,גרמים,35.00,100 גרם,false,1,2.90,8.29,true,1,
4820182742989,false,קרוטונים פלינט בטעם גבינה 35 גר,Snacks,UA,קרוטונים פלינט בטעם,גרמים,35.00,100 גרם,false,1,2.90,8.29,true,1,
4820182742996,false,קרוטונים פלינט בטעם סלמי 35 גר,Snacks,UA,קרוטונים פלינט בטעם,גרמים,35.00,100 גרם,false,1,2.90,8.29,true,1,
4820182743009,false,קרוטונים פלינט בטעם שישליק 35 גרם,Snacks,UA,קרוטונים פלינט בטעם,גרמים,35.00,100 גרם,false,1,2.90,8.29,true,1,
4820182743160,false,קרוטונים בטעם שום 70 גרם FLINT,MALBI CHOCOLATE,,קרוטונים בטעם שום 7,גרמים,70.00,100 גרם,false,1,4.50,6.43,true,1,
4820182746932,false,קרוטונים בטעם עגבניות מתובלות 70גר FLINT,MALBI CHOCOLATE,,קרוטונים בטעם עגבניו,גרמים,70.00,100 גרם,false,1,4.50,6.43,true,1,
4820185230018,false,גלידה משפחתית לאסקה שוקולד 1 קג,לסקה,,גלידה משפחתית לאסקה,גרמים,1000.00,100 גרם,false,1,36.90,3.69,true,1,
4820185230179,false,גלידה לקומקה עם קקאו 100 גר,laska,,גלידה לקומקה עם קקאו,גרמים,100.00,100 גרם,false,1,5.90,5.90,true,1,
4820185230186,false,גלידה לקומקה 100 גר,laska,,גלידה לקומקה 100 גר,גרמים,100.00,100 גרם,false,1,5.90,5.90,true,1,
4820185230230,false,גלידה משפחתית לאסקה וניל 1 קג,לסקה,,גלידה משפחתית לאסקה,גרמים,1000.00,100 גרם,false,1,36.90,3.69,true,1,
4820185230964,false,גלידה אליסקה 80 גר,,,גלידה אליסקה 80 גר,גרמים,80.00,100 גרם,false,1,5.90,7.38,true,1,
4820185230988,false,גלידה בריקט מקימוס 90 גרם,laska,UA,גלידה בריקט מקימוס 9,גרמים,90.00,100 גרם,false,1,5.90,6.56,true,1,
4820185231978,false,גלידה פלומביר בלרוסקי 600 גר,לסקה,,גלידה פלומביר בלרוסק,גרמים,600.00,100 גרם,false,1,32.90,5.48,true,1,
4820189290193,false,"יין לבן יבש רקציטלי 750 מ""ל AZNAURI",,,יין לבן יבש רקציטלי,Unknown,0.00,Unknown,false,1,32.90,32.90,true,1,
4820189290209,false,"יין אדום יבש ספארויי750 מ""ל AZNAURI",,UA,יין אדום יבש ספארוי,Unknown,0.00,Unknown,false,1,32.90,32.90,true,1,
4820189290483,false,"יין אזנאורי לבן מבעבע חצי מתוק 750 מ""ל",,UA,יין אזנאורי לבן מבעב,Unknown,0.00,Unknown,false,1,32.90,32.90,true,1,
4820189290865,false,"יין אזנאורי רוזה מבעבע ברוט 750 מ""ל",,UA,יין אזנאורי רוזה מבע,Unknown,0.00,Unknown,false,1,32.90,32.90,true,1,
4820193030051,false,"בירה אובולון ללא אלכוהול 500 מ""ל פחית",OBOLON,,בירה אובולון ללא אלכ,מיליליטרים,500.00,"100 מ""ל",false,1,9.90,1.98,true,1,
4820193030662,false,"בירה בהירה OBOLON אקסטרה בפחית 500 מ""ל",OBOLON,,בירה בהירה OBOLON א,מיליליטרים,500.00,"100 מ""ל",false,1,9.90,1.98,true,1,
4820193034691,false,בירה אובולון מחוזקת 2 ליטר,OBOLON,,בירה אובולון מחוזקת,ליטרים,0.00,ליטר,false,1,24.90,24.90,true,1,
4820193034707,false,בירה אובולון מחוזקת 1 ליטר.,OBOLON,,בירה אובולון מחוזקת,מיליליטרים,1000.00,"100 מ""ל",false,1,13.90,1.39,true,1,
4820193551754,false,"גלידת פלומביר שמנת לסונקה וניל 1 ק""ג",laska,UA,גלידת פלומביר שמנת,קילוגרמים,0.00,"ק""ג",false,1,36.90,36.90,true,1,
4820193551945,false,גלידה כוס פלומביר פילבסקי 90 גר,,,גלידה כוס פלומביר פי,גרמים,90.00,100 גרם,false,1,5.90,6.56,true,1,
4820193551990,false,כוס וליקן משמש דובדבן 70 גר,,,כוס וליקן משמש דובדב,גרמים,70.00,100 גרם,false,1,5.90,8.43,true,1,
4820198873271,false,תה שחור עם קליפת תפוז בטעם ברגמוט ולימון דלאי 25 יח',,UA,תה שחור 1.8 גר * 25,גרמים,45.00,100 גרם,false,1,10.90,24.22,true,1,
4820198873295,false,תה ירוק עם נענע למון גראס מליסה בטעם לימון דלהי 25 יח',,UA,תה ירוק 1.8 גר * 25,גרמים,45.00,100 גרם,false,1,10.90,24.22,true,1,
4820198873325,false,חליטת פירות וצמחים בטעם פטל דלהי 25 יח',,UA,חליטת פירות צמחים 2,גרמים,50.00,100 גרם,false,1,10.90,21.80,true,1,
4820198873332,false,תה שחור מיקס ארבע טעמים שונים דלהי 24 יח',,UA,תה שחור 24 שק DALAI,גרמים,40.00,100 גרם,false,1,10.90,27.25,true,1,
4820198874063,false,חליטת פירות וצמחים בטעם דובדבן ושקדים דלהי 25 יח',,UA,חליטת פירות 2 גר*25,גרמים,50.00,100 גרם,false,1,10.90,21.80,true,1,
4820199870019,false,סושקה וניל בקק 300 גר,BKK,,סושקה וניל בקק 300 ג,גרמים,300.00,100 גרם,false,1,7.90,2.63,true,1,
4820199870026,false,סושקה מלוטקה בקק 300 גר,BKK,,סושקה מלוטקה בקק 300,גרמים,300.00,100 גרם,false,1,7.90,2.63,true,1,
4820199870057,false,סושקה פירמינייה בקק 300 גר,BKK,,סושקה פירמינייה בקק,גרמים,300.00,100 גרם,false,1,7.90,2.63,true,1,
4820209111132,false,משקה קל מוגז מוחיטו 1 ליטר,,UA,משקה קל מוגז מוחיטו,מיליליטרים,1000.00,"100 מ""ל",false,1,12.90,1.29,true,1,
4820209111248,false,משקה קל מוגז בטעם ברבריס 2 ליטר ביולה,ביולה-ארלן,,משקה קל מוגז בטעם בר,ליטרים,0.00,ליטר,false,1,18.90,18.90,true,1,
4820209113105,false,משקה קל מוגז לימונד 2 ליטר ביולה,,UA,משקה קל מוגז לימונד,ליטרים,0.00,ליטר,false,1,18.90,18.90,true,1,
4820209113211,false,משקה קל מוגז טרחון 2 ליטר ביולה,,UA,משקה קל מוגז טרחון 2,ליטרים,0.00,ליטר,false,1,18.90,18.90,true,1,
4820209113402,false,משקה קל מוגז בייקל 2 ליטר ביולה,,UA,משקה קל מוגז בייקל 2,ליטרים,0.00,ליטר,false,1,18.90,18.90,true,1,
4820209113419,false,משקה קל מוגז סיטרו 2 ליטר ביולה,,UA,משקה קל מוגז סיטרו 2,ליטרים,0.00,ליטר,false,1,18.90,18.90,true,1,
4820210080014,false,מעדן תות שדה 45% פרי 700 גר,,UA,מעדן תות שדה 45% פרי,גרמים,700.00,100 גרם,false,1,19.90,2.84,true,1,
4820229031311,false,"וודקה חורטיצה פלטניום 700 מ""ל.",אוקראיניאן דיסטריביו,,וודקה חורטיצה פלטינו,מיליליטרים,700.00,"100 מ""ל",false,1,54.90,7.84,true,1,
4820229032042,false,"משקה כוהלי ""פרבק"" שיפון700 מ""ל",,,"וודקה ""פרבק"" שיפון 7",מיליליטרים,700.00,"100 מ""ל",false,1,57.20,8.17,true,1,
4823005000372,false,"בירה LVIVSKE 1715 פחית 500 מ""ל פחית",קלסברג אוקראינה,,בירה LVIVSKE 1715 פ,מיליליטרים,500.00,"100 מ""ל",false,1,9.90,1.98,true,1,
4823006800964,false,שימורי עגבניות כבושות עדין 920 גר NEZEN,NEZHIN,UA,שימורי עגבניות כבושו,גרמים,920.00,100 גרם,false,1,21.90,2.38,true,1,
4823006801251,false,עגבניות במיץ עגבניות נזין 920 גרם,NEZHIN,,עגבניות במיץ עגבניות,גרמים,920.00,100 גרם,false,1,24.90,2.71,true,1,
4823006801435,false,לצו נזין 450 גרם,NEZHIN,,לצו נזין 450 גרם,גרמים,450.00,100 גרם,false,1,15.90,3.53,true,1,
4823006801800,false,שימורי מלפפונים פאנזנסקי 920 גר NEZEN,NEZHIN,UA,שימורי מלפפונים פאנז,גרמים,920.00,100 גרם,false,1,21.90,2.38,true,1,
4823006801862,false,איקרה קישואים נזין 450 גרם,NEZHIN,,איקרה קישואים נזין 4,גרמים,450.00,100 גרם,false,1,15.90,3.53,true,1,
4823006802050,false,שימורי עגבניות ומלפפונים בתחמיץ920 NEZEN,NEZHIN,UA,שימורי עגבניות ומלפפ,גרמים,920.00,100 גרם,false,1,21.90,2.38,true,1,
4823006802135,false,איקרה חצילים נזין 450 גרם,NEZHIN,,איקרה חצילים נזין 45,גרמים,450.00,100 גרם,false,1,15.90,3.53,true,1,
4823006802395,false,חצילים ברוטב אדגיקה נזין 450 גרם,NEZHIN,,חצילים ברוטב אדגיקה,גרמים,450.00,100 גרם,false,1,15.90,3.53,true,1,
4823006802401,false,אדגיקה חריפה נזין 450 גרם,NEZHIN,,אדגיקה חריפה נזין 45,גרמים,450.00,100 גרם,false,1,15.90,3.53,true,1,
4823006803019,false,איקרה מפלפל אדום לוטניצה נזין 450 גרם,,,איקרה מפלפל אדום לוט,גרמים,450.00,100 גרם,false,1,15.90,3.53,true,1,
4823006803873,false,רטטוי נזין סלט ירקות,NEZHIN,,רטאטוי 450 גרם,גרמים,920.00,100 גרם,false,1,15.90,1.73,true,1,
4823006805075,false,שימורי מלפפונים בטעם כפרי 920 גר NEZEN,NEZHIN,UA,שימורי מלפפונים בטעם,גרמים,920.00,100 גרם,false,1,21.90,2.38,true,1,
4823063113007,false,"נקטר רימונים סנדורה 950 מ""ל",סנדורה,,נקטר רימונים סנדורה,מיליליטרים,950.00,"100 מ""ל",false,1,17.70,1.86,true,1,
4823063113038,false,"מיץ ירקות מעוקר סנדורה 950 מ""ל",סנדורה,,מיץ ירקות מעוקר סנדו,מיליליטרים,950.00,"100 מ""ל",false,1,17.70,1.86,true,1,
4823063113052,false,"מורס חמוציות סנדורה 950 מ""ל",סנדורה,,מורס חמוציות סנדורה,מיליליטרים,950.00,"100 מ""ל",false,1,17.70,1.86,true,1,
4823063113854,false,"מיץ תפ""ע מעוקר 100% פרי 950 מ""ל סנדורה",,,"מיץ תפ""ע מעוקר 100%",מיליליטרים,950.00,"100 מ""ל",false,1,17.70,1.86,true,1,
4823070203265,false,גלידה פלומביר סובייטי 70 גר,,,גלידה פלומביר,גרמים,70.00,100 גרם,false,1,5.90,8.43,true,1,
4823070203296,false,גלידה פלומביר בלרוסי 90 גר,,,גלידה פלומביר בלרוסי,גרמים,90.00,100 גרם,false,1,5.90,6.56,true,1,
4823070203395,false,גלידה אפריקנית 80 גר,,,גלידה אפריקנית 80 גר,גרמים,80.00,100 גרם,false,1,5.90,7.38,true,1,
4823077602863,false,"רושן סוכריות ג'לי ""קרייזי פצ'ולקה"" 200 גר",רושן,UA,"רושן סוכריות גלי ""קר",גרמים,200.00,100 גרם,false,1,6.90,3.45,true,1,
4823077604171,false,"שוקולד מריר ממולא קרם עם אגוזים ופירורי וופל רושן 1 ק""ג",,,סוכריות קארא קום 1 ק,גרמים,1000.00,100 גרם,false,1,59.90,5.99,true,1,
4823077604379,false,"סוכריות ראצקי 1 ק""ג רושן",קייב קרמנציק,,"סוכריות ראצקי 1 ק""ג",גרמים,1000.00,100 גרם,false,1,24.90,2.49,true,1,
4823077604416,false,"סוכריות קראסניי מאק 1 ק""ג רושן",,,סוכריות קראסניי מאק,גרמים,1000.00,100 גרם,false,1,59.90,5.99,true,1,
4823077604553,false,"סוכריות אברוליפט-מנטה ק""ג רושן",,,סוכריות אברוליפט-מנט,גרמים,1000.00,100 גרם,false,1,17.90,1.79,true,1,
4823077605215,false,"סוכריות גלי 1 ק""ג רושן",קייב קרמנציק,UA,סוכריות רושן גלי 1 ק,קילוגרמים,0.00,"ק""ג",false,1,29.90,29.90,true,1,
4823077607493,false,"סוכריות בטעם ברבריס רושן 1 ק""ג",,,"סוכריות ברבריס 1 ק""ג",גרמים,1000.00,100 גרם,false,1,17.90,1.79,true,1,
4823077607530,false,"סוכריות בטעם אגס רושן 1 ק""ג",,,"סוכריות דושס ק""ג רו",גרמים,1000.00,100 גרם,false,1,17.90,1.79,true,1,
4823077608513,false,רושן סוכריות טופי חלב קורבקה 205 גרם,הופבר האוס וולסרס,,סוכריות קורובקה 205,גרמים,205.00,100 גרם,false,1,6.90,3.37,true,1,
4823077608933,false,"סוכריות לצנה 1 ק""ג רושן",,,"סוכריות לצנה 1 ק""ג",גרמים,1000.00,100 גרם,false,1,59.90,5.99,true,1,
4823077611049,false,CUNDY NUT סוכריות קרמל נוגט ובוטנים 1 ק,,UA,CUNDY NUT סוכריות קר,גרמים,1000.00,100 גרם,false,1,34.90,3.49,true,1,
4823077611926,false,"סוכריות מילקי בינקי 1 ק""ג רושן",קייב קרמנציק,,סוכריות מילקי בינקי,גרמים,1000.00,100 גרם,false,1,24.90,2.49,true,1,
4823077612732,false,רושן סוכריות ממולאות בטעם פירות ביים בום 200 גרם,קייב קרמנציק,UA,סוכריות קרמל רושן בי,גרמים,200.00,100 גרם,false,1,4.90,2.45,true,1,
4823077613203,false,שוקולד רושן מריר + פונדוק שלם 90 גר רושן,רושן Roshen,,שוקולד רושן מריר + פ,גרמים,90.00,100 גרם,false,1,7.90,8.78,true,1,
4823077613630,false,חטיף שוקולד רושן ממולה קרם בורלה 43 גרם,רושן Roshen,,באטונציק קרם ברולה 4,גרמים,43.00,100 גרם,false,1,3.90,9.07,true,1,
4823077614699,false,ביסקוויט לקפה רושן בטעם חמאה וניל 185 גרם,קייב קרמנציק,,ביסקוויט וניל 185 גר,גרמים,185.00,100 גרם,false,1,3.90,2.11,true,1,
4823077614767,false,שוקולד רושן חלב נוגט בטעם אגוזי לוז 90 גרם,רושן,,שוקולד רושן חלב נוגט,גרמים,90.00,100 גרם,false,1,4.90,5.44,true,1,
4823077614804,false,שוקולד רושן חלב נוגט בטעם אוכמניות כחולות 90 גרם,רושן Roshen,,שוקולד חלב נוגט וניל,גרמים,90.00,100 גרם,false,1,4.90,5.44,true,1,
4823077615757,false,בונבוניירה סטרלה 200 גר רושן,רושן,,בונבוניירה סטרלה 200,גרמים,200.00,100 גרם,false,1,24.90,12.45,true,1,
4823077616013,false,בונבוניירה וצרני קייב 176 גרם,רושן,,בונבוניירה וצרני קיי,גרמים,176.00,100 גרם,false,1,25.90,14.72,true,1,
4823077617041,false,חטיף שוקולד רושן ממולה קרם קרמל 43 גרם,רושן Roshen,,באטונציק קרמל 40 גר,גרמים,40.00,100 גרם,false,1,3.90,9.75,true,1,
4823077617645,false,עוגת פרזסקי רושן 850 גר,,UA,עוגת פרזסקי רושן 850,גרמים,850.00,100 גרם,false,1,92.90,10.93,true,1,
4823077617836,false,עוגה קייבסקי רושן 850 גר,,,עוגה קייבסקי רושן 85,גרמים,850.00,100 גרם,false,1,119.90,14.11,true,1,
4823077618161,false,גליליות ופל רושן קונפטו חלב 140 גרם,רושן,,וופל רול קונאפטו חלב,גרמים,140.00,100 גרם,false,1,6.90,4.93,true,1,
4823077618901,false,בונבוניירה רושן דובדבן ליקר רום 150 גרם,רושן,,בונבוניירה שוטרס רום,גרמים,150.00,100 גרם,false,1,13.90,9.27,true,1,
4823077618918,false,בונבוניירה שוטרס ברנדי ליקר 150 גר,רושן,,בונבוניירה שוטרס ברנ,גרמים,150.00,100 גרם,false,1,13.90,9.27,true,1,
4823077620737,false,בונבוניירה רושן וציניי קייב 352 גר,,,בונבוניירה רושן,גרמים,352.00,100 גרם,false,1,39.90,11.34,true,1,
4823077621154,false,בטונציק שוקולד רושן,רושן,,באטונציק 43 גר רושן,גרמים,43.00,100 גרם,false,1,3.90,9.07,true,1,
4823077621635,false,חטיף שוקולד רושן בטעם חלב 72 גרם,Unknown,,וופל רושן בטעם חלב 7,גרמים,72.00,100 גרם,false,1,3.90,5.42,true,1,
4823077621642,false,חטיף שוקולד רושן בטעם שוקולד 72 גר,Unknown,,וופל רושן בטעם שוקול,גרמים,72.00,100 גרם,false,1,3.90,5.42,true,1,
4823077621659,false,חטיף שוקולד רושן בטעם אגוז 72 גר,Unknown,,וופל רושן בטעם אגוז,גרמים,72.00,100 גרם,false,1,3.90,5.42,true,1,
4823077622359,false,אסורטי שוקולאטריה רושן 256 גר,,UA,אסורטי שוקולאטריה רו,גרמים,256.00,100 גרם,false,1,34.90,13.63,true,1,
4823077623684,false,רושן סוכריות ממולאות קרם בטעם חלב סוייט דרופס 150 גרם,קייב קרמנציק,UA,קרמל רושן טיפת חלב 1,גרמים,150.00,100 גרם,false,1,4.90,3.27,true,1,
4823077623714,false,רושן סוכריות טופי ממולאים בטעם חלב מילקי ספלש 150 גרם,רושן,,סוכריות כוס חלב 150,גרמים,150.00,100 גרם,false,1,6.90,4.60,true,1,
4823077624223,false,"רושן ממתקי סוכריות ג'ילי ""בוני פרוט"" בטעמי פירות 200 גר",רושן Roshen,,גילי בוני פרוט 200 ג,גרמים,200.00,100 גרם,false,1,6.90,3.45,true,1,
4823077624247,false,"רושן ממתקי סוכריות ג'ילי ""בוני פרוט"" בטעם הדרים 200 גר",רושן Roshen,,גילי בוני פרוט 200 ג,גרמים,200.00,100 גרם,false,1,6.90,3.45,true,1,
4823077624261,false,גילי בוני פרוט 200 גר BERRY MIX,,,גילי בוני פרוט 200 ג,גרמים,200.00,100 גרם,false,1,6.90,3.45,true,1,
4823077624285,false,בונבוניירה רושן אסורטי שוקולאטריה 194 ג,,UA,בונבוניירה רושן אסור,גרמים,194.00,100 גרם,false,1,23.90,12.32,true,1,
4823077624391,false,"רושן סוכריות טופי ""מינקי בינקי"" 185 גר",רושן,,"רושן סוכריות טופי ""מ",גרמים,185.00,100 גרם,false,1,6.90,3.73,true,1,
4823077624896,false,קרמל רושן טיפת חלב 500 גר,,UA,קרמל רושן טיפת חלב 5,גרמים,500.00,100 גרם,false,1,13.90,2.78,true,1,
4823077625145,false,ממתקי שוקולד מריר עם דובדבן בליקר דובדבן,רושן Roshen,UA,בונבוניירה רושן דובד,גרמים,155.00,100 גרם,false,1,13.90,8.97,true,1,
4823077625589,false,וופל וואפרס חלב רושן 216 גר,,UA,וופל וואפרס חלב רושן,גרמים,216.00,100 גרם,false,1,6.90,3.19,true,1,
4823077625602,false,וופל וואפרס שוקולד רושן 216 גר,,UA,וופל וואפרס שוקולד ר,גרמים,216.00,100 גרם,false,1,6.90,3.19,true,1,
4823077625626,false,וופל וואפרס אגוז רושן 216 גר,,UA,וופל וואפרס אגוז רוש,גרמים,216.00,100 גרם,false,1,6.90,3.19,true,1,
4823077626203,false,שוקולד רושן אורירי מריר 80 גרם,רושן Roshen,UA,שוקולד אורירי מריר 8,גרמים,80.00,100 גרם,false,1,6.90,8.63,true,1,
4823077626227,false,שוקולד רושן אורירי חלב 80 גרם,רושן Roshen,UA,שוקולד אורירי חלב 80,גרמים,80.00,100 גרם,false,1,6.90,8.63,true,1,
4823077626241,false,שוקולד רושן אורירי לבן קרמל 80 גרם,רושן,UA,שוקולד אורירי לבן קר,גרמים,80.00,100 גרם,false,1,6.90,8.63,true,1,
4823077626364,false,שוקולד רושן אורירי לבן 80 גרם,רושן Roshen,UA,שוקולד אורירי לבן 80,גרמים,80.00,100 גרם,false,1,6.90,8.63,true,1,
4823077627910,false,סוכריות בים בום רושן 500 גר,,UA,סוכריות בים בום רושן,גרמים,500.00,100 גרם,false,1,10.90,2.18,true,1,
4823077630422,false,"סנדוויץ' קרקר חלב וניל רושן 235 גרם "" 2 CRACK """,רושן,,סנדוויץ קרקר חלב וני,גרמים,235.00,100 גרם,false,1,9.90,4.21,true,1,
4823077630439,false,"סנדוויץ' קרקר שוקולד רושן 235 גרם "" 2 CRACK """,רושן,,סנדוויץ קרקר שוקולד,גרמים,235.00,100 גרם,false,1,9.90,4.21,true,1,
4823077630637,false,סוכריות מקל רושן קולה 920 גרם,,,סוכריות מקל רושן קו,גרמים,920.00,100 גרם,false,1,24.90,2.71,true,1,
4823077630651,false,סוכריות מקל רושן פירות 920 גרם,,,סוכריות מקל רושן פי,גרמים,920.00,100 גרם,false,1,24.90,2.71,true,1,
4823077630743,false,סוכריות מקל רושן קוקטייל 920 גרם,,,סוכריות מקל רושן קו,גרמים,920.00,100 גרם,false,1,24.90,2.71,true,1,
4823077630996,false,"סנדוויץ' קרקר קקאו-אגוז רושן 235 גרם "" 2 CRACK """,רושן,,סנדוויץ קרקר קקאו-אג,גרמים,235.00,100 גרם,false,1,9.90,4.21,true,1,
4823077631467,false,קרקר עם מלח ים רושן 168 גר HI DAY,רושן,,קרקר עם מלח ים רושן,גרמים,168.00,100 גרם,false,1,4.90,2.92,true,1,
4823077631474,false,קרקר קלאסי רושן 168 גר HI DAY,רושן,,קרקר קלאסי רושן 168,גרמים,168.00,100 גרם,false,1,4.90,2.92,true,1,
4823077631856,false,גליליות ופל רושן קונפטו קוקוס 140 גרם,רושן,UA,וופל רול קונאפטו קוק,גרמים,140.00,100 גרם,false,1,6.90,4.93,true,1,
4823077631863,false,גליליות ופל רושן קונפטו וניל 140 גרם,רושן,UA,וופל רול קונאפטו וני,גרמים,140.00,100 גרם,false,1,6.90,4.93,true,1,
4823077631962,false,סוכריות טופי רושן במ,,,סוכריות רושן קבוצה 4,Unknown,0.00,"ק""ג",true,0,45.00,45.00,true,1,
4823077632112,false,וופל רושן בטעם קקאו חלב 216 גרם,,,וופל בטעם קקאו חלב ר,גרמים,216.00,100 גרם,false,1,6.90,3.19,true,1,
4823077632259,false,חטיף שוקולד רושן עם בוטנים 43 גרם,רושן Roshen,,באטונציק קרם עם בוטנ,גרמים,38.00,100 גרם,false,1,3.90,10.26,true,1,
4823077632495,false,"פרלינים ""מונבלאן"" שוקולד+אגוז שלם 1 קג",,UA,"פרלינים ""מונבלאן"" שו",גרמים,1000.00,100 גרם,false,1,69.90,6.99,true,1,
4823077632501,false,"פרלינים ""מונבלאן"" שוקולד+שומשום 1 קג",,UA,"פרלינים ""מונבלאן"" שו",גרמים,1000.00,100 גרם,false,1,69.90,6.99,true,1,
4823077632518,false,"פרלינים ""מונבלאן"" שוקולד+אגוזי לוז 1 קג",,UA,"פרלינים ""מונבלאן"" שו",גרמים,1000.00,100 גרם,false,1,69.90,6.99,true,1,
4823077632570,false,שוקולד רושן BRUT מריר 85 גרם,רושן,UA,שוקולד רושן מריר 85,גרמים,85.00,100 גרם,false,1,6.90,8.12,true,1,
4823077632587,false,שוקולד רושן חלב עם שקד שלם 90 גר LACMI,רושן,,שוקולד רושן חלב עם ש,גרמים,90.00,100 גרם,false,1,7.90,8.78,true,1,
4823077632594,false,שוקולד רושן חלב עם אגוז שלם 90 גר LACMI,רושן,,שוקולד רושן חלב עם א,גרמים,90.00,100 גרם,false,1,7.90,8.78,true,1,
4823077633034,false,"גליליות וופל רושן ""קונאפטו"" קקאו 140 ג",רושן,,"גליליות וופל רושן ""ק",גרמים,140.00,100 גרם,false,1,6.90,4.93,true,1,
4823077633058,false,"גליליות וופל רושן ""קונאפטו"" אגוז 140 ג",רושן,,"גליליות וופל רושן ""ק",גרמים,140.00,100 גרם,false,1,6.90,4.93,true,1,
4823077633317,false,עוגיות שוקוצ'יפס LOVITA שוקולד עם חתיכות שוקולד 150 גרם,,,עוגיות שוקולד עם חתי,גרמים,150.00,100 גרם,false,1,6.90,4.60,true,1,
4823077633324,false,עוגיות שוקוצ'יפס LOVITA עם חתיכות שוקולד 150 גרם,,,עוגיות שוקוציפס עם,גרמים,150.00,100 גרם,false,1,6.90,4.60,true,1,
4823077633331,false,עוגיות שוקוצ'יפס LOVITA בטעם תפוז 150 גרם,,,עוגיות רושן עם בטעם,גרמים,150.00,100 גרם,false,1,6.90,4.60,true,1,
4823077633348,false,עוגיות שוקוצ'יפס LOVITA עם חתיכות בוטנים 150 גרם,,,עוגיות רושן עם חתיכו,גרמים,150.00,100 גרם,false,1,6.90,4.60,true,1,
4823077633515,false,חטיף שוקולד רושן במילוי קרם חלבי מצופה 34 גרם,,UA,חטיף וופל רושן במילו,גרמים,34.00,100 גרם,false,1,3.90,11.47,true,1,
4823077633690,false,בונבוניירה רושן שוטרס ויסקי 150 גרם,רושן,,בונבוניירה רושן שוטר,גרמים,150.00,100 גרם,false,1,13.90,9.27,true,1,
4823077634116,false,"סוכריות טופי חלב KOROVKA רושן 1 ק""ג",,,"סוכריות קורובקה 1 ק""",גרמים,1000.00,100 גרם,false,1,24.90,2.49,true,1,
4823077634130,false,"רושן סוכריות בטעם קולה ""שיפוצקה"" 1 ק""ג",קייב קרמנציק,,רושן סוכריות בטעם קו,גרמים,1000.00,100 גרם,false,1,24.90,2.49,true,1,
4823077634178,false,עוגיות רושן LOVITA במילוי תפוח קינמון 168 גרם,,,עוגיות עם מילוי תפוח,גרמים,168.00,100 גרם,false,1,6.90,4.11,true,1,
4823077634192,false,עוגיות רושן LOVITA במילוי דובדבן וניל 168 גרם,,,עוגיות עם מילוי דובד,גרמים,168.00,100 גרם,false,1,6.90,4.11,true,1,
4823077634222,false,עוגיות Lovita ממולאות ג'לי תפוז מצופות צימקאו,רושן Roshen,,עוגיות תפוז 135 גר L,גרמים,135.00,100 גרם,false,1,6.90,5.11,true,1,
4823077634246,false,עוגיות Lovita ממולאות ג'לי פטל מצופות צימקאו,רושן Roshen,,עוגיות פטל 135 גר LO,גרמים,135.00,100 גרם,false,1,6.90,5.11,true,1,
4823077634277,false,עוגיות Lovita ממולאות ג'לי תות שדה מצופות צימקאו,רושן Roshen,,עוגיות תות שדה 135 ג,גרמים,135.00,100 גרם,false,1,6.90,5.11,true,1,
4823077634369,false,שוקולד רושן חלב אוורירי ופצפוצי אורז 85 גר LACMI CRISP,,UA,שוקולד רושן חלב אוור,גרמים,85.00,100 גרם,false,1,6.90,8.12,true,1,
4823077634741,false,עוגיות רושן LOVITA במילוי תות שדה 168 גרם,,,עוגיות עם מילוי תות,גרמים,168.00,100 גרם,false,1,6.90,4.11,true,1,
4823077635489,false,חטיף וופל רושן קרם קקאו JOHNY KROCKERי 350 גרם,,,חטיף וופל רושן קרם ק,גרמים,350.00,100 גרם,false,1,17.90,5.11,true,1,
4823077635533,false,חטיף וופל רושן קרם חלב JOHNY KROCKERי 350 גרם,,,חטיף וופל רושן קרם ח,גרמים,350.00,100 גרם,false,1,17.90,5.11,true,1,
4823077635564,false,חטיף וופל רושן קרם קקאו במשקל,,UA,חטיף וופל רושן קרם ק,Unknown,0.00,"ק""ג",true,0,34.90,34.90,true,1,
4823077635601,false,חטיף וופל רושן קרם חלב 1 קג JOHNY KROCK,,,חטיף וופל רושן קרם ח,גרמים,1000.00,100 גרם,false,1,34.90,3.49,true,1,
4823077635793,false,"וופלים דקיקים רושן ""THINS"" בטעם חלב וניל 55 גר",,UA,וופלים דקיקים רושן ח,גרמים,55.00,100 גרם,false,1,4.90,8.91,true,1,
4823077635809,false,"וופלים דקיקים רושן ""THINS"" בטעם קקאו 55 גר",,UA,וופלים דקיקים רושן ק,גרמים,55.00,100 גרם,false,1,4.90,8.91,true,1,
4823077636004,false,עוגיות Lovita ממולאות ג'לי דובדבן מצופות צימקאו,רושן Roshen,,עוגיות קקאו דובדבן 1,גרמים,135.00,100 גרם,false,1,6.90,5.11,true,1,
4823077636059,false,עוגיות קקאו דובדבן LOVITAי 420 גרם,,UA,עוגיות קקאו דובדבן,גרמים,420.00,100 גרם,false,1,17.90,4.26,true,1,
4823077636073,false,עוגיות תות שדה LOVITAי 420 גרם,,,עוגיות תות שדה 420 ג,גרמים,420.00,100 גרם,false,1,17.90,4.26,true,1,
4823077636097,false,עוגיות פטל LOVITAי 420 גרם,,,עוגיות פטל 420 גר LO,גרמים,420.00,100 גרם,false,1,17.90,4.26,true,1,
4823077636110,false,עוגיות תפוז LOVITAי 420 גרם,,,עוגיות תפוז 420 גר L,גרמים,420.00,100 גרם,false,1,17.90,4.26,true,1,
4823077636172,false,וופל רושן בטעם לימון 216 גרם,,UA,וופל רושן בטעם לימון,גרמים,216.00,100 גרם,false,1,5.80,2.69,true,1,
4823077636554,false,סוכריות ממולאות קרם בטעם חלב טיפת חלב 378 גרם,רושן,,סוכריות ממולאות קרם,גרמים,378.00,100 גרם,false,1,11.90,3.15,true,1,
4823077636561,false,סוכריות ממולאות בטעם חלב קפה קפה לייק 378 גרם,רושן,,סוכריות ממולאות חלב,גרמים,378.00,100 גרם,false,1,11.90,3.15,true,1,
4823077636578,false,סוכריות טופי כוס חלב מילקי ספלאש 325 גרם,רושן,,סוכריות טופי כוס חלב,גרמים,325.00,100 גרם,false,1,11.90,3.66,true,1,
4823077636585,false,רושן סוכריות טופי מינקי בינקי 325 גרם,רושן,,סוכריות טופי מינקי ב,גרמים,325.00,100 גרם,false,1,11.90,3.66,true,1,
4823077636592,false,רושן סוכריות ג'לי קרייזי פצ'ולקה 378 גרם,רושן,,סוכריות גלי קרייזי פ,גרמים,378.00,100 גרם,false,1,11.90,3.15,true,1,
4823077636738,false,"סוכריות רושן שוקולד מריר רומאשקה 2 ק""ג",,UA,סוכריות רושן שוקולד,קילוגרמים,0.00,"ק""ג",false,1,97.00,97.00,true,1,
4823077638183,false,מתנה סילבסטר מס 1 279 גר,,UA,מתנה סילבסטר מס 1 27,גרמים,279.00,100 גרם,false,1,24.90,8.92,true,1,
4823077638206,false,מתנה סילבסטר מס 9 600 גר,,UA,מתנה סילבסטר מס 9 60,גרמים,600.00,100 גרם,false,1,49.90,8.32,true,1,
4823077638220,false,מתנה סילבסטר מס 8 468 גר,,UA,מתנה סילבסטר מס 8 46,גרמים,468.00,100 גרם,false,1,39.90,8.53,true,1,
4823077638244,false,מתנה סילבסטר מס 7 423 גר,,UA,מתנה סילבסטר מס 7 42,גרמים,423.00,100 גרם,false,1,39.90,9.43,true,1,
4823077638282,false,מתנה סילבסטר מס 5 385 גר,,UA,מתנה סילבסטר מס 5 38,גרמים,385.00,100 גרם,false,1,34.90,9.06,true,1,
4823077638305,false,מתנה סילבסטר מס 4 333 גר,,UA,מתנה סילבסטר מס 4 33,גרמים,333.00,100 גרם,false,1,34.90,10.48,true,1,
4823077638329,false,מתנה סילבסטר מס 3 298 גר,,UA,מתנה סילבסטר מס 3 29,גרמים,298.00,100 גרם,false,1,29.90,10.03,true,1,
4823077638343,false,מתנה סילבסטר מס 2 294 גר,,UA,מתנה סילבסטר מס 2 29,גרמים,294.00,100 גרם,false,1,29.90,10.17,true,1,
4823088400694,false,"סוכריות גרפינה וישנקה 1 ק""ג Kharkovchank",KHARKIV BISCUIT,UA,סוכריות גרפינה וישנק,גרמים,1000.00,100 גרם,false,1,39.90,3.99,true,1,
4823090302481,false,ביסקוויט בטעם חלב אפוי לוזיוק 180 גרם,,UA,ביסקוויט בטעם חלב אפ,גרמים,180.00,100 גרם,false,1,5.90,3.28,true,1,
4823090302498,false,ביסקוויט בטעם שמנת לוזיוק 180 גרם,,UA,ביסקוויט בטעם שמנת ל,גרמים,180.00,100 גרם,false,1,5.90,3.28,true,1,
4823090302528,false,ביסקוויט בטעם ריבת חלב לוזיוק 180 גרם,,UA,ביסקוויט בטעם ריבת ח,גרמים,180.00,100 גרם,false,1,5.90,3.28,true,1,
4823092700926,false,חלבה חמניות בטעם וניל 200 גרם,או.או.או. דרוזקבסקיי,,חלבה חמניות בטעם וני,גרמים,200.00,100 גרם,false,1,5.90,2.95,true,1,
4823092700964,false,חלבה חמניות עם בוטנים 200 גרם,או.או.או. דרוזקבסקיי,,חלבה חמניות עם בוטני,גרמים,200.00,100 גרם,false,1,5.90,2.95,true,1,
4823097809785,false,"גלידה שמנת בטעם וניל אסקימוס 1 ק""ג",ז'יטומרסקי זאבוד,UA,"גלידה וניל 1 ק""ג",גרמים,1000.00,100 גרם,false,1,39.90,3.99,true,1,
4823097809921,false,גלידת שמנת בטעם שוקולד 500 גרם,ז'יטומרסקי זאבוד,,גלידת שמנת בטעם שוקו,גרמים,500.00,100 גרם,false,1,23.90,4.78,true,1,
4823098200208,false,"וודקה חלבני דאר קראפט 700 מ""ל",נאציונלאה גוריצ'לניה,,וודקה חלבני דאר קראפ,מיליליטרים,700.00,"100 מ""ל",false,1,62.90,8.99,true,1,
4823105400096,false,מלפפונים בחומץ 300 גרם,,,מלפפונים בחומץ 300 ג,גרמים,300.00,100 גרם,false,1,12.90,4.30,true,1,
4823105400119,false,מלפפונים בחומץ 770 גרם,,,מלפפונים בחומץ 770 ג,גרמים,770.00,100 גרם,false,1,20.90,2.71,true,1,
4823105400393,false,אגיקה בסגנון גרוזיני 310 גרם,,,אגיקה בסגנון גרוזיני,גרמים,310.00,100 גרם,false,1,13.90,4.48,true,1,
4823105400447,false,אגיקה בסגנון קווקזי חריפה 220 גרם,,,אגיקה בסגנון קווקזי,גרמים,220.00,100 גרם,false,1,9.90,4.50,true,1,
4823105400553,false,מרינדה ורס לשישליק 140 גרם,"טי.או בי. ""ויז'י פרודקשן""",UA,מרינדה ורס לשישליק 1,גרמים,140.00,100 גרם,false,1,6.90,4.93,true,1,
4823105400577,false,ממרח חצילים עם ירקות 500 גר,"טי.או בי. ""ויז'י פרודקשן""",,ממרח חצילים עם ירקות,גרמים,500.00,100 גרם,false,1,13.90,2.78,true,1,
4823105400737,false,לצו בסגנון בולגרי 500 גרם,"טי.או בי. ""ויז'י פרודקשן""",,לצו בסגנון בולגרי 50,גרמים,500.00,100 גרם,false,1,13.90,2.78,true,1,
4823105400768,false,פלפל מתוק בחומץ 500 גרם,"טי.או בי. ""ויז'י פרודקשן""",,פלפל מתוק בחומץ 500,גרמים,500.00,100 גרם,false,1,13.90,2.78,true,1,
4823105400898,false,מרינדה לברביקיו 140 גרם,"טי.או בי. ""ויז'י פרודקשן""",,מרינדה לברביקיו 140,גרמים,140.00,100 גרם,false,1,6.90,4.93,true,1,
4823105401086,false,ממרח זוקיני עם פלפלים חריפים 500 גרם,"טי.או בי. ""ויז'י פרודקשן""",,ממרח זוקיני עם פלפלי,גרמים,500.00,100 גרם,false,1,13.90,2.78,true,1,
4823105402625,false,חרדל עם חזרת פיקנטי 190 גרם,,,חרדל עם חזרת פיקנטי,גרמים,190.00,100 גרם,false,1,6.90,3.63,true,1,
4823105403059,false,תערובת תיבול לשישליק 20 גרם,"טי.או בי. ""ויז'י פרודקשן""",,תערובת תיבול לשישליק,גרמים,20.00,100 גרם,false,1,3.90,19.50,true,1,
4823105404131,false,חרדל עם חזרת פיקנטי 190 גרם,,,חרדל עם חזרת פיקנטי,גרמים,190.00,100 גרם,false,1,6.90,3.63,true,1,
4840008000499,false,סושקה צלנוצוק 500 גרם FRANZELUTA,פרנזלוטה,,סושקה צלנוצוק 500 גר,גרמים,500.00,100 גרם,false,1,10.40,2.08,true,1,
4840008001199,false,מיני סושקה וניל 500 גרם FRANZELUTA,פרנזלוטה,,מיני סושקה וניל 500,גרמים,500.00,100 גרם,false,1,10.40,2.08,true,1,
4840008001205,false,מיני סושקה עם פרג 500 גרם FRANZELUTA,פרנזלוטה,,מיני סושקה עם פרג 50,גרמים,500.00,100 גרם,false,1,10.40,2.08,true,1,
4840008002431,false,דפי וופל פרנזולטה מל,FRANZELUTA,,דפי וופל מלבן 350 גר,גרמים,350.00,100 גרם,false,1,15.00,4.29,true,1,
4840008008624,false,מיני סושקה לוביטלסקיה 500 גרם FRANZELUTA,פרנזלוטה,,מיני סושקה לוביטלסקי,גרמים,500.00,100 גרם,false,1,10.40,2.08,true,1,
4840008012812,false,לחם שיפון בורוינסקי 450 גרם,,,לחם שיפון בורוינסקי,גרמים,450.00,100 גרם,false,1,10.90,2.42,true,1,
4840008017749,false,פרנזלוטה צנימים מיני וניל 200 גר,FRANZELUTA,,פרנזלוטה צנימים מיני,גרמים,200.00,100 גרם,false,1,7.90,3.95,true,1,
4840008017763,false,פרנזלוטה צנימים מיני עם צימוקים 200 גר,FRANZELUTA,,פרנזלוטה צנימים מיני,גרמים,200.00,100 גרם,false,1,7.90,3.95,true,1,
4840008018319,false,דובשניות עם שזיף 400 גרם פרנצלוטה,פרנזלוטה,,דובשניות עם שזיף 400,גרמים,400.00,100 גרם,false,1,9.40,2.35,true,1,
4840008018333,false,דובשניות טעם דבש 400 גרם פרנצלוטה,פרנזלוטה,,דובשניות טעם דבש 400,גרמים,400.00,100 גרם,false,1,9.40,2.35,true,1,
4840008018371,false,דובשניות סברנייה 400 גרם פרנצלוטה,פרנזלוטה,,דובשניות סברנייה 400,גרמים,400.00,100 גרם,false,1,9.40,2.35,true,1,
4840008019521,false,עוגיות בצק עלים לבבות דקל פרנצלוטה 350 ג,פרנזלוטה,,עוגיות בצק עלים לבבו,גרמים,350.00,100 גרם,false,1,10.40,2.97,true,1,
4840008028028,false,פרנזלוטה צנימים עם צימוקים 200 גרם,FRANZELUTA,,פרנזלוטה צנימים עם צ,גרמים,200.00,100 גרם,false,1,7.90,3.95,true,1,
4840008030243,false,לחם שיפון טאלין פרוס 500 גרם,,,לחם שיפון טאלין פרוס,גרמים,500.00,100 גרם,false,1,10.90,2.18,true,1,
4840008031806,false,דובשניות טעם חלב מרוכז 400 גר פרנצלוטה,Franzeluta,,דובשניות טעם חלב מרו,גרמים,400.00,100 גרם,false,1,9.40,2.35,true,1,
4840008037778,false,סופר מיני סושקה ווניל 300 גר,,,סופר מיני סושקה ווני,גרמים,300.00,100 גרם,false,1,8.90,2.97,true,1,
4840008037792,false,סופר מיני סושקה לוביטלסקיה 300 גר,,,סופר מיני סושקה לובי,גרמים,300.00,100 גרם,false,1,8.90,2.97,true,1,
4840008040075,false,350 עוגיות אוזניים עם קינמון גר,FRANZELUTA,MD,350 עוגיות אוזניים ע,גרמים,350.00,100 גרם,false,1,10.40,2.97,true,1,
4840019001096,false,VIS מיץ תפוח עץ ודומדמניות שחור 1 ליט,,MD,VIS מיץ תפוח עץ ודומ,מיליליטרים,1000.00,"100 מ""ל",false,1,14.90,1.49,true,1,
4840019002710,false,VIS נקטר אפרסקים 1 ליטר,,MD,VIS נקטר אפרסקים 1 ל,מיליליטרים,1000.00,"100 מ""ל",false,1,14.90,1.49,true,1,
4840022000703,false,"מיץ תפוח 200 מ""ל VITA NATURALIS",,,"מיץ תפוח 200 מ""ל",מיליליטרים,200.00,"100 מ""ל",false,1,3.20,1.60,true,1,
4840022004107,false,ריבה אוכמניות שחורות 670 גר,,,ריבה אוכמניות שחורות,גרמים,670.00,100 גרם,false,1,29.90,4.46,true,1,
4840022004190,false,נקטר אפרסק 1 ליטר VITA NATURALIS,,,נקטר אפרסק 1 ליטר VI,מיליליטרים,1000.00,"100 מ""ל",false,1,12.10,1.21,true,1,
4840022004206,false,מיץ עגבניות 1 ליטר VITA NATURALIS,,,מיץ עגבניות 1 ליטר V,מיליליטרים,1000.00,"100 מ""ל",false,1,12.10,1.21,true,1,
4840022004589,false,נקטר תפוח משמש 2 לט VITA NATURALIS,,MD,נקטר תפוח משמש 2 ליט,ליטרים,0.00,ליטר,false,1,21.90,21.90,true,1,
4840022004626,false,מיץ עגבניות 2 לט VITA NATURALIS,,MD,מיץ עגבניות 2 לט VIT,ליטרים,0.00,ליטר,false,1,21.90,21.90,true,1,
4840022005258,false,מיץ מולטיפלורה 1 ליטר VITA,,,מיץ מולטיפלורה 1 ליט,מיליליטרים,1000.00,"100 מ""ל",false,1,13.50,1.35,true,1,
4840022005326,false,מיץ עגבניות 1 ליטר VITA,,,מיץ עגבניות 1 ליטר V,מיליליטרים,1000.00,"100 מ""ל",false,1,13.50,1.35,true,1,
4840022005647,false,ריבת תות שדה 680 גרם,,,ריבת תות שדה 680 גרם,גרמים,680.00,100 גרם,false,1,29.90,4.40,true,1,
4840022005876,false,נקטר רימונים 1 ליטר VITA,,,נקטר רימונים 1 ליטר,מיליליטרים,1000.00,"100 מ""ל",false,1,13.50,1.35,true,1,
4840022006200,false,נקטר אננס 1 ליטר VITA,,MD,נקטר אננס 1 ליטר VIT,מיליליטרים,1000.00,"100 מ""ל",false,1,13.50,1.35,true,1,
4840022006590,false,נקטר אוכמניות 1 ליטר VITA,,,נקטר אוכמניות 1 ליטר,מיליליטרים,1000.00,"100 מ""ל",false,1,13.50,1.35,true,1,
4840022006637,false,נקטר תפוח דובדבן 1 ליטר VITA NATURALIS,,,נקטר תפוח דובדבן 1 ל,מיליליטרים,1000.00,"100 מ""ל",false,1,12.10,1.21,true,1,
4840022006668,false,נקטר תפוח ענבים 2 ליטר VITA NATURALIS,,MD,נקטר תפוח ענבים 2 לי,ליטרים,0.00,ליטר,false,1,21.90,21.90,true,1,
4840022006675,false,נקטר דובדבן 1 ליטר VITA,,,נקטר דובדבן 1 ליטר V,מיליליטרים,1000.00,"100 מ""ל",false,1,13.50,1.35,true,1,
4840022006699,false,נקטר תפוח עץ אדום 1 ל VITA NATURALIS,,,נקטר תפוח עץ אדום 1,מיליליטרים,1000.00,"100 מ""ל",false,1,12.10,1.21,true,1,
4840022006705,false,נקטר תפוח אדום 2 ליטר VITA NATURALIS,,MD,נקטר תפוח אדום 2 ליט,ליטרים,0.00,ליטר,false,1,21.90,21.90,true,1,
4840022007870,false,ממרח קישואים 400 גרם VITA,,,ממרח קישואים 400 גרם,גרמים,400.00,100 גרם,false,1,13.90,3.48,true,1,
4840022007993,false,ריבה משמש ויטה 690 ג,,,ריבת משמש 680 גר VIT,גרמים,680.00,100 גרם,false,1,29.90,4.40,true,1,
4840022008709,false,משקה קל אפרסק מנגו 1 ל VITA NATURALIS,,,משקה קל אפרסק מנגו 1,מיליליטרים,1000.00,"100 מ""ל",false,1,12.10,1.21,true,1,
4840022008747,false,ריבת שזיפים 680 גר VITA,,,ריבת שזיפים 680 גר V,גרמים,680.00,100 גרם,false,1,29.90,4.40,true,1,
4840022009225,false,ריבת אפרסקים 680 גרם VITA,,,ריבת אפרסקים 680 גרם,גרמים,680.00,100 גרם,false,1,29.90,4.40,true,1,
4840022009560,false,משקה תפוחים פירות 1 ליטר VITA NATURALIS,,,משקה תפוחים פירות 1,מיליליטרים,1000.00,"100 מ""ל",false,1,12.10,1.21,true,1,
4840022009997,false,נקטר קל אפרסק מנגו 2 ליטר VITA NATURALIS,,MD,נקטר קל אפרסק מנגו 2,ליטרים,0.00,ליטר,false,1,21.90,21.90,true,1,
4840034001866,false,שימורי אפונה ירוקה 510 גרם,,,שימורי אפונה ירוקה 5,גרמים,470.00,100 גרם,false,1,10.40,2.21,true,1,
4840048000299,false,"ברנדי בליי איסט 500 מ""ל מולדובה",,,ברנדי בליי איסט 500,מיליליטרים,500.00,"100 מ""ל",false,1,67.90,13.58,true,1,
4840095001263,false,בונבנירה מטאוריט 400 גר,BUCURIA,,בונבוניירה מטאוריט 4,גרמים,400.00,100 גרם,false,1,31.50,7.88,true,1,
4840095003090,false,מרמלד דולקי תפוז לימון 350 גר BUCURIA,BUCURIA,MD,מרמלד דולקי תפוז לימ,גרמים,350.00,100 גרם,false,1,13.50,3.86,true,1,
4840095033134,false,עוגת חלב ציפורים בוקוריה 350 גר,BUCURIA,,עוגת חלב ציפורים בוק,גרמים,350.00,100 גרם,false,1,24.90,7.11,true,1,
4840181001436,false,יין אדום רטריו איזבלה 10% 750 מל,,,יין אדום רטריו איזבל,Unknown,0.00,Unknown,false,1,34.90,34.90,true,1,
4840181001559,false,יין לבן גראנד מוסקט 11% 750 מל,,,יין לבן גראנד מוסקט,Unknown,0.00,Unknown,false,1,34.90,34.90,true,1,
4840267006829,false,יין מוסקט 750 מל SEKRET ARISTOKRATA,אלבסטרילי ויינס אס א,,"יין מוסקט 750 מ""ל SE",Unknown,0.00,Unknown,false,1,33.90,33.90,true,1,
4840748002753,false,אפונה גינה בארבו זכוכית 420 גרם,נטור ברבו,,אפונה גינה בארבו זכו,גרמים,420.00,100 גרם,false,1,9.60,2.29,true,1,
4840748003125,false,גרעיני תירס בראבו 220 גרם,נטור ברבו,,גרעיני תירס,גרמים,220.00,100 גרם,false,1,4.00,1.82,true,1,
4850001110033,false,נקטר SIS תפוחים 1.6 ליטר,,,נקטר SIS תפוחים 1.6,ליטרים,0.00,ליטר,false,6,17.90,17.90,true,1,
4850001111016,false,מיץ YAN תפוזים טבעי 930 מל,,,מיץ YAN תפוזים טבעי,גרמים,930.00,100 גרם,false,12,18.90,2.03,true,1,
4850001111054,false,מיץ YAN משמש טבעי 930 מל,,,מיץ YAN משמש טבעי 9,גרמים,930.00,100 גרם,false,12,18.90,2.03,true,1,
4850001111511,false,מיץ YAN עגבניות טבעי 930 מל,,,מיץ YAN עגבניות טבעי,גרמים,930.00,100 גרם,false,12,18.90,2.03,true,1,
4850001117728,false,רוטב שזיפים YAN טקמאלי ירוק 330 גרם,,,רוטב שזיפים YAN טקמא,גרמים,330.00,100 גרם,false,12,10.90,3.30,true,1,
4850001397649,false,JOYCO PANDA דרזיה שוקולד חלב 150 גר,,,JOYCO PANDA דרזיה שו,גרמים,150.00,100 גרם,false,1,11.40,7.60,true,1,
4850001921646,false,ברנדי לגנד ארמניה - 5 שנים 0.5 ליטר,,,ברנדי לגנד ארמניה -,מיליליטרים,500.00,"100 מ""ל",false,12,73.90,14.78,true,1,
4850006190665,false,ציפס בטעם שמנת ובצל כריות 40 גר אפצי,או.או.או זולוטה פולה,AM,ציפס בטעם שמנת ובצל,גרמים,40.00,100 גרם,false,1,5.50,13.75,true,1,
4850006190740,false,ציפס בטעם בקביקיו כריות 40 גר אפצי,או.או.או זולוטה פולה,AM,ציפס בטעם בקביקיו כר,גרמים,40.00,100 גרם,false,1,5.50,13.75,true,1,
4850009744704,false,ליפתן דובדבן 1.1 ליטר ARARAT,,AM,ליפתן דובדבן 1 ליטר,מיליליטרים,1000.00,"100 מ""ל",false,1,16.50,1.65,true,1,
4850009745596,false,ליפתן אוכמניות שחורות 1 ליטר ARARAT,,AM,ליפתן אוכמניות שחורו,מיליליטרים,1000.00,"100 מ""ל",false,1,16.50,1.65,true,1,
4850009745718,false,ליפתן דובדבנים קורנילה 1 ליטר ARARAT,,,ליפתן דובדבנים קורני,מיליליטרים,1000.00,"100 מ""ל",false,1,16.50,1.65,true,1,
4850009745756,false,ליפתן אפרסקים 1.1 ליטר ARARAT,,,ליפתן אפרסקים 1 ליטר,ליטרים,1.00,ליטר,false,1,16.50,16.50,true,1,
4850009745794,false,ליפתן תות שדה 1.1 ליטר ARARAT,,AM,ליפתן תות שדה 1 ליטר,מיליליטרים,1000.00,"100 מ""ל",false,1,16.50,1.65,true,1,
4850011110818,false,קונפיטורת דובדבנים 400 גר TAMARA,תמרה פירות,,קונפיטורת דובדבנים 4,גרמים,400.00,100 גרם,false,1,24.90,6.23,true,1,
4850011110856,false,קונפיטורת דובדובנים לבנים 400 גר TAMARA,תמרה פירות,,קונפיטורת דובדובנים,גרמים,400.00,100 גרם,false,1,26.90,6.73,true,1,
4850011110887,false,קונפיטורת אגוז מלך 400 גר TAMARA,תמרה פירות,,קונפיטורת אגוז מלך 4,גרמים,400.00,100 גרם,false,1,25.00,6.25,true,1,
4850011113406,false,"קונפיטורת ,תות שדה TAMARA",,,"קונפיטורת ,תות שדה T",גרמים,900.00,100 גרם,false,1,30.50,3.39,true,1,
4850017003138,false,משקה פירות מבושלים פטל שחור 1ל ARTFOOD,,,משקה פירות מבושלים פ,מיליליטרים,1000.00,"100 מ""ל",false,1,17.90,1.79,true,1,
4850017006870,false,מיץ עגבניות 1 ליטר AMARE,LAIMA,,מיץ עגבניות 1 ליטר,מיליליטרים,1000.00,"100 מ""ל",false,1,19.90,1.99,true,1,
4850022431841,false,דרזיה שמנת פרה 150 גר JOYCO,,,דרזיה שמנת פרה 150 ג,גרמים,150.00,100 גרם,false,1,11.40,7.60,true,1,
4850022432015,false,דרזיה שוקולד ואגוזים 150 גר JOYCO BELKA,,AM,דרזיה שוקולד ואגוזים,גרמים,150.00,100 גרם,false,1,11.40,7.60,true,1,
4850022432046,false,דרזיה שוקולד מריר דובי 150 גר JOYCO,,,דרזיה שוקולד מריר דו,גרמים,150.00,100 גרם,false,1,11.40,7.60,true,1,
4860001590162,false,מים מינרליים טבעיים מוגזים סאיירמה 1 ל,,,מים מינרליים טבעיים,מיליליטרים,1000.00,"100 מ""ל",false,1,8.90,0.89,true,1,
4860004070227,false,יין אלזאני לבן מתוק 750 מל,GWS,,יין אלזאני לבן מתוק,Unknown,0.00,Unknown,false,1,37.90,37.90,true,1,
4860004073105,false,יין קינזמראולי חצי מתוק 750 מל,GWS,,יין קינזמראולי חצי מ,Unknown,0.00,Unknown,false,1,37.90,37.90,true,1,
4860008660196,false,"יין אדום חצי מתוק קינדזמראולי 750 מ""ל",KVARELI CELLAR,,יין אדום חצי מתוק,Unknown,0.00,Unknown,false,1,39.90,39.90,true,1,
4860008660202,false,"יין אדום חצי מתוק חבנצקרה 750 מ""ל",KVARELI CELLAR,,יין אדום חצי מתוק,Unknown,0.00,Unknown,false,1,39.90,39.90,true,1,
4860008662251,false,יין אדום חצי מתוק קינדזמראולי 750 מל,,,יין אדום חצי מתוק קי,מיליליטרים,750.00,"100 מ""ל",false,12,41.90,5.59,true,1,
4860008662305,false,יין אדום יבש סאפרבי 750 מל,,,יין אדום יבש סאפרבי,מיליליטרים,750.00,"100 מ""ל",false,12,41.90,5.59,true,1,
4860008662336,false,יין אדום חצי מתוק חוונצקרה 750 מל,,,יין אדום חצי מתוק חו,מיליליטרים,750.00,"100 מ""ל",false,12,41.90,5.59,true,1,
4860009000014,false,מיץ רימונים 100% סחוט ללא תוספת סוכר,Aromaproduct ltd,,מיץ רימונים 1 ליטר ת,מיליליטרים,1000.00,"100 מ""ל",false,1,21.90,2.19,true,1,
4860013083584,false,"ברנדי לאגנד אוף טביליסי 500 מ""ל",,,ברנדי לאגנד אוף טביל,מיליליטרים,500.00,"100 מ""ל",false,1,75.90,15.18,true,1,
4860019001346,false,בורז'ומי מים מינרליים טבעיים 500מ'ל חדש,אי די אס בורגומי,,מים מינרלים בורגומי,מיליליטרים,500.00,"100 מ""ל",false,1,6.90,1.38,true,1,
4860019001414,false,"בקבוק מים בוז'ורמי 750 מ""ל",האי נאם סי או אל.טי.,,"מים בורגומי 750 מ""ל",מיליליטרים,750.00,"100 מ""ל",false,1,8.90,1.19,true,1,
4860019001421,false,"שישיית מים בורגומי 750 מ""ל",,,שישיית מים בורגומי 7,מיליליטרים,6500.00,"100 מ""ל",false,1,44.90,0.69,true,1,
4860103350107,false,משקה גזוז טרחון 1 ליטר,גרוזינסקי פיבנייה,GE,משקה גזוז טרחון 1 לי,מיליליטרים,1000.00,"100 מ""ל",false,1,10.90,1.09,true,1,
4860103350183,false,משקה גזוז דיושס (אגס) 1 ליטר,גרוזינסקי פיבנייה,GE,משקה גזוז דיושס (אגס,מיליליטרים,1000.00,"100 מ""ל",false,1,10.90,1.09,true,1,
4860108700150,false,רוטב שזיפי בר גר 540 NENA* TKEMALI GR,,,רוטב שזיפי בר טקמלי,גרמים,540.00,100 גרם,false,1,13.90,2.57,true,1,
4860108700174,false,רוטב שזיפי בר 540 גר NENA* TKEMALI RE,,,רוטב שזיפי בר 540 גר,גרמים,540.00,100 גרם,false,1,13.90,2.57,true,1,
4860108700198,false,רוטב שזיפ.בר גר 540 NENA* TKEM.YELLOW*,,,רוטב שזיפ.בר גר 540,גרמים,540.00,100 גרם,false,1,13.90,2.57,true,1,
4860108700617,false,רוטב עגבניות (חריף) סציבלי 540 גרם,,,רוטב עגבניות (חריף),גרמים,540.00,100 גרם,false,1,13.90,2.57,true,1,
4860108710098,false,קונפיטורת קיזיל 350 גרם NENA,,,קונפיטורת קיזיל 350,גרמים,350.00,100 גרם,false,1,16.60,4.74,true,1,
4860108710531,false,לפתן תות שדה 100% 1 ליטר NENA,קחטיאן טרדיטיונל,,לפתן תות שדה 100% 1,מיליליטרים,1000.00,"100 מ""ל",false,1,17.90,1.79,true,1,
4860108710708,false,לפתן שזיפים 100% 1 ליטר נבה,קחטיאן טרדיטיונל,,לפתן שזיפים 100% 1 ל,מיליליטרים,1000.00,"100 מ""ל",false,1,17.90,1.79,true,1,
4865602000010,false,מים נבגלוי בזכוכית 500 מל,נבגלבי,,מים נבגלבי בזכוכית,מיליליטרים,500.00,"100 מ""ל",false,1,7.90,1.58,true,1,
4865602000027,false,"מים מינרלים מוגזים ""נבגלבי"" 1 ליטר PET",נבגלבי,,מים מינרלים מוגזים,מיליליטרים,1000.00,"100 מ""ל",false,1,8.20,0.82,true,1,
4867106010410,false,וודקה צאצא ענבים 500,,,"צאצא ענבים 500 מ""ל",מיליליטרים,500.00,"100 מ""ל",false,1,76.90,15.38,true,1,
4867106070056,false,יין גרוזיני ספראבי 700 מל,אליאנס,,יין גרוזיני ספראבי 7,Unknown,0.00,Unknown,false,1,40.90,40.90,true,1,
4867258525695,false,"יין קנזמראולי בחרס 750 מ""ל",,,יין קנזמראולי בחרס,Unknown,0.00,Unknown,false,1,69.90,69.90,true,1,
4867258525701,false,"יין חבנצקרה בחרס 750 מ""ל",,,יין חבנצקרה בחרס,Unknown,0.00,Unknown,false,1,69.90,69.90,true,1,
4891130001199,false,מזרח ומערב יבוא פון,Pun chun sauce & pre,,רוטב צדפות 450 גרם,גרמים,450.00,100 גרם,false,1,17.70,3.93,true,1,
4891199027598,false,סוללות אולטרה GP אלקליין 4 יח' AA,סמיקום,,סול GP אולטרה אלקליי,Unknown,0.00,Unknown,false,1,9.40,9.40,true,1,
4891199027659,false,סול אולטרה אלקליין C4 1.5V AAA,סמיקום,,סול GP אולטרה אלקליי,Unknown,0.00,Unknown,false,1,9.40,9.40,true,1,
4891199034688,false,סוללה אולטרה אלקליין 9 וולט,,,סול GP אולטרה אלקליי,Unknown,0.00,Unknown,false,1,22.90,22.90,true,1,
4891199088117,false,בליסטר אולטרה אלקליין AAx8+AAAx4,,,סול GP אולטרה אלקליי,Unknown,0.00,Unknown,false,1,23.90,23.90,true,1,
4891228309268,false,"טאצ' אפ מעצב גבות מקצועי, 3 יחידות",שסטוביץ,,שיק סכיני סילק טאצ א,יחידה,1.00,יחידה,false,1,19.90,19.90,true,1,
4891228430054,false,סכיני גילוח לנשים שיק אקזקטה 2 5 יח,שיק,,סכיני גילוח לנשים שי,Unknown,0.00,Unknown,false,1,15.30,15.30,true,1,
4891228430085,false,סכיני גילוח שיק אקסטרים קומפורט לגבר 3 להבים 4 יחידות,אנרג'יזר Energizer,,שיק אקסטרים 3 פס לח,Unknown,0.00,Unknown,false,1,25.20,25.20,true,1,
4891228430092,false,סכיני גילוח שיק אקסטרים קומפורט לנשים 3 להבים 4 יחידות,אנרג'יזר Energizer,,שיק אקסטרים 3 פס לח,Unknown,0.00,Unknown,false,1,25.20,25.20,true,1,
4891228460242,false,שיק קוואטרו חד פעמי לנשים 3 יחידות,אנרג'יזר Energizer,,מכשיר גילוח שיק קווא,Unknown,0.00,Unknown,false,1,36.50,36.50,true,1,
4903001904192,false,"רוטב סויה יאמסה פרימיום 500 מ""ל",הדקלאים אגודת שיתופי,,רוטב סויה יאמסה 500,מיליליטרים,500.00,"100 מ""ל",false,1,17.90,3.58,true,1,
4903001904208,false,רוטב סויה פרימיום יאמסה 1 ליטר,הדקלאים אגודת שיתופי,,רוטב סויה יאמסה פרימ,מיליליטרים,1000.00,"100 מ""ל",false,1,31.90,3.19,true,1,
4903001925784,false,"רוטב סויה יאמאסה פרמיום דל מלח 500 מ""ל",הדקלאים אגודת שיתופי,,רוטב סויה יאמאסה פרמ,מיליליטרים,500.00,"100 מ""ל",false,1,17.90,3.58,true,1,
4934418001914,false,"בירה היטאצינו גינגר 330 מ""ל",מבשלת קיוצ'י,,בירה היטאצינו גינגר,מיליליטרים,330.00,"100 מ""ל",false,1,17.90,5.42,true,1,
5000146057710,false,ספריי רב שימושי לחלונות ומשטחים ווינדולין Windolene,רקיט בנקיזר,,נוזל וונדולין כחול 7,מיליליטרים,750.00,"100 מ""ל",false,1,10.40,1.39,true,1,
5000157026071,false,שעועית ברוטב עגבניות היינץ 400 גרם,היינץ,GB,שעועית ברוטב עגבניות,גרמים,400.00,100 גרם,false,1,9.40,2.35,true,1,
5000157076021,false,היינץ צנצנת ממרח לסנדוויץ 300 גרם,,GB,היינץ צנצנת ממרח לסנ,גרמים,300.00,100 גרם,false,1,18.90,6.30,true,1,
5000157143365,false,מתבל בטעם מיונז וקטשופ היינץ 425 גרם,"פודליצקי ספ.ז.או.או,",PL,מתבל בטעם מיונז וקטש,מיליליטרים,425.00,"100 מ""ל",false,1,14.90,3.51,true,1,
5000159020312,false,מלטיזרס אריזה קטנה 37 גרם,מלטיזרס Maltesers,,מלטיזרס 37 גרם,גרמים,37.00,100 גרם,false,1,4.90,13.24,true,1,
5000159304245,false,מ&מס קריספי 36 גרם,,,מ&מס קריספי 36 גרם,גרמים,36.00,100 גרם,false,1,4.90,13.61,true,1,
5000159344074,false,גלידת סניקרס שמנת עם בוטנים וקרמל מצופה 288 גרם.,פלדמן,FR,מאגדת סניקרס 6 יח,Unknown,0.00,Unknown,false,1,29.90,29.90,true,1,
5000159376655,false,סוכריות SKITTLES פירות קטן 38 גרם אדום,ריגלי ממתקים,,סקיטלס פירות 38 גרם,גרמים,38.00,100 גרם,false,1,3.30,8.68,true,1,
5000159376792,false,סוכריות סקיטלס Skittles פירות חמוצים,ריגלי ממתקים,,סקיטלס חמוץ 38 גרם,גרמים,38.00,100 גרם,false,1,3.30,8.68,true,1,
5000159382694,false,מארס עשירייה 450 גרם,,NL,מארס עשירייה 450 גרם,גרמים,450.00,100 גרם,false,1,24.90,5.53,true,1,
5000159397292,false,מארס מאגדת גלידה פלד,פלדמן,FR,מאגדת מארס 6 יח,Unknown,0.00,Unknown,false,1,31.50,31.50,true,1,
5000159407236,false,חטיף מרס שוקולד עם ק,מרס הולנד בי.וי.,,חטיף מארס 51 גרם,גרמים,51.00,100 גרם,false,1,3.90,7.65,true,1,
5000159461122,false,חטיף שוקולד סניקרס מקס קרמל 50 ג',"נארז ע""י : א.ג. גילר",,חטיף סניקרס 50 גרם,גרמים,50.00,100 גרם,false,1,3.90,7.80,true,1,
5000159471510,false,אם אנד אם בוטנים 220 גרם,,FR,אם אנד אם בוטנים 220,גרמים,220.00,100 גרם,false,1,16.70,7.59,true,1,
5000159471794,false,אם אנד אם שוקולד 220 גרם,,BE,אם אנד אם שוקולד 220,גרמים,220.00,100 גרם,false,1,16.70,7.59,true,1,
5000159472029,false,אם אנד אם קריספי 213 גרם,,FR,אם אנד אם קריספי 213,גרמים,213.00,100 גרם,false,1,19.80,9.30,true,1,
5000159483063,false,גלידת באונטי שמנת עם קוקוס מצופה 284 גרם,פלדמן,,מאגדת באונטי 6 יח,Unknown,0.00,Unknown,false,1,29.90,29.90,true,1,
5000159484695,false,גלידת טוויקס שמנת עם קרמל וביסקוויט מצופה 205 גרם,פלדמן,FR,מאגדת טוויקס 6 יח,Unknown,0.00,Unknown,false,1,29.90,29.90,true,1,
5000159500258,false,בונבוניירה סלבריישן,,,מארז סלבריישן 186 גר,גרמים,186.00,100 גרם,false,1,26.90,14.46,true,1,
5000159515443,false,מאגדת גלידה סניקרס על מקל רביעייה 240 גר,,FR,מאגדת גלידה סניקרס ע,גרמים,240.00,100 גרם,false,1,34.90,14.54,true,1,
5000204133509,false,זיפלוק שקיות אחסון גדולות 19 יחידות,אס.סי.גונסון ובניו,,זיפלוק שקיות אחסון ג,Unknown,0.00,Unknown,false,1,16.70,16.70,true,1,
5000204153729,false,מטהר אוויר גלייד מילוי אוטומטי לבנדר וניל,המאפיה של הרמן,TR,מילוי אוטומטי גלייד,מיליליטרים,269.00,"100 מ""ל",false,1,20.90,7.77,true,1,
5000204153903,false,מטהר אוויר גלייד מילוי אוטומטי מרכך כביסה,"קוסטר אירוסול ואלף סאן,",TR,מילוי אוטומטי גלייד,מיליליטרים,269.00,"100 מ""ל",false,1,20.90,7.77,true,1,
5000213000359,false,בירה גינס אקסטרא סטאוט,קרלסברג יבוא יצוא,,בירה גינס בקבוק 330,מיליליטרים,330.00,"100 מ""ל",false,1,14.90,4.52,true,1,
5000213014905,false,"בירה גינס פחית 440 מ""ל",פארייפאבה אגרואינדוס,,"בירה גינס 440 מ""ל פח",מיליליטרים,440.00,"100 מ""ל",false,1,15.80,3.59,true,1,
5000219009295,false,פאל מאל אדום ארוך האוס עשירייה,Unknown,,פאל מאל אדום ארוך הא,Unknown,0.00,Unknown,false,1,295.00,295.00,true,1,
5000219120112,false,פאל מאל כחול ארוך סטרים פילטר עשירייה,Unknown,,פאל מאל כחול ארוך סט,Unknown,0.00,Unknown,false,1,295.00,295.00,true,1,
5000267014234,false,וויסקי ג'וני ווקר רד לייבל Red label,ג'וני ווקר Johnnie walker,,מארז גוני ווקר אדום,מיליליטרים,750.00,"100 מ""ל",false,1,74.90,9.99,true,1,
5000267024233,false,"וויסקי ג'וני בלאק לייבל עם פורר 700מ""ל",ג'וני ווקר Johnnie walker,,מארז גוני ווקר שחור,מיליליטרים,700.00,"100 מ""ל",false,1,109.90,15.70,true,1,
5000267117560,false,"וויסקי גוני ווקר גולד לייבל רזרב 750 מ""ל",ג'\ון ווקר ובניו,,מארז גוני ווקר גולד,מיליליטרים,750.00,"100 מ""ל",false,1,174.90,23.32,true,1,
5000277001255,false,וויסקי דיוארס 1 ליטר,,,וויסקי דיוארס 1 ליטר,ליטרים,0.00,ליטר,false,1,116.90,116.90,true,1,
5000289925440,false,גין גורדון בקבוק 700,אלכסנדר גורדון ושות',,"גין גורדון 700 מ""ל",מיליליטרים,700.00,"100 מ""ל",false,1,79.90,11.41,true,1,
5000289929417,false,"גין גורדון ורוד 37.5% 700 מ""ל",,,גין גורדון ורוד 37.5,מיליליטרים,700.00,"100 מ""ל",false,1,93.90,13.41,true,1,
5000299223031,false,"קפטן מורגן ספייסד - רום 750 מ""ל",יבואן ומשווק: ש. שסט,,רום קפטן מורגן ספייס,מיליליטרים,750.00,"100 מ""ל",false,1,89.90,11.99,true,1,
5000329002193,false,משקה ג'ין ביפאיטר 70,פרנו ריקרד יורו,,"גין ביפאיטר 700 מ""ל",מיליליטרים,700.00,"100 מ""ל",false,1,99.90,14.27,true,1,
5000354912306,false,אוקסו ציר יין אדום 80 גרם,,,אוקסו ציר יין אדום 8,גרמים,80.00,100 גרם,false,1,17.90,22.38,true,1,
5000394140820,false,שישיות סוללות AA פלוס פאוור דורסל,דורסל,BE,סוללות דורסל פלוס פא,יחידה,1.00,יחידה,false,1,15.90,15.90,true,1,
5000394141209,false,שישיות סוללות AAA פלוס פאוור דורסל,דיפלומט,BE,סוללות דורסל פלוס פא,יחידה,1.00,יחידה,false,1,15.90,15.90,true,1,
5000394203907,false,סוללות דורסל ליתיום זוג,דורסל Duracell,,סוללות דורסל ליתיום,Unknown,0.00,Unknown,false,1,19.90,19.90,true,1,
5000396037531,false,מקוויטיס ביסקוויט מצופה שוקולד חלב 200 גרם,ברנדס סרטרה נשיונל,,מקוויטיס ביסקוויט מצ,גרמים,200.00,100 גרם,false,1,12.50,6.25,true,1,
5000396037944,false,מקוויטיס ביסקוויט אורגינל 250 גרם,ברנדס סרטרה נשיונל,,מקוויטיס ביסקוויט 25,גרמים,250.00,100 גרם,false,1,11.40,4.56,true,1,
5010026515919,false,מוזלי קריספי נאטי מורנפלייק 650 גרם,מורנפלייק Mornflake,GB,מורנפלייק נאטי 650 ג,גרמים,650.00,100 גרם,false,1,24.90,3.83,true,1,
5010026515933,false,מורנפלייק מוזלי פירות ואגוזים 750 גרם,מורנינג פוד,GB,מורנפלייק מוזלי פירו,גרמים,750.00,100 גרם,false,1,24.90,3.32,true,1,
5010026515940,false,מורנפלייק מוזלי פרוטי 750 גרם,מורנפלייק Mornflake,GB,מורנפלייק פרוטי 750ג,גרמים,750.00,100 גרם,false,1,24.90,3.32,true,1,
5010029000252,false,וויטביקס תערובת דגנים מחיטה מלאה 430 גרם,וויטביקס,,וויטביקס 430 גרם,גרמים,430.00,100 גרם,false,1,23.90,5.56,true,1,
5010029221091,false,דגני וויטביקס פרוטאין קראנצ עם שוקולד 450 ג',טרופיקל דגיל תעשיות,,דגנים מלאים פרוטאין,גרמים,450.00,100 גרם,false,1,27.90,6.20,true,1,
5010035068352,false,פוקס-עוגיות שוקולד ציפס משוקולד חלב 180,,,פוקס-עוגיות שוקולד צ,גרמים,180.00,100 גרם,false,1,11.90,6.61,true,1,
5010035068369,false,פוקס-עוגיות שוקולד ציפס משוקולד לבן 180,,,פוקס-עוגיות שוקולד צ,גרמים,180.00,100 גרם,false,1,11.90,6.61,true,1,
5010038454831,false,בירה בלו מון 330 מל בקבוק,"מבשלת סטרופראמן בע""\מ ,",,בירה בלו מון 330 מל,מיליליטרים,330.00,"100 מ""ל",false,1,13.50,4.09,true,1,
5010106110225,false,"וויסקי בלנטיינס 12 שנה 700 מ""ל",,,וויסקי בלנטיינס 12 ש,מיליליטרים,700.00,"100 מ""ל",false,1,114.90,16.41,true,1,
5010182997253,false,רייד תרסיס קוטל ג'וקים/תיקנים 300 מל,אס.סי.ג'ונסון מידרכט,,רייד מקס קוטל חרקים,מיליליטרים,400.00,"100 מ""ל",false,1,19.40,4.85,true,1,
5010182997338,false,דאק ג'ל לניקוי אסלות בניחוח רענן 55 מל,"איטיליאן פוד, אס.פי.",,"ט.ד.ס. אסלה גל 55 מ""",מיליליטרים,55.00,"100 מ""ל",false,1,13.10,23.82,true,1,
5010182997918,false,דאק ג'ל לניקוי אסלות בניחוח ים 55 מל,"איטיליאן פוד, אס.פי.",,טואלט דאק גל אסלה 55,מיליליטרים,55.00,"100 מ""ל",false,1,13.10,23.82,true,1,
5010314101015,false,וויסקי פיימוס גראוס 1 ליטר,מתיו גלוג אנד סאן,,וויסקי פיימוס גראוס,מיליליטרים,1000.00,"100 מ""ל",false,1,104.90,10.49,true,1,
5010314570101,false,"היילנד פארק 12 שנה 700 מ""ל",,,היילנד פארק 12 שנה 7,מיליליטרים,700.00,"100 מ""ל",false,1,199.90,28.56,true,1,
5010327000046,false,וויסקי גרנט'ס סקוטי,"וויליאם גראנט ובניו בע""\",,וויסקי גראנטס 700 מ,מיליליטרים,700.00,"100 מ""ל",false,1,69.90,9.99,true,1,
5010327000176,false,"וויסקי גלנפידיך מולט 12 שנה 700 מ""ל",גרנט'ס (William Gran,,וויסקי גלנפידיך מולט,מיליליטרים,700.00,"100 מ""ל",false,1,145.90,20.84,true,1,
5010327105215,false,וויסקי מאנקי שולדר Monkey Shoulder,"וויליאם גראנט ובניו בע""\",,וויסקי מונקי שולדר 7,מיליליטרים,700.00,"100 מ""ל",false,1,139.90,19.99,true,1,
5010327399614,false,"גלנפידיך 12 אמריקן אווק כשר 700 מ""ל",וויליאם גרנטס ובניו,GB,גלנפידיך 12 אמריקן א,מיליליטרים,700.00,"100 מ""ל",false,1,179.90,25.70,true,1,
5010327658544,false,"בירה אינס אנד גון אוריגינל 330 מ""ל",,,בירה אינס אנד גון או,מיליליטרים,330.00,"100 מ""ל",false,1,13.90,4.21,true,1,
5010394984577,false,פדיגרי דנטאסטיקס כלב קטן 110 גרם (7 יח')BP29V,פדיגרי Pedigree,,פדיגרי דנטה סמול 110,גרמים,110.00,100 גרם,false,1,11.90,10.82,true,1,
5010394984584,false,פדיגרי דנטאסטיקס כלב מדיום 180 גרם (7 יח') BP32K,פדיגרי Pedigree,,פדיגרי דנטה סטיקס 18,גרמים,180.00,100 גרם,false,1,14.90,8.28,true,1,
5010478215559,false,סוויזלס סוכריות סודה לבבות רביעייה 156 ג,,GB,סוויזלס סוכריות סודה,גרמים,156.00,100 גרם,false,1,10.90,6.99,true,1,
5010509414081,false,וויסקי הנקי בניסטר 1 ליטר,,,וויסקי הנקי בניסטר 1,מיליליטרים,1000.00,"100 מ""ל",false,1,94.90,9.49,true,1,
5010677551281,false,"בקרדי בריזר לימון 275 מ""ל בקבוק",בקרדי בריזר Bacardi Breezer,,בקרדי בריזר לימון,מיליליטרים,275.00,"100 מ""ל",false,1,14.50,5.27,true,1,
5010677551397,false,"בקרדי בריזר לימון ליים 275 מ""ל",בקרדי בריזר Bacardi Breezer,,בקרדי בריזר לימון לי,מיליליטרים,275.00,"100 מ""ל",false,1,14.50,5.27,true,1,
5010677552387,false,"בקרדי בריזר אננס 275 מ""ל בקבוק",בקרדי בריזר Bacardi Breezer,,בקרדי בריזר אננס 275,מיליליטרים,275.00,"100 מ""ל",false,1,14.50,5.27,true,1,
5010677554398,false,"בקרדי בריזר אבטיח 275 מ""ל בקבוק",בקרדי בריזר Bacardi Breezer,,בקרדי בריזר אבטיח,מיליליטרים,275.00,"100 מ""ל",false,1,14.50,5.27,true,1,
5010677850100,false,וודקה גריי גוס בקבוק,בקרדי מרטיני,FR,וודקה גריי גוס 700 מ,מיליליטרים,700.00,"100 מ""ל",false,1,109.90,15.70,true,1,
5010853218786,false,משטח זכוכית לסירים SLATE,,,משטח זכוכית לסירים S,קילוגרמים,0.00,"ק""ג",false,1,49.90,49.90,true,1,
5011007003227,false,וויסקי גיימיסון 1 ליטר,אייריש דיסטלריז,,וויסקי גיימיסון 1 לי,מיליליטרים,1000.00,"100 מ""ל",false,1,124.90,12.49,true,1,
5011013100132,false,"ויסקי בייליס אייריש קרים 750 מ""ל",r&a baileys,,אייריש קרים בייליס 7,מיליליטרים,750.00,"100 מ""ל",false,1,88.90,11.85,true,1,
5011013500680,false,"ליקר שרידנס 700 מ""ל",thomas sheridans,,"ליקר שרידנס 700 מ""ל",מיליליטרים,700.00,"100 מ""ל",false,1,99.90,14.27,true,1,
5011013500703,false,"ליקר שרידנס 700 מ""ל",,,"ליקר שרידנס 500 מ""ל",מיליליטרים,500.00,"100 מ""ל",false,1,84.90,16.98,true,1,
5011026108033,false,"וויסקי אירי טולומור דיו 700 מ""ל",פארייפאבה אגרואינדוס,,וויסקי אירי טולומור,מיליליטרים,700.00,"100 מ""ל",false,1,89.90,12.84,true,1,
5011157630281,false,אורז לבן ארוך בסמטי טילדה Tilda,אלסקה/ טילדה,,אורז בסמטי טילדה 1 ק,גרמים,1000.00,100 גרם,false,1,24.90,2.49,true,1,
5011166055358,false,"בירה קראביס גינגר 330 מ""ל ללא גלוטן",,,בירה קראביס גינגר 33,מיליליטרים,330.00,"100 מ""ל",false,1,13.90,4.21,true,1,
5011308000703,false,פטקס צאטני מנגו חריף 340 גרם,,,פטקס צאטני מנגו חריף,גרמים,340.00,100 גרם,false,1,17.90,5.26,true,1,
5011348002910,false,"בירה אולד אמפייר אי.פי.איי 500 מ""ל",,GB,בירה אולד אמפייר אי.,מיליליטרים,500.00,"100 מ""ל",false,1,17.90,3.58,true,1,
5011348010335,false,"בירה גינגר בירד 4.2% 500 מ""ל",ויצ'וויד,,בירה גינגר בירד 4.2%,מיליליטרים,500.00,"100 מ""ל",false,1,17.90,3.58,true,1,
5011348015194,false,"בירה הובגובלין גולד 500 מ""ל",מבשלת וויצ'ווד,,בירה הובגובלין גולד,מיליליטרים,500.00,"100 מ""ל",false,1,17.90,3.58,true,1,
5011348016238,false,בירה שיפיארד 500מל פ,ויצ'וויד,,"בירה שיפיארד 500 מ""ל",מיליליטרים,500.00,"100 מ""ל",false,1,17.90,3.58,true,1,
5011348017112,false,"בירה הובגובלין פחית 500 מ""ל",,GB,בירה הובגובלין פחית,מיליליטרים,500.00,"100 מ""ל",false,1,16.90,3.38,true,1,
5011348019772,false,"בירה הובגובלין אי.פי.איי 500 מ""ל",ויצ'וויד,,בירה הובגובלין אי.פי,מיליליטרים,500.00,"100 מ""ל",false,1,17.90,3.58,true,1,
5011348023458,false,"בירה הובגובלין אי.פי.איי. פחית 500 מ""ל",,GB,בירה הובגובלין אי.פי,מיליליטרים,500.00,"100 מ""ל",false,1,16.90,3.38,true,1,
5011885003500,false,בירה פולרס לונדון פרייד 330 מל,,,בירה פולרס לונדון פר,מיליליטרים,330.00,"100 מ""ל",false,1,14.90,4.52,true,1,
5013931015819,false,דישמאטיק מארז כריות פלדה 2 יח,דישמטיק Dish matic,,מארז כריות פלדה דיש,Unknown,0.00,Unknown,false,1,23.90,23.90,true,1,
5013965948428,false,משחת שיניים פרו אקספרט לניקוי יסודי מנטה מעודן,פרוקטר אנד גמבל,DE,משחת שיניים אורל בי,מיליליטרים,75.00,"100 מ""ל",false,1,15.30,20.40,true,1,
5013965953354,false,אורל בי 123 משחה 100 מל עם פלואוריד,פרוקטר אנד גמבל,BE,משחת שיניים אורל בי,Unknown,0.00,Unknown,false,1,13.20,13.20,true,1,
5013967003996,false,וויסקי גון באאר פיינסט 1 ליטר,,GB,וויסקי גון באאר פיינ,מיליליטרים,1000.00,"100 מ""ל",false,1,93.90,9.39,true,1,
5014201701623,false,ווסטונס אינגליש וינטג סיידר 750 מל,,,ווסטונס אינגליש וינט,מיליליטרים,750.00,"100 מ""ל",false,1,25.90,3.45,true,1,
5014271310428,false,מעדן בטעם דובדבנים שחורים סאן דלפור 284 גרם,סאן דלפור - שמבור,,מעדן סאנט דלפור דובד,גרמים,284.00,100 גרם,false,1,19.90,7.01,true,1,
5014271330426,false,מעדן אוכמניות כחולות ללא תוספת סוכר 284 גרם,סאן דלפור - שמבור,,מעדן סאנט דלפור אוכמ,גרמים,284.00,100 גרם,false,1,19.90,7.01,true,1,
5014271560427,false,מעדן תפוז וג'ינג'ר ללא סוכר סאן דלפור 284 גר,סאן דלפור - שמבור,,מעדן סאנט דלפור תפוז,גרמים,284.00,100 גרם,false,1,19.90,7.01,true,1,
5014379009972,false,בירה לאגר באדוויזר פחית 500 מל,באדווייזר Budweiser,GB,בירה לאגר באדוויזר פ,מיליליטרים,500.00,"100 מ""ל",false,1,9.20,1.84,true,1,
5018357006755,false,תערובת דגנים 50% פירות ואגוזים 540 גרם,דורסט סיריאלס,,תערובת דגנים 50% פיר,גרמים,540.00,100 גרם,false,1,31.50,5.83,true,1,
5018481022003,false,"וויסקי טומאטין סינגל מאלט לגאסי 700 מ""ל",,,וויסקי טומאטין סינגל,מיליליטרים,700.00,"100 מ""ל",false,1,135.90,19.41,true,1,
5020628000126,false,"תאצרס הייז מעונן סיידר תפוחים 4.5% 500 מ""ל",ת'אצרס,,תאצרס הייז מעונן סיי,מיליליטרים,500.00,"100 מ""ל",false,1,10.90,2.18,true,1,
5020628001178,false,"תאצרס גולד סיידר תפוחים 4.8% 500 מ""ל",,,תאצרס גולד סיידר תפו,מיליליטרים,500.00,"100 מ""ל",false,1,10.90,2.18,true,1,
5020628001260,false,"תאצרס גולד סיידר תפוחים 4.8% 500 מ""ל",בווריה,,תאצרס גולד סיידר תפו,מיליליטרים,500.00,"100 מ""ל",false,1,7.90,1.58,true,1,
5020628001475,false,"תאצרס רוזה סיידר תפוחים 4% 500 מ""ל",בווריה,,תאצרס רוזה סיידר תפו,מיליליטרים,500.00,"100 מ""ל",false,1,10.90,2.18,true,1,
5021690201510,false,קריליס סוכריות תפוחים צבעוניים 150 גרם,,IE,קריליס סוכריות תפוחי,גרמים,150.00,100 גרם,false,1,7.50,5.00,true,1,
5021690201541,false,קריליס סוכריות טיפות אגס 160 גרם,,IE,קריליס סוכריות טיפות,גרמים,160.00,100 גרם,false,1,7.50,4.69,true,1,
5023625004487,false,בירה הובגובלין רובי500מל,וויצ'וד ויטניי,,בירה הובגובלין 500 מ,מיליליטרים,500.00,"100 מ""ל",false,1,17.90,3.58,true,1,
5024546356587,false,וויסקי גראנד מקניש 1 ליטר SCOTCH,אגדת,,וויסקי גראנד מקניש 1,מיליליטרים,1000.00,"100 מ""ל",false,1,104.90,10.49,true,1,
5024546356600,false,"וויסקי 700 מ""ל GRAND MACNISH SCOTCH",,,"וויסקי 700 מ""ל GRAND",מיליליטרים,700.00,"100 מ""ל",false,1,79.90,11.41,true,1,
5024546366609,false,"וויסקי 700 מ""ל LAUDERS SCOTCH",מקדוף אינטרנשנל דיסט,,"וויסקי 700 מ""ל LAUDE",מיליליטרים,700.00,"100 מ""ל",false,1,83.90,11.99,true,1,
5024546366630,false,וויסקי לאודרס 1 ליטר SCOTCH,לאודרס,,וויסקי לאודרס 1 ליטר,מיליליטרים,1000.00,"100 מ""ל",false,1,104.90,10.49,true,1,
5028420101607,false,גדול אפור SCOOP PLUS,,,גדול אפור SCOOP PLUS,Unknown,0.00,Unknown,false,1,54.90,54.90,true,1,
5028420600438,false,ק. חיתוך CHOP2POT ג. ירוק,,,ק. חיתוך CHOP2POT ג.,Unknown,0.00,Unknown,false,1,119.90,119.90,true,1,
5029053002408,false,קלינקס - נייר טואולט קליניקס לבן 9 גלילים,קימברלי קלארק ישראל,,נ.טואלט קלינקס לבן 9,מטרים,275.00,מטר,false,1,33.90,0.12,true,1,
5029053002439,false,קלינקס - נייר טואולט קליניקס צהוב 9 גלילים,חוגלה קימברלי,,נ.טואלט קלינקס צהוב,מטרים,275.00,מטר,false,1,33.90,0.12,true,1,
5029053039725,false,ממחטות נייר קלינקס נטורל פרש קופסה 72 דף,קימברלי קלארק,,ממחטות נייר קלינקס נ,Unknown,0.00,Unknown,false,1,11.90,11.90,true,1,
5029053510828,false,תחבושות סופר פלוס עם כנפיים קוטקס 22יחידות,חוגלה קימברלי,,תחבושת קוטקס סופר +,Unknown,0.00,Unknown,false,1,18.90,18.90,true,1,
5029053523446,false,קוטקס - תחבושות אולטרה נייט + כנפיים 20 יח',חוגלה קימברלי,,תחבושת קוטקס נייט,Unknown,0.00,Unknown,false,1,18.90,18.90,true,1,
5029053534602,false,קוטקס טמפוני סופר ללא מוליך 32 יח,קימברלי קלארק,,טמפון קוטקס סופר 32,Unknown,0.00,Unknown,false,1,29.90,29.90,true,1,
5029053578309,false,קופסת ממחטות אולטרה סופט 48 דף קלינקס,קימברלי קלארק,,קלינקס אולטרה סופט ק,יחידה,1.00,יחידה,false,1,7.30,7.30,true,1,
5029054220085,false,האגיס - מגבוני האגיס אקסטרה קר לא מבושם 56 יח' * 4,חוגלה קימברלי,IL,מגבוני האגיס רך נולד,Unknown,0.00,Unknown,false,1,29.90,29.90,true,1,
5030544902992,false,גבינת צדר אנגלי 190 גר,,,גבינת צדר אנגלי 190,גרמים,190.00,100 גרם,false,1,32.90,17.32,true,1,
5030544903012,false,גבינת צדר מיושן 190 גר,,,גבינת צדר מיושן 190,גרמים,190.00,100 גרם,false,1,32.90,17.32,true,1,
5030544903654,false,גבינת צדר עם בצל מקורמל Farmers Cheese 190 גרם,,,גבינת צדר עם בצל מקו,גרמים,190.00,100 גרם,false,1,26.50,13.95,true,1,
5032678004870,false,"מי טוניק 200 מ""ל",,GB,"מי טוניק 200 מ""ל",מיליליטרים,200.00,"100 מ""ל",false,1,7.20,3.60,true,1,
5032678006553,false,"פרנקלין & סאנס טוניק אשכולית אדומה וברגמוט 200 מ""ל",,GB,מי טוניק אשכולית אדו,מיליליטרים,200.00,"100 מ""ל",false,1,7.20,3.60,true,1,
5035766044673,false,"סטרונגבואו גולד, סיידר תפוחים אלכוהולי, בקבוק 330 מ''ל",האי נאם סי או אל.טי.,,סיידר תפוחים סטרונגב,מיליליטרים,330.00,"100 מ""ל",false,1,8.20,2.48,true,1,
5035766044772,false,סיידר תפוחים סטרונגבאו 330 בקבוק רביעייה,סטאסן ס.א,,סיידר תפוח סטרונגבאו,מיליליטרים,1320.00,"100 מ""ל",false,1,32.90,2.49,true,1,
5035766060253,false,"בירה מרפיס, בירת סטאוט, פחית 500 מ""ל",מרפיס Murphys,,"מרפיס פחית 500 מ""ל",מיליליטרים,500.00,"100 מ""ל",false,1,12.80,2.56,true,1,
5053827109307,false,קלוגס-דגני בוקר ספיישל קיי קלאסיק 300 גר,,ES,קלוגס-דגני בוקר ספיי,גרמים,300.00,100 גרם,false,1,20.90,6.97,true,1,
5053827215862,false,קלוגס קוקו פופס שוקו 500ג',קלוגס מניופקטורינג אספנה,,קוקו פופס 500 גרם,גרמים,500.00,100 גרם,false,1,18.90,3.78,true,1,
5055966800114,false,"מארז וויסקי בלק בוש 700 מ""ל + כוסות",,,מארז וויסקי בלק בוש,מיליליטרים,750.00,"100 מ""ל",false,1,124.90,16.65,true,1,
5055966801012,false,וויסקי בושמילס אוריגינל 1 ליטר,,,וויסקי בושמילס אוריג,מיליליטרים,1000.00,"100 מ""ל",false,1,99.00,9.90,true,1,
5055966820037,false,"וויסקי בושמילס סינגל 10 שנים750 מ""ל",אלב בושמילס,,וויסקי בושמילס סינגל,מיליליטרים,750.00,"100 מ""ל",false,1,208.90,27.85,true,1,
5055966830142,false,"וויסקי בושמילס קאסק רום 700 מ""ל",,,וויסקי בושמילס קאסק,מיליליטרים,700.00,"100 מ""ל",false,1,109.90,15.70,true,1,
5055966830159,false,"וויסקי בושמילס קאסק ברבן 700 מ""ל",,,וויסקי בושמילס קאסק,מיליליטרים,700.00,"100 מ""ל",false,1,109.90,15.70,true,1,
5056357901427,false,אם אנד אם חטיף חלבון שוקולד 51 גרם,פארם אקספרס,NL,אם אנד אם חטיף חלבון,גרמים,51.00,100 גרם,false,1,16.90,33.14,true,1,
5056357902936,false,סניקרס לבן חטיף היי פרוטאין 57 ג,,,סניקרס לבן חטיף היי,גרמים,57.00,100 גרם,false,1,16.90,29.65,true,1,
5056357903834,false,באונטי מעושר בחלבון 52 גרם,מארס יורק אנגליה,,באונטי חטיף חלבון 52,גרמים,52.00,100 גרם,false,1,16.90,32.50,true,1,
5056357905579,false,מארס טריפל טריט 128 גרם,,IE,מארס טריפל טריט 128,גרמים,227.00,100 גרם,false,1,16.90,7.44,true,1,
5056357905616,false,באונטי טריפל טריט 128 גרם,,IE,באונטי טריפל טריט 12,גרמים,227.00,100 גרם,false,1,16.90,7.44,true,1,
5056357906323,false,אם אנד אם קריספי חלבון 52 גרם,,,אם אנד אם קריספי חלב,גרמים,52.00,100 גרם,false,1,16.90,32.50,true,1,
5059001003713,false,איירוויק - מקלות ריחניים בניחוח תאנה ופירות יער,רקיט בנקיזר,IT,ארוויק מקלות תאנה פי,Unknown,0.00,Unknown,false,1,19.90,19.90,true,1,
5060017740011,false,"גין ברוקרס 700 מ""ל",,,"גין ברוקרס 700 מ""ל",מיליליטרים,700.00,"100 מ""ל",false,1,114.90,16.41,true,1,
5060017740158,false,"גין ברוקרס פינק 700 מ""ל",,,גין ברוקרס פינק 700,מיליליטרים,700.00,"100 מ""ל",false,1,114.90,16.41,true,1,
5060045588128,false,"וויסקי גים בים לבן 700 מ""ל","איי, בי, אינבוו",,וויסקי גים בים לבן 7,מיליליטרים,700.00,"100 מ""ל",false,1,83.90,11.99,true,1,
5060045590190,false,"וויסקי גים בים דבש 700 מ""ל",בים סנטורי,,וויסקי גים בים דבש 7,מיליליטרים,700.00,"100 מ""ל",false,1,83.90,11.99,true,1,
5060045590213,false,"וויסקי גים בים תפוח 700 מ""ל",בים סנטורי,,וויסקי גים בים תפוח,מיליליטרים,700.00,"100 מ""ל",false,1,83.90,11.99,true,1,
5060122034487,false,"משקה באונטי 350 מ""ל",Unknown,,"משקה באונטי 350 מ""ל",גרמים,350.00,100 גרם,false,1,12.90,3.69,true,1,
5060123607802,false,לונדון חליטת גינגר לימון 20 שקיקים,טייפו,,לונדון חליטת גינגר ל,Unknown,0.00,Unknown,false,1,16.90,16.90,true,1,
5060154914160,false,"בירה וגבונד פייל אייל 330 מ""ל ללא גלוטן",ברודוג פי אל סי,,בירה וגבונד פייל איי,מיליליטרים,300.00,"100 מ""ל",false,1,17.90,5.97,true,1,
5060229012005,false,תה ירוק מאצה אורגני,פוקה,,תה ירוק מאצה אורגני,Unknown,0.00,Unknown,false,1,31.90,31.90,true,1,
5060229012241,false,תה קמומיל וניל ודבש,,,תה קמומיל וניל ודבש,Unknown,0.00,Unknown,false,1,31.90,31.90,true,1,
5060229012562,false,תה שלוש קמומיל פוקה 30 גרם,,GB,תה שלוש קמומיל פוקה,גרמים,30.00,100 גרם,false,1,31.90,106.33,true,1,
5060229017680,false,תה ירוק תותי בר 85 גרם,,,תה ירוק תותי בר 85 ג,Unknown,0.00,Unknown,false,1,31.90,31.90,true,1,
5060255492154,false,חול חתולים תורכיז6ל ספיגה מוגברת,אבר קלין Ever clean,,אברקלין 6 ליטר תכלת,ליטרים,0.01,ליטר,false,1,69.90,6990.00,true,1,
5060283762205,false,ציפס עדשים סריראצה וצילי 85 גרם,,GB,ציפס עדשים סריראצה ו,גרמים,85.00,100 גרם,false,1,14.90,17.53,true,1,
5060283762212,false,ציפס עדשים בטעם ברביקיו 85 גרם,,GB,ציפס עדשים בטעם ברבי,גרמים,85.00,100 גרם,false,1,14.90,17.53,true,1,
5060309490037,false,דיאבלו טבלת שוקולד מריר ואגוזי לוז 85 גר,,,דיאבלו טבלת שוקולד מ,גרמים,85.00,100 גרם,false,1,10.90,12.82,true,1,
5060319120078,false,הייר ליבינג-סוויט דרימס אורגני 40 גרם,אונלי נטורל פרודקטס,,תה איבנינג אורגני 40,Unknown,0.00,Unknown,false,1,17.90,17.90,true,1,
5060402904752,false,עוגיות שוקוציפס בואנ,,GB,עוגיות באונטי 180 גר,גרמים,180.00,100 גרם,false,1,10.90,6.06,true,1,
5060402908248,false,סניקרס חטיף חלבון 55 גרם,פארם אקספרס,NL,סניקרס חטיף חלבון 55,גרמים,55.00,100 גרם,false,1,16.90,30.73,true,1,
5060412214124,false,חול אברקלין צהוב פיזור מופחת,אבר קלין Ever clean,,אוור קלין צהוב חדש 6,Unknown,0.00,Unknown,false,1,69.90,69.90,true,1,
5060517886486,false,"משקה אנרגיה מונסטר אנרג'י בפחית 500 מ""ל",מונסטר אנרג'י Monster Energy,RS,מונסטר אנרגי פח 500,מיליליטרים,500.00,"100 מ""ל",false,1,6.90,1.38,true,1,
5060517886516,false,"משקה אנרגיה מונסטר אנרג'י זירו בפחית 500 מ""ל",מונסטר אנרג'י Monster Energy,RS,מונסטר אנרגי זירו פח,מיליליטרים,500.00,"100 מ""ל",false,1,6.90,1.38,true,1,
5060519144102,false,חליטה הרגשה חדשה 20,פוקה,,תה הרגשה חדשה,Unknown,0.00,Unknown,false,1,31.90,31.90,true,1,
5060639128051,false,"משקה אנרגיה מונסטר אולטרה בפחית 500 מ""ל",מונסטר אנרג'י לימטד,RS,מונסטר ULTRA פחית 50,מיליליטרים,500.00,"100 מ""ל",false,1,6.90,1.38,true,1,
5060639129102,false,"משקה אנרגיה מונסטר אנרג'י מנגו בפחית 500 מ""ל",מונסטר אנרג'י Monster Energy,,Mango Loco מונסטר 50,מיליליטרים,500.00,"100 מ""ל",false,1,6.90,1.38,true,1,
5060671000148,false,"מיקסרים החדש מיוון בטעםגינג ביר 200 מ""ל",,,מיקסרים החדש מיוון ב,מיליליטרים,200.00,"100 מ""ל",false,1,8.20,4.10,true,1,
5060751218173,false,"משקה אנרגיה מונסטר אנרג'י piplin punch בפחית 500 מ""ל",מונסטר אנרג'י לימטד,,מונסטר פייפליין פאנצ,מיליליטרים,500.00,"100 מ""ל",false,1,6.50,1.30,true,1,
5060751219033,false,"משקה אנרגיה מונסטר אנרג'י זירו paradise בפחית 500 מ""ל",מונסטר אנרג'י לימטד,,מונסטר אולטרה פרדייס,מיליליטרים,500.00,"100 מ""ל",false,1,6.50,1.30,true,1,
5060805990703,false,חברים-עוגיות רייצל עוגיות רד וולוט 150ג,,,חברים-עוגיות רייצל ע,גרמים,150.00,100 גרם,false,1,21.90,14.60,true,1,
5060805990710,false,חברים-עוגיות צ’נדלר קרמל מלוח 150 גר,,,חברים-עוגיות צ’נדלר,גרמים,150.00,100 גרם,false,1,21.90,14.60,true,1,
5060805990741,false,חברים-עוגיות מוניקה שוקולד ציפס 150 גר,,,חברים-עוגיות מוניקה,גרמים,150.00,100 גרם,false,1,21.90,14.60,true,1,
5065000523220,false,ויטלייז אבקה 120 גר,,,ויטלייז אבקה 120 גר,Unknown,0.00,Unknown,false,1,239.90,239.90,true,1,
5065000523367,false,ספירולינה אורגנית 15,,,ספירולינה אורגנית 15,Unknown,0.00,Unknown,false,1,109.90,109.90,true,1,
5099873017623,false,"וויסקי גק דניאלס טנסי אפל 700 מ""ל",ג'ק דניאלס Jack Daniel's,,וויסקי גק דניאלס טנס,מיליליטרים,700.00,"100 מ""ל",false,1,109.90,15.70,true,1,
5099873211984,false,"מארז גק דניאלס פייר פלוס 2 כוסות 700 מ""ל",בראון פורמן,,מארז גק דניאלס פייר,מיליליטרים,700.00,"100 מ""ל",false,1,109.90,15.70,true,1,
5200100943541,false,חטיף דגנים עם פתיתי שוק מריר ללא 180 גר,,,חטיף דגנים עם פתיתי,גרמים,180.00,100 גרם,false,1,21.90,12.17,true,1,
5200106871084,false,יוגורט יווני 150 גר,,GR,יוגורט יווני 150 גר,גרמים,150.00,100 גרם,false,1,6.90,4.60,true,1,
5200106871251,false,יוגורט יווני 350 גר,,GR,יוגורט יווני 350 גר,גרמים,350.00,100 גרם,false,1,11.40,3.26,true,1,
5200133120476,false,גלילות וופלים ממולאים קרם אגוזים וקקאו 400 ג',גולדן ברייק Golden break,,גליליות וופלים ממולא,גרמים,400.00,100 גרם,false,1,18.80,4.70,true,1,
5200133120483,false,גליליות וופלים ממולא קרם וניל 400 גר,גולדן ברייק Golden break,,גליליות וופלים ממולא,גרמים,400.00,100 גרם,false,1,18.80,4.70,true,1,
5201004020338,false,קפריס רולס קלאסיק 400 גרם,א.ג פאפאגופולוס,GR,גליליות וופל קפריס ר,גרמים,400.00,100 גרם,false,1,19.90,4.98,true,1,
5201178801054,false,"קרם רב שימושי ניוואה 250 מ""ל",טרופיקל דגיל תעשיות,,קרם רב שימושי 250 מל,גרמים,250.00,100 גרם,false,1,29.90,11.96,true,1,
5201306800812,false,זית קלמטה 465 גר דולפין,,GR,זית קלמטה 465 גר דול,גרמים,465.00,100 גרם,false,1,26.90,5.78,true,1,
5201306803400,false,זיתים מושחרים דלפי סופר ממוט 820 גרם,אינטרקום יוון,GR,זיתים מושחרים 465 גר,גרמים,465.00,100 גרם,false,1,26.90,5.78,true,1,
5201320002049,false,"אוזו 7 700 מ""ל",,,"אוזו 7 700 מ""ל",מיליליטרים,700.00,"100 מ""ל",false,1,64.90,9.27,true,1,
5201340003385,false,TRATA טונה מעושנת שמן סויה 160 גרם,נורט אגיאוסי קנריס,GR,טונה מעושנת בשמן סוי,גרמים,160.00,100 גרם,false,1,15.90,9.94,true,1,
5201340026704,false,TRATA טונה מעושנת פיקנטי 160 גרם,נורט אגיאוסי קנריס,GR,טונה מעושנת פיקנטי 1,גרמים,160.00,100 גרם,false,1,15.90,9.94,true,1,
5202152200207,false,זיתים ירוקים מגולענים עם פפריקה רגינה370,,GR,זיתים ירוקים מגולעני,גרמים,370.00,100 גרם,false,1,15.90,4.30,true,1,
5202152200306,false,זיתים ירוקים מגולענים במי מלח רגינה370ג,,GR,זיתים ירוקים מגולעני,גרמים,370.00,100 גרם,false,1,15.90,4.30,true,1,
5202152213108,false,זיתים קלמנטה במי מלח רגינה 370 גר,,GR,זיתים קלמנטה במי מלח,גרמים,370.00,100 גרם,false,1,13.90,3.76,true,1,
5202175001515,false,נאצ'וס בטעם מלוח 225 גרם,אל סבור מקסיקן פוד,,נאצ`וס בטעם מלוח 225,גרמים,225.00,100 גרם,false,1,11.40,5.07,true,1,
5202300014496,false,ספריי לשיער חזק במיוחד וולה פלקס Wella flex,פרוקטר אנד גמבל,,פלקס אקסטרה סטרונג,מיליליטרים,250.00,"100 מ""ל",false,1,34.90,13.96,true,1,
5202390014192,false,גבינה צהובה טבעונית זיתים ויאו לייף 200 ג',פרוטרופיק סיה.,,צהובה טבעונית עם זית,גרמים,200.00,100 גרם,false,1,23.50,11.75,true,1,
5202390019319,false,מוצרלה טבעונית מגורדת לפיצה 200 גרם,קראפט,,מוצרלה טבעונית לפיצה,גרמים,200.00,100 גרם,false,1,23.90,11.95,true,1,
5202390020407,false,פטה טבעונית גוש ויולייף 200 ג',ביוט איילנד פודס בעמ,GR,בסגנון פטה טבעוני 20,גרמים,200.00,100 גרם,false,1,26.90,13.45,true,1,
5202413010019,false,אוזו פלומארי 1 ליטר,,,אוזו פלומארי 1 ליטר,ליטרים,0.00,ליטר,false,1,104.90,104.90,true,1,
5202795120054,false,"ברנדי מטאקסה 5* באריזת שי 700 מ""ל",רמי קואנטרו,,ברנדי מטאקסה 5* בארי,מיליליטרים,700.00,"100 מ""ל",false,1,109.90,15.70,true,1,
5203197122028,false,מנורי יווני צאן 200 גר,,GR,מנורי יווני צאן 200,גרמים,200.00,100 גרם,false,0,21.90,10.95,true,1,
5208049001452,false,גולדן וירגיניה ירוק 30 גר+נייר PP,Unknown,,גולדן וירגיניה ירוק,יחידה,1.00,יחידה,false,1,69.90,69.90,true,1,
5208049001841,false,סיגריות פאל מאל דמי קפסולה,גלוברנס,,פאל מאל דמי קפסולה ח,Unknown,0.00,Unknown,false,1,26.00,26.00,true,1,
5208049004781,false,פאל מאל ברי דמי סלימס קופסא,Unknown,,פאל מאל ברי דמי סלימ,Unknown,0.00,Unknown,false,1,26.00,26.00,true,1,
5208049005719,false,פאל מאל אננס דמ י סלימס חפיסה,Unknown,,פאל מאל אננס דמ י סל,Unknown,0.00,Unknown,false,1,26.00,26.00,true,1,
5208049006594,false,פאל מאל אקסטרה כחול חפיסה,Unknown,,פאל מאל אקסטרה כחול,יחידה,1.00,יחידה,false,1,27.90,27.90,true,1,
5214000101062,false,שמן זית יווני כתית מעולה 1 ליטר Oleum,Oleum,,שמן זית יווני כתית מ,מיליליטרים,1000.00,"100 מ""ל",false,1,65.90,6.59,true,1,
5391500600094,false,"בירה אוהרס - אייריש רד אייל 330 מ""ל",,IE,בירה אוהרס - אייריש,מיליליטרים,330.00,"100 מ""ל",false,1,13.90,4.21,true,1,
5391500600650,false,"בירה אוהרס - אייריש פייל אייל 330 מ""ל",,IE,בירה אוהרס - אייריש,מיליליטרים,330.00,"100 מ""ל",false,1,13.90,4.21,true,1,
5391500600698,false,"בירה אוהרהס ליין פוליין 330 מ""ל בקבוק",,,בירה אוהרס ליין פולי,מיליליטרים,330.00,"100 מ""ל",false,1,13.90,4.21,true,1,
5391500602524,false,"פחית בירה ליין פוליין אוהרס 440 מ""ל",,IE,פחית בירה ליין פוליי,מיליליטרים,440.00,"100 מ""ל",false,1,17.90,4.07,true,1,
5391500602678,false,"פחית בירה דאבל א.פי.איי אוהרס 440 מ""ל",,IE,פחית בירה דאבל א.פי.,מיליליטרים,440.00,"100 מ""ל",false,1,17.90,4.07,true,1,
5391523057929,false,סימילאק גולד שלב 1 תרכובת מזון על בסיס חלב,אבוט מעבדות רפואיות,,סימילאק גולד שלב 1,גרמים,700.00,100 גרם,false,1,69.90,9.99,true,1,
5391523270021,false,"וויסקי אירי טילינג סמול באטש 700 מ""ל",טילינג,,וויסקי אירי טילינג ס,מיליליטרים,700.00,"100 מ""ל",false,1,159.90,22.84,true,1,
5391533970003,false,"וויסקי סינגל מאלט סקסטון 700 מ""ל",,,וויסקי סינגל מאלט סק,מיליליטרים,700.00,"100 מ""ל",false,1,156.90,22.41,true,1,
5400265008608,false,בונבוניירה טרופל 375 גרם המלט,,BE,המלט-טרופל בלגי מיקס,גרמים,375.00,100 גרם,false,1,62.90,16.77,true,1,
5400265013893,false,המלט-פרלינים בלגים סלקשן 500 גר,,,המלט-פרלינים בלגים ס,גרמים,500.00,100 גרם,false,1,89.90,17.98,true,1,
5400265018645,false,המלט-מארז 12 סוכריות מקל סבא אדום 170 גר,,,המלט-מארז 12 סוכריות,גרמים,170.00,100 גרם,false,1,15.90,9.35,true,1,
5400265024349,false,המלט מאפה מבצק עלים מסוכר 250 גר,HAMLET NV,,המלט מאפה מבצק עלים,גרמים,250.00,100 גרם,false,1,13.50,5.40,true,1,
5400265031156,false,המלט-פרלינים בלגים קלאסי 500 גר,,,המלט-פרלינים בלגים ק,גרמים,500.00,100 גרם,false,1,99.90,19.98,true,1,
5400265032993,false,המלט- נשיקות מרנג לבן 100 גרם,HAMLET NV,,המלט- נשיקות מרנג לב,גרמים,100.00,100 גרם,false,1,12.90,12.90,true,1,
5400265035932,false,המלט פרלינים אקסלסיום כסף 180 גרם,,,המלט פרלינים אקסלסיו,גרמים,180.00,100 גרם,false,1,14.90,8.28,true,1,
5400265037035,false,המלט בובת סנטה 55 גרם,,,המלט בובת סנטה 55 גר,גרמים,55.00,100 גרם,false,1,12.50,22.73,true,1,
5400265037998,false,המלט - בובת סנטה 125 גר,,,המלט - בובת סנטה 125,גרמים,125.00,100 גרם,false,1,18.90,15.12,true,1,
5400265038384,false,המלט-בונבונירה פרלין קריסמיס כחול 500 גר,,,המלט-בונבונירה פרלין,גרמים,500.00,100 גרם,false,1,99.90,19.98,true,1,
5400265039428,false,המלט-בונבונירה פרלינים קריסמס 500 גר,,,המלט-בונבונירה פרלינ,גרמים,500.00,100 גרם,false,1,99.90,19.98,true,1,
5400265040493,false,המלט-שוקו סטיקס חלב קרמל-מלח 100 גרם,,,המלט-שוקו סטיקס חלב,גרמים,100.00,100 גרם,false,1,12.90,12.90,true,1,
5400265040745,false,המלט-מתנה ליין מנוקד 250 גר,HAMLET NV,,המלט-מתנה ליין מנוקד,גרמים,250.00,100 גרם,false,1,52.50,21.00,true,1,
5400265040776,false,המלט סנטה שוקולד על מקל 35 גר,,,המלט סנטה שוקולד על,גרמים,35.00,100 גרם,false,1,10.90,31.14,true,1,
5400265040882,false,המלט-פרלינים בלגים דלוקס שחור 175 ג,,,המלט-פרלינים בלגים ד,גרמים,175.00,100 גרם,false,1,34.90,19.94,true,1,
5400265041575,false,המלט-מתנה קולקשין 200 גר,,,המלט-מתנה קולקשין 20,גרמים,200.00,100 גרם,false,1,41.90,20.95,true,1,
5410076379378,false,אבקת כביסה טייד קולור,פרוקטר & גמבל,,"טייד קולור 5 ק""ג",קילוגרמים,0.01,"ק""ג",false,1,51.50,5150.00,true,1,
5410076933129,false,אריאל אבקת כביסה שושן צחור 3 קג,פרוקטר אנד גמבל,,"אריאל שושן צחור 3 ק""",קילוגרמים,0.00,"ק""ג",false,1,42.90,42.90,true,1,
5410103161518,false,קרם יום עם פעולה משולשת לעור רגיל ומעורב,"לוריאל ישראל בע""מ",,פעולה משולשת קרם יום,Unknown,0.00,Unknown,false,1,49.90,49.90,true,1,
5410103161617,false,קרם יום עם פעולה משולשת Triple active לעור יבש ועדין,"לוריאל ישראל בע""מ",,פעולה משולשת קרם יום,Unknown,0.00,Unknown,false,1,49.90,49.90,true,1,
5410126006087,false,עוגיות לוטוס ארוזות בתפזורת 700 גרם,לוטוס ביקרי נ.וי.,,ביסקוויט לוטוס קרמל,גרמים,700.00,100 גרם,false,1,26.90,3.84,true,1,
5410126006360,false,לוטוס עוגיות סנדוויץ במילוי לוטוס 150 גרם,לוטוס ביקרי בלגיה נ.,,לוטוס עוגיות במילוי,גרמים,150.00,100 גרם,false,1,9.50,6.33,true,1,
5410126006377,false,לוטוס עוגיות סנדוויץ' במילוי וניל 150 גר',לוטוס ביקרי בלגיה נ.,,לוטוס עוגיות במילוי,גרמים,150.00,100 גרם,false,1,10.00,6.67,true,1,
5410126106022,false,מארז עוגיות לוטוס 250 גר*2,לוטוס ביקרי נ.וי.,,מארז עוגיות לוטוס 25,גרמים,500.00,100 גרם,false,1,17.90,3.58,true,1,
5410126106183,false,עוגיות לוטוס 50 יחידות ארוזות בנפרד 312 גרם,כלורוקס אוקלנד,,ביסקויט לוטוס קרמל 3,גרמים,312.00,100 גרם,false,1,16.80,5.38,true,1,
5410126116953,false,ממרח ביסקוויט קרמל לוטוס 400 גרם,לוטוס בייקרי בלגיה נ,,ממרח עוגיות לוטוס קר,גרמים,400.00,100 גרם,false,1,20.90,5.23,true,1,
5410126666038,false,"ביסקוויט קרמל לוטוס 279 גרם בד""צ",לוטוס ביקרי נ.וי,BE,עוגיות לוטוס 279 גרם,גרמים,279.00,100 גרם,false,1,12.90,4.62,true,1,
5410126716016,false,"עוגיות לוטוס ביסקויט קרמל בד""צ 250 גרם",לוטוס ביקרי בלגיה,,ביסקויט קרמל לוטוס 2,גרמים,250.00,100 גרם,false,1,11.80,4.72,true,1,
5410228141266,false,"בירה סטלה ארטואה בקבוק 330 מ""ל",קרלסברג יבוא יצוא,,בירה סטלה ארטואה 330,מיליליטרים,330.00,"100 מ""ל",false,1,5.90,1.79,true,1,
5410228144755,false,"בירה סטלה ארטואה שישייה בקבוק 330 מ""ל",מבשלות בירה בינלאומיות ב,,שישיית סטלה ארטואה,מיליליטרים,1980.00,"100 מ""ל",false,1,29.90,1.51,true,1,
5410228267515,false,"שישיית בירה לאגר באדוויזר 6*330 מ""ל",באדווייזר Budweiser,GB,שישיית בירה לאגר באד,מיליליטרים,1980.00,"100 מ""ל",false,1,29.90,1.51,true,1,
5410316983693,false,"סמירנוף אייס בקבוק 275 מ""ל",סמירנוף אייס Smirnoff ice,,סמירנוף אייס בודד 27,מיליליטרים,275.00,"100 מ""ל",false,1,12.90,4.69,true,1,
5410316994019,false,"וודקה סמירנוף אדום 700מ""ל",דיאג'ו אופריישנס איט,,"סמירנוף אדום 700 מ""ל",מיליליטרים,700.00,"100 מ""ל",false,1,59.90,8.56,true,1,
5410358442097,false,הריבו מרשמלו לבן וורוד 140 גרם,,,הריבו מרשמלו לבן וור,גרמים,140.00,100 גרם,false,1,7.90,5.64,true,1,
5410358453024,false,הריבו מרשמלו אקזוטי 175 גרם,,BE,הריבו מרשמלו אקזוטי,גרמים,175.00,100 גרם,false,1,7.90,4.51,true,1,
5410481080036,false,קרלייר-נוגט תות שדה 100 גר,,BE,קרלייר נוגט תות שדה,גרמים,100.00,100 גרם,false,1,15.60,15.60,true,1,
5410481080173,false,קרלייר-נוגט שקדים ווניל 100 גר,,BE,קרלייר-נוגט שקדים וו,גרמים,100.00,100 גרם,false,1,15.60,15.60,true,1,
5410601598038,false,רד בנד טו גו מיקס גומי פירות 200 גרם,,,רד בנד טו גו מיקס גו,גרמים,200.00,100 גרם,false,1,9.90,4.95,true,1,
5410601598045,false,רד בנד טו גו מטבעות גומי פירות 200 גרם,,,רד בנד טו גו מטבעות,גרמים,200.00,100 גרם,false,1,9.90,4.95,true,1,
5410658902413,false,קפסולות קפה אלומיניום דרגת חוזק 08 Fortisimo- Espresso,,,אספרסו פורטיסימו - ק,גרמים,50.00,100 גרם,false,1,11.90,23.80,true,1,
5410658902437,false,קפסולות קפה אלומיניום דרגת חוזק 07 Fortisimo- Espresso,,,פורטה פורטיסימו - קפ,גרמים,50.00,100 גרם,false,1,11.90,23.80,true,1,
5410658902444,false,קפסולות קפה אלומיניום דרגת חוזק 14 Fortisimo- Espresso,,,קלאסיקו פורטיסימו -,גרמים,50.00,100 גרם,false,1,11.90,23.80,true,1,
5410658902819,false,קפסולות קפה אלומיניום דרגת חוזק 12 Fortisimo- Espresso,,,קלאסיקו פורטיסימו -,גרמים,50.00,100 גרם,false,1,11.90,23.80,true,1,
5410769100081,false,"בירה לה שוף קטן 330 מ""ל בקבוק","איי, בי, אינבוו",,"בירה לה שוף 330 מ""ל",מיליליטרים,330.00,"100 מ""ל",false,1,14.90,4.52,true,1,
5410769200088,false,"בירה מק שוף קטן 330 מ""ל בקבוק",פארייפאבה אגרואינדוס,,"בירה מק שוף 330 מ""ל",מיליליטרים,330.00,"100 מ""ל",false,1,14.90,4.52,true,1,
5410769200095,false,"בקבוק מק שוף 750 מ""ל בקבוק",דובל מורטגט,,"בקבוק מק שוף 750 מ""ל",מיליליטרים,750.00,"100 מ""ל",false,1,29.90,3.99,true,1,
5410769800097,false,"בירה לה צרי שוף 8% 330 מ""ל בקבוק",פארייפאבה אגרואינדוס,,בירה לה צרי שוף 8%,מיליליטרים,330.00,"100 מ""ל",false,1,14.90,4.52,true,1,
5410769800554,false,"בקבוק צירי שוף 750 מ""ל בקבוק",דובל מורטגט,,בקבוק צירי שוף 750 מ,מיליליטרים,750.00,"100 מ""ל",false,1,29.90,3.99,true,1,
5410783005379,false,"מארז בירה קורנט 8.5% 4*330 מ""ל + כוס)",בווריה,,מארז בירה קורנט 8.5%,מיליליטרים,1320.00,"100 מ""ל",false,1,47.90,3.63,true,1,
5410908000029,false,"בירה שימאי טריפל 330 מ""ל",,,בירה שימאי טריפל 330,מיליליטרים,330.00,"100 מ""ל",false,1,20.90,6.33,true,1,
5410976040064,false,בונבוניירה צדפות גוליאן 500 גרם,,,בונבוניירה צדפות גול,גרמים,500.00,100 גרם,false,1,89.90,17.98,true,1,
5410976271017,false,גיליאן - אופוס פרלין בלגי 180 גרם,,,גיליאן - אופוס פרלין,גרמים,180.00,100 גרם,false,1,41.90,23.28,true,1,
5410976823018,false,גיליאן-שוקולד מריר פטל 100 גר,,BE,גיליאן-שוקולד מריר פ,גרמים,100.00,100 גרם,false,1,16.90,16.90,true,1,
5411081000523,false,"בירה קסטיל דונקר 330 מ""ל",מבשלת קסטל ואן הונסברוק,,בירה קסטיל כהה 330 מ,מיליליטרים,330.00,"100 מ""ל",false,1,12.90,3.91,true,1,
5411081000677,false,בירה קסטיל טריפל בקבוק 330מל,מבשלת קסטל ואן הונסברוק,,בירה קסטיל טריפל 330,מיליליטרים,330.00,"100 מ""ל",false,1,12.90,3.91,true,1,
5411081003654,false,"קסטיל בירה רוז 330 מ""ל",מבשלת קסטל ואן הונסב,,בירה קסטיל רוז 330 מ,מיליליטרים,330.00,"100 מ""ל",false,1,12.90,3.91,true,1,
5411081003661,false,"בירה קסטיל רוז 750 מ""ל",מבשלת קסטל ואן הונסב,,בירה קסטיל רוז 750 מ,מיליליטרים,750.00,"100 מ""ל",false,1,36.90,4.92,true,1,
5411081004811,false,"בירה קסטיל קווה דו שאטו 330 מ""ל",מבשלת קסטל ואן הונסב,,בירה קסטיל קווה דו ש,מיליליטרים,330.00,"100 מ""ל",false,1,12.90,3.91,true,1,
5411081005696,false,"בירה קסטיל שוקולד (בריסטה) 330 מ""ל",מבשלת קסטל ואן הונסב,,בירה קסטיל שוקולד (ב,מיליליטרים,330.00,"100 מ""ל",false,1,12.90,3.91,true,1,
5411081008192,false,"בירה קסטיל רוז 330 מ""ל פחית",מבשלת קסטל ואן הונסב,,בירה קסטיל רוז 330 מ,מיליליטרים,330.00,"100 מ""ל",false,1,12.90,3.91,true,1,
5411188110835,false,אלפרו חלב סויה שקדים וניל 1ל',הנסיך- מפעל לייצור ט,,אלפרו משקה שקדים 1 ל,מיליליטרים,1000.00,"100 מ""ל",false,1,12.90,1.29,true,1,
5411188112709,false,"משקה קוקוס אלפרו 1 ליטר משקה שקדים לל""ס",הנסיך- מפעל לייצור ט,,אלפרו משקה שקדים ללא,מיליליטרים,1000.00,"100 מ""ל",false,1,12.90,1.29,true,1,
5411188115366,false,משקה קוקוס אלפרו 1 ליטר משקה שיבולת שועל 1 ליטר,הנסיך- מפעל לייצור ט,,אלפרו משקה שיבולת שו,מיליליטרים,1000.00,"100 מ""ל",false,1,12.90,1.29,true,1,
5411188115434,false,אלפרו משקה בריסטה סויה 1 ליטר,אלפרו Alpro,BE,אלפרו משקה בריסטה סו,מיליליטרים,1000.00,"100 מ""ל",false,1,15.90,1.59,true,1,
5411188115472,false,משקה סויה אלפרו 1 ליטר,הנסיך- מפעל לייצור ט,BE,אלפרו משקה סויה 1 לי,מיליליטרים,1000.00,"100 מ""ל",false,1,13.90,1.39,true,1,
5411188120742,false,משקה קוקוס אלפרו 1 ליטר שקדים וניל 1 ל',הנסיך- מפעל לייצור ט,,אלפרו משקה שקדים בטע,מיליליטרים,1000.00,"100 מ""ל",false,1,12.90,1.29,true,1,
5411188122661,false,אלפרו משקה שקדים לא קלויים ללא תוספת סוכר 1 ל',הנסיך- מפעל לייצור ט,,אלפרו משקה שקדים לא,מיליליטרים,1000.00,"100 מ""ל",false,1,12.90,1.29,true,1,
5411188124689,false,משקה אלפרו שיבולת שועל ללא סוכר 1 ליטר,אלפרו C.V.A,,אלפרו משקה שיבולת שו,מיליליטרים,1000.00,"100 מ""ל",false,1,13.90,1.39,true,1,
5411188124726,false,אלפרו משקה שיבולת שועל שקדים 1 ליטר,הדקלאים אגודת שיתופי,,אלפרו משקה שיבולת שו,מיליליטרים,1000.00,"100 מ""ל",false,1,12.90,1.29,true,1,
5411188129899,false,משקה אלפרו בריסטה שקדים 1 ליטר,הנסיך- מפעל לייצור ט,BE,אלפרו בריסטה משקה שק,מיליליטרים,1000.00,"100 מ""ל",false,1,13.90,1.39,true,1,
5411188300328,false,אלפרו סויה שוקו 1 ליטר * 8 יחי,הנסיך- מפעל לייצור ט,,אלפרו סויה בטעם שוקו,מיליליטרים,1000.00,"100 מ""ל",false,1,15.90,1.59,true,1,
5411188543398,false,אלפרו משקה סויה ללא סוכר 1 ליטר,הנסיך- מפעל לייצור ט,BE,אלפרו משקה סויה ללא,מיליליטרים,1000.00,"100 מ""ל",false,1,13.90,1.39,true,1,
5411223030081,false,"בירה לינדמנס קריק דובדבנים 250 מ""ל",מבשלת לינדמנס,,בירה לינדמנס דובדבני,מיליליטרים,250.00,"100 מ""ל",false,1,14.90,5.96,true,1,
5411223100579,false,"בירה לינדמנס אפל תפוח 250 מ""ל",מבשלת לינדמנס,,בירה לינדמנס אפל תפו,מיליליטרים,250.00,"100 מ""ל",false,1,14.90,5.96,true,1,
5411223100838,false,"בירה לינדמנס פיץ אפרסק 250 מ""ל",מבשלת לינדמנס,,בירה לינדמנס פיץ אפר,מיליליטרים,250.00,"100 מ""ל",false,1,14.90,5.96,true,1,
5411616002190,false,"בירה STRONG מרטינס 8.5% כהל 500 מ""ל",מבשלת מרטנס,,בירה STRONG מרטינס,מיליליטרים,500.00,"100 מ""ל",false,1,8.20,1.64,true,1,
5411616148546,false,"בירה מרטינס גולד 500 מ""ל-פחית",מבשחת מרטנס,,בירה מרטינס גולד 500,מיליליטרים,500.00,"100 מ""ל",false,1,7.20,1.44,true,1,
5411663002716,false,"בירה Gulden Draak בהיר 10.5% 330 מ""ל",Van steenberg,,בירה Gulden Draak בה,מיליליטרים,330.00,"100 מ""ל",false,1,14.90,4.52,true,1,
5411676100874,false,"בירת ברבר בלונד 330 מ""ל",מבשלת לפבר,,בירת ברבר בלונד 330,מיליליטרים,330.00,"100 מ""ל",false,1,16.50,5.00,true,1,
5411676100928,false,"בירת ברבר רוז 330 מ""ל",מבשלת לפבר,BE,"בירת ברבר רוז 330 מ""",מיליליטרים,330.00,"100 מ""ל",false,1,16.50,5.00,true,1,
5411676175148,false,"בירת ברבר כהה 750 מ""ל בקבוק",מבשלת לפבר,BE,"בירת ברבר כהה 750 מ""",מיליליטרים,750.00,"100 מ""ל",false,1,34.90,4.65,true,1,
5411676301356,false,"בירת ברבר בוק (כהה) 330 מ""ל",מבשלת לפבר,,בירת ברבר בוק (כהה),מיליליטרים,330.00,"100 מ""ל",false,1,16.50,5.00,true,1,
5411681038001,false,"מרדסו מעורפלת מאוד330מ""ל","איי, בי, אינבוו",,בירה מרדסו טריפל 330,מיליליטרים,330.00,"100 מ""ל",false,1,15.90,4.82,true,1,
5411681038070,false,בירה מרדסו טריפל 750 מל,,,בירה מרדסו טריפל 750,מיליליטרים,750.00,"100 מ""ל",false,1,29.90,3.99,true,1,
5411686700118,false,בירה ליפמנס פרוטס בתוספת,אודנרד,,בירה לינדמנס פרוטס 2,מיליליטרים,250.00,"100 מ""ל",false,1,14.90,5.96,true,1,
5411911001768,false,"בירה סן ברנרדוס קריסמס אייל 330 מ""ל",,,בירה סן ברנרדוס קריס,מיליליטרים,330.00,"100 מ""ל",false,1,17.90,5.42,true,1,
5412533001617,false,נוזל לניקוי כלים אלוורה ולימון 1 ליטר,אקובר,,נוזל לניקוי כלים אלו,מיליליטרים,1000.00,"100 מ""ל",false,1,19.90,1.99,true,1,
5412956214519,false,שוקולד מריר עם תפוז ושקדים 100 גרם,Kim's Chocolates NV,BE,שוקולד מריר עם תפוז,גרמים,100.00,100 גרם,false,1,10.50,10.50,true,1,
5412956214526,false,שוקולד מריר עם אגס ושקדים 100 גרם,Kim's Chocolates NV,BE,שוקולד מריר עם אגס ו,גרמים,100.00,100 גרם,false,1,10.50,10.50,true,1,
5412956214540,false,שוקולד מריר עם גינגר ואוכמניות 100 גרם,Kim's Chocolates NV,BE,שוקולד מריר עם גינגר,גרמים,100.00,100 גרם,false,1,10.50,10.50,true,1,
5412956214649,false,שוקולד מריר 85% קקאו 100 גרם,Kim's Chocolates NV,BE,שוקולד מריר 85% קקאו,גרמים,100.00,100 גרם,false,1,10.50,10.50,true,1,
5412956221203,false,שוקולד חלב קאשט שברי קרמל ומלח ים 180 גר,KIMS,BE,שוקולד חלב קאשט שברי,גרמים,180.00,100 גרם,false,1,12.90,7.17,true,1,
5413121355099,false,בלג'יאן-שוקולד מריר 72% פוךי קפה 100ג',BCG,,שוקולד בלגי מריר קפה,גרמים,100.00,100 גרם,false,1,13.50,13.50,true,1,
5413121356829,false,בלג'יאן-שוקולד חלב ללא סוכר 100 גר' 1/20 (7072),BCG,,שוקולד חלב 100 גר,גרמים,100.00,100 גרם,false,1,17.50,17.50,true,1,
5413121358694,false,שוקולד בלגי מריר משובח 85%פרסטיז 100 גרם,BCG,,שוקולד בלגי מריר משו,גרמים,100.00,100 גרם,false,1,13.50,13.50,true,1,
5413121359035,false,בלגיאן טראפלס בלגי קקאו אורגינל 200 גרם,,,בלגיאן טראפלס בלגי ק,גרמים,200.00,100 גרם,false,1,17.70,8.85,true,1,
5413121359769,false,בלגיאן - צדפי שוקולד בלגי 195 גר,בי סי ג'י אולן,,בלגיאן - צדפי שוקולד,גרמים,195.00,100 גרם,false,1,16.70,8.56,true,1,
5413121363513,false,שוקולד מריר דובדבן בלגיאן 100 גרם,BCG,,שוקולד מריר דובדבן ב,גרמים,100.00,100 גרם,false,1,13.50,13.50,true,1,
5413121364121,false,בלג'יאן טראפלס קקאו שוקולד 150 גרם,Q Chocolate,BE,בלג`יאן טראפלס קקאו,גרמים,150.00,100 גרם,false,1,11.90,7.93,true,1,
5413121388905,false,בלגיאן-טראפלס אגוז חג שמח 150 גרם,Q Chocolate,BE,בלגיאן-טראפלס אגוז ח,גרמים,150.00,100 גרם,false,1,11.90,7.93,true,1,
5413149655522,false,"אבקת כביסה שושן צחור 1.25 ק""ג אריאל",פרוקטר אנד גמבל,,אריאל שושן צחור 1.25,קילוגרמים,0.00,"ק""ג",false,1,22.50,22.50,true,1,
5413216990242,false,בונבוניירה צדפים ממולאים בקרם אגוזים,נאטראג'\אקאלי,,צדפי שוקולד ממולאים,גרמים,250.00,100 גרם,false,1,19.90,7.96,true,1,
5413548280189,false,קינדר שוקו בון 1 יחידות 125 גרם,פררו - אלבה,,קינדר שוקובון 125 גר,גרמים,125.00,100 גרם,false,1,12.90,10.32,true,1,
5414145035585,false,"וויסקי בורבון קנטקי גק 700 מ""ל",סודיקו,US,וויסקי בורבון קנטקי,מיליליטרים,700.00,"100 מ""ל",false,1,83.90,11.99,true,1,
5414145035622,false,וויסקי בורבון קנטקי גק 1 ליטר,סודיקו,,וויסקי בורבון קנטקי,מיליליטרים,1000.00,"100 מ""ל",false,1,124.90,12.49,true,1,
5420066330234,false,ביאנקה טרופל בטעם אגוזים 175 גרם,,,ביאנקה טרופל בטעם אג,גרמים,175.00,100 גרם,false,1,13.90,7.94,true,1,
5425025281879,false,מגיק וופל בלגי קפוא במילוי לוטוס 320 גרם,,BE,מגיק וופל בלגי קפוא,גרמים,320.00,100 גרם,false,1,28.90,9.03,true,1,
5600291427170,false,"פאטו פריו קשמיר רוזה 750 מ""ל",,,פאטו פריו קשמיר רוזה,Unknown,0.00,Unknown,false,1,65.90,65.90,true,1,
5600395034076,false,טונה בהירה בשמן זית אורגני 110 גרם,קופיסה אס.איי,,טונה בהירה בשמן זית,גרמים,110.00,100 גרם,false,1,9.80,8.91,true,1,
5601007001615,false,"יין פורט פריירה רובי 750 מ""ל",,,יין פורט פריירה רובי,Unknown,0.00,Unknown,false,1,65.90,65.90,true,1,
5601008200444,false,עוגיות גודיס טבעות מצופות שוקולד חלב מרבה 150 גרם,הנסיך- מפעל לייצור ט,,עוגיות טבעת מצופה שו,גרמים,150.00,100 גרם,false,1,10.80,7.20,true,1,
5601008200468,false,עוגיות גודיס טבעות מצופות שוקולד לבו מרבה 150 גרם,קריניציה ויטמינה אס,,עוגיות טבעת מצופה שו,גרמים,150.00,100 גרם,false,1,10.80,7.20,true,1,
5601010211087,false,פילה סרדין בשמן זית כתית 100 גר רמירז,רמירז אנד קה פילהאוס,,פילה סרדין בשמן זית,גרמים,100.00,100 גרם,false,1,14.50,14.50,true,1,
5601012837636,false,"יין סילק אנד ספייס אדום 750 מ""ל",,,יין סילק אנד ספייס א,Unknown,0.00,Unknown,false,1,62.90,62.90,true,1,
5601045300022,false,משקה גוארנה אנטרטיקה פחית 355 מל,סומול וקומפל אס איי,,משקה גוארנה אנטרטיק,מיליליטרים,356.00,"100 מ""ל",false,1,6.90,1.94,true,1,
5601055317225,false,פינטרולס - עדשי שוקולד 200 גרם,פינטרולס,PT,עדשי שוקולד פינטרולס,גרמים,200.00,100 גרם,false,1,14.60,7.30,true,1,
5601083640104,false,יין סנדמאן פורט טוני 750 מל,,,יין סנדמאן פורט טוני,Unknown,0.00,Unknown,false,1,67.90,67.90,true,1,
5601083653104,false,יין סנדמאן פורט פאונדרס רזרב 750 מל,,,סנדמאן פורט פאונדרס,Unknown,0.00,Unknown,false,1,77.90,77.90,true,1,
5601217129420,false,וולייט דפים למניעת העברת צבע 20 יחידות,רקיט בן קיזר,,וולייט דפים לשמירה ע,Unknown,0.00,Unknown,false,1,22.50,22.50,true,1,
5601996023780,false,"יין פורטה 6 רוזה 750 מ""ל",וידיגל,PT,יין פורטה 6 רוזה 750,Unknown,0.00,Unknown,false,1,49.90,49.90,true,1,
5601996355485,false,"יין פורטה 6 לבן 750 מ""ל",וידיגל,PT,יין פורטה 6 לבן 750,Unknown,0.00,Unknown,false,1,49.90,49.90,true,1,
5601996547897,false,"יין פורטה 6 אדום 750 מ""ל",וידיגל,PT,יין פורטה 6 אדום 750,Unknown,0.00,Unknown,false,1,49.90,49.90,true,1,
5604912415058,false,סרדינים פורטוס בשמן חמניות חריף 125 גרם,פורטוס Porthos,PT,סרדינים בשמן חמניה ח,גרמים,125.00,100 גרם,false,1,6.90,5.52,true,1,
5694230223312,false,כבד דג במיץ טבעי 121 גר BRIVAIS VILNIS,איי סי קורה אי .איץ.,IS,כבד דג במיץ טבעי 121,גרמים,121.00,100 גרם,false,1,10.40,8.60,true,1,
5694230412501,false,שימורי כבד דג פרמיום 121 גר,מפעל ניקולייבסקי,,שימורי כבד דג פרמיום,גרמים,121.00,100 גרם,false,1,12.90,10.66,true,1,
5701215042407,false,גבינת ברי אורנהולט 125ג',,,ברי 125 גרם,גרמים,125.00,100 גרם,false,1,21.90,17.52,true,1,
5701932026964,false,"הוטפופ גרעיני תירס להכנת פופקורן במיקרוגל בטעם טבעי, בתוספת מלח, 600 גרם",ליימן מותגים,,הוטפופ מלוח 600 גרם,גרמים,600.00,100 גרם,false,1,14.90,2.48,true,1,
5701932026971,false,הוטפופ גרעיני תירס להכנת פופקורן במיקרוגל בטעם חמאה 600 גרם,ליימן מותגים,,הוטפופ חמאה 600 גרם,גרמים,600.00,100 גרם,false,1,14.90,2.48,true,1,
5701932026995,false,"הוטפופ גרעיני תירס להכנת פופקורן במיקרוגל בטעם טבעי מופחת שומן, 510 גרם",קריניציה ויטמינה אס,,פופקורן הופ פופ טבעי,גרמים,510.00,100 גרם,false,1,14.90,2.92,true,1,
5705550300963,false,ביצי דג שיבוט 200 גרם יורו פוד,אמנדה סיפודס,,ביצי דג שיבוט 200 גר,גרמים,200.00,100 גרם,false,1,10.90,5.45,true,1,
5708209201628,false,טורטיה מקמח חיטה 25 אנטיקה קנטינה 370 גרם,ביופט,,עלי טורטייה 370 גר,גרמים,370.00,100 גרם,false,1,22.90,6.19,true,1,
5709120175852,false,גבינת ברי צרפתי 500ג',,FR,ברי צרפתי 500 גרם,גרמים,500.00,100 גרם,false,1,49.50,9.90,true,1,
5710840210167,false,באלישג וירג'יניה 40 גרם,סקנדינביין טובקו,,באלי צהוב 40 גרם,Unknown,0.00,Unknown,false,1,95.90,95.90,true,1,
5711815015176,false,צעצוע של סיפור- משקה מוגז בטעם תפוח 750מ,,HU,צעצוע של סיפור- משקה,מיליליטרים,750.00,"100 מ""ל",false,1,19.90,2.65,true,1,
5711953106590,false,גבינת שמנת ארלה שמנת שום 200 גרם,ארלה פודס אמבה,IL,גבינת שמנת שום ארלה,גרמים,200.00,100 גרם,false,1,15.90,7.95,true,1,
5711953106606,false,גבינת שמנת עם תבלינים ועשבי תיבול 23.5%,ארלה פודס אמבה,IL,גבינת שמנת עשבי תיבו,גרמים,200.00,100 גרם,false,1,15.90,7.95,true,1,
5711953145230,false,"משקה סטארבקס פרפוצינו 250 מ""ל",,DK,משקה סטארבקס פרפוצינ,מיליליטרים,250.00,"100 מ""ל",false,1,14.90,5.96,true,1,
5711953145339,false,"משקה סטארבקס פרפוצינו מוקה 250 מ""ל",,DK,משקה סטארבקס פרפוצינ,מיליליטרים,250.00,"100 מ""ל",false,1,14.90,5.96,true,1,
5711953148347,false,גבינת שמנת בטעם טבעי 300 גרם ארלה,ארלה,IL,גבינת שמנת טבעי ארלה,גרמים,300.00,100 גרם,false,1,22.90,7.63,true,1,
5711953150548,false,"משקה סטארבקס פרפוצינו קוקיז 250 מ""ל",,DK,משקה סטארבקס פרפוצינ,מיליליטרים,250.00,"100 מ""ל",false,1,14.90,5.96,true,1,
5740700995774,false,"קוקה קולה דובדבן 330 מ""ל - פחית",,BE,קוקה קולה דובדבן פחי,מיליליטרים,330.00,"100 מ""ל",false,1,5.90,1.79,true,1,
5740900403215,false,ממרח מחמאת לורפק עם מלח 250 ג',ארלה פודס אמבה,DK,ממרח לורפק עם מלח 25,גרמים,250.00,100 גרם,false,1,16.90,6.76,true,1,
5740900403222,false,ממרח לורפק חמאה עם מלח מופחת שומן 250 ג,ארלה פודס אמבה,DK,ממרח לורפק עם מלח מו,גרמים,250.00,100 גרם,false,1,16.90,6.76,true,1,
5740900403239,false,ממרח לורפק ללא תוספת מלח 250 גר,ארלה פודס אמבה,DK,ממרח לורפק ללא מלח 2,גרמים,250.00,100 גרם,false,1,16.90,6.76,true,1,
5740900403246,false,ממרח לורפק ללא תוספת מלח 500 גר,ארלה פודס אמבה,DK,ממרח לורפק ללא מלח 5,גרמים,500.00,100 גרם,false,1,28.90,5.78,true,1,
5740900403253,false,ממרח מחמאת לורפק עם מלח 500 ג',ארלה פודס אמבה,DK,ממרח לורפק עם מלח 50,גרמים,500.00,100 גרם,false,1,28.90,5.78,true,1,
5740900403260,false,ממרח מחמאת לורפק ללא מלח 27% פחות שומן,ארלה פודס אמבא,DK,ממרח לורפק ללא מלח מ,גרמים,250.00,100 גרם,false,1,16.90,6.76,true,1,
5760466976282,false,"משקה סטארבקס וניל 250 מ""ל",,DK,משקה סטארבקס וניל 25,מיליליטרים,250.00,"100 מ""ל",false,1,13.50,5.40,true,1,
5760466976329,false,"משקה סטארבקס קפה 250 מ""ל",,DK,משקה סטארבקס קפה 250,מיליליטרים,250.00,"100 מ""ל",false,1,13.50,5.40,true,1,
5760466976350,false,"משקה סטארבקס מוקה 250 מ""ל",,DK,משקה סטארבקס מוקה 25,מיליליטרים,250.00,"100 מ""ל",false,1,13.50,5.40,true,1,
5774540694306,false,אנטון ברג בקבוקים שחור אורך 250 גרם,Anthon Berg,,אנטון ברג בקבוקים שח,גרמים,250.00,100 גרם,false,1,73.50,29.40,true,1,
5774540819303,false,אנטון ברגבקבוקי שוקולד במילוי ליקרים 187,,DK,אנטון ברגבקבוקי שוקו,גרמים,187.00,100 גרם,false,1,59.90,32.03,true,1,
5774540825106,false,בונבוניירה בקבוקים ורוד שעון 187 גר,,DK,אנטון ברג שוקולד במי,גרמים,187.00,100 גרם,false,1,48.90,26.15,true,1,
5774540870007,false,אנטון ברג-בקבוקוני שוקולד עם ליקרים 62גר,Anthon Berg,,אנטון ברג-בקבוקוני ש,גרמים,62.00,100 גרם,false,1,21.90,35.32,true,1,
5774540984254,false,אנטון ברג-מרציפן משמש בברנדי 220 גר,Anthon Berg,,אנטון ברג-מרציפן משמ,גרמים,220.00,100 גרם,false,1,41.90,19.05,true,1,
5900020012814,false,דגנים תפוחים בטעם שוקולד נסקוויק נסטלה 500 גרם,מיוצר עי קונדיטוריית,,דגנים נסקוויק 500 גר,גרמים,375.00,100 גרם,false,1,25.50,6.80,true,1,
5900020015174,false,פיטנס חטיפי אנרגיה דגנים בטעם שוקולד נסטלה 6*23.5 גרם,מיוצר עי קונדיטוריית,,פיטנס חטיף דגנים שוק,גרמים,141.00,100 גרם,false,1,18.80,13.33,true,1,
5900020018908,false,פיטנס חטיפי אנרגיה דגנים בטעם קרם עוגיות נסטלה 6*23.5 גרם,מיוצר עי קונדיטוריית,,פיטנס חטיף דגנים קרם,גרמים,141.00,100 גרם,false,1,18.80,13.33,true,1,
5900020020710,false,מארז חטיף דגנים קראנץ' בטעם שוקו וניל נסטלה,נסטלה פולין ברים,,חטיפי דגנים קראנץ בר,גרמים,150.00,100 גרם,false,1,16.90,11.27,true,1,
5900020020741,false,חטיפי דגנים נסקוויק בר שוקו שוקו 6*25 גר,נסטלה פולין ברים,,חטיפי דגנים נסקוויק,גרמים,150.00,100 גרם,false,1,16.90,11.27,true,1,
5900020022325,false,חטיף סיני מיניס Cini Minis בטעם קינמון - 6 במארז,נסטלה פולין דגני בוק,,מארז חטיף דגנים סיני,גרמים,150.00,100 גרם,false,1,16.90,11.27,true,1,
5900020024817,false,פיטנס דליס Fitness Delice חטיף דגנים עם שוקולד לבן,נסטלה פולין ברים,,פיטנס בר דליס שוקולד,גרמים,135.00,100 גרם,false,1,18.80,13.93,true,1,
5900020026552,false,דגני בוקר האני נאט צ'יריוס בטעם דבש ושקדים,נסטלה צרפת איטנקורט,,האני נאט ציריוס מלחמ,גרמים,625.00,100 גרם,false,1,25.90,4.14,true,1,
5900020029669,false,פיטנס - חטיף דגנים פירות יער 23.50 גרם * 6,נסטלה פולין דגני בוק,,חטיפי דגנים פיטנס פי,גרמים,141.00,100 גרם,false,1,18.80,13.33,true,1,
5900020033314,false,חטיף דגני בוקר Lion בטעם קרמל ושוקולד על קרם חלב,נסטלה פולין דגני בוק,PL,ליון חטיף דגנים 150,גרמים,150.00,100 גרם,false,1,16.90,11.27,true,1,
5900020034021,false,חטיף דגנים פיטנס שוקולד בננה 141 גרם,מיוצר עי קונדיטוריית,PL,פיטנס בר דליס שוקולד,גרמים,188.00,100 גרם,false,1,18.80,10.00,true,1,
5900020034991,false,דגני בוקר צדפים בטעם שוקולד 450 ג' קראנץ',סי. פי. פולין,,קראנץ צדפים בטעם שוק,גרמים,450.00,100 גרם,false,1,24.90,5.53,true,1,
5900020036407,false,ליון דגני בוקר שוקולד וקרמל נסטלה 480 גרם,נסטלה פולין דגני בוק,FR,דגני בוקר שוקולד וקר,גרמים,480.00,100 גרם,false,1,25.90,5.40,true,1,
5900073020071,false,חטיפי תפוא בט.בייקון מעושן פרזיסנקי135גר,,,חטיפי תפוא בט.בייקון,גרמים,135.00,100 גרם,false,1,14.90,11.04,true,1,
5900073020088,false,חטיפי תפוא בטעם גבינה ובצל פרזיסנקי 135ג,,,חטיפי תפוא בטעם גבינ,גרמים,135.00,100 גרם,false,1,14.90,11.04,true,1,
5900073020293,false,חטיפי תירס בטעם בצל ירוק פרזיסנקי 150 גר,,,חטיפי תירס בטעם בצל,גרמים,150.00,100 גרם,false,1,14.90,9.93,true,1,
5900073180959,false,חטיפי תפוא בטעם שמנת ובצל פרזיסנקי 135גר,,,חטיפי תפוא בטעם שמנת,גרמים,135.00,100 גרם,false,1,14.90,11.04,true,1,
5900343005296,false,וודקה זוברובקה ביזון,,,וודקה זוברובקה 700 מ,מיליליטרים,700.00,"100 מ""ל",false,1,88.90,12.70,true,1,
5900353615683,false,בונ וויסקי בשוקולד מריר 180 ג MIESZKO,MIEZSKO,PL,בונ וויסקי בשוקולד מ,גרמים,180.00,100 גרם,false,1,22.90,12.72,true,1,
5900353615690,false,בונ ברנדי בשוקולד מריר 180 ג MIESZKO,MIEZSKO,PL,בונ ברנדי בשוקולד מר,גרמים,180.00,100 גרם,false,1,22.90,12.72,true,1,
5900353615706,false,בונ וודקה בשוקולד מריר 180 ג MIESZKO,MIEZSKO,PL,בונ וודקה בשוקולד מר,גרמים,180.00,100 גרם,false,1,22.90,12.72,true,1,
5900353616321,false,בונבוניירה שוקולדורו 178 גרם MIESZKO,MIESZKO,,בונבוניירה שוקולדורו,גרמים,178.00,100 גרם,false,1,29.90,16.80,true,1,
5900353618288,false,בונבוניירת לב פח שרי,MIEZSKO,PL,בונ שרי 285 ג MIEZSK,גרמים,285.00,100 גרם,false,1,39.90,14.00,true,1,
5900353646755,false,שקית סליווקה שזיפים בשוקולד מריר 255 ג,,,שקית סליווקה שזיפים,גרמים,255.00,100 גרם,false,1,18.90,7.41,true,1,
5900353647219,false,קופסה סליווקה שזיפים בשוקולד מריר 205 ג,,,קופסה סליווקה שזיפים,גרמים,205.00,100 גרם,false,1,16.90,8.24,true,1,
5900396016157,false,חליטת ורד הבר ותפוח פירמידה 40 גרם LOYD,,PL,חליטת ורד הבר ותפוח,גרמים,40.00,100 גרם,false,1,10.90,27.25,true,1,
5900396017291,false,חליטת שזיף וקינמון פירמידה 40 גרם LOYD,,PL,חליטת שזיף וקינמון פ,גרמים,40.00,100 גרם,false,1,10.90,27.25,true,1,
5900396017345,false,לויד פרימידה תה שחור קלאסי,,,תה שחור פירמידה 40 ג,Unknown,0.00,Unknown,false,1,10.90,10.90,true,1,
5900396018601,false,תה ירוק לימון וגינגר ודבש 40 גר LOYD,,,תה ירוק לימון וגינגר,גרמים,40.00,100 גרם,false,1,10.90,27.25,true,1,
5900396020864,false,לויד פרימידה תה חליטת מאטה מנדרין,,,חליטת מאטה מנדרין פי,Unknown,0.00,Unknown,false,1,10.90,10.90,true,1,
5900396022943,false,חליטת ורד הבר ותפוח פירמידה 40 גרם LOYD,,PL,חליטת פירות פטל וחמו,גרמים,40.00,100 גרם,false,1,10.90,27.25,true,1,
5900396023056,false,חליטת פירות וגינגר וחמוציות פירמידה 40,,PL,חליטת פירות וגינגר ו,גרמים,40.00,100 גרם,false,1,10.90,27.25,true,1,
5900627063233,false,טבליות למדיח הכל ב-1 פיניש מקס 50 יחידות,רקיט בנקיזר,,פיניש טבליות הכל ב-1,Unknown,0.00,Unknown,false,1,36.90,36.90,true,1,
5900627066715,false,טבליות למדיח פיניש הכל ב-1 100 יח,רקיט בנקיזר,PL,טבליות למדיח פיניש ה,יחידה,1.00,יחידה,false,1,59.90,59.90,true,1,
5900649052666,false,קפוצינו להכנה מהירה קלאסי 100 גרם LOYD,מוטוקה ס.א,,קפוצינו להכנה מהירה,גרמים,100.00,100 גרם,false,1,10.90,10.90,true,1,
5900649056701,false,מלבין לקפה 400 גרם LOYD,,,LOYD מלבין לקפה 400,גרמים,400.00,100 גרם,false,1,16.60,4.15,true,1,
5900820014230,false,גבינה מתכת נורווסקי סלמון 150ג' -מלקפול,מלקפול,,גבינה נורווסקי סלמון,גרמים,150.00,100 גרם,false,1,14.90,9.93,true,1,
5900915002678,false,סנטה שוקולד חלב 60 ג,,,סנטה שוקולד חלב 60 ג,Unknown,0.00,Unknown,false,1,4.90,4.90,true,1,
5900951291593,false,אם אנד אם קרמל מלוח 70 גרם,מרס,,אם אנד אם קרמל מלוח,גרמים,175.00,100 גרם,false,1,10.90,6.23,true,1,
5900951293610,false,אם אנד אם בראוניז 70 גרם,מרס,,אם אנד אם בראוניז 70,גרמים,175.00,100 גרם,false,1,10.90,6.23,true,1,
5901008000991,false,שימורי עגבניות כבושות 660 גר POLAN,,,שימורי עגבניות כבושו,גרמים,660.00,100 גרם,false,1,11.40,1.73,true,1,
5901008990100,false,פרוסות מלפפונים עם רצועות פלפל אדום,,PL,פרוסות מלפפון ופלפל,גרמים,850.00,100 גרם,false,1,14.90,1.75,true,1,
5901008990155,false,עגבניות ירוקות-פלפל 840 גר Polan,,PL,עגבניות ירוקות פלפל,גרמים,840.00,100 גרם,false,1,13.50,1.61,true,1,
5901008990162,false,סלט כרוב עם סלק 900 גרם Polan,,PL,סלט כרוב עם סלק 900,גרמים,900.00,100 גרם,false,1,12.90,1.43,true,1,
5901008990292,false,סלט כרוב וגזר כבוש 900 גרם Polan,,PL,סלט כרוב וגזר כבוש 9,גרמים,900.00,100 גרם,false,1,15.90,1.77,true,1,
5901008990322,false,שימורי פטיסונים מוחמצים 860 גר POLAN,,,שימורי פטיסונים מוחמ,גרמים,860.00,100 גרם,false,1,21.90,2.55,true,1,
5901008990339,false,פרוסות מלפפונים מוחמצים 660 גר POLAN,,,פרוסות מלפפונים מוחמ,גרמים,660.00,100 גרם,false,1,15.30,2.32,true,1,
5901008990421,false,שימורי עגבניות שרי כבושות 880 גר POLAN,,PL,שימורי עגבניות שרי כ,גרמים,880.00,100 גרם,false,1,19.90,2.26,true,1,
5901008990445,false,ריבועי פלפל אדום 680 גר POLAN,,,ריבועי פלפל אדום 680,גרמים,680.00,100 גרם,false,1,16.90,2.49,true,1,
5901008990452,false,כרוב כבוש 900 גר POLAN,,,כרוב כבוש 900 גר POL,גרמים,900.00,100 גרם,false,1,16.90,1.88,true,1,
5901008990599,false,מלפפונים קורנישונים מוחמצים 860 גר POLAN,,,מלפפונים קורנישונים,גרמים,860.00,100 גרם,false,1,21.90,2.55,true,1,
5901046990315,false,חזרת אדומה 180 גר POLAN,,,חזרת אדומה 180 גר PO,גרמים,180.00,100 גרם,false,1,10.90,6.06,true,1,
5901064000331,false,"שיכר דובדבנים 750 מ""ל NALEWKA BABUNI",וינפוד,,"שיכר דובדבנים 750 מ""",מיליליטרים,750.00,"100 מ""ל",false,1,30.90,4.12,true,1,
5901064761911,false,"שיכר אוכמניות 750 מ""ל NALEWKA BABUNI",וינפוד,,"שיכר אוכמניות 750 מ""",מיליליטרים,750.00,"100 מ""ל",false,1,30.90,4.12,true,1,
5901154046164,false,משקה דגנים אורגני ללא קפאין 100 גר INKA,GRANA ARMANDO,,משקה דגנים אורגני לל,גרמים,100.00,100 גרם,false,1,17.90,17.90,true,1,
5901489038186,false,שימורי כבד דג שיבוט,,,שימורי כבד דג שיבוט,Unknown,1.00,Unknown,false,1,13.90,13.90,true,1,
5901669485663,false,שוקולד דק מריר תפוז 70% 100 גרם,,PL,ברון שוקולד מריר תפו,גרמים,100.00,100 גרם,false,1,9.90,9.90,true,1,
5902198160403,false,XL משקה אנרגיה מוגז ללא סוכר עד 10 קלוריות לפחית 250 מל,"טמפו משקאות בע""\מ",,XL TEN משקה אנרגיה,מיליליטרים,250.00,"100 מ""ל",false,1,4.90,1.96,true,1,
5902377000612,false,ממרח על בסיס גבינה מותכת אמנטל 100 גר,KOROVKINO,PL,ממרח על בסיס גבינה מ,גרמים,100.00,100 גרם,false,1,5.90,5.90,true,1,
5902377000629,false,ממרח על בסיס גבינה מותכת פטריות 100 גר,KOROVKINO,,ממרח על בסיס גבינה מ,גרמים,100.00,100 גרם,false,1,5.90,5.90,true,1,
5902377000643,false,ממרח על בסיס גבינה מותכת אמנטל 100 גר,KOROVKINO,PL,ממרח על בסיס גבינה מ,גרמים,100.00,100 גרם,false,1,5.90,5.90,true,1,
5902377000650,false,ממרח על בסיס גבינה מותכת סלמון 100 גר,KOROVKINO,,ממרח על בסיס גבינה מ,גרמים,100.00,100 גרם,false,1,5.90,5.90,true,1,
5902510274146,false,ממרח סלמון עם שום 100 גר,,PL,ממרח סלמון עם שום 10,גרמים,100.00,100 גרם,false,1,4.90,4.90,true,1,
5902510274160,false,ממרח סלמון עם שמיר 100 גר,,PL,ממרח סלמון עם שמיר 1,גרמים,100.00,100 גרם,false,1,4.90,4.90,true,1,
5902510275310,false,ממרח כבד אווז ופטריות 130 גר GURMANOFF,,,ממרח כבד אווז ופטריו,גרמים,130.00,100 גרם,false,1,5.90,4.54,true,1,
5902510275327,false,ממרח בטעם כבד אווז ופטריות 300 גרם PASHT,,,ממרח בטעם כבד אווז ו,גרמים,300.00,100 גרם,false,1,10.90,3.63,true,1,
5902510275334,false,ממרח בטעם כבד אווז 130 גר GURMANOFF,,,ממרח בטעם כבד אווז 1,גרמים,130.00,100 גרם,false,1,5.90,4.54,true,1,
5902510275358,false,ממרח בטעם כבד ברווז 130 גר GURMANOFF,,,ממרח בטעם כבד ברווז,גרמים,130.00,100 גרם,false,1,5.90,4.54,true,1,
5902510275372,false,ממרח בטעם כבד ברווז צרפ 130 גר GURMANOFF,,,ממרח בטעם כבד ברווז,גרמים,130.00,100 גרם,false,1,5.90,4.54,true,1,
5902510275396,false,ממרח בטעם כבד עוף עדין 130 גר GURMANOFF,,,ממרח בטעם כבד עוף עד,גרמים,130.00,100 גרם,false,1,5.90,4.54,true,1,
5902510275402,false,"ממרח בטעם כבד אווז ""דליקטס"" 300 גרם",,PL,"ממרח בטעם כבד אווז """,גרמים,300.00,100 גרם,false,1,10.90,3.63,true,1,
5902581685520,false,ברון שוקולד חלב עם שברי אגוזי לוז 220 ג,,,ברון שוקולד חלב עם ש,גרמים,220.00,100 גרם,false,1,12.90,5.86,true,1,
5902768879025,false,כבד דג שיבוט במיץ טבעי 230 גר ROYAL FISH,,LT,כבד דג שיבוט במיץ טב,גרמים,230.00,100 גרם,false,1,16.70,7.26,true,1,
5902781000093,false,חליטת חליטת תה בבונג מלווה 25 שקיקים 50 גר,,PL,חליטת תה בבונג מלווה,Unknown,0.00,Unknown,false,1,12.90,12.90,true,1,
5902781000130,false,חליטת תה פטל מלווה 25 שק,,PL,חליטת תה פטל מלווה 2,גרמים,50.00,100 גרם,false,1,12.90,25.80,true,1,
5902781001304,false,חליטת תה מליסה מלווה 25 יח,,PL,חליטת תה מליסה מלווה,גרמים,50.00,100 גרם,false,1,12.90,25.80,true,1,
5902781002028,false,חליטת תה שומר מלווה 25 שק,,PL,חליטת תה שומר מלווה,גרמים,50.00,100 גרם,false,1,12.90,25.80,true,1,
5903141082766,false,פאל מאל כחול דמי סלימס עשיריה,Unknown,,פאל מאל כחול דמי סלי,יחידה,1.00,יחידה,false,1,255.00,255.00,true,1,
5904358560146,false,ברון שוקולד חלב קוקוס ושקדים 220 גרם,,PL,ברון שוקולד חלב קוקו,גרמים,220.00,100 גרם,false,1,12.90,5.86,true,1,
5904358560160,false,ברון לשונות חתול מריר 100 גרם,,PL,ברון לשונות חתול מרי,גרמים,100.00,100 גרם,false,1,9.90,9.90,true,1,
5904603190302,false,סלט כרוב כבוש 850 גר *DWOREK*,דבורק,,סלט כרוב כבוש 850,גרמים,850.00,100 גרם,false,1,11.90,1.40,true,1,
5904603190654,false,שימורי עגבניות צהוב-אדום בחומץ 850 גר,דבורק,PL,שימורי עגבניות צהוב-,גרמים,880.00,100 גרם,false,1,13.90,1.58,true,1,
5904603191323,false,מלפפונים כבושים 850 גר DWOREK,דבורק,,מלפפונים כבושים 850,גרמים,850.00,100 גרם,false,1,13.50,1.59,true,1,
5904603192054,false,מלפפונים בחומץ ברוטב חרדל 700 גר,,,מלפפונים בחומץ ברוטב,גרמים,700.00,100 גרם,false,1,13.90,1.99,true,1,
5904941750312,false,"משקה אנרגיה BLU מוחיטו בודד 250 מ""ל",אקו - ביט,,משקה אנרגיה BLU מו,מיליליטרים,250.00,"100 מ""ל",false,1,3.90,1.56,true,1,
5904941751302,false,"משקה אנרגיה בלו 250 מ""ל- בודד",אקו - ביט,,משקה אנרגיה BLU בוד,מיליליטרים,250.00,"100 מ""ל",false,1,4.00,1.60,true,1,
5904941751371,false,"בלו אקזוטי (מלון תפוח) 250 מ""ל בודד",Unknown,,משקה אנרגיה BLU אקז,מיליליטרים,250.00,"100 מ""ל",false,1,3.90,1.56,true,1,
5904941751524,false,"משקה אנרגיה BLU DAY אבטיח בודד 250 מ""ל",אקו - ביט,,משקה אנרגיה BLU DAY,מיליליטרים,250.00,"100 מ""ל",false,1,3.90,1.56,true,1,
5904941751920,false,בלו משקה אנרגיה דיי חצי מכמות הקלו250 מל,אקו - ביט,,משקה אנרגיה BLU DAY,מיליליטרים,250.00,"100 מ""ל",false,1,3.90,1.56,true,1,
5906013005924,false,סלט ירקות סטארופולסקי 860 גר ORZECH,,PL,סלט ירקות סטארופולסק,גרמים,860.00,100 גרם,false,1,18.90,2.20,true,1,
5906485301012,false,"משקה אנרגיה XL פחית 250 מ""ל","טמפו משקאות בע""מ",,משקה אנרגיה XL פחית,מיליליטרים,250.00,"100 מ""ל",false,1,4.90,1.96,true,1,
5906485304334,false,גלידה משפחתית קפה לטה 490 גר,,PL,גלידה משפחתית קפה לט,גרמים,490.00,100 גרם,false,1,20.90,4.27,true,1,
5907443601991,false,ברון סוויט אובסשן 250 גרם,,PL,ברון סוויט אובסשן 25,גרמים,250.00,100 גרם,false,1,19.90,7.96,true,1,
5907443604275,false,ברון אצבעות ש.מריר מרציפן ופיסטוק 200 גר,,PL,ברון אצבעות ש.מריר מ,גרמים,100.00,100 גרם,false,1,12.90,12.90,true,1,
5907623350404,false,כבד דג שיבות 240 גרם,,,כבד דג שיבות 240 גרם,גרמים,240.00,100 גרם,false,1,18.80,7.83,true,1,
5941000025585,false,"חטיפי תפ""א הגל טעם פלפל חריף לייס 130 ג",,RO,"חטיפי תפ""א הגל טעם פ",גרמים,130.00,100 גרם,false,1,18.90,14.54,true,1,
5941000025639,false,"חטיפי תפ""א עם מלח של לייס 140 גר",,RO,"חטיפי תפ""א עם מלח של",גרמים,140.00,100 גרם,false,1,18.90,13.50,true,1,
5941021000639,false,טבלת שוקולד חלב אגוז היידי גראנדור 100 ג',היידי שוקולד בירונטי,,שוקולד היידי חלב אגו,גרמים,100.00,100 גרם,false,1,10.40,10.40,true,1,
5941021001179,false,שוקולד סנטה היידי עו,,,היידי סנטה עומד 70 ג,גרמים,70.00,100 גרם,false,1,14.90,21.29,true,1,
5941021001254,false,טבלת שוקולד בטעם תפוז היידי גראנדור 80 ג',,,טבלת היידי גראנדור ת,גרמים,80.00,100 גרם,false,1,9.90,12.38,true,1,
5941021004446,false,שוקולד קריסמס סנטה ו,,,היידי סנטה+שלג 40ג,גרמים,40.00,100 גרם,false,1,8.50,21.25,true,1,
5941021004989,false,שוקולד איש שלג היידי,,,היידי פינגווין 70 גר,Unknown,0.00,Unknown,false,1,14.90,14.90,true,1,
5941021007492,false,היידי רודולף אייל 70ג,,,היידי רודולף אייל 70,גרמים,70.00,100 גרם,false,1,14.90,21.29,true,1,
5941021007577,false,טבלת שוקולד פיסטוק היידי גראנדור 80 ג',היידי שוקולד בירונטי,,טבלת היידי גראנדור פ,Unknown,0.00,Unknown,false,1,9.90,9.90,true,1,
5941021008673,false,טבלת שוקולד לבן שקד פיסטוק היידי גראנדור 100 ג',היידי שוקולד בירונטי,,טבלת היידי גראנדור ל,גרמים,100.00,100 גרם,false,1,10.40,10.40,true,1,
5941021011147,false,טבלת שוקולד פלורנטין מריר היידי גראנדור 100 ג',היידי שוקולד בירונטי,,טבלת היידי גראנדור פ,גרמים,100.00,100 גרם,false,1,10.40,10.40,true,1,
5941021011277,false,שוקולד פינגווין הייד,,,היידי פינגווין 70 גר,גרמים,70.00,100 גרם,false,1,14.90,21.29,true,1,
5941021013493,false,מארז היידי אנגי קריסמס 70 גר,,RO,מארז היידי אנגי קריס,גרמים,70.00,100 גרם,false,1,14.90,21.29,true,1,
5941021014483,false,טבלת היידי גראנדור פלורנטין לבן 100 גר,,RO,טבלת היידי גראנדור פ,גרמים,100.00,100 גרם,false,1,10.40,10.40,true,1,
5941021015596,false,טבלת שוקולד בטעם מריר אוכמניות היידי גראנדור 80 ג',היידי שוקולד בירונטי,PL,טבלת היידי שוקולד מר,גרמים,80.00,100 גרם,false,1,9.90,12.38,true,1,
5941021016401,false,טבלת שוקולד מריר שקד היידי גראנדור 100 ג',היידי שוקולד בירונטי,PL,טבלת היידי גראנדור מ,גרמים,100.00,100 גרם,false,1,10.40,10.40,true,1,
5941021019358,false,מארז היידי קריסמס סנטה 190 גר,HEIDI,RO,מארז היידי קריסמס סנ,גרמים,190.00,100 גרם,false,1,29.90,15.74,true,1,
5941021022303,false,טבלת שוקולד היידי מריר עם דובדבן 80 גר,,RO,טבלת שוקולד היידי מר,גרמים,80.00,100 גרם,false,1,9.90,12.38,true,1,
5941021024215,false,טבלת שוקולד היידי מילקברי אוכמניות חלב80,,RO,טבלת שוקולד היידי מי,גרמים,80.00,100 גרם,false,1,10.40,13.00,true,1,
5941021024222,false,טבלת שוקולד היידי מילקברי חמוציות חלב80ג,,RO,טבלת שוקולד היידי מי,גרמים,80.00,100 גרם,false,1,10.40,13.00,true,1,
5941868200063,false,חטיף תירס מצופה בטעם,,RO,חטיף תירס מצופה בטעם,Unknown,1.00,Unknown,false,1,5.90,5.90,true,1,
5941868200407,false,חטיף תירס תפוזים וקק,,RO,חטיף תירס תפוזים וקק,Unknown,1.00,Unknown,false,1,5.90,5.90,true,1,
5942219000059,false,מים מינרלים בורסק 1.5 ליטר,,,מים מינרלים בורסק,ליטרים,0.00,ליטר,false,1,9.90,9.90,true,1,
5996496000721,false,בונבוניירה רושן דובדבן ליקר שרי 192 גרם,,,בונבוניירה שרי קווין,גרמים,192.00,100 גרם,false,1,23.90,12.45,true,1,
5997321701806,false,אבקה למניעת אבנית במכונת כביסה 2 ב-1,רקיט בנקיזר פולין,,אבקה למניעת אבנית קל,גרמים,1000.00,100 גרם,false,1,36.50,3.65,true,1,
5998710131877,false,בונבונטי חטיף דובדבן בשוקולד 36 גרם,,HU,בונבונטי חטיף דובדבן,גרמים,36.00,100 גרם,false,1,3.90,10.83,true,1,
5998749104392,false,פדיגרי דנטאסטיקס כלב מדיום 77 גרם (3 יח') BP35C,מארס,,פדיגרי דנטהסטיקס18X7,גרמים,77.00,100 גרם,false,1,7.90,10.26,true,1,
5998749108550,false,חטיף ויסקס עוף וגבינה 60,ויסקס Whiskas,,ויסקס טמפציקן 60 גר,גרמים,60.00,100 גרם,false,1,13.90,23.17,true,1,
5998749108574,false,חטיף בקר לחתולים 60 גרם וויסקס,ויסקס Whiskas,,ויסקס טמפביף 60 גר,גרמים,60.00,100 גרם,false,1,13.90,23.17,true,1,
5998749132340,false,פדיגרי גוניור ציקן&ריס 2.2 קג,פדיגרי,,פדיגרי מזון לגורי כל,קילוגרמים,0.00,"ק""ג",false,1,49.90,49.90,true,1,
5999076223633,false,חטיף חלבון זירו בר שוקולד אגוזים 50 גרם,,,חטיף חלבון זירו בר ש,גרמים,50.00,100 גרם,false,1,14.90,29.80,true,1,
5999076223664,false,חטיף חלבון זירו בר דאבל שוקולד 50 גרם,,,חטיף חלבון זירו בר ד,גרמים,50.00,100 גרם,false,1,14.90,29.80,true,1,
5999883580431,false,מכוניות- משקה מוגז בטעם תות ותפוח 750 מ,,HU,מכוניות- משקה מוגז ב,מיליליטרים,750.00,"100 מ""ל",false,1,19.90,2.65,true,1,
6001067017332,false,קולגייט מברשת שיניים מדיום 360 אופטיק ווייט,קולגייט-פלמוליב,,קולגייט מברשת שיניים,Unknown,0.00,Unknown,false,1,20.90,20.90,true,1,
6001067017523,false,מברשת שיניים קולגייט לילדים מגיל חמש 1 יחידה,יבואן ומשווק: ש. שסט,,מברשת קולגייט ספיידר,Unknown,0.00,Unknown,false,1,14.90,14.90,true,1,
6001452303873,false,יין נידרברג פינוטאז 750 מל,,,יין נידרברג פינוטאז,Unknown,0.00,Unknown,false,1,57.90,57.90,true,1,
6001495062591,false,"ליקר אמרולה 750 מ""ל",,,ליקר אמרולה,מיליליטרים,750.00,"100 מ""ל",false,1,88.90,11.85,true,1,
6003105002676,false,"רוטב יווני לסלט 300 מ""ל אינה פארמנס",INA PAARMANS,,רוטב יווני לסלט 300,מיליליטרים,300.00,"100 מ""ל",false,1,23.90,7.97,true,1,
6003105003178,false,"ציר עוף מרוכז 200 מ""ל אינה פארמנס",INA PAARMANS,,"ציר עוף מרוכז 200 מ""",מיליליטרים,200.00,"100 מ""ל",false,1,36.50,18.25,true,1,
6003105003260,false,"ציר ירקות מרוכז 200 מ""ל אינה פארמנס",INA PAARMANS,,ציר ירקות מרוכז 200,מיליליטרים,200.00,"100 מ""ל",false,1,36.50,18.25,true,1,
6003770000663,false,רוטב נאנדוס פרי פרי חריף 250 גרם,General,,רוטב נאנדוס פרי פרי,גרמים,250.00,100 גרם,false,1,23.90,9.56,true,1,
6006507007454,false,"CAPE HERBS לימון עשבי תיבול 100ג""ר(פח)",cape herb and spices,,CAPE HERBS לימון עש,גרמים,100.00,100 גרם,false,1,23.90,23.90,true,1,
6008165003984,false,סיגריות פאל מאל כחול סטרים פילט בודד,אמריקן גרדן,,פאל מאל כחול סטרים פ,יחידה,1.00,יחידה,false,1,30.00,30.00,true,1,
6008165271192,false,סיגריות פאל מל ארוך אדום בודד,אמריקן גרדן,,פאל מאל אדום ארוך הא,Unknown,0.00,Unknown,false,1,30.00,30.00,true,1,
6008165274629,false,פאל מאל כחול ארוך סטרים פילטר חפיסה,יושלם,,פאל מאל כחול ארוך סט,Unknown,0.00,Unknown,false,1,30.00,30.00,true,1,
6009522307554,false,"רוטב וורצרטר 250 מ""ל",,ZA,"רוטב וורצרטר 250 מ""ל",מיליליטרים,250.00,"100 מ""ל",false,1,22.90,9.16,true,1,
6009645550738,false,FYNBOS רוטב פלפל צילי ושום חריף 130גר,General,,FYNBOS רוטב פלפל ציל,גרמים,130.00,100 גרם,false,1,18.90,14.54,true,1,
6009645551902,false,FYNBOS רוטב פלפל ציפוטלה חריף 130 גר,,,FYNBOS רוטב פלפל ציפ,גרמים,130.00,100 גרם,false,1,18.90,14.54,true,1,
6009813410406,false,"SPUR רוטב ברביקיו 500 מ""ל",General,,SPUR רוטב ברביקיו 50,מיליליטרים,500.00,"100 מ""ל",false,1,19.90,3.98,true,1,
6009893614206,false,"יין קייפ גואל גוורצטרמינר ריזרב 750 מ""ל",קייפ ג'ואל,ZA,יין קייפ גואל גוורצט,Unknown,0.00,Unknown,false,1,46.90,46.90,true,1,
6009900532769,false,"יין קייפ גואל רוזה ריזרב 750 מ""ל",קייפ ג'ואל,ZA,יין קייפ גואל רוזה ר,Unknown,0.00,Unknown,false,1,46.90,46.90,true,1,
6009900532783,false,"יין גואל קברנה סוביניון ריזרב 750 מ""ל",קייפ ג'ואל,ZA,יין קייפ גואל קברנה,Unknown,0.00,Unknown,false,1,46.90,46.90,true,1,
6009900532790,false,יין קייפ גואל פינוטאז ריזרב 750 מ,קייפ ג'ואל,ZA,יין קייפ גואל פינוטא,Unknown,0.00,Unknown,false,1,46.90,46.90,true,1,
6111094000808,false,"קוסקוס דארי בינוני תומר 1 ק""ג + 10% תוספת",דארי קוספטה אל-זהרה,,קוסקוס דארי 1 קג + 1,קילוגרמים,0.00,"ק""ג",false,1,18.50,18.50,true,1,
6253017300012,false,טחינה קראוון המקורית,אחדות ביחר לטחינה ח,,טחינה יונה כחולה 500,גרמים,500.00,100 גרם,false,1,17.70,3.54,true,1,
6297000361055,false,מלית תמרים מגולענים אורגני 500 גרם,,,מלית תמרים מגולענים,גרמים,500.00,100 גרם,false,1,13.90,2.78,true,1,
6297000361154,false,סילאן תמרים אורגני 470 גרם,,,סילאן תמרים אורגני 4,גרמים,470.00,100 גרם,false,1,13.90,2.96,true,1,
6411401072666,false,פייזר שוקולדים עם ליקר 150 גרם,,FI,פייזר שוקולדים עם לי,גרמים,150.00,100 גרם,false,1,26.50,17.67,true,1,
6411401072758,false,פייזר שוקולד ליקר בטעם וודקה 150 גרם,,FI,פייזר שוקולד ליקר בט,גרמים,150.00,100 גרם,false,1,26.50,17.67,true,1,
6416453072770,false,פייזר שוקולדים מיקס ליקרים 150 גרם,,FI,פייזר שוקולדים מיקס,גרמים,150.00,100 גרם,false,1,26.50,17.67,true,1,
6901248680907,false,דיוונון מיובש ומומלח 90 גרם,אקוואטיק,,דיוונון מיובש ומומלח,גרמים,90.00,100 גרם,false,1,17.70,19.67,true,1,
6901248894281,false,קמבלה ארנה 100 גר,ARENA,,קמבלה ארנה 100 גר,גרמים,100.00,100 גרם,false,1,17.50,17.50,true,1,
6910191800287,false,אצות נורי בלו 10 דף (ננגטונג),ננטונג היידה אקווטוק,,אצות נורי בלו 10 דפי,Unknown,0.00,Unknown,false,1,12.90,12.90,true,1,
6912977000140,false,אטריות שעועית 250 גר' ( Yantai)ללא גלוטן(כ),יאנטאי ינסידה לנוגקא,,אטריות שעועית דקות 2,גרמים,250.00,100 גרם,false,1,8.80,3.52,true,1,
6920510504345,false,צעצוע פרוזן עם ממתק סוויט בוקס,,,צעצוע פרוזן עם ממתק,גרמים,10.00,100 גרם,false,1,12.50,125.00,true,1,
6920510504369,false,צעצוע מכוניות עם ממתק סוויט בוקס,,,צעצוע מכוניות עם ממת,גרמים,10.00,100 גרם,false,1,12.50,125.00,true,1,
6920510504383,false,צעצוע נסיכות עם ממתק סוויט בוקס,,,צעצוע נסיכות עם ממתק,גרמים,10.00,100 גרם,false,1,12.50,125.00,true,1,
6920510504420,false,צעצוע ספיידרמן עם ממתק סוויט בוקס,,,צעצוע ספיידרמן עם ממ,גרמים,10.00,100 גרם,false,1,12.50,125.00,true,1,
6920510504444,false,צעצוע הנוקמים עם ממתק סוויט בוקס,,,צעצוע הנוקמים עם ממת,גרמים,10.00,100 גרם,false,1,12.50,125.00,true,1,
6925100320138,false,מעמד+סלוטייפ,,,מעמד+סלוטייפ,יחידה,1.00,יחידה,false,1,4.90,4.90,true,1,
6928542902795,false,פרש דפי ריענון כחול,שאטו בלוו,,פרש דפי מנטה חזקה כח,Unknown,0.00,Unknown,false,1,8.90,8.90,true,1,
6928542902801,false,פרש דפי ריענון מנטה,שאטו בלוו,,דפי מנטה עדין,Unknown,0.00,Unknown,false,1,8.90,8.90,true,1,
6928542904737,false,דפי מנטה קפה,,,פרש דפי מנטה קפה חום,Unknown,0.00,Unknown,false,1,8.90,8.90,true,1,
6934731200078,false,אטריות טריות דקות מזרח מערב 200 גרם,יאנטאי ינסידה לנוגקא,CN,אטריות טריות דקות 20,גרמים,200.00,100 גרם,false,1,7.30,3.65,true,1,
6934731210138,false,אטריות טריות עבות מזרח מערב 200 גרם,יאנטאי ינסידה לנוגקא,CN,אטריות טריות עבות 20,גרמים,200.00,100 גרם,false,1,7.30,3.65,true,1,
6936745600462,false,מזרח ומערב יבוא דאני,דאנינג יוה פודס קו,,מירין דאניינג,מיליליטרים,500.00,"100 מ""ל",false,1,20.90,4.18,true,1,
6936745600783,false,"חומץ אורז מזרח מערב 500 מ""ל",דאנינג יוה פודס קו,,חומץ אורז מיצוקאן 50,מיליליטרים,500.00,"100 מ""ל",false,1,15.90,3.18,true,1,
6941156100166,false,מחית סויה אדומה - אקא מיסו 500 גר '(דליאן),מזרח ומערב,,מחית סויה אדומה אקא,גרמים,500.00,100 גרם,false,1,19.80,3.96,true,1,
6942971507031,false,"סוויט בוקס צעצוע ו דובוני גלי ""חתולים""",גואנגדונג ויסקי פודס,,סוויט בוקס צעצוע ו ד,Unknown,0.00,Unknown,false,1,12.50,12.50,true,1,
6942971507123,false,"סוויט בוקס צעצוע ו דובוני גלי ""גורים""",גואנגדונג ויסקי פודס,,סוויט בוקס צעצוע ו ד,Unknown,0.00,Unknown,false,1,12.50,12.50,true,1,
6942971508090,false,"סוויט בוקס צעצוע ו דובוני גלי ""מפלצות""",,,סוויט בוקס צעצוע ו ד,Unknown,0.00,Unknown,false,1,12.50,12.50,true,1,
6944027000428,false,תה ירוק סיני 250 גר,זאינינג קריאלס אואיל,,תה סיני 250 גר,גרמים,250.00,100 גרם,false,1,12.40,4.96,true,1,
6944027000725,false,תה ירוק עם יסמין 100 גר,זאינינג קריאלס אואיל,CN,תה ירוק עם יסמין 100,גרמים,100.00,100 גרם,false,1,10.90,10.90,true,1,
6952136845236,false,מארז סלוטייפים+מעמד,,,מארז סלוטייפים+מעמד,יחידה,1.00,יחידה,false,1,9.90,9.90,true,1,
6957763801525,false,סאיירה בשמן צמחי 425 גרם,,UA,סאיירה בשמן צמחי 425,גרמים,425.00,100 גרם,false,1,13.50,3.18,true,1,
6957763801532,false,סאיירה בתוספת שמן צמחי 425 גרם,,UA,סאיירה בתוספת שמן צמ,גרמים,425.00,100 גרם,false,1,13.50,3.18,true,1,
7271730901261,false,ווקי מאק ארוחת אטריות עם גבינה 156 גרם,ניו וורלד פסטה קומפנ,,פסטה עם גבינה הכנה מ,גרמים,156.00,100 גרם,false,1,10.90,6.99,true,1,
7290000000112,false,ברוקומיני,ביכורי השקמה,,ברוקומיני,Unknown,0.00,Unknown,false,1,14.90,14.90,true,1,
7290000000157,false,שום טרי עלים חתוך,ביכורי השקמה,,גינגיר,Unknown,0.00,"ק""ג",true,0,29.90,29.90,true,1,
7290000000374,false,"פטריות שמפיניון בד""ץ (רביבים)",חוות השמפיניון,,פטריות,Unknown,0.00,Unknown,false,1,9.90,9.90,true,1,
7290000000603,false,תמרים מגהול כחול 5 ק,,,בצל ירוק,Unknown,0.00,Unknown,false,1,4.90,4.90,true,1,
7290000000608,false,פחית שתיה קרה,קוקה קולה,,חסה ערבית,Unknown,0.00,Unknown,false,1,5.90,5.90,true,1,
7290000000617,false,שורש -פטרוזילה,,,שורש -פטרוזילה,Unknown,0.00,Unknown,false,1,4.90,4.90,true,1,
7290000000632,false,שום,,,שום ברשת,Unknown,0.00,Unknown,false,1,9.90,9.90,true,1,
7290000000636,false,תירס ארוז,,,תירס ארוז,Unknown,0.00,"ק""ג",true,0,12.90,12.90,true,1,
7290000000641,false,אננס טרי,,,אננס טרי,Unknown,0.00,Unknown,false,1,39.90,39.90,true,1,
7290000000669,false,חסה עגולה,,,חסה עגולה,Unknown,0.00,Unknown,false,1,5.90,5.90,true,1,
7290000000695,false,אספרגוס רמי לוי,משתנה,,אספרגוס,Unknown,0.00,Unknown,false,1,29.90,29.90,true,1,
7290000000697,false,תיק יוטה פוליצר,,,בזיליקום,Unknown,0.00,Unknown,false,1,4.90,4.90,true,1,
7290000000715,false,שרי ויטני ארוז,משתנה,,שרי ויטני ארוז,Unknown,0.00,Unknown,false,1,12.90,12.90,true,1,
7290000000751,false,שום ברשת,,,שום ברשת,Unknown,0.00,Unknown,false,1,9.90,9.90,true,1,
7290000000831,false,בצלי פנינה,מעדני מניה תעשיות בש,,בצלי פנינה,Unknown,0.00,Unknown,false,1,6.60,6.60,true,1,
7290000001104,false,פטריות חורש מיני ארוז 200 ג',"מרינה פטריות הגליל בע""מ",,פטריות פרטובלה,Unknown,0.00,Unknown,false,1,9.90,9.90,true,1,
7290000023007,false,"ברנדי שטוק 84 37 % 750 מ""ל","יקבי ברקן בע""ם",,"ברנד שטוק 84 750 מ""",מיליליטרים,750.00,"100 מ""ל",false,1,80.90,10.79,true,1,
7290000023083,false,ערק אשקלון 40% בקבוק,"יקבי ברקן בע""\מ",,ערק אשקלון 40% 700 מ,מיליליטרים,700.00,"100 מ""ל",false,1,49.90,7.13,true,1,
7290000023809,false,"יין קלאסיק קברנה סוביניון ברקן 750 מ""ל",יקבי ברקן שיווק והפצה בע,,יין קברנה סובניון קל,Unknown,0.00,Unknown,false,1,32.90,32.90,true,1,
7290000023816,false,"יין קלאסיק אמרלד ריזלינג ברקן 750 מ""ל",יקבי ברקן שיווק והפצה בע,,יין אמרלד ריזלינג קל,Unknown,0.00,Unknown,false,1,32.90,32.90,true,1,
7290000023977,false,"יין ברקן קלאסיק מרלו 750 מ""ל",יקבי ברקן שיווק והפצה בע,,יין קלאסיק מרלו 750,Unknown,0.00,Unknown,false,1,32.90,32.90,true,1,
7290000024202,false,"יין רזרב קברנה סוביניון ברקן 750 מ""ל",ברקן שיווק והפצה בעמ,,יין קברנה סובניון 95,Unknown,0.00,Unknown,false,1,44.90,44.90,true,1,
7290000024240,false,יין רזרב שרדונה 750 מל שביעית,ביבקבי ברקן שיווק וה,,יין רזרב שרדונה 750,Unknown,0.00,Unknown,false,1,44.90,44.90,true,1,
7290000024523,false,"תירוש של סגל ,מיץ ענבים , 1 ליטר",כרמי צבי - האחים סגל,,מיץ ענבים של סגל 1,Unknown,0.00,Unknown,false,1,13.90,13.90,true,1,
7290000036144,false,קונדיטור קורנפלור שק,קריות זול,,קורנפלור גלעם 200 גר,גרמים,200.00,100 גרם,false,1,5.20,2.60,true,1,
7290000040042,false,יופלה יוגורט תות %3 גביע 150 גרם,תנובה חלב,,יופלה תות 3% 150 גרם,גרמים,150.00,100 גרם,false,1,5.00,3.33,true,1,
7290000040066,false,יוגורט יופלה דובדבן 3% שומן 150 גרם,תנובה מרכז שיתופי לש,,יופלה דובדבן 3% 150,גרמים,150.00,100 גרם,false,1,5.00,3.33,true,1,
7290000040080,false,יופלה יוגורט אפרסק %3 גביע 150 גרם,תנובה בעמ,,יופלה אפרסק 3% 150 ג,גרמים,150.00,100 גרם,false,1,5.00,3.33,true,1,
7290000040301,false,תנובה עין גדי קממבר מחלב בקר 24% שומן,תנובה מרכז שיתופי לש,,קולאז קממבר עין גדי,גרמים,125.00,100 גרם,false,1,18.50,14.80,true,1,
7290000040318,false,גבינת ברי 24% קולאז עדי תנובה 125 ג',תנובה מרכז שיתופי לש,,קולאז ברי בחפיסה 125,גרמים,125.00,100 גרם,false,1,19.50,15.60,true,1,
7290000040462,false,טוסטי גבינה בסגנון אמריקאי אדם 23% תנובה 200 גרם,תנובה מרכז שיתופי לש,,טוסטי עמק אמריקאי אד,גרמים,200.00,100 גרם,false,1,20.00,10.00,true,1,
7290000040974,false,חלב דל לקטוז 2% תנובה קרטון 1 ליטר,תנובה מרכז שיתופי לש,,חלב טרי דל לקטוז 1 ל,מיליליטרים,1000.00,"100 מ""ל",false,1,7.10,0.71,true,1,
7290000041858,false,"שמנת חמוצה 15% יטבתה 200 מ""ל מהדרין",מחלבת יטבתה,,שמנת חמוצה 15% 200 מ,מיליליטרים,200.00,"100 מ""ל",false,1,2.40,1.20,true,1,
7290000042015,false,"חלב שתייה תנובה בד""צ בשקית 1 ליטר",תנובה מרכז שיתופי לש,,"חלב בשקית 3% בד""צ 1",מיליליטרים,1000.00,"100 מ""ל",false,1,5.43,0.54,true,1,
7290000042435,false,חלב דל שומן בקרטון+פקק תנובה 1 ליטר,תנובה מרכז שיתופי לש,,חלב דל שומן בקרטון,מיליליטרים,1000.00,"100 מ""ל",false,1,5.86,0.59,true,1,
7290000042640,false,"חלב תנובה עמיד 3% קרטון 250 מ""ל",תנובה מרכז שיתופי לש,,"חלב עמיד 3% 250 מ""ל",מיליליטרים,250.00,"100 מ""ל",false,1,2.90,1.16,true,1,
7290000042855,false,"שוקו בשקית 250 מ""ל ""יטבתה""",שטראוס גרופ,,"שוקו שקית 225 מ""ל",מיליליטרים,225.00,"100 מ""ל",false,1,2.70,1.20,true,1,
7290000043012,false,"שוקו עמיד 2% בקרטון 250 מ""ל תנובה",תנובה מרכז שיתופי לש,,"שוקו עמיד 250 מ""ל",מיליליטרים,250.00,"100 מ""ל",false,1,5.10,2.04,true,1,
7290000043814,false,השף הלבן שמנת להקצפה 38% שומן 250 מל - מוצר בפיקוח,תנובה מרכז שיתופי לש,,שמנת עמידה להקצפה 38,גרמים,250.00,100 גרם,false,1,6.47,2.59,true,1,
7290000043890,false,תנובה רויון לבן מחלב מפסוטר 1.5%,תנובה מרכז שיתופי לש,,רויון 1.5% 1 ליטר,מיליליטרים,1000.00,"100 מ""ל",false,1,11.30,1.13,true,1,
7290000044269,false,קופסא בינונית לשקילה,,,קופסא קטנה לשקילה,Unknown,0.00,Unknown,false,1,0.30,0.30,true,1,
7290000044712,false,יוגורט עם תות 1.5% שומן 500 ג' פרילי,מיוצר עי קונדיטוריית,,פרילי תות 500 גרם,גרמים,500.00,100 גרם,false,1,11.10,2.22,true,1,
7290000044880,false,באדי יוגורט תות 3% שומן 500 ג' תנובה,מיוצר עי קונדיטוריית,,"באדי תות 3% 500 מ""ל",גרמים,500.00,100 גרם,false,1,9.60,1.92,true,1,
7290000045580,false,גבינה מותכת נעמה חורש תנובה 240 גרם,תנובה מרכז שיתופי לש,,גבינה מותכת חורש 240,גרמים,240.00,100 גרם,false,1,17.50,7.29,true,1,
7290000045917,false,תנובה פרומעז גבינה מותכת מחלב עיזים 23% שומן,קריות זול,,קולאז עיזים פרומעז ג,גרמים,200.00,100 גרם,false,1,26.60,13.30,true,1,
7290000046327,false,גלבוע גבינה צהובה פרוסה 22% תנובה 200 גרם,תנובה מרכז שיתופי לש,,גבינת גלבוע פרוס 200,גרמים,200.00,100 גרם,false,1,13.00,6.50,true,1,
7290000047546,false,השף הלבן כנען גבינה לבנה דלת נתרן 5% תנובה 500 גרם,תנובה מרכז שיתופי לש,,גבינת כנען 5% 500 גר,גרמים,500.00,100 גרם,false,1,23.70,4.74,true,1,
7290000048185,false,גבינה לבנה 5% תנובה 250 גרם מהדרין,מיוצר עי קונדיטוריית,,גבינה לבנה 5% 250 גר,גרמים,250.00,100 גרם,false,1,4.98,1.99,true,1,
7290000048192,false,גבינה לבנה 9% תנובה 250 גרם מהדרין,מחלבת אלון תבור,,גבינה למריחה 9% 250,גרמים,250.00,100 גרם,false,1,4.98,1.99,true,1,
7290000048307,false,גבינת קוטג 5% עם זיתים 250ירוקים גרם,מיוצר עי קונדיטוריית,,גבינת קוטג 5%,גרמים,250.00,100 גרם,false,1,5.70,2.28,true,1,
7290000048413,false,פיראוס חמד גבינה מלוחה 16% שומן,תנובה מרכז שיתופי לש,,גבינה חמד פיראוס 250,גרמים,250.00,100 גרם,false,1,18.90,7.56,true,1,
7290000048437,false,פיראוס צפתית 5% שומן 200 גרם,פארייפאבה אגרואינדוס,,צפתית פיראוס 5% 200,גרמים,200.00,100 גרם,false,1,14.90,7.45,true,1,
7290000050447,false,"יוגורט ביו בטעם תות YYY יופלה 500 מ""ל",מיוצר עי קונדיטוריית,,יופלה תות 3% 500גר,גרמים,500.00,100 גרם,false,1,14.10,2.82,true,1,
7290000050454,false,יוגורט יופלה אפרסק 3% שומן 500 גרם,מיוצר עי קונדיטוריית,,יופלה אפרסק 3% 500 ג,גרמים,500.00,100 גרם,false,1,14.10,2.82,true,1,
7290000051352,false,חלב מלא בטעם של פעם 3.4% תנובה קרטון 1 ל',הרדוף תוצרת מזון אור,,חלב של פעם 3.5% 1 ל,מיליליטרים,1000.00,"100 מ""ל",false,1,7.40,0.74,true,1,
7290000051376,false,יוגורט יופלה דיאט אננס 0% שומן 150 גרם,תנובה מרכז שיתופי לש,,יופלה דיאט אננס ספור,גרמים,150.00,100 גרם,false,1,5.00,3.33,true,1,
7290000052311,false,גבינה צהובה עמק לייט 15% שומן 200 גרם,תנובה מרכז שיתופי לש,,עמק פרוס בקופסא 200,גרמים,200.00,100 גרם,false,1,15.80,7.90,true,1,
7290000052649,false,גבינת לאבנה 5% שומן 500 ג' פיראוס,תנובה מרכז שיתופי לש,,פיראוס לאבנה גביע 50,גרמים,500.00,100 גרם,false,1,19.50,3.90,true,1,
7290000052717,false,גבינת קוטג' שום שמיר 5% תנובה 250 גרם,מיוצר עי קונדיטוריית,,קוטג 5% עם שום שמיר,גרמים,250.00,100 גרם,false,1,6.30,2.52,true,1,
7290000055015,false,פיראוס גבינת פטה כבשים 5% תנובה 250 גרם,תנובה מחלבת טנא נוגה,,פיראוס פטה כבשים 5%,גרמים,250.00,100 גרם,false,1,26.80,10.72,true,1,
7290000055329,false,"משקה בוקר יוגורט 1.5% בטעם תות מלון יופלה 250 מ""ל",תנובה מרכז שיתופי לש,,משקה יוגורט יופלה בט,גרמים,250.00,100 גרם,false,1,5.40,2.16,true,1,
7290000055336,false,"משקה יוגורט 1.5% בטעם בננה אפרסק יופלה 250 מ""ל",תנובה מרכז שיתופי לש,,משקה יוגורט יופלה בט,גרמים,250.00,100 גרם,false,1,5.40,2.16,true,1,
7290000055343,false,משקה יוגורט יופלה פירות טרופיים 250 גרם,תנובה מרכז שיתופי לש,,משקה יוגורט יופלה בט,גרמים,250.00,100 גרם,false,1,5.40,2.16,true,1,
7290000055350,false,גבינה צהובה חריץ עמק 28% במשקל,תנובה מרכז שיתופי לש,,גבינה צהובה עמק 28%,Unknown,0.00,"ק""ג",true,0,44.79,44.79,true,1,
7290000056845,false,תנובה חלב טרי 3% שומן 1.5 ליטר - מוצר בפיקוח,פארייפאבה אגרואינדוס,,חלב קרטון 3% תנובה,ליטרים,0.00,ליטר,false,1,9.34,9.34,true,1,
7290000056883,false,שמיניית יוגורט יופלה 3% טעמים שונים 150 גרם,תנובה מרכז שיתופי לש,,מאגדת 8 יופלה פרי 3%,גרמים,1200.00,100 גרם,false,1,32.50,2.71,true,1,
7290000056906,false,מאגדת לבן טבעי 1.5% שומן 8 יח' * 150 ג' יופלה,מחלבת אלון תבור,,שמיניית יופלה לבן,גרמים,1200.00,100 גרם,false,1,19.30,1.61,true,1,
7290000056951,false,"תנובה, השף הלבן, שמנת לבישול 15% שומן 500 מל",תנובה מרכז שיתופי לש,,שמנת 15% באריזה עם פ,מיליליטרים,500.00,"100 מ""ל",false,1,16.20,3.24,true,1,
7290000057088,false,עמק גבינה צהובה פרוסה דק דק 28% תנובה 200 גרם,תנובה מרכז שיתופי לש,,עמק דק 200 גרם,גרמים,200.00,100 גרם,false,1,15.80,7.90,true,1,
7290000057118,false,גבינה צהובה עמק 28% שומן ואקום 400 גרם,תנובה מרכז שיתופי לש,,גבינה סמי 28% 400 גר,גרמים,400.00,100 גרם,false,1,20.90,5.23,true,1,
7290000057132,false,יוגורט תנובה טבעי 1.5% גביע 200 גרם,מחלבת אלון תבור,,יוגורט 1.5% 200 גרם,גרמים,200.00,100 גרם,false,1,3.10,1.55,true,1,
7290000057149,false,יוגורט תנובה טבעי 3% גביע 200 גרם,מיוצר עי קונדיטוריית,,יוגורט תנובה 3% 200,גרמים,200.00,100 גרם,false,1,3.20,1.60,true,1,
7290000057552,false,יופלה דיאט עוגת גבינה ותות 0% גביע 150ג',תנובה בעמ,,דיאט יופלה ע.גבינה,גרמים,150.00,100 גרם,false,1,5.00,3.33,true,1,
7290000058030,false,"שמיניית יופלה שטוזים משקה יוגורט תות 100 מ""ל",מיוצר עי קונדיטוריית,,משקה יופלה שטוזים,מיליליטרים,800.00,"100 מ""ל",false,1,20.60,2.58,true,1,
7290000058047,false,שמנת להקצפה 38% 500מל מהדרין עמיד השף הלבן,תנובה מרכז שיתופי לש,IL,שמנת 38% עם פקק 500,מיליליטרים,500.00,"100 מ""ל",false,1,12.94,2.59,true,1,
7290000060071,false,אוסם - חטיפי פריכונים מאורז מלא קלוי 80גר,"פרח תעשיות מזון בע""מ.",,פריכונים טבעי 80 גר,גרמים,80.00,100 גרם,false,1,7.50,9.38,true,1,
7290000060088,false,בייגלה מקלות מלוחים אסם 400 גרם,מיוצר עי קונדיטוריית,,בייגלה מקלות מלוחים,גרמים,400.00,100 גרם,false,1,9.90,2.48,true,1,
7290000060163,false,פסטה אסם אטריות דקות 400גר,"אסם השקעות בע""מ",,אטריות דקות 400 גרם,גרמים,400.00,100 גרם,false,1,6.90,1.73,true,1,
7290000060200,false,פסטה אסם פתיתים אפויים קוסקוס 500גר,"אסם תעשיות בע""מ",,פתיתים אפויים קוסקוס,גרמים,500.00,100 גרם,false,1,6.90,1.38,true,1,
7290000060217,false,פסטה מקרוני מספר 7 אסם 500 גרם,פסטה זארה,,פסטה מקרוני מס 7 500,גרמים,500.00,100 גרם,false,1,5.90,1.18,true,1,
7290000060316,false,פרפקטו ספגטי מס' 8 אסם 500 גרם,אסם פרפקטו,,פסטה ספגטי פרפקטו 50,גרמים,500.00,100 גרם,false,1,7.90,1.58,true,1,
7290000060330,false,פרפקטו פרפקטו ספיראלי גירף 500 גר,אסם פרפקטו,,פסטה פרפקטו ספירלי 5,גרמים,500.00,100 גרם,false,1,7.90,1.58,true,1,
7290000060408,false,פסטה אסם פתיתים אפויים טבעות 500 גר,"אסם השקעות בע""\מ",,פתיתים אפויים טבעות,גרמים,500.00,100 גרם,false,1,6.90,1.38,true,1,
7290000060415,false,"פסטה פרפקטו לאזניה 500 ג' ""אסם""",אסם פרפקטו,,פרפקטו לזניה 500 גרם,גרמים,500.00,100 גרם,false,1,14.40,2.88,true,1,
7290000060576,false,פתיתים אפויים כוכבים אסם 500 גרם,"אסם השקעות בע""\מ",,פתיתים אפויים כוכבים,גרמים,500.00,100 גרם,false,1,6.90,1.38,true,1,
7290000060781,false,פסטה אסם פתיתים מסולסלים 500גר,קריות זול,,פסטה מסולסלים (57) 5,גרמים,500.00,100 גרם,false,1,5.90,1.18,true,1,
7290000060828,false,פסטה קרניים בינוניות אסם 500 גרם,קריות זול,,פסטה קרניים בינוניות,גרמים,500.00,100 גרם,false,1,5.90,1.18,true,1,
7290000060842,false,פסטה אסם פתיתים צדפים גדולים 500גר,פסטה זארה,,פסטה צדפים גדולים (5,גרמים,500.00,100 גרם,false,1,5.90,1.18,true,1,
7290000060880,false,פסטה ספגטי מספר 8 אסם 500 גרם,פסטה זארה,,ספגטי (3) 500 גרם,גרמים,500.00,100 גרם,false,1,5.90,1.18,true,1,
7290000060903,false,פסטה אסם פתיתים אפויים אורז 500גר,"אסם השקעות בע""\מ",,פתיתים אפויים אורז 5,גרמים,500.00,100 גרם,false,1,6.90,1.38,true,1,
7290000060958,false,פסטה אסם אטריות בינוניות 400 גרם,"אסם השקעות בע""\מ",,אטריות בינוניות 400,גרמים,400.00,100 גרם,false,1,6.90,1.73,true,1,
7290000061061,false,קרקר חיטה עם בצל אסם,"אסם השקעות בע""\מ",,קרקר בצל 250 גרם,גרמים,250.00,100 גרם,false,1,9.90,3.96,true,1,
7290000061085,false,"רוטב צילי מתוק 290 מ""ל-בקבוק","אסם השקעות בע""\מ",,רוטב צילי מתוק 290 מ,מיליליטרים,290.00,"100 מ""ל",false,1,13.50,4.66,true,1,
7290000061450,false,פתיתים אפויים קוסקוס 3 צבעים אסם 500 גרם,"אסם השקעות בע""\מ",,פתיתים קוסקוס 3 צבעי,גרמים,500.00,100 גרם,false,1,6.90,1.38,true,1,
7290000062952,false,אוסם - מיני קרוטונים למרק ולסלט 250 גרם,עינת תעשיות מזון אגו,,מיני קרוטונים למרק ו,גרמים,250.00,100 גרם,false,1,13.90,5.56,true,1,
7290000063102,false,אסם קמח עוגה תופח מאליו 350 גרם,"אסם השקעות בע""\מ",,קמח עוגה תופח מאליו,גרמים,350.00,100 גרם,false,1,4.90,1.40,true,1,
7290000063140,false,שקדי מרק רכיבים טבעיים בשקית 400 ג' אסם,"אסם תעשיות בע""מ",,שקדי מרק 400 גרם -שק,גרמים,400.00,100 גרם,false,1,10.00,2.50,true,1,
7290000063157,false,"קמח עוגה תופח מאליו אסם 1 ק""ג","אסם השקעות בע""\מ",,קמח עוגה תופח מאליו,גרמים,1000.00,100 גרם,false,1,8.90,0.89,true,1,
7290000064758,false,קוסקוס בינוני אמיתי אסם 350 ג',"מיוצר ע""י קוד יצרן K",,קוסקוס אמיתי בשקית 3,גרמים,350.00,100 גרם,false,1,7.90,2.26,true,1,
7290000064871,false,"אוסם - מנה חמה פירה תפו""א עם בצל 56 גרם","אסם השקעות בע""מ",,"מנה חמה פירה תפו""א ו",גרמים,56.00,100 גרם,false,1,8.30,14.82,true,1,
7290000065540,false,אוסם - מנה חמה פסטה מוקרמת בטעם עוף 55 גרם,"אסם השקעות בע""מ",,מנה חמה פסטה מוקרמת,גרמים,55.00,100 גרם,false,1,8.30,15.09,true,1,
7290000065557,false,אוסם - מנה חמה קוסקוס עם ירקות 84 גרם,"אסם תעשיות מזון בע""מ",,מנה חמה קוסקוס עם יר,גרמים,62.00,100 גרם,false,1,8.30,13.39,true,1,
7290000065977,false,אסם חטיפי פריכונים תירס שומשום 80 גרם,"פרח תעשיות מזון בע""מ.",IL,אסם חטיפי פריכונים ת,גרמים,80.00,100 גרם,false,1,7.50,9.38,true,1,
7290000066141,false,ביסלי חטיף בטעם גריל אסם 70 גרם,"אסם השקעות בע""\מ",,ביסלי בטעם גריל 70 ג,גרמים,70.00,100 גרם,false,1,4.40,6.29,true,1,
7290000066172,false,ביסלי חטיף בטעם פיצה אסם 70 גרם,"אסם השקעות בע""\מ",,ביסלי בטעם פיצה 70 ג,גרמים,70.00,100 גרם,false,1,4.40,6.29,true,1,
7290000066189,false,ביסלי חטיף בטעם פלאפל אסם 200 גרם,"אסם השקעות בע""\מ",,ביסלי בטעם פלאפל 200,גרמים,200.00,100 גרם,false,1,7.50,3.75,true,1,
7290000066196,false,ביסלי חטיף בטעם גריל אסם 200 גרם,מיוצר עי קונדיטוריית,,ביסלי בטעם גריל 200,גרמים,200.00,100 גרם,false,1,7.50,3.75,true,1,
7290000066295,false,אסם במבה תות מחומרים טבעיים 30גר,מיוצר עי קונדיטוריית,,במבה תות מחומרים טבע,גרמים,30.00,100 גרם,false,1,3.40,11.33,true,1,
7290000066318,false,במבה חטיף בוטנים אסם 80 גרם,"אסם השקעות בע""\מ",,במבה 80 גרם,גרמים,80.00,100 גרם,false,1,4.30,5.38,true,1,
7290000066332,false,אפרופו חטיף תירס אסם 50 גרם,מיוצר עי קונדיטוריית,,חטיף אפרופו 50 גרם,גרמים,50.00,100 גרם,false,1,5.00,10.00,true,1,
7290000066431,false,פופקו חטיף פופקורן בטעם חמאה ודבש אסם 80 גרם,מיוצר עי קונדיטוריית,,פופקו חטיף תירס בטעם,גרמים,80.00,100 גרם,false,1,5.40,6.75,true,1,
7290000067407,false,פרורית מתובלת בשקית 200 גרם,עינת תעשיות מזון אגו,,פרורית מתובלת בשקית,גרמים,200.00,100 גרם,false,1,6.40,3.20,true,1,
7290000068138,false,אינסטנט פודינג בטעם וניל אסם 80 גרם,מיוצר עי קונדיטוריית,,פודינג אינסטנט בטעם,גרמים,80.00,100 גרם,false,1,5.50,6.88,true,1,
7290000068190,false,אסם ג'לי תות שדה צבעים טבעיים 90 גרם,מיוצר עי קונדיטוריית,,גלי בזק בטעם תות שדה,גרמים,85.00,100 גרם,false,1,7.90,9.29,true,1,
7290000068206,false,אסם ג'לי משמש צבעים טבעיים 85 גרם,מיוצר עי קונדיטוריית,,גלי בזק בטעם משמש צמ,גרמים,85.00,100 גרם,false,1,7.90,9.29,true,1,
7290000068237,false,אבקה להכנת ג'לי בטעם פטל אסם 85 גרם,מיוצר עי קונדיטוריית,,גלי בזק בטעם פטל צמח,גרמים,85.00,100 גרם,false,1,7.90,9.29,true,1,
7290000068251,false,אבקה להכנת ג'לי בטעם אננס אסם 85 גרם,מיוצר עי קונדיטוריית,,גלי בזק בטעם אננס צמ,גרמים,85.00,100 גרם,false,1,7.90,9.29,true,1,
7290000068343,false,אסם פריכונים פרוסות קלויות מלא,"פרח תעשיות מזון בע""מ.",,פריכונים מאורז מלא 1,גרמים,140.00,100 גרם,false,1,7.90,5.64,true,1,
7290000068701,false,אסם שקדי מרק רכיבים טבע.מיכל 400 גרם,"אסם תעשיות בע""מ",,שקדי מרק רכיבים טבעי,גרמים,400.00,100 גרם,false,1,16.30,4.08,true,1,
7290000068770,false,במבה יום הולדת חטיף בוטנים אסם 80 גרם,"אסם השקעות בע""\מ",,במבה יום הולדת 80 גר,גרמים,80.00,100 גרם,false,1,4.30,5.38,true,1,
7290000069258,false,פסטה פרפקטו פנה ריגאטה 500 ג' אסם,קריות זול,,פסטה פרפקטו פנה ריגט,גרמים,500.00,100 גרם,false,1,7.90,1.58,true,1,
7290000069364,false,פריכונים מאורז מלא ללא תוספת סוכר אסם 140 גרם,"פרח תעשיות מזון בע""מ.",,פריכונים מאורז מלא ל,גרמים,140.00,100 גרם,false,1,7.90,5.64,true,1,
7290000070308,false,אבקת מרק עוף אמיתי בשרי אסם 400 גרם,"אסם השקעות בע""\מ",,אבקת מרק עוף אמיתי,גרמים,400.00,100 גרם,false,1,16.90,4.23,true,1,
7290000070322,false,אבקת מרק פטריות רכיבים טבעיים אסם 400 גרם,"אסם השקעות בע""\מ",,אבקת מרק פטריות 400,גרמים,400.00,100 גרם,false,1,27.50,6.88,true,1,
7290000072241,false,"רוטב פיצה 290 מ""ל-בקבוק","אסם השקעות בע""\מ",,"רוטב פיצה 290 מ""ל-בק",מיליליטרים,290.00,"100 מ""ל",false,1,13.50,4.66,true,1,
7290000072623,false,קטשופ אסם בקבוק לחיץ 750 גרם,"אסם השקעות בע""מ",,קטשופ אסם בקבוק לחיץ,גרמים,750.00,100 גרם,false,1,10.90,1.45,true,1,
7290000072753,false,קפה נמס מגורען טסטרס צ'ויס 200 גרם-,לוטה נסטלה קוריאה,,נסקפה טייסטרס צויס,גרמים,200.00,100 גרם,false,1,29.80,14.90,true,1,
7290000072777,false,קפה נמס מגורען נטול קפאין טסטרס צ'ויס 200 גרם,לוטה נסטלה קוריאה,,נסקפה טייסטרס צויס,גרמים,200.00,100 גרם,false,1,38.90,19.45,true,1,
7290000072968,false,דגני בוקר סיני מיניס חיטה מלאה וקינמון נסטלה 500 גרם,נסטלה פולין דגני בוק,,דגנים סיני מיניס מלח,גרמים,375.00,100 גרם,false,1,24.60,6.56,true,1,
7290000073415,false,אוסם - מנה חמה פסטה ברוטב פיצה 61 גרם,"אסם השקעות בע""\מ",,מנה חמה פסטה ברוטב פ,גרמים,61.00,100 גרם,false,1,8.30,13.61,true,1,
7290000073767,false,מנה חמה נודלס אטר.+ירקות טעם בקר 70 גרם,PUB FOODS PRESIDENT THAI,,מנה חמה נודלס אטר.+י,גרמים,70.00,100 גרם,false,1,5.90,8.43,true,1,
7290000073774,false,מנה חמה נודלס אטר+ירקות טעם צילי 70 גרם,טאי רזידנט,,מנה חמה נודלס אטר+יר,גרמים,70.00,100 גרם,false,1,5.90,8.43,true,1,
7290000074153,false,ביסקוויט פתי בר שוקולד אסם 500 גרם,מיוצר עי קונדיטוריית,,פתי בר שוקו 500 גרם,גרמים,500.00,100 גרם,false,1,13.90,2.78,true,1,
7290000074184,false,אוסם - פתי בר בינוני 500 גרם,"אסם השקעות בע""\מ",,פתי בר וניל 500 גרם,גרמים,500.00,100 גרם,false,1,10.90,2.18,true,1,
7290000074245,false,אוסם - קרם קרקר אסם 250 גרם,"אסם השקעות בע""\מ",,קרם קרקר 250 גרם,גרמים,250.00,100 גרם,false,1,9.80,3.92,true,1,
7290000074252,false,קרקר שומשון אסם 250 גרם,"אסם השקעות בע""\מ",,קרקר שומשום 250 גרם,גרמים,250.00,100 גרם,false,1,9.90,3.96,true,1,
7290000074375,false,אוסם - קרקר זהב 150 גרם,"אסם השקעות בע""\מ",,קרקר זהב 150 גרם,גרמים,150.00,100 גרם,false,1,7.50,5.00,true,1,
7290000074696,false,"קרם קרקר 1 ק""ג אוסם","אסם השקעות בע""\מ",,"קרם קרקר 1 ק""ג",גרמים,1000.00,100 גרם,false,1,32.90,3.29,true,1,
7290000075204,false,אוסם - לחמית חיטה מלאה 250 גרם,"אסם השקעות בע""\מ",,לחמית חיטה מלאה 250,גרמים,250.00,100 גרם,false,1,10.40,4.16,true,1,
7290000075693,false,עוגת הבית שמרים בריוש שוקולד אסם 360 גרם,מיוצר עי קונדיטוריית,,עוגת שמרים שוקולד 36,גרמים,360.00,100 גרם,false,1,18.80,5.22,true,1,
7290000076133,false,בייגלה שמיניות קטנות עם מלח אסם 400 גרם,"אסם השקעות בע""\מ",,בייגלה שמיניות קטנות,גרמים,400.00,100 גרם,false,1,9.90,2.48,true,1,
7290000077017,false,עוגיות קרמוגית במילוי קרם שוקולד אסם 200 גרם,מיוצר עי קונדיטוריית,,עוגיות קרמוגית במילו,גרמים,200.00,100 גרם,false,1,11.40,5.70,true,1,
7290000077253,false,אוסם - לחמית כפרית עם דגנים מלאים 190 גרם,"אסם השקעות בע""\מ",,לחמית כפרית 190 גרם,גרמים,190.00,100 גרם,false,1,9.90,5.21,true,1,
7290000078212,false,קרוטונים מתובלים למרק אסם 250 גרם,עינת תעשיות מזון אגו,,קרוטונים מתובלים 250,גרמים,250.00,100 גרם,false,1,13.90,5.56,true,1,
7290000078956,false,בודינו אישי,,,בודינו אישי,Unknown,0.00,Unknown,false,1,9.90,9.90,true,1,
7290000079233,false,קרם קרקר דיאטטי דל נתרן 250 גרם,"אסם תעשיות בע""מ",,קרם קרקר דיאטטי דל נ,גרמים,250.00,100 גרם,false,1,12.50,5.00,true,1,
7290000080765,false,טוסטעים פת קלויה עם שומשום אסם 100 גרם,ון דר מולן האלום,,טוסטעים פת קלויה שומ,גרמים,100.00,100 גרם,false,1,10.50,10.50,true,1,
7290000081663,false,"בייגלה טבעות שומשום אסם 300 גרם בד""ץ",מיוצר עי קונדיטוריית,,בייגלה טבעות עם שומש,גרמים,300.00,100 גרם,false,1,9.90,3.30,true,1,
7290000100128,false,פירות קפואים תות סנפרוסט 300 ג',"סנפרוסט בע""מ",IL,תות קפוא סנפרוסט 300,גרמים,300.00,100 גרם,false,1,17.90,5.97,true,1,
7290000100296,false,תערובת להכנת Smoothie ורוד תות ובננה,"סנפרוסט בע""\מ",IL,סמודיז תות בננה סנפר,גרמים,300.00,100 גרם,false,1,18.90,6.30,true,1,
7290000100609,false,קוביות אנטיפסטי להקפצה סנפרוסט 600 גרם,"סנפרוסט בע""\מ",IL,קוביות אנטיפסטי להקפ,גרמים,600.00,100 גרם,false,0,27.50,4.58,true,1,
7290000101927,false,אוכמניות כחולות מוקפאות סנפרוסט 300 גרם,"איי, בי, אינבוו",,אוכמניות כחולות מוקפ,גרמים,300.00,100 גרם,false,1,17.90,5.97,true,1,
7290000101934,false,מיקס פירות יער מוקפאות 300 ג' סנפרוסט,"איי, בי, אינבוו",,מיקס פירות יער מוקפא,גרמים,300.00,100 גרם,false,1,17.90,5.97,true,1,
7290000101941,false,אננס חתוך מוקפא סנפרוסט 300ג',"איי, בי, אינבוו",,אננס מוקפא סנפרוסט,גרמים,300.00,100 גרם,false,1,17.90,5.97,true,1,
7290000103365,false,מרק ירקות עשיר סנפרוסט 550 גרם,"איי, בי, אינבוו",,מרק ירקות 560 גרם,גרמים,560.00,100 גרם,false,1,19.80,3.54,true,1,
7290000103433,false,"לקט ירקות לתנור 800 גרם ""סנפרוסט""","איי, בי, אינבוו",,לקט ירקות סנפרוסט לת,גרמים,800.00,100 גרם,false,1,22.90,2.86,true,1,
7290000103822,false,ירקות שמלווים עוף סנפרוסט 800ג',"סנפרוסט בע""\מ",,לקט לעוף 800 גרם סנפ,גרמים,800.00,100 גרם,false,1,22.90,2.86,true,1,
7290000103839,false,מרק כתום עשיר בירקות סנפרוסט 570 גרם,"סנפרוסט בע""\מ",,מרק כתום 572 גרם,גרמים,572.00,100 גרם,false,1,19.80,3.46,true,1,
7290000103846,false,מרק אפונה עשיר בירקות סנפרוסט 570 גרם,"סנפרוסט בע""\מ",,מרק אפונה 572 גרם,גרמים,572.00,100 גרם,false,1,19.80,3.46,true,1,
7290000103860,false,מרק עדשים עשיר בירקות סנפרוסט 570 גרם,"איי, בי, אינבוו",,מרק עדשים 572 גרם,גרמים,572.00,100 גרם,false,1,19.80,3.46,true,1,
7290000103877,false,מרק שעועית עשיר בירקות סנפרוסט 640 גרם,"סנפרוסט בע""\מ",,מרק שעועית 644 גרם,גרמים,644.00,100 גרם,false,1,19.80,3.07,true,1,
7290000104201,false,אפונה עדינה סנפרוסט 600 גרם,"איי, בי, אינבוו",,אפונה עדינה 600 גר,גרמים,600.00,100 גרם,false,1,17.90,2.98,true,1,
7290000104676,false,אפונה קפואה סנפרוסט 800 גרם,"איי, בי, אינבוו",,אפונת גינה 800 גרם,גרמים,800.00,100 גרם,false,1,17.90,2.24,true,1,
7290000104683,false,שעועית ירוקה שלמה סנפרוסט 800 גרם,"סנפרוסט בע""\מ",,שעועית ירוקה שלמה,גרמים,800.00,100 גרם,false,1,19.90,2.49,true,1,
7290000104690,false,תירס גרעינים 800 גרם סנפרוסט,"איי, בי, אינבוו",,תירס גרעינים 800 גרם,גרמים,800.00,100 גרם,false,1,17.90,2.24,true,1,
7290000104720,false,שעועית ירוקה חתוכה סנפרוסט 800 גרם,"סנפרוסט בע""\מ",,שעועית ירוקה חתוכה 8,גרמים,800.00,100 גרם,false,1,18.70,2.34,true,1,
7290000104737,false,שעועית צהובה חתוכה סנפרוסט 800 גרם,"סנפרוסט בע""\מ",,שעועית צהובה חתוכה,גרמים,800.00,100 גרם,false,1,19.00,2.38,true,1,
7290000104751,false,"כרוב ניצנים 800 גרם ""סנפרוסט""","איי, בי, אינבוו",,כרוב ניצנים 800 גר,גרמים,800.00,100 גרם,false,1,24.90,3.11,true,1,
7290000104829,false,קלחי תירס חתוכים סנפרוסט 1 קילו,"איי, בי, אינבוו",,"קלחוני תירס 1 ק""ג סנ",גרמים,1000.00,100 גרם,false,1,19.50,1.95,true,1,
7290000104836,false,שעועית ירוקה עדינה שלמה סנפרוסט 600 גרם,"סנפרוסט בע""\מ",,שעועית עדינה שלמה 60,גרמים,600.00,100 גרם,false,1,21.90,3.65,true,1,
7290000104874,false,ירקות לקוסקוס של אמא סנפרוסט 800ג',"סנפרוסט בע""\מ",,לקט לקוסקוס 800גר סנ,גרמים,800.00,100 גרם,false,1,22.90,2.86,true,1,
7290000104911,false,לקט נורמנדי סנפרוסט 800 גרם,"איי, בי, אינבוו",,לקט נורמנדי 800 גרם,גרמים,800.00,100 גרם,false,1,22.90,2.86,true,1,
7290000106175,false,"לקט כפרי 2 ק""ג סנפרוסט","סנפרוסט בע""\מ",,"לקט כפרי 2 ק""ג סנפרו",קילוגרמים,0.00,"ק""ג",false,1,45.50,45.50,true,1,
7290000107165,false,חטיף סויה אדממה סנפרוסט 400 גרם,"איי, בי, אינבוו",,חטיף סויה סנפרוסט,גרמים,400.00,100 גרם,false,1,14.60,3.65,true,1,
7290000107295,false,תפרחות ברוקולי סנפרוסט 800 גרם,"איי, בי, אינבוו",,ברוקולי 800 גרם סנפר,גרמים,800.00,100 גרם,false,1,24.90,3.11,true,1,
7290000107615,false,ירקות ואננס להקפצה מנה אסייתית צבעונית ועשירה,"איי, בי, אינבוו",IL,מנה אסייטית צבעונית,גרמים,800.00,100 גרם,false,1,24.90,3.11,true,1,
7290000110844,false,"כיפלי בטעם גריל 70 גרם-בד""ץ",יוניליור ישראל מזון,,"כפלי גריל בד""צ 70 גר",גרמים,70.00,100 גרם,false,1,5.90,8.43,true,1,
7290000110851,false,"כיפלי בטעם בצל 70 גרם-בד""ץ",יוניליוור מזון,,"כפלי בצל בד""צ 70 גרם",גרמים,70.00,100 גרם,false,1,5.90,8.43,true,1,
7290000111000,false,שתיה קרה בודד,,,שתיה קרה בודד,Unknown,0.00,Unknown,false,1,1.00,1.00,true,1,
7290000111063,false,מיונז תלמה אמיתי250 גרם,יוניליוור ישראל מזון בע\,,מיונז תלמה 250 גרם,גרמים,250.00,100 גרם,false,1,7.60,3.04,true,1,
7290000111117,false,בדין מרכך כביסה לבן 4 ליטר,יוניליור ישראל טיפוח איש,,בדין לבן 4 ליטר -לבן,ליטרים,0.00,ליטר,false,1,19.90,19.90,true,1,
7290000111186,false,"מיונז אמיתי תלמה 500 גרם בד""צ",יוניליוור ישראל מזון בע\,,מיונז תלמה 500 גרם-צ,גרמים,500.00,100 גרם,false,1,9.90,1.98,true,1,
7290000111353,false,"מיונז אמיתי 1 ק""ג תלמה",יוניליוור ישראל מזון בע\,,"מיונז 1 ק""ג-צנצנת",גרמים,1000.00,100 גרם,false,1,16.90,1.69,true,1,
7290000111360,false,"חרדל אמיתי תלמה 250 גרם בד""צ",יוניליוור ישראל מזו,,חרדל תלמה 250 גרם-צנ,גרמים,250.00,100 גרם,false,1,7.30,2.92,true,1,
7290000111384,false,חרדל אמיתי בצנצנת 550 ג' תלמה,יוניליוור ישראל מזו,,חרדל תלמה 550 גרם-צנ,גרמים,550.00,100 גרם,false,1,10.40,1.89,true,1,
7290000112220,false,טחינה גולמית שומשום טהור בארכה 500 גרם,"רושדי תעשיות מזון בע""\מ",,טחינה 500 גר בארכה,גרמים,500.00,100 גרם,false,1,13.90,2.78,true,1,
7290000112237,false,"טחינה גולמית שומשום טהור בארכה 1 ק""ג","רושדי תעשיות מזון בע""\מ",,"טחינה 1 ק""ג-צנצנת",גרמים,1000.00,100 גרם,false,1,32.50,3.25,true,1,
7290000112497,false,מרק עשיר עוף אטריות קנור 75 גרם - שקיות,יוניליוור ישראל מזון בע\,,מרק עשיר עוף אטריות,גרמים,75.00,100 גרם,false,1,13.50,18.00,true,1,
7290000112619,false,אבקת מרק עוף אמיתי קנור 400 ג' כשלפ,"יוניליוור ישראל מזון בע""",,אבקת מרק עוף קנור,גרמים,400.00,100 גרם,false,1,19.90,4.98,true,1,
7290000116921,false,רוטב צ'ילי מתוק 340 גרם קנור,יוניליוור ישראל מזון בע\,,רוטב קנור צילי מתוק,מיליליטרים,300.00,"100 מ""ל",false,1,10.90,3.63,true,1,
7290000116945,false,"רוטב סויה קלאסי קנור בד""צ 350 גרם","יוניליוור ישראל מזון בע""",,רוטב קנור סויה 300 מ,מיליליטרים,300.00,"100 מ""ל",false,1,14.60,4.87,true,1,
7290000117171,false,מרק טעם עוף דל קלוריות 48 גרם-קופסא,יוניליוור ישראל מזון,,מרק טעם עוף דל קלורי,גרמים,48.00,100 גרם,false,1,9.00,18.75,true,1,
7290000117720,false,נמס בכוס פטריות קנור 21.5 גרם מארז זוגי,יוניליוור ישראל מזון בע\,,מרק נמס בכוס פטריות,גרמים,43.00,100 גרם,false,1,6.90,16.05,true,1,
7290000120836,false,"מיונז אמיתי 394 גרם ""הלמנס""",קונפקו אינק' די.בי.א,,מיונז הלמנס 394 גרם,גרמים,433.00,100 גרם,false,1,10.90,2.52,true,1,
7290000120874,false,מיונז הלמנס לייט מופחת קלוריות 424ג,"יונילוור ארה""ב - HPC",,מיונז הלמנס לייט 424,גרמים,476.00,100 גרם,false,1,10.90,2.29,true,1,
7290000121079,false,גבינה מותכת למריחה עם שום שמיר 9% מון בלאן 120 גרם,שלושת האופים,,גבינת מון בלאן שמיר,גרמים,120.00,100 גרם,false,1,13.30,11.08,true,1,
7290000121093,false,גבינה מותכת לייט בטעם שוויצרי 7% מון בלאן 120 גר',האי נאם סי או אל.טי.,,מון בלאן שוצרית 120,גרמים,120.00,100 גרם,false,1,13.30,11.08,true,1,
7290000121147,false,גבינה מותכת לייט בטעם פיקנטי 7% מון בלאן 120 גרם,"שלושת האופים בע""מ",,גבינת מון בלאן פיקנ,גרמים,121.00,100 גרם,false,1,13.30,10.99,true,1,
7290000121154,false,גבינה מותכת לייט עם סלמון 7% מון בלאן 120 גרם,האי נאם סי או אל.טי.,,מון בלאן סלמון 120 ג,גרמים,120.00,100 גרם,false,1,14.40,12.00,true,1,
7290000121239,false,מיוקל 5% שומן ללא כולסטרול תלמה 500ג',יוניליוור ישראל מזון בע\,,מיוקל 5%,גרמים,500.00,100 גרם,false,1,15.20,3.04,true,1,
7290000122830,false,"רוטב מקסיקני סצ'ואן קנור 300 מ""ל","יוניליוור ישראל מזון בע""",,רוטב בישול סצואן 370,גרמים,370.00,100 גרם,false,1,10.90,2.95,true,1,
7290000124841,false,ורד הגליל שוקולד חלב מארז שלישיה 300 גרם,יוניליוור ישראל מזון בע\,,מאגדת שוקולד חלב ורד,גרמים,300.00,100 גרם,false,1,16.90,5.63,true,1,
7290000125251,false,בדין שמפו לכביסה עדינה 2 ליטר,"זוהר דליה, קיבוץ דליה, 1",,בדין שמפו לכביסה עדי,ליטרים,0.00,ליטר,false,1,29.90,29.90,true,1,
7290000129457,false,אבקת רוטב פטריות קנור 28 ג' שקית,"יוניליוור ישראל מזון בע""",,קנור רוטב פטריות באב,גרמים,29.00,100 גרם,false,1,4.90,16.90,true,1,
7290000129785,false,בדין מרכך כביסה 4 ליטר ירוק,יוניליור ישראל טיפוח איש,IL,מרכך כביסה בדין ירוק,ליטרים,0.00,ליטר,false,1,19.90,19.90,true,1,
7290000133645,false,שלישיית משחת שיניים סודה אורביטול 145 גרם,טרופיקל דגיל תעשיות קוסמ,,משחת שיניים אורביטול,גרמים,435.00,100 גרם,false,1,19.40,4.46,true,1,
7290000135045,false,"XL TEN משקה אנרגיה פתוח ללא סוכר 250 מ""ל","טמפו משקאות בע""\מ",,XL TEN משקה אנרגיה פ,מיליליטרים,250.00,"100 מ""ל",false,1,4.90,1.96,true,1,
7290000135052,false,"XL TEN משקה אנרגיה מנגו ללא סוכר 250 מ""ל","טמפו משקאות בע""\מ",,XL TEN משקה אנרגיה מ,מיליליטרים,250.00,"100 מ""ל",false,1,4.90,1.96,true,1,
7290000135113,false,"משקה אנרגיה XL פחית ten נענע ליים 250 מ""ל","טמפו משקאות בע""\מ",,פחית XL TEN נענע ליי,מיליליטרים,250.00,"100 מ""ל",false,1,4.90,1.96,true,1,
7290000135311,false,פפסי מקס ליים 1.5 ליטר בודד,"טמפו משקאות בע""\מ",,פפסי מקס ליים 1.5 לי,ליטרים,0.00,ליטר,false,1,7.60,7.60,true,1,
7290000135342,false,"מי סודה טמפו בקבוק 500 מ""ל","טמפו משקאות בע""\מ",,"מי סודה 500 מ""ל בקבו",מיליליטרים,500.00,"100 מ""ל",false,1,2.90,0.58,true,1,
7290000135465,false,"מי סודה 500 מ""ל - מארז 12 בקבוקים","טמפו משקאות בע""\מ",,"מי סודה 500 מ""ל 12 ב",מיליליטרים,6000.00,"100 מ""ל",false,1,29.90,0.50,true,1,
7290000135595,false,פפסי מקס בטעם דובדבן 1.5 ללא סוכר,"טמפו משקאות בע""\מ",,פפסי מקס דובדבן 1.5,ליטרים,0.00,ליטר,false,1,7.60,7.60,true,1,
7290000135632,false,"רביעיית פחיות בירה גולדסטאר לא מסונן 500 מ""ל","טמפו משקאות בע""\מ",IL,רביעיית פחיות גולדסט,מיליליטרים,2000.00,"100 מ""ל",false,1,35.90,1.80,true,1,
7290000135663,false,"פפסי מקס דובדבן פחית צרה מארז שישייה 330 מ""ל",טמפו משקאות בע''מ,,שישיית פפסי מקס דובד,ליטרים,0.00,ליטר,false,1,19.50,19.50,true,1,
7290000136257,false,פאנק טוניק גזוז בטעם פירות,טמפו 7.5%,IL,פאנק טוניק 1.5 ל טמפ,ליטרים,0.00,ליטר,false,1,9.20,9.20,true,1,
7290000136264,false,מי טוניק גזוז 1.5 ל' טמפו,"טמפו משקאות בע""\מ",IL,טוניק 1.5 ל טמפו,ליטרים,0.00,ליטר,false,1,9.90,9.90,true,1,
7290000136288,false,"סירופ בטעם תפוחים ג'ויסר סיידר הגליל 330 מ""ל","טמפו משקאות בע""\מ",,סירופ בטעם תפוחים 33,מיליליטרים,330.00,"100 מ""ל",false,1,13.60,4.12,true,1,
7290000136295,false,"סירופ בטעם פטל ג'ויסר סיידר הגליל 330 מ""ל","טמפו משקאות בע""\מ",,סירופ בטעם פטל 330 מ,מיליליטרים,330.00,"100 מ""ל",false,1,13.60,4.12,true,1,
7290000136301,false,"סירופ בטעם ענבים ג'ויסר סיידר הגליל 330 מ""ל","טמפו משקאות בע""\מ",,סירופ בטעם ענבים 330,מיליליטרים,330.00,"100 מ""ל",false,1,13.60,4.12,true,1,
7290000136431,false,משקה בטעם אפרסק צלול תריסר 1.5 ל' ג'אמפ,"טמפו משקאות בע""\מ",IL,גאמפ אפרסק 1.5 ליטר,ליטרים,0.00,ליטר,false,1,7.50,7.50,true,1,
7290000136455,false,משקה בטעם אשכוליות תריסר 1.5 ל' ג'אמפ,"טמפו משקאות בע""\ם.",IL,גאמפ אשכוליות 1.5 לי,ליטרים,0.00,ליטר,false,1,7.50,7.50,true,1,
7290000136516,false,משקה בטעם מנגו פסיפלורה תריסר 1.5 ל' ג'אמפ,טמפו משקאות בעמ,IL,גאמפ מנגו 1.5 ליטר,ליטרים,0.00,ליטר,false,1,7.50,7.50,true,1,
7290000136523,false,משקה בטעם ענבים תריסר 1.5 ל' ג'אמפ,"טמפו משקאות בע""\ם.",IL,גאמפ ענבים 1.5 ליטר,ליטרים,0.00,ליטר,false,1,7.50,7.50,true,1,
7290000136561,false,משקה בטעם תות בננה תריסר 1.5 ל' ג'אמפ,"טמפו משקאות בע""\מ",IL,גאמפ תות בננה 1.5 ל,ליטרים,0.00,ליטר,false,1,7.50,7.50,true,1,
7290000136585,false,משקה בטעם תפוזים תריסר 1.5 ל' ג'אמפ,"טמפו משקאות בע""\ם.",IL,גאמפ תפוז 1.5 ליטר,ליטרים,0.00,ליטר,false,1,7.50,7.50,true,1,
7290000136608,false,משקה בטעם תפוח צלול תריסר 1.5 ל' ג'אמפ,"טמפו משקאות בע""\ם.",IL,גאמפ תפוח 1.5 ליטר,ליטרים,0.00,ליטר,false,1,7.50,7.50,true,1,
7290000136646,false,בירה נשר מאלט ללא אלכוהול 1.5 ליטר,"טמפו משקאות בע""\מ",IL,נשר מאלט 1.5 ליטר,ליטרים,0.00,ליטר,false,1,8.90,8.90,true,1,
7290000136653,false,דיאט נשר מאלט ללא אלכוהול 1.5 ליטר,"טמפו משקאות בע""\מ",IL,דיאט נשר מאלט 1.5 לי,ליטרים,0.00,ליטר,false,1,8.90,8.90,true,1,
7290000136660,false,סודה טמפו ליטר וחצי,טמפו,IL,מי סודה 1.5 ליטר,ליטרים,0.00,ליטר,false,1,3.70,3.70,true,1,
7290000136677,false,פפסי קולה פיקדון 1.5 ליטר,טמפו,IL,פפסי קולה 1.5 ליטר,ליטרים,0.00,ליטר,false,1,8.20,8.20,true,1,
7290000136684,false,פפסי מקס משקה מוגז דל קלוריות בטעם קולה,טמפו,IL,פפסי מקס 1.5 ליטר,ליטרים,0.00,ליטר,false,1,7.60,7.60,true,1,
7290000136691,false,מארז שישייה סבן אפ 1.5 ל',סבן אפ 7up,IL,שישיית סבן אפ 1.5 ל,ליטרים,0.01,ליטר,false,1,37.90,3790.00,true,1,
7290000136707,false,טמפו מירינדה 1.5 ליטר,טמפו,IL,מירינדה 1.5 ליטר,ליטרים,0.00,ליטר,false,1,8.20,8.20,true,1,
7290000136769,false,מארז שישיה בטעם קולה 1.5 ל' פפסי,"טמפו משקאות בע""\מ",IL,פפסי קולה שישיה 1.5,ליטרים,0.01,ליטר,false,1,37.90,3790.00,true,1,
7290000136776,false,שישיית פפסי מקס דל קלוריות 1.5 ליטר,פפסי Pepsi,IL,שישיית פפסי מקס דל ק,ליטרים,0.01,ליטר,false,1,37.50,3750.00,true,1,
7290000136790,false,שישיית מי סודה טמפו 1.5 ליטר,"טמפו משקאות בע""\מ",IL,שישיית סודה 1.5 ליטר,ליטרים,0.01,ליטר,false,1,17.90,1790.00,true,1,
7290000136806,false,מארז סודה רביעייה לימון ליים 1.5 ל' טמפו,טמפו משקאות בעמ,IL,רביעייה סודה לימון ל,ליטרים,0.01,ליטר,false,1,12.00,1200.00,true,1,
7290000136837,false,רביעיית מי סודה נגיעות אפרסק טמפו 1.5 ליטר,טמפו משקאות בע''מn\,IL,רביעייה סודה אפרסק 1,ליטרים,0.01,ליטר,false,1,12.00,1200.00,true,1,
7290000136844,false,מארז מים מזוככים אקווה נובה שישיית 2 ליטר,"טמפו משקאות בע""\מ",IL,שישיית אקווה נובה 2ל,ליטרים,0.01,ליטר,false,1,12.90,1290.00,true,1,
7290000136851,false,סבן אפ פיקדון 1.5 ליטר,טמפו,IL,סבן אפ 1.5 ליטר,ליטרים,0.00,ליטר,false,1,8.20,8.20,true,1,
7290000136868,false,סאן בנדטו - מים מינרלים - מארז שישיית 1.5 ליטר,אקווה מינרלה סאן בנדטו ב,IL,שישיית מים סאן בנדטו,ליטרים,0.01,ליטר,false,1,18.90,1890.00,true,1,
7290000136875,false,שישיית מים מינרליים מוגזים סן בנדטו 1.5 ליטר,סאן בנדטו San Benedetto,IL,שישיית סאן בנדטו מוג,ליטרים,0.01,ליטר,false,1,19.90,1990.00,true,1,
7290000136936,false,סבן אפ דיאט בקבוק 1.,טמפו,IL,סבן אפ דיאט 1.5 ליטר,ליטרים,0.00,ליטר,false,1,7.60,7.60,true,1,
7290000137513,false,גלידונית גלידה וניל בציפוי שוקולד 60 יח' קרמיסימו,"גלידת שטראוס בע""\מ, רחוב",,גלידונית 60 יחידות,גרמים,700.00,100 גרם,false,1,44.90,6.41,true,1,
7290000137643,false,שלגוני טעמקור בטעם שוקו וניל שטראוס 8*50 גרם,"גלידת שטראוס בע""\מ, רחוב",,שמיניית טעמקור,גרמים,400.00,100 גרם,false,1,39.90,9.98,true,1,
7290000144160,false,"שמן זית כתית ארומתי מודגש עץ הזית 750 מ""ל","מרקאולאו, ספרד.אבסה,",,שמן זית כתית מעולה ב,מיליליטרים,750.00,"100 מ""ל",false,1,29.90,3.99,true,1,
7290000144467,false,שמן חמניות מועשר בנוגדי חמצון 1 ל' עץ הזית,"נארז ע""י : א.ג. גילר",,שמן עץ הזית חמניות 1,מיליליטרים,1000.00,"100 מ""ל",false,1,16.40,1.64,true,1,
7290000144474,false,שמן עץ הזית קנולה 1 ליטר בריאות מהטבע,שמן תעשיות בעמ,,שמן עץ הזית קנולה 1,מיליליטרים,1000.00,"100 מ""ל",false,1,14.90,1.49,true,1,
7290000148380,false,פיסטוקים קלוים קליית גת 200 גרם,"ג'י אנד ג'י בע""מ",,פיסטוק קלוי שקית 200,גרמים,200.00,100 גרם,false,1,24.90,12.45,true,1,
7290000148489,false,"קליית גת גרעיני דלעת קלויים,200 גרם","ג'י אנד ג'י בע""מ",,גרעיני דלעת קליית גת,גרמים,200.00,100 גרם,false,1,10.40,5.20,true,1,
7290000148618,false,קשיו מטוגן שקית קליית גת 200 גרם,"ג'י אנד ג'י בע""מ",,קשיו מטוגן שקית קליי,גרמים,200.00,100 גרם,false,1,22.90,11.45,true,1,
7290000148748,false,קליית גת גרעיני חמניה קלויים ומומלחים200,"ג'י אנד ג'י בע""מ",,גרעיני חמניה שקית קל,גרמים,200.00,100 גרם,false,1,7.30,3.65,true,1,
7290000148939,false,שקדים קלויים קלית גת 200 ג',"ג'י אנד ג'י בע""מ",,שקד קלוי שקית 200 ג,גרמים,200.00,100 גרם,false,1,21.90,10.95,true,1,
7290000149905,false,טקסטיל נוזל לכביסה עדינה נקה 1 ליטר,מיוצר עי קונדיטוריית,,טקסטיל שמפו לכביסה 1,מיליליטרים,1000.00,"100 מ""ל",false,1,17.70,1.77,true,1,
7290000158105,false,שניצל עוף מיני דינוזאור ללא אנטיביוטיקה מ100% ר.טבעי,"מוצרי עוף טוב (2001) בע""",,שניצל דינוזאור 700 ג,גרמים,700.00,100 גרם,false,1,38.90,5.56,true,1,
7290000166605,false,סיף פנטסטיק ניקיון כללי יסמין 4ליטר,סיף פנטסטיק Cif Fantastic,,סיף פנטסטיק ניקוי כל,ליטרים,0.00,ליטר,false,1,30.90,30.90,true,1,
7290000168173,false,"ברנפלקס קרנצ'ים תלמה בד""ץ 375 גרם",יוניליור ישראל מזון,,ברנפלקס קרנצים 375 ג,גרמים,375.00,100 גרם,false,1,20.90,5.57,true,1,
7290000169538,false,"נמס בכוס עגבניות וקרוטונים מרק כשרות בד""ץ 62 ג' קנור",יוניליוור ישראל מזון בע\,,מרק נמס בכוס עגבניות,גרמים,56.00,100 גרם,false,1,6.90,12.32,true,1,
7290000169798,false,"עוגי מופחת סוכר 20% פצפוצי שוקו' 500ג' בד""צ","יוניליוור ישראל מזון בע""",,עוגי 20% פחות סוכר 5,גרמים,500.00,100 גרם,false,1,24.90,4.98,true,1,
7290000174723,false,שוקולית אבקה להכנת משקה שוקו 500 גרם,הנסיך- מפעל לייצור ט,,שוקולית 500 גרם,גרמים,500.00,100 גרם,false,1,11.90,2.38,true,1,
7290000176062,false,קפה טורקי בשקית 100 ג' עלית,שטראוס קפה בי.ויn\.,,קפה עלית טורקי 100 ג,גרמים,100.00,100 גרם,false,1,8.90,8.90,true,1,
7290000176079,false,קפה עלית טורקי עם הל 100 גרם,הנסיך- מפעל לייצור ט,,קפה עלית טורקי עם הל,גרמים,100.00,100 גרם,false,1,8.90,8.90,true,1,
7290000176147,false,קפה לפילטר קלוי וטחון מוקה מספר 1 עלית 500 גרם,ELITE CAFE SP. ZO.O,,מוקה פילטר 500 גרם,גרמים,500.00,100 גרם,false,1,52.50,10.50,true,1,
7290000176413,false,קפה נמס אבקתי 50 ג' עלית,הנסיך- מפעל לייצור ט,,קפה נמס עלית 50 גרם,גרמים,50.00,100 גרם,false,1,12.60,25.20,true,1,
7290000176420,false,קפה נמס פחית עלית 200 גרם,שטראוס קפה בי.וי,,קפה נמס עלית 200 גרם,גרמים,200.00,100 גרם,false,1,19.90,9.95,true,1,
7290000178707,false,תפוצ'יפס בטעם טבעי 50 גרם,"שטראוס פריטו ליי בע""\מ )",,תפוציפס טבעי 50 גרם,גרמים,50.00,100 גרם,false,1,4.00,8.00,true,1,
7290000178721,false,תפוצ'יפס בטעם טבעי 200 גרם,"שטראוס פריטו ליי בע""\מ )",,תפוציפס טבעי 200 גרם,גרמים,200.00,100 גרם,false,1,9.90,4.95,true,1,
7290000185330,false,סילאן טבעי תמר כנרת 900 גר,טעמי הגליל,,סילאן טבעי תמר כנרת,גרמים,900.00,100 גרם,false,1,23.90,2.66,true,1,
7290000186030,false,מגבוני האגיס תחליב דיספנסר רביעייה,האגיס-מגבונים,,מגבוני האגיס תחליב ד,Unknown,0.00,Unknown,false,1,34.50,34.50,true,1,
7290000186535,false,נייר טואלט תלת שכבתי לבן לילי 32 יחידות,לילי נייר טואלט חוגלה,,לילי טריו לבן 32 גלי,מטרים,537.28,מטר,false,1,42.90,0.08,true,1,
7290000187938,false,לילי - נייר טואולט נייר טואלט פסטל 32 יח',לילי נייר טואלט חוגלה,,לילי פסטל 32 גלילים,מטרים,588.00,מטר,false,1,39.90,0.07,true,1,
7290000187952,false,נייר טואלט תלת שכבתי ורוד לילי 32 יחידות,לילי נייר טואלט חוגלה,,לילי טריו ורוד 32 גל,מטרים,537.28,מטר,false,1,42.90,0.08,true,1,
7290000188591,false,קוטקס מגן תחתון יאנג ביג 60 יחידות,חוגלה קימברלי,,מ. תחתון קוטקס סילק,Unknown,0.00,Unknown,false,1,23.90,23.90,true,1,
7290000189116,false,תבניות עגולות עבות במיוחד 5 יחידות ניקול,ניקול,,תבניות אינגליש קייק,Unknown,0.00,Unknown,false,1,10.90,10.90,true,1,
7290000189192,false,סופר מטלית מטליות נייר רב פעמיות ניקול 64 יחידות,קימברלי קולומביה,,סופר מגבת ניקול 64 י,מטרים,1.85,מטר,false,1,15.90,8.59,true,1,
7290000189260,false,תבניות מלבניות עבות וחזקות ניקול 5 יחידות,ניקול,,תבניות מלבניות 5 יח,Unknown,0.00,Unknown,false,1,10.90,10.90,true,1,
7290000189277,false,תבניות מלבניות עבות וחזקות ניקול 3 יחידות,בראבו,,תבניות מלבניות גדולו,Unknown,0.00,Unknown,false,1,10.90,10.90,true,1,
7290000189482,false,תבניות אפיה מרובעות מקרטון ניקול 4 יחידות,"דוקארט בעמ, קיבוץ כפ",,תבנית אפייה מקרטון מ,Unknown,0.00,Unknown,false,1,14.60,14.60,true,1,
7290000189536,false,שקיות אשפהעם שרוך 65*52 ניקול 40 יחידות,הורביץ סחר,,שקיות אשפה ניקול 40,Unknown,0.00,Unknown,false,1,19.80,19.80,true,1,
7290000189550,false,"שקיות אשפה ענקיות עם שרוך 78 * 90 ס""מ ניקול 2 * 10 יחידות",חוגלה קימברלי,,XXL ניקול שקיות אשפה,Unknown,0.00,Unknown,false,1,25.90,25.90,true,1,
7290000189598,false,מטליות לחות חד פעמיות לניקוי כללי 50 יח' ניקול,עלבד משואות יצחק בעמ,,ניקול מטלית לחות חד,Unknown,0.00,Unknown,false,1,11.90,11.90,true,1,
7290000189659,false,מטליות לחות לרצפה ניקול 10 יח'-מרכז,עלבד משואות יצחק בעמ,,ניקול מטליות לחות לר,Unknown,0.00,Unknown,false,1,10.90,10.90,true,1,
7290000189680,false,זוג מטליות לחות לרצפה ניקול,חוגלה קימברלי,,מארז זוג מטליות לחות,Unknown,0.00,Unknown,false,1,24.90,24.90,true,1,
7290000189734,false,מטליות לחות לניקוי פרקט ניקול 10 יחידות,עלבד משואות יצחק בעמ,,מטליות לחות לפרקטים,Unknown,0.00,Unknown,false,1,18.40,18.40,true,1,
7290000189871,false,"שקיות אשפה עם שרוך 52 * 65 ס""מ ניקול 55 שקיות","אשפלסט תעשיות בע""מ",,אשפתון מתכלה ניקול 5,Unknown,0.00,Unknown,false,1,19.90,19.90,true,1,
7290000190068,false,מפיות אירוח לבן 100 יחי' ניקול,חוגלה קימברלי,,מפיות ניקול 100,Unknown,0.00,Unknown,false,1,8.90,8.90,true,1,
7290000190853,false,לילי פיור נייר טואלט דו שכבתי לבן 30 גלילים,לילי נייר טואלט חוגלה,,לילי פיור נייר טואלט,מטרים,588.00,מטר,false,1,41.90,0.07,true,1,
7290000191539,false,חמישיית ממחטות טישו צבועני לילי 100 יחידות,חוגלה קימברלי,,ממחטות נייר לילי 5 י,Unknown,0.00,Unknown,false,1,14.90,14.90,true,1,
7290000191546,false,ממחטות טישו צבעוני 2 שכבות לילי מארז 100X3יח',חוגלה קימברלי,,לילי צבעוני 90 דף*3,Unknown,0.00,Unknown,false,1,10.50,10.50,true,1,
7290000191652,false,שלישיית ממחטות אולטרה סופט קלינקס 90 יחידות,חוגלה קימברלי,,קלינקס שלישייה,Unknown,0.00,Unknown,false,1,10.90,10.90,true,1,
7290000192581,false,מגבת נייר גליל כפול ניקול 12=6 גליל,חוגלה קימברלי,IL,נייר מגבת ניקול 6=12,מטרים,129.72,מטר,false,1,21.50,0.17,true,1,
7290000194837,false,ניקול - שקיות מזון + ידיות קשירה אקסטרה לארג' 200 יח',לחמנו,,שקיות מזון גדולות עם,Unknown,0.00,Unknown,false,1,15.60,15.60,true,1,
7290000195216,false,נייר אפייה בשקית ניקול 50 יחידות,ניקול,,נייר אפייה ניקול,Unknown,0.00,Unknown,false,1,11.90,11.90,true,1,
7290000195537,false,האגיס - מגבוני האגיס דיילי קר לא מבושם 64 יח' * 4,חוגלה קימברלי,,מגבוני האגיס רביעיה,Unknown,0.00,Unknown,false,1,19.90,19.90,true,1,
7290000195773,false,האגיס - מגבוני האגיס סנסטיב קר לא מבושם 64 יח' * 4,חוגלה קימברלי,,מגבוני האגיס קמומיל,Unknown,0.00,Unknown,false,1,19.90,19.90,true,1,
7290000196039,false,"מפות שולחן איריס ח""פ ניקול 2 יח'",חוגלה קימברלי,,מפות שולחן ניקול זוג,Unknown,0.00,Unknown,false,1,12.00,12.00,true,1,
7290000196343,false,מפת שולחן מהודרת ניקול 1 יחידה,חוגלה קימברלי,,מפת ניקול סטייל 1 יח,Unknown,0.00,Unknown,false,1,11.90,11.90,true,1,
7290000196763,false,"שקיות אשפה חזקות במיוחד עם שרוך 52 * 65 ס""מ ניקול 40 יחידות","אשפלסט תעשיות בע""מ",,השקית החזקה ניקול 40,Unknown,0.00,Unknown,false,1,25.90,25.90,true,1,
7290000197012,false,שקיות ריצ'רץ' אחסון למזון ניקול 15 יחידות,חוגלה קימברלי,,שקיות ריצרץ לטריות 1,Unknown,0.00,Unknown,false,1,13.40,13.40,true,1,
7290000197029,false,שקיות ריצ'רץ' רב תכליתיות ניקול 12 יחידות,קריות זול,,שקיות ריצרץ לאיחסון,Unknown,0.00,Unknown,false,1,13.40,13.40,true,1,
7290000197326,false,רדיד אלומניום ניקול זוגי 30X7.5מ',חוגלה קימברלי,,רדיד אלומיניום ניקול,מטרים,15.00,מטר,false,1,10.90,0.73,true,1,
7290000197340,false,"רדיד אלומניום ארוך 45 ס""מ רוחב ניקול 7.5 מטר",חוגלה קימברלי,,זוג רדיד ניקול ארוך,מטרים,15.00,מטר,false,1,21.90,1.46,true,1,
7290000197432,false,שקיות אוכל סנדביצ'ון ניקול מארז 150X2יח',"אשפלסט תעשיות בע""מ",,זוג סנדביצון ענק,Unknown,0.00,Unknown,false,1,13.90,13.90,true,1,
7290000197456,false,חיתולים פרידום דריי שלב 4 האגיס 44 יחידות,קימברלי קלארק ישראל,,האגיס פרידום דריי של,Unknown,0.00,Unknown,false,1,41.90,41.90,true,1,
7290000197463,false,חיתולים פרידום דריי שלב +4 האגיס 40 יחידות,קימברלי קלארק ישראל,,האגיס פרידום דריי של,Unknown,0.00,Unknown,false,1,41.90,41.90,true,1,
7290000197470,false,שקיות רב שימושיות מתכלות ניקול 250 יחידות,"אשפלסט תעשיות בע""מ",,שקיות רב שימושיות,Unknown,0.00,Unknown,false,1,13.80,13.80,true,1,
7290000197548,false,חיתולים פרידום דריי שלב 5 האגיס 36 יחידות,קימברלי קלארק ישראל,,האגיס פרידום דריי של,Unknown,0.00,Unknown,false,1,41.90,41.90,true,1,
7290000197654,false,שקיות אשפה ענקיות נשלפות 75*90 ניקול 50 יחידות,"אשפלסט תעשיות בע""מ",,אשפתון ניקול ענק 45,Unknown,0.00,Unknown,false,1,20.90,20.90,true,1,
7290000197678,false,חיתולי האגיס פרידום דריי שלב 6 30 יחידות,קימברלי קלארק ישראל,,האגיס פרידום דריי של,Unknown,0.00,Unknown,false,1,41.90,41.90,true,1,
7290000197753,false,ניילון נצמד אנטי בטקריאלי ניקול 30X2מ',חוגלה קימברלי,,זוג ניילון נצמד ניקו,מטרים,60.00,מטר,false,1,11.90,0.20,true,1,
7290000197876,false,תבניות אלומיניום קטנות עם מכסה ניקול 4 יחידות,חוגלה קימברלי,,מגשית חד פעמית ניקול,Unknown,0.00,Unknown,false,1,9.90,9.90,true,1,
7290000197883,false,תבניות אלומיניום גדולות ניקול 5 יחידות,חוגלה קימברלי,,מגשית 100 כסופה - חי,Unknown,0.00,Unknown,false,1,9.90,9.90,true,1,
7290000197982,false,"רדיד אלומיניום עבה 45 ס""מ רוחב ניקול 2 יח' 7.5 מטר",ניקול,,רדיד אלומיניום 7.5*4,מטרים,15.00,מטר,false,1,25.90,1.73,true,1,
7290000197999,false,רדיד אלומיניום עבה ניקול זוגי 30X7.5מ',קריות זול,,זוג רדיד ניקול עבה,מטרים,15.00,מטר,false,1,17.70,1.18,true,1,
7290000201795,false,"האגיס מגבונים לתינוק מבושם מארז, שלישיה * 64 יח'",חוגלה קימברלי,,מגבוני האגיס שלישייה,Unknown,0.00,Unknown,false,1,21.90,21.90,true,1,
7290000204253,false,מטליות רב שימושיות לניקיון ניקול 9 יחידות,נועם אורים-קיבוץ אור,,מטליות ניקול 9 יח,Unknown,0.00,Unknown,false,1,10.50,10.50,true,1,
7290000204512,false,מטליות לחות לניקוי רצפה בריח לימון ניקול 10 יחידות,עלבד משואות יצחק בעמ,,מטליות לחות לרצפה בר,Unknown,0.00,Unknown,false,1,10.90,10.90,true,1,
7290000204611,false,שישיית ספוגית הקסם ניקול 6 יחידות,חוגלה קימברלי,,ספוגית הקסם ניקול שי,Unknown,0.00,Unknown,false,1,13.80,13.80,true,1,
7290000205762,false,חיתולי האגיס אקסטרה קר מידה 3 48 יחידות,חוגלה קימברלי,,האגיס אקסטרה קייר מי,Unknown,0.00,Unknown,false,1,49.90,49.90,true,1,
7290000207063,false,רסק עגבניות פריכוז 28% 240 גרם יכין,היינץ צפון אמריקה מק,,פריכוז 240 גר,גרמים,240.00,100 גרם,false,1,4.90,2.04,true,1,
7290000207162,false,רוטב עגבניות מרכיב טבעי 100 ג' יכין,"זנלכל בע""\מ",IL,רוטב עגבניות יכין 10,גרמים,100.00,100 גרם,false,1,2.50,2.50,true,1,
7290000207438,false,עגבניות 2.5 A קוביות 850 גרם יכין,"זנלכל בע""\מ",,עגבניות 2.5 A קוביות,גרמים,850.00,100 גרם,false,1,9.90,1.16,true,1,
7290000208008,false,רסק פלפל חריף חריסה A2 יכין 550 ג',"זנלכל בע""\מ",,חריסה 550 גר יכין A/,גרמים,550.00,100 גרם,false,1,9.90,1.80,true,1,
7290000208022,false,עגבניות 2.5 A מרוסקות 850 גרם יכין,"זנלכל בע""\מ",,עגבניות 2.5 A מרוסק,גרמים,850.00,100 גרם,false,1,9.90,1.16,true,1,
7290000208077,false,אפונת גינה גדולה 550 גרם יכין,"זנלכל בע""\מ",,אפונת גינה רגילה 550,גרמים,550.00,100 גרם,false,1,8.50,1.55,true,1,
7290000208114,false,"אפונה וגזר יכין A2 פ""ק בית יוסף","זנלכל בע""\מ",,אפונה וגזר יכין 550,גרמים,550.00,100 גרם,false,1,8.50,1.55,true,1,
7290000208145,false,גרעיני תירס מתוק לייט 550 גרם יכין,"זנלכל בע""\מ",,תירס לייט יכין 550 ג,גרמים,550.00,100 גרם,false,1,9.90,1.80,true,1,
7290000208213,false,שעועית לבנה אפויה A2 ברוטב עגבניות יכין 560ג',היינץ צפון אמריקה מק,,שעועית יכין אפויה 58,גרמים,580.00,100 גרם,false,1,8.90,1.53,true,1,
7290000208220,false,"שעועית צ'לי יכין פ""ק A2 בית יוסף",היינץ צפון אמריקה מק,,שעועית צלי חריף A2,גרמים,550.00,100 גרם,false,1,9.90,1.80,true,1,
7290000208244,false,"בסיס לשקשוקה יכין A2 פ""ק בית יוסף","זנלכל בע""מ",,בסיס לשקשוקה יכין 57,גרמים,570.00,100 גרם,false,1,9.90,1.74,true,1,
7290000208251,false,שעועית ירוקה חתוכה יכין 550 גרם,"זנלכל בע""מ",,שעועית ירוקה יכין 56,גרמים,560.00,100 גרם,false,1,9.90,1.77,true,1,
7290000208329,false,גרעיני תירס מתוק 550 גרם יכין,"זנלכל בע""\מ",,תירס גרעינים 550 גר,גרמים,550.00,100 גרם,false,1,8.50,1.55,true,1,
7290000208336,false,רסק יכין 240גר 22% יכין בית יוסף,"זנלכל בע""\מ",,רוטב עגבניות יכין 24,גרמים,240.00,100 גרם,false,1,4.50,1.88,true,1,
7290000208343,false,עגבניות מרוסקות שום יכין A2.5 בית יוסף,היינץ צפון אמריקה מק,,עגבניות מרוסקות שום,גרמים,850.00,100 גרם,false,1,9.90,1.16,true,1,
7290000208367,false,עגבניות מרוסקות בזיליקום יכין A2.5 בית יוסף,זנלכל,,עגבניות מרוסקות בזיל,גרמים,800.00,100 גרם,false,1,9.90,1.24,true,1,
7290000208404,false,A2 פול מצרי 550 גרם יכין,"זנלכל בע""\מ",,פול יכין 560 גרם,גרמים,560.00,100 גרם,false,1,8.90,1.59,true,1,
7290000208428,false,חומוס יכין שלם 550 גר A/2,היינץ צפון אמריקה מק,,חומוס יכין שלם 550 ג,גרמים,550.00,100 גרם,false,1,8.90,1.62,true,1,
7290000208480,false,גרעיני תירס מתוק בטעם חמאה 550 גרם יכין,"זנלכל בע""\מ",,תירס בטעם חמאה יכין,גרמים,550.00,100 גרם,false,1,9.90,1.80,true,1,
7290000208534,false,גרעיני תירס מתוק לילדים 550 גרם יכין,"זנלכל בע""\מ",,תירס קיד יכין 550 גר,גרמים,550.00,100 גרם,false,1,9.90,1.80,true,1,
7290000208800,false,גרעיני תירס מתוק לילדים 400 גרם יכין,זנלכל,,תירס ואקום קיד 400 ג,גרמים,400.00,100 גרם,false,1,6.90,1.73,true,1,
7290000208855,false,רוטב לפסטה קלאסי 240 גרם יכין,"זנלכל בע""\מ",,רוטב לפסטה 260 גרם י,מיליליטרים,260.00,"100 מ""ל",false,1,6.50,2.50,true,1,
7290000208893,false,גרעיני תירס מתוק לייט 400 גרם יכין,היינץ צפון אמריקה מק,,תירס ואקום לייט 400,גרמים,400.00,100 גרם,false,1,6.90,1.73,true,1,
7290000208930,false,עגבניות מרוסקות בתוספת שום 240 גרם יכין,"זנלכל בע""מ",,עגבניות +שום 260 גרם,גרמים,260.00,100 גרם,false,1,6.50,2.50,true,1,
7290000208947,false,עגבניות מרוסקות 240 גרם יכין,היינץ צפון אמריקה מק,,עגבניות מרוסקות 260,גרמים,260.00,100 גרם,false,1,6.50,2.50,true,1,
7290000208978,false,רוטב עגבניות פריכוז יכין 100 גרם,"זנלכל בע""\מ",,רסק עגבניות פריכוז 1,גרמים,100.00,100 גרם,false,1,3.40,3.40,true,1,
7290000209012,false,חומץ 1ליטר יכין הדרים,"זנלכל בע""\מ",,חומץ הדרים 1 ליטר,מיליליטרים,1000.00,"100 מ""ל",false,1,5.90,0.59,true,1,
7290000209371,false,שלישיית תירס ואקום יכין 165 גרם,היינץ צפון אמריקה מק,,שלישיית תירס יכין 16,גרמים,165.00,100 גרם,false,1,14.90,9.03,true,1,
7290000209388,false,תירס מתוק לייט יכין 200 גרם מארז 3 יח',"זנלכל בע""\מ",,שלישיית תירס לייט יכ,גרמים,165.00,100 גרם,false,1,14.90,9.03,true,1,
7290000209708,false,עגבניות מרוסקות עם בזיליקום יכין 240 גרם,היינץ צפון אמריקה מק,,עגבניות +בזיליקום 26,גרמים,260.00,100 גרם,false,1,6.50,2.50,true,1,
7290000209722,false,רסק עגבניות 28% פריכוז 580 גרם יכין,"זנלכל בע""\מ",,רסק עגבניות פריכוז A,גרמים,580.00,100 גרם,false,1,10.90,1.88,true,1,
7290000209906,false,עגבניות מרוסקות בתוספת בצל 240 גרם יכין,זנלכל,,עגבניות מרוסקות עם ב,גרמים,260.00,100 גרם,false,1,6.50,2.50,true,1,
7290000209913,false,עגבניות חתוכות לקוביות 240 גרם יכין,"זנלכל בע""\מ",,עגבניות קוביות 260 ג,גרמים,260.00,100 גרם,false,1,6.50,2.50,true,1,
7290000209944,false,רוטב לעגבניות בסיס לשקשוקה 240 ג' יכין,"זנלכל בע""\מ",,רוטב עגבניות לשקשוק,גרמים,260.00,100 גרם,false,1,6.50,2.50,true,1,
7290000209951,false,רוטב עגבניות לפיצה 240 גרם יכין,"זנלכל בע""\מ",,רוטב עגבניות לפיצה,גרמים,260.00,100 גרם,false,1,6.50,2.50,true,1,
7290000209968,false,רוטב עגבניות ללזניה 260 גרם יכין,"זנלכל בע""\מ",,רוטב עגבניות ללזניה,גרמים,260.00,100 גרם,false,1,6.50,2.50,true,1,
7290000210469,false,עגבניות שלמות יכין A2.5 בית יוסף,זנלכל,,עגבניות 2.5 A שלמות,גרמים,850.00,100 גרם,false,1,9.90,1.16,true,1,
7290000210896,false,רוטב לפסטה בולונז 240 גרם יכין,"זנלכל בע""\מ",,רוטב בולונז 260 גרם,מיליליטרים,260.00,"100 מ""ל",false,1,6.50,2.50,true,1,
7290000211169,false,"אורז תאילנדי אחד אחד סוגת 1 ק""ג",האי נאם סי או אל.טי.,,"אורז תאילנדי 1 ק""ג",קילוגרמים,0.00,"ק""ג",false,1,7.90,7.90,true,1,
7290000211374,false,"קמח חיטה מלא סוגת 1 ק""ג",טחנת קמח דגן-שטיבל,,"קמח מלא 1 ק""ג סוגת",גרמים,1000.00,100 גרם,false,1,7.50,0.75,true,1,
7290000211442,false,"סוגת אורז פרסי קלאסי שקית 1 ק""ג",האי נאם סי או אל.טי.,,"אורז פרסי 1 ק""ג סוג",גרמים,1000.00,100 גרם,false,1,10.80,1.08,true,1,
7290000211503,false,סוכר לבן ארוז בשקית,"סוגת תעשיות בע""\מ",,"סוכר לבן 1 ק""ג",קילוגרמים,0.00,"ק""ג",false,1,4.60,4.60,true,1,
7290000211626,false,"אורז חיש 1 ק""ג סוגת","סוגת תעשיות בע""\מ",,"אורז חיש 1 ק""ג",גרמים,1000.00,100 גרם,false,1,11.40,1.14,true,1,
7290000211985,false,"אורז ריזוטו עגול סוגת 1 ק""ג","סוגת תעשיות בע""\מ",,אורז עגול 1 קג,גרמים,1000.00,100 גרם,false,1,9.90,0.99,true,1,
7290000238029,false,"בצק עלים צרפתי מרודד מעדנות 1 ק""ג",מיוצר עי קונדיטוריית,,"בצק עלים מרודד 1 ק""ג",גרמים,1000.00,100 גרם,false,1,21.90,2.19,true,1,
7290000238036,false,מלאווח בקופסא מעדנות 700 גרם,מיוצר עי קונדיטוריית,,מלאווח מעדנות 700 גר,גרמים,700.00,100 גרם,false,1,16.90,2.41,true,1,
7290000238173,false,בורקס גבינה מעדנות 800 גרם,מיוצר עי קונדיטוריית,,בורקס גבינה מעדנות,גרמים,800.00,100 גרם,false,1,19.90,2.49,true,1,
7290000238180,false,בורקס תפוחי אדמה מעדנות 800 גרם,מיוצר עי קונדיטוריית,,"בורקס תפו""א 800 גרם",גרמים,800.00,100 גרם,false,1,19.70,2.46,true,1,
7290000244051,false,"הוואי שלישיית סבון נוזלי משב טרופי 500 מ""ל",טרופיקל דגיל,,סבון נוזלי הוואי שמי,ליטרים,0.00,ליטר,false,1,19.40,19.40,true,1,
7290000244082,false,"הוואי שלישיית סבון נוזלי שמיים כחולים 500 מ""ל",טרופיקל דגיל,,סבון נוזלי הוואי שמי,ליטרים,0.00,ליטר,false,1,19.40,19.40,true,1,
7290000244143,false,"הוואי - קרם לאחר גילוח 120 מ""ל",טרופיקל דגיל קוסמטיק,,הוואי קרם לאחר גילוח,מיליליטרים,120.00,"100 מ""ל",false,1,22.50,18.75,true,1,
7290000244761,false,"קרם ידיים ולווטה 100 מ""ל",טרופיקל דגיל קוסמטיק,,קרם ידיים ולווטה 80,גרמים,80.00,100 גרם,false,1,12.90,16.13,true,1,
7290000245072,false,סוד מרכך כביסה בייבי סנסטיב 4 ליטר,"הנקל סוד בע""\מ",,סוד לתינוק 4 ל מרכך,ליטרים,0.00,ליטר,false,1,22.50,22.50,true,1,
7290000245157,false,סוד סופט מרכך כביסה סנסיישן 4 ליטר,"הנקל סוד בע""\מ",,סוד סנסיישן 4 ל מרכך,ליטרים,0.00,ליטר,false,1,22.50,22.50,true,1,
7290000245287,false,"פרסיל אבקת כביסה 1.250 ק""ג קולור ויניגר","הנקל סוד בע""מ",,אב.כביסה פרסיל קולור,קילוגרמים,0.00,"ק""ג",false,1,19.30,19.30,true,1,
7290000245294,false,"א.כ. פרסיל סופרא שקית 2.5 ק""ג","הנקל סוד בע""\מ",,אבקת כביסה פרסיל 2.5,קילוגרמים,0.00,"ק""ג",false,1,29.50,29.50,true,1,
7290000245515,false,"א.כ סוד קומפקט ביואקטיב פרפריום 1.25 ק""ג","הנקל סוד בע""מ",,א.כ סוד קומפקט ביואק,קילוגרמים,0.00,"ק""ג",false,1,14.90,14.90,true,1,
7290000245799,false,סוד סופט מרכך כביסה כחול 4 ליטר,"הנקל סוד בע""\מ",,סוד כחול מרענן 4 ל מ,ליטרים,0.00,ליטר,false,1,22.50,22.50,true,1,
7290000253374,false,מיני שוקולד צ'יפס 250 גרם- 66% מוצקי קקאו,אופנהיימר,IL,מיני שוקולד ציפס 250,גרמים,250.00,100 גרם,false,1,15.60,6.24,true,1,
7290000262031,false,נייר טואלט מולט לב 32 גלילים,חוגלה קימברלי,,נייר טואלט מולט 32 ג,מטרים,588.80,מטר,false,1,29.90,0.05,true,1,
7290000262239,false,נייר טואלט מולט 48 גלילים,קימברלי-קלארק,,נ. טואלט מולט 48 לב,מטרים,883.00,מטר,false,1,44.90,0.05,true,1,
7290000267043,false,שקדים מולבנים פרוסים השף 100 גרם,"דין שיווק וקלייה בע""",,שקד מולבן פרוס 100 ג,גרמים,100.00,100 גרם,false,1,12.80,12.80,true,1,
7290000267050,false,שקדים טבעיים טחונים השף 100 גרם,"דין שיווק וקליה בע""מ",,שקד מולבן טחון 100 ג,גרמים,100.00,100 גרם,false,1,12.80,12.80,true,1,
7290000267500,false,קליפות הדר מצופות שוקולד מריר שקדיה 200 גרם,"דין שיווק וקלייה בע""",,קליפות הדר מצופות בש,גרמים,200.00,100 גרם,false,1,13.10,6.55,true,1,
7290000267678,false,גרעיני דלעת טבעי קלוף שקדיה 150 ג',"דין שיווק וקלייה בע""",,גרעין דלעת טבעי קלוף,גרמים,150.00,100 גרם,false,1,13.50,9.00,true,1,
7290000272443,false,סירופ דיאט בטעם תפוזים עסיס 1 ליטר,בית-השיטה עסיס תעשיות מז,,סירופ דיאט תפוזים 1,מיליליטרים,1000.00,"100 מ""ל",false,1,20.90,2.09,true,1,
7290000272696,false,מיץ לימון עסיס משומר 1 ליטר-בקבוק,בית-השיטה עסיס תעשיות מז,,מיץ לימון עסיס משומר,מיליליטרים,1000.00,"100 מ""ל",false,1,12.50,1.25,true,1,
7290000272726,false,חומץ רכיבים רכיבים טבעיים 5% עסיס 1 ליטר,בית-השיטה עסיס תעשיות מז,,חומץ טבעי עסיס 5% -1,מיליליטרים,1000.00,"100 מ""ל",false,1,6.90,0.69,true,1,
7290000286228,false,ספוגיות לניקוי כללי סנו סושי 6 יחידות,סנו מפעלי ברונו בעמ,,סנו סושי כרית יפנית,Unknown,0.00,Unknown,false,1,10.90,10.90,true,1,
7290000286297,false,"אנטי קאלק מסיר אבנית מקומקום סנו 700 מ""ל",סנו מפעלי ברונוס בעמ,,סנו אנטי קאלק מסיר א,מיליליטרים,700.00,"100 מ""ל",false,1,11.90,1.70,true,1,
7290000286549,false,מטליות לניקוי כללי סנו סושי 9 יחידות,נועם אורים תעשיות בע,,סנו סושי מטלית לכל 9,Unknown,0.00,Unknown,false,1,10.20,10.20,true,1,
7290000286594,false,אבקה לניקוי במיכל לימון X סנו 600 גרם,סנו מפעלי ברונוס בעמ,,סנו איקס לימון במיכל,גרמים,600.00,100 גרם,false,1,11.40,1.90,true,1,
7290000286761,false,ניילון נצמד סנו סושי פלסטיק מארז 30X2 מ',מיוצר עי קונדיטוריית,,ניילון נצמד פלוס ללא,מטרים,30.00,מטר,false,1,10.90,0.36,true,1,
7290000287102,false,"ספריי שמפו לניקוי שטיחים סנו 600 מ""ל",מיוצר עי קונדיטוריית,,סנו שמפו שטחים,מיליליטרים,600.00,"100 מ""ל",false,1,26.90,4.48,true,1,
7290000287607,false,"אקוה בלו סבון לניאגרה סנו 150 מ""ל",סנו מפעלי ברונוס בעמ,,סנו בלו גדול,גרמים,150.00,100 גרם,false,1,23.90,15.93,true,1,
7290000287621,false,"אנטי קאלק נוזל לניקוי אסלות סנו 750 מ""ל",מיוצר עי קונדיטוריית,,סנו אנטי קאלק לאסלה,מיליליטרים,750.00,"100 מ""ל",false,1,15.20,2.03,true,1,
7290000288017,false,אקונומיקה בריח לימון סנו ז'אוול 1 ליטר,"סנו מפעלי ברונוס בע""",,סנו זאוול לימון 1 לי,מיליליטרים,1000.00,"100 מ""ל",false,1,8.30,0.83,true,1,
7290000288024,false,סנו - ז'אוול אקונומיקה בריח לימון 4 ליטר,"סנו מפעלי ברונוס בע""מ",,סנו זאוול לימון 4 לי,ליטרים,0.00,ליטר,false,1,16.90,16.90,true,1,
7290000288048,false,סנו זאוול מרסס מונבלאן 1 ליטר,"סנו מפעלי ברונוס בע""מ",,סנו זאוול מרסס מונבל,מיליליטרים,1000.00,"100 מ""ל",false,1,18.90,1.89,true,1,
7290000288109,false,"אבקת כביסה מקסימה אפקט ג''אוול 1.25 ק""ג סנו",סנו מפעלי ברונוס בעמ,,סנו מקסימה א. זאוול,קילוגרמים,0.00,"ק""ג",false,1,14.90,14.90,true,1,
7290000288352,false,"קוטל חרקים וזוחלים K-300 סנו 630 מ""ל","סנו מפעלי ברונוס בע""מ",,K-300,מיליליטרים,600.00,"100 מ""ל",false,1,20.90,3.48,true,1,
7290000288390,false,"קוטל זבובים ויתושים K-600 סנו 500 מ""ל","סנו מפעלי ברונוס בע""מ",,K600,מיליליטרים,500.00,"100 מ""ל",false,1,23.90,4.78,true,1,
7290000288642,false,מקסימה מרכך כביסה סנסיטיב בייבי סנו 4 ליטר,"סנו מפעלי ברונוס בע""\מ",,סנו מקסימה מרכך כביס,ליטרים,0.00,ליטר,false,1,19.90,19.90,true,1,
7290000289069,false,סנו - ז'אוול מרסס קצף ניקוי בתוספת אקונומיקה בריח לימון 1 ליטר,"סנו מפעלי ברונוס בע""מ",,סנו זאוול מרסס לימון,מיליליטרים,1000.00,"100 מ""ל",false,1,18.90,1.89,true,1,
7290000289236,false,K3 נמלים פיתיון ג'ל - קוטל נמלים בבית ובחצר,"סנו מפעלי ברונוס בע""\מ",IL,קוטל נמלים בבית ובחצ,גרמים,10.00,100 גרם,false,1,49.90,499.00,true,1,
7290000289380,false,"סנו - ז'אוול לניקוי אסלות לימון 750 מ""ל",סנו מפעלי ברונוס בעמ,IL,גל ניקוי אסלה סנו זא,מיליליטרים,750.00,"100 מ""ל",false,1,15.60,2.08,true,1,
7290000289472,false,סנו סושי שקיות אשפה - 50 יחידות,מיוצר עי קונדיטוריית,,סנו סושי שקיות אשפה,Unknown,0.00,Unknown,false,1,18.90,18.90,true,1,
7290000289496,false,"סנו - ז'אוול ג'ל קרם לניקוי כללי לימון 750 מ""ל","סנו מפעלי ברונוס בע""\מ",,סנו זאוול גל קרם לימ,מיליליטרים,750.00,"100 מ""ל",false,1,14.20,1.89,true,1,
7290000289748,false,"מסיר שומנים לתנורים פורטה פלוס סנו 750 מ""ל","סנו מפעלי ברונוס בע""\מ",,סנו פורטה פלוס 750 מ,מיליליטרים,750.00,"100 מ""ל",false,1,14.50,1.93,true,1,
7290000289885,false,"מטהר אוויר ענק אושנבריז סנו פרש 375 מ""ל","סנו מפעלי ברונוס בע""\מ",,סנופרש יבש אושן,מיליליטרים,375.00,"100 מ""ל",false,1,11.90,3.17,true,1,
7290000291963,false,אקונומיקה סמיכה בריח לימון סנו ז'אוול 1 ליטר,סנו JAVEL,,סנו זאוול סמיכה 1 לי,מיליליטרים,1000.00,"100 מ""ל",false,1,8.30,0.83,true,1,
7290000292007,false,K3 פיתיון ג'ל קוטל תיקנים (ג'וקים) בבית ובחצר,מיוצר עי קונדיטוריית,,פיתיון גל K3 לקטילת,גרמים,10.00,100 גרם,false,1,49.90,499.00,true,1,
7290000292311,false,פוליויקס נוזל רצפות בניחוח סחלבים סנו 2 ליטר,"סנו מפעלי ברונוס בע""\מ",,סנו פוליויקס סחלבים,ליטרים,0.00,ליטר,false,1,22.90,22.90,true,1,
7290000292687,false,סנובון מוצק לניקוי אסלה קלאסיק כחול סנו 3 יחידות,מיוצר עי קונדיטוריית,,סנובון כחול שלישייה,Unknown,0.00,Unknown,false,1,16.90,16.90,true,1,
7290000292915,false,"תרסיס לניקוי כללי רסס ונגב סנו 750 מ""ל","סנו מפעלי ברונוס בע""\מ",,סנו רסס ונגב 750 מל,מיליליטרים,750.00,"100 מ""ל",false,1,13.90,1.85,true,1,
7290000293073,false,מקסימה מרכך כביסה ביו לבן סנו 4 ליטר,"סנו מפעלי ברונוס בע""\מ",,סנו מקסימה מרכך כביס,ליטרים,0.00,ליטר,false,1,19.90,19.90,true,1,
7290000293516,false,"מתקן סופג לחות ומונע עובש ""סנופרש""","סנו מפעלי ברונוס בע""\מ",,סנו סופג לחות קופסה,Unknown,0.00,Unknown,false,1,30.50,30.50,true,1,
7290000293561,false,"תרסיס להסרת כתמי עובש עם אקונומיקה סנו 750 מ""ל","סנו מפעלי ברונוס בע""\מ",,סנו עובש,מיליליטרים,750.00,"100 מ""ל",false,1,15.90,2.12,true,1,
7290000293820,false,"קרמה מן שמפו וג'ל גל רחצה אקטיב בלוק 700מ""ל",גוד פוד פרודקטס S.p,,גל רחצה קרמה מן אקטי,מיליליטרים,700.00,"100 מ""ל",false,1,20.90,2.99,true,1,
7290000293943,false,"מרסס לבן מסיר אבנית 1 ליטר אנטי קאלק ""סנו""",מיוצר עי קונדיטוריית,,מרסס סנו אנטי קאלק 1,מיליליטרים,1000.00,"100 מ""ל",false,1,17.90,1.79,true,1,
7290000294780,false,אקונומיקה סמיכה בריח לימון סנו ז'אוול 4 ליטר,"סנו מפעלי ברונוס בע""מ",,סנו זאוול סמיכה 4 לי,ליטרים,0.00,ליטר,false,1,16.90,16.90,true,1,
7290000295299,false,סנו סושי כריות הפלא רב תכלתיות רביעייה,סנו מפעלי ברונו בעמ,,סנו סושי כריות הפלא,Unknown,0.00,Unknown,false,1,9.50,9.50,true,1,
7290000295336,false,סנו מקסימה אבקת כביסה סנסטיב מילוי1.25,סנו מפעלי ברונוס בעמ,,סנו מקסימה סנסטיב שק,קילוגרמים,0.00,"ק""ג",false,1,14.90,14.90,true,1,
7290000295343,false,"אבקת כביסה מקסימה ביו 1.25 ק""ג סנו",סנו מקסימה,,סנו מקסימה ביו שקית,קילוגרמים,0.00,"ק""ג",false,1,14.90,14.90,true,1,
7290000295367,false,"מקסימה אבקת כביסה אפקט ז'אוול סנו 2.5 ק""ג",סנו מקסימה,,סנו מקסימה א.זאוול 2,קילוגרמים,0.00,"ק""ג",false,1,31.50,31.50,true,1,
7290000295404,false,שקיות אשפה עם שרוך 54 * 65 סנו סושי 60 יחידות,מיוצר עי קונדיטוריית,,סנו סושי אשפה 60 שק,Unknown,0.00,Unknown,false,1,21.90,21.90,true,1,
7290000295503,false,זוג שקיות מזון טבע 19*25 סנו סושי 150 יחידות,"אשפלסט תעשיות בע""מ",,סנו סושי 150 שקיות ב,Unknown,0.00,Unknown,false,1,13.90,13.90,true,1,
7290000295558,false,"רדיד אלומיניום רוחב 30 ס""מ סנו סושי 2 יח' 7.5 מטר",מולינו ניקולי s.p.a,,סנו סושי צמד רדידי א,מטרים,15.00,מטר,false,1,10.90,0.73,true,1,
7290000295565,false,"רדיד אלומיניום רוחב 45 ס""מ סנו 2 יח' 7.5 מטר",בורסה פאזרי,,צמד רדיד אלומיניום 7,מטרים,15.00,מטר,false,1,16.90,1.13,true,1,
7290000295572,false,"מארז זוגי מנקה אסלות 00 סנו 750 מ""ל",מיוצר עי קונדיטוריית,,סנו מנקה אסלות 00 75,ליטרים,0.00,ליטר,false,1,22.90,22.90,true,1,
7290000295749,false,ספוג סאקי מסאז' כיף 1 יחידה,גוד פוד פרודקטס S.p,,סנו ספוג סאקי מסאז,Unknown,0.00,Unknown,false,1,12.50,12.50,true,1,
7290000300900,false,שניצל תירס מרכיבים טבעיים טבעול 750 גרם,עיצובים 2020 (4.8),,שניצל תירס 750 גרם,גרמים,750.00,100 גרם,false,1,24.90,3.32,true,1,
7290000303581,false,פול מצרי A-2 פרי הגליל 560ג',"פרי הגליל בע""""מ",,פול מצרי A2,גרמים,668.00,100 גרם,false,1,6.90,1.03,true,1,
7290000303598,false,שעועית לבנה ברוטב עגבניות פרי הגליל 570 גרם,"פרי הגליל בע""""מ",,שעועית לבנה אפויה במ,גרמים,550.00,100 גרם,false,1,7.90,1.44,true,1,
7290000303604,false,חומוס גרגירים 560 ג' פרי הגליל,"פרי הגליל בע""""מ",,חומוס שלם A2 פרי גלי,גרמים,550.00,100 גרם,false,1,7.90,1.44,true,1,
7290000307015,false,אפונת גינה בינונית פרי הגליל 550 גרם,"פרי הגליל בע""""מ",,אפונת גינה גדול 550,גרמים,550.00,100 גרם,false,1,7.90,1.44,true,1,
7290000307046,false,אפונת גינה וגזר פרי הגליל 550 גרם,"פרי הגליל בע""""מ",,אפונת גינה וגזר 550,גרמים,550.00,100 גרם,false,1,7.90,1.44,true,1,
7290000307220,false,גרעיני תירס מתוק בואקום פרי הגליל 285 גרם,"פרי הגליל בע""""מ",,תירס מתוק בואקום OZ,גרמים,450.00,100 גרם,false,1,6.90,1.53,true,1,
7290000307237,false,גרעיני תירס מתוק פרי הגליל 550 גרם,"פרי הגליל בע""""מ",,תירס מתוק 550 גר A2,גרמים,550.00,100 גרם,false,1,7.90,1.44,true,1,
7290000307343,false,שעועית ירוקה חתוכה פרי הגליל 550 גרם,"פרי הגליל בע""""מ",,שעועית ירוקה חתוכה A,גרמים,680.00,100 גרם,false,1,7.80,1.15,true,1,
7290000311128,false,מן עוגיות בטעם חמאה 300 גרם*נ.ל.פ,תות ממתקי איכות,,מן עוגיות בטעם חמאה,גרמים,300.00,100 גרם,false,1,8.90,2.97,true,1,
7290000311715,false,מן עוגיות כוכבים בטעם שוקולד 300 גרם*נ.ל.פ,תות ממתקי איכות,,מן עוגיות בטעם שוקו,גרמים,500.00,100 גרם,false,1,8.90,1.78,true,1,
7290000311869,false,מן וופלים שוקולד ללא תוספת סוכר 180 גר,תות ממתקי איכות,IL,וופל בטעם שוקולד ללת,גרמים,180.00,100 גרם,false,1,8.90,4.94,true,1,
7290000311876,false,מן-וופלים בטעם וניל ללא תוספת סוכר 180ג,"רוקחמן בע""מ",IL,"וופל בטעם וניל ללת""ס",גרמים,180.00,100 גרם,false,1,8.90,4.94,true,1,
7290000313160,false,זהבה ושלושת הדובים עוגיות בטעם שוקולד אסם 350 גרם,"הגביע מוצרי וופלים בע""\מ",,עוגיות חברים זהבה 3,גרמים,250.00,100 גרם,false,1,9.90,3.96,true,1,
7290000315126,false,קנור ציר עוף משחתי 300 ג,יוניליוור ישראל מזון בע\,,ציר עוף 300 גרם קנור,גרמים,300.00,100 גרם,false,1,26.50,8.83,true,1,
7290000315133,false,קנור ציר בקר משחתי 300ג,יוניליוור ישראל מזון בע\,,ציר בקר 300 גרם קנור,גרמים,300.00,100 גרם,false,1,26.50,8.83,true,1,
7290000334325,false,ציפס למיקרו מארז שלישיה 125 ג' תפוגן,"תעשיות תפוגן בע""\מ",,שלישית ציפס למיקרו ת,Unknown,0.00,Unknown,false,1,13.80,13.80,true,1,
7290000334684,false,תפוגן טבעות בצל 700 גרם,"תעשיות תפוגן בע""\מ",,טבעות בצל 700 גרם תפ,גרמים,700.00,100 גרם,false,1,17.90,2.56,true,1,
7290000334745,false,"אמריקאן צ'יפס תפוגן 1.5 ק""ג","תעשיות תפוגן בע""מ",,תפוגן אמריקן ציפס 1.,קילוגרמים,0.00,"ק""ג",false,1,26.50,26.50,true,1,
7290000339566,false,בדין מרכך כביסה ורוד 4 ליטר,יוניליור ישראל טיפוח איש,,בדין 4 ליטר ורוד,ליטרים,0.00,ליטר,false,1,19.90,19.90,true,1,
7290000342832,false,בדין מרכך כביסה 4 ליטר צהוב,יוניליוור פארם,IL,מרכך כביסה בדין צהוב,ליטרים,0.00,ליטר,false,1,19.90,19.90,true,1,
7290000345048,false,תה ויסוצקי 74 - 125 גרם,תה ויסוצקי,,תה ויסוצקי 74 125 גר,גרמים,125.00,100 גרם,false,1,15.50,12.40,true,1,
7290000345260,false,תה קלאסיק מעטפות ויסוצקי 25 יחידות,מולינו ניקולי s.p.a,,תה ויסוצקי 25 שקיקים,Unknown,0.00,Unknown,false,1,8.40,8.40,true,1,
7290000345277,false,תה קלאסיק מעטפות ויסוצקי 50 יחידות,מולינו ניקולי s.p.a,IL,תה ויסוצקי קלאסיק 50,Unknown,0.00,Unknown,false,1,14.60,14.60,true,1,
7290000345284,false,תה ויסוצקי קלאסי אריזה ירוקה מרובעת (100 שקיקים),מולינו ניקולי s.p.a,IL,תה קלאסיק 100 שקיקים,גרמים,150.00,100 גרם,false,1,16.90,11.27,true,1,
7290000345291,false,תה ארל גריי 25 שקיקים ויסוצקי,תה ויסוצקי,,תה ארל גריי 25 שקיקי,Unknown,0.00,Unknown,false,1,16.60,16.60,true,1,
7290000345307,false,תה ארל גריי 50 שקיקים ויסוצקי,מולינו ניקולי s.p.a,,תה ארל גריי 50 שקיקי,Unknown,0.00,Unknown,false,1,29.90,29.90,true,1,
7290000345536,false,תה נענע ויסוצקי 25 יחידות,מולינו ניקולי s.p.a,,תה נענע 25 שקיקים 1.,Unknown,0.00,Unknown,false,1,21.90,21.90,true,1,
7290000346021,false,חליטת קמומיל הגן הקסום ויסוצקי 50 יחידות,בית ויסוצקי,,חליטת קמומיל בבונג ג,Unknown,0.00,Unknown,false,1,35.90,35.90,true,1,
7290000346120,false,חליטת קינמון הגן הקסום ויסוצקי 25 יחידות,תה ויסוצקי,,חליטת קסם הקינמון 25,Unknown,0.00,Unknown,false,1,18.90,18.90,true,1,
7290000346168,false,הגן הקסום חליטת שומר ויסוצקי 25 יחידות,תה ויסוצקי,,חליטת שומר 25 שקיקים,Unknown,0.00,Unknown,false,1,18.90,18.90,true,1,
7290000346199,false,חליטת פירות יער הגן הקסום ויסוצקי 25 יחידות,תה ויסוצקי,,חליטת פירות היער 25,Unknown,0.00,Unknown,false,1,18.90,18.90,true,1,
7290000346205,false,חליטת קמומיל הגן הקסום ויסוצקי 25 יחידות,תה ויסוצקי,,חליטת קמומיל 25 שקיק,Unknown,0.00,Unknown,false,1,18.90,18.90,true,1,
7290000346212,false,חליטת מנטה הגן הקסום ויסוצקי 25 יחידות,תה ויסוצקי,,תה בטעם מנטה 25 שקיק,Unknown,0.00,Unknown,false,1,18.90,18.90,true,1,
7290000346229,false,הגן הקסום תה ורד הבר והיביסקוס ויסוצקי 25 יחידות,תה ויסוצקי,,חליטת ורד הבר 25 שקי,Unknown,0.00,Unknown,false,1,18.90,18.90,true,1,
7290000347738,false,תה ירוק נענע ויסוצקי 25 יחידות,תה ויסוצקי,,תה ירוק נענע 25 שקיק,Unknown,0.00,Unknown,false,1,24.90,24.90,true,1,
7290000347752,false,תה ירוק לימונית ולואיזה 25 שקיקים *1.5 ג'' ויסוצקי,תה ויסוצקי,,תה ירוק לימונית לואי,Unknown,0.00,Unknown,false,1,24.90,24.90,true,1,
7290000363202,false,נקניק סלמי מעושן גליל שלם טירת צבי,הנסיך- מפעל לייצור ט,,נקניק גליל 700 גרם,גרמים,700.00,100 גרם,false,1,27.90,3.99,true,1,
7290000364278,false,דקניקים סלסולי סלמי איטלקי משובח טירת צבי 120 גרם,הנסיך- מפעל לייצור ט,,סלסולי סלמי איטלקי,גרמים,120.00,100 גרם,false,1,14.90,12.42,true,1,
7290000364285,false,דקניקים סלסולי פסטרמה הודו טירת צבי 120 גרם,הנסיך- מפעל לייצור ט,,סלסולי פסטרמה הודו,גרמים,120.00,100 גרם,false,1,14.90,12.42,true,1,
7290000364803,false,נקניקיות בקר אמריקאיות טירת צבי 500 גרם,הנסיך- מפעל לייצור ט,,נקניקיות קרנץ אמריקא,גרמים,500.00,100 גרם,false,1,27.90,5.58,true,1,
7290000364810,false,נקניקיות עגל 500 גרםטירת צבי,הנסיך- מפעל לייצור ט,,נקניקיות עגל 500 גרם,גרמים,500.00,100 גרם,false,1,26.90,5.38,true,1,
7290000364858,false,"נקניקיות עוף טרי טירת צבי 1 ק""ג",הנסיך- מפעל לייצור ט,,טירת צבי נקניקיות עו,קילוגרמים,0.00,"ק""ג",false,1,22.90,22.90,true,1,
7290000364872,false,נקניקיות עוף טירת צבי 400 גרם,טיב טירת צבי 2000,,נקניקיות עוף 400 גרם,גרמים,400.00,100 גרם,false,1,13.90,3.48,true,1,
7290000364957,false,נקניקיות עוף מיני מיני טירת צבי 700 גרם,הנסיך- מפעל לייצור ט,,נקניקיות מיני מיני ע,גרמים,700.00,100 גרם,false,1,24.90,3.56,true,1,
7290000365398,false,חזה הודו בדבשטירת צבי,טירת- צבי,,חזה הודו בדבש,Unknown,0.00,"ק""ג",true,0,85.00,85.00,true,1,
7290000367590,false,פסטרמה כפרית וסלמי פריזר כפרי טירת צבי 2*400 גרם,טיב טירת צבי 2000,,צמד כפרי טירת צבי,גרמים,800.00,100 גרם,false,1,26.90,3.36,true,1,
7290000377452,false,גרעיני אבטיח קלויים ומלוחים קלית גת 200,הדקלאים אגודת שיתופי,,גרעיני אבטיח שקית 20,גרמים,200.00,100 גרם,false,1,14.60,7.30,true,1,
7290000408316,false,יוגורט דנונה דל לקטוז 200 גרם,מיוצר עי קונדיטוריית,,דנונה דל לקטוז,גרמים,200.00,100 גרם,false,1,3.70,1.85,true,1,
7290000408354,false,יוגורט עם אורז מצופה שוקולד קקאו 175 ג' דנונה,"שטראוס בריאות בע""\מ",,דנונה בר פצפוצים 173,גרמים,173.00,100 גרם,false,1,4.60,2.66,true,1,
7290000412481,false,נוזל לניקוי אסלות 00 סנו 1 ליטר,מיוצר עי קונדיטוריית,,סנו מנקה אסלות 00 1,מיליליטרים,1000.00,"100 מ""ל",false,1,8.90,0.89,true,1,
7290000412764,false,"פזטוקס קוטל חרקים סנו 630 מ""ל",קריות זול,,פזטוקס מעופפים,מיליליטרים,630.00,"100 מ""ל",false,1,19.90,3.16,true,1,
7290000416021,false,ממרח בטעם שוקולד השחר חלבי 500,השחר העולה,,ממרח השחר 500 גרם,גרמים,500.00,100 גרם,false,1,13.90,2.78,true,1,
7290000416045,false,"ממרח בטעם שוקולד השחר 1 ק""ג",השחר העולה תעשייות מ,,"ממרח השחר 1 ק""ג",גרמים,1000.00,100 גרם,false,1,24.90,2.49,true,1,
7290000419107,false,לנדוור קפה מקורי לבוקר טחון טורקי 100 גרם,"קפה לנדוור בע""\מ",,קפה לנדור כחול 100 ג,גרמים,100.00,100 גרם,false,1,8.30,8.30,true,1,
7290000419220,false,מארז קפה לנדוור לבוקר 3 יח 100 גרם,קפה לנדוור,,מארז קפה לנדוור לבוק,גרמים,300.00,100 גרם,false,1,23.90,7.97,true,1,
7290000419374,false,לנדוור לבוקר קפה טחון טורקי 3*100 גרם 16 יח',קפה לנדוור,,מארז קפה טחון המקורי,גרמים,300.00,100 גרם,false,1,23.90,7.97,true,1,
7290000419909,false,לנדוור קפה שחור לבוקר טחון טורקי 100 גרם,מולינו ניקולי s.p.a,,קפה לנדוור טעם אקספר,גרמים,100.00,100 גרם,false,1,8.30,8.30,true,1,
7290000420417,false,גלילונית שקיות אשפה 52X65 עם שרוך 60 יחידות,"איטיליאן פוד, אס.פי.",,גלילונית + שרוך 60,Unknown,0.00,Unknown,false,1,19.90,19.90,true,1,
7290000430102,false,קוביות קרח בשקית מיסטר אייס 2 קילו,"אייס (קיובס) בע""מ -",,"קוביות קרח 2 ק""ג",קילוגרמים,0.00,"ק""ג",false,1,10.90,10.90,true,1,
7290000446547,false,חמאת בוטנים טבעית בטר אנד דיפרנט 350 גרם,"בטר אנד דיפרנט בע""מ",,חמאת בוטנים טבעית בט,גרמים,350.00,100 גרם,false,1,14.20,4.06,true,1,
7290000446554,false,"חמאת בוטנים טבעית בטר אנד דיפרנט 1 ק""ג",בטר אנד דיפרנט B&D,,חמאת בוטנים טבעית בט,גרמים,1000.00,100 גרם,false,1,26.90,2.69,true,1,
7290000453019,false,שמרים טריים לאפייה שקית שמרית 50 ג',"פאקא תעשיות בע""\מ",,שמרית בשקית 50 גרם,גרמים,50.00,100 גרם,false,1,4.90,9.80,true,1,
7290000453385,false,שמרים יבשים פארא אינסטנט 500 גרם עלית,פאקא תעשיות בעמ,,שמרים יבשים פארא אינ,גרמים,500.00,100 גרם,false,1,14.90,2.98,true,1,
7290000453408,false,בצק פיצה דק מצונן ומוכן לאפייה שמרית 415 גרם,"פאקא תעשיות בע""מ",FR,בצק פיצה דק מצונן,גרמים,415.00,100 גרם,false,1,17.50,4.22,true,1,
7290000453415,false,בצק עלים מצונן ומוכן לאפייה שמרית 300 גרם,"פאקא תעשיות בע""מ",FR,בצק עלים מצונן ומוכן,גרמים,300.00,100 גרם,false,1,15.90,5.30,true,1,
7290000453422,false,בצק פילו מצונן ומוכן לאפייה שמרית 300 גרם,"פאקא תעשיות בע""מ",FR,בצק פילו מוכן לאפיה,גרמים,300.00,100 גרם,false,1,16.70,5.57,true,1,
7290000453798,false,שמרים יבשים אקטיביים שימרית 500 ג',"גי' בי' רכיבים בע""מ",,שמרים יבשים אקטיבים,גרמים,500.00,100 גרם,false,1,16.90,3.38,true,1,
7290000461700,false,בייגלה שמיניות גדולות מלוחות 400 גרם,בייגל את בייגל מזון 198),,בייגל גדול גדול 400,גרמים,400.00,100 גרם,false,1,16.70,4.18,true,1,
7290000462103,false,סחוג תימני אדום חריף עדין זהבי הכרם 150 גרם,קריניסה ויטמין אס אי,,סחוג זהבי אדום 150 ג,גרמים,150.00,100 גרם,false,1,9.90,6.60,true,1,
7290000462141,false,סחוג אדום תימני מקורי חריף מאוד זהבי 150 גרם,קריניסה ויטמין אס אי,,זחוק אדום מריף מאוד,גרמים,350.00,100 גרם,false,1,10.40,2.97,true,1,
7290000467153,false,מלך החומוס סמיר הגדול 400 גרם צבר,סלטי צבר,,חומוס סמיר הגדול 400,גרמים,400.00,100 גרם,false,1,13.90,3.48,true,1,
7290000467320,false,מלך החומוס אבו מרוואן 400 גרם,סלטי צבר,,חומוס אבו מרוואן 400,גרמים,400.00,100 גרם,false,1,13.90,3.48,true,1,
7290000474373,false,"שמנת חמוצה 15% שומן 200 מ""ל טרה",קריות זול,,"שמנת חמוצה 200 מ""ל",מיליליטרים,200.00,"100 מ""ל",false,1,2.40,1.20,true,1,
7290000474540,false,טוב טעם גבינה לבנה 3% טרה 250 גרם,קריות זול,,טוב טעם 250 גרם,גרמים,250.00,100 גרם,false,1,11.90,4.76,true,1,
7290000480107,false,קוואקר שיבולת שועל פחית 500 גרם,וולקרס סנקס לימיטד,,קוואקר שיבולת שועל פ,גרמים,500.00,100 גרם,false,1,12.90,2.58,true,1,
7290000480442,false,קוואקר שיבולת שועל בשקית 500 גרם,פריטו ליי FRITO-LAY,,קוואקר 500 גרם שקית,גרמים,500.00,100 גרם,false,1,12.80,2.56,true,1,
7290000483139,false,מרציפן גולמי המרשלג 100 גרם,"המרשלג פרלינס בע""מ",,מרציפן גולמי המרשלג,גרמים,100.00,100 גרם,false,1,9.90,9.90,true,1,
7290000484549,false,"כהל 96% לשתיה 750 מ""ל",,IL,"כהל 96% לשתיה 750 מ""",מיליליטרים,750.00,"100 מ""ל",false,1,145.90,19.45,true,1,
7290000484747,false,עראק עלית 700 מל 40% כהל,יקב הגליל יוסף גולד ובניו,,"ערק עלית 40% 700 מ""ל",מיליליטרים,700.00,"100 מ""ל",false,1,55.90,7.99,true,1,
7290000493176,false,אסם אבקת רוטב צלי לבשר 22 ג',"אסם השקעות בע""\מ",,אבקת רוטב צלי לבשר-2,גרמים,22.00,100 גרם,false,1,4.90,22.27,true,1,
7290000493183,false,אבקת רוטב פטריות לבשר-30 גרם,"אסם השקעות בע""\מ",,אבקת רוטב פטריות לבש,גרמים,30.00,100 גרם,false,1,5.50,18.33,true,1,
7290000497044,false,"לחם אקטיב 750 גרם ""ברמן""",מאפית י את א ברמן בע,,לחם ברמן אקטיב 750 ג,גרמים,750.00,100 גרם,false,1,15.90,2.12,true,1,
7290000497112,false,"לחם כהה פרוס וארוז ""ברמן""-מוצר בפיקוח",מאפית י את א ברמן בע,,אחיד פרוס ברמן,גרמים,750.00,100 גרם,false,1,7.11,0.95,true,1,
7290000497426,false,לחם ברמן לענין פלוס 500 גרם,מאפית י את א ברמן בע,,לחם ברמן לענין פלוס,גרמים,500.00,100 גרם,false,1,14.50,2.90,true,1,
7290000497570,false,לחם דגנים פלוס ברמן 500 גרם,מאפית י את א ברמן בע,,לחם דגנים פלוס ברמן,גרמים,500.00,100 גרם,false,1,14.50,2.90,true,1,
7290000498003,false,לחם מקמח חיטה מלא 750 גר,מאפית י את א ברמן בע,,לחח מקמח חיטה מלא 75,גרמים,750.00,100 גרם,false,1,15.90,2.12,true,1,
7290000504049,false,סוכרזית קלאסי קנקן 1200 טבליות,אף.סי תבליני בגליל ב,,סוכרזית קנקן 1200 טב,Unknown,0.00,Unknown,false,1,31.50,31.50,true,1,
7290000504278,false,ממתיק סוכרזית אריזת פטנט 700 טבליות,אף.סי תבליני בגליל ב,,סוכרזית פטנט 700 טבל,גרמים,574.00,100 גרם,false,1,14.90,2.60,true,1,
7290000518121,false,ממתיק מתוק וקל 50 יחידות,פתח תקווה,,מתוק וקל 50 שקיות,Unknown,0.00,Unknown,false,1,7.60,7.60,true,1,
7290000518169,false,ממתיק מתוק וקל 1000 טבליות,קריות זול,,מתוק וקל 1000 טבליות,Unknown,0.00,Unknown,false,1,10.30,10.30,true,1,
7290000518220,false,ממתיק סוכרה דיאט 100 יחידות,פתח תקווה,,סוכרה דיאט 100 שקיות,גרמים,100.00,100 גרם,false,1,25.90,25.90,true,1,
7290000518251,false,ממתיק זהב מתוק וקל 100 יחידות,קריות זול,,מתוק וקל זהב 100 שקי,Unknown,0.00,Unknown,false,1,15.00,15.00,true,1,
7290000518336,false,ממתק צמר גפן מתוק מסיבים תזונתיים,מתוק וקל בעמ,IL,MOOOSH צמר גפן מתוק,גרמים,10.00,100 גרם,false,1,5.20,52.00,true,1,
7290000522104,false,חלב עמיד 3% שומן 1 ליטר,"מחלבות רמת הגולן בע""",,חלב עמיד 3% 1 ליטר,מיליליטרים,1000.00,"100 מ""ל",false,1,8.10,0.81,true,1,
7290000522272,false,"שמנת לקפה רמת הגולן 10% 500 מ""ל עמידה",מחלבות רמת הגולן,,שמנת לקפה 10% שומן 5,מיליליטרים,500.00,"100 מ""ל",false,1,10.90,2.18,true,1,
7290000523125,false,מלח הארץ הים האדום 250 ג' עדין,"חברת מלח הארץ אילת בע""\מ",,מלח הארץ ים יבש 250,גרמים,250.00,100 גרם,false,1,5.90,2.36,true,1,
7290000523224,false,מלח הארץ הים האדום 500 ג' עדין,"חברת מלח הארץ אילת בע""\מ",,מלח הארץ ים יבש 500,גרמים,500.00,100 גרם,false,1,7.90,1.58,true,1,
7290000523514,false,מלח ים יבש מלח הארץ 250 גרם מופחת נתרן,"חברת מלח הארץ אילת בע""\מ",,מלח ים יבש מופחת נתר,גרמים,250.00,100 גרם,false,1,12.50,5.00,true,1,
7290000523521,false,מלח ים מלח הארץ 250 גרם מועשר ביוד,חברת מלח הארץ אילת ב,,מלח הארץ מועשר ביוד,גרמים,250.00,100 גרם,false,1,6.90,2.76,true,1,
7290000523804,false,"מלח הים האדום דק בצנצנת 1 ק""ג","חברת מלח הארץ אילת בע""\מ",,"מלח עדין 1 ק""ג צנצנת",גרמים,1000.00,100 גרם,false,1,8.30,0.83,true,1,
7290000523811,false,"צנצנת מלח גס 1 ק""ג מלח הארץ","חברת מלח הארץ אילת בע""\מ",,"מלח גס 1 ק""ג צנצנת",גרמים,1000.00,100 גרם,false,1,9.00,0.90,true,1,
7290000525969,false,מיץ תפוזים סחוט רכיבים טבעיים פרימור 1 ליטר,"גניר (1992) בע""מ",,מיץ תפוזים סחוט 1 ל,מיליליטרים,1000.00,"100 מ""ל",false,1,15.80,1.58,true,1,
7290000529875,false,צאי מאסלה אורגני 30 ג' עדנים,,,תה צאי מאסלה אורגני,Unknown,0.00,Unknown,false,1,16.90,16.90,true,1,
7290000540153,false,טישו שולחני מעוצב 3 שכבות 48 יח,,CN,טישו שולחני מעוצב 3,יחידה,1.00,יחידה,false,1,6.00,6.00,true,1,
7290000540580,false,מגבוני שקד בייבי רבעיה לתינוק,,IL,מגבוני שקד בייבי רבע,Unknown,0.00,Unknown,false,1,11.90,11.90,true,1,
7290000554402,false,מעדן חלב מלבי גד 160 גרם,"מיוצר ע""\י קוד יצרן EDNK",,מעדן מלבי 160 גר,גרמים,160.00,100 גרם,false,1,5.60,3.50,true,1,
7290000554457,false,גבינה צפתית 5% 350 גרם - רבנות,"מחלבות גד בע""\מ",,צפתית מיני 5% 350 גר,גרמים,350.00,100 גרם,false,1,21.00,6.00,true,1,
7290000554471,false,נקניק מוצרלה 22 אחוז 180גרם גד מהדרין,"מחלבות גד בע""\מ",,מוצרלה 180 גרם,גרמים,180.00,100 גרם,false,1,16.40,9.11,true,1,
7290000554532,false,גבינה צפתית מעודנת במלח ים 5% 200 ג' גד,הנסיך- מפעל לייצור ט,,צפתית מעודנת 5% במלח,גרמים,200.00,100 גרם,false,1,14.90,7.45,true,1,
7290000554600,false,מוצרלה מגורדת 22 אחוז 300גרם גד מהדרין,מחלבות גד בעמ,,מוצרלה מגורדת 300 גר,גרמים,300.00,100 גרם,false,1,24.90,8.30,true,1,
7290000554624,false,ירח מתוק מעדן חלב עם אורז 3% גד 150 גרם,"מיוצר ע""\י קוד יצרן EDNK",,מעדן ירח מתוק 150 גר,גרמים,150.00,100 גרם,false,1,5.60,3.73,true,1,
7290000554686,false,גבינת לאבנה בתוספת שמן זית וזעתר 5% גד 250 גרם,מחלבות גד בעמ,,לבנה בשמן זית וזעתר,גרמים,250.00,100 גרם,false,1,15.00,6.00,true,1,
7290000554822,false,ריקוטה גבינה לבנה בסגנון איטלקי 5% גד 250 גרם,מחלבות גד בעמ,,ריקוטה 250 גרם,גרמים,250.00,100 גרם,false,1,14.50,5.80,true,1,
7290000554839,false,מסקרפונה שמנת מתוקה קשה בסגנון איטלקי 40% גד 250 גרם,מחלבות גד בעמ,,גבינת מסקרפונה 250 ג,גרמים,250.00,100 גרם,false,1,20.90,8.36,true,1,
7290000555505,false,פיקדון שישיית בירה 7,,,פיקדון זוג,Unknown,0.00,Unknown,false,1,0.60,0.60,true,1,
7290000555510,false,פיקדון ארק/גולד,,,פיקדון שלישייה,Unknown,0.00,Unknown,false,1,0.90,0.90,true,1,
7290000560557,false,אדג' ג'ל סגול כהה לעור יבש 198ג',אס.סי ג'ונסון ובניו,,אדג גל לרכוך העור 19,גרמים,198.00,100 גרם,false,1,20.90,10.56,true,1,
7290000571232,false,גבינת גאודה טבעית פרוס 30% המחלווה 150ג',גבינות משק אחים מאיר בית,,גבינת גאודה טבעי פרו,גרמים,200.00,100 גרם,false,1,22.90,11.45,true,1,
7290000571294,false,גאודה מעושנת בית יצח,מחלבה בית יצחק,,גאודה מעושנת,Unknown,0.00,"ק""ג",true,0,108.00,108.00,true,1,
7290000571300,false,גבינה גאודה פרוס מעושנת המחלבה 150ג',גבינות משק אחים מאיר,,גבינת גאודה מעושנת,גרמים,200.00,100 גרם,false,1,22.90,11.45,true,1,
7290000571881,false,"משקה יוגורט מחלב עיזים 3.6% 500 מ""ל",גבינות משק אחים מאיר,,משקה יוגורט מחלב עיז,מיליליטרים,500.00,"100 מ""ל",false,1,12.50,2.50,true,1,
7290000572208,false,חלוה בטעם וניל אחווה 100 גרם,שוורצקוף& הנקל דיסלד,IL,חלבה 100 גרם אחוה,גרמים,100.00,100 גרם,false,1,3.20,3.20,true,1,
7290000652177,false,נתחי פילה נסיכה 100% דג קפוא תנובה,דגי תנובה,,נתחי פילה נסיכת הניל,Unknown,0.00,"ק""ג",true,0,69.90,69.90,true,1,
7290000652542,false,פילה אמנון קפוא 5-7 קג,דגי תנובה,,פילה אמנון קפוא,Unknown,0.00,"ק""ג",true,0,34.90,34.90,true,1,
7290000654546,false,פילה אמנון 7-9 100% דג תנובה,תנובה,,פילה אמנון קפוא 7-9,Unknown,0.00,"ק""ג",true,0,36.90,36.90,true,1,
7290000663135,false,קוביות סלומון קפוא 100% דג 300 גרם תנובה,"צ'\ילה, Ll MONTT, PUERTO",,קוביות סלמון 100% דג,גרמים,300.00,100 גרם,false,0,29.90,9.97,true,1,
7290000684062,false,שרות החלפה ומילוי גז 30,סודה סטרים,,שרות החלפה ומילוי גז,Unknown,0.00,Unknown,false,1,38.00,38.00,true,1,
7290000688374,false,"מים מינרליים מי עדן בייבי 6*330 מ""ל","מופק ממקור בזלתי עדן ,1",,שישיית מי עדן בייבי,ליטרים,0.00,ליטר,false,1,16.50,16.50,true,1,
7290000688381,false,שישיית מי עדן פקק ספורט 0.5 ליטר,"מופק ממקור בזלתי עדן ,1",,מי עדן שישיה אישי,מיליליטרים,3000.00,"100 מ""ל",false,1,14.90,0.50,true,1,
7290000688503,false,"מים מינרלים פקק ספורט מי עדן 6*750 מ""ל","מופק ממקור בזלתי עדן ,1",,שישיית מים ספורט 750,מיליליטרים,4500.00,"100 מ""ל",false,1,15.90,0.35,true,1,
7290000692203,false,נוזל לניקוי כללי ורצפות בניחוח לימון אג'קס 2 ליטר,הנסיך- מפעל לייצור ט,,אגקס ניקוי כללי 2ל ל,ליטרים,0.00,ליטר,false,1,26.50,26.50,true,1,
7290000692456,false,אג'קס חלונות זוג 750*2 מל ספריי ורפיל,הנסיך- מפעל לייצור ט,,אגקס לניקוי חלונות כ,ליטרים,0.00,ליטר,false,1,25.90,25.90,true,1,
7290000803067,false,"משחת שיניים לילדים גילאים 6-2 אלמקס 75 מ""ל",הנסיך- מפעל לייצור ט,,אלמקס לילדים 75 מל מ,מיליליטרים,75.00,"100 מ""ל",false,1,18.20,24.27,true,1,
7290000804484,false,אלמקס שטיפת פה דנטלית למניעת עששת 400מל,קולגייט פלמוליב,,אלמקס מי פה לשטיפה,מיליליטרים,400.00,"100 מ""ל",false,1,32.90,8.23,true,1,
7290000805924,false,"מזון חתולים לה קט דגים 2.85 ק""ג","ביופט בע""מ",,לה-קט 2.85 קג דגים,קילוגרמים,0.00,"ק""ג",false,1,59.90,59.90,true,1,
7290000993560,false,עגבניות שרי שוקו \מנומר 500ג' ארוז,רון שרי,,שרי מנומר,Unknown,0.00,Unknown,false,1,12.90,12.90,true,1,
7290000995410,false,נבטים סיניים נבטי העמק,נסטלה פורינה USA קר,,נבטים סינים,Unknown,0.00,Unknown,false,1,6.90,6.90,true,1,
7290000995441,false,קייל כרוב על 300 גרם,יובל שריגיאן,,קייל - כרוב על,Unknown,0.00,Unknown,false,1,14.90,14.90,true,1,
7290000995953,false,כוסברה ארוז,,,כוסברה,Unknown,0.00,Unknown,false,1,4.90,4.90,true,1,
7290001045657,false,פרימור מיץ תפוחים סחוט מקורר 400מל,פרימור,,"תפוחים צלול 400 מ""ל",מיליליטרים,400.00,"100 מ""ל",false,1,10.90,2.73,true,1,
7290001045688,false,"מיץ תפוזים סחוט פרימור 400 מ""ל",פרימור,,"תפוזים סחוט 400 מ""ל",מיליליטרים,400.00,"100 מ""ל",false,1,10.90,2.73,true,1,
7290001136287,false,"שמפו לשיער רגיל בבושם פרחים נקה 7 750 מ""ל","אמיליה קוסמטיקס בע""מ",,נקה 7 שמפו לשיער רגי,מיליליטרים,750.00,"100 מ""ל",false,1,14.50,1.93,true,1,
7290001136362,false,נקה 7 תחליב רחצה אלוורה ארומה ירוק 1 ל',מיוצר בסין.יבוא ושיו,,סבון נוזלי נקה 7 ארו,מיליליטרים,1000.00,"100 מ""ל",false,1,17.50,1.75,true,1,
7290001136973,false,נקה 7 תחליב רחצה ארומה קמומיל לבן 1 ל',טרופיקל דגיל תעשיות,,סבון נוזלי נקה 7 ארו,מיליליטרים,1000.00,"100 מ""ל",false,1,17.50,1.75,true,1,
7290001172650,false,כוס גרנית אספרסו 50 יח,,,כוס גרנית אספרסו 50,Unknown,0.00,Unknown,false,1,5.90,5.90,true,1,
7290001191194,false,דג נילוס מעושן פרוס בוואקום 200 גר,,IL,דג נילוס מעושן פרוס,גרמים,200.00,100 גרם,false,0,46.90,23.45,true,1,
7290001199008,false,גזר בסגנון קוריאני 250 גרם,סלטי עמים ברדה,,גזר בסגנון קוריאני 2,גרמים,250.00,100 גרם,false,1,9.40,3.76,true,1,
7290001199053,false,חציל תאילנדי 500 גר,סלטי עמים ברדה,,חציל תאילנדי 500גר,גרמים,500.00,100 גרם,false,1,14.90,2.98,true,1,
7290001199084,false,גזר בסגנון קוריאני 500 גרם,סלטי עמים ברדה,,גזר בסגנון קוריאני 5,גרמים,450.00,100 גרם,false,1,15.60,3.47,true,1,
7290001199107,false,סוטא אוקראיני 500 גרם,סלטי עמים ברדה,,סוטא אוקראיני 500 גר,גרמים,450.00,100 גרם,false,1,13.50,3.00,true,1,
7290001199244,false,"סלט כרוב במלח 1 ק""ג",סלטי עמים ברדה,,כרוב במלח 1 קג,גרמים,1000.00,100 גרם,false,1,17.50,1.75,true,1,
7290001199343,false,חזרת 180 גרם,סלטי עמים ברדה,,חזרת 180 גרם,גרמים,180.00,100 גרם,false,1,9.40,5.22,true,1,
7290001199404,false,"כרוב במלח עם חמוציות 1 ק""ג",סלטי עמים ברדה,,כרוב במלח עם חמוציות,גרמים,1000.00,100 גרם,false,1,19.90,1.99,true,1,
7290001199435,false,חציל פיקנטי 500 גרם,סלטי עמים ברדה,,חציל פיקנטי 500 גר,גרמים,500.00,100 גרם,false,1,14.50,2.90,true,1,
7290001201589,false,ביצים ארוזות L 12 יחידות,שופרסל,,ביצים אריזון 12 גדול,Unknown,0.00,Unknown,false,1,12.05,12.05,true,1,
7290001201596,false,ביצים ארוזות M 12 יחידות,שופרסל,,ביצים אריזון 12 בינו,Unknown,0.00,Unknown,false,1,11.15,11.15,true,1,
7290001201657,false,ביצים אומגה M/30 בינוני ארוז,לסר,,ביצים אומגה 3 30 יח,Unknown,0.00,Unknown,false,1,44.90,44.90,true,1,
7290001201824,false,תבנית ביצים 12 יח' לארג' אורגני,מ.לסר,,ביצים אורגניות 12 יח,Unknown,0.00,Unknown,false,1,21.90,21.90,true,1,
7290001201862,false,ביצי חופש לארג' 12 יחידות,מ.לסר,,ביצי חופש 12 יח L,Unknown,0.00,Unknown,false,1,19.50,19.50,true,1,
7290001201893,false,ביצים אומגה M 12 יח,,,ביצים אומגה M 12 יח,יחידה,1.00,יחידה,false,1,18.90,18.90,true,1,
7290001216231,false,טחינה גולמית שומשום מלא אל ארז 500 גרם,אגס ירוק מסחר ושירותים,,טחינה מלאה 500 גרם ט,גרמים,500.00,100 גרם,false,1,17.20,3.44,true,1,
7290001230331,false,סיגריות כאמל בוקס חפ,Unknown,,כאמל בוקס חפיסה,Unknown,0.00,Unknown,false,1,30.90,30.90,true,1,
7290001230739,false,כאמל כחול חפיסה חפיסה,Unknown,,כאמל כחול חפיסה,Unknown,0.00,Unknown,false,1,30.90,30.90,true,1,
7290001231233,false,סיגריות וינסטון בוקס,Unknown,,ווינסטון בוקס חפיסה,Unknown,0.00,Unknown,false,1,33.00,33.00,true,1,
7290001231932,false,ווינסטון כחול בוקס חפיסה,Unknown,,ווינסטון כחול בוקס ח,Unknown,0.00,Unknown,false,1,33.00,33.00,true,1,
7290001235938,false,וינסטון כחול ארוך חפיסה,Unknown,,ווינסטון כחול ארוך,Unknown,0.00,Unknown,false,1,33.00,33.00,true,1,
7290001245729,false,ג'ל כביסה ירוקה טאצ 3 ליטר סלקט,,,גל כביסה ירוק 3 ליטר,Unknown,0.00,Unknown,false,1,19.90,19.90,true,1,
7290001245736,false,ג'ל כביסה כחול 3 ליטר טאצ' סלקט,,,גל כביסה כחול 3 ליטר,Unknown,0.00,Unknown,false,1,19.90,19.90,true,1,
7290001246054,false,פותח סתימות 1 ליטר טאצ,סאסאטק,,פותח סתימות 1 ליטר ט,Unknown,0.00,Unknown,false,1,14.90,14.90,true,1,
7290001246085,false,טאצ' מרסס ניקוי חלונות 1 ליטר,,,ניקוי חלונות 1 ליטר,Unknown,0.00,Unknown,false,1,6.90,6.90,true,1,
7290001246122,false,"תרסיס ניקוי כללי+ אקונומיקה 750 מ""ל טאצ",סאסאטק,,תרסיס ניקוי כללי+אקו,Unknown,0.00,Unknown,false,1,10.90,10.90,true,1,
7290001246184,false,"מבשם נטול גז טרופיקל 350 מ""ל טאצ",,,מבשם נטול גז טרופיקל,Unknown,0.00,Unknown,false,1,9.90,9.90,true,1,
7290001246276,false,"טאצ' תרסיס מטהר אוויר אורנים 300 מ""ל",,,תרסיס מטהר אוויר אור,Unknown,0.00,Unknown,false,1,4.90,4.90,true,1,
7290001246757,false,נוזל רצפות מלון בוטיק טאצ' 2 ליטר,,,נוזל רצפות מלון בוטי,Unknown,0.00,Unknown,false,1,18.90,18.90,true,1,
7290001246917,false,אקופרינד- מנקה אמבטיות וכיורים 750 מל,אקופרנד,,אקופרינד- מנקה אמבטי,מיליליטרים,750.00,"100 מ""ל",false,1,15.90,2.12,true,1,
7290001246924,false,אקופירנד-ניקוי חלונות 750 מל,סאסאטק,,אקופירנד-ניקוי חלונו,מיליליטרים,750.00,"100 מ""ל",false,1,14.90,1.99,true,1,
7290001246948,false,מלבין אקונומיקה 2 ליטר,אקופרנד,,אקופרנד מלבין 2 ליטר,ליטרים,0.00,ליטר,false,1,17.90,17.90,true,1,
7290001246955,false,אקופרנד לשטיפה וניקוי פירות וירקות 1 ליט,סאסאטק,,אקופרנד לשטיפה וניקו,מיליליטרים,1000.00,"100 מ""ל",false,1,18.90,1.89,true,1,
7290001246962,false,אקופרינד-נוזל כלים תפוז 1 ליטר,פ.פ.ח. שאביט,,אקופרינד-נוזל כלים ת,מיליליטרים,1000.00,"100 מ""ל",false,1,14.90,1.49,true,1,
7290001246993,false,אקופרינד-נוזל רצפות 4 ליטר,אקופרנד,,אקופרינד-נוזל רצפות,ליטרים,0.00,ליטר,false,1,26.90,26.90,true,1,
7290001247068,false,קרטונית נקטר ספרינג תות בננה 1 ליטר,יפאורה שותפות מובגלת לשיווק,,קרטונית נקטר ספרינג,מיליליטרים,1000.00,"100 מ""ל",false,1,6.90,0.69,true,1,
7290001247082,false,מיץ עגבניות רכיבים טבעיים ספרינג 1 ליטר,יפאורה שותפות מובגלת לשיווק,,קרטונית נקטר ספרינג,מיליליטרים,1000.00,"100 מ""ל",false,1,6.60,0.66,true,1,
7290001247099,false,קרטונית נקטר ספרינג מנגו 1 ליטר,יפאורה שותפות מובגלת לשיווק,,קרטונית נקטר ספרינג,מיליליטרים,1000.00,"100 מ""ל",false,1,6.90,0.69,true,1,
7290001247105,false,קרטונית נקטר ספרינג אפרסק 1 ליטר,יפאורה שותפות מובגלת לשיווק,,קרטונית נקטר ספרינג,מיליליטרים,1000.00,"100 מ""ל",false,1,6.90,0.69,true,1,
7290001247112,false,קרטונית נקטר ספרינג לימונענע 1 ליטר,יפאורה שותפות מובגלת לשיווק,,קרטונית נקטר ספרינג,מיליליטרים,1000.00,"100 מ""ל",false,1,6.90,0.69,true,1,
7290001247129,false,נקטר ספרינג תפוזים קרטונית 1 ל',יפאורה שותפות מובגלת לשיווק,,קרטונית נקטר ספרינג,מיליליטרים,1000.00,"100 מ""ל",false,1,6.90,0.69,true,1,
7290001247143,false,קרטונית נקטר ספרינג תפוחים 1 ליטר,יפאורה שותפות מובגלת לשיווק,,קרטונית נקטר ספרינג,מיליליטרים,1000.00,"100 מ""ל",false,1,6.90,0.69,true,1,
7290001265642,false,"מזון חתולים מעדני פטה 1.2 ק""ג מארז 3 יחידות",קריות זול,,שלישיית מעדני לה-קט,גרמים,1200.00,100 גרם,false,1,19.90,1.66,true,1,
7290001274422,false,שלגונים ציפוי בננה מאגדת שמינייה 560 ג',גלידות פלדמן,IL,מאגדת ציפוי בננה,Unknown,0.00,Unknown,false,1,25.90,25.90,true,1,
7290001274934,false,"שמיניית גלידל פרי לימון ""פלדמן""",הגלידות של פלדמן,,מאגדת גלידל פרי למון,מיליליטרים,640.00,"100 מ""ל",false,1,26.50,4.14,true,1,
7290001274941,false,"שמיניית גלידל פרי פטל ""פלדמן""",הגלידות של פלדמן,,מאגדת גלידל פרי פטל,גרמים,640.00,100 גרם,false,1,26.50,4.14,true,1,
7290001305058,false,"פלמוליב - נטורלס תחליב רחצה חלב ודבש 500 מ""ל",הנסיך- מפעל לייצור ט,,פלמוליב נטורלס סבון,מיליליטרים,500.00,"100 מ""ל",false,1,18.80,3.76,true,1,
7290001305188,false,"נוזל לניקוי כלים בריח לימון פלמוליב 750 מ""ל",יבואן ומשווק: ש. שסט,,פלמוליב לכלים אקטיב,מיליליטרים,750.00,"100 מ""ל",false,1,11.90,1.59,true,1,
7290001327180,false,שטראוס קרמיסימו וניל ציפ 1.33 ליטר,"גלידת שטראוס בע""\מ, רחוב",,קרמיסימו וניל ציפס 1,ליטרים,0.00,ליטר,false,1,21.90,21.90,true,1,
7290001327791,false,גלידת קרמיסימו וניל עוגיות חלבי,"גלידת שטראוס בע""\מ, רחוב",,קרמיסימו עוגיות 1.33,ליטרים,0.00,ליטר,false,1,21.90,21.90,true,1,
7290001330029,false,למבדה מרנג עוגה 450 גר,ברון מפעל לייצור עוג,,למבדה מרנג,גרמים,450.00,100 גרם,false,1,120.50,26.78,true,1,
7290001330043,false,עוגת וואלס שכבות קרם,ברון מפעל לייצור עוג,,עוגת וואלס שכבות קרם,גרמים,1000.00,100 גרם,false,1,120.50,12.05,true,1,
7290001330050,false,וואלס שכבות קרם מרובעת 500 גר,ברון מפעל לייצור עוג,,וואלס שכבות קרם מרוב,גרמים,500.00,100 גרם,false,1,66.90,13.38,true,1,
7290001330234,false,עוגת קייבסקי עגולה 6,ברון מפעל לייצור עוג,,קייבסקי טורט,גרמים,600.00,100 גרם,false,1,93.90,15.65,true,1,
7290001330265,false,עוגת ערב בפראג עגול,ברון מפעל לייצור עוג,,עוגת ערב בפראג עגול,גרמים,900.00,100 גרם,false,1,93.90,10.43,true,1,
7290001330623,false,"פולונז שוקו בונדוק 1.1 ק""ג",ברון מפעל לייצור עוג,,פולונז שוקו בונדוק,קילוגרמים,0.00,"ק""ג",false,1,120.50,120.50,true,1,
7290001330746,false,עוגת ברון לייצן 550ג,ברון מפעל לייצור עוג,,עוגת ליצן מלבנית,גרמים,450.00,100 גרם,false,1,52.50,11.67,true,1,
7290001330753,false,עוגת שחרחורת מלבנית,ברון מפעל לייצור עוג,,עוגת שחרחורת מלבנית,גרמים,450.00,100 גרם,false,1,52.50,11.67,true,1,
7290001330760,false,עוגת תותי פרוטי מלבנית,ברון מפעל לייצור עוג,,עוגת תותי פרוטי מלבנ,גרמים,450.00,100 גרם,false,1,52.50,11.67,true,1,
7290001330838,false,עוגת בת קייב עגולה 6,ברון מפעל לייצור עוג,,עוגה בת קייב 700 גר,גרמים,700.00,100 גרם,false,1,78.50,11.21,true,1,
7290001330890,false,עוגה פולינז שוקו בונדוק 700 גר,ברון מפעל לייצור עוג,,עוגה פולינז שוקו,גרמים,450.00,100 גרם,false,1,86.90,19.31,true,1,
7290001330906,false,עוגת ברון למבדה קוטר,ברון מפעל לייצור עוג,,עוגה למבדה מרנג,גרמים,450.00,100 גרם,false,1,86.90,19.31,true,1,
7290001330951,false,עוגה סיביר ריבת חלב 800גר,ברון מפעל לייצור עוג,,עוגה סיביר ריבת חלב,גרמים,800.00,100 גרם,false,1,93.90,11.74,true,1,
7290001330968,false,פחזניות קרם וניל 300 גר,,,פחזניות קרם וניל 300,גרמים,300.00,100 גרם,false,1,35.50,11.83,true,1,
7290001342862,false,קרם פפריקה הונגרית חריפה בשפופרת 160 גרם,,HU,קרם פפריקה הונגרית ח,גרמים,160.00,100 גרם,false,1,25.90,16.19,true,1,
7290001343845,false,"גרנולה פירות 1 ק""ג - ורוד שקדיה","דין שיווק וקלייה בע""",,"גרנולה פירות 1 ק""ג ו",גרמים,1000.00,100 גרם,false,1,21.90,2.19,true,1,
7290001356166,false,סלומון פרוס בוואקום,ישראגל,,סלמון מעושן 100 גרם,גרמים,100.00,100 גרם,false,1,24.90,24.90,true,1,
7290001356173,false,סלמון פרוס 200 גרם,ישראגל,,סלמון פרוס 200 גרם,גרמים,200.00,100 גרם,false,1,45.90,22.95,true,1,
7290001361009,false,טורט קייבסקי 700 גר,האי נאם סי או אל.טי.,,טורט קייבסקי,גרמים,700.00,100 גרם,false,1,79.90,11.41,true,1,
7290001361016,false,עוגת גינגי שכבות בצק,GS עבור נטו מלינדה ס,,עוגה גינגית 600 גרם,גרמים,600.00,100 גרם,false,1,44.90,7.48,true,1,
7290001361054,false,אקלרים פטיסייר (600 ג'),אף.סי תבליני בגליל ב,,אקלרים וניל 600 גרם,גרמים,600.00,100 גרם,false,1,43.90,7.32,true,1,
7290001361061,false,פחזניות בציפוי שוקולד 600 גרם,"נטלי פלוס בע""מ",,פחזניות בציפוי שוקול,גרמים,600.00,100 גרם,false,1,47.90,7.98,true,1,
7290001361085,false,עוגת נפוליאון 600 גר,אף.סי תבליני בגליל ב,,עוגת נפוליאון,גרמים,600.00,100 גרם,false,1,44.90,7.48,true,1,
7290001361092,false,עוגת פיצוץ פס 400 גר,נטלי פלוס,,עוגת פיצוץ,גרמים,400.00,100 גרם,false,1,46.90,11.73,true,1,
7290001361160,false,עוגה מיסטיקה אננס 750 גר,נטלי פלוס,,עוגה מיסטיקה אננס 75,גרמים,750.00,100 גרם,false,1,86.90,11.59,true,1,
7290001361177,false,עוגת דובדבנים פס 650,נטלי פלוס,,עוגת דובדבנים,גרמים,650.00,100 גרם,false,1,49.90,7.68,true,1,
7290001361207,false,עוגת פס אוכמניות 650,נטלי פלוס,,עוגת אוכמניות,גרמים,650.00,100 גרם,false,1,48.90,7.52,true,1,
7290001361269,false,פס קייבסקי ללא קמח 3,נטלי פלוס בעמ,,טורט פס קייב 350 גרם,גרמים,350.00,100 גרם,false,1,49.90,14.26,true,1,
7290001361290,false,עוגת מוצרט נטלי,"נטלי פלוס בע""מ",,"טורט מוצרט 1 ק""ג",גרמים,1000.00,100 גרם,false,1,108.90,10.89,true,1,
7290001361436,false,פס שמנת סמנטיק 550 גרם,נטלי פלוס בעמ,,פס שמנת סמנטיק 550 ג,גרמים,550.00,100 גרם,false,1,46.90,8.53,true,1,
7290001361450,false,עוגת מותק - ריבת חלב 650 ג',נטלי פלוס,,עוגת ריבת חלב,גרמים,600.00,100 גרם,false,1,69.90,11.65,true,1,
7290001361733,false,פס אלפחורס נטלי 550 גרם,נטלי פלוס בעמ,,פס אלפחורס נטלי,גרמים,550.00,100 גרם,false,1,46.90,8.53,true,1,
7290001361924,false,פס גבינה פרורוים 500 גר,נטלי פלוס,,פס גבינה פרורוים 500,גרמים,500.00,100 גרם,false,1,39.90,7.98,true,1,
7290001361931,false,פחזניות במילוי גבינה (350 ג'),האי נאם סי או אל.טי.,,פחזניות במילוי גבינה,גרמים,450.00,100 גרם,false,1,36.90,8.20,true,1,
7290001407547,false,טחינה גולמית משומשום מלא פי 6 בארכה 500ג',"רושדי תעשיות מזון בע""\מ",,טחינה משומשום מלא פי,גרמים,500.00,100 גרם,false,1,15.90,3.18,true,1,
7290001419618,false,וופל בלגי עלמה שחור לבן וניל 200ג',"גילרו בע""מ",,עלמה וופל קראנץ שוקו,גרמים,200.00,100 גרם,false,1,3.90,1.95,true,1,
7290001436790,false,נקנקיות מרגז מיני אקסטרה חריף ארוז בלדי 500 ג',יוליניבר,,מיני מרגז חריף 500 ג,גרמים,500.00,100 גרם,false,1,29.50,5.90,true,1,
7290001471869,false,"ברזל פלוס - ברזל קל לעיכול, חומצה פולית, B12 וויטמין C",אלטמן,,ברזל פלוס (100) כשר,Unknown,0.00,Unknown,false,1,75.90,75.90,true,1,
7290001482094,false,גבינה פרמז'נו משולשים ויליפוד 200ג',זנטי אס. אי לאלין,,פרמזנו 200 גר,גרמים,200.00,100 גרם,false,1,27.50,13.75,true,1,
7290001482384,false,חתיכות אננס בסירופ קל וילי פוד 227 גרם,וילי פוד,VN,אננס חתוך וילי פוד 2,גרמים,227.00,100 גרם,false,1,4.80,2.11,true,1,
7290001485019,false,גבינת קרם שמנת טבעי 5% טרה 200 גרם,קריות זול,,גבינה שמנת טבעי 5% 2,גרמים,200.00,100 גרם,false,1,12.90,6.45,true,1,
7290001485026,false,גבינת קרם שמנת זיתים 5% טרה 200 גרם,Unknown,,גבינת שמנת זיתים 200,גרמים,200.00,100 גרם,false,1,12.90,6.45,true,1,
7290001491010,false,תה ירוק יסמין ויסוצקי 25 יחידות,תה ויסוצקי,,תה ירוק יסמין 25 שקי,Unknown,0.00,Unknown,false,1,24.90,24.90,true,1,
7290001491096,false,תה ירוק בתוספת לימונית ולואיזה 50 שקיקים ויסוצקי,תה ויסוצקי,,תה ירוק לימונית לואי,Unknown,0.00,Unknown,false,1,44.90,44.90,true,1,
7290001515310,false,שש כריות קרצוף יפניות סקוטש ברייט,3m,,שישיית כריות קרצוף,Unknown,0.00,Unknown,false,1,15.60,15.60,true,1,
7290001532157,false,פילה הרינג במשקל,,,פילה הרינג במשקל,Unknown,0.00,"ק""ג",true,0,52.00,52.00,true,1,
7290001532706,false,"פילה הרינג חתוך 2.8 ק""ג",,IL,פילה הרינג במשקל,Unknown,0.00,"ק""ג",true,0,55.00,55.00,true,1,
7290001532713,false,פילה הרינג עם שמיר במשקל,,,פילה הרינג עם שמיר ב,Unknown,0.00,"ק""ג",true,0,55.00,55.00,true,1,
7290001532737,false,ממרח סלמון במשקל,,IL,ממרח סלמון במשקל,Unknown,0.00,"ק""ג",true,0,110.00,110.00,true,1,
7290001581049,false,שיפודי פרגיות קפוא מזרע,,,שיפודי פרגיות קפואים,Unknown,0.00,"ק""ג",true,0,64.90,64.90,true,1,
7290001581094,false,כנפיים עוף ללא נוצות טרי,,,כנפיים עוף ללא נוצות,Unknown,0.00,"ק""ג",true,0,17.90,17.90,true,1,
7290001588499,false,פפאיה אורגנית שקיל א,,,פפאיה אורגנית שדות,Unknown,0.00,"ק""ג",true,0,22.90,22.90,true,1,
7290001594155,false,"קוקה-קולה בבקבוק אישי 500 מ""ל",החברה המרכזית לייצור משקאות,,"קוקה קולה 500 מ""ל",מיליליטרים,500.00,"100 מ""ל",false,1,7.50,1.50,true,1,
7290001594179,false,"פאנטה אורנג' בבקבוק אישי 500 מ""ל",החברה המרכזית לייצור משקאות,,"פאנטה אורנג 500 מ""ל",מיליליטרים,500.00,"100 מ""ל",false,1,7.50,1.50,true,1,
7290001594544,false,"בירה שחורה מאלטי בקבוק 330מ""ל",קרלסברג ישראל,,טובורג מאלט בקבוק 33,מיליליטרים,330.00,"100 מ""ל",false,1,5.90,1.79,true,1,
7290001594568,false,"בירה בפחית קרלסברג 500 מ""ל",מבשלות בירה בינלאומיות ב,,"קרלסברג פחית 500 מ""ל",מיליליטרים,500.00,"100 מ""ל",false,1,9.20,1.84,true,1,
7290001594575,false,"בירה טובורג רד פחית 500 מ""ל",מבשלות בירה בינלאומיות ב,,"בירה טובורג 500 מ""ל",מיליליטרים,500.00,"100 מ""ל",false,1,9.20,1.84,true,1,
7290001594858,false,"שישייה בירה טובורג רד בקבוק 330 מ""ל",מבשלות בירה בינלאומיות ב,,טובורג רד שישייה בקב,מיליליטרים,1980.00,"100 מ""ל",false,1,32.90,1.66,true,1,
7290001594865,false,"שישייה בירה קרלסברג בקבוק 330 מ""ל",מבשלות בירה בינלאומיות ב,,קרלסברג שישיה בקבוק,מיליליטרים,1980.00,"100 מ""ל",false,1,29.90,1.51,true,1,
7290001670064,false,סכינים חד פעמי לבן 100 יח',קריות זול,CN,סכינים לבן 100 יח,Unknown,0.00,Unknown,false,1,16.50,16.50,true,1,
7290001670873,false,"צלחות גדולות לבנות קשיח ח""פ הנמל 66יח'",הנמל אריזות ושיווק ב,,צלחות הנמל 1 קג,Unknown,0.00,Unknown,false,1,59.50,59.50,true,1,
7290001791349,false,פיסגה אקונומיקה ריחנית סנו 4 ליטר,"סנו מפעלי ברונוס בע""מ",,פסגה אקונומיקה 4 ליט,ליטרים,0.00,ליטר,false,1,9.90,9.90,true,1,
7290001791356,false,"פרש מבשם אויר אוטומטי בניחוח לבנדר סנו 250 מ""ל",סנו מפעלי ברונוס בעמ,,סנו פרש אוטומטיק לבנ,מיליליטרים,250.00,"100 מ""ל",false,1,14.90,5.96,true,1,
7290001791363,false,"מטהר אויר בניחוח וניל קוקוס מילוי סנו 250 מ""ל",סנו מפעלי ברונוס בעמ,,סנו פרש אוטומטיק וני,מיליליטרים,250.00,"100 מ""ל",false,1,14.90,5.96,true,1,
7290001865439,false,פמילי אל סבון נוזלי בניחוח וניל 1 ליטר,אף.סי תבליני בגליל ב,,פמילי אל סבון נוזלי,מיליליטרים,1000.00,"100 מ""ל",false,1,14.90,1.49,true,1,
7290001865453,false,פמילי לקשרי 1 ליטר לבנדר ארומטי+משאבה,מיוצר עי קונדיטוריית,,פמילי סבון נוזלי 1 ל,מיליליטרים,1000.00,"100 מ""ל",false,1,14.90,1.49,true,1,
7290001865460,false,סבון נוזלי פמלי לקשרי זר פרחים לבנים 1 ל,אינטרקוסמא,TR,סבון גוף פמלי,מיליליטרים,1000.00,"100 מ""ל",false,1,14.90,1.49,true,1,
7290001881040,false,מלפפון בייבי כבוש במ,מאמא מרי,IL,מלפפון בייבי 600 גרם,גרמים,600.00,100 גרם,false,1,31.50,5.25,true,1,
7290001881095,false,עגבניות שרי כבושות 5,מאמא מרי,,עגבניות שרי 1 קג,קילוגרמים,0.00,"ק""ג",false,1,29.50,29.50,true,1,
7290001881514,false,בצק עלים צרפתי 1 קג,,IL,בצק עלים מאמא מרי 1,גרמים,1000.00,100 גרם,false,10,19.90,1.99,true,1,
7290001881873,false,"מאמא מרי כרוב עם חמוציות 1 ק""ג",מאמא מרי,,כרוב עם חמוציות 1 קג,קילוגרמים,0.00,"ק""ג",false,1,20.90,20.90,true,1,
7290001990094,false,"סוכר חום כהה צנצנת קלאסי סוגת 1ק""ג",האי נאם סי או אל.טי.,,סוכר חום קלאסי בצנצנ,גרמים,1000.00,100 גרם,false,1,15.60,1.56,true,1,
7290001990117,false,שומשום סוגת 100 גרם,האי נאם סי או אל.טי.,,שומשום 100 גרם,גרמים,100.00,100 גרם,false,1,4.50,4.50,true,1,
7290001992081,false,קרפלך עגל 800 גרם,מעדני מניה תעשיות בש,,קרפלך עגל 800 גרם,גרמים,800.00,100 גרם,false,1,29.90,3.74,true,1,
7290001992203,false,קרפלך סיבירסקי 800 גרם,מעדני מניה תעשיות בש,,קרפלך סיבירסקי 800 ג,גרמים,800.00,100 גרם,false,1,29.90,3.74,true,1,
7290001992210,false,קרפלך רוסי 800 גרם,מעדני מניה תעשיות בש,,קרפלך רוסי 800 גרם,גרמים,800.00,100 גרם,false,1,29.90,3.74,true,1,
7290001992500,false,קרפלך ילדים 800 גר מניה,מעדני מניה תעשיות בש,,קרפלך ילדים 800 גר,גרמים,800.00,100 גרם,false,1,29.90,3.74,true,1,
7290002000143,false,"חדש -פנג'ל ק.ידיים קלאסיק 80מ""ל",מיוצר עי קונדיטוריית,,"קרם ידיים פנגל 80 מ""",Unknown,0.00,Unknown,false,1,8.90,8.90,true,1,
7290002007234,false,אבקת סוכר הנמל 100 גרם,"מיוצר וארוז ע""י: ר.ס",,אבקת סוכר 100 גרם,גרמים,100.00,100 גרם,false,1,1.80,1.80,true,1,
7290002007395,false,דובדבנים מסוכרים 100 ג' הנמל,הדרום תעשיות מזון בע,,דובדבנים 100 גרם,גרמים,100.00,100 גרם,false,1,8.90,8.90,true,1,
7290002007500,false,קיסמי שיניים הנמל במבוק 500 יחידות,הנמל אריזות ושיווק בעמ,,קיסמי שיניים בחבית,Unknown,0.00,Unknown,false,1,3.10,3.10,true,1,
7290002007852,false,"תמצית אפייה בטעמים שונים 55 מ""ל הנמל",ממתקי עלה יצור ושיוו,,תמציות לאפיה,Unknown,0.55,Unknown,false,1,4.20,7.64,true,1,
7290002007975,false,"צלחות קטנות ח""פ הנמל 50 יח'",אריזות מדף - פלזית,IL,צלחות קטן 50 יח,Unknown,0.00,Unknown,false,1,13.50,13.50,true,1,
7290002008040,false,שיפודי במבוק הנמל 100 יחידות,"הנמל אריזות ושיווק בע""\מ",,שיפודים 30 סמ,Unknown,0.00,Unknown,false,1,3.90,3.90,true,1,
7290002008507,false,נייר אפיה הנמל 50 יחידות,"הנמל אריזות ושיווק בע""\מ",,נייר אפיה 50 יחידות,Unknown,0.00,Unknown,false,1,8.90,8.90,true,1,
7290002008651,false,קמח תפוחי אדמה הנמל 500 גרם,ר.ס. חברה ליבוא וייצ,IL,קמח תפוחי אדמה הנמל,גרמים,500.00,100 גרם,false,1,6.90,1.38,true,1,
7290002008743,false,סוכר וניל עשירייה הנמל 100 גרם,"מיוצר וארוז ע""י: ר.ס",,סוכר וניל 10,גרמים,100.00,100 גרם,false,1,2.20,2.20,true,1,
7290002019114,false,רוטב עגבניות מרוכז מאד 28-30BX פריניר,פרי ניר,,רוטב עגבניות % 28 פר,גרמים,560.00,100 גרם,false,1,6.90,1.23,true,1,
7290002019763,false,עגבניות מרוסקות פרי ניר 800 גרם,פרי ניר,,עגבניות מרוסקות 800,גרמים,800.00,100 גרם,false,1,6.70,0.84,true,1,
7290002019787,false,רוטב עגבניות מרוכז מאוד 260 גרם פריניר,פריניר ( הדס 1987) ב,,רוטב עגבניות מרוכז מ,גרמים,260.00,100 גרם,false,1,3.90,1.50,true,1,
7290002019794,false,רוטב עגבניות מרוכז מאוד 100 גרם פריניר,פריניר ( הדס 1987) ב,,רוטב עגבניות מרוכז מ,גרמים,100.00,100 גרם,false,1,1.90,1.90,true,1,
7290002037309,false,שמיניית לחמניות המבורגר,מאפית י את א ברמן בע,,שמיניית לחמניות המבו,גרמים,300.00,100 גרם,false,1,12.50,4.17,true,1,
7290002037637,false,חליות מתוקות מארז 4יח',מאפית י את א ברמן בע,,מארז 4 חליות מתוקות,גרמים,360.00,100 גרם,false,1,12.50,3.47,true,1,
7290002040019,false,קוסקוס רגיל הנמל 350 גרם,"קוסקוס מזון בע""מ",,קוסקוס רגיל 350 גרם,גרמים,350.00,100 גרם,false,1,5.90,1.69,true,1,
7290002040064,false,קוסקוס דק הנמל 350 גרם,טרופיקל דגיל תעשיות,,קוסקוס דק 350 גרם,גרמים,350.00,100 גרם,false,1,5.90,1.69,true,1,
7290002043072,false,אקסטרה פריכיות אורז חום מלא בציפוי שוקולד חלב 70 גרם,נוהלס ג'\י אס סי.,,פריכוני אורז חום מלא,גרמים,70.00,100 גרם,false,0,8.90,12.71,true,1,
7290002043096,false,אקסטרה פריכוני אורז בציפוי שוקולד לבן בלגי,נוהלס ג'\י אס סי.,,פריכוני אורז חום מלא,גרמים,70.00,100 גרם,false,0,8.90,12.71,true,1,
7290002053088,false,אטריות ביצים דקיקים מספר 8 אוריינט 200 גרם,פ.פ.ח טאביט,,אטריות ביצים מס 8 20,גרמים,200.00,100 גרם,false,1,8.60,4.30,true,1,
7290002053095,false,אטריות ביצים דקות מספר 10 אוריינט 200 גרם,פ.פ.ח טאביט,,אטריות ביצים 10 200,גרמים,200.00,100 גרם,false,1,8.60,4.30,true,1,
7290002053118,false,אטריות ביצים עבות מספר 14 אוריינט 200 גרם,האי נאם סי או אל.טי.,,אטריות ביצים 14 200,גרמים,200.00,100 גרם,false,1,8.60,4.30,true,1,
7290002057048,false,זית סורי מתובל בשמן קבוצת יבנה 560 גרם,קבוצת יבנה,,זית סורי מבוקע יבנה,גרמים,540.00,100 גרם,false,1,12.50,2.31,true,1,
7290002057093,false,זיתים מנזנילו גדול קבוצת יבנה 340 גרם,קבוצת יבנה,,זית מנזנילו גדול 540,גרמים,540.00,100 גרם,false,1,9.50,1.76,true,1,
7290002057123,false,זיתים ירוקים מנזנילו קבוצת יבנה 560 גרם,קבוצת יבנה,,חרוזית ירוק יבנה 540,גרמים,540.00,100 גרם,false,1,9.60,1.78,true,1,
7290002057185,false,טבעות זיתים ירוקים קבוצת יבנה 560 גרם,קבוצת יבנה,,טבעות זיתים ירוקים,גרמים,540.00,100 גרם,false,1,9.90,1.83,true,1,
7290002057352,false,מלפפונים במלח ‏9‏-‏7‏ קבוצת יבנה 320 גרם,קבוצת יבנה מוצרי מזון,,מלפפון מלח יבנה 7-9,גרמים,540.00,100 גרם,false,1,6.90,1.28,true,1,
7290002057369,false,מלפפונים במלח ‏12‏-‏10‏ קבוצת יבנה 320 גרם,קבוצת יבנה,,מלפפון במלח יבנה 10-,גרמים,540.00,100 גרם,false,1,7.90,1.46,true,1,
7290002057376,false,מלפפונים במלח ‏17‏-‏13‏ קבוצת יבנה 320 גרם,קבוצת יבנה,,מלפפון במלח יבנה 13-,גרמים,540.00,100 גרם,false,1,9.90,1.83,true,1,
7290002057383,false,מלפפון יבנה במלח קטנים מאוד 18-25 320 גר יבנה,קבוצת יבנה,,מלפפון במלח 18-25 יב,גרמים,540.00,100 גרם,false,1,12.90,2.39,true,1,
7290002057451,false,מלפפונים בחומץ ‏9‏-‏7 קבוצת יבנה 290 גרם,קבוצת יבנה מוצרי מזון,,מלפפון בחומץ יבנה 7-,גרמים,540.00,100 גרם,false,1,6.90,1.28,true,1,
7290002057468,false,מלפפון יבנה בחומץ בינוניים 10-12 290 גרם,קבוצת יבנה,,מלפפון בחומץ יבנה 10,גרמים,540.00,100 גרם,false,1,7.90,1.46,true,1,
7290002057482,false,מלפפונים קטנים בחומץ קבוצת יבנה 560 גרם,קבוצת יבנה,,מלפפון בחומץ 18-25 י,גרמים,540.00,100 גרם,false,1,12.90,2.39,true,1,
7290002057604,false,פלפל חריף שיפקה קבוצת יבנה 225 גרם.,קבוצת יבנה,,שימורי שיפקה יבנה 54,גרמים,540.00,100 גרם,false,1,6.60,1.22,true,1,
7290002073529,false,פקורינו כבשים דותן במשקל,,,פקורינו כבשים דותן,קילוגרמים,0.00,"ק""ג",true,0,191.00,191.00,true,1,
7290002073628,false,גאודה אגוזים הולנדי במשקל,,,גאודה אגוזים הולנדי,Unknown,0.00,"ק""ג",true,0,145.00,145.00,true,1,
7290002079033,false,לחם דגנים לייט פרוס 500 גרם,מאפיית דוידוביץ ובניו בע,,לחם דגנים לייט פרוס,גרמים,500.00,100 גרם,false,1,13.90,2.78,true,1,
7290002079217,false,מחמצת עם אגוזים שיפון 650 ג',מאפיית דוידוביץ ובני,IL,מחמצת עם אגוזים,גרמים,650.00,100 גרם,false,1,12.90,1.98,true,1,
7290002079361,false,לחמניות המבורגר חתוך 6+2*60 ג',מאפיית דוידוביץ ובני,,המבורגר חתוך 60 גרם,גרמים,480.00,100 גרם,false,1,13.90,2.90,true,1,
7290002079477,false,לחם אחיד פרוס דוידוב,מאפיית דוידוביץ ובניו בע,,לחם אחיד פרוס 750 גר,גרמים,750.00,100 גרם,false,1,7.11,0.95,true,1,
7290002079927,false,לחם דגנים מלא דוידוב,מאפיית דוידוביץ ובני,,לחם דגנים קמח מלא,גרמים,750.00,100 גרם,false,1,14.90,1.99,true,1,
7290002107385,false,גליל גבינת עיזים מה עז משק צוריאל 180 גרם,מחלבת משק צוריאל,,עז מה גבינת עיזים,גרמים,180.00,100 גרם,false,1,24.90,13.83,true,1,
7290002107491,false,גבינה לבנה מחלב עיזים למריחה 5% משק צוריאל 250 גרם,מחלבת משק צוריאל,,גבינת עיזים למריחה 5,גרמים,250.00,100 גרם,false,1,16.90,6.76,true,1,
7290002130567,false,דבש דבורים טהור פרחי בר יד מרדכי 350 גרם,מכוורת יד מרדכי שטראוס ב,,דבש טהור יד מרדכי 35,גרמים,350.00,100 גרם,false,1,18.90,5.40,true,1,
7290002130574,false,דבש טהור מפרחי בר בזכוכית 500 ג' יד מרדכי,מכוורת יד מרדכי שטראוס ב,,דבש טהור יד מרדכי500,גרמים,500.00,100 גרם,false,1,24.70,4.94,true,1,
7290002130581,false,"דבש טהור מפרחי בר בזכוכית 1 ק""ג",מכוורת יד מרדכי שטראוס ב,IL,דבש טהור יד מרדכי 1,גרמים,1000.00,100 גרם,false,1,42.90,4.29,true,1,
7290002132011,false,עוגיות מזרחיות מלוחות עבאדי 400 גרם,מאפיית יוסף ושמחה עבאדי,,עבאדי עוגיות מזרחיות,גרמים,400.00,100 גרם,false,1,18.90,4.73,true,1,
7290002133520,false,יוגורט של פעם 3% גבינות השומרון 400 גרם,מחלבת השומרון,,"יוגורט של פעם 400 מ""",מיליליטרים,400.00,"100 מ""ל",false,1,11.40,2.85,true,1,
7290002133551,false,גבינת לאבנה עם שמן זית וזעתר 5% השומרון 500 גרם,מחלבת השומרון,,לבנה 500 גר,גרמים,500.00,100 גרם,false,1,24.90,4.98,true,1,
7290002133940,false,יוגורט של פעם כבשים 4% גבינות השומרון 180 גרם,מחלבת השומרון,,יוגורט של פעם כבשים,גרמים,180.00,100 גרם,false,1,7.10,3.94,true,1,
7290002190141,false,ריבת חלב קונדיטור 450גרם,Barhan gida sanayi v,,ריבת חלב בצנצנת 450,גרמים,450.00,100 גרם,false,1,13.90,3.09,true,1,
7290002190516,false,"ריבת חלב גלעם-קומידה 500ג' 12X-כשל""פ",אשבל מזון פונקציונלי בע\,,ממרח ריבת חלב 500 גר,גרמים,500.00,100 גרם,false,1,13.90,2.78,true,1,
7290002196006,false,מ.מלכות בתוספת גינגר לימון 450 גר,,IL,מ.מלכות בתוספת גינגר,גרמים,450.00,100 גרם,false,1,99.90,22.20,true,1,
7290002196617,false,משק לין רוטב חרדל ודבש,משק דבורים לין,,רוטב חרדל ודבש 320 ג,גרמים,320.00,100 גרם,false,1,23.90,7.47,true,1,
7290002196884,false,משק לין רוטב דבש עם בוטנים וקארי,"משק דבורים לין בע""\מ",,רוטב בוטנים וקארי 35,גרמים,350.00,100 גרם,false,1,19.90,5.69,true,1,
7290002204220,false,אוכמניות,,,אוכמניות,Unknown,0.00,Unknown,false,1,19.90,19.90,true,1,
7290002208129,false,השומרון גבינת חלומי כבשים 250ג,,,חלומי כבשים דותן 250,גרמים,250.00,100 גרם,false,1,37.90,15.16,true,1,
7290002208464,false,"גבינת קשקבל תוצרת הארץ כבשים קרטונית, 200 גרם",,,קשקבל כבשים משק דותן,גרמים,200.00,100 גרם,false,1,40.90,20.45,true,1,
7290002208488,false,מנצגו כבשים משק דותן 200 גרם,,,מנצגו כבשים משק דותן,גרמים,200.00,100 גרם,false,1,40.90,20.45,true,1,
7290002208495,false,דותן תום כבשים מיושן 200 ג',משק דותן,,תום כבשים משק דותן 2,גרמים,200.00,100 גרם,false,1,34.90,17.45,true,1,
7290002208532,false,"גבינת צ'דר כבשים קרטונית, 200 גרם",,,צדר כבשים משק דותן 2,גרמים,200.00,100 גרם,false,1,40.90,20.45,true,1,
7290002232995,false,ציפוי לשניצל פז 500 גרם דגש,פ.פ.ח. שאביט,,ציפוי פז דגש 500 גרם,גרמים,500.00,100 גרם,false,1,32.90,6.58,true,1,
7290002253006,false,שום כתוש דורות בצנצנת 200 גרם,עיצובים 2020 (3.8),,שום כתוש בצנצנת 200,גרמים,200.00,100 גרם,false,1,16.90,8.45,true,1,
7290002253105,false,קוביות שום כתוש טרי דורות 80 גרם,עיצובים 2020 (3.8),,מגשית שום טרי דורות,גרמים,80.00,100 גרם,false,1,12.90,16.13,true,1,
7290002253174,false,קוביות שמיר קצוץ דורות 70 גרם,עיצובים 2020 (3.8),,מגשית שמיר קצוץ דורו,גרמים,70.00,100 גרם,false,1,12.50,17.86,true,1,
7290002253235,false,דורות רוטב פסטו 160 גרם,עיצובים 2020 (3.8),,דורות רוטב פסטו 160,גרמים,160.00,100 גרם,false,1,15.60,9.75,true,1,
7290002253310,false,דורות שום צילי חריף קוביות תערובת 80 גר,עיצובים 2020 (3.8),IL,קוביות שום צילי חריף,גרמים,80.00,100 גרם,false,1,13.50,16.88,true,1,
7290002259657,false,"דייאמונד רדיד אלומיניום צר 30 ס""מ ארוך פי 3, 22.5 מ'",קריות זול,,דיאמונד רדיד אלומיני,מטרים,22.50,מטר,false,1,31.50,1.40,true,1,
7290002291046,false,המבורגר מסעדות 480 גרם הקצביה בלדי,יוליניבר,,המבורגר מסעדות 480 ג,גרמים,480.00,100 גרם,false,1,26.90,5.60,true,1,
7290002304203,false,קונפיטורה ביתית תות לייט 600 גר,ענבי ציון,,קונפיטורה ביתית תות,גרמים,600.00,100 גרם,false,1,31.50,5.25,true,1,
7290002304210,false,קונפיטורה ביתית משמש לייט 600 גר,ענבי ציון,,קונפיטורה ביתית משמש,גרמים,600.00,100 גרם,false,1,31.50,5.25,true,1,
7290002304227,false,קונפיטורה ביתית דובדבן חמוציות לייט 600,ענבי ציון,,קונפיטורה ביתית דובד,גרמים,600.00,100 גרם,false,1,31.50,5.25,true,1,
7290002304425,false,מעדן ענבי ציון דובדבן 1.2 קג,ענבי ציון,,מעדן ענבי ציון דובדב,קילוגרמים,0.00,"ק""ג",false,1,31.50,31.50,true,1,
7290002304432,false,"מעדן ענבי ציון תות 1.20 ק""ג",ענבי ציון,,מעדן ענבי ציון תות 1,קילוגרמים,0.00,"ק""ג",false,1,31.50,31.50,true,1,
7290002304463,false,מעדן ענבי ציון פרי היער1.2 קג,ענבי ציון,,מעדן ענבי ציון פרי ה,קילוגרמים,0.00,"ק""ג",false,1,31.50,31.50,true,1,
7290002304487,false,"מעדן ענבי ציון אוכמניות 1.2 ק""ג",ענבי ציון,,מעדן ענבי ציון אוכמנ,קילוגרמים,0.00,"ק""ג",false,1,31.50,31.50,true,1,
7290002304609,false,קונפיטורה ביתי ענבי ציון תות 600 גרם,ענבי ציון,IL,קונפיטורה ביתי ענבי,גרמים,600.00,100 גרם,false,1,19.90,3.32,true,1,
7290002304616,false,קונפיטורה ביתית ענבי ציון משמש 600 גרם,ענבי ציון,IL,קונפיטורה ביתי ענבי,גרמים,600.00,100 גרם,false,1,19.90,3.32,true,1,
7290002304623,false,קונפיטורה ביתי ענבי ציון פירות יער 600 גר,ענבי ציון,IL,קונפיטורה ביתי ענבי,גרמים,600.00,100 גרם,false,1,19.90,3.32,true,1,
7290002304630,false,קונפיטורה ביתי ענבי ציון דובדבן 600 גרם,ענבי ציון,IL,קונפיטורה ביתי ענבי,גרמים,600.00,100 גרם,false,1,19.90,3.32,true,1,
7290002304654,false,קונפיטורה ביתי ענבי ציון שזיף 600 גרם,ענבי ציון,IL,קונפיטורה ביתי ענבי,גרמים,600.00,100 גרם,false,1,19.90,3.32,true,1,
7290002304661,false,קונפיטורה ביתי ענבי ציון אוכמניות 600 גרם,ענבי ציון,IL,קונפיטורה ביתי ענבי,גרמים,600.00,100 גרם,false,1,19.90,3.32,true,1,
7290002304692,false,קונפיטורה ענבי ציון חמוציות ודובדבן 600,ענבי ציון,IL,קונפיטורה ענבי ציון,גרמים,600.00,100 גרם,false,1,19.90,3.32,true,1,
7290002331025,false,"מים מינרלים נביעות ספורט 500 מ""ל פקדון",נביעות טבע הגליל בעמ,,"נביעות 500 מ""ל",מיליליטרים,500.00,"100 מ""ל",false,1,5.90,1.18,true,1,
7290002331360,false,"נביעות מים מינרליים טו גו מארז 500X6מ""ל",נביעות טבע,,שישיית מים נביעות,מיליליטרים,3000.00,"100 מ""ל",false,1,14.90,0.50,true,1,
7290002331421,false,"שישיית מים מינרליים GO TO נביעות 755 מ""ל",נביעות טבע הגליל בעמ,,"שישיית נביעות 755 מ""",מיליליטרים,4530.00,"100 מ""ל",false,1,16.90,0.37,true,1,
7290002331490,false,מים מינרליים נביעות 1 ליטר,נביעות טבע הגליל בעמ,,מים נביעות 1 ליטר,מיליליטרים,1000.00,"100 מ""ל",false,1,2.90,0.29,true,1,
7290002333678,false,שומשום מלא אורגני הרדוף 300 גרם,אול אורגני,,שומשום מלא אורגני 30,גרמים,300.00,100 גרם,false,1,12.90,4.30,true,1,
7290002333692,false,דוחן אורגני הרדוף 500 גרם,אול אורגני,,דוחן אורגני 500 גר,גרמים,500.00,100 גרם,false,1,10.90,2.18,true,1,
7290002333838,false,כוסמת אורגנית ירוקה 500 גרם - הרדוף,אול אורגני,,כוסמת אורגנית 500 גר,גרמים,500.00,100 גרם,false,1,11.40,2.28,true,1,
7290002353249,false,חרדל דיז'ון מיילי 345 גרם,מיוצר עי קונדיטוריית,,ממרח דיגונז 345 גרם,גרמים,345.00,100 גרם,false,1,24.90,7.22,true,1,
7290002353836,false,סרדינים רוברט בשמן זית 115 גרם,קונסרבס פורטוגל נורטה,,סרדינים רוברט בשמן,גרמים,120.00,100 גרם,false,1,8.90,7.42,true,1,
7290002360124,false,חליטת צמחים ורד הבר והיביסקוס פומפדור 20 יחידות,TEEKANNE- POMPADOU,,תה פומפדור ורד בר+הי,Unknown,0.00,Unknown,false,1,18.80,18.80,true,1,
7290002360155,false,חליטת תה פרחי שומר פומפדור 20 שקיקים,TEEKANNE- POMPADOU,,תה חליטת פומפדור שומ,Unknown,0.00,Unknown,false,1,18.80,18.80,true,1,
7290002360285,false,חליטת צמחים פומפדור קמומיל 20 יחידות,TEEKANNE- POMPADOU,,תה חליטת קמומיל 20 י,Unknown,0.00,Unknown,false,1,18.80,18.80,true,1,
7290002370154,false,גבינת צדר מיושנת VINTAGE במשקל,ווייקה פארמס,GB,גבינת צדר מיושנת VIN,Unknown,0.00,"ק""ג",true,0,119.00,119.00,true,1,
7290002370789,false,גבינת כבשים עם פטריות כמהין במשקל 36% שו,אל פסטור,,גבינת כבשים עם פטריו,Unknown,0.00,"ק""ג",true,0,200.00,200.00,true,1,
7290002370796,false,גבינת כבשים בציפוי רוזמרין במשקל 36% שומ,אל פסטור,ES,גבינת כבשים בציפוי ר,Unknown,0.00,"ק""ג",true,0,200.00,200.00,true,1,
7290002370994,false,גבינת גאודה עם פטריות כמהין שקיל,רובין הולנד,NL,גבינת גאודה עם פטריו,Unknown,0.00,"ק""ג",true,0,155.00,155.00,true,1,
7290002371526,false,דקניקים סלסולי פסטרמה שום וצילי פיקנטי טירת צבי 120 גרם,הנסיך- מפעל לייצור ט,,סלסולי פסטרמה שום,גרמים,120.00,100 גרם,false,1,14.90,12.42,true,1,
7290002371533,false,דקניקים סלסולי פסטרמה דבש טירת צבי 120 גרם,הנסיך- מפעל לייצור ט,,סלסולי פסטרמה ודבש 1,גרמים,120.00,100 גרם,false,1,14.90,12.42,true,1,
7290002371571,false,פסטרמה פרגיות לבאגט במשקלטירת צבי,טירת- צבי,,פסטרמה פרגיות לבאגט,Unknown,0.00,"ק""ג",true,0,85.00,85.00,true,1,
7290002371854,false,נקניקיות עוף חריפות טירת צבי 2 * 500 גרם,הנסיך- מפעל לייצור ט,,נקניקיות חריפות 1 קג,קילוגרמים,0.00,"ק""ג",false,1,22.90,22.90,true,1,
7290002371939,false,סרוולד בסגנון צרפתי דליקטיב 120 גרם,הנסיך- מפעל לייצור ט,,סרוולט צרפתי 120 גר,גרמים,120.00,100 גרם,false,1,34.50,28.75,true,1,
7290002374268,false,שמן חמניות מילומור 1 ליטר,שמן תעשיות,,שמן חמניות 1 ליטר,מיליליטרים,1000.00,"100 מ""ל",false,1,12.50,1.25,true,1,
7290002374312,false,"שמן קנולה מילומור 1 ל' עד""ח","נארז ע""י : א.ג. גילר",,שמן קנולה 1 ליטר,מיליליטרים,1000.00,"100 מ""ל",false,1,10.90,1.09,true,1,
7290002374640,false,שמן בריאות קנולה פלוס אומגה 3 עץ הזית 1 ליטר,שמן תעשיות,,שמן קנולה פלוס אומגה,מיליליטרים,1000.00,"100 מ""ל",false,1,16.90,1.69,true,1,
7290002408161,false,גבינה הולנדיה קרם 235ג',,NL,הולנדית קרם 235 גר,גרמים,235.00,100 גרם,false,1,16.70,7.11,true,1,
7290002408178,false,ינטר קרם 235 גרם,,NL,ינטר קרם 235 גרם,גרמים,235.00,100 גרם,false,1,16.70,7.11,true,1,
7290002408352,false,מולוצניק לטבייסקי 275 גר,,,גבינת מולוצניק,גרמים,275.00,100 גרם,false,0,12.90,4.69,true,1,
7290002408468,false,"איירן 300 מ""ל",,IL,"איירן 300 מ""ל",מיליליטרים,300.00,"100 מ""ל",false,0,6.20,2.07,true,1,
7290002408505,false,גבינת לטבייסקי ממרח בסיס על שמנת 350 גרם,,LV,גבינת לטבייסקי ממרח,גרמים,350.00,100 גרם,false,0,10.40,2.97,true,1,
7290002421153,false,גבינת חלומי תרשיחא 180 גרם,מחלבת גדות,,גבינת חלומי תרשיחא 1,גרמים,180.00,100 גרם,false,1,24.90,13.83,true,1,
7290002421160,false,פטה 19% חלב עיזים 160 גרם - גבינות הגולן,מחלבת גדות,,גבינת פטה 19% 160 גר,גרמים,160.00,100 גרם,false,1,23.90,14.94,true,1,
7290002421177,false,גבינת תום היידי בת ההרים 170 גרם,מחלבת גדות,,גבינת תום היידי,גרמים,170.00,100 גרם,false,1,33.20,19.53,true,1,
7290002421184,false,גבינת תום ביין היידי 165 גרם,מחלבת גדות,,גבינת תום ביין היידי,גרמים,165.00,100 גרם,false,1,36.60,22.18,true,1,
7290002421399,false,גבינת גאודה צילי 200 גרם,מחלבת גדות,,גבינת גאודה צילי 200,גרמים,200.00,100 גרם,false,1,24.90,12.45,true,1,
7290002421443,false,גבינת צדר 180 גרם חל,מחלבת גדות,,גבינת צדר 180 גרם,גרמים,180.00,100 גרם,false,1,23.90,13.28,true,1,
7290002460084,false,"סולת 1 ק""ג מן",,,סולת 1 קג,גרמים,1000.00,100 גרם,false,1,4.80,0.48,true,1,
7290002477556,false,כבד עוף טרי,,,כבד עוף טרי,Unknown,0.00,"ק""ג",true,0,19.90,19.90,true,1,
7290002485025,false,סלט חומוס מסעדות 500 גרם,"סלטי שמיר 2006 בע""מ",,חומוס מסעדות 500גר,גרמים,500.00,100 גרם,false,1,16.20,3.24,true,1,
7290002485049,false,סלט חומוס מסבחה 500 גרם,"סלטי שמיר 2006 בע""מ",,חומוס מסבחה 500גר,גרמים,500.00,100 גרם,false,1,16.20,3.24,true,1,
7290002485063,false,סלט חומוס אבו גוש בי,"סלטי שמיר 2006 בע""מ",,חומוס אבו גוש 500גר,גרמים,500.00,100 גרם,false,1,16.20,3.24,true,1,
7290002502296,false,בונז'ור לחמניה קלועה קנוי 100 ג',בונז'ור,,לחמניה קלועה,גרמים,100.00,100 גרם,false,1,3.50,3.50,true,1,
7290002507277,false,קציצות דג דלידג 700 גרם,אף.סי תבליני בגליל ב,,קציצות דג דלידג 700,גרמים,700.00,100 גרם,false,1,26.90,3.84,true,1,
7290002515371,false,"קמיל בלו אל סבון לתינוקות ד""ר פישר 1 ליטר",פישר מעבדות פרמצבטיות בע,,אל סבון קמיל בלו קלא,מיליליטרים,1000.00,"100 מ""ל",false,1,29.50,2.95,true,1,
7290002543046,false,דגני בוקר קלוגס פרוסטיס 750 גרם,קלוג מנייופרטורינג א,,קלוגס פרוסטיס 750 גר,גרמים,750.00,100 גרם,false,1,17.90,2.39,true,1,
7290002543237,false,דגני בוקר קלוגס קורנפלקס 750 גרם,קלוגס קומפני אוף גרייט ב,,קלוגס קורן פלקס 750,גרמים,750.00,100 גרם,false,1,14.90,1.99,true,1,
7290002544203,false,ממרח פסטו מוטי שף 180גרם,,,ממרח פסטו 190 גרם,גרמים,190.00,100 גרם,false,1,20.90,11.00,true,1,
7290002551003,false,סטארקיסט טונה בשמן בודד 160ג',סטאר קיסט,,טונה סטארקיסט בשמן,גרמים,160.00,100 גרם,false,1,7.40,4.63,true,1,
7290002551010,false,סטארקיסט טונה במים 160גרם-בי,"סטארקיסט פודור בע""מ",,טונה סטארקיסט במים,גרמים,160.00,100 גרם,false,1,7.40,4.63,true,1,
7290002603474,false,פיצת השף מאיטליה רוטב פטריות בטעם כמהין 256 גרם,סוילה אס.אר.אל,,פיצה רוטב פטריות בטע,גרמים,200.00,100 גרם,false,1,16.90,8.45,true,1,
7290002603498,false,פיצת השף מאיטליה אנטי פסטי 256 גרם,האי נאם סי או אל.טי.,,פיצה אנטיפסטי שגב 20,גרמים,200.00,100 גרם,false,1,16.90,8.45,true,1,
7290002617013,false,מונטניולו גרמני במשקל,,,מונטניולו גרמני במשק,Unknown,0.00,"ק""ג",true,0,168.00,168.00,true,1,
7290002617044,false,חמאה צרפתית פלאשרד במשקל,,FR,חמאה צרפתית פלאשרד,Unknown,0.00,"ק""ג",true,0,52.00,52.00,true,1,
7290002617297,false,פילה דג בסה מעובד קלאסי קפוא,,,פילה דג בסה קפוא,Unknown,0.00,Unknown,false,1,28.90,28.90,true,1,
7290002617518,false,צוריסוס עגל קפוא,,,צוריסוס עגל קפוא,Unknown,0.00,"ק""ג",true,0,69.90,69.90,true,1,
7290002617709,false,"שרימפס מקולף גמבו 1 ק""ג קפוא 16/20",,,שרימפס מקולף גמבו 1,קילוגרמים,0.00,"ק""ג",false,1,135.90,135.90,true,1,
7290002617723,false,"שרימפס מקולף 1 ק""ג גדול קפוא 26/30",,,שרימפס מקולף גדול,קילוגרמים,0.00,"ק""ג",false,1,109.90,109.90,true,1,
7290002627210,false,גפילטע פיש קציצות מדגי קרפיון וכסיף בצנצנת 560 גרם,האי נאם סי או אל.טי.,,גפילטע פיש 570 גר,גרמים,570.00,100 גרם,false,1,15.60,2.74,true,1,
7290002661153,false,"לחם דני קל ברמן 1 ק""",מאפית י את א ברמן בע,,"לחם דני קל 1 ק""ג",גרמים,1000.00,100 גרם,false,1,15.90,1.59,true,1,
7290002661979,false,קרקר פריך פישתן כשלפ 100גר,אבונט ק.פ.ט.,HU,פריך פישתן 150 גרם,גרמים,150.00,100 גרם,false,1,7.20,4.80,true,1,
7290002674221,false,"אקווה פרש משחת שינים 100 מ""ל משאבה מנטה",גלקסו סמית קליין,,אקוה פרש משחת שיניים,Unknown,0.00,Unknown,false,1,20.50,20.50,true,1,
7290002692393,false,שמן קנולה מזוכך מועשר עץ הזית 1 ליטר,שמן תעשיות בעמ,,שמן קנולה עץ הזית 1,מיליליטרים,1000.00,"100 מ""ל",false,1,15.90,1.59,true,1,
7290002715504,false,ארוחת נודלס בטעם עוף מג'יק 70 גרם,טאט הוי פוד בעמ,,מרק עוף מגיק בכוס 70,גרמים,70.00,100 גרם,false,1,4.90,7.00,true,1,
7290002715511,false,ארוחת נודלס בטעם בשר מג'יק 70 גרם,טאט הוי פוד בעמ,,מרק בשר מגיק בכוס 70,גרמים,70.00,100 גרם,false,1,4.90,7.00,true,1,
7290002715528,false,ארוחת נודלס בטעם ירקות מג'יק 70 גרם,טאט הוי פוד בעמ,,מרק ירקות מגיק בכוס,גרמים,70.00,100 גרם,false,1,4.90,7.00,true,1,
7290002715580,false,ארוחת נודלס בטעם סיני חריף מג'יק 70 גרם,טאט הוי פוד בעמ,,מרק סיני מגיק בכוס 7,גרמים,70.00,100 גרם,false,1,4.90,7.00,true,1,
7290002730262,false,"נוזל לניקוי כלים קלאסי פלמוליב 750 מ""ל",יבואן ומשווק: ש. שסט,,פלמוליב לכלים אקטיב,מיליליטרים,750.00,"100 מ""ל",false,1,11.90,1.59,true,1,
7290002730538,false,פדיות להסרת איפור בלונס 80 יחידות,הנסיך- מפעל לייצור ט,,בלונס מסיר איפור,Unknown,0.00,Unknown,false,1,11.40,11.40,true,1,
7290002730675,false,"קולגייט משחת שיניים אדומה משפחתי 100 מ""ל",קולגייט-פלמוליב,,משחת שיניים קולגייט,Unknown,0.00,Unknown,false,1,10.90,10.90,true,1,
7290002730811,false,"משחת שיניים ג'ל פסים מרעננים קולגייט 100 מ""ל",הנסיך- מפעל לייצור ט,,משחת שיניים קולגייט,גרמים,150.00,100 גרם,false,1,13.10,8.73,true,1,
7290002730958,false,סבון מוצק בניחוח זיתים ואלוורה פלמוליב 4*100 גרם,הנסיך- מפעל לייצור ט,,סבון מוצק פלמוליב יר,גרמים,400.00,100 גרם,false,1,21.90,5.48,true,1,
7290002752332,false,"סוכריות מנטוס פירות בגליל, 37.5 גרם",הדקלאים אגודת שיתופי,,מנטוס פירות,גרמים,37.00,100 גרם,false,1,3.40,9.19,true,1,
7290002752349,false,סוכריות מנטוס מנטה 40יח' בגליל 38ג',פרפטי ואן מלה,NL,מנטוס מנטה גליל 37 ג,גרמים,37.00,100 גרם,false,1,3.60,9.73,true,1,
7290002753223,false,רביעייה סוכריות תפוז 4*16 ג' טיק טק,פררו - אלבה,,טיק טק תפוז רביעייה,גרמים,64.00,100 גרם,false,1,10.90,17.03,true,1,
7290002753995,false,סוכריות עדשים לקישוט עוגה וורנר 6*25 גרם,היינץ צפון אמריקה מק,,קישוטי עוגה 150 גרם,גרמים,150.00,100 גרם,false,1,21.90,14.60,true,1,
7290002766056,false,עגבניות שרי לב אדום יח',רון שרי,,עגבניות שרי,Unknown,0.00,Unknown,false,1,12.90,12.90,true,1,
7290002771104,false,קפה עם הל אל נחלה 500 גרם,מולינו ניקולי s.p.a,,קפה 500 גר עם הל,גרמים,500.00,100 גרם,false,1,31.20,6.24,true,1,
7290002771111,false,קפה עם הל אל נחלה 250 גרם,מולינו ניקולי s.p.a,,קפה עם הל 250 גרם,גרמים,250.00,100 גרם,false,1,16.50,6.60,true,1,
7290002771128,false,קפה אלנח'לה בלי הל 250 ג',מולינו ניקולי s.p.a,,קפה בלי הל 250 גרם,גרמים,250.00,100 גרם,false,1,16.50,6.60,true,1,
7290002771326,false,קפסולות קפה אלנחלה קלוי טחון עם הל 10 יח,קפה אל נח'לה,,קפסולות קפה אלנחלה ק,Unknown,0.00,Unknown,false,1,17.90,17.90,true,1,
7290002793311,false,שירות והחלפה מילוי גז 60 סודהסטרים,סודה סטרים,,שירות והחלפה מילוי ג,Unknown,0.00,Unknown,false,1,59.90,59.90,true,1,
7290002805151,false,סיף פנטסטיק לרצפות בניחוח סחלבים 4ל',יוניליוור ישראל טיפו,,שמפו פנטסטיק רצפות 4,ליטרים,0.00,ליטר,false,1,25.90,25.90,true,1,
7290002814016,false,"מסיר שומנים מתז 750 מ""ל סנט מוריץ כשל""פ עד""ח","קומפלקס כימיקלים בע""",,מסיר שומנים,מיליליטרים,750.00,"100 מ""ל",false,1,16.70,2.23,true,1,
7290002814351,false,"מילוי מכשיר אוויר 250 מ""ל fashion sweetie סנט מוריץ",סורה קוסמטיקס,,fashion sweetie מילו,Unknown,0.00,Unknown,false,1,13.90,13.90,true,1,
7290002814870,false,"סנט מוריץ - מרסס מסיר שומנים קר מבושם לוונדר\פרחים 750 מ""ל",קומפלקס כימיקלים בעמ,IL,מסיר שומנים סנט מורי,מיליליטרים,750.00,"100 מ""ל",false,1,12.90,1.72,true,1,
7290002824183,false,"גבינה לבנה סקי 500 גרם 5% ""שטראוס"" -מוצר בפיקוח",מיוצר עי קונדיטוריית,,סקי משפחתי 5% 500 גר,גרמים,500.00,100 גרם,false,1,9.96,1.99,true,1,
7290002824466,false,יוגורט דנונה ביו לבן 0% שומן 200 גרם,"שטראוס בריאות בע""\מ",,יוגורט דנונה ביו 0%,מיליליטרים,200.00,"100 מ""ל",false,1,3.70,1.85,true,1,
7290002824640,false,"גבינת סקי 250 גרם 5% ""שטראוס"" -מוצר בפיקוח",מיוצר עי קונדיטוריית,IL,גבינת סקי 5% 250 גרם,גרמים,250.00,100 גרם,false,1,4.98,1.99,true,1,
7290002825722,false,סלט כרוב אדום אחלה 500 גרם,מיוצר עי קונדיטוריית,,כרוב אדום 500 גר,גרמים,500.00,100 גרם,false,1,14.20,2.84,true,1,
7290002830948,false,גבינת עיזים מותכת 30% מון בלאן 120 גרם,סלס קרית מלאכי ישראל,,גבינה מון בלאן עיזים,גרמים,120.00,100 גרם,false,1,13.30,11.08,true,1,
7290002837039,false,פרמזן דזוגס במשקל,,,פרמזן דזוגס במשקל,Unknown,0.00,"ק""ג",true,0,84.00,84.00,true,1,
7290002842293,false,סרדין מינרבה חריף 120 גרם,יו.אס.איי וליו קו,,סרדין מינרבה חריף 12,גרמים,120.00,100 גרם,false,1,8.90,7.42,true,1,
7290002842309,false,סרדין מינרבה בשמן 120 גרם,יו.אס.איי וליו קו,,סרדין מינרבה בשמן 12,גרמים,120.00,100 גרם,false,1,8.90,7.42,true,1,
7290002851721,false,מלפפון בייבי 600 גרם,,,מלפפון ביבי 600 גרם,גרמים,100.00,100 גרם,false,1,21.90,21.90,true,1,
7290002868996,false,"קוטג' 5% שומן, רכיבים טבעיים, 250 גרם",קריות זול,,קוטג 5% מועשר 250 גר,גרמים,250.00,100 גרם,false,1,5.90,2.36,true,1,
7290002881018,false,מעדן תות שדה סאן מורנו 284 גרם,קריות זול,,מעדן תות שדה 100% 28,גרמים,284.00,100 גרם,false,1,14.90,5.25,true,1,
7290002881025,false,מעדן דובדבן חמוץ 100% 284 גרם,דוברומירוב,,מעדן דובדבן חמוץ 100,גרמים,284.00,100 גרם,false,1,14.90,5.25,true,1,
7290002881032,false,מעדן אוכמניות כחולות 100% 284 גרם,קריות זול,,מעדן אוכמניות כחולות,גרמים,284.00,100 גרם,false,1,14.90,5.25,true,1,
7290002881094,false,מעדן פטל 100% פרי ללא תוספת סוכר 284 גרם,קריות זול,,מעדן מיקס פטל 100%,גרמים,284.00,100 גרם,false,1,14.90,5.25,true,1,
7290002881124,false,מעדן פרי שזיף 100% 284 גרם,,,מעדן פרי שזיף 100% 2,גרמים,284.00,100 גרם,false,1,14.90,5.25,true,1,
7290002881209,false,רסק תפוחי עץ דיאט 700 ג' תומר,KONSERVENFABRIEK BALTUSSEN,,רסק תפוחי עץ 720 גרם,גרמים,720.00,100 גרם,false,1,12.10,1.68,true,1,
7290002881216,false,רסק תפוחי עץ לא ממותק תומר 700 גרם,KONSERVENFABRIEK BALTUSSEN,,רסק תפוחי עץ דיאט 7,גרמים,708.00,100 גרם,false,1,12.10,1.71,true,1,
7290002881230,false,חתיכות אננס בסירופ קל תומר 850 גרם,"אניס פארם בע""מ",,אננס חתוך תומר 850 ג,גרמים,825.00,100 גרם,false,1,11.90,1.44,true,1,
7290002881247,false,פרוסות אננס בסירופ קל תומר 850 גרם,"אניס פארם בע""מ",,אננס שלם תומר 850 גר,גרמים,850.00,100 גרם,false,1,11.90,1.40,true,1,
7290002881254,false,קוקטייל פירות טרופיים בסירופ קל תומר 825 גרם,סאנרייז אגריקלטור,,קוקטייל טרופי תומר,גרמים,850.00,100 גרם,false,1,11.90,1.40,true,1,
7290002881261,false,"ליצ'י שלם 565 גרם ""תומר""",גיבונג אינדסקיאלס,,ליציס שלם 565 גרם,גרמים,565.00,100 גרם,false,1,11.90,2.11,true,1,
7290002881278,false,לפתן אפרסק חצאים תומ,אלבס אס.א.גריק,,אפרסק חצאים 820 גרם,גרמים,820.00,100 גרם,false,1,11.90,1.45,true,1,
7290002881506,false,חמאת בוטנים 510 ג' תומר,Niza s a,,חמאת בוטנים 500 גרם,גרמים,500.00,100 גרם,false,1,16.90,3.38,true,1,
7290002881513,false,חמאת בוטנים עם שברי בוטנים 510 ג' תומר,Niza s a,,חמאת בוטנים עם שברי,גרמים,500.00,100 גרם,false,1,16.90,3.38,true,1,
7290002881742,false,לבבות דקל פרוסות תומר 400 גרם,Inaexpo,,לבבות דקל פרוס 400 ג,גרמים,400.00,100 גרם,false,1,7.90,1.98,true,1,
7290002881865,false,פטריות שמפיניון חתוכות 400 ג' תומר,Prochamp B.V,,פטריות חתוכות 400 גר,גרמים,400.00,100 גרם,false,1,5.20,1.30,true,1,
7290002881919,false,פיטריות שמפניון שלמות קטנות תומר 400 גרם,גיבונג אינדסקיאלס,,שימורי פטריות 8 שלם,גרמים,400.00,100 גרם,false,1,8.10,2.03,true,1,
7290002881957,false,סרדינים מרוקאי חריף בשמן חמניות 125ג' תומר,Union des pecheries,,סרדין מרוקאי חריף 12,גרמים,125.00,100 גרם,false,1,6.50,5.20,true,1,
7290002881988,false,סרדינים בשמן חמניות ולימון תומר 125 גרם,,,סרדין מרוקאי בשמן ול,גרמים,125.00,100 גרם,false,1,6.50,5.20,true,1,
7290002900214,false,קבב מזרחי טירת צבי 4,טיב טירת צבי 2000,,קבב מזרחי 450 גרם,גרמים,450.00,100 גרם,false,1,27.90,6.20,true,1,
7290002900436,false,פסטרמה איטלקי מילנו משקל,טירת- צבי,,פסטרמה איטלקית,גרמים,0.00,"ק""ג",true,0,85.00,85.00,true,1,
7290002909569,false,ברבוניה פילה 400 גרם ארוז - הדייג,דולפין ספא,,פילה ברבוניה 400 גרם,גרמים,400.00,100 גרם,false,1,22.90,5.73,true,1,
7290002909804,false,פילה בקלה (מרלוזה ) ללא עור ארגנטיני,אל מאריסקו,,פילה מרלוזה קפוא,Unknown,0.00,"ק""ג",true,0,35.90,35.90,true,1,
7290002909880,false,"פולי סויה - אדממה - 400 גרם (בד""ץ עדה חרדית)",ZHEJIANG,,פולי סויה אדממה 400,גרמים,400.00,100 גרם,false,1,9.90,2.48,true,1,
7290002921165,false,"חלב לניקוי רהיטי עור הזלין יעקבי 400 מ""ל",אסטוניש -לידס,,הזלין ספריי,מיליליטרים,400.00,"100 מ""ל",false,1,37.50,9.38,true,1,
7290002921240,false,"קרבונה שמפוזר לניקוי שטיחים וריפוד יעקבי 650 מ""ל",קרבונה Carbona,,שמפוזר קרבונה אדום,מיליליטרים,650.00,"100 מ""ל",false,1,34.50,5.31,true,1,
7290002954460,false,"Sunwhite אורז אוסטרלי עגול לסושי-1 ק""ג",בני ג'ורג' שוקחה חיפ,,אורז אוסטרלי עגול 1,גרמים,1000.00,100 גרם,false,1,12.90,1.29,true,1,
7290002958208,false,סיגריות רויאל כחול פ,דובק,,רויאל כחול עשירייה,יחידה,1.00,יחידה,false,1,245.00,245.00,true,1,
7290002966005,false,קוויאר אדום מאצות ים 100גר,,,קוויאר אדום מאצות ים,גרמים,100.00,100 גרם,false,1,13.90,13.90,true,1,
7290002966012,false,קוויאר שחור מאצות ים 100גר,,,קוויאר שחור מאצות ים,גרמים,100.00,100 גרם,false,1,13.90,13.90,true,1,
7290002966784,false,סלט איקרא ורודה 200 גרם,,IL,סלט איקרא ורודה 200,גרמים,200.00,100 גרם,false,1,13.90,6.95,true,1,
7290002966791,false,סלט איקרא לבנה 200 גרם,,IL,סלט איקרא לבנה 200 ג,גרמים,200.00,100 גרם,false,1,13.90,6.95,true,1,
7290002970828,false,מזלג מוכסף פסים 20 יחידות,WWP,,מזלג מוכסף פסים,Unknown,0.00,Unknown,false,1,4.90,4.90,true,1,
7290002971009,false,"קמח חיטה לבן בהיר שטיבל 1 ק""ג",שטיבל טחנות קמח,,"קמח לבן שטיבל 1 ק""ג",גרמים,1000.00,100 גרם,false,1,4.80,0.48,true,1,
7290002971016,false,"שטיבל סולת חיטה 1 ק""ג","שטיבל בע""מ",,"סולת שטיבל 1 ק""ג",גרמים,1000.00,100 גרם,false,1,4.80,0.48,true,1,
7290002971955,false,קמח שטיבל חיטה לבן מנופה 1קג,טחנת קמח דגן-שטיבל,,קמח שטיבל 650 ללא ני,גרמים,1000.00,100 גרם,false,1,9.40,0.94,true,1,
7290002972006,false,"קמח שטיבל 405 ללא ניפוי 1 ק""ג",טחנת קמח דגן-שטיבל,,קמח שטיבל 405 ללא ני,גרמים,1000.00,100 גרם,false,1,9.40,0.94,true,1,
7290002972426,false,קמח שטיבל 80% ללא צורך בניפוי,טחנת קמח דגן-שטיבל,,קמח שטיבל 80% ללא ני,גרמים,1000.00,100 גרם,false,1,9.40,0.94,true,1,
7290002973669,false,"קמח שטיבל ללחם 2 ללא ניפוי 1 ק""ג",טחנת קמח דגן-שטיבל,,קמח שטיבל ללחם 2 ללא,גרמים,1000.00,100 גרם,false,1,9.40,0.94,true,1,
7290003009183,false,"סירופ דיאט תפוחים בקבוק 750 מ""ל",סירופ - גבעת חיים,,סירופ דיאט תפוחים בק,מיליליטרים,750.00,"100 מ""ל",false,1,22.90,3.05,true,1,
7290003009329,false,בוטנים אמריקאיים קליית גת 200 גרם,הדקלאים אגודת שיתופי,,בוטן אמריקאי שקית 20,גרמים,200.00,100 גרם,false,1,7.30,3.65,true,1,
7290003009596,false,"סירופ דיאט אשכוליות בקבוק 750 מ""ל",סירופ - גבעת חיים,,סירופ דיאט אשכוליות,מיליליטרים,750.00,"100 מ""ל",false,1,22.90,3.05,true,1,
7290003009640,false,מיץ תפוזים סחוט רכיבים טבעיים פריגת 1 ליטר,פריגת מצוננים,,סחוט טרי תפוז 1 ליטר,מיליליטרים,1000.00,"100 מ""ל",false,1,15.80,1.58,true,1,
7290003015627,false,"נוזל רצפות אפרסק 2 ליטר ""ריצפז פרש""","סנו מפעלי ברונוס בע""",,סנו ריצפז פרש 2 ליטר,ליטרים,0.00,ליטר,false,1,20.90,20.90,true,1,
7290003024001,false,גבינה ברי צרפתי במשקל,,,גבינה ברי צרפתי,Unknown,0.00,"ק""ג",true,0,184.00,184.00,true,1,
7290003026036,false,"ד""ר פישר - קמיל בלו סנסיטיב אל סבון עדין לתינוק 1 ליטר",פישר מעבדות פרמצבטיות בע,,אל סבון קמיל בלו סנס,מיליליטרים,1000.00,"100 מ""ל",false,1,34.50,3.45,true,1,
7290003026227,false,"קמיל בלו שמפו לתינוק סנסיטיב אל דמע ד""ר פישר 1 ליטר",פישר מעבדות פרמצבטיות בע,,שמפו אל דמע בלו סנסי,מיליליטרים,1000.00,"100 מ""ל",false,1,34.50,3.45,true,1,
7290003029181,false,משקה יטבתה שוקו' בקבוק 1ל מהדרין,שטראוס גרופ,IL,שוקו בקבוק יטבתה,מיליליטרים,1000.00,"100 מ""ל",false,1,11.90,1.19,true,1,
7290003029372,false,משקה חלב בטעם בננה יטבתה 1 ליטר,מחלבת יטבתה,,משקה חלב בננה 1 ליטר,מיליליטרים,1000.00,"100 מ""ל",false,1,11.90,1.19,true,1,
7290003029389,false,"משקה חלב בננה פקק ספורט 250 מ""ל יוטבתה",מחלבת יטבתה,,"בננה פקק 250 מ""ל",מיליליטרים,250.00,"100 מ""ל",false,1,5.50,2.20,true,1,
7290003029433,false,"משקה יטבתה שוקו פקק 250 מ""ל מהדרין",מחלבת יטבתה,,שוקו פקק יטבתה 250 מ,מיליליטרים,250.00,"100 מ""ל",false,1,5.50,2.20,true,1,
7290003029532,false,מוקה בבקבוק יטבתה 1 ליטר מהדרין,שטראוס גרופ,,מוקה בקבוק 1 ליטר,מיליליטרים,1000.00,"100 מ""ל",false,1,11.90,1.19,true,1,
7290003029792,false,"משקה יטבתה שוקו שקיות מהדרין מארז 225X8מ""ל",מחלבת יטבתה,,מארז שוקו יטבתה 8,ליטרים,0.00,ליטר,false,1,18.90,18.90,true,1,
7290003029815,false,כד חלב 3% יטבתה 2 ליטר מהדרין,שטראוס גרופ,,חלב יטבתה 3% מועשר 2,ליטרים,0.00,ליטר,false,1,15.00,15.00,true,1,
7290003029907,false,אייס קפה יטבתה 1 ליטר מהדרין,שטראוס גרופ,,קפה יטבתה 1ליטר,מיליליטרים,1000.00,"100 מ""ל",false,1,11.90,1.19,true,1,
7290003047642,false,תה שחור יילו לייבל 100*1.5 ג' שקיק ליפטון,"יונילוור רוסייה בע""מ",,תה ליפטון ילו לייבל,גרמים,150.00,100 גרם,false,1,12.90,8.60,true,1,
7290003054190,false,מסטמכר לחם שיפון עם שלושה דגנים 500ג,מרום את קונפינו,,לחם שיפון 3 דגנים 50,גרמים,500.00,100 גרם,false,1,14.90,2.98,true,1,
7290003054213,false,מסטמכר לחם שיפון כפרי 500ג,מסטמכר גוטרסלאו,,לחם שיפון כפרי 500 ג,גרמים,500.00,100 גרם,false,1,14.90,2.98,true,1,
7290003054220,false,מסטמכר לחם שיפון פומפרניקל 500ג,מסטמאכר ג'.אמ.בי.הי,,לחם שיפון פומפרניקל,גרמים,500.00,100 גרם,false,1,14.90,2.98,true,1,
7290003054657,false,חרדל ריין דיז'ון אקסטרה פורטה 370 גרם,מרום את קונפינו,,חרדל דיזיון 370 גר,גרמים,370.00,100 גרם,false,1,11.50,3.11,true,1,
7290003072606,false,נקניקיות עוף מיני טירת צבי 350 גרם,הנסיך- מפעל לייצור ט,IL,מיני נקניקיות עוף טי,גרמים,350.00,100 גרם,false,1,12.90,3.69,true,1,
7290003072835,false,נקניקיות קנאקוורסט טירת צבי 320 גרם,טיב טירת צבי 2000,IL,נקניקיות קנאקוורסט 3,גרמים,320.00,100 גרם,false,1,19.90,6.22,true,1,
7290003072965,false,קבנוס חריף מעושן טירת צבי 120 גרם,טיב טירת צבי 2000,,קבנוס חריף מעושן טיר,גרמים,120.00,100 גרם,false,1,11.90,9.92,true,1,
7290003072972,false,קבנוס בתיבול מעושן טירת צבי 120 גרם,טיב טירת צבי 2000,,קבנוס בתיבול מעושן ט,גרמים,120.00,100 גרם,false,1,11.90,9.92,true,1,
7290003091638,false,ברוסט עגל עם עצם טרי,,,ברוסט עגל עם עצם טרי,Unknown,0.00,"ק""ג",true,0,32.90,32.90,true,1,
7290003094127,false,קוויאר פחיות צארסקיה,א.ר.ד.י.ו,,ביצי דג אילתית 190 ג,גרמים,190.00,100 גרם,false,1,73.50,38.68,true,1,
7290003094400,false,קוויאר פחיות 140 גר,א.ר.ד.י.ו,,קוויאר פחיות 140 גר,Unknown,0.00,Unknown,false,1,44.90,44.90,true,1,
7290003102976,false,צימרוני אוזניים פלסטיק בקופסה 200 יחידות,הדקלאים אגודת שיתופי,,צימרוני אוזניים בקופ,Unknown,0.00,Unknown,false,1,4.50,4.50,true,1,
7290003133123,false,לחם זהב עגול אוקראיני 750 ג',מאפיית דוידוביץ ובני,,לחם זהב עגול,גרמים,750.00,100 גרם,false,1,12.90,1.72,true,1,
7290003133505,false,לחם שיפונטו דוידוביץ,מאפיית דוידוביץ ובני,,לחם שיפונטו 750גרם,גרמים,750.00,100 גרם,false,1,9.90,1.32,true,1,
7290003141159,false,יוגטה מרשמלו ממתק מוקצף בטעמי תות שדה ווניל 180 גרם,מוטקה החולב,,מרשמלו יוגטה 180 גרם,גרמים,180.00,100 גרם,false,1,8.30,4.61,true,1,
7290003143146,false,ממרח תמרים קליית גת 450 גרם,הדקלאים אגודת שיתופי,,ממרח תמרים קליית גת,גרמים,450.00,100 גרם,false,1,6.90,1.53,true,1,
7290003143276,false,יוגטה מרשמלו ממתק מוקצף בטעם תות שדה 180 גרם,תות ממתקי איכות,,מרשמלו יוגטה מגולגל,גרמים,180.00,100 גרם,false,1,9.60,5.33,true,1,
7290003145751,false,"קליית גת אגוזי קלויים, 200 גרם",הדקלאים אגודת שיתופי,,קשיו קלוי קליית גת 2,גרמים,200.00,100 גרם,false,1,23.90,11.95,true,1,
7290003189144,false,"גבינה הולנדית 22% שומן 1 ק""ג כפיר",צי תעשיות מזון יבנה,,"צהובה הולנדית 1 ק""ג",קילוגרמים,0.00,"ק""ג",false,1,40.90,40.90,true,1,
7290003189151,false,"הצהובה הטובה צדר 1ק""",,,צהובה צדר 1 קג,גרמים,1000.00,100 גרם,false,1,38.50,3.85,true,1,
7290003192465,false,זעפרן 0.5 גר`,,,זעפרן 1 גר`,Unknown,0.00,Unknown,false,1,38.00,38.00,true,1,
7290003208579,false,וודקה גריי גוס רגיל 1 ליטר,,,וודקה גריי גוס 1 ליט,מיליליטרים,1000.00,"100 מ""ל",false,1,144.90,14.49,true,1,
7290003208586,false,"וורמוט מרטיני לבן 750 מ""ל",מרטיני ורוסי,,וורמוט מרטיני לבן 75,Unknown,0.00,Unknown,false,1,49.90,49.90,true,1,
7290003208593,false,"וורמוט מרטיני לבן יבש 750 מ""ל",מרטיני ורוסי,,וורמוט מרטיני לבן יב,Unknown,0.00,Unknown,false,1,49.90,49.90,true,1,
7290003208609,false,"וורמוט מרטיני אדום מתוק 750 מ""ל",מרטיני ורוסי,,וורמוט מרטיני אדום מ,Unknown,0.00,Unknown,false,1,49.90,49.90,true,1,
7290003208647,false,"יין מבעבע מרטיני ברוט 750 מ""ל",,,יין מבעבע מרטיני ברו,Unknown,0.00,Unknown,false,1,64.90,64.90,true,1,
7290003208715,false,"וורמוט מרטיני רוסטו 750 מ""ל",,,וורמוט מרטיני רוסטו,Unknown,0.00,Unknown,false,1,49.90,49.90,true,1,
7290003208777,false,יין ברון דאריניאק לבן 750 מל,,,יין ברון דאריניאק לב,Unknown,0.00,Unknown,false,1,39.90,39.90,true,1,
7290003211494,false,פפריקה מתוקה מעושנת,,,פפריקה מתוקה מעושנת,Unknown,0.00,"ק""ג",true,0,80.00,80.00,true,1,
7290003220595,false,"ווק אורז לסושי 1 ק""ג WOK","מיה תעשיות מזון בע""מ",,אורז לסושי 1 ק`ג,גרמים,1000.00,100 גרם,false,1,13.50,1.35,true,1,
7290003220830,false,"WOK חומץ אורז יסמין 500 מ""ל",דיאמונד פריזרוד פודס,,חומץ אורז יסמין 500,מיליליטרים,500.00,"100 מ""ל",false,1,15.50,3.10,true,1,
7290003220977,false,עוגיות חצי ירח מצופה 175 נאפה מעדני מלך,מגדנית הדר,IL,מעדני המלך חצי ירח מ,גרמים,175.00,100 גרם,false,1,7.90,4.51,true,1,
7290003224029,false,כיסונים דובדבנים 400גרם,מאמא מרי,,כיסונים דובדבנים 400,גרמים,400.00,100 גרם,false,1,26.50,6.63,true,1,
7290003224036,false,אוכמניות כחולות גולוביקה,מאמא מרי,,אוכמניות כחולות 300,גרמים,300.00,100 גרם,false,1,19.90,6.63,true,1,
7290003224159,false,בלינצ'יס בשר 7 יחידות,מאמא מרי,,בלינצס בשר 7 יח,Unknown,0.00,Unknown,false,1,24.90,24.90,true,1,
7290003224258,false,"כיסונים במילוי בשר בקר 1.5 ק""ג",מאמא מרי,,כיסונים במילוי בשר,גרמים,1500.00,100 גרם,false,1,56.50,3.77,true,1,
7290003224272,false,"כיסונים בשר מוסקובסקי מאמא מרי 1 ק""ג",מאמא מרי,,כיסונים מוסקובסקי 1,גרמים,1000.00,100 גרם,false,1,32.90,3.29,true,1,
7290003224340,false,"קלוקווא רוסי(סיבירי)300 ג""ר חמוציות",מאמא מרי,,קלוקבה 300 גר,גרמים,300.00,100 גרם,false,1,19.90,6.63,true,1,
7290003224357,false,קוואס משקה מאלט ביתי,,,קוואס ביתי 2 ליטר,ליטרים,0.00,ליטר,false,1,15.90,15.90,true,1,
7290003224456,false,"כיסונים בשר סיבירסקי מאמא מרי 1 ק""ג",מאמא מרי,,כיסונים בשר סיבירסקי,גרמים,1000.00,100 גרם,false,1,29.90,2.99,true,1,
7290003224463,false,"כיסונים בשר - אוקראינסקי 1 ק""ג",מאמא מרי,,כיסונים בשר - אוקראי,גרמים,1000.00,100 גרם,false,1,29.90,2.99,true,1,
7290003224470,false,כיסונים בשר - קייבסקי 1 קג,מאמא מרי,,כיסונים בשר - קייבסק,גרמים,1000.00,100 גרם,false,1,29.90,2.99,true,1,
7290003224487,false,"כיסונים בשר 1 ק""ג מאמא מרי",מאמא מרי,,כיסונים בשר מאמא מרי,גרמים,1000.00,100 גרם,false,1,29.90,2.99,true,1,
7290003224555,false,פטל אדום 300 גרם,מאמא מרי,,פטל אדום 300 גרם,גרמים,300.00,100 גרם,false,1,22.90,7.63,true,1,
7290003224616,false,כיסונים בטעם גבינה מלוחה ופסטו 400 גרם,מאמא מרי,,כיסונים בטעם גבינה מ,גרמים,400.00,100 גרם,false,1,25.99,6.50,true,1,
7290003224654,false,מיקס פירות יער 380 גרם,מאמא מרי,,מיקס פירות יער 380 ג,גרמים,380.00,100 גרם,false,1,13.90,3.66,true,1,
7290003224746,false,פירות יער דמדמניות שחורות קפוא 300 גר,מאמא מרי,,דמדמניות שחורות קפוא,גרמים,300.00,100 גרם,false,1,13.90,4.63,true,1,
7290003224784,false,בלינצ'ס עם דובדבנים 7 יחידות,מאמא מרי,,בלינצס דובדבן,Unknown,0.00,Unknown,false,1,23.90,23.90,true,1,
7290003224845,false,"כיסונים תפו""א ופטריות VEGAN 800 גרם","מאמא מרי בע""\מ",,"כיסונים תפו""א ופטריו",גרמים,800.00,100 גרם,false,1,21.90,2.74,true,1,
7290003224944,false,אוכמניות צהובות 300 גר,מאמא מרי,,אוכמניות צהובות 300,גרמים,300.00,100 גרם,false,1,19.90,6.63,true,1,
7290003229109,false,פסטרמה הודו בפפריקה טירת צבי 400 גרם,הנסיך- מפעל לייצור ט,,פסטרמה בפפריקה 400 ג,גרמים,400.00,100 גרם,false,1,25.90,6.48,true,1,
7290003229123,false,פסטרמה הודו על גחלים 2% טירת צבי 400 גרם,הנסיך- מפעל לייצור ט,,פסטרמה על גחלים,גרמים,400.00,100 גרם,false,1,25.90,6.48,true,1,
7290003229147,false,נקניק סלמי איטלקי מעושן טירת צבי 300 גרם,הנסיך- מפעל לייצור ט,,סלמי איטלקי 300 גרם,גרמים,300.00,100 גרם,false,1,25.90,8.63,true,1,
7290003229154,false,נקניק סלמי קוניאק טירת צבי 300 גרם,הנסיך- מפעל לייצור ט,,סלמי קוניאק 300 גרם,גרמים,300.00,100 גרם,false,1,25.90,8.63,true,1,
7290003229215,false,פסטרמה איטלקית 3.5% טירת צבי 360 גרם,טירת צבי - מדף,,פסטרמה איטלקית 360 ג,גרמים,360.00,100 גרם,false,1,29.90,8.31,true,1,
7290003251308,false,"אציטון משובח 100 מ""",שוורץ,,"אציטון 100 מ""ל",מיליליטרים,10.00,"100 מ""ל",false,1,4.90,49.00,true,1,
7290003287260,false,צ'וריסוס הקצביה 600 גרם בלדי,בלדי,,צוריסוס 600 גרם קפוא,גרמים,600.00,100 גרם,false,1,29.50,4.92,true,1,
7290003287291,false,קבב טלה וצנובר קצביה ארוז 600 ג' - 8 יח',יוליניבר,,קבב טלה וצנובר 500 ג,גרמים,500.00,100 גרם,false,1,29.50,5.90,true,1,
7290003287314,false,קבב על מקל קינמון קצביה ארוז 520 ג' - 8 יח',בלדי,,קבב על מקל קינמון 52,גרמים,520.00,100 גרם,false,1,29.50,5.67,true,1,
7290003310555,false,"מאגדת טילון קרם עוגיות 4*100 מ""ל בן וג'ירי",מוצרי איכות אמריקאיים,,רביעית טילונים קרם ע,Unknown,0.00,Unknown,false,1,29.50,29.50,true,1,
7290003321155,false,יוגורט בר עם פקאן מצופה שוקולד 183 ג' דנונה,"שטראוס בריאות בע""\מ",,דנונה בר פקאן 183 גר,גרמים,183.00,100 גרם,false,1,4.60,2.51,true,1,
7290003400500,false,חטיף הרשי ריזס נאטרייגיס 47 גרם,ליימן מותגים,,חטיף הרשי ריזס,גרמים,47.00,100 גרם,false,1,5.80,12.34,true,1,
7290003402809,false,חטיף הרשי ריזס שוקולד לבן 39 גר,ליימן מותגים,US,חטיף הרשי ריזס שוקול,גרמים,39.00,100 גרם,false,1,3.90,10.00,true,1,
7290003411238,false,שמרים יבשים נמסים הנ,ברוגמאן גנט,,שמרים נמסים 500 גרם,גרמים,450.00,100 גרם,false,1,16.50,3.67,true,1,
7290003411405,false,נר נשמה להבית 24 שעות,מיוצר בסין.יבוא ושיו,,נר נשמה בפח הנמל 24,Unknown,0.00,Unknown,false,1,2.70,2.70,true,1,
7290003411726,false,קיסמי שיניים מלחיה הנמל 300יח',הנמל אריזות ושיווק בעמ,,קיסמי שיניים מלחיה 3,Unknown,0.00,Unknown,false,1,3.10,3.10,true,1,
7290003411948,false,צמר גפן הנמל 100 יחידות,הנמל,,צמר גפן 100 גרם,Unknown,0.00,Unknown,false,1,5.50,5.50,true,1,
7290003438020,false,ממרח עגבניות מיובשות אוליביה 190 גרם,מיוצר עי קונדיטוריית,,ממרח עגבניות מיובשות,גרמים,190.00,100 גרם,false,1,13.90,7.32,true,1,
7290003438853,false,אוליביה ממרח אריסה חריפה 185 גר ',אוליביה,,אריסה חריפה אוליביה,גרמים,180.00,100 גרם,false,1,13.90,7.72,true,1,
7290003441952,false,קיוליק קפליות חיסכון (60) כשר,אלטמן,,קיוליק קפליות חיסכון,Unknown,0.00,Unknown,false,1,104.90,104.90,true,1,
7290003444009,false,הרשי ריזס חטיף במילוי בוטנים 42 גרם,ליימן מותגים,,חטיף הרשי ריזס שוקול,גרמים,42.00,100 גרם,false,1,3.90,9.29,true,1,
7290003450602,false,חרדל אמיתי צהוב בקבוק לחיץ 255 גר,היינץ צפון אמריקה מקבוצת ה.י.היינץ,,ממרח חרדל צהוב היינץ,גרמים,255.00,100 גרם,false,1,8.90,3.49,true,1,
7290003451012,false,בקלה צעיר קפוא,,AR,בקלה צעיר קפוא,Unknown,0.00,"ק""ג",true,0,22.00,22.00,true,1,
7290003457991,false,טילון קורנטו וניל עם וופל ואגוזי לוז מסוכרים,"גלידת שטראוס בע""\מ, רחוב",,קורנטו קלאסיק וניל 6,גרמים,360.00,100 גרם,false,1,34.90,9.69,true,1,
7290003464531,false,אסאדו עגל טרי,,,אסאדו עגל טרי,Unknown,0.00,"ק""ג",true,0,49.90,49.90,true,1,
7290003464791,false,שוק טלה טרי עם עצם,,,שוק טלה טרי עם עצם,Unknown,0.00,"ק""ג",true,0,104.90,104.90,true,1,
7290003514007,false,מנה שקדי מרק מנה 400 גרם,מנה Mana,,שקדי מרק מנה 400 גר,גרמים,400.00,100 גרם,false,1,10.40,2.60,true,1,
7290003521081,false,"סרקל שמפו אל דמע לילדים ד""ר פישר 1 ליטר",פישר מעבדות פרמצבטיות בע,,שמפו סרקל דר פישר 1,מיליליטרים,1000.00,"100 מ""ל",false,1,31.50,3.15,true,1,
7290003521197,false,"ד""ר פישר - סרקל תרסיס מתיר קשרים 340 מ""ל",פישר מעבדות פרמצבטיות בע,,תרסיס מתיר קשרים סרק,מיליליטרים,340.00,"100 מ""ל",false,1,29.70,8.74,true,1,
7290003570089,false,מנות פילה סלמון נורבגי קפוא בלדי,,,מנות פילה סלמון,Unknown,0.00,"ק""ג",true,0,92.90,92.90,true,1,
7290003570164,false,מינוט שווארמה פרגית 300 גרם ארוז בלדי,"בלדי בע""\מ",,מינוט שווארמה פרגית,גרמים,300.00,100 גרם,false,1,29.90,9.97,true,1,
7290003570171,false,מינוט שניצל 300 גרם ארוז בלדי,"בלדי בע""\מ",,מינוט שניצל 300 גרם,גרמים,300.00,100 גרם,false,1,24.90,8.30,true,1,
7290003570928,false,קבב בלדי קצביה ארוז קפוא 500ג',בלאדי,,קבב 500 גרם,גרמים,500.00,100 גרם,false,1,29.50,5.90,true,1,
7290003578061,false,לבבות דקל שלמים ויליפוד 400 גרם,אלימנטוס אי קונסרבס,,לבבות דקל שלם 400 גר,גרמים,400.00,100 גרם,false,1,10.90,2.73,true,1,
7290003578290,false,וילי פוד מקלוני אורז בדץ 300ג,פוגיאן לונגהאי אנליד,,מקלוני אורז 300 גרם,גרמים,1000.00,100 גרם,false,1,5.90,0.59,true,1,
7290003578313,false,דובדבנים ללא חרצנים ויליפוד 680 גרם,דל מונטה היילס אס.אי,,דובדבנים ללא חרצנים,גרמים,680.00,100 גרם,false,1,11.00,1.62,true,1,
7290003598311,false,מינוט סטייק חלק ריאה 300 ג',"בלדי בע""\מ",IL,מינוט סטייק 300 גרם,גרמים,300.00,100 גרם,false,1,34.90,11.63,true,1,
7290003610112,false,צוואר בלי עצם טרי,,,צוואר בלי עצם טרי,Unknown,0.00,"ק""ג",true,0,59.90,59.90,true,1,
7290003610129,false,בשר טחון טרי לקבב/המבורגר,,,בשר טחון טרי,Unknown,0.00,"ק""ג",true,0,39.90,39.90,true,1,
7290003637003,false,לחם שיפון מיוחד,,,לחם שיפון מיוחד,גרמים,600.00,100 גרם,false,1,16.90,2.82,true,1,
7290003637010,false,לחם עבדת,,,לחם עבדת,Unknown,0.00,Unknown,false,1,16.90,16.90,true,1,
7290003637065,false,לחם שיפון עם קימל 600 גרם,,IL,לחם שיפון עם קימל 60,גרמים,600.00,100 גרם,false,1,16.90,2.82,true,1,
7290003643004,false,"אורז בסמטי קלאסי סוגת 1 ק""ג",האי נאם סי או אל.טי.,,"אורז בסמטי 1 ק""ג",גרמים,1000.00,100 גרם,false,1,13.90,1.39,true,1,
7290003643134,false,סוכר וניל סוגת 100 גרם מארז 10 יחידות,גוד פוד פרודקטס S.p,,סוכר וניל 10*10 גרם,גרמים,100.00,100 גרם,false,1,3.00,3.00,true,1,
7290003643158,false,קורנפולר שקית 200 ג' סוגת,המאפיה של הרמן,,קורנפלור 200 גרם,גרמים,200.00,100 גרם,false,1,3.50,1.75,true,1,
7290003643172,false,אבקת סוכר סוגת 100 גרם,א.ל ייצור ושיווק תבל,,אבקת סוכר 100 גרם,גרמים,100.00,100 גרם,false,1,2.20,2.20,true,1,
7290003643387,false,"סוכר לבן בצנצנת 1 ק""ג סוגת",האי נאם סי או אל.טי.,,"סוכר לבן בצנצנת 1 ק""",גרמים,1000.00,100 גרם,false,1,7.90,0.79,true,1,
7290003643646,false,"סוכר דמררה קלאסי בצנצנת סוגת 1 ק""ג",האי נאם סי או אל.טי.,,סוכר חום דמררה צנצנת,גרמים,1000.00,100 גרם,false,1,12.90,1.29,true,1,
7290003643684,false,אפונה יבשה סוגת 500 גר',האי נאם סי או אל.טי.,,אפונה 500 גרם,גרמים,500.00,100 גרם,false,1,5.90,1.18,true,1,
7290003643707,false,גריסים 500 גרם סוגת,"סוגת תעשיות בע""מ",,גריסים 500 גרם,גרמים,500.00,100 גרם,false,1,5.20,1.04,true,1,
7290003643714,false,חומוס גרגירים 500 גרם סוגת,האי נאם סי או אל.טי.,,חומוס 500 גרם,גרמים,500.00,100 גרם,false,1,7.90,1.58,true,1,
7290003643738,false,חיטה 500 גרם סוגת,האי נאם סי או אל.טי.,,חיטה 500 גרם,גרמים,500.00,100 גרם,false,1,5.20,1.04,true,1,
7290003643745,false,כוסמת סוגת 500 גרם,האי נאם סי או אל.טי.,,כוסמת 500 גרם,גרמים,500.00,100 גרם,false,1,6.90,1.38,true,1,
7290003643752,false,עדשים ירוקים יבש סוגת 500 גר',האי נאם סי או אל.טי.,,עדשים ירוקים 500 גרם,גרמים,500.00,100 גרם,false,1,7.90,1.58,true,1,
7290003643769,false,עדשים אדומים יבש סוגת 500 גר',"סוגת תעשיות בע""\מ",,עדשים אדומים 500 גרם,גרמים,500.00,100 גרם,false,1,8.50,1.70,true,1,
7290003643776,false,"פופקורן גרעינים סוגת 500 ג' כשל""פ",האי נאם סי או אל.טי.,,פופקורן 500 גרם,גרמים,500.00,100 גרם,false,1,5.90,1.18,true,1,
7290003643806,false,שעועית לבנה יבשה סוגת 500 ג',האי נאם סי או אל.טי.,,שעועית לבנה 500 גרם,גרמים,500.00,100 גרם,false,1,11.80,2.36,true,1,
7290003643813,false,שעועית אדומה יבשה סוגת 500 גר',האי נאם סי או אל.טי.,,שעועית אדומה 500 גרם,גרמים,500.00,100 גרם,false,1,12.50,2.50,true,1,
7290003643820,false,חומוס ענק יבש סוגת 500 גרם,"סוגת תעשיות בע""\מ",,חומוס ענק 500 גר,גרמים,500.00,100 גרם,false,1,10.40,2.08,true,1,
7290003703173,false,בונז'ור לחמנית כריך ג'בטה 150ג',בונז'ור,,גיבטה כריך,Unknown,0.00,Unknown,false,1,6.60,6.60,true,1,
7290003726011,false,טופו רך כפרי בריא 30,Unknown,,טופו רך כפרי בריא 30,גרמים,300.00,100 גרם,false,1,14.60,4.87,true,1,
7290003726141,false,טופו אמיתי כפרי בריא 300 גרם,ג'נרל מילס סאן אדריא,,טופו טבעי 300 גר,גרמים,320.00,100 גרם,false,1,11.90,3.72,true,1,
7290003726615,false,"טופו ויילר 300 גרם ""שטראוס""",הדקלאים אגודת שיתופי,,טופו וילר 300 גר,גרמים,300.00,100 גרם,false,1,11.90,3.97,true,1,
7290003744428,false,אובלטים+קימל שקית 300 גר,"ברט בע""מ",,אובלטים 300 גר קימל,גרמים,300.00,100 גרם,false,1,10.90,3.63,true,1,
7290003744848,false,אובלטים גריל ברביקיו,,,אובלטים 300 גר גריל,גרמים,300.00,100 גרם,false,1,10.90,3.63,true,1,
7290003744862,false,אובלטים עם זעתר 300 גר,"ברט בע""מ",,אובלטים 300 גר זעתר,גרמים,300.00,100 גרם,false,1,10.90,3.63,true,1,
7290003779086,false,סלרי ראש,,,סלרי ראש,Unknown,0.00,Unknown,false,1,5.90,5.90,true,1,
7290003779093,false,סלרי עלים,,,סלרי עלים,Unknown,0.00,Unknown,false,1,5.90,5.90,true,1,
7290003781652,false,צלפים במי מלח וילי פוד 230 גרם,קריות זול,TR,צלפים 350 גרם,גרמים,350.00,100 גרם,false,1,11.00,3.14,true,1,
7290003781850,false,גבינת קשקבל פרוסות 200 גרם - דיספליי (18),וילי פוד,IL,גבינת קשקבל פרוסות 2,גרמים,200.00,100 גרם,false,1,22.90,11.45,true,1,
7290003804382,false,"תיבוליות פטריות קנור 72 גרם בד""צ",יוניליוור ישראל מזון בע\,,תיבולית פטריות קנור,גרמים,72.00,100 גרם,false,1,11.40,15.83,true,1,
7290003805501,false,"פתית בסגנון שוודי תלמה בד""צ 300 גרם",יוניליוור ישראל מזון בע\,,פתית שוודי חסכוני בד,גרמים,300.00,100 גרם,false,1,16.90,5.63,true,1,
7290003805587,false,"פתית חיטה מלאה בד""צ 250 גרם-קופסא",יוניליוור ישראל מזון בע\,,"פתית חיטה מלאה בד""צ",גרמים,250.00,100 גרם,false,1,16.90,6.76,true,1,
7290003807482,false,קנור רוטב טריאקי מופחת נתרן 370 גרם,יוניליוור ישראל מזון בע\,,רוטב קנור טריאקי 30,מיליליטרים,300.00,"100 מ""ל",false,1,10.90,3.63,true,1,
7290003864478,false,סרדינים בשמן צמחי פתח קל ויליפוד 110 גרם,גולדן פרייז קאנינג א,,סרדינים בשמן צמחי 11,גרמים,110.00,100 גרם,false,1,5.20,4.73,true,1,
7290003864485,false,סרדינים ברוטב עגבנ יות ויליפוד 110ג' פתח קל,גולדן פרייז קאנינג א,,סרדינים ברוטב עגבניו,גרמים,110.00,100 גרם,false,1,5.20,4.73,true,1,
7290003864492,false,סרדינים בשמן צמחי חריף פתח קל ויליפוד 110ג',גולדן פרייז קאנינג א,,סרדינים בשמן צמחי חר,גרמים,110.00,100 גרם,false,1,5.20,4.73,true,1,
7290003882922,false,עלי גפן ממולאים באורז וילי פוד 360 גרם,אף.סי תבליני בגליל ב,,עלי גפן ממולאות באור,גרמים,400.00,100 גרם,false,1,8.90,2.23,true,1,
7290003903771,false,קפה נמס קפוצ'ינו רגיל 200 ג',שטראס קפה בי.וי,,קפוצינו רגיל 200 גרם,גרמים,200.00,100 גרם,false,1,29.90,14.95,true,1,
7290003919024,false,סלמון טראוט מעושן פורל ים במשקל,,,סלמון טראוט מעושן,Unknown,0.00,"ק""ג",true,0,168.00,168.00,true,1,
7290003976089,false,אקופרנד ג'ל כביסה 4 ליטר,סאסטרק,,גל כביסה למכונה 4 לי,ליטרים,0.00,ליטר,false,1,47.90,47.90,true,1,
7290003976119,false,אקופרנד נוזל כלים לבנדר ללא 750SLS מל,אקופרנד,,אקופרנד נוזל כלים לב,מיליליטרים,750.00,"100 מ""ל",false,1,14.90,1.99,true,1,
7290003976126,false,נוזל כלים לימון אלוורה ללא 750 SLS מל,אקופרנד,,נוזל כלים לימון אלוו,מיליליטרים,750.00,"100 מ""ל",false,1,14.90,1.99,true,1,
7290003976331,false,"אקופרנד מחטא רב תכליתי 750 מ""ל",אקופרנד,,אקופרנד מחטא רב תכלי,מיליליטרים,750.00,"100 מ""ל",false,1,16.90,2.25,true,1,
7290003976560,false,"מטהר אוויר אוטומטי מיסטרי טאצ 250 מ""ל",,,מטהר אוויר מיסטרי טא,Unknown,0.00,Unknown,false,1,11.90,11.90,true,1,
7290003976591,false,"מטהר אויר אוטו' 250 מ""ל לוטוס טאצ'",,,מטהר אוויר לוטוס טאצ,Unknown,0.00,Unknown,false,1,11.90,11.90,true,1,
7290003976713,false,נוזל רצפות פנטזי אנטיבקטריאלי טאצ' 2 ליטר,"סאסאטק אגש""\ח בע""\מ",,נוזל רצפות אנטיבקטרי,Unknown,0.00,Unknown,false,1,18.90,18.90,true,1,
7290003976737,false,מרסס אקונומיקה מבושמת 1 ליטר טא'צ,סאסאטק,,מרסס אקונומיקה מבושמ,Unknown,0.00,Unknown,false,1,11.90,11.90,true,1,
7290003989096,false,סלט חצילים פיקנטי אחלה 500 גרם,מיוצר עי קונדיטוריית,,חציל פיקנטי אחלה 500,גרמים,500.00,100 גרם,false,1,15.50,3.10,true,1,
7290003989539,false,לורנצו רביולי במילוי גבינה,מיוצר עי קונדיטוריית,,רביולי גבינה 400 גר,גרמים,400.00,100 גרם,false,1,19.90,4.98,true,1,
7290003989553,false,פסטה טורטליני גבינה ופטריות 400 גרם,מיוצר עי קונדיטוריית,,טורטילני פטריות 400,גרמים,400.00,100 גרם,false,1,19.90,4.98,true,1,
7290004011284,false,ריצ בסיס להכנת קצפת 25% 212מל,ריצ' פרודקטס קורפריי,,בסיס הכנת קצפת 212 מ,מיליליטרים,212.00,"100 מ""ל",false,1,10.80,5.09,true,1,
7290004011345,false,"ספריי קצפת מתוקה מוכנה פרווה ריץ' 238 מ""ל",האי נאם סי או אל.טי.,,ריץ קצפת במיכל 250 ג,גרמים,250.00,100 גרם,false,1,12.50,5.00,true,1,
7290004011796,false,קבבונים בקר קפוא אל גאוצ''ו 400ג',"טיבון ויל אחזקות בע""",,קבבונים אל גאוצו 400,גרמים,400.00,100 גרם,false,1,23.90,5.98,true,1,
7290004011802,false,נקניקיות צ'וריסוס אל גאוצ'ו 400 גר',טיבון ויל אחזקות בעמ,,צוריסוס אל גאוצו 400,גרמים,400.00,100 גרם,false,1,23.90,5.98,true,1,
7290004011819,false,המבורגר ריב אנטריקוט אל גאוצ'ו 360 גרם,האי נאם סי או אל.טי.,,המבורגר ריב אנט 360,גרמים,360.00,100 גרם,false,1,23.90,6.64,true,1,
7290004011826,false,מיני המבורגר ריב אנטריקוט,טיבון ויל אחזקות בעמ,,מיני המבורגר ריב אנט,גרמים,360.00,100 גרם,false,1,23.90,6.64,true,1,
7290004023041,false,"לחם שיפון ללא שמרים ד""ר מרק 750 גר'",המאפה של דר מרק בריא,,לחם שיפון מחמצת 750,גרמים,750.00,100 גרם,false,1,14.90,1.99,true,1,
7290004030018,false,"פריניב מיץ לימון סחוט פרי לתיבול 500 מ""ל",הנסיך- מפעל לייצור ט,,מיץ לימון 100% סחוט,מיליליטרים,500.00,"100 מ""ל",false,1,7.50,1.50,true,1,
7290004030100,false,מיץ תפוזים ולנסיה סחוט 1 ליטר100%,פרי ניב,,מיץ תפוזים סחוט ולנס,מיליליטרים,1000.00,"100 מ""ל",false,1,18.90,1.89,true,1,
7290004030216,false,משקה בטעם חמוציות 1 ליטר פריניב,הנסיך- מפעל לייצור ט,,מיץ חמוציות 1ליטר,מיליליטרים,1000.00,"100 מ""ל",false,1,14.90,1.49,true,1,
7290004030223,false,מיץ תפוחים סחוט רכיבים טבעיים 100% פרי ניב 1 ליטר,הנסיך- מפעל לייצור ט,,מיץ תפוח סחוט 100% 1,מיליליטרים,1000.00,"100 מ""ל",false,1,21.90,2.19,true,1,
7290004030445,false,מיץ תפוזים סחוט רכיבים טבעיים 1 ליטר פרי ניב,הנסיך- מפעל לייצור ט,,מיץ תפוזים 1 ליטר,מיליליטרים,1000.00,"100 מ""ל",false,1,14.80,1.48,true,1,
7290004030544,false,משקה בטעם לימונדה לואיזה ולימון 1 ליטר פריניב,פריניב בעמ,,משקה קל לימונענע 1 ל,מיליליטרים,1000.00,"100 מ""ל",false,1,14.90,1.49,true,1,
7290004030612,false,"מיץ תפוח, קיווי אגס ללא תוספת סוכר 1 ליטר פרי ניב",הנסיך- מפעל לייצור ט,,מיץ קיווי אגס 90% 1,מיליליטרים,1000.00,"100 מ""ל",false,1,18.90,1.89,true,1,
7290004030810,false,שייק 100% בננה פסיפלורה תפוז מופחת סוכר1,פריניב בעמ,,שייק 100% בננה פסיפל,מיליליטרים,1000.00,"100 מ""ל",false,1,22.90,2.29,true,1,
7290004030834,false,מיץ רימונים סחוט 100% רכיבים טבעיים פרי ניב 1 ליטר,פריניב בעמ,,סחוט טרי רימונים 1ל,מיליליטרים,1000.00,"100 מ""ל",false,1,28.90,2.89,true,1,
7290004050788,false,נקניק בייקון 170 גרם,ישרקו שיווק מותגי מז,,בייקון 170 גר,גרמים,170.00,100 גרם,false,1,49.90,29.35,true,1,
7290004050856,false,סלמי מילאנו פרוס 170 גר,ישרקו שיווק מותגי מז,,סלמי מילאנו פרוס 170,גרמים,170.00,100 גרם,false,1,33.90,19.94,true,1,
7290004050863,false,נקניק סלמי הרץ 170 ג,ישרקו שיווק מותגי מז,,סלמי הרץ 170 גר,גרמים,170.00,100 גרם,false,1,32.90,19.35,true,1,
7290004050870,false,שינקן פולני פרוס 200 גר,,,שינקן פולני פרוס 200,גרמים,200.00,100 גרם,false,1,32.90,16.45,true,1,
7290004050887,false,נקניק פרושוטו 120 גר,ישרקו שיווק מותגי מז,,פרושוטו 120 גר,גרמים,120.00,100 גרם,false,1,39.90,33.25,true,1,
7290004050955,false,פטה כבד עוף 170 גר י,ישרקו שיווק מותגי מז,,פטה כבד עוף 170 גר,גרמים,170.00,100 גרם,false,1,16.90,9.94,true,1,
7290004050986,false,רו בייקון פרוס 170 ג,ישרקו שיווק מותגי מז,,רו בייקון 170 גר,גרמים,170.00,100 גרם,false,1,57.90,34.06,true,1,
7290004051044,false,סלמי הונגרי פרוס 170גר,ישרקו שיווק מותגי מז,,סלמי הונגרי פרוס 170,גרמים,170.00,100 גרם,false,1,34.90,20.53,true,1,
7290004051068,false,שינקן מעושן פרוס 200 גר,,,שינקן מעושן פרוס 200,גרמים,200.00,100 גרם,false,1,31.90,15.95,true,1,
7290004051136,false,סלמי צרפתי פרוס 170 גר,ישרקו שיווק מותגי מז,,סלמי צרפתי פרוס,גרמים,170.00,100 גרם,false,1,34.90,20.53,true,1,
7290004051334,false,נקניק סלמי פפרוני עג,ישרקו שיווק מותגי מז,,פפרוני עגל 170 גר,גרמים,170.00,100 גרם,false,1,30.90,18.18,true,1,
7290004051419,false,ממרח כבד מיני 220 גר,ישרקו שיווק מותגי מז,,ממרח כבד מיני 220 גר,גרמים,220.00,100 גרם,false,1,18.90,8.59,true,1,
7290004051792,false,נקניקיות קוקטייל 900 גר,ישרקו שיווק מותגי מז,,נקניקיות קוקטייל 900,גרמים,900.00,100 גרם,false,1,53.90,5.99,true,1,
7290004052041,false,קבנוס קלאסי יחידה,ישרקו שיווק מותגי מז,,קבנוס קלאסי 210 גר,גרמים,210.00,100 גרם,false,1,29.90,14.24,true,1,
7290004052317,false,נקניק סלמי פפרוני פר,ישרקו שיווק מותגי מז,,סלמי פפרוני 170 גר,גרמים,170.00,100 גרם,false,1,34.90,20.53,true,1,
7290004052690,false,נקניקיות פרגית 600 גר,ישרקו שיווק מותגי מז,,נקניקיות פרגית 600 ג,גרמים,600.00,100 גרם,false,1,22.90,3.82,true,1,
7290004052836,false,שמאלץ שומן אווז 200 גר,ישרקו שיווק מותגי מז,,שמאלץ שומן אווז 200,גרמים,200.00,100 גרם,false,1,28.90,14.45,true,1,
7290004053192,false,נקניקיות עגל בוואקום,,,נקניקיות עגל 600 גר,גרמים,600.00,100 גרם,false,1,26.90,4.48,true,1,
7290004053291,false,קרפלך עגל בטעם ביתי 600 גר,,,קרפלך עגל בטעם ביתי,גרמים,600.00,100 גרם,false,1,21.90,3.65,true,1,
7290004054083,false,עצם פורקי מעושנת,,,עצם פורקי מעושנת,Unknown,0.00,Unknown,false,1,9.90,9.90,true,1,
7290004054236,false,גיוזה עוף 320 גרם,,,גיוזה עוף 320 גר,גרמים,320.00,100 גרם,false,1,35.90,11.22,true,1,
7290004054267,false,נקניקיות פרנקפורטר 900 גר,ישרקו שיווק מותגי מז,,נקניקיות פרנקפורטר,גרמים,900.00,100 גרם,false,1,54.90,6.10,true,1,
7290004055745,false,נקניקיות סליווצניה 600 גר,,,נקניקיות סליווצניה,גרמים,600.00,100 גרם,false,1,32.90,5.48,true,1,
7290004063016,false,"מלח שולחן דק סלית 1 ק""ג בדץ",האי נאם סי או אל.טי.,,"מלח דק 1 ק""ג",גרמים,1000.00,100 גרם,false,1,2.07,0.21,true,1,
7290004063115,false,"מלח מטבח עבה להמלחת בשר ובישול 1 ק""ג 1ק""ג",האי נאם סי או אל.טי.,,"מלח מטבח גס 1 ק""ג",גרמים,1000.00,100 גרם,false,1,2.07,0.21,true,1,
7290004064082,false,מטחנה מלח ים טבעי 250 גרם מלח הארץ,חברת מלח הארץ אילת ב,,מטחנה מלח ים טבעי 25,גרמים,250.00,100 גרם,false,1,14.60,5.84,true,1,
7290004064297,false,"מלח מועשר ביוד בצנצנת מלח הארץ 1 ק""ג","חברת מלח הארץ אילת בע""\מ",IL,מלח מועשר ביוד בצנצנ,גרמים,1000.00,100 גרם,false,1,10.90,1.09,true,1,
7290004064365,false,"מלח דק מועשר ביוד מלח הארץ קרטון 1 ק""ג","חברת מלח הארץ אילת בע""\מ",IL,מלח דק מועשר ביוד מל,גרמים,1000.00,100 גרם,false,1,6.50,0.65,true,1,
7290004064389,false,מלח הימלאייה דק מלחייה 250 גרם,"חברת מלח הארץ אילת בע""\מ",,מלח הימלאיה דק 250,גרמים,250.00,100 גרם,false,1,11.90,4.76,true,1,
7290004067250,false,קונפיטורת תאנים בערק 360 גרם בית יצחק,,,קונפיטורת תאנים בערק,גרמים,360.00,100 גרם,false,1,27.40,7.61,true,1,
7290004068011,false,"יוגורט כבשים בדלי 5 אחוז 60 מ""ל גד","מיוצר ע""י קוד יצרן M",,יוגורט כבשים 600 גר,גרמים,600.00,100 גרם,false,1,17.20,2.87,true,1,
7290004068028,false,"יוגורט צזיקי לשתיה 3.5% 500 מ""ל רובין",מיוצר על ידי קוד יצר,,ציזקי 3.5% 500 מל,גרמים,500.00,100 גרם,false,1,9.20,1.84,true,1,
7290004068035,false,"איירן יוגורט לשתייה 3% גד 500 מ""ל","מיוצר ע""י קוד יצרן M",,"יוגורט איירן 500 מ""ל",מיליליטרים,500.00,"100 מ""ל",false,1,8.00,1.60,true,1,
7290004068172,false,"יוגורט עיזים בדלי 5% 600 מ""ל רובין",קוד יצרן MKN,,יוגורט עיזים דלי 600,גרמים,600.00,100 גרם,false,1,17.30,2.88,true,1,
7290004078942,false,ליידי ספיד סטיק - דאודורנט ג'ל לאישה 65 גרם,קולגייט-פלמוליב,,ליידי ספיד סטיק גל ר,גרמים,65.00,100 גרם,false,1,32.90,50.62,true,1,
7290004091255,false,ג'ל פטרוליום טהור 100% וזלין 212 גרם,"יוניליוור ארה""ב, ג'ו",,וזלין פטרוליום 212 ג,גרמים,212.00,100 גרם,false,1,23.50,11.08,true,1,
7290004119010,false,גבינת שדה מותכת 25% תנובה 500 גרם,תנובה חלב,,גבינה מותכת שדה 500,גרמים,500.00,100 גרם,false,1,15.10,3.02,true,1,
7290004119225,false,יופלה יוגורט אננס %3 גביע 150 גרם,תנובה מרכז שיתופי לש,,יופלה אננס 3% 150 גר,גרמים,150.00,100 גרם,false,1,5.00,3.33,true,1,
7290004120566,false,פיראוס 24% גבינה בולגרית 250 גרם,תנובה חלב,,גבינה בולגרית פיראוס,גרמים,250.00,100 גרם,false,1,23.70,9.48,true,1,
7290004120573,false,גבינה בולגרית 16% פיראוס 250 גרם,תנובה מרכז שיתופי לש,,גבינה בולגרית פיראוס,גרמים,250.00,100 גרם,false,1,23.70,9.48,true,1,
7290004120634,false,גבינה בולגרית 5% פיראוס 250 גרם,תנובה מרכז שיתופי לש,,גבינה פיראוס בולגרית,גרמים,250.00,100 גרם,false,1,21.90,8.76,true,1,
7290004121488,false,יופלה דיאט אפרסק 0% גביע 150 גרם,תנובה מרכז שיתופי לש,,דיאט יופלה אפרסק 150,מיליליטרים,150.00,"100 מ""ל",false,1,5.00,3.33,true,1,
7290004121525,false,יופלה מאגדת פרי 4 תות 4 אפרסק 3% 8 יח'*150 ג',תנובה מרכז שיתופי לש,,מאגדת 8 יופלה אפרסק,ליטרים,0.00,ליטר,false,1,29.90,29.90,true,1,
7290004121754,false,יוגורט ביו עוגת גבינה ותות 3% יופלה 150 גרם,תנובה בעמ,,יופלה עוגת גבינה,גרמים,150.00,100 גרם,false,1,5.00,3.33,true,1,
7290004121839,false,גבינת פטה כבשים 20% פיראוס 250 גרם,תנובה מרכז שיתופי לש,,גבינה פטה פיראוס 250,גרמים,250.00,100 גרם,false,1,26.80,10.72,true,1,
7290004121853,false,גבינה בולגרית 5% קוביות פיראוס 200 גרם,תנובה מרכז שיתופי לש,,גבינה בולגרית פיראוס,גרמים,200.00,100 גרם,false,1,21.50,10.75,true,1,
7290004122119,false,פתיתי פרמזן 23% לפסטה השף הלבן 100 גרם,פ.פ.ח. שאביט,IL,פתיתי פרמזן לפסטה הש,גרמים,220.00,100 גרם,false,1,12.20,5.55,true,1,
7290004122195,false,גוש חלב גבינה צהובה פרוסה 28% תנובה 200 גרם,קריות זול,,גבינה צהובה גוש חלב,גרמים,200.00,100 גרם,false,1,13.80,6.90,true,1,
7290004122270,false,עמק קלאסית פרוסות גבינה חצי קשה 28% 200 גרם,תנובה מרכז שיתופי לש,,גבינה עמק פרוס בקופס,גרמים,200.00,100 גרם,false,1,15.80,7.90,true,1,
7290004122348,false,גבינת עמק לייט פרוס בקופסא 200 גרם,תנובה מרכז שיתופי לש,,גבינת עמק לייט פרוס,גרמים,200.00,100 גרם,false,1,16.60,8.30,true,1,
7290004122676,false,גבינת חמד לייט 5% פיראוס 250 ג',"תנובה,מחלבת טנא נוגה",,חמד לייט 5% גביע 250,גרמים,250.00,100 גרם,false,1,18.50,7.40,true,1,
7290004122683,false,עמק חטיף אצבעות גבינה חצי קשה 28% שומן,תנובה מרכז שיתופי לש,,אצבעות עמק 172 גר,גרמים,172.00,100 גרם,false,1,16.40,9.53,true,1,
7290004124205,false,יופלה דיאט יוגורט תות %0 גביע 150 גרם,תנובה מרכז שיתופי לש,,דיאט יופלה תות 150 ג,גרמים,150.00,100 גרם,false,1,5.00,3.33,true,1,
7290004125370,false,"שמנת חמוצה 9% מופחתת שומן תנובה 200 מ""ל מהדרין",תנובה מרכז שיתופי לש,,שמנת חמוצה מופחתת שו,מיליליטרים,200.00,"100 מ""ל",false,1,3.50,1.75,true,1,
7290004125400,false,"אשל שלי מהדרין 200 מ""ל 4.5% ""תנובה""- מוצר בפיקוח",פארייפאבה אגרואינדוס,,"שלי אשל 200 מ""ל",מיליליטרים,200.00,"100 מ""ל",false,1,1.69,0.85,true,1,
7290004125417,false,"גיל 3% שלי 200 מ""ל ""תנובה"" -מוצר בפיקוח",תנובה מרכז שיתופי לש,,"שלי גיל 200 מ""ל",מיליליטרים,200.00,"100 מ""ל",false,1,1.50,0.75,true,1,
7290004125455,false,"שמנת חמוצה 200 מ""ל 15% ""תנובה"" -מוצר בפיקוח",תנובה מרכז שיתופי לש,,שמנת חמוצה 15% 200 מ,גרמים,200.00,100 גרם,false,1,2.40,1.20,true,1,
7290004125462,false,"שמנת חמוצה 15% תנובה 500 מ""ל מהדרין",תנובה מרכז שיתופי לש,,שמנת חמוצה 15% 500 מ,מיליליטרים,500.00,"100 מ""ל",false,1,6.00,1.20,true,1,
7290004125509,false,"שמנת חמוצה 15% מועשרת תנובה 100 מ""ל",תנובה מרכז שיתופי לש,,"שמנת חמוצה 100 מ""ל",מיליליטרים,100.00,"100 מ""ל",false,1,1.70,1.70,true,1,
7290004125578,false,משקה סויה מעושר בסידן תנובה 1ל',תנובה מרכז שיתופי לש,,משקה סויה מועשר 1 לי,מיליליטרים,1000.00,"100 מ""ל",false,1,10.50,1.05,true,1,
7290004125585,false,משקה סויה בטעם וניל תנובה 1 ליטר,תנובה מרכז שיתופי לש,,משקה סויה על הבוקר 1,מיליליטרים,1000.00,"100 מ""ל",false,1,10.50,1.05,true,1,
7290004125721,false,"השף הלבן שמנת עמידה לבישול 15% תנובה 250 מ""ל",תנובה מרכז שיתופי לש,,שמנת לבישול 15% השף,גרמים,250.00,100 גרם,false,1,8.30,3.32,true,1,
7290004125738,false,שמנת מתוקה להקצפה32% 250מל עמיד השף הלבן,תנובה מרכז שיתופי לש,,שמנת מתוקה להקצפה 32,גרמים,250.00,100 גרם,false,1,6.50,2.60,true,1,
7290004125776,false,גבינה צהובה עמק 28% 400 גרם בקופסא,קריות זול,,עמק פרוס בקופסה 400ג,גרמים,400.00,100 גרם,false,1,27.90,6.98,true,1,
7290004126674,false,טל העמק פרוסות גבינה חצי קשה לייט %9 200 גרם בקופסא,תנובה מרכז שיתופי לש,,טל העמק לייט 200 גרם,גרמים,200.00,100 גרם,false,1,18.50,9.25,true,1,
7290004126872,false,משקאות חלב תנובה שוקו בקבוק 250מל,תנובה חלב,,שוקו שוק בקבוק 250 מ,גרמים,250.00,100 גרם,false,1,6.10,2.44,true,1,
7290004127077,false,קוטג תנובה 3% גביע 250 גרם מהדרין,מיוצר עי קונדיטוריית,,קוטג 3% 250 גרם,גרמים,250.00,100 גרם,false,1,5.50,2.20,true,1,
7290004127329,false,קוטג תנובה גביע 250 גרם %5 ו.מהדרין,מיוצר עי קונדיטוריית,,גבינת קוטג 5% 250 גר,גרמים,250.00,100 גרם,false,1,5.50,2.20,true,1,
7290004127336,false,קוטג תנובה גביע 250 גרם %9 ו.מהדרין,מיוצר עי קונדיטוריית,,גבינת קוטג 9% 250 גר,גרמים,250.00,100 גרם,false,1,5.50,2.20,true,1,
7290004127800,false,"גבינה לבנה 500 גרם 5% ""תנובה"" -מוצר בפיקוח",מיוצר עי קונדיטוריית,,גבינה לבנה למריחה 5%,גרמים,500.00,100 גרם,false,1,9.96,1.99,true,1,
7290004127817,false,גבינה לבנה 9% שומן 500 ג' תנובה,מיוצר עי קונדיטוריית,,גבינה למריחה 9% 500,גרמים,500.00,100 גרם,false,1,9.96,1.99,true,1,
7290004127862,false,"גבינה לבנה 750 גרם 5% ""תנובה"" - מוצר בפיקוח",תנובה מרכז שיתופי לש,,גבינה למריחה 5% 750,גרמים,750.00,100 גרם,false,1,14.94,1.99,true,1,
7290004128340,false,קרם גבינת שמנת %5 בטעם טבעי 200 ג' תנובה,קריות זול,,גבינת שמנת בטעם טבעי,גרמים,200.00,100 גרם,false,1,11.90,5.95,true,1,
7290004128432,false,פתיתים מיוחדים לפיצה על בסיס גבינה 500 ג',תנובה חלב,,פתיתים מיוחדים לפיצה,גרמים,500.00,100 גרם,false,1,21.90,4.38,true,1,
7290004129101,false,גבינת שמנת 25% בטעם טבעי 225 ג' נפוליאון,תנובה מרכז שיתופי לש,,נפוליאון טבעי 225 גר,גרמים,225.00,100 גרם,false,1,13.90,6.18,true,1,
7290004129156,false,גבינת שמנת25% עם שום שמיר 225 ג' נפוליאון,תנובה מרכז שיתופי לש,,נפוליאון שום שמיר 22,גרמים,225.00,100 גרם,false,1,13.90,6.18,true,1,
7290004129767,false,"3% 'יופלה לבן מארז שמינייה 1.2 ק""ג",תנובה מרכז שיתופי לש,,שמיניית יופלה לבן,ליטרים,0.00,ליטר,false,1,17.30,17.30,true,1,
7290004130794,false,משקה סויה במתיקות מופחתת תנובה 1 ליטר,תנובה מרכז שיתופי לש,,משקה סויה טבעי מתיקו,מיליליטרים,1000.00,"100 מ""ל",false,1,9.90,0.99,true,1,
7290004130916,false,יוגורט יופלה פירות יער בשמנת 3% 150 גרם,תנובה מרכז שיתופי לש,,יופלה פירות יער בשמנ,גרמים,150.00,100 גרם,false,1,5.00,3.33,true,1,
7290004131074,false,"חלב 1 ליטר 3% קרטון ""תנובה""- מוצר בפיקוח",תנובה מרכז שיתופי לש,,חלב קרטון+פקק 3% תנו,מיליליטרים,1000.00,"100 מ""ל",false,1,6.23,0.62,true,1,
7290004131432,false,יוגורט יופלה לבן ביו 3% 200 גרם,מיוצר עי קונדיטוריית,,יופלה לבן 3% 200 גר,גרמים,200.00,100 גרם,false,1,3.90,1.95,true,1,
7290004131456,false,יוגורט ביו 1.5% שומן 200 ג' יופלה,מיוצר עי קונדיטוריית,,יופלה לבן 1.5% 200 ג,מיליליטרים,200.00,"100 מ""ל",false,1,4.00,2.00,true,1,
7290004131531,false,משקאות חלב תנובה שוקו בקבוק 1ל,פארייפאבה אגרואינדוס,,שוקו שוק 20% פחות סו,מיליליטרים,1000.00,"100 מ""ל",false,1,13.90,1.39,true,1,
7290004131814,false,גבינה צפתית 5% מעודנת 200 ג' פיראוס,פארייפאבה אגרואינדוס,,פיראוס צפתית מעודנת,גרמים,200.00,100 גרם,false,1,14.90,7.45,true,1,
7290004132552,false,משקה סויה בטעם טבעי לייט תנובה 1 ליטר,תנובה מרכז שיתופי לש,,דיאט סויה טבעי 1 ליט,מיליליטרים,1000.00,"100 מ""ל",false,1,10.50,1.05,true,1,
7290004132712,false,חטיף אצבעות גבינת מוצרלה 20% 172 ג' עמק,תנובה מרכז שיתופי לש,,אצבעות מוצרלה 172 גר,גרמים,172.00,100 גרם,false,1,16.40,9.53,true,1,
7290004133511,false,יופלה מאגדת לבן 1.5% מעודן 8 יח' * 150 ג',מיוצר עי קונדיטוריית,,יופלה לבן שמינייה,ליטרים,0.00,ליטר,false,1,20.40,20.40,true,1,
7290004135614,false,גבינה בולגרית מעודנת 5% פיראוס 250 גרם,תנובה חלב,,פיראוס בולגרית מעודנ,גרמים,250.00,100 גרם,false,1,21.90,8.76,true,1,
7290004136598,false,מארז הפסקת אוכל עם קורנפלקס ומשקה חלב עמיד בטעם וניל,פארייפאבה אגרואינדוס,,מארז הפסקת אוכל-חלב,גרמים,250.00,100 גרם,false,1,9.90,3.96,true,1,
7290004136857,false,מעדן גלי פטל תנובה 125 גרם,תנובה מרכז שיתופי לש,,גלי פטל 125גר,גרמים,125.00,100 גרם,false,1,2.70,2.16,true,1,
7290004136864,false,מעדן ג'לי בטעם אננס עם חתיכות תנובה 125 גרם,תנובה חלב,,גלי אננס עם חתיכות א,גרמים,125.00,100 גרם,false,1,3.10,2.48,true,1,
7290004136871,false,מעדן ג'לי בטעם אפרסק עם חתיכות תנובה 125 גרם,תנובה מרכז שיתופי לש,,גלי אפרסק עם חתיכות,גרמים,150.00,100 גרם,false,1,3.10,2.07,true,1,
7290004137021,false,"שמנת עמידה לבישול מופחת שומן 10% השף הלבן 250 מ""ל",תנובה מרכז שיתופי לש,,שמנת לבישול 10%-השף,גרמים,250.00,100 גרם,false,1,8.30,3.32,true,1,
7290004137311,false,עמק לייט משפחתית 9% 400ג-ועדת מהדרין,תנובה חלב,,עמק לייט פרוס 9% 400,גרמים,400.00,100 גרם,false,1,30.90,7.73,true,1,
7290004137809,false,פיראוס לאבנה 5% גביע 250 גרם,"תנובה, מחלבת אלון תב",,פיראוס לאבנה 5% 250,גרמים,250.00,100 גרם,false,1,12.90,5.16,true,1,
7290004150112,false,חומוס מזרחי פיקנטי פרימיום 300 גרם שמיר,"סלטי שמיר 2006 בע""\מ",IL,חומוס מזרחי פיקנטי פ,גרמים,300.00,100 גרם,false,1,15.90,5.30,true,1,
7290004150136,false,חציל על האש פיקנטי פרימיום 300 גרם שמיר,"סלטי שמיר 2006 בע""\מ",IL,חציל על האש פיקנטי פ,גרמים,300.00,100 גרם,false,1,15.90,5.30,true,1,
7290004150143,false,חציל במיונז פיקנטי פרימיום 300 גרם שמיר,"סלטי שמיר 2006 בע""\מ",IL,חציל במיונז פיקנטי פ,גרמים,300.00,100 גרם,false,1,15.90,5.30,true,1,
7290004150150,false,חציל בטחינה פיקנטי פרימיום 300 גרם שמיר,"סלטי שמיר 2006 בע""\מ",IL,חציל בטחינה פיקנטי פ,גרמים,300.00,100 גרם,false,1,15.90,5.30,true,1,
7290004150181,false,חמוצים סיני פיקנטי פרימיום 300 גרם שמיר,"סלטי שמיר 2006 בע""\מ",IL,חמוצים סיני פיקנטי פ,גרמים,300.00,100 גרם,false,1,15.90,5.30,true,1,
7290004150204,false,מטבוחה 300 גרם פיקנטי פרימיום,"סלטי שמיר 2006 בע""\מ",IL,מטבוחה 300 גרם פיקנ,גרמים,300.00,100 גרם,false,1,15.90,5.30,true,1,
7290004150211,false,תורכי איסטנבול פיקנטי פרימיום 300 גרם שמיר,"סלטי שמיר 2006 בע""\מ",IL,תורכי איסטנבול 300 ג,גרמים,300.00,100 גרם,false,1,15.90,5.30,true,1,
7290004150228,false,כרוב אדום פיקנטי פרימיום 300 גרם שמיר,"סלטי שמיר 2006 בע""\מ",IL,כרוב אדום 300 גרם פי,גרמים,300.00,100 גרם,false,1,15.90,5.30,true,1,
7290004150235,false,חומוס עם חריף פיקנטי פרימיום 300 גרם שמיר,"סלטי שמיר 2006 בע""\מ",IL,חומוס עם חריף 300 גר,גרמים,300.00,100 גרם,false,1,15.90,5.30,true,1,
7290004165017,false,"רסק תפו""ע 600 גרם טבעי ללא סוכר יכין","זנלכל בע""\מ",IL,"רסק תפוח עץ לל""תס יכ",גרמים,560.00,100 גרם,false,1,8.50,1.52,true,1,
7290004199166,false,כפפות לאטקס 100 יח' EASY TOUCH- S,הדקלאים אגודת שיתופי,,כפפות לטקס איזי טאצ,Unknown,0.00,Unknown,false,1,31.50,31.50,true,1,
7290004199173,false,כפפות לטקס איזי טאצ 100 יח מדיום,הדקלאים אגודת שיתופי,,כפפות לטקס איזי טאצ,Unknown,0.00,Unknown,false,1,31.50,31.50,true,1,
7290004199241,false,נרות חימום חסידים 50 יחידות,חסידים,,נרות חימום חסידים 50,Unknown,0.00,Unknown,false,1,10.50,10.50,true,1,
7290004199791,false,כפפות M לטקס עם איבוק עדין 100 יח- SAFE TOUCH,סייף טאצ,,כפפות לטקס 100 יח M,Unknown,0.00,Unknown,false,1,22.90,22.90,true,1,
7290004199807,false,כפפות L לטקס עם איבוק עדין 100 יח- SAFE TOUCH,סייף טאצ,,כפפות לטקס 100 יח L,Unknown,0.00,Unknown,false,1,22.90,22.90,true,1,
7290004200930,false,זיקוק זוג 15 סמ בשקית,שמחה זה אנחנו,,זוג זיקוק 15 בשקית,Unknown,0.00,Unknown,false,1,9.90,9.90,true,1,
7290004219826,false,מלבין קפה הולנדי קומפלטה 400ג',פריזלנד פודס קיוויט,,מלבין קפה הולנדי 400,גרמים,400.00,100 גרם,false,1,22.50,5.63,true,1,
7290004230081,false,קציצות עוף ברוטב עגבניות שגב 800 גרם,"טיבון ויל אחזקות בע""\מ",,קציצות עוף ברוטב,גרמים,800.00,100 גרם,false,1,35.50,4.44,true,1,
7290004339807,false,המבורגר כוסמת מש מונבט אורז מלא וצ'יה 400גר טבע דלי,טבע דלי בעמ,,המבורגר כוסמת מש אור,גרמים,400.00,100 גרם,false,1,24.90,6.23,true,1,
7290004367077,false,בקלוואה ארוז 800 גרם,,,בקלאווה 800 גרם,גרמים,800.00,100 גרם,false,1,34.90,4.36,true,1,
7290004386825,false,שעועית בגודל ענק אפויה ברוטב עגבניות -מוכן לאכילה,וילי פוד,GR,שעועית ענק ברוטב עגב,גרמים,420.00,100 גרם,false,1,10.40,2.48,true,1,
7290004419011,false,עוגת אפריקה עגולה 80,ברון מפעל לייצור עוג,,עוגה אפריקה 800 גרם,גרמים,800.00,100 גרם,false,1,93.90,11.74,true,1,
7290004419042,false,עוגת ברון וואלט עגול,ברון מפעל לייצור עוג,,וואלס עגולה 700 גר,גרמים,700.00,100 גרם,false,1,86.90,12.41,true,1,
7290004419134,false,אוכמניות מלבנית 500 גר יח,ברון מפעל לייצור עוג,,אוכמניות מלבנית 500,גרמים,500.00,100 גרם,false,1,41.90,8.38,true,1,
7290004419141,false,עוגת דובדבן בשוקולד מלבנית 500 גר,ברון מפעל לייצור עוג,,עוגת דובדבן בשוקולד,גרמים,500.00,100 גרם,false,1,41.90,8.38,true,1,
7290004419165,false,קרם בורלה מלבנית 500 גר יח,ברון מפעל לייצור עוג,,קרם בורלה מלבנית 500,גרמים,500.00,100 גרם,false,1,41.90,8.38,true,1,
7290004419370,false,עוגת ברון עדינה ווני,ברון מפעל לייצור עוג,,עוגה עדינה וניל 400,גרמים,400.00,100 גרם,false,1,36.90,9.23,true,1,
7290004419394,false,עוגה עדינה שוקולד 400 גר,ברון מפעל לייצור עוג,,עוגה עדינה שוקולד 40,גרמים,400.00,100 גרם,false,1,41.90,10.48,true,1,
7290004492762,false,"נשנושים תירס אפוי טעם טבעי בייגל בייגל 325 גרם בד""צ",בייגל את בייגל מזון 198),,נשנושים תירס 325 גרם,גרמים,325.00,100 גרם,false,1,12.70,3.91,true,1,
7290004494063,false,יין דלתון פטיט סירה 750 מל,"יקב דלתון בע""מ",,יין דלתון פטיט סירה,Unknown,0.00,Unknown,false,1,54.90,54.90,true,1,
7290004502690,false,וודקה פינלנדיה 1 ליטר,,,וודקה פינלנדיה 1 ל,מיליליטרים,1000.00,"100 מ""ל",false,1,93.90,9.39,true,1,
7290004528362,false,יין אדיר כרם בן זמרה קברנה סוביניון 750,,IL,יין אדיר כרם בן זמרה,מיליליטרים,750.00,"100 מ""ל",false,1,93.90,12.52,true,1,
7290004554354,false,גלידת פנטזיה שוקו וניל 1 ל' שטראוס,"גלידת שטראוס בע""\מ, רחוב",,גלידה פנטסיה שוקו,גרמים,900.00,100 גרם,false,1,24.50,2.72,true,1,
7290004584306,false,רבעיית גמדים בטעם תות בננה * 100 ג' שטראוס,מיוצר עי קונדיטוריית,,גמדים סופר תות -בננה,גרמים,200.00,100 גרם,false,1,10.00,5.00,true,1,
7290004584351,false,גבינה לבנה סימפוניה עם תוספות 200 ג' חמישית 200,"שטראוס בריאות בע""\מ",,סימפוניה 5% 200 גרם,גרמים,200.00,100 גרם,false,1,11.00,5.50,true,1,
7290004584528,false,יוגורט דנונה ביו לבן 1.7% שומן 200 גרם,מיוצר עי קונדיטוריית,,יוגורט דנונה ביו טבע,גרמים,200.00,100 גרם,false,1,3.70,1.85,true,1,
7290004585907,false,דני ועדן וניל 1.5% 125ג' שטראוס,מיוצר עי קונדיטוריית,,"מעדן דני וניל 125 מ""",מיליליטרים,125.00,"100 מ""ל",false,1,2.90,2.32,true,1,
7290004603175,false,מלח הים האדום גס מלח הארץ 500 גרם,"חברת מלח הארץ אילת בע""\מ",,מלח ים האדום גס 500,גרמים,500.00,100 גרם,false,1,8.90,1.78,true,1,
7290004658960,false,יין אמרלד ריזלינג פרייבט קולקשן יקבי כרמל,אגודת הכורמים הקואופרטיב,,יין אמרלד ריזלינג P.,Unknown,0.00,Unknown,false,1,37.90,37.90,true,1,
7290004685089,false,לחם הארץ לחם חמניות 500 גר',מאפית י את א ברמן בע,,לחם חמניות 500 גרם,גרמים,500.00,100 גרם,false,1,16.50,3.30,true,1,
7290004685430,false,לחם הארץ כוסמין 100% 500 גרם,מאפית י את א ברמן בע,,לחם כוסמין 100% 500,גרמים,500.00,100 גרם,false,1,16.50,3.30,true,1,
7290004685454,false,לחם שיבולת שועל 500 גר'.,מאפית י את א ברמן בע,IL,לחם שיבולת שועל,גרמים,500.00,100 גרם,false,1,16.50,3.30,true,1,
7290004685478,false,פיתות כוסמין 100% כוסמין 550 גרם,"מאפיית אורן משי בע""\מ",,פיתות כוסמין 100% כו,גרמים,550.00,100 גרם,false,1,17.90,3.25,true,1,
7290004731076,false,אל סבון נוזלי עם אלוורה כיף 1 ליטר,טרופיקל דגיל תעשיות,,אלסבון כיף 1 ליטר,ליטרים,0.00,ליטר,false,1,15.20,15.20,true,1,
7290004731472,false,"אל סבון צבעוני כיף שלישיה* 500 מ""ל",טרופיקל דגיל תעשיות,,אלסבון כיף שלישייה 5,ליטרים,0.00,ליטר,false,1,19.50,19.50,true,1,
7290004731564,false,"מקסימה מבשם ומרכך למייבש הכביסה בלו בלוסום 750 מ""ל",סנו מקסימה,,מבשם ומרכך כביסה למי,מיליליטרים,750.00,"100 מ""ל",false,1,18.90,2.52,true,1,
7290004731670,false,"מטהר אוויר דואופרש פצ'ולי לבנדר סנו 300 מ""ל","סנו מפעלי ברונוס בע""\מ",,סנו דואופרש אפרסק ומ,מיליליטרים,300.00,"100 מ""ל",false,1,13.90,4.63,true,1,
7290004731816,false,סנו סושי מגבות הפלא למטבח 8 גלילים,סנו מפעלי ברונוס בעמ,,סושי מגבות הפלא שמינ,Unknown,0.00,Unknown,false,1,18.90,18.90,true,1,
7290004759193,false,סופרלס בודד 100 טבליות אלטמן בדצ,אלטמן,,סופרלס בודד 100 טבלי,Unknown,0.00,Unknown,false,1,69.90,69.90,true,1,
7290004768294,false,פילה אמנון ללא עור קפוא 5-7 בלדי,בלאדי,,פילה אמנון ללא עור,Unknown,0.00,"ק""ג",true,0,34.90,34.90,true,1,
7290004768911,false,אונט ריב מובחר טרי,,,אונט ריב מובחר טרי,Unknown,0.00,"ק""ג",true,0,64.90,64.90,true,1,
7290004768997,false,חזה בקר נקי טרי,,,חזה בקר נקי טרי,Unknown,0.00,"ק""ג",true,0,59.90,59.90,true,1,
7290004933074,false,לקסי קר 60 כמוסות,NATURAL MARSHAL,,לקסי קר 60 כמוסות,Unknown,0.00,Unknown,false,1,49.90,49.90,true,1,
7290004933807,false,חימר ירוק 250 גר,,,חימר ירוק 250 גר,גרמים,250.00,100 גרם,false,1,26.90,10.76,true,1,
7290004982355,false,גבינת צדר טריפל במשק,כושר דיירי,,טריפל צדר במשקל,Unknown,0.00,"ק""ג",true,0,130.00,130.00,true,1,
7290005008191,false,"סבון נוזלי ארומה בניחוח לבנדר פטצ'ולי וילנג ילנג פלמוליב 500 מ""ל",הנסיך- מפעל לייצור ט,,פלמוליב ס. נוזלי ארו,מיליליטרים,500.00,"100 מ""ל",false,1,18.80,3.76,true,1,
7290005020162,false,וויסקי סקוטי בלנטייס פיינסט 700 מל,פרנו,,וויסקי בלנטיינס 700,מיליליטרים,700.00,"100 מ""ל",false,1,79.90,11.41,true,1,
7290005020353,false,רום בקרדי לבן 1 ליטר,,,רום בקרדי לבן 1 ליטר,מיליליטרים,1000.00,"100 מ""ל",false,1,124.90,12.49,true,1,
7290005053023,false,רזיניקה 3% 1 ליטר,,,רזיניקה 3% 1 ליטר,ליטרים,0.00,ליטר,false,1,13.60,13.60,true,1,
7290005053047,false,פרוסטקוושה 1 ליטר,,,פרוסטקוושה 1 ליטר,מיליליטרים,1000.00,"100 מ""ל",false,1,13.60,1.36,true,1,
7290005053054,false,שמנת 42% יד מרדכי 30,,,שמנת 42% מיוחד 300,גרמים,300.00,100 גרם,false,1,11.50,3.83,true,1,
7290005053078,false,קאפיר 3% 1 ליטר,,,קאפיר 3% 1 ליטר,ליטרים,0.00,ליטר,false,1,13.60,13.60,true,1,
7290005053085,false,שמנת חמוצה 15% 500 גרם,,,שמנת חמוצה 15% 500 ג,גרמים,500.00,100 גרם,false,1,11.20,2.24,true,1,
7290005053115,false,גבינת טבורג 500 5% גרם,,,גבינת טבורג 500 5% ג,גרמים,500.00,100 גרם,false,1,15.00,3.00,true,1,
7290005053139,false,משקה יוגורט רזינקה דל לקטוז 1 ליטר,,,משקה יוגורט רזינקה,ליטרים,0.00,ליטר,false,1,13.50,13.50,true,1,
7290005053214,false,גבינת טבורוג דובדבן,,,טבורוג דובדבן 500 גר,גרמים,500.00,100 גרם,false,1,16.00,3.20,true,1,
7290005053221,false,גבינה עם משמש 500גר,,,טבורוג עם משמש 500,גרמים,500.00,100 גרם,false,1,16.00,3.20,true,1,
7290005053238,false,טבורוג צימוקים 5% 500 גר,,,טבורוג צימוקים 5%,גרמים,500.00,100 גרם,false,1,16.00,3.20,true,1,
7290005053252,false,פרוסטקוושה 500,,,פרוסטקוושה 500,ליטרים,0.00,ליטר,false,1,7.50,7.50,true,1,
7290005053269,false,"קאפיר 500 מ""ל",,,"קאפיר 500 מ""ל",מיליליטרים,500.00,"100 מ""ל",false,1,7.90,1.58,true,1,
7290005053276,false,ריזינקה 0.5ל,,,"ריזינקה 500 מ""ל",מיליליטרים,500.00,"100 מ""ל",false,1,7.50,1.50,true,1,
7290005068447,false,"גרגרי תירס קל בוואקום ללת""ס פרי גליל 340ג'","פרי הגליל בע""""מ",,תירס קל בואקום,גרמים,340.00,100 גרם,false,1,9.40,2.76,true,1,
7290005084355,false,"סנסודיין - משחת שיניים דואל קר זהב 75 מ""ל",גלקסו סמית קליין,,משחת שיניים סנסודיי,גרמים,75.00,100 גרם,false,1,22.90,30.53,true,1,
7290005095061,false,נר נשמה בפחית 24 שעות,HQP,CN,נר נשמה בפחית 24 שעו,Unknown,0.00,Unknown,false,1,3.10,3.10,true,1,
7290005095207,false,מנגל גדול 78*30,,,מנגל גדול 78*30,Unknown,0.00,Unknown,false,1,146.50,146.50,true,1,
7290005095269,false,נרות חימום בשקית-שקד 50,סין,,נרות חימום 50 יח,Unknown,0.00,Unknown,false,1,11.90,11.90,true,1,
7290005095375,false,כוסות לשתייה קרה 100 יח,,TR,כוסות לשתייה קרה 100,Unknown,0.00,Unknown,false,1,8.50,8.50,true,1,
7290005095467,false,נרות שבת מס 4 180 גר,משווק על ידי HQP,CN,נרות שבת 4 יח,Unknown,0.00,Unknown,false,1,6.10,6.10,true,1,
7290005111761,false,"מזון לכלבים בונזו מזון כלבים בשר 3 ק""ג","ביופט בע""מ",,בונזו ארוחת בריאות 3,קילוגרמים,0.00,"ק""ג",false,1,49.90,49.90,true,1,
7290005174513,false,סלט חצילים במיונז אחלה 500 גרם,מיוצר עי קונדיטוריית,,חצילים במיונז 500 גר,גרמים,500.00,100 גרם,false,1,15.90,3.18,true,1,
7290005174551,false,סלט חומוס עם צנוברים 125 ג' אחלה,מיוצר עי קונדיטוריית,,חומוס יום יום 125 גר,גרמים,125.00,100 גרם,false,1,4.90,3.92,true,1,
7290005174568,false,סלט חצילים במיונז אחלה 125 גרם,מיוצר עי קונדיטוריית,,חצילים במיונז 125 גר,גרמים,125.00,100 גרם,false,1,4.90,3.92,true,1,
7290005174575,false,טחינה אחלה יום יום משובחת 125ג',מיוצר עי קונדיטוריית,,טחינה יום יום 125 גר,גרמים,125.00,100 גרם,false,1,4.90,3.92,true,1,
7290005197758,false,"עוגיות חיוכים שוקולד עלית 150 גרם בד""צ",אפיפית נצרת תעשיות ב,,חיוכים שוקו 150 גרם,גרמים,150.00,100 גרם,false,1,6.50,4.33,true,1,
7290005199288,false,גומי מאסט בטעם פטל לימון 28 ג' עלית,"שטראוס גרופ בע""מ",,מסטיק מאסט פטל לימון,Unknown,0.00,Unknown,false,1,4.90,4.90,true,1,
7290005200786,false,תפוצ'יפס בטעם שמנת בצל עלית 50 גרם,"שטראוס פריטו ליי בע""\מ )",,תפוציפס שמנת ובצל 50,גרמים,50.00,100 גרם,false,1,4.00,8.00,true,1,
7290005201455,false,קפה נמס מגורען ארומה קלאסי עלית 200 גרם,"אינסטנטה בע""מ",,קפה ארומה מגורען 200,גרמים,200.00,100 גרם,false,1,28.20,14.10,true,1,
7290005201882,false,קפה טורקי בצלופן עלית 200 גרם,הנסיך- מפעל לייצור ט,IL,קפה טורקי עלית 200 ג,גרמים,200.00,100 גרם,false,1,15.90,7.95,true,1,
7290005278075,false,מיץ פירות יער סחוט טרי 5,,,פירות יער סחוט טרי 5,מיליליטרים,500.00,"100 מ""ל",false,1,9.90,1.98,true,1,
7290005278174,false,"לימונענע סחוט טרי 500 מ""",,,לימונענע סחוט טרי 50,מיליליטרים,500.00,"100 מ""ל",false,1,9.90,1.98,true,1,
7290005278228,false,פסיפלורה מנגו סחוט טרי 5,,,מנגו פסיפלורה,מיליליטרים,500.00,"100 מ""ל",false,1,9.90,1.98,true,1,
7290005278440,false,מיץ גזר תפוז סחוט טרי 50,,,גזר תפוז סחוט טרי 50,מיליליטרים,500.00,"100 מ""ל",false,1,9.90,1.98,true,1,
7290005287206,false,טונה סטארקיסט רביעיות בשמן 492 גרם,"סטארקיסט פודור בע""מ",,טונה סטארקיסט בשמן ר,גרמים,640.00,100 גרם,false,1,24.90,3.89,true,1,
7290005287251,false,רביעיית טונה במים סטארקיסט 160 גרם,"סטארקיסט פודור בע""מ",,טונה סטארקיסט במים ר,גרמים,640.00,100 גרם,false,1,24.90,3.89,true,1,
7290005287510,false,"סטארקיסט טונה בשמן עם פלפל חריף 160 גרם בד""צ","סטארקיסט פודור בע""מ",,טונה בשמן עם פלפל חר,גרמים,160.00,100 גרם,false,1,8.90,5.56,true,1,
7290005287527,false,"סטארקיסט טונה בשמן עם לימון 160 גרם בד""צ","סטארקיסט פודור בע""מ",,טונה בשמן עם לימון 1,גרמים,160.00,100 גרם,false,1,8.90,5.56,true,1,
7290005296260,false,"אסטוניש ספריי רסס ונגב לניקוי כללי יעקבי 750 מ""ל",יעקובי אסטוניש,,"אסטוניש מרסס 750 מ""ל",מיליליטרים,750.00,"100 מ""ל",false,1,19.80,2.64,true,1,
7290005326387,false,עגבניות מיובשות בשמן זית אוליביה 270 גרם,קריות זול,,עגבניות מיובשות,גרמים,270.00,100 גרם,false,1,19.80,7.33,true,1,
7290005326523,false,ממרח פסטו פטרוזיליה ונענע אוליביה 180 גרם,אוליביה,,ממרח פסטו פטרוזיליה,גרמים,180.00,100 גרם,false,1,13.90,7.72,true,1,
7290005358241,false,לשון בקר קפוא,,,לשון בקר קפואה,Unknown,0.00,"ק""ג",true,0,35.90,35.90,true,1,
7290005384851,false,וילי פוד מיץ לימון בדץ 200מל,קריות זול,IT,מיץ לימון 200 מ`ל,מיליליטרים,200.00,"100 מ""ל",false,1,4.90,2.45,true,1,
7290005416033,false,מחלבת טל יוגורט עיזים טבעי 3% 500מל,"ל.ד בר אל בע""מ",,יוגורט עיזים טבעי 3%,מיליליטרים,500.00,"100 מ""ל",false,1,14.90,2.98,true,1,
7290005416262,false,מחלבת טל יוגורט עיזים בטעם תות 500מל,"ל.ד בר אל בע""מ",,יוגורט עיזים תות 3%,מיליליטרים,500.00,"100 מ""ל",false,1,15.60,3.12,true,1,
7290005416279,false,מחלבת טל יוגורט עיזים בטעם פירות יער 500מל,"ל.ד בר אל בע""מ",,יוגורט עיזים פירות י,מיליליטרים,500.00,"100 מ""ל",false,1,15.60,3.12,true,1,
7290005416286,false,מחלבת טל יוגורט עיזים בטעם אננס 500מל,"ל.ד בר אל בע""מ",,יוגורט עיזים אננס 3%,מיליליטרים,500.00,"100 מ""ל",false,1,14.90,2.98,true,1,
7290005416293,false,מחלבת טל יוגורט עיזים בטעם אפרסק 500מל,"ל.ד בר אל בע""מ",,יוגורט עיזים אפרסק 3,מיליליטרים,500.00,"100 מ""ל",false,1,15.60,3.12,true,1,
7290005423055,false,סנו פורטה פלוס מתז בניחות לימון 1 ל',"סנו מפעלי ברונוס בע""\מ",IL,מרסס סנו פורטה פלוס,מיליליטרים,1000.00,"100 מ""ל",false,1,17.90,1.79,true,1,
7290005423567,false,מטליות ניקוי רב שימושיות בגליל סנו סושי 40 יחידות,אסותא תעשיות אלבד בע,,סנו סושי מטליות בגלי,Unknown,0.00,Unknown,false,1,20.20,20.20,true,1,
7290005423635,false,ריצפז נוזל רצפות דוחה תיקנים סנו 2 ליטר,מיוצר עי קונדיטוריית,,רצפז דוחה חרקים 2 לי,ליטרים,0.00,ליטר,false,1,21.90,21.90,true,1,
7290005423918,false,סנו - מקסימה מרכך כביסה היפואלרגני אלוורה 4 ליטר,"סנו מפעלי ברונוס בע""\מ",,סנו מקסימה מרכך כביס,ליטרים,0.00,ליטר,false,1,23.90,23.90,true,1,
7290005424021,false,"סנופרש הום מנטרל ריחות רעים 350 מ""ל",סנו fresh,,סנופרש הום מנטרל ריח,מיליליטרים,350.00,"100 מ""ל",false,1,17.90,5.11,true,1,
7290005424311,false,"קוטל חרקים רב קוטל K סנו 500 מ""ל",מיוצר עי קונדיטוריית,,סנו רב קוטל,מיליליטרים,475.00,"100 מ""ל",false,1,23.90,5.03,true,1,
7290005424403,false,"אל סבון כיף אצות ים קטיפתי 1ליטר,",טרופיקל דגיל תעשיות,,אלסבון כיף 1 ליטר,מיליליטרים,1000.00,"100 מ""ל",false,1,15.20,1.52,true,1,
7290005424755,false,מטליות ריצפז פלוס לחות לניקוי רצפות דוחה תיקנים 10 יח' סנו,סנו מפעלי ברונוס בעמ,,מטלית דוחה תיקנים,Unknown,0.00,Unknown,false,1,17.40,17.40,true,1,
7290005424762,false,ריצפז פלוס ווקס נוזל להברקת רצפות דוחה תיקנים סנו 2 ליטר,"סנו מפעלי ברונוס בע""\מ",,רצפז פלוס דוחה חרקים,ליטרים,0.00,ליטר,false,1,31.50,31.50,true,1,
7290005424991,false,סנו פרש אוטומטיק בהתזה קצובה ניחוח בייבי פאודר,סנו מפעלי ברונוס בעמ,IL,מילוי סנו פרש אוטומט,מיליליטרים,200.00,"100 מ""ל",false,1,14.90,7.45,true,1,
7290005425110,false,"חיטוי משטחים 99.9% מתז מחטא ומשמיד 750 מ""ל","סנו מפעלי ברונוס בע""\מ",IL,מרסס לחיטוי משטחים 9,מיליליטרים,750.00,"100 מ""ל",false,1,13.90,1.85,true,1,
7290005425196,false,"מקסימה אבקת כביסה סנסיטיב סנו 2.5 ק""ג",מיוצר עי קונדיטוריית,,סנו מקסימה סנסטיב 2.,קילוגרמים,0.00,"ק""ג",false,1,31.50,31.50,true,1,
7290005425585,false,מטליות לחות לניקוי רהיטים סנו 20 יחידות,"סנו מפעלי ברונוס בע""\מ",,סנו רהיט מטליות,Unknown,0.00,Unknown,false,1,17.90,17.90,true,1,
7290005425646,false,קליר נוזל לניקוי חלונות רב תכליתי סנו 1 ליטר,"סנו מפעלי ברונוס בע""\מ",,סנוקליר אקדח 1 ליטר,מיליליטרים,1000.00,"100 מ""ל",false,1,9.90,0.99,true,1,
7290005425714,false,"שמפו שטיחים סנו פלוס 600 מ""ל","סנו מפעלי ברונוס בע""\מ",,שמפו לשטיחים פלוס,מיליליטרים,600.00,"100 מ""ל",false,1,29.50,4.92,true,1,
7290005426193,false,ספוגית הפלא סנו סושי 6 יחידות,טרופיקל דגיל תעשיות,,סנו סושי ספוג הפלא,Unknown,0.00,Unknown,false,1,14.20,14.20,true,1,
7290005426230,false,מטלית הפלא לרצפה מיקרופייבר סנו 1יח',סנו סושי,,סושי מטלית הפלא לרצפ,Unknown,0.00,Unknown,false,1,12.90,12.90,true,1,
7290005426629,false,"סנו דואופרש אורן לוטוס ופרחי מים ודובדבן, 300 מ""ל",סנו fresh,,סנו דואופרש אורן ודו,מיליליטרים,300.00,"100 מ""ל",false,1,13.90,4.63,true,1,
7290005426803,false,מקסימה מרכך כביסה פצ'ולי לבנדר סגול סנו 4 ליטר,סנו מקסימה,,סנו מקסימה מרכך כביס,ליטרים,0.00,ליטר,false,1,19.90,19.90,true,1,
7290005426940,false,"סנו K-300 מדביר חרקים 475 מ""ל",טרופיקל דגיל תעשיות,,K-300 פלוס 8,מיליליטרים,400.00,"100 מ""ל",false,1,23.90,5.98,true,1,
7290005426971,false,סנובון סבון לאסלה תפוח כחול סנו 3 יחידות,סנו מפעלי ברונו בעמ,,סנובון כחול שלישייה,Unknown,0.00,Unknown,false,1,16.90,16.90,true,1,
7290005429279,false,סנו מקסימה קומפקט קומפקט אפקט גאוול 6 ק,סנו מפעלי ברונוס בעמ,,סנו מקסימה קומפקט ק,קילוגרמים,0.01,"ק""ג",false,1,49.50,4950.00,true,1,
7290005429286,false,"אבקת כביסה ביו סנו מקסימה 6 ק""ג",סנו מקסימה,,סנו מקסימה קומפקט בי,קילוגרמים,0.01,"ק""ג",false,1,49.50,4950.00,true,1,
7290005430480,false,"מטליות פלא מייקרופייבר כחול ""סנוסושי""",קריות זול,,מטלית פלא סנו סושי,Unknown,0.00,Unknown,false,1,7.90,7.90,true,1,
7290005430510,false,סנו סופט נייר טואלט 40 גלילים לבן,General,,נייר טואלט סופט 40 ג,מטרים,736.00,מטר,false,1,41.90,0.06,true,1,
7290005430602,false,"סנו אוקסיג'ן ספריי להסרת כתמים עם חמצן פעיל 750 מ""ל","סנו מפעלי ברונוס בע""",,סנו אוקסיגן מסיר כתמ,מיליליטרים,750.00,"100 מ""ל",false,1,14.90,1.99,true,1,
7290005430671,false,פוליויקס נוזל לניקוי קרמיקה סנו 2 ליטר,סנו מפעלי ברונו בעמ,,סנו פוליויקס 2 ליטר,ליטרים,0.00,ליטר,false,1,20.90,20.90,true,1,
7290005431159,false,תותים בקצפת לייט עדן קינוחים 80 גרם,עדן קינוחים,,תותים בקצפת לייט 80,גרמים,80.00,100 גרם,false,1,6.90,8.63,true,1,
7290005431883,false,מלבי חלבי עדן קינוחים 165 גרם,עדן קינוחים Eden,IL,מלבי חלבי 165 גר,גרמים,165.00,100 גרם,false,1,6.90,4.18,true,1,
7290005431906,false,קדאיף עדן קינוחים 82 גרם,עדן קינוחים Eden,IL,קדאיף 82 גר,גרמים,82.00,100 גרם,false,1,6.90,8.41,true,1,
7290005431913,false,עוגת גבינה פירורים עדן קינוחים 92 גרם,עדן קינוחים Eden,IL,עוגת גבינה פירורים,גרמים,92.00,100 גרם,false,1,6.90,7.50,true,1,
7290005431920,false,עוגת גבינה פירורים לייט עדן קינוחים 78 גרם,עדן קינוחים Eden,IL,עוגת גבינה פירורים,גרמים,78.00,100 גרם,false,1,6.90,8.85,true,1,
7290005431937,false,טירמיסו עדן קינוחים 82 גרם,עדן קינוחים Eden,IL,טירמיסו 82 גר,גרמים,82.00,100 גרם,false,1,6.90,8.41,true,1,
7290005431968,false,מלבי שמנת עדן קינוחים 150 גרם,עדן קינוחים Eden,IL,מלבי שמנת 150 גרם,גרמים,150.00,100 גרם,false,1,6.90,4.60,true,1,
7290005555100,false,פיקדון רביעייה,,,פיקדון רביעייה,Unknown,0.00,Unknown,false,1,1.20,1.20,true,1,
7290005555101,false,עוגיות שוקולד לבן,Unknown,,פיקדון שישייה,Unknown,0.00,Unknown,false,1,1.80,1.80,true,1,
7290005555127,false,פיקדון 30 אג,,,פיקדון 30 אג,Unknown,0.00,Unknown,false,1,0.30,0.30,true,1,
7290005555777,false,"פיקדון חוזר 1.2 ש""ח בק 500 מ""ל",,,"פיקדון חוזר 1.2 ש""ח",Unknown,0.00,Unknown,false,1,1.20,1.20,true,1,
7290005559587,false,מאפה נקניקיה בבצק מעדנות 800ג',"מעדנות בע""\מ",,מאפה נקניקיה 800גר מ,גרמים,800.00,100 גרם,false,1,32.90,4.11,true,1,
7290005559709,false,בורקס פיצה מעדנות 700 גרם,מיוצר עי קונדיטוריית,,בורקס פיצה 700 גר,גרמים,700.00,100 גרם,false,1,28.90,4.13,true,1,
7290005559907,false,פיצה משפחתית 100% גבינה מעדנות 500 גרם,מיוצר עי קונדיטוריית,,פיצה משפחתית גבינה,גרמים,500.00,100 גרם,false,1,23.90,4.78,true,1,
7290005559914,false,פיצה משפחתית עם 100% גבינה בתוספת זיתים מעדנות 550 גרם,מיוצר עי קונדיטוריית,,פיצה משפחתית זיתים מ,גרמים,550.00,100 גרם,false,1,21.90,3.98,true,1,
7290005559990,false,בצק פילאס תורכי מעדנות 600 גרם,מיוצר עי קונדיטוריית,,בצק פילאס תורכי מעדנ,גרמים,600.00,100 גרם,false,1,22.90,3.82,true,1,
7290005571060,false,אוסובוקו בקר טרי,,,אוסובוקו בקר טרי,Unknown,0.00,"ק""ג",true,0,49.90,49.90,true,1,
7290005571183,false,שייטל בקר שלם,,,שייטל שלם,Unknown,0.00,"ק""ג",true,0,79.90,79.90,true,1,
7290005571213,false,שפיץ צך בקר,,,פיקנייה עגל טרי,Unknown,0.00,"ק""ג",true,0,94.90,94.90,true,1,
7290005571343,false,כבד עגל טרי,,,כבד עגל טרי,Unknown,0.00,"ק""ג",true,0,17.90,17.90,true,1,
7290005571596,false,סינטה פילה עגלה קוד קניה,,,סינטה פילה עגלה קוד,Unknown,0.00,"ק""ג",true,0,99.90,99.90,true,1,
7290005591761,false,דבש טהור מפרחי בר בלחיץ 400 ג' יד מרדכי,מכוורת יד מרדכי שטרא,,דבש טהור לחיץ פרחי ב,גרמים,400.00,100 גרם,false,1,20.90,5.23,true,1,
7290005610509,false,צנונית ארוז דוד משה 500ג',ביכורי השקמה,,צנונית,Unknown,0.00,Unknown,false,1,6.90,6.90,true,1,
7290005651069,false,"מזון חתולים לה קט מיקס 2.85 ק""ג","ביופט בע""מ",,לה-קט 2.85 קג מיקס,קילוגרמים,0.00,"ק""ג",false,1,59.90,59.90,true,1,
7290005651427,false,"בונזו מזון לכלבים מולטיפק 1.2 ק""ג מארז 3 יחידות",קריות זול,,בונזו מולטיפק 3*400,גרמים,400.00,100 גרם,false,1,17.90,4.48,true,1,
7290005678585,false,ענב סקרלוטהללא חרצן ארוז,ביכורי השקמה,,סקרלוטה ללא חרצנים,Unknown,0.00,"ק""ג",true,0,29.90,29.90,true,1,
7290005786006,false,קרפלך האיש עם השפם 1,שבע-תעשיות בצקים קפו,,קרפלך חוטר 1 קילו,גרמים,1000.00,100 גרם,false,1,43.90,4.39,true,1,
7290005786075,false,"קרפלך סאן סאניץ 1 ק""ג",שבע-תעשיות בצקים קפו,IL,קרפלך סאן סניץ 1.200,גרמים,1000.00,100 גרם,false,1,40.90,4.09,true,1,
7290005786082,false,"קרפלך אליטה הודו 1 ק""ג",,,קרפלך אליטה הודו 1 ק,גרמים,1000.00,100 גרם,false,1,49.90,4.99,true,1,
7290005786105,false,"קרפלך כבש 1 ק""ג",שבע-תעשיות בצקים קפו,,"קרפלך כבש 1 ק""ג",גרמים,1000.00,100 גרם,false,1,41.90,4.19,true,1,
7290005786730,false,קרפלך 3 חזרזירים 1 קילו,,,קרפלך 3 חזרזירים 1 ק,גרמים,1000.00,100 גרם,false,1,43.90,4.39,true,1,
7290005786990,false,"קרפלך ""10"" 500 גרם",,,קרפלך 500 גרם,גרמים,500.00,100 גרם,false,1,9.90,1.98,true,1,
7290005811111,false,בייגלה מקמח כוסמין עם מלח 300 גרם,"אם החיטה בע""מ",IL,בייגלה מקמח כוסמין ע,גרמים,300.00,100 גרם,false,1,15.90,5.30,true,1,
7290005811128,false,בייגלה מקמח כוסמין עם שומשום 300 גרם,"אם החיטה בע""מ",IL,בייגלה מקמח כוסמין ע,גרמים,300.00,100 גרם,false,1,15.90,5.30,true,1,
7290005838002,false,מעדן גבינה ויוגורט בטעם וניל 88 ג' דניאלה,"שטראוס בריאות בע""מ",,דניאלה וניל 100 גרם,גרמים,88.00,100 גרם,false,1,4.10,4.66,true,1,
7290005838613,false,"סקי וניל בודד 125 גרם ""שטראוס""","שטראוס בריאות בע""\מ",,סקי וניל 125 גרם,גרמים,125.00,100 גרם,false,1,3.70,2.96,true,1,
7290005838972,false,גבינת יום יום 5% שטראוס 125ג',מיוצר עי קונדיטוריית,,גבינת סקי יום יום 5%,גרמים,125.00,100 גרם,false,1,2.49,1.99,true,1,
7290005839078,false,שמיניית יוגורט לבן 3% ביו דנונה 150 גרם,מיוצר עי קונדיטוריית,,מולטיפק יוגורט דנונה,ליטרים,0.00,ליטר,false,1,16.90,16.90,true,1,
7290005839108,false,גבינה לבנה סימפוניה עם תוספות 200 ג'+זיתים 5%,"שטראוס בריאות בע""\מ",,סימפוניה 5% עם זיתים,גרמים,200.00,100 גרם,false,1,11.00,5.50,true,1,
7290005839313,false,"מילקי טופ מגולגלת שטראוס 170 מ""ל",מיוצר עי קונדיטוריית,,מילקי טופ מגולגלת 13,גרמים,130.00,100 גרם,false,1,4.90,3.77,true,1,
7290005896415,false,"בירה איגל לאגר פרימיום 5% 500 מ""ל פחית","טמפו משקאות בע""מ",,בירה איגל לאגר פרימי,מיליליטרים,500.00,"100 מ""ל",false,1,6.90,1.38,true,1,
7290005896460,false,"בירה איגל לאגר חזקה 7.8% 500 מ""ל פחית",טמפו,,בירה איגל חזקה 7.8%,מיליליטרים,500.00,"100 מ""ל",false,1,6.90,1.38,true,1,
7290005896620,false,סאן בנדטו - מוגז עדין - 1.5 ליטר,אקווה מינרלה סאן בנד,,מים סאן בנדטו 1.5 ל,ליטרים,0.00,ליטר,false,1,3.50,3.50,true,1,
7290005896637,false,סאן בנדטו - מים מינרלים טבעיים מהאלפים 1.5 ליטר,אקווה מינרלה סאן בנדטו ב,IL,מים סאן בנדיטו 1.5 ל,ליטרים,0.00,ליטר,false,1,4.20,4.20,true,1,
7290005946356,false,אנדיב,,,אנדיב,Unknown,0.00,Unknown,false,1,14.90,14.90,true,1,
7290005966422,false,יין ירדן שרדונה 2020 750 מל,יקבי רמת הגולן,,יין ירדן שרדונה 2020,Unknown,0.00,Unknown,false,1,77.90,77.90,true,1,
7290005992018,false,"יוגורט עיזים לשתיה 3% מחלבות גד 500 מ""ל","מיוצר ע""\י קוד יצרן MKN",,יוגורט עיזים 500 מל,גרמים,500.00,100 גרם,false,1,12.20,2.44,true,1,
7290005992575,false,גבינה בולגרית למריחה 5% גד 250 גרם,מחלבות גד בעמ,,בולגרית למריחה 250 ג,גרמים,250.00,100 גרם,false,1,15.90,6.36,true,1,
7290005992735,false,לאבנה טבעית 5% 250 גר' - רבנות,הנסיך- מפעל לייצור ט,,גבינה לבנה טבעית 250,גרמים,250.00,100 גרם,false,1,12.50,5.00,true,1,
7290006189028,false,מיני פריזר עגל 480 גרם,,IL,מיני פריזר עגל 480 ג,גרמים,480.00,100 גרם,false,1,21.90,4.56,true,1,
7290006189358,false,סטייק אנטריקוט מוצר בשר מעובד מופשר,,,אנטריקוט מעובד מופשר,Unknown,0.00,"ק""ג",true,0,99.90,99.90,true,1,
7290006190741,false,פיקורינו פפאטו עם פלפל במשקל,,,פיקורינו פפאטו פלפל,Unknown,0.00,"ק""ג",true,0,210.00,210.00,true,1,
7290006190765,false,גבינת גרוייר רזרב שוויצרי במשקל,,,גבינת גרוייר רזרב,Unknown,0.00,"ק""ג",true,0,236.00,236.00,true,1,
7290006193964,false,עוגת קצפת 550 גר,,,עוגת קצפת,גרמים,550.00,100 גרם,false,1,37.50,6.82,true,1,
7290006193995,false,קייבסקי טורט ברלה,,,קייבסקי טורט ברלה,גרמים,600.00,100 גרם,false,1,53.50,8.92,true,1,
7290006194015,false,גבינת גורגונזולה פיקנטית במשקל,,,גבינת גורגונזולה פיק,Unknown,0.00,"ק""ג",true,0,191.00,191.00,true,1,
7290006199027,false,מאגדת גלידל וניל מצופה סורבה תות שדה [8],הגלידות של פלדמן,,מאגדת גלידל וניל\פטל,גרמים,600.00,100 גרם,false,1,32.90,5.48,true,1,
7290006199942,false,"שמיניית גלידל פרי דובדבן ""פלדמן""",הגלידות של פלדמן,,מאגדת גלידל פרי,גרמים,640.00,100 גרם,false,1,26.50,4.14,true,1,
7290006210807,false,בונז'ור בייגלה אמריק,,,בייגל אמריקאי רגיל,גרמים,150.00,100 גרם,false,1,6.60,4.40,true,1,
7290006229427,false,סן בנדטו - מים מינרלים - מארז שישיית 500 מל,קריות זול,,שישיית מים מינרלים ס,ליטרים,0.02,ליטר,false,1,12.90,645.00,true,1,
7290006229588,false,בירה איגל לאגר פרימיום חזקה 6.3% 500 מל,"טמפו משקאות בע""מ",,בירה איגל לאגר פרימי,מיליליטרים,500.00,"100 מ""ל",false,1,6.90,1.38,true,1,
7290006241191,false,אגוז מלך קליית גת 150 גרם,הדקלאים אגודת שיתופי,,אגוזי מלך קליית גת 1,גרמים,150.00,100 גרם,false,1,20.90,13.93,true,1,
7290006241214,false,שקד טבעי קליית גת 200 גרם,הדקלאים אגודת שיתופי,,שקד טבעי 200 ג שקית,גרמים,200.00,100 גרם,false,1,20.90,10.45,true,1,
7290006251107,false,תה צ'אי מסאלה ויסוצקי 25 יחידות,מולינו ניקולי s.p.a,,תה צאי מסאלה 25 שקיק,Unknown,0.00,Unknown,false,1,18.90,18.90,true,1,
7290006251268,false,תה ירוק בטעם תפוח וקינמון ויסוצקי 25 יחידות,תה ויסוצקי,,תה ירוק תפוח וקינמון,Unknown,0.00,Unknown,false,1,24.90,24.90,true,1,
7290006251275,false,תה ירוק סיני קלאסי ויסוצקי 25 יחידות,תה ויסוצקי,,תה ירוק סיני 25 שקיק,Unknown,0.00,Unknown,false,1,24.90,24.90,true,1,
7290006251343,false,חליטת פסיפלורה מנגו הגן הקסום ויסוצקי 25 יחידות,תה ויסוצקי,,פסיפלורה מנגו 25 שק,Unknown,0.00,Unknown,false,1,18.90,18.90,true,1,
7290006251589,false,תה ירוק עם עלי נענע 50 שקיקים ויסוצקי,בית ויסוצקי,,תה ירוק נענע באריזה,Unknown,0.00,Unknown,false,1,44.90,44.90,true,1,
7290006265500,false,פטריות שמפיניון ארוז מרינה,"מרינה פטריות הגליל בע""מ",,פטריות שמפיניון ארוז,Unknown,0.00,Unknown,false,1,9.90,9.90,true,1,
7290006271174,false,ג'חנון לאפיה בתנור מעדנות 700 גרם,מיוצר עי קונדיטוריית,,גחנון בצק מעדנות,גרמים,700.00,100 גרם,false,1,20.90,2.99,true,1,
7290006271181,false,ג'חנון אפוי למיקרוגל מעדנות 750 גרם,מיוצר עי קונדיטוריית,,גחנון אפוי 750 גר,גרמים,750.00,100 גרם,false,1,25.60,3.41,true,1,
7290006271648,false,מיני בורקס תפוחי אדמה מעדנות 800 גרם,"מעדנות בע""\מ",,"מיני בורקס תפו""א 800",גרמים,650.00,100 גרם,false,1,28.50,4.38,true,1,
7290006271655,false,מיני בורקס גבינה מעדנות 800 גרם,מיוצר עי קונדיטוריית,,מיני בורקס גבינה,גרמים,800.00,100 גרם,false,1,26.90,3.36,true,1,
7290006272072,false,חטיפי פיצה גבינה מעדנות 650 גרם,"מעדנות בע""\מ",,חטיפי פיצה גבינה,גרמים,650.00,100 גרם,false,1,33.90,5.22,true,1,
7290006272430,false,בצק עלים חמאה מעדנות 600 גרם,מיוצר עי קונדיטוריית,,בצק עלים חמאה מעדנות,גרמים,600.00,100 גרם,false,1,28.60,4.77,true,1,
7290006296078,false,בוקר (שחרין ) 250 מ`ל -ע.קדם 250 מ`ל,,,בוקר (שחרין ) 250 מ`,Unknown,0.00,Unknown,false,1,52.90,52.90,true,1,
7290006306159,false,פסטנונה-לזניה 4 גבינות 500גר,דורום תעשיות מזון ופסטה,,פסטנונה לזניה 4 גבינ,גרמים,500.00,100 גרם,false,1,39.90,7.98,true,1,
7290006306296,false,רביולי במילוי גבינה לילדים 400 ג' פסטה נונה,דורום תעשיות מזון ופסטה,,רביולי גבינה לילדים,גרמים,400.00,100 גרם,false,1,23.90,5.98,true,1,
7290006306302,false,רביולי במילוי גבינות פרמזן ריקוטה 400 ג' פסטה נונה,דורום תעשיות מזון ופסטה,IL,רביולי גבינה ופרמזן,גרמים,400.00,100 גרם,false,1,23.90,5.98,true,1,
7290006306319,false,רביולי במילוי בטטה 400 ג' פסטה נונה,דורום תעשיות מזון ופסטה,,רביולי בטטה 400 גר,גרמים,400.00,100 גרם,false,1,23.90,5.98,true,1,
7290006306326,false,רביולי במילוי פטריות וגבינת פרמזן פסטה נונה 400 ג',דורום תעשיות מזון ופסטה,,רביולי פטריות 400 גר,גרמים,400.00,100 גרם,false,1,23.90,5.98,true,1,
7290006306333,false,רביולי תרד וריקוטה 400 ג,דורום תעשיות מזון ופסטה,,רביולי תרד 400 גר,גרמים,400.00,100 גרם,false,1,23.90,5.98,true,1,
7290006306357,false,רביולי במילוי גבינת עיזים 400 ג' פסטה נונה,דורום תעשיות מזון ופסטה,,רביולי גבינת עיזים 4,גרמים,400.00,100 גרם,false,1,22.90,5.73,true,1,
7290006322104,false,לחם ריחיים קל פרוס 500 ג',מאפיית דוידוביץ ובניו בע,,לחם ריחיים קל פרוס,גרמים,500.00,100 גרם,false,1,13.90,2.78,true,1,
7290006322838,false,לחם מקמח מלא דוידובי,מאפיית דוידוביץ ובניו בע,IL,לחם 100% קמח מלא 750,גרמים,750.00,100 גרם,false,1,14.90,1.99,true,1,
7290006337016,false,בלינציס עם בשר 800 ג,מפעלי אירנה לבצק ממו,,בלינצס בשר 800 גרם,גרמים,800.00,100 גרם,false,1,36.90,4.61,true,1,
7290006337023,false,בלינציס עם גבינה 800,מפעלי אירנה לבצק ממו,,בלינצס גבינה 800 גרם,גרמים,800.00,100 גרם,false,1,36.90,4.61,true,1,
7290006337054,false,פלמני אוקראינסקי 600 גרם,מפעלי אירנה לבצק ממו,,פלמני אוקראינסקי 600,גרמים,600.00,100 גרם,false,1,15.90,2.65,true,1,
7290006337085,false,ציבורקי 600 גרם,מפעלי אירנה לבצק ממו,,ציבורקי 600 גרם,גרמים,600.00,100 גרם,false,1,32.90,5.48,true,1,
7290006337092,false,פלמני מגשים יאמי יאמי 800 גרם,מפעלי אירנה לבצק ממו,,פלמני מגשים יאמי יאמ,גרמים,800.00,100 גרם,false,1,32.90,4.11,true,1,
7290006337115,false,פירושקי בשר/ כרוב מטוגן/ תפוא 600 גרם,מפעלי אירנה לבצק ממו,,פירושקי בשר 600 גרם,גרמים,600.00,100 גרם,false,1,36.90,6.15,true,1,
7290006337214,false,צבורצקי מיני 600 גר,מפעלי אירנה לבצק ממו,,צבוצקי 600 גר,גרמים,600.00,100 גרם,false,1,32.90,5.48,true,1,
7290006337313,false,פלמני פירמניה 1 קג,,IL,פירמניה קרפלך בשר,גרמים,1000.00,100 גרם,false,1,29.50,2.95,true,1,
7290006337443,false,כיסוני בשר כבש 1.3 ק,מפעלי אירנה לבצק ממו,,"פלמני כבש 1.3 ק""ג",קילוגרמים,0.00,"ק""ג",false,1,38.90,38.90,true,1,
7290006337450,false,כיסוני בשר לבן 1.3 ק,מפעלי אירנה לבצק ממו,,"פלמני לבן 1.3 ק""ג",קילוגרמים,0.00,"ק""ג",false,1,38.90,38.90,true,1,
7290006337467,false,כיסוני בשר דומשניה 1,מפעלי אירנה לבצק ממו,,"פלמני דומשניה 1.3 ק""",קילוגרמים,0.00,"ק""ג",false,1,38.90,38.90,true,1,
7290006337474,false,כיסוני בשר עגל 1.3 ק,מפעלי אירנה לבצק ממו,,"פלמני עגל 1.3 ק""ג",קילוגרמים,0.00,"ק""ג",false,1,38.00,38.00,true,1,
7290006337498,false,פלמני סיבירסקי 600 גרם,מפעלי אירנה לבצק ממו,,פלמני סיבירסקי 600 ג,גרמים,600.00,100 גרם,false,1,17.90,2.98,true,1,
7290006337504,false,פלמני משפחתי 1300 גרם,"מפעלי אירנה לבצק ממולא בע""מ",IL,"פלמני משפחתי 1.3 ק""ג",קילוגרמים,0.00,"ק""ג",false,1,38.90,38.90,true,1,
7290006337535,false,חינקלאני 600 גרם,,,חינקלאני 600 גרם,גרמים,600.00,100 גרם,false,1,32.90,5.48,true,1,
7290006337931,false,"ורניקי תפו""א 600 גר",מפעלי אירנה לבצק ממו,,"ורניקי תפו""א 600 גר",גרמים,600.00,100 גרם,false,1,22.90,3.82,true,1,
7290006337993,false,פלמני אליטניי 1.3 קג,,,פלמני אליטניי 1.3 קג,קילוגרמים,0.00,"ק""ג",false,1,45.90,45.90,true,1,
7290006342072,false,גרעין לבן ששון הקולה 200 גרם,"דין שיווק וקלייה בע""",,גרעין לבן 200 גרם,גרמים,200.00,100 גרם,false,1,9.40,4.70,true,1,
7290006342089,false,גרעין שחור 200 גרם ששון הקולה,"דין שיווק וקלייה בע""",,גרעין שחור 200 גרם ש,גרמים,200.00,100 גרם,false,1,6.30,3.15,true,1,
7290006342515,false,מנצס 200 גרם ששון הקולה,"דין שיווק וקלייה בע""",,מנצס 200 גרם ששון הק,גרמים,200.00,100 גרם,false,1,6.50,3.25,true,1,
7290006355065,false,קשקבליו איטלקי במשקל,,,קשקבליו איטלקי במשקל,Unknown,0.00,"ק""ג",true,0,199.00,199.00,true,1,
7290006355119,false,קשקבליו איטלקי מעושן במשקל,,,קשקבליו איטלקי מעושן,Unknown,0.00,"ק""ג",true,0,199.00,199.00,true,1,
7290006374738,false,קונפיטורית תות 340 גר' יד מרדכי,אף.סי תבליני בגליל ב,,קונפיטורת יד מרדכי ת,גרמים,340.00,100 גרם,false,1,15.60,4.59,true,1,
7290006437044,false,אלטמן - פרוביוטיק DIGEST כמוסות 60 יח',אלטמן,,(60) DIGEST פרוביוטי,Unknown,0.00,Unknown,false,1,87.90,87.90,true,1,
7290006439444,false,"אורז בסמתי ""גולד"" מוזהב 1 ק""ג שוקחה",צימאן לאל סאטיה-דלהי,,אורז בסמתי גולד מוזה,גרמים,1000.00,100 גרם,false,1,10.90,1.09,true,1,
7290006444325,false,מפצח אגוזים 6/36,,,מפצח אגוזים 6/36,Unknown,0.00,Unknown,false,1,24.90,24.90,true,1,
7290006449047,false,רוזמרין,,,רוזמרין,Unknown,0.00,Unknown,false,1,3.90,3.90,true,1,
7290006459497,false,פחם דרום אפריקאי 2 ק,E&C Charcoal LTD,ZA,פחם גריל 2 גק,Unknown,0.00,Unknown,false,1,29.90,29.90,true,1,
7290006459565,false,סט קופסאות אחסון ירו,,,סט 7 קופסאות FRESH,קילוגרמים,0.00,"ק""ג",false,1,59.90,59.90,true,1,
7290006492432,false,גבינת מוצרלה בייבי 18% גד 150 גרם,מחלבות גד בעמ,,מוצרלה בייבי 150 גרם,גרמים,170.00,100 גרם,false,1,13.90,8.18,true,1,
7290006492616,false,גבינה בולגרית מעודנת פרוסות 5% גד 250 גרם,DSH עבור מחלבות גד ב,,בולגרית בפרוסות 5% 2,גרמים,250.00,100 גרם,false,1,26.80,10.72,true,1,
7290006492630,false,גבינת פרומעז עיזים 22% גד 180 גרם,מחלבות גד בעמ,,גליל גבינת עיזים 180,גרמים,180.00,100 גרם,false,1,22.90,12.72,true,1,
7290006492647,false,מטבעות גבינה עזים 22 אחוז 150גרם גד,"מיוצר ע""י קוד יצרן t",,מטבעות גבינת עיזים 1,גרמים,150.00,100 גרם,false,1,27.50,18.33,true,1,
7290006492685,false,גבינת לאבנה עיזים 5% גד 250 גרם,מחלבות גד בעמ,,לבנה עיזים 3% 250 גר,גרמים,250.00,100 גרם,false,1,17.40,6.96,true,1,
7290006492852,false,גבינת עיזים למריחה 5% 250 גרם רובין,קריות זול,,גבינה לבנה עיזים 250,גרמים,250.00,100 גרם,false,1,16.40,6.56,true,1,
7290006492913,false,גבינת לאבנה ציזיקי 5% מחלבות גד 250 גרם,מחלבות גד בעמ,,לבנה ציזיקי 250 גרם,גרמים,250.00,100 גרם,false,1,13.20,5.28,true,1,
7290006511904,false,גבינת אדם כדורים במשקל,ברגלנדמיל,NL,גבינת אדם כדורים במש,Unknown,0.00,"ק""ג",true,0,65.00,65.00,true,1,
7290006520500,false,שוקיים עוף טרי,,,שוקיים עוף טרי,Unknown,0.00,"ק""ג",true,0,27.90,27.90,true,1,
7290006559029,false,כדורי מוצרלה בופלו במשקל,חוות הבואפלו,,כדורי מוצרלה בופלו,Unknown,0.00,"ק""ג",true,0,166.00,166.00,true,1,
7290006567048,false,פתיתי קוסקוס ישראלי אסם 350 גרם,"מיוצר ע""י קוד יצרן K",,פתיתי קוסקוס ישראלי,גרמים,350.00,100 גרם,false,1,10.00,2.86,true,1,
7290006578006,false,גורגונזולה פיקנטה במשקל,,,גורגונזולה פיקנטה במ,Unknown,0.00,"ק""ג",true,0,150.00,150.00,true,1,
7290006582355,false,סילאן סירופ 900 גרם שקדיה,"דין שיווק וקליה בע""מ",,סילאן 900 גרם שקדיה,גרמים,900.00,100 גרם,false,1,15.90,1.77,true,1,
7290006618078,false,"מרסס לניקוי יסודי מטבח אסטוניש 750 מ""ל",יעקובי אסטוניש,,אסטוניש מרסס ניקוי כ,מיליליטרים,750.00,"100 מ""ל",false,1,19.80,2.64,true,1,
7290006618146,false,"הפי מדליק פחמים נוזלי יעקבי 500 מ""ל",תות תעשיות מזון (201,,הפי נוזל הדלקת פחמים,מיליליטרים,500.00,"100 מ""ל",false,1,18.80,3.76,true,1,
7290006618610,false,הפי ספוגיות לניקוי כלים חלביים ובשריים יעקבי 6 יחידות,יעקובי,,6 ספוגיות כלים בשרי/,Unknown,0.00,Unknown,false,1,11.00,11.00,true,1,
7290006636751,false,"יין אמפורה בלאן דה נואר 750 מ""ל",,IL,יין אמפורה בלאן דה נ,Unknown,0.00,Unknown,false,1,87.90,87.90,true,1,
7290006652027,false,במבה חטיף בוטנים אסם 20*15 גרם,מיוצר עי קונדיטוריית,,במבה מולטי פק 15 יחי,גרמים,300.00,100 גרם,false,1,23.90,7.97,true,1,
7290006653765,false,פרפקטו פסטה פטוצ'יני אסם 500 גרם,אסם פרפקטו,,פטוציני פרפקטו 500 ג,גרמים,500.00,100 גרם,false,1,7.90,1.58,true,1,
7290006653819,false,פתיתי קוסקוס דק 350 גרם,"מיוצר ע""י קוד יצרן K",,פתיתי קוסקוס דק 350,גרמים,350.00,100 גרם,false,1,10.00,2.86,true,1,
7290006660251,false,אקופרנד טבליות למדיח 500 גרם,,,אקופרנד טבליות למדיח,גרמים,500.00,100 גרם,false,1,39.90,7.98,true,1,
7290006660596,false,קמח עדשים אדומות ללא גלוטן 500 גרם,אף.סי תבליני בגליל ב,IL,קמח עדשים אדומות ללא,גרמים,500.00,100 גרם,false,1,19.90,3.98,true,1,
7290006660602,false,מי קוקוס אורגני גרין קוקו קרטונית 1 ליטר,תות תעשיות מזון (201,VN,מי קוקוס אורגני גרין,מיליליטרים,1000.00,"100 מ""ל",false,1,19.90,1.99,true,1,
7290006664051,false,"אקטימל לבן 1.51 ק""ג מארז 14 יחידות",מיוצר עי קונדיטוריית,,מארז 14 יח אקטימל טב,ליטרים,0.00,ליטר,false,1,29.90,29.90,true,1,
7290006664402,false,גבינה לבנה סקי 5% שומן 750 גרם,מיוצר עי קונדיטוריית,,סקי 5% 750 גרם,גרמים,750.00,100 גרם,false,1,14.94,1.99,true,1,
7290006664532,false,יוגורט עם תות 3% שומן 150 ג' דנונה,מיוצר עי קונדיטוריית,,דנונה תות 3% 150 גר,גרמים,180.00,100 גרם,false,1,4.30,2.39,true,1,
7290006664655,false,"אקטימל לבן טבעי מארז 100X8 מ""ל",מיוצר עי קונדיטוריית,,אקטימל טבעי שמינייה,מיליליטרים,800.00,"100 מ""ל",false,1,20.90,2.61,true,1,
7290006664693,false,יוגורט עם אפרסק 3% שומן 150 ג' דנונה,מיוצר עי קונדיטוריית,,דנונה אפרסק 3% 150 ג,גרמים,180.00,100 גרם,false,1,4.30,2.39,true,1,
7290006664990,false,"יוגורט דנונה ביו לבן 1.7% שומן 8*150 מ""ל",מיוצר עי קונדיטוריית,,מארז ביו 1.7% 2+6 15,ליטרים,0.00,ליטר,false,1,16.90,16.90,true,1,
7290006678812,false,סרדין מרוקאי 125 גרם בשמן זית,אוקימיק לעיון,,סרדין מרוקאי 125 ג ב,גרמים,100.00,100 גרם,false,1,5.90,5.90,true,1,
7290006678850,false,סרדין מרוקאי 125 ג בשמן זית,אוקימיק לעיון,,סרדין מרוקאי 125 ג ב,גרמים,100.00,100 גרם,false,1,6.90,6.90,true,1,
7290006681553,false,קרמבו בטעם וניל שטראוס 8 יחידות,"גלידת שטראוס בע""\מ",,שטראוס קרמבו וניל 8,Unknown,0.00,Unknown,false,1,16.90,16.90,true,1,
7290006681560,false,קרמבו בטעם מוקה שטראוס 8 יחידות,"גלידת שטראוס בע""\מ",,שטראוס קרמבו מוקה 8,Unknown,0.00,Unknown,false,1,16.90,16.90,true,1,
7290006704832,false,אוכמניות טריות יחידה,,,אוכמניות טריות יחידה,Unknown,0.00,Unknown,false,1,24.90,24.90,true,1,
7290006705334,false,מקלות סורימי 200 גרם,,,מקלות סורימי 200 גרם,גרמים,200.00,100 גרם,false,1,4.80,2.40,true,1,
7290006705594,false,נתחי סורימי 200 גרם,,,נתחי סורימי 200 גרם,גרמים,200.00,100 גרם,false,1,5.20,2.60,true,1,
7290006719058,false,חלה מרובעת ודש,,,חלה רגילה,גרמים,500.00,100 גרם,false,1,5.17,1.03,true,1,
7290006744302,false,יין מוני סדרת M מוסקט לבן 750 מל,,IL,יין מוני סדרת M מוסק,Unknown,0.00,Unknown,false,1,41.90,41.90,true,1,
7290006744425,false,יין מוני סדרת M קברנה סוביניון 750 מל,,,יין מוני סדרת M קברנ,Unknown,0.00,Unknown,false,1,41.90,41.90,true,1,
7290006744456,false,יין מוני סדרת M מרלו 750 מל,,,יין מוני סדרת M מרלו,Unknown,0.00,Unknown,false,1,41.90,41.90,true,1,
7290006744593,false,גוורצטרמינר מוני נחל750מ,יקב מוני,,יין גוורצטרמינר 750,Unknown,0.00,Unknown,false,1,70.90,70.90,true,1,
7290006744760,false,יין מוני נחל קלרט 750 מל,יקב מוני,,יין מוני נחל קלרט 75,Unknown,0.00,Unknown,false,1,67.90,67.90,true,1,
7290006764072,false,"בירה גולדסטאר בקבוק 500 מ""ל חוזר","טמפו משקאות בע""\מ",,"בירה גולדסטאר 500 מ""",מיליליטרים,500.00,"100 מ""ל",false,1,7.50,1.50,true,1,
7290006764270,false,רביעיית סודה בטעמים - אשכולית אדומה 1.5 ליטר,טמפו משקאות בע''מn\,IL,סודה אשכולית אדומה 1,ליטרים,0.01,ליטר,false,1,12.00,1200.00,true,1,
7290006765000,false,טורטיה מקמח מלא שקדיה 540 גרם,אלקטי קוראבייכיסיגיד,,טורטיה מקמח מלא 540,גרמים,540.00,100 גרם,false,1,10.40,1.93,true,1,
7290006765895,false,בוטן בקליפה 200 גרם שושן הקולה,"דין שיווק וקלייה בע""",,בוטן בקליפה 200 גרם,גרמים,200.00,100 גרם,false,1,7.90,3.95,true,1,
7290006784636,false,"ספריי אוויר 250 מ""ל fashion meduza סנט מוריץ",קומפלקס כימיקלים בעמ,,fashion meduza ספריי,Unknown,0.00,Unknown,false,1,13.90,13.90,true,1,
7290006805850,false,פילסברי פנקייק תערובת להכנת חביתיות,הדקלאים אגודת שיתופי,,תערובת להכנת פנקייק,גרמים,500.00,100 גרם,false,1,17.90,3.58,true,1,
7290006822192,false,נקטר דיאט חמוציות אושן ספריי פריגת 1 ליטר,מבשלות בירה בינלאומיות ב,,נקטר פריגת דיאט חמוצ,מיליליטרים,1000.00,"100 מ""ל",false,1,11.90,1.19,true,1,
7290006833822,false,נקניקיות עוף 600 גר מזרע,,,נקניקיות עוף 600 גר,גרמים,600.00,100 גרם,false,1,22.90,3.82,true,1,
7290006834539,false,גבינת קומבוזולה גרמנית במשקל,,,גבינת קומבוזולה,Unknown,0.00,"ק""ג",true,0,194.00,194.00,true,1,
7290006834546,false,גבינת שמברי גרמנית במשקל,,,גבינת שמברי גרמנית,Unknown,0.00,"ק""ג",true,0,204.00,204.00,true,1,
7290006834553,false,גבינת רוגט גרמני במשקל,,,גבינת רוגט גרמני,Unknown,0.00,"ק""ג",true,0,219.00,219.00,true,1,
7290006835321,false,קבנוס עגל מארז 250 ג,,,קבנוס עגל 250 גר,גרמים,250.00,100 גרם,false,1,22.90,9.16,true,1,
7290006899255,false,סרמוני תה - 20 ארל גריי - קופסת פירמידה,תה סרמוני בעמ,,תה סרמוני א.גריי 20,Unknown,0.00,Unknown,false,1,18.90,18.90,true,1,
7290006899316,false,תה סרמוני סנצה יפני 20 שקיות,תה סרמוני בעמ,,תה סרמוני סנצה יפני,Unknown,0.00,Unknown,false,1,18.90,18.90,true,1,
7290006918925,false,סכומון נירוסטה מחורר 14*12 1/36,,,סכומון נירוסטה ארקוס,Unknown,0.00,Unknown,false,1,39.90,39.90,true,1,
7290006920836,false,"תחליפי גבינ""צ מעושן פרוס 350 גר'",צי תעשיות מזון יבנה,,מעושן פרוס 350 גרם,גרמים,350.00,100 גרם,false,1,14.90,4.26,true,1,
7290006920843,false,"תחליפי גבינ""צ מוצרלה פרוס 350 גר'",צי תעשיות מזון יבנה,,מוצרלה פרוס 350 גרם,גרמים,350.00,100 גרם,false,1,14.90,4.26,true,1,
7290006960023,false,כרוב כבוש מאמא מרי 7,מאמא מרי,,כרוב כבוש 750 גר,גרמים,750.00,100 גרם,false,1,20.90,2.79,true,1,
7290006960337,false,מיקס פטריות יח 400 גרם,,IL,מיקס פטריות יח 400 ג,גרמים,600.00,100 גרם,false,12,31.50,5.25,true,1,
7290006960368,false,פטריות אופיאטה יחידה,,,פטריות אופיאטה יח,גרמים,600.00,100 גרם,false,12,31.50,5.25,true,1,
7290006960399,false,פטריות שמפיניון 400 גרם,,,פטריות שמפיניונים יח,גרמים,600.00,100 גרם,false,12,31.50,5.25,true,1,
7290006960429,false,"מאמא מרי כרוב בולגרי 1 ק""ג",מאמא מרי,,כרוב בולגרי 1 קג,קילוגרמים,0.00,"ק""ג",false,1,20.90,20.90,true,1,
7290006983152,false,קרוטונים מתובלים למרק אסם 400 גרם,עינת תעשיות מזון אגו,,קרוטונים מתובלים למר,גרמים,400.00,100 גרם,false,1,19.60,4.90,true,1,
7290006983527,false,עוגת הבית תפוחי עץ ופירורים אסם 400 גרם,מיוצר עי קונדיטוריית,,עוגת הבית תפוחי עץ ע,גרמים,400.00,100 גרם,false,1,18.80,4.70,true,1,
7290006983763,false,עוגת הבית שוקולד 400 גרם אסם.,מיוצר עי קונדיטוריית,,עוגת שוקולד 400 גרם,גרמים,400.00,100 גרם,false,1,12.50,3.13,true,1,
7290006983770,false,עוגת הבית שיש אסם 400 גרם,מיוצר עי קונדיטוריית,,עוגת שיש 400 גרם,גרמים,400.00,100 גרם,false,1,12.50,3.13,true,1,
7290006983787,false,עוגת הבית שוקולד צ'יפס אסם 400 גרם,מיוצר עי קונדיטוריית,,עוגת שוקוציפס 400 גר,גרמים,400.00,100 גרם,false,1,12.50,3.13,true,1,
7290006983794,false,עוגת הבית בטעם תפוז אסם 400 גרם,מיוצר עי קונדיטוריית,,עוגת תפוז 400 גרם,גרמים,400.00,100 גרם,false,1,12.50,3.13,true,1,
7290008000796,false,"סופרמן משחת שיניים לילדים בטעם פירות כצט 50 מ""ל",כצט נוביס,,משחת שיניים לילדים כ,Unknown,0.00,Unknown,false,1,11.80,11.80,true,1,
7290008017589,false,מורז כפתן קרם פוליגונום לכף הרגל,מורז,,כפתן 250 מ`ל עם משאב,Unknown,0.00,Unknown,false,1,79.90,79.90,true,1,
7290008066145,false,בירה קורונה,,,"בירה קורונה 355 מ""ל",מיליליטרים,355.00,"100 מ""ל",false,1,8.20,2.31,true,1,
7290008101318,false,קריספ פירורי לחם זהוב 300 גרם מיימונס,א.ל ייצור ושיווק תבל,IL,פירורי לחם קריספ זהו,Unknown,0.00,Unknown,false,0,6.90,6.90,true,1,
7290008102469,false,קריספ פירורי לחם זהוב 800 גרם מיימונס,מימונס,IL,פירורי לחם קריספ זהו,גרמים,800.00,100 גרם,false,0,12.90,1.61,true,1,
7290008104050,false,"פמינה - שטיפה אינטימית קלאסית 220 מ""ל",כצט נוביס סעמ,,פמינה שטיפה אינטימית,מיליליטרים,150.00,"100 מ""ל",false,1,27.50,18.33,true,1,
7290008116534,false,ליסטרין שטיפת פה קול מינט 250 מל,ג'\ונסון אנד ג'\ונסון,,ליסטירין מי פה קולמי,מיליליטרים,250.00,"100 מ""ל",false,1,15.50,6.20,true,1,
7290008116541,false,"שטיפת פה ליסטרין קול מינט 500 מ""ל",ג'\ונסון אנד ג'\ונסון,IT,מי פה ליסטרין מנטה ק,מיליליטרים,500.00,"100 מ""ל",false,1,19.80,3.96,true,1,
7290008154222,false,שניצלונים עוף טוב 700 גרם,"מוצרי עוף טוב (2001) בע""",,שניצלונים עוף טוב 70,גרמים,700.00,100 גרם,false,1,22.90,3.27,true,1,
7290008175173,false,חמאה מפינלנד ללא מלח 200 גרם ויליפוד,ואליו אל.טי.די,,חמאה ללא תוספת מלח 2,גרמים,200.00,100 גרם,false,1,11.90,5.95,true,1,
7290008175210,false,גבינת פרמזן מגורדת 90ג' ויליפוד,זנטי אס.איי.,,פרמזן מגורדת 90 גר,Unknown,0.00,Unknown,false,1,16.90,16.90,true,1,
7290008175760,false,מנצגו חלב כבשים מעדניה שקיל,אלפסטור,,מנצגו חלב כבשים שקיל,Unknown,0.00,"ק""ג",true,0,99.00,99.00,true,1,
7290008175814,false,וילי פוד פטריות שמפיניון חתוך בדץ 400ג,"אוקצ'מפ אס, איי אויי",NL,וילי פוד פטריות שמפנ,גרמים,400.00,100 גרם,false,1,4.90,1.23,true,1,
7290008263597,false,קוואקר אורגני הרדוף 500 גרם,אול אורגני,,קוואקר אורגני הרדוף,גרמים,500.00,100 גרם,false,1,10.90,2.18,true,1,
7290008286466,false,דג פילה לברק יפני ארוז קפוא,,CN,פילה לברק יפני 5-7,Unknown,0.00,"ק""ג",true,0,49.90,49.90,true,1,
7290008310000,false,אמפנדס במילוי עוף חי,מאפה של חייקה,,אמפאנדס בשר 700 גרם,גרמים,700.00,100 גרם,false,0,40.90,5.84,true,1,
7290008310017,false,אמפנדס מאפה של חייקה,מאפה של חייקה,IL,אמפנדאס בשר 700 גרם,גרמים,700.00,100 גרם,false,1,40.90,5.84,true,1,
7290008310086,false,בצק לאמפנדס מאפה של,מאפה של חייקה,IL,בצק אמפנדאס 700 גרם,גרמים,700.00,100 גרם,false,1,29.90,4.27,true,1,
7290008329293,false,סכינים פרימיום שקוף/קרם/לבן/זהב דנטס אר' 50 יח',,TR,סכינים פרימיום שקוף/,Unknown,1.00,Unknown,false,1,8.90,8.90,true,1,
7290008329309,false,מזלגות פרמיום שקוף/קרם/לבן/זהב דנטס אר 50 יח,,TR,מזלגות פרמיום שקוף/ק,Unknown,1.00,Unknown,false,1,8.90,8.90,true,1,
7290008329316,false,כפות פרימיום שקוף/קרם/לבן/זהב דנטס 50 יח,,TR,כפות פרימיום שקוף/קר,Unknown,1.00,Unknown,false,1,8.90,8.90,true,1,
7290008330107,false,בדין מרכך כביסה סגול 4 ליטר,יוניליור ישראל טיפוח איש,,בדין 4 ליטר סגול,ליטרים,0.00,ליטר,false,1,19.90,19.90,true,1,
7290008333115,false,אבקת ג'לטין טהור נטו 28 גרם,מאיר עזרא ובניו,,גלטין 28 גר,גרמים,28.00,100 גרם,false,1,11.40,40.71,true,1,
7290008343466,false,בצק פילו 500 גרם שלושת האופים,שלושת האופים שגמור,,בצק פילו 500 גר,גרמים,500.00,100 גרם,false,1,19.90,3.98,true,1,
7290008343503,false,גחנון אפוי 650 גר' שלושת האופים קהילות,שלושת האופים,,גחנון אפוי 650 גר,גרמים,650.00,100 גרם,false,1,21.90,3.37,true,1,
7290008343565,false,"סיגרים תפו""א 1 ק""ג שלושת האופים","שלושת האופים בע""\מ",,"סיגר תפו""א 1 ק""ג",Unknown,0.00,Unknown,false,1,22.90,22.90,true,1,
7290008343572,false,"אגרול סיני 1 ק""ג שלושת האופים","שלושת האופים בע""\מ",,"אגרול 1 ק""ג",Unknown,0.00,Unknown,false,1,22.90,22.90,true,1,
7290008403917,false,גבינת גאודה פסטו במשקל,הנרי ויליך,NL,גבינת גאודה פסטו,Unknown,0.00,"ק""ג",true,0,150.00,150.00,true,1,
7290008409049,false,שניצלונים בציפוי שומשום מיני מיני דק מאמא עוף 500 גרם,תנובה גליל שותפות מוגבלת,,מאמא עוף מיני שניצלי,גרמים,500.00,100 גרם,false,1,27.90,5.58,true,1,
7290008409100,false,אצבעות שניצל בציפוי שומשום מאמא עוף 700 גרם,תנובה גליל שותפות מוגבלת,,אצבעות שניצל בציפוי,גרמים,700.00,100 גרם,false,1,36.90,5.27,true,1,
7290008409124,false,מאמא עוף קפוא שניצל ג'ונגל פריך 700 גרם,תנובה גליל שותפות מוגבלת,,שניצל גונגל מאמא עוף,גרמים,700.00,100 גרם,false,1,36.90,5.27,true,1,
7290008409315,false,שניצלונים בציפוי פריך מיני מיני דק מאמא עוף 500 גרם,תנובה גליל,,מאמא עוף מיני שניצלי,גרמים,500.00,100 גרם,false,1,27.90,5.58,true,1,
7290008409551,false,שניצל עוף אמיתי בציפוי מעודן 700 ג' מאמא עוף,תנובה גליל שותפות מוגבלת,,שניצל עוף אמיתי בציפ,גרמים,700.00,100 גרם,false,1,41.70,5.96,true,1,
7290008415071,false,צבר חומוס עם טחינה עגול 150 גרם,סלטי צבר,,חומוס עם טחינה 150 ג,גרמים,150.00,100 גרם,false,1,5.80,3.87,true,1,
7290008415514,false,צבר חומוס עם חריף עגול 150 גרם,סלטי צבר,,חומוס עם חריף 150 גר,גרמים,150.00,100 גרם,false,1,5.80,3.87,true,1,
7290008425186,false,זיתים אורגניים סורי400גר,,,זיתים סורי 400 גרם,גרמים,400.00,100 גרם,false,1,22.90,5.73,true,1,
7290008425513,false,מיץ תפוחים טבעי אורגני 1 ליטר,,,מיץ תפוחים טבעי אורג,מיליליטרים,1000.00,"100 מ""ל",false,1,29.90,2.99,true,1,
7290008437011,false,שריר טרי,,,שריר בקר טרי,Unknown,0.00,"ק""ג",true,0,49.90,49.90,true,1,
7290008437127,false,רגל עגל חלב קפוא מזרע,,,רגל עגל קפוא מזרע,Unknown,0.00,"ק""ג",true,0,34.00,34.00,true,1,
7290008437646,false,שקית גופיה טיב טעם,,,שקית גופיה,Unknown,0.00,Unknown,false,1,0.10,0.10,true,1,
7290008438704,false,צוואר בקר עם עצם טרי מס 10,,,צוואר בקר עם עצם טרי,Unknown,0.00,"ק""ג",true,0,49.90,49.90,true,1,
7290008439411,false,בלוק פטה אווז במשקל,,,בלוק פטה אווז במשקל,Unknown,0.00,"ק""ג",true,0,70.00,70.00,true,1,
7290008443630,false,"שמפו לשיער מתולתל סגול נקה 7 750 מ""ל",אמיליה קוסמטיקס בע'\'\מ,,נקה 7 שמפו מתולתל סג,מיליליטרים,750.00,"100 מ""ל",false,1,14.50,1.93,true,1,
7290008461221,false,סרדינים רוברט בשמן חמניות 115 גרם,יוליניבר,,סרדין רוברט בשמן חמנ,גרמים,120.00,100 גרם,false,1,7.90,6.58,true,1,
7290008461238,false,סרדינים בשמן חמניות ופלפל חריף רוברט 84 גרם,יוליניבר,,סרדין רוברט בשמן חמנ,גרמים,120.00,100 גרם,false,1,7.90,6.58,true,1,
7290008462204,false,חרדל דיז'ון מקורי נטו מאי 380 גרם,יוליניבר,,חרדל דיזון מקורי 380,גרמים,380.00,100 גרם,false,1,12.90,3.39,true,1,
7290008462259,false,חרדל דיז'ון גרגירים מיילי 380 גרם,בונגראן,,חרדל דיזיון גרגירים,גרמים,345.00,100 גרם,false,1,13.90,4.03,true,1,
7290008464024,false,"בירה גולדסטאר Unfiltered, בירה לא מסוננת, פחית 500 מ""ל","טמפו משקאות בע""מ",,בירה גולדסטאר לא מסו,מיליליטרים,500.00,"100 מ""ל",false,1,9.50,1.90,true,1,
7290008464130,false,"בירה גולדסטאר Unfiltered, בירה לא מסוננת, מארז שישייה, בקבוק 330 מ""ל",טמפו,,שישיית בירה גולדסטאר,מיליליטרים,1980.00,"100 מ""ל",false,1,32.90,1.66,true,1,
7290008464222,false,"בירה מכבי 7.9%, בירה חזקה, פחית 500 מ""ל","טמפו משקאות בע""\מ",,בירה מכבי 7.9% פחית,מיליליטרים,500.00,"100 מ""ל",false,1,7.90,1.58,true,1,
7290008464345,false,"בירה גולדסטאר, בקבוק 330 מ''ל",פארייפאבה אגרואינדוס,,בירה גולדסטאר בקבוק,מיליליטרים,330.00,"100 מ""ל",false,1,7.50,2.27,true,1,
7290008464468,false,"בירה גולדסטאר, פחית 500 מ""ל",פארייפאבה אגרואינדוס,,"גולדסטאר פחית 500 מ""",מיליליטרים,500.00,"100 מ""ל",false,1,8.50,1.70,true,1,
7290008464604,false,"בירה הייניקן פחית 500 מ""ל",טמפו משקאות בע''מ,,"היינקן פחית 500 מ""ל",מיליליטרים,500.00,"100 מ""ל",false,1,9.90,1.98,true,1,
7290008464611,false,"הסודה של טמפו, מי סודה בגיזוז חזק, 275 מל",טמפו משקאות בעמ,IL,מי סודה 275 מל,מיליליטרים,275.00,"100 מ""ל",false,1,3.10,1.13,true,1,
7290008464673,false,"בירה גולדסטאר SLOWBREW פחית 10%, 500 מ""ל","טמפו משקאות בע""\מ",IL,בירה גולדסטאר SLOW B,מיליליטרים,500.00,"100 מ""ל",false,1,9.70,1.94,true,1,
7290008464697,false,"בירה מכבי 7.9%, בירה חזקה, מארז שישייה, בקבוק 330 מ""ל",טמפו,,שישיית בירה מכבי 7.9,מיליליטרים,1980.00,"100 מ""ל",false,1,36.90,1.86,true,1,
7290008464703,false,"שישיית בירה מכבי בקבוק 330 מ""ל",טמפו משקאות בע''מ,,שישיית בקבוקי מכבי 3,מיליליטרים,1980.00,"100 מ""ל",false,1,35.90,1.81,true,1,
7290008464734,false,"שישיית בירה גולדסטאר לאגר SLOW BREW בקבוק 330 מ""ל",טמפו משקאות בע''מ,,שישיית גולדסטאר 330,מיליליטרים,1980.00,"100 מ""ל",false,1,36.90,1.86,true,1,
7290008464741,false,"בירה גולדסטאר, מארז שישייה, בקבוק 330 מ''ל","טמפו משקאות בע""\מ",,שישיית בקבוקי גולדסט,מיליליטרים,1980.00,"100 מ""ל",false,1,27.90,1.41,true,1,
7290008464796,false,"בירה היינקן, מארז שישייה, בקבוק 330 מ''ל",טמפו משקאות בע''מ,,שישיית הייניקן בקבוק,מיליליטרים,1980.00,"100 מ""ל",false,1,34.90,1.76,true,1,
7290008464987,false,שישיית מי סודה טמפו 1.5 ליטר,"טמפו משקאות בע""מ",,שישיית סודה 1.5 ליטר,ליטרים,0.01,ליטר,false,1,16.90,1690.00,true,1,
7290008473057,false,מגבונים קמיל בלו טו גו שקית 3*30 יח,"ד""ר פישר Dr fischer",,מגבוני סנסטיב דר פיש,Unknown,0.00,Unknown,false,1,18.40,18.40,true,1,
7290008493710,false,פירורי לחם מאיר בייגל פרורי גריסני זהב 200 גרם,מאיר את ביגל,,פירורי גריסיני בייגל,גרמים,200.00,100 גרם,false,1,6.20,3.10,true,1,
7290008498593,false,פטה יוונית במשקל,,GR,פטה יוונית במשקל,Unknown,0.00,"ק""ג",true,0,120.00,120.00,true,1,
7290008634700,false,כפפות XL לטקס עם איבוק עדין 100 יח- SAFE TOUCH,סייף טאצ,,כפפות לטקס 100 יח XL,Unknown,0.00,Unknown,false,1,22.90,22.90,true,1,
7290008644112,false,סלט מטבוחה יום יום אחלה 125 גרם,"שטראוס גרופ בע""\מ",,מטבוחה יום יום 125 ג,גרמים,125.00,100 גרם,false,1,4.90,3.92,true,1,
7290008644235,false,עלי בייבי שטראוס 120 גרם,שטראוס בריאות ירקות טריי,,עלי בייבי אחלה טבע,גרמים,120.00,100 גרם,false,1,11.90,9.92,true,1,
7290008644839,false,ח.ערבית/איסברג-300שטראוס,תות תעשיות מזון (201,,חסה אחלה טבע,גרמים,300.00,100 גרם,false,1,10.90,3.63,true,1,
7290008644945,false,לקט לסלט המושבה שטראוס 450 גרם,שטראוס בריאות ירקות טריי,,סלט המושבה אחלה טבע,גרמים,450.00,100 גרם,false,1,11.90,2.64,true,1,
7290008645935,false,חומוס לניגוב 750 ג' אחלה,"שטראוס גרופ בע""\מ",,חומוס אחלה 750 גרם,גרמים,750.00,100 גרם,false,1,9.90,1.32,true,1,
7290008670005,false,"יין רקנאטי ""גליל עליון ""שרדונה",,,רקנאטי גליל עליון ש,Unknown,0.00,Unknown,false,1,62.90,62.90,true,1,
7290008670142,false,"יין רקנאטי יסמין אדום 2019 750 מ""ל",תות ממתקי איכות,,רקנאטי יסמין אדום 75,Unknown,0.00,Unknown,false,1,31.90,31.90,true,1,
7290008670159,false,"יין לבן יסמין רקנאטי 750 מ""ל","יקבי רקנאטי בע""מ",,רקנאטי יסמין לבן 201,Unknown,0.00,Unknown,false,1,31.90,31.90,true,1,
7290008670913,false,רקנאטי גליל עליון קברנה סובניון 750 מל,רקנאטי,,רקנאטי גליל עליון קב,Unknown,0.00,Unknown,false,1,62.90,62.90,true,1,
7290008670937,false,רקנאטי גליל עליון שיראז 2017 750 מל,,,רקנאטי גליל עליון שי,Unknown,0.00,Unknown,false,1,62.90,62.90,true,1,
7290008690713,false,נקטר חמוציות אושן ספריי פריגת 1 ליטר,מבשלות בירה בינלאומיות ב,,נקטר אושן ספריי 1 ל,מיליליטרים,1000.00,"100 מ""ל",false,1,11.90,1.19,true,1,
7290008693134,false,מעדן גבינה ויוגורט בטעם תות 5% שומן 88 ג' דניאלה,"שטראוס בריאות בע""מ",,דניאלה תות 88 גרם,גרמים,88.00,100 גרם,false,1,4.10,4.66,true,1,
7290008745239,false,תפוצ'יפס קראנצ' בטעם טבעי עלית 50 גרם,"שטראוס פריטו ליי בע""\מ )",,תפוציפס אקסטרא טבעי,גרמים,50.00,100 גרם,false,1,4.00,8.00,true,1,
7290008747547,false,תפוצ'יפס קראנץ' בטעם טבעי עלית 200 גרם,"שטראוס פריטו ליי בע""\מ )",,תפוציפס קראנץ טבעי 2,גרמים,200.00,100 גרם,false,1,9.90,4.95,true,1,
7290008750264,false,"מסטיק מאסט ציקלס דובדבן 28 גרם לל""ס מגדים","שטראוס גרופ בע""מ",,מסטיק מאסט LL פליפ.ד,Unknown,0.00,Unknown,false,1,4.90,4.90,true,1,
7290008752244,false,תפוצ'יפס קראנץ' בטעם גריל עלית 50 גרם,"שטראוס פריטו ליי בע""\מ )",IL,תפוציפס קראנצי גריל,גרמים,50.00,100 גרם,false,1,4.00,8.00,true,1,
7290008753111,false,תפוצ'יפס קראנץ' בטעם מקסיקני עלית 50 גרם,"שטראוס פריטו ליי בע""\מ )",,תפוציפס קראנצי מקסיק,גרמים,50.00,100 גרם,false,1,4.00,8.00,true,1,
7290008754415,false,גומי מאסט בטעם ספירמינט עדין פליפטופ 28 ג' עלית,"שטראוס גרופ בע""מ",IL,מסטיק מאסט מגדים ספי,Unknown,0.00,Unknown,false,1,4.60,4.60,true,1,
7290008757980,false,קרטונית ספרינג נקטר רימונים 1 ליטר,יפאורה שותפות מובגלת לשיווק,,קרטונית ספרינג רימונ,מיליליטרים,1000.00,"100 מ""ל",false,1,6.90,0.69,true,1,
7290008775816,false,ערגליות עוגיות במילוי שוקולד אסם 300 גרם,מיוצר עי קונדיטוריית,,ערגליות שוקו 300 גרם,גרמים,300.00,100 גרם,false,1,11.40,3.80,true,1,
7290008775823,false,ערגליות עוגיות תות שדה אסם 300 גרם,מיוצר עי קונדיטוריית,,ערגליות תות 300 גרם,גרמים,300.00,100 גרם,false,1,11.40,3.80,true,1,
7290008801010,false,"יין קברנה סוביניון מרלו פרייוט קולקשן 750 מ""ל",אגודת הכורמים הקאופו,,יין קברנה /מרלו אדום,Unknown,0.00,Unknown,false,1,37.90,37.90,true,1,
7290008801157,false,"יין מרלו סלקטד כרמל כרמל 750 מ""ל",כרמל מזרחי,,"מרלו אדום יבש 750 מ""",Unknown,0.00,Unknown,false,1,30.90,30.90,true,1,
7290008801522,false,יין קינג דויד קונקורד אדום מתוק 750 מל,אגודת הכורמים הקואופרטיב,,יין קינג דויד קונקור,Unknown,0.00,Unknown,false,1,22.90,22.90,true,1,
7290008801546,false,יין מוסקט מתוק קינג דיוויד יקבי כרמל,אגודת הכורמים הקואופרטיב,,יין קינג דויד מוסקט,Unknown,0.00,Unknown,false,1,22.90,22.90,true,1,
7290008806961,false,גלידה שוקולד שבבי שוקולד פרה 1.33 ל' קרמיסימו,"גלידת שטראוס בע""\מ, רחוב",,גלידה קרמיסימו שוקול,ליטרים,0.00,ליטר,false,1,21.90,21.90,true,1,
7290008806985,false,נישנושים גלידה שוקו וניל בציפוי שוקולד 60 יח' קרמיסימו,"גלידת שטראוס בע""\מ, רחוב",,פינוקי גלידה שוקו,גרמים,630.00,100 גרם,false,1,44.90,7.13,true,1,
7290008835992,false,פילה נסיכת הנילוס קפוא בלדי,,,פילה נסיכת הנילוס,Unknown,0.00,"ק""ג",true,0,74.00,74.00,true,1,
7290008836494,false,יין מיץ ענבים תירוש קבי אפרת 1 ל',יקב טפרברג 1870 בעמ,,תירוש אדום 1 ליטר,Unknown,0.00,Unknown,false,1,16.90,16.90,true,1,
7290008849470,false,ממרח פלפל צ'ומה אוליביה 185 גרם,אוליביה גורמה בעמ,,ממרח פלפל ציומה,גרמים,190.00,100 גרם,false,1,13.90,7.32,true,1,
7290008849586,false,רוטב לעוף ריבת בצל אוליביה 310 גרם,קריות זול,,רוטב ריבת בצל לעוף,גרמים,310.00,100 גרם,false,1,13.90,4.48,true,1,
7290008849609,false,רוטב לעוף שום דבש אוליביה 330 גרם,אוליביה גורמה (1996),,רוטב שום דבש לעוף,גרמים,310.00,100 גרם,false,1,13.90,4.48,true,1,
7290008855136,false,ניוקי תפוא מעדניה,Unknown,,"ניוקי תפו""א 450 גרם",גרמים,450.00,100 גרם,false,0,35.90,7.98,true,1,
7290008855228,false,רביולי תרד וריקוטה פ,Unknown,,רביולי בטטה 450 גרם,גרמים,450.00,100 גרם,false,0,49.90,11.09,true,1,
7290008855327,false,טורטליני גבינות במשקל,Unknown,,טורטליני גבינות 450,גרמים,450.00,100 גרם,false,0,49.90,11.09,true,1,
7290008863001,false,עוגת גינגי בציפוי פירורים 450 גרם,קונדיטוריה וולפסון,,עוגת גינגי בציפוי,גרמים,450.00,100 גרם,false,1,43.90,9.76,true,1,
7290008863049,false,עוגת אריסטוקרט 800 גרם,קונדיטוריה וולפסון,IL,עוגת אריסטוקרט 800 ג,גרמים,800.00,100 גרם,false,1,83.50,10.44,true,1,
7290008863063,false,עוגיות עם ריבת חלב(א,קונדיטוריה וולפסון,,עוגיות ריבת חלב,גרמים,350.00,100 גרם,false,1,53.50,15.29,true,1,
7290008863070,false,אקלר ממולא קרם חמאה,קונדיטוריה וולפסון,IL,אקלרים 350 גרם,גרמים,350.00,100 גרם,false,1,30.90,8.83,true,1,
7290008863087,false,עוגיות נשיקות 130 גר,קונדיטוריה וולפסון,,נשיקות,גרמים,900.00,100 גרם,false,1,24.90,2.77,true,1,
7290008863100,false,עוגות פראג 600 גרם,קונדיטוריה וולפסון,IL,עוגות פראג 600 גרם,גרמים,600.00,100 גרם,false,1,61.90,10.32,true,1,
7290008863117,false,עוגת אריסטוקרט 380 גרם,קונדיטוריה וולפסון,,עוגת אריסטוקרט 380 ג,גרמים,380.00,100 גרם,false,1,44.90,11.82,true,1,
7290008863179,false,עוגת אריסטוקרט 600גר,קונדיטוריה וולפסון,,עוגת אריסטוקרט 600 ג,גרמים,600.00,100 גרם,false,1,65.50,10.92,true,1,
7290008899505,false,בגט לבן פילסברי 250,פילסברי,,בגט לבן,גרמים,250.00,100 גרם,false,1,6.90,2.76,true,1,
7290008900157,false,חמציץ 500 גר,מרינה פטריות הגליל,,חמציץ,Unknown,0.00,Unknown,false,1,9.90,9.90,true,1,
7290008909853,false,"קוקה קולה זירו בקבוק 500 מ""ל.",החברה המרכזית לייצור משקאות,,"קוקה קולה 500 מ""ל Z",מיליליטרים,500.00,"100 מ""ל",false,1,7.50,1.50,true,1,
7290008945172,false,"שקיות אשפה עם שרוך 52 * 65 ס""מ גלילונית 40 יחידות","אשפלסט תעשיות בע""מ",,גלילונית פח מטבח 40,Unknown,0.00,Unknown,false,1,18.80,18.80,true,1,
7290008947817,false,"בישומית תכשיר אורגני ליתושים 640 מ""ל",,,בישומית תכשיר אורגני,מיליליטרים,640.00,"100 מ""ל",false,1,59.90,9.36,true,1,
7290008952132,false,"מסננת רשת 14 ס""מ ידית לבנה",,,מסננת רשת 14 סמ ידית,Unknown,0.00,Unknown,false,1,19.90,19.90,true,1,
7290008953757,false,גבעון סט 6 כפיות על,,,גבעון סט 6 כפיות על,Unknown,0.00,Unknown,false,1,15.90,15.90,true,1,
7290008961110,false,טושיונקה בקר מיוחד 400 גר,פרוטרי,,טושיונקה בקר מיוחד 4,גרמים,400.00,100 גרם,false,1,22.90,5.73,true,1,
7290008961127,false,טושיונקה בקר רוסית 400 גרם,גוד פוד ג'.א'.ג'י. ב,,טושיונקה בקר רוסית 4,גרמים,400.00,100 גרם,false,1,22.90,5.73,true,1,
7290008961134,false,"מעדן -קונפיטורה תות שדה 1.25 ק""ג",,UA,קונפיטורה תות שדה 1.,קילוגרמים,0.00,"ק""ג",false,1,37.90,37.90,true,1,
7290008961141,false,"מעדן -קונפיטורה משמש 1.25 ק""ג",,UA,קונפיטורה משמש 1.25,קילוגרמים,0.00,"ק""ג",false,1,37.90,37.90,true,1,
7290008961158,false,"מעדן -קונפיטורה דובדבן 1.25 ק""ג",,UA,מעדן -קונפיטורה דובד,קילוגרמים,0.00,"ק""ג",false,1,37.90,37.90,true,1,
7290008961165,false,"מעדן -קונפיטורה דובדבנים לבנים 1.25 ק""ג",,UA,מעדן -קונפיטורה,קילוגרמים,0.00,"ק""ג",false,1,37.90,37.90,true,1,
7290008961172,false,"מעדן -קונפיטורה דובדבנים מתוקים 1.25 ק""ג",,UA,קונפיטורה דובדבנים מ,קילוגרמים,0.00,"ק""ג",false,1,37.90,37.90,true,1,
7290008961271,false,טושונקה בקר עם כוסמת 400 גרם,פרוטרי,,טושונקה בקר עם כוסמת,גרמים,400.00,100 גרם,false,1,20.90,5.23,true,1,
7290008961400,false,"צנוברים קלויים 100גר "" Goodfood """,,RU,צנוברים קלויים 100,גרמים,100.00,100 גרם,false,1,25.90,25.90,true,1,
7290008961479,false,"ריבה שזיפים פוסולסקי דבור 1.25 ק""ג",,UA,ריבה שזיפים פוסולסקי,קילוגרמים,0.00,"ק""ג",false,1,37.90,37.90,true,1,
7290008961486,false,"ריבה קרנית דובדבן פוסולסקי דבור 1.25 ק""ג",פרוטרי,UA,ריבה קרנית דובדבן,קילוגרמים,0.00,"ק""ג",false,1,37.90,37.90,true,1,
7290008961493,false,"ריבה אוכמניות שחורות פוסולסקי דבור 1.25 ק""ג",,UA,ריבה אוכמניות שחורות,קילוגרמים,0.00,"ק""ג",false,1,37.90,37.90,true,1,
7290008961561,false,קוואקר 500 גר,פרוטרי,,קווקר 500 גרם,גרמים,500.00,100 גרם,false,1,6.60,1.32,true,1,
7290008961585,false,כוסמת פוסולסקי דבור 800 גר,סנקי,IL,כוסמת פוסולסקי דבור,גרמים,800.00,100 גרם,false,1,13.90,1.74,true,1,
7290008968867,false,קמילוטרקט אקטיב אמפולות 8 יחידות,הרבה דרם,,אמפולות לשיער,Unknown,0.00,Unknown,false,1,154.00,154.00,true,1,
7290008975780,false,"מזון לכלבים בונזו מזון כלבים גזע קטן 3 ק""ג","ביופט בע""מ",,בונזו גזע קטן 3 קג,קילוגרמים,0.00,"ק""ג",false,1,49.90,49.90,true,1,
7290010002016,false,כוסברה טחונה תבליני מימון 100 גרם,א.ל ייצור ושיווק תבל,,כוסברה טחון 100 גרם,גרמים,100.00,100 גרם,false,1,9.40,9.40,true,1,
7290010002023,false,כורכום הודי טחון תבליני מימון 100 גרם,א.ל ייצור ושיווק תבלינים,,כורכום הודי טחון 100,גרמים,100.00,100 גרם,false,1,11.60,11.60,true,1,
7290010002030,false,תבלין כמון טחון תבליני מימון 100 גרם,א.ל ייצור ושיווק תבלינים,,כמון 100 גרם,גרמים,100.00,100 גרם,false,1,11.60,11.60,true,1,
7290010002047,false,תבלין מלח לימון תבליני מימון 200 גרם,א.ל ייצור ושיווק תבלינים,,מלח לימון 200 גרם,גרמים,200.00,100 גרם,false,1,11.90,5.95,true,1,
7290010002061,false,פלפל לבן טחון תבליני מימון 100 גרם,א.ל ייצור ושיווק תבל,,פלפל לבן טחון 120 גר,גרמים,100.00,100 גרם,false,1,16.70,16.70,true,1,
7290010002078,false,פלפל שחור טחון תבליני מימון 100 גרם,א.ל ייצור ושיווק תבלינים,,פלפל שחור טחון 120 ג,גרמים,100.00,100 גרם,false,1,15.50,15.50,true,1,
7290010002092,false,תבלין פלפל שחור גרוס דק תבליני מימון 90,א.ל ייצור ושיווק תבלינים,,פלפל שחור גס דק 90 ג,גרמים,90.00,100 גרם,false,1,15.50,17.22,true,1,
7290010002122,false,פפריקה הונגרית מתוקה תבליני מימון 100 גרם,א.ל ייצור ושיווק תבלינים,,פפריקה הונגרית מתוקה,גרמים,100.00,100 גרם,false,1,11.60,11.60,true,1,
7290010002139,false,פפריקה הונגרית חריפה תבליני מימון 100 גרם,א.ל ייצור ושיווק תבלינים,,פפריקה הונגרית חריפה,גרמים,100.00,100 גרם,false,1,11.60,11.60,true,1,
7290010002146,false,פפריקה מרוקאית מתוקה תבליני מימון 100 גרם,א.ל ייצור ושיווק תבלינים,,פפריקה מרוקאית מתוקה,גרמים,100.00,100 גרם,false,1,11.60,11.60,true,1,
7290010002153,false,פפריקה מרוקאית חריפה תבליני מימון 100 גרם,א.ל ייצור ושיווק תבלינים,,פפריקה מרוקאית חריפה,גרמים,100.00,100 גרם,false,1,11.60,11.60,true,1,
7290010002191,false,תבלין מקלות קינמון תבליני מימון 50 גרם,א.ל ייצור ושיווק תבל,,מקלות קינמון 50 גרם,גרמים,50.00,100 גרם,false,1,11.90,23.80,true,1,
7290010002207,false,תבלין קינמון טחון תבליני מימון 100 גרם,א.ל ייצור ושיווק תבלינים,,קינמון טחון 100 גרם,גרמים,100.00,100 גרם,false,1,9.40,9.40,true,1,
7290010002283,false,תיבול על האש תבליני מימון 100 גרם,א.ל ייצור ושיווק תבלינים,,תבלין על האש 100 גרם,גרמים,100.00,100 גרם,false,1,11.40,11.40,true,1,
7290010002290,false,תיבול לשווארמה תבליני מימון 100 גרם,א.ל ייצור ושיווק תבל,,תערובת לשווארמה טורק,גרמים,100.00,100 גרם,false,1,11.40,11.40,true,1,
7290010002306,false,תיבול לקציצות תבליני מימון 100 גרם,א.ל ייצור ושיווק תבל,,תערובת לקציצות 100 ג,גרמים,100.00,100 גרם,false,1,11.40,11.40,true,1,
7290010002337,false,תיבול לסטייק תבליני מימון 100 גרם,א.ל ייצור ושיווק תבלינים,,תבלין לסטייק 100 גרם,גרמים,100.00,100 גרם,false,1,11.40,11.40,true,1,
7290010002344,false,תבלין לדג תבליני מימון 100 גרם.,א.ל ייצור ושיווק תבלינים,,תבלין לדג 100 גרם,גרמים,100.00,100 גרם,false,1,11.40,11.40,true,1,
7290010002368,false,תערובת חווויג' תבליני מימון 100 גרם,א.ל ייצור ושיווק תבלינים,,תערובת חווג למרק 100,גרמים,100.00,100 גרם,false,1,11.40,11.40,true,1,
7290010002382,false,תבלין אורגנו תבליני מימון 40 גרם,א.ל ייצור ושיווק תבלינים,,אורגנו 40 גרם,Unknown,0.00,Unknown,false,1,9.40,9.40,true,1,
7290010002399,false,תבלין בזיליקום תבליני מימון 40 גרם,א.ל ייצור ושיווק תבלינים,,בזיליקום -ריחן 40 גר,Unknown,0.00,Unknown,false,1,9.40,9.40,true,1,
7290010002405,false,תבלין טימין הררי תבליני מימון 40 גרם,א.ל ייצור ושיווק תבל,,טימין הררי 40 גרם,Unknown,0.00,Unknown,false,1,9.40,9.40,true,1,
7290010002429,false,עלי דפנה תבליני מימון 20 גרם צנצנת,א.ל ייצור ושיווק תבל,,עלי דפנה 20 גרם,Unknown,0.00,Unknown,false,1,9.40,9.40,true,1,
7290010002436,false,תבלין פטרוזיליה תבליני מימון 25 גרם,א.ל ייצור ושיווק תבל,,פטרוזיליה 25 גרם,Unknown,0.25,Unknown,false,1,9.40,37.60,true,1,
7290010002443,false,תבלין רוזמרין תבליני מימון 40 גרם,א.ל ייצור ושיווק תבל,,רוזמרין 40 גרם,Unknown,0.00,Unknown,false,1,9.40,9.40,true,1,
7290010002450,false,שמיר תבליני מימון 25 גרם,א.ל ייצור ושיווק תבל,,שמיר 25 גרם,Unknown,0.00,Unknown,false,1,9.40,9.40,true,1,
7290010002498,false,תבלין שום גבישי תבליני מימון 120 גרם,א.ל ייצור ושיווק תבלינים,,שום גבישי 120 גרם,גרמים,120.00,100 גרם,false,1,15.50,12.92,true,1,
7290010002597,false,כוסברה ירוקה תבליני מימון 30 גרם,א.ל ייצור ושיווק תבלינים,,כוסברה ירוקה 30 גרם,גרמים,30.00,100 גרם,false,1,9.40,31.33,true,1,
7290010002658,false,פלפל יבש מתוק תבליני מימון 150 גרם,א.ל ייצור ושיווק תבל,,פלפל יבש מתוק 150 ג,גרמים,150.00,100 גרם,false,1,16.90,11.27,true,1,
7290010002726,false,תבלין לפרגיות תבליני מימון 100 גרם.,א.ל ייצור ושיווק תבלינים,,תבלין לפרגיות 100 גר,גרמים,100.00,100 גרם,false,1,11.40,11.40,true,1,
7290010003075,false,פפריקה מרוקאית מתוקה תבליני מימון 400 גרם,א.ל ייצור ושיווק תבלינים,,פפריקה מרוקאית מתוקה,גרמים,400.00,100 גרם,false,1,26.90,6.73,true,1,
7290010003440,false,שבבי בצל מטוגן תבליני מימון 200 גרם,,,שבבי בצל מטוגן 200 ג,גרמים,200.00,100 גרם,false,1,11.90,5.95,true,1,
7290010003686,false,עלי דפנה בשקית תבליני מימון20 גרם,א.ל ייצור ושיווק תבל,,עלי דפנה 20 גרם שקית,Unknown,0.00,Unknown,false,1,6.50,6.50,true,1,
7290010003693,false,פפריקה מתוקה בשקית תבליני מימון 80 גרם,א.ל ייצור ושיווק תבל,,פפריקה מתוקה 80 גרם,Unknown,0.00,Unknown,false,1,6.50,6.50,true,1,
7290010003709,false,פלפל שחור טחון בשקית תבליני מימון 50 גרם,א.ל ייצור ושיווק תבל,,פלפל שחור טחון 50 גר,Unknown,0.00,Unknown,false,1,7.90,7.90,true,1,
7290010003754,false,כמון טחון בשקית תבליני תבליני מימון 50 גרם,א.ל ייצור ושיווק תבל,,כמון טחון 50 גרם,Unknown,0.00,Unknown,false,1,6.50,6.50,true,1,
7290010003761,false,כורכום טחון בשקית תבליני מימון 80 גרם,א.ל ייצור ושיווק תבל,,כורכום טחון 80 שקית,Unknown,0.00,Unknown,false,1,6.50,6.50,true,1,
7290010003778,false,תיבול לגריל עוף בשקית תבליני מימון 80 גרם,א.ל ייצור ושיווק תבל,,תיבול לגריל עוף שקי,Unknown,0.00,Unknown,false,1,6.50,6.50,true,1,
7290010003792,false,מלח לימון בשקית תבליני מימון 100 גרם,א.ל ייצור ושיווק תבל,,מלח לימון שקית 100 ג,גרמים,100.00,100 גרם,false,1,6.50,6.50,true,1,
7290010003808,false,זעתר ושמשום בשקית תבליני מימון 80 גרם,א.ל ייצור ושיווק תבל,,זעתר ושומשום 80 גרם,Unknown,0.00,Unknown,false,1,6.50,6.50,true,1,
7290010003822,false,פפריקה חריפה בשקית תבליני מימון 80 גרם,א.ל ייצור ושיווק תבל,,פפריקה חריפה 80 גרם,Unknown,0.00,Unknown,false,1,6.50,6.50,true,1,
7290010003839,false,קינמון טחון בשקית תבליני מימון 80 גרם,א.ל ייצור ושיווק תבל,,שקיות תבלינים שונים,Unknown,0.00,Unknown,false,1,6.50,6.50,true,1,
7290010003846,false,אורגנו בשקית תבליני מימון 20 גרם,א.ל ייצור ושיווק תבל,,אורגנו 20 גרם שקית,Unknown,0.00,Unknown,false,1,6.50,6.50,true,1,
7290010003990,false,פטרוזיליה בשקית תבליני מימון 20 גרם,א.ל ייצור ושיווק תבל,,פטרוזיליה 20 גרם שקי,Unknown,0.00,Unknown,false,1,6.50,6.50,true,1,
7290010004348,false,פפריקה מתוקה תבליני מימון 250 גרם,א.ל ייצור ושיווק תבל,,פפריקה מתוקה 250 גר,גרמים,250.00,100 גרם,false,1,22.90,9.16,true,1,
7290010023943,false,חליטה מצמח הרויבוש Red tea בטעם קינמון ווניל,מולינו ניקולי s.p.a,,תה רויבוש קינמון וונ,Unknown,0.00,Unknown,false,1,33.90,33.90,true,1,
7290010032167,false,יערת דבש 360 גרם מכוורת צוקרמן,,,יערת דבש 360 גרם מכ,גרמים,360.00,100 גרם,false,1,41.50,11.53,true,1,
7290010032303,false,דבש פרחי הדר 500 גרם מכוורת צוקרמן,,,דבש פרחי הדר 500 גרם,גרמים,500.00,100 גרם,false,1,31.50,6.30,true,1,
7290010032402,false,"דבש פרחי הדר 1 ק""ג מכוורת צוקרמן",,,"דבש פרחי הדר 1 ק""ג מ",גרמים,1000.00,100 גרם,false,1,55.50,5.55,true,1,
7290010032419,false,"דבש פרחי בר 1 ק""ג מכוורת צוקרמן",,,"דבש פרחי בר 1 ק""ג מכ",גרמים,1000.00,100 גרם,false,1,58.50,5.85,true,1,
7290010032426,false,"דבש אקליפטוס 1 ק""ג מכוורת צוקרמן",,,"דבש אקליפטוס 1 ק""ג מ",גרמים,1000.00,100 גרם,false,1,58.50,5.85,true,1,
7290010032440,false,"דבש אשל 1 ק""ג מכוורת צוקרמן",,,"דבש אשל 1 ק""ג מכוורת",קילוגרמים,0.00,"ק""ג",false,1,58.50,58.50,true,1,
7290010032457,false,"דבש דרדר 1 ק""ג מכוורת צוקרמן",,,"דבש דרדר 1 ק""ג מכוור",קילוגרמים,0.00,"ק""ג",false,1,58.50,58.50,true,1,
7290010032716,false,קרם דבש פרחי בר 400 גרם,,,קרם דבש פרחי בר 400,גרמים,400.00,100 גרם,false,1,39.90,9.98,true,1,
7290010032747,false,קרם דבש אשל 400 גרם,,,קרם דבש אשל 400 גרם,גרמים,400.00,100 גרם,false,1,39.90,9.98,true,1,
7290010065271,false,פרינוק - מחית תפוחי עץ 130 גרם,פרינוק,,פרינוק מחית תפוח 130,גרמים,130.00,100 גרם,false,1,6.50,5.00,true,1,
7290010065301,false,פרינוק - מחית סלט פירות 130 גרם,פרינוק,,פרינוק מחית סלט פירו,גרמים,130.00,100 גרם,false,1,6.50,5.00,true,1,
7290010065318,false,מחית תפוח עץ ג'וניור פרינוק 190 גרם,פרוטה פודווין איי.אס,,פרינוק גוניור תפוחי,גרמים,190.00,100 גרם,false,1,7.90,4.16,true,1,
7290010065745,false,מחית לפתן פירות ג'וניור פרינוק 190 גרם,פרוטה פודווין איי.אס,,פרינוק גוניור לפתן פ,גרמים,190.00,100 גרם,false,1,7.90,4.16,true,1,
7290010066513,false,נתחי טונה בשמן צמחי רביעיה *158ג' פילטונה,תעשיות פילטונה,,נתחי טונה בשמן צמחי,גרמים,640.00,100 גרם,false,1,22.90,3.58,true,1,
7290010066575,false,נתחי טונה במים רביעיה *158ג' פילטונה,תעשיות פילטונה,,רביעיית טונה במים,גרמים,640.00,100 גרם,false,1,22.90,3.58,true,1,
7290010066582,false,נתחי טונה בשמן קנולה רביעיה * 158 ג' פילטונה,תעשיות פילטונה,,נתחי טונה בהירה בשמן,גרמים,640.00,100 גרם,false,1,22.90,3.58,true,1,
7290010066599,false,רביעיית נתחי טונה בשמן זית פילטונה 158X4 גרם,תעשיות פילטונה,,רביעיית טונה בשמן,גרמים,640.00,100 גרם,false,1,27.90,4.36,true,1,
7290010084302,false,אמזונילס לציפורניים 30 מל,,,אמזונילס לציפורניים,Unknown,0.00,Unknown,false,1,90.00,90.00,true,1,
7290010116980,false,אבקת שוקולית שקית עלית 850 ג',הנסיך- מפעל לייצור ט,,שוקולית 850 גרם,גרמים,850.00,100 גרם,false,1,17.90,2.11,true,1,
7290010117864,false,דוריטוס חטיף תירס בטעם חריף אש עלית 70 גרם,"שטראוס פריטו ליי בע""\מ )",IL,דוריטוס חריף אש 70,גרמים,70.00,100 גרם,false,1,3.60,5.14,true,1,
7290010124107,false,סטייקבורגר זהב 400 גרם הקצביה בלדי,בלדי,,סטייק בורגר 400 גרם,גרמים,400.00,100 גרם,false,1,20.90,5.23,true,1,
7290010124213,false,אל מטאדור סינטה בקר דק דק 250 גרם בלדי,בלאדי,,סינטה בקר דק דק 250,גרמים,250.00,100 גרם,false,1,20.90,8.36,true,1,
7290010124503,false,שומן כבש מעובד ארוז בלדי 200גר,בלדי,,שומן כבש 200 גרם קפו,גרמים,200.00,100 גרם,false,1,13.50,6.75,true,1,
7290010129003,false,עוגיות אוזניים 600 גרם,ק.א. ומשווק בבלעדיות על,,עוגיות אוזניים 600 ג,גרמים,600.00,100 גרם,false,1,19.40,3.23,true,1,
7290010129010,false,עוג.כתר במילוי ריבה 600ג,ק.א. ומשווק בבלעדיות על,,עוגיות ריבה 600 גרם,גרמים,600.00,100 גרם,false,1,19.40,3.23,true,1,
7290010129027,false,עוגיות מרוקאיות 600 גרם,השוואת מחירונים,,עוגיות מרוקאיות 600,גרמים,600.00,100 גרם,false,1,19.40,3.23,true,1,
7290010129300,false,עוגיות רייף מרוקאיות 350 גרם,קונדטוריית אנגל,,עוגיות רייף מרוקאיות,גרמים,350.00,100 גרם,false,1,18.50,5.29,true,1,
7290010129324,false,עוגיות מעמול 600 גרם,ק.א. ומשווק בבלעדיות על,,עוגיות מעמול 600 גר,גרמים,600.00,100 גרם,false,1,19.40,3.23,true,1,
7290010129348,false,עוגיות בטעם שוקולד 600גר,ק.א. ומשווק בבלעדיות על,,עוגיות שוקולד 600 גר,גרמים,600.00,100 גרם,false,1,19.40,3.23,true,1,
7290010129553,false,עוגיות רולדה תמרים 600 גרם,ק.א. ומשווק בבלעדיות על,,עוגיות רולדה תמרים 6,גרמים,600.00,100 גרם,false,1,19.40,3.23,true,1,
7290010129652,false,עוגיות לקפה דולצ'ה ו,קונדטוריית אנגל,,עוגיות לקפה 350 גרם,גרמים,350.00,100 גרם,false,1,18.50,5.29,true,1,
7290010154012,false,לימון בלאדי כבוש תבליני ביטון 250 גרם,תבליני ביטון יוחאי,,לימון כבוש 250 גרם,גרמים,250.00,100 גרם,false,1,15.60,6.24,true,1,
7290010154241,false,סלט חזרת ריף ביטון 250 ג',תבליני ביטון יוחאי,,סלט חזרת 250 גר,גרמים,250.00,100 גרם,false,1,15.60,6.24,true,1,
7290010154548,false,ממרח שום טבעי יוחאי ביטון 235 גרם,תבליני ביטון יוחאי,,ממרח שום טבעי 250 גר,גרמים,250.00,100 גרם,false,1,15.60,6.24,true,1,
7290010154692,false,סחוג אדום יוחאי ביטון 250 גרם,תבליני ביטון יוחאי,,סחוג אדום 250 גר,גרמים,250.00,100 גרם,false,1,15.60,6.24,true,1,
7290010237685,false,"הייניקן בירה צואר ארוך 330מ""ל",טמפו משקאות בע''מ,,"בירה הייניקן 330 מ""ל",מיליליטרים,330.00,"100 מ""ל",false,1,9.90,3.00,true,1,
7290010237890,false,"בירה הייניקן בקבוק 500 מ""ל חוזר",טמפו משקאות בע''מ,,"בירה היינקן 500 מ""ל",מיליליטרים,500.00,"100 מ""ל",false,1,8.90,1.78,true,1,
7290010259359,false,וילי פוד נודלס אטר.ביצים להקפצה בדץ 200ג,פוג'יאן לונגהאי אנלי,,אטריות להקפצה רחבות,גרמים,200.00,100 גרם,false,0,4.50,2.25,true,1,
7290010259366,false,וילי פוד נודלס אטר.ביצים מסולסל בדץ 200ג,פוג'יאן לונגהאי אנלי,,אטריות להקפצה מסולסל,גרמים,200.00,100 גרם,false,1,4.50,2.25,true,1,
7290010259823,false,מנת השף-מרק עם נודלס בטעם עוף ויליפוד,נמצ'או(תאילנד) בעמ,,מרק עם נודלס טעם עוף,גרמים,70.00,100 גרם,false,1,5.70,8.14,true,1,
7290010259830,false,מנת השף נודלס בסגנון סיני פיקנטי וילי פוד 70 גרם,נמצ'או(תאילנד) בעמ,,מרק עם נודלס סיני פי,גרמים,70.00,100 גרם,false,1,5.70,8.14,true,1,
7290010259854,false,מנת השף מרק עם נודלס בטעם פטריות ויליפוד 70 גרם,נמצ'או(תאילנד) בעמ,,מרק עם נודלס טעם פטר,גרמים,70.00,100 גרם,false,1,5.70,8.14,true,1,
7290010259977,false,שמן קנולה מזוכך ויליפוד 1 ליטר,בונגי פולין אס.פי.זד,,שמן קנולה וילי פוד 1,מיליליטרים,1000.00,"100 מ""ל",false,1,10.90,1.09,true,1,
7290010259991,false,צנימים מיוחדים בטעם טבעי 250 ג',קריות זול,GR,צנימים וילי פוד 250,גרמים,250.00,100 גרם,false,1,8.30,3.32,true,1,
7290010279227,false,זיקוק 15 סמ 80 בקרטון 6 יחידות,,,"זיקוק 15 ס""מ 6 יח",Unknown,0.00,Unknown,false,1,26.50,26.50,true,1,
7290010294572,false,פלסטר בתוספת אלוורה 20יח,LIFE OF TRI,,פלסטר פלוס אלוורה,Unknown,0.00,Unknown,false,1,19.90,19.90,true,1,
7290010296705,false,ממרח חרדל 150 גרם,,,ממרח חרדל 150 גרם,גרמים,150.00,100 גרם,false,1,8.90,5.93,true,1,
7290010296712,false,ממרח חזרת 150 גרם,,IL,ממרח חזרת 150 גרם,גרמים,150.00,100 גרם,false,1,8.90,5.93,true,1,
7290010300310,false,מנגל אלומיניום +רשת,,,מנגל אלומיניום +רשת,Unknown,0.00,Unknown,false,1,32.80,32.80,true,1,
7290010328246,false,טחינה גולמית שומשום מלא אחווה 500 ג',"אחדות ביח""ר לטחינה ח",,אחווה טחינה משומשום,גרמים,500.00,100 גרם,false,1,14.60,2.92,true,1,
7290010328253,false,טחינה גולמית משומשום טבעי אחווה 500 גרם,"אחדות ביח""ר לטחינה ח",,אחווה טחינה משומשום,גרמים,500.00,100 גרם,false,1,14.60,2.92,true,1,
7290010328734,false,ממרח טחינה עם סילאן אחווה 400 גרם,אחדות ביחר לטחינה חל,IL,ממרח טחינה עם סילאן,גרמים,400.00,100 גרם,false,1,13.90,3.48,true,1,
7290010367009,false,שמנת חמוצה 15% 500 ג,,,שמנת גביע 500 גר,גרמים,500.00,100 גרם,false,1,13.90,2.78,true,1,
7290010429554,false,"שמן זית כתית מעולה יד מרדכי 2 קלאסי, 750 מ""ל",מכוורת יד מרדכי שטראוס ב,,שמן זית כתית מעולה 2,מיליליטרים,750.00,"100 מ""ל",false,1,33.90,4.52,true,1,
7290010471669,false,יוגורט תות עם קורנפלקס מצופה שוקולד ללא גלוטן 3.9%,"שטראוס בריאות בע""\מ",,דנונה בר תות קורנפלק,גרמים,175.00,100 גרם,false,1,4.60,2.63,true,1,
7290010472307,false,"שמיניית משקה גמדים תות בננה דיסני 108 מ""ל",מיוצר עי קונדיטוריית,,מארז 8 גמדים שתיה,גרמים,800.00,100 גרם,false,1,21.50,2.69,true,1,
7290010472390,false,מארז 8 יחידות מעדן דני בטעם שוקולד 1.5%,מיוצר עי קונדיטוריית,,מארז 8 דני שוקולד,גרמים,1000.00,100 גרם,false,1,18.10,1.81,true,1,
7290010513703,false,מזרח ומערב צ'ופסטיקס צפצפה,גולין פנגזו,,צופסטיקס 20 יח חד פע,Unknown,0.00,Unknown,false,1,7.30,7.30,true,1,
7290010513727,false,פנקו פרורי לחם 200 גרם (קינגדאו),קינגדאו גוניון פודס,,פירורי לחם קינגדאו פ,גרמים,200.00,100 גרם,false,1,7.90,3.95,true,1,
7290010546053,false,מנדל גרנולה בריאות קלויה ללא סוכר 400 גר,"מנדל סחר ושיווק בע""מ",,"גרנולה ללת""ס",גרמים,400.00,100 גרם,false,1,20.80,5.20,true,1,
7290010546169,false,"גרנולה בטעם ""דינמי"" בתוספת שקדים וצימוק",יוליניבר,,מנדל גרנולה שקדים וצ,גרמים,400.00,100 גרם,false,1,20.80,5.20,true,1,
7290010561360,false,ברילי באגט EXTRA קמח טף 360 גרם,ברילי Barili,IL,ברילי באגט EXTRA קמח,גרמים,360.00,100 גרם,false,1,17.90,4.97,true,1,
7290010561445,false,עוגיות שוקוצ'יפס 180 גרם,אשבל מזון פונקציונלי,IL,ברילי פיתות 420 גרם,גרמים,420.00,100 גרם,false,1,19.90,4.74,true,1,
7290010561469,false,מאפה אצבע ללא גלוטן 330 גרם,אשבל מזון פונקציונלי,,ברילי לחמניות אצבע 3,גרמים,200.00,100 גרם,false,1,19.90,9.95,true,1,
7290010613021,false,"ג'ל אסלות בתוספת חומץ טאצ' 750 מ""ל",,,גל אסלות בתוספת חומץ,Unknown,0.00,Unknown,false,1,10.90,10.90,true,1,
7290010613519,false,דלי מטליות לניקוי וחיטוי בניחוח מלון בוטיק טאצ' 400 מט',,,דלי מטליות לניקוי בנ,Unknown,0.00,Unknown,false,1,25.90,25.90,true,1,
7290010627004,false,טחינה גולמית מסורתית ירושלים 500 ג',"בראשית ירושלים בע""מ",,טחינה ירושלים 500 גר,גרמים,500.00,100 גרם,false,1,15.90,3.18,true,1,
7290010650019,false,אנדיב בלגי אמיתי חוות תקוע,מרינה פטריות הגליל,,אנדי בלגי,Unknown,0.00,Unknown,false,1,13.90,13.90,true,1,
7290010650033,false,בצלצלי שאלוט ארוז לי,חוות פטריות תקוע,,בצלצלי שאלוט,Unknown,0.00,Unknown,false,1,12.90,12.90,true,1,
7290010650088,false,פטריות שמפיניון מיובשות 25 גרם,חוות פטריות תקוע,,פטריות שמפניון יבשות,Unknown,0.00,Unknown,false,1,9.90,9.90,true,1,
7290010676446,false,"פילה דג בסה מעובד קפוא 1 ק""ג",,,פילה דג בסה קפוא,קילוגרמים,0.00,"ק""ג",false,1,29.90,29.90,true,1,
7290010701131,false,גפילטע פיש 400 גר,,,גפילטע פיש 450 גר,גרמים,450.00,100 גרם,false,1,26.90,5.98,true,1,
7290010701353,false,רגל קרושה 400 גר,,,רגל קרושה 400 גר,גרמים,400.00,100 גרם,false,1,27.90,6.98,true,1,
7290010701360,false,עוף קרוש 400 גר,,,עוף קרוש 400 גר,גרמים,400.00,100 גרם,false,1,27.90,6.98,true,1,
7290010701377,false,לשון בקר בגל 400 גר,,,לשון בקר 400 גר,גרמים,400.00,100 גרם,false,1,27.90,6.98,true,1,
7290010701384,false,רגל קרושה מעורבת 400 גר,,,רגל קרושה מעורבת 400,גרמים,400.00,100 גרם,false,1,27.90,6.98,true,1,
7290010701391,false,ממרח כבד בקר 225 גרם,,IL,ממרח כבד בקר 225 גרם,גרמים,225.00,100 גרם,false,1,17.90,7.96,true,1,
7290010701407,false,ממרח כבד עוף 225 גרם,,IL,ממרח כבד עוף 225 גרם,גרמים,225.00,100 גרם,false,1,17.90,7.96,true,1,
7290010701575,false,"ציקן פרי ע""ב חלבון אפונה טבעוני 130 גרם",סאני פוד,IL,"ציקן פרי ע""ב חלבון א",גרמים,130.00,100 גרם,false,1,29.90,23.00,true,1,
7290010701636,false,ממרח כבד עוף נקניק 200 גרם,,,ממרח כבד עוף נקניק 2,גרמים,200.00,100 גרם,false,1,12.90,6.45,true,1,
7290010701711,false,ממרח כבד ביתי נקניק 200 גרם,,,ממרח כבד ביתי נקניק,גרמים,200.00,100 גרם,false,1,12.90,6.45,true,1,
7290010701797,false,לשון בקר קוביות במשקל,,,לשון בקר קוביות,Unknown,0.00,"ק""ג",true,0,85.00,85.00,true,1,
7290010701803,false,לשון בקר במשקל,,IL,לשון בקר במשקל,Unknown,0.00,"ק""ג",true,0,85.00,85.00,true,1,
7290010701902,false,ממרח כבד בקר נקניק 200 גר,,IL,ממרח כבד בקר נקניק,גרמים,200.00,100 גרם,false,1,12.90,6.45,true,1,
7290010701919,false,פטה כבד צרפתי ביין לבן 180 גר,,,פטה כבד צרפתי ביין ל,גרמים,180.00,100 גרם,false,1,22.90,12.72,true,1,
7290010766734,false,רוטב פיצה אוליביה אסם 430 ג',אוליביה,,רוטב פיצה אוליביה,גרמים,415.00,100 גרם,false,1,14.60,3.52,true,1,
7290010766956,false,ממרח פלפלים מתוקים אדומים אוליביה 180 גרם,אוליביה גורמה בעמ,,ממרח פלפ גמבה,גרמים,190.00,100 גרם,false,1,13.90,7.32,true,1,
7290010815036,false,סבון פנים אובליפיחה- ס.ט 150 מ`ל,TEVA SENSI,,סבון פנים אובליפיחה-,Unknown,0.00,Unknown,false,1,34.90,34.90,true,1,
7290010838219,false,ממתיק על בסיס צמח הסטיביה - שקיות,"קיפל טבליות וממתיקים בע""מ",,סטיביה 100 שקיות 100,גרמים,100.00,100 גרם,false,1,29.90,29.90,true,1,
7290010838431,false,דאק נוזל לניקוי אסלות זוג בניחוח ים 2*750 מל,מיוצר עי קונדיטוריית,,טואלט דאק נוזל אסלה,ליטרים,0.00,ליטר,false,1,27.50,27.50,true,1,
7290010883042,false,"סנובון נוזלי אפקט קצף פעיל רענן תות 750 מ""ל",סנו מפעלי ברונוס בעמ,,סנובון נוזלי תות 75,מיליליטרים,750.00,"100 מ""ל",false,1,10.90,1.45,true,1,
7290010883356,false,כפפות אלוורה רב שימושיות גדולות L סנו סושי,סנו סושי,,כפפות אלוורה סנו סוש,Unknown,0.00,Unknown,false,1,11.40,11.40,true,1,
7290010883363,false,כפפות אלוורה רב שימושיות קטנות S סנו סושי,האי נאם סי או אל.טי.,,כפפות אלוורה סנו סוש,Unknown,0.00,Unknown,false,1,11.40,11.40,true,1,
7290010883370,false,כפפות אלוורה רב שימושיות בינוניות M סנו סושי,האי נאם סי או אל.טי.,,כפפות אלוורה סנו סוש,Unknown,0.00,Unknown,false,1,11.40,11.40,true,1,
7290010922024,false,"פסיפלורה קפואה 250 גרם- Shake It -בד""ץ עדה חרדית","הבו-קדו בע""\מn\",,פסיפלורה קפואה Shake,גרמים,250.00,100 גרם,false,1,10.90,4.36,true,1,
7290010922055,false,"ליצ'י קפוא 250 גרם - Shake It - בד""ץ עדה חרדית","הבו-קדו בע""\מn\",IL,ליצי קפוא Shake It 2,גרמים,250.00,100 גרם,false,1,10.90,4.36,true,1,
7290010922857,false,"מנגו קפוא 250 גרם - Shake It - בד""ץ עדה חרדית","הבו-קדו בע""\מn\",IL,מנגו קפוא Shake It 2,גרמים,250.00,100 גרם,false,1,10.90,4.36,true,1,
7290010922949,false,תות שדה קפוא 250 גרם - Shake It,"הבו-קדו בע""\מn\",IL,תות קפוא Shake It 25,גרמים,250.00,100 גרם,false,1,10.90,4.36,true,1,
7290010931330,false,סלט מטבוחה אחלה 500 גרם,מיוצר עי קונדיטוריית,,מטבוחה 500 גר,גרמים,500.00,100 גרם,false,1,18.30,3.66,true,1,
7290010945146,false,קוטג' 3% מועשר בסידן טרה 250 ג' מהדרין,קריות זול,,קוטג 3% מועשר 250 גר,גרמים,250.00,100 גרם,false,1,5.90,2.36,true,1,
7290010945481,false,גבינה לבנה טרה 5% מרכיבים טבעיים,הפריט בפיקוח,,גבינה לבנה 5% 500 גר,גרמים,500.00,100 גרם,false,1,9.96,1.99,true,1,
7290010965199,false,9 א.ד.משתלות קבוצה,אלכס ודובי משתלות,,סוקולנטים בעציץ 9,Unknown,0.00,Unknown,false,1,9.90,9.90,true,1,
7290010970070,false,שמן זית כתית מעולה פיקואל טעמים 750 מל,,,שמן זית כתית מעולה פ,מיליליטרים,750.00,"100 מ""ל",false,1,43.90,5.85,true,1,
7290010970100,false,שמן שומשום כבישה קרה 250 מיל טעמים,"ג.מ טעם הארץ בע""\ם",,שמן שומשום כבישה קרה,מיליליטרים,250.00,"100 מ""ל",false,1,30.50,12.20,true,1,
7290010970179,false,דבש פרחי בר טעמים 350 גרם,,,דבש פרחי בר טעמים,גרמים,350.00,100 גרם,false,1,16.40,4.69,true,1,
7290010970186,false,דבש פרחי בר טעמים 1 קג,,,דבש פרחי בר טעמים 1,קילוגרמים,0.00,"ק""ג",false,1,49.50,49.50,true,1,
7290010970223,false,חומץ יין אדום מונטני,"ג.מ טעם הארץ בע""\ם",,חומץ בן יין אדום,מיליליטרים,500.00,"100 מ""ל",false,1,14.90,2.98,true,1,
7290010970254,false,חומץ בן יין לבן טעמי,"ג.מ טעם הארץ בע""\ם",,חומץ טעמים יין לבן,מיליליטרים,500.00,"100 מ""ל",false,1,14.90,2.98,true,1,
7290010970445,false,שמן זית כתית מעולה זן פישולין 750 מל טע,,,שמן זית כתית מעולה,מיליליטרים,750.00,"100 מ""ל",false,1,41.80,5.57,true,1,
7290010970582,false,"רוטב סויה 350 מ""ל",טעמים,,רוטב סויה 350 מל,מיליליטרים,350.00,"100 מ""ל",false,1,12.40,3.54,true,1,
7290010970599,false,חומץ אורז 350 מל,,,חומץ אורז 350 מל,מיליליטרים,350.00,"100 מ""ל",false,1,12.40,3.54,true,1,
7290010970650,false,קרם בלסמי חומץ מצומצם ממודנה איטליה 250,טעמים,,קרם בלסמי חומץ מצומצ,מיליליטרים,250.00,"100 מ""ל",false,1,29.50,11.80,true,1,
7290010970704,false,ממרח זיתים ירוקים 180 גרם,טעמים,,ממרח זיתים ירוקים 18,גרמים,180.00,100 גרם,false,1,13.90,7.72,true,1,
7290010970735,false,ממרח ארטישוק איטלקי,טעמים,,ממרח ארטישוק 180 גרם,גרמים,180.00,100 גרם,false,1,13.90,7.72,true,1,
7290010970759,false,"סירופ מלבי 250 מ""ל","ג.מ טעם הארץ בע""\ם",IL,"סירופ מלבי 250 מ""ל",מיליליטרים,250.00,"100 מ""ל",false,1,10.90,4.36,true,1,
7290010970766,false,"מי ורדים 250 מ""ל","ג.מ טעם הארץ בע""\ם",IL,"מי ורדים 250 מ""ל",מיליליטרים,250.00,"100 מ""ל",false,1,10.90,4.36,true,1,
7290010970780,false,סילאן תמרים 100% טבעי 350 גרם,,,סילאן תמרים 100% טבע,גרמים,350.00,100 גרם,false,1,12.40,3.54,true,1,
7290010970889,false,דבש לחיץ 350 גרם,,,דבש לחיץ 350 גרם,גרמים,350.00,100 גרם,false,1,20.90,5.97,true,1,
7290011017866,false,קוקה קולה קלאסי בפחית,החברה המרכזית לייצור משקאות,,"פחית סליק ק""ק 330 מ""",מיליליטרים,330.00,"100 מ""ל",false,1,5.40,1.64,true,1,
7290011018184,false,פיוז טי תה קר בטעם אפרסק,מבשלות בירה בינלאומי,,"תה פיוז אפרסק 500 מ""",מיליליטרים,500.00,"100 מ""ל",false,1,7.40,1.48,true,1,
7290011018368,false,ויינשטפן בירת חיטה לא מסוננת,"ויינשטפן, ת.ד 1155 פ",,שישיית בירה ויינשטפן,מיליליטרים,1980.00,"100 מ""ל",false,1,69.90,3.53,true,1,
7290011018474,false,"סומרסבי סיידר תפוחים אלכוהולי 300 מ""ל","קרלסברג קרואטיה , יב",,סומרסבי סיידר תפוחים,מיליליטרים,330.00,"100 מ""ל",false,1,9.50,2.88,true,1,
7290011018832,false,"קוקה קולה פרידגפק סליק 330 מ""ל שישייה",החברה המרכזית לייצור משקאות,,קוקה קולה פרידגפק,ליטרים,0.00,ליטר,false,1,22.90,22.90,true,1,
7290011018917,false,ק.קולה זירו פרידגפק סליק 330 מל שישייה,החברה המרכזית לייצור משקאות,,ק.קולה זירו פרידגפק,ליטרים,0.00,ליטר,false,1,22.90,22.90,true,1,
7290011026301,false,"ד""ר פישר - שמפו לשיער כסוף 400 מ""ל",פישר מעבדות פרמצבטיות,IL,שמפו silver לשיער כס,מיליליטרים,400.00,"100 מ""ל",false,1,29.90,7.48,true,1,
7290011065430,false,צ'ילי מטחנה מימונס 50 גרם,א.ל ייצור ושיווק תבל,,צילי מטחנה 50 גרם,גרמים,50.00,100 גרם,false,1,17.90,35.80,true,1,
7290011065447,false,תבלין לפיצה מטחנה מימונס 50 גרם,"א.ל ייצור ושיווק תבלינים בע""מ",,תבלין לפיצה מטחנה 50,גרמים,50.00,100 גרם,false,1,17.90,35.80,true,1,
7290011081492,false,גלידה בטעם שלושה שוקולדים 1.33ל' קרמיסימו,"גלידת שטראוס בע""\מ, רחוב",,קרמיסימו שלושה שוקול,ליטרים,0.00,ליטר,false,1,21.90,21.90,true,1,
7290011081690,false,קרמיסימו פרווה שוקו ציפ+וניל ציפ 1.33ל,"גלידת שטראוס בע""\מ, רחוב",,קרמיסמו וניל ציפ שוק,ליטרים,0.00,ליטר,false,1,21.90,21.90,true,1,
7290011115159,false,סבון מוצק מועשר בקרם לחות ניחוח פרחים נקה 7 4*100 גרם,גליל כימיקלים בעמ,,נקה 7 סבון מוצק קופל,גרמים,400.00,100 גרם,false,1,13.90,3.48,true,1,
7290011115166,false,נקה 7 ארומה סבון נוזלי לבנדר 1 ל',טרופיקל דגיל תעשיות,,נקה 7 ארומה סבון נוז,מיליליטרים,1000.00,"100 מ""ל",false,1,14.30,1.43,true,1,
7290011115272,false,אל סבון מוצק מועשר בקרם לחות צמחים - מארז רביעיה,קוסמופארם בע'\'\מ,,סבון מוצק מעושר בלחו,גרמים,400.00,100 גרם,false,1,13.90,3.48,true,1,
7290011115296,false,אל סבון מוצק מועשר בקרם לחות לבנדר - מארז רביעיה,נקה 7,,סבון מוצק מעושר בלחו,גרמים,400.00,100 גרם,false,1,13.90,3.48,true,1,
7290011126209,false,הגן הקסום תה טעם תפוח וקינמון סיידר ויסוצקי 25 יח',תה ויסוצקי,,תה תפוח וקינמון 25 ש,גרמים,115.00,100 גרם,false,1,18.90,16.43,true,1,
7290011126216,false,תה רויבוש קלאסי ויסוצקי 25 יחידות,תה ויסוצקי,,תה רויבוש קלאסי,Unknown,0.00,Unknown,false,1,33.90,33.90,true,1,
7290011126940,false,תה ירוק בתוספת מרווה ויסוצקי 25 יחידות,ויסוצקי ירוק,,תה ירוק ויסוצקי בתוס,Unknown,0.00,Unknown,false,1,24.90,24.90,true,1,
7290011126957,false,תה ירוק ארל גריי ויסוצקי 25 יחידות,ויסוצקי ירוק,,תה ירוק ויסוצקי ארל,Unknown,0.00,Unknown,false,1,24.90,24.90,true,1,
7290011131371,false,"מוזלי שקדים ואגוזים 1 ק""ג גרין",ויטליאה ניקולה דו,,מיזלי קראנץ אלמונ 1,גרמים,1000.00,100 גרם,false,1,25.90,2.59,true,1,
7290011131968,false,"גרנולה בתוספת שקדים ואגוזים גרין 1 ק""ג",ויטליה ניקולא דו,,"גרנולה אגוזים 1 ק""ג",קילוגרמים,0.00,"ק""ג",false,1,29.40,29.40,true,1,
7290011132507,false,סן בנדטו- מים מנרליים - מוגז עדין 500 מל,אקווה מינרלה סאן בנדטו ב,,סאן בנדטו מוגז 50 מל,מיליליטרים,500.00,"100 מ""ל",false,1,3.90,0.78,true,1,
7290011132514,false,"בירה פאולנר, בירת חיטה מעוננת, בקבוק 330 מ""ל",מבשלת פאולנר.,,"פאולנר בקבוק 330 מ""ל",מיליליטרים,330.00,"100 מ""ל",false,1,9.90,3.00,true,1,
7290011132552,false,רביעיית בירה פאולנר 330 מל בקבוק,מבשלת פאולנר,,רביעיית בירה פאולנר,ליטרים,0.00,ליטר,false,1,37.90,37.90,true,1,
7290011132583,false,"מארז פפסי מקס 500 מ""ל*6 יח' בקבוק","טמפו משקאות בע""\מ",,פפסי מקס קול 500 מאר,ליטרים,0.00,ליטר,false,1,20.90,20.90,true,1,
7290011133375,false,בירה שנדי בתוספת משקה אפרסק - שישייה,"טמפו משקאות בע""מ",,מארז מכבי שנדי אפרסק,מיליליטרים,1980.00,"100 מ""ל",false,1,29.90,1.51,true,1,
7290011133634,false,"פפסי מקס פחית צרה מארז שישייה 330 מ""ל","טמפו משקאות בע""\מ",,שישייה פחיות פפסי מק,ליטרים,0.00,ליטר,false,1,19.50,19.50,true,1,
7290011142001,false,לחם שיפון בורודינסקי,מאפיית דואט,,לחם דואט 550 גר,גרמים,550.00,100 גרם,false,1,12.90,2.35,true,1,
7290011142018,false,לחם שיפון נבסקי 630גר,מאפיית דואט,,לחם שיפון נבסקי 630ג,גרמים,630.00,100 גרם,false,1,12.90,2.05,true,1,
7290011142025,false,לחם שיפון אוקראינסקי 630 גר,מאפיית דואט,,לחם שיפון אוקראינסקי,גרמים,630.00,100 גרם,false,1,12.90,2.05,true,1,
7290011142032,false,לחם שיפון בורודינסקי,מאפיית דואט,,לחם בורודינסקי 630 ג,גרמים,630.00,100 גרם,false,1,12.90,2.05,true,1,
7290011142049,false,לחם ביתי עם סובין לל,מאפיית דואט,,לחם בריאות 650 גר,גרמים,650.00,100 גרם,false,1,12.90,1.98,true,1,
7290011142070,false,לחם שיפון מחמצת 600,מאפיית דואט,,לחם בטעמים 630 גר,גרמים,630.00,100 גרם,false,1,12.90,2.05,true,1,
7290011142094,false,לחם שיפון פטרובסקי 650 גרם,מאפיית דואט,,לחם שיפון פטרובסקי,גרמים,650.00,100 גרם,false,1,14.90,2.29,true,1,
7290011142148,false,שישיית לחמניות אצבע מאפיית דואט,מאפיית דואט,,מארז שישית לחמניות,גרמים,450.00,100 גרם,false,1,12.90,2.87,true,1,
7290011142193,false,לחמניות קלועות מתוקות עם צימוקים 400 גרם,מאפיית דואט,,4 לחמניות מתוקות,Unknown,0.00,Unknown,false,1,12.90,12.90,true,1,
7290011142315,false,פרנה מאורך רביעיה 550 גר,מאפיית דואט,,פרנה מאורך רביעיה 55,Unknown,0.00,Unknown,false,1,14.90,14.90,true,1,
7290011142322,false,פיתה בחבילה 10 יח',מאפיית דואט,,פיתה בחבילה 10 יח,Unknown,0.00,Unknown,false,1,14.90,14.90,true,1,
7290011142407,false,"לחם שבע דגנים 1100 ג""ר",מאפיית דואט,,לחם משפחתי 1100 גר,קילוגרמים,0.00,"ק""ג",false,1,17.90,17.90,true,1,
7290011142445,false,לחם כוסמין בריוש 600,אלון חברה ליצור שיוו,,לחם כוסמין 600 גר,גרמים,600.00,100 גרם,false,1,16.90,2.82,true,1,
7290011142551,false,לחם בתוספת גרעיני כוסמין וחיטה 750 גרם,אלון חברה ליצור שיוו,IL,לחם בתוספת גרעיני,גרמים,750.00,100 גרם,false,1,16.90,2.25,true,1,
7290011142650,false,לחם שיפון 100% 900 גר',,,לחם 100% שיפון 900 ג,גרמים,900.00,100 גרם,false,1,17.90,1.99,true,1,
7290011142827,false,פיתה כוסמין 10 יח',,,פיתות כוסמין 8 יח,Unknown,0.00,Unknown,false,1,15.90,15.90,true,1,
7290011148898,false,גבעולי ברוקולי משקל 400 גר,חקלאי,,גבעולי ברוקולי 400 ג,קילוגרמים,0.00,"ק""ג",false,1,12.90,12.90,true,1,
7290011148904,false,פלפל צ'ילי חריף יחידה,חקלאי,,פלפל צילי,Unknown,0.00,Unknown,false,1,9.90,9.90,true,1,
7290011148911,false,פלפלים מתוקים טינקרב,מרינה פטריות הגליל,,פלפל טינקרבל,Unknown,0.00,Unknown,false,1,9.90,9.90,true,1,
7290011148935,false,מלפפון בייבי יחידה,חקלאי,,מלפפון בייבי,Unknown,0.00,Unknown,false,1,9.90,9.90,true,1,
7290011154035,false,"תרכיז תפוחים סחוט טעמי הגליל 500 מ""ל",טעמי הגליל,IL,תרכיז תפוחים סחוט טע,מיליליטרים,500.00,"100 מ""ל",false,1,24.90,4.98,true,1,
7290011194215,false,מעדן גבינה ויוגורט בטעם בננה 5% שומן 88 ג' דניאלה,"שטראוס בריאות בע""מ",,דניאלה אננס 88 גרם,גרמים,88.00,100 גרם,false,1,4.10,4.66,true,1,
7290011194246,false,קוטג' 5% עם סידן 250 ג' שטראוס,מיוצר עי קונדיטוריית,,קוטג 5% 250 גר,גרמים,250.00,100 גרם,false,1,5.90,2.36,true,1,
7290011218690,false,קרבוגולד פחם צמחי,,,קרבוגולד פחם צמחי,Unknown,0.00,Unknown,false,1,54.90,54.90,true,1,
7290011223038,false,בונומי עלים לקרמשניט שכבות אפויות מבצק עלים 300 גרם,בונומי ס.פ.א,,עלים לקרמשניט 300 גר,גרמים,143.00,100 גרם,false,1,17.70,12.38,true,1,
7290011223045,false,בונומי בישקוטים 200 גרם,בונומי ס.פ.א,,ביסקוטים 200 גר,גרמים,200.00,100 גרם,false,1,7.30,3.65,true,1,
7290011223229,false,"טואלט דאק ג'ל לאסלה טיפות טל רעננות 55 מ""ל","איטיליאן פוד, אס.פי.",,טואלט דאק גל אסלה טי,Unknown,0.00,Unknown,false,1,13.10,13.10,true,1,
7290011223243,false,"טואלט דאק ג'ל לאסלה בניחוח לבנדר 55 מ""ל","איטיליאן פוד, אס.פי.",,טואלט דאק גל אסלה ני,Unknown,0.00,Unknown,false,1,13.10,13.10,true,1,
7290011235024,false,רוזמרין,חקלאי,,רוזמרין,Unknown,0.00,Unknown,false,1,5.90,5.90,true,1,
7290011235055,false,עלי בזיליקום רבנות,יבולי הבשור,,בזיליקום,Unknown,0.00,Unknown,false,1,5.90,5.90,true,1,
7290011235062,false,עירית ארוזה רבנות,חקלאי,,עירית,Unknown,0.00,Unknown,false,1,5.90,5.90,true,1,
7290011235079,false,קורנית (טימין),חקלאי,,קורנית,Unknown,0.00,Unknown,false,1,5.90,5.90,true,1,
7290011235147,false,חמוציות ארוז,יבולי הבשור,,חמציץ ארוז,Unknown,0.00,Unknown,false,1,9.90,9.90,true,1,
7290011291884,false,כרומיום פיקולינט 500,,,כרומיום פיקולינט 500,Unknown,0.00,Unknown,false,1,62.90,62.90,true,1,
7290011332983,false,מגבונים לניקוי אף מגבונאף קמיל בלו- מארז שלישייה,פישר מעבדות פרמצבטיות בע,,מגבונאף קמיל בלו של,Unknown,0.00,Unknown,false,1,26.60,26.60,true,1,
7290011343316,false,שמן זית ברנע ארץ גשור 750 מל,,,שמן זית ברנע ארץ גשו,מיליליטרים,750.00,"100 מ""ל",false,1,52.90,7.05,true,1,
7290011378028,false,חלבה קלאסית וניל ללא תוספת סוכר בארכה 350 גרם,"רושדי תעשיות מזון בע""\מ",,חלבה משומשום מלא,גרמים,350.00,100 גרם,false,1,17.30,4.94,true,1,
7290011378257,false,חטיף חלבה בטעם וניל ללא תוספת סוכר בתוספת פיסטוק ופקאן,"רושדי תעשיות מזון בע""\מ",,מאגדת חטיף חלבה וניל,גרמים,126.00,100 גרם,false,1,13.50,10.71,true,1,
7290011378769,false,חטיף חלווה וניל בארכה 126 גרם מארז 7 יחידות,"רושדי תעשיות מזון בע""\מ",,מאגדת חטיף חלבה וניל,גרמים,126.00,100 גרם,false,1,13.50,10.71,true,1,
7290011378776,false,חטיף חלווה פיסטוק בארכה 126 גרם מארז 7 יחידות,"רושדי תעשיות מזון בע""\מ",,מאגדת חטיף חלבה פיסט,גרמים,126.00,100 גרם,false,1,13.50,10.71,true,1,
7290011387112,false,פרוטק סירופ לח לשיעול (120) כשר,אלטמן,,פרוטק סירופ לח לשיעו,Unknown,0.00,Unknown,false,1,28.90,28.90,true,1,
7290011387129,false,פרוטק סירופ יבש לשיעול (120) כשר,אלטמן,,פרוטק סירופ יבש לשיע,Unknown,0.00,Unknown,false,1,28.90,28.90,true,1,
7290011415181,false,"שמן לבנדר מסיק/גרינלייף 10 מ""ל",,,שמן לבנדר מסיק/גרינל,מיליליטרים,10.00,"100 מ""ל",false,1,24.90,249.00,true,1,
7290011438142,false,"משקה יטבתה אייס קפה בבקבוק אישי 350 מ""ל",שטראוס גרופ,IL,משקה חלב בטעם קפה,מיליליטרים,350.00,"100 מ""ל",false,1,6.90,1.97,true,1,
7290011447014,false,מטרנה דייסת סלט פירות 200 גרם,מטרנה תעשיות ש.מ,,מטרנה דייסת סלט פירו,גרמים,200.00,100 גרם,false,1,18.60,9.30,true,1,
7290011447304,false,מטרנה פרימיום חלבי שלב 3 700 גרם חיסכון,מטרנה תעשיות ש.מ,,מטרנה פרימיום חלבי ש,גרמים,700.00,100 גרם,false,1,49.90,7.13,true,1,
7290011447908,false,"מזון לחתולים מלא טעם עוף וכבד סופר קט 3 ק""ג",קריות זול,,סופר קט מזון לחתולים,קילוגרמים,0.00,"ק""ג",false,1,49.90,49.90,true,1,
7290011473051,false,קוואקר עבה אורגני 500 גרם,ארוז ע' תבואות,,קוואקר עבה אורגני 50,גרמים,500.00,100 גרם,false,1,10.40,2.08,true,1,
7290011473082,false,אורז בסמטי מלא אורגני 500 גר,תבואות,,אורז בסמטי מלא אורגנ,גרמים,500.00,100 גרם,false,1,12.90,2.58,true,1,
7290011473099,false,אורז עגול מלא אורגני 500 גר,תבואות,,אורז עגול מלא אורגני,גרמים,500.00,100 גרם,false,1,11.90,2.38,true,1,
7290011473143,false,קוסקוס אורגני תבואות500ג,תבואות,,קוסקוס אורגני 500 גר,גרמים,500.00,100 גרם,false,1,13.90,2.78,true,1,
7290011473198,false,עדשים חומים אורגני 500 גרם,,,עדשים חומים אורגני 5,גרמים,500.00,100 גרם,false,1,12.90,2.58,true,1,
7290011473242,false,פשתן זרעים אורגני 500 גרם,ארוז ע' תבואות,,פשתן זרעים אורגני 50,גרמים,500.00,100 גרם,false,1,11.50,2.30,true,1,
7290011473433,false,תבואת בר כוסמת אורגנ,אורז ע'י,,כוסמת אורגנית 500 גר,גרמים,500.00,100 גרם,false,1,11.40,2.28,true,1,
7290011473525,false,אורז בר שחור טבעי 40,תבואות,,אורז בר טבעי 400 גרם,גרמים,400.00,100 גרם,false,1,30.50,7.63,true,1,
7290011473655,false,סוכר קנים אורגני 1 קילו,ארוז ע' תבואות,,סוכר קנים אורגני 1 ק,גרמים,1000.00,100 גרם,false,1,10.90,1.09,true,1,
7290011473730,false,"אורז פרא מעורב טבעי 1 ק""ג תבואות",אינפוסה רובי,,אורז פרא מעורב טבעי,גרמים,1000.00,100 גרם,false,1,18.90,1.89,true,1,
7290011473969,false,קינואה טריו אורגנית 500 גרם,תבואות,,קינואה טריו אורגנית,גרמים,500.00,100 גרם,false,1,23.50,4.70,true,1,
7290011474010,false,"קמח כוסמין לבן טבעי 1 ק""ג תבואות",תבואות,,קמח כוסמין לבן טבעי,קילוגרמים,0.00,"ק""ג",false,1,16.90,16.90,true,1,
7290011474072,false,פוזילי כוסמין אורגני 500 גר,תבואות,,פוזילי כוסמין אורגני,גרמים,500.00,100 גרם,false,1,20.90,4.18,true,1,
7290011474102,false,"תערובת קטניות למרק אורגני 500 גרם ""תבואות""",גולי בגמברו,,תערובת קטניות אורגני,גרמים,500.00,100 גרם,false,1,16.90,3.38,true,1,
7290011474386,false,קוואקר אורגני דק 500 גרם,תבואות,,קוואקר אורגני דק 500,גרמים,500.00,100 גרם,false,1,10.40,2.08,true,1,
7290011498177,false,ממרח שקד לבן מקולף 700 ג,שקד תבור,,שקד לבן 700 גרם,גרמים,700.00,100 גרם,false,1,73.50,10.50,true,1,
7290011498221,false,גרוסליין - סילאן טבעי 900 גרם,אלמנדוס,,סילאן תמרים טבעי 900,גרמים,900.00,100 גרם,false,1,19.90,2.21,true,1,
7290011498283,false,אגוזי אדמה חמאה בוטנים 700 גר,שקד תבור,,אגוזי אדמה חמאה בוטנ,גרמים,700.00,100 גרם,false,1,26.50,3.79,true,1,
7290011498351,false,ממרח אילסר אגוזי לוז,שקד תבור,,חמאת לוז 200 גרם,גרמים,200.00,100 גרם,false,1,24.90,12.45,true,1,
7290011498412,false,חמאת קקאו אורגני 200,שקד תבור,,חמאת קקאו 200 גרם,גרמים,200.00,100 גרם,false,1,21.90,10.95,true,1,
7290011498450,false,אבקת קקאו אורגנית 250 גרם,שקד תבור,,אבקת קקאו אורגנית 25,גרמים,250.00,100 גרם,false,1,21.90,8.76,true,1,
7290011498504,false,ממרח חלבה פרווה (350 גרם),שקד תבור,,ממרח חלבה עשירה 350,גרמים,350.00,100 גרם,false,1,14.90,4.26,true,1,
7290011498900,false,מארז חטיפי תמר במילוי חמ.שקדים בציפוי שוקולד 100% קקאו 150 גרם,"אלמנדוס בע""מ",,חטיף תמר במילוי חמאת,גרמים,150.00,100 גרם,false,1,18.80,12.53,true,1,
7290011499051,false,פטה כבשים מסורתית 20% בגביע 250 גרם - רובין,MKN עבור מחלבות גד ב,,פטה כבשים מסורתית 2,גרמים,250.00,100 גרם,false,1,24.90,9.96,true,1,
7290011499105,false,בולגרית מסורתית 5% 250 גרם -רבנות,ג'נרל מילס סאן אדריא,,בולגרית 5% 250גר,גרמים,250.00,100 גרם,false,1,22.60,9.04,true,1,
7290011499112,false,בולגרית מסורתית 16% 250 גרם - רבנות,"מיוצר ע""י dsh",,בולגרית 16% 250גר,גרמים,250.00,100 גרם,false,1,22.60,9.04,true,1,
7290011499129,false,גבינה בולגרית מעודנת קוביות קטנות 5% גד 200 גרם,קוד יצרן DSH,,קוביות בולגרית מעודנ,גרמים,200.00,100 גרם,false,1,20.90,10.45,true,1,
7290011499303,false,פטה עיזים מעודנת 5% בגביע 250 גרם - רבנות,ג'נרל מילס סאן אדריא,,גבינה בולגרית מעודנת,גרמים,250.00,100 גרם,false,1,30.90,12.36,true,1,
7290011499327,false,גבינה בולגרית מעודנת 5% 250 גרם - רבנות,מיוצר על ידי DSH עבו,,גבינה בולגרית מעודנת,גרמים,250.00,100 גרם,false,1,22.90,9.16,true,1,
7290011499341,false,גבינת קשקבל ארוז 26 אחוז 250גרם גד,הנסיך- מפעל לייצור ט,IL,קשקאבל ארוז 200 גר,גרמים,200.00,100 גרם,false,1,28.90,14.45,true,1,
7290011499358,false,פטה עיזים מסורתית 20% בגביע 200 גרם - רובין,מיוצר על ידי קוד יצר,,גבינת פטה עיזים 200,גרמים,200.00,100 גרם,false,1,26.00,13.00,true,1,
7290011499365,false,גד חלומי 24% 200 גרם רובין,"מחלבות גד בע""\מ",,גבינת חלומי 200 גר,גרמים,200.00,100 גרם,false,1,20.90,10.45,true,1,
7290011499419,false,גבינה במרקם שמנת בטעם טבעי 5% ניו יורק,גבינות מדף,,גבינה במרקם שמנת 5%,גרמים,200.00,100 גרם,false,1,11.40,5.70,true,1,
7290011499525,false,גבינת לאבנה דרוזית 9% גד 500 גרם,מחלבות גד בעמ,,לאבנה 500גר 9%,גרמים,500.00,100 גרם,false,1,20.30,4.06,true,1,
7290011499624,false,שמנת 30% ניו יורק טבעי 200 גרם רבנות,גבינות מדף,,גבינת שמנת 30% טבעי,גרמים,200.00,100 גרם,false,1,12.90,6.45,true,1,
7290011499846,false,גבינת ריקוטה פרסקה 9% גד 300 גרם,מחלבות גד בעמ,,ריקוטה פרסקה 9% 300,גרמים,150.00,100 גרם,false,1,18.00,12.00,true,1,
7290011499853,false,שמנת 30% ניו יורק זיתים 200 גרם רובין,מחלבות גד (שיווק 199,,גבינת שמנת זיתים 30%,גרמים,200.00,100 גרם,false,1,12.90,6.45,true,1,
7290011501563,false,נקטר חמוציות דין שיו,,,מיץ חמוציות 1.89 ליט,ליטרים,0.00,ליטר,false,1,17.90,17.90,true,1,
7290011518561,false,"אקטימל תות 1.51 ק""ג מארז 14 יחידות",מיוצר עי קונדיטוריית,,אקטימל תות מארז משפח,ליטרים,0.00,ליטר,false,1,29.90,29.90,true,1,
7290011530525,false,מיקס פירות קפואים שייק איט צהוב - 3*150 ג',"הבו-קדו בע""מ",IL,שייק איט 450 גרם,גרמים,450.00,100 גרם,false,1,31.50,7.00,true,1,
7290011530549,false,מיקס פירות קפואים שייק איט ורוד - 3*150 ג',"הבו-קדו בע""מ",IL,שייק איט 450 גרם,גרמים,450.00,100 גרם,false,1,31.50,7.00,true,1,
7290011530730,false,מיקס פירות קפואים שייק איט חום - 3*150 ג',"הבו-קדו בע""מ",IL,שייק איט 450 ג,גרמים,450.00,100 גרם,false,1,31.50,7.00,true,1,
7290011530747,false,מיקס פירות קפואים שייק איט סגול - 3*150 ג',"הבו-קדו בע""מ",IL,שייק איט 450 גרם,גרמים,450.00,100 גרם,false,1,31.50,7.00,true,1,
7290011530945,false,קרפצ'יו עגל פרימיום 210 גרם בלדי,בלדי,IL,קרפציו עגל 210 גרם,גרמים,210.00,100 גרם,false,1,39.90,19.00,true,1,
7290011552367,false,"שמן חוחובה טהור כבישה קרה 100 מ""ל",,IL,שמן חוחובה טהור כביש,מיליליטרים,100.00,"100 מ""ל",false,1,55.90,55.90,true,1,
7290011552725,false,טופ פייבר סיבים תזונתיים 400 גרם,,IL,טופ פייבר סיבים תזונ,גרמים,400.00,100 גרם,false,1,67.90,16.98,true,1,
7290011570088,false,ממרח ריבת חלב לייט ללא תוספת סוכר,Satko ltd,,"ריבת חלב ללת""ס 450 ג",גרמים,450.00,100 גרם,false,1,23.90,5.31,true,1,
7290011570507,false,קמח כרגיל ללא גלוטן 450 גרם,אשבל מזון פונקציונלי בע\,,קמח נטול גלוטן כרגיל,גרמים,1000.00,100 גרם,false,1,20.90,2.09,true,1,
7290011570934,false,תערובת להכנת פנקייק ללא גלוטן 500 ג',אשבל מזון פונקציונאל,,קמח לפנקייק כרגיל 40,גרמים,400.00,100 גרם,false,1,19.90,4.98,true,1,
7290011575007,false,"הפי מרסס שומר ברק למקלחון 750 מ""ל",יעקובי הפי,,הפי לאמבט ולמקלחון,מיליליטרים,750.00,"100 מ""ל",false,1,22.50,3.00,true,1,
7290011575250,false,מבריק וצובע נעליים הפי,יעקבי - הפי Hepi,,הפי מבריק נעליים,Unknown,0.00,Unknown,false,1,11.50,11.50,true,1,
7290011575809,false,"הגרטי תרסיס לניקוי כלי כסף יעקבי 200 מ""ל",יעקובי הפי,BE,הפי ספריי הגרטי מברי,מיליליטרים,200.00,"100 מ""ל",false,1,34.90,17.45,true,1,
7290011585198,false,כיסונים במילוי בשר 1400 גרם,,,כיסונים השף במילוי,גרמים,1400.00,100 גרם,false,1,49.90,3.56,true,1,
7290011585228,false,כיסונים במילוי בשר 1500 גרם,,,כיסונים במילוי בשר 1,גרמים,1500.00,100 גרם,false,1,41.90,2.79,true,1,
7290011585235,false,מיני צבורק במילוי בש,,,מיני ציבורקי 600 גרם,גרמים,600.00,100 גרם,false,1,31.90,5.32,true,1,
7290011585242,false,ציבורקי במילוי בשר וירק 600 גרם,,,ציבורקי במילוי בשר,גרמים,600.00,100 גרם,false,1,31.90,5.32,true,1,
7290011585723,false,כיסונים ביתי במילוי בשר 900 גרם,,,כיסונים ביתי במילוי,גרמים,900.00,100 גרם,false,1,31.90,3.54,true,1,
7290011585754,false,כיסונים סיבירסקי במילוי בשר 900 גרם,,,כיסונים סיבירסקי במי,גרמים,900.00,100 גרם,false,1,31.90,3.54,true,1,
7290011585778,false,"קרפלך במילוי תפו""א 700 גרם",,,"קרפלך במילוי תפו""א 7",גרמים,700.00,100 גרם,false,1,21.90,3.13,true,1,
7290011585785,false,ציבורקי קלאסי 600 גרם,,,ציבורקי קלאסי 600 גר,גרמים,600.00,100 גרם,false,1,31.90,5.32,true,1,
7290011585815,false,מאפה (פירושקי) במילוי בשר 600 גרם,,,מאפה (פירושקי) במילו,גרמים,600.00,100 גרם,false,1,31.90,5.32,true,1,
7290011585853,false,בלינצס במילוי בשר 600 גרם,,,בלינצס במילוי בשר 60,גרמים,600.00,100 גרם,false,1,31.90,5.32,true,1,
7290011585891,false,בלינצס במילוי דובדבן 600 גרם,,,בלינצס עם דובדבן 600,גרמים,600.00,100 גרם,false,1,31.90,5.32,true,1,
7290011585914,false,בצק עלים מרודד קלאסי,,,"בצק עלים 1 ק""ג",גרמים,1000.00,100 גרם,false,1,21.90,2.19,true,1,
7290011585921,false,בצק שמרים קלאסי 1 קג,,,"בצק שמרים 1 ק""ג",גרמים,1000.00,100 גרם,false,1,15.90,1.59,true,1,
7290011587123,false,קרם קוקוס תומר 400 מ,Thai coconut co ltd,,קרם קוקוס 400 גר,גרמים,400.00,100 גרם,false,1,8.90,2.23,true,1,
7290011587307,false,תחתיות ארטישוק 400 גר',Egyptian spanish co,,ארטישוק תחתיות,גרמים,400.00,100 גרם,false,1,12.40,3.10,true,1,
7290011587444,false,מוזלי קראנצי בתוספת פירות ויטליה 600 גרם,Vitalia nikola ltd,,מוזלי קראנצ פרות 600,מיליליטרים,600.00,"100 מ""ל",false,1,15.60,2.60,true,1,
7290011587451,false,מוזלי קראנצי בתוספת פירות ואגוזים ויטליה 600 גרם,ויטליה,,גרנולה פירות 600 גר,גרמים,600.00,100 גרם,false,1,15.60,2.60,true,1,
7290011587581,false,פילה אנשובי תומר צנצנת 100 גרם,אינוורסינס פריסקו,,אנשובי בצנצנת 100 גר,גרמים,100.00,100 גרם,false,1,12.50,12.50,true,1,
7290011587598,false,שימורי אנשובי בפח 45 ג' תומר,אינוורסיונס פריסקו,,פילה אנשובי 45 גרם,גרמים,45.00,100 גרם,false,1,6.90,15.33,true,1,
7290011587758,false,אטריות נודלס דק 200 גר' -תומר,אופאל,,נודלס דק 200 גר,גרמים,200.00,100 גרם,false,1,4.50,2.25,true,1,
7290011587956,false,רוטב צ'ילי מתוק 700 ג' תומר,,,רוטב צילי מתוק 700 מ,מיליליטרים,700.00,"100 מ""ל",false,1,12.90,1.84,true,1,
7290011587963,false,רוטב צ'ילי חריף 700 ג' תומר,Baaeco v food ltd pa,,רוטב צילי חריף 700 ג,מיליליטרים,700.00,"100 מ""ל",false,1,12.90,1.84,true,1,
7290011598211,false,"סנו - אנטי קאלק מרסס ניקוי כללי 4 ב-1 700 מ""ל",מיוצר עי קונדיטוריית,,סנו אנטי קאלק רב שימ,מיליליטרים,750.00,"100 מ""ל",false,1,17.90,2.39,true,1,
7290011598365,false,רביעיית מטליות מיקרופייבר מקצועיות סנו סושי,סנו סושי,,סנו סושי סט מטליות מ,Unknown,0.00,Unknown,false,1,24.90,24.90,true,1,
7290011598402,false,מקסימה מרכך כביסה ארומתרפי מאסק סנו 4 ליטר,"סנו מפעלי ברונוס בע""\מ",,סנו מקסימה מרכך כביס,ליטרים,0.00,ליטר,false,1,19.90,19.90,true,1,
7290011598457,false,נייר טואלט דו שכבתי - מארז 48 גלילים,סנו סופט Soft,,נייר טואלט סופט לבן,מטרים,882.00,מטר,false,1,47.90,0.05,true,1,
7290011607180,false,"אבקת כביסה קולון 101 1.25 ק""ג",ריקט בנקיזר ( ניר אי,,אבקת כביסה קולון 101,קילוגרמים,0.00,"ק""ג",false,1,16.70,16.70,true,1,
7290011615406,false,בולגרית בקוביות בשמן ותבלינים הבולגריה 325 ג' קוליוס,"קוליוס אס. איי, גריק",,הבולגריה בקוביות שמן,גרמים,325.00,100 גרם,false,1,17.90,5.51,true,1,
7290011644000,false,מקלות תירס ממותקים 80 גרם,סנקי,,מקלות תירס ממותקים 8,גרמים,90.00,100 גרם,false,1,5.20,5.78,true,1,
7290011644505,false,שימורי כבד דג שיבוט 120 גרם ISLAND,יאקן איאצאפי,,שימורי כבד דג שיבוט,גרמים,120.00,100 גרם,false,1,10.40,8.67,true,1,
7290011644598,false,דג יבש VOBLA,,,דג יבש VOBLA,Unknown,0.00,"ק""ג",true,0,115.00,115.00,true,1,
7290011695163,false,"מלח הימלאיה קריסטל שקית 1 ק""ג",,,מלח הימלאיה קריסטל ש,גרמים,1000.00,100 גרם,false,1,16.90,1.69,true,1,
7290011695316,false,נפנף למנגל,אס.די יבוא וישווק,,נפנף למנגל,Unknown,0.00,Unknown,false,1,5.90,5.90,true,1,
7290011723200,false,טחינה הר ברכה 100% שומשום טהור 500 גר,טחינה הר ברכה בעמ,,טחינה הר ברכה 100% ש,גרמים,500.00,100 גרם,false,1,18.90,3.78,true,1,
7290011765071,false,ג'ל גילוח לעור רגיל לחות והגנה Moisture,טרופיקל דגיל תעשיות,,קרמה מן גל גילוח רגי,מיליליטרים,200.00,"100 מ""ל",false,1,13.50,6.75,true,1,
7290011765088,false,ג'ל גילוח לעור רגיל מנטול Cool,טרופיקל דגיל תעשיות,,קרמה מן גל גילוח קול,מיליליטרים,200.00,"100 מ""ל",false,1,13.50,6.75,true,1,
7290011765392,false,"בוב ספוג שמפו לשיער לסירוק קל כיף 750 מ""ל",טרופיקל דגיל תעשיות,,שמפו כיף בוב ספוג 75,מיליליטרים,750.00,"100 מ""ל",false,1,13.50,1.80,true,1,
7290011765408,false,"בוב ספוג שמפו ומרכך לשיער לסירוק קל כיף 750 מ""ל",קוסמופארם בע''מ,,שמפו+מרכך כיף בוב ספ,מיליליטרים,750.00,"100 מ""ל",false,1,13.50,1.80,true,1,
7290011765446,false,משחת שיניים לילדים בוב ספוג בטעם מיץ ענבים עם פלואוריד למניעת עששת,טרופיקל דגיל תעשיות קוסמ,,משחת שיניים אורביטול,גרמים,145.00,100 גרם,false,1,9.90,6.83,true,1,
7290011765613,false,סנו מסיר עובש בניחות לימון מתז 1 ל',"סנו מפעלי ברונוס בע""\מ",IL,מרסס מסיר עובש סנו 1,מיליליטרים,1000.00,"100 מ""ל",false,1,17.90,1.79,true,1,
7290011800840,false,רפי כהן סלט טחינה בלאדי צבר 400 גרם,רפי כהן / צבר,,טחינה בלאדי רפי כהן,גרמים,400.00,100 גרם,false,1,18.30,4.58,true,1,
7290011830007,false,"סוכר חום אורגני השדה מוצרים אורגנים 1 ק""ג",השדה מוצרים אורגניים,,סוכר קנים אורגני חום,גרמים,1000.00,100 גרם,false,1,13.50,1.35,true,1,
7290011860271,false,ביסבול כדורי פירה מתפוחי אדמה תפוגן 700 גרם,"תעשיות תפוגן בע""\מ",,תפוגן ביסבול טבעי 70,גרמים,700.00,100 גרם,false,1,18.80,2.69,true,1,
7290011877088,false,"רדיד אלומיניום רוחב 30 ס""מ, 18 מיקרון - מארז זוג",בורסה פאזרי,,סנו סושי רדיד אלומינ,מטרים,7.50,מטר,false,1,18.40,2.45,true,1,
7290011877095,false,"רדיד אלומיניום רוחב 45 ס""מ סנו סושי 2*7.5 מטר",בורסה פאזרי,,סנו סושי רדיד אלומינ,מטרים,7.50,מטר,false,1,26.50,3.53,true,1,
7290011877156,false,"מבשם אוויר, בגדים וארונות פרש בניחוח מאסק",מיוצר עי קונדיטוריית,,סנופרש מטהר אויר בני,מיליליטרים,375.00,"100 מ""ל",false,1,11.90,3.17,true,1,
7290011877835,false,שקיות ואקום לאחסון XXL סנו סושי 2 יחידות,מיוצר עי קונדיטוריית,,סנו סושי אריזות ואקו,Unknown,0.00,Unknown,false,1,25.90,25.90,true,1,
7290011877859,false,סנו אינסטלטור חדש פותח סתימות 200ג',מיוצר עי קונדיטוריית,,סנו אינסטלטור פותח ס,מיליליטרים,200.00,"100 מ""ל",false,1,13.90,6.95,true,1,
7290011891862,false,טי פור 2 - מסננת כדו,,,טי פור 2 - מסננת כדו,Unknown,0.00,Unknown,false,1,14.90,14.90,true,1,
7290011923303,false,טופו טבעי 300גרם ליב,א.י.ן תעשיות מזון בע,,טופו טבעי ליב 300 גר,גרמים,300.00,100 גרם,false,1,10.90,3.63,true,1,
7290011931162,false,סוכרלייט ממתיק נוזלי על בסיס סוכרלוז,אף.סי תבליני בגליל ב,,סוכרלייט נוזלי 220 ג,גרמים,220.00,100 גרם,false,1,35.50,16.14,true,1,
7290011947743,false,זיתים זיתא מיקס זית ירוק וזית קלמטה 215 גרם,זיתא - י.ט.ב תעשיות,IL,מיקס זיתים זיתא 215,גרמים,215.00,100 גרם,false,1,13.90,6.47,true,1,
7290011947781,false,מיקס זית ירוק וזית קלמטה ללא גלעין עם שמן זית כתית מעולה,זיתא - י.ט.ב תעשיות,IL,מיקס זית ירוק/קלמטה,גרמים,190.00,100 גרם,false,0,14.60,7.68,true,1,
7290011947798,false,זית קלמטה ללא גלעין עם שמן זית כתית מעולה,זיתא - י.ט.ב תעשיות,IL,זית קלמטה ללא גלעין,גרמים,190.00,100 גרם,false,0,14.60,7.68,true,1,
7290011947866,false,זיתא מיקס זיתים בפח 250 גרם,זיתא - י.ט.ב תעשיות,IL,מיקס זיתים בפח 440 ג,גרמים,440.00,100 גרם,false,1,20.90,4.75,true,1,
7290011947873,false,זית קלמטה בפח זיתא 440גר,זיתא - י.ט.ב תעשיות,IL,זית קלמטה בפח 440 גר,גרמים,440.00,100 גרם,false,1,20.90,4.75,true,1,
7290011981167,false,מיני גביעי וינטז,,,מיני גביעי וינטז,Unknown,0.00,Unknown,false,1,15.90,15.90,true,1,
7290011985073,false,פקעות ורדים שלם 50גר,,,פקעות ורדים שלם 50גר,Unknown,0.00,Unknown,false,1,12.90,12.90,true,1,
7290011985271,false,סמבוק פרחים 50 גרם,,,סמבוק פרחים 50 גרם,גרמים,50.00,100 גרם,false,1,33.90,67.80,true,1,
7290011985325,false,טיליה עלים ופרחים 50גר,,,טיליה עלים ופרחים 50,Unknown,0.00,Unknown,false,1,29.90,29.90,true,1,
7290011985332,false,סרפד 50 גר,,,סרפד 50 גר,Unknown,0.00,Unknown,false,1,12.90,12.90,true,1,
7290011985387,false,עוזרר עלים 50 גר,,,עוזרר עלים 50 גר,גרמים,1.00,100 גרם,false,1,24.90,2490.00,true,1,
7290011985400,false,אלון לבן 50גר,,,אלון לבן 50גר,Unknown,0.00,Unknown,false,1,16.90,16.90,true,1,
7290011985486,false,זית עלים 50גר,,,זית עלים 50גר,Unknown,0.00,Unknown,false,1,15.90,15.90,true,1,
7290011985622,false,פקעות וורדים קצוץ 50 גרם,,,פקעות וורדים קצוץ 50,גרמים,50.00,100 גרם,false,1,12.90,25.80,true,1,
7290011985776,false,בבונג 50 גר,,,בבונג 50 גר,Unknown,0.00,Unknown,false,1,12.90,12.90,true,1,
7290011985929,false,קלנדולה 50 גר,,,קלנדולה 50 גר,Unknown,0.00,Unknown,false,1,26.90,26.90,true,1,
7290012001994,false,חרדל דיז'ון גרעינים 350 ג' ריין דיזון,ריין דיז'ון reine dijon,,חרדל דיזיון 350 גרם,גרמים,350.00,100 גרם,false,1,11.90,3.40,true,1,
7290012012891,false,היביסקוס חזרה לטבע 50 גרם,,,היביסקוס חזרה לטבע 5,גרמים,50.00,100 גרם,false,1,10.90,21.80,true,1,
7290012013089,false,עוגיות אגוזים ר.חלב300 גרם,,,עוגיות אגוזים,גרמים,300.00,100 גרם,false,1,23.90,7.97,true,1,
7290012013225,false,עוגת גבינה אפויה 420 גרם,,,עוגת גבינה אפויה,גרמים,420.00,100 גרם,false,1,44.90,10.69,true,1,
7290012015199,false,מגה פרוביוטיק קראן גין גרמזה 60 כמוסו,מורז,,מגה פרוביוטיק קראן ג,Unknown,0.00,Unknown,false,1,159.90,159.90,true,1,
7290012019012,false,אספרגוס לבן שלם תומר 330 גרם,,,אספרגוס לבן 350 גר,גרמים,350.00,100 גרם,false,1,9.80,2.80,true,1,
7290012019043,false,שום צעיר כבוש בחומץ בצנצנת 330 גרם,FOODS CANDDED QINGDAO,,שום צעיר כבוש בחומץ,גרמים,330.00,100 גרם,false,1,10.90,3.30,true,1,
7290012019258,false,מחית תפוחי עץ רביעיה 4 * 113 ג' תומר,אינדיאן סאמר קו אופ אינק,,"רסק תפו""ע 4 יח 113",גרמים,113.00,100 גרם,false,1,13.50,11.95,true,1,
7290012019265,false,"מחית תפו""ע ללא תוספת סוכר 4*113גר",אינדיאן סאמר קו אופ אינק,,"רסק תפו""ע דיאט 4 יח",גרמים,113.00,100 גרם,false,1,13.50,11.95,true,1,
7290012019272,false,רביעיית מחית תפוח עץ וקינמון תומר 113 גרם,אינדיאן סאמר קו אופ אינק,,"רסק תפו""ע קינמון 4 י",גרמים,113.00,100 גרם,false,1,13.50,11.95,true,1,
7290012019401,false,מיץ דובדבן 100% 1 ליטר תוצרת גרוזיה,Aromaproduct ltd,,מיץ דובדבן 100% 1 לי,מיליליטרים,1000.00,"100 מ""ל",false,1,21.90,2.19,true,1,
7290012022005,false,פריכיות חיטה 60 גרם,דילייט,,פריכיות חיטה 70 גרם,גרמים,70.00,100 גרם,false,1,11.90,17.00,true,1,
7290012022050,false,קריספיות מרובה דגנים 75ג,דילייט,,פריכיות חיטה מלאה,גרמים,100.00,100 גרם,false,1,13.90,13.90,true,1,
7290012022067,false,קריספיות קידס 30 גרם,דילייט,IL,קריספיות קידס 30 גרם,גרמים,30.00,100 גרם,false,1,10.90,36.33,true,1,
7290012040481,false,טבק לגלגול סוגריות מלברו גולד 30 גר בודד,,,טבק לגלגול סוגריות מ,יחידה,1.00,יחידה,false,1,74.90,74.90,true,1,
7290012040528,false,טבק נקסט אוריגינל PP חפיסה,,,טבק נקסט אוריגינל PP,יחידה,1.00,יחידה,false,1,76.50,76.50,true,1,
7290012046131,false,מטליות לניקוי וחיטוי כללי סופט קלין 400 יח',,,מטליות לניקוי וחיטוי,Unknown,0.00,Unknown,false,1,32.90,32.90,true,1,
7290012046179,false,אל סבון נוזלי 1 ליטר + משאבה,,IL,אל סבון נוזלי 1 ליטר,Unknown,0.00,Unknown,false,1,10.90,10.90,true,1,
7290012116032,false,כיף פיות מרכך לסירוק קל 750 מל,טרופיקל דגיל תעשיות,,מרכך כיף פיות 750 מ,מיליליטרים,750.00,"100 מ""ל",false,1,13.50,1.80,true,1,
7290012116537,false,"מקסימה אבקת כביסה בניחוח מאסק סנו 2.5 ק""ג",טרופיקל דגיל תעשיות,,א.כ. מקסימה מאסק 2.5,קילוגרמים,0.00,"ק""ג",false,1,31.50,31.50,true,1,
7290012116551,false,אנטי קאלק נוזל לניקוי כללי סנו 2 ליטר,מיוצר עי קונדיטוריית,,סנו אנטי קאלק רב שימ,ליטרים,0.00,ליטר,false,1,19.90,19.90,true,1,
7290012116612,false,אורביטול מברשת שיניים מארז 4 יח',ג'נרל מילס סאן אדריא,,אורביטול מברשת שיניי,Unknown,0.00,Unknown,false,1,13.90,13.90,true,1,
7290012117091,false,"אבקת כביסה סנסיטיב סנו מקסימה 6 ק""ג",סנו מקסימה,,אבקת כביסה מקסימה סנ,קילוגרמים,0.01,"ק""ג",false,1,49.50,4950.00,true,1,
7290012117275,false,"קליר שקית מילוי לניקוי חלונות סנו 750 מ""ל",טרופיקל דגיל תעשיות,,סנוקליר שקית מילוי 7,מיליליטרים,750.00,"100 מ""ל",false,1,9.40,1.25,true,1,
7290012117350,false,"נוזל רצפות לילך 2 ליטר ""ריצפז פרש""","סנו מפעלי ברונוס בע""\מ",,סנו ריצפז פרש 2 ליטר,ליטרים,0.00,ליטר,false,1,20.90,20.90,true,1,
7290012117428,false,"ג'ל רחצה ושמפו מעיינות מנטה קרמה מן 700 מ""ל",טרופיקל דגיל תעשיות,,קרמה מן שמפו+גל רחצה,מיליליטרים,700.00,"100 מ""ל",false,1,20.90,2.99,true,1,
7290012117534,false,מרכך כביסה מרוכז תכלת קול סנו מקסימה 1 ליטר,"סנו מפעלי ברונוס בע""\מ",,מרכך כביסה מקסימה סו,מיליליטרים,1000.00,"100 מ""ל",false,1,17.90,1.79,true,1,
7290012117558,false,מקסימה מרכך כביסה מרוכז ורוד בניחוח מאסק סנו 1 ליטר,"סנו מפעלי ברונוס בע""\מ",,מרכך כביסה מקסימה סו,מיליליטרים,1000.00,"100 מ""ל",false,1,17.90,1.79,true,1,
7290012117572,false,כפפות סנו סושי לטקס M אריזת 100יח',סנו סושי,,סנו סושי כפפות לטקס,Unknown,0.00,Unknown,false,1,41.90,41.90,true,1,
7290012117626,false,שטיפת פה דנטלית לילדים בטעם ענבים בוב ספוג,קוסמופארם בע'\'\מ,,אורביטול קידס מי פה,מיליליטרים,250.00,"100 מ""ל",false,1,15.90,6.36,true,1,
7290012117916,false,אינסטלטור נוזל לפתיחת סתימות סנו 1 ליטר,"סנו מפעלי ברונוס בע""",,סנו אינסטלטור נוזלי,מיליליטרים,1000.00,"100 מ""ל",false,1,26.90,2.69,true,1,
7290012129728,false,מגבונים לחים פרשיס ללא בישום חמישייה,,IL,מגבונים לחים פרשיס ל,Unknown,0.00,Unknown,false,1,26.50,26.50,true,1,
7290012129742,false,מגבונים פרשיס מבושם 72 יח' * חמישיה,,IL,מגבונים לחים פרשיס מ,Unknown,0.00,Unknown,false,1,26.50,26.50,true,1,
7290012132971,false,"שמן אובליפיחה טהור 100 מ""ל",,IL,שמן אובליפיחה טהור 1,מיליליטרים,100.00,"100 מ""ל",false,1,69.90,69.90,true,1,
7290012159275,false,מיונז אמיתי 430 גרם LINA,לינה,,מיונז אמיתי 430 גרם,גרמים,430.00,100 גרם,false,1,10.40,2.42,true,1,
7290012159763,false,ריאזנקה דן 500 מל,,,רגינקה דן 0.5ל,מיליליטרים,500.00,"100 מ""ל",false,1,9.80,1.96,true,1,
7290012159770,false,קפיר דן 500 מל,,,קפיר דן 0.5ל,מיליליטרים,500.00,"100 מ""ל",false,1,9.80,1.96,true,1,
7290012159787,false,קפיר דן 1 ל,,,קפיר דן 1ל,מיליליטרים,1000.00,"100 מ""ל",false,1,16.70,1.67,true,1,
7290012159794,false,רגינקה דן 1 ל,,,רגינקה דן 1 ל,מיליליטרים,1000.00,"100 מ""ל",false,1,17.50,1.75,true,1,
7290012159886,false,תחליף גבינה מותכת דר,,,דרוזבה 100 גר,גרמים,100.00,100 גרם,false,1,5.00,5.00,true,1,
7290012159893,false,תחליף גבינה מותכת דר,,,דרוזבה פטריות 100 ג,גרמים,100.00,100 גרם,false,1,5.00,5.00,true,1,
7290012159909,false,תחליף גבינה מותכת ינ,,,ינטר 100 גר,גרמים,100.00,100 גרם,false,1,5.00,5.00,true,1,
7290012159916,false,תחליף גבינה מותכת ינ,,,ינטר סלמון 100 גר,גרמים,100.00,100 גרם,false,1,5.00,5.00,true,1,
7290012191053,false,גפרורים ארוכים לגרילים,,,גפרור מטבח ארוך,Unknown,0.00,Unknown,false,1,7.30,7.30,true,1,
7290012193163,false,סבון נוזלי פמלי לקשרי פריחת הדובדבן 1 ל,אף.סי תבליני בגליל ב,,סבון נוזלי פמלי,מיליליטרים,1000.00,"100 מ""ל",false,1,14.90,1.49,true,1,
7290012208386,false,סוכר קוקוס אורגני 300 גרם,פונדוק דאיה בוקטג'ה,ID,סוכר קוקוס אורגני 30,גרמים,300.00,100 גרם,false,1,19.90,6.63,true,1,
7290012208683,false,"קמח כוסמין 80% אורגני 1 ק""ג",,IL,קמח כוסמין 80% אורג,גרמים,1000.00,100 גרם,false,1,17.90,1.79,true,1,
7290012245176,false,וופל צ'יפס קריספי 700 גרם,אגריסטו,IL,גולד ציפס קריספי 700,גרמים,700.00,100 גרם,false,1,15.90,2.27,true,1,
7290012245183,false,צ'יפס קריספי קלאסי 700 גרם,אגריסטו,IL,ציפס קריספי קלאסי 70,גרמים,700.00,100 גרם,false,1,21.90,3.13,true,1,
7290012245275,false,"גולד ציפס בטטה קריספי 1 ק""ג",אגריסטו,IL,גולד ציפס בטטה קריספ,גרמים,1000.00,100 גרם,false,1,30.90,3.09,true,1,
7290012245312,false,"גולד ציפס אמריקאי 1.5 ק""ג קפוא זן",יוליניבר,IL,גולד ציפס אמריקאי 1.,גרמים,1500.00,100 גרם,false,1,21.90,1.46,true,1,
7290012245329,false,"גולד צ'יפס קלאסי 1.5 ק""ג קפוא זן",יוליניבר,IL,גולד ציפס קלאסי 1.5,גרמים,1500.00,100 גרם,false,1,21.90,1.46,true,1,
7290012245336,false,"גולד צ'יפס סטייק 1.5 ק""ג גולד שארית",אגריסטו,IL,גולד סטייק ציפס 1.5,גרמים,1500.00,100 גרם,false,1,21.90,1.46,true,1,
7290012247316,false,לב עוף טרי,,,לב עוף טרי,Unknown,0.00,"ק""ג",true,0,34.90,34.90,true,1,
7290012251047,false,קבנוס כפרי 250 גרם מזרע,,,קבנוס כפרי 250 גרם,גרמים,250.00,100 גרם,false,1,17.90,7.16,true,1,
7290012251146,false,מיני קופצקי סרוולט 280 גרם,ישרקו שיווק מותגי מז,,מיני קופצקי סרוולט,גרמים,280.00,100 גרם,false,1,31.90,11.39,true,1,
7290012251160,false,מיני קרמליובסקי סרוולט 350 גר,ישרקו שיווק מותגי מז,,מיני קרמליובסקי,גרמים,350.00,100 גרם,false,1,36.90,10.54,true,1,
7290012251177,false,מיני סרוולט איטלקי 400 גר,ישרקו שיווק מותגי מז,,מיני סרוולט איטלקי,גרמים,400.00,100 גרם,false,1,47.90,11.98,true,1,
7290012251276,false,תיק בד טיב טעם,,,תיק רב פעמי ממוחזר,Unknown,0.00,Unknown,false,1,5.90,5.90,true,1,
7290012251320,false,גיוזה בקר 320 גר קפוא מזרע,,,גיוזה בקר 320 גר,גרמים,320.00,100 גרם,false,1,35.90,11.22,true,1,
7290012251382,false,פריזר ביצת הזהב 500 גר מזרע,,,פריזר ביצת הזהב 500,גרמים,500.00,100 גרם,false,1,44.90,8.98,true,1,
7290012251474,false,שרימפס 26/30 מקולף 500 ג' קפוא,,,שרימפס מקולף 500 גר,גרמים,500.00,100 גרם,false,1,47.90,9.58,true,1,
7290012251498,false,שרימפס מקולף 500 גר קפוא M,,,שרימפס מקולף 500 גר,גרמים,500.00,100 גרם,false,1,51.50,10.30,true,1,
7290012251511,false,דג בסה קוביות 500 גר קפוא,,,דג בסה קוביות 500 גר,גרמים,500.00,100 גרם,false,1,17.90,3.58,true,1,
7290012251528,false,נקניקיות בוואריה עם גבינה 700 גר מזרע,,,נקניקיות בוואריה,גרמים,700.00,100 גרם,false,1,64.90,9.27,true,1,
7290012251535,false,שרימפס מבושל 750 גר קפוא,,,שרימפס מבושל קפוא,גרמים,750.00,100 גרם,false,1,58.50,7.80,true,1,
7290012251542,false,"שרימפס לא מקולף גדול 1 ק""ג קפוא 26/30",,,שרימפס לא מקולף גדול,קילוגרמים,0.00,"ק""ג",false,1,104.50,104.50,true,1,
7290012251924,false,"מול ניו זילנדי על חצי צדף קפוא 1 ק""ג",,,מול ניו זילנדי,גרמים,1000.00,100 גרם,false,1,64.90,6.49,true,1,
7290012252877,false,גבינת חלומי Farmers Cheese 200 גרם,,IL,גבינת חלומי Farmers,גרמים,200.00,100 גרם,false,1,20.90,10.45,true,1,
7290012252891,false,נקניקיות אוסטריות מצוננות 600 גרם,,IL,נקניקיות אוסטריות מצ,גרמים,600.00,100 גרם,false,1,31.90,5.32,true,1,
7290012252914,false,נקניקיות בלקניות מצוננות 600 גרם,,IL,נקניקיות בלקניות מצו,גרמים,600.00,100 גרם,false,1,24.90,4.15,true,1,
7290012306204,false,"אורז עגול בוכרי לאוש פלוב 1 ק""ג",,,אורז עגול בוכרי לאוש,גרמים,1000.00,100 גרם,false,1,19.90,1.99,true,1,
7290012306501,false,מעיין פריכיות כוסמת 150 גר' בלי מלח,כל בו מכבי,,פריכיות כוסמת 150 גר,גרמים,150.00,100 גרם,false,1,12.50,8.33,true,1,
7290012306532,false,מעיין פריכיות כוסמת 150 גר' עם מלח,כל בו מכבי,,פריכיות כוסמת עם מלח,גרמים,150.00,100 גרם,false,1,12.50,8.33,true,1,
7290012306624,false,פריכיות כוסמת בתוספת תירס 150 גרם,כל בו מכבי,,פריכיות כוסמת בתוספת,גרמים,150.00,100 גרם,false,1,12.50,8.33,true,1,
7290012306723,false,"אורז עגול לאוש פלוב 1ק""ג",,,אורז עגול לאוש פלוב,גרמים,1000.00,100 גרם,false,1,16.90,1.69,true,1,
7290012309878,false,חלבה פיסטוק 500 גרם ששון הקולה,ששון הקולה,,חלבה עם פיסטוק 500 ג,גרמים,500.00,100 גרם,false,1,15.60,3.12,true,1,
7290012309939,false,חלווה מסולסלת בקופסא ששון הקולה 500 גרם,אף.סי תבליני בגליל ב,,חלבה מסולסלת 500 גרם,גרמים,500.00,100 גרם,false,1,18.80,3.76,true,1,
7290012349560,false,מלח עבה גבישי הימלאיה,,,מלח הימלאיה 500 גר ע,גרמים,500.00,100 גרם,false,1,19.50,3.90,true,1,
7290012349591,false,זרעי צ`יה אורגני 300,,,זרעי צ`יה אורגני 300,גרמים,300.00,100 גרם,false,1,23.90,7.97,true,1,
7290012349973,false,זרעי צי`ה אורגנים סן ליין 700 גרם,,,זרעי צי`ה אורגנים סן,גרמים,700.00,100 גרם,false,1,35.90,5.13,true,1,
7290012367700,false,קרם גוף אינטנסיב רליף Intensive relief לעור יבש ומגורה,פישר מעבדות פרמצבטיות בע,,קרם גוף אפקטיב קר שי,מיליליטרים,700.00,"100 מ""ל",false,1,32.90,4.70,true,1,
7290012384783,false,עוגיות מעדן חלבה La Farina,General,,מעדן חלבה,Unknown,0.00,Unknown,false,1,39.90,39.90,true,1,
7290012404955,false,נקטר חמוציות ספרינג קולקשן 1.25 ליטר,יפאורה שותפות מובגלת לשיווק,,ספרינג Collection,ליטרים,0.00,ליטר,false,1,12.90,12.90,true,1,
7290012404993,false,נקטר דיאט חמוציות ספרינג קולקשן 1.25 ליטר,יפאורה שותפות מובגלת לשיווק,,ספרינג Collection די,ליטרים,0.00,ליטר,false,1,12.90,12.90,true,1,
7290012491368,false,מגבונים אקולוגיים 72 יח,מאמי קר,,מגבונים 72 יח,Unknown,0.00,Unknown,false,1,11.90,11.90,true,1,
7290012491405,false,"סבון טבעי לניקוי בקבוקים, מוצצים ומשאבות חלב",מאמי קר Mommy Care,,סבון טבעי לבקבוקים 2,Unknown,0.00,Unknown,false,1,22.90,22.90,true,1,
7290012497124,false,אלטמן - ויטמין D-400 כמוסות רכות 120 יח',אלטמן,,ויטמין D-400 גל קפס,Unknown,0.00,Unknown,false,1,36.90,36.90,true,1,
7290012522581,false,טבעול שניצל תירס ללא גלוטן טבעול 664 גרם,עיצובים 2020 (4.8),,שניצל תירס טבעול ללא,גרמים,664.00,100 גרם,false,1,36.50,5.50,true,1,
7290012588242,false,"מים מינרלים מיי וואטר כדורגל מארז 500X6מ""ל",נרה קריטיס אס איי באריפט,,שישיית מים מינרלים כ,מיליליטרים,3000.00,"100 מ""ל",false,1,16.60,0.55,true,1,
7290012588259,false,מים מינרלים טבעיים כדורגל 500 מל,נרה קריטיס אס איי באריפט,,מים מינרלים כדורגל 5,מיליליטרים,500.00,"100 מ""ל",false,1,3.00,0.60,true,1,
7290012624216,false,סבון נוזלי GALILEE פטשולי לבנדר וניל 400,,,סבון נוזלי GALILEE פ,Unknown,0.00,Unknown,false,1,39.90,39.90,true,1,
7290012624223,false,סבון נוזלי GALILEE נענע רוזמרין 400 מל,,,סבון נוזלי GALILEE נ,Unknown,0.00,Unknown,false,1,39.90,39.90,true,1,
7290012624513,false,סבון מוצק GALILEE הדרים 100 גרם,גליל אורגניק,,סבון מוצק GALILEE הד,Unknown,0.00,Unknown,false,1,14.90,14.90,true,1,
7290012624520,false,סבון מוצק GALILEE למון גראס 100 גרם,גליל אורגניק,,סבון מוצק GALILEE למ,Unknown,0.00,Unknown,false,1,14.90,14.90,true,1,
7290012624780,false,"אלכוגל מועשר באלוורה גליל 100 מ""ל",,IL,אלכוגל מועשר באלוורה,מיליליטרים,100.00,"100 מ""ל",false,1,10.90,10.90,true,1,
7290012624803,false,"שמפו טבעי פריחת הגליל 500 מ""ל",גליל אורגניק,,שמפו טבעי פריחת הגלי,מיליליטרים,500.00,"100 מ""ל",false,1,27.90,5.58,true,1,
7290012642678,false,אננס בכוסות פלס. רביעיות 113 גר,FOODS HUIZIANG JIANGSU,,אננס בכוסות פלס. רבי,גרמים,113.00,100 גרם,false,1,12.90,11.42,true,1,
7290012642685,false,אפרסק פירות בכוסות פלסטיק 4*113ג' תומר,תומר,,אפרסק בכוסות פלס. רב,גרמים,113.00,100 גרם,false,1,12.90,11.42,true,1,
7290012642692,false,קוקטייל פירות בכוסות פלס. רביעיות 113 גר,FOODS HUIZIANG JIANGSU,,קוקטייל פירות בכוסות,גרמים,113.00,100 גרם,false,1,12.90,11.42,true,1,
7290012642814,false,פלפלים חריפים מעורבים כבושים שלמים,סאטקו,,פלפלונים מעורב בחומץ,גרמים,540.00,100 גרם,false,1,15.70,2.91,true,1,
7290012642845,false,פלפל אדום כבוש בחומץ תומר 520 ג',תומר,,פלפל אדום בחומץ 520,גרמים,520.00,100 גרם,false,1,15.70,3.02,true,1,
7290012642852,false,פלפל אדום קלוי על האש עם שום 540 תומר,סאטקו,,פלפל אדום על האש 520,גרמים,520.00,100 גרם,false,1,15.70,3.02,true,1,
7290012642869,false,פלפלים קטנים חריפים כבושים שלמים,תומר,,פלפלונים אדום בחומץ,גרמים,530.00,100 גרם,false,1,15.70,2.96,true,1,
7290012645020,false,"יוגורט עיזים טבעי בבקבוק חלב הארץ 500 מ""ל",מחלבת סוסיא,,יוגורט עיזים טבעי 50,מיליליטרים,500.00,"100 מ""ל",false,1,13.50,2.70,true,1,
7290012645112,false,יוגורט עיזים 2.8% בדלי חלב הארץ 750 גרם,מחלבות סוסיא,,יוגורט עיזים בדלי 75,מיליליטרים,750.00,"100 מ""ל",false,1,20.50,2.73,true,1,
7290012697388,false,סוכרזית מצמח הסטיוויה כפית לכפית 100 גר,סוכרזית Sucrazit,,סוכרזית מצמח הסטיווי,גרמים,100.00,100 גרם,false,1,41.90,41.90,true,1,
7290012702631,false,מורז מגן שפתיים מנטה,SALA (MORAZ,,מורז-מגן שפתיים מנטה,Unknown,0.00,Unknown,false,1,9.90,9.90,true,1,
7290012760792,false,פריג’נטלי - מולטי ויטמין לנשים הרות ומניקות,LTD .AMBROZIA,,פריגנטלי לנשים הרות,Unknown,0.00,Unknown,false,1,82.90,82.90,true,1,
7290012803215,false,וופל בלגי בטעם שוקולד ללא תוספת סוכר,בטר אנד דיפרנט,,וופל בלגי בטעם שוקול,גרמים,200.00,100 גרם,false,1,11.90,5.95,true,1,
7290012803314,false,ממתיק על בסיס סוכרלוז - טבליות,"קיפל טבליות וממתיקים בע""",,סוכרלוז 300 טבליות 2,גרמים,22.00,100 גרם,false,1,47.50,215.91,true,1,
7290012803321,false,מרמולייט סוכרלוז 200 שקיות אישיות,מרמולייט,,סוכרלוז 200 גר שקיות,גרמים,200.00,100 גרם,false,1,43.90,21.95,true,1,
7290012803765,false,טוסו שוקולד מריר ללא תוספת סוכר 100 גרם,אלטינמארקה גידה סאן,,טוסו מר שוקולד מריר,גרמים,100.00,100 גרם,false,1,13.50,13.50,true,1,
7290012803772,false,טוסו שוקולד חלב ללא תוספת סוכר 100 גרם,אלטינמארקה גידה סאן,,טוסו מר שוקולד חלב 1,גרמים,100.00,100 גרם,false,1,13.50,13.50,true,1,
7290012803789,false,טוסו שוקולד מריר עם אגוזים ללא תוספת סוכר 100 גרם,האי נאם סי או אל.טי.,,טוסו מר שוקולד מריר,גרמים,100.00,100 גרם,false,1,13.50,13.50,true,1,
7290012823374,false,אנטי קאלק מטליות לחות לניקוי כללי סנו 50 יחידות,מיוצר עי קונדיטוריית,,מגבונים אנטי קאלק,Unknown,0.00,Unknown,false,1,15.20,15.20,true,1,
7290012823381,false,מקסימה מרכך כביסה מרוכז סנסטיב בייבי סנו 1 ליטר,"סנו מפעלי ברונוס בע""\מ",,מרכך כביסה מקסימה סו,מיליליטרים,1000.00,"100 מ""ל",false,1,17.90,1.79,true,1,
7290012823398,false,מטליות חד פעמיות לניקוי הרצפה בניחוח מרכך כביסה 10יח' סנו,סנו מפעלי ברונו בעמ,,מט.לחות לריצפה בניחו,Unknown,0.00,Unknown,false,1,10.90,10.90,true,1,
7290012823558,false,"מטליות לחות לרצפה 40*70 ס""מ סנו סושי 10 יחידות",סנו מפעלי ברונוס בעמ,,סנו סושי מטליות לחות,Unknown,0.00,Unknown,false,1,11.40,11.40,true,1,
7290012823916,false,גל כביסה סנו מקסימ מרוכז קריסטל נואר 5 ל,"סנו מפעלי ברונוס בע""\מ",,גל כביסה סנו מקסימ מ,ליטרים,0.01,ליטר,false,1,49.50,4950.00,true,1,
7290012823923,false,"מרכך כביסה מרוכז פרפיום גולדן מקסימה 750 מ""ל",סנו מפעלי ברונוס בעמ,,מרכך כביסה מקסימה פר,מיליליטרים,750.00,"100 מ""ל",false,1,16.90,2.25,true,1,
7290012823947,false,"סנו - מרכך כביסה מרוכז פרפיום קריסטל נואר 750 מ""ל",מיוצר עי קונדיטוריית,,מרכך כביסה מקסימה פר,מיליליטרים,750.00,"100 מ""ל",false,1,16.90,2.25,true,1,
7290012850011,false,מחית ביליבד תפוחי עץ 190ג',NOVOFRUCHT SK S.R.O,,מחית תפוחי עץ 190 גר,גרמים,190.00,100 גרם,false,1,6.50,3.42,true,1,
7290012864001,false,נבטי חמנייה ארוז א.אדמה,קרונוס,,נבטי חמניה,Unknown,0.00,Unknown,false,1,9.90,9.90,true,1,
7290012864025,false,נבטי אלפא אלפא ארוז א.אדמה,קרלסברג יבוא יצוא,,נבטי אלפלפא,Unknown,0.00,Unknown,false,1,6.90,6.90,true,1,
7290012901355,false,דודלס ארוחת אטריות עם גבינה 206 גרם,האי נאם סי או אל.טי.,,פולד מקרוני & ציז 20,גרמים,206.00,100 גרם,false,1,11.90,5.78,true,1,
7290012901973,false,"שעועית אדומה, 400 גרם גאלה",יורוקום אס.אר.אל,IT,שעועית אדומה גאלה 40,גרמים,400.00,100 גרם,false,1,11.40,2.85,true,1,
7290012921025,false,"בקבוק בירה מלכה בהירה 330 מ""ל","בירה מלכה בע""מ",,בירה מלכה בהירה 330,מיליליטרים,330.00,"100 מ""ל",false,1,15.90,4.82,true,1,
7290012921032,false,"בקבוק בירה מלכה אדמונית 330 מ""ל","איי, בי, אינבוו",,בירה מלכה אדמונית 33,מיליליטרים,330.00,"100 מ""ל",false,1,15.90,4.82,true,1,
7290012921056,false,"בקבוק בירה מלכה חיטה 330 מ""ל",מבשלת בירה ישראלית,,בירה מלכה חיטה 330 מ,מיליליטרים,330.00,"100 מ""ל",false,1,15.90,4.82,true,1,
7290012936838,false,תבלין הל טחון תבליני מימון 35 גרם,א.ל ייצור ושיווק תבל,,הל טחון 35 גרם,Unknown,0.00,Unknown,false,1,18.90,18.90,true,1,
7290012936906,false,תבלינים ציפורן שלם בצנצנות 25 גרם,א.ל ייצור ושיווק תבלינים,,תבלינים ציפורן שלם ב,Unknown,0.00,Unknown,false,1,14.90,14.90,true,1,
7290012936913,false,תבלין סומק תבליני מימון 45 גרם,א.ל ייצור ושיווק תבל,,תבלינים סומק בצנצנת,Unknown,0.00,Unknown,false,1,11.90,11.90,true,1,
7290012936944,false,אגוז מוסקט טחון 40 גרם תבליני מימון,א.ל ייצור ושיווק תבלינים,,תבלינים אגוז מוסקט ט,Unknown,0.00,Unknown,false,1,15.50,15.50,true,1,
7290012938405,false,"רדיד אלומיניום עבה במיוחד לבישול,אפייה והקפאה.",ריינולדס,,דיימונד רדיד אלומינו,מטרים,7.50,מטר,false,1,16.90,2.25,true,1,
7290012938580,false,"סנסודיין - משחת שיניים הלבנה עדינה 75 מ""ל",גלקסוסמית'\קליין קונסיומ,,סנסודיין משחת שיניים,Unknown,0.00,Unknown,false,1,22.90,22.90,true,1,
7290012938597,false,"משחת שיניים סנסודיין רפיד רליף 75 מ""ל","סמיתקליין ביצ'ם בע""מ",,משחת שיניים סנסודיין,Unknown,0.00,Unknown,false,1,28.50,28.50,true,1,
7290012938740,false,משחת שיניים סנסודיין פרש מינט מנטה 75 מל,גלקסו סמית קליין,,משחת שיניים סנסודיין,Unknown,0.00,Unknown,false,1,22.90,22.90,true,1,
7290012938924,false,אקוהפרש מי פה ללא אלכוהול 500 מל,מולינו ניקולי s.p.a,,אקווה פרש מי פה מנטה,מיליליטרים,500.00,"100 מ""ל",false,1,21.90,4.38,true,1,
7290012958014,false,ביצי דגים 113 גר זכוכית,,,ביצי דגים 113 גר זכו,גרמים,113.00,100 גרם,false,1,57.50,50.88,true,1,
7290012958045,false,ביצי דגים 200 גר פחית,,,ביצי דגים 200 גר פחי,גרמים,200.00,100 גרם,false,1,104.50,52.25,true,1,
7290012962400,false,כפפות איזי טאצ ניטריל ל.אבקה כחול 100S,,ID,כפפות איזי טאצ ניטרי,Unknown,0.00,Unknown,false,1,27.90,27.90,true,1,
7290012962417,false,כפפות איזי טאצ ניטריל ל.אבקה כחול 100M,,ID,כפפות איזי טאצ ניטרי,Unknown,0.00,Unknown,false,1,27.90,27.90,true,1,
7290012983153,false,סילאן טבעי בקבוק לחיץ תמר כנרת 400 גר,"טעמי הגליל בע""מ עבור",,סילאן טבעי בקבוק לחי,גרמים,400.00,100 גרם,false,1,17.90,4.48,true,1,
7290012983160,false,סילאן בקבוק לחיץ 400 גרם,"חצר כנרת מוצרי תמר אגש""ח",IL,סילאן בקבוק לחיץ תמר,גרמים,400.00,100 גרם,false,1,11.90,2.98,true,1,
7290012996450,false,מרכך כביסה מרוכז פרחי אביב הפי 1 ליטר,יעקובי הפי,,מרכך כביסה מרוכז פרח,מיליליטרים,1000.00,"100 מ""ל",false,1,14.90,1.49,true,1,
7290012996672,false,סבון אסלה + בושם ל24 שעות ביום הפי,יוליניבר,,סבון אסלה + בושם ל24,Unknown,0.00,Unknown,false,1,11.40,11.40,true,1,
7290013038432,false,מים אקווה נובה בקבוק יחיד,אקווה נובה Aqua Nova,IL,אקווה נובה 2 ל,ליטרים,0.00,ליטר,false,1,2.90,2.90,true,1,
7290013073235,false,מדבקות קבוצה 12 קידל,,,מדבקות קבוצה 12 קידל,Unknown,0.00,Unknown,false,1,12.90,12.90,true,1,
7290013073341,false,מדבקות קבוצה 9 קידלי,,CN,מדבקות קבוצה 9 קידלי,Unknown,0.00,Unknown,false,1,12.90,12.90,true,1,
7290013073495,false,סט לוח מחיק ילדים+טוש,,,סט לוח מחיק ילדים+טו,Unknown,0.00,Unknown,false,1,14.90,14.90,true,1,
7290013073518,false,מדבקות קבוצה 1 קידלי,,,מדבקות קבוצה 1 קידלי,Unknown,0.00,Unknown,false,1,10.90,10.90,true,1,
7290013073556,false,בצק בגביע אומגה,,,בצק בגביע אומגה,Unknown,0.00,Unknown,false,1,12.90,12.90,true,1,
7290013073686,false,דבק פלסטי קידליין,,,דבק פלסטי קידליין,Unknown,0.00,Unknown,false,1,4.90,4.90,true,1,
7290013073846,false,סט 4 מדגשים קידליין,,,סט 4 מדגשים קידליין,Unknown,0.00,Unknown,false,1,9.90,9.90,true,1,
7290013073891,false,מדבקות קבוצה 5 קידלי,,,מדבקות קבוצה 5 קידלי,Unknown,0.00,Unknown,false,1,11.90,11.90,true,1,
7290013073976,false,פלטת צבעים בינוני קי,,,פלטת צבעים בינוני קי,Unknown,0.00,Unknown,false,1,11.90,11.90,true,1,
7290013073990,false,סט פלסטלינה גדול קידלין,,,סט פלסטלינה גדול קיד,Unknown,0.00,Unknown,false,1,13.90,13.90,true,1,
7290013083661,false,"מטרנה אקסטרה קר שלב 1 חסכון 700 גרם תמ""ל",מטרנה תעשיות ש.מ,,מטרנה אקסטרה קר שלב,גרמים,700.00,100 גרם,false,1,59.90,8.56,true,1,
7290013083678,false,"מטרנה אקסטרה קר שלב 2 חסכון 700 גרם תמ""ל",מולינו ניקולי s.p.a,,מטרנה אקסטרה קר שלב,גרמים,700.00,100 גרם,false,1,59.90,8.56,true,1,
7290013083685,false,תחליף חלב מטרנה אקסטרה קר שלב 3 חסכון 700 גרם,מטרנה תעשיות ש.מ,,מטרנה אקסטרה קר שלב,גרמים,700.00,100 גרם,false,1,59.90,8.56,true,1,
7290013083999,false,חול יורוקיטי קריסטלי 3.8 ל',קינדאו,,קריסטל יורוקיטי 3.8,Unknown,0.00,Unknown,false,1,24.90,24.90,true,1,
7290013089809,false,פילה אמנון קפוא במשקל,,,פילה אמנון קפוא,Unknown,0.00,"ק""ג",true,0,37.00,37.00,true,1,
7290013117212,false,בורקס פילו במילוי גבינה מעדנות 600 גר,מיוצר עי קונדיטוריית,,בורקס פילו במילוי גב,גרמים,600.00,100 גרם,false,1,19.90,3.32,true,1,
7290013117229,false,"בורקס פילו במילוי תפו""א מעדנות 600 גר",מיוצר עי קונדיטוריית,,בורקס פילו במילוי תפ,גרמים,600.00,100 גרם,false,1,19.90,3.32,true,1,
7290013117243,false,בורקס פילו בולגרית מעדנות 600 גרם,מיוצר עי קונדיטוריית,,בורקס פילו בולגרית 6,גרמים,600.00,100 גרם,false,1,19.90,3.32,true,1,
7290013117410,false,בצק פריך מרודד למאפים מתוקים 900 ג' מעדנות,מיוצר עי קונדיטוריית,,בצק פריך מתוק 900 גר,גרמים,900.00,100 גרם,false,1,25.90,2.88,true,1,
7290013117427,false,בצק פריך מרודד למאפים מלוחים מעדנות 2*450 גרם,מיוצר עי קונדיטוריית,,בצק פריך מלוח 900 גר,גרמים,900.00,100 גרם,false,1,25.90,2.88,true,1,
7290013117526,false,בצק שמרים מרודד למאפים מתוקים מעדנות 900 גרם,"מעדנות בע""\מ",,בצק שמרים למאפים,גרמים,900.00,100 גרם,false,1,25.90,2.88,true,1,
7290013121134,false,בייגל ללא גלוטן 430 גר קפוא,אביב קונדיטוריה מעול,,בייגל ללא גלוטן,גרמים,430.00,100 גרם,false,1,20.80,4.84,true,1,
7290013121158,false,לחמניות סנדוויץ ללא גלוטן גרין לייט 4 * 115 גרם,אביב קונדיטוריה מעול,,רביעיית לחמניות סנדו,גרמים,460.00,100 גרם,false,1,17.90,3.89,true,1,
7290013121165,false,לחמניות נקניקיה ללא גלוטן גרין לייט 6 * 77 גרם,אביב קונדיטוריה מעול,,שישיית לחמניות ללא ג,גרמים,460.00,100 גרם,false,1,20.90,4.54,true,1,
7290013121769,false,רביעיית שליש באגט ללא תוספת סוכר וללא גלוטן,אביב קונדיטוריה מעול,,שליש בגט ללא סוכר,גרמים,400.00,100 גרם,false,1,19.90,4.98,true,1,
7290013142450,false,"כורכום C3 - מיצוי שורש כורכום 1000 מ""ג",אלטמן,,כורכום C3 ׁ(60) כשר,Unknown,0.00,Unknown,false,1,124.90,124.90,true,1,
7290013144171,false,מיימונס תערובת עוגת שוקולד 560 גרם.,א.ל ייצור ושיווק תבלינים,,תערובת עוגת שוקולד 5,גרמים,560.00,100 גרם,false,1,18.90,3.38,true,1,
7290013144188,false,מימונס תערובת להכנת בראוניז 600 גרם,א.ל ייצור ושיווק תבלינים,,תערובת בראוניס 600 ג,גרמים,600.00,100 גרם,false,1,18.90,3.15,true,1,
7290013144232,false,מיימונס פודינג בטעם וניל 80 גרם,א.ל ייצור ושיווק תבלינים,,פודינג וניל 85 גר,גרמים,85.00,100 גרם,false,1,6.20,7.29,true,1,
7290013144317,false,מימונס ג'וני גלילית וופל למילוי 18 יחידות,הגביע מוצרי וופלים ב,,גלילית וופל למילוי 1,Unknown,0.00,Unknown,false,1,23.90,23.90,true,1,
7290013144393,false,"תמצית בטעם וניל מימונס 50 מ""ל",א.ל ייצור ושיווק תבלינים,,"תמצית וניל 50 מ""ל",מיליליטרים,50.00,"100 מ""ל",false,1,4.80,9.60,true,1,
7290013144515,false,מיימונס צבע מאכל צהוב 50 גרם,א.ל ייצור ושיווק תבלינים,,"צבע מאכל צהוב 50 מ""ל",מיליליטרים,50.00,"100 מ""ל",false,1,4.90,9.80,true,1,
7290013144539,false,מימונס צבע מאכל אדום 50 גרם,א.ל ייצור ושיווק תבלינים,,"צבע מאכל אדום 50 מ""ל",מיליליטרים,50.00,"100 מ""ל",false,1,4.90,9.80,true,1,
7290013144560,false,מיימונס צבע מאכל כחול 50 גרם,א.ל ייצור ושיווק תבלינים,,"צבע מאכל כחול 50 מ""ל",מיליליטרים,50.00,"100 מ""ל",false,1,4.90,9.80,true,1,
7290013144614,false,"מיימונס סירופ מייפל אמיתי 100% מקנדה 236 מ""ל",הנסיך- מפעל לייצור ט,,סירופ מייפל אמיתי,מיליליטרים,236.00,"100 מ""ל",false,1,41.90,17.75,true,1,
7290013144751,false,סירופ בטעם מייפל מימונס 500 גרם,א.ל ייצור ושיווק תבלינים,,סירופ בטעם מייפל 500,גרמים,500.00,100 גרם,false,1,14.90,2.98,true,1,
7290013144768,false,סירופ בטעם שוקולד מימונס 500 גרם,א.ל ייצור ושיווק תבלינים,,סירופ בטעם שוקולד 50,גרמים,500.00,100 גרם,false,1,14.90,2.98,true,1,
7290013144812,false,אבקת אייס קפה וניל 320 גרם מימונס,מימונס אפייה,IL,אייס וניל מימונס 320,גרמים,320.00,100 גרם,false,1,17.90,5.59,true,1,
7290013144911,false,מימונס מיקס שוקולד צ'יפס מריר וחלב 250 גרם,אינטרגטה תעשיות מזון 19),IL,מיקס שוקולד ציפס מרי,גרמים,250.00,100 גרם,false,1,14.90,5.96,true,1,
7290013145017,false,אגוז מלך קלוף מיימונס 100 גרם,א.ל ייצור ושיווק תבלינים,,אגוז מלך קלוף 100 גר,גרמים,100.00,100 גרם,false,1,14.50,14.50,true,1,
7290013145031,false,אגוזי לוז מסוכרים מיימונס 100 גרם,א.ל ייצור ושיווק תבלינים,,אגוזי לוז מסוכרים 10,גרמים,100.00,100 גרם,false,1,15.90,15.90,true,1,
7290013145062,false,"סירופ מייפל אמיתי 100% מימונס 187 מ""ל",מימונס אפייה,,סירופ מייפל אמיתי 10,מיליליטרים,187.00,"100 מ""ל",false,1,31.50,16.84,true,1,
7290013145093,false,"שקד מולבן גרוס 100 גרם ""מיימונס",א.ל ייצור ושיווק תבלינים,,שקד מולבן גרוס 100 ג,גרמים,100.00,100 גרם,false,1,14.90,14.90,true,1,
7290013145116,false,מיימונס שקד מולבן מקלות 100 גרם.,א.ל ייצור ושיווק תבלינים,,שקד מולבן מקלות 100,גרמים,100.00,100 גרם,false,1,14.90,14.90,true,1,
7290013145123,false,מיימונס שקד מולבן פרוס 100 גרם,א.ל ייצור ושיווק תבלינים,,שקד מולבן פרוס 100 ג,גרמים,100.00,100 גרם,false,1,14.90,14.90,true,1,
7290013145178,false,קוקוס טחון לבן מיימונס 100 גרם,א.ל ייצור ושיווק תבלינים,,קוקוס טחון לבן 100 ג,גרמים,100.00,100 גרם,false,1,5.50,5.50,true,1,
7290013145192,false,שומשום מיימונס 100 גרם,א.ל ייצור ושיווק תבלינים,,שומשום 100 גר,גרמים,100.00,100 גרם,false,1,5.90,5.90,true,1,
7290013145215,false,שומשום מימונס 400 גרם,א.ל ייצור ושיווק תבלינים,,שומשום 400 גר,גרמים,400.00,100 גרם,false,1,16.90,4.23,true,1,
7290013145277,false,עלים לקרמשניט מימונס 300 גרם,מימונס אפייה,,עלים לקמשניט מימונס,גרמים,300.00,100 גרם,false,1,17.90,5.97,true,1,
7290013145406,false,שוקולד צ'יפס לבן מיימונס 250 גרם,אינטרגטה תעשיות מזון 19),,שוקולד ציפס לבן 250,גרמים,250.00,100 גרם,false,1,9.90,3.96,true,1,
7290013145451,false,אבקת קקאו מימונס 150 ג',מיוצר עי קונדיטוריית,,קקאו 150 גר,גרמים,150.00,100 גרם,false,1,10.40,6.93,true,1,
7290013145529,false,סוכריות צבעוניות לקישוט מיימונס 90 גרם,א.ל ייצור ושיווק תבלינים,,סוכריות צבעוניות לקי,גרמים,90.00,100 גרם,false,1,6.40,7.11,true,1,
7290013145536,false,סוכריות לקישוט בטעם שוקולד מיימונס 85 גרם,א.ל ייצור ושיווק תבלינים,,סוכריות בטעם שוקולד,גרמים,85.00,100 גרם,false,1,6.40,7.53,true,1,
7290013145567,false,מיימונס מיני מיני עדשים 90 גרם.,א.ל ייצור ושיווק תבלינים,,מיני מיני עדשים 90 ג,גרמים,90.00,100 גרם,false,1,12.60,14.00,true,1,
7290013145796,false,"רביעיית צבעי מאכל גל 4*25 מ""ל",מימונס אפייה,IL,רביעיית צבעי מאכל גל,מיליליטרים,100.00,"100 מ""ל",false,1,49.90,49.90,true,1,
7290013145840,false,סוכר וניל מיימונס 10 יחידות,א.ל ייצור ושיווק תבלינים,,סוכר וניל 10 יח בצלו,Unknown,0.00,Unknown,false,1,2.70,2.70,true,1,
7290013145857,false,אבקת אפיה מיימונס 10 יחידות,מימונס אפייה,,אבקת אפיה 10 יח בצלו,Unknown,0.00,Unknown,false,1,2.70,2.70,true,1,
7290013145864,false,אבקת ג'לטין טהור מיימונס 28 גרם,א.ל ייצור ושיווק תבלינים,,גלטין טהור אבקה 28 ג,גרמים,28.00,100 גרם,false,1,11.90,42.50,true,1,
7290013145871,false,שמרים יבשים סטיק מימונס 5*11 ג',מימונס אפייה,,שמרים יבשים 11 גר*5,גרמים,55.00,100 גרם,false,1,10.30,18.73,true,1,
7290013145956,false,שמרים יבשים בוואקום מיימונס 500 גרם,הנסיך- מפעל לייצור ט,,שמרים יבשים בואקום 5,גרמים,500.00,100 גרם,false,1,14.90,2.98,true,1,
7290013145963,false,שמרים יבשים בוואקום מיימונס 125 גרם,מימונס אפייה,,שמרים יבשים בואקום 1,גרמים,125.00,100 גרם,false,1,6.20,4.96,true,1,
7290013146014,false,מלית אוכמניות 70% פרי מיימונס 400 גרם,אינטרגטה,,מימונס מלית אוכמניות,גרמים,400.00,100 גרם,false,1,16.90,4.23,true,1,
7290013146083,false,מיימונס מלית חלבה 400 גרם,אינטרגטה תעשיות מזון 19),,מלית חלבה 400 גר,גרמים,400.00,100 גרם,false,1,16.90,4.23,true,1,
7290013146199,false,מלית קרם נוגט 350 גרם מימונס,אינטרגטה תעשיות מזון 19),,מלית קרם נוגט 350 גר,גרמים,350.00,100 גרם,false,1,16.90,4.83,true,1,
7290013146274,false,מארז תחתיות מרנג 8 יחידות 100 גרם,סטולורגן - פארק תעשיה בל,,מארז תחתיות מרנג 8 י,גרמים,100.00,100 גרם,false,1,19.90,19.90,true,1,
7290013146304,false,קורנפלור 500 גרם מימונס.,א.ל ייצור ושיווק תבלינים,,קורנפלור 500 גרם,גרמים,500.00,100 גרם,false,1,5.90,1.18,true,1,
7290013146656,false,כוכבים תכלת ירוק לבן לקישוט 60 גרם,"מימונס אפיה בע""מ",,כוכבים תכלת ירוק לבן,גרמים,60.00,100 גרם,false,1,11.90,19.83,true,1,
7290013146663,false,אטריות צבעוניות לקישוט מימונס 55 גרם,"מימונס אפיה בע""מ",,אטריות צבעוניות לקיש,גרמים,55.00,100 גרם,false,1,11.90,21.64,true,1,
7290013146670,false,סוכריות לב סגול ורוד לבן לקישוט 60 גרם,"מימונס אפיה בע""מ",,סוכריות לב סגול ורוד,גרמים,60.00,100 גרם,false,1,11.90,19.83,true,1,
7290013146724,false,אבקת אייס קפה 350 גרם מימונס,מימונס אפייה,,אייס קפה מימונס 350,גרמים,350.00,100 גרם,false,1,17.90,5.11,true,1,
7290013153593,false,תפוזים מתקתק 100% פריגת 1 ליטר,"גת גבעת חיים,",,מיץ תפוזים מתקתק 1 ל,מיליליטרים,1000.00,"100 מ""ל",false,1,16.90,1.69,true,1,
7290013181015,false,"צלחות עגולות עלי דקל קוטר 25 ס""מ",תבניכל,,צלחות עגולות גדולות,Unknown,0.00,Unknown,false,1,16.90,16.90,true,1,
7290013181022,false,"צלחות עגולות עלי דקל קוטר 20 ס""מ",תבניכל,,צלחות עגולות בינוניו,Unknown,0.00,Unknown,false,1,14.90,14.90,true,1,
7290013181077,false,צלחת מלבנית גדולה 10 יח,,,צלחת מלבנית גדולה 10,Unknown,0.00,Unknown,false,1,18.50,18.50,true,1,
7290013181206,false,"צלחות מרובעות עלי דקל 25*25 ס""מ",תבניכל,,צלחת מרובעת גדולה 10,Unknown,0.00,Unknown,false,1,17.90,17.90,true,1,
7290013181268,false,סכינים מעץ מתכלה - מארז 25 יח',תבניכל,,סכינים מעץ 10 יח,Unknown,0.00,Unknown,false,1,9.50,9.50,true,1,
7290013181367,false,צלחת חד פעמית מלבנית אקולוגי מתכלה 10 יח,,,צלחת חד פעמית מלבנית,Unknown,0.00,Unknown,false,1,17.50,17.50,true,1,
7290013181374,false,גביע חד פעמי אקולוגי מתכלה עשוי מעלה דקל,תבניכל,,גביע חד פעמי אקולוגי,Unknown,0.00,Unknown,false,1,16.30,16.30,true,1,
7290013187154,false,מזרע קרפלך טלה מתכון סבתא 600 גר,,,קרפלך כבש מתכון סבתא,גרמים,600.00,100 גרם,false,1,30.50,5.08,true,1,
7290013187215,false,מנות פילה סלמון נורבגי 800 גר,,NO,פילה סלמון נורבגי,גרמים,800.00,100 גרם,false,1,86.90,10.86,true,1,
7290013187765,false,ברוקולי טבעפרוסט 800 גר,,,ברוקולי טבעפרוסט 800,גרמים,800.00,100 גרם,false,1,18.90,2.36,true,1,
7290013187772,false,אפונה ירוקה עדינה טבעפרוסט 800 גר,,,אפונה ירוקה עדינה טב,גרמים,800.00,100 גרם,false,1,18.90,2.36,true,1,
7290013187789,false,אפונה ירוקה טבעפרוסט 800 גר,,,אפונה ירוקה טבעפרוסט,גרמים,800.00,100 גרם,false,1,15.60,1.95,true,1,
7290013187796,false,שעועית ירוקה שלמה טבעפרוסט 800 גר,,,שעועית ירוקה שלמה טב,גרמים,800.00,100 גרם,false,1,15.90,1.99,true,1,
7290013187802,false,שעועית ירוקה עדינה טבעפרוסט 800 גר,,,שעועית ירוקה עדינה ט,גרמים,800.00,100 גרם,false,1,15.90,1.99,true,1,
7290013187819,false,שעועית ירוקה חתוכה טבעפרוסט 800 גר,,,שעועית ירוקה חתוכה ט,גרמים,800.00,100 גרם,false,1,15.90,1.99,true,1,
7290013187826,false,כרוב ניצנים טבעפרוסט 800 גר,,,כרוב ניצנים טבעפרוסט,גרמים,800.00,100 גרם,false,1,15.90,1.99,true,1,
7290013187833,false,כרובית טבעפרוסט 800 גר,,,כרובית טבעפרוסט 800,גרמים,800.00,100 גרם,false,1,15.90,1.99,true,1,
7290013187840,false,גזר גמדי טבעפרוסט 800 גר,,,גזר גמדי טבעפרוסט 80,גרמים,800.00,100 גרם,false,1,15.90,1.99,true,1,
7290013187857,false,טבעפרוסט תרד 800 גרם,,,תרד טבעפרוסט 800 גר,גרמים,800.00,100 גרם,false,1,15.90,1.99,true,1,
7290013215017,false,פטריות זוגות חוות השמפניון,אראל תוצרת חקלאית בע,,פיטריות דואט,Unknown,0.00,Unknown,false,1,19.90,19.90,true,1,
7290013215024,false,מגה פורטובלה -רביעייה,חוות שמפניון,,מגה פורטבלה,Unknown,0.00,Unknown,false,1,18.90,18.90,true,1,
7290013267665,false,סולרו מיני קלאסי - פירות טרופיים (חלבי),"מיוצר ע""\י גלידת שטראוס",,מאגדת סולרו פירות,גרמים,354.00,100 גרם,false,1,28.50,8.05,true,1,
7290013268020,false,מקסימה מרכך כביסה מרוכז בניחוח אולטרא פרש סנו 1 ליטר,"סנו מפעלי ברונוס בע""\מ",,מרכך כביסה מקסימה סו,מיליליטרים,1000.00,"100 מ""ל",false,1,17.90,1.79,true,1,
7290013268037,false,מקסימה מרכך כביסה מרוכז בניחוח לבנדר פצ'ולי סנו 1 ליטר,"סנו מפעלי ברונוס בע""\מ",,מרכך כביסה מקסימה סו,מיליליטרים,1000.00,"100 מ""ל",false,1,17.90,1.79,true,1,
7290013268242,false,תרכיז ריחני לניקוי רצפות בריח מלון מפנק ריצפז פרש,"סנו מפעלו ברונוס בע""\מ",IL,נוזל רצפות ריצפז פרש,ליטרים,0.00,ליטר,false,1,19.90,19.90,true,1,
7290013268297,false,אורביטול מברשות שיניים לגילאי 0-2,,IL,מברשת שיניים אורביטו,Unknown,0.00,Unknown,false,1,12.90,12.90,true,1,
7290013268563,false,"קרמה - דאודורנט ספריי לגבר ללא אלומיניום כחול קול 200 מ""ל","אמיליה קוסמטיקס בע""מ",,קרמה מן דאודורנט ספר,Unknown,0.00,Unknown,false,1,16.90,16.90,true,1,
7290013268839,false,פוליויקס פרקט-תרכיז ריחני לניקוי רצפות עץ,"סנו מפעלי ברונוס בע""\מ",,פוליווקס פרקט,ליטרים,0.00,ליטר,false,1,23.90,23.90,true,1,
7290013268884,false,"נוזל רצפות מאסק 2 ליטר ""ריצפז פרש""",מיוצר עי קונדיטוריית,,סנו ריצפז פרש 2 ליטר,ליטרים,0.00,ליטר,false,1,20.90,20.90,true,1,
7290013268891,false,אוקסיג'ן ג'ל ללא אקונומיקה עם חמצן פעיל סנו 3 ליטר,"סנו מפעלי ברונוס בע""\מ",,סנו אוקסיגן גל מסיר,ליטרים,0.00,ליטר,false,1,33.90,33.90,true,1,
7290013268938,false,סנובון סבון לאסלה בניחוח מאסק סנו 3*65 גרם,סנו סנובון,,סנובון שלישייה גל סו,Unknown,0.00,Unknown,false,1,13.50,13.50,true,1,
7290013268983,false,מרכך כביסה סופר מרוכז בבישום עוצמתי סנו מקסימה 1 ל',"סנו מפעלי ברונוס בע""\מ",,מרכך מרוכז 1 ליטר עו,ליטרים,0.00,ליטר,false,1,17.90,17.90,true,1,
7290013268990,false,מרכך כביסה מרוכז לבן ביו סנו מקסימה 1 ליטר,"סנו מפעלי ברונוס בע""\מ",,מרכך כביסה מקסימה בי,מיליליטרים,1000.00,"100 מ""ל",false,1,17.90,1.79,true,1,
7290013269003,false,מרכך כביסה סופר מרוכז בייבי לתינוקות ולעור רגיש,"סנו מפעלי ברונוס בע""\מ",,מרכך כביסה מקסימה,מיליליטרים,1000.00,"100 מ""ל",false,1,17.90,1.79,true,1,
7290013269157,false,"מרכך מבשם למייבש כביסה לבנדר סנו מקסימה 750 מ""ל",סנו מקסימה,,סנו מקסימה למייבש 75,מיליליטרים,750.00,"100 מ""ל",false,1,18.90,2.52,true,1,
7290013269287,false,סנו - מקסימה ג'ל כביסה מרוכז מאסק 3 ליטר,"סנו מפעלי ברונוס בע""\מ",,סנו מקסימה גל לכביסה,ליטרים,0.00,ליטר,false,1,29.60,29.60,true,1,
7290013269300,false,ניילון נצמד פלוס סנו סושי 150 מטר,"מיוצר בהונג קונג, סי",,סנו סושי ניילון נצמד,Unknown,0.00,Unknown,false,1,27.90,27.90,true,1,
7290013269348,false,K3 תחנת פיתיון קוטל תיקנים (ג'וקים) בבית ובחצר,טרופיקל דגיל תעשיות,IL,פתיון K3 קוטל תיקנים,גרמים,10.00,100 גרם,false,1,49.90,499.00,true,1,
7290013269621,false,ריצפז פרש לניקוי רצפות בניחוח מלון בוטיק,מיוצר עי קונדיטוריית,IL,נוזל רצפות ריצפז פרש,ליטרים,0.00,ליטר,false,1,19.90,19.90,true,1,
7290013269638,false,ספוג הפלא אקסטרה Extra- מארז 6 יח',החברה הדרומית,,ספוג הפלא אקסטרה סנו,Unknown,0.00,Unknown,false,1,12.90,12.90,true,1,
7290013269669,false,ריצפז בניחוח פנטזיה לניקוי הרצפה,"סנו מפעלי ברונוס בע""",,ריצפז פנטזיה 3 ליטר,ליטרים,0.00,ליטר,false,1,14.90,14.90,true,1,
7290013269690,false,סנובון ג'ל לניקוי האסלה בניחוח לימון,Nicolas polandמשווק,,סנובון גל לאסלה בניח,Unknown,0.00,Unknown,false,1,8.90,8.90,true,1,
7290013269751,false,מטליות לחותריצפז פרש לניקוי ריצפה בניחות מלון בוטיק 10 יח' סנו,טרופיקל דגיל תעשיות,IL,מט.לחות לרצפה סנו רי,Unknown,0.00,Unknown,false,1,10.90,10.90,true,1,
7290013269850,false,נייר אפיה אקולוגי סנו סושי 50 יחידות,מולינו ניקולי s.p.a,,סנו סושי נייר אפיה א,Unknown,0.00,Unknown,false,1,15.90,15.90,true,1,
7290013269867,false,סנו סושי זוג מפות אירוח צבעים שונים,מיוצר עי קונדיטוריית,,סנו סושי זוג מפות שו,Unknown,0.00,Unknown,false,1,10.90,10.90,true,1,
7290013329653,false,"סוכר קנים אורגני 1 ק""ג כרם",אוסינה סן פרנסיסקו,,סוכר קנים אורגני 1 ק,גרמים,1000.00,100 גרם,false,1,9.90,0.99,true,1,
7290013358356,false,מאסטר שף פירורי לחם מוזהבים 320 גרם,מנה י.א בעמ,,מאסטר שף פירורי לחם,גרמים,320.00,100 גרם,false,1,7.80,2.44,true,1,
7290013358363,false,מאסטר שף פרורי לחם פנקו עבים בסגנון יפני 300 גר,קריניציה ויטמינה אס,,פירורי לחם פנקו 300,גרמים,300.00,100 גרם,false,1,9.80,3.27,true,1,
7290013358370,false,פנקו פירורי לחם מאסטר שף בטעם שום 300 גרם,"מיוצר ע""י מנה י.א בע",,פירורי לחם פנקו מוזה,גרמים,300.00,100 גרם,false,1,9.80,3.27,true,1,
7290013358417,false,מאסטר שף אסייאתי רוטב טריאקי 300 מל כשלפ,קריניציה ויטמינה אס,,מנה אסייאתי רוטב טרי,מיליליטרים,300.00,"100 מ""ל",false,1,12.90,4.30,true,1,
7290013358448,false,"קרוטונים לסלט אקסטרה ארוכים בתיבול שום, בצל ופטרוזיליה",עינת תעשיות מזון אגו,,מנה קרוטונים לסלט 4,גרמים,200.00,100 גרם,false,1,15.60,7.80,true,1,
7290013358462,false,"מיני קרוטונים למרק בתיבול שום, בצל ופטרוזיליה","עינת תעשיות מזון, אגשח ב",,מנה קרוטונים למרק שו,גרמים,350.00,100 גרם,false,1,15.90,4.54,true,1,
7290013358486,false,מאסטר שף פירורים מוזהבים ללא צורך בביצה 300 ג,"מיוצר ע""י מנה י.א בע",,מאסטר שף פירורי לחם,גרמים,300.00,100 גרם,false,1,10.40,3.47,true,1,
7290013358530,false,מאסטר שף אסייאתי רוטב צ'ילי מתוק 700 מל כשלפ,קריניציה ויטמינה אס,,רוטב צילי מתוק מנה א,מיליליטרים,700.00,"100 מ""ל",false,1,11.90,1.70,true,1,
7290013358547,false,מאסטר שף אסייאתי רוטב צ'ילי חריף 700 מל כשלפ,קי.אר.אס. ספייסי פוד,,רוטב צילי חריף 700,מיליליטרים,700.00,"100 מ""ל",false,1,11.90,1.70,true,1,
7290013366108,false,אספרגוס ירוק כרמלים,כרמלים שדות חדשים,,אספרגוס,Unknown,0.00,Unknown,false,1,29.90,29.90,true,1,
7290013366658,false,חסה סלנובה עלים חתוך,מרינה פטריות הגליל,,חסה סנלובה 200 גר,גרמים,200.00,100 גרם,false,1,14.90,7.45,true,1,
7290013389138,false,"ניוקי 500 ג' ""לה פסטה"" שלושה צבעים 500 גר' 12X",לה פסטה La' Pasta,,ניוקי שלושה צבעים 50,גרמים,500.00,100 גרם,false,1,12.20,2.44,true,1,
7290013389374,false,קמח תירס פולנטה תומר 500ג',פיקטה piccata,,קמח תירס דק פולנטה 5,גרמים,500.00,100 גרם,false,1,7.20,1.44,true,1,
7290013389381,false,"קמח תירס פולנטה מולינו 1 ק""ג",מולינו פילה,,"קמח תירס פולנטה 1 ק""",גרמים,1000.00,100 גרם,false,1,12.90,1.29,true,1,
7290013389398,false,"קמח תירס דק 1 ק""ג פולנטה",פיקטה piccata,,"קמח תירס דק 1 ק""ג",גרמים,1000.00,100 גרם,false,1,12.40,1.24,true,1,
7290013389909,false,פילה סרדין חריף 125 גרם,,,פילה סרדין חריף 125,גרמים,125.00,100 גרם,false,1,10.70,8.56,true,1,
7290013430083,false,"בירה אלכסנדר בלונד בקבוק 330 מ""ל",מנדלז סי.אר. פרודקשן,,בירה אלכסנדר בלונד 3,מיליליטרים,330.00,"100 מ""ל",false,1,13.90,4.21,true,1,
7290013430090,false,בירה אלכסנדר אמברה AMBREE בירה ישראלית,מנדלז סי.אר. פרודקשן,,בירה אלכסנדר אמברה 3,מיליליטרים,330.00,"100 מ""ל",false,1,13.90,4.21,true,1,
7290013430250,false,"בירה אלקסנדר חיטה ישראלית כרמל 330 מ""ל",אלכסנדר- בירה ישראלית מע,,בירה אלכסנדר חיטה יש,מיליליטרים,330.00,"100 מ""ל",false,1,13.90,4.21,true,1,
7290013430403,false,"בירה אלכסנדר בלייזר 330 מ""ל","אביר הבר בע""מ",,בירה אלכסנדר בלייז 3,מיליליטרים,330.00,"100 מ""ל",false,1,13.90,4.21,true,1,
7290013433244,false,גרנולה עשירה בחלבון 300 ג,אפקטבעי,IL,גרנולה עשירה בחלבון,גרמים,300.00,100 גרם,false,1,18.90,6.30,true,1,
7290013433367,false,"קרם קוקוס 20-22% אורגני 330 מ""ל",BETRIMEX,VN,קרם קוקוס 20-22% אור,מיליליטרים,330.00,"100 מ""ל",false,1,12.90,3.91,true,1,
7290013433503,false,סוכר תמרים אורגני 500 גרם,,,סוכר תמרים אורגני 50,גרמים,500.00,100 גרם,false,1,23.90,4.78,true,1,
7290013442062,false,יוגורט עדין קטיפתי 6,מוטק'ה החולב,,יוגורט 600 גר,גרמים,600.00,100 גרם,false,1,19.90,3.32,true,1,
7290013442338,false,גבינת כבשה חרדלית 150 גר,מוטק'ה החולב,,גבינת כבשה חרדלית 15,גרמים,150.00,100 גרם,false,1,26.90,17.93,true,1,
7290013451927,false,פריכיות כוסמת ללא מלח 175 גרם,זן - בר,IL,פריכיות כוסמת טבעי 1,גרמים,175.00,100 גרם,false,1,11.40,6.51,true,1,
7290013464248,false,"סופהרב - מגנזיום ציטראט+ויטמין B6 בד""ץ 60 טבליות",אמברוזיה,,מגנזיום ציטראט+ B6 ב,Unknown,0.00,Unknown,false,1,49.90,49.90,true,1,
7290013464491,false,D1000 פלוס,,,D1000 פלוס,Unknown,0.00,Unknown,false,1,63.90,63.90,true,1,
7290013464644,false,"סופהרב - ויטמין C לא חומצי 500 מ""ג בד""ץ 90 טבליות",LTD .AMBROZIA,,ויטמין סי 500 מ`ג לא,Unknown,0.00,Unknown,false,1,69.90,69.90,true,1,
7290013465481,false,אנזימי עיכול 60 כמוסות,LTD .AMBROZIA,,אנזימי עיכול 60 כמוס,Unknown,0.00,Unknown,false,1,74.90,74.90,true,1,
7290013465702,false,פיטו באלאנס 60 כמוסות,סופהרב,,פיטו באלאנס 60 כמוסו,Unknown,0.00,Unknown,false,1,141.90,141.90,true,1,
7290013472199,false,ערמונים קלופים וקלויים 105 גרם,בייג'גג פוינונג,,ערמונים קלופים וקלוי,גרמים,105.00,100 גרם,false,1,7.20,6.86,true,1,
7290013472892,false,בולגריה קוביות במי מלח - מרכיבי חלב ושומן צמחי,"קוליוס אס.איי, גריק",,בולגריה בקוביות 200,גרמים,200.00,100 גרם,false,1,11.40,5.70,true,1,
7290013492005,false,תפוח אדמה אדום למיקרו 600 ג',שרווין ווליאמס,,תפוחוני אדמה למיקרו,גרמים,700.00,100 גרם,false,1,7.90,1.13,true,1,
7290013493019,false,"בירה בזלת פילזנר 330 מ""ל",מברשת הגולן א.ח.ר 20,,בירה בזלת פילזנר 330,מיליליטרים,330.00,"100 מ""ל",false,1,12.90,3.91,true,1,
7290013493040,false,בירה בזלת דאבל בוק 750 מל,יושלם,,בירה בזלת דאבל בוק 7,מיליליטרים,750.00,"100 מ""ל",false,1,29.90,3.99,true,1,
7290013493057,false,"בירה בזלת דאבל בוק 330 מ""ל",מברשת הגולן א.ח.ר 20,,בירה בזלת דאבל בוק 3,מיליליטרים,330.00,"100 מ""ל",false,1,16.90,5.12,true,1,
7290013521408,false,אבקת מרק ירקות אורגני השדה מוצרים אורגנים 200 גרם,השדה מוצרים אורגניים,,אבקת מרק ירקות אורגנ,גרמים,200.00,100 גרם,false,1,27.50,13.75,true,1,
7290013531117,false,רוטב פסטה לילדים 240 גרם יכין,"זנלכל בע""\מ",,רוטב לפסטה קידס 260,מיליליטרים,260.00,"100 מ""ל",false,1,6.50,2.50,true,1,
7290013531377,false,תורמוס A2 יכין בית יוסף,היינץ צפון אמריקה מק,,תורמוס יכין 560 גרם,גרמים,560.00,100 גרם,false,1,9.90,1.77,true,1,
7290013531582,false,מארז זיתים ירוקים מגולענים יכין 200 גרם,פרופר,,שלישיית זיתים חרוזית,גרמים,600.00,100 גרם,false,1,15.90,2.65,true,1,
7290013531759,false,שעועית אפויה במים יכין 330 גרם,"זנלכל בע""\מ",,שעועית לבנה במים 550,גרמים,550.00,100 גרם,false,1,9.90,1.80,true,1,
7290013539892,false,אל סבון נוזלי משאבה תה ירוק סטייל 1 ל',סטייל Style,,אל סבון נוזלי משאבה,מיליליטרים,1000.00,"100 מ""ל",false,1,14.50,1.45,true,1,
7290013539915,false,אל סבון נוזלי משאבה תה לבן סטייל 1 ל,סטייל Style,,אל סבון נוזלי משאבה,מיליליטרים,1000.00,"100 מ""ל",false,1,14.50,1.45,true,1,
7290013542144,false,כוסות קרטון 4OZ אר50 יח',,CN,כוס נייר 4OZ לאספרס,Unknown,1.00,Unknown,false,1,6.50,6.50,true,1,
7290013542236,false,כוסות חד פעמי .א'ר 100 יח',,TR,כוס שתיה קרה 100 יח,Unknown,0.00,Unknown,false,1,10.40,10.40,true,1,
7290013542335,false,רדיד אלומיניום מארז,,CN,רדיד אלומיניום זוג 4,Unknown,1.00,Unknown,false,1,9.50,9.50,true,1,
7290013542533,false,כוס נייר גדולה לשתיה,,CN,כוס נייר גדולה לשתיה,Unknown,1.00,Unknown,false,1,23.90,23.90,true,1,
7290013542540,false,תבניות אלומיניום 799 א'ר 5 דנטס,,CN,תבניות אלומיניום 799,Unknown,1.00,Unknown,false,1,10.00,10.00,true,1,
7290013542557,false,תבניות אלומיניום 702,,CN,תבניות אלומיניום 702,Unknown,1.00,Unknown,false,1,10.00,10.00,true,1,
7290013542564,false,תבניות אלומיניום 729,,CN,תבניות אלומיניום 729,Unknown,1.00,Unknown,false,1,9.50,9.50,true,1,
7290013542571,false,תבניות אלומיניום 764,,CN,תבניות אלומיניום 764,Unknown,1.00,Unknown,false,1,9.50,9.50,true,1,
7290013542588,false,תבניות אלומיניום 731,,CN,תבניות אלומיניום 731,Unknown,1.00,Unknown,false,1,10.00,10.00,true,1,
7290013542663,false,קערה עגולה גדולה 12,,CN,קערה עגולה גדולה 12,Unknown,1.00,Unknown,false,1,14.50,14.50,true,1,
7290013579232,false,אוכמניות כחולות קפואות 250 גרם - Shake It,"הבו-קדו בע""\מn\",IL,אוכמניות כחולות Shak,גרמים,250.00,100 גרם,false,1,10.90,4.36,true,1,
7290013579492,false,"פיטאיה קפואה 250 גרם - Shake It - בד""ץ עדה חרדית","הבו-קדו בע""\מn\",IL,פיטאיה קפואה Shake I,גרמים,250.00,100 גרם,false,1,10.90,4.36,true,1,
7290013579508,false,"קוקוס קפוא 250 גרם - Shake It - בד""ץ עדה חרדית","הבו-קדו בע""\מn\",IL,קוקוס קפוא Shake It,גרמים,250.00,100 גרם,false,1,10.90,4.36,true,1,
7290013579522,false,פילה טונה ללא עור פרוס 800 ג',בלאדי,,פילה טונה ללא עור,גרמים,800.00,100 גרם,false,1,46.90,5.86,true,1,
7290013580009,false,המבורגר זהב 400 גרם הקצביה בלדי,בלדי,,המבורגר זהב 400 גרם,גרמים,400.00,100 גרם,false,1,20.90,5.23,true,1,
7290013581648,false,אל מטאדור מינוט סטייק 250 גרם בלדי,בלדי,IL,מינוט סטייק 250 גרם,Unknown,0.00,Unknown,false,1,24.90,24.90,true,1,
7290013585394,false,קוקה קולה 1ליטר בודד,החברה המרכזית לייצור משקאות,,קוקה קולה 1 ליטר,מיליליטרים,1000.00,"100 מ""ל",false,1,7.20,0.72,true,1,
7290013608260,false,מיץ רימונים 100%מיץ סחוט טרי מצונן 1ליט,"גניר (1992) בע""מ",,מיץ רימונים 100% סחו,מיליליטרים,1000.00,"100 מ""ל",false,1,24.10,2.41,true,1,
7290013608864,false,משקה פירות הדר בתוספת ויטימן C פרימור 1 ליטר,"גניר (1992) בע""מ",,משקה פירות הדר בתוספ,מיליליטרים,1000.00,"100 מ""ל",false,1,15.80,1.58,true,1,
7290013645272,false,עוגיות נשיקות ללא גל,מוצרי הכט,,עוגיות נשיקות ללא גל,גרמים,75.00,100 גרם,false,1,20.50,27.33,true,1,
7290013645500,false,מקלות מלוחים ללא גלו,מוצרי הכט,,מקלות מלוחים 230 גרם,מיליליטרים,230.00,"100 מ""ל",false,1,27.30,11.87,true,1,
7290013652164,false,"ד""ר פישר - נטורל קר מגבונים להסרת איפור לעור רגיש 30 יח' * 3",פישר מעבדות פרמצבטיות בע,,מגבונים להסרת איפור,Unknown,0.00,Unknown,false,1,25.60,25.60,true,1,
7290013652843,false,נטורל קר שמפו לשיער רגיל- ורדים וחלב רימונים,פישר מעבדות פרמצבטיות,,שמפו לשיער רגיל ורדי,מיליליטרים,700.00,"100 מ""ל",false,1,17.90,2.56,true,1,
7290013652850,false,שמפו נטורל קר לשיער יבש ופגום חינה ושמן ארגאן,"ד""ר פישר Dr fischer",,שמפו לשיער יבש/פגום,מיליליטרים,700.00,"100 מ""ל",false,1,17.90,2.56,true,1,
7290013652881,false,מרכך נטורל קר לשיער יבש ופגום חינה ושמן ארגאן,"ד""ר פישר Dr fischer",,מרכך לשיער יבש/פגום,מיליליטרים,700.00,"100 מ""ל",false,1,17.90,2.56,true,1,
7290013675545,false,"שניצל כלי תחבורה ""מאמא עוף"" 700 גרם",תנובה גליל שותפות מוגבלת,,שניצל כלי תחבורה 700,גרמים,700.00,100 גרם,false,1,36.90,5.27,true,1,
7290013710970,false,"שמן לפלוב 750 מ""ל",DERONI,IL,"שמן לפלוב 750 מ""ל",מיליליטרים,750.00,"100 מ""ל",false,1,34.90,4.65,true,1,
7290013713018,false,"בירה JEM'S דארק לאגר בקבוק 330 מ""ל",,,בירה גמס לאגר כהה 33,מיליליטרים,330.00,"100 מ""ל",false,1,12.90,3.91,true,1,
7290013713049,false,"בירה גמס 8.8 איל בלגי מחוזקת 330 מ""ל","אביר הבר בע""מ",,בירה גמס 8.8 איל בלג,מיליליטרים,330.00,"100 מ""ל",false,1,12.90,3.91,true,1,
7290013713094,false,"בירה ג'יימס בלייזר בראון 330 מ""ל",יקבי כרמל,,בירה I.P.A גמס 330,מיליליטרים,330.00,"100 מ""ל",false,1,12.90,3.91,true,1,
7290013713124,false,"בירה גמס קראפט אייל בהיר 330 מ""ל","אביר הבר בע""מ",,בירה גמס קראפט אייל,מיליליטרים,330.00,"100 מ""ל",false,1,12.90,3.91,true,1,
7290013720313,false,סורימי שרימפס 200 גר,,,סורימי שרימפס 200 גר,גרמים,200.00,100 גרם,false,1,9.40,4.70,true,1,
7290013720498,false,פיין שרימפס מבושל 750 גר M,,,פיין שרימפס מבושל,גרמים,750.00,100 גרם,false,1,66.90,8.92,true,1,
7290013720818,false,"קלמרי שקיות 1ק""ג 40/",,,קלמרי 1 קג קפוא,קילוגרמים,0.00,"ק""ג",false,1,89.90,89.90,true,1,
7290013720924,false,ממרח פטה אווז 140 גר,,,ממרח פטה אווז 140 גר,גרמים,140.00,100 גרם,false,1,14.90,10.64,true,1,
7290013724939,false,משוקלדים חמוציות מריר 140 גר' קופסא,"דין שיווק וקלייה בע""",,חמוציות בשוקולד מריר,גרמים,140.00,100 גרם,false,1,11.90,8.50,true,1,
7290013724946,false,שקדים בשוקולד מריר 140 גר שקדיה,"דין שיווק וקלייה בע""",,שקדים בשוקולד מריר 1,גרמים,140.00,100 גרם,false,1,11.90,8.50,true,1,
7290013724953,false,חמוציות בציפוי שוקולד בקופסא שקדיה 140 גרם,"דין שיווק וקלייה בע""",,חמוציות בשוקולד חלב,גרמים,140.00,100 גרם,false,1,11.90,8.50,true,1,
7290013724977,false,צימוקים בשוקולד מריר 140 גר שקדיה,"דין שיווק וקליה בע""מ",,צימוקים בשוקולד מריר,גרמים,140.00,100 גרם,false,1,11.90,8.50,true,1,
7290013724991,false,אגוזי לוז בציפוי שוקולד בקופסא שקדיה 140 גרם,"דין שיווק וקלייה בע""",,אגוזי לוז בשוקולד חל,גרמים,140.00,100 גרם,false,1,11.90,8.50,true,1,
7290013725820,false,אגוזי לוז בשוקולד מריר 140 גר שקדיה,"דין שיווק וקליה בע""מ",,אגוזי לוז בשוקולד מר,גרמים,140.00,100 גרם,false,1,11.90,8.50,true,1,
7290013740205,false,"גלילות תמרים אגוזים קמח מלא לל""ס 350 גר",,IL,גלילות תמרים אגוזים,גרמים,350.00,100 גרם,false,1,27.90,7.97,true,1,
7290013746542,false,רולדת כוסמין בממרח אגוזי לוז ל.סוכר 300,"דגן מיני מזונות בע""\מ",,רולדת כוסמין בממרח א,גרמים,300.00,100 גרם,false,1,32.90,10.97,true,1,
7290013746580,false,שבלולי תמרים מקמח מל,,,שבלולי תמרים מקמח מל,גרמים,300.00,100 גרם,false,1,33.90,11.30,true,1,
7290013746672,false,עוגיות אגוזים מכוסמין250,"דגן מיני מזונות בע""\מ",,כוסמין אגוזים וקוקוס,גרמים,250.00,100 גרם,false,1,31.50,12.60,true,1,
7290013746788,false,מקלוני כוסמין עם עגבניה ואורגנו 200 גרם,"דגן מיני מזונות בע""\מ",,מקלוני כוסמין עם עגב,גרמים,200.00,100 גרם,false,1,22.90,11.45,true,1,
7290013746795,false,מקלוני כוסמין עם קצח וציה 200 גרם,פרוטרופיק סיה.,,מקלוני כוסמין עם קצח,גרמים,200.00,100 גרם,false,1,22.90,11.45,true,1,
7290013750839,false,לוח חיתוך אנטי 25*15,,,לוח חיתוך אנטי 25*15,Unknown,0.00,Unknown,false,1,31.50,31.50,true,1,
7290013764027,false,אוק אנד אש - סיידר תפוחים יבש,,,סיידר תפוחים יבש 330,מיליליטרים,330.00,"100 מ""ל",false,1,13.90,4.21,true,1,
7290013764041,false,סיידר תפוחים מתוק 330 מל,,,סיידר תפוחים מתוק 33,מיליליטרים,330.00,"100 מ""ל",false,1,13.90,4.21,true,1,
7290013771216,false,פטאקי 16% גבינות השומרון,מיוצר עי קונדיטוריית,,פטאקי 16% 250 גר,גרמים,250.00,100 גרם,false,1,14.90,5.96,true,1,
7290013787392,false,רביולי גבינות קלאסי 330 גרם ריקו בית יוסף,דודו איטליאן פרודקטס בע\,,רביולי גבינות 330 גר,גרמים,330.00,100 גרם,false,1,25.90,7.85,true,1,
7290013787408,false,רביולי בטטה 330 גרם ריקו בית יוסף,דודו איטליאן פרודקטס בע\,,רביולי בטטה 330 גרם,גרמים,330.00,100 גרם,false,1,25.90,7.85,true,1,
7290013787415,false,רביולי ריקוטה תרד 330 גרם ריקו בית יוסף,דודו איטליאן פרודקטס בע\,,רביולי ריקוטה תרד 33,גרמים,330.00,100 גרם,false,1,25.90,7.85,true,1,
7290013847393,false,סטארקיסט לייט נתחי טונה בהירה במים ושמן קנולה עם עשבי תיבול 140 גרם,"סטארקיסט פודור בע""מ",,ס.ק לייט טונה 4% שומ,גרמים,140.00,100 גרם,false,1,8.50,6.07,true,1,
7290013847454,false,טונה סטארקיסט שמן קנולה רביעיות 4*160 גר,"טונה ויאטנם קו,. אל.טי.ד",,טונה סטארקיסט שמן קנ,גרמים,640.00,100 גרם,false,1,24.90,3.89,true,1,
7290013847553,false,נתחי טונה בהירה במים דל נתרן - מארז רביעיה,"סטארקיסט פודור בע""מ",,סטארקיסט טונה 4*160,גרמים,640.00,100 גרם,false,1,24.90,3.89,true,1,
7290013848345,false,מארז מטליות לחיטוי וניקוי יסודי אנטיבקטריאלי 99.9%,סנו מפעלי ברונוס בעמ,IL,שלישיית מטליות לחות,Unknown,0.00,Unknown,false,1,19.90,19.90,true,1,
7290013848581,false,סנו סושי מגבות נייר בגליל ענק.,סנו,,סנו סושי מגבות נייר,Unknown,0.00,Unknown,false,1,12.90,12.90,true,1,
7290013848611,false,רדיד אלומיניום עבה וחזק 61 מטר,סנו סושי,,סנו סושי רדיד אלומינ,מטרים,61.00,מטר,false,1,44.50,0.73,true,1,
7290013861429,false,המתוקים של ששון שומשום 250 גרם,קריניציה ויטמינה אס,,המתוקים של ששון שומש,גרמים,250.00,100 גרם,false,1,12.60,5.04,true,1,
7290013861443,false,המתוקים של ששון בוטנים 250 גרם,קריניציה ויטמינה אס,,המתוקים של ששון בוטנ,גרמים,250.00,100 גרם,false,1,12.60,5.04,true,1,
7290013883407,false,"דזיטול מרסס לחיטוי כללי יעקבי 750 מ""ל",יעקבי - דזיטול Desytol,,מרסס דזיטול מחטא ומש,Unknown,0.00,Unknown,false,1,18.80,18.80,true,1,
7290013883414,false,"מרסס מסיר כתמי חלודה איירון אאוט 473 מ""ל",יעקובי,,מרסס מסיר כתמי חלודה,יחידה,1.00,יחידה,false,1,29.90,29.90,true,1,
7290013903327,false,טופו בטעם טבעי 500 גרם,"א.י.ן תעשיות בע""מ",IL,טופו טבעי 2 יח 500 ג,גרמים,500.00,100 גרם,false,1,16.90,3.38,true,1,
7290013903594,false,רסק תפוחים טבעי 670 גרם ליב,טעמי הגליל בעמ,,רסק תפוחים טבעי 670,גרמים,670.00,100 גרם,false,1,12.50,1.87,true,1,
7290013903808,false,קציצות קינואה עם חמוציות טבעוני 400 גרם,,IL,קציצות קינואה עם חמו,גרמים,400.00,100 גרם,false,1,26.50,6.63,true,1,
7290013903815,false,קציצות בטטה טבעוני 400 גרם,,IL,קציצות בטטה טבעוני 4,גרמים,400.00,100 גרם,false,1,26.50,6.63,true,1,
7290013903846,false,קציצות סלק טבעוני 400 גרם,,IL,קציצות סלק טבעוני 40,גרמים,400.00,100 גרם,false,1,26.50,6.63,true,1,
7290013906212,false,"נקנקיות וינר טירת 1 ק""ג טירת צבי",הנסיך- מפעל לייצור ט,,טירת צבי נקניקיות וי,קילוגרמים,0.00,"ק""ג",false,1,22.90,22.90,true,1,
7290013906441,false,קבנוס טירת צבי 120 גרם,הנסיך- מפעל לייצור ט,,קבנוס טירת צבי 120 ג,גרמים,120.00,100 גרם,false,1,9.90,8.25,true,1,
7290013906458,false,קבנוס בטעם פיקנטי טירת צבי 120 גרם,הנסיך- מפעל לייצור ט,,קבנוס בטעם פיקנטי טי,גרמים,120.00,100 גרם,false,1,11.90,9.92,true,1,
7290013906489,false,חטיפי מיני קבנוס טירת צבי 120 גרם,הנסיך- מפעל לייצור ט,,חטיפי קבנוס טירת צבי,גרמים,120.00,100 גרם,false,1,11.90,9.92,true,1,
7290013906687,false,פסט' צמד כפרית ברביקיו ודבש 300X2ג' טירת צבי,הנסיך- מפעל לייצור ט,,צמד כפרית ברבקיו,גרמים,600.00,100 גרם,false,1,29.90,4.98,true,1,
7290013906694,false,נקניקיות שקית קילו וחצי טירת צבי,הנסיך- מפעל לייצור ט,,נקניקיות עוף טירת צב,גרמים,1500.00,100 גרם,false,1,31.50,2.10,true,1,
7290013994318,false,קינואה מעורבת - טריקולור אורגנית 500 גרם הרדוף,אול אורגני,,קינואה טריקולור אורג,גרמים,500.00,100 גרם,false,1,19.90,3.98,true,1,
7290013994653,false,קינואה רויאל אורגני 500 גרם - הרדוף,אול אורגני,,קינואה אורגני 500 גר,גרמים,500.00,100 גרם,false,1,16.90,3.38,true,1,
7290014002135,false,תה ירוק מיקס 5 טעמים ויסוצקי 25 יחידות,תה ויסוצקי,,תה ירוק ויסוצקי מיקס,Unknown,0.00,Unknown,false,1,24.90,24.90,true,1,
7290014002197,false,חליטת קמומיל ולימונית הגן הקסום ויסוצקי 25 יחידות,תה ויסוצקי,,חליטת קמומיל ולימוני,Unknown,0.00,Unknown,false,1,18.90,18.90,true,1,
7290014002203,false,חליטת לימונית ולואיזה הגן הקסום ויסוצקי 25 יחידות,תה ויסוצקי,,חליטת קמומיל ולואיזה,Unknown,0.00,Unknown,false,1,18.90,18.90,true,1,
7290014002579,false,תה ירוק וניל ויסוצקי 25 יחידות,ויסוצקי ירוק,,תה ירוק וניל 25 שקיק,Unknown,0.00,Unknown,false,1,24.90,24.90,true,1,
7290014002944,false,גן קסום חליטת פירות וצמחים חמדת שקד 25 שקיקים,תה ויסוצקי,,גן קסום חליטת םירות,Unknown,0.00,Unknown,false,1,18.90,18.90,true,1,
7290014056008,false,"בירה שפירא פייל אייל 330 מ""ל",שפירא,IL,בירה שפירא פייל אייל,מיליליטרים,330.00,"100 מ""ל",false,1,15.90,4.82,true,1,
7290014056039,false,"בירה שפירא חיטה 330 מ""ל",שפירא,IL,בירה שפירא חיטה 330,מיליליטרים,330.00,"100 מ""ל",false,1,15.90,4.82,true,1,
7290014056053,false,"בירה שפירא אי פי אי 330 מ""ל",שפירא,IL,בירה שפירא אי פי אי,מיליליטרים,330.00,"100 מ""ל",false,1,15.90,4.82,true,1,
7290014059085,false,"משחת שיניים סנסודיין 75 מ""ל פרימיום לשיקום והגנה","סמית קליין ביצ'ם בע""",,משחת שיניים סנסודיין,Unknown,0.00,Unknown,false,1,28.50,28.50,true,1,
7290014059436,false,"משחת שיניים סנסודיין 75 מ""ל פרימיום לשיקום והגנה מלבינה 75 מ""ל","סמית קליין ביצ'ם בע""",,סנסודיין משחת שיניים,Unknown,0.00,Unknown,false,1,28.50,28.50,true,1,
7290014066359,false,לנדוור-קפסולות אספרסו בלנסד(06) - 10יח'12X יח,"קפה לנדוור בע""\מ",,לנדוור קפסולות אספרס,Unknown,0.00,Unknown,false,1,17.70,17.70,true,1,
7290014066366,false,לנדוור-קפסולות אספרסו ריסטרטו(08) - 10יח'12X יח,קפה לנדוור,,לנדוור קפסולות אספרס,Unknown,0.00,Unknown,false,1,17.70,17.70,true,1,
7290014066373,false,לנדוור-קפסולות אספרסו קלאסיק(09) - 10יח'12X יח,קפה לנדוור,,לנדוור קפסולות אספרס,Unknown,0.00,Unknown,false,1,17.70,17.70,true,1,
7290014066380,false,לנדוור-קפסולות אספרסו סופרימו(10) - 10יח'12X יח,קפה לנדוור,,לנדוור קפסולות אספרס,Unknown,0.00,Unknown,false,1,17.70,17.70,true,1,
7290014066441,false,לנדוור-קפסולות אספרסו נטול קפאין(07) - 10יח'12X יח,קפה לנדוור,,לנדוור קפסולות אספרס,Unknown,0.00,Unknown,false,1,17.70,17.70,true,1,
7290014066526,false,לנדוור-קפסולות אספרסו תערובת הבית(11) - 10יח'12X יח,קפה לנדוור,,לנדוור קפסולות אספרס,Unknown,0.00,Unknown,false,1,17.70,17.70,true,1,
7290014066533,false,לנדוור-קפסולות אספרסו קלייה כפולה(12) - 10יח'12X יח,קפה לנדוור,,לנדוור קפסולות אספרס,Unknown,0.00,Unknown,false,1,17.70,17.70,true,1,
7290014079014,false,לבבות קיסר ארוז נספק,"מרינה פטריות הגליל בע""מ",,לבבות קיסר,Unknown,0.00,Unknown,false,1,11.90,11.90,true,1,
7290014083479,false,גבינה פרוסה גאודה 27% שומן EURO CHEESE ויליפוד 150 גרם,ג.וילי פוד אינטרנשיו,,גבינה גאודה 27% 150,גרמים,150.00,100 גרם,false,1,9.90,6.60,true,1,
7290014094482,false,"רוטב צ''ילי חריף 700 מ""ל אהרוני","דין שיווק וקליה בע""מ",,רוטב צילי חריף 700 ג,גרמים,700.00,100 גרם,false,1,14.40,2.06,true,1,
7290014094567,false,שמן זית כתית מעולה 750 מל אהרוני,"דין שיווק וקלייה בע""",,שמן זית כתית מעולה 7,מיליליטרים,750.00,"100 מ""ל",false,1,29.90,3.99,true,1,
7290014094826,false,שזיפים ללא גלעין בשקית ששון הקולה 300 גרם,"דין שיווק וקליה בע""מ",,שזיפים מיובשים ללא ג,גרמים,300.00,100 גרם,false,1,17.70,5.90,true,1,
7290014094864,false,פיסטוק קלוי 170 גר עם קליפה ששון הקולה,"דין שיווק וקליה בע""מ",,פיסטוק קלוי 170 גר,גרמים,170.00,100 גרם,false,1,18.90,11.12,true,1,
7290014094895,false,אגוזים קלופים בשקית ששון הקולה 150 גרם,"שקדיה גבע תעשיות בע""",,אגוזים מלך קלופים 15,גרמים,150.00,100 גרם,false,1,11.90,7.93,true,1,
7290014095861,false,שיבולת שועל דקה בשקית שקדיה 500 גרם,"דין שיווק וקליה בע""מ",,שיבולת שועל דקה 500,גרמים,500.00,100 גרם,false,1,6.90,1.38,true,1,
7290014095953,false,פקאן בציפוי שוקולד בקופסא שקדיה 140 גרם,שקדיה גבע בתעשיות עמ,,משוקלדים פקאן חלב 14,גרמים,140.00,100 גרם,false,1,11.90,8.50,true,1,
7290014095960,false,שיבולת שועל עבה בשקית שקדיה 500 גרם,"דין שיווק וקליה בע""מ",,שיבולת שועל עבה 500,גרמים,500.00,100 גרם,false,1,6.90,1.38,true,1,
7290014218932,false,חטיפי פיצה בתוספ זיתים בשקית מעדנות 710 גרם,מיוצר עי קונדיטוריית,IL,חטיפי פיצה זיתים,גרמים,710.00,100 גרם,false,1,33.90,4.77,true,1,
7290014256637,false,"יין מבעבע מוסקטו באזז יקבי כרמל 750 מ""ל",יקבי כרמל Carmel Winery,,יין מבעבע מוסקטו באז,Unknown,0.00,Unknown,false,1,28.90,28.90,true,1,
7290014258716,false,תרכובת מזון צמחי על בסיס חלבון סויה מגיל לידה,מטרנה תעשיות ש.מ,,מטרנה צמחי 700 גר,גרמים,700.00,100 גרם,false,1,52.90,7.56,true,1,
7290014258730,false,תרכובת מזון צמחי לתינוקות מגיל 12 חודשים ואילך,מטרנה תעשיות ש.מ,,מטרנה צמחי מגיל שנה,גרמים,700.00,100 גרם,false,1,69.90,9.99,true,1,
7290014318151,false,ממרח ארטישוק 212 ג' (12),,,ממרח ארטישוק 212,מיליליטרים,212.00,"100 מ""ל",false,1,18.70,8.82,true,1,
7290014318250,false,"פולנטה איטלקית מקורית 1 ק""ג (10)",,,פולנטה איטלקית קלאסי,גרמים,1000.00,100 גרם,false,1,13.50,1.35,true,1,
7290014318274,false,"שמן כמהין שחור כשר 250 מ""ל",,,שמן כמהין שחור כשר 2,מיליליטרים,250.00,"100 מ""ל",false,1,84.50,33.80,true,1,
7290014318311,false,מארז שלישיית עגבניות חתוכות דק במיץ עגבניות Rosso,,,עגבניות פולפה,קילוגרמים,0.00,"ק""ג",false,1,18.80,18.80,true,1,
7290014318663,false,"חומץ תפוחים אורגני 750 מ""ל",,,חומץ תפוחים אורגני,מיליליטרים,750.00,"100 מ""ל",false,1,19.90,2.65,true,1,
7290014318885,false,"מיץ תפוחים ואוכמניות בחולות אורגני 750 מ""ל",,IT,מיץ תפוח ואוכמניות כ,מיליליטרים,750.00,"100 מ""ל",false,1,20.90,2.79,true,1,
7290014397279,false,שקיות מזון גדולות XL סנו סושי 300 יחידות,"אשפלסט תעשיות בע""מ",,סנו סושי שקיות מזון,Unknown,0.00,Unknown,false,1,12.90,12.90,true,1,
7290014397286,false,מרכך כביסה מרוכז חלב ודבש סנו מקסימה 1 ליטר,סנו-מקסימה,,מרכך כביסה מקסימה,מיליליטרים,1000.00,"100 מ""ל",false,1,17.90,1.79,true,1,
7290014397453,false,סנו אוקסיגן גל מסיר כתמים כביסה לבנה 3 ל,סנו אוקסיג'ן,,סנו אוקסיגן גל מסיר,ליטרים,0.00,ליטר,false,1,33.90,33.90,true,1,
7290014397675,false,מקסימה מרכך כביסה חלב ודבש סנו 4 ליטר,סנו מקסימה,,סנו מקסימה מרכך כביס,ליטרים,0.00,ליטר,false,1,19.90,19.90,true,1,
7290014397699,false,פוליויקס גרניט פורצלן ושיש ניחוח קלאסי 3 ליטר,סנו,,פוליויקס גרניט פורצל,ליטרים,0.00,ליטר,false,1,26.90,26.90,true,1,
7290014397712,false,סנובון גל לאסלה בניחוח פריחה ורודה,Nicols polandמשווק ו,,סנובון גל לאסלה בניח,Unknown,0.00,Unknown,false,1,8.90,8.90,true,1,
7290014397767,false,סנו ריצפז פרש הום 2 ליטר בניחוח כותנה-מרכז,"סנו מפעלי ברונוס בע""",,סנו ריצפז פרש הום כו,ליטרים,0.00,ליטר,false,1,19.90,19.90,true,1,
7290014397781,false,סנו ריצפז פרש הום 2 ליטר בניחוח סבון,סנו פרש Fresh,,סנו ריצפז פרש הום סב,ליטרים,0.00,ליטר,false,1,19.90,19.90,true,1,
7290014397873,false,מרכך כביסה Gentle Breeze סנו מקסימה 4 ליטר,סנו מפעלי ברונוס בעמ,IL,מרכך כביסה סנו מקסימ,ליטרים,0.00,ליטר,false,1,19.90,19.90,true,1,
7290014425909,false,סט כרסטמס,,,סט כרסטמס,Unknown,0.00,Unknown,false,1,15.00,15.00,true,1,
7290014435704,false,סלמון מעושן שמיר 100 גרם,שבעת הימים - שמיר,,סלמון מעושן 100 גר,גרמים,100.00,100 גרם,false,1,24.90,24.90,true,1,
7290014437531,false,סכין חלקה 10 סמ צהוב,,,סכין חלקה 10 סמ צהוב,Unknown,0.00,Unknown,false,1,12.90,12.90,true,1,
7290014440463,false,"יין מדבר שרדונה סדרה 22 750 מ""ל",,IL,יין מדבר שרדונה סדר,מיליליטרים,750.00,"100 מ""ל",false,1,51.90,6.92,true,1,
7290014440487,false,"יקב מדבר סדרה 22 סוביניון 750 מ""ל",,IL,יקב מדבר סדרה 22 סוב,מיליליטרים,750.00,"100 מ""ל",false,1,51.90,6.92,true,1,
7290014451018,false,ספוג כלים אקולוגי 4 יח GF,גרין-פלאש,,ספוג כלים אקולוגי 4,Unknown,0.00,Unknown,false,1,16.90,16.90,true,1,
7290014455245,false,גבינת גרנה פדנו משולש 29% 200 גרם בית יוסף,מחלבת סוציאלה מנטובה,,גרנה פדנו משולש 200,גרמים,200.00,100 גרם,false,1,25.20,12.60,true,1,
7290014455252,false,גבינה קשה מגורדת גרנה פדנו 29% שומן,מחלבות גד שיווק 1992,,גבינה גרנה פדנו,גרמים,100.00,100 גרם,false,1,11.90,11.90,true,1,
7290014455320,false,גבינה כדורי מוצרלה פרסקה גד 100ג',מוצרלה פרסקה 2 ב 15,,כדור מוצרלה פרסקה 10,גרמים,100.00,100 גרם,false,1,9.70,9.70,true,1,
7290014455467,false,ירח מתוק מעדן חלב 2% ושיבולת שועל גד 150ג',גבינות מדף,,מעדן שיבולת שועל וחל,גרמים,150.00,100 גרם,false,1,6.10,4.07,true,1,
7290014455627,false,יוגורט עיזים דובדבן אמרנה 125 גר,מיוצר עי קוד יצרן MK,,יוגורט עיזים דובדבן,גרמים,125.00,100 גרם,false,1,6.10,4.88,true,1,
7290014459137,false,"תפוגן סטייק צ'יפס 1.5 ק""ג אסם","תעשיות תפוגן בע""\מ",,תפוגן סטייק ציפס 1.5,קילוגרמים,0.00,"ק""ג",false,1,24.90,24.90,true,1,
7290014459373,false,"צ'יפס קראנצ'י לתנור קפוא תפוגן 1.5ק""ג","תעשיות תפוגן בע""\מ",,תפוגן ציפס קראנצי לת,קילוגרמים,0.00,"ק""ג",false,1,26.90,26.90,true,1,
7290014472228,false,תאנים מיובשות 330 גר,"דין שיווק וקלייה בע""",,תאנים 330 גר,גרמים,330.00,100 גרם,false,1,24.90,7.55,true,1,
7290014472495,false,קשיו קלוי ענק פרימיום ששון הקולה 250 גרם,"דין שיווק וקלייה בע""",,קשיו קלוי ענק 250 גר,גרמים,250.00,100 גרם,false,1,21.90,8.76,true,1,
7290014472518,false,בוטן קלוי ענק פרימיום ששון הקולה 250 גרם,"דין שיווק וקלייה בע""",,בוטן קלוי ענק 250 גר,גרמים,250.00,100 גרם,false,1,11.90,4.76,true,1,
7290014472525,false,תערובת פיצוחים פרימיום ששון הקולה 250 גרם,"דין שיווק וקלייה בע""",,תערובת מובחרת 250 גר,גרמים,250.00,100 גרם,false,1,23.90,9.56,true,1,
7290014477087,false,פילה אמנון 7-9 קפוא בלדי,,,פילה אמנון 7-9 קפוא,Unknown,0.00,"ק""ג",true,0,29.90,29.90,true,1,
7290014499270,false,כוס יהלום 50 יחידות,,,כוס יהלום,Unknown,0.00,Unknown,false,1,18.90,18.90,true,1,
7290014525290,false,חטיפי סלים דליס קריספי תות מרבה 125 גרם,סלים דליס Slim Delis,,חטיף מרבה סלים דליס,גרמים,125.00,100 גרם,false,1,10.90,8.72,true,1,
7290014525306,false,חטיפי סלים דליס קריספי אוכמניות מרבה 125 גרם,סלים דליס Slim Delis,,חטיף מרבה סלים דליס,גרמים,125.00,100 גרם,false,1,10.90,8.72,true,1,
7290014525665,false,מרבה על חלל עוגיות קקאו וסוכריות שוק חלב 140 יח',"מרבה בע""\מ",NL,עוגיות קקאו וסוכריות,גרמים,140.00,100 גרם,false,1,10.90,7.79,true,1,
7290014525672,false,מרבה על חלל עוגיות קקאו וסוכריות שוקולד חלב 140 גרם,"מרבה בע""\מ",NL,עוגיות סוכריות ש.חלב,גרמים,140.00,100 גרם,false,1,10.90,7.79,true,1,
7290014546424,false,יוביקווינול 50 מג 60 כמו,LTD .AMBROZIA,,יוביקווניל,Unknown,0.00,Unknown,false,1,132.90,132.90,true,1,
7290014547353,false,סנסודין זוג מברשות שיניים דואלקר ירוק+יר,"L Co., Industrial Shummi",,זוג מברשות סנסודיין,Unknown,0.00,Unknown,false,1,24.90,24.90,true,1,
7290014628403,false,קרקר זעתר ובצל 150 גרם,שורשי ציון,IL,קרקר זעתר ובצל 150 ג,גרמים,150.00,100 גרם,false,1,29.90,19.93,true,1,
7290014634060,false,ריבת רוסמן לייט פירות 500 גרם,הדרום תעשיות מזון בע,,ריבת רוסמן לייט פירו,גרמים,500.00,100 גרם,false,1,27.90,5.58,true,1,
7290014634077,false,ריבת רוסמן לייט תות שדה 500 גרם,הדרום תעשיות מזון בע,,ריבת רוסמן לייט תות,גרמים,500.00,100 גרם,false,1,27.90,5.58,true,1,
7290014648005,false,מסיר לק ללא אציטון לה בלה 250 מל,,,מסיר לק ללא אציטון ל,מיליליטרים,250.00,"100 מ""ל",false,1,11.80,4.72,true,1,
7290014673007,false,תערובת עשבי תיבול בסגנון ים תיכוני מימון 40 גרם,א.ל ייצור ושיווק תבל,IL,תערובת עשבי תיבול ים,גרמים,40.00,100 גרם,false,1,11.90,29.75,true,1,
7290014673021,false,פלפל שחור שלם תבליני מימון 100 גרם,א.ל ייצור ושיווק תבל,,פלפל שחור שלם 100 גר,גרמים,100.00,100 גרם,false,1,15.50,15.50,true,1,
7290014673052,false,תערובת תיבול לתפוחי אדמה מימון 120 גרם,א.ל ייצור ושיווק תבל,IL,תערובת עשבי תיבול לת,גרמים,120.00,100 גרם,false,1,11.90,9.92,true,1,
7290014673137,false,תערובת תיבול לפיצה מימון 100 גרם,א.ל ייצור ושיווק תבל,IL,תערובת עשבי תיבול לפ,גרמים,100.00,100 גרם,false,1,11.90,11.90,true,1,
7290014673366,false,כורכום טחון תבליני מימון 250 גרם,א.ל ייצור ושיווק תבל,,כורכום טחון 250 גרם,גרמים,250.00,100 גרם,false,1,22.90,9.16,true,1,
7290014673403,false,פלפל שחור טחון תבליני מימון 250 גרם,א.ל ייצור ושיווק תבל,,פלפל שחור טחון 250 ג,גרמים,250.00,100 גרם,false,1,31.50,12.60,true,1,
7290014673410,false,פלפל שחור גרוס דק תבליני מימון 250 גרם,א.ל ייצור ושיווק תבלינים,,פלפל שחור גרוס דק 25,גרמים,250.00,100 גרם,false,1,30.90,12.36,true,1,
7290014673434,false,פלפל שחור גרוס דק שקית תבליני מימון 80גרם,א.ל ייצור ושיווק תבל,,פלפל שחור גרוס 80 גר,Unknown,0.00,Unknown,false,1,9.90,9.90,true,1,
7290014673557,false,זעפרן תבליני מימון 5 גרם,א.ל ייצור ושיווק תבל,,זעפרן אמיתי 5 גרם,Unknown,0.00,Unknown,false,1,23.90,23.90,true,1,
7290014673618,false,תבלינים זנגביל בצנצנת 30 גרם,א.ל ייצור ושיווק תבל,,תבלינים זנגביל בצנצנ,Unknown,0.00,Unknown,false,1,11.80,11.80,true,1,
7290014686755,false,מקציף 30 מיקי שמו סיליקון,,,מקציף 30 סמ סיליקון,Unknown,0.00,Unknown,false,1,29.90,29.90,true,1,
7290014686762,false,מברשת מיקי שמו סיליקון,,,מברשת 28 סמ סיליקון,Unknown,0.00,Unknown,false,1,29.90,29.90,true,1,
7290014692299,false,גבינת ברי 125 ג' קסטיאלו ויליפוד,יורו צ'יז Euro Cheese,,גבינת ברי 125 גר,גרמים,125.00,100 גרם,false,1,20.90,16.72,true,1,
7290014692305,false,גבינת קממבר EURO CHEESE ויליפוד 125 גרם,הנסיך- מפעל לייצור ט,,גבינת קממבר 125 גר,גרמים,125.00,100 גרם,false,1,20.90,16.72,true,1,
7290014692541,false,צהובה מגורדת גולדן 500 גרם ויליפוד,ג.וילי פוד אינטרנשיו,,צהובה מגורדת גולדן 5,גרמים,500.00,100 גרם,false,1,21.90,4.38,true,1,
7290014692749,false,"שמן זית כתית מעולה ויליפוד 750 מ""ל",אסטיאס בורגס,ES,שמן זית כתית מעולה 7,מיליליטרים,750.00,"100 מ""ל",false,1,34.50,4.60,true,1,
7290014692817,false,גבינת מוצרלה מגורדתEURO CHEESE ויליפוד 200 גרם,הנסיך- מפעל לייצור ט,IL,גבינת מוצרלה מגורדת,גרמים,200.00,100 גרם,false,1,14.60,7.30,true,1,
7290014718739,false,מדבקות קבוצה 20,,,מדבקות קבוצה 20,Unknown,0.00,Unknown,false,1,11.90,11.90,true,1,
7290014718791,false,פסיפסים חד קרן,,CN,פסיפסים חד קרן,יחידה,1.00,יחידה,false,1,24.90,24.90,true,1,
7290014718845,false,מדבקות,,,מדבקות,יחידה,1.00,יחידה,false,1,14.90,14.90,true,1,
7290014720008,false,נייטשר נאט שמפו לשיער רגיל 400 מל,נייטשר נאט Nature Nut,,נייטר נאט שמפו רגיל,Unknown,0.00,Unknown,false,1,33.90,33.90,true,1,
7290014720015,false,נייטשר נאט שמפו לשיער יבש-פגום 400 מל,נייטשר נאט Nature Nut,,נייטר נאט שמפו יבש 4,Unknown,0.00,Unknown,false,1,33.90,33.90,true,1,
7290014720022,false,נייטשר נאט מרכך לשיער יבש-פגום 400 מל,נייטשר נאט Nature Nut,,נייטר נאט מרכך 400 מ,Unknown,0.00,Unknown,false,1,33.90,33.90,true,1,
7290014720619,false,נייטשר נאט שמפו לשיער נגד קשקשים 400 מל,נייטשר נאט Nature Nut,,שמפו טיפולי נגד קשקש,מיליליטרים,400.00,"100 מ""ל",false,1,44.90,11.23,true,1,
7290014723085,false,פרו פירות - סכין משו,,,פרו פירות - סכין משו,Unknown,0.00,Unknown,false,1,12.90,12.90,true,1,
7290014723108,false,סכין משוננת 10 ורוד פרו פירות,,,פרו פירות סכין משוננ,Unknown,0.00,Unknown,false,1,12.90,12.90,true,1,
7290014723139,false,סכין משוננת 11 ורוד פרו סנדוויץ,,,פרו סנדוויץ סכין משו,Unknown,0.00,Unknown,false,1,12.90,12.90,true,1,
7290014723511,false,קויזין פרו סכין שף/ס,,,קויזין פרו סכין שף/ס,Unknown,0.00,Unknown,false,1,189.00,189.00,true,1,
7290014749245,false,ספיישל רצועות שניצל שומשום עוף טוב 600 גרם,מוצרי עוף טוב (2001) בע\,,צונגו רצועות שניצל ש,גרמים,600.00,100 גרם,false,1,34.90,5.82,true,1,
7290014749764,false,עוף טוב שניצל עוף ביתי עדין כזה 700 גרם,מוצרי עוף טוב (2001) בע\,,עוף טוב שניצל עוף בי,גרמים,700.00,100 גרם,false,1,44.90,6.41,true,1,
7290014749788,false,צ'ונגו-רצועות שניצל בציפוי צ'יפס עוף טוב 600 גרם,מוצרי עוף טוב (2001) בע\,,עוף טוב צונגו רצועות,גרמים,600.00,100 גרם,false,1,34.90,5.82,true,1,
7290014749863,false,עוף טוב שניצל דק ענק קריספי צ'יפס 720 גרם,מוצרי עוף טוב (2001) בע\,,עוף טוב שניצל עוף דק,גרמים,720.00,100 גרם,false,1,36.50,5.07,true,1,
7290014753952,false,סבון מינרלי טהור 125 גר`,,,סבון מינרלי טהור 125,Unknown,0.00,Unknown,false,1,16.90,16.90,true,1,
7290014758117,false,מאגדת יוגורט ביו 1.5% שומן 8 יח' *150 ג' תנובה,מיוצר עי קונדיטוריית,,שמיניית יוגורט ביו,קילוגרמים,0.00,"ק""ג",false,1,17.20,17.20,true,1,
7290014758162,false,חלב עיזים מלא 3.6% קרטון 1 ל' תנובה,הרדוף תוצרת מזון אור,,חלב עיזים מלא 3.6% ש,מיליליטרים,1000.00,"100 מ""ל",false,1,14.90,1.49,true,1,
7290014758681,false,קוטג תנובה 1% גביע 250 גרם,מיוצר עי קונדיטוריית,,קוטג תנובה 1% 250 גר,גרמים,250.00,100 גרם,false,1,5.50,2.20,true,1,
7290014759084,false,גבינת שמנת נפוליאון 16% מופחת שומן תנובה 225 גרם,תנובה מרכז שיתופי לש,,נפוליאון מופחת שומן,גרמים,225.00,100 גרם,false,1,13.90,6.18,true,1,
7290014759534,false,גבינה בולגרית למריחה טבעי 5% 200 ג' פיראוס,"תנובה, מחלבת תל יוסף",,פיראוס בולגרית למריח,גרמים,200.00,100 גרם,false,1,16.80,8.40,true,1,
7290014759985,false,גבינת פרמזן גבע 23% תנובה 200 גרם,תנובה חלב,,קולאז פרמזן גבע פלח,גרמים,200.00,100 גרם,false,1,25.50,12.75,true,1,
7290014759992,false,גבינת רוקפור גליל פלח 140 ג' תנובה,"תנובה, מחלבת תל יוסף",,קולאז רוקפור גליל פל,גרמים,140.00,100 גרם,false,1,19.40,13.86,true,1,
7290014760134,false,"מעדן סויה בטעם וניל תנובה 125 מ""ל",תנובה Alternative,,מעדן סויה וניל,גרמים,125.00,100 גרם,false,1,4.60,3.68,true,1,
7290014760141,false,משקה שקדים תנובה E אלטרנטיב,תנובה Alternative,,משקה שקדים טרי 1 ליט,מיליליטרים,1000.00,"100 מ""ל",false,1,12.90,1.29,true,1,
7290014760448,false,גבינה צהובה גלבוע 400 גרם 22% שומן תנובה,מחלבת בית יצחק,,גלבוע פרוס 22% 400 ג,גרמים,400.00,100 גרם,false,1,23.90,5.98,true,1,
7290014760912,false,פרוסות גבינה 28% שומן 400 ג' גוש חלב,תנובה מרכז שיתופי לש,,מאגדת גוש חלב 28%,גרמים,400.00,100 גרם,false,1,26.00,6.50,true,1,
7290014761056,false,מעדן שוקולד חלב יולו תנובה 123 גרם,מיוצר עי קונדיטוריית,,יולו שוקולד חלב,גרמים,123.00,100 גרם,false,1,4.70,3.82,true,1,
7290014761063,false,מעדן שוקולד מריר יולו תנובה 123 גרם,מיוצר עי קונדיטוריית,,יולו שוקולד מריר,גרמים,123.00,100 גרם,false,1,4.70,3.82,true,1,
7290014761070,false,מעדן שוקולד לבן יולו תנובה 123 גרם,מיוצר עי קונדיטוריית,,YOLO שוקולד לבן מעול,גרמים,123.00,100 גרם,false,1,4.70,3.82,true,1,
7290014761193,false,יוגורט עם פירות יער 1.5% שומן 125 ג' פרילי,תנובה מרכז שיתופי לש,,פרילי פירות יער 125,גרמים,125.00,100 גרם,false,1,3.90,3.12,true,1,
7290014761414,false,יולו מעדן שכבות שוקולד חלב ולבן 123 גר,מיוצר עי קונדיטוריית,,יולו מעדן שכבות,גרמים,123.00,100 גרם,false,1,4.70,3.82,true,1,
7290014761612,false,מעדן שכבות שוקולד מריר ולבן יולו 122 גרם,מיוצר עי קונדיטוריית,,YOLO מעדן שכבות שוקו,גרמים,123.00,100 גרם,false,1,4.70,3.82,true,1,
7290014762756,false,גבינת שמנת נפוליאון 16% עם בצל תנובה 225 גרם,תנובה חלב,,נפוליאון 16%בטעם בצל,גרמים,225.00,100 גרם,false,1,13.90,6.18,true,1,
7290014762800,false,מעדן סויה שוקולד גביע 125 גרם אלטרנטיב,תנובה מרכז שיתופי לש,,מעדן סויה שוקולד 125,גרמים,125.00,100 גרם,false,1,4.80,3.84,true,1,
7290014762831,false,גבינת שמנת נפוליאון 16% עם פלפל חלפיניו תנובה 225 גרם,תנובה מרכז שיתופי לש,,גבינת שמנת נפוליאו 2,גרמים,225.00,100 גרם,false,1,13.90,6.18,true,1,
7290014762909,false,פתיתי מוצרלה השף הלבן 10% תוספת מתנה,"תנובה, מחלבת תל יוסף",IL,פתיתי מוצרלה השף הלב,גרמים,220.00,100 גרם,false,1,15.90,7.23,true,1,
7290014763272,false,יוגורט סויה BIO לשתיה תות ובננה אלטרנטיב,תות תעשיות מזון (201,,משקה סויה ביו תות בנ,מיליליטרים,250.00,"100 מ""ל",false,1,5.70,2.28,true,1,
7290014789913,false,עוגיות אוראו קרם בטעם וניל מארז 176 גרם,מונדלייז,,מארז עוגיות אוראו עם,גרמים,528.00,100 גרם,false,1,21.90,4.15,true,1,
7290014860155,false,מחצלת במבו שטוחה 24X24 ס'מ,גולין פנגזו,,מחצלת במבו שטוחה 24*,Unknown,0.00,Unknown,false,1,9.40,9.40,true,1,
7290014860247,false,שבבי אורז מרובעים ללא גלוטן 227 גרם (Oriental),ליאן תאי רייס,,שבבי אורז מרובעים לל,גרמים,227.00,100 גרם,false,1,10.40,4.58,true,1,
7290014901315,false,סנסודיין משחה הגנה מלאה אקסטרה פרש 75 מל,"סמית קליין ביצ'ם בע""",,סנסודיין הגנה מלאה א,Unknown,0.00,Unknown,false,1,28.50,28.50,true,1,
7290014905160,false,"הפי מטהר אוויר פניני ריח בניחוחות, 130 גרם",יוליניבר,,פניני ריח XL,Unknown,0.00,Unknown,false,1,17.90,17.90,true,1,
7290014905207,false,"הג'ל הכחול לניקוי האסלה יעקבי 750 מ""ל",איי פי אס,,"הפי גל לאסלות 750 מ""",מיליליטרים,750.00,"100 מ""ל",false,1,10.80,1.44,true,1,
7290014905344,false,"הפי תרסיס קצף לניקוי שטיחים יעקביי 623 מ""ל",שרווין ווליאמס,,הפי קצף לשטיחים מנקה,מיליליטרים,800.00,"100 מ""ל",false,1,24.90,3.11,true,1,
7290014905498,false,הפי מטליות דו צדדיות בגליל 20 מטליות,ג'נרל מילס סאן אדריא,,מטליות גם וגם הפי,Unknown,0.00,Unknown,false,1,16.20,16.20,true,1,
7290014905733,false,"הפי פרפקט לניקוי שמשות 750 מ""ל",יעקובי הפי,,הפי נקה חלונות פרפקט,מיליליטרים,750.00,"100 מ""ל",false,1,11.40,1.52,true,1,
7290014905962,false,סבון אסלה הפי בושם 5טיפות ורוד לבנדר נתלה,רלווי,,סבון אסלה מקסי הפי,Unknown,0.00,Unknown,false,1,9.70,9.70,true,1,
7290014910287,false,טבורוג דריבנסקי כפרי במשקל,,,טבורוג דריבנסקי כפרי,Unknown,0.00,"ק""ג",true,0,32.00,32.00,true,1,
7290014910515,false,שימורי דגים שפרוטים מעושנים בשמן צמחי 250 גרם,סיא אונדה,,שימורי שפרוטים מעוש,גרמים,250.00,100 גרם,false,1,12.50,5.00,true,1,
7290014947047,false,פריכיות כוסמת עם מלח 175 גרם,זן בר המכללה לטבעונו,IL,פריכיות כוסמת עם מלח,גרמים,175.00,100 גרם,false,1,10.90,6.23,true,1,
7290014950900,false,סבון פנים לעור רגיל עד יבש 100 מל,LAVIDO,,סבון פנים לעור רגיל,מיליליטרים,100.00,"100 מ""ל",false,1,69.90,69.90,true,1,
7290014974562,false,גביעי גלידה רגיל טילון עלמה גילרו 24 יח',"א.ג גילרו בע""\מ",,גביעי גלידה 24 יח 12,גרמים,120.00,100 גרם,false,1,7.90,6.58,true,1,
7290015009010,false,מונטנייר חומץ יין אדום 500מל,מנדלז סי.אר. פרודקשן,,חומץ בן יין אדום 500,מיליליטרים,500.00,"100 מ""ל",false,1,20.60,4.12,true,1,
7290015009126,false,עלי טורטייה מקמח מלא 420 גר 25 סמ,לווליה,,עלי טורטייה מקמח מלא,גרמים,420.00,100 גרם,false,1,16.00,3.81,true,1,
7290015009188,false,"ניוקי תפוחי אדמה עם דלעת 300 גר' ""דניאל""",סיאמה אלימנטארי סרל,,"ניוקי תפוח""א עם דלעת",גרמים,300.00,100 גרם,false,1,9.90,3.30,true,1,
7290015009225,false,"ריבת חלב מקורים 450 גרם ""DANIEL""",קארו,,ריבת חלב 450 גרם ALF,גרמים,450.00,100 גרם,false,1,18.90,4.20,true,1,
7290015009232,false,"רוטב סלסה בינוני צהוב 454 גרם ""סבוריטו""",,,רוטב סלסה בינוני צהו,גרמים,454.00,100 גרם,false,1,20.90,4.60,true,1,
7290015009249,false,"רוטב סלסה חריף אדום 454 גרם ""סבוריטו""",לינדסטרי פודס,US,רוטב סלסה חריף אדום,גרמים,454.00,100 גרם,false,1,20.90,4.60,true,1,
7290015009256,false,"רוטב סלסה רגיל ירוק 454 גרם ""סבוריטו""",לינדסטרי פודס אנד דר,US,רוטב סלסה רגיל ירוק,גרמים,454.00,100 גרם,false,1,20.90,4.60,true,1,
7290015009317,false,נאצו'ס תירס טבעי 200 גרם,אוקי סנייקס,,נאצ`וס תירס טבעי 200,גרמים,200.00,100 גרם,false,1,12.90,6.45,true,1,
7290015009324,false,נאצו'ס תירס ברביקיו 200 גרם,אוקיי סנקס,,נאצ`וס ברביקיו 200 ג,גרמים,200.00,100 גרם,false,1,12.90,6.45,true,1,
7290015009409,false,זיתים שחורים מזן טאסוס במלח 250 גרם,אידיאל סנייק,GR,זיתים שחורים מזן טאס,גרמים,250.00,100 גרם,false,1,19.40,7.76,true,1,
7290015009591,false,"רוטב אקסטרא חריף מפלפל סקורפיון 148 מ""ל",קאמוק,CR,רוטב אקסטרא חריף פלפ,מיליליטרים,148.00,"100 מ""ל",false,1,19.90,13.45,true,1,
7290015009614,false,"רוטב אקסטרא חריף פלפל סקוטש בונט 148 מ""ל",קאמוק,CR,רוטב אקסטרא חריף פלפ,מיליליטרים,148.00,"100 מ""ל",false,1,19.90,13.45,true,1,
7290015009621,false,"רוטב סויה שומשום ודבש 355 מ""ל",קאמוק,CR,רוטב סויה שומשום ודב,מיליליטרים,355.00,"100 מ""ל",false,1,29.90,8.42,true,1,
7290015009638,false,"רוטב צילי מתוק ופסיפלורה 355 מ""ל",קאמוק,CR,רוטב צילי מתוק ופסיפ,מיליליטרים,355.00,"100 מ""ל",false,1,29.90,8.42,true,1,
7290015039246,false,נתחי טונה בשמן צמחי רביעיה * 160 ג' וילי פוד,וילי פוד,TH,רביעית טונה בהירה בש,גרמים,640.00,100 גרם,false,1,19.90,3.11,true,1,
7290015039338,false,נתחי טונה במי מלח רביעיה * 160 ג' וילי פוד,וילי פוד,TH,רביעית טונה במי מלח,גרמים,640.00,100 גרם,false,1,19.90,3.11,true,1,
7290015054041,false,"פאוארטק חלבון 700 גר' בד""ץ עוגיות",סיטי תוספי מזון,,פאוארטק חלבון עוגיות,גרמים,700.00,100 גרם,false,1,129.90,18.56,true,1,
7290015127684,false,"שמן זית כתית מעולה אורגני 250 מ""ל",General,IL,שמן זית כתית מעולה א,מיליליטרים,250.00,"100 מ""ל",false,1,23.90,9.56,true,1,
7290015129312,false,סקיני סופ תבשיל מרק בטעם עוף 214 גרם,אף.סי תבליני בגליל ב,CN,סקיני סופ תבשיל מרק,גרמים,214.00,100 גרם,false,1,21.90,10.23,true,1,
7290015140003,false,משטח ייבוש כלים טבעי 38*51,,,משטח ייבוש כלים 38X5,Unknown,0.00,Unknown,false,1,31.90,31.90,true,1,
7290015140010,false,משטח ייבוש כלים ירוק 38*51,,,משטח ייבוש כלים 38X5,Unknown,0.00,Unknown,false,1,31.90,31.90,true,1,
7290015141277,false,פרו עגבניה - סכין מש,,,פרו עגבניה - סכין מש,Unknown,0.00,Unknown,false,1,12.90,12.90,true,1,
7290015141338,false,פינגאן נירוסטה 500,,,גליל פינגאן נירוסטה,Unknown,0.00,Unknown,false,1,59.90,59.90,true,1,
7290015141369,false,מגרדת נירוסטה 4 צדדים,,,פומפיה נירוסטה קוני,Unknown,0.00,Unknown,false,1,27.90,27.90,true,1,
7290015141956,false,משטח מסננת לכיור,,,מולטי משטח מסננת לכי,Unknown,0.00,Unknown,false,1,24.90,24.90,true,1,
7290015150088,false,מחית עגבניות קלה גרנד איטליה 700 גרם,שוורצקוף& הנקל דיסלד,,מחית עגבניות גראנד א,גרמים,700.00,100 גרם,false,1,12.30,1.76,true,1,
7290015150118,false,שלישיית עגבניות חתוכות דק גרנד איטליה 400 גרם,אמיליאנה קונסרב ס.פ.,,עגבניות חתוכות דק בל,גרמים,1200.00,100 גרם,false,1,17.60,1.47,true,1,
7290015150200,false,עגבניות חתוכות דק גרנד איטליה ויסוצקי,HIQ FOOD PRODUCTS,,עגבניות חתובות דק 40,גרמים,400.00,100 גרם,false,1,6.90,1.73,true,1,
7290015150590,false,תה ירוק ג'ינג'ר חריף ויסוצקי 25 יחידות,ויסוצקי ירוק,,תה ירוק גינגר חריף 2,Unknown,0.00,Unknown,false,1,24.90,24.90,true,1,
7290015150729,false,תה ירוק סקיני גריני ויסוצקי 25 יחידות,תה ויסוצקי,,תה ירקוק סקיני גריני,Unknown,0.00,Unknown,false,1,24.90,24.90,true,1,
7290015155021,false,פרמיו חטיף דנטלי לכלב ננסי 110גרם,רונדו,,פרמיו חטיף דנטלי לכל,גרמים,110.00,100 גרם,false,1,9.90,9.00,true,1,
7290015155243,false,פרמיו חטיף כריות לתמיכה באנטי -היירבול לחתול 60ג',פרמיו Premio,,פרמיו כריות אנטי-היי,Unknown,0.00,Unknown,false,1,14.90,14.90,true,1,
7290015155809,false,פרמיו כריות עוף,,,פרמיו כריות עוף,Unknown,0.00,Unknown,false,1,14.90,14.90,true,1,
7290015155823,false,מחית תפוחי עץ חטיפטף ללא תוספת סוכר,פרוטה פודווין איי.אס,,מחית תפוח חטיפטף פרי,גרמים,120.00,100 גרם,false,1,6.50,5.42,true,1,
7290015155830,false,מחית תפוחי עץ ובננה חטיפטף ללא תוספת סוכר,פרוטה פודווין איי.אס,,מחית תפוח בננה חטיפט,גרמים,120.00,100 גרם,false,1,6.50,5.42,true,1,
7290015155847,false,מחית סלט פירות חטיפטף ללא תוספת סוכר,פרוטה פודווין איי.אס,,מחית סלט פירות חטיפט,גרמים,120.00,100 גרם,false,1,6.50,5.42,true,1,
7290015156202,false,פרמיו דנטל קוקי 500,,,פרמיו דנטל קוקי 500,Unknown,0.00,Unknown,false,1,24.90,24.90,true,1,
7290015156455,false,עוגיות פרמיו 500 גרם,סאטורן,,עוגיות פרמיו 500 גרם,גרמים,500.00,100 גרם,false,1,19.90,3.98,true,1,
7290015156769,false,מחית פרינוק פאוץ' תפוח ואוכמניות 120 גרם,פרוטה פודווין איי.אס,CZ,מחית פרינוק פאוץ תפו,גרמים,120.00,100 גרם,false,1,6.50,5.42,true,1,
7290015156776,false,מחית פירות טרופיים חטיפטף ללא תוספת סוכר,פרוטה פודווין איי.אס,,מחית פרינוק פירות,גרמים,120.00,100 גרם,false,1,6.50,5.42,true,1,
7290015156790,false,מחית לפתן פירות חטיפטף ללא תוספת סוכר,פרוטה פודווין איי.אס,,מחית פרינוק לפתן,גרמים,120.00,100 גרם,false,1,6.50,5.42,true,1,
7290015156813,false,מחית פרינוק פאוץ' פירות מעורבים 120 גרם,פרוטה פודווין איי.אס,,מחית פרינוק פירות,גרמים,120.00,100 גרם,false,1,6.50,5.42,true,1,
7290015161350,false,אבקת מרק ירקות אורגני 200 גרם,ויטאם הפה פרודקט,DE,אבקת מרק ירקות אורגנ,גרמים,200.00,100 גרם,false,1,23.90,11.95,true,1,
7290015161589,false,פת פריכה אורגנית ללא גלוטן ירקות גינה 100 גרם,אקסטרודו בצ'\יצה,CZ,"פת פריכה אורגנית לל""",גרמים,100.00,100 גרם,false,1,14.60,14.60,true,1,
7290015161831,false,פת פריכה אורגנית ללא גלוטן - אמרנט 100 ג,אקסטרודו בצ'\יצה,CZ,פת פריכה אורגנית ללא,גרמים,100.00,100 גרם,false,1,14.60,14.60,true,1,
7290015164832,false,מחית קארי ירוק 400 גרם SUREE כשר,טאפאדונגפורן קוקינט,,מחית קארי ירוק 400 ג,מיליליטרים,400.00,"100 מ""ל",false,1,19.90,4.98,true,1,
7290015164856,false,רוטב קארי אדומה 400 גרם SUREE כשר,טאפאדונגפורן קוקינט,,רוטב קארי אדומה 400,מיליליטרים,400.00,"100 מ""ל",false,1,19.90,4.98,true,1,
7290015178273,false,רוטב מרינדה לעוף בגריל אוליביה 270 גר,אוליביה,IL,רוטב מרינדה לעוף בגר,גרמים,320.00,100 גרם,false,1,13.90,4.34,true,1,
7290015210072,false,קערה מרובעת 20 אנה,,,קערה מרובעת 20 אנה,קילוגרמים,0.00,"ק""ג",false,1,27.90,27.90,true,1,
7290015246095,false,ליקצי'ק - תמצית נבטי ליקופודיום,"ד""ר קיי DR. K",IL,ליקצק 30 מל,מיליליטרים,30.00,"100 מ""ל",false,1,65.00,216.67,true,1,
7290015251181,false,"שלישיית סבון ידים כחול 500 מ""ל נובו",סאסאטק,,שלישיית ס.ידים כחול,Unknown,0.00,Unknown,false,8,10.90,10.90,true,1,
7290015282000,false,איקרא אדומה SEVEN SEAS 200 גרם,שבעת הימים - שמיר,IL,איקרה אדומה 200 גרם,גרמים,200.00,100 גרם,false,0,14.60,7.30,true,1,
7290015282024,false,איקרא לבנה SEVEN SEAS 200 גרם,שבעת הימים - שמיר,IL,איקרה לבנה 200 גרם,גרמים,200.00,100 גרם,false,0,14.60,7.30,true,1,
7290015282390,false,סלט תורכי 200 גרם שמיר,"סלטי שמיר 2006 בע""מ",,תורכי 200 גר,גרמים,200.00,100 גרם,false,1,13.50,6.75,true,1,
7290015282581,false,חומוס אבו גוש עם חריף שמיר 200 גרם,"סלטי שמיר 2006 בע""מ",,חומוס אבו גוש עם חרי,גרמים,200.00,100 גרם,false,1,11.00,5.50,true,1,
7290015282598,false,חומוס מסעדות גורמה שמיר 200 גרם,"סלטי שמיר 2006 בע""מ",,חומוס מסעדות 200 גר,גרמים,200.00,100 גרם,false,1,11.00,5.50,true,1,
7290015282604,false,טחינה מיוחדת גורמה שמיר 200 גרם,"סלטי שמיר 2006 בע""מ",,טחינה מיוחדת 200 גר,גרמים,200.00,100 גרם,false,1,11.00,5.50,true,1,
7290015282628,false,חציל בטעם כבד גורמה שמיר 200 גרם,"סלטי שמיר 2006 בע""מ",,חציל בטעם כבד 200 גר,גרמים,200.00,100 גרם,false,1,13.50,6.75,true,1,
7290015282635,false,חומוס מסבחה גורמה שמיר 200 גרם,"סלטי שמיר 2006 בע""מ",,חומוס מסבחה 200 גר,גרמים,200.00,100 גרם,false,1,11.00,5.50,true,1,
7290015282642,false,חומוס אבו גוש גורמה שמיר 200 גרם,"סלטי שמיר 2006 בע""מ",,חומוס אבו גוש 200 גר,גרמים,200.00,100 גרם,false,1,11.00,5.50,true,1,
7290015282666,false,סלט טונה עם ירקות 200 גר,"סלטי שמיר 2006 בע""מ",,סלט טונה עם ירקות 20,גרמים,200.00,100 גרם,false,1,18.80,9.40,true,1,
7290015282673,false,חציל במיונז ביתי גורמה שמיר 200 גרם,"סלטי שמיר 2006 בע""מ",,חציל במיונז ביתי 200,גרמים,200.00,100 גרם,false,1,11.00,5.50,true,1,
7290015282680,false,קישוא בטעם כבד גורמה שמיר 200 גרם,"סלטי שמיר 2006 בע""מ",,קישוא בטעם כבד 200 ג,גרמים,200.00,100 גרם,false,1,13.50,6.75,true,1,
7290015282697,false,כרוב אדום שמיר גורמה 200גר,"סלטי שמיר 2006 בע""מ",,כרוב אדום 200 גר,גרמים,200.00,100 גרם,false,1,13.50,6.75,true,1,
7290015282710,false,קוביות סלק גורמה שמיר 200 גרם,"סלטי שמיר 2006 בע""מ",,קוביות סלק 200 גר,גרמים,200.00,100 גרם,false,1,11.00,5.50,true,1,
7290015282741,false,חציל תאילנדי אסלי שמיר 200 ג',"סלטי שמיר 2006 בע""מ",,חציל תאילנדי 200 גר,גרמים,200.00,100 גרם,false,1,13.50,6.75,true,1,
7290015282796,false,"סלט תפו""א שמיר במיונז 200ג'","סלטי שמיר 2006 בע""מ",,תפוח אדמה 200 גר,גרמים,200.00,100 גרם,false,1,13.50,6.75,true,1,
7290015284028,false,סבון גוף ירקות ירוקים 500 מל ECOLOVE,אורגניק זון,,סבון גוף ירקות ירוק,מיליליטרים,500.00,"100 מ""ל",false,1,32.90,6.58,true,1,
7290015284080,false,שמפו לשיער רגיל/יבש ירקות כתומים ECOLOVE,אורגניק זון,,שמפו לשיער רגיל/יבש,גרמים,500.00,100 גרם,false,1,32.90,6.58,true,1,
7290015284103,false,סבון גוף ירקות כתומים 500 מל ECOLOVE,אורגניק זון,,סבון גוף ירקות כתומי,מיליליטרים,500.00,"100 מ""ל",false,1,32.90,6.58,true,1,
7290015284783,false,"מיסלר מי ניקוי והסרת איפור 200 מ""ל",הרמן,IL,מיסלר מי ניקוי והסרת,מיליליטרים,200.00,"100 מ""ל",false,1,59.90,29.95,true,1,
7290015289023,false,"וזה I.P.A.בירה הרצל 330 מ""ל",,IL,בירה וזה I.P.A. הרצל,מיליליטרים,330.00,"100 מ""ל",false,1,13.90,4.21,true,1,
7290015335607,false,יוגונאט טבעי 150גר' ניה,טרופיקל דגיל תעשיות,IL,מעד ביו טבעי 150 גר,גרמים,150.00,100 גרם,false,1,7.90,5.27,true,1,
7290015340304,false,סילאן טבעי 900 גר' ל,,IL,סילאן טבעי 900 גרם,גרמים,900.00,100 גרם,false,1,19.90,2.21,true,1,
7290015341509,false,רוגלך שמרים ארוז 400 ג' אנטקוביץ,,IL,רוגלך אנטקוביץ 400 ג,גרמים,400.00,100 גרם,false,1,14.90,3.73,true,1,
7290015341516,false,עוגת קראנץ שמרים אנטיקוביץ 500 גרם,אנטיקביץ,IL,קראנץ שמרים 500 גרם,גרמים,500.00,100 גרם,false,1,16.90,3.38,true,1,
7290015366663,false,"משחת שיניים מנטה עדין אקווה פרש 100 מ""ל",גלקסוסמיתקליין,,אקוה פרש משחת שיניים,Unknown,0.00,Unknown,false,1,10.40,10.40,true,1,
7290015366670,false,משחת שיניים הגנה משולשת מנטה מרענן,גלקסוסמיתקליין,,אקוה פרש משחת שיניים,Unknown,0.00,Unknown,false,1,10.40,10.40,true,1,
7290015395045,false,"קינואה בשקית שקדיה 400 גרם בד""ץ","דין שיווק וקליה בע""מ",,קינואה 400 גרם חתם ס,גרמים,400.00,100 גרם,false,1,14.60,3.65,true,1,
7290015395939,false,חטיף אורז בטעם מתוק מלוח 120 גרם,דין שיווק,IL,חטיף אורז בטעם מתוק,גרמים,150.00,100 גרם,false,1,15.90,10.60,true,1,
7290015437646,false,לה פסטה מיחת עגבניות 680 גרם,רגיה,IT,לה פסטה מחית עגבניות,גרמים,690.00,100 גרם,false,1,9.90,1.43,true,1,
7290015470094,false,טוסו שוקולד מריר תפוז ללא סוכר 100גרם,אלטינמארקה,,טוסו שוקולד מריר תפו,גרמים,100.00,100 גרם,false,1,13.50,13.50,true,1,
7290015528122,false,קערת במבוק 6OZ סידרת,,CN,קערת במבוק 6OZ סידרת,Unknown,1.00,Unknown,false,1,8.90,8.90,true,1,
7290015528177,false,מגש קלאסי 9/13 סידרת מאי שקוף 1יח',,CN,מגש קלאסי מלבני 9/1,Unknown,1.00,Unknown,false,1,8.50,8.50,true,1,
7290015528306,false,ליפתנית 6OZ פס זהב ס,,CN,ליפתנית 6OZ פס זהב ס,Unknown,1.00,Unknown,false,1,15.50,15.50,true,1,
7290015528825,false,צלחת 7 מתכלה אר 25 יח' דנטס,,IN,צלחת קטנה 7 מתכלה מ,Unknown,1.00,Unknown,false,1,10.40,10.40,true,1,
7290015528832,false,צלחת 9 מתכלה אר' 25 יח' דנטס,,IN,צלחת 9 בינוני מתכלה,Unknown,1.00,Unknown,false,1,12.10,12.10,true,1,
7290015528849,false,צלחת 10 מתכלה אר' 25 יח' דנטס,,IN,צלחת 10 ענקית מתכלה,Unknown,1.00,Unknown,false,1,15.60,15.60,true,1,
7290015528863,false,מרקיה מתכלה אר' 25 יח' דנטס,,IN,מרקיה 340 מל מקנה ס,Unknown,1.00,Unknown,false,1,9.90,9.90,true,1,
7290015528870,false,ליפתנית מתכלה אר' 25 יח' דנטס,,IN,ליפתנית 200 מל מתכלה,Unknown,1.00,Unknown,false,1,5.90,5.90,true,1,
7290015599023,false,VEGA צהובה טבעונית בטעם קלאסי 200 גרם,וגה מוצרים טבעוניים VEGA,,צהובה טבעונית 200 ג,גרמים,200.00,100 גרם,false,1,24.30,12.15,true,1,
7290015599054,false,פרוסות צהובה טבעונית בטעם גבינת צ'דר,וגה מוצרים טבעוניים VEGA,,צהובה טבעונית 200 ג,גרמים,200.00,100 גרם,false,1,24.30,12.15,true,1,
7290015599504,false,VEGA ממרח בטעם חמאה אורגני 225 גרם,גוד פוד פרודקטס S.p,DK,ממרח בטעם חמאה אורגנ,גרמים,225.00,100 גרם,false,1,20.90,9.29,true,1,
7290015602280,false,מגש מחולק ל-4 נשנושים שקוף 1 יחידות,,,מגש מחולק ל-4 נשנושי,Unknown,0.00,Unknown,false,1,6.90,6.90,true,1,
7290015603195,false,איטריות בתוספת תרד 454 גרם,פוגיאן לונגהי אנלידה אינ,,איטריות בתוספת תרד 4,גרמים,454.00,100 גרם,false,1,10.90,2.40,true,1,
7290015603201,false,אטריות מחיטה מלאה 454ג' (כ) (fu),קסמיאן קסינגשנג פודסטטפס,,אטריות מחיטה מלאה 45,גרמים,454.00,100 גרם,false,1,10.90,2.40,true,1,
7290015603218,false,אטריות עם עגבניה מזרח מערב 454 גרם,פוגקן לונגהי אנלידה,,איטריות בתוספת עגבני,גרמים,454.00,100 גרם,false,1,10.90,2.40,true,1,
7290015603225,false,איטריות בתוספת גזר 454 גרם,פוגקן לונגהי אנלידה,,איטריות בתוספת גזר 4,גרמים,454.00,100 גרם,false,1,10.90,2.40,true,1,
7290015603522,false,"נוזל אגוזי קוקוס 5%-7% 400 מ""ל",אסי אטיק גרו אינדוסט,,נוזל אגוזי קוקוס 5-7,מיליליטרים,400.00,"100 מ""ל",false,1,7.30,1.83,true,1,
7290015603546,false,"שימורי קרם קוקוס 17-19% 400 מ""ל (ASIATIC)(כ)",אסיאטיק אגרו אינדסטר,,שימורי קרם קוקוס 17-,מיליליטרים,400.00,"100 מ""ל",false,1,9.90,2.48,true,1,
7290015603560,false,"שימורי קרם קוקוס 20-22% 400 מ""ל (ASIATIC)(כ)",אסיאטיק אגרו אינדוסטרי,,שימורי קרם קוקוס 20-,מיליליטרים,400.00,"100 מ""ל",false,1,9.90,2.48,true,1,
7290015603584,false,ג'ינגר לבן כבוש ללא מונוסודיום 160 גרם (כ),לאיווי איפנג פודס קו,,גינגר לבן כבוש ללא מ,גרמים,160.00,100 גרם,false,1,7.90,4.94,true,1,
7290015603591,false,גינגר ורוד כבוש ללא מונוסודיום 160 גרם,ננטונג הידה אקוטיק פ,,גינגר כבוש וורוד 160,גרמים,160.00,100 גרם,false,1,8.30,5.19,true,1,
7290015634113,false,יין עמק האלה רוזה 2015 750 מל,עמק האלה,,יין עמק האלה אוורד ר,Unknown,0.00,Unknown,false,1,44.90,44.90,true,1,
7290015634120,false,יין עמק האלה אוורד לבן 2015 750 מל,עמק האלה,,יין עמק האלה אוורד ל,Unknown,0.00,Unknown,false,1,44.90,44.90,true,1,
7290015634137,false,"יין עמק האלה סוביניון בלאן 2015 750 מ""ל",עמק האלה,,יין עמק האלה סוביניו,Unknown,0.00,Unknown,false,1,83.90,83.90,true,1,
7290015634168,false,יין עמק האלה מרלו 2013 750 מל,,,יין עמק האלה מרלו אס,Unknown,0.00,Unknown,false,1,83.90,83.90,true,1,
7290015634175,false,עמק האלה אוור רד ק.סוביניון 2015 750 מל,,,עמק האלה אוור רד קבר,Unknown,0.00,Unknown,false,1,44.90,44.90,true,1,
7290015634595,false,"יין עמק האלה לבן 750 מ""ל",יקב עמק האלה,IL,יין עמק האלה לבן 750,Unknown,0.00,Unknown,false,1,62.90,62.90,true,1,
7290015652070,false,קשוי קלוי בשקית ששון הקולה 150 גרם,"דין שיווק וקלייה בע""",,קשיו קלוי 150 גרם שש,גרמים,150.00,100 גרם,false,1,13.50,9.00,true,1,
7290015652087,false,תערובת פיצוחים בשקית ששון הקולה 150 גרם,דין שיווק,,תערובת פיצוחים 150 ג,גרמים,150.00,100 גרם,false,1,13.30,8.87,true,1,
7290015652254,false,גרעיני חמניה קלויים 400 גרם ששון הקלה,"דין שיווק וקלייה בע""",,גרעיני חמניה קלויים,גרמים,400.00,100 גרם,false,1,10.00,2.50,true,1,
7290015652261,false,בוטנים קלויים ששון הקולה 350 גרם,"דין שיווק וקלייה בע""",,בוטנים קלויים 300 גר,גרמים,300.00,100 גרם,false,1,10.00,3.33,true,1,
7290015652278,false,תערובת פיצוחים 250 גרם ששון הקולה,"דין שיווק וקליה בע""מ",,תערובת פיצוחים 250 ג,גרמים,250.00,100 גרם,false,1,20.00,8.00,true,1,
7290015652308,false,מנצ'ס ששון הקולה 400 גרם,"דין שיווק וקלייה בע""",,מנצס 300 גרם ששון הק,גרמים,300.00,100 גרם,false,1,10.00,3.33,true,1,
7290015652322,false,בוטנים אמריקאיים מצופים 400 גר ששון הקלה,"דין שיווק וקלייה בע""",,בוטנים אמריקאיים מצו,גרמים,400.00,100 גרם,false,1,10.00,2.50,true,1,
7290015652513,false,תערובת תבלינים לסטייק ובשרים על האש,"דין שיווק וקליה בע""מ",,אהרוני תערובת לסטייק,גרמים,150.00,100 גרם,false,1,15.60,10.40,true,1,
7290015652520,false,"תערובת השף עשבי תיבול ושום לתיבול דגים, עופות, מאפים ועוד","דין שיווק וקליה בע""מ",,אהרוני עשבי טיבול לד,Unknown,0.00,Unknown,false,1,15.60,15.60,true,1,
7290015652544,false,תבלין גריל עוף ארומטי 130 גרם - אהרוני,"נווה התבלין בע""מ",,אהרוני גריל עוף ארומ,גרמים,130.00,100 גרם,false,1,15.60,12.00,true,1,
7290015652599,false,תערובת מתובלת להכנת צלי בקר,"דין שיווק וקליה בע""מ",,אהרוני צלי בקר 120 ג,גרמים,120.00,100 גרם,false,1,15.60,13.00,true,1,
7290015663052,false,מרק כפרי ביתי 400 גרם JEREMY GOURMET,נווה התבלין,,מרק כפרי ביתי 400 גר,גרמים,400.00,100 גרם,false,1,25.00,6.25,true,1,
7290015673198,false,המבורגר טקסס עם פטריות טבע דלי 400 גרם,טבע דלי בעמ,,בורגר מהצומח עם פטרי,גרמים,400.00,100 גרם,false,1,24.90,6.23,true,1,
7290015673570,false,קריספי טופו-נגיסי טופו מוכנים לאכילה,טבע דלי,IL,קריספי טופו מוכנים ל,גרמים,350.00,100 גרם,false,1,26.90,7.69,true,1,
7290015673617,false,כדורי בשר ללא בשר 400 גרם,טבע דלי,IL,כדורי בשר ללא בשר 40,גרמים,400.00,100 גרם,false,1,27.90,6.98,true,1,
7290015675253,false,סבון לפנים יסמין/ורד,,,סבון לפנים יסמין/ורד,Unknown,0.00,Unknown,false,1,54.90,54.90,true,1,
7290015675451,false,"סבון נוזלי לגוף מליסה 500 מ""ל",,,סבון נוזלי לגוף מליס,מיליליטרים,500.00,"100 מ""ל",false,1,39.90,7.98,true,1,
7290015675505,false,סבון אורגני קלנדולה,,,סבון אורגני קלנדולה,Unknown,0.00,Unknown,false,1,39.90,39.90,true,1,
7290015699730,false,סבון דה מארסיי יעקבי 1.5 ליטר *חדש-,יעקובי הפי,BE,סבון לרצפות דה מרסיי,ליטרים,0.00,ליטר,false,1,14.90,14.90,true,1,
7290015704595,false,S/S כף סינון אובלית,,,S/S כף סינון אובלית,Unknown,0.00,Unknown,false,1,34.90,34.90,true,1,
7290015704649,false,מועך תפוא COLLECTION,,,מועך תפוא נירוסטה א,Unknown,0.00,Unknown,false,1,34.90,34.90,true,1,
7290015704663,false,כף טיגון מחוררת,,,PRIVATE COLLECTION,Unknown,0.00,Unknown,false,1,39.90,39.90,true,1,
7290015704670,false,כף הגשה COLLECTION,,,כף הגשה COLLECTION,Unknown,0.00,Unknown,false,1,22.90,22.90,true,1,
7290015704908,false,אדוני סט 6 סכינים וב,,,אדוני סט 6 סכינים וב,Unknown,0.00,Unknown,false,1,799.00,799.00,true,1,
7290015733441,false,מטרנה דייסת גם וגם דגנים פרו 300 גר',מטרנה תעשיות ש.מ,,דייסת מטרנה גם וגם ד,גרמים,300.00,100 גרם,false,1,25.90,8.63,true,1,
7290015781008,false,"יין VISION מרלו אדום טפרברג 750 מ""ל","יקב טפרברג 1870 בע""מ",,יין VISION מרלו 750,Unknown,0.00,Unknown,false,1,39.90,39.90,true,1,
7290015781015,false,"יין VISION מלבק טפרברג 750 מ""ל","יקב טפרברג 1870 בע""מ",,יין VISION מלבק 750,Unknown,0.00,Unknown,false,1,39.90,39.90,true,1,
7290015781053,false,"יין VISION לבן יבש טפרברג 750 מ""ל","יקב טפרברג 1870 בע""מ",,יין VISION לבן יבש,Unknown,0.00,Unknown,false,1,39.90,39.90,true,1,
7290015781138,false,"יין שרדונה 750 מ""ל IMPRESSION","יקב טפרברג 1870 בע""מ",,יין IMPRES שרדונה 75,Unknown,0.00,Unknown,false,1,49.90,49.90,true,1,
7290015781145,false,ריזלינג בציר מאוחר אימפרשן 500 מ''ל,"יקב טפרברג 1870 בע""מ",,יין IMPRES ריזלינג,Unknown,0.00,Unknown,false,1,49.90,49.90,true,1,
7290015781152,false,"יין IMPRESSION רוזה טפרברג 750 מ""ל","יקב טפרברג 1870 בע""מ",,יין IMPRES רוזה 750,Unknown,0.00,Unknown,false,1,49.90,49.90,true,1,
7290015781282,false,"יין IMPRESSION גוורצטרמינר טפרברג 750 מ""ל",יקב טפרברג 1870,,יין IMPRES גוורצטרמי,Unknown,0.00,Unknown,false,1,49.90,49.90,true,1,
7290015781305,false,"יין אימפרשן סירה 750 מ""ל","יקב טפרברג 1870 בע""מ",,יין IMPRES סירה 750,Unknown,0.00,Unknown,false,1,49.90,49.90,true,1,
7290015858328,false,עללחם ממרח איולי פסטו 295 גרם,"מדשא תעשיות מזון בע""\מ",IL,איולי פסטו עללחם 295,גרמים,295.00,100 גרם,false,1,16.90,5.73,true,1,
7290015858441,false,עללחם ממרח איולי פלפלים 295 גרם,"מדשא תעשיות מזון בע""\מ",IL,איולי פלפלים עללחם 2,גרמים,295.00,100 גרם,false,1,16.90,5.73,true,1,
7290015858687,false,עללחם ממרח איולי שום 295 גרם,"מדשא תעשיות מזון בע""\מ",IL,איולי שום עללחם 295,גרמים,295.00,100 גרם,false,1,16.90,5.73,true,1,
7290015858694,false,עללחם ממרח איולי שום לימון 295 גרם,"מדשא תעשיות מזון בע""\מ",IL,איולי שום לימון עללח,גרמים,295.00,100 גרם,false,1,16.90,5.73,true,1,
7290015936118,false,מחשיז סכינים מאיר אדוני,,,מאיר אדוני - משחיז ס,קילוגרמים,0.00,"ק""ג",false,1,99.90,99.90,true,1,
7290015936439,false,תחתית לסיר עץ מרובעת ארקוסטיל,,,תחתית מרובעת מעץ לסי,קילוגרמים,0.00,"ק""ג",false,1,29.90,29.90,true,1,
7290015937290,false,קערה 17 אופל,,,אופל קערית 17 סמ 600,Unknown,0.00,Unknown,false,1,10.90,10.90,true,1,
7290015976312,false,בקבוק 350 שמן/חומץ+פייה סיליקון,,,בקבוק שמן/חומץ קטן 3,קילוגרמים,0.00,"ק""ג",false,1,19.90,19.90,true,1,
7290015976329,false,בקבוק 500 שמן/חומץ+פייה סיליקון,,,בקבוק שמן/חומץ גדול,קילוגרמים,0.00,"ק""ג",false,1,27.90,27.90,true,1,
7290015977012,false,מסננת +ידית ארקוסטיל,,,מסננת פלסטיק עם ידית,Unknown,0.00,Unknown,false,1,14.90,14.90,true,1,
7290015977111,false,לוח חיתוך 30*23במבוק ארקוסטיל,,,לוח חיתוך 30*23במבוק,Unknown,0.00,Unknown,false,1,39.90,39.90,true,1,
7290015977265,false,תחרה מגש לעוגה על רג,,,תחרה מגש לעוגה על רג,Unknown,0.00,Unknown,false,1,119.00,119.00,true,1,
7290015979559,false,חסה ערבית יחידה,,,חסה ערבית,Unknown,0.00,Unknown,false,1,4.90,4.90,true,1,
7290015979665,false,חסה עגולה,חקלאי,,חסה עגולה,Unknown,0.00,Unknown,false,1,5.90,5.90,true,1,
7290016006025,false,שוופס סודה 0.50 ליטר בקבוק,יפאורה תבורי בעמ,,שוופס סודה שרינק 500,מיליליטרים,500.00,"100 מ""ל",false,1,2.90,0.58,true,1,
7290016006292,false,נקטר מנגו בננה מלון קרטונית 1 ל' ספרינג,יפאורה שותפות מובגלת לשיווק,,קרטונית נקטר ספרינג,מיליליטרים,1000.00,"100 מ""ל",false,1,6.90,0.69,true,1,
7290016006339,false,מים מינרלים - מארז רביעייה,"מופק ממקור בזלתי עדן ,1",,רביעיית מי עדן 1 ליט,מיליליטרים,4000.00,"100 מ""ל",false,1,10.90,0.27,true,1,
7290016006346,false,שוופס סודה 0.5 ליטר מארז שישייה,יפאורה שותפות מובגלת לשיווק,,שישיית שוופס סודה 50,מיליליטרים,1500.00,"100 מ""ל",false,1,14.50,0.97,true,1,
7290016028683,false,קיסמים מעוטרים 12 סמ,,CN,קיסמים מעוטרים 12 סמ,Unknown,1.00,Unknown,false,1,5.90,5.90,true,1,
7290016034158,false,מאפינס גדול 50 יח' תבניכל,,,מאפינס גדול בשרינק ס,Unknown,0.00,Unknown,false,1,8.90,8.90,true,1,
7290016076011,false,לבש ארמני 4 יח 330 גרם,מאפיית דוראל,IL,לבש ארמני 4 יח,גרמים,330.00,100 גרם,false,1,17.50,5.30,true,1,
7290016077759,false,רוטב ברביקיו קלאסי היינץ 480 גרם,היינץ Heinz,,רוטב ברביקיו קלאסי 4,גרמים,480.00,100 גרם,false,1,17.90,3.73,true,1,
7290016077766,false,"שעועית אפויה ""היינץ"" 453 גרם",הייבורי קנקו,,היינץ שעועית אפויה 4,גרמים,453.00,100 גרם,false,1,8.90,1.96,true,1,
7290016087147,false,רוטב עגבניות מתובל לפיצה מרגריטה 240 גרם,פריניר,,רוטב עגבניות מתובל ל,גרמים,240.00,100 גרם,false,1,5.80,2.42,true,1,
7290016146004,false,קמח שקד מולבן 300 גרם,שקד תבור,,קמח שקד קלוף 300 גר,גרמים,300.00,100 גרם,false,1,24.90,8.30,true,1,
7290016146141,false,"סירופ מייפל טהור אורגני 250 מ""ל",אלמנדוס,,סירופ מייפל טהור אור,מיליליטרים,250.00,"100 מ""ל",false,1,29.90,11.96,true,1,
7290016146455,false,שוקולד מריר תבור 100% 100 גרם BIO,שקד תבור,IL,שוקולד תבור 100% 10,גרמים,100.00,100 גרם,false,1,16.70,16.70,true,1,
7290016150391,false,סלק ואקום 500 גרם,חקלאי,,סלק ואקום 500 גרם,Unknown,0.00,Unknown,false,1,9.90,9.90,true,1,
7290016197488,false,מטליות מיקרופייבר למשטחים ניקול 3יח',חוגלה קימברלי,,ניקול מטלית קסם לשיש,Unknown,0.00,Unknown,false,1,11.90,11.90,true,1,
7290016197495,false,ניקול זוג מטליות הקסם מיקרופייבר לרצפה,חוגלה קימברלי,,ניקול מטלית קסם לרצפ,Unknown,0.00,Unknown,false,1,22.90,22.90,true,1,
7290016197877,false,שקיות אשפה לפחים בינוניים עם שרוך 50 * 53 ניקול 50 יחידות,"אשפלסט תעשיות בע""מ",,שקית לפחי אשפה קטנים,Unknown,0.00,Unknown,false,1,26.50,26.50,true,1,
7290016217735,false,חציל על האש 200גרם גורמה,"סלטי שמיר 2006 בע""מ",,חציל על אש 200 גר,גרמים,200.00,100 גרם,false,1,11.00,5.50,true,1,
7290016217742,false,חציל בטחינה 200גרם גורמה,"סלטי שמיר 2006 בע""מ",,חציל על אש בטחינה 20,גרמים,200.00,100 גרם,false,1,11.00,5.50,true,1,
7290016217759,false,חציל מרוקאי 200גרם גורמה,"סלטי שמיר 2006 בע""מ",,חציל מרוקאי 200 גר,גרמים,200.00,100 גרם,false,1,13.50,6.75,true,1,
7290016223279,false,מגרדת מיני ארקוסטיל,,,מגרדת מיני ארקוסטיל,Unknown,0.00,Unknown,false,1,9.90,9.90,true,1,
7290016223606,false,סט כלי אוכל 18 חלק נ,,,סט כלי אוכל 18 חלק נ,Unknown,0.00,Unknown,false,1,249.00,249.00,true,1,
7290016233384,false,גפילטע פיש 7 קציצות תומר 555 גרם,דג טעים ירושלים,,גפילטע פיש 7 קציצות,גרמים,540.00,100 גרם,false,1,17.70,3.28,true,1,
7290016233575,false,פתיתי שיבולת שועל 600 גר גוד מורנינג,,,פתיתי שיבולת שועל 60,גרמים,600.00,100 גרם,false,1,7.50,1.25,true,1,
7290016233995,false,שימורי אנשובי עם שמן זית 45 ג' תומר,אינוורסינס פריסקו,,פילה אנשובי,גרמים,45.00,100 גרם,false,1,6.90,15.33,true,1,
7290016234008,false,פילה אנשובי שמן זית תומר צנצנת 100 גרם,אינוורסינס פריסקו,,אנשובי בצנצנת עם שמן,גרמים,100.00,100 גרם,false,1,12.50,12.50,true,1,
7290016246025,false,בארכה מיקס פינוקיות חלווה ללא סוכר 10*20ג,"רושדי תעשיות מזון בע""\מ",,בארכה פנוקיות חלבה ל,גרמים,200.00,100 גרם,false,1,15.20,7.60,true,1,
7290016246292,false,בארכה בקטנה חטיף חלבה וניל לוז 18 גרם 7 יחידות,"רושדי תעשיות מזון בע""\מ",,בארכה בקטנה חטיף חלב,גרמים,126.00,100 גרם,false,1,13.50,10.71,true,1,
7290016246711,false,טחינה גולמית מעודנת הריסה בארכה 310 גרם,"רושדי תעשיות מזון בע""\מ",IL,בארכה טחינה גולמית מ,גרמים,310.00,100 גרם,false,1,12.90,4.16,true,1,
7290016270709,false,עגבניות שרי אשכולות,ביכורי השקמה,,שרי אשכולות,Unknown,0.00,Unknown,false,1,12.90,12.90,true,1,
7290016276831,false,תבשיל איטריות בטעם בקר 70 גרם סו שף,טיאן הונג,,תבשיל איטריות בטעם ב,גרמים,70.00,100 גרם,false,1,5.90,8.43,true,1,
7290016276848,false,תבשיל איטריות בטעם עוף 70 גרם סו שף,טיאן הונג,,תבשיל איטריות בטעם ע,גרמים,70.00,100 גרם,false,1,5.90,8.43,true,1,
7290016299410,false,שמפו חומצה היאלורונית וחמאת שיאה,ארגניה יצור ושיווק,,שמפו חומצה היאלורוני,Unknown,0.00,Unknown,false,1,39.90,39.90,true,1,
7290016299687,false,מרכך שיער חומצה היאלרונית ושיאה,ארגניה יצור ושיווק,,מרכך שיער חומצה היאל,Unknown,0.00,Unknown,false,1,39.90,39.90,true,1,
7290016304404,false,לחם קוביות 100% כוסמין 600 גרם,מאפיית דוידוביץ ובניו בע,IL,לחם קוביות 100% כוסמ,גרמים,600.00,100 גרם,false,1,14.90,2.48,true,1,
7290016304596,false,לחמניות לסנדביץ 75 גרם,מאפיית דווידוביץ ובנ,IL,לחמניות לסנדביץ 75 ג,גרמים,75.00,100 גרם,false,1,12.90,17.20,true,1,
7290016319309,false,סבון נוזלי מאסק קלאסי+משאבה פמלי 1 ל,הנסיך- מפעל לייצור ט,,סבון נוזלי מאסק קלאס,מיליליטרים,1000.00,"100 מ""ל",false,1,14.90,1.49,true,1,
7290016320343,false,"דאק נוזל ג'ל לניקוי מתקדם בניחות לבנדר זוג * 750 מ""ל",אס. סי. ג'\ונסון מידרכט,,נוזל גל דאק בניחוח ל,ליטרים,0.00,ליטר,false,1,27.50,27.50,true,1,
7290016321678,false,מגבונים לחים בניחוח מרענן עם תמציות קמומיל ואלוורה,עלבד משואות יצחק,IL,מגבונים פרש וואנס נט,Unknown,0.00,Unknown,false,1,15.90,15.90,true,1,
7290016321883,false,פרשוואנס נייר טואלט מתכלה לילדים -מארז שלישייה,עלבד משואות יצחק בעמ,IL,נייר טואלט פרש וואנס,Unknown,0.00,Unknown,false,1,16.70,16.70,true,1,
7290016321890,false,פרשוואנס נייר טואלט מתכלה למבוגרים -מארז שלישייה,עלבד משואות יצחק בעמ,IL,נייר טואלט פרש וואנס,Unknown,0.00,Unknown,false,1,16.70,16.70,true,1,
7290016329308,false,"ד""ר פישר - סרקל קרם רוזמרין לשיער מתולתל 325 מ""ל",פישר מעבדות פרמצבטיות בע,,קרם לשיער מתולתל רוז,מיליליטרים,325.00,"100 מ""ל",false,1,29.70,9.14,true,1,
7290016334616,false,בצל ירוק בוסתן,רקנאטי,,בצל ירוק,Unknown,0.00,Unknown,false,1,4.90,4.90,true,1,
7290016370959,false,חציל קלוי (פירה) בצנצנת קבוצת יבנה 530 גרם,תאי פרזידנט פוד פאבל,,חציל קלוי פירה בצנצנ,גרמים,580.00,100 גרם,false,1,10.90,1.88,true,1,
7290016370973,false,פלפל קלוי (גמביה) בצנצנת קבוצת יבנה 390 גרם,קוזט אס.אי. פיין פודס,,פלפל קלוי גמביה בצנצ,גרמים,580.00,100 גרם,false,1,10.90,1.88,true,1,
7290016372373,false,רסק עגבניות ללא תוספת סוכר ומלח - מארז זוג,גרנד איטליה Grand Italia,IT,רסק עגבניות גראנד בל,גרמים,270.00,100 גרם,false,1,7.90,2.93,true,1,
7290016381962,false,משקה אורז שקדים אורגני כרם 1 ליטר,,,משקה אורז שקדים אור,מיליליטרים,1000.00,"100 מ""ל",false,1,10.90,1.09,true,1,
7290016384369,false,כלי להגשת שתיה כולל,,,כלי להגשת שתיה כולל,Unknown,0.00,Unknown,false,1,74.90,74.90,true,1,
7290016384383,false,כלי להגשת דבש+מקל ALEX LIDDY,,,כלי להגשת דבש+מקל AL,קילוגרמים,0.00,"ק""ג",false,1,49.90,49.90,true,1,
7290016385762,false,טריטן Fruit Infuser,,,טריטן Fruit Infuser,Unknown,0.00,Unknown,false,1,49.90,49.90,true,1,
7290016437508,false,מולט נייר טואלט 24 גלילים כפולים=48 גליל,לילי נייר טואלט חוגלה,,נייר טואלט מולט 24=4,מטרים,883.20,מטר,false,1,42.90,0.05,true,1,
7290016437645,false,חיתולי האגיס פרידום דריי pants מידה 5 34 יחידות,קימברלי קלארק צ'כיה,,האגיס פרידום דריי PA,Unknown,0.00,Unknown,false,1,44.90,44.90,true,1,
7290016448481,false,שימורי כבד דג שיבוט 202 גרם,,IS,שימורי כבד דג שיבוט,גרמים,220.00,100 גרם,false,1,17.70,8.05,true,1,
7290016448634,false,שפרוטים ריגה זהב בצנצנת 250 גרם,,LV,שפרוטים ריגה זהב בצנ,גרמים,250.00,100 גרם,false,1,15.90,6.36,true,1,
7290016448795,false,"משקה זרעי ציה בטעם קוקטייל פירות 290 מ""ל",,VN,משקה זרעי ציה בטעם ק,מיליליטרים,290.00,"100 מ""ל",false,1,7.90,2.72,true,1,
7290016448801,false,"משקה זרעי ציה בטעם קיווי 290 מ""ל",,VN,משקה זרעי ציה בטעם ק,מיליליטרים,290.00,"100 מ""ל",false,1,7.90,2.72,true,1,
7290016448887,false,שפרוטים מעושנים בשמן,אודסקי קונסרברי זאבו,UA,שפרוטים 240 גרם,גרמים,240.00,100 גרם,false,1,9.40,3.92,true,1,
7290016448894,false,ביצקי ברוטב עגבניות 240 גרם,,UA,ביצקי ברוטב עגבניות,גרמים,240.00,100 גרם,false,1,6.90,2.88,true,1,
7290016505009,false,שוקולד פנדה קרם בוטנים טבעוני 100 גרם,"מדשא תעשיות מזון בע""",,שוקולד פנדה קרם בוטנ,גרמים,100.00,100 גרם,false,1,20.80,20.80,true,1,
7290016505023,false,שוקולד פנדה קרם נוגט טבעוני 100 גרם,"מדשא תעשיות מזון בע""",,שוקולד פנדה קרם נוגט,גרמים,100.00,100 גרם,false,1,20.80,20.80,true,1,
7290016509786,false,פרסיל גל לכביסה לבנה וצבעונית-ירוק 2.5 ל,"הנקל סוד בע""\מ",,גל פרסיל ירוק 2.5 ל,ליטרים,0.00,ליטר,false,1,29.90,29.90,true,1,
7290016509823,false,ג'ל לכביסה לבנה וצבעונית בניחוח רענן,"הנקל סוד בע""\מ",,גל פרסיל בלו 2.5 ל,ליטרים,0.00,ליטר,false,1,29.90,29.90,true,1,
7290016509847,false,פרסיל ג'ל לכביסה כהה בלאק 2.5 ליטר,"הנקל סוד בע""\מ",,גל כביסה פרסיל בלאק,ליטרים,0.00,ליטר,false,1,29.90,29.90,true,1,
7290016513042,false,מיקס פירות גן קפוא 250 גר,,,אובליפיחה 250 גר,גרמים,250.00,100 גרם,false,1,15.90,6.36,true,1,
7290016513240,false,אוכמניות כחולות 250 גר,,,אוכמניות כחולות 250,גרמים,250.00,100 גרם,false,1,16.70,6.68,true,1,
7290016513257,false,פטל שחור 250 גר,,,פטל שחור 250 גר,גרמים,250.00,100 גרם,false,1,16.90,6.76,true,1,
7290016513264,false,חמוציות בר 250 גר,,,חמוציות בר 250 גר,גרמים,250.00,100 גרם,false,1,17.70,7.08,true,1,
7290016513271,false,חמוציות 250 גר,,,חמוציות 250 גר,גרמים,250.00,100 גרם,false,1,10.90,4.36,true,1,
7290016513288,false,פטל אדום 250 גר,,,פטל אדום 250 גר,גרמים,250.00,100 גרם,false,1,21.90,8.76,true,1,
7290016513295,false,דומדומית אדומה 250 גר,,,דומדומית אדומה 250 ג,גרמים,250.00,100 גרם,false,1,11.40,4.56,true,1,
7290016513301,false,דומדומית שחורה 250 גר,,,דומדומית שחורה 250 ג,גרמים,250.00,100 גרם,false,1,11.40,4.56,true,1,
7290016513318,false,אוכמניות שחורות 250 גר,,,אוכמניות שחורות 250,גרמים,250.00,100 גרם,false,1,17.70,7.08,true,1,
7290016513325,false,דובדבן 250 גר,,,דובדבן 250 גר,גרמים,250.00,100 גרם,false,1,11.40,4.56,true,1,
7290016513332,false,מיקס פירות 250 גר,,,מיקס פירות 250 גר,גרמים,250.00,100 גרם,false,1,11.40,4.56,true,1,
7290016523195,false,"סטימר לאידוי עץ ""8",Fujian fuzhou tian s,,"סטימר לאידוי עץ ""8",Unknown,0.00,Unknown,false,1,37.90,37.90,true,1,
7290016580150,false,שקיות צליה 10 יח' דנ,,TR,שקיות צליה 10 יח,Unknown,1.00,Unknown,false,1,3.50,3.50,true,1,
7290016580174,false,צלחות 9 צבעומיות דנט,,TR,צלחת 9 גדולה צבעוני,Unknown,1.00,Unknown,false,1,52.50,52.50,true,1,
7290016580723,false,"צלחת פרח שקופה 9"" אר",,CN,צלחת פרח שקופה 9 18,Unknown,1.00,Unknown,false,1,53.90,53.90,true,1,
7290016580853,false,כוס נייר קשיחה 8 OZ,,CN,כוס נייר קשיחה 8 OZ,Unknown,0.00,Unknown,false,1,14.90,14.90,true,1,
7290016580976,false,מנגל חד פעמי 550 גרם,,CN,מנגל חד פעמי 550 גרם,Unknown,1.00,Unknown,false,1,9.90,9.90,true,1,
7290016584011,false,חטיפוני גזר 350 גרם גיזרונים,"מרינה פטריות הגליל בע""מ",,חטיפוני גזר 350 גרם,גרמים,350.00,100 גרם,false,1,10.90,3.11,true,1,
7290016646115,false,"היילה חלווה עם פיסטוק ללת""ס 400 גרם",,אתיופיה,היילה חלווה עם פיסטו,גרמים,400.00,100 גרם,false,1,29.90,7.48,true,1,
7290016682038,false,"מיץ תפוזים 400 מ""ל ""פריניב""",פרי ניב,,מיץ תפוזים פריניב 40,מיליליטרים,400.00,"100 מ""ל",false,1,9.90,2.48,true,1,
7290016682052,false,"מיץ לימונענע 400 מ""ל ""פריניב""",פרי ניב,,מיץ לימונענע פריניב,מיליליטרים,400.00,"100 מ""ל",false,1,9.90,2.48,true,1,
7290016682083,false,"מיץ תות בננה 400 מ""ל ""פריניב""",פרי ניב,,מיץ תות בננה פריניב,מיליליטרים,400.00,"100 מ""ל",false,1,9.90,2.48,true,1,
7290016682168,false,"פריניב מיץ תפוזים ולנסיה סחוט 100% 400 מ""ל",פרי ניב,,מיץ תפוזים ולנסיה פר,מיליליטרים,400.00,"100 מ""ל",false,1,10.50,2.63,true,1,
7290016682182,false,פריניב שייק תמר בננה מופחת סוכר 1 ליטר,פריניב בעמ,,שייק תמר בננה מופחת,מיליליטרים,1000.00,"100 מ""ל",false,1,18.90,1.89,true,1,
7290016682199,false,פריניב שייק תות בננה מופחת סוכר 1 ליטר,הנסיך- מפעל לייצור ט,,שייק תות בננה מופחת,מיליליטרים,1000.00,"100 מ""ל",false,1,18.90,1.89,true,1,
7290016682243,false,פריניב מיץ אשכולית אדומה סחוט 1 ליטר,פריניב,IL,מיץ אשכולית אדומה 1,מיליליטרים,1000.00,"100 מ""ל",false,1,18.90,1.89,true,1,
7290016682250,false,מיץ תפוז גזר פרי ניב 1 ליטר,פרי ניב,,מיץ תפוגזר 1 ליטר פר,מיליליטרים,1000.00,"100 מ""ל",false,1,17.20,1.72,true,1,
7290016682335,false,מיץ תפוזים סחוט פריניב 2 ליטר,פרי ניב,,סחוט טרי תפוזים 2 לי,ליטרים,0.00,ליטר,false,1,24.90,24.90,true,1,
7290016682342,false,מיץ תפוזים וולנסיה פרי ניב 2 ליטר-,פרי ניב,,מיץ תפוז וולנסיה 100,ליטרים,0.00,ליטר,false,1,24.90,24.90,true,1,
7290016682359,false,מיץ תפוזים שמוטי פרי ניב 2 ליטר-,פרי ניב,,מיץ תפוז שמוטי 100%,ליטרים,0.00,ליטר,false,1,24.90,24.90,true,1,
7290016682366,false,מיץ תפוח צלול פרי ניב 2 ליטר-,פריניב,,סחוט טרי תפוח צלול 2,ליטרים,0.00,ליטר,false,1,24.90,24.90,true,1,
7290016682373,false,משקה קל לימונדה בלאדי 2 ליטר פריניב,פריניב,,נקטר לימונדה בלדי 2,ליטרים,0.00,ליטר,false,1,25.90,25.90,true,1,
7290016682380,false,מיץ טבעי לימונדה ולואיזה פרי ניב 2 ליטר-,פרי ניב,,מיץ לימונדה לואיזה פ,ליטרים,0.00,ליטר,false,1,24.90,24.90,true,1,
7290016682397,false,מיץ חמוציות פרי ניב 2 ליטר-,פרי ניב,,מיץ חמוציות 2 ליטר,ליטרים,0.00,ליטר,false,1,25.90,25.90,true,1,
7290016682441,false,100% מיץ תפוזים מיוצר מרכז טבעי,פרי ניב,IL,מיץ תפוזים פריניב 1,מיליליטרים,1000.00,"100 מ""ל",false,1,15.90,1.59,true,1,
7290016717051,false,משקה Buzz מוגז בטעם רימון מבוסס יין אדום מתוק,יקבי כרמל Carmel Winery,,יין רימון באזז יקבי,Unknown,0.00,Unknown,false,1,28.90,28.90,true,1,
7290016717631,false,יין מוסקטו בעל חוזק אלכוהול נמוך פרייבט קולקשן,אגודת הכורמים הקואופרטיב,,יין מוסקטו P.C לבן מ,Unknown,0.00,Unknown,false,1,37.90,37.90,true,1,
7290016717976,false,"יין סלקטד באז אפרסק כרמל 750 מ""ל",כרמל מזרחי,IL,יין BUZZ ספארקלינג,Unknown,0.00,Unknown,false,1,28.90,28.90,true,1,
7290016862997,false,בקבוק 200+קש כסף,,,בקבוק 200 מל עם מכסה,קילוגרמים,0.00,"ק""ג",false,1,5.00,5.00,true,1,
7290016864281,false,פלטה מרובעת ידית פלס,,,פלטה מרובעת ידית פלס,Unknown,0.00,Unknown,false,1,25.90,25.90,true,1,
7290016866643,false,פרודונטקס מ.שיניים אקסטרה פרש 75 מל,פרודונטקס Parodontax,,משחת שיניים פרודנטקס,Unknown,0.00,Unknown,false,1,30.90,30.90,true,1,
7290016866650,false,"פרודונטקס - משחת שיניים אוריג'ינל 75 מ""ל",פרודונטקס Parodontax,,משחת שיניים פרודנטקס,Unknown,0.00,Unknown,false,1,30.90,30.90,true,1,
7290016866674,false,"פרודונטקס - משחת שיניים מלבינה 75 מ""ל",פרודונטקס Parodontax,,משחת שיניים פרודונטק,Unknown,0.00,Unknown,false,1,30.90,30.90,true,1,
7290016866728,false,סטייל מסכה קרטין E 500 מל לשיקום שיער יב,סטייל Style,,מסכת קרטין E סטייל 5,מיליליטרים,500.00,"100 מ""ל",false,1,39.90,7.98,true,1,
7290016867152,false,"מארז פיתות קלות כוסמין 5 יחידות ד""ר מרק",המאפה של דר מרק בריא,,פיתות קלות כוסמין 5,גרמים,330.00,100 גרם,false,1,14.90,4.52,true,1,
7290016912616,false,סרקל שמפו לילדים לשיער בהיר - בלונדיני,פישר מעבדות פרמצבטיות,,שמפו בלונד סרקל 1 לי,מיליליטרים,1000.00,"100 מ""ל",false,1,29.90,2.99,true,1,
7290016945034,false,עגבניה מגי,,,עגבניה מגי,Unknown,0.00,"ק""ג",true,0,9.90,9.90,true,1,
7290016953763,false,"שמפו אורגני לבנדר מנטה 500 מ""ל",,,שמפו אורגני לבנדר מנ,מיליליטרים,500.00,"100 מ""ל",false,1,39.90,7.98,true,1,
7290016995329,false,מלח הימליה גס במלחייה250,תבואות,,מלח הימלאיה גס 250 ג,גרמים,250.00,100 גרם,false,1,9.90,3.96,true,1,
7290016995701,false,מחית בננה תפוח אורגני 100 גרם,תבואות,,מחית בננה תפוח אורגנ,גרמים,100.00,100 גרם,false,1,4.90,4.90,true,1,
7290016995718,false,מחית אגס ותפוח אורגני 100 גרם,תבואות,,מחית אגס ותפוח אורגנ,גרמים,100.00,100 גרם,false,1,4.90,4.90,true,1,
7290016995725,false,מחית מנגו תפוח אפרסק אורגני 100 גרם,תבואות מוצרי מזון או,,מחית מנגו תפוח אפרסק,גרמים,100.00,100 גרם,false,1,4.90,4.90,true,1,
7290017023212,false,"שוויפס מוגז פירות תפוח מארז רביעייה* 330 מ""ל",יפאורה תבורי בעמ,,רביעיית שוופס מוגז פ,מיליליטרים,1320.00,"100 מ""ל",false,1,16.70,1.27,true,1,
7290017023229,false,רביעיית פחיות שוופס מוגז פירות תות ליים 330 מל.,יפאורה תבורי בעמ,,שוופס מוגז פירות תות,מיליליטרים,1320.00,"100 מ""ל",false,1,16.70,1.27,true,1,
7290017023236,false,רביעיית פחיות שוופס מוגז פירות ענבים 330 מל.,יפאורה תבורי בעמ,,רביעיית שוופס מוגז פ,מיליליטרים,1320.00,"100 מ""ל",false,1,16.70,1.27,true,1,
7290017023663,false,"שוופס מיץ פירות לימונייד פחית מארז 330X4מ""ל",יפאורה תבורי,,רביעיית שוופס מוגז ל,מיליליטרים,1320.00,"100 מ""ל",false,1,16.70,1.27,true,1,
7290017023823,false,"רביעיית ספרינג תות בננה 250 מ""ל","יפאורה תבורי בע""\מ",IL,ספרינג תות בננה 250,מיליליטרים,1000.00,"100 מ""ל",false,1,14.90,1.49,true,1,
7290017023854,false,מי סודה בקבוקים אישיים - מארז 4 יח',יפאורה תבורי בעמ,,"שוופס סודה 250 מ""ל ר",מיליליטרים,1000.00,"100 מ""ל",false,1,14.90,1.49,true,1,
7290017023861,false,סודה בטעם לימון בקבוקים אישיים - מארז 4 יח',יפאורה תבורי בעמ,,שוופס סודה לימון 250,מיליליטרים,1000.00,"100 מ""ל",false,1,14.90,1.49,true,1,
7290017023878,false,סודה בטעם נענע ליים בקבוקים אישיים - מארז 4 יח',יפאורה תבורי בעמ,,שוופס סודה נענע ליים,מיליליטרים,1000.00,"100 מ""ל",false,1,14.90,1.49,true,1,
7290017031477,false,"סנסודיין משחת שיניים רפיד רליף להלבנה 75 מ""ל","סמיתקליין ביצ'ם בע""מ",GB,משחת שיניים סנסודיין,מיליליטרים,75.00,"100 מ""ל",false,1,28.50,38.00,true,1,
7290017031705,false,משחת שיניים סנסודיין הגנה מלאה רגיל,גלקסוס סמית קליין,IE,משחת שיניים סנסודיין,Unknown,0.00,Unknown,false,1,22.90,22.90,true,1,
7290017031811,false,פרודונטקס מברשת שיניים אקסטרא סופט א.זוג,גלקסוסמיתקליין,CN,מברשות שיניים פרודונ,Unknown,0.00,Unknown,false,1,27.90,27.90,true,1,
7290017031859,false,"פרודונטקס - משחת שיניים אולטרא קלין 75 מ""ל","מאסטרפוד אוסטריה בע""מ",GB,משחת שיניים פרודונטק,Unknown,0.00,Unknown,false,1,30.90,30.90,true,1,
7290017058016,false,אנשובי בצנצנת עם צלפים 100 גרם,Inversiones prisco s,,אנשובי בצנצנת עם צלפ,גרמים,100.00,100 גרם,false,1,11.60,11.60,true,1,
7290017058092,false,שיבולת שועל שלמה 600 גר גוד מורנינג,,,שיבולת שועל שלמה 600,גרמים,600.00,100 גרם,false,1,7.90,1.32,true,1,
7290017058139,false,רביעיית מחית תפוח עץ ותות שדה תומר 113 גרם,אינדיאן סאמר קו אופ אינק,,רסק תפוח עץ עם תות ש,גרמים,452.00,100 גרם,false,1,13.50,2.99,true,1,
7290017058177,false,אנשובי בצנצנת עם צילי חריף 100 גרם,,,אנשובי בצנצנת עם ציל,גרמים,100.00,100 גרם,false,1,12.50,12.50,true,1,
7290017058573,false,תומר פרוסות פלפל חלפיניו בחומץ 340 גרם,אינדיה אגרו אקספורט,,פרוסות פלפל חלפיניו,גרמים,340.00,100 גרם,false,1,9.90,2.91,true,1,
7290017058795,false,תירס גמדי שלם במי מלח בצנצנת 340 גרם,אינדיה אגרו אקספורט,,תירס גמדי שלם במי מל,גרמים,340.00,100 גרם,false,1,7.90,2.32,true,1,
7290017062716,false,מרכך כביסה מרוכז ורוד טאצ 1ל',סאסאטק,,מרכך כביסה מרוכז ורו,Unknown,0.00,Unknown,false,12,11.90,11.90,true,1,
7290017062723,false,מרכך כביסה מרוכז ירוק 1*5 ליטר טאצ,,,מרכך כביסה מרוכז ירו,Unknown,0.00,Unknown,false,12,11.90,11.90,true,1,
7290017065007,false,פרוסות גבינה מוצרלה חצי קשה 22% שומן 200 ג' גד,מחלבות גד בעמ,,פרוסות מוצרלה גד 200,גרמים,200.00,100 גרם,false,1,18.50,9.25,true,1,
7290017065137,false,ריקוטה למריחה 5% טבעית 200 גרם - רובין,האי נאם סי או אל.טי.,,ריקוטה למריחה 5% טבע,גרמים,200.00,100 גרם,false,1,10.10,5.05,true,1,
7290017065144,false,ריקוטה למריחה בתוספת בזיליקום 5% גד 200 גם,האי נאם סי או אל.טי.,,ריקוטה למריחה 5% בזי,גרמים,200.00,100 גרם,false,1,10.10,5.05,true,1,
7290017065168,false,גבינה כחולה denish blue cheese 100 גרם,ST.CLEMENS-BOMHOLMWS,,גבינה כחולה 100 גר,גרמים,100.00,100 גרם,false,1,18.80,18.80,true,1,
7290017065212,false,גבינת קרם מסקרפונה מחלבות גד 250 גר,מיוצר עי קוד יצרן ED,,קרם מסקרפונה 250 גר,גרמים,250.00,100 גרם,false,1,17.60,7.04,true,1,
7290017065236,false,גבינה בולגרית מעודנת 24% גד 250 גרם,הנסיך- מפעל לייצור ט,,גבינה בולגרית מעודנת,גרמים,250.00,100 גרם,false,1,22.60,9.04,true,1,
7290017065311,false,פרוסות גבינה מוצרלה מעושנת 200 ג',מחלבות גד בעמ,,פרוסות מוצרלה מעושנת,גרמים,200.00,100 גרם,false,1,18.50,9.25,true,1,
7290017065380,false,גבינת גרנה פדנו שבבים גד 100 גרם,גבינות מדף,IL,שבבי גרנה פדנו 100 ג,גרמים,100.00,100 גרם,false,1,13.90,13.90,true,1,
7290017065434,false,גבינה גאודה פרוסה הולנדית 200 גר',מחלבות גד בעמ,IL,פרוסות גאודה בקר 200,גרמים,200.00,100 גרם,false,1,21.90,10.95,true,1,
7290017065441,false,גבינה גאודה עיזים פרוסה הולנדית 200 גר',גבינות מדף,IL,פרוסות גאודה עיזים 2,גרמים,200.00,100 גרם,false,1,33.90,16.95,true,1,
7290017065526,false,קוואטרו פורמאג'י 4 גבינות מגוררות 26%,"מחלבות גד בע""\מ",IL,גבינה קוואטרו פורמאג,גרמים,300.00,100 גרם,false,1,29.90,9.97,true,1,
7290017065588,false,יוגורט יווני 10% שומן 600 ג' גד,"מיוצר ע""\י קוד יצרן MKN",IL,יוגורט יווני 10% 600,גרמים,600.00,100 גרם,false,1,15.90,2.65,true,1,
7290017065618,false,גבינת פקורינו פרוס גד 150 גרם,הנסיך- מפעל לייצור ט,ES,פקורינו פרוס 150 גר,גרמים,150.00,100 גרם,false,1,21.60,14.40,true,1,
7290017065649,false,קרם פטיסייר מחלבות גד,מיוצר עי קוד יצרן ED,IL,קרם פטיסייר 250 גר,גרמים,250.00,100 גרם,false,1,19.90,7.96,true,1,
7290017065663,false,גבינת פטה עיזים מעודנת 16% גד 200 גרם,ג'נרל מילס סאן אדריא,,פטה עיזים מעודנת 16%,גרמים,250.00,100 גרם,false,1,30.90,12.36,true,1,
7290017065731,false,גבינת שמנת 30% ניו יורק +כמהין 200 גרם רבנות,פ.פ.ח. שאביט,IL,גבינת שמנת עם כמהין,גרמים,200.00,100 גרם,false,1,12.90,6.45,true,1,
7290017065762,false,גבינה יוונית מאנורי 30% שומן 100 ג' גד,גבינות מדף,IL,גבינת מאנורי 100 גרם,גרמים,100.00,100 גרם,false,1,10.90,10.90,true,1,
7290017065786,false,"גבינת צ`דר מחלבות גד , 210 גרם","מחלבות גד בע""\מ",,צדר 210 גרם,גרמים,210.00,100 גרם,false,1,22.90,10.90,true,1,
7290017065861,false,קאצ'יו אה פפה-רוטב פקורינו 200 גרם גד,גבינות מדף,,קאציו אה פפה 200 גרם,גרמים,200.00,100 גרם,false,1,15.50,7.75,true,1,
7290017065878,false,רוטב לפסטה מק אנד צ'יז גד 200 גרם,גבינות מדף,,רוטב מק אנד ציז 200,גרמים,200.00,100 גרם,false,1,15.50,7.75,true,1,
7290017105048,false,שלישייה שימורי טבעות זיתים יכין 200 גר,יכין,,שלישייה שימורי טבעות,גרמים,200.00,100 גרם,false,1,15.90,7.95,true,1,
7290017105062,false,גרגירי חומוס שלם יכין הקטניה הטובה 200 ג,היינץ צפון אמריקה מק,IL,גרגירי חומוס שלם יכי,גרמים,200.00,100 גרם,false,1,4.50,2.25,true,1,
7290017105079,false,שעועית לבנה ברוטב עגבניות יכין הקטניה הט,היינץ צפון אמריקה מק,,שימורי יכין שעועית א,גרמים,200.00,100 גרם,false,1,4.50,2.25,true,1,
7290017105086,false,שימורי יכין שעועית צילי 200 גר,"זנלכל בע""\מ",,שימורי יכין שעועית צ,גרמים,200.00,100 גרם,false,1,4.50,2.25,true,1,
7290017105116,false,תורמוס הקטניה הטובה יכין 200/105 גרם,"זנלכל בע""\מ",,שימורי יכין תורמוס 2,גרמים,200.00,100 גרם,false,1,4.50,2.25,true,1,
7290017105123,false,פול מצרי הקטניה הטובה יכין 200/105 גרם,היינץ צפון אמריקה מק,IL,שימורי פול יכין הקטנ,גרמים,200.00,100 גרם,false,1,4.50,2.25,true,1,
7290017105468,false,מארז שלישייה אפונה קטנה יכין 3*200 גר,קשקמט קונסרב הונגריה,IL,מארז שלישייה אפונה ק,גרמים,600.00,100 גרם,false,1,14.90,2.48,true,1,
7290017105550,false,רביעיית רסק עגבניות 100% יכין 4X100 גרם,היינץ צפון אמריקה מק,IL,מאגדת רסק 100% עגבני,גרמים,400.00,100 גרם,false,1,11.80,2.95,true,1,
7290017105895,false,גרגרי חומוס להכנת חומוס משובח יכין 560 ג,זנלכל,IL,גרגירי חומוס מסעדות,Unknown,550.00,Unknown,false,1,8.90,0.02,true,1,
7290017106069,false,"קוביות סלק יכין, 550 גרם",היינץ צפון אמריקה מק,IL,קוביות סלק יכין 550,גרמים,550.00,100 גרם,false,1,9.90,1.80,true,1,
7290017117997,false,בקבוק 200+קש ברונזה,,,בקבוק 200 מל עם מכסה,קילוגרמים,0.00,"ק""ג",false,1,5.00,5.00,true,1,
7290017118925,false,מאג פורצלן לבן אפור,,,מאג פורצלן לבן אפור,Unknown,0.00,Unknown,false,1,13.90,13.90,true,1,
7290017118949,false,מאג פורצלן לבן ורוד,,,מאג פורצלן לבן ורוד,Unknown,0.00,Unknown,false,1,13.90,13.90,true,1,
7290017118963,false,מאג פורצלן לבן ירוק,,,מאג פורצלן לבן ירוק,Unknown,0.00,Unknown,false,1,13.90,13.90,true,1,
7290017141053,false,בירה אוק אנד אש ניפה,,,בירה אש ניפה 330 מל,מיליליטרים,330.00,"100 מ""ל",false,1,13.90,4.21,true,1,
7290017141114,false,אוק אנד אש - בירה אש בלונדינית,,IL,בירה אש בלונדינית 33,מיליליטרים,330.00,"100 מ""ל",false,1,13.90,4.21,true,1,
7290017142159,false,"שלישיית נתחי טונה בהירה בשמן זית 80 גרם ""עץ הזית""",הנסיך- מפעל לייצור ט,,שלישיה טונה בשמן זית,גרמים,240.00,100 גרם,false,1,20.90,8.71,true,1,
7290017142180,false,פילה טונה בשמן זית בטעם לימון עם פלפל שחור 120 ג',"יוניקורד ח.צ בע""מ",,פילה טונה פרוס בשמן,גרמים,120.00,100 גרם,false,1,15.60,13.00,true,1,
7290017142203,false,"פילה טונה פרוס עם שמן זית בטעם מעושן 120 גרם ""עץ הזית""","יוניקורד ח.צ בע""מ",,פילה טונה פרוס בשמן,גרמים,120.00,100 גרם,false,1,15.60,13.00,true,1,
7290017142234,false,"פתיתי טונה בהירה בשמן זית מעושן ""עץ הזית""","יוניקורד ח.צ בע""מ",TH,פתיתי טונה בשמן זית,גרמים,85.00,100 גרם,false,1,9.90,11.65,true,1,
7290017142340,false,שמן זרעי ענבים מזוכך 1 לי עץ הזית,אף.ג'\יי.סנצ'\ז סוקחורס,TH,שמן זרעי ענבים 1 ליט,מיליליטרים,1000.00,"100 מ""ל",false,1,31.50,3.15,true,1,
7290017142364,false,"שמן דלעת לא מזוכך 250 מ""ל עץ-הזית",גאה די.או.או,SI,שמן דלעת לא מזוכך עץ,מיליליטרים,250.00,"100 מ""ל",false,1,41.90,16.76,true,1,
7290017142371,false,"שמן שומשום לא מזוכך עץ הזית 250 מ""ל",גאה די. או. או.,SI,שמן שומשום עץ הזית 2,מיליליטרים,250.00,"100 מ""ל",false,1,31.50,12.60,true,1,
7290017142487,false,"LUNCH TO GO בורגול עם חומוס טונה בשמן זית 160 גרם ""עץ הזית""",יוניקורד ח.צ בעמ,TH,בורגול עם גרגירי חומ,גרמים,160.00,100 גרם,false,1,13.90,8.69,true,1,
7290017177854,false,מגש הגשה מפלסטיק לבן,,,מגש הגשה מפלסטיק לבן,Unknown,0.00,Unknown,false,1,12.00,12.00,true,1,
7290017180588,false,ריבת בצל יין אדום וסויה 250 גרם,,IL,ריבת בצל יין אדום וס,גרמים,250.00,100 גרם,false,1,18.90,7.56,true,1,
7290017181363,false,רוטב לשקשוקה דודה ברטה 700 גרם,,IL,רוטב לשקשוקה דודה בר,גרמים,700.00,100 גרם,false,1,23.90,3.41,true,1,
7290017217598,false,גלילי עץ אקולוגיים להדלקת פחם 300 ג' EASY LIGHT,הוסטס,,גלילי עץ אקולוגיים ל,גרמים,300.00,100 גרם,false,1,14.90,4.97,true,1,
7290017232218,false,לחם קלאסי מופחת פחמימות איטסיין 430 גרם,,,לחם קלאסי מופחת פחמי,גרמים,430.00,100 גרם,false,1,25.90,6.02,true,1,
7290017232225,false,לחם גלילי מופחת פחמימות איטסיין 450 גרם,דבידוביץ,,לחם גלילי מופחת פחמי,גרמים,450.00,100 גרם,false,1,25.90,5.76,true,1,
7290017243313,false,סופהרב - קולגן קומפלקס 60 טבליות,LTD .AMBROZIA,,קולגן קומפלקס 60 טבל,Unknown,0.00,Unknown,false,1,112.90,112.90,true,1,
7290017253084,false,מגבונים לחים פרשיס דיספנסר 72 יח',,IL,מגבונים לחים פרשיס ד,Unknown,0.00,Unknown,false,1,5.90,5.90,true,1,
7290017266909,false,וופלים מעולים במילוי קרם בטעם שוקולד SUNי 200 גרם,"גילרו בע""מ",IL,SUN וופלים במילוי קר,גרמים,200.00,100 גרם,false,1,4.90,2.45,true,1,
7290017289601,false,"יין בלנד לבן 750 מ""ל אימפרשיאון",יקב טפרברג 1870 בעמ,,IMPRESSION בלנד לבן,Unknown,0.00,Unknown,false,1,49.90,49.90,true,1,
7290017289786,false,יין קברנה-מרלו-פטי וורדו,יקב טפרברג 1870,,יין INSPIRE מריטאז 2,Unknown,0.00,Unknown,false,1,83.90,83.90,true,1,
7290017320038,false,מאג שח/לב HAPPY,,,מאג ניו בון ציינה HA,Unknown,0.00,Unknown,false,1,9.90,9.90,true,1,
7290017320755,false,גאז סט סכום 24 חל. באריזת מגנט 1/4,,,גאז סט סכום 24 חלק 1,Unknown,0.00,Unknown,false,1,329.00,329.00,true,1,
7290017321080,false,מלחייה פרמזן/תבלינים,,,מלחייה פרמזן/תבלינים,Unknown,0.00,Unknown,false,1,6.90,6.90,true,1,
7290017325385,false,100% חמאה אורגנית 200 גרם - אדמה,,NL,חמאה אורגנית אדמה 20,גרמים,200.00,100 גרם,false,1,15.90,7.95,true,1,
7290017386027,false,חמאת בוטנים קראנץ כרם - 510 גר,"רופארל פודס בע""מ",IN,חמאת בוטנים קראנץ כר,גרמים,510.00,100 גרם,false,0,12.90,2.53,true,1,
7290017386041,false,חמאת בוטנים קלאסית כרם - 510 גר,"רופארל פודס בע""מ",IN,חמאת בוטנים קלאסית כ,גרמים,510.00,100 גרם,false,0,12.90,2.53,true,1,
7290017386058,false,רוטב עגבניות אורגניות מרוסקות - 700 גרם,terre di sangiorgio,IT,רוטב עגבניות,גרמים,700.00,100 גרם,false,1,11.90,1.70,true,1,
7290017386157,false,"קמח כוסמין לבן כרם - 1 ק""ג",עץ השדה,IL,קמח כוסמין לבן כרם,גרמים,1000.00,100 גרם,false,1,14.60,1.46,true,1,
7290017386430,false,"תרסיס שמן אגוזי קוקוס טהור 200 מ""ל",קומפניה אלימנטרה איט,IT,תרסיס שמן אגוזי קוקו,מיליליטרים,200.00,"100 מ""ל",false,1,29.90,14.95,true,1,
7290017386454,false,"תרסיס שמן זרעי ענבים טהור 200 מ""ל",קומפניה אלימנטרה איט,IT,תרסיס שמן זרעי ענבים,מיליליטרים,200.00,"100 מ""ל",false,1,29.90,14.95,true,1,
7290017386997,false,מי קוקוס אורגניים 1 ליטר,,VN,מי קוקוס אורגניים 1,מיליליטרים,1000.00,"100 מ""ל",false,1,16.70,1.67,true,1,
7290017389011,false,מנגו מיובש ללא סוכר 160 גרם קופסא,"דין שיווק וקלייה בע""",,מנגו מיובש ללא סוכר,גרמים,160.00,100 גרם,false,1,22.90,14.31,true,1,
7290017432090,false,טי פור 2 - ספל מאג ע,,,טי פור 2 - ספל מאג ע,Unknown,0.00,Unknown,false,1,37.90,37.90,true,1,
7290017433042,false,קולפן שוויצרי חלק ארקוסטיל Y,,,קולפן Y שוויצרי חלק,קילוגרמים,0.00,"ק""ג",false,1,24.90,24.90,true,1,
7290017440248,false,סרקל מרכך לילדים לשיער מתולתל 1 ליטר,פישר מעבדות פרמצבטיות בע,IL,מרכך סרקל לשיער מתול,מיליליטרים,1000.00,"100 מ""ל",false,1,31.50,3.15,true,1,
7290017440309,false,"ד""ר פישר - קידס שמפו ויטמינים 750 מ""ל","ד""ר פישר Dr fischer",IL,"שמפו ד""ר פישר קידס 7",מיליליטרים,750.00,"100 מ""ל",false,1,16.90,2.25,true,1,
7290017457574,false,כדוריות סבון נתלה לאסלה בניחוח פרחים - 3 יח',הנקל סוד,RS,גל נתלה לאסלה סוד כד,גרמים,150.00,100 גרם,false,1,26.50,17.67,true,1,
7290017457581,false,"מרכך כביסה סוד מרוכז קוקוס 900 מ""ל",הנקל סוד,IL,מרכך כביסה סוד מרוכז,מיליליטרים,900.00,"100 מ""ל",false,1,15.60,1.73,true,1,
7290017457628,false,גל כביסה סוד טוטאל כחול 2.5 ליטר,הנקל סוד,IL,סוד גל לכביסה 2.5 לי,ליטרים,0.00,ליטר,false,1,21.90,21.90,true,1,
7290017457727,false,"סוד כחול מרכך כביסה מרוכז20%+בישום 900 מ""ל",הנקל סוד,IL,מרכך כביסה סוד מרוכז,מיליליטרים,900.00,"100 מ""ל",false,1,15.60,1.73,true,1,
7290017457734,false,"סוד ורוד מרכך כביסה מרוכז20%+בישום 900 מ""ל",הנקל סוד,IL,מרכך כביסה סוד מרוכז,מיליליטרים,900.00,"100 מ""ל",false,1,15.60,1.73,true,1,
7290017457871,false,סוד ג'ל כביסה ירוק טוטאל 4 ליטר,הנקל סוד,IL,סוד גל לכביסה 4 ליטר,ליטרים,0.00,ליטר,false,1,32.90,32.90,true,1,
7290017457888,false,סוד ג'ל כביסה כחול טוטאל 4 ליטר,הנקל סוד,IL,סוד גל לכביסה 4ליטר,ליטרים,0.00,ליטר,false,1,32.90,32.90,true,1,
7290017457949,false,"פרסיל א.כ לבגדי תינוקות ולבעלי עור רגיש 2.5 ק""ג",פרסיל Persil,,אבקת כביסה פרסיל לתי,קילוגרמים,0.00,"ק""ג",false,1,29.50,29.50,true,1,
7290017460086,false,פירורי לחם קלאסי זהב 400 גרם,נווה התבלין,IL,פירורי לחם קלאסי זהב,גרמים,400.00,100 גרם,false,1,10.90,2.73,true,1,
7290017477169,false,קשיו קלוי 250 גרם ששון הקולה,"דין שיווק וקלייה בע""",,קשיו קלוי 250 גרם שש,גרמים,250.00,100 גרם,false,1,20.00,8.00,true,1,
7290017477299,false,תערובת געלה שקדיה 20,דין שיווק,IL,געלה 200 גרם,גרמים,200.00,100 גרם,false,1,9.90,4.95,true,1,
7290017477367,false,מטבעות שוקולד לבן לאפיה שקדיה 300 גרם,דין שיווק,IL,מטבעות שוקולד לבן לא,גרמים,300.00,100 גרם,false,1,15.60,5.20,true,1,
7290017477374,false,מטבעות שוקולד חלב לאפיה שקדיה 300 גרם,דין שיווק,IL,מטבעות שוקולד חלב,גרמים,300.00,100 גרם,false,1,15.60,5.20,true,1,
7290017477381,false,מטבעות שוקולד מריר 45% לאפיה שקדיה 300 גרם,דין שיווק,IL,מטבעות שוקולד מריר,גרמים,300.00,100 גרם,false,1,15.60,5.20,true,1,
7290017477596,false,תמר מג'הול פרימיום בקופסא ששון הקולה 400 גרם,"שקדיה גבע תעשיות בע""",IL,תמר מגהול פרימיום 40,גרמים,400.00,100 גרם,false,1,19.90,4.98,true,1,
7290017490618,false,סיידר גינגר חומץ תפוחים 120 כמוסות,NATURAL MARSHAL,IL,סיידר גינגר חומץ תפו,גרמים,66.00,100 גרם,false,1,139.90,211.97,true,1,
7290017506012,false,שוקולד  85% 60 גרם RAW,,IL,שוקולד  85% 60 גרם R,גרמים,60.00,100 גרם,false,1,22.90,38.17,true,1,
7290017513775,false,פליפז בייגלה מצופה שוקולד חלב מקוויטיס 140 גרם,שוורצקוף& הנקל דיסלד,TR,בייגלה פליפז מצופה ב,גרמים,140.00,100 גרם,false,1,8.90,6.36,true,1,
7290017513782,false,פליפז בייגלה מצופה שוקולד מריר מקוויטיס 140 גרם,שוורצקוף& הנקל דיסלד,TR,בייגלה פליפז מצופה ב,גרמים,140.00,100 גרם,false,1,8.90,6.36,true,1,
7290017513850,false,תה ירוק נענע 25 שקיקים בתוספת ויטמינים Cּּ+D,ויסוצקי ירוק,,תה ירוק נענע + ויטמי,גרמים,38.00,100 גרם,false,1,24.90,65.53,true,1,
7290017516295,false,חטיף חלבון פרוטאין אגוז לוז שוקולד 50 גר,פנגיאה,,חטיף חלבון פרוטאין א,גרמים,50.00,100 גרם,false,1,10.90,21.80,true,1,
7290017516318,false,חטיף חלבון פרוטאין שוקולד 50 גר,פנגיאה,,חטיף חלבון פרוטאין ש,גרמים,50.00,100 גרם,false,1,10.90,21.80,true,1,
7290017516332,false,חטיף חלבון פרוטאין חמאת בוטנים 50 גר,פנגיאה,,חטיף חלבון פרוטאין ח,גרמים,50.00,100 גרם,false,1,10.90,21.80,true,1,
7290017589565,false,"ברקן, גוורצטרמינר לבן חצי יבש 750 מל",יקבי ברקן שיווק והפצ,,יין קלאסיק גוורצטרמי,Unknown,0.00,Unknown,false,1,32.90,32.90,true,1,
7290017599229,false,ממתיק סוכרלוז 200 טבליות סוכרזית,"סוכרזית בע""מ",IL,סוכרזית סוכרלוז 200,Unknown,0.00,Unknown,false,1,24.90,24.90,true,1,
7290017599267,false,סוכרלוז 120 שקיות ממתיק שולחני,סוכרזית Sucrazit,,סוכרזית סוכרלוז 120,גרמים,100.00,100 גרם,false,1,28.90,28.90,true,1,
7290017617046,false,נתחי טונה בשמן זית כתית מעולה רביעיה * 140 ג',סטארקיסט,,רביעיית טונה בשמן זי,גרמים,560.00,100 גרם,false,1,28.90,5.16,true,1,
7290017617091,false,סטארקיסט מיקס טוגו טונה עם פתיתים 185 גרם,דרדנל אונוסטאס גידה,,סטארקיסט מיקס טו גו,גרמים,185.00,100 גרם,false,1,13.50,7.30,true,1,
7290017617107,false,סטארקיסט מיקס טוגו טונה עם 4 דגנים 185 גרם,"איטיליאן פוד, אס.פי.",,סטארקיסט מיקס טו גו,גרמים,185.00,100 גרם,false,1,13.50,7.30,true,1,
7290017617138,false,רביעיית טונה סטארקיסט בשמן קנולה דל נתרן 160 גרם,"סטארקיסט פודור בע""מ",,סטארקיסט טונה קנולה,גרמים,640.00,100 גרם,false,1,24.90,3.89,true,1,
7290017617411,false,סטארקיסט מיקס סלמון עם אורז מלא וירקות 160 גרם,גראאל אס איי,PL,טונה סטארקיסט סלמון,גרמים,160.00,100 גרם,false,1,15.90,9.94,true,1,
7290017617435,false,סטארקיסט מיקס סלמון עם עדשים קינואה וירק 160 גרם,גראאל אס איי,PL,טונה סטארקיסט סלמון,גרמים,160.00,100 גרם,false,1,15.90,9.94,true,1,
7290017631110,false,בשר עם אורז טושונקה 400 גר,,IL,בשר עם אורז טושונקה,גרמים,400.00,100 גרם,false,1,14.90,3.73,true,1,
7290017631622,false,בשר עם כוסמת טושונקה 400 גר,,IL,בשר עם כוסמת טושונקה,גרמים,400.00,100 גרם,false,1,14.90,3.73,true,1,
7290017637549,false,מרכך לשיער בלונד בהיר מיקי בוגנים 500 מל,סאסא קוסמטיקס,,מרכך לשיער בלונד 500,Unknown,0.00,Unknown,false,1,39.90,39.90,true,1,
7290017637563,false,שמפו לתלתלים מושלמים 500 מל מיקי בוגנים,סאסא קוסמטיקס,,שמפו לתלתלים מושלמים,Unknown,0.00,Unknown,false,1,24.90,24.90,true,1,
7290017637570,false,מרכך לתלתלים מושלמים 500 מל מיקי בוגנים,סאסא קוסמטיקס,,מרכך לתלתלים מושלמים,Unknown,0.00,Unknown,false,1,24.90,24.90,true,1,
7290017637587,false,קרם לתלתלים מושלמים 200 מל בוגנים,סאסא קוסמטיקס,,קרם לתלתלים מושלמים,Unknown,0.00,Unknown,false,1,27.90,27.90,true,1,
7290017637655,false,שמפו קרטין ללא מלח מיקי בוגנים 500 מל,סאסא קוסמטיקס,,שמפו קרטין ללא מלחים,Unknown,0.00,Unknown,false,1,29.90,29.90,true,1,
7290017647425,false,"יין גמלא קברנה סוביניון שנת 2018 750 מ""ל",יקבי רמת הגולן,,יין גמלא קברנה סובינ,Unknown,0.00,Unknown,false,1,64.40,64.40,true,1,
7290017647708,false,"רמת הגולן גמלא גוורצטרמינר, 750 מ""ל י יקב רמת הגולן",מיוצר וממולא על ידי יקב,,יין גמלא גוורצטרמינר,Unknown,0.00,Unknown,false,1,64.90,64.90,true,1,
7290017647722,false,"יין גמלא בלאנקו 20 עברית 750 מ""ל",יקבי רמת הגולן,,יין גמלא בלאנקו 20 ע,Unknown,0.00,Unknown,false,1,64.90,64.90,true,1,
7290017647852,false,"יין ירדן מרלו 2019 750 מ""ל",יקבי רמת הגולן,,יין ירדן מרלו 2019 7,Unknown,0.00,Unknown,false,1,99.90,99.90,true,1,
7290017670102,false,מאג 370 ישר,,,מאג ניו בון ציינה י,Unknown,0.00,Unknown,false,1,9.90,9.90,true,1,
7290017672571,false,בקבוק קטשופ שקוף 0.,,,בקבוק קטשופ שקוף 0.,Unknown,0.00,Unknown,false,1,6.90,6.90,true,1,
7290017672588,false,בקבוק קטשופ שקוף 0.7,,,בקבוק קטשופ שקוף 0.7,Unknown,0.00,Unknown,false,1,8.90,8.90,true,1,
7290017677804,false,"רוטב סויה ללא חומרים משמרים קיקומן 444 מ""ל",קיקומן פודז אינק,,רוטב סויה קיקומן 444,מיליליטרים,444.00,"100 מ""ל",false,1,19.90,4.48,true,1,
7290017712192,false,פרמיו נתחי פילה עוף ועשבי תיבול 100 גר,פרמיו Premio,,פרמיו שימורי מזון מל,Unknown,0.00,Unknown,false,1,4.90,4.90,true,1,
7290017712208,false,פרמיו נתחי פילה עוף וברווז 100 גר,סאטורן,,פרמיו נתחי פילה עוף,Unknown,0.00,Unknown,false,1,4.90,4.90,true,1,
7290017712239,false,פרמיו עם עוף במרקם פטה 150 גר,פרמיו Premio,,פרמיו שימורי מזון מל,Unknown,0.00,Unknown,false,1,5.90,5.90,true,1,
7290017712246,false,פרמיו עם בקר ולבבות 150 גר,פרמיו Premio,,פרמיו שימורי מזון מל,Unknown,0.00,Unknown,false,1,5.90,5.90,true,1,
7290017712277,false,פרמיו עם כבש במרקם פטה 100 גר,פרמיו Premio,,פרמיו שימורי מזון מל,Unknown,0.00,Unknown,false,1,5.90,5.90,true,1,
7290017712666,false,הוריזן בקר לכלב ננסי 100 גר,הורייזן Horizon,,הוריזן בקר לכלב ננסי,Unknown,1.00,Unknown,false,1,4.90,4.90,true,1,
7290017712673,false,הוריזן בקר וכבד לכלב ננסי 100 גר,הורייזן Horizon,,הוריזן בקר וכבד לכלב,Unknown,1.00,Unknown,false,1,4.90,4.90,true,1,
7290017712680,false,הוריזן עוף לכלב ננסי 100 גר,הורייזן Horizon,,הוריזן עוף לכלב ננסי,Unknown,1.00,Unknown,false,1,4.90,4.90,true,1,
7290017712741,false,פרמיו כבש 100 ג',,,פרמיו כבש 100 ג,Unknown,0.00,Unknown,false,1,4.90,4.90,true,1,
7290017712772,false,פרמיו ברק וכבד לחתול,פרמיו Premio,,פרמיו בקר וכבד 100 ג,Unknown,0.00,Unknown,false,1,4.90,4.90,true,1,
7290017712932,false,פרמיו כריות בקר לחתול,פרמיו Premio,,פרמיו כריות בקר 60 ג,Unknown,1.00,Unknown,false,1,9.90,9.90,true,1,
7290017715346,false,זית שחור טאסוס 400 גרם,מסנוי גידה רעהס,TR,זית שחור טאסוס 400,גרמים,400.00,100 גרם,false,1,14.90,3.73,true,1,
7290017715506,false,חומץ 5% תומר 1 ליטר,,IL,חומץ 5% תומר 1 ליטר,מיליליטרים,1000.00,"100 מ""ל",false,1,5.50,0.55,true,1,
7290017715681,false,A2 זית מושחר חרוזית תומר 560 גרם,,IL,A2 זית מושחר חרוזית,גרמים,560.00,100 גרם,false,1,9.50,1.70,true,1,
7290017715704,false,A2 זית מושחר טבעות 560 גרם,,IL,A2 זית מושחר טבעות 5,גרמים,560.00,100 גרם,false,1,9.50,1.70,true,1,
7290017715728,false,זית מנזלינו גדול תומר 560 גרם A2,עדן,IL,זית מנזלינו גדול תומ,גרמים,560.00,100 גרם,false,1,8.50,1.52,true,1,
7290017715797,false,A2 זית שחור טבעי תומר 560 גרם,,IL,A2 זית שחור טבעי תומ,גרמים,560.00,100 גרם,false,1,9.50,1.70,true,1,
7290017715834,false,A2 זית נובו מבוקע ג.מאוד תומר 560 גרם,"א.א שימורי עדן בע""מ",IL,A2 זית נובו מבוקע ג.,גרמים,560.00,100 גרם,false,1,9.90,1.77,true,1,
7290017715889,false,מוזלי גרנולה עם אגוזים 600 גרם,ויטליה,,מוזלי עם אגוזים 600,מיליליטרים,600.00,"100 מ""ל",false,1,15.60,2.60,true,1,
7290017715964,false,"רביעיית מחית תפו""ע לל""ס ואפרסק תומר 490 גרם",Cherry growers inc,,רסק תפוח עץ עם אפרסק,גרמים,452.00,100 גרם,false,1,13.50,2.99,true,1,
7290017744162,false,שימורי דגים שפרוטים מעושנים ברוטב עגבניות 250 גרם,רויאל,,שימורי שפרוטים מעושנ,גרמים,250.00,100 גרם,false,1,12.50,5.00,true,1,
7290017746197,false,לחמניות המבורגר 6יחידות,מאפיית דוידוביץ ובניו בע,IL,המבורגר 100 גרם,גרמים,100.00,100 גרם,false,1,13.90,13.90,true,1,
7290017791203,false,קרקר כוסמין מלא - סלק - פת במלח,"מאפיית פת במלח בע""מ",IL,קרקר כוסמין מלא סלק,גרמים,225.00,100 גרם,false,1,26.50,11.78,true,1,
7290017812571,false,מיץ ענבים תירוש אדום 100% טבעי כרמל 1 ליטר,יקבי כרמל Carmel Winery,,יין תירוש אדום 100%,Unknown,0.00,Unknown,false,1,19.90,19.90,true,1,
7290017812830,false,יין רוזה פרייבט קולקשיין 750מל יקבי כרמל,"כד בני דרום בע""מ",,"יין רוזה 750 מ""ל P.C",Unknown,0.00,Unknown,false,1,37.90,37.90,true,1,
7290017812847,false,"יין פרנץ גוורצטרמינר סלקטד כרמל 750 מ""ל","כד בני דרום בע""מ",,סלקטד פרנץ גוורצטרמי,Unknown,0.00,Unknown,false,1,30.90,30.90,true,1,
7290017812977,false,"יין קריניאנו סלקטדאננס באז כרמל 750 מ""ל",כרמל מזרחי,,יין מבעבע באזז אננס,Unknown,0.00,Unknown,false,1,28.90,28.90,true,1,
7290017850306,false,"משקה כלורופיל 500 מ""ל",,,"משקה כלורופיל 500 מ""",מיליליטרים,500.00,"100 מ""ל",false,1,129.90,25.98,true,1,
7290017870243,false,כוס נייר ענקית קשיח,,CN,כוס נייר ענקית קשיח,Unknown,1.00,Unknown,false,1,19.90,19.90,true,1,
7290017870670,false,ליפתנית 5 מתכלה עץ ד,HINDUSTAN ARECA PROD,IN,ליפתנית 5 מתכלה מעץ,Unknown,1.00,Unknown,false,1,9.90,9.90,true,1,
7290017870687,false,מרקייה מתכלה 7 מתכלה,HINDUSTAN ARECA PROD,IN,מרקייה מתכלה 7 מתכלה,Unknown,1.00,Unknown,false,1,12.90,12.90,true,1,
7290017870717,false,"צלחת 8"" מרובעת מתכלה",HINDUSTAN ARECA PROD,IN,צלחת 8 בינונית מרוב,Unknown,1.00,Unknown,false,1,14.50,14.50,true,1,
7290017870724,false,צלחת 10 מרובעת מתכלה,HINDUSTAN ARECA PROD,IN,צלחת 10 ענקית מרובע,Unknown,1.00,Unknown,false,1,14.90,14.90,true,1,
7290017870748,false,צלחת 9 מתכלה עץ דקל,HINDUSTAN ARECA PROD,IN,צלחת 9 גדולה עגולה,Unknown,1.00,Unknown,false,1,12.90,12.90,true,1,
7290017870762,false,מגש מלבני מתכלה עץ ד,HINDUSTAN ARECA PROD,IN,מגש מלבני מתכלה מעץ,Unknown,1.00,Unknown,false,1,14.50,14.50,true,1,
7290017871363,false,פמילי יהלום- פמלי סבון ידיים מועשר בשמן מקדמיה לניקוי וטיפוח עור הידיים,המאפיה של הרמן,TR,סבון ידיים פמלי יהלו,מיליליטרים,500.00,"100 מ""ל",false,1,10.90,2.18,true,1,
7290017872070,false,מארז מגבונים לחים בניחוח מרענן פרש וואנס שלישייה,"ווטנפס בע""\מn\",IL,פרשוואנס שלישייה,Unknown,0.00,Unknown,false,1,12.90,12.90,true,1,
7290017872193,false,טוסו עוגיות שקדים וקינמון ללא סוכר 200 גרם,"הגביע מוצרי וופלים בע""\מ",,טוסו עוגיות שקדים וק,גרמים,200.00,100 גרם,false,1,21.90,10.95,true,1,
7290017872865,false,בייביביס חטיפי דגנים אפויים לתינוקות בטעם גזר ועגבנייה,טאטא גלובל בוורג'ס,IL,בייביביס חטיפי דגנים,יחידה,1.00,יחידה,false,1,14.90,14.90,true,1,
7290017872872,false,בייביביס חטיפי דגנים אפויים לתינוקות בטעם גזר וסלק,טאטא גלובל בוורג'ס,IL,בייביביס חטיפי דגנים,יחידה,1.00,יחידה,false,1,14.90,14.90,true,1,
7290017888026,false,"משקה אננס תפוח גזר פרות & ווג 350 מ""ל",פרוט אנד וג' Fruit & Veg,IL,פרוט & וג אננס תפוח,מיליליטרים,350.00,"100 מ""ל",false,1,7.50,2.14,true,1,
7290017888033,false,"משקה בננה מלון נענע פרות &ווג 350 מ""ל",פרוט אנד וג' Fruit & Veg,IL,פרוט & וג בננה מלון,מיליליטרים,350.00,"100 מ""ל",false,1,7.50,2.14,true,1,
7290017888095,false,"רביעיית פחיות שוופס מוגז עדין פירות יער 330 מ""ל.",יפאורה תבורי בעמ,IL,שוופס מוגז עדין פירו,מיליליטרים,1320.00,"100 מ""ל",false,1,15.50,1.17,true,1,
7290017888101,false,"רביעיית פחיות שוופס מוגז עדין אפרסק 330 מ""ל.",יפאורה תבורי בעמ,IL,שוופס מוגז עדין אפרס,מיליליטרים,1320.00,"100 מ""ל",false,1,15.50,1.17,true,1,
7290017888347,false,מי עדן פקק ספורטאים 500,"מי עדן בע""מ",IL,מי עדן אישי 500 מל,מיליליטרים,500.00,"100 מ""ל",false,1,2.90,0.58,true,1,
7290017888729,false,שוופס סודה בקבוק 1 ל',"יפאורה תבורי בע""\מ",IL,שוופס סודה 1 ליטר,מיליליטרים,1000.00,"100 מ""ל",false,1,3.90,0.39,true,1,
7290017888972,false,בקבוק מי עדן פקק ספורט 1 ליטר,"מופק ממקור בזלתי עדן ,1",IL,מי עדן פקק ספורט 1 ל,מיליליטרים,1000.00,"100 מ""ל",false,1,4.10,0.41,true,1,
7290017894072,false,אבקת הלבנה אקופרנד 500 ג,אקופרנד,,אבקת הלבנה 500 גרם,גרמים,500.00,100 גרם,false,1,19.90,3.98,true,1,
7290017894089,false,קמח שיבולת שועל דגש 400 גרם,אף. סי תבליני הגליל,IL,קמח שיבולת שועל דגש,גרמים,400.00,100 גרם,false,1,22.90,5.73,true,1,
7290017894140,false,נייר טואלט אקולוגי,,,נייר טואלט אקולוגי,Unknown,0.00,Unknown,false,1,46.90,46.90,true,1,
7290017894348,false,חמאת אגוזי נמר שקדים ופיסטוק 350 גרם,,IT,חמאת אגוזי נמר שקדים,גרמים,350.00,100 גרם,false,1,33.90,9.69,true,1,
7290017917283,false,"מגבוני קמיל בלו ד""ר פישר ללא בישום רביעי",פישר מעבדות פרמצבטיות,IL,"מגבוני קמיל בלו ד""ר",Unknown,0.00,Unknown,false,1,19.90,19.90,true,1,
7290017917382,false,אל סבון היגייני לניקוי יסודי ולהרגע העור clean & calm,"ד""ר פישר Dr fischer",IL,אל סבון נוזלי קמיל ב,ליטרים,0.00,ליטר,false,1,15.90,15.90,true,1,
7290017917467,false,קמיל בלו סנסטי בשיבולת שועל אל סבון טיפולי לתינוק,"ד""ר פישר Dr fischer",IL,אל סבון קמיל בלו דר,ליטרים,0.00,ליטר,false,1,34.50,34.50,true,1,
7290017924458,false,אטריות אורז דקות עם כורכום 300 גרם,,VN,אטריות אורז דקות עם,גרמים,300.00,100 גרם,false,1,14.90,4.97,true,1,
7290017924502,false,חמאת פיסטוק כרם 200 גרם,יעקוב יוסף,IL,חמאת פיסטוק כרם 200,גרמים,200.00,100 גרם,false,1,36.90,18.45,true,1,
7290017924861,false,"שמן זית אורגני כרם 750 מ""ל",,IT,שמן זית אורגני כרם 7,מיליליטרים,750.00,"100 מ""ל",false,1,37.90,5.05,true,1,
7290017925554,false,"חמישיית בירה לאגר באדוויזר 5*330 מ""ל+כוס",באדוויזר בודוואר צכי,,חמישיית בירה לאגר בא,מיליליטרים,1650.00,"100 מ""ל",false,1,32.90,1.99,true,1,
7290017928036,false,מקלות גריסיני שומשום מאיר בייגל 175 גרם,מאיר את בייגל,IL,מקלות גריסיני שומשום,גרמים,175.00,100 גרם,false,1,12.50,7.14,true,1,
7290017928210,false,בייגלה גדול שומשום מאיר בייגל 250 גרם,מאיר את בייגל,IL,בייגלה גדול שומשום 2,גרמים,250.00,100 גרם,false,1,12.50,5.00,true,1,
7290017928432,false,מקלות גריסיני קראנץ' פרג מאיר בייגל 175 גרם,מאיר את בייגל,IL,גריסיני קראנץ פרג 17,גרמים,175.00,100 גרם,false,1,12.50,7.14,true,1,
7290017928463,false,מאיר בייגל -סמאש-שבורים בטעם דבש חרדל ובצל 300 גרם,מאיר בייגל,BG,סמאש שבורים בטעם דבש,גרמים,300.00,100 גרם,false,1,15.60,5.20,true,1,
7290017928821,false,מאיר בייגל מקלות גריסיני קלאסי 200 גרם,מאיר את בייגל,IL,מקלות גריסיני קלאסי,גרמים,200.00,100 גרם,false,1,12.50,6.25,true,1,
7290017973005,false,קונפיטורה אוכמניות מעובדות רוסמן 900 גרם,"י.א.א עולם הפרי בע""מ",IL,קונפיטורה אוכמניות מ,גרמים,900.00,100 גרם,false,1,24.90,2.77,true,1,
7290017973036,false,קונפיטורה פירות יער מעובדים רוסמן 900 גר,"י.א.א עולם הפרי בע""מ",IL,קונפיטורה פירות יער,גרמים,900.00,100 גרם,false,1,24.90,2.77,true,1,
7290017973074,false,קונפיטורה אפרסק רוסמן 900 גרם,"י.א.א עולם הפרי בע""מ",IL,קונפיטורה אפרסק רוסמ,גרמים,900.00,100 גרם,false,1,24.90,2.77,true,1,
7290017973081,false,קונפיטורה משמש רוסמן 900 גרם,,IL,קונפיטורה משמש רוסמן,גרמים,900.00,100 גרם,false,1,24.90,2.77,true,1,
7290017973319,false,משקה ציה בטעם אפרסק 1ליטר,,,משקה ציה בטעם אפרסק,מיליליטרים,1000.00,"100 מ""ל",false,1,14.90,1.49,true,1,
7290017973524,false,ממרח חצילים בצנצנת פרימיום סלקט 370 גר,,UA,ממרח חצילים בצנצנת פ,גרמים,370.00,100 גרם,false,1,7.90,2.14,true,1,
7290017973975,false,רצועות קלמרי מיובש ומומלח עם פלפל צילי,,,רצועות קלמרי מיובש ו,גרמים,90.00,100 גרם,false,1,14.60,16.22,true,1,
7290017973982,false,פרוסות דג שיבוט אלבין מיובש עם צילי 100,,,פרוסות דג שיבוט אלבי,גרמים,100.00,100 גרם,false,1,13.90,13.90,true,1,
7290017973999,false,פרוסות דג שיבוט אלבין מיובש ומומלח 100 ג,,,פרוסות דג שיבוט אלבי,גרמים,100.00,100 גרם,false,1,13.90,13.90,true,1,
7290018045084,false,BON&BON דגנים במילוי קרם בטעם בראוניז 480 גרם,monday,DE,דגניםבמילוי קרם טעם,מטרים,0.00,מטר,false,1,23.90,23.90,true,1,
7290018045497,false,בון בון דגנים במילוי קרם שוקולד 480 גרם,monday,DE,דגניםבמילוי קרם שוקו,מטרים,0.00,מטר,false,1,23.90,23.90,true,1,
7290018045695,false,BON&BON דגנים במילוי קרם קרמל מלוח 480 גרם,monday,DE,דגניםבמילוי קרם קרמל,מטרים,0.00,מטר,false,1,23.90,23.90,true,1,
7290018045893,false,בון בון דגנים במילוי קרם נוגט 480 גרם,monday,DE,דגניםבמילוי קרם נוגט,מטרים,0.00,מטר,false,1,23.90,23.90,true,1,
7290018071250,false,כפפות פלסטיק M שחורות אלסטיות 100 יחידות,איזי טאצ,CN,כפפות פלסטיק שחורות,יחידה,1.00,יחידה,false,1,10.40,10.40,true,1,
7290018071267,false,כפפות פלסטיק L שחורות אלסטיות 100 יחידות,איזי טאצ,CN,כפפות פלסטיק שחורות,יחידה,1.00,יחידה,false,1,10.40,10.40,true,1,
7290018075029,false,מרסס שמן לחצן משאבה,,,מרסס שמן לחצן משאבה,Unknown,0.00,Unknown,false,1,39.90,39.90,true,1,
7290018075364,false,אקסקלוסיב סט מיני 6,,,אקסקלוסיב סט מיני 6,Unknown,0.00,Unknown,false,1,229.00,229.00,true,1,
7290018075463,false,ארקוסטיל סט 9 חלקים,,,ארקוסטיל סט 9 חלקים,Unknown,0.00,Unknown,false,1,599.00,599.00,true,1,
7290018076583,false,משחיז סכינים שלושה ש,,,משחיז סכינים שלושה ש,Unknown,0.00,Unknown,false,1,99.90,99.90,true,1,
7290018080320,false,מגבון לחיטוי וניקוי ידיים וגוף TOGO,,,מגבון חיטוי וניקוי ה,Unknown,0.00,Unknown,false,1,19.90,19.90,true,1,
7290018080511,false,מאמי קייר שמפו קמומיל לתינוק 400 מל,מאמי קר Mommy Care,IL,שמפו קמומיל עדין לתי,מיליליטרים,400.00,"100 מ""ל",false,1,34.90,8.73,true,1,
7290018091074,false,בצק עוגיות שוקולד צ'יפס 300 גרם מעדנות,תנובה מעדנות,IL,בצק עוגיות שוקולד צי,גרמים,300.00,100 גרם,false,1,17.90,5.97,true,1,
7290018091234,false,פיצה מקסיקנית מעדנות 200 גרם,תנובה מעדנות,,פיצה מקסיקנית מעדנות,גרמים,260.00,100 גרם,false,1,17.70,6.81,true,1,
7290018091272,false,בצק עוגיות קקאו טריפל שוקולד צ'יפס 300 גרם מעדנות,תנובה מעדנות,IL,בצק עוגיות קקאו טריפ,גרמים,300.00,100 גרם,false,1,17.90,5.97,true,1,
7290018091661,false,פיצה ירקות שוק מעדנות 380 גרם,"מעדנות בע""\מ",,פיצה ירקות שוק מעדנו,גרמים,330.00,100 גרם,false,1,21.90,6.64,true,1,
7290018091821,false,פיצה נפוליטנה מעדנות 200 גרם,תנובה מעדנות,,פיצה נפוליטנה 200 גר,גרמים,200.00,100 גרם,false,1,17.70,8.85,true,1,
7290018131954,false,מאגדת לה פרוטה תות שוקולד נסטלה 350 גרם,נגה גלידות שותפות מוגבלת,,לה פרוטה תות נסטלה 3,מיליליטרים,350.00,"100 מ""ל",false,1,34.50,9.86,true,1,
7290018132340,false,"מטרנה גולד בד""ץ שלב 1 700 גרם",מטרנה תעשיות ש.מ.,,מטרנה גולד שלב 1 700,גרמים,700.00,100 גרם,false,1,74.90,10.70,true,1,
7290018132388,false,"מטרנה גולד בד""ץ שלב 2 700 גרם",מטרנה תעשיות ש.מ.,,מטרנה גולד שלב 2 700,גרמים,700.00,100 גרם,false,1,74.90,10.70,true,1,
7290018156124,false,"אל סבון קמיל צבעוני ד""ר פישר שלישיה* 500 מ""ל",פישר תעשיות,IL,אל סבון קמיל בלו צבע,ליטרים,0.00,ליטר,false,1,19.90,19.90,true,1,
7290018165027,false,"יין רזרב GOLD EDITION רוזה ברקן 750 מ""ל",יקבי ברקן שיווק והפצה בע,,יין רזרב גולד רוזה 7,Unknown,0.00,Unknown,false,1,49.90,49.90,true,1,
7290018165447,false,"יין רזרב GOLD מרלו ברקן 750 מ""ל",יקבי ברקן שיווק והפצה בע,,רזרב גולד מרלו 750 מ,Unknown,0.00,Unknown,false,1,49.90,49.90,true,1,
7290018165973,false,"יין פלדשטיין גילגמש 750 מ""ל",יקב פלדשטיין,IL,יין פלדשטיין גילגמש,Unknown,0.00,Unknown,false,1,119.90,119.90,true,1,
7290018171240,false,"OS+ שמפו חומצה היאלרונית 450 מ""ל",,IL,OS+ שמפו חומצה היאלר,מיליליטרים,450.00,"100 מ""ל",false,1,34.90,7.76,true,1,
7290018171806,false,"שמן קצח 250 מ""ל OS+",,,"שמן קצח 250 מ""ל OS+",מיליליטרים,250.00,"100 מ""ל",false,1,54.90,21.96,true,1,
7290018192023,false,מקלות סלרי ארוז יח',"מרינה פטריות הגליל בע""מ",,גבעול סלרי,Unknown,0.00,Unknown,false,1,5.90,5.90,true,1,
7290018197219,false,"וריטאס שמפו להרגעת הקרקפת 400 מ""ל",,IL,וריטאס שמפו להרגעת ה,מיליליטרים,400.00,"100 מ""ל",false,1,65.90,16.48,true,1,
7290018197301,false,"וריטאס מסיכה לשיער יבש 500 מ""ל",,IL,וריטאס מסיכה לשיער י,מיליליטרים,500.00,"100 מ""ל",false,1,89.90,17.98,true,1,
7290018237922,false,עוף טוב שניצלונים ציפוי צ'יפס 700 גרם,מוצרי עוף טוב (2001) בע\,,שניצלונים ציפוי ציפס,גרמים,700.00,100 גרם,false,1,22.90,3.27,true,1,
7290018237939,false,עוף טוב שניצלונים ציפוי שומשום 700 גרם,מוצרי עוף טוב (2001) בע\,IL,שניצלונים ציפוי שומש,גרמים,700.00,100 גרם,false,1,22.90,3.27,true,1,
7290018249727,false,אבקת ממתיק סוכר סוויטאנגו 400 גר,מתבל תעשיות מזון,,אבקת ממתיק סוכר סווי,גרמים,400.00,100 גרם,false,1,39.90,9.98,true,1,
7290018294383,false,פינו גרי 750מ סדרה אזורית יקבי כרמל,כרמל מזרחי,,יין אזורית פינו גריי,Unknown,0.00,Unknown,false,1,62.90,62.90,true,1,
7290018338049,false,"שמן אבוקדו כבישה קרה 250 מ""ל",פולאן פולסקו,ES,שמן אבוקדו כבישה קרה,מיליליטרים,250.00,"100 מ""ל",false,1,22.90,9.16,true,1,
7290018338070,false,חיטה פריקי טבעי 500 גרם,תבואות,,חיטת פריקי 500 גרם,גרמים,500.00,100 גרם,false,1,12.90,2.58,true,1,
7290018338339,false,שמן חמניות אורגני 1 ליטר,,IT,שמן חמניות אורגני 1,מיליליטרים,1000.00,"100 מ""ל",false,1,26.90,2.69,true,1,
7290018338384,false,ממתיק אריתריטול 310,,CN,אריתריטול 310 גרם,גרמים,310.00,100 גרם,false,1,19.90,6.42,true,1,
7290018338919,false,צאי מסאלה אורגני 37.5 גרם,,LK,צאי מסאלה אורגני 37.,גרמים,38.00,100 גרם,false,1,14.90,39.21,true,1,
7290018338964,false,מחית תפוח אורגני 100 גרם,תבואות,IT,מחית תפוח אורגני 10,גרמים,100.00,100 גרם,false,1,4.90,4.90,true,1,
7290018338988,false,מחית תפוח אננס קוקוס אורגני 100 גרם,תבואות,IT,מחית תפוח אננס קוקוס,גרמים,100.00,100 גרם,false,1,4.90,4.90,true,1,
7290018343487,false,אלכו ג'ל בשפורפרת H 75מ,CHEMIPAL FISHER (BIO,IL,"אלכוגל H ד""ר פישר 75",מיליליטרים,75.00,"100 מ""ל",false,1,14.90,19.87,true,1,
7290018344101,false,חטיף חלבון בטעם קקאו וקפה 50 ג' VEG PROTEIN,טבע ירוק,IL,חטיף חלבון קקאו קפה,גרמים,50.00,100 גרם,false,1,9.90,19.80,true,1,
7290018359129,false,פולפה עגבניות חתוכות מקולפות דק יכין 690 גרם,אמיליאנה קונסרב,,פולפה עגבניות מקולפו,גרמים,690.00,100 גרם,false,1,9.90,1.43,true,1,
7290018359334,false,רכז עגבניות טבעי פריכוז שף יכין 580 גרם,זנלכל,IL,רכז עגבניות טבעי פרי,גרמים,580.00,100 גרם,false,1,10.90,1.88,true,1,
7290018359495,false,תירס מהשדה בלי תוספת סוכר יכין 550 גרם,היינץ צפון אמריקה מק,IL,תירס מהשדה ללא תוספת,גרמים,550.00,100 גרם,false,1,9.90,1.80,true,1,
7290018359518,false,תירס מהשדה בלי תוספת סוכר יכין מארז 200X3 גר',היינץ צפון אמריקה מק,,תירס מהשדה יכין 200*,גרמים,600.00,100 גרם,false,1,14.90,2.48,true,1,
7290018359556,false,תירס מהשדה בלי תוספת סוכר יכין 400 גרם,זנלכל,IL,תירס מהשדה יכין 400,גרמים,400.00,100 גרם,false,1,6.90,1.73,true,1,
7290018359570,false,"שלישיית שעועית צ'ילי ""הקטניה הטובה"" יכין",זנלכל,,שעועית צילי הקטניה,גרמים,600.00,100 גרם,false,1,12.90,2.15,true,1,
7290018359587,false,חומוס הקטניה הטובה יכין מארז 3*200 גר,זנלכל,,חומוס הקטניה הטובה י,גרמים,600.00,100 גרם,false,1,12.90,2.15,true,1,
7290018359655,false,מארז פטריות חתוכות יכין 200X3 גרם,יכין,,פטריות חתוכות יכין 1,גרמים,185.00,100 גרם,false,1,11.90,6.43,true,1,
7290018359662,false,קוביות סלק יכין מארז 3*200 גרם,זנלכל,,קוביות סלק יכין מארז,גרמים,600.00,100 גרם,false,1,15.90,2.65,true,1,
7290018359679,false,הקיסרית-שעועית לימה יכין 550 גרם,קריות זול,IL,שעועית לימה הקיסרית,גרמים,550.00,100 גרם,false,1,9.90,1.80,true,1,
7290018359716,false,רוטב עגבניות פיצה טוסקנה 240 גרם יכין,"זנלכל בע""\מ",IL,רוטב עגבניות פיצה ט,גרמים,240.00,100 גרם,false,1,6.50,2.71,true,1,
7290018359860,false,רסק עגבניות ליקופן טבעי יכין 200 גר*2,זנלכל,,רסק עגבניות ליקופן ט,גרמים,400.00,100 גרם,false,1,14.90,3.73,true,1,
7290018359877,false,רסק עגבניות טבעי מארז שלישייה,זנלכל,,רסק עגבניות טבעי יכי,גרמים,600.00,100 גרם,false,1,14.90,2.48,true,1,
7290018359884,false,פולפה ליקופן טבעית 2*400 גרם יכין,זנלכל,,פולפה ליקופן טבעית י,גרמים,800.00,100 גרם,false,1,16.90,2.11,true,1,
7290018359938,false,"רוטב עגבניות לשקשוקה יכין, 400 גרם",זנלכל,,רוטב עגבניות לשקשוקה,גרמים,400.00,100 גרם,false,1,11.90,2.98,true,1,
7290018359945,false,רוטב עגבניות פיקנטי מפלפלים וירקות יכין 400 גרם,זנלכל,,רוטב פיקנטי חאריפה י,גרמים,400.00,100 גרם,false,1,11.90,2.98,true,1,
7290018359952,false,רוטב עגבניות לפסטה 400 גרם יכין,זנלכל,,רוטב עגבניות לפסטה י,גרמים,400.00,100 גרם,false,1,11.90,2.98,true,1,
7290018359969,false,רוטב עגבניות לפיצה יכין 400 גרם,זנלכל,,רוטב עגבניות לפיצה י,גרמים,400.00,100 גרם,false,1,11.90,2.98,true,1,
7290018380130,false,פלפל שיפקה חריף A2 תומר 540 גרם,,IL,פלפל שיפקה חריף 540,גרמים,540.00,100 גרם,false,1,6.30,1.17,true,1,
7290018380147,false,חצילים כבושים A2 תומר 550 גרם.,,IL,חצילים כבושים 540 גר,גרמים,540.00,100 גרם,false,1,6.90,1.28,true,1,
7290018380383,false,שיבולת שועל אינסטנט 510 גרם,,US,שיבולת שועל אינסטנט,גרמים,510.00,100 גרם,false,1,10.90,2.14,true,1,
7290018380406,false,עוגיות בטעם חמאה בפח 114 גרם,ESS PEE,,עוגיות בטעם חמאה 114,גרמים,114.00,100 גרם,false,1,6.90,6.05,true,1,
7290018380529,false,לבבות דקל חתיכות תומר 400 גרם,אינקופלמיטו אס.אי,EC,לבבות דקל חתיכות תומ,גרמים,400.00,100 גרם,false,1,6.90,1.73,true,1,
7290018380802,false,רגא'מה תבשיל הודי חומוס 300 גרם,,,תבשיל הודי חומוס 300,גרמים,300.00,100 גרם,false,1,11.90,3.97,true,1,
7290018380819,false,רגא'מה תבשיל הודי חצילים 300 גרם,,,תבשיל הודי חצילים 30,גרמים,300.00,100 גרם,false,1,11.90,3.97,true,1,
7290018380826,false,רגא'מה תבשיל הודי שעועית אדומה 300 גרם,,,תבשיל הודי שעועית אד,גרמים,300.00,100 גרם,false,1,11.90,3.97,true,1,
7290018380840,false,ניוקי תפוחי אדמה 500 ג' לה פסטה,,IL,לה פסטה קפוא ניוקי 5,גרמים,500.00,100 גרם,false,1,14.90,2.98,true,1,
7290018380857,false,לה פסטה קפוא ניוקי מיני 500 גרם,,IL,לה פסטה קפוא ניוקי מ,גרמים,500.00,100 גרם,false,1,14.90,2.98,true,1,
7290018400609,false,פיאסטה מקסיקנית סנפרוסט 800 גרם,"סנפרוסט בע""מ",IL,פיאסטה מקסיקנית סנפר,גרמים,800.00,100 גרם,false,0,27.50,3.44,true,1,
7290018440070,false,תרכיז עגבניות בשפורפרת 28BX בלה איטליה 200 ג',בלה איטליה Bella Italia,,תרכיז עגבניות בשפורפ,גרמים,200.00,100 גרם,false,1,9.40,4.70,true,1,
7290018440223,false,תה צ'אי מסאלה 25 שקיקים ויסוצקי,תה ויסוצקי,,צאי מסאלה 25 שקיקים,גרמים,50.00,100 גרם,false,1,21.90,43.80,true,1,
7290018440230,false,תה צ'אי ורדים 25 שקיקים ויסוצקי,תה ויסוצקי,,צאי ורדים 25 שקיקים,גרמים,50.00,100 גרם,false,1,21.90,43.80,true,1,
7290018440247,false,תה צ'אי שקדים0 25 שקיקים ויסוצקי,תה ויסוצקי,,צאי שקדים 25 שקיקים,גרמים,50.00,100 גרם,false,1,21.90,43.80,true,1,
7290018440254,false,תה צ'אי קרמל מלוח 25 שקיקים ויסוצקי,תה ויסוצקי,,צאי קרמל מלוח 25 שק,גרמים,50.00,100 גרם,false,1,21.90,43.80,true,1,
7290018440384,false,תה ירוק מאטה לימון נענע ויסוצקי 25 יחידות,תה ויסוצקי,,תה ירוק מאטה לימון נ,גרמים,400.00,100 גרם,false,1,24.90,6.23,true,1,
7290018440438,false,Calvo טונה בשמן זית פתיחה קלה 3 * 65 גרם,"קאלוו קונסרבס ס.ל.יו. ,",ES,טונה קאלוו איזי פליפ,גרמים,195.00,100 גרם,false,1,25.90,13.28,true,1,
7290018440445,false,טונה קאלוו בשמן זית 160 גר,"קאלוו קונסרבס ס.ל.יו. ,",,טונה קאלוו בשמן זית,גרמים,160.00,100 גרם,false,1,16.90,10.56,true,1,
7290018440476,false,פליפז בייגלה מצופה בקרם עוגת גבינה ותותים מקוויטיס 140 גרם,אולקר מקבוצת פלאדיס,,140 בייגלה מצופה בקר,גרמים,140.00,100 גרם,false,1,8.90,6.36,true,1,
7290018440513,false,סלט קליפורנייה קאלוו עם טונה 150 גר,"קאלוו קונסרבס ס.ל.יו. ,",,סלט קליפורנייה קאלוו,גרמים,150.00,100 גרם,false,1,13.90,9.27,true,1,
7290018440520,false,סלט טונה קאלוו מקסיקני 150 גר,"קאלוו קונסרבס ס.ל.יו. ,",,סלט טונה קאלוו מקסיק,גרמים,150.00,100 גרם,false,1,13.90,9.27,true,1,
7290018468425,false,נקניק טבעוני בטעם פיקנטי 100 גרם טירת צבי,טיב טירת צבי 2000,IL,נקניק טבעוני בטעם פק,גרמים,100.00,100 גרם,false,1,19.90,19.90,true,1,
7290018471029,false,"סודה בטעם לימון - מארז 6 בקבוקים 500 מ""ל",יפאורה תבורי בעמ,,שישיית שוופס סודה לי,מיליליטרים,1500.00,"100 מ""ל",false,1,14.50,0.97,true,1,
7290018471036,false,"סודה שוופס לימון 500 מ""ל","יפאורה תבורי בע""מ",,שוופס סודה לימון 500,מיליליטרים,500.00,"100 מ""ל",false,1,2.90,0.58,true,1,
7290018471180,false,משקה פרוט& ווג' אננס תפוח גזר 1 ליטר,מיוצר עי קונדיטוריית,IL,פרוט & ווג אננס תפוח,מיליליטרים,1000.00,"100 מ""ל",false,1,14.90,1.49,true,1,
7290018471197,false,פרוט & ווג' תפוח בננה מלון נענע 1 ליטר,פרוט אנד וג' Fruit & Veg,IL,פרוט & ווג תפוח בננה,מיליליטרים,1000.00,"100 מ""ל",false,1,14.90,1.49,true,1,
7290018471210,false,קרטונית נקטר ספרינג תפוח סברס 1 ליטר,"יפאורה תבורי בע""\מ",,קרטונית נקטר ספרינג,מיליליטרים,1000.00,"100 מ""ל",false,1,6.90,0.69,true,1,
7290018471395,false,משקה פרוט& ווג' תפוח רימון ג'ינג'ר 1 ליטר,פרוט אנד וג' Fruit & Veg,IL,פרוט & ווג תפוח רימו,מיליליטרים,1000.00,"100 מ""ל",false,1,14.90,1.49,true,1,
7290018471401,false,משקה פרוט& ווג' אננס בננה כורכום 1 ליטר,מיוצר עי קונדיטוריית,IL,פרוט & ווג אננס בננה,מיליליטרים,1000.00,"100 מ""ל",false,1,14.90,1.49,true,1,
7290018471463,false,תפוזינה נקטר תפוז מנגו קרטונית 1 ליטר,"יפאורה תבורי בע""\מ",,תפוזינה תפוז מנגו 1,מיליליטרים,1000.00,"100 מ""ל",false,1,7.60,0.76,true,1,
7290018471470,false,תפוזינה נקטר תפוז פסיפלורה קרטונית 1 ליטר,"יפאורה תבורי בע""\מ",,תפוזינה תפוז פסיפלור,מיליליטרים,1000.00,"100 מ""ל",false,1,7.60,0.76,true,1,
7290018471487,false,תפוזינה נקטר תפוז אננס קרטונית 1 ליטר,"יפאורה תבורי בע""\מ",,תפוזינה תפוז אננס 1,מיליליטרים,1000.00,"100 מ""ל",false,1,7.60,0.76,true,1,
7290018471494,false,תפוזינה משקה תפוז גזר קרטונית 1 ליטר,"יפאורה תבורי בע""\מ",,תפוזינה תפוז גזר 1 ל,מיליליטרים,1000.00,"100 מ""ל",false,1,7.60,0.76,true,1,
7290018471548,false,"רביעיית ספרינג ענבים 250 מ""ל","יפאורה תבורי בע""\מ",IL,"ספרינג ענבים 250 מ""ל",מיליליטרים,1000.00,"100 מ""ל",false,1,14.90,1.49,true,1,
7290018471623,false,שוופס טוניק אשכוליות ליצ'י 1 ליטר,"יפאורה תבורי בע""\מ",IL,שוופס טוניק אשכוליות,מיליליטרים,1000.00,"100 מ""ל",false,1,9.20,0.92,true,1,
7290018471630,false,שוופס טוניק מלפפון ליים 1 ליטר,"יפאורה תבורי בע""\מ",IL,שוופס טוניק מלפפון ל,מיליליטרים,1000.00,"100 מ""ל",false,1,9.20,0.92,true,1,
7290018471906,false,שוופס מוגז פירות לימונדה ורודה 1.5 ליטר פיקדון,"יפאורה תבורי בע""\מ",IL,שוופס מוגז לימונדה ו,ליטרים,0.00,ליטר,false,1,9.20,9.20,true,1,
7290018471913,false,משקה מוגז פירות תפוחים שוופס 1.5 ליטר,"יפאורה תבורי בע""\מ",IL,שוופס מוגז תפוחים 1.,ליטרים,0.00,ליטר,false,1,9.20,9.20,true,1,
7290018471920,false,שוופס מוגז פירות ענבים 1.5 ליטר פיקדון,"יפאורה תבורי בע""\מ",IL,שוופס מוגז ענבים 1.5,ליטרים,0.00,ליטר,false,1,9.20,9.20,true,1,
7290018471937,false,שוופס מוגז פירות תות ליים 1.5 ליטר פיקדון,"יפאורה תבורי בע""\מ",IL,שוופס מוגז פירות תות,ליטרים,0.00,ליטר,false,1,9.20,9.20,true,1,
7290018471944,false,שוופס מוגז פירות לימונייד 1.5 ליטר פיקדון,"יפאורה תבורי בע""\מ",IL,שוופס מוגז לימונייד,ליטרים,0.00,ליטר,false,1,9.20,9.20,true,1,
7290018471951,false,שוופס מוגז פירות אשכולית אדומה 1.5 ליטר פיקדון,"יפאורה תבורי בע""\מ",IL,שוופס מוגז אשכולית א,ליטרים,0.00,ליטר,false,1,9.20,9.20,true,1,
7290018493021,false,"אל סבון לידיים ד""ר פישר מדקס 500 מ""ל",פישר תעשיות,,"אל סבון לידיים ד""ר פ",מיליליטרים,500.00,"100 מ""ל",false,1,17.90,3.58,true,1,
7290018493977,false,קמיל לניקוי והרגעת העור מועשר בשיבולת שועל 1 ל',פישר מעבדות פרמצבטיות,,אל סבון קמיל בלו בתמ,מיליליטרים,1000.00,"100 מ""ל",false,1,15.90,1.59,true,1,
7290018516058,false,פרמיו דליקט טונה ושרימפס לחתול,פרמיו Premio,,פרמיו דליקט טונה ושר,Unknown,1.00,Unknown,false,1,9.90,9.90,true,1,
7290018516072,false,פרמיו דליקט טונה וצדפות לחתול,פרמיו Premio,,פרמיו דליקט טונה וצד,Unknown,1.00,Unknown,false,1,9.90,9.90,true,1,
7290018516256,false,פרמיו לגורי כלבים עו,,,פרמיו גור עוף 150 ג,Unknown,1.00,Unknown,false,1,5.90,5.90,true,1,
7290018516324,false,פאוץ' פרינוק תפוח עץ עם שיבולת שועל 120 גרם,פרוטה פודווין איי.אס,CZ,פאוץ פרינוק תפוח וש.,גרמים,120.00,100 גרם,false,1,6.50,5.42,true,1,
7290018516331,false,פאוץ' פרינוק תפוח בננה ושיבולת שועל 120 גרם,פרוטה פודווין איי.אס,CZ,פאוץ פרינוק תפוח בננ,גרמים,120.00,100 גרם,false,1,6.50,5.42,true,1,
7290018516348,false,מחית פרינוק פאוץ' שיבולת שועל סלט פירות 120 גרם,פרוטה פודווין איי.אס,CZ,פאוץ פרינוק סלט פירו,גרמים,120.00,100 גרם,false,1,6.50,5.42,true,1,
7290018542019,false,כפות רויאל אר' 10 יח' דנטס,,TR,כפות רויאל 10 יח,Unknown,0.00,Unknown,false,1,6.90,6.90,true,1,
7290018542026,false,סכינים רויאל אר' 10 יח' דנטס,,TR,סכינים רויאל 10 יח,Unknown,1.00,Unknown,false,1,6.90,6.90,true,1,
7290018542149,false,צלחת פלסטיק 9 אבן שיש לבנה עם עיטור כסף דנטס 10 יח',,CN,צלחת 9 אבן שיש לבנה,Unknown,1.00,Unknown,false,1,31.90,31.90,true,1,
7290018542163,false,מרקיה אבן שיש לבנה ע,,CN,מרקיה אבן שיש לבנה ע,Unknown,1.00,Unknown,false,1,20.90,20.90,true,1,
7290018542187,false,צלחת 7.5 אבן שיש שחו,,CN,צלחת 7.5 אבן שיש שחו,Unknown,1.00,Unknown,false,1,23.90,23.90,true,1,
7290018542224,false,ליפתנית אבן שיש שחור,,CN,ליפתנית אבן שיש שחור,Unknown,0.00,Unknown,false,1,14.50,14.50,true,1,
7290018542316,false,מרקיה פרמיום לבנה עם,,CN,מרקיה פרמיום לבנה עם,Unknown,1.00,Unknown,false,1,20.90,20.90,true,1,
7290018542798,false,"תבניות אלומיניום זהב/שחור לב אישיות 100 מ""ל אר' 8יח ' עם מכסה דנטס",,CN,תבניות אלומיניום זהב,Unknown,1.00,Unknown,false,1,10.90,10.90,true,1,
7290018542835,false,"תבניות אלומיניום עגולות זהב/שחור אישיות 215 מ""ל אר' 8 יח' עם מכסה דנטס",,CN,תבניות אלומיניום עגו,Unknown,1.00,Unknown,false,1,16.90,16.90,true,1,
7290018542859,false,תבניות אלומיניום שחור/זהב אינגליש קייק אר' 2 ח' עם מכסה דנטס,,CN,תבניות אלומיניום שחו,Unknown,1.00,Unknown,false,1,10.90,10.90,true,1,
7290018542873,false,מזלגות עץ אר' 50 יח,,IN,מזלגות עץ אר 50 יח,יחידה,1.00,יחידה,false,1,9.90,9.90,true,1,
7290018542897,false,כפיות עץ אר' 50 יח ד,,IN,כפיות עץ אר 50 יח,יחידה,1.00,יחידה,false,1,7.50,7.50,true,1,
7290018542965,false,"צלחת מתכלה 9"" סדרת שמש אר 20 יח' דנטס",,CN,צלחת מתכלה 9 סדרת שמ,Unknown,1.00,Unknown,false,1,16.90,16.90,true,1,
7290018542972,false,"צלחת מתכלה 10"" סדרת שמש אר 20 יח' דנטס",,CN,צלחת מתכלה 10 סדרת ש,Unknown,1.00,Unknown,false,1,23.90,23.90,true,1,
7290018542989,false,"קערה עגולה מתכלה 7.5"" סדרת שמש אר 20 יח' דנטס",,CN,קערה עגולה מתכלה 7.5,Unknown,1.00,Unknown,false,1,15.90,15.90,true,1,
7290018542996,false,"קערה אובלית מתכלה 7.5"" סדרת שמש אר 20 יח' דנטס",,CN,קערה אובלית מתכלה 7.,Unknown,1.00,Unknown,false,1,10.50,10.50,true,1,
7290018593004,false,פטה שקדים טבעי 200 גרם -פלנטי (חדש),פלנטי,IL,פטה שקדים טבעי 200 ג,גרמים,200.00,100 גרם,false,1,31.50,15.75,true,1,
7290018593035,false,כמוצרלה קשיו 200 גרם - פלנטי (חדש),פלנטי,,מוצרלה קשיו 200 גרם,גרמים,200.00,100 גרם,false,1,28.50,14.25,true,1,
7290018593295,false,קשיו פסטו חצי קשה טבעוני פלנטי 200 גרם,,IL,קשיו פסטו חצי קשה טב,גרמים,200.00,100 גרם,false,1,29.90,14.95,true,1,
7290018593301,false,קשיו כמהין חצי קשה טבעוני פלנטי 200 גרם,פלנטי,IL,קשיו כמהין חצי קשה ט,גרמים,200.00,100 גרם,false,1,29.90,14.95,true,1,
7290018641439,false,אוק אנד אש - ערק אשכולית אדומה מוגז,,,ערק אשכולית אדומה מו,מיליליטרים,330.00,"100 מ""ל",false,1,14.90,4.52,true,1,
7290018641446,false,אוק אנד אש - ערק לימונדה מוגז,,,ערק לימונדה מוגז 33,מיליליטרים,330.00,"100 מ""ל",false,1,14.90,4.52,true,1,
7290018652039,false,לה קרמריה קרמל מלוח ונוגט בדצ 6*1.4 ליטר,גלידות נסטלה )נגה גלידות,IL,לה קרמריה כרמל מלוח,מיליליטרים,1400.00,"100 מ""ל",false,1,18.90,1.35,true,1,
7290018652213,false,מאגדת חטיפי גלידה קראנץ בר 41X6 גרם,פרונרי איטליה,,מאגדת קראנץ בר 298 ג,גרמים,298.00,100 גרם,false,1,24.90,8.36,true,1,
7290018652671,false,לה קרמריה וולנס שוק וניל תו איל 700 גרם,גלידות נסטלה,,לה קרמריה וולנס שוק,גרמים,700.00,100 גרם,false,1,18.90,2.70,true,1,
7290018652688,false,לה קרמריה פירות טרופיים ופירות יער נסטלה 700 גרם,גלידות נסטלה,,לה קרמריה פירות טרופ,גרמים,700.00,100 גרם,false,1,18.90,2.70,true,1,
7290018652923,false,פרוייקט סער-תות עוגת גבינה נסטלה 5*43 גרם,גלידות נסטלה,,מאגדת 99 אספרסו שוקו,גרמים,275.00,100 גרם,false,1,27.90,10.15,true,1,
7290018677162,false,"תערובת קמחים רב תכליתי לל""ג 500 גרם",נוטרה זון,IT,תערובת קמחים רב תכלי,גרמים,500.00,100 גרם,false,1,22.90,4.58,true,1,
7290018681770,false,גרנולה שקדים כרם 444 גרם,,IL,גרנולה שקדים כרם 444,גרמים,444.00,100 גרם,false,1,19.90,4.48,true,1,
7290018681930,false,פריכיות שיבולת שועל כרם 100 גרם,זן בר,,פריכיות שיבולת שועל,גרמים,100.00,100 גרם,false,1,7.90,7.90,true,1,
7290018708118,false,חלבה וניל פיסטוק ללא סוכר בארכה 350 גרם,בארכה,,בארכה חלבה וניל פיסט,גרמים,350.00,100 גרם,false,1,17.30,4.94,true,1,
7290018708132,false,בארכה חלבה מסולסלת שוקו וניל 250 גרם,בארכה,,בארכה חלבה מסולסלת ש,גרמים,250.00,100 גרם,false,1,16.50,6.60,true,1,
7290018720011,false,ביסקוויט קרנבל חיות בטעם וניל 250 ג' מעדני מלך,הגביע מוצרי וופלים,IL,עוגיות קרנבל חיות 25,גרמים,250.00,100 גרם,false,1,6.50,2.60,true,1,
7290018720028,false,קרנבל אותיות ביסקוויט בטעם חמאה 250 ג' מעדני מלך,הגביע מוצרי וופלים,IL,עוגיות קרנבל אותיות,גרמים,250.00,100 גרם,false,1,6.50,2.60,true,1,
7290018720189,false,מעדני מלך-ביסקוויט קסטה בטעם שוקו 200 גרם,הגביע,IL,ביסקוויט קסטה טעם שו,גרמים,200.00,100 גרם,false,1,5.50,2.75,true,1,
7290018749005,false,כיסונים ביתיים עבודת יד 600 גרם,,,כיסונים ביתיים עבודת,גרמים,600.00,100 גרם,false,1,31.90,5.32,true,1,
7290018749012,false,כיסונים סבתא עבודת יד 600 גרם,,,כיסונים סבתא עבודת י,גרמים,600.00,100 גרם,false,1,31.90,5.32,true,1,
7290018749050,false,חינקלי קלאסי במילוי בשר 500 גרם,,,חינקלי קלאסי במילוי,גרמים,500.00,100 גרם,false,1,31.50,6.30,true,1,
7290018749067,false,מנטי קלאסי במילוי בשר 500 גרם,,,מנטי קלאסי במילוי בש,גרמים,500.00,100 גרם,false,1,31.90,6.38,true,1,
7290018749104,false,"קרפלך במילוי תפו""א ובצל 700 גרם",,,"קרפלך במילוי תפו""א ו",גרמים,700.00,100 גרם,false,1,21.90,3.13,true,1,
7290018749111,false,"קרפלך במילוי תפו""א ופטריות 700 גרם",,,"קרפלך במילוי תפו""א ו",גרמים,700.00,100 גרם,false,1,21.90,3.13,true,1,
7290018749210,false,מיני כיסונים קלאסיים במילוי בשר והודו למ,,,מיני כיסונים קלאסיים,גרמים,600.00,100 גרם,false,1,31.90,5.32,true,1,
7290018749227,false,"כיסונים במילוי בשר בראבו 1 ק""ג",,IL,כיסונים במילוי בשר ב,גרמים,1000.00,100 גרם,false,1,29.90,2.99,true,1,
7290018757031,false,מיץ תפוחים אורגני לא מסונן 1 ליטר,,TR,מיץ תפוחים אורגני לא,מיליליטרים,1000.00,"100 מ""ל",false,1,14.90,1.49,true,1,
7290018757130,false,פתיתי ש.שועל עבה קוואקר אורגני 400 גרם,נוטרה זן,FI,פתיתי ש.שועל עבה קוו,גרמים,400.00,100 גרם,false,1,17.90,4.48,true,1,
7290018757208,false,קמח טפיוקה עתיד ירוק 400 גרם,טחנת קמח טל,IL,קמח טפיוקה עתיד ירוק,גרמים,400.00,100 גרם,false,1,10.90,2.73,true,1,
7290018757352,false,אבקת תה מאצה אורגנית 100 גרם,,CN,אבקת תה מאצה אורגנית,גרמים,100.00,100 גרם,false,1,69.90,69.90,true,1,
7290018757765,false,NATURA קמח רב תכליתי לאפייה אורגני 500 ג,,,NATURA קמח רב תכליתי,גרמים,500.00,100 גרם,false,1,24.90,4.98,true,1,
7290018792841,false,אבקת קקאו טבעי גאנה 150 גר,אברמוביץ עזר קקאו וש,,אבקת קקאו טבעי גאנה,גרמים,150.00,100 גרם,false,1,9.90,6.60,true,1,
7290018889404,false,עוגת פס רד וולוט חלבי נטלי 550 גרם,,,עוגת פס רד וולוט חלב,גרמים,550.00,100 גרם,false,1,43.90,7.98,true,1,
7290018893005,false,"חטיפי בייגלה אפוי בטעם חרדל ודבש, 160 גרם",SC ALKA TRADING CO S,RO,בייגלה ציוקטה חרדל ו,גרמים,160.00,100 גרם,false,1,7.90,4.94,true,1,
7290018893081,false,עוגות מגולגלות במילוי קרם חלבי וציפוי בטעם שוקולד,צ'וקטה Chocketa,,יוגטה עוג.איש. מגולג,גרמים,222.00,100 גרם,false,1,9.90,4.46,true,1,
7290018893258,false,צ'וקטה עוגות אישיות במילוי קרם קרמל ובציפוי בטעם שוקולד 300 גרם,פרדי קונדטוריה אס פי,,צוקטה עוגות אישיות ב,גרמים,300.00,100 גרם,false,1,15.60,5.20,true,1,
7290018893401,false,צ'וקטה שוקולד מריר מוצקי קקאו 100 70% גרם,צ'וקטה Chocketa,,צוקטה שוקולד מריר 7,גרמים,100.00,100 גרם,false,1,7.90,7.90,true,1,
7290018893456,false,צ'וקטה עוגות אישיות במילוי קרם ובציפוי בטעם שוקולד 300 גרם,"פרדי קונדיטוריה אס,פי.אי",,צוקטה עוגות אישיות ב,גרמים,300.00,100 גרם,false,1,15.60,5.20,true,1,
7290018893487,false,צוקטה עוגות אישיות בטעם קוקוס-350 גרם,פרדי קונדטוריה אס פי,,צוקטה עוגות אישיות ב,גרמים,350.00,100 גרם,false,1,15.60,4.46,true,1,
7290018893616,false,מארז צוקטה שוקולד מריר 48% 6*100 גר,צוקטה,,מארז צוקטה שוקולד מר,גרמים,600.00,100 גרם,false,1,21.90,3.65,true,1,
7290018893654,false,חטיפי בייגלה דקיקים ופריכים מלח צ'וקטה 200 ג',SC ALKA TRADING CO S,RO,בייגלה ציוקטה בתוספת,גרמים,200.00,100 גרם,false,1,7.90,3.95,true,1,
7290018893715,false,צ'וקטה בייגלה שטוח מצופה שוקולד חלב 80 גרם,צ'וקטה Chocketa,RO,בייגלה ציוקטה שטוח מ,גרמים,80.00,100 גרם,false,1,7.90,9.88,true,1,
7290018893845,false,פתי בר ביסקוויט בטעם חמאה 400 גרם צ'וקטה,צ'וקטה Chocketa,ES,פתי בר צוקטה ביסקווי,גרמים,400.00,100 גרם,false,1,8.90,2.23,true,1,
7290018894019,false,עוגות אישיות במילוי קרם חלבי ובציפוי קרם קקאו,בלקוני Balconi,,בלקוני עוגות אישיות,גרמים,350.00,100 גרם,false,1,14.90,4.26,true,1,
7290018894217,false,עוגות אישיות במילוי קרם קקאו ובציפוי קרם קקאו,בלקוני Balconi,,בלקוני עוגות אישיות,גרמים,350.00,100 גרם,false,1,14.90,4.26,true,1,
7290018921203,false,"קמיל בלו קרם החתלה קמומיל 120 ג' ד""ר פישר",פישר מעבדות פרמצבטיות בע,IL,"ד""ר פישר קמיל בלו קר",Unknown,0.00,Unknown,false,1,19.90,19.90,true,1,
7290018921654,false,"ד""ר פישר - אפקטיב קר תחליב רחצה תמצית לוונדר 700 מ""ל",פישר מעבדות פרמצבטיות בע,,אפקטיב קר ת. רחצה מו,יחידה,1.00,יחידה,false,1,16.90,16.90,true,1,
7290018921753,false,קמיל אל סבון היגייני לניקוי יסודי מועשר בלחות 1 ליטר,פישר תעשיות,,אל סבון קמיל בלו בתמ,מיליליטרים,1000.00,"100 מ""ל",false,1,15.90,1.59,true,1,
7290018925065,false,מיץ פרימור תפוזים סחוט 2 ליטר-,"גניר (1992) בע""מ",IL,מיץ תפוזים סחוט 2 ל,מיליליטרים,2000.00,"100 מ""ל",false,1,27.90,1.40,true,1,
7290018925072,false,משקה קל לימונים ונענע 2 ל פרימור,"גניר (1992) בע""מ",IL,משקה קל לימונים ונענ,ליטרים,2.00,ליטר,false,1,27.90,13.95,true,1,
7290018925409,false,"מיץ לימון ואננס 400 מ""ל פרימור",קריות זול,,מיץ לימון ואננס 410,מיליליטרים,410.00,"100 מ""ל",false,1,10.90,2.66,true,1,
7290018972021,false,קיינד טבעוני קבב מזרחי 400 גרם,,IL,קיינד א קבב מזרחי 40,גרמים,400.00,100 גרם,false,1,19.90,4.98,true,1,
7290018972038,false,קיינד טבעוני שווארמה 400 גרם,,IL,קיינד א שווארמה 400,גרמים,400.00,100 גרם,false,1,19.90,4.98,true,1,
7290018972069,false,קיינד טבעוני בולנוז 450 גרם,,IL,קיינד א בולונז 450 ג,גרמים,450.00,100 גרם,false,1,19.90,4.42,true,1,
7290018972076,false,קיינד טבעוני צילי קון קרנה 400 גרם,,IL,קיינד א צילי קון קרנ,גרמים,400.00,100 גרם,false,1,19.90,4.98,true,1,
7290018972083,false,קיינד טבעוני שוארמה בטורטיה 360 גרם,,IL,קיינד א שווארמה בטור,גרמים,360.00,100 גרם,false,1,21.90,6.08,true,1,
7290018972106,false,כרובית מצופה תומר 500 גרם,,IL,כרובית מצופה 500 גרם,גרמים,500.00,100 גרם,false,1,31.50,6.30,true,1,
7290018972113,false,ברוקולי מצופה תומר 500 גרם,,IL,ברוקולי מצופה תומר 5,גרמים,500.00,100 גרם,false,1,31.50,6.30,true,1,
7290018972496,false,קיינד טבעוני מיני עראיס 400 גרם,,IL,קיינד א מיני עראיס 4,גרמים,400.00,100 גרם,false,1,21.90,5.48,true,1,
7290018972762,false,נודלס מנה חמה עוף 72 גרם תומר,,,נודלס מנה חמה עוף תו,גרמים,72.00,100 גרם,false,1,5.90,8.19,true,1,
7290018972779,false,נודלס מנה חמה בקר 72 גרם תומר,,,נודלס מנה חמה בקר תו,גרמים,72.00,100 גרם,false,1,5.90,8.19,true,1,
7290018975008,false,חטיף אדממה מיקס כרם 80 גרם,סוזו יואי פודס,,חטיף אדממה מיקס כרם,גרמים,80.00,100 גרם,false,1,5.90,7.38,true,1,
7290019017615,false,"OCEAN מסכת קיק וביוטין 500 מ""ל",,,OCEAN מסכת קיק וביוט,מיליליטרים,500.00,"100 מ""ל",false,1,59.90,11.98,true,1,
7290019017622,false,סרום חומצה היאלרונית וקרטין אושן 100 מ,,,סרום חומצה היאלרונית,מיליליטרים,100.00,"100 מ""ל",false,1,59.90,59.90,true,1,
7290019056027,false,שוופס מוגז פירות תפוחים ללא סוכר 1.5 ליטר פיקדון,"יפאורה תבורי בע""\מ",IL,שוופס מוגז פירות,ליטרים,0.00,ליטר,false,1,8.70,8.70,true,1,
7290019056034,false,שוופס מוגז פירות אננס ללא סוכר 1.5 ליטר פיקדון,"יפאורה תבורי בע""מ",IL,שוופס מוגז אננס ללא,ליטרים,0.00,ליטר,false,1,8.70,8.70,true,1,
7290019056041,false,שוופס מוגז פירות לימונייד ללא סוכר 1.5 ליטר פיקדון,"יפאורה תבורי בע""מ",IL,שוופס מוגז ללא סוכר,ליטרים,0.00,ליטר,false,1,8.70,8.70,true,1,
7290019056058,false,שוופס מוגז עדין תפוח ליים 1.5 ליטר פיקדון,"יפאורה תבורי בע""\מ",IL,שוופס מוגז עדין תפוח,ליטרים,0.00,ליטר,false,1,9.20,9.20,true,1,
7290019056065,false,שוופס מוגז עדין פירות יער 1.5 ליטר פיקדון,"יפאורה תבורי בע""\מ",IL,שוופס מוגז עדין פירו,ליטרים,0.00,ליטר,false,1,9.20,9.20,true,1,
7290019056072,false,שוופס מוגז עדין אננס 1.5 ליטר פיקדון,מיוצר עי קונדיטוריית,IL,שוופס מוגז עדין אננס,ליטרים,0.00,ליטר,false,1,9.20,9.20,true,1,
7290019056089,false,שוופס מוגז עדין ענבי ריזלינג 1.5 ליטר פיקדון,"יפאורה תבורי בע""\מ",IL,שוופס מוגז עדין ריזל,ליטרים,0.00,ליטר,false,1,9.20,9.20,true,1,
7290019056096,false,שוופס מוגז עדין אפרסק 1.5 ליטר פיקדון,"יפאורה תבורי בע""\מ",IL,שוופס מוגז עדין אפרס,ליטרים,0.00,ליטר,false,1,9.20,9.20,true,1,
7290019056164,false,שוופס סודה 1.5 ליטר רביעייה פיקדון,"יפאורה תבורי בע""\מ",IL,רביעיית שוופס סודה 1,ליטרים,0.00,ליטר,false,1,12.10,12.10,true,1,
7290019056171,false,מארז רביעיית סודה בטעם לימון 1.5 ל' שוופס,"יפאורה תבורי בע""\מ",IL,רביעיית שוופס סודה ל,ליטרים,0.00,ליטר,false,1,12.10,12.10,true,1,
7290019056201,false,מארז רביעיית סודה בטעם פירות יער 1.5 ל' שוופס,"יפאורה תבורי בע""\מ",IL,שוופס סודה פירות יער,ליטרים,0.00,ליטר,false,1,12.10,12.10,true,1,
7290019056232,false,משקה מוגז בטעם ליים מוחיטו 1.5 ל' שוופס,"יפאורה תבורי בע""\מ",IL,שוופס ליים מוחיטו 1.,ליטרים,0.00,ליטר,false,1,10.90,10.90,true,1,
7290019056249,false,שוופס מים בטעמים ענבים 1.5 ליטר פיקדון,מיוצר עי קונדיטוריית,IL,שוופס WATER ענבים 1.,ליטרים,0.00,ליטר,false,1,9.50,9.50,true,1,
7290019056256,false,שוופס מים בטעמים תפוחים 1.5 ליטר פיקדון,מיוצר עי קונדיטוריית,IL,שוופס WATER תפוח 1.5,ליטרים,0.00,ליטר,false,1,9.50,9.50,true,1,
7290019056263,false,שוופס מים בטעמים אפרסק 1.5 ליטר פיקדון,מיוצר עי קונדיטוריית,IL,שוופס WATER אפרסק 1.,ליטרים,0.00,ליטר,false,1,9.50,9.50,true,1,
7290019056270,false,שוופס מים בטעמים פירות יער 1.5 ליטר פיקדון,"יפאורה תבורי בע""\מ",IL,שוופס WATER פירות יע,ליטרים,0.00,ליטר,false,1,9.50,9.50,true,1,
7290019056287,false,שוופס מים בטעמים אפרסק ללא סוכר 1.5 ליטר פיקדון,יפאורה שותפות מובגלת לשי,IL,שוופס WATER אפרסק 0,ליטרים,0.00,ליטר,false,1,9.50,9.50,true,1,
7290019056294,false,משקה בטעם גינגר אייל 1.5 ל' שוויפס,"יפאורה תבורי בע""\מ",IL,שוופס גינגר 1.5 ליטר,ליטרים,0.00,ליטר,false,1,12.20,12.20,true,1,
7290019056300,false,משקה בטעם ביטר לימון 1.5 ל' שוויפס,"יפאורה תבורי בע""\מ",IL,שוופס ביטר 1.5 ליטר,ליטרים,0.00,ליטר,false,1,12.20,12.20,true,1,
7290019056317,false,שוופס ראשן 1.5 ליטר פיקדון,"יפאורה תבורי בע""\מ",IL,משקה שוופס ראשן 1.5,ליטרים,0.00,ליטר,false,1,12.20,12.20,true,1,
7290019056324,false,משקה בטעם טוניק 1.5 ל' שוופס,"יפאורה תבורי בע""\מ",IL,שוופס טוניק 1.5 ליטר,ליטרים,0.00,ליטר,false,1,12.20,12.20,true,1,
7290019056331,false,משקה בטעם טוניק ללא סוכר 1.5 ל' שוופס,מיוצר עי קונדיטוריית,IL,שוופס טוניק ללא סוכר,ליטרים,0.00,ליטר,false,1,11.90,11.90,true,1,
7290019056355,false,תפוזינה לימונדה MIX לימונענע 1.5 ליטר,"יפאורה תבורי בע""\מ",IL,תפוזינה לימונענע 1.5,ליטרים,0.00,ליטר,false,1,9.20,9.20,true,1,
7290019056362,false,תפוזינה ענבים 1.5 ליטר פיקדון,"יפאורה תבורי בע""\מ",IL,תפוזינה ענבים 1.5 לי,ליטרים,0.00,ליטר,false,1,9.20,9.20,true,1,
7290019056379,false,תפוזינה תפוזים 1.5 ליטר פיקדון,"יפאורה תבורי בע""\מ",IL,תפוזינה תפוזים 1.5 ל,ליטרים,0.00,ליטר,false,1,9.20,9.20,true,1,
7290019056386,false,פתוזינה אשכולית 1.5 ליטר פיקדון,"יפאורה תבורי בע""\מ",IL,תפוזינה אשכוליות 1.5,ליטרים,0.00,ליטר,false,1,9.20,9.20,true,1,
7290019056393,false,תפוזינה תות בננה 1.5 ליטר פיקדון,"יפאורה תבורי בע""\מ",IL,תפוזינה תות בננה 1.5,ליטרים,0.00,ליטר,false,1,9.20,9.20,true,1,
7290019056409,false,תפוזינה מנגו 1.5 ליטר פיקדון,"יפאורה תבורי בע""\מ",IL,תפוזינה מנגו עסיסי 1,ליטרים,0.00,ליטר,false,1,9.20,9.20,true,1,
7290019056416,false,מיץ בטעם לימונדה ורודה 1.5 ל' תפוזינה,"יפאורה תבורי בע""\מ",IL,תפוזינה לימונדה ורוד,ליטרים,0.00,ליטר,false,1,9.20,9.20,true,1,
7290019056423,false,מיץ בטעם תפוח רענן 1.5ל' תפוזינה,"יפאורה תבורי בע""\מ",IL,תפוזינה תפוח רענן 1.,ליטרים,0.00,ליטר,false,1,9.20,9.20,true,1,
7290019056478,false,ספרינג טי קר אפרסק 1.5ליטר פיקדון,"יפאורה תבורי בע""\מ",IL,משקה ספרינג טי אפרסק,ליטרים,0.00,ליטר,false,1,8.20,8.20,true,1,
7290019056485,false,ספריג תה ירוק לימון לואיזה 1.5 ליטר פיקדון,"יפאורה תבורי בע""\מ",IL,משקה ספרינג טי לימון,ליטרים,0.00,ליטר,false,1,8.20,8.20,true,1,
7290019056492,false,ספרינג תה מנגו אפרסק 1.5 ליטר פיקדון,"יפאורה תבורי בע""\מ",IL,ספרינג תה מנגו אפרסק,ליטרים,0.00,ליטר,false,1,8.20,8.20,true,1,
7290019056508,false,fruit water פרוט ווטר ענבים 1.5 ליטר-,"יפאורה תבורי בע""\מ",IL,FRUIT WATER ענבים 1.,ליטרים,0.00,ליטר,false,1,9.50,9.50,true,1,
7290019056515,false,fruit water פרוט ווטר אננס 1.5 ליטר-,"יפאורה תבורי בע""\מ",IL,FRUIT WATER אננס 1.5,ליטרים,0.00,ליטר,false,1,9.50,9.50,true,1,
7290019056522,false,מים בטעם תות 1.5 ל' פרוט וואטר,"יפאורה תבורי בע""\מ",IL,FRUIT WATER תות 1.5,ליטרים,0.00,ליטר,false,1,9.50,9.50,true,1,
7290019056539,false,fruit water פרוט ווטר אפרסק 1.5 ליטר-,"יפאורה תבורי בע""\מ",IL,FRUIT WATER אפרסק 1.,ליטרים,0.00,ליטר,false,1,9.50,9.50,true,1,
7290019056546,false,fruit water פרוט ווטר אבטיח 1.5 ליטר-,"יפאורה תבורי בע""\מ",IL,FRUIT WATER אבטיח 1.,ליטרים,0.00,ליטר,false,1,9.50,9.50,true,1,
7290019056553,false,שישיית מים מינרלים עין גדי 2 ליטר,עין גדי מיים מינרלים,IL,שישיית מים עין גדי 2,ליטרים,0.01,ליטר,false,1,13.30,1330.00,true,1,
7290019056577,false,משקה קל מנגו ספרינג 1.5 ליטר,"יפאורה תבורי בע""\מ",IL,ספרינג מנגו 1.5 ליטר,ליטרים,0.00,ליטר,false,1,9.20,9.20,true,1,
7290019056584,false,משקה קל תפוזים ספרינג 1.5 ליטר,"יפאורה תבורי בע""\מ",IL,ספרינג תפוז 1.5 ליטר,ליטרים,0.00,ליטר,false,1,9.20,9.20,true,1,
7290019056591,false,משקה קל ענבים ספרינג 1.5 ליטר,"יפאורה תבורי בע""\מ",IL,ספרינג ענבים 1.5 ליט,ליטרים,0.00,ליטר,false,1,9.20,9.20,true,1,
7290019056607,false,משקה קל תפוחים ספרינג 1.5 ליטר,"יפאורה תבורי בע""\מ",IL,ספרינג תפוח 1.5 ליטר,ליטרים,0.00,ליטר,false,1,9.20,9.20,true,1,
7290019056614,false,משקה קל אפרסק ספרינג 1.5 ליטר,"יפאורה תבורי בע""\מ",IL,ספרינג אפרסק 1.5 ליט,ליטרים,0.00,ליטר,false,1,9.20,9.20,true,1,
7290019056621,false,משקה קל פירות טרופיים ספרינג 1.5 ליטר,"יפאורה תבורי בע""\מ",IL,ספרינג 1.5 ליטר פירו,ליטרים,0.00,ליטר,false,1,9.20,9.20,true,1,
7290019056638,false,משקה קל תות בננה ספרינג 1.5 ליטר,"יפאורה תבורי בע""\מ",IL,ספרינג תות בננה 1.5,ליטרים,0.00,ליטר,false,1,9.20,9.20,true,1,
7290019056645,false,משקה קל אגס תפוח סברס ספרינג 1.5 ליטר,"יפאורה תבורי בע""\מ",IL,ספרינג 1.5 ליטר אגסי,ליטרים,0.00,ליטר,false,1,9.20,9.20,true,1,
7290019056652,false,משקה קל אננס בננה ספרינג 1.5 ליטר,"יפאורה תבורי בע""\מ",IL,ספרינג אננס בננה 1.5,ליטרים,0.00,ליטר,false,1,9.20,9.20,true,1,
7290019056669,false,משקה קל תפוחים דיאט ספרינג 1.5 ליטר,"יפאורה תבורי בע""\מ",IL,ספרינג תפוחים לייט 1,ליטרים,0.00,ליטר,false,1,8.90,8.90,true,1,
7290019056676,false,מיץ דיאט בטעם אשכוליות ואננס 1.5ל' ספרינג,"יפאורה תבורי בע""\מ",IL,ספרינג אשכוליות אננס,ליטרים,0.00,ליטר,false,1,8.90,8.90,true,1,
7290019056720,false,קריסטל מיץ ענבים 2 ליטר פיקדון,"יפאורה תבורי בע""\מ",IL,קריסטל מיץ ענבים 2 ל,ליטרים,0.00,ליטר,false,1,7.50,7.50,true,1,
7290019056768,false,קריסטל מיץ מנגו 2 ליטר פיקדון,"יפאורה תבורי בע""\מ",IL,קריסטל מיץ מנגו 2 לי,ליטרים,0.00,ליטר,false,1,7.50,7.50,true,1,
7290019056812,false,קריסטל מוגז מנטה 2 ליטר פיקדון,"יפאורה תבורי בע""\מ",IL,קריסטל מוגז מנטה 2 ל,ליטרים,0.00,ליטר,false,1,7.50,7.50,true,1,
7290019056836,false,קריסטל מוגז תות 2 ליטר פיקדון,"יפאורה תבורי בע""\מ",IL,קריסטל מוגז תות 2 לי,ליטרים,0.00,ליטר,false,1,7.50,7.50,true,1,
7290019056843,false,קריסטל מוגז קולה 2 ליטר פיקדון,"יפאורה תבורי בע""\מ",IL,קריסטל מוגז קולה 2 ל,ליטרים,0.00,ליטר,false,1,7.50,7.50,true,1,
7290019056881,false,סודה שוופס 1.5 ליטר,"יפאורה תבורי בע""מ",,שוופס סודה 1.5 ליטר,ליטרים,0.00,ליטר,false,1,3.80,3.80,true,1,
7290019056898,false,שוופס סודה לימון 1.5 ליטר,"כד בני דרום בע""מ",IL,שוופס סודה לימון 1.5,ליטרים,0.00,ליטר,false,1,3.70,3.70,true,1,
7290019056904,false,סודה שוופס נענע ליים,"כד בני דרום בע""מ",IL,שוופס סודה תפוח 1.5,ליטרים,0.00,ליטר,false,1,3.70,3.70,true,1,
7290019056928,false,שוופס סודה פירות יער 1.5 ליטר,,IL,שוופס סודה פירות יער,ליטרים,0.00,ליטר,false,1,3.70,3.70,true,1,
7290019056942,false,מים מינרליים טבעיים,יפאורה,IL,מי עין גדי 2 ל,ליטרים,0.00,ליטר,false,1,2.80,2.80,true,1,
7290019056966,false,מי עדן בקבוק פיקדון 1.5 ליטר,"מי עדן בע""מ",IL,מי עדן 1.5 ליטר,ליטרים,0.00,ליטר,false,1,4.20,4.20,true,1,
7290019056973,false,שישיית מי עדן 1.5 ליטר משפחתי,"מופק ממקור בזלתי עדן ,1",IL,שישיית מי עדן 1.5 לי,ליטרים,0.01,ליטר,false,1,13.90,1390.00,true,1,
7290019074090,false,"ד""ר פישר - קמיל בלו אקסטרה סופט אל סבון לתינוק 500 מ""ל",פישר מעבדות פרמצבטיות בע,,קמיל בלו אל סבון לתי,Unknown,0.00,Unknown,false,1,23.90,23.90,true,1,
7290019074298,false,"ד""ר פישר - קמיל בלו אקסטרה סופט שמפו לתינוק 500 מ""ל",פישר מעבדות פרמצבטיות בע,,קמיל בלו שמפו לתינוק,Unknown,0.00,Unknown,false,1,23.90,23.90,true,1,
7290019137092,false,"סירופ מייפל קנדי אורגני 250 מ""ל",NOVOFRUCHT SK S.R.O,CA,סירופ מייפל קנדי אור,מיליליטרים,250.00,"100 מ""ל",false,1,23.90,9.56,true,1,
7290019153078,false,"שוופס ביטר למון לייט, 1.5 ליטר פקדון","יפאורה תבורי בע""\מ",,שוופס ביטר למון לייט,ליטרים,0.00,ליטר,false,1,11.90,11.90,true,1,
7290019153085,false,שוופס מוגז ליים מוחיטו ללא סוכר 1.5 ליטר-,"יפאורה תבורי בע""\מ",,שוופס ליים מוחיטו לל,ליטרים,0.00,ליטר,false,1,9.90,9.90,true,1,
7290019153252,false,שוופס סודה תפוח 1.5 ליטר רביעייה פיקדון,"יפאורה תבורי בע""\מ",IL,שוופס סודה תפוח 1.5,ליטרים,0.00,ליטר,false,1,12.10,12.10,true,1,
7290019153269,false,שוופס סודה אננס 1.5 ליטר רביעייה פיקדון,"יפאורה תבורי בע""\מ",IL,שוופס סודה אננס 1.5,ליטרים,0.00,ליטר,false,1,12.10,12.10,true,1,
7290019153283,false,סודה שוויפס בטעם אננס 1.5ל,"יפאורה תבורי בע""מ",IL,שוופס סודה אננס 1.5,ליטרים,0.00,ליטר,false,1,3.30,3.30,true,1,
7290019153306,false,סודה שוויפס בטעם תפוח 1.5ל,"יפאורה תבורי בע""מ",IL,שוופס סודה תפוח 1.5,ליטרים,0.00,ליטר,false,1,3.70,3.70,true,1,
7290019153313,false,"משקהתפוח חמוציות אוכמניות 350 מ""ל פרות & ווג",יפאורה תבורי בעמ,IL,פרוט & וג תפוח חמוצי,מיליליטרים,350.00,"100 מ""ל",false,1,7.50,2.14,true,1,
7290019153344,false,מיץ בטעם סנגרייה 1.5 ל' תפוזינה,"יפאורה תבורי בע""\מ",IL,תפוזינה סנגרייה 1.5,ליטרים,0.00,ליטר,false,1,9.20,9.20,true,1,
7290019153351,false,מיץ בטעם פינק אוזו 1.5 ל' תפוזינה,"יפאורה תבורי בע""\מ",IL,תפוזינה פינק אוזו 1.,ליטרים,0.00,ליטר,false,1,9.20,9.20,true,1,
7290019153375,false,מיץ בטעם מוחיטו 1.5 ל' תפוזינה,"יפאורה תבורי בע""\מ",IL,תפוזינה מוחיטו 1.5 ל,ליטרים,0.00,ליטר,false,1,9.20,9.20,true,1,
7290019153535,false,"רביעיית שוופס מוגז פירות למונייד ללא סוכר 330 מ""ל פחיות",יפאורה תבורי,,רביעיית פחיות שוופס,מיליליטרים,1320.00,"100 מ""ל",false,1,16.70,1.27,true,1,
7290019153566,false,משקה קל רימון אוכמניות דובדבן ספרינג 1.5 ליטר,יפאורה תבורי,,ספרינג רימון אוכמניו,ליטרים,0.00,ליטר,false,1,9.20,9.20,true,1,
7290019167020,false,עוגת גבינה עם פירות יער לייט עדן קינוחים 82 גרם,תנובה,,עוגת גבינה עם פירות,גרמים,80.00,100 גרם,false,1,6.90,8.63,true,1,
7290019167037,false,תותים בקצפת עדן קינוחים 82 גרם,תנובה,,תותים בקצפת 80 גרם,גרמים,80.00,100 גרם,false,1,6.90,8.63,true,1,
7290019167044,false,קצפת עם קרם בייגלה מתוק מלוח עדן קינוחים 82 גרם,תנובה,,קצפת עם קרם בייגלה מ,גרמים,80.00,100 גרם,false,1,6.90,8.63,true,1,
7290019168133,false,"צלחת 8"" מתכלה מרובעת סדרת יוניק מקני סוכר אר' 12 יח'",,,צלחת 8 מתכלה מרובעת,Unknown,0.00,Unknown,false,1,11.90,11.90,true,1,
7290019168140,false,"צלחת 10"" מתכלה מרובעת סדרת יוניק מקני סוכר אר' 12 יח' דנטס",,,צלחת 10 מתכלה מרובעת,Unknown,0.00,Unknown,false,1,19.90,19.90,true,1,
7290019168195,false,סכינים מעוצבים זהב/כ,,,סכינים מעוצבים,Unknown,0.00,Unknown,false,1,10.90,10.90,true,1,
7290019168201,false,מזלגות מעוצבים זהב/כ,,,מזלגות מעוצבים,Unknown,0.00,Unknown,false,1,10.90,10.90,true,1,
7290019168218,false,כפות מעוצבות זהב/כסף,,,כפות מעוצבות,Unknown,0.00,Unknown,false,1,10.90,10.90,true,1,
7290019176039,false,פילה טונה בשמן קנולה עם פלפל שמן 160 גר,,LV,פילה טונה בשמן קנולה,גרמים,160.00,100 גרם,false,1,15.90,9.94,true,1,
7290019226093,false,חתיכות אננס בסירופ קל תומר 565 גרם,,,אננס חתוך תומר 565 ג,גרמים,565.00,100 גרם,false,1,7.90,1.40,true,1,
7290019226109,false,אננס פרוס תומר 565 גרם,,,אננס פרוס תומר 565 ג,גרמים,565.00,100 גרם,false,1,8.90,1.58,true,1,
7290019232056,false,מארז תה וטופינגס תה ויסוצקי,,IL,מארז תה וטופינגס תה,Unknown,0.00,Unknown,false,1,99.90,99.90,true,1,
7290019232063,false,מארז תה בתפזורת וכפית קפיצית תה ויסוצקי,,IL,מארז תה בתפזורת וכפי,Unknown,0.00,Unknown,false,1,109.90,109.90,true,1,
7290019232155,false,"חליטת ""לילה טוב"" קמומיל לבנדר ו25 שקיקים ויסוצקי",תה ויסוצקי,,תה ויסוצקי חליטת ליל,יחידה,1.00,יחידה,false,1,25.90,25.90,true,1,
7290019232162,false,"חליטת ""לילה טוב"" קמומיל מליסה 25 שקיקים ויסוצקי",תה ויסוצקי,,תה ויסוצקי חליטת ליל,יחידה,1.00,יחידה,false,1,25.90,25.90,true,1,
7290019232803,false,הולגריין ביסקוויט+קרם חלב ושוקולד חלב 300 גרם רבנות,"אולקר ביסקווי סנאי, א.ס.",,ביסקוויט הולגריין קר,גרמים,300.00,100 גרם,false,1,11.90,3.97,true,1,
7290019232827,false,הולגריין ביסקוויט במילוי אגוזי לוז 300 גרם רבנות,"אולקר ביסקווי סנאי, א.ס.",,ביסקוויט הולגריין במ,גרמים,300.00,100 גרם,false,1,11.90,3.97,true,1,
7290019233039,false,רוטב עגבניות עם קוביות פלפלים ושמן זית 420ג' ויסוצקי,דליציה דורה אס.אר.אל,IT,רוטב שקשוקה קלאסית ז,גרמים,420.00,100 גרם,false,1,13.90,3.31,true,1,
7290019297512,false,"רוטב רימונים שקדיה 340 מ""ל בדץ",סיטוגלוגידה,,רוטב רימונים שקדיה 3,מיליליטרים,340.00,"100 מ""ל",false,1,12.40,3.65,true,1,
7290019297536,false,חמאת בוטנים עם שברי בוטנים שקדיה 510 גרם,דין שיווק,,חמאת בוטנים עם שברי,גרמים,510.00,100 גרם,false,1,14.20,2.78,true,1,
7290019297543,false,חמאת בוטנים שקדיה 510 גרם,דין שיווק,,חמאת בוטנים 510 גרם,גרמים,510.00,100 גרם,false,1,14.20,2.78,true,1,
7290019297550,false,בוטנים מטוגנים בקוספא 185 גרם,קריניציה ויטמינה אס,,בוטנים מטוגנים בקוספ,גרמים,185.00,100 גרם,false,1,9.90,5.35,true,1,
7290019297642,false,גרעין שחור קלוי ללא מלח ששון הקולה 150 ג',"דין שיווק וקלייה בע""",,גרעין שחור קלוי ללא,גרמים,150.00,100 גרם,false,1,4.80,3.20,true,1,
7290019431183,false,אמברלו מטריות חרובים אגוז נמר תות 70 גר,ממתקי נעמה,IL,אמברלו מטריות חרובים,גרמים,70.00,100 גרם,false,1,19.90,28.43,true,1,
7290069701151,false,פריזר דוקטורסקיה אוריגינל מזרע,,,פריזר דוקטורסקיה,Unknown,0.00,"ק""ג",true,0,75.00,75.00,true,1,
7290089617074,false,פטריות מסליאטה מוחמצות 680 ג,,CN,פטריות מסליאטה מוחמ,גרמים,680.00,100 גרם,false,1,16.70,2.46,true,1,
7290089617142,false,פטריות אופיאטה מוחמצפוסולסקי דבור 680 ג,,CN,פטריות אופיאטה מוחמ,גרמים,680.00,100 גרם,false,1,16.70,2.46,true,1,
7290089617210,false,פטריות אסורטי מוחמצים 680 ג,,CN,פטריות אסורטי מוחמצ,גרמים,680.00,100 גרם,false,1,16.70,2.46,true,1,
7290089617388,false,פטריות בורוביצקי מוחמצים 680 ג,,CN,פטריות בורוביצקי מוח,גרמים,680.00,100 גרם,false,1,16.70,2.46,true,1,
7290100240137,false,"תרסיס למייבש כביסה כחול 500 מ""ל בדין","זוהר דליה, קיבוץ דליה, 1",,בדין תרסיס למייבש כח,מיליליטרים,500.00,"100 מ""ל",false,1,22.50,4.50,true,1,
7290100240632,false,קרקר פתית 200-300ג' 6 דגנים 250 גרם,יוניליוור ישראל מזון בע\,,"פתית 6 דגנים בד""צ 25",גרמים,250.00,100 גרם,false,1,16.90,6.76,true,1,
7290100240656,false,"פתית שיפון בד""צ חדש 300X24 גר'",יוניליוור ישראל מזון בע\,,"פתית שיפון בד""צ 250",גרמים,300.00,100 גרם,false,1,16.90,5.63,true,1,
7290100243084,false,הלמנס מיונז אמיתי 789 גר',"יונילוור ארה""ב",,מיונז הלמנס 789 גרם,מיליליטרים,400.00,"100 מ""ל",false,1,27.90,6.98,true,1,
7290100243671,false,"מרכך כביסה מרוכז אקסטרה כחול בדין 960 מ""ל",יוניליוור סנאיי וי טיקאר,,בדין אקסטרא כחול 960,מיליליטרים,960.00,"100 מ""ל",false,1,15.90,1.66,true,1,
7290100245231,false,נמס בכוס מרק בטעם עוף עם אטריות ושקדי מרק-2 שקיות,יוניליוור ישראל מזון בע\,,מרק נמס בכוס ועוד ט.,גרמים,50.00,100 גרם,false,1,6.90,13.80,true,1,
7290100321775,false,חזה עוף טרי,,,חזה עוף טרי,Unknown,0.00,"ק""ג",true,0,34.90,34.90,true,1,
7290100323038,false,כרעיים עוף טרי,,,כרעיים עוף טרי,Unknown,0.00,"ק""ג",true,0,22.90,22.90,true,1,
7290100326626,false,קורקבן עוף טרי,,,קורקבן עוף טרי,Unknown,0.00,"ק""ג",true,0,15.90,15.90,true,1,
7290100330203,false,הודו שלם טרי,,,הודו שלם טרי,Unknown,0.00,"ק""ג",true,0,29.90,29.90,true,1,
7290100331118,false,חזה הודו נקבה טרי,,,חזה הודו נקבה טרי,Unknown,0.00,"ק""ג",true,0,33.90,33.90,true,1,
7290100334041,false,שווארמה הודו נקבה טרי,,,שווארמה הודו נקבה טר,Unknown,0.00,"ק""ג",true,0,79.90,79.90,true,1,
7290100335154,false,שוק הודו זכר טרי,,,שוק הודו זכר טרי,Unknown,0.00,"ק""ג",true,0,29.90,29.90,true,1,
7290100335406,false,ירך הודו זכר,,,ירך הודו זכר,Unknown,0.00,"ק""ג",true,0,58.90,58.90,true,1,
7290100337066,false,כנף הודו נקבה טרי,,,כנף הודו נקבה טרי,Unknown,0.00,"ק""ג",true,0,16.90,16.90,true,1,
7290100337400,false,גרון הודו זכר טרי,,,גרון הודו זכר טרי,Unknown,0.00,"ק""ג",true,0,34.90,34.90,true,1,
7290100337417,false,גרון הודו נקבה,,,גרון הודו נקבה,Unknown,0.00,"ק""ג",true,0,34.90,34.90,true,1,
7290100338018,false,כבד הודו טרי,,,כבד הודו טרי,Unknown,0.00,"ק""ג",true,0,21.90,21.90,true,1,
7290100338223,false,לב הודו טרי,,,לב הודו טרי,Unknown,0.00,"ק""ג",true,0,22.90,22.90,true,1,
7290100338612,false,קורקבן הודו טרי,,,קורקבן הודו טרי,Unknown,0.00,"ק""ג",true,0,11.90,11.90,true,1,
7290100412244,false,דר עור מגבוני אנטי אייג'ינג לניקוי הפנים,ניאופארם,,מגבונים אנטי אייגינג,Unknown,0.00,Unknown,false,1,19.90,19.90,true,1,
7290100412343,false,קוויק מטליות לחות 99.9% לניקוי כללי בריח לימון 50 יחידות,די.פי.אל,,מגבונים לנ.כללי בריח,Unknown,0.00,Unknown,false,1,11.00,11.00,true,1,
7290100412442,false,קוויק מטליות לחות 99.9% לניקוי שירותים ומקלחות בריח מנטה 50 יחידות,די.פי.אל,,מג.לנ.שירותים ואמבטי,Unknown,0.00,Unknown,false,1,11.00,11.00,true,1,
7290100413593,false,קוויק מטליות לחות גדולות לניקוי כללי בריח פרחי בר 40 יחידות,די.פי.אל,,מטליות לחות נ.כללי פ,Unknown,0.00,Unknown,false,1,9.70,9.70,true,1,
7290100570074,false,אביזרי מטבח ב-4.99,,,אבזרי מטבח,Unknown,0.00,Unknown,false,1,4.90,4.90,true,1,
7290100570234,false,אביזרי מטבח,,,אבזרי מטבח,Unknown,0.00,Unknown,false,1,12.90,12.90,true,1,
7290100570272,false,16.9 ה.אביזרי בית,,,פומפה,Unknown,0.00,Unknown,false,1,16.90,16.90,true,1,
7290100570463,false,אביזרי מטבח,,,אבזרי מטבח,Unknown,0.00,Unknown,false,1,35.90,35.90,true,1,
7290100570562,false,אבזרי מטבח,,,אבזרי מטבח,יחידה,1.00,יחידה,false,1,45.90,45.90,true,1,
7290100570647,false,אביזרי מטבח,,,אבזרי מטבח,Unknown,0.00,Unknown,false,1,69.90,69.90,true,1,
7290100571279,false,אביזרי מטבח,,,אבזרי מטבח,Unknown,0.00,Unknown,false,1,39.90,39.90,true,1,
7290100572146,false,כ.סט מקפיאון,,,אבזרי מטבח,Unknown,0.00,Unknown,false,1,24.90,24.90,true,1,
7290100572368,false,אביזרי מטבח,,,אבזרי מטבח,Unknown,0.00,Unknown,false,1,19.90,19.90,true,1,
7290100572702,false,אביזרי מטבח ב-11.00,,,אביזרי מטבח,Unknown,0.00,Unknown,false,1,10.90,10.90,true,1,
7290100573396,false,אביזרי מטבח.,,,אביזרי מטבח,Unknown,0.00,Unknown,false,1,9.90,9.90,true,1,
7290100573716,false,שקית זילוף טרמיסו,,,אביזרי מטבח,Unknown,0.00,Unknown,false,1,14.90,14.90,true,1,
7290100575055,false,אביזרי מטבח.,,,אבזרי מטבח,Unknown,0.00,Unknown,false,1,29.90,29.90,true,1,
7290100575086,false,אביזרי מטבח ב-6.99,,,אבזרי מטבח,Unknown,0.00,Unknown,false,1,6.90,6.90,true,1,
7290100658338,false,נוזל כלים אוקסי פלוס עם נוסחת החמצן הפעיל,הנסיך- מפעל לייצור ט,,פלמוליב אוקסי פלוס כ,מיליליטרים,750.00,"100 מ""ל",false,1,11.90,1.59,true,1,
7290100680650,false,מנה חמה נודלס-אטריות ירקות טעם תאילנדי אסם 76 ג',PUB FOODS PRESIDENT THAI,,מנה חמה נודלס טעם יר,גרמים,70.00,100 גרם,false,1,5.90,8.43,true,1,
7290100680728,false,פירורית רגילה שקית 350 גרם,מיוצר עי קונדיטוריית,,פירורית 350 גרם,גרמים,350.00,100 גרם,false,1,7.60,2.17,true,1,
7290100681138,false,מארז אפרופו חטיף תירס 3 יחידות,"אסם השקעות בע""\מ",,מארז אפרופו 3*50 גרם,גרמים,150.00,100 גרם,false,0,12.90,8.60,true,1,
7290100684139,false,פסטה מיני מקרוני אסם 500 גרם,פסטה זארה,,פסטה אסם מיני מקרוני,גרמים,500.00,100 גרם,false,1,5.90,1.18,true,1,
7290100685136,false,"אבקת מרק בטעם עוף אסם 1 ק""ג","אסם השקעות בע""\מ",,"מרק טעם עוף 1 ק""ג",גרמים,1000.00,100 גרם,false,1,17.40,1.74,true,1,
7290100685938,false,עוגת הבית דבש ותפוח עץ עם פירורים 400 גר,"אסם תעשיות בע""מ",,עוגת הבית דבש ותפוח,גרמים,400.00,100 גרם,false,1,18.80,4.70,true,1,
7290100687109,false,במבה במילוי קרם נוגט 60ג' אסם,"אסם השקעות בע""\מ",,במבה במילוי נוגת 60,גרמים,60.00,100 גרם,false,1,4.30,7.17,true,1,
7290100689301,false,אבקת מרק בטעם עוף זך עדיף אסם 400 גרם,"אסם השקעות בע""\מ",,מרק טעם עוף זך עדיף,גרמים,400.00,100 גרם,false,1,17.70,4.43,true,1,
7290100700020,false,גריסי פנינה 500 גרם סוגת,האי נאם סי או אל.טי.,,גריסי פנינה 500 גרם,גרמים,200.00,100 גרם,false,1,5.90,2.95,true,1,
7290100700068,false,סוגת שעועית צבעונית 500גרם,"סוגת תעשיות בע""מ",,שעועית צבעונית 500 ג,גרמים,500.00,100 גרם,false,1,7.90,1.58,true,1,
7290100700075,false,פירורי לחם מוזהבים סוגת 200 גרם,"סוגת תעשיות בע""\מ",,פירורי לחם מוזהבים 2,גרמים,200.00,100 גרם,false,1,4.10,2.05,true,1,
7290100700242,false,"אורז מלא עגול 1 ק""ג סוגת","סוגת תעשיות בע""\מ",,"אורז מלא עגול 1 ק""ג",גרמים,1000.00,100 גרם,false,1,11.40,1.14,true,1,
7290100700273,false,קינואה לבנה 500 ג סו,האי נאם סי או אל.טי.,,קינואה 500 גרם,גרמים,500.00,100 גרם,false,1,13.90,2.78,true,1,
7290100700310,false,"סוגת כוסמת סוגת 1ק""ג","סוגת תעשיות בע""מ",,"כוסמת 1 ק""ג",גרמים,1000.00,100 גרם,false,1,14.60,1.46,true,1,
7290100700372,false,"אורז בסמטי מלא סוגת 1 ק""ג",האי נאם סי או אל.טי.,,"אורז בסמטי מלא 1 ק""ג",גרמים,1000.00,100 גרם,false,1,13.50,1.35,true,1,
7290100700396,false,"אורז יסמין קלאסי 1 ק""ג סוגת",האי נאם סי או אל.טי.,,אורז יסמין קלאסי 1 ק,גרמים,1000.00,100 גרם,false,1,11.90,1.19,true,1,
7290100700563,false,"סוגת אורז מיקס קלאסי 1 ק""ג",סוגת תעשיות בעמ,,"אורז מיקס 1 ק""ג",גרמים,1000.00,100 גרם,false,1,15.60,1.56,true,1,
7290100700587,false,"בורגול ""סוגת"" 500 גרם",האי נאם סי או אל.טי.,,בורגול 500 גרם,גרמים,500.00,100 גרם,false,1,5.20,1.04,true,1,
7290100701126,false,סוגת שעועית מש סוגת 500 גרם,סוגת תעשיות בעמ,,שעועית מש 500 גר,גרמים,500.00,100 גרם,false,1,12.50,2.50,true,1,
7290100701140,false,"אורז ריזוטו ארבוריו 1 ק""ג ""סוגת""","סוגת תעשיות בע""מ",,אורז ריזוטו ארבוריו,גרמים,1000.00,100 גרם,false,1,15.60,1.56,true,1,
7290100701157,false,"אורז להכנת סושי סוגת 1 ק""ג","סוגת תעשיות בע""\מ",,"אורז סושי 1 ק""ג",גרמים,1000.00,100 גרם,false,1,12.80,1.28,true,1,
7290100701300,false,קינואה אדומה סוגת 500 גרם,"סוגת תעשיות בע""\מ",,קינואה אדומה 500 גר,גרמים,500.00,100 גרם,false,1,13.90,2.78,true,1,
7290100701331,false,קמח רב תכליתי שטיבל קמח חיטה לבן בהיר,"שטיבל בע""\מ - טחנות קמח",,"קמח רב תכליתי 1 ק""ג",גרמים,1000.00,100 גרם,false,1,7.50,0.75,true,1,
7290100701348,false,"קמח שיפון מלא 1 ק""ג סוגת",שטיבל טחנות קמח,,"קמח שיפון מלא 1 ק""ג",גרמים,1000.00,100 גרם,false,1,7.50,0.75,true,1,
7290100701454,false,גרישה בורגול דק סוגת 500 גרם,"סוגת תעשיות בע""\מ",,גרישה 500 גר,גרמים,500.00,100 גרם,false,1,4.90,0.98,true,1,
7290100701577,false,קמח לחם קמח חיטה לבן שטיבל,טחנות קמח שטיבל באר שבע,,"קמח לחם 1 ק""ג סוגת",גרמים,1000.00,100 גרם,false,1,7.50,0.75,true,1,
7290100701874,false,"קמח כוסמין מלא סוגת 1 ק""ג",טחנות קמח שטיבל באר,,"קמח כוסמין 1 ק""ג סוג",גרמים,1000.00,100 גרם,false,1,14.90,1.49,true,1,
7290100701881,false,קמח פיצה ופוקצ'ה- קמח חיטה לבן בהיר שטיבל,"שטיבל בע""\מ - טחנת קמח",,"קמח פיצה ופוקצה 1 ק""",גרמים,1000.00,100 גרם,false,1,7.50,0.75,true,1,
7290100701898,false,קמח סוגת לפסטה 1 קג,שטיבל טחנות קמח,,"קמח פסטה 1 ק""ג סוגת",גרמים,1000.00,100 גרם,false,1,14.90,1.49,true,1,
7290100702260,false,קוסקוס דק סוגת 350 גרם,"אסיף תעשיות מזון בע""\מ",,קוסקוס דק 350 גרם,גרמים,350.00,100 גרם,false,1,5.00,1.43,true,1,
7290100702383,false,קמח תופח מס' 13 סוגת,"שטיבל בע""\מ - טחנות קמח",,"קמח תופח 1 ק""ג סוגת",גרמים,1000.00,100 גרם,false,1,7.50,0.75,true,1,
7290100702987,false,שיבולת שועל פתיתים סוגת 500 גרם,סוגת תעשיות,,שיבולת שועל 500 גרם,גרמים,500.00,100 גרם,false,1,6.20,1.24,true,1,
7290100702994,false,סוגת סוכר דמררה קלאסי בשקית 500 גרם,"סוגת תעשיות בע""מ",,סוכר דמררה קלאסי בשק,גרמים,500.00,100 גרם,false,1,6.50,1.30,true,1,
7290100703007,false,"עדשים שחורות בלוגה 500 גרם ""סוגת""",האי נאם סי או אל.טי.,,עדשים שחורות בלוגה 5,גרמים,500.00,100 גרם,false,1,8.90,1.78,true,1,
7290100703458,false,כוסמת לא קלוי 500 ג' סוגת,"סוגת תעשיות בע""\מ",,כוסמת ללא קליה 500 ג,גרמים,500.00,100 גרם,false,1,7.30,1.46,true,1,
7290100703533,false,קמח קסם תערובת קמח עם שמרים,טחנות קמח שטיבל באר שבע,,"קמח קסם 1 ק""ג",גרמים,1000.00,100 גרם,false,1,9.40,0.94,true,1,
7290100703557,false,קמח לפוקצה 1 קג סוגת,"שטיבל בע""מ",,"קמח פוקצה 1 ק""ג",קילוגרמים,0.00,"ק""ג",false,1,7.50,7.50,true,1,
7290100703564,false,"פתיתי שיבולת שועל עבה 500 גרם ""סוגת""",,,שיבולת שועל עבה 500,גרמים,500.00,100 גרם,false,1,6.20,1.24,true,1,
7290100703625,false,קמח חיטה לבן ללא צורך בניפוי,"שטיבל בע""מ",,קמח לבן ללא ניפוי 1,גרמים,1000.00,100 גרם,false,1,8.30,0.83,true,1,
7290100703649,false,"קמח חיטה 80% ללא צורך בניפוי סוגת 1 ק""ג","שטיבל בע""מ",,קמח מלא חיטה 80% ללא,גרמים,1000.00,100 גרם,false,1,8.30,0.83,true,1,
7290100703854,false,קוביות סוכר לבן דמררה 500 ג' סוגת,טרופיקל,,קוביות סוכר דמררה סו,גרמים,500.00,100 גרם,false,1,9.90,1.98,true,1,
7290100703861,false,"תערובת קסם לחלה ללא צורך בניפוי סוגת 1 ק""ג","שטיבל בע""\מ - טחנות קמח",,תערובת קמח קסם לחלה,גרמים,1000.00,100 גרם,false,1,8.90,0.89,true,1,
7290100703908,false,"סוכר דמררה 1 ק""ג בלמינט סוגת",סוגת תעשיות בעמ,,"סוכר דמררה 1 ק""ג",גרמים,1000.00,100 גרם,false,1,12.50,1.25,true,1,
7290100703915,false,פופקורן להכנה במיקרוגל בטעם חמאה - מארז 6 שקיות,סוגת,,מארז פופקורן למיקרוג,גרמים,540.00,100 גרם,false,1,11.40,2.11,true,1,
7290100703922,false,פופקורן להכנה במיקרוגל בטעם טבעי - מארז 6 שקיות,סוגת,,מארז פופקורן למיקרוג,גרמים,540.00,100 גרם,false,1,11.40,2.11,true,1,
7290100704141,false,סודה לשתייה 100 ג' סוגת,א.ל. ייצור ושיווק תב,,סודה לשתייה 100 גרם,גרמים,100.00,100 גרם,false,1,2.50,2.50,true,1,
7290100704660,false,"קינואה מיקס סוגת, 500 גרם","סוגת תעשיות בע""\מ",,קינואה מיקס 500 גרם,גרמים,500.00,100 גרם,false,1,14.60,2.92,true,1,
7290100790533,false,קפה שחור בקלייה כהה אורגני אווא 250 גרם,,IL,קפה שחור בקלייה כהה,גרמים,250.00,100 גרם,false,1,39.90,15.96,true,1,
7290100850909,false,דוריטוס נאצ'ו מקסיקני 70 גרם,"שטראוס פריטו ליי בע""\מ",IL,דוריטוס נאצו מקסיקני,גרמים,70.00,100 גרם,false,1,3.60,5.14,true,1,
7290100850916,false,דוריטוס חמוץ חריף מעודן 70 גרם כשר לפסח,"שטראוס פריטו ליי בע""\מ )",,דוריטוס חמוץ חריף 70,גרמים,70.00,100 גרם,false,1,3.60,5.14,true,1,
7290100850923,false,דוריטוס בטעם גריל 70 גרם,"שטראוס פריטו ליי בע""\מ )",,דוריטוס גריל 70 גרם,גרמים,70.00,100 גרם,false,1,3.60,5.14,true,1,
7290100850930,false,דוריטוס בטעם טבעי 70 גרם,"שטראוס פריטו ליי בע""\מ )",,דוריטוס טבעי 70 גרם,גרמים,70.00,100 גרם,false,1,3.60,5.14,true,1,
7290100858592,false,אבקת קקאו עלית שקית 150 ג',הנסיך- מפעל לייצור ט,,קקאו 150 גרם,גרמים,150.00,100 גרם,false,1,9.90,6.60,true,1,
7290100858608,false,אבקת קקאו עלית שקית 500 ג',שטראוס קפה בי.ויn\.,,קקאו 500 גרם,גרמים,500.00,100 גרם,false,1,23.90,4.78,true,1,
7290100921593,false,מנקה אסלה סוד 4 כדוריות לאסלה לימון נתלה 50 ג',"הנקל סוד בע""\מ",,סבון אסלה סוד לימון,גרמים,50.00,100 גרם,false,1,10.20,20.40,true,1,
7290100921609,false,סוד סבון לאסלה 4 כדוריות בניחוח אוקיינוס 50 ג',"הנקל סוד בע""\מ",,סבון אסלה סוד אוקיינ,גרמים,50.00,100 גרם,false,1,10.20,20.40,true,1,
7290100921616,false,סוד סבון לאסלה 4 כדוריות בניחוח אורנים 50 ג',הנקל סוד,,סבון אסלה סוד אורנים,גרמים,50.00,100 גרם,false,1,10.20,20.40,true,1,
7290100921623,false,מנקה אסלה סוד 4 כדוריות נתלה אקונומיקה נתלה 50 ג',"הנקל סוד בע""\מ",,סבון אסלה סוד אקונומ,גרמים,50.00,100 גרם,false,1,10.20,20.40,true,1,
7290100922637,false,"הוואי שלישיית סבון נוזלי מי קוקוס 500 מ""ל",הנקל סוד,,הוואי אל סבון נוזלי,מיליליטרים,500.00,"100 מ""ל",false,1,19.40,3.88,true,1,
7290100924204,false,"פרסיל אבקה לכביסה רגיל 8 ק""ג",פרסיל Persil,,אבקת כביסה פרסיל 8 ק,קילוגרמים,0.01,"ק""ג",false,1,62.50,6250.00,true,1,
7290100924457,false,שלישיית כדוריות סבון לאסלה לימון סוד 50 גרם,הנקל סוד,,סבון לאסלה כדוריות ל,Unknown,0.00,Unknown,false,1,26.50,26.50,true,1,
7290100925676,false,קולור קאצר 20 דפים לוכדי צבע למכונת כביס,"הנקל סוד בע""\מ",,קולור קאצר 20 דפים,Unknown,0.00,Unknown,false,1,27.50,27.50,true,1,
7290100926147,false,אבקת כביסה פרסיל קולור שקית 2.5 קג,"הנקל סוד בע""מ",,אבקת כביסה פרסיל,קילוגרמים,0.00,"ק""ג",false,1,29.50,29.50,true,1,
7290100926598,false,"פרסיל אבקת כביסה 5 ק""ג",פרסיל Persil,,אבקת כביסה פרסיל 5 ק,קילוגרמים,0.01,"ק""ג",false,1,56.50,5650.00,true,1,
7290101112228,false,"שמיניית גלידל פרי אננס ""פלדמן""",הגלידות של פלדמן,,מאגדת גלידל פרי אננס,גרמים,640.00,100 גרם,false,1,26.50,4.14,true,1,
7290101112921,false,"גלידל פרי פירות טרופים לל""ס 8 יחידות",הגלידות של פלדמן,IL,מאגדת גלידל פרי,גרמים,640.00,100 גרם,false,1,26.50,4.14,true,1,
7290101112990,false,מאגדת גרניטה קוקוס פלדמן 6 יחידות,פלקו בעמ,IL,מאגדת גרניטה קוקוס,גרמים,515.00,100 גרם,false,1,19.50,3.79,true,1,
7290101113157,false,מאגדת גלידל וניל עוגיות פלדמן 6 יחידות,"פלקו בע""\מ, חברה ישראלית",,מאגדת גלידל חלבי,יחידה,1.00,יחידה,false,1,26.50,26.50,true,1,
7290101113584,false,מאגדת טילונים שוקולד לבן עם ליבת שוקולד יולו 5 יח',הגלידות של פלדמן,,מאגדת טילונים שוקולד,גרמים,400.00,100 גרם,false,1,22.90,5.73,true,1,
7290101488248,false,"ליידי ספיד סטיק - דאודורנט רול און לאישה ורוד פרש פיושן 50 מ""ל",ליידי ספיד סטיק Lady Speed Stick,,ליידי 24/7 רול און ו,מיליליטרים,50.00,"100 מ""ל",false,1,15.90,31.80,true,1,
7290101500001,false,בייבי מיקס רבנות,חקלאי,,בייבי מיקס,Unknown,0.00,Unknown,false,1,11.90,11.90,true,1,
7290101500070,false,סופר מיקס 170 גרם,,,סופר מיקס,Unknown,0.00,Unknown,false,1,9.90,9.90,true,1,
7290101500131,false,מיקס חסה רבנות,,,מיקס חסה,Unknown,0.00,Unknown,false,1,7.90,7.90,true,1,
7290101500193,false,מיקס חסה - נספק 200,חקלאי,,חסה רומית,Unknown,0.00,Unknown,false,1,11.90,11.90,true,1,
7290101500247,false,לקט עלים פינוקט 170 גרם רבנות,חקלאי,,פינוקט 170 גרם נספק,גרמים,170.00,100 גרם,false,1,9.90,5.82,true,1,
7290101500506,false,פטרוזיליה ארוז רבנות,,,פטרוזיליה ארוזה,Unknown,0.00,Unknown,false,1,4.90,4.90,true,1,
7290101500513,false,שמיר ארוז רבנות,,,שמיר ארוז,Unknown,0.00,Unknown,false,1,4.90,4.90,true,1,
7290101500520,false,כוסברה ארוז רבנות,,,כוסברה ארוזה,Unknown,0.00,Unknown,false,1,4.90,4.90,true,1,
7290101500537,false,נענע ארוז רבנות,,,נענע ארוזה,Unknown,0.00,Unknown,false,1,4.90,4.90,true,1,
7290101500551,false,סלרי אמריקאי ארוז רבנות,חקלאי,,סלרי אמריקאי ארוז,Unknown,0.00,Unknown,false,1,5.90,5.90,true,1,
7290101500568,false,שורש סלרי ארוז,חקלאי,,סלרי ראש ארוז,Unknown,0.00,Unknown,false,1,5.90,5.90,true,1,
7290101500926,false,עלי תרד ארוז רבנות,יושלם,,תרד ארוז רכות,Unknown,0.00,Unknown,false,1,9.90,9.90,true,1,
7290101501015,false,זוג חסות ציבעוניות,,,זוג חסות ציבעוניות,Unknown,0.00,Unknown,false,1,9.90,9.90,true,1,
7290101501176,false,פלפלונים רמי לוי,מ.ע יזמות,,פלפל טינקרבל,Unknown,0.00,Unknown,false,1,9.90,9.90,true,1,
7290101501305,false,מלפפונים קטנים ארוזי,חקלאי,,מלפפוני טעם,Unknown,0.00,Unknown,false,1,9.90,9.90,true,1,
7290101551027,false,קפסולות קפה אספרסו חזק במיוחד 14 עלית 10 יח',הנסיך- מפעל לייצור ט,IL,קפסולות 14 חזק במיוח,גרמים,50.00,100 גרם,false,1,16.50,33.00,true,1,
7290101551300,false,סילאן טבעי ללא תוספת סוכר בקבוק לחיץ,מכוורת יד מרדכי שטראוס ב,,סילאן טבעי לחיץ יד מ,גרמים,700.00,100 גרם,false,1,14.90,2.13,true,1,
7290101551584,false,תפוצ'יפס קידס מארז 10 יח' * 20 ג',"שטראוס פריטו ליי בע""מ )פ",IL,מארז טפוציפס קידס 10,גרמים,200.00,100 גרם,false,1,16.70,8.35,true,1,
7290101551614,false,חטיף צ'יטוס קראנץ בטעם גבינה - מארז 8 יח',"שטראוס פריטו ליי בע""מ )פ",IL,מארז ציטוס רקאנצי טע,גרמים,240.00,100 גרם,false,1,16.70,6.96,true,1,
7290101551638,false,חטיף צ'יטוס כאפה בטעם קטשופ - מארז 10 יח',"שטראוס פריטו ליי בע""מ )פ",IL,מארז ציטוס טעם קטשופ,גרמים,200.00,100 גרם,false,1,15.60,7.80,true,1,
7290101863410,false,"סיליט באנג ספריי ניקוי עוצמתי מכיל אקונומיקה 750 מ""ל",סיליט באנג Cillit Bang,,סיליט באנג ספריי אקו,מיליליטרים,750.00,"100 מ""ל",false,1,14.50,1.93,true,1,
7290101864127,false,"ספריי להסרת כתמים 750 מ""ל וניש קליה",קליה וניש Kalia Vanish,,קליה אוקסי ספריי 750,מיליליטרים,500.00,"100 מ""ל",false,1,15.90,3.18,true,1,
7290101865261,false,"נוזל הברקה למדיח פיניש 800 מ""ל",רקיט בנקיזר,,"פיניש הברקה 800 מ""ל",מיליליטרים,800.00,"100 מ""ל",false,1,19.90,2.49,true,1,
7290101866633,false,וניש קליה גל להסרת כתמים 3 ליטר אוקסיפרש,קליה וניש Kalia Vanish,,קליה גל 3 ל,ליטרים,0.00,ליטר,false,1,29.90,29.90,true,1,
7290101866787,false,וניש קליה נוזל מסיר כתמים לכביסה לבנה 3 ליטר,קליה וניש Kalia Vanish,,קליה לכביסה לבנה 3 ל,ליטרים,0.00,ליטר,false,1,29.90,29.90,true,1,
7290101868958,false,פיניש נוזל הברקה למדיח בניחוח לימון,רקיט בנקיזר,,פיניש הברקה לימון 80,מיליליטרים,800.00,"100 מ""ל",false,1,19.90,2.49,true,1,
7290101869702,false,"ג 'ל פיניש AIO MAX מרוכז למדיח 600מ""ל",פיניש רקיט בנקיזר,,"גל AIO פיניש 600 מ""",מיליליטרים,600.00,"100 מ""ל",false,1,33.50,5.58,true,1,
7290101869726,false,ג'ל מרוכז למדיח הכל ב-1 פיניש 1 ליטר,רקיט בנקיזר,,גל AIO פיניש 1 ליטר,מיליליטרים,1000.00,"100 מ""ל",false,1,42.90,4.29,true,1,
7290101869757,false,מבשם אויר מכשיר אוטמטי חלום אואזיס,רקיט בנקיזר,,אירוויק מבשם מכשיר א,Unknown,0.00,Unknown,false,1,49.90,49.90,true,1,
7290101869788,false,"אירוויק ספריי אוטומטי מילוי בניחוח אואזיס 250 מ""ל*",איירוויק Air Wick,,אירוויק מילוי מבשם א,Unknown,0.00,Unknown,false,1,22.90,22.90,true,1,
7290101869795,false,"אירוויק מילוי מבשם אויר אטומטי חלום ליל קיץ 250 מ""ל",איירוויק Air Wick,,אירוויק מילוי מבשם א,Unknown,0.00,Unknown,false,1,22.90,22.90,true,1,
7290101869818,false,"אירוויק מכשיר חשמלי+מילוי בניחוח חלום ליל קיץ 19 מ""ל",איירוויק Air Wick,,אירוויק מבשם מכשיר ח,Unknown,0.00,Unknown,false,1,34.90,34.90,true,1,
7290101869825,false,"אירוויק מילוי למכשיר חשמלי בניחוח אואזיס 19 מ""ל",איירוויק Air Wick,,אירוויק מילוי מבשם ח,Unknown,0.00,Unknown,false,1,17.90,17.90,true,1,
7290101869832,false,"אירוויק מילוי מבשם אויר חשמלי חלום ליל קיץ 19 מ""ל",איירוויק Air Wick,,אירוויק מילוי מבשם ח,Unknown,0.00,Unknown,false,1,17.90,17.90,true,1,
7290101869917,false,"אירוויק מילוי מבשם אויר אטומטי היער הקסום 19 מ""ל",איירוויק Air Wick,,אירוויק מילוי מבשם א,Unknown,0.00,Unknown,false,1,22.90,22.90,true,1,
7290101952121,false,מארז פטרוצאן עם שומן,,IL,פטרוצן עם שומן כבש,גרמים,500.00,100 גרם,false,1,27.90,5.58,true,1,
7290101952282,false,צוריסוס ארגנטינאי 530 גרם,,,צוריסוס ארגנטינאי,גרמים,530.00,100 גרם,false,1,36.90,6.96,true,1,
7290101952329,false,המבורגר מזרע טקסס 40,,,המבורגר טקסס 400 גרם,גרמים,400.00,100 גרם,false,1,25.90,6.48,true,1,
7290101952343,false,המבורגר מסעדות 400 גרם,,,המבורגר מסעדות,גרמים,400.00,100 גרם,false,1,25.90,6.48,true,1,
7290101952381,false,קבב מזרע מזרחי 600 ג,,,קבב מזרחי 600 גרם,גרמים,600.00,100 גרם,false,1,41.90,6.98,true,1,
7290101952442,false,קבב מזרע רומני 600 ג,,,קבב רומני 600 גרם,גרמים,600.00,100 גרם,false,1,39.90,6.65,true,1,
7290101952459,false,קבב מזרע כבש 600 גר,,,קבב כבש 600 גרם,גרמים,600.00,100 גרם,false,1,41.90,6.98,true,1,
7290101952497,false,גרגרי חומוס טבעפרוסט 800 כר,,,גרגרי חומוס טבעפרוסט,גרמים,800.00,100 גרם,false,1,18.80,2.35,true,1,
7290101952527,false,לקט בסגנון אסייתי טבעפרוסט 800 גר,,,לקט בסגנון אסייתי טב,גרמים,800.00,100 גרם,false,1,18.80,2.35,true,1,
7290101952565,false,מחבת מלבני 21X33,,IL,מיני פריזר ילדים,גרמים,400.00,100 גרם,false,1,36.50,9.13,true,1,
7290101952657,false,פטרוצן אמיתי קפוא 700 גרם,,IL,פטרוצן אמיתי קפוא,גרמים,700.00,100 גרם,false,1,54.90,7.84,true,1,
7290101980919,false,מארז שלישיית ביצי שוקולד ממותגים,זאיני,,מארז שלישיית ביצי שו,Unknown,0.00,Unknown,false,1,14.50,14.50,true,1,
7290101982470,false,ממתק רולר 30 מל' בטעמים,טייפן פאן טיים,,ממתק רולר בטעמים,Unknown,0.00,Unknown,false,1,6.50,6.50,true,1,
7290101999652,false,נרות מטה כוכבים - מיקי(1X24),סודי,,נרות מטה כוכבים מיקי,Unknown,0.00,Unknown,false,1,6.90,6.90,true,1,
7290102030330,false,תפוצ'יפס קראנצ' בטעם מקסיקני 200 גרם,"שטראוס פריטו ליי בע""\מ )",,תפוציפס קראנצ מקסיקנ,גרמים,200.00,100 גרם,false,1,9.90,4.95,true,1,
7290102031276,false,מארז 8 יחידות אקטימל משקה יוגורט בטעם תות בננה,מיוצר עי קונדיטוריית,,אקטימל תות בננה,גרמים,850.00,100 גרם,false,1,20.90,2.46,true,1,
7290102032334,false,אבקה להכנת משקה קפה בטעם וניל,שטראוס קפה בי.וי,,קפה נמס וניל 200 גר,גרמים,200.00,100 גרם,false,1,24.90,12.45,true,1,
7290102060764,false,מרידול מברשת שיניים אריזת זוג,יבואן ומשווק: ש. שסט,,מרידול מברשת שיניים,Unknown,0.00,Unknown,false,1,41.90,41.90,true,1,
7290102060979,false,אלמקס משחת שיניים למניעת עששת 100 מל,יבואן ומשווק: ש. שסט,,משחת שיניים משפחתי,Unknown,0.00,Unknown,false,1,21.90,21.90,true,1,
7290102062195,false,"משחת שיניים לילדים לגילאי 6-12 אלמקס 75 מ""ל",יבואן ומשווק: ש. שסט,,משחת שיניים אלמקס,Unknown,0.00,Unknown,false,1,18.20,18.20,true,1,
7290102300822,false,גבינה צ'דר אנגלית כתומה 200 גרם,דאולי צ'יסמייקרס,,צדר אנגלית כתומה 200,גרמים,200.00,100 גרם,false,1,24.90,12.45,true,1,
7290102300860,false,"גבינת צ'דר אנגלית לבן, 200 גרם",הגבינות של נני,,צדר אנגלי 200 גרם,גרמים,200.00,100 גרם,false,1,24.90,12.45,true,1,
7290102300884,false,גבינת צ'דר כתום34% במשקל,שבינגטון,,צדר אנגלי כתום במשקל,Unknown,0.00,"ק""ג",true,0,129.00,129.00,true,1,
7290102301430,false,גבינת מלוסין עיזים ב,מלוסין,,מלוסין במשקל,Unknown,0.00,"ק""ג",true,0,165.00,165.00,true,1,
7290102301881,false,טרטר גבינה עם שום ועשבי תיבול 150 גרם,בונגראן,,גבינת טרטר עשבי תיבו,גרמים,150.00,100 גרם,false,1,24.90,16.60,true,1,
7290102302246,false,גבינת גאודה הולנדית 200 גרם,מיוצר עי קונדיטוריית,,גבינת גאודה הולנדית,גרמים,200.00,100 גרם,false,0,23.90,11.95,true,1,
7290102302819,false,גושי טונה בהירה בשמן זית בצורת פילה 120 גרם,רמירז אנד קה פילהאוס,PT,פילה טונה בהירה בשמן,גרמים,120.00,100 גרם,false,1,15.90,13.25,true,1,
7290102302826,false,רוברט פילה דג סרדין בשמן זית 120 גרם,רמירז אנד קה פילהאוס,PT,פילה דג סרדין בשמן ז,גרמים,120.00,100 גרם,false,1,13.90,11.58,true,1,
7290102302864,false,גבינה הולנדית עם פסטו ירוק 34%,הנרי ויליך Henri Willig,NL,גבינת גאודה פסטו ירו,גרמים,200.00,100 גרם,false,1,35.90,17.95,true,1,
7290102302888,false,גבינת גאודה כמון 200 גרם,מיוצר עי קונדיטוריית,NL,גבינת גאודה כמון 200,גרמים,200.00,100 גרם,false,1,35.90,17.95,true,1,
7290102303878,false,אלוויר חמאת נורמנדי 200 גרם,אלוויר,,אלוויר חמאה נורמנדי,גרמים,200.00,100 גרם,false,1,20.90,10.45,true,1,
7290102303977,false,גוש טונה בשמן זית רוברט 140 גרם,קונסרבס פורטוגל נורטה,PT,גוש טונה בשמן זית רו,גרמים,140.00,100 גרם,false,1,11.90,8.50,true,1,
7290102304714,false,גבינת גלוריוס עיזים,הנרי ויליך,,גלוריוס עיזים 180 גר,גרמים,180.00,100 גרם,false,0,43.90,24.39,true,1,
7290102304721,false,גבינת טרמנדס כמהין 1,הנרי ויליך,,טרמנדס כמהין 180 גרם,גרמים,180.00,100 גרם,false,0,43.90,24.39,true,1,
7290102390427,false,יוגורט ביו עם קציפת תות 3% שומן 150 ג' מולר,מולר Muller,,יוגורט מולר פרופ בטע,גרמים,150.00,100 גרם,false,1,5.30,3.53,true,1,
7290102390465,false,יוגורט ביו עם קציפת אפרסק ופסיפלורה 3% שומן 150 ג' מולר,מולר Muller,,פרופ אפרסק פסיפלורה,מיליליטרים,150.00,"100 מ""ל",false,1,5.30,3.53,true,1,
7290102391844,false,יוגורט ביו עם קציפת פירות יער3% שומן 150 ג' מולר,מולר Muller,,פרופ מולר פירות יער,גרמים,150.00,100 גרם,false,1,5.30,3.53,true,1,
7290102392049,false,גבינה לאפיה תבור ללא תוספת מלח 5% משק צוריאל 500 גרם,מחלבת משק צוריאל,,צוריאל תבור גבינה לא,גרמים,500.00,100 גרם,false,1,24.90,4.98,true,1,
7290102393039,false,"יוגורט ביו קרמי מיקס פצפוצי שוקולד 7.6% מולר 170 מ""ל",קריות זול,,מולר מיקס יוגורט,גרמים,150.00,100 גרם,false,1,6.20,4.13,true,1,
7290102393060,false,"יוגורט ביו קרמי מיקס גלילי ופל ואגוזים 5.9% מולר 170 מ""ל",קריות זול,,מולר מיקס יוגורט קרמ,גרמים,150.00,100 גרם,false,1,6.20,4.13,true,1,
7290102393169,false,"יוגורט סימפלי פרוט בטעם תות 3% מולר 150 מ""ל",מולר Muller,,SIMPLY FRUIT מולר בט,מיליליטרים,150.00,"100 מ""ל",false,1,5.30,3.53,true,1,
7290102393176,false,סימפלי פרוט יוגורט אפרסק 3% שומן 150 ג' מולר,מילקו תעשיות בעמ,,SIMPLY FRUIT מולר בט,מיליליטרים,150.00,"100 מ""ל",false,1,5.30,3.53,true,1,
7290102393190,false,"יוגורט סימפלי פרוט בטעם פירות יער 3% מולר 150 מ""ל",מילקו תעשיות בעמ,,SIMPLY FRUIT מולר בט,מיליליטרים,150.00,"100 מ""ל",false,1,5.30,3.53,true,1,
7290102393268,false,"גבינה לבנה 5% שומן, רכיבים טבעיים 750 גרם",הפריט בפיקוח,,גבינה לבנה 5% 750 גר,גרמים,750.00,100 גרם,false,1,14.94,1.99,true,1,
7290102393299,false,יוגורט עיזים לשתייה 3% משק צוריאל 500 גרם,מיוצר עי קוד יצרן HG,,יוגורט עיזים לשתיה 5,גרמים,500.00,100 גרם,false,1,12.90,2.58,true,1,
7290102393848,false,יוגורט עיזים 2.4% עם תות משק צוריאל 150 גרם,מחלבת משק צוריאל,,משק צוריאל יוגורט עי,מיליליטרים,140.00,"100 מ""ל",false,1,6.50,4.64,true,1,
7290102393855,false,יוגורט עיזים 2.5% עם אפרסק משק צוריאל 150 גרם,מחלבת משק צוריאל,,משק צוריאל יוגורט עי,מיליליטרים,140.00,"100 מ""ל",false,1,6.50,4.64,true,1,
7290102393947,false,סימפלי פרוט יוגורט בטעם קיווי 3% שומן 150 ג' מולר,מילקו תעשיות בעמ,,SIMPLY FRUIT מולר בט,מיליליטרים,150.00,"100 מ""ל",false,1,5.30,3.53,true,1,
7290102394081,false,"יוגורט ביו קרמי מיקס קורנפלקס מצופה שוקולד מולר 170 מ""ל",מילקו תעשייה בעמ,,מולר מיקס עם קורנפלק,גרמים,150.00,100 גרם,false,1,6.20,4.13,true,1,
7290102394463,false,נעם גבינה צהובה פרוסה ואקום 28% טרה 500 גרם,Unknown,,נעם גבינה צהובה וואק,גרמים,500.00,100 גרם,false,1,29.90,5.98,true,1,
7290102394821,false,נעם גבינה צהובה פרוסה 28% טרה 200 גרם,מילקו תעשיות בעמ,,נעם גבינה צהובה דק ד,גרמים,200.00,100 גרם,false,1,17.50,8.75,true,1,
7290102395101,false,ממרח גבינה ושוקולד מוו טרה 200 גרם,מילקו תעשיות בעמ,,ממרח גבינה ושוקולד ש,גרמים,200.00,100 גרם,false,1,12.50,6.25,true,1,
7290102395217,false,"יוגורט ביאנקו 2% במתיקות מעודנת מולר 1.2 ק""ג",מולר Muller,,מאגדת שמיניה מולר,גרמים,1200.00,100 גרם,false,1,21.90,1.83,true,1,
7290102395224,false,שמיניית יוגורט ביו ביאנקו 1.7% מולר 150 גרם,מולר Muller,,מאגדת שמיניה מולר,גרמים,1200.00,100 גרם,false,1,18.90,1.58,true,1,
7290102395231,false,שמיניית יוגורט ביו ביאנקו 2.8% מולר 150 גרם,מולר Muller,,מאגדת שמיניה מולר,גרמים,1200.00,100 גרם,false,1,18.90,1.58,true,1,
7290102395262,false,מארז 8 גביעים יוגורט בטעם תות שדה ואפרסק 3% Simply Fruit,מולר Muller,,מאגדת 8 מולר סימפלי,גרמים,900.00,100 גרם,false,1,31.90,3.54,true,1,
7290102395378,false,נעם גבינה צהובה פרוסה ואקום 28% טרה 360 גרם,טרה,,נעם גבינה צהובה וואק,גרמים,360.00,100 גרם,false,1,23.90,6.64,true,1,
7290102395408,false,נעם גבינה צהובה 28% במשקל,החברה המרכזית,,נעם גבינה צהובה 28%,Unknown,0.00,"ק""ג",true,0,44.79,44.79,true,1,
7290102395415,false,נועם גב.צהובה9%חריץ משקל,החברה המרכזית,,נעם גבינה צהובה 9% ב,Unknown,0.00,"ק""ג",true,0,86.00,86.00,true,1,
7290102395422,false,נעם גבינה צהובה 22% במשקל,החברה המרכזית,,נעם גבינה צהובה 22%,Unknown,0.00,"ק""ג",true,0,42.58,42.58,true,1,
7290102395439,false,מארז 8 גביעים יוגורט בטעם פירות יער וקיווי 3% Simply Fruit,מילקו תעשיות בעמ,,מאגדת 8 מולר סימפלי,גרמים,900.00,100 גרם,false,1,31.90,3.54,true,1,
7290102395477,false,מעדן חלב בטעם שוקולד עם קצפת 123 ג' טרה,Unknown,,מעדן מו שוקולד 123,גרמים,123.00,100 גרם,false,1,3.40,2.76,true,1,
7290102395521,false,"שמנת לבישול 15% שומן 500 מ""ל טרה",מילקו תעשיות בעמ,,שמנת לבישול 15% 500,מיליליטרים,500.00,"100 מ""ל",false,1,16.90,3.38,true,1,
7290102396405,false,מארז 8 יחידות מעדן חלב בטעם וניל 1.5%,Unknown,,מאגדת שמיניה מעדן,גרמים,800.00,100 גרם,false,1,15.20,1.90,true,1,
7290102396597,false,מעדן מוו וניל ומוס שוקולד טרה 118 גרם,טרה,,מעדן מוו וניל ומוס ש,גרמים,123.00,100 גרם,false,1,3.40,2.76,true,1,
7290102396665,false,נעם גבינה צהובה דק דק 15% טרה 200 גרם,מילקו תעשיות בעמ,,גבינה צהובה נעם דק ד,גרמים,200.00,100 גרם,false,1,16.90,8.45,true,1,
7290102396672,false,"גבנ""צ דק דק נעם פתיחה חוזרת 9% 360 גרם",מילקו תעשיות בעמ,,זבינה צהובה נעם דק ד,גרמים,360.00,100 גרם,false,1,29.90,8.31,true,1,
7290102396740,false,מארז 8 גביעים יוגורט בטעם תות שדה ואפרסק 0% Simply Fruit,מילקו תעשיות בעמ,,מאגדת תות ואפרסק מול,קילוגרמים,0.00,"ק""ג",false,1,31.90,31.90,true,1,
7290102397204,false,"גבנ""צ דק דק נעם פתיחה חוזרת 22% 200 גרם",מילקו תעשיות בעמ,,גבינה צהובה נעם דק ד,גרמים,200.00,100 גרם,false,1,17.90,8.95,true,1,
7290102397334,false,גבינה בולגרית גלילית 5% משק צוריאל 250 גרם,מחלבת משק צוריאל,,בולגרית 5% 250 גר,גרמים,250.00,100 גרם,false,1,24.90,9.96,true,1,
7290102397464,false,יוגורט ביו בתוספת גרעינים אגוזים וחמוציות 170 ג' מולר,מולר Muller,,מולר נטורל+ פקאן גרע,גרמים,170.00,100 גרם,false,1,6.20,3.65,true,1,
7290102397600,false,מיקס יוגורט בתוספת שקדים ובוטנים מקורמלים 170 ג' מולר,מילקו תעשייה בעמ,,מולר מיקס שקדים ובוט,גרמים,170.00,100 גרם,false,1,6.20,3.65,true,1,
7290102397617,false,יוגורט ביו קרמי עם כדורים מצופים שוקולד חום לבן,מולר Muller,,מולר מיקס קליק 170 ג,גרמים,170.00,100 גרם,false,1,6.20,3.65,true,1,
7290102397730,false,פרוסות גבינה אמנטל חצי קשה 30% שומן 200 ג' נעם,Unknown,,גבינת אמנטל נעם 200,גרמים,200.00,100 גרם,false,1,18.90,9.45,true,1,
7290102397747,false,פרוסות גבינת מוצרלה נעם מחלב בקר 22%,טרה,,מוצרלה נעם רכיבים,גרמים,200.00,100 גרם,false,1,19.90,9.95,true,1,
7290102397891,false,גבינה מותכת משק צוריאל 100 גרם,משק צוריאל,,גבינה מותכת 100 גרם,גרמים,100.00,100 גרם,false,1,7.90,7.90,true,1,
7290102398065,false,חלב טרה בקרטון 2 ליטר מהדרין 3% - מוצר בפיקוח,הפריט בפיקוח,,חלב 3% מהדרין 2 ליטר,ליטרים,0.00,ליטר,false,1,12.46,12.46,true,1,
7290102398331,false,חלב מועשר דל לקטוז 2% שומן טרה 1 ליטר,טרה,,חלב מועשר דל לקטוז 1,מיליליטרים,1000.00,"100 מ""ל",false,1,8.50,0.85,true,1,
7290102398553,false,שוקו טרה בבקבוק 1.5 ליטר,מילקו תעשיות בעמ,,שוקו טרה בבקבוק 1.5,ליטרים,0.00,ליטר,false,1,17.50,17.50,true,1,
7290102398560,false,שוקו טרה מועשר בבקבוק 1 ליטר,מילקו תעשיות בעמ,IL,שוקו מועשר טרה 1 ליט,מיליליטרים,1000.00,"100 מ""ל",false,1,12.50,1.25,true,1,
7290102398577,false,משקה חלב בטעם שוקו 2% בבקבוק אישי,מילקו תעשיות בעמ,IL,שוקו מועשר טרה 250 מ,מיליליטרים,250.00,"100 מ""ל",false,1,5.90,2.36,true,1,
7290102398614,false,משקה חלב בטעם בננה 1 ליטר טרה,מילקו תעשיות בעמ,IL,משקה חלב בננה טרה 1,מיליליטרים,1000.00,"100 מ""ל",false,1,12.50,1.25,true,1,
7290102398669,false,משקה חלב אייס קפוצ'ינו טרה 1 ליטר,מילקו תעשיות בעמ,IL,אייס קפוצינו 1 ליטר,ליטרים,0.00,ליטר,false,1,12.50,12.50,true,1,
7290102398836,false,משקה שקדים קלאסי 1 ליטר משק צוריאל,מחלבת משק צוריאל,IT,משקה שקדים קלאסי משק,ליטרים,0.00,ליטר,false,1,14.60,14.60,true,1,
7290102399635,false,"מולר פרופ יוגורט ביו עם קציפת קוקוס ואננס 150 מ""ל",מולר Muller,IL,מולר פרופ קוקוס,מיליליטרים,150.00,"100 מ""ל",false,1,5.30,3.53,true,1,
7290102399772,false,מולר ספרדבל-ממרח חמאת מולר במליחות עדינה 250 גרם,G Weihenstephan Molkerei,,מולר ספרדבל ממרח,גרמים,250.00,100 גרם,false,1,19.90,7.96,true,1,
7290102399789,false,מולר ספרדבל-ממרח חמאת מולר ללא מלח 250 גרם,G Weihenstephan Molkerei,,מולר ספרדבל ממרח חמא,גרמים,250.00,100 גרם,false,1,19.90,7.96,true,1,
7290102399802,false,יוגורט עם תות מולר אקטיב מועשר בחלבון 200 גר',מולר Muller,IL,מולר אקטיב יוגורט חל,גרמים,200.00,100 גרם,false,1,6.50,3.25,true,1,
7290102399819,false,יוגורט עם פירות יער מולר אקטיב מועשר בחלבון 200 גר',מולר Muller,IL,מולר אקטיב יוגורט,גרמים,200.00,100 גרם,false,1,6.50,3.25,true,1,
7290103124601,false,"תחליב רחצה נוזל חלב ודבש משאבה 750מ""ל פלמוליב",הנסיך- מפעל לייצור ט,,פלמוליב סבון נוזלי ח,מיליליטרים,750.00,"100 מ""ל",false,1,19.90,2.65,true,1,
7290103126797,false,"משחת שיניים קולגייט סנסיטיב פרו רליף 75 מ""ל",הנסיך- מפעל לייצור ט,,קולגייט סנסיטיב פרו,Unknown,0.00,Unknown,false,1,24.90,24.90,true,1,
7290103129378,false,ספיד סטיק - דאודורנט ג'ל לגבר איקס 5 85 גרם,הנסיך- מפעל לייצור ט,,ספיד סטיק X5 גל 85 ג,גרמים,85.00,100 גרם,false,1,20.90,24.59,true,1,
7290103129392,false,ליידי ספיד סטיק פרש אסנס פרח הפרזיה סטיק 65 גר,ליידי ספיד סטיק Lady Speed Stick,,ליידי ספיד סטיק פרש,גרמים,65.00,100 גרם,false,1,20.90,32.15,true,1,
7290103400194,false,"כרוב לבן 400 גר בד""צ ירקות שטראוס",שטראוס בריאות ירקות טריי,,כרוב לבן 400 גר,גרמים,400.00,100 גרם,false,1,10.90,2.73,true,1,
7290103400231,false,"גזר מגורד שטראוס 400 גרם בד""צ",שטראוס בריאות ירקות טריי,,גזר 400 גר,גרמים,400.00,100 גרם,false,1,9.90,2.48,true,1,
7290103400255,false,"סלט קולסלאו 400 גרם בד""צ ירקות שטראוס",שטראוס בריאות ירקות טריי,,סלט קולסלאו 400 גר,גרמים,400.00,100 גרם,false,1,9.90,2.48,true,1,
7290103401429,false,קפה קצב ברזילאי אוריגינס 200 גר,הנסיך- מפעל לייצור ט,,קפה קצב ברזילאי אורי,גרמים,200.00,100 גרם,false,1,21.90,10.95,true,1,
7290103404758,false,סלט כרוב אדום במיונז אחלה 120 גרם,מיוצר עי קונדיטוריית,,כרוב אדום 120 גר,גרמים,125.00,100 גרם,false,1,4.80,3.84,true,1,
7290103408206,false,עלי חסה ערבית שטופים שטראוס 250 גרם,שטראוס בריאות ירקות טריי,,עלי חסה שטופים בקופס,גרמים,250.00,100 גרם,false,1,11.90,4.76,true,1,
7290103681241,false,"יין הר מוסקטו מיתוג תנשמת 750 מ""ל",יקב תבור,IL,יין הר מוסקטו מיתוג,מיליליטרים,750.00,"100 מ""ל",false,1,37.90,5.05,true,1,
7290103681289,false,"יין אדמה קברנה תנשמת 750 מ""ל",יקב תבור,IL,יין אדמה קברנה תנשמת,מיליליטרים,750.00,"100 מ""ל",false,1,62.90,8.39,true,1,
7290103700041,false,טאצ' מטליות רב שימושיות מארז תשיעייה,שניב,,טאצ מטליות רב שימושי,Unknown,0.00,Unknown,false,1,10.90,10.90,true,1,
7290103700072,false,טאצ מטליות זיג זג לריצפה שלישייה,שניב,,טאצ מטליות זיג זג לר,Unknown,0.00,Unknown,false,1,8.90,8.90,true,1,
7290103700195,false,שאפו רדיד אלומיניום צר 30*7.5 2יח',"שניב תעשיות נייר בע""",,טאצ רדיד אלומיניום ק,Unknown,0.00,Unknown,false,12,9.90,9.90,true,1,
7290103700331,false,טאצ שקיות אוכל רב תכליתיות 250 יחידות,טאצ',,טאצ שקיות אוכל רב תכ,Unknown,0.00,Unknown,false,1,14.90,14.90,true,1,
7290103700386,false,טאצ כריות יפניות מארז שישיה,"שניב תעשיות נייר בע""",,כריות קרצוף טאצ 6 יח,Unknown,0.00,Unknown,false,1,8.50,8.50,true,1,
7290103701093,false,"זוג מטליות מיקרו פייבר לריצפה ""פאצ'""","שניב תעשיות נייר בע""",,מטליות מיקרופייבר לר,Unknown,0.00,Unknown,false,1,13.90,13.90,true,1,
7290103701130,false,"מארז מטליות מייקרופייבר לניקוי כללי ""טאצ'""",שניב,,מטליות מיקרופייבר לנ,Unknown,0.00,Unknown,false,1,14.90,14.90,true,1,
7290103702212,false,טאצ' ממחטות כיס רגיל10יח,שניב,,טאצ ממחטות כיס רגיל,Unknown,0.00,Unknown,false,1,5.90,5.90,true,1,
7290103702298,false,טאצ' אשפתון עבה בגליל 77*90 50 יח',"שניב תעשיות נייר בע""",,טאצ אשפתון עבה 50 יח,Unknown,0.00,Unknown,false,1,14.90,14.90,true,1,
7290103702304,false,טאצ אשפתון עבה במיוחד 35 יחידות,"שניב תעשיות נייר בע""",,טאצ אשפתון עבה במיוח,Unknown,0.00,Unknown,false,1,14.90,14.90,true,1,
7290103702311,false,טאצ' ממחטות כיס עשירייה מנטול,"שניב תעשיות נייר בע""",,טאצ ממחטות כיס מנטול,Unknown,0.00,Unknown,false,1,5.90,5.90,true,1,
7290103702328,false,טאצ אשפתון עבה וחזק במיוחד 25 יחידות,"שניב תעשיות נייר בע""",,טאצ אשפתון עבה וחזק,Unknown,0.00,Unknown,false,1,14.90,14.90,true,1,
7290103703226,false,טאצ מטליות לחות לניקוי כללי,,,טאצ מטליות לחות לניק,Unknown,0.00,Unknown,false,1,7.90,7.90,true,1,
7290103703370,false,טאצ מגבוני טואלט לחים מארז שלישייה,,,טאצ מגבוני טואלט לחי,Unknown,0.00,Unknown,false,1,14.90,14.90,true,1,
7290103703394,false,טאצ' ניילון נצמד זוגות,,,טאצ ניילון נצמד זוגו,מטרים,150.00,מטר,false,6,11.90,0.08,true,1,
7290103703455,false,טאצ' ספוג לניקוי כתמים שלישיה,שניב תעשיות נייר,,טאצ ספוג מבריק הפלא,Unknown,0.00,Unknown,false,1,10.90,10.90,true,1,
7290103703745,false,טאצ מפות עבות 45 מטר בגליל,,,טאצ מפות עבות 45 מטר,Unknown,0.00,Unknown,false,1,19.90,19.90,true,1,
7290103703998,false,טאצ' מגבונים לחים לחיטוי 99.9% אנטיבקטריאלים 50 יח',עלבד,,טאצ מגבונים אנטיבקטר,Unknown,0.00,Unknown,false,1,10.90,10.90,true,1,
7290103704155,false,נייר מגבת טאצ' 6 גלילים מהדורת 2021,"שניב תעשיות נייר בע""",,מגבות טאצ 6 מהדורת 2,Unknown,0.00,Unknown,false,22,10.50,10.50,true,1,
7290103704186,false,מגבות מטבח כפול טאצ`מהדורת 2021 6 יחידות,,,מגבות טאצ 6 גלילים כ,יחידה,1.00,יחידה,false,1,18.90,18.90,true,1,
7290103704209,false,נייר מגבת תאית טאצ' 12 גלילים,,,מגבות טאצ 12 מהדורת,Unknown,0.00,Unknown,false,22,19.90,19.90,true,1,
7290103704568,false,טואלט טאצ 40 מהדורת 2021,,,טואלט טאצ 40 מהדורת,Unknown,0.00,Unknown,false,18,34.90,34.90,true,1,
7290103704575,false,נייר טואלט טאצ' פרימיום 48 גלילים,,,טואלט טאצ 48 מהדורת,Unknown,0.00,Unknown,false,18,38.90,38.90,true,1,
7290103704759,false,נייר טואלט כפול 16 גלילים טאצ,,,טואלט טאצ 16 כפול פר,Unknown,0.00,Unknown,false,1,31.50,31.50,true,1,
7290103746001,false,ממחטות טאצ' 5*100 צץ רץ (19*195),"שניב תעשיות נייר בע""",IL,ממחטות חמישיה טאצ,Unknown,0.00,Unknown,false,10,13.90,13.90,true,1,
7290104059117,false,הרשי סירופ שוקולד 680 גרם,,,הרשי סירופ שוקולד,גרמים,680.00,100 גרם,false,1,21.90,3.22,true,1,
7290104061417,false,סלט חומוס עם טחינה אחלה 400 גרם,"שטראוס גרופ בע""\מ",,חומוס טחינה 400 גר,גרמים,400.00,100 גרם,false,1,10.90,2.73,true,1,
7290104061424,false,סלט חומוס עם זעתר אחלה 400 גרם,מיוצר עי קונדיטוריית,,חומוס זעתר 400 גר,גרמים,400.00,100 גרם,false,1,10.90,2.73,true,1,
7290104061431,false,סלט חומוס עם צנובר אחלה 400 גרם,"שטראוס גרופ בע""\מ",,חומוס צנובר 400 גר,גרמים,400.00,100 גרם,false,1,10.90,2.73,true,1,
7290104061448,false,סלט חומוס עם חריף אחלה 400 גרם,מיוצר עי קונדיטוריית,,חומוס חריף 400 גרם,גרמים,400.00,100 גרם,false,1,10.90,2.73,true,1,
7290104062599,false,מארז 8 יחידות מעדן גמדים בטעמי תות ובננה,"שטראוס בריאות בע""\מ",,מארז סופר גמדים תות,גרמים,800.00,100 גרם,false,1,19.80,2.48,true,1,
7290104065187,false,אבקה להכנת משקה קפה בטעם מוקה,STRAUSS-ISRAEL,,קפה נמס בטעם מוקה 20,גרמים,200.00,100 גרם,false,1,24.90,12.45,true,1,
7290104065934,false,עלי רוקט שטראוס 150 גרם,שטראוס בריאות ירקות טריי,,עלי רוקט 150גר,גרמים,150.00,100 גרם,false,1,11.90,7.93,true,1,
7290104066566,false,טחינה משומשום מלא 500 ג' אחלה,מיוצר עי קונדיטוריית,,טחינה 500 גרם,גרמים,500.00,100 גרם,false,1,18.30,3.66,true,1,
7290104068546,false,גומי מאסט בטעם לימון קולה ללא סוכר 28 ג' עלית,"שטראוס גרופ בע""מ",,מסטיק מאסט פליפטופ ק,Unknown,0.00,Unknown,false,1,4.90,4.90,true,1,
7290104500572,false,אפרופו חטיף תירס איטליאנו אסם 50 גרם,מיוצר עי קונדיטוריית,,חטיף אפרופו איטליאנו,גרמים,50.00,100 גרם,false,1,5.00,10.00,true,1,
7290104508943,false,במבה חטיף בוטנים אסם 200 גרם,"אסם השקעות בע""\מ",,במבה קלאסי 200 גרם,גרמים,200.00,100 גרם,false,1,8.90,4.45,true,1,
7290104570513,false,"תמר מגהול כחול 1 ק""",פרי וירק טמרה ושותפי,,"תמר מגהול 1 ק""ג",קילוגרמים,0.00,"ק""ג",false,1,19.90,19.90,true,1,
7290104615214,false,צמחים,,,צמחים,Unknown,0.00,Unknown,false,1,25.00,25.00,true,1,
7290104615238,false,זרים אחידים,,,צמחים,Unknown,0.00,Unknown,false,1,30.00,30.00,true,1,
7290104615252,false,זרים אחידים,,,צמחים,Unknown,0.00,Unknown,false,1,40.00,40.00,true,1,
7290104615276,false,צמחים,,,צמחים,Unknown,0.00,Unknown,false,1,65.00,65.00,true,1,
7290104615337,false,זרים אחידים,,,צמחים,Unknown,0.00,Unknown,false,1,45.00,45.00,true,1,
7290104615344,false,זרים אחידים,,,צמחים,Unknown,0.00,Unknown,false,1,50.00,50.00,true,1,
7290104615351,false,צמחים,,,צמחים,Unknown,0.00,Unknown,false,1,70.00,70.00,true,1,
7290104615450,false,צמחים,,,צמחים,Unknown,0.00,Unknown,false,1,17.00,17.00,true,1,
7290104615498,false,צמחים,,,צמחים,Unknown,0.00,Unknown,false,1,21.00,21.00,true,1,
7290104615641,false,זר פרחים אחיד,,,חבילת פרחים,Unknown,0.00,Unknown,false,1,34.00,34.00,true,1,
7290104615849,false,צמחים,,,צמחים,Unknown,0.00,Unknown,false,1,45.00,45.00,true,1,
7290104615894,false,צמחים,,,צמחים,Unknown,0.00,Unknown,false,1,50.00,50.00,true,1,
7290104615948,false,צמחים,,,צמחים,Unknown,0.00,Unknown,false,1,55.00,55.00,true,1,
7290104615979,false,עציצים,,,עציצים,Unknown,0.00,Unknown,false,1,65.00,65.00,true,1,
7290104615993,false,עציצים,,,עציצים,Unknown,0.00,Unknown,false,1,75.00,75.00,true,1,
7290104618222,false,צמחים,,,צמחים,Unknown,0.00,Unknown,false,1,70.00,70.00,true,1,
7290104618239,false,צמחים,,,צמחים,Unknown,0.00,Unknown,false,1,75.00,75.00,true,1,
7290104618260,false,צמחים,,,צמחים,Unknown,0.00,Unknown,false,1,90.00,90.00,true,1,
7290104618277,false,צמחים,,,צמחים,Unknown,0.00,Unknown,false,1,95.00,95.00,true,1,
7290104720499,false,מארז 8 יחידות מעדן דני בטעם וניל 1.5%,מיוצר עי קונדיטוריית,,מארז 8 דני וניל 150,מיליליטרים,1200.00,"100 מ""ל",false,1,18.10,1.51,true,1,
7290104721762,false,מארז שלשות קפה טורקי עלית 85 ג',שטראוס גרופ,,מארז קפה טורקי עלית,גרמים,255.00,100 גרם,false,1,19.90,7.80,true,1,
7290104721953,false,לקט מסולסלים ירקות שטראוס 350 גרם,שטראוס בריאות ירקות טריי,,לקט מסולסלים 350 גר,גרמים,350.00,100 גרם,false,1,13.90,3.97,true,1,
7290104722530,false,תפוצ'יפס בטעם שמנת בצל עלית 200 גרם,"שטראוס פריטו ליי בע""\מ )",,תפוציפס שמנת בצל 200,גרמים,200.00,100 גרם,false,1,9.90,4.95,true,1,
7290104726262,false,רביעייה מעדן דני שוקולד דיסני לבנים 125 גרם,מיוצר עי קונדיטוריית,,מארז דני לשתייה 4*12,גרמים,500.00,100 גרם,false,1,10.90,2.18,true,1,
7290104726712,false,מארז 8 יחידות מעדן מילקי בטעם שוקולד עם קצפת,"שטראוס גרופ בע""\מ",,מארז מילקי שמיניייה,קילוגרמים,0.00,"ק""ג",false,1,19.90,19.90,true,1,
7290104728310,false,"שמנת מתוקה עמידה 38% שומן ""יטבתה"" -מוצר בפיקוח",מחלבת יטבתה,,שמנת עמידה לקצפת 38%,מיליליטרים,250.00,"100 מ""ל",false,1,6.47,2.59,true,1,
7290104729003,false,"יד מרדכי - שמן זית כתית מעולה 2 קלאסי 750 מ""ל",מכוורת יד מרדכי שטרא,IL,שמן זית כתית מעולה י,מיליליטרים,750.00,"100 מ""ל",false,1,29.90,3.99,true,1,
7290104960338,false,"נקה 7 תחליב רחצה ארומה אלוורה ותה ירוק 750מ""ל",טרופיקל דגיל תעשיות קוסמ,,אל סבון אלוורה ותה י,מיליליטרים,750.00,"100 מ""ל",false,1,14.50,1.93,true,1,
7290104961205,false,"נקה 7 תחליב רחצה מגע קטיפה מ""לפפון קיווי 750 מ""ל",טרופיקל דגיל תעשיות קוסמ,,ת.רחצה מגע הקטיפה מל,מיליליטרים,750.00,"100 מ""ל",false,1,14.50,1.93,true,1,
7290104961878,false,"שמפו לשיער קרטין אינטנס פורמולה 400 מ""ל נטורל",נטורל פורמולה Natural Formula,,נטורל פורמולה שמפו ק,מיליליטרים,400.00,"100 מ""ל",false,1,34.50,8.63,true,1,
7290104961892,false,מסכת קרטין טהור לשיער שעבר החלקה או עיצוב בחום,נטורל פורמולה Natural Formula,,נטורל פורמולה מסיכת,מיליליטרים,350.00,"100 מ""ל",false,1,43.10,12.31,true,1,
7290104963001,false,סופטקר מגבונים לחים רביעייה בניחוח עדין,החברה הדרומית,,סופטקר מגבונים בניחו,Unknown,0.00,Unknown,false,1,16.90,16.90,true,1,
7290104963018,false,סופטקר מגבונים לחים רביעייה ללא בישום,החברה הדרומית,,סופטקר מגבונים ללא ב,Unknown,0.00,Unknown,false,1,16.90,16.90,true,1,
7290104963162,false,"סופטקר - קרם גוף לתינוקות 500 מ""ל",קוסמופארם בע'\'\מ,,קרם גוף סופטקר 500 מ,מיליליטרים,500.00,"100 מ""ל",false,1,29.90,5.98,true,1,
7290105360250,false,קפסולות 09 עשיר וארומטי למכונת נספרסו עלית 10יח',הנסיך- מפעל לייצור ט,,קפסולות מקיאטו למכונ,גרמים,50.00,100 גרם,false,1,16.50,33.00,true,1,
7290105360328,false,קפסולות אספרסו חזק למכונות נספרסו 10 יח',הנסיך- מפעל לייצור ט,,קפסולות אספרסו חזק ל,Unknown,0.00,Unknown,false,1,16.50,16.50,true,1,
7290105360335,false,קפסולות אספרסו למכונות נספרסו 50 גר,הנסיך- מפעל לייצור ט,,קפסולות אספרסו למכונ,גרמים,50.00,100 גרם,false,1,16.50,33.00,true,1,
7290105360755,false,"שמן זית 3 חזק 750 מ""ל יד מרדכי",מכוורת יד מרדכי שטראוס ב,,"שמן זית 3 חזק 750 מ""",מיליליטרים,750.00,"100 מ""ל",false,1,33.90,4.52,true,1,
7290105360762,false,"שמן זית 1 עדין 750 מ""ל יד מרדכי",מכוורת יד מרדכי שטראוס ב,,שמן זית 1 עדין 750 מ,מיליליטרים,750.00,"100 מ""ל",false,1,33.90,4.52,true,1,
7290105360878,false,תפוציפס טבעי 50 גרם מארז רביעייה,"שטראוס פריטו ליי בע""\מ )",,מארז תפוציפס טבעי 50,גרמים,200.00,100 גרם,false,1,10.50,5.25,true,1,
7290105362339,false,"שמנת לבישול 15% 250 מ""ל יטבתה מהדרין",מחלבת יטבתה,,שמנת לבישול 15% מהדר,מיליליטרים,250.00,"100 מ""ל",false,1,8.40,3.36,true,1,
7290105363602,false,מקלות כיף כף קלאסי עלית 40 גרם,שולן צ'\יקולטה גידה סאן.,,כיף כף מקלות קלאסי 4,Unknown,0.00,Unknown,false,1,4.80,4.80,true,1,
7290105364289,false,מקלות כיף כף פצפוצים עלית 40 גרם,שולן צ'\יקולטה גידה סאן.,,כיף כף מקלות פצפוצים,Unknown,0.00,Unknown,false,1,4.80,4.80,true,1,
7290105364302,false,"עלית חטיף שוקולד כיף כף מקלות אגוזים, 40 גרם",שולן צ'\יקולטה גידה סאן.,,כיף כף מקלות אגוזים,גרמים,42.00,100 גרם,false,1,4.80,11.43,true,1,
7290105364678,false,"אקטיביה משקה יוגורט בטעם אפרסק שטראוס 250 מ""ל",מיוצר עי קונדיטוריית,,משקה אקטיביה אפרסק,מיליליטרים,250.00,"100 מ""ל",false,1,6.00,2.40,true,1,
7290105366023,false,סלט חצילים בטעם כבד אחלה 400 גרם,מיוצר עי קונדיטוריית,,חציל בטעם כבד 400 גר,גרמים,400.00,100 גרם,false,1,18.30,4.58,true,1,
7290105366047,false,טחינה לבנה אחלה 400 גרם,מיוצר עי קונדיטוריית,,טחינה לבנה 400 גר,גרמים,400.00,100 גרם,false,1,18.30,4.58,true,1,
7290105368225,false,חומוס אחלה עם פלפל שיפקה 400 גרם,מיוצר עי קונדיטוריית,,חומוס עם פלפל שיפקה,גרמים,400.00,100 גרם,false,1,10.90,2.73,true,1,
7290105368331,false,מעדן מילקי בטעם תות עם קצפת,מחלבת אחיהוד,,מילקי נוגת 134גר,גרמים,130.00,100 גרם,false,1,2.90,2.23,true,1,
7290105368904,false,"שמנת מתוקה להקצפה 32% שומן 250 מ""ל יוטבתה",שטראוס גרופ,,שמנת עמידה לקצפת 32%,מיליליטרים,250.00,"100 מ""ל",false,1,7.60,3.04,true,1,
7290105433961,false,"ליידי ספיד סטיק לסס פרש אסנס ספריי דובדבן, 150 מ""ל",קולגייט-פלמוליב,,ליידי ספיד סטיק לסט,מיליליטרים,150.00,"100 מ""ל",false,1,15.90,10.60,true,1,
7290105439505,false,מאסטר שף קרם בטעם מיונז לייט 479 גר כשלפ,רמיה סי.וי. הולנד,,קרם בטעם מיונז,גרמים,479.00,100 גרם,false,1,13.50,2.82,true,1,
7290105439581,false,מנה מאסטר שף חרדל דיזיון צרפתי 370 גר,רמיה סי.וי.הולנד,,מנה מאסטר שף חרדל די,גרמים,370.00,100 גרם,false,1,11.90,3.22,true,1,
7290105473950,false,חול חתולים מתגבש יור,יורוקיטי,,יורוקיטי קופסה 5 קג,קילוגרמים,0.01,"ק""ג",false,1,34.90,3490.00,true,1,
7290105474124,false,"מזון לכלבים בונזו מזון כלבים בשר 12 ק""ג מחולק","ביופט בע""מ",,"בונזו 12 ק""ג",קילוגרמים,0.01,"ק""ג",false,1,129.90,12990.00,true,1,
7290105474179,false,מארז מען לה קט פטה מולטיפק 100 גר 4 יח,SA NORMANDISE LA,,מארז מען לה קט פטה מ,גרמים,400.00,100 גרם,false,1,16.90,4.23,true,1,
7290105500151,false,וודקה פינלנדיה בקבוק,"אלטיה קורפ, הלסינקי,",,וודקה פינלנדיה 700 מ,מיליליטרים,700.00,"100 מ""ל",false,1,57.90,8.27,true,1,
7290105500236,false,וויסקי ג'ק דניאלס מס' 7 Brand No,ג'ק דניאלס Jack Daniel's,,וויסקי גק דניאלס 700,מיליליטרים,700.00,"100 מ""ל",false,1,109.90,15.70,true,1,
7290105500748,false,וויסקי פיימוס גראוס The Famouse Grouse,מתיו גלוג אנד סאן,,וויסקי פיימוס גראוס,מיליליטרים,700.00,"100 מ""ל",false,1,79.90,11.41,true,1,
7290105500878,false,מרטיני וורמוט לבן 1 ליטר,מרטיני ורוסי,,מרטיני וורמוט לבן 1,Unknown,0.00,Unknown,false,1,57.90,57.90,true,1,
7290105500885,false,מרטיני וורמוט אדום 1 ליטר,מרטיני ורוסי,,מרטיני וורמוט אדום,Unknown,0.00,Unknown,false,1,57.90,57.90,true,1,
7290105500953,false,"וויסקי ג'ק דניאלס דבש 700 מ""ל",ג'ק דניאל'ס,,וויסקי גק דניאלס דבש,מיליליטרים,700.00,"100 מ""ל",false,1,109.90,15.70,true,1,
7290105691712,false,אסם עוגיות הפסקת קפה דגנים מלאים 230 גרם,הגביע מוצרי וופלים ב,,עוגיות הפסקת קפה חיט,גרמים,200.00,100 גרם,false,1,12.50,6.25,true,1,
7290105691934,false,קמח שמרים אסם 1 קילו,תאי פרזידנט פוד פאבל,,"קמח שמרים 1 ק""ג",גרמים,1000.00,100 גרם,false,1,9.90,0.99,true,1,
7290105693341,false,מארז עשיריית במבה אסם 25*10 גרם,"אסם השקעות בע""\מ",,מארז במבה 25 גרם 10,גרמים,250.00,100 גרם,false,1,14.90,5.96,true,1,
7290105693457,false,עוגת הבית דמקה שוקו וניל אסם 320 גרם,מיוצר עי קונדיטוריית,,עוגת דמקה שוקו וניל,גרמים,320.00,100 גרם,false,1,12.50,3.91,true,1,
7290105693952,false,פירורית זהב אסם זהב שומשום 200 ג',מיוצר עי קונדיטוריית,,פירורית זהב שומשום 2,גרמים,200.00,100 גרם,false,1,6.40,3.20,true,1,
7290105694614,false,פסטה ספגטי מהיר הכנה אסם 500 גרם,פסטה זארה,,ספגטי מהיר הכנה 500,גרמים,500.00,100 גרם,false,1,7.90,1.58,true,1,
7290105695024,false,אסם פתיתים אפויים אורז עם איטריות 500 גר,"אסם השקעות בע""\מ",,פתיתים אפויים אורז ע,גרמים,500.00,100 גרם,false,1,6.90,1.38,true,1,
7290105695895,false,עוגת הבית דמקה דבש אסם 320 גרם,"אסם תעשיות בע""מ",,עוגת דמקה דבש 320 גר,גרמים,320.00,100 גרם,false,1,12.50,3.91,true,1,
7290105962331,false,סחוג תימני אדום חריף מאוד זהבי הכרם 220 גרם,אף.סי תבליני בגליל ב,,זחוק אדום תימני מקור,גרמים,220.00,100 גרם,false,1,14.20,6.45,true,1,
7290105964564,false,סלט חומוס אחלה 400גר,מיוצר עי קונדיטוריית,,חומוס אחלה 400 גר,גרמים,400.00,100 גרם,false,1,9.40,2.35,true,1,
7290105965738,false,יוגורט לשתיה בטעם תות בננה267 ג' דנונה,מיוצר עי קונדיטוריית,,משקה בוקר תות בננה 2,מיליליטרים,267.00,"100 מ""ל",false,1,5.00,1.87,true,1,
7290105966469,false,"חומץ בלסמי ממודנה יד מרדכי 250 מ""ל",אצטייה ג'וזפה קרמוני,,חומץ בלסמי יד מרדכי,מיליליטרים,250.00,"100 מ""ל",false,1,14.70,5.88,true,1,
7290105968098,false,סלט קולסלאו אחלה 500 גרם,שטראוס גרופ סלטים,,קולסלאו 500 גר,גרמים,500.00,100 גרם,false,1,15.90,3.18,true,1,
7290105968654,false,רביולי בטטה פרווה פסטה נונה 400 ג',מיוצר עי קונדיטוריית,,רביולי בטטה פרווה,גרמים,400.00,100 גרם,false,1,19.90,4.98,true,1,
7290105968777,false,פריכיות 5 דגנים עם תחתית שוקולד מריר 70 גרם,"טחנת האבן תעשיות בע""",,פריכיות אנרגי תחתית,גרמים,70.00,100 גרם,false,1,7.90,11.29,true,1,
7290106506961,false,תחב.רדיאנט וליו פק לונג פלוס אולוויז 20,פרוקטר אנד גמבל,,תחב.רדיאנט וליו פק ל,Unknown,0.00,Unknown,false,1,37.90,37.90,true,1,
7290106520066,false,"רבע לשבע שוקולד חלב במילוי אגוזים עלית 160 גרם בד""צ","הגביע מוצרי וופלים בע""\מ",,אצבעות וופל רבע לשבע,גרמים,160.00,100 גרם,false,1,10.90,6.81,true,1,
7290106520288,false,יוגורט פרו חלבון עם תות 2.4% שומן 150 ג' דנונה,"שטראוס בריאות בע""מ",,דנונה WOW תות 2.4% ש,גרמים,150.00,100 גרם,false,1,4.90,3.27,true,1,
7290106520905,false,סלט טורקי אחלה 400 גרם,"שטראוס גרופ בע""\מ",,סלט טורקי 400 גר,גרמים,400.00,100 גרם,false,1,18.30,4.58,true,1,
7290106520912,false,"שמנת 9% לבישול יטבתה 250 מ""ל מהדרין",מחלבת יטבתה,,שמנת לבישול 9% 250 מ,מיליליטרים,250.00,"100 מ""ל",false,1,8.40,3.36,true,1,
7290106521926,false,קפה טורקי בצלופן עלית 150 גרם,שטראוס קפה בי.ויn\.,,טורקי עלית 150 גרם ש,גרמים,150.00,100 גרם,false,1,12.90,8.60,true,1,
7290106524439,false,"תפוצ'יפס פופס 60 גרם ""עלית""","שטראוס פריטו ליי בע""\מ )",,תפוציפס פופס 60 גרם,גרמים,60.00,100 גרם,false,1,4.00,6.67,true,1,
7290106525368,false,גלילי וופל רבע לשבע אין סייד אוט 125 גר,"הגביע מוצרי וופלים בע""\מ",IL,גלילי וופל רבע לשבע,גרמים,125.00,100 גרם,false,1,10.90,8.72,true,1,
7290106525399,false,קפסולות 06 ברזיל למכונות נספרסו עלית 10יח',הנסיך- מפעל לייצור ט,,קפסולות ברזיל 06 למכ,גרמים,50.00,100 גרם,false,1,16.50,33.00,true,1,
7290106526822,false,פריכיות אורז חום מלא תחתית שוקולד חלב 80 גרם,"טחנת האבן תעשיות בע""",,פריכיות אנרגי תחתית,גרמים,80.00,100 גרם,false,1,7.90,9.88,true,1,
7290106528567,false,"דוריטוס גריל 185 גרם ""עלית""","שטראוס פריטו ליי בע""\מ )",,חטיף דוריטוס גריל 18,גרמים,185.00,100 גרם,false,1,7.40,4.00,true,1,
7290106528628,false,"דוריטוס טבעי 185 גרם ""עלית""","שטראוס פריטו ליי בע""\מ )",,Dippas חטיף דוריטוס,גרמים,185.00,100 גרם,false,1,7.40,4.00,true,1,
7290106528949,false,לקט ערוגות 450 גרם שטראוס,שטראוס בריאות ירקות טריי,,לקט ערוגות,Unknown,0.00,Unknown,false,1,12.90,12.90,true,1,
7290106571921,false,עוגיות פיטנס עוגיות חמוציות 180 גר',מיוצר עי קונדיטוריית,,עוגיות חמוציות 180 ג,גרמים,180.00,100 גרם,false,1,13.50,7.50,true,1,
7290106572027,false,אוסם - לחמית חמישה דגנים 190 גרם,"אסם השקעות בע""\מ",,לחמית חמישה דגנים 19,גרמים,190.00,100 גרם,false,1,10.40,5.47,true,1,
7290106572959,false,אפרופו מארז 5 יח' *25 ג' אסם,"אסם השקעות בע""\מ",,מארז אפרופו 25 גרם*5,גרמים,125.00,100 גרם,false,1,14.60,11.68,true,1,
7290106572997,false,"קמח שמרים לפיצה ופוקצ'ה אסם 1 ק""ג","קוד יצרן TKMB, משווק",,"קמח שמרים לפיצה 1 ק""",גרמים,1000.00,100 גרם,false,1,9.90,0.99,true,1,
7290106573598,false,צבר חומוס לבנוני 400 גרם,סלטי צבר,,חומוס לבנוני 400 גרם,גרמים,400.00,100 גרם,false,1,11.90,2.98,true,1,
7290106573628,false,חומוס עם טחינה צבר 400 גרם,סלטי צבר,,חומוס עם טחינה 400 ג,גרמים,400.00,100 גרם,false,1,11.90,2.98,true,1,
7290106574953,false,בייגלה שטוחים כעכים שטוחים עם שומשום,מיוצר עי קונדיטוריית,,בייגלה שטוחים שומשום,גרמים,300.00,100 גרם,false,1,10.90,3.63,true,1,
7290106574977,false,בייגלה שטוחים כעכים שטוחים עם מלח,מיוצר עי קונדיטוריית,,בייגלה שטוחים עם מלח,גרמים,300.00,100 גרם,false,1,10.90,3.63,true,1,
7290106575011,false,פתיתים אפויים קוסקוס מחיטה מלאה אסם 400 גרם,מיוצר עי קונדיטוריית,,פתיתים אפויים קוסקוס,גרמים,400.00,100 גרם,false,1,6.90,1.73,true,1,
7290106575431,false,עוגת הבית סופלה בטעם שוקוניל 340 ג' אסם,מיוצר עי קונדיטוריית,,עוגת סופלה בטעם שוקו,גרמים,340.00,100 גרם,false,1,12.50,3.68,true,1,
7290106576223,false,"אפרופו שוקולד 40 גרם ""אסם""",מיוצר עי קונדיטוריית,,אפרופו שוקולד 40 גרם,גרמים,40.00,100 גרם,false,1,5.00,12.50,true,1,
7290106576513,false,חומוס חלק צבר 400 גר,סלטי צבר,,חומוס חלק 400 גרם,גרמים,400.00,100 גרם,false,1,9.90,2.48,true,1,
7290106576537,false,חומוס מסעדות צבר 700 גרם,סלטי צבר,,חומוס מסעדה צבר 700,גרמים,700.00,100 גרם,false,1,10.90,1.56,true,1,
7290106576834,false,גלידה לה קרמריה פונטש בננה1.4 ל' נסטלה,תות תעשיות מזון (201,,לה קרמריה פונטש בננה,ליטרים,0.00,ליטר,false,1,18.90,18.90,true,1,
7290106576995,false,גלידה סורבה לה קרמריה תות מנגו לייט 1.4 ל' נסטלה,גלידות נסטלה )נגה גלידות,,לה קרמריה סורבה לייט,ליטרים,0.00,ליטר,false,1,18.90,18.90,true,1,
7290106577039,false,גלידה לה קרמריה שוקו וניל פליק 1.4 ל' נסטלה,תות תעשיות מזון (201,,לה קרמריה וניל שוקו,ליטרים,0.00,ליטר,false,1,18.90,18.90,true,1,
7290106577282,false,טחינה אמיתית מרובע 400 ג' צבר,סלטי צבר,,טחינה 400 גרם,גרמים,400.00,100 גרם,false,1,12.90,3.23,true,1,
7290106577527,false,סלט קולסלאו כרוב לבן וגזר 400 ג' צבר,סלטי צבר,,סלט קולסלו 400 גר,גרמים,400.00,100 גרם,false,1,12.90,3.23,true,1,
7290106577541,false,צבר כרוב אדום מרובע 400גרם,סלטי צבר,,סלט כרוב אדום 400 גר,גרמים,400.00,100 גרם,false,1,12.90,3.23,true,1,
7290106577572,false,מטבוחה אמיתית מרובע 400 ג' צבר,סלטי צבר,,סלט מטבוחה 400 גר,גרמים,400.00,100 גרם,false,1,12.90,3.23,true,1,
7290106578692,false,ביסלי במבה מיקס מהדורת אליפות אסם 80 גרם,פרו מן יו פתרונות אר,,ביסלי במבה גריל מיקס,גרמים,80.00,100 גרם,false,1,4.30,5.38,true,1,
7290106578821,false,הבית עוגת שמרים קלאסית בטעם שוקולד 350גר.,מיוצר עי קונדיטוריית,,עוגת הבית שמרים שוקו,גרמים,350.00,100 גרם,false,1,18.80,5.37,true,1,
7290106652996,false,כיף כף מקלות קוקוס חלבי 40 גר',סולן בעבור שטראוס,,כיף כף מקלות קוקוס 4,Unknown,0.00,Unknown,false,1,4.80,4.80,true,1,
7290106653689,false,לקט לסלט אסייתי שטראוס 350 גרם,שטראוס בריאות ירקות טריי,,לקט לסלט אסייתי 350,גרמים,350.00,100 גרם,false,1,11.90,3.40,true,1,
7290106654099,false,מילקי CAKE עוגות אישיות במילוי קרם חלב,בובארד איטליה אס.פי.איי,,מארז שמיניית מילקי 2,גרמים,272.00,100 גרם,false,1,20.00,7.35,true,1,
7290106656727,false,"עוגיות חיוכים שוקולד עלית 600 גרם בד""צ",אפיפית נצרת תעשיות ב,,חיוכים שוקו 600 גרם,גרמים,600.00,100 גרם,false,1,20.90,3.48,true,1,
7290106656734,false,"עוגיות חיוכים וניל עלית 600 גרם בד""צ",אפיפית נצרת תעשיות ב,,חיוכים וניל 600 גרם,גרמים,600.00,100 גרם,false,1,20.90,3.48,true,1,
7290106663558,false,"רוטב טריאקי ורימון יד מרדכי 280מ""ל",אף.סי תבליני בגליל ב,IL,רוטב טריאקי רימון 28,גרמים,320.00,100 גרם,false,1,14.60,4.56,true,1,
7290106664067,false,לאבנה עם שמן זית וזעתר 10% שטראוס 400 ג',הדקלאים אגודת שיתופי,,לאבנה עם שמן זית וזע,גרמים,400.00,100 גרם,false,1,16.70,4.18,true,1,
7290106664562,false,רוטב שמנת עם פטריות 9% שומן 258 ג' יוטבתה,מחלבת יטבתה,IL,יטבתה רוטב שמנת עם פ,גרמים,250.00,100 גרם,false,1,10.90,4.36,true,1,
7290106666788,false,עלית - סוכריות נוסטלגיה דבש ממולאות 80 גרם,שטראוס גרופ,PL,סוכריות נוסטלגיה דבש,גרמים,80.00,100 גרם,false,1,6.80,8.50,true,1,
7290106667266,false,"דוריטוס חמוץ חריף 185 גרם ""עלית""","שטראוס פריטו ליי בע""\מ )",,חטיף דוריטוס חמוץ חר,גרמים,185.00,100 גרם,false,1,7.40,4.00,true,1,
7290106668577,false,"מיץ לימון טיבעי 250 מ""ל יד מרדכי",האי נאם סי או אל.טי.,,"מיץ לימון 250 מ""ל יד",מיליליטרים,250.00,"100 מ""ל",false,1,7.80,3.12,true,1,
7290106668713,false,יוגורט עם פירות יער 3% שומן 150 ג' דנונה,מיוצר עי קונדיטוריית,,דנונה פירות יער 3% 1,גרמים,150.00,100 גרם,false,1,4.30,2.87,true,1,
7290106669857,false,קפסולות אספרסו בטעם וניל עלית 10 יחידות,הנסיך- מפעל לייצור ט,,קפסולות אספרסו בטעם,גרמים,50.00,100 גרם,false,1,16.50,33.00,true,1,
7290106720626,false,צ'יטוס קראנצ' בטעם גבינה - חלבי,"שטראוס פריטו ליי בע""\מ )",,ציטוס בטעם גבינה 80,גרמים,80.00,100 גרם,false,1,4.50,5.63,true,1,
7290106721920,false,צנצנת מסטיק מאסט בטעם ספירמינט עדין 66 ג' עלית,"שטראוס גרופ בע""\מ.",,צנצנת מסטיקים ספירמי,Unknown,0.00,Unknown,false,1,9.90,9.90,true,1,
7290106723689,false,עלי תרד בייבי 200 גרם שטראוס,שטראוס בריאות ירקות טריי,,תרד בייבי 200 גר,גרמים,200.00,100 גרם,false,1,10.90,5.45,true,1,
7290106725867,false,"סירופ מייפל טבעי 189 מ""ל ""יד מרדכי""",קוסלסי פוד,,סירופ מייפל טבעי יד,מיליליטרים,189.00,"100 מ""ל",false,1,40.90,21.64,true,1,
7290106726178,false,יוגורט PRO עם פירות יער 2.4% 10 גרם חלבון בגביע,מיוצר עי קונדיטוריית,,דנונה פרו פירות יער,גרמים,150.00,100 גרם,false,1,4.90,3.27,true,1,
7290106729650,false,יוגורט עם תות מאגדת 8 יח' * 150ג' דנונה,"שטראוס גרופ בע""\מ",,מארז שמיניית דנונה,גרמים,1200.00,100 גרם,false,1,28.50,2.38,true,1,
7290106774018,false,אבקת קקאו אלמנדוס 40,"אלמונדס בע""מ",IL,אבקת קקאו 400 גרם,גרמים,400.00,100 גרם,false,1,34.90,8.73,true,1,
7290107280020,false,שלישיית מטליות לחות לניקוי כללי סנו סושי 50 יחידות,טרופיקל דגיל- תעשיות,,סנו סושי מטליות לחות,Unknown,0.00,Unknown,false,1,16.50,16.50,true,1,
7290107280068,false,סנו סושי תבנית אלומיניום ענק א.לארג 2 יח,סנו מפעלי ברונוס בעמ,,זוג תבניות אלומיניום,Unknown,0.00,Unknown,false,1,11.40,11.40,true,1,
7290107280075,false,סנו סושי תבנית אלומיניום לארג 4יח,סנו מפעלי ברונוס בעמ,,רביעיית תבניות אלומי,Unknown,0.00,Unknown,false,1,8.90,8.90,true,1,
7290107280099,false,שלישיית מגובנים נשטפים באסלה סופט סוד 48 יחידות,טרופיקל דגיל- תעשיות,,שלישיית מגבונים לחים,Unknown,0.00,Unknown,false,1,15.90,15.90,true,1,
7290107280129,false,סנו סושי 20 שקיות אשפה חזקות גדולות XXL,סנו מפעלי ברונוס בעמ,,סנו סושי 20 שקיות אש,Unknown,0.00,Unknown,false,1,23.90,23.90,true,1,
7290107280341,false,ריצפז מטליות לחות לניקוי הרצפה בניחוח מלון מפנק,טרופיקל דגיל תעשיות,IL,מט.לחות לרצפה סנו רצ,Unknown,0.00,Unknown,false,1,10.90,10.90,true,1,
7290107280549,false,"סנו - K400 קוטל זבובים ויתושים 300 מ""ל","סנו מפעלי ברונוס בע""מ",,K-400 קוטל חרקים 300,מיליליטרים,300.00,"100 מ""ל",false,1,13.90,4.63,true,1,
7290107280570,false,סנו - מקסימה ג'ל כביסה מרוכז לכביסה צבעונית 3 ליטר,מיוצר עי קונדיטוריית,,סנו מקסימה גל כביסה,ליטרים,0.00,ליטר,false,1,29.60,29.60,true,1,
7290107280594,false,שלישיית סנובון מוצק דאבל אקשן לבנדר 55 גרם,סנו מפעלי ברונוס בעמ,,סנובון מוצק דבל אקשן,גרמים,165.00,100 גרם,false,1,14.90,9.03,true,1,
7290107280600,false,טבליות למדיח סנו ספארק 100 טבליות במארז,גרופה אינקו,,טבליות למדיח סנו,Unknown,0.00,Unknown,false,1,69.90,69.90,true,1,
7290107280709,false,"סנו ספארק נוזל הברקה למדיח 700 מ""ל","סנו מפעלי ברונוס בע""\מ",,נוזל הברקה למדיח סנו,מיליליטרים,900.00,"100 מ""ל",false,1,16.70,1.86,true,1,
7290107280716,false,מלח למדיח להגנה מפני אבנית סנו ספארק Spark,סנו ספארק,,מלח למדיח סנו ספארק,קילוגרמים,0.00,"ק""ג",false,1,14.60,14.60,true,1,
7290107280723,false,נוזל לניקוי כלים סנו ספארק Spark בניחוח לימון רענן,סנו כימיקלים,,נוזל כלים סנו ספארק,מיליליטרים,700.00,"100 מ""ל",false,1,10.40,1.49,true,1,
7290107280747,false,נוזל לניקוי כלים סנו ספארק Spark קלאסי,סנו כימיקלים,,נוזל כלים סנו ספארק,מיליליטרים,700.00,"100 מ""ל",false,1,10.40,1.49,true,1,
7290107280754,false,נוזל כלים סנו ספארק Spark היפואלרגני פריחת השקד,סנו ספארק,,נוזל כלים סנו ספארק,מיליליטרים,700.00,"100 מ""ל",false,1,10.40,1.49,true,1,
7290107280761,false,נוזל לניקוי כלים בניחוח לימון רענן סנו ספארק Spark,מיוצר עי קונדיטוריית,,ספארק נוזל כלים בניח,מיליליטרים,1000.00,"100 מ""ל",false,1,14.60,1.46,true,1,
7290107645584,false,אבקת מרק עוף אמיתי רכיבים טבעיים 400 גרם - רבנות,יוניליוור ישראל מזון בע\,,מרק עוף אמיתי רכיבים,גרמים,400.00,100 גרם,false,1,19.90,4.98,true,1,
7290107645591,false,אבקת מרק בטעם עוף 100% רכיבים טבעיים 400 גרם,יוניליוור ישראל מזון בע\,,מרק טעם עוף קנור רכי,גרמים,400.00,100 גרם,false,1,19.80,4.95,true,1,
7290107646147,false,"חטיף שוגי קורנפלקס תלמה 156 גרם מארז 6 יחידות בד""צ",יוניליוור ישראל מזון בעמ,,מאגדת שוגי קורנפלקס,גרמים,156.00,100 גרם,false,1,12.90,8.27,true,1,
7290107646154,false,"חטיף קוקומן פצפוצים תלמה 126 גרם מארז 6 יחידות בד""צ",יוניליוור ישראל מזון בעמ,,מאגדת קוקומן פצפוצים,גרמים,126.00,100 גרם,false,1,12.90,10.24,true,1,
7290107646826,false,"חטיף שוגי שוקו תלמה 156 גרם מארז 6 יחידות בד""צ",יוניליוור ישראל מזון בעמ,,מאגדת פתיתי תירס שוק,גרמים,156.00,100 גרם,false,1,12.90,8.27,true,1,
7290107646833,false,"חטיף שוגי פצפוצים תלמה 138 גרם מארז 6 יחידות בד""צ",יוניליוור ישראל מזון בעמ,,מאגדת פצפוצי שוקולד,גרמים,138.00,100 גרם,false,1,12.90,9.35,true,1,
7290107646918,false,"קנור-רוטב שקשוקה עגבניות ופלפלים 415 מ""ל",קונסורזיו קאסאלאסקו דל פ,,קנור רוטב שקשוקה 415,גרמים,415.00,100 גרם,false,1,12.90,3.11,true,1,
7290107646963,false,"מיונז תלמה טעם ספייסי 273 גר בד""ץ",יוניליוור מזון,,ממרח ספייסי מיו תלמה,גרמים,250.00,100 גרם,false,1,9.50,3.80,true,1,
7290107646970,false,"מיונז תלמה איולי שום 273 גר בד""ץ",יוניליוור מזון,,ממרח איולי שום תלמה,גרמים,250.00,100 גרם,false,1,9.50,3.80,true,1,
7290107647731,false,קוקומן חום לבן בטעם שוקולד ווניל,יוניליוור ישראל מזון בעמ,,קוקומן חום לבן 20% פ,גרמים,375.00,100 גרם,false,1,19.90,5.31,true,1,
7290107647816,false,"דגני ברנפלקס ללא תוספת סוכר 500 גרם בד""צ",יוניליוור ישראל מזון בעמ,,דגני ברנפלקס ללא תוס,גרמים,500.00,100 גרם,false,1,23.90,4.78,true,1,
7290107648974,false,קנור רוטב לפסטה עגבניות עם בזיליקום,קונסורזיו קאסאלאסקו דל פ,,קנור רוטב עם בזיליקו,גרמים,415.00,100 גרם,false,1,12.90,3.11,true,1,
7290107649100,false,בייגלה טבעות שומשום 300 גרם.,בייגל את בייגל מזון 198),,בייגלה טבעות 300 גרם,גרמים,300.00,100 גרם,false,1,13.50,4.50,true,1,
7290107649605,false,קליק אקסטרא לארג שוקולד חלב עם פתיתי תירס ודגנים,יוניליוור ישראל מזון בעמ,,קליק שוקולד חלב עם ק,גרמים,85.00,100 גרם,false,1,7.60,8.94,true,1,
7290107871990,false,"פסטה צינורות 500 גרם ""אסם""",פסטה זארה,,פסטה צינורות 500 גר,גרמים,500.00,100 גרם,false,1,5.90,1.18,true,1,
7290107874502,false,ביסלי גריל קדמ. מארז אחיד 10 4*55 גרם,מיוצר עי קונדיטוריית,,ביסלי גריל קדמ. מארז,גרמים,200.00,100 גרם,false,1,13.50,6.75,true,1,
7290107875271,false,ביסלי ברביקיו קדמ. מארז אחיד10 4*55 גרם,"אסם השקעות בע""\מ",,ביסלי ברביקיו קדמ. מ,גרמים,200.00,100 גרם,false,1,13.50,6.75,true,1,
7290107875820,false,קרוטונים אפויים בתיבול ביתי אוסם 180 ג',עינת תעשיות מזון,,קרוטונים אפויים בתיב,גרמים,180.00,100 גרם,false,1,13.70,7.61,true,1,
7290107879521,false,קרחון לה פרוטה שרבט תות מאגדת 5יח',גלידות נסטלה )נגה גלידות,,מאגדת לה פרוטה תות 5,Unknown,0.00,Unknown,false,1,27.50,27.50,true,1,
7290107879569,false,קרחון לה פרוטה שרבט מנגו מאגדת 5יח',גלידות נסטלה )נגה גלידות,,מאגדת לה פרוטה מנגו,Unknown,0.00,Unknown,false,1,27.50,27.50,true,1,
7290107932080,false,חלב מועשר יוטבתה בבקבוק 3% 1 ליטר,מחלבת יטבתה,,חלב מועשר יוטבתה בבק,מיליליטרים,1000.00,"100 מ""ל",false,1,7.70,0.77,true,1,
7290107933155,false,לקט סלנובה שטראוס 200 גרם,שטראוס בריאות ירקות טריי,,לקט סלנובה 200 גר,גרמים,200.00,100 גרם,false,1,11.90,5.95,true,1,
7290107934473,false,שמינייה יוגורט לבן אקטיביה 1.5% דנונה 150 גרם,"שטראוס גרופ בע""\מ",,מארז מיוחד אקטיביה,גרמים,1200.00,100 גרם,false,1,19.90,1.66,true,1,
7290107936309,false,דנונה יוגורט 7% יווני לבן 130 ג',"שטראוס בריאות בע""מ",,דנונה יווני לבן 5.8%,גרמים,120.00,100 גרם,false,1,3.50,2.92,true,1,
7290107936958,false,עד חצות ביסקוויט אצבעות שוקולד 125 גרם,ביסקוויטס טור ד'\אלבון,IL,אצבעות עד חצות עם ש,גרמים,125.00,100 גרם,false,1,11.90,9.52,true,1,
7290107936965,false,עיגולים עד חצות עם שוקולד חלב 225 גר,ביסקווטרי עוגיות סנט,IL,עיגולים עד חצות עם,גרמים,225.00,100 גרם,false,1,12.90,5.73,true,1,
7290107937542,false,משקה יוגורט אקטיביה עם תות 1.2% שומן,מיוצר עי קונדיטוריית,,משקה אקטיביה תות 1.2,מיליליטרים,265.00,"100 מ""ל",false,1,6.00,2.26,true,1,
7290107937627,false,מסטיק מאסט Must קוביות ללא סוכר בטעם מנטה עדינה,אסקום קונפקשיין,,צנצנת קוביות ספירמינ,Unknown,0.00,Unknown,false,1,9.90,9.90,true,1,
7290107937634,false,צנצנית מסטיק מאסט קוביות פפירמינט 58 ג' עלית,אסקום קונפקשיין,,צנצנת קוביות פפירמינ,Unknown,0.00,Unknown,false,1,9.90,9.90,true,1,
7290107937856,false,קפסולות 11חזק למכונות נספרסו עלית 10יח',הנסיך- מפעל לייצור ט,,קפסולות אספרסו 11 למ,Unknown,0.00,Unknown,false,1,16.50,16.50,true,1,
7290107938396,false,שמיניית אקטימל תות דיסני בנים 108 גרם,מיוצר עי קונדיטוריית,,שמיניית אקטימל תות 8,גרמים,864.00,100 גרם,false,1,20.90,2.42,true,1,
7290107939027,false,גזר דק דק 250 גרם שטראוס,שטראוס בריאות ירקות טריי,,גזר דק דק 250 גרם,גרמים,250.00,100 גרם,false,1,7.90,3.16,true,1,
7290107940467,false,אקטיביה יוגורט 1.5% שומן 200 ג' דנונה,מיוצר עי קונדיטוריית,,יוגורט אקטיביה 1.5%,גרמים,200.00,100 גרם,false,1,3.90,1.95,true,1,
7290107943369,false,קוואקר שיבולת שועל ללא גלוטן 511 גרם,היידי שוקולד בירונטי,,קוואקר שיבולת שועל ל,גרמים,511.00,100 גרם,false,1,16.90,3.31,true,1,
7290107944472,false,סימפוניה גבינה במרקם שמנת 5% שום שמיר,"שטראוס בריאות בע""\מ",,סימפוניה שום שמיר 5%,גרמים,200.00,100 גרם,false,1,11.00,5.50,true,1,
7290107950190,false,מעדן חלב דל קלוריות בטעם שוקולד מריר 0.5% שומן,מיוצר עי קונדיטוריית,,מעדן דיאט שוקולד מרי,גרמים,130.00,100 גרם,false,1,3.50,2.69,true,1,
7290107951104,false,בפלות ופלים ארוכים בטעם שוקולד,"שטראוס גרופ בע""\מ",,בפלות שוקולד 200 גרם,גרמים,200.00,100 גרם,false,1,5.90,2.95,true,1,
7290107951715,false,צנצנת מסטיק מאסט קוביות בטעם ענבים 58 ג' עלית,אסקום קונפקשיין,,מאסט צנצנת קוביות ענ,Unknown,0.00,Unknown,false,1,9.90,9.90,true,1,
7290107954976,false,משקה חלב PRO עם קפה 1.5% 25 גרם חלבון בבקבוק,מחלבת יטבתה,,משקה פרו קפה יטבתה 3,מיליליטרים,350.00,"100 מ""ל",false,1,6.50,1.86,true,1,
7290107956642,false,"תרסיס שמן זית 150 מ""ל יד מרדכי כשלפ",פארייפאבה אגרואינדוס,,תרסיס שמן זית יד מרד,מיליליטרים,150.00,"100 מ""ל",false,1,17.90,11.93,true,1,
7290107956895,false,קפסולות 07 אספרסו בטעם קרמל עלית 10יח',שטראוס קפה בי.וי.,,קפסולות אספרסו בטעם,Unknown,0.00,Unknown,false,1,16.50,16.50,true,1,
7290107956901,false,קפסולות בטעם אגוזים למכונת נספרסו עלית 10 יחידות,שטראוס קפה בי.וי.,,קפסולות בטעם אגוזים,גרמים,50.00,100 גרם,false,1,16.50,33.00,true,1,
7290107956925,false,קפסולות 13 אוגנדה למכונת נספרסו עלית 10יח',שטראוס קפה בי.וי.,IL,קפסולות אוגנדה 13 למ,גרמים,50.00,100 גרם,false,1,16.50,33.00,true,1,
7290107956932,false,קפסולות אספרסו אידונזיה למכונות 50 גר,שטראוס קפה בי.וי.,,קפסולות אספרסו אידונ,גרמים,50.00,100 גרם,false,1,16.50,33.00,true,1,
7290107957991,false,מילקי CAKE מיניס קרם חלב בציפוי שוקולד חלב שקית 16X9ג',בובארד איטליה אס.פי.איי,IT,מילקי CAKE מינייס 14,גרמים,144.00,100 גרם,false,1,16.70,11.60,true,1,
7290107973038,false,"סבון ידיים משאבה פלמוליב אקווריום 300 מ""ל",הנסיך- מפעל לייצור ט,,פלמוליב סבון ידיים א,מיליליטרים,300.00,"100 מ""ל",false,1,12.50,4.17,true,1,
7290107973311,false,קולגייט מברשת שיניים 360 פחם זהב זוג,הנסיך- מפעל לייצור ט,,קולגייט מברשת שיניים,Unknown,0.00,Unknown,false,1,36.50,36.50,true,1,
7290107973793,false,שימורי עגבניות שלמות 400 ג' מאסטר שף,פראנו אריקו ופיגלי ס,,מנה עגבניות שלמות 40,גרמים,400.00,100 גרם,false,1,7.20,1.80,true,1,
7290107973809,false,שימורי עגבניות קוביות 400 ג' מאסטר שף,פראנו אריקו ופיגלי ס.פ.א,,מנה קוביות עגבניות 4,גרמים,400.00,100 גרם,false,1,7.20,1.80,true,1,
7290107973861,false,מאסטר שף עגבניות קצוצות דק שלישיה 400ג*3 כשלפ,קונסרזיו קאסאלאסקו ד,,מנה עגבניות קצוצות ד,קילוגרמים,0.00,"ק""ג",false,1,16.90,16.90,true,1,
7290107974073,false,מנה עלי טורטיה קמח לבן מ.שף 20 סמ 320 גר,אלקאטי קורביישיסי גי,,מנה עלי טורטיה קמח ל,גרמים,320.00,100 גרם,false,1,10.90,3.41,true,1,
7290107974080,false,מנה עלי טורטיה קמח לבן מ.שף 25 סמ 840 גר,הדקלאים אגודת שיתופי,,מנה עלי טורטיה קמח ל,גרמים,840.00,100 גרם,false,1,17.90,2.13,true,1,
7290107974806,false,"אורז בסמטי 1 ק""ג מאסטר שף",דווה סינג שיהם סינג,,"מנה אורז בסמטי 1 ק""ג",גרמים,1000.00,100 גרם,false,1,13.90,1.39,true,1,
7290107974813,false,"אורז יסמין 1 ק""ג מאסטר שף",טאומי אינטרפרייד,,"מנה אורז יסמין 1 ק""ג",גרמים,1000.00,100 גרם,false,1,12.50,1.25,true,1,
7290107974820,false,ממרח בטעם ספייסי מיונז מאסטר שף 250 גרם,רמיה סי.וי.הולנד,,מנה מאסטר שף ממרח מת,גרמים,248.00,100 גרם,false,1,9.10,3.67,true,1,
7290107974837,false,מנה מאסטר שף ממרח מתובל שום 246 גר,רמיה סי.וי.הולנד,,מנה מאסטר שף ממרח מת,גרמים,246.00,100 גרם,false,1,9.10,3.70,true,1,
7290107975292,false,ליידי ספיד סטיק - דאודורנט סטיק נערות ורוד 65 גרם,ליידי ספיד סטיק Lady Speed Stick,,דאו לנערות ורוד לייד,גרמים,65.00,100 גרם,false,1,20.90,32.15,true,1,
7290107975346,false,ספיד סטיק - דאודורנט ג'ל לגבר כוח הטבע 85 גרם,קולגייט פלמוליב,,דאו גל כח הטבע אולנג,גרמים,65.00,100 גרם,false,1,20.90,32.15,true,1,
7290107976848,false,פלמוליב סבון מוצק קמומיל רביעייה 360 ג,קולגייט פלמוליב,,סבון מוצק פלמוליב קמ,Unknown,0.00,Unknown,false,1,21.90,21.90,true,1,
7290107976916,false,"סבון ידיים משאבה פלמוליב זיתים 300 מ""ל",קולגייט פלמוליב,,סבון ידיים חלב זיתים,מיליליטרים,300.00,"100 מ""ל",false,1,12.50,4.17,true,1,
7290107977456,false,"פלמוליב - ג'ל רחצה ושמפו ספורט לגבר 750 מ""ל",קולגייט פלמוליב,,גל רחצה ושמפו לגבר פ,מיליליטרים,750.00,"100 מ""ל",false,1,19.90,2.65,true,1,
7290107978330,false,מאסטר שף איטריות דקות 400 גרם,הדקלאים אגודת שיתופי,,מאסטר שף איטריות דקו,גרמים,400.00,100 גרם,false,1,6.20,1.55,true,1,
7290107978453,false,חטיף בטעם גריל קראנצ,קראנצ'וס,,קראנצוס גריל 55 גרם,גרמים,55.00,100 גרם,false,1,3.50,6.36,true,1,
7290108201284,false,איירוויק מקלות ריחניים בניחוח לבנדר מתוק,איירוויק Air Wick,,מקלות ריחניים לבנדר,Unknown,0.00,Unknown,false,1,19.90,19.90,true,1,
7290108201291,false,"אירוויק מקלות ריחניים היום הראשון של האביב 30 מ""ל",רקיט בנקיזר,,מקלות ריחניים בניחוח,Unknown,0.00,Unknown,false,1,19.90,19.90,true,1,
7290108201437,false,"אבקת כביסה קולון 101 2.5 ק""ג",רקיט בנקיזר,,אבקת כביסה קולון 101,קילוגרמים,0.00,"ק""ג",false,1,26.50,26.50,true,1,
7290108201864,false,קולון קפסולות גל לכביסה 28 יחידות,רקיט בנקיזר,,קולון קפסולות גל,Unknown,0.00,Unknown,false,1,31.50,31.50,true,1,
7290108350128,false,סנו סושי שקיות אשפה חזקות במיוחד 40 יח',מיוצר עי קונדיטוריית,,סנו סושי 40 שקיות אש,Unknown,0.00,Unknown,false,1,22.90,22.90,true,1,
7290108350142,false,"שקיות רב שימושיות גדולות 25*35 ס""מ סנו סושי 270 יחידות",אשפלסט תעשיות,,סנו סושי 270 שקיות ר,Unknown,0.00,Unknown,false,1,16.70,16.70,true,1,
7290108350203,false,"סנו סושי כריות קרצוף+ספוג מקציף 6 יחידות 12X9 ס""מ",סנו סושי,,סקוטש ברייט+ספוג 6 י,Unknown,0.00,Unknown,false,1,11.90,11.90,true,1,
7290108350210,false,סנו סושי 30 שקיות אשפה XL חזקות במיוחד,מיוצר עי קונדיטוריית,,סנו סושי שקיות אשפה,Unknown,0.00,Unknown,false,1,23.90,23.90,true,1,
7290108350555,false,נוזל כלים סנו ספארק Spark היפואלרגני פריחת השקד,סנו ספארק,,ספארק נוזל כלים לעור,מיליליטרים,1000.00,"100 מ""ל",false,1,14.60,1.46,true,1,
7290108350586,false,נוזל לניקוי כלים סנו ספארק Spark בניחוח לימון רענן,"סנו מפעלי ברונוס בע""\מ",,ספארק נוזל כלים בניח,ליטרים,0.00,ליטר,false,1,17.70,17.70,true,1,
7290108350616,false,סנו - מקסימה מרכך כביסה מרוכז פריחה כחולה 1 ליטר,"סנו מפעלי ברונוס בע""\מ",,מרכך כביסה מקסימה סו,מיליליטרים,1000.00,"100 מ""ל",false,1,17.90,1.79,true,1,
7290108350623,false,מרכך כביסה סופר מרוכז סופט סילק מקסימה 1 ל' סנו,"סנו מפעלי ברונוס בע""\מ",,מרכך כביסה מקסימה סו,מיליליטרים,1000.00,"100 מ""ל",false,1,17.90,1.79,true,1,
7290108350654,false,כיף פיות תרסיס לשיער להתרת קשרים 350 מל,קוסמופארם בע''מ,,כיף פיות תרסיס לשיער,מיליליטרים,350.00,"100 מ""ל",false,1,22.50,6.43,true,1,
7290108350715,false,"סנו פורטה FREE נוזל מרוכז להסרת שומנים 750 מ""ל",סנו,,סנו פורטה FREE פלוס,מיליליטרים,750.00,"100 מ""ל",false,1,14.90,1.99,true,1,
7290108351507,false,מרכך כביסה אינספרישיין סנו מקסימה 4 ליטר,הורביץ סחר,,מרכך כביסה SOFT SILK,ליטרים,0.00,ליטר,false,1,19.90,19.90,true,1,
7290108351514,false,מרכך כביסה בלו בלוסום סנו מקסימה 4 ליטר,הורביץ סחר,,מרכך כביסה BLUE BLOS,ליטרים,0.00,ליטר,false,1,19.90,19.90,true,1,
7290108351552,false,"סנו - ג'ט לניקוי כללי בתוספת חומץ בניחוח לבנדר 750 מ""ל","סנו מפעלי ברונוס בע""\מ",,מרסס סנו גט +תוספת ח,מיליליטרים,750.00,"100 מ""ל",false,1,13.90,1.85,true,1,
7290108351569,false,מבשם ומרכך למייבש כביסה Baby לתינוקות ולעור רגיש,"סנו מפעלי ברונוס בע""\מ",,מבשם ומרכך כביסה למי,מיליליטרים,750.00,"100 מ""ל",false,1,18.90,2.52,true,1,
7290108351590,false,"סנופרש הום בלו בלוסון בניחוח מרכך כביסה 350 מ""ל",סנו פרש Fresh,,מטהר אוויר סופט סילק,מיליליטרים,350.00,"100 מ""ל",false,1,13.90,3.97,true,1,
7290108351606,false,מטהר אוויר בלו בלוסום סנו פרש הום 350 מל,סנו מפעלי ברונוס בעמ,,מטהר אוויר בלו בלוסו,מיליליטרים,350.00,"100 מ""ל",false,1,13.90,3.97,true,1,
7290108351675,false,גל כביסה סנו מקסימה מיקס אנד ווש 5 ל,סנו מפעלי ברונוס בעמ,IL,גל כביסה סנו מקסימה,ליטרים,0.01,ליטר,false,1,52.50,5250.00,true,1,
7290108351682,false,גל כביסה סנו מקסימה ביו קולד ווטר 5 ל,"סנו מפעלי ברונוס בע""\מ",IL,גל כביסה סנו מקסימה,ליטרים,0.01,ליטר,false,1,49.50,4950.00,true,1,
7290108351699,false,סנו - ג'ט מטליות לחות לניקוי כללי בתוספת חומץ לבנדר שלישיה,סנו מפעלי ברונוס על,IL,מגבוני ניקוי סנו גט+,Unknown,0.00,Unknown,false,1,17.90,17.90,true,1,
7290108351705,false,פניני בישום 275 גרם מקסימה,inc prodacts smart value,IL,פניני בישום fresh l,גרמים,275.00,100 גרם,false,1,25.90,9.42,true,1,
7290108351729,false,נ.לניקוי אסלות סנו גרין פאוור אקולוגי750,מיוצר עי קונדיטוריית,IL,נ.לניקוי אסלות סנו ג,מיליליטרים,750.00,"100 מ""ל",false,1,13.90,1.85,true,1,
7290108351750,false,נ.לניקוי רצפות סנו גרין פאוור אקולוגי 2ל,סנו מפעלי ברונוס בעמ,IL,נ.לניקוי רצפות סנו ג,ליטרים,0.00,ליטר,false,1,19.90,19.90,true,1,
7290108351781,false,ג'ל לניקוי אסלות + חומץ ומלח לימון בריח הדרים,"סנו מפעלי ברונוס בע""",IL,נוזל ניקוי אסלות סנו,מיליליטרים,750.00,"100 מ""ל",false,1,14.20,1.89,true,1,
7290108351811,false,מרכך כביסה סופר מרוכז Floral touch סנו מקסימה 1 ליטר,מיוצר עי קונדיטוריית,IL,מר.כביסה סנומקסימה מ,ליטרים,0.00,ליטר,false,1,17.90,17.90,true,1,
7290108351859,false,"סנו מקסימה בושם מרוכז לכביסה FOREVER ורוד 600 מ""ל",סנו מקסימה,IL,בושם מרוכז לכביסה סנ,מיליליטרים,600.00,"100 מ""ל",false,1,22.90,3.82,true,1,
7290108351903,false,אורביטול - פרוטקט פרש שטיפת פה באריזה חד פעמית 20 יחידות,קוסמופארם בע'\'\מ,IL,מי פה אורביטול באריז,Unknown,0.00,Unknown,false,1,21.90,21.90,true,1,
7290108351941,false,סנובון סבון אסלה מוצק RINGS בניחוח יערות שלישיה,SWARZEDZ DRAMERSSA,IL,סבון מוצק סנובון יער,Unknown,0.00,Unknown,false,1,14.90,14.90,true,1,
7290108351972,false,סנופרש הום מבשם לבית בניחוח מלון בוטיק,מיוצר עי קונדיטוריית,IL,מטהר אוויר סנו פרש ה,מיליליטרים,200.00,"100 מ""ל",false,1,12.90,6.45,true,1,
7290108351989,false,"מטהר אוויר סנו פרש הום מלון מפנק 200 מ""ל",מיוצר עי קונדיטוריית,IL,מטהר אוויר סנו פרש ה,מיליליטרים,200.00,"100 מ""ל",false,1,12.90,6.45,true,1,
7290108352009,false,סנו ספארק קפסולות למדיח כלים 50 יחידות,טרופיקל דגיל תעשיות,IL,קפסולות גל למדיח סנו,Unknown,0.00,Unknown,false,1,52.50,52.50,true,1,
7290108352016,false,סבון מוצק סנובון DESIGN מרכך שלישייה,סנו מפעלי ברונוס בעמ,IL,סבון מוצק סנובון DES,Unknown,0.00,Unknown,false,1,18.90,18.90,true,1,
7290108352047,false,אורביטול - צמד מברשות שיניים 808 + חוט דנטלי במתנה,החברה הדרומית,,צמד מברשות שיניים 80,יחידה,1.00,יחידה,false,1,19.90,19.90,true,1,
7290108352061,false,משחת שיניים Go White אורביט 145 גרם עם פחם,טרופיקל דגיל תעשיות קוסמ,IL,משחת שיניים אורביטול,גרמים,145.00,100 גרם,false,1,14.90,10.28,true,1,
7290108352078,false,"אורביטול שטיפת פה 500 מ""ל Protective Salt",טרופיקל דגיל תעשיות,IL,מי פה אורביטול בתוספ,מיליליטרים,500.00,"100 מ""ל",false,1,19.90,3.98,true,1,
7290108352085,false,"מי פה אורביטול רעננות חריפה 500 מ""ל",טרופיקל דגיל תעשיות,IL,מי פה אורביטול רעננו,מיליליטרים,500.00,"100 מ""ל",false,1,21.90,4.38,true,1,
7290108352092,false,משחת שיניים אורביטול פרוטקטיב סולט בטעם מנטה,טרופיקל דגיל תעשיות קוסמ,IL,משחת שיניים אורביטול,גרמים,145.00,100 גרם,false,1,19.90,13.72,true,1,
7290108352108,false,משחת שיניים אורביטול רעננות חריפה 145 גר,טרופיקל דגיל תעשיות קוסמ,IL,משחת שיניים אורביטול,גרמים,145.00,100 גרם,false,1,14.90,10.28,true,1,
7290108352115,false,סנובון ווייב לאסלה בתוספת אקונומיקהה 45X3ג',סנו סנובון,IL,סנובון מוצק WAVE בתו,Unknown,0.00,Unknown,false,1,14.90,14.90,true,1,
7290108352146,false,"סנובון נוזלי בניחוח מנגוליה ונרולי סנו 750 מ""ל",סנו מפעלי ברונוס בעמ,,סנובון מוצק בניחוח נ,מיליליטרים,0.00,"100 מ""ל",false,1,11.90,11.90,true,1,
7290108352153,false,"סנובון נוזלי בניחוח לוטוס וסחלב סנו 750 מ""ל",מיוצר עי קונדיטוריית,,סנובון מוצק בניחוח ל,מיליליטרים,0.00,"100 מ""ל",false,1,11.90,11.90,true,1,
7290108352221,false,סנופרש הום מבשם נוזלי בניחוח מלון מפנק,סנו מפעלי ברונוס בעמ,IL,מטהר אוויר סנו פרש ה,מיליליטרים,350.00,"100 מ""ל",false,1,13.90,3.97,true,1,
7290108352252,false,נוזל לניקוי כלים מתאים לניקוי ירקות ופירות סנו ספארק,"סנו מפעלי ברונוס בע""\מ",IL,נוזל כלים סנו ספארק,ליטרים,0.00,ליטר,false,1,14.60,14.60,true,1,
7290108352269,false,דלי מטליות לחיטוי ולניקוי 99.9 % 400 יח' סנו,החברה הדרומית,IL,מגבונים בדלי סנו 99.,יחידה,1.00,יחידה,false,1,34.90,34.90,true,1,
7290108352276,false,סנו המטליות משמידות 99.9% מהחיידקים 10 יחידות,"סנו מפעלי ברונס בע""\מ",IL,מטליות לחות לריצפה ר,Unknown,0.00,Unknown,false,1,18.80,18.80,true,1,
7290108352283,false,נוזל לחיטוי וניקוי רצפות- סדרת 99.9% סנו 2 ליטר,"סנו מפעלי ברונוס בע""\מ",IL,נוזל רצפות ריצפז 99.,ליטרים,0.00,ליטר,false,1,23.50,23.50,true,1,
7290108352320,false,"מבשם אויר סנו פרש הום בניחוח כותנה מלטפת 350 מ""ל",מיוצר עי קונדיטוריית,IL,מטהר אוויר סנו פרש ה,מיליליטרים,350.00,"100 מ""ל",false,1,13.90,3.97,true,1,
7290108352344,false,"פרש מבשם אויר אוטומטי בניחוח לבנדר סנו 250 מ""ל",מיוצר עי קונדיטוריית,IL,מטהר אוויר סנו פרש א,מיליליטרים,250.00,"100 מ""ל",false,1,14.90,5.96,true,1,
7290108352399,false,ריצפז פרש הום בניחוח מרכך כביסה פלורל טאצ',"סנו מפעלי ברונוס בע""\מ",IL,נוזל רצפות ריצפז פרש,ליטרים,0.00,ליטר,false,1,19.90,19.90,true,1,
7290108352443,false,סנובון מוצק לניקוי אסלה כחול סנו 3 יחידות,סנו מפעלי ברונוס בעמ,IL,סנובון מוצק בניחוח ל,יחידה,1.00,יחידה,false,1,16.90,16.90,true,1,
7290108352450,false,ריצפז פרש הום בניחוח מרכך כביסה בלו בלוסום,סנו מפעלי ברונוס בעמ,IL,נוזל רצפות ריצפז פרש,ליטרים,0.00,ליטר,false,1,19.90,19.90,true,1,
7290108352474,false,"סנומוד מטהר אוויר ליידי קוקו סנו 150 מ""ל","סנו מפעלי ברונוס בע""\מ",,מטהר אוויר סנומוד לי,מיליליטרים,150.00,"100 מ""ל",false,1,11.90,7.93,true,1,
7290108352511,false,"מקסימה לניקוי וחיטוי מכונת כביסה שקית 500 מ""ל","סנו מפעלי ברונוס בע""\מ",,נוזל מקסימה לשטיפה,מיליליטרים,500.00,"100 מ""ל",false,1,14.90,2.98,true,1,
7290108352566,false,מרכך כביסה בבישום עוצמתי 4 ל' סנו מקסינה,"סנו מפעלי ברונוס בע""\מ",,JOY סנו מקסימה מרכך,ליטרים,0.00,ליטר,false,1,19.90,19.90,true,1,
7290108352573,false,מרכך כביסה סנו מקסימה בבישום עוצמתי 4 ליטר,"סנו מפעלי ברונוס בע""\מ",,סנו מקסימה מרכך כביס,ליטרים,0.00,ליטר,false,1,19.90,19.90,true,1,
7290108352597,false,דלי מגבונים לניקוי כללי סנו 400 יחידות,סנו,,מגבונים לחים לניקוי,Unknown,0.00,Unknown,false,1,35.50,35.50,true,1,
7290108352627,false,סנו סושי מפות ניילון שקופה בגליל,"סנו מפעלי ברונו בע""מ",IL,מפת שולחן סנו סושי ב,מטרים,20.00,מטר,false,1,21.90,1.10,true,1,
7290108352641,false,סנו סושי מטלית הפלא לניקוי כללי במארז שלישייה,סנו מפעלי ברונוס.,,מטלית הפלא לניקוי כל,Unknown,0.00,Unknown,false,1,16.70,16.70,true,1,
7290108352672,false,צמד מטליות הפלא לרצפה מיקרפייבר סנו סושי,סנו מפעלי ברונוס.,,מטלית הפלא לרצפה סנו,Unknown,0.00,Unknown,false,1,21.50,21.50,true,1,
7290108352702,false,סנו סופט שלישיית מגבוני טואלט נשטפים בוב ספוג 48 יחידות,סנו סופט Soft,,מגבוני טואלט לחים נש,Unknown,0.00,Unknown,false,1,17.70,17.70,true,1,
7290108352795,false,סנו סושי שקיות M זיפר 50 יחידות,פיין ונטג,,שקיות סנו סושי M זיפ,Unknown,0.00,Unknown,false,1,14.60,14.60,true,1,
7290108352801,false,"שקיות אשפה לפחים קטנים 45 * 56 ס""מ סנו סושי 100 יחידות","סנו מפעלי ברונוס בע""מ",,שקיות אשפה סנו סושי,Unknown,0.00,Unknown,false,1,18.90,18.90,true,1,
7290108352825,false,ספוג הפלא נירוסטה סנו סושי 3יח',ltdn s.k.a.tסנו מפעלי בר,,ספוג הפלא נירוסטה סנ,Unknown,0.00,Unknown,false,1,12.80,12.80,true,1,
7290108352849,false,שלישיית מטליות הפלא לניקוי כללי דקור סנו סושי,טרופיקל דגיל תעשיות,IL,מטלית הפלא לניקוי דק,יחידה,1.00,יחידה,false,1,16.70,16.70,true,1,
7290108352863,false,סנו סושי שקיות צלייה 20יח' מידה L,סנו מפעלי ברונוס בעמ . ח,IL,שקיות צלייה סנו סושי,Unknown,0.00,Unknown,false,1,9.50,9.50,true,1,
7290108352894,false,סנו סושי מפת שולחן חגיגית,שואוגאנג,,מפת שולחן חגיגית סנו,Unknown,0.00,Unknown,false,1,9.50,9.50,true,1,
7290108353082,false,ממחטות אף בקופסה 2 שכבות סנו סופט 120 דף,מיוצר עי קונדיטוריית,IL,ממחטות אף בקופסא 120,Unknown,0.00,Unknown,false,1,9.90,9.90,true,1,
7290108353334,false,"שמפו למניעת קשקשים עם שמן עץ התה ואסאי 700 מ""ל כיף",קוסמופארם בעמ,IL,שמפו כיף קליר למ.קשק,מיליליטרים,700.00,"100 מ""ל",false,1,12.90,1.84,true,1,
7290108353372,false,אורביטול צמד מברשות שיניים 12000 סיבי פחם,"קוסמופארם בע""\מ",,צמד מברשת שיניים 120,יחידה,1.00,יחידה,false,1,31.90,31.90,true,1,
7290108353433,false,שטיפת פה לרעננות מתמשכת מנטה עדין Protect & Fresh,"קוסמופארם בע""\מ",IL,מי פה אורביטול פרפקט,מיליליטרים,500.00,"100 מ""ל",false,1,20.90,4.18,true,1,
7290108353532,false,"שקיות אשפה חזקות עם שרוך לארג' 54 * 65 ס""מ סנו סושי 100 יחידות",סנו סושי,IL,שקיות אשפה סנו סושי,Unknown,0.00,Unknown,false,1,34.90,34.90,true,1,
7290108353648,false,סנו סושי - שקיות אוכל מנייר 70 יחידות,איי טיי אריזות טורקיה,IL,שקיות אוכל מנייר סנו,יחידה,1.00,יחידה,false,1,13.50,13.50,true,1,
7290108353662,false,"סנו סושי מפת שולחן מוטבעת 120*270 ס""מ",שואוגאנג,,XL סושי מפת שולחן מו,יחידה,1.00,יחידה,false,1,8.90,8.90,true,1,
7290108353686,false,מטלית חלומית לרצפה סנו סושי 1 יחידה,נינגבו סנבנג,IL,סושי מטלית לרצפה חלו,Unknown,0.00,Unknown,false,1,12.90,12.90,true,1,
7290108353723,false,"קרמה - תחליב רחצה חימר תה ירוק 500 מ""ל","קוסמופארם בע""\מn\",IL,קרמה תחליב רחצה חימר,Unknown,0.00,Unknown,false,1,12.90,12.90,true,1,
7290108353839,false,סושי כפפות ניטריל שחורות 80 יחידות M,סנו סושי,,שחורות כפפות סנו סוש,Unknown,0.00,Unknown,false,1,29.90,29.90,true,1,
7290108353846,false,סושי כפפות ניטריל שחורות 80 יחידות L,סנו סושי,,שחורות כפפות סנו סוש,Unknown,0.00,Unknown,false,1,29.90,29.90,true,1,
7290108354164,false,"כיף שלישיית אל סבון קטיפתי מועשר בשמנים 3*500 מ""ל",טרופיקל דגיל תעשיות,IL,אל סבון כיף שמן קטיפ,ליטרים,0.00,ליטר,false,1,22.90,22.90,true,1,
7290108354263,false,אורביטול גוניור משחת שיניים חד קרן 70גרם,טרופיקל דגיל תעשיות קוסמ,IL,משחת שיניים אורביטול,גרמים,70.00,100 גרם,false,1,9.90,14.14,true,1,
7290108354270,false,מרכך כביסה מרוכז בבישום עוצמתי 1 ל' סנו מקסימה,מיוצר עי קונדיטוריית,,CALMמרכך כביסה מקסימ,מיליליטרים,1000.00,"100 מ""ל",false,1,17.90,1.79,true,1,
7290108354355,false,סנו מגבוני היגיינים לניקוי הידיים 70 % אלכוהול 20 יח',דן - מור חומרי טבע וכימי,IL,מגבונים לניקוי ידיים,יחידה,1.00,יחידה,false,1,12.90,12.90,true,1,
7290108354430,false,"כיף שמפו לשיקום והזנה,שמן קוקוס וקרטין 700 מ""ל",קוסמופארם בעמ,IL,שמפו כיף לשיקום והזנ,מיליליטרים,700.00,"100 מ""ל",false,1,12.90,1.84,true,1,
7290108354447,false,"מרכך כיף לשיקום והזנה שמן קוקוס וקרטין 700 מ""ל",גוד פוד פרודקטס S.p,IL,מרכך כיף לשיקום והזנ,מיליליטרים,700.00,"100 מ""ל",false,1,12.90,1.84,true,1,
7290108354751,false,"סנו - ג'ט מרסס לניקוי כללי בתוספת אבקת סודה 750 מ""ל","סנו מפעלי ברונוס בע""\מ",IL,מרסס סנו גט בתוספת ס,מיליליטרים,750.00,"100 מ""ל",false,1,13.90,1.85,true,1,
7290108354911,false,"שמפו, ג'ל רחצה וגילוח מועשר בתמצית אלוורה",טרופיקל דגיל תעשיות,IL,שמפו וגל רחצה קרמה מ,מיליליטרים,700.00,"100 מ""ל",false,1,20.90,2.99,true,1,
7290108355000,false,"נקה 7 שמפו לילדים מיניונים 750 מ""ל",אמיליה קוסמטיקס,,נקה 7 שמפו לילדים מי,מיליליטרים,750.00,"100 מ""ל",false,1,13.20,1.76,true,1,
7290108355031,false,"נקה 7 אל סבון לילדים מיניונים 750 מ""ל",אמיליה קוסמטיקס,,נקה 7 אל סבון לילדים,מיליליטרים,750.00,"100 מ""ל",false,1,14.90,1.99,true,1,
7290108355147,false,"תחליב רחצה שמני הזנה נקה 7 750 מ""ל",טרופיקל דגיל תעשיות קוסמ,,תחליב שמני הזנה נקה,מיליליטרים,750.00,"100 מ""ל",false,1,14.50,1.93,true,1,
7290108355154,false,"נקה 7 שמפו שמני הזנה 750 מ""ל","אמיליה קוסמטיקס בע""מ",,נקה 7 שמפו שמני הזנה,מיליליטרים,750.00,"100 מ""ל",false,1,14.50,1.93,true,1,
7290108355192,false,"מרכך קרטין אינטנס למניעת קשקשים נטורל פורמולה 400 מ""ל",נטורל פורמולה Natural Formula,,מרכך נ.פורמולה קרטין,מיליליטרים,400.00,"100 מ""ל",false,1,34.50,8.63,true,1,
7290108355260,false,"נקה 7-שמפו 3ב1 שמפו ג'ל רחצה וסבון פנים לגבר 750 מ""ל","אמיליה קוסמטיקס בע""מ",IL,שמפו+גל וסבון רחצה נ,מיליליטרים,750.00,"100 מ""ל",false,1,14.50,1.93,true,1,
7290108355802,false,"תחליב רחצה קרמה ורד ווניל 700 מ""ל",גוד פוד פרודקטס S.p,IL,תחליב רחצה קרמה ורד,מיליליטרים,700.00,"100 מ""ל",false,1,16.90,2.41,true,1,
7290108355963,false,"קרמה - בודי מיסט ורד ווניל 260 מ""ל",החברה הדרומית,,בודי מיסט קרמה ורד ו,מיליליטרים,260.00,"100 מ""ל",false,1,44.90,17.27,true,1,
7290108356106,false,כיף תחליב רחצה חלב שקדים 700 מל,החברה הדרומית,IL,תחליב רחצה כיף שקד 7,מיליליטרים,700.00,"100 מ""ל",false,1,13.50,1.93,true,1,
7290108356113,false,"כיף תחליב רחצה דבש 700 מ""ל-מרכז",החברה הדרומית,IL,תחליב רחצה כיף דבש 7,מיליליטרים,700.00,"100 מ""ל",false,1,13.50,1.93,true,1,
7290108356137,false,"כיף - תחליב רחצה לבנדר 700 מ""ל",קוסמופארם,IL,תחליב רחצה כיף לבנדר,מיליליטרים,700.00,"100 מ""ל",false,1,13.50,1.93,true,1,
7290108356151,false,"תחליב רחצה כיף מאסק יסמין 700 מ""ל",גוד פוד פרודקטס S.p,IL,תחליב רחצה כיף מאסק,מיליליטרים,700.00,"100 מ""ל",false,1,13.50,1.93,true,1,
7290108356175,false,כיף אל סבון אבטיח ומנטה 1 ליטר משאבה,טרופיקל דגיל תעשיות,IL,אל סבון כיף בניחוח א,ליטרים,0.00,ליטר,false,1,15.20,15.20,true,1,
7290108356199,false,אל סבון כיף בניחוח אפרסק ופלפל שחור 1 ל,טרופיקל דגיל תעשיות,IL,אל סבון כיף בניחוח א,ליטרים,0.00,ליטר,false,1,15.20,15.20,true,1,
7290108356229,false,ג'ל גילוח לכל סוגי העור מועשר בפחם פעיל,טרופיקל דגיל תעשיות,IL,גל גילוח קרמה קרבון,מיליליטרים,200.00,"100 מ""ל",false,1,13.50,6.75,true,1,
7290108356274,false,"כיף - מוס רחצה בניחוח תותים ושמנת 150 מ""ל",החברה הדרומית,IL,מוס רחצה כיף בניחוח,יחידה,1.00,יחידה,false,1,12.90,12.90,true,1,
7290108356298,false,"כיף - מוס רחצה בניחוח קרם עוגיות 150 מ""ל",החברה הדרומית,IL,מוס רחצה כיף בניחוח,יחידה,1.00,יחידה,false,1,12.90,12.90,true,1,
7290108356489,false,"כיף - תחליב רחצה אפרסק וחמאת מורומורו 700 מ""ל",החברה הדרומית,IL,תחליב רחצה כיף אפרסק,מיליליטרים,700.00,"100 מ""ל",false,1,13.50,1.93,true,1,
7290108356854,false,מגבונים לחים בניחוח עדין - 5 יחידות במארז,קוסמופארם בעמ,,מגבונים בייבי כיף חמ,Unknown,0.00,Unknown,false,1,21.90,21.90,true,1,
7290108356861,false,מגבוני בייבי כיף ללא בישום מארז חמישייה,קוסמופארם בעמ,,מגבונים בייבי כיף חמ,Unknown,0.00,Unknown,false,1,21.90,21.90,true,1,
7290108357042,false,"קרליין - נושם ביו דאודורנט רול און 75 מ""ל Citrus Blossoms לאישה","קוסמופארם בע""\מ",,קרליין דאו. רולאון נ,Unknown,0.00,Unknown,false,1,12.90,12.90,true,1,
7290108357059,false,"קרליין - נושם ביו דאודורנט רול און 75 מ""ל Secret Garden לאישה","קוסמופארם בע""\מ",,קרליין דאו. רולאון 7,Unknown,0.00,Unknown,false,1,12.90,12.90,true,1,
7290108357097,false,"קרליין - נושם ביו דאודורנט ספריי 150 מ""ל Velvet Rose לאישה",החברה הדרומית,,קרליין דאודורנט 150,מיליליטרים,200.00,"100 מ""ל",false,1,12.90,6.45,true,1,
7290108357189,false,"מבשם ומרכך למייבש הכביסה מקסימה פלורל 750 מ""ל סנו","סנו מפעלי ברונוס בע""\מ",IL,מבשם כביסה סנו מקסימ,מיליליטרים,750.00,"100 מ""ל",false,1,18.90,2.52,true,1,
7290108357226,false,"אוקסיגן POWER אבקה לכביסה לבנה והסרת כתמים 1.4 ק""ג סנו",החברה הדרומית,,אוקסיגן אבקה להסרת כ,יחידה,1.00,יחידה,false,1,33.90,33.90,true,1,
7290108357240,false,"אוקסיג'ן פאוור תוסף להסרת כתמים קשים 1.4 ק""ג",החברה הדרומית,,אוקסיגן אבקה להסרת כ,יחידה,1.00,יחידה,false,1,33.90,33.90,true,1,
7290108357295,false,"מרסס אוקסיג'ן מסיר כתמים סנו לכביסה לבנה 750 מ""ל",החברה הדרומית,,סנו אוקסיגן מסיר כתמ,מיליליטרים,750.00,"100 מ""ל",false,1,14.90,1.99,true,1,
7290108357301,false,"סנו - K300 קוטל חרקים תיקנים ונמלים 300 מ""ל","סנו מפעלי ברונוס בע""\מ",,"K-300 סנו 300 מ""ל",מיליליטרים,300.00,"100 מ""ל",false,1,13.90,4.63,true,1,
7290108357394,false,"תחליב רחצה קרמה חלב ודבש 700 מ""ל",קוסמופארם בע'\'\מ,,תחליב רחצה קרמה חלב,מיליליטרים,700.00,"100 מ""ל",false,1,16.90,2.41,true,1,
7290108357493,false,"תחליב רחצה קרמה וניל ופלפל ורוד 700 מ""ל",גוד פוד פרודקטס S.p,,תחליב רחצה קרמה וניל,מיליליטרים,700.00,"100 מ""ל",false,1,16.90,2.41,true,1,
7290108357516,false,"קרמה - סבון ידיים וניל ופלפל ורוד 500 מ""ל",קרמה,IL,סבון ידיים קרמה וניל,מיליליטרים,500.00,"100 מ""ל",false,1,16.90,3.38,true,1,
7290108357653,false,סנובון ג'ל לאסלה שלישיה בניחוח אוקיינוס,סנו סנובון,,סנובון שלישיה בניחוח,Unknown,0.00,Unknown,false,1,16.90,16.90,true,1,
7290108357660,false,סנובון Bubbles שלישיית כדוריות ג'ל אסלה ניחוח לבנדר,סנו סנובון,,סנובון שלישיה בניחוח,Unknown,0.00,Unknown,false,1,16.90,16.90,true,1,
7290108357707,false,"כיף שמפו לשיער רגיל- תפוח זרעי צ'יה 700 מ""ל",גוד פוד פרודקטס S.p,IL,שמפו כיף לשיער רגיל,מיליליטרים,700.00,"100 מ""ל",false,1,12.90,1.84,true,1,
7290108357714,false,"כיף שמפו לשיער יבש -רימונים ושמן ארגן 700 מ""ל",גוד פוד פרודקטס S.p,IL,שמפו כיף לשיער יבש ר,מיליליטרים,700.00,"100 מ""ל",false,1,12.90,1.84,true,1,
7290108357745,false,"כיף שמפו ומרכך 700 מ""ל 2ב-1 תאנה ומנטה",גוד פוד פרודקטס S.p,IL,שמפו+מרכך כיף תאנה ו,מיליליטרים,700.00,"100 מ""ל",false,1,12.90,1.84,true,1,
7290108357769,false,"מרכך לשיער רגיל תפוח וזרעי צ'יה 700 מ""ל כיף",גוד פוד פרודקטס S.p,IL,מרכך כיף לשיער רגיל,מיליליטרים,700.00,"100 מ""ל",false,1,12.90,1.84,true,1,
7290108357776,false,"כיף מרכך לשיער יבש -רימונים ושמן ארגן 700 מ""ל",גוד פוד פרודקטס S.p,IL,מרכך כיף לשיער יבש ר,מיליליטרים,700.00,"100 מ""ל",false,1,12.90,1.84,true,1,
7290108357837,false,כיף אל סבון 1 ליטר ג'נסינג שקית מילוי + פקק,"קוסמופארם בע""\מ",IL,כיף אלסבון שקית מילו,Unknown,0.00,Unknown,false,1,10.90,10.90,true,1,
7290108357844,false,כיף אל סבון 1 ליטר אצות ים שקית מילוי + פקק,"קוסמופארם בע""\מ",IL,כיף אלסבון שקית מילו,Unknown,0.00,Unknown,false,1,10.90,10.90,true,1,
7290108358094,false,"קרמה - תחליב רחצה חמאת שיאה וקוקוי 500 מ""ל","קוסמופארם בע""\מn\",,קרמה תחליב רחצה שיאה,Unknown,0.00,Unknown,false,1,12.90,12.90,true,1,
7290108358100,false,"פרש הום מקלות ריחניים בייבי בבקבוק 100 מ""ל",סנו fresh,,פרש הום מקלות בישום,יחידה,1.00,יחידה,false,1,21.90,21.90,true,1,
7290108359015,false,סושי שקיות זיפר עם סליידר 20 יח מדיום,החברה הדרומית,IL,M סנו שקית זיפר 20 י,יחידה,1.00,יחידה,false,1,16.20,16.20,true,1,
7290108359039,false,שקיות אשפה עם ידיות סנו סושי לפחים 30 יחידות,סנאט גרופ,,שקיות אשפה סנו 30 יח,Unknown,0.00,Unknown,false,1,21.90,21.90,true,1,
7290108359077,false,סנו - סופט לושן ממחטות אף בקופסא 3 שכבות 120 יח',"סנו מפעלו ברונוס בע""\מ",IL,ממחטות אף סופט לושן,יחידה,1.00,יחידה,false,1,14.60,14.60,true,1,
7290108359084,false,סנו סושי כיסוי ניילון עם גומי 30 יחידות M,תאיזו ווילד,IL,סושי כיסוי עם גומי מ,Unknown,0.00,Unknown,false,1,11.90,11.90,true,1,
7290108359091,false,סנו סושי כיסוי ניילון עם גומי 30 יחידות L,תאיזו ווילד,IL,סושי כיסוי עם גומי ל,Unknown,0.00,Unknown,false,1,11.90,11.90,true,1,
7290108359114,false,סנו סושי – 10 חמגשית אלומיניום עם מכסה,סנו סושי,,סושי חמגשית + מכסה 1,יחידה,1.00,יחידה,false,1,11.90,11.90,true,1,
7290108359152,false,"תבנית אלומיניום עגולה 25 ס""מ -6 יחי סנו סושי",סנו סושי,IL,"תבניות עגולות 25 ס""מ",Unknown,0.00,Unknown,false,1,11.90,11.90,true,1,
7290108359169,false,"תבנית אלומיניום עגולה 628 ס""מ יחי סנו סושי",סנו סושי,IL,"תבניות עגולות 28 ס""מ",Unknown,0.00,Unknown,false,1,11.90,11.90,true,1,
7290108359831,false,"כיף - בייבי כיף שמן 500 מ""ל","מיוצר ומשווק ע""י קוס",IL,שמן גוף בייבי כיף 50,מיליליטרים,500.00,"100 מ""ל",false,1,21.90,4.38,true,1,
7290108359893,false,"תחליב רחצה בייבי כיף+משאבה 750 מ""ל",גוד פוד פרודקטס S.p,IL,תחליב רחצה בייבי כיף,מיליליטרים,750.00,"100 מ""ל",false,1,15.90,2.12,true,1,
7290108359985,false,סנו - ז'אוול מרסס קצף לניקוי וחינו בניחוח פריחה לבנה 1 ליטר,סנו ז'אוול Javel,,סנו זאוול מרסס פריחה,מיליליטרים,1000.00,"100 מ""ל",false,1,18.90,1.89,true,1,
7290108500677,false,כבד דג שיבוט בשמן דג וילי פוד 115 גרם,"איטיליאן פוד, אס.פי.",,כבד דג שיבוט בשמן הד,גרמים,115.00,100 גרם,false,1,11.40,9.91,true,1,
7290108501346,false,גבינה מגורדת גאודה 28% שומן EURO CHEESE ויליפוד 500 גרם,ג. וילי פוד אינטרנשיונל,,גבינה גאודה מגורדת 2,גרמים,500.00,100 גרם,false,1,24.90,4.98,true,1,
7290108501391,false,גבינה חצי קשה חלב עיזים פרוס 150 גר,ג.וילי פוד אינטרנשיונל ב,IL,גבינת עיזים חצי קשה,גרמים,150.00,100 גרם,false,1,22.90,15.27,true,1,
7290108501490,false,גבינה מוצרלה פרוסות ו.פוד 150ג',ג.וילי פוד אינטרנשיונל ב,,מוצרלה פרוסות 150 גר,גרמים,150.00,100 גרם,false,1,15.60,10.40,true,1,
7290108501827,false,קדאיף שערות בצק ויליפוד 450 גרם,הנסיך- מפעל לייצור ט,,קדאיף שערות בצק 450,גרמים,450.00,100 גרם,false,1,26.50,5.89,true,1,
7290108501964,false,חטיף אגוזים וצימוקים הפי נאטס מארז 35X4ג',ואמראליס,,הפי נוטס חטיף אגוזים,גרמים,140.00,100 גרם,false,1,12.90,9.21,true,1,
7290108501988,false,חטיף שקדים וחמוציות הפי נוטס מארז 35X4ג',ואמראליס,,הפי נוטס חטיף שקדים,גרמים,140.00,100 גרם,false,1,12.90,9.21,true,1,
7290108502725,false,גבינת גאודה פרוסות ויליפוד 400 גרם,ג.וילי פוד אינטרנשיונל ב,IL,גבינת גאודה פרוסות 4,גרמים,400.00,100 גרם,false,1,19.90,4.98,true,1,
7290108502763,false,גבינת קממבר ויליפוד 200 גרם,פטוראז',FR,גבינה קממבר 200 גר,גרמים,200.00,100 גרם,false,1,20.90,10.45,true,1,
7290108503043,false,תפוחונים חטיף פלחים מיובשים מארז 22X4ג',הביי דונגפנג פוד קו. בעמ,CN,מארז תפוחונים 4 * 22,גרמים,88.00,100 גרם,false,0,14.90,16.93,true,1,
7290108503067,false,פרמז'נו משולש ויליפוד 150 גרם,וילי פוד,,פרמזנו משולש 150 גרם,גרמים,150.00,100 גרם,false,1,16.70,11.13,true,1,
7290108503692,false,פיצה מרגריטה ויליפוד 380 גרם,מוטלוקל גידה סאנאי טיקרט,IT,פיצה מרגריטה 380 גר,גרמים,380.00,100 גרם,false,1,15.90,4.18,true,1,
7290108503708,false,פיצה עם פטריות ויליפוד 390 גרם,מוטלוקל גידה סאנאי ט,IT,פיצה עם פטריות 390 ג,גרמים,390.00,100 גרם,false,1,15.90,4.08,true,1,
7290108503715,false,פיצה עם זיתים ויליפוד 385 גרם,מוטלוקל גידה סאנאי טיקרט,IT,פיצה עם זיתים 385 גר,גרמים,385.00,100 גרם,false,1,15.90,4.13,true,1,
7290108503814,false,גבינה מותכת למריחה 200 גרם,לוטס,FI,גבינה מותכת ויאולה,גרמים,200.00,100 גרם,false,1,12.50,6.25,true,1,
7290108504002,false,פרוסות גבינה בטעם צ'דר לכריכים וטוסטים ויליפוד 150 גרם,Euro יורו מחלבות אירופה,ES,פרוסות גבינה לייט 9%,גרמים,150.00,100 גרם,false,1,12.90,8.60,true,1,
7290108504378,false,גבינת שמנת עם זיתים ויליפוד 200 גרם,אטלסר&אלפרי קאסורק,DE,גבינת שמנת עם זיתים,גרמים,200.00,100 גרם,false,1,13.50,6.75,true,1,
7290108504385,false,גבינת שמנת עם חלפיניו ויליפוד 200 גרם,Euro יורו מחלבות אירופה,DE,גבינת שמנת עם חלפיני,גרמים,200.00,100 גרם,false,1,13.50,6.75,true,1,
7290108504699,false,רביעיית טונה בשמן קנולה פתח קל ויליפוד 4*160 גרם,גולדן פרייז קאנינג אל טי,TH,רביעית טונה בשמן קנו,גרמים,640.00,100 גרם,false,1,19.90,3.11,true,1,
7290108505375,false,גולדן צהובה פרוסה ויליפוד 400 גרם,,,צהובה פרוסה גולדן 4,גרמים,400.00,100 גרם,false,1,19.90,4.98,true,1,
7290108505689,false,גבינת גרנה פדנו מגורדת ויליפוד 100 גרם,זנאטי,IT,גבינת גרנה פדנו מגור,גרמים,100.00,100 גרם,false,1,11.40,11.40,true,1,
7290108505719,false,גבינת מוצרלה מגורדת EURO CHEESE ויליפוד 200 גרם,יורו צ'יז Euro Cheese,TR,גבינת קשקבל חצי קשה,גרמים,200.00,100 גרם,false,0,12.90,6.45,true,1,
7290108505726,false,אצבעות גבינת חצי קשה EURO CHEESE ויליפוד 200 גרם,סאסו פטוראגס קומטויס אף,TR,אצבעות גבינה חצי קשה,גרמים,200.00,100 גרם,false,0,12.90,6.45,true,1,
7290108505733,false,צמות-גבינה חצי קשה 25% שומן 200 גרם,סאסו פטוראגס קומטויס אף,TR,גבינה צמות חצי קשה,גרמים,200.00,100 גרם,false,0,12.90,6.45,true,1,
7290108505962,false,שזיפים מיובשים וילי פוד 400 גרם,,US,שזיפים מיובשים וילי,גרמים,400.00,100 גרם,false,1,24.90,6.23,true,1,
7290108506488,false,סופלה שוקולד קפוא ויליפוד 200 גרם,ארמה גרופ,TR,סופלה שוקולד קפוא 20,גרמים,200.00,100 גרם,false,1,16.90,8.45,true,1,
7290108506495,false,"כנאפה מאפה בצק ""שערות"" קדאיף וגבינה",ארמה גרופ,TR,כנאפה קפוא 192.5 גרם,גרמים,193.00,100 גרם,false,1,16.70,8.65,true,1,
7290108506518,false,אצבעות בצק פילו ממולאות גבינה ותרד 500 ג' ויליפוד,סיהאן גידה,,אצבעות בצק פילו ממול,גרמים,500.00,100 גרם,false,1,17.90,3.58,true,1,
7290108506969,false,מאפה בורקס מים תורכי גבינה ויליפוד 300 גרם,וילי פוד,TR,בורקס מים תורכי 300,גרמים,300.00,100 גרם,false,1,18.80,6.27,true,1,
7290108507065,false,גבינת פרמג'אנו רגיאנו מגורדת ויליפוד 100 גרם,זנאתי,IT,גבינת פרמגיאנו רגיאנ,גרמים,100.00,100 גרם,false,1,16.70,16.70,true,1,
7290108507645,false,ביסקויט פריך בשוקולד מריר 100 גרם -קהילות,מודרן צ'יקולטה,TR,ביסקויט פריך בשוקולד,גרמים,100.00,100 גרם,false,1,6.90,6.90,true,1,
7290108508499,false,"איירן משקה יוגורט בסגנון טורקי יורו 293 מ""ל",Euro יורו מחלבות אירופה,TR,איירן משקה יוגורט בס,מיליליטרים,293.00,"100 מ""ל",false,1,6.50,2.22,true,1,
7290108508765,false,קונכיות פתיתים ויליפוד 400גרם,וילי פוד,TR,קונכיות פתיתים 400גר,גרמים,400.00,100 גרם,false,1,6.90,1.73,true,1,
7290108508772,false,קונכיות פתיתים עם תרד 400 גרם,וילי פוד,TR,קונכיות פתיתים עם תר,גרמים,400.00,100 גרם,false,1,6.90,1.73,true,1,
7290108508888,false,ביסקוויטים פתי בר ויליפוד 500 ג',ארגון ציקולאטה,,ביסקוויטים פתי בר וי,גרמים,500.00,100 גרם,false,1,6.50,1.30,true,1,
7290108508970,false,וילי פוד תה ג'רבה 50,אוסוואלדי קרוז בואנס,,תה גרבה 500 גרם,גרמים,500.00,100 גרם,false,1,23.90,4.78,true,1,
7290108509106,false,"גבינה בולגרית מעודנת בקוביות 13% שומן 200 ג' חת""ס פ""ת","היצרן: קוליוס אס. איי, ג",,גבינה בולגרית מעודנת,גרמים,200.00,100 גרם,false,1,12.90,6.45,true,1,
7290108509113,false,"גבינה בולגרית מעודנת 18% שומן 250 גרם חת""ס פ""ת",Euro יורו מחלבות אירופה,,גבינה בולגרית מעודנת,גרמים,250.00,100 גרם,false,1,12.90,5.16,true,1,
7290108509205,false,ויליפוד חטיף אורז אפוי בטעם טבעי לתינוקות 50 גר',נמצ'או,TH,חטיף אורז אפוי טבעי,גרמים,50.00,100 גרם,false,1,12.90,25.80,true,1,
7290108509212,false,ויליפוד חטיף אורז אפוי בטעם ירקות לתינוקות 50 גר',נמצ'או,TH,חטיף אורז אפוי טעם י,גרמים,50.00,100 גרם,false,1,12.90,25.80,true,1,
7290108509359,false,פופקורן בציפוי בטעם קרמל ויליפוד 90 גרם,סנרו ס.א,UA,פופקורן בציפוי בטעם,גרמים,90.00,100 גרם,false,1,8.30,9.22,true,1,
7290108509571,false,גבינה פטה 24% עם צ'ילי ופפריקה 153 גרם ויליפוד,,,גבינה מלוחה עם צילי,גרמים,153.00,100 גרם,false,1,17.90,11.70,true,1,
7290108509588,false,גבינה פטה 24% עם עשבי תיבול 153 גרם ויליפוד,,,גבינה מלוחה עם עשבי,גרמים,153.00,100 גרם,false,1,17.90,11.70,true,1,
7290108509700,false,"אורז פרסי DAAWAT מהדרין 1 ק""ג",אל.טי.פודס לימיטד,IN,"אורז פרסי 1 ק""ג DAAW",גרמים,1000.00,100 גרם,false,1,10.40,1.04,true,1,
7290108509755,false,EURO גבינת חלומי 23% שומן 250 גרם,סאסו פטוראגס קומטויס אף,,גבינה חלומי 250 גרם,גרמים,250.00,100 גרם,false,1,24.90,9.96,true,1,
7290108509816,false,גבינת בייבי מוצרלה EURO CHEESE ויליפוד 200 גרם,אונטד גידה,,גבינת בייבי מוצרלה 2,גרמים,200.00,100 גרם,false,0,16.70,8.35,true,1,
7290108509908,false,"מנת השף בשקית-איטריות בטעם ירקות 85 ג' חתם סופר ב""ב",וילי פוד - מנת השף,TH,אטריות להכנה מהירה ב,גרמים,85.00,100 גרם,false,1,3.90,4.59,true,1,
7290108509915,false,"מנת השף בשקית-איטריות בטעם סיני פיקנטי 85 ג' חתם סופר ב""ב",וילי פוד - מנת השף,TH,אטריות להכנה מהירה ס,גרמים,85.00,100 גרם,false,1,3.90,4.59,true,1,
7290108509922,false,מנתהשף אטריות להכנה מהירה טעם עוף ויליפוד 85 גרם,וילי פוד - מנת השף,TH,אטריות להכנה מהירה ב,גרמים,85.00,100 גרם,false,1,3.90,4.59,true,1,
7290108509939,false,פרוסות פילה טונה בשמן זית כתית מעולה,וילי פוד,,פרוסות פילה טונה 120,גרמים,120.00,100 גרם,false,1,12.90,10.75,true,1,
7290108509960,false,נתחי טונה בהירה בשמן זית כתית מעולה - מארז 3 יח',וילי פוד,,נתחי טונה בהירה בשמן,גרמים,240.00,100 גרם,false,1,14.90,6.21,true,1,
7290109351025,false,מלך החומוס חומוסטחינה 40% טחינה גולמית,סלטי צבר,,מלך חומוס חומוסטחינה,גרמים,400.00,100 גרם,false,1,16.70,4.18,true,1,
7290109351971,false,פריכיות דגנים פיטנס מצופות שוקולד חלב,פרח תעשיות,,פיטנס בר פריכיות שוק,גרמים,84.00,100 גרם,false,1,12.90,15.36,true,1,
7290109352916,false,פריכיות דגנים פיטנס מצופות שוקולד לבן,פרח תעשיות,,פיטנס בר פריכיות שוק,גרמים,84.00,100 גרם,false,1,12.90,15.36,true,1,
7290109353494,false,פסטה פרפקטו פארפאלה 500ג' אסם,אסם פרפקטו Perfecto,,פרפקטו פארפאלה 500,גרמים,500.00,100 גרם,false,1,7.90,1.58,true,1,
7290109354057,false,קרחון לה פרוטה שרבט אננס תפוז מאגדת 5 יח',תות תעשיות מזון (201,,מאגדת לה פרוטה תפוז,Unknown,0.00,Unknown,false,1,27.50,27.50,true,1,
7290109580036,false,"שניצל תירס 1.25 ק""ג זוגלובק",,,"שניצל תירס 1.25 ק""ג",גרמים,1250.00,100 גרם,false,1,37.90,3.03,true,1,
7290109580050,false,נקניקיות צ'וריסוס וונדרס 0% בשר טבעוני ללא גלוטן,"וונדרס ע""י זוגלובק 2000",,נקניקיות צוריסוס,גרמים,226.00,100 גרם,false,1,36.50,16.15,true,1,
7290109580234,false,"נקניקיות מרגז חריפות וונדרס 0% בשר, טבעוני",זוגלובק וונדרס Wonders,,נקניקיות מרגז wonder,גרמים,226.00,100 גרם,false,1,35.50,15.71,true,1,
7290109580319,false,"בורגר וונדרס 0% בשר , טבעוני",זוגלובק וונדרס Wonders,,בורגר wonders 280 גר,גרמים,280.00,100 גרם,false,1,35.50,12.68,true,1,
7290109580449,false,סלמי בטעם כמהין פרימיום זוגלובק 180 גרם,זוגלובק,,סלמי בטעם כמהין 180,גרמים,160.00,100 גרם,false,1,23.90,14.94,true,1,
7290109608532,false,כוס אקריליק TOGO,,,כוס אקריליק TOGO,קילוגרמים,0.00,"ק""ג",false,1,39.90,39.90,true,1,
7290109640020,false,גוש טבעוני בטעם מוצרלה 300 גרם,וי גרדן,,גוש טבעוני בטעם מוצר,גרמים,300.00,100 גרם,false,1,22.90,7.63,true,1,
7290109640198,false,מגורדת לפיצה ולאפיה 20% שומן 200 גרם - משומשו,וי גרדן,IL,מגורדת לפיצה ואפיה 2,גרמים,200.00,100 גרם,false,1,19.90,9.95,true,1,
7290109640785,false,מאפה בצק פילאס טבעוני במילוי בסגנון פיצה,סנו מפעלי ברונוס.,,מאפה פילאס בסגנון פי,גרמים,600.00,100 גרם,false,1,26.90,4.48,true,1,
7290109920061,false,ספריי מסיר מדבקות שומן וחומרים נדבקים,ריינבו,,ספריי מסיר מדבקות שו,יחידה,1.00,יחידה,false,1,29.90,29.90,true,1,
7290109920146,false,"דורגול מסיר אבנית מקומקומים 750 מ""ל",יעקובי דורגול,,דורגול מסיר אבנית 75,מיליליטרים,750.00,"100 מ""ל",false,1,22.50,3.00,true,1,
7290109920153,false,"מלבין לכביסה לבנה לובן צח, 790 גרם יעקבי",יעקובי,,מלבין כביסה לבנה יעק,גרמים,790.00,100 גרם,false,1,30.30,3.84,true,1,
7290109920313,false,"אסטוניש מרסס לניקוי חלונות 750 מ""ל",יעקבי- אסטוניש Astonish,,מרסס מבריק שמשות אסט,מיליליטרים,750.00,"100 מ""ל",false,1,19.80,2.64,true,1,
7290109920597,false,"אסטוניש - מרסס לניקוי המקלחון 750 מ""ל",יעקבי- אסטוניש Astonish,,מרסס למקלחון אסטוניש,מיליליטרים,750.00,"100 מ""ל",false,1,19.80,2.64,true,1,
7290109920740,false,הפי מרכך כביסה מרוכז 1 ליטר לבנדר,יעקובי הפי,,מרכך כביסה מרוכז לבנ,מיליליטרים,1000.00,"100 מ""ל",false,1,14.90,1.49,true,1,
7290109920757,false,מרכך כביסה מרוכז ורדים הפי 1 ליטר,יעקובי הפי,,מרכך כביסה מרוכז ורד,מיליליטרים,1000.00,"100 מ""ל",false,1,14.90,1.49,true,1,
7290109920825,false,צמד-דורגול אספרסו + דורגול מקציף חלב מתנה,יעקובי דורגול,CH,נ.ניקוי דורגול לנ.מכ,מיליליטרים,500.00,"100 מ""ל",false,1,31.50,6.30,true,1,
7290109920849,false,"אסטוניש - מרסס לניקוי כללי בניחוח תפוז 750 מ""ל",יעקבי- אסטוניש Astonish,,מרסס תפוז לניקוי רב,מיליליטרים,750.00,"100 מ""ל",false,1,19.80,2.64,true,1,
7290109920887,false,גל כביסה הפי מיוחד לכביסה ביד צמר ומשי,יעקובי הפי,,גל כביסה הפי מיוחד ל,מיליליטרים,1000.00,"100 מ""ל",false,1,15.30,1.53,true,1,
7290109920917,false,"ג'ל לניקוי אסלה עם כלור הפי 750 מ""ל",וונדפוט,,הפי גל לאסלות עם כלו,מיליליטרים,750.00,"100 מ""ל",false,1,10.90,1.45,true,1,
7290109921129,false,מרכך כביסה סופר מרוכז בניחות סיגליות 1 ל' יעקבי,יעקובי הפי,,מרכך כביסה סופר מרוכ,מיליליטרים,1000.00,"100 מ""ל",false,1,14.90,1.49,true,1,
7290109921280,false,נוזל ניקוי רצפות הפי גל דה לין 3 ל,יעקובי,BE,נוזל ניקוי רצפות הפי,ליטרים,0.00,ליטר,false,1,25.90,25.90,true,1,
7290109921334,false,אידיאל פרוטקט יעקבי 15 דפי כביסה,יעקובי,ES,דפי כביסה אידיאל 15,Unknown,0.00,Unknown,false,1,18.80,18.80,true,1,
7290109921853,false,אסטוניש המשחה המקורית לניקוי עם עוצמה,יעקבי- אסטוניש Astonish,GB,משחה לניקוי עם עוצמה,גרמים,150.00,100 גרם,false,1,18.50,12.33,true,1,
7290109921952,false,ג'ל כביסה סופרו אקטיב יעקובי ירוק 2.5 ליטר,וונדפוט,,גל כביסה סופר אקלור,ליטרים,0.00,ליטר,false,1,24.90,24.90,true,1,
7290109921976,false,ג'ל כביסה סופרו אקטיב יעקובי לבן 2.5 ליטר,וונדפוט,,גל כביסה תינוק סופר,ליטרים,0.00,ליטר,false,1,24.90,24.90,true,1,
7290109922843,false,האקונומיקה המובילה באירופה נוסחה ייחודית מרוכז 2 ל,,,אקונומיקה נוסחה עוצמ,יחידה,1.00,יחידה,false,1,11.90,11.90,true,1,
7290109922911,false,דזיטול חיטוי נעליים מפטריות חיידקים וריחות 150מל,מרקה,,דזיטול חיטוי נעליים,Unknown,0.00,Unknown,false,1,19.90,19.90,true,1,
7290109923130,false,מדליק לפחמים קוביות הפי 24 יח',דה טורן,,מדליק פחמים הפי קובי,Unknown,0.00,Unknown,false,1,14.60,14.60,true,1,
7290109923147,false,אסטוניש מהדורה פרימיום פלא של אקונומיקה,יעקבי- אסטוניש Astonish,IL,אסטוניש מהדורה פרימי,Unknown,1.00,Unknown,false,1,14.90,14.90,true,1,
7290110110277,false,"סומרסבי סיידר תפוחים אלכוהולי 4*300 מ""ל","קרלסברג קרואטיה , יב",,סומרסבי סיידר תפוחים,מיליליטרים,1320.00,"100 מ""ל",false,1,27.90,2.11,true,1,
7290110110352,false,"בירה קרלסברג 0.0 בק 330 מ""ל",קרלסברג רומניהיבואן:,IL,בירה קרלסברג 0.0 בק,מיליליטרים,330.00,"100 מ""ל",false,1,5.00,1.52,true,1,
7290110110369,false,"שישייה בירה קרלסברג LUMA בקבוק 330 מ""ל",מבשלות בירה בינלאומיות ב,IL,שישיית בירה קרלסברג,מיליליטרים,1980.00,"100 מ""ל",false,1,34.90,1.76,true,1,
7290110111557,false,"משקה ספורט איזוטוני בטעם פירות 500 מ""ל פאוורייד",פאווראייד POWERADE,,פאוור אייד מאונטן בל,מיליליטרים,500.00,"100 מ""ל",false,1,11.90,2.38,true,1,
7290110111564,false,"משקה ספורט איזוטוני בטעם הדרים ליין 500 מ""ל פאוורייד",פאווראייד POWERADE,,פאוורייד משקה ספורט,מיליליטרים,500.00,"100 מ""ל",false,1,11.90,2.38,true,1,
7290110113261,false,נקטר חמוציות 19 קלוריות SPRAY OCEAN פריגת 1 ליטר,קריות זול,,נקטר אושן ספריי חמוצ,מיליליטרים,1000.00,"100 מ""ל",false,1,11.90,1.19,true,1,
7290110113476,false,בירה קרלסברג ללא אלכוהול - שישייה,קרלסברג רומניהn\יבואן:מב,IL,שישיית בירה קרלסברג,מיליליטרים,1980.00,"100 מ""ל",false,1,30.90,1.56,true,1,
7290110113605,false,בירה שקמה אי פי איי,מבשלות בירה בינלאומי,,"בירה שקמה 330 מ""ל",מיליליטרים,330.00,"100 מ""ל",false,1,12.90,3.91,true,1,
7290110113629,false,"בירה שקמה אייל ענברי בק 330 מ""ל",מבשלות בירה בינלאומי,,בירה שקמה אייל ענברי,מיליליטרים,330.00,"100 מ""ל",false,1,12.90,3.91,true,1,
7290110114787,false,נביעות+ מים מינרליים בטעם תפוח 1.5 ליטר,נביעות טבע הגליל בעמ,IL,מים נביעות בטעם תפו,ליטרים,0.00,ליטר,false,1,9.50,9.50,true,1,
7290110114794,false,נביעות+ מים מינרליים בטעם אפרסק 1.5 ליטר,"נביעות טבע הגליל בע""\מ ,",IL,מים נביעות 1.5 ליטר,ליטרים,0.00,ליטר,false,1,9.50,9.50,true,1,
7290110114800,false,נביעות+ מים מינרליים בטעם ענבים 1.5 ליטר,פארייפאבה אגרואינדוס,IL,מים נביעות בטעם ענבי,ליטרים,0.00,ליטר,false,1,9.50,9.50,true,1,
7290110114855,false,"נביעות מים מינרליים, שישיה 6 * 1.5 ליטר פקדון",נביעות טבע הגליל בעמ,IL,שישיית מים נביעות,ליטרים,0.01,ליטר,false,1,12.70,1270.00,true,1,
7290110114879,false,מים נביעות מוגז שישי,נביעות טבע,IL,שישייה נביעות PET מ,ליטרים,0.01,ליטר,false,1,16.50,1650.00,true,1,
7290110114893,false,מיץ סחוט תפוז פריגת 2 ליטר,היינץ צפון אמריקה מק,,פריגת סחוט טרי תפוז,ליטרים,0.00,ליטר,false,1,23.90,23.90,true,1,
7290110114954,false,מיץ תפוזים מתקתקים 100% 2 ל' פריגת,פריגת מצוננים,,מיץ תפוזים מתקתק 100,ליטרים,0.00,ליטר,false,1,21.40,21.40,true,1,
7290110114961,false,משקה קל תפוזים פריגת 1.5 ליטר,מבשלות בירה בינלאומיות ב,IL,פריגת תפוזים 1.5 ליט,ליטרים,0.00,ליטר,false,1,8.90,8.90,true,1,
7290110114985,false,משקה קל אשכוליות פריגת 1.5 ליטר,מבשלות בירה בינלאומיות ב,IL,פריגת אשכוליות 1.5 ל,ליטרים,0.00,ליטר,false,1,8.90,8.90,true,1,
7290110114992,false,משקה קל לייט אשכוליות פריגת 1.5 ליטר,מבשלות בירה בינלאומיות ב,IL,פריגת דיאט אשכוליות,ליטרים,0.00,ליטר,false,1,8.50,8.50,true,1,
7290110115005,false,משקה קל ענבים פריגת 1.5 ליטר,מבשלות בירה בינלאומיות ב,IL,פריגת ענבים 1.5 ליטר,ליטרים,0.00,ליטר,false,1,8.90,8.90,true,1,
7290110115029,false,"פריגת משק""ל תפוח 1.5 ליטר פיקדון",מבשלות בירה בינלאומיות ב,IL,פריגת תפוחים 1.5 ליט,ליטרים,0.00,ליטר,false,1,8.90,8.90,true,1,
7290110115036,false,משקה קל מנגו פריגת 1.5 ליטר,מבשלות בירה בינלאומיות ב,IL,פריגת מנגו 1.5 ליטר,ליטרים,0.00,ליטר,false,1,8.90,8.90,true,1,
7290110115043,false,משקה קל לימונענע פריגת 1.5 ליטר,מבשלות בירה בינלאומיות ב,IL,פריגת לימונענע 1.5 ל,ליטרים,0.00,ליטר,false,1,8.90,8.90,true,1,
7290110115050,false,פריגת מיקס תות בננה 1.5 ליטר פיקדון,מבשלות בירה בינלאומיות ב,IL,פריגת מיקס תות בננה,ליטרים,0.00,ליטר,false,1,8.90,8.90,true,1,
7290110115081,false,פריגת צלול ענבים 1.5 ליטר פיקדון,"מבשלות בירה לישראל בע""\מ",IL,פריגת צלול ענבים 1.5,ליטרים,0.00,ליטר,false,1,8.70,8.70,true,1,
7290110115104,false,פריגת צלול אפרסק 1.5 ליטר פיקדון,מבשלות בירה בינלאומיות ב,IL,פריגת צלול אפרסק 1.5,ליטרים,0.00,ליטר,false,1,8.70,8.70,true,1,
7290110115111,false,פריגת צלול אננס 1.5 ליטר פיקדון,"מבשלות בירה לישראל בע""\מ",IL,פריגת צלול אננס 1.5,ליטרים,0.00,ליטר,false,1,8.70,8.70,true,1,
7290110115128,false,פריגת צלול בטעם לימונענע 1.5 ליטר פיקדון,"מבשלות בירה לישראל בע""\מ",IL,פריגת צלול לימונענע,ליטרים,0.00,ליטר,false,1,8.70,8.70,true,1,
7290110115203,false,קוקה קולה 1.5 ליטר פיקדון,החברה המרכזית לייצור משק,IL,קוקה קולה 1.5 ליטר,ליטרים,0.00,ליטר,false,1,8.90,8.90,true,1,
7290110115210,false,דיאט קוקה קולה 1.5 ליטר פיקדון,החברה המרכזית לייצור משק,IL,קוקה קולה דיאט 1.5 ל,ליטרים,0.00,ליטר,false,1,8.50,8.50,true,1,
7290110115227,false,קוקה-קולה זירו בקבוק 1.5 ליטר,החברה המרכזית לייצור משק,IL,קוקה קולה 1.5 ליטר,ליטרים,0.00,ליטר,false,1,8.50,8.50,true,1,
7290110115234,false,קוקה-קולה זירו נטול בקבוק 1.5 ליטר,החברה המרכזית לייצור משק,IL,קולה ZERO נטול 1.5 ל,ליטרים,0.00,ליטר,false,1,8.50,8.50,true,1,
7290110115241,false,קוקה-קולה זירו לימון בקבוק 1.5 ליטר,החברה המרכזית לייצור משק,IL,קולה ZERO לימון 1.5,ליטרים,0.00,ליטר,false,1,8.50,8.50,true,1,
7290110115265,false,ספרייט לימון ליים 1.5 ליטר-,החברה המרכזית לייצור משק,IL,ספרייט לימון- ליים 1,ליטרים,0.00,ליטר,false,1,8.90,8.90,true,1,
7290110115272,false,ZERO ספרייט 1.5 ליטר פיקדון,החברה המרכזית לייצור משק,IL,ספרייט ZERO בקבוק 1.,ליטרים,0.00,ליטר,false,1,8.90,8.90,true,1,
7290110115289,false,ספרייט 19 קל' לימון-נענע 1.5 ליטר פיקדון,החברה המרכזית לייצור משק,IL,ספרייט לימון- נענע 1,ליטרים,0.00,ליטר,false,1,8.90,8.90,true,1,
7290110115296,false,משקה מוגז אורנג' פאנטה 1.5 ליטר,החברה המרכזית לייצור משק,IL,פאנטה אורנג 1.5 ליטר,ליטרים,0.00,ליטר,false,1,8.90,8.90,true,1,
7290110115302,false,משקה מוגז אורנג' זירו פאנטה 1.5 ליטר,החברה המרכזית לייצור משק,IL,פאנטה ZERO אורנג 1.5,ליטרים,0.00,ליטר,false,1,8.90,8.90,true,1,
7290110115319,false,פאנטה אקזוטיק 1.5 ליטר פיקדון,החברה המרכזית לייצור משק,IL,פאנטה אקזוטיק 1.5 לי,ליטרים,0.00,ליטר,false,1,8.90,8.90,true,1,
7290110115333,false,פאנטה תות 1.5 ליטר פיקדון,החברה המרכזית לייצור משק,IL,פאנטה תות 1.5 ליטר,ליטרים,0.00,ליטר,false,1,8.90,8.90,true,1,
7290110115340,false,פאנטה ענבים 1.5 ליטר פיקדון,החברה המרכזית לייצור משק,IL,פאנטה ענבים 1.5 ליטר,ליטרים,0.00,ליטר,false,1,8.90,8.90,true,1,
7290110115364,false,קוקה קולה שישיות 1.5 ליטר פיקדון,החברה המרכזית לייצור משק,IL,קוקה קולה שישייה 1.5,ליטרים,0.01,ליטר,false,1,49.90,4990.00,true,1,
7290110115371,false,דיאט קוקה קולה שישיות 1.5 ליטר פיקדון,החברה המרכזית לייצור משק,IL,קוקה קולה דיאט שישיי,ליטרים,0.01,ליטר,false,1,46.90,4690.00,true,1,
7290110115388,false,ספרייט ליים שישיות 1.5 ליטר פיקדון,החברה המרכזית לייצור משק,IL,ספרייט שישייה 1.5 לי,ליטרים,0.01,ליטר,false,1,46.90,4690.00,true,1,
7290110115401,false,קינלי סודה שישייה 1.5 ליטר פיקדון,החברה המרכזית לייצור משק,IL,קינלי סודה שישייה 1,ליטרים,0.01,ליטר,false,1,15.70,1570.00,true,1,
7290110115418,false,מארז שישייה קוקה קולה זירו 1.5 ל',החברה המרכזית לייצור משק,IL,קוקה קולה דיאט ZERO,ליטרים,0.01,ליטר,false,1,46.90,4690.00,true,1,
7290110115425,false,FUZE TEA גרין לימונענע -נענע 1.5 ליטר פיקדון,מבשלות בירה בינלאומיות ב,IL,תה פיוז לימון-נענע 1,ליטרים,0.00,ליטר,false,1,8.90,8.90,true,1,
7290110115449,false,אייס תה בטעם מנגו אננס 1.5ל' FUZE TEA,מבשלות בירה בינלאומיות ב,IL,תה פיוז מנגו 1.5 ליט,ליטרים,0.00,ליטר,false,1,9.00,9.00,true,1,
7290110115456,false,"תה קר בטעם אפרסק 19 קלוריות ב- 100 מ""ל",מבשלות בירה בינלאומיות ב,IL,תה פיוז אפרסק 90 קל,ליטרים,0.00,ליטר,false,1,8.90,8.90,true,1,
7290110115463,false,פיוז טי אפרסק 1.5 ליטר פיקדון,מבשלות בירה בינלאומיות ב,IL,תה פיוז אפרסק 1.5 לי,ליטרים,0.00,ליטר,false,1,9.00,9.00,true,1,
7290110115494,false,תה קר בטעם ענבים פיוז טי 1.5 ליטר,מבשלות בירה בינלאומית בע,IL,תה פיוז ענבים 1.5 לי,ליטרים,0.00,ליטר,false,1,9.00,9.00,true,1,
7290110115500,false,שישיית קוקה קולה 2 ל,קוקה קולה,IL,שישיית קוקה קולה 2 ל,ליטרים,0.01,ליטר,false,1,62.80,6280.00,true,1,
7290110115586,false,פריגת תפוזים 40% פחות סוכר 1.5 ליטר פיקדון,מבשלות בירה בינלאומיות ב,IL,פריגת תפוזים 19 קל 1,ליטרים,0.00,ליטר,false,1,8.70,8.70,true,1,
7290110115593,false,פריגת אשכוליות 40% פחות סוכר 1.5 ליטר פיקדון,מבשלות בירה בינלאומיות ב,IL,פריגת אשכוליות 19 קל,ליטרים,0.00,ליטר,false,1,8.70,8.70,true,1,
7290110115616,false,FUZE tea zero גרין אננס 1.5 ליטר פיקדון,מבשלות בירה בינלאומיות ב,IL,פיוז טי זירו גרין אנ,ליטרים,0.00,ליטר,false,1,8.90,8.90,true,1,
7290110115623,false,משקה פיוז טי זירו ZERO בטעם אפרסק,מבשלות בירה בינלאומיות ב,IL,פיוז טי זירו אפרסק 1,ליטרים,0.00,ליטר,false,1,8.90,8.90,true,1,
7290110115777,false,מים מינרליים נביעות 1.5 ל,נביעות,,נביעות 1.5 ליטר,ליטרים,0.00,ליטר,false,1,3.90,3.90,true,1,
7290110115821,false,"ספרייט לימון, 1.5 ליטר פקדון",כלורוקס אוקלנד,,ספרייט לימון- ליים 1,ליטרים,0.00,ליטר,false,1,8.90,8.90,true,1,
7290110115845,false,קוקה קולה 1.5 ליטר פיקדון,"אינסטנטה בע""מ",,קוקה קולה 1.5 ליטר,ליטרים,0.00,ליטר,false,1,8.50,8.50,true,1,
7290110115876,false,קינלי סודה 1.5ליטר-,"אינסטנטה בע""מ",,קינלי סודה 1.5 ליטר,ליטרים,0.00,ליטר,false,1,3.10,3.10,true,1,
7290110115975,false,קוקה קולה זירו 1 ליטר,החברה המרכזית לייצור,,קוקה קולה זירו 1 ליט,מיליליטרים,1000.00,"100 מ""ל",false,1,6.90,0.69,true,1,
7290110116125,false,"סירופ בטעם פטל פריגת 750 מ""ל",סירופ - גבעת חיים,,סירופ בטעם פטל 750 מ,מיליליטרים,750.00,"100 מ""ל",false,1,24.90,3.32,true,1,
7290110116149,false,"סירופ בטעם ענבים פריגת 750 מ""ל",סירופ - גבעת חיים,,סירופ בטעם ענבים 750,מיליליטרים,750.00,"100 מ""ל",false,1,24.90,3.32,true,1,
7290110116194,false,נביעות+ סדרת 0 קלוריות לימון-ליים 1.5 ליטר,"נביעות טבע הגליל בע""\מ",,נביעות+ סדרת 0 קלורי,ליטרים,0.00,ליטר,false,1,7.90,7.90,true,1,
7290110116316,false,"קוקה קולה חג שמח, שישיה 6 * 1.5 ליטר",החברה המרכזית לייצור משק,,קוקה-קולה שישייה 1.5,ליטרים,0.01,ליטר,false,1,45.90,4590.00,true,1,
7290110116323,false,שישיית קוקה קולה זירו 1.5 ליטר חג שמח-,החברה המרכזית קולה,,קוקה-קולה זירו שישיי,ליטרים,0.01,ליטר,false,1,42.90,4290.00,true,1,
7290110116484,false,פריגת סחוט מיקס תות בננה 1ליטר,פריגת מצוננים,IL,פריגת מיקס תות בננה,מיליליטרים,1000.00,"100 מ""ל",false,1,15.80,1.58,true,1,
7290110116491,false,פריגת סחוט מיקס אפרסק משמש 1ליטר,פריגת מצוננים,IL,פריגת מיקס אפרסק משמ,מיליליטרים,1000.00,"100 מ""ל",false,1,15.80,1.58,true,1,
7290110116507,false,פריגת סחוט מיקס אננס בננה אגס 1ליטר,פריגת מצוננים,IL,פריגת מיקס אננס בננה,מיליליטרים,1000.00,"100 מ""ל",false,1,15.80,1.58,true,1,
7290110116552,false,ספרייט לימון היט 1.5 ליטר LIME פיקדון,החברה המרכזית לייצור משק,IL,ספרייט למון היט 1.5,ליטרים,0.00,ליטר,false,1,8.90,8.90,true,1,
7290110116569,false,"ספרייט זירו ZERO בק LEMON HIT, 1.5 ליטר",החברה המרכזית לייצור משק,IL,ספרייט ZERO בקבוק 1.,ליטרים,0.00,ליטר,false,1,8.90,8.90,true,1,
7290110116644,false,"מארז שקמה בטעמים שונים 5*330 מ""ל",,IL,מארז שקמה בטעמים שונ,מיליליטרים,1650.00,"100 מ""ל",false,1,64.50,3.91,true,1,
7290110320591,false,גבינה בולגרית במרקם מעודן 16% פיראוס,תנובה חלב,,פיראוס בולגרית מעודנ,גרמים,250.00,100 גרם,false,1,21.90,8.76,true,1,
7290110320683,false,שמיניית משקה יוגורט 1.5% טעם תות יופלה 107 גרם,מיוצר עי קונדיטוריית,,מארז משקה יופלה תות,מיליליטרים,856.00,"100 מ""ל",false,1,19.10,2.23,true,1,
7290110320850,false,פתיתים גבינה חצי קשה מגורדת 28% שומן,תנובה מרכז שיתופי לש,,פתיתי עמק 200 גר,גרמים,200.00,100 גרם,false,1,15.20,7.60,true,1,
7290110320867,false,פתיתים גבינה חצי קשה מגורדת 28% שומן,תנובה מרכז שיתופי לש,,פתיתי עמק למאפים 28%,גרמים,500.00,100 גרם,false,1,34.90,6.98,true,1,
7290110320935,false,גבינת מוצרלה תנובה 150ג' פרוסות,תנובה מרכז שיתופי לש,,פרוסות מוצרלה 150 גר,גרמים,150.00,100 גרם,false,1,15.90,10.60,true,1,
7290110321604,false,קוביות פיראוס בולגרית מעודנת 5% 200 גרם - רבנות,תנובה חלב,IL,קוביות בולגרית 5% מע,גרמים,200.00,100 גרם,false,1,22.90,11.45,true,1,
7290110321697,false,יוגורט GO בטעם אפרסק 20 גרם חלבון בגביע,מיוצר עי קונדיטוריית,,יופלה אפרסק GO,מיליליטרים,200.00,"100 מ""ל",false,1,5.70,2.85,true,1,
7290110321703,false,יוגורט עם פירות יער בתוספת חלבוני חלב 2% שומן,מיוצר עי קונדיטוריית,,יופלה GO פירות יער 2,מיליליטרים,200.00,"100 מ""ל",false,1,5.70,2.85,true,1,
7290110321789,false,גבינת מסקרפונה 38% השף הלבן 250 גרם,תנובה חלב,,גבינה מסקרפונה 38% ה,גרמים,250.00,100 גרם,false,1,20.60,8.24,true,1,
7290110322014,false,טופו בטעם טבעי תנובה ALTERNATIVE,שוורצקוף& הנקל דיסלד,,טופו טבעי 300 גר,גרמים,300.00,100 גרם,false,1,11.90,3.97,true,1,
7290110322021,false,"תנובה טופו בזיליקום 300 גר' בד""צ",שוורצקוף& הנקל דיסלד,,טופו בזיליקום 300 גר,גרמים,300.00,100 גרם,false,1,11.90,3.97,true,1,
7290110322038,false,טופו פיקנטי ALTERNATIVE 300 גרם,תנובה Alternative,,טופו פיקנטי 300 גר,גרמים,300.00,100 גרם,false,1,11.90,3.97,true,1,
7290110322946,false,יופלה טיוב יוגורט במרקם חלק בטעם תות בננה כשרות רבנות 348 ג',תנובה בעמ,,יופלה טיוב במרקם חלק,גרמים,348.00,100 גרם,false,1,14.60,4.20,true,1,
7290110323073,false,"משקה יוגורט יופלה גו תות פטל 250 מ""ל - רבנות",מיוצר עי קונדיטוריית,IL,משקה יוגורט מועשר בח,מיליליטרים,250.00,"100 מ""ל",false,1,6.30,2.52,true,1,
7290110323301,false,טל העמק בסגנון אמנטל 32% שומן 200 גרם,פ.פ.ח. שאביט,IL,גבינה טל העמק 32% 20,גרמים,200.00,100 גרם,false,1,18.90,9.45,true,1,
7290110323585,false,יוגורט GO לייט בטעם דובדבן 20 גרם חלבון בגביע,יופלה Yoplait,IL,יוגורט עם דובדבן מופ,מיליליטרים,200.00,"100 מ""ל",false,1,5.70,2.85,true,1,
7290110323592,false,יוגורט GO לייט בטעם אפרסק 20 גרם חלבון בגביע,יופלה Yoplait,IL,יוגורט עם אפרסק מופח,מיליליטרים,200.00,"100 מ""ל",false,1,5.70,2.85,true,1,
7290110323714,false,משקה קוקוס שקדים תנובה E אלטרנטיב,מיוצר עי קונדיטוריית,IL,משקה קוקוס שקדים 1 ל,מיליליטרים,1000.00,"100 מ""ל",false,1,12.90,1.29,true,1,
7290110324070,false,גבינת חלומי מחלב בקר תנובה 200 גרם,"תנובה בע""\מ",,חלומי מחלב בקר 22%,גרמים,200.00,100 גרם,false,1,20.90,10.45,true,1,
7290110324353,false,יוגורט GO לייט בטעם אננס 20 גרם חלבון בגביע,מיוצר עי קונדיטוריית,IL,יופלה גו אננס לייט,מיליליטרים,200.00,"100 מ""ל",false,1,5.70,2.85,true,1,
7290110324551,false,יופלה טיוב יוגורט במרקם חלק תות כשרות מהדרין,"תנובה בע""\מ",IL,יופלה טיוב במרקם חלק,גרמים,348.00,100 גרם,false,1,14.60,4.20,true,1,
7290110324711,false,ממרח סויה 9% שומן בטעם טבעי תנובה 250 גרם,מיוצר עי קונדיטוריית,IL,ממרח סויה טבעי 9% 25,גרמים,250.00,100 גרם,false,1,10.40,4.16,true,1,
7290110324728,false,ממרח סויה 9% שומן עם שום שמיר תנובה 250 גרם,מיוצר עי קונדיטוריית,IL,ממרח סויה שום שמיר 9,גרמים,250.00,100 גרם,false,1,10.40,4.16,true,1,
7290110324841,false,מעדן שקדים עם שוקולד מריר תנובה 125 גרם,מיוצר עי קונדיטוריית,IL,מעדן שקדים עם שוקולד,גרמים,125.00,100 גרם,false,1,5.00,4.00,true,1,
7290110324858,false,מעדן שקדים בטעם אגוזי לוז תנובה 125 גרם,מיוצר עי קונדיטוריית,IL,מעדן שקדים בטעם אגוז,גרמים,125.00,100 גרם,false,1,5.00,4.00,true,1,
7290110324872,false,גבינה צהובה גלבוע 5% שומן 200 גרם,גלבוע - תנובה,,גלבוע 5% 200 גרם,גרמים,200.00,100 גרם,false,1,17.90,8.95,true,1,
7290110324926,false,משקה סויה ללא תוספת סוכר E אלטרנטיב,תנובה מרכז שיתופי לש,,משקה סויה ללא תוספת,מיליליטרים,1000.00,"100 מ""ל",false,1,10.50,1.05,true,1,
7290110325114,false,"משקה יוגורט יופלה גו לייט תות בננה 250 מ""ל - רבנות",מיוצר עי קונדיטוריית,IL,משקה יוגורט גו לייט,מיליליטרים,250.00,"100 מ""ל",false,1,5.90,2.36,true,1,
7290110325121,false,"משקה יוגורט יופלה גו לייט מנגו אננס 250 מ""ל","תנובה בע""\מ",IL,משקה יוגורט גו לייט,מיליליטרים,250.00,"100 מ""ל",false,1,5.90,2.36,true,1,
7290110325510,false,יופלה טיוב יוגורט במרקם חלק בטעם וניל-יוניקור,"תנובה בע""\מ",IL,יופלה טיוב יוגורט,גרמים,348.00,100 גרם,false,1,14.60,4.20,true,1,
7290110325619,false,משקה שיבולת שועל תנובה E אלטרנטיב,מיוצר עי קונדיטוריית,IL,משקה שיבולת שועל 1 ל,ליטרים,0.00,ליטר,false,1,12.90,12.90,true,1,
7290110325701,false,פיראוס צזיקי יווני 9% שומן בשיטת יצור מסורתית על בסיס יוגורט,גוד פוד פרודקטס S.p,,גבינת פיראוס יווני 9,גרמים,250.00,100 גרם,false,1,13.50,5.40,true,1,
7290110325893,false,משקה חלב GO מועשר בחלבון בטעם אייס קפה,מיוצר עי קונדיטוריית,IL,"אייס קפה GO 340 מ""ל",גרמים,340.00,100 גרם,false,1,8.50,2.50,true,1,
7290110326210,false,יופלה און טופ פצפוצים תנובה 157 גרם,מיוצר עי קונדיטוריית,,יופלה און טופ פצפוצי,גרמים,157.00,100 גרם,false,1,5.50,3.50,true,1,
7290110326227,false,יופלה און טופ קורנפלקס תנובה 157 גרם,מיוצר עי קונדיטוריית,,יופלה און טופ קורנפל,גרמים,157.00,100 גרם,false,1,5.50,3.50,true,1,
7290110326234,false,יופלה און טופ כוכבים תנובה 157 גרם,מיוצר עי קונדיטוריית,,יופלה און טופ כוכבים,גרמים,157.00,100 גרם,false,1,5.50,3.50,true,1,
7290110326333,false,פרוסות גבינה סקנדינבית תנובה 170 גרם,פ.פ.ח. שאביט,IL,גבינה סקנדינבית פרוס,גרמים,170.00,100 גרם,false,0,19.90,11.71,true,1,
7290110326906,false,חלב נטול לקטוז 3% שומן תנובה 1 ליטר,מיוצר עי קונדיטוריית,IL,חלב טרי נטול לקטוז 3,מיליליטרים,1000.00,"100 מ""ל",false,1,7.40,0.74,true,1,
7290110326982,false,משקה חלב עם שוקולד קלאסי 1 ליטר yolo,תנובה מרכז שיתופי לש,IL,משקה חלב עם שוקולד ק,מיליליטרים,1000.00,"100 מ""ל",false,1,13.50,1.35,true,1,
7290110326999,false,"משקאות חלב+שוקולד קלאסי 340 מ""ל YOLO בקבוק.",תנובה חלב,IL,משקה חלב עם שוקולד ק,מיליליטרים,340.00,"100 מ""ל",false,1,7.90,2.32,true,1,
7290110327514,false,alternative משקה שיבולת שועל בטעם אגוזי לוז תנובה 1 ליטר,תנובה מרכז שיתופי לש,,משקה שיבולת שועל בטע,מיליליטרים,1000.00,"100 מ""ל",false,1,12.90,1.29,true,1,
7290110327545,false,יופלה און טופ בטעם תות בתוספת פצפוצים מצופים שוקולד 157 גרם,מיוצר עי קונדיטוריית,,יופלה און טופ תות עם,גרמים,157.00,100 גרם,false,1,5.20,3.31,true,1,
7290110327804,false,חטיף חלבון GO - עוגיות 60 ג' חלב נוכרי - רבנות,"בלמונט קונפקציות בע""\מ.",US,GO חטיף חלבון בטעם ב,גרמים,60.00,100 גרם,false,1,11.90,19.83,true,1,
7290110327811,false,חטיף חלבון GO בטעם קוקוס 20 גרם חלבון,"בלמונט קונפקציות בע""\מ.",US,GO חטיף חלבון בטעם ק,גרמים,60.00,100 גרם,false,1,11.90,19.83,true,1,
7290110327828,false,חטיף חלבון GO - חמאת בוטנים 60 ג' חלב נוכרי - רבנות,"בלמונט קונפקציות בע""\מ.",US,GO חטיף חלבון בטעם ח,גרמים,60.00,100 גרם,false,1,11.90,19.83,true,1,
7290110328504,false,טריו - מיקס גבינות מוצרלה סקנדינבית וגאודה 300 גרם,מיוצר עי קונדיטוריית,IL,טריו מיקס- מוצרלה סק,גרמים,300.00,100 גרם,false,1,29.50,9.83,true,1,
7290110328610,false,משקה אורז ושקדים בריסטה אלטרנטיב 1 ליטר,תנובה Alternative,,משקה אורז ושקדים ברי,ליטרים,1.00,ליטר,false,1,12.90,12.90,true,1,
7290110328627,false,יוגורט יופלה GO במרקם סמיך בטעם בננה קרמל 0%,מיוצר עי קונדיטוריית,,יוגורט גו סמיך בננה,מיליליטרים,200.00,"100 מ""ל",false,1,5.90,2.95,true,1,
7290110328764,false,יוגורט יופלה GO במרקם סמיך עם תות 0%,מיוצר עי קונדיטוריית,,יוגורט גו סמיך תות,מיליליטרים,200.00,"100 מ""ל",false,1,5.70,2.85,true,1,
7290110328788,false,יוגורט יופלה GO במרקם סמיך בטעם אפרסק 0%,תנובה מרכז שיתופי לש,,יוגורט גו סמיך אפרסק,מיליליטרים,200.00,"100 מ""ל",false,1,5.90,2.95,true,1,
7290110329136,false,מעדן חלב מעושר בחלבון בטעם שוקולד 120 ג' GO,תנובה מרכז שיתופי לש,,מעדן חלב go בטעם שוק,גרמים,120.00,100 גרם,false,1,5.10,4.25,true,1,
7290110329143,false,מעדן חלב מעושר בחלבון בטעם וניל גביע 120 ג' GO,תנובה מרכז שיתופי לש,,מעדן חלב go בטעם וני,גרמים,120.00,100 גרם,false,1,5.10,4.25,true,1,
7290110329266,false,יוגורט תנובה מחלב עיזים מלא תנובה 140 ג',קריות זול,,יוגורט תנובה מחלב עי,גרמים,150.00,100 גרם,false,1,6.50,4.33,true,1,
7290110329273,false,יוגורט תנובה מחלב עיזים מלא 750 גרם,תנובה,,יוגורט תנובה מחלב עי,גרמים,750.00,100 גרם,false,1,22.90,3.05,true,1,
7290110329426,false,טופו טבעי עם רוטב קרם קוקוס קארי פיקנטי 250 גרם,תנובה חלב,,טופו טבעי 250 גרם עם,ליטרים,0.31,ליטר,false,1,13.90,44.84,true,1,
7290110329433,false,טופו טבעי עם רוטב סצ'ואן אלטרנטיב 250 גרם,תנובה חלב,,טופו טבעי 250 גרם עם,ליטרים,0.31,ליטר,false,1,13.90,44.84,true,1,
7290110329686,false,"משקה חלב גו בטעם עוגיות 340 מ""ל",מיוצר עי קונדיטוריית,,משקה חלב גו בטעם עוג,מיליליטרים,340.00,"100 מ""ל",false,1,8.50,2.50,true,1,
7290110329716,false,משקה חלב קר בטעם קפוצ'ינו 230 גרם תנובה,תנובה מרכז שיתופי לש,IL,משקה קפה קר בטעם קפו,מיליליטרים,230.00,"100 מ""ל",false,1,7.50,3.26,true,1,
7290110329723,false,משקה חלב קר בטעם לאטה 230 גרם תנובה,תנובה מרכז שיתופי לש,IL,משקה קפה קר בטעם לאט,מיליליטרים,230.00,"100 מ""ל",false,1,7.50,3.26,true,1,
7290110329730,false,"משקה חלב עם שוקולד וקפה בסגנון לאטה 2.7%  230 מ""ל תנובה",תנובה מרכז שיתופי לש,IL,משקה חלב עם שוקולד ו,מיליליטרים,230.00,"100 מ""ל",false,1,7.50,3.26,true,1,
7290110329792,false,יוגורט סויה BIO Alternative אפרסק 150 ג' תנובה,מיוצר עי קונדיטוריית,IL,סויה BIO אפרסק גביע,גרמים,150.00,100 גרם,false,1,4.80,3.20,true,1,
7290110329808,false,יוגורט סויה BIO Alternative תות 150 ג' תנובה,מיוצר עי קונדיטוריית,IL,סויה BIO תות גביע 15,גרמים,150.00,100 גרם,false,1,4.80,3.20,true,1,
7290110329815,false,סויה BIO מתיקות מעודנת גביע 150 גרם אלטרנטיב,מיוצר עי קונדיטוריית,IL,מעדן סויה ביו מתיקות,גרמים,150.00,100 גרם,false,1,4.80,3.20,true,1,
7290110329822,false,יוגורט סויה BIO Alternative פירות יער 150 ג' תנובה,מיוצר עי קונדיטוריית,IL,מעדן סויה ביו פירות,גרמים,150.00,100 גרם,false,1,4.80,3.20,true,1,
7290110329846,false,יוגורט סויה BIO Alternative בטעם טבעי 150 ג' תנובה,מיוצר עי קונדיטוריית,IL,סויה BIO טבעי גביע A,גרמים,150.00,100 גרם,false,1,4.80,3.20,true,1,
7290110472016,false,כבל מטאלי 2 מטר שחורTYPE C,Unknown,,כבל מטאלי 2 מטר שחור,Unknown,0.00,Unknown,false,1,29.90,29.90,true,1,
7290110550226,false,מטבעות שוקולד מריר לאפיה 400 גרם עלית,"פוליבה בע""\מ",IT,מטבעות שוקולד מריר ל,גרמים,400.00,100 גרם,false,1,33.90,8.48,true,1,
7290110550370,false,פריכיות משולשות קינואה ופלפל שחור 65 גרם,שטראוס גרופ,,משולשות קינואה ופלפל,גרמים,65.00,100 גרם,false,1,12.10,18.62,true,1,
7290110552121,false,יוגורט 5% בתוספת סידן וויטמין D היוגורט הראשון שלי,תנובה מרכז שיתופי לש,,היוגורט הראשון שלי 1,גרמים,100.00,100 גרם,false,1,2.50,2.50,true,1,
7290110552220,false,יוגורט PRO בטעם תות 0% סוכר לבן 20 גרם חלבון בגביע,"שטראוס בריאות בע""\מ",,דנונה פרו תות 20 ג ח,גרמים,200.00,100 גרם,false,1,5.90,2.95,true,1,
7290110552237,false,יוגורט פרו בטעם אפרסק מנגו ללא סוכר 200 ג' דנונה,"שטראוס בריאות בע""\מ",,דנונה פרו אפרסק מנגו,גרמים,200.00,100 גרם,false,1,5.90,2.95,true,1,
7290110553029,false,"אנרג'י קריספס-פריכיות חומוס, עדשים ואפונה עם קייל וסלק","פרח תעשיו מזון בע""מ",IL,פריכיות חלבון קייל ח,גרמים,60.00,100 גרם,false,1,12.10,20.17,true,1,
7290110553098,false,מאגדת חטיפים אנרג'י מיקס צימוקים אגוזים 100X4 גרם,אנרג'י Energy - שטראוס,,אנרגי מיקס צימוקים א,גרמים,100.00,100 גרם,false,1,18.90,18.90,true,1,
7290110553104,false,נסקפה קפוצ'ינו סטיק קלאסי 130 ג' עלית,מוקטה אס.פי,IL,קפוצינו סטיק קלאסי 1,גרמים,130.00,100 גרם,false,1,17.90,13.77,true,1,
7290110553135,false,נסקפה קפוצ'ינו סטיק וניל 130 ג' עלית,מוקטה אס.פי,IL,קפוצינו סטיק וניל 13,גרמים,130.00,100 גרם,false,1,17.90,13.77,true,1,
7290110553173,false,אנרגי פריכיות אורז בטעם קרמל 50 גרם,סאנורייס בלגיום,,אנרגי פריכיות בטעם ק,גרמים,40.00,100 גרם,false,1,6.90,17.25,true,1,
7290110553623,false,צ'יטוס קראנצ'י בטעם צ'דר חלפיניו - חלבי,"שטראוס פריטו ליי בע""\מ )",IL,ציטוס קראנץ צדר חלפי,גרמים,80.00,100 גרם,false,1,4.50,5.63,true,1,
7290110554422,false,פומודורו רוטב עגבניות ופלפלים לשקשוקה לפסטה יד מרדכי 350 גרם,אמיליאנה קונסרב סוסייטה,IT,רוטב עגבניות ופלפלים,גרמים,350.00,100 גרם,false,1,13.50,3.86,true,1,
7290110554545,false,קפסולת אספרסו לאפוגטו טעם קוקוס 50 ג' עלית,שטראוס קפה בי.וי.,IL,קפסולות אספרסו לאפוג,גרמים,50.00,100 גרם,false,1,16.50,33.00,true,1,
7290110554583,false,מארז חטיפי צ'יטוס פאפס בטעם גבינה - 10 יחידות,"שטראוס פריטו ליי בע""\מ )",IL,מארז ציטוס פאפס גבינ,גרמים,200.00,100 גרם,false,1,15.60,7.80,true,1,
7290110554712,false,"קפסולות קפה אספרסו קלייה איטית ובהירה, 10 * 50 ג'",שטראוס קפה בי.וי.,,"קפסולות שת""פ קפה נחת",גרמים,50.00,100 גרם,false,1,19.90,39.80,true,1,
7290110554798,false,פולי אספרסו עשירים וארומטיים עוצמה 8 עלית 250 גרם,שטראוס קפה בי. וי.,IL,פולי אספרסו עשירים ו,גרמים,250.00,100 גרם,false,1,24.90,9.96,true,1,
7290110555009,false,זוג פסאטה מחית עגבניות חלקה יד מרדכי 700 גרם,אמיליאנה קונסרב ס.פ.,IT,פסאטה זוגות 700 גרם,גרמים,700.00,100 גרם,false,1,13.90,1.99,true,1,
7290110555306,false,רבע לשבע טבעוני סינמון באן עלית 125 גרם,"הגביע מוצרי וופלים בע""\מ",IL,רבע לשבע טבעוני סינמ,גרמים,125.00,100 גרם,false,1,10.90,8.72,true,1,
7290110556242,false,"שוקולד מריר פרווה 100 גר' בד""ץ תוצרת חוץ","שטראוס גרופ בע""מ.",,שוקולד מריר פרווה ח,גרמים,100.00,100 גרם,false,1,5.50,5.50,true,1,
7290110557027,false,חומוס עשיר 50% טחינה גולמית 400 ג' אחלה,מיוצר עי קונדיטוריית,IL,חומוס 50% טחינה 400,גרמים,400.00,100 גרם,false,1,13.90,3.48,true,1,
7290110557102,false,מעדן חלב עם שוקולד מועשר בחלבון 150 ג' שטראוס,מיוצר עי קונדיטוריית,IL,מעדן חלב עם שוקולד,גרמים,150.00,100 גרם,false,1,5.50,3.67,true,1,
7290110557133,false,מעדן הגולן וניל 125 ג' שטראוס,מיוצר עי קונדיטוריית,IL,מעדן הגולן וניל 125,גרמים,125.00,100 גרם,false,1,3.30,2.64,true,1,
7290110557478,false,חומוס גלילי במרקם מעודן 600 גרם,"שטראוס גרופ בע""\מ",,חומוס גלילי אחלה 600,גרמים,600.00,100 גרם,false,1,12.90,2.15,true,1,
7290110557645,false,מאגדת חטיפים אנרג'י מיקס צימוקים חמוציות 100X4 גרם,קונסרב איטליה,,אנרגי מיקס צימוקים ח,גרמים,100.00,100 גרם,false,1,18.90,18.90,true,1,
7290110558130,false,יוגורט אקטיביה עם שיבולת שועל ודבש 150 גרם,"שטראוס בריאות בע""\מ",IL,יוגורט אקטיביה שיבול,גרמים,150.00,100 גרם,false,1,4.60,3.07,true,1,
7290110558154,false,דנונה לייט אנד פרי עוגת תפוחים 150ג דנונה,"שטראוס בריאות בע""\מ",IL,דנונה לייט אנד פריי,גרמים,150.00,100 גרם,false,1,5.40,3.60,true,1,
7290110558222,false,"וואו יוגורט עם שכבה בטעם בנופי פאי 5.4%, 150ג דנונה","שטראוס בריאות בע""\מ",,דנונה WOW בנופי שומן,גרמים,150.00,100 גרם,false,1,4.90,3.27,true,1,
7290110558239,false,"וואו יוגורט עם שכבה בטעם קראק פאי 5.4%, 150 ג דנונה","שטראוס בריאות בע""\מ",,דנונה WOW קראק פאי 1,גרמים,150.00,100 גרם,false,1,4.90,3.27,true,1,
7290110558253,false,דנונה שייק נונה ריפרש בננה אננס וצ'יה,"שטראוס בריאות בע""\מ",IL,דנונה ריפרש בננה אננ,מיליליטרים,250.00,"100 מ""ל",false,1,6.50,2.60,true,1,
7290110558284,false,דנונה ביו מולטי שטראוס 200 גרם,"שטראוס בריאות בע""\מ",,דנונה ביו מולטי 200,גרמים,200.00,100 גרם,false,1,4.50,2.25,true,1,
7290110558314,false,דנונה פרו 20 גרם חלבון ללא סוכר פיסטוק 200 גרם,"שטראוס בריאות בע""\מ",,דנונה פרו פיסטוק 20,גרמים,200.00,100 גרם,false,1,5.90,2.95,true,1,
7290110558338,false,דנונה פרו 25 ג' חלבון 200 ג' שטראוס,"שטראוס בריאות בע""\מ",IL,דנונה פרו 25 ג חלבון,גרמים,200.00,100 גרם,false,1,5.90,2.95,true,1,
7290110558666,false,מעדן גבינה בטעם תפוח 88 ג' דניאלה,"שטראוס בריאות בע""\מ",,דניאלה בטעם תפוח 88,גרמים,88.00,100 גרם,false,1,4.10,4.66,true,1,
7290110559007,false,"שועועית חומה טעם הטבע קופסה, 380 גרם",קונסרב איטליה,,שעועית חומה 380 גר ש,גרמים,380.00,100 גרם,false,1,7.30,1.92,true,1,
7290110559014,false,שעועית שחורה מבושלת טעם הטבע 380 גרם,קונסרב איטליה,,שעועית שחורה 380 גר,גרמים,380.00,100 גרם,false,1,7.30,1.92,true,1,
7290110560324,false,"הפריכיות הטעימות תפו""א, אורז, אפונה ומלח ים","פרח תעשיו מזון בע""מ",IL,פריכיות משולשות אנרג,גרמים,30.00,100 גרם,false,1,5.00,16.67,true,1,
7290110561352,false,דנונה יוגורט ביו פרוביוטי 3% דל לקטוז 150ג',"שטראוס בריאות בע""\מ",,דנונה דל לקטוז,גרמים,200.00,100 גרם,false,1,3.70,1.85,true,1,
7290110561604,false,מארז 8 יחידות מעדן גמדים בטעם תות בננה,"שטראוס בריאות בע""\מ",,מארז שמינייה גמדים,גרמים,800.00,100 גרם,false,1,19.90,2.49,true,1,
7290110563431,false,"משקה קפה קר בסגנון קלאסי 230 מ""ל 1.6% יוטבתה",האי נאם סי או אל.טי.,AT,משקה קפה קר 1.6% קלא,מיליליטרים,230.00,"100 מ""ל",false,1,8.30,3.61,true,1,
7290110563462,false,חלב 2% דל לקטוז בבקבוק יטבתה 1 ליטר.,מחלבת יטבתה,IL,חלב נטול לקטוז 2% בב,ליטרים,0.00,ליטר,false,1,8.20,8.20,true,1,
7290110563820,false,סלק מבושל 1 קג שטראו,,,סלק בואקום,גרמים,1000.00,100 גרם,false,1,13.90,1.39,true,1,
7290110564339,false,חומוס אחלה הסידרה המובחר 30% טחינה 400 גר',מיוצר עי קונדיטוריית,,חומוס עשיר ב-30% טחי,גרמים,400.00,100 גרם,false,1,13.90,3.48,true,1,
7290110564360,false,חומוס אחלה הסידרה המובחר 40% טחינה 400 גר',מיוצר עי קונדיטוריית,,חומוס עשיר ב-40% טחי,גרמים,400.00,100 גרם,false,1,13.90,3.48,true,1,
7290110564742,false,"משקה קפה קר בסגנון חזק 230 מ""ל 1.2% יוטבתה",האי נאם סי או אל.טי.,IL,משקה קפה קר 1.2% חזק,מיליליטרים,230.00,"100 מ""ל",false,1,8.30,3.61,true,1,
7290110565435,false,"לימבו ג'לי פטל 125 גרם חלבי ""שטראוס""","שטראוס גרופ בע""\מ",,לימבו פטל 125 גרם,גרמים,125.00,100 גרם,false,1,2.20,1.76,true,1,
7290110565527,false,יוגורט PRO פרו 1.5% 20 גרם חלבון בגביע,"שטראוס בריאות בע""מ",,דנונה פרו 20 גרם חלב,גרמים,200.00,100 גרם,false,1,5.90,2.95,true,1,
7290110565572,false,מארז קפה טורקי עלית לדרך עם הל 168 גרם,שטראוס קפה בי.וי.,IL,מארז טורקי לדרך עם ה,גרמים,168.00,100 גרם,false,1,18.90,11.25,true,1,
7290110566623,false,קפסולות קולומביה עלית 08 למכונת נספרסו מארז 5X10ג',שטראוס קפה בי.וי.,IL,קפסולות קולומביה 08,גרמים,50.00,100 גרם,false,1,16.50,33.00,true,1,
7290110566975,false,דנונה פרו יוגורט 0% תות עשיר בחלבון 200ג',"שטראוס בריאות בע""\מ",,דנונה פרו תות 20 גרם,גרמים,200.00,100 גרם,false,1,5.90,2.95,true,1,
7290110568276,false,משקה וניל פרו Pro מועשר בחלבון 1.5%,שטראוס גרופ,,משקה פרו וניל יטבתה,מיליליטרים,350.00,"100 מ""ל",false,1,6.50,1.86,true,1,
7290110568559,false,דוריטוס עלית מארז חמוץ חריף 10 יח' *25 ג',"שטראוס פריטו ליי בע""מ )פ",IL,מארז דוריטוס חמוץ חר,גרמים,250.00,100 גרם,false,1,14.90,5.96,true,1,
7290110570224,false,"משקה קפה קר בטעם עוגיות יטבתה 230 מ""ל",אנסטל מילק kg,AT,משקה קפה קר בטעם עוג,מיליליטרים,230.00,"100 מ""ל",false,1,8.30,3.61,true,1,
7290110570576,false,פולי אספרסו עשירים וארומטיים עוצמה 10 עלית 500 גרם,שטראוס קפה בי.וי,,פולי אספרסו עשירים ו,גרמים,500.00,100 גרם,false,1,46.90,9.38,true,1,
7290110570880,false,פולי אספרסו עשירים וארומטיים עוצמה 14 עלית 250 גרם,,IL,פולי אספרסו עשירים ו,גרמים,250.00,100 גרם,false,1,24.90,9.96,true,1,
7290110571184,false,עדשים חומות 380 גר שטראוס טעם הטבע,קונסרב איטליה,,עדשים חומות 380 גר ש,גרמים,380.00,100 גרם,false,1,7.30,1.92,true,1,
7290110571375,false,"אנרג'י מיקס תערובת צימוקים, תמרים, טופי ושברי פקאן",אנרג'י Energy - שטראוס,,אנרגי מיקס צימוקים ת,גרמים,100.00,100 גרם,false,1,18.90,18.90,true,1,
7290110571382,false,מעדן חלב בטעם וניל מעושר בחלבון 150 ג' שטראוס,"שטראוס בריאות בע""\מ",IL,מעדן חלב בטעם וניל מ,גרמים,150.00,100 גרם,false,1,5.50,3.67,true,1,
7290110571405,false,עלית - מיני פינוקיות בגביע פסק זמן 180 גרם,הגביע,,מיני פינוקיות בגביע,גרמים,180.00,100 גרם,false,1,12.50,6.94,true,1,
7290110572884,false,"קפסולות קפה מספר 20 למכונת אספרס אספרסו, 50 גרם",שטראוס קפה בי.וי.,,קפסולות 20 למכונות N,גרמים,50.00,100 גרם,false,1,16.50,33.00,true,1,
7290110572969,false,כיף כף פצפצים עקרם לבן 40ג' עלית,שולן צ'\יקולטה גידה סאן.,,כיף כף פצפצים קרם לב,גרמים,40.00,100 גרם,false,1,6.20,15.50,true,1,
7290110572976,false,כיף כף גביע פצפוצים קרם לבן 135 גרם,שולן צ'יקולטה גידה ס,,כיף כף פצפצים קרם לב,גרמים,135.00,100 גרם,false,1,11.80,8.74,true,1,
7290110576318,false,מאגדת שלישיית שוקולד אגוז לבן 300 ג' עלית,שטראוס,,מארז שלישיית אגוז לב,גרמים,300.00,100 גרם,false,1,26.90,8.97,true,1,
7290110576356,false,"שוקולד ספלנדיד מריר 64% - חלבי , מפולי קקאו מפרו",קימ'\ס גריפלנן,,ספלנדיד שוקולד מריר,גרמים,100.00,100 גרם,false,1,8.90,8.90,true,1,
7290110576370,false,מארז שלישייה שוקולד מריר חלבי עם אגוזי לוז,שטראוס,,מארז שלישיית אגוז מר,גרמים,300.00,100 גרם,false,1,26.90,8.97,true,1,
7290110576387,false,מאגדת שלישיית שוקולד אגוז חלב 300 ג' עלית,שטראוס,FR,מארז שלישיית אגוז חל,גרמים,300.00,100 גרם,false,1,26.90,8.97,true,1,
7290110576752,false,טבלאות שוקולד ספלנדיד מריר 70% 100 ג' עלית,קימ'\ס גריפלנן,,ספלנדיד מריר 70% 22,גרמים,100.00,100 גרם,false,1,10.00,10.00,true,1,
7290110576776,false,טבלאות שוקולד ספלנדיד מריר 85% 100 ג' עלית,קימ'\ס גריפלנן,,ספלנדיד מריר 85% 100,גרמים,100.00,100 גרם,false,1,10.00,10.00,true,1,
7290110576790,false,גבינת סקי 3% בטעם מוקה 125 גרם,"שטראוס בריאות בע""\מ",,סקי בטעם מוקה 125 גר,גרמים,125.00,100 גרם,false,1,3.70,2.96,true,1,
7290110576868,false,רבעיית גמדים סלט פירוט * 100 ג' שטראוס,"שטראוס בריאות בע""\מ",,גמדים רביעיית סלט פי,גרמים,200.00,100 גרם,false,1,11.70,5.85,true,1,
7290110577230,false,משקה חלב בטעם פיסטוק בבקבוק יטבתה 1 ליטר,שטראוס גרופ,,משקה חלב בטעם פיסטוק,מיליליטרים,1000.00,"100 מ""ל",false,1,11.90,1.19,true,1,
7290111093005,false,"I-CARE מג'להסרת איפור, 25 יח בפלופק",די.פי.אל תעשיות מוצר,,מגבונים להסרת איפור,Unknown,0.00,Unknown,false,1,8.90,8.90,true,1,
7290111093470,false,"קוויק מסיר הפלא ספוגית להסרת כתמים, 3 יחידות",,CN,קוויק מסיר הפלא ספוג,יחידה,1.00,יחידה,false,1,12.90,12.90,true,1,
7290111094613,false,מגבונים לניקוי משקפיים 10 יח' I-CARE,די.פי.אל,,מגבונים לניקוי משקפי,Unknown,0.00,Unknown,false,1,8.90,8.90,true,1,
7290111094651,false,שקיות אשפה L עם ידית 40 יח' קוייק,,TR,L קוויק שקיות אשפה ע,יחידה,1.00,יחידה,false,1,13.90,13.90,true,1,
7290111096921,false,קוויק מגבונים לניקוי כללי בתוספת חומץ ומלח לימון 50 יח',די.פי.אל,,מגבונים לנ.כללי עם ח,Unknown,0.00,Unknown,false,1,8.30,8.30,true,1,
7290111340178,false,מטליות לחות לניקוי כללי בניחוח מרכך כביסה 50 יח' ניקול,חוגלה קימברלי,,מטל.לחות לניקוי כללי,Unknown,0.00,Unknown,false,1,11.90,11.90,true,1,
7290111340185,false,מטליות לחות רצפה ניחוח מרכך כביסה ניקול 10 יחידות,חוגלה קימברלי,,מטליות לחות לנ.רצפה,Unknown,0.00,Unknown,false,1,10.90,10.90,true,1,
7290111340925,false,מטליות לחות ניקול XL לניקוי כללי בניחוח פריחה 40 יח',חוגלה קימברלי,,מט.לחות ניקול לנ.כלל,Unknown,0.00,Unknown,false,1,11.90,11.90,true,1,
7290111340956,false,ניקול מטליות לחות לרצפה בניחוח פריחה לבנה,חוגלה קימברלי,,מט.לחות ניקול לנ.רצפ,Unknown,0.00,Unknown,false,1,10.90,10.90,true,1,
7290111341373,false,נייר טואלט לילי פסטל 30 גלילים,לילי נייר טואלט חוגלה,,לילי נייר פסטל 30 גל,מטרים,588.00,מטר,false,1,34.90,0.06,true,1,
7290111341816,false,נייר אפייה ניקול עם סליידר 22 מ,אופל,IL,נייר אפייה ניקול עם,מטרים,22.00,מטר,false,1,21.90,1.00,true,1,
7290111341984,false,לילי - מגבוני נייר טואלט לח פיור רביעייה,קימברלי,IL,נייר טואלט לילי לח מ,Unknown,0.00,Unknown,false,1,20.00,20.00,true,1,
7290111342042,false,כריות יפניות ניקול לניקוי אנטיבקטריאלי 4,פלסטו פוליש,IL,כריות יפניות ניקול ל,Unknown,0.00,Unknown,false,1,11.90,11.90,true,1,
7290111342059,false,50 מטליות מיקרופייבר לשטחים אנטיבקטריאלי ניקול,חוגלה,IL,מט.לחות ניקול לחיט מ,Unknown,0.00,Unknown,false,1,14.90,14.90,true,1,
7290111342073,false,מטליות מקרופייבר למשטחים אנטיבקטריאלי ניקול,ניקול,CN,מט.ניקול מיקרופיבר ל,Unknown,0.00,Unknown,false,1,17.70,17.70,true,1,
7290111342738,false,לילי - מגבוני נייר טואלט לח קידס רביעייה,לילי נייר טואלט חוגלה,IL,נייר טואלט לילי לח ק,Unknown,0.00,Unknown,false,1,20.00,20.00,true,1,
7290111343117,false,"קלינקס לושן סופט פק זוגות 140 דף ""חדש""",קימברלי קלארק,,ממחטות אף קלינקס לוש,Unknown,0.00,Unknown,false,1,11.90,11.90,true,1,
7290111343858,false,ניקול מטליות לחות לרצפה אנטיבקרטריאלי 10 יחידות,עלבד משואות יצחק,IL,מטליות לחות ניקול לר,Unknown,0.00,Unknown,false,1,13.90,13.90,true,1,
7290111344138,false,"מטליות ניקול רב""ש אנטיבקטריאליות 6 יח",נ.אורים,,"מטליות ניקול רב""ש אנ",יחידה,1.00,יחידה,false,1,14.90,14.90,true,1,
7290111344206,false,האגיס נטורל קר מגבונים לחים בבישום עדין רביעייה,חוגלה קימברלי,,מגבוני האגיס רביעייה,Unknown,0.00,Unknown,false,1,19.90,19.90,true,1,
7290111344565,false,ניקול שקיות זיפר מארז משולב מידות,taizhou inter packin,CN,ניקול שקיות זיפר מאר,יחידה,1.00,יחידה,false,1,13.90,13.90,true,1,
7290111344572,false,ניקול שקיות אשפה עם ידיות 25 יח',ניקול,,25 ניקול שקיות אשפה,Unknown,0.00,Unknown,false,1,26.50,26.50,true,1,
7290111344701,false,ניקול שקיות אוכל סנדויצון מניונים 250 יחידות,חוגלה קימברלי,,ניקול שקיות סנדוויץ,יחידה,1.00,יחידה,false,1,16.90,16.90,true,1,
7290111344732,false,קלינקס - טיישו אלרג'י קומפורט ניילון זוגות 140 דף,קימברלי קלארק,IL,ממחטות קלינקס אלרגי,Unknown,0.00,Unknown,false,1,16.70,16.70,true,1,
7290111344824,false,מגן תחתון קוטקס אקסטרא אנטיבקטריאלי לארג',חוגלה,CN,מגן תחתון קוטקס לארג,Unknown,0.00,Unknown,false,1,23.90,23.90,true,1,
7290111344831,false,קוטקס - מגיני יום אקסטרא פרוטקט נורמל ביג 60 יח',חוגלה קימברלי,CN,מגן תחתון קוטקס אקסט,Unknown,0.00,Unknown,false,1,23.90,23.90,true,1,
7290111344855,false,קוטקס - מגיני יום אקסטרא פרוטקט לארג' ביג 52 יח',חוגלה קימברלי,CN,מגן תחתון אקסטרא פרו,Unknown,0.00,Unknown,false,1,23.90,23.90,true,1,
7290111344916,false,ניקול שישיית כריות יפניות אנטיבקטריאליות,חוגלה קימברלי,IL,כרית יפנית אנטיבקטרי,Unknown,0.00,Unknown,false,1,14.60,14.60,true,1,
7290111344930,false,מטליות לחות לרצפה בניחוח כביסה ארומתרפיה ניקול 10 יח',ניקול,,מט.לחות ניקול לנ.רצפ,Unknown,0.00,Unknown,false,1,10.90,10.90,true,1,
7290111345777,false,תחבושת קוטקס כותנה לילה 16 יח' קוטקס,קריות זול,CZ,תחבושות קוטקס כותנה,Unknown,0.00,Unknown,false,1,18.90,18.90,true,1,
7290111345821,false,לילי - נייר טואולט נטורל קר ג'מבו 16 יח',חוגלה קימברלי,,נייר טואלט לילי לבן,מטרים,588.80,מטר,false,1,34.90,0.06,true,1,
7290111345890,false,מולט נייר טואלט גלי ענק 24=57,קימברלי-קלארק,IL,מולט נייר טואלט גלי,יחידה,1.00,יחידה,false,1,49.90,49.90,true,1,
7290111345999,false,מארז זוג מטליות לחות לרצפה בניחוח מרכך כביסה 2*10 יח' ניקול,עלבד,IL,ניקול מטליות לחות לר,יחידה,1.00,יחידה,false,1,24.90,24.90,true,1,
7290111346125,false,מארז שלישייה מגבוני דיילי קר ללא בישום *56 יח' האגיס,קימברלי,,מגבוני האגיס שלישייה,Unknown,0.00,Unknown,false,1,21.90,21.90,true,1,
7290111346132,false,מארז שלישייה מגבוני סנסטיב קר ללא בישום *56 יח' האגיס,עלבד,,מגבוני האגיס שלישייה,Unknown,0.00,Unknown,false,1,21.90,21.90,true,1,
7290111346347,false,מגבוני אף אוריגינל סופט חמישיה קלינקס,חוגלה קימברלי,,קלינקס סופט חמישייה,יחידה,1.00,יחידה,false,1,15.90,15.90,true,1,
7290111350092,false,מארז מיקס חטיפי מיני לואקר בסט 200 גר,ליימן מותגים,,מארז מיקס חטיפי מיני,גרמים,200.00,100 גרם,false,1,23.90,11.95,true,1,
7290111350665,false,קליית גת דבש לחיץ טהור מפרחי בר 350 גרם,חקלאות עין חרוד מאוח,,דבש לחיץ קליית גת 35,גרמים,350.00,100 גרם,false,1,23.90,6.83,true,1,
7290111350719,false,חטיף נאצוס הוטפופ בסגנון מסעדות 322 גר,ליימן מותגים,US,חטיף נאצוס הוטפופ בס,גרמים,322.00,100 גרם,false,1,16.90,5.25,true,1,
7290111350726,false,חטיף נאצוס הוטפופ בסגנון מקסיקני 322 גר,ליימן מותגים,US,חטיף נאצוס הוטפופ בס,גרמים,322.00,100 גרם,false,1,16.90,5.25,true,1,
7290111351747,false,טורטיה מקמח חיטה צ'וקטה 320 גרם,צ'וקטה,DE,טורטיות מקמח חיטה צו,גרמים,320.00,100 גרם,false,1,9.90,3.09,true,1,
7290111352959,false,מקלות חמוצים ממולאים בטעם פירות 80 גר' יוגטה,יוגטה yogueta,TR,גומי יוגטה מקלותי חמ,גרמים,80.00,100 גרם,false,1,5.60,7.00,true,1,
7290111354120,false,ממרח חלווה קליית גת 300 גרם,קליית גת,IL,ממרח חלווה קליית גת,גרמים,300.00,100 גרם,false,1,16.90,5.63,true,1,
7290111354137,false,ממרח פקאן מסוכר קליית גת 200 גרם,J&G קיסריה,IL,ממרח פקאן מסוכר קליי,גרמים,200.00,100 גרם,false,1,20.90,10.45,true,1,
7290111354236,false,"טורטיה מקמח חיטה 25 ס""מ צ'וקטה 420 גרם",צ'וקטה,,טורטייה מרקדו קמח חי,גרמים,420.00,100 גרם,false,1,11.90,2.83,true,1,
7290111354243,false,"טורטיה מקמח חיטה 30 ס""מ צ'וקטה 540 גרם",צ'וקטה,,טורטייה מרקדו קמח חי,גרמים,540.00,100 גרם,false,1,13.90,2.57,true,1,
7290111564291,false,פריכיות דקות ונימוחות 3 דגנים וקינואה פיטנס Fitness,פרח תעשיות בעמ,,פריכיות פיטנס דקות ע,גרמים,120.00,100 גרם,false,1,10.90,9.08,true,1,
7290111566271,false,חטיפי תירס טבעול 657 גרם,עיצובים 2020 (4.8),,חטיפי תירס טבעול 657,גרמים,657.00,100 גרם,false,1,29.90,4.55,true,1,
7290111566332,false,"נקניקיות וינר מן הצומח 680 גרם ""טבעול""",עיצובים 2020 (4.8),,נקניקיות וינר צמחוני,גרמים,680.00,100 גרם,false,1,36.50,5.37,true,1,
7290111566417,false,טבעול טחון מן הצומח משופר 400 גרם,עיצובים 2020 (4.8),,טחון צמחוני טבעול 50,גרמים,500.00,100 גרם,false,1,36.50,7.30,true,1,
7290111566547,false,טבעול חזה בגריל צמחוני 99 קלוריות 560ג',עיצובים 2020 (4.8),,חזה בגריל צמחוני טבע,גרמים,560.00,100 גרם,false,1,31.90,5.70,true,1,
7290111566561,false,"שניצל ברוקולי 99 קלוריות 560 גר' ""טבעול""",עיצובים 2020 (4.8),,שניצל ברוקולי 99 קלו,גרמים,560.00,100 גרם,false,1,36.50,6.52,true,1,
7290111566585,false,"שניצל צמחוני 99 קלוריות 650 גר' ""טבעול""",עיצובים 2020 (4.8),,שניצל צמחוני 99 קלור,גרמים,650.00,100 גרם,false,1,36.50,5.62,true,1,
7290111566752,false,טבעול שניצל תירס 99 קלוריות 693 גרם,עיצובים 2020 (4.8),,שניצל תירס 99 קלוריו,גרמים,693.00,100 גרם,false,1,31.90,4.60,true,1,
7290111568206,false,ביסלי פארטי מיקס אסם 150 גר',פרו מן יו פתרונות אר,,ביסלי פארטי מיקס 150,גרמים,150.00,100 גרם,false,1,7.50,5.00,true,1,
7290111568299,false,אטריות נודלס עם תרד אסם אסייתי 300 גר',זארה,,נודלס אטריות עם תרד,גרמים,300.00,100 גרם,false,1,11.40,3.80,true,1,
7290111568961,false,אסם בייגלה טבעות מלח 400 גרם,אסם,,בייגלה טבעות מלח 400,גרמים,400.00,100 גרם,false,1,9.90,2.48,true,1,
7290111664113,false,מזלג וסראי לבן 10 יח,,CN,מזלג וסראי לבן 10 יח,Unknown,0.00,Unknown,false,1,4.50,4.50,true,1,
7290111665462,false,מזלג וסראי טורקיז 10 יח,,CN,מזלג וסראי טורקיז 10,Unknown,0.00,Unknown,false,1,4.50,4.50,true,1,
7290111665479,false,כף וסראי טורקיז 10 יח,,TR,כף וסראי טורקיז 10 י,Unknown,0.00,Unknown,false,1,4.50,4.50,true,1,
7290111665530,false,מזלג וסראי ניצוצות זהב 10 יח,,CN,מזלג וסראי ניצוצות ז,Unknown,0.00,Unknown,false,1,4.50,4.50,true,1,
7290111665547,false,סכין וסראי ניצוצות זהב 10 יח,,CN,סכין וסראי ניצוצות ז,Unknown,0.00,Unknown,false,1,4.50,4.50,true,1,
7290111665578,false,מזלג וסראי ניצוצות כסף 10 יח,,CN,מזלג וסראי ניצוצות כ,Unknown,0.00,Unknown,false,1,4.50,4.50,true,1,
7290111666247,false,כוס מסוגננת עלים 40 יח,,IT,כוס מסוגננת עלים 40,Unknown,0.00,Unknown,false,1,15.50,15.50,true,1,
7290111872969,false,נרות ג'מבו כוכבים פי ג'יי,,CN,נרות גמבו כוכבים כו,Unknown,1.00,Unknown,false,12,6.50,6.50,true,1,
7290111930805,false,קראנצ'וס טעם ברביקיו 55 גר',חברת מנה בעמ,,קראנצוס ברביקיו 55 ג,גרמים,55.00,100 גרם,false,1,3.50,6.36,true,1,
7290111930850,false,קראנצ'וס טעם פיצה 55גר',קראנצ'וס,,קראנצוס פיצה 55 גרם,גרמים,55.00,100 גרם,false,1,3.50,6.36,true,1,
7290111930904,false,חטיף פוף כוכבים בצל 40 גרם,פוף POOF,,חטיף פוף כוכבים בצל,גרמים,40.00,100 גרם,false,1,4.60,11.50,true,1,
7290111930928,false,חטיף פוף לבבות גריל 40 גרם,פוף POOF,,חטיף פוף לבבות גריל,גרמים,40.00,100 גרם,false,1,4.60,11.50,true,1,
7290111930935,false,חטיף פוף טבעות קלאסי 40 גרם,פוף POOF,,חטיף פוף טבעות קלאסי,גרמים,40.00,100 גרם,false,1,4.60,11.50,true,1,
7290111932380,false,"מרידול משחת שיניים מארז 75X2מ""ל כשל""פ",GABA LOER GER,PL,משחת שיניים מרידול מ,מיליליטרים,150.00,"100 מ""ל",false,1,35.50,23.67,true,1,
7290111932502,false,"משחת שיניים קולגייט אופטיק וייט אקספרט וויט 75 מ""ל",קולגייט Colgate,MX,מש.שיניים קולגייט או,Unknown,0.00,Unknown,false,1,24.90,24.90,true,1,
7290111933554,false,שלישייה עגבניות קוביות מאסטר שף 400 גרם,קונסוריזיו קאסאלסקו,IT,מנה עגבניות קוביות ש,קילוגרמים,0.00,"ק""ג",false,1,17.70,17.70,true,1,
7290111935527,false,"מ. שיניים קולגייט טוטל קלין מיניט -זוג כשל""פ2*100 גרם",קולגייט פלמוליב,PL,מש.שיניים קולגייט טו,מיליליטרים,100.00,"100 מ""ל",false,1,32.90,32.90,true,1,
7290111935817,false,דאו ליידי ספיד סטיק סטיק דרמה פנינה 45 ג,ספיד סטיק,,דאו ליידי ספיד סטיק,גרמים,45.00,100 גרם,false,1,20.90,46.44,true,1,
7290111936296,false,"פלמוליב סבון נוזלי בניחוח סנסיישן מסאז' ,750 מ""ל",קולגייט פלמוליב,TR,סבון נוזלי פלמוליב א,מיליליטרים,750.00,"100 מ""ל",false,1,19.90,2.65,true,1,
7290111937712,false,קוקי רדיד אלומניום עטוף בניירר אפייה,קוקי,CN,רדיד אלומיניום קוקי,Unknown,0.00,Unknown,false,1,12.90,12.90,true,1,
7290111938481,false,"רוטב סויה בהירה מאסטר שף 300 מ""ל",מאסטר שף,TH,רוטב סויה בהירה מאסט,מיליליטרים,300.00,"100 מ""ל",false,1,10.90,3.63,true,1,
7290111938498,false,"מנה אסייאתי רוטב סויה בהירה 700 מ""ל מ.שף",קי.אר.אס. ספייסי פוד,,מנה אסייאתי רוטב סוי,מיליליטרים,700.00,"100 מ""ל",false,1,17.70,2.53,true,1,
7290111939181,false,קוקי כיסוי ניילון עם גומי מיקס מידות,שסטוביץ,CN,ניילון נצמד קוקי עם,Unknown,0.00,Unknown,false,1,10.90,10.90,true,1,
7290112000156,false,"איירוויק מילוי מפיץ אדים אוטמטי לבנדר 20 מ""ל",איירוויק Air Wick,,מילוי אירוויק למפזר,Unknown,0.00,Unknown,false,1,22.90,22.90,true,1,
7290112000163,false,מילוי למפזר אדים בניחוח יסמין ואדמונית,איירוויק Air Wick,,מילוי אירוויק למפזר,Unknown,0.00,Unknown,false,1,22.90,22.90,true,1,
7290112000286,false,"גל לניקוי אסלות סיליט באנג לימון 750 מ""ל",סיליט באנג Cillit Bang,,גל לניקוי אסלות סילי,מיליליטרים,750.00,"100 מ""ל",false,1,10.90,1.45,true,1,
7290112000293,false,"סיליט באנג ג'ל לחיטוי וניקוי האסלה פרש, 750 מ""ל",סיליט באנג Cillit Bang,,גל לניקוי אסלות סילי,מיליליטרים,750.00,"100 מ""ל",false,1,10.90,1.45,true,1,
7290112000736,false,פיניש טבליות aio 80 יח אריזת חסכון,רקיט בנקיזר,,פיניש הכל באחד,Unknown,0.00,Unknown,false,1,59.90,59.90,true,1,
7290112001023,false,"אירוויק ספרי אוטמטי מילוי תענוגות האביב 250 מ""ל","יצרן המכשיר: זובלה, שנזן",IL,מילוי אוטומטי אירווי,מיליליטרים,250.00,"100 מ""ל",false,1,22.90,9.16,true,1,
7290112001238,false,"מנקה מכונת כביסה קולון לימון 250 מ""ל",רקיט בנקיזר,ES,מנקה מכונת כביסה קול,מיליליטרים,250.00,"100 מ""ל",false,1,20.50,8.20,true,1,
7290112001436,false,"פיניש מנקה מדיח כלים בניחוח לימון 250 מ""ל",רקיט בנקיזר,PL,מנקה מדיח פיניש לימו,מיליליטרים,250.00,"100 מ""ל",false,1,14.90,5.96,true,1,
7290112001870,false,"סיליט באנג ספריי ניקוי אמבטיה 750 מ""ל",רקיט בנקיזר,PL,מרסס סיליט לניקוי אמ,מיליליטרים,750.00,"100 מ""ל",false,1,14.50,1.93,true,1,
7290112001900,false,פיניש ג'ל למדיח אקולוגי 1 ליטר,רקיט בנקיזר,PL,גל למדיח פיניש אקולו,ליטרים,0.00,ליטר,false,1,42.90,42.90,true,1,
7290112002099,false,קולון גל כביסה מרוכז 2.5 ליטר קלאסי,רקיט בנקיזר,IL,גל כביסה קולון מרוכז,ליטרים,0.00,ליטר,false,1,28.50,28.50,true,1,
7290112002112,false,ג'ל כביסה מרוכז קולון 101 בניחוח ורדים,רקיט בנקיזר,IL,גל כביסה קולון מרוכז,ליטרים,0.00,ליטר,false,1,28.50,28.50,true,1,
7290112002129,false,ג'ל כביסה מרוכז קולון 101 בניחוח פריחה מרענן,רקיט בנקיזר,IL,גל כביסה קולון מרוכז,ליטרים,0.00,ליטר,false,1,28.50,28.50,true,1,
7290112002136,false,ג'ל כביסה מרוכז קולון 101 קלאסי,רקיט בנקיזר,IL,גל כביסה קולון מרוכז,ליטרים,0.00,ליטר,false,1,37.90,37.90,true,1,
7290112002143,false,ג'ל כביסה מרוכז קולון 101 בניחוח לילך,רקיט בנקיזר,IL,גל כביסה קולון מרוכז,ליטרים,0.00,ליטר,false,1,37.90,37.90,true,1,
7290112002150,false,ג'ל כביסה מרוכז קולון 101 בניחוח ורדים,רקיט בנקיזר,IL,גל כביסה קולון מרוכז,ליטרים,0.00,ליטר,false,1,37.90,37.90,true,1,
7290112002167,false,קולון ג'ל כביסה בניחוח פריחה מרענן ירוק 4 ליטר,רקיט בנקיזר,IL,גל כביסה קולון מרוכז,ליטרים,0.00,ליטר,false,1,37.90,37.90,true,1,
7290112003188,false,קולון קפסולות ג'ל 60 יח' אריזת חיסכון,רקיט בנקיזר,,קפסולות גל לכביסה קו,יחידה,1.00,יחידה,false,1,57.50,57.50,true,1,
7290112003232,false,אבקת כביסה בניחוח לבנדר קולון 5 ק''ג,זוהר דליה,,אבקת כביסה קולון לבנ,קילוגרמים,0.01,"ק""ג",false,1,36.50,3650.00,true,1,
7290112003256,false,אבקת כביסה קולון 101 בניחוח לבנדר,זוהר דליה,,אבקת כביסה קולון מאס,קילוגרמים,0.00,"ק""ג",false,1,16.70,16.70,true,1,
7290112003478,false,"מבשם אוויר אירוויק ספריי אננס ורוזמרין 236 מ""ל",רקיט בנקיזר,PL,איירויק בוטניקה ספרי,מיליליטרים,236.00,"100 מ""ל",false,1,19.90,8.43,true,1,
7290112003959,false,וניש מסיר כתמים אבקה לכביסה צבעונית 470 גרם,רקיט בנקיזר,IT,וניש מסיר כתמים לכבי,גרמים,470.00,100 גרם,false,1,18.80,4.00,true,1,
7290112003966,false,"אבקה להסרת כתמים לכביסה לבנה ""וניש גולד""",רקיט בנקיזר,IT,וניש מסיר כתמים לכבי,גרמים,470.00,100 גרם,false,1,18.80,4.00,true,1,
7290112004161,false,"ספריי אוטמטי מילוי בניחוח סנטורל 250 מ""ל אירוויק",RB בריטניה,GB,איירוויק פרשמטיק מיל,מיליליטרים,250.00,"100 מ""ל",false,1,22.90,9.16,true,1,
7290112004208,false,פיניש טבליות למדיח הכל ב 1 לימון 50 יחידות,רקיט בנקיזר,PL,פיניש טבליות הכל ב-1,Unknown,0.00,Unknown,false,1,37.90,37.90,true,1,
7290112004413,false,"ספריי וניש קליה להסרת כתמים לבגדים לבנים 750 מ""ל",רקיט בנקיזר,,וניש ספריי הסרת כתמי,יחידה,1.00,יחידה,false,1,18.90,18.90,true,1,
7290112004710,false,וניש תוסף כביסה גל מרוכז-כביסה לבנה,רקיט בנקיזר,IT,וניש גליסמו לבן 750,Unknown,0.00,Unknown,false,1,20.90,20.90,true,1,
7290112004772,false,אירוויק מילוי מבשם חשמלי כביסה באוויר,רקיט בנקיזר,,אירוויק מילוי מבשם ח,Unknown,0.00,Unknown,false,1,17.90,17.90,true,1,
7290112004970,false,פיניש אולטימייט קוואנטום 50 טבליות למדיח,רקיט בנקיזר,,פיניש אולטימייט 50 ט,Unknown,0.00,Unknown,false,1,59.90,59.90,true,1,
7290112005045,false,וניש מסיר כתמים אבקה לכביסה לבנה 480 גרם,רקיט בנקיזר,IT,וניש אבקת כביסה לבנה,יחידה,1.00,יחידה,false,1,18.80,18.80,true,1,
7290112005052,false,וניש תוסף כביסה רב תכליתי לבגדים לבנים,קליה וניש Kalia Vanish,IT,וניש אבקת כביסה לבנה,יחידה,1.00,יחידה,false,1,36.50,36.50,true,1,
7290112005076,false,וניש תוסף כביסה רב תכליתי צבעוני 480 גרם,רקיט בנקיזר,IT,וניש אבקת כביסה צבעו,יחידה,1.00,יחידה,false,1,18.80,18.80,true,1,
7290112005083,false,וניש תוסף כביסה רב תכליתי לכביסה צבעונית,קליה וניש Kalia Vanish,IT,וניש אבקת כביסה לצבע,יחידה,1.00,יחידה,false,1,36.50,36.50,true,1,
7290112190116,false,וופל הולנדי במילוי קרמל 224 גרם,,,וופל הולנדי במילוי ק,גרמים,224.00,100 גרם,false,1,10.90,4.87,true,1,
7290112192578,false,משחת שיניים פרודונטקס אקסטרה פרש הגנה מלאה,ג'י.אס.קיי קונסיומר,GB,משחת שיניים פרודונטק,מיליליטרים,75.00,"100 מ""ל",false,1,37.90,50.53,true,1,
7290112192875,false,"סנסודיין - משחת שיניים רגישות וחניכיים 75 מ""ל",סנסודיין Sensodyne,GB,מש.שיניים סנסודיין ר,מיליליטרים,75.00,"100 מ""ל",false,1,37.90,50.53,true,1,
7290112192882,false,"סנסודיין - משחת שיניים רגישות וחניכיים מלבינה 75 מ""ל",ג'י.אס.קיי קונסיומר,GB,מש.שיניים סנסודיין ר,מיליליטרים,75.00,"100 מ""ל",false,1,37.90,50.53,true,1,
7290112193278,false,"סטייל - שמפו מתולתלות לניקוי יסודי 600 מ""ל",א.ל.ארמן ייצור תמרוקים ב,IL,שמפו סטייל מתולתלות,מיליליטרים,600.00,"100 מ""ל",false,1,24.90,4.15,true,1,
7290112193292,false,"סטייל - מתולתלות מסכה לטיפול עמוק 500 מ""ל",א.ל.ארמן ייצור תמרוקים ב,,סטייל מסכה מתולתלות,מיליליטרים,500.00,"100 מ""ל",false,1,34.90,6.98,true,1,
7290112193315,false,"סטייל - מתולתלות קרם לחות להורדת פריז 400 מ""ל",א.ל.ארמן ייצור תמרוקים ב,,סטייל קרם לחות מתולת,מיליליטרים,400.00,"100 מ""ל",false,1,34.90,8.73,true,1,
7290112193889,false,"סטייל - אל סבון ארומטי שחור 500 מ""ל",רנקסאן פלסטיק יאנגר סאן,,אל סבון ארומטי שחור,מיליליטרים,500.00,"100 מ""ל",false,1,8.90,1.78,true,1,
7290112196392,false,ברגים מקמח כוסמין מלא 400 גר,,,ברגים מקמח כוסמין מל,גרמים,400.00,100 גרם,false,1,15.90,3.98,true,1,
7290112197078,false,"סטייל - תחליב רחצה לניקוי וטיפוח הידיים חמאת שיאה 500 מ""ל",רנקסאן פלסטיק יאנגר,TR,סטייל תחליב ידיים חמ,מיליליטרים,0.00,"100 מ""ל",false,1,12.90,12.90,true,1,
7290112197085,false,"סטייל - סבון מעוצב פריז 500 מ""ל",רנקסאן פלסטיק יאנגר,TR,סבון מעוצב פריז 500,Unknown,0.00,Unknown,false,1,10.90,10.90,true,1,
7290112197092,false,"סטייל - סבון מעוצב ניו יורק 500 מ""ל",רנקסאן פלסטיק יאנגר,TR,סבון מעוצב ניו יורק,Unknown,0.00,Unknown,false,1,10.90,10.90,true,1,
7290112197139,false,"סטייל - סבון ידיים אדום 500 מ""ל חדש",רנקסאן פלסטיק יאנגר,,סטייל אל סבון תה אדו,יחידה,1.00,יחידה,false,1,8.90,8.90,true,1,
7290112330352,false,"יוגורט PRO בטעם וניל 0% , 20 גרם חלבון בגביע","שטראוס בריאות בע""\מ",IL,דנונה פרו וניל 20 גר,גרמים,200.00,100 גרם,false,1,5.90,2.95,true,1,
7290112330390,false,דנונה פרו פירות יער 20 גרם חלבון 0% שומן 200 גרם,"שטראוס בריאות בע""\מ",IL,דנונה פרו פירות יער,גרמים,200.00,100 גרם,false,1,5.90,2.95,true,1,
7290112330420,false,דנונה פרו לבן 2.9% שומן 150 גרם,מיוצר עי קונדיטוריית,IL,דנונה פרו 2.9% לבן 1,גרמים,150.00,100 גרם,false,1,4.90,3.27,true,1,
7290112332585,false,פריכיות משולש תפוא אורז בתיבול סלק ומלח ים אנרג'י 30 גרם,"פרח תעשיו מזון בע""מ",IL,"פריכיות תפו""א, אורז,",גרמים,30.00,100 גרם,false,1,5.00,16.67,true,1,
7290112332691,false,פינוקיות עוגיות קרם פסק זמן אגוזים 200 גרם,"הגביע מוצרי וופלים בע""\מ",IL,עוגיית קרם פסק זמן א,גרמים,200.00,100 גרם,false,1,12.50,6.25,true,1,
7290112332899,false,עלית - צנצנת בזוקה פופים קלאסי 58 גרם,אסקום קונפקשיין,IL,צנצנת בזוקה פופים קל,גרמים,58.00,100 גרם,false,1,9.90,17.07,true,1,
7290112335487,false,הפריכיות הטעימות קצח ודגנים אנרג'י 135 גרם,אנרג'י Energy - שטראוס,IL,פריכיות הטעימות קצח,גרמים,135.00,100 גרם,false,1,10.90,8.07,true,1,
7290112335494,false,הפריכיות הטעימות תפוחי אדמה בטעם פוטטוס,"פרח תעשיות מזון בע""\מ",IL,פריכיות הטעימות פוטט,גרמים,135.00,100 גרם,false,1,10.90,8.07,true,1,
7290112335500,false,"פרכיות אנרג'י חומוס,אורז,עדשים שחורות וקינואה 135 גרם","פרח תעשיות מזון בע""\מ",IL,פריכיות הטעימות חלבו,גרמים,135.00,100 גרם,false,1,10.90,8.07,true,1,
7290112336613,false,עד חצות עוגיות סנדוויץ במילוי שוקולד חלב,שטראוס גרופ,FR,עד חצות עוגיות סנדוו,גרמים,135.00,100 גרם,false,1,11.90,8.81,true,1,
7290112336637,false,סוכריות מאסט Must ללא סוכר יוגורט תות ואוכניות,שטראוס גרופ,PL,"סוכריות מאסט לל""ס יו",גרמים,80.00,100 גרם,false,1,10.40,13.00,true,1,
7290112336644,false,סוכריות מאסט ללא סוכר לימון 80 ג' עלית,שטראוס גרופ,PL,"סוכריות מאסט לל""ס לי",גרמים,80.00,100 גרם,false,1,10.40,13.00,true,1,
7290112336712,false,יוגורט PRO לבן 0% 21 גרם חלבון בגביע,"שטראוס בריאות בע""מ",IL,דנונה פרו 21 גרם חלב,גרמים,200.00,100 גרם,false,1,5.90,2.95,true,1,
7290112337474,false,סוכריות מאסט ללא סוכר פטל לימון 80 ג' עלית,שטראוס גרופ,PL,"סוכריות מאסט לל""ס פט",גרמים,80.00,100 גרם,false,1,10.40,13.00,true,1,
7290112338877,false,מעדן גבינה בטעם תות 3% 125ג' סקי,"שטראוס בריאות בע""\מ",IL,סקי בטעם תות 125 גר,גרמים,125.00,100 גרם,false,1,3.70,2.96,true,1,
7290112339171,false,מילקי מוס עם שוקולד וקצפת,מיוצר עי קונדיטוריית,IL,מילקי מוס 133 גרם,גרמים,133.00,100 גרם,false,1,3.70,2.78,true,1,
7290112339362,false,דנונה לייט אנד פריי בטעם קפוצ'ינו 150 גרם,"שטראוס בריאות בע""\מ",IL,דנונה לייט אנד פריי,גרמים,150.00,100 גרם,false,1,5.40,3.60,true,1,
7290112339867,false,גמדים לדרך גבינה לבנה עם מחית תות,"שטראוס בריאות בע""\מ",IL,גמדים סקוויז תות 100,גרמים,100.00,100 גרם,false,1,5.90,5.90,true,1,
7290112339874,false,גמדים לדרך גבינה לבנה עם מחיות תות ובננה,"שטראוס בריאות בע""\מ",IL,גמדים סקוויז תות,גרמים,100.00,100 גרם,false,1,5.90,5.90,true,1,
7290112340252,false,צנצנת מסטיק מאסט בטעם אבטיח מלון 66 ג' עלית,"שטראוס גרופ בע""\מ",IL,צנצנת מאסט בטעם אבטי,גרמים,66.00,100 גרם,false,1,9.90,15.00,true,1,
7290112341686,false,שמינייה יוגורט לבן אקטיביה 3% דנונה 150 גרם.,מיוצר עי קונדיטוריית,IL,מארז אקטיביה שמיניה,גרמים,1200.00,100 גרם,false,1,19.90,1.66,true,1,
7290112342102,false,סימפוניה גבינה במרקם שמנת בצל מקורמל 5%,"שטראוס בריאות בע""\מ",,סימפוניה בצל מקורמל,גרמים,200.00,100 גרם,false,1,11.00,5.50,true,1,
7290112342270,false,קפה פלטינום אינטנס מחוזק ב- 10% אספרסו,שטראוס קפה בי.וי,IL,קפה פלטינוום אינטנס,גרמים,125.00,100 גרם,false,1,18.80,15.04,true,1,
7290112343420,false,"משקה חלב עם דגנים מלאים ובננה פרו יטבתה 350מ""ל",מחלבת יטבתה,IL,משקה חלב עם דגנים וב,מיליליטרים,350.00,"100 מ""ל",false,1,7.50,2.14,true,1,
7290112343499,false,חטיף צ'יטוס פאפס אפוי בטעם גבינה,"שטראוס פריטו ליי בע""\מ )",,ציטוס 55 גרם 48 יחיד,גרמים,55.00,100 גרם,false,1,3.50,6.36,true,1,
7290112343512,false,צ'יטוס puffs בטעם גבינה 180 גרם,"שטראוס פריטו ליי בע""\מ )",,ציטוס 160 גרם 9 יחי,גרמים,160.00,100 גרם,false,1,7.90,4.94,true,1,
7290112344724,false,מעדן בטעם שוקולד בלונדי 170 ג' מילקי,מיוצר עי קונדיטוריית,IL,מילקי מוס 133 גרם,גרמים,81.00,100 גרם,false,1,3.70,4.57,true,1,
7290112344755,false,מילקי שוקולד 26% פחות סוכר 135 גרם,מיוצר עי קונדיטוריית,,מילקי מופחת סוכר 133,גרמים,133.00,100 גרם,false,1,2.90,2.18,true,1,
7290112344786,false,קפה פלטינום קלאסיק עלית 200 גרם,הנסיך- מפעל לייצור ט,IL,קפה פלטינום קלאסיק 2,גרמים,200.00,100 גרם,false,1,21.90,10.95,true,1,
7290112344953,false,סימפוניה חציל קלוי גבינה במקרם שמנת 5%,"שטראוס בריאות בע""\מ",,סימפוניה חציל קלוי 5,גרמים,200.00,100 גרם,false,1,11.00,5.50,true,1,
7290112346360,false,בפלות אחת אחת ופל בטעם שוקולד מצופה שוקולד,הגביע מוצרי וופלים ב,,בפלות אחת אחת בציפוי,גרמים,180.00,100 גרם,false,1,15.50,8.61,true,1,
7290112346629,false,דנונה בר יוגורט+קורנפלקס מצופה שוקולד חלב ולבן 172 גרם,"שטראוס בריאות בע""\מ",IL,יוגורט עם קורנפלקס מ,גרמים,172.00,100 גרם,false,1,4.60,2.67,true,1,
7290112346773,false,יוגורט בטעם וניל 0% לייט אנד פרי 10 גרם חלבון בגביע,מיוצר עי קונדיטוריית,IL,דנונה לייט אנד פריי,גרמים,150.00,100 גרם,false,1,5.40,3.60,true,1,
7290112346797,false,יוגורט אקטיביה שיבולת שועל ושזיף 150 גרם,מיוצר עי קונדיטוריית,IL,יוגורט אקטיביה שיבול,גרמים,150.00,100 גרם,false,1,4.60,3.07,true,1,
7290112346827,false,שמיניית אקטימל ויטמין C פטל 108 גרם,"שטראוס בריאות בע""\מ",IL,אקטימל ויטמין c פטל,מיליליטרים,800.00,"100 מ""ל",false,1,20.90,2.61,true,1,
7290112347008,false,גמדים לדרך גבינה לבנה עם מחית תות ושיבולת שועל,מיוצר עי קונדיטוריית,IL,גמדים סקוויז תות בננ,גרמים,100.00,100 גרם,false,1,5.90,5.90,true,1,
7290112347473,false,מארז דנונה לייט אנד פריי תות ואפרסק 150 גרם 8 יחידות,מיוצר עי קונדיטוריית,IL,מארז דנונה לייט תות,גרמים,1200.00,100 גרם,false,1,31.50,2.63,true,1,
7290112348616,false,עלית - קפה נמס אגוזי לוז 100 גרם,שטראוס קפה בי.וי,IL,קפה נמס עלית אגוזי ל,גרמים,100.00,100 גרם,false,1,15.50,15.50,true,1,
7290112349606,false,מעדן גבינה ויוגורט תות בננה 88 ג' דניאלה,"שטראוס בריאות בע""\מ",,דניאלה תות בננה 88 ג,גרמים,88.00,100 גרם,false,1,4.10,4.66,true,1,
7290112349705,false,פומודורו רוטב עגבניות קלאסי לפסטה יד מרדכי 350 גרם,אמיליאנה קונסרב סוסייטה,IT,רוטב עגבניות לפסטה ק,גרמים,350.00,100 גרם,false,1,13.50,3.86,true,1,
7290112349736,false,בזיליקום רוטב עגבניות לפסטה יד מרדכי 350 גרם,אמיליאנה קונסרב סוסייטה,IT,רוטב עגבניות לפסטה ב,גרמים,350.00,100 גרם,false,1,13.50,3.86,true,1,
7290112349743,false,ארביאטה רוטב עגבניות פיקנטי לפסטה 350 ג' יד מרדכי,אמיליאנה קונסרב סוסייטה,IT,רוטב עגבניות לפסטה פ,גרמים,350.00,100 גרם,false,1,13.50,3.86,true,1,
7290112349750,false,פיצה רוטב עגבניות לפיצה יד מרדכי 350 גרם,אמיליאנה קונסרב סוסייטה,IT,רוטב עגבניות לפיצה י,גרמים,350.00,100 גרם,false,1,13.50,3.86,true,1,
7290112349897,false,מסטיק מאסט Must קוביות בטעם מנטה ללא סוכר,אסקום קונפקשיין,DE,מסטיק מאסט קוביות מנ,גרמים,86.00,100 גרם,false,1,14.90,17.33,true,1,
7290112350312,false,קפסולות 15 קפה יותר למכונות נספרסו עלית 10יח',הנסיך- מפעל לייצור ט,IL,קפסולות 15 למכונות נ,גרמים,50.00,100 גרם,false,1,16.50,33.00,true,1,
7290112350589,false,ציקו אבקה להכנת משקה ציקוריה 65 גר,שטראוס קפה בי.וי,,ציקו אבקה להכנת משקה,גרמים,65.00,100 גרם,false,1,13.50,20.77,true,1,
7290112351067,false,סילאן טבעי 100% תמר מג'הול ללא תוספת סוכר,יד מרדכי,IL,סילאן טבעי לחיץ יד מ,גרמים,630.00,100 גרם,false,1,30.50,4.84,true,1,
7290112351258,false,עוגיית קקאו פינוקיות שחור לבן 200 גר,"הגביע מוצרי ופלים בע""\מ",IL,עוגיית קקאו פינוקיות,גרמים,200.00,100 גרם,false,1,12.50,6.25,true,1,
7290112353887,false,"משקה קפה קר בטעם אגוזים יטבתה 230 מ""ל",האי נאם סי או אל.טי.,,משקה קפה קר בטעם,מיליליטרים,230.00,"100 מ""ל",false,1,8.30,3.61,true,1,
7290112354204,false,"ספגטי עגבניות 280 גר' ""דלישס"" שטראוס",גסטרונומיה פרוסט אס. אר.,IT,ספגטי עגבניות דלישס,גרמים,280.00,100 גרם,false,1,22.90,8.18,true,1,
7290112354211,false,"פיצה מרגריטה""דלישס"" שטראוס",סקרלינפיצה אס. אר. אל. א,IT,פיצה מרגריטה דלישס 4,קילוגרמים,0.28,"ק""ג",false,1,27.50,98.21,true,1,
7290112354235,false,ברקטה פיצה - 2 יחידות במארז,סקרלינפיצה אס. אר. אל. א,IT,ברקטה פיצה דלישס 280,קילוגרמים,0.28,"ק""ג",false,1,27.50,98.21,true,1,
7290112354242,false,"קונוס פיצה ""דלישס"" שטראוס",סקרלינפיצה אס. אר. אל. א,IT,קונוס פיצה דלישס 280,קילוגרמים,0.28,"ק""ג",false,1,27.50,98.21,true,1,
7290112354945,false,תפוצ'יפס WAVY בטעם טבעי 50 גרם,שטראוס פריטו ליי בע”,IL,תפוציפס טבעי 50 גר W,גרמים,50.00,100 גרם,false,1,4.00,8.00,true,1,
7290112355027,false,דנונה פרו 20 גרם חלבון בטעם קרמל מלוח 200 גרם,"שטראוס בריאות בע""\מ",,דנונה פרו 20 גרם חלב,גרמים,200.00,100 גרם,false,1,5.90,2.95,true,1,
7290112355102,false,גמדים סקוויז 100 גרם פאוץ סלט פירות 100 גרם,"שטראוס בריאות בע""\מ",IL,גמדים פאוץ סלט פירות,גרמים,100.00,100 גרם,false,1,5.90,5.90,true,1,
7290112355393,false,"יטבתה רוטב שמנת+בטטה 9% שומן 250 מ""ל",שטראוס גרופ,,יטבתה רוטב שמנת עם ב,גרמים,250.00,100 גרם,false,1,10.90,4.36,true,1,
7290112357113,false,גרגרי חומוס בקופסה 380 גר' טעם הטבע,שטראוס טעם הטבע,IT,גרגרי חומוס טעם הטבע,גרמים,380.00,100 גרם,false,1,7.30,1.92,true,1,
7290112357892,false,שלישיית סוכריות מאסט FRESH מנטה 45 גרם,"הליקון גידה בע""\מ",,שלישיית סוכריות מנטה,גרמים,45.00,100 גרם,false,1,9.50,21.11,true,1,
7290112358219,false,רוטב צ'ילי מתוק יד מרדכי 300 גרם,אף.סי תבליני בגליל ב,,רוטב צילי מתוק יד מר,גרמים,300.00,100 גרם,false,1,14.60,4.87,true,1,
7290112358240,false,רוטב גריל יד מרדכי 300 גרם,"בית אל מזון בע""מ",IL,רוטב גריל יד מרדכי,גרמים,300.00,100 גרם,false,1,14.60,4.87,true,1,
7290112358257,false,רוטב לעוף עם שזיפים יד מרדכי 300 גרם,"ב.א. מזון בע""\מ",IL,רוטב לעוף עם שזיפים,גרמים,300.00,100 גרם,false,1,14.60,4.87,true,1,
7290112358431,false,עד חצות דאבל ביסקוויט עם שוקולד חלב -8 אריזות אישיות,ביסקוויטס טור ד'\אלבון,IL,ביסקוויט עד חצות דאב,גרמים,180.00,100 גרם,false,1,12.90,7.17,true,1,
7290112358554,false,מארז קפה נמס מנות אישיות לדרך 50.4 גר,שטראוס רומניה,IL,מארז קפה נמס מנות אי,גרמים,50.00,100 גרם,false,1,11.50,23.00,true,1,
7290112359384,false,עלית - קפה נמס אלפחורס ריבת חלב 100 גרם,שטראוס קפה בי.וי,IL,קפה נמס עלית אלפחורס,גרמים,100.00,100 גרם,false,1,15.50,15.50,true,1,
7290112490032,false,"נמס בכוס טעם תירס קנור 31 גרם מארז זוגי בד""צ",יוניליוור ישראל מזון בעמ,IL,מרק קנור נמס בכוס תי,גרמים,45.00,100 גרם,false,1,6.90,15.33,true,1,
7290112490209,false,נמס בכוס מרק עגבניות עם קרוטונים רכיבים טבעיים,יוניליוור ישראל מזון בעמ,IL,מרק נמס בכוס עגבניות,גרמים,56.00,100 גרם,false,1,6.90,12.32,true,1,
7290112490216,false,מרק נמס בכוס בטעם עוף קנור 100% רכיבים טבעיים,יוניליוור ישראל מזון בעמ,IL,מרק קנור נמס בכוס עו,גרמים,48.00,100 גרם,false,1,6.90,14.38,true,1,
7290112490230,false,מרק נמס בכוס אפונה קנור 100% רכיבים טבעיים,יוניליוור ישראל מזון בעמ,IL,מרק נמס בכוס אפונה 5,גרמים,50.00,100 גרם,false,1,6.90,13.80,true,1,
7290112490582,false,חרדל דיג'וןן צרפתי הלמנס 350 גר,יוניליוור מזון,FR,הלמנס חרדל דיזון 350,גרמים,350.00,100 גרם,false,1,15.90,4.54,true,1,
7290112490650,false,קונפיטורה תות שדה 340 גרם-צנצנת,קונפיטורות לה-ארדניי,FR,קונפיטורה תות שדה 34,גרמים,340.00,100 גרם,false,1,17.70,5.21,true,1,
7290112490674,false,קונפיטורה דובדבנים 778 50% פרי 340 גר-,יוניליוור מזון,BE,קונפיטורה דובדבן 340,גרמים,340.00,100 גרם,false,1,17.70,5.21,true,1,
7290112490698,false,קונפיטורה תות שדה לייט 300 גרם-צנצנת,יוניליוור מזון,,קונפיטורה תות שדה ל,גרמים,300.00,100 גרם,false,1,17.90,5.97,true,1,
7290112490742,false,מרק עשיר פטריות עם גריסים רכיבים טבעיים 104 ג' קנור,יוניליוור ישראל מזון בע\,IL,מרק פטריות עם גריסים,גרמים,104.00,100 גרם,false,1,14.60,14.04,true,1,
7290112490759,false,מרק עשיר עוף עם אטריות רכיבים טבעיים 74 ג' קנור,יוניליוור ישראל מזון בעמ,IL,מרק עוף עם אטריות,גרמים,74.00,100 גרם,false,1,14.60,19.73,true,1,
7290112490827,false,תרסיס ריחני למייבש הכביסה בדין בייבי 500,"זוהר דליה, קיבוץ דליה, 1",IL,תרסיס ריחני למייבש ה,מיליליטרים,500.00,"100 מ""ל",false,1,22.50,4.50,true,1,
7290112491701,false,ברנפלקס בטעם וניל מעודן 20% חלבון Extra Protein,יוניליוור ישראל מזון בעמ,IL,ברנפלקס אקסטרה פרוטא,גרמים,375.00,100 גרם,false,1,21.90,5.84,true,1,
7290112491770,false,בייגלה דקים דקים מלח ים בייגל בייגל 300 גרם.,בייגל את בייגל מזון 198),,בייגלה דקים דקים מלח,גרמים,300.00,100 גרם,false,1,13.50,4.50,true,1,
7290112491787,false,בייגלה דקים דקים עם שומשום בייגל בייגל 300 גרם,בייגל את בייגל מזון 198),,בייגלה דקים דקים שומ,גרמים,300.00,100 גרם,false,1,13.50,4.50,true,1,
7290112491794,false,בייגלה דקים דקים בטעם שמנת ובצל בייגל בייגל 300 גרם,בייגל את בייגל מזון 198),,בייגלה דקים דקים בטע,גרמים,400.00,100 גרם,false,1,13.50,3.38,true,1,
7290112492449,false,פינוק שמפו שיער רגיל 700 מל-חדש,יוניליוור ישראל טיפוח אי,IL,שמפו פינוק לשיער רגי,מיליליטרים,700.00,"100 מ""ל",false,1,11.90,1.70,true,1,
7290112492463,false,"שמפו ומרכך 2 ב-1 לשיער רגיל פינוק 700 מ""ל.",יוניליוור ישראל טיפו,IL,שמפו ומרכך פינוק 2 ב,מיליליטרים,700.00,"100 מ""ל",false,1,11.90,1.70,true,1,
7290112492470,false,"שמפו ומרכך 2 ב-1 לשיער יבש פינוק 700 מ""ל.",יוניליוור פארם,,פינוק לשיער יבש 1=2,מיליליטרים,700.00,"100 מ""ל",false,1,11.90,1.70,true,1,
7290112492500,false,פינוק שמפו לשיער עם שמן קוקוס 700 מל,"יוניליור ישראל, טיפו",IL,שמפו פינוק שמן קוקוס,מיליליטרים,700.00,"100 מ""ל",false,1,11.90,1.70,true,1,
7290112492531,false,פינוק מרכך שיער רגיל 700 מל-חדש,יוניליוור פארם,IL,מרכך פינוק לשיער רגי,מיליליטרים,700.00,"100 מ""ל",false,1,11.90,1.70,true,1,
7290112492548,false,"מרכך פינוק עם שמן חוחובה 700 מ""ל",יוניליוור פארם,IL,מרכך פינוק לשיער יבש,מיליליטרים,700.00,"100 מ""ל",false,1,11.90,1.70,true,1,
7290112492579,false,פינוק מרכך בתוספת שמן קוקוס 700 מל-חדש,יוניליוור ישראל טיפוח אי,IL,פינוק מרכך שמן קוקוס,מיליליטרים,700.00,"100 מ""ל",false,1,11.90,1.70,true,1,
7290112492593,false,תחליב רחצה פינוק בניחוח פינוק קלאסי 700,יוניליוור ישראל טיפוח אי,IL,תחליב רחצה פינוק בני,מיליליטרים,700.00,"100 מ""ל",false,1,15.60,2.23,true,1,
7290112492609,false,"תחליב רחצה פינוק 700 מ""ל לבנדר ווניל",יוניליוור ישראל טיפוח אי,IL,תחליב רחצה פינוק לבנ,מיליליטרים,700.00,"100 מ""ל",false,1,15.60,2.23,true,1,
7290112492630,false,"שמפו ג'ל רחצה וסבון פנים 3 ב-1 לגבר פינוק 700 מ""ל",יוניליוור ישראל טיפוח אי,IL,שמפו פינוק 3 ב-1 לגב,מיליליטרים,700.00,"100 מ""ל",false,1,11.90,1.70,true,1,
7290112492647,false,"פינוק לגבר 3 ב1 שמפו ג'ל רחצה וסבון פנים 700 מ""ל",יוניליוור ישראל טיפוח אי,IL,שמפו פינוק 3 ב-1 לגב,מיליליטרים,700.00,"100 מ""ל",false,1,11.90,1.70,true,1,
7290112492715,false,"פינוק שמפו ללא דמעות לסירוק קל לילדים 700 מ""ל",יוניליוור ישראל טיפוח אי,IL,שמפו פינוק לילדים לל,מיליליטרים,700.00,"100 מ""ל",false,1,13.90,1.99,true,1,
7290112492722,false,"2ב-1 שמפו ומרכך פינוק אל דמע לסירוק קל לילדים 700 מ""ל",יוניליוור ישראל טיפוח אי,IL,שמפו ומרכך פינוק 2 ב,מיליליטרים,700.00,"100 מ""ל",false,1,13.90,1.99,true,1,
7290112492982,false,"אבקת מרק פטריות כשל""פ 100% רכיבים טבעיים 400 גרם",יוניליוור ישראל מזון בע\,,קנור מרק פטריות רכיב,גרמים,400.00,100 גרם,false,1,24.90,6.23,true,1,
7290112492999,false,קנור מרק עוף אמיתי 400 גרם פרווה,יוניליוור ישראל מזון בע\,,מרק טעם עוף 400 גרם,גרמים,400.00,100 גרם,false,1,15.90,3.98,true,1,
7290112493088,false,נמס בכוס עדשים מרק רכיבים טבעיים קנור 54 ג',אתר חיפה אבקות - Foo,,מרק קנור נמס בכוס עד,גרמים,54.00,100 גרם,false,1,6.90,12.78,true,1,
7290112493095,false,נמס בכוס מרק עגבניות חריף רכיבים טבעיים קנור 48 ג',אתר חיפה אבקות - Foo,,מרק קנור נמס בכוס עג,גרמים,48.00,100 גרם,false,1,6.90,14.38,true,1,
7290112493293,false,קנור - נמס ירקות וקרוטונים ר.טבעי 44 גרם,יוניליוור ישראל מזון בעמ,,מרק קנור נמס בכוס יר,גרמים,44.00,100 גרם,false,1,6.90,15.68,true,1,
7290112493316,false,מרק היום אפונה ר.טבעיים קנור 117 גרם,יוניליוור ישראל מזון בעמ,IL,מרק היום אפונה 117 ג,גרמים,117.00,100 גרם,false,1,14.60,12.48,true,1,
7290112493934,false,גלידה וניל צרפתי 1.33ל' קרמיסימו,"גלידת שטראוס בע""\מ, רחוב",,קרמיסימו וניל 1.33 ל,ליטרים,0.00,ליטר,false,1,21.90,21.90,true,1,
7290112493965,false,קרמיסימו חלבית בטעם מסטיק וניל 665 גר,"גלידת שטראוס בע""\מ, רחוב",,קרמיסימו חלבית בטעם,גרמים,665.00,100 גרם,false,1,21.90,3.29,true,1,
7290112494221,false,קליק - ביסקויט תפזורת 65 גרם,יוניליוור ישראל מזון בע\,,קליק ביסקוויט 65 גרם,גרמים,65.00,100 גרם,false,1,5.90,9.08,true,1,
7290112494238,false,קליק - כדורים חלב תפזורת 65 גרם,יוניליוור ישראל מזון בע\,,קליק כדורי חלב 65 גר,גרמים,65.00,100 גרם,false,1,5.90,9.08,true,1,
7290112494276,false,קליק - כריות תפזורת 65 גרם,יוניליוור ישראל מזון בע\,,קליק כריות 65 גר,גרמים,65.00,100 גרם,false,1,5.90,9.08,true,1,
7290112494283,false,קליק - מעורב חום לבן תפזורת 65 גרם,יוניליוור ישראל מזון בע\,,קליק חום לבן 65 גרם,גרמים,65.00,100 גרם,false,1,5.90,9.08,true,1,
7290112494313,false,קליק - קורנפלקס תפזורת 65 גרם,יוניליוור ישראל מזון בע\,,קליק קורנפלקס 65 גרם,גרמים,65.00,100 גרם,false,1,5.90,9.08,true,1,
7290112494351,false,תלמה קורנפלקס של אלופים 850 גרם,"יוניליוור שפע ישראל בע""\",,קורנפלקס של אלופים 8,גרמים,850.00,100 גרם,false,1,17.60,2.07,true,1,
7290112494382,false,פירה בטעם ביתי 260 גרם-קופסא,יוניליוור ישראל מזון בע\,,פירה בטעם ביתי 260 ג,גרמים,260.00,100 גרם,false,1,11.90,4.58,true,1,
7290112494610,false,קנור רוטב עגבניות פיקנטי לדג 415 גרם,קונסורזיו קאסאלאסקו,IT,קנור רוטב עגבניות פי,גרמים,415.00,100 גרם,false,1,12.90,3.11,true,1,
7290112494818,false,בדין-ג'ל לכביסה לבנה וצבעונית בייבי 2.5 ליטר,היינץ צפון אמריקה מק,IL,גל כביסה בדין בייבי,קילוגרמים,0.00,"ק""ג",false,1,36.50,36.50,true,1,
7290112494832,false,תרחיץ פנים לכל סוגי העור מכיל 25% קרם לחות,יוניליוור ישראל טיפוח אי,,תרחיץ פנים דאב לעור,מיליליטרים,180.00,"100 מ""ל",false,1,16.90,9.39,true,1,
7290112494993,false,דגני בוקר וניל 686ג' כריות,"יוניליוור שפע ישראל בע""\",,כריות וניל 686 גרם ק,גרמים,686.00,100 גרם,false,1,24.90,3.63,true,1,
7290112495006,false,כריות - כריות נוגט 686 גרם,"יוניליוור ישראל מזון בע""",,כריות נוגט 686 גרם -,גרמים,686.00,100 גרם,false,1,24.90,3.63,true,1,
7290112495020,false,כריות צוקולדה בדצ מאוחד 750 גר,"יוניליוור ישראל מזון בע""",,כריות צוקולדה 686 ג,גרמים,686.00,100 גרם,false,1,24.90,3.63,true,1,
7290112495037,false,דגני בוקר בטעם שוקולד כדורים 375 ג' קוקומן,יוניליוור שפע ישראל בעמ,,קוקומן כדורים פחות ס,גרמים,375.00,100 גרם,false,1,18.90,5.04,true,1,
7290112495044,false,ציפי (פצפוצים) גריין בדצ 500גר,"יוניליור שפע ישראל בע""\מ",,קוקומן פצפוצים 375 ג,גרמים,375.00,100 גרם,false,1,18.90,5.04,true,1,
7290112495105,false,נשנושים טעם שמנת בצל בייגל בייגל 260 גרם,בייגל את בייגל מזון 198),,נשנושים תפוא בצל 260,גרמים,260.00,100 גרם,false,1,12.70,4.88,true,1,
7290112495112,false,נשנושים טעם זעתר בייגל בייגל 260 גרם,בייגל את בייגל מזון 198),,נשנושים זעתר 260 גרם,גרמים,260.00,100 גרם,false,1,12.70,4.88,true,1,
7290112495174,false,נשנושי קרקר קוקטייל שומשום בייגל בייגל 300 גרם,בייגל את בייגל מזון 198),,קרקרים קוקטייל שומשו,גרמים,300.00,100 גרם,false,1,12.90,4.30,true,1,
7290112495228,false,קורנפלקס נגיעות דבש תלמה 448 גרם,"יוניליוור שפע ישראל בע""\",,קורנפלקס דבש 448 גרם,גרמים,448.00,100 גרם,false,1,18.70,4.17,true,1,
7290112495433,false,דגני דליפקאן תוספת אגוזי פקאן ושקדים 400 גר,"יוניליור שפע ישראל בע""\מ",,דליפקאן 400 גרם,גרמים,400.00,100 גרם,false,1,20.90,5.23,true,1,
7290112495747,false,רוטב צ''ילי מתוק כ 70% פחות סוכר 340 ג' קנור,יוניליוור ישראל מזון בע\,,רוטב קנור צילי מתוק,גרמים,340.00,100 גרם,false,1,10.90,3.21,true,1,
7290112495754,false,"רטבי הלמנס לסלט 300 מ""ל אלף האיים",יוניליוור ישראל מזון בעמ,,הלמנס לסלט אלף האיים,מיליליטרים,305.00,"100 מ""ל",false,1,14.60,4.79,true,1,
7290112495785,false,רוטב לסלט שום הלמנס 300ג,יוניליוור ישראל מזון בעמ,,הלמנס רוטב שום 300 ג,גרמים,300.00,100 גרם,false,1,14.60,4.87,true,1,
7290112495792,false,הלמנס רוטב לסלט שום לייט 300 גר',יוניליוור ישראל מזון בעמ,,הלמנס לסלט שום לייט,מיליליטרים,300.00,"100 מ""ל",false,1,14.60,4.87,true,1,
7290112495815,false,"רוטב חרדל ודבש לייט הלמנס 305 גרם בד""צ.",יוניליוור ישראל מזון בעמ,,הלמנס רוטב חרדל דבש,גרמים,305.00,100 גרם,false,1,14.60,4.79,true,1,
7290112495822,false,כריות BLACK בטעם שוקולד וניל תלמה 686 גרם,"יוניליוור שפע ישראל בע""\",,כריות בלאק 686 גרם ק,גרמים,686.00,100 גרם,false,1,24.90,3.63,true,1,
7290112495976,false,פריכיות אורז בציפוי שוקולד חלב 35גר-חדש,"גוד פוד פרודקטס ,Sp.zo.o",PL,פריכיות אורז מצופות,גרמים,35.00,100 גרם,false,1,6.20,17.71,true,1,
7290112496034,false,סירופ מייפל אפיכל 580 גרם,יוניליוור ישראל מזון בע\,,סירופ מייפל 580 גרם-,גרמים,580.00,100 גרם,false,1,18.80,3.24,true,1,
7290112496201,false,"אקס - בושם גוף טיקט לגבר שוקולד 17 מ""ל","קוסטר אירוסול, גבזה,",TR,בושם כיס אקס שוקולד,מיליליטרים,17.00,"100 מ""ל",false,1,22.90,134.71,true,1,
7290112496270,false,"פתית צ'יפס תפו""א בתוספת עגבניות ועשבי תיבול 22 גרם",JLM גלובל פודסn37\ דרך א,GB,"פתית ציפס תפו""א עגבנ",גרמים,22.00,100 גרם,false,1,5.80,26.36,true,1,
7290112496287,false,פתית - צ'יפס בטטה בטעם טבעי 21 גרם,JLM גלובל פודסn37\ דרך א,GB,פתית ציפס בטטה בטעם,גרמים,21.00,100 גרם,false,1,5.80,27.62,true,1,
7290112496430,false,קנור נמס בכוס אקסטרה עגבניות+איטריות 37 גרם - רבנות,יוניליוור ישראל מזון בע\,,נמס בכוס אקסטרה עגבנ,גרמים,37.00,100 גרם,false,1,4.50,12.16,true,1,
7290112496447,false,נמס בכוס אקסטרה טעם עוף עם המון אטריות 27ג',יוניליוור ישראל מזון בע\,,נמס בכוס אקסטרה טעם,גרמים,27.00,100 גרם,false,1,4.50,16.67,true,1,
7290112496461,false,נמס בכוס אקסטרה מרק ירקות עם המון אטריות,יוניליוור ישראל מזון בע\,,מרק נמס בכוס אקסטרה,גרמים,32.00,100 גרם,false,1,4.50,14.06,true,1,
7290112497499,false,קליק אקסטרא לארג שוקולד לבן עוגיות 85 גרם,אתר צפת טבלאות ותעשי,,קליק שוקולד לבן ועוג,גרמים,85.00,100 גרם,false,1,7.60,8.94,true,1,
7290112497505,false,וזלין תחליב גוף בתוספת אלוורה 600 מל,"יוניליוור, ג'פרסון סיטי,",,תחליב גוף וזלין אלוו,מיליליטרים,600.00,"100 מ""ל",false,1,29.90,4.98,true,1,
7290112497727,false,פינוק בייבי אל סבון אל דמע לתינוקות 700,יוניליוור ישראלn\טיפוח א,,אל סבון אל דמע לתינו,Unknown,0.00,Unknown,false,1,16.90,16.90,true,1,
7290112498007,false,גרנולה פרוטאין בתוספת חלבון שקדים וחמוציות תלמה 300 ג',"רפאלס בריא וטעים בע""\מ,",,גרנולה פרוטאין ת.חלב,גרמים,300.00,100 גרם,false,1,19.80,6.60,true,1,
7290112498915,false,מאגדת מיני מגנום שקדים מובחר שטראוס 250 גרם,"מיוצר ע""\י גלידת שטראוס",IL,מאגדת מיני מגנום שקד,גרמים,250.00,100 גרם,false,1,26.90,10.76,true,1,
7290112498922,false,מאגדת מיני מגנום לבן שטראוס 250 גרם,"מיוצר ע""\י גלידת שטראוס",IL,מאגדת מיני מגנום לבן,גרמים,250.00,100 גרם,false,1,26.90,10.76,true,1,
7290112499219,false,שלגון שמנת מופחת שומן וקלוריות בטעם פיסטוק עם ריפל בטעם שוקולד מריר וציפוי חלקי של שוקולד חלב מעולה,"גלידת שטראוס בע""\מ, רחוב",IL,גודיז פיסטוק 235 גרם,גרמים,235.00,100 גרם,false,1,28.50,12.13,true,1,
7290112499226,false,גלידונית קרמיסימו פיסטוק בננה 630 גרם,"גלידת שטראוס בע""\מ, רחוב",,גלידונית פיסטוק בננה,גרמים,703.00,100 גרם,false,1,44.90,6.39,true,1,
7290112499462,false,פינוק תחליב רחצה 700 בתוספת שמן קוקוס,יוניליוור ישראל טיפוח אי,,תחליב רחצה פינוק שמן,מיליליטרים,700.00,"100 מ""ל",false,1,15.60,2.23,true,1,
7290112499509,false,"רקסונה - דאודורנט ספריי לאישה בניחוח אפרסק ולמון גראס 150 מ""ל",יוניליוור פארם,,דאו ספריי ניחוח אפרס,מיליליטרים,150.00,"100 מ""ל",false,1,20.90,13.93,true,1,
7290112499844,false,מאגדת מיני מגנום דואט שוקולד עם נוגט שטראוס 310 גרם,"מיוצר ע""\י גלידת שטראוס",,מאגדת מיני מגנום דאב,גרמים,310.00,100 גרם,false,1,26.90,8.68,true,1,
7290112499943,false,מיני מאגדת מיני מגנום טעמים שונים וניל+שוקו,"גלידות שטראוס בע""\מ, רח\",,מיני מגנום וניל+שוקו,גרמים,270.00,100 גרם,false,1,26.90,9.96,true,1,
7290112961440,false,פיטנס חטיפי פריכיות +שוקולד מריר 84 גר',פרח תעשיות,IL,פיטנס בר פריכיות שוק,גרמים,84.00,100 גרם,false,1,12.90,15.36,true,1,
7290112962287,false,טבעול שווארמה טבעונית 6*450 גרם,"טבעול תעשיות מזון בע""\מ",IL,טבעול שווארמה טבעוני,גרמים,450.00,100 גרם,false,1,31.90,7.09,true,1,
7290112963321,false,גריסיני בייגלה שטוח ללא גלוטן אסם 300גרם,מיוצר עי קונדיטוריית,IL,גרטיפי בייגלה שטוח ה,גרמים,300.00,100 גרם,false,1,19.80,6.60,true,1,
7290112963918,false,פיטנס חטיפי קרקר דק רוזמרין 140 גרם,נסטלה Nestle,IL,פיטנס קרקר דק רוזמרי,גרמים,140.00,100 גרם,false,1,11.90,8.50,true,1,
7290112964052,false,פסטה וזוביוטו פרפקטו 500 ג' אסם,ניולט פוד ס.פ.א,,פסטה מוביוטו פרפקטו,גרמים,500.00,100 גרם,false,1,12.90,2.58,true,1,
7290112964410,false,אסם רוטב אלף האיים חדש לסלט 290 גרם,"אסם תעשיות בע""מ",IL,רוטב אלף האיים לסלט,מיליליטרים,290.00,"100 מ""ל",false,1,14.20,4.90,true,1,
7290112964434,false,אסם רוטב קיסר חדש לסלט 295 גרם,"אסם תעשיות בע""מ",IL,רוטב לסלט קיסר 295 מ,מיליליטרים,295.00,"100 מ""ל",false,1,14.20,4.81,true,1,
7290112964472,false,אסם רוטב שום חדש לסלט 290 גרם,"אסם תעשיות בע""מ",,"רוטב שום לסלט 290 מ""",מיליליטרים,290.00,"100 מ""ל",false,1,14.20,4.90,true,1,
7290112964564,false,"רוטב אלף האיים לייט לסלט 290 מ""ל אסם","אסם תעשיות בע""מ",IL,רוטב אלף האיים לייט,מיליליטרים,295.00,"100 מ""ל",false,1,14.20,4.81,true,1,
7290112964601,false,רוטב בנוסח סצ'ואן הסדרה האסייתית,"אסם השקעות בע""\מ",,רוטב בנוסח סצואן אסם,מיליליטרים,290.00,"100 מ""ל",false,1,16.70,5.76,true,1,
7290112964724,false,המבורגר צמחוני עם המון חלבון 580 גר,מיוצר עי קונדיטוריית,,טבעול המבורגר טבעוני,גרמים,580.00,100 גרם,false,1,36.50,6.29,true,1,
7290112965165,false,מרק נמס פטריות אסם בדצ 48 גרם מארז זוגי,"אסם תעשיות בע""מ",IL,זוג מרק נמס סוף פטרי,גרמים,48.00,100 גרם,false,1,5.90,12.29,true,1,
7290112965288,false,מרק נמס ירקות אסם בדצ 56 גרם מארז זוגי,"אסם תעשיות בע""מ",IL,אסם זוג מרק נמס ירקו,גרמים,56.00,100 גרם,false,1,5.90,10.54,true,1,
7290112965301,false,זוג מרק נמס בטעם עוף עם שקדי מרק רגע חם,"אסם תעשיות בע""מ",IL,אסם זוג מרק נמס טעם,גרמים,52.00,100 גרם,false,1,5.90,11.35,true,1,
7290112965585,false,פרפקטו פסטה קסרצה אסם 500 גרם,אסם פרפקטו Perfecto,,פרפקטו פסטה קסרצה 50,גרמים,500.00,100 גרם,false,1,7.90,1.58,true,1,
7290112965745,false,אוסם - ביסלי פריסטייל בצל מעושן 60 גרם,"אסם השקעות בע""\מ",IL,ביסלי פריסטייל בצל מ,גרמים,60.00,100 גרם,false,1,4.40,7.33,true,1,
7290112965868,false,קרם קרקר במתיקות מעודנת אסם 250 גרם,"אסם תעשיות בע""מ",,קרם קרקר במליחות מעו,גרמים,250.00,100 גרם,false,1,10.40,4.16,true,1,
7290112966094,false,עוגת הבית תפוז מופחת סוכר אסם 400 גרם,מיוצר עי קונדיטוריית,,הבית עוגת תפוז מופחת,גרמים,400.00,100 גרם,false,1,12.50,3.13,true,1,
7290112966247,false,לחמית כוסמין 200 גרם אסם,"אסם תעשיות בע""מ",,לחמית כוסמין 200 גרם,גרמים,200.00,100 גרם,false,1,9.90,4.95,true,1,
7290112966766,false,טחינה בלאדי חציל עגבניות ושום צבר 350 גרם,שוורצקוף& הנקל דיסלד,IL,טחינה בלאדי חציל עגב,גרמים,350.00,100 גרם,false,1,18.80,5.37,true,1,
7290112966780,false,צבר טחינה בלאדי עם חציל קלוי 350 גרם,שוורצקוף& הנקל דיסלד,IL,טחינה בלאדי עם חציל,גרמים,350.00,100 גרם,false,1,18.80,5.37,true,1,
7290112966803,false,אסם פודינג אינסטנט שוקולד 88 גרם,"אסם השקעות בע""\מ",,אסם פודינג אינסטנט ש,גרמים,88.00,100 גרם,false,1,5.50,6.25,true,1,
7290112967138,false,בייגלה שמיניות ללא גלוטן אסם 250 גרם,מיוצר עי קונדיטוריית,,בייגלה שמיניות ללא ג,גרמים,250.00,100 גרם,false,1,15.60,6.24,true,1,
7290112967572,false,"אסם רוטב ברביקיו 290 מ""ל אסם",Unknown,,"רוטב ברביקיו 290 מ""ל",גרמים,290.00,100 גרם,false,1,13.50,4.66,true,1,
7290112968340,false,צבר חומוס גרוס גס גס 400 גרם,שוורצקוף& הנקל דיסלד,IL,חומוס צבר גרוס גס גס,גרמים,400.00,100 גרם,false,1,16.70,4.18,true,1,
7290112968807,false,פיטנס - קרקר דק סלק 140 גרם,מפעל אסם יקנעם,,פיטנס קרקר דק סלק 14,גרמים,140.00,100 גרם,false,1,11.90,8.50,true,1,
7290112968821,false,פיטנס - קרקר דק בטטה 140 גרם,מפעל אסם יקנעם,,פיטנס קרקר דק בטטה 1,גרמים,140.00,100 גרם,false,1,11.90,8.50,true,1,
7290112969002,false,"אינסטנט פודינג פיסטוק אסם 80 גרם בד""ץ",מיוצר עי קונדיטוריית,,אסם אינסטנט פודינג פ,גרמים,80.00,100 גרם,false,1,5.50,6.88,true,1,
7290113151871,false,"צנצנת זכוכית רוחב 10.5 ס""מ",,,צנצנת זכוכית רוחב 10,קילוגרמים,0.00,"ק""ג",false,1,9.90,9.90,true,1,
7290113190375,false,סילאן טבעי שקדיה 900 גרם,ג.מ. טעם הארץ,TR,סילאן טבעי שקדיה 900,גרמים,900.00,100 גרם,false,1,20.90,2.32,true,1,
7290113190443,false,חרוסת שקדיה 250 גרם,פוליבה בעמ,,חרוסת שקדיה 250 גרם,גרמים,250.00,100 גרם,false,1,10.90,4.36,true,1,
7290113190757,false,חלבה מסולסלת בטעם וניל 300 גרם,חיאל עמר שומרון,IL,חלבה מסולסלת בטעם ונ,גרמים,300.00,100 גרם,false,1,14.90,4.97,true,1,
7290113190771,false,חלבה מסולסלת שוקו וניל שקדיה 300 גר,חיאל עמר שומרון,IL,חלבה מסולסלת בטעם שו,גרמים,300.00,100 גרם,false,1,14.90,4.97,true,1,
7290113191907,false,טורטיה להכנת פיצה שקדיה 400 גרם,אלקטי קוראבייכיסיגידה טו,TR,טורטיה חיטה להכנת פי,גרמים,440.00,100 גרם,false,1,11.40,2.59,true,1,
7290113192096,false,בוטנים מצופים בטעם וואסבי ששון הקולה 120 גרם,דין שיווק,,בוטנים מצופים בטעם ו,גרמים,100.00,100 גרם,false,1,9.90,9.90,true,1,
7290113192201,false,תערובת להכנת סחלב 500 גרם ששון הקולה,"י. כהן בע""מ",IL,תערובת להכנת סחלב 50,גרמים,500.00,100 גרם,false,1,15.90,3.18,true,1,
7290113192218,false,תערובת להכנת מלבי 500 גרם ששון הקולה,"שקדיה גבע תעשיות בע""",IL,תערובת להכנת מלבי 50,גרמים,500.00,100 גרם,false,1,15.90,3.18,true,1,
7290113192225,false,תערובת להכנה מהירה סופלה שוקולד שקדיה 200 גרם,"י. כהן בע""מ",IL,תערובת להכנת סופלה ש,גרמים,200.00,100 גרם,false,1,15.90,7.95,true,1,
7290113192300,false,זיתים מושחרים חרוזית 275 גרם בית השיטה,בית השיטה,IL,זיתים מושחרים חרוזית,גרמים,275.00,100 גרם,false,1,12.50,4.55,true,1,
7290113192317,false,טבעות זיתים מושחרים 280 גרם בית השיטה,בית השיטה,IL,טבעות זיתים מושחרים,גרמים,280.00,100 גרם,false,1,13.90,4.96,true,1,
7290113192348,false,בית השיטה זיתים ירוקים גדול מאודבטעם שום,בית-השיטה עסיס תעשיות מז,IL,זית ירוק 17-19 2A ב,גרמים,340.00,100 גרם,false,1,11.40,3.35,true,1,
7290113192355,false,חרוזית זיתים ירוקים ללא גלעין 275 ג' בית השיטה,בית-השיטה עסיס תעשיות מז,,זית חרוזית ירוק A2 ב,גרמים,275.00,100 גרם,false,1,10.30,3.75,true,1,
7290113192362,false,זיתים ירוקים טבעות A2 בית השיטה 280 גרם,בית-השיטה עסיס תעשיות מז,IL,זיתים ירוקים טבעות A,גרמים,280.00,100 גרם,false,1,10.60,3.79,true,1,
7290113192386,false,בית השיטה זיתים ירוקים סורי מבוקע 340גרם,בית השיטה,IL,זית סורי מבוקע A2 בי,גרמים,666.00,100 גרם,false,1,13.50,2.03,true,1,
7290113192393,false,בית השיטה קוקטייל זיתים א2 336 גרם,בית-השיטה עסיס תעשיות מז,IL,קוקטייל זיתים A2 בית,גרמים,336.00,100 גרם,false,1,11.90,3.54,true,1,
7290113192478,false,בית השיטה מלפפונים במלח בינוני 10-12 320 גרם,בית-השיטה עסיס תעשיות מז,IL,מלפפונים במלח 10-12,גרמים,320.00,100 גרם,false,1,7.60,2.38,true,1,
7290113192492,false,בית השיטה מלפפונים בחומץ קטנים 1317 290 גרם,בית-השיטה עסיס תעשיות מז,IL,מלפפון בחומץ 17-13 ב,גרמים,290.00,100 גרם,false,1,10.90,3.76,true,1,
7290113192515,false,בית השיטה מלפפונים במלח קטן מאוד 1825 320 גרם,בית-השיטה עסיס תעשיות מז,IL,מלפפון במלח 18-25 32,גרמים,320.00,100 גרם,false,1,12.90,4.03,true,1,
7290113192522,false,בית השיטה מלפפונים בחומץ קטן מאוד 1825 290 גרם,בית-השיטה עסיס תעשיות מז,IL,מלפפון בחומץ 18-25 2,גרמים,290.00,100 גרם,false,1,12.90,4.45,true,1,
7290113192539,false,בית השיטה מלפפונים במלח גדול 79 320 גרם,בית-השיטה עסיס תעשיות מז,IL,מלפפון במלח 7-9 בית,גרמים,320.00,100 גרם,false,1,6.90,2.16,true,1,
7290113192553,false,מלפפונים במלח 13-17 פיקנטי בית השיטה 320 גרם,בית-השיטה עסיס תעשיות מז,IL,מלפפונים במלח באלדי,גרמים,320.00,100 גרם,false,1,10.70,3.34,true,1,
7290113192560,false,בית השיטה פלפל שיפקה חריף כבוש 230 גרם,בית-השיטה עסיס תעשיות מז,IL,פלפל שיפקה A2 בית ה,גרמים,230.00,100 גרם,false,1,8.30,3.61,true,1,
7290113192577,false,בית השיטה כרוב כבוש א2 12*430גרם חדש,"בית-השיטה תעשיות בע""\מ",IL,כרוב כבוש A2 בית השי,גרמים,430.00,100 גרם,false,1,8.20,1.91,true,1,
7290113192881,false,"טורטיה חיטה מופחת קלוריות, קוטר 20 ס""מ - 6 יח'",דין שיווק,TR,טורטיה חיטה מופחתת ק,גרמים,270.00,100 גרם,false,1,10.00,3.70,true,1,
7290113193000,false,בית השיטה פלפל שיפקונית 230 גרם*,"בית השיטה תעשיות בע""\מ",IL,פלפל שיפקונית 230 גר,גרמים,230.00,100 גרם,false,1,13.50,5.87,true,1,
7290113193017,false,בית השיטה חרוזית קוקטייל זיתים 275 גרם,"בית השיטה תעשיות בע""\מ",IL,קוקטייל זיתים 275 גר,גרמים,275.00,100 גרם,false,1,13.90,5.05,true,1,
7290113193031,false,חרוזית קלמטה - זיתים שחורים ללא גלעין קלמטה,"בית השיטה תעשיות בע""\מ",IL,חרוזית קלמטה 275 גרם,גרמים,275.00,100 גרם,false,1,13.90,5.05,true,1,
7290113193321,false,"שמן זית כתית מעולה בית השיטה 750 מ""ל",אצטס אבסה אס. איי. יו.,IL,בית השיטה שמן זית כת,מיליליטרים,750.00,"100 מ""ל",false,1,34.50,4.60,true,1,
7290113193406,false,"קוקטייל טבעות זיתים - זיתים ירוקים, שחורים מרינד","בית השיטה תעשיות בע""\מ",,בית השיטה טבעות קוקט,גרמים,280.00,100 גרם,false,1,10.70,3.82,true,1,
7290113194649,false,מלפפונים במלח קוביות בית השיטה 320 גרם,בית השיטה עסיס תעשיו,IL,בית השיטה מלפפונים ב,גרמים,320.00,100 גרם,false,1,10.90,3.41,true,1,
7290113195042,false,מלפפון חמוץ במלח כבישה ביתית בית השיטה 750 גר',שוורצקוף& הנקל דיסלד,,מלפפפון מלח כבישה בי,גרמים,750.00,100 גרם,false,1,31.50,4.20,true,1,
7290113195066,false,חלבה טורקית בטעם וניל שקדיה 400 גרם,ח. אל עקר,,חלבה טורקית בטעם וני,גרמים,400.00,100 גרם,false,1,12.90,3.23,true,1,
7290113195196,false,"רסק תפוחי עץ ללת""ס 710 גרם",,PL,"רסק תפוחי עץ ללת""ס 7",גרמים,710.00,100 גרם,false,1,10.90,1.54,true,1,
7290113195271,false,ממרח פלפלים פיקנטיים 360 גרם,דין שיווק,MK,ממרח פלפלים פיקנטיים,גרמים,360.00,100 גרם,false,1,11.90,3.31,true,1,
7290113195967,false,קוואקר שיבולת שועל פחית שקדיה 500 גרם,דין שיווק,,שיבולת שועל פחית 500,גרמים,500.00,100 גרם,false,1,9.90,1.98,true,1,
7290113196414,false,"אורז בסמטי 1 ק""ג - שקדיה כחול מטאלי",דאבה סינג שאם סינג,IN,אורז בסמטי שקדיה 1 ק,גרמים,1000.00,100 גרם,false,1,12.50,1.25,true,1,
7290113198074,false,פקאן מצופה שוקולד שיש 150 גרם,"דין שיווק וקלייה בע""",,פקאן מצופה שוקולד שי,גרמים,150.00,100 גרם,false,1,14.90,9.93,true,1,
7290113199606,false,חטיף בוטנים עם דלעת בוטנים ללא סוכר 220 ג' שקדיה,"שקדיה גבע תעשיות בע""",IL,חטיף בוטנים בסגנון י,גרמים,220.00,100 גרם,false,1,14.90,6.77,true,1,
7290113199613,false,חטיף שומשום עם שקדים וחמוציות ללא.ס 220 ג' שקדיה,"שקדיה גבע תעשיות בע""",IL,חטיף שומשום עם שקדים,גרמים,220.00,100 גרם,false,1,14.90,6.77,true,1,
7290113199620,false,"חטיף שקדים גרעיני דלעת קשיו חמוציות וגרעיני חמניה לל""ס","שקדיה גבע תעשיות בע""",IL,"חטיף שקדים פרו ללת""ס",גרמים,220.00,100 גרם,false,1,14.90,6.77,true,1,
7290113199767,false,ממרח שקדים 300 גרם השקדיה,פפאיינס,,ממרח שקדים 100% 300,גרמים,300.00,100 גרם,false,1,27.90,9.30,true,1,
7290113199781,false,ממרח אגוזים ובוטנים 100% 200 גרם,פפאיינס,,ממרח אגוזים ובוטנים,גרמים,200.00,100 גרם,false,1,15.90,7.95,true,1,
7290113199842,false,מגש אירוח סוכריות גומי 700 ג' שקדיה,טופגאם תעשיות ממתקים,IL,מגש אירוח סוכריות גו,גרמים,700.00,100 גרם,false,1,29.90,4.27,true,1,
7290113300217,false,פאוצ' לה קט בקר ברוטב 85 ג',יו פי אף,,פאוצ נתחוני לה קט עם,Unknown,0.00,Unknown,false,1,4.90,4.90,true,1,
7290113300224,false,פאוצ' לה קט סלמון ברוטב 85 ג',"ביופט- מזון לבע""ח",,פאוצ נתחוני לה קט עם,Unknown,0.00,Unknown,false,1,4.90,4.90,true,1,
7290113302280,false,חטיף בונזו צורת נקניקייה 80 גר,שינייה פט פוד,,חטיף בונזו בצורת קני,Unknown,0.00,Unknown,false,1,12.90,12.90,true,1,
7290113302334,false,חטיפי עוף פריכים בצורת עצם 85 גר,לנגי,,חטיפי עוף פריכים בצו,Unknown,0.00,Unknown,false,1,12.90,12.90,true,1,
7290113302365,false,חטיפי בנוזו ברווז צורת סושי 80 גר,לנגי,,חטיפי בונזו ברווז בצ,Unknown,0.00,Unknown,false,1,12.90,12.90,true,1,
7290113302372,false,חטיפי בנוזו סנדויץ במילוי אווז 80 גר,לנגי,,רצועות בונזו סנדוויץ,Unknown,0.00,Unknown,false,1,12.90,12.90,true,1,
7290113302389,false,שיפוד סלמון ודג בקלה 80 גר,שינייה פט פוד,,שיפוד סלמון ודג בקלה,Unknown,0.00,Unknown,false,1,12.90,12.90,true,1,
7290113302396,false,שיפוד כבש ודג בקלה 80 גר,שינייה פט פוד,,שיפוד כבש ודג בקלה 8,Unknown,0.00,Unknown,false,1,12.90,12.90,true,1,
7290113315853,false,סט בלונים לניפוח עצמ,,CN,סט בלונים לניפוח עצמ,Unknown,0.00,Unknown,false,1,29.90,29.90,true,1,
7290113560109,false,פרודונטקס מ.שיניים בטעם צמחי 75 מל,פרודונטקס Parodontax,IE,משחת שיניים פרודונטק,Unknown,0.00,Unknown,false,1,30.90,30.90,true,1,
7290114154116,false,"מרכך ללא מלחים בוטני 500 מ""ל",,IL,מרכך ללא מלחים בוטני,מיליליטרים,500.00,"100 מ""ל",false,1,31.90,6.38,true,1,
7290114310215,false,"שמנת מתוקה 38% רמת הגולן 250 מ""ל ווסטהיים - מוצר בפיקוח",מילקו תעשיות בעמ,IL,שמנת מתוקה 38% 250 מ,גרמים,250.00,100 גרם,false,1,6.47,2.59,true,1,
7290114310222,false,חלב מועשר בסידן וויטמין Dי 3% 1.5 ל' טרה,מילקו תעשיות בעמ,IL,חלב מועשר בסידן וויט,מיליליטרים,1500.00,"100 מ""ל",false,1,12.50,0.83,true,1,
7290114310239,false,חלב נטול לקטוז מועשר בוויטמין D י 2% 1.5 ל' טרה,מילקו תעשיות בעמ,IL,חלב נטול לקטוז מועשר,מיליליטרים,1500.00,"100 מ""ל",false,1,12.50,0.83,true,1,
7290114310338,false,גבינה צפתית מעודנת 5% משק צוריאל 225 גרם,מחלבת משק צוריאל,IL,גבינה צפתית מעודנת 5,גרמים,225.00,100 גרם,false,1,19.10,8.49,true,1,
7290114310536,false,יוגורט לייט מעושר חלבון 25 גרם חלבון וניל MULLER ACTIVE,מולר Muller,IL,מולר אקטיב לייט,גרמים,200.00,100 גרם,false,1,6.50,3.25,true,1,
7290114310611,false,"משקה חלב בננה בבקבוק פקק ספורט טרה 250 מ""ל",Unknown,IL,משקה חלב בננה טרה 25,מיליליטרים,250.00,"100 מ""ל",false,1,5.90,2.36,true,1,
7290114310895,false,"סימפלי פרוט יוגורט עם מנגו תות, שמיניה 8 * 150 גרם",מולר Muller,,מאגדת שמינייה סימפלי,גרמים,1200.00,100 גרם,false,1,31.90,2.66,true,1,
7290114310901,false,"גבינה לבנה ""טרה"" 5% -מוצר בפיקוח",Unknown,,גבינה לבנה טרה 5%,גרמים,250.00,100 גרם,false,1,4.98,1.99,true,1,
7290114311014,false,"משקה חלב אייס קפוצ'ינו פקק ספורט טרה 250 מ""ל",מילקו תעשיות בעמ,,משקה חלב אייס קפוצינ,גרמים,200.00,100 גרם,false,1,5.90,2.95,true,1,
7290114311021,false,"משקה חלב וניל עוגיות פקק ספורט טרה 250 מ""ל",Unknown,,משקה חלב וניל עוגיות,מיליליטרים,250.00,"100 מ""ל",false,1,5.90,2.36,true,1,
7290114311038,false,"שמנת מתוקה 32% עמידה בבקבוק טרה 250 מ""ל",מילקו תעשיות בעמ,,שמנת מתוקה 32% 250 מ,מיליליטרים,250.00,"100 מ""ל",false,1,6.90,2.76,true,1,
7290114311069,false,יוגורט לבן מועשר בחלבון 0% שומן 200 גרם muller active,מולר Muller,IL,מולר אקטיב 25 ג חלבו,גרמים,150.00,100 גרם,false,1,5.90,3.93,true,1,
7290114311076,false,"חמאת מולר צהובה עם שום, 200 גרם",מולר Muller,,מולר חמאה צהובה עם ש,גרמים,200.00,100 גרם,false,1,12.90,6.45,true,1,
7290114311298,false,יוגורט מולר פרופ בטעם תות בננה מלון 150,מולר Muller,IL,יוגורט מולר פרופ בטע,גרמים,150.00,100 גרם,false,1,5.00,3.33,true,1,
7290114311304,false,יוגורט קציפת מנגו פסיפלורה בננה 150 ג' מולר,מולר Muller,IL,יוגורט מולר פרופ בטע,גרמים,150.00,100 גרם,false,1,5.00,3.33,true,1,
7290114311359,false,יוגורט עם קציפת מנגו 3% שומן פרופ 150 ג' מולר,מולר Muller,IL,יוגורט מולר פרופ בטע,גרמים,150.00,100 גרם,false,1,5.00,3.33,true,1,
7290114311434,false,מולר אקטיב יוגורט חלבון קרמל מלוח 200 גרם,מילקו,IL,מולר אקטיב יוגורט בט,גרמים,200.00,100 גרם,false,1,6.20,3.10,true,1,
7290114311441,false,מולר אקטיב יוגורט חלבון עוגיות חמאה 200 גרם,מילקו,IL,מולר אקטיב יוגורט בט,גרמים,200.00,100 גרם,false,1,6.20,3.10,true,1,
7290114311458,false,חלב בקרטון מועשר ויטמין D 3% 1 ליטר,Unknown,,חלב בקרטון מועשר ויט,מיליליטרים,1000.00,"100 מ""ל",false,1,8.40,0.84,true,1,
7290114311496,false,קרטון חלב מועשר 1% שומן 1 ליטר טרה,Unknown,,חלב1% בקרטון מועשר 1,מיליליטרים,1000.00,"100 מ""ל",false,1,8.40,0.84,true,1,
7290114600927,false,מאסטר שף עלי טורטייה חיטה מלאה 320 גרם,אלקאטי קורביישיסי גי,,מנה עלי טורטיה חיט מ,גרמים,320.00,100 גרם,false,1,10.90,3.41,true,1,
7290114600941,false,מאסטר שף מיונז הולנדי לחיץ 435 גרם,קפה לנדוור,NL,מיונז לחיץ מאסטר שף,גרמים,435.00,100 גרם,false,1,13.50,3.10,true,1,
7290114600989,false,"רוטב אלף האיים מאסטר שף 250 מ""ל",קפה לנדוור,NL,רוטב אלף האיים מאסטר,מיליליטרים,250.00,"100 מ""ל",false,1,9.90,3.96,true,1,
7290114603508,false,"מטסטר שף רוטב להקפצה 300 מ""ל",סיטי פוד,TH,רוטב להקפצה מאסטר שף,מיליליטרים,300.00,"100 מ""ל",false,1,10.90,3.63,true,1,
7290114604925,false,"מאסטר שף אסייאתי קרם קוקוס לייט 400 מ""ל","תאי קוקונאט חברה בע""",,קרם קוקוס לייט מאסטר,מיליליטרים,400.00,"100 מ""ל",false,1,9.40,2.35,true,1,
7290114606530,false,מאסטר שף רוטב בטעם מיונז וקטשופ 515 גרם,מאסטר שף,NL,רוטב בטעם מיונז וקטש,גרמים,515.00,100 גרם,false,1,12.90,2.50,true,1,
7290114606547,false,מיונז פטריות כמהין לחיץ מאסטר שף 242 גרם,מאסטר שף,NL,מיונז פטריות כמהין ל,גרמים,242.00,100 גרם,false,1,13.50,5.58,true,1,
7290114606554,false,מיונז מופחת קלוריות בקבוק לחיץ,מאסטר שף,NL,מיונז לייט לחיץ מאסט,גרמים,470.00,100 גרם,false,1,13.50,2.87,true,1,
7290114606561,false,מאסטר שף אטריות אורז דקות ורמיצ'לי 400 ג,לינג טונג רייס ורמיצ'ילי,,מנה אסייאתי אטריות א,גרמים,400.00,100 גרם,false,1,9.90,2.48,true,1,
7290114606578,false,מאסטר שף שקדי מרק 400 גרם,שסטוביץ,IL,שקדי מרק מאסטר שף 40,גרמים,400.00,100 גרם,false,1,9.90,2.48,true,1,
7290114608633,false,"דפי אצה מאסטר שף, 25 גרם",גרימי קו,,דפי אצה מאסטר שף 25,גרמים,25.00,100 גרם,false,1,12.50,50.00,true,1,
7290114608640,false,מאסטר שף קרוטונים לסלט כוסמין 260 גרם,עינת תעשיות מזון אגו,IL,קרוטונים לסלט כוסמין,גרמים,260.00,100 גרם,false,1,21.90,8.42,true,1,
7290114608664,false,סילאן לחיץ מאסטר שף 680 גרם,"טעם 88 (1998) בע""מ",AE,סילאן לחיץ מאסטר שף,גרמים,680.00,100 גרם,false,1,20.90,3.07,true,1,
7290114659949,false,מסכה כירורגית חד פעמית מארז 50 יח',נ'יאנג יונג,,מסכה לפנים חד פעמי 5,יחידה,1.00,יחידה,false,1,9.90,9.90,true,1,
7290114751131,false,משחת שיניים אורל בי לילדים קארס 114 גר,פרוקטר אנד גמבל,,משחת שיניים אורל בי,גרמים,114.00,100 גרם,false,1,15.90,13.95,true,1,
7290115072938,false,מקל מוזיקה בצורת כוכב אל או אל עם סוכריות 5גר' 12/6,,CN,מקל מוזיקה בצורת כוכ,גרמים,5.00,100 גרם,false,1,13.90,278.00,true,1,
7290115180251,false,יחידות טבק לחימום אמבר PP קרטוש,פיליפ מוריס,,יחידות טבק לחימום אמ,Unknown,0.00,Unknown,false,1,26.50,26.50,true,1,
7290115180268,false,יחידות טבק לחימום צהוב PP,פיליפ מוריס,,יחידות טבק לחימום צה,Unknown,0.00,Unknown,false,1,26.50,26.50,true,1,
7290115180275,false,יחידות טבק לחימום טורקיז PP,פיליפ מוריס,,יחידות טבק לחימום טו,Unknown,0.00,Unknown,false,1,26.50,26.50,true,1,
7290115180282,false,יחידות טבק לחימום ברונז PP,פיליפ מוריס,,יחידות טבק לחימום בר,Unknown,0.00,Unknown,false,1,26.50,26.50,true,1,
7290115180299,false,יחידות טבק לחימום סיינה PP,פיליפ מוריס,,יחידות טבק לחימום סי,Unknown,0.00,Unknown,false,1,26.50,26.50,true,1,
7290115180688,false,יחידות טבק לחימום סגול PP,פיליפ מוריס,,יחידות טבק לחימום סג,Unknown,0.00,Unknown,false,1,26.50,26.50,true,1,
7290115190014,false,סיגריות מרלבורו רד קצר בוקס,פיליפ מוריס,,מרלבורו רד קצר בוקס,Unknown,0.00,Unknown,false,1,35.90,35.90,true,1,
7290115190076,false,סיגריות מרלבורו גולד ארוך 100 בוקס,פיליפ מוריס,,מרלבורו גולד 100 חפי,Unknown,0.00,Unknown,false,1,35.90,35.90,true,1,
7290115190090,false,סיגריות מרלבורו קצר בוקס בודד,פיליפ מוריס,,מרלבורו גולד קצר,Unknown,0.00,Unknown,false,1,35.90,35.90,true,1,
7290115190137,false,סיגריות מרלבורו טאצ סילבר יחידה,פיליפ מוריס,,מלבורו פיין טאצ 7.1,יחידה,1.00,יחידה,false,1,31.90,31.90,true,1,
7290115190151,false,סיגריות מרלבורו טאצ גולד,פיליפ מוריס,,מלבורו גולד טאצ 7.1,יחידה,1.00,יחידה,false,1,31.90,31.90,true,1,
7290115190175,false,פרלמנט סופר סלימס חפיסה,פיליפ מוריס,,פרלמנט סופר סלימס חפ,Unknown,0.00,Unknown,false,1,41.00,41.00,true,1,
7290115190199,false,פרלמנט נייט ארוך חפיסה,פיליפ מוריס,,פרלמנט ארוך RCB חפיס,Unknown,0.00,Unknown,false,1,41.00,41.00,true,1,
7290115190212,false,סיגריות פרלמנט בלו 100 BR בודד,פיליפ מוריס,,פרלמנט ארוך בלו RCB,Unknown,0.00,Unknown,false,1,41.00,41.00,true,1,
7290115190236,false,סיגריות פרלמנט קצר בלו בודד,פיליפ מוריס,,פרלמנט קצר בלו חפיסה,Unknown,0.00,Unknown,false,1,41.00,41.00,true,1,
7290115190250,false,סיגריות פרלמנט קצר בודד,פיליפ מוריס,,פרלמנט נייט PP חפיסה,Unknown,0.00,Unknown,false,1,41.00,41.00,true,1,
7290115190274,false,סיגריות פרלמנט סילבר,פיליפ מוריס,,פרלמנט סילבר חפיסה,Unknown,0.00,Unknown,false,1,41.00,41.00,true,1,
7290115190335,false,ל.מ.בלו לייבל ארוך בוקס חפיסה,פיליפ מוריס,,ל.מ.בלו לייבל ארוך ב,Unknown,0.00,Unknown,false,1,31.90,31.90,true,1,
7290115190342,false,אל אם כחול קצר לייבל,פיליפ מוריס,,ל.מ בלו PP קרטוש,Unknown,0.00,Unknown,false,1,315.00,315.00,true,1,
7290115190359,false,סיגריות L.M בלו לייבל קצר,פיליפ מוריס,,L&M בלו לייבל קצר-חפ,Unknown,0.00,Unknown,false,1,31.90,31.90,true,1,
7290115190373,false,סיגריות ל.מ. קפסולהP,פיליפ מוריס,,ל.מ.פורוורד חפיסה,Unknown,0.00,Unknown,false,1,31.90,31.90,true,1,
7290115190397,false,סיגריות L.M קצר רד לייבל בודד,פיליפ מוריס,,ל.מ רדPP חפיסה,Unknown,0.00,Unknown,false,1,31.90,31.90,true,1,
7290115190434,false,סיגריות L.M וייב סלימס בודד,פיליפ מוריס,,ל.מ וייב PP חפיסה,Unknown,0.00,Unknown,false,1,31.90,31.90,true,1,
7290115190458,false,סיגריות נקסט פיין אדג' בודד,פיליפ מוריס,,נקסט ארג חפיסה,Unknown,0.00,Unknown,false,1,24.90,24.90,true,1,
7290115190472,false,סיגריות נקסט אדג' בודד,פיליפ מוריס,,נקסט פיין ארג חפיסה,Unknown,0.00,Unknown,false,1,24.90,24.90,true,1,
7290115190496,false,סיגריות נקסט ארוך בודד,פיליפ מוריס,,נקסט פיין 100 חפיסה,Unknown,0.00,Unknown,false,1,29.90,29.90,true,1,
7290115190519,false,סיגריות נקסט פיין חפ,פיליפ מוריס,,נקסט חפיסה,Unknown,0.00,Unknown,false,1,29.90,29.90,true,1,
7290115190564,false,נקסט סלימס לילך פאקט,פיליפ מוריס,,נקסט לילך PP קרטוש,Unknown,0.00,Unknown,false,1,295.00,295.00,true,1,
7290115190571,false,סיגריות נקסט לילך בודד,פיליפ מוריס,,נקסט לילך PP חפיסה,Unknown,0.00,Unknown,false,1,29.90,29.90,true,1,
7290115190595,false,סיגריות נקסט אוריגינ,פיליפ מוריס,,נקסט FF חפיסה,Unknown,0.00,Unknown,false,1,29.90,29.90,true,1,
7290115190892,false,סיגריות מרלבורו פיוז'ן קפסולה בודד,פיליפ מוריס,,מרלבורו פיוזן קפסולה,Unknown,0.00,Unknown,false,1,26.90,26.90,true,1,
7290115190939,false,אל.אם קפסולות קליק חפיסה,פיליפ מוריס,,ל.מ קליק קפסולה חפיס,Unknown,0.00,Unknown,false,1,24.90,24.90,true,1,
7290115191035,false,מרלבורו סאמר ספלאש חפיסה,פיליפ מוריס,,מרלבורו סאמר ספלאש ח,יחידה,1.00,יחידה,false,1,28.90,28.90,true,1,
7290115200003,false,פתי בר פינוקי וניל אסם 220 גרם,תאי פרזידנט פוד פאבל,,אסם פתי בר פינוקי ונ,גרמים,220.00,100 גרם,false,1,10.90,4.95,true,1,
7290115200027,false,אסם פתי בר פינוקים שוקו 220 גרם,קריות זול,,אסם פתי בר פינוקי שו,גרמים,220.00,100 גרם,false,1,10.90,4.95,true,1,
7290115201031,false,אסם פתי בר דובי שוקולד 175 גרם,טרופיקל דגיל תעשיות,,אסם פתיבר דובי שוקול,גרמים,175.00,100 גרם,false,1,10.90,6.23,true,1,
7290115201536,false,"טבעול גורמה לביבות כרובית ותפו""א 442 גרם",טבעול )מקבוצת אסם השקעות,IL,טבעול גורמה לביבות כ,גרמים,442.00,100 גרם,false,1,34.90,7.90,true,1,
7290115201680,false,ביסלי בטעם ברביקיו אסם 70 גרם,"אסם השקעות בע""\מ",IL,ביסלי ברביקיו 70 גרם,גרמים,70.00,100 גרם,false,1,4.40,6.29,true,1,
7290115201703,false,ביסלי ברביקיו גדול אסם 200 גרם,מיוצר עי קונדיטוריית,IL,ביסלי ברביקיו 200 גר,גרמים,200.00,100 גרם,false,1,7.50,3.75,true,1,
7290115201727,false,ביסלי חטיף בטעם בצל אסם 200 גרם,מיוצר עי קונדיטוריית,IL,ביסלי בצל 200 גרם,גרמים,200.00,100 גרם,false,1,7.50,3.75,true,1,
7290115203134,false,פופקו פופקורן במבה אסם 80 גרם,"אסם השקעות בע""\מ",,פופקו פופקורן במבה 8,גרמים,80.00,100 גרם,false,1,5.40,6.75,true,1,
7290115203172,false,במבה PRO מכיל 18 גרם חלבון בשקית,"אסם השקעות בע""\מ",,במבה פרו 80 גרם,גרמים,80.00,100 גרם,false,1,4.30,5.38,true,1,
7290115204056,false,"קטשופ מופחת סוכר אסם 690 גרם כשל""פ","אסם תעשיות בע""מ",IL,קטשופ אסם מופחת סוכר,גרמים,690.00,100 גרם,false,1,10.90,1.58,true,1,
7290115204131,false,צבר סחוג ירוק 6*190גרם חדש,פרסקו,,צבר סחוג ירוק 190 גר,יחידה,1.00,יחידה,false,1,12.90,12.90,true,1,
7290115204155,false,סחוג אדום המעדנייה ש,פרסקו,,צבר סחוג אדום 190 גר,יחידה,1.00,יחידה,false,1,12.90,12.90,true,1,
7290115204186,false,פסטו המעדינה של צבר,פרסקו,,צבר פסטו 190 גרם,יחידה,1.00,יחידה,false,1,19.80,19.80,true,1,
7290115205176,false,פיטנס - קרקר דק כפרי פיטנס 140 גרם,אסם יקנעם,IL,פיטנס קרקר כפרי 140,גרמים,140.00,100 גרם,false,1,11.90,8.50,true,1,
7290115205251,false,פיטנס בר פירכיות קרמל מלוח 84 גרם,פרח תעשיות,,פיטנס בר פריכיות קרמ,גרמים,84.00,100 גרם,false,1,12.90,15.36,true,1,
7290115205312,false,קרקר פיטנס דק עם זיתי קלמטה ועשבי תיבול,"אסם השקעות בע""\מ",IL,פיטנס קרקר זיתים 140,גרמים,140.00,100 גרם,false,1,11.90,8.50,true,1,
7290115205695,false,אסם בונזור בצק מצונן לפיצה 460 גרם,נסטלה סוויס )שוויץ(,IL,אסם בונזור בצק מצונן,גרמים,0.00,100 גרם,false,1,17.70,17.70,true,1,
7290115205718,false,אסם בונזור בצק מצונן עלים 230 גרם,נסטלה סוויס )שוויץ(,IL,אסם בונזור בצק מצונן,גרמים,0.00,100 גרם,false,1,15.60,15.60,true,1,
7290115205978,false,פתיבר ואצבעות שוקולד 180 גרם - רבנות,"t\ד""\ר ג'\רארד בע""\מn\",IL,אסם פתי בר אצבעות שו,גרמים,180.00,100 גרם,false,1,10.90,6.06,true,1,
7290115206890,false,ביסלי המבורגר חדש 70 ג אסם,"אסם השקעות בע""\מ",,ביסלי המבורגר חדש 7,גרמים,70.00,100 גרם,false,1,4.40,6.29,true,1,
7290115207620,false,"רוטב בסגנון סויה קלאסי 290 מ""ל אסם","אסם השקעות בע""\מ",,אסם רוטב בסגנון סויה,מיליליטרים,290.00,"100 מ""ל",false,1,16.70,5.76,true,1,
7290115207682,false,אסם רוטב בסגנון סויה סיני 9*290מל חדש,"אסם השקעות בע""\מ",,אסם רוטב בסגנון סויה,מיליליטרים,290.00,"100 מ""ל",false,1,13.50,4.66,true,1,
7290115207798,false,טבעול המבורגר חריף טבעוני 420 גרם,"טבעול תעשיות מזון בע""\מ",,טבעול בורגר חריף טבע,גרמים,420.00,100 גרם,false,1,36.50,8.69,true,1,
7290115207965,false,סירופ מנגו אפרסק ויטמינצ'יק 1 ליטר,בית-השיטה עסיס תעשיות מז,,סירופ ויטמינציק מנגו,מיליליטרים,1000.00,"100 מ""ל",false,1,21.90,2.19,true,1,
7290115207989,false,סירופ לימון ויטמינצ'יק 1 ליטר,בית-השיטה עסיס תעשיות מז,,סירופ ויטמינציק לימו,מיליליטרים,1000.00,"100 מ""ל",false,1,21.90,2.19,true,1,
7290115208009,false,ויטמינצ'יק ענבים סירופ 1 ליטר,בית-השיטה עסיס תעשיות מז,,סירופ ויטמינציק ענבי,מיליליטרים,1000.00,"100 מ""ל",false,1,21.90,2.19,true,1,
7290115208047,false,ויטמינצ'יק תרכיז פטל 1 ליטר,בית-השיטה עסיס תעשיות מז,,סירופ ויטמינציק פטל,מיליליטרים,1000.00,"100 מ""ל",false,1,21.90,2.19,true,1,
7290115208061,false,סירופ תפוח ויטמינצ'יק 1 ליטר,בית השיטה עסיס תעשיות מז,,סירופ ויטמינציק תפוח,מיליליטרים,1000.00,"100 מ""ל",false,1,21.90,2.19,true,1,
7290115208344,false,בייגלה כפיות שמנת בצל אסם 300 גרם,"אסם השקעות בע""\מ",,אסם בייגלה כפיות שמנ,גרמים,300.00,100 גרם,false,1,10.90,3.63,true,1,
7290115208597,false,קרמוגית מיניס קרמל מלוח אסם 200 גרם,"אסם השקעות בע""\מ",,אסם קרמוגית מיניס קר,גרמים,200.00,100 גרם,false,1,11.40,5.70,true,1,
7290115208801,false,לחמית דבש ואגוזים אסם 190 גרם,לחמית,,לחמית דבש ואגוזים 19,גרמים,190.00,100 גרם,false,1,9.90,5.21,true,1,
7290115209198,false,במבה אוורירית אסם 80 גרם,"אסם תעשיות בע""מ",,במבה אורירית 80 גרם,גרמים,80.00,100 גרם,false,1,4.30,5.38,true,1,
7290115209235,false,ביסקוויט פתי בר קפה אסם 500 גרם,"אסם תעשיות בע""מ",,אסם פתי בר קפה 500 ג,גרמים,500.00,100 גרם,false,1,13.90,2.78,true,1,
7290115209358,false,במבה במילוי בראוניז אסם 60 גרם,"אסם השקעות בע""\מ",,במבה במילוי בראוניז,גרמים,60.00,100 גרם,false,1,4.30,7.17,true,1,
7290115209372,false,במבה במילוי בראוניז 150ג' אסם,"אסם השקעות בע""\מ",,במבה במילוי בראוניז,גרמים,150.00,100 גרם,false,1,10.90,7.27,true,1,
7290115250503,false,קרקר כוסמין שום ועשבי תיבול שקית 225 גרם,"מאפיית פת במלח בע""מ",IL,קרקר כוסמין שום ועשב,גרמים,225.00,100 גרם,false,1,26.50,11.78,true,1,
7290115250527,false,קרקר חומוס פתפותים 2,"מאפיית פת במלח בע""מ",IL,קרקר חומוס 225 גרם,גרמים,225.00,100 גרם,false,1,26.50,11.78,true,1,
7290115480009,false,"מרכך כביסה מרוכז פרש קונטרול ירוק 900 מ""ל סוד",הנקל סוד,IL,מרכך כביסה סוד מרוכז,מיליליטרים,900.00,"100 מ""ל",false,1,15.60,1.73,true,1,
7290115480023,false,סוד פאוור קאפס לכביסה צבעונית 45 יחי,הנקל,,סוד קפסולות לכביסה 4,יחידה,1.00,יחידה,false,1,43.90,43.90,true,1,
7290115670691,false,גרנולה שיבולת שועל עם פירות יער,אנרג'י Energy - שטראוס,CZ,גרנולה פירות יער אנר,גרמים,400.00,100 גרם,false,1,15.90,3.98,true,1,
7290115670707,false,גרנולה שיבולת שועל עם שוקולד ואגוזי לוז,אנרג'י Energy - שטראוס,CZ,גרנולה שוקולד ואגוזי,גרמים,400.00,100 גרם,false,1,15.90,3.98,true,1,
7290115671223,false,מסטיק מאסט פאן אבטיח מנגו צנצנת 58 גרם,אסקום קונפקשיין,,מאסט פאן אבטיח מנגו,גרמים,58.00,100 גרם,false,1,9.90,17.07,true,1,
7290115671339,false,מיני פינוקיות בראוניז בייגל בוטן עלית 180 ג' עלית,"הגביע מוצרי ופלים בע""\מ",IL,מיני פינוקיות בראוני,גרמים,180.00,100 גרם,false,1,12.50,6.94,true,1,
7290115671346,false,מיני פינוקיות טופי קרמל מלוח עלית 180 גרם,"הגביע מוצרי ופלים בע""\מ",IL,מיני פינוקיות טופי ק,גרמים,180.00,100 גרם,false,1,12.50,6.94,true,1,
7290115671353,false,מיני פינוקיות עוגיות קקאו במילוי קרם בטעם וניל,"הגביע מוצרי ופלים בע""\מ",,מיני פינוקיות שחור ל,גרמים,180.00,100 גרם,false,1,12.50,6.94,true,1,
7290115671421,false,פולי אספרסו עשירים וארומטיים עוצמה 10 עלית 250 גרם,שטראוס קפה בי. וי.,,פולי אספרסו עשירים ו,גרמים,250.00,100 גרם,false,1,24.90,9.96,true,1,
7290115675696,false,דגני בוקר קראנצ'ים שיבולת שועל עם אגוזים ושקדים,גלידות שטראוס,,קוואקר אגוזים 375 ג,גרמים,375.00,100 גרם,false,1,19.90,5.31,true,1,
7290115675702,false,דגני בוקר קראנצ'ים שיבולת שועל עם פירות מיובשים,גלידות שטראוס,,קוואקר פירות 375 גר,גרמים,375.00,100 גרם,false,1,19.90,5.31,true,1,
7290115675986,false,דנונה יוגורט בר עם אגוזים מקורמלים 173 גרם,"שטראוס בריאות בע""\מ",,דנונה בר אגוזים מקור,גרמים,180.00,100 גרם,false,1,4.60,2.56,true,1,
7290115676037,false,דנונה ריפרש יוגורט עם תות ודומדמניות 1.6% שומן,מיוצר עי קונדיטוריית,IL,דנונה ריפרש תות דומד,מיליליטרים,250.00,"100 מ""ל",false,1,6.50,2.60,true,1,
7290115676051,false,"אקטיביה משקה+שיבולת שועל במתיקות מעודנת 250 מ""ל",מיוצר עי קונדיטוריית,IL,משקה אקטיביה ש. שועל,גרמים,265.00,100 גרם,false,1,6.00,2.26,true,1,
7290115676082,false,משקה דנונה פרו 20 יוגורט תות 255 ג' רבנות,"שטראוס בריאות בע""\מ.",IL,משקה דנונה פרו 20 תו,מיליליטרים,265.00,"100 מ""ל",false,1,7.90,2.98,true,1,
7290115677089,false,קונפיטורת יד מרדכי תפוח וקינמון 340 גרם,"בית אל מזון בע""מ",,קונפיטורת יד מרדכי ת,גרמים,340.00,100 גרם,false,1,15.60,4.59,true,1,
7290115677362,false,"נודלס טריאקי ""דלישס"" שטראוס","טרופיקל דגיל בע""מ אז",IT,נודלס טריאקי דלישס 3,גרמים,350.00,100 גרם,false,1,28.50,8.14,true,1,
7290115678222,false,מארז 8 גביעים יוגורט Greek בסגנון יווני 6.5% שומן,"שטראוס בריאות בע""\מ",,מארז שמיניית דנונה י,גרמים,1000.00,100 גרם,false,1,25.90,2.59,true,1,
7290115678376,false,מעדן הגולן שוקולד 125 גרם,מיוצר עי קונדיטוריית,,מעדן הגולן שוקולד,גרמים,125.00,100 גרם,false,1,3.30,2.64,true,1,
7290115678635,false,נשנושי גבינה -גבינת שמנת 16%+כעכים שטוחים עם מלח,"מחלבת טבע עז בע""\מ",,נשנושי גבינה 25% עם,גרמים,67.00,100 גרם,false,1,11.90,17.76,true,1,
7290115679885,false,פיצה מבצק עם כרובית עם רוטב עגבניות ומוצרלה,גסטרונומיה פרוסט אס.,IT,פיצה מבצק עם כרובית,גרמים,320.00,100 גרם,false,1,27.90,8.72,true,1,
7290115730388,false,צלחת 9 פלאוור מנטה 10 יחידות,,TR,צלחת 9 פלאוור מנטה 1,Unknown,0.00,Unknown,false,1,23.90,23.90,true,1,
7290116244037,false,חד קרן אצבעות שוקולד חלב 84 גרם,סטילנד שוקולד,NL,חד קרן אצבעות שוקולד,יחידה,1.00,יחידה,false,1,7.90,7.90,true,1,
7290116244044,false,מיניונים אצבעות שוקולד חלב 84 גרם,,NL,מיניונים אצבעות שוקו,יחידה,1.00,יחידה,false,1,7.90,7.90,true,1,
7290116244051,false,אצבעות שוקולד חלב 84 גרם LOL,סטילנד שוקולד,NL,אצבעות שוקולד חלב 84,יחידה,1.00,יחידה,false,1,7.90,7.90,true,1,
7290116244082,false,מפרץ הרפתקאות אצבעות שוקולד חלב 84 גרם,,NL,מפרץ הרפתקאות אצבעות,יחידה,1.00,יחידה,false,1,7.90,7.90,true,1,
7290116530062,false,הלמנס רוטב ויניגרט לסלט 295 גרם,יוניליוור ישראל מזון בע\,,הלמנס רוטב ויניגרט ל,גרמים,295.00,100 גרם,false,1,14.60,4.95,true,1,
7290116530161,false,"תחליב רחצה בניחוח שייק אננס, מלון וחלב שיבולת שועל",יוניליוור ישראל טיפוח אי,,תחליב רחצה פינוק אנס,מיליליטרים,700.00,"100 מ""ל",false,1,15.60,2.23,true,1,
7290116530222,false,דאודרנט סטיק לגבר אנרכי 76 ג' אקס,יוניליוור פארם,US,דאו סטיק לגבר אנרכי,גרמים,77.00,100 גרם,false,1,19.90,25.84,true,1,
7290116530239,false,אקס דאו סטיק לגבר בלאק 7 גרם,יוניליוור פארם,US,דאו סטיק לגבר בלאק,גרמים,77.00,100 גרם,false,1,19.90,25.84,true,1,
7290116531069,false,קנור מרק בצל 100% רכיבים טבעיים 225 גרם,יוניליוור ישראל מזון בע\,IL,מרק בצל קנור 225 גרם,גרמים,225.00,100 גרם,false,1,19.80,8.80,true,1,
7290116531076,false,מרק פטריות רכיבים טבעיים קטן 225 ג' קנור,יוניליוור ישראל מזון בע\,IL,מרק פטריות קנור 225,גרמים,225.00,100 גרם,false,1,19.80,8.80,true,1,
7290116531793,false,הלמנ'ס רוטב לסלט קיסר 295 גרם,יוניליוור ישראל מזון בע\,IL,הלמנס רוטב לסלט קיסר,גרמים,295.00,100 גרם,false,1,14.60,4.95,true,1,
7290116531885,false,"מיונז הלמנס טיבעוני בד""ץ 500 גר",יוניליוור ישראל מזון בע\,IL,מיונז טבעוני הלמנס 5,גרמים,500.00,100 גרם,false,1,15.50,3.10,true,1,
7290116531892,false,רוטב ברביקיו מעושן יום עצמאות קנור 350 גרם,יוניליוור ישראל מזון בע\,,רוטב קנור ברביקיו מע,מיליליטרים,350.00,"100 מ""ל",false,1,10.90,3.11,true,1,
7290116531977,false,אקס דאודורנט בודי ספריי סקייטבורד וורדים,"קוסטר אירוסול, גבזה 4140",,דאו אקס ספריי סקייט,מיליליטרים,150.00,"100 מ""ל",false,1,20.90,13.93,true,1,
7290116532219,false,קורנפלקס תות תלמה אלופים 448 גרם,"יוניליוור שפע ישראל בע""\",,קורנפלקס בטעם תות 44,גרמים,448.00,100 גרם,false,1,18.70,4.17,true,1,
7290116532264,false,גודיז פרי אפרסק – שלגון מופחת קלוריות עם יוגורט בציפוי בטעם אפרסק,"גלידת שטראוס בע""\מ, רחוב",IL,גודיז פרי אפרסק 300,גרמים,300.00,100 גרם,false,1,28.50,9.50,true,1,
7290116532271,false,סנדוויץ לייט גודיז שוקולד וניל 270 ג' שטראוס,"גלידת שטראוס בע""\מ, רחוב",IL,גודיז סנדוויץ 270 גר,גרמים,270.00,100 גרם,false,1,33.50,12.41,true,1,
7290116532387,false,"אל סבון ידיים נוזלי חמאת שיאה 950 מ""ל פינוק",יוניליוור ישראל טיפוח אי,,סבון ידיים בתוספת חמ,מיליליטרים,950.00,"100 מ""ל",false,1,12.90,1.36,true,1,
7290116532394,false,"אל סבון ידיים נוזלי חמאת קקאו 950 מ""ל פינוק",יוניליוור ישראל טיפוח אי,,סבון ידיים בתוספת חמ,מיליליטרים,950.00,"100 מ""ל",false,1,12.90,1.36,true,1,
7290116532479,false,קליק גלידת שמנת בטעמי שוקולד לבן עוגיות 384 ג' שטראוס,"גלידת שטראוס בע""\מ, רחוב",IL,גלידת שמנת קליק בטעם,גרמים,384.00,100 גרם,false,1,20.90,5.44,true,1,
7290116532486,false,גלידת שמנת קליק בטעמי וניל קרמל מלוח 384 ג' שטראוס,"גלידת שטראוס בע""\מ, רחוב",IL,גלידת שמנת קליק בטעם,גרמים,384.00,100 גרם,false,1,20.90,5.44,true,1,
7290116532585,false,דגני בוקר ברנפלקס קרנצ'ים בטעם דבש וקינמון,"יוניליוור שפע ישראל בע""\",,ברנפלקס קרנצים דבש ו,גרמים,375.00,100 גרם,false,1,20.90,5.57,true,1,
7290116532615,false,פינוק שמפו לשיער בתוספת גוגי ברי 700 מל,יוניליוור ישראלn\טיפוח א,IL,שמפו פינוק גוגי ברי,מיליליטרים,700.00,"100 מ""ל",false,1,11.90,1.70,true,1,
7290116532622,false,"מרכך לשיער בתוספת תמצית גוג'י ברי פינוק 700 מ""ל.",יוניליוור ישראלn\טיפוח א,IL,מרכך פינוק גוגי ברי,מיליליטרים,700.00,"100 מ""ל",false,1,11.90,1.70,true,1,
7290116532875,false,פינוק בייבי אל סבון לתינוקות 970 מל-משאבה,יוניליוור ישראלn\טיפוח א,,אל סבון בייבי אל דמע,Unknown,0.00,Unknown,false,1,22.90,22.90,true,1,
7290116532882,false,נשנושים איירביס טעם בצל 155 גרם,"דרך השוקולד ,1 צפת 13404",,נשנושים איירביס בצל,גרמים,155.00,100 גרם,false,1,12.70,8.19,true,1,
7290116532899,false,נשנושים איירביס טעם פלאפל 155 גרם,"דרך השוקולד ,1 צפת 13404",,נשנושים איירביס פלאפ,גרמים,155.00,100 גרם,false,1,12.70,8.19,true,1,
7290116532905,false,נשנושים איירביס טעם ברביקיו 155 גרם,"דרך השוקולד ,1 צפת 13404",,נשנושים איירביס ברבי,גרמים,155.00,100 גרם,false,1,12.70,8.19,true,1,
7290116533216,false,"קנור מרק תיבול ירקות 235 מ""ל",יוניליוור,IL,מרק ירקות קנור 235 ג,גרמים,235.00,100 גרם,false,1,19.80,8.43,true,1,
7290116914329,false,ממתק צעצוע דייג 8 גר',שנטו ג'וקי,CN,ממתק צעצוע דייג 8 גר,Unknown,1.00,Unknown,false,1,12.90,12.90,true,1,
7290116914879,false,ממתק צעצוע מכונה להרמת סוכריות,קסימן אינגואן,CN,ממתק צעצוע מכונה להר,Unknown,1.00,Unknown,false,1,11.90,11.90,true,1,
7290116915012,false,ממתק צעצוע דינוזאור,Unknown,CN,ממתק צעצוע דינוזאור,Unknown,1.00,Unknown,false,1,11.90,11.90,true,1,
7290116915036,false,ממתק צעצוע ציפור שרה,Unknown,CN,ממתק צעצוע ציפור שרה,Unknown,1.00,Unknown,false,1,19.90,19.90,true,1,
7290116930022,false,GO חטיף חלבון עוגיות ציפוי קריספי 20 גרם חלבון,"בלמונט קונפקציות בע""\מ.",US,GO חטיף חלבון קרם עו,גרמים,60.00,100 גרם,false,1,11.90,19.83,true,1,
7290116930282,false,ארוחה בקטנה לאבנה עם קרקרים 150ג' תנובה,תנובה חלב,,ארוחה בקטנה לאבנה עם,גרמים,150.00,100 גרם,false,1,7.90,5.27,true,1,
7290116930435,false,יופלה גו במרקם סמיך עם דובדבן 0% 200מל,תנובה מרכז שיתופי לש,IL,יוגורט גו סמיך דובדב,מיליליטרים,200.00,"100 מ""ל",false,1,5.70,2.85,true,1,
7290116930459,false,"יופלה שייק מנגו בננה אננס וקוקוס 230 מ""ל",קבוצת המזון אקטשלאר,,יופלה שייק מנגו בננה,מיליליטרים,230.00,"100 מ""ל",false,1,8.50,3.70,true,1,
7290116930466,false,"משקה SHAKE בננה מנגן פסיפלורה והל 230 מ""ל יופלה",קבוצת המזון אקטשלאר,,יופלה שייק מנגו בננה,מיליליטרים,230.00,"100 מ""ל",false,1,8.50,3.70,true,1,
7290116930480,false,"משקה SHAKE בננה קיווי תפוח 230 מ""ל יופלה",קבוצת המזון אקטשלאר,,יופלה שייק בננה קיוו,מיליליטרים,230.00,"100 מ""ל",false,1,8.50,3.70,true,1,
7290116930626,false,ארוחה בקטנה ציזיקי עם קרקרים 150ג' תנובה,תנובה חלב,,ארוחה בקטנה ציזיקי ע,גרמים,150.00,100 גרם,false,1,7.90,5.27,true,1,
7290116930657,false,"משקה חלב גו בטעם בננה תמר בתוספת שיבולת שועל במרקם חלק 340 מ""ל",תנובה מרכז שיתופי לש,IL,משקה חלב גו בטעם בננ,מיליליטרים,340.00,"100 מ""ל",false,1,8.50,2.50,true,1,
7290116930701,false,מעדן חלב GO מועשר בחלבון בטעם קרמל מלוח,תנובה מרכז שיתופי לש,,מעדן חלב go בטעם קרמ,גרמים,120.00,100 גרם,false,1,5.10,4.25,true,1,
7290116930725,false,סויה BIO קוקוס גביע 150 גרם אלטרנטיב,תנובה חלב,,סויה BIO קוקוס גביע,גרמים,150.00,100 גרם,false,1,4.80,3.20,true,1,
7290116931081,false,מעדן סויה - טופי קרמל 125 גרם אלטרנטיב,תנובה מרכז שיתופי לש,,מעדן סויה בטעם טופי,גרמים,125.00,100 גרם,false,1,4.60,3.68,true,1,
7290116931104,false,יופלה GO במרקם סמיך עם אננס 0% תנובה 200 גרם,תנובה בעמ,,יוגורט גו סמיך עם אנ,מיליליטרים,200.00,"100 מ""ל",false,1,5.90,2.95,true,1,
7290117260098,false,חטיף גבינה לבנה בטעם וניל בציפוי שוקולד עם חלבון 120 גרם קפוא,ז'ייאסבי,,חטיף גבינה לבנה בטעם,גרמים,15.00,100 גרם,false,1,14.90,99.33,true,1,
7290117260104,false,חטיף גבינה לבנה בטעם תות שדה בציפוי שוקולד עם חלבון 120 גרם קפוא,ז'ייאסבי,,חטיף גבינה לבנה בטעם,גרמים,15.00,100 גרם,false,1,14.90,99.33,true,1,
7290117260227,false,קפה טורקי אמיתי מטורקיה 100 גרם,פריזלנד פודס קיוויט בי.ו,,קפה טורקי אמיתי מטור,גרמים,100.00,100 גרם,false,1,5.90,5.90,true,1,
7290117260487,false,ניוקי תפוחי אדמה מצונן 500 גרם,סיימה,,ניוקי תפוח אדמה מצונ,גרמים,500.00,100 גרם,false,1,15.90,3.18,true,1,
7290117260500,false,מיני ניוקי תפוחי אדמה מצונן 500 גרם קהילות,סיימה,,מיני ניוקי תפוח אדמה,גרמים,500.00,100 גרם,false,1,15.90,3.18,true,1,
7290117260562,false,חמאה כפרית מסורתית בגביע,וילי פוד,TR,חמאה בגביע 225 גרם,גרמים,225.00,100 גרם,false,0,16.90,7.51,true,1,
7290117260579,false,חטיף קראנצ'י על בסיס קמח עדשים בטעם שמנת חמוצה ובצל 80 ג',וילי פוד,,חטיף קראנצי על בסיס,גרמים,80.00,100 גרם,false,1,9.90,12.38,true,1,
7290117260586,false,חטיף קראנצ'י על בסיס קמח עדשים בטעם פלפל חלפיניו וליים 80 ג',וילי פוד,,חטיף קראנצי על בסיס,גרמים,80.00,100 גרם,false,1,9.90,12.38,true,1,
7290117260593,false,חטיף קראנצ'י על בסיס קמח עדשים בטעם צ'דר 80 ג',וילי פוד,,חטיף קראנצי על בסיס,גרמים,80.00,100 גרם,false,1,9.90,12.38,true,1,
7290117260685,false,תן בו וניל בציפויים בטעמים שונים 12 יח',אלויראסמינדה,,תן בו וניל ציפויים ב,גרמים,230.00,100 גרם,false,1,20.90,9.09,true,1,
7290117260821,false,גבינת כבשים צ'אנק עם פטריות כמהין 150 ג' אל פסטור,ג.וילי פוד אינטרנשיונל ב,ES,גבינת כבשים צאנק עם,גרמים,150.00,100 גרם,false,0,31.50,21.00,true,1,
7290117260975,false,זיתי קלמטה מגולענים במי מלח 300 גרם ויליפוד,סיוארס אס.איי,TR,זיתי קלמטה מגולענים,גרמים,350.00,100 גרם,false,1,8.90,2.54,true,1,
7290117260982,false,זיתים שחור מגולענים במי מלח וילי פוד300,סיוארס אס.איי,TR,זיתים שחור מגולענים,גרמים,300.00,100 גרם,false,1,8.90,2.97,true,1,
7290117261019,false,זיתים ירוקים ממולאים מחית פלפלים אדומים במי מלח 300 גרם,סיוארס אס.איי,TR,זיתים ירוק ממולאים מ,גרמים,300.00,100 גרם,false,1,8.90,2.97,true,1,
7290117261033,false,זיתים שחורים מיובשים בסגנון טאסוס 200 גרם,סיוארס אס.איי,TR,זיתים שחורים מיובשים,גרמים,200.00,100 גרם,false,1,8.90,4.45,true,1,
7290117261057,false,זוג קינוחים בטעם קרם עוגיות 140 גרם,מונטרו,ES,זוג קינוחים בטעם קרם,גרמים,140.00,100 גרם,false,1,11.90,8.50,true,1,
7290117261088,false,בוראטה גבינת מוצרלה רכה 125ג' 18%שומן,קסריה להפואנטה,,בוראטה גבינת מוצרלה,גרמים,150.00,100 גרם,false,1,21.90,14.60,true,1,
7290117261101,false,זוג קינוחים בטעם שוקולד ואגוזי לוז 140 גרם,מונטרו,ES,זוג קינוחים בטעם שוק,גרמים,140.00,100 גרם,false,1,11.90,8.50,true,1,
7290117261118,false,זוג קינוחים בטעם שוקולד בציפוי שוקולד חלב 140 גרם,מונטרו,ES,זוג קינוחים בטעם שוק,גרמים,140.00,100 גרם,false,1,11.90,8.50,true,1,
7290117261125,false,זוג קינוחים בטעם וניל בציפוי שוקולד לבן 140 גרם,מונטרו,ES,זוג קינוחים בטעם וני,גרמים,140.00,100 גרם,false,1,11.90,8.50,true,1,
7290117261132,false,זוג קינוחים בטעם קרמל מלוח 140 גרם,מונטרו,ES,זוג קינוחים בטעם קרמ,גרמים,140.00,100 גרם,false,1,11.90,8.50,true,1,
7290117261163,false,פיתה יוונית מוקפאת - מארז 10 יחידות,קלואידאס,GR,פיתה יווני מוקפאת 75,גרמים,750.00,100 גרם,false,1,14.90,1.99,true,1,
7290117261170,false,פיתה יוונית עם קמח תירס מוקפאת - מארז 8 יחידות,וילי פוד,GR,פיתה יווני עם קמח תי,גרמים,680.00,100 גרם,false,1,14.90,2.19,true,1,
7290117261354,false,גבינת ריקוטה 200 גרם 5%שומן מחלבת אירופה,באלבן גידה סנאי,GR,גבינת ריקוטה 200 גרם,גרמים,200.00,100 גרם,false,1,11.90,5.95,true,1,
7290117261378,false,גבינת קשקבל לייט EURO CHEESE ויליפוד 250 גרם,סאסו פטוראגס קומטויס,IL,גבינת קשקבל לייט 250,גרמים,200.00,100 גרם,false,0,15.90,7.95,true,1,
7290117261422,false,euro cheese יוגורט פרוביוטי תות שדה 2% שומן 125 גרם,Euro יורו מחלבות אירופה,,יוגורט פרוביוטי עם ת,גרמים,125.00,100 גרם,false,1,3.20,2.56,true,1,
7290117261439,false,euro cheese יוגורט פרוביוטי פירות יער 2% שומן 125 גרם,Euro יורו מחלבות אירופה,,יוגורט פרוביוטי עם פ,גרמים,125.00,100 גרם,false,1,3.20,2.56,true,1,
7290117261491,false,מאפה יווני ממולא פטה טבעונית 450 גרם,הלניק,GR,מאפה יווני ממולא פטה,גרמים,450.00,100 גרם,false,1,25.90,5.76,true,1,
7290117261569,false,סלמון אטלנטי מעושן בשמן קנולה 120 גרם ויליפוד,קריות זול,LV,סלמון אטלנטי מעושן ק,גרמים,120.00,100 גרם,false,1,13.90,11.58,true,1,
7290117261774,false,כדורי גבינת בייבי מוצרלה 14% שומן 150 גרםeuro cheese,קסריה להפואנטה,,כדורי גבינת בייבי מו,גרמים,150.00,100 גרם,false,1,21.90,14.60,true,1,
7290117261910,false,מיקס מגורד לפיצה מחלבות אירופה 300 גרם,,,מיקס מגורד לפיצה מחל,גרמים,300.00,100 גרם,false,1,15.90,5.30,true,1,
7290117261989,false,גבינת מנורי רכה מחלב צאן 43% שומן 170 גרם,סאסו פטוראגס קומטויס אף,GR,גבינת מנוריי רכה מחל,גרמים,70.00,100 גרם,false,1,16.90,24.14,true,1,
7290117262221,false,"משקה יוגורט פרוביוטי עם אננס 200מ""ל 2.3%שומן יורו",Euro יורו מחלבות אירופה,TR,משקה יוגורט פרוביוטי,מיליליטרים,200.00,"100 מ""ל",false,1,6.20,3.10,true,1,
7290117262238,false,"משקה יוגורט פרוביוטי עם תות שדה 200מ""ל 2.3%שומן יורו",Euro יורו מחלבות אירופה,TR,משקה יוגורט עם תות ש,מיליליטרים,200.00,"100 מ""ל",false,1,6.20,3.10,true,1,
7290117262245,false,"משקה יוגורט פרוביוטי עם אפרסק ומשמש 200מ""ל 2.3%שומן יורו",Euro יורו מחלבות אירופה,TR,משקה יוגורט עם אפרסק,מיליליטרים,200.00,"100 מ""ל",false,1,6.20,3.10,true,1,
7290117380178,false,סוויט פוף חטיף מצופה שוקולד חלב,"טחנת האבן תעשיות בע""",IL,טוויסט פוף שוקולד חל,גרמים,50.00,100 גרם,false,1,4.90,9.80,true,1,
7290117380864,false,סלים דליס פייבר עוגות בראוניס אישיות בטעם שוקולד 120 גרם,הלמה הלום,,סלים דליס פייבר עוגי,גרמים,120.00,100 גרם,false,1,10.90,9.08,true,1,
7290117380871,false,סלים דליס פייבר עוגות אישיות בטעם אוכמניות 120 גרם,הלמה הלום,,סלים דליס פייבר עוגי,גרמים,120.00,100 גרם,false,1,10.90,9.08,true,1,
7290117381229,false,פוף פריכיות מצופות שוקולד חלב 70 גרם,בנליאן פודס,RS,פוף פריכיות מ.שוקולד,גרמים,70.00,100 גרם,false,1,7.50,10.71,true,1,
7290117381243,false,פוף פריכיות מצופות שוקולד חלב ותות 70 גר,שסטוביץ,RS,פוף פריכיות מ.שוקולד,גרמים,70.00,100 גרם,false,1,7.50,10.71,true,1,
7290117381250,false,פוף פריכיות מצופות שוקולד מריר ותפוח 70 גרם,שסטוביץ,RS,פוף פריכיות מ.שוקולד,גרמים,70.00,100 גרם,false,1,7.50,10.71,true,1,
7290117382318,false,סלים דליס פרו 33 חטיף חלבון שוקולד מריר 60 גרם,"י. מרבה ישראל בע""\מ",IT,חטיף חלבון מ.שוקולד,גרמים,60.00,100 גרם,false,1,12.90,21.50,true,1,
7290117382325,false,סלים דליס - פרו 33 חטיף חלבון מצופה שוקולד חלב 60 גרם,"י. מרבה ישראל בע""\מ",IT,חטיף חלבון מ.שוקולד,גרמים,60.00,100 גרם,false,1,12.90,21.50,true,1,
7290117382332,false,סלים דליס - חטיף חלבון מצופה שוקולד בטעם עוגיות 60 גרם,"י. מרבה ישראל בע""\מ",IT,חטיף חלבון מ.שוקו עו,גרמים,60.00,100 גרם,false,1,12.90,21.50,true,1,
7290117383711,false,"מארז זוג תחליב רחצה חלב ודבש *750 מ""ל פלמוליב",קולגייט פלמוליב,TR,פלמוליב חלב ודבש 750,Unknown,0.00,Unknown,false,1,30.00,30.00,true,1,
7290117383728,false,"מארז זוג תחליב רחצה לומינוס  אבוקדו 750 מ""ל פלמוליב",קולגייט פלמוליב,TR,פלמוליב לומינוס אבוק,Unknown,0.00,Unknown,false,1,30.00,30.00,true,1,
7290117383735,false,"מארז זוג תחליב רחצה חימר ורדים *750 מ""ל פלמוליב",קולגייט פלמוליב,TR,פלמוליב חימר ורדים 7,Unknown,0.00,Unknown,false,1,30.00,30.00,true,1,
7290117383742,false,"מארז זוג ג'ל רחצה לגבר 750 מ""ל פלמוליב",קולגייט פלמוליב,TR,פלמוליב גבר מרענן 75,Unknown,0.00,Unknown,false,1,30.00,30.00,true,1,
7290117860038,false,"הוואי - תחליב רחצה יוגורט בניחוח אוכמניות 700 מ""ל","טרופיקל דגיל בע""\מ",IL,הוואי תחליב רחצה יוג,מיליליטרים,700.00,"100 מ""ל",false,1,14.90,2.13,true,1,
7290117860144,false,הוואי שמפו פירות אקזוטיים וקלנדולה 700,"טרופיקל גליל בע""מ",,שמפו הוואי למניעת קש,מיליליטרים,700.00,"100 מ""ל",false,1,14.90,2.13,true,1,
7290117860182,false,"הוואי - תחליב רחצה בניחוח מגנוליה ושמן שקדים 700 מ""ל","טרופיקל דגיל בע""\מ",IL,הוואי תחליב רחצה מג,מיליליטרים,700.00,"100 מ""ל",false,1,14.90,2.13,true,1,
7290117860243,false,"הוואי - מרכך מעניק לחות לשיער יבש 700 מ""ל","טרופיקל גליל בע""מ",,מרכך הוואי מעניק לחו,מיליליטרים,700.00,"100 מ""ל",false,1,14.90,2.13,true,1,
7290117860281,false,"הוואי - ג'ל רחצה לגבר בניחוח עוצמתי 700 מ""ל","טרופיקל דגיל בע""\מ",IL,הוואי גל רחצה לגבר ב,מיליליטרים,700.00,"100 מ""ל",false,1,14.90,2.13,true,1,
7290117860380,false,"הוואי תחליב רחצה יוגורט בניחוח אלוורה 700 מ""ל","טרופיקל דגיל בע""\מ",IL,הוואי תחליב רחצה יוג,מיליליטרים,700.00,"100 מ""ל",false,1,14.90,2.13,true,1,
7290117860649,false,הוואי שמפו קרטין קיק ללא סולפטים 700 מל,"טרופיקל גליל בע""מ",,שמפו הוואי ללא סולפט,מיליליטרים,700.00,"100 מ""ל",false,1,14.90,2.13,true,1,
7290117860694,false,הוואי מרכך קרטין קיק ללא סולפטים 700 מל,"טרופיקל גליל בע""מ",,מרכך הוואי ללא סולפט,מיליליטרים,700.00,"100 מ""ל",false,1,14.90,2.13,true,1,
7290117860892,false,"הוואי - תחליב רחצה יוגורט בניחוח וניל ודבש 700 מ""ל","טרופיקל דגיל בע""\מ",IL,הוואי תחליב רחצה בני,מיליליטרים,700.00,"100 מ""ל",false,1,14.90,2.13,true,1,
7290117900949,false,בוטנים מצופים אמריקאים 250 גרם,"שקדיה גבע תעשיות בע""",IL,בוטנים מצופים אמריקא,גרמים,250.00,100 גרם,false,1,10.00,4.00,true,1,
7290117900956,false,תערובת פיצוחים קלויים ששון הקולה 180 גרם,"שקדיה גבע תעשיות בע""",IL,תערובת פיצוחים קלויי,גרמים,180.00,100 גרם,false,1,15.00,8.33,true,1,
7290117900963,false,בוטנים קלויים ששון ה,דין שיווק וקלייה בעמ,IL,בוטנים קלויים 270 גר,גרמים,270.00,100 גרם,false,1,10.00,3.70,true,1,
7290117900987,false,אגוז פקאן קלוף ששון הקולה 140 גרם,"שקדיה גבע תעשיות בע""",IL,אגוזי פקאן קלוף 140,גרמים,140.00,100 גרם,false,1,15.90,11.36,true,1,
7290117900994,false,פקאן סיני מסוכר ששון הקולה 140 גרם,"שקדיה גבע תעשיות בע""",IL,פקאן סיני מסוכר 140,גרמים,140.00,100 גרם,false,1,15.00,10.71,true,1,
7290117901014,false,קשיו קלוי ששון הקולה 160 גרם,"שקדיה גבע תעשיות בע""",IL,קשיו קלוי 160 גרם,גרמים,160.00,100 גרם,false,1,15.00,9.38,true,1,
7290117901021,false,קבוקים בוטנים מצופים עם שומשום 220 גרם,"שקדיה גבע תעשיות בע""",IL,קבוקים בוטנים מצופים,גרמים,220.00,100 גרם,false,1,10.00,4.55,true,1,
7290117901052,false,שקדים קלופים ששון הק,"שקדיה גבע תעשיות בע""",IL,שקדים קלופים 180 גרם,גרמים,180.00,100 גרם,false,1,15.00,8.33,true,1,
7290117901175,false,שקדים קלופים 250 גרם ששון הקולה,,,שקדים קלופים 250 גרם,גרמים,250.00,100 גרם,false,1,20.00,8.00,true,1,
7290117901182,false,בוטן קליפה קלוי 350 גרם ששון הקלה,,,בוטן קליפה קלוי 350,גרמים,350.00,100 גרם,false,1,10.00,2.86,true,1,
7290118350361,false,כוסות לשתיה קרה 50 יחידות,,,כוסות לשתיה קרה 50 י,Unknown,0.00,Unknown,false,1,5.50,5.50,true,1,
7290118420378,false,פתיבר פינוקים בטעם תותים בשמנת - חלבי,קריות זול,,אסם פתי בר פינוקים ת,גרמים,220.00,100 גרם,false,1,10.90,4.95,true,1,
7290118420477,false,אסם בייגלה שטוחים בטעם ביסלי בצל 300 גרם,"אסם תעשיות בע""מ",,אסם בייגלה שטוחים בט,גרמים,300.00,100 גרם,false,1,10.90,3.63,true,1,
7291008092286,false,תמר דקל נור,,,תמר דקל נור,Unknown,0.00,Unknown,false,1,9.90,9.90,true,1,
7291044019216,false,סוללות אלקליין AAA יונדאי 4 יח',,,סוללות יונדאי אלקליי,Unknown,0.00,Unknown,false,1,6.90,6.90,true,1,
7291044058468,false,טוסטר לחיצה יונדאי שחור ל-2 פרוסות,,,טוסטר לחיצה יונדאי ש,Unknown,0.00,Unknown,false,1,79.90,79.90,true,1,
7291044061680,false,מצנם ל-2 פרוסות יונדאי 900W אדום,,,מצנם ל2 פרוסות 900W,Unknown,0.00,Unknown,false,1,124.90,124.90,true,1,
7291044073102,false,מנגל חשמלי יונדאי 20,,,מנגל חשמלי יונדאי 20,Unknown,1.00,Unknown,false,1,124.90,124.90,true,1,
7291044083309,false,קומקום זכוכית לבן 1.7 יונדאי,,,קומקום זכוכית לבן 1.,Unknown,0.00,Unknown,false,1,124.90,124.90,true,1,
7291044094336,false,מנורות זוג 26W ספירל יונדאי,,,זוג נורות לד DL 15W,Unknown,0.00,Unknown,false,1,16.90,16.90,true,1,
7291044094343,false,זוג נורות לד WW 15W E27 A60 SAFETY,,,זוג נורות לד WW 15W,Unknown,0.00,Unknown,false,1,16.90,16.90,true,1,
7291061238317,false,סט סכום 24 לואר מוזהב,,,סט סכום 24 לואר מוזה,Unknown,0.00,Unknown,false,1,299.00,299.00,true,1,
7291061248408,false,h22 תפוח זהב 16*16,,,h22 תפוח זהב 16*16,Unknown,0.00,Unknown,false,1,69.90,69.90,true,1,
7291061248415,false,*מ*h17 תפוח זהב 12*1,,,*מ*h17 תפוח זהב 12*1,Unknown,0.00,Unknown,false,1,49.90,49.90,true,1,
7291061328506,false,זוג קופסאות ספר ציפו,,,זוג קופסאות ספר ציפו,Unknown,0.00,Unknown,false,1,129.90,129.90,true,1,
7291061354109,false,אגרטל זכוכית רגל 65,,,אגרטל זכוכית רגל 65,Unknown,0.00,Unknown,false,1,159.90,159.90,true,1,
7293738623792,false,גל אלוורה,,,גל אלוורה,Unknown,0.00,Unknown,false,1,27.90,27.90,true,1,
7293738625642,false,שמן ארומטי לימון,,,שמן ארומטי לימון,Unknown,0.00,Unknown,false,1,19.90,19.90,true,1,
7296168705113,false,וולטרס קיסמי שיניים דנטליים,ארוינג טישו,CN,קיסם/ מברשת לשיניים,יחידה,1.00,יחידה,false,1,16.70,16.70,true,1,
7296181207816,false,תפוח עם כפית אדום,,,תפוח עם כפית אדום,Unknown,0.00,Unknown,false,1,29.90,29.90,true,1,
7296181212223,false,מעמד לכפיות ברבור,,,מעמד לכפיות ברבור,Unknown,0.00,Unknown,false,1,99.90,99.90,true,1,
7296181212230,false,מעמד למזלגיות ברבור,,,מעמד למזלגיות ברבור,Unknown,0.00,Unknown,false,1,99.90,99.90,true,1,
7296181233143,false,דובי זהב+כפית+דבש,,,דובי זהב+כפית+דבש,קילוגרמים,0.00,"ק""ג",false,1,49.90,49.90,true,1,
7297488098152,false,דגש קמח חומוס ללא גל,אף.סי תבליני בגליל ב,,קמח חומוס 500 גרם,גרמים,500.00,100 גרם,false,1,17.50,3.50,true,1,
7297488098169,false,"קמח תירס ללא גלוטן דג""ש","תבליני העליון בע""מ",,קמח תירס 500 גרם,גרמים,500.00,100 גרם,false,1,10.90,2.18,true,1,
7297488098183,false,קמח אורז ללא גלוטן 500 ג,"תבליני העליון בע""מ",,קמח אורז דגש 500 גרם,גרמים,500.00,100 גרם,false,1,11.50,2.30,true,1,
7297488098190,false,0 קמח אורז מלא ללא גלוטן,אף.סי תבליני בגליל ב,,קמח אורז מלא 500 גרם,גרמים,500.00,100 גרם,false,1,15.90,3.18,true,1,
7297488098305,false,דגש-קמח שקדים 250 גרם,תבליני העליון 2007 ב,,קמח שקדים דגש 250 גר,גרמים,250.00,100 גרם,false,1,26.90,10.76,true,1,
7300006960153,false,איקרה מינטאי 140 גרם,,,חרדל 150 גר,גרמים,150.00,100 גרם,false,1,8.50,5.67,true,1,
7312040017683,false,"אבסולוט וודקה, 700 מ''ל","איי, בי, אינבוו",,"וודקה אבסולוט 700 מ""",מיליליטרים,700.00,"100 מ""ל",false,1,59.90,8.56,true,1,
7312220011272,false,אנאס עוגיות דקות בטעם גינגר 150 גר,Annas Pepparkakor,SE,אנאס עוגיות דקות בטע,גרמים,150.00,100 גרם,false,1,11.90,7.93,true,1,
7312220023398,false,אנאס עוגיות דקות בטעם קפוצינו 150 גר,Annas Pepparkakor,SE,אנאס עוגיות דקות בטע,גרמים,150.00,100 גרם,false,1,11.90,7.93,true,1,
7312220035735,false,אנאס עוגיות דקות בטעם תפוז 150 גר,Annas Pepparkakor,SE,אנאס עוגיות דקות בטע,גרמים,150.00,100 גרם,false,1,11.90,7.93,true,1,
7321011404070,false,דוני 20מפיות מעוטרות תלת שכבתי צבעים,דוני,,מפיות דוני תלת שכבתי,Unknown,0.00,Unknown,false,1,11.00,11.00,true,1,
7350075692734,false,THE HUMBLE קיסם חוט דנטלי כפול 50 יחידות,זר הייטק,,HUMBLE קיסם וחוט דנט,Unknown,0.00,Unknown,false,1,20.90,20.90,true,1,
7390010296733,false,גזר קוריאני 500 גר,,,גזר קוריאני 500 גר,גרמים,500.00,100 גרם,false,1,12.50,2.50,true,1,
7393714368584,false,קופרברג סיידר תות ליים 4.5% 330 מל פחית,לני אנד לארי,SE,קופרברג סיידר תות לי,מיליליטרים,330.00,"100 מ""ל",false,1,8.90,2.70,true,1,
7394376616778,false,אוטלי משקה שיבולת שועל להקצפה בריסטה 1 ליטר,טרנסומס פוד,,משקה ש.שועל להקצפה ב,מיליליטרים,1000.00,"100 מ""ל",false,1,15.90,1.59,true,1,
7501013101348,false,"ג'ומקס מנגו בקבוק 473 מ""ל תריסר",חומקס קומר קומרסאליזדורה,,גומקס נקטר מנגו 473,מיליליטרים,473.00,"100 מ""ל",false,1,9.50,2.01,true,1,
7501013101355,false,"נקטר בטעם אפרסק 500 מ""ל JUMEX",חומקס קומר קומרסאליזדורה,,גומקס נקטר אפרסק 473,מיליליטרים,473.00,"100 מ""ל",false,1,9.50,2.01,true,1,
7501013101362,false,"נקטר בטעם קוקוס ואננס 500 מ""ל JUMEX",חומקס קומר קומרסאליזדורה,,גומקס משקה קוקוס אננ,מיליליטרים,473.00,"100 מ""ל",false,1,9.50,2.01,true,1,
7501013101393,false,"ג'ומקס אננס בקבוק 473 מ""ל תריסר",חומקס קומר קומרסאליזדורה,,גומקס משקה אננס 473,מיליליטרים,473.00,"100 מ""ל",false,1,9.50,2.01,true,1,
7501013122039,false,ג'ומקס מיץ מנגו קרטונית ליטר תריסר,חומקס קומר קומרסאליזדורה,,גומקס נקטר מנגו,מיליליטרים,1000.00,"100 מ""ל",false,1,11.10,1.11,true,1,
7501013122053,false,ג'ומקס מיץ אפרסק קרטונית ליטר תריסר,חומקס קומר קומרסאליזדורה,,גומקס נקטר אפרסק קרט,מיליליטרים,1000.00,"100 מ""ל",false,1,11.10,1.11,true,1,
7501013122114,false,ג'ומקס מיץ אננס קרטונית ליטר תריסר,חומקס קומר קומרסאליזדורה,,גומקס משקה אננס קרטו,מיליליטרים,1000.00,"100 מ""ל",false,1,11.10,1.11,true,1,
7501013122190,false,ג'ומקס מיץ תפוחים קרטונית ליטר תריסר,חומקס קומר קומרסאליזדורה,,גומקס משקה תפוחים קר,מיליליטרים,1000.00,"100 מ""ל",false,1,11.10,1.11,true,1,
7501013122992,false,ג'ומקס מיץ קוקוס אננס קרטונית ליטר תריסר,חומקס קומר קומרסאליזדורה,,גומקס משקה קוקוס אננ,מיליליטרים,1000.00,"100 מ""ל",false,1,11.10,1.11,true,1,
7501035042131,false,"טקילה קוארבו אספסיאל גולד 700 מ""ל",קאזה קוארבו,,טקילה קוארבו אספסיאל,מיליליטרים,700.00,"100 מ""ל",false,1,85.00,12.14,true,1,
7501035042308,false,"טקילה קוארבו סילבר רולינגסטון 700 מ""ל",,,טקילה קוארבו סילבר ר,מיליליטרים,700.00,"100 מ""ל",false,1,85.00,12.14,true,1,
7501049936945,false,"בירה סול שישייה בקבוק 330 מ""ל",היינקן,NL,בירה סול שישייה בקב,מיליליטרים,1980.00,"100 מ""ל",false,1,31.90,1.61,true,1,
7501064191466,false,"שישיית בירה קורונה 355 מ""ל בקבוק",סרבסריה מודלו,,שישיית בירה קורונה 3,מיליליטרים,2130.00,"100 מ""ל",false,1,29.90,1.40,true,1,
7503012779405,false,סירופ אגבה כחולה – נטורפוד (גדול),נוטריאגבס דה מקסיקו,,סירופ אגבה כחולה 660,מיליליטרים,660.00,"100 מ""ל",false,1,35.10,5.32,true,1,
7509546061160,false,"משחת שיניים לילדים מיניונים 2-5 75 מ""ל קולגייט",קולגייט פלמוליב,,קולגייט מ. שיניים מי,Unknown,0.00,Unknown,false,1,15.90,15.90,true,1,
7509546061665,false,דאודורנט סטיק ג'ל לגבר 24/7 אקסטרים אינטנס,ספיד סטיק Speed Stick,,דאודורנט ספיד סטיק א,Unknown,0.00,Unknown,false,1,34.50,34.50,true,1,
7509546061672,false,דאודורנט סטיק אקסטרים אינטנס,ספיד סטיק Speed Stick,,ספיד סטיק אקסטרים סט,גרמים,57.00,100 גרם,false,1,20.90,36.67,true,1,
7509546063515,false,ליידי ספיד סטיק -סטיק פרו 5 ספריי 150 מל,קולגייט פלמוליב,,ליידי ספיד סטיק פרו,מיליליטרים,150.00,"100 מ""ל",false,1,15.90,10.60,true,1,
7509546666846,false,"משחת שיניים קולגייט טוטאל פחם 75 מ""ל",קולגייט פלמוליב,MX,קולגייט טוטאל משחת,מיליליטרים,75.00,"100 מ""ל",false,1,21.90,29.20,true,1,
7590010296751,false,כרוב כבוש 500 גר,,,כרוב כבוש 500 גר,גרמים,500.00,100 גרם,false,1,11.40,2.28,true,1,
7590010296768,false,"כרוב כבוש 1 ק""ג",,,"כרוב כבוש 1 ק""ג",גרמים,1000.00,100 גרם,false,1,23.90,2.39,true,1,
7594003626624,false,"רום דיפלומטיקו מאנטואנו 750 מ""ל",,,רום דיפלומטיקו מאנטו,מיליליטרים,750.00,"100 מ""ל",false,1,135.90,18.12,true,1,
7610008059080,false,רגוזה-שוקולד מריר טראפל אגוזי לוז 100 גרם,RAGUSA,CH,טבלת שוקולד רגוסה מר,גרמים,100.00,100 גרם,false,1,18.10,18.10,true,1,
7610008059103,false,טבלת שוקולד טורינו חלב 100 גר,קמיל בלוך,CH,טבלת שוקולד טורינו ח,גרמים,100.00,100 גרם,false,1,17.40,17.40,true,1,
7610008641506,false,שוקולד טורינו מריר שוויצרי 100 גרם,קמיל בלוך,,טבלת שוקולד טורינו,גרמים,100.00,100 גרם,false,1,17.40,17.40,true,1,
7610008708506,false,בונבוניירה רגוסה מריר 400 גר,RAGUSA,CH,בונבוניירה רגוסה מרי,גרמים,400.00,100 גרם,false,1,62.90,15.73,true,1,
7610100034084,false,מיונז טומי בשפורפרת 265 גרם,נסטלה שוויץ ס.א,,מיונז טומי 265 גר,גרמים,265.00,100 גרם,false,1,11.90,4.49,true,1,
7610113000175,false,"רום בקרדי מוחיטו 700 מ""ל",בקרדי מרטיני,,רום בקרדי מוחיטו 700,מיליליטרים,700.00,"100 מ""ל",false,1,74.90,10.70,true,1,
7610113011652,false,בריזר - משקה כוהלי מוגז בטעם תפוח,בקרדי בריזר Bacardi Breezer,,בקרדי בריזר תפוח 275,מיליליטרים,275.00,"100 מ""ל",false,1,14.50,5.27,true,1,
7610113013250,false,"משקה כוהלי על בסיס רום בקרדי 250 מ""ל",בקרדי מרטיני,BE,משקה כוהלי על בסיס ר,מיליליטרים,250.00,"100 מ""ל",false,1,14.90,5.96,true,1,
7610400010481,false,לינדט אקסלנס שוקולד חלב 100 גרם,לינדט ושפרונגלי קילשברג,,לינדט אקסלנס מילק,גרמים,100.00,100 גרם,false,1,14.90,14.90,true,1,
7610400014649,false,לינדור קוביות במילוי קרם שוקולד חלב 100 גרם,לינדט ושפרונגלי קילשברג,,לינדט שוקולד חלב 100,גרמים,100.00,100 גרם,false,1,15.80,15.80,true,1,
7610400068369,false,שוקולד חלב במילוי קרם אגוזים,לינדט ושפרונגלי,,לינדט שוקולד אגוזים,גרמים,100.00,100 גרם,false,1,15.80,15.80,true,1,
7610400070577,false,לינדט אקסלנס שוקולד צ'ילי 100 גרם,לינדט ושפרונגלי קילשברג,,לינדט אקסלנס צילי 1,גרמים,100.00,100 גרם,false,1,14.90,14.90,true,1,
7610400074155,false,לינדט לינדור קוביות במילוי קרם שוקולד 60% מוצקי קקאו 100 גרם,לינדט ושפרונגלי קילשברג,,לינדט שוקולד 60% 100,גרמים,100.00,100 גרם,false,1,15.80,15.80,true,1,
7610400075787,false,לינדט לה גרנד שוקולד חלב אגוז 150 גרם,לינדט ושפרונגלי קילשברג,,לינדט לה גרנד חלב אג,גרמים,150.00,100 גרם,false,1,23.90,15.93,true,1,
7610400091060,false,שוקולד מריר לינדט אקסלנס בתוספת תפוז ושקדים,לינדט ושפרונגלי קילש,,לינדט שוקולד אקסלנס,גרמים,100.00,100 גרם,false,1,14.90,14.90,true,1,
7610563108377,false,אמנטל שוויצרי פרוס 150 גר,,,אמנטל שוויצרי פרוס,גרמים,150.00,100 גרם,false,1,36.90,24.60,true,1,
7610563208374,false,גרוייר שוויצרי פרוס 150 גר,,,גרוייר שוויצרי פרוס,גרמים,150.00,100 גרם,false,1,40.90,27.27,true,1,
7610700607046,false,סוכריות צמחים לימון ומנטה ללא תוספת סוכר,ריקולה Ricola,,סוכריות ריקולה דיאט,גרמים,50.00,100 גרם,false,1,12.90,25.80,true,1,
7610700614914,false,סוכריות ריקולה פטל חמוציות 50 גרם[אדום],ריקולה Ricola,,סוכריות ריקולה פטל,גרמים,50.00,100 גרם,false,1,12.90,25.80,true,1,
7612100034606,false,אבקת איזוסטאר תפוז 400,,,אבקת איזוסטאר תפוז 4,מיליליטרים,400.00,"100 מ""ל",false,1,39.90,9.98,true,1,
7613030979647,false,דגני בוקר טריקס בטעם פירות נסטלה 480 ג',ג'נרל מילס סאן אדריא,,דגנים טריקס פירות עו,גרמים,480.00,100 גרם,false,1,25.50,5.31,true,1,
7613033548192,false,פיטנס - דגני בוקר שוקולד מריר 375 גרם,נסטלה צרפת איטנקורט,,דגני בוקר פיטנס שוקו,גרמים,375.00,100 גרם,false,1,19.90,5.31,true,1,
7613034146656,false,מזון לכלבים קטנים בטעם בקר פורינה ONE,נסטלה פורינה איטליה,,פורינה ONE מיני אקטי,Unknown,0.00,Unknown,false,1,59.90,59.90,true,1,
7613035514560,false,מזון לחתול מעוקר עם בקר פורינה ONE,נסטלה פורינה צרפת,,פורינה ONE חתול סטרי,Unknown,0.00,Unknown,false,1,119.00,119.00,true,1,
7613035618794,false,"פורינה ONE חתול בוגר עוף 3 ק""ג",נסטלה פורינה צרפת,,פורינה ONE חתול בוגר,Unknown,0.00,Unknown,false,1,119.00,119.00,true,1,
7613035635845,false,פיטנס גרנולה שוקולד 14*300 גרם,שוורצקוף& הנקל דיסלד,,פיטנס גרנולה שוקולד,גרמים,300.00,100 גרם,false,1,17.70,5.90,true,1,
7613035758834,false,פיטנס סופר גרנולה וחמוציות 300 גרם,שוורצקוף& הנקל דיסלד,,פיטנס גרנולה חמוציות,גרמים,300.00,100 גרם,false,1,17.70,5.90,true,1,
7613035807778,false,פרפקטו רוטב עגבניות לבולונז אסם 400 גרם,אסם פרפקטו Perfecto,,פרפקטו רוטב עגבניות,גרמים,400.00,100 גרם,false,1,11.40,2.85,true,1,
7613035809109,false,פרפקטו רוטב עגבניות ובזיליקום אסם 400 גרם,אסם פרפקטו Perfecto,,פרפקטו רוטב עגבניות,גרמים,400.00,100 גרם,false,1,11.40,2.85,true,1,
7613035809123,false,פרפקטו רוטב עגבניות עם פלפלים אסם 400 גרם,אסם פרפקטו Perfecto,,פרפקטו רוטב עגבניות,גרמים,400.00,100 גרם,false,1,11.40,2.85,true,1,
7613035809857,false,פרפקטו רוטב עגבניות לפסטה ולבישול אסם 400 גרם,אסם פרפקטו Perfecto,,פרפקטו רוטב עגבניות,גרמים,400.00,100 גרם,false,1,11.40,2.85,true,1,
7613036286015,false,משקה אננס מנגו מוגז פרייה אנד ג'וס - רביעייה,נסטלה ווטרס ספלאי,FR,פרייה אנד גוס אננס מ,מיליליטרים,1000.00,"100 מ""ל",false,1,23.90,2.39,true,1,
7613036314114,false,נסקפה גולד Gold קפה נמס מיובש בתוספת קפה קלוי,נסקפה Nescafe,,נס קפה גולד 200 גרם,גרמים,200.00,100 גרם,false,1,45.90,22.95,true,1,
7613036387798,false,פיטנס Fitness דגנים מלאים עם ציפוי בטעם יוגורט,נסטלה צרפת איטנקורט,,דגני פיטנס יוגורט 35,גרמים,350.00,100 גרם,false,1,19.90,5.69,true,1,
7613036737623,false,קראנץ' רולס נסטלה 410 גרם,"אסם תעשיות בע""מ",FR,קראנץ מקס 410 גרם,גרמים,410.00,100 גרם,false,1,23.90,5.83,true,1,
7613036880534,false,גרבר מחית ירקות מעורבים מטרנה 190 גר',נסטלה פולסקה אס.איי,PL,מחית גרבר מרק ירקות,גרמים,190.00,100 גרם,false,1,7.80,4.11,true,1,
7613036976671,false,פריסקיז פאוצ' עוף ברוטב 26*85גרם,נסטלה פורינה הונגריה,,פאוץ פריסקיז עוף 85,Unknown,0.00,Unknown,false,1,5.90,5.90,true,1,
7613036976718,false,פריסקיז פאוצ' ברווז ברוטב 26*85גרם,נסטלה פורינה הונגריה,,פאוץ פריסקיז ברווז 8,Unknown,0.00,Unknown,false,1,5.90,5.90,true,1,
7613036976732,false,פריסקיז - פאוץ סולומון 85 גרם,נסטלה פורינה,,פאוץ פריסקיז סלמון 8,Unknown,1.00,Unknown,false,1,5.90,5.90,true,1,
7613037012200,false,גרבר מחית תפוח גזר ומנגו 90 גרם פאוץ,"מפעל סברס, נסטלה ספרד ס.",ES,מחית גרבר תפוח מנגו,גרמים,90.00,100 גרם,false,1,6.90,7.67,true,1,
7613037204797,false,סטארבקס - פולי קפה בלונד אספרסו 450 גרם,נסטלה נספרסו,PT,סטארבקס פולי קפה בלו,גרמים,450.00,100 גרם,false,1,52.50,11.67,true,1,
7613037204889,false,סטארבקס - פולי קפה אספרסו 450 גרם,נסטלה נספרסו,PT,סטארבקס פולי קפה אספ,גרמים,450.00,100 גרם,false,1,52.50,11.67,true,1,
7613037686906,false,פיטנס שקדים ודבש 355 גרם מופחת סוכר,נסטלה צרפת איטנקורט,,דגני בוקר פיטנס שקדי,גרמים,375.00,100 גרם,false,1,19.90,5.31,true,1,
7613038257716,false,קיט קט צאנקי וופל ש. לבן רביעייה 4*40 גר,,AT,קיט קט צאנקי וופל ש.,גרמים,160.00,100 גרם,false,1,11.40,7.13,true,1,
7613038268262,false,דגני בוקר צ'יריוס דבש ושקדים במתיקות מעודנת,נסטלה פולין דגני בוק,FR,האני נאט ציריוס מופח,גרמים,410.00,100 גרם,false,1,19.90,4.85,true,1,
7613039547731,false,גרבר מחית תפוח עץ ומשמש 90 גרם פאוץ,"מפעל סברס, נסטלה ספרד ס.",ES,מחית גרבר תפוח משמש,גרמים,90.00,100 גרם,false,1,6.90,7.67,true,1,
7613039770450,false,טבעול סנסשיונל בורגר צמחוני 226 גרם,ג'נרל מילס סאן אדריא,IL,טבעול סנסשיונל בורגר,גרמים,226.00,100 גרם,false,1,34.90,15.44,true,1,
7613039771174,false,טבעול סנסשיונל מינס טחון צמחוני 400 גרם,ג'נרל מילס סאן אדריא,IL,טבעול טחון צמחוני,גרמים,400.00,100 גרם,false,1,34.90,8.73,true,1,
7613039880807,false,גרבר מחית תפוח וגזר 190 גרם,נסטלה פולסקה אס.איי,PL,מחית גרבר תפוח גזר 1,גרמים,190.00,100 גרם,false,1,7.80,4.11,true,1,
7613287008497,false,סטארבקס - פולי קפה פייק פלייס 450 גרם,נסטלה נספרסו,PT,סטארבקס פולי קפה פיי,גרמים,450.00,100 גרם,false,1,52.50,11.67,true,1,
7613287121783,false,חטיף סמרטיס מיני מאר,נסטלה גרמניה,DE,סמארטיס מיני 187 גר,גרמים,187.00,100 גרם,false,1,14.60,7.81,true,1,
7613287155863,false,גרבר - מחית אגס פאוץ 90 גרם,"מפעל סברס, נסטלה ספרד ס.",ES,מחית גרבר פאוץ אגס 9,גרמים,90.00,100 גרם,false,1,6.90,7.67,true,1,
7613287155894,false,"גרבר - מחית אפרסק כל""פ פאוץ 90 גרם","מפעל סברס, נסטלה ספרד ס.",,מחית גרבר אפרסק פאוץ,גרמים,90.00,100 גרם,false,1,6.90,7.67,true,1,
7613287155924,false,מטרנה מחית תפוח וגזר פאוץ' 90 גר',"מפעל סברס, נסטלה ספרד ס.",ES,מחית גרבר תפוח גזר פ,גרמים,90.00,100 גרם,false,1,6.90,7.67,true,1,
7613287162281,false,קפסולות קפה אספרסו גרנדה אינטנסו דולצ'ה גוסטו 144 ג',נסטלה אנגליה,,נסקפה ד.גוסטו גרנדה,גרמים,144.00,100 גרם,false,1,31.50,21.88,true,1,
7613287182876,false,ראונטריז סוכריות גלי קינוחי פירות 139 ג,,GB,ראונטריז סוכריות גלי,גרמים,139.00,100 גרם,false,1,10.90,7.84,true,1,
7613287186928,false,סטארבקס קפסולות קפה ברקפסט רוסט 10יח,נסטלה שוויץ - קפה,CH,סטארבקס קפסולות ברקפ,גרמים,56.00,100 גרם,false,1,21.90,39.11,true,1,
7613287228338,false,ראונטריז סוכריות גלי פירות 143 גרם,,GB,ראונטריז סוכריות גלי,גרמים,143.00,100 גרם,false,1,10.90,7.62,true,1,
7613287228703,false,ראונטריז סוכריות גלי תות ודומדמנית 143,,GB,ראונטריז סוכריות גלי,גרמים,143.00,100 גרם,false,1,10.90,7.62,true,1,
7613287325808,false,אוסם - דיפ אנד ספרד מטבל איולי שום 295 גרם,נסטלה פולין,,רוטב איולי שום לחיץ,גרמים,295.00,100 גרם,false,1,16.70,5.66,true,1,
7613287325853,false,אוסם - דיפ אנד ספרד מטבל איולי ספייסי 295 גרם,נסטלה פולין,,רוטב ספייסי איולי לח,גרמים,295.00,100 גרם,false,1,16.70,5.66,true,1,
7613287325952,false,אוסם - דיפ אנד ספרד מטבל ברבקיו 345 גרם,דפטונה פולין,,רוטב ברביקיו לחיץ 34,גרמים,345.00,100 גרם,false,1,16.70,4.84,true,1,
7613287325983,false,אוסם - דיפ אנד ספרד מטבל סלסה 335 גרם,דפטונה פולין,,רוטב סלסה לחיץ 335 ג,גרמים,335.00,100 גרם,false,1,16.70,4.99,true,1,
7613287457486,false,אפטר אייט מוחיטו ומנטה 200 גר,,,אפטר אייט מוחיטו ומנ,גרמים,200.00,100 גרם,false,1,15.20,7.60,true,1,
7613287476494,false,אוסם - דיפ אנד ספרד מיונז בסגנון צרפתי 280 גרם,נסטלה פולין,,מיונז לחיץ 280 גרם א,גרמים,280.00,100 גרם,false,1,16.70,5.96,true,1,
7613287821348,false,נתחוני עוף טבעוני סנסשיונל טבעול 350 גרם,ג'נרל מילס סאן אדריא,IL,טבעול נתחוני עוף סנס,גרמים,350.00,100 גרם,false,1,34.90,9.97,true,1,
7613287855640,false,סטארבקס קפסולות קפה גוואטמלה 10 יחידות,נסטלה שוויץ - קפה,,סטארבקס קפסולות גווא,גרמים,57.00,100 גרם,false,1,21.90,38.42,true,1,
7613600003796,false,פאל מאל סופרסלימס כחול עשירייה,Unknown,,פאל מאל סופרסלימס כח,Unknown,0.00,Unknown,false,1,295.00,295.00,true,1,
7613600003819,false,פאל מאל סופרסלימס כתום עשירייה,Unknown,,פאל מאל ס.ב.ויולט עש,Unknown,0.00,Unknown,false,1,295.00,295.00,true,1,
7614500010310,false,שוקולד בר לבן 100 ג' טובלרון,,,טובלרון לבן 100 גר,גרמים,100.00,100 גרם,false,1,10.40,10.40,true,1,
7614500010617,false,טובלרון - שוקולד מריר 100 גרם,,,טובלרון מריר 100 גרם,גרמים,100.00,100 גרם,false,1,10.40,10.40,true,1,
7617400098358,false,עוגיות סוויס דליס טרופינו חלב 100 גר,,CH,טרופינו שוויץ-וופל ק,גרמים,100.00,100 גרם,false,1,10.90,10.90,true,1,
7617400098839,false,טרופינו שוויץ-וופל ק.קוקוס ושוק. לבן 75ג,,,טרופינו שוויץ-וופל ק,גרמים,75.00,100 גרם,false,1,10.90,14.53,true,1,
7622010001858,false,עוגיות אוראו ממולאות קרם וניל 176 גרם.,פי אר ג'\יי אס אי מנדלז,,אוראו ממולאות קרם ונ,גרמים,176.00,100 גרם,false,1,8.90,5.06,true,1,
7622200009084,false,מילקה טבלאות שוקולד ממולא בסקויט 300 גר,מונדליז,,מילקה שוקולד חלב ובס,גרמים,300.00,100 גרם,false,1,19.80,6.60,true,1,
7622201050757,false,שוקולד מילקה טבלת חלב עם קרמל 100 ג',מילקה Milka,,שוקולד חלב עם קרמל מ,גרמים,100.00,100 גרם,false,1,6.90,6.90,true,1,
7622201137052,false,אוראו מיני קוקיס - עוגיות שוקולד צ'יפס ותחתית מצופה שוקולד חלב,מונדלז אספנה גלטאס פ,ES,מילקה מיני קוקיז 110,גרמים,110.00,100 גרם,false,1,8.90,8.09,true,1,
7622201401900,false,עוגיות סנסיישן אוראו מילקה 156 גרם,מונדלז פולסקה פרודקש,PL,עוגיות מילקה סנסיישן,גרמים,156.00,100 גרם,false,1,10.90,6.99,true,1,
7622201428723,false,קדבורי טיים אאוט שישייה 121.2 גרם,,,קדבורי טיים אאוט שיש,גרמים,121.00,100 גרם,false,1,11.40,9.42,true,1,
7622201492878,false,מילקה שוקו לופס 132 גרם,,CZ,מילקה שוקו לופס 132,גרמים,132.00,100 גרם,false,1,13.90,10.53,true,1,
7622201502515,false,עוגיות מילקה קוקי לופ שוקולד צ'יפס,גיורי קייקס קייאפטי,,מילקה קוקי לופ 132 ג,גרמים,132.00,100 גרם,false,1,10.90,8.26,true,1,
7622201775346,false,מונדלז מבחר מותגים מיני שוקולד 159 גר,מונדליז,,מונדלז מבחר מותגים מ,גרמים,159.00,100 גרם,false,1,24.90,15.66,true,1,
7622201781729,false,מילקה רוח רפאים הלוואין ש.חלב 115 גרם,,DE,מילקה רוח רפאים הלוו,גרמים,115.00,100 גרם,false,1,14.90,12.96,true,1,
7622201802363,false,מילקה טבלת שוקולד חלב וצימוקים ואגוזים 100ג',מנדלז דויצ'\לנד סנקס פרו,,שוקולד מילקה צימוק,גרמים,100.00,100 גרם,false,1,6.90,6.90,true,1,
7622201802394,false,שוקולד מילקה חלב מסרונים 100 גרם,מנדלז דויצ'\לנד סנקס פרו,,שוקולד מילקה חלב 100,גרמים,100.00,100 גרם,false,1,6.90,6.90,true,1,
7622201813390,false,וופל במילוי קרם קקאו בציפוי שוקולד חלב,מונדליז סי.אר. ביסקוויט,,עוגיות מילקה וואפל ב,גרמים,150.00,100 גרם,false,1,10.90,7.27,true,1,
7622201819170,false,שוקולד מילקה דרק שקדים 85 גרם.,מונדלז דויטשלנד סנאק,DE,מילקה דרק שקדים 85,גרמים,85.00,100 גרם,false,1,7.90,9.29,true,1,
7622210078131,false,שוקולד חלב עם שבבי קרמל מילקה דיים 100 גרם,מנדלז דויצ'\לנד סנקס פרו,,שוקולד חלב עם דאיים,גרמים,100.00,100 גרם,false,1,6.90,6.90,true,1,
7622210117762,false,"קוטדור בונבונירה בושה, 200 גרם כשל""פ",מונדלייז,,בונבוניירה קוטדור בו,גרמים,200.00,100 גרם,false,1,14.90,7.45,true,1,
7622210137234,false,עוגיות אוראו עם דאבל קרים וניל 170 גר,מונדלייז,,עוגיות אוראו עם דאבל,גרמים,170.00,100 גרם,false,1,9.90,5.82,true,1,
7622210163899,false,שוקולד חלב במילוי סוכריות עדשים,מונדלז דויצ'לנד סנקס,DE,שוקולד חלב עם עדשים,גרמים,100.00,100 גרם,false,1,6.90,6.90,true,1,
7622210176219,false,"חטיפי תפ""א שמנת חמוצה ובצל ליוקס 133 גר",,UA,"חטיפי תפ""א שמנת חמוצ",גרמים,133.00,100 גרם,false,1,15.90,11.95,true,1,
7622210176226,false,"חטיפי תפ""א פטריות עם שמנת ליוקס 133 גר",,UA,"חטיפי תפ""א פטריות עם",גרמים,133.00,100 גרם,false,1,15.90,11.95,true,1,
7622210240200,false,מילקה שוקולד חלב ועוגיות אוריאו 300 גרם,מונדליז,,מילקה שוקולד חלב ועו,גרמים,300.00,100 גרם,false,1,19.80,6.60,true,1,
7622210275516,false,מילקה שוקולד ביסקוויטים 300 גרם,,DE,מילקה שוקולד ביסקווי,גרמים,300.00,100 גרם,false,1,19.80,6.60,true,1,
7622210384362,false,מילקה שוקולד אוראו 300 גרם,,DE,מילקה שוקולד אוראו 3,גרמים,300.00,100 גרם,false,1,19.80,6.60,true,1,
7622210453327,false,עוגיות שוקוצ'יפס במילוי שוקולד סנסיישן,מנדלז פולסקה פרודקשן,,מילקה סנסיישן 156 גר,גרמים,100.00,100 גרם,false,1,10.90,10.90,true,1,
7622210464729,false,אוראו גולדן עוגיות וניל במילוי קרם וניל,מונדלייז,UA,אוראו גולדן 154 גרם,גרמים,154.00,100 גרם,false,1,6.90,4.48,true,1,
7622210597915,false,פרלינים לבבות שוקולד חלב ממולא קרם נוגט,מונדלז בולגריה פרודק,BG,מילקה לבבות פרלינים,גרמים,110.00,100 גרם,false,1,11.90,10.82,true,1,
7622210635105,false,עוגיות אוראו במילוי תות 154 גרם,מונדלז אספנה גאלטס פ,UA,אוראו תות 154 גרם,גרמים,154.00,100 גרם,false,1,6.90,4.48,true,1,
7622210637994,false,מיני עוגיות אוראו קראנצ'י בייטס אורגינל,מונדלז אספניה ג'לאטס,ES,אוראו ביס קראנצי אור,גרמים,110.00,100 גרם,false,1,8.90,8.09,true,1,
7622210638021,false,מיני עוגיות אוראו קראנצ'י בייטס מצופים,מונדלז אספניה ג'לאטס,ES,אוראו ביס קראנצי ציפ,גרמים,110.00,100 גרם,false,1,8.90,8.09,true,1,
7622210640062,false,פלדלפיה שמנת למריחה עם פלפל חלפיניו ופלפל ירוק,מונדלייז,,פילדלפיה שמנת למריחה,גרמים,175.00,100 גרם,false,1,16.90,9.66,true,1,
7622210664150,false,"עוגיות אוראו וניל, 396 גרם",מונדלייז,CZ,עוגיות אוראו וניל 39,גרמים,396.00,100 גרם,false,1,16.90,4.27,true,1,
7622210690852,false,מילקה שוקולד טריולד 280 גרם,מונדלייז,,מילקה טריוולד 280 גר,גרמים,280.00,100 גרם,false,1,19.80,7.07,true,1,
7622210826053,false,שוקולד מילקה אוראו סנדוויץ 92 גר',גיאורי קאקסז קייאףטי,DE,שוקולד מילקה אוראו ס,גרמים,92.00,100 גרם,false,1,6.90,7.50,true,1,
7622210835338,false,אוראו עוגיות ממולאות טעם בראוניז 176 גרם,מנדלז אספנה גאלטס פר,,אוראו בראוניז 176 גר,גרמים,176.00,100 גרם,false,1,8.90,5.06,true,1,
7622300270506,false,מילקה גריינס - עוגיות שיבולת שועל מצופות שוקולד 168 ג',מונדלז פולסקה פרודקש,,עוגיות ש.שועל מצופות,גרמים,168.00,100 גרם,false,1,10.90,6.49,true,1,
7622300315283,false,אוראו עוגיות ממולאות קרם וניל 154 גרם,"מונדלז CR פרודקשיין,",UA,אוראו וניל 154 גרם ב,גרמים,154.00,100 גרם,false,1,9.40,6.10,true,1,
7622300340285,false,גבינת שמנת 22% שומן 175 ג' פילדלפיה,מונדלז דויצ'לנד פרוד,,גבינת פילדלפיה 22%,גרמים,175.00,100 גרם,false,1,14.90,8.51,true,1,
7622300340292,false,גבינת שמנת 11% שומן 175 ג' פילדלפיה,מונדלז דויצ'לנד פרוד,,גבינת פילדלפיה 11%,גרמים,175.00,100 גרם,false,1,14.90,8.51,true,1,
7622300441715,false,עוגיות מילקה ביסקוויט ממולא קרם חלב מצופה למחצה בשוקולד חלב 150 גר',מוביל בעל מוניטין,,עוגיות מילקה שוקו מי,גרמים,150.00,100 גרם,false,1,10.90,7.27,true,1,
7622300489427,false,עוגיות אוראו בציפוי בטעם שוקולד לבן 246 גרם,מנדלז אספנה גאלטס פר,,אוראו פאג שוקולד לבן,גרמים,246.00,100 גרם,false,1,18.90,7.68,true,1,
7622300495046,false,מילקה שוקולד חלב עם אקסטרה קקאו 100 גרם,מנדלז דויצ'\לנד סנקס פרו,,שוקולד מילקה אקסטרה,גרמים,100.00,100 גרם,false,1,6.90,6.90,true,1,
7622300498429,false,שוקולד מילקה במילוי יוגורט תות 100 גרם,מנדלז דויצ'\לנד סנקס פרו,,שוקולד מילקה קרם תות,גרמים,100.00,100 גרם,false,1,6.90,6.90,true,1,
7622300503079,false,עוגיות ביסקוויט מצופה שוקולד חלב מילקה 200 גרם,מונדלז פולסקה פרודקש,,ביסקוויט מצופה שוקול,גרמים,200.00,100 גרם,false,1,10.90,5.45,true,1,
7622300617820,false,מילקה שוקולד חלב במילוי קרם חלב ווניל ושבבי עוגיות אוראו 100 גרם,מנדלז דויצ'\לנד סנקס פרו,,שוקולד מילקה אוראו 1,גרמים,100.00,100 גרם,false,1,6.90,6.90,true,1,
7622300756383,false,"ממרח גבינה פילדלפיה עם ממרח שוקולד ""מילקה"" 175 גרם",מונדלייז,,גבינת פילדלפיה עם שו,גרמים,175.00,100 גרם,false,1,16.90,9.66,true,1,
7622300756413,false,גבינת פילדלפיה 20% שומן עם תבלינים 175 ג',מונדלז דויצ'לנד פרוד,,גבינת פילדלפיה 20%,גרמים,175.00,100 גרם,false,1,14.90,8.51,true,1,
7622400006753,false,שוקולד קוטדור 70% קקאו 100 גרם,מונדלייז,,שוקולד קוטדור 70% קק,גרמים,100.00,100 גרם,false,1,15.60,15.60,true,1,
7622400013423,false,קוטדור- שוקולד מריר 86% קקאו 100 גר,מונדליז,,שוקולד קוטדור 86% קק,גרמים,100.00,100 גרם,false,1,15.60,15.60,true,1,
7630311507016,false,סטארבקס קפסולות קפה סאני דיי 10יח,נסטלה שוויץ - קפה,,סטארבקס קפסולות סאני,גרמים,57.00,100 גרם,false,1,21.90,38.42,true,1,
7630477891592,false,סטארבקס קפסולות קפה האוס בלנד 10 יחידות,נסטלה שוויץ - קפה,,סטארבקס קפסולות האוס,גרמים,57.00,100 גרם,false,1,21.90,38.42,true,1,
7630477891615,false,סטארבקס קפסולות קפה סומטרה 10 יחידות,נסטלה שוויץ - קפה,,סטארבקס קפסולות סומט,גרמים,55.00,100 גרם,false,1,21.90,39.82,true,1,
7630477891639,false,סטארבקס קפסולות קפה ורונה 10 יחידות,נסטלה שוויץ - קפה,,סטארבקס קפסולות ורונ,גרמים,55.00,100 גרם,false,1,21.90,39.82,true,1,
7630477891653,false,סטארבקס קפסולות קפה אספרסו נטול 10 יחידו,נסטלה שוויץ - קפה,,סטארבקס קפסולות אספר,גרמים,57.00,100 גרם,false,1,21.90,38.42,true,1,
7630477891677,false,סטארבקס קפסולות קפה פייק פלייס 10 יחידות,נסטלה שוויץ - קפה,,סטארבקס קפסולות פייק,גרמים,53.00,100 גרם,false,1,21.90,41.32,true,1,
7630477891714,false,סטארבקס קפסולות קפה אספרסו 10 יחידות,נסטלה שוויץ - קפה,,סטארבקס קפסולות אספר,גרמים,57.00,100 גרם,false,1,21.90,38.42,true,1,
7630477891738,false,סטארבקס קפסולות קפה אספרסו בלונד 10 יחיד,נסטלה שוויץ - קפה,,סטארבקס קפסולות אספר,גרמים,53.00,100 גרם,false,1,21.90,41.32,true,1,
7690010296765,false,עגבניות שרי 350 גר,,,עגבניות שרי 350 גר,גרמים,350.00,100 גרם,false,1,12.00,3.43,true,1,
7690010296772,false,עגבניות שרי במלח 600גר,,,עגבניות שרי במלח 600,גרמים,600.00,100 גרם,false,1,20.90,3.48,true,1,
7702018069347,false,סכיני גילוח חד פעמיים לנשים Blue 2,פרוקטר אנד גמבל,,בלו 2 לנשים 5+10,Unknown,0.00,Unknown,false,1,39.60,39.60,true,1,
7702018321520,false,דאודורנט סטיק לגבר Pro G Arctic ice,תות ממתקי איכות,,גילט דאו סטיק מתקדם,Unknown,0.00,Unknown,false,1,22.90,22.90,true,1,
7702018321582,false,דאודורנט סטיק לגבר Pro G Cool Wave,פרוקטר אנד גמבל,,גילט דאו סטיק מתקדם,Unknown,0.00,Unknown,false,1,22.90,22.90,true,1,
7702018413539,false,גילט 6 סכיני פיוזן פרושילד,פרוקטר אנד גמבל,,סכיני פיוזן פרושילד,Unknown,0.00,Unknown,false,1,150.50,150.50,true,1,
7702018462032,false,סכיני גילוח גילט מאך 3 רביעייה,פרוקטור אנד גמבל,DE,סכיני גילוח גילט מאך,יחידה,1.00,יחידה,false,1,44.90,44.90,true,1,
7702018465675,false,ונוס סימפלי ונוס 4 סכינים חד פעמיים אישה,פרוקטר אנד גמבל,PL,ס.גילוח חד פעמי גילט,Unknown,0.00,Unknown,false,1,26.20,26.20,true,1,
7702018468447,false,גילט בלו 2 פלוס סכינים חד פעמיים עשירייה,פרוקטר אנד גמבל,PL,סכיני גילוח בלו 2 פל,יחידה,1.00,יחידה,false,1,31.90,31.90,true,1,
7702018484522,false,מכשיר גילוח גילט ונוס פלטינום,פרוקטר & גמבל,,מכשיר גילוח גילט ונו,Unknown,0.00,Unknown,false,1,49.90,49.90,true,1,
7702018489619,false,גילט בלו 3 סכין גילוח חד פעמי לגבר 3 יח,פרוקטר אנד גמבל,PL,סכיני גילוח גילט חד,Unknown,0.00,Unknown,false,1,20.90,20.90,true,1,
7702018497447,false,סכיני גילוח ונוס סנסיטיב אקסטרה סמוט - 4 יח',ג'ילט ונוס Gillette Venus,,ס.גילוח גילט ונוס סנ,Unknown,0.00,Unknown,false,1,61.90,61.90,true,1,
7702018539468,false,גילט ונוס תות- ידית ושלושה סכינים 5להבים מארז,פרוקטר אנד גמבל,,גילט מארז ונוס תות י,Unknown,0.00,Unknown,false,1,59.90,59.90,true,1,
7702018980864,false,קצף גילוח סירייס רגיש גילט 250 מל,פרוקטר & גמבל,,קצף גילוח סירייס רגי,מיליליטרים,250.00,"100 מ""ל",false,1,21.50,8.60,true,1,
7702024074625,false,פיטנס - חטיפי קרקר חיטה מלאה 234 גרם,קומסטיבלס לה רוזה אס.איי,CO,חטיפי קרקר חיטה מלאה,גרמים,234.00,100 גרם,false,1,11.90,5.09,true,1,
7702174068826,false,יוגטה מבחר סוכריות לקקן קשות ממולאות טופי בטעמי יוגורט ופירות 204 גרם,הדקלאים אגודת שיתופי,,לקקן יוגטה בטעם פירו,גרמים,204.00,100 גרם,false,1,13.50,6.62,true,1,
7702174070201,false,יוגטה לקקן בטעם מסטיק ממולא טופי בטעם תות 12 יח' 204 גרם,הדקלאים אגודת שיתופי,,לקקן יוגטה בטעם מגיק,גרמים,204.00,100 גרם,false,1,13.50,6.62,true,1,
7702174073783,false,סוכריות על מקל בטעם קולה במילוי גומי לעיסה,הדקלאים אגודת שיתופי,,לקקן יוגטה פין פופ 1,גרמים,170.00,100 גרם,false,1,14.40,8.47,true,1,
7790010296724,false,עגבניות 600גר,,,עגבניות 600גר,גרמים,600.00,100 גרם,false,1,16.40,2.73,true,1,
7790240017090,false,טרפיצה מלבק אישי 0.187,,,טרפיצה מלבק אישי 187,מיליליטרים,187.00,"100 מ""ל",false,1,17.60,9.41,true,1,
7790240025415,false,טרפיצה מרלו 750 מל-יין אדום,,,"טרפיצה מרלו 750 מ""ל-",Unknown,0.00,Unknown,false,1,39.90,39.90,true,1,
7790240090154,false,יין טרפיצה ברוקל מלבק 750 מל,,,יין טרפיצה ברוקל מלב,Unknown,0.00,Unknown,false,1,68.90,68.90,true,1,
7790240090680,false,יין טרפיצה ויונייה 750 מל,,,יין טרפיצה ויונייה 7,Unknown,0.00,Unknown,false,1,39.90,39.90,true,1,
7790240092240,false,יין טרפיצה ברוקל קברנה פרנק 750 מל,,,יין טרפיצה ברוקל קבר,Unknown,0.00,Unknown,false,1,68.90,68.90,true,1,
7790240096866,false,"יין פיור מלבק שחור 750 מ""ל",,AR,יין פיור מלבק שחור 7,מיליליטרים,750.00,"100 מ""ל",false,1,57.90,7.72,true,1,
7790762000679,false,סנטה אנה מרלו 750 מל,,,סנטה אנה מרלו 750 מל,Unknown,0.00,Unknown,false,1,40.90,40.90,true,1,
7790762008453,false,סנטה אנה רזרב מלבק 750 מל,,,סנטה אנה רזרב מלבק,Unknown,0.00,Unknown,false,1,51.90,51.90,true,1,
7790762050117,false,סנטה אנה לה מסקוטה ק.סוביניון 750 מל,,,סנטה אנה לה מסקוטה,Unknown,0.00,Unknown,false,1,72.90,72.90,true,1,
7790762050124,false,סנטה אנה לה מסקוטה מלבק 750 מל,,,סנטה אנה לה מסקוטה,Unknown,0.00,Unknown,false,1,72.90,72.90,true,1,
7790762050902,false,סנטה אנה אונאנימה 750 מל,,,יין סנטה אנה,Unknown,0.00,Unknown,false,1,100.90,100.90,true,1,
7791875005353,false,ריבת חלב הוואנה דולצה דה לצה 450 גר,מיגה פוד קומרס,,ריבת חלב הוואנה דולצ,גרמים,450.00,100 גרם,false,1,20.90,4.64,true,1,
7792860006218,false,סוכריות לקקנים בייבי דול Baby Doll לריטר,גוד פוד פרודקטס S.p,,לקקן בייבי דול 24 גר,גרמים,24.00,100 גרם,false,1,2.00,8.33,true,1,
7793046001041,false,ריבת בטטה וניל דולקור 700 גרם,דולקור אסאיי,,ריבת בטטה וניל דולקו,גרמים,700.00,100 גרם,false,1,23.90,3.41,true,1,
7798159560096,false,"יין ארגנטו קלאסיק קברנה סוביניו 750 מ""ל",,AR,יין ארגנטו קלאסיק קב,Unknown,0.00,Unknown,false,1,39.90,39.90,true,1,
7804338000021,false,יין אדום יבש טרדיסון רזרב ק.סובינון 750,וינה לוס בולדוס,CL,יין אדום יבש טרדיסון,Unknown,0.00,Unknown,false,1,62.90,62.90,true,1,
7804338000625,false,"יין אדום יבש טרדיסון רזרב קרמנאר 750 מ""ל",,CL,יין אדום יבש טרדיסון,Unknown,0.00,Unknown,false,1,62.90,62.90,true,1,
7804625340014,false,"מול שחור מבושל 1 ק""ג קפוא",,,"מול שחור מבושל 1 ק""ג",קילוגרמים,0.00,"ק""ג",false,1,52.50,52.50,true,1,
7860001951717,false,מסנן כיור אמריקאי סליקון,,,מסנן כיור אמריקאי סל,Unknown,0.00,Unknown,false,1,20.00,20.00,true,1,
7891024027998,false,קולגייט מי פה טוטאל הגנה מפני אבן 500 מל,קולגייט- פלמוליב,,קולגייט מי פה טוטל א,מיליליטרים,500.00,"100 מ""ל",false,1,34.90,6.98,true,1,
7896607100099,false,קאשסה פיטו 1 ליטר,,,קאשסה פיטו,מיליליטרים,1000.00,"100 מ""ל",false,1,119.90,11.99,true,1,
8000020000365,false,"וורמוט צינזנו ביאנקו 750 מ""ל",דויד קמפרי,,וורמוט צינזנו ביאנקו,Unknown,0.00,Unknown,false,1,32.90,32.90,true,1,
8000020005247,false,יין גרנד דולצה מבעבע מתוק צינזנו 750 מל,,,יין גרנד דולצה מבעבע,Unknown,0.00,Unknown,false,1,37.90,37.90,true,1,
8000020006381,false,יין רוזה מבעבע צינזנו 750 מל,,,יין רוזה מבעבע צינזנ,Unknown,0.00,Unknown,false,1,54.90,54.90,true,1,
8000040000802,false,משקה קמפרי 1000 מל פ,קמפרי (יורו),,קמפרי 1 ליטר,מיליליטרים,1000.00,"100 מ""ל",false,1,89.90,8.99,true,1,
8000040500012,false,"וויסקי בורבון ווילד טורקי 81 700 מ""ל",אוסטין ניקולס,,וויסקי בורבון ווילד,מיליליטרים,700.00,"100 מ""ל",false,1,93.90,13.41,true,1,
8000040630269,false,וויסקי סינגל מאלט גלן גראנט 12 שנים 700,,,וויסקי סינגל מאלט גל,מיליליטרים,700.00,"100 מ""ל",false,1,156.90,22.41,true,1,
8000070003774,false,קפסולות אספרסו לוואצה אינטנסו 13 16 יח,לואיג'י לוואצה,,קפסולות אספרסו לוואצ,יחידה,1.00,יחידה,false,1,29.90,29.90,true,1,
8000070011878,false,לוואצה חוזק 3 דה קפינטו נטול קופאין 250 גר,לאוג'י לוואצה אס.פי.אי,IT,לוואצה חוזק 3 דה קפי,גרמים,250.00,100 גרם,false,1,46.90,18.76,true,1,
8000070027398,false,קרמה קלאסיקו פולי קפה 500 גר לוואזה,,,פולי קפה לוואצה קרמה,גרמים,500.00,100 גרם,false,1,73.50,14.70,true,1,
8000070029996,false,קפה לוואצה קלוי וטחון אורו שחור 250 גר,לווצה טורינו,IT,קפה לוואצה קלוי וטחו,גרמים,250.00,100 גרם,false,1,39.90,15.96,true,1,
8000070035980,false,קפה לוואצה קלוי וטחון חוזק 5 רוסה 250 גר,לווצה טורינו,IT,קפה לוואצה קלוי וטחו,גרמים,250.00,100 גרם,false,1,35.50,14.20,true,1,
8000070036321,false,פולי קפה לוואצה קואליטה רוסה 500 גר,צ'וקטה,IT,פולי קפה לוואצה קואל,גרמים,500.00,100 גרם,false,1,73.50,14.70,true,1,
8000070038868,false,קפה לוואצה קלוי וטחון חוזק 8 קלאסיקו 250 גר,לאוג'י לוואצה אס.פי.אי,IT,לוואצה חוזק 8 קרמה ג,גרמים,250.00,100 גרם,false,1,29.90,11.96,true,1,
8000070038974,false,"קרמה גוסטו פולי קפה 1 ג""ק לוואזה",,,קרמה גוסטו פולי קפה,גרמים,1000.00,100 גרם,false,1,125.50,12.55,true,1,
8000070042025,false,"פולי קפה סופר קרמה לוואצה 1 ק""ג",,,פולי קפה סופר קרמה 1,גרמים,1000.00,100 גרם,false,1,135.90,13.59,true,1,
8000070053465,false,קפסולות קפה אספרסו אורו דרגת חוזק 8,לאוג'י לוואצה אס.פי.אי,IT,קפסולות לוואצה אורו,יחידה,1.00,יחידה,false,1,21.90,21.90,true,1,
8000070053472,false,לוואצה קרמה גוסטו קלאסיקו מס' 12 קפסולות לקפה 55 גרם,לאוג'י לוואצה אס.פי.אי,IT,קפסולות לוואצה קרמה,יחידה,1.00,יחידה,false,1,21.90,21.90,true,1,
8000070053502,false,קפסולות קפה אספרסו ריקו נטול קפאין דרגת חוזק 7,לווצה טורינו,IT,קפסולות לוואצה נטול,יחידה,1.00,יחידה,false,1,21.90,21.90,true,1,
8000070053526,false,לוואצה רוסה מס' 10 קפסולות לקפה 55 גרם,לאוג'י לוואצה אס.פי.אי,IT,קפסולות לוואצה רוסה,יחידה,1.00,יחידה,false,1,21.90,21.90,true,1,
8000070055254,false,לוואצה קרמה גוסטו פורטה מס' 13 קפסולות לקפה 55 גרם,לואיג'י לוואצה,IT,קפסולות לוואצה קרמה,יחידה,1.00,יחידה,false,1,21.90,21.90,true,1,
8000070059832,false,לוואצה קרמה גוסטו ריקו מס' 11 קפסולות לקפה 55 גרם,לואיג'י לוואצה,IT,קפסולות לוואצה קרמה,יחידה,1.00,יחידה,false,1,21.90,21.90,true,1,
8000070081000,false,לוואצה הורמוניקו מס' 8קפסולות לקפה 50 גרם,לאוג'\י לוואצה אס.פי.אי,,קפסולות לוואצה הרמוו,גרמים,50.00,100 גרם,false,1,19.90,39.80,true,1,
8000113003402,false,"קמח תירס בוואקום 1 ק""ג",מולינו ניקולי אס.פי.,,"קמח תירס בואקום 1 ק""",גרמים,1000.00,100 גרם,false,1,16.70,1.67,true,1,
8000139000102,false,גרופלו פסטה מפאלדה 500 גרם,,IT,גרופלו פסטה מפאלדה 5,גרמים,500.00,100 גרם,false,1,16.90,3.38,true,1,
8000139000942,false,פסטה גרפולו לומצינה 500 גרם,,,פסטה גרפולו לומקינה,גרמים,500.00,100 גרם,false,1,13.50,2.70,true,1,
8000139002021,false,פסטה גרפולו קלמרטה 500 גרם,,,פסטה גרפולו קלמרטה 5,גרמים,500.00,100 גרם,false,1,14.60,2.92,true,1,
8000139910159,false,פסטה גרפולו לינגוין 500 גרם,,,פסטה גרפולו לינגוין,גרמים,500.00,100 גרם,false,1,13.50,2.70,true,1,
8000139910173,false,פסטה גרפולו אורזו 500 גרם,,,פסטה גרפולו אורזו 50,גרמים,500.00,100 גרם,false,1,13.50,2.70,true,1,
8000139910197,false,פסטה גרפולו ריגטוני 500 גרם,,,פסטה גרפולו ריגטוני,גרמים,500.00,100 גרם,false,1,13.50,2.70,true,1,
8000139910203,false,פסטה גרפולו קוצי סארדי 500 גרם,,,פסטה גרפולו קוצי סאר,גרמים,500.00,100 גרם,false,1,13.50,2.70,true,1,
8000139910227,false,פסטה גרפולו פוזילי 500 גרם,,,פסטה גרפולו פוזילי 5,גרמים,500.00,100 גרם,false,1,13.50,2.70,true,1,
8000139910234,false,פסטה גרפולו פנה ריגטה 500 גר,,,פסטה גרפולו פנה ריגט,גרמים,500.00,100 גרם,false,1,13.50,2.70,true,1,
8000139910241,false,פסטה פארפאלה גרפולו 500 גרם,PASTIFICIO LUCIO/GAR,,פסטה פארפאלה גרפולו,גרמים,500.00,100 גרם,false,1,13.50,2.70,true,1,
8000139910265,false,פסטה ראדיאטורי גרפולו 500 גר,,,פסטה ראדיאטורי גרפול,גרמים,500.00,100 גרם,false,1,13.50,2.70,true,1,
8000139910272,false,פסטה גרפולו פפרדלה נידו 500 גר,,,פסטה גרפולו פפרדלה נ,גרמים,500.00,100 גרם,false,1,14.60,2.92,true,1,
8000139910289,false,פסטה טליאטלה גרפולו 500 גר,,,פסטה גרפולו טליאטלה,גרמים,500.00,100 גרם,false,1,14.60,2.92,true,1,
8000139910357,false,פסטה לומאקוני גרפולו 500 גרם,,,פסטה לומאקוני גארופא,גרמים,500.00,100 גרם,false,1,14.60,2.92,true,1,
8000139910371,false,פסטה גרפולו פרימוורה 500 גרם,,,פסטה גרפולו פרימוורה,גרמים,500.00,100 גרם,false,1,14.60,2.92,true,1,
8000139910432,false,פסטה גרפולו פטוציה 500 גרם,,,פסטה גרפולו פטוציה 5,גרמים,500.00,100 גרם,false,1,13.50,2.70,true,1,
8000139910753,false,פסטה קאזארסה גרפולו 500 גר,,,פסטה גרפולו קסרצה,גרמים,500.00,100 גרם,false,1,13.50,2.70,true,1,
8000139910852,false,לזניה גרפולו 500 גרם,,,לזניה גרפולו 500 גרם,גרמים,500.00,100 גרם,false,1,17.70,3.54,true,1,
8000193000452,false,"אורז ריזוטו ארבוריו 1 ק""ג (10)",,,אורז ריזוטו איטלקי 1,גרמים,1000.00,100 גרם,false,1,28.50,2.85,true,1,
8000215204240,false,ויטאריז משקה שקדים ואורז אורגני 1 ליטר,בטר אנד דיפרנט,,משקה שקדים ואורז - א,מיליליטרים,1000.00,"100 מ""ל",false,1,14.90,1.49,true,1,
8000215204363,false,משקה קוקוס ויטריז 1 ליטר,אלינור,GB,משקה קוקוס ויטריז 1,מיליליטרים,1000.00,"100 מ""ל",false,1,14.90,1.49,true,1,
8000215204653,false,משקה סויה אורגני 1ליטר,בטר אנד דיפרנט,,VITASI משקה סויה 1 ל,מיליליטרים,1000.00,"100 מ""ל",false,1,13.50,1.35,true,1,
8000215204714,false,משקה שיבולת שועל אורגני 1 ליטר PRIMAVENA,בטר אנד דיפרנט,,משקה שיבולת שועל אור,מיליליטרים,1000.00,"100 מ""ל",false,1,14.90,1.49,true,1,
8000320010026,false,עגבניות תמר מקולפות צ'ריו 400 גרם,צ'יריו,IT,עגבניות תמר מקולפות,גרמים,400.00,100 גרם,false,1,6.90,1.73,true,1,
8000320010088,false,"רוטב עגבניות במרקם גס 680 מ""ל MUTTI",קונסרב,IT,פסאטה במרקם גס 680 מ,מיליליטרים,680.00,"100 מ""ל",false,1,13.90,2.04,true,1,
8000320414855,false,עגבניות מרוסקות 400 גר CIRIO,צ'יריו,,עגבניות מרוסקותCIRIO,גרמים,400.00,100 גרם,false,1,6.90,1.73,true,1,
8000350001124,false,מאפה ממולא קרם אגוזי לוז 125 גרם,MATILDE VICENZI,IT,חטיף עוגיה פריכה עם,גרמים,125.00,100 גרם,false,1,9.90,7.92,true,1,
8000380003723,false,וופל אגוזים בציפוי שוקולד לואקר 100 גרם,קריניציה ויטמינה אס,,עוגיות גרנד פטיסרי 1,גרמים,100.00,100 גרם,false,1,12.20,12.20,true,1,
8000380003761,false,וופל גרנד פטיסרי שוקולד וקוקוס לואקר 100 גרם,קריניציה ויטמינה אס,,עוגיות גרנד פטיסרי 1,גרמים,100.00,100 גרם,false,1,12.20,12.20,true,1,
8000380004669,false,וופל לואקר סנדוויץ קוביות ושוקולד 200ג',"א. לואקר, קונפקט ג'י",,וופל שוקולד לואקר 20,גרמים,200.00,100 גרם,false,1,12.80,6.40,true,1,
8000380004676,false,קוביות וופל סנדוויץ Sandwich עם וניל וחלב,"א. לואקר, קונפקט ג'י",,וופל וניל 200 גרם,גרמים,200.00,100 גרם,false,1,12.80,6.40,true,1,
8000380004881,false,וופל קוארדטיני לואקר קוביות טרמיסו 220ג',קריניציה ויטמינה אס,,וופל קואדרטיני טירמי,גרמים,220.00,100 גרם,false,1,13.90,6.32,true,1,
8000380004911,false,קוביות וופל קואדרטיני Quadratini קרם אגוזים,קריניציה ויטמינה אס,,וופל קוארדטיני אגוז,גרמים,250.00,100 גרם,false,1,13.90,5.56,true,1,
8000380004942,false,וופל לואקר קוארדטיני קוביות ווניל 250ג',ליימן מותגים,,קואדרטיני וניל 250 ג,גרמים,250.00,100 גרם,false,1,13.90,5.56,true,1,
8000380004966,false,וופל קוארדטיני לואקר קוביות שוקולד 250ג',קריניציה ויטמינה אס,,וופל קוארדטיני קקאו,גרמים,250.00,100 גרם,false,1,13.90,5.56,true,1,
8000380005598,false,מארז וופל שוקולד טורטינה Tortina שוקולד מריר,א. לואקר אס. פי. אי-אי.,,טורטינה מריר 1/6 125,גרמים,125.00,100 גרם,false,1,17.60,14.08,true,1,
8000380007219,false,וופלים בטעם אגוזים לואקר 175 גרם,ליימן מותגים,,וופל לואקר אגוז 175,גרמים,175.00,100 גרם,false,1,11.80,6.74,true,1,
8000380007257,false,וופל גרדנה אגוזים לואקר 200 גרם,קריניציה ויטמינה אס,,וופל גרדנה אגוז 200,גרמים,200.00,100 גרם,false,1,14.40,7.20,true,1,
8000380007264,false,וופלים בטעם קקאו לואקר 175 גרם,קריניציה ויטמינה אס,,וופל לואקר קקאו 175,גרמים,175.00,100 גרם,false,1,11.80,6.74,true,1,
8000380007271,false,וופל במילוי קרם חלב לואקר 175 גרם,ליימן מותגים,,וופל לואקר חלב 175 ג,גרמים,175.00,100 גרם,false,1,11.80,6.74,true,1,
8000380106028,false,טורטינה לואקר וופל שוקולד ואגוזים שישיה 125ג',קריניציה ויטמינה אס,,טורטינה אורגינל 1/6,גרמים,125.00,100 גרם,false,1,17.60,14.08,true,1,
8000380142484,false,קוביות וופל קואדרטיני Quadratini בטעם שוקולד מריר,"אינסטנטה בע""מ",,קואדרטיני שוקולד מרי,גרמים,250.00,100 גרם,false,1,13.90,5.56,true,1,
8000380144044,false,גרדנה וופל מצופה שוקולד חלב לואקר 200 גרם,"א. לואקר , AG/SpA, ו",,וופל גרדנה שוקולד 20,גרמים,200.00,100 גרם,false,1,14.40,7.20,true,1,
8000380148035,false,וופל אגוזי לוג שוקולד מריר גראן פטיסרי Gran Pasticceria,קריניציה ויטמינה אס,,עוגיות גרנד פטיסרי 1,גרמים,100.00,100 גרם,false,1,12.20,12.20,true,1,
8000380152728,false,מארז חטיפי אצבעות גרנדה שוקולד 125 גרם,"אינסטנטה בע""מ",,מארז חטיפי אצבעות גר,גרמים,125.00,100 גרם,false,1,16.90,13.52,true,1,
8000380153534,false,מארז וופל שוקולד טורטינה Tortina שוקולד לבן,א. לואקר אס. פי. אי-אי.,,טורטינה לבן 1/6 125,גרמים,125.00,100 גרם,false,1,17.60,14.08,true,1,
8000380156849,false,שוקולד מריר במילוי קרם קקאו וופל לואקר 87 גרם,ליימן מותגים,IT,שוקולד לואקר מריר 87,גרמים,87.00,100 גרם,false,1,8.50,9.77,true,1,
8000380156856,false,שוקולד לבן במילוי קרם חלב וופל לואקר 87 גרם,ליימן מותגים,IT,שוקולד לואקר לבן 87,גרמים,87.00,100 גרם,false,1,8.50,9.77,true,1,
8000380157440,false,שוקולד חלב במילוי קרם אגוזי לוז לואקר 87 גרם,"אינסטנטה בע""מ",,שוקולד חלב ממולא קרם,גרמים,85.00,100 גרם,false,1,8.50,10.00,true,1,
8000380180745,false,וופל קוביות קקאו במילוי קרם חלב לואקר 250 גרם,"א. לואקר, קונפקט ג'י",,לואקר קוביות וופל קק,גרמים,250.00,100 גרם,false,1,13.90,5.56,true,1,
8000380180943,false,בונ. לואקר ורד דולומיטים בטעמים 300 גרם,ליימן מותגים,,בונ. לואקר ורד דולומ,גרמים,300.00,100 גרם,false,1,44.90,14.97,true,1,
8000380192199,false,וופל לואקר דאבל שוקולד 175 גרם,ליימן מותגים,AT,וופל לואקר דאבל שוקו,גרמים,175.00,100 גרם,false,1,11.80,6.74,true,1,
8000380192588,false,וופלים קואדרטיני דאבל שוקולד לואקר 250 גרם,קריניציה ויטמינה אס,AT,וופל קואדרטיני דאבל,גרמים,250.00,100 גרם,false,1,13.90,5.56,true,1,
8000380201396,false,שוקולד חלב ממולא קרם קרמל ועלי וופל פריכ,ליימן מותגים,,שוקולד חלב ממולא קרם,גרמים,125.00,100 גרם,false,1,17.60,14.08,true,1,
8000380205400,false,וופלים קואדרטיני חמאת בוטנים לואקר 250 גרם,ליימן מותגים,AT,וופל לואקר קואדרטיני,גרמים,250.00,100 גרם,false,1,13.90,5.56,true,1,
8000380205523,false,וופלים בטעם חמאת בוטנים לואקר 175 גרם,ליימן מותגים,AT,וופל לואקר קלאסיק חמ,גרמים,175.00,100 גרם,false,1,11.80,6.74,true,1,
8000380206896,false,וופל גרדנה חמאת בוטנים לואקר 200 גרם,ליימן מותגים,IT,וופל לואקר גרדנה חמא,גרמים,200.00,100 גרם,false,1,14.40,7.20,true,1,
8000500009673,false,בונבוניירת פררו רושה 300 גרם,פררו - אלבה,,בונבוניירה פררו רושה,גרמים,300.00,100 גרם,false,1,52.50,17.50,true,1,
8000500023624,false,חטיפי הפי היפו Happy Hippo במילוי קרם חלב וקקאו,פררו - אלבה,,קינדר הפי היפו חמישי,גרמים,104.00,100 גרם,false,1,12.50,12.02,true,1,
8000500023976,false,בונבוניירת רפאלו פררו 150 גרם,פררו - אלבה,,בונבוניירה רפאלו 150,גרמים,150.00,100 גרם,false,1,15.90,10.60,true,1,
8000500026731,false,שוקולד ביצי הפתעה קינדר שלישייה,פררו אס.פי.אי,,שלישיית ביצי הפתעה ק,גרמים,60.00,100 גרם,false,1,14.90,24.83,true,1,
8000500028124,false,קינדר גוי ביצת הפתעה מארז שלישיה,ליימן שליסל,ZA,ביצת הפתעה קינדר גוי,גרמים,60.00,100 גרם,false,1,14.90,24.83,true,1,
8000500029350,false,מארז וופל מצופה 3יח' *43 גרם קינדר בואנו,פררו - אלבה,,שלישייה קינדר בואנו,גרמים,129.00,100 גרם,false,1,9.90,7.67,true,1,
8000500032237,false,בונבונרייה פררו רושר 375 גרם,פררו - אלבה,,בונבוניירה פררו רושר,גרמים,260.00,100 גרם,false,1,44.90,17.27,true,1,
8000500037874,false,בונבונרייה פררו רושר 200 גרם,פררו - אלבה,,בונבוניירה פררו רושה,גרמים,200.00,100 גרם,false,1,23.90,11.95,true,1,
8000500071083,false,אצבעות שוקולד קינדר Kinder שש עשרה יחידות,פררו - אלבה,,קינדר שוקולד מארז 20,גרמים,200.00,100 גרם,false,1,12.50,6.25,true,1,
8000500075708,false,ביצי שוקולד הפתעה קינדר ג'וי כחול בנים שלישיה,פררו - אלבה,,קינדר גוי כחול מארז,גרמים,60.00,100 גרם,false,1,14.90,24.83,true,1,
8000500094976,false,"בונבוניירה פררו רושר רושה קונוס, 212 גרם T17X4",פררו,,בונבוניירה פררו רושה,גרמים,212.00,100 גרם,false,1,45.50,21.46,true,1,
8000500121436,false,מארז קינדר בואנו Kinder Bueno לבן שלוש יחידות,פררו - אלבה,,שלישייה קינדר בואנו,גרמים,129.00,100 גרם,false,1,9.90,7.67,true,1,
8000500167656,false,קינדר שוקולד עם דגנים סיריאל 94 ג',פררו,IT,קינדר שוקולד עם דגני,גרמים,94.00,100 גרם,false,1,6.90,7.34,true,1,
8000500227848,false,נוטלה - בי רדי אצבעות ביסקוויט במילוי שוקולד 6 יח' * 22 גרם,פררו,IT,וופל נוטלה בי רדי שי,גרמים,132.00,100 גרם,false,1,12.50,9.47,true,1,
8000500247167,false,פררו קולקשן - כדורי וופל מצופים 24 יחידו,פררו,,פררו קולקשיין 269 גר,גרמים,269.00,100 גרם,false,1,52.50,19.52,true,1,
8000500248744,false,פררו-קינדר עוגת תפוז במצופת שוקולד 36*10,פררו,IT,פררו-קינדר עוגת תפוז,גרמים,360.00,100 גרם,false,1,29.90,8.31,true,1,
8000500249352,false,קינדר בואנו מיני מיקס שקית 205 ג',פררו - אלבה,,קינדר בואנו מיני מיק,גרמים,205.00,100 גרם,false,1,18.90,9.22,true,1,
8000500256213,false,קינדר שוקולד מיני בשקית.,פררו - אלבה,IT,קינדר שוקולד מיני 12,גרמים,120.00,100 גרם,false,1,10.00,8.33,true,1,
8000500266557,false,ביצי קינדר ענקיות- קריסמס (בנות) 220 גרם,,IT,ביצי קינדר ענקיות- ק,גרמים,220.00,100 גרם,false,1,64.90,29.50,true,1,
8000500266564,false,ביצי קינדר ענקיות- קריסמס (בנים) 220 גרם,,IT,ביצי קינדר ענקיות- ק,גרמים,220.00,100 גרם,false,1,64.90,29.50,true,1,
8000500267103,false,קינדר דליס עוגת ספוג קקאו במילוי חלבי*10,קינדר Kinder,IT,עוגת קינדר דליס 390,גרמים,390.00,100 גרם,false,1,19.90,5.10,true,1,
8000500269169,false,קינדר קארדס Kinder Cards - חמישייה,קריות זול,IT,וופל קינדר קארדס 128,גרמים,128.00,100 גרם,false,1,13.90,10.86,true,1,
8000500283158,false,עוגת קינד במילוי קרם חלב 270 גרם,פררו,,עוגת קינד במילוי קרם,גרמים,270.00,100 גרם,false,1,29.90,11.07,true,1,
8000500283219,false,עוגת קינדר קקאו במילוי קרם שוקולד 290 גר,פררו,,עוגת קינדר קקאו במיל,גרמים,290.00,100 גרם,false,1,29.90,10.31,true,1,
8000500283240,false,עוגת קינדר במילוי קרם שוקולד 290 גרם,פררו,,פררו-קינדר עוגת ספוג,גרמים,290.00,100 גרם,false,1,29.90,10.31,true,1,
8000500328750,false,כדור וופל פריך מצופה שוקולד פררו רושר 141 ג',פררו,,רושה מריר 141 גרם,גרמים,141.00,100 גרם,false,1,28.50,20.21,true,1,
8000500353738,false,רביעיה סוכריות בטעם מנטה חזק 4 * 16 ג' טחק טק,פררו,ZA,טיק טק רביעיה מנטה ח,גרמים,64.00,100 גרם,false,1,10.90,17.03,true,1,
8000500359884,false,שוקולד לבן ממולא קרם אגוזים 90 ג' פררו רושר,,DE,טבלת שוקולד פררו רוש,גרמים,90.00,100 גרם,false,1,17.70,19.67,true,1,
8000500384664,false,מאגדת גלידה קינדר בואנו רביעייה 284 גרם,,DE,מאגדת גלידה קינדר בו,גרמים,284.00,100 גרם,false,1,34.90,12.29,true,1,
8000500384718,false,"גלידת טילון ""קינדר בואנו"" לבן רביעיה 240 גרם",,DE,מאגדת גלידה קינדר בו,גרמים,284.00,100 גרם,false,1,34.90,12.29,true,1,
8000570283607,false,"מרטיני אסטי מבעבע כשר 750 מ""ל קרטונית",מרטיני Martini,IT,יין מבעבע מרטיני אסט,מיליליטרים,750.00,"100 מ""ל",false,1,64.90,8.65,true,1,
8000570812708,false,"יין מבעבע מרטיני רוזה 750 מ""ל",,,מבעבע מרטיני רוזה,Unknown,0.00,Unknown,false,1,64.90,64.90,true,1,
8000895003355,false,עוגיות קנטוציני שקדים 175 גרם SAPORI,,,עוגיות קנטוציני שקדי,גרמים,175.00,100 גרם,false,1,12.50,7.14,true,1,
8000895003379,false,עוגיות רכות עם שקדים 175 גרם SAPORI,,,עוגיות רכות עם שקדים,גרמים,175.00,100 גרם,false,1,17.40,9.94,true,1,
8001003100218,false,סוכריות יוגטה ג'לי פירות 800 גר',תות ממתקי איכות,,סוכריות יוגטה גילי 8,גרמים,800.00,100 גרם,false,1,23.90,2.99,true,1,
8001090016003,false,"טבליות למדיח פיירי 84 יחידות בד""צ",פרוקטר אנד גמבל,,טבליות למדיח פיירי 8,Unknown,0.00,Unknown,false,1,44.90,44.90,true,1,
8001090184375,false,"נוזל כלים פיירי 900 מ""ל ירוק אורגינל",פרוקטר אנד גמבל,GB,נוזל כלים פיירי אורי,מיליליטרים,900.00,"100 מ""ל",false,1,12.90,1.43,true,1,
8001090184412,false,"פיירי נוזל לניקוי כלים לימון שקוף, 900 מ""ל",פרוקטר אנד גמבל,GB,נוזל כלים פיירי לימו,מיליליטרים,900.00,"100 מ""ל",false,1,12.90,1.43,true,1,
8001090222428,false,"הרבל אסנסס - שמפו חלב קוקוס 400 מ""ל",הרבל אסנס Herbal Essences,FR,שמפו הרבל אסנסס חלב,מיליליטרים,400.00,"100 מ""ל",false,1,26.50,6.63,true,1,
8001090222572,false,הרבל אסנסס מרכך תות שדה ומנטה 400 גרם,הרבל אסנס Herbal Essences,FR,מרכך הרבל אסנסס תות,מיליליטרים,400.00,"100 מ""ל",false,1,26.50,6.63,true,1,
8001090222725,false,"הרבל אסנסס - שמפו שמן מורינגה 400 מ""ל",הרבל אסנס Herbal Essences,FR,שמפו הרבל אסנסס שמן,מיליליטרים,400.00,"100 מ""ל",false,1,26.50,6.63,true,1,
8001090222756,false,"הרבל אסנס מרכך תות שמן מורינגה 400 מ""ל",הרבל אסנס Herbal Essences,FR,מרכך הרבל אסנסס שמן,מיליליטרים,400.00,"100 מ""ל",false,1,26.50,6.63,true,1,
8001090222848,false,"הרבל אסנסס - שמפו שיקום שמן ארגן 400 מ""ל",הרבל אסנס Herbal Essences,FR,שמפו הרבל אסנסס שיקו,מיליליטרים,400.00,"100 מ""ל",false,1,26.50,6.63,true,1,
8001090222879,false,"הרבל אסנסס - מרכך שיקום שמן ארגן 400 מ""ל",הרבל אסנס Herbal Essences,FR,מרכך הרבל אסנסס שיקו,מיליליטרים,400.00,"100 מ""ל",false,1,26.50,6.63,true,1,
8001090290830,false,"אוראל בי משחת שיניים- להלבנה פנינה בוהקת 75 מ""ל",פרוקטר אנד גמבל,,3D WHITEמשחת שיניים,Unknown,0.00,Unknown,false,1,32.50,32.50,true,1,
8001090375186,false,"מרכך מרוכז 200 מ""ל לצבע מלא חיים ""פנטן""",פרוקטר אנד גמבל,,מרכך מרוכז פנטן,מיליליטרים,200.00,"100 מ""ל",false,1,24.90,12.45,true,1,
8001090377487,false,מסכה לשיער פנטן לחות מוגברת 300 מל,פרוקטר אנד גמבל,,מסכה לשיער פנטן לחות,מיליליטרים,300.00,"100 מ""ל",false,1,36.90,12.30,true,1,
8001090379337,false,פמפרס פרימיום קר חיתולים שלב 3 40 יח VP,פרוקטר אנד גמבל,,חיתולי פמפרס פרימיום,Unknown,0.00,Unknown,false,1,34.40,34.40,true,1,
8001090379368,false,פמפרס פרימיום קר חיתולים שלב 4 34 יח VP,פרוקטר אנד גמבל,,חיתולי פמפרס פרימיום,Unknown,0.00,Unknown,false,1,34.40,34.40,true,1,
8001090379399,false,פמפרס פרימיום קר חיתולים שלב 5 30 יח VP,פרוקטר אנד גמבל,,חיתולי פמפרס פרימיום,Unknown,0.00,Unknown,false,1,34.40,34.40,true,1,
8001090458353,false,סבון כלים פעולה אנטי-בקטריאלית אקליפטוס,פרוקטר אנד גמבל,,נוזל כלים אנטי בקטרי,מיליליטרים,515.00,"100 מ""ל",false,1,10.50,2.04,true,1,
8001090493637,false,"הד אנד שולדרס שמפו אולטרא טוטאל קר 450 מ""ל",הד אנד שולדרס H&S,,שמפו לגבר אולטרא טוט,מיליליטרים,450.00,"100 מ""ל",false,1,25.90,5.76,true,1,
8001090540577,false,"מי פה אורל בי להלבנה 500 מ""ל",פרוקטר אנד גמבל,DE,מי פה אורל בי להלבנה,מיליליטרים,500.00,"100 מ""ל",false,1,24.90,4.98,true,1,
8001090580122,false,"הד אנד שולדרס שמפו סופרים משקם 400 מ""ל",הד אנד שולדרס H&S,FR,שמפו הד&שולדרס סופרי,מיליליטרים,400.00,"100 מ""ל",false,1,20.90,5.23,true,1,
8001090632715,false,מש.שיניים אורל בי לילדים פרוזן וקארס120ג,פרוקטר אנד גמבל,DE,מש.שיניים אורל בי לי,גרמים,120.00,100 גרם,false,1,12.90,10.75,true,1,
8001090678614,false,"שמפו סופרים לחות הד אנד שולדרס 400 מ""ל",הד אנד שולדרס H&S,FR,שמפו הד&שולדרס סופרי,מיליליטרים,400.00,"100 מ""ל",false,1,20.90,5.23,true,1,
8001090721099,false,טבליות ג'ל לכביסה 3 ב-1 בניחוח אביב הרים,פרוקטר אנד גמבל,FR,קפסולות לכביסה אריאל,Unknown,0.00,Unknown,false,1,34.90,34.90,true,1,
8001090721129,false,אריאל קפסולות גל לכביסה 3ב1 קולור 27 יח,פרוקטר אנד גמבל,FR,קפסולות לכביסה אריאל,Unknown,0.00,Unknown,false,1,34.90,34.90,true,1,
8001090734044,false,אולוויז מגן תחתון גיגה פק לארג' אקסטרה פרוטקט 64 יח',פרוקטר אנד גמבל,,מגן תחתון אולוויז מג,Unknown,0.00,Unknown,false,1,19.90,19.90,true,1,
8001090737809,false,אולוויז מגן תחתון סינגל טנגה 36 יחידות,פרוקטר אנד גמבל,,מגן תחתון אולוויז סי,Unknown,0.00,Unknown,false,1,16.00,16.00,true,1,
8001090740717,false,מגני תחתון אולוויז נורמל עם ניחוח רענן Fresh Scent,פרוקטר אנד גמבל )ראה קוד,,מגן תחתון אולוויז מג,Unknown,0.00,Unknown,false,1,19.90,19.90,true,1,
8001090745903,false,אבקת כביסה טייד פרש אלפיין 4 קג,פרוקטר אנד גמבל,TR,אבקת כביסה טייד פרש,קילוגרמים,0.00,"ק""ג",false,1,29.90,29.90,true,1,
8001090748638,false,מרכך כביסה לנור מרוכז קיס 1 ל,,SA,מרכך כביסה לנור מרוכ,ליטרים,0.00,ליטר,false,1,31.50,31.50,true,1,
8001090802385,false,קפסולות גל לכביסה טייד בניחוח לנור 26 יח,פרוקטר אנד גמבל,FR,קפסולות גל לכביסה טי,Unknown,0.00,Unknown,false,1,34.90,34.90,true,1,
8001090832450,false,"שמפו פנטן הנוסחה הקלאסית 660 מ""ל",פרוקטר אנד גמבל,,שמפו פנטן הנוסחה הקל,מיליליטרים,660.00,"100 מ""ל",false,1,19.90,3.02,true,1,
8001090832535,false,"שמפו פנטן שמן מרוקאי משקם 660 מ""ל",פרוקטר אנד גמבל,,שמפו פנטן שמן מרוקאי,מיליליטרים,660.00,"100 מ""ל",false,1,19.90,3.02,true,1,
8001090832573,false,"שמפו פנטן לחות מוגברת 660 מ""ל",פרוקטר אנד גמבל,,שמפו פנטן לחות מוגבר,מיליליטרים,660.00,"100 מ""ל",false,1,19.90,3.02,true,1,
8001090832610,false,"שמפו פנטן למגע רך כמשי 660 מ""ל",פרוקטר אנד גמבל,,שמפו פנטן למגע רך כמ,מיליליטרים,660.00,"100 מ""ל",false,1,19.90,3.02,true,1,
8001090832818,false,מרכך פנטן הנוסחה הקלאסית לשיער רגיל ומעורב,פרוקטר אנד גמבל,,קונדישנר פנטן הנוסחה,מיליליטרים,660.00,"100 מ""ל",false,1,19.90,3.02,true,1,
8001090832856,false,"פנטן 660 מ""ל קונדישינר מרוקאי משקם",פרוקטר אנד גמבל,,קונדישנר פנטן מרוקאי,מיליליטרים,660.00,"100 מ""ל",false,1,19.90,3.02,true,1,
8001090832894,false,מרכך לשיער חלש ופגום לחות מוגברת,פרוקטר אנד גמבל,,קונדישנר פנטן לחות מ,מיליליטרים,660.00,"100 מ""ל",false,1,19.90,3.02,true,1,
8001090832931,false,"פנטן 660 מ""ל קונדישינר למגע רך כמשי",פרוקטר אנד גמבל,,קונדישנר פנטן למגע ר,מיליליטרים,660.00,"100 מ""ל",false,1,19.90,3.02,true,1,
8001090833136,false,אריאל ג'ל כביסה בייבי 2.255 ליטר,פרוקטור אנד גמבל,FR,גל כביסה אריאל בייבי,ליטרים,0.00,ליטר,false,1,32.90,32.90,true,1,
8001090833167,false,גל כביסה אריאל בניחוח הרים 2.365 ליטר,פרוקטור אנד גמבל,FR,גל כביסה אריאל בניחו,ליטרים,0.00,ליטר,false,1,32.90,32.90,true,1,
8001090833198,false,אריאל נוזל כביסה 2.47 ליטר ניחוח מרענן,פרוקטור אנד גמבל,FR,גל כביסה אריאל בניחו,ליטרים,0.00,ליטר,false,1,32.90,32.90,true,1,
8001090833228,false,אריאל ג'ל כביסה קולור 2.365 ליטר,פרוקטור אנד גמבל,FR,גל כביסה אריאל קולור,ליטרים,0.00,ליטר,false,1,32.90,32.90,true,1,
8001090833259,false,גל כביסה אריאל בניחוח הרים 3.740 ליטר,פרוקטר אנד גמבל,FR,גל כביסה אריאל בניחו,ליטרים,0.00,ליטר,false,1,49.90,49.90,true,1,
8001090899224,false,תחבושות אולוויז פלטינום לונג 20 יחידות,פרוקטר אנד גמבל,DE,תחבושות אולוויז פלטי,Unknown,0.00,Unknown,false,1,26.50,26.50,true,1,
8001090899255,false,תחבושות אולוויז פלטינום לילה 16 יחידות,פרוקטר אנד גמבל,DE,תחבושות אולוויז פלטי,Unknown,0.00,Unknown,false,1,26.50,26.50,true,1,
8001090899286,false,אולוויז תחבושות פלטינום לילה בטוח 14 יח',פרוקטר אנד גמבל,DE,תחבושות אולוויז פלטי,Unknown,0.00,Unknown,false,1,26.50,26.50,true,1,
8001090992338,false,פיירי טבליות למדיח פלטינום פלוס 50 יחידו,פרוקטר אנד גמבל,,קפסולות למדיח פיירי,Unknown,0.00,Unknown,false,1,44.90,44.90,true,1,
8001100011752,false,וופלים בלוקו במילוי שוקולד 175 גר,,,וופלים בלוקו בטעם קק,גרמים,175.00,100 גרם,false,1,9.90,5.66,true,1,
8001100011769,false,וופלים במילוי קרם אגוזים 175 ג בלוקו,,,וופלים בטעם אגוזי לו,גרמים,175.00,100 גרם,false,1,9.90,5.66,true,1,
8001100050546,false,עוגת פנטונה עם צימוקים וקליפות תפו 500 ג,,,עוגת פנטונה עם צימוק,גרמים,500.00,100 גרם,false,1,35.90,7.18,true,1,
8001100051055,false,עוגת פנטונה עם צימוקים בציפוי אגוזי 750ג,,,עוגת פנטונה עם צימוק,גרמים,750.00,100 גרם,false,1,46.90,6.25,true,1,
8001100058979,false,עוגת פנטונה בציפוי סוכר 750 גרם,,IT,עוגת פנדורו בחושה קל,גרמים,750.00,100 גרם,false,1,52.90,7.05,true,1,
8001100059242,false,בלוקו וופלים ממולאים קרם קקאו 250 גרם,,,בלוקו וופלים קוביות,גרמים,250.00,100 גרם,false,1,10.90,4.36,true,1,
8001100059259,false,קוביות וואפל בטעם אגוזי לוז באלוקו 250 ג',,,וופל קוביות בטעם אגו,גרמים,250.00,100 גרם,false,1,10.90,4.36,true,1,
8001100062518,false,פנטונה 750 גרם PANDORO פח,,,פנטונה 750 גרם PANDO,גרמים,750.00,100 גרם,false,1,72.90,9.72,true,1,
8001100063690,false,פנדורו במילוי קרם טירמיסו 800 גר Balocco,,IT,פנדורו במילוי קרם טי,גרמים,800.00,100 גרם,false,1,52.90,6.61,true,1,
8001100064802,false,עוגת סאן סירו 500 גרם,,IT,עוגת סאן סירו 500 גר,גרמים,500.00,100 גרם,false,1,29.90,5.98,true,1,
8001100067667,false,עוגת פנדורו בון נאטלה 700 גרם,,IT,עוגת פנדורו בון נאטל,גרמים,700.00,100 גרם,false,1,41.90,5.99,true,1,
8001110016341,false,"אמרטו דיסרונו 100 מ""ל",,,אמרטו דיסרונו 1 ליטר,מיליליטרים,1000.00,"100 מ""ל",false,1,114.90,11.49,true,1,
8001160000888,false,"גטורייד משקה ספורט תפוז 500 מ""ל",אקווה מינרלה סאן בנדטו,,גטורייד ספורט תפוז 5,מיליליטרים,500.00,"100 מ""ל",false,1,12.20,2.44,true,1,
8001160001786,false,"משקה אנרגיה גטורייד ספורט כחול 500מ""ל",אקווה מינרלה סאן בנדטו,,גטורייד ספורט כחול 5,מיליליטרים,500.00,"100 מ""ל",false,1,12.20,2.44,true,1,
8001160001892,false,"משקה אנרגיה גטורייד ספורט תפוז אדום 500מ""ל",אקווה מינרלה סאן בנדטו,,גטורייד ספורט תפוז א,מיליליטרים,500.00,"100 מ""ל",false,1,12.20,2.44,true,1,
8001200023808,false,פסטה אליציה צבעוני 500 גר Agnesi,,,פסטה אליציה צבעוני 5,גרמים,500.00,100 גרם,false,1,8.30,1.66,true,1,
8001200025505,false,פסטה פוזילי מס.78 500 גר Agnesi,,,פסטה פוזילי מס.78 50,גרמים,500.00,100 גרם,false,1,8.30,1.66,true,1,
8001200045190,false,פסטה אליציה מס.56 500 גר Agnesi,,,פסטה אליציה מס.56 50,גרמים,500.00,100 גרם,false,1,8.30,1.66,true,1,
8001200045299,false,פסטה פנה ריגטה 500 גר Agnesi,,IT,פסטה פנה ריגטה 500 ג,גרמים,500.00,100 גרם,false,1,8.30,1.66,true,1,
8001200045350,false,פסטה ניוקי 500 גר Agnesi,,IT,פסטה ניוקי 500 גר Ag,גרמים,500.00,100 גרם,false,1,8.30,1.66,true,1,
8001200045374,false,פסטה צילנטני מסולסל 500 גר Agnesi,,,פסטה צילנטני מסולסל,גרמים,500.00,100 גרם,false,1,8.30,1.66,true,1,
8001200045473,false,פסטה ריגטוני 500 גר Agnesi,,,פסטה ריגטוני 500 גר,גרמים,500.00,100 גרם,false,1,8.30,1.66,true,1,
8001200045916,false,פסטה טליאטלה ביצים 250 גר Agnesi,,,פסטה טליאטלה ביצים 2,גרמים,250.00,100 גרם,false,1,13.50,5.40,true,1,
8001200045978,false,פסטה פפרדלה ביצים 250 גר Agnesi,,,פסטה פפרדלה ביצים 25,גרמים,250.00,100 גרם,false,1,13.50,5.40,true,1,
8001200045992,false,פסטה ביצים ותרד 250 גר Agnesi,,,פסטה ביצים ותרד 250,גרמים,250.00,100 גרם,false,1,13.50,5.40,true,1,
8001291057515,false,ברון קיאנטי דל ברון ריקאסולי 750 מל,,,ברון קיאנטי דל ברון,Unknown,0.00,Unknown,false,1,51.90,51.90,true,1,
8001291927511,false,"יין ריקאסולי, טראפולה, רוסו 750 מ""ל",,,"יין ריקאסולי, טראפול",Unknown,0.00,Unknown,false,1,72.90,72.90,true,1,
8001387077106,false,קונטיזקה קאנטלופי פרימיטיבו סאלנטו 750 מ,,IT,קונטיזקה קאנטלופי פר,מיליליטרים,750.00,"100 מ""ל",false,1,57.90,7.72,true,1,
8001387287109,false,קונטיזקה קוואטרו קונטי פרימיטיבו 750 מל,,IT,קונטיזקה קוואטרו קונ,מיליליטרים,750.00,"100 מ""ל",false,1,43.90,5.85,true,1,
8001420001327,false,אורז ריזוטו ארבוריו 500 גרם,ריזו גאלו,,אורז ריזוטו ארבוריו,גרמים,500.00,100 גרם,false,1,13.90,2.78,true,1,
8001440118944,false,שלישיית עגבניות פולפה צ'יריו 400 גרם,דיפלומט,IT,עגבניות פולפה 3*400,קילוגרמים,0.00,"ק""ג",false,1,15.90,15.90,true,1,
8001440134487,false,עגבניות שרי מקולפות 400 גר CIRIO,,IT,עגבניות שרי מקולפות,גרמים,400.00,100 גרם,false,1,9.90,2.48,true,1,
8001505000160,false,מעדן דובדבנים אורגני 250 גר FIORDIFRUTT,פיור די פרוטה,,מעדן דובדבנים אורגני,גרמים,250.00,100 גרם,false,1,22.90,9.16,true,1,
8001505000320,false,מעדן תותי יער אורגני 250 ג FIORDIFRUTTA,אף.סי תבליני בגליל ב,,מעדן תותי יער אורגני,גרמים,250.00,100 גרם,false,1,22.90,9.16,true,1,
8001544087061,false,וינטג בוקט סט 2 קופסאות פח עגולות 1/6,,,וינטג בוקט סט 2 קופס,קילוגרמים,0.00,"ק""ג",false,1,69.90,69.90,true,1,
8001561015580,false,ריבת בצל סגול איטלקית 300 גרם,,,ריבת בצל סגול איטלקי,גרמים,300.00,100 גרם,false,1,31.90,10.63,true,1,
8001620011935,false,"סן בנדטו- מים מינרלים מוגז - מארז שישיית 500 מ""ל",אקווה מינרלה סאן בנד,,שישיית סאן בנדטו מוג,מיליליטרים,1500.00,"100 מ""ל",false,1,12.90,0.86,true,1,
8001620015612,false,"משקה פירות פרוטה-גזר תפוז לימון 400 מ""ל סאן בנדטו",אקווה מינרלה סאן בנדטו ב,,סן בנדטו גזר תפוז לי,מיליליטרים,400.00,"100 מ""ל",false,1,7.90,1.98,true,1,
8001620015636,false,"משקה פירות פרוטה-מיקס פירות 400 מ""ל סאן בנדטו",אקווה מינרלה סאן בנדטו ב,,סן בנדטו מיקס פירות,מיליליטרים,400.00,"100 מ""ל",false,1,7.90,1.98,true,1,
8001620017449,false,"סן בנדטו ספורט, מים מינרלים טבעיים 500 מל",אקווה מינרלה סאן בנדטו ב,,"בנדטו שישייה 500 מ""ל",מיליליטרים,500.00,"100 מ""ל",false,1,3.20,0.64,true,1,
8001620017456,false,"סן בנדטו ספורט, מים מינרלים טבעיים 500 מ""ל שישייה",אקווה מינרלה סאן בנדטו ב,,סאן בנדטו שישייה 500,מיליליטרים,3000.00,"100 מ""ל",false,1,15.90,0.53,true,1,
8001620018248,false,"מים מינרלים 750 מ""ל סאן בנדטו-פקק ספורט",אקווה מינרלה סאן בנדטו ב,,"מים סאן בנדטו 750 מ""",מיליליטרים,750.00,"100 מ""ל",false,1,3.90,0.52,true,1,
8001637404195,false,גורגונזולה דולצה 150 גרם,,,גורגונזולה דולצה 150,גרמים,150.00,100 גרם,false,1,41.90,27.93,true,1,
8001637410813,false,גורגונזולה פיקנטה 150 גרם,,,גורגונזולה פיקנטה 15,גרמים,150.00,100 גרם,false,1,30.90,20.60,true,1,
8001691819911,false,בקבוק חלב לטרייה 1.0 ליטר 0/6 LATTERIA M,,,בקבוק חלב לטרייה 1.0,קילוגרמים,0.00,"ק""ג",false,1,19.90,19.90,true,1,
8001780499307,false,דובדבני אמרנה 230 גרם - FABBRI,פאברי Fabbri,IT,דובדבני אמרנה 230 גר,גרמים,230.00,100 גרם,false,1,26.50,11.52,true,1,
8001841006710,false,לנור כדוריות הריח בניחוח רענן 210 גרם,פרוקטר אנד גמבל,GB,כדוריות הבושם לנור נ,גרמים,210.00,100 גרם,false,1,32.90,15.67,true,1,
8001841062624,false,מארז מגבוני פמפרס ללא בישום - רביעייה,פרוקטר אנד גמבל.,DE,מגבוני פמפרס פרש ללא,יחידה,1.00,יחידה,false,1,20.90,20.90,true,1,
8001841077949,false,מארז מגבוני פמפרס בניחוח מרענן - רביעייה,פרוקטר אנד גמבל,DE,מגבוני פמפרס פרש רבי,יחידה,1.00,יחידה,false,1,20.90,20.90,true,1,
8001841104751,false,פמפרס פרימיום קר חיתולים שלב 1 52 יח VP,פרוקטר אנד גמבל,TR,חיתולי פמפרס פרימיום,Unknown,0.00,Unknown,false,1,34.40,34.40,true,1,
8001841105093,false,פמפרס פרימיום קר חיתולים שלב 6 26 יח VP,פרוקטר אנד גמבל,TR,חיתולי פמפרס פרימיום,Unknown,0.00,Unknown,false,1,34.40,34.40,true,1,
8001841137216,false,"קונדישנר למגע רך כמשי הד אנד שולדרס 275 מ""ל",פרוקטר אנד גמבל,RO,קונדישינר הד&שולדרס,מיליליטרים,275.00,"100 מ""ל",false,1,19.90,7.24,true,1,
8001841216584,false,תחבושות אולוויז אולטרה לילה בטוח,פרוקטר אנד גמבל,,תחבושות אולוויז לילה,Unknown,0.00,Unknown,false,1,36.90,36.90,true,1,
8001841500799,false,"הרבל אסנסס - שמפו ללא סולפטים אלוורה ומנגו 380 מ""ל",הרבל אסנס Herbal Essences,FR,שמפו הרבל אסנסס אלוו,מיליליטרים,380.00,"100 מ""ל",false,1,26.50,6.97,true,1,
8001841500942,false,"הרבל אסנסס - שמפו ללא סולפטים אלוורה ובמבוק 380 מ""ל",הרבל אסנס Herbal Essences,FR,שמפו הרבל אסנסס אלוו,מיליליטרים,380.00,"100 מ""ל",false,1,26.50,6.97,true,1,
8001841502298,false,"הרבל אסנסס - מרכך ללא סולפטים אלוורה ומנגו 275 מ""ל",הרבל אסנס Herbal Essences,FR,מרכך הרבל אסנסס אלוו,מיליליטרים,380.00,"100 מ""ל",false,1,26.50,6.97,true,1,
8001841566771,false,לנור כדוריות בושם בניחוח יסמין 210 גרם,פרוקטר אנד גמבל,GB,כדוריות הבושם לנור נ,גרמים,210.00,100 גרם,false,1,32.90,15.67,true,1,
8001841625188,false,סבון כלים פלטינום לימון X3 פעולות להסרת שומנים,פרוקטר אנד גמבל,GB,נוזל כלים פיירי פלטי,מיליליטרים,515.00,"100 מ""ל",false,1,10.50,2.04,true,1,
8001841669465,false,קפסולות לכביסה אריאל בניחוח לנור 24 יחידות,פרוקטר אנד גמבל,FR,קפסולות לכביסה אריאל,Unknown,0.00,Unknown,false,1,34.90,34.90,true,1,
8001841669519,false,קפסולות לכביסה ALL IN ONE אריאל 55 יחידות,פרוקטר אנד גמבל,FR,קפסולות לכביסה אריאל,יחידה,1.00,יחידה,false,1,66.90,66.90,true,1,
8001841941929,false,אולוויז וליו פק לילה בטוח אקסטרא 16 יחידות,פרוקטר אנד גמבל,DE,תחבושות אולוויז וליו,Unknown,0.00,Unknown,false,1,19.90,19.90,true,1,
8001841943961,false,לנור כדוריות בושם בניחוח אוקיינוס 210 גר,פרוקטר אנד גמבל,GB,כדוריות הבושם לנור א,גרמים,210.00,100 גרם,false,1,32.90,15.67,true,1,
8001841960081,false,פיירי טבליות למדיח פלטינום הכל באחד - מארז 37 יח',פרוקטר אנד גמבל,,טבליות למדיח פלטינום,יחידה,1.00,יחידה,false,1,41.90,41.90,true,1,
8001860250828,false,משקה חלב אורז שקדים 1 ליטר,,IT,משקה חלב אורז שקדים,מיליליטרים,1000.00,"100 מ""ל",false,1,9.90,0.99,true,1,
8001860252846,false,משקה חלב שיבולת שועל 1 ליטר,,IT,משקה חלב שיבולת שועל,מיליליטרים,1000.00,"100 מ""ל",false,1,9.90,0.99,true,1,
8001906996925,false,"יין פאבולינו פינו נואר 750 מ""ל",,IT,יין פאבולינו פינו נו,מיליליטרים,750.00,"100 מ""ל",false,1,44.90,5.99,true,1,
8002190001838,false,עוגיות סנדוויץ עם קרם וניל ללא תוספת סו,,,עוגיות סנדוויץ עם קר,גרמים,300.00,100 גרם,false,1,15.90,5.30,true,1,
8002190003306,false,וופל עם קרם קקאו וקרם וניל ללא תוספת סוכ,,,וופל עם קרם קקאו וקר,גרמים,175.00,100 גרם,false,1,11.90,6.80,true,1,
8002213011301,false,"קמח לפסטה סוג 00 ק""ג {כחול}",,,"קמח לפסטה סוג ""00"" 1",גרמים,1000.00,100 גרם,false,1,14.50,1.45,true,1,
8002230000012,false,מארז משקה קוקטייל אפ,אלכוהול (איי.בי.בי),,אפרול 1 ליטר,מיליליטרים,1000.00,"100 מ""ל",false,1,89.90,8.99,true,1,
8002267016475,false,ביצת שוקולד הפתעה בוב הבנאי שלישייה 60 ג,מולינו ניקולי s.p.a,IT,ביצת שוקולד הפתעה בו,גרמים,60.00,100 גרם,false,1,12.90,21.50,true,1,
8002270015656,false,מים מינרליים טבעיים מוגזים סן פלגרינו 750 מל זכוכית,סן פלגרינו ס.פ.א לוק,,סאן פלגרינו 750 מל,מיליליטרים,750.00,"100 מ""ל",false,1,10.90,1.45,true,1,
8002270166587,false,מים סאן פלגרינו 1 ליטר מארז שישייה,,,שישייה סאן פלגרינו פ,ליטרים,0.01,ליטר,false,1,51.90,5190.00,true,1,
8002270206818,false,"רביעיית סן פלגרינו תפוז 4*200 מ""ל",,,רביעיית סן פלגרינו ת,מיליליטרים,800.00,"100 מ""ל",false,1,29.90,3.74,true,1,
8002270226816,false,"רביעיית סן פלגרינו לימון 4*200 מ""ל",,,רביעיית סן פלגרינו ל,מיליליטרים,800.00,"100 מ""ל",false,1,29.90,3.74,true,1,
8002270436581,false,"שישיית מים סאן פלגרינו פלסט 500 מ""ל",סן פלגרינו,,שישיית מים סאן פלגרי,מיליליטרים,3000.00,"100 מ""ל",false,1,27.90,0.93,true,1,
8002270866524,false,סן פלגרינו מים מינרליים טבעיים מוגזים,סן פלגרינו San Pellegrino,,סאן פלגרינו 1 ליטר,מיליליטרים,1000.00,"100 מ""ל",false,1,9.90,0.99,true,1,
8002305008370,false,"רוקה דלה מאציה מנדוס פרימיטיבו 750 מ""ל",,,רוקה דלה מאציה מנדוס,Unknown,0.00,Unknown,false,1,79.90,79.90,true,1,
8002305861005,false,רוקה דה לה מאציה אורבייטו קלאסיקו 750 מל,,,רוקה דה לה מאציה אור,Unknown,0.00,Unknown,false,1,56.90,56.90,true,1,
8002590012915,false,קרקר מלוח 250 גרם COLUSSI,,,קרקר מלוח 250 גרם CO,גרמים,250.00,100 גרם,false,1,6.80,2.72,true,1,
8002590017514,false,קרקר רוזמרין ושמן זית 250 גרם COLUSSI,,,קרקר רוזמרין ושמן זי,גרמים,250.00,100 גרם,false,1,7.90,3.16,true,1,
8002590017538,false,קרקר חיטה מלאה 250 גרם COLUSSI,,,קרקר חיטה מלאה 250 ג,גרמים,250.00,100 גרם,false,1,6.80,2.72,true,1,
8002590055417,false,עוגיות קנטוציני שוקולד 175 גרם SAPORI,,,עוגיות קנטוציני שוקו,גרמים,175.00,100 גרם,false,1,12.50,7.14,true,1,
8002670504279,false,גרנורולו בורגר טבעוני 220 גרם,,IT,גרנורולו בורגר טבעונ,גרמים,220.00,100 גרם,false,1,27.90,12.68,true,1,
8002670504286,false,גרנורולו מיני בורגר טבעוני 180 גרם,,IT,גרנורולו מיני בורגר,גרמים,180.00,100 גרם,false,1,27.90,15.50,true,1,
8003007800484,false,פסטה צוקה 4 טעמים 500 גרם,,,פסטה צוקה 4 טעמים,גרמים,500.00,100 גרם,false,1,15.90,3.18,true,1,
8003007800712,false,פסטה פיורי פרחים 4 טעמים 500 גרם,,,פסטה פיורי פרחים 4,גרמים,500.00,100 גרם,false,1,15.90,3.18,true,1,
8003007800842,false,פסטה קונצינטלי 4 טעמים 500 גרם,,,פסטה קונצינטלי 4 טע,גרמים,500.00,100 גרם,false,1,15.90,3.18,true,1,
8003007810001,false,פסטה פנטה 4 טעמים 500 גרם,,,פסטה פנטה 4 טעמים 5,גרמים,500.00,100 גרם,false,1,15.90,3.18,true,1,
8003007816683,false,פסטה טראלורו ארמוניק,,,פסטה ארמוניקה 500 גר,גרמים,500.00,100 גרם,false,1,15.90,3.18,true,1,
8003007817918,false,פסטה טראלורו לומקוני,,,פסטה לומקוני 500 גר,גרמים,500.00,100 גרם,false,1,15.90,3.18,true,1,
8003207997854,false,"יין פאבולינו קיאנטי 750 מ""ל",,IT,יין פאבולינו קיאנטי,Unknown,0.00,Unknown,false,1,39.90,39.90,true,1,
8003207997861,false,"יין פאבולינו טוסקנה רוסו 750 מ""ל",‎פאבולינו,IT,יין פאבולינו טוסקנה,Unknown,0.00,Unknown,false,1,39.90,39.90,true,1,
8003207997960,false,"פאבולינו קיאנטי רזרב 750 מ""ל",,IT,פאבולינו קיאנטי רזרב,מיליליטרים,750.00,"100 מ""ל",false,1,54.90,7.32,true,1,
8003410212638,false,תערובת פולי קפה אינטרמצו עוצמה 12 500 ג,SEGAFREDO,IT,תערובת פולי קפה אינט,גרמים,500.00,100 גרם,false,1,67.90,13.58,true,1,
8003410212676,false,תערובת פולי קפה אספרסו קאסה עוצמה 10 500,SEGAFREDO,IT,תערובת פולי קפה אספר,גרמים,500.00,100 גרם,false,1,78.50,15.70,true,1,
8003410249306,false,שרוול תערובת קפה קלאסיקו עוצמה 10,,IT,שרוול תערובת קפה סגפ,גרמים,10.00,100 גרם,false,1,20.90,209.00,true,1,
8003410249313,false,שרוול תערובת קפה אינטנסו עוצמה 12,,IT,שרוול תערובת קפה סגפ,גרמים,11.00,100 גרם,false,1,20.90,190.00,true,1,
8003410249344,false,"סגפרדו, קפסולות קפה, פרו, עוצמה 9",,,"סגפרדו, קפסולות קפה,",גרמים,10.00,100 גרם,false,1,20.90,209.00,true,1,
8003410249351,false,"סגפרדו, קפסולות קפה, ברזיל, עוצמה 8",,,"סגפרדו, קפסולות קפה,",גרמים,10.00,100 גרם,false,1,20.90,209.00,true,1,
8003410446477,false,שרוול תערובת קפה ריסטרטו עוצמה 11,,IT,שרוול תערובת קפה סגפ,גרמים,12.00,100 גרם,false,1,20.90,174.17,true,1,
8003410446484,false,שרוול תערובת קפה ערביקה עוצמה 9,,IT,שרוול תערובת קפה סגפ,גרמים,13.00,100 גרם,false,1,20.90,160.77,true,1,
8003440997833,false,מסטיק פיור פרש 100 יח בשקית בטעם פירות מנטה,פרפטי ואן מלה ברדה,TR,מסטיק פיורפרש מנטה פ,גרמים,200.00,100 גרם,false,1,19.90,9.95,true,1,
8003490037206,false,מאפה בצורת מקלות מלח 250 גר,רוברטו,IT,רוברטו-מקלות גריסיני,גרמים,250.00,100 גרם,false,1,24.90,9.96,true,1,
8003490038708,false,רוברטו-מקלות גריסיני רוזמרין 250 גר,,IT,רוברטו-מקלות גריסיני,גרמים,250.00,100 גרם,false,1,24.90,9.96,true,1,
8003490043207,false,רוברטו-מקלות מיני גריסיני שומשום 150 גר,,,רוברטו-מקלות מיני גר,גרמים,150.00,100 גרם,false,1,12.90,8.60,true,1,
8003490044808,false,רוברטו-ברוסקטה שמן זית 100 גר,,,רוברטו-ברוסקטה שמן ז,גרמים,100.00,100 גרם,false,1,11.90,11.90,true,1,
8003490044815,false,רוברטו-ברוסקטה רוזמרין 100 גר,,,רוברטו-ברוסקטה רוזמר,גרמים,100.00,100 גרם,false,1,11.90,11.90,true,1,
8003490044822,false,רוברטו-ברוסקטה פסטו 100 גר,,,רוברטו-ברוסקטה פסטו,גרמים,100.00,100 גרם,false,1,11.90,11.90,true,1,
8003490044990,false,רוברטו-מקלות גריסיני שומשום 250,,IT,רוברטו-מקלות גריסיני,גרמים,250.00,100 גרם,false,1,24.90,9.96,true,1,
8003753900469,false,אילי - אספרסו טחון בקליה כהה בפחית 250גר,קפה לנדוור,,קפה לנדוור אילי קליי,גרמים,250.00,100 גרם,false,1,42.90,17.16,true,1,
8003866012196,false,פחית קפה טחון 100% ארביקה 250 גרם DIEMME,,,פחית קפה טחון 100% א,גרמים,250.00,100 גרם,false,1,32.90,13.16,true,1,
8004030022010,false,ירקות גינה עם טונה ריו מרה אינסלטיסימי 160 ג',"בולטון אלימנטרי בע""\מ",,ריו מרה אינסלטיסימי,גרמים,160.00,100 גרם,false,1,15.00,9.38,true,1,
8004030026018,false,"מקסיקני עם טונה ריו מרה אינסלטיסימי, 160 ג'","בולטון אלימנטרי בע""\מ",,ריו מרה אינסלטיסימי,גרמים,160.00,100 גרם,false,1,15.00,9.38,true,1,
8004030081024,false,נתחי טונה עם שום ופלפל אדום ריו מרה 160 ג',"בולטון אלימנטרי בע""\מ",,טונה בשמן זית שום ופ,גרמים,160.00,100 גרם,false,1,16.80,10.50,true,1,
8004030102033,false,טונה בשמן זית עם מיץ לימון ופלפל שחור - מארז 3 יח',בולטון אלימנטרי,,טונה ריו מרה בשמן עם,גרמים,240.00,100 גרם,false,1,26.90,11.21,true,1,
8004030177000,false,טונה בשמן זית וצ'ילי ריו מרה מארז 80X3 גר',ריו מארה Rio Mare,,טונה בשמן זית עם ציל,גרמים,240.00,100 גרם,false,1,26.90,11.21,true,1,
8004030180000,false,ריו מרה טונה בשמן זית כתית מעולה 3*80 גרם,"בולטון אלימנטרי בע""\מ",,טונה בשמן זית כתית ר,גרמים,240.00,100 גרם,false,1,31.50,13.13,true,1,
8004030344938,false,"ריו מרה טונה בשמן זית 3X80 גרם מתכון חדש כשל""פ","בולטון אלימנטרי בע""\מ",,שלישיית טונה ריו מרה,גרמים,240.00,100 גרם,false,1,26.90,11.21,true,1,
8004030845046,false,טונה עם ירקות בתוספת עם אורז ריו מרה אינסלטיסימי 160 ג',בולטון אלימנטרי,,ריו מרה אינסלטיסימי,גרמים,160.00,100 גרם,false,1,15.00,9.38,true,1,
8004030860001,false,ירקות עם קוקוס וטונה ריו מרה אינסלטיסימי 160 ג',"בולטון אלימנטרי בע""\מ",,ריו מרה אינסלטיסימי,גרמים,160.00,100 גרם,false,1,15.00,9.38,true,1,
8004275058775,false,שמן זית כתית מעולה 500 מל CIRIO,,,שמן זית כתית מעולה 5,מיליליטרים,500.00,"100 מ""ל",false,1,25.50,5.10,true,1,
8004275058942,false,"שמן זית כתית מעולה 750 מ""ל CIRIO",,,שמן זית כתית מעולה 7,מיליליטרים,750.00,"100 מ""ל",false,1,38.90,5.19,true,1,
8004275059543,false,"חומץ בלסמי ממודנה גלייז 250 מ""ל CIRIO",,,חומץ בלסמי ממודנה,מיליליטרים,250.00,"100 מ""ל",false,1,20.90,8.36,true,1,
8004275059895,false,"חומץ בן יין לבן 500 מ""ל CIRIO",,,חומץ בן יין לבן 500,מיליליטרים,500.00,"100 מ""ל",false,1,15.00,3.00,true,1,
8004275079442,false,שמן זית כתית מעולה לא מסונן 1 ליטר CIRIO,,,שמן זית כתית מעולה,מיליליטרים,1000.00,"100 מ""ל",false,1,56.50,5.65,true,1,
8004360030365,false,כוס לונג 32cl YPSILON,,,כוס לונג 32cl YPSIL,Unknown,0.00,Unknown,false,1,13.00,13.00,true,1,
8004360030723,false,מאלס ספל לבירה 0.3,,,מאלס ספל לבירה 0.3,Unknown,0.00,Unknown,false,1,18.90,18.90,true,1,
8004690278246,false,"קמח דורום איטלקי לפיצה 1 ק""ג",,IT,קמח דורום איטלקי לפי,גרמים,1000.00,100 גרם,false,1,10.40,1.04,true,1,
8004690278277,false,"קמח דורום מלא איטלקי 1 ק""ג",,IT,קמח דורום מלא איטלקי,גרמים,1000.00,100 גרם,false,1,10.90,1.09,true,1,
8005095003006,false,"יין פפיגין שרדונה 750 מ""ל",,,יין פפיגין שרדונה 75,מיליליטרים,750.00,"100 מ""ל",false,1,72.90,9.72,true,1,
8005110002243,false,רכז עגבניות Doppio Concentr בשפופרת 185 ג' MUTTI,"איי, בי, אינבוו",,רכז עגבניות DOPPIO ב,גרמים,185.00,100 גרם,false,1,7.50,4.05,true,1,
8005110060106,false,מארז זוג עגבניות מקולפות 400*2 גרם MUTTI,"איי, בי, אינבוו",,מארז זוג עגבניות מקו,גרמים,800.00,100 גרם,false,1,14.90,1.86,true,1,
8005110170300,false,עגבניות מרוסקות חתוכות מוטי MUTTI שלישיה *400,מוטי Mutti,,POLPA עגבניות חתוכות,גרמים,400.00,100 גרם,false,1,16.90,4.23,true,1,
8005110171215,false,עגבניות חתוכות 690 POLPAPEZZI ג' (כחול) MUTTI,"איי, בי, אינבוו",,POLPAPEZZI עגבניות ח,גרמים,500.00,100 גרם,false,1,14.90,2.98,true,1,
8005110191015,false,רסק עגבניות ובזיליקום MUTTI{ירוק } 700 גרם,"איי, בי, אינבוו",,רסק עגבניות ובזיליקו,גרמים,500.00,100 גרם,false,1,12.90,2.58,true,1,
8005110200014,false,רסק עגבניות 210 ג' CONCENTRATO MUTTI,"איי, בי, אינבוו",,רכז עגבניות 210 גרם,מיליליטרים,212.00,"100 מ""ל",false,1,8.50,4.01,true,1,
8005110550508,false,עגבניות שרי 400 גרם MUTTI,,,עגבניות שרי 400 גרם,מיליליטרים,400.00,"100 מ""ל",false,1,9.40,2.35,true,1,
8005110551253,false,רוטב לפיצה להכנת פיצה איטלקית קלאסית,"איי, בי, אינבוו",,רוטב פיצה 400 גרם,גרמים,400.00,100 גרם,false,1,9.90,2.48,true,1,
8005200256587,false,נסטי - תה קר בטעם אפרסק 1.5 ליטר,מפעל סאנפלגרינו S.P.A,IL,נסטי בטעם אפרסק 1.5,ליטרים,0.00,ליטר,false,1,8.90,8.90,true,1,
8005200286584,false,נסטי- תה קר - בטעם מנגו אננס 1.5 ליטר,מפעל סאנפלגרינו S.P.A,IL,נסטי בטעם מנגו אננס,ליטרים,0.00,ליטר,false,1,8.90,8.90,true,1,
8005200316588,false,תה קר דיאט בטעם אפרסק נסטי 1.5 ליטר,מפעל סאנפלגרינו s.p.a,IL,נסטי דיאט בטעם אפרסק,ליטרים,0.00,ליטר,false,1,8.90,8.90,true,1,
8005200486526,false,"נסטי, תה קר בטעם אפרסק 500 מל",מפעל סאנפלגרינו S.p.,,נסטי בטעם אפרסק 500,מיליליטרים,500.00,"100 מ""ל",false,1,5.90,1.18,true,1,
8005268020175,false,שעועית אדומה במי מלח 400 גר NOVA,,IT,שימורי שעועית אדומה,גרמים,400.00,100 גרם,false,1,9.50,2.38,true,1,
8005390002667,false,יין פרוסקו ברוט 750 מל,,,יין פרוסקו ברוט 750,Unknown,0.00,Unknown,false,1,57.90,57.90,true,1,
8005390036099,false,סרטורי מרלו 750 מל,,,וילה מורה מרלו 750 מ,Unknown,0.00,Unknown,false,1,37.90,37.90,true,1,
8005390046579,false,"סרטורי, פינו גריגיו רוזה, לאב סטורי 750מ",,,סרטורי פינו גריגיו,Unknown,0.00,Unknown,false,1,51.90,51.90,true,1,
8005390095317,false,יין סרטורי קוסטוזה 750 מל,,,יין סרטורי קוסטוזה 7,Unknown,0.00,Unknown,false,1,51.90,51.90,true,1,
8005390095331,false,יין סרטורי ואלפוליצלה קלאסיקו 750 מל,,,יין סרטורי ואלפוליצל,Unknown,0.00,Unknown,false,1,68.90,68.90,true,1,
8005469951452,false,ממרח אנשובי עם שמן חמניות,בנדטו סקלייה סרל,,ממרח אנשובי איטלקי 6,גרמים,60.00,100 גרם,false,1,14.60,24.33,true,1,
8005493000966,false,יין ציטרה קרוסו 750 מל,,,יין ציטרה קרוסו 750,Unknown,0.00,Unknown,false,1,79.90,79.90,true,1,
8005709201279,false,פסטה פפרדלה גרנד ארמנדו 500 גרם,,,פסטה פפרדלה גרנד ארמ,גרמים,500.00,100 גרם,false,1,12.90,2.58,true,1,
8005803010357,false,גריסיני קלאסי - מקלות אפויים עם שמן זית ומלח,"אינסטנטה בע""מ",,גריסיני קלאסי עם שמן,גרמים,125.00,100 גרם,false,1,9.40,7.52,true,1,
8005803010586,false,"מקלות אפויים עם שמן זית, מלח, עגבניות ואורגנו, 125 גרם, אמור די פאן","הוסטה איטליה, ס.ר.ל.",,גריסיני פיצה 125 גר,גרמים,125.00,100 גרם,false,1,9.40,7.52,true,1,
8005803010661,false,"מקלות אפויים עם שמן זית, מלח, ושומשום, 125 גרם, אמור די פאן","הוסטה איטליה, ס.ר.ל.",,גריסיני שומשום 125,גרמים,125.00,100 גרם,false,1,9.40,7.52,true,1,
8005829514006,false,"ליקר בוטגה לימונצינו 500 מ""ל",,,ליקר בוטגה לימונצינו,מיליליטרים,500.00,"100 מ""ל",false,1,83.90,16.78,true,1,
8005840020272,false,לואקר גלידה סנדוויץ לאטה אלפינו 264 גרם,,IT,לואקר גלידה סנדוויץ,גרמים,264.00,100 גרם,false,1,44.90,17.01,true,1,
8006050090239,false,"חומץ בלסמי ממודנה מאצטי אורגני 500 מ""ל",יבואן ומשווק: ש. שסט,,חומץ בלסמי ממודנה מא,מיליליטרים,500.00,"100 מ""ל",false,1,31.50,6.30,true,1,
8006227001372,false,סמנצאטו – לחם מחמצת לבן עם שמן זית ללא קשה 1400 גרם,רו. מאר ס.ר.ל,,סמנצאטו לחם לבן שמן,גרמים,400.00,100 גרם,false,1,19.90,4.98,true,1,
8006227001389,false,סמנצאטו – לחם מחמצת עם שמן זית ללא קשה 1400 גרם,רו. מאר ס.ר.ל,,סמנצאטו לחם מלא שמן,גרמים,400.00,100 גרם,false,1,19.90,4.98,true,1,
8006290803521,false,מים מינרליים מוגזים,נביעות,,"מים פררלה 750 מ""ל",מיליליטרים,750.00,"100 מ""ל",false,1,8.90,1.19,true,1,
8006423301856,false,בונבוניירה סוריני מעורבת 450 גר,HDI SORINI,,בונבוניירה סוריני מע,גרמים,450.00,100 גרם,false,1,89.90,19.98,true,1,
8006423460034,false,בונבוניירה סוריני קרימי 184 גר,הולדינג דולסיירה,,בונבוניירה סוריני קר,גרמים,184.00,100 גרם,false,1,56.90,30.92,true,1,
8006423461666,false,בונבוניירה סוריני קווין 430 גר,,,בונבוניירה סוריני קו,גרמים,430.00,100 גרם,false,1,89.90,20.91,true,1,
8006423461987,false,בונבוניירה סילין 300 גרם SORINI,הולדינג דולסיירה,,בונבוניירה סילין 300,גרמים,300.00,100 גרם,false,1,52.50,17.50,true,1,
8006423462397,false,בונבוניירה לב מיוחד 475 גר SORINI,HDI SORINI,,בונבוניירה לב מיוחד,גרמים,475.00,100 גרם,false,1,64.90,13.66,true,1,
8006423463066,false,בונבוניירה ולנטיין 195 גר SORINI,,IT,בונבוניירה ולנטיין 1,גרמים,195.00,100 גרם,false,1,59.90,30.72,true,1,
8006423464391,false,בונבוניירה לב אדום קמילה 170 גר SORINI,,IT,בונבוניירה לב אדום ק,גרמים,170.00,100 גרם,false,1,33.90,19.94,true,1,
8006423466388,false,בונבוניירה תיק זהב/כסף 150 גר SORINI,SORINI-Holding Dolci,,בונבוניירה תיק זהב/כ,גרמים,150.00,100 גרם,false,1,41.90,27.93,true,1,
8006423466470,false,בונבוניירה גראנד מאיוליקה 660 גר SORINI,,IT,בונבוניירה גראנד מאי,גרמים,660.00,100 גרם,false,1,94.90,14.38,true,1,
8006540091937,false,לנור כדוריות הבושם בניחוח אריאל 210 גרם,פטר קרמר עבור פרוקטור אנ,GB,כדוריות הבושם לנור נ,גרמים,210.00,100 גרם,false,1,32.90,15.67,true,1,
8006540112823,false,"לנור מרכך כביסה מרוכז בניחוח האוקיינוס 900 מ""ל",פרוקטר אנד גמבל,,מרכך כביסה לנור מרוכ,מיליליטרים,900.00,"100 מ""ל",false,1,18.80,2.09,true,1,
8006540112854,false,"לנור מרכך כביסה מרוכז בניחוח סחלב 900 מ""ל",פרוקטר אנד גמבל,,מרכך כביסה לנור מרוכ,מיליליטרים,900.00,"100 מ""ל",false,1,18.80,2.09,true,1,
8006540163986,false,קפסולות לכביסה אריאל 35 יח,פרוקטר אנד גמבל,,קפסולות לכביסה אריאל,יחידה,1.00,יחידה,false,1,41.90,41.90,true,1,
8006540352960,false,טמפונים טמפקס פרל רגולר 20 יחידות,פרוקטר אנד גמבל,,טמפקס פרל רגולר 20 י,Unknown,0.00,Unknown,false,1,26.50,26.50,true,1,
8006540353004,false,טמפקס פרל סופר 18 יחידות חדש,פרוקטר אנד גמבל,,טמפקס פרל סופר 18 יח,Unknown,0.00,Unknown,false,1,24.90,24.90,true,1,
8006540358498,false,טמפקס פרל סופר-פלוס 18 יחידות חדש,פרוקטר אנד גמבל,,טמפקס פרל סופר 18 יח,Unknown,0.00,Unknown,false,1,24.90,24.90,true,1,
8006540425930,false,אריאל קפסולות לכביסה ג'ל 24 יח' לכתמים קשים,פרוקטר אנד גמבל,,קפסולות לכביסה אריאל,Unknown,0.00,Unknown,false,1,34.90,34.90,true,1,
8006540463550,false,פיירי טבליות למדיח פלטינום 63 יחידות,פרוקטר אנד גמבל,BE,פיירי טבליות למדיח פ,Unknown,0.00,Unknown,false,0,49.90,49.90,true,1,
8006540495186,false,לנור מרכך כביסה מרוכז רגיש בייבי 900 מל,פרוקטר אנד גמבל,,מרכך כביסה לנור מרוכ,מיליליטרים,900.00,"100 מ""ל",false,1,18.80,2.09,true,1,
8006540495216,false,"לנור מרכך כביסה מרוכז בניחוח אמאטיסט 900 מ""ל",פרוקטר אנד גמבל,,מרכך כביסה לנור בניח,מיליליטרים,897.00,"100 מ""ל",false,1,18.80,2.10,true,1,
8006540495247,false,"לנור מרכך כביסה מרוכז בניחוח פרחי בר 900 מ""ל",פרוקטר אנד גמבל,,מרכך כביסה לנור בניח,מיליליטרים,897.00,"100 מ""ל",false,1,18.80,2.10,true,1,
8006663001042,false,גראנה פאדנה 200 ג' VIRGILIO,,IT,גרנה פדנו איטלקי,גרמים,200.00,100 גרם,false,1,27.50,13.75,true,1,
8006663001073,false,פרמזנו רגאנו איטלקי 200 גרם,,IT,פרמזנו רגאנו איטלקי,גרמים,200.00,100 גרם,false,1,33.50,16.75,true,1,
8006922010464,false,מעדן קפוא בטעם שמנת וקפה 500 גרם,,IT,מעדן קפוא בטעם שמנת,גרמים,500.00,100 גרם,false,1,35.90,7.18,true,1,
8006922019078,false,"מעדן קפוא בטעם קרמל מלוח 1 ק""ג",,IT,מעדן קפוא בטעם קרמל,גרמים,1000.00,100 גרם,false,1,52.50,5.25,true,1,
8006922084410,false,גלידה משפחתית בטעם שמנת עם פיסטוקים סיווירו מאריה 2 ל',,,מעדן קפוא בטעם פיסטו,גרמים,1000.00,100 גרם,false,1,52.50,5.25,true,1,
8006922085073,false,"מעדן קפוא בטעם עוגיות ושקדים 1 ק""ג",,IT,מעדן קפוא בטעם עוגיו,גרמים,1000.00,100 גרם,false,1,52.50,5.25,true,1,
8006922085356,false,גלידה משפחתית בטעם שמנת עם דובדבנים סיווירו מאריה 2 ל',,,מעדן קפוא בטעם שמנת,גרמים,1000.00,100 גרם,false,1,52.50,5.25,true,1,
8007178120310,false,חומץ בלסמי ד'מודנה Giacobazzi,פטורייה ג'יאקובאזי ס,,חומץ בלסמי גקובזי 50,מיליליטרים,500.00,"100 מ""ל",false,1,21.90,4.38,true,1,
8007270126791,false,"שמן זית אורגני קוסטה דאורו 750 מ""ל",קוסטה דיאורו,IT,שמן זית אורגני קוסטה,מיליליטרים,750.00,"100 מ""ל",false,1,50.50,6.73,true,1,
8007270701059,false,"שמן זית לא מסונן קוסטה דאורו 750 מ""ל",,IT,שמן זית לא מסונן קוס,מיליליטרים,750.00,"100 מ""ל",false,1,44.90,5.99,true,1,
8007270999012,false,שמן גרעיני ענבים 1 ליטר,קוסטה דיאורו,,שמן גרעיני ענבים 1 ל,מיליליטרים,1000.00,"100 מ""ל",false,1,41.90,4.19,true,1,
8007520096027,false,מור.פרופ כלב קרוקט בקר 4 קג,מורנדו,,מור.פרופ כ קרוקט בקר,Unknown,0.00,Unknown,false,1,49.90,49.90,true,1,
8007537006538,false,"טורטיליה ציפס תירס כחול לל""ג 450 גרם",,IT,טורטיליה ציפס תירס כ,גרמים,450.00,100 גרם,false,1,26.50,5.89,true,1,
8007815245628,false,טיימלס סט 6 כוסות לו,,,טיימלס סט 6 כוסות לו,Unknown,0.00,Unknown,false,1,159.00,159.00,true,1,
8007815259823,false,אופרה סט 6 כוסות ללי,,,אופרה סט 6 כוסות ללי,Unknown,0.00,Unknown,false,1,119.00,119.00,true,1,
8008429231014,false,טב שוקולד מריר ללא תוספת סוכר 75 ג,,,טב שוקולד מריר ללא ת,גרמים,75.00,100 גרם,false,1,9.90,13.20,true,1,
8008440249425,false,בירה אסהי יבשה מאד 330 מל בקבוק,פרונרי,,בירה אסהי 330 מל בק,מיליליטרים,330.00,"100 מ""ל",false,1,11.90,3.61,true,1,
8008440522016,false,"שישיית בירה פרוני 6*330 מ""ל",פרונרי,,שישיית בירה פרוני 6*,מיליליטרים,1980.00,"100 מ""ל",false,1,38.90,1.96,true,1,
8008495002402,false,יין מרסלה פיין 700 מל,,,יין מרסלה פיין 700 מ,Unknown,0.00,Unknown,false,1,46.90,46.90,true,1,
8008620005032,false,מארז וופל במילוי קרם קקאו 5*45ג' קריץ,,IT,וופל במילוי קרם קקאו,גרמים,225.00,100 גרם,false,1,10.90,4.84,true,1,
8008660210014,false,מעדן משמש מנז אנד גאסר ויסוצקי 300 גרם,קריניציה ויטמינה אס,,מעדן ריבה מנץ אנד גא,גרמים,300.00,100 גרם,false,1,18.80,6.27,true,1,
8008660210021,false,מעדן ריבה מנץ אנד גאססר דובדבן 300 גר,שוורצקוף& הנקל דיסלד,,מעדן ריבה מנץ אנד גא,גרמים,300.00,100 גרם,false,1,18.80,6.27,true,1,
8008660210038,false,מעדן ריבה מנץ אנד גאססר תות שדה 300 גר,קריניציה ויטמינה אס,,מעדן ריבה מנץ אנד גא,גרמים,300.00,100 גרם,false,1,18.80,6.27,true,1,
8008660210045,false,מעדן פירות יער מנז אנד גאסר ויסוצקי 300 גרם,שוורצקוף& הנקל דיסלד,,מעדן ריבה מנץ אנד גא,גרמים,300.00,100 גרם,false,1,18.80,6.27,true,1,
8008660210052,false,מעדן פרי תפוז מנז אנד גאסר ויסוצקי 320 גרם,מנז אנד גאסר Menz&Gasser,,מעדן ריבה מנץ אנד גא,גרמים,320.00,100 גרם,false,1,18.80,5.88,true,1,
8008660210069,false,מעדן פרי פסיפלורה מנז אנד גאסר ויסוצקי 320 גרם,מנז אנד גאסר ס.פ.א,,מעדן מנץ אנד גאססר א,גרמים,320.00,100 גרם,false,1,18.80,5.88,true,1,
8008698002049,false,קרקרים עגולים 175 גרם ללא גלוטן,ס.ר.ל פוסטל,,קרקרים עגולים 175 גר,גרמים,175.00,100 גרם,false,1,23.90,13.66,true,1,
8008698002100,false,מקלות גריסיני 200 גרם ד''ר שר,"ד""ר שר ס.ר.ל",,גריסיני 150 גרם,גרמים,150.00,100 גרם,false,1,23.90,15.93,true,1,
8008698002599,false,לחם הבית פרוס ללא גלוטן 240גרם שר,דר שר,,SCHAR לחם הבית 240 ג,גרמים,240.00,100 גרם,false,1,22.90,9.54,true,1,
8008698003152,false,ג'בטה כפרית ללא גלוטן 4*50גרם שר,,,"SCHAR גבטה כפרית לל""",גרמים,250.00,100 גרם,false,1,22.90,9.16,true,1,
8008698003503,false,עוגיות שיבולת שועל עם צימוקים 250 גר,"דר שר ס.ר.ל פוסטל, א",,קרקרים 210 גרם,גרמים,210.00,100 גרם,false,1,32.50,15.48,true,1,
8008698003961,false,"שוקו סטיקס מקלוני עוגיות לל""ג 150 גר",דר שר דויטשלנד ג'\י אם ב,DE,SCHAR שוקו סטיק ללא,גרמים,150.00,100 גרם,false,1,22.90,15.27,true,1,
8008698004852,false,תערובת קמחים לאפיית עוגות ללא גלוטן 1קג,"ד""ר שר ס.ר.ל",,תערובת קמחים לאפיית,גרמים,1000.00,100 גרם,false,1,30.90,3.09,true,1,
8008698005231,false,עוגיות סנדוויץ בטעם שוקולד ממולאות קרם חלב ללא גלוט,שר Schar,DE,עוגיות שוקולד שר 165,גרמים,165.00,100 גרם,false,1,20.90,12.67,true,1,
8008698010259,false,ג'בטה ללא גלוטן 4*50גרם שר,,,"SCHAR גבטה לל""ג 200",גרמים,200.00,100 גרם,false,1,22.90,11.45,true,1,
8008698013021,false,עוגיות ללא גלוטן עם שבבי שוקולד מריר,דר שר פוסטל,,עוגיות שוק. ציפס ללא,גרמים,100.00,100 גרם,false,1,12.90,12.90,true,1,
8008698029503,false,"חטיף כדורי דגנים שוקולד לל""ג 37 גרם",,IT,חטיף כדורי דגנים שוק,גרמים,37.00,100 גרם,false,1,8.90,24.05,true,1,
8008698033876,false,קרקרים בתוספת דגנים ללא גלוטן 210גרם CEREAL CRACKERS,,,SCHAR קרקר בתוספת דג,גרמים,210.00,100 גרם,false,1,29.90,14.24,true,1,
8008698054109,false,מילוי גריס - ממרח אגוזי לוז עם קקאו בתוספות מקלות 52 גרם,"ד""ר שר ס.ר.ל",,ממרח אגוזי לוז קקאו,גרמים,52.00,100 גרם,false,1,12.90,24.81,true,1,
8008825005363,false,עגבניות מרוסקות 3*400 גר Rodolfi,,,עגבניות מרוסקות 3*4,קילוגרמים,0.00,"ק""ג",false,1,17.70,17.70,true,1,
8008825012538,false,מחית עגבניות 690 גרם Rodolfi,,,מחית עגבניות 690 גרם,גרמים,690.00,100 גרם,false,1,11.90,1.72,true,1,
8008825012545,false,מחית עגבניות/זרעים 690 גרם Rodolfi,,,מחית עגבניות/זרעים 6,גרמים,690.00,100 גרם,false,1,12.00,1.74,true,1,
8008857601052,false,פסטה לזניה דפים רג'יה 500ג',פסטה רג'יה Pasta Reggia,,לזניה פסטה 500 גר,גרמים,500.00,100 גרם,false,1,13.50,2.70,true,1,
8008857601090,false,פסטה קנלוני 250 ג' רג'ייה,פסטה רג'יה Pasta Reggia,,קנלוני פסטה 250 גר,גרמים,250.00,100 גרם,false,1,10.30,4.12,true,1,
8008990001245,false,שלושה ספוגי קירצוף עם ידית אחיזה,,,שלושה ספוגי קירצוף ע,Unknown,0.00,Unknown,false,1,6.50,6.50,true,1,
8008990012715,false,שלושה ספוגי קירצוף ירוקים,,,שלושה ספוגי קירצוף י,Unknown,0.00,Unknown,false,1,6.50,6.50,true,1,
8009470009515,false,סימבה חתול פנינית 400 ג,,,סימבה לחתול פנינית 4,גרמים,401.00,100 גרם,false,1,4.00,1.00,true,1,
8009470009539,false,אוכל לחתולים בטעם בש,אמ.או.אן.ג'י.אי.אמונ,,סימבה לחתול צייד 415,גרמים,400.00,100 גרם,false,1,4.00,1.00,true,1,
8009915000282,false,פסטה פטוצ'יני ללא גלוטן 250 גר' - פוריו,LE VENEZIANE,,פסטה פטוציני ללא גלו,גרמים,250.00,100 גרם,false,1,14.90,5.96,true,1,
8009915001340,false,פסטה אליקה ללא גלוטן 250 גרם,לה וואניציאני La Venezian,,פסטה אליקה ללא גלוטן,גרמים,250.00,100 גרם,false,1,14.90,5.96,true,1,
8009915008714,false,לזניה מקמח תירס ואורז ללא גלוטן 250 גר (12),,,לזניה ללא גלוטן 250,גרמים,250.00,100 גרם,false,1,19.50,7.80,true,1,
8013108003509,false,בונבוניירה מיקס שוקולד 160 גר CAFFAREL,CAFFAREL,,בונבוניירה מיקס שוקו,גרמים,160.00,100 גרם,false,1,29.90,18.69,true,1,
8013108005329,false,בונ קורנט פיימונטה מריר 165 ג CAFFAREL,Lindt & Spr?ngli AG,,בונ קורנט פיימונטה מ,גרמים,165.00,100 גרם,false,1,29.90,18.12,true,1,
8013399145278,false,דיאטורל סוכריות סטיביה ליקוריץ רך 70 גרם,קלואטה איטליה,,סוכריות סטיביה,Unknown,0.00,Unknown,false,1,12.60,12.60,true,1,
8013399145315,false,סוכריות סטיביה דיטרול תות 70 גרם,דיאטורל Dietorelle,,סוכריות סטיביה דיטרו,Unknown,0.00,Unknown,false,1,12.60,12.60,true,1,
8014601026354,false,"קמח ""00"" איטלקי לפיצה שף אדום 1 ק""ג",אנטימו קפוטו אס.אר.אל,,"קמח ""00"" איטלקי לפיצ",גרמים,1000.00,100 גרם,false,1,15.60,1.56,true,1,
8015997000638,false,מאריני איטליה אצבעות מאפה מסוכרות 200 גרם,Biscottificio Verona,,מאריני אצבעות מתוקות,גרמים,200.00,100 גרם,false,1,9.90,4.95,true,1,
8015997000911,false,מאריני- בישקוטים פריכים 200 גרם,Biscottificio Verona,,מאריני בישקוטים 200,ליטרים,0.00,ליטר,false,1,7.60,7.60,true,1,
8016744802161,false,צבע לשיער טבעי N4,,,צבע לשיער טבעי N4,Unknown,0.00,Unknown,false,1,59.90,59.90,true,1,
8016867007030,false,פדיות קוסמטיות אורגניק ביוטי 70 יח,CMC Gmbh,,פדיות קוסמטיות אורגנ,Unknown,0.00,Unknown,false,1,14.30,14.30,true,1,
8016887001148,false,אוטוסן- נר טיפולי לאוזן שלישייה,,,אוטוסן- נר טיפולי לא,Unknown,0.00,Unknown,false,1,99.90,99.90,true,1,
8017070766554,false,קרקר סקיני קלאסי 150 גרם,,,קרקרים קלאסיים 150 ג,גרמים,150.00,100 גרם,false,1,10.90,7.27,true,1,
8017070766578,false,קרקרים בתיבול עגבניות ואורגנו 150 גרם,,,קרקרים בתיבול עגבניו,גרמים,150.00,100 גרם,false,1,10.90,7.27,true,1,
8017070766615,false,קרקרים בתוספת זרעי ציה 150 גרם,,,קרקרים בתוספת זרעי צ,גרמים,150.00,100 גרם,false,1,10.90,7.27,true,1,
8017746286539,false,"יין קיאנטי פוגיו סו וינצי 750 מ""ל",פוגיו אל טאזורו,,יין קיאנטי פוגיו סו,Unknown,0.00,Unknown,false,1,51.90,51.90,true,1,
8017938005184,false,"חומץ תפוחים אורגני 750 מ""ל",,,חומץ תפוחים אורגני 7,מיליליטרים,750.00,"100 מ""ל",false,1,16.90,2.25,true,1,
8017938005764,false,נטורפוד-מיץ תפוחים 100% אורגני 1 ליטר,לוצ'ה מריה,,מיץ תפוחים אורגני 10,מיליליטרים,1000.00,"100 מ""ל",false,1,19.90,1.99,true,1,
8019428004059,false,"משקה אורז אורגני 250 מ""ל",,,משקה אורז אורגני 250,מיליליטרים,250.00,"100 מ""ל",false,1,5.50,2.20,true,1,
8019428007296,false,משקה שיבולת שועל אורגני ללא גלוטן 1 ליטר,,,משקה שיבולת שועל אור,ליטרים,0.00,ליטר,false,1,12.90,12.90,true,1,
8021274001007,false,קמח פסטה פרסקה 1 קג STAGIONI 5,,,"קמח פסטה פרסקה 1 ק""ג",קילוגרמים,0.00,"ק""ג",false,1,14.90,14.90,true,1,
8021274041003,false,"קמח רוסו 1 ק""ג STAGIONI 5",,,"קמח רוסו 1 ק""ג STAG",גרמים,1000.00,100 גרם,false,1,14.90,1.49,true,1,
8021274070010,false,קמח לבן פיצה נפוליטנה 1 קג STAGIONI 5,,,קמח לבן פיצה נפוליטנ,גרמים,1000.00,100 גרם,false,1,14.90,1.49,true,1,
8022470213386,false,דרגיה שקד חלב 500 גר PRISCO MAX,ITALIANA CONFETTI-PR,,דרגיה שקד חלב 500 גר,קילוגרמים,0.50,"ק""ג",false,1,39.90,79.80,true,1,
8022470213393,false,דרגיה שקד מריר 500 גר PRISCO MAX,ITALIANA CONFETTI-PR,,דרגיה שקד מריר 500 ג,קילוגרמים,0.50,"ק""ג",false,1,39.90,79.80,true,1,
8022470213416,false,דרגיה לוז חלב 500 גר PRISCO MAX,ITALIANA CONFETTI-PR,,דרגיה לוז חלב 500 גר,קילוגרמים,0.50,"ק""ג",false,1,39.90,79.80,true,1,
8022470213478,false,דרגיה דובדובן לבן 500 גר PRISCO MAX,,,בונ.ידרגיה דובדובן ל,גרמים,500.00,100 גרם,false,1,39.90,7.98,true,1,
8022470213485,false,דרגיה דובדובן מריר 500 ג PRISCO MAX,ITALIANA CONFETTI-PR,,דרגיה דובדובן מריר 5,קילוגרמים,0.50,"ק""ג",false,1,39.90,79.80,true,1,
8022470226379,false,דרגיה קשיו מריר 500 גר PRISCO MAX,ITALIANA CONFETTI-PR,,דרגיה קשיו מריר 500,גרמים,500.00,100 גרם,false,1,39.90,7.98,true,1,
8022734000103,false,"חומץ בלסמי ממודנה 250 מ""ל ORO",,,חומץ בלסמי ממודנה 25,מיליליטרים,250.00,"100 מ""ל",false,1,102.90,41.16,true,1,
8022734000158,false,"חומץ בלסמי ממודנה 250 מ""ל ARGENTO",,,חומץ בלסמי ממודנה 25,מיליליטרים,250.00,"100 מ""ל",false,1,62.90,25.16,true,1,
8023492000091,false,סטיק שוקולד גינדויה חלב עם אגוז 150 DG 3,די.גי 3 דולצאריה ס.ר,,סטיק שוקולד גינדויה,גרמים,150.00,100 גרם,false,1,15.90,10.60,true,1,
8023492000671,false,סטיק שוקולד מריר אגוזים ותפוז 150 ג DG 3,די.גי 3 דולצאריה ס.ר,,סטיק שוקולד מריר אגו,גרמים,150.00,100 גרם,false,1,15.90,10.60,true,1,
8023492000695,false,סטיק שוקולד מריר אגוזים וקפה 150 גר DG 3,Dg3 dolciaria,,סטיק שוקולד מריר אגו,גרמים,150.00,100 גרם,false,1,15.90,10.60,true,1,
8023492004495,false,טבלת שוקולד חלב אגוזי לוז 225 גר DJ3,Dg3 dolciaria,,טבלת שוקולד חלב אגוז,גרמים,225.00,100 גרם,false,1,12.90,5.73,true,1,
8023492004501,false,טבלת שוקולד מריר אגוזי לוז 225 גר DJ3,Dg3 dolciaria,,טבלת שוקולד מריר אגו,גרמים,225.00,100 גרם,false,1,12.90,5.73,true,1,
8023492004518,false,טבלת שוקולד מריר שקדים 225 גר DJ3,Dg3 dolciaria,,טבלת שוקולד מריר שקד,גרמים,225.00,100 גרם,false,1,12.90,5.73,true,1,
8023492004525,false,טבלת שוקולד מריר חמוציות 225 גר DJ3,Dg3 dolciaria,,טבלת שוקולד מריר חמו,גרמים,225.00,100 גרם,false,1,12.90,5.73,true,1,
8023678728269,false,משקה קוקוס אורגני 1,איזולה ביו Isola Bio,IT,משקה קוקוס 1 ליטר,ליטרים,1.00,ליטר,false,1,15.90,15.90,true,1,
8024046201018,false,מחית אורגנית שזיפים 120 גרם,ביואיטליה,IT,מחית אורגנית שזיפים,גרמים,120.00,100 גרם,false,1,6.20,5.17,true,1,
8024046203012,false,מחית אורגנית תפוחי עץ ואוכמניות 120 גר,ביואיטליה,IT,מחית אורגנית תפוחי ע,גרמים,120.00,100 גרם,false,1,6.20,5.17,true,1,
8024046204019,false,מחית אורגנית גזר משמש ודלעת 120 גרם,ביואיטליה,IT,מחית אורגנית גזר משמ,גרמים,120.00,100 גרם,false,1,6.20,5.17,true,1,
8024046205016,false,מחית אורגנית תפוחי עץ קיווי ותרד 120 ג,ביואיטליה,IT,מחית אורגנית תפוחי ע,גרמים,120.00,100 גרם,false,1,6.20,5.17,true,1,
8024985002783,false,סמוזי נטורה נובה גזר ודלעת 100 גרם,נטורה נובה,,סמוזי נטורה נובה גזר,גרמים,100.00,100 גרם,false,1,5.90,5.90,true,1,
8024985002912,false,נטורה נובה סמוזי תפוח אגס בטטה,נטורה נובה,IT,סמוזי אגס בטטה 100 ג,גרמים,100.00,100 גרם,false,1,5.90,5.90,true,1,
8024985002943,false,סמוזי נטורה נובה תפוח אננס קוקוס 100 גרם,נטורה נובה,,סמוזי נטורה נובה תפו,גרמים,100.00,100 גרם,false,1,5.90,5.90,true,1,
8024985002967,false,נטורה נובה-סמוזי בננה תרד 100 גרם,נטורה נובה,,סמוזי נטורה נובה בננ,גרמים,100.00,100 גרם,false,1,5.90,5.90,true,1,
8024985003988,false,סמוזי תפוח בננה 100 גר נטורה נובה,נטורה נובה,,סמוזי תפוח בננה 100,גרמים,100.00,100 גרם,false,1,5.90,5.90,true,1,
8024985004695,false,נטורה נובה סמוזי בננה רביעייה 100 גרם,נטורה נובה,,סמוזי בננה רביעיה 40,גרמים,400.00,100 גרם,false,1,22.90,5.73,true,1,
8024985005234,false,נטורה נובה סמוזי תפוח אפרסק מנגו 100 גרם,נטורה נובה,,מחית נטורה נובה סמוצ,גרמים,100.00,100 גרם,false,1,5.90,5.90,true,1,
8024985005296,false,סמוזי אגס בננה תפוח וקינואה אורגני,נטורה נובה,,סמוזי אגס בננה תפוח,גרמים,120.00,100 גרם,false,1,7.50,6.25,true,1,
8024985005302,false,סמוזי תפוח רימון פטל אוכמנויות ואסאי אורגני,נטורה נובה,,סמוזי תפוח רימון פטל,גרמים,120.00,100 גרם,false,1,7.50,6.25,true,1,
8024985008037,false,סמוזי נטורה נובה סמוצי תפוח 100 גרם,"נטורפוד בע""מ",,מחית נטורה נובה סמוצ,גרמים,100.00,100 גרם,false,1,5.90,5.90,true,1,
8024985008044,false,נטורה משקה סמודי אגסים אורגני 100 גר,"נטורפוד בע""מ",,מחית נטורה נובה סמוצ,גרמים,100.00,100 גרם,false,1,5.90,5.90,true,1,
8024985008051,false,נטורה סמודי פירות אדומים אורגניים 100מל,"נטורפוד בע""מ",,מחית נטורה נובה סמוצ,גרמים,100.00,100 גרם,false,1,5.90,5.90,true,1,
8024985011204,false,נטורה נובה-סמוזי תפוח תות בננה 100 גרם,נטורה נובה,,סמוזי תפוח תות בננה,גרמים,100.00,100 גרם,false,1,5.90,5.90,true,1,
8029354081000,false,"יין אדום פסו דה קארדינל 750 מ""ל",פאולו לאו,ES,יין אדום פסו דה קארד,מיליליטרים,750.00,"100 מ""ל",false,1,65.90,8.79,true,1,
8030243010476,false,6.06 ביוקאפ נוטריקול,,,6.06 ביוקאפ נוטריקול,Unknown,0.00,Unknown,false,1,59.90,59.90,true,1,
8030243010513,false,ביוקאפ +8.64 טיטיאן אדום,ביוקאפ,,8.64 ביוקאפ נוטריקול,Unknown,0.00,Unknown,false,1,59.90,59.90,true,1,
8030316001011,false,מונטאלבאנו פינו גריגיו 750 מל אורגני,,,מונטאלבאנו פינו,מיליליטרים,750.00,"100 מ""ל",false,1,65.90,8.79,true,1,
8032523531299,false,ממרח קקאו עם אגוזי לוז 200 גרם,,IT,ממרח קקאו עם אגוזי ל,גרמים,200.00,100 גרם,false,1,25.90,12.95,true,1,
8032755322719,false,ביסקויטים עם מלוי פירות אדומים 250 גר,חב אורלטה 1987,IT,ביסקויטים עם מלוי פי,גרמים,250.00,100 גרם,false,1,17.90,7.16,true,1,
8032793342458,false,עגבניות מרוסקות דק ומסוננות בבקבוק 700 ג,קונסוריזיו קאסאלסקו דל פ,,עגבניות מרוסקות דק ו,גרמים,700.00,100 גרם,false,1,13.50,1.93,true,1,
8032793344292,false,עגבניות חתוכות דק בבקבוק 700ג,קונסוריזיו קאסאלסקו דל פ,,עגבניות חתוכות דק בב,גרמים,700.00,100 גרם,false,1,13.50,1.93,true,1,
8032804430440,false,אטריות כוסמת אורגניות ללא גלוטן,אף.סי תבליני בגליל ב,,פליסיה ספגטי כוסמת א,גרמים,400.00,100 גרם,false,1,18.90,4.73,true,1,
8032880800410,false,פיק-ניק מקלות פריכים עם ממרח שוקולד 50 ג,,,פיק-ניק מקלות פריכים,גרמים,50.00,100 גרם,false,1,5.90,11.80,true,1,
8033020445973,false,"PIVETTI קמח 00 לכל מטרה 1 ק""ג",פיווטי Pivetti,IT,PIVETTI קמח 00 לכל מ,גרמים,1000.00,100 גרם,false,1,7.90,0.79,true,1,
8033020445980,false,"קמח לפסטה 1 pasta fresca ק""ג 00 PIVETTI",PIVETTI,IT,PIVETTI קמח לפסטה 00,גרמים,1000.00,100 גרם,false,1,13.50,1.35,true,1,
8033020445997,false,"קמח איטלקי ללחמים 1 ק""ג 0 PIVETTI",PIVETTI,IT,PIVETTI קמח איטלקי ל,גרמים,1000.00,100 גרם,false,1,11.40,1.14,true,1,
8033020446000,false,"קמח איטלקי לפיצה ופוקצה 1 ק""ג 00 PIVETTI",פיווטי Pivetti,IT,PIVETTI קמח איטלקי ל,גרמים,1000.00,100 גרם,false,1,10.40,1.04,true,1,
8033028910053,false,שעועית לבנה במי מלח 400 גר NOVA,,IT,שימורי שעועית לבנה ב,גרמים,400.00,100 גרם,false,1,9.50,2.38,true,1,
8033087771381,false,ניוקי ללא גלוטן לה ניוקריה 500 גרם,,,ניוקי ללא גלוטן לה נ,גרמים,500.00,100 גרם,false,1,18.50,3.70,true,1,
8033993042353,false,אבקת כמהין 65 גרם,,,אבקת כמהין 65 גרם,גרמים,65.00,100 גרם,false,1,45.90,70.62,true,1,
8034023208503,false,TERREעגבניות מיובשות בשמן חמניות 280 גר,,,TERREעגבניות מיובשות,גרמים,280.00,100 גרם,false,1,15.90,5.68,true,1,
8034023209111,false,ארטישוק שלם 510 גר TERRE,,,ארטישוק שלם 510 גרם,גרמים,510.00,100 גרם,false,1,29.50,5.78,true,1,
8034023209128,false,"ראטישוק בגריל בשמן חמניות 280 גר' ""TERRE""",,,ארטישוק בגריל 280 גר,גרמים,280.00,100 גרם,false,1,18.10,6.46,true,1,
8034023209180,false,ארטישוק בגריל 290 גרם TERRE,,,ארטישוק בגריל 290 גר,גרמים,290.00,100 גרם,false,1,18.10,6.24,true,1,
8034141060106,false,וורמוט ביאנקו 1 ל GRAN TORINO,,,וורמוט ביאנקו 1 ל GR,Unknown,0.00,Unknown,false,1,35.90,35.90,true,1,
8034141060120,false,וורמוט רוסו 1 ל GRAN TORINO,,,וורמוט רוסו 1 ל GRAN,Unknown,0.00,Unknown,false,1,35.90,35.90,true,1,
8034141060175,false,יין מבעבע לבן אסטי 750 מל GRAN TORINO,,,יין מבעבע לבן אסטי,Unknown,0.00,Unknown,false,1,64.90,64.90,true,1,
8034141060212,false,ליקר אבסנט קסנטה 700,,,"אבסנט 700 מ""ל XENTA",מיליליטרים,700.00,"100 מ""ל",false,1,177.90,25.41,true,1,
8050534144550,false,"פסטה אפונה ירוקה לל""ג אורגני 250 גר",,IT,"פסטה אפונה ירוקה לל""",גרמים,250.00,100 גרם,false,1,15.90,6.36,true,1,
8050705431106,false,עוגיות במילוי קרם בטעם שוקולד 300 גר,,,עוגיות במילוי קרם בט,גרמים,300.00,100 גרם,false,1,15.90,5.30,true,1,
8050705431168,false,עוגיות במילוי קרם בטעם דובדבן 300 גר,,,עוגיות במילוי קרם בט,גרמים,300.00,100 גרם,false,1,15.90,5.30,true,1,
8050705432202,false,עוגיות בטעם שוקולד עם פתיתי קוקוס 300גר,,,עוגיות בטעם שוקולד ע,גרמים,300.00,100 גרם,false,1,15.90,5.30,true,1,
8050705432219,false,עוגיות בטעם קפה עם קרם חלב 300גר,,,עוגיות בטעם קפה עם ק,גרמים,300.00,100 גרם,false,1,15.90,5.30,true,1,
8050705434459,false,מאפה קרואסון עם מילוי שוקולד 300 גר,,,מאפה קרואסון עם מילו,גרמים,300.00,100 גרם,false,1,14.90,4.97,true,1,
8050705434480,false,מאפה קרואסון עם מילוי דובדבן 300 גר,,,מאפה קרואסון עם מילו,גרמים,300.00,100 גרם,false,1,14.90,4.97,true,1,
8050705434770,false,עוגה ממולאת קרם קקאו 300 גר La Torta,,IT,עוגה ממולאת קרם קקא,גרמים,300.00,100 גרם,false,1,17.90,5.97,true,1,
8051407911170,false,"יין מבעבע לבן יבש פרוסקו קאבוטה 750 מ""ל",,,יין מבעבע לבן יבש פר,Unknown,0.00,Unknown,false,1,61.90,61.90,true,1,
8052440756216,false,שמן חמניות אורגני כבישה קרה 1 ליטר,תות תעשיות מזון (201,,שמן חמניות אורגני כב,מיליליטרים,1000.00,"100 מ""ל",false,1,35.50,3.55,true,1,
8076800195019,false,ברילה - צ.א ספגטי מס1 קפליני 500 גרם,ברילה גי.אי.אר פרטלי ס.פ,,ספגטי מס 1 קפליני 5,גרמים,500.00,100 גרם,false,1,6.90,1.38,true,1,
8076800195033,false,ברילה - צ.א ספגטיני מס3 חדש 500 גרם,ברילה גי.אי.אר פרטלי ס.פ,,ספגטי ברילה מס 3 ברי,גרמים,500.00,100 גרם,false,1,6.90,1.38,true,1,
8076800195057,false,ברילה - צ.א ספגטי מס5 חדש 500 גרם,ברילה גי.אי.אר פרטלי ס.פ,,ספגטי ברילה מס 5 ברי,גרמים,500.00,100 גרם,false,1,6.90,1.38,true,1,
8076800195132,false,ברילה - צ.א בבטה מס13 500 גרם,ברילה גי.אי.אר פרטלי ס.פ,,פסטה ברילה מס 13,גרמים,500.00,100 גרם,false,1,6.90,1.38,true,1,
8076800315097,false,פסטה מקרוני בוקטיני מספר 9 ברילה 500 גרם,ברילה גי.אי.אר פרטלי ס.פ,,ספגטי ברילה בוקטיני,גרמים,500.00,100 גרם,false,1,6.90,1.38,true,1,
8076802085738,false,ברילה - צ.ק פנה רגטה חדש 500 גרם,ברילה גי.אי.אר פרטלי ס.פ,,פסטה ברילה פנה רגטה,גרמים,500.00,100 גרם,false,1,6.90,1.38,true,1,
8076802085837,false,ברילה - צ.ק טורטליוני מס83 500 גרם,הנסיך- מפעל לייצור ט,,פסטה ברילה טורטליוני,גרמים,500.00,100 גרם,false,1,6.90,1.38,true,1,
8076802085936,false,ברילה פסטה צ.ק. קונצילה ריגטה חדש,ברילה גי.אי.אר פרטלי ס.פ,,ברילה קונציליאה ריגא,גרמים,500.00,100 גרם,false,1,6.90,1.38,true,1,
8076802085981,false,ברילה - צ.ק פוזילי חדש 500 גרם,ברילה גי.אי.אר פרטלי ס.פ,,פסטה ברילה פוזילי מס,גרמים,500.00,100 גרם,false,1,6.90,1.38,true,1,
8076808050440,false,פסטה מקרוני מספר 44 ברילה 500 גרם,ברילה Barilla,,פסטה ברילה מקרוני,גרמים,500.00,100 גרם,false,1,6.90,1.38,true,1,
8076808060654,false,פסטה פרפלה מספר 65 ברילה 500 גרם,ברילה גי.אי.אר פרטלי ס.פ,,ברילה פרפלה מס 65,גרמים,500.00,100 גרם,false,1,6.90,1.38,true,1,
8076808070882,false,פסטה ברילה קנלוני מס'88 250ג',פאסטיפיקו ריגו אס.אר,,פסטה למילוי קנלוני 2,גרמים,500.00,100 גרם,false,1,16.70,3.34,true,1,
8076808150072,false,ברילה - צ.א ספגטוני מס7 חדש 500 גרם,ברילה גי.אי.אר פרטלי ס.פ,,ספגטי ברילה מס 7 ברי,גרמים,500.00,100 גרם,false,1,6.90,1.38,true,1,
8076809501415,false,ברילה קנלוני/פנה 500 ג' מצה פנה טרקולור 500 גרם,"ש. שסטוביץ בע""\מ",,פנה טריקולור 78 500,גרמים,500.00,100 גרם,false,1,16.20,3.24,true,1,
8076809512268,false,פסטה גירנדולה טורסדס מספר 34 ברילה 500 גרם,ברילה גי.אי.אר פרטלי ס.פ,,ברילה גירנדולה מס 34,גרמים,500.00,100 גרם,false,1,6.90,1.38,true,1,
8076809513395,false,ברילה פומודורו רוטב עגבניות קלאסי 400 גר,ברילה גי.אי.אר פרטלי ס.פ,,רוטב פומודורו 400 גר,גרמים,400.00,100 גרם,false,1,14.90,3.73,true,1,
8076809513654,false,בסיס רוטב עגבניות לבולונז ברילה 400 גרם,ברילה גי.אי.אר פרטלי ס.פ,,בסיס רוטב עגבניות לב,גרמים,400.00,100 גרם,false,1,14.90,3.73,true,1,
8076809513692,false,רוטב עגבניות נפולטנה בתוספת ירקות,ברילה גי.אי.אר פרטלי ס.פ,,רוטב נפוליטנה 400 גר,גרמים,400.00,100 גרם,false,1,14.90,3.73,true,1,
8076809513739,false,ברילה רוטב עגבניות עם בזיליקום 400 גרם,ברילה גי.אי.אר פרטלי ס.פ,,רוטב בזיליקום 400 גר,גרמים,400.00,100 גרם,false,1,14.90,3.73,true,1,
8076809514774,false,ברילה איטריות ביצים פפרדלה 250ג',ברילה גי.אי.אר פרטלי ס.פ,,פסטה עם ביצים פפרדלה,גרמים,250.00,100 גרם,false,1,17.90,7.16,true,1,
8076809515115,false,טורטליני ריקוטה ותרד ברילה 250 גרם,,IT,טורטליני ריקוטה ותרד,גרמים,250.00,100 גרם,false,1,20.90,8.36,true,1,
8076809523561,false,ברילה - רוטב פסטה בטעם טוסקנה 400 גרם,ברילה גי.אי.אר פרטלי ס.פ,,רוטב פסטה בטעם פיצה,גרמים,400.00,100 גרם,false,1,14.90,3.73,true,1,
8076809523738,false,דפי לזניה ברילה 500 גרם,ברילה גי.אי.אר פרטלי ס.פ,,ברילה לזניה 500 גרם,גרמים,500.00,100 גרם,false,1,21.70,4.34,true,1,
8076809545457,false,ברילה אטריות ללא גלוטן 400 ג' צינורות 400 ג',ברילה ג'.אי.אר פרטלי,,ברילה פסטה ללא גלוטן,גרמים,400.00,100 גרם,false,1,14.90,3.73,true,1,
8076809547956,false,ברילה - צ.ק קיפרי 500 גרם,ברילה ג'.אי.אר פרטלי,IT,ברילה קיפרי 500 גר,גרמים,500.00,100 גרם,false,1,6.90,1.38,true,1,
8121300207004,false,טרוביה - סטיביה ממתיק בצנצנת 270 גרם,קספרס פאקאגעהג,US,טרוביה סטיביה ממתיק,גרמים,270.00,100 גרם,false,1,36.50,13.52,true,1,
8290010296858,false,אסורטי 600 גר,,,אסורטי 600 גר,גרמים,600.00,100 גרם,false,1,19.70,3.28,true,1,
8390010296831,false,כרוב בולגרי 500 גר,,,כרוב בולגרי 500 גר,גרמים,600.00,100 גרם,false,1,12.00,2.00,true,1,
8410001134918,false,זוג ספוגים עם ידית אחיזה ללא שריטות שמזון אינו נלכד בתוכו,3m,,זוג ספוגים עם ידית א,יחידה,1.00,יחידה,false,1,15.90,15.90,true,1,
8410001135304,false,סקוטש ברייט כרית ניקוי לכיריים מזכוכית,3m,,סקוטש ברייט כרית ניק,יחידה,1.00,יחידה,false,1,19.90,19.90,true,1,
8410013991042,false,יין קאווה באך יבש 750 מל,,,יין קאווה באך יבש 75,Unknown,0.00,Unknown,false,1,41.90,41.90,true,1,
8410013992094,false,יין קאווה באך חצי יבש 750 מל,,,יין קאווה באך חצי יב,Unknown,0.00,Unknown,false,1,41.90,41.90,true,1,
8410015024939,false,יין אדום יבש סיגלו ריוחה טינטו 750 מ,מאנזאנו,,יין אדום יבש סיגלו ר,Unknown,0.00,Unknown,false,1,37.90,37.90,true,1,
8410023016315,false,"יין מבעבע וילרנאו רוזה 750 מ""ל",,ES,יין מבעבע וילרנאו רו,מיליליטרים,750.00,"100 מ""ל",false,1,55.90,7.45,true,1,
8410023016322,false,"יין מבעבע וילרנאו חצי יבש 750 מ""ל",,ES,יין מבעבע וילרנאו חצ,מיליליטרים,750.00,"100 מ""ל",false,1,55.90,7.45,true,1,
8410028228706,false,"ברנדי מרקז דה מיסה 700 מ""ל",ספרד ויליאם אנד אומב,,ברנדי מרקז דה מיסה 7,מיליליטרים,700.00,"100 מ""ל",false,1,77.90,11.13,true,1,
8410031132519,false,צופה צופס-לקקן 16 יח בשקית 120 גר,,AT,צופה צופס-לקקן 16 יח,גרמים,120.00,100 גרם,false,1,14.60,12.17,true,1,
8410031934892,false,סוכריות צופה צופ מלודי רביעייה 60 גרם,פרפטי ואן מלה,RU,סוכריות צופה צופ מלו,גרמים,60.00,100 גרם,false,1,10.40,17.33,true,1,
8410076600622,false,חטיפי גרנולה קראנצ'י עם שוקולד מריר נייצ'ר ואלי 210 גרם,ג'נרל מילס סאן אדריאן,,נייטשר וואלי שוקו צי,גרמים,175.00,100 גרם,false,1,17.90,10.23,true,1,
8410076610386,false,נייטשר ואלי פרוטאין בוטנים עם ציפוי בטעם קרמל מלוח 160 ג',ג'\נרל מילס סאן אדריאן S,,חטיף נייטשר ואלי פרו,גרמים,210.00,100 גרם,false,1,24.90,11.86,true,1,
8410076610492,false,חטיף שיבולת שועל מלאה ובוטנים בציפוי עם חמאת בוטנים,יבואן ומשווק: ש. שסט,,חטיף צואי נייטשר ווא,גרמים,150.00,100 גרם,false,1,17.90,11.93,true,1,
8410076621009,false,עוגות אישיות בטעם קרמל עם חתיכות בטעם קרמל מלוח,"גלאטס סירו בע""\מ",,חטיף פייבר 1 בטעם קר,גרמים,120.00,100 גרם,false,1,17.70,14.75,true,1,
8410076621047,false,עוגות אישיות בטעם שוקולד עם חתיכות בטעם שוקולד,"גלאטס סירו בע""\מ",,חטיף פייבר 1 בטעם שו,גרמים,120.00,100 גרם,false,1,17.70,14.75,true,1,
8410104039134,false,"מנקה ומחדש מדיח כלים פיניש 250 מ""ל",הדקלאים אגודת שיתופי,,מנקה ומחדש פיניש 250,מיליליטרים,250.00,"100 מ""ל",false,1,14.90,5.96,true,1,
8410104045111,false,"פיניש מלח למדיח כלים 2ק""ג",רקיט בנקיזר,,פיניש מלח 2 קג,קילוגרמים,0.00,"ק""ג",false,1,14.90,14.90,true,1,
8410104511340,false,ויט רצועות שעווה מוכנות לעור יבש 12 יחידות,רקיט בנקיזר צרפת,,ויט רצועות שעווה יבש,Unknown,0.00,Unknown,false,1,39.90,39.90,true,1,
8410109056549,false,ואלור טב שוק חלב במילוי קרם אגוזים 100,,,ואלור טב שוק חלב במי,גרמים,100.00,100 גרם,false,1,13.90,13.90,true,1,
8410113003027,false,"סנגרה דה טורו 750 מ""ל",טורס,ES,סנגרה דה טורו (טורס),מיליליטרים,750.00,"100 מ""ל",false,1,49.90,6.65,true,1,
8410128768355,false,ויוה סוי סויה קלאסי קרטונית ליטר,קלידאד פסקואל,ES,ויוה סוי סויה קלאסי,מיליליטרים,1000.00,"100 מ""ל",false,1,11.90,1.19,true,1,
8410128783587,false,ויוה סוי שיבולת שועל בריסטה קרטונית,קלידאד פסקואל,ES,ויוה סוי שיבולת שועל,מיליליטרים,1000.00,"100 מ""ל",false,1,12.90,1.29,true,1,
8410134002580,false,זיתים ירוקים עם טונה 300 גרם FRAGATA,אנגל קמצ'ו אלימנטסיו,,זיתים ירוקים עם טונה,גרמים,300.00,100 גרם,false,1,8.50,2.83,true,1,
8410134016839,false,זיתים ירוקים עם סלומון 300 גרם FRAGATA,אנגל קמצ'ו אלימנטסיו,,זיתים ירוקים עם סלומ,גרמים,300.00,100 גרם,false,1,8.50,2.83,true,1,
8410134095650,false,זיתים שחורים ללא גריענים 350 גרם FRAGATA,אנגל קמצ'ו אלימנטסיו,,זיתים שחורים ללא גרי,גרמים,350.00,100 גרם,false,1,8.50,2.43,true,1,
8410134119509,false,זיתים שחורים 350 גרם FRAGATA,אנגל קמצ'ו אלימנטסיו,,זיתים שחורים 350 גרם,גרמים,350.00,100 גרם,false,1,8.50,2.43,true,1,
8410161202724,false,"ליקר הדרים אנגלוס 700 מ""ל",רומטה,,ליקר הדרים אנגלוס 70,מיליליטרים,700.00,"100 מ""ל",false,1,149.90,21.41,true,1,
8410161511253,false,"ברנדי ספרדי רומטה סולרה חרז 700 מ""ל",רומטה,ES,ברנדי ספרדי רומטה סו,מיליליטרים,700.00,"100 מ""ל",false,1,77.90,11.13,true,1,
8410179002798,false,זיתים ירוקים ממולאים בלימון 314 גר,,ES,זיתים ירוקים ממולאים,גרמים,314.00,100 גרם,false,1,10.40,3.31,true,1,
8410179002804,false,זיתים ירוקים עם גבינה 314 גר,,ES,זיתים ירוקים עם גבינ,גרמים,314.00,100 גרם,false,1,10.40,3.31,true,1,
8410179002828,false,זיתים ירוקים ממולאים בסלמון 300 גר ITLV,אסייטונס גואדלקוויר,ES,זיתים ירוקים ממולאים,גרמים,300.00,100 גרם,false,1,10.40,3.47,true,1,
8410179002873,false,זיתים ירוקים ממולאים בשרימפס 300 גר ITLV,,ES,זיתים ירוקים ממולאים,גרמים,300.00,100 גרם,false,1,10.40,3.47,true,1,
8410179002880,false,זיתים ירוקים ממולאים בלוובסטר 300 גר ITLV,,ES,זיתים ירוקים ממולאים,גרמים,300.00,100 גרם,false,1,10.40,3.47,true,1,
8410261151625,false,יין סנגריה גרסיה דון סימון אדום 1.5 ל,,,יין סנגריה גרסיה דון,Unknown,0.00,Unknown,false,1,21.90,21.90,true,1,
8410300102939,false,קוביות גלינה בלנקה טעם בקר 80 גר,,,קוביות גלינה בלנקה ט,גרמים,80.00,100 גרם,false,1,13.90,17.38,true,1,
8410300104612,false,קוביות גלינה בלנקה עם פטריות 80 גר,,,קוביות גלינה בלנקה ע,גרמים,80.00,100 גרם,false,1,13.90,17.38,true,1,
8410300207665,false,קוביות גלינה בלנקה טעם עוף 80 גר,,,קוביות גלינה בלנקה ט,Unknown,0.00,Unknown,false,1,13.90,13.90,true,1,
8410300233954,false,מרק להכנה מהירה טעם עוף 15 גרם G.B,,,מרק להכנה מהירה טעם,גרמים,15.00,100 גרם,false,1,3.90,26.00,true,1,
8410300233961,false,מרק פירה להכנה מהירה טעם עוף 15 גרם G.B,,,מרק פירה להכנה מהירה,גרמים,15.00,100 גרם,false,1,3.90,26.00,true,1,
8410300233978,false,מרק להכנה מהירה פטריות/קרוטון 15 גרם G.B,,,מרק להכנה מהירה פטרי,גרמים,15.00,100 גרם,false,1,3.90,26.00,true,1,
8410300233985,false,מרק להכנה מהירה פטריות 15 גרם G.B,,,מרק להכנה מהירה פטרי,גרמים,15.00,100 גרם,false,1,3.90,26.00,true,1,
8410300234005,false,מרק להכנה מהירה בשר 15 גרם G.B,,,מרק להכנה מהירה בשר,גרמים,15.00,100 גרם,false,1,3.90,26.00,true,1,
8410300238164,false,קוביות גלינה בלנקה עוף עם ירק 80 גר,,,קוביות גלינה בלנקה ע,גרמים,80.00,100 גרם,false,1,13.90,17.38,true,1,
8410342004789,false,טוראס-שוקולד מריר 72% ללא סוכר 100 גרם,,,טוראס-שוקולד מריר 72,גרמים,100.00,100 גרם,false,1,19.80,19.80,true,1,
8410342004994,false,"שוקולד מריר שבבי קקאו חמוציות ללת""ס 125",צ'יקולטס טוארס,ES,שוקולד מריר שבבי קקא,גרמים,125.00,100 גרם,false,1,19.80,15.84,true,1,
8410342007063,false,שוקולד מריר95% ללא תוספת סוכר טוראס 100 ג',,ES,טוראס-שוקולד מריר 95,גרמים,100.00,100 גרם,false,1,19.80,19.80,true,1,
8410342007148,false,"טוראס-ש.מריר תפוז 72% ללת""ס 125ג",,ES,טוראס-ש.מריר תפוז 72,גרמים,125.00,100 גרם,false,1,19.80,15.84,true,1,
8410342007421,false,"טוראס-שוקולד חלב אגוזים ללת""ס 150 גר",,ES,טוראס-שוקולד חלב אגו,גרמים,150.00,100 גרם,false,1,19.90,13.27,true,1,
8410376009392,false,ביסקויט מחיטה מלאה ללא תוספת סוכר גולון 170 גרם,גאלטס גלון סא,,ביסקוויט חיטה מלאה,גרמים,170.00,100 גרם,false,1,9.90,5.82,true,1,
8410376010701,false,"ביסקוויט ללת""ס גולון גלטה מריה 400 גר",תות תעשיות מזון (201,,ביסקוויט גולון,גרמים,400.00,100 גרם,false,1,17.90,4.48,true,1,
8410376029079,false,גולון רונדיטוס ביסקויט ללא תוספת סוכר 186 גר,GULLON,,רונדיטוס ביסקוויט,גרמים,186.00,100 גרם,false,1,16.90,9.09,true,1,
8410376036862,false,גולון ביסקוויט סנדוויץ וניל 500 גר,גולון,ES,גולון ביסקוויט סנדוו,גרמים,500.00,100 גרם,false,1,10.40,2.08,true,1,
8410376037784,false,גולון ביסקויט סנדויץ שוקו ללא סוכר 250ג,תות תעשיות מזון (201,,"ביסקויט ללת""ס סנדווי",גרמים,250.00,100 גרם,false,1,16.90,6.76,true,1,
8410376042481,false,גולון ביסקווט קרם יוגורט ללא תוספת סוכר 220 גרם,גלטס גולון,,גולון ביסקוויט קרם י,גרמים,220.00,100 גרם,false,1,14.90,6.77,true,1,
8410376057270,false,גולון-ביסקוויט ללא סוכר עם ש.מריר 150 גר' 1/12,גולון,ES,"גולון-ביסקוויט ללת""ס",גרמים,150.00,100 גרם,false,1,17.90,11.93,true,1,
8410376059380,false,גולון וופל וניל ללא תוספת סוכר 180 גרם,GULLON,ES,גולון וופל וניל ללא,גרמים,180.00,100 גרם,false,1,16.90,9.39,true,1,
8410376059397,false,גולון וופל שוקולד ללא תוספת סוכר 180 גרם,GULLON,ES,גולון וופל שוקולד לל,גרמים,180.00,100 גרם,false,1,16.90,9.39,true,1,
8410376064445,false,גולון ללא סוכר פיינס שוקולד אוונה 150 גר,,ES,גולון-פינאס שוקו אוו,גרמים,150.00,100 גרם,false,1,16.90,11.27,true,1,
8410406311006,false,מרקז דה קסרס ריוחה קריאנזה 750 מל,,,מרקז דה קסרס ריוחה,Unknown,0.00,Unknown,false,1,67.90,67.90,true,1,
8410525116728,false,פיני גומי דובונים 90 גרם,,ES,פיני גומי דובונים 90,Unknown,0.00,Unknown,false,1,6.90,6.90,true,1,
8410525116735,false,פיני צינורות ליקריץ עם מילוי מתוק 90 גרם,,ES,פיני צינורות ליקריץ,Unknown,1.00,Unknown,false,1,6.90,6.90,true,1,
8410525116766,false,פיני גומי קולה 90 גרם,,ES,פיני גומי קולה 90 גר,Unknown,1.00,Unknown,false,1,6.90,6.90,true,1,
8410525116780,false,פיני גומי טבעות תות חמוץ 90 גרם,,ES,פיני גומי טבעות תות,Unknown,1.00,Unknown,false,1,6.90,6.90,true,1,
8410525116797,false,פיני גומי טבעות אפרסק חמוץ 90 גרם,,ES,פיני גומי טבעות אפרס,Unknown,1.00,Unknown,false,1,6.90,6.90,true,1,
8410525116803,false,פיני גומי תנינים 90 גרם,,ES,פיני גומי תנינים 90,Unknown,0.00,Unknown,false,1,6.90,6.90,true,1,
8410525116810,false,פיני גלי בינס בטעמי פירות 85 גרם,,ES,פיני גלי בינס בטעמי,Unknown,0.00,Unknown,false,1,6.90,6.90,true,1,
8410525116827,false,פיני מסטיק עגול 90 גרם,,ES,פיני מסטיק עגול 90 ג,Unknown,1.00,Unknown,false,1,6.90,6.90,true,1,
8410525116834,false,פיני גומי כרישים 90 גרם,,ES,פיני גומי כרישים 90,Unknown,1.00,Unknown,false,1,6.90,6.90,true,1,
8410525121500,false,פיני שטיחים מסוכרים 90 גרם,,ES,פיני שטיחים מסוכרים,Unknown,1.00,Unknown,false,1,6.90,6.90,true,1,
8410525126482,false,פיני סוכריות גומי בציפוי סוכר 90 גרם,,ES,פיני סוכריות גומי בצ,Unknown,1.00,Unknown,false,1,6.90,6.90,true,1,
8410525143397,false,פיני מסטיק פירות 90 גרם,,ES,פיני מסטיק פירות 90,Unknown,0.00,Unknown,false,1,6.90,6.90,true,1,
8410525147906,false,פיני מסטיק מלון 90 גרם,,ES,פיני מסטיק מלון 90 ג,Unknown,1.00,Unknown,false,1,6.90,6.90,true,1,
8410525179327,false,פיני מרשמלו תות מסוכר 80 גרם,,ES,פיני מרשמלו תות מסוכ,Unknown,0.00,Unknown,false,1,6.90,6.90,true,1,
8410525179839,false,פיני טוויסט טופ 90 גרם,,ES,פיני טוויסט טופ 90 ג,Unknown,0.00,Unknown,false,1,6.90,6.90,true,1,
8410525179914,false,פיני גומי ביצת עין 90 גרם,,ES,פיני גומי ביצת עין 9,Unknown,0.00,Unknown,false,1,6.90,6.90,true,1,
8410525182846,false,פיני בריקס גומי במילוי מתוק 90 גרם,,ES,פיני בריקס גומי במיל,Unknown,1.00,Unknown,false,1,6.90,6.90,true,1,
8410525183768,false,פיני סינימה מיקס 90 גרם,,ES,פיני סינימה מיקס 90,Unknown,1.00,Unknown,false,1,6.90,6.90,true,1,
8410525183775,false,פיני גומי פארטי מיקס 90 גרם,,ES,פיני גומי פארטי מיקס,Unknown,1.00,Unknown,false,1,6.90,6.90,true,1,
8410525186516,false,פיני גומי יוגורט 90 גרם,,ES,פיני גומי יוגורט 90,Unknown,1.00,Unknown,false,1,6.90,6.90,true,1,
8410525202575,false,פיני ליטל מיקס 90 גרם,,ES,פיני ליטל מיקס 90 גר,Unknown,0.00,Unknown,false,1,6.90,6.90,true,1,
8410525206184,false,פיני שטיחים חמוצים בטעם תות 90 גרם,,ES,פיני שטיחים חמוצים ב,Unknown,1.00,Unknown,false,1,6.90,6.90,true,1,
8410525211065,false,פיני ספגטי צבעוני חמוץ 85 גרם,,ES,פיני ספגטי צבעוני חמ,גרמים,85.00,100 גרם,false,1,6.90,8.12,true,1,
8410525220562,false,פיני בום ומפייר 65 גרם,,ES,פיני בום ומפייר 65 ג,גרמים,65.00,100 גרם,false,1,6.90,10.62,true,1,
8410525228322,false,פיני הוואי צבעוני 80 גרם,,ES,פיני הוואי צבעוני 80,גרמים,80.00,100 גרם,false,1,6.90,8.63,true,1,
8410525228353,false,פיני פיזי קארייב שטיחים צבעוניים 75 גרם,,ES,פיני פיזי קארייב שטי,גרמים,75.00,100 גרם,false,1,6.90,9.20,true,1,
8410525243189,false,פיני מרשמלו מצופה שוקולד 80 גרם,,ES,פיני מרשמלו מצופה שו,Unknown,1.00,Unknown,false,1,6.90,6.90,true,1,
8410525246739,false,פיני בום מיקס חמוץ 90 גרם,,ES,פיני בום מיקס חמוץ 9,גרמים,90.00,100 גרם,false,1,6.90,7.67,true,1,
8410628460612,false,טונה ספרדית בשמן זית ולימון 190 גרם,קונסורסיו ספרד,ES,טונה ספרדית בשמן זית,גרמים,190.00,100 גרם,false,1,28.50,15.00,true,1,
8410655001147,false,בירה סאן מיגל 500 מל פחית,SAN MIGUEL,,בירה סאן מיגל אספסיא,מיליליטרים,500.00,"100 מ""ל",false,1,9.20,1.84,true,1,
8410655002458,false,"בירה סאן מיגל ללא גלוטן 330 מ""ל",SAN MIGUEL,,בירה סאן מיגל ללא גל,מיליליטרים,330.00,"100 מ""ל",false,1,12.50,3.79,true,1,
8410655010019,false,צידנית שמיניית פחיות בירה סאן מיגל 500 מ,,,צידנית שמיניית פחיות,מיליליטרים,4000.00,"100 מ""ל",false,1,59.90,1.50,true,1,
8410679030048,false,טבלת שוקולד לבן ללא סוכר טראפה 75ג',,ES,טבלת טראפה ל.ס. לבן,גרמים,75.00,100 גרם,false,1,8.90,11.87,true,1,
8410793001764,false,"רביעיית בירה אסטרייה דאם 330 מ""ל בקבוק","סי סי דאם, אס.אל, בר",,רביעיית בירה אסטרייה,מיליליטרים,1320.00,"100 מ""ל",false,1,36.90,2.80,true,1,
8410793262936,false,"אסטרייה דאם דאורה ללא גלוטן 330 מ""ל","סי סי דאם, אס.אל, בר",,אסטרייה דאם דאורה בק,מיליליטרים,330.00,"100 מ""ל",false,1,9.90,3.00,true,1,
8411320234006,false,נתחי טונה לבנה בשמן זית (פחית) 112 ג ORTIZ,אורטיז ORTIZ,,נתחי טונה לבנה בשמן,גרמים,112.00,100 גרם,false,1,21.90,19.55,true,1,
8412997000390,false,"ארטי אייס פופ -שלגונים להקפאה 650 מ""ל",,,ארטי אייס פופ -שלגונ,מיליליטרים,650.00,"100 מ""ל",false,1,8.90,1.37,true,1,
8413165061618,false,אוגרטה ריוחה קריאנזה 750 מל,,,אוגרטה ריוחה קריאנזה,Unknown,0.00,Unknown,false,1,57.90,57.90,true,1,
8413165070825,false,אוגרטה ריוחה קוסצה 2012 750 מל,,,אוגרטה ריוחה קוסצה,Unknown,0.00,Unknown,false,1,46.90,46.90,true,1,
8413376024839,false,גבינת עיזים רכה עם עשבי תיבול 29% ויליפוד 110 גרם,היחוס דה סאלבאדור אס.איי,ES,גבינת עיזים רכה עשבי,גרמים,110.00,100 גרם,false,1,17.70,16.09,true,1,
8413556002633,false,גבינת עיזים קפריציו פלפל 125 גרם,,,גבינת עיזים קפריציו,גרמים,125.00,100 גרם,false,1,22.90,18.32,true,1,
8413556002855,false,גבינת עיזים קפריציו עם תבלינים 145 גרם,,,גבינת עיזים קפריציו,גרמים,145.00,100 גרם,false,1,23.90,16.48,true,1,
8414825338316,false,"יין מרטין קודאס אלבריניו מרייטה 750 מ""",,ES,יין מרטין קודאס אלבר,מיליליטרים,750.00,"100 מ""ל",false,1,62.90,8.39,true,1,
8420822130600,false,"ספריי סופר מסיר שומנים 750מ""ל יעקבי",קה לורדה,,סופר מסיר שומנים 750,יחידה,1.00,יחידה,false,1,17.90,17.90,true,1,
8420822130624,false,"ספריי סופר מסיר כתמים 750מ""ל יעקבי",קה לורדה,,סופר מסיר כתמים 750,יחידה,1.00,יחידה,false,1,19.90,19.90,true,1,
8423207206488,false,סלים דליס חטיף דגנים מצופה שוקולד חלב מרבה 6*20 גרם,אף.סי תבליני בגליל ב,,חטיף דגנים מלאים מצו,גרמים,120.00,100 גרם,false,1,10.90,9.08,true,1,
8423207206495,false,סלים דליס חטיף דגנים מצופה שוקולד מריר מרבה 6*20 גרם,אף.סי תבליני בגליל ב,,חטיף דגנים מלאים מצו,גרמים,120.00,100 גרם,false,1,10.90,9.08,true,1,
8423207206501,false,סלים דליס חטיף דגנים עם שוקולד חלב מרבה 6*13 גרם,סלים דליס Slim Delis,,חטיף רב דגנים עם שוק,גרמים,78.00,100 גרם,false,1,10.90,13.97,true,1,
8423207207362,false,חטיפי סלים דליס שוקולד לבן מרבה 6 יחידות,ביסנצ'ורי אס.אל.יו,,חטיף דגנים סלים דליס,גרמים,120.00,100 גרם,false,1,10.90,9.08,true,1,
8423207208680,false,חטיף דגנים שוקולד סלים דליס לילדים מרבה 6 יחידות,ביסנצ'ורי אס.אל.יו,,סלים דליס לילדים עם,גרמים,120.00,100 גרם,false,1,10.90,9.08,true,1,
8423207208697,false,חטיפי סלים דליס לילדים שוקולד לבן מרבה 6 יחידות,ביסנצ'ורי אס.אל.יו,,סלים דליס לילדים עם,גרמים,120.00,100 גרם,false,1,10.90,9.08,true,1,
8423207208703,false,חטיפי סלים דליס שוקולד מריר מרבה 6 יחידות,ביסנצ'ורי אס.אל.יו,,סלים דליס מהדורה עם,גרמים,120.00,100 גרם,false,1,10.90,9.08,true,1,
8423207210287,false,מרבה סלים דליס שוקולד לבן בטעם יוגורט 120 ג',סלים דליס Slim Delis,,סלים דליס שוקולד לבן,גרמים,120.00,100 גרם,false,1,10.90,9.08,true,1,
8423207210942,false,חטיף דגנים מצופה שוקולד לבן ופירות יער,נוטרישן אנד סנטה קוב,ES,סלים דליס טופינג פיר,גרמים,90.00,100 גרם,false,1,10.90,12.11,true,1,
8423371002312,false,בוטנים צילי סאליסול 150 גרם,סאליסול,ES,בוטנים צילי סאליסול,גרמים,150.00,100 גרם,false,1,12.50,8.33,true,1,
8423371002725,false,סאליסול- קוקטייל מיקס 100 גרם,גלוברנדס,ES,קוקטייל מיקס 100 גרם,גרמים,100.00,100 גרם,false,1,12.50,12.50,true,1,
8423371005085,false,סאליסול- מיקס פיקנטי 100 גרם,גלוברנדס,ES,מיקס פיקנטי 100 גרם,גרמים,100.00,100 גרם,false,1,12.50,12.50,true,1,
8423371007089,false,סאליסול- בוטנים מלוחים בדבש 150 גרם,גלוברנדס,ES,בוטנים מלוחים בדבש 1,גרמים,150.00,100 גרם,false,1,12.50,8.33,true,1,
8423371007577,false,פיסטוקים קלויים סאליסול 50 גר,Unknown,,פיסטוקים קלויים סאל,גרמים,50.00,100 גרם,false,1,9.90,19.80,true,1,
8423453905692,false,"בירה ווילדר לאגר 500 מ""ל פחית",פונט סאלם וולנסיה ספרד,ES,בירה ווילדר לאגר 500,מיליליטרים,500.00,"100 מ""ל",false,1,7.20,1.44,true,1,
8425206000081,false,ריבת חלב מרדל 450 גרם,כלורוקס אוקלנד,,ריבת חלב מרדל 450 גר,גרמים,450.00,100 גרם,false,1,17.90,3.98,true,1,
8425206000142,false,ריבת חלב מרדל בקבוק לחיץ 370 גרם,גורי,,ריבת חלב מרדל בקבוק,גרמים,370.00,100 גרם,false,1,19.90,5.38,true,1,
8428818164172,false,מלח ים אטלנטי אפור ל,,,מלח אטלנטי אפור גס 1,קילוגרמים,0.00,"ק""ג",false,1,17.50,17.50,true,1,
8431438000089,false,גבינה איבריקו גוורדמור ספרדי במשקל,,,גבינה גוורדמור ספרדי,Unknown,0.00,"ק""ג",true,0,210.00,210.00,true,1,
8431438000256,false,מנצגו קייסו ספרדי במשקל,,,מנצגו קייסו ספרדי במ,Unknown,0.00,"ק""ג",true,0,208.00,208.00,true,1,
8435185944009,false,"משקה קל ד""ר פפר 330 מ""ל",,,"משקה קל ד""ר פפר 330",מיליליטרים,330.00,"100 מ""ל",false,1,6.90,2.09,true,1,
8435185954626,false,"משקה קל ד""ר פפר בטעם דובדבן 330 מ""ל",,,"משקה קל ד""ר פפר בטעם",מיליליטרים,330.00,"100 מ""ל",false,1,6.90,2.09,true,1,
8435495807605,false,תינוקלין מרכך כביסה היפואלרגני מרוכז 1 ליטר,מולינו ניקולי s.p.a,TR,מרכך כביסה תינוקלין,מיליליטרים,1000.00,"100 מ""ל",false,1,20.90,2.09,true,1,
8435495807636,false,ג'ל כביסה היפואלרגני 2 ל' תינוקלין,פרוקטר אנד גמבל,TR,גל כביסה תינוקלין הי,ליטרים,0.00,ליטר,false,1,36.50,36.50,true,1,
8435495819363,false,תינוקלין - מרכך כביסה פרש & ג'נטל 1 ליטר,פרוקטר אנד גמבל,,מרכך כביסה fres&gent,מיליליטרים,1000.00,"100 מ""ל",false,1,20.90,2.09,true,1,
8436575292205,false,ארטיק חמשושים מאגדת 15*12 גר',גלידות נסטלה )נגה גלידות,IL,מאגדת חמשושים 180 גר,גרמים,180.00,100 גרם,false,1,23.90,13.28,true,1,
8437000209140,false,טארט קרם קקאו 300 גרם,,,טארט קרם קקאו 300 גר,גרמים,300.00,100 גרם,false,1,15.90,5.30,true,1,
8437000209980,false,טארט קרם קטלאנה 300 גרם,,,טארט קרם קטלאנה 300,גרמים,300.00,100 גרם,false,1,15.90,5.30,true,1,
8437000209997,false,טארט לימון 300 גרם,,,טארט לימון 300 גרם,גרמים,300.00,100 גרם,false,1,15.90,5.30,true,1,
8437001603343,false,משקה פינה קולדה 700,,,"פינה קולדה 700 מ""ל",מיליליטרים,700.00,"100 מ""ל",false,1,69.90,9.99,true,1,
8437001603701,false,משקה סנגריה לוליילו,,,"יין סנגריה 750 מ""ל",Unknown,0.00,Unknown,false,1,29.90,29.90,true,1,
8437001603732,false,סנגריה 3 ליטר בקרטון +ברז,,,סנגריה 3 ליטר בקרטון,Unknown,0.00,Unknown,false,1,99.60,99.60,true,1,
8437019045302,false,"יין אלטאדו וורדחו פינקה פאלה 750 מ""ל",,ES,יין אלטאדו וורדחו פי,Unknown,0.00,Unknown,false,1,99.90,99.90,true,1,
8445290427120,false,דגני פיטנס Fitness שוקולד מריר ובננה,נסטלה צרפת איטנקורט,,פיטנס שוקולד מריר וב,גרמים,375.00,100 גרם,false,1,19.90,5.31,true,1,
8563140008357,false,"משקה כלורופיל 473 מ""ל",מורז,,כלורופיל נוזל 473 מ`,Unknown,0.00,Unknown,false,1,119.90,119.90,true,1,
8593868000050,false,"סטארופרמן פרימיום בהיר 500 מ""ל פחית",סטארופרמן,CZ,בירה סטארופרמן פחית,מיליליטרים,500.00,"100 מ""ל",false,1,10.90,2.18,true,1,
8593868000302,false,"בירה סטארופרמן לאגר בקבוק 5% 500 מ""ל",,CZ,בירה סטארופרמן פרימי,מיליליטרים,500.00,"100 מ""ל",false,1,11.90,2.38,true,1,
8593868002368,false,בירה סטארופרמן אנפילטר בירה 500 מל בקבוק,,CZ,בירה סטארופרמן אנפיל,מיליליטרים,500.00,"100 מ""ל",false,1,10.90,2.18,true,1,
8594009923429,false,"בירה קרושוביצה אמפריאל 500 מ""ל פחית",,,בירה קרושוביצה אמפרי,מיליליטרים,500.00,"100 מ""ל",false,1,11.90,2.38,true,1,
8594053490458,false,"בירה צרנובר כהה 500 מ""ל",טרדיצ'ני פיבובר ורקו,CZ,בירה צרנובר כהה 500,מיליליטרים,500.00,"100 מ""ל",false,1,11.90,2.38,true,1,
8594071650292,false,כדורי עוגת קלאסיק 235 גר מרלנקה,Marlenka,CZ,עוגיות דבש מרלנקה,גרמים,235.00,100 גרם,false,1,34.90,14.85,true,1,
8594071650308,false,כדורי עוגת דבש קקאו 235 גר מרלנקה,Marlenka,,כדורי עוגת דבש קקאו,גרמים,235.00,100 גרם,false,1,34.90,14.85,true,1,
8594071650711,false,עוגת נפוליאון מרלנקה,Marlenka,CZ,עוגת נפוליאון 300 גר,גרמים,300.00,100 גרם,false,1,34.90,11.63,true,1,
8594071650841,false,פחזניות מרלנקה 235 גרם,,,פחזניות מרלנקה 235 ג,גרמים,235.00,100 גרם,false,1,34.90,14.85,true,1,
8594071651435,false,עוגיות אישיות בטעם קינמון 235 גר מרלנקה,,,עוגיות אישיות בטעם ק,גרמים,235.00,100 גרם,false,1,34.90,14.85,true,1,
8594403110111,false,בירה בדוויזר בודבר בהיר 500 מל,BUDVIZER BUDVAR,,בירה בדוויזר בודבר,מיליליטרים,500.00,"100 מ""ל",false,1,13.90,2.78,true,1,
8594403150827,false,בירה בדוויזר בודבר כהה 500 מל,BUDVIZER BUDVAR,,בירה בדוויזר בודבר,מיליליטרים,500.00,"100 מ""ל",false,1,13.90,2.78,true,1,
8594403707649,false,"בירה באדוויזר דארק לאגר 500 מ""ל פחית","מיוצר ע""\י מבשלת טוכרn\",,בירה באדוויזר דארק ל,מיליליטרים,500.00,"100 מ""ל",false,1,8.50,1.70,true,1,
8594403707977,false,"בירה באדוויזר לאגר פחית 500 מ""ל","מיוצר ע""\י מבשלת טוכרn\",,בירה באדוויזר לאגר פ,מיליליטרים,500.00,"100 מ""ל",false,1,8.90,1.78,true,1,
8594404001418,false,"בירה קוזל כהה בקבוק חוזר 500 מ""ל",פילזנסקי,,"בירה קוזל כהה 500 מ""",מיליליטרים,500.00,"100 מ""ל",false,1,8.90,1.78,true,1,
8594404110110,false,בירה פילסנר אוראקוול 500 מל,Plznsky,,בירה פילסנר אוראקוול,מיליליטרים,500.00,"100 מ""ל",false,1,12.90,2.58,true,1,
8594404115115,false,בירה פילזנר אורקוול פחית 500 מל,פילזן,CZ,בירה פילזנר אורקוול,מיליליטרים,500.00,"100 מ""ל",false,1,10.90,2.18,true,1,
8594405105429,false,"ליקר בחרובקה 700 מ""ל",,,"ליקר בחרובקה 700 מ""ל",מיליליטרים,700.00,"100 מ""ל",false,1,109.90,15.70,true,1,
8606109023609,false,"פרוויטה - מיץ תפוחי עץ ודובדבנים חמוצים 750 מ""ל",,RS,פרוויטה מיץ תפוחי עץ,מיליליטרים,750.00,"100 מ""ל",false,1,13.90,1.85,true,1,
8606109023623,false,"פרוויטה - מיץ תפוחי עץ ולימון ליים 750 מ""ל",פרובישקה,RS,פרוויטה מיץ תפוחי עץ,מיליליטרים,750.00,"100 מ""ל",false,1,13.90,1.85,true,1,
8606109023647,false,"פרוויטה - מיץ סלק ותפוחי עץ 750 מ""ל",פרובישקה,RS,פרוויטה - מיץ סלק ות,מיליליטרים,750.00,"100 מ""ל",false,1,13.90,1.85,true,1,
8606109023715,false,"פרוויטה - מיץ תפוחי עץ ואפרסקים 750 מ""ל",פרובישקה,RS,פרוויטה מיץ תפוחי עץ,מיליליטרים,750.00,"100 מ""ל",false,1,13.90,1.85,true,1,
8680395195837,false,ביסקוויט פתי בר 500 גר ALVIEN,,TR,ביסקוויט פתי בר 500,גרמים,500.00,100 גרם,false,1,10.50,2.10,true,1,
8681863065287,false,saltbae מלח הימלאיה 350 גרם ויליפוד,שף סיזונס גידה סאן,TR,מלח הימלאיה וילי פוד,גרמים,350.00,100 גרם,false,1,24.90,7.11,true,1,
8683130008355,false,מיונז שום לחיץ אמיתי הלמנס 400 גרם,יוניליוור ישראל שיווק בע,TR,מיונז עם שום הלמנס ל,גרמים,400.00,100 גרם,false,1,14.90,3.73,true,1,
8683130025574,false,"מרכך כביסה מרוכז אקסטרה לבנדר בדין 960 מ""ל",יבוא ושיווק: יוניליוור י,,בדין אקסטרא לבנדר 96,מיליליטרים,960.00,"100 מ""ל",false,1,15.90,1.66,true,1,
8683130025581,false,"מרכך כביסה מרוכז אקסטרה ענבר בדין 960 מ""ל",יבוא ושיווק: יוניליוור י,,בדין אקסטרא gbcr 960,מיליליטרים,960.00,"100 מ""ל",false,1,15.90,1.66,true,1,
8683323063024,false,יוגטה שטיחים בטעם תותי פרוטי 220 גרם,ליימן מותגים,,יוגטה שטיחים תותי פר,גרמים,220.00,100 גרם,false,1,7.30,3.32,true,1,
8690504081913,false,מקוויטיס טינס מצופה שוקולד חלב 150 גרם,שוורצקוף& הנקל דיסלד,TR,מקוויטיס טינס מצופה,גרמים,150.00,100 גרם,false,1,11.40,7.60,true,1,
8690504081920,false,מקוויטיס טינס מצופה שוקולד מריר 150 גרם,"אולקר ביסקווי סנאי, א.ס.",,מקוויטיס טינס מצופה,גרמים,150.00,100 גרם,false,1,11.40,7.60,true,1,
8690504081937,false,מקוויטיס טינס שוקולד חלב וקפוצינו 150 גר,שוורצקוף& הנקל דיסלד,,מקוויטיס טינס שוקולד,גרמים,150.00,100 גרם,false,1,11.40,7.60,true,1,
8690504153740,false,גודייבה שוקולד מריר במילוי קרם גנאש 86 גרם,ביסקוט ביסקווי סילבר,TR,שוקולד מריר גודייבה,גרמים,86.00,100 גרם,false,1,14.90,17.33,true,1,
8690504153849,false,גודייבה שוקולד חלב במילוי קרם בטעם פרלין אגוזים 83 גרם,"אולקר מקבוצת פלאדיס,",TR,שוקולד חלב גודייבה ק,גרמים,83.00,100 גרם,false,1,14.90,17.95,true,1,
8690526009278,false,אי טי אי - חטיף קרמל מצופה שוקולד וחלב כדורוני דגנים 126 גרם,"GIDA ETI , טורקיה n\",TR,מארז חטיפי מיני קרמל,גרמים,126.00,100 גרם,false,1,9.90,7.86,true,1,
8690526009308,false,אי טי אי - חטיף קוקוס מצופה שוקולד חלב וכדורוני דגנים 126 גרם,eti gida sanayi,TR,מארז חטיפי מיני קוקו,גרמים,126.00,100 גרם,false,1,9.90,7.86,true,1,
8690526019185,false,אי טי אי - וופל במילוי קרם שוקולד חלב 142 גרם,מולינו ניקולי s.p.a,TR,וופל במילוי קרם שוקו,יחידה,1.00,יחידה,false,1,7.90,7.90,true,1,
8690526029191,false,אי טי אי - מיני וופל במילוי קרם אגוזים וחתיכות בוטנים 140 גרם,"GIDA ETI , טורקיה n\",TR,מיני וופל קרם אגוזים,גרמים,140.00,100 גרם,false,1,11.90,8.50,true,1,
8690526029238,false,אתי מארז וופלים במילוי שוקולד מריר 50גרם,"GIDA ETI , טורקיה n\",TR,וופל בציפוי ש.מריר ו,גרמים,150.00,100 גרם,false,1,9.90,6.60,true,1,
8690526039206,false,אי טי אי - מיני וופל במילוי קרם קקאו וחתיכות בוטנים 140 גרם,"GIDA ETI , טורקיה n\",TR,מיני וופל קרם קקאו ו,גרמים,140.00,100 גרם,false,1,11.90,8.50,true,1,
8690529525218,false,"שבבי סבון טבעי לוונדר לכביסה דאלאן 1 ק""ג",,TR,שבבי סבון טבעי לוונד,גרמים,1000.00,100 גרם,false,1,29.90,2.99,true,1,
8690530015043,false,סלפאק מגבות מטבח שישיה 3 שכבות,איפק,,נייר מגבת סלפאק 3 שכ,מטרים,64.00,מטר,false,1,19.90,0.31,true,1,
8690530016514,false,מפיות סלפאק 2 שכבות 75 יח',,,מפיות סלפאק 75 יח,Unknown,0.00,Unknown,false,1,9.90,9.90,true,1,
8690530029330,false,מפיות קולקשן מודפס 20 יח' סלפק,,,מפיות סלפאק מעוצבות,Unknown,0.00,Unknown,false,1,8.50,8.50,true,1,
8690530032866,false,מפיות סלפאק קומפורט חד שכבתיות 100,,,קומפורט מפיות סלפאק,יחידה,1.00,יחידה,false,1,7.90,7.90,true,1,
8690530036444,false,נייר מגבות ג'מבו סלפאק קומפורט 2 שכבות 1=6,,,קומפורט נייר מגבת גמ,יחידה,1.00,יחידה,false,1,13.50,13.50,true,1,
8690530036741,false,ממחטות נייר סלפאק 3 שכבות 48 יח,,TR,ממחטות נייר סלפאק 3,Unknown,0.00,Unknown,false,1,7.90,7.90,true,1,
8690530274471,false,נייר טואלט סלפאק קומפורט 2 שכבות 32 גל,איפק קג'יט,,נ.טואלט סלפאק קומפור,מטרים,614.00,מטר,false,1,39.90,0.06,true,1,
8690530284463,false,נייר טואלט 3 שכבות 32 גלילים סלפאק,איפק קג'יט,,נייר טואלט סלפאק 3 ש,מטרים,537.00,מטר,false,1,49.90,0.09,true,1,
8690530324930,false,נייר טואלט דו שכבתי 32 גליל SILEN,איפק,TR,נייר טואלט סילאן 2 ש,מטרים,576.00,מטר,false,1,34.90,0.06,true,1,
8690572783931,false,"פה - דאודורנט ספריי לגבר אינוויזיבל פאוואר 200 מ""ל",שוורצקופף והנקל,,דאו פה ספריי אינביזי,מיליליטרים,200.00,"100 מ""ל",false,1,15.30,7.65,true,1,
8690637073373,false,תה ארל גריי בטעם ברגמוט ליפטון 25 שקיקים,יונילוור - תורכיה,,תה ארל גריי - 25 סרו,Unknown,0.00,Unknown,false,1,10.30,10.30,true,1,
8690637073434,false,תה ליפטון ארל גריי 100 שקיקים,ליפטון Lipton,,תה ארל גריי 100 שקיק,גרמים,200.00,100 גרם,false,1,28.90,14.45,true,1,
8690637504426,false,"קרם ניקוי סיף בניחוח לימון 500 מ""ל",יוניליוור סנאיי וי טיקאר,TR,קרם ניקוי סיף בניחוח,יחידה,1.00,יחידה,false,1,14.60,14.60,true,1,
8690637505607,false,מרכך כביסה מרוכז בדין אקסטרה בניחוח פינוק כחול,יוניליוור סנאיי וי טיקאר,,מרכך כביסה בדין פינו,מיליליטרים,960.00,"100 מ""ל",false,1,15.90,1.66,true,1,
8690637555084,false,"מרכך כביסה מרוכז אקסטרה פריחת התפוז בדין 960 מ""ל",יוניליוור סנאיי וי טיקאר,,מרכך כביסה בדין אקסט,מיליליטרים,960.00,"100 מ""ל",false,1,15.90,1.66,true,1,
8690637704291,false,שמפו לשיקום אינטנסיבי לשיער פגום,יוניליוור טורקיה. אז,,"דאב שמפו משקם 600 מ""",מיליליטרים,600.00,"100 מ""ל",false,1,20.80,3.47,true,1,
8690637704376,false,"שמפו לטיפוח יום יומי דאב 600 מ""ל",יוניליוור סנאיי וי טיקאר,,דאב שמפו יום יומי 60,מיליליטרים,600.00,"100 מ""ל",false,1,20.80,3.47,true,1,
8690637704413,false,מרכך לשיקום אינטנסיבי לשיער פגום,יוניליוור טורקיה. אז,,"דאב מרכך משקם 600 מ""",מיליליטרים,600.00,"100 מ""ל",false,1,20.80,3.47,true,1,
8690637835643,false,"תה ירוק לימונית ולאויזה 30 גרם ""ליפטון""",יונילוור - תורכיה,,תה ירוק לואיז הולימו,Unknown,0.00,Unknown,false,1,20.90,20.90,true,1,
8690637842399,false,מאגדת מגנום מיני דאבל פרי יער שוקולד 6 יח' נסטלה,יוניליוור סנאי וי סי,,מאגדת מיני מגנום,גרמים,379.00,100 גרם,false,1,29.90,7.89,true,1,
8690637858734,false,ג'ל לניקוי כללי בתוספת אקונומיקה בניחוח לימון,סיף פנטסטיק Cif Fantastic,IL,גל לנ.כללי סיף אקונו,מיליליטרים,750.00,"100 מ""ל",false,1,16.70,2.23,true,1,
8690637858758,false,ג'ל לניקוי כללי בתוספת אקונומיקה בניחוח אורנים,סיף פנטסטיק Cif Fantastic,IL,גל לנ.כללי סיף אקונו,מיליליטרים,750.00,"100 מ""ל",false,1,16.70,2.23,true,1,
8690637865596,false,תחליב רחצה לניקוי וטיפוח עור הידיים,קוסטר אירוסול ולף סנ,TR,סבון ידיים דאב הזנה,מיליליטרים,500.00,"100 מ""ל",false,1,19.80,3.96,true,1,
8690637866654,false,תה ירוק קלאסי ליפטון 50 שקיקים 75ג',יוניליוור מזון,TR,תה ירוק קלאסי 50 מעט,Unknown,0.00,Unknown,false,1,32.90,32.90,true,1,
8690637871108,false,הלמנ'ס ממרח חרדל 250 גרם,יוניליוור,,ממרח חרדל הלמנס 250,גרמים,250.00,100 גרם,false,1,15.60,6.24,true,1,
8690637871245,false,הלמנס מיונז אמיתי 395 גר' בקבוק לחיץ.,"בסטפוד - 3P ארה""ב Fo",TR,מיונז אמיתי הלמנס לח,גרמים,395.00,100 גרם,false,1,14.90,3.77,true,1,
8690637890666,false,מאגדת מגנום מיני דאבל פיסטוק 6 יח' שטראוס,יוניליוור סנאיי וי ט,IL,מאגדת מיני מגנום דאב,גרמים,282.00,100 גרם,false,1,29.90,10.60,true,1,
8690637946301,false,"בדין - מרכך כביסה אקסטרא בייביי כחול 960 מ""ל",יוניליוור סנאיי וי טיקאר,TR,מרכך כביסה בדין אקסט,מיליליטרים,960.00,"100 מ""ל",false,1,15.90,1.66,true,1,
8690637946318,false,"מרכך כביסה בדין מרוכז אקסטרה בייבי טלק 960 מ""ל",יוניליוור סנאיי וי טיקאר,TR,מרכך כביסה בדין אקסט,מיליליטרים,960.00,"100 מ""ל",false,1,15.90,1.66,true,1,
8690637971310,false,"מרכך כביסה מרוכז אקסטרה בניחוח יערת הדבש בדין 960 מ""ל",יוניליוור סנאיי וי טיקאר,TR,מרכך כביסה בדין אקסט,מיליליטרים,960.00,"100 מ""ל",false,1,15.90,1.66,true,1,
8690637976995,false,"מרכך כביסה מרוכז אקסטרה ורוד סחלבים פראי בדין 960 מ""ל",יוניליוור סנאיי וי טיקאר,TR,מרכך כביסה בדין אקסט,מיליליטרים,960.00,"100 מ""ל",false,1,15.90,1.66,true,1,
8690637977794,false,תחליב רחצה לידיים בניחוח חמאת שיאה ווניל,קוסטר אירוסול ולף סנ,TR,סבון ידיים דאב חמאת,מיליליטרים,500.00,"100 מ""ל",false,1,19.80,3.96,true,1,
8690637987564,false,"דאב שמפו למניעת קשקשים 600 מ""ל",יונילוור - תורכיה,TR,דאב שמפו למניעת קשקש,מיליליטרים,600.00,"100 מ""ל",false,1,20.80,3.47,true,1,
8690637989612,false,שלגון שמנת בטעם וניל עם ריפל בטעם שוקולד 246 גרם,יונילוור סנאיי וי טיג'\,,מאגדת מיני מגנום דול,גרמים,282.00,100 גרם,false,1,29.90,10.60,true,1,
8690734354412,false,ספוגיות מתכת סקוטש ברייט אל חלד 2 יח,3m,,ספוגיות מתכת סקוטש ב,Unknown,0.00,Unknown,false,1,8.90,8.90,true,1,
8690766156367,false,גודייבה שוקולד חלב מעולה 90 גרם,"אולקר מקבוצת פלאדיס,",TR,שוקולד חלב גודייבה מ,גרמים,90.00,100 גרם,false,1,14.90,16.56,true,1,
8690766156374,false,גודייבה שוקולד מריר מעולה 72% מוצקי קקאו 72גרם,"אולקר מקבוצת פלאדיס,",TR,שוקולד מריר 72% גודי,גרמים,90.00,100 גרם,false,1,14.90,16.56,true,1,
8690766156381,false,גודייבה שוקולד מריר 90% מוצקי קקאו 90 גרם,"אולקר מקבוצת פלאדיס,",TR,שוקולד מריר 90% גודי,גרמים,90.00,100 גרם,false,1,14.90,16.56,true,1,
8690777203012,false,פלפלים ירוקים כבושים לא חריפים סרה ויליפוד 600 גרם,יוליניבר,,פלפל ירוק כבוש לא חר,גרמים,600.00,100 גרם,false,1,11.90,1.98,true,1,
8690777204071,false,פלפלים כבושים חריפים סרה 320 גרם,יוליניבר,,פלפל חריף 640 גרם SE,גרמים,640.00,100 גרם,false,1,15.60,2.44,true,1,
8690777206051,false,חציל קלוי על האש סרה ויליפוד 650 גרם,קוראהן פזלרמה וי דיס,,חצילים קלויים על האש,גרמים,650.00,100 גרם,false,1,11.90,1.83,true,1,
8690777221405,false,פלפל אדום קלוי סרה ויליפוד 650 גרם,קוראהן פזלרמה וי דיס,,פלפל אדום קלויים על,גרמים,650.00,100 גרם,false,1,11.90,1.83,true,1,
8690784516440,false,דאק נוזל לניקוי מתקדם בניחוח לבנדה בודד 750מל,"אס.סי.ג'\ונסון מידרכט, ה",,נוזל גל דאק בניחוח ל,מיליליטרים,750.00,"100 מ""ל",false,1,12.90,1.72,true,1,
8690784614665,false,סבון דאק לניקוי אסלה בניחוח ים נתלה,דאופלור אס פי אי כונ,,סבון מוצק לניקוי אסל,Unknown,0.00,Unknown,false,1,9.90,9.90,true,1,
8690784616775,false,סבון מוצק לאסלה דאק אקווה בלו 4 ב-1 80 ג,טואלט דאק (ג'ונסון),RS,סבון מוצק לאסלה דאק,גרמים,80.00,100 גרם,false,1,10.90,13.63,true,1,
8690792016512,false,ריבת פטל שחור 45% פרי 700 גר GULSAN,,TR,ריבת פטל שחור 45% פר,גרמים,700.00,100 גרם,false,1,19.90,2.84,true,1,
8690792027808,false,ריבת משמש 45% פרי 700 גר GULSAN,,TR,ריבת משמש 45% פרי 70,גרמים,700.00,100 גרם,false,1,19.90,2.84,true,1,
8690799020192,false,ממתק צורקחלה 80 גר,בוזטופרק גידה סאנאי,,ממתק 80 גר CHURCHKHE,Unknown,0.00,Unknown,false,1,7.90,7.90,true,1,
8690799021595,false,"ריבת תות שדה בזכוכית 1 ק""ג BEST QUALITY",בוזטופרק גידה סאנאי,TR,ריבת תות שדה בזכוכית,גרמים,1000.00,100 גרם,false,1,20.80,2.08,true,1,
8690799022875,false,"ריבת שזיפים בזכוכית 1 ק""ג BEST QUALITY",בוזטופרק גידה סאנאי,TR,ריבת שזיפים בזכוכית,קילוגרמים,0.00,"ק""ג",false,1,20.80,20.80,true,1,
8691058141238,false,ערמונים שלמים קלויים וקלופים 100 ג' Avel,,,ערמונים שלמים קלויים,גרמים,100.00,100 גרם,false,1,5.80,5.80,true,1,
8691351103001,false,טורקיש דילייט פירות 300 גרם,,TR,טורקיש דילייט פירות,גרמים,300.00,100 גרם,false,0,12.90,4.30,true,1,
8691351103018,false,טורקיש דילייט מי ורדים ולימון 300 גרם,,TR,טורקיש דילייט מי ורד,גרמים,300.00,100 גרם,false,0,12.90,4.30,true,1,
8691351103025,false,טורקיש דילייט פיסטוק 300 גרם,,TR,טורקיש דילייט פיסטוק,גרמים,300.00,100 גרם,false,0,18.90,6.30,true,1,
8691351103032,false,טורקיש דילייט אגוזים 300 גרם,,TR,טורקיש דילייט אגוזים,גרמים,300.00,100 גרם,false,0,15.90,5.30,true,1,
8691351103117,false,טורקיש דילייט מי ורדים 125 גרם,,TR,טורקיש דילייט מי ורד,גרמים,125.00,100 גרם,false,1,9.90,7.92,true,1,
8691351103650,false,נוגט עם שקדים ופירות אקזוטיים 100 גרם,,TR,נוגט עם שקדים ופירות,גרמים,100.00,100 גרם,false,1,10.90,10.90,true,1,
8691351103667,false,נוגט עם שקדים וחמוציות 100 גרם,,TR,נוגט עם שקדים וחמוצי,גרמים,100.00,100 גרם,false,1,10.90,10.90,true,1,
8693323085100,false,גומי יוגטה שטיחים חמוצים טעם פירות 100 ג,יוגטה yogueta,TR,גומי יוגטה שטיחים חמ,גרמים,100.00,100 גרם,false,1,5.60,5.60,true,1,
8693323099107,false,מרשמלו לבבות בטעם תות ווניל,ליימן שליסל,,מרשמלו יוגטה לבבות 1,גרמים,150.00,100 גרם,false,1,9.60,6.40,true,1,
8693357052062,false,פלורה אגרטל כדורי 12,,,פלורה אגרטל כדורי 12,Unknown,0.00,Unknown,false,1,13.80,13.80,true,1,
8693357341166,false,גסטרו בוטיק קערית הג,,,גסטרו בוטיק קערית הג,Unknown,0.00,Unknown,false,1,5.90,5.90,true,1,
8693357341180,false,גסטרו בוטיק קערית הג,,,גסטרו בוטיק קערית הג,Unknown,0.00,Unknown,false,1,5.90,5.90,true,1,
8693495050333,false,"פלמוליב סבון נוזלי לגבר לימון ירוק 500 מ""ל",קולגייט-פלמוליב,,סבון נוזלי לגבר לימו,מיליליטרים,500.00,"100 מ""ל",false,1,18.80,3.76,true,1,
8693638984723,false,"קונפיטורה תות שדה פרוטה 1 ק""ג",,TR,קונפיטורה תות שדה פר,גרמים,1000.00,100 גרם,false,1,20.80,2.08,true,1,
8693638984730,false,"קונפיטורה מישמש פרוטה 1 ק""ג",,TR,קונפיטורה מישמש פרוט,גרמים,1000.00,100 גרם,false,1,20.80,2.08,true,1,
8693638984754,false,"קונפיטורה דובדובנים פרוטה 1 ק""ג",,TR,קונפיטורה דובדובנים,גרמים,1000.00,100 גרם,false,1,20.80,2.08,true,1,
8694686405857,false,מיטו מזון לחתול 1 קג,,,מיטו מזון לחתול 1 קג,Unknown,0.00,Unknown,false,1,21.90,21.90,true,1,
8697418280104,false,עלי טורטייה 1.1 קג,,,עלי טורטייה 30 יח,קילוגרמים,0.00,"ק""ג",false,1,35.50,35.50,true,1,
8697418280333,false,שערות קדאיף מיובשות 500 גרם,פרינסיס און וה אונלו,,שערות קדאיף מיובשות,גרמים,500.00,100 גרם,false,1,21.90,4.38,true,1,
8697418280487,false,עלי טורטייה קמח תירס 20 סמ 540 ג LAVALIA,פרינסיס און וה אונלו,,עלי טורטייה קמח תירס,גרמים,540.00,100 גרם,false,1,26.50,4.91,true,1,
8697419747316,false,גליז גומי פירות יער 180 גרם,,,גליז גומי פירות יער,גרמים,180.00,100 גרם,false,1,9.90,5.50,true,1,
8697419747323,false,גליז מיני דרופס 180 גרם,,,גליז מיני דרופס 180,גרמים,180.00,100 גרם,false,1,9.90,5.50,true,1,
8697419747378,false,גליז גומי כוכבים מצופה 180 גרם,,,גליז גומי כוכבים מצו,גרמים,180.00,100 גרם,false,1,9.90,5.50,true,1,
8697419747385,false,גליז גומי כובעים מצופה 180 גרם,,,גליז גומי כובעים מצו,גרמים,180.00,100 גרם,false,1,9.90,5.50,true,1,
8697420500375,false,מיץ תפוחים אורגני גרין פילד 1 ליטר,פרימור,TR,מיץ תפוחים אורגני 1,מיליליטרים,1000.00,"100 מ""ל",false,1,16.50,1.65,true,1,
8697431460064,false,קונפיטורה משמש 70% פרי פרופה 454 גר',פרוטנגו Fruitango,,קונפיטורה 70% פרי מש,גרמים,450.00,100 גרם,false,1,17.70,3.93,true,1,
8697431921701,false,קונפיטורה תות שדה 70% פרי פרופה 454 גר',פרוטנגו Fruitango,,קונפיטורה 70% תות שד,גרמים,450.00,100 גרם,false,1,17.70,3.93,true,1,
8697431921718,false,קונפיטורה דובדבן חמוץ 70% פרי פרופה 454 גר',פרוטנגו Fruitango,,קונפיטורה 70% דובדבן,גרמים,454.00,100 גרם,false,1,17.70,3.90,true,1,
8697530910743,false,סיגריות פאל מאל כחול קצר מטאליק,Unknown,,פאל מאל כחול קצר האו,Unknown,0.00,Unknown,false,1,30.00,30.00,true,1,
8697530910750,false,סיגריות פאל מאל כחול ארוך האוס,Unknown,,פאל מאל כחול ארוך הא,Unknown,0.00,Unknown,false,1,30.00,30.00,true,1,
8697530910781,false,סיגריות פאל מאל אדום מטאליק,גלוברנדס,,פאל מאל אדום האוס חפ,Unknown,0.00,Unknown,false,1,30.00,30.00,true,1,
8697659225186,false,"מטהר אוויר משב הכותנה יעקבי 250 מ""ל",כפרי בריא,,מטהר אוויר משב הכותנ,מיליליטרים,250.00,"100 מ""ל",false,1,15.90,6.36,true,1,
8697659229825,false,מילוי למטהר אוויר וניל וסחלב,יעקובי,IL,פרש&מור - מילוי למטה,Unknown,1.00,Unknown,false,1,10.90,10.90,true,1,
8697659230821,false,מ.אוויר פרש אנד מור פטל ורדין וסוכריות75,יעקובי,TR,מ.אוויר פרח הפלא פטל,Unknown,0.00,Unknown,false,1,25.90,25.90,true,1,
8697659230838,false,מ.אוויר פרש אנד מור אוכמניות קוקוס ונענע,,TR,מ.אוויר פרח הפלא אוכ,Unknown,0.00,Unknown,false,1,25.90,25.90,true,1,
8697659238100,false,"מטהר אוויר פרש& מור הכוכב הסגול 400 מ""ל",,TR,מטהר אוויר פרש& מור,מיליליטרים,400.00,"100 מ""ל",false,1,21.90,5.48,true,1,
8697659238117,false,"מטהר אוויר פרש& מור הכוכב הצהוב 400 מ""ל",יעקובי,TR,מטהר אוויר פרש& מור,מיליליטרים,400.00,"100 מ""ל",false,1,21.90,5.48,true,1,
8697659238124,false,"מטהר אוויר פרש& מור הכוכב האדום 400 מ""ל",יעקובי,TR,מטהר אוויר פרש& מור,מיליליטרים,400.00,"100 מ""ל",false,1,21.90,5.48,true,1,
8697659243197,false,מטהר אוויר פרחי אביב פרש & מור 300 מ''ל,רלוי,,פרש&מור מטהר אוויר פ,יחידה,1.00,יחידה,false,1,11.90,11.90,true,1,
8697826469092,false,טורטיה קטנה שקדיה 540 גרם 12 יחידות,דין שיווק,,טורטיה קטנה 12 יחיד,גרמים,540.00,100 גרם,false,1,9.90,1.83,true,1,
8710252130647,false,הבלה בלגיה-קונוס לגלידה 14יח 175 גר,,,הבלה בלגיה-קונוס לגל,גרמים,175.00,100 גרם,false,1,16.90,9.66,true,1,
8710252138599,false,הבלה בלגיה-קעריות ופל לגלידה וקינוח 100ג,,,הבלה בלגיה-קעריות ופ,גרמים,100.00,100 גרם,false,1,19.90,19.90,true,1,
8710418111213,false,עוגיות חמאה ברינק ספריטס הולנדי 400 גרם,CONTINENTAL BAKERIES,,עוגיות חמאה ברינק ספ,גרמים,400.00,100 גרם,false,1,11.40,2.85,true,1,
8710428016355,false,פדיאשור השלמה תזונתית בטעם שוקולד 400 גר,אבוט מעבדות רפואיות,ES,פדיאשור קומפליט שוקו,גרמים,400.00,100 גרם,false,1,39.90,9.98,true,1,
8710447211052,false,טרזמה בוטניק שמפו להזנה ושיקום 400 מל,יוניליוור פולין,PL,שמפו טרזמה בוטניק 40,מיליליטרים,400.00,"100 מ""ל",false,1,19.90,4.98,true,1,
8710447224311,false,מרכך בוטניק בתוספת שמן קוקוס ואלוורה,יוניליוור פולין,PL,מרכך טרזמה בוטניק 40,מיליליטרים,400.00,"100 מ""ל",false,1,19.90,4.98,true,1,
8710448580089,false,מיונז אמיתי הולנדי 500מל,רמייה,,"מיונז הולנדי 500 מ""ל",גרמים,500.00,100 גרם,false,1,14.60,2.92,true,1,
8710448595175,false,רוטב ברביקיו ט.מעושן450מ,רמייה,,"רוטב מעושן 450 מ""ל B",מיליליטרים,450.00,"100 מ""ל",false,1,18.90,4.20,true,1,
8710448595182,false,"רוטב ברביקיו מעושן דבש 500 מ""ל DALTON",רמייה,NL,רוטב ברביקיו מעושן ד,מיליליטרים,500.00,"100 מ""ל",false,1,18.90,3.78,true,1,
8710448634331,false,מיונז ללא ביצים טבעוני רמייה 350 גר,רמייה,NL,מיונז ללא ביצים טבעו,גרמים,350.00,100 גרם,false,1,11.90,3.40,true,1,
8710448638131,false,מיונז גאודסמופחת שומ,,,מיו לחיץ 750 גרם,גרמים,750.00,100 גרם,false,1,19.90,2.65,true,1,
8710502060021,false,מרבה פטיסרי עוגיות מאפין רכות 210 גרם,"מרבה בע""\מ",NL,מרבה פטיסרי עוגיות מ,גרמים,210.00,100 גרם,false,1,10.90,5.19,true,1,
8710502064814,false,עוגיות מרבה שוקולד ציפס במרקם רך 175 גר,בנקטבקריי מרבה בי.וי,,עוגיות מרבה שוקולד צ,גרמים,175.00,100 גרם,false,1,8.90,5.09,true,1,
8710502100864,false,עוגיות מרבה פטיסרי דאבל שוקולד 200 גרם,"מרבה בע""\מ",NL,מרבה פטיסרי עוגיות ד,גרמים,200.00,100 גרם,false,1,10.90,5.45,true,1,
8710502194801,false,"עוגיות שוקלד ציפס רכה פירות יער ""מרבה"" 175 גרם",בנקטבקריי מרבה בי.וי,,מרבה עוגיות שוקולד צ,גרמים,175.00,100 גרם,false,1,8.90,5.09,true,1,
8710502231018,false,מרבה עוגיות מיני שוקולד צ'יפס 175 גרם,"מרבה בע""\מ",,עוגיות מרבה שוקולד צ,גרמים,175.00,100 גרם,false,1,10.90,6.23,true,1,
8710502279003,false,עוגיות שוקולד צ'יפס מצופות 49% 180 ג' מרבה פטיסרי,"מרבה בע""\מ",NL,מרבה פטיסרי עוגיות ש,גרמים,180.00,100 גרם,false,1,10.90,6.06,true,1,
8710502279010,false,מרבה עוגיות שוקולד צ'יפס מצופות שוקולד 175 גרם,"י.מרבה ישראל בע""מ",,עוגיות מרבה שוקולד צ,גרמים,175.00,100 גרם,false,1,8.90,5.09,true,1,
8710502470028,false,עוגיות שוקולד צ'יפס ממולאות בקרם נוגט,קריניציה ויטמינה אס,,עוגיות מרבה נוגטלי 1,גרמים,160.00,100 גרם,false,1,8.90,5.56,true,1,
8710502470035,false,עוגיות נוגטלי במילוי קרם אגוזים 200 ג' מרבה פטיסרי,"מרבה בע""\מ",NL,מרבה פטיסרי עוגיות נ,גרמים,200.00,100 גרם,false,1,10.90,5.45,true,1,
8710552274614,false,שמפו קצף לנ.שטיחים וניש קליה גולד 600 מל,קליה וניש Kalia Vanish,IT,שמפו קצף לנ.שטיחים ו,מיליליטרים,600.00,"100 מ""ל",false,1,26.90,4.48,true,1,
8710625282164,false,"קוקטייל פור טו פינה קולדה 700 מ""ל",באוולנד,,"קוקטייל פור 2 700 מ""",מיליליטרים,700.00,"100 מ""ל",false,1,58.90,8.41,true,1,
8710679158385,false,"ציפס פריטס קלאסי 2.5 ק""ג",,,"ציפס קלאסי 2.5 ק""ג",קילוגרמים,0.00,"ק""ג",false,1,44.90,44.90,true,1,
8710732228918,false,מצת לסיגריה cricket יח,MATCH SWEDISH,,מצת קריקט,Unknown,0.00,Unknown,false,1,6.70,6.70,true,1,
8710812011102,false,ריבת תות שדה ביתית 450 גרם,,,ריבת תות שדה ביתית 4,גרמים,450.00,100 גרם,false,1,12.40,2.76,true,1,
8710847942693,false,טרזמה מרכך לשיער יבש שמן המפ 400 מל,יוניליוור,PL,מרכך טרזמה לשיער יבש,מיליליטרים,400.00,"100 מ""ל",false,1,19.90,4.98,true,1,
8710908326691,false,"תחליב רחצה פרח האדמונית דאב 750 מ""ל",יוניליוור גרמניה (בו,,תחליב רחצה דאב אדמו,מיליליטרים,750.00,"100 מ""ל",false,1,15.00,2.00,true,1,
8710998477464,false,הלר סוכריות קשות פירות בצנצנת 300 גרם,,DE,הלר סוכריות קשות פיר,גרמים,300.00,100 גרם,false,1,21.90,7.30,true,1,
8711000371183,false,ג'ייקובס קפסולות קפה אספרסו אינטסו עוצמה 10,ג'ייקובס דאו אגברטס צרפת,FR,קפסולות קפה אספרסו א,גרמים,52.00,100 גרם,false,1,16.90,32.50,true,1,
8711000371206,false,ג'ייקובס קפסולות קפה אספרסו ריסטרטו עוצמה 12,ג'ייקובס דאו אגברטס צרפת,FR,קפסולות קפה אספרסו ר,גרמים,52.00,100 גרם,false,1,16.90,32.50,true,1,
8711000371244,false,"ג'ייקובס קפסולות אספרסו (8) 10 יח', 52ג' לונגו",ג'\ייקובס דאו אגברטס,FR,קפסולות קפה אספרסו ל,גרמים,52.00,100 גרם,false,1,16.90,32.50,true,1,
8711000472040,false,קפסולות קפה אספרסו סלקשיין גייקובס 52 גר,ג'ייקובס Jacobs,FR,קפסולות קפה אספרסו ס,גרמים,52.00,100 גרם,false,1,16.90,32.50,true,1,
8711200443802,false,"חרדל דיזון בבקבוק לחיץ 235 מ""ל",מיילי,,חרדל דיזון בבקבוק לח,מיליליטרים,235.00,"100 מ""ל",false,1,15.90,6.77,true,1,
8711281023344,false,חרדל הולנדי מקורי חלק קרמי 335 גרם,מוסטאד מולן דה האוסמ,,חרדל הולנדי מקורי חל,גרמים,335.00,100 גרם,false,1,15.90,4.75,true,1,
8711327422162,false,"מיונז לציפס לחיץ קאלווה 430 מ""ל",,NL,מיונז לציפס לחיץ קאל,מיליליטרים,430.00,"100 מ""ל",false,1,18.90,4.40,true,1,
8711327475762,false,מגנום פיינט שוקולד לבן עוגיות 260 גרם,"מפעל גלידות בווספרם, רחו",IL,מגנום שוקולד לבן,גרמים,302.00,100 גרם,false,1,23.90,7.91,true,1,
8712000050146,false,"בירה היינקן 0% אלכוהול בקבוק 330 מ""ל","מבשלת היינקן, ריטבלד",,בירה היינקן 0.0% אלכ,מיליליטרים,330.00,"100 מ""ל",false,1,5.90,1.79,true,1,
8712000051099,false,"בירה היינקן 0.0 , ללא אלכוהול מארז שישייה","מבשלת היינקן, ריטבלדנברג",,שישיית בירה היינקן 0,מיליליטרים,1980.00,"100 מ""ל",false,1,32.90,1.66,true,1,
8712100739231,false,תה פיגי 40שקיקים פרמ,,,תה בשקיות פירמיד,גרמים,125.00,100 גרם,false,1,21.90,17.52,true,1,
8712400802512,false,תרכובת מזון המשך לפעוטות על בסיס חלב שלב 2,נוטרישיה קאלק ב. ו.,,נוטרילון מבית נוטריש,גרמים,800.00,100 גרם,false,1,64.90,8.11,true,1,
8712400802536,false,תרכובת מזון המשך לפעוטות על בסיס חלב שלב 3,נוטרישיה קאלק ב. ו.,,נוטרילון מבית נוטריש,גרמים,800.00,100 גרם,false,1,64.90,8.11,true,1,
8712561594240,false,"דאב תחליב רחצה להזנה עמוקה500 מ""ל-מרכז","יוניליוור גרמניה, Gmbh &",,דאב תחליב רחצה להזנה,מיליליטרים,500.00,"100 מ""ל",false,1,19.80,3.96,true,1,
8712561594608,false,"דאב תחליב רחיצה להזנה עמוקה 750 מ""ל","יוניליוור גרמניה, Gmbh &",,תחליב רחצה דאב להזנה,מיליליטרים,750.00,"100 מ""ל",false,1,15.00,2.00,true,1,
8712561611411,false,"תחליב רחצה בניחוח מלפפון ותה ירוק דאב 750 מ""ל","יוניליוור גרמניה, Gmbh &",,תחליב רחצה דאב תה יר,מיליליטרים,750.00,"100 מ""ל",false,1,15.00,2.00,true,1,
8713499045156,false,גאודה כמון הולנדית במשקל,,,גאודה כמון הולנדית ב,Unknown,0.00,"ק""ג",true,0,115.00,115.00,true,1,
8713501034406,false,גאודה שום הולנדית במשקל,,,גאודה שום הולנדית,Unknown,0.00,"ק""ג",true,0,121.00,121.00,true,1,
8713600288182,false,לוק או לוק ציפס 115 גרם,,NL,לוק או לוק ציפס 115,Unknown,115.00,Unknown,false,1,19.90,0.17,true,1,
8713600637577,false,לוק או לוק זר פרחים 145 גרם,,NL,לוק או לוק זר פרחים,גרמים,145.00,100 גרם,false,1,34.90,24.07,true,1,
8714100616963,false,"ליפטון אייס תה מוגז 330 מ""ל",,BE,ליפטון אייס תה מוגז,מיליליטרים,330.00,"100 מ""ל",false,1,5.00,1.52,true,1,
8714599104316,false,ג'ייקובס קפה שחור קלוי וטחון טורקי 200 גרם,אל.אל.סי ג'\ייקובס דאו א,RU,קפה שחור קלוי וטחון,גרמים,200.00,100 גרם,false,1,15.60,7.80,true,1,
8714599410530,false,גייקובס קרונינג שקית רפיל 200 גרם,ג'יי.די.אי.,,גייקובס קרונינג שקית,גרמים,200.00,100 גרם,false,1,19.90,9.95,true,1,
8714599410806,false,ג'ייקובס קרוננג מיובש בהקפאה 160 גרם סגירה חוזרת,ג'ייקובס Jacobs,,קפה גייקובס קרונונג,גרמים,160.00,100 גרם,false,1,19.90,12.44,true,1,
8714599412220,false,ג'ייקובס וולווט קפה נמס מיובש בהקפאה 95 גרם,אל.אל.סי ג'\ייקובס דאו א,RU,גייקובס וולווט קפה נ,גרמים,95.00,100 גרם,false,1,16.70,17.58,true,1,
8714599412336,false,קפה נמס בריסטה אמריקנו קלוי וטחון 160 ג' ג'ייקובס,ג'\ייקובס דאו אגברטס רוס,,גיקובס בריסטה אמריקנ,גרמים,160.00,100 גרם,false,1,26.90,16.81,true,1,
8714599513781,false,"קפה נמס מיובש בהקפאה זהב צנצנת ג'ייקובס 200 גרם לל""ס",אל.אל. סי ג''יקובס דאו א,,גיקובס גולד מיובש בה,גרמים,200.00,100 גרם,false,1,25.90,12.95,true,1,
8714599513835,false,גי'קובס קרונונג נייט אנד דיי - נטול קופיאין,ג'ייקובס Jacobs,,קפה גיקובס קרונונג נ,גרמים,200.00,100 גרם,false,1,34.90,17.45,true,1,
8714599513866,false,"קפה נמס מיובש בהקפאה קרונג צנצנת ג'ייקובס 200 גרם לל""ס",אל.אל.סי גייקובס דאו,,גיקובס קרונונג מיובש,גרמים,200.00,100 גרם,false,1,26.90,13.45,true,1,
8714789177229,false,רבעיית מברשות שיניים קולגייט אקסטרה קלין 1 יחידה,הנסיך- מפעל לייצור ט,,רביעיית מברשות שיניי,Unknown,0.00,Unknown,false,1,9.90,9.90,true,1,
8714789450315,false,פלמוליב נוזל כלים לימון 1.5 ליטר,הנסיך- מפעל לייצור ט,,פלמוליב נוזל כלים לי,ליטרים,0.00,ליטר,false,1,17.70,17.70,true,1,
8714789797786,false,"פלמוליב נוזל לניקוי כלים גריז בלסטר 750 מ""ל",יבואן ומשווק: ש. שסט,,פלמוליב כלים 4 ב-1,מיליליטרים,750.00,"100 מ""ל",false,1,11.90,1.59,true,1,
8714789834467,false,פלמוליב נוזל לניקוי כלים קלאסי 1.5 ליטר,קולגייט פלמוליב,,פלמוליב נוזל כלים,ליטרים,0.00,ליטר,false,1,17.70,17.70,true,1,
8714789930848,false,"משחת שיניים אופטיק וייט הלבנה מיידית קולגייט 75 מ""ל",הנסיך- מפעל לייצור ט,,קולגייט משחת אופטיק,Unknown,0.00,Unknown,false,1,19.90,19.90,true,1,
8714800004114,false,"בירה 8.6 אורגינל 500 מ""ל פחית",בווריה,,בירה 8.6 אורגינל 500,מיליליטרים,500.00,"100 מ""ל",false,1,8.50,1.70,true,1,
8714800011426,false,משקה מאלט בוואריה 0% אורגינל 500 מל,,NL,משקה מאלט בוואריה 0%,מיליליטרים,500.00,"100 מ""ל",false,1,5.50,1.10,true,1,
8714800021395,false,"בירה 8.6 גולד 500 מ""ל פחית",בווריה,,"בירה 8.6 גולד 500 מ""",מיליליטרים,500.00,"100 מ""ל",false,1,8.50,1.70,true,1,
8714800023399,false,שישיית בווריה 0% אלכוהול אורגינל 330 מל,בוואריה,,שישיית בווריה 0% אלכ,מיליליטרים,1980.00,"100 מ""ל",false,1,29.90,1.51,true,1,
8714800025348,false,"בירה הולנדיה 12% חזקה מאוד 500 מ""ל פחית",בווריה,,בירה הולנדיה 12% חזק,מיליליטרים,500.00,"100 מ""ל",false,1,8.50,1.70,true,1,
8714800025898,false,"בירה 8.6 בלק חזקה 500 מ""ל פחית",בווריה,,בירה 8.6 בלק חזקה 50,מיליליטרים,500.00,"100 מ""ל",false,1,8.50,1.70,true,1,
8714800034548,false,"בירה חבשה 5% 330 מ""ל",,NL,"בירה חבשה 5% 330 מ""",מיליליטרים,330.00,"100 מ""ל",false,1,7.00,2.12,true,1,
8714800041645,false,"בירה 8.6 אקסטרים חזקה מאוד 500 מ""ל פחית",בווריה,,בירה 8.6 אקסטרים חזק,מיליליטרים,500.00,"100 מ""ל",false,1,8.50,1.70,true,1,
8714800043182,false,"בירה 8.6 איי.פי.אל 500 מ""ל פחית",בווריה,,בירה 8.6 איי.פי.אל,מיליליטרים,500.00,"100 מ""ל",false,1,8.50,1.70,true,1,
8715300238306,false,פריקו חמאה ללא מלח 200 גרם,פריזלנד קמפינה,,חמאה פריקו הולנד ללא,גרמים,200.00,100 גרם,false,1,13.90,6.95,true,1,
8715675121012,false,דרוסטה שוקולד חלב (כחול) 85 גרם,,NL,דרוסטה שוקולד חלב (כ,גרמים,85.00,100 גרם,false,1,8.90,10.47,true,1,
8715675121029,false,דרוסטה שוקולד מריר (אדום) 85 גרם,,NL,דרוסטה שוקולד מריר (,גרמים,85.00,100 גרם,false,1,8.90,10.47,true,1,
8715675121036,false,דרוסטה שוקולד חלב מריר (ורוד) 85 גרם,,NL,דרוסטה שוקולד חלב,גרמים,85.00,100 גרם,false,1,8.90,10.47,true,1,
8715675121043,false,דרוסטה - שוקולד חלב ושוקולד לבן 85 גרם,,NL,דרוסטה שוקולד חלב לב,גרמים,85.00,100 גרם,false,1,8.90,10.47,true,1,
8715675121074,false,דרוסטה שוקולד חלב תפוז (כתום) 85 גרם,,NL,דרוסטה שוקולד חלב תפ,גרמים,85.00,100 גרם,false,1,8.90,10.47,true,1,
8715675121081,false,דרוסטה שוקולד מריר מנטה (ירוק) 85 גרם,,NL,דרוסטה שוקולד מריר מ,גרמים,85.00,100 גרם,false,1,8.90,10.47,true,1,
8715675121098,false,דרוסטה שוקולד חלב קרמל ומלח ים 85 גר,,NL,דרוסטה שוקולד חלב קר,גרמים,85.00,100 גרם,false,1,8.90,10.47,true,1,
8715700110141,false,מיונז קרמי היינץ צנצנת 460ג',ה.י.היינץ הולדינג בי.וי,,מיונז בצנצנת היינץ 4,גרמים,460.00,100 גרם,false,1,11.90,2.59,true,1,
8715700110158,false,היינץ ממרח במרקם קרמי צנצנת 490 גרם,ה.י.היינץ הולדינג בי.וי,,מיונז לייט בצנצנת הי,גרמים,490.00,100 גרם,false,1,11.90,2.43,true,1,
8715700115641,false,ממרח מיונז לחיץ לייט במרקם קרמי 420 ג' היינץ,"פודליצקי ספ.ז.או.או,.",NL,ממרח קרמי לחיץ לייט,גרמים,420.00,100 גרם,false,1,14.90,3.55,true,1,
8715700115849,false,מתבל עגבניות היינץ1.35קג,היינץ,,"מתבל עגבניות 1.35 ק""",קילוגרמים,0.00,"ק""ג",false,1,21.90,21.90,true,1,
8715700117805,false,"קטשופ היינץ מתבל עגבניות ללא תוספת סוכר ומלח 425 מ""ל","ה.י היינץ הולדינג בי.וי,",NL,"מתבל עגבניות ללת""ס ו",מיליליטרים,425.00,"100 מ""ל",false,1,10.90,2.56,true,1,
8715700120874,false,מתבל עגבניות היינץ בתוספת שום,ה.י.היינץ הולדינג בי.וי,NL,קטשופ שום היינץ 460,גרמים,460.00,100 גרם,false,1,10.40,2.26,true,1,
8715700419695,false,רוטב ברביקיו מתוק היינץ 500 גרם,היינץ Heinz,,רוטב ברביקיו מתוק 50,גרמים,500.00,100 גרם,false,1,17.90,3.58,true,1,
8715700419732,false,היינץ מתבל עגבניות 700 גרם,ה.י. היינץ,,מתבל היינץ 700 גרם,גרמים,700.00,100 גרם,false,1,11.90,1.70,true,1,
8715700421322,false,היינץ רוטב ברביקיו צ'ילי 490 גרם,היינץ Heinz,,רוטב ברביקיו צילי,גרמים,490.00,100 גרם,false,1,17.90,3.65,true,1,
8715700422473,false,ממרח לכריכים וסלטים ללא ח. משמרים היינץ 395 גרם,ה.י. היינץ,,מיונז לחיץ היינץ 395,גרמים,395.00,100 גרם,false,1,14.90,3.77,true,1,
8715700423906,false,היינץ מתבל עגבניות מופחת סוכר ומלח 50/50 550 גרם,היינץ צפון אמריקה מק,,מתבל עגבניות מופחת נ,גרמים,555.00,100 גרם,false,1,11.50,2.07,true,1,
8716000968951,false,"ליקר בולס אדבוקט ליקר ביצים 700 מ""ל",קוימנס רויאל,IT,בולס אדבוקט ליקר ביצ,מיליליטרים,500.00,"100 מ""ל",false,1,72.90,14.58,true,1,
8716605000742,false,גבינה מעושנת 200 גרם,,,גבינה מעושנת 200 גרם,גרמים,200.00,100 גרם,false,1,26.50,13.25,true,1,
8716605000995,false,גבינה מסדאם הולנדית במשקל,,,גבינה מסדאם הולנדית,Unknown,0.00,"ק""ג",true,0,80.00,80.00,true,1,
8716605001022,false,גבינת דניש בלו 100 גר,,,גבינת דניש בלו 100 ג,גרמים,100.00,100 גרם,false,1,14.20,14.20,true,1,
8717163647226,false,"אקס דאודורנט ספריי גוף בלאק 150 מ""ל",ארנסט. רחוב קומבינצק,GB,דאו אקס ספריי גוף לג,מיליליטרים,150.00,"100 מ""ל",false,1,20.90,13.93,true,1,
8717163647264,false,"אקס דאודורנט ספריי גוף אייס צ'יל 150 מ""ל",יוניליוור אנגליה,GB,דאו אקס ספרי גוף לגב,מיליליטרים,150.00,"100 מ""ל",false,1,20.90,13.93,true,1,
8717163655764,false,"רקסונה - דאודורנט ספריי לאישה שוואר פרש 150 מ""ל","קוסטר אירוסול, גבזה 4140",GB,דאו רקסונה ספריי שאו,מיליליטרים,150.00,"100 מ""ל",false,1,20.90,13.93,true,1,
8717163658314,false,תחליב רחצה מים מיסלריים היפואלרגני לעור רגיש,יוניליוור גרמניה Gmbh &,DE,ת.רחצה דאב מי מיסלרי,מיליליטרים,500.00,"100 מ""ל",false,1,18.90,3.78,true,1,
8717163714850,false,"דאו דאב ספריי קוקוס ויסמין 150 מ""ל","קוסטר אירוסול, גבזה 4140",GB,דאו דאב ספריי קוקוס,מיליליטרים,150.00,"100 מ""ל",false,1,17.70,11.80,true,1,
8717163947692,false,"אקס ג'ל רחצה לגבר פרש ברגמוט ופינק פפר 400 מ""ל","יוניליוור גרמניה, רח",GB,גל רחצה אקס פינק פפר,מיליליטרים,400.00,"100 מ""ל",false,1,16.30,4.08,true,1,
8717472073099,false,חטיף חלבון שוקולד קרמל 55 גרם,,,חטיף חלבון שוקולד קר,גרמים,55.00,100 גרם,false,1,17.90,32.55,true,1,
8717472073112,false,חטיף חלבון שוקולד לבן 55 גרם,,,חטיף חלבון שוקולד לב,גרמים,55.00,100 גרם,false,1,17.90,32.55,true,1,
8717677333936,false,טוני שוקולונלי שוקולד חלב נוגט 180 גרם,,NL,טוני שוקולונלי שוקול,מיליליטרים,180.00,"100 מ""ל",false,1,20.90,11.61,true,1,
8717677334094,false,טוני שוקולונלי שוקולד חלב 180 גרם,,NL,טוני שוקולונלי שוקול,מיליליטרים,180.00,"100 מ""ל",false,1,20.90,11.61,true,1,
8717677334117,false,טוני שוקולונלי שוקולד מריר 70% 180 גרם,,NL,טוני שוקולונלי שוקול,מיליליטרים,180.00,"100 מ""ל",false,1,20.90,11.61,true,1,
8717677334667,false,טוני שוקולונלי שוקולד חלב קרמל מלח 180 ג,,NL,טוני שוקולונלי שוקול,מיליליטרים,180.00,"100 מ""ל",false,1,20.90,11.61,true,1,
8717677336722,false,טוני שוקולונלי ש.מריר שקדים ומלח ים 180ג,,NL,טוני שוקולונלי ש.מרי,מיליליטרים,180.00,"100 מ""ל",false,1,20.90,11.61,true,1,
8717677337828,false,טוני שוקולונלי ש.לבן פטל וסוכריות 180 גר,,NL,טוני שוקולונלי ש.לבן,מיליליטרים,180.00,"100 מ""ל",false,1,20.90,11.61,true,1,
8717677338610,false,טוני שוקולונלי שוקולד בייגלה טופ 180 ג,,NL,טוני שוקולונלי שוקול,מיליליטרים,180.00,"100 מ""ל",false,1,20.90,11.61,true,1,
8718114734484,false,*מבצע* מיונז מאיי 32,יונילבר צרפת,,מיונז מייל 320 גרם,גרמים,320.00,100 גרם,false,1,13.90,4.34,true,1,
8718692610828,false,בקבוקים צבעוניים סודה סטרים 1 ל' * 3 יח',סודהסטרים sodastream,,שלישיית בקבוקים 1 לי,Unknown,0.00,Unknown,false,1,61.60,61.60,true,1,
8718692611979,false,"סירופ דיאט פירות יער סודה פטל, 500 מ""ל",סודה סטרים,,סירופ סודה סטרים דיא,מיליליטרים,5000.00,"100 מ""ל",false,1,22.90,0.46,true,1,
8718692619456,false,בר משקאות ספיריט לבן+ בקבוק 1 ל' ומיכל הגזה 60 ל',סודהסטרים sodastream,,מכשיר הגזה ספיריט לב,Unknown,0.00,Unknown,false,1,566.50,566.50,true,1,
8718700495515,false,גבינת צ'דר פרוס 150ג',,NL,צדר פרוס 150 גרם,גרמים,150.00,100 גרם,false,0,8.30,5.53,true,1,
8718700495522,false,גבינת גאודה פרוס 150ג',,NL,גאודה פרוס 150 גרם,גרמים,150.00,100 גרם,false,0,8.30,5.53,true,1,
8718700495539,false,אמנטל פרוס 150 גרם,,NL,אמנטל פרוס 150 גרם,גרמים,150.00,100 גרם,false,0,8.30,5.53,true,1,
8718951030169,false,"קולגייט סנסיטיב הלבנה המסייעת בהגנה לשיניים רגישות 75 מ""ל",קולגייט Colgate,PL,מש.שיניים קולגייט סנ,מיליליטרים,75.00,"100 מ""ל",false,1,20.90,27.87,true,1,
8718951030206,false,"קולגייט סנסיטיב פרוטקשן משחת שיניים לשיניים רגישות 75 מ""ל",קולגייט פלמוליב,PL,מש.שיניים קולגייט,מיליליטרים,75.00,"100 מ""ל",false,1,20.90,27.87,true,1,
8718951144064,false,מרידול מברשת שיניים פרודונט אקספרט זוג,"ש. שסטוביץ בע""\מ",,מברשת שיניים פרדונט,Unknown,0.00,Unknown,false,1,41.90,41.90,true,1,
8718951166288,false,"משחת שיניים קולגייט מקס וייט 125 מ""ל",הנסיך- מפעל לייצור ט,PL,משחת שיניים קולגייט,מיליליטרים,125.00,"100 מ""ל",false,1,17.90,14.32,true,1,
8718951166561,false,משחת שיניים לרעננות מוגברת max fresh cooling crystals,הנסיך- מפעל לייצור ט,PL,קולגייט משחה מקס פרש,מיליליטרים,125.00,"100 מ""ל",false,1,17.90,14.32,true,1,
8718951175631,false,מש.שיניים קולגייט טוטל פרו גאם אקשן 75מל,קולגייט Colgate,PL,מש.שיניים קולגייט טו,מיליליטרים,75.00,"100 מ""ל",false,1,16.90,22.53,true,1,
8718951236790,false,"קולגייט טוטאל משחת שיניים קלין מינט לפה בריא 100 מ""ל",קולגייט פלמוליב,PL,מש.שיניים קולגייט טו,מיליליטרים,100.00,"100 מ""ל",false,1,16.90,16.90,true,1,
8718951236806,false,"קולגייט טוטאל הלבנה משחת שיניים המסייעת בהסרת כתמים 100 מ""ל",קולגייט Colgate,PL,קולגייט טוטל הלבנה,מיליליטרים,100.00,"100 מ""ל",false,1,16.90,16.90,true,1,
8718951236813,false,"קולגייט טוטאל משחת שיניים ניקוי מתקדם לפה בריא יותר 100 מ""ל",קולגייט פלמוליב,PL,מש.שיניים קולגייט טו,מיליליטרים,100.00,"100 מ""ל",false,1,16.90,16.90,true,1,
8718951240742,false,"קולגייט טוטאל משחת שיניים פסים מרעננים 100 מ""ל",קולגייט פלמוליב,PL,מש.שיניים קולגייט טו,מיליליטרים,100.00,"100 מ""ל",false,1,16.90,16.90,true,1,
8718951264618,false,"קולגייט אופטיק וייט פחם צ'רקול משחת שיניים, 75 מ""ל",קולגייט פלמוליב,PL,משחת שיניים קולגייט,מיליליטרים,75.00,"100 מ""ל",false,1,24.90,33.20,true,1,
8718951313927,false,"סבון ידיים משאבה פלמוליב חימר טונוס 300 מ""ל",פלמוליב Palmolive,IL,סבון ידיים פלמוליב ח,מיליליטרים,300.00,"100 מ""ל",false,1,12.50,4.17,true,1,
8718951314023,false,פלמוליב נטורלס תחליב רחצה אפרסק 750 מל,קולגייט פלמוליב,,סבון נוזלי פלמוליב א,מיליליטרים,750.00,"100 מ""ל",false,1,19.90,2.65,true,1,
8718951319806,false,פלמוליב לגבר גל רחצה ושמפו מרענן 750 משא,פלמוליב Palmolive,TR,גל רחצה ושמפו פלמולי,מיליליטרים,750.00,"100 מ""ל",false,1,19.90,2.65,true,1,
8718951333048,false,"פלמוליב סבון לידיים למטבח, 300 מ""ל",הנסיך- מפעל לייצור ט,,פלמוליב סבון ידיים ל,מיליליטרים,300.00,"100 מ""ל",false,1,12.50,4.17,true,1,
8718951334090,false,"מרכך כביסה מרוכז כחול 650 מ""ל סופלין",סופלין Soupline,GR,מרכך כביסה סופלין מר,מיליליטרים,650.00,"100 מ""ל",false,1,11.90,1.83,true,1,
8718951354807,false,נוזל רצפות אגקס חגיגת הפרחים יסמין 1.5 ל,קולגייט פלמוליב,GR,נוזל רצפות אגקס חגיג,ליטרים,0.00,ליטר,false,1,22.90,22.90,true,1,
8718951370135,false,"סבון נוזלי ארומה סנסיישן גלואו 750 מ""ל פלמוליב",קולגייט פלמוליב,TR,ס.נוזלי פלמוליב ארומ,מיליליטרים,750.00,"100 מ""ל",false,1,19.90,2.65,true,1,
8718951381292,false,"משחת שיניים מקס דיטוקס פואם קולגייט 125 מ""ל",קולגייט Colgate,PL,משחת שיניים קולגייט,מיליליטרים,125.00,"100 מ""ל",false,1,17.90,14.32,true,1,
8718951382787,false,"משחת שיניים אופטיק וויט חימר ומינרלים 75 מ""ל קולגייט",קולגייט Colgate,,קולגייט משחת אופטיק,מיליליטרים,75.00,"100 מ""ל",false,1,24.90,33.20,true,1,
8718951385290,false,נוזל לניקוי כללי ורצפות אג'קס 2 ליטר,קולגייט פלמוליב,GR,אגקס ניקוי כללי עוצמ,ליטרים,0.00,ליטר,false,1,26.50,26.50,true,1,
8718951409798,false,זוג מברשות שיניים מקס וויט פחם קולגייט,הנסיך- מפעל לייצור ט,CN,מברשת שיניים קולגייט,Unknown,0.00,Unknown,false,1,22.90,22.90,true,1,
8718951428492,false,"ג'ל רחצה לגבר 4 ב -1 מועשר בפחם פלמוליב 750 מ""ל",CP - Turkey+60,,פלמוליב סבון רחצה לג,מיליליטרים,750.00,"100 מ""ל",false,1,19.90,2.65,true,1,
8718951428522,false,"פלמוליב סבון רחצה לגבר 4 ב-1 המפ 750 מ""ל",CP - Turkey+60,,גל רחצה פלמוליב לגבר,מיליליטרים,750.00,"100 מ""ל",false,1,19.90,2.65,true,1,
8718951431614,false,"סבון רחצה פלמוליב סו פירם מינרלים משאבה 750 מ""ל",קולגייט פלמוליב,,פלמוליב סבון נוזלי ס,מיליליטרים,750.00,"100 מ""ל",false,1,19.90,2.65,true,1,
8718951466371,false,"משחת שיניים מרידול 75 מ""ל",קולגייט פלמוליב,,משחת שיניים מרידול,Unknown,0.00,Unknown,false,1,22.90,22.90,true,1,
8718951477384,false,"קולגייט משחת שיניים טוטאל ג'ל מתקדם פיור 75 מ""ל",קולגייט פלמוליב,,משחת שיניים קולגייט,מיליליטרים,75.00,"100 מ""ל",false,1,21.90,29.20,true,1,
8718951509627,false,"קולגייט אופטיק וייט לאוהבי קפה ותה משחת שיניים 75 מ""ל",קולגייט פלמוליב,PL,קולגייט אופטיק וויט,מיליליטרים,75.00,"100 מ""ל",false,1,24.90,33.20,true,1,
8719128110363,false,סירופ סודה סטרים אשכולית אדומה 0.5 ל,סודה סטרים,,סירופ סודה סטרים אשכ,מיליליטרים,5000.00,"100 מ""ל",false,1,22.90,0.46,true,1,
8719128110387,false,סירופ סודה סטרים דיאט אשכולית אדומה 0.5ל,סודה סטרים,,סירופ סודה סטרים דיא,מיליליטרים,5000.00,"100 מ""ל",false,1,22.90,0.46,true,1,
8719128117249,false,"סירופ פפסי מקס 440 מ""ל סודהסטרים",סודה סטרים,,סירופ פפסי מקס,מיליליטרים,440.00,"100 מ""ל",false,1,22.90,5.20,true,1,
8719128117256,false,"סירופ סבן אפ 440 מ""ל סודהסטרים",סודה סטרים,,"סירופ סבן אפ 400 מ""ל",מיליליטרים,440.00,"100 מ""ל",false,1,22.90,5.20,true,1,
8719128117294,false,"סירופ דייט סבן אפ 440 מ""ל סודהסטרים",סודה סטרים,,סירופ דיאט סבן אפ,מיליליטרים,440.00,"100 מ""ל",false,1,22.90,5.20,true,1,
8719200997998,false,מרגרינה למריחה בישול וטיגון 200 ג' בלו בנד,אתר חיפה מרגרינה - F,,בלובנד לבישול וטיגון,גרמים,200.00,100 גרם,false,1,5.00,2.50,true,1,
8719200998001,false,מרגרינה לאפיה ובישול בלי מלח 200 ג' בלו בנד,יוניליוור ישראל מזון בע\,IL,בלובנד בלי מלח 200 ג,גרמים,200.00,100 גרם,false,1,5.10,2.55,true,1,
8719200998018,false,מחמאה מרגרינה בטעם חמאה בלובנד 200 גרם,"מיוצר ע""\י יוניליוור ישר",IL,מחמאה מרגרינה,גרמים,200.00,100 גרם,false,1,5.40,2.70,true,1,
8719956490637,false,טוני שוקולונלי שוקולד ביסקוויט קינמן 180,,NL,טוני שוקולונלי שוקול,מיליליטרים,180.00,"100 מ""ל",false,1,20.90,11.61,true,1,
8719956492068,false,טוני שוקולונלי ש.חלב עוגיות ציפס 180 ג,,,טוני שוקולונלי ש.חלב,מיליליטרים,180.00,"100 מ""ל",false,1,20.90,11.61,true,1,
8719956493140,false,טוני שוקולונלי ש. חלב פקאן ובראוני 180ג,,,טוני שוקולונלי ש. חל,מיליליטרים,180.00,"100 מ""ל",false,1,20.90,11.61,true,1,
8719956496707,false,טוני שוקולונלי שוק. חלב ושבבי אגוזי 180ג,,,טוני שוקולונלי שוק.,מיליליטרים,180.00,"100 מ""ל",false,1,20.90,11.61,true,1,
8719956496721,false,טוני שוקולונלי שוקולד חלב וופל 180 גר,,,טוני שוקולונלי שוקול,מיליליטרים,180.00,"100 מ""ל",false,1,20.90,11.61,true,1,
8720100012445,false,וופל טוסט בלגי 6 יח 250 גרם בקרסלנד,דה בנקט גרופ,,וופל טוסט בלגי 6 יח,גרמים,250.00,100 גרם,false,1,13.90,5.56,true,1,
8720181045912,false,"אקס דאודורנט ספריי גוף אפריקה 150 מ""ל","יוניליוור אנגליה, דרך קו",,דאו אקס ספריי גוף אפ,מיליליטרים,150.00,"100 מ""ל",false,1,20.90,13.93,true,1,
8720181046605,false,דאב - דאודורנט ספריי לאישה אורגינל כחול 150מל,"יוניליוור אנגליה, דרך קו",,דאב דאודורנט ספריי א,מיליליטרים,150.00,"100 מ""ל",false,1,17.70,11.80,true,1,
8720181090219,false,תחליב רחצה רימונים ותמצית פרח היביסקוס,"יוניליוור גרמניה, Gmbh &",DE,תחליב רחצה דאב,מיליליטרים,780.00,"100 מ""ל",false,1,15.00,1.92,true,1,
8720181201332,false,דאב אל סבון מוצק גרגרים 90 גרם רביעייה,יוניליוור ישראל טיפוח אי,DE,דאב אל סבון מוצק גרג,גרמים,360.00,100 גרם,false,1,12.90,3.58,true,1,
8720182253156,false,דאב אל סבון מוצק מלפפונים 90 גרם רביעייה,יוניליוור ישראל טיפוח אי,DE,דאב אל סבון מוצק מלפ,גרמים,360.00,100 גרם,false,1,12.90,3.58,true,1,
8720182256850,false,דאב אל סבון מוצק קלאסי 90 גרם רביעייה,יוניליוור ישראל טיפוח אי,DE,דאב אל סבון מוצק קלא,גרמים,360.00,100 גרם,false,1,12.90,3.58,true,1,
8801043031011,false,נונגשים ראמאן-נודלס שין חריף בכוס 68 ג,,KR,נונגשים ראמאן-נודלס,גרמים,68.00,100 גרם,false,1,11.90,17.50,true,1,
8801043049566,false,נונגשים ראמאן-נודלס שין חריף בכוס 68 ג,,KR,נונגשים ראמאן-נודלס,גרמים,68.00,100 גרם,false,1,11.90,17.50,true,1,
8801043157759,false,נונגשים ראמאן-נודלס צמפונג פירות ים 120ג,,,נונגשים ראמאן-נודלס,גרמים,120.00,100 גרם,false,1,10.90,9.08,true,1,
8801055707966,false,קפה טייסטר צו'יס נס קפה בריסטה 180ג',לוטה נסטלה קוריאה,,נסקפה טייסטרס צויס ב,גרמים,180.00,100 גרם,false,1,29.80,16.56,true,1,
8801055708772,false,מארז טייסטרס צ'ויס 200 גרם+50 גר' מתנה,נסטלה קוריאה - קפה,KR,טייסטר צויס מארז 200,גרמים,250.00,100 גרם,false,1,29.80,11.92,true,1,
8801055709427,false,קפה נמס טסטר'ס צ'ויס אלטה ריקה 100 גרם,נסטלה קוריאה - קפה,KR,נסקפה טייסטרס צויס א,גרמים,100.00,100 גרם,false,1,23.90,23.90,true,1,
8801055709434,false,קפה נמס טייסטר צ'ויס קולומביה 100 גר',נסטלה קוריאה - קפה,KR,נסקפה טייסטרס צויס ק,גרמים,100.00,100 גרם,false,1,23.90,23.90,true,1,
8801055709458,false,אבקה להכנת משקה קפה בטעם קפוצ'ינו קרמל,לוטה נסטלה קוריאה,,נסקפה קפוצינו קרמל,גרמים,170.00,100 גרם,false,1,19.30,11.35,true,1,
8801055709465,false,אבקה להכנת משקה קפה בטעם קפוצ'ינו וניל,נסטלה קוריאה - קפה,,נסקפה קפוצינו וניל,גרמים,185.00,100 גרם,false,1,19.30,10.43,true,1,
8801055709472,false,נסטלה - נסקפה קפוצ'ינו קלאסי 12.50 גרם * 10,נסטלה קוריאה - קפה,,נסקפה קפוצינו קלאסי,גרמים,125.00,100 גרם,false,1,19.30,15.44,true,1,
8801055709489,false,אבקה להכנת משקה קפה בטעם קפוצ'ינו אגוזים,נסטלה קוריאה - קפה,,נסקפה קפוצינו אגוזים,גרמים,180.00,100 גרם,false,1,19.30,10.72,true,1,
8801055709526,false,אבקה להכנת משקה קפה בטעם קפוצ'ינו שוקולד לבן,נסטלה קוריאה - קפה,,נסקפה קפוצינו שוקולד,גרמים,180.00,100 גרם,false,1,19.30,10.72,true,1,
8850100004840,false,אטריות אורז חום 500 גרם,תאי פריסרבר,,אטריות אורז חום 500,גרמים,500.00,100 גרם,false,1,13.90,2.78,true,1,
8850161161247,false,קוקו מקס 100% מי קוקוס 1 ליטר,טויו סייקאן קו.אל.טי.די,TH,מי קוקוס קוקו מקס 1,מיליליטרים,1000.00,"100 מ""ל",false,1,16.90,1.69,true,1,
8850180040028,false,קמח טמפורה להכנת בלי,קרנחם אוטאי פחרה,,טמפורה 500 גרם GOGI,גרמים,500.00,100 גרם,false,1,11.40,2.28,true,1,
8850206250592,false,רוטב צ'ילי סריראצ'ה 540 גרם (מזרח ומערב),יאן וואל יון קו.לטד,,רוטב צ`ילי סיראצ`ה 5,גרמים,540.00,100 גרם,false,1,17.90,3.31,true,1,
8850367300266,false,תערובת חמשת תבלינים 50 גרם,Theppadungporn cocon,,תערובת חמשת תבלינים,Unknown,0.00,Unknown,false,1,11.50,11.50,true,1,
8850367990443,false,"רוטב לסלט בסגנון אסייאתי 285 מ""לTCC (כ)ללא גלוטן",c coconut Theppadungporn,,רוטב לסלט בסגנון אסי,מיליליטרים,285.00,"100 מ""ל",false,1,11.90,4.18,true,1,
8850367992164,false,קרם קוקוס 250 מל 20-22% ללא חומר משמר,טאפאדונגפורן קוקנט,,"קרם קוקוס 250 מ""ל 20",גרמים,250.00,100 גרם,false,1,8.40,3.36,true,1,
8850367994021,false,"רוטב צ'ילי מתוק ללא סוכר מזרח ומערב ללא גלוטן 280 מ""ל",c coconut Theppadungporn,,רוטב צילי מתוק ללא ס,מיליליטרים,280.00,"100 מ""ל",false,1,12.90,4.61,true,1,
8850367994793,false,מחית קארי צהובה 50 גרם,c coconut Theppadungporn,,מחית קארי צהובה 50 ג,גרמים,50.00,100 גרם,false,1,5.90,11.80,true,1,
8850389103111,false,סאפי משקה אלוורה בטעם ענבים 300מל,פארייפאבה אגרואינדוס,,משקה קל סאפה בטעם ענ,מיליליטרים,300.00,"100 מ""ל",false,1,8.90,2.97,true,1,
8850389103128,false,"משקה קל סאפה בטעם תפוח 300 מ""ל",פארייפאבה אגרואינדוס,,משקה קל סאפה בטעם תפ,מיליליטרים,300.00,"100 מ""ל",false,1,8.90,2.97,true,1,
8850389103159,false,"משקה ליצ'י עם חתיכות גלי קוקוס 320 מ""ל מוגו מוגו",סאפה פובליק קומפני לימיט,,מוגו מוגו ליצי עם חת,מיליליטרים,320.00,"100 מ""ל",false,1,8.20,2.56,true,1,
8850389104637,false,"משקה קל סאפה אלוורה אפרסק 300 מ""ל",פארייפאבה אגרואינדוס,,משקה קל סאפה אלוורה,מיליליטרים,300.00,"100 מ""ל",false,1,8.90,2.97,true,1,
8850389105825,false,משקה אלוורה בטעם ענבים סאפה 1 ליטר,סאפה פובליק קומפני לימיט,,סאפה אלוורה ענבים 1,מיליליטרים,1000.00,"100 מ""ל",false,1,14.90,1.49,true,1,
8850389105832,false,סאפה משקה אלוורה בטעם תפוח עם קוביות אלוורה 1 ליטר,סאפה פובליק קומפני לימיט,,סאפה אלוורה תפוחים 1,מיליליטרים,1000.00,"100 מ""ל",false,1,14.90,1.49,true,1,
8850389105849,false,סאפה משקה אלוורה מופחת קלוריות בטעם אפרסק 1 ליטר,סאפה פובליק קומפני לימיט,,סאפה אלוורה אפרסק 1,מיליליטרים,1000.00,"100 מ""ל",false,1,14.90,1.49,true,1,
8850389111352,false,"משקה מלון עם חתיכות גלי קוקוס 320 מ""ל מוגו מוגו",סאפה פובליק קומפני לימיט,,מוגו מוגו מלון עם חת,מיליליטרים,320.00,"100 מ""ל",false,1,8.20,2.56,true,1,
8850389115312,false,"סאפה אלוורה מלון בקבוק 300 מ""ל",סאפה פובליק קומפני ל,,משקה קל סאפה בטעם מל,מיליליטרים,300.00,"100 מ""ל",false,1,8.90,2.97,true,1,
8850632604259,false,"יוגטה, חיספוסים, ממתק חמוץ בצורת מקלות בטעם תות שדה,50 גרם",ג'נרל קנדי בעמ,,מקלות חספוסים יוגטה,גרמים,50.00,100 גרם,false,1,5.90,11.80,true,1,
8850632604266,false,"יוגטה, ממתק חמוץ בצורת מקלות בטעם קולה, 50 גרם",ג'נרל קנדי בעמ,,מקלות חספוסים יוגטה,Unknown,0.00,Unknown,false,1,5.90,5.90,true,1,
8850632604372,false,"יוגטה, חיספוסים בצורת שטיח בטעם תות שדה 50 גרם",ג'נרל קנדי בעמ,,שטיח חספוסים יוגטה,גרמים,50.00,100 גרם,false,1,5.90,11.80,true,1,
8850632604402,false,יוגטה חיספוסים בטעם מעורב תות שדה אבטיח ענבים בננה 50 גרם,"ג'נרל קנדי בע""מ",,שטיח חספוסים יוגטה,גרמים,50.00,100 גרם,false,1,5.90,11.80,true,1,
8850632605201,false,"יוגטה, חיספוסים, ממתק חמוץ בצורת שטיח, בטעם מעורב- תות בננה, תפוח, תפוז, 50 גרם",הדקלאים אגודת שיתופי,,שטיח חספוסים יוגטה,גרמים,50.00,100 גרם,false,1,5.90,11.80,true,1,
8850999008110,false,"סודה 325 מ""ל LEO",,,"סודה 325 מ""ל LEO",מיליליטרים,325.00,"100 מ""ל",false,1,4.90,1.51,true,1,
8851613101385,false,"חלב קוקוס ארוי-די קרטון 500מ""ל",תאי אגרי פוד פובליק קו'\,,"חלב קוקוס 500 מ""ל",מיליליטרים,500.00,"100 מ""ל",false,1,12.90,2.58,true,1,
8852633020403,false,פניני טפיוקה 500 גרם (כשר),Super J Internationa,,טפיוקה גרגרים 500 גר,גרמים,500.00,100 גרם,false,1,11.90,2.38,true,1,
8852633520408,false,סוכר דקלים 400 גרם SUP,Super J Internationa,,סוכר דקלים 400 גרם,גרמים,400.00,100 גרם,false,1,18.70,4.68,true,1,
8853662004020,false,"רוטב צילי מתוק 725 מ""ל EXOTIC",,,רוטב צילי מתוק 725 מ,מיליליטרים,725.00,"100 מ""ל",false,1,16.20,2.23,true,1,
8853662040400,false,"רוטב סויה 725 מ""ל EXOTIC",,,רוטב סויה EXOTIK,מיליליטרים,725.00,"100 מ""ל",false,1,13.90,1.92,true,1,
8853662056661,false,"רוטב סריראצ''ה מיו 455 מ""ל",EXOTIC FOOD PCL,,רוטב סריראצ`ה מיו 45,מיליליטרים,455.00,"100 מ""ל",false,1,29.50,6.48,true,1,
8853662057088,false,מחית קארי ירוק 400 גרם,,TH,מחית קארי ירוק 400 ג,גרמים,400.00,100 גרם,false,1,16.90,4.23,true,1,
8853662057095,false,מחית קארי אדום 400 גרם,,TH,מחית קארי אדום 400 ג,גרמים,400.00,100 גרם,false,1,16.90,4.23,true,1,
8854404000621,false,מחית קארי ירוק 70 גר' B.E,"בלו ספייס קו. בע""מ",TH,מחית קארי ירוק 70 גר,גרמים,70.00,100 גרם,false,1,13.50,19.29,true,1,
8854404001055,false,מחית קארי אדום 70 גר' B.E,"בלו ספייס קו. בע""מ",TH,מחית קארי אדום 70 גר,גרמים,70.00,100 גרם,false,1,13.50,19.29,true,1,
8854404005220,false,רוטב קארי אדום 300 גרם,"בלו ספייס קו. בע""מ",TH,רוטב קארי אדום 300 ג,גרמים,300.00,100 גרם,false,1,24.90,8.30,true,1,
8854404005237,false,רוטב קארי ירוק 300 גרם,"בלו ספייס קו. בע""מ",TH,רוטב קארי ירוק 300 ג,גרמים,300.00,100 גרם,false,1,24.90,8.30,true,1,
8854661001843,false,שרימפס בייבי 500 גרם קפוא,,,שרימפס בייבי 500 גרם,גרמים,500.00,100 גרם,false,1,34.50,6.90,true,1,
8854661002055,false,שרימפס 500 גר לא מקולף 31/40,,,שרימפס קפוא לא קלוף,גרמים,500.00,100 גרם,false,1,48.90,9.78,true,1,
8854661003212,false,בשר מולים מבושלים 500 גר,,,בשר מולים מבושלים 50,גרמים,500.00,100 גרם,false,1,26.50,5.30,true,1,
8854661003786,false,שרימפס מבושל עם ראש 500 גר,,,שרימפס מבושל עם ראש,גרמים,510.00,100 גרם,false,1,34.50,6.76,true,1,
8854661007012,false,"שרימפס מבושל מקולף 1 ק""ג קפוא",,,שרימפס מבושל מקולף,קילוגרמים,0.00,"ק""ג",false,1,83.50,83.50,true,1,
8854661009726,false,שרימפס טמפורה 300 גר,,,שרימפס טמפורה 300 גר,גרמים,300.00,100 גרם,false,1,35.50,11.83,true,1,
8855072002610,false,שרימפס מיובש 100 גר,טורקה,,שרימפס מיובש 90 גר,Unknown,0.00,Unknown,false,1,35.50,35.50,true,1,
8855301214432,false,סרדינים ברוטב עגבניות 240 גרם,גולדן פריזה קנינג,LT,סרדינים ברוטב עגבניו,גרמים,240.00,100 גרם,false,1,7.90,3.29,true,1,
8857106430499,false,"אטריות אורז עם אורז שחור לל""ג 250 גרם",,TH,אטריות אורז עם אורז,גרמים,250.00,100 גרם,false,1,9.90,3.96,true,1,
8858271002870,false,רוטב פאד תאי 250 מ'ל - מקסצ'אפ,"ייאן וואל יון בע""מ",,"רוטב פאד תאי 250 מ""ל",מיליליטרים,250.00,"100 מ""ל",false,1,11.90,4.76,true,1,
8858271002887,false,רוטב טריאקי 250 מ'ל - מקסצ'אפ,דאנינג יוה פודס קו,,"רוטב טרייאקי 250 מ""ל",מיליליטרים,250.00,"100 מ""ל",false,1,11.90,4.76,true,1,
8858271003020,false,רוטב סויה פורמולה 1 - 700 מ'ל מקסצ'אפ,יאן ונזל יון,,רוטב סויה פורמולה 1,מיליליטרים,700.00,"100 מ""ל",false,1,16.70,2.39,true,1,
8858271003044,false,רוטב סויה כהה פורמולה 5 700 גרם מקסצאפ,Yan Wal Yun Corpora,,רוטב סויה כהה פורמול,מיליליטרים,700.00,"100 מ""ל",false,1,15.90,2.27,true,1,
8858271003075,false,רוטב סויה מתוקה 700 מ'ל מקסצ'אפ,דאנינג יוה פודס קו,,רוטב סויה מתוקה 700,מיליליטרים,700.00,"100 מ""ל",false,1,16.90,2.41,true,1,
8858271003921,false,רוטב קארי אדום 250 מ'ל - מקסצ'אפ,יאן וואל יאן,,רוטב קארי אדום 250 מ,מיליליטרים,250.00,"100 מ""ל",false,1,11.90,4.76,true,1,
8858271004126,false,רוטב חמוץ מתוק 700 מ'ל - מקסצ'אפ,יאן ונזל יון,,רוטב חמוץ מתוק 700 ג,מיליליטרים,700.00,"100 מ""ל",false,1,15.90,2.27,true,1,
8858271004423,false,"רוטב טום ים 250 מ""ל מקסצ'אפ",Yan Wal Yun Corpora,,"רוטב טום יאם 250 מ""ל",מיליליטרים,250.00,"100 מ""ל",false,1,15.00,6.00,true,1,
8858271004799,false,"רוטב צילי מתוק אל פורפסיס 700 מ""ל",יאן ונזל יון,,רוטב צילי מתוק אל פו,מיליליטרים,700.00,"100 מ""ל",false,1,13.50,1.93,true,1,
8858271005499,false,"רוטב ברביקיו 250 מ""ל מקצ'אפ",Yan Wal Yun Corpora,,"רוטב ברביקיו 250 מ""ל",מיליליטרים,250.00,"100 מ""ל",false,1,13.50,5.40,true,1,
8858271005772,false,"רוטב סויה ללא גלוטן (תמרי)300 מ""ל (כ)",יאן ונזל יון,,רוטב סויה ללא גלוטן,מיליליטרים,300.00,"100 מ""ל",false,1,17.70,5.90,true,1,
8858359000255,false,עלי קפיר ליים יבשים 30 גר (שופרא),סופר גיי,,עלי קפיר ליים יבשים,גרמים,30.00,100 גרם,false,1,12.40,41.33,true,1,
8858671550063,false,טמפורה מתובלת בשום ופלפל שחור 500 גר,Malinee Food Product,,טמפורה מתובלת בשום ו,גרמים,500.00,100 גרם,false,1,11.90,2.38,true,1,
8859103400697,false,דג בברית צנינית צהובה מלוח מיובש 100 גר,,,דג בברית צנינית צהוב,גרמים,100.00,100 גרם,false,1,14.60,14.60,true,1,
8859103400734,false,דג צנינון מלוח מיובש 100 גר,,,דג צנינון מלוח מיובש,גרמים,100.00,100 גרם,false,1,14.60,14.60,true,1,
8859103401199,false,דג ברקודה מלוח מיובש 100 גר,,,דג ברקודה מלוח מיובש,גרמים,100.00,100 גרם,false,1,14.60,14.60,true,1,
8859103401342,false,דג חקליל ארנה 100 גרם,,,דג חקליל ארנה,גרמים,100.00,100 גרם,false,1,15.90,15.90,true,1,
8859103401984,false,דג צלופח מטוגן מלוח מיובש 100 גר,,TH,דג צלופח מטוגן מלוח,קילוגרמים,0.00,"ק""ג",false,1,13.90,13.90,true,1,
8886303210542,false,"קארה קרם קוקונט 17% 400 מ""ל",ג'ומון,,קארה קרם קוקונט 17%,מיליליטרים,400.00,"100 מ""ל",false,1,10.40,2.60,true,1,
8888021200256,false,סוללות אנרג'ייזר AA מקס 8 יחידות,יצרן: אנרג'ייזר סינג,,סוללות אנרגייזר שמי,Unknown,0.00,Unknown,false,1,29.50,29.50,true,1,
8888021200720,false,סוללות אנרג'ייזר AAA מקס 8 יחידות,יצרן: אנרג'ייזר סינג,,סוללות אנרגייזר שמי,Unknown,0.00,Unknown,false,1,29.50,29.50,true,1,
8888056700110,false,נודלס אינסטנט טעם ירקות קוקה 425 גרם,,SG,נודלס אינסטנט טעם יר,גרמים,425.00,100 גרם,false,1,21.90,5.15,true,1,
8888056701117,false,נודלס אינסטנט טעם עוף קוקה 425 גרם,,SG,נודלס אינסטנט טעם עו,גרמים,425.00,100 גרם,false,1,21.90,5.15,true,1,
8888056702220,false,נודלס אינסטנט טעם בקר קוקה 425 גרם,,,נודלס אינסטנט טעם בק,גרמים,425.00,100 גרם,false,1,21.90,5.15,true,1,
8888056706662,false,נודלס אינסטנט טעם פטריות קוקה 425 גרם,,,נודלס אינסטנט טעם פט,גרמים,425.00,100 גרם,false,1,21.90,5.15,true,1,
8901138500306,false,משחת שיניים איורודית עם פלואוריד מן הטבע,הימלאיה Himalaya,,משחת שיניים הימלאיה,גרמים,100.00,100 גרם,false,1,21.90,21.90,true,1,
8901138511616,false,הימלאיה סבון מלפפון לעור שמן,,,הימלאיה סבון מלפפון,Unknown,0.00,Unknown,false,1,14.90,14.90,true,1,
8901138825577,false,"משחת שיניים הימלאיה להגנה מושלמת 75 מ""ל",הימלאיה Himalaya,,משחת שיניים הימלאיה,מיליליטרים,75.00,"100 מ""ל",false,1,23.90,31.87,true,1,
8901138825591,false,"הימלאיה משחת שיניים מלבינה 75 מ""ל",הימלאיה Himalaya,,משחת שיניים הימלאיה,מיליליטרים,75.00,"100 מ""ל",false,1,23.90,31.87,true,1,
8901537024014,false,"אורז בסמטי מובחר 1 ק""ג - דוואט) יורה דיעה",הנסיך- מפעל לייצור ט,,אורז בסמטי מובחר,גרמים,1000.00,100 גרם,false,1,12.90,1.29,true,1,
8901537076679,false,"אורז בסמטי חום מהדרין ויליפוד 1 ק""ג",האי נאם סי או אל.טי.,,אורז בסמטי חום מלא ד,גרמים,1000.00,100 גרם,false,1,12.90,1.29,true,1,
8904018300249,false,יוניק- סבון טבעי איורודי מדימיקס 125 גרם,,,יוניק- סבון טבעי איו,גרמים,125.00,100 גרם,false,1,31.90,25.52,true,1,
8904180001333,false,רוטב מנגו צאטני מתוק 340 גרם,,,רוטב מנגו צאטני מתוק,גרמים,340.00,100 גרם,false,1,19.90,5.85,true,1,
8904180001340,false,מנגו צ'אטני חריף בנגלי 340 ג',אלמק פודס,,רוטב מנגו צאטני חריף,גרמים,340.00,100 גרם,false,1,19.90,5.85,true,1,
8904180001371,false,ממרח קארי רגה 300 גרם,,,ממרח קארי רגה 300 גר,גרמים,300.00,100 גרם,false,1,19.90,6.63,true,1,
8904180001487,false,רוטב טיקה מסאלה 250 גרם,,IN,רוטב טיקה מסאלה 250,גרמים,250.00,100 גרם,false,1,19.90,7.96,true,1,
8906000596999,false,"אורז בסמתי מלא 1ק""ג שוקחה",ציימן לאל סטיה,,אורז בסמטי מלא 1 קג,גרמים,1000.00,100 גרם,false,1,10.90,1.09,true,1,
8906064281763,false,עוגיות בטעם חמאה 340 גר COOKIES,,IN,עוגיות בטעם חמאה 340,גרמים,340.00,100 גרם,false,1,10.90,3.21,true,1,
8906118240388,false,קורנישונים כבושים קן,אנגל קמצ'ו אלימנטסיו,,קורנישונים כבושים קן,Unknown,1.00,Unknown,false,1,13.50,13.50,true,1,
8908000959361,false,קורנישונים כבושים בחומץ 680 גר,,,קורנישונים כבושים בח,גרמים,680.00,100 גרם,false,1,13.50,1.99,true,1,
8934878081866,false,"דפי אורז 22 ס""מ מרובעים 400 גרם TRAV",Chanh Khang Company,,"דפי אורז 22 ס""מ מרוב",גרמים,400.00,100 גרם,false,1,10.90,2.73,true,1,
8935083158008,false,קוקטייל פירות ים 500 גר,,,קוקטייל פירות ים 500,גרמים,500.00,100 גרם,false,1,31.50,6.30,true,1,
8935083158022,false,ראשי קלמרי 500 גרם קפוא,,,ראשי קלמרי 500 גרם,גרמים,500.00,100 גרם,false,1,33.50,6.70,true,1,
8935215401873,false,טבעות קלמרי 500 גר,,,קלמרי טבעות 500 גר,גרמים,500.00,100 גרם,false,1,34.90,6.98,true,1,
8936018435256,false,דג צנינון מלוח מיובש 100 גר IMERATOR,,VN,דג צנינון מלוח מיובש,גרמים,100.00,100 גרם,false,1,14.60,14.60,true,1,
8997206332016,false,סוכר קוקוס אורגני 454 גרם אינדונזיה,,,סוכר קוקוס אורגני 45,גרמים,454.00,100 גרם,false,1,21.90,4.82,true,1,
9000101329322,false,סבון אסלה בניחוח מתחלף תפוח נופר 50 ג' ברף,הנקל סוד,RS,ברף בניחוח מתחלף תפו,יחידה,1.00,יחידה,false,1,9.90,9.90,true,1,
9000101329742,false,סבון אסלה בניחוח מתחלף אפרסק תפוח 50 ג' ברף,הנקל סוד,RS,ברף בניחוח מתחלף אפר,יחידה,1.00,יחידה,false,1,9.90,9.90,true,1,
9000101372878,false,קפסולות דיסקס לניקוי כביסה לבנה וצבעונית Deep Clean,פרסיל Persil,HU,דיסקס פרסיל לכביסה ל,Unknown,0.00,Unknown,false,1,36.50,36.50,true,1,
9000101375268,false,ברף דלקס שלישייה ניחוח יסמין,הנקל,,ברף דלקס שלישייה ניח,Unknown,0.00,Unknown,false,1,19.90,19.90,true,1,
9000101380255,false,פרסיל דיסקס לכביסה ניקיון היגייני 22 יחידות,פרסיל Persil,HU,פרסיל דיסק ניקיון הג,Unknown,0.00,Unknown,false,1,36.50,36.50,true,1,
9000101418163,false,שלישיית סבון אסלה בניחוח מתחלף תפוח ירוק ברף,ברף Bref,RS,ברף בניחוח מתחלף תפו,יחידה,1.00,יחידה,false,1,19.90,19.90,true,1,
9000101509151,false,ברף - סבון אסלה ג'ל אוקיינוס הקרח הצפוני שלשות,הנקל,,ברף דלקס שלישייה ניח,Unknown,0.00,Unknown,false,1,19.90,19.90,true,1,
9000101520965,false,"סבון אסלה בניחוח מתחלף לוטוס עדין במבוק, 3 יחידות",ברף Bref,RS,ברף בניחוח מתחלף לוט,יחידה,1.00,יחידה,false,1,19.90,19.90,true,1,
9000101537550,false,פרסיל קאפסולות לכביסה לבנה וצבעונית 52 יח',הנקל סוד,,קפסולות פאוור קאפס פ,Unknown,0.00,Unknown,false,1,67.90,67.90,true,1,
9001148803103,false,שיני שום קלופות 170,חקלאי,,שום קלוף,Unknown,0.00,Unknown,false,1,14.90,14.90,true,1,
9001414041116,false,פלפל שחור מתחנה 36 גר KOTANYI,,RU,פלפל שחור מתחנה 36 ג,גרמים,36.00,100 גרם,false,1,14.90,41.39,true,1,
9001414041130,false,פלפל 4 סוגים מתחנה 35 גר KOTANYI,,RU,פלפל 4 סוגים מתחנה 3,גרמים,35.00,100 גרם,false,1,14.90,42.57,true,1,
9001414041758,false,פלפל ומלח ים מתחנה 65 גר KOTANYI,,RU,פלפל ומלח ים מתחנה 6,גרמים,65.00,100 גרם,false,1,14.90,22.92,true,1,
9001414043967,false,תבלין פלפלים מיקס מתחנה 35 גר KOTANYI,,RU,תבלין פלפלים מיקס מת,גרמים,35.00,100 גרם,false,1,14.90,42.57,true,1,
9002859033544,false,"גונץ- איס לוליס שלוקים 400 מ""ל",,DE,גונץ- איס לוליס שלוק,מיליליטרים,400.00,"100 מ""ל",false,1,8.90,2.23,true,1,
9002859037023,false,לקקנים בצילינדר 150 גרם גונץ,GUNZ WARENHANDELS,,לקקנים בצילינדר 150,גרמים,150.00,100 גרם,false,1,10.90,7.27,true,1,
9002859041242,false,גונץ שימורי חומוס 800 גרם,,IT,גונץ שימורי חומוס 80,גרמים,800.00,100 גרם,false,1,15.90,1.99,true,1,
9002859042409,false,גונץ שעועית אדומה 800 גרם,,IT,גונץ שעועית אדומה 80,גרמים,800.00,100 גרם,false,1,15.90,1.99,true,1,
9002859042799,false,גונץ - מוצרט כדורים בשקית 300 גר,GUNZ WARENHANDELS,,גונץ - מוצרט כדורים,גרמים,300.00,100 גרם,false,1,29.90,9.97,true,1,
9002859047145,false,משקה מוגז בטעם תפוח תות לילדים 750 מל,GUNZ WARENHANDELS,,משקה מוגז בטעם תפוח,Unknown,0.00,Unknown,false,1,24.90,24.90,true,1,
9002859050367,false,בובות סנטה קטנות בשקית 100 גר גונץ,GUNZ WARENHANDELS,,בובות סנטה קטנות בשק,גרמים,100.00,100 גרם,false,1,10.90,10.90,true,1,
9002859050381,false,מיקס סנטה גדול בשקית 100 גר גונץ,GUNZ WARENHANDELS,,מיקס סנטה גדול בשקית,גרמים,100.00,100 גרם,false,1,10.90,10.90,true,1,
9002859050596,false,טורטילה ציפס עם מלח 200 גר גנוץ,,AU,טורטילה ציפס עם מלח,גרמים,200.00,100 גרם,false,1,12.90,6.45,true,1,
9002859050725,false,תפזורת סנטה ברשת 100 גר גונץ,GUNZ WARENHANDELS,,תפזורת סנטה ברשת 10,גרמים,100.00,100 גרם,false,1,10.90,10.90,true,1,
9002859054099,false,גונץ- מוצרט משושה 300 גרם,GUNZ WARENHANDELS,,מוצרט משושה 300 גרם,גרמים,300.00,100 גרם,false,1,29.90,9.97,true,1,
9002859055560,false,בוגי-סוכריות בפחית בטעם דובדובן 200 גרם,GUNZ WARENHANDELS,,בוגי-סוכריות בפחית ב,גרמים,200.00,100 גרם,false,1,12.50,6.25,true,1,
9002859056963,false,אנשי שלג משוקולד ברשת 100 גר גונץ,GUNZ WARENHANDELS,,אנשי שלג משוקולד ברש,גרמים,100.00,100 גרם,false,1,10.90,10.90,true,1,
9002859058172,false,בונבוניירה בננה ציפוי שוקולד מריר 300 גר,GUNZ WARENHANDELS,,בונבוניירה בננה ציפו,גרמים,300.00,100 גרם,false,1,13.80,4.60,true,1,
9002859064708,false,בוגי - סוכריותפירות בצנצנת 300 גר,,,בוגי - סוכריותפירות,גרמים,300.00,100 גרם,false,1,18.30,6.10,true,1,
9002859066047,false,בוגי-סוכ'בפחית בטעם קפה 200 גרם 1/12(86105),GUNZ WARENHANDELS,,בוגי-סוכריות בפחית ב,גרמים,200.00,100 גרם,false,1,12.50,6.25,true,1,
9002859066894,false,גונץ - חטיף מרציפן מצופה שוקולד 100 גרם,Gunz,,גונץ - חטיף מרציפן מ,גרמים,100.00,100 גרם,false,1,10.40,10.40,true,1,
9002859067143,false,גונץ בונבוניירה אצבעות שוקולד מעורב 200 גרם,,,גונץ אצבעות שוקולד מ,גרמים,200.00,100 גרם,false,1,13.90,6.95,true,1,
9002859067907,false,גונץ עוגיות עם קרם בטעם וניל 380 גרם,Gunz,,גונץ עוגיות עם קרם ב,גרמים,380.00,100 גרם,false,1,19.50,5.13,true,1,
9002859079375,false,ווגי - לקריץ עגול תות שדה חמוץ 85 גרם,gunz,,ווגי - לקריץ עגול תו,גרמים,85.00,100 גרם,false,1,6.80,8.00,true,1,
9002859080753,false,שוקולד סנטה קלאוס 60 גרם,GUNZ WARENHANDELS,,שוקולד סנטה קלאוס 60,גרמים,60.00,100 גרם,false,1,5.90,9.83,true,1,
9002859080777,false,גונץ שוקולד לוח שנה קריסטמיס 75 גר,GUNZ WARENHANDELS,,גונץ שוקולד לוח שנה,גרמים,75.00,100 גרם,false,1,10.90,14.53,true,1,
9002859081590,false,שוקולד סנטה על המקל שישייה 90 גר גונץ,GUNZ WARENHANDELS,,שוקולד סנטה על המקל,גרמים,540.00,100 גרם,false,1,10.90,2.02,true,1,
9002859088490,false,גונץ עוגיות עם קרם בטעם אוכמניות 380 גרם,Gunz,,גונץ עוגיות עם קרם ב,גרמים,380.00,100 גרם,false,1,19.50,5.13,true,1,
9002859090516,false,גונץ בוגי סוכריות בפחית בטעם תפוח 200 גר,Gunz,,גונץ בוגי סוכריות בפ,גרמים,200.00,100 גרם,false,1,12.50,6.25,true,1,
9002859090530,false,גונץ בוגי סוכריות בפחית בטעם תפוז 200 גר,Gunz,,גונץ בוגי סוכריות בפ,גרמים,200.00,100 גרם,false,1,12.50,6.25,true,1,
9002859092657,false,גונץ-בננה ציפוי מריר 150 גר,Gunz,,גונץ-בננה ציפוי מריר,גרמים,150.00,100 גרם,false,1,9.90,6.60,true,1,
9002859093876,false,גונץ עוגיות עם קרם שוקולד ודובדבן 380 גר,GUNZ WARENHANDELS,,גונץ עוגיות עם קרם ש,גרמים,380.00,100 גרם,false,1,19.50,5.13,true,1,
9002859097997,false,בובת סנטה עם פרליני שוקולד 60 גרם,,,בובת סנטה עם פרליני,גרמים,60.00,100 גרם,false,1,43.90,73.17,true,1,
9002859100536,false,בונבוניירה אצבעות שוקולד מוצרט 200 גרם,GUNZ WARENHANDELS,,בונבוניירה מוצרט,גרמים,200.00,100 גרם,false,1,17.70,8.85,true,1,
9002859104091,false,גונץ כדור קריסמס ממולא בפרלינים 30 גרם,,AT,גונץ כדור קריסמס ממו,גרמים,30.00,100 גרם,false,1,16.90,56.33,true,1,
9002859110153,false,גונץ-עוגיות עם קרם תות 380 גרם,Gunz,,גונץ-עוגיות עם קרם,גרמים,380.00,100 גרם,false,1,19.50,5.13,true,1,
9002859110870,false,פיאצלי צלפים במים וחומץ ברנדי 95 גר,,,פיאצלי צלפים במים וח,גרמים,95.00,100 גרם,false,1,11.90,12.53,true,1,
9002859113758,false,גונץ סנטה פרליני ש.חלב ק.חלב 100 גר,,,גונץ סנטה פרליני ש.ח,גרמים,100.00,100 גרם,false,1,15.90,15.90,true,1,
9002859117701,false,גונץ-מרמלדה פירות 250 גר,,,גונץ-מרמלדה פירות 25,גרמים,250.00,100 גרם,false,1,10.90,4.36,true,1,
9002975393812,false,סוכריות גילי הריבו האפי צירי 70 גרם,"האריבו , ג'\י.אם.בי.אייץ",AT,סוכריות גילי הריבו ה,גרמים,70.00,100 גרם,false,1,7.30,10.43,true,1,
9002975393836,false,סוכריות גילי הריבו האפי קולה 70 גרם,"האריבו , ג'\י.אם.בי.אייץ",AT,סוכריות גילי הריבו ה,גרמים,70.00,100 גרם,false,1,7.30,10.43,true,1,
9002975393843,false,סוכריות גילי הריבו גולדברס 70 גרם,"האריבו , ג'\י.אם.בי.אייץ",AT,סוכריות גילי הריבו ג,גרמים,70.00,100 גרם,false,1,7.30,10.43,true,1,
9002975393850,false,סוכריות גילי הריבו וורמס 70 גרם,"האריבו , ג'\י.אם.בי.אייץ",AT,סוכריות גילי הריבו ו,גרמים,70.00,100 גרם,false,1,7.30,10.43,true,1,
9003402655084,false,"בירה שטיגל רדלר פטל פחית 500 מ""ל",,,בירה שטיגל רדלר פטל,מיליליטרים,500.00,"100 מ""ל",false,1,8.20,1.64,true,1,
9003402660088,false,"בירה שטיגל גולדבראו 500 מ""ל פחית",שטיגל,AT,בירה שטיגל גולדבראו,מיליליטרים,500.00,"100 מ""ל",false,1,9.90,1.98,true,1,
9003402663089,false,"בירה שטיגל רדלר אשכוליות 500 מ""ל פחית",,AT,בירה שטיגל רדלר אשכו,מיליליטרים,500.00,"100 מ""ל",false,1,8.20,1.64,true,1,
9003402664079,false,"בירה שטיגל רדלר לימון פחית 500 מ""ל",,,בירה שטיגל רדלר לימו,מיליליטרים,500.00,"100 מ""ל",false,1,8.20,1.64,true,1,
9005835312718,false,"קלרו פירמידה מלח למדיח כלים 1 ק""ג CLARO",יעקובי,AT,מלח למדיח כלים קלרו,קילוגרמים,0.00,"ק""ג",false,1,16.90,16.90,true,1,
9005835313609,false,קלרו טבליות למדיח כלים 15 יחידות CLARO,קלרו,,קלרו טבליות למדיח כל,יחידה,1.00,יחידה,false,1,9.90,9.90,true,1,
9008700111546,false,נקטר דובדבנים חמוצים 1ל',Rauch fruchtsafte gm,,נקטר דובדבן 1 ליטר,מיליליטרים,1000.00,"100 מ""ל",false,1,14.60,1.46,true,1,
9008700128575,false,נקטר פסיפלורה ראוץ' 1 ליטר,ראוך Rauch,,נקטר פסיפלורה 1 ליטר,ליטרים,0.00,ליטר,false,1,14.60,14.60,true,1,
9008700128971,false,מיץ חמוציות ראוך 1 ליטר,ראוך Rauch,,מיץ חמוציות ראוך 1 ל,מיליליטרים,1000.00,"100 מ""ל",false,1,14.60,1.46,true,1,
9008700146982,false,מיץ מולטיויטמין פרי אדומים 100% 1 ל ראוך,Rauch fruchtsafte gm,,מיץ מולטיויטמין פרי,מיליליטרים,1000.00,"100 מ""ל",false,1,14.60,1.46,true,1,
9008700148146,false,נקטר לי'צי ראוץ' 1 ליטר,Rauch fruchtsafte gm,,נקטר ליצי 1 ליטר ראו,ליטרים,0.00,ליטר,false,1,14.60,14.60,true,1,
9008700155458,false,נקטר גויאבה 1 ליטר ראוך,ראוך פרוכטסאפטה,,נקטר גויאבה 1 ליטר ר,ליטרים,0.00,ליטר,false,1,14.60,14.60,true,1,
9009200014559,false,סוכ.גומי אורגני פירות 100 גר BioBon,,,סוכ.גומי אורגני פירו,גרמים,100.00,100 גרם,false,1,13.90,13.90,true,1,
9012200020055,false,בונבוניירה מוצרט 200 גר כדורים,,AT,מוצרט בונבוניירה 200,גרמים,200.00,100 גרם,false,1,49.90,24.95,true,1,
9013100003490,false,"מוצארט שוקולד תות 500 מ""ל",,,מוצארט שוקולד תות 50,מיליליטרים,500.00,"100 מ""ל",false,1,93.90,18.78,true,1,
9013100040280,false,"ליקר מוצרט קרם שוקולד בלאק 500 מ""ל",,,ליקר מוצרט קרם שוקול,מיליליטרים,500.00,"100 מ""ל",false,1,93.90,18.78,true,1,
9013100062053,false,"ליקר מוצרט שוקולד גולד 500 מ""ל",,,ליקר מוצרט שוקולד גו,מיליליטרים,500.00,"100 מ""ל",false,1,93.90,18.78,true,1,
9028800139493,false,"בירה ציפפר לאגר 500 מ""ל פחית",,AT,בירה ציפפר לאגר 500,מיליליטרים,500.00,"100 מ""ל",false,1,8.90,1.78,true,1,
9028800627679,false,"בירה אדלוויס 500 מ""ל פחית",,,"בירה אדלוויס 500 מ""ל",מיליליטרים,500.00,"100 מ""ל",false,1,13.90,2.78,true,1,
9028800639962,false,"אדלוויס בירה לבנה בקבוק 500 מ""ל",מבשלת בראו יוניון,,"בירה אדלוויס 500 מ""ל",מיליליטרים,500.00,"100 מ""ל",false,1,13.90,2.78,true,1,
9044400851672,false,סוכריות פז סוגים שונים + 3 מילויים,פז פרודקשיין יורו,,סוכריות 3+1 PEZ,Unknown,0.00,Unknown,false,1,10.90,10.90,true,1,
9120025834723,false,חטיף אוראו מצונן 120 גרם רבנות,בובארד איטליה אס.פי.,,חטיף אוראו מצונן 120,גרמים,120.00,100 גרם,false,1,15.50,12.92,true,1,
9120025839957,false,חטיף מילקה מצונן 128 גרם רבנות,,,חטיף מילקה מצונן 128,גרמים,128.00,100 גרם,false,1,15.50,12.11,true,1,
9270011131654,false,"מיזלי ביג מיקס 1 ק""ג",,,"מיזלי ביג מיקס 1 ק""ג",גרמים,1000.00,100 גרם,false,1,25.90,2.59,true,1,
9310072028743,false,טים טם ביסקוויט במילוי שוקולד 200 גרם,"ארנוטס ביסקוויטס בע""",,טים טם אורגינל 200 ג,גרמים,200.00,100 גרם,false,1,19.90,9.95,true,1,
9310072028750,false,טים טם Tim Tam וופל שוקולד ציפוי כפול,"ארנוטס ביסקוויטס בע""",,טים טם דאבל 200 גרם,גרמים,200.00,100 גרם,false,1,19.90,9.95,true,1,
9310297005239,false,"יין ראוסונס רטריט שרדונה 750 מ""ל",יינות מטואה,,יין ראוסונס רטריט שר,Unknown,0.00,Unknown,false,1,54.90,54.90,true,1,
9310297009459,false,"פנפולדס מקס שיראז 750 מ""ל",,AU,פנפולדס מקס שיראז 75,Unknown,0.00,Unknown,false,1,132.90,132.90,true,1,
9310297646258,false,יין ראוסונס רטריט שיראז קברנה 750 מל,יינות מטואה,,יין ראוסונס רטריט,Unknown,0.00,Unknown,false,1,54.90,54.90,true,1,
9311218109562,false,"יין לינדמנס בין 50 שיראז 750 מ""ל",יינות רוסונס,,יין לינדמנס בין 50 ש,Unknown,0.00,Unknown,false,1,57.90,57.90,true,1,
9311218119486,false,"לינדמנס בין 65 שרדונה 750 מ""ל",יינות רוסונס,,לינדמנס בין 65 שרדונ,Unknown,0.00,Unknown,false,1,57.90,57.90,true,1,
9312631129991,false,תה דילמח ארל גריי זהב 100 שקיקים 200 גר,דילמח,,תה דילמח ארל גריי זה,גרמים,200.00,100 גרם,false,1,41.90,20.95,true,1,
9312631143737,false,תה ירוק דילמה 100 שק*1.5 ג,דילמח,,תה ירוק דילמה 100 שק,גרמים,150.00,100 גרם,false,1,27.90,18.60,true,1,
9312631801118,false,תה פרמיום שחור סלקשן דילמח 100 שקי 200 ג,דילמח,LK,תה פרמיום שחור סלקשן,גרמים,200.00,100 גרם,false,1,29.50,14.75,true,1,
9322969000015,false,פריכיות תירס בטעם אורגינל ריל פודס 150 ג',אף.סי תבליני בגליל ב,,פריכיות תירס 150 גרם,גרמים,150.00,100 גרם,false,1,12.80,8.53,true,1,
9322969000039,false,פריכיות תירס 150 גרם עם 5 סוגי דגנים,ריאל פודס בעמ,,פריכיות תירס 150 גרם,גרמים,150.00,100 גרם,false,1,12.80,8.53,true,1,
9322969000046,false,פריכיות תירס שומשום אורגני ריל פודס 150 ג',אף.סי תבליני בגליל ב,,פריכויות תירס אורגני,גרמים,150.00,100 גרם,false,1,11.90,7.93,true,1,
9338374892671,false,PRIVATE COLLECTION מ,,,PRIVATE COLLECTION מ,Unknown,0.00,Unknown,false,1,34.90,34.90,true,1,
9414202007803,false,בקבוק 330 סיסטמה,,,הידרו - לאנצ בקבוק 3,Unknown,0.00,Unknown,false,1,21.90,21.90,true,1,
9414202079503,false,בקבוק לאונצ 620 סיסטמה,,,הידרו - לאנצ בקבוק 6,Unknown,0.00,Unknown,false,1,29.00,29.00,true,1,
9414202125101,false,קליפ איט ספליט - אחס,,,קליפ איט ספליט - אחס,Unknown,0.00,Unknown,false,1,39.90,39.90,true,1,
9414202125118,false,קליפ איט ספליט - אחס,,,קליפ איט ספליט - אחס,Unknown,0.00,Unknown,false,1,31.90,31.90,true,1,
9414202125149,false,קליפ איט ספליט - אחס,,,קליפ איט ספליט - אחס,Unknown,0.00,Unknown,false,1,22.90,22.90,true,1,
9414202211279,false,מארז 4 אחסון מיני סיסטמה,,,מארז 4 אחסון מיני סי,קילוגרמים,0.00,"ק""ג",false,1,46.90,46.90,true,1,
9414202214706,false,מארז 4 רוטביות סיסטמה,,,מארז 4 רוטביות סיסטמ,קילוגרמים,0.00,"ק""ג",false,1,24.90,24.90,true,1,
9414202214751,false,מארז 3 בקבוק לחיץ סיסטמה,,,מארז 3 בקבוק לחיץ סי,קילוגרמים,0.00,"ק""ג",false,1,32.90,32.90,true,1,
9414202214881,false,טו גו - סנאק עגול מח,,,טו גו - סנאק עגול מח,Unknown,0.00,Unknown,false,1,34.90,34.90,true,1,
9414202216908,false,קופסא 1.65+ מיכל סיסטמה,,,טו גו - בנטו לאנצ ש,Unknown,0.00,Unknown,false,1,64.90,64.90,true,1,
9414202541055,false,מארז 4 אחסוניות 669 טייק אלונג סיסטמה,,,מארז 4 אחסוניות מרוב,Unknown,0.00,Unknown,false,1,29.50,29.50,true,1,
9414202541154,false,מארז 4 אחסוניות 760 טייק אלונג סיסטמה,,,מארז 4 אחסוניות עגול,Unknown,0.00,Unknown,false,1,28.50,28.50,true,1,
9414202584700,false,- מארז שלישייה רוטבי,,,רה ניו - מארז שלישיי,Unknown,0.00,Unknown,false,1,24.90,24.90,true,1,
9414202616456,false,"אקסנטס-אחסונית לסנדוויץ 450 מ""ל",,,אקסנטס - אחסונית לסנ,Unknown,0.00,Unknown,false,1,23.90,23.90,true,1,
9414416305528,false,יין פרייבט בין סוביניון בלאן 750 מל,ניו זילנד - וילה מרי,,יין פרייבט בין סובינ,Unknown,0.00,Unknown,false,1,83.90,83.90,true,1,
9421025029974,false,זילנד פרנגרין סוביניון בלאן 750,,,זילנד פרנגרין סוביני,Unknown,0.00,Unknown,false,1,74.90,74.90,true,1,
9421902401176,false,"מול על חצי צדף ניו זילנד 1 ק""ג",,,מול על חצי צדף ניו ז,קילוגרמים,0.00,"ק""ג",false,1,64.90,64.90,true,1,
9556771006921,false,"קפוצינו ""אונו מומנטו"" 20יח*25.5 גר",,,"קפוצינו ""אונו מומנטו",גרמים,510.00,100 גרם,false,1,29.50,5.78,true,1,
9720006678751,false,כבד דגים איסלנד 115 גרם,איטל איסלנד,,כבד דגים 115 גרם,גרמים,115.00,100 גרם,false,1,8.90,7.74,true,1,
9771565051066,false,עיתון ידיעות אחרונות,ידיעות אחרונות,,ידיעות אחרונות שישי,Unknown,0.00,Unknown,false,1,20.00,20.00,true,1,
9785222202524,false,קישוט לראש עץ מואר,,,קישוט לראש עץ מואר,Unknown,1.00,Unknown,false,1,15.90,15.90,true,1,
9785222288849,false,עניבה זוהרת,,,עניבה זוהרת,Unknown,1.00,Unknown,false,1,9.90,9.90,true,1,
9785395003201,false,נרות חגיגיים,,,נרות חגיגיים,Unknown,0.00,Unknown,false,1,37.90,37.90,true,1,
9785699702350,false,קישוט לראש עץ מואר,,,קישוט לראש עץ מואר,Unknown,1.00,Unknown,false,1,15.90,15.90,true,1,
9785817404104,false,קישוט לעץ מישורה,,,קישוט לעץ מישורה,Unknown,0.00,Unknown,false,1,10.10,10.10,true,1,
9785912502071,false,קישוט לעץ מישורה,,,קישוט לעץ מישורה,Unknown,0.00,Unknown,false,1,10.90,10.90,true,1,
9785957317456,false,עצי אשוח 90 סמ ירוק,,,עצי אשוח 90 סמ ירוק,Unknown,0.00,Unknown,false,1,68.90,68.90,true,1,
9785957321378,false,עצי אשוח 150 סמ ירוק,,,עצי אשוח 150 סמ ירוק,Unknown,0.00,Unknown,false,1,206.90,206.90,true,1,
9786176902850,false,קישוט מעוצב אץ מבד,,,קישוט מעוצב אץ מבד,Unknown,1.00,Unknown,false,1,9.90,9.90,true,1,
9871184221359,false,גאודה הולנדית 30% במשקל,,,גאודה הולנדית 30%,Unknown,0.00,"ק""ג",true,0,89.00,89.00,true,1,
9871184221363,false,גאודה הולנדית עגבניות זיתים ובזיליקום,,,גאודה הולנדית עגבניה,Unknown,0.00,"ק""ג",true,0,127.00,127.00,true,1,
9871184221365,false,גאודה הולנדית עם רוטב חריף סמבל במשקל,,,גאודה הולנדית,Unknown,0.00,"ק""ג",true,0,119.00,119.00,true,1,
9871184221367,false,גאודה עיזים הולנדית במשקל,,,גאודה עיזים הולנדית,Unknown,0.00,"ק""ג",true,0,127.00,127.00,true,1,
