code,internal_code,name,manufacturer_name,manufacture_country,manufacturer_item_description,unit_qty,quantity,unit_of_measure,weighted,qty_in_package,price,unit_of_measure_price,allow_discount,status,item_id
300,false,פיתה פרינה,,,פיתה ש.י.שאשא,Unknown,0.00,Unknown,false,1,1.70,1.70,true,1,
602,false,בצל יבש,,,בצל יבש,Unknown,0.00,"ק""ג",true,0,5.90,5.90,true,1,
619,false,פלפל אדום,,,פלפל אדום,Unknown,0.00,"ק""ג",true,0,14.90,14.90,true,1,
671,false,קרמבולה,,,קרמבולה,Unknown,0.00,"ק""ג",true,0,49.90,49.90,true,1,
678,false,ברוקולי,,,ברוקולי,Unknown,0.00,Unknown,false,1,14.90,14.90,true,1,
5942,false,"תפו""ע קריספי",,,"תפו""ע קריספי",Unknown,0.00,"ק""ג",true,0,21.90,21.90,true,1,
46549,false,קולאז מוצרלה 20% במשקל,,,קולאז מוצרלה,קילוגרמים,0.00,"ק""ג",true,0,82.00,82.00,true,1,
47485,false,בולגרית פיראוס 24% במשקל,,,בולגרית פיראוס 24% ב,Unknown,0.00,"ק""ג",true,0,62.00,62.00,true,1,
53219,false,גבינה חריץ טל העמק 32% במשקל,,,גבינה טל העמק 32%,Unknown,0.00,"ק""ג",true,0,67.00,67.00,true,1,
56326,false,גבינה שוויצרית במשקל,,,גבינה שוויצרית במשקל,Unknown,0.00,"ק""ג",true,0,82.00,82.00,true,1,
90207,false,שום במשקל,,,שום במשקל,Unknown,0.00,"ק""ג",true,0,29.90,29.90,true,1,
304050,false,מסיכה כירורגית 1 יחידה,,,מסיכה כירורגית 1 יחי,Unknown,0.00,Unknown,false,1,0.50,0.50,true,1,
363486,false,נקניק תה טירת צבי במשקל,,,נקניק תה טירת צבי,Unknown,0.00,"ק""ג",true,0,60.00,60.00,true,1,
369341,false,לבנה אבו גוש ירוק במשקל,,,לבנה אבו גוש ירוק במ,Unknown,0.00,"ק""ג",true,0,59.00,59.00,true,1,
554754,false,מוצרלה במים קטן במשקל,,,מוצרלה קטן במשקל,Unknown,0.00,"ק""ג",true,0,96.00,96.00,true,1,
554969,false,גבינת שמנת 30% טבעי,,,גבינת שמנת 30% טבעי,Unknown,0.00,"ק""ג",true,0,52.00,52.00,true,1,
554990,false,מוצרלה כדורים גדולים במשקל,,,כדורי מוצרלה במשקל,Unknown,0.00,"ק""ג",true,0,105.00,105.00,true,1,
644783,false,פילה סלמון קפוא מנות תנובה,,,פילה סלמון קפוא מנות,Unknown,0.00,"ק""ג",true,0,92.90,92.90,true,1,
659312,false,פילה סלמון קפוא קטן תנובה,,,פילה סלמון קפוא,Unknown,0.00,"ק""ג",true,0,89.90,89.90,true,1,
662213,false,נתח פילה סלמון תנובה,,,נתח פילה סלמון תנובה,Unknown,0.00,"ק""ג",true,0,99.90,99.90,true,1,
843582,false,אנונה,,,אנונה,Unknown,0.00,"ק""ג",true,0,49.90,49.90,true,1,
1356234,false,מקרל מעושן בוואקום,,,מקרל מעושן בוואקום,Unknown,0.00,"ק""ג",true,0,97.00,97.00,true,1,
1356418,false,פילה הרינג במשקל,,,פילה הרינג במשקל,Unknown,0.00,"ק""ג",true,0,61.00,61.00,true,1,
1356425,false,פילה מטיאס במשקל,,,פילה מטיאס במשקל,Unknown,0.00,"ק""ג",true,0,64.00,64.00,true,1,
1356630,false,פילה  הרינג כבוש במשקל,,,פילה  הרינג כבוש במש,Unknown,0.00,"ק""ג",true,0,64.00,64.00,true,1,
2345824,false,פרמזנו רגאנו מנות במשקל,,IT,פרמזנו רגאנו מנות במ,Unknown,0.00,"ק""ג",true,0,215.00,215.00,true,1,
2345879,false,פרמזנו רגאנו במשקל,,IT,פרמזנו רגאנו במשקל,Unknown,0.00,"ק""ג",true,0,178.00,178.00,true,1,
2511328,false,קשקבל כבשים מחלבת המושבהבמשקל,,,קשקבל כבשים מחלבת המ,Unknown,0.00,"ק""ג",true,0,170.00,170.00,true,1,
2617471,false,גבינת צדר אנגלית מיושנת במשקל,,,גבינת צדר אנגלית,Unknown,0.00,"ק""ג",true,0,131.00,131.00,true,1,
2617488,false,גבינת צדר אנגלית מיושנת במשקל,,,גבינת צדר אנגלית,Unknown,0.00,"ק""ג",true,0,126.00,126.00,true,1,
2617495,false,גבינת צדר אנגלית עם וויסקי במשקל,,,גבינת צדר אנגלית,Unknown,0.00,"ק""ג",true,0,168.00,168.00,true,1,
2617501,false,גבינת צדר עם חמוציות במשקל,,,גבינת צדר עם חמוציות,Unknown,0.00,"ק""ג",true,0,174.00,174.00,true,1,
2749561,false,נקניקיות בוואריה מזרע,,,נקניקיות בוואריה,Unknown,0.00,"ק""ג",true,0,82.00,82.00,true,1,
2812530,false,גאודה הולנדי עשבי תיבול במשקל,,,גאודה עשבי תיבול,Unknown,0.00,"ק""ג",true,0,107.00,107.00,true,1,
3006120,false,טאפס שכונתי במשקל,,,טאפס שכונתי במשקל,Unknown,0.00,"ק""ג",true,0,184.00,184.00,true,1,
3132713,false,לדר ב-9.90 ליחידה,,,לדר ב-9.90 ליחידה,יחידה,1.00,יחידה,false,1,10.00,10.00,true,1,
4050191,false,נקניק סלמי הונגרי,,,נקניק סלמי הונגרי,Unknown,0.00,"ק""ג",true,0,180.00,180.00,true,1,
4050283,false,פפרוני עגל במשקל,,,פפרוני עגל במשקל,Unknown,0.00,"ק""ג",true,0,175.00,175.00,true,1,
4050368,false,סלמי קופצסקי סרוולט,,,סלמי קופצסקי סרוולט,Unknown,0.00,"ק""ג",true,0,115.00,115.00,true,1,
4050443,false,בייקון במשקל,,,בייקון במשקל,Unknown,0.00,"ק""ג",true,0,210.00,210.00,true,1,
4050597,false,פרושוטו,,,פרושוטו,Unknown,0.00,"ק""ג",true,0,320.00,320.00,true,1,
4050894,false,נקניק סלמי כפרי,,,נקניק סלמי כפרי,Unknown,0.00,"ק""ג",true,0,182.00,182.00,true,1,
4051006,false,קישקע ארוז קפוא מזרע,,,קישקע קפוא מזרע,Unknown,0.00,"ק""ג",true,0,46.90,46.90,true,1,
4051013,false,בלוק פטה כבד עוף,,,בלוק פטה כבד עוף,Unknown,0.00,"ק""ג",true,0,90.00,90.00,true,1,
4051082,false,קורנביף במשקל,,,קורנביף במשקל,Unknown,0.00,"ק""ג",true,0,125.00,125.00,true,1,
4051174,false,סרוולט אוסטרי במשקל,,,סרוולט אוסטרי,Unknown,0.00,"ק""ג",true,0,180.00,180.00,true,1,
4051204,false,פסטרמה הודו עם אווז,,,פסטרמה הודו עם אווז,Unknown,0.00,"ק""ג",true,0,140.00,140.00,true,1,
4051464,false,נקניק סלמי מילאנו,,,נקניק סלמי מילאנו,Unknown,0.00,"ק""ג",true,0,160.00,160.00,true,1,
4051495,false,בוזנינה כפרית במשקל,,,בוזנינה כפרית במשקל,Unknown,0.00,"ק""ג",true,0,180.00,180.00,true,1,
4051563,false,נקניק סלמי צרפתי,,,נקניק סלמי צרפתי,Unknown,0.00,"ק""ג",true,0,180.00,180.00,true,1,
4051617,false,נקניק סלמי רוונה במשקל,,,נקניק סלמי רוונה,Unknown,0.00,"ק""ג",true,0,105.00,105.00,true,1,
4051785,false,מורטדלה איטלקית,,,מורטדלה איטלקית,Unknown,0.00,"ק""ג",true,0,75.00,75.00,true,1,
4051877,false,שיפודי פרגיות קפוא מזרע,,,שיפודי פרגיות קפואים,Unknown,0.00,"ק""ג",true,0,65.90,65.90,true,1,
4052096,false,סלה הונגרי-מזרע,,,סלה הונגרי,Unknown,0.00,"ק""ג",true,0,105.00,105.00,true,1,
4052119,false,חטיפי קבנוס רו,,,חטיפי קבנוס רו,Unknown,0.00,"ק""ג",true,0,185.00,185.00,true,1,
4052164,false,קוטלט צוואר קפוא מעובד,,,קוטלט צוואר קפוא,Unknown,0.00,"ק""ג",true,0,69.90,69.90,true,1,
4052188,false,חזה הודו מעושן בגריל במשקל,,,חזה הודו מעושן בגריל,Unknown,0.00,"ק""ג",true,0,85.00,85.00,true,1,
4052386,false,פסטרמה אסאדו לבן במשקל,,,פסטרמה אסאדו לבן במש,Unknown,0.00,"ק""ג",true,0,150.00,150.00,true,1,
4052423,false,ברזאולה,,,ברזאולה,Unknown,0.00,"ק""ג",true,0,300.00,300.00,true,1,
4052652,false,רו בייקון במשקל,,,רו בייקון במשקל,Unknown,0.00,"ק""ג",true,0,270.00,270.00,true,1,
4052973,false,רוסטביף ללא חומר משמר במשקל,,,רוסטביף,Unknown,0.00,"ק""ג",true,0,205.00,205.00,true,1,
4053000,false,נקניק רו סרוולט,,,נקניק רו סרוולט,Unknown,0.00,"ק""ג",true,0,175.00,175.00,true,1,
4053024,false,נקניק פפרוני,,,נקניק פפרוני,Unknown,0.00,"ק""ג",true,0,175.00,175.00,true,1,
4054021,false,שינקן פולני פולני חצי במשקל,,,שינקן פולני במשקל,Unknown,0.00,"ק""ג",true,0,125.00,125.00,true,1,
4054397,false,פרושוטו רוסי,,,פרושוטו רוסי,Unknown,0.00,"ק""ג",true,0,225.00,225.00,true,1,
4054427,false,שוק חזירון בלי עצם,,,פסטרמה שוק חזירון,Unknown,0.00,"ק""ג",true,0,115.00,115.00,true,1,
4054953,false,סרוולט איטלקי,,,סרוולט איטלקי,Unknown,0.00,"ק""ג",true,0,120.00,120.00,true,1,
4055479,false,פסטרמה בקר בפלפל,,,פסטרמה בקר בפלפל,Unknown,0.00,"ק""ג",true,0,130.00,130.00,true,1,
4055608,false,פריזר איטלקי,,,פריזר איטלקי,Unknown,0.00,"ק""ג",true,0,65.00,65.00,true,1,
4055769,false,נקניק לוביטליסקיה,,,נקניק לוביטליסקיה,Unknown,0.00,"ק""ג",true,0,110.00,110.00,true,1,
4055813,false,נקניק טורו מבשר בקר,,,נקניק טורו מבשר בקר,Unknown,0.00,"ק""ג",true,0,140.00,140.00,true,1,
4055943,false,לקס עגל,,,לקס עגל,Unknown,0.00,"ק""ג",true,0,230.00,230.00,true,1,
4128401,false,פטה פיראוס 20% במשקל,,,פטה פיראוס 20% במשקל,Unknown,0.00,"ק""ג",true,0,136.00,136.00,true,1,
4135324,false,בולגרית פיראוס מעודנת 5% במשקל,,,בולגרית פיראוס מעודנ,Unknown,0.00,"ק""ג",true,0,52.00,52.00,true,1,
4412128,false,קובו,,,קובו,Unknown,0.00,"ק""ג",true,0,49.90,49.90,true,1,
4412135,false,לוף,,,לוף,Unknown,0.00,"ק""ג",true,0,19.90,19.90,true,1,
4412166,false,אשכולית אדומה,,,אשכולית אדומה,Unknown,0.00,"ק""ג",true,0,9.90,9.90,true,1,
4412227,false,"תפו""א אדום",,,תפוא אדום,Unknown,0.00,"ק""ג",true,0,6.90,6.90,true,1,
4412241,false,סברס,,,סברס,Unknown,0.00,"ק""ג",true,0,39.90,39.90,true,1,
4412289,false,תפוזינה,,,תפוזינה,Unknown,0.00,"ק""ג",true,0,9.90,9.90,true,1,
4412319,false,בטטה,,,בטטה,Unknown,0.00,"ק""ג",true,0,13.90,13.90,true,1,
4412333,false,חזרת,,,חזרת,Unknown,0.00,"ק""ג",true,0,49.90,49.90,true,1,
4412340,false,קלמנטינה,,,קלמנטינה,Unknown,0.00,"ק""ג",true,0,12.90,12.90,true,1,
4412357,false,רימון,,,רימון,Unknown,0.00,"ק""ג",true,0,13.90,13.90,true,1,
4412371,false,תמר מגהול,,,תמר מגהול,Unknown,0.00,Unknown,false,0,32.90,32.90,true,1,
4412388,false,שומר,,,שומר,Unknown,0.00,"ק""ג",true,0,9.90,9.90,true,1,
4412395,false,תפוז ברשת,,,תפוז ברשת,Unknown,0.00,"ק""ג",true,0,12.90,12.90,true,1,
4412401,false,תפוז סיני,,,תפוז סיני,Unknown,0.00,"ק""ג",true,0,14.90,14.90,true,1,
4412418,false,קיווי,,,קיווי,Unknown,0.00,"ק""ג",true,0,29.90,29.90,true,1,
4412432,false,תפוזים,,,תפוזים,Unknown,0.00,"ק""ג",true,0,10.90,10.90,true,1,
4412456,false,"תפו""ע חרמון",,,תפוע חרמון,Unknown,0.00,"ק""ג",true,0,14.90,14.90,true,1,
4412463,false,"תפו""ע מוזהב",,,תפוע מוזהב,Unknown,0.00,"ק""ג",true,0,15.90,15.90,true,1,
4412470,false,"תפו""ע סמיט",,,תפוע סמיט,Unknown,0.00,"ק""ג",true,0,14.90,14.90,true,1,
4412487,false,שזיף אדום,,,שזיף אדום,Unknown,0.00,"ק""ג",true,0,23.90,23.90,true,1,
4412500,false,בצל אדום,,,בצל אדום,Unknown,0.00,"ק""ג",true,0,8.90,8.90,true,1,
4412531,false,ענבים ירוקים,,,ענבים ירוקים,Unknown,0.00,"ק""ג",true,0,34.90,34.90,true,1,
4412548,false,ענבים שחורים,,,ענבים שחורים,Unknown,0.00,"ק""ג",true,0,28.90,28.90,true,1,
4412579,false,מנגו,,,מנגו,Unknown,0.00,"ק""ג",true,0,19.90,19.90,true,1,
4412586,false,לימון,,,לימון,Unknown,0.00,"ק""ג",true,0,12.90,12.90,true,1,
4412616,false,בננות,,,בננות,Unknown,0.00,"ק""ג",true,0,13.90,13.90,true,1,
4412623,false,אגסים,,,אגסים,Unknown,0.00,"ק""ג",true,0,17.90,17.90,true,1,
4412630,false,אשכוליות,,,אשכוליות,Unknown,0.00,"ק""ג",true,0,9.90,9.90,true,1,
4412647,false,אבוקדו,,,אבוקדו,Unknown,0.00,"ק""ג",true,0,22.90,22.90,true,1,
4412654,false,אפרסמון,,,אפרסמון,Unknown,0.00,"ק""ג",true,0,24.90,24.90,true,1,
4412678,false,"תפו""א לבן",,,תפוא לבן,Unknown,0.00,"ק""ג",true,0,5.90,5.90,true,1,
4412685,false,פומלה,,,פומלה,Unknown,0.00,"ק""ג",true,0,14.90,14.90,true,1,
4412708,false,קולרבי,,,קולורבי,Unknown,0.00,"ק""ג",true,0,9.90,9.90,true,1,
4412715,false,קשואים,,,קישואים,Unknown,0.00,"ק""ג",true,0,10.90,10.90,true,1,
4412722,false,פרסה,,,פרסה,Unknown,0.00,"ק""ג",true,0,19.90,19.90,true,1,
4412746,false,פלפל חריף,,,פלפל חריף,Unknown,0.00,"ק""ג",true,0,12.90,12.90,true,1,
4412760,false,פלפל ירוק,,,פלפל ירוק,Unknown,0.00,"ק""ג",true,0,12.90,12.90,true,1,
4412777,false,פלפל צהוב,,,פלפל צהוב,Unknown,0.00,"ק""ג",true,0,14.90,14.90,true,1,
4412784,false,עגבניות,,,עגבניות,Unknown,0.00,"ק""ג",true,0,11.90,11.90,true,1,
4412791,false,סלק,,,סלק,Unknown,0.00,"ק""ג",true,0,7.90,7.90,true,1,
4412807,false,מלון,,,מלון,Unknown,0.00,"ק""ג",true,0,10.90,10.90,true,1,
4412814,false,מלפפונים,,,מלפפונים,Unknown,0.00,"ק""ג",true,0,11.90,11.90,true,1,
4412838,false,כרובית,,,כרובית,Unknown,0.00,"ק""ג",true,0,13.90,13.90,true,1,
4412845,false,כרוב אדום,,,כרוב אדום,Unknown,0.00,"ק""ג",true,0,9.90,9.90,true,1,
4412852,false,כרוב לבן,,,כרוב לבן,Unknown,0.00,"ק""ג",true,0,5.90,5.90,true,1,
4412869,false,חצילים,,,חצילים,Unknown,0.00,"ק""ג",true,0,9.90,9.90,true,1,
4412876,false,דלעת,,,דלעת,Unknown,0.00,"ק""ג",true,0,8.90,8.90,true,1,
4412883,false,גזר,,,גזר,Unknown,0.00,"ק""ג",true,0,6.90,6.90,true,1,
4467180,false,שניצל עוף דק דק שירות עצמי,,,שניצל עוף דק דק,Unknown,0.00,"ק""ג",true,0,49.90,49.90,true,1,
4530044,false,אמנטל צרפתי במשקל,,,אמנטל צרפתי במשקל,Unknown,0.00,"ק""ג",true,0,120.00,120.00,true,1,
4535209,false,סטייק צוואר פרוס טרי,,,סטייק צוואר פרוס טרי,Unknown,0.00,"ק""ג",true,0,94.90,94.90,true,1,
4535490,false,סטייק צלע לבן פרוס טרי,,,סטייק צלע לבן פרוס ט,Unknown,0.00,"ק""ג",true,0,86.90,86.90,true,1,
4725600,false,גבינה צהובה סקנדינבית 31% במשקל,,,גבינה צהובה סקנדינבי,Unknown,0.00,"ק""ג",true,0,78.00,78.00,true,1,
4982393,false,ברס בלו במשקל,,,ברס בלו במשקל,Unknown,0.00,"ק""ג",true,0,199.00,199.00,true,1,
5678400,false,ענבים ראד גלוב חרצנים,,,ענבים ראד גלוב חרצני,Unknown,0.00,"ק""ג",true,0,49.90,49.90,true,1,
5697210,false,גבינת סנט מור במשקל גלילי,,,גבינת סנט מור במשקל,Unknown,0.00,"ק""ג",true,0,205.00,205.00,true,1,
5697395,false,ברי גלילי מנות במשקל,,,ברי גלילי מנות במשקל,Unknown,0.00,"ק""ג",true,0,159.00,159.00,true,1,
5992858,false,פטה 5% מעודנת במשקל,,,פטה 5% מעודנת במשקל,Unknown,0.00,"ק""ג",true,0,134.00,134.00,true,1,
5992889,false,גבינת שמנת 30% שמיר,,,גבינת שמנת 30% שמיר,קילוגרמים,0.00,"ק""ג",true,0,52.00,52.00,true,1,
6187260,false,סינטה לבן טרי מפורק,,,סינטה לבנה  מפורקת,Unknown,0.00,"ק""ג",true,0,79.90,79.90,true,1,
6188663,false,חזה הודו ברביקיו דל שומן מזרע,,,חזה הודו דל שומן,Unknown,0.00,"ק""ג",true,0,85.00,85.00,true,1,
6188717,false,חזה הודו רומני דל שומן מזרע,,,חזה הודו רומני דל.ש,Unknown,0.00,"ק""ג",true,0,90.00,90.00,true,1,
6191915,false,גבינה מגורדת,,,גבינה מגורדת,Unknown,0.00,"ק""ג",true,0,57.00,57.00,true,1,
6194190,false,קצוות נקניק,,,קצוות נקניק,Unknown,0.00,"ק""ג",true,0,33.00,33.00,true,1,
6519320,false,תחליף גבינה מעושנת במשקל GURMAN,,,גבינה אנלוגי מעושנת,Unknown,0.00,"ק""ג",true,0,72.00,72.00,true,1,
6519511,false,פריזר עוף מזרע,,,פריזר עוף,Unknown,0.00,"ק""ג",true,0,36.00,36.00,true,1,
6519566,false,פריזר אדום גדול,,,פריזר אדום גדול,Unknown,0.00,"ק""ג",true,0,60.00,60.00,true,1,
6519597,false,נקניק מוסקובסקיה חצי יבש מזרע,,,נקניק מוסקובסקיה,Unknown,0.00,"ק""ג",true,0,100.00,100.00,true,1,
6520388,false,שניצל חזה עוף פרוס טרי,,,שניצל חזה עוף פרוס,Unknown,0.00,"ק""ג",true,0,41.90,41.90,true,1,
6520395,false,בשר עוף טרי טחון,,,בשר עוף טרי טחון,Unknown,0.00,"ק""ג",true,0,37.90,37.90,true,1,
6837394,false,סלמי העמק מזרע,,,סלמי העמק,Unknown,0.00,"ק""ג",true,0,60.00,60.00,true,1,
6837509,false,גבינת דנאבלו דנמרק במשקל,,,גבינת דנאבלו דנמרק,Unknown,0.00,"ק""ג",true,0,131.00,131.00,true,1,
6837639,false,תחליף גבינה במשקל ROSSIYSKIY,,,ROSSIYSKIY גבינה אנל,Unknown,0.00,"ק""ג",true,0,72.00,72.00,true,1,
6843371,false,ספריבס חזה לבן ללא עור טרי,,,ספריבס חזה לבן ללא ע,Unknown,0.00,"ק""ג",true,0,86.90,86.90,true,1,
6843944,false,עוף שלם טרי,,,עוף שלם טרי,Unknown,0.00,"ק""ג",true,0,18.90,18.90,true,1,
6843951,false,גרון/גב/עצמות עוף טרי,,,גרון/גב/עצמות עוף טר,Unknown,0.00,"ק""ג",true,0,6.90,6.90,true,1,
8434683,false,צדר אדום גרמני במשקל,,,צדר אדום גרמני במשקל,Unknown,0.00,"ק""ג",true,0,90.00,90.00,true,1,
8434799,false,צדר לבן גרמני במשקל,,,צדר לבן גרמני במשקל,Unknown,0.00,"ק""ג",true,0,100.00,100.00,true,1,
8438667,false,פסטרמה כתף רומני מזרע,,,פסטרמה כתף רומני,Unknown,0.00,"ק""ג",true,0,125.00,125.00,true,1,
8439510,false,פסטרמה הודו בדבש מזרע,,,פסטרמה הודו בדבש,Unknown,0.00,"ק""ג",true,0,75.00,75.00,true,1,
8439541,false,פסטרמה הודו על האש,,,פסטרמה הודו על האש,Unknown,0.00,"ק""ג",true,0,75.00,75.00,true,1,
8439572,false,פסטרמה הודו פרפר רומני מזרע,,,פסטרמה הודו פרפר,Unknown,0.00,"ק""ג",true,0,79.00,79.00,true,1,
8439787,false,פסטרמה לבנה רומנית מזרע,,,פסטרמה לבנה רומנית,Unknown,0.00,"ק""ג",true,0,125.00,125.00,true,1,
8441056,false,זלץ מזרע,,,זלץ,Unknown,0.00,"ק""ג",true,0,85.00,85.00,true,1,
8442114,false,דמשניה ארוכה מזרע,,,דמשניה ארוכה מזרע,Unknown,0.00,"ק""ג",true,0,115.00,115.00,true,1,
8442350,false,גבינה מעושנת SNACKS במשקל,,,SNACKS גבינה אנלוגי,Unknown,0.00,"ק""ג",true,0,130.00,130.00,true,1,
8442473,false,נקניק הרץ יבש מזרע,,,נקניק הרץ יבש,Unknown,0.00,"ק""ג",true,0,180.00,180.00,true,1,
8442640,false,פילה דג בסה קפוא בוואקום,,,פילה דג בסה קפוא,Unknown,0.00,"ק""ג",true,0,32.90,32.90,true,1,
8442688,false,נקניק כפרית יבש מזרע,,,נקניק כפרית יבש,Unknown,0.00,"ק""ג",true,0,170.00,170.00,true,1,
8618007,false,פילה סלמון פרוס טרי סקין,,IL,פילה סלמון פרוס טרי,Unknown,0.00,"ק""ג",true,0,119.90,119.90,true,1,
8618038,false,פילה לברק טרי סקין,,IL,פילה לברק טרי,Unknown,0.00,"ק""ג",true,0,154.90,154.90,true,1,
8713438,false,גאודה מיושנת גלגל במשקל D DAIRY,,,גאודה הולנדית מיושנת,Unknown,0.00,"ק""ג",true,0,136.00,136.00,true,1,
8713573,false,גאודה הולנדית חרדל במשקל,,,גאודה הולנדית חרדל,Unknown,0.00,"ק""ג",true,0,126.00,126.00,true,1,
8776066,false,סטייק סינטה עגל,,,סטייק סינטה עגל,Unknown,0.00,"ק""ג",true,0,114.90,114.90,true,1,
8776127,false,אוסובוקו עגל טרי,,,אוסובוקו עגל טרי,Unknown,0.00,"ק""ג",true,0,49.90,49.90,true,1,
8776875,false,סטייק ניו יורק,,,סטייק ניו יורק,Unknown,0.00,"ק""ג",true,0,119.90,119.90,true,1,
9441017,false,עגבניות שרי,,,עגבניות שרי,Unknown,0.00,"ק""ג",true,0,29.90,29.90,true,1,
9441024,false,עגבניות תמר,,,עגבניות שרי,Unknown,0.00,"ק""ג",true,0,29.90,29.90,true,1,
40084107,false,קינדר ביצת הפתעה,,,קינדר ביצת הפתעה,Unknown,0.00,Unknown,false,1,6.90,6.90,true,1,
40084725,false,קינדר מילק סלייס עוגת ספוג במילוי 30 ג,,,קינדר מילק סלייס,גרמים,30.00,100 גרם,false,1,4.90,16.33,true,1,
40111490,false,מ&מס שוקולד 45 גרם,,,מ&מס שוקולד 45 גרם,גרמים,45.00,100 גרם,false,1,5.50,12.22,true,1,
41001356,false,"בירה בקס פחית 500 מ""ל",,,"בירה בקס פחית 500 מ""",מיליליטרים,500.00,"100 מ""ל",false,1,12.90,2.58,true,1,
42061939,false,"בירה בקס בקבוק 500 מ""ל בקבוק",,,"בירה בקס 500 מ""ל",מיליליטרים,500.00,"100 מ""ל",false,1,10.90,2.18,true,1,
42101666,false,איירוייבז מנטה ואקליפטוס בקופסה 25 יח HP,,,איירוייבז מנטה ואקלי,Unknown,0.00,Unknown,false,1,7.90,7.90,true,1,
42138105,false,ווינסטון סופר סלימס כחול חפיסה,,,ווינסטון סופר סלימס,Unknown,0.00,Unknown,false,1,33.00,33.00,true,1,
42149996,false,בירה בקס בקבוק 275 מל,,,בירה בקס בקבוק 275 מ,מיליליטרים,275.00,"100 מ""ל",false,1,6.50,2.36,true,1,
42154662,false,אורביט באריזת מעטפה ספירמינט מסטיק,,,אורביט באריזת מעטפה,Unknown,0.00,Unknown,false,1,7.90,7.90,true,1,
42182115,false,אורביט פייב ספירמינט 12 סטיקס 29 גר,,,אורביט פייב ספירמינט,Unknown,0.00,Unknown,false,1,7.50,7.50,true,1,
52070082,false,פאל מאל ס.ס.ויולט חפיסה,,,פאל מאל ס.ס.ויולט חפ,Unknown,0.00,Unknown,false,1,30.00,30.00,true,1,
59039549,false,ווג פריזון מנטול חפיסה,,,ווג פריזון מנטול חפי,Unknown,0.00,Unknown,false,1,38.00,38.00,true,1,
59068907,false,פאל מאל כחול דמי סלימס חפיסה,,,פאל מאל כחול דמי סלי,Unknown,0.00,Unknown,false,1,26.00,26.00,true,1,
72940761,false,מילקי שוקולד 130 גרם,,,מילקי שוקולד 130 גרם,גרמים,130.00,100 גרם,false,1,2.90,2.23,true,1,
72986424,false,"בן אנד גריס גלידת קרם עוגיות 500 מ""ל",,,בן אנד גריס גלידת קר,מיליליטרים,500.00,"100 מ""ל",false,1,25.90,5.18,true,1,
72986455,false,"בן אנד גריס גלידת ניו יורק סופר 500 מ""ל",,,בן אנד גריס גלידת ני,מיליליטרים,500.00,"100 מ""ל",false,1,25.90,5.18,true,1,
72986479,false,"בן אנד גריס גלידת צאקי מנקי 500 מ""ל",,,בן אנד גריס גלידת צא,מיליליטרים,500.00,"100 מ""ל",false,1,25.90,5.18,true,1,
72991886,false,"בן אנד גריס גלידת דולצה 500 מ""ל",,,בן אנד גריס 500,מיליליטרים,500.00,"100 מ""ל",false,1,25.90,5.18,true,1,
76136184,false,פאל מאל סופרסלימס כחול,,,פאל מאל סופרסלימס כח,Unknown,0.00,Unknown,false,1,30.00,30.00,true,1,
80042556,false,POLPA עגבניות חתוכות דק 400 גרם MUTTI,,,POLPA עגבניות חתוכות,גרמים,400.00,100 גרם,false,1,7.20,1.80,true,1,
80042563,false,מחית עגבניות קלה 700 גרם,,IT,מחית עגבניות קלה 700,גרמים,700.00,100 גרם,false,1,12.90,1.84,true,1,
80050278,false,חטיף פררו רושר שלישיה,,,חטיף פררו רושר שלישי,גרמים,37.00,100 גרם,false,1,6.50,17.57,true,1,
80052760,false,חטיף קינדר בואנו 43 גר,,,חטיף קינדר בואנו 43,גרמים,43.00,100 גרם,false,1,4.90,11.40,true,1,
80136194,false,קינדר הפי היפו אגוזי לוז חמישייה 103.5 ג,,,קינדר הפי היפו אגוזי,גרמים,104.00,100 גרם,false,1,14.90,14.33,true,1,
80176800,false,ממרח שוקולד נוטלה 750 גרם,,,ממרח שוקולד נוטלה 75,גרמים,750.00,100 גרם,false,1,27.90,3.72,true,1,
80177173,false,ממרח נוטלה 350 גרם,,,ממרח נוטלה 350 גרם,גרמים,350.00,100 גרם,false,1,15.90,4.54,true,1,
80177609,false,קינדר 50 גרם,,,קינדר 50 גרם,גרמים,50.00,100 גרם,false,1,4.90,9.80,true,1,
80177616,false,טבלת שוקולד קינדר 100 גרם,,,טבלת שוקולד קינדר 10,גרמים,100.00,100 גרם,false,1,9.20,9.20,true,1,
80473336,false,פלפל שחור טחון אורגני 50 גר קנהמלה,,,פלפל שחור טחון אורגנ,Unknown,0.00,Unknown,false,1,16.90,16.90,true,1,
80525288,false,Agnesi רוטב עגבניות וזיתים 400 גר,,IT,Agnesi רוטב עגבניות,גרמים,400.00,100 גרם,false,0,15.60,3.90,true,1,
80525424,false,Agnesi רוטב עגבניות אראביאטה 400 גר,,IT,Agnesi רוטב עגבניות,גרמים,400.00,100 גרם,false,0,15.60,3.90,true,1,
80533917,false,פילה אנשובי בשמן זית 75 גרם צנצנת,,,פילה אנשובי בשמן זית,Unknown,0.00,Unknown,false,1,33.60,33.60,true,1,
80773429,false,מנטוס בבקבוק בינוני פיור פרש תות 60 גר,,,מנטוס בבקבוק פיור,Unknown,0.00,Unknown,false,1,10.90,10.90,true,1,
80773443,false,מנטוס בבקבוק מעוגל טעם מנטה עדינה 60 גר,,,מנטוס בבקבוק מעוגל ט,Unknown,0.00,Unknown,false,1,10.90,10.90,true,1,
80790990,false,מנטוס בבקבוק מעוגל טעם פירוט מנטה 60 גר,,,מנטוס בבקבוק מעוגל ט,Unknown,0.00,Unknown,false,1,10.90,10.90,true,1,
80864295,false,מסטיק מנטוס וייט מנטה עדינה 60 גרם,,,מסטיק מנטוס וייט מנט,גרמים,60.00,100 גרם,false,1,10.90,18.17,true,1,
80874652,false,קינדר קארדס 25.6 גרם,,IT,וופל קינדר קארדס 25.,גרמים,26.00,100 גרם,false,1,3.90,15.00,true,1,
80913467,false,מנטוס בבקבוק מעוגל בטעם מנטה 60 גר,,,מנטוס בבקבוק מעוגל ב,Unknown,0.00,Unknown,false,1,10.90,10.90,true,1,
80945468,false,מסטיק מנטוס וייט מנטה מתוקה  60 גרם,,,מסטיק מנטוס וייט מנט,גרמים,60.00,100 גרם,false,1,10.90,18.17,true,1,
85942707,false,נייר קצר ללא פילטר עבה PIH,,,נייר קצר ללא פילטר ע,יחידה,1.00,יחידה,false,1,3.00,3.00,true,1,
85951730,false,פילטרים PIH,,,פילטרים PIH,יחידה,1.00,יחידה,false,1,5.00,5.00,true,1,
85967069,false,נייר גלגול גדול כולל פילטר חום,,CZ,נייר גלגול גדול כולל,יחידה,1.00,יחידה,false,1,6.00,6.00,true,1,
90087011,false,מיץ תפוחים  100% קרטונית ראוך,,,מיץ תפוחים  100% קרט,מיליליטרים,1000.00,"100 מ""ל",false,1,15.40,1.54,true,1,
90087066,false,מיץ תפוזים ראוך 100% 1 ליטר,,,מיץ תפוזים ראוך 100%,מיליליטרים,1000.00,"100 מ""ל",false,1,15.40,1.54,true,1,
90087271,false,נקטר אוכמניות 1 ליטר קרטונית ראוך,,,נקטר אוכמניות 1 ליטר,מיליליטרים,1000.00,"100 מ""ל",false,1,15.40,1.54,true,1,
90087547,false,מיץ עגבניות 1 ליטר ראוך קרטונית,,,מיץ עגבניות 1 ליטר ר,מיליליטרים,1000.00,"100 מ""ל",false,1,12.50,1.25,true,1,
90087769,false,מיץ אננס 100% קרטונית ראוך,,,מיץ אננס 100% קרטוני,ליטרים,0.00,ליטר,false,1,15.40,15.40,true,1,
90087998,false,"מיץ לימון טבעי 250 מ""ל",,,מיץ לימון טבעי 250 מ,מיליליטרים,250.00,"100 מ""ל",false,1,8.50,3.40,true,1,
90122514,false,מוצרט שוקולד מארז מתנה 34 גרם,,AT,מוצרט שוקולד מארז מת,גרמים,34.00,100 גרם,false,1,10.90,32.06,true,1,
90162602,false,"משקה רד בול מוגז פחית 250 מ""ל",,,משקה רד בול מוגז פחי,מיליליטרים,250.00,"100 מ""ל",false,1,7.90,3.16,true,1,
90162800,false,"משקה רד בול מוגז פחית 250 מ""ל שוגרפרי",,,משקה רד בול מוגז,מיליליטרים,250.00,"100 מ""ל",false,1,7.90,3.16,true,1,
90446269,false,"משקה רד בול אבטיח מוגז פחית 250 מ""ל",,,משקה רד בול אבטיח מו,מיליליטרים,250.00,"100 מ""ל",false,1,7.90,3.16,true,1,
90448867,false,"רד בול ללא פחמימות 250 מ""ל",,,משקה אנרגיה רד בול ל,מיליליטרים,250.00,"100 מ""ל",false,1,7.90,3.16,true,1,
90453427,false,"משקה אנרגיה רד בול פיטאיה 250 מ""ל",רד בול,,משקה אנרגיה רד בול פ,מיליליטרים,250.00,"100 מ""ל",false,1,7.90,3.16,true,1,
9800800056,false,נוטלה & גו 52 גרם,,,נוטלה & גו 52 גרם,גרמים,52.00,100 גרם,false,1,6.90,13.27,true,1,
10900678148,false,דיאמונד רדיד אלומיניום נון סטיק,,CN,דיאמונד רדיד אלומיני,יחידה,1.00,יחידה,false,1,16.90,16.90,true,1,
11182701388,false,קינג קול שעועית פינטו 454 גרם,,,קינג קול שעועית פינט,גרמים,454.00,100 גרם,false,1,12.80,2.82,true,1,
12086322211,false,יין דרוהין שבלי 750 מל צרפתי,,,יין דרוהין שבלי 750,Unknown,0.00,Unknown,false,1,109.90,109.90,true,1,
15300014992,false,ציטוס איטריות  מיקס גבינות וחלפנ 164 גרם,,US,ציטוס איטריות  מיקס,Unknown,0.00,Unknown,false,1,18.90,18.90,true,1,
16000120259,false,דגני בוקר גולדן גרהם  326 גר גנירל מילס,,US,דגני בוקר גולדן גרהם,גרמים,326.00,100 גרם,false,1,34.90,10.71,true,1,
16000423534,false,קראנצי שיבולת שועל ושוקולד מריר 210 גר,,,קראנצי שיבולת שועל ו,גרמים,210.00,100 גרם,false,1,19.90,9.48,true,1,
16000548404,false,קראנצי בטעם שיבולת שועל ודבש 210 גר,,,קראנצי בטעם שיבולת,גרמים,210.00,100 גרם,false,1,19.90,9.48,true,1,
16229917593,false,"מי קוקוס 330 מ""ל",,,"מי קוקוס 330 מ""ל",מיליליטרים,330.00,"100 מ""ל",false,1,9.10,2.76,true,1,
16229917654,false,"מי קוקוס בתוספת ליצי 330 מ""ל",,,מי קוקוס בתוספת ליצי,מיליליטרים,330.00,"100 מ""ל",false,1,9.10,2.76,true,1,
16229924263,false,"קרם קוקוס 250 מ""ל",,,"קרם קוקוס 250 מ""ל",מיליליטרים,250.00,"100 מ""ל",false,1,10.50,4.20,true,1,
21000067060,false,קרפט מקרוני וגבינה אורגינל 206 גרם,,US,פסטה קראפט מק אנד צי,גרמים,206.00,100 גרם,false,1,10.90,5.29,true,1,
21723339994,false,רוטב דגים 300מ`ל,,,רוטב דגים 300מ`ל,מיליליטרים,300.00,"100 מ""ל",false,1,11.00,3.67,true,1,
25675120037,false,מקלות חמצוצים תות 100 גרם,,,מקלות חמצוצים תות 10,גרמים,100.00,100 גרם,false,1,9.90,9.90,true,1,
25675120044,false,"מקלות חמצוצים תפו""ע 100 גרם",,,"מקלות חמצוצים תפו""ע",גרמים,100.00,100 גרם,false,1,9.90,9.90,true,1,
25675120068,false,מקלות חמצוצים קולה 100 גרם,,,מקלות חמצוצים קולה 1,גרמים,100.00,100 גרם,false,1,9.90,9.90,true,1,
25675121034,false,חמצוצים רחב תות 115 גרם,,,חמצוצים רחב 115 גר ת,גרמים,115.00,100 גרם,false,1,12.60,10.96,true,1,
27000390146,false,רוטב עגבניות  425 גרם HUNTS,,,רוטב עגבניות  425 גר,גרמים,425.00,100 גרם,false,1,12.20,2.87,true,1,
29801025203,false,עוגיות חמאה קריספי - ב. באטרס 200 גר,,,עוגיות חמאה קריספי -,גרמים,200.00,100 גרם,false,1,21.90,10.95,true,1,
30000315989,false,קוואקר פרוטאין חמוציות ושקדים 372 גר,,US,קוואקר פרוטאין חמוצי,גרמים,372.00,100 גרם,false,1,25.90,6.96,true,1,
30891052826,false,דפי אורז 400 גרם,,,דפי אורז 400 גרם,גרמים,400.00,100 גרם,false,1,13.90,3.48,true,1,
31290133321,false,גודייבה סנטה קלאוס פרלינים 65 גרם,,,גודייבה סנטה קלאוס פ,גרמים,65.00,100 גרם,false,1,15.90,24.46,true,1,
33617322616,false,ואזה קלה מקמח שיפון 270 גר,,,ואזה קלה מקמח שיפון,גרמים,270.00,100 גרם,false,1,14.90,5.52,true,1,
33617340610,false,ואזה מקמח שיפון 275 גר,,,ואזה מקמח שיפון 250,גרמים,275.00,100 גרם,false,1,14.90,5.42,true,1,
34000196173,false,טבלת קוקיס אנד קרים 120 גרם XL,,,טבלת קוקיס אנד קרים,גרמים,120.00,100 גרם,false,1,12.40,10.33,true,1,
34000544028,false,ממתקי טוויזלרס תות שדה  198 גרם,,,ממתקי טוויזלרס תות ש,גרמים,198.00,100 גרם,false,1,9.90,5.00,true,1,
38000138638,false,פרינגלס פיצה 158 גרם,,,פרינגלס פיצה 158 גרם,גרמים,158.00,100 גרם,false,1,10.90,6.90,true,1,
38000138720,false,פרינגלס ראנץ 158 גרם,,,פרינגלס ראנץ 158 גרם,גרמים,158.00,100 גרם,false,1,10.90,6.90,true,1,
38000183928,false,פרינגלס חרדל ודבש 158 גרם,,US,פרינגלס חרדל ודבש 15,גרמים,158.00,100 גרם,false,1,10.90,6.90,true,1,
38000197840,false,פרינגלס וייב חריף מתוק 130 גרם,,US,פרינגלס וייב חריף מת,גרמים,137.00,100 גרם,false,1,10.90,7.96,true,1,
38000202278,false,פרינגלס וייב אורגינל 130 גרם,,US,פרינגלס וייב אורגינל,גרמים,130.00,100 גרם,false,1,10.90,8.38,true,1,
38000232152,false,פרינגלס ברביקיו 158 גרם,,,פרינגלס ברביקיו 158,גרמים,158.00,100 גרם,false,1,10.90,6.90,true,1,
38000232176,false,פרינגלס שמנת בצל 158 גרם,,,פרינגלס שמנת בצל 158,גרמים,158.00,100 גרם,false,1,10.90,6.90,true,1,
38527591053,false,דגני בוקר מרובעים קינמון 411 גרם קוואקר,,,דגני בוקר מרובעים קי,גרמים,411.00,100 גרם,false,1,22.90,5.57,true,1,
39000015622,false,C&T סלסה מדיום אורטגה 453 גרם,,,C&T סלסה מדיום אורטג,גרמים,453.00,100 גרם,false,1,25.90,5.72,true,1,
39047005440,false,ווקרס ביסקוויט שוקולד +אגוזי לוז 150 גרם,,,ווקרס ביסקוויט שוקול,גרמים,150.00,100 גרם,false,1,20.90,13.93,true,1,
39047010215,false,"ווקרס עוגיות חמאה ש.ציפס לל""ג 140 גרם",,,ווקרס עוגיות חמאה ש.,Unknown,0.00,Unknown,false,1,23.90,23.90,true,1,
41190064564,false,שופרייט סלסה חריפה 439 גרם,וויקפורן גרופ,,שופרייט סלסה חריפה 4,גרמים,439.00,100 גרם,false,1,20.90,4.76,true,1,
41390001079,false,"רוטב סויה מופחת נתרן קיקומן 444 מ""ל",,US,רוטב סויה מופחת נתרן,מיליליטרים,444.00,"100 מ""ל",false,1,25.10,5.65,true,1,
46214372250,false,"עוגיות  שטרודל תפו""ע  וצימוקים 225 גר",,,"עוגיות  שטרודל תפו""ע",גרמים,225.00,100 גרם,false,1,10.90,4.84,true,1,
46214731552,false,עוגיות מרבה שוקולד ציפס 225 גר,,,עוגיות מרבה שוקולד צ,גרמים,225.00,100 גרם,false,1,10.90,4.84,true,1,
48327203513,false,"שמן זית כתית מעולה 750 מ""ל YBARRA",,ES,שמן זית כתית מעולה 7,מיליליטרים,750.00,"100 מ""ל",false,1,39.90,5.32,true,1,
50000100347,false,פריסקיז מעדני חתול 1.43 גרם,,,פריסקיז מעדני החתול,קילוגרמים,0.00,"ק""ג",false,1,34.90,34.90,true,1,
52100004389,false,קינמון טחון 67 גר,,US,קינמון טחון 67 גר,גרמים,67.00,100 גרם,false,1,24.00,35.82,true,1,
52100004488,false,פפריקה 60 גר,,US,פפריקה 60 גר,גרמים,60.00,100 גרם,false,1,23.50,39.17,true,1,
52100070643,false,תמצית טעם שקדים 29 גר,,US,תמצית טעם שקדים 29 ג,גרמים,29.00,100 גרם,false,1,10.90,37.59,true,1,
52100070780,false,"תמצית תפוז טהורה 29 מ""ל",,US,תמצית תפוז טהורה 29,מיליליטרים,29.00,"100 מ""ל",false,1,18.90,65.17,true,1,
52100070865,false,תמצית וניל טהור 29 גר,,US,תמצית וניל תהור 29 ג,גרמים,29.00,100 גרם,false,1,29.90,103.10,true,1,
52100070995,false,תמצית טעם וניל 59 גר,,US,תמצית טעם וניל 59 גר,גרמים,59.00,100 גרם,false,1,11.90,20.17,true,1,
54881000055,false,תה שחור מבחר פירות 20 שקיות אחמד,,,תה שחור מבחר פירות 2,Unknown,0.00,Unknown,false,1,13.70,13.70,true,1,
54881005654,false,תה ירוק יסמין 20 שקיקים,,,תה ירוק יסמין 20 שקי,Unknown,0.00,Unknown,false,1,17.70,17.70,true,1,
54881006958,false,תה שחור קינמון 20 שקיקים אחמד,,,תה שחור קינמון 20 שק,Unknown,0.00,Unknown,false,1,13.70,13.70,true,1,
54881007511,false,תה ירוק בטעם מנטה 20 שקיקים 40 גר,,,תה ירוק בטעם מנטה 40,Unknown,0.00,Unknown,false,1,17.70,17.70,true,1,
54881008174,false,תה אחמד ארל גריי 100 שקיקים,,,תה אחמד ארל גריי 100,גרמים,180.00,100 גרם,false,1,23.00,12.78,true,1,
55369901703,false,"אפלסנק ללת""ס רסק תפו""ע תות טבעי רביעיות",,,"אפלסנק ללת""ס רסק תפו",גרמים,113.00,100 גרם,false,1,17.50,15.49,true,1,
70177077563,false,תה ארל גריי 25 שקיות טוינינגס 50 גר,,,תה ארל גריי 25 שקיות,גרמים,50.00,100 גרם,false,1,20.90,41.80,true,1,
70177077693,false,תה אנגליש ברקפסט 25 שקיות טוינינגס 50 גר,,,תה אנגליש ברקפסט 25,גרמים,50.00,100 גרם,false,1,20.90,41.80,true,1,
70177078904,false,תה אנגליש ברקפסט 50 שקיות טוינינגס,,PL,תה אינגליש ברקפסט 50,גרמים,100.00,100 גרם,false,1,39.90,39.90,true,1,
70177078966,false,תה ארל גריי 50 שקיות טוינינגס,,PL,תה ארל גריי 50 שקיות,גרמים,100.00,100 גרם,false,1,39.90,39.90,true,1,
70177084769,false,טווינינגס שחור ונילה 50 גרם,,,טווינינגס שחור ונילה,גרמים,50.00,100 גרם,false,1,20.90,41.80,true,1,
70177173203,false,תה ירוק עם מנטה 25 שק. טוינינגס,,PL,תה גרין מינט 37.5 גר,Unknown,0.00,Unknown,false,1,22.90,22.90,true,1,
70177177669,false,חליטה למון גינגר 30 גרם טווינינג,,PL,חליטה למון גינגר 30,Unknown,0.00,Unknown,false,1,19.80,19.80,true,1,
70177177683,false,חליטה קמומיל האני 30 גרם טווינינג,,PL,חליטה קמומיל האני 30,Unknown,0.00,Unknown,false,1,19.80,19.80,true,1,
70177273330,false,חליטת ורבנה 37.5 גרם טווינינג,,PL,חליטת ורבנה 37.5 גרם,גרמים,38.00,100 גרם,false,1,19.80,52.11,true,1,
70970471261,false,סוכריות מייק אנד אייק פירות 141 גר,,,סוכריות מייק אנד איי,גרמים,141.00,100 גרם,false,1,11.90,8.44,true,1,
70970471278,false,מייק אייק פירות יער,,,מייק אייק פירות יער,גרמים,141.00,100 גרם,false,1,11.90,8.44,true,1,
74234815013,false,שימורי מחית שעועית שחורה 430 גר,,,שימורי מחית שעועית ש,גרמים,430.00,100 גרם,false,1,13.90,3.23,true,1,
74570004003,false,גלידה האגן דאז וניל,,,גלידה האגן דאז וניל,גרמים,417.00,100 גרם,false,1,26.90,6.45,true,1,
74570174003,false,גלידה האגן דאז מקדמיה,,,גלידה האגן דאז מקדמי,מיליליטרים,473.00,"100 מ""ל",false,1,26.90,5.69,true,1,
74570610051,false,גלידה האגן דאז שוקולד בלגי,,,גלידה האגן דאז שוקול,גרמים,417.00,100 גרם,false,1,26.90,6.45,true,1,
76808009347,false,עוגיות בטעם חמאה 180 גרם,,,עוגיות בטעם חמאה 180,גרמים,180.00,100 גרם,false,1,16.70,9.28,true,1,
77975036976,false,סלסה מטבל עגב.חריפות עדינה 439 ג סניידרס,,,סלסה מטבל עגב.חריפות,גרמים,439.00,100 גרם,false,1,18.90,4.31,true,1,
77975094624,false,סניידרס שברי בייגלה חמאת בוטנים 270 גר,,,סניידרס שברי בייגלה,גרמים,270.00,100 גרם,false,1,17.70,6.56,true,1,
77975094631,false,סניידרס סנדוויץ בייגלה קרם צידר 283 גר,,,סניידרס סנדוויץ בייג,גרמים,283.00,100 גרם,false,1,17.70,6.25,true,1,
77975094761,false,שברי בייגלה סניידרס בטעם צידר 340 גרם,,,שברי בייגלה סניידרס,גרמים,340.00,100 גרם,false,1,17.70,5.21,true,1,
77975094778,false,שברי בייגלה סניידרס בטעם דבש חרדל 340 גר,,,שברי בייגלה סניידרס,גרמים,340.00,100 גרם,false,1,17.70,5.21,true,1,
77975095157,false,שברי בייגלה סניידרס חלפיניו 318 גר,,US,שברי בייגלה סניידרס,גרמים,318.00,100 גרם,false,1,17.70,5.57,true,1,
82184090442,false,וויסקי גק דניאלס 1 ליטר,,,וויסקי גק דניאלס 1 ל,מיליליטרים,1000.00,"100 מ""ל",false,1,141.90,14.19,true,1,
84213017420,false,מיסלי אורגני אגוזים/צימוקים 500 גרם,,,מיסלי אורגני אגוזים/,גרמים,500.00,100 גרם,false,1,20.90,4.18,true,1,
84380957048,false,סאנט דלפור דובדבן שחור 284 גר,,,סאנט דלפור דובדבן שח,גרמים,284.00,100 גרם,false,1,22.90,8.06,true,1,
84380957642,false,אנט דלפור אפרסקים 284 גרם,,,אנט דלפור אפרסקים 28,גרמים,284.00,100 גרם,false,1,22.90,8.06,true,1,
84380957949,false,סאנט דלפור תפוזים 284 גרם,,,סאנט דלפור תפוזים 28,גרמים,284.00,100 גרם,false,1,22.90,8.06,true,1,
84380984563,false,סאנט דלפור חמוציות ואוכמניות 284 גרם,,,סאנט דלפור חמוציות ו,גרמים,284.00,100 גרם,false,1,22.90,8.06,true,1,
84380985812,false,אנט דלפור פטל שחור 284 גרם,,,אנט דלפור פטל שחור 2,גרמים,284.00,100 גרם,false,1,22.90,8.06,true,1,
85696608037,false,טופו רך ללא גלוטן 340 גר,,,טופו רך ללא גלוטן 34,מיליליטרים,340.00,"100 מ""ל",false,1,14.60,4.29,true,1,
608614323630,false,חטיף חלבון שקדים דובדבן,,,חטיף חלבון שקדים דוב,Unknown,0.00,Unknown,false,1,15.90,15.90,true,1,
608614342631,false,פרסבורגר פרג,,,פרסבורגר פרג,Unknown,0.00,Unknown,false,1,39.90,39.90,true,1,
608614342648,false,שמרים גבינה דובדבן,,,שמרים גבינה דובדבן,Unknown,0.00,Unknown,false,1,39.90,39.90,true,1,
608614342655,false,קראנץ אגוזים,,,קראנץ אגוזים,Unknown,0.00,Unknown,false,1,39.90,39.90,true,1,
608614342693,false,קראנץ חלבה,,,קראנץ חלבה,Unknown,0.00,Unknown,false,1,39.90,39.90,true,1,
608614342754,false,עוגיות פרימיום,,,עוגיות פרימיום,Unknown,0.00,Unknown,false,1,37.90,37.90,true,1,
608614342815,false,מארז לחמניות,,,מארז לחמניות,Unknown,0.00,Unknown,false,1,16.90,16.90,true,1,
608614342921,false,חלת שמרים,,,חלת שמרים,Unknown,0.00,Unknown,false,1,15.90,15.90,true,1,
608614342990,false,חצי עוגת שמרים,,,חצי עוגת שמרים,Unknown,0.00,Unknown,false,1,24.90,24.90,true,1,
608614343065,false,חצי לחם מחמצת,,,חצי לחם מחמצת,Unknown,0.00,Unknown,false,1,12.90,12.90,true,1,
608614343072,false,לחם שיפון 100% קוביה,,,מארז בגט,Unknown,0.00,Unknown,false,1,16.90,16.90,true,1,
613008753290,false,"אריזונה אפרסק 450 מ""ל",,BG,"אריזונה אפרסק 450 מ""",מיליליטרים,450.00,"100 מ""ל",false,1,7.90,1.76,true,1,
613008753320,false,"אריזונה גינסנג ודבש 450 מ""ל",,BG,אריזונה גינסנג ודבש,מיליליטרים,450.00,"100 מ""ל",false,1,7.90,1.76,true,1,
613008753351,false,"אריזונה רימונים 450 מ""ל",,BG,אריזונה רימונים 450,מיליליטרים,450.00,"100 מ""ל",false,1,7.90,1.76,true,1,
613008753382,false,"אריזונה אוכמניות 450 מ""ל",,BG,אריזונה אוכמניות 450,מיליליטרים,450.00,"100 מ""ל",false,1,7.90,1.76,true,1,
638102201010,false,חטיף זון קלסיק שוקולד חמאת בוטנים 50 גר,,,חטיף זון קלסיק שוקול,גרמים,50.00,100 גרם,false,1,13.90,27.80,true,1,
649870165695,false,חטיף נייטיב לכלב מקל,,,חטיף נייטיב לכלב מקל,Unknown,1.00,Unknown,false,1,14.90,14.90,true,1,
693493095501,false,מעמול תמרים,,,מעמול תמרים,Unknown,0.00,Unknown,false,1,37.90,37.90,true,1,
693493095914,false,מארז שנק וניל,,,מארז שנק וניל,Unknown,0.00,Unknown,false,1,26.90,26.90,true,1,
693493095921,false,מארז רוגלך בטעמים,,,מארז רוגלך בטעמים,Unknown,0.00,Unknown,false,1,26.90,26.90,true,1,
721733000715,false,"פטרון אניחו טקילה 700 מ""ל",,,פטרון אניחו טקילה 70,מיליליטרים,700.00,"100 מ""ל",false,1,230.90,32.99,true,1,
728229123613,false,ציפס 110 גרם טרה כחול,,,ציפס 110 גרם טרה כחו,גרמים,110.00,100 גרם,false,1,16.90,15.36,true,1,
728229123811,false,ציפס 110 גרם טרה בטטה,,,ציפס 110 גרם טרה בטט,גרמים,110.00,100 גרם,false,1,16.90,15.36,true,1,
728229124764,false,חטיף ציפס בטטה עם מלח ים 110 גרם,,US,חטיף ציפס בטטה עם מל,גרמים,110.00,100 גרם,false,1,16.90,15.36,true,1,
728229130444,false,חטיף ציפס מירקות כחולים עם מלח 110 גרם,,,חטיף ציפס מירקות כחו,גרמים,110.00,100 גרם,false,1,16.90,15.36,true,1,
753182340302,false,אבקת וואסבי 35 גרם קינגדאוו,,,אבקת וואסבי 35 גרם ק,גרמים,35.00,100 גרם,false,1,18.90,54.00,true,1,
839762000641,false,משקה איילנד מנגו 1 ליטר,,,משקה איילנד מנגו 1 ל,מיליליטרים,1000.00,"100 מ""ל",false,1,15.90,1.59,true,1,
839762002379,false,"איילנד מנגו 350 מ""ל",,,"איילנד מנגו 350 מ""ל",מיליליטרים,350.00,"100 מ""ל",false,1,6.90,1.97,true,1,
839762002386,false,"איילנד גויאבה 350 מ""ל",,,"איילנד גויאבה 350 מ""",מיליליטרים,350.00,"100 מ""ל",false,1,6.90,1.97,true,1,
850006036028,false,מאפה חיטה עבאדי מקלונים סלק ובצל 400 גר,,,מאפה חיטה עבאדי מקלו,גרמים,400.00,100 גרם,false,1,21.90,5.48,true,1,
851621000043,false,"בירה 1664 Blanc בקבוק 330 מ""ל",,,בירה 1664 Blanc בקבו,מיליליטרים,330.00,"100 מ""ל",false,1,10.50,3.18,true,1,
851621000050,false,"שישיית בירה 1664 Blanc בקבוק 330 מ""ל",,,שישיית בירה 1664 Bla,מיליליטרים,1980.00,"100 מ""ל",false,1,49.90,2.52,true,1,
856591000109,false,עבאדי עוגיות מזרחיות פריך במיוחד 400 גרם,,,עבאדי עוגיות מזרחיות,גרמים,400.00,100 גרם,false,1,21.90,5.48,true,1,
2261746002521,false,גבינת בלו סטילטון אנגלית במשקל,,,גבינת בלו סטילטון,Unknown,0.00,"ק""ג",true,0,189.00,189.00,true,1,
3046920010801,false,לינדט שוקולד אקסלנס הזלנט 100 גר,,,לינדט שוקולד אקסלנס,גרמים,100.00,100 גרם,false,1,17.90,17.90,true,1,
3046920010856,false,לינדט שוקולד אקסלנס לימון גינגיר 100 גר,,CH,לינדט שוקולד אקסלנס,גרמים,100.00,100 גרם,false,1,17.90,17.90,true,1,
3046920016377,false,לינדט שוקולד אקסלנס מריר 100% קקאו 50 גר,,FR,לינדט שוקולד אקסלנס,גרמים,50.00,100 גרם,false,1,17.90,35.80,true,1,
3046920028004,false,לינדט שוקולד אקסלנס מריר 70% 100 גר,,,לינדט שוקולד אקסלנס,גרמים,100.00,100 גרם,false,1,17.90,17.90,true,1,
3046920028363,false,לינדט אקסלנס 85% 100 גרם,,,לינדט אקסלנס 85% 100,גרמים,100.00,100 גרם,false,1,17.90,17.90,true,1,
3046920028721,false,לינדט אקסלנס 99% 50 גרם,,,לינדט אקסלנס 99%,גרמים,50.00,100 גרם,false,1,17.90,35.80,true,1,
3046920028752,false,לינדט אקסלנס מינט 100 גרם,,,לינדט אקסלנס מינט 10,גרמים,100.00,100 גרם,false,1,17.90,17.90,true,1,
3046920029759,false,"לינדט אקס 90%, 100 גרם",,,"לינדט אקס 90%, 100 ג",גרמים,100.00,100 גרם,false,1,17.90,17.90,true,1,
3068320055008,false,מים מינרלים אוויאן 500 מל,,,מים מינרלים אוויאן 5,מיליליטרים,500.00,"100 מ""ל",false,1,7.90,1.58,true,1,
3068320063003,false,מים מינרלים אוויאן  330 מל,,,מים מינרלים אוויאן,מיליליטרים,330.00,"100 מ""ל",false,1,6.50,1.97,true,1,
3073780593083,false,גבינה לה וואש קירי 32 480 גר,,,גבינה לה וואש קירי,גרמים,480.00,100 גרם,false,1,51.50,10.73,true,1,
3073781162790,false,בייבי בל אדם 120 גר,,,בייבי בל אדם 120 גר,גרמים,120.00,100 גרם,false,1,21.90,18.25,true,1,
3092718586799,false,"סירופ קסיס אוכמניות 600 מ""ל טסייר",,,סירופ קסיס אוכמניות,מיליליטרים,600.00,"100 מ""ל",false,1,40.80,6.80,true,1,
3161911366429,false,אלוויר חמאה רכה מלוחה 250 גר,,,אלוויר חמאה רכה מלוח,גרמים,250.00,100 גרם,false,1,23.90,9.56,true,1,
3175529633934,false,יין לבן ויו פאפ שרדונה קולומברד 750 מל,,FR,יין לבן ויו פאפ שרדו,Unknown,0.00,Unknown,false,1,43.90,43.90,true,1,
3175529633941,false,"יין אדום ויו פאפ מרלו סירה 750 מ""ל",,FR,יין אדום ויו פאפ מרל,Unknown,0.00,Unknown,false,1,43.90,43.90,true,1,
3175529653062,false,יין רוזה ויו פאפ גראנש מרלו 750 מל,,FR,יין רוזה ויו פאפ גרא,Unknown,0.00,Unknown,false,1,43.90,43.90,true,1,
3178530402353,false,מיני מדליינס סאן מישל 175 גרם,,,מיני מדליינס סאן מיש,גרמים,175.00,100 גרם,false,1,12.90,7.37,true,1,
3178530407938,false,מיני מדליין 175 גר,,,מיני מדליין 175 גר,גרמים,175.00,100 גרם,false,1,14.90,8.51,true,1,
3180611042839,false,"יין ליברטין 750 מ""ל",,FR,"יין ליברטין 750 מ""ל",מיליליטרים,750.00,"100 מ""ל",false,1,57.90,7.72,true,1,
3181448676013,false,"יין רוזה מיסטרל קוט דה פרובאנס 750 מ""ל",,FR,יין רוזה מיסטרל קוט,Unknown,0.00,Unknown,false,1,83.90,83.90,true,1,
3184030003570,false,גבינה קממברט 250 גר מנות,,,גבינה קממבר 250 גר,גרמים,250.00,100 גרם,false,1,46.50,18.60,true,1,
3211200008049,false,"יין לאודלה רוזה 750 מ""ל",,FR,יין לאודלה רוזה 750,מיליליטרים,750.00,"100 מ""ל",false,1,49.90,6.65,true,1,
3211200108756,false,"יין מיזון קסטל מרלו רוזה 750 מ""ל",,,יין מיזון קסטל מרלו,Unknown,0.00,Unknown,false,1,48.90,48.90,true,1,
3211201046439,false,מיזון קסטל קברנה סוביניון 750 מל,,,מיזון קסטל קברנה סוב,Unknown,0.00,Unknown,false,1,48.90,48.90,true,1,
3211203429315,false,ברון דה לסטאק בלאן בורדו 750 מל,,,ברון דה לסטאק בלאן,Unknown,0.00,Unknown,false,1,65.90,65.90,true,1,
3211203433220,false,ברון דה לסטאק בורדו 750 מל,,,ברון דה לסטאק בורדו,Unknown,0.00,Unknown,false,1,65.90,65.90,true,1,
3211203444103,false,מיזון קסטל גרנד רזרב ק. סוביניון 750 מ,,,מיזון קסטל גרנד רזרב,Unknown,0.00,Unknown,false,1,52.90,52.90,true,1,
3211203448347,false,שאטו דו לורט בורדו 750 מל,,,שאטו דו לורט בורדו,Unknown,0.00,Unknown,false,1,67.90,67.90,true,1,
3211209117964,false,"מיזון קסטל קוט דה פרובנס רוזה 750 מ""ל",,,מיזון קסטל קוט דה פר,Unknown,0.00,Unknown,false,1,67.90,67.90,true,1,
3211209133544,false,"יין שאטו גואלן 750 מ""ל",,FR,יין שאטו גואלן 750 מ,מיליליטרים,750.00,"100 מ""ל",false,1,73.90,9.85,true,1,
3211209133698,false,שאטו טור פרינאק קרו ברזואה מדוק 750 מל,,,שאטו טור פרינאק,Unknown,0.00,Unknown,false,1,88.90,88.90,true,1,
3211209134510,false,"יין שאטו דה הוט קולון 750 מ""ל",,FR,יין שאטו דה הוט קולו,מיליליטרים,750.00,"100 מ""ל",false,1,142.90,19.05,true,1,
3211209217602,false,מיזון רוזה דאנזו חצי מתוק 750 מל,,,מיזון רוזה דאנזו חצי,Unknown,0.00,Unknown,false,1,52.90,52.90,true,1,
3211209265900,false,"יין פמלי קסטל ברוט מבעבע 750 מ""ל",,,יין מיזון קסטל ברוט,Unknown,0.00,Unknown,false,1,65.90,65.90,true,1,
3211209282167,false,"מיזון קסטל ברוט רוזה מבעבע 750 מ""ל",,,מיזון קסטל ברוט רוזה,Unknown,0.00,Unknown,false,1,65.90,65.90,true,1,
3211209719342,false,שאטו דו בוסקה קוט דה בורג 750 מל,,,שאטו דו בוסקה קוט דה,Unknown,0.00,Unknown,false,1,86.90,86.90,true,1,
3211209968030,false,יין קמברה שרדונה 1 ליטר,קמברה,,יין קמברה שרדונה 1 ל,Unknown,0.00,Unknown,false,1,39.90,39.90,true,1,
3211209968832,false,"יין מיזון קסטל ויוניה 750 מ""ל",,,יין מיזון קסטל ויוני,Unknown,0.00,Unknown,false,1,48.90,48.90,true,1,
3211209972174,false,"יין לה קלנדיירס 750 מ""ל",,,יין לה קלנדיירס 750,Unknown,0.00,Unknown,false,1,41.90,41.90,true,1,
3211209973379,false,"יין לאודלה מרסאן רוסיאן 750 מ""ל",,FR,יין לאודלה מרסאן רוס,מיליליטרים,750.00,"100 מ""ל",false,1,49.90,6.65,true,1,
3211209991793,false,ברון דה לסטק בורדו מואל לבן חצי מתוק 750,,,ברון דה לסטק בורדו מ,Unknown,0.00,Unknown,false,1,65.90,65.90,true,1,
3211209999553,false,"יין לאודלה קברנה סוביניון 750 מ""ל",,FR,יין לאודלה קברנה סוב,מיליליטרים,750.00,"100 מ""ל",false,1,49.90,6.65,true,1,
3211209999584,false,"יין לאודלה מרלו 750 מ""ל",,FR,יין לאודלה מרלו 750,מיליליטרים,750.00,"100 מ""ל",false,1,49.90,6.65,true,1,
3245990969419,false,"קוניאק הנסי 700 מ""ל  V.S.O.P",,,"קוניאק הנסי 700 מ""ל",מיליליטרים,700.00,"100 מ""ל",false,1,272.90,38.99,true,1,
3245995960015,false,הנסי 700 V.S באריזת מתנה,,,הנסי 700 V.S באריזת,מיליליטרים,700.00,"100 מ""ל",false,1,157.90,22.56,true,1,
3256760106392,false,חמאה צרפתית 100 גר פלשארד,,FR,חמאה צרפתית 100 גר,גרמים,100.00,100 גרם,false,1,5.90,5.90,true,1,
3256760106408,false,פלשארד בסגנון פטה 500 גר,,,פלשארד בסגנון פטה 50,גרמים,500.00,100 גרם,false,1,13.50,2.70,true,1,
3256761201003,false,פלשארד בסגנון פטה מעודנת 500 גר קרטונית,,,פלשארד בסגנון פטה מע,גרמים,500.00,100 גרם,false,1,13.50,2.70,true,1,
3257150100204,false,"קוניאק צרפתי מיוקוב 700 מ""ל V.S",,,קוניאק צרפתי מיוקוב,מיליליטרים,700.00,"100 מ""ל",false,1,157.90,22.56,true,1,
3271470759935,false,"סיידר אותנטיק יבש 750 מ""ל",,,סיידר אותנטיק יבש,מיליליטרים,750.00,"100 מ""ל",false,1,23.90,3.19,true,1,
3276210810105,false,יין לה פטיט פרייר סוביניון בלאן 750 מל,,,יין לה פטיט פרייר סו,Unknown,0.00,Unknown,false,1,52.90,52.90,true,1,
3289850041419,false,"יין מולנייר קברנה פרנק 750 מ""ל",,FR,יין מולנייר שנין בלא,מיליליטרים,750.00,"100 מ""ל",false,1,69.90,9.32,true,1,
3335121604934,false,חרדל דיגון 370 גרם (חלק),,,חרדל דיגון 370 גרם (,גרמים,370.00,100 גרם,false,1,11.90,3.22,true,1,
3387390320244,false,דגני בוקר פיטנס עם פירות 375 גרם,,,דגני בוקר פיטנס עם פ,גרמים,375.00,100 גרם,false,1,22.90,6.11,true,1,
3415581117110,false,"האגן דאז שמנת קרמל ובסקוויטים 500 מ""ל",,,גלידה האגן דאז שמנת,מיליליטרים,500.00,"100 מ""ל",false,1,26.90,5.38,true,1,
3415581187113,false,האגן דאז קרמל בראוניס,,,האגן דאז קרמל בראוני,מיליליטרים,500.00,"100 מ""ל",false,1,26.90,5.38,true,1,
3451271002809,false,"יין אלן זופרואה שאבלי 750 מ""ל",,,אלן זופרואה שאבלי,Unknown,0.00,Unknown,false,1,109.90,109.90,true,1,
3451276001012,false,"יין גופרואה פטיט שאבלי 750 מ""ל",,FR,יין גופרואה פטיט שאב,מיליליטרים,750.00,"100 מ""ל",false,1,94.90,12.65,true,1,
3523230025652,false,מיני בושה עם שום ועשי תיבול 125 גר,,,גבינה מיני בושה,גרמים,125.00,100 גרם,false,1,25.90,20.72,true,1,
3523230026888,false,גב עיזים למריחה שום ועשבי תיבול פירמידה,,,גב עיזים למריחה שום,גרמים,140.00,100 גרם,false,1,25.90,18.50,true,1,
3607347918981,false,דאו רולאון לאישה אדידס 6 ב1 קול אנד קר50,,ES,דאו רולאון לנשים אדי,מיליליטרים,50.00,"100 מ""ל",false,1,13.90,27.80,true,1,
3608580730231,false,קונפיטורה בטעם תות 370 גר BONNE MAMAN,,,קונפיטורה בטעם תות 3,גרמים,370.00,100 גרם,false,1,21.90,5.92,true,1,
3608580730323,false,קונפיטורה בטעם פטל 370 גר BONNE MAMAN,,,קונפיטורה בטעם פטל 3,גרמים,370.00,100 גרם,false,1,21.90,5.92,true,1,
3760009240346,false,"גרנד ונור רזרב קוט דה רון 750 מ""ל",,FR,גרנד ונור רזרב קוט ד,מיליליטרים,750.00,"100 מ""ל",false,1,67.90,9.05,true,1,
3770000016758,false,יין פטיט שבלי דומיין דה שאטיון כש 750 מ,,FR,יין פטיט שבלי דומיין,Unknown,0.00,Unknown,false,1,94.90,94.90,true,1,
3770000016796,false,"יין שבלי דומיין דה שאטיון כשל""פ 750 מ""ל",,FR,יין שבלי דומיין דה ש,Unknown,0.00,Unknown,false,1,94.90,94.90,true,1,
3800103422238,false,"משקה בטעם לימון ליים + ויטמינים 330 מ""ל",,BG,משקה בטעם לימון ליים,מיליליטרים,330.00,"100 מ""ל",false,1,8.90,2.70,true,1,
3800740021870,false,ממרח ירוקות לוטניצה 265 גר,,BG,ממרח ירוקות לוטניצה,גרמים,265.00,100 גרם,false,1,20.90,7.89,true,1,
3838945007870,false,מיץ תפוזים 100% עם ויטמין סי 1 ליטר,,,מיץ תפוזים 100% עם ו,מיליליטרים,1000.00,"100 מ""ל",false,1,15.40,1.54,true,1,
3838945028547,false,"מיץ תפוח עץ 100% סחוט 200 מ""ל FRUCTAL",,,מיץ תפוח עץ 100% סחו,מיליליטרים,200.00,"100 מ""ל",false,1,4.90,2.45,true,1,
3850104008597,false,תערובת תבלינים עם ירקות ווגטה 250 גר,,HR,תערובת תבלינים עם יר,גרמים,250.00,100 גרם,false,1,21.90,8.76,true,1,
4000161060147,false,נידרגר שוקולד חלב במילוי מרציפן 110 גר,,,נידרגר שוקולד חלב במ,גרמים,110.00,100 גרם,false,1,21.90,19.91,true,1,
4000417023001,false,שוקולד RITTER SPORT שקדים 100 גרם,,,שוקולד RITTER SPORT,גרמים,100.00,100 גרם,false,1,11.90,11.90,true,1,
4000417025005,false,שוקולד ריטר ספורט מרצפן 100 גרם,,,שוקולד RITTER SPORT,גרמים,100.00,100 גרם,false,1,9.90,9.90,true,1,
4000417222008,false,שוקולד ריטר ספורט חלב עם אגוזים 100 גר,,,שוקולד ריטר ספורט חל,גרמים,100.00,100 גרם,false,1,9.90,9.90,true,1,
4000417294005,false,שוקולד ריטר ספורט מוס קקאו 100 גרם,,,שוקולד RITTER SPORT,גרמים,100.00,100 גרם,false,1,9.90,9.90,true,1,
4000417707000,false,שוקולד RITTER SPORT שקדים 100 גרם,,,ריטר ספורט חלב קשיו,גרמים,100.00,100 גרם,false,1,11.90,11.90,true,1,
4000504149027,false,גבינת קממבר דה לוקס 125 גרם,,,גבינת קממבר דה לוקס,גרמים,125.00,100 גרם,false,1,23.00,18.40,true,1,
4000504149324,false,גבינת רוגט גרמני 125 גרם,,DE,גבינת רוגט גרמני 125,גרמים,125.00,100 גרם,false,0,24.00,19.20,true,1,
4000504149423,false,גבינת קמבוזולה 125 גרם,,DE,גבינת קמבוזולה 125 ג,גרמים,125.00,100 גרם,false,1,23.00,18.40,true,1,
4000504213028,false,גבינה דורבלו גרמנית במשקל,,,גבינה דורבלו גרמנית,Unknown,0.00,"ק""ג",true,0,189.00,189.00,true,1,
4000512010890,false,טרולי גומי יוגורט פירות 200 ג,,DE,טרולי גומי יוגורט פי,גרמים,200.00,100 גרם,false,1,10.90,5.45,true,1,
4000539280726,false,שוקולד לינדט אקסלנס מילד 70% 100 גר,,DE,שוקולד לינדט אקסלנס,גרמים,100.00,100 גרם,false,1,10.00,10.00,true,1,
4000539363108,false,שוקולד לינדור סטיקס 38 גרם,,,שוקולד לינדור סטיקס,גרמים,38.00,100 גרם,false,1,8.30,21.84,true,1,
4001507161955,false,קווקר פתיתי שיבולת שועל עבה 500 גר,,,קווקר פתיתי שיבולת ש,גרמים,500.00,100 גרם,false,1,6.50,1.30,true,1,
4001686301524,false,הריבו גולדבירס מיני דובוני גומי 250 גרם,,DE,הריבו גולדבירס מיני,גרמים,250.00,100 גרם,false,1,17.70,7.08,true,1,
4002103250487,false,"בירה ארדינגר בהירה 500 מ""ל בקבוק",,,בירה ארדינגר בהירה 5,מיליליטרים,500.00,"100 מ""ל",false,1,12.90,2.58,true,1,
4004666042004,false,מלרוד מרסס לעובש,,,מלרוד מרסס לעובש,Unknown,0.00,Unknown,false,1,33.50,33.50,true,1,
4006298004009,false,"בירה טוכר הלס הפוויצן 500 מ""ל",,,בירה טוכר הלס הפוויצ,מיליליטרים,500.00,"100 מ""ל",false,1,15.90,3.18,true,1,
4007745058811,false,חרדל צרפתי חלק אורגני 200 גרם,,,חרדל צרפתי חלק אורגנ,גרמים,200.00,100 גרם,false,1,16.50,8.25,true,1,
4007993031260,false,"גלידה אוראו בכוס 480 מ""ל",,GB,גלידה אוראו בכוס 480,מיליליטרים,480.00,"100 מ""ל",false,1,37.90,7.90,true,1,
4008287051032,false,"בירה קרובמאכר 500מ""ל",,DE,בירה קרומבאכר פילס,מיליליטרים,500.00,"100 מ""ל",false,1,10.90,2.18,true,1,
4008287058222,false,"בירה כהה קרומבאכר 330 מ""ל",,,בירה כהה קרומבאכר 33,מיליליטרים,330.00,"100 מ""ל",false,1,13.90,4.21,true,1,
4008287905786,false,בירה קרומבאכר חיטה  5.3% פחית 500 מל,,DE,בירה קרומבאכר חיטה,מיליליטרים,500.00,"100 מ""ל",false,1,10.90,2.18,true,1,
4009300522935,false,פומפדור תה ירוק עם לימונית ולואיזה,,,פומפדור תה ירוק עם ל,Unknown,0.00,Unknown,false,1,24.50,24.50,true,1,
4009300530121,false,פומפדור חליטה קרה אפרסק פסיפלורה 45 גר,,,פומפדור חליטה קרה אפ,גרמים,45.00,100 גרם,false,1,16.90,37.56,true,1,
4009900402965,false,מסטיק אורביט WHITE בטעם פירות,,,מסטיק אורביט WHITE ב,Unknown,0.00,Unknown,false,1,11.90,11.90,true,1,
4009900403023,false,מסטיק אורביט WHITE בטעם מנטה,,,מסטיק אורביט WHITE ב,Unknown,0.00,Unknown,false,1,11.90,11.90,true,1,
4009900420129,false,מסטיק אורביט פרופשיונל פפרמינט בקבוקון,,PL,מסטיק אורביט פרופשיו,Unknown,0.00,Unknown,false,1,11.90,11.90,true,1,
4009900426039,false,מסטיק איירוויבז מנטה אקליפטוס בקבוקון 64,,PL,מסטיק איירוויבז מנטה,גרמים,64.00,100 גרם,false,1,11.90,18.59,true,1,
4009900479998,false,"מסטיק אורביט לל""ס אוכמניות בקבוקון",,,"מסטיק אורביט לל""ס או",Unknown,0.00,Unknown,false,1,11.90,11.90,true,1,
4009900531122,false,מסטיק אורביט פרופשיונל ספירמינט בקבוקון,,PL,מסטיק אורביט פרופשיו,Unknown,0.00,Unknown,false,1,11.90,11.90,true,1,
4009900535519,false,אורביט רפרשרס ספירמינט  אישית   15.6 גר,,PL,אורביט רפרשרס ספירמי,גרמים,16.00,100 גרם,false,1,4.50,28.13,true,1,
4009900535823,false,אורביט רפרשרס באבלמינט אישית   15.6 גר,,PL,אורביט רפרשרס באבלמי,גרמים,16.00,100 גרם,false,1,4.50,28.13,true,1,
4009900539685,false,מסטיק פייב באונס מנטה בקבוקון 61.8 גר,,,מסטיק פייב באונס מנט,גרמים,62.00,100 גרם,false,1,12.90,20.81,true,1,
4011800567613,false,קורני מילק דארק וואיט 4 יח 120 גר,,DE,קורני מילק דארק וואי,גרמים,120.00,100 גרם,false,1,13.90,11.58,true,1,
4011800628512,false,חטיף קורני שוקולד חלב 6 יח 150 גר,,DE,חטיף קורני שוקולד חל,גרמים,150.00,100 גרם,false,1,13.90,9.27,true,1,
4011800630515,false,חטיף קורני שוקולד חלב ובננה 6 יח 150 גר,,DE,חטיף קורני שוקולד חל,גרמים,150.00,100 גרם,false,1,13.90,9.27,true,1,
4012200151280,false,"KUHNE חומץ בן יין לבן 100 מ""ל",,DE,KUHNE חומץ בן יין לב,מיליליטרים,100.00,"100 מ""ל",false,1,7.90,7.90,true,1,
4014400914245,false,טבלת מרסי שוקולד חלב מעולה 100 גרם,,,טבלת מרסי שוקולד חלב,גרמים,100.00,100 גרם,false,1,11.90,11.90,true,1,
4014400914252,false,מרסי שוקולד חלב אגוזי לוז ושקדים 100 גר,,,מרסי שוקולד חלב אגוז,גרמים,100.00,100 גרם,false,1,11.90,11.90,true,1,
4014400914276,false,טבלת מרסי שוקולד מריר מעולה 100 גרם,,,טבלת מרסי שוקולד מרי,גרמים,100.00,100 גרם,false,1,11.90,11.90,true,1,
4014400923711,false,טופיפי 125 גרם כשלפ,,,טופיפי 125 גרם,גרמים,125.00,100 גרם,false,1,13.90,11.12,true,1,
4014400925319,false,וורטר פופקורן קרמל 140 גר,,DE,וורטר פופקורן קרמל 1,גרמים,140.00,100 גרם,false,1,16.90,12.07,true,1,
4014400931327,false,וורטר פופקורן קרמל  עם גרעינים 140 גר,,DE,פופקורן קרמל גרעינים,גרמים,140.00,100 גרם,false,1,16.90,12.07,true,1,
4015400681670,false,תחבושות אולוויז לילה בטוח וליו פק 18 יח,,,תחבושות אולוויז לילה,Unknown,0.00,Unknown,false,1,22.90,22.90,true,1,
4015400755241,false,תחבושות אולוויז וליו פק נורמל+ 28 יח,,,תחבושות אולוויז וליו,Unknown,0.00,Unknown,false,1,22.90,22.90,true,1,
4015400990482,false,אריאל אבקת כביסה קולור 3 קג,,,אריאל אבקת כביסה קול,קילוגרמים,0.00,"ק""ג",false,1,43.90,43.90,true,1,
4015600762902,false,"הד&שולדרס שמפו מנטול 500 מ""ל",,,הד&שולדרס שמפו 500 מ,מיליליטרים,500.00,"100 מ""ל",false,1,24.90,4.98,true,1,
4015600807436,false,דאו גל 75 מל CW-PB,,,דאו גילט גל לגבר 75,מיליליטרים,75.00,"100 מ""ל",false,1,22.90,30.53,true,1,
4018344564634,false,פילה הרינג ברוטב פלפל ומנגו לארסן 200 גר,,,פילה הרינג ברוטב פלפ,גרמים,200.00,100 גרם,false,1,11.90,5.95,true,1,
4018722100157,false,פוזילי כוסמין מלא אורגני 250 גרם,,,פוזילי כוסמין מלא או,גרמים,250.00,100 גרם,false,1,12.90,5.16,true,1,
4025700001962,false,שוקולד לבן מילקה 100 ג,,,שוקולד לבן מילקה 100,גרמים,100.00,100 גרם,false,1,7.90,7.90,true,1,
4026701001081,false,מולהאוזר-קונפיטורת שזיפים 450 גר,,,מולהאוזר-קונפיטורת ש,גרמים,450.00,100 גרם,false,1,9.50,2.11,true,1,
4032900124254,false,ווינסטון קומפלקט ברי PP חפיסה,,,ווינסטון קומפלקט ברי,Unknown,0.00,Unknown,false,1,28.50,28.50,true,1,
4033100014529,false,LD  סלימס,,,LD  סלימס בודד,Unknown,0.00,Unknown,false,1,25.90,25.90,true,1,
4033100046490,false,ווינסטון AQUA 100 חפיסה,,,ווינסטון AQUA 100 חפ,יחידה,1.00,יחידה,false,1,30.90,30.90,true,1,
4033100064036,false,וינסטון כחול טבק לגלגול חפיסה,,,וינסטון כחול טבק לגל,יחידה,1.00,יחידה,false,1,76.90,76.90,true,1,
4043058010412,false,טבק אמריקן ספיריט צהוב פאוצ,,,טבק אמריקן ספיריט צה,יחידה,1.00,יחידה,false,1,81.90,81.90,true,1,
4056489379508,false,קונטיננטל-ביסקויט סנדוויץ עם קרם חלב 250,,,קונטיננטל-ביסקויט סנ,גרמים,250.00,100 גרם,false,1,5.90,2.36,true,1,
4056489379515,false,קונטיננטל-ביסקויט סנדוויץ עם קרם שוק 250,,,קונטיננטל-ביסקויט סנ,גרמים,250.00,100 גרם,false,1,5.90,2.36,true,1,
4061445096689,false,קפה דוידוף מגורען 100 גר ESPRESSO 57,,,קפה דווידוף אספרסו 5,גרמים,100.00,100 גרם,false,1,23.90,23.90,true,1,
4061445096726,false,קפה דוידוף מגורען 100 גר RICH AROMA,,CO,קפה דווידוף ריץ ארומ,גרמים,100.00,100 גרם,false,1,23.90,23.90,true,1,
4062432001709,false,זנטיס מרציפן במילוי קרם שקדים 40 גרם,,DE,זנטיס מרציפן במילוי,Unknown,40.00,Unknown,false,1,6.90,0.17,true,1,
4062432001808,false,זנטיס מרציפן במילוי קרם נוגט 40 גרם,,DE,זנטיס מרציפן במילוי,Unknown,40.00,Unknown,false,1,6.90,0.17,true,1,
4062432001907,false,זנטיס מרציפן במילוי קרם קוקוס 40 גרם,,DE,זנטיס מרציפן במילוי,Unknown,40.00,Unknown,false,1,6.90,0.17,true,1,
4066600601920,false,"בירה פאולנר 500 מ""ל פחית",,DE,"בירה פאולנר 500 מ""ל",מיליליטרים,500.00,"100 מ""ל",false,1,12.90,2.58,true,1,
4066600999614,false,"בירה פאולנר חיטה 500 מ""ל בקובק",,,בירה פאולנר חיטה 500,מיליליטרים,500.00,"100 מ""ל",false,1,12.90,2.58,true,1,
4100130937163,false,בירה בקס שישייה 6*275 מל,,,בירה בקס שישייה 6*27,ליטרים,0.00,ליטר,false,1,34.90,34.90,true,1,
4101540707353,false,שטולן לחם צימוקים וקליפות הדרים מסוכ 500,,,שטולן לחם צימוקים וק,גרמים,500.00,100 גרם,false,1,28.90,5.78,true,1,
4101540710919,false,שטולן לחם בטעם מרציפן וצימוקים 500 גרם,,,שטולן לחם בטעם מרציפ,גרמים,500.00,100 גרם,false,1,28.90,5.78,true,1,
4101940426823,false,"בירה 500 מ""ל 7.9% APOSTEL BRAU",,,"בירה 500 מ""ל 7.9% AP",מיליליטרים,500.00,"100 מ""ל",false,1,8.50,1.70,true,1,
4105120623941,false,"בירה ויינשטפן  500 מ""ל בקבוק",,,בירה ויינשטפן  500 מ,מיליליטרים,330.00,"100 מ""ל",false,1,13.90,4.21,true,1,
4105120624412,false,"בירה ויינשטפן ויטוס 500 מ""ל",,IL,בירה ויינשטפן ויטוס,מיליליטרים,500.00,"100 מ""ל",false,1,13.90,2.78,true,1,
4260007240151,false,ממרח חצילים אולן 360 גר,,,ממרח חצילים אולן 360,גרמים,350.00,100 גרם,false,1,13.90,3.97,true,1,
4260007247907,false,"עגבניות מוחמצות גולד כבושות אולן 1.6 ק""ג",,,עגבניות אולן גולד כב,קילוגרמים,0.00,"ק""ג",false,1,31.90,31.90,true,1,
4600300079865,false,בונבוניירה חלב ציפורים 200 גר,,,בונבוניירה חלב ציפור,גרמים,200.00,100 גרם,false,1,17.90,8.95,true,1,
4600528357981,false,"רוטב מיונז ""המבורגר""",,RU,"רוטב מיונז ""המבורגר""",גרמים,233.00,100 גרם,false,1,10.90,4.68,true,1,
4600528359091,false,רוטב מיונז סנדוויץ 233 גר ASTORIA,,RU,רוטב מיונז סנדוויץ 2,גרמים,233.00,100 גרם,false,1,10.90,4.68,true,1,
4600625314498,false,גלידה פלומביר אסקימו 80 גר,,,גלידה פלומביר אסקימו,גרמים,80.00,100 גרם,false,1,6.90,8.63,true,1,
4600659010854,false,"וודקה 40% סטולי 700 מ""ל",,,וודקה 40% סטולי 700,מיליליטרים,700.00,"100 מ""ל",false,1,64.90,9.27,true,1,
4600682409458,false,"בירה בלטיקה מס 9  450 מ""ל פחית",,,בירה בלטיקה מס 9  45,מיליליטרים,450.00,"100 מ""ל",false,1,9.90,2.20,true,1,
4600823197152,false,שוקולד ARTPASSION שקדים 75% 100 גרם,,,שוקולד ARTPASSION שק,גרמים,100.00,100 גרם,false,1,10.60,10.60,true,1,
4601576010170,false,"רוטב תיבול עם ביצי שליו מצטה חוז 480 מ""ל",,,רוטב תיבול עם ביצי ש,מיליליטרים,480.00,"100 מ""ל",false,1,14.90,3.10,true,1,
4603400000043,false,"וודקה רוסקיי סטנדרט 700 מ""ל",,,וודקה רוסקיי סטנדרט,מיליליטרים,700.00,"100 מ""ל",false,1,64.90,9.27,true,1,
4605246004346,false,תה קינמון  1/25 גרינפילד 37.5 גר,,RU,תה קינמון  1/25 גרינ,גרמים,38.00,100 גרם,false,1,13.20,34.74,true,1,
4605246004353,false,תה גרינפילד ירוק נענע ומליסה 25 שקי 37.5 גר,,RU,תה גרינפילד ירוק נענ,גרמים,38.00,100 גרם,false,1,13.20,34.74,true,1,
4605246009006,false,תה גרינפילד פירמידה ארל גריי 20 שקי 40 ג,,,תה גרינפילד פירמידה,Unknown,0.00,Unknown,false,1,16.90,16.90,true,1,
4605246009020,false,תה גרינפילד פירמידה אוכמניות 20 שק 40 ג,,,תה גרינפילד פירמידה,Unknown,0.00,Unknown,false,1,16.90,16.90,true,1,
4605246010088,false,תה שלור טס קוסמופוליטן פרטי 20 שקיקים,,RU,תה שלור טס קוסמופולי,גרמים,40.00,100 גרם,false,1,14.90,37.25,true,1,
4605561011975,false,חתיכות פילה הרינג בשמן 150 גרם,,,חתיכות פילה הרינג בש,גרמים,200.00,100 גרם,false,1,8.90,4.45,true,1,
4605561013009,false,פילה הרינג בשמן 400 גרם,,,פילה הרינג בשמן 400,גרמים,400.00,100 גרם,false,1,18.80,4.70,true,1,
4606598001427,false,תבלין חמלי-סונלי מגיה ווסטוקה  15 גרם,,,תבלין חמלי-סונלי מגי,Unknown,0.00,Unknown,false,1,3.90,3.90,true,1,
4607002995943,false,ממרח קישואים קלויים דיאדיה וניה 460 גר,,RU,ממרח קישואים קלויים,גרמים,460.00,100 גרם,false,1,12.90,2.80,true,1,
4607002999286,false,קישואים באגיקה דיאדיה וניה 460 גרם,,,קישואים באגיקה דיאדי,גרמים,460.00,100 גרם,false,1,12.90,2.80,true,1,
4607002999309,false,שעועית לבנה אפויה דיאדיה וניה 480 גר,,RU,שעועית לבנה אפויה די,גרמים,480.00,100 גרם,false,1,12.90,2.69,true,1,
4607002999323,false,ממרח חצילים דיאדיה וניה 460 גר,,RU,ממרח חצילים דיאדיה ו,גרמים,460.00,100 גרם,false,1,12.90,2.80,true,1,
4607002999620,false,כוסמת עם פטריות דיאדיה וניה 460 גר,,RU,כוסמת עם פטריות דיאד,גרמים,460.00,100 גרם,false,1,12.90,2.80,true,1,
4607005409829,false,שוקולד חלב 36% קקאו ללא סוכר 100 גר,,RU,שוקולד חלב 36% קקאו,גרמים,100.00,100 גרם,false,1,9.90,9.90,true,1,
4607011260230,false,עוגיות ש.שועל קלאסי 400 גר HVATAY-KA,,,עוגיות ש.שועל קלאסי,גרמים,400.00,100 גרם,false,1,10.90,2.73,true,1,
4607012350992,false,גרעיני חמניות מרטין 100 גרם,,,גרעיני חמניות מרטין,גרמים,100.00,100 גרם,false,1,8.30,8.30,true,1,
4607012351005,false,גרעיני חמניות מרטין ללא מלח 200 גרם,,,גרעיני חמניות מרטין,גרמים,200.00,100 גרם,false,1,12.90,6.45,true,1,
4607012351807,false,"צנימים ""MARTIN"" בטעם בייקון  60 גר",,,"צנימים ""MARTIN"" בטעם",גרמים,60.00,100 גרם,false,1,5.50,9.17,true,1,
4607012351951,false,גרעיני חמניות מרטין עם מלח 100 גרם,,,גרעיני חמניות מרטין,גרמים,100.00,100 גרם,false,1,8.30,8.30,true,1,
4607012351999,false,גרעיני חמניות מרטין עם מלח 200 גרם,,,גרעיני חמניות מרטין,גרמים,200.00,100 גרם,false,1,12.90,6.45,true,1,
4607012352002,false,גרעיני דלעת מרטין 100 גר,,RU,גרעיני דלעת  מרטין 1,גרמים,100.00,100 גרם,false,1,14.20,14.20,true,1,
4607016240398,false,סולת 700 גרם,,,סולת 700 גרם,גרמים,700.00,100 גרם,false,1,10.90,1.56,true,1,
4607016245171,false,דייסה שיבולת שועל אסורטי 5 טעמים 200 ג,,RU,דייסה שיבולת שועל אס,גרמים,200.00,100 גרם,false,1,14.90,7.45,true,1,
4607016245805,false,דייסת ש.שועל עם תערובת פירות יער 5*40גר,,,דייסת ש.שועל עם תערו,גרמים,200.00,100 גרם,false,1,14.90,7.45,true,1,
4607025280026,false,קמח חיטה 1 קג,,,"קמח חיטה 1 ק""ג",גרמים,1000.00,100 גרם,false,1,11.90,1.19,true,1,
4607029345004,false,עוגת מוראווניק 600 גרם,,,עוגת מוראווניק 600 ג,גרמים,600.00,100 גרם,false,1,49.90,8.32,true,1,
4607029348166,false,סט עוגות אישיות אישיות מוראווניק 420 גרם,,,סט עוגות אישיות אישי,גרמים,420.00,100 גרם,false,1,25.90,6.17,true,1,
4607037431300,false,זפיר וניל 420 גרם NEVA,,,זפיר וניל 420 גרם NE,גרמים,420.00,100 גרם,false,1,19.90,4.74,true,1,
4607037437647,false,זפיר חמוציות 420 גרם NEVA,,,זפיר חמוציות 420 גרם,גרמים,420.00,100 גרם,false,1,19.90,4.74,true,1,
4607037439962,false,זפיר וניל על פרוקטוזה 200 גרם,,,זפיר וניל על פרוקטוז,גרמים,200.00,100 גרם,false,1,19.90,9.95,true,1,
4607054450988,false,גרעיני דלעת קלויים עם מלח סטאניצניי 200,,,גרעיני דלעת קלויים,גרמים,200.00,100 גרם,false,1,32.90,16.45,true,1,
4607065580070,false,איטריות להכנה מהירה קויסטי בקר 70 גר קוי,,,איטריות להכנה מהירה,גרמים,70.00,100 גרם,false,1,3.90,5.57,true,1,
4607065580087,false,איטריות להכנה מהירה קויסטי עוף 70 גר קוי,,,תבשיל אטריות להכנה מ,Unknown,0.00,Unknown,false,1,3.90,3.90,true,1,
4607065580094,false,תבשיל אטריות פטריות 70 ג DOSHIRAK QUISTY,,UA,תבשיל אטריות פטריות,גרמים,70.00,100 גרם,false,1,3.90,5.57,true,1,
4607065580193,false,דושירק בטעם טלה 90 גרם,,,דושירק בטעם טלה 90 ג,גרמים,90.00,100 גרם,false,1,10.90,12.11,true,1,
4607065580216,false,דושירק בטעם בקר 90 גרם,,,מרק דושירק בטעם בקר,גרמים,90.00,100 גרם,false,1,10.90,12.11,true,1,
4607065580247,false,דושירק בטעם בקון 90 גר,,,דושירק בטעם בקון 90,גרמים,90.00,100 גרם,false,1,10.90,12.11,true,1,
4607067934055,false,גלידת מצופה שוקולד עם שביי שקדים 80 גר,,RU,גלידת מצופה שוקולד ע,גרמים,80.00,100 גרם,false,1,6.90,8.63,true,1,
4607067937537,false,גלידה כוס פלומביר פילבסקי 90 גר,,,גלידה כוס פלומביר פי,גרמים,90.00,100 גרם,false,1,6.90,7.67,true,1,
4607067937551,false,גלידה כוס פלומביר פילבסקי שוקולד 90 גר,,,גלידה כוס פלומביר פי,גרמים,90.00,100 גרם,false,1,6.90,7.67,true,1,
4607067937698,false,גלידה כוס פלומביר וולגודסקי 100 גרם,,,גלידה כוס פלומביר וו,גרמים,100.00,100 גרם,false,1,6.90,6.90,true,1,
4607931605210,false,"משקה דיושס 500 מ""ל",,,משקה דיושס 500 מל,מיליליטרים,500.00,"100 מ""ל",false,1,9.90,1.98,true,1,
4610018570073,false,קוויאר בפחית 95 גר,,,קוויאר בפחית 95 גר,גרמים,95.00,100 גרם,false,1,41.90,44.11,true,1,
4610082860049,false,פתיתי 5 דגנים עם משמש 200 גרם,,,פתיתי 5 דגנים עם משמ,גרמים,200.00,100 גרם,false,1,14.90,7.45,true,1,
4610082860056,false,דייסה 5 דגנים עם דבש ואגוזים 200 גרם,,,דייסה 5 דגנים עם דבש,גרמים,200.00,100 גרם,false,1,14.90,7.45,true,1,
4610103310232,false,צעצוע גיבורים נצחיים עם ממתק סוויט בוקס,,,צעצוע גיבורים נצחיים,Unknown,0.00,Unknown,false,1,12.90,12.90,true,1,
4620016960424,false,תבלין לדגים פריפרבקה 15 גר,,,תבלין לדגים פריפרבקה,Unknown,0.00,Unknown,false,1,3.90,3.90,true,1,
4620016960745,false,תבלין לבשר ביקון פריפרבקה 15 גר,,,תבלין לבשר ביקון פרי,Unknown,0.00,Unknown,false,1,3.90,3.90,true,1,
4620016960769,false,תערובת תבליני לבשר טחון פריפרבקה 15 גר,,,תערובת תבליני לבשר ט,Unknown,0.00,Unknown,false,1,3.90,3.90,true,1,
4620032651207,false,גלידת וניל בגביע מילוי ריבת חלב 100 גר,,RU,גלידת וניל בגביע מיל,גרמים,100.00,100 גרם,false,1,6.90,6.90,true,1,
4620032652334,false,רוזוק וניל במילוי שוקולד 80 גרם,,,רוזוק וניל במילוי שו,גרמים,80.00,100 גרם,false,1,6.90,8.63,true,1,
4620032652358,false,רוזוק שוקולד במילוי משמש 80 גרם,,,רוזוק שוקולד במילוי,גרמים,80.00,100 גרם,false,1,6.90,8.63,true,1,
4630037252194,false,"קוב וינו מבעבע לבן יבש ברוט 750 מ""ל",,,קוב וינו מבעבע לבן י,מיליליטרים,750.00,"100 מ""ל",false,1,31.90,4.25,true,1,
4640018993343,false,טבליות למדיח פיניש קוואנטום רגיל 30 יח,,PL,טבליות למדיח פיניש ק,Unknown,0.00,Unknown,false,1,44.90,44.90,true,1,
4660011131023,false,עוגה פלומביר 750 גרם,,,עוגה פלומביר 750 גרם,גרמים,750.00,100 גרם,false,1,54.90,7.32,true,1,
4660011134529,false,עוגה שלושה שוקולדים 800 גרם,,,עוגה שלושה שוקולדים,גרמים,800.00,100 גרם,false,1,79.90,9.99,true,1,
4680009730021,false,דובשניות סחרניה בטעם וניל  500 גר  BKK,,RU,דובשניות סחרניה בטעם,גרמים,500.00,100 גרם,false,1,13.90,2.78,true,1,
4710068001692,false,"מאסטר קפה לאטה 240 מ""ל",,,מאסטר קפה לאטה 240 מ,מיליליטרים,240.00,"100 מ""ל",false,1,8.20,3.42,true,1,
4710068001715,false,"מאסטר קפה טירמיסו 240 מ""ל",,,מאסטר קפה טירמיסו 24,מיליליטרים,240.00,"100 מ""ל",false,1,8.20,3.42,true,1,
4710068002798,false,"מאסטר קפה וונילה 240 מ""ל",,,מאסטר קפה וניל 240 מ,מיליליטרים,240.00,"100 מ""ל",false,1,8.20,3.42,true,1,
4710068002811,false,"מאסטר קפה וונילה  240 מ""ל",,,מאסטר קפה וונילה  24,מיליליטרים,240.00,"100 מ""ל",false,1,8.20,3.42,true,1,
4710964104916,false,שמן שומשום טהור 370 מל,,,שמן שומשום טהור 370,מיליליטרים,370.00,"100 מ""ל",false,1,26.10,7.05,true,1,
4740098098331,false,"קוקטייל בלו לגון אה לה קוק 330 מ""ל",,,קוקטייל בלו לגון אה,מיליליטרים,330.00,"100 מ""ל",false,1,12.90,3.91,true,1,
4740098098355,false,"קוקטייל מוחיטו אה לה קוק 330 מ""ל",,,קוקטייל מוחיטו אה לה,מיליליטרים,330.00,"100 מ""ל",false,1,12.90,3.91,true,1,
4740098098379,false,"קוקטייל מרגריטה אה לה קוק 330 מ""ל",,,קוקטייל מרגריטה אה ל,מיליליטרים,330.00,"100 מ""ל",false,1,12.90,3.91,true,1,
4740098098393,false,"קוקטייל און דה ביץ  אה לה קוק 330 מ""ל",,,קוקטייל און דה ביץ,מיליליטרים,330.00,"100 מ""ל",false,1,12.90,3.91,true,1,
4750001950946,false,שוקולד מריר 70% 100 גרם ליימה,,,שוקולד מריר 70% 100,גרמים,100.00,100 גרם,false,1,10.90,10.90,true,1,
4750001955507,false,LAIMA עוגות וופל 350 גר 18 יח,,LV,LAIMA עוגות וופל 350,גרמים,350.00,100 גרם,false,1,23.90,6.83,true,1,
4750001955545,false,LAIMA עוגות וופל בלוצקה 350 גר 18 יח,,LV,LAIMA עוגות וופל בלו,גרמים,350.00,100 גרם,false,1,23.90,6.83,true,1,
4750010492826,false,שפרוטים מעושנים ריגה בצנצנת 250 גר,,LV,שפרוטים מעושנים ריגה,גרמים,250.00,100 גרם,false,1,16.40,6.56,true,1,
4750021221361,false,"וודקה 700 מ""ל RIGA BLACK",,,"וודקה 700 מ""ל RIGA B",מיליליטרים,700.00,"100 מ""ל",false,1,52.90,7.56,true,1,
4750022686190,false,רוטב מנגו צילי 285 גר SPILVA,,LV,רוטב מנגו צילי 285 ג,גרמים,285.00,100 גרם,false,1,21.90,7.68,true,1,
4750022745293,false,מחית תפוחי עץ עם תות שמנת 500 גר SPILVA,,LV,מחית תפוחי עץ עם תות,גרמים,500.00,100 גרם,false,1,16.90,3.38,true,1,
4750024002189,false,"טוגני תפ""א שמנת חמוצה ובצל 130 גר TAFFEL",,LV,"טוגני תפ""א שמנת חמוצ",גרמים,130.00,100 גרם,false,1,16.90,13.00,true,1,
4750042300878,false,מיץ עגבניות עם מלח ים 1 ליטר CIDO,,,מיץ עגבניות עם מלח י,מיליליטרים,1000.00,"100 מ""ל",false,1,15.90,1.59,true,1,
4750042305842,false,מורס חמוציות ותות 35% 1 ליטר CIDO,,,מורס חמוציות ותות 35,מיליליטרים,1000.00,"100 מ""ל",false,1,15.90,1.59,true,1,
4750042804222,false,מיץ עגבניות 100% 1 ליטר CIDO,,,מיץ עגבניות 100% 1 ל,מיליליטרים,1000.00,"100 מ""ל",false,1,15.90,1.59,true,1,
4750042804321,false,נקטר אננס 50% 1 ליטר CIDO,,,נקטר אננס 50% 1 ליטר,ליטרים,0.00,ליטר,false,1,15.90,15.90,true,1,
4750042804505,false,נקטר דומדמנית שחורה 28% ותפו 1 ליטר CIDO,,,נקטר דומדמנית שחורה,מיליליטרים,1000.00,"100 מ""ל",false,1,15.90,1.59,true,1,
4750050000104,false,חטיף שוקולד שבבי שוקולד  38 גר,,LV,חטיף שוקולד שבבי,גרמים,38.00,100 גרם,false,1,5.30,13.95,true,1,
4750050000128,false,חטיף שוקולד לבן 38 גר,,LV,חטיף שוקולד לבן 38 ג,גרמים,38.00,100 גרם,false,1,5.30,13.95,true,1,
4750050341405,false,חטיף שוקלד טעם וניל,,,חטיף שוקלד טעם וניל,גרמים,60.00,100 גרם,false,1,5.50,9.17,true,1,
4750142021505,false,"בירה PILSENER בהירה 4.7% פחית 500 מ""ל",,,בירה PILSENER בהירה,מיליליטרים,500.00,"100 מ""ל",false,1,7.90,1.58,true,1,
4750241000692,false,דבש עם פטל 300 גר VINNIS,,LV,דבש עם פטל 300 גר VI,גרמים,300.00,100 גרם,false,1,34.90,11.63,true,1,
4750616000593,false,שפרוטים מעושנים ריגה 190 גר,,LV,שפרוטים בשמן ריגה 19,גרמים,190.00,100 גרם,false,1,10.90,5.74,true,1,
4750817032003,false,סלט סלומון עם ירקות בטעם אסיאתי 240 גר,,LV,סלט סלומון עם ירקות,גרמים,240.00,100 גרם,false,1,7.90,3.29,true,1,
4750817032010,false,סלט סלומון עם ירקות בטעם מקסיקני 240 גר,,LV,סלט סלומון עם ירקות,גרמים,240.00,100 גרם,false,1,7.90,3.29,true,1,
4750817111005,false,פילה סלומון במיץ טבעי 200 ג BEST OF RIGA,,LV,פילה סלומון במיץ טבע,גרמים,200.00,100 גרם,false,1,12.00,6.00,true,1,
4750817135124,false,הרינג בשמן 240 גר BEST OF RIGA,,LV,הרינג בשמן 240 גר BE,גרמים,240.00,100 גרם,false,1,8.90,3.71,true,1,
4750817136619,false,קילקה ברוטב עגבניות 240 גר BEST OF RIGA,,LV,קילקה ברוטב עגבניות,גרמים,240.00,100 גרם,false,1,5.90,2.46,true,1,
4751007738095,false,סלט סלמון וירקות מקסיקני לארסן 220 גרם,,,סלט סלמון וירקות מקס,גרמים,220.00,100 גרם,false,1,12.90,5.86,true,1,
4751007739924,false,נתחי דג סלמון ברוטב עגבניות תומר 185 גרם,,,נתחי דג סלמון ברוטב,גרמים,185.00,100 גרם,false,1,10.90,5.89,true,1,
4751033540235,false,שוקולד מריר 72% קקאו ללא סוכר 100 גר,,,שוקולד מריר 72% קקאו,גרמים,100.00,100 גרם,false,1,11.90,11.90,true,1,
4760013403613,false,וופלים בטעם תות שדה 200 גר SLADOK,,,וופלים בטעם תות שדה,גרמים,200.00,100 גרם,false,1,5.90,2.95,true,1,
4760013403620,false,וופלים קקאו ואגוזי לוז 200 גר SLADOK,,,וופלים קקאו ואגוזי ל,גרמים,200.00,100 גרם,false,1,5.90,2.95,true,1,
4760013403637,false,וופלים בטעם לימון 200 גר SLADOK,,,וופלים בטעם לימון 20,גרמים,200.00,100 גרם,false,1,5.90,2.95,true,1,
4760013403644,false,וופלים בטעם חלב 200 גר SLADOK,,,וופלים בטעם חלב 200,גרמים,200.00,100 גרם,false,1,5.90,2.95,true,1,
4760062100297,false,תה שחור בוקט 100 גר אזרצאי,,AZ,תה שחור בוקט 100 גר,גרמים,100.00,100 גרם,false,1,13.90,13.90,true,1,
4760062101744,false,תה שחור עם צימין 100 גר אזרצאי,אזרסטאן קאנד,AZ,תה שחור עם צימין 100,גרמים,100.00,100 גרם,false,1,13.90,13.90,true,1,
4760062101775,false,תה שחור אזרציי 250 גר,,AZ,תה שחור אזרציי 250 ג,גרמים,250.00,100 גרם,false,1,32.50,13.00,true,1,
4760062101805,false,תה שחור 25 שק BUKET,אזרסטאן קאנד,AZ,תה שחור 25 שק BUKET,גרמים,50.00,100 גרם,false,1,10.90,21.80,true,1,
4760062102536,false,תה שחור בטעם אפרסק 25 שק אזרצאי,,AZ,תה שחור בטעם אפרסק 2,גרמים,45.00,100 גרם,false,1,10.90,24.22,true,1,
4760062105070,false,תה ירוק באריזה שקופה אזרציי 250 גר BUKET,,AZ,תה ירוק 200 גר BUKET,גרמים,200.00,100 גרם,false,1,13.90,6.95,true,1,
4760065709251,false,ממרח חצילים 660 גרם ביזים טארלה,אזרסטאן קאנד,AZ,ממרח חצילים 660 גרם,גרמים,600.00,100 גרם,false,1,19.90,3.32,true,1,
4760068001468,false,סלט מנגל 630 גרם ביזים טארלה,,AZ,סלט מנגל 630 גרם ביז,גרמים,630.00,100 גרם,false,1,19.90,3.16,true,1,
4760068001710,false,ריבת תות שדה 400 גרם  ביזים טארלה,אזרסטאן קאנד,AZ,ריבת תות שדה 400 גרם,גרמים,400.00,100 גרם,false,1,15.90,3.98,true,1,
4760127703227,false,מאפינס בטעם טופי 500 גר DARENKA,,,מאפינס בטעם טופי 500,גרמים,500.00,100 גרם,false,1,19.90,3.98,true,1,
4760127706983,false,עוגיות ממולאות בטעם תפוז 200 ג DELIZI,,,עוגיות ממולאות בטעם,גרמים,200.00,100 גרם,false,1,8.90,4.45,true,1,
4760129500978,false,BAGDANריבת תות שדה 400 גר,,UZ,BAGDANריבת תות שדה 4,גרמים,400.00,100 גרם,false,1,19.90,4.98,true,1,
4770179999004,false,אסורטי פרגלה עם שוקולד מריר 343 גר 27.9,,,אסורטי פרגלה עם שוקו,גרמים,343.00,100 גרם,false,1,33.90,9.88,true,1,
4770237051804,false,חטיף גבינה וניל 45 גר,,,חטיף גבינה וניל 45 ג,גרמים,4500.00,100 גרם,false,1,4.50,0.10,true,1,
4770237051811,false,חטיף גבינה עם ריבת חלב 45 גר,,,חטיף גבינה עם ריבת ח,גרמים,4500.00,100 גרם,false,1,4.50,0.10,true,1,
4770237051828,false,חטיף גבינה תות שדה 45 גר,,,חטיף גבינה תות שדה 4,גרמים,4500.00,100 גרם,false,1,4.50,0.10,true,1,
4770237051842,false,חטיף גבינה בטעם שוקולד 45 גר,,,חטיף גבינה בטעם שוקו,גרמים,4500.00,100 גרם,false,1,4.50,0.10,true,1,
4770265045264,false,דייסת שיבולת שועל 200 גר,,,דייסת שיבולת שועל,גרמים,200.00,100 גרם,false,1,8.30,4.15,true,1,
4770265046452,false,גבינה מותכת 28% סבליה 185 גר,,LT,גבינה מותכת 28% סבלי,גרמים,185.00,100 גרם,false,1,20.90,11.30,true,1,
4770265046568,false,דייסת אורז עם משמש 200 גר,,,דייסת אורז עם משמש,גרמים,200.00,100 גרם,false,1,8.30,4.15,true,1,
4770265046575,false,דייסת סולת עם תותי בר 200 גר,,,דייסת סולת תותי בר,גרמים,200.00,100 גרם,false,1,8.30,4.15,true,1,
4770265212024,false,גבינה מותכת 22% דרבו 135 גר,,LT,גבינה מותכת 22% דרבו,גרמים,135.00,100 גרם,false,1,15.90,11.78,true,1,
4770265214776,false,יוגורט יווני עם תאינים 150 גר,,,יוגורט יווני עם תאינ,גרמים,150.00,100 גרם,false,1,10.90,7.27,true,1,
4770265219535,false,גבינה אנגולי מעושנת 150 גר גורמן,,,גבינה אנגולי מעושנת,גרמים,150.00,100 גרם,false,1,12.90,8.60,true,1,
4770275049580,false,טבורוג 5% סבליה 370 גר,,,טבורוג אנלוגי סבליה,גרמים,370.00,100 גרם,false,1,20.90,5.65,true,1,
4770275049597,false,טבורוג 5% סבליה 900 גר,,,טבורוג אנלוגי סבליה,גרמים,900.00,100 גרם,false,1,43.90,4.88,true,1,
4770275049603,false,טבורוג 9% סבליה 370 גר,,,טבורוג אנלוגי 9% סבל,גרמים,370.00,100 גרם,false,1,20.90,5.65,true,1,
4770301235246,false,"בירה חיטה מייסטר 500 מ""ל פחית",,,בירה חיטה מייסטר 500,מיליליטרים,500.00,"100 מ""ל",false,1,7.90,1.58,true,1,
4770301236861,false,קווס משקה לחם לבובסקי 1.5 ל,,,קווס משקה לחם לבובסק,ליטרים,0.00,ליטר,false,1,13.90,13.90,true,1,
4770337046748,false,גבינה פרמזן PARNIDZIO 200 גר,,IL,גבינה פרמזן PARNIDZI,גרמים,200.00,100 גרם,false,1,26.50,13.25,true,1,
4770337047431,false,תחליף גבינה 150 גר SVALIA,,,גבינה אנלוגי  150 גר,גרמים,150.00,100 גרם,false,1,12.90,8.60,true,1,
4770337047448,false,תחליף גבינה 150 גר DRAVO,,,גבינה אנלוגי  150 גר,גרמים,150.00,100 גרם,false,1,12.90,8.60,true,1,
4770337047455,false,תחליף גבינה רוסיסקי 150 גר,,,גבינה אנלוגי רוסיסקי,גרמים,150.00,100 גרם,false,1,12.90,8.60,true,1,
4770337047530,false,תחליף גבינה סבליה 240 גר,,,SVALIA גבינה אנלוגי,גרמים,240.00,100 גרם,false,1,18.90,7.88,true,1,
4770337048124,false,תחליף גבינה דברו 240 גר,,LT,DVARO  גבינה אנלוגי,גרמים,240.00,100 גרם,false,1,18.90,7.88,true,1,
4770583221340,false,מיונז 620 גר American,,LT,מיונז 620 גר America,גרמים,620.00,100 גרם,false,1,23.90,3.85,true,1,
4770583228219,false,ממרח סלומון בטעם לימון 280 גר ZAKUSKA,,,ממרח סלומון בטעם לימ,גרמים,280.00,100 גרם,false,1,17.90,6.39,true,1,
4770583228233,false,ממרח סלומון בטעם פיקנטי 280 גר ZAKUSKA,,,ממרח סלומון בטעם פיק,גרמים,280.00,100 גרם,false,1,17.90,6.39,true,1,
4779027471167,false,חטיף גבינה לבנה בטעם קרם ברולה 43 גרם,,,חטיף גבינה לבנה בטעם,גרמים,43.00,100 גרם,false,1,5.50,12.79,true,1,
4779036871415,false,גלידת שמנת בטעם וניל בציפוי שוקולד חלב,,,גלידת שמנת בטעם וניל,גרמים,80.00,100 גרם,false,1,9.90,12.38,true,1,
4779036872719,false,מיני גלידת שמנת בטעם פיסטוק מצופה שוקולד,,UA,מיני גלידת שמנת בטעם,גרמים,44.00,100 גרם,false,1,5.90,13.41,true,1,
4780030111315,false,AGROMIR עגבניות שרי בחומץ 720מל,,,AGROMIR עגבניות שרי,גרמים,720.00,100 גרם,false,1,13.90,1.93,true,1,
4780037060104,false,AGROMIR ממרח חצילים 500 גר,,,AGROMIR ממרח חצילים,גרמים,500.00,100 גרם,false,1,13.90,2.78,true,1,
4780037060128,false,חצילים מטוגנים בשמן עם עגבניות ושום 500ג,,,חצילים מטוגנים בשמן,גרמים,500.00,100 גרם,false,1,15.90,3.18,true,1,
4780047500683,false,ZULYA BARAKA שום בחומץ 720 גר,,,ZULYA BARAKA שום בחו,גרמים,720.00,100 גרם,false,1,19.90,2.76,true,1,
4792252924659,false,תה אוריאנטל קולקשן 60שק *1.8 ג בסילור,,LK,תה אוריאנטל קולקשן 6,גרמים,108.00,100 גרם,false,1,44.90,41.57,true,1,
4793000637005,false,מקלות קינמון ציילון אורגני 50 גרם,,LK,מקלות קינמון ציילון,גרמים,50.00,100 גרם,false,1,18.90,37.80,true,1,
4796019790013,false,"שמן קוקוס אורגני 300 מ""ל",,,שמן קוקוס אורגני 300,מיליליטרים,300.00,"100 מ""ל",false,1,25.50,8.50,true,1,
4796019790020,false,"שמן קוקוס אורגני 500 מ""ל גרין קוקו",,,שמן קוקוס אורגני 500,מיליליטרים,500.00,"100 מ""ל",false,1,36.50,7.30,true,1,
4801234159856,false,גלייד מיני גל בניחוח מרכך כביסה 75 גרם,,,גלייד מיני גל בניחוח,Unknown,0.00,Unknown,false,1,11.90,11.90,true,1,
4810014018412,false,בירה קריניצה זיגולובסקויה אוסובויה 450 מ,,BY,בירה קריניצה זיגולוב,מיליליטרים,450.00,"100 מ""ל",false,1,7.50,1.67,true,1,
4810168000011,false,פילה הרינג מלוח 250 גר,,,פילה הרינג מלוח 250,גרמים,250.00,100 גרם,false,1,15.60,6.24,true,1,
4810168000103,false,פילה הרינג מטיאס 250גר,,BY,פילה הרינג מלוח מעוש,גרמים,250.00,100 גרם,false,1,15.60,6.24,true,1,
4810168000998,false,חתיכות פילה הרינג מלוח מצונן בצל 260 גר,,,חתיכות פילה הרינג,גרמים,260.00,100 גרם,false,1,19.80,7.62,true,1,
4810168001056,false,חתיכות פילה הרינג מלוח מצונן 260 גר,,,חתיכות פילה הרינג,גרמים,260.00,100 גרם,false,1,19.80,7.62,true,1,
4810168001933,false,מקלות סורימי בטעם סרטן קפוא 200 גרם,,,מקלות סורימי בטעם סר,גרמים,200.00,100 גרם,false,1,7.70,3.85,true,1,
4810168001964,false,נתחי סורימי בטעם סרטן קפוא 200 גרם,,,נתחי סורימי בטעם סרט,גרמים,200.00,100 גרם,false,1,7.70,3.85,true,1,
4810168004132,false,ביצי דג טרוטונית אטלנטי מומלח מצונן 180,,,ביצי דג טרוטונית אטל,גרמים,180.00,100 גרם,false,1,18.80,10.44,true,1,
4810168004149,false,ביצי דג טרוטונית אטלנטי מעושן מצונן 180,,,ביצי דג טרוטונית אטל,גרמים,180.00,100 גרם,false,1,18.80,10.44,true,1,
4810168004156,false,ביצי דג טרוטונית אטלנטי סלמון מעושן 180ג,,,ביצי דג טרוטונית אטל,גרמים,180.00,100 גרם,false,1,18.80,10.44,true,1,
4810168016104,false,ביצי דג טרוטונית אטלנטי חסילונים 180 גר,,,ביצי דג טרוטונית אטל,גרמים,180.00,100 גרם,false,1,18.80,10.44,true,1,
4810168018795,false,חתיכות פילה הרינג מלוח 200 גר,,,חתיכות פילה הרינג מל,גרמים,200.00,100 גרם,false,1,15.60,7.80,true,1,
4810168019051,false,פילה הרינג מלוח עם תבלין 200 גר,,BY,פילה הרינג מלוח עם ת,גרמים,200.00,100 גרם,false,1,15.60,7.80,true,1,
4810168020309,false,אצות ים מוחמצות 150 גר,,,אצות ים מוחמצות 150,גרמים,150.00,100 גרם,false,1,7.70,5.13,true,1,
4810168020330,false,אצות ים מוחמצות פטריות 150 גר,,,אצות ים מוחמצות,גרמים,150.00,100 גרם,false,1,7.70,5.13,true,1,
4810168020392,false,אצות ים מוחמצות גזר 150 גר,,,אצות ים מוחמצות גזר,גרמים,150.00,100 גרם,false,1,7.70,5.13,true,1,
4810168024260,false,ביצי דג שיבוט מומלח מצונן 130 גר,,,ביצי דג שיבוט מומלח,גרמים,130.00,100 גרם,false,1,17.70,13.62,true,1,
4810168024512,false,חתיכות פילה הרינג מלוח מצונן תבלין 260גר,,,חתיכות פילה הרינג,גרמים,260.00,100 גרם,false,1,19.80,7.62,true,1,
4810168025793,false,ביצי דג זהבנון מומלח מצונן 130 גר,,,ביצי דג זהבנון מומלח,גרמים,130.00,100 גרם,false,1,17.70,13.62,true,1,
4810168035785,false,ממרח עם קריל 150 גר,,BY,ממרח עם קריל 150 גר,גרמים,150.00,100 גרם,false,1,15.60,10.40,true,1,
4810168035792,false,ממרח עם קריל מעושן 150 גר,,BY,ממרח עם קריל מעושן 1,גרמים,150.00,100 גרם,false,1,15.60,10.40,true,1,
4810168035808,false,ממרח עם קריל ברוטב שמנת ושום 150 גר,,BY,ממרח עם קריל ברוטב ש,גרמים,150.00,100 גרם,false,1,15.60,10.40,true,1,
4810168049966,false,בלינצס במילוי דובדבן מוקפא 360 גרם,,BY,בלינצס במילוי דובדבן,גרמים,360.00,100 גרם,false,1,15.40,4.28,true,1,
4810168052270,false,עלי בלינצס מוקפאים 320 גרם,,BY,עלי בלינצס מוקפאים,גרמים,320.00,100 גרם,false,1,11.00,3.44,true,1,
4810168055028,false,כיסונים במילוי דובדבנים מוקפאים 450 גר (,,BY,כיסונים במילוי,גרמים,450.00,100 גרם,false,1,21.90,4.87,true,1,
4810168055073,false,"כיסונים במילוי תפו""א ובצל מוקפאים 450 גר",,BY,"כיסונים במילוי תפו""א",גרמים,450.00,100 גרם,false,1,14.20,3.16,true,1,
4810168055165,false,לביבות גבינת טבורוג מוקפאות 450 גרם,,BY,לביבות גבינת טבורוג,גרמים,450.00,100 גרם,false,1,21.90,4.87,true,1,
4810168057435,false,חתיכות פילה הרינג מלוח בשמן XXL 500 גרם,,RU,חתיכות פילה הרינג מל,גרמים,500.00,100 גרם,false,1,31.50,6.30,true,1,
4810168058975,false,חתיכות פילה דג הרינג סקנדינבי מלוח מצונן,,,חתיכות פילה דג הרינג,גרמים,260.00,100 גרם,false,1,19.80,7.62,true,1,
4810285004008,false,"קווס ""לידסקיי"" לחם 1.5 ליטר",,,"קווס ""לידסקיי"" לחם 1",ליטרים,0.00,ליטר,false,1,14.90,14.90,true,1,
4810410028954,false,שוקולד מריר קומונרקה קרם טראפלס 200 גר,,BY,שוקולד מריר קומונרקה,גרמים,200.00,100 גרם,false,1,16.90,8.45,true,1,
4810410055752,false,ממתק מוקצף בציפוי שוקולד פטיציה 200 גר,,RU,ממתק מוקצף בציפוי שו,גרמים,200.00,100 גרם,false,1,21.90,10.95,true,1,
4820000947343,false,"ברנדי שוסטוף 5 שנה 500 מ""ל",,,ברנדי שוסטוף 5 שנה 5,מיליליטרים,500.00,"100 מ""ל",false,1,65.90,13.18,true,1,
4820005193097,false,שוקולד MILLENNIUM GOLD לבן  אגוז 100,,,שוקולד MILLENNIUM GO,גרמים,100.00,100 גרם,false,1,8.50,8.50,true,1,
4820005195848,false,MILLENIUM FAVORITE שוקולד 80% מריר 100 גר,,UA,MILLENIUM FAVORITE ש,גרמים,100.00,100 גרם,false,1,7.50,7.50,true,1,
4820005198597,false,MILLENIUM FAVORITE שוקולד 74% מריר 100 גר,,EC,MILLENIUM FAVORITE ש,גרמים,100.00,100 גרם,false,1,7.50,7.50,true,1,
4820012596294,false,אקימו לב וניל עם אגוזים 85 גר,,,אקימו לב וניל עם אגו,גרמים,85.00,100 גרם,false,1,5.90,6.94,true,1,
4820039710710,false,"מעדן פטל פוסולסקי דבור 1.25 ק""ג",,,מעדן פטל יפוסולסקי ד,קילוגרמים,0.00,"ק""ג",false,1,38.50,38.50,true,1,
4820171991664,false,ורניק לסקה תפוח אדמה 900 גר,,,ורניק לסקה תפוח אדמה,גרמים,900.00,100 גרם,false,1,25.90,2.88,true,1,
4820171993279,false,"קרפלך תפו""א ופטריות 900 גר",,,"קרפלך תפו""א ופטריות",גרמים,900.00,100 גרם,false,1,25.90,2.88,true,1,
4820185230179,false,גלידה לקומקה עם קקאו 100 גר,,,גלידה לקומקה עם קקאו,גרמים,100.00,100 גרם,false,1,5.90,5.90,true,1,
4820185230186,false,גלידה לקומקה 100 גר,,,גלידה לקומקה 100 גר,גרמים,100.00,100 גרם,false,1,5.90,5.90,true,1,
4820185230230,false,גלידה משפחתית לאסקה וניל 1 קג,,,גלידה משפחתית לאסקה,גרמים,1000.00,100 גרם,false,1,36.90,3.69,true,1,
4820185230964,false,גלידה אליסקה 80 גר,,,גלידה אליסקה 80 גר,גרמים,80.00,100 גרם,false,1,5.90,7.38,true,1,
4820185230988,false,גלידה בריקט מקימוס 90 גרם,,UA,גלידה בריקט מקימוס 9,גרמים,90.00,100 גרם,false,1,5.90,6.56,true,1,
4820185231978,false,גלידה פלומביר בלרוסקי 600 גר,,,גלידה פלומביר בלרוסק,גרמים,600.00,100 גרם,false,1,32.90,5.48,true,1,
4820185235013,false,גלידה וניל מילוי תות שדה אסקימו 80 גר,,UA,גלידה וניל מילוי תות,גרמים,80.00,100 גרם,false,1,5.90,7.38,true,1,
4820185236188,false,עוגית סנדביץ בריקט פלומביר  70 גרם,,,עוגית סנדביץ בריקט פ,גרמים,70.00,100 גרם,false,1,5.90,8.43,true,1,
4820193551990,false,כוס וליקן משמש דובדבן 70 גר,,,כוס וליקן משמש דובדב,גרמים,70.00,100 גרם,false,1,5.90,8.43,true,1,
4820199870606,false,עוגיות שבולת שועל קלאסי בקק 300 גר,,,עוגיות שבולת שועל קל,גרמים,300.00,100 גרם,false,1,9.90,3.30,true,1,
4820199870798,false,פריאניק מוסקובסקיי 380 גרם,,,פריאניק מוסקובסקיי 3,גרמים,380.00,100 גרם,false,1,11.90,3.13,true,1,
4820217240114,false,חמאה 82.5% פרמה 200 גר,,UA,חמאה 82.5% פרמה 200,גרמים,200.00,100 גרם,false,1,7.80,3.90,true,1,
4823006800964,false,שימורי עגבניות כבושות עדין 920 גר NEZEN,,UA,שימורי עגבניות כבושו,גרמים,920.00,100 גרם,false,1,22.90,2.49,true,1,
4823006802128,false,שימורי מלפפונים כבושים פאנזנסקי920 NEZEN,,UA,שימורי מלפפונים כבוש,גרמים,920.00,100 גרם,false,1,22.90,2.49,true,1,
4823006805075,false,שימורי מלפפונים בטעם כפרי 920 גר NEZEN,,UA,שימורי מלפפונים בטעם,גרמים,920.00,100 גרם,false,1,22.90,2.49,true,1,
4823070203265,false,גלידה פלומביר סובייטי 70 גר,,,גלידה פלומביר,גרמים,70.00,100 גרם,false,1,5.90,8.43,true,1,
4823070203296,false,גלידה פלומביר בלרוסי 90 גר,,,גלידה פלומביר בלרוסי,גרמים,90.00,100 גרם,false,1,5.90,6.56,true,1,
4823070203395,false,גלידה אפריקנית 80 גר,,,גלידה אפריקנית 80 גר,גרמים,80.00,100 גרם,false,1,5.90,7.38,true,1,
4823077611308,false,עוגה נפולאון רושן 1 קג,,,עוגה נפולאון רושן,גרמים,1000.00,100 גרם,false,1,75.90,7.59,true,1,
4823077613203,false,שוקולד רושן מריר + פונדוק שלם 90 גר רושן,,,שוקולד רושן מריר + פ,גרמים,90.00,100 גרם,false,1,7.90,8.78,true,1,
4823077614675,false,ביסקוויט חלב 185 גר רושן,,,ביסקוויט חלב 185 גר,גרמים,185.00,100 גרם,false,1,3.90,2.11,true,1,
4823077614767,false,שוקולד רושן חלב נוגט בטעם אגוזי לוז 90 ג,,,שוקולד רושן חלב נוגט,גרמים,90.00,100 גרם,false,1,4.90,5.44,true,1,
4823077614804,false,שוקולד חלב נוגט וניל 90 גרם רושן,,,שוקולד חלב נוגט וניל,גרמים,90.00,100 גרם,false,1,4.90,5.44,true,1,
4823077617829,false,עוגה קייבסקי רושן 450 גר,,,עוגה קייבסקי רושן 45,גרמים,450.00,100 גרם,false,1,73.90,16.42,true,1,
4823077624223,false,גילי בוני פרוט 200 גר SUMMER MIX,,,גילי בוני פרוט 200 ג,גרמים,200.00,100 גרם,false,1,6.90,3.45,true,1,
4823077624247,false,גילי בוני פרוט 200 גר CITRUS MIX,,,גילי בוני פרוט 200 ג,גרמים,200.00,100 גרם,false,1,6.90,3.45,true,1,
4823077624261,false,גילי בוני פרוט 200 גר BERRY MIX,,,גילי בוני פרוט 200 ג,גרמים,200.00,100 גרם,false,1,6.90,3.45,true,1,
4823077625145,false,בונבוניירה רושן דובדבן בליקר דובדבן 155,,UA,בונבוניירה רושן דובד,גרמים,155.00,100 גרם,false,1,14.90,9.61,true,1,
4823077625589,false,וופל וואפרס חלב רושן 216 גר,,UA,וופל וואפרס חלב רושן,גרמים,216.00,100 גרם,false,1,6.90,3.19,true,1,
4823077625602,false,וופל וואפרס שוקולד רושן 216 גר,,UA,וופל וואפרס שוקולד ר,גרמים,216.00,100 גרם,false,1,6.90,3.19,true,1,
4823077625626,false,וופל וואפרס אגוז רושן 216 גר,,UA,וופל וואפרס אגוז רוש,גרמים,216.00,100 גרם,false,1,6.90,3.19,true,1,
4823077626203,false,שוקולד אורירי מריר 80 גר רושן,,UA,שוקולד אורירי מריר 8,גרמים,80.00,100 גרם,false,1,6.90,8.63,true,1,
4823077626227,false,שוקולד אורירי חלב 80 גר רושן,,UA,שוקולד אורירי חלב 80,גרמים,80.00,100 גרם,false,1,6.90,8.63,true,1,
4823077629136,false,שוקולד רושן חלב 90 גר LACMI,,UA,שוקולד רושן חלב 90 ג,גרמים,90.00,100 גרם,false,1,6.90,7.67,true,1,
4823077630439,false,סנדוויץ קרקר שוקולד רושן 235 גר,,,סנדוויץ קרקר שוקולד,גרמים,235.00,100 גרם,false,1,9.90,4.21,true,1,
4823077630637,false,סוכריות מקל רושן  קולה 920 גרם,,,סוכריות מקל רושן  קו,גרמים,920.00,100 גרם,false,1,25.90,2.82,true,1,
4823077631467,false,קרקר עם מלח ים רושן 168 גר,,,קרקר עם מלח ים רושן,גרמים,168.00,100 גרם,false,1,4.90,2.92,true,1,
4823077631856,false,וופל רול קונאפטו קוקוס 140 גר,,UA,וופל רול קונאפטו קוק,גרמים,140.00,100 גרם,false,1,6.90,4.93,true,1,
4823077632570,false,שוקולד רושן מריר 85 גר BRUT,,UA,שוקולד רושן מריר 85,גרמים,85.00,100 גרם,false,1,6.90,8.12,true,1,
4823077632587,false,שוקולד רושן חלב עם שקד שלם  90 גר LACMI,,,שוקולד רושן חלב עם ש,גרמים,90.00,100 גרם,false,1,7.90,8.78,true,1,
4823077633034,false,"גליליות וופל רושן ""קונאפטו"" קקאו 140 ג",,,"גליליות וופל רושן ""ק",גרמים,140.00,100 גרם,false,1,6.90,4.93,true,1,
4823077633317,false,עוגיות שוקולד עם חתיכות שוקולד 150 גר,,,עוגיות שוקולד עם חתי,גרמים,150.00,100 גרם,false,1,6.90,4.60,true,1,
4823077633324,false,עוגיות רושן עם חתיכות שוקולד 150 גר,,,עוגיות שוקוציפס  עם,גרמים,150.00,100 גרם,false,1,6.90,4.60,true,1,
4823077633348,false,עוגיות רושן עם חתיכות בוטנים 150 גר,,,עוגיות רושן עם חתיכו,גרמים,150.00,100 גרם,false,1,6.90,4.60,true,1,
4823077634178,false,עוגיות עם מילוי תפוח קינמון 168 גר LOVIT,,,עוגיות עם מילוי תפוח,גרמים,168.00,100 גרם,false,1,6.90,4.11,true,1,
4823077634222,false,עוגיות תפוז 135 גר LOVITA,,,עוגיות תפוז 135 גר L,גרמים,135.00,100 גרם,false,1,6.90,5.11,true,1,
4823077634246,false,עוגיות פטל 135 גר LOVITA,,,עוגיות פטל 135 גר LO,גרמים,135.00,100 גרם,false,1,6.90,5.11,true,1,
4823077634741,false,עוגיות עם מילוי תות שדה  168 גר LOVITA,,,עוגיות עם מילוי תות,גרמים,168.00,100 גרם,false,1,6.90,4.11,true,1,
4823077636004,false,עוגיות קקאו דובדבן 135 גר LOVITA,,,עוגיות קקאו דובדבן 1,גרמים,135.00,100 גרם,false,1,6.90,5.11,true,1,
4823077636172,false,וופל רושן בטעם לימון 216 גר,,UA,וופל רושן בטעם לימון,גרמים,216.00,100 גרם,false,1,6.20,2.87,true,1,
4823077636547,false,סוכריות ממולאות פירות בים בום468ג ROSHEN,,,סוכריות ממולאות פירו,גרמים,468.00,100 גרם,false,1,11.90,2.54,true,1,
4823077636578,false,סוכריות טופי כוס חלב 325 גר ROSHEN,,,סוכריות טופי כוס חלב,גרמים,325.00,100 גרם,false,1,11.90,3.66,true,1,
4823097809921,false,גלידת שמנת בטעם שוקולד 500 גרם,,,גלידת שמנת בטעם שוקו,גרמים,500.00,100 גרם,false,1,24.90,4.98,true,1,
4823105400393,false,אגיקה בסגנון גרוזיני 310 גרם,,,אגיקה בסגנון גרוזיני,גרמים,310.00,100 גרם,false,1,15.90,5.13,true,1,
4823105400522,false,רוטב סצבלי 215 גרם,,,רוטב סצבלי 215 גרם,גרמים,215.00,100 גרם,false,1,8.90,4.14,true,1,
4823105400560,false,ממרח זוקיני עם ירקות 500 גר,,,ממרח זוקיני עם ירקות,גרמים,500.00,100 גרם,false,1,14.90,2.98,true,1,
4823105400898,false,מרינדה לברביקיו 140 גרם,"טי.או בי. ""ויז'י פרודקשן""",,מרינדה לברביקיו 140,גרמים,140.00,100 גרם,false,1,7.90,5.64,true,1,
4823105402069,false,שעועית עם ירקות 500 גרם,"טי.או בי. ""ויז'י פרודקשן""",,שעועית עם ירקות 500,גרמים,500.00,100 גרם,false,1,14.90,2.98,true,1,
4823105403028,false,גרגירי חרדל לבן 50 גרם,"טי.או בי. ""ויז'י פרודקשן""",,גרגירי חרדל לבן 50 ג,גרמים,50.00,100 גרם,false,1,3.90,7.80,true,1,
4823105403035,false,תערובת פלפלים גרוסים 20 גרם,"טי.או בי. ""ויז'י פרודקשן""",,תערובת פלפלים גרוסים,גרמים,20.00,100 גרם,false,1,3.90,19.50,true,1,
4823105403059,false,תערובת תיבול לשישליק 20 גרם,"טי.או בי. ""ויז'י פרודקשן""",,תערובת תיבול לשישליק,גרמים,20.00,100 גרם,false,1,3.90,19.50,true,1,
4823105403073,false,תערובת תיבול לפילאף 20 גרם,"טי.או בי. ""ויז'י פרודקשן""",,תערובת תיבול לפילאף,גרמים,20.00,100 גרם,false,1,3.90,19.50,true,1,
4823105403097,false,תערובת תיבול ירקות מיובשים 15 גרם,"טי.או בי. ""ויז'י פרודקשן""",,תערובת תיבול ירקות מ,גרמים,15.00,100 גרם,false,1,3.90,26.00,true,1,
4823105403615,false,תערובת תיבול ירקות בטעם פטריות 10 גרם,"טי.או בי. ""ויז'י פרודקשן""",,תערובת תיבול ירקות ב,גרמים,10.00,100 גרם,false,1,3.90,39.00,true,1,
4823105403622,false,עלי דפנה 7 גרם  וורס,"טי.או בי. ""ויז'י פרודקשן""",,עלי דפנה 7 גרם  וורס,גרמים,7.00,100 גרם,false,1,3.90,55.71,true,1,
4840008001199,false,מיני סושקה וניל 500 גרם FRANZELUTA,,,מיני סושקה וניל 500,גרמים,500.00,100 גרם,false,1,11.00,2.20,true,1,
4840008017749,false,פרנזלוטה צנימים מיני וניל 200 גר,,,פרנזלוטה צנימים מיני,גרמים,200.00,100 גרם,false,1,8.30,4.15,true,1,
4840008017763,false,פרנזלוטה צנימים מיני עם צימוקים 200 גר,,,פרנזלוטה צנימים מיני,גרמים,200.00,100 גרם,false,1,8.30,4.15,true,1,
4840008037792,false,סופר מיני סושקה לוביטלסקיה 300 גר,,,סופר מיני סושקה לובי,גרמים,300.00,100 גרם,false,1,8.90,2.97,true,1,
4860008662251,false,יין אדום חצי מתוק קינדזמראולי  750 מל,,,יין אדום חצי מתוק קי,מיליליטרים,750.00,"100 מ""ל",false,12,43.90,5.85,true,1,
4860008662275,false,"יין לבן חצי מתוק עמק אלזאני 750 מ""ל",,GE,יין לבן חצי מתוק עמק,מיליליטרים,750.00,"100 מ""ל",false,12,43.90,5.85,true,1,
4860008662336,false,יין אדום חצי מתוק חוונצקרה  750 מל,,,יין אדום חצי מתוק חו,מיליליטרים,750.00,"100 מ""ל",false,12,43.90,5.85,true,1,
4860009000014,false,מיץ רימונים 1 ליטר תוצרת גרוזיה,,,מיץ רימונים 1 ליטר ת,מיליליטרים,1000.00,"100 מ""ל",false,1,22.90,2.29,true,1,
4860019001346,false,"מים מינרלים בורגומי 500 מ""ל",,,מים מינרלים בורגומי,מיליליטרים,500.00,"100 מ""ל",false,1,8.20,1.64,true,1,
4860019001414,false,"מים בורגומי 750 מ""ל",,,"מים בורגומי 750 מ""ל",מיליליטרים,750.00,"100 מ""ל",false,1,9.20,1.23,true,1,
4865602000010,false,מים נבגלוי בזכוכית 500 מל,,,מים נבגלבי בזכוכית,מיליליטרים,500.00,"100 מ""ל",false,1,8.90,1.78,true,1,
4891228430092,false,שיק  אקסטרים 3 פס לחות בתוספת ויטמין,,,שיק  אקסטרים 3 פס לח,Unknown,0.00,Unknown,false,1,25.90,25.90,true,1,
4903001904192,false,"רוטב סויה יאמסה פרימיום 500 מ""ל",,,רוטב סויה יאמסה 500,מיליליטרים,500.00,"100 מ""ל",false,1,18.80,3.76,true,1,
4978094999219,false,מחית סויה לבנה שירו מיסו 500 גרם,,,מחית סויה לבנה שירו,גרמים,500.00,100 גרם,false,1,21.50,4.30,true,1,
5000108478119,false,קוואקר 500 גרם,,,קוואקר 500 גרם,גרמים,500.00,100 גרם,false,1,15.60,3.12,true,1,
5000127163195,false,דגני ספיישל קיי 500 גרם,,,דגני ספיישל קיי 500,גרמים,500.00,100 גרם,false,1,27.20,5.44,true,1,
5000146401568,false,וולייט קולור פרוטקשן,,,וולייט קולור פרוטקשן,Unknown,0.00,Unknown,false,1,15.90,15.90,true,1,
5000159344074,false,מאגדת סניקרס 6 יח,,FR,מאגדת סניקרס 6 יח,Unknown,0.00,Unknown,false,1,29.90,29.90,true,1,
5000159382694,false,מארס עשירייה 450 גרם,,NL,מארס עשירייה 450 גרם,גרמים,450.00,100 גרם,false,1,27.90,6.20,true,1,
5000159382731,false,סניקרס 10*50 גרם,,,סניקרס 10*50 גרם,גרמים,500.00,100 גרם,false,1,27.90,5.58,true,1,
5000159382786,false,טוויקס  10*50 גרם,,,טוויקס  10*50 גרם,גרמים,500.00,100 גרם,false,1,27.90,5.58,true,1,
5000159484695,false,מאגדת טוויקס 6 יח,,FR,מאגדת טוויקס 6 יח,Unknown,0.00,Unknown,false,1,29.90,29.90,true,1,
5000159500258,false,מארז סלבריישן 186 גרם,,,מארז סלבריישן 186 גר,גרמים,186.00,100 גרם,false,1,28.90,15.54,true,1,
5000168199245,false,שוקולד חלב מעולה בתוספת קרמל מלוח,,TR,שוקולד חלב מעולה בתו,גרמים,90.00,100 גרם,false,1,15.90,17.67,true,1,
5000175411217,false,קוביות תיבול 71 גרם XO ירקות,,,קוביות תיבול 71 גרם,גרמים,71.00,100 גרם,false,1,18.80,26.48,true,1,
5000189363069,false,אפטר אייט 200 גר,,,אפטר אייט 200 גר,גרמים,200.00,100 גרם,false,1,16.90,8.45,true,1,
5000267014234,false,"גוני ווקר אדום 700 מ""ל",,,מארז גוני ווקר אדום,מיליליטרים,750.00,"100 מ""ל",false,1,79.90,10.65,true,1,
5000289925440,false,"גין גורדון 700 מ""ל",,,"גין גורדון 700 מ""ל",מיליליטרים,700.00,"100 מ""ל",false,1,89.90,12.84,true,1,
5000329002193,false,"גין ביפאיטר 700 מ""ל",,,"גין ביפאיטר 700 מ""ל",מיליליטרים,700.00,"100 מ""ל",false,1,99.90,14.27,true,1,
5000394019171,false,סוללות פלוס פאוור D דורסל 2 יח,,,סוללות פלוס פאוור D,Unknown,0.00,Unknown,false,1,27.90,27.90,true,1,
5000394137486,false,מארז *4 סוללות דורסל אופטימום AA,,BE,מארז *4 סוללות דורסל,Unknown,0.00,Unknown,false,1,23.00,23.00,true,1,
5000394140820,false,סוללות דורסל פלוס פאוור AA שישיית,,BE,סוללות דורסל פלוס פא,יחידה,1.00,יחידה,false,1,18.60,18.60,true,1,
5000394141209,false,סוללות דורסל פלוס פאוור AAA שישיית,,BE,סוללות דורסל פלוס פא,יחידה,1.00,יחידה,false,1,18.60,18.60,true,1,
5000396037944,false,מקוויטיס ביסקוויט 250 גרם,,,מקוויטיס ביסקוויט 25,גרמים,250.00,100 גרם,false,1,12.00,4.80,true,1,
5010038454831,false,בירה בלו מון 330 מל בקבוק,,,בירה בלו מון 330 מל,מיליליטרים,330.00,"100 מ""ל",false,1,13.90,4.21,true,1,
5010182997253,false,"רייד מקס קוטל חרקים 400 מ""ל",,,רייד מקס קוטל חרקים,מיליליטרים,400.00,"100 מ""ל",false,1,20.00,5.00,true,1,
5010327399614,false,"גלנפידיך 12 אמריקן אווק כשר 700 מ""ל",וויליאם גרנטס ובניו,GB,גלנפידיך 12 אמריקן א,מיליליטרים,700.00,"100 מ""ל",false,1,189.90,27.13,true,1,
5010677850100,false,"וודקה גריי גוס 700 מ""ל",,FR,וודקה גריי גוס 700 מ,מיליליטרים,700.00,"100 מ""ל",false,1,114.90,16.41,true,1,
5011166055358,false,"בירה קראביס גינגר 330 מ""ל ללא גלוטן",,,בירה קראביס גינגר 33,מיליליטרים,330.00,"100 מ""ל",false,1,14.90,4.52,true,1,
5011348015194,false,"בירה הובגובלין גולד 500 מ""ל",,,בירה הובגובלין גולד,מיליליטרים,500.00,"100 מ""ל",false,1,18.90,3.78,true,1,
5011348017099,false,"בירה הובגובלין גולד פחית 500 מ""ל",,GB,בירה הובגובלין גולד,מיליליטרים,500.00,"100 מ""ל",false,1,17.90,3.58,true,1,
5011348017112,false,"בירה הובגובלין פחית 500 מ""ל",,GB,בירה הובגובלין פחית,מיליליטרים,500.00,"100 מ""ל",false,1,17.90,3.58,true,1,
5011348019772,false,"בירה הובגובלין אי.פי.איי  500 מ""ל",,,בירה הובגובלין אי.פי,מיליליטרים,500.00,"100 מ""ל",false,1,18.90,3.78,true,1,
5011348019918,false,"בירה דריי נאק 500 מ""ל",,,"בירה דריי נאק 500 מ""",מיליליטרים,500.00,"100 מ""ל",false,1,18.90,3.78,true,1,
5014271310428,false,מעדן סאנט דלפור דובדבנים ש 284 גר,,,מעדן סאנט דלפור דובד,גרמים,284.00,100 גרם,false,1,22.90,8.06,true,1,
5014271400426,false,מעדן סאנט דלפור תות שדה 284 גר,,,מעדן סאנט דלפור תות,גרמים,284.00,100 גרם,false,1,22.90,8.06,true,1,
5016978000725,false,"סאקה צויה 720 מ""ל",,,"סאקה צויה 720 מ""ל",מיליליטרים,720.00,"100 מ""ל",false,1,49.90,6.93,true,1,
5018357006779,false,תערובת דגנים 50% פירות ואגוז+חמוציות 540,,,תערובת דגנים 50% פיר,גרמים,540.00,100 גרם,false,1,38.50,7.13,true,1,
5029053002408,false,נ.טואלט קלינקס לבן 9 גל,,,נ.טואלט קלינקס לבן 9,מטרים,275.00,מטר,false,1,38.90,0.14,true,1,
5029053002439,false,נ.טואלט קלינקס צהוב 9 גלילים,,,נ.טואלט קלינקס צהוב,מטרים,275.00,מטר,false,1,38.90,0.14,true,1,
5029053039725,false,ממחטות נייר קלינקס נטורל פרש קופסה 72 דף,,,ממחטות נייר קלינקס נ,Unknown,0.00,Unknown,false,1,12.90,12.90,true,1,
5029053510811,false,תחבושת קוטקס נורמל  +,,,תחבושת קוטקס נורמל,Unknown,0.00,Unknown,false,1,25.90,25.90,true,1,
5030544902992,false,גבינת צדר אנגלי 190 גר,,,גבינת צדר אנגלי 190,גרמים,190.00,100 גרם,false,1,35.50,18.68,true,1,
5032678004870,false,"מי טוניק 200 מ""ל",,GB,"מי טוניק 200 מ""ל",מיליליטרים,200.00,"100 מ""ל",false,1,7.90,3.95,true,1,
5032678004979,false,"טוניק לייט פרנקלין  200 מ""ל",,GB,טוניק לייט פרנקלין,מיליליטרים,200.00,"100 מ""ל",false,1,7.90,3.95,true,1,
5035766044673,false,"סיידר תפוחים סטרונגבאו בודד 330 מ""ל",,,סיידר תפוחים סטרונגב,מיליליטרים,330.00,"100 מ""ל",false,1,8.50,2.58,true,1,
5050974505259,false,רייויטה פת פריכה שיפון גרענים/דגנים 250,,,רייויטה פת פריכה שיפ,גרמים,250.00,100 גרם,false,1,13.90,5.56,true,1,
5053827201568,false,"קלוגס-""שוקו קריספיס"" דגני בוקר 330ג",,ES,"קלוגס-""שוקו קריספיס""",גרמים,330.00,100 גרם,false,1,21.90,6.64,true,1,
5053827215862,false,קוקו פופס 500 גרם,,,קוקו פופס 500 גרם,גרמים,500.00,100 גרם,false,1,21.90,4.38,true,1,
5056357901427,false,אם אנד אם חטיף חלבון שוקולד 51 גרם,,NL,אם אנד אם חטיף חלבון,גרמים,51.00,100 גרם,false,1,17.90,35.10,true,1,
5056357905739,false,באונטי עוגיות מצופות שוקולד 132 גרם,,GB,באונטי עוגיות מצופות,גרמים,132.00,100 גרם,false,0,18.90,14.32,true,1,
5056357906323,false,אם אנד אם קריספי חלבון 52 גרם,,,אם אנד אם קריספי חלב,גרמים,52.00,100 גרם,false,1,17.90,34.42,true,1,
5060122036849,false,"משקה סניקרס 350 מ""ל",,GB,"משקה סניקרס 350 מ""ל",מיליליטרים,350.00,"100 מ""ל",false,1,13.90,3.97,true,1,
5060250343765,false,ריסס עוגיות קקאו במילוי חמאת בוטנים 96 ג,,,עוגיות ריסז ראונדס ב,גרמים,96.00,100 גרם,false,1,11.90,12.40,true,1,
5060255492185,false,חול חתולים ירוק 6 לריחני,,,אברקלין   6ל (ירוק ),ליטרים,0.01,ליטר,false,1,59.90,5990.00,true,1,
5060283762212,false,ציפס עדשים בטעם ברביקיו 85 גרם,,GB,ציפס עדשים בטעם ברבי,גרמים,85.00,100 גרם,false,1,15.90,18.71,true,1,
5060319120115,false,תה ירוק אורגני 50 גרם הייר ליבינג,,,תה ירוק אורגני 50 גר,Unknown,0.00,Unknown,false,1,18.90,18.90,true,1,
5060319129422,false,חליטת דיטוקס אורגנית 25 גרם הייר ליבינג,,,חליטת דיטוקס אורגנית,Unknown,0.00,Unknown,false,1,18.90,18.90,true,1,
5060402902130,false,"משקה טוויקס 350 מ""ל",,GB,"משקה טוויקס 350 מ""ל",מיליליטרים,350.00,"100 מ""ל",false,1,13.90,3.97,true,1,
5060402908286,false,מארס חטיף חלבון 59 גרם,,NL,מארס חטיף חלבון 59 ג,גרמים,59.00,100 גרם,false,1,17.90,30.34,true,1,
5060517886486,false,"מונסטר אנרגי פח 500 מ""ל",,RS,מונסטר אנרגי פח 500,מיליליטרים,500.00,"100 מ""ל",false,1,7.90,1.58,true,1,
5201004021328,false,גליליות ממולאות קרם אגוזים 115 גר,,GR,גליליות קפריס רולס ק,גרמים,115.00,100 גרם,false,1,10.30,8.96,true,1,
5201043004412,false,זיתי קלמטה שחורים 200 גר,,,זיתי קלמטה שחורים 37,מיליליטרים,370.00,"100 מ""ל",false,1,15.90,4.30,true,1,
5201340003385,false,טונה מעושנת בשמן סויה 160 גרם,,GR,טונה מעושנת בשמן סוי,גרמים,160.00,100 גרם,false,1,16.90,10.56,true,1,
5201940010110,false,זיתים שחורים מזן קלמטה בפח 454  גרם,,,זיתים שחורים מזן קלמ,גרמים,454.00,100 גרם,false,1,17.90,3.94,true,1,
5202175001515,false,נאצ`וס בטעם מלוח 225 גר,,,נאצ`וס בטעם מלוח 225,גרמים,225.00,100 גרם,false,1,12.50,5.56,true,1,
5208049001483,false,גולדן וירגיניה לבן 30 גר+נייר PP יחידה,,,גולדן וירגיניה לבן 3,יחידה,1.00,יחידה,false,1,69.90,69.90,true,1,
5208049001513,false,גולדן וירגיניה צהוב30 גר+נייר לגלגול יח,,,גולדן וירגיניה צהוב3,יחידה,1.00,יחידה,false,1,69.90,69.90,true,1,
5208049001841,false,פאל מאל דמי קפסולה חפיסה,,,פאל מאל דמי קפסולה ח,Unknown,0.00,Unknown,false,1,26.00,26.00,true,1,
5213006580918,false,זית ירוק בתיבול פיקנטי 250 גר,,GR,זית ירוק בתיבול פיקנ,גרמים,250.00,100 גרם,false,1,17.90,7.16,true,1,
5214000101369,false,"שמן זית יווני כתית מעולה 750 מ""ל Oleum",Oleum,,שמן זית יווני כתית מ,מיליליטרים,750.00,"100 מ""ל",false,1,54.90,7.32,true,1,
5400141357530,false,שימורי מלפפון חמוץ מתוק בוני 530 גר,,BE,שימורי מלפפון חמוץ מ,גרמים,530.00,100 גרם,false,1,19.40,3.66,true,1,
5400265032344,false,"המלט-מתנה ליין ""לאב"" 250 גרם",,,"המלט-מתנה ליין ""לאב""",גרמים,250.00,100 גרם,false,1,55.50,22.20,true,1,
5400265041360,false,"המלט-עוגיות מקרון תות,פיסטוק ושוק 75 גר",,,המלט-עוגיות מקרון תו,גרמים,75.00,100 גרם,false,1,24.90,33.20,true,1,
5410126116953,false,ממרח עוגיות לוטוס קרמל 400 גר,,,ממרח עוגיות לוטוס קר,גרמים,400.00,100 גרם,false,1,25.90,6.48,true,1,
5410126297003,false,מארז גלידת לוטוס שוקולד לבן על מקל 284 ג,,BE,מארז גלידת לוטוס שוק,גרמים,284.00,100 גרם,false,1,43.90,15.46,true,1,
5410126666038,false,עוגיות לוטוס 279 גרם,,BE,עוגיות לוטוס 279 גרם,גרמים,279.00,100 גרם,false,1,14.60,5.23,true,1,
5410228141266,false,"בירה סטלה ארטואה 330 מ""ל",,,בירה סטלה ארטואה 330,מיליליטרים,330.00,"100 מ""ל",false,1,6.90,2.09,true,1,
5410228144755,false,"בירה סטלה ארטואה שישייה בקבוק 330 מ""ל",,,שישיית סטלה ארטואה,מיליליטרים,1980.00,"100 מ""ל",false,1,36.90,1.86,true,1,
5410228267508,false,בירה לאגר באדוויזר 330 מל,,GB,בירה לאגר באדוויזר 3,מיליליטרים,330.00,"100 מ""ל",false,1,7.90,2.39,true,1,
5410316994019,false,"סמירנוף אדום 700 מ""ל",,,"סמירנוף אדום 700 מ""ל",מיליליטרים,700.00,"100 מ""ל",false,1,59.90,8.56,true,1,
5410358442097,false,הריבו מרשמלו לבן וורוד 140 גרם,,,הריבו מרשמלו לבן וור,גרמים,140.00,100 גרם,false,1,9.30,6.64,true,1,
5410358453024,false,הריבו מרשמלו אקזוטי 175 גרם,,BE,הריבו מרשמלו אקזוטי,גרמים,175.00,100 גרם,false,1,9.30,5.31,true,1,
5410481080029,false,קרלייר-נוגט פיסטוק 100 גר,,BE,קרלייר-נוגט פיסטוק 1,גרמים,100.00,100 גרם,false,1,16.40,16.40,true,1,
5410769100081,false,"בירה לה שוף 330 מ""ל בקבוק",,,"בירה לה שוף 330 מ""ל",מיליליטרים,330.00,"100 מ""ל",false,1,17.90,5.42,true,1,
5410769200088,false,"בירה מק שוף 330 מ""ל בקבוק",,,"בירה מק שוף 330 מ""ל",מיליליטרים,330.00,"100 מ""ל",false,1,17.90,5.42,true,1,
5410769800097,false,"בירה לה  צרי שוף 8% 330 מ""ל בקבוק",,,בירה לה  צרי שוף 8%,מיליליטרים,330.00,"100 מ""ל",false,1,17.90,5.42,true,1,
5410976823018,false,גיליאן-שוקולד מריר פטל 100 גר,,BE,גיליאן-שוקולד מריר פ,גרמים,100.00,100 גרם,false,1,16.90,16.90,true,1,
5411081000523,false,"בירה קסטיל כהה 330 מ""ל",,,בירה קסטיל כהה 330 מ,מיליליטרים,330.00,"100 מ""ל",false,1,12.90,3.91,true,1,
5411081003661,false,"בירה קסטיל רוז 750 מ""ל",,,בירה קסטיל רוז 750 מ,מיליליטרים,750.00,"100 מ""ל",false,1,38.90,5.19,true,1,
5411081008628,false,"בירה קסטיל רוז נייטרו 300 מ""ל",,,בירה קסטיל רוז נייטר,מיליליטרים,330.00,"100 מ""ל",false,1,15.90,4.82,true,1,
5411188112709,false,אלפרו משקה שקדים ללא סוכר 1 ליטר,,,אלפרו משקה שקדים ללא,מיליליטרים,1000.00,"100 מ""ל",false,1,15.90,1.59,true,1,
5411188115366,false,אלפרו משקה שיבולת שועל 1 ליטר,,,אלפרו משקה שיבולת שו,מיליליטרים,1000.00,"100 מ""ל",false,1,15.90,1.59,true,1,
5411188115472,false,אלפרו משקה סויה 1 ליטר,,BE,אלפרו משקה סויה 1 לי,מיליליטרים,1000.00,"100 מ""ל",false,1,14.90,1.49,true,1,
5411188121923,false,"שלישיות סויה סידן 750 מ""ל",,,שלישיות אלפרו סויה ב,מיליליטרים,750.00,"100 מ""ל",false,1,15.90,2.12,true,1,
5411188122661,false,אלפרו משקה שקדים לא קלוים לא סוכר 1 ליטר,,,אלפרו משקה שקדים לא,מיליליטרים,1000.00,"100 מ""ל",false,1,15.90,1.59,true,1,
5411188124726,false,אלפרו משקה שיבולת שועל שקדים 1 ליטר,,,אלפרו משקה שיבולת שו,מיליליטרים,1000.00,"100 מ""ל",false,1,15.90,1.59,true,1,
5411188543398,false,אלפרו משקה סויה ללא סוכר 1 ליטר,,BE,אלפרו משקה סויה ללא,מיליליטרים,1000.00,"100 מ""ל",false,1,14.90,1.49,true,1,
5411616002190,false,"בירה STRONG מרטינס  8.5% כהל 500 מ""ל",,,בירה STRONG מרטינס,מיליליטרים,500.00,"100 מ""ל",false,1,8.90,1.78,true,1,
5411616133245,false,"בירה מרטנס 500 מ""ל-פחית",,,"בירה מרטנס 500 מ""ל-פ",מיליליטרים,500.00,"100 מ""ל",false,1,7.90,1.58,true,1,
5411616148546,false,"בירה מרטינס גולד 500 מ""ל-פחית",,,בירה מרטינס גולד 500,מיליליטרים,500.00,"100 מ""ל",false,1,7.90,1.58,true,1,
5411676175148,false,"בירת ברבר כהה 750 מ""ל בקבוק",,BE,"בירת ברבר כהה 750 מ""",מיליליטרים,750.00,"100 מ""ל",false,1,35.90,4.79,true,1,
5411681014005,false,בירה דובל 330 מל,,,"בירה דובל 330 מ""ל",מיליליטרים,330.00,"100 מ""ל",false,1,16.90,5.12,true,1,
5411681038001,false,בירה מרדסו טריפל 330 מל,,,בירה מרדסו טריפל 330,מיליליטרים,330.00,"100 מ""ל",false,1,16.90,5.12,true,1,
5412514999957,false,סלסה גוואקמולה  300 גרם,,,סלסה גוואקמולה  300,גרמים,300.00,100 גרם,false,1,38.90,12.97,true,1,
5413121359769,false,בלגיאן - צדפי שוקולד בלגי 195 גר,,,בלגיאן - צדפי שוקולד,גרמים,195.00,100 גרם,false,1,16.90,8.67,true,1,
5413548040479,false,בונבוניירה רפאלו 240 גר,,,בונבוניירה רפאלו 240,גרמים,240.00,100 גרם,false,1,28.20,11.75,true,1,
5420066330203,false,ביאנקה טרופל קקאו באריזת זהב 175 גר,,,ביאנקה טרופל קקאו בא,גרמים,175.00,100 גרם,false,1,14.90,8.51,true,1,
5420066330210,false,ביאנקה טרופל קקאו באריזת כסף 175 גר,,,ביאנקה טרופל קקאו בא,גרמים,175.00,100 גרם,false,1,14.90,8.51,true,1,
5420066370049,false,טראפל בלגי תפוז  150 גרם,,,טראפל בלגי תפוז  150,גרמים,150.00,100 גרם,false,1,11.90,7.93,true,1,
5420066370384,false,טראפל בלגי אגוזים 150 גרם,,,טראפל בלגי אגוזים 15,גרמים,150.00,100 גרם,false,1,11.90,7.93,true,1,
5600787049022,false,"משקה אורגני ע""ב קמבוצה ותה ירוק 400 מל",,PT,"משקה אורגני ע""ב קמבו",מיליליטרים,400.00,"100 מ""ל",false,1,21.90,5.48,true,1,
5601008200444,false,עוגיות טבעת מצופה שוק. חלב 150 גר גודיס,,,עוגיות טבעת מצופה שו,גרמים,150.00,100 גרם,false,1,11.40,7.60,true,1,
5601008200451,false,עוגיות טבעת מצופה שוק. מריר 150 גר גודיס,,,עוגיות טבעת מצופה שו,גרמים,150.00,100 גרם,false,1,11.40,7.60,true,1,
5601008200468,false,עוגיות טבעת מצופה שוק. לבן 150 גר גודיס,,,עוגיות טבעת מצופה שו,גרמים,150.00,100 גרם,false,1,11.40,7.60,true,1,
5601010111035,false,סרדין בשמן זית 125 גר רמירז,,,סרדין בשמן זית 125 ג,גרמים,125.00,100 גרם,false,1,12.90,10.32,true,1,
5601010211087,false,פילה סרדין בשמן זית כתית  100 גר רמירז,,,פילה סרדין בשמן זית,גרמים,100.00,100 גרם,false,1,16.10,16.10,true,1,
5601012045505,false,"יין גאזלה 750 מ""ל",,,"יין גאזלה 750 מ""ל",Unknown,0.00,Unknown,false,1,40.90,40.90,true,1,
5601012837636,false,"יין סילק אנד ספייס אדום 750 מ""ל",,,יין סילק אנד ספייס א,Unknown,0.00,Unknown,false,1,65.90,65.90,true,1,
5601083653104,false,יין סנדמאן פורט פאונדרס רזרב 750 מל,,,סנדמאן פורט פאונדרס,Unknown,0.00,Unknown,false,1,78.90,78.90,true,1,
5601996355485,false,"יין פורטה 6 לבן 750 מ""ל",,PT,יין פורטה 6 לבן 750,Unknown,0.00,Unknown,false,1,49.90,49.90,true,1,
5604912415041,false,סרדינים בשמן חמניה פורטוס 125 גרם,,PT,סרדינים בשמן חמניה פ,גרמים,125.00,100 גרם,false,1,7.50,6.00,true,1,
5701932026971,false,הוטפופ חמאה 600 גרם,,,הוטפופ חמאה 600 גרם,גרמים,600.00,100 גרם,false,1,16.90,2.82,true,1,
5701932026995,false,פופקורן הוט פופ טבעי לייט 510 ג,,,פופקורן הופ פופ טבעי,גרמים,510.00,100 גרם,false,1,16.90,3.31,true,1,
5711953106590,false,גבינת שמנת שום ארלה 200 גר,,IL,גבינת שמנת שום ארלה,גרמים,200.00,100 גרם,false,1,17.90,8.95,true,1,
5740900403215,false,ממרח לורפק עם מלח 250 גר,,DK,ממרח לורפק עם מלח 25,גרמים,250.00,100 גרם,false,1,17.90,7.16,true,1,
5740900403222,false,ממרח לורפק עם מלח מופחת שומן 250 גר,,DK,ממרח לורפק עם מלח מו,גרמים,250.00,100 גרם,false,1,19.90,7.96,true,1,
5740900403239,false,ממרח לורפק ללא מלח 250 גר,,DK,ממרח לורפק ללא מלח 2,גרמים,250.00,100 גרם,false,1,19.90,7.96,true,1,
5740900403260,false,ממרח לורפק ללא מלח מופחת שומן 250 גר,,DK,ממרח לורפק ללא מלח מ,גרמים,250.00,100 גרם,false,1,19.90,7.96,true,1,
5740900403284,false,ממרח לורפק ללא מלח 200 גר,,,ממרח לורפק ללא מלח,גרמים,200.00,100 גרם,false,1,11.90,5.95,true,1,
5740900403864,false,לורפק חמאה עם מלח 200 גרם,,DK,לורפק חמאה עם מלח,גרמים,200.00,100 גרם,false,1,11.90,5.95,true,1,
5760466976282,false,"משקה סטארבקס וניל 250 מ""ל",,DK,משקה סטארבקס וניל 25,מיליליטרים,250.00,"100 מ""ל",false,1,14.60,5.84,true,1,
5760466976329,false,"משקה סטארבקס קפה 250 מ""ל",,DK,משקה סטארבקס קפה 250,מיליליטרים,250.00,"100 מ""ל",false,1,14.60,5.84,true,1,
5760466976350,false,"משקה סטארבקס מוקה 250 מ""ל",,DK,משקה סטארבקס מוקה 25,מיליליטרים,250.00,"100 מ""ל",false,1,14.60,5.84,true,1,
5774540133805,false,אנטון ברג-מיני טאבלטס קרמל ורמי מרטן 100,,,אנטון ברג-מיני טאבלט,גרמים,100.00,100 גרם,false,1,24.90,24.90,true,1,
5774540989853,false,אנטון ברג-מרציפן פטל בליקר תפוז 220 גר,,,אנטון ברג-מרציפן פטל,גרמים,220.00,100 גרם,false,1,43.90,19.95,true,1,
5900020012814,false,דגנים נסקוויק מלחמת הכוכבים 500 גרם,,,דגנים נסקוויק 500 גר,גרמים,375.00,100 גרם,false,1,28.90,7.71,true,1,
5900020015174,false,פיטנס חטיף דגנים שוקולד 141 גרם,,,פיטנס חטיף דגנים שוק,גרמים,141.00,100 גרם,false,1,18.90,13.40,true,1,
5900020018908,false,פיטנס חטיף דגנים קרם עוגיות 141 גרם,,,פיטנס חטיף דגנים קרם,גרמים,141.00,100 גרם,false,1,18.90,13.40,true,1,
5900020020710,false,חטיפי דגנים קראנץ בר שוקו וניל 6*25 גר,,,חטיפי דגנים קראנץ בר,גרמים,150.00,100 גרם,false,1,17.90,11.93,true,1,
5900020026552,false,האני נאט ציריוס מלחמת הכוכבים 625 גרם,,,האני נאט ציריוס מלחמ,גרמים,625.00,100 גרם,false,1,27.90,4.46,true,1,
5900020031877,false,מארז חטיף דגנים צריוס האני 6 *22 גרם,,,מארז חטיף דגנים צריו,גרמים,132.00,100 גרם,false,1,17.90,13.56,true,1,
5900020032539,false,פיטנס מארז חטיף שוקולד 23.5*6,,,פיטנס מארז חטיף שוקו,גרמים,138.00,100 גרם,false,1,18.90,13.70,true,1,
5900020033314,false,ליון חטיף דגנים 150 גרם,,PL,ליון חטיף דגנים 150,גרמים,150.00,100 גרם,false,1,17.90,11.93,true,1,
5900020036407,false,דגני בוקר שוקולד וקרמל ליון 480 גרם,,FR,דגני בוקר שוקולד וקר,גרמים,480.00,100 גרם,false,1,27.90,5.81,true,1,
5900627063233,false,פיניש טבליות הכל ב-1 50 יח,,,פיניש טבליות הכל ב-1,Unknown,0.00,Unknown,false,1,39.90,39.90,true,1,
5900951291593,false,אם אנד אם קרמל מלוח 70 גרם,,,אם אנד אם קרמל מלוח,גרמים,175.00,100 גרם,false,1,10.90,6.23,true,1,
5901008990100,false,פרוסות מלפפון ופלפל 850 גר POLAN,,PL,פרוסות מלפפון ופלפל,גרמים,850.00,100 גרם,false,1,13.90,1.64,true,1,
5901008990155,false,עגבניות ירוקות-פלפל 840 גר Polan,,PL,עגבניות ירוקות פלפל,גרמים,840.00,100 גרם,false,1,13.90,1.65,true,1,
5901008990322,false,שימורי פטיסונים מוחמצים 860 גר POLAN,,,שימורי פטיסונים מוחמ,גרמים,860.00,100 גרם,false,1,18.60,2.16,true,1,
5901008990339,false,פרוסות מלפפונים מוחמצים 660 גר POLAN,,,פרוסות מלפפונים מוחמ,גרמים,660.00,100 גרם,false,1,16.30,2.47,true,1,
5901008990407,false,שימורי מלפפונים מוחמצים 860 גר POLAN,,,שימורי מלפפונים מוחמ,גרמים,860.00,100 גרם,false,1,18.80,2.19,true,1,
5901008990421,false,שימורי עגבניות שרי כבושות 880 גר POLAN,,PL,שימורי עגבניות שרי כ,גרמים,880.00,100 גרם,false,1,18.80,2.14,true,1,
5901008990452,false,כרוב כבוש 900 גר POLAN,,,כרוב כבוש 900 גר POL,גרמים,900.00,100 גרם,false,1,18.20,2.02,true,1,
5901008990599,false,מלפפונים קורנישונים מוחמצים 860 גר POLAN,,,מלפפונים קורנישונים,גרמים,860.00,100 גרם,false,1,19.80,2.30,true,1,
5901046990315,false,חזרת אדומה 180 גר POLAN,,,חזרת אדומה 180 גר PO,גרמים,180.00,100 גרם,false,1,10.90,6.06,true,1,
5902198160403,false,"XL TEN משקה אנרגיה ללא סוכר 250 מ""ל",,,XL TEN משקה אנרגיה,מיליליטרים,250.00,"100 מ""ל",false,1,4.90,1.96,true,1,
5902510275365,false,"ממרח בטעם כבד ברווז ""צרפתי"" 300 גרם",,PL,ממרח בטעם כבד ברווז,גרמים,300.00,100 גרם,false,1,9.90,3.30,true,1,
5902510275402,false,"ממרח בטעם כבד אווז ""דליקטס"" 300 גרם",,PL,"ממרח בטעם כבד אווז """,גרמים,300.00,100 גרם,false,1,9.90,3.30,true,1,
5904358560009,false,ברון שוקולד מריר 72% 126 גרם,,PL,ברון שוקולד מריר 72%,גרמים,126.00,100 גרם,false,1,13.90,11.03,true,1,
5904358560122,false,ברון שוקולד מריר בתוספת מלח ים 100 גרם,,PL,ברון שוקולד מריר בתו,גרמים,100.00,100 גרם,false,1,9.90,9.90,true,1,
5906485301012,false,"משקה אנרגיה XL פחית 250 מ""ל",,,משקה אנרגיה XL פחית,מיליליטרים,250.00,"100 מ""ל",false,1,4.90,1.96,true,1,
5906485304334,false,גלידה משפחתית קפה לטה 490 גר,,PL,גלידה משפחתית קפה לט,גרמים,490.00,100 גרם,false,1,21.90,4.47,true,1,
5941000024700,false,"חטיפי תפ""א  יוגורט ועשבי תיבול אפוי 125ג",,RO,"חטיפי תפ""א  יוגורט ו",גרמים,125.00,100 גרם,false,1,18.90,15.12,true,1,
5941000025585,false,"חטיפי תפ""א הגל טעם פלפל חריף  לייס 130 ג",,RO,"חטיפי תפ""א הגל טעם פ",גרמים,130.00,100 גרם,false,1,18.90,14.54,true,1,
5941000025615,false,"חטיפי תפ""א בטעם גבינה של לייס 140 גר",,RO,"חטיפי תפ""א בטעם גבינ",גרמים,140.00,100 גרם,false,1,18.90,13.50,true,1,
5941021000899,false,טבלת היידי גראנדור מריר אגוז 100ג,,,היידי מריר אגוז 100ג,גרמים,100.00,100 גרם,false,1,11.00,11.00,true,1,
5941021001247,false,טבלת היידי גראנדור קפה 80 גר,,,טבלת היידי גראנדור,Unknown,0.00,Unknown,false,1,9.90,9.90,true,1,
5941021001261,false,שוקולד היידי 75% 80 גר,,RO,שוקולד היידי 75% 80,גרמים,80.00,100 גרם,false,1,11.40,14.25,true,1,
5941021001674,false,היידי 85% 80ג,,,היידי 85% 80ג,Unknown,0.00,Unknown,false,1,11.40,11.40,true,1,
5941021002190,false,טבלת היידי גראנדור לבן אגוז 100 גר,,,טבלת היידי גראנדור ל,גרמים,100.00,100 גרם,false,1,11.00,11.00,true,1,
5941021005139,false,טבלת היידי גראנדור חלב שקד 100 גר,,,טבלת היידי גראנדור ח,גרמים,100.00,100 גרם,false,1,11.00,11.00,true,1,
5941021007577,false,טבלת היידי גראנדור פיסטוק  80 גר,היידי שוקולד,,טבלת היידי גראנדור פ,Unknown,0.00,Unknown,false,1,9.90,9.90,true,1,
5941021022303,false,טבלת שוקולד היידי מריר עם דובדבן 80 גר,,RO,טבלת שוקולד היידי מר,גרמים,80.00,100 גרם,false,1,9.90,12.38,true,1,
5941021024215,false,טבלת שוקולד היידי מילקברי אוכמניות חלב80,,RO,טבלת שוקולד היידי מי,גרמים,80.00,100 גרם,false,1,11.00,13.75,true,1,
5942219000059,false,מים מינרלים בורסק 1.5 ליטר,,,מים מינרלים בורסק,ליטרים,0.00,ליטר,false,1,10.90,10.90,true,1,
5996496002855,false,בונבוניירה רושן 108 גר CHERRY QUEEN,,HU,בונבוניירה רושן 108,גרמים,108.00,100 גרם,false,1,15.90,14.72,true,1,
6001030003126,false,רוטב ולינגטונס ווסטר 250 גר,,,רוטב ולינגטונס ווסטר,גרמים,250.00,100 גרם,false,1,18.90,7.56,true,1,
6001452303873,false,יין נידרברג פינוטאז 750 מל,,,יין נידרברג פינוטאז,Unknown,0.00,Unknown,false,1,60.90,60.90,true,1,
6008165271192,false,פאל מאל אדום ארוך האוס חפיסה,,,פאל מאל אדום ארוך הא,Unknown,0.00,Unknown,false,1,30.00,30.00,true,1,
6008165274629,false,פאל מאל כחול ארוך סטרים פילטר חפיסה,,,פאל מאל כחול ארוך סט,Unknown,0.00,Unknown,false,1,30.00,30.00,true,1,
6009893614206,false,"יין קייפ גואל גוורצטרמינר ריזרב 750 מ""ל",,ZA,יין קייפ גואל גוורצט,Unknown,0.00,Unknown,false,1,48.90,48.90,true,1,
6009900532684,false,"יין קייפ גואל שרדונה ריזרב 750 מ""ל",,ZA,יין קייפ גואל שרדונה,Unknown,0.00,Unknown,false,1,48.90,48.90,true,1,
6009900532769,false,"יין קייפ גואל רוזה ריזרב 750 מ""ל",,ZA,יין קייפ גואל רוזה ר,Unknown,0.00,Unknown,false,1,48.90,48.90,true,1,
6009900532776,false,"יין קייפ גואל שנין בלאן ריזרב 750 מ""ל",,ZA,יין קייפ גואל שנין ב,Unknown,0.00,Unknown,false,1,48.90,48.90,true,1,
6009900532783,false,"יין גואל קברנה סוביניון ריזרב 750 מ""ל",,ZA,יין קייפ גואל קברנה,Unknown,0.00,Unknown,false,1,48.90,48.90,true,1,
6111094000198,false,קוסקוס דארי דק 350 גרם,,,קוסקוס דארי דק 350 ג,גרמים,360.00,100 גרם,false,1,7.30,2.03,true,1,
6111094001164,false,דארי אטריות מרוקאיות 500 גרם,,,דארי אטריות מרוקאיות,גרמים,500.00,100 גרם,false,1,9.90,1.98,true,1,
6253017300012,false,טחינה יונה כחולה 500,,,טחינה יונה כחולה 500,גרמים,500.00,100 גרם,false,1,18.60,3.72,true,1,
6910191800287,false,אצות נורי בלו 10 דפים,,,אצות נורי בלו 10 דפי,Unknown,0.00,Unknown,false,1,13.90,13.90,true,1,
6912977000140,false,אטריות שעועית דקות 250 גרם,,,אטריות שעועית דקות 2,גרמים,250.00,100 גרם,false,1,9.90,3.96,true,1,
6920510504345,false,צעצוע פרוזן עם ממתק סוויט בוקס,,,צעצוע פרוזן עם ממתק,גרמים,10.00,100 גרם,false,1,13.50,135.00,true,1,
6920510504383,false,צעצוע נסיכות עם ממתק סוויט בוקס,,,צעצוע נסיכות עם ממתק,גרמים,10.00,100 גרם,false,1,13.50,135.00,true,1,
6920510504420,false,צעצוע ספיידרמן עם ממתק סוויט בוקס,,,צעצוע ספיידרמן עם ממ,גרמים,10.00,100 גרם,false,1,13.50,135.00,true,1,
6920510504444,false,צעצוע הנוקמים עם ממתק סוויט בוקס,,,צעצוע הנוקמים עם ממת,גרמים,10.00,100 גרם,false,1,13.50,135.00,true,1,
6921052701001,false,אצות ווקאמה 40 גרם,,,אצות ווקאמה 40 גרם,גרמים,40.00,100 גרם,false,1,10.50,26.25,true,1,
6926832407074,false,חטיף אורז יפני 100 גרם,,,חטיף אורז יפני 100 ג,גרמים,100.00,100 גרם,false,1,8.00,8.00,true,1,
6934731200078,false,אטריות טריות דקות 200 גרם,,CN,אטריות טריות דקות 20,גרמים,200.00,100 גרם,false,1,8.30,4.15,true,1,
6934731210138,false,אטריות טריות עבות 200 גרם,,CN,אטריות טריות עבות 20,גרמים,200.00,100 גרם,false,1,8.30,4.15,true,1,
6936745600462,false,מירין דאניינג 500 מל,,,מירין דאניינג,מיליליטרים,500.00,"100 מ""ל",false,1,23.90,4.78,true,1,
7290000000112,false,ברוקומיני,,,ברוקומיני,Unknown,0.00,Unknown,false,1,19.90,19.90,true,1,
7290000000157,false,ג ינג יר,,,גינגיר,Unknown,0.00,"ק""ג",true,0,39.90,39.90,true,1,
7290000000374,false,פטריות,,,פטריות,Unknown,0.00,Unknown,false,1,12.90,12.90,true,1,
7290000000603,false,בצל ירוק,,,בצל ירוק,Unknown,0.00,Unknown,false,1,5.90,5.90,true,1,
7290000000609,false,שמיר /כוסברה,,,שמיר /כוסברה,Unknown,0.00,Unknown,false,1,5.90,5.90,true,1,
7290000000617,false,שורש -פטרוזילה,,,שורש -פטרוזילה,Unknown,0.00,Unknown,false,1,5.90,5.90,true,1,
7290000000632,false,שום,,,שום ברשת,Unknown,0.00,Unknown,false,1,12.90,12.90,true,1,
7290000000636,false,תירס ארוז,,,תירס ארוז,Unknown,0.00,"ק""ג",true,0,14.90,14.90,true,1,
7290000000637,false,תרד,,,תרד,Unknown,0.00,Unknown,false,1,12.90,12.90,true,1,
7290000000641,false,אננס טרי,,,אננס טרי,Unknown,0.00,Unknown,false,1,44.90,44.90,true,1,
7290000000695,false,אספרגוס,,,אספרגוס,Unknown,0.00,Unknown,false,1,29.90,29.90,true,1,
7290000000697,false,בזיליקום,,,בזיליקום,Unknown,0.00,Unknown,false,1,5.90,5.90,true,1,
7290000000707,false,פטל,,,פטל,Unknown,0.00,Unknown,false,1,29.90,29.90,true,1,
7290000000735,false,פטיה,,,פטיה,Unknown,0.00,"ק""ג",true,0,39.90,39.90,true,1,
7290000000899,false,חסה מסולסלת +אדומה,,,חסה מסולסלת +אדומה,Unknown,0.00,Unknown,false,1,14.90,14.90,true,1,
7290000001104,false,פטריות פרטובלה,,,פטריות פרטובלה,Unknown,0.00,Unknown,false,1,11.90,11.90,true,1,
7290000001164,false,חסה מסולסלת,,,חסה מסולסלת,Unknown,0.00,Unknown,false,1,14.90,14.90,true,1,
7290000036144,false,קורנפלור גלעם 200 גרם,,,קורנפלור גלעם 200 גר,גרמים,200.00,100 גרם,false,1,6.00,3.00,true,1,
7290000040042,false,יופלה תות 3% 150 גר,,,יופלה תות 3% 150 גרם,גרמים,150.00,100 גרם,false,1,5.40,3.60,true,1,
7290000040080,false,יופלה אפרסק 3% 150 גר,,,יופלה אפרסק 3% 150 ג,גרמים,150.00,100 גרם,false,1,5.40,3.60,true,1,
7290000040301,false,קולאז קממבר עין גדי 125 גרם,,,קולאז קממבר עין גדי,גרמים,125.00,100 גרם,false,1,22.20,17.76,true,1,
7290000040318,false,קולאז ברי בחפיסה 125 גרם,,,קולאז ברי בחפיסה 125,גרמים,125.00,100 גרם,false,1,21.60,17.28,true,1,
7290000040974,false,חלב טרי דל לקטוז 1 ל,,,חלב טרי דל לקטוז 1 ל,מיליליטרים,1000.00,"100 מ""ל",false,1,7.20,0.72,true,1,
7290000041858,false,"שמנת חמוצה 15% 200 מ""ל",,,שמנת חמוצה 15% 200 מ,מיליליטרים,200.00,"100 מ""ל",false,1,2.90,1.45,true,1,
7290000042435,false,חלב דל שומן בקרטון+פקק 1 ליטר 1%,,,חלב דל שומן בקרטון,מיליליטרים,1000.00,"100 מ""ל",false,1,5.86,0.59,true,1,
7290000042640,false,"חלב עמיד 3% 250 מ""ל",,,"חלב עמיד 3% 250 מ""ל",מיליליטרים,250.00,"100 מ""ל",false,1,2.90,1.16,true,1,
7290000043111,false,חמאה 200 גרם,,,חמאה 200 גרם,גרמים,200.00,100 גרם,false,1,7.80,3.90,true,1,
7290000043814,false,"שמנת עמידה להקצפה 38% 250 מ""ל",,,שמנת עמידה להקצפה 38,גרמים,250.00,100 גרם,false,1,6.47,2.59,true,1,
7290000043890,false,רויון 1.5% 1 ליטר,,,רויון 1.5% 1 ליטר,מיליליטרים,1000.00,"100 מ""ל",false,1,12.00,1.20,true,1,
7290000045917,false,קולאז עיזים פרומעז גליל 200 גרם,,,קולאז עיזים פרומעז ג,גרמים,200.00,100 גרם,false,1,28.20,14.10,true,1,
7290000046327,false,גבינת גלבוע פרוס 200 גרם,,,גבינת גלבוע פרוס 200,גרמים,200.00,100 גרם,false,1,14.50,7.25,true,1,
7290000047546,false,גבינת כנען 5% 500 גרם,,,גבינת כנען 5% 500 גר,גרמים,500.00,100 גרם,false,1,26.10,5.22,true,1,
7290000048185,false,גבינה לבנה 5% 250 גר,,,גבינה לבנה 5% 250 גר,גרמים,250.00,100 גרם,false,1,4.98,1.99,true,1,
7290000048192,false,גבינה למריחה 9% 250 גרם,,,גבינה למריחה 9% 250,גרמים,250.00,100 גרם,false,1,4.98,1.99,true,1,
7290000048413,false,גבינה חמד פיראוס 250 גרם,,,גבינה חמד פיראוס 250,גרמים,250.00,100 גרם,false,1,19.10,7.64,true,1,
7290000050447,false,יופלה תות 3% 500גר,,,יופלה תות 3% 500גר,גרמים,500.00,100 גרם,false,1,14.90,2.98,true,1,
7290000050454,false,יופלה אפרסק 3% 500 גר,,,יופלה אפרסק 3% 500 ג,גרמים,500.00,100 גרם,false,1,14.90,2.98,true,1,
7290000051352,false,חלב של פעם 3.5% 1 ל,,,חלב של פעם 3.5% 1 ל,מיליליטרים,1000.00,"100 מ""ל",false,1,8.30,0.83,true,1,
7290000051376,false,יופלה דיאט אננס ספורטיבי 0% 150גר,,,יופלה דיאט אננס ספור,גרמים,150.00,100 גרם,false,1,5.40,3.60,true,1,
7290000051710,false,פיראוס לאבנה עם שמן זית וזעתר 260גר,,,פיראוס לאבנה עם שמן,גרמים,260.00,100 גרם,false,1,14.60,5.62,true,1,
7290000052311,false,עמק פרוס בקופסא 200 גר 15% שומן,,,עמק פרוס בקופסא 200,גרמים,200.00,100 גרם,false,1,16.40,8.20,true,1,
7290000055015,false,פיראוס פטה כבשים 5% 250 גר,,,פיראוס פטה כבשים 5%,גרמים,250.00,100 גרם,false,1,29.40,11.76,true,1,
7290000055206,false,גבינה לבנה בטעם בצל מטוגן 5% 250 גר,,,גבינה לבנה בטעם בצל,גרמים,250.00,100 גרם,false,1,5.90,2.36,true,1,
7290000055329,false,משקה יוגורט יופלה בטעם תות-מלון 250 גר,,,משקה יוגורט יופלה בט,גרמים,250.00,100 גרם,false,1,5.70,2.28,true,1,
7290000055336,false,משקה יוגורט יופלה בטעם בננה אפרסק 250 גר,,,משקה יוגורט יופלה בט,גרמים,250.00,100 גרם,false,1,5.70,2.28,true,1,
7290000055350,false,גבינה צהובה חריץ עמק 28% במשקל,,,גבינה צהובה עמק 28%,Unknown,0.00,"ק""ג",true,0,44.79,44.79,true,1,
7290000056845,false,חלב קרטון 3% תנובה 1.5 ליטר,,,חלב קרטון 3% תנובה,ליטרים,0.00,ליטר,false,1,9.34,9.34,true,1,
7290000057088,false,עמק דק 200 גרם,,,עמק דק 200 גרם,גרמים,200.00,100 גרם,false,1,16.90,8.45,true,1,
7290000057132,false,יוגורט 1.5% 200 גרם,,,יוגורט 1.5% 200 גרם,גרמים,200.00,100 גרם,false,1,3.30,1.65,true,1,
7290000057149,false,יוגורט תנובה 3% 200 גר,,,יוגורט תנובה 3% 200,גרמים,200.00,100 גרם,false,1,3.30,1.65,true,1,
7290000060163,false,אטריות דקות 400 גרם,,,אטריות דקות 400 גרם,גרמים,400.00,100 גרם,false,1,8.50,2.13,true,1,
7290000060200,false,פתיתים אפויים קוסקוס 500 גרם,,,פתיתים אפויים קוסקוס,גרמים,500.00,100 גרם,false,1,7.90,1.58,true,1,
7290000060248,false,פסטה תלתלים (61) 500 גרם,,,פסטה תלתלים (61) 500,גרמים,500.00,100 גרם,false,1,6.90,1.38,true,1,
7290000060408,false,פתיתים אפויים טבעות 500 גרם,,,פתיתים אפויים טבעות,גרמים,500.00,100 גרם,false,1,7.90,1.58,true,1,
7290000060781,false,פסטה מסולסלים (57) 500 גרם,,,פסטה מסולסלים (57) 5,גרמים,500.00,100 גרם,false,1,6.90,1.38,true,1,
7290000060880,false,ספגטי (3) 500 גרם,,,ספגטי (3) 500 גרם,גרמים,500.00,100 גרם,false,1,6.90,1.38,true,1,
7290000061764,false,נסקפה רד מאג 200 גרם,,,נס קפה רד מאג 200 גר,גרמים,200.00,100 גרם,false,1,24.90,12.45,true,1,
7290000063102,false,קמח עוגה תופח מאליו 350 גרם,,,קמח עוגה תופח מאליו,גרמים,350.00,100 גרם,false,1,5.90,1.69,true,1,
7290000063140,false,שקדי מרק 400 גרם -שקית,,,שקדי מרק 400 גרם -שק,גרמים,400.00,100 גרם,false,1,12.90,3.23,true,1,
7290000063157,false,"קמח עוגה תופח מאליו 1 ק""ג",,,קמח עוגה תופח מאליו,גרמים,1000.00,100 גרם,false,1,10.90,1.09,true,1,
7290000065090,false,מיני קרוטונים למרק וסלט 400 גרם,,,מיני קרוטונים למרק ו,גרמים,400.00,100 גרם,false,1,27.90,6.98,true,1,
7290000065328,false,חלה מתוקה שאשא,,,חלה מתוקה שאשא,Unknown,0.00,Unknown,false,1,17.90,17.90,true,1,
7290000066172,false,ביסלי בטעם פיצה 70 גרם,,,ביסלי בטעם פיצה 70 ג,גרמים,70.00,100 גרם,false,1,4.70,6.71,true,1,
7290000066318,false,במבה 80 גרם,,,במבה 80 גרם,גרמים,80.00,100 גרם,false,1,4.90,6.13,true,1,
7290000066332,false,חטיף אפרופו 50 גרם,,,חטיף אפרופו 50 גרם,גרמים,50.00,100 גרם,false,1,5.90,11.80,true,1,
7290000068138,false,פודינג אינסטנט בטעם וניל,,,פודינג אינסטנט בטעם,גרמים,80.00,100 גרם,false,1,5.90,7.38,true,1,
7290000068343,false,פריכונים מאורז מלא 140 גרם,,,פריכונים מאורז מלא 1,גרמים,140.00,100 גרם,false,1,8.90,6.36,true,1,
7290000068770,false,במבה יום הולדת 80 גרם,,,במבה יום הולדת 80 גר,גרמים,80.00,100 גרם,false,1,4.90,6.13,true,1,
7290000068787,false,במבה  יום הולדת 25 גרם,,,במבה יום הולדת 25 גר,גרמים,25.00,100 גרם,false,1,2.90,11.60,true,1,
7290000069258,false,פסטה פרפקטו פנה ריגטה 500 גרם,,,פסטה פרפקטו פנה ריגט,גרמים,500.00,100 גרם,false,1,8.30,1.66,true,1,
7290000070308,false,אבקת מרק  עוף אמיתי 400 גרם-מיכל,,,אבקת מרק עוף אמיתי,גרמים,400.00,100 גרם,false,1,23.90,5.98,true,1,
7290000072623,false,קטשופ אסם בקבוק לחיץ 750 גרם,,,קטשופ אסם בקבוק לחיץ,גרמים,750.00,100 גרם,false,1,12.90,1.72,true,1,
7290000072753,false,נסקפה טייסטרס צויס 200 גר,,,נסקפה טייסטרס צויס,גרמים,200.00,100 גרם,false,1,32.90,16.45,true,1,
7290000072760,false,נסקפה טייסטרס צויס 100 גר אוריגנל,,,נסקפה טייסטרס צויס,גרמים,100.00,100 גרם,false,1,28.20,28.20,true,1,
7290000072777,false,נסקפה טייסטרס צויס 200 גרם נטול,,,נסקפה טייסטרס צויס,גרמים,200.00,100 גרם,false,1,39.90,19.95,true,1,
7290000072968,false,דגנים סיני מיניס מלחמת הכוכבים  500 גרם,,,דגנים סיני מיניס מלח,גרמים,375.00,100 גרם,false,1,28.90,7.71,true,1,
7290000073750,false,מנה חמה נודלס אטר+ירקות טעם עוף 70 גרם,,,מנה חמה נודלס אטר+יר,גרמים,70.00,100 גרם,false,1,7.50,10.71,true,1,
7290000073767,false,מנה חמה נודלס אטר.+ירקות טעם בקר 70 גרם,,,מנה חמה נודלס אטר.+י,גרמים,70.00,100 גרם,false,1,7.50,10.71,true,1,
7290000074184,false,פתי בר וניל 500 גרם,,,פתי בר וניל 500 גרם,גרמים,500.00,100 גרם,false,1,12.50,2.50,true,1,
7290000074245,false,קרם קרקר 250 גרם,,,קרם קרקר 250 גרם,גרמים,250.00,100 גרם,false,1,11.90,4.76,true,1,
7290000074252,false,קרקר שומשום 250 גרם,,,קרקר שומשום 250 גרם,גרמים,250.00,100 גרם,false,1,11.90,4.76,true,1,
7290000074375,false,קרקר זהב 150 גרם,,,קרקר זהב 150 גרם,גרמים,150.00,100 גרם,false,1,8.50,5.67,true,1,
7290000074481,false,לחמית אגוזים 160 גרם,,,לחמית כפרית 190 גרם,גרמים,160.00,100 גרם,false,1,11.90,7.44,true,1,
7290000075204,false,לחמית חיטה מלאה 250 גרם,,,לחמית חיטה מלאה 250,גרמים,250.00,100 גרם,false,1,11.00,4.40,true,1,
7290000077253,false,לחמית כפרית 190 גרם,,,לחמית כפרית 190 גרם,גרמים,190.00,100 גרם,false,1,11.90,6.26,true,1,
7290000079233,false,קרם קרקר דיאטטי דל נתרן 250 גרם,,,קרם קרקר דיאטטי דל נ,גרמים,250.00,100 גרם,false,1,13.50,5.40,true,1,
7290000101934,false,מיקס פירות יער מוקפא סנפרוסט 300 גרם,,,מיקס פירות יער מוקפא,גרמים,300.00,100 גרם,false,1,19.90,6.63,true,1,
7290000103730,false,לקט להקפצה עם פסטה פוזילי סנפרוסט 800 גרם,,,לקט להקפצה עם פסטה פ,גרמים,800.00,100 גרם,false,1,27.20,3.40,true,1,
7290000103877,false,מרק שעועית 644 גרם,,,מרק שעועית 644 גרם,גרמים,644.00,100 גרם,false,1,19.90,3.09,true,1,
7290000104201,false,אפונה עדינה 600 גר סנפרוסט,,,אפונה עדינה 600 גר,גרמים,600.00,100 גרם,false,1,19.90,3.32,true,1,
7290000104836,false,שעועית עדינה שלמה 600 גר סנפרוסט,,,שעועית עדינה שלמה 60,גרמים,600.00,100 גרם,false,1,25.90,4.32,true,1,
7290000104911,false,לקט נורמנדי 800 גר סנפרוסט,,,לקט נורמנדי 800 גרם,גרמים,800.00,100 גרם,false,1,24.90,3.11,true,1,
7290000106526,false,חגיגה ירוקה להקפצה סנפרוסט 800 גר,,IL,חגיגה ירוקה להקפצה ס,גרמים,800.00,100 גרם,false,1,27.90,3.49,true,1,
7290000107165,false,חטיף סויה סנפרוסט 400 גר,,,חטיף סויה סנפרוסט,גרמים,400.00,100 גרם,false,1,14.90,3.73,true,1,
7290000107189,false,תחתיות ארטישוק 400 גרם סנפרוסט,,,תחתיות ארטישוק 400 ג,גרמים,400.00,100 גרם,false,1,24.90,6.23,true,1,
7290000107295,false,ברוקולי 800 גרם סנפרוסט,,,ברוקולי 800 גרם סנפר,גרמים,800.00,100 גרם,false,1,28.90,3.61,true,1,
7290000111000,false,שתיה קרה בודד,,,שתיה קרה בודד,Unknown,0.00,Unknown,false,1,1.00,1.00,true,1,
7290000111186,false,מיונז תלמה 500 גרם-צנצנת,,,מיונז תלמה 500 גרם-צ,גרמים,500.00,100 גרם,false,1,11.90,2.38,true,1,
7290000111360,false,חרדל תלמה 250 גרם-צנצנת,,,חרדל תלמה 250 גרם-צנ,גרמים,250.00,100 גרם,false,1,7.50,3.00,true,1,
7290000112220,false,טחינה 500 גר בארכה,,,טחינה 500 גר בארכה,גרמים,500.00,100 גרם,false,1,15.90,3.18,true,1,
7290000112503,false,מרק עשיר ירקות קנור 69 גרם - שקיות,,,מרק עשיר ירקות קנור,גרמים,69.00,100 גרם,false,1,13.90,20.14,true,1,
7290000112619,false,אבקת מרק עוף קנור 400 גרם-צנצנת,,,אבקת מרק עוף קנור,גרמים,400.00,100 גרם,false,1,22.90,5.73,true,1,
7290000117171,false,מרק טעם עוף דל קלוריות 48 גרם-קופסא,,,מרק טעם עוף דל קלורי,גרמים,48.00,100 גרם,false,1,9.10,18.96,true,1,
7290000117720,false,מרק נמס בכוס פטריות 43 גרם- קנור,,,מרק נמס בכוס פטריות,גרמים,43.00,100 גרם,false,1,8.50,19.77,true,1,
7290000118277,false,קניידלך  130 גרם-קופסא,,,קניידלך  130 גרם-קופ,גרמים,130.00,100 גרם,false,1,12.00,9.23,true,1,
7290000120836,false,מיונז הלמנס 394 גרם,,,מיונז הלמנס 394 גרם,גרמים,433.00,100 גרם,false,1,12.80,2.96,true,1,
7290000120874,false,מיונז הלמנס לייט 424 גרם,,,מיונז הלמנס לייט 424,גרמים,476.00,100 גרם,false,1,12.80,2.69,true,1,
7290000121093,false,גבינה מון בלאן שוצרית 120 גרם,,,מון בלאן שוצרית 120,גרמים,120.00,100 גרם,false,1,13.90,11.58,true,1,
7290000135045,false,"XL TEN משקה אנרגיה פתוח ללא סוכר 250 מ""ל",,,XL TEN משקה אנרגיה פ,מיליליטרים,250.00,"100 מ""ל",false,1,4.90,1.96,true,1,
7290000135113,false,"פחית XL TEN נענע ליים 250 מ""ל",,,פחית XL TEN נענע ליי,מיליליטרים,250.00,"100 מ""ל",false,1,4.90,1.96,true,1,
7290000135342,false,"מי סודה 500 מ""ל בקבוק",,,"מי סודה 500 מ""ל בקבו",מיליליטרים,500.00,"100 מ""ל",false,1,2.90,0.58,true,1,
7290000135625,false,"רביעיית פחיות גולדסטאר 500 מ""ל",,IL,רביעיית פחיות גולדסט,מיליליטרים,2000.00,"100 מ""ל",false,1,35.90,1.80,true,1,
7290000136288,false,סירופ בטעם תפוחים 330 מל  JUICER,,,סירופ בטעם תפוחים 33,מיליליטרים,330.00,"100 מ""ל",false,1,15.20,4.61,true,1,
7290000136295,false,סירופ בטעם פטל 330 מל  JUICER,,,סירופ בטעם פטל 330 מ,מיליליטרים,330.00,"100 מ""ל",false,1,15.20,4.61,true,1,
7290000136301,false,סירופ בטעם ענבים 330 מל  JUICER,,,סירופ בטעם ענבים 330,מיליליטרים,330.00,"100 מ""ל",false,1,15.20,4.61,true,1,
7290000136646,false,נשר מאלט 1.5 ליטר,,IL,נשר מאלט 1.5 ליטר,ליטרים,0.00,ליטר,false,1,9.90,9.90,true,1,
7290000136660,false,מי סודה 1.5 ליטר,,IL,מי סודה 1.5 ליטר,ליטרים,0.00,ליטר,false,1,3.70,3.70,true,1,
7290000136677,false,פפסי קולה 1.5 ליטר,,IL,פפסי קולה 1.5 ליטר,ליטרים,0.00,ליטר,false,1,8.90,8.90,true,1,
7290000136684,false,פפסי מקס 1.5 ליטר,,IL,פפסי מקס 1.5 ליטר,ליטרים,0.00,ליטר,false,1,8.10,8.10,true,1,
7290000136806,false,רביעייה סודה לימון ליים 1.5 ליטר,,IL,רביעייה סודה לימון ל,ליטרים,0.01,ליטר,false,1,13.10,1310.00,true,1,
7290000136851,false,סבן אפ 1.5 ליטר,,IL,סבן אפ 1.5 ליטר,ליטרים,0.00,ליטר,false,1,8.90,8.90,true,1,
7290000136868,false,שישיית מים סאן בנדטו 1.5 ליטר,,IL,שישיית מים סאן בנדטו,ליטרים,0.01,ליטר,false,1,19.90,1990.00,true,1,
7290000136875,false,שישיית סאן בנדטו מוגז  1.5 ליטר,,IL,שישיית סאן בנדטו מוג,ליטרים,0.01,ליטר,false,1,19.90,1990.00,true,1,
7290000136936,false,סבן אפ דיאט 1.5 ליטר,,IL,סבן אפ דיאט 1.5 ליטר,ליטרים,0.00,ליטר,false,1,8.50,8.50,true,1,
7290000144160,false,שמן זית כתית מעולה בטעם מודגש 750 מל,,,שמן זית כתית מעולה ב,מיליליטרים,750.00,"100 מ""ל",false,1,34.90,4.65,true,1,
7290000144474,false,שמן עץ הזית קנולה 1 ליטר בריאות מהטבע,,,שמן עץ הזית קנולה 1,מיליליטרים,1000.00,"100 מ""ל",false,1,16.90,1.69,true,1,
7290000148748,false,גרעיני חמניה שקית קליית גת 200 גרם,,,גרעיני חמניה שקית קל,גרמים,200.00,100 גרם,false,1,7.90,3.95,true,1,
7290000174723,false,שוקולית 500 גרם,,,שוקולית 500 גרם,גרמים,500.00,100 גרם,false,1,15.90,3.18,true,1,
7290000176062,false,קפה עלית טורקי 100 גרם,,,קפה עלית טורקי 100 ג,גרמים,100.00,100 גרם,false,1,9.50,9.50,true,1,
7290000176079,false,קפה עלית טורקי עם הל 100 גרם,,,קפה עלית טורקי עם הל,גרמים,100.00,100 גרם,false,1,10.90,10.90,true,1,
7290000176413,false,קפה נמס עלית 50 גרם,,,קפה נמס עלית 50 גרם,גרמים,50.00,100 גרם,false,1,13.90,27.80,true,1,
7290000178707,false,תפוציפס טבעי 50 גרם,,,תפוציפס טבעי 50 גרם,גרמים,50.00,100 גרם,false,1,4.90,9.80,true,1,
7290000178721,false,תפוציפס טבעי 200 גרם,,,תפוציפס טבעי 200 גרם,גרמים,200.00,100 גרם,false,1,10.90,5.45,true,1,
7290000186535,false,לילי טריו לבן 32 גלילים,,,לילי טריו לבן 32 גלי,מטרים,537.28,מטר,false,1,44.90,0.08,true,1,
7290000187860,false,מגבוני טואלט לחים  לילי דיספנסר 40 יח,,IL,נייר טואלט לח לילי פ,Unknown,0.00,Unknown,false,1,9.50,9.50,true,1,
7290000187938,false,לילי פסטל 32 גלילים,,,לילי פסטל 32 גלילים,מטרים,588.00,מטר,false,1,39.90,0.07,true,1,
7290000187952,false,לילי טריו 32 גלילים,,,לילי טריו ורוד 32 גל,מטרים,537.28,מטר,false,1,44.90,0.08,true,1,
7290000189116,false,תבניות אינגליש קייק 6 יח,,,תבניות אינגליש קייק,Unknown,0.00,Unknown,false,1,14.90,14.90,true,1,
7290000189260,false,תבניות מלבניות 5 יח,,,תבניות מלבניות 5 יח,Unknown,0.00,Unknown,false,1,14.90,14.90,true,1,
7290000189277,false,תבניות מלבניות גדולות ועמוקות 3 יח,,,תבניות מלבניות גדולו,Unknown,0.00,Unknown,false,1,14.90,14.90,true,1,
7290000189505,false,תבנית אפייה מקרטון אינגליש,,,תבנית אפייה מקרטון א,Unknown,0.00,Unknown,false,1,15.60,15.60,true,1,
7290000189550,false,זוג אשפתון ניקול ענק מתכלה 10 יח,,,XXL ניקול שקיות אשפה,Unknown,0.00,Unknown,false,1,29.90,29.90,true,1,
7290000189598,false,ניקול מטלית לחות חד פעמיות לניקוי כללי,,,ניקול מטלית לחות חד,Unknown,0.00,Unknown,false,1,12.90,12.90,true,1,
7290000189659,false,ניקול מטליות לחות לרצפה,,,ניקול מטליות לחות לר,Unknown,0.00,Unknown,false,1,14.90,14.90,true,1,
7290000189734,false,מטליות לחות לפרקטים,,,מטליות לחות לפרקטים,Unknown,0.00,Unknown,false,1,17.90,17.90,true,1,
7290000190068,false,מפיות ניקול 100,,,מפיות ניקול 100,Unknown,0.00,Unknown,false,1,9.40,9.40,true,1,
7290000190198,false,מטלית ניקול לניקוי חדרי שירותים ואמבט,,,מטלית ניקול לניקוי ח,Unknown,0.00,Unknown,false,1,14.90,14.90,true,1,
7290000190853,false,לילי פיור נייר טואלט דו שכבתי 30 גלילים,,,לילי פיור נייר טואלט,מטרים,588.00,מטר,false,1,43.90,0.07,true,1,
7290000191652,false,קלינקס ממחטות מארז שלישייה 90 יח,,,קלינקס שלישייה,Unknown,0.00,Unknown,false,1,12.90,12.90,true,1,
7290000191966,false,נייר טואלט לח סנסטיב,,IL,נייר טואלט לח לילי נ,Unknown,0.00,Unknown,false,1,9.50,9.50,true,1,
7290000195216,false,נייר אפיה 50 יח,,,נייר אפייה ניקול,Unknown,0.00,Unknown,false,1,11.90,11.90,true,1,
7290000195773,false,מגבוני האגיס קמומיל רבעייה,,,מגבוני האגיס קמומיל,Unknown,0.00,Unknown,false,1,24.90,24.90,true,1,
7290000196039,false,מפות שולחן ניקול זוג,,,מפות שולחן ניקול זוג,Unknown,0.00,Unknown,false,1,17.90,17.90,true,1,
7290000196343,false,מפות ניקול סטייל,,,מפת ניקול סטייל 1 יח,Unknown,0.00,Unknown,false,1,18.80,18.80,true,1,
7290000197012,false,שקיות ריצרץ לטריות 12 יח,,,שקיות ריצרץ לטריות 1,Unknown,0.00,Unknown,false,1,18.90,18.90,true,1,
7290000197081,false,ניקול ניילון נצמד 150 מטר עם סליידר,,,ניילון נצמד ניקול עם,מטרים,150.00,מטר,false,1,38.90,0.26,true,1,
7290000197340,false,זוג רדיד ניקול ארוך אלומיניום,,,זוג רדיד ניקול ארוך,מטרים,15.00,מטר,false,1,23.00,1.53,true,1,
7290000197753,false,זוג ניילון נצמד ניקול,,,זוג ניילון נצמד ניקו,מטרים,60.00,מטר,false,1,13.90,0.23,true,1,
7290000197951,false,מגשית חד פעמית ניקול,,,מגשית חד פעמית ניקול,Unknown,0.00,Unknown,false,1,11.90,11.90,true,1,
7290000197999,false,זוג רדיד ניקול עבה  אלומיניום,,,זוג רדיד ניקול עבה,מטרים,15.00,מטר,false,1,18.80,1.25,true,1,
7290000204215,false,כרית ניקול שישייה,,,כרית ניקול שישייה,Unknown,0.00,Unknown,false,1,13.90,13.90,true,1,
7290000208022,false,עגבניות 2.5 A  מרוסקות 850 גרם יכין,,,עגבניות 2.5 A  מרוסק,גרמים,850.00,100 גרם,false,1,10.90,1.28,true,1,
7290000208114,false,אפונה וגזר יכין 550 גר,,,אפונה וגזר יכין 550,גרמים,550.00,100 גרם,false,1,8.90,1.62,true,1,
7290000208138,false,סירופ דיאט ענבים יכין 1 ליטר,,IL,סירופ דיאט ענבים יכי,מיליליטרים,1000.00,"100 מ""ל",false,1,18.90,1.89,true,1,
7290000208145,false,תירס לייט יכין 550 גרם A2,,,תירס לייט יכין 550 ג,גרמים,550.00,100 גרם,false,1,10.90,1.98,true,1,
7290000208213,false,שעועית יכין אפויה 580 גר A/2,,,שעועית יכין אפויה 58,גרמים,580.00,100 גרם,false,1,9.90,1.71,true,1,
7290000208220,false,שעועית צלי חריף A2,,,שעועית צלי חריף A2,גרמים,550.00,100 גרם,false,1,10.90,1.98,true,1,
7290000208251,false,שעועית ירוקה יכין 560 גרם,,,שעועית ירוקה יכין 56,גרמים,560.00,100 גרם,false,1,10.90,1.95,true,1,
7290000208329,false,תירס גרעינים 550 גר A2 יכין,,,תירס גרעינים 550 גר,גרמים,550.00,100 גרם,false,1,8.90,1.62,true,1,
7290000208336,false,רוטב עגבניות 260 גרם יכין,,,רוטב עגבניות יכין 24,גרמים,240.00,100 גרם,false,1,4.90,2.04,true,1,
7290000208367,false,עגבניות מרוסקות בזיליקום יכין 850  A 2.5,,,עגבניות מרוסקות בזיל,גרמים,800.00,100 גרם,false,1,10.90,1.36,true,1,
7290000208428,false,חומוס יכין שלם 550 גר A/2,,,חומוס יכין שלם 550 ג,גרמים,550.00,100 גרם,false,1,8.90,1.62,true,1,
7290000208480,false,תירס בטעם חמאה יכין 500 גר A/2,,,תירס בטעם חמאה יכין,גרמים,550.00,100 גרם,false,1,10.90,1.98,true,1,
7290000209708,false,עגבניות +בזיליקום 260 גרם יכין,,,עגבניות +בזיליקום 26,גרמים,260.00,100 גרם,false,1,6.90,2.65,true,1,
7290000209722,false,רסק עגבניות פריכוז A2 580,,,רסק עגבניות פריכוז A,גרמים,580.00,100 גרם,false,1,10.90,1.88,true,1,
7290000209906,false,עגבניות מרוסקות עם בצל 260 גרם יכין,,,עגבניות מרוסקות עם ב,גרמים,260.00,100 גרם,false,1,6.90,2.65,true,1,
7290000209913,false,עגבניות קוביות 260 גרם יכין,,,עגבניות קוביות 260 ג,גרמים,260.00,100 גרם,false,1,6.90,2.65,true,1,
7290000209968,false,רוטב  עגבניות ללזניה 260 גרם יכין,,,רוטב  עגבניות ללזניה,גרמים,260.00,100 גרם,false,1,6.90,2.65,true,1,
7290000210148,false,אפונה ירוקה אלפא 550 גר,,,אפונה ירוקה אלפא 550,גרמים,550.00,100 גרם,false,1,9.80,1.78,true,1,
7290000210896,false,רוטב בולונז 260 גרם יכין,,,רוטב בולונז 260 גרם,מיליליטרים,260.00,"100 מ""ל",false,1,6.90,2.65,true,1,
7290000211169,false,"אורז תאילנדי 1 ק""ג",,,"אורז תאילנדי 1 ק""ג",קילוגרמים,0.00,"ק""ג",false,1,8.30,8.30,true,1,
7290000211312,false,אורז מלא 1 קג,,,"אורז מלא 1 ק""ג",גרמים,1000.00,100 גרם,false,1,10.90,1.09,true,1,
7290000211374,false,"קמח מלא 1 ק""ג סוגת",,,"קמח מלא 1 ק""ג סוגת",גרמים,1000.00,100 גרם,false,1,7.90,0.79,true,1,
7290000211442,false,"אורז פרסי 1 ק""ג סוגת",,,"אורז פרסי 1 ק""ג  סוג",גרמים,1000.00,100 גרם,false,1,10.90,1.09,true,1,
7290000211503,false,"סוכר לבן 1 ק""ג",,,"סוכר לבן 1 ק""ג",קילוגרמים,0.00,"ק""ג",false,1,4.80,4.80,true,1,
7290000211985,false,אורז עגול 1 קג,,,אורז עגול 1 קג,גרמים,1000.00,100 גרם,false,1,9.90,0.99,true,1,
7290000238029,false,"בצק עלים מרודד 1 ק""ג מעדנות",,,"בצק עלים מרודד 1 ק""ג",גרמים,1000.00,100 גרם,false,1,24.90,2.49,true,1,
7290000238036,false,מלאווח 700גר מעדנות,,,מלאווח מעדנות 700 גר,גרמים,700.00,100 גרם,false,1,18.90,2.70,true,1,
7290000238173,false,בורקס גבינה מעדנות 800גר,,,בורקס גבינה מעדנות,גרמים,800.00,100 גרם,false,1,25.90,3.24,true,1,
7290000238180,false,"בורקס תפו""א 800 גרם מעדנות",,,"בורקס תפו""א 800 גרם",גרמים,800.00,100 גרם,false,1,25.90,3.24,true,1,
7290000245287,false,"אב.כביסה פרסיל קולור 1.25 ק""ג",,,אב.כביסה פרסיל קולור,קילוגרמים,0.00,"ק""ג",false,1,20.30,20.30,true,1,
7290000253220,false,שוקולד ציפס אופנהיימר 260 גר,,IL,שוקולד ציפס אופנהיימ,גרמים,260.00,100 גרם,false,1,13.90,5.35,true,1,
7290000253374,false,מיני שוקולד ציפס 250 גרם- 66% מוצקי קקא,,IL,מיני שוקולד ציפס 250,גרמים,250.00,100 גרם,false,1,15.90,6.36,true,1,
7290000262031,false,נייר טואלט מולט 32 גלילים,,,נייר טואלט מולט 32 ג,מטרים,588.80,מטר,false,1,32.90,0.06,true,1,
7290000267050,false,שקד מולבן טחון 100 גרם,,,שקד מולבן טחון 100 ג,גרמים,100.00,100 גרם,false,1,13.90,13.90,true,1,
7290000267104,false,שקד מולבן גרוס/מרוסק 100 גרם,,,שקד מולבן גרוס/מרוסק,גרמים,100.00,100 גרם,false,1,13.90,13.90,true,1,
7290000267678,false,גרעין דלעת טבעי קלוף 150 גרם,,,גרעין דלעת טבעי קלוף,גרמים,150.00,100 גרם,false,1,14.50,9.67,true,1,
7290000272696,false,מיץ לימון עסיס משומר 1 ליטר-בקבוק,,,מיץ לימון עסיס משומר,מיליליטרים,1000.00,"100 מ""ל",false,1,12.90,1.29,true,1,
7290000272726,false,חומץ טבעי עסיס 5% -1 ליטר,,,חומץ טבעי עסיס 5% -1,מיליליטרים,1000.00,"100 מ""ל",false,1,7.30,0.73,true,1,
7290000300900,false,שניצל תירס 750 גרם טבעול,,,שניצל תירס 750 גרם,גרמים,750.00,100 גרם,false,1,27.90,3.72,true,1,
7290000315126,false,ציר עוף 300 גרם קנור,,,ציר עוף 300 גרם קנור,גרמים,300.00,100 גרם,false,1,27.80,9.27,true,1,
7290000315133,false,ציר בקר 300 גרם קנור,,,ציר בקר 300 גרם קנור,גרמים,300.00,100 גרם,false,1,27.80,9.27,true,1,
7290000334684,false,טבעות בצל 700 גרם תפוגן,,,טבעות בצל 700 גרם תפ,גרמים,700.00,100 גרם,false,1,20.40,2.91,true,1,
7290000341071,false,בדין בייבי 2 ליטר,,,בדין בייבי 2 ליטר,ליטרים,0.00,ליטר,false,1,19.90,19.90,true,1,
7290000345284,false,תה קלאסיק 100 שקיקים * 1.5 גרם,,IL,תה קלאסיק 100 שקיקים,גרמים,150.00,100 גרם,false,1,18.90,12.60,true,1,
7290000345291,false,תה ארל גריי 25 שקיקים 1.5 גרם,,,תה ארל גריי 25 שקיקי,Unknown,0.00,Unknown,false,1,18.90,18.90,true,1,
7290000345536,false,תה נענע 25 שקיקים 1.5 גרם,,,תה נענע 25 שקיקים 1.,Unknown,0.00,Unknown,false,1,22.90,22.90,true,1,
7290000346120,false,חליטת קסם הקינמון 25 שקיקים גן קסום,,,חליטת קסם הקינמון 25,Unknown,0.00,Unknown,false,1,19.90,19.90,true,1,
7290000346137,false,חליטת הילולי פירות 25 שקיקים גן קסום,,,חליטת הילולי פירות,Unknown,0.00,Unknown,false,1,19.90,19.90,true,1,
7290000346205,false,חליטת קמומיל 25 שקיקים הגן קסום,,,חליטת קמומיל 25 שקיק,Unknown,0.00,Unknown,false,1,19.90,19.90,true,1,
7290000363363,false,קבנוס מיוחד 160 גרםטירת צבי,,,קבנוס מיוחד 160 גרם,גרמים,160.00,100 גרם,false,1,21.90,13.69,true,1,
7290000364261,false,סלסולי כתף בקר 120גר טירת צבי,,,סלסולי כתף בקר 120גר,גרמים,120.00,100 גרם,false,1,17.90,14.92,true,1,
7290000364278,false,סלסולי סלמי איטלקי משובח  120גרטירת צבי,,,סלסולי סלמי איטלקי,גרמים,120.00,100 גרם,false,1,17.90,14.92,true,1,
7290000364285,false,סלסולי פסטרמה הודו  120גרטירת צבי,,,סלסולי פסטרמה הודו,גרמים,120.00,100 גרם,false,1,17.90,14.92,true,1,
7290000364292,false,סלסולי גחלים 120גר טירת צבי,,,סלסולי גחלים 120גר,גרמים,120.00,100 גרם,false,1,17.90,14.92,true,1,
7290000364810,false,נקניקיות עגל 500 גרםטירת צבי,,,נקניקיות עגל 500 גרם,גרמים,500.00,100 גרם,false,1,31.10,6.22,true,1,
7290000364872,false,נקניקיות עוף 400 גרםטירת צבי,,,נקניקיות עוף 400 גרם,גרמים,400.00,100 גרם,false,1,14.90,3.73,true,1,
7290000367590,false,צמד כפרי טירת צבי 800 גרם,,,צמד כפרי טירת צבי,גרמים,800.00,100 גרם,false,1,30.90,3.86,true,1,
7290000369037,false,קוביות בולגרית מתובלות 200 גר,,,קוביות בולגרית מתובל,גרמים,200.00,100 גרם,false,1,17.90,8.95,true,1,
7290000369617,false,כדורי פטה מתובלים 150 גר,,,כדורי פטה מתובלים 15,גרמים,150.00,100 גרם,false,1,20.90,13.93,true,1,
7290000369709,false,חמאה  מתובלת 100 גר,,,חמאה  מתובלת 100 גר,גרמים,100.00,100 גרם,false,1,15.90,15.90,true,1,
7290000377612,false,"פריגת סחוט תפוז 400 מ""ל",,,פריגת סחוט תפוז 400,מיליליטרים,400.00,"100 מ""ל",false,1,10.90,2.73,true,1,
7290000390536,false,לבבות חסה,,,לבבות חסה,Unknown,0.00,Unknown,false,1,11.90,11.90,true,1,
7290000408316,false,יוגורט דנונה דל לקטוז 200 גרם,,,דנונה דל לקטוז,גרמים,200.00,100 גרם,false,1,3.70,1.85,true,1,
7290000408354,false,דנונה בר פצפוצים 173 גר,,,דנונה בר פצפוצים 173,גרמים,173.00,100 גרם,false,1,4.80,2.77,true,1,
7290000412481,false,סנו מנקה אסלות 00 1 ליטר,,,סנו מנקה אסלות 00 1,מיליליטרים,1000.00,"100 מ""ל",false,1,9.90,0.99,true,1,
7290000419107,false,קפה לנדור כחול 100 גרם,,,קפה לנדור כחול 100 ג,גרמים,100.00,100 גרם,false,1,8.90,8.90,true,1,
7290000419893,false,קפה לנדוור לבוקר טחון טורקי 100 ג,,,קפה לנדוור לבוקר טחו,גרמים,100.00,100 גרם,false,1,8.90,8.90,true,1,
7290000420325,false,פופ קורן טבעי למיקרוגל 5 יח,,,פופ קורן טבעי למיקרו,גרמים,300.00,100 גרם,false,1,16.90,5.63,true,1,
7290000420417,false,גלילונית + שרוך   60 יח 50X70,,,גלילונית + שרוך   60,Unknown,0.00,Unknown,false,1,20.90,20.90,true,1,
7290000430102,false,"קוביות קרח 2 ק""ג",,,"קוביות קרח 2 ק""ג",קילוגרמים,0.00,"ק""ג",false,1,10.90,10.90,true,1,
7290000449128,false,סיף פנטסטיק 4 ליטר,,,סיף פנטסטיק 4 ליטר,ליטרים,0.00,ליטר,false,1,32.50,32.50,true,1,
7290000453781,false,שמרים יבשים שמרית 125 גרם,,PT,שמרים יבשים שמרית 12,גרמים,125.00,100 גרם,false,1,7.50,6.00,true,1,
7290000461724,false,בייגל גדול גדול שומשום 400 גרם,,,בייגל גדול גדול שומש,גרמים,400.00,100 גרם,false,1,17.70,4.43,true,1,
7290000474090,false,חלב 1% בקרטון 1 ליטר,,,חלב 1% בקרטון 1 ליטר,מיליליטרים,1000.00,"100 מ""ל",false,1,5.86,0.59,true,1,
7290000474502,false,גבינה לבנה 5% 250 גר,,,גבינה לבנה 5%,גרמים,250.00,100 גרם,false,1,4.98,1.99,true,1,
7290000474540,false,טוב טעם 250 גרם,,,טוב טעם 250 גרם,גרמים,250.00,100 גרם,false,1,11.70,4.68,true,1,
7290000480107,false,קוואקר שיבולת שועל פחית 500 גר,,,קוואקר שיבולת שועל פ,גרמים,500.00,100 גרם,false,1,14.90,2.98,true,1,
7290000480442,false,קוואקר 500 גרם שקית,,,קוואקר 500 גרם שקית,גרמים,500.00,100 גרם,false,1,14.80,2.96,true,1,
7290000482033,false,קוקי ענק שקיות לצליה 5 יח,,,קוקי ענק שקיות לצליה,Unknown,0.00,Unknown,false,1,11.50,11.50,true,1,
7290000483641,false,מרציפן חלה המרשלג 75 גרם,,,מרציפן חלה המרשלג 75,גרמים,75.00,100 גרם,false,1,10.60,14.13,true,1,
7290000484747,false,"ערק עלית 40% 700 מ""ל",,,"ערק עלית 40% 700 מ""ל",מיליליטרים,700.00,"100 מ""ל",false,1,59.90,8.56,true,1,
7290000497044,false,לחם ברמן אקטיב 750 גר,,,לחם ברמן אקטיב 750 ג,גרמים,750.00,100 גרם,false,1,17.90,2.39,true,1,
7290000497112,false,אחיד פרוס ברמן,,,אחיד פרוס ברמן,גרמים,750.00,100 גרם,false,1,7.11,0.95,true,1,
7290000497204,false,פיתות אסלי ברמן 5 יח,,,פיתות אסלי ברמן 5 יח,גרמים,500.00,100 גרם,false,1,7.50,1.50,true,1,
7290000497358,false,חלומית ארוזה ברמן 500 גרם,,IL,חלומית ארוזה ברמן 50,גרמים,500.00,100 גרם,false,1,15.90,3.18,true,1,
7290000504025,false,סוכרזית פטריה 300 טבליות,,,סוכרזית פטריה 300 טב,גרמים,300.00,100 גרם,false,1,11.50,3.83,true,1,
7290000523125,false,מלח הארץ ים יבש  250 גרם,,,מלח הארץ ים יבש  250,גרמים,250.00,100 גרם,false,1,6.70,2.68,true,1,
7290000523514,false,מלח ים יבש מופחת נתרן 250 גר,,,מלח ים יבש מופחת נתר,גרמים,250.00,100 גרם,false,1,12.90,5.16,true,1,
7290000523521,false,מלח הארץ מועשר ביוד 250 גרם,,,מלח הארץ מועשר ביוד,גרמים,250.00,100 גרם,false,1,7.50,3.00,true,1,
7290000525969,false,מיץ תפוזים סחוט 1 ל פרימור,,,מיץ תפוזים סחוט 1 ל,מיליליטרים,1000.00,"100 מ""ל",false,1,17.90,1.79,true,1,
7290000529783,false,חליטת קמומיל אורגני 40 גרם עדנים,,,חליטת קמומיל אורגני,Unknown,0.00,Unknown,false,1,17.90,17.90,true,1,
7290000540009,false,סכין יפני צר כריכה מתכת,,IN,מדליק פחם שקד ראש גפ,Unknown,0.00,Unknown,false,1,6.50,6.50,true,1,
7290000540580,false,מגבוני שקד בייבי רבעיה לתינוק,,IL,מגבוני שקד בייבי רבע,Unknown,0.00,Unknown,false,1,12.90,12.90,true,1,
7290000554532,false,צפתית מעודנת 5% במלח ים טבעי 200גר,,,צפתית מעודנת 5% במלח,גרמים,200.00,100 גרם,false,1,15.90,7.95,true,1,
7290000554600,false,מוצרלה מגורדת 300 גרם,,,מוצרלה מגורדת 300 גר,גרמים,300.00,100 גרם,false,1,25.50,8.50,true,1,
7290000554686,false,לבנה בשמן זית וזעתר 250 גר,,,לבנה בשמן זית וזעתר,גרמים,250.00,100 גרם,false,1,16.90,6.76,true,1,
7290000554822,false,ריקוטה 250 גרם,,,ריקוטה 250 גרם,גרמים,250.00,100 גרם,false,1,15.90,6.36,true,1,
7290000554839,false,גבינת מסקרפונה 250 גרם,,,גבינת מסקרפונה 250 ג,גרמים,250.00,100 גרם,false,1,21.90,8.76,true,1,
7290000555505,false,פיקדון זוג,,,פיקדון זוג,Unknown,0.00,Unknown,false,1,0.60,0.60,true,1,
7290000571300,false,גבינת גאודה מעושנת פרוס 200 גרם,,,גבינת גאודה מעושנת,גרמים,200.00,100 גרם,false,1,23.90,11.95,true,1,
7290000571386,false,יוגורמה יוגורט כבשים 850 גר,,,יוגורמה יוגורט כבשים,גרמים,850.00,100 גרם,false,1,28.90,3.40,true,1,
7290000571478,false,גבינת תום עיזים פרוס 200 גרם,,,גבינת תום עיזים פרוס,גרמים,200.00,100 גרם,false,1,40.00,20.00,true,1,
7290000688077,false,מי עדן פקק גדיל 500 מל,,,"מי עדן 500 מ""ל",מיליליטרים,500.00,"100 מ""ל",false,1,1.90,0.38,true,1,
7290000688176,false,"מי עדן בייבי 250 מ""ל",,,"מי עדן בייבי 250 מ""ל",מיליליטרים,250.00,"100 מ""ל",false,1,3.50,1.40,true,1,
7290000961613,false,חסה משי,,,חסה משי,Unknown,0.00,Unknown,false,1,14.90,14.90,true,1,
7290000982113,false,עגבניית טעם,,,עגבניית טעם,Unknown,0.00,"ק""ג",true,0,19.90,19.90,true,1,
7290000993461,false,שרי צהוב,,,שרי צהוב,Unknown,0.00,Unknown,false,1,12.90,12.90,true,1,
7290000993560,false,שרי מנומר,,,שרי מנומר,Unknown,0.00,Unknown,false,1,14.90,14.90,true,1,
7290000995410,false,נבטים סינים,,,נבטים סינים,Unknown,0.00,Unknown,false,1,11.90,11.90,true,1,
7290001111500,false,לחם מחמצת בטעמים 700 גרם,,,לחם מחמצת בטעמים 700,גרמים,700.00,100 גרם,false,1,18.50,2.64,true,1,
7290001201589,false,ביצים אריזון 12 גדול,,,ביצים אריזון 12 גדול,Unknown,0.00,Unknown,false,1,12.05,12.05,true,1,
7290001201596,false,ביצים אריזון 12 בינוני,,,ביצים אריזון 12 בינו,Unknown,0.00,Unknown,false,1,11.15,11.15,true,1,
7290001201824,false,ביצים אורגניות 12 יח L,,,ביצים אורגניות 12 יח,Unknown,0.00,Unknown,false,1,23.50,23.50,true,1,
7290001201862,false,ביצי חופש 12 יח L,,,ביצי חופש 12 יח L,Unknown,0.00,Unknown,false,1,20.90,20.90,true,1,
7290001230331,false,כאמל בוקס חפיסה,,,כאמל בוקס חפיסה,Unknown,0.00,Unknown,false,1,30.90,30.90,true,1,
7290001231932,false,ווינסטון כחול בוקס חפיסה,,,ווינסטון כחול בוקס ח,Unknown,0.00,Unknown,false,1,33.00,33.00,true,1,
7290001235938,false,ווינסטון כחול ארוך,,,ווינסטון כחול ארוך,Unknown,0.00,Unknown,false,1,33.00,33.00,true,1,
7290001245712,false,אקונומיקה 4 ליטר טאצ,,,אקונומיקה 4 ליטר טאצ,Unknown,0.00,Unknown,false,1,10.90,10.90,true,1,
7290001247068,false,קרטונית נקטר ספרינג תות בננה 1 ליטר,,,קרטונית נקטר ספרינג,מיליליטרים,1000.00,"100 מ""ל",false,1,7.40,0.74,true,1,
7290001247082,false,קרטונית נקטר ספרינג עגבניות 1 ליטר,,,קרטונית נקטר ספרינג,מיליליטרים,1000.00,"100 מ""ל",false,1,7.60,0.76,true,1,
7290001247099,false,קרטונית נקטר ספרינג מנגו 1 ליטר,,,קרטונית נקטר ספרינג,מיליליטרים,1000.00,"100 מ""ל",false,1,7.40,0.74,true,1,
7290001247105,false,קרטונית נקטר ספרינג אפרסק 1 ליטר,,,קרטונית נקטר ספרינג,מיליליטרים,1000.00,"100 מ""ל",false,1,7.40,0.74,true,1,
7290001247143,false,קרטונית נקטר ספרינג תפוחים,,,קרטונית נקטר ספרינג,מיליליטרים,1000.00,"100 מ""ל",false,1,7.40,0.74,true,1,
7290001305188,false,פלמוליב לכלים אקטיב לימון 750 צהוב,,,פלמוליב לכלים אקטיב,מיליליטרים,750.00,"100 מ""ל",false,1,13.90,1.85,true,1,
7290001356562,false,פילה הרינג בטעמים 160 גר,,,פילה הרינג בטעמים 16,גרמים,160.00,100 גרם,false,1,18.50,11.56,true,1,
7290001361054,false,אקלרים וניל 600 גרם,,,אקלרים וניל 600 גרם,גרמים,600.00,100 גרם,false,1,45.90,7.65,true,1,
7290001361085,false,עוגת נפוליאון,,,עוגת נפוליאון,גרמים,600.00,100 גרם,false,1,47.90,7.98,true,1,
7290001361436,false,פס שמנת סמנטיק 550 גרם,,,פס שמנת סמנטיק 550 ג,גרמים,550.00,100 גרם,false,1,49.90,9.07,true,1,
7290001361733,false,פס אלפחורס נטלי 550 גרם,,,פס אלפחורס נטלי,גרמים,550.00,100 גרם,false,1,49.90,9.07,true,1,
7290001361894,false,פס טראפלס 500 גר,,,פס טראפלס 500 גר,גרמים,500.00,100 גרם,false,1,41.90,8.38,true,1,
7290001361924,false,פס גבינה פרורוים 500 גר,,,פס גבינה פרורוים 500,גרמים,500.00,100 גרם,false,1,41.90,8.38,true,1,
7290001361931,false,פחזניות במילוי גבינה 350גר,,,פחזניות במילוי גבינה,גרמים,450.00,100 גרם,false,1,38.90,8.64,true,1,
7290001468715,false,אבקת סוכר 100 גרם,,,אבקת סוכר 100 גרם,גרמים,100.00,100 גרם,false,1,1.80,1.80,true,1,
7290001482094,false,פרמזנו 200 גר,,,פרמזנו 200 גר,גרמים,200.00,100 גרם,false,1,28.90,14.45,true,1,
7290001482186,false,אננס חתוך בסירופ קל וילי פוד 565 גר,,TH,אננס חתוך בסירופ קל,גרמים,565.00,100 גרם,false,1,7.90,1.40,true,1,
7290001485019,false,גבינה שמנת טבעי 5% 200 גר מהדרין,,,גבינה שמנת טבעי 5% 2,גרמים,200.00,100 גרם,false,1,13.20,6.60,true,1,
7290001491010,false,תה ירוק יסמין 25 שקיקים 1.5 גרם,,,תה ירוק יסמין 25 שקי,Unknown,0.00,Unknown,false,1,26.90,26.90,true,1,
7290001581094,false,כנפיים עוף ללא נוצות טרי,,,כנפיים עוף ללא נוצות,Unknown,0.00,"ק""ג",true,0,18.90,18.90,true,1,
7290001594025,false,קוקה קולה קלאסי 350 מל,,,קוקה קולה קלאסי 350,מיליליטרים,350.00,"100 מ""ל",false,1,6.60,1.89,true,1,
7290001594155,false,"קוקה קולה 500 מ""ל",,,"קוקה קולה 500 מ""ל",מיליליטרים,500.00,"100 מ""ל",false,1,8.50,1.70,true,1,
7290001594520,false,"טובורג בקבוק 330 מ""ל",,,"טובורג בקבוק 330 מ""ל",מיליליטרים,330.00,"100 מ""ל",false,1,8.90,2.70,true,1,
7290001594568,false,"קרלסברג פחית 500 מ""ל",,,"קרלסברג פחית 500 מ""ל",מיליליטרים,500.00,"100 מ""ל",false,1,9.90,1.98,true,1,
7290001594575,false,"טובורג 500 מ""ל",,,"בירה טובורג 500 מ""ל",מיליליטרים,500.00,"100 מ""ל",false,1,9.90,1.98,true,1,
7290001594858,false,"טובורג רד שישייה בקבוק 330 מ""ל",,,טובורג רד שישייה בקב,מיליליטרים,1980.00,"100 מ""ל",false,1,39.90,2.02,true,1,
7290001594865,false,"קרלסברג שישיה בקבוק 330 מ""ל",,,קרלסברג שישיה בקבוק,מיליליטרים,1980.00,"100 מ""ל",false,1,36.90,1.86,true,1,
7290001990094,false,סוכר חום קלאסי בצנצנת 1 קג,,,סוכר חום קלאסי בצנצנ,גרמים,1000.00,100 גרם,false,1,15.90,1.59,true,1,
7290001990117,false,שומשום 100 גרם,,,שומשום 100 גרם,גרמים,100.00,100 גרם,false,1,4.70,4.70,true,1,
7290001990148,false,סוכר גולדן קלאסי צנצנת 1 קג,,,סוכר גולדן קלאסי צנצ,גרמים,1000.00,100 גרם,false,1,12.90,1.29,true,1,
7290002014218,false,טחינה 200 גרם,,,טחינה 200 גרם,גרמים,200.00,100 גרם,false,1,7.90,3.95,true,1,
7290002014225,false,חציל במיונז 200 גרם,,,חציל במיונז 200 גרם,גרמים,200.00,100 גרם,false,1,7.90,3.95,true,1,
7290002027843,false,מיני בר תמרים ואגוזים 120 גרם,,IL,חטיף תמרים עם אגוזי,גרמים,120.00,100 גרם,false,1,14.90,12.42,true,1,
7290002037569,false,שישיית לחמניות באניס,,,שישיית לחמניות באניס,גרמים,450.00,100 גרם,false,1,14.90,3.31,true,1,
7290002037637,false,מארז 4 חליות מתוקות,,,מארז 4 חליות מתוקות,גרמים,360.00,100 גרם,false,1,14.50,4.03,true,1,
7290002053088,false,אטריות ביצים מס 8 200 גר,,,אטריות ביצים מס 8 20,גרמים,200.00,100 גרם,false,1,8.70,4.35,true,1,
7290002073628,false,גאודה אגוזים הולנדי במשקל,,,גאודה אגוזים הולנדי,Unknown,0.00,"ק""ג",true,0,147.00,147.00,true,1,
7290002073635,false,גאודה פסטו הולנדי במשקל,,,גאודה פסטו הולנדי במ,Unknown,0.00,"ק""ג",true,0,139.00,139.00,true,1,
7290002107491,false,גבינת עיזים למריחה 5% צוריאל 250 גר,,,גבינת עיזים למריחה 5,גרמים,250.00,100 גרם,false,1,16.90,6.76,true,1,
7290002107965,false,צוריאל גבינה טבורוג 5% 500 גר,,,צוריאל גבינה טבורוג,גרמים,500.00,100 גרם,false,1,28.60,5.72,true,1,
7290002130567,false,דבש טהור יד מרדכי 350 גרם,,,דבש טהור יד מרדכי 35,גרמים,350.00,100 גרם,false,1,21.90,6.26,true,1,
7290002130574,false,דבש טהור 500 גר יד מרדכי זכוכית,,,דבש טהור יד מרדכי500,גרמים,500.00,100 גרם,false,1,29.90,5.98,true,1,
7290002204220,false,אוכמניות,,,אוכמניות,Unknown,0.00,Unknown,false,1,19.90,19.90,true,1,
7290002253105,false,מגשית שום טרי דורות 80ג,,,מגשית שום טרי דורות,גרמים,80.00,100 גרם,false,1,16.90,21.13,true,1,
7290002263562,false,"מיץ לימון משומר 200 מ""ל",,,מיץ לימון משומר 200,מיליליטרים,200.00,"100 מ""ל",false,0,7.50,3.75,true,1,
7290002331018,false,נביעות 500 מל,,,"נביעות 500 מ""ל",מיליליטרים,500.00,"100 מ""ל",false,1,4.90,0.98,true,1,
7290002331025,false,נביעות 500 מל פקק ספורט,,,"נביעות 500 מ""ל",מיליליטרים,500.00,"100 מ""ל",false,1,5.90,1.18,true,1,
7290002331094,false,נביעות בודד 755 מל,,,"נביעות בודד 755 מ""ל",מיליליטרים,755.00,"100 מ""ל",false,1,5.90,0.78,true,1,
7290002331360,false,"שישיית מים נביעות 500 מ""ל",,,שישיית מים נביעות,מיליליטרים,3000.00,"100 מ""ל",false,1,16.90,0.56,true,1,
7290002331476,false,"מים נביעות בייב 330 מ""ל",,,מים נביעות בייב 330,מיליליטרים,250.00,"100 מ""ל",false,1,2.90,1.16,true,1,
7290002331490,false,מים נביעות 1 ליטר,,,מים נביעות 1 ליטר,מיליליטרים,1000.00,"100 מ""ל",false,1,2.90,0.29,true,1,
7290002360124,false,תה פומפדור ורד בר+היביסקוס 20 שקיות,,,תה פומפדור ורד בר+הי,Unknown,0.00,Unknown,false,1,18.90,18.90,true,1,
7290002371533,false,סלסולי פסטרמה ודבש 120 גר טירת צבי,,,סלסולי פסטרמה ודבש 1,גרמים,120.00,100 גרם,false,1,17.90,14.92,true,1,
7290002371540,false,קורנביף 120 גר טירת מבי,,,קורנביף 120 גר,גרמים,120.00,100 גרם,false,1,17.90,14.92,true,1,
7290002374268,false,שמן חמניות 1 ליטר,,,שמן חמניות 1 ליטר,מיליליטרים,1000.00,"100 מ""ל",false,1,13.50,1.35,true,1,
7290002374312,false,שמן קנולה 1 ליטר,,,שמן קנולה 1 ליטר,מיליליטרים,1000.00,"100 מ""ל",false,1,12.90,1.29,true,1,
7290002374640,false,שמן קנולה פלוס אומגה 3 1 ליטר עץ הזית,,,שמן קנולה פלוס אומגה,מיליליטרים,1000.00,"100 מ""ל",false,1,16.90,1.69,true,1,
7290002477556,false,כבד עוף טרי,,,כבד עוף טרי,Unknown,0.00,"ק""ג",true,0,22.90,22.90,true,1,
7290002551003,false,טונה סטארקיסט בשמן 160 גרם,,,טונה סטארקיסט בשמן,גרמים,160.00,100 גרם,false,1,8.20,5.13,true,1,
7290002551010,false,טונה סטארקיסט במים 160 גרם,,,טונה סטארקיסט במים,גרמים,160.00,100 גרם,false,1,8.20,5.13,true,1,
7290002617723,false,"שרימפס מקולף 1 ק""ג גדול קפוא 26/30",,,שרימפס מקולף גדול,קילוגרמים,0.00,"ק""ג",false,1,111.50,111.50,true,1,
7290002627210,false,גפילטע פיש 570 גר,,,גפילטע פיש 570 גר,גרמים,570.00,100 גרם,false,1,15.90,2.79,true,1,
7290002661856,false,מיני קרוטונים מתובלים למרק ולסלט 350 גרם,,GB,מיני קרוטונים מתובלי,גרמים,350.00,100 גרם,false,1,18.50,5.29,true,1,
7290002692393,false,שמן קנולה עץ הזית 1 ל מועשר,,,שמן קנולה עץ הזית 1,מיליליטרים,1000.00,"100 מ""ל",false,1,16.90,1.69,true,1,
7290002697114,false,10 פיתות עבודת יד,,,10 פיתות עבודת יד,גרמים,500.00,100 גרם,false,1,17.90,3.58,true,1,
7290002697176,false,פיתה תימנית 5 יחידות עבודת יד,,,פיתה תימנית 5 יחידות,גרמים,500.00,100 גרם,false,1,8.90,1.78,true,1,
7290002715504,false,מרק עוף מגיק בכוס 70 גרם,,,מרק עוף מגיק בכוס 70,גרמים,70.00,100 גרם,false,1,5.50,7.86,true,1,
7290002715511,false,מרק בשר מגיק בכוס 70 גרם,,,מרק בשר מגיק בכוס 70,גרמים,70.00,100 גרם,false,1,5.50,7.86,true,1,
7290002715528,false,מרק ירקות מגיק בכוס 70 גרם,,,מרק ירקות מגיק בכוס,גרמים,70.00,100 גרם,false,1,5.50,7.86,true,1,
7290002715580,false,מרק סיני מגיק בכוס 70 גרם,,,מרק סיני מגיק בכוס 7,גרמים,70.00,100 גרם,false,1,5.50,7.86,true,1,
7290002730521,false,צמרונים קופסא מרובעת,,,צמרונים בלונס קופסא,Unknown,0.00,Unknown,false,1,8.30,8.30,true,1,
7290002749059,false,מיני פולטבסקיה 290 גר,,,מיני פולטבסקיה 290 ג,גרמים,290.00,100 גרם,false,1,45.00,15.52,true,1,
7290002752349,false,מנטוס מנטה גליל,,NL,מנטוס מנטה גליל 37 ג,גרמים,37.00,100 גרם,false,1,3.60,9.73,true,1,
7290002771111,false,קפה עם הל 250 גרם,,,קפה עם הל 250 גרם,גרמים,250.00,100 גרם,false,1,19.90,7.96,true,1,
7290002771128,false,קפה בלי הל 250 גרם,,,קפה בלי הל 250 גרם,גרמים,250.00,100 גרם,false,1,19.90,7.96,true,1,
7290002824183,false,סקי משפחתי 5% 500 גרם,,,סקי משפחתי 5% 500 גר,גרמים,500.00,100 גרם,false,1,9.96,1.99,true,1,
7290002824640,false,גבינת סקי 5% 250 גרם,,IL,גבינת סקי 5% 250 גרם,גרמים,250.00,100 גרם,false,1,4.98,1.99,true,1,
7290002830948,false,גבינה מון בלאן עיזים 120 גר,,,גבינה מון בלאן עיזים,גרמים,120.00,100 גרם,false,1,13.90,11.58,true,1,
7290002842002,false,מורנפלייק שיבולת שועל הכנה מהירה 500 גר,,GB,מורנפלייק שיבולת שוע,גרמים,500.00,100 גרם,false,1,12.90,2.58,true,1,
7290002868996,false,קוטג 5% מועשר 250 גרם,,,קוטג 5% מועשר 250 גר,גרמים,250.00,100 גרם,false,1,6.20,2.48,true,1,
7290002881230,false,אננס חתוך תומר 825 גרם,,,אננס חתוך תומר 850 ג,גרמים,825.00,100 גרם,false,1,12.90,1.56,true,1,
7290002881551,false,עלי גפן ממולאים 400 גרם,,,עלי גפן ממולאים 400,גרמים,400.00,100 גרם,false,1,11.00,2.75,true,1,
7290002881612,false,לפתן דובדבנים חמוצים 680 גרם,,,לפתן דובדבנים חמוצים,גרמים,680.00,100 גרם,false,1,12.90,1.90,true,1,
7290002881865,false,פטריות חתוכות 400 גר תומר,,,פטריות חתוכות 400 גר,גרמים,400.00,100 גרם,false,1,5.90,1.48,true,1,
7290002881919,false,שימורי פטריות 8 שלם 400 גר,,,שימורי פטריות 8 שלם,גרמים,400.00,100 גרם,false,1,9.00,2.25,true,1,
7290002881971,false,סרדין מרוקאי בשמן זית 125 גרם,,,סרדין מרוקאי בשמן זי,גרמים,125.00,100 גרם,false,1,6.90,5.52,true,1,
7290002921240,false,שמפוזר קרבונה אדום,,,שמפוזר קרבונה אדום,מיליליטרים,650.00,"100 מ""ל",false,1,34.90,5.37,true,1,
7290002921349,false,סופר גלו 3 זוגי,,,סופר גלו 3 זוגי,Unknown,0.00,Unknown,false,1,14.90,14.90,true,1,
7290002954545,false,מלבין קפה שוקחה 400 גר,,NL,מלבין קפה שוקחה 400,גרמים,400.00,100 גרם,false,1,12.90,3.23,true,1,
7290002971009,false,"קמח לבן שטיבל 1 ק""ג",,,"קמח לבן שטיבל 1 ק""ג",גרמים,1000.00,100 גרם,false,1,4.80,0.48,true,1,
7290002971016,false,"סולת שטיבל 1 ק""ג",,,"סולת שטיבל 1 ק""ג",גרמים,1000.00,100 גרם,false,1,5.10,0.51,true,1,
7290002974116,false,"קמח שטיבל כפרי 3 ללא ניפוי 1 ק""ג",,,קמח שטיבל כפרי 3 ללא,גרמים,1000.00,100 גרם,false,1,9.50,0.95,true,1,
7290002974222,false,"קמח שטיבל לעוגיות 4 ללא ניפוי 1 ק""ג",,,קמח שטיבל לעוגיות 4,גרמים,1000.00,100 גרם,false,1,9.50,0.95,true,1,
7290003009640,false,סחוט טרי תפוז 1 ליטר,,,סחוט טרי תפוז 1 ליטר,מיליליטרים,1000.00,"100 מ""ל",false,1,19.90,1.99,true,1,
7290003024001,false,גבינה ברי צרפתי במשקל,,,גבינה ברי צרפתי,Unknown,0.00,"ק""ג",true,0,189.00,189.00,true,1,
7290003024513,false,גבינת פקורינו טוסקנו שקיל,,,גבינת פקורינו טוסקנו,Unknown,0.00,"ק""ג",true,0,273.00,273.00,true,1,
7290003024520,false,גבינת פרובולונה דולצה איטלקי במשקל,,,גבינת פרובולונה,Unknown,0.00,"ק""ג",true,0,204.00,204.00,true,1,
7290003029181,false,שוקו 1ליטר בקבוק,,IL,שוקו בקבוק יטבתה,מיליליטרים,1000.00,"100 מ""ל",false,1,12.50,1.25,true,1,
7290003029389,false,"משקה בננה פקק 250 מ""ל",,,"בננה פקק 250 מ""ל",מיליליטרים,250.00,"100 מ""ל",false,1,5.70,2.28,true,1,
7290003029433,false,"שוקו פקק יטבתה 250 מ""ל",,,שוקו פקק יטבתה 250 מ,מיליליטרים,250.00,"100 מ""ל",false,1,5.70,2.28,true,1,
7290003054183,false,לחם שיפון מלא 500 גרם,,,לחם שיפון מלא 500 גר,גרמים,500.00,100 גרם,false,1,15.90,3.18,true,1,
7290003054190,false,לחם שיפון 3 דגנים 500 גרם,,,לחם שיפון 3 דגנים 50,גרמים,500.00,100 גרם,false,1,15.90,3.18,true,1,
7290003054206,false,לחם שיפון חמניות 500 גרם,,,לחם שיפון חמניות 500,גרמים,500.00,100 גרם,false,1,15.90,3.18,true,1,
7290003054213,false,לחם שיפון כפרי 500 גרם,,,לחם שיפון כפרי 500 ג,גרמים,500.00,100 גרם,false,1,15.90,3.18,true,1,
7290003054657,false,חרדל דיזיון 370 גר,,,חרדל דיזיון 370 גר,גרמים,370.00,100 גרם,false,1,13.90,3.76,true,1,
7290003054725,false,חרדל אנגלי קולמנט 100 גרם,,,חרדל אנגלי קולמנט,גרמים,100.00,100 גרם,false,1,9.90,9.90,true,1,
7290003072606,false,מיני נקניקיות עוף טירת צבי 350 גר,,IL,מיני נקניקיות עוף טי,גרמים,350.00,100 גרם,false,1,14.90,4.26,true,1,
7290003072804,false,פסטרמה של פעם 200 גרם,,IL,פסטרמה של פעם 200 גר,גרמים,200.00,100 גרם,false,1,24.90,12.45,true,1,
7290003072965,false,קבנוס חריף מעושן טירת צבי 120 גרם,,,קבנוס חריף מעושן טיר,גרמים,120.00,100 גרם,false,1,12.90,10.75,true,1,
7290003072972,false,קבנוס בתיבול מעושן טירת צבי 120 גרם,,,קבנוס בתיבול מעושן ט,גרמים,120.00,100 גרם,false,1,12.90,10.75,true,1,
7290003126712,false,"משק צוריאל יוגורט עיזים 3% ביו 140מ""ל",,,משק צוריאל יוגורט עי,גרמים,140.00,100 גרם,false,1,6.70,4.79,true,1,
7290003126958,false,טופו גולמי 300גר,,,טופו גולמי 300גר,גרמים,300.00,100 גרם,false,1,14.70,4.90,true,1,
7290003142477,false,ערמונים קלופים וקלויים 100 גרם,,,ערמונים קלופים וקלוי,גרמים,100.00,100 גרם,false,1,9.30,9.30,true,1,
7290003143337,false,סילאן טבעי קליית גת 350 גרם בקבוק לחיץ,,,סילאן טבעי קליית גת,גרמים,350.00,100 גרם,false,1,17.90,5.11,true,1,
7290003144310,false,תערובת אגוזים וחמוציות קליית גת 150 גרם,,,תערובת אגוזים וחמוצי,גרמים,150.00,100 גרם,false,1,22.90,15.27,true,1,
7290003208586,false,"וורמוט מרטיני לבן 750 מ""ל",,,וורמוט מרטיני לבן 75,Unknown,0.00,Unknown,false,1,54.90,54.90,true,1,
7290003208715,false,"וורמוט מרטיני רוסטו 750 מ""ל",,,וורמוט מרטיני רוסטו,Unknown,0.00,Unknown,false,1,54.90,54.90,true,1,
7290003229109,false,פסטרמה בפפריקה 400 גרםטירת צבי,,,פסטרמה בפפריקה 400 ג,גרמים,400.00,100 גרם,false,1,30.90,7.73,true,1,
7290003229123,false,פסטרמה על גחלים 400 גרםטירת צבי,,,פסטרמה על גחלים,גרמים,400.00,100 גרם,false,1,30.90,7.73,true,1,
7290003229147,false,סלמי איטלקי 300 גרםטירת צבי,,,סלמי איטלקי 300 גרם,גרמים,300.00,100 גרם,false,1,28.90,9.63,true,1,
7290003229215,false,פסטרמה איטלקית 360 גרטירת צבי,,,פסטרמה איטלקית 360 ג,גרמים,360.00,100 גרם,false,1,33.50,9.31,true,1,
7290003321155,false,דנונה בר פקאן 183 גר,,,דנונה בר פקאן 183 גר,גרמים,183.00,100 גרם,false,1,4.80,2.62,true,1,
7290003326020,false,סלק וואקום,,,סלק וואקום,Unknown,0.00,Unknown,false,1,11.90,11.90,true,1,
7290003400500,false,חטיף הרשי ריזס נאטרייגיס 47 גרם,,,חטיף הרשי ריזס,גרמים,47.00,100 גרם,false,1,5.90,12.55,true,1,
7290003423909,false,חטיף הרשי קוקיס קרם לבן 43 גרם,,,חטיף הרשי קוקיס קרם,Unknown,0.00,Unknown,false,1,5.50,5.50,true,1,
7290003427154,false,"שמן זית כתית מעולה מעודן זיתא 750 מ""ל",,IL,שמן זית כתית מעולה מ,מיליליטרים,750.00,"100 מ""ל",false,1,36.90,4.92,true,1,
7290003434664,false,ביס בר דגנים מלאים בשוקולד 120 גרם,,IL,ביס בר דגנים מלאים ב,גרמים,120.00,100 גרם,false,1,14.90,12.42,true,1,
7290003438013,false,ממרח זיתים ירוקים אוליביה 190 גרם,,,ממרח זיתים ירוקים,גרמים,190.00,100 גרם,false,1,14.90,7.84,true,1,
7290003438020,false,ממרח עגבניות מיובשות אוליביה 190 גר,,,ממרח עגבניות מיובשות,גרמים,190.00,100 גרם,false,1,14.90,7.84,true,1,
7290003450602,false,חרדל היינץ לחיץ 255 גרם,,,ממרח חרדל צהוב היינץ,גרמים,255.00,100 גרם,false,1,12.90,5.06,true,1,
7290003514571,false,מנה פריכיות אורז עם מלח 100 גרם,,,מנה פריכיות אורז עם,גרמים,100.00,100 גרם,false,1,7.20,7.20,true,1,
7290003578177,false,תירס גמדי צעיר שלם 410 גרם,,,תירס גמדי צעיר שלם 4,גרמים,410.00,100 גרם,false,1,6.90,1.68,true,1,
7290003578290,false,מקלוני אורז 300 גרם,,,מקלוני אורז 300 גרם,גרמים,1000.00,100 גרם,false,1,6.50,0.65,true,1,
7290003578313,false,דובדבנים ללא חרצנים 680 גרם,,,דובדבנים ללא חרצנים,גרמים,680.00,100 גרם,false,1,11.60,1.71,true,1,
7290003610129,false,בשר טחון טרי לקבב/המבורגר,,,בשר טחון טרי,Unknown,0.00,"ק""ג",true,0,42.90,42.90,true,1,
7290003643004,false,"אורז בסמטי 1 ק""ג",,,"אורז בסמטי 1 ק""ג",גרמים,1000.00,100 גרם,false,1,14.90,1.49,true,1,
7290003643158,false,קורנפלור 200 גרם,,,קורנפלור 200 גרם,גרמים,200.00,100 גרם,false,1,3.90,1.95,true,1,
7290003643387,false,סוכר לבן בצנצנת 1 קג,,,"סוכר לבן בצנצנת 1 ק""",גרמים,1000.00,100 גרם,false,1,8.90,0.89,true,1,
7290003643646,false,"סוכר חום דמררה צנצנת 1 ק""ג",,,סוכר חום דמררה צנצנת,גרמים,1000.00,100 גרם,false,1,14.20,1.42,true,1,
7290003643684,false,אפונה 500 גרם,,,אפונה 500 גרם,גרמים,500.00,100 גרם,false,1,7.90,1.58,true,1,
7290003643745,false,כוסמת 500 גרם,,,כוסמת 500 גרם,גרמים,500.00,100 גרם,false,1,7.90,1.58,true,1,
7290003643752,false,עדשים ירוקים 500 גרם,,,עדשים ירוקים 500 גרם,גרמים,500.00,100 גרם,false,1,8.50,1.70,true,1,
7290003643769,false,עדשים אדומים 500 גרם,,,עדשים אדומים 500 גרם,גרמים,500.00,100 גרם,false,1,8.90,1.78,true,1,
7290003643776,false,פופקורן 500 גרם,,,פופקורן 500 גרם,גרמים,500.00,100 גרם,false,1,6.50,1.30,true,1,
7290003643806,false,שעועית לבנה 500 גרם,,,שעועית לבנה 500 גרם,גרמים,500.00,100 גרם,false,1,12.90,2.58,true,1,
7290003643813,false,שעועית אדומה 500 גרם,,,שעועית אדומה 500 גרם,גרמים,500.00,100 גרם,false,1,12.90,2.58,true,1,
7290003726615,false,טופו וילר 300 גר,,,טופו וילר 300 גר,גרמים,300.00,100 גרם,false,1,13.00,4.33,true,1,
7290003779093,false,סלרי עלים,,,סלרי עלים,Unknown,0.00,Unknown,false,1,5.90,5.90,true,1,
7290003781065,false,מלפפונים בסגנון צרפת,,VN,מלפפונים בסגנון צרפת,ליטרים,0.68,ליטר,false,1,11.90,17.50,true,1,
7290003781652,false,צלפים 350 גרם,,TR,צלפים 350 גרם,גרמים,350.00,100 גרם,false,1,11.60,3.31,true,1,
7290003864478,false,סרדינים בשמן צמחי 100 גרם פתח -קל,,,סרדינים בשמן צמחי 11,גרמים,110.00,100 גרם,false,1,5.50,5.00,true,1,
7290003864492,false,סרדינים בשמן צמחי חריף 100 גרם פתח -קל,,,סרדינים בשמן צמחי חר,גרמים,110.00,100 גרם,false,1,5.50,5.00,true,1,
7290003903788,false,קפוצינו וניל 200 גר,,,קפוצינו וניל 200 גר,גרמים,200.00,100 גרם,false,1,30.50,15.25,true,1,
7290003976713,false,נוזל רצפות אנטיבקטריאלי  2 ליטר טאצ,,,נוזל רצפות אנטיבקטרי,Unknown,0.00,Unknown,false,1,19.90,19.90,true,1,
7290004011338,false,ריץ קצפת במיכל 250 גר חלבי,,,ריץ קצפת במיכל 250 ג,גרמים,250.00,100 גרם,false,1,14.90,5.96,true,1,
7290004011796,false,קבבונים אל גאוצו 400 גר,,,קבבונים אל גאוצו 400,גרמים,400.00,100 גרם,false,1,27.90,6.98,true,1,
7290004030018,false,"מיץ לימון 100% סחוט טבעי 500 מ""ל",,,מיץ לימון 100% סחוט,מיליליטרים,500.00,"100 מ""ל",false,1,8.00,1.60,true,1,
7290004030100,false,מיץ תפוזים סחוט ולנסיה 1 ליטר,,,מיץ תפוזים סחוט ולנס,מיליליטרים,1000.00,"100 מ""ל",false,1,19.90,1.99,true,1,
7290004030834,false,סחוט טרי רימונים 1ל,,,סחוט טרי רימונים 1ל,מיליליטרים,1000.00,"100 מ""ל",false,1,30.90,3.09,true,1,
7290004033705,false,"לחמניות ""הבורגריה"" 600 גרם",,,"לחמניות ""הבורגריה"" 6",גרמים,600.00,100 גרם,false,1,14.50,2.42,true,1,
7290004033736,false,לחם עננים בסגנון בריוש 750 גרם,,IL,לחם עננים בסגנון ברי,גרמים,750.00,100 גרם,false,1,16.90,2.25,true,1,
7290004050788,false,בייקון 170 גר,,,בייקון 170 גר,גרמים,170.00,100 גרם,false,1,52.00,30.59,true,1,
7290004050856,false,סלמי מילאנו פרוס 170 גר,,,סלמי מילאנו פרוס 170,גרמים,170.00,100 גרם,false,1,35.00,20.59,true,1,
7290004050863,false,סלמי הרץ 170 גר,,,סלמי הרץ 170 גר,גרמים,170.00,100 גרם,false,1,35.00,20.59,true,1,
7290004050870,false,שינקן פולני פרוס 200 גר,,,שינקן פולני פרוס 200,גרמים,200.00,100 גרם,false,1,35.00,17.50,true,1,
7290004050887,false,פרושוטו 120 גר,,,פרושוטו 120 גר,גרמים,120.00,100 גרם,false,1,41.90,34.92,true,1,
7290004050948,false,סלמי כפרית פרוס 170 גר,,,סלמי כפרית פרוס 170,גרמים,170.00,100 גרם,false,1,36.00,21.18,true,1,
7290004050955,false,פטה כבד עוף 170 גר,,,פטה כבד עוף 170 גר,גרמים,170.00,100 גרם,false,1,17.90,10.53,true,1,
7290004050986,false,רו בייקון 170 גר,,,רו בייקון 170 גר,גרמים,170.00,100 גרם,false,1,59.90,35.24,true,1,
7290004051044,false,סלמי הונגרי פרוס 170גר,,,סלמי הונגרי פרוס 170,גרמים,170.00,100 גרם,false,1,36.50,21.47,true,1,
7290004051068,false,שינקן מעושן פרוס 200 גר,,,שינקן מעושן פרוס 200,גרמים,200.00,100 גרם,false,1,33.50,16.75,true,1,
7290004051136,false,סלמי צרפתי פרוס 170 גר,,,סלמי צרפתי פרוס,גרמים,170.00,100 גרם,false,1,36.50,21.47,true,1,
7290004051150,false,סלמי רו סרוולט 170 גר,,,סלמי רו סרוולט 170 ג,גרמים,170.00,100 גרם,false,1,36.50,21.47,true,1,
7290004051167,false,ברזאולה 120 גר,,,ברזאולה 120 גר,גרמים,120.00,100 גרם,false,1,49.90,41.58,true,1,
7290004051334,false,פפרוני עגל 170 גר,,,פפרוני עגל 170 גר,גרמים,170.00,100 גרם,false,1,32.90,19.35,true,1,
7290004051365,false,קרפצו 120 גר,,,קרפצו 120 גר,גרמים,120.00,100 גרם,false,1,36.90,30.75,true,1,
7290004051419,false,ממרח כבד מיני 220 גר,,,ממרח כבד מיני 220 גר,גרמים,220.00,100 גרם,false,1,19.90,9.05,true,1,
7290004051792,false,נקניקיות קוקטייל 900 גר,,,נקניקיות קוקטייל 900,גרמים,900.00,100 גרם,false,1,55.90,6.21,true,1,
7290004052041,false,קבנוס קלאסי 210 גר,,,קבנוס קלאסי 210 גר,גרמים,210.00,100 גרם,false,1,31.50,15.00,true,1,
7290004052256,false,חזה הודו מעושן פרוס 200 גר,,,חזה הודו מעושן 200 ג,גרמים,200.00,100 גרם,false,1,22.90,11.45,true,1,
7290004052317,false,סלמי פפרוני 170 גר,,,סלמי פפרוני 170 גר,גרמים,170.00,100 גרם,false,1,36.50,21.47,true,1,
7290004052690,false,נקניקיות פרגית 600 גר,,,נקניקיות פרגית 600 ג,גרמים,600.00,100 גרם,false,1,23.90,3.98,true,1,
7290004053192,false,נקניקיות עגל 600 גר,,,נקניקיות עגל 600 גר,גרמים,600.00,100 גרם,false,1,26.90,4.48,true,1,
7290004053291,false,קרפלך עגל בטעם ביתי 600 גר,,,קרפלך עגל בטעם ביתי,גרמים,600.00,100 גרם,false,1,23.00,3.83,true,1,
7290004054236,false,גיוזה עוף 320 גר,,,גיוזה עוף 320 גר,גרמים,320.00,100 גרם,false,1,36.90,11.53,true,1,
7290004054243,false,גיוזה ירקות 320 גר,,,גיוזה ירקות 320 גר,גרמים,320.00,100 גרם,false,1,36.90,11.53,true,1,
7290004054267,false,נקניקיות פרנקפורטר 900 גר,,,נקניקיות פרנקפורטר,גרמים,900.00,100 גרם,false,1,56.90,6.32,true,1,
7290004054649,false,מיני מוסקובסקיה 300 גרם,,,מיני מוסקובסקיה 300,גרמים,300.00,100 גרם,false,1,39.90,13.30,true,1,
7290004054885,false,נקניקיות איטלקיות עם גבינה 400 גר,,,נקניקיות איטלקיות עם,גרמים,400.00,100 גרם,false,1,29.90,7.48,true,1,
7290004055271,false,פניני קבנוס 150 גר,,,פניני קבנוס 150 גר,גרמים,150.00,100 גרם,false,1,34.90,23.27,true,1,
7290004063016,false,"מלח דק 1 ק""ג",,,"מלח דק 1 ק""ג",גרמים,1000.00,100 גרם,false,1,2.07,0.21,true,1,
7290004063115,false,"מלח מטבח רגיל 1 ק""ג",,,"מלח מטבח גס 1 ק""ג",גרמים,1000.00,100 גרם,false,1,2.07,0.21,true,1,
7290004064174,false,"מלח הימלאיה דק בצנצנת 1 ק""ג",,,מלח הימלאיה דק בצנצנ,גרמים,1000.00,100 גרם,false,1,20.90,2.09,true,1,
7290004067281,false,קונפיטורת אגסים ביין  360 גרם בית יצחק,,,קונפיטורת אגסים ביין,גרמים,360.00,100 גרם,false,1,30.10,8.36,true,1,
7290004068011,false,יוגורט כבשים 600 גר,,,יוגורט כבשים 600 גר,גרמים,600.00,100 גרם,false,1,19.90,3.32,true,1,
7290004068172,false,יוגורט עיזים דלי 600 גר 5%,,,יוגורט עיזים דלי 600,גרמים,600.00,100 גרם,false,1,19.90,3.32,true,1,
7290004119225,false,יופלה אננס 3% 150 גר,,,יופלה אננס 3% 150 גר,גרמים,150.00,100 גרם,false,1,5.40,3.60,true,1,
7290004120566,false,גבינה בולגרית פיראוס 24% 250 גרם,,,גבינה בולגרית פיראוס,גרמים,250.00,100 גרם,false,1,24.90,9.96,true,1,
7290004120573,false,גבינה בולגרית פיראוס 16% 250 גרם,,,גבינה בולגרית פיראוס,גרמים,250.00,100 גרם,false,1,24.90,9.96,true,1,
7290004120634,false,גבינה פיראוס בולגרית 5%  250 גרם,,,גבינה פיראוס בולגרית,גרמים,250.00,100 גרם,false,1,24.90,9.96,true,1,
7290004121488,false,דיאט יופלה אפרסק 150 גר,,,דיאט יופלה אפרסק 150,מיליליטרים,150.00,"100 מ""ל",false,1,5.40,3.60,true,1,
7290004121754,false,יופלה עוגת גבינה ותות 3% 150 גר,,,יופלה עוגת גבינה,גרמים,150.00,100 גרם,false,1,5.40,3.60,true,1,
7290004121839,false,גבינה פטה פיראוס 250 גרם,,,גבינה פטה פיראוס 250,גרמים,250.00,100 גרם,false,1,29.50,11.80,true,1,
7290004122195,false,גבינה צהובה גוש חלב 200 גרם,,,גבינה צהובה גוש חלב,גרמים,200.00,100 גרם,false,1,15.50,7.75,true,1,
7290004122270,false,גבינה עמק פרוס בקופסה 28% 200 גרם,,,גבינה עמק פרוס בקופס,גרמים,200.00,100 גרם,false,1,16.90,8.45,true,1,
7290004122348,false,גבינת עמק לייט פרוס בקופסא 200 גרם,,,גבינת עמק לייט פרוס,גרמים,200.00,100 גרם,false,1,16.80,8.40,true,1,
7290004122676,false,חמד לייט 5% גביע 250גר,,,חמד לייט 5% גביע 250,גרמים,250.00,100 גרם,false,1,20.90,8.36,true,1,
7290004122683,false,אצבעות עמק 172 גר,,,אצבעות עמק 172 גר,גרמים,172.00,100 גרם,false,1,16.90,9.83,true,1,
7290004125400,false,"שלי אשל 200 מ""ל",,,"שלי אשל 200 מ""ל",מיליליטרים,200.00,"100 מ""ל",false,1,1.69,0.85,true,1,
7290004125417,false,"שלי גיל 200 מ""ל",,,"שלי גיל 200 מ""ל",מיליליטרים,200.00,"100 מ""ל",false,1,1.50,0.75,true,1,
7290004125455,false,"שמנת חמוצה 15% 200 מ""ל",,,שמנת חמוצה 15% 200 מ,גרמים,200.00,100 גרם,false,1,2.40,1.20,true,1,
7290004125462,false,"שמנת חמוצה 15% 500 מ""ל",,,שמנת חמוצה 15% 500 מ,מיליליטרים,500.00,"100 מ""ל",false,1,6.00,1.20,true,1,
7290004125509,false,"שמנת חמוצה 100 מ""ל",,,"שמנת חמוצה 100 מ""ל",מיליליטרים,100.00,"100 מ""ל",false,1,1.70,1.70,true,1,
7290004125578,false,משקה סויה מועשר 1 ליטר,,,משקה סויה מועשר 1 לי,מיליליטרים,1000.00,"100 מ""ל",false,1,12.50,1.25,true,1,
7290004125585,false,משקה סויה על הבוקר 1 ליטר,,,משקה סויה על הבוקר 1,מיליליטרים,1000.00,"100 מ""ל",false,1,12.50,1.25,true,1,
7290004125721,false,"שמנת לבישול 15% השף הלבן 250 מ""ל",,,שמנת לבישול 15% השף,גרמים,250.00,100 גרם,false,1,8.30,3.32,true,1,
7290004125738,false,"שמנת מתוקה להקצפה 32% 250 מ""ל",,,שמנת מתוקה להקצפה 32,גרמים,250.00,100 גרם,false,1,6.90,2.76,true,1,
7290004126759,false,דיאט יופלה פירות יער 150 גר,,,דיאט יופלה פירות יער,גרמים,150.00,100 גרם,false,1,5.40,3.60,true,1,
7290004127329,false,גבינת קוטג  5% 250 גרם,,,גבינת קוטג 5% 250 גר,גרמים,250.00,100 גרם,false,1,5.70,2.28,true,1,
7290004127336,false,גבינת קוטג 9% 250 גרם,,,גבינת קוטג 9% 250 גר,גרמים,250.00,100 גרם,false,1,5.70,2.28,true,1,
7290004127800,false,גבינה לבנה למריחה 5% 500 גר,,,גבינה לבנה למריחה 5%,גרמים,500.00,100 גרם,false,1,9.96,1.99,true,1,
7290004127817,false,גבינה למריחה 9% 500 גרם,,,גבינה למריחה 9% 500,גרמים,500.00,100 גרם,false,1,9.96,1.99,true,1,
7290004128432,false,פתיתים מיוחדים לפיצה על בסיס גבינה 500 ג,,,פתיתים מיוחדים לפיצה,גרמים,500.00,100 גרם,false,1,24.50,4.90,true,1,
7290004129101,false,נפוליאון טבעי 225 גרם,,,נפוליאון טבעי 225 גר,גרמים,225.00,100 גרם,false,1,15.00,6.67,true,1,
7290004129156,false,נפוליאון שום שמיר 225 גרם,,,נפוליאון שום שמיר 22,גרמים,225.00,100 גרם,false,1,15.00,6.67,true,1,
7290004130794,false,משקה סויה טבעי מתיקות מופחתת 1ל,,,משקה סויה טבעי מתיקו,מיליליטרים,1000.00,"100 מ""ל",false,1,12.50,1.25,true,1,
7290004130916,false,יופלה פירות יער בשמנת 150 גר,,,יופלה פירות יער בשמנ,גרמים,150.00,100 גרם,false,1,5.40,3.60,true,1,
7290004131074,false,חלב קרטון+פקק 3% תנובה 1 ליטר,,,חלב קרטון+פקק 3% תנו,מיליליטרים,1000.00,"100 מ""ל",false,1,6.23,0.62,true,1,
7290004131456,false,יופלה לבן 1.5% 200 גר,,,יופלה לבן 1.5% 200 ג,מיליליטרים,200.00,"100 מ""ל",false,1,4.80,2.40,true,1,
7290004132552,false,דיאט סויה טבעי 1 ליטר,,,דיאט סויה טבעי 1 ליט,מיליליטרים,1000.00,"100 מ""ל",false,1,12.50,1.25,true,1,
7290004135614,false,פיראוס בולגרית מעודנת 5% 250 גר,,,פיראוס בולגרית מעודנ,גרמים,250.00,100 גרם,false,1,24.90,9.96,true,1,
7290004136857,false,גלי פטל 125גר,,,גלי פטל 125גר,גרמים,125.00,100 גרם,false,1,2.60,2.08,true,1,
7290004136864,false,גלי אננס עם חתיכות אננס 125גר,,,גלי אננס עם חתיכות א,גרמים,125.00,100 גרם,false,1,3.00,2.40,true,1,
7290004136871,false,גלי אפרסק עם חתיכות אפרסק 125גר,,,גלי אפרסק עם חתיכות,גרמים,150.00,100 גרם,false,1,3.00,2.00,true,1,
7290004137021,false,"שמנת לבישול 10%-השף הלבן 250 מ""ל",,,שמנת לבישול 10%-השף,גרמים,250.00,100 גרם,false,1,8.30,3.32,true,1,
7290004150112,false,חומוס מזרחי פיקנטי פרימיום 300 גרם,,IL,חומוס מזרחי פיקנטי פ,גרמים,300.00,100 גרם,false,1,16.90,5.63,true,1,
7290004150143,false,חציל במיונז פיקנטי פרימיום 300 גרם,,IL,חציל במיונז פיקנטי פ,גרמים,300.00,100 גרם,false,1,16.90,5.63,true,1,
7290004150167,false,תפואדמה במיונז פיקנטי פרימיום 300 גרם,,IL,תפוחי אדמה במיונז פי,גרמים,300.00,100 גרם,false,1,16.90,5.63,true,1,
7290004150228,false,כרוב אדום 300 גרם פיקנטי פרימיום,,IL,כרוב אדום 300 גרם פי,גרמים,300.00,100 גרם,false,1,16.90,5.63,true,1,
7290004150235,false,חומוס עם חריף 300 גרם פיקנטי פרימיום,,IL,חומוס עם חריף 300 גר,גרמים,300.00,100 גרם,false,1,16.90,5.63,true,1,
7290004200930,false,זוג זיקוק 15 בשקית,,,זוג זיקוק 15 בשקית,Unknown,0.00,Unknown,false,1,10.50,10.50,true,1,
7290004339425,false,שווארמה מהצומח טבע דלי 350 גר,,,שווארמה מהצומח טבע ד,גרמים,350.00,100 גרם,false,1,25.90,7.40,true,1,
7290004494063,false,יין דלתון פטיט סירה 750 מל,,,יין דלתון פטיט סירה,Unknown,0.00,Unknown,false,1,68.90,68.90,true,1,
7290004494377,false,"יין אדום שיראז סדרת דלתון 750 מ""ל",,,יין אדום שיראז סדרת,Unknown,0.00,Unknown,false,1,68.90,68.90,true,1,
7290004502690,false,וודקה פינלנדיה 1 ליטר,,,וודקה פינלנדיה 1 ל,מיליליטרים,1000.00,"100 מ""ל",false,1,99.90,9.99,true,1,
7290004584306,false,גמדים סופר תות -בננה 200גר,,,גמדים סופר תות -בננה,גרמים,200.00,100 גרם,false,1,12.90,6.45,true,1,
7290004584351,false,סימפוניה 5% 200 גרם,,,סימפוניה 5% 200 גרם,גרמים,200.00,100 גרם,false,1,12.90,6.45,true,1,
7290004584528,false,יוגורט דנונה ביו טבעי 1.7% 200 גרם,,,יוגורט דנונה ביו טבע,גרמים,200.00,100 גרם,false,1,3.70,1.85,true,1,
7290004685089,false,לחם חמניות 500 גרם,,,לחם חמניות 500 גרם,גרמים,500.00,100 גרם,false,1,18.50,3.70,true,1,
7290004685126,false,לחם 5 דגנים 750 גרם,,,לחם 5 דגנים 750 גרם,גרמים,750.00,100 גרם,false,1,18.50,2.47,true,1,
7290004685157,false,לחם שיפון 100%,,,לחם שיפון 100%,גרמים,750.00,100 גרם,false,1,17.90,2.39,true,1,
7290004685225,false,לחם שיפון פומפרניקל מקמח שיפון,,,לחם שיפון פומפרניקל,גרמים,750.00,100 גרם,false,1,17.90,2.39,true,1,
7290004685430,false,לחם כוסמין 100% 500 גר,,,לחם כוסמין 100% 500,גרמים,500.00,100 גרם,false,1,17.90,3.58,true,1,
7290004685447,false,שישיית לחמניות כוסמין,,IL,שישיית לחמניות כוסמי,Unknown,0.00,Unknown,false,1,16.50,16.50,true,1,
7290004737719,false,אספרגוס שלם מקולף 330 גרם צנצנת,,,אספרגוס שלם מקולף 33,גרמים,330.00,100 גרם,false,1,12.50,3.79,true,1,
7290005008184,false,פלמוליב נטורלס סבון נוזלי 500 כתום,,,פלמוליב נטורלס סבון,מיליליטרים,500.00,"100 מ""ל",false,1,21.90,4.38,true,1,
7290005020162,false,"וויסקי בלנטייניס 700 מ""ל",,,וויסקי בלנטיינס 700,מיליליטרים,700.00,"100 מ""ל",false,1,89.90,12.84,true,1,
7290005084355,false,"משחת שיניים  סנסודיין דואלקר  75 מ""ל",,,משחת שיניים  סנסודיי,גרמים,75.00,100 גרם,false,1,22.90,30.53,true,1,
7290005095269,false,נרות חימום 50 קוד,,,נרות חימום 50 יח,Unknown,0.00,Unknown,false,1,12.50,12.50,true,1,
7290005095375,false,כוסות לשתייה קרה 100 יח,,TR,כוסות לשתייה קרה 100,Unknown,0.00,Unknown,false,1,8.90,8.90,true,1,
7290005095702,false,חיטה תפוחה בדבש 200 גר שלוה,,,חיטה תפוחה בדבש 200,גרמים,200.00,100 גרם,false,1,9.90,4.95,true,1,
7290005174551,false,חומוס יום יום 125 גרם,,,חומוס יום יום 125 גר,גרמים,125.00,100 גרם,false,1,5.80,4.64,true,1,
7290005200786,false,תפוציפס שמנת ובצל 50 גרם,,,תפוציפס שמנת ובצל 50,גרמים,50.00,100 גרם,false,1,4.90,9.80,true,1,
7290005287206,false,טונה סטארקיסט בשמן רביעיות 4*160 גר,,,טונה סטארקיסט בשמן ר,גרמים,640.00,100 גרם,false,1,25.90,4.05,true,1,
7290005287251,false,טונה סטארקיסט במים רביעיות 4*160 גר,,,טונה סטארקיסט במים ר,גרמים,640.00,100 גרם,false,1,25.90,4.05,true,1,
7290005287510,false,טונה בשמן עם פלפל חריף 160 גרם פ.ק,,,טונה בשמן עם פלפל חר,גרמים,160.00,100 גרם,false,1,9.40,5.88,true,1,
7290005326585,false,פסטו בזיליקום אוליביה 180 גר,,IL,פסטו בזיליקום אוליבי,גרמים,180.00,100 גרם,false,1,16.40,9.11,true,1,
7290005326677,false,רוטב ברביקיו אוליביה 350 גר,,IL,רוטב ברביקיו אוליביה,גרמים,350.00,100 גרם,false,1,14.90,4.26,true,1,
7290005358241,false,לשון בקר קפוא,,,לשון בקר קפואה,Unknown,0.00,"ק""ג",true,0,38.90,38.90,true,1,
7290005423567,false,סנו סושי מטליות בגליל צהוב 30 יח,,,סנו סושי מטליות בגלי,Unknown,0.00,Unknown,false,1,23.90,23.90,true,1,
7290005425646,false,סנוקליר אקדח 1 ליטר,,,סנוקליר אקדח 1 ליטר,מיליליטרים,1000.00,"100 מ""ל",false,1,12.90,1.29,true,1,
7290005426230,false,סושי מטלית הפלא לרצפה,,,סושי מטלית הפלא לרצפ,Unknown,0.00,Unknown,false,1,14.50,14.50,true,1,
7290005427107,false,שישיית סנו סושי מגבות נייר,,,שישיית סנו סושי,Unknown,0.00,Unknown,false,1,12.90,12.90,true,1,
7290005431883,false,מלבי חלבי 165 גר,,IL,מלבי חלבי 165 גר,גרמים,165.00,100 גרם,false,1,7.90,4.79,true,1,
7290005431920,false,עוגת גינה פירורים לייט 78 גר,,IL,עוגת גבינה פירורים,גרמים,78.00,100 גרם,false,1,7.90,10.13,true,1,
7290005431937,false,טירמיסו 82 גר,,IL,טירמיסו 82 גר,גרמים,82.00,100 גרם,false,1,7.90,9.63,true,1,
7290005431968,false,מלבי שמנת 150 גרם,,IL,מלבי שמנת 150 גרם,גרמים,150.00,100 גרם,false,1,8.50,5.67,true,1,
7290005555100,false,פיקדון רביעייה,,,פיקדון רביעייה,Unknown,0.00,Unknown,false,1,1.20,1.20,true,1,
7290005555101,false,פיקדון שישייה,,,פיקדון שישייה,Unknown,0.00,Unknown,false,1,1.80,1.80,true,1,
7290005555127,false,פיקדון 30 אג,,,פיקדון 30 אג,Unknown,0.00,Unknown,false,1,0.30,0.30,true,1,
7290005555777,false,"פיקדון חוזר 1.2 ש""ח בק 500 מ""ל",,,"פיקדון חוזר 1.2 ש""ח",Unknown,0.00,Unknown,false,1,1.20,1.20,true,1,
7290005559907,false,פיצה משפחתית גבינה מעדנות 500 גר,,,פיצה משפחתית גבינה,גרמים,500.00,100 גרם,false,1,24.90,4.98,true,1,
7290005559914,false,פיצה משפחתית זיתים מעדנות 550 גר,,,פיצה משפחתית זיתים מ,גרמים,550.00,100 גרם,false,1,25.90,4.71,true,1,
7290005559990,false,בצק פילאס תורכי מעדנות 600 גר,,,בצק פילאס תורכי מעדנ,גרמים,600.00,100 גרם,false,1,27.90,4.65,true,1,
7290005571046,false,כתף בקר מרכזי טרי,,,כתף בקר מרכזי טרי,Unknown,0.00,"ק""ג",true,0,69.90,69.90,true,1,
7290005571596,false,נתח סינטה עגל טרי,,,סינטה עגל טרי,Unknown,0.00,"ק""ג",true,0,99.90,99.90,true,1,
7290005610509,false,צנונית,,,צנונית,Unknown,0.00,Unknown,false,1,9.90,9.90,true,1,
7290005678585,false,סקרלוטה ללא חרצנים,,,סקרלוטה ללא חרצנים,Unknown,0.00,"ק""ג",true,0,39.90,39.90,true,1,
7290005686436,false,תפוחי עץ 200 גרם,,,תפוחי עץ 200 גר,גרמים,200.00,100 גרם,false,1,14.50,7.25,true,1,
7290005697272,false,תום עיזים מונפורט מנות שקיל,,,תום עיזים מונפורט,Unknown,0.00,"ק""ג",true,0,224.00,224.00,true,1,
7290005838002,false,דניאלה 88 גרם,,,דניאלה וניל 100 גרם,גרמים,88.00,100 גרם,false,1,4.30,4.89,true,1,
7290005839078,false,מולטיפק יוגורט דנונה טבעי 3%,,,מולטיפק יוגורט דנונה,ליטרים,0.00,ליטר,false,1,17.90,17.90,true,1,
7290005839108,false,סימפוניה 5% עם זיתים 200 גרם,,,סימפוניה 5% עם זיתים,גרמים,200.00,100 גרם,false,1,12.90,6.45,true,1,
7290005896620,false,מים סאן בנדטו 1.5 ל מוגז,,,מים סאן בנדטו 1.5 ל,ליטרים,0.00,ליטר,false,1,3.60,3.60,true,1,
7290005896637,false,מים סאן בנדיטו 1.5 ליטר,,IL,מים סאן בנדיטו 1.5 ל,ליטרים,0.00,ליטר,false,1,4.00,4.00,true,1,
7290005992575,false,בולגרית למריחה 250 גר,,,בולגרית למריחה 250 ג,גרמים,250.00,100 גרם,false,1,20.50,8.20,true,1,
7290005992735,false,גבינה לבנה טבעית 250 גר,,,גבינה לבנה טבעית 250,גרמים,250.00,100 גרם,false,1,13.50,5.40,true,1,
7290006189028,false,מיני פריזר עגל 480 גרם,,IL,מיני פריזר עגל 480 ג,גרמים,480.00,100 גרם,false,1,22.90,4.77,true,1,
7290006194008,false,גבינת פקורינו רומנו איטלקי שקיל,,,גבינת פקורינו רומנו,Unknown,0.00,"ק""ג",true,0,175.00,175.00,true,1,
7290006194022,false,גורגונזולה דולצה איטלקי במשקל,,,גורגונזולה דולצה,Unknown,0.00,"ק""ג",true,0,199.00,199.00,true,1,
7290006251343,false,פסיפלורה מנגו 25 שקיקים גן קסום,,,פסיפלורה מנגו 25 שק,Unknown,0.00,Unknown,false,1,19.90,19.90,true,1,
7290006265500,false,פטריות שמפיניון ארוז,,,פטריות שמפיניון ארוז,Unknown,0.00,Unknown,false,1,12.90,12.90,true,1,
7290006265760,false,רוזמרין/תימין/אורגנו/טרגון/בזיליקום/רוגו,,,רוזמרין/תימין/אורגנו,Unknown,0.00,Unknown,false,1,5.90,5.90,true,1,
7290006272072,false,חטיפי פיצה גבינה 650 גר,,,חטיפי פיצה גבינה,גרמים,650.00,100 גרם,false,1,36.90,5.68,true,1,
7290006272430,false,בצק עלים חמאה 600גר,,,בצק עלים חמאה מעדנות,גרמים,600.00,100 גרם,false,1,31.90,5.32,true,1,
7290006342072,false,גרעין לבן 200 גרם ששון הקולה,,,גרעין לבן 200 גרם,גרמים,200.00,100 גרם,false,1,9.90,4.95,true,1,
7290006355065,false,קשקבליו איטלקי במשקל,,,קשקבליו איטלקי במשקל,Unknown,0.00,"ק""ג",true,0,204.00,204.00,true,1,
7290006355119,false,קשקבליו איטלקי מעושן במשקל,,,קשקבליו איטלקי מעושן,Unknown,0.00,"ק""ג",true,0,204.00,204.00,true,1,
7290006374653,false,דבש לייט 350 גר,,,דבש לייט 350 גר,גרמים,350.00,100 גרם,false,1,36.90,10.54,true,1,
7290006374738,false,קונפיטורת יד מרדכי תות 340 גרם,,,קונפיטורת יד מרדכי ת,גרמים,340.00,100 גרם,false,1,15.90,4.68,true,1,
7290006492432,false,מוצרלה בייבי 150 גרם,,,מוצרלה בייבי 150 גרם,גרמים,170.00,100 גרם,false,1,15.30,9.00,true,1,
7290006492616,false,בולגרית בפרוסות 5% 250 גר,,,בולגרית בפרוסות 5% 2,גרמים,250.00,100 גרם,false,1,28.30,11.32,true,1,
7290006492685,false,לבנה עיזים 3% 250 גרם,,,לבנה עיזים 3% 250 גר,גרמים,250.00,100 גרם,false,1,19.90,7.96,true,1,
7290006492852,false,גבינה לבנה עיזים 250 גרם,,,גבינה לבנה עיזים 250,גרמים,250.00,100 גרם,false,1,18.20,7.28,true,1,
7290006492913,false,לבנה ציזיקי 250 גרם,,,לבנה ציזיקי 250 גרם,גרמים,250.00,100 גרם,false,1,15.50,6.20,true,1,
7290006520500,false,שוקיים עוף טרי,,,שוקיים עוף טרי,Unknown,0.00,"ק""ג",true,0,29.90,29.90,true,1,
7290006559029,false,כדורי מוצרלה בופלו במשקל,,,כדורי מוצרלה בופלו,Unknown,0.00,"ק""ג",true,0,170.00,170.00,true,1,
7290006664655,false,אקטימל טבעי שמינייה,,,אקטימל טבעי שמינייה,מיליליטרים,800.00,"100 מ""ל",false,1,22.70,2.84,true,1,
7290006664990,false,מארז ביו 1.7% 2+6 150 גר*8,,,מארז ביו 1.7% 2+6 15,ליטרים,0.00,ליטר,false,1,17.90,17.90,true,1,
7290006704078,false,אורגנו,,,אורגנו,Unknown,0.00,Unknown,false,1,5.90,5.90,true,1,
7290006704832,false,אוכמניות טריות יחידה,,,אוכמניות טריות יחידה,Unknown,0.00,Unknown,false,1,19.90,19.90,true,1,
7290006705594,false,נתחי סורימי 200 גרם,,,נתחי סורימי 200 גרם,גרמים,200.00,100 גרם,false,1,5.20,2.60,true,1,
7290006719058,false,חלה רגילה,,,חלה רגילה,גרמים,500.00,100 גרם,false,1,5.17,1.03,true,1,
7290006724205,false,טופו חומוס  300 גרם,,,טופו חומוס  300 גרם,גרמים,300.00,100 גרם,false,1,12.90,4.30,true,1,
7290006764072,false,"בירה גולדסטאר בק חוזר 500 מ""ל",,,"בירה גולדסטאר 500 מ""",מיליליטרים,500.00,"100 מ""ל",false,1,7.90,1.58,true,1,
7290006765000,false,טורטיה מקמח מלא 540 גרם,,,טורטיה מקמח מלא 540,גרמים,540.00,100 גרם,false,1,11.40,2.11,true,1,
7290006765895,false,בוטן בקליפה 200 גרם שושן הקולה,,,בוטן בקליפה 200 גרם,גרמים,200.00,100 גרם,false,1,8.90,4.45,true,1,
7290006822192,false,נקטר פריגת דיאט חמוציות 1 ליטר,,,נקטר פריגת דיאט חמוצ,מיליליטרים,1000.00,"100 מ""ל",false,1,13.90,1.39,true,1,
7290006833822,false,נקניקיות עוף 600 גר מזרע,,,נקניקיות עוף 600 גר,גרמים,600.00,100 גרם,false,1,23.90,3.98,true,1,
7290006834539,false,גבינת קומבוזולה גרמנית במשקל,,,גבינת קומבוזולה,Unknown,0.00,"ק""ג",true,0,199.00,199.00,true,1,
7290006834553,false,גבינת רוגט גרמני במשקל,,,גבינת רוגט גרמני,Unknown,0.00,"ק""ג",true,0,225.00,225.00,true,1,
7290006835321,false,קבנוס עגל 250 גר,,,קבנוס עגל 250 גר,גרמים,250.00,100 גרם,false,1,23.90,9.56,true,1,
7290006855183,false,ברבריא חטיף תמרים שומשום אגוז מלך 30*4,,,ברבריא חטיף תמרים שו,גרמים,120.00,100 גרם,false,1,19.80,16.50,true,1,
7290006855190,false,ברבריא חטיף תמריםבננה 30*4,,,ברבריא חטיף תמריםבננ,גרמים,120.00,100 גרם,false,1,19.80,16.50,true,1,
7290006899255,false,תה סרמוני א.גריי 20 שקיות,,,תה סרמוני א.גריי 20,Unknown,0.00,Unknown,false,1,19.90,19.90,true,1,
7290006983176,false,לחמית שיפון 230 גרם,,,לחמית שיפון 230 גרם,גרמים,230.00,100 גרם,false,1,11.00,4.78,true,1,
7290008066145,false,בירה קורונה,,,"בירה קורונה 355 מ""ל",מיליליטרים,355.00,"100 מ""ל",false,1,8.90,2.51,true,1,
7290008101318,false,פירורי לחם קריספ זהוב 300 גרם,,IL,פירורי לחם קריספ זהו,Unknown,0.00,Unknown,false,0,7.90,7.90,true,1,
7290008101356,false,קריספ פנקו זהוב 300 גרם,,IL,קריספ פנקו זהוב 300,גרמים,300.00,100 גרם,false,0,10.90,3.63,true,1,
7290008154222,false,שניצלונים עוף טוב 700 גרם,,,שניצלונים עוף טוב 70,גרמים,700.00,100 גרם,false,1,24.50,3.50,true,1,
7290008175173,false,לורפק חמאה 200 גר,,,חמאה ללא תוספת מלח 2,גרמים,200.00,100 גרם,false,1,14.90,7.45,true,1,
7290008329309,false,מזלגות פרמיום שקוף/ק,,TR,מזלגות פרמיום שקוף/ק,Unknown,1.00,Unknown,false,1,9.50,9.50,true,1,
7290008333115,false,גלטין 28 גר,,,גלטין 28 גר,גרמים,28.00,100 גרם,false,1,11.90,42.50,true,1,
7290008403832,false,אולד רוטרדם בקר במשקל,,,אולד רוטרדם בקר במשק,Unknown,0.00,"ק""ג",true,0,165.00,165.00,true,1,
7290008403849,false,אולד רוטרדם עיזים במשקל,,,אולד רוטרדם עיזים במ,Unknown,0.00,"ק""ג",true,0,205.00,205.00,true,1,
7290008403917,false,גבינת גאודה פסטו במשקל,,NL,גבינת גאודה פסטו,Unknown,0.00,"ק""ג",true,0,150.00,150.00,true,1,
7290008409049,false,מאמא עוףמיני שניצלים בציפוי שומשום 500 ג,,,מאמא עוף מיני שניצלי,גרמים,500.00,100 גרם,false,1,31.90,6.38,true,1,
7290008409124,false,שניצל גונגל 700 גרם,,,שניצל גונגל מאמא עוף,גרמים,700.00,100 גרם,false,1,37.90,5.41,true,1,
7290008409216,false,שניצל דק דק פריך 700 גר,,,שניצל דק דק פריך 700,גרמים,700.00,100 גרם,false,1,42.90,6.13,true,1,
7290008409582,false,שניצל עוף אמיתי ביתי 700 גרם,,,שניצל עוף אמיתי ביתי,גרמים,700.00,100 גרם,false,1,44.50,6.36,true,1,
7290008437011,false,שריר טרי,,,שריר בקר טרי,Unknown,0.00,"ק""ג",true,0,49.90,49.90,true,1,
7290008437127,false,רגל עגל חלב קפוא מזרע,,,רגל עגל קפוא מזרע,Unknown,0.00,"ק""ג",true,0,36.90,36.90,true,1,
7290008437646,false,שקית גופיה טיב טעם,,,שקית גופיה,Unknown,0.00,Unknown,false,1,0.10,0.10,true,1,
7290008438285,false,גבינה אמנטל שוויצרי במשקל,,,גבינה אמנטל שוויצרי,Unknown,0.00,"ק""ג",true,0,220.00,220.00,true,1,
7290008461238,false,סרדין רוברט בשמן חמניות חריף 120 גר,,,סרדין רוברט בשמן חמנ,גרמים,120.00,100 גרם,false,1,7.90,6.58,true,1,
7290008462204,false,חרדל דיזיון מקורי 380 גרם,,,חרדל דיזיון מקורי 38,גרמים,380.00,100 גרם,false,1,18.90,4.97,true,1,
7290008462259,false,חרדל דיזיון גרגירים 345 גרם,,,חרדל דיזיון גרגירים,גרמים,345.00,100 גרם,false,1,19.90,5.77,true,1,
7290008464024,false,"בירה גולדסטאר לא מסוננת 500 מ""ל פחית",,,בירה גולדסטאר לא מסו,מיליליטרים,500.00,"100 מ""ל",false,1,10.90,2.18,true,1,
7290008464222,false,"בירה מכבי  7.9% פחית 500 מ""ל",,,בירה מכבי  7.9% פחית,מיליליטרים,500.00,"100 מ""ל",false,1,8.90,1.78,true,1,
7290008464345,false,בירה גולדסטאר בקבוק 330 מל,,,בירה גולדסטאר בקבוק,מיליליטרים,330.00,"100 מ""ל",false,1,7.90,2.39,true,1,
7290008464369,false,"פפסי קולה פחית 330 מ""ל",,,פפסי קולה פחית 330 מ,מיליליטרים,330.00,"100 מ""ל",false,1,4.30,1.30,true,1,
7290008464468,false,"גולדסטאר פחית 500 מ""ל",,,"גולדסטאר פחית 500 מ""",מיליליטרים,500.00,"100 מ""ל",false,1,9.90,1.98,true,1,
7290008464505,false,"מים סאן בנדטו 500 מ""ל",,,"מים סאן בנדטו 500 מ""",מיליליטרים,500.00,"100 מ""ל",false,1,2.90,0.58,true,1,
7290008464604,false,"היינקן פחית 500 מ""ל",,,"היינקן פחית 500 מ""ל",מיליליטרים,500.00,"100 מ""ל",false,1,10.90,2.18,true,1,
7290008464673,false,"בירה גולדסטאר SLOW BREW פחית 500 מ""ל",,IL,בירה גולדסטאר SLOW B,מיליליטרים,500.00,"100 מ""ל",false,1,10.90,2.18,true,1,
7290008464697,false,"שישיית בירה מכבי 7.9% 330 מ""ל",,,שישיית בירה מכבי 7.9,מיליליטרים,1980.00,"100 מ""ל",false,1,38.90,1.96,true,1,
7290008464703,false,"שישיית בקבוקי מכבי 330 מ""ל",,,שישיית בקבוקי מכבי 3,מיליליטרים,1980.00,"100 מ""ל",false,1,37.90,1.91,true,1,
7290008464741,false,"שישיית בקבוקי גולדסטאר 330 מ""ל",,,שישיית בקבוקי גולדסט,מיליליטרים,1980.00,"100 מ""ל",false,1,40.90,2.07,true,1,
7290008493413,false,פירורי גריסיני מאיר בייגל  200 גרם,,,פירורי גריסיני מאיר,גרמים,200.00,100 גרם,false,1,7.50,3.75,true,1,
7290008644235,false,עלי בייבי אחלה טבע,,,עלי בייבי אחלה טבע,גרמים,120.00,100 גרם,false,1,12.90,10.75,true,1,
7290008644839,false,חסה אחלה טבע,,,חסה אחלה טבע,גרמים,300.00,100 גרם,false,1,10.90,3.63,true,1,
7290008644945,false,סלט המושבה אחלה טבע,,,סלט המושבה אחלה טבע,גרמים,450.00,100 גרם,false,1,12.90,2.87,true,1,
7290008645935,false,חומוס אחלה 750 גר,,,חומוס אחלה 750 גרם,גרמים,750.00,100 גרם,false,1,11.90,1.59,true,1,
7290008670005,false,רקנאטי  גליל עליון שרדונה 750 מל,,,רקנאטי  גליל עליון ש,Unknown,0.00,Unknown,false,1,67.90,67.90,true,1,
7290008670869,false,רקנאטי יונתן לבן 750 מל,,IL,רקנאטי יונתן לבן 750,Unknown,0.00,Unknown,false,1,43.90,43.90,true,1,
7290008670920,false,יין רקנאטי  גליל עליון מרלו 750 מל,,,יין רקנאטי  גליל עלי,Unknown,0.00,Unknown,false,1,67.90,67.90,true,1,
7290008690713,false,נקטר אושן ספריי חמוציות 1 ל,,,נקטר אושן ספריי 1 ל,מיליליטרים,1000.00,"100 מ""ל",false,1,13.90,1.39,true,1,
7290008693134,false,דניאלה תות 88 גרם,,,דניאלה תות 88 גרם,גרמים,88.00,100 גרם,false,1,4.30,4.89,true,1,
7290008745239,false,תפוציפס אקסטרא טבעי 50 גרם,,,תפוציפס אקסטרא טבעי,גרמים,50.00,100 גרם,false,1,4.90,9.80,true,1,
7290008747547,false,תפוציפס קראנץ טבעי 200 גרם,,,תפוציפס קראנץ טבעי 2,גרמים,200.00,100 גרם,false,1,10.90,5.45,true,1,
7290008752244,false,תפוציפס קראנצי גריל 50 גרם,,IL,תפוציפס קראנצי גריל,גרמים,50.00,100 גרם,false,1,4.90,9.80,true,1,
7290008753111,false,תפוציפס קראנצי מקסיקני 50 גרם,,,תפוציפס קראנצי מקסיק,גרמים,50.00,100 גרם,false,1,4.90,9.80,true,1,
7290008753364,false,דוריטוס גריל 55 גר,,,דוריטוס גריל 55 גר,גרמים,55.00,100 גרם,false,1,4.30,7.82,true,1,
7290008757034,false,שוופס סודה 250 מל זכוכית,,,"שוופס סודה 250 מ""ל ז",מיליליטרים,250.00,"100 מ""ל",false,1,4.90,1.96,true,1,
7290008776028,false,המבורגר קלאסי קפוא,,,המבורגר קלאסי קפוא,גרמים,300.00,100 גרם,false,0,31.50,10.50,true,1,
7290008802291,false,"יין מרלו אדום יבש 750 מ""ל PRIVATE",,,יין מרלו אדום יבש 75,Unknown,0.00,Unknown,false,1,42.90,42.90,true,1,
7290008802895,false,"קברנה סובניון אדום יבש 750 מ""ל",,,קברנה סובניון אדום י,Unknown,0.00,Unknown,false,1,42.90,42.90,true,1,
7290008835992,false,פילה נסיכת הנילוס קפוא בלדי,,,פילה נסיכת הנילוס,Unknown,0.00,"ק""ג",true,0,78.90,78.90,true,1,
7290008846219,false,שמן זית כתית מעולה 750 מל,,,שמן זית כתית מעולה 7,מיליליטרים,750.00,"100 מ""ל",false,1,43.90,5.85,true,1,
7290008909853,false,"קוקה קולה 500  מ""ל ZERO",,,"קוקה קולה 500  מ""ל Z",מיליליטרים,500.00,"100 מ""ל",false,1,8.50,1.70,true,1,
7290008925853,false,פילה מרלוזה,,,פילה מרלוזה,Unknown,0.00,"ק""ג",true,0,36.90,36.90,true,1,
7290008961127,false,טושיונקה בקר רוסית 400 גרם,,,טושיונקה בקר רוסית 4,גרמים,400.00,100 גרם,false,1,25.10,6.28,true,1,
7290008961158,false,"מעדן -קונפיטורה דובדבן 1.25 ק""ג",,UA,מעדן -קונפיטורה דובד,קילוגרמים,0.00,"ק""ג",false,1,38.50,38.50,true,1,
7290008961189,false,טושיונקה בקר פיקנטית 400 גרם,,,טושיונקה בקר פיקנטית,גרמים,400.00,100 גרם,false,1,25.10,6.28,true,1,
7290008961585,false,כוסמת פוסולסקי דבור 800 גר,,IL,כוסמת פוסולסקי דבור,גרמים,800.00,100 גרם,false,1,14.60,1.83,true,1,
7290008981279,false,זעתר ביתי נחלה 100 גרם,,,זעתר ביתי נחלה 100 ג,גרמים,100.00,100 גרם,false,1,12.90,12.90,true,1,
7290010002030,false,כמון 100 גרם,,,כמון 100 גרם,גרמים,100.00,100 גרם,false,1,12.90,12.90,true,1,
7290010002061,false,פלפל לבן טחון 100 גרם,,,פלפל לבן טחון 120 גר,גרמים,100.00,100 גרם,false,1,19.90,19.90,true,1,
7290010002078,false,פלפל שחור טחון 100 גרם,,,פלפל שחור טחון 120 ג,גרמים,100.00,100 גרם,false,1,16.90,16.90,true,1,
7290010002092,false,פלפל שחור גס דק 90 גרם,,,פלפל שחור גס דק 90 ג,גרמים,90.00,100 גרם,false,1,16.90,18.78,true,1,
7290010002122,false,פפריקה הונגרית מתוקה 100 גרם,,,פפריקה הונגרית מתוקה,גרמים,100.00,100 גרם,false,1,12.90,12.90,true,1,
7290010002146,false,פפריקה מרוקאית מתוקה 100 גרם,,,פפריקה מרוקאית מתוקה,גרמים,100.00,100 גרם,false,1,12.90,12.90,true,1,
7290010002191,false,מקלות קינמון 50 גרם,,,מקלות קינמון 50 גרם,גרמים,50.00,100 גרם,false,1,12.90,25.80,true,1,
7290010002207,false,קינמון טחון 100 גרם,,,קינמון טחון 100 גרם,גרמים,100.00,100 גרם,false,1,10.50,10.50,true,1,
7290010002214,false,צילי מקסיקני גרוס 70 גרם,,,צילי מקסיקני גרוס 70,Unknown,0.00,Unknown,false,1,12.90,12.90,true,1,
7290010002290,false,תערובת לשווארמה טורקית  100 גרם,,,תערובת לשווארמה טורק,גרמים,100.00,100 גרם,false,1,12.90,12.90,true,1,
7290010002320,false,תבלין גריל עוף 100 גרם,,,תבלין גריל עוף 130 ג,גרמים,100.00,100 גרם,false,1,12.90,12.90,true,1,
7290010002368,false,תערובת חווג למרק 100 גרם,,,תערובת חווג למרק 100,גרמים,100.00,100 גרם,false,1,12.90,12.90,true,1,
7290010002382,false,אורגנו 40 גרם,,,אורגנו 40 גרם,Unknown,0.00,Unknown,false,1,10.50,10.50,true,1,
7290010002399,false,בזיליקום -ריחן 40 גרם,,,בזיליקום -ריחן 40 גר,Unknown,0.00,Unknown,false,1,10.50,10.50,true,1,
7290010002443,false,רוזמרין 40 גרם,,,רוזמרין 40 גרם,Unknown,0.00,Unknown,false,1,10.50,10.50,true,1,
7290010002481,false,שום טחון 100 גרם,,,שום טחון 100 גרם,גרמים,100.00,100 גרם,false,1,16.40,16.40,true,1,
7290010002498,false,שום גבישי 120 גרם,,,שום גבישי 120 גרם,גרמים,120.00,100 גרם,false,1,16.40,13.67,true,1,
7290010003754,false,כמון חטון 50 גרם שקית,,,כמון טחון 50 גרם,Unknown,0.00,Unknown,false,1,6.90,6.90,true,1,
7290010003822,false,פפריקה חריפה  80 גרם שקית,,,פפריקה חריפה  80 גרם,Unknown,0.00,Unknown,false,1,6.90,6.90,true,1,
7290010023141,false,לימונענע 25 שקיקים גן קסום,,,לימונענע 25 שקיקים,Unknown,0.00,Unknown,false,1,19.90,19.90,true,1,
7290010116980,false,שוקולית 850 גרם,,,שוקולית 850 גרם,גרמים,850.00,100 גרם,false,1,20.50,2.41,true,1,
7290010117857,false,דוריטוס חמוץ אש 55 גרם-,,IL,דוריטוס חריף אש 55 ג,גרמים,55.00,100 גרם,false,1,4.30,7.82,true,1,
7290010119950,false,דוריטוס חמוץ חריף 55 גרם-סטריפ,,,דוריטוס חמוץ חריף 55,גרמים,55.00,100 גרם,false,1,4.30,7.82,true,1,
7290010154425,false,סחוג ירוק 120 גר,,,סחוג ירוק 120 גר,גרמים,120.00,100 גרם,false,1,10.90,9.08,true,1,
7290010154685,false,שום כתוש 250 גר,,,סלט שום כתוש 250 גר,גרמים,250.00,100 גרם,false,1,15.90,6.36,true,1,
7290010163069,false,צנובר 100 גרם ששון הקולה,,,צנובר 100 גרם ששון ו,גרמים,100.00,100 גרם,false,1,29.90,29.90,true,1,
7290010237548,false,"פפסי מקס דל קלוריות 500 מ""ל בקבוק",,,פפסי מקס דל קלוריות,מיליליטרים,500.00,"100 מ""ל",false,1,4.90,0.98,true,1,
7290010237685,false,"בירה הייניקן 330 מ""ל פחית",,,"בירה הייניקן 330 מ""ל",מיליליטרים,330.00,"100 מ""ל",false,1,10.90,3.30,true,1,
7290010237890,false,"היינקן בק חוזר 500 מ""ל",,,"בירה היינקן  500 מ""ל",מיליליטרים,500.00,"100 מ""ל",false,1,9.90,1.98,true,1,
7290010259830,false,מרק עם נודלס סיני פיקנטי מנת השף 70 גר,,,מרק עם נודלס סיני פי,גרמים,70.00,100 גרם,false,1,6.00,8.57,true,1,
7290010259977,false,שמן קנולה וילי פוד 1 ליטר,,,שמן קנולה וילי פוד 1,מיליליטרים,1000.00,"100 מ""ל",false,1,12.90,1.29,true,1,
7290010429554,false,שמן זית כתית מעולה 2 קלאסי 750 יד מרדכי,,,שמן זית כתית מעולה 2,מיליליטרים,750.00,"100 מ""ל",false,1,37.90,5.05,true,1,
7290010582037,false,חטיף פלפלון,,,חטיף פלפלון,Unknown,0.00,Unknown,false,1,9.90,9.90,true,1,
7290010650019,false,אנדי בלגי,,,אנדי בלגי,Unknown,0.00,Unknown,false,1,13.90,13.90,true,1,
7290010650033,false,בצלצלי שאלוט,,,בצלצלי שאלוט,Unknown,0.00,Unknown,false,1,9.90,9.90,true,1,
7290010766185,false,רוטב פסטה עגבניות בזיליקום 420 גרם,,,רוטב פסטה עגבניות בז,גרמים,420.00,100 גרם,false,1,14.90,3.55,true,1,
7290010766307,false,רוטב לפסטה בולונז 420 גרם,,,רוטב לפסטה בולונז 42,גרמים,420.00,100 גרם,false,1,14.90,3.55,true,1,
7290010766956,false,ממרח פלפ גמבה אוליביה 190 גר,,,ממרח פלפ גמבה,גרמים,190.00,100 גרם,false,1,14.90,7.84,true,1,
7290010777006,false,מארז לחמניות כוסמין 360 גרם,,IL,מארז לחמניות כוסמים,גרמים,360.00,100 גרם,false,1,16.90,4.69,true,1,
7290010777051,false,מארז לחמניות המבורגר 5 יח,,,מארז לחמניות המבורגר,Unknown,0.00,Unknown,false,1,15.90,15.90,true,1,
7290010777068,false,מארז לחמניות מתוקות/קלועות 5 יח,,,מארז לחמניות מתוקות/,Unknown,0.00,Unknown,false,1,15.90,15.90,true,1,
7290010777136,false,לחמנייה שמיניה 5 יח,,,לחמניה קלועה 5 יח,Unknown,0.00,Unknown,false,1,15.50,15.50,true,1,
7290010777150,false,פיתה בריבוע חיטה מלאה 8 יח,,,פיתה בריבוע חיטה מלא,Unknown,0.00,Unknown,false,1,17.90,17.90,true,1,
7290010777297,false,פיתה ביס לבן,,,פיתה ביס לבן,גרמים,500.00,100 גרם,false,1,17.90,3.58,true,1,
7290010777358,false,מארז שמיניית פיתות 100% כוסמין מלא,,,מארז שמיניית פיתות 1,גרמים,400.00,100 גרם,false,1,17.90,4.48,true,1,
7290010777488,false,מארז פיתות 100% מחמצת קמח מלא 500 גרם,,IL,מארז פיתות 100% מחמצ,גרמים,500.00,100 גרם,false,1,18.90,3.78,true,1,
7290010777525,false,מארז פיתות כוסמין 6 יח,,,מארז פיתות כוסמין 6,Unknown,0.00,Unknown,false,1,19.90,19.90,true,1,
7290010883370,false,כפפות אלוורה סנו סושי גדול בינוני,,,כפפות אלוורה סנו סוש,Unknown,0.00,Unknown,false,1,12.20,12.20,true,1,
7290010970179,false,דבש פרחי בר טעמים 350 גרם,,,דבש פרחי בר טעמים,גרמים,350.00,100 גרם,false,1,18.20,5.20,true,1,
7290010970186,false,דבש פרחי בר טעמים 1 קג,,,דבש פרחי בר טעמים 1,קילוגרמים,0.00,"ק""ג",false,1,54.90,54.90,true,1,
7290010970254,false,חומץ טעמים יין לבן,,,חומץ טעמים יין לבן,מיליליטרים,500.00,"100 מ""ל",false,1,15.90,3.18,true,1,
7290010970438,false,שמן זית כתית מעולה  זן סורי 750 מל,,,שמן זית כתית מעולה,מיליליטרים,750.00,"100 מ""ל",false,1,46.40,6.19,true,1,
7290010970582,false,רוטב סויה 350 מל,,,רוטב סויה 350 מל,מיליליטרים,350.00,"100 מ""ל",false,1,13.70,3.91,true,1,
7290010970742,false,ממרח פסטו פלפלים אמיתי 180 גרם,,,ממרח פסטו פלפלים אמי,גרמים,180.00,100 גרם,false,1,14.90,8.28,true,1,
7290011017866,false,"פחית סליק ק""ק 330 מ""ל",,,"פחית סליק ק""ק 330 מ""",מיליליטרים,330.00,"100 מ""ל",false,1,5.90,1.79,true,1,
7290011017873,false,"פחית סליק זירו 330 מ""ל",,,פחית סליק זירו 330 מ,מיליליטרים,330.00,"100 מ""ל",false,1,5.90,1.79,true,1,
7290011017880,false,"פחית סליק ד. ק""ק 330 מ""ל",,,"פחית סליק ד. ק""ק 330",מיליליטרים,330.00,"100 מ""ל",false,1,5.90,1.79,true,1,
7290011018443,false,"סליק פאנטה אורנג 330 מ""ל",,,סליק פאנטה אורנג 330,מיליליטרים,330.00,"100 מ""ל",false,1,5.90,1.79,true,1,
7290011051433,false,שוופס מוגז עדין אפרסק  0.5 ליטר,,,שוופס מוגז עדין אפרס,מיליליטרים,500.00,"100 מ""ל",false,1,7.90,1.58,true,1,
7290011064099,false,טאפס שכונתי 125 גר,,,טאפס שכונתי 125 גר,גרמים,125.00,100 גרם,false,1,22.90,18.32,true,1,
7290011065423,false,מלח ים מטחנה 130 גרם,,,מלח ים מטחנה 130 גרם,גרמים,130.00,100 גרם,false,1,19.90,15.31,true,1,
7290011126209,false,תה תפוח וקינמון 25 שק הגן הקסום,,,תה תפוח וקינמון 25 ש,גרמים,115.00,100 גרם,false,1,19.90,17.30,true,1,
7290011126469,false,חליטת קמומיל ודבש 25 שקיקים גן קסום,,,חליטת קמומיל ודבש 25,Unknown,0.00,Unknown,false,1,19.90,19.90,true,1,
7290011131968,false,"גרנולה אגוזים 1 ק""ג",,,"גרנולה אגוזים 1 ק""ג",קילוגרמים,0.00,"ק""ג",false,1,32.30,32.30,true,1,
7290011132507,false,מים סאן בנדטו מוגז עדין 500 מל,,,סאן בנדטו מוגז 50 מל,מיליליטרים,500.00,"100 מ""ל",false,1,4.90,0.98,true,1,
7290011142001,false,לחם דואט 550 גר,,,לחם דואט 550 גר,גרמים,550.00,100 גרם,false,1,13.90,2.53,true,1,
7290011142025,false,לחם שיפון אוקראינסקי 630 גר,,,לחם שיפון אוקראינסקי,גרמים,630.00,100 גרם,false,1,13.90,2.21,true,1,
7290011142148,false,מארז שישית לחמניות,,,מארז שישית לחמניות,גרמים,450.00,100 גרם,false,1,13.90,3.09,true,1,
7290011142193,false,4 לחמניות מתוקות,,,4 לחמניות מתוקות,Unknown,0.00,Unknown,false,1,13.90,13.90,true,1,
7290011142650,false,לחם 100% שיפון 900 גר,,,לחם 100% שיפון 900 ג,גרמים,900.00,100 גרם,false,1,18.90,2.10,true,1,
7290011148898,false,גבעולי ברוקולי משקל 400 גר,,,גבעולי ברוקולי 400 ג,קילוגרמים,0.00,"ק""ג",false,1,14.90,14.90,true,1,
7290011148935,false,מלפפון בייבי,,,מלפפון בייבי,Unknown,0.00,Unknown,false,1,14.90,14.90,true,1,
7290011194246,false,קוטג 5% 250 גר,,,קוטג 5% 250 גר,גרמים,250.00,100 גרם,false,1,5.90,2.36,true,1,
7290011235024,false,רוזמרין,,,רוזמרין,Unknown,0.00,Unknown,false,1,5.90,5.90,true,1,
7290011235031,false,בזיליקום,,,רוקולה,Unknown,0.00,Unknown,false,1,5.90,5.90,true,1,
7290011235055,false,בזיליקום,,,בזיליקום,Unknown,0.00,Unknown,false,1,5.90,5.90,true,1,
7290011235062,false,עירית,,,עירית,Unknown,0.00,Unknown,false,1,5.90,5.90,true,1,
7290011235079,false,רוזמרין,,,קורנית,Unknown,0.00,Unknown,false,1,5.90,5.90,true,1,
7290011235109,false,מרווה,,,מרווה,Unknown,0.00,Unknown,false,1,5.90,5.90,true,1,
7290011438142,false,"משקה חלב בטעם קפה 350מ""ל בקבוק",,IL,משקה חלב בטעם קפה,מיליליטרים,350.00,"100 מ""ל",false,1,7.30,2.09,true,1,
7290011447748,false,סופר-קט 3 קג בטעם אוקיאנוס וטונה,,,סופר קט מזון לחתולים,קילוגרמים,0.00,"ק""ג",false,1,49.90,49.90,true,1,
7290011447908,false,סופר-קט 3 קג בטעם עוף כבד,,,סופר קט מזון לחתולים,קילוגרמים,0.00,"ק""ג",false,1,39.90,39.90,true,1,
7290011499051,false,פטה כבשים מסורתית  250 גר,,,פטה כבשים מסורתית  2,גרמים,250.00,100 גרם,false,1,28.90,11.56,true,1,
7290011499105,false,בולגרית 5% 250גר,,,בולגרית 5% 250גר,גרמים,250.00,100 גרם,false,1,26.90,10.76,true,1,
7290011499112,false,בולגרית 16% 250גר,,,בולגרית 16% 250גר,גרמים,250.00,100 גרם,false,1,24.90,9.96,true,1,
7290011499129,false,קוביות בולגרית מעודנת  5% 200 גר,,,קוביות בולגרית מעודנ,גרמים,200.00,100 גרם,false,1,24.90,12.45,true,1,
7290011499303,false,גבינה בולגרית מעודנת עיזים 5% 250 גר,,,גבינה בולגרית מעודנת,גרמים,250.00,100 גרם,false,1,33.50,13.40,true,1,
7290011499341,false,קשקאבל ארוז 200 גר,,IL,קשקאבל ארוז 200 גר,גרמים,200.00,100 גרם,false,1,29.90,14.95,true,1,
7290011499358,false,גבינת פטה עיזים 200 גר,,,גבינת פטה עיזים 200,גרמים,200.00,100 גרם,false,1,31.90,15.95,true,1,
7290011499365,false,גבינת חלומי 200 גר,,,גבינת חלומי 200 גר,גרמים,200.00,100 גרם,false,1,24.90,12.45,true,1,
7290011499419,false,גבינת במרקם שמנת 5% טבעי 200 גר,,,גבינה במרקם שמנת 5%,גרמים,200.00,100 גרם,false,1,12.90,6.45,true,1,
7290011499624,false,גבינת שמנת 30% טבעי 200 גר,,,גבינת שמנת 30% טבעי,גרמים,200.00,100 גרם,false,1,13.40,6.70,true,1,
7290011499853,false,גבינת שמנת זיתים 30% 200 גר,,,גבינת שמנת זיתים 30%,גרמים,200.00,100 גרם,false,1,13.40,6.70,true,1,
7290011501617,false,חמוציות ברכז תפוחים ללא סוכר 250 גרם,,,חמוציות תפוחים ללא ס,גרמים,250.00,100 גרם,false,1,19.90,7.96,true,1,
7290011502867,false,גרנולה אגוזים 500 גרם שקדיה,,,גרנולה אגוזים 500 גר,גרמים,500.00,100 גרם,false,1,16.50,3.30,true,1,
7290011515911,false,מאגדת לייט ריבת חלב 6יח,,,מאגדת לייט ריבת חלב,Unknown,0.00,Unknown,false,1,32.90,32.90,true,1,
7290011644000,false,מקלות תירס ממותקים 80 גרם,,,מקלות תירס ממותקים 8,גרמים,90.00,100 גרם,false,1,5.70,6.33,true,1,
7290011923068,false,גבינה פרוסות צהובה קלאסית טבעוני 200 ג,,GR,גבינה פרוסות צהובה ק,גרמים,200.00,100 גרם,false,1,21.90,10.95,true,1,
7290011923082,false,גבינה פרוסות בסגנון מוצרלה טבעוני 200 ג,,GR,גבינה פרוסות בסגנון,גרמים,200.00,100 גרם,false,1,21.90,10.95,true,1,
7290011923211,false,"שמן זית אורגני 750 מ""ל ליב",,,שמן זית אורגני 750 מ,גרמים,750.00,100 גרם,false,1,59.90,7.99,true,1,
7290011923273,false,טופו אורגני 300 גרם ליב,,,טופו אורגני 300 גרם,גרמים,300.00,100 גרם,false,1,13.90,4.63,true,1,
7290011923303,false,טופו טבעי ליב 300 גר,,,טופו טבעי ליב 300 גר,גרמים,300.00,100 גרם,false,1,11.90,3.97,true,1,
7290011947309,false,זית סורי מבוקע עם לימון כבוש זיתא 220 גר,,,זית סורי מבוקע עם לי,גרמים,220.00,100 גרם,false,1,14.90,6.77,true,1,
7290011947316,false,זיתי קלמטה  215 גרם,,,זיתי קלמטה  215 גרם,גרמים,215.00,100 גרם,false,1,14.90,6.93,true,1,
7290011947521,false,"שמן זית כתית מעולה מודגש זיתא 750 מ""ל",,IL,שמן זית כתית מעולה מ,מיליליטרים,750.00,"100 מ""ל",false,1,36.90,4.92,true,1,
7290011947743,false,מיקס זיתים זיתא 215 גרם,,IL,מיקס זיתים זיתא 215,גרמים,215.00,100 גרם,false,1,14.90,6.93,true,1,
7290011947781,false,מיקס זית ירוק/קלמטה ללא גלעין זיתא 190 ג,,IL,מיקס זית ירוק/קלמטה,גרמים,190.00,100 גרם,false,0,14.90,7.84,true,1,
7290011947798,false,זית קלמטה ללא גלעין זיתא 190 גר,,IL,זית קלמטה ללא גלעין,גרמים,190.00,100 גרם,false,0,14.90,7.84,true,1,
7290011947873,false,זית קלמטה בפח 440 גר,,IL,זית קלמטה בפח 440 גר,גרמים,440.00,100 גרם,false,1,21.90,4.98,true,1,
7290012019401,false,מיץ דובדבן 100% 1 ליטר תוצרת גרוזיה,,,מיץ דובדבן 100% 1 לי,מיליליטרים,1000.00,"100 מ""ל",false,1,22.90,2.29,true,1,
7290012022050,false,פריכיות חיטה מלאה 100 גרם,,,פריכיות חיטה מלאה,גרמים,100.00,100 גרם,false,1,13.90,13.90,true,1,
7290012022067,false,קריספיות קידס,,IL,קריספיות קידס 30 גרם,גרמים,30.00,100 גרם,false,1,10.90,36.33,true,1,
7290012052194,false,רפאל-גרנולה פירות יער וקשיו 350 גר,,,רפאל-גרנולה פירות יע,גרמים,350.00,100 גרם,false,1,17.90,5.11,true,1,
7290012052323,false,"גרנולה מוזלי מיקס לא קלוי 1 ק""ג",,,גרנולה מוזלי מיקס לא,גרמים,1000.00,100 גרם,false,1,30.90,3.09,true,1,
7290012159275,false,מיונז אמיתי 430 גרם LINA,,,מיונז אמיתי 430 גרם,גרמים,430.00,100 גרם,false,1,11.00,2.56,true,1,
7290012245183,false,ציפס קריספי קלאסי 700 גרם,,IL,ציפס קריספי קלאסי 70,גרמים,700.00,100 גרם,false,1,22.90,3.27,true,1,
7290012245275,false,"גולד ציפס בטטה קריספי 1 ק""ג",,IL,גולד ציפס בטטה קריספ,גרמים,1000.00,100 גרם,false,1,31.90,3.19,true,1,
7290012251047,false,קבנוס כפרי 250 גרם מזרע,,,קבנוס כפרי 250 גרם,גרמים,250.00,100 גרם,false,1,18.90,7.56,true,1,
7290012251146,false,מיני קופצקי סרוולט 280 גרם,,,מיני קופצקי סרוולט,גרמים,280.00,100 גרם,false,1,33.50,11.96,true,1,
7290012251160,false,מיני קרמליובסקי סרוולט 350 גר,,,מיני קרמליובסקי,גרמים,350.00,100 גרם,false,1,37.90,10.83,true,1,
7290012251177,false,מיני סרוולט איטלקי 400 גר,,,מיני סרוולט איטלקי,גרמים,400.00,100 גרם,false,1,49.90,12.48,true,1,
7290012251276,false,תיק בד טיב טעם,,,תיק רב פעמי ממוחזר,Unknown,0.00,Unknown,false,1,5.90,5.90,true,1,
7290012251313,false,גיוזה בטטה 320 גר קפוא מזרע,,,גיוזה בטטה 320 גר,גרמים,320.00,100 גרם,false,1,36.90,11.53,true,1,
7290012251320,false,גיוזה בקר 320 גר קפוא מזרע,,,גיוזה בקר 320 גר,גרמים,320.00,100 גרם,false,1,36.90,11.53,true,1,
7290012251344,false,דים סאם ירקות ואורז 360 גר,,,דים סאם ירקות ואורז,גרמים,360.00,100 גרם,false,1,44.90,12.47,true,1,
7290012251429,false,קרפלך בשר לבן מזרע 600 גר,,,קרפלך בשר לבן מזרע,גרמים,600.00,100 גרם,false,1,27.20,4.53,true,1,
7290012251474,false,שרימפס מקולף 500 גר קפוא XL,,,שרימפס מקולף 500 גר,גרמים,500.00,100 גרם,false,1,51.50,10.30,true,1,
7290012251481,false,שרימפס מקולף 500 גר קפוא L,,,שרימפס מקולף 500 גר,גרמים,500.00,100 גרם,false,1,52.50,10.50,true,1,
7290012251498,false,שרימפס מקולף 500 גר קפוא M,,,שרימפס מקולף 500 גר,גרמים,500.00,100 גרם,false,1,52.50,10.50,true,1,
7290012251535,false,שרימפס מבושל 750 גר קפוא,,,שרימפס מבושל קפוא,גרמים,750.00,100 גרם,false,1,61.90,8.25,true,1,
7290012251672,false,חמאה צרפתית 200 גר,,,חמאה צרפתית 200 גר,גרמים,200.00,100 גרם,false,1,7.80,3.90,true,1,
7290012251726,false,מזרע קרפלך הודו מתכון סבתא 600 גר,,,מזרע קרפלך הודו 600ג,גרמים,600.00,100 גרם,false,1,33.50,5.58,true,1,
7290012251757,false,קרפלך תפוחי אדמה 600 גר,,,קרפלך תפוחי אדמה 600,גרמים,600.00,100 גרם,false,1,23.00,3.83,true,1,
7290012252891,false,נקניקיות אוסטריות מצוננות 600 גרם,,IL,נקניקיות אוסטריות מצ,גרמים,600.00,100 גרם,false,1,32.90,5.48,true,1,
7290012252914,false,נקניקיות בלקניות מצוננות 600 גרם,,IL,נקניקיות בלקניות מצו,גרמים,600.00,100 גרם,false,1,25.90,4.32,true,1,
7290012309311,false,ערמונים קלופים שלמים 100 גר,,,ערמונים קלופים שלמים,גרמים,100.00,100 גרם,false,1,5.90,5.90,true,1,
7290012309939,false,חלבה מסולסלת 500 גרם,,,חלבה מסולסלת 500 גרם,גרמים,500.00,100 גרם,false,1,18.90,3.78,true,1,
7290012522581,false,שניצל תירס טבעול ללא גלוטן 664 גר,,,שניצל תירס טבעול ללא,גרמים,664.00,100 גרם,false,1,38.50,5.80,true,1,
7290012642692,false,קוקטייל פירות בכוסות פלס. רביעיות 113 גר,,,קוקטייל פירות בכוסות,גרמים,113.00,100 גרם,false,1,13.90,12.30,true,1,
7290012642883,false,פלפלונים צהוב בחומץ חריץ 530 גר,,,פלפלונים צהוב בחומץ,גרמים,530.00,100 גרם,false,1,17.40,3.28,true,1,
7290012759666,false,משפחתית בראוניז תמר שוקולד פקאן ופולי קק,,IL,משפחתית בראוניז תמר,גרמים,240.00,100 גרם,false,1,29.90,12.46,true,1,
7290012864001,false,נבטי חמניה,,,נבטי חמניה,Unknown,0.00,Unknown,false,1,14.90,14.90,true,1,
7290012864032,false,נבטוטים,,,נבטוטים,Unknown,0.00,Unknown,false,1,11.90,11.90,true,1,
7290012936838,false,הל טחון 35 גרם,,,הל טחון 35 גרם,Unknown,0.00,Unknown,false,1,19.90,19.90,true,1,
7290012936944,false,תבלינים אגוז מוסקט טחון 40 גרם,,,תבלינים אגוז מוסקט ט,Unknown,0.00,Unknown,false,1,16.40,16.40,true,1,
7290012958014,false,ביצי דגים 113 גר זכוכית,,,ביצי דגים 113 גר זכו,גרמים,113.00,100 גרם,false,1,57.90,51.24,true,1,
7290012958052,false,ביצי דגים 250 גר בזכוכית,,,ביצי דגים 250 גר בזכ,גרמים,250.00,100 גרם,false,1,146.90,58.76,true,1,
7290012975172,false,כוסות פלסטיק  100 יח,,,כוסות פלסטיק  100 יח,Unknown,0.00,Unknown,false,1,11.60,11.60,true,1,
7290012983160,false,סילאן בקבוק לחיץ תמר,"חצר כנרת מוצרי תמר אגש""ח",IL,סילאן בקבוק לחיץ תמר,גרמים,400.00,100 גרם,false,1,12.90,3.23,true,1,
7290013089809,false,פילה אמנון קפוא במשקל,,,פילה אמנון קפוא,Unknown,0.00,"ק""ג",true,0,37.90,37.90,true,1,
7290013117427,false,בצק פריך מלוח 900 גר מעדנות,,,בצק פריך מלוח 900 גר,גרמים,900.00,100 גרם,false,1,27.50,3.06,true,1,
7290013144232,false,פודינג וניל 85 גר,,,פודינג וניל 85 גר,גרמים,85.00,100 גרם,false,1,6.60,7.76,true,1,
7290013144409,false,"תמצית רום 50 מ""ל",,,"תמצית רום 50 מ""ל",מיליליטרים,50.00,"100 מ""ל",false,1,5.50,11.00,true,1,
7290013145192,false,שומשום 100 גר,,,שומשום 100 גר,גרמים,100.00,100 גרם,false,1,5.90,5.90,true,1,
7290013145406,false,שוקולד ציפס לבן 250 גר,,,שוקולד ציפס לבן 250,גרמים,250.00,100 גרם,false,1,10.90,4.36,true,1,
7290013145444,false,שוקולד ציפס 66% 250 גרם מימונס,,,שוקולד ציפס 66% 250,גרמים,250.00,100 גרם,false,1,17.90,7.16,true,1,
7290013145840,false,סוכר וניל 10 יח בצלופן,,,סוכר וניל 10 יח בצלו,Unknown,0.00,Unknown,false,1,2.70,2.70,true,1,
7290013145864,false,גלטין טהור אבקה 28 גר,,,גלטין טהור אבקה 28 ג,גרמים,28.00,100 גרם,false,1,12.90,46.07,true,1,
7290013145918,false,אבקת סוכר 100 גר,,,אבקת סוכר 100 גר,גרמים,100.00,100 גרם,false,1,2.00,2.00,true,1,
7290013145963,false,שמרים יבשים בואקום 125 גרם,,,שמרים יבשים בואקום 1,גרמים,125.00,100 גרם,false,1,6.60,5.28,true,1,
7290013145970,false,קורנפלור 200 גרם,,,קורנפלור 200 גרם,גרמים,200.00,100 גרם,false,1,4.20,2.10,true,1,
7290013153432,false,"פריגת סחוט לימונע 400 מ""ל",,IL,פריגת סחוט לימונע 40,מיליליטרים,400.00,"100 מ""ל",false,1,10.90,2.73,true,1,
7290013187154,false,מזרע קרפלך טלה מתכון סבתא 600 גר,,,קרפלך כבש מתכון סבתא,גרמים,600.00,100 גרם,false,1,31.50,5.25,true,1,
7290013187482,false,"אוזו פלומארי 700 מ""ל במארז כוס גבוה",,,"אוזו פלומארי 700 מ""ל",מיליליטרים,700.00,"100 מ""ל",false,1,87.90,12.56,true,1,
7290013187765,false,ברוקולי טבעפרוסט 800 גר,,,ברוקולי טבעפרוסט 800,גרמים,800.00,100 גרם,false,1,19.90,2.49,true,1,
7290013187772,false,אפונה ירוקה עדינה טבעפרוסט 800 גר,,,אפונה ירוקה עדינה טב,גרמים,800.00,100 גרם,false,1,19.90,2.49,true,1,
7290013187789,false,אפונה ירוקה טבעפרוסט 800 גר,,,אפונה ירוקה טבעפרוסט,גרמים,800.00,100 גרם,false,1,16.70,2.09,true,1,
7290013187796,false,שעועית ירוקה שלמה טבעפרוסט 800 גר,,,שעועית ירוקה שלמה טב,גרמים,800.00,100 גרם,false,1,16.90,2.11,true,1,
7290013187802,false,שעועית ירוקה עדינה טבעפרוסט 800 גר,,,שעועית ירוקה עדינה ט,גרמים,800.00,100 גרם,false,1,16.90,2.11,true,1,
7290013187819,false,שעועית ירוקה חתוכה טבעפרוסט 800 גר,,,שעועית ירוקה חתוכה ט,גרמים,800.00,100 גרם,false,1,16.90,2.11,true,1,
7290013187826,false,כרוב ניצנים טבעפרוסט 800 גר,,,כרוב ניצנים טבעפרוסט,גרמים,800.00,100 גרם,false,1,16.90,2.11,true,1,
7290013187857,false,תרד טבעפרוסט 800 גר,,,תרד טבעפרוסט 800 גר,גרמים,800.00,100 גרם,false,1,16.90,2.11,true,1,
7290013187864,false,נקניקיות שפיקצקי 600 גרם,,,נקניקיות שפיקצקי,גרמים,600.00,100 גרם,false,1,44.90,7.48,true,1,
7290013215017,false,פיטריות דואט,,,פיטריות דואט,Unknown,0.00,Unknown,false,1,19.90,19.90,true,1,
7290013310385,false,כפפות ניטרל M כחולות ללא אבקה 80 יח,,,כפפות ניטרל M כחולות,יחידה,1.00,יחידה,false,1,27.90,27.90,true,1,
7290013310392,false,כפפות ניטרל L כחולות ללא אבקה 80 יח,,,כפפות ניטרל L כחולות,יחידה,1.00,יחידה,false,1,27.90,27.90,true,1,
7290013329028,false,"סטיביה 50 מ""ל - כרם",,,"סטיביה 50 מ""ל - כרם",מיליליטרים,50.00,"100 מ""ל",false,1,34.70,69.40,true,1,
7290013329417,false,"סוכר דמררה 1 ק""ג - כרם",,,"סוכר דמררה 1 ק""ג - כ",קילוגרמים,0.00,"ק""ג",false,1,11.40,11.40,true,1,
7290013358356,false,מאסטר שף פירורי לחם מוזהבים 320 גרם,,,מאסטר שף פירורי לחם,גרמים,320.00,100 גרם,false,1,8.30,2.59,true,1,
7290013358363,false,פירורי לחם פנקו 300 גרם מנה,,,פירורי לחם פנקו 300,גרמים,300.00,100 גרם,false,1,13.90,4.63,true,1,
7290013358448,false,מנה קרוטונים לסלט 4 דגנים 200 גרם,,,מנה קרוטונים לסלט 4,גרמים,200.00,100 גרם,false,1,16.50,8.25,true,1,
7290013358523,false,מאסטר שף שבבי בצל מטוגן 150 גרם,,,מאסטר שף שבבי בצל מט,גרמים,150.00,100 גרם,false,1,16.10,10.73,true,1,
7290013366108,false,אספרגוס,,,אספרגוס,Unknown,0.00,Unknown,false,1,34.90,34.90,true,1,
7290013366658,false,חסה סנלובה 200 גר,,,חסה סנלובה 200 גר,גרמים,200.00,100 גרם,false,1,14.90,7.45,true,1,
7290013381088,false,עמבה הודית 500 גרם,,IL,עמבה הודית 500 גרם,גרמים,500.00,100 גרם,false,1,9.90,1.98,true,1,
7290013389381,false,קמח תירס פולנטה 1 קג,,,"קמח תירס פולנטה 1 ק""",גרמים,1000.00,100 גרם,false,1,14.30,1.43,true,1,
7290013430083,false,"בירה אלכסנדר בלונד 330 מ""ל",,,בירה אלכסנדר בלונד 3,מיליליטרים,330.00,"100 מ""ל",false,1,14.90,4.52,true,1,
7290013430090,false,"בירה אלכסנדר אמברה 330 מ""ל",,,בירה אלכסנדר אמברה 3,מיליליטרים,330.00,"100 מ""ל",false,1,14.90,4.52,true,1,
7290013430250,false,"בירה אלכסנדר חיטה ישראלית 330 מ""ל",,,בירה אלכסנדר חיטה יש,מיליליטרים,330.00,"100 מ""ל",false,1,14.90,4.52,true,1,
7290013430304,false,"בירה אלכסנדר גרין 330 מ""ל",,,בירה אלכסנדר גרין 33,מיליליטרים,330.00,"100 מ""ל",false,1,14.90,4.52,true,1,
7290013492005,false,תפוחוני אדמה למיקרוגל,,,תפוחוני אדמה למיקרו,גרמים,700.00,100 גרם,false,1,9.90,1.41,true,1,
7290013531117,false,רוטב לפסטה קידס 260 גר יכין,,,רוטב לפסטה קידס 260,מיליליטרים,260.00,"100 מ""ל",false,1,6.90,2.65,true,1,
7290013531377,false,תורמוס יכין 560 גרם,,,תורמוס יכין 560 גרם,גרמים,560.00,100 גרם,false,1,10.90,1.95,true,1,
7290013542670,false,קערה עגולה בינונית 9,,CN,קערה עגולה בינונית 9,Unknown,1.00,Unknown,false,1,9.90,9.90,true,1,
7290013581648,false,מינוט סטייק 250 גרם,,IL,מינוט סטייק 250 גרם,Unknown,0.00,Unknown,false,1,26.10,26.10,true,1,
7290013585394,false,קוקה קולה 1 ליטר,,,קוקה קולה 1 ליטר,מיליליטרים,1000.00,"100 מ""ל",false,1,7.50,0.75,true,1,
7290013608260,false,מיץ רימונים 100% סחוט טרי פרימור 1 ל,,,מיץ רימונים 100% סחו,מיליליטרים,1000.00,"100 מ""ל",false,1,26.90,2.69,true,1,
7290013608864,false,משקה פירות הדר בתוספת ויטמין C 1 ל,,,משקה פירות הדר בתוספ,מיליליטרים,1000.00,"100 מ""ל",false,1,17.90,1.79,true,1,
7290013713032,false,"בירה  בירה גמס חיטה 330 מ""ל",,,בירה  בירה גמס חיטה,מיליליטרים,330.00,"100 מ""ל",false,1,13.90,4.21,true,1,
7290013713049,false,"בירה גמס 8.8 איל בלגי מחוזקת 330 מ""ל",,,בירה גמס 8.8 איל בלג,מיליליטרים,330.00,"100 מ""ל",false,1,13.90,4.21,true,1,
7290013720436,false,קרפלך בטעם ביתי קפוא 600 גר,,,קרפלך בטעם ביתי קפוא,גרמים,600.00,100 גרם,false,1,21.90,3.65,true,1,
7290013720443,false,קרפלך סבתא עוף קפוא 600 גר,,,קרפלך סבתא עוף קפוא,גרמים,600.00,100 גרם,false,1,30.90,5.15,true,1,
7290013720498,false,פיין שרימפס מבושל 750 גר M,,,פיין שרימפס מבושל,גרמים,750.00,100 גרם,false,1,63.90,8.52,true,1,
7290013720924,false,ממרח פטה אווז 140 גר,,,ממרח פטה אווז 140 גר,גרמים,140.00,100 גרם,false,1,14.90,10.64,true,1,
7290013787392,false,רביולי גבינות 330 גרם,,,רביולי גבינות 330 גר,גרמים,330.00,100 גרם,false,1,28.20,8.55,true,1,
7290013787408,false,רביולי בטטה 330 גרם,,,רביולי בטטה 330 גרם,גרמים,330.00,100 גרם,false,1,28.20,8.55,true,1,
7290013787415,false,רביולי ריקוטה תרד 330 גרם,,,רביולי ריקוטה תרד 33,גרמים,330.00,100 גרם,false,1,28.20,8.55,true,1,
7290013847119,false,סטארקיסט טונה בשמן קנולה 4*160 גר,,VN,טונה סטארקיסט בשמן ק,גרמים,640.00,100 גרם,false,1,25.90,4.05,true,1,
7290013847393,false,ס.ק לייט טונה 4% שומן עשבי תיבול 140 גרם,,,ס.ק לייט טונה 4% שומ,גרמים,140.00,100 גרם,false,1,8.90,6.36,true,1,
7290013847454,false,טונה סטארקיסט שמן קנולה רביעיות 4*160 גר,,,טונה סטארקיסט שמן קנ,גרמים,640.00,100 גרם,false,1,25.90,4.05,true,1,
7290013847553,false,סטארקיסט טונה רביעייה דלת נתרן מים 4*160,,,סטארקיסט טונה 4*160,גרמים,640.00,100 גרם,false,1,25.90,4.05,true,1,
7290013861566,false,אורז לסושי 1 קג,,,"אורז לסושי 1 ק""ג",גרמים,1000.00,100 גרם,false,1,13.50,1.35,true,1,
7290013883407,false,דזיטול מחטא ומשמיד חיידקים-מרסס,,,מרסס דזיטול מחטא ומש,Unknown,0.00,Unknown,false,1,21.50,21.50,true,1,
7290013903044,false,רסק תפוחי עץ אורגני 452 גרם,,,רסק תפוחי עץ אורגני,גרמים,452.00,100 גרם,false,1,17.90,3.96,true,1,
7290013903273,false,אדממה אורגני קפוא 400 גר,,CN,אדממה אורגני קפוא 40,גרמים,400.00,100 גרם,false,1,13.20,3.30,true,1,
7290013903310,false,טופו אורגני 2 יח 500 גר,,IL,טופו אורגני 2 יח 500,גרמים,500.00,100 גרם,false,1,20.90,4.18,true,1,
7290013903327,false,טופו טבעי 2 יח 500 גר,,IL,טופו טבעי 2 יח 500 ג,גרמים,500.00,100 גרם,false,1,18.80,3.76,true,1,
7290013906441,false,קבנוס טירת צבי 120 גר,,,קבנוס טירת צבי 120 ג,גרמים,120.00,100 גרם,false,1,12.90,10.75,true,1,
7290013906458,false,קבנוס בטעם פיקנטי טירת צבי 120 גר,,,קבנוס בטעם פיקנטי טי,גרמים,120.00,100 גרם,false,1,12.90,10.75,true,1,
7290013906489,false,חטיפי קבנוס טירת צבי 120 גר,,,חטיפי קבנוס טירת צבי,גרמים,120.00,100 גרם,false,1,12.90,10.75,true,1,
7290013906496,false,פסטרמה עגל בסגנון רומני טירת צבי 120 גר,,,פסטרמה עגל בסגנון רו,גרמים,120.00,100 גרם,false,1,19.90,16.58,true,1,
7290013906519,false,פרושוטו בקר טירת צבי 100 גר,,,פרושוטו בקר טירת צבי,גרמים,100.00,100 גרם,false,1,34.90,34.90,true,1,
7290014002944,false,גן קסום חליטת םירות וצמחים חמדת שקד 25 ש,,,גן קסום חליטת םירות,Unknown,0.00,Unknown,false,1,19.90,19.90,true,1,
7290014056039,false,"בירה שפירא חיטה 330 מ""ל",,IL,בירה שפירא חיטה 330,מיליליטרים,330.00,"100 מ""ל",false,1,16.90,5.12,true,1,
7290014056053,false,"בירה שפירא אי פי אי 330 מ""ל",,IL,בירה שפירא אי פי אי,מיליליטרים,330.00,"100 מ""ל",false,1,16.90,5.12,true,1,
7290014066373,false,לנדוור קפסולות אספרסו קלאסיק 10 יח,,,לנדוור קפסולות אספרס,Unknown,0.00,Unknown,false,1,17.90,17.90,true,1,
7290014079014,false,לבבות קיסר,,,לבבות קיסר,Unknown,0.00,Unknown,false,1,11.90,11.90,true,1,
7290014079236,false,פטריות פורטבלו,,,פטריות פורטבלו,Unknown,0.00,Unknown,false,1,11.90,11.90,true,1,
7290014094369,false,שקד טבעי  200 גר קופסא ששון הקולה,,,שקד טבעי  200 גר קופ,גרמים,200.00,100 גרם,false,1,23.90,11.95,true,1,
7290014094383,false,משמש 330 גר,,,משמש 330 גר,גרמים,330.00,100 גרם,false,1,28.90,8.76,true,1,
7290014094406,false,צימוק לבן 330 גר,,,צימוק לבן 330 גר,גרמים,330.00,100 גרם,false,1,18.90,5.73,true,1,
7290014094611,false,שקד מולבן פרוס 200 גר,,,שקד מולבן פרוס 200 ג,גרמים,200.00,100 גרם,false,1,31.90,15.95,true,1,
7290014094895,false,אגוזים מלך קלופים 150 גרם ששון הקולה,,,אגוזים מלך קלופים 15,גרמים,150.00,100 גרם,false,1,13.90,9.27,true,1,
7290014095861,false,שיבולת שועל דקה 500 גרם קוואקר,,,שיבולת שועל דקה 500,גרמים,500.00,100 גרם,false,1,7.90,1.58,true,1,
7290014095960,false,שיבולת שועל עבה 500 גרם קוואקר,,,שיבולת שועל עבה 500,גרמים,500.00,100 גרם,false,1,7.90,1.58,true,1,
7290014318434,false,זיתים איטלקיים מזן צריניולה 540 גר BELL,,,זיתים איטלקיים מזן צ,גרמים,540.00,100 גרם,false,1,24.30,4.50,true,1,
7290014435704,false,סלמון מעושן 100 גר,,,סלמון מעושן 100 גר,גרמים,100.00,100 גרם,false,1,25.90,25.90,true,1,
7290014440463,false,"יין מדבר שרדונה  סדרה 22 750 מ""ל",,IL,יין מדבר שרדונה  סדר,מיליליטרים,750.00,"100 מ""ל",false,1,52.90,7.05,true,1,
7290014440470,false,"יין מדבר סוביניון בלאן  סדרה 22 750 מ""ל",,IL,יין מדבר סוביניון בל,מיליליטרים,750.00,"100 מ""ל",false,1,52.90,7.05,true,1,
7290014440487,false,"יקב מדבר סדרה 22 סוביניון 750 מ""ל",,IL,יקב מדבר סדרה 22 סוב,מיליליטרים,750.00,"100 מ""ל",false,1,52.90,7.05,true,1,
7290014440494,false,"יין מדבר רוזה  סדרה 22 750 מ""ל",,IL,יין מדבר רוזה  סדרה,מיליליטרים,750.00,"100 מ""ל",false,1,52.90,7.05,true,1,
7290014440548,false,"יקב מדבר סדרה 22 קברנה פרנק 750 מ""ל",,IL,יקב מדבר סדרה 22 קבר,מיליליטרים,750.00,"100 מ""ל",false,1,52.90,7.05,true,1,
7290014455252,false,גבינה גרנהפדנו מגורד 100 גר,,,גבינה גרנה פדנו,גרמים,100.00,100 גרם,false,1,13.90,13.90,true,1,
7290014466609,false,יין מרלו גמלא 2020 750 מל,,,יין מרלו גמלא 2020 7,Unknown,0.00,Unknown,false,1,69.90,69.90,true,1,
7290014471429,false,"מיזלי עם פירות 1 ק""ג סגול שקדיה",,,"מיזלי עם פירות 1 ק""ג",גרמים,1000.00,100 גרם,false,1,22.90,2.29,true,1,
7290014472136,false,גרעין שחור קלוי 150 ג ששון הקולה,,,גרעין שחור קלוי 150,גרמים,150.00,100 גרם,false,1,5.30,3.53,true,1,
7290014472471,false,גרעינים שחור ענק 200 גר פרימיום,,,גרעיני חמניה קלויים,גרמים,200.00,100 גרם,false,1,7.90,3.95,true,1,
7290014472495,false,קשיו קלוי ענק 250 גר פרימיום ששון הקולה,,,קשיו קלוי ענק 250 גר,גרמים,250.00,100 גרם,false,1,22.90,9.16,true,1,
7290014472501,false,פיסטוק קלוי ענק 250 ג פרימיום ששון הקולה,,,פיסטוק קלוי ענק 250,גרמים,250.00,100 גרם,false,1,24.90,9.96,true,1,
7290014674004,false,קריספ מלח ים ושומשום 300 גרם,,IL,קריספ מלח ים ושומשום,גרמים,300.00,100 גרם,false,0,8.90,2.97,true,1,
7290014692299,false,גבינת ברי 125 גר,,,גבינת ברי 125 גר,גרמים,125.00,100 גרם,false,1,21.90,17.52,true,1,
7290014692541,false,אמה מגורדת 500 גר,,,צהובה מגורדת גולדן 5,גרמים,500.00,100 גרם,false,1,24.90,4.98,true,1,
7290014692749,false,"שמן זית כתית מעולה 750 מ""ל",,ES,שמן זית כתית מעולה 7,מיליליטרים,750.00,"100 מ""ל",false,1,34.90,4.65,true,1,
7290014749245,false,צונגו רצועות שניצל שומשום 600 גרם,,,צונגו רצועות שניצל ש,גרמים,600.00,100 גרם,false,1,39.90,6.65,true,1,
7290014749887,false,שניצל דק ענק קריספ קלאסי 720 גרם,,,שניצל דק ענק קריספ ק,גרמים,720.00,100 גרם,false,1,36.90,5.13,true,1,
7290014758100,false,שמיניית מאגדת BIO יוגורט 3% 150 גרם,,,שמיניית מאגדת BIO,גרמים,150.00,100 גרם,false,1,17.20,11.47,true,1,
7290014758162,false,חלב עיזים מלא 3.6% שומן 1 ליטר,,,חלב עיזים מלא 3.6% ש,מיליליטרים,1000.00,"100 מ""ל",false,1,17.90,1.79,true,1,
7290014759084,false,נפוליאון מופחת שומן 16% 225 גר,,,נפוליאון מופחת שומן,גרמים,225.00,100 גרם,false,1,15.00,6.67,true,1,
7290014759909,false,גבינה פטה עזים פיראוס 5% 250 גרם,,,גבינה פטה עזים פיראו,גרמים,250.00,100 גרם,false,1,30.50,12.20,true,1,
7290014760134,false,מעדן סויה וניל 125 גר,,,מעדן סויה וניל,גרמים,125.00,100 גרם,false,1,4.70,3.76,true,1,
7290014760141,false,משקה שקדים טרי 1 ליטר,,,משקה שקדים טרי 1 ליט,מיליליטרים,1000.00,"100 מ""ל",false,1,14.90,1.49,true,1,
7290014761056,false,יולו שוקולד חלב מעולה 123 גר,,,יולו שוקולד חלב,גרמים,123.00,100 גרם,false,1,5.00,4.07,true,1,
7290014761063,false,יולו שוקולד מריר מעולה 123 גר,,,יולו שוקולד מריר,גרמים,123.00,100 גרם,false,1,5.00,4.07,true,1,
7290014761070,false,YOLO שוקולד לבן מעולה 123 ג,,,YOLO שוקולד לבן מעול,גרמים,123.00,100 גרם,false,1,5.00,4.07,true,1,
7290014762756,false,נפוליאון 16%בטעם בצל 225 גר,,,נפוליאון 16%בטעם בצל,גרמים,225.00,100 גרם,false,1,15.00,6.67,true,1,
7290014762800,false,מעדן סויה שוקולד 125 גר,,,מעדן סויה שוקולד 125,גרמים,125.00,100 גרם,false,1,5.10,4.08,true,1,
7290014762831,false,גבינת שמנת נפוליאו 25% חלפיניו 225 גר,,,גבינת שמנת נפוליאו 2,גרמים,225.00,100 גרם,false,1,15.00,6.67,true,1,
7290014763272,false,משקה סויה ביו תות בננה 250 מל,,,משקה סויה ביו תות בנ,מיליליטרים,250.00,"100 מ""ל",false,1,6.90,2.76,true,1,
7290014791664,false,שישיה מי עדן אישי פקק רגיל 500 מל,,,שישיה מי עדן אישי פק,ליטרים,0.00,ליטר,false,1,11.90,11.90,true,1,
7290014791862,false,"FRUT WATER אפרסק 500 מ""ל",,,FRUT WATER אפרסק 500,מיליליטרים,500.00,"100 מ""ל",false,1,6.90,1.38,true,1,
7290014791879,false,"FRUT WATER אבטיח 500 מ""ל",,,FRUT WATER אבטיח 500,מיליליטרים,500.00,"100 מ""ל",false,1,6.90,1.38,true,1,
7290014860070,false,"מקלות אורז ללא גלוטן 5 מ""מ 454 גרם",,,מקלות אורז ללא גלוטן,גרמים,454.00,100 גרם,false,1,11.90,2.62,true,1,
7290014910461,false,"ערק יודה 700 מ""ל",,IL,"ערק יודה 700 מ""ל",מיליליטרים,700.00,"100 מ""ל",false,1,62.90,8.99,true,1,
7290014910515,false,שימורי  שפרוטים מעושנים בשמן צמחי 250 גר,,,שימורי  שפרוטים מעוש,גרמים,250.00,100 גרם,false,1,13.20,5.28,true,1,
7290015009010,false,"חומץ בן יין אדום 500 מ""ל",,,חומץ בן יין אדום 500,מיליליטרים,500.00,"100 מ""ל",false,1,22.80,4.56,true,1,
7290015009041,false,"חומץ תפוחים 500 מ""ל",,,"חומץ תפוחים 500 מ""ל",מיליליטרים,500.00,"100 מ""ל",false,1,22.80,4.56,true,1,
7290015009102,false,"עלי טורטייה מקמח לבן 20 ס""מ 360 גרם",,,עלי טורטייה מקמח לבן,גרמים,360.00,100 גרם,false,1,15.70,4.36,true,1,
7290015009119,false,עלי טורטייה מקמח תירס 360 גרם,,,עלי טורטייה מקמח תיר,גרמים,360.00,100 גרם,false,1,16.50,4.58,true,1,
7290015009188,false,"ניוקי תפוח""א עם דלעת 300 גרם",,,"ניוקי תפוח""א עם דלעת",גרמים,300.00,100 גרם,false,1,10.90,3.63,true,1,
7290015009386,false,"מיץ ליים משומר 946 מ""ל",,ES,מיץ ליים משומר 946 מ,מיליליטרים,946.00,"100 מ""ל",false,1,19.90,2.10,true,1,
7290015009607,false,"רוטב אקסטרא חריף פלפל נגה גלוקיה 148 מ""ל",קאמוק,CR,רוטב אקסטרא חריף פלפ,מיליליטרים,148.00,"100 מ""ל",false,1,19.90,13.45,true,1,
7290015009614,false,"רוטב אקסטרא חריף פלפל סקוטש בונט 148 מ""ל",קאמוק,CR,רוטב אקסטרא חריף פלפ,מיליליטרים,148.00,"100 מ""ל",false,1,19.90,13.45,true,1,
7290015009621,false,"רוטב סויה שומשום ודבש 355 מ""ל",קאמוק,CR,רוטב סויה שומשום ודב,מיליליטרים,355.00,"100 מ""ל",false,1,29.90,8.42,true,1,
7290015009638,false,"רוטב צילי מתוק ופסיפלורה 355 מ""ל",קאמוק,CR,רוטב צילי מתוק ופסיפ,מיליליטרים,355.00,"100 מ""ל",false,1,29.90,8.42,true,1,
7290015039246,false,רביעית טונה בהירה בשמן וילי פוד 4*160 גר,,TH,רביעית טונה בהירה בש,גרמים,640.00,100 גרם,false,1,22.90,3.58,true,1,
7290015039338,false,רביעית טונה במי מלח וילי פוד 4*160 גר,,TH,רביעית טונה במי מלח,גרמים,640.00,100 גרם,false,1,22.90,3.58,true,1,
7290015129121,false,סקיני פסטה נודלס 270 גרם,,,סקיני פסטה נודלס 270,גרמים,270.00,100 גרם,false,1,12.90,4.78,true,1,
7290015129268,false,סקיני פסטה פנה שיבולת שועל 200 גרם,,,סקיני פסטה פנה שיבול,גרמים,200.00,100 גרם,false,1,11.90,5.95,true,1,
7290015129657,false,סקיני פסטה פנה 270 גרם,,,סקיני פסטה פנה 270 ג,גרמים,270.00,100 גרם,false,1,12.90,4.78,true,1,
7290015150088,false,מחית עגבניות גראנד איטליה 700 גרם,,,מחית עגבניות גראנד א,גרמים,700.00,100 גרם,false,1,12.90,1.84,true,1,
7290015150118,false,עגבניות חתוכות דק 3*400 גרם,,,עגבניות חתוכות דק בל,גרמים,1200.00,100 גרם,false,1,18.90,1.58,true,1,
7290015156769,false,מחית פרינוק פאוץ תפוח אוכמניות 120 גר,,CZ,מחית פרינוק פאוץ תפו,גרמים,120.00,100 גרם,false,1,6.90,5.75,true,1,
7290015161992,false,פסטPRO עדשים אדומות ודלעת GF אורגנית 250,,IT,פסטPRO עדשים אדומות,גרמים,250.00,100 גרם,false,1,19.90,7.96,true,1,
7290015164832,false,מחית קארי ירוק 400 גרם SUREE כשר,,,מחית קארי ירוק 400 ג,מיליליטרים,400.00,"100 מ""ל",false,1,21.90,5.48,true,1,
7290015164856,false,רוטב קארי אדומה 400 גרם SUREE כשר,,,רוטב קארי אדומה 400,מיליליטרים,400.00,"100 מ""ל",false,1,21.90,5.48,true,1,
7290015282000,false,איקרה לבנה 200 גרם,,IL,איקרה אדומה 200 גרם,גרמים,200.00,100 גרם,false,0,16.70,8.35,true,1,
7290015282024,false,איקרה אדומה 200 גרם,,IL,איקרה לבנה 200 גרם,גרמים,200.00,100 גרם,false,0,16.70,8.35,true,1,
7290015282390,false,תורכי 200 גר,,,תורכי 200 גר,גרמים,200.00,100 גרם,false,1,13.90,6.95,true,1,
7290015282581,false,חומוס אבו גוש עם חריף 200 גר,,,חומוס אבו גוש עם חרי,גרמים,200.00,100 גרם,false,1,11.60,5.80,true,1,
7290015282598,false,חומוס מסעדות 200 גר,,,חומוס מסעדות 200 גר,גרמים,200.00,100 גרם,false,1,11.60,5.80,true,1,
7290015282604,false,טחינה מיוחדת 200 גר,,,טחינה מיוחדת 200 גר,גרמים,200.00,100 גרם,false,1,11.60,5.80,true,1,
7290015282628,false,חציל בטעם כבד 200 גר,,,חציל בטעם כבד 200 גר,גרמים,200.00,100 גרם,false,1,13.90,6.95,true,1,
7290015282635,false,חומוס מסבחה 200 גר,,,חומוס מסבחה 200 גר,גרמים,200.00,100 גרם,false,1,11.60,5.80,true,1,
7290015282673,false,חציל במיונז ביתי 200 גר,,,חציל במיונז ביתי 200,גרמים,200.00,100 גרם,false,1,11.60,5.80,true,1,
7290015282680,false,קישואא בטעם כבד 200 גר,,,קישוא בטעם כבד 200 ג,גרמים,200.00,100 גרם,false,1,13.90,6.95,true,1,
7290015282697,false,כרוב אדום 200 גר,,,כרוב אדום 200 גר,גרמים,200.00,100 גרם,false,1,13.90,6.95,true,1,
7290015282710,false,קוביות סלק 200 גר,,,קוביות סלק 200 גר,גרמים,200.00,100 גרם,false,1,11.60,5.80,true,1,
7290015282727,false,גזר מרוקאי פיקנטי 200 גר,,,גזר מרוקאי פיקנטי 20,גרמים,200.00,100 גרם,false,1,13.90,6.95,true,1,
7290015282741,false,חציל תאילנדי 200 גר,,,חציל תאילנדי 200 גר,גרמים,200.00,100 גרם,false,1,13.90,6.95,true,1,
7290015282796,false,תפוח אדמה 200 גר,,,תפוח אדמה 200 גר,גרמים,200.00,100 גרם,false,1,13.90,6.95,true,1,
7290015289016,false,"בירה הרצל דולצה דה עסל 330 מ""ל",,IL,בירה הרצל דולצה דה ע,מיליליטרים,330.00,"100 מ""ל",false,1,14.90,4.52,true,1,
7290015341509,false,רוגלך אנטקוביץ 400 גרם,,IL,רוגלך אנטקוביץ 400 ג,גרמים,400.00,100 גרם,false,1,16.90,4.23,true,1,
7290015395045,false,קינואה 400 גרם חתם סופר,,,קינואה 400 גרם חתם ס,גרמים,400.00,100 גרם,false,1,14.90,3.73,true,1,
7290015528443,false,קערת פירות עגולה קרם,,CN,קערת פירות עגולה קרם,Unknown,1.00,Unknown,false,1,17.50,17.50,true,1,
7290015528467,false,מגש אובלי עמוק קרם מ,,CN,מגש אובלי עמוק קרם מ,Unknown,1.00,Unknown,false,1,29.90,29.90,true,1,
7290015603188,false,אטריות ביצים 454 גרם,,,אטריות ביצים 454 גרם,גרמים,454.00,100 גרם,false,1,11.90,2.62,true,1,
7290015603522,false,נוזל אגוזי קוקוס 5-7% 400 מל,,,נוזל אגוזי קוקוס 5-7,מיליליטרים,400.00,"100 מ""ל",false,1,7.90,1.98,true,1,
7290015603546,false,שימורי קרם קוקוס 17-19% 400 מל ASIATIC,,,שימורי קרם קוקוס 17-,מיליליטרים,400.00,"100 מ""ל",false,1,10.90,2.73,true,1,
7290015603560,false,"שימורי קרם קוקוס 20-22% 400 מ""ל",,,שימורי קרם קוקוס 20-,מיליליטרים,400.00,"100 מ""ל",false,1,10.90,2.73,true,1,
7290015603584,false,גינגר לבן כבוש ללא מונוסודיום 160 גרם,,,גינגר לבן כבוש ללא מ,גרמים,160.00,100 גרם,false,1,8.90,5.56,true,1,
7290015603591,false,גינגר כבוש וורוד 160 גרם,,,גינגר כבוש וורוד 160,גרמים,160.00,100 גרם,false,1,8.90,5.56,true,1,
7290015603898,false,חטיף אפונה בוואסבי 100 גר מזרח ומערב,,,חטיף אפונה בוואסבי 1,גרמים,10000.00,100 גרם,false,1,10.90,0.11,true,1,
7290015634076,false,יין עמק האלה שרדונה 2014 750 מל,,,יין עמק האלה שרדונה,Unknown,0.00,Unknown,false,1,87.90,87.90,true,1,
7290015634120,false,יין עמק האלה אוורד לבן 2015 750 מל,,,יין עמק האלה אוורד ל,Unknown,0.00,Unknown,false,1,46.90,46.90,true,1,
7290015634137,false,"יין עמק האלה סוביניון בלאן 2015 750 מ""ל",,,יין עמק האלה סוביניו,Unknown,0.00,Unknown,false,1,87.90,87.90,true,1,
7290015634151,false,"עמק האלה קברנה סוביניון 2012 750 מ""ל",,,יין עמק האלה קברנה א,Unknown,0.00,Unknown,false,1,87.90,87.90,true,1,
7290015634182,false,עמק האלה אוורד קברנה/ מרלו 2015 750 מל,,,עמק האלה אוורד אדום,Unknown,0.00,Unknown,false,1,46.90,46.90,true,1,
7290015652070,false,קשיו קלוי 150 גרם ששון הקולה,,,קשיו קלוי 150 גרם שש,גרמים,150.00,100 גרם,false,1,13.90,9.27,true,1,
7290015652087,false,תערובת פיצוחים 150 גרם ששון הקולה,,,תערובת פיצוחים 150 ג,גרמים,150.00,100 גרם,false,1,13.90,9.27,true,1,
7290015652124,false,רוטב סריראצה חריף מאוד 450 גר אהרוני,,,רוטב סריראצה חריף מא,גרמים,450.00,100 גרם,false,1,19.10,4.24,true,1,
7290015652254,false,גרעיני חמניה קלויים 400 גרם ששון הקלה,,,גרעיני חמניה קלויים,גרמים,400.00,100 גרם,false,1,10.00,2.50,true,1,
7290015652261,false,בוטנים קלויים 300 גרם ששון הקלה,,,בוטנים קלויים 300 גר,גרמים,300.00,100 גרם,false,1,10.00,3.33,true,1,
7290015652278,false,תערובת פיצוחים 250 גרם ששון הקולה,,,תערובת פיצוחים 250 ג,גרמים,250.00,100 גרם,false,1,20.00,8.00,true,1,
7290015652292,false,קבוקים עם שומשום 400 גרם ששון הקלה,,,קבוקים עם שומשום 400,גרמים,400.00,100 גרם,false,1,10.00,2.50,true,1,
7290015652322,false,בוטנים אמריקאיים מצופים 400 גר ששון הקלה,,,בוטנים אמריקאיים מצו,גרמים,400.00,100 גרם,false,1,10.00,2.50,true,1,
7290015652407,false,פיסטוק קלוי 250 גר דין שיווק,,,פיסטוק קלוי 250 גר ד,גרמים,250.00,100 גרם,false,1,20.00,8.00,true,1,
7290015652520,false,אהרוני עשבי טיבול לדגים 70 גר,,,אהרוני עשבי טיבול לד,Unknown,0.00,Unknown,false,1,18.20,18.20,true,1,
7290015652582,false,אהרוני חריימה דג 150 גר,,,אהרוני חריימה דג 150,גרמים,150.00,100 גרם,false,1,18.20,12.13,true,1,
7290015673198,false,בורגר מהצומח עם פטריות טקסס 400 גר,,,בורגר מהצומח עם פטרי,גרמים,400.00,100 גרם,false,1,26.90,6.73,true,1,
7290015673211,false,טחון מהצומח להכנת בולונז קפוא 500 גר,,,טחון מהצומח להכנת,גרמים,500.00,100 גרם,false,1,26.90,5.38,true,1,
7290015781107,false,יין IMPRES סנגובזה 750 מל,,,יין IMPRES סנגובזה 7,Unknown,0.00,Unknown,false,1,49.90,49.90,true,1,
7290015781114,false,יין IMPRES מרלו 750 מל,,,יין IMPRES מרלו 750,Unknown,0.00,Unknown,false,1,49.90,49.90,true,1,
7290015781169,false,יין IMPRES קברנה סוביניון חצי יבש 750 מל,,,יין IMPRES קברנה סוב,Unknown,0.00,Unknown,false,1,49.90,49.90,true,1,
7290015790000,false,גרעיני רימון,,,גרעיני רימון,קילוגרמים,0.00,"ק""ג",false,1,17.90,17.90,true,1,
7290015858328,false,איולי פסטו עללחם 295 גרם,,IL,איולי פסטו עללחם 295,גרמים,295.00,100 גרם,false,1,17.90,6.07,true,1,
7290015858687,false,איולי שום עללחם 295 גרם,,IL,איולי שום עללחם 295,גרמים,295.00,100 גרם,false,1,17.90,6.07,true,1,
7290016006322,false,מי עדן 1 ליטר,,,מי עדן 1 ליטר,מיליליטרים,1000.00,"100 מ""ל",false,1,3.50,0.35,true,1,
7290016028232,false,שיפוד במבוק עבה 30 ס,,CN,שיפוד במבוק עבה 30 ס,Unknown,1.00,Unknown,false,1,2.90,2.90,true,1,
7290016028683,false,קיסמים מעוטרים 12 סמ,,CN,קיסמים מעוטרים 12 סמ,Unknown,1.00,Unknown,false,1,5.90,5.90,true,1,
7290016028836,false,קש מתקפל צבעוני 150 יח,,CN,קשית מתקפלת צבעונית,Unknown,0.00,Unknown,false,1,8.80,8.80,true,1,
7290016197495,false,ניקול מטלית קסם לרצפה מארז זוג,,,ניקול מטלית קסם לרצפ,Unknown,0.00,Unknown,false,1,24.90,24.90,true,1,
7290016197877,false,שקית לפחי אשפה קטנים 80 יח M,,,שקית לפחי אשפה קטנים,Unknown,0.00,Unknown,false,1,27.20,27.20,true,1,
7290016217742,false,חציל על אש בטחינה 200 גר,,,חציל על אש בטחינה 20,גרמים,200.00,100 גרם,false,1,11.60,5.80,true,1,
7290016217988,false,גרבלקס חדש 100 גרם,,,גרבלקס 100 גרם,גרמים,100.00,100 גרם,false,1,25.50,25.50,true,1,
7290016233209,false,טונה מונטריי בשמן צמחי רביעייה 104 גרם,,TH,טונה מונטריי בשמן צמ,גרמים,560.00,100 גרם,false,1,21.90,3.91,true,1,
7290016233995,false,אנשובי בפח עם שמן זית 45 גרם,,,פילה אנשובי,גרמים,45.00,100 גרם,false,1,7.90,17.56,true,1,
7290016270570,false,מלפפון בייבי,,,מלפפון בייבי,Unknown,0.00,Unknown,false,1,14.90,14.90,true,1,
7290016270877,false,פלפלון ארוז,,,פלפלון ארוז,Unknown,0.00,Unknown,false,1,14.90,14.90,true,1,
7290016277562,false,אגוזים קלופים ששון הקולה 300 גרם,,IL,אגוזים קלופים ששון ה,גרמים,300.00,100 גרם,false,1,24.00,8.00,true,1,
7290016277654,false,פיסטוק קלוף טבעי 150 גרם ששון- קופסא,,,פיסטוק קלוף טבעי 150,גרמים,150.00,100 גרם,false,1,46.50,31.00,true,1,
7290016321678,false,מגבונים פרש וואנס נטורל קר רביעייה,,IL,מגבונים פרש וואנס נט,Unknown,0.00,Unknown,false,1,19.90,19.90,true,1,
7290016334616,false,בצל ירוק,,,בצל ירוק,Unknown,0.00,Unknown,false,1,5.90,5.90,true,1,
7290016372373,false,רסק עגבניות גראנד איטליה 2 * 135 גרם,,IT,רסק עגבניות גראנד בל,גרמים,270.00,100 גרם,false,1,8.90,3.30,true,1,
7290016437706,false,שקיות אשפה  וניל אשפתון ניקול 40 יח,,,שקיות אשפה  וניל אשפ,Unknown,0.00,Unknown,false,1,24.50,24.50,true,1,
7290016505061,false,שוקולד פנדה לבן עוגיות טבעוני  100 גרם,,,שוקולד פנדה לבן עוגי,גרמים,100.00,100 גרם,false,1,21.90,21.90,true,1,
7290016509823,false,גל פרסיל בלו 2.5 ל,,,גל פרסיל בלו 2.5 ל,ליטרים,0.00,ליטר,false,1,36.90,36.90,true,1,
7290016513233,false,אוכמניות אדומות 250 גר,,,אוכמניות אדומות 250,גרמים,250.00,100 גרם,false,1,17.70,7.08,true,1,
7290016513240,false,אוכמניות כחולות 250 גר,,,אוכמניות כחולות 250,גרמים,250.00,100 גרם,false,1,17.70,7.08,true,1,
7290016513257,false,פטל שחור 250 גר,,,פטל שחור 250 גר,גרמים,250.00,100 גרם,false,1,16.90,6.76,true,1,
7290016513264,false,חמוציות בר 250 גר,,,חמוציות בר 250 גר,גרמים,250.00,100 גרם,false,1,18.80,7.52,true,1,
7290016513288,false,פטל אדום 250 גר,,,פטל אדום 250 גר,גרמים,250.00,100 גרם,false,1,22.90,9.16,true,1,
7290016513301,false,דומדומית שחורה 250 גר,,,דומדומית שחורה 250 ג,גרמים,250.00,100 גרם,false,1,12.50,5.00,true,1,
7290016513332,false,מיקס פירות 250 גר,,,מיקס פירות 250 גר,גרמים,250.00,100 גרם,false,1,12.50,5.00,true,1,
7290016580310,false,מפיות שולחן מהודרות,,CN,מפיות שולחן מהודרות,Unknown,1.00,Unknown,false,1,4.90,4.90,true,1,
7290016580976,false,מנגל חד פעמי 550 גרם,,CN,מנגל חד פעמי 550 גרם,Unknown,1.00,Unknown,false,1,9.90,9.90,true,1,
7290016584011,false,חטיפוני גזר 350 גרם,,,חטיפוני גזר 350 גרם,גרמים,350.00,100 גרם,false,1,10.90,3.11,true,1,
7290016607772,false,"יין רוזה גליל דלתון 750 מ""ל",,,יין רוזה גליל דלתון,Unknown,0.00,Unknown,false,1,64.60,64.60,true,1,
7290016682243,false,מיץ אשכולית אדומה 1 ל,,IL,מיץ אשכולית אדומה 1,מיליליטרים,1000.00,"100 מ""ל",false,1,19.90,1.99,true,1,
7290016682328,false,מיץ תפוזים עשוי מרכז 2 ליטר,,,מיץ תפוזים עשוי מרכז,ליטרים,0.00,ליטר,false,1,25.90,25.90,true,1,
7290016682342,false,מיץ תפוז וולנסיה 100% 2 ליטר,,,מיץ תפוז וולנסיה 100,ליטרים,0.00,ליטר,false,1,29.90,29.90,true,1,
7290016682366,false,סחוט טרי תפוח צלול 2 ליטר,,,סחוט טרי תפוח צלול 2,ליטרים,0.00,ליטר,false,1,32.90,32.90,true,1,
7290016717631,false,"יין מוסקטו P.C לבן מבעבע 750 מ""ל",,,יין מוסקטו P.C לבן מ,Unknown,0.00,Unknown,false,1,42.90,42.90,true,1,
7290016866643,false,"משחת שיניים פרודונטקס פרש 75 מ""ל",,,משחת שיניים פרודנטקס,Unknown,0.00,Unknown,false,1,32.90,32.90,true,1,
7290017031170,false,פתיתים על בסיס עדשים בצורת פוזילי 250 גר,,IT,פתיתים על בסיס עדשים,גרמים,250.00,100 גרם,false,1,15.90,6.36,true,1,
7290017031255,false,"חטיף דגנים ואורז עם פירות יבשים לל""ג 140",,CZ,חטיף דגנים ואורז עם,גרמים,140.00,100 גרם,false,1,13.90,9.93,true,1,
7290017058092,false,שיבולת שועל שלמה 600 גר גוד מורנינג,,,שיבולת שועל שלמה 600,גרמים,600.00,100 גרם,false,1,8.30,1.38,true,1,
7290017058689,false,זית שחור יבש 400 גרם,,TR,זית שחור יבש 400 גרם,גרמים,400.00,100 גרם,false,1,15.90,3.98,true,1,
7290017058795,false,תירס גמדי שלם במי מלח בצנצנת 340 גרם,,,תירס גמדי שלם במי מל,גרמים,340.00,100 גרם,false,1,8.90,2.62,true,1,
7290017058887,false,טונה מונטריי צילי חריף רביעייה 140 גרם,,TH,טונה מונטריי צילי חר,גרמים,140.00,100 גרם,false,1,25.10,17.93,true,1,
7290017062693,false,מרכך כביסה מרוכז לבן 1*5 ליטר טאצ,,,מרכך כביסה מרוכז לבן,Unknown,0.00,Unknown,false,12,12.90,12.90,true,1,
7290017065007,false,פרוסות מוצרלה גד 200 גרם,,,פרוסות מוצרלה גד 200,גרמים,200.00,100 גרם,false,1,21.90,10.95,true,1,
7290017065137,false,ריקוטה למריחה 5% טבעית 200 גר,,,ריקוטה למריחה 5% טבע,גרמים,200.00,100 גרם,false,1,11.90,5.95,true,1,
7290017065236,false,גבינה בולגרית מעודנת 24% 250 גר,,,גבינה בולגרית מעודנת,גרמים,250.00,100 גרם,false,1,27.90,11.16,true,1,
7290017065434,false,פרוסות גאודה בקר 200 גר,,IL,פרוסות גאודה בקר 200,גרמים,200.00,100 גרם,false,1,23.90,11.95,true,1,
7290017065441,false,פרוסות גאודה עיזים 200 גר,,IL,פרוסות גאודה עיזים 2,גרמים,200.00,100 גרם,false,1,35.90,17.95,true,1,
7290017065588,false,יוגורט יווני 10% 600 גר,,IL,יוגורט יווני 10% 600,גרמים,600.00,100 גרם,false,1,17.90,2.98,true,1,
7290017065786,false,צדר 210 גרם,,,צדר 210 גרם,גרמים,210.00,100 גרם,false,1,24.50,11.67,true,1,
7290017105048,false,שלישייה שימורי טבעות זיתים יכין 200 גר,,,שלישייה שימורי טבעות,גרמים,200.00,100 גרם,false,1,15.90,7.95,true,1,
7290017105062,false,גרגירי חומוס שלם יכין הקטניה הטובה 200 ג,,IL,גרגירי חומוס שלם יכי,גרמים,200.00,100 גרם,false,1,4.90,2.45,true,1,
7290017105086,false,שימורי יכין שעועית צילי 200 גר,,,שימורי יכין שעועית צ,גרמים,200.00,100 גרם,false,1,4.90,2.45,true,1,
7290017105895,false,גרגירי חומוס מסעדות יכין 550 גרם,,IL,גרגירי חומוס מסעדות,Unknown,550.00,Unknown,false,1,10.90,0.02,true,1,
7290017140056,false,קמח חומוס ללא גלוטן 500 גרם,אופק מן הטבע,IL,קמח חומוס  500 גרם,גרמים,500.00,100 גרם,false,1,16.90,3.38,true,1,
7290017141152,false,"גין ליים מלפפון מוגז  330 מ""ל",,IL,גין ליים מלפפון מוגז,מיליליטרים,330.00,"100 מ""ל",false,1,14.90,4.52,true,1,
7290017142128,false,"שמן זית כתית מעולה קלאסי עץ הזית 750 מ""ל",,,שמן זית כתית מעולה ק,מיליליטרים,750.00,"100 מ""ל",false,1,34.90,4.65,true,1,
7290017142203,false,פילה טונה פרוס בשמן זית טעם מעושן 120 גר,,,פילה טונה פרוס בשמן,גרמים,120.00,100 גרם,false,1,15.90,13.25,true,1,
7290017142234,false,פתיתי טונה בשמן זית טעם מעושן טו גו 85 ג,,TH,פתיתי טונה בשמן זית,גרמים,85.00,100 גרם,false,1,11.40,13.41,true,1,
7290017142340,false,שמן זרעי ענבים 1 ליטר עץ הזית,,TH,שמן זרעי ענבים 1 ליט,מיליליטרים,1000.00,"100 מ""ל",false,1,31.90,3.19,true,1,
7290017142371,false,"שמן שומשום עץ הזית 250 מ""ל",,SI,שמן שומשום עץ הזית 2,מיליליטרים,250.00,"100 מ""ל",false,1,33.50,13.40,true,1,
7290017386058,false,רוטב עגבניות אורגניות מרוסקות - 700 גרם,,IT,רוטב עגבניות,גרמים,700.00,100 גרם,false,1,12.90,1.84,true,1,
7290017386157,false,"קמח כוסמין לבן  כרם - 1 ק""ג",,IL,קמח כוסמין לבן  כרם,גרמים,1000.00,100 גרם,false,1,14.90,1.49,true,1,
7290017386263,false,"סירופ מייפל אורגני כרם 250 מ""ל",,,סירופ מייפל אורגני כ,מיליליטרים,250.00,"100 מ""ל",false,1,31.50,12.60,true,1,
7290017386348,false,שקד מולבן טחון 250 גרם,,PE,שקד מולבן טחון 250 ג,גרמים,250.00,100 גרם,false,1,18.90,7.56,true,1,
7290017386447,false,"תרסיס שמן אבוקדו מזוכך טהור 200 מ""ל",,IT,תרסיס שמן אבוקדו מזו,מיליליטרים,200.00,"100 מ""ל",false,1,31.90,15.95,true,1,
7290017457598,false,"מרכך כביסה סוד מרוכז סאמר בלוסום 900 מ""ל",,IL,מרכך כביסה סוד מרוכז,מיליליטרים,900.00,"100 מ""ל",false,1,15.90,1.77,true,1,
7290017477282,false,גרעיני דלעת קלופים קלויים 200 גרם,,IL,גרעיני דלעת קלופים,גרמים,200.00,100 גרם,false,1,10.90,5.45,true,1,
7290017617046,false,רביעיית טונה בשמן זית כתית  4*140 גר,,,רביעיית טונה בשמן זי,גרמים,560.00,100 גרם,false,1,29.90,5.34,true,1,
7290017617084,false,סטארקיסט מיקס טו גו טונה ושעועית 185 גרם,,,סטארקיסט מיקס טו גו,גרמים,185.00,100 גרם,false,1,13.90,7.51,true,1,
7290017647425,false,יין גמלא קברנה סוביניון 2019 750 מל,,,יין גמלא קברנה סובינ,Unknown,0.00,Unknown,false,1,67.90,67.90,true,1,
7290017677804,false,"רוטב סויה קיקומן 444 מ""ל",,,רוטב סויה קיקומן 444,מיליליטרים,444.00,"100 מ""ל",false,1,25.10,5.65,true,1,
7290017712215,false,פרמיו שימורי מזון מל,,,פרמיו שימורי מזון מל,Unknown,0.00,Unknown,false,1,4.90,4.90,true,1,
7290017712277,false,פרמיו שימורי מזון מל,,,פרמיו שימורי מזון מל,Unknown,0.00,Unknown,false,1,5.90,5.90,true,1,
7290017712734,false,פרמיו גור עוף וכבד 1,,,פרמיו גור עוף וכבד 1,Unknown,0.00,Unknown,false,1,4.90,4.90,true,1,
7290017715186,false,"טורטיה חיטה מלאה 20 ס""מ 320 גרם",,ES,טורטיה חיטה מלאה 20,גרמים,320.00,100 גרם,false,1,13.00,4.06,true,1,
7290017715346,false,זית שחור טאסוס  400 גרם,,TR,זית שחור טאסוס  400,גרמים,400.00,100 גרם,false,1,15.90,3.98,true,1,
7290017715681,false,A2 זית מושחר חרוזית תומר 560 גרם,,IL,A2 זית מושחר חרוזית,גרמים,560.00,100 גרם,false,1,9.90,1.77,true,1,
7290017715704,false,A2 זית מושחר טבעות 560 גרם,,IL,A2 זית מושחר טבעות 5,גרמים,560.00,100 גרם,false,1,9.90,1.77,true,1,
7290017791142,false,קרקר כוסמין מלא שקית,,IL,קרקר כוסמין מלא שקית,גרמים,225.00,100 גרם,false,1,27.90,12.40,true,1,
7290017791203,false,קרקר כוסמין מלא סלק שקית,,IL,קרקר כוסמין מלא סלק,גרמים,225.00,100 גרם,false,1,27.90,12.40,true,1,
7290017812830,false,"יין רוזה 750 מ""ל P.C",,,"יין רוזה 750 מ""ל P.C",Unknown,0.00,Unknown,false,1,42.90,42.90,true,1,
7290017816012,false,קרם קרקר כוסמין מקור הכוסמין 250 גר,,IL,קרם קרקר כוסמין מקור,גרמים,250.00,100 גרם,false,1,17.50,7.00,true,1,
7290017816135,false,פריכיות כוסמין מקור הכוסמין 90 גר,זן-בר,IL,פריכיות כוסמין מקור,גרמים,90.00,100 גרם,false,1,10.90,12.11,true,1,
7290017871363,false,סבון ידיים פמלי יהלום שמן זית מקדמיה 500,,TR,סבון ידיים פמלי יהלו,מיליליטרים,500.00,"100 מ""ל",false,1,11.90,2.38,true,1,
7290017872650,false,סבון ידיים פמלי יהלום עם שמן לבנדר 500מל,,,סבון ידיים פמלי יהלו,מיליליטרים,500.00,"100 מ""ל",false,1,11.90,2.38,true,1,
7290017888019,false,"פרוט & וג תפוח רימון סלק 350 מ""ל",,IL,פרוט & ווג תפוח רימו,מיליליטרים,350.00,"100 מ""ל",false,1,8.90,2.54,true,1,
7290017888026,false,"פרוט & וג אננס תפוח גזר 350 מ""ל",,IL,פרוט & וג אננס תפוח,מיליליטרים,350.00,"100 מ""ל",false,1,8.90,2.54,true,1,
7290017888033,false,"פרוט & וג בננה מלון נענע 350 מ""ל",,IL,פרוט & וג בננה מלון,מיליליטרים,350.00,"100 מ""ל",false,1,8.90,2.54,true,1,
7290017888729,false,שוופס סודה 1 ליטר,,IL,שוופס סודה 1 ליטר,מיליליטרים,1000.00,"100 מ""ל",false,1,4.90,0.49,true,1,
7290017888972,false,מי עדן פקק ספורט 1 ליטר,,IL,מי עדן פקק ספורט 1 ל,מיליליטרים,1000.00,"100 מ""ל",false,1,4.50,0.45,true,1,
7290017894225,false,גרנולה ש.שועל מלאה ואגוזים דגש 250 גרם,,IL,גרנולה ש.שועל מלאה ו,גרמים,250.00,100 גרם,false,1,21.90,8.76,true,1,
7290017894300,false,גנדולה עוגיות כוסמין לימון אורגני 250,,IT,גנדולה עוגיות כוסמין,גרמים,250.00,100 גרם,false,1,15.90,6.36,true,1,
7290017894324,false,חמאת אגוזי נמר קשיו וקקאו 350 גרם,,IT,חמאת אגוזי נמר קשיו,גרמים,350.00,100 גרם,false,1,34.90,9.97,true,1,
7290017894331,false,חמאת אגוזי נמר לוז וקשיו 350 גרם,,IT,חמאת אגוזי נמר לוז ו,גרמים,350.00,100 גרם,false,1,34.90,9.97,true,1,
7290017924694,false,עדשים אדומות אורגני 500 גרם,,IL,עדשים אדומות אורגני,גרמים,500.00,100 גרם,false,1,11.90,2.38,true,1,
7290017924847,false,עדשים שחורות אורגני 500 גרם,,IL,עדשים שחורות אורגני,גרמים,500.00,100 גרם,false,1,14.90,2.98,true,1,
7290017928036,false,מקלות גריסיני שומשום 175 גרם,,IL,מקלות גריסיני שומשום,גרמים,175.00,100 גרם,false,1,12.90,7.37,true,1,
7290017928227,false,בייגלה שטוחלה פינוקים 300 גרם,,IL,בייגלה שטוחלה פינוקי,גרמים,300.00,100 גרם,false,1,12.90,4.30,true,1,
7290017928463,false,סמאש שבורים בטעם דבש חרדל ובצל 300 גרם,,BG,סמאש שבורים בטעם דבש,גרמים,300.00,100 גרם,false,1,16.70,5.57,true,1,
7290017928661,false,סמאש שבורים בטעם צדר 300 גרם,,BG,סמאש שבורים בטעם צדר,גרמים,300.00,100 גרם,false,1,16.70,5.57,true,1,
7290017928807,false,בייגלה מקלות שומשום 300 גרם,,IL,בייגלה מקלות שומשום,גרמים,300.00,100 גרם,false,1,12.90,4.30,true,1,
7290017938264,false,חומוס עם חריף 200 גרם,,,חומוס עם חריף 200 גר,גרמים,200.00,100 גרם,false,1,7.90,3.95,true,1,
7290017973975,false,רצועות קלמרי מיובש ומומלח עם פלפל צילי,,,רצועות קלמרי מיובש ו,גרמים,90.00,100 גרם,false,1,15.40,17.11,true,1,
7290017973982,false,פרוסות דג שיבוט אלבין מיובש עם צילי 100,,,פרוסות דג שיבוט אלבי,גרמים,100.00,100 גרם,false,1,14.60,14.60,true,1,
7290017973999,false,פרוסות דג שיבוט אלבין מיובש ומומלח 100 ג,,,פרוסות דג שיבוט אלבי,גרמים,100.00,100 גרם,false,1,14.60,14.60,true,1,
7290018045084,false,דגניםבמילוי קרם טעם בראוניז 480 גרם,,DE,דגניםבמילוי קרם טעם,מטרים,0.00,מטר,false,1,25.50,25.50,true,1,
7290018198254,false,תפוגן קריספי ציפס פוטטוס 1.25 קג,,IL,תפוגן קריספי ציפס פו,גרמים,1250.00,100 גרם,false,1,27.90,2.23,true,1,
7290018249727,false,אבקת ממתיק סוכר סוויטאנגו 400 גר,,,אבקת ממתיק סוכר סווי,גרמים,400.00,100 גרם,false,1,39.90,9.98,true,1,
7290018294369,false,"תירוש אדום 700 מ""ל",,,"תירוש אדום 700 מ""ל",מיליליטרים,700.00,"100 מ""ל",false,1,15.90,2.27,true,1,
7290018359679,false,שעועית לימה הקיסרית יכין 550 גר,,IL,שעועית לימה הקיסרית,גרמים,550.00,100 גרם,false,1,10.90,1.98,true,1,
7290018367346,false,שומשום בטעם וואסבי 100 גרם,,TW,שומשום בטעם וואסבי 1,גרמים,100.00,100 גרם,false,1,19.90,19.90,true,1,
7290018380024,false,מלפפון במלח 13-17 + 20% 670 גרם,,IL,מלפפון במלח 13-17 +,גרמים,670.00,100 גרם,false,1,9.90,1.48,true,1,
7290018380543,false,"סקוויז מחית תפו""ע 100 גרם",,,"סקוויז מחית תפו""ע 10",גרמים,100.00,100 גרם,false,1,6.50,6.50,true,1,
7290018380819,false,תבשיל הודי חצילים 300 גרם,,,תבשיל הודי חצילים 30,גרמים,300.00,100 גרם,false,1,12.90,4.30,true,1,
7290018440070,false,תרכיז עגבניות בשפורפרת,,,תרכיז עגבניות בשפורפ,גרמים,200.00,100 גרם,false,1,9.90,4.95,true,1,
7290018440247,false,צאי שקדים  25 שקיקים 50 גר,,,צאי שקדים 25 שקיקים,גרמים,50.00,100 גרם,false,1,22.90,45.80,true,1,
7290018440438,false,טונה קאלוו איזי פליפ בשמן 65 גר*3,קאלוו,ES,טונה קאלוו איזי פליפ,גרמים,195.00,100 גרם,false,1,26.90,13.79,true,1,
7290018440520,false,סלט טונה קאלוו מקסיקני 150 גר,קאלוו,,סלט טונה קאלוו מקסיק,גרמים,150.00,100 גרם,false,1,14.90,9.93,true,1,
7290018468432,false,נקניק טבעוני בטעם מעושן 100 גרם טירת צבי,,IL,נקניק טבעוני בטעם מע,גרמים,100.00,100 גרם,false,1,20.90,20.90,true,1,
7290018471036,false,"שוופס סודה לימון 500 מ""ל",,,שוופס סודה לימון 500,מיליליטרים,500.00,"100 מ""ל",false,1,2.90,0.58,true,1,
7290018471111,false,"שוופס ליים מוחיטו 330 מ""ל בק",,,שוופס ליים מוחיטו 33,מיליליטרים,330.00,"100 מ""ל",false,1,6.20,1.88,true,1,
7290018471128,false,"ספרינג שייק אננס מנגו פסיפלורה 330 מ""ל",,IL,ספרינג שייק אננס מנג,מיליליטרים,330.00,"100 מ""ל",false,1,8.90,2.70,true,1,
7290018471616,false,שוופס טוניק קלאסי 1 ליטר,,IL,שוופס טוניק קלאסי 1,מיליליטרים,1000.00,"100 מ""ל",false,1,9.90,0.99,true,1,
7290018471623,false,שוופס טוניק אשכוליות ליצי 1 ליטר,,IL,שוופס טוניק אשכוליות,מיליליטרים,1000.00,"100 מ""ל",false,1,9.90,0.99,true,1,
7290018471630,false,שוופס טוניק מלפפון ליים 1 ליטר,,IL,שוופס טוניק מלפפון ל,מיליליטרים,1000.00,"100 מ""ל",false,1,9.90,0.99,true,1,
7290018471951,false,שוופס מוגז אשכולית אדומה 1.5 ל,,IL,שוופס מוגז אשכולית א,ליטרים,0.00,ליטר,false,1,9.30,9.30,true,1,
7290018516324,false,פאוץ פרינוק תפוח וש.שועל 120 גרם,,CZ,פאוץ פרינוק תפוח וש.,גרמים,120.00,100 גרם,false,1,5.50,4.58,true,1,
7290018542453,false,קערה מתכלה מלבנית  מ,,IL,קערה מתכלה מלבנית  מ,Unknown,1.00,Unknown,false,1,12.50,12.50,true,1,
7290018542477,false,קערה מתכלה עגולה  3.,,IL,קערה מתכלה עגולה  3.,Unknown,1.00,Unknown,false,1,13.50,13.50,true,1,
7290018542514,false,קערה מתכלה מרובעת,,IL,קערה מתכלה מרובעת,Unknown,1.00,Unknown,false,1,11.50,11.50,true,1,
7290018681558,false,שעועית מש אורגני 500 גרם,,IL,שעועית מש אורגני 500,גרמים,500.00,100 גרם,false,1,11.90,2.38,true,1,
7290018681763,false,גרנולה שוקולד כרם 444 גרם,,IL,גרנולה שוקולד כרם 44,גרמים,444.00,100 גרם,false,1,19.90,4.48,true,1,
7290018681770,false,גרנולה שקדים כרם 444 גרם,,IL,גרנולה שקדים כרם 444,גרמים,444.00,100 גרם,false,1,19.90,4.48,true,1,
7290018681930,false,פריכיות שיבולת שועל כרם 100 גרם,,,פריכיות שיבולת שועל,גרמים,100.00,100 גרם,false,1,7.90,7.90,true,1,
7290018889305,false,עוגת רד וולוט חלבי נטלי*5 225 גרם,,,עוגת רד וולוט חלבי נ,גרמים,225.00,100 גרם,false,1,22.90,10.18,true,1,
7290018889404,false,עוגת פס רד וולוט חלבי נטלי 550 גרם,,,עוגת פס רד וולוט חלב,גרמים,550.00,100 גרם,false,1,43.90,7.98,true,1,
7290018889473,false,מוס גבינה מצופה פררו רושה נטלי *5,,,מוס גבינה מצופה פררו,גרמים,155.00,100 גרם,false,1,22.90,14.77,true,1,
7290018893005,false,בייגלה ציוקטה חרדל ודבש 160 גר,,RO,בייגלה ציוקטה חרדל ו,גרמים,160.00,100 גרם,false,1,8.90,5.56,true,1,
7290018893296,false,עוגיות חמאה מצופות שוקולד ציוקטה 100 גר,,BE,עוגיות חמאה מצופות ש,גרמים,100.00,100 גרם,false,1,11.90,11.90,true,1,
7290018925065,false,מיץ תפוזים סחוט 2 ל פרימור,,IL,מיץ תפוזים סחוט 2 ל,מיליליטרים,2000.00,"100 מ""ל",false,1,28.90,1.45,true,1,
7290018949009,false,גרופר משקה קל מוגז אורגני תפוזזה   330 מ,,PL,גרופר משקה קל מוגז א,מיליליטרים,330.00,"100 מ""ל",false,1,8.90,2.70,true,1,
7290018949023,false,"גרופר משקה קל מוגז אורגני לימוננ 330 מ""ל",,PL,גרופר משקה קל מוגז א,מיליליטרים,330.00,"100 מ""ל",false,1,8.90,2.70,true,1,
7290018972106,false,כרובית מצופה תומר 500 גרם,,IL,כרובית מצופה 500 גרם,גרמים,500.00,100 גרם,false,1,33.50,6.70,true,1,
7290018972618,false,"תמר מגהול תומר 1 ק""ג",,IL,"תמר מגהול תומר 1 ק""ג",גרמים,1000.00,100 גרם,false,1,19.90,1.99,true,1,
7290018972762,false,נודלס מנה חמה עוף תומר 72 גרם,,,נודלס מנה חמה עוף תו,גרמים,72.00,100 גרם,false,1,6.50,9.03,true,1,
7290018972779,false,נודלס מנה חמה בקר תומר 72 גרם,,,נודלס מנה חמה בקר תו,גרמים,72.00,100 גרם,false,1,6.50,9.03,true,1,
7290018972786,false,נודלס מנה חמה ירקות תומר 72 גרם,,,נודלס מנה חמה ירקות,גרמים,72.00,100 גרם,false,1,6.50,9.03,true,1,
7290018975008,false,חטיף אדממה מיקס כרם 80 גרם,,,חטיף אדממה מיקס כרם,גרמים,80.00,100 גרם,false,1,5.90,7.38,true,1,
7290018989081,false,חומוס הבית להכנת חומוס טרי יכין 400 גר,,,חומוס הבית להכנת חומ,גרמים,410.00,100 גרם,false,1,8.50,2.07,true,1,
7290019056041,false,שוופס מוגז  ללא סוכר למונייד 1.5 ל,,IL,שוופס מוגז  ללא סוכר,ליטרים,0.00,ליטר,false,1,8.80,8.80,true,1,
7290019056065,false,שוופס מוגז עדין פירות יער  1.5 ליטר,,IL,שוופס מוגז עדין פירו,ליטרים,0.00,ליטר,false,1,9.90,9.90,true,1,
7290019056096,false,שוופס מוגז עדין אפרסק  1.5 ליטר,,IL,שוופס מוגז עדין אפרס,ליטרים,0.00,ליטר,false,1,9.90,9.90,true,1,
7290019056164,false,רביעיית שוופס סודה 1.5 לי,,IL,רביעיית שוופס סודה 1,ליטרים,0.00,ליטר,false,1,13.10,13.10,true,1,
7290019056171,false,רביעיית שוופס סודה לימון 1.5 לי,,IL,רביעיית שוופס סודה ל,ליטרים,0.00,ליטר,false,1,13.10,13.10,true,1,
7290019056188,false,רביעיית שוופס סודה נענע ליים 1.5 לי,,IL,רביעיית שוופס סודה נ,ליטרים,0.00,ליטר,false,1,13.10,13.10,true,1,
7290019056270,false,שוופס WATER פירות יער 1.5 ליטר,,IL,שוופס WATER פירות יע,ליטרים,0.00,ליטר,false,1,9.90,9.90,true,1,
7290019056294,false,שוופס גינגר 1.5 ליטר,,IL,שוופס גינגר 1.5 ליטר,ליטרים,0.00,ליטר,false,1,12.70,12.70,true,1,
7290019056300,false,שוופס ביטר 1.5 ליטר,,IL,שוופס ביטר 1.5 ליטר,ליטרים,0.00,ליטר,false,1,12.70,12.70,true,1,
7290019056317,false,משקה 1.5 ל  SCHWEPPES RUSSCHIAN,,IL,משקה  שוופס ראשן 1.5,ליטרים,0.00,ליטר,false,1,12.70,12.70,true,1,
7290019056324,false,שוופס טוניק 1.5 ליטר,,IL,שוופס טוניק 1.5 ליטר,ליטרים,0.00,ליטר,false,1,12.70,12.70,true,1,
7290019056331,false,שוופס טוניק ללא סוכר 1.5 ליטר,,IL,שוופס טוניק ללא סוכר,ליטרים,0.00,ליטר,false,1,12.70,12.70,true,1,
7290019056355,false,תפוזינה לימונדה MIX לימונענע 1.5 ליטר,,IL,תפוזינה לימונענע 1.5,ליטרים,0.00,ליטר,false,1,9.50,9.50,true,1,
7290019056379,false,תפוזינה תפוזים 1.5 ליטר,,IL,תפוזינה תפוזים 1.5 ל,ליטרים,0.00,ליטר,false,1,9.50,9.50,true,1,
7290019056386,false,תפוזינה אשכוליות 1.5 ליטר,,IL,תפוזינה אשכוליות 1.5,ליטרים,0.00,ליטר,false,1,9.50,9.50,true,1,
7290019056409,false,תפוזינה מנגו עסיסי 1.5 ליטר,,IL,תפוזינה מנגו עסיסי 1,ליטרים,0.00,ליטר,false,1,9.50,9.50,true,1,
7290019056478,false,משקה ספרינג טי אפרסק  1.5 ליטר,,IL,משקה ספרינג טי אפרסק,ליטרים,0.00,ליטר,false,1,8.90,8.90,true,1,
7290019056539,false,FRUIT WATER אפרסק 1.5 ל,,IL,FRUIT WATER אפרסק 1.,ליטרים,0.00,ליטר,false,1,9.90,9.90,true,1,
7290019056546,false,FRUIT WATER אבטיח 1.5 ל,,IL,FRUIT WATER אבטיח 1.,ליטרים,0.00,ליטר,false,1,9.90,9.90,true,1,
7290019056553,false,שישיית מים עין גדי 2 ליטר,,IL,שישיית מים עין גדי 2,ליטרים,0.01,ליטר,false,1,13.80,1380.00,true,1,
7290019056621,false,ספרינג 1.5 ליטר פירות טרופים,,IL,ספרינג 1.5 ליטר פירו,ליטרים,0.00,ליטר,false,1,9.50,9.50,true,1,
7290019056645,false,ספרינג 1.5 ליטר אגסים סברס תפוח,,IL,ספרינג 1.5 ליטר אגסי,ליטרים,0.00,ליטר,false,1,9.50,9.50,true,1,
7290019056652,false,ספרינג אננס בננה 1.5 ליטר,,IL,ספרינג אננס בננה 1.5,ליטרים,0.00,ליטר,false,1,9.50,9.50,true,1,
7290019056881,false,שוופס סודה 1.5 ליטר,,,שוופס סודה 1.5 ליטר,ליטרים,0.00,ליטר,false,1,4.00,4.00,true,1,
7290019056904,false,שוופס סודה תפוח 1.5 ל,,IL,שוופס סודה תפוח 1.5,ליטרים,0.00,ליטר,false,1,3.90,3.90,true,1,
7290019056942,false,מי עין גדי 2 ל,,IL,מי עין גדי 2 ל,ליטרים,0.00,ליטר,false,1,3.00,3.00,true,1,
7290019056966,false,מי עדן 1.5 ליטר,,IL,מי עדן 1.5 ליטר,ליטרים,0.00,ליטר,false,1,5.20,5.20,true,1,
7290019056973,false,שישיית מי עדן 1.5 ליטר משפחתי,,IL,שישיית מי עדן 1.5 לי,ליטרים,0.01,ליטר,false,1,14.90,1490.00,true,1,
7290019153078,false,שוופס ביטר למון לייט 1.5 ל,,,שוופס ביטר למון לייט,ליטרים,0.00,ליטר,false,1,12.70,12.70,true,1,
7290019153313,false,"פרוט & וג תפוח חמוציות אוכמניות 350 מ""ל",,IL,פרוט & וג תפוח חמוצי,מיליליטרים,350.00,"100 מ""ל",false,1,8.50,2.43,true,1,
7290019153375,false,תפוזינה מוחיטו 1.5 ל,,IL,תפוזינה מוחיטו 1.5 ל,ליטרים,0.00,ליטר,false,1,9.50,9.50,true,1,
7290019167037,false,תותים בקצפת 80 גרם,,,תותים בקצפת 80 גרם,גרמים,80.00,100 גרם,false,1,7.90,9.88,true,1,
7290019232094,false,חליטת פירות וצמחים בטעם אפרסק ויסוצקי 25,,,חליטת פירות וצמחים ב,יחידה,1.00,יחידה,false,1,19.90,19.90,true,1,
7290019232162,false,תה ויסוצקי חליטת לילה טוב קמומיל מליסה25,,,תה ויסוצקי חליטת ליל,יחידה,1.00,יחידה,false,1,26.90,26.90,true,1,
7290019297536,false,חמאת בוטנים עם שברי בוטנים 510 גרם,,,חמאת בוטנים עם שברי,גרמים,510.00,100 גרם,false,1,16.40,3.22,true,1,
7290019297543,false,חמאת בוטנים 510 גרם,,,חמאת בוטנים 510 גרם,גרמים,510.00,100 גרם,false,1,16.40,3.22,true,1,
7290019297550,false,בוטנים מטוגנים בקוספא 185 גרם,,,בוטנים מטוגנים בקוספ,גרמים,185.00,100 גרם,false,1,10.90,5.89,true,1,
7290019297628,false,שקד טבעי 150 גרם ששון הקולה,,,שקד טבעי 150 גרם ששו,גרמים,150.00,100 גרם,false,1,16.90,11.27,true,1,
7290019297635,false,שקד קלויים 150 גרם ששון הקולה,,,שקד קלויים 150 גרם ש,גרמים,150.00,100 גרם,false,1,17.90,11.93,true,1,
7290022005562,false,קריספ שום 300 גרם,,IL,קריספ שום 300 גרם,גרמים,300.00,100 גרם,false,0,8.90,2.97,true,1,
7290069701151,false,פריזר דוקטורסקיה אוריגינל מזרע,,,פריזר דוקטורסקיה,Unknown,0.00,"ק""ג",true,0,80.00,80.00,true,1,
7290089617142,false,פטריות  אופיאטה מוחמצפוסולסקי דבור 680 ג,,CN,פטריות  אופיאטה מוחמ,גרמים,680.00,100 גרם,false,1,17.60,2.59,true,1,
7290089617388,false,פטריות בורוביצקי מוחמצים 680 ג,,CN,פטריות בורוביצקי מוח,גרמים,680.00,100 גרם,false,1,17.60,2.59,true,1,
7290100240144,false,בדין תרסיס למייבש ורוד,,,בדין תרסיס למייבש ור,מיליליטרים,500.00,"100 מ""ל",false,1,23.90,4.78,true,1,
7290100240632,false,"פתית 6 דגנים בד""צ 250 גרם",,,"פתית 6 דגנים בד""צ 25",גרמים,250.00,100 גרם,false,1,19.90,7.96,true,1,
7290100245231,false,מרק נמס בכוס ועוד ט.עוף שקדי מרק - קנור,,,מרק נמס בכוס ועוד ט.,גרמים,50.00,100 גרם,false,1,8.50,17.00,true,1,
7290100321775,false,חזה עוף טרי,,,חזה עוף טרי,Unknown,0.00,"ק""ג",true,0,35.90,35.90,true,1,
7290100323038,false,כרעיים עוף טרי,,,כרעיים עוף טרי,Unknown,0.00,"ק""ג",true,0,24.90,24.90,true,1,
7290100570074,false,אבזרי מטבח,,,אבזרי מטבח,Unknown,0.00,Unknown,false,1,4.90,4.90,true,1,
7290100570234,false,אבזרי מטבח,,,אבזרי מטבח,Unknown,0.00,Unknown,false,1,12.90,12.90,true,1,
7290100572702,false,אביזרי מטבח,,,אביזרי מטבח,Unknown,0.00,Unknown,false,1,10.90,10.90,true,1,
7290100573396,false,אביזרי מטבח,,,אביזרי מטבח,Unknown,0.00,Unknown,false,1,9.90,9.90,true,1,
7290100573716,false,אביזרי מטבח,,,אביזרי מטבח,Unknown,0.00,Unknown,false,1,14.90,14.90,true,1,
7290100575086,false,אבזרי מטבח,,,אבזרי מטבח,Unknown,0.00,Unknown,false,1,6.90,6.90,true,1,
7290100680711,false,פירורית זהב 350 גרם,,,פירורית זהב 350 גרם,גרמים,350.00,100 גרם,false,1,9.90,2.83,true,1,
7290100680728,false,פירורית 350 גרם,,,פירורית 350 גרם,גרמים,350.00,100 גרם,false,1,8.90,2.54,true,1,
7290100700020,false,גריסי פנינה 500 גרם,,,גריסי פנינה 500 גרם,גרמים,200.00,100 גרם,false,1,6.50,3.25,true,1,
7290100700273,false,קינואה 500 גרם,,,קינואה 500 גרם,גרמים,500.00,100 גרם,false,1,15.90,3.18,true,1,
7290100700372,false,אורז בסמטי מלא 1 קג,,,"אורז בסמטי מלא 1 ק""ג",גרמים,1000.00,100 גרם,false,1,13.90,1.39,true,1,
7290100700396,false,אורז יסמין קלאסי 1 קג,,,אורז יסמין קלאסי 1 ק,גרמים,1000.00,100 גרם,false,1,12.90,1.29,true,1,
7290100700563,false,אורז מיקס 1 קג,,,"אורז מיקס 1 ק""ג",גרמים,1000.00,100 גרם,false,1,15.90,1.59,true,1,
7290100700587,false,בורגול 500 גרם,,,בורגול 500 גרם,גרמים,500.00,100 גרם,false,1,4.80,0.96,true,1,
7290100701300,false,קינואה אדומה 500 גר סוגת,,,קינואה אדומה 500 גר,גרמים,500.00,100 גרם,false,1,15.90,3.18,true,1,
7290100701331,false,"קמח רב תכליתי 1 ק""ג סוגת",,,"קמח רב תכליתי 1 ק""ג",גרמים,1000.00,100 גרם,false,1,7.90,0.79,true,1,
7290100701409,false,קמח תירס 500 גרם,,,קמח תירס 500 גרם,גרמים,500.00,100 גרם,false,1,7.50,1.50,true,1,
7290100701454,false,גרישה 500 גר,,,גרישה 500 גר,גרמים,500.00,100 גרם,false,1,4.80,0.96,true,1,
7290100701966,false,אפונה צהובה 500 גרם,,,אפונה צהובה 500 גרם,גרמים,500.00,100 גרם,false,1,6.50,1.30,true,1,
7290100702277,false,קוסקוס עבה 350 גרם,,,קוסקוס עבה 350 גרם,גרמים,350.00,100 גרם,false,1,5.90,1.69,true,1,
7290100702741,false,סוכר חום בהיר 1 קג בצנצנת,,,"סוכר חום בהיר 1 ק""ג",גרמים,1000.00,100 גרם,false,1,14.60,1.46,true,1,
7290100703564,false,שיבולת שועל עבה 500 גרם סוגת,,,שיבולת שועל עבה 500,גרמים,500.00,100 גרם,false,1,6.80,1.36,true,1,
7290100704066,false,עדשים צהובות 500 גרם,,,עדשים צהובות 500 גרם,גרמים,500.00,100 גרם,false,1,7.90,1.58,true,1,
7290100858592,false,קקאו 150 גרם,,,קקאו 150 גרם,גרמים,150.00,100 גרם,false,1,11.90,7.93,true,1,
7290101500506,false,פטרוזיליה ארוזה,,,פטרוזיליה ארוזה,Unknown,0.00,Unknown,false,1,5.90,5.90,true,1,
7290101500513,false,שמיר ארוז,,,שמיר ארוז,Unknown,0.00,Unknown,false,1,5.90,5.90,true,1,
7290101500520,false,כוסברה ארוזה,,,כוסברה ארוזה,Unknown,0.00,Unknown,false,1,5.90,5.90,true,1,
7290101500537,false,נענע ארוזה,,,נענע ארוזה,Unknown,0.00,Unknown,false,1,4.90,4.90,true,1,
7290101500551,false,סלרי אמריקאי ארוז,,,סלרי אמריקאי ארוז,Unknown,0.00,Unknown,false,1,7.90,7.90,true,1,
7290101500568,false,סלרי ראש ארוז,,,סלרי ראש ארוז,Unknown,0.00,Unknown,false,1,5.90,5.90,true,1,
7290101500926,false,תרד ארוז רכות,,,תרד ארוז רכות,Unknown,0.00,Unknown,false,1,12.90,12.90,true,1,
7290101501176,false,פלפל טינקרבל,,,פלפל טינקרבל,Unknown,0.00,Unknown,false,1,12.90,12.90,true,1,
7290101501305,false,מלפפוני טעם,,,מלפפוני טעם,Unknown,0.00,Unknown,false,1,14.90,14.90,true,1,
7290101501589,false,גינגר טבעי,,,גינגר טבעי,Unknown,0.00,Unknown,false,1,11.90,11.90,true,1,
7290101551027,false,קפסולות 14 חזק במיוחד למכונות נספרסו 50,,IL,קפסולות 14 חזק במיוח,גרמים,50.00,100 גרם,false,1,18.90,37.80,true,1,
7290101551300,false,סילאן טבעי לחיץ יד מרדכי 380 גרם,,,סילאן טבעי לחיץ יד מ,גרמים,700.00,100 גרם,false,1,16.90,2.41,true,1,
7290101551539,false,דנונה פרו 20 גרם חלבון אפרסק 200 גר,,IL,דנונה פרו 20 גרם חלב,גרמים,200.00,100 גרם,false,1,6.20,3.10,true,1,
7290101812999,false,כדור תבלינים,,IL,מיני פיין סלמי 350 ג,גרמים,350.00,100 גרם,false,1,34.90,9.97,true,1,
7290101865261,false,"פיניש הברקה 800 מ""ל",,,"פיניש הברקה 800 מ""ל",מיליליטרים,800.00,"100 מ""ל",false,1,21.90,2.74,true,1,
7290101952121,false,מקסי מיץ,,IL,פטרוצן עם שומן כבש,גרמים,500.00,100 גרם,false,1,29.90,5.98,true,1,
7290101952176,false,קבנוס ציידים 200 גרם,,,קבנוס ציידים 200 גרם,גרמים,200.00,100 גרם,false,1,26.90,13.45,true,1,
7290101952510,false,לקט פרובנס טבעפרוסט 800 גר,,,לקט פרובנס טבעפרוסט,גרמים,800.00,100 גרם,false,1,19.80,2.48,true,1,
7290101952527,false,לקט בסגנון אסייתי טבעפרוסט 800 גר,,,לקט בסגנון אסייתי טב,גרמים,800.00,100 גרם,false,1,19.80,2.48,true,1,
7290101952558,false,גרעיני תירס קפואים טבעפרוסט 800 גרם,,,גרעיני תירס קפואים,גרמים,800.00,100 גרם,false,1,17.10,2.14,true,1,
7290101952565,false,מחבת מלבני 21X33,,IL,מיני פריזר ילדים,גרמים,400.00,100 גרם,false,1,37.90,9.48,true,1,
7290101982470,false,ממתק רולר בטעמים,,,ממתק רולר בטעמים,Unknown,0.00,Unknown,false,1,7.20,7.20,true,1,
7290101999652,false,נרות מטה כוכבים מיקי,,,נרות מטה כוכבים מיקי,Unknown,0.00,Unknown,false,1,6.90,6.90,true,1,
7290102006441,false,זר יום הולדת לראש עם פרחים-לבן,,CN,זר יום הולדת לראש עם,Unknown,0.00,Unknown,false,24,9.90,9.90,true,1,
7290102030330,false,תפוציפס קראנצ מקסיקני 200 גרם,,,תפוציפס קראנצ מקסיקנ,גרמים,200.00,100 גרם,false,1,10.90,5.45,true,1,
7290102032334,false,קפה נמס בטעם וניל 200 גר,,,קפה נמס וניל 200 גר,גרמים,200.00,100 גרם,false,1,26.90,13.45,true,1,
7290102300822,false,צדר אנגלית כתומה 200 גר,,,צדר אנגלית כתומה 200,גרמים,200.00,100 גרם,false,1,25.90,12.95,true,1,
7290102301881,false,גבינת טרטר עשבי תיבול 150 גר,,,גבינת טרטר עשבי תיבו,גרמים,150.00,100 גרם,false,1,25.90,17.27,true,1,
7290102303977,false,גוש טונה בשמן זית רוברט 140 גרם,,PT,גוש טונה בשמן זית רו,גרמים,140.00,100 גרם,false,1,12.90,9.21,true,1,
7290102390427,false,יוגורט מולר פרופ בטעם תות 150גר,,,יוגורט מולר פרופ בטע,גרמים,150.00,100 גרם,false,1,5.40,3.60,true,1,
7290102390465,false,"פרופ אפרסק פסיפלורה מולר 150 מ""ל",,,פרופ אפרסק פסיפלורה,מיליליטרים,150.00,"100 מ""ל",false,1,5.40,3.60,true,1,
7290102390489,false,"פרופ לימון מולר 150 מ""ל",,,פרופ לימון מולר 150,מיליליטרים,150.00,"100 מ""ל",false,1,5.40,3.60,true,1,
7290102391844,false,"פרופ  מולר פירות יער 150 מ""ל",,,פרופ  מולר פירות יער,גרמים,150.00,100 גרם,false,1,5.40,3.60,true,1,
7290102392094,false,חלב עיזים בקרטון 1ל,,,חלב עיזים בקרטון 1ל,מיליליטרים,1000.00,"100 מ""ל",false,1,17.50,1.75,true,1,
7290102392728,false,מולר ביאנקו נטורל טבעי 2.8% 200גר,,,מולר ביאנקו נטורל טב,גרמים,200.00,100 גרם,false,1,4.50,2.25,true,1,
7290102393039,false,מולר מיקס יוגורט קרמי עם פצפוצים 150ג,,,מולר מיקס יוגורט,גרמים,150.00,100 גרם,false,1,6.10,4.07,true,1,
7290102393060,false,מולר מיקס יוגורט קרמי עם קרם אגוזים 150ג,,,מולר מיקס יוגורט קרמ,גרמים,150.00,100 גרם,false,1,6.10,4.07,true,1,
7290102393169,false,SIMPLY FRUIT מולר בטעם תות 3% 150 גר,,,SIMPLY FRUIT מולר בט,מיליליטרים,150.00,"100 מ""ל",false,1,5.40,3.60,true,1,
7290102393190,false,SIMPLY FRUIT מולר בטעם פירות יער 3%,,,SIMPLY FRUIT מולר בט,מיליליטרים,150.00,"100 מ""ל",false,1,5.40,3.60,true,1,
7290102393299,false,יוגורט עיזים לשתיה 500גר,,,יוגורט עיזים לשתיה 5,גרמים,500.00,100 גרם,false,1,11.40,2.28,true,1,
7290102393718,false,חלומי בקר 200 גר,,,חלומי בקר 200 גר,גרמים,200.00,100 גרם,false,1,27.20,13.60,true,1,
7290102393848,false,"משק צוריאל יוגורט עיזים תות 3% 140 מ""ל",,,משק צוריאל יוגורט עי,מיליליטרים,140.00,"100 מ""ל",false,1,6.90,4.93,true,1,
7290102393947,false,SIMPLY FRUIT מולר בטעם קיווי 3% 150 גר,,,SIMPLY FRUIT מולר בט,מיליליטרים,150.00,"100 מ""ל",false,1,5.40,3.60,true,1,
7290102394258,false,עז מה  9% מופחתת שומן צוריאל 180 גר,,,עז מה 9% מופחתת שומן,גרמים,180.00,100 גרם,false,0,24.60,13.67,true,1,
7290102395231,false,מאגדת שמיניה מולר נטורל 2.8%,,,מאגדת שמיניה מולר,גרמים,1200.00,100 גרם,false,1,20.30,1.69,true,1,
7290102395521,false,שמנת לבישול 15% 500 מל,,,שמנת לבישול 15% 500,מיליליטרים,500.00,"100 מ""ל",false,1,18.10,3.62,true,1,
7290102396672,false,זבינה צהובה נעם דק דק 9% 360 גר,,,זבינה צהובה נעם דק ד,גרמים,360.00,100 גרם,false,1,31.50,8.75,true,1,
7290102396719,false,מולר SIMPLY FRUIT תות 0% 150 גר,,,מולר SIMPLY FRUIT תו,גרמים,150.00,100 גרם,false,1,5.40,3.60,true,1,
7290102396740,false,מאגדת תות ואפרסק מולר סימפלי 0% 8*150 גר,,,מאגדת תות ואפרסק מול,קילוגרמים,0.00,"ק""ג",false,1,34.40,34.40,true,1,
7290102397464,false,מולר נטורל+ פקאן גרעינים וחמוציות 170 גר,,,מולר נטורל+ פקאן גרע,גרמים,170.00,100 גרם,false,1,6.10,3.59,true,1,
7290102397617,false,מולר מיקס קליק 170 גר,,,מולר מיקס קליק 170 ג,גרמים,170.00,100 גרם,false,1,6.10,3.59,true,1,
7290102397730,false,גבינת אמנטל נעם 200 גרם,,,גבינת אמנטל נעם 200,גרמים,200.00,100 גרם,false,1,17.90,8.95,true,1,
7290102397891,false,גבינה מותכת 100 גרם צוריאל,,,גבינה מותכת 100 גרם,גרמים,100.00,100 גרם,false,1,7.80,7.80,true,1,
7290102398065,false,קרטון חלב 2 ליטר 3% מהדרין,,,חלב 3% מהדרין 2 ליטר,ליטרים,0.00,ליטר,false,1,12.46,12.46,true,1,
7290102398331,false,חלב מועשר דל לקטוז 1 ליטר,,,חלב מועשר דל לקטוז 1,מיליליטרים,1000.00,"100 מ""ל",false,1,8.90,0.89,true,1,
7290102398577,false,מששוקו מועשר טרה 250 מל,,IL,שוקו מועשר טרה 250 מ,מיליליטרים,250.00,"100 מ""ל",false,1,6.50,2.60,true,1,
7290102399796,false,מולר אקטיב יוגורט חלבון לבן 200 גרם,,IL,מולר אקטיב יוגורט חל,גרמים,200.00,100 גרם,false,1,6.20,3.10,true,1,
7290102399819,false,מולר אקטיב יוגורט חלבון פירות 200 גרם,,IL,מולר אקטיב יוגורט,גרמים,200.00,100 גרם,false,1,6.50,3.25,true,1,
7290102399857,false,מולר אקטיב לייט יוגורט חלבון תות 200 גר,,IL,מולר אקטיב לייט יוגו,גרמים,200.00,100 גרם,false,1,6.50,3.25,true,1,
7290103401429,false,קפה קצב ברזילאי אוריגינס 200 גר,,,קפה קצב ברזילאי אורי,גרמים,200.00,100 גרם,false,1,29.90,14.95,true,1,
7290103404758,false,כרוב אדום 120 גר,,,כרוב אדום 120 גר,גרמים,125.00,100 גרם,false,1,5.80,4.64,true,1,
7290103408206,false,עלי חסה שטופים בקופסה 250גר,,,עלי חסה שטופים בקופס,גרמים,250.00,100 גרם,false,1,11.90,4.76,true,1,
7290104061417,false,חומוס טחינה 400 גר,,,חומוס טחינה 400 גר,גרמים,400.00,100 גרם,false,1,13.50,3.38,true,1,
7290104061431,false,חומוס צנובר 400 גר,,,חומוס צנובר 400 גר,גרמים,400.00,100 גרם,false,1,13.50,3.38,true,1,
7290104061448,false,חומוס חריף 400 גרם,,,חומוס חריף 400 גרם,גרמים,400.00,100 גרם,false,1,13.50,3.38,true,1,
7290104065934,false,עלי רוקט 150גר,,,עלי רוקט 150גר,גרמים,150.00,100 גרם,false,1,10.90,7.27,true,1,
7290104508943,false,במבה קלאסי 200 גרם,,,במבה קלאסי 200 גרם,גרמים,200.00,100 גרם,false,1,9.90,4.95,true,1,
7290104615214,false,צמחים,,,צמחים,Unknown,0.00,Unknown,false,1,25.00,25.00,true,1,
7290104615238,false,צמחים,,,צמחים,Unknown,0.00,Unknown,false,1,30.00,30.00,true,1,
7290104615252,false,צמחים,,,צמחים,Unknown,0.00,Unknown,false,1,40.00,40.00,true,1,
7290104615337,false,צמחים,,,צמחים,Unknown,0.00,Unknown,false,1,45.00,45.00,true,1,
7290104615412,false,צמחים,,,צמחים,Unknown,0.00,Unknown,false,1,13.00,13.00,true,1,
7290104615436,false,צמחים,,,צמחים,Unknown,0.00,Unknown,false,1,15.00,15.00,true,1,
7290104615450,false,צמחים,,,צמחים,Unknown,0.00,Unknown,false,1,17.00,17.00,true,1,
7290104615498,false,צמחים,,,צמחים,Unknown,0.00,Unknown,false,1,21.00,21.00,true,1,
7290104615641,false,חבילת פרחים,,,חבילת פרחים,Unknown,0.00,Unknown,false,1,34.00,34.00,true,1,
7290104615986,false,עציצים,,,עציצים,Unknown,0.00,Unknown,false,1,70.00,70.00,true,1,
7290104618222,false,צמחים,,,צמחים,Unknown,0.00,Unknown,false,1,70.00,70.00,true,1,
7290104722530,false,תפוציפס שמנת בצל 200 גרם,,,תפוציפס שמנת בצל 200,גרמים,200.00,100 גרם,false,1,10.90,5.45,true,1,
7290104728310,false,"שמנת עמידה לקצפת 38% 250 מ""ל",,,שמנת עמידה לקצפת 38%,מיליליטרים,250.00,"100 מ""ל",false,1,6.47,2.59,true,1,
7290105360250,false,קפסולות מקיאטו למכונות נספרסו 50 גר,,,קפסולות מקיאטו למכונ,גרמים,50.00,100 גרם,false,1,18.90,37.80,true,1,
7290105360328,false,קפסולות אספרסו חזק למכונות נספרסו 50 גר,,,קפסולות אספרסו חזק ל,Unknown,0.00,Unknown,false,1,18.90,18.90,true,1,
7290105360335,false,קפסולות אספרסו למכונות נספרסו 50 גר,,,קפסולות אספרסו למכונ,גרמים,50.00,100 גרם,false,1,18.90,37.80,true,1,
7290105362339,false,"שמנת לבישול 15% מהדרין 250 מ""ל",,,שמנת לבישול 15% מהדר,מיליליטרים,250.00,"100 מ""ל",false,1,9.90,3.96,true,1,
7290105500236,false,"וויסקי גק דניאלס 700 מ""ל",,,וויסקי גק דניאלס 700,מיליליטרים,700.00,"100 מ""ל",false,1,109.90,15.70,true,1,
7290105962331,false,זחוק אדום תימני מקורי חריף מאוד 220 גר,,,זחוק אדום תימני מקור,גרמים,220.00,100 גרם,false,1,15.00,6.82,true,1,
7290105965738,false,"משקה בוקר תות בננה 267 מ""ל",,,משקה בוקר תות בננה 2,מיליליטרים,267.00,"100 מ""ל",false,1,5.60,2.10,true,1,
7290105968777,false,פריכיות אנרגי תחתית שוקולד מריר 70 גרם,,,פריכיות אנרגי תחתית,גרמים,70.00,100 גרם,false,1,8.90,12.71,true,1,
7290106525368,false,גלילי וופל רבע לשבע אין סייד אוט 125 גר,,IL,גלילי וופל רבע לשבע,גרמים,125.00,100 גרם,false,1,13.50,10.80,true,1,
7290106528628,false,חטיף דוריטוס טבעי 185 גרם,,,Dippas חטיף דוריטוס,גרמים,185.00,100 גרם,false,1,8.90,4.81,true,1,
7290106528949,false,לקט ערוגות,,,לקט ערוגות,Unknown,0.00,Unknown,false,1,12.90,12.90,true,1,
7290106572027,false,לחמית חמישה דגנים 190 גרם,,,לחמית חמישה דגנים 19,גרמים,190.00,100 גרם,false,1,11.00,5.79,true,1,
7290106574953,false,בייגלה שטוחים שומשום 300 גרם,,,בייגלה שטוחים שומשום,גרמים,300.00,100 גרם,false,1,11.90,3.97,true,1,
7290106574977,false,בייגלה שטוחים עם מלח 300 גרם,,,בייגלה שטוחים עם מלח,גרמים,300.00,100 גרם,false,1,11.90,3.97,true,1,
7290106577282,false,טחינה 400 גר,,,טחינה 400 גרם,גרמים,400.00,100 גרם,false,1,14.90,3.73,true,1,
7290106578241,false,חטיפי דובונים 100 גרם,,,חטיפי דובונים 100 גר,גרמים,100.00,100 גרם,false,1,11.00,11.00,true,1,
7290106578692,false,ביסלי במבה גריל מיקס  80 גרם,,,ביסלי במבה גריל מיקס,גרמים,80.00,100 גרם,false,1,4.90,6.13,true,1,
7290106653689,false,לקט לסלט אסייתי 350 גר,,,לקט לסלט אסייתי 350,גרמים,350.00,100 גרם,false,1,12.90,3.69,true,1,
7290106663183,false,ציטוס בטעם גבינה 65 גר,,,ציטוס בטעם גבינה 65,גרמים,65.00,100 גרם,false,1,4.70,7.23,true,1,
7290106663503,false,קונפיטורת לייט תות 230 גר,,,קונפיטורת לייט תות 2,גרמים,230.00,100 גרם,false,1,15.90,6.91,true,1,
7290106667266,false,חטיף דוריטוס חמוץ חריף 185 גרם,,,חטיף דוריטוס חמוץ חר,גרמים,185.00,100 גרם,false,1,8.90,4.81,true,1,
7290106668577,false,"מיץ לימון 250 מ""ל יד מרדכי",,,"מיץ לימון 250 מ""ל יד",מיליליטרים,250.00,"100 מ""ל",false,1,9.90,3.96,true,1,
7290106721920,false,צנצנת מסטיקים ספירמינט מגדים ציקלט 66 גר,,,צנצנת מסטיקים ספירמי,Unknown,0.00,Unknown,false,1,11.50,11.50,true,1,
7290106723689,false,תרד בייבי  200 גר,,,תרד בייבי  200 גר,גרמים,200.00,100 גרם,false,1,12.90,6.45,true,1,
7290106725867,false,"סירופ מייפל טבעי יד מרדכי 189 מ""ל",,,סירופ מייפל טבעי יד,מיליליטרים,189.00,"100 מ""ל",false,1,42.90,22.70,true,1,
7290107645584,false,מרק עוף אמיתי רכיבים טבעיים 400 גרם,,,מרק עוף אמיתי רכיבים,גרמים,400.00,100 גרם,false,1,26.90,6.73,true,1,
7290107646918,false,קנור רוטב שקשוקה 415 גרם,,,קנור רוטב שקשוקה 415,גרמים,415.00,100 גרם,false,1,13.90,3.35,true,1,
7290107646963,false,ממרח ספייסי מיו תלמה 250 גרם,,,ממרח ספייסי מיו תלמה,גרמים,250.00,100 גרם,false,1,9.90,3.96,true,1,
7290107646970,false,ממרח איולי שום תלמה 250 גרם,,,ממרח איולי שום תלמה,גרמים,250.00,100 גרם,false,1,9.90,3.96,true,1,
7290107647816,false,"דגני ברנפלקס ללא תוספת סוכר 500 גרם בד""צ",,,דגני ברנפלקס ללא תוס,גרמים,500.00,100 גרם,false,1,25.90,5.18,true,1,
7290107648974,false,קנור רוטב עם בזיליקום לפסטה  415 גרם,,,קנור רוטב עם בזיליקו,גרמים,415.00,100 גרם,false,1,13.90,3.35,true,1,
7290107648981,false,קנור רוטב פומודורו 415 גרם,,,קנור רוטב פומודורו 4,גרמים,415.00,100 גרם,false,1,13.90,3.35,true,1,
7290107932080,false,חלב מועשר יוטבתה בבקבוק 3% 1 ליטר,,,חלב מועשר יוטבתה בבק,מיליליטרים,1000.00,"100 מ""ל",false,1,7.90,0.79,true,1,
7290107933155,false,לקט סלנובה 200 גר,,,לקט סלנובה 200 גר,גרמים,200.00,100 גרם,false,1,13.90,6.95,true,1,
7290107936309,false,דנונה יווני לבן 5.8% 120 גר,,,דנונה יווני לבן 5.8%,גרמים,120.00,100 גרם,false,1,3.50,2.92,true,1,
7290107938396,false,שמיניית אקטימל תות בנים 864 גר,,,שמיניית אקטימל תות 8,גרמים,864.00,100 גרם,false,1,22.70,2.63,true,1,
7290107941259,false,עדשים ירוקות מבושלות,,,עדשים ירוקות מבושלות,גרמים,475.00,100 גרם,false,1,12.90,2.72,true,1,
7290107941266,false,שעועית אדומה מבושלת,,,שעועית אדומה מבושלת,גרמים,475.00,100 גרם,false,1,14.90,3.14,true,1,
7290107941273,false,חומוס מבושל,,,חומוס מבושל,גרמים,475.00,100 גרם,false,1,11.90,2.51,true,1,
7290107943369,false,קוואקר שיבולת שועל ללא גלוטן 511 גר,,,קוואקר שיבולת שועל ל,גרמים,511.00,100 גרם,false,1,19.90,3.89,true,1,
7290107954976,false,משקה פרו קפה יטבתה 350 מל,,,משקה פרו קפה יטבתה 3,מיליליטרים,350.00,"100 מ""ל",false,1,7.20,2.06,true,1,
7290107956895,false,קפסולות אספרסו בטעם קרמל 50 גר,,,קפסולות אספרסו בטעם,Unknown,0.00,Unknown,false,1,18.90,18.90,true,1,
7290107956901,false,קפסולות בטעם אגוזים למכונות נספרסו 50 גר,,,קפסולות בטעם אגוזים,גרמים,50.00,100 גרם,false,1,18.90,37.80,true,1,
7290107956925,false,קפסולות אוגנדה 13 למכונות נספרסו 50 גר,,IL,קפסולות אוגנדה 13 למ,גרמים,50.00,100 גרם,false,1,18.90,37.80,true,1,
7290107957229,false,נטיפי שוקולד ציפס מריר 250 גר,,,נטיפי שוקולד ציפס מר,גרמים,130.00,100 גרם,false,1,13.90,10.69,true,1,
7290107973038,false,פלמוליב סבון ידיים אקווריום 300 מל,,,פלמוליב סבון ידיים א,מיליליטרים,300.00,"100 מ""ל",false,1,12.90,4.30,true,1,
7290107973809,false,מנה קוביות עגבניות 400 גר מאסטר שף,,,מנה קוביות עגבניות 4,גרמים,400.00,100 גרם,false,1,7.90,1.98,true,1,
7290107973861,false,מנה עגבניות קצוצות דק שלישיה 400 גר מ.שף,,,מנה עגבניות קצוצות ד,קילוגרמים,0.00,"ק""ג",false,1,18.80,18.80,true,1,
7290107978323,false,מאסטר שף איטריות דקיקות 400 גר,,,מאסטר שף איטריות דקי,גרמים,400.00,100 גרם,false,1,6.90,1.73,true,1,
7290107978347,false,מאסטר שף איטריות בינוניות 400 גר,,,מאסטר שף איטריות בינ,גרמים,400.00,100 גרם,false,1,6.90,1.73,true,1,
7290108070309,false,שקית בלונים פסטל מעו,,,שקית בלונים פסטל מעו,Unknown,0.00,Unknown,false,1,27.90,27.90,true,1,
7290108350128,false,סנו סושי 40 שקיות אשפה חזקות במיוחד,,,סנו סושי 40 שקיות אש,Unknown,0.00,Unknown,false,1,29.90,29.90,true,1,
7290108352054,false,צמד מברשות שיניים 980 + חוט דנטלי מתנה,,,צמד מברשות שיניים 98,יחידה,1.00,יחידה,false,1,19.90,19.90,true,1,
7290108352061,false,משחת שיניים אורביטול פחם 145 גר,,IL,משחת שיניים אורביטול,גרמים,145.00,100 גרם,false,1,16.90,11.66,true,1,
7290108352436,false,סנובון מוצק בניחוח נגוליה ונרולי שלישייה,,IL,סנובון מוצק בניחוח נ,יחידה,1.00,יחידה,false,1,17.90,17.90,true,1,
7290108353662,false,XL סושי מפת שולחן מוטבעת,,,XL סושי מפת שולחן מו,יחידה,1.00,יחידה,false,1,10.90,10.90,true,1,
7290108353846,false,שחורות כפפות סנו סושי L ניטריל 80 יח,,,שחורות כפפות סנו סוש,Unknown,0.00,Unknown,false,1,29.90,29.90,true,1,
7290108357240,false,אוקסיגן אבקה להסרת כתמים קשים צבעונית,,,אוקסיגן אבקה להסרת כ,יחידה,1.00,יחידה,false,1,33.90,33.90,true,1,
7290108357271,false,סנובון מוצק בניחוח כח החמצן שלישייה,,,סנובון מוצק בניחוח כ,מיליליטרים,0.00,"100 מ""ל",false,1,12.90,12.90,true,1,
7290108357301,false,"K-300 סנו 300 מ""ל",,,"K-300 סנו 300 מ""ל",מיליליטרים,300.00,"100 מ""ל",false,1,14.90,4.97,true,1,
7290108359985,false,סנו זאוול מרסס פריחה לבנה 1 ליטר,,,סנו זאוול מרסס פריחה,מיליליטרים,1000.00,"100 מ""ל",false,1,19.90,1.99,true,1,
7290108501346,false,גבינה גאודה מגורדת 28% 500 גר,,,גבינה גאודה מגורדת 2,גרמים,500.00,100 גרם,false,1,26.10,5.22,true,1,
7290108501360,false,גבינת צדר בשלה 200 גרם,,,גבינת צדר בשלה 200 ג,גרמים,200.00,100 גרם,false,1,21.90,10.95,true,1,
7290108501964,false,הפי נוטס חטיף אגוזים וצימוקים 4*35 גרם,,,הפי נוטס חטיף אגוזים,גרמים,140.00,100 גרם,false,1,13.90,9.93,true,1,
7290108501971,false,הפי נוטס חטיף בוטנים ומשמש 4*35 גרם,,,הפי נוטס חטיף בוטנים,גרמים,140.00,100 גרם,false,1,13.90,9.93,true,1,
7290108501988,false,הפי נוטס חטיף שקדים וחמוציות 4*35 גרם,,,הפי נוטס חטיף שקדים,גרמים,140.00,100 גרם,false,1,13.90,9.93,true,1,
7290108502329,false,רביעית טונה בשמן זית וילי פוד 4*160 גר,,TH,רביעית טונה בשמן זית,גרמים,640.00,100 גרם,false,1,28.90,4.52,true,1,
7290108502725,false,גבינת גאודה פרוסות 400 גר,,IL,גבינת גאודה פרוסות 4,גרמים,400.00,100 גרם,false,1,25.10,6.28,true,1,
7290108503692,false,פיצה מרגריטה 380 גר,,IT,פיצה מרגריטה 380 גר,גרמים,380.00,100 גרם,false,1,16.90,4.45,true,1,
7290108503814,false,גבינה מותכת למריחה 200 גר,,FI,גבינה מותכת ויאולה,גרמים,200.00,100 גרם,false,1,13.50,6.75,true,1,
7290108505153,false,יוגורט יווני 10% שומן 150 גרם,,GR,יוגורט בטעם טבעי,גרמים,150.00,100 גרם,false,1,6.60,4.40,true,1,
7290108505177,false,יוגורט עם אננס 0% שומן 150 גרם,,GR,יוגורט עם אננס 0% שו,גרמים,150.00,100 גרם,false,1,6.60,4.40,true,1,
7290108505191,false,יוגורט עם פצפוצי שוקולד 5% שומן 150 גרם,,GR,יוגורט עם פצפוצי שוק,גרמים,150.00,100 גרם,false,1,6.60,4.40,true,1,
7290108505207,false,יוגורט ען אוכמניות 0% שומן 150 גרם,,GR,יוגורט עם אוכמניות,גרמים,150.00,100 גרם,false,1,6.60,4.40,true,1,
7290108505733,false,גבינה חצי קשה 25% 200 גרם,,TR,גבינה צמות חצי קשה,גרמים,200.00,100 גרם,false,0,16.90,8.45,true,1,
7290108505962,false,שזיפים מיובשים וילי פוד 400 גרם,,US,שזיפים מיובשים וילי,גרמים,400.00,100 גרם,false,1,25.90,6.48,true,1,
7290108506648,false,רביולי דלעת 250 גרם,,IT,רביולי דלעת 250 גרם,גרמים,250.00,100 גרם,false,1,15.90,6.36,true,1,
7290108506662,false,רביולי פטריות 250 גרם,,IT,רביולי פטריות 250 גר,גרמים,250.00,100 גרם,false,1,15.90,6.36,true,1,
7290108507065,false,גבינת פרמגיאנו רגיאנו מגורדת 100 גרם,,IT,גבינת פרמגיאנו רגיאנ,גרמים,100.00,100 גרם,false,1,17.60,17.60,true,1,
7290108507072,false,שבבי גבינת גרנה פדנו 100 גרם,,,שבבי גבינת גרנה פדנו,גרמים,100.00,100 גרם,false,1,12.00,12.00,true,1,
7290108508772,false,קונכיות פתיתים עם תרד 400גרם,,TR,קונכיות פתיתים עם תר,גרמים,400.00,100 גרם,false,1,6.90,1.73,true,1,
7290108509250,false,"אנטיפסטי ארטישוק בשמן חמניות  380מ""ל",,,אנטיפסטי ארטישוק בשמ,מיליליטרים,380.00,"100 מ""ל",false,1,25.10,6.61,true,1,
7290108509359,false,פופקורן בציפוי בטעם קרמל 90 גרם,,UA,פופקורן בציפוי בטעם,גרמים,90.00,100 גרם,false,1,8.80,9.78,true,1,
7290108509618,false,זיתים ירוקים על הגריל מגולענים 730 גר,,TR,זיתים ירוקים על הגרי,גרמים,730.00,100 גרם,false,1,24.90,3.41,true,1,
7290108509700,false,"אורז פרסי 1 ק""ג DAAWAT",,IN,"אורז פרסי 1 ק""ג DAAW",גרמים,1000.00,100 גרם,false,1,11.40,1.14,true,1,
7290108509908,false,אטריות להכנה מהירה בטעם ירקות 85 גרם,,TH,אטריות להכנה מהירה ב,גרמים,85.00,100 גרם,false,1,3.90,4.59,true,1,
7290108509915,false,אטריות להכנה מהירה סיני פיקנטי 85 גרם,,TH,אטריות להכנה מהירה ס,גרמים,85.00,100 גרם,false,1,3.90,4.59,true,1,
7290108509922,false,אטריות להכנה מהירה בטעם עוף 85 גרם,,TH,אטריות להכנה מהירה ב,גרמים,85.00,100 גרם,false,1,3.90,4.59,true,1,
7290110110659,false,"ספרייט סליק חדש 330 מ""ל",,,ספרייט סליק חדש 330,מיליליטרים,330.00,"100 מ""ל",false,1,5.90,1.79,true,1,
7290110111557,false,פאוורייד משקה ספורט איזוט בטעם פירות 500,,,פאוור אייד מאונטן בל,מיליליטרים,500.00,"100 מ""ל",false,1,12.90,2.58,true,1,
7290110111564,false,פאוורייד משקה ספורט איזוט הדרים ליים 500,,,פאוורייד משקה ספורט,מיליליטרים,500.00,"100 מ""ל",false,1,12.90,2.58,true,1,
7290110113926,false,"פאנטה אורנג 500 מ""ל ZERO",,,"פאנטה אורנג 500 מ""ל",מיליליטרים,500.00,"100 מ""ל",false,1,8.50,1.70,true,1,
7290110114794,false,מים נביעות 1.5 ליטר,,IL,מים נביעות 1.5 ליטר,ליטרים,0.00,ליטר,false,1,10.40,10.40,true,1,
7290110114800,false,מים נביעות בטעם ענבי,,IL,מים נביעות בטעם ענבי,ליטרים,0.00,ליטר,false,1,10.40,10.40,true,1,
7290110114855,false,שישיית מים נביעות,,IL,שישיית מים נביעות,ליטרים,0.01,ליטר,false,1,13.90,1390.00,true,1,
7290110114954,false,מיץ תפוזים מתקתק 100% 2 ליטר,,,מיץ תפוזים מתקתק 100,ליטרים,0.00,ליטר,false,1,26.90,26.90,true,1,
7290110114961,false,פריגת תפוזים 1.5 ליט,,IL,פריגת תפוזים 1.5 ליט,ליטרים,0.00,ליטר,false,1,9.90,9.90,true,1,
7290110114985,false,פריגת אשכוליות 1.5 ל,,IL,פריגת אשכוליות 1.5 ל,ליטרים,0.00,ליטר,false,1,9.90,9.90,true,1,
7290110114992,false,פריגת דיאט אשכוליות,,IL,פריגת דיאט אשכוליות,ליטרים,0.00,ליטר,false,1,9.90,9.90,true,1,
7290110115005,false,פריגת ענבים 1.5 ליטר,,IL,פריגת ענבים 1.5 ליטר,ליטרים,0.00,ליטר,false,1,9.90,9.90,true,1,
7290110115043,false,פריגת לימונענע 1.5 ל,,IL,פריגת לימונענע 1.5 ל,ליטרים,0.00,ליטר,false,1,9.90,9.90,true,1,
7290110115296,false,פאנטה אורנג 1.5 ליטר,,IL,פאנטה אורנג 1.5 ליטר,ליטרים,0.00,ליטר,false,1,10.00,10.00,true,1,
7290110115401,false,קינלי סודה  שישייה 1,,IL,קינלי סודה  שישייה 1,ליטרים,0.01,ליטר,false,1,16.70,1670.00,true,1,
7290110115418,false,קוקה קולה דיאט ZERO,,IL,קוקה קולה דיאט ZERO,ליטרים,0.01,ליטר,false,1,49.90,4990.00,true,1,
7290110115463,false,תה פיוז אפרסק 1.5 לי,,IL,תה פיוז אפרסק 1.5 לי,ליטרים,0.00,ליטר,false,1,9.90,9.90,true,1,
7290110115623,false,פיוז טי זירו אפרסק 1.5 ליטר,,IL,פיוז טי זירו אפרסק 1,ליטרים,0.00,ליטר,false,1,9.90,9.90,true,1,
7290110115777,false,נביעות 1.5 ליטר,,,נביעות 1.5 ליטר,ליטרים,0.00,ליטר,false,1,3.90,3.90,true,1,
7290110115821,false,ספרייט לימון- ליים 1.5 ליטר,,,ספרייט לימון- ליים 1,ליטרים,0.00,ליטר,false,1,9.00,9.00,true,1,
7290110115838,false,ספרייט לימון- ליים 1.5 ליטר,,IL,ספרייט זירו לימון- ל,ליטרים,0.00,ליטר,false,1,9.50,9.50,true,1,
7290110115845,false,קוקה קולה 1.5 ליטר,,,קוקה קולה 1.5 ליטר,ליטרים,0.00,ליטר,false,1,9.20,9.20,true,1,
7290110115869,false,קוקה קולה  1.5 ליטר ZERO,,IL,קוקה קולה  1.5 ליטר,ליטרים,0.00,ליטר,false,1,9.50,9.50,true,1,
7290110115876,false,קינלי סודה 1.5 ליטר,,,קינלי סודה 1.5 ליטר,ליטרים,0.00,ליטר,false,1,3.30,3.30,true,1,
7290110116132,false,סירופ בטעם לימון 750 מל פריגת,,,סירופ בטעם לימון 750,מיליליטרים,750.00,"100 מ""ל",false,1,24.90,3.32,true,1,
7290110116194,false,נביעות+ סדרת 0 קלוריות לימון-ליים 1.5 לי,,,נביעות+ סדרת 0 קלורי,ליטרים,0.00,ליטר,false,1,8.50,8.50,true,1,
7290110116217,false,נביעות+ סדרת 0 קלוריות אשכוליות 1.5 ליטר,,,נביעות+ סדרת 0 קלורי,ליטרים,0.00,ליטר,false,1,8.50,8.50,true,1,
7290110116385,false,"סליק סטפאני זירו 330 מ""ל",,,סליק סטפאני זירו 330,מיליליטרים,330.00,"100 מ""ל",false,1,5.90,1.79,true,1,
7290110116569,false,ספרייט ZERO בקבוק 1.5 ליטר,,IL,ספרייט ZERO בקבוק 1.,ליטרים,0.00,ליטר,false,1,8.90,8.90,true,1,
7290110320591,false,פיראוס בולגרית מעודנת 16% 250 גר,,,פיראוס בולגרית מעודנ,גרמים,250.00,100 גרם,false,1,24.90,9.96,true,1,
7290110320850,false,פתיתי עמק 200 גר,,,פתיתי עמק 200 גר,גרמים,200.00,100 גרם,false,1,17.90,8.95,true,1,
7290110321031,false,יופלה 200 מל GO,,,יופלה 200 מל GO,מיליליטרים,200.00,"100 מ""ל",false,1,6.20,3.10,true,1,
7290110321697,false,יופלה אפרסק 200 מל GO,,,יופלה אפרסק GO,מיליליטרים,200.00,"100 מ""ל",false,1,6.20,3.10,true,1,
7290110321703,false,יופלה GO פירות יער 200 מל,,,יופלה GO פירות יער 2,מיליליטרים,200.00,"100 מ""ל",false,1,6.20,3.10,true,1,
7290110322014,false,טופו טבעי 300 גר,,,טופו טבעי 300 גר,גרמים,300.00,100 גרם,false,1,12.90,4.30,true,1,
7290110322021,false,טופו בזיליקום 300 גר,,,טופו בזיליקום 300 גר,גרמים,300.00,100 גרם,false,1,12.90,4.30,true,1,
7290110322038,false,טופו פיקנטי 300 גר,,,טופו פיקנטי 300 גר,גרמים,300.00,100 גרם,false,1,12.90,4.30,true,1,
7290110323301,false,גבינה טל העמק 32% 200 גר,,IL,גבינה טל העמק 32% 20,גרמים,200.00,100 גרם,false,1,20.90,10.45,true,1,
7290110323585,false,יוגורט עם דובדבן מופחת שומן 200 מל GO,,IL,יוגורט עם דובדבן מופ,מיליליטרים,200.00,"100 מ""ל",false,1,6.20,3.10,true,1,
7290110323592,false,יוגורט עם אפרסק מופחת שומן 200 מל GO,,IL,יוגורט עם אפרסק מופח,מיליליטרים,200.00,"100 מ""ל",false,1,6.20,3.10,true,1,
7290110323714,false,משקה קוקוס שקדים 1 ליטר,,IL,משקה קוקוס שקדים 1 ל,מיליליטרים,1000.00,"100 מ""ל",false,1,14.90,1.49,true,1,
7290110324070,false,גבינת חלומי מחלב בקר 22% 200 גר,,,חלומי מחלב בקר 22%,גרמים,200.00,100 גרם,false,1,21.90,10.95,true,1,
7290110324353,false,יופלה אננס לייט 200 מל GO,,IL,יופלה גו אננס לייט,מיליליטרים,200.00,"100 מ""ל",false,1,6.20,3.10,true,1,
7290110324728,false,ממרח סויה שום שמיר 9% 250 גר,,IL,ממרח סויה שום שמיר 9,גרמים,250.00,100 גרם,false,1,11.00,4.40,true,1,
7290110324841,false,מעדן שקדים עם שוקולד מריר 125 גרם,,IL,מעדן שקדים עם שוקולד,גרמים,125.00,100 גרם,false,1,5.30,4.24,true,1,
7290110324872,false,גלבוע 5% 200 גרם,,,גלבוע 5% 200 גרם,גרמים,200.00,100 גרם,false,1,18.50,9.25,true,1,
7290110324926,false,משקה סויה ללא תוספת סוכר 1 ליטר,,,משקה סויה ללא תוספת,מיליליטרים,1000.00,"100 מ""ל",false,1,12.50,1.25,true,1,
7290110325114,false,משקה יוגורט גו לייט תות בננה 250 מל,,IL,משקה יוגורט גו לייט,מיליליטרים,250.00,"100 מ""ל",false,1,6.90,2.76,true,1,
7290110325312,false,מעדן סויה גו 20 גר חלבון תות 200 גר,,IL,מעדן סויה גו 20 גר ח,גרמים,200.00,100 גרם,false,1,6.20,3.10,true,1,
7290110325619,false,מאגדת זוג משקה שקדים 2*1 ליטר,,IL,משקה שיבולת שועל 1 ל,ליטרים,0.00,ליטר,false,1,14.90,14.90,true,1,
7290110325701,false,גבינת פיראוס יווני 9% שומן על בסיס יוגור,,,גבינת פיראוס יווני 9,גרמים,250.00,100 גרם,false,1,14.60,5.84,true,1,
7290110325879,false,פתיתי גאודה 200 גרם,,IL,פתיתי גאודה 200 גרם,גרמים,200.00,100 גרם,false,1,19.90,9.95,true,1,
7290110325893,false,"אייס קפה  GO 340 מ""ל",,IL,"אייס קפה GO 340 מ""ל",גרמים,340.00,100 גרם,false,1,8.90,2.62,true,1,
7290110326210,false,יופלה און טופ פצפוצים 157 גרם,,,יופלה און טופ פצפוצי,גרמים,157.00,100 גרם,false,1,5.80,3.69,true,1,
7290110326333,false,גבינה סקנדינבית פרוסות 170 גרם,,IL,גבינה סקנדינבית פרוס,גרמים,170.00,100 גרם,false,0,20.90,12.29,true,1,
7290110327064,false,משקה קפה שיבולת שועל 1 ליטר,,,משקה קפה שיבולת שועל,מיליליטרים,1000.00,"100 מ""ל",false,1,14.90,1.49,true,1,
7290110327514,false,משקה שיבולת שועל בטעם אגוזי לוז 1 ליטר,,,משקה שיבולת שועל בטע,מיליליטרים,1000.00,"100 מ""ל",false,1,14.90,1.49,true,1,
7290110328504,false,טריו מיקס- מוצרלה סקנדינבית וגאודה 300 ג,,IL,טריו מיקס- מוצרלה סק,גרמים,300.00,100 גרם,false,1,29.90,9.97,true,1,
7290110328610,false,משקה אורז ושקדים בריסטה alternative 1 לי,,,משקה אורז ושקדים ברי,ליטרים,1.00,ליטר,false,1,14.90,14.90,true,1,
7290110328627,false,יוגורט סמיך בננה קרמל 0% 200 מל GO,,,יוגורט גו סמיך בננה,מיליליטרים,200.00,"100 מ""ל",false,1,6.20,3.10,true,1,
7290110328764,false,יוגורט סמיך תות 0% 200 מל GO,,,יוגורט גו סמיך תות,מיליליטרים,200.00,"100 מ""ל",false,1,6.20,3.10,true,1,
7290110328788,false,יוגורט סמיך אפרסק 0% 200 מל GO,,,יוגורט גו סמיך אפרסק,מיליליטרים,200.00,"100 מ""ל",false,1,6.20,3.10,true,1,
7290110329136,false,מעדן חלב go בטעם שוקולד 12 ג חלבון 120 ג,,,מעדן חלב go בטעם שוק,גרמים,120.00,100 גרם,false,1,5.40,4.50,true,1,
7290110329143,false,מעדן חלב go בטעם וניל 12 ג חלבון 120 גרם,,,מעדן חלב go בטעם וני,גרמים,120.00,100 גרם,false,1,5.40,4.50,true,1,
7290110329266,false,יוגורט תנובה מחלב עיזים מלא 150 גרם,,,יוגורט תנובה מחלב עי,גרמים,150.00,100 גרם,false,1,6.90,4.60,true,1,
7290110329426,false,טופו טבעי 250 גרם עם רוטב קר alternative,,,טופו טבעי 250 גרם עם,ליטרים,0.31,ליטר,false,1,14.90,48.06,true,1,
7290110329686,false,"משקה חלב גו בטעם עוגיות 340 מ""ל",,,משקה חלב גו בטעם עוג,מיליליטרים,340.00,"100 מ""ל",false,1,8.90,2.62,true,1,
7290110329716,false,"משקה קפה קר בטעם קפוצינו 230 מ""ל",,IL,משקה קפה קר בטעם קפו,מיליליטרים,230.00,"100 מ""ל",false,1,7.90,3.43,true,1,
7290110329723,false,משקה קפה קר בטעם לאטה 230 גרם,,IL,משקה קפה קר בטעם לאט,מיליליטרים,230.00,"100 מ""ל",false,1,7.90,3.43,true,1,
7290110329730,false,משקה חלב עם שוקולד וקפה לאטה 230 גרם,,IL,משקה חלב עם שוקולד ו,מיליליטרים,230.00,"100 מ""ל",false,1,7.90,3.43,true,1,
7290110329792,false,סויה BIO אפרסק גביע Alternative 150 גרם,,IL,סויה BIO אפרסק גביע,גרמים,150.00,100 גרם,false,1,5.10,3.40,true,1,
7290110329808,false,סויה BIO תות גביע 150 גרם Alternative,,IL,סויה BIO תות גביע 15,גרמים,150.00,100 גרם,false,1,5.10,3.40,true,1,
7290110329815,false,מעדן סויה ביו מתיקות מעודנת alternative,,IL,מעדן סויה ביו מתיקות,גרמים,150.00,100 גרם,false,1,5.10,3.40,true,1,
7290110329822,false,מעדן סויה ביו פירות יער alternative 150,,IL,מעדן סויה ביו פירות,גרמים,150.00,100 גרם,false,1,5.10,3.40,true,1,
7290110329846,false,סויה BIO טבעי גביע Alternative 150 גרם,,IL,סויה BIO טבעי גביע A,גרמים,150.00,100 גרם,false,1,5.10,3.40,true,1,
7290110552220,false,דנונה פרו תות 20 ג חלבון ללא סוכר 200 גר,,,דנונה פרו תות 20 ג ח,גרמים,200.00,100 גרם,false,1,6.20,3.10,true,1,
7290110552237,false,דנונה פרו אפרסק מנגו 20 ג ללא סוכר 200 ג,,,דנונה פרו אפרסק מנגו,גרמים,200.00,100 גרם,false,1,6.20,3.10,true,1,
7290110554422,false,רוטב עגבניות ופלפלים לשקשוקה 350 גרם,,IT,רוטב עגבניות ופלפלים,גרמים,350.00,100 גרם,false,1,13.90,3.97,true,1,
7290110554460,false,ציטוס קראנץ צדר חלפיניו 65 גר,,,ציטוס קראנץ צדר חלפי,גרמים,65.00,100 גרם,false,1,4.70,7.23,true,1,
7290110554507,false,קפה טורקי תימני 100 גרם,,,קפה טורקי תימני 100,גרמים,100.00,100 גרם,false,1,9.50,9.50,true,1,
7290110554545,false,קפסולות אספרסו לאפוגטו - טעם קוקוס 50 גר,,IL,קפסולות אספרסו לאפוג,גרמים,50.00,100 גרם,false,1,18.90,37.80,true,1,
7290110554699,false,"קפסולות שת""פ קפה עולה נספרסו 50 גר",,,"קפסולות שת""פ קפה עול",גרמים,50.00,100 גרם,false,1,19.90,39.80,true,1,
7290110554712,false,"קפסולות שת""פ קפה נחת  נספרסו 50 גר",,,"קפסולות שת""פ קפה נחת",גרמים,50.00,100 גרם,false,1,19.90,39.80,true,1,
7290110556242,false,שוקולד מריר פרווה  חדש 100 גרם,,,שוקולד מריר פרווה  ח,גרמים,100.00,100 גרם,false,1,6.00,6.00,true,1,
7290110557027,false,חומוס 50% טחינה 400 גרם,,IL,חומוס 50% טחינה 400,גרמים,400.00,100 גרם,false,1,15.60,3.90,true,1,
7290110557102,false,מעדן חלב עם שוקולד מועשר בחלבון 150 גרם,,IL,מעדן חלב עם שוקולד,גרמים,150.00,100 גרם,false,1,5.50,3.67,true,1,
7290110557133,false,מעדן הגולן וניל 125 גרם,,IL,מעדן הגולן וניל 125,גרמים,125.00,100 גרם,false,1,3.20,2.56,true,1,
7290110560317,false,פריכיות משולשות אנרגי מלח ים 30 גר,,IL,פריכיות משולשות אנרג,גרמים,30.00,100 גרם,false,1,5.90,19.67,true,1,
7290110560324,false,פריכיות משולשות אנרגי אפונה ירוקה 30 גר,,IL,פריכיות משולשות אנרג,גרמים,30.00,100 גרם,false,1,5.90,19.67,true,1,
7290110563431,false,משקה קפה קר 1.6% קלאסי 230 מל,אנסטל מילק,AT,משקה קפה קר 1.6% קלא,מיליליטרים,230.00,"100 מ""ל",false,1,8.90,3.87,true,1,
7290110563448,false,משקה קפה קר 1.6% מעודן 230 מל,,IL,משקה קפה קר 1.6% מעו,מיליליטרים,230.00,"100 מ""ל",false,1,8.90,3.87,true,1,
7290110564360,false,חומוס עשיר ב-40% טחינה 400 גר,,,חומוס עשיר ב-40% טחי,גרמים,400.00,100 גרם,false,1,15.60,3.90,true,1,
7290110564742,false,משקה קפה קר 1.2% חזק 230 מל,,IL,משקה קפה קר 1.2% חזק,מיליליטרים,230.00,"100 מ""ל",false,1,8.90,3.87,true,1,
7290110565527,false,דנונה פרו 20 גרם חלבון 1.5% 200 גר,,,דנונה פרו 20 גרם חלב,גרמים,200.00,100 גרם,false,1,6.20,3.10,true,1,
7290110566623,false,קפסולות קולומביה 08 למכונות נספרסו 50 גר,,IL,קפסולות קולומביה 08,גרמים,50.00,100 גרם,false,1,18.90,37.80,true,1,
7290110566975,false,דנונה פרו תות 20 גרם 12 יח,,,דנונה פרו תות 20 גרם,גרמים,200.00,100 גרם,false,1,6.20,3.10,true,1,
7290110568276,false,משקה פרו וניל יטבתה 350 מל,,,משקה פרו וניל יטבתה,מיליליטרים,350.00,"100 מ""ל",false,1,7.20,2.06,true,1,
7290110571184,false,עדשים חומות 380 גר שטראוס טעם הטבע,,,עדשים חומות 380 גר ש,גרמים,380.00,100 גרם,false,1,7.50,1.97,true,1,
7290110571382,false,מעדן חלב בטעם וניל מועשר בחלבון 150 גרם,,IL,מעדן חלב בטעם וניל מ,גרמים,150.00,100 גרם,false,1,5.50,3.67,true,1,
7290110572884,false,קפסולות 20 למכונות NESPRESSO,,,קפסולות 20 למכונות N,גרמים,50.00,100 גרם,false,1,18.90,37.80,true,1,
7290110576370,false,מארז שלישיית אגוז מריר  3*100 גר,,,מארז שלישיית אגוז מר,גרמים,300.00,100 גרם,false,1,26.90,8.97,true,1,
7290110576752,false,ספלנדיד מריר 70% 22 100 גר,,,ספלנדיד מריר 70% 22,גרמים,100.00,100 גרם,false,1,12.90,12.90,true,1,
7290110576776,false,ספלנדיד מריר 85% 100 גר,,,ספלנדיד מריר 85% 100,גרמים,100.00,100 גרם,false,1,12.90,12.90,true,1,
7290110576868,false,גמדים רביעיית סלט פירות 200 גרם,,,גמדים רביעיית סלט פי,גרמים,200.00,100 גרם,false,1,12.90,6.45,true,1,
7290111341366,false,מפיות ניקול חד שכבתי 30*30 150 יח,,IL,מפיות ניקול חד שכבתי,Unknown,0.00,Unknown,false,1,10.40,10.40,true,1,
7290111341984,false,נייר טואלט לילי לח מארז רביעייה,,IL,נייר טואלט לילי לח מ,Unknown,0.00,Unknown,false,1,24.00,24.00,true,1,
7290111342059,false,מט.לחות ניקול לחיט משטחים אנטיבקטריאלי50,,IL,מט.לחות ניקול לחיט מ,Unknown,0.00,Unknown,false,1,15.90,15.90,true,1,
7290111343797,false,מטליות לחות ניקול לניקוי חלונות 48 יח,,IL,מטליות לחות ניקול לנ,יחידה,1.00,יחידה,false,1,14.90,14.90,true,1,
7290111343841,false,ספוגית הקסם ניקול נירוסטה 3 יח,,CN,ספוגית הקסם ניקול ני,יחידה,1.00,יחידה,false,1,16.70,16.70,true,1,
7290111344916,false,כרית יפנית אנטיבקטריאלי שישיה,,IL,כרית יפנית אנטיבקטרי,Unknown,0.00,Unknown,false,1,15.60,15.60,true,1,
7290111344930,false,מט.לחות ניקול לנ.רצפה מרכך כביסה 10 יח,,,מט.לחות ניקול לנ.רצפ,Unknown,0.00,Unknown,false,1,14.90,14.90,true,1,
7290111346293,false,מגבות ניקול שישייה מהדורה חגיגית,,,מגבות ניקול שישייה מ,Unknown,0.00,Unknown,false,1,12.90,12.90,true,1,
7290111350726,false,חטיף נאצוס הוטפופ בסגנון מקסיקני 322 גר,,US,חטיף נאצוס הוטפופ בס,גרמים,322.00,100 גרם,false,1,17.90,5.56,true,1,
7290111564277,false,פריכיות פיטנס שלושה דגנים דקות 120 גר,,,פריכיות פיטנס שלושה,גרמים,120.00,100 גרם,false,1,11.90,9.92,true,1,
7290111566103,false,פלאפל רכיבים טבעיים טבעול 590 גר,,,פלאפל רכיבים טבעיים,גרמים,590.00,100 גרם,false,1,38.50,6.53,true,1,
7290111566714,false,המבורגר צמחוני 99 קלוריות טבעול 600 גר,,,המבורגר צמחוני 99 קל,גרמים,600.00,100 גרם,false,1,38.50,6.42,true,1,
7290111568206,false,ביסלי פארטי מיקס 150 גרם,,,ביסלי פארטי מיקס 150,גרמים,150.00,100 גרם,false,1,9.90,6.60,true,1,
7290111872969,false,נרות גמבו כוכבים  כו,,CN,נרות גמבו כוכבים  כו,Unknown,1.00,Unknown,false,12,6.90,6.90,true,1,
7290111930799,false,קראנצוס בצל 55 גרם,,,קראנצוס בצל 55 גרם,גרמים,55.00,100 גרם,false,1,3.90,7.09,true,1,
7290111930928,false,חטיף פוף לבבות גריל 40 גרם,,,חטיף פוף לבבות גריל,גרמים,40.00,100 גרם,false,1,4.60,11.50,true,1,
7290112002099,false,גל כביסה קולון מרוכז כחול 2.5 ל,,IL,גל כביסה קולון מרוכז,ליטרים,0.00,ליטר,false,1,29.90,29.90,true,1,
7290112005045,false,וניש אבקת כביסה לבנה 480 גרם,,IT,וניש אבקת כביסה לבנה,יחידה,1.00,יחידה,false,1,18.80,18.80,true,1,
7290112005076,false,וניש אבקת כביסה צבעונית 480 גרם,,IT,וניש אבקת כביסה צבעו,יחידה,1.00,יחידה,false,1,18.80,18.80,true,1,
7290112197207,false,מיני כריות שוקולד חלב 65 גר G FREE,,,מיני כריות שוקולד חל,גרמים,65.00,100 גרם,false,1,7.90,12.15,true,1,
7290112330352,false,דנונה פרו וניל 20 גרם חלבון 0% 200 גר,,IL,דנונה פרו וניל 20 גר,גרמים,200.00,100 גרם,false,1,6.20,3.10,true,1,
7290112330390,false,דנונה פרו פירות יער 20 גרם חלבון 0% 200ג,,IL,דנונה פרו פירות יער,גרמים,200.00,100 גרם,false,1,6.20,3.10,true,1,
7290112332691,false,עוגיית קרם פסק זמן אגוזים 200 גרם,,IL,עוגיית קרם פסק זמן א,גרמים,200.00,100 גרם,false,1,12.90,6.45,true,1,
7290112332899,false,צנצנת בזוקה פופים קלאסי 58 גר,,IL,צנצנת בזוקה פופים קל,גרמים,58.00,100 גרם,false,1,11.50,19.83,true,1,
7290112334749,false,קפה עלית טורקי 200 גרם + 10% תוספת,,,קפה עלית טורקי 200 ג,גרמים,220.00,100 גרם,false,1,17.90,8.14,true,1,
7290112335494,false,פריכיות הטעימות פוטטוס אנרגי 135 גר,,IL,פריכיות הטעימות פוטט,גרמים,135.00,100 גרם,false,1,12.90,9.56,true,1,
7290112335500,false,פריכיות הטעימות חלבון אנרגי 135 גר,,IL,פריכיות הטעימות חלבו,גרמים,135.00,100 גרם,false,1,12.90,9.56,true,1,
7290112336712,false,דנונה פרו 21 גרם חלבון 0% 200 גר,,IL,דנונה פרו 21 גרם חלב,גרמים,200.00,100 גרם,false,1,6.20,3.10,true,1,
7290112340122,false,פריכיות טעימות 3 דגנים אנרגי 135 גר,,IL,פריכיות טעימות 3 דגנ,גרמים,135.00,100 גרם,false,1,12.90,9.56,true,1,
7290112341679,false,יוגורט אקטיביה  3% 200 גר,,IL,יוגורט אקטיביה  3% 2,גרמים,200.00,100 גרם,false,1,4.10,2.05,true,1,
7290112343420,false,"משקה חלב עם דגנים ובננה 350 מ""ל",,IL,משקה חלב עם דגנים וב,מיליליטרים,350.00,"100 מ""ל",false,1,8.50,2.43,true,1,
7290112343499,false,ציטוס 55 גרם 48 יחידות  puffs,,,ציטוס 55 גרם 48 יחיד,גרמים,55.00,100 גרם,false,1,4.90,8.91,true,1,
7290112343512,false,ציטוס  160 גרם 9 יחידות puffs,,,ציטוס  160 גרם 9 יחי,גרמים,160.00,100 גרם,false,1,8.90,5.56,true,1,
7290112344786,false,קפה פלטינום קלאסיק 200 גרם,,IL,קפה פלטינום קלאסיק 2,גרמים,200.00,100 גרם,false,1,29.90,14.95,true,1,
7290112349743,false,רוטב עגבניות לפסטה פיקנטי ארביאטה 350 גר,,IT,רוטב עגבניות לפסטה פ,גרמים,350.00,100 גרם,false,1,13.90,3.97,true,1,
7290112354211,false,פיצה מרגריטה דלישס 400 גרם,,IT,פיצה מרגריטה דלישס 4,קילוגרמים,0.28,"ק""ג",false,1,27.90,99.64,true,1,
7290112354228,false,פיצה מרגריטה זיתים דלישס 400 גרם,,IT,פיצה מרגריטה זיתים ד,קילוגרמים,0.28,"ק""ג",false,1,27.90,99.64,true,1,
7290112355027,false,דנונה פרו 20 גרם חלבון קרמל מלוח 200 גרם,,,דנונה פרו 20 גרם חלב,גרמים,200.00,100 גרם,false,1,6.20,3.10,true,1,
7290112357106,false,שעועית אדומה טעם הטבע קופסה 380 גר,,IT,שעועית אדומה טעם הטב,גרמים,380.00,100 גרם,false,1,7.50,1.97,true,1,
7290112357113,false,גרגרי חומוס טעם הטבע קופסה 380 גר,,IT,גרגרי חומוס טעם הטבע,גרמים,380.00,100 גרם,false,1,7.50,1.97,true,1,
7290112490582,false,הלמנס חרדל דיזון 350 גרם,,FR,הלמנס חרדל דיזון 350,גרמים,350.00,100 גרם,false,1,16.90,4.83,true,1,
7290112490650,false,קונפיטורה תות שדה 340 גרם-צנצנת,,FR,קונפיטורה תות שדה 34,גרמים,340.00,100 גרם,false,1,18.60,5.47,true,1,
7290112491701,false,ברנפלקס אקסטרה פרוטאין 375 גרם,,IL,ברנפלקס אקסטרה פרוטא,גרמים,375.00,100 גרם,false,1,25.90,6.91,true,1,
7290112491787,false,בייגלה דקים דקים שומשום קלאסי 300 גרם,,,בייגלה דקים דקים שומ,גרמים,300.00,100 גרם,false,1,13.90,4.63,true,1,
7290112492449,false,"שמפו פינוק לשיער רגיל 700 מ""ל",,IL,שמפו פינוק לשיער רגי,מיליליטרים,700.00,"100 מ""ל",false,1,13.90,1.99,true,1,
7290112492456,false,"שמפו פינוק לשיער יבש/פגום 700 מ""ל",,IL,שמפו פינוק לשיער יבש,מיליליטרים,700.00,"100 מ""ל",false,1,13.90,1.99,true,1,
7290112492593,false,תחליב רחצה פינוק בניחוח פינוק קלאסי 700,,IL,תחליב רחצה פינוק בני,מיליליטרים,700.00,"100 מ""ל",false,1,15.90,2.27,true,1,
7290112492753,false,"אל סבון פינוק לילדים 700 מ""ל",,IL,אל סבון פינוק לילדים,מיליליטרים,700.00,"100 מ""ל",false,1,14.90,2.13,true,1,
7290112493088,false,מרק קנור נמס בכוס עדשים 54 גרם,,,מרק קנור נמס בכוס עד,גרמים,54.00,100 גרם,false,1,8.50,15.74,true,1,
7290112494221,false,קליק ביסקוויט 65 גרם,,,קליק ביסקוויט 65 גרם,גרמים,65.00,100 גרם,false,1,6.90,10.62,true,1,
7290112494276,false,קליק כריות 65 גר,,,קליק כריות 65 גר,גרמים,65.00,100 גרם,false,1,7.90,12.15,true,1,
7290112494382,false,פירה בטעם ביתי 260 גרם-קופסא,,,פירה בטעם ביתי 260 ג,גרמים,260.00,100 גרם,false,1,14.90,5.73,true,1,
7290112494610,false,קנור רוטב עגבניות פיקנטי לדג 415 גרם,,IT,קנור רוטב עגבניות פי,גרמים,415.00,100 גרם,false,1,13.90,3.35,true,1,
7290112494818,false,"גל כביסה בדין בייבי 2.5 ק""ג",,IL,גל כביסה בדין בייבי,קילוגרמים,0.00,"ק""ג",false,1,38.50,38.50,true,1,
7290112494993,false,כריות וניל 686 גרם קופסא,,,כריות וניל 686 גרם ק,גרמים,686.00,100 גרם,false,1,29.90,4.36,true,1,
7290112495006,false,כריות נוגט 686 גרם - קופסא,,,כריות נוגט 686 גרם -,גרמים,686.00,100 גרם,false,1,27.90,4.07,true,1,
7290112495433,false,דליפקאן 400 גרם,,,דליפקאן 400 גרם,גרמים,400.00,100 גרם,false,1,23.90,5.98,true,1,
7290112495761,false,"הלמנס לסלט אלף האיים לייט 305 מ""ל",,,הלמנס לסלט אלף האיים,מיליליטרים,305.00,"100 מ""ל",false,1,15.40,5.05,true,1,
7290112495808,false,"הלמנס לסלט חרדל ודבש 305 מ""ל",,,הלמנס לסלט חרדל ודבש,מיליליטרים,305.00,"100 מ""ל",false,1,15.40,5.05,true,1,
7290112496430,false,נמס בכוס אקסטרה עגבניות ואטריות קנור 37,,,נמס בכוס אקסטרה עגבנ,גרמים,37.00,100 גרם,false,1,4.90,13.24,true,1,
7290112496461,false,מרק נמס בכוס אקסטרה ירקות ואיטריות קנור,,,מרק נמס בכוס אקסטרה,גרמים,32.00,100 גרם,false,1,4.90,15.31,true,1,
7290112497123,false,סחלב 112 גרם-קופסא,,,סחלב 112 גרם-קופסא,גרמים,112.00,100 גרם,false,1,16.90,15.09,true,1,
7290112497994,false,גרנולה פרוטאין בתוספת חלבון ואגוזים 300,,,גרנולה פרוטאין בתוספ,גרמים,300.00,100 גרם,false,1,20.90,6.97,true,1,
7290112498007,false,גרנולה פרוטאין ת.חלבון שקדים חמוציות 300,,,גרנולה פרוטאין ת.חלב,גרמים,300.00,100 גרם,false,1,20.90,6.97,true,1,
7290112963918,false,פיטנס קרקר דק רוזמרין 140 גרם,,IL,פיטנס קרקר דק רוזמרי,גרמים,140.00,100 גרם,false,1,13.90,9.93,true,1,
7290112965240,false,זוג מרק נמס עגבניות 44 גרם,,IL,זוג מרק נמס עגבניות,גרמים,60.00,100 גרם,false,1,5.90,9.83,true,1,
7290112965684,false,פיטנס חטיף מולטיגריין ע.תיבול 25 גרם,,IL,פיטנס חטיף מולטיגריי,גרמים,25.00,100 גרם,false,1,5.50,22.00,true,1,
7290112965707,false,פיטנס חטיף מולטיגריין צילי מעודן 25 גרם,,IL,פיטנס חטיף מולטיגריי,גרמים,25.00,100 גרם,false,1,5.50,22.00,true,1,
7290112966803,false,אסם פודינג אינסטנט שוקולד 88 גרם,,,אסם פודינג אינסטנט ש,גרמים,88.00,100 גרם,false,1,5.90,6.70,true,1,
7290112968807,false,פיטנס קרקר דק סלק 140 גרם,,,פיטנס קרקר דק סלק 14,גרמים,140.00,100 גרם,false,1,13.90,9.93,true,1,
7290112968821,false,פיטנס קרקר דק בטטה 140 גרם,,,פיטנס קרקר דק בטטה 1,גרמים,140.00,100 גרם,false,1,13.90,9.93,true,1,
7290113190450,false,ממרח תמרים שאן 450 גרם,,,ממרח תמרים שאן 450 ג,גרמים,450.00,100 גרם,false,1,8.90,1.98,true,1,
7290113192300,false,זיתים מושחרים חרוזית  275 גרם בית השיטה,,IL,זיתים מושחרים חרוזית,גרמים,275.00,100 גרם,false,1,12.90,4.69,true,1,
7290113192355,false,זית חרוזית ירוק A2 בית השיטה 275 גרם,,,זית חרוזית ירוק A2 ב,גרמים,275.00,100 גרם,false,1,10.90,3.96,true,1,
7290113192362,false,זיתים ירוקים טבעות A2 בית השיטה 280 גרם,,IL,זיתים ירוקים טבעות A,גרמים,280.00,100 גרם,false,1,13.50,4.82,true,1,
7290113192379,false,זיתים ירוקים מבוקעים A2 בית השיטה 340 גר,,IL,זיתים ירוקים מבוקעים,גרמים,340.00,100 גרם,false,1,12.60,3.71,true,1,
7290113192393,false,קוקטייל זיתים A2 בית השיטה 336 גרם,,IL,קוקטייל זיתים A2 בית,גרמים,336.00,100 גרם,false,1,13.90,4.14,true,1,
7290113192478,false,מלפפונים במלח 10-12 בית השטה 320 גרם,,IL,מלפפונים במלח 10-12,גרמים,320.00,100 גרם,false,1,9.50,2.97,true,1,
7290113192485,false,מלפפונים בחומץ 10-12 בית השטה 320 גרם,,IL,מלפפונים בחומץ 10-12,גרמים,320.00,100 גרם,false,1,9.50,2.97,true,1,
7290113192492,false,מלפפון בחומץ 17-13 בית השיטה 290 גרם,,IL,מלפפון בחומץ 17-13 ב,גרמים,290.00,100 גרם,false,1,12.90,4.45,true,1,
7290113192508,false,מלפפון במלח 17-13 בית השיטה 320 גרם,,IL,מלפפון במלח 17-13 בי,גרמים,320.00,100 גרם,false,1,12.90,4.03,true,1,
7290113192515,false,מלפפון במלח 18-25 320 גרם בית השיטה,,IL,מלפפון במלח 18-25 32,גרמים,320.00,100 גרם,false,1,13.90,4.34,true,1,
7290113192522,false,מלפפון בחומץ 18-25 290 גרם בית השיטה,,IL,מלפפון בחומץ 18-25 2,גרמים,290.00,100 גרם,false,1,13.90,4.79,true,1,
7290113192539,false,מלפפון במלח  7-9 בית השיטה 320 גר,,IL,מלפפון במלח  7-9 בית,גרמים,320.00,100 גרם,false,1,7.90,2.47,true,1,
7290113192553,false,מלפפונים במלח באלדי 13-17 בית השיטה 320ג,,IL,מלפפונים במלח באלדי,גרמים,320.00,100 גרם,false,1,11.90,3.72,true,1,
7290113195066,false,חלבה טורקית בטעם וניל 400 גרם,,,חלבה טורקית בטעם וני,גרמים,400.00,100 גרם,false,1,13.90,3.48,true,1,
7290113196414,false,"אורז בסמטי שקדיה 1 ק""ג",,IN,אורז בסמטי שקדיה 1 ק,גרמים,1000.00,100 גרם,false,1,13.20,1.32,true,1,
7290113196896,false,"תרסיס שמן זית 170 מ""ל",,TR,"תרסיס שמן זית 170 מ""",מיליליטרים,170.00,"100 מ""ל",false,1,12.90,7.59,true,1,
7290113287013,false,כוסות נייר לשתייה חמה,,,כוסות נייר לשתייה חמ,Unknown,0.00,Unknown,false,1,14.20,14.20,true,1,
7290113302280,false,חטיף בונזו בצורת קני,,,חטיף בונזו בצורת קני,Unknown,0.00,Unknown,false,1,9.90,9.90,true,1,
7290113302372,false,רצועות בונזו סנדוויץ,,,רצועות בונזו סנדוויץ,Unknown,0.00,Unknown,false,1,9.90,9.90,true,1,
7290113302389,false,שיפוד סלמון ודג בקלה,,,שיפוד סלמון ודג בקלה,Unknown,0.00,Unknown,false,1,9.90,9.90,true,1,
7290114151573,false,"שמפו לשיער רגיל-שמן בוטני 500 מ""ל",,IL,שמפו לשיער רגיל-שמן,מיליליטרים,500.00,"100 מ""ל",false,1,25.90,5.18,true,1,
7290114151580,false,"שמפו לשיער צבוע ויבש מאוד בוטני 500 מ""ל",,IL,שמפו לשיער צבוע ויבש,מיליליטרים,500.00,"100 מ""ל",false,1,25.90,5.18,true,1,
7290114151597,false,"שמפו לשיער רגיל-יבש בוטני 500 מ""ל",,IL,שמפו לשיער רגיל-יבש,מיליליטרים,500.00,"100 מ""ל",false,1,25.90,5.18,true,1,
7290114151658,false,"סבון גוף לעור יבש בוטני 500 מ""ל",,IL,סבון גוף לעור יבש בו,מיליליטרים,500.00,"100 מ""ל",false,1,25.90,5.18,true,1,
7290114310215,false,שמנת מתוקה 38% 250 מל בקבוק,,IL,שמנת מתוקה 38% 250 מ,גרמים,250.00,100 גרם,false,1,6.47,2.59,true,1,
7290114310239,false,חלב נטול לקטוז מועשר בוויטמין D 2% 1.5 ל,,IL,חלב נטול לקטוז מועשר,מיליליטרים,1500.00,"100 מ""ל",false,1,12.90,0.86,true,1,
7290114310536,false,מולר אקטיב לייט יוגורט 25 ג חלבון 0% שו,,IL,מולר אקטיב לייט,גרמים,200.00,100 גרם,false,1,6.50,3.25,true,1,
7290114310901,false,גבינה לבנה 5% 250 גר,,,גבינה לבנה טרה 5%,גרמים,250.00,100 גרם,false,1,4.98,1.99,true,1,
7290114310963,false,יוגורט עיזים בדלי 3.7% משק צוריאל  500 ג,,IL,יוגורט עיזים בדלי 3.,גרמים,500.00,100 גרם,false,1,14.90,2.98,true,1,
7290114311298,false,יוגורט מולר פרופ בטעם תות בננה מלון 150,,IL,יוגורט מולר פרופ בטע,גרמים,150.00,100 גרם,false,1,5.40,3.60,true,1,
7290114311304,false,יוגורט מולר פרופ בטעם מנגו פסיפלורה בננה,,IL,יוגורט מולר פרופ בטע,גרמים,150.00,100 גרם,false,1,5.40,3.60,true,1,
7290114311328,false,חלב דל לקטוז מועשר בויטמין D 2% 1 ליטר,,,חלב דל לקטוז מועשר ב,מיליליטרים,1000.00,"100 מ""ל",false,1,8.90,0.89,true,1,
7290114311359,false,יוגורט מולר פרופ בטעם מנגו 3% 150 גרם,,IL,יוגורט מולר פרופ בטע,גרמים,150.00,100 גרם,false,1,5.40,3.60,true,1,
7290114600941,false,מיונז לחיץ מאסטר שף 435 גרם,,NL,מיונז לחיץ מאסטר שף,גרמים,435.00,100 גרם,false,1,14.60,3.36,true,1,
7290114600996,false,"רוטב שום מאסטר שף 250 מ""ל",,NL,רוטב שום מאסטר שף 25,מיליליטרים,250.00,"100 מ""ל",false,1,10.90,4.36,true,1,
7290114604840,false,"דפי אורז 16 ס""מ 400 גרם",,,"דפי אורז 16 ס""מ 400",גרמים,400.00,100 גרם,false,1,11.50,2.88,true,1,
7290114604963,false,מאסטר שף פירורי לחם מתובלים 230 גרם,,,מאסטר שף פירורי לחם,גרמים,230.00,100 גרם,false,1,8.30,3.61,true,1,
7290114606561,false,מנה אסייאתי אטריות אורז דקות 400 ג מ.שף,,,מנה אסייאתי אטריות א,גרמים,400.00,100 גרם,false,1,10.90,2.73,true,1,
7290114608633,false,דפי אצה מאסטר שף 25 גרם,,,דפי אצה מאסטר שף 25,גרמים,25.00,100 גרם,false,1,13.50,54.00,true,1,
7290114651561,false,באנר אותיות יום הולד,,CN,באנר אותיות יום הולד,Unknown,1.00,Unknown,false,12,9.90,9.90,true,1,
7290114659949,false,מסכה לפנים חד פעמי 50 יח,,,מסכה לפנים חד פעמי 5,יחידה,1.00,יחידה,false,1,10.90,10.90,true,1,
7290115079333,false,שקית 10 פסטל  מעורב,,CN,שקית 10 פסטל  מעורב,Unknown,1.00,Unknown,false,20,7.90,7.90,true,1,
7290115079340,false,שקית 10 פסטל  מקרון,,CN,שקית 10 פסטל  מקרון,Unknown,1.00,Unknown,false,20,5.50,5.50,true,1,
7290115190014,false,מרלבורו רד קצר בוקס חפיסה,,,מרלבורו רד קצר בוקס,Unknown,0.00,Unknown,false,1,34.90,34.90,true,1,
7290115190052,false,מרלבורו גולדן רד KS חפיסה,,,מרלבורו פלייבור מיקס,Unknown,0.00,Unknown,false,1,34.90,34.90,true,1,
7290115190076,false,מרלבורו גולד 100 חפיסה,,,מרלבורו גולד 100 חפי,Unknown,0.00,Unknown,false,1,34.90,34.90,true,1,
7290115190090,false,מרלבורו גולד קצר,,,מרלבורו גולד קצר,Unknown,0.00,Unknown,false,1,34.90,34.90,true,1,
7290115190137,false,מלבורו פיין טאצ 7.1 חפיסה,,,מלבורו פיין טאצ 7.1,יחידה,1.00,יחידה,false,1,31.90,31.90,true,1,
7290115190151,false,מלבורו גולד טאצ 7.1 חפיסה,,,מלבורו גולד טאצ 7.1,יחידה,1.00,יחידה,false,1,31.90,31.90,true,1,
7290115190175,false,פרלמנט סופר סלימס חפיסה,,,פרלמנט סופר סלימס חפ,Unknown,0.00,Unknown,false,1,39.90,39.90,true,1,
7290115190250,false,פרלמנט נייט PP חפיסה,,,פרלמנט נייט PP חפיסה,Unknown,0.00,Unknown,false,1,39.90,39.90,true,1,
7290115190274,false,פרלמנט סילבר חפיסה,,,פרלמנט סילבר חפיסה,Unknown,0.00,Unknown,false,1,39.90,39.90,true,1,
7290115190335,false,ל.מ.בלו לייבל ארוך בוקס חפיסה,,,ל.מ.בלו לייבל ארוך ב,Unknown,0.00,Unknown,false,1,30.90,30.90,true,1,
7290115190397,false,ל.מ.רד לייבל קצר חפיסה,,,ל.מ רדPP חפיסה,Unknown,0.00,Unknown,false,1,30.90,30.90,true,1,
7290115190458,false,נקסט ארג חפיסה,,,נקסט ארג חפיסה,Unknown,0.00,Unknown,false,1,26.90,26.90,true,1,
7290115190595,false,נקסט FF חפיסה,,,נקסט FF חפיסה,Unknown,0.00,Unknown,false,1,28.90,28.90,true,1,
7290115201680,false,ביסלי ברביקיו 70 גרם,,IL,ביסלי ברביקיו 70 גרם,גרמים,70.00,100 גרם,false,1,4.70,6.71,true,1,
7290115201727,false,ביסלי בצל 200 גרם,,IL,ביסלי בצל 200 גרם,גרמים,200.00,100 גרם,false,1,8.90,4.45,true,1,
7290115203134,false,פופקו פופקורן במבה 80 גרם,,,פופקו פופקורן במבה 8,גרמים,80.00,100 גרם,false,1,5.50,6.88,true,1,
7290115204186,false,צבר פסטו 190 גרם,,,צבר פסטו 190 גרם,יחידה,1.00,יחידה,false,1,20.90,20.90,true,1,
7290115205176,false,פיטנס קרקר כפרי 140 גרם,,IL,פיטנס קרקר כפרי 140,גרמים,140.00,100 גרם,false,1,13.90,9.93,true,1,
7290115205312,false,פיטנס קרקר זיתים 140 גרם,,IL,פיטנס קרקר זיתים 140,גרמים,140.00,100 גרם,false,1,13.90,9.93,true,1,
7290115205527,false,פיטנס חטיף מולטגריין עם עדשים 25 גרם,,,פיטנס חטיף מולטגריין,גרמים,25.00,100 גרם,false,1,5.50,22.00,true,1,
7290115205633,false,טבעול סנסשיונל נקניקיות 350 גרם,,,טבעול סנסשיונל נקניק,גרמים,350.00,100 גרם,false,1,36.90,10.54,true,1,
7290115206852,false,ביסלי ציזי סטיקס חדש 70 גר,,,ביסלי ציזי סטיקס חדש,גרמים,70.00,100 גרם,false,1,4.70,6.71,true,1,
7290115207484,false,צבר סלט חציל על האש היתר 360 גרם,,,צבר סלט חציל על האש,גרמים,360.00,100 גרם,false,1,19.30,5.36,true,1,
7290115208047,false,סירופ ויטמינציק פטל 1 ליטר,,,סירופ ויטמינציק פטל,מיליליטרים,1000.00,"100 מ""ל",false,1,23.90,2.39,true,1,
7290115209198,false,במבה אורירית 80 גרם,,,במבה אורירית 80 גרם,גרמים,80.00,100 גרם,false,1,4.90,6.13,true,1,
7290115209235,false,אסם פתי בר קפה 500 גרם,,,אסם פתי בר קפה 500 ג,גרמים,500.00,100 גרם,false,1,14.90,2.98,true,1,
7290115250527,false,קרקר חומוס 225 גרם,,IL,קרקר חומוס 225 גרם,גרמים,225.00,100 גרם,false,1,27.90,12.40,true,1,
7290115254716,false,סוכריות גוי מאגדת כחול 160 גרם,,,סוכריות גוי מאגדת כח,גרמים,160.00,100 גרם,false,1,22.90,14.31,true,1,
7290115675696,false,קוואקר  אגוזים 375 גר 6 יח Cruesli,,,קוואקר  אגוזים 375 ג,גרמים,375.00,100 גרם,false,1,22.90,6.11,true,1,
7290115675702,false,קוואקר  פירות 375 גר 6 יח Cruesli,,,קוואקר  פירות 375 גר,גרמים,375.00,100 גרם,false,1,22.90,6.11,true,1,
7290115676082,false,משקה דנונה פרו 20 תות 265 מל,,IL,משקה דנונה פרו 20 תו,מיליליטרים,265.00,"100 מ""ל",false,1,8.30,3.13,true,1,
7290115678376,false,מעדן הגולן שוקולד 125 גרם,,,מעדן הגולן שוקולד,גרמים,125.00,100 גרם,false,1,3.20,2.56,true,1,
7290115679960,false,ציטוס פופקורן בטעם טבעי 60 ג 24 יח,,,ציטוס פופקורן בטעם ט,גרמים,60.00,100 גרם,false,1,4.50,7.50,true,1,
7290116530185,false,דלישקד קרמל מלוח 400 גרם,,,דלישקד קרמל מלוח 400,גרמים,400.00,100 גרם,false,1,24.90,6.23,true,1,
7290116530888,false,גל לכביסה בדין לבנה וצבעונית 2.5 ליטר,,,גל לכביסה בדין,קילוגרמים,0.00,"ק""ג",false,1,38.50,38.50,true,1,
7290116531243,false,שמפו+מרכך פינוק למניעת קשקשים 2 ב-1 700,,,שמפו+מרכך פינוק למני,מיליליטרים,700.00,"100 מ""ל",false,1,14.90,2.13,true,1,
7290116531496,false,קינמונים 375 גרם,,,קינמונים 375 גרם,גרמים,375.00,100 גרם,false,1,21.90,5.84,true,1,
7290116531564,false,מאגדת פתית פריכיות קינואה בזיליקום 150 ג,,PL,מאגדת פתית פריכיות ק,גרמים,150.00,100 גרם,false,1,13.90,9.27,true,1,
7290116531571,false,מט.לחות לניקוי כללי בניחוח לימון סיף,,,מט.לחות לניקוי כללי,Unknown,0.00,Unknown,false,1,11.90,11.90,true,1,
7290116531588,false,מט.לחות סיף לנ.כללי בניחוח מרכך כביסה,,IL,מט.לחות סיף לנ.כללי,Unknown,0.00,Unknown,false,1,11.90,11.90,true,1,
7290116531793,false,הלמנס רוטב לסלט קיסר 295 גרם,,IL,הלמנס רוטב לסלט קיסר,גרמים,295.00,100 גרם,false,1,15.40,5.22,true,1,
7290116532769,false,גרנולה פרוטאין ת.חלבון תפוח קינמון 300 ג,,,גרנולה פרוטאין ת.חלב,גרמים,300.00,100 גרם,false,1,20.90,6.97,true,1,
7290116532882,false,נשנושים איירביס בצל 155 גרם,,,נשנושים איירביס בצל,גרמים,155.00,100 גרם,false,1,14.90,9.61,true,1,
7290116533216,false,מרק ירקות קנור 235 גרם,,IL,מרק ירקות קנור 235 ג,גרמים,235.00,100 גרם,false,1,19.90,8.47,true,1,
7290116914299,false,ממתק צעצוע תנין 8 גר,,CN,ממתק צעצוע תנין 8 גר,Unknown,1.00,Unknown,false,1,9.90,9.90,true,1,
7290116930282,false,ארוחה בקטנה עם קרקרים 150 גרם,,,ארוחה בקטנה לאבנה עם,גרמים,150.00,100 גרם,false,1,8.50,5.67,true,1,
7290116930435,false,"יוגורט גו סמיך דובדבן 0% 200 מ""ל",,IL,יוגורט גו סמיך דובדב,מיליליטרים,200.00,"100 מ""ל",false,1,6.20,3.10,true,1,
7290116930459,false,"יופלה שייק מנגו בננה אננס וקוקוס 230 מ""ל",,,יופלה שייק מנגו בננה,מיליליטרים,230.00,"100 מ""ל",false,1,8.90,3.87,true,1,
7290116930480,false,"יופלה שייק בננה קיווי תפוח 230 מ""ל",,,יופלה שייק בננה קיוו,מיליליטרים,230.00,"100 מ""ל",false,1,8.90,3.87,true,1,
7290116930626,false,ארוחה בקטנה ציזיקי עם קרקרים 150 גרם,,,ארוחה בקטנה ציזיקי ע,גרמים,150.00,100 גרם,false,1,8.50,5.67,true,1,
7290116930701,false,מעדן חלב go בטעם קרמל מלוח 120 גרם,,,מעדן חלב go בטעם קרמ,גרמים,120.00,100 גרם,false,1,5.40,4.50,true,1,
7290116930725,false,סויה BIO קוקוס גביע Alternative 150 גרם,,,סויה BIO קוקוס גביע,גרמים,150.00,100 גרם,false,1,5.10,3.40,true,1,
7290116931081,false,מעדן סויה בטעם טופי קרמל 125 גרם,,,מעדן סויה בטעם טופי,גרמים,125.00,100 גרם,false,1,4.70,3.76,true,1,
7290116931104,false,"יוגורט גו סמיך עם אננס 0% 200 מ""ל",,,יוגורט גו סמיך עם אנ,מיליליטרים,200.00,"100 מ""ל",false,1,6.20,3.10,true,1,
7290117260586,false,חטיף קראנצי על בסיס קמח עדשים פלפל וליים,,,חטיף קראנצי על בסיס,גרמים,80.00,100 גרם,false,1,10.50,13.13,true,1,
7290117260593,false,חטיף קראנצי על בסיס קמח עדשים צדר 80 גר,,,חטיף קראנצי על בסיס,גרמים,80.00,100 גרם,false,1,10.50,13.13,true,1,
7290117260982,false,זיתים שחור מגולענים במי מלח וילי פוד300,,TR,זיתים שחור מגולענים,גרמים,300.00,100 גרם,false,1,9.90,3.30,true,1,
7290117261002,false,זיתי קלמטה במי מלח וילי פוד 350 גר,,TR,זיתי קלמטה במי מלח ו,גרמים,350.00,100 גרם,false,1,9.90,2.83,true,1,
7290117261019,false,זיתים ירוק ממולאים מחית פלפלים אדומים300,,TR,זיתים ירוק ממולאים מ,גרמים,300.00,100 גרם,false,1,9.90,3.30,true,1,
7290117261040,false,זיתים שחורים מרינד בפח 454 גר,,,זיתים שחורים מרינד ב,גרמים,454.00,100 גרם,false,1,21.90,4.82,true,1,
7290117380185,false,טוויסט פוף שוקולד חלב ולבן 50 גרם,,IL,טוויסט פוף שוקולד חל,גרמים,50.00,100 גרם,false,1,4.90,9.80,true,1,
7290117380857,false,סלים דליס פייבר עוגיות בטעם לימון 120,,,סלים דליס פייבר עוגי,גרמים,120.00,100 גרם,false,1,12.90,10.75,true,1,
7290117380864,false,סלים דליס פייבר עוגיות בראוניז שוקול 120,,,סלים דליס פייבר עוגי,גרמים,120.00,100 גרם,false,1,12.90,10.75,true,1,
7290117380871,false,סלים דליס פייבר עוגיות בטעם אוכמניות 120,,,סלים דליס פייבר עוגי,גרמים,120.00,100 גרם,false,1,12.90,10.75,true,1,
7290117382318,false,חטיף חלבון מ.שוקולד מריר סלים דליס 60 גר,,IT,חטיף חלבון מ.שוקולד,גרמים,60.00,100 גרם,false,1,13.90,23.17,true,1,
7290117382325,false,חטיף חלבון מ.שוקולד חלב סלים דליס 60 גרם,,IT,חטיף חלבון מ.שוקולד,גרמים,60.00,100 גרם,false,1,13.90,23.17,true,1,
7290117383735,false,פלמוליב חימר ורדים 750 מל מארז זוג,,TR,פלמוליב חימר ורדים 7,Unknown,0.00,Unknown,false,1,30.00,30.00,true,1,
7290117383742,false,פלמוליב גבר מרענן 750 מל מארז זוג,,TR,פלמוליב גבר מרענן 75,Unknown,0.00,Unknown,false,1,30.00,30.00,true,1,
7290117900963,false,בוטנים קלויים 270 גרם,,IL,בוטנים קלויים 270 גר,גרמים,270.00,100 גרם,false,1,10.90,4.04,true,1,
7290117901045,false,בוטן רביולי 200 גרם,,IL,בוטן רביולי 200 גרם,גרמים,200.00,100 גרם,false,1,15.90,7.95,true,1,
7290117901168,false,מיקס אגוזים וחמוציות 250 גרם ששון הקולה,,,מיקס אגוזים וחמוציות,גרמים,250.00,100 גרם,false,1,20.00,8.00,true,1,
7290117901175,false,שקדים קלופים 250 גרם ששון הקולה,,,שקדים קלופים 250 גרם,גרמים,250.00,100 גרם,false,1,20.00,8.00,true,1,
7297488098299,false,קמח טפיוקה 500 גרם,,,קמח טפיוקה 500 גרם,גרמים,500.00,100 גרם,false,1,10.90,2.18,true,1,
7310511802301,false,דאיים מיני 200 גרם,,SE,דאיים מיני 200 גרם,Unknown,1.00,Unknown,false,1,16.90,16.90,true,1,
7312040017683,false,"וודקה אבסולוט 700 מ""ל",,,"וודקה אבסולוט 700 מ""",מיליליטרים,700.00,"100 מ""ל",false,1,64.90,9.27,true,1,
7312220011272,false,אנאס עוגיות דקות בטעם גינגר 150 גר,Annas Pepparkakor,SE,אנאס עוגיות דקות בטע,גרמים,150.00,100 גרם,false,1,12.90,8.60,true,1,
7312220016277,false,אנאס עוגיות דקות בטעם שקדים 150 גר,Annas Pepparkakor,SE,אנאס עוגיות דקות בטע,גרמים,150.00,100 גרם,false,1,12.90,8.60,true,1,
7350022390386,false,קקאו הולנדי ואן האוטן 125 גרם,,,קקאו הולנדי ואן האוט,גרמים,125.00,100 גרם,false,1,18.90,15.12,true,1,
7393714509604,false,קופרברג סיידר תפוח 4.5% בקבוק 330 מ,,SE,קופרברג סיידר תפוח 4,מיליליטרים,330.00,"100 מ""ל",false,1,9.50,2.88,true,1,
7394376123337,false,משקה ש.שועל אורגני 1 ליטר,,,משקה ש.שועל אורגני 1,מיליליטרים,1000.00,"100 מ""ל",false,1,15.90,1.59,true,1,
7394376615825,false,משקה ש.שועל מועשר בסידן וויטמינים 1 ליטר,,,משקה ש.שועל מועשר בס,מיליליטרים,1000.00,"100 מ""ל",false,1,15.90,1.59,true,1,
7394376615832,false,משקה ש.שועל בטעם שוקולד 1 ליטר,,,משקה ש.שועל בטעם שוק,מיליליטרים,1000.00,"100 מ""ל",false,1,16.90,1.69,true,1,
7394376616778,false,משקה ש.שועל להקצפה בריסטה 1 ליטר,,,משקה ש.שועל להקצפה ב,מיליליטרים,1000.00,"100 מ""ל",false,1,16.90,1.69,true,1,
7394376620294,false,משקה ש.שועל בטעם וניל 1 ליטר,,,משקה ש.שועל בטעם וני,מיליליטרים,1000.00,"100 מ""ל",false,1,16.90,1.69,true,1,
7441000720605,false,לבבות דקל(צנצנת)410 גרם,,EC,לבבות דקל(צנצנת)410,גרמים,410.00,100 גרם,false,1,17.90,4.37,true,1,
7500162900000,false,"בירה סול  330 מ""ל בקבוק",,NL,"בירה סול  330 מ""ל בק",מיליליטרים,330.00,"100 מ""ל",false,1,7.50,2.27,true,1,
7501013101348,false,"גומקס נקטר מנגו 473 מ""ל",,,גומקס נקטר מנגו 473,מיליליטרים,473.00,"100 מ""ל",false,1,9.90,2.09,true,1,
7501013122039,false,גומקס נקטר מנגו  קרטונית 1 ליטר,,,גומקס נקטר מנגו,מיליליטרים,1000.00,"100 מ""ל",false,1,11.70,1.17,true,1,
7501013122114,false,גומקס משקה אננס קרטונית 1 ליטר,,,גומקס משקה אננס קרטו,מיליליטרים,1000.00,"100 מ""ל",false,1,11.70,1.17,true,1,
7501013122190,false,גומקס משקה תפוחים קרטונית 1 ליטר,,,גומקס משקה תפוחים קר,מיליליטרים,1000.00,"100 מ""ל",false,1,11.70,1.17,true,1,
7501013122992,false,גומקס משקה קוקוס אננס קרטונית 1 ליטר,,,גומקס משקה קוקוס אננ,מיליליטרים,1000.00,"100 מ""ל",false,1,11.70,1.17,true,1,
7501013138184,false,נקטר חמוציות 1 ליטר JAMEX,,,יוניקו פרסקו משקה חמ,מיליליטרים,1000.00,"100 מ""ל",false,1,13.20,1.32,true,1,
7501049936945,false,"בירה  סול שישייה בקבוק 330 מ""ל",,NL,בירה  סול שישייה בקב,מיליליטרים,1980.00,"100 מ""ל",false,1,39.90,2.02,true,1,
7501064191466,false,"שישיית בירה קורונה 355 מ""ל בקבוק",,,שישיית בירה קורונה 3,מיליליטרים,2130.00,"100 מ""ל",false,1,35.90,1.69,true,1,
7509546678702,false,קולגייט טוטל אנטי טרטר  מתקדמת 100 מל,,MX,קולגייט טוטל אנטי טר,מיליליטרים,100.00,"100 מ""ל",false,1,19.90,19.90,true,1,
7610008059073,false,טבלת שוקולד רגוסה קלאסי עם שקדים 100 גר,,CH,טבלת שוקולד רגוסה קל,גרמים,100.00,100 גרם,false,1,19.10,19.10,true,1,
7610008713500,false,בונבוניירה טורינו שוקולד חלב 300 גר,,,בונבוניירה טורינו,גרמים,300.00,100 גרם,false,1,66.50,22.17,true,1,
7610100034084,false,מיונז טומי 265 גר,,,מיונז טומי 265 גר,גרמים,265.00,100 גרם,false,1,13.90,5.25,true,1,
7610202466738,false,"סטלה-שוקולד חלב ללת""ס 100 גרם",,ES,"סטלה-שוקולד חלב ללת""",גרמים,100.00,100 גרם,false,1,18.90,18.90,true,1,
7610202475310,false,"סטלה שוקולד מריר77%אקוודור לל""ס 100 גר",,ES,סטלה שוקולד מריר77%א,גרמים,100.00,100 גרם,false,1,18.90,18.90,true,1,
7610400014649,false,לינדט שוקולד חלב 100 גרם,,,לינדט שוקולד חלב 100,גרמים,100.00,100 גרם,false,1,16.90,16.90,true,1,
7610400068529,false,בונבוניירה לינדור אבורטד 200 גרם,,,בונבוניירה לינדור אב,גרמים,200.00,100 גרם,false,1,34.90,17.45,true,1,
7610400075770,false,לינדט לה גרנד מריר אגוז 150 גר,,,לינדט לה גרנד מריר א,גרמים,150.00,100 גרם,false,1,24.90,16.60,true,1,
7610400075787,false,לינדט לה גרנד חלב אגוזים 150 גר,,,לינדט לה גרנד חלב אג,גרמים,150.00,100 גרם,false,1,24.90,16.60,true,1,
7610400086202,false,לינדט לה גרנד בלו אנד קרנ 150 גר,,,לינדט לה גרנד בלו אנ,גרמים,150.00,100 גרם,false,1,24.90,16.60,true,1,
7610400091060,false,לינדט שוקולד אקסלנס אורנגי 100 גרם,,,לינדט שוקולד אקסלנס,גרמים,100.00,100 גרם,false,1,17.90,17.90,true,1,
7610563208374,false,גרוייר שוויצרי פרוס 150 גר,,,גרוייר שוויצרי פרוס,גרמים,150.00,100 גרם,false,1,42.90,28.60,true,1,
7613030979647,false,דגנים טריקס פירות עולם היורה 480 גרם,,,דגנים טריקס פירות עו,גרמים,480.00,100 גרם,false,1,28.90,6.02,true,1,
7613032045753,false,פיטנס שוקולד 375 ג,,,פיטנס שוקולד 375 ג,גרמים,375.00,100 גרם,false,1,22.90,6.11,true,1,
7613033548192,false,דגני בוקר פיטנס שוקולד מריר 375 גרם,,,דגני בוקר פיטנס שוקו,גרמים,375.00,100 גרם,false,1,22.90,6.11,true,1,
7613036105576,false,דוגלי בוגר עוף 3 קג,,,דוגלי בוגר עוף 3 קג,קילוגרמים,0.00,"ק""ג",false,1,45.00,45.00,true,1,
7613036120395,false,פורינה ONE כלב מידמק,,,פורינה ONE כלב מידמק,Unknown,0.00,Unknown,false,1,89.90,89.90,true,1,
7613036286008,false,"פרייה אנד גוס אננס מנגו 250 מ""ל פחיות",,FR,פרייה אנד גוס אננס מ,מיליליטרים,250.00,"100 מ""ל",false,1,6.50,2.60,true,1,
7613036723671,false,נסטלה דולצה שוקולד מריר 100 גרם,,,נסטלה דולצה שוקולד מ,גרמים,100.00,100 גרם,false,1,8.50,8.50,true,1,
7613036976718,false,פאוץ פריסקיז ברווז 8,,,פאוץ פריסקיז ברווז 8,Unknown,0.00,Unknown,false,1,4.90,4.90,true,1,
7613287182326,false,ויטמינציק בננה תפוח 110 גרם,,IL,ויטמינציק בננה תפוח,גרמים,110.00,100 גרם,false,1,5.90,5.36,true,1,
7613287394323,false,מולטי ציריוס 600 גרם 2021,,GB,מולטי ציריוס 600 גרם,גרמים,600.00,100 גרם,false,1,26.90,4.48,true,1,
7613287457486,false,אפטר אייט מוחיטו ומנטה 200 גר,,,אפטר אייט מוחיטו ומנ,גרמים,200.00,100 גרם,false,1,16.90,8.45,true,1,
7613287525758,false,"פרייה מים מוגזים 500 מ""ל",,,פרייה מים מוגזים 500,מיליליטרים,500.00,"100 מ""ל",false,1,4.90,0.98,true,1,
7613287525789,false,"שישיית פרייה מים מוגזים 500 מ""ל",,,שישיית פרייה מים מוג,מיליליטרים,3000.00,"100 מ""ל",false,1,28.90,0.96,true,1,
7613287654151,false,קראנץ כריות שוקו בננה 385 גרם,,FR,קראנץ כריות שוקו בננ,גרמים,385.00,100 גרם,false,1,29.90,7.77,true,1,
7613287855640,false,סטארבקס קפסולות גוואטמלה 52 גרם,,,סטארבקס קפסולות גווא,גרמים,57.00,100 גרם,false,1,22.90,40.18,true,1,
7614500010013,false,טובלרון חלב 100 גר,,,טובלרון חלב 100 גר,גרמים,100.00,100 גרם,false,1,11.00,11.00,true,1,
7614500010617,false,טובלרון מריר 100 גרם,,,טובלרון מריר 100 גרם,גרמים,100.00,100 גרם,false,1,11.00,11.00,true,1,
7622010001858,false,אוראו ממולאות קרם וניל באטמן 176 גרם,,,אוראו ממולאות קרם ונ,גרמים,176.00,100 גרם,false,1,10.90,6.19,true,1,
7622201050757,false,שוקולד חלב עם קרמל מילקה  100 גרם,,,שוקולד חלב עם קרמל מ,גרמים,100.00,100 גרם,false,1,7.90,7.90,true,1,
7622201137052,false,מילקה מיני קוקיז 110 גרם,,ES,מילקה מיני קוקיז 110,גרמים,110.00,100 גרם,false,1,8.90,8.09,true,1,
7622201401900,false,עוגיות מילקה סנסיישן אוראו 156 גרם,,PL,עוגיות מילקה סנסיישן,גרמים,156.00,100 גרם,false,1,12.90,8.27,true,1,
7622201502515,false,מילקה קוקי לופ 132 גרם,,,מילקה קוקי לופ 132 ג,גרמים,132.00,100 גרם,false,1,12.90,9.77,true,1,
7622201801809,false,שוקולד אגוז מילקה 100 גרם,,,שוקולד אגוז מילקה 10,גרמים,100.00,100 גרם,false,1,7.90,7.90,true,1,
7622201802363,false,שוקולד מילקה  צימוק 100 גרם,,,שוקולד מילקה  צימוק,גרמים,100.00,100 גרם,false,1,7.90,7.90,true,1,
7622201809188,false,ביסקוויט מילקה 150 גרם,,FR,ביסקוויט מילקה 150 ג,גרמים,150.00,100 גרם,false,1,12.90,8.60,true,1,
7622201811495,false,מילקה טריו 150 גרם,,CZ,מילקה טריו 150 גרם,גרמים,150.00,100 גרם,false,1,13.90,9.27,true,1,
7622201819408,false,מילקה דרק קרמל 85 גרם,,DE,מילקה דרק קרמל 85 גר,גרמים,85.00,100 גרם,false,1,8.50,10.00,true,1,
7622210078131,false,שוקולד חלב עם דאיים מילקה 100 גרם,,,שוקולד חלב עם דאיים,גרמים,100.00,100 גרם,false,1,7.90,7.90,true,1,
7622210137234,false,עוגיות אוראו עם דאבל קרים וניל 170 גר,,,עוגיות אוראו עם דאבל,גרמים,170.00,100 גרם,false,1,12.50,7.35,true,1,
7622210275516,false,מילקה שוקולד ביסקוויטים 300 גרם,,DE,מילקה שוקולד ביסקווי,גרמים,300.00,100 גרם,false,1,20.80,6.93,true,1,
7622210453327,false,עוגיות מילקה סנסיישן 156 גרם,,,מילקה סנסיישן 156 גר,גרמים,100.00,100 גרם,false,1,12.90,12.90,true,1,
7622210664150,false,עוגיות אוראו וניל 396 גר,,CZ,עוגיות אוראו וניל 39,גרמים,396.00,100 גרם,false,1,17.90,4.52,true,1,
7622210765338,false,עוגיות אוראו 176 גרם,,,עוגיות אוראו 176 גרם,גרמים,176.00,100 גרם,false,1,9.90,5.63,true,1,
7622210826053,false,שוקולד מילקה אוראו סנדביץ 92 גר,,DE,שוקולד מילקה אוראו ס,גרמים,92.00,100 גרם,false,1,7.90,8.59,true,1,
7622300270506,false,עוגיות ש.שועל מצופות שוקולד 168 גר מילקה,,,עוגיות ש.שועל מצופות,גרמים,168.00,100 גרם,false,1,12.90,7.68,true,1,
7622300340285,false,גבינת פילדלפיה 22% 175 גר,,,גבינת פילדלפיה 22%,גרמים,175.00,100 גרם,false,1,17.90,10.23,true,1,
7622300340292,false,גבינת פילדלפיה 11% 175 גר,,,גבינת פילדלפיה 11%,גרמים,175.00,100 גרם,false,1,17.90,10.23,true,1,
7622300441715,false,עוגיות מילקה שוקו מיני 150 גרם,,,עוגיות מילקה שוקו מי,גרמים,150.00,100 גרם,false,1,12.90,8.60,true,1,
7622300489427,false,אוראו פאג שוקולד לבן 246 גרם,,,אוראו פאג שוקולד לבן,גרמים,246.00,100 גרם,false,1,19.90,8.09,true,1,
7622300489434,false,אוראו פאדג שוקולד חלב 246 גרם,,,אוראו פאדג שוקולד חל,גרמים,246.00,100 גרם,false,1,19.90,8.09,true,1,
7622300503079,false,ביסקוויט מצופה שוקולד חלב 200 גר מילקה,,,ביסקוויט מצופה שוקול,גרמים,200.00,100 גרם,false,1,12.90,6.45,true,1,
7622300617820,false,שוקולד מילקה אוראו 100 גרם,,,שוקולד מילקה אוראו 1,גרמים,100.00,100 גרם,false,1,7.90,7.90,true,1,
7622300756413,false,גבינת פילדלפיה 20% עם תבלינים 175 גר,,,גבינת פילדלפיה 20%,גרמים,175.00,100 גרם,false,1,17.90,10.23,true,1,
7622400005190,false,שוקולד חלב נגיעות שוקולד לבן מילקה 100 ג,,,שוקולד חלב נגיעות שו,גרמים,100.00,100 גרם,false,1,7.90,7.90,true,1,
7630477891615,false,סטארבקס קפסולות סומטרה 55 גרם,,,סטארבקס קפסולות סומט,גרמים,55.00,100 גרם,false,1,22.90,41.64,true,1,
7630477891639,false,סטארבקס קפסולות ורונה 55 גרם,,,סטארבקס קפסולות ורונ,גרמים,55.00,100 גרם,false,1,22.90,41.64,true,1,
7630477891677,false,סטארבקס קפסולות פייק פלייס 53 גרם,,,סטארבקס קפסולות פייק,גרמים,53.00,100 גרם,false,1,22.90,43.21,true,1,
7630477891691,false,סטארבקס קפסולות קולומביה 57 גרם,,,סטארבקס קפסולות קולו,גרמים,57.00,100 גרם,false,1,22.90,40.18,true,1,
7630477891714,false,סטארבקס קפסולות אספרסו 57 גרם,,,סטארבקס קפסולות אספר,גרמים,57.00,100 גרם,false,1,22.90,40.18,true,1,
7630477891738,false,סטארבקס קפסולות אספרסו בלונד 53 גרם,,,סטארבקס קפסולות אספר,גרמים,53.00,100 גרם,false,1,22.90,43.21,true,1,
7702018401147,false,ונוס סכיני סווירל פלקסיבול רביעייה,,,ונוס סכיני סווירל פל,Unknown,0.00,Unknown,false,1,73.70,73.70,true,1,
7790240020052,false,יין אדום טרפיצה סירה סדרת OAK CASK,,,יין אדום טרפיצה סירה,Unknown,0.00,Unknown,false,1,61.90,61.90,true,1,
7790240072785,false,יין אדום טרפיצה קברנה סובניון OAK CASK,,,יין אדום טרפיצה קברנ,Unknown,0.00,Unknown,false,1,61.90,61.90,true,1,
7790240072792,false,טרפיצה Oak Cask שרדונה 750 מל,,,טרפיצה Oak Cask שרדו,Unknown,0.00,Unknown,false,1,61.90,61.90,true,1,
7790240072808,false,יין אדום טרפיצה מלבק סדרת OAK CASK,,,יין אדום טרפיצה מלבק,Unknown,0.00,Unknown,false,1,61.90,61.90,true,1,
7790240090154,false,יין טרפיצה ברוקל מלבק  750 מל,,,יין טרפיצה ברוקל מלב,Unknown,0.00,Unknown,false,1,72.90,72.90,true,1,
7790240090192,false,יין טרפיצה ברוקל קברנה סובניון  750 מל,,,יין טרפיצה ברוקל קבר,Unknown,0.00,Unknown,false,1,76.90,76.90,true,1,
7790240094442,false,"יין טרפיצה פיור מלבק 750 מ""ל",,AR,יין טרפיצה פיור מלבק,מיליליטרים,750.00,"100 מ""ל",false,1,60.90,8.12,true,1,
7790240096675,false,"יין פיור סוביניון בלאן750 מ""ל",,AR,יין פיור סוביניון בל,מיליליטרים,750.00,"100 מ""ל",false,1,60.90,8.12,true,1,
7790240096866,false,"יין פיור מלבק שחור 750 מ""ל",,AR,יין פיור מלבק שחור 7,מיליליטרים,750.00,"100 מ""ל",false,1,60.90,8.12,true,1,
7790240097474,false,"יין פיור שרדונה 750 מ""ל",,AR,יין פיור שרדונה 750,מיליליטרים,750.00,"100 מ""ל",false,1,60.90,8.12,true,1,
7790387110234,false,טאראגווי-תה גרבה מאטה עם מקל 500 גר,,,טאראגווי-תה גרבה מאט,גרמים,500.00,100 גרם,false,1,27.90,5.58,true,1,
7790387113228,false,טאראגווי-תה גרבה בטעם תפוז 500 גר,,,טאראגווי-תה גרבה בטע,גרמים,500.00,100 גרם,false,1,27.90,5.58,true,1,
7790387120219,false,טאראגווי-תה גרבה מאטה בלי מקל 500 גר,,,טאראגווי-תה גרבה מאט,גרמים,500.00,100 גרם,false,1,27.90,5.58,true,1,
7790387800043,false,טאראגווי-תה גרבה מאטה 20 שקיקים  60גרם,,,טאראגווי-תה גרבה מאט,גרמים,60.00,100 גרם,false,1,16.90,28.17,true,1,
7790762000693,false,סנטה אנה שרדונה 750 מל,,,סנטה אנה שרדונה 750,Unknown,0.00,Unknown,false,1,41.90,41.90,true,1,
7790762000952,false,סנטה אנה רזרב קברנה סוביניון 750 מל,,,סנטה אנה רזרב קברנה,Unknown,0.00,Unknown,false,1,52.90,52.90,true,1,
7790762001348,false,סנטה אנה מלבק 750 מל,,,סנטה אנה מלבק 750 מל,Unknown,0.00,Unknown,false,1,41.90,41.90,true,1,
7790762008453,false,סנטה אנה רזרב מלבק 750 מל,,,סנטה אנה רזרב מלבק,Unknown,0.00,Unknown,false,1,52.90,52.90,true,1,
7790762009283,false,סנטה אנה רזרב ויוינייה 750 מל,,,סנטה אנה רזרב,Unknown,0.00,Unknown,false,1,52.90,52.90,true,1,
7790762050117,false,סנטה אנה לה מסקוטה ק.סוביניון 750 מל,,,סנטה אנה לה מסקוטה,Unknown,0.00,Unknown,false,1,73.90,73.90,true,1,
7790762050124,false,סנטה אנה לה מסקוטה מלבק 750 מל,,,סנטה אנה לה מסקוטה,Unknown,0.00,Unknown,false,1,73.90,73.90,true,1,
7790762076773,false,סנטה אנה סובניון בלאן 750 מל,,,סנטה אנה סובניון בלא,Unknown,0.00,Unknown,false,1,41.90,41.90,true,1,
7891024027998,false,קולגייט מי פה טוטל כחול פפרמינט 500 מל,,,קולגייט מי פה טוטל א,מיליליטרים,500.00,"100 מ""ל",false,1,34.90,6.98,true,1,
8000037002246,false,"ואל דוקה, פרוסקו רוזה 750 מ""ל",,,"ואל דוקה, פרוסקו רוז",מיליליטרים,750.00,"100 מ""ל",false,1,54.90,7.32,true,1,
8000040001106,false,"קמפרי 700 מ""ל",,,"קמפרי 700 מ""ל",מיליליטרים,700.00,"100 מ""ל",false,1,89.90,12.84,true,1,
8000070035980,false,קפה לוואצה קלוי וטחון חוזק 5 רוסה 250 גר,,IT,קפה לוואצה קלוי וטחו,גרמים,250.00,100 גרם,false,1,36.90,14.76,true,1,
8000070038868,false,קפה לוואצה קלוי וטחון חוזק 8 קלאסיקו 250 גר,,IT,לוואצה חוזק 8 קרמה ג,גרמים,250.00,100 גרם,false,1,35.90,14.36,true,1,
8000070081154,false,קפסולות לוואצה לגירו 4 נספרסו 55 גר,,,קפסולות לוואצה לגירו,גרמים,55.00,100 גרם,false,1,20.90,38.00,true,1,
8000139000942,false,פסטה גרפולו לומצינה 500 גרם,,,פסטה גרפולו לומקינה,גרמים,500.00,100 גרם,false,1,14.20,2.84,true,1,
8000139001253,false,פסטה גרפולו פוזילי לונגי 500 גרם,,,פסטה גרפולו פוזילי,גרמים,500.00,100 גרם,false,1,15.40,3.08,true,1,
8000139002021,false,פסטה גרפולו קלמרטה 500 גרם,,,פסטה גרפולו קלמרטה 5,גרמים,500.00,100 גרם,false,1,15.40,3.08,true,1,
8000139910142,false,פסטה גרפולו ספגטי 500 גרם,,,פסטה גרפולו ספגטי 50,גרמים,500.00,100 גרם,false,1,14.20,2.84,true,1,
8000139910197,false,פסטה גרפולו ריגטוני 500 גרם,,,פסטה גרפולו ריגטוני,גרמים,500.00,100 גרם,false,1,14.20,2.84,true,1,
8000139910203,false,פסטה גרפולו קוצי סארדי 500 גרם,,,פסטה גרפולו קוצי סאר,גרמים,500.00,100 גרם,false,1,14.20,2.84,true,1,
8000139910227,false,פסטה גרפולו פוזילי 500 גרם,,,פסטה גרפולו פוזילי 5,גרמים,500.00,100 גרם,false,1,14.20,2.84,true,1,
8000139910234,false,פסטה גרפולו פנה ריגטה 500 גר,,,פסטה גרפולו פנה ריגט,גרמים,500.00,100 גרם,false,1,14.20,2.84,true,1,
8000139910272,false,פסטה גרפולו פפרדלה נידו 500 גר,,,פסטה גרפולו פפרדלה נ,גרמים,500.00,100 גרם,false,1,15.40,3.08,true,1,
8000139910289,false,פסטה טליאטלה גרפולו 500 גר,,,פסטה גרפולו טליאטלה,גרמים,500.00,100 גרם,false,1,15.40,3.08,true,1,
8000139910753,false,פסטה קאזארסה גרפולו 500 גר,,,פסטה גרפולו קסרצה,גרמים,500.00,100 גרם,false,1,14.20,2.84,true,1,
8000139920875,false,ניוקי תפוח אדמה גרפולו 500 גרם,,,ניוקי תפוח אדמה גרפו,גרמים,500.00,100 גרם,false,1,15.40,3.08,true,1,
8000139929687,false,ספגטי ללא גלוטן 400 גר,,,ספגטי ללא גלוטן 400,גרמים,400.00,100 גרם,false,1,16.70,4.18,true,1,
8000139929748,false,פנה ללא גלוטן 400 גר,,,פנה ללא גלוטן 400 גר,גרמים,400.00,100 גרם,false,1,16.70,4.18,true,1,
8000193000452,false,"אורז ריזוטו איטלקי 1 ק""ג",,,אורז ריזוטו איטלקי 1,גרמים,1000.00,100 גרם,false,1,31.50,3.15,true,1,
8000215204219,false,משקה אורז - אורגני 1 ליטר,,,משקה אורז - אורגני 1,מיליליטרים,1000.00,"100 מ""ל",false,1,15.90,1.59,true,1,
8000215204240,false,משקה שקדים ואורז - אורגני 1 ליטר,,,משקה שקדים ואורז - א,מיליליטרים,1000.00,"100 מ""ל",false,1,15.90,1.59,true,1,
8000215204264,false,ויטריז - משקה אורז אישי אישי 200 גר,,,ויטריז - משקה אורז א,מיליליטרים,200.00,"100 מ""ל",false,1,5.50,2.75,true,1,
8000215204387,false,"רוטב בשמל צמחי אורגני ויטריז 500 מ""ל",,,רוטב בשמל צמחי אורגנ,מיליליטרים,500.00,"100 מ""ל",false,1,13.90,2.78,true,1,
8000215204714,false,משקה שיבולת שועל אורגני 1 ליטר PRIMAVENA,,,משקה שיבולת שועל אור,מיליליטרים,1000.00,"100 מ""ל",false,1,15.90,1.59,true,1,
8000215204745,false,משקה ש.שועל וניל אורגני 1 ליטר PRIMAVENA,,,משקה ש.שועל וניל אור,מיליליטרים,1000.00,"100 מ""ל",false,1,14.90,1.49,true,1,
8000320010026,false,עגבניות תמר מקולפות CIRIO 400 גר,,IT,עגבניות תמר מקולפות,גרמים,400.00,100 גרם,false,1,7.90,1.98,true,1,
8000320010088,false,רסק עגבניות CIRIO בקבוק 680 גר,,IT,פסאטה במרקם גס 680 מ,מיליליטרים,680.00,"100 מ""ל",false,1,14.60,2.15,true,1,
8000320010095,false,"פסאטה במרקם עדין 700 מ""ל CIRIO",,IT,פסאטה במרקם עדין 700,מיליליטרים,700.00,"100 מ""ל",false,1,12.90,1.84,true,1,
8000380003723,false,עוגיות גרנד פטיסרי 100 ג אגוזים,,,עוגיות גרנד פטיסרי 1,גרמים,100.00,100 גרם,false,1,13.90,13.90,true,1,
8000380004676,false,וופל וניל 200 גרם,,,וופל וניל 200 גרם,גרמים,200.00,100 גרם,false,1,15.90,7.95,true,1,
8000380004881,false,וופל קואדרטיני טירמיסו 250 ג,,,וופל קואדרטיני טירמי,גרמים,220.00,100 גרם,false,1,15.90,7.23,true,1,
8000380004911,false,וופל קוארדטיני אגוז 250 גרם,,,וופל קוארדטיני אגוז,גרמים,250.00,100 גרם,false,1,15.90,6.36,true,1,
8000380004966,false,וופל קוארדטיני קקאו 250 גרם,,,וופל קוארדטיני קקאו,גרמים,250.00,100 גרם,false,1,15.90,6.36,true,1,
8000380007257,false,וופל גרדנה אגוז 200 גרם,,,וופל גרדנה אגוז 200,גרמים,200.00,100 גרם,false,1,15.90,7.95,true,1,
8000380207183,false,שוקולד לואקר טורטינה חמאת בוטנים 126 גר,,IT,שוקולד לואקר טורטינה,גרמים,126.00,100 גרם,false,1,18.90,15.00,true,1,
8000500009673,false,בונבוניירה פררו רושה 300 גרם,,,בונבוניירה פררו רושה,גרמים,300.00,100 גרם,false,1,52.90,17.63,true,1,
8000500023624,false,קינדר הפי היפו חמישייה 103.5 גר,,,קינדר הפי היפו חמישי,גרמים,104.00,100 גרם,false,1,14.90,14.33,true,1,
8000500026731,false,שלישיית ביצי הפתעה קינדר 60 גר,,,שלישיית ביצי הפתעה ק,גרמים,60.00,100 גרם,false,1,16.00,26.67,true,1,
8000500029350,false,שלישייה קינדר בואנו חלב 129 גרם,,,שלישייה קינדר בואנו,גרמים,129.00,100 גרם,false,1,12.90,10.00,true,1,
8000500167656,false,קינדר שוקולד עם דגנים 94 גר,,IT,קינדר שוקולד עם דגני,גרמים,94.00,100 גרם,false,1,9.30,9.89,true,1,
8000500227848,false,וופל נוטלה בי רדי שישייה 132 גרם,,IT,וופל נוטלה בי רדי שי,גרמים,132.00,100 גרם,false,1,13.90,10.53,true,1,
8000500256213,false,קינדר שוקולד מיני 120 גרם,,IT,קינדר שוקולד מיני 12,גרמים,120.00,100 גרם,false,1,12.50,10.42,true,1,
8000500267103,false,עוגת קינדר דליס 390 גר,,IT,עוגת קינדר דליס 390,גרמים,390.00,100 גרם,false,1,21.90,5.62,true,1,
8000500269169,false,קינדר קארדס חמישייה 128 גרם,,IT,וופל קינדר קארדס 128,גרמים,128.00,100 גרם,false,1,14.90,11.64,true,1,
8000500384664,false,מאגדת גלידה קינדר בואנו רביעייה 284 גרם,,DE,מאגדת גלידה קינדר בו,גרמים,284.00,100 גרם,false,1,36.90,12.99,true,1,
8001090184412,false,"נוזל כלים פיירי לימון 900 מ""ל",,GB,נוזל כלים פיירי לימו,מיליליטרים,900.00,"100 מ""ל",false,1,13.90,1.54,true,1,
8001090832610,false,"שמפו פנטן למגע רך כמשי 660 מ""ל",,,שמפו פנטן למגע רך כמ,מיליליטרים,660.00,"100 מ""ל",false,1,23.90,3.62,true,1,
8001090833167,false,גל כביסה אריאל בניחוח הרים 2.365 ליטר,,FR,גל כביסה אריאל בניחו,ליטרים,0.00,ליטר,false,1,36.90,36.90,true,1,
8001090899224,false,תחבושות אולוויז פלטינום לונג 20 יח,,DE,תחבושות אולוויז פלטי,Unknown,0.00,Unknown,false,1,27.20,27.20,true,1,
8001160001786,false,"גטורייד ספורט כחול 500 מ""ל",,,גטורייד ספורט כחול 5,מיליליטרים,500.00,"100 מ""ל",false,1,12.90,2.58,true,1,
8001160001892,false,"גטורייד ספורט תפוז אדום 500 מ""ל",,,גטורייד ספורט תפוז א,מיליליטרים,500.00,"100 מ""ל",false,1,12.90,2.58,true,1,
8001193050041,false,וופל טוסט בלגי 240 גרם,,,וופל טוסט בלגי 240 ג,גרמים,240.00,100 גרם,false,1,13.10,5.46,true,1,
8001200025505,false,פסטה פוזילי מס.78 500 גר Agnesi,,,פסטה פוזילי מס.78 50,גרמים,500.00,100 גרם,false,1,8.80,1.76,true,1,
8001200045350,false,פסטה ניוקי 500 גר Agnesi,,IT,פסטה ניוקי 500 גר Ag,גרמים,500.00,100 גרם,false,1,8.80,1.76,true,1,
8001200045831,false,פסטה פארפלה מס.61 500 גר Agnesi,,IT,פסטה פארפלה מס.61 50,גרמים,500.00,100 גרם,false,1,8.80,1.76,true,1,
8001200045916,false,פסטה טליאטלה ביצים 250 גר Agnesi,,,פסטה טליאטלה ביצים 2,גרמים,250.00,100 גרם,false,1,14.20,5.68,true,1,
8001200045978,false,פסטה פפרדלה ביצים 250 גר Agnesi,,,פסטה פפרדלה ביצים 25,גרמים,250.00,100 גרם,false,1,14.20,5.68,true,1,
8001291020014,false,ריקאסולי קיאנטי קלאסיקו ברוליו 750 מל,,,ריקאסולי קיאנטי קלאס,Unknown,0.00,Unknown,false,1,100.90,100.90,true,1,
8001291057515,false,ברון קיאנטי דל ברון ריקאסולי 750 מל,,,ברון קיאנטי דל ברון,Unknown,0.00,Unknown,false,1,52.90,52.90,true,1,
8001291927511,false,"יין ריקאסולי, טראפולה, רוסו 750 מ""ל",,,"יין ריקאסולי, טראפול",Unknown,0.00,Unknown,false,1,76.90,76.90,true,1,
8001387077106,false,קונטיזקה קאנטלופי פרימיטיבו סאלנטו 750 מ,,IT,קונטיזקה קאנטלופי פר,מיליליטרים,750.00,"100 מ""ל",false,1,60.90,8.12,true,1,
8001387287109,false,קונטיזקה קוואטרו קונטי פרימיטיבו 750 מל,,IT,קונטיזקה קוואטרו קונ,מיליליטרים,750.00,"100 מ""ל",false,1,45.90,6.12,true,1,
8001440134487,false,עגבניות שרי מקולפות 400 גר CIRIO,,IT,עגבניות שרי מקולפות,גרמים,400.00,100 גרם,false,1,10.90,2.73,true,1,
8001505001785,false,ממרח אגוזי לוז לבן אורגני 270 גרם,,,ממרח אגוזי לוז לבן א,גרמים,270.00,100 גרם,false,1,25.50,9.44,true,1,
8001505003963,false,ממרח אגוזי לוז קראנצי אורגני 270 גרם,,,ממרח אגוזי לוז קראנצ,גרמים,270.00,100 גרם,false,1,25.50,9.44,true,1,
8001561015580,false,ריבת בצל סגול איטלקית 300 גרם,,,ריבת בצל סגול איטלקי,גרמים,300.00,100 גרם,false,1,33.90,11.30,true,1,
8001620015629,false,"סן בנדטו תפוז ותפוז אדום 400 מ""ל",,,סן בנדטו תפוז ותפוז,מיליליטרים,400.00,"100 מ""ל",false,1,7.90,1.98,true,1,
8001620015636,false,"סן בנדטו מיקס פירות 400 מ""ל",,,סן בנדטו מיקס פירות,מיליליטרים,400.00,"100 מ""ל",false,1,7.90,1.98,true,1,
8001620017449,false,"בנדטו שישייה 500 מ""ל פקק ספורט",,,"בנדטו שישייה 500 מ""ל",מיליליטרים,500.00,"100 מ""ל",false,1,3.50,0.70,true,1,
8001620018408,false,"סן בנדטו מנגו תפוח 400 מ""ל",,,סן בנדטו מנגו תפוח 4,מיליליטרים,400.00,"100 מ""ל",false,1,7.90,1.98,true,1,
8001620019160,false,"סאן בנדטו אפרסק 400 מ""ל",,IL,סאן בנדטו אפרסק 400,מיליליטרים,400.00,"100 מ""ל",false,1,5.50,1.38,true,1,
8001620019177,false,"סאן בנדטו ענבים 400 מ""ל",,IL,סאן בנדטו ענבים 400,מיליליטרים,400.00,"100 מ""ל",false,1,5.50,1.38,true,1,
8001637404195,false,גורגונזולה דולצה 150 גרם,,,גורגונזולה דולצה 150,גרמים,150.00,100 גרם,false,1,43.90,29.27,true,1,
8001637410813,false,גורגונזולה פיקנטה 150 גרם,,,גורגונזולה פיקנטה 15,גרמים,150.00,100 גרם,false,1,32.50,21.67,true,1,
8001841625188,false,"נוזל כלים פיירי פלטינום לימון 515 מ""ל",,GB,נוזל כלים פיירי פלטי,מיליליטרים,515.00,"100 מ""ל",false,1,12.50,2.43,true,1,
8002066001405,false,"אטריות ביצים פאפארדלה לל""ג 250 גר GFREE",,IT,אטריות ביצים פאפארדל,גרמים,250.00,100 גרם,false,1,18.90,7.56,true,1,
8002270166587,false,שישייה סאן פלגרינו פלסט 1 ליטר,,,שישייה סאן פלגרינו פ,ליטרים,0.01,ליטר,false,1,52.90,5290.00,true,1,
8002270846472,false,מים סאן פלגרינו פלסט 500 מל,,,מים סאן פלגרינו פלסט,מיליליטרים,500.00,"100 מ""ל",false,1,5.90,1.18,true,1,
8002270866524,false,סאן פלגרינו 1 ליטר,,,סאן פלגרינו 1 ליטר,מיליליטרים,1000.00,"100 מ""ל",false,1,9.90,0.99,true,1,
8002305008370,false,"רוקה דלה מאציה מנדוס פרימיטיבו 750 מ""ל",,,רוקה דלה מאציה מנדוס,Unknown,0.00,Unknown,false,1,83.90,83.90,true,1,
8002305009506,false,רוקה דלה מאציה קיאנטי קלאסיקו 750 מל,,,רוקה דלה מאציה קיאנט,Unknown,0.00,Unknown,false,1,94.90,94.90,true,1,
8002670504279,false,גרנורולו בורגר צמחי 220 גרם,,IT,גרנורולו בורגר צמחי,גרמים,220.00,100 גרם,false,1,31.50,14.32,true,1,
8002670504286,false,גרנורולו מיני בורגר צמחי 180 גרם,,IT,גרנורולו מיני בורגר,גרמים,180.00,100 גרם,false,1,29.90,16.61,true,1,
8003007810001,false,פסטה פנטה 4 טעמים  500 גרם,,,פסטה פנטה 4 טעמים  5,גרמים,500.00,100 גרם,false,1,16.90,3.38,true,1,
8003207997854,false,"יין פאבולינו קיאנטי  750 מ""ל",,IT,יין פאבולינו קיאנטי,Unknown,0.00,Unknown,false,1,41.90,41.90,true,1,
8003410249344,false,"סגפרדו, קפסולות קפה, פרו, עוצמה 9",,,"סגפרדו, קפסולות קפה,",גרמים,10.00,100 גרם,false,1,21.90,219.00,true,1,
8003410446477,false,שרוול תערובת קפה ריסטרטו עוצמה 11,,IT,שרוול תערובת קפה סגפ,גרמים,12.00,100 גרם,false,1,21.90,182.50,true,1,
8003753900438,false,קפה לנדוור אילי אספרסו טחון 250 גרם,,,קפה לנדוור אילי אספר,גרמים,250.00,100 גרם,false,1,51.50,20.60,true,1,
8004030022010,false,ריו מרה אינסלטיסימי ירקות גינה טונה 160,,,ריו מרה אינסלטיסימי,גרמים,160.00,100 גרם,false,1,17.90,11.19,true,1,
8004030044005,false,טונה בשמן זית ריו מרה 160 גרם,,,טונה בשמן זית ריו מר,גרמים,160.00,100 גרם,false,1,18.70,11.69,true,1,
8004030344938,false,שלישיית טונה ריו מרה 3*80 גרם,,,שלישיית טונה ריו מרה,גרמים,240.00,100 גרם,false,1,28.90,12.04,true,1,
8004030845046,false,ריו מרה אינסלטיסימי אורז עם טונה 160,,,ריו מרה אינסלטיסימי,גרמים,160.00,100 גרם,false,1,17.90,11.19,true,1,
8004030860001,false,ריו מרה אינסלטיסימי קוסקוס עם טונה 160,,,ריו מרה אינסלטיסימי,גרמים,160.00,100 גרם,false,1,17.90,11.19,true,1,
8004275058942,false,"שמן זית כתית מעולה 750 מ""ל CIRIO",,,שמן זית כתית מעולה 7,מיליליטרים,750.00,"100 מ""ל",false,1,39.90,5.32,true,1,
8004275059543,false,"חומץ בלסמי ממודנה גלייז 250 מ""ל CIRIO",,,חומץ בלסמי ממודנה,מיליליטרים,250.00,"100 מ""ל",false,1,21.90,8.76,true,1,
8004275059888,false,"חומץ בן יין אדום 500 מ""ל CIRIO",,,חומץ בן יין אדום 500,מיליליטרים,500.00,"100 מ""ל",false,1,16.70,3.34,true,1,
8004275059895,false,"חומץ בן יין לבן 500 מ""ל CIRIO",,,חומץ בן יין לבן 500,מיליליטרים,500.00,"100 מ""ל",false,1,16.70,3.34,true,1,
8004690278277,false,"קמח דורום מלא איטלקי 1 ק""ג",,IT,קמח דורום מלא איטלקי,גרמים,1000.00,100 גרם,false,1,11.90,1.19,true,1,
8004800000064,false,גלילי וופל לאגו פלאסיר קרם קקאו 100 גר,,,גלילי וופל לאגו פלאס,גרמים,100.00,100 גרם,false,1,12.90,12.90,true,1,
8004800000071,false,גלילי וופל לאגו פלאסיר קרם אגוזי לוז 100,,,גלילי וופל לאגו פלאס,גרמים,100.00,100 גרם,false,1,12.90,12.90,true,1,
8004800004802,false,גלילי וופל לאגו פלאסיר קרם דומדמניות 100,,,גלילי וופל לאגו פלאס,גרמים,100.00,100 גרם,false,1,12.90,12.90,true,1,
8005095003006,false,"יין פפיגין שרדונה 750 מ""ל",,,יין פפיגין שרדונה 75,מיליליטרים,750.00,"100 מ""ל",false,1,78.90,10.52,true,1,
8005095010141,false,"יין פיגין פריולאנו פריולי גראב 750 מ""ל",,,יין פיגין פריולאנו פ,מיליליטרים,750.00,"100 מ""ל",false,1,78.90,10.52,true,1,
8005095010172,false,יין פיגין פינו גריגיו פריולי גראב 750 מל,,,יין פיגין פינו גריגי,מיליליטרים,750.00,"100 מ""ל",false,1,78.90,10.52,true,1,
8005110171215,false,POLPAPEZZI עגבניות חתוכות 690 גרם MUTTI,,,POLPAPEZZI עגבניות ח,גרמים,500.00,100 גרם,false,1,16.90,3.38,true,1,
8005110200014,false,רכז עגבניות 210 גרם MUTTI,,,רכז עגבניות 210 גרם,מיליליטרים,212.00,"100 מ""ל",false,1,7.90,3.73,true,1,
8005110550508,false,עגבניות שרי 400 גרם MUTTI,,,עגבניות שרי 400 גרם,מיליליטרים,400.00,"100 מ""ל",false,1,12.25,3.06,true,1,
8005200256587,false,נסטי בטעם אפרסק 1.5 ליטר,,IL,נסטי בטעם אפרסק 1.5,ליטרים,0.00,ליטר,false,1,9.00,9.00,true,1,
8005200286584,false,נסטי בטעם מנגו אננס 1.5 ליטר,,IL,נסטי בטעם מנגו אננס,ליטרים,0.00,ליטר,false,1,9.00,9.00,true,1,
8005200316588,false,נסטי דיאט בטעם אפרסק 1.5 ליטר,,IL,נסטי דיאט בטעם אפרסק,ליטרים,0.00,ליטר,false,1,9.00,9.00,true,1,
8005390020517,false,סרטורי ואלפוליצלה קל. מונטגרדלה 750 מל,,,סרטורי ואלפוליצלה קל,Unknown,0.00,Unknown,false,1,87.90,87.90,true,1,
8005390036099,false,סרטורי מרלו 750 מל,,,וילה מורה מרלו 750 מ,Unknown,0.00,Unknown,false,1,40.90,40.90,true,1,
8005390046579,false,"סרטורי, פינו גריגיו רוזה, לאב סטורי 750מ",,,סרטורי פינו גריגיו,Unknown,0.00,Unknown,false,1,52.90,52.90,true,1,
8005390080993,false,יין וילה מורה רוזה 750 מל,,,יין וילה מורה רוזה 7,Unknown,0.00,Unknown,false,1,40.90,40.90,true,1,
8005390083291,false,יין סרטורי וילה מורה פינו ביאנקו 750 מל,,,יין וילה מורה פינו ב,Unknown,0.00,Unknown,false,1,40.90,40.90,true,1,
8005390083420,false,יין וילה מורה ברדולינו 750 מל,,,יין וילה מורה ברדולי,Unknown,0.00,Unknown,false,1,40.90,40.90,true,1,
8005390095317,false,יין סרטורי קוסטוזה 750 מל,,,יין סרטורי קוסטוזה 7,Unknown,0.00,Unknown,false,1,52.90,52.90,true,1,
8005390095331,false,יין סרטורי ואלפוליצלה קלאסיקו 750 מל,,,יין סרטורי ואלפוליצל,Unknown,0.00,Unknown,false,1,76.90,76.90,true,1,
8005390936153,false,"סרטורי פינו גריגיו ארכולה 750 מ""ל",,,סרטורי פינו גריגיו,Unknown,0.00,Unknown,false,1,52.90,52.90,true,1,
8005469981602,false,פילה אנשובי איטלקי ש.חמניות 80 גר SCALIA,,,פילה אנשובי איטלקי ש,גרמים,80.00,100 גרם,false,1,16.90,21.13,true,1,
8005493000966,false,יין ציטרה קרוסו 750 מל,,,יין ציטרה קרוסו 750,Unknown,0.00,Unknown,false,1,83.90,83.90,true,1,
8005709201279,false,פסטה פפרדלה גרנד ארמנדו 500 גרם,,,פסטה פפרדלה גרנד ארמ,גרמים,500.00,100 גרם,false,1,13.90,2.78,true,1,
8005709204041,false,ספגטו גרנד ארמנדו 500 גרם,,,ספגטו גרנד ארמנדו 50,Unknown,0.00,Unknown,false,1,10.90,10.90,true,1,
8005709206052,false,ספגטו אורגני חיטה מלאה 500 גר,,,ספגטו אורגני חיטה מל,גרמים,500.00,100 גרם,false,1,12.90,2.58,true,1,
8005840020272,false,לואקר גלידה סנדוויץ לאטה אלפינו 264 גרם,,IT,לואקר גלידה סנדוויץ,גרמים,264.00,100 גרם,false,1,45.90,17.39,true,1,
8005840020289,false,לואקר גלידה סנדוויץ נפוליטנה 264 גרם,,IT,לואקר גלידה סנדוויץ,גרמים,264.00,100 גרם,false,1,45.90,17.39,true,1,
8006227000399,false,מנצאטו-לחם פרוס לבן 400 גרם,,IT,מנצאטו-לחם פרוס לבן,גרמים,400.00,100 גרם,false,1,15.90,3.98,true,1,
8006227000405,false,סמנצאטו-לחם פרוס חיטה מלאה 400 גרם,,IT,סמנצאטו-לחם פרוס חיט,גרמים,400.00,100 גרם,false,1,15.90,3.98,true,1,
8006540222089,false,מגבונים היגיינים לתינוקות ולילדים to go,,ES,מגבונים היגיינים לתי,יחידה,1.00,יחידה,false,1,7.90,7.90,true,1,
8006540353004,false,טמפקס פרל סופר 18 יח,,,טמפקס פרל סופר 18 יח,Unknown,0.00,Unknown,false,1,24.90,24.90,true,1,
8006540429327,false,"פיירי סבון כלים לימון 440 מ""ל",,,פיירי סבון כלים לימו,יחידה,1.00,יחידה,false,1,10.90,10.90,true,1,
8006663001042,false,גראנה פדאנה 200 גר,,IT,גרנה פדנו איטלקי,גרמים,200.00,100 גרם,false,1,28.20,14.10,true,1,
8006663001073,false,פרמזנו רגאנו איטלקי 200 גרם,,IT,פרמזנו רגאנו איטלקי,גרמים,200.00,100 גרם,false,1,35.90,17.95,true,1,
8007150901623,false,שמן זרעי ענבים 1 ליטר + 0.5 ליטר,,,שמן זרעי ענבים 1 ליט,ליטרים,0.00,ליטר,false,1,57.90,57.90,true,1,
8007178223547,false,"חומץ בלסמי מצומצם גקובזי 250 מ""ל",,,חומץ בלסמי מצומצם גק,מיליליטרים,250.00,"100 מ""ל",false,1,27.20,10.88,true,1,
8007537005920,false,פרימיום ציפס מלח ים 300 גרם,,IT,פרימיום ציפס מלח ים,גרמים,300.00,100 גרם,false,1,27.20,9.07,true,1,
8007537005937,false,פרימיום ציפס פלפל שחור ומלח ים 300 גרם,,IT,פרימיום ציפס פלפל שח,גרמים,300.00,100 גרם,false,1,27.20,9.07,true,1,
8007537006538,false,"טורטיליה ציפס תירס כחול לל""ג 450 גרם",,IT,טורטיליה ציפס תירס כ,גרמים,450.00,100 גרם,false,1,27.20,6.04,true,1,
8008164002412,false,"גלידה משפחתית גלטי טרמיסו 1 ק""ג",,,גלידה משפחתית גלטי ט,גרמים,1000.00,100 גרם,false,1,32.90,3.29,true,1,
8008440522016,false,"שישיית בירה פרוני 6*330 מ""ל",,,שישיית בירה פרוני 6*,מיליליטרים,1980.00,"100 מ""ל",false,1,40.90,2.07,true,1,
8008660210021,false,מעדן ריבה מנץ אנד גאססר דובדבן 300 גר,,,מעדן ריבה מנץ אנד גא,גרמים,300.00,100 גרם,false,1,18.90,6.30,true,1,
8008660210045,false,מעדן ריבה מנץ אנד גאססר פירות יער 300 גר,,,מעדן ריבה מנץ אנד גא,גרמים,300.00,100 גרם,false,1,18.90,6.30,true,1,
8008698003152,false,"SCHAR גבטה כפרית לל""ג 250 גרם",,,"SCHAR גבטה כפרית לל""",גרמים,250.00,100 גרם,false,1,23.90,9.56,true,1,
8008698024140,false,לחם ללא גלוטן פאן מולטי גראנו 250 גר,,DE,לחם ללא גלוטן פאן מו,גרמים,250.00,100 גרם,false,1,20.80,8.32,true,1,
8008825005363,false,עגבניות מרוסקות  3*400 גר Rodolfi,,,עגבניות מרוסקות  3*4,קילוגרמים,0.00,"ק""ג",false,1,18.80,18.80,true,1,
8008825012538,false,מחית עגבניות 690 גרם Rodolfi,,,מחית עגבניות 690 גרם,גרמים,690.00,100 גרם,false,1,12.90,1.87,true,1,
8008857500003,false,אטריות עגולות דקות 500 גרם,,,אטריות עגולות דקות 5,גרמים,500.00,100 גרם,false,1,8.50,1.70,true,1,
8009470009027,false,סימבה כלב ציד 400 ג,,,סימבה לכלב עוף והודו,גרמים,400.00,100 גרם,false,1,4.00,1.00,true,1,
8009915000282,false,פסטה פטוציני ללא גלוטן 250 גרם,,,פסטה פטוציני ללא גלו,גרמים,250.00,100 גרם,false,1,15.90,6.36,true,1,
8015997000133,false,מאריני-קנטוציני עוגיות עם שקדים 200 ג,,IT,מאריני-קנטוציני עוגי,גרמים,200.00,100 גרם,false,1,15.60,7.80,true,1,
8015997000157,false,מאריני בישקוטים פריכים בטעם קקאו 200 גר,,IT,מאריני בישקוטים פריכ,גרמים,200.00,100 גרם,false,1,8.90,4.45,true,1,
8017300114452,false,"ליקר לימונצלו פיימה 700 מ""ל",,,ליקר לימונצלו פיימה,מיליליטרים,700.00,"100 מ""ל",false,1,94.90,13.56,true,1,
8021274001007,false,קמח פסטה פרסקה 1 קג  STAGIONI 5,,,"קמח פסטה פרסקה 1 ק""ג",קילוגרמים,0.00,"ק""ג",false,1,11.80,11.80,true,1,
8021274041003,false,"קמח רוסו 1 ק""ג  STAGIONI 5",,,"קמח רוסו 1 ק""ג  STAG",גרמים,1000.00,100 גרם,false,1,11.40,1.14,true,1,
8021274070010,false,קמח לבן פיצה נפוליטנה 1 קג  STAGIONI 5,,,קמח לבן פיצה נפוליטנ,גרמים,1000.00,100 גרם,false,1,11.80,1.18,true,1,
8022734000103,false,"חומץ בלסמי ממודנה 250 מ""ל ORO",,,חומץ בלסמי ממודנה 25,מיליליטרים,250.00,"100 מ""ל",false,1,111.50,44.60,true,1,
8022734111885,false,"חומץ תפוחים 250 מ""ל דאו ויטוריו",,IT,"חומץ תפוחים 250 מ""ל",מיליליטרים,250.00,"100 מ""ל",false,1,36.90,14.76,true,1,
8023678161363,false,משקה שבולת שועל אורגני 1 ליטר ISOLA,,,משקה שבולת שועל אורג,מיליליטרים,1000.00,"100 מ""ל",false,1,12.90,1.29,true,1,
8023678162360,false,משקה שקדים אורגני 1 ליטר isola,,,משקה שקדים אורגני 1,מיליליטרים,1000.00,"100 מ""ל",false,1,16.90,1.69,true,1,
8024985002912,false,סמוזי אגס בטטה 100 גר נטורה נובה,,IT,סמוזי אגס בטטה 100 ג,גרמים,100.00,100 גרם,false,1,6.50,6.50,true,1,
8024985003988,false,סמוזי תפוח בננה 100 גר נטורה נובה,,,סמוזי תפוח בננה 100,גרמים,100.00,100 גרם,false,1,6.50,6.50,true,1,
8024985004305,false,סמוזי תפוח רביעיה 400 גר נטורה נובה,,,סמוזי תפוח רביעיה 40,גרמים,400.00,100 גרם,false,1,24.50,6.13,true,1,
8024985005234,false,סמוזי נטורה נובה סמוצי תפוח מנגו 100 גרם,,,מחית נטורה נובה סמוצ,גרמים,100.00,100 גרם,false,1,6.50,6.50,true,1,
8024985005296,false,סמוזי אגס בננה תפוח וקינואה אורגני,,,סמוזי אגס בננה תפוח,גרמים,120.00,100 גרם,false,1,8.50,7.08,true,1,
8030316001011,false,מונטאלבאנו פינו גריגיו  750 מל אורגני,,,מונטאלבאנו פינו,מיליליטרים,750.00,"100 מ""ל",false,1,70.90,9.45,true,1,
8032523530452,false,ממרח פיסטוק 200 גרם,,,ממרח פיסטוק 200 גרם,גרמים,200.00,100 גרם,false,1,37.90,18.95,true,1,
8032685196787,false,עגבניות אורגניות חתוכות 400 גרם SOLANIA,,,עגבניות אורגניות חתו,גרמים,400.00,100 גרם,false,1,7.90,1.98,true,1,
8032793912910,false,"בלסמי כמהין שחור אסטייה מלפיגי 100 מ""ל",,IT,בלסמי כמהין שחור אסט,מיליליטרים,100.00,"100 מ""ל",false,1,59.90,59.90,true,1,
8032804430501,false,פליסיה פסטה פוזילי אפונה אורגני 250 גרם,,,פליסיה פסטה פוזילי א,גרמים,250.00,100 גרם,false,1,15.90,6.36,true,1,
8032804430976,false,"ריגטוני שיבולת שועל לל""ג פליסיה 340 גרם",,IT,ריגטוני שיבולת שועל,גרמים,340.00,100 גרם,false,1,18.90,5.56,true,1,
8033020445980,false,"PIVETTI קמח לפסטה 00 1 ק""ג",,IT,PIVETTI קמח לפסטה 00,גרמים,1000.00,100 גרם,false,1,13.90,1.39,true,1,
8034023208503,false,TERREעגבניות מיובשות בשמן חמניות 280 גר,,,TERREעגבניות מיובשות,גרמים,280.00,100 גרם,false,1,18.60,6.64,true,1,
8034023209104,false,רבעי ארטישוק 280 גרם TERRE,,,רבעי ארטישוק 280 גרם,גרמים,280.00,100 גרם,false,1,20.90,7.46,true,1,
8056732080713,false,פיו בואנו ברוסקטה בצ,,IT,פיו בואנו ברוסקטה בצ,Unknown,0.00,Unknown,false,1,10.90,10.90,true,1,
8076800195033,false,ספגטי ברילה מס 3 ברילה,,,ספגטי ברילה מס 3 ברי,גרמים,500.00,100 גרם,false,1,7.90,1.58,true,1,
8076800195057,false,ספגטי ברילה מס 5 ברילה,,,ספגטי ברילה מס 5 ברי,גרמים,500.00,100 גרם,false,1,7.90,1.58,true,1,
8076802085738,false,פסטה ברילה פנה רגטה מס 73,,,פסטה ברילה פנה רגטה,גרמים,500.00,100 גרם,false,1,7.90,1.58,true,1,
8076802085837,false,פסטה ברילה טורטליוני מס 83,,,פסטה ברילה טורטליוני,גרמים,500.00,100 גרם,false,1,7.90,1.58,true,1,
8076802085981,false,פסטה ברילה פוזילי מס 98,,,פסטה ברילה פוזילי מס,גרמים,500.00,100 גרם,false,1,7.90,1.58,true,1,
8076808050440,false,פסטה ברילה מקרוני מס 44,,,פסטה ברילה מקרוני,גרמים,500.00,100 גרם,false,1,7.90,1.58,true,1,
8076808060654,false,ברילה פרפלה מס 65,,,ברילה פרפלה מס 65,גרמים,500.00,100 גרם,false,1,7.90,1.58,true,1,
8076809513456,false,ברילה  רוטב עגבניות עם בזיליקום 400 גר,,IT,ברילה  רוטב עגבניות,גרמים,400.00,100 גרם,false,1,16.90,4.23,true,1,
8076809523561,false,רוטב פסטה בטעם פיצה 400 גרם ברילה,,,רוטב פסטה בטעם פיצה,גרמים,400.00,100 גרם,false,1,16.90,4.23,true,1,
8076809523738,false,ברילה לזניה 500 גרם,,,ברילה לזניה 500 גרם,גרמים,500.00,100 גרם,false,1,25.90,5.18,true,1,
8076809529419,false,ספגטי חיטה מלאה 500 גרם,,,ספגטי חיטה מלאה 500,גרמים,500.00,100 גרם,false,1,14.90,2.98,true,1,
8076809529433,false,פנטה רגטה חיטה מלאה 500 גרם,,,פנטה רגטה חיטה מלאה,גרמים,500.00,100 גרם,false,1,14.90,2.98,true,1,
8076809545457,false,ברילה פסטה ללא גלוטן צורת צינורות 400 גר,,,ברילה פסטה ללא גלוטן,גרמים,400.00,100 גרם,false,1,15.90,3.98,true,1,
8076809547956,false,ברילה צ.ק קיפרי 500 גרם,,IT,ברילה  קיפרי 500 גר,גרמים,500.00,100 גרם,false,1,7.90,1.58,true,1,
8076809580762,false,רוטב פסטו ברילה 190 גר GENOVESE,,,רוטב פסטו ברילה 190,גרמים,190.00,100 גרם,false,1,19.80,10.42,true,1,
8410013381010,false,יין מבעבע קודורניו קלאסיקו ברוט 750 מל,,,יין מבעבע קודורניו ק,Unknown,0.00,Unknown,false,1,48.90,48.90,true,1,
8410031132519,false,צופה צופס-לקקן 16 יח בשקית  120 גר,,AT,צופה צופס-לקקן 16 יח,גרמים,120.00,100 גרם,false,1,15.40,12.83,true,1,
8410076610379,false,חטיף נייטשר ואלי פרוטאין שוקולד 210 גרם,,,חטיף נייטשר ואלי פרו,גרמים,210.00,100 גרם,false,1,27.90,13.29,true,1,
8410076610386,false,חטיף נייטשר ואלי פרוטאין קרם מלוח 210 גר,,,חטיף נייטשר ואלי פרו,גרמים,210.00,100 גרם,false,1,27.90,13.29,true,1,
8410104039134,false,פיניש מנקה ומחדש,,,מנקה ומחדש פיניש 250,מיליליטרים,250.00,"100 מ""ל",false,1,19.90,7.96,true,1,
8410128768324,false,ויוה סוי שקדים קרטונית 1 ליטר,,ES,ויוה סוי שקדים קרטונ,מיליליטרים,1000.00,"100 מ""ל",false,1,13.90,1.39,true,1,
8410179002798,false,זיתים ירוקים ממולאים בלימון 314 גר,,ES,זיתים ירוקים ממולאים,גרמים,314.00,100 גרם,false,1,11.00,3.50,true,1,
8410300102939,false,קוביות גלינה בלנקה טעם בקר 80 גר,,,קוביות גלינה בלנקה ט,גרמים,80.00,100 גרם,false,1,14.90,18.63,true,1,
8410300233978,false,מרק להכנה מהירה פטריות/קרוטון 15 גרם G.B,,,מרק להכנה מהירה פטרי,גרמים,15.00,100 גרם,false,1,4.20,28.00,true,1,
8410300238164,false,קוביות גלינה בלנקה עוף עם ירק 80 גר,,,קוביות גלינה בלנקה ע,גרמים,80.00,100 גרם,false,1,14.90,18.63,true,1,
8410342005625,false,"טוראס-שוקולד חלב אגוז ללת""ס 75 גרם",,ES,טוראס-שוקולד חלב אגו,גרמים,75.00,100 גרם,false,1,10.90,14.53,true,1,
8410342005632,false,"טוראס-שוקולד חלב שקד ללת""ס 75 גרם",,ES,טוראס-שוקולד חלב שקד,גרמים,75.00,100 גרם,false,1,10.90,14.53,true,1,
8410342007049,false,"טוראס-שוקולד מריר 85% ללת""ס 75 גרם",,,טוראס-שוקולד מריר 85,גרמים,75.00,100 גרם,false,1,10.90,14.53,true,1,
8410376009392,false,"ביסקוויט ללת""ס חיטה מלאה 170 גר",,,ביסקוויט חיטה מלאה,גרמים,170.00,100 גרם,false,1,14.20,8.35,true,1,
8410376017113,false,גולון ביסקוויט סנדוויץ שוקו 500 גר,,ES,גולון ביסקוויט סנדוו,גרמים,500.00,100 גרם,false,1,11.00,2.20,true,1,
8410376036862,false,גולון ביסקוויט סנדוויץ וניל 500 גר,,ES,גולון ביסקוויט סנדוו,גרמים,500.00,100 גרם,false,1,11.00,2.20,true,1,
8410376037319,false,קרקר פיק מלח גולון 300 גר,,ES,קרקר פיק מלח גולון 3,גרמים,300.00,100 גרם,false,1,10.90,3.63,true,1,
8410376037883,false,"עוגיות שוקוציפס ללת""ס וללא גלוטן 130 גר",,,"עוגיות שוקוציפס ללת""",גרמים,130.00,100 גרם,false,1,13.90,10.69,true,1,
8410376047509,false,"גולון ביסקויט ללת""ס 400 גרם",,,"גולון ביסקויט ללת""ס",גרמים,400.00,100 גרם,false,1,20.90,5.23,true,1,
8410376061789,false,גולון-סנדוויץ שוקולד ללא גלוטן  225 גר,,ES,גולון-סנדוויץ שוקולד,גרמים,225.00,100 גרם,false,1,18.90,8.40,true,1,
8410406311006,false,מרקז דה קסרס ריוחה קריאנזה 750 מל,,,מרקז דה קסרס ריוחה,Unknown,0.00,Unknown,false,1,73.90,73.90,true,1,
8410525116728,false,פיני גומי דובונים 90 גרם,,ES,פיני גומי דובונים 90,Unknown,0.00,Unknown,false,1,7.50,7.50,true,1,
8410525178085,false,פיני גומי אבטיח מסוכר 90 גרם,,ES,פיני גומי אבטיח מסוכ,Unknown,1.00,Unknown,false,1,7.50,7.50,true,1,
8410655001147,false,בירה סאן מיגל 500 מל פחית,,,בירה סאן מיגל אספסיא,מיליליטרים,500.00,"100 מ""ל",false,1,9.90,1.98,true,1,
8410679030079,false,טבלת טראפה ל.ס. חלב אגוז 75ג,,ES,טבלת טראפה ל.ס. חלב,גרמים,75.00,100 גרם,false,1,8.90,11.87,true,1,
8410743700297,false,יין קווה קסטילו פרלדה יבש 750 מל,,,יין קווה קסטילו פרלד,Unknown,0.00,Unknown,false,1,53.90,53.90,true,1,
8413165061618,false,אוגרטה ריוחה קריאנזה 750 מל,,,אוגרטה ריוחה קריאנזה,Unknown,0.00,Unknown,false,1,60.90,60.90,true,1,
8413165070825,false,אוגרטה ריוחה קוסצה 2012 750 מל,,,אוגרטה ריוחה קוסצה,Unknown,0.00,Unknown,false,1,48.90,48.90,true,1,
8413376024839,false,גבינת עיזים רכה עשבי תיבול 29% 110 גר,,ES,גבינת עיזים רכה עשבי,גרמים,110.00,100 גרם,false,1,18.60,16.91,true,1,
8414753700124,false,פילה אנשובי בשמן זית 100 גרם צנצנת,,,פילה אנשובי בשמן זית,גרמים,100.00,100 גרם,false,1,25.10,25.10,true,1,
8420342001633,false,יין פרוטוס רחברה דל דוארו קוסצה 27 750 מ,,ES,יין פרוטוס רחברה דל,Unknown,0.00,Unknown,false,1,164.90,164.90,true,1,
8423207207362,false,חטיף דגנים סלים דליס שוקולד לבן 120 גר,,,חטיף דגנים סלים דליס,גרמים,120.00,100 גרם,false,1,13.90,11.58,true,1,
8423207208888,false,פריכיות תירס עגבניות ועשבי תיבול 123.5 ג,,,פריכיות תירס עגבניות,גרמים,124.00,100 גרם,false,1,10.90,8.79,true,1,
8423371007584,false,אגוז קשיו קלויים סאליסול 50 גר,,,אגוז קשיו קלויים סאל,גרמים,50.00,100 גרם,false,1,9.90,19.80,true,1,
8431438000089,false,גבינה איבריקו גוורדמור ספרדי במשקל,,,גבינה גוורדמור ספרדי,Unknown,0.00,"ק""ג",true,0,220.00,220.00,true,1,
8431438000256,false,מנצגו קייסו ספרדי במשקל,,,מנצגו קייסו ספרדי במ,Unknown,0.00,"ק""ג",true,0,210.00,210.00,true,1,
8445290427120,false,פיטנס שוקולד מריר ובננה 330 גרם,,,פיטנס שוקולד מריר וב,גרמים,375.00,100 גרם,false,1,22.90,6.11,true,1,
8593868000302,false,"בירה סטארופרמן לאגר בקבוק 5% 500 מ""ל",,CZ,בירה סטארופרמן פרימי,מיליליטרים,500.00,"100 מ""ל",false,1,12.90,2.58,true,1,
8594009923429,false,"בירה קרושוביצה אמפריאל 500 מ""ל פחית",,,בירה קרושוביצה אמפרי,מיליליטרים,500.00,"100 מ""ל",false,1,12.90,2.58,true,1,
8594403707649,false,"בירה באדוויזר דארק לאגר 500 מ""ל פחית",,,בירה באדוויזר דארק ל,מיליליטרים,500.00,"100 מ""ל",false,1,8.90,1.78,true,1,
8594404001418,false,"בירה קוזל כהה 500 מ""ל",,,"בירה קוזל כהה 500 מ""",מיליליטרים,500.00,"100 מ""ל",false,1,9.40,1.88,true,1,
8594404110110,false,בירה פילסנר אוראקוול 500 מל,,,בירה פילסנר אוראקוול,מיליליטרים,500.00,"100 מ""ל",false,1,13.90,2.78,true,1,
8594404115115,false,בירה פילזנר אורקוול פחית 500 מל,,CZ,בירה פילזנר אורקוול,מיליליטרים,500.00,"100 מ""ל",false,1,11.90,2.38,true,1,
8595134503302,false,פילטר ארוך 6 ממ,,,פילטר ארוך 6 ממ,Unknown,0.00,Unknown,false,1,5.00,5.00,true,1,
8606109023593,false,פרוויטה מיץ תפוחי עץ ואגסים 750 מל,,RS,פרוויטה מיץ תפוחי עץ,מיליליטרים,750.00,"100 מ""ל",false,1,14.90,1.99,true,1,
8606109023623,false,פרוויטה מיץ תפוחי עץ ולימון ליים 750 מ,,RS,פרוויטה מיץ תפוחי עץ,מיליליטרים,750.00,"100 מ""ל",false,1,14.90,1.99,true,1,
8606109023647,false,פרוויטה - מיץ סלק ותפוחי עץ 750 מל,,RS,פרוויטה - מיץ סלק ות,מיליליטרים,750.00,"100 מ""ל",false,1,14.90,1.99,true,1,
8606109023715,false,פרוויטה מיץ תפוחי עץ ואפרסקים 750 מל,,RS,פרוויטה מיץ תפוחי עץ,מיליליטרים,750.00,"100 מ""ל",false,1,14.90,1.99,true,1,
8606109023722,false,פרוויטה מיץ תפוחי עץ ומשמשים 750 מל,,RS,פרוויטה מיץ תפוחי עץ,מיליליטרים,750.00,"100 מ""ל",false,1,14.90,1.99,true,1,
8683130008355,false,מיונז עם שום הלמנס לחיץ  400 גרם,,TR,מיונז עם שום הלמנס ל,גרמים,400.00,100 גרם,false,1,17.90,4.48,true,1,
8690504081913,false,מקוויטיס טינס מצופה שוקולד חלב 150 גרם,,TR,מקוויטיס טינס מצופה,גרמים,150.00,100 גרם,false,1,12.00,8.00,true,1,
8690504081937,false,מקוויטיס טינס שוקולד חלב וקפוצינו 150 גר,,,מקוויטיס טינס שוקולד,גרמים,150.00,100 גרם,false,1,12.00,8.00,true,1,
8690504153849,false,שוקולד חלב גודייבה קרם פרלין אגוזים 83 ג,,TR,שוקולד חלב גודייבה ק,גרמים,83.00,100 גרם,false,1,15.90,19.16,true,1,
8690574801060,false,"ליפטון אייס תה לימון 330 מ""ל",,BE,ליפטון אייס תה לימון,מיליליטרים,330.00,"100 מ""ל",false,1,5.50,1.67,true,1,
8690637504426,false,"קרם ניקוי סיף בניחוח לימון 500 מ""ל",,TR,קרם ניקוי סיף בניחוח,יחידה,1.00,יחידה,false,1,15.40,15.40,true,1,
8690637505607,false,"מרכך כביסה בדין פינוק כחול 960 מ""ל",,,מרכך כביסה בדין פינו,מיליליטרים,960.00,"100 מ""ל",false,1,17.90,1.86,true,1,
8690637505959,false,"סבון ידיים דאב לוטוס 500 מ""ל",,,סבון ידיים דאב לוטוס,מיליליטרים,500.00,"100 מ""ל",false,1,19.80,3.96,true,1,
8690637555084,false,מרכך כביסה בדין אקסטרא פריחת תפוז 960 מל,,,מרכך כביסה בדין אקסט,מיליליטרים,960.00,"100 מ""ל",false,1,17.90,1.86,true,1,
8690637835643,false,תה ירוק לואיז הולימונית 20 שק ליפטון,,,תה ירוק לואיז הולימו,Unknown,0.00,Unknown,false,1,21.90,21.90,true,1,
8690637871245,false,מיונז אמיתי הלמנס לחיץ 395 גם,,TR,מיונז אמיתי הלמנס לח,גרמים,395.00,100 גרם,false,1,16.90,4.28,true,1,
8690766156367,false,שוקולד חלב גודייבה מעולה 90 גר,,TR,שוקולד חלב גודייבה מ,גרמים,90.00,100 גרם,false,1,15.90,17.67,true,1,
8690766156374,false,שוקולד מריר 72% גודייבה 90 גר,,TR,שוקולד מריר 72% גודי,גרמים,90.00,100 גרם,false,1,15.90,17.67,true,1,
8690766156398,false,שוקולד חלב גודייבה שקדים קלויים ודבש 90,,TR,שוקולד חלב גודייבה ש,גרמים,90.00,100 גרם,false,1,15.90,17.67,true,1,
8690766156404,false,שוקולד מריר גודייבה בטעם תפוז אדום 90 גר,,TR,שוקולד מריר גודייבה,גרמים,90.00,100 גרם,false,1,15.90,17.67,true,1,
8690777204071,false,פלפל חריף 640 גרם SERA,,,פלפל חריף 640 גרם SE,גרמים,640.00,100 גרם,false,1,15.90,2.48,true,1,
8690777206051,false,חצילים קלויים על האש 650 גרם SERA,,,חצילים קלויים על האש,גרמים,650.00,100 גרם,false,1,13.90,2.14,true,1,
8691351103674,false,נוגט עם שקדים ולימון 100 גרם,,TR,נוגט עם שקדים ולימון,גרמים,100.00,100 גרם,false,1,11.90,11.90,true,1,
8691530924670,false,רכז רימונים טבעי 345 גר,,,רכז רימונים טבעי 345,גרמים,345.00,100 גרם,false,1,20.50,5.94,true,1,
8694686405857,false,מיטו מזון לחתול 1 קג,,,מיטו מזון לחתול 1 קג,Unknown,0.00,Unknown,false,1,19.90,19.90,true,1,
8697431921701,false,קונפיטורה 70% תות שדה 454 גרם,,,קונפיטורה 70% תות שד,גרמים,450.00,100 גרם,false,1,18.60,4.13,true,1,
8697530910750,false,פאל מאל כחול ארוך האוס חפיסה,,,פאל מאל כחול ארוך הא,Unknown,0.00,Unknown,false,1,30.00,30.00,true,1,
8697530910781,false,פאל מאל אדום האוס חפיסה,,,פאל מאל אדום האוס חפ,Unknown,0.00,Unknown,false,1,30.00,30.00,true,1,
8697826469092,false,טורטיה קטנה  12 יחידות 540 גרם,,,טורטיה קטנה  12 יחיד,גרמים,540.00,100 גרם,false,1,11.90,2.20,true,1,
8710418111213,false,עוגיות חמאה ברינק ספריטס הולנדי 400 גרם,,,עוגיות חמאה ברינק ספ,גרמים,400.00,100 גרם,false,1,12.50,3.13,true,1,
8710448569879,false,מיונז הולנדי לחיץ 750 גרם,,,מיונז הולנדי לחיץ 75,גרמים,750.00,100 גרם,false,1,28.90,3.85,true,1,
8710448634669,false,"GG רוטב אנדלוס 650 מ""ל",,NL,GG רוטב אנדלוס 650 מ,מיליליטרים,650.00,"100 מ""ל",false,1,23.90,3.68,true,1,
8710502060021,false,מרבה פטיסרי עוגיות מאפין רכות 210 גרם,,NL,מרבה פטיסרי עוגיות מ,גרמים,210.00,100 גרם,false,1,11.50,5.48,true,1,
8710679158385,false,"ציפס פריטס קלאסי 2.5 ק""ג",,,"ציפס קלאסי 2.5 ק""ג",קילוגרמים,0.00,"ק""ג",false,1,44.90,44.90,true,1,
8710998477464,false,הלר סוכריות קשות פירות בצנצנת 300 גרם,,DE,הלר סוכריות קשות פיר,גרמים,300.00,100 גרם,false,1,22.90,7.63,true,1,
8711000371206,false,קפסולות קפה אספרסו ריסטרטו גייקובס 52 גר,,FR,קפסולות קפה אספרסו ר,גרמים,52.00,100 גרם,false,1,17.90,34.42,true,1,
8711200425990,false,חמאת בוטנים חלקה 350 גר Calve,,NL,חמאת בוטנים חלקה 350,גרמים,350.00,100 גרם,false,1,20.90,5.97,true,1,
8711200443789,false,"חרדל גרגרים בבקבוק לחיץ 235 מ""ל",,,חרדל גרגרים בבקבוק ל,מיליליטרים,235.00,"100 מ""ל",false,1,16.90,7.19,true,1,
8712000050146,false,"בירה היינקן 0.0% אלכוהול 330 מ""ל",,,בירה היינקן 0.0% אלכ,מיליליטרים,330.00,"100 מ""ל",false,1,6.50,1.97,true,1,
8712000051099,false,"שישיית בירה היינקן 0.0% אלכוהול 330 מ""ל",,,שישיית בירה היינקן 0,מיליליטרים,1980.00,"100 מ""ל",false,1,35.90,1.81,true,1,
8712100739231,false,תה בשקיות פירמיד,,,תה בשקיות פירמיד,גרמים,125.00,100 גרם,false,1,22.90,18.32,true,1,
8712561594240,false,"דאב תחליב רחצה להזנה עמוקה 500 מ""ל",,,דאב תחליב רחצה להזנה,מיליליטרים,500.00,"100 מ""ל",false,1,19.90,3.98,true,1,
8713499045156,false,גאודה כמון הולנדית במשקל,,,גאודה כמון הולנדית ב,Unknown,0.00,"ק""ג",true,0,121.00,121.00,true,1,
8713505038608,false,גאודה הולנדית פטריות כמהין במשקל,,,גאודה הולנדית פטריות,Unknown,0.00,"ק""ג",true,0,189.00,189.00,true,1,
8714100402016,false,אטריות אורז 250 גרם MIHOEN,,,אטריות אורז 250 גרם,גרמים,250.00,100 גרם,false,1,11.40,4.56,true,1,
8714599412220,false,גייקובס וולווט קפה נמס מיובש 95 גרם,,RU,גייקובס וולווט קפה נ,גרמים,95.00,100 גרם,false,1,17.70,18.63,true,1,
8714599412336,false,גיקובס בריסטה אמריקנו קפה נמס 160 גר,,,גיקובס בריסטה אמריקנ,גרמים,160.00,100 גרם,false,1,29.50,18.44,true,1,
8714599513781,false,גיקובס גולד מיובש בהקפאה 200 גר,,,גיקובס גולד מיובש בה,גרמים,200.00,100 גרם,false,1,29.90,14.95,true,1,
8714599513835,false,קפה גיקובס קרונונג נטול קופאין 200 גר,,,קפה גיקובס קרונונג נ,גרמים,200.00,100 גרם,false,1,38.90,19.45,true,1,
8714599513866,false,גיקובס קרונונג מיובש בהקפאה 200 גר,,,גיקובס קרונונג מיובש,גרמים,200.00,100 גרם,false,1,30.90,15.45,true,1,
8714789218465,false,מברשת שיניים קולגייט 360 מדיום זוג,,,מברשת שיניים קולגייט,Unknown,0.00,Unknown,false,1,38.50,38.50,true,1,
8715035150300,false,"רוטב סויה קיקומן ללא גלוטן 250 מ""ל",,NL,רוטב סויה קיקומן ללא,מיליליטרים,250.00,"100 מ""ל",false,1,24.50,9.80,true,1,
8715700110141,false,מיונז בצנצנת היינץ 460 גרם,,,מיונז בצנצנת היינץ 4,גרמים,460.00,100 גרם,false,1,12.90,2.80,true,1,
8715700110158,false,מיונז לייט בצנצנת היינץ 490 גרם,,,מיונז לייט בצנצנת הי,גרמים,490.00,100 גרם,false,1,12.90,2.63,true,1,
8715700120874,false,קטשופ שום היינץ 460 גרם,,NL,קטשופ שום היינץ 460,גרמים,460.00,100 גרם,false,1,11.40,2.48,true,1,
8715700419695,false,רוטב ברביקיו מתוק 500 גרם,,,רוטב ברביקיו מתוק 50,גרמים,500.00,100 גרם,false,1,19.90,3.98,true,1,
8715700419732,false,מתבל היינץ 700 גרם,,,מתבל היינץ 700 גרם,גרמים,700.00,100 גרם,false,1,13.90,1.99,true,1,
8715700421056,false,ממרח סנדויץ פיקנטי 300 גרם,,,ממרח סנדויץ פיקנטי 3,גרמים,300.00,100 גרם,false,1,18.40,6.13,true,1,
8715700423906,false,"מתבל עגבניות מופחת נתרן,פחות סוכר 555 גר",,,מתבל עגבניות מופחת נ,גרמים,555.00,100 גרם,false,1,11.90,2.14,true,1,
8716605000995,false,גבינה מסדאם הולנדית במשקל,,,גבינה מסדאם הולנדית,Unknown,0.00,"ק""ג",true,0,90.00,90.00,true,1,
8716605001022,false,גבינת דניש בלו 100 גר,,,גבינת דניש בלו 100 ג,גרמים,100.00,100 גרם,false,1,15.20,15.20,true,1,
8716695413873,false,רסק תפוח עץ 720 גרם,,,רסק תפוח עץ 720 גרם,גרמים,720.00,100 גרם,false,1,13.20,1.83,true,1,
8717163647233,false,"דאו אקס ספריי גוף לגבר בלאק נייט 150 מ""ל",,GB,דאו אקס ספריי גוף לג,מיליליטרים,150.00,"100 מ""ל",false,1,21.90,14.60,true,1,
8717677334094,false,טוני שוקולונלי שוקולד חלב 180 גרם,,NL,טוני שוקולונלי שוקול,מיליליטרים,180.00,"100 מ""ל",false,1,21.90,12.17,true,1,
8717677338597,false,טוני שוקולונלי שוקולד חלב מריר 42% 180 ג,,NL,טוני שוקולונלי שוקול,מיליליטרים,180.00,"100 מ""ל",false,1,21.90,12.17,true,1,
8718114734484,false,מיונז מייל 320 גרם,,,מיונז מייל 320 גרם,גרמים,320.00,100 גרם,false,1,17.70,5.53,true,1,
8718951160897,false,ספריי אקונומיקה עוצמת ה7 טריגר אגקס 500מ,,,ספריי אגקס אקונומיקה,מיליליטרים,500.00,"100 מ""ל",false,1,16.90,3.38,true,1,
8718951236790,false,"מש.שיניים קולגייט טוטל קלין מינט 100 מ""ל",,PL,מש.שיניים קולגייט טו,מיליליטרים,100.00,"100 מ""ל",false,1,20.90,20.90,true,1,
8718951400597,false,פלמוליב תחליב רחצה קוקוס וחלב  750 מל,,,פלמוליב תחליב רחצה ק,מיליליטרים,750.00,"100 מ""ל",false,1,20.90,2.79,true,1,
8718951431614,false,פלמוליב סבון נוזלי סו פירם מינרלי 750 מל,,,פלמוליב סבון נוזלי ס,מיליליטרים,750.00,"100 מ""ל",false,1,21.90,2.92,true,1,
8718951509627,false,קולגייט אופטיק וויט לאהבי קפה  75 מל,,PL,קולגייט אופטיק וויט,מיליליטרים,75.00,"100 מ""ל",false,1,31.90,42.53,true,1,
8719325897630,false,גוי קו ביסקוויט עם קציפה בטעם וניל 225,,,גוי קו ביסקוויט עם ק,גרמים,225.00,100 גרם,false,1,10.90,4.84,true,1,
8719831325467,false,מחבת פנקייק+נוטלה פאן לב 74 גר,,,מחבת פנקייק+נוטלה פא,גרמים,74.00,100 גרם,false,1,49.90,67.43,true,1,
8719956496707,false,טוני שוקולונלי שוק. חלב ושבבי אגוזי 180ג,,,טוני שוקולונלי שוק.,מיליליטרים,180.00,"100 מ""ל",false,1,21.90,12.17,true,1,
8720182253194,false,סבון מוצק דאב מלפפונים ותה ירוק שישיית,,DE,סבון מוצק דאב מלפפונ,גרמים,540.00,100 גרם,false,1,28.90,5.35,true,1,
8720182256362,false,סבון מוצק דאב קלאסי שישיית,,DE,סבון מוצק דאב קלאסי,גרמים,540.00,100 גרם,false,1,28.90,5.35,true,1,
8721200060107,false,סטרופ וופל 260 גר בקרסלנד,,,סטרופ וופל 260 גר בק,גרמים,260.00,100 גרם,false,1,16.50,6.35,true,1,
8723900935860,false,פאל מאל כחול טבק חפיסה 30 גר,,,פאל מאל כחול טבק חפי,יחידה,1.00,יחידה,false,1,64.90,64.90,true,1,
8801043025256,false,נונגשים ראמאן-נודלס שין חריף בקערה 114ג,,KR,נונגשים ראמאן-נודלס,גרמים,114.00,100 גרם,false,1,18.90,16.58,true,1,
8801043157759,false,נונגשים ראמאן-נודלס צמפונג פירות ים 120ג,,,נונגשים ראמאן-נודלס,גרמים,120.00,100 גרם,false,1,11.90,9.92,true,1,
8801055707966,false,נסקפה טייסטרס צויס בריסטה 180 גר,,,נסקפה טייסטרס צויס ב,גרמים,180.00,100 גרם,false,1,32.90,18.28,true,1,
8801055709427,false,נסקפה טייסטרס צויס אלטה ריקה 100 גר,,KR,נסקפה טייסטרס צויס א,גרמים,100.00,100 גרם,false,1,25.10,25.10,true,1,
8801055709434,false,נסקפה טייסטרס צויס קולומביה 100 גר,,KR,נסקפה טייסטרס צויס ק,גרמים,100.00,100 גרם,false,1,25.10,25.10,true,1,
8801085020301,false,אטריות נאמה אודון 200 גרם,,,אטריות נאמה אודון 20,גרמים,200.00,100 גרם,false,1,11.40,5.70,true,1,
8850161167041,false,"חלב קוקוס קוקו וואי 270 מ""ל",,TH,חלב קוקוס קוקו וואי,מיליליטרים,270.00,"100 מ""ל",false,1,9.20,3.41,true,1,
8850161167089,false,חלב קוקוס קוקו וואי 1 ליטר,,TH,חלב קוקוס קוקו וואי,מיליליטרים,1000.00,"100 מ""ל",false,1,18.90,1.89,true,1,
8850206280049,false,רוטב צילי חריף מיו 250 גרם,,TH,רוטב צילי חריף מיו 2,גרמים,250.00,100 גרם,false,1,17.70,7.08,true,1,
8850367994021,false,"רוטב צילי מתוק ללא סוכר לל""ג 280 מ""ל",,,רוטב צילי מתוק ללא ס,מיליליטרים,280.00,"100 מ""ל",false,1,13.90,4.96,true,1,
8850389103159,false,מוגו מוגו ליצי עם חתיכות גלי קוקוס 320 מ,,,מוגו מוגו ליצי עם חת,מיליליטרים,320.00,"100 מ""ל",false,1,8.80,2.75,true,1,
8850389105825,false,סאפה אלוורה ענבים 1 ליטר,,,סאפה אלוורה ענבים 1,מיליליטרים,1000.00,"100 מ""ל",false,1,15.20,1.52,true,1,
8850389105832,false,סאפה אלוורה תפוחים 1 ליטר,,,סאפה אלוורה תפוחים 1,מיליליטרים,1000.00,"100 מ""ל",false,1,15.20,1.52,true,1,
8850389105849,false,סאפה אלוורה אפרסק 1 ליטר,,,סאפה אלוורה אפרסק 1,מיליליטרים,1000.00,"100 מ""ל",false,1,15.20,1.52,true,1,
8850389111352,false,מוגו מוגו מלון עם חתיכות גלי קוקוס 320 מ,,,מוגו מוגו מלון עם חת,מיליליטרים,320.00,"100 מ""ל",false,1,8.80,2.75,true,1,
8851613101378,false,"נוזל קוקוס ארוי די 250 מ""ל",,,נוזל קוקוס,מיליליטרים,250.00,"100 מ""ל",false,1,10.90,4.36,true,1,
8851613101385,false,חלב קוקוס 500 מל,,,"חלב קוקוס 500 מ""ל",מיליליטרים,500.00,"100 מ""ל",false,1,13.90,2.78,true,1,
8853662057095,false,מחית קארי אדום 400 גרם,,TH,מחית קארי אדום 400 ג,גרמים,400.00,100 גרם,false,1,16.90,4.23,true,1,
8854404005220,false,רוטב קארי אדום 300 גרם,,TH,רוטב קארי אדום 300 ג,גרמים,300.00,100 גרם,false,1,24.90,8.30,true,1,
8854661001843,false,שרימפס בייבי 500 גרם קפוא,,,שרימפס בייבי 500 גרם,גרמים,500.00,100 גרם,false,1,36.90,7.38,true,1,
8854661003786,false,שרימפס מבושל עם ראש 500 גר,,,שרימפס מבושל עם ראש,גרמים,510.00,100 גרם,false,1,35.90,7.04,true,1,
8854661007012,false,"שרימפס מבושל מקולף 1 ק""ג קפוא",,,שרימפס מבושל מקולף,קילוגרמים,0.00,"ק""ג",false,1,88.50,88.50,true,1,
8858271002887,false,"רוטב טרייאקי 250 מ""ל מקסצאפ",,,"רוטב טרייאקי 250 מ""ל",מיליליטרים,250.00,"100 מ""ל",false,1,13.90,5.56,true,1,
8858271004126,false,רוטב חמוץ מתוק 700 גרם מקסצאפ,,,רוטב חמוץ מתוק 700 ג,מיליליטרים,700.00,"100 מ""ל",false,1,16.90,2.41,true,1,
8858271004300,false,רוטב טריאקי מקסצאפ 700 מל,,,רוטב טריאקי מקסצאפ 7,מיליליטרים,700.00,"100 מ""ל",false,1,21.90,3.13,true,1,
8858271004423,false,רוטב טום יאם 250 מל מקסצאפ,,,"רוטב טום יאם 250 מ""ל",מיליליטרים,250.00,"100 מ""ל",false,1,16.60,6.64,true,1,
8858271004799,false,"רוטב צילי מתוק אל פורפסיס 700 מ""ל",,,רוטב צילי מתוק אל פו,מיליליטרים,700.00,"100 מ""ל",false,1,13.90,1.99,true,1,
8858271005451,false,רוטב סויה פורמולה 1 - 250 מל מקסצאפ,,,רוטב סויה פורמולה 1,מיליליטרים,250.00,"100 מ""ל",false,1,15.40,6.16,true,1,
8858271005772,false,"רוטב סויה ללא גלוטן 300 מ""ל",,,רוטב סויה ללא גלוטן,מיליליטרים,300.00,"100 מ""ל",false,1,18.80,6.27,true,1,
8858359000255,false,עלי קפיר ליים יבשים 30 גר (שופרא),,,עלי קפיר ליים יבשים,גרמים,30.00,100 גרם,false,1,13.80,46.00,true,1,
8859103400697,false,דג בברית צנינית צהובה מלוח מיובש 100 גר,,,דג בברית צנינית צהוב,גרמים,100.00,100 גרם,false,1,15.40,15.40,true,1,
8859103400727,false,דג ברקודה עם צילי מלוח מיובש 100 גר,,,דג ברקודה עם צילי מל,גרמים,100.00,100 גרם,false,1,15.40,15.40,true,1,
8859103401199,false,דג ברקודה מלוח מיובש 100 גר,,,דג ברקודה מלוח מיובש,גרמים,100.00,100 גרם,false,1,15.40,15.40,true,1,
8859103401984,false,דג צלופח מטוגן מלוח מיובש 100 גר,,TH,דג צלופח מטוגן מלוח,קילוגרמים,0.00,"ק""ג",false,1,13.90,13.90,true,1,
8886303210542,false,"קארה קרם קוקונט 17% 400 מ""ל",,,קארה קרם קוקונט 17%,מיליליטרים,400.00,"100 מ""ל",false,1,11.00,2.75,true,1,
8888021200164,false,AAA סוללת אנרגיזר,,,AAA סוללת אנרגיזר,Unknown,0.00,Unknown,false,1,29.20,29.20,true,1,
8888021200720,false,סוללות  אנרגייזר שמינייה  AAA,,,סוללות  אנרגייזר שמי,Unknown,0.00,Unknown,false,1,30.90,30.90,true,1,
8901537024014,false,"אורז בסמטי מובחר דאווט 1 ק""ג",,,אורז בסמטי מובחר,גרמים,1000.00,100 גרם,false,1,13.90,1.39,true,1,
8934680033442,false,גליליות אוראו במילוי קרם שוקולד 54 גרם,,VN,גליליות אוראו במילוי,גרמים,54.00,100 גרם,false,1,10.90,20.19,true,1,
8934878081866,false,"דפי אורז 22 ס""מ מרובעים 400 גרם TRAV",,,"דפי אורז 22 ס""מ מרוב",גרמים,400.00,100 גרם,false,1,14.60,3.65,true,1,
8935083158008,false,קוקטייל פירות ים 500 גר,,,קוקטייל פירות ים 500,גרמים,500.00,100 גרם,false,1,33.50,6.70,true,1,
9000101380255,false,פרסיל דיסק ניקיון הגייני 22 יח,,HU,פרסיל דיסק ניקיון הג,Unknown,0.00,Unknown,false,1,37.90,37.90,true,1,
9002859026270,false,מיץ לימון ליים 200 מל גונץ,,,מיץ לימון ליים 200 מ,מיליליטרים,200.00,"100 מ""ל",false,1,4.90,2.45,true,1,
9002859041242,false,גונץ שימורי חומוס 800 גרם,,IT,גונץ שימורי חומוס 80,גרמים,800.00,100 גרם,false,1,15.90,1.99,true,1,
9002859046346,false,עגבניות מיובשות בשמן 280 גר פיאצלי,,,עגבניות מיובשות בשמן,גרמים,280.00,100 גרם,false,1,21.90,7.82,true,1,
9002859047510,false,מרשמלו ורוד לבן 200 גר גונץ,,NL,גונץ-מרשמלו ורוד לבן,גרמים,200.00,100 גרם,false,1,10.90,5.45,true,1,
9002859048173,false,גונץ-מרשמלו ברבקיו 300 גרם,,,גונץ-מרשמלו ברבקיו 3,גרמים,300.00,100 גרם,false,1,14.90,4.97,true,1,
9002859049224,false,ניקו מיקס פלפלים במטחנה 56 גרם גונץ,,,ניקו מיקס פלפלים במט,גרמים,56.00,100 גרם,false,1,14.60,26.07,true,1,
9002859053849,false,גונץ-שוקולד סטיקס מריר תפוז 75 גרם,,,גונץ-שוקולד סטיקס מר,גרמים,75.00,100 גרם,false,1,11.90,15.87,true,1,
9002859054099,false,מוצרט משושה 300 גרם גונץ,,,מוצרט משושה 300 גרם,גרמים,300.00,100 גרם,false,1,34.90,11.63,true,1,
9002859066894,false,גונץ - חטיף מרציפן מצופה שוקולד 100 גרם,,,גונץ - חטיף מרציפן מ,גרמים,100.00,100 גרם,false,1,11.00,11.00,true,1,
9002859087257,false,גונץ-קרקר קלאסי עם מלח 200 גרם,,,גונץ-קרקר קלאסי עם מ,גרמים,200.00,100 גרם,false,1,12.90,6.45,true,1,
9002859090851,false,גונץ-מרשמלו לבבות 200 ג,,,גונץ-מרשמלו לבבות 20,גרמים,200.00,100 גרם,false,1,10.90,5.45,true,1,
9002859091872,false,גונץ-מרשמלו בטעם וניל בשוקולד 400 גר,,,גונץ-מרשמלו בטעם וני,גרמים,400.00,100 גרם,false,1,21.90,5.48,true,1,
9002859092657,false,גונץ-בננה ציפוי מריר 150 גר,,,גונץ-בננה ציפוי מריר,גרמים,150.00,100 גרם,false,1,9.80,6.53,true,1,
9002859093876,false,גונץ עוגיות עם קרם שוקולד ודובדבן 380 גר,,,גונץ עוגיות עם קרם ש,גרמים,380.00,100 גרם,false,1,21.60,5.68,true,1,
9002859100222,false,גונץ וופל רול עם קרם שוקולד מריר 400 גרם,,,גונץ וופל רול עם קרם,גרמים,400.00,100 גרם,false,1,18.90,4.73,true,1,
9002859102936,false,גונץ-סוכריה על מקל עם מסטיק פירות 144 ג,,,גונץ-סוכריה על מקל ע,גרמים,144.00,100 גרם,false,1,9.90,6.88,true,1,
9002859103117,false,גונץ מקלות בייגלה עם מלח 200 גר,,,גונץ מקלות בייגלה עם,גרמים,200.00,100 גרם,false,1,11.40,5.70,true,1,
9002859105630,false,גונץ מרציפן מצופה שוקולד חלב ונוגט 75 גר,,AT,גונץ מרציפן מצופה שו,גרמים,75.00,100 גרם,false,1,10.40,13.87,true,1,
9002859110870,false,פיאצלי צלפים במים וחומץ ברנדי 95 גר,,,פיאצלי צלפים במים וח,גרמים,95.00,100 גרם,false,1,12.90,13.58,true,1,
9002859110993,false,"גינה-אייס קפה ונילה 230 מ""ל",,,גינה-אייס קפה ונילה,מיליליטרים,230.00,"100 מ""ל",false,1,9.90,4.30,true,1,
9002975393829,false,סוכריות גילי הריבו פיציס 70 גרם,,AT,סוכריות גילי הריבו פ,גרמים,70.00,100 גרם,false,1,7.90,11.29,true,1,
9002975393843,false,סוכריות גילי הריבו גולדברס 70 גרם,,AT,סוכריות גילי הריבו ג,גרמים,70.00,100 גרם,false,1,7.90,11.29,true,1,
9003402660088,false,"בירה שטיגל גולדבראו  500 מ""ל פחית",,AT,בירה שטיגל גולדבראו,מיליליטרים,500.00,"100 מ""ל",false,1,9.90,1.98,true,1,
9003402664079,false,"בירה שטיגל רדלר לימון פחית 500 מ""ל",,,בירה שטיגל רדלר לימו,מיליליטרים,500.00,"100 מ""ל",false,1,8.90,1.78,true,1,
9004380002006,false,"טוויסט מוחיטו 240 מ""ל קרטונית",,AT,לנדסה-משקה מוחיטו 23,מיליליטרים,230.00,"100 מ""ל",false,1,11.90,5.17,true,1,
9008700111546,false,נקטר דובדבן 1 ליטר ראוך,,,נקטר דובדבן 1 ליטר,מיליליטרים,1000.00,"100 מ""ל",false,1,15.40,1.54,true,1,
9008700146982,false,מיץ מולטיויטמין פרי אדומים 100% 1 ל ראוך,,,מיץ מולטיויטמין פרי,מיליליטרים,1000.00,"100 מ""ל",false,1,15.40,1.54,true,1,
9008700148146,false,נקטר ליצי 1 ליטר ראוך,,,נקטר ליצי 1 ליטר ראו,ליטרים,0.00,ליטר,false,1,15.40,15.40,true,1,
9012200020055,false,בונבוניירה מוצרט 200 גר כדורים,,AT,מוצרט בונבוניירה 200,גרמים,200.00,100 גרם,false,1,49.90,24.95,true,1,
9028800639962,false,"בירה אדלוויס 500 מ""ל",,,"בירה אדלוויס 500 מ""ל",מיליליטרים,500.00,"100 מ""ל",false,1,14.90,2.98,true,1,
9310072028750,false,טים טם דאבל 200 גרם,,,טים טם דאבל 200 גרם,גרמים,200.00,100 גרם,false,1,21.70,10.85,true,1,
9312631129991,false,תה דילמח ארל גריי זהב 100 שקיקים 200 גר,,,תה דילמח ארל גריי זה,גרמים,200.00,100 גרם,false,1,43.90,21.95,true,1,
9871184221359,false,גאודה הולנדית 30% במשקל,,,גאודה הולנדית 30%,Unknown,0.00,"ק""ג",true,0,90.00,90.00,true,1,
9871184221363,false,גאודה הולנדית עגבניות זיתים ובזיליקום,,,גאודה הולנדית עגבניה,Unknown,0.00,"ק""ג",true,0,133.00,133.00,true,1,
9871184221367,false,גאודה עיזים הולנדית במשקל,,,גאודה עיזים הולנדית,Unknown,0.00,"ק""ג",true,0,133.00,133.00,true,1,
