code,internal_code,name,manufacturer_name,manufacture_country,manufacturer_item_description,unit_qty,quantity,unit_of_measure,weighted,qty_in_package,price,unit_of_measure_price,allow_discount,status,item_id
2,true,"עמלת החזרת צ ק 14ש""ח",שונות /שרות,,,"י""ח",1,,false,1,14,14,false,1,
8,true,משלוח פנסיונר,שונות /שרות,,,"י""ח",1,,false,1,25.90,25.90,false,1,
18,true,תרומה חבד,שונות /שרות,,,"י""ח",1,,false,1,5,5,false,1,
24,true,מונית מקרית גת לקרית מלאכי/חסום,שונות /שרות,,,"י""ח",1,,false,1,80,80,false,1,
39,true,ב 39 תו קניה,שונות /שרות,,,"י""ח",1,,false,1,10,10,false,1,
51,true,ורד הצלע}בשר לא מוכשר{,ב ספק בשר קפוא,,,"ק""ג",1,,true,1,69.90,69.90,false,1,
56,true,פילה מדומה בשר לא מוכשר,ב ספק בשר קפוא,,,"ק""ג",1,,true,1,40.39,40.39,false,1,
59,true,קשתית בשר לא מוכשר,ב ספק בשר קפוא,,,"ק""ג",1,,true,1,27.90,27.90,false,1,
77,true,שובר נסיעה במונית,שונות /שרות,,,"י""ח",1,"י""ח",false,1,27,27,false,1,
132,true,"סלסלה מרובעת 22 ש""ח",לפ אליס אריזות מתנה~~~,,,"י""ח",1,,false,1,22,22,false,1,
135,true,"סלסלה מרובעת 28 ש""ח",לפ אליס אריזות מתנה~~~,,,"י""ח",1,,false,1,28,28,false,1,
151,true,עוף טחון טרי {קצביה]**,ח.י. מעדני גורמה בעמ,,,"ק""ג",1,,true,1,49.90,49.90,true,1,
325,true,חרובים,ח.כהן סוכנות מזון ומשקאות בע,,,"ק""ג",1,,true,1,19,19,false,1,
350,true,דג פילה מושט טרי כ-100גר,ח.י. מעדני גורמה בעמ,,,"י""ח",1,,false,1,14.90,14.90,false,1,
353,true,גינגר תפזורת,ביכורי השדה צפון 1994 ג.ד. בעמ,,,"ק""ג",1,,true,1,40.90,40.90,false,1,
355,true,דובדבן אדום ארוז,ביכורי השדה צפון 1994 ג.ד. בעמ,,,"י""ח",1,,false,1,14.90,14.90,false,1,
443,true,כרטיס להופעה של בני ברדא,שונות /שרות,,,"י""ח",1,,false,1,60,60,false,1,
444,true,פסטיגל,שונות /שרות,,,"י""ח",1,,false,1,40,40,false,1,
465,true,זוג קליה 1 ליטר,ח.כהן סוכנות מזון ומשקאות בע,,,"י""ח",1,,false,1,15.30,15.30,false,1,
504,true,אנונה,ביכורי השדה צפון 1994 ג.ד. בעמ,,,"ק""ג",1,,true,1,24.90,24.90,false,1,
505,true,אבוקדו,ביכורי השדה צפון 1994 ג.ד. בעמ,,,"ק""ג",1,"ק""ג",true,1,10.90,10.90,false,1,
506,true,אבטיח,ביכורי השדה צפון 1994 ג.ד. בעמ,,,"ק""ג",1,"ק""ג",true,1,5.90,5.90,false,1,
509,true,קסביה,ביכורי השדה צפון 1994 ג.ד. בעמ,,,"ק""ג",1,"ק""ג",true,1,15.90,15.90,false,1,
510,true,אגסים,ביכורי השדה צפון 1994 ג.ד. בעמ,,,"ק""ג",1,"ק""ג",true,1,12.90,12.90,false,1,
512,true,אגס חום,ביכורי השדה צפון 1994 ג.ד. בעמ,,,"ק""ג",1,,true,1,12.90,12.90,false,1,
515,true,אפרסמון,ביכורי השדה צפון 1994 ג.ד. בעמ,,,"ק""ג",1,"ק""ג",true,1,13.90,13.90,false,1,
516,true,קרמבולה,ביכורי השדה צפון 1994 ג.ד. בעמ,,,"ק""ג",1,,true,1,39.90,39.90,false,1,
520,true,אמנון מקוצב לפילה טרי,ח.י. מעדני גורמה בעמ,,,"ק""ג",1,,true,1,29.90,29.90,false,1,
522,true,אננס.,ביכורי השדה צפון 1994 ג.ד. בעמ,,,"י""ח",1,,false,1,29.90,29.90,false,1,
523,true,אשכולית אדומה,ביכורי השדה צפון 1994 ג.ד. בעמ,,,"ק""ג",1,"ק""ג",true,1,6.90,6.90,false,1,
525,true,אשכולית,ביכורי השדה צפון 1994 ג.ד. בעמ,,,"ק""ג",1,"ק""ג",true,1,8.90,8.90,false,1,
527,true,אגס אדום,ביכורי השדה צפון 1994 ג.ד. בעמ,,,"ק""ג",1,,true,1,16.90,16.90,false,1,
530,true,בננה.,ביכורי השדה צפון 1994 ג.ד. בעמ,,,"ק""ג",1,"ק""ג",true,1,6.90,6.90,false,1,
533,true,גויאבה,ביכורי השדה צפון 1994 ג.ד. בעמ,,,"ק""ג",1,"ק""ג",true,1,19.90,19.90,false,1,
535,true,לימון,ביכורי השדה צפון 1994 ג.ד. בעמ,,,"ק""ג",1,"ק""ג",true,1,6.90,6.90,false,1,
536,true,פמלה,ביכורי השדה צפון 1994 ג.ד. בעמ,,,"ק""ג",1,"ק""ג",true,1,6.90,6.90,false,1,
540,true,מלון,ביכורי השדה צפון 1994 ג.ד. בעמ,,,"ק""ג",1,"ק""ג",true,1,6.90,6.90,false,1,
543,true,מנגו,ביכורי השדה צפון 1994 ג.ד. בעמ,,,"ק""ג",1,"ק""ג",true,1,5.90,5.90,false,1,
553,true,ענב אדום,ביכורי השדה צפון 1994 ג.ד. בעמ,,,"ק""ג",1,"ק""ג",true,1,16.90,16.90,false,1,
554,true,ענבים לבן .,ביכורי השדה צפון 1994 ג.ד. בעמ,,,"ק""ג",1,"ק""ג",true,1,25.90,25.90,false,1,
557,true,פמלית,ביכורי השדה צפון 1994 ג.ד. בעמ,,,"ק""ג",1,"ק""ג",true,1,9.90,9.90,false,1,
560,true,קלמנטינה,ביכורי השדה צפון 1994 ג.ד. בעמ,,,"ק""ג",1,"ק""ג",true,1,5.90,5.90,false,1,
563,true,קיווי.,ביכורי השדה צפון 1994 ג.ד. בעמ,,,"ק""ג",1,"ק""ג",true,1,17.90,17.90,false,1,
564,true,רימונים,ביכורי השדה צפון 1994 ג.ד. בעמ,,,"ק""ג",1,"ק""ג",true,1,7.90,7.90,false,1,
566,true,שזיף אדום.,ביכורי השדה צפון 1994 ג.ד. בעמ,,,"ק""ג",1,"ק""ג",true,1,15.90,15.90,false,1,
569,true,שזיף שגיב,ביכורי השדה צפון 1994 ג.ד. בעמ,,,"ק""ג",1,,true,1,19.90,19.90,false,1,
575,true,תפוז תבורי.,ביכורי השדה צפון 1994 ג.ד. בעמ,,,"ק""ג",1,"ק""ג",true,1,5.90,5.90,false,1,
580,true,תפוח אנה,ביכורי השדה צפון 1994 ג.ד. בעמ,,,"ק""ג",1,"ק""ג",true,1,9.90,9.90,false,1,
581,true,תפוח יונתן,ביכורי השדה צפון 1994 ג.ד. בעמ,,,"ק""ג",1,"ק""ג",true,1,14.90,14.90,false,1,
583,true,תפוח סמיט ירוק,ביכורי השדה צפון 1994 ג.ד. בעמ,,,"ק""ג",1,"ק""ג",true,1,10.90,10.90,false,1,
584,true,תפוח עץ ברשת,ביכורי השדה צפון 1994 ג.ד. בעמ,,,"ק""ג",1,,true,1,6.90,6.90,false,1,
585,true,תפוח חרמון,ביכורי השדה צפון 1994 ג.ד. בעמ,,,"ק""ג",1,"ק""ג",true,1,10.90,10.90,false,1,
586,true,תפוז ברשת,ביכורי השדה צפון 1994 ג.ד. בעמ,,,"ק""ג",1,,true,1,4.90,4.90,false,1,
588,true,תפוח גלה,ביכורי השדה צפון 1994 ג.ד. בעמ,,,"ק""ג",1,"ק""ג",true,1,13.90,13.90,false,1,
590,true,תפוח זהוב.,ביכורי השדה צפון 1994 ג.ד. בעמ,,,"ק""ג",1,"ק""ג",true,1,10.90,10.90,false,1,
594,true,סברס,ביכורי השדה צפון 1994 ג.ד. בעמ,,,"ק""ג",1,"ק""ג",true,1,29.90,29.90,false,1,
602,true,קישוא עגול,ביכורי השדה צפון 1994 ג.ד. בעמ,,,"ק""ג",1,,true,1,9.90,9.90,false,1,
603,true,פטרוזיליה רגילה לא ארוז,ביכורי השדה צפון 1994 ג.ד. בעמ,,,"י""ח",1,,false,1,4.90,4.90,false,1,
605,true,בצל יבש,ביכורי השדה צפון 1994 ג.ד. בעמ,,,"ק""ג",1,"ק""ג",true,1,3.90,3.90,false,1,
606,true,בצל אדום,ביכורי השדה צפון 1994 ג.ד. בעמ,,,"ק""ג",1,"ק""ג",true,1,6.90,6.90,false,1,
608,true,בצל ירוק,ביכורי השדה צפון 1994 ג.ד. בעמ,,,"י""ח",1,,false,1,6.90,6.90,false,1,
612,true,בטטה,ביכורי השדה צפון 1994 ג.ד. בעמ,,,"ק""ג",1,"ק""ג",true,1,9.90,9.90,false,1,
617,true,10 לחמניות,ב בית מאפה קונדטוריה לדוגמא,,,"י""ח",1,,false,1,10,10,false,1,
619,true,לחמנייה קלה זוג,לפ מאפיית שפע נעמן,,,"י""ח",1,,false,1,3,3,false,1,
620,true,דלעת,ביכורי השדה צפון 1994 ג.ד. בעמ,,,"ק""ג",1,"ק""ג",true,1,12.90,12.90,false,1,
622,true,דלורית,ביכורי השדה צפון 1994 ג.ד. בעמ,,,"ק""ג",1,"ק""ג",true,1,5.90,5.90,false,1,
623,true,חסה ערבית,ביכורי השדה צפון 1994 ג.ד. בעמ,,,"י""ח",1,,false,1,4.90,4.90,false,1,
625,true,חציל,ביכורי השדה צפון 1994 ג.ד. בעמ,,,"ק""ג",1,"ק""ג",true,1,6.90,6.90,false,1,
628,true,פול ירוק,ביכורי השדה צפון 1994 ג.ד. בעמ,,,"ק""ג",1,"ק""ג",true,1,9.90,9.90,false,1,
629,true,7290113198470ירק בתפזורת,ביכורי השדה צפון 1994 ג.ד. בעמ,,,"י""ח",1,,false,1,3.90,3.90,false,1,
630,true,כרוב לבן,ביכורי השדה צפון 1994 ג.ד. בעמ,,,"ק""ג",1,"ק""ג",true,1,3.90,3.90,false,1,
633,true,כרוב אדום,ביכורי השדה צפון 1994 ג.ד. בעמ,,,"ק""ג",1,"ק""ג",true,1,4.90,4.90,false,1,
635,true,כרובית,ביכורי השדה צפון 1994 ג.ד. בעמ,,,"י""ח",1,"ק""ג",false,1,13.90,13.90,false,1,
639,true,לוף ירק,ביכורי השדה צפון 1994 ג.ד. בעמ,,,"י""ח",1,"י""ח",false,1,3.90,3.90,false,1,
640,true,חמציץ,ביכורי השדה צפון 1994 ג.ד. בעמ,,,"י""ח",1,,false,1,12.90,12.90,false,1,
645,true,מלפפון.,ביכורי השדה צפון 1994 ג.ד. בעמ,,,"ק""ג",1,"ק""ג",true,1,6.90,6.90,false,1,
655,true,סלרי ראש,ביכורי השדה צפון 1994 ג.ד. בעמ,,,"י""ח",1,,false,1,7.90,7.90,false,1,
658,true,סלק עלים,ביכורי השדה צפון 1994 ג.ד. בעמ,,,"י""ח",1,,false,1,6.90,6.90,false,1,
659,true,סלק אדום,ביכורי השדה צפון 1994 ג.ד. בעמ,,,"ק""ג",1,"ק""ג",true,1,3.90,3.90,false,1,
660,true,עגבניה.,ביכורי השדה צפון 1994 ג.ד. בעמ,,,"ק""ג",1,"ק""ג",true,1,6.90,6.90,false,1,
661,true,עגבניה שרי תפזורת,ביכורי השדה צפון 1994 ג.ד. בעמ,,,"ק""ג",1,,true,1,18.90,18.90,false,1,
663,true,פלפל חריף ירוק,ביכורי השדה צפון 1994 ג.ד. בעמ,,,"ק""ג",1,"ק""ג",true,1,9.90,9.90,false,1,
665,true,פלפל כהה,ביכורי השדה צפון 1994 ג.ד. בעמ,,,"ק""ג",1,"ק""ג",true,1,8.90,8.90,false,1,
666,true,פלפל צהוב,ביכורי השדה צפון 1994 ג.ד. בעמ,,,"ק""ג",1,"ק""ג",true,1,9.90,9.90,false,1,
667,true,גמבה אדומה,ביכורי השדה צפון 1994 ג.ד. בעמ,,,"ק""ג",1,"ק""ג",true,1,11.90,11.90,false,1,
668,true,פק צ וי,ביכורי השדה צפון 1994 ג.ד. בעמ,,,"י""ח",1,,false,1,14.90,14.90,false,1,
669,true,פלפל בהיר,ביכורי השדה צפון 1994 ג.ד. בעמ,,,"ק""ג",0,"ק""ג",true,1,9.90,9.90,false,1,
680,true,צנון,ביכורי השדה צפון 1994 ג.ד. בעמ,,,"ק""ג",1,"ק""ג",true,1,8.90,8.90,false,1,
684,true,זנגביל,ביכורי השדה צפון 1994 ג.ד. בעמ,,,"ק""ג",1,,true,1,29.90,29.90,false,1,
685,true,קישואים.,ביכורי השדה צפון 1994 ג.ד. בעמ,,,"ק""ג",1,"ק""ג",true,1,8.90,8.90,false,1,
687,true,קולורבי,ביכורי השדה צפון 1994 ג.ד. בעמ,,,"ק""ג",1,"ק""ג",true,1,9.90,9.90,false,1,
689,true,7290016150117שום ארוז.,ביכורי השדה צפון 1994 ג.ד. בעמ,,,"י""ח",1,,false,1,8.90,8.90,true,1,
690,true,שומר,ביכורי השדה צפון 1994 ג.ד. בעמ,,,"ק""ג",1,"ק""ג",true,1,8.90,8.90,false,1,
692,true,שום טרי.,ביכורי השדה צפון 1994 ג.ד. בעמ,,,"ק""ג",1,,true,1,24.90,24.90,false,1,
693,true,תירס בתפזורת,ביכורי השדה צפון 1994 ג.ד. בעמ,,,"ק""ג",1,,true,1,19.90,19.90,false,1,
695,true,תירס חסלט,ביכורי השדה צפון 1994 ג.ד. בעמ,,,"ק""ג",1,,true,1,11.90,11.90,false,1,
698,true,תירס קלחים טרי ארוז.,ביכורי השדה צפון 1994 ג.ד. בעמ,,,"ק""ג",1,"ק""ג",true,1,9.90,9.90,false,1,
699,true,תפוח אדמה אדום.,ביכורי השדה צפון 1994 ג.ד. בעמ,,,"ק""ג",1,"ק""ג",true,1,4.90,4.90,false,1,
700,true,תפוח אדמה לבן ארוז,ביכורי השדה צפון 1994 ג.ד. בעמ,,,"ק""ג",1,"ק""ג",true,1,3.90,3.90,false,1,
702,true,"תפו""א לאפיה",ביכורי השדה צפון 1994 ג.ד. בעמ,,,"ק""ג",1,,true,1,4.90,4.90,false,1,
712,true,חציל בלאדי,ביכורי השדה צפון 1994 ג.ד. בעמ,,,"ק""ג",1,,true,1,6.90,6.90,false,1,
716,true,פלפל כתום,ביכורי השדה צפון 1994 ג.ד. בעמ,,,"ק""ג",1,"ק""ג",true,1,9.90,9.90,false,1,
718,true,שום ירוק חתוך,ביכורי השדה צפון 1994 ג.ד. בעמ,,,"ק""ג",1,,true,1,29.90,29.90,false,1,
720,true,אבוקדו ברשת,ביכורי השדה צפון 1994 ג.ד. בעמ,,,"ק""ג",1,,true,1,10.90,10.90,false,1,
734,true,קובו,ביכורי השדה צפון 1994 ג.ד. בעמ,,,"ק""ג",1,,true,1,29.90,29.90,false,1,
735,true,קישוא זוקיני,ביכורי השדה צפון 1994 ג.ד. בעמ,,,"ק""ג",1,,true,1,8.90,8.90,false,1,
770,true,פלפל שושקה,ביכורי השדה צפון 1994 ג.ד. בעמ,,,"ק""ג",1,,true,1,15.90,15.90,false,1,
785,true,סט מוטות לוילון,לפ מרכז הבית ירוחם,,,"י""ח",1,,false,1,74.90,74.90,false,1,
821,true,תפוח פינק,ביכורי השדה צפון 1994 ג.ד. בעמ,,,"ק""ג",1,"ק""ג",true,1,19.90,19.90,false,1,
853,true,זיתים מיוחדים,תאסת את אצלן בעמ,,,"ק""ג",1,,true,1,44.90,44.90,false,1,
858,true,שקד עם קליפה,פיצוחי הטיב,IL,,"י""ח",1,,true,1,34.90,34.90,false,1,
868,true,חצי בגט,שונות /שרות,,,"י""ח",1,,false,1,3,3,false,1,
869,true,מגב+סחבה+דלי+מקל מתכת,מ.א.ייצור ויבוא מטליות בעמ,,,"י""ח",1,,false,1,16.90,16.90,false,1,
891,true,אפרסמון קרמבו.,ביכורי השדה צפון 1994 ג.ד. בעמ,,,"ק""ג",1,"ק""ג",true,1,13.90,13.90,false,1,
967,true,מלון בוכרי,ביכורי השדה צפון 1994 ג.ד. בעמ,,,"ק""ג",1,"ק""ג",true,1,6.90,6.90,false,1,
978,true,חסה,ביכורי השדה צפון 1994 ג.ד. בעמ,,,"י""ח",1,,false,1,6.90,6.90,false,1,
1074,true,כרוב אדום,ביכורי השדה צפון 1994 ג.ד. בעמ,,,"ק""ג",1,,true,1,4.90,4.90,false,1,
1579,true,סלרי אמריקאי,ביכורי השדה צפון 1994 ג.ד. בעמ,,,"י""ח",1,,false,1,6.90,6.90,false,1,
1692,true,תחתון נשים תחרה,ליאור יבוא ושיווק מוצרי הלבשה,,,"י""ח",1,,false,1,4.90,4.90,false,1,
3416,true,קוקטייל עוף טרי מקוצב,ח.י. מעדני גורמה בעמ,,,"ק""ג",1,,true,1,49.90,49.90,true,1,
3633,true,זוג לחמניות אצבע ארוזות,דגנית עין בר ~~~,,,"י""ח",1,,false,1,4.30,4.30,false,1,
3990,true,לחמניה,לפ קבוצת אלירן בעמ,,,"י""ח",1,,false,1,2.20,2.20,false,1,
4018,true,מעורב ירושלמי,ח.י. מעדני גורמה בעמ,,,"ק""ג",1,,true,1,64.90,64.90,false,1,
4443,true,סופגניה רגילה עם ריבה.,שונות /שרות,,,"י""ח",1,,false,1,4.90,4.90,true,1,
4444,true,סופגניה פרימיום מצופות.,ג נרל מילס ישראל בעמ,,,"י""ח",1,,false,1,5.90,5.90,true,1,
5066,true,אבטיח אישי,ביכורי השדה צפון 1994 ג.ד. בעמ,,,"ק""ג",1,,true,1,5.90,5.90,false,1,
5085,true,שריר עגל כשר טרי /מצונן**,ח.י. מעדני גורמה בעמ,,,"ק""ג",1,,true,1,69.90,69.90,true,1,
5230,true,כרטיס למשחק כדורסל,שונות /שרות,,,"י""ח",1,,false,1,10,10,false,1,
5545,true,ענב אדום שקיל,ביכורי השדה צפון 1994 ג.ד. בעמ,,,"ק""ג",1,,true,1,16.90,16.90,false,1,
6475,true,כרטיס מופע]ליעקב שוואקי[,שונות /שרות,,,"י""ח",1,,false,1,59.90,59.90,false,1,
6660,true,סלסלה לחג,שונות /שרות,,,"י""ח",1,,false,1,180,180,false,1,
7554,true,ענבים לבן שמיטה,ביכורי השדה צפון 1994 ג.ד. בעמ,,,"ק""ג",1,,true,1,25.90,25.90,false,1,
8027,true,תרומה ילדים בסיכוי,שונות /שרות,,,"י""ח",1,,false,1,10,10,false,1,
8667,true,"תמרים בקרטון 5ק""ג",טוב המושב,,,"י""ח",1,"ק""ג",false,1,59.90,59.90,false,1,
8867,true,"קנס""חותמת אדומה""לא פעיל נרמין עזאם",שונות /שרות,,,"י""ח",1,,false,1,200,200,false,1,
8899,true,כרטיס לפסטיגל,שונות /שרות,,,"י""ח",1,,false,1,170,170,false,1,
9343,true,קופון הנחה פיצה שלושת האופים ב5ש,נטו מלינדה סחר בעמ,,,"י""ח",1,,false,1,0.01,0.01,false,1,
23809,true,יין קלאסיק ברקן ק. סובניון,טמפו משקאות בעמ,,,"י""ח",750,"ל מ""ל",false,1,32.90,4.35,true,1,
23847,true,קלאסיק ברקן שרדונה,טמפו משקאות בעמ,,,"י""ח",750,"ל מ""ל",false,1,32.90,4.35,true,1,
24202,true,רזרב קברנה סובניון ברקן,טמפו משקאות בעמ,,,"י""ח",750,"ל מ""ל",false,1,44.90,5.95,true,1,
30080,true,משלוח כלא עופר,שונות /שרות,,,"י""ח",1,,false,1,585,585,false,1,
40442,true,עצמות בקר למרק טרי**,ח.י. מעדני גורמה בעמ,,,"ק""ג",1,,true,1,19.90,19.90,false,1,
40974,true,חלב טרי דל לקטוז 1 ליטר,תנובה בעמ ***,,,"י""ח",1,ליטר,false,1,7.20,7.20,false,1,
41012,true,שניצל עגל טרי/מצונן**,ח.י. מעדני גורמה בעמ,,,"ק""ג",1,,true,1,79.90,79.90,false,1,
41042,true,דואט למרק **,ח.י. מעדני גורמה בעמ,,,"ק""ג",1,,true,1,16.90,16.90,true,1,
41118,true,אנטריקוט דק דק**.,ח.י. מעדני גורמה בעמ,,,"ק""ג",1,,true,1,199.90,199.90,false,1,
41211,true,שיפודי פרגיות**.,ח.י. מעדני גורמה בעמ,,,"ק""ג",1,,true,1,79.90,79.90,true,1,
41212,true,סטייק פרגיות עוף טרי**,ח.י. מעדני גורמה בעמ,,,"ק""ג",1,,true,1,79.90,79.90,true,1,
41218,true,גרון עוף טרי **,ח.י. מעדני גורמה בעמ,,,"ק""ג",1,,true,1,14.90,14.90,true,1,
41260,true,כתף בקר טרי /מצונן חלק.,ח.י. מעדני גורמה בעמ,,,"ק""ג",1,,true,1,79.90,79.90,false,1,
41265,true,עצמות מח/ברך טרי**,ח.י. מעדני גורמה בעמ,,,"ק""ג",1,,true,1,39.90,39.90,false,1,
41268,true,אסאדו עם עצם טרי**,ח.י. מעדני גורמה בעמ,,,"ק""ג",1,,true,1,79.90,79.90,true,1,
41269,true,גולש עגל טרי/מצונן**,ח.י. מעדני גורמה בעמ,,,"ק""ג",1,,true,1,79.90,79.90,true,1,
41270,true,כנפית עוף **,ח.י. מעדני גורמה בעמ,,,"ק""ג",1,,true,1,21.90,21.90,true,1,
41271,true,אנטריקוט טרי/מצונן**,ח.י. מעדני גורמה בעמ,,,"ק""ג",1,,true,1,199,199,true,1,
41315,true,זוג עופיונים,ח.י. מעדני גורמה בעמ,,,"י""ח",1,,false,1,85,85,true,1,
41364,true,סינטה טרי**,ח.י. מעדני גורמה בעמ,,,"ק""ג",1,,true,1,148.80,148.80,false,1,
41379,true,שוקית כנף עוף **,ח.י. מעדני גורמה בעמ,,,"ק""ג",1,,true,1,21.90,21.90,true,1,
41414,true,אונטריף טרי/מצונן**,ח.י. מעדני גורמה בעמ,,,"ק""ג",1,,true,1,89.90,89.90,true,1,
41427,true,צלעות בקר טרי/מצונן חלק **.,ח.י. מעדני גורמה בעמ,,,"ק""ג",1,,true,1,74.90,74.90,false,1,
41447,true,פרגית עוף לתנור עם עצם טרי**,ח.י. מעדני גורמה בעמ,,,"ק""ג",1,,true,1,59.90,59.90,true,1,
41659,true,אסאדו בלי עצם טרי**,ח.י. מעדני גורמה בעמ,,,"ק""ג",1,,true,1,79.90,79.90,true,1,
41680,true,דנוור סטייק טרי **.,ח.י. מעדני גורמה בעמ,,,"ק""ג",1,,true,1,118,118,false,1,
41996,true,מעורב ישראלי,ח.י. מעדני גורמה בעמ,,,"ק""ג",1,,true,1,69.90,69.90,true,1,
42209,true,טחון כתף/צלעות טרי **,ח.י. מעדני גורמה בעמ,,,"ק""ג",1,,true,1,59.90,59.90,true,1,
42261,true,סטייק עם עצם טרי**,ח.י. מעדני גורמה בעמ,,,"ק""ג",1,,true,1,119.90,119.90,false,1,
42265,true,צלי כתף טרי/מצונן**,ח.י. מעדני גורמה בעמ,,,"ק""ג",1,,true,1,99.90,99.90,false,1,
42266,true,פילה מדומה טרי/מצונן**,ח.י. מעדני גורמה בעמ,,,"ק""ג",1,,true,1,89.90,89.90,true,1,
42267,true,אוסובוקו טרי**,ח.י. מעדני גורמה בעמ,,,"ק""ג",1,,true,1,59.90,59.90,true,1,
42268,true,שריר טרי/מצונן**,ח.י. מעדני גורמה בעמ,,,"ק""ג",1,"ק""ג",true,1,69.90,69.90,true,1,
42269,true,צוואר טרי/מצונן חלק**,ח.י. מעדני גורמה בעמ,,,"ק""ג",1,"ק""ג",true,1,64.90,64.90,true,1,
42323,true,אצבעות נגיסי עוף טרי**.,ח.י. מעדני גורמה בעמ,,,"ק""ג",1,,true,1,49.90,49.90,true,1,
42341,true,סינטה דק דק טרי**.,ח.י. מעדני גורמה בעמ,,,"ק""ג",1,,true,1,148.80,148.80,false,1,
42866,true,אוסובוקו הודו טרי **,ח.י. מעדני גורמה בעמ,,,"ק""ג",1,,true,1,39.90,39.90,true,1,
46006,true,עמק שקילה *,תנובה בעמ ***,,,"ק""ג",1000,ל גרם,true,1,44.79,4.48,false,1,
46501,true,טל העמק שקיל,תנובה בעמ ***,,,"ק""ג",1000,ל גרם,true,1,58,5.80,false,1,
46662,true,.גבינה סקנדינבית,תנובה בעמ ***,,,"ק""ג",10,"ק""ג",true,1,79,7.90,false,1,
47027,true,גבינה קצ`קבל(גלעד) חריץ תנובה שקיל,תנובה בעמ ***,,,"ק""ג",1000,ל גרם,true,1,128,12.80,false,1,
47034,true,רוקפור(גליל) חריץ שקיל תנובה,תנובה בעמ ***,,,"ק""ג",1000,ל גרם,true,1,130,13,false,1,
47485,true,בולגרית פיראוס %24 שקיל,תנובה בעמ ***,,,"ק""ג",1,"ק""ג",true,1,62,62,false,1,
51352,true,חלב של פעם 1 ליטר,תנובה בעמ ***,,,"י""ח",1,ליטר,false,1,7.40,7.40,false,1,
51376,true,יופלה דיאט אננס ספורטיבי 150גר`,תנובה בעמ ***,,,"י""ח",150,ל גרם,false,1,5.20,3.47,false,1,
51710,true,פיראוס לאבנה עם שמן זית וזעתר 263גר`,תנובה בעמ ***,,,"י""ח",263,ל גרם,false,1,14.30,5.44,false,1,
52311,true,עמק 15% פרוס בקופסא 200גר`,תנובה בעמ ***,,,"י""ח",200,ל גרם,false,1,16.40,8.20,true,1,
55329,true,"יופלה משקה יוגורט טעם תות-מלון 250מ""ל",תנובה בעמ ***,,,"י""ח",250,ל גרם,false,1,6,2.40,false,1,
55336,true,"יופלה משקה יוגורט טעם בננה-אפרסק 250מ""",תנובה בעמ ***,,,"י""ח",250,ל גרם,false,1,6,2.40,false,1,
55343,true,"יופלה משקה יוגורט טעם טרופי 250מ""ל",תנובה בעמ ***,,,"י""ח",250,ל גרם,false,1,6,2.40,false,1,
55893,true,חמאה 200גרם רגיל*תנובה,תנובה בעמ ***,,,"י""ח",200,ל גרם,false,1,7.80,3.90,false,1,
56081,true,מאגדת פרילי טבע 6 יח,תנובה בעמ ***,,,"י""ח",1.20,"ק""ג",false,1,23,19.17,false,1,
56760,true,"עמק פרוס בקופסא 400גר בד""ץ",תנובה בעמ ***,,,"י""ח",400,ל גרם,false,1,30.30,7.58,false,1,
56845,true,חלב תנובה טרי הומוגני 3% 1.5 ליטר*,תנובה בעמ ***,,,"י""ח",1.50,ליטר,false,1,9.34,6.23,false,1,
57088,true,עמק דק 200גר`,תנובה בעמ ***,,,"י""ח",200,ל גרם,false,1,16.40,8.20,true,1,
57118,true,עמק סמי מעדניה 400גרם,תנובה בעמ ***,,,"י""ח",400,ל גרם,false,1,23.90,5.98,false,1,
57132,true,יוגורט תנובה 1.5% 200גרם,תנובה בעמ ***,,,"י""ח",200,ל גרם,false,1,3.20,1.60,false,1,
57149,true,יוגורט תנובה 3% 200גרם,תנובה בעמ ***,,,"י""ח",200,ל גרם,false,1,3.20,1.60,false,1,
58030,true,"יופלה שטוזים מקה יוגורט תות 800 מ""ל",תנובה בעמ ***,,,"י""ח",800,"ל מ""ל",false,1,21.20,2.65,false,1,
58047,true,"שמנת מתוקה (38%תנובה)עם פקק 500 מ""ל*",תנובה בעמ ***,,,"י""ח",500,"ל מ""ל",false,1,12.94,2.59,false,1,
58979,true,ג לי בטעם תות 125גר,תנובה בעמ ***,,,"י""ח",125,"ל מ""ל",false,1,1.50,1.20,false,1,
61214,true,פתיתים קוסקום עם בצל 500גר`,קבוצת אוסם סחר-שות.מוגבלת,,,"י""ח",500,ל גרם,false,1,7.90,1.58,true,1,
62129,true,"פודינג אינסטנט וניל 1 ק""ג",קבוצת אוסם סחר-שות.מוגבלת,,,"י""ח",1,"ק""ג",false,1,24.90,24.90,false,1,
65977,true,חטיפי פריכונים תירס שומשום 80 ג`,קבוצת אוסם סחר-שות.מוגבלת,,,"י""ח",800,ל גרם,false,1,9.30,1.16,false,1,
66660,true,"שקדי מרק כשל""פ",קבוצת אוסם סחר-שות.מוגבלת,,,"י""ח",1,,false,1,14.10,14.10,false,1,
69609,true,חטיפי קרקר זעתר 300גר`,קבוצת אוסם סחר-שות.מוגבלת,,,"י""ח",300,ל גרם,false,1,12.90,4.30,true,1,
72067,true,במבה חלבה 60גר`,קבוצת אוסם סחר-שות.מוגבלת,,,"י""ח",60,ל גרם,false,1,4.90,8.17,true,1,
73699,true,חומוס 150גר צבר,קבוצת אוסם סחר-שות.מוגבלת,,,"י""ח",150,ל גרם,false,1,5.80,3.87,false,1,
76645,true,טוסטעים חיטה מלאה 100גר`,קבוצת אוסם סחר-שות.מוגבלת,,,"י""ח",100,ל גרם,false,1,11.70,11.70,false,1,
77253,true,לחמית כפרית עם דגנים מלאים 190 ג`,קבוצת אוסם סחר-שות.מוגבלת,,,"י""ח",190,ל גרם,false,1,9.90,5.21,true,1,
77925,true,טוסטעים צנימים עגולים חיטה מלאה 125גר`,קבוצת אוסם סחר-שות.מוגבלת,,,"י""ח",125,ל גרם,false,1,12.20,9.76,false,1,
100302,true,פול ירוק קלוף סנפרוסט{600גר,תנובה בשר,,,"י""ח",600,ל גרם,false,1,28.20,4.70,true,1,
101132,true,לקט קטניות לחמין 800ג,תנובה בשר,,,"י""ח",800,ל גרם,false,1,24.90,3.11,true,1,
103365,true,מרק ירקות סנפרוסט 560ג,תנובה בשר,,,"י""ח",560,ל גרם,false,1,19.90,3.55,true,1,
103815,true,לקט להקפצה בסגנון תאילנ}סנפרוסט {800,תנובה בשר,,,"י""ח",800,ל גרם,false,1,24.20,3.03,true,1,
104072,true,"עדשים מבושלים 1ק""ג",תנובה בשר,,,"י""ח",1,"ק""ג",false,1,21.90,21.90,true,1,
104188,true,שעועית אדומה מבושלת 800גר`,תנובה בשר,,,"י""ח",800,ל גרם,false,1,21.90,2.74,true,1,
110851,true,כיפלי חטיף בצל,יוניליוור ישראל שיווק בעמ,,,"י""ח",70,ל גרם,false,1,6.50,9.29,false,1,
116945,true,רוטב סויה-קנור 340גרם,יוניליוור ישראל שיווק בעמ,,,"י""ח",340,ל גרם,false,1,11.90,3.50,true,1,
120874,true,מיונז הלמנס לייט 424גרם,יוניליוור ישראל שיווק בעמ,,,"י""ח",424,ל גרם,false,1,13.90,3.28,false,1,
135465,true,"סודה טמפו 500 מ""ל 12 בק",טמפו משקאות בעמ,,,"י""ח",6,ליטר,false,1,29.90,4.38,true,1,
136141,true,פפסי 1.5 ליטר.,טמפו משקאות בעמ,,,"י""ח",150,"ל מ""ל",false,1,7.90,5.07,true,1,
136158,true,פפסי מקס 1.5 ליטר,טמפו משקאות בעמ,,,"י""ח",1.50,ליטר,false,1,7.50,4.80,true,1,
136165,true,מירנדה 1.5 ליטר,טמפו משקאות בעמ,,,"י""ח",1.50,ליטר,false,1,7.90,5.07,true,1,
136172,true,סבן אפ 1.5 ליטר.,טמפו משקאות בעמ,,,"י""ח",1.50,ליטר,false,1,7.90,5.07,true,1,
136189,true,7-UP דיאט 1.5 ליטר,טמפו משקאות בעמ,,,"י""ח",1.50,ליטר,false,1,7.20,4.60,true,1,
136288,true,"סיידר תרכיז 330מ""ל בטעם תפוחים Juicer",טמפו משקאות בעמ,,,"י""ח",330,"ל מ""ל",false,1,13.60,4.12,true,1,
136455,true,ג אמפ אשכוליות 1.5 ליטר,טמפו משקאות בעמ,,,"י""ח",1.50,ליטר,false,1,7.50,4.80,true,1,
136486,true,ג אמפ דיאט אשכוליות 1.5 ליטר,טמפו משקאות בעמ,,,"י""ח",1.50,ליטר,false,1,7.50,4.80,true,1,
136776,true,פפסי מקס 1.5 ליטר שישיה,טמפו משקאות בעמ,,,"י""ח",9,ליטר,false,1,39.90,4.23,false,1,
136790,true,סודה 1.5 ליטר שישיה טמפו,טמפו משקאות בעמ,,,"י""ח",9,ליטר,false,1,17.90,1.79,false,1,
136868,true,סאן בנדטו שישיה 1.5 ל,טמפו משקאות בעמ,,,"י""ח",9,ליטר,false,1,19.90,2.01,false,1,
136875,true,סאן בנדטו מוגז שישיה 1.5 ליטר,טמפו משקאות בעמ,,,"י""ח",9,ליטר,false,1,19.90,2.01,false,1,
152943,true,מארז סלמי+פסטרמה 350*2,קבוצת אוסם סחר-שות.מוגבלת,,,"י""ח",700,ל גרם,false,1,29.90,4.27,true,1,
153469,true,קציצות עוף קלאסיות עוף טוב 600 גרם,קבוצת אוסם סחר-שות.מוגבלת,,,"י""ח",600,ל גרם,false,1,30.90,5.15,true,1,
158105,true,שניצל דינוזאור עוף טוב,קבוצת אוסם סחר-שות.מוגבלת,,,"י""ח",700,ל גרם,false,1,39.90,5.70,true,1,
168173,true,ברנפלקס קראנצ`ים 375גרם,יוניליוור ישראל שיווק בעמ,,,"י""ח",500,ל גרם,false,1,22.90,4.58,false,1,
169538,true,נמס בכוס מרק עגבניות עם קרוטונים 62 ג`ב,יוניליוור ישראל שיווק בעמ,,,"י""ח",34,ל גרם,false,1,8.50,25,true,1,
169798,true,"עוגי מופחת סוכר 500 ג בד""ץ",יוניליוור ישראל שיווק בעמ,,,"י""ח",500,ל גרם,false,1,21.90,4.38,true,1,
176420,true,111,שטראוס גרופ בעמ,,,"י""ח",200,"ל מ""ל",false,1,19.90,9.95,false,1,
185590,true,סילאן 635ג טבעי בקבוק,תה ויסוצקי (ישראל)בעמ,,,"י""ח",635,ל גרם,false,1,19.90,3.13,false,1,
186535,true,נייר טואלט לילי טריו 32 לבן,קימברלי קלארק ישראל שיווק בעמ,,,"י""ח",1788,ל גרם,false,1,45.90,2.57,false,1,
187853,true,נייר טואלט לילי לבן 1/40,קימברלי קלארק ישראל שיווק בעמ,,,"י""ח",40,"י""ח",false,1,46.90,1.17,true,1,
188591,true,מגני תחתון קוטקס SILK יאנג,קימברלי קלארק ישראל שיווק בעמ,,,"י""ח",1,"י""ח",false,1,22.90,22.90,true,1,
189116,true,תבניות עגולות חזקות ועבות,קימברלי קלארק ישראל שיווק בעמ,,,"י""ח",1,,false,1,14.40,14.40,false,1,
189277,true,.תבניות מלבניות גדולות ועמוקות,קימברלי קלארק ישראל שיווק בעמ,,,"י""ח",1,,false,1,14.40,14.40,false,1,
189598,true,מטליות לחות חד פעמיות ניקול,קימברלי קלארק ישראל שיווק בעמ,,,"י""ח",100,ל גרם,false,1,12.90,12.90,false,1,
189659,true,ניקול מטליות לחות לרצפה,קימברלי קלארק ישראל שיווק בעמ,,,"י""ח",1,"י""ח",false,1,12.50,12.50,false,1,
189734,true,מטליות לחות לפרקט,קימברלי קלארק ישראל שיווק בעמ,,,"י""ח",1,,false,1,12.90,12.90,false,1,
191225,true,האגיס ליטל בייביס שלב 2 חדש,קימברלי קלארק ישראל שיווק בעמ,,,"י""ח",1,"י""ח",false,1,35.60,35.60,false,1,
192581,true,מגבות ניקול גליל כפול 6=12,קימברלי קלארק ישראל שיווק בעמ,,,"י""ח",6,"י""ח",false,1,22.90,3.82,false,1,
194288,true,משטח החתלה,קימברלי קלארק ישראל שיווק בעמ,,,"י""ח",1,,false,1,29,29,false,1,
194837,true,שקיות למזון גדולות במיוחד,קימברלי קלארק ישראל שיווק בעמ,,,"י""ח",200,"י""ח",false,1,14.90,0.07,true,1,
197548,true,האגיס פרידום דריי שלב 5,קימברלי קלארק ישראל שיווק בעמ,,,"י""ח",38,"י""ח",false,1,45.90,1.21,true,1,
197678,true,18571736האגיס פרידום דריי שלב 6,קימברלי קלארק ישראל שיווק בעמ,,,"י""ח",34,"י""ח",false,1,45.90,1.35,true,1,
201856,true,טיטולים פרמיום שלב 4+,קימברלי קלארק ישראל שיווק בעמ,,,"י""ח",1,"י""ח",false,1,36.90,36.90,true,1,
209012,true,חומץ 1ליטר]יכין[,זנלכל בעמ,,,"י""ח",600,"ל מ""ל",false,1,7.90,1.32,true,1,
209371,true,שלשות תירס 6OZ,זנלכל בעמ,,,"י""ח",600,ל גרם,false,1,16.90,2.82,false,1,
209388,true,תירס לייט 150 ג שלישיה,זנלכל בעמ,,,"י""ח",1,,false,1,16.90,16.90,false,1,
210469,true,עגב. שלמות A2.5 יכין,זנלכל בעמ,,,"י""ח",800,"ל מ""ל",false,1,11.90,1.49,false,1,
210896,true,רוטב בולונז לפסטה 240 גר`פלסטיק,זנלכל בעמ,,,"י""ח",240,ל גרם,false,1,6.50,2.71,false,1,
211138,true,עיזים הולנד,א. סיימן סחר בעמ,,,"ק""ג",5,"ק""ג",true,1,129,25.80,false,1,
212922,true,לחמניה מונדלך מתוק 80גרם,לפ לפ אנג`ל,,,"י""ח",1,,false,1,2.90,2.90,false,1,
253374,true,מיני שוקולד ציפס 250גר אופנהיימר,תה ויסוצקי (ישראל)בעמ,,,"י""ח",250,ל גרם,false,1,15.90,6.36,false,1,
263359,true,האגיס פומלה NB1.,קימברלי קלארק ישראל שיווק בעמ,,,"י""ח",1,"י""ח",false,1,36.90,36.90,false,1,
311876,true,"וופלים וניל לל""ס 180גר מן",ח.כהן סוכנות מזון ומשקאות בע,,,"י""ח",200,ל גרם,false,1,9.50,4.75,false,1,
318189,true,פסטרמה ברביקיו על האש 300גר.,מעדני יחיעם 1993 בעמ,,,"י""ח",300,ל גרם,false,1,31.90,10.63,false,1,
319803,true,קבנוס קלאסי 125ג,מעדני יחיעם 1993 בעמ,,,"י""ח",125,ל גרם,false,1,14.90,11.92,true,1,
319834,true,קבנוס פפרוני קלאסי 125ג,מעדני יחיעם 1993 בעמ,,,"י""ח",125,ל גרם,false,1,14.90,11.92,true,1,
364261,true,סלסולי כתף בקר 120גר`,תנובה בשר,,,"י""ח",120,ל גרם,false,1,17.90,14.92,false,1,
364278,true,סלסולי סלמי איטלקי משובח 120גר`,תנובה בשר,,,"י""ח",120,ל גרם,false,1,17.90,14.92,false,1,
364292,true,סלסולי פסטרמה גחלים 120גר`,תנובה בשר,,,"י""ח",120,ל גרם,false,1,17.90,14.92,false,1,
369617,true,כדורי רחוב 150גר,גבינות עמיר ניצן בעמ,,,"י""ח",150,ל גרם,false,1,17.90,11.93,false,1,
379240,true,חלה רגילה מרובעת 500 גרם*,שלמה א.אנג ל בעמ,,,"י""ח",500,ל גרם,false,1,5.10,1.02,false,1,
379944,true,"קמח אנג ל 1ק""ג",שלמה א.אנג ל בעמ,,,"י""ח",1,מארז,false,1,5.90,5.90,false,1,
415826,true,עלי גפן ממולא 800 ג`יסמין,עת -רן (1996) בעמ,,,"י""ח",800,ל גרם,false,1,47.90,5.99,false,1,
446783,true,גרנולה עם רכז תפוחים 350ג,בטר אנד דיפרנט בעמ,,,"י""ח",350,ל גרם,false,1,11.90,3.40,false,1,
453200,true,בלילה מצוננת פנקייק שמרית 750גר,שטראוס גרופ ***בעמ,,,"י""ח",750,ל גרם,false,1,22.90,3.05,false,1,
453385,true,שמרים יבשים פאקא אינסטנט שקית 500גר,שטראוס גרופ בעמ,,,"י""ח",500,ל גרם,false,1,14.90,2.98,false,1,
453408,true,בצק פיצה דק ומוכן לאפיה שמרית 415גר,שטראוס גרופ ***בעמ,,,"י""ח",415,ל גרם,false,1,16.90,4.07,false,1,
453415,true,בצק עלים מצונן ומוכן לאפיה שמרית 300גר,שטראוס גרופ ***בעמ,,,"י""ח",300,ל גרם,false,1,15.90,5.30,false,1,
453422,true,בצק פילו מוכן לאפיה שמרית 300גר,שטראוס גרופ ***בעמ,,,"י""ח",300,ל גרם,false,1,15.90,5.30,false,1,
453446,true,פיצה קראסט שמרית 500גר,שטראוס גרופ ***בעמ,,,"י""ח",500,ל גרם,false,1,19.90,3.98,true,1,
453484,true,בצק קדאיף 350גר,שטראוס גרופ ***בעמ,,,"י""ח",350,ל גרם,false,1,14.90,4.26,false,1,
453781,true,שמרים יבשים 125ג שמרית.,שטראוס גרופ בעמ,,,"י""ח",125,ל גרם,false,1,7.50,6,false,1,
453798,true,שמרים אקטיבים 500גר עלית,שטראוס גרופ בעמ,,,"י""ח",500,ל גרם,false,1,17.90,3.58,false,1,
453866,true,נטורינה קוקוס 200גר,שטראוס גרופ ***בעמ,,,"י""ח",200,ל גרם,false,1,7.90,3.95,false,1,
453880,true,מרגרינה ללא מלח לאפייה ובישול 200גר,שטראוס גרופ ***בעמ,,,"י""ח",200,ל גרם,false,1,5.90,2.95,false,1,
453897,true,מרגרינה בטעם חמאה 200גר,שטראוס גרופ ***בעמ,,,"י""ח",200,ל גרם,false,1,5.90,2.95,false,1,
467153,true,חומוס סמיר הגדול 400גר,קבוצת אוסם סחר-שות.מוגבלת,,,"י""ח",400,ל גרם,false,1,16.80,4.20,true,1,
467320,true,חומוס אבו מרוואן 400גר,קבוצת אוסם סחר-שות.מוגבלת,,,"י""ח",400,ל גרם,false,1,16.80,4.20,true,1,
497198,true,פיתות מארז 10יח אסלי ברמן,י.את א. ברמן בעמ,,,"י""ח",1,,false,1,12.90,12.90,false,1,
518220,true,סוכרה דיאט 100 יח.,מתוק וקל בעמ,,,"י""ח",100,"י""ח",false,1,29.90,0.30,false,1,
518336,true,צמר גפן מתוק,מתוק וקל בעמ,,,"י""ח",25,ל גרם,false,1,4.90,19.60,true,1,
521008,true,יין סגל אדום יבש,טמפו משקאות בעמ,,,"י""ח",750,"ל מ""ל",false,1,22.90,3.01,true,1,
521015,true,יין סגל לבן,טמפו משקאות בעמ,,,"י""ח",750,"ל מ""ל",false,1,22.90,3.01,true,1,
523811,true,"מלח גס 1 ק""ג צנצנת הארץ",סוגת תעשיות בעמ,,,"י""ח",1,"ק""ג",false,1,7.30,7.30,false,1,
536743,true,קריספי סטיקס תירס 500 גרם,זוגלובק שיווק בעמ,,,"י""ח",1.50,"ק""ג",false,1,17.90,11.93,true,1,
540931,true,עוגיות 400ג טעמים שונים,ציון תורגמן בעמ,,,"י""ח",400,ל גרם,false,1,12.90,3.23,false,1,
554006,true,קשקבלו מחלבות גד שקיל,מחלבות גד,,,"ק""ג",1,,true,1,134,134,false,1,
554532,true,צפתית גד מעודנת 5% במלח ים טבעי 200 ג,מחלבות גד,,,"י""ח",200,"ל מ""ל",false,1,14.90,7.45,true,1,
554815,true,גבינה מוצרלה משק}גד{,מחלבות גד,,,"ק""ג",1,,true,1,86,86,false,1,
555502,true,אריזת פקדון(חוק פקדון),שונות /שרות,,,"י""ח",1,,false,1,0.30,0.30,false,1,
555503,true,פיקדון X 6,שונות /שרות,,,"י""ח",1,,false,1,1.80,1.80,false,1,
555504,true,פיקדון X 4,שונות /שרות,,,"י""ח",1,,false,1,1.20,1.20,false,1,
555509,true,פיקדון 12X,שונות /שרות,,,"י""ח",1,,false,1,3.60,3.60,false,1,
630519,true,עוף טרי שלם מוכשר(קצביה)**.,ח.י. מעדני גורמה בעמ,,,"ק""ג",1,"ק""ג",true,1,21.90,21.90,false,1,
631059,true,כבד עוף טרי(קצביה) **.,ח.י. מעדני גורמה בעמ,,,"ק""ג",1,"ק""ג",true,1,29.90,29.90,true,1,
631257,true,לב עוף טרי[קצביה ]**.,ח.י. מעדני גורמה בעמ,,,"ק""ג",1,"ק""ג",true,1,34.90,34.90,false,1,
632278,true,שניצל עוף פרימיום נקי ודק דק[קצביה].,ח.י. מעדני גורמה בעמ,,,"ק""ג",1,"ק""ג",true,1,49.90,49.90,true,1,
632308,true,חזה עוף חצוי נקי טרי(קצביה )**.,ח.י. מעדני גורמה בעמ,,,"ק""ג",1,,true,1,42.80,42.80,false,1,
641751,true,חזה הודו טרי נז קצביה**,ח.י. מעדני גורמה בעמ,,,"ק""ג",1,,true,1,32.90,32.90,false,1,
642840,true,שוקיים הודו טרי**,ח.י. מעדני גורמה בעמ,,,"ק""ג",1,,true,1,29.90,29.90,false,1,
643243,true,שווארמה הודו נקבה}קצביה{**,ח.י. מעדני גורמה בעמ,,,"ק""ג",1,,true,1,74.90,74.90,false,1,
643946,true,כנף הודו טרי}קצביה{**,ח.י. מעדני גורמה בעמ,,,"ק""ג",1,,true,1,14.90,14.90,false,1,
644356,true,גרון הודו טרי(קצביה)**,ח.י. מעדני גורמה בעמ,,,"ק""ג",1,,true,1,32.90,32.90,false,1,
644783,true,דג סלמון קפוא מנות תנובה,תנובה בשר,,,"ק""ג",1,"ק""ג",true,1,89.90,89.90,false,1,
645216,true,הודו זנבות(קצביה)**,ח.י. מעדני גורמה בעמ,,,"ק""ג",1,,true,1,7.90,7.90,false,1,
646299,true,פילה נסיכת נילוס 100% דג,תנובה בשר,,,"ק""ג",1,,true,1,54.90,54.90,false,1,
657657,true,מאפים טריים במשקל אפיה מקומית.,ג נרל מילס ישראל בעמ,,,"ק""ג",1,,true,1,44.90,44.90,true,1,
663036,true,פילה אמנון ללא עור קפוא,תנובה בשר,,,"ק""ג",1,,true,1,44.90,44.90,false,1,
663098,true,שווארמה ריב אנטריקוט 300ג.,תנובה בשר,,,"י""ח",300,ל גרם,false,1,31.90,10.63,false,1,
666601,true,פיקדון 0.30.,שונות /שרות,,,"י""ח",1,"י""ח",false,1,0.30,0.30,false,1,
679570,true,פדיסול אבקה אנטיפרספירנט דאודורנט 200מ,פישר תעשיות פרמבצטיות בעמ,,,"י""ח",200,"ל מ""ל",false,1,35.90,17.95,false,1,
688374,true,מי עדן בייבי שישיה 250,יפאורה שותפות מוגבלת לשיווק,,,"י""ח",1.50,ליטר,false,1,17.40,10.40,false,1,
688381,true,מי עדן שישיה 0.5 ליטר,יפאורה שותפות מוגבלת לשיווק,,,"י""ח",3,ליטר,false,1,14.90,4.37,true,1,
688428,true,מי מינרלים בודד חצי ליטר,יפאורה שותפות מוגבלת לשיווק,,,"י""ח",500,"ל מ""ל",false,1,3,0.54,false,1,
688503,true,"מי עדן שישייה ג ים 750 מ""ל",יפאורה שותפות מוגבלת לשיווק,,,"י""ח",4.50,ליטר,false,1,17.50,3.49,true,1,
961804,true,דלעת ארוזה שקיל,ביכורי השדה צפון 1994 ג.ד. בעמ,,,"ק""ג",1,,true,1,12.90,12.90,false,1,
982113,true,עגבניה,ביכורי השדה צפון 1994 ג.ד. בעמ,,,"י""ח",1,,false,1,6.90,6.90,false,1,
1041048,true,תבלין על האש 100 גרם,מיה תעשיות מזון מ.ת.מ בעמ,,,"י""ח",1,,false,1,8.70,8.70,false,1,
1045657,true,מיץ תפוח עץ צלול,שטראוס גרופ ***בעמ,,,"י""ח",400,"ל מ""ל",false,1,8.90,2.15,false,1,
1053560,true,"פילה מדומה מס `6 חב""ד קפוא",בלדי בעמ,,,"ק""ג",0,"ק""ג",true,1,44.90,44.90,false,1,
1121238,true,קורנד ביף 180גר`,מעדני יחיעם 1993 בעמ,,,"י""ח",180,ל גרם,false,1,24.90,13.83,false,1,
1121672,true,פסטרמה מעודנת בפפריקה 300ג,מעדני יחיעם 1993 בעמ,,,"י""ח",330,ל גרם,false,1,21.90,6.64,false,1,
1123041,true,בשר 5 חלק,נטו מלינדה סחר בעמ,,,"ק""ג",1,,true,1,59.90,59.90,false,1,
1123058,true,בשר 6 חלק,נטו מלינדה סחר בעמ,,,"ק""ג",2.49,"ק""ג",true,1,39.90,16.02,false,1,
1201510,true,ביצים M 30 יח,מ.לסר בעמ,,,"י""ח",30,"י""ח",false,1,27.80,0.93,false,1,
1201589,true,ביצים L 12 יח*,מ.לסר בעמ,,,"י""ח",12,"י""ח",false,1,12.05,1,false,1,
1201596,true,ביצים M 12 יח*,מ.לסר בעמ,,,"י""ח",12,"י""ח",false,1,11.15,0.93,false,1,
1201602,true,ביצים L 18יח,מ.לסר בעמ,,,"י""ח",18,"י""ח",false,1,18,1,false,1,
1201824,true,ביצים 12יח L אורגני,מ.לסר בעמ,,,"י""ח",12,"י""ח",false,1,21.90,1.83,false,1,
1201855,true,ביצים 12יח L אומגה 3,מ.לסר בעמ,,,"י""ח",10,"י""ח",false,1,19.90,1.99,false,1,
1201862,true,ביצים 12יח L חופש,מ.לסר בעמ,,,"י""ח",12,"י""ח",false,1,18.90,1.58,false,1,
1201893,true,ביצים 12יח M אומגה 3,מ.לסר בעמ,,,"י""ח",10,"י""ח",false,1,19.90,1.99,true,1,
1216231,true,"טחינה""אל ארז""מלאה 500גר",סוגת תעשיות בעמ,,,"י""ח",500,ל גרם,false,1,17.90,3.58,false,1,
1235938,true,וינסטון כחול ארוך,גלוברנדס בעמ,,,"י""ח",1,,false,1,32.50,32.50,false,1,
1245835,true,נוזל רצפות אורנים 4ליטר טאצ`,סאסאטק אגשח בעמ,,,"י""ח",4,ליטר,false,1,14.90,3.73,true,1,
1245842,true,נוזל רצפות מאסק 4ליטר טאצ`,סאסאטק אגשח בעמ,,,"י""ח",4,ליטר,false,1,14.90,3.73,true,1,
1246474,true,"תרסיס לניקוי שטיחים 600מ""ל טאצ`",סאסאטק אגשח בעמ,,,"י""ח",600,"ל מ""ל",false,1,15.90,2.65,false,1,
1407936,true,טחינה בארכה מעודנת 310גר,קבוצת אוסם סחר-שות.מוגבלת,,,"י""ח",310,ל גרם,false,1,13.90,4.48,false,1,
1444160,true,"שמן זית כתית מעולה מ עץ הזית 750 מ""ל.",סוגת תעשיות בעמ,,,"י""ח",750,"ל מ""ל",false,1,37.90,5.05,true,1,
1461457,true,בגט רוסטיק,ג נרל מילס ישראל בעמ,,,"י""ח",1,,false,1,7.90,7.90,true,1,
1476208,true,ברי פיקאן משולש משקל גד,מחלבות גד,,,"ק""ג",1,,true,1,139,139,false,1,
1482094,true,פרמזנו 200 ג ויליפוד,ג.וילי פוד אינטרנשיונל בעמ,,,"י""ח",200,ל גרם,false,1,23.90,11.95,false,1,
1567708,true,נקניק וינר 400ג ללא,מעדני יחיעם 1993 בעמ,,,"י""ח",400,ל גרם,false,1,12.90,3.23,true,1,
1567760,true,פסטרמה של פעם 300ג,מעדני יחיעם 1993 בעמ,,,"י""ח",300,ל גרם,false,1,26.90,8.97,true,1,
1567807,true,כתף בקר מעושן 250ג,מעדני יחיעם 1993 בעמ,,,"י""ח",250,ל גרם,false,1,27.60,11.04,true,1,
1567814,true,סלמי מעושן בסגנון איטלקי 300ג,מעדני יחיעם 1993 בעמ,,,"י""ח",300,ל גרם,false,1,21.90,7.30,false,1,
1591505,true,סטייק דג טונה קפוא עם עור מחנה יהודה.,נטו מלינדה סחר בעמ,,,"ק""ג",1,"ק""ג",true,1,39.90,39.90,true,1,
1591550,true,פילה אמנון ללא עור מחנה יהודה.,נטו מלינדה סחר בעמ,,,"ק""ג",1,"ק""ג",true,1,37.90,37.90,true,1,
1591567,true,פילה אמנון 100% מחנה יהודה.,נטו מלינדה סחר בעמ,,,"ק""ג",1,"ק""ג",true,1,36.90,36.90,true,1,
1591574,true,פילה אמנון 80% מחנה יהודה.,נטו מלינדה סחר בעמ,,,"ק""ג",1,"ק""ג",true,1,26.90,26.90,true,1,
1591604,true,המבורגר אנגוס מחנה יהודה 600גר,נטו מלינדה סחר בעמ,,,"י""ח",600,ל גרם,false,1,29.90,4.98,true,1,
1591611,true,קבבוני אנגוס עגול מחנה יהודה 500גר,נטו מלינדה סחר בעמ,,,"י""ח",500,ל גרם,false,1,29.90,5.98,true,1,
1591635,true,נקניקיות מרגז סגנון מרוקאי מחנה יהודה,נטו מלינדה סחר בעמ,,,"י""ח",500,ל גרם,false,1,29.90,5.98,true,1,
1648995,true,שלישית קפה רגואן 3*100גר,רוני רג ואן,,,"י""ח",300,ל גרם,false,1,19.90,6.63,false,1,
1879627,true,פילה עוף טרי**,ח.י. מעדני גורמה בעמ,,,"ק""ג",1,,true,1,49.90,49.90,true,1,
1881095,true,עגבניות שרי,מאמא מרי בעמ,,,"י""ח",1,"ק""ג",false,1,31.90,31.90,false,1,
1881873,true,כרוב עם חמוציות,מאמא מרי בעמ,,,"י""ח",1,"ק""ג",false,1,18.90,18.90,false,1,
2043065,true,מיני פריכיות אורז חום צ. שוקול 70ג,א.ל.יצור ושיווקתבלינים בעמ,,,"י""ח",70,ל גרם,false,1,8.90,12.71,true,1,
2043072,true,מיני פריכיות אורז חום צ. שוקול 70ג,א.ל.יצור ושיווקתבלינים בעמ,,,"י""ח",70,ל גרם,false,1,8.90,12.71,true,1,
2043218,true,צ`יפס אורז חום מלא מלוח 60גר,א.ל.יצור ושיווקתבלינים בעמ,,,"י""ח",60,ל גרם,false,1,6.90,11.50,true,1,
2043232,true,צ`יפס אורז חום מלא טקסס ברביקיו 120גר,א.ל.יצור ושיווקתבלינים בעמ,,,"י""ח",120,ל גרם,false,1,11.90,9.92,true,1,
2043591,true,צ`יפס אורז חום מלא פפריקה 120גר,א.ל.יצור ושיווקתבלינים בעמ,,,"י""ח",120,ל גרם,false,1,11.90,9.92,true,1,
2043782,true,צ`יפס אורז חום מלא טקסס ברביקיו 60גר,א.ל.יצור ושיווקתבלינים בעמ,,,"י""ח",60,ל גרם,false,1,6.90,11.50,true,1,
2043850,true,באר אקסטרה בציפוי שוקולד מריר 90גר,א.ל.יצור ושיווקתבלינים בעמ,,,"י""ח",90,ל גרם,false,1,13.90,15.44,true,1,
2043867,true,באר אקסטרה בציפוי שוקולד לבן 90גר,א.ל.יצור ושיווקתבלינים בעמ,,,"י""ח",90,ל גרם,false,1,13.90,15.44,true,1,
2043881,true,באר אקסטרה תפוז בציפוי שוקולד מריר 90גר,א.ל.יצור ושיווקתבלינים בעמ,,,"י""ח",90,ל גרם,false,1,13.90,15.44,true,1,
2065616,true,לחם שיפון גרעינים 750גר`,שלמה א.אנג ל בעמ,,,"י""ח",750,ל גרם,false,1,12.90,1.72,false,1,
2065623,true,לחם שיפון כפרי 750גר`,שלמה א.אנג ל בעמ,,,"י""ח",750,ל גרם,false,1,12.90,1.72,false,1,
2075271,true,ריקולה שקית 70ג צמחים,שוקוטרייד בעמ,,,"י""ח",70,ל גרם,false,1,11.90,17,false,1,
2077268,true,מיני קציצות דג 500 גרם,נטו מלינדה סחר בעמ,,,"י""ח",500,ל גרם,false,1,25.50,5.10,false,1,
2077725,true,סלומון נורווגי מצונן 100 גרם(נטו),נטו מלינדה סחר בעמ,,,"י""ח",100,ל גרם,false,1,19.90,19.90,false,1,
2109372,true,בורקס פילו אצבעות בולגרית 700גר`,נטו מלינדה סחר בעמ,,,"י""ח",600,ל גרם,false,1,21.90,3.65,true,1,
2129462,true,פיצה איטלקית דקה שלושת האופים זוג 640ג,נטו מלינדה סחר בעמ,,,"י""ח",640,ל גרם,false,1,28.90,4.52,true,1,
2129479,true,פיצה איטלקית דקה שלושת האופים 320גר,נטו מלינדה סחר בעמ,,,"י""ח",320,ל גרם,false,1,16.90,5.28,true,1,
2129486,true,פיצה איטלקית דקה שלושת האופים 340גר,נטו מלינדה סחר בעמ,,,"י""ח",340,ל גרם,false,1,17.90,5.26,true,1,
2195054,true,המבורגר בלדי 400גרם ארוז,בלדי בעמ,,,"י""ח",400,ל גרם,false,1,16.90,4.23,false,1,
2195078,true,קבב כבש 400גרם ארוז,בלדי בעמ,,,"י""ח",400,ל גרם,false,1,19.90,4.98,false,1,
2195085,true,קבב מזרחי 400גרם ארוז,בלדי בעמ,,,"י""ח",400,ל גרם,false,1,19.90,4.98,false,1,
2253235,true,דורות רוטב פסטו 160גר,קבוצת אוסם סחר-שות.מוגבלת,,,"י""ח",160,ל גרם,false,1,11.90,7.44,false,1,
2263562,true,"רוטב לימון משומר 200מ""ל",א.ל.יצור ושיווקתבלינים בעמ,,,"י""ח",200,"ל מ""ל",false,1,6.90,3.45,false,1,
2281382,true,נתחי פילה סלמון נורבגי מנות,נטו מלינדה סחר בעמ,,,"ק""ג",1,"ק""ג",true,1,99,99,false,1,
2281443,true,סטייק דג טונה קפוא עם עור,נטו מלינדה סחר בעמ,,,"ק""ג",1,"ק""ג",true,1,39.90,39.90,false,1,
2281498,true,מגורדת 500ג ריץ,נטו מלינדה סחר בעמ,,,"י""ח",500,ל גרם,false,1,26.90,5.38,false,1,
2300877,true,צ`דר אנגלי לבן נטו,א. סיימן סחר בעמ,,,"ק""ג",1,,true,1,129,129,true,1,
2327066,true,קונכיות בצק קפוא,נטו מלינדה סחר בעמ,,,"י""ח",500,ל גרם,false,1,21.90,4.38,true,1,
2329619,true,עוגת שוקו צ`יפס 350גר.,בני פאוזי שמשום (2009) בעמ,,,"י""ח",350,ל גרם,false,1,7.90,2.26,true,1,
2331360,true,נביעות שישיות 500 מייל פקק ספורט,החברה המרכזית להפצת משקאות בעמ,,,"י""ח",3,ליטר,false,1,15.90,4.70,true,1,
2331490,true,נביעות 1ליטר,החברה המרכזית להפצת משקאות בעמ,,,"י""ח",1,ליטר,false,1,3.90,3.90,true,1,
2345022,true,אנטריקוט דקדק 250גר,נטו מלינדה סחר בעמ,,,"י""ח",250,ל גרם,false,1,28.90,11.56,true,1,
2345282,true,נתחי פילה סלמון נורבגי מנות,נטו מלינדה סחר בעמ,,,"ק""ג",1,"ק""ג",true,1,99,99,false,1,
2370420,true,גבינת גאודה מהולנד 30% שומן ויליפוד,ג.וילי פוד אינטרנשיונל בעמ,,,"ק""ג",1,,true,1,69,69,false,1,
2370475,true,גבינה כחולה עם עובש שקיל,ג.וילי פוד אינטרנשיונל בעמ,,,"ק""ג",1,"ק""ג",true,1,99.90,99.90,true,1,
2370673,true,שערות גבינה שקיל,ג.וילי פוד אינטרנשיונל בעמ,,,"ק""ג",1,"ק""ג",true,1,99,99,true,1,
2370680,true,אצבעות מוצרלי במשקל ויליפוד,ג.וילי פוד אינטרנשיונל בעמ,,,"ק""ג",1,,true,1,79.90,79.90,true,1,
2370734,true,צמות גבינה במי מלח 25% שומן שקיל,ג.וילי פוד אינטרנשיונל בעמ,,,"ק""ג",1,"ק""ג",true,1,99,99,true,1,
2370925,true,גבינת גאודה עם עשבי תיבול ושום שקיל,ג.וילי פוד אינטרנשיונל בעמ,,,"ק""ג",1,"ק""ג",true,1,110,110,true,1,
2371533,true,סלסולי פסטרמה דבש 120גר`,תנובה בשר,,,"י""ח",120,ל גרם,false,1,17.90,14.92,false,1,
2374640,true,שמן קנולה פלוס אומגה 3 עץ הזית 1ליטר,סוגת תעשיות בעמ,,,"י""ח",1,ליטר,false,1,17.70,17.70,false,1,
2385196,true,רוקפור גליל שקיל גד,מחלבות גד,,,"ק""ג",1,,true,1,159,159,false,1,
2385486,true,גבינת שמנת טבעית 30% שקיל גד,מחלבות גד,,,"ק""ג",1,,true,1,49,49,false,1,
2385493,true,גבינת שמנת זיתים 30% שקיל,מחלבות גד,,,"ק""ג",1,,true,1,49,49,false,1,
2385509,true,גבינת שמנת שמיר 30% שקיל גד,מחלבות גד,,,"ק""ג",1,,true,1,49,49,false,1,
2385738,true,מנצ`יגו משולשים שקיל גד,מחלבות גד,,,"ק""ג",1,,true,1,141,141,false,1,
2385745,true,פקורינו משולשים שקיל גד,מחלבות גד,,,"ק""ג",1,,true,1,141,141,false,1,
2395408,true,"גבנצ נעם 28% ק""ג *.",*החברה המרכזית להפצת משקאותבעמ,,,"ק""ג",1,,true,1,44.79,44.79,false,1,
2395415,true,חריץ גבינה נעם 9% שקיל,*החברה המרכזית להפצת משקאותבעמ,,,"ק""ג",1,,true,1,75,75,false,1,
2395422,true,גבינה צהובה נעם 22% שקיל*,*החברה המרכזית להפצת משקאותבעמ,,,"ק""ג",1,,true,1,42.58,42.58,false,1,
2439219,true,עוגת פס קצפת ופירות יער 500גר,נטו מלינדה סחר בעמ,,,"י""ח",400,ל גרם,false,1,34.90,8.73,false,1,
2439226,true,רולדת ריבת חלב 450גר,נטו מלינדה סחר בעמ,,,"י""ח",450,ל גרם,false,1,34.90,7.76,false,1,
2439240,true,פס גבינה אפויה 500גר,נטו מלינדה סחר בעמ,,,"י""ח",450,ל גרם,false,1,34.90,7.76,false,1,
2479925,true,דבש טהור פרחי בר 350 גר`בקבוק לחיץ,טעמן שווק מזון בעמ,,,"י""ח",350,"ל מ""ל",false,1,21.90,6.26,false,1,
2511229,true,בולגרית מעודנת 16% המושבה,מחלבות המושבה בעמ,,,"ק""ג",1000,ל גרם,true,1,39.90,3.99,false,1,
2511236,true,בולגרית מעודנת 5% המושבה,מחלבות המושבה בעמ,,,"ק""ג",1,,true,1,41.90,41.90,false,1,
2511427,true,אצבעות שוקולד וניל מעדניה,מחלבות המושבה בעמ,,,"ק""ג",1000,ל גרם,true,1,59.90,5.99,false,1,
2517276,true,פלפל אנגלי שלם 25 גרם,תבליני טעם וריח בעמ,,,"י""ח",1,,false,1,5.90,5.90,false,1,
2517726,true,מקלות קנמון 15גרם,תבליני טעם וריח בעמ,,,"י""ח",1,,false,1,5.90,5.90,false,1,
2517825,true,פלפל לבן טחון 40 גרם,תבליני טעם וריח בעמ,,,"י""ח",1,,false,1,9.90,9.90,false,1,
2542780,true,"בירה סטלה ארטואה 330מ""ל 1/6 בקבוק",תימקו בירה בעמ,,,"י""ח",330,"ל מ""ל",false,1,39.90,11.55,true,1,
2542865,true,"הוגרדן בקבוק 330מ""ל 1/6",תימקו בירה בעמ,,,"י""ח",330,"ל מ""ל",false,1,49.90,14.58,true,1,
2603634,true,"משולש זיתים דק תפזורת בעל""ז",נטו מלינדה סחר בעמ,,,"י""ח",1,"י""ח",false,1,4,4,true,1,
2628170,true,צלי כתף מס 5 חלק ג.חול פרגוואי.,בלדי בעמ,,,"ק""ג",1,"ק""ג",true,1,79.90,79.90,true,1,
2661535,true,"פירורי לחם זהוב 1ק""ג",י.את א. ברמן בעמ,,,"י""ח",1,"ק""ג",false,1,14.90,14.90,false,1,
2692768,true,תרסיס שמן קנולה מזוכך ללא תוספת גז 200,סוגת תעשיות בעמ,,,"י""ח",200,"ל מ""ל",false,1,15.90,7.95,false,1,
2750147,true,לחמניית קוראסול דגנים,ג נרל מילס ישראל בעמ,,,"י""ח",1,,false,1,4.50,4.50,true,1,
2750178,true,גבטה 180 כפרית,ג נרל מילס ישראל בעמ,,,"י""ח",1,,false,1,4.50,4.50,true,1,
2750963,true,בגט רוסטיק פילסברי,ג נרל מילס ישראל בעמ,,,"י""ח",1,,false,1,7.90,7.90,true,1,
2757139,true,מלוואח 700 גר`שלושת האופים,נטו מלינדה סחר בעמ,,,"י""ח",700,ל גרם,false,1,17.90,2.56,true,1,
2757146,true,"קובה למרק חמוסטה 1 ק""ג",נטו מלינדה סחר בעמ,,,"י""ח",1,"ק""ג",false,1,23.90,23.90,false,1,
2757511,true,קציצת דג לבישול 750גר`,נטו מלינדה סחר בעמ,,,"י""ח",750,"ל מ""ל",false,1,28.90,3.85,true,1,
2757535,true,בורקס פילו-אצבעות גבינה 500גר`,נטו מלינדה סחר בעמ,,,"י""ח",500,ל גרם,false,1,21.90,4.38,true,1,
2757726,true,בורקס גבינה 700 ג`,נטו מלינדה סחר בעמ,,,"י""ח",700,ל גרם,false,1,19.90,2.84,false,1,
2757733,true,ג`חנון 650 ג`,נטו מלינדה סחר בעמ,,,"י""ח",650,ל גרם,false,1,13.90,2.14,false,1,
2757757,true,מלאווח 700גר`,נטו מלינדה סחר בעמ,,,"י""ח",700,ל גרם,false,1,13.90,1.99,false,1,
2775317,true,פילה זהבנון,נטו מלינדה סחר בעמ,,,"ק""ג",1,,true,1,22.90,22.90,false,1,
2787495,true,42209פילה סלמון קפוא,נטו מלינדה סחר בעמ,,,"ק""ג",1,,true,1,79.90,79.90,false,1,
2787891,true,מקלות בורקס פילו תרד 650גר`,נטו מלינדה סחר בעמ,,,"י""ח",650,ל גרם,false,1,22.30,3.43,true,1,
2871248,true,טובורג רד 500 חוזר,החברה המרכזית להפצת משקאות בעמ,,,"י""ח",500,"ל מ""ל",false,1,9.40,1.64,true,1,
2871361,true,2542780קרלסברג בירה 500 חוזר,החברה המרכזית להפצת משקאות בעמ,,,"י""ח",500,"ל מ""ל",false,1,9.50,1.66,false,1,
2909569,true,פילה ברבוניה 400 גרם,בלדי בעמ,,,"י""ח",400,ל גרם,false,1,24,6,false,1,
2909804,true,פילה בקלה(מרלוזה)ארוז ללא עור.,בלדי בעמ,,,"ק""ג",1,"ק""ג",true,1,31,31,false,1,
2919612,true,אסאדו מס 9 בעדני,בלדי בעמ,,,"ק""ג",1,,true,1,44.90,44.90,false,1,
2929642,true,טונה מארז 4 יח }ויליגיר{ 140גר,נטו מלינדה סחר בעמ,,,"י""ח",560,ל גרם,false,1,20.90,3.73,true,1,
2971191,true,"קמח חיטה לבן שטיבל 1ק""ג",טחנות קמח שטיבל בש בעמ,,,"י""ח",1,"ק""ג",false,1,4.50,4.50,true,1,
2971955,true,"קמח לבן 650 ללא צורך בניפוי 1ק""ג שטיבל",ח.כהן סוכנות מזון ומשקאות בע,,,"י""ח",1,"ק""ג",false,1,8.90,8.90,false,1,
2971962,true,"קמח מלא 100% 1ק""ג ללא צורך בניפוי",ח.כהן סוכנות מזון ומשקאות בע,,,"י""ח",1,"ק""ג",false,1,8.90,8.90,false,1,
2971993,true,קמח כוסמין מלא ללא צורך בניפוי,ח.כהן סוכנות מזון ומשקאות בע,,,"י""ח",1,"ק""ג",false,1,14.90,14.90,false,1,
2972006,true,"קמח בהיר 405 ללא צורך בניפוי 1ק""ג שטיב",ח.כהן סוכנות מזון ומשקאות בע,,,"י""ח",1,"ק""ג",false,1,8.90,8.90,false,1,
2972365,true,"קמח תופח ללא צורך בניפוי 1ק""ג",ח.כהן סוכנות מזון ומשקאות בע,,,"י""ח",1,"ק""ג",false,1,8.90,8.90,false,1,
2972426,true,"קמח מלא 80% ללא צורך בניפוי 1ק""ג",ח.כהן סוכנות מזון ומשקאות בע,,,"י""ח",1,"ק""ג",false,1,7.90,7.90,false,1,
2973669,true,"קמח לחם שטיבל 2 ללא צורך בניפוי 1ק""ג",טחנות קמח שטיבל בש בעמ,,,"י""ח",1,"ק""ג",false,1,8.50,8.50,false,1,
2973829,true,"קמח כוסמין לבן ללא צורך בניפוי 1ק""ג.",ח.כהן סוכנות מזון ומשקאות בע,,,"י""ח",1,"ק""ג",false,1,15.90,15.90,false,1,
2974222,true,קמח עוגיות 4 שטיבל ללא צ.בניפוי,ח.כהן סוכנות מזון ומשקאות בע,,,"י""ח",1,"ק""ג",false,1,7.90,7.90,false,1,
2974314,true,קמח פיצה שטיבל ללא צ.בניפוי,ח.כהן סוכנות מזון ומשקאות בע,,,"י""ח",1,"ק""ג",false,1,10.90,10.90,false,1,
3006021,true,קוביות מעדן פטה בטעמים שקיל,גבינות עמיר ניצן בעמ,,,"ק""ג",100,ל גרם,true,1,69.90,69.90,false,1,
3006120,true,טאפס שכונתי שקיל.,גבינות עמיר ניצן בעמ,,,"ק""ג",1,"ק""ג",true,1,149.90,149.90,false,1,
3069590,true,"סול פילה ארוז 1ק""ג.",נטו מלינדה סחר בעמ,,,"י""ח",1,"ק""ג",false,1,36.90,36.90,false,1,
3069682,true,בצק פילאס 500ג,נטו מלינדה סחר בעמ,,,"י""ח",500,ל גרם,false,1,21.90,4.38,true,1,
3069705,true,"פיצה אישית גבינה דקה תפזורת בעל""ז",נטו מלינדה סחר בעמ,,,"י""ח",1,"י""ח",false,1,4,4,true,1,
3102136,true,צמר גפן רפואי,אינטרסן (1996) בעמ,,,"י""ח",1,,false,1,5.50,5.50,false,1,
3102419,true,כפפות ניילון 100 יח,אינטרסן (1996) בעמ,,,"י""ח",1,,false,1,6.80,6.80,true,1,
3141159,true,יוגטה מרשמלו 180ג,ליימן שליסל,,,"י""ח",180,ל גרם,false,1,9.40,5.22,true,1,
3142361,true,הוטפופ מתוק מלוח 5שקיות,ליימן שליסל,,,"י""ח",600,ל גרם,false,1,17.90,2.98,true,1,
3143146,true,"ממרח תמרים קליית גת 450גרם כשל""פ",ליימן שליסל,,,"י""ח",450,ל גרם,false,1,6.90,1.53,false,1,
3143337,true,"סילאן קליית גת 360גרם צנצנת כשל""פ",ליימן שליסל,,,"י""ח",360,ל גרם,false,1,19.90,5.53,true,1,
3144679,true,הוטפופ 5(בדלי) שקיות עם מלח,ליימן שליסל,,,"י""ח",500,ל גרם,false,1,16.90,3.38,true,1,
3145782,true,צנובר טבעי 100גר`,ליימן שליסל,,,"י""ח",100,ל גרם,false,1,26.90,26.90,false,1,
3189199,true,צהובה חריפה במשקל-א.חלב נוכרי,גבינות הכפר בעמ,,,"ק""ג",1,,true,1,35.90,35.90,false,1,
3189274,true,צהובה מעושן חלב נוכרי במשקל,גבינות הכפר בעמ,,,"ק""ג",1,"י""ח",true,1,44.90,44.90,false,1,
3224265,true,כיסוני בשר בקר 800ג,מאמא מרי בעמ,,,"י""ח",800,ל גרם,false,1,31.90,3.99,false,1,
3224272,true,"כיסוני בשר מוסקובסקי 1ק""ג",מאמא מרי בעמ,,,"י""ח",1,"ק""ג",false,1,34.90,34.90,false,1,
3224463,true,"כיסוני בשר אוקראיני 1ק""ג",מאמא מרי בעמ,,,"י""ח",1,"ק""ג",false,1,28.90,28.90,false,1,
3224579,true,"כיסוני בשר 1.5ק""ג XXL",מאמא מרי בעמ,,,"י""ח",1.50,"ק""ג",false,1,46.90,31.27,false,1,
3229123,true,פסטרמה על גחלים,תנובה בשר,,,"י""ח",400,ל גרם,false,1,27.90,6.98,true,1,
3251308,true,אציטון,ציון תורגמן בעמ,,,"י""ח",100,"ל מ""ל",false,1,4.80,4.80,false,1,
3364008,true,צעצועים קבוצה 8,צעצועי דורון ~~~,,,"י""ח",1,,false,1,49.90,49.90,false,1,
3364978,true,סופר בליידס,צעצועי דורון ~~~,,,"י""ח",1,,false,1,49.90,49.90,false,1,
3402809,true,חטיף שוקולד לבן ריזס 39גר.,ליימן שליסל,,,"י""ח",39,ל גרם,false,1,3.90,10,false,1,
3414406,true,שוקולד צ יפס 283גר ריזס..,ליימן שליסל,,,"י""ח",283,ל גרם,false,1,16.90,5.97,true,1,
3423909,true,חטיף שוקולד לבן קוקיז אנד קרים 43גר,ליימן שליסל,,,"י""ח",43,ל גרם,false,1,5.70,13.26,false,1,
3444009,true,חטיף שוקולד לבן ריזס 42גר,ליימן שליסל,,,"י""ח",43,ל גרם,false,1,4.50,10.47,false,1,
3514007,true,שקדי מרק 400 גר`MANA,ש.שסטוביץ בעמ,,,"י""ח",400,ל גרם,false,1,9.90,2.48,true,1,
3526871,true,פטריות חתוך מארז שלשות,נטו מלינדה סחר בעמ,,,"י""ח",290,ל גרם,false,1,11.90,4.10,false,1,
3570164,true,מינוט שווארמה פרגית 300גר,בלדי בעמ,,,"י""ח",300,ל גרם,false,1,29.90,9.97,false,1,
3571550,true,סטייק טונה בוואקום,בלדי בעמ,,,"ק""ג",1,"ק""ג",true,1,54.90,54.90,false,1,
3718627,true,פול ירוק ארוז 400ג,בלדי בעמ,,,"י""ח",400,ל גרם,false,1,9.90,2.48,false,1,
3726592,true,טופו ויילר 300גר טעם פסטו,שטראוס גרופ ***בעמ,,,"י""ח",300,ל גרם,false,1,13,4.33,false,1,
3726615,true,טופו ויילר 300גר,שטראוס גרופ ***בעמ,,,"י""ח",300,ל גרם,false,1,13,4.33,false,1,
3976966,true,מרסס לניקוי כללי בתוספת חומץ 1ליטר טאצ,סאסאטק אגשח בעמ,,,"י""ח",1,ליטר,false,1,12.90,12.90,false,1,
4011277,true,"ריץ`בישול והקרמה 220מ""ל",נטו מלינדה סחר בעמ,,,"י""ח",220,"ל מ""ל",false,1,12.20,5.55,false,1,
4011284,true,"בסיס להכנת קצפת 212מ""ל",נטו מלינדה סחר בעמ,,,"י""ח",212,"ל מ""ל",false,1,9.90,4.67,true,1,
4011291,true,"בסיס להכנת קצפת 425מ""ל",נטו מלינדה סחר בעמ,,,"י""ח",425,"ל מ""ל",false,1,16.90,3.98,false,1,
4011345,true,"קצפת ריצ`פרווה במיכל 250 מ""ל",נטו מלינדה סחר בעמ,,,"י""ח",250,"ל מ""ל",false,1,9.90,3.96,false,1,
4014407,true,סוכריות M M שוקו,מרס ריגלי ישראל בעמ,,,"י""ח",1,,false,1,5.20,5.20,true,1,
4022309,true,MNM פינאטבאטר 80ג,מרס ריגלי ישראל בעמ,,,"י""ח",80,ל גרם,false,1,7.90,9.88,false,1,
4026851,true,בייגלה רומני,ג נרל מילס ישראל בעמ,,,"י""ח",150,ל גרם,false,1,4.50,3,true,1,
4030544,true,מיץ לימונענע 1 ליטר,תנובה בעמ ***,,,"י""ח",1,ליטר,false,1,14.10,14.10,true,1,
4030728,true,"מיץ לימון 100% 250 מ""ל מחנה יהודה",פריניב סחר והפצה בעמ,,,"י""ח",250,"ל מ""ל",false,1,7.90,3.16,true,1,
4033705,true,לחמניות המבורגר 6יח,י.את א. ברמן בעמ,,,"י""ח",600,ל גרם,false,1,13.90,2.32,false,1,
4033736,true,לחם עננים בסגנון בריוש,י.את א. ברמן בעמ,,,"י""ח",500,ל גרם,false,1,14.50,2.90,false,1,
4043205,true,MNM פינאטס 92ג,מרס ריגלי ישראל בעמ,,,"י""ח",92,ל גרם,false,1,7.90,8.59,false,1,
4048525,true,פילה אמנון דלידג,נטו מלינדה סחר בעמ,,,"ק""ג",200,ל גרם,true,1,27.90,13.95,false,1,
4063016,true,"מלח שולחן 1 ק""ג*",סוגת תעשיות בעמ,,,"י""ח",1,"ק""ג",false,1,2.07,2.07,false,1,
4064099,true,מטחנה מלח מהרי ההימלאיה,סוגת תעשיות בעמ,,,"י""ח",400,ל גרם,false,1,15.90,3.98,false,1,
4064174,true,"מלח דק 1 ק""ג צנצנת ההימלאיה",סוגת תעשיות בעמ,,,"י""ח",1,"ק""ג",false,1,17.90,17.90,false,1,
4064181,true,"מלח גס 1 ק""ג צנצנת ההימלאיה",סוגת תעשיות בעמ,,,"י""ח",1,"ק""ג",false,1,17.90,17.90,false,1,
4064297,true,"מלח מאושר ביוד צנצנת 1ק""ג",סוגת תעשיות בעמ,,,"י""ח",1,"ק""ג",false,1,9.90,9.90,false,1,
4064358,true,"מלח דק זורם בקלות 1ק""ג קרטון",סוגת תעשיות בעמ,,,"י""ח",1,"ק""ג",false,1,5.50,5.50,false,1,
4064365,true,"מלח דק מועשר ביוד 1ק""ג קרטון",סוגת תעשיות בעמ,,,"י""ח",1,"ק""ג",false,1,6.90,6.90,false,1,
4068028,true,"יוגורט ציזיקי 500מ""ל",מחלבות גד,,,"י""ח",500,"ל מ""ל",false,1,11.10,2.22,true,1,
4068172,true,יוגורט עזים דלי 600ג 5%,מחלבות גד,,,"י""ח",600,ל גרם,false,1,19.10,3.18,true,1,
4068332,true,קממבר בקר משולשים גד שקיל 25%,מחלבות גד,,,"ק""ג",1,,true,1,132,132,false,1,
4068424,true,גאודה גלגל משולש שקיל גד,מחלבות גד,,,"ק""ג",1,,true,1,133,133,false,1,
4068912,true,גרנה פדנו שקיל,מחלבות גד,,,"ק""ג",1,"ק""ג",true,1,129.90,129.90,false,1,
4135324,true,בולגרית מעודנת,תנובה בעמ ***,,,"ק""ג",1,"ק""ג",true,1,52,52,false,1,
4136833,true,פיראוס בולגרית 16% שקיל.,תנובה בעמ ***,,,"ק""ג",1,,true,1,57,57,false,1,
4225285,true,דנאבלו 100גר נטו,נטו מלינדה סחר בעמ,,,"י""ח",100,ל גרם,false,1,12.80,12.80,false,1,
4228804,true,עלי בצק למילוי סיגרים 450 ג`,נטו מלינדה סחר בעמ,,,"י""ח",450,ל גרם,false,1,13.90,3.09,false,1,
4255428,true,"נר נשמה פחית מנורה ""שווה""",ח.כהן סוכנות מזון ומשקאות בע,,,"י""ח",1,,false,1,2.90,2.90,true,1,
4257125,true,סינטה דק דק 250ג עטרה,נטו מלינדה סחר בעמ,,,"י""ח",250,ל גרם,false,1,19.90,7.96,false,1,
4469238,true,קערת ספיר גדולה,אושר א.א. יבוא ושיווק כלי בית,,,"י""ח",1,,false,1,11.90,11.90,false,1,
4480219,true,צ`דר גד שקיל,מחלבות גד,,,"ק""ג",1,,true,1,109.90,109.90,false,1,
4480332,true,גאודה בקר משולש שקיל גד,מחלבות גד,,,"ק""ג",1,,true,1,109.90,109.90,false,1,
4480349,true,גאודה עיזים משולשים שקיל גד,מחלבות גד,,,"ק""ג",1,,true,1,134,134,false,1,
4494919,true,"יין כנען קברנה שיראז דלתון 750מ""",הכרם משקאות חריפים בעמ,,,"י""ח",750,"ל מ""ל",false,1,44.90,5.95,true,1,
4685010,true,לחם קל 100%,י.את א. ברמן בעמ,,,"י""ח",750,ל גרם,false,1,16.50,2.20,false,1,
4685089,true,לחם חמניות 750 גר`ברמן,י.את א. ברמן בעמ,,,"י""ח",750,ל גרם,false,1,16.50,2.20,false,1,
4685447,true,לחמניות כוסמין 6 בשקית,י.את א. ברמן בעמ,,,"י""ח",450,ל גרם,false,1,14.90,3.31,false,1,
4828479,true,גאודה כמון 32% נוף הרים מעדני,אמא מ.א.א ניהול והשקעות,,,"ק""ג",1,"ק""ג",true,1,149.90,149.90,false,1,
4861056,true,צפתית טבעי המושבה שקילה 5%.,מחלבות המושבה בעמ,,,"ק""ג",1000,ל גרם,true,1,49,4.90,false,1,
5079412,true,אמנטל נעם חריץ מעדניה.,*החברה המרכזית להפצת משקאותבעמ,,,"ק""ג",200,ל גרם,true,1,61,30.50,false,1,
5095351,true,"סט 3 סמרט 500מ""ל",ציון תורגמן בעמ,,,"י""ח",500,"ל מ""ל",false,1,9.90,1.98,false,1,
5095658,true,תפוחוני תירס מתוקים,ציון תורגמן בעמ,,,"י""ח",1,"י""ח",false,1,11.10,11.10,false,1,
5095702,true,חיטה תפוחה בדבש(שלוה),ציון תורגמן בעמ,,,"י""ח",1,"י""ח",false,1,10.40,10.40,false,1,
5095719,true,חיטה תפוחה טבעית(שלוה),ציון תורגמן בעמ,,,"י""ח",1,"י""ח",false,1,10.40,10.40,false,1,
5095801,true,עמבה תמר 500 גרם עם פרי,ציון תורגמן בעמ,,,"י""ח",500,ל גרם,false,1,17.90,3.58,false,1,
5113222,true,מיקס זיתים 2 A יבנה,קבוצת יבנה מוצרי מזון בעמ,,,"י""ח",1,,false,1,9.80,9.80,true,1,
5358067,true,קשתית בשר מס9 מוכשר,נטו מלינדה סחר בעמ,,,"ק""ג",1,,true,1,43,43,false,1,
5358739,true,בשר ראש קפוא חלק,נטו מלינדה סחר בעמ,,,"ק""ג",1,,true,1,79.90,79.90,false,1,
5358883,true,שריר בשר מס `8 חלק.,נטו מלינדה סחר בעמ,,,"ק""ג",1,,true,1,34.90,34.90,false,1,
5384868,true,בסגנון דנאבלו למעדניה וילי פוד,ג.וילי פוד אינטרנשיונל בעמ,,,"ק""ג",1000,ל גרם,true,1,84.90,8.49,true,1,
5384899,true,בסגנון פטה ים תיכונית 19%שומן שקיל,ג.וילי פוד אינטרנשיונל בעמ,,,"ק""ג",1,,true,1,22.90,22.90,true,1,
5387043,true,צלעות מס 2 חלק רבנות,בלדי בעמ,,,"ק""ג",1,"ק""ג",true,1,34.90,34.90,true,1,
5431883,true,מלבי חלבי 165ג. תנובה,תנובה בעמ ***,,,"י""ח",165,"ל מ""ל",false,1,6.90,4.18,false,1,
5431913,true,עוגת גבינה פירורים 92ג(. תנובה),תנובה בעמ ***,,,"י""ח",92,"ל מ""ל",false,1,7.70,8.37,false,1,
5431968,true,מלבי שמנת 150ג,תנובה בעמ ***,,,"י""ח",150,"ל מ""ל",false,1,6.90,4.60,false,1,
5559907,true,פיצה משפחתית גבינה 500 ג מעדנות,תנובה בשר,,,"י""ח",500,ל גרם,false,1,25.50,5.10,true,1,
5559990,true,בצק פילאס טורקי,תנובה בשר,,,"י""ח",600,ל גרם,false,1,22.90,3.82,false,1,
5678028,true,ענבים טלי לבן,ביכורי השדה צפון 1994 ג.ד. בעמ,,,"ק""ג",1,,true,1,25.90,25.90,false,1,
5678035,true,ענבים זני,ביכורי השדה צפון 1994 ג.ד. בעמ,,,"ק""ג",1,,true,1,25.90,25.90,false,1,
5678202,true,ענבים אדומים,ביכורי השדה צפון 1994 ג.ד. בעמ,,,"ק""ג",1,,true,1,16.90,16.90,false,1,
5678318,true,ענב טלי בוטיק אוטם קריספי,ביכורי השדה צפון 1994 ג.ד. בעמ,,,"ק""ג",1,,true,1,25.90,25.90,false,1,
5678325,true,ענב טלי,ביכורי השדה צפון 1994 ג.ד. בעמ,,,"ק""ג",1,,true,1,25.90,25.90,false,1,
5678332,true,ענבים שחורים ארומטיים ואקזוטיים.,ביכורי השדה צפון 1994 ג.ד. בעמ,,,"ק""ג",1,,true,1,16.90,16.90,false,1,
5678387,true,ענב טלי,ביכורי השדה צפון 1994 ג.ד. בעמ,,,"ק""ג",1,,true,1,16.90,16.90,false,1,
5678417,true,ענבים טלי לבן,ביכורי השדה צפון 1994 ג.ד. בעמ,,,"ק""ג",1,,true,1,25.90,25.90,false,1,
5678455,true,ענבים אדומים,ביכורי השדה צפון 1994 ג.ד. בעמ,,,"ק""ג",1,,true,1,16.90,16.90,false,1,
5678585,true,ענב סקרלוטה אדום מארז,ביכורי השדה צפון 1994 ג.ד. בעמ,,,"ק""ג",1,,true,1,16.90,16.90,false,1,
5678738,true,ענב טלי,ביכורי השדה צפון 1994 ג.ד. בעמ,,,"ק""ג",1,,true,1,25.90,25.90,false,1,
5678745,true,ענב אדום ארוז,ביכורי השדה צפון 1994 ג.ד. בעמ,,,"ק""ג",1,,true,1,16.90,16.90,false,1,
5678806,true,ענב אדום ארוז.,ביכורי השדה צפון 1994 ג.ד. בעמ,,,"ק""ג",1,,true,1,16.90,16.90,false,1,
5678844,true,ענבים לבן טימפסון,ביכורי השדה צפון 1994 ג.ד. בעמ,,,"ק""ג",1,,true,1,25.90,25.90,false,1,
5719080,true,פרנה עגולה אפוי קפוא פילסברי,ג נרל מילס ישראל בעמ,,,"י""ח",1,,false,1,4.90,4.90,false,1,
5719318,true,לחמניות המבורגר 4יח,****דין שיווק וקליה 2021 בעמ,,,"י""ח",4,"י""ח",false,1,12.90,3.23,false,1,
5992872,true,צפתית 5% במים}גד {.,מחלבות גד,,,"ק""ג",1,,true,1,62,62,false,1,
5996009,true,סלמי גליל מעושן 40ג.,מעדני יחיעם 1993 בעמ,,,"י""ח",40,ל גרם,false,1,21.90,54.75,false,1,
5996078,true,סרוולט הונגרי 125ג,מעדני יחיעם 1993 בעמ,,,"י""ח",125,ל גרם,false,1,25.90,20.72,false,1,
5996153,true,נקניק. צרפתיות פרמיום 280ג,מעדני יחיעם 1993 בעמ,,,"י""ח",280,ל גרם,false,1,20.90,7.46,true,1,
5996221,true,פסטרמה של פעם דק דק 120ג,מעדני יחיעם 1993 בעמ,,,"י""ח",120,ל גרם,false,1,14.90,12.42,true,1,
5996238,true,פסטרמה בדבש דק דק 120ג,מעדני יחיעם 1993 בעמ,,,"י""ח",120,ל גרם,false,1,14.90,12.42,true,1,
5996276,true,פסטרמה ברביקיו דק דק 120ג,מעדני יחיעם 1993 בעמ,,,"י""ח",120,ל גרם,false,1,14.90,12.42,true,1,
5996740,true,סלמי פפרוני 300ג,מעדני יחיעם 1993 בעמ,,,"י""ח",300,ל גרם,false,1,24.90,8.30,true,1,
6271174,true,ג חנון בצק}מעדנות 700 ג,תנובה בשר,,,"י""ח",700,ל גרם,false,1,18.90,2.70,false,1,
6306296,true,רביולי גבינה לילדים 400ג,מחלבות גד,,,"י""ח",400,ל גרם,false,1,23.90,5.98,false,1,
6342645,true,טורטיה גדולה 840 ג 12 יח`,דין שיווק וקליה 2021 בעמ,,,"י""ח",840,ל גרם,false,1,14.90,1.77,false,1,
6459961,true,אובלט קימל תמר 282 גרם,ציון תורגמן בעמ,,,"י""ח",282,ל גרם,false,1,12.90,4.57,false,1,
6459978,true,אובלט שומשום 282 גרם,ציון תורגמן בעמ,,,"י""ח",282,ל גרם,false,1,12.90,4.57,false,1,
6511706,true,גבינת גאודה עם כמון שקיל,ג.וילי פוד אינטרנשיונל בעמ,,,"ק""ג",1,"ק""ג",true,1,110,110,true,1,
6582539,true,חמוציות 250ג,דין שיווק וקליה 2021 בעמ,,,"י""ח",250,ל גרם,false,1,11.90,4.76,false,1,
6632111,true,ביצי דג קפוא ארוז,דגי מהדרין בעמ,,,"י""ח",250,ל גרם,false,1,26.90,10.76,true,1,
6640024,true,מגש קרטון קטן,צבע ומכחול (2014) בעמ,,,"י""ח",1,,false,1,4.90,4.90,false,1,
6738615,true,קבב זהב 400גר`,זוגלובק שיווק בעמ,,,"י""ח",400,ל גרם,false,1,22.90,5.73,true,1,
6739124,true,בצק פילאס 500גר זוגלובק,זוגלובק שיווק בעמ,,,"י""ח",500,ל גרם,false,1,20.50,4.10,true,1,
6739131,true,בצק פילו 500גר זוגלובק,זוגלובק שיווק בעמ,,,"י""ח",500,ל גרם,false,1,16.90,3.38,true,1,
6739421,true,מעושן איטלקי 300גר`,זוגלובק שיווק בעמ,,,"י""ח",300,ל גרם,false,1,29.90,9.97,true,1,
6739445,true,שניצל תירס קלאסי 750גר`,זוגלובק שיווק בעמ,,,"י""ח",750,ל גרם,false,1,28.70,3.83,true,1,
6742315,true,חזה הודו ברביקיו 330גר`,זוגלובק שיווק בעמ,,,"י""ח",330,ל גרם,false,1,29.90,9.06,true,1,
6764065,true,נשר מאלט }500 חוזר{,טמפו משקאות בעמ,,,"י""ח",500,"ל מ""ל",false,1,5.90,0.94,true,1,
6764072,true,"גולדסטאר 500 מ""ל}חוזר{",טמפו משקאות בעמ,,,"י""ח",500,"ל מ""ל",false,1,7.90,1.34,false,1,
6764157,true,"בירה גולדסטאר לא מסונן חוזר 500מ""ל",טמפו משקאות בעמ,,,"י""ח",500,"ל מ""ל",false,1,7.90,1.34,false,1,
6764737,true,נשר מאלט 500 דיאט}חוזר{,טמפו משקאות בעמ,,,"י""ח",500,"ל מ""ל",false,1,5,0.76,true,1,
6804754,true,פרצל,ג נרל מילס ישראל בעמ,,,"י""ח",150,ל גרם,false,1,4.50,3,true,1,
6805362,true,חצי בגט מאפית אפיה מקומית.,ג נרל מילס ישראל בעמ,,,"י""ח",1,,false,1,3.30,3.30,true,1,
6941466,true,שמן קנולה 1 ליטר שווה,ח.כהן סוכנויות מזון ומשקאות***,,,"י""ח",1,ליטר,false,1,10.90,10.90,false,1,
6960023,true,"כרוב כבוש 1ק""ג",מאמא מרי בעמ,,,"י""ח",1,"ק""ג",false,1,18.90,18.90,false,1,
6960429,true,"כרוב בולגרי 1ק""ג",מאמא מרי בעמ,,,"י""ח",1,"ק""ג",false,1,18.90,18.90,false,1,
8000796,true,סופרמן משחת שיניים לילדים,גורי ע.ע.ע. בעמ,,,"י""ח",1,,false,1,10.90,10.90,false,1,
8101318,true,קריספי פירורי לחם זהוב 300גר,א.ל.יצור ושיווקתבלינים בעמ,,,"י""ח",300,ל גרם,false,1,6.90,2.30,true,1,
8101356,true,קריספי פאנקו זהוב 300גר,א.ל.יצור ושיווקתבלינים בעמ,,,"י""ח",300,ל גרם,false,1,9.90,3.30,true,1,
8102469,true,קריספי פירורי לחם זהוב 800גר,א.ל.יצור ושיווקתבלינים בעמ,,,"י""ח",800,ל גרם,false,1,11.90,1.49,false,1,
8175760,true,גבינת מנצ`יגו(חלב כבשים)למעדניה,ג.וילי פוד אינטרנשיונל בעמ,,,"ק""ג",1,"ק""ג",true,1,113.90,113.90,true,1,
8175777,true,גבינת איבריקו למעדניה,ג.וילי פוד אינטרנשיונל בעמ,,,"ק""ג",1,"ק""ג",true,1,120,120,true,1,
8175814,true,"פטריות חתוך 400 גרם 8""",ג.וילי פוד אינטרנשיונל בעמ,,,"י""ח",400,ל גרם,false,1,5.40,1.35,false,1,
8211145,true,גבינה גאודה נטו.,א. סיימן סחר בעמ,,,"ק""ג",4.50,"ק""ג",true,1,99,22,true,1,
8345156,true,פילה מקרוסקה 2.5 קג שקיל,נטו מלינדה סחר בעמ,,,"ק""ג",1,,true,1,125,125,false,1,
8345163,true,מקרל שלם 2.5 קג שקיל,נטו מלינדה סחר בעמ,,,"ק""ג",1,,true,1,110.60,110.60,false,1,
8347730,true,סלמון הילטון מצונן,נטו מלינדה סחר בעמ,,,"ק""ג",1,,true,1,208,208,false,1,
8403917,true,גאודה פסטו ירוק שקיל,א. סיימן סחר בעמ,,,"ק""ג",1,,true,1,144,144,true,1,
8409049,true,מיני מיני שניצלונים בציפוי שומשום,תנובה בשר,,,"י""ח",1,,false,1,29.50,29.50,false,1,
8409216,true,.שניצל דק דק פריך 700גר`,תנובה בשר,,,"י""ח",700,ל גרם,false,1,42.90,6.13,false,1,
8409407,true,שניצל דק בציפוי צ`יפס 700גר`,תנובה בשר,,,"י""ח",700,ל גרם,false,1,42.90,6.13,false,1,
8455732,true,שניצל פרוס עוף לנדא}קפוא{,עוף ירושלים שיווק בעמ,,,"ק""ג",1,"ק""ג",true,1,54.90,54.90,false,1,
8464130,true,גולדסטאר UF שישייה לא מסונן,טמפו משקאות בעמ,,,"י""ח",1.98,ליטר,false,1,51.40,25.05,true,1,
8464611,true,"סודה טמפו 275 מ""ל.",טמפו משקאות בעמ,,,"י""ח",275,"ל מ""ל",false,1,3.90,1.31,true,1,
8464741,true,גולדסטאר 330 מייל שישייה.,טמפו משקאות בעמ,,,"י""ח",1980,"ל מ""ל",false,1,35.90,1.72,true,1,
8466639,true,רוגלך ירושלמי ברלס,הלל בן הלל שיווק ומסחר בעמ,,,"י""ח",250,ל גרם,false,1,19.90,7.96,false,1,
8466806,true,מארז שניק וניל 500ג מחנה יהודה,הלל בן הלל שיווק ומסחר בעמ,,,"י""ח",500,ל גרם,false,1,17.90,3.58,true,1,
8493710,true,פירורי גריסיני זהב 200ג,דנשר (1963) בעמ,,,"י""ח",200,ל גרם,false,1,7.90,3.95,false,1,
8496742,true,אצבעות אמנון בציפוי פירורי לחם ושומשום,***אדום גרופ למזון שיווק***,,,"י""ח",1,,false,1,19.90,19.90,true,1,
8500159,true,עוגת שמרים גבינה,ג נרל מילס ישראל בעמ,,,"י""ח",500,ל גרם,false,1,24.90,4.98,true,1,
8631952,true,כנפיים לחמין לנדא}קפוא{,נטו מלינדה סחר בעמ,,,"ק""ג",1,"ק""ג",true,1,10.90,10.90,false,1,
8670012,true,"יין רקנאטי קברנה סוביניון 750מ""ל",היכל היין שקד גולן בעמ,,,"י""ח",750,"ל מ""ל",false,1,54.90,7.28,true,1,
8670029,true,"יין רקאנטי מרלו 750 מ""ל",היכל היין שקד גולן בעמ,,,"י""ח",750,"ל מ""ל",false,1,54.90,7.28,true,1,
8739955,true,רחנים,מוסקו בעמ,,,"י""ח",1,,false,1,12,12,false,1,
8747547,true,"תפוצ יפס קראנץ טבעי 200ג כשל""פ",שטראוס פריטו ליי בעמ,,,"י""ח",200,ל גרם,false,1,12.20,6.10,true,1,
8801522,true,K.D קונקורד,אגודת הכורמים,,,"י""ח",750,"ל מ""ל",false,1,21.90,2.88,true,1,
8801546,true,K.D מוסקט כרמל 0.75 ל,אגודת הכורמים,,,"י""ח",750,"ל מ""ל",false,1,21.90,2.88,true,1,
8801843,true,סלקטד קברנה סובניון 0.75,אגודת הכורמים,,,"י""ח",750,"ל מ""ל",false,1,29.90,3.95,true,1,
8801850,true,סלקטד ריזלינג 0.75 ל,אגודת הכורמים,,,"י""ח",750,"ל מ""ל",false,1,29.90,3.95,true,1,
8802291,true,"PC מרלו פ.קולקשיין 750מ""ל",אגודת הכורמים,,,"י""ח",750,"ל מ""ל",false,1,39.90,5.28,true,1,
8802512,true,VINO אדום כרמל 750,אגודת הכורמים,,,"י""ח",750,"ל מ""ל",false,1,21.90,2.88,true,1,
8802529,true,VINO לבן כרמל 0.75 ל,אגודת הכורמים,,,"י""ח",750,"ל מ""ל",false,1,19.90,2.61,true,1,
8805520,true,סלקטד קברנה מרלו 0.75 ל,אגודת הכורמים,,,"י""ח",750,"ל מ""ל",false,1,29.90,3.95,true,1,
8805964,true,הסדרה האזורית קברנה שיראז 750 מייל,אגודת הכורמים,,,"י""ח",750,"ל מ""ל",false,1,59.90,7.95,true,1,
8836401,true,יין ישן נושן 1 ליטר,יקבי טפרברג 1870 בעמ,,,"י""ח",1,ליטר,false,1,21.90,21.90,false,1,
8836494,true,מיץ ענבים תירוש 1 ליטר יבול נוכרי,יקבי טפרברג 1870 בעמ,,,"י""ח",1,ליטר,false,1,16.90,16.90,true,1,
8899093,true,לחם איטלקי,ג נרל מילס ישראל בעמ,,,"י""ח",1,,false,1,7.90,7.90,false,1,
8899321,true,חלה רגילה קלועה (אפיה מקומית).,ג נרל מילס ישראל בעמ,,,"י""ח",570,ל גרם,false,1,10.90,1.91,true,1,
8899345,true,שמינייה כפרית קלועה פילסבר..,ג נרל מילס ישראל בעמ,,,"י""ח",1,,false,1,3.90,3.90,true,1,
8899376,true,לחמניה פילסברי קשר.אפיה מקומית,ג נרל מילס ישראל בעמ,,,"י""ח",1,,false,1,2.50,2.50,true,1,
8899505,true,בגט ארוך לבן (אפיה מקומית),ג נרל מילס ישראל בעמ,,,"י""ח",250,ל גרם,false,1,4.90,1.96,true,1,
8899512,true,בגט כפרי (אפיה מקומית),ג נרל מילס ישראל בעמ,,,"י""ח",1,,false,1,4.50,4.50,true,1,
8899956,true,לחמניה קוראסול פילסברי,ג נרל מילס ישראל בעמ,,,"י""ח",150,ל גרם,false,1,4.50,3,true,1,
8989091,true,פריכיות אורז שלישיה B D,בטר אנד דיפרנט בעמ,,,"י""ח",310,ל גרם,false,1,13.90,4.48,false,1,
8989695,true,חיטה תפוחה עם דבש 400 גר(שלווה),בטר אנד דיפרנט בעמ,,,"י""ח",400,ל גרם,false,1,14.90,3.73,false,1,
8989855,true,פריכוני אורז,בטר אנד דיפרנט בעמ,,,"י""ח",1,"י""ח",false,1,4.90,4.90,false,1,
10672851,true,מאפינס חמישיות שוקו שוקו-צ`יפס,ג נרל מילס ישראל בעמ,,,"י""ח",1,,false,1,11.90,11.90,false,1,
14205017,true,"צלחת קטנות""שווה""50יח",ח.כהן סוכנות מזון ומשקאות בע,,,"י""ח",30,"י""ח",false,1,10.90,0.36,false,1,
42101666,true,איירוויבז HP מנטה ואקליפטוס,מרס ריגלי ישראל בעמ,,,"י""ח",30,ל גרם,false,1,7,23.33,false,1,
42306788,true,איירוויבז HP מנטה ואוכמניות,מרס ריגלי ישראל בעמ,,,"י""ח",30,ל גרם,false,1,7,23.33,false,1,
54051157,true,אלפרו מעדן סויה שוקו 500 ג`,שטראוס גרופ בעמ,,,"י""ח",500,ל גרם,false,1,19.80,3.96,false,1,
72940754,true,"מילקי וניל רובין כשל""פ 135גר",שטראוס גרופ ***בעמ,,,"י""ח",130,"ל מ""ל",false,1,2.90,2.23,false,1,
72940761,true,"מילקי שוקו}שטראוס{רובין כשל""פ",שטראוס גרופ ***בעמ,,,"י""ח",130,"ל מ""ל",false,1,2.90,2.23,false,1,
72940952,true,מילקי פי2 קצפת 111גר,שטראוס גרופ ***בעמ,,,"י""ח",111,ל גרם,false,1,4.10,3.69,false,1,
72940976,true,כרוב אדום}אחלה{,שטראוס גרופ ***בעמ,,,"י""ח",250,ל גרם,false,1,8.40,3.36,false,1,
72940983,true,חומוס אחלה 250 גר.,שטראוס גרופ ***בעמ,,,"י""ח",250,ל גרם,false,1,8.30,3.32,false,1,
72941041,true,מיני מילקי שוקו,שטראוס גרופ ***בעמ,,,"י""ח",130,"ל מ""ל",false,1,2.10,1.62,false,1,
72945308,true,שמרים קוביות 50,שטראוס גרופ ***בעמ,,,"י""ח",50,ל גרם,false,1,3.80,7.60,false,1,
72961209,true,שמנית*,תנובה בעמ ***,,,"י""ח",200,"ל מ""ל",false,1,2.40,1.20,false,1,
72961223,true,גילה*,תנובה בעמ ***,,,"י""ח",200,"ל מ""ל",false,1,1.51,0.76,false,1,
72961506,true,"פרילי תות 125 מ""ל",תנובה בעמ ***,,,"י""ח",125,"ל מ""ל",false,1,3.70,2.96,false,1,
72961544,true,באדי תות,תנובה בעמ ***,,,"י""ח",125,"ל מ""ל",false,1,3,2.40,false,1,
72964422,true,שלי יוגורט 4.5% שומן,תנובה בעמ ***,,,"י""ח",200,"ל מ""ל",false,1,3,1.50,false,1,
72986370,true,גלידה פיינטים וניל,מוצרי איכות אמריקאיים בעמ,,,"י""ח",500,"ל מ""ל",false,1,29.90,5.98,true,1,
72986424,true,גלידה פיינטים קרם עוגיות,מוצרי איכות אמריקאיים בעמ,,,"י""ח",750,"ל מ""ל",false,1,29.90,3.99,true,1,
72986448,true,גלידה פיינטים טופי קראנץ,מוצרי איכות אמריקאיים בעמ,,,"י""ח",750,"ל מ""ל",false,1,29.90,3.99,true,1,
72986455,true,גלידה פיינטים ניו-יורק סופר,מוצרי איכות אמריקאיים בעמ,,,"י""ח",500,"ל מ""ל",false,1,29.90,5.98,true,1,
72986479,true,גלידה פיינטים צאנקי מנקי,מוצרי איכות אמריקאיים בעמ,,,"י""ח",500,"ל מ""ל",false,1,29.90,5.98,true,1,
72989425,true,גלידה פיינטים שוקולד בראוניס,מוצרי איכות אמריקאיים בעמ,,,"י""ח",750,"ל מ""ל",false,1,29.90,3.99,true,1,
72991374,true,טיים בודד,דובק בעמ,,,"י""ח",1,,false,1,29.50,29.50,false,1,
72991381,true,טיים ארוך בודד,דובק בעמ,,,"י""ח",1,,false,1,29.50,29.50,false,1,
72991886,true,גלידה פיינטים דולציה דה לצ ה,מוצרי איכות אמריקאיים בעמ,,,"י""ח",500,"ל מ""ל",false,1,29.90,5.98,true,1,
72993637,true,דני שוקולד בודד,שטראוס גרופ ***בעמ,,,"י""ח",125,"ל מ""ל",false,1,2.70,2.16,false,1,
72994061,true,פסק זמן GOOD 2,שטראוס גרופ בעמ,,,"י""ח",40,ל גרם,false,1,5.90,14.75,false,1,
76136184,true,פאל מל סלים בודד,גלוברנדס בעמ,,,"י""ח",1,,false,1,29.50,29.50,false,1,
80042556,true,עגבניות חתוכות 400ג MUTTI.,רסטרטו יבוא ושיווק בעמ,,,"י""ח",400,ל גרם,false,1,6.50,1.63,true,1,
80136194,true,קינדר הפי היפו 1/5 אגוזי לוז,פרימיום - חברה לדברי מתיקה ולמ,,,"י""ח",5,"י""ח",false,1,12.90,2.58,false,1,
80176800,true,נוטלה 750 גרם,פרימיום - חברה לדברי מתיקה ולמ,,,"י""ח",750,ל גרם,false,1,26.90,3.59,false,1,
80177173,true,נוטלה 350 גרם.,פרימיום - חברה לדברי מתיקה ולמ,,,"י""ח",3.50,"י""ח",false,1,14.90,4.26,false,1,
80177609,true,קינדר 50 גרם,פרימיום - חברה לדברי מתיקה ולמ,,,"י""ח",50,ל גרם,false,1,5.50,11,false,1,
80177616,true,קינדר אצבעות 100 גר,פרימיום - חברה לדברי מתיקה ולמ,,,"י""ח",1,,false,1,9.30,9.30,false,1,
80310167,true,קינדר אצבעות 126 גר,פרימיום - חברה לדברי מתיקה ולמ,,,"י""ח",126,ל גרם,false,1,10.90,8.65,true,1,
80769545,true,מנטוס טעם לימון בקבוק 60ג,ליימן שליסל,,,"י""ח",60,ל גרם,false,1,10.90,18.17,true,1,
80773429,true,מנטוס טעם תות בקבוק 60ג,ליימן שליסל,,,"י""ח",60,ל גרם,false,1,10.90,18.17,true,1,
80773443,true,מנטוס טעם פירות מנטה בקבוק 60ג,ליימן שליסל,,,"י""ח",60,ל גרם,false,1,10.90,18.17,true,1,
80790990,true,מנטוס טעם מנטה עדין בקבוק 60ג,ליימן שליסל,,,"י""ח",60,ל גרם,false,1,10.90,18.17,true,1,
80831402,true,סוכריות מנטה עדינה ללא סוכר,ליימן שליסל,,,"י""ח",100,ל גרם,false,1,6.90,6.90,true,1,
80832560,true,סוכריות מנטוס מרעננות ללא סוכר פירות י,ליימן שליסל,,,"י""ח",93,ל גרם,false,1,6.90,7.42,true,1,
80843184,true,מנטוס טעם ענבים בקבוק 60ג,ליימן שליסל,,,"י""ח",60,ל גרם,false,1,9.90,16.50,true,1,
80854753,true,סוכריות מנטה ללא סוכר,ליימן שליסל,,,"י""ח",100,ל גרם,false,1,6.90,6.90,true,1,
80862130,true,מנטוס מסטיק קופסא 28ג אבטיח,ליימן שליסל,,,"י""ח",28,ל גרם,false,1,4.90,17.50,true,1,
80864295,true,מנטוס בוקס וואיט מנטה עדינה 30 יח`,ליימן שליסל,,,"י""ח",60,ל גרם,false,1,9.90,16.50,true,1,
80896081,true,מנטוס טעם אבטיח בקבוק 60ג,ליימן שליסל,,,"י""ח",60,ל גרם,false,1,10.90,18.17,true,1,
80913467,true,מנטוס טעם מנטה בקבוק 60ג,ליימן שליסל,,,"י""ח",60,ל גרם,false,1,10.90,18.17,true,1,
80945468,true,מנטוס בוקס וואיט מנטה מתוקה 30 יח`,ליימן שליסל,,,"י""ח",60,ל גרם,false,1,9.90,16.50,true,1,
80979128,true,מנטוס טעם דובדבן בקבוק 60ג,ליימן שליסל,,,"י""ח",60,ל גרם,false,1,9.90,16.50,true,1,
80982470,true,מנטוס טעם מנטה חזק בקבוק 60ג,ליימן שליסל,,,"י""ח",60,ל גרם,false,1,9.90,16.50,true,1,
80986348,true,מנטוס בוקס וואיט מנטה 30 יח`,ליימן שליסל,,,"י""ח",60,ל גרם,false,1,9.90,16.50,true,1,
80995128,true,מנטוס טעם הדרים בתוספת ויטמין D,ליימן שליסל,,,"י""ח",60,ל גרם,false,1,9.90,16.50,true,1,
87108651,true,מנטוס מנטה 1\4,ליימן שליסל,,,"י""ח",1,,false,1,11.90,11.90,false,1,
87108712,true,מנטוס פירות 1\4,ליימן שליסל,,,"י""ח",150,ל גרם,false,1,11.90,7.93,false,1,
87311396,true,מנטוס גלילים מיקס פירות,ליימן שליסל,,,"י""ח",37.50,ל גרם,false,1,4,10.67,true,1,
90162800,true,"רד בול פחית 250 מ""ל",דיפלומט מפיצים (1968) בעמ**,,,"י""ח",250,"ל מ""ל",false,1,8.20,3.16,true,1,
9800800056,true,נוטלה גו 52ג,פרימיום - חברה לדברי מתיקה ולמ,,,"י""ח",52,ל גרם,false,1,5.90,11.35,true,1,
10900678148,true,רדיד אלומיניום דיימונד נון סטיק,גורי ע.ע.ע. בעמ,,,"י""ח",1,"י""ח",false,1,14.90,14.90,false,1,
11182700923,true,שעועית אדומה בהירה קינג קול 439גר,מור ים מרקטינג בעמ,,,"י""ח",439,ל גרם,false,1,11.90,2.71,false,1,
11210007253,true,טבסקו רוטב שום,ציון תורגמן בעמ,,,"י""ח",60,"ל מ""ל",false,1,10.90,18.17,true,1,
11210009387,true,טבסקו פלפל ירוק,ציון תורגמן בעמ,,,"י""ח",60,"ל מ""ל",false,1,10.90,18.17,false,1,
16000185517,true,פייבר וואן 555גר.,קבוצת אוסם סחר-שות.מוגבלת,,,"י""ח",460,ל גרם,false,1,34.60,7.52,true,1,
16000281684,true,נייטשר קראנצ`י פקאן 1/5,ליימן שליסל,,,"י""ח",210,ל גרם,false,1,21.90,10.43,true,1,
16000548404,true,נייטשר קראנצ`י שיבולת שועל ודבש 1/5,ליימן שליסל,,,"י""ח",210,ל גרם,false,1,21.90,10.43,true,1,
16000548602,true,נייטשר קראנצ`י קינמון 1/5,ליימן שליסל,,,"י""ח",210,ל גרם,false,1,21.90,10.43,true,1,
16000548909,true,נייטשר קראנצ`י בריאות מעורב 1/5,ליימן שליסל,,,"י""ח",210,ל גרם,false,1,21.90,10.43,true,1,
16229924263,true,"קרם קוקוס 250מ""ל",גורי מוצרי צריכה בעמ,,,"י""ח",250,"ל מ""ל",false,1,11.90,4.76,false,1,
18000701223,true,תערובת לעוגת שוק(פילסברי),ליימן שליסל,,,"י""ח",517,ל גרם,false,1,21.20,4.10,false,1,
22200956932,true,##ספיד סטיק ג ל-כחול,ש.שסטוביץ בעמ,,,"י""ח",51,ל גרם,false,1,19.90,39.02,true,1,
24000161035,true,עגבניות קצוצות דק במיץ עגב. מארז 3*400,ליימן שליסל,,,"י""ח",1.20,"ק""ג",false,1,13.90,11.58,false,1,
25675120037,true,מקלות חמוצות 100,גורי ע.ע.ע. בעמ,,,"י""ח",100,ל גרם,false,1,9.90,9.90,false,1,
25675120068,true,ממתק מקלות בטעם קולה,גורי ע.ע.ע. בעמ,,,"י""ח",100,ל גרם,false,1,9.90,9.90,false,1,
25675121027,true,חמצוצים 115גר`,גורי ע.ע.ע. בעמ,,,"י""ח",115,ל גרם,false,1,10.20,8.87,false,1,
31200001597,true,חמוציות אושן ספריי 170גר,ליימן שליסל,,,"י""ח",170,ל גרם,false,1,15.60,9.18,true,1,
34000148301,true,נטיפי שוקולד מריר לאפייה 340גר הרשי,ליימן שליסל,,,"י""ח",340,ל גרם,false,1,19.90,5.85,true,1,
34000196173,true,הרשי קוקיס קרים XL,ליימן שליסל,,,"י""ח",47,ל גרם,false,1,10.80,22.98,false,1,
34000442652,true,ריזס קבלה XL,ליימן שליסל,,,"י""ח",47,ל גרם,false,1,10.80,22.98,false,1,
34000470228,true,חטיפי שוקולד חלב ריזס מיניס 70גר,ליימן שליסל,,,"י""ח",70,ל גרם,false,1,7.70,11,false,1,
34000470563,true,ריזס מיניס ארזה משפחתית 215ג,ליימן שליסל,,,"י""ח",215,ל גרם,false,1,19.90,9.26,false,1,
34000544028,true,ממתק בטעם תות 198ג,ליימן שליסל,,,"י""ח",198,ל גרם,false,1,10,5.05,false,1,
34000544431,true,ליקרויץ 198 גרם -דובדבן,ליימן שליסל,,,"י""ח",1,,false,1,10,10,false,1,
34000996643,true,הרשי דרופס ארזה משפחתית 215ג,ליימן שליסל,,,"י""ח",215,ל גרם,false,1,19.90,9.26,false,1,
37600207188,true,חמאת קלאסי סקיפי,דיפלומט מפיצים (1968) בעמ**,,,"י""ח",462,ל גרם,false,1,20.90,4.52,false,1,
38000138638,true,פרינגלס פיצה 161 גר`פלקס,דיפלומט מפיצים (1968) בעמ**,,,"י""ח",161,ל גרם,false,1,9.90,6.15,true,1,
38000183690,true,פרינגלס מידי ברביקיו 71ג,דיפלומט מפיצים (1968) בעמ**,,,"י""ח",71,ל גרם,false,1,5.90,8.31,true,1,
38000232152,true,פרינגלס ברביקיו 161 גר`פלקס,דיפלומט מפיצים (1968) בעמ**,,,"י""ח",161,ל גרם,false,1,9.90,6.15,true,1,
38000232176,true,פרינגלס שמנת בצל 161 גר`פלקס,דיפלומט מפיצים (1968) בעמ**,,,"י""ח",161,ל גרם,false,1,9.90,6.15,true,1,
38000232183,true,7290002929642פרינגלס אוריגינל 149 גר`.,דיפלומט מפיצים (1968) בעמ**,,,"י""ח",149,ל גרם,false,1,9.90,6.64,true,1,
38527591053,true,דגנים מרובעים קי,שטראוס פריטו ליי בעמ,,,"י""ח",375,ל גרם,false,1,19.90,5.31,false,1,
38527591060,true,דגנים מרובעים,שטראוס פריטו ליי בעמ,,,"י""ח",453,ל גרם,false,1,19.90,4.39,false,1,
40000513568,true,שוקולד M M אריזה גדולה 156ג,מרס ריגלי ישראל בעמ,,,"י""ח",1560,ל גרם,false,1,11.90,0.76,false,1,
40000514480,true,סוכריות M M שוקו.,מרס ריגלי ישראל בעמ,,,"י""ח",1,,false,1,5.20,5.20,true,1,
40000514510,true,סוכריות M M פינאטס 48 ג,מרס ריגלי ישראל בעמ,,,"י""ח",1,,false,1,5.20,5.20,true,1,
40232885518,true,אוכמניות,ביכורי השדה צפון 1994 ג.ד. בעמ,,,"י""ח",1,,false,1,15.90,15.90,true,1,
41143028681,true,צימוקים בקופסא 400ג.,ר.ב. מוצרי דגנים בעמ,,,"י""ח",400,ל גרם,false,1,21.90,5.48,false,1,
46214372250,true,.עוגיות שטרודל 225 גרם תפוח מרבה,ש.שסטוביץ בעמ,,,"י""ח",225,ל גרם,false,1,9.90,4.40,true,1,
46214731552,true,עוגיות שוקו צ יפ מרבה,ש.שסטוביץ בעמ,,,"י""ח",225,ל גרם,false,1,9.90,4.40,true,1,
50000015474,true,פריסקיז דגים,קבוצת אוסם סחר-שות.מוגבלת,,,"י""ח",1.42,"ק""ג",false,1,39.10,27.54,false,1,
50000084500,true,פריסקייז מעדני השף,קבוצת אוסם סחר-שות.מוגבלת,,,"י""ח",1.42,"ק""ג",false,1,40.60,28.59,false,1,
50000100347,true,פריסקייז מעדני החתול,קבוצת אוסם סחר-שות.מוגבלת,,,"י""ח",1.40,"ק""ג",false,1,43.10,30.79,false,1,
50000168583,true,"פריסקיז אקסטרא קראנץ 1.43ק""ג.",קבוצת אוסם סחר-שות.מוגבלת,,,"י""ח",1.43,"ק""ג",false,1,43.80,30.63,false,1,
50000170180,true,פריסקיז עוף ברוטב 156גר`,קבוצת אוסם סחר-שות.מוגבלת,,,"י""ח",156,ל גרם,false,1,8.40,5.38,false,1,
50000225224,true,פריסקיז פריים פילה הודו ברוטב 156גר`,קבוצת אוסם סחר-שות.מוגבלת,,,"י""ח",156,ל גרם,false,1,8.90,5.71,false,1,
50000397587,true,אבקה להכנת משקה שוקולד חלב 6 שקיות,מור ים מרקטינג בעמ,,,"י""ח",121,ל גרם,false,1,21.90,18.10,false,1,
50000429042,true,פנסי פיטס כבד מעודן ועוף,קבוצת אוסם סחר-שות.מוגבלת,,,"י""ח",85,ל גרם,false,1,7.30,8.59,false,1,
55369901673,true,רבעיות אפרסק חתם סופר 452 גר,מור ים מרקטינג בעמ,,,"י""ח",452,ל גרם,false,1,15.90,3.52,false,1,
64144090051,true,תרסיס שמן פאם קנולה 148 ג,ליימן שליסל,,,"י""ח",148,"ל מ""ל",false,1,19.90,13.45,true,1,
70080000016,true,חרדל לחיץ,ציון תורגמן בעמ,,,"י""ח",360,ל גרם,false,1,14.70,4.08,false,1,
76840001767,true,גלידה פיינטים עם עוגיות חמאת בוטנים,מוצרי איכות אמריקאיים בעמ,,,"י""ח",750,"ל מ""ל",false,1,23.90,3.19,true,1,
76840100156,true,גלידה פיינטים צרי גרסיה,מוצרי איכות אמריקאיים בעמ,,,"י""ח",750,"ל מ""ל",false,1,29.90,3.99,true,1,
76840100583,true,גלידה פיינטים בצק עוגיות 473 מל,מוצרי איכות אמריקאיים בעמ,,,"י""ח",750,"ל מ""ל",false,1,29.90,3.99,true,1,
76840400218,true,"גלידת בן אנד גריס 473מ""לעוגת גבינה עם",מוצרי איכות אמריקאיים בעמ,,,"י""ח",473,"ל מ""ל",false,1,29.90,6.32,true,1,
77245110610,true,סוכריות מאסט מנטה ללא סוכ,שטראוס גרופ בעמ,,,"י""ח",80,ל גרם,false,1,9.60,12,false,1,
77975093085,true,סניידרס בייגלה בציפוי שוקולד חלב 141ג,ליימן שליסל,,,"י""ח",141,ל גרם,false,1,16.90,11.99,true,1,
77975094624,true,סניידרס שברי בייגל חמאת בונים 283גר,ליימן שליסל,,,"י""ח",340,ל גרם,false,1,15.90,4.68,true,1,
77975094631,true,סנדוויץ בייגל במילוי קרם צ דר 226ג.,ליימן שליסל,,,"י""ח",226,ל גרם,false,1,15.90,7.04,true,1,
77975094761,true,סניידרס שברי בייגל גבינת צ`דר 340גר,ליימן שליסל,,,"י""ח",340,ל גרם,false,1,15.90,4.68,true,1,
77975094778,true,"סניידרס שברי בייגל בצל,חרדל ודבש 340ג",ליימן שליסל,,,"י""ח",340,ל גרם,false,1,15.90,4.68,true,1,
77975095157,true,סניידרס שברי בגיילה טעם חלפיניו 318גר,ליימן שליסל,,,"י""ח",318,ל גרם,false,1,15.90,5,true,1,
80432402931,true,"וויסקי שיבאס רגאל 700מ""ל",טמפו משקאות בעמ,,,"י""ח",700,"ל מ""ל",false,1,129.90,18.51,true,1,
80518532743,true,שקית בלונים,שמחה זה אנחנו,,,"י""ח",1,,false,1,12,12,false,1,
89397344300,true,רוטב פסטה דינקולה ובזיליקום 737ג,מור ים מרקטינג בעמ,,,"י""ח",737,ל גרם,false,1,17.90,2.43,false,1,
613008753320,true,"אריזונה ג`נסנג ודבש 450מ""ל",טמפו משקאות בעמ,,,"י""ח",450,"ל מ""ל",false,1,7.40,1.58,true,1,
628154383659,true,דגני בוקר פרוטי פבלס 311גר,ר.ב. מוצרי דגנים בעמ,,,"י""ח",311,ל גרם,false,1,21.90,7.04,false,1,
649660432020,true,היל ויל שזיפים מיובשים 567 גרם,מור ים מרקטינג בעמ,,,"י""ח",567,"ל מ""ל",false,1,25.90,4.57,false,1,
666522900053,true,צ`יברס ריבת דומדמניות שחורות 340ג,מור ים מרקטינג בעמ,,,"י""ח",340,ל גרם,false,1,22.90,6.74,false,1,
666522900091,true,צ`יברס מרמלדת תפוזים בסגנון אנגלי 340גר,מור ים מרקטינג בעמ,,,"י""ח",340,ל גרם,false,1,22.90,6.74,false,1,
693493034470,true,פילה מקרל בשמן חמניות,ויצמן פרימיום בעמ,,,"י""ח",125,ל גרם,false,1,4.90,3.92,false,1,
693493034487,true,פילה סרדין בשמן זית,ויצמן פרימיום בעמ,,,"י""ח",125,ל גרם,false,1,6.50,5.20,false,1,
693493073721,true,פלטה הידורית 4 סירים H-X4,א.א אר אם פיתוח והשקעות בעמ,,,"י""ח",1,,false,1,329,329,false,1,
693493073738,true,מיחם 60 כוסות M-L10 הידור,א.א אר אם פיתוח והשקעות בעמ,,,"י""ח",1,,false,1,499,499,false,1,
693493073745,true,מיחם 40 כוסות M-L8 הידורית,א.א אר אם פיתוח והשקעות בעמ,,,"י""ח",1,,false,1,449,449,false,1,
693493073752,true,פלטה הידורית 6 סירים H-X6,א.א אר אם פיתוח והשקעות בעמ,,,"י""ח",1,,false,1,429,429,false,1,
693493102575,true,עגבניות שרי קלמרים,ביכורי השדה צפון 1994 ג.ד. בעמ,,,"י""ח",450,ל גרם,false,1,11.90,2.64,false,1,
693493120562,true,מיחם צבעוני קרם 40 כוסות M-LC8 הידורי,א.א אר אם פיתוח והשקעות בעמ,,,"י""ח",1,,false,1,449,449,false,1,
693493120579,true,מיחם צבעוני קרם 60 כוסות M-LC10 הידור,א.א אר אם פיתוח והשקעות בעמ,,,"י""ח",1,,false,1,499,499,false,1,
693493120586,true,מיחם צבעוני שחור 40 כוסות M-LB8 הידורית,א.א אר אם פיתוח והשקעות בעמ,,,"י""ח",1,,false,1,449,449,false,1,
693493120593,true,מיחם צבעוני שחור 60 כוסות M-LB10 הידור,א.א אר אם פיתוח והשקעות בעמ,,,"י""ח",1,,false,1,499,499,false,1,
693493120630,true,מיחם צבעוני רוז 40 כוסות M-LR8 הידור,א.א אר אם פיתוח והשקעות בעמ,,,"י""ח",1,,false,1,449,449,false,1,
693493120647,true,מיחם צבעוני רוז 60 כוסות M-LR10 הידור,א.א אר אם פיתוח והשקעות בעמ,,,"י""ח",1,,false,1,499,499,false,1,
693493120661,true,מיחם צבעוני אדום 40 כוסות M-LW8 הידורי,א.א אר אם פיתוח והשקעות בעמ,,,"י""ח",1,,false,1,449,449,false,1,
693493120678,true,מיחם צבעוני אדום 60 כוסות M-LW10 הידור,א.א אר אם פיתוח והשקעות בעמ,,,"י""ח",1,,false,1,499,499,false,1,
726367812239,true,ענבים לבן ארוז,ביכורי השדה צפון 1994 ג.ד. בעמ,,,"ק""ג",1,"ק""ג",true,1,25.90,25.90,false,1,
728229123590,true,צי פס אורגינל TERRA,מ.סידס ובנו בעמ,,,"י""ח",110,ל גרם,false,1,15.90,14.45,true,1,
729002864025,true,נבטי אלפלפא,ביכורי השדה צפון 1994 ג.ד. בעמ,,,"י""ח",1,,false,1,6.90,6.90,false,1,
737214555032,true,סט 5 סכיני שף+קולפן מבית SWISS מהגוני,אינטרסן (1996) בעמ,,,"י""ח",1,"י""ח",false,1,99.90,99.90,true,1,
753182231761,true,משקה אנרגיה בלו סיקס ללא סוכר,בני פאוזי שמשום (2009) בעמ,,,"י""ח",250,"ל מ""ל",false,1,4.50,1.68,true,1,
768404001640,true,גלידה פיינטים קפה,מוצרי איכות אמריקאיים בעמ,,,"י""ח",500,"ל מ""ל",false,1,29.90,5.98,true,1,
777915888299,true,"רוטב סויה ללא גלוטן 450מ""ל.",מור ים מרקטינג בעמ,,,"י""ח",450,"ל מ""ל",false,1,19.90,4.42,false,1,
807259441888,true,דבק סטיק 3יח,צבע ומכחול (2014) בעמ,,,"י""ח",1,,false,1,7.90,7.90,false,1,
835811004189,true,פרורי לחם מוזהבים 800 גרם הנמל,הנמל אריזות ושווק בעמ,,,"י""ח",800,ל גרם,false,1,13.20,1.65,false,1,
835811004417,true,ריבת חלב 340ג,הנמל אריזות ושווק בעמ,,,"י""ח",340,ל גרם,false,1,13.90,4.09,false,1,
835811004424,true,חלב מרוכז 340ג,הנמל אריזות ושווק בעמ,,,"י""ח",340,ל גרם,false,1,13.90,4.09,false,1,
839762000641,true,איילנד מנגו 1 ליטר,טמפו משקאות בעמ,,,"י""ח",1,ליטר,false,1,13.20,13.20,true,1,
839762000658,true,איילנד גויאבה 1 ליטר,טמפו משקאות בעמ,,,"י""ח",1,ליטר,false,1,13.20,13.20,true,1,
856591000055,true,עבאדי עוגיות מזרחיות קריספי -400,תה ויסוצקי (ישראל)בעמ,,,"י""ח",400,ל גרם,false,1,18.90,4.73,false,1,
856591000062,true,עבאדי עוגיות מזרחיות מלח -400,תה ויסוצקי (ישראל)בעמ,,,"י""ח",400,ל גרם,false,1,18.90,4.73,false,1,
856591000109,true,עבאדי עוגיות מזרחיות פריך במיוחד 400גר,תה ויסוצקי (ישראל)בעמ,,,"י""ח",400,ל גרם,false,1,18.90,4.73,false,1,
856591000918,true,מארז עבאדי חטיף טבעי 80גר,תה ויסוצקי (ישראל)בעמ,,,"י""ח",320,ל גרם,false,1,14.90,4.66,false,1,
884912359155,true,דגני בוקר האני באנצ רוסטד 340ג,ר.ב. מוצרי דגנים בעמ,,,"י""ח",340,ל גרם,false,1,21.90,6.44,true,1,
884912359162,true,דגני בוקר האני באנצ שקדים 340ג,ר.ב. מוצרי דגנים בעמ,,,"י""ח",340,ל גרם,false,1,22.90,6.74,true,1,
884912359414,true,דגני בוקר האני באנצ קינמון 340ג,ר.ב. מוצרי דגנים בעמ,,,"י""ח",340,ל גרם,false,1,21.90,6.44,true,1,
884912359483,true,דגני בוקר האני באנצ תות 340ג,ר.ב. מוצרי דגנים בעמ,,,"י""ח",340,ל גרם,false,1,21.90,6.44,true,1,
884912365200,true,דגני בוקר אוראו 311גר.,ר.ב. מוצרי דגנים בעמ,,,"י""ח",311,ל גרם,false,1,23.90,7.68,true,1,
884912377142,true,דגני בוקר האני באנצ וניל 340ג,ר.ב. מוצרי דגנים בעמ,,,"י""ח",340,ל גרם,false,1,21.90,6.44,true,1,
893594002051,true,חטיף פופקורן צ`יפס טעם גבינת צ`דר 28גר,שטראוס פריטו ליי בעמ,,,"י""ח",28,ל גרם,false,1,6.90,24.64,false,1,
3014260287030,false,ג`ילט סכיני גילוח חדפ לגבר יבוא מקביל,פארמה דיל (פ.א.ב.) שיווק והפצה,,,"י""ח",1,,false,1,7.90,7.90,true,1,
3014260289287,false,סכין גילוח גילט בלו 2 לנשים-חמישייה,דיפלומט מפיצים (1968) בעמ,,,"י""ח",1,,false,1,16.90,16.90,true,1,
3045206360609,false,"דזיטול נוזל מחטא בגדים בכביסה, 1 ליטר","יעקב יעקבי ובניו בע""מ",,,"י""ח",500,"ל מ""ל",false,1,23.90,4.78,true,1,
3046920028004,false,לינדט שוקולד אקסלנס מריר 70% 100 גר,לינדט ושפרונגלי קילשברג,,,"י""ח",100,ל גרם,false,1,17.90,17.90,true,1,
3046920028363,false,לינדט אקסלנס 85% מוצקי קקאו 100 גרם,לינדט ושפרונגלי קילשברג,,,"י""ח",100,ל גרם,false,1,17.90,17.90,true,1,
3046920028721,false,לינדט אקסלנס סטרוברי 100גר`,לינדט ושפרונגלי קילשברג,,,"י""ח",100,ל גרם,false,1,17.90,17.90,true,1,
3046920028752,false,שוקולד לינדט אקסלנס מינט 100 גרם,לינדט ושפרונגלי קילשברג,,,"י""ח",100,ל גרם,false,1,17.90,17.90,true,1,
3046920029759,false,אקסלנס שוקולד מריר 90% לינדט (100 גרם),לינדט ושפרונגלי קילשברג,,,"י""ח",100,ל גרם,false,1,17.90,17.90,true,1,
3069900201327,false,זיתים שחורים בשקית וואקום 400 גר,ויצמן פרימיום בעמ,,,"י""ח",400,ל גרם,false,1,10.90,2.73,false,1,
3073781161663,false,גבינה מותכת 18.5% שומן לה וואש קירי,בני ג`ורג` שוקחה (חיפה) בעמ,,,"י""ח",128,ל גרם,false,1,11.90,9.30,false,1,
3073781162790,false,גבינה מותכת בייבי בל 120 גרם,א. סיימן סחר בעמ,,,"י""ח",120,ל גרם,false,1,21.90,18.25,true,1,
3083681142983,false,שעועית עדינה קפואה בונדואל 600 גר`,קפוא-זן תעשיות מזון בעמ - תפוג,,,"י""ח",600,ל גרם,false,1,21.90,3.65,false,1,
3083681143010,false,אפונת גן קפואה בונדואל 600 גר`,קפוא-זן תעשיות מזון בעמ - תפוג,,,"י""ח",600,ל גרם,false,1,13.90,2.32,false,1,
3083681143041,false,גרעיני תירס קפואים בונדואל 600 גר`,קפוא-זן תעשיות מזון בעמ - תפוג,,,"י""ח",600,ל גרם,false,1,14.90,2.48,false,1,
3083681143652,false,פרוסות חציל בגריל קפואים בונדואל 600ג,קפוא-זן תעשיות מזון בעמ - תפוג,,,"י""ח",600,ל גרם,false,1,24.90,4.15,false,1,
3083681143690,false,פרוסות זוקיני בגריל קפואים בונדואל 600ג,קפוא-זן תעשיות מזון בעמ - תפוג,,,"י""ח",600,ל גרם,false,1,24.90,4.15,false,1,
3083681143720,false,חצאי פלפלים בגריל קפואים בונדואל 60,קפוא-זן תעשיות מזון בעמ - תפוג,,,"י""ח",600,ל גרם,false,1,24.90,4.15,false,1,
3161911229199,false,חמאה צרפתית רכה למריחה אל & ויר 250 גרם,א. סיימן סחר בעמ,,,"י""ח",250,ל גרם,false,1,23.90,9.56,true,1,
3178530402353,false,עוגות מיני מדלן קלאסי סאן מישל 175 גרם,סאן מישל ביסוויט,,,"י""ח",175,ל גרם,false,1,11.90,6.80,true,1,
3178530411478,false,ביסקוויטים גאלט עם חמאה ומלח ים,א. סיימן סחר בעמ,,,"י""ח",150,ל גרם,false,1,13.90,9.27,false,1,
3179732348913,false,פרייה מים מינרליים טבעיים מבעבעים 1 ליטר פלסטיק,נסטלה ווטרס ספלאי,,,"י""ח",1,ליטר,false,1,10.30,10.30,true,1,
3228022910023,false,חמאה צרפתית פריזידאן פרזידנט (200 גרם),סוסייטה בארייר דה אי,,,"י""ח",2,"י""ח",false,1,18.50,9.25,false,1,
3282554138911,false,כפיות לבן 100 יח PP ארקפלסט (40 בק`)*,ח.כהן סוכנות מזון ומשקאות בע,,,"י""ח",100,"י""ח",false,1,6.90,0.07,false,1,
3282554174957,false,כפות לבן 100 יח PP ארקפלסט (40 בק`)*,ח.כהן סוכנות מזון ומשקאות בע,,,"י""ח",100,"י""ח",false,1,9.90,0.10,false,1,
3387390320244,false,פיטנס דגני בוקר מחיטה מלאה עם פירות נסטלה 375 גרם,קבוצת אוסם סחר שותפות מוגבלת,,,"י""ח",375,ל גרם,false,1,22.90,6.11,true,1,
3387390525960,false,קראנץ' דגני בוקר עם שוקולד חלב נסטלה 500 גרם,קבוצת אוסם סחר שותפות מוגבלת,,,"י""ח",500,ל גרם,false,1,24.70,4.94,true,1,
3387390730852,false,פיטנס דגנים מחיטה מלאה ואורז נסטלה 375 גרם,קבוצת אוסם סחר-שות.מוגבלת,,,"י""ח",375,ל גרם,false,1,22.90,6.11,true,1,
3523230025652,false,"גבינת מיני בושה עם שום ועשי תיבול ועשבי, 125 גרם",א. סיימן סחר בעמ,,,"י""ח",125,ל גרם,false,1,24.90,19.92,false,1,
3574661487328,false,קרפרי מגני תחתון אורגינל פלוס 56 יח',הדקלאים אגודת שיתופי,,,"י""ח",58,"י""ח",false,1,19.90,0.34,true,1,
3574661552811,false,מגן תחתון קרפרי כותון אוורירי 56 יחידות,הדקלאים אגודת שיתופי,,,"י""ח",1,,false,1,18.90,18.90,true,1,
3574661554877,false,מגן תחתון קרפרי כותון מבושם 56 יחידות,הנסיך- מפעל לייצור ט,,,"י""ח",1,,false,1,18.90,18.90,true,1,
3600541956223,false,"גרנייה פיור לניקוי וטיפול בסימנים ופגעי עם מברשת 150 מ""ל",לוריאל ישראל קוסמטיקס בעמ,,,"י""ח",1,,false,1,29.90,29.90,false,1,
3608580730279,false,מרמלדת תפוזים 370 גר BONNE MAMAN,ר.ב. מוצרי דגנים בעמ,,,"י""ח",370,ל גרם,false,1,19.90,5.38,false,1,
3665468301723,false,אירוויק באז מבשם ומנטרל ריחות בניחוח לילות לבנים 237 מ'ל,רקיט בנקיזר (ניר איסט) בעמ,,,"י""ח",345,"ל מ""ל",false,1,14.90,4.32,true,1,
3800020472712,false,חטיף קיט קאט צאנקי פופקורן 42 ג',קבוצת אוסם סחר שותפות מוגבלת,,,"י""ח",42,ל גרם,false,1,3.90,9.29,true,1,
3838824127200,false,צבע לשיער פאלטה סמי קיט 3-0 חום כהה,שוורצקופף והנקל,,,"י""ח",1,,false,1,22.90,22.90,true,1,
3838824240275,false,צבע לשיער פאלטה סמי קיט 6-65 נוגט,שוורצקופף והנקל,,,"י""ח",1,,false,1,19.90,19.90,true,1,
3883133883132,false,סביבון,צבע ומכחול (2014) בעמ,,,"י""ח",1,,false,1,7.90,7.90,false,1,
4000417022004,false,ריטר ספורט שוקולד חלב מעולה עם צימוקים ואגוזי לוז 100 גרם,ריטר ספורט Ritter sport,,,"י""ח",100,ל גרם,false,1,9.90,9.90,true,1,
4000417025005,false,שוקולד מריר במילוי מרציפן ריטר ספורט 100 גרם,ריטר ספורט Ritter sport,,,"י""ח",100,ל גרם,false,1,9.90,9.90,true,1,
4000417026002,false,שוקולד ריטר ספורט פרלין 100 גרם חלב נוכרי,ריטר ספורט Ritter sport,,,"י""ח",100,ל גרם,false,1,9.90,9.90,true,1,
4000417211002,false,שוקולד חלב מעולה ממולא קרם קרמל מוקצף ושברי שקדים מומלחים,ריטר ספורט Ritter sport,,,"י""ח",100,ל גרם,false,1,9.90,9.90,true,1,
4000417212009,false,ריטר ספורט שוקולד מריר מעולה עם שקדים קצוצים וקליפות תפוז מסוכרות,ריטר ספורט Ritter sport,,,"י""ח",100,ל גרם,false,1,8.90,8.90,true,1,
4000417222008,false,שוקולד ריטר ספורט חלב+שברי אגוזים 100 גרם חלב נוכרי,ריטר ספורט Ritter sport,,,"י""ח",100,ל גרם,false,1,9.90,9.90,true,1,
4000417224002,false,"ריטר ספורט טבלת שוקולד מריר אגוזים, 100 גרם",ריטר ספורט Ritter sport,,,"י""ח",100,ל גרם,false,1,12.90,12.90,true,1,
4000417294005,false,שוקולד ריטר מוס קקאו 100 גרם חלב נוכרי,ריטר ספורט Ritter sport,,,"י""ח",100,ל גרם,false,1,9.90,9.90,true,1,
4000417298003,false,שוקולד ריטר ספורט קוקוס 100 גרם חלב נוכרי,ריטר ספורט Ritter sport,,,"י""ח",100,ל גרם,false,1,9.90,9.90,true,1,
4000417450302,false,שוקולד חלב ומריר ריטר ספורט מונדיאל 183ג,ליימן שליסל בעמ,,,"י""ח",183,ל גרם,false,1,19.90,10.87,false,1,
4000417626417,false,שוקולד חלב חמוציות ממותקות ושברי אגוזי לוז,ליימן שליסל בע`מ,,,"י""ח",100,ל גרם,false,1,9.90,9.90,true,1,
4000417708007,false,"שוקולד ריטר ספורט מריר שקד, 100 גרם",ריטר ספורט Ritter sport,,,"י""ח",100,ל גרם,false,1,12.90,12.90,true,1,
4000522009747,false,"מקלות בייגלה תפו""א צ'יו 80 גרם",טרופיקל דגיל תעשיות,,,"י""ח",80,ל גרם,false,1,4.40,5.50,false,1,
4000522061752,false,בייגלה צ'יו מקלות מלוחים 100 גרם,ר.ב. מוצרי דגנים בעמ,,,"י""ח",100,ל גרם,false,1,4.40,4.40,false,1,
4000539280740,false,לינדט אקסלנס 78% מוצקי קקאו 100 גרם,לינדט ושפרונגלי קילשברג,,,"י""ח",100,ל גרם,false,1,16.90,16.90,true,1,
4002575016253,false,מרציפן מצופה שוקולד זנטיס (100 גרם),הדקלאים אגודת שיתופי,,,"י""ח",100,ל גרם,false,1,13.40,13.40,false,1,
4002590703541,false,סוכריות קלפני תות בפחית 150גר,ליימן שליסל בע`מ,,,"י""ח",150,ל גרם,false,1,12.20,8.13,false,1,
4002720004371,false,קפה אספרסו קלוי וטחון 250 גרם BELLA CREMA,דנשר (1963) בעמ,,,"י""ח",250,ל גרם,false,1,16.90,6.76,false,1,
4002720005736,false,מליטה קפה לפילטר פרימיום 250 גרם,המאפיה של הרמן,,,"י""ח",250,ל גרם,false,1,16.90,6.76,false,1,
4004715020755,false,קישוטים לעוגה 3 צילינדרים בקופסא,היינץ צפון אמריקה מק,,,"י""ח",1,,false,1,13.90,13.90,false,1,
4005808229390,false,"ניוואה - ג'ל רחצה קול לגבר 500 מ""ל",אלפא ב.ד.ף בעמ,,,"י""ח",500,"ל מ""ל",false,1,16.90,3.38,true,1,
4005808366392,false,שפתון ליובש כחול קלאסי לבלו 48 גרם,טרופיקל דגיל תעשיות,,,"י""ח",1,,false,1,11.90,11.90,true,1,
4005808368280,false,שפתון ליובש דובדבן לבלו 48 גרם,טרופיקל דגיל תעשיות,,,"י""ח",1,"י""ח",false,1,11.90,11.90,true,1,
4005808850723,false,שפתון ליובש תות שדה לבלו,טרופיקל דגיל תעשיות,,,"י""ח",1,"י""ח",false,1,11.90,11.90,true,1,
4006387085407,false,שלישיית פילטר מקסטרא סודהסטרים,סודה סטרים ישראל בעמ,,,"י""ח",1,,false,1,139,139,true,1,
4008287051032,false,בירה קרומבאכר פילס 0.50 ליטר פחית,מנדלז סי.אר. פרודקשן,,,"י""ח",50,"ל מ""ל",false,1,9.90,19.20,true,1,
4008287058161,false,בירה קרומבאכר פילס 4.8% שישיה 6 * 330 מל,אגודת הכורמים -כרמל מזרחי,,,"י""ח",1.98,ליטר,false,1,37.90,18.23,true,1,
4008287905786,false,בירה קרומבאכר חיטה 5.3% פחית 500 מל,אגודת הכורמים -כרמל מזרחי,,,"י""ח",50,"ל מ""ל",false,1,9.90,19.20,true,1,
4009300524588,false,חליטת צמחים פומפדור פירות יער 20 יחידות,ש. שסטוביץ בע`מ,,,"י""ח",300,ל גרם,false,1,14.90,4.97,true,1,
4009300530206,false,תה חליטת פומפדור תפוח טורקי 20 יח,ש.שסטוביץ בעמ,,,"י""ח",44,ל גרם,false,1,15.90,36.14,false,1,
4009900379564,false,מסטיק טייפ בטעם פירות הובה בובה (56 גרם),מרס ריגלי קונפקשונרי,,,"י""ח",672,ל גרם,false,1,8.40,1.25,false,1,
4009900385824,false,מסטיק אורביט פפרמינט סטיקס משפחתי-חמישיות,"מרס ריגלי ישראל בע""מ",,,"י""ח",5,"י""ח",false,1,11.50,2.30,false,1,
4009900402965,false,אורביט וויט בטעם פירות בקבוקון 46מלבניות,"מרס ריגלי ישראל בע""מ",,,"י""ח",90,ל גרם,false,1,11.50,12.78,true,1,
4009900403023,false,אורביט וויט בטעם מנטה בקבוקון 46 מלבניות,"מרס ריגלי ישראל בע""מ",,,"י""ח",90,ל גרם,false,1,11.50,12.78,true,1,
4009900406918,false,מסטיק הובה בובה טייפ טריפל מיקס 56ג',מרס ריגלי קונפקשונרי,,,"י""ח",56,ל גרם,false,1,8.40,15,false,1,
4009900420129,false,מסטיק אורביט פרופשנל פפרמינט בקבוקון 64 גר',"מרס ריגלי ישראל בע""מ",,,"י""ח",90,ל גרם,false,1,11.50,12.78,true,1,
4009900426039,false,מסטיק מנטה אקליפטוס בקבוקון איירווייבס 64 גרם,"מרס ריגלי ישראל בע""מ",,,"י""ח",90,ל גרם,false,1,11.50,12.78,true,1,
4009900426121,false,מסטיק אורביט איירוויז בקבוקון אוכמניות 64ג',"מרס ריגלי ישראל בע""מ",,,"י""ח",90,ל גרם,false,1,11.50,12.78,true,1,
4009900455299,false,"סוכרית ג'לי אדומה 174 גרם ""סקיטלס""","מרס ריגלי ישראל בע""מ",,,"י""ח",174,ל גרם,false,1,11,6.32,false,1,
4009900465304,false,סוכריות סקיטלס פירות חמוצים 174 גרם,"מרס ריגלי ישראל בע""מ",,,"י""ח",174,ל גרם,false,1,11,6.32,false,1,
4009900479998,false,אורביט וויט אוכמניות בקבוקון 46 מלבניות,"מרס ריגלי ישראל בע""מ",,,"י""ח",90,ל גרם,false,1,11.50,12.78,true,1,
4009900482417,false,מסטיק אורביט פירות מנטה בקבוקון באבל מינט 45יח,"מרס ריגלי ישראל בע""מ",,,"י""ח",90,ל גרם,false,1,11.50,12.78,true,1,
4009900487283,false,מסטיק אורביט סטיקס מארז חמישייה ללס בטע,"מרס ריגלי ישראל בע""מ",,,"י""ח",5,"י""ח",false,1,11.50,2.30,false,1,
4009900500166,false,סוכריות פירות אדום סקיטלס בקבוקון 125ג',"מרס ריגלי ישראל בע""מ",,,"י""ח",1,,false,1,10.90,10.90,false,1,
4009900514996,false,מסטיק טעם תות בקבוקון אורביט 64 גרם,"מרס ריגלי ישראל בע""מ",,,"י""ח",90,ל גרם,false,1,11.50,12.78,true,1,
4009900531122,false,"מסטיק בטעם מנטה ספירמינט, 64 ג' פרופשיונל אורפיט","מרס ריגלי ישראל בע""מ",,,"י""ח",90,ל גרם,false,1,11.50,12.78,true,1,
4009900531573,false,סוכריות סקיטלס סמודיס בטעמי יוגורט ופירות,"מרס ריגלי ישראל בע""מ",,,"י""ח",174,ל גרם,false,1,8.90,5.11,false,1,
4009900534918,false,סקיטלס גאיינט פירות 141 גרם,מרס ריגלי ישראל בעמ,,,"י""ח",141,ל גרם,false,1,8.90,6.31,false,1,
4009900535540,false,מסטיק אורביט רפרשרס פפרמינט ללא סוכר 15.6גר',"מרס ריגלי ישראל בע""מ",,,"י""ח",15,ל גרם,false,1,3.90,26,false,1,
4009900536288,false,מסטיק אורביט רפרשרס פפרמינט בקבוקון ללא סוכר 67 גר',מרס ריגלי קונפקשונרי,,,"י""ח",67,ל גרם,false,1,11.90,17.76,false,1,
4009900536486,false,מסטיק אורביט רפרשרס באבלמינט בקבוקון ללא סוכר 67 גר',מרס ריגלי קונפקשונרי,,,"י""ח",67,ל גרם,false,1,11.90,17.76,false,1,
4009900539340,false,סוכריות ג`יינט פירות סקיטלס סאוור (141 ג,מרס ריגלי קונפקשונרי,,,"י""ח",141,ל גרם,false,1,8.90,6.31,false,1,
4009900539401,false,מסטייק אורבייט פייב באונוס מנטה HP,מרס ריגלי ישראל בעמ,,,"י""ח",15,ל גרם,false,1,3.90,26,false,1,
4009900539432,false,מסטייק אורבייט פייב באונוס אבטיח HP,מרס ריגלי ישראל בעמ,,,"י""ח",15,ל גרם,false,1,3.90,26,false,1,
4011800290030,false,חטיף חלבון עם שוקולד חלב ללא תוספת סוכר,מ.סידס ובנו בעמ,,,"י""ח",50,ל גרם,false,1,8.90,17.80,false,1,
4011800567613,false,מאגדת קורני מילק דרק & ואיט 120 גרם,מיוצר עי קונדיטוריית,,,"י""ח",1,,false,1,15.90,15.90,true,1,
4011800628512,false,חטיף קורני שוקולד חלב 6 יח 150 גר,מיוצר עי קונדיטוריית,,,"י""ח",150,ל גרם,false,1,15.90,10.60,true,1,
4011800630515,false,חטיף קורני שוקולד חלב ובננה 6 יח 150 גר,מיוצר עי קונדיטוריית,,,"י""ח",150,ל גרם,false,1,15.90,10.60,true,1,
4011800633516,false,קורני שוקולד מריר מעולה 58% קקאו 6*1,משה סידס ובנו בעמ,,,"י""ח",6,"י""ח",false,1,15.90,2.65,true,1,
4011800636517,false,קורני פרי שוקולד חלב מעולה ללא סוכר 6*1,מיוצר עי קונדיטוריית,,,"י""ח",6,"י""ח",false,1,15.90,2.65,true,1,
4014400900217,false,בונבונריית מרסי מבחר ממתקי שוקולד 400 גרם,קריניציה ויטמינה אס,,,"י""ח",400,ל גרם,false,1,50,12.50,true,1,
4014400904277,false,סוכריות בטעם מנטה אייס פרש סטורק 425 גרם,ליימן שליסל בע`מ,,,"י""ח",425,ל גרם,false,1,16.90,3.98,true,1,
4014400904376,false,סוכריות טופי בטעם שוקולד סטורק 325 גרם,קריניציה ויטמינה אס,,,"י""ח",325,ל גרם,false,1,16.90,5.20,true,1,
4014400904390,false,סוכריות טופי ממולא חלב סטורק 325 גרם,קריניציה ויטמינה אס,,,"י""ח",325,ל גרם,false,1,16.90,5.20,true,1,
4014400907902,false,"וורטרס אורגינל סוכריות חמאה ללא סוכר בקופסה
42 גרם",ליימן שליסל בע`מ,,,"י""ח",42,ל גרם,false,1,8.10,19.29,false,1,
4014400909692,false,וורטרס אורגינל סוכריות חמאה ללא סוכר בטעם קפוצי'ינו בקופסה 42 גרם,קריניציה ויטמינה אס,,,"י""ח",42,ל גרם,false,1,8.10,19.29,false,1,
4014400910063,false,סוכריות חמאה וורטרס אורגינל (135 גרם),ליימן שליסל בע`מ,,,"י""ח",135,ל גרם,false,1,12.80,9.48,true,1,
4014400914696,false,וורטרס אורגינל סוכריות ללא סוכר 80 גרם,ליימן שליסל בע`מ,,,"י""ח",1,,false,1,11,11,true,1,
4014400914924,false,"סוכריות בטעם קפה וורטר אורגינל לל""ס 80 גרם",קריניציה ויטמינה אס,,,"י""ח",1,,false,1,11,11,true,1,
4014400920857,false,וורטר אורגינל ללא סוכר בטעם שוקולד-שקית 70 גרם,קריניציה ויטמינה אס,,,"י""ח",70,ל גרם,false,1,11,15.71,true,1,
4014400923711,false,בונבוניירה שוקולד אגוזים טופיפי 125 גרם,ליימן שליסל בע`מ,,,"י""ח",125,ל גרם,false,1,13.90,11.12,true,1,
4015400564034,false,מגן תחתון אולוויז מגה פק לונג פלוס 58 יחידות,דיפלומט מפיצים (1986) בע`מ,,,"י""ח",58,"י""ח",false,1,24.90,0.43,true,1,
4015400681670,false,תחבושות אולוויז וליו פק לילה בטוח 18 יחידות,דיפלומט מפיצים (1986) בע`מ,,,"י""ח",1,,false,1,19.90,19.90,true,1,
4015400731719,false,תחבושות היגייניות אולוויז יום ולילה Day & Night,דיפלומט מפיצים (1986) בע`מ,,,"י""ח",1,,false,1,19.90,19.90,true,1,
4015400755241,false,תחבושות היגייניות אולוויז אולטרה נורמל - 28 יח',דיפלומט מפיצים (1986) בע`מ,,,"י""ח",1,,false,1,19.90,19.90,true,1,
4015600762742,false,שמפו יומיומי למניעת קשקשים הנוסחה הקלאסית,דיפלומט מפיצים (1986) בע`מ,,,"י""ח",500,"ל מ""ל",false,1,22.90,4.58,false,1,
4015600762902,false,"שמפו האד אנד שולדרס מנטול 500 מ""ל",דיפלומט מפיצים (1986) בע`מ,,,"י""ח",500,"ל מ""ל",false,1,22.90,4.58,false,1,
4015600763022,false,שמפו יומיומי למניעת קשקשים לשיער יבש/פגום לשיער רך כמשי,דיפלומט מפיצים (1986) בע`מ,,,"י""ח",500,"ל מ""ל",false,1,22.90,4.58,false,1,
4017100219900,false,בלזן וופלטן וופל מגולגל מצופה שוקולד חלב 100 גרם,הדקלאים אגודת שיתופי,,,"י""ח",100,ל גרם,false,1,13.90,13.90,true,1,
4022025001905,false,"יין בלו ווין מבעבע זהב כשר 750מ""ל",היכל היין שקד גולן בעמ,,,"י""ח",750,"ל מ""ל",false,1,59.90,7.95,true,1,
4022025001943,false,"יין בלו ווין מבעבע רוזה כשר 750מ""ל",היכל היין שקד גולן בעמ,,,"י""ח",750,"ל מ""ל",false,1,59.90,7.95,true,1,
4022025261002,false,"בלו ווין גוורצטרמינר כשר 750 מ""ל",היכל היין שקד גולן בעמ,,,"י""ח",750,"ל מ""ל",false,1,49.90,6.61,true,1,
4025700001962,false,מילקה טבלה 100 גר' לבן 1/22 (4248023),דיפלומט מפיצים (1968) בעמ**,,,"י""ח",100,ל גרם,false,1,7.90,7.90,true,1,
4033100024146,false,סיגריות ווינסטון קוד בודד,גלוברנדס בעמ - שיווק סיגריות,,,"י""ח",1,,false,1,31,31,false,1,
4033100024252,false,סיגריות ווינסטון אקווה בודד,גלוברנדס בעמ - שיווק סיגריות,,,"י""ח",1,,false,1,31,31,false,1,
4066600999614,false,"בירה פאולנר, בירת חיטה מעוננת, בקבוק 500 מ""ל",טמפו משקאות בע`מ,,,"י""ח",500,"ל מ""ל",false,1,14,2.74,true,1,
4084500149526,false,טייד גל כביסה 2.48 ליטר אלפים רענן,דיפלומט מפיצים (1986) בע`מ,,,"י""ח",2.48,ליטר,false,1,29.90,12.06,false,1,
4084500853898,false,"נוזל כלים פיירי אלוורה ומלפפונים 515 מ""ל בד""צ",דיפלומט מפיצים (1986) בע`מ,,,"י""ח",515,"ל מ""ל",false,1,12.50,2.43,false,1,
4105120623941,false,"בירה ויינשטפן בק' ח""פ 500 מ""ל",החברה המרכזית להפצת משקאות בעמ,,,"י""ח",500,"ל מ""ל",false,1,11.90,2.32,true,1,
4600680013800,false,קיט קאט זברה 4 אצבעות 41.5גר,קבוצת אוסם סחר שותפות מוגבלת,,,"י""ח",41,ל גרם,false,1,3.90,9.51,true,1,
4605561012613,false,פילה דג הרינג קצוץ בשמן 400 גרם,דילר בי.אם.די. פורמולה בעמ,,,"י""ח",400,ל גרם,false,1,15.90,3.98,true,1,
4607026342495,false,יין מבעבע לבן יבש מאוד אבראו דרסו,יורוסטנדרט בעמ,,,"י""ח",700,"ל מ""ל",false,1,41.90,5.94,false,1,
4640018993350,false,פיניש קוואנטום קפסולות ג'ל למדיח כלים לימון 30 יח',רקיט בנקיזר (ניר איסט) בעמ,,,"י""ח",30,"י""ח",false,1,43.90,1.46,true,1,
4640018993398,false,פיניש קוואנטום 60 יח' קפסולות ג'ל למדיח כלים,רקיט בנקיזר (ניר איסט) בעמ,,,"י""ח",45,"י""ח",false,1,61.90,1.38,true,1,
4710068001692,false,מאסטר קפה בטעם לאטה בפחית 240מ`ל,תאיט מרקטינג אנד דיסטריב,,,"י""ח",240,"ל מ""ל",false,1,7.20,2.88,true,1,
4710964170799,false,שומשום שחור קלוי 91 גרם,מזרח ומערב יבוא ושיווק,,,"י""ח",91,ל גרם,false,1,17.40,19.12,false,1,
4715896220086,false,דבק סלוטייפ,צבע ומכחול (2014) בעמ,,,"י""ח",10,"י""ח",false,1,4.50,0.45,false,1,
4770237049313,false,גלידת שמנת פלומביר בטעם וניל עם שקדים בציפוי צמקאו על מקל 63 גר' SVALIA,אייס דילר בי.אמ.די בעמ,,,"י""ח",63,ל גרם,false,1,5.90,9.37,true,1,
4770237056748,false,גלידת שמנת משובחת בטעם וניל בציפוי בטעם מסטיק SVALIA גר 58,אייס דילר בי.אמ.די בעמ,,,"י""ח",58,ל גרם,false,1,5.90,10.17,true,1,
4800888150080,false,"דאב - דאודורנט רול און לאישה פרש טאצ' מלפפונים 50 מ""ל",יוניליוור ישראל שיווק בע`מ,,,"י""ח",1,,false,1,19.90,19.90,true,1,
4810168001056,false,פילה דג הרינג מלוח מצונן בצנצנת חתיכות 260גרם,דילר בי.אם.די. פורמולה בעמ,,,"י""ח",260,ל גרם,false,1,17.90,6.88,false,1,
4810168018795,false,חתיכות פילה דג הרינג מלוח מצונן 200גרם,דילר בי.אם.די. פורמולה בעמ,,,"י""ח",200,ל גרם,false,1,13.90,6.95,true,1,
4810168024512,false,פילה דג הרינג מלוח מצונן עם תבלין בצנצנת חתיכות 260 גרם,דילר בי.אם.די. פורמולה בעמ,,,"י""ח",260,ל גרם,false,1,17.90,6.88,false,1,
4810168045562,false,פילה סלמון מעושן פ.קפוא 100ג מוכן לאכילה,דילר בי.אמ.די פורמולה בעמ,,,"י""ח",100,ל גרם,false,1,22.90,22.90,true,1,
4810168057435,false,חתיכות פילה דג XXLהרינג מלוח בשמן מצונן 400 גרם,דילר בי.אם.די. פורמולה בעמ,,,"י""ח",400,ל גרם,false,1,26.90,6.73,true,1,
4810168058975,false,חתיכות פילה דג הרינג סקנדינבי מלוח מצונן 260 גר,דילר בי.אם.די. פורמולה בעמ,,,"י""ח",260,ל גרם,false,1,17.90,6.88,false,1,
4810168058999,false,פילה דג הרינג סקנדינבי מלוח מצונן 250 גרם,דילר בי.אמ.די פורמולה בעמ,,,"י""ח",250,ל גרם,false,1,13.90,5.56,true,1,
4810168062163,false,"כיסונים פרווה במילוי תפו""א ופטריות מוקפאים 450 גר",דילר בי.אמ.די פורמולה בעמ,,,"י""ח",450,ל גרם,false,1,14.90,3.31,true,1,
4810168062194,false,בלינצ'ס במילוי גבינת טבורוג מוקפא 360 גר,דילר בי.אמ.די פורמולה בעמ,,,"י""ח",360,ל גרם,false,1,15.90,4.42,true,1,
4810168062200,false,בלינצ'ס פרווה במילוי דובדבן מוקפא 360 גר,דילר בי.אמ.די פורמולה בעמ,,,"י""ח",360,ל גרם,false,1,15.90,4.42,true,1,
4820034925546,false,"בירה לאגר צאזז לייט בקבוק 500 מ""ל -בודד",בני פאוזי שמשום (2009) בעמ,,,"י""ח",500,"ל מ""ל",false,1,3.90,0.72,true,1,
4820154722469,false,"גלידת שמנת בטעם וניל ""אסקימוס"" 80גר.",אייס דילר בי.אמ.די בעמ,,,"י""ח",80,ל גרם,false,1,5.90,7.38,true,1,
4823077602863,false,רושן סוכריות ג'לי קרייזי פצ'ולקה 200 גרם,דילר בי.אמ.די.אינטרנשויונל בעמ,,,"י""ח",200,ל גרם,false,1,6.90,3.45,true,1,
4823077608513,false,רושן סוכריות טופי חלב קורבקה 205 גרם,דילר בי.אמ.די.אינטרנשויונל בעמ,,,"י""ח",205,ל גרם,false,1,6.90,3.37,true,1,
4823077613203,false,שוקולד רושן מריר + פונדוק שלם 90 גר רושן,דילר בי.אמ.די.אינטרנשויונל בעמ,,,"י""ח",90,ל גרם,false,1,7.90,8.78,true,1,
4823077614675,false,ביסקוויט לקפה רושן בטעם חלב 185 גרם,דילר בי.אמ.די.אינטרנשויונל בעמ,,,"י""ח",185,ל גרם,false,1,3.90,2.11,true,1,
4823077614699,false,ביסקוויט לקפה רושן בטעם חמאה וניל 185 גרם,דילר בי.אמ.די.אינטרנשויונל בעמ,,,"י""ח",185,ל גרם,false,1,3.90,2.11,true,1,
4823077614804,false,שוקולד רושן חלב נוגט בטעם אוכמניות כחולות 90 גרם,דילר בי.אמ.די.אינטרנשויונל בעמ,,,"י""ח",90,ל גרם,false,1,4.90,5.44,true,1,
4823077617041,false,חטיף שוקולד רושן ממולה קרם קרמל 43 גרם,דילר בי.אמ.די.אינטרנשויונל בעמ,,,"י""ח",43,ל גרם,false,1,3.90,9.07,true,1,
4823077618901,false,בונבוניירה רושן דובדבן ליקר רום 150 גרם,דילר בי.אמ.די.אינטרנשויונל בעמ,,,"י""ח",150,ל גרם,false,1,12.90,8.60,true,1,
4823077621635,false,חטיף שוקולד רושן בטעם חלב 72 גרם,דילר בי.אמ.די.אינטרנשויונל בעמ,,,"י""ח",72,ל גרם,false,1,3.90,5.42,true,1,
4823077621659,false,חטיף שוקולד רושן בטעם אגוז 72 גר,דילר בי.אמ.די.אינטרנשויונל בעמ,,,"י""ח",72,ל גרם,false,1,3.90,5.42,true,1,
4823077624223,false,"רושן ממתקי סוכריות ג'ילי ""בוני פרוט"" בטעמי פירות 200 גר",דילר בי.אמ.די.אינטרנשויונל בעמ,,,"י""ח",200,ל גרם,false,1,6.90,3.45,true,1,
4823077625145,false,ממתקי שוקולד מריר עם דובדבן בליקר דובדבן,דילר בי.אמ.די.אינטרנשויונל בעמ,,,"י""ח",150,ל גרם,false,1,12.90,8.60,true,1,
4823077625589,false,וופל וואפרס חלב רושן 216 גר,דילר בי.אמ.די.אינטרנשויונל בעמ,,,"י""ח",216,ל גרם,false,1,6.90,3.19,true,1,
4823077625602,false,וופל וואפרס שוקולד רושן 216 גר,דילר בי.אמ.די.אינטרנשויונל בעמ,,,"י""ח",216,ל גרם,false,1,6.90,3.19,true,1,
4823077625626,false,וופל וואפרס אגוז רושן 216 גר,דילר בי.אמ.די.אינטרנשויונל בעמ,,,"י""ח",216,ל גרם,false,1,6.90,3.19,true,1,
4823077626203,false,שוקולד רושן אורירי מריר 80 גרם,דילר בי.אמ.די.אינטרנשויונל בעמ,,,"י""ח",80,ל גרם,false,1,6.90,8.63,true,1,
4823077626227,false,שוקולד רושן אורירי חלב 80 גרם,דילר בי.אמ.די.אינטרנשויונל בעמ,,,"י""ח",80,ל גרם,false,1,6.90,8.63,true,1,
4823077626241,false,שוקולד רושן אורירי לבן קרמל 80 גרם,דילר בי.אמ.די.אינטרנשויונל בעמ,,,"י""ח",80,ל גרם,false,1,6.90,8.63,true,1,
4823077626364,false,שוקולד רושן אורירי לבן 80 גרם,דילר בי.אמ.די.אינטרנשויונל בעמ,,,"י""ח",80,ל גרם,false,1,6.90,8.63,true,1,
4823077629136,false,שוקולד רושן חלב lacmuי 90 גרם,דילר בי.אמ.די.אינטרנשויונל בעמ,,,"י""ח",85,ל גרם,false,1,6.90,8.12,true,1,
4823077631474,false,קרקר קלאסי רושן 168 גר HI DAY,דילר בי.אמ.די.אינטרנשויונל בעמ,,,"י""ח",168,ל גרם,false,1,4.90,2.92,true,1,
4823077631856,false,גליליות ופל רושן קונפטו קוקוס 140 גרם,דילר בי.אמ.די.אינטרנשויונל בעמ,,,"י""ח",140,ל גרם,false,1,6.90,4.93,true,1,
4823077632112,false,וופל רושן בטעם קקאו חלב 216 גרם,דילר בי.אמ.די.אינטרנשויונל בעמ,,,"י""ח",216,ל גרם,false,1,6.90,3.19,true,1,
4823077632259,false,חטיף שוקולד רושן עם בוטנים 43 גרם,דילר בי.אמ.די.אינטרנשויונל בעמ,,,"י""ח",40,ל גרם,false,1,3.90,9.75,true,1,
4823077632570,false,שוקולד רושן BRUT מריר 85 גרם,דילר בי.אמ.די.אינטרנשויונל בעמ,,,"י""ח",85,ל גרם,false,1,6.90,8.12,true,1,
4823077633034,false,"גליליות וופל רושן ""קונאפטו"" קקאו 140 ג",דילר בי.אמ.די.אינטרנשויונל בעמ,,,"י""ח",140,ל גרם,false,1,6.90,4.93,true,1,
4823077633317,false,עוגיות שוקוצ'יפס LOVITA שוקולד עם חתיכות שוקולד 150 גרם,דילר בי.אמ.די.אינטרנשויונל בעמ,,,"י""ח",150,ל גרם,false,1,6.90,4.60,true,1,
4823077633324,false,עוגיות שוקוצ'יפס LOVITA עם חתיכות שוקולד 150 גרם,דילר בי.אמ.די.אינטרנשויונל בעמ,,,"י""ח",150,ל גרם,false,1,6.90,4.60,true,1,
4823077633331,false,עוגיות שוקוצ'יפס LOVITA בטעם תפוז 150 גרם,דילר בי.אמ.די.אינטרנשויונל בעמ,,,"י""ח",150,ל גרם,false,1,6.90,4.60,true,1,
4823077633348,false,עוגיות שוקוצ'יפס LOVITA עם חתיכות בוטנים 150 גרם,דילר בי.אמ.די.אינטרנשויונל בעמ,,,"י""ח",150,ל גרם,false,1,6.90,4.60,true,1,
4823077633508,false,חטיף שוקולד רושן במילוי קרם קקאו מצופה 34 גרם,דילר בי.אמ.די.אינטרנשויונל בעמ,,,"י""ח",34,ל גרם,false,1,3.90,11.47,true,1,
4823077633515,false,חטיף שוקולד רושן במילוי קרם חלבי מצופה 34 גרם,דילר בי.אמ.די.אינטרנשויונל בעמ,,,"י""ח",34,ל גרם,false,1,3.90,11.47,true,1,
4823077634192,false,עוגיות רושן LOVITA במילוי דובדבן וניל 168 גרם,דילר בי.אמ.די.אינטרנשויונל בעמ,,,"י""ח",168,ל גרם,false,1,6.90,4.11,true,1,
4823077634222,false,עוגיות Lovita ממולאות ג'לי תפוז מצופות צימקאו,דילר בי.אמ.די.אינטרנשויונל בעמ,,,"י""ח",168,ל גרם,false,1,6.90,4.11,true,1,
4823077634369,false,שוקולד רושן חלב אוורירי ופצפוצי אורז 85 גר LACMI CRISP,דילר בי.אמ.די.אינטרנשויונל בעמ,,,"י""ח",85,ל גרם,false,1,6.90,8.12,true,1,
4823077634376,false,שוקולד רושן חלב אוורירי קרם אגוזים lacmuי 85 גרם,דילר בי.אמ.די.אינטרנשויונל בעמ,,,"י""ח",85,ל גרם,false,1,6.90,8.12,true,1,
4823077635489,false,חטיף וופל רושן קרם קקאו JOHNY KROCKERי 350 גרם,דילר בי.אמ.די.אינטרנשויונל בעמ,,,"י""ח",350,ל גרם,false,1,16.90,4.83,true,1,
4823077635533,false,חטיף וופל רושן קרם חלב JOHNY KROCKERי 350 גרם,דילר בי.אמ.די.אינטרנשויונל בעמ,,,"י""ח",350,ל גרם,false,1,16.90,4.83,true,1,
4823077635809,false,"וופלים דקיקים רושן ""THINS"" בטעם קקאו 55 גר",דילר בי.אמ.די.אינטרנשיונל בעמ,,,"י""ח",55,ל גרם,false,1,4.90,8.91,true,1,
4823077636004,false,עוגיות Lovita ממולאות ג'לי דובדבן מצופות צימקאו,דילר בי.אמ.די.אינטרנשויונל בעמ,,,"י""ח",168,ל גרם,false,1,6.90,4.11,true,1,
4823077636073,false,עוגיות תות שדה LOVITAי 420 גרם,דילר בי.אמ.די.אינטרנשויונל בעמ,,,"י""ח",420,ל גרם,false,1,16.90,4.02,true,1,
4823077636172,false,וופל רושן בטעם לימון 216 גרם,דילר בי.אמ.די.אינטרנשויונל בעמ,,,"י""ח",216,ל גרם,false,1,6.90,3.19,true,1,
4823077636561,false,סוכריות ממולאות בטעם חלב קפה קפה לייק 378 גרם,דילר בי.אמ.די.אינטרנשויונל בעמ,,,"י""ח",378,ל גרם,false,1,11.90,3.15,true,1,
4823077636578,false,סוכריות טופי כוס חלב מילקי ספלאש 325 גרם,דילר בי.אמ.די.אינטרנשויונל בעמ,,,"י""ח",325,ל גרם,false,1,11.90,3.66,true,1,
4823077636585,false,סוכריות ג`לי טופי מינקי בינקי 325 גר` רו,דילר בי.אמ.די.אינטרנשויונל בעמ,,,"י""ח",325,ל גרם,false,1,11.90,3.66,true,1,
4823077636608,false,רושן סוכריות טופי במילוי שוקולד טופלין 325 גרם,דילר בי.אמ.די.אינטרנשויונל בעמ,,,"י""ח",325,ל גרם,false,1,11.90,3.66,true,1,
4840709002440,false,"ברנדי קווינט 3 500 מ""ל כשר",יורוסטנדרט בעמ,,,"י""ח",500,"ל מ""ל",false,1,69.90,13.92,false,1,
4860019001414,false,מים מינרליים 750 מל בורזוימי,האי נאם סי או אל.טי.,,,"י""ח",750,"ל מ""ל",false,1,9.70,1.25,false,1,
4895149084921,false,שלישיית נורות לד 12W=75W הברגה E27 אור,פוגיקום בעמ,,,"י""ח",1,,false,1,24.90,24.90,true,1,
4903001904192,false,רוטב סויה יאמאסה פרימיום 500מ`ל,הדקלאים אגודת שיתופי,,,"י""ח",500,"ל מ""ל",false,1,18.90,3.78,false,1,
4903001904208,false,רוטב סויה יאמאסה פרימיום 1 ליטר,הדקלאים אגודת שיתופי,,,"י""ח",1,ליטר,false,1,45.60,45.60,false,1,
5000146057710,false,ספריי רב שימושי לחלונות ומשטחים ווינדולין Windolene,רקיט בנקיזר (ניר איסט) בעמ,,,"י""ח",1.50,ליטר,false,1,9.90,6.60,true,1,
5000146401568,false,וולייט דפים למניעת העברת צבע 10 דפים,רקיט בנקיזר (ניר איסט) בעמ,,,"י""ח",1,"י""ח",false,1,15.90,15.90,false,1,
5000157143365,false,מתבל בטעם מיונז וקטשופ היינץ 425 גרם,דיפלומט מפיצים (1968) בעמ**,,,"י""ח",425,ל גרם,false,1,16.90,3.98,false,1,
5000159407236,false,מרס חטיף שוקולד עם קרמל 51 גרם,"מרס ריגלי ישראל בע""מ",,,"י""ח",51,ל גרם,false,1,4.90,9.61,true,1,
5000159409179,false,מארז סניקרס/מיניס משפחתי 403 גר,"מרס ריגלי ישראל בע""מ",,,"י""ח",403,ל גרם,false,1,25.90,6.43,false,1,
5000159442572,false,טויקס חטיף שוקולד מארז 403 גרם,"מרס ריגלי ישראל בע""מ",,,"י""ח",403,ל גרם,false,1,25.90,6.43,false,1,
5000159452540,false,סניקרס חטיף שוקולד עם בוטנים חמישייה ברי,"מרס ריגלי ישראל בע""מ",,,"י""ח",180,ל גרם,false,1,12.90,7.17,true,1,
5000159452663,false,מרס מארז חטיף 45 גרם חמישייה,"מרס ריגלי ישראל בע""מ",,,"י""ח",180,ל גרם,false,1,12.90,7.17,true,1,
5000159452977,false,מיקס שקית מיניס 400 גרם מרס-באונטי-טוויק,"מרס ריגלי ישראל בע""מ",,,"י""ח",403,ל גרם,false,1,25.90,6.43,false,1,
5000159461122,false,סניקרס חטיף שוקולד עם בוטנים 50 גרם,"מרס ריגלי ישראל בע""מ",,,"י""ח",51,ל גרם,false,1,4.90,9.61,true,1,
5000159536400,false,טוויקס סטיקס 99 קלוריות ליחידה 10 יח,מרס ריגלי ישראל בעמ,,,"י""ח",200,ל גרם,false,1,15.90,7.95,false,1,
5000159538626,false,טוויקס מארז חטיף 50 גרם חמישייה,"מרס ריגלי ישראל בע""מ",,,"י""ח",180,ל גרם,false,1,12.90,7.17,true,1,
5000159538640,false,באונטי מארז חטיף 57 גרם חמישייה,"מרס ריגלי ישראל בע""מ",,,"י""ח",180,ל גרם,false,1,12.90,7.17,true,1,
5000189974579,false,מארז מיני חטיפי קיט קט Kit Kat,קבוצת אוסם סחר שותפות מוגבלת,,,"י""ח",200,ל גרם,false,1,16.40,8.20,true,1,
5000204151053,false,"פלדג' אירוסול לניקוי רהיטים קלאסי 250 מ""ל","אס.סי ג'\ונסון, אירופלנט",,,"י""ח",250,"ל מ""ל",false,1,12.90,5.16,false,1,
5000204156218,false,מבשם אויר אוטומטי בניחוח לבנדר גלייד 269,יצרן אירוסול: קוסטור איר,,,"י""ח",269,"ל מ""ל",false,1,39.90,14.83,false,1,
5000267024233,false,"וויסקי ג'וני בלאק לייבל עם פורר 700מ""ל",החברה המרכזית להפצת משקאות בעמ,,,"י""ח",700,"ל מ""ל",false,1,129.90,18.51,false,1,
5010026515919,false,מוזלי קריספי נאטי מורנפלייק 650 גרם,מורנפלייק Mornflake,,,"י""ח",650,ל גרם,false,1,24.90,3.83,false,1,
5010026515940,false,מורנפלייק מוזלי פרוטי 750 גרם,מורנפלייק Mornflake,,,"י""ח",650,ל גרם,false,1,24.90,3.83,false,1,
5010182998847,false,דאק נוזל לניקוי אסלות בניחוח ים 750 מל,מיוצר עי קונדיטוריית,,,"י""ח",750,"ל מ""ל",false,1,8.90,1.19,false,1,
5010182998861,false,דאק נוזל לניקוי אסלות בניחוח רענן 750 מל,מיוצר עי קונדיטוריית,,,"י""ח",750,"ל מ""ל",false,1,8.90,1.19,false,1,
5010478485020,false,"סוכריות מטלוס לקריץ 1 ק""ג בשקית",שוקוטרייד בעמ,,,"י""ח",1,"ק""ג",false,1,33.90,33.90,false,1,
5010677551281,false,בריזר לימון בבקבוק בקרדי (275 מל),בקרדי בריזר Bacardi Breezer,,,"י""ח",275,"ל מ""ל",false,1,15.90,5.67,true,1,
5010677552387,false,"בקרדי בריזר אננס 275 מ""ל בקבוק",בקרדי בריזר Bacardi Breezer,,,"י""ח",275,"ל מ""ל",false,1,15.90,5.67,true,1,
5010677554398,false,בריזר אבטיח בבקבוק בקרדי (275 מל),בקרדי בריזר Bacardi Breezer,,,"י""ח",275,"ל מ""ל",false,1,15.90,5.67,true,1,
5010677850100,false,"וודקה צרפתית גריי גוס 700מ""ל",בקרדי מרטיני,,,"י""ח",750,"ל מ""ל",false,1,109.90,14.61,false,1,
5014271330426,false,מעדן אוכמניות כחולות ללא תוספת סוכר 284 גרם,סאן דלפור - שמבור,,,"י""ח",284,ל גרם,false,1,23.90,8.42,true,1,
5014271400426,false,"מעדן בטעם תות שדה לל""ס סאן דלפור 284 גרם",סאן דלפור - שמבור,,,"י""ח",284,ל גרם,false,1,23.90,8.42,true,1,
5014271560427,false,מעדן תפוז וג'ינג'ר ללא סוכר סאן דלפור 284 גר,סאן דלפור - שמבור,,,"י""ח",284,ל גרם,false,1,23.90,8.42,true,1,
5014379009972,false,בירה לאגר באדוויזר פחית 500 מל,הכרם -משקאות חריפים בע`מ,,,"י""ח",500,"ל מ""ל",false,1,8.90,1.72,true,1,
5029053039725,false,ממחטות נייר קלינקס נטורל פרש קופסה 72 דף,קימברלי קלארק ישראל שיווק בעמ,,,"י""ח",72,"י""ח",false,1,10.90,0.15,true,1,
5029053510828,false,תחבושות סופר פלוס עם כנפיים קוטקס 22יחידות,קימברלי קלארק ישראל שיווק בעמ,,,"י""ח",24,"י""ח",false,1,19.90,0.83,true,1,
5029053523446,false,קוטקס - תחבושות אולטרה נייט + כנפיים 20 יח',קימברלי קלארק ישראל שיווק בעמ,,,"י""ח",20,"י""ח",false,1,19.90,1,true,1,
5029053527581,false,האגיס תחתון ספיגה 4-7 בנות דריי נייטס 10 יחידות,קימברלי קלארק ישראל שיווק בעמ,,,"י""ח",1,"י""ח",false,1,38.90,38.90,false,1,
5029053534589,false,קוטקס טמפוני מיני B נורמל 32 יחידות,קימברלי קלארק ישראל שיווק בעמ,,,"י""ח",1,"י""ח",false,1,28.90,28.90,false,1,
5029053578309,false,קופסת ממחטות אולטרה סופט 48 דף קלינקס,קימברלי קלארק ישראל שיווק בעמ,,,"י""ח",48,"י""ח",false,1,7.90,0.16,false,1,
5050083559761,false,דגני בוקר קלוגס קוקו פופס שוקוס 500 גרם,קלוגס מניופקטורינג אספנה,,,"י""ח",500,ל גרם,false,1,20.90,4.18,false,1,
5060517886486,false,"משקה אנרגיה מונסטר אנרג'י בפחית 500 מ""ל",החברה המרכזית להפצת משקאות בעמ,,,"י""ח",500,"ל מ""ל",false,1,7,1.34,false,1,
5060639128051,false,"משקה אנרגיה מונסטר אולטרה בפחית 500 מ""ל",החברה המרכזית להפצת משקאות בעמ,,,"י""ח",500,"ל מ""ל",false,1,7,1.34,false,1,
5060639129102,false,"משקה אנרגיה מונסטר אנרג'י מנגו בפחית 500 מ""ל",החברה המרכזית להפצת משקאות בעמ,,,"י""ח",500,"ל מ""ל",false,1,7,1.34,false,1,
5060751219033,false,"משקה אנרגיה מונסטר אנרג'י זירו paradise בפחית 500 מ""ל",החברה המרכזית להפצת משקאות בעמ,,,"י""ח",500,"ל מ""ל",false,1,7,1.34,false,1,
5200133120476,false,גלילות וופלים ממולאים קרם אגוזים וקקאו 400 ג',דיפלומט מפיצים (1968) בעמ**,,,"י""ח",400,ל גרם,false,1,17.90,4.48,false,1,
5200133120483,false,גליליות וופלים 400 גרם וניל גולדן ברייק,דיפלומט מפיצים (1968) בעמ**,,,"י""ח",400,ל גרם,false,1,17.90,4.48,false,1,
5201004020338,false,גליליות קפריס קרם אגוזים שוקולד 400 גר,משה סידס ובנו בעמ,,,"י""ח",400,ל גרם,false,1,24.90,6.23,false,1,
5201085540084,false,סוכריות ג'ילי מיקס שקית 800 גר',בני פאוזי שמשום (2009) בעמ,,,"י""ח",800,ל גרם,false,1,15.90,1.99,false,1,
5201184478530,false,קישוטי עוגה נסיכה+גמדים,שמחה זה אנחנו,,,"י""ח",1,,false,1,10.70,10.70,false,1,
5208049002473,false,קנט ארוך קופסא בודדת,גלוברנדס בעמ,,,"י""ח",1,,false,1,36.50,36.50,false,1,
5208049006594,false,פאל מאל אקסטרה כחול קופסה,גלוברנדס בעמ - שיווק סיגריות,,,"י""ח",1,,false,1,27.50,27.50,false,1,
5391523058063,false,סימילאק אדבנס פלוס 1 תרכובת מזון על בסיס חלב,טרופיקל דגיל תעשיות,,,"י""ח",700,ל גרם,false,1,71.90,10.27,true,1,
5391523058070,false,סימילאק אדבנס פלוס 3 תרכובת מזון על בסיס חלב,טרופיקל דגיל תעשיות,,,"י""ח",700,ל גרם,false,1,71.90,10.27,true,1,
5391523058087,false,סימילאק אדבנס פלוס 2 תרכובת מזון על בסיס חלב,טרופיקל דגיל תעשיות,,,"י""ח",700,ל גרם,false,1,71.90,10.27,true,1,
5410126106022,false,לוטוס ביסקויט מארז חג 2*250ג.,דיפלומט מפיצים (1968) בעמ**,,,"י""ח",500,ל גרם,false,1,17.90,3.58,true,1,
5410126116953,false,ממרח ביסקוויט קרמל לוטוס (400 גרם),דיפלומט מפיצים (1968) בעמ**,,,"י""ח",312,ל גרם,false,1,22.90,7.34,false,1,
5410126726947,false,ממרח ביסקוויט קרמל קראנץ' לוטוס 380 גרם,דיפלומט מפיצים (1968) בעמ**,,,"י""ח",380,ל גרם,false,1,23.90,6.29,false,1,
5410228267515,false,"שישיית בירה לאגר באדוויזר 6*330 מ""ל",הכרם - משקאות חריפים בעמ,,,"י""ח",1.98,ליטר,false,1,31.70,15.10,true,1,
5410291021991,false,ממרח אגוזי לוז עם קקאו צ`וקטה (700 גרם),ש. שסטוביץ בע`מ,,,"י""ח",385,ל גרם,false,1,18.90,4.91,false,1,
5410316983693,false,וודקה סמירנוף אייס בודד 275 מ``ל.,החברה המרכזית להפצת משקאות בעמ,,,"י""ח",275,"ל מ""ל",false,1,14,4.98,false,1,
5411188094159,false,רביעיית מעדן סויה שוקו מריר אלפרו 125 גרם,הנסיך- מפעל לייצור ט,,,"י""ח",500,ל גרם,false,1,19.80,3.96,false,1,
5411188096108,false,"אלפרו שמנת צמחית לבישול לייט 250מ""ל",שטראוס גרופ בעמ/מצונן,,,"י""ח",250,"ל מ""ל",false,1,10.80,4.32,true,1,
5411188112709,false,"משקה קוקוס אלפרו 1 ליטר משקה שקדים לל""ס",הנסיך- מפעל לייצור ט,,,"י""ח",1,ליטר,false,1,16.80,16.80,false,1,
5411188115366,false,משקה קוקוס אלפרו 1 ליטר משקה שיבולת שועל 1 ליטר,הנסיך- מפעל לייצור ט,,,"י""ח",1,ליטר,false,1,16.70,16.70,false,1,
5411188115472,false,משקה סויה אלפרו 1 ליטר,הנסיך- מפעל לייצור ט,,,"י""ח",1,ליטר,false,1,14.90,14.90,false,1,
5411188121978,false,אלפרו משקה סויה עמיד מועשר בסידן 3*250,שטראוס גרופ בע`מ,,,"י""ח",750,"ל מ""ל",false,1,15.90,2.12,false,1,
5411188124689,false,משקה אלפרו שיבולת שועל ללא סוכר 1 ליטר,שטראוס גרופ בע`מ,,,"י""ח",1,ליטר,false,1,16.70,16.70,false,1,
5411188134985,false,אלפרו 3.5% NOT M*LK שיבולת שועל 1 ליטר בית יוסף,שטראוס גרופ בעמ/מצונן,,,"י""ח",1,ליטר,false,1,13.90,13.90,true,1,
5411188543398,false,משקה סויה ללא סוכר אלפרו 1 ליטר,הנסיך- מפעל לייצור ט,,,"י""ח",1,ליטר,false,1,14.80,14.80,false,1,
5413149655522,false,"אבקת כביסה שושן צחור 1.25 ק""ג אריאל",דיפלומט מפיצים (1986) בע`מ,,,"י""ח",2.50,"ק""ג",false,1,19.90,7.96,false,1,
5413149922907,false,"אבקת כביסה קולור וסטייל 5 ק""ג אריאל",דיפלומט מפיצים (1986) בע`מ,,,"י""ח",5,"ק""ג",false,1,49.90,9.98,true,1,
5413149922938,false,"אריאל אבקת כביסה שושן צחור, 5 ק""ג",דיפלומט מפיצים (1986) בע`מ,,,"י""ח",5,"ק""ג",false,1,49.90,9.98,true,1,
5413548280189,false,קינדר שוקו בון 1 יחידות 125 גרם,פרימיום-חברה לדברי מתיקה ולמסח,,,"י""ח",125,ל גרם,false,1,15.60,12.48,true,1,
5601008200451,false,עוגיות גודיס טבעות מצופות שוקולד מריר מרבה 150 גרם,ש. שסטוביץ בע`מ,,,"י""ח",150,ל גרם,false,1,7.90,5.27,true,1,
5601008200468,false,עוגיות גודיס טבעות מצופות שוקולד לבו מרבה 150 גרם,קריניציה ויטמינה אס,,,"י""ח",150,ל גרם,false,1,7.90,5.27,true,1,
5701932026964,false,"הוטפופ גרעיני תירס להכנת פופקורן במיקרוגל בטעם טבעי, בתוספת מלח, 600 גרם",ליימן שליסל בע`מ,,,"י""ח",600,ל גרם,false,1,17.90,2.98,true,1,
5701932026971,false,הוטפופ גרעיני תירס להכנת פופקורן במיקרוגל בטעם חמאה 600 גרם,ליימן שליסל בע`מ,,,"י""ח",600,ל גרם,false,1,17.90,2.98,true,1,
5701932026995,false,"הוטפופ גרעיני תירס להכנת פופקורן במיקרוגל בטעם טבעי מופחת שומן, 510 גרם",קריניציה ויטמינה אס,,,"י""ח",510,ל גרם,false,1,17.90,3.51,true,1,
5711953106583,false,גבינת שמנת בטעם טבעי 200 גרם ארלה,שטראוס גרופ בעמ/מצונן,,,"י""ח",200,ל גרם,false,1,16.90,8.45,true,1,
5711953106590,false,גבינת שמנת ארלה שמנת שום 200 גרם,שטראוס גרופ בעמ/מצונן,,,"י""ח",200,ל גרם,false,1,16.90,8.45,true,1,
5711953106606,false,גבינת שמנת עם תבלינים ועשבי תיבול 23.5%,שטראוס גרופ בעמ/מצונן,,,"י""ח",200,ל גרם,false,1,16.90,8.45,true,1,
5740900108264,false,ממרח לופרק ללא מלח מעדניה שטראוס,שטראוס גרופ בעמ/מצונן,,,"ק""ג",1,"ק""ג",true,1,49.90,49.90,false,1,
5740900403215,false,ממרח חמאה דנית לורפק עם מלח 250 גרם,שטראוס גרופ בעמ/מצונן,,,"י""ח",250,ל גרם,false,1,17.90,7.16,false,1,
5740900403222,false,ממרח לורפק חמאה עם מלח מופחת שומן 250 ג,שטראוס גרופ בעמ/מצונן,,,"י""ח",250,ל גרם,false,1,17.90,7.16,false,1,
5740900403239,false,ממרח חמאה דנית לורפק ללא מלח 250 גרם,שטראוס גרופ בעמ/מצונן,,,"י""ח",250,ל גרם,false,1,17.90,7.16,false,1,
5740900403246,false,ממרח לורפק ללא תוספת מלח 500 גר,שטראוס גרופ בעמ/מצונן,,,"י""ח",500,ל גרם,false,1,29.80,5.96,true,1,
5740900403253,false,ממרח מחמאת לורפק עם מלח 500 ג',שטראוס גרופ בעמ/מצונן,,,"י""ח",500,ל גרם,false,1,29.80,5.96,true,1,
5740900403260,false,ממרח מחמאת לורפק ללא מלח 27% פחות שומן,שטראוס גרופ בעמ/מצונן,,,"י""ח",250,ל גרם,false,1,17.90,7.16,false,1,
5900020026552,false,דגני בוקר האני נאט צ'יריוס בטעם דבש ושקדים,קבוצת אוסם סחר שותפות מוגבלת,,,"י""ח",615,ל גרם,false,1,26.30,4.28,true,1,
5900020036407,false,ליון דגני בוקר שוקולד וקרמל נסטלה 480 גרם,קבוצת אוסם סחר שותפות מוגבלת,,,"י""ח",410,ל גרם,false,1,25.90,6.32,true,1,
5900020039590,false,פיטנס חטיף דגנים קלאסי 6.8*23.5גר פרווה,קבוצת אוסם סחר-שות.מוגבלת,,,"י""ח",141,ל גרם,false,1,16.70,11.84,true,1,
5900020039620,false,פיטנס חטיף דגנים שקדים ודבש פרווה 8 6*23 ג,קבוצת אוסם סחר שותפות מוגבלת,,,"י""ח",141,ל גרם,false,1,16.70,11.84,true,1,
5900627027020,false,"ויט קרם להסרת שיער בזמן מקלחת לעור רגיל 150 מ""ל",רקיט בנקיזר (ניר איסט) בעמ,,,"י""ח",150,"ל מ""ל",false,1,29.90,19.93,true,1,
5900627063233,false,טבליות למדיח הכל ב-1 פיניש מקס 50 יחידות,רקיט בנקיזר (ניר איסט) בעמ,,,"י""ח",50,"י""ח",false,1,39.90,0.80,true,1,
5901414200411,false,בלזן היט מיני ביסקוויט סנדוויץ' עם מילוי קרם בטעם שוקולד 130 גרם,ליימן שליסל בע`מ,,,"י""ח",130,ל גרם,false,1,7.90,6.08,true,1,
5901483010102,false,"חליטת תפו""ע פירות יע",דברים טובים סגל בעמ,,,"י""ח",50,ל גרם,false,1,8.90,17.80,false,1,
5901483010409,false,תה אוכמניות 25 שק,דברים טובים סגל בעמ,,,"י""ח",37.50,ל גרם,false,1,8.90,23.73,false,1,
5901483060022,false,חליטת עלי מרווה ביופ,דברים טובים סגל בעמ,,,"י""ח",40,ל גרם,false,1,8.90,22.25,false,1,
5901483060206,false,חליטת מנטה 20 שקיקים,דברים טובים סגל בעמ,,,"י""ח",500,ל גרם,false,1,8.90,1.78,false,1,
5901483071103,false,תה חמוציות קרנברי,דברים טובים סגל בעמ,,,"י""ח",500,ל גרם,false,1,8.90,1.78,false,1,
5901483081027,false,חליטת לואיזה 20 שקיק,דברים טובים סגל בעמ,,,"י""ח",40,ל גרם,false,1,8.90,22.25,false,1,
5902198160403,false,XL משקה אנרגיה מוגז ללא סוכר עד 10 קלוריות לפחית 250 מל,"טמפו משקאות בע""\מ",,,"י""ח",250,"ל מ""ל",false,1,4.20,1.56,true,1,
5904941750312,false,"משקה אנרגיה BLU מוחיטו בודד 250 מ""ל",בני פאוזי שמשום (2009) בעמ,,,"י""ח",250,"ל מ""ל",false,1,4.50,1.68,true,1,
5904941751302,false,משקה אנרגיה בפחית בלו (250 מל),בני פאוזי שמשום (2009) בעמ,,,"י""ח",250,"ל מ""ל",false,1,3.90,1.44,true,1,
5904941751524,false,"משקה אנרגיה BLU DAY אבטיח בודד 250 מ""ל",בני פאוזי שמשום (2009) בעמ,,,"י""ח",250,"ל מ""ל",false,1,4.50,1.68,true,1,
5904941751920,false,בלו משקה אנרגיה דיי חצי מכמות הקלו250 מל,בני פאוזי שמשום (2009) בעמ,,,"י""ח",250,"ל מ""ל",false,1,4.50,1.68,true,1,
5906485301012,false,משקה אנרגיה XL מוגז פחית 250 מל,טמפו משקאות בע`מ,,,"י""ח",250,"ל מ""ל",false,1,4.50,1.68,true,1,
5949152110838,false,"איירוויק מבשם אוויר ומנטרל ריחות - גשמים סגולים 237 מ""ל",רקיט בנקיזר (ניר איסט) בעמ,,,"י""ח",345,"ל מ""ל",false,1,14.90,4.32,true,1,
5998710131877,false,בונבונטי חטיף דובדבן בשוקולד 36 גרם,דילר בי.אמ.די.אינטרנשיונל בעמ,,,"י""ח",36,ל גרם,false,1,3.90,10.83,true,1,
6001067017332,false,קולגייט מברשת שיניים מדיום 360 אופטיק ווייט,קולגייט-פלמוליב,,,"י""ח",1,,false,1,10.90,10.90,false,1,
6102017501939,false,מצת להבה לגז brico {במעמד},אוהב ציון בעמ (מבצעים),,,"י""ח",1,,false,1,9.90,9.90,false,1,
6111049000051,false,סרדין חריף פיקנטי בשמן סויה 125 גרם,ויצמן פרימיום בעמ,,,"י""ח",1,,false,1,4.90,4.90,false,1,
6111119000011,false,"קוסקוס אורגינל פרידה 1ק""ג",ויצמן פרימיום בעמ,,,"י""ח",1,,false,1,12.90,12.90,false,1,
6112012100075,false,קולפן פלסטיק יקר ע. הבית,עולם הבית שיווק והפצה בעמ,,,"י""ח",1,,false,1,11.90,11.90,false,1,
6112012100358,false,סט קולבים איכותי 6 יחידות ע. הבית,עולם הבית שיווק והפצה בעמ,,,"י""ח",240,"ס""מ",false,1,10.90,4.54,false,1,
6112012100662,false,כותש שום ע. הבית,עולם הבית שיווק והפצה בעמ,,,"י""ח",1,"י""ח",false,1,14.90,14.90,false,1,
6112012100693,false,משטח לייבוש כלים ע. הבית,עולם הבית שיווק והפצה בעמ,,,"י""ח",1,"י""ח",false,1,14.90,14.90,false,1,
6112012100853,false,מלקחיים גדולות ע. הבית,עולם הבית שיווק והפצה בעמ,,,"י""ח",1,,false,1,9.90,9.90,false,1,
6112012100976,false,כפות גדולות ע. הבית,עולם הבית שיווק והפצה בעמ,,,"י""ח",1,"י""ח",false,1,10.90,10.90,false,1,
6112012100990,false,"שישיית כפיות קטנות 15 ס""מ 18 גרם",עולם הבית שיווק והפצה בעמ,,,"י""ח",1,"י""ח",false,1,8.90,8.90,false,1,
6112013100180,false,סכין לפיצה,עולם הבית שיווק והפצה בעמ,,,"י""ח",1,,false,1,9.90,9.90,false,1,
6112014100134,false,מערוך לבצק,עולם הבית שיווק והפצה בעמ,,,"י""ח",1,,false,1,16.90,16.90,false,1,
6112015100294,false,מגב מתכת 40 עם הברגה,עולם הבית שיווק והפצה בעמ,,,"י""ח",1,"י""ח",false,1,19.90,19.90,false,1,
6112015100508,false,מברשת לאסלה דגם 17,עולם הבית שיווק והפצה בעמ,,,"י""ח",1,"י""ח",false,1,5.90,5.90,false,1,
6112015100522,false,סכומון פלסטיק ע.הבית,עולם הבית שיווק והפצה בעמ,,,"י""ח",1,,false,1,7.90,7.90,false,1,
6112015100959,false,"מגב איכותי 40 ס""מ",עולם הבית שיווק והפצה בעמ,,,"י""ח",1,,false,1,17.90,17.90,false,1,
6112016100101,false,מברשת לניקוי אבק דגם 3,עולם הבית שיווק והפצה בעמ,,,"י""ח",1,"י""ח",false,1,12.90,12.90,false,1,
6112016100750,false,מספריים איכותיות ע. הבית,עולם הבית שיווק והפצה בעמ,,,"י""ח",1,"י""ח",false,1,14.90,14.90,false,1,
6112017101350,false,מצע לירקות ופירות מטורקיה,עולם הבית שיווק והפצה בעמ,,,"י""ח",1,,false,1,11.90,11.90,false,1,
6112017101510,false,סלסלה 3.5 ליטר,עולם הבית שיווק והפצה בעמ,,,"י""ח",1,"י""ח",false,1,10.90,10.90,false,1,
6112017101541,false,מעמד לנייר סופג ע. הבית,עולם הבית שיווק והפצה בעמ,,,"י""ח",1,,false,1,13.90,13.90,false,1,
6112017101565,false,"מתקן לסכו""ם מנירוסטה",עולם הבית שיווק והפצה בעמ,,,"י""ח",1,"י""ח",false,1,19.90,19.90,false,1,
6112017103354,false,אטבי כביסה סיליקון 12 יח',עולם הבית שיווק והפצה בעמ,,,"י""ח",1,,false,1,9.90,9.90,false,1,
6112017103644,false,כף הגשה ישרה,עולם הבית שיווק והפצה בעמ,,,"י""ח",1,,false,1,13.90,13.90,false,1,
6112017104153,false,ספוג מסאז` לאמבטיה,עולם הבית שיווק והפצה בעמ,,,"י""ח",1,"י""ח",false,1,9.90,9.90,false,1,
6112017105327,false,משטח קריסטל 45*100,עולם הבית שיווק והפצה בעמ,,,"י""ח",1,,false,1,14.90,14.90,false,1,
6112017105778,false,"מגב לריצפה 40 ס""מ ע. הבית",עולם הבית שיווק והפצה בעמ,,,"י""ח",1,"י""ח",false,1,23.90,23.90,false,1,
6112017105914,false,מפה לפיקניק,עולם הבית שיווק והפצה בעמ,,,"י""ח",1,"י""ח",false,1,17.90,17.90,false,1,
6112017106133,false,כפפות סיליקון בשילוב בד,עולם הבית שיווק והפצה בעמ,,,"י""ח",1,,false,1,29.90,29.90,false,1,
6112017106331,false,"סט צנצנות סמארט 3 900 מ""ל ע. הבית",עולם הבית שיווק והפצה בעמ,,,"י""ח",1,"י""ח",false,1,16.90,16.90,false,1,
6112017106416,false,סט צנצנות סמארט 1 ליטר ע. הבית,עולם הבית שיווק והפצה בעמ,,,"י""ח",1,,false,1,10.90,10.90,false,1,
6901022100409,false,ג'ינג'ר כתוש לירון 100 גרם,ביג פוד כחול לבן בעמ*שיק 30 יו,,,"י""ח",1,,false,1,4.90,4.90,false,1,
6901022100416,false,שום כתוש לירון 100 גרם,ביג פוד כחול לבן בעמ*שיק 30 יו,,,"י""ח",1,,false,1,4.90,4.90,false,1,
6901022100584,false,רצועות פלפלים אדומים קלויים,ביג פוד כחול לבן בעמ*שיק 30 יו,,,"י""ח",1,,false,1,13.90,13.90,false,1,
6901022100591,false,רצועות מיקס פלפלים קלויים,ביג פוד כחול לבן בעמ*שיק 30 יו,,,"י""ח",1,,false,1,13.90,13.90,false,1,
6910191800287,false,אצות נורי בלו 10 דף (ננגטונג),מזרח ומערב יבוא ושיווק,,,"י""ח",10,"י""ח",false,1,13.90,1.39,true,1,
6925454151662,false,Omega טיימר 24 שעות Tis-01A,עולם הבית שיווק והפצה בעמ,,,"י""ח",1,"י""ח",false,1,24.90,24.90,false,1,
6930691021029,false,מרקר זוהר,צבע ומכחול (2014) בעמ,,,"י""ח",1,,false,1,9.90,9.90,false,1,
6931191500380,false,מברשת אפיה מסיליקון ע. הבית,עולם הבית שיווק והפצה בעמ,,,"י""ח",1,"י""ח",false,1,11.90,11.90,false,1,
6931191500571,false,"קרש חיתוך פלסטיק 27*38 ס""מ",עולם הבית שיווק והפצה בעמ,,,"י""ח",1,,false,1,17.90,17.90,false,1,
6931191500649,false,רבעית סופר גלו ע. הבית,עולם הבית שיווק והפצה בעמ,,,"י""ח",1,,false,1,11.90,11.90,false,1,
6933890373579,false,כוס דוגמא קריסטל ע. הבית,עולם הבית שיווק והפצה בעמ,,,"י""ח",1,"י""ח",false,1,5.90,5.90,false,1,
6934582521216,false,מספריים,צבע ומכחול (2014) בעמ,,,"י""ח",1,,false,1,5.90,5.90,false,1,
6934931267246,false,מצית גז להבה ארוך 26,עולם הבית שיווק והפצה בעמ,,,"י""ח",3,"י""ח",false,1,9.90,3.30,false,1,
6934931271410,false,"סיר לבישול 26 ס""מ",עולם הבית שיווק והפצה בעמ,,,"י""ח",1,,false,1,79.90,79.90,false,1,
6934931272196,false,מטאטא מליזה גב עץ ע. הבית,עולם הבית שיווק והפצה בעמ,,,"י""ח",1,"י""ח",false,1,21.90,21.90,false,1,
6934931273322,false,דוקרנים ליונים ע. הבית,עולם הבית שיווק והפצה בעמ,,,"י""ח",1,"י""ח",false,1,12.90,12.90,false,1,
6936613888667,false,שום ארוז יבוא,ביכורי השדה צפון 1994 ג.ד. בעמ,,,"י""ח",1,,false,1,8.90,8.90,true,1,
6936745600783,false,"חומץ אורז מזרח מערב 500 מ""ל",מזרח ומערב יבוא ושיווק,,,"י""ח",500,"ל מ""ל",false,1,16.90,3.38,false,1,
6985425120011,false,מסנן כיור פרפר ע . הבית,עולם הבית שיווק והפצה בעמ,,,"י""ח",240,"ס""מ",false,1,9.90,4.13,false,1,
6985425120103,false,סלוטייפ שקוף 100 מטר ע. הבית,עולם הבית שיווק והפצה בעמ,,,"י""ח",1,,false,1,9.90,9.90,false,1,
6985425120394,false,דבק בד ע. הבית,עולם הבית שיווק והפצה בעמ,,,"י""ח",1,,false,1,23,23,false,1,
6985425120592,false,קרש חיתוך מעץ - גדול,עולם הבית שיווק והפצה בעמ,,,"י""ח",1,,false,1,17.90,17.90,false,1,
7162203009006,false,שמיכת חורף פנסי יחיד,דהן פרוספר בעמ,,,"י""ח",1,,false,1,79.90,79.90,false,1,
7162203011016,false,שמיכת חורף דו צדדית טיטניום זוגי,דהן פרוספר בעמ,,,"י""ח",1,,false,1,89.90,89.90,false,1,
7162204037008,false,שמיכת כבש ממולאת קרול יחיד,דהן פרוספר בעמ,,,"י""ח",1,,false,1,99.90,99.90,true,1,
7162204037015,false,שמיכת כבש ממולאת קרול זוגי,דהן פרוספר בעמ,,,"י""ח",1,,false,1,119.90,119.90,true,1,
7200029736291,false,"קמח מנופה 1ק""ג שטיבל כחול",ח.כהן סוכנות מזון ומשקאות בע,,,"י""ח",1,"ק""ג",false,1,8.50,8.50,false,1,
7262626088197,false,טייץ טרמי צבעוני מלא,ביג מול בעמ,,,"י""ח",183,ל גרם,false,1,29.90,16.34,false,1,
7271730901261,false,ווקי מאק ארוחת אטריות עם גבינה 156 גרם,ניו וורלד פסטה קומפנ,,,"י""ח",156,ל גרם,false,1,11.90,7.63,false,1,
7276667778894,false,"סט סכו""ם(בצבע מוזהב).",ד.ג.ש קמעונאות בעמ,,,"י""ח",1,,false,1,99,99,true,1,
7276667778900,false,"סט סכו""ם מכסף. ( צבע כסוף)",ד.ג.ש קמעונאות בעמ,,,"י""ח",1,,false,1,75,75,true,1,
7276667778955,false,סיר 24.,ד.ג.ש קמעונאות בעמ,,,"י""ח",1,,false,1,155,155,true,1,
7276667778962,false,סיר 26.,ד.ג.ש קמעונאות בעמ,,,"י""ח",1,,false,1,180,180,true,1,
7276667778979,false,סוטאז 32.,ד.ג.ש קמעונאות בעמ,,,"י""ח",1,,false,1,199.90,199.90,true,1,
7290000000374,false,"פטריות שמפיניון בד""ץ (רביבים)",ביכורי השדה צפון 1994 ג.ד. בעמ,,,"י""ח",1,,false,1,11.90,11.90,true,1,
7290000000848,false,תירס מתוק ארוז,ביכורי השדה צפון 1994 ג.ד. בעמ,,,"ק""ג",1,,true,1,19.90,19.90,false,1,
7290000000978,false,חסה גוש קטיף ירק הארץ היתר מכירה,ביכורי השדה צפון 1994 ג.ד. בעמ,,,"י""ח",1,,false,1,6.90,6.90,true,1,
7290000000985,false,פטרוזיליה ברכת קטיף ייבול נוכרי בוסתן,ביכורי השדה צפון 1994 ג.ד. בעמ,,,"י""ח",1,,false,1,5.90,5.90,true,1,
7290000001043,false,כרוב לבן מהדרין-ברכת קטיף,ביכורי השדה צפון 1994 ג.ד. בעמ,,,"ק""ג",1,,true,1,14.90,14.90,false,1,
7290000001074,false,כרוב אדום מהדרין-ברכת קטיף,ביכורי השדה צפון 1994 ג.ד. בעמ,,,"ק""ג",1,,true,1,4.90,4.90,false,1,
7290000001401,false,עלי סלק גלאט עלי הארץ,ביכורי השדה צפון 1994 ג.ד. בעמ,,,"י""ח",1,,false,1,7.90,7.90,false,1,
7290000001579,false,סלרי מהדרין קטיף טרי,ביכורי השדה צפון 1994 ג.ד. בעמ,,,"י""ח",1,,false,1,5.50,5.50,true,1,
7290000001593,false,נענע מהדרין קטיף טרי,ביכורי השדה צפון 1994 ג.ד. בעמ,,,"י""ח",1,,false,1,6.90,6.90,true,1,
7290000001609,false,עלי סלק מהדרין קטיף טרי,ביכורי השדה צפון 1994 ג.ד. בעמ,,,"י""ח",1,,false,1,6.90,6.90,false,1,
7290000001616,false,כוסברה ירק הארץ גוש היתר מכירה,ביכורי השדה צפון 1994 ג.ד. בעמ,,,"י""ח",1,,false,1,5.90,5.90,true,1,
7290000001692,false,"תפו""א אדום",ביכורי השדה צפון 1994 ג.ד. בעמ,,,"ק""ג",1,,true,1,4.90,4.90,false,1,
7290000023007,false,"ברנדי שטוק 84 37 % 750 מ""ל",טמפו משקאות בעמ,,,"י""ח",750,ל גרם,false,1,79.90,10.61,true,1,
7290000023083,false,ערק אשקלון בקבוק 700,טמפו משקאות בע`מ,,,"י""ח",700,"ל מ""ל",false,1,58.90,8.37,true,1,
7290000024219,false,"רזרב אמרלד ריזילינג 750 מ""ל 12 יח",טמפו משקאות בע`מ,,,"י""ח",750,"ל מ""ל",false,1,44.90,5.95,true,1,
7290000024240,false,יין רזרב שרדונה 750 מל שביעית,ביבקבי ברקן שיווק וה,,,"י""ח",750,"ל מ""ל",false,1,47.90,6.35,true,1,
7290000024523,false,"תירוש של סגל ,מיץ ענבים , 1 ליטר",כרמי צבי - האחים סגל,,,"י""ח",7.50,"י""ח",false,1,16.90,2.21,true,1,
7290000034256,false,ביסקוויט תירוש חצי מצופה 175 ג`הדר*,ח.כהן סוכנות מזון ומשקאות בע,,,"י""ח",175,ל גרם,false,1,6.90,3.94,true,1,
7290000040042,false,יופלה יוגורט תות %3 גביע 150 גרם,"תנובה בע""מ ***",,,"י""ח",150,"ל מ""ל",false,1,5.60,3.73,false,1,
7290000040066,false,יופלה יוגורט דובדבן %3 גביע 150 גרם,תנובה מרכז שיתופי לש,,,"י""ח",150,"ל מ""ל",false,1,5.60,3.73,false,1,
7290000040080,false,יופלה יוגורט אפרסק %3 גביע 150 גרם,"תנובה בע""מ ***",,,"י""ח",150,"ל מ""ל",false,1,5.60,3.73,false,1,
7290000041407,false,"גיל קטן 3% תנובה 125 מ""ל בד""ץ",תנובה מרכז שיתופי לש,,,"י""ח",125,"ל מ""ל",false,1,0.90,0.72,false,1,
7290000041858,false,"שמנת חמוצה 15% מועשרת יטבתה 200 מ""ל",שטראוס גרופ בעמ/מצונן,,,"י""ח",200,"ל מ""ל",false,1,2.40,1.20,false,1,
7290000041872,false,"לבן 3% יטבתה 200מ""ל מהדרין",שטראוס גרופ בעמ/מצונן,,,"י""ח",200,"ל מ""ל",false,1,2,1,false,1,
7290000042404,false,חלב 3% מועשר מהדרין בשקית יטבתה (1 ליטר),שטראוס גרופ בעמ/מצונן,,,"י""ח",1,ליטר,false,1,5.90,5.90,false,1,
7290000042435,false,חלב דל שומן 1% בקרטון תנובה (1 ליטר)פיק,תנובה מרכז שיתופי לש,,,"י""ח",1,ליטר,false,1,5.86,5.86,false,1,
7290000042855,false,"שוקו בשקית 250 מ""ל ""יטבתה""",שטראוס גרופ בעמ/מצונן,,,"י""ח",225,"ל מ""ל",false,1,2.90,1.29,false,1,
7290000043012,false,"שוקו עמיד 2% בקרטון 250 מ""ל תנובה",תנובה מרכז שיתופי לש,,,"י""ח",250,"ל מ""ל",false,1,4.60,1.84,false,1,
7290000043814,false,השף הלבן שמנת להקצפה 38% שומן 250 מל - מוצר בפיקוח,תנובה מרכז שיתופי לש,,,"י""ח",250,"ל מ""ל",false,1,6.47,2.59,false,1,
7290000043890,false,תנובה רויון לבן מחלב מפסוטר 1.5%,תנובה מרכז שיתופי לש,,,"י""ח",1.0350,ליטר,false,1,12.50,12.08,false,1,
7290000044712,false,יוגורט עם תות 1.5% שומן 500 ג' פרילי,מיוצר עי קונדיטוריית,,,"י""ח",500,"ל מ""ל",false,1,10.80,2.16,false,1,
7290000044880,false,יוגורט בטעם תות שדה 3% באדי (500 גרם),מיוצר עי קונדיטוריית,,,"י""ח",500,"ל מ""ל",false,1,9.30,1.86,false,1,
7290000045573,false,גבינת מותכת משולשים 25% שומן 200 ג' נעמה,תנובה בעמ ***,,,"י""ח",200,ל גרם,false,1,15.90,7.95,false,1,
7290000045580,false,גבינה מותכת נעמה חורש תנובה 240 גרם,תנובה מרכז שיתופי לש,,,"י""ח",240,ל גרם,false,1,18.90,7.88,false,1,
7290000045917,false,תנובה פרומעז גבינה מותכת מחלב עיזים 23% שומן,תנובה בעמ ***,,,"י""ח",1,,false,1,27.60,27.60,false,1,
7290000046020,false,"גלבוע 22% שקילה}גבנ""צ{*.",תנובה מרכז שיתופי לש,,,"ק""ג",1000,ל גרם,true,1,42.58,4.26,false,1,
7290000046327,false,גלבוע גבינה צהובה פרוסה 22% תנובה 200 גרם,תנובה מרכז שיתופי לש,,,"י""ח",200,ל גרם,false,1,13.20,6.60,false,1,
7290000046563,false,קולאג 23% פרמזן חריץ תנובה,תנובה מרכז שיתופי לש,,,"ק""ג",1000,ל גרם,true,1,114,11.40,false,1,
7290000047546,false,השף הלבן כנען גבינה לבנה דלת נתרן 5% תנובה 500 גרם,תנובה מרכז שיתופי לש,,,"י""ח",500,ל גרם,false,1,25.30,5.06,false,1,
7290000047621,false,גבינה לבנה רכה 5% תנובה 250ג' מהדרין,תנובה מרכז שיתופי לש,,,"י""ח",250,ל גרם,false,1,4.70,1.88,false,1,
7290000048185,false,גבינה לבנה 5% תנובה 250 גרם מהדרין,מיוצר עי קונדיטוריית,,,"י""ח",250,ל גרם,false,1,4.98,1.99,false,1,
7290000048192,false,גבינה לבנה 9% תנובה 250 גרם מהדרין,מחלבת אלון תבור,,,"י""ח",250,ל גרם,false,1,4.80,1.92,false,1,
7290000048307,false,גבינת קוטג`5% עם זיתים תנובה (250 גרם),מיוצר עי קונדיטוריית,,,"י""ח",250,ל גרם,false,1,5.80,2.32,false,1,
7290000048413,false,גבינה חמד (25016% גרם)פיראוס תנובה,תנובה מרכז שיתופי לש,,,"י""ח",250,ל גרם,false,1,19.50,7.80,false,1,
7290000048437,false,גבינת צפתית (2005% גרם)פיראוס תנובה,פארייפאבה אגרואינדוס,,,"י""ח",200,ל גרם,false,1,15.90,7.95,false,1,
7290000048444,false,"גבינת חמד 16%שומן 1 ק""ג",תנובה מרכז שיתופי לש,,,"י""ח",1,"ק""ג",false,1,54.50,54.50,false,1,
7290000060200,false,פסטה אסם פתיתים אפויים קוסקוס 500גר,קבוצת אוסם סחר שותפות מוגבלת,,,"י""ח",500,ל גרם,false,1,7.80,1.56,true,1,
7290000060217,false,פסטה מקרוני מספר 7 אסם (500 גרם),קבוצת אוסם סחר שותפות מוגבלת,,,"י""ח",500,ל גרם,false,1,6.90,1.38,true,1,
7290000060408,false,פסטה אסם פתיתים אפויים טבעות 500 גר,קבוצת אוסם סחר שותפות מוגבלת,,,"י""ח",500,ל גרם,false,1,7.80,1.56,true,1,
7290000060415,false,"פסטה פרפקטו לאזניה 500 ג' ""אסם""",קבוצת אוסם סחר שותפות מוגבלת,,,"י""ח",500,ל גרם,false,1,15.90,3.18,false,1,
7290000060781,false,פרומנטי פתיתים מסולסלים אוסם,קבוצת אוסם סחר שותפות מוגבלת,,,"י""ח",500,ל גרם,false,1,6.90,1.38,true,1,
7290000060842,false,פסטה אסם פתיתים צדפים גדולים 500גר,קבוצת אוסם סחר שותפות מוגבלת,,,"י""ח",500,ל גרם,false,1,6.90,1.38,true,1,
7290000060880,false,פסטה ספגטי מספר 8 אסם 500 גרם,קבוצת אוסם סחר שותפות מוגבלת,,,"י""ח",500,ל גרם,false,1,6.90,1.38,true,1,
7290000060958,false,אטריות מובחרות בינוניות אסם (400 גרם),קבוצת אוסם סחר שותפות מוגבלת,,,"י""ח",400,ל גרם,false,1,7.90,1.98,true,1,
7290000060965,false,פסטה אסם אטריות רחבות 400גר,קבוצת אוסם סחר שותפות מוגבלת,,,"י""ח",400,ל גרם,false,1,7.90,1.98,true,1,
7290000061061,false,קרקר חיטה עם בצל אסם,קבוצת אוסם סחר שותפות מוגבלת,,,"י""ח",250,ל גרם,false,1,11.80,4.72,true,1,
7290000061085,false,"רוטב צילי מתוק 290 מ""ל-בקבוק",קבוצת אוסם סחר שותפות מוגבלת,,,"י""ח",290,"ל מ""ל",false,1,12.90,4.45,true,1,
7290000061245,false,עוגיות שוקוצ'יפס במילוי שוקולד אסם 220 גרם,קבוצת אוסם סחר-שות.מוגבלת,,,"י""ח",220,ל גרם,false,1,10.90,4.95,true,1,
7290000061764,false,קפה נמס מגורען רד מאג 200 גרם,קבוצת אוסם סחר שותפות מוגבלת,,,"י""ח",200,ל גרם,false,1,22.40,11.20,false,1,
7290000062952,false,אוסם - מיני קרוטונים למרק ולסלט 250 גרם,קבוצת אוסם סחר שותפות מוגבלת,,,"י""ח",250,ל גרם,false,1,17.20,6.88,true,1,
7290000063102,false,קמח עוגה תופח מאליו אסם 350 גרם,קבוצת אוסם סחר שותפות מוגבלת,,,"י""ח",350,ל גרם,false,1,5.70,1.63,false,1,
7290000063140,false,שקדי מרק רכיבים טבעיים בשקית 400 ג' אסם,קבוצת אוסם סחר שותפות מוגבלת,,,"י""ח",400,ל גרם,false,1,12.90,3.23,true,1,
7290000063157,false,"קמח עוגה תופח מאליו אסם 1 ק""ג",קבוצת אוסם סחר שותפות מוגבלת,,,"י""ח",1,"ק""ג",false,1,9.90,9.90,true,1,
7290000064758,false,קוסקוס בינוני אמיתי אסם 350 ג',קבוצת אוסם סחר שותפות מוגבלת,,,"י""ח",350,ל גרם,false,1,9.20,2.63,false,1,
7290000064871,false,"אוסם - מנה חמה פירה תפו""א עם בצל 56 גרם",קבוצת אוסם סחר שותפות מוגבלת,,,"י""ח",87,ל גרם,false,1,7.90,9.08,true,1,
7290000065335,false,אוסם - מנה חמה פירה עם ירקות 55 גרם,קבוצת אוסם סחר שותפות מוגבלת,,,"י""ח",55,ל גרם,false,1,7.90,14.36,true,1,
7290000065540,false,אוסם - מנה חמה פסטה מוקרמת בטעם עוף 55 גרם,קבוצת אוסם סחר שותפות מוגבלת,,,"י""ח",55,ל גרם,false,1,7.90,14.36,true,1,
7290000065557,false,אוסם - מנה חמה קוסקוס עם ירקות 84 גרם,קבוצת אוסם סחר שותפות מוגבלת,,,"י""ח",50,ל גרם,false,1,7.90,15.80,true,1,
7290000066141,false,ביסלי חטיף בטעם גריל אסם (70 גרם),קבוצת אוסם סחר שותפות מוגבלת,,,"י""ח",70,ל גרם,false,1,4.50,6.43,true,1,
7290000066189,false,ביסלי חטיף בטעם פלאפל אסם (200 גרם),קבוצת אוסם סחר שותפות מוגבלת,,,"י""ח",200,ל גרם,false,1,8.90,4.45,true,1,
7290000066196,false,ביסלי חטיף בטעם גריל אסם (200 גרם),קבוצת אוסם סחר שותפות מוגבלת,,,"י""ח",200,ל גרם,false,1,8.90,4.45,true,1,
7290000066226,false,ביסלי חטיף בטעם פיצה אסם (200 גרם),קבוצת אוסם סחר שותפות מוגבלת,,,"י""ח",200,ל גרם,false,1,8.90,4.45,true,1,
7290000066318,false,במבה חטיף בוטנים אסם 80 גרם,קבוצת אוסם סחר שותפות מוגבלת,,,"י""ח",80,ל גרם,false,1,4.90,6.13,true,1,
7290000066332,false,אפרופו חטיף תירס אסם (50 גרם),קבוצת אוסם סחר שותפות מוגבלת,,,"י""ח",50,ל גרם,false,1,5.80,11.60,true,1,
7290000066431,false,פופקו חטיף פופקורן בטעם חמאה ודבש אסם 80 גרם,קבוצת אוסם סחר שותפות מוגבלת,,,"י""ח",80,ל גרם,false,1,5.50,6.88,true,1,
7290000067070,false,עוג.מיני ממולא.שוקולד300,קבוצת אוסם סחר-שות.מוגבלת,,,"י""ח",300,ל גרם,false,1,11.90,3.97,true,1,
7290000067599,false,מנה חמה ספגטי ברוטב בולונז אסם 65 גרם,קבוצת אוסם סחר שותפות מוגבלת,,,"י""ח",55,ל גרם,false,1,7.90,14.36,true,1,
7290000068138,false,אינסטנט פודינג בטעם וניל אסם 80 גרם,קבוצת אוסם סחר שותפות מוגבלת,,,"י""ח",80,ל גרם,false,1,5.90,7.38,true,1,
7290000068190,false,אסם ג'לי תות שדה צבעים טבעיים 90 גרם,קבוצת אוסם סחר שותפות מוגבלת,,,"י""ח",85,ל גרם,false,1,7.20,8.47,false,1,
7290000068343,false,אסם פריכונים פרוסות קלויות מלא,קבוצת אוסם סחר שותפות מוגבלת,,,"י""ח",140,ל גרם,false,1,8.70,6.21,false,1,
7290000068701,false,אסם שקדי מרק רכיבים טבע.מיכל 400 גרם,קבוצת אוסם סחר שותפות מוגבלת,,,"י""ח",400,ל גרם,false,1,18.30,4.58,false,1,
7290000068770,false,במבה יום הולדת חטיף בוטנים אסם 80 גרם,קבוצת אוסם סחר שותפות מוגבלת,,,"י""ח",80,ל גרם,false,1,4.90,6.13,true,1,
7290000069258,false,פסטה פרפקטו פנה ריגאטה 500 ג' אסם,קבוצת אוסם סחר-שות.מוגבלת,,,"י""ח",500,ל גרם,false,1,8.30,1.66,false,1,
7290000069364,false,פריכונים מאורז מלא ללא תוספת סוכר אסם 140 גרם,קבוצת אוסם סחר שותפות מוגבלת,,,"י""ח",140,ל גרם,false,1,9.70,6.93,false,1,
7290000070308,false,אבקת מרק עוף אמיתי בשרי אסם 400 גרם,קבוצת אוסם סחר שותפות מוגבלת,,,"י""ח",400,ל גרם,false,1,17.90,4.48,false,1,
7290000070353,false,אבקת מרק בצל רכיבים טבעיים אסם 400 גרם,קבוצת אוסם סחר שותפות מוגבלת,,,"י""ח",400,ל גרם,false,1,26.40,6.60,false,1,
7290000072241,false,"רוטב פיצה 290 מ""ל-בקבוק",קבוצת אוסם סחר שותפות מוגבלת,,,"י""ח",290,"ל מ""ל",false,1,12.90,4.45,true,1,
7290000072623,false,קטשופ אסם בקבוק לחיץ 750 גרם,קבוצת אוסם סחר שותפות מוגבלת,,,"י""ח",750,ל גרם,false,1,11.90,1.59,true,1,
7290000072753,false,קפה נמס מגורען טסטרס צ'ויס 200 גרם-,קבוצת אוסם סחר שותפות מוגבלת,,,"י""ח",200,ל גרם,false,1,31.90,15.95,false,1,
7290000072777,false,קפה נמס מגורען נטול קפאין טסטרס צ'ויס 200 גרם,קבוצת אוסם סחר שותפות מוגבלת,,,"י""ח",200,ל גרם,false,1,36.90,18.45,false,1,
7290000072968,false,דגני בוקר סיני מיניס חיטה מלאה וקינמון נסטלה 500 גרם,קבוצת אוסם סחר-שות.מוגבלת,,,"י""ח",375,ל גרם,false,1,27.30,7.28,true,1,
7290000073125,false,מנה חמה פסטה ברוטב עגבניות אסם (62 גרם),קבוצת אוסם סחר שותפות מוגבלת,,,"י""ח",55,ל גרם,false,1,7.90,14.36,true,1,
7290000073415,false,אוסם - מנה חמה פסטה ברוטב פיצה 61 גרם,קבוצת אוסם סחר שותפות מוגבלת,,,"י""ח",61,ל גרם,false,1,7.90,12.95,true,1,
7290000073750,false,מנה חמה נודלס אטר+ירקות טעם עוף 70 גרם,קבוצת אוסם סחר שותפות מוגבלת,,,"י""ח",76,ל גרם,false,1,7.90,10.39,true,1,
7290000073767,false,מנה חמה נודלס אטר.+ירקות טעם בקר 70 גרם,קבוצת אוסם סחר שותפות מוגבלת,,,"י""ח",76,ל גרם,false,1,7.90,10.39,true,1,
7290000073774,false,מנה חמה נודלס אטר+ירקות טעם צילי 70 גרם,קבוצת אוסם סחר שותפות מוגבלת,,,"י""ח",76,ל גרם,false,1,7.90,10.39,true,1,
7290000074184,false,ביסקוויט פתי בר אסם (500 גרם),קבוצת אוסם סחר שותפות מוגבלת,,,"י""ח",500,ל גרם,false,1,12.90,2.58,true,1,
7290000074245,false,אוסם - קרם קרקר אסם 250 גרם,קבוצת אוסם סחר שותפות מוגבלת,,,"י""ח",250,ל גרם,false,1,10.90,4.36,true,1,
7290000074276,false,קרקר פיקנטי טבעון 250 ג' אסם,קבוצת אוסם סחר שותפות מוגבלת,,,"י""ח",250,ל גרם,false,1,11.70,4.68,true,1,
7290000074764,false,קרקר זהב אסם (900 גרם),קבוצת אוסם סחר שותפות מוגבלת,,,"י""ח",900,ל גרם,false,1,30.40,3.38,true,1,
7290000075204,false,קרקר לחמית חיטה מלאה אסם (250 גרם),קבוצת אוסם סחר שותפות מוגבלת,,,"י""ח",250,ל גרם,false,1,9.90,3.96,true,1,
7290000076126,false,אוסם - בייגלה שמיניות קטנות 80 גרם,קבוצת אוסם סחר שותפות מוגבלת,,,"י""ח",80,ל גרם,false,1,4,5,false,1,
7290000076133,false,בייגלה שמיניות קטנות עם מלח אסם 400 גרם,קבוצת אוסם סחר שותפות מוגבלת,,,"י""ח",400,ל גרם,false,1,12.50,3.13,false,1,
7290000078212,false,קרוטונים מתובלים למרק אסם (250 גרם),קבוצת אוסם סחר שותפות מוגבלת,,,"י""ח",250,ל גרם,false,1,16.30,6.52,false,1,
7290000079233,false,קרם קרקר דיאטטי דל נתרן 250 גרם,קבוצת אוסם סחר שותפות מוגבלת,,,"י""ח",250,ל גרם,false,1,11.80,4.72,true,1,
7290000080758,false,פת קלויה טוסטעים אסם (100 גרם),קבוצת אוסם סחר שותפות מוגבלת,,,"י""ח",100,ל גרם,false,1,12.10,12.10,false,1,
7290000080765,false,פת קלויה טוסטעים עם שומשום אסם (100 גרם),קבוצת אוסם סחר שותפות מוגבלת,,,"י""ח",100,ל גרם,false,1,12.70,12.70,false,1,
7290000104201,false,אפונה עדינה מוקפאת סנפרוסט (600 גרם),תנובה ענף ב.ע.ד,,,"י""ח",600,ל גרם,false,1,20.70,3.45,true,1,
7290000104218,false,סנפרוסט במיה 600 גרם,תנובה מרכז שיתופי לשיווק תוצרת,,,"י""ח",800,ל גרם,false,1,18.30,2.29,true,1,
7290000104676,false,אפונה קפואה סנפרוסט 800 גרם,תנובה מרכז שיתופי לשיווק תוצרת,,,"י""ח",800,ל גרם,false,1,17.90,2.24,true,1,
7290000104683,false,שעועית ירוקה שלמה סנפרוסט (800 גרם),תנובה מרכז שיתופי לשיווק תוצרת,,,"י""ח",800,ל גרם,false,1,23.90,2.99,true,1,
7290000104690,false,גרעיני תירס מוקפאים סנפרוסט (800 גרם),תנובה מרכז שיתופי לשיווק תוצרת,,,"י""ח",800,ל גרם,false,1,19.30,2.41,true,1,
7290000104706,false,גזר גמדי מוקפא סנפרוסט (800 גרם),תנובה מרכז שיתופי לשיווק תוצרת,,,"י""ח",800,ל גרם,false,1,19.40,2.43,true,1,
7290000104713,false,פול ירוק קפוא סנפורסט 800 גרם,תנובה מרכז שיתופי לשיווק תוצרת,,,"י""ח",800,ל גרם,false,1,26.60,3.33,true,1,
7290000104720,false,שעועית ירוקה חתוכה סנפרוסט (800 גרם),תנובה מרכז שיתופי לשיווק תוצרת,,,"י""ח",800,ל גרם,false,1,19.90,2.49,true,1,
7290000104744,false,כרובית מוקפאת סנפרוסט (800 גרם),תנובה מרכז שיתופי לשיווק תוצרת,,,"י""ח",800,ל גרם,false,1,26.40,3.30,true,1,
7290000104799,false,שעועית לבנה מבושלת סנפרוסט (800 גרם),תנובה מרכז שיתופי לשיווק תוצרת,,,"י""ח",1,"ק""ג",false,1,21.90,21.90,true,1,
7290000104805,false,גרגרי חומוס מבושלים סנפרוסט (800 גרם),תנובה מרכז שיתופי לשיווק תוצרת,,,"י""ח",800,ל גרם,false,1,21.90,2.74,true,1,
7290000104829,false,קלחי תירס חתוכים סנפרוסט 1 קילו,תנובה מרכז שיתופי לשיווק תוצרת,,,"י""ח",1,"ק""ג",false,1,22.40,22.40,true,1,
7290000104836,false,שעועית ירוקה עדינה שלמה סנפרוסט 600 גרם,תנובה מרכז שיתופי לשיווק תוצרת,,,"י""ח",600,ל גרם,false,1,23.90,3.98,true,1,
7290000107165,false,חטיף סויה אדממה סנפרוסט (400 גרם),תנובה מרכז שיתופי לשיווק תוצרת,,,"י""ח",400,ל גרם,false,1,15.40,3.85,true,1,
7290000107295,false,תפרחות ברוקולי סנפרוסט 800 גרם,תנובה מרכז שיתופי לשיווק תוצרת,,,"י""ח",800,ל גרם,false,1,27.60,3.45,true,1,
7290000111063,false,מיונז אמיתי תלמה (250 גרם),יוניליוור ישראל שיווק בע`מ,,,"י""ח",250,ל גרם,false,1,7.90,3.16,false,1,
7290000111117,false,מרכך כביסה לבן בדין (4 ליטר),יוניליוור ישראל שיווק בע`מ,,,"י""ח",4,ליטר,false,1,21.90,5.48,false,1,
7290000111186,false,"מיונז אמיתי תלמה 500 גרם בד""צ","יוניליוור ישראל שיווק בע""מ",,,"י""ח",500,ל גרם,false,1,10.40,2.08,false,1,
7290000111353,false,מיונז אמיתי תלמה (1 קג),"יוניליוור ישראל שיווק בע""מ",,,"י""ח",1,"ק""ג",false,1,18.90,18.90,false,1,
7290000111360,false,חרדל אמיתי חריף 250 גרם בצנצנת כשלפ,יוניליוור ישראל שיווק בע`מ,,,"י""ח",250,ל גרם,false,1,6.90,2.76,false,1,
7290000111384,false,חרדל אמיתי בצנצנת 550 ג' תלמה,יוניליוור ישראל שיווק בע`מ,,,"י""ח",550,ל גרם,false,1,9.10,1.65,false,1,
7290000112220,false,טחינה גולמית שומשום טהור בארכה 500 גרם,קבוצת אוסם סחר שותפות מוגבלת,,,"י""ח",500,ל גרם,false,1,15.40,3.08,false,1,
7290000112497,false,מרק עשיר עוף אטריות קנור 75 גרם - שקיות,יוניליוור ישראל שיווק בע`מ,,,"י""ח",68,ל גרם,false,1,10.20,15,true,1,
7290000116204,false,"אבקת מרק דגש בטעם עוף 1ק""ג קנור","יוניליוור ישראל שיווק בע""מ",,,"י""ח",1,מטר,false,1,16.90,16.90,true,1,
7290000116921,false,"קנור רוטב צילי מתוק 300 מ""ל כשלפ",יוניליוור ישראל שיווק בע`מ,,,"י""ח",340,"ל מ""ל",false,1,11.90,3.50,true,1,
7290000117720,false,נמס בכוס פטריות קנור 21.5 גרם מארז זוגי,יוניליוור ישראל שיווק בע`מ,,,"י""ח",43,ל גרם,false,1,8.50,19.77,true,1,
7290000118277,false,כופתאות מצה להכנת מהירה 65 ג' קנור,"יוניליוור ישראל שיווק בע""מ",,,"י""ח",130,ל גרם,false,1,11.80,9.08,false,1,
7290000120836,false,מיונז אמיתי הלמנס (394 גרם),"יוניליוור ישראל שיווק בע""מ",,,"י""ח",394,ל גרם,false,1,13.90,3.53,false,1,
7290000121017,false,שומרון גבינה מותכת 7% 120 גרם,נטו מלינדה סחר בע`מ,,,"י""ח",120,ל גרם,false,1,13.50,11.25,false,1,
7290000121031,false,החתול המחייך גבינה מותכת 14% מון בלאן 120 גרם,נטו מילנדה סחר בעמ*,,,"י""ח",120,ל גרם,false,1,13.50,11.25,false,1,
7290000124841,false,ורד הגליל שוקולד חלב מארז שלישיה 300 גרם,"יוניליוור ישראל שיווק בע""מ",,,"י""ח",300,ל גרם,false,1,15.90,5.30,true,1,
7290000129785,false,מרכך כביסה ירוק בדין (4 ליטר),יוניליוור ישראל שיווק בע`מ,,,"י""ח",4,ליטר,false,1,21.90,5.48,false,1,
7290000134147,false,טעם וריח מוסקט טחון מיכל 40גר,"תבליני טעם וריח בע""מ",,,"י""ח",1,,false,1,15.90,15.90,false,1,
7290000134307,false,קינמון טחון 50 גרם טעם וריח,"תבליני טעם וריח בע""מ",,,"י""ח",1,,false,1,5.90,5.90,false,1,
7290000134314,false,פיצה תערובת תיבול 120 גרם מיכל גדול,"תבליני טעם וריח בע""מ",,,"י""ח",1,,false,1,9.90,9.90,true,1,
7290000134338,false,אבקת שום בקופ' 90 גר' טעם וריח,"תבליני טעם וריח בע""מ",,,"י""ח",90,ל גרם,false,1,9.90,11,true,1,
7290000134550,false,עלי דפנה 20 גר' טעם וריח,"תבליני טעם וריח בע""מ",,,"י""ח",1,,false,1,5.90,5.90,false,1,
7290000134758,false,"תיבול לתפו""א בקופ' 100 גר' טעם וריח","תבליני טעם וריח בע""מ",,,"י""ח",1,,false,1,9.90,9.90,true,1,
7290000134826,false,זעתר מעורב בקופ' 100 גר' טעם וריח,"תבליני טעם וריח בע""מ",,,"י""ח",1,,false,1,9.90,9.90,true,1,
7290000134833,false,כמון טחון בקופ' 100 גר' טעם וריח,"תבליני טעם וריח בע""מ",,,"י""ח",1,,false,1,9.90,9.90,true,1,
7290000134840,false,כורכום טחון בקופ' 100 גר' טעם וריח,"תבליני טעם וריח בע""מ",,,"י""ח",1,,false,1,9.90,9.90,true,1,
7290000134857,false,פפריקה מתוקה בקופ' 100 גר' טעם וריח,"תבליני טעם וריח בע""מ",,,"י""ח",1,,false,1,9.90,9.90,true,1,
7290000134864,false,פפריקה חריפה בקופ' 100 גר' טעם וריח,"תבליני טעם וריח בע""\מ",,,"י""ח",1,,false,1,9.90,9.90,true,1,
7290000134871,false,פלפל שחור טחון בקופ' 100 גר' טעם וריח,"תבליני טעם וריח בע""מ",,,"י""ח",100,ל גרם,false,1,14.90,14.90,true,1,
7290000134970,false,חוואיג' בקופ' 100 גר' טעם וריח,"תבליני טעם וריח בע""מ",,,"י""ח",1,,false,1,9.90,9.90,true,1,
7290000135045,false,"XL TEN משקה אנרגיה פתוח ללא סוכר 250 מ""ל","טמפו משקאות בע""\מ",,,"י""ח",250,"ל מ""ל",false,1,4.20,1.56,true,1,
7290000135052,false,"XL TEN משקה אנרגיה מנגו ללא סוכר 250 מ""ל","טמפו משקאות בע""\מ",,,"י""ח",250,"ל מ""ל",false,1,4.20,1.56,true,1,
7290000135113,false,משקה אנרגיה אקסל נענע ליים ללס (250 מל,"טמפו משקאות בע""\מ",,,"י""ח",250,"ל מ""ל",false,1,4.50,1.68,true,1,
7290000136585,false,משקה בטעם תפוזים תריסר 1.5 ל' ג'אמפ,"טמפו משקאות בע""\ם.",,,"י""ח",1.50,ליטר,false,1,7.50,4.80,true,1,
7290000136646,false,בירה שחורה נשר מאלט בקבוק 1.5 ליטר,"טמפו משקאות בע""\מ",,,"י""ח",1.50,ליטר,false,1,9.40,6.07,true,1,
7290000136653,false,בירה שחורה נשר מאלט דיאט בקבוק 1.5ל`,"טמפו משקאות בע""\מ",,,"י""ח",1.50,ליטר,false,1,9.50,6.13,true,1,
7290000136844,false,מארז מים מזוככים אקווה נובה שישיית 2 ליטר,"טמפו משקאות בע""\מ",,,"י""ח",12,ליטר,false,1,12.90,0.93,false,1,
7290000137513,false,גלידונית גלידה וניל בציפוי שוקולד 60 יח' קרמיסימו,"גלידת שטראוס בע""\מ, רחוב",,,"י""ח",700,ל גרם,false,1,49.90,7.13,false,1,
7290000137643,false,שלגוני טעמקור בטעם שוקו וניל שטראוס 8*50 גרם,"גלידת שטראוס בע""\מ, רחוב",,,"י""ח",1,,false,1,34.90,34.90,false,1,
7290000144467,false,שמן חמניות מועשר בנוגדי חמצון 1 ל' עץ הזית,"נארז ע""י : א.ג. גילר",,,"י""ח",1,ליטר,false,1,16.90,16.90,false,1,
7290000144474,false,שמן עץ הזית קנולה 1 ליטר בריאות מהטבע,סוגת תעשיות בעמ,,,"י""ח",1,ליטר,false,1,15.90,15.90,false,1,
7290000146676,false,הוואי - סבון מוצק לגבר 100 גרם רביעייה,טרופיקל דגיל קוסמטיק,,,"י""ח",400,ל גרם,false,1,13.90,3.48,true,1,
7290000146683,false,הוואי - סבון מוצק אפקט דאודורנט 100 גרם רביעייה,טרופיקל דגיל קוסמטיק,,,"י""ח",400,ל גרם,false,1,13.90,3.48,true,1,
7290000148380,false,פיסטוקים קלויים קליית גת (200 גרם),ליימן שליסל בעמ,,,"י""ח",200,ל גרם,false,1,23.90,11.95,true,1,
7290000148489,false,"קליית גת גרעיני דלעת קלויים,200 גרם",ליימן שליסל בעמ,,,"י""ח",200,ל גרם,false,1,9.90,4.95,false,1,
7290000148618,false,קשיו מטוגן שקית קליית גת 200 גרם,ליימן שליסל בעמ,,,"י""ח",200,ל גרם,false,1,21.90,10.95,true,1,
7290000148748,false,קליית גת גרעיני חמניה קלויים ומומלחים200,ליימן שליסל בעמ,,,"י""ח",200,ל גרם,false,1,6.90,3.45,true,1,
7290000148939,false,שקדים קלויים קליית גת (200 גרם),ליימן שליסל בעמ,,,"י""ח",200,ל גרם,false,1,22.90,11.45,true,1,
7290000149905,false,טקסטיל שמפו נוזלי לאריגים עדינים1ליט,החברה הדרומית לשיווק בעמ,,,"י""ח",1,ליטר,false,1,12.90,12.90,false,1,
7290000152288,false,עוף טוב נקניקיות עוף מיס לוסי 400 גרם,קבוצת אוסם סחר-שות.מוגבלת,,,"י""ח",400,ל גרם,false,1,10.90,2.73,true,1,
7290000161358,false,מיונז אמיתי משמן קנולה תלמה (500 גרם),"יוניליוור ישראל שיווק בע""מ",,,"י""ח",500,ל גרם,false,1,14.90,2.98,false,1,
7290000174723,false,שוקולית אבקה להכנת משקה שוקו 500 גרם,הנסיך- מפעל לייצור ט,,,"י""ח",500,ל גרם,false,1,13.80,2.76,false,1,
7290000176062,false,קפה טורקי בשקית 100 ג' עלית,שטראוס קפה בי.ויn\.,,,"י""ח",100,ל גרם,false,1,9.50,9.50,false,1,
7290000176413,false,קפה נמס עלית פחית 50 גרם,הנסיך- מפעל לייצור ט,,,"י""ח",50,ל גרם,false,1,10.90,21.80,false,1,
7290000176468,false,קפה נמס נטול קפאין 50 ג' קפה האג,שטראוס גרופ בע`מ,,,"י""ח",50,ל גרם,false,1,12.50,25,false,1,
7290000176475,false,קפה נמס נטול קפאין האג עלית (200 גרם),שטראוס גרופ בע`מ,,,"י""ח",200,ל גרם,false,1,38.90,19.45,false,1,
7290000178707,false,חטיף צ`יפס בטעם טבעי תפוצ`יפס (50 גרם),"שטראוס פריטו ליי בע""\מ )",,,"י""ח",50,ל גרם,false,1,4.40,8.80,false,1,
7290000178721,false,חטיף צ`יפס בטעם טבעי תפוצ`יפס (200 גרם),"שטראוס פריטו ליי בע""\מ )",,,"י""ח",200,ל גרם,false,1,12.20,6.10,true,1,
7290000187860,false,מגבוני טואלט לחים לילי דיספנסר 40יח',קימברלי קלארק ישראל שיווק בעמ,,,"י""ח",59,ל גרם,false,1,8.90,15.08,false,1,
7290000187952,false,נייר טואלט תלת שכבתי ורוד לילי 32 יחידות,קימברלי קלארק ישראל שיווק בעמ,,,"י""ח",537,מטר,false,1,45.90,0.09,false,1,
7290000190068,false,מפיות אירוח לבן 100 יחי' ניקול,קימברלי קלארק ישראל שיווק בעמ,,,"י""ח",100,"י""ח",false,1,8.90,0.09,false,1,
7290000190150,false,מפיות מודפסות תלת שכבתיות ניקול 20 יחידות,קימברלי קלארק ישראל שיווק בעמ,,,"י""ח",20,"י""ח",false,1,8.90,0.45,false,1,
7290000191539,false,חמישיית ממחטות טישו צבועני לילי 100 יחידות,קימברלי קלארק ישראל שיווק בעמ,,,"י""ח",593,ל גרם,false,1,17.90,3.02,false,1,
7290000191652,false,שלישיית ממחטות אולטרה סופט קלינקס 90 יחידות,קימברלי קלארק ישראל שיווק בעמ,,,"י""ח",1,,false,1,13.90,13.90,false,1,
7290000193083,false,נובה-לי תחבושות היגייניות לילי 28 יחידות,קימברלי קלארק ישראל שיווק בעמ,,,"י""ח",1,"י""ח",false,1,12,12,true,1,
7290000193205,false,תחבושות עם כנפיים ללילה נטורל לילי 20 יחידות,קימברלי קלארק ישראל שיווק בעמ,,,"י""ח",1,"י""ח",false,1,19.90,19.90,false,1,
7290000193472,false,מגן תחתון נטורל נורמל לילי 60 יחידות,קימברלי קלארק ישראל שיווק בעמ,,,"י""ח",1,"י""ח",false,1,19.90,19.90,false,1,
7290000193649,false,תחבושות עם כנפיים נורמל פלוס לילי 24 יחידות,קימברלי קלארק ישראל שיווק בעמ,,,"י""ח",1,"י""ח",false,1,19.90,19.90,false,1,
7290000193656,false,תחבושות עם כנפיים סופר פלוס לילי 24 יחידות,קימברלי קלארק ישראל שיווק בעמ,,,"י""ח",100,ל גרם,false,1,19.90,19.90,false,1,
7290000195537,false,האגיס - מגבוני האגיס דיילי קר לא מבושם 64 יח' * 4,קימברלי קלארק ישראל שיווק בעמ,,,"י""ח",4,"י""ח",false,1,19.90,4.98,true,1,
7290000196039,false,ניקול מפות שולחן חד פעמיות 2 יח,קימברלי קלארק ישראל שיווק בעמ,,,"י""ח",250,ל גרם,false,1,13.90,5.56,false,1,
7290000197081,false,ניקול ניילון נצמד 150 מטר+מתקן לחיתוך קל,קימברלי קלארק ישראל שיווק בעמ,,,"י""ח",150,מטר,false,1,32.90,0.22,false,1,
7290000197340,false,"רדיד אלומניום ארוך 45 ס""מ רוחב ניקול 7.5 מטר",קימברלי קלארק ישראל שיווק בעמ,,,"י""ח",1,"י""ח",false,1,21.90,21.90,false,1,
7290000197432,false,שקיות אוכל סנדביצ'ון ניקול מארז 150X2יח',קימברלי קלארק ישראל שיווק בעמ,,,"י""ח",2,"י""ח",false,1,12.90,6.45,false,1,
7290000197470,false,שקיות רב שימושיות מתכלות ניקול 250 יחידות,קימברלי קלארק ישראל שיווק בעמ,,,"י""ח",200,"י""ח",false,1,17.90,0.09,false,1,
7290000197753,false,ניילון נצמד אנטי בטקריאלי ניקול 30X2מ',קימברלי קלארק ישראל שיווק בעמ,,,"י""ח",1,"י""ח",false,1,13.10,13.10,false,1,
7290000197876,false,תבניות אלומיניום קטנות עם מכסה ניקול 4 יחידות,קימברלי קלארק ישראל שיווק בעמ,,,"י""ח",26,"י""ח",false,1,11.90,0.46,false,1,
7290000197951,false,תבניות אלומיניום ענקיות ניקול 3 יחידות,קימברלי קלארק ישראל שיווק בעמ,,,"י""ח",1,,false,1,11.90,11.90,false,1,
7290000197982,false,"רדיד אלומיניום עבה 45 ס""מ רוחב ניקול 2 יח' 7.5 מטר",קימברלי קלארק ישראל שיווק בעמ,,,"י""ח",2,"י""ח",false,1,24.90,12.45,false,1,
7290000199313,false,תחבושות עם כנפיים נורמל פלוס קוטקס 30 יחידות,קימברלי קלארק ישראל שיווק בעמ,,,"י""ח",1,"י""ח",false,1,19.90,19.90,true,1,
7290000204086,false,ניקול כרית קרצוף מארז שלישייה,קימברלי קלארק ישראל שיווק בעמ,,,"י""ח",3,"י""ח",false,1,11.90,3.97,false,1,
7290000204147,false,רביעיית כרית יפנית עבה ניקול 4 יחידות,קימברלי קלארק ישראל שיווק בעמ,,,"י""ח",4,"י""ח",false,1,17.20,4.30,false,1,
7290000204215,false,שישיית כרית יפנית ניקול 6 יחידות,קימברלי קלארק ישראל שיווק בעמ,,,"י""ח",600,ל גרם,false,1,10.90,1.82,false,1,
7290000204239,false,ניקול מטליות ריצפה רביעיה,קימברלי קלארק ישראל שיווק בעמ,,,"י""ח",4,"י""ח",false,1,13.90,3.48,false,1,
7290000204253,false,מטליות רב שימושיות לניקיון ניקול 9 יחידות,קימברלי קלארק ישראל שיווק בעמ,,,"י""ח",9,"י""ח",false,1,10.90,1.21,false,1,
7290000207162,false,רוטב עגבניות מרכיב טבעי 100 ג' יכין,זנלכול יכין,,,"י""ח",100,ל גרם,false,1,2.90,2.90,true,1,
7290000207438,false,עגבניות מקולפות חתוכות לקוביות,זנלכול יכין,,,"י""ח",800,ל גרם,false,1,11.90,1.49,false,1,
7290000208022,false,עגבניות 2.5 A מרוסקות 850 גרם יכין,זנלכול יכין,,,"י""ח",800,ל גרם,false,1,11.90,1.49,false,1,
7290000208077,false,אפונת גינה גדולה יכין (550 גרם),זנלכול יכין,,,"י""ח",550,ל גרם,false,1,10.90,1.98,true,1,
7290000208114,false,"אפונה וגזר יכין A2 פ""ק בית יוסף",זנלכול יכין,,,"י""ח",550,ל גרם,false,1,10.90,1.98,true,1,
7290000208145,false,גרעיני תירס מתוק לייט 550 גרם יכין,זנלכול יכין,,,"י""ח",550,ל גרם,false,1,11.90,2.16,false,1,
7290000208213,false,שעועית לבנה אפויה A2 ברוטב עגבניות יכין 560ג',היינץ צפון אמריקה מק,,,"י""ח",580,ל גרם,false,1,10.90,1.88,true,1,
7290000208220,false,שעועית צ`ילי מקסיקני חריף יכין (550 גרם),היינץ צפון אמריקה מק,,,"י""ח",550,ל גרם,false,1,11.90,2.16,false,1,
7290000208312,false,גרעיני תירס מתוק בואקום יכין 400 גר',"זנלכל בע""\מ",,,"י""ח",325,ל גרם,false,1,7.90,2.43,true,1,
7290000208329,false,גרעיני תירס מתוק יכין (550 גרם),זנלכול יכין,,,"י""ח",550,ל גרם,false,1,10.90,1.98,true,1,
7290000208336,false,רסק יכין 240גר 22% יכין בית יוסף,"זנלכל בע""\מ",,,"י""ח",240,ל גרם,false,1,4.90,2.04,true,1,
7290000208343,false,עגבניות מרוסקות שום יכין A2.5 בית יוסף,היינץ צפון אמריקה מק,,,"י""ח",900,ל גרם,false,1,11.90,1.32,false,1,
7290000208350,false,עגבניות מרוסקות עם בצל יכין (800 גרם),זנלכול יכין,,,"י""ח",900,ל גרם,false,1,11.90,1.32,false,1,
7290000208367,false,עגבניות מרוסקות בזיליקום יכין A2.5 בית יוסף,זנלכול יכין,,,"י""ח",800,ל גרם,false,1,11.90,1.49,false,1,
7290000208404,false,A2 פול מצרי 550 גרם יכין,זנלכול יכין,,,"י""ח",600,ל גרם,false,1,10.90,1.82,false,1,
7290000208428,false,גרגרי חומוס שלם 550 גרם יכין,היינץ צפון אמריקה מק,,,"י""ח",550,ל גרם,false,1,10.90,1.98,true,1,
7290000208534,false,תירס קיד גרעיני תירס מתוק יכין (550 גרם),זנלכול יכין,,,"י""ח",550,ל גרם,false,1,11.90,2.16,false,1,
7290000208855,false,רוטב לפסטה קלאסי יכין (240 גרם),זנלכול יכין,,,"י""ח",240,ל גרם,false,1,6.50,2.71,false,1,
7290000208893,false,גרעיני תירס מתוק לייט 400 גרם יכין,היינץ צפון אמריקה מק,,,"י""ח",340,ל גרם,false,1,7.90,2.32,false,1,
7290000208930,false,עגבניות מרוסקות בתוספת שום 240 גרם יכין,זנלכול יכין,,,"י""ח",240,ל גרם,false,1,6.50,2.71,false,1,
7290000208947,false,עגבניות מרוסקות יכין (240 גרם),היינץ צפון אמריקה מק,,,"י""ח",240,ל גרם,false,1,6.50,2.71,false,1,
7290000208978,false,רוטב עגבניות (10028% גרם)פריכוז יכין,זנלכול יכין,,,"י""ח",100,ל גרם,false,1,3.50,3.50,false,1,
7290000209043,false,מיץ לימון משומר לתיבול יכין (1 ליטר),היינץ צפון אמריקה מק,,,"י""ח",1,ליטר,false,1,7.90,7.90,true,1,
7290000209173,false,חומצה אצטית למזון 5% יכין 1 ליטר,זנלכול יכין,,,"י""ח",1,ליטר,false,1,6.50,6.50,false,1,
7290000209722,false,רוטב עגבניות 28% יכין (580 גרם)פריכוז,"זנלכל בע""\מ",,,"י""ח",580,ל גרם,false,1,12.90,2.22,true,1,
7290000209951,false,רוטב עגבניות לפיצה 260 גרם יכין,"זנלכל בע""\מ",,,"י""ח",240,"ל מ""ל",false,1,6.50,2.71,false,1,
7290000209968,false,רוטב עגבניות ללזניה יכין 240 גרם,זנלכול יכין,,,"י""ח",240,ל גרם,false,1,6.50,2.71,false,1,
7290000211169,false,"אורז תאילנדי אחד אחד סוגת 1 ק""ג",האי נאם סי או אל.טי.,,,"י""ח",1,"ק""ג",false,1,7.90,7.90,false,1,
7290000211312,false,סוגת אורז מלא פרסי אחד אחד 1 קג,האי נאם סי או אל.טי.,,,"י""ח",1,"ק""ג",false,1,10.60,10.60,false,1,
7290000211442,false,אורז בסגנון פרסי קלאסי סוגת (1 קג),האי נאם סי או אל.טי.,,,"י""ח",1,"ק""ג",false,1,10.90,10.90,false,1,
7290000211503,false,סוכר לבן ארוז בשקית,"סוגת תעשיות בע""\מ",,,"י""ח",1,"ק""ג",false,1,4.40,4.40,false,1,
7290000211985,false,אורז עגול ריזוטו אחד אחד 1 קג,"סוגת תעשיות בע""\מ",,,"י""ח",1,"ק""ג",false,1,9.90,9.90,false,1,
7290000226545,false,"עוגת טורט היער השחור קפולסקי 1 ק""ג",קפולסקי שיווק וקמעונ,,,"י""ח",1,"ק""ג",false,1,64.90,64.90,false,1,
7290000226569,false,עוגת טורט קצפת שוקולד קפולסקי (1 קג),תופינים מקבוצת קפולסקי,,,"י""ח",1,"ק""ג",false,1,64.90,64.90,false,1,
7290000226576,false,"עוגת טורט מצופה שוקולד קפולסקי 1 ק""ג",תופינים מקבוצת קפולסקי,,,"י""ח",1,"ק""ג",false,1,64.90,64.90,false,1,
7290000238029,false,"בצק עלים צרפתי מרודד מעדנות 1 ק""ג",תנובה מרכז שיתופי לשיווק תוצרת,,,"י""ח",1,"ק""ג",false,1,21.90,21.90,false,1,
7290000238036,false,מלאווח מעדנות 6 יח`700 גרם קפוא,תנובה מרכז שיתופי לשיווק תוצרת,,,"י""ח",700,ל גרם,false,1,17.90,2.56,true,1,
7290000238173,false,.בורקס במילוי גבינה 800 גרם מעדנות,מיוצר עי קונדיטוריית,,,"י""ח",800,ל גרם,false,1,21.90,2.74,true,1,
7290000238180,false,בורקס במילוי תפוא 800 גרם מעדנות,מיוצר עי קונדיטוריית,,,"י""ח",800,ל גרם,false,1,19.90,2.49,true,1,
7290000244143,false,קרם הוואי לאחר גילוח+ לחות 120 מ``ל,טרופיקל דגיל קוסמטיק,,,"י""ח",120,ל גרם,false,1,23.90,19.92,true,1,
7290000244761,false,קרם ידיים ולוטה (80 גרם),טרופיקל דגיל קוסמטיק,,,"י""ח",100,"ל מ""ל",false,1,14.60,14.60,true,1,
7290000245157,false,סוד סופט מרכך כביסה סנסיישן 4 ליטר,גורי שיווק בעמ,,,"י""ח",4,ליטר,false,1,18.90,4.73,false,1,
7290000245294,false,"פרסיל אבקת כביסה סופרא 2.5ק""ג",גורי שיווק בעמ,,,"י""ח",2.50,"ק""ג",false,1,27.90,11.16,false,1,
7290000245515,false,"א.כ סוד קומפקט ביואקטיב פרפריום 1.25 ק""ג",גורי שיווק בעמ,,,"י""ח",1.25,"ק""ג",false,1,9.90,7.92,false,1,
7290000245782,false,סוד סופט מרכך כביסה ורוד 4 ליטר,גורי שיווק בעמ,,,"י""ח",4,ליטר,false,1,18.90,4.73,false,1,
7290000253220,false,שוקולדצ`יפס לאפייה 260 גר`אופנהיימר,תה ויסוצקי (ישראל) בעמ,,,"י""ח",260,ל גרם,false,1,13.90,5.35,false,1,
7290000253251,false,נטיפי שוקולד צ`יפס לבן לאפיה 250 גרם,תה ויסוצקי (ישראל) בעמ,,,"י""ח",250,ל גרם,false,1,12.90,5.16,false,1,
7290000262161,false,נייר טואלט לב אדום 40 גלילים מולט,קימברלי קלארק ישראל שיווק בעמ,,,"י""ח",716,מטר,false,1,38.90,0.05,false,1,
7290000262239,false,נייר טואלט מולט 48 גלילים,קימברלי קלארק ישראל שיווק בעמ,,,"י""ח",2770,ל גרם,false,1,44.90,1.62,false,1,
7290000267012,false,שקד מולבן שלם 100גר שקדיה,דין שיווק וקליה 2021 בעמ,,,"י""ח",100,ל גרם,false,1,11.90,11.90,true,1,
7290000267050,false,שקדים טבעיים טחונים השף 100 גרם,דין שיווק וקליה 2021 בעמ,,,"י""ח",100,ל גרם,false,1,13.80,13.80,true,1,
7290000267548,false,אגוזי מלך טחונים השף 100 גרם,דין שיווק וקליה 2021 בעמ,,,"י""ח",100,ל גרם,false,1,10.90,10.90,false,1,
7290000267586,false,גרעייני חמניה קלופים 150 גר,דין שיווק וקליה 2021 בעמ,,,"י""ח",150,ל גרם,false,1,9.90,6.60,false,1,
7290000272443,false,סירופ דיאט בטעם תפוזים עסיס 1 ליטר,קבוצת אוסם סחר שותפות מוגבלת,,,"י""ח",1,ליטר,false,1,17,17,false,1,
7290000272696,false,מיץ לימון טבעי משומר 1 ליטר עסיס כלפ,קבוצת אוסם סחר שותפות מוגבלת,,,"י""ח",1,ליטר,false,1,9.90,9.90,false,1,
7290000272726,false,חומץ רכיבים רכיבים טבעיים 5% עסיס 1 ליטר,קבוצת אוסם סחר שותפות מוגבלת,,,"י""ח",1,ליטר,false,1,7.50,7.50,false,1,
7290000286945,false,סנו רהיט נוזלי תרסיס 500 סמק+אקדח,החברה הדרומית לשיווק בעמ,,,"י""ח",500,"ל מ""ל",false,1,25.90,5.18,false,1,
7290000287409,false,"שלישיית סנובון תות לאסלה ""סנו""",החברה הדרומית לשיווק בעמ,,,"י""ח",165,ל גרם,false,1,12.90,7.82,false,1,
7290000287430,false,סנובון צבעוני לאסלה בריח לימון שלישייה,החברה הדרומית לשיווק בעמ,,,"י""ח",165,ל גרם,false,1,12.90,7.82,false,1,
7290000288017,false,אקונומיקה בריח לימון סנו ז'אוול 1 ליטר,החברה הדרומית לשיווק בעמ,,,"י""ח",1,ליטר,false,1,8.90,8.90,false,1,
7290000288024,false,סנו - ז'אוול אקונומיקה בריח לימון 4 ליטר,החברה הדרומית לשיווק בעמ,,,"י""ח",4,ליטר,false,1,17.90,4.48,false,1,
7290000288031,false,"אקונומיקה תו תקן 4 ליטר ""סנו""",החברה הדרומית לשיווק בעמ,,,"י""ח",4,ליטר,false,1,11.90,2.98,false,1,
7290000288048,false,ז`אוול מרסס לניקוי כללי לבנדר סנו (1 ליט,החברה הדרומית לשיווק בעמ,,,"י""ח",1,ליטר,false,1,19.90,19.90,false,1,
7290000288253,false,"קוטל חרקים מעופפים K-400 סנו 630 מ""ל",החברה הדרומית לשיווק בעמ,,,"י""ח",630,"ל מ""ל",false,1,25.40,4.03,false,1,
7290000288642,false,מקסימה מרכך כביסה סנסיטיב בייבי סנו 4 ליטר,החברה הדרומית לשיווק בעמ,,,"י""ח",4,ליטר,false,1,21.90,5.48,false,1,
7290000289069,false,סנו - ז'אוול מרסס קצף ניקוי בתוספת אקונומיקה בריח לימון 1 ליטר,החברה הדרומית לשיווק בעמ,,,"י""ח",1,ליטר,false,1,19.90,19.90,false,1,
7290000289472,false,סנו סושי רב שקית שקיות אשפה90*76 50י,החברה הדרומית לשיווק בעמ,,,"י""ח",1,,false,1,18.90,18.90,false,1,
7290000289496,false,"סנו - ז'אוול ג'ל קרם לניקוי כללי לימון 750 מ""ל",החברה הדרומית לשיווק בעמ,,,"י""ח",750,"ל מ""ל",false,1,11.90,1.59,false,1,
7290000289595,false,"אורביטול משחת שיניים לילדים בטעם תות שדה 145 מ""ל",טרופיקל דגיל תעשיות קוסמ,,,"י""ח",145,ל גרם,false,1,8.90,6.14,false,1,
7290000291956,false,סנו אקונומיקה מונבלאן 1 ל,החברה הדרומית לשיווק בעמ,,,"י""ח",1,ליטר,false,1,8.50,8.50,false,1,
7290000291963,false,אקונומיקה סמיכה בריח לימון סנו ז'אוול 1 ליטר,החברה הדרומית לשיווק בעמ,,,"י""ח",1,ליטר,false,1,10.20,10.20,false,1,
7290000292687,false,סנובון מוצק לניקוי אסלה קלאסיק כחול סנו 3 יחידות,החברה הדרומית לשיווק בעמ,,,"י""ח",165,ל גרם,false,1,17.90,10.85,true,1,
7290000293073,false,מקסימה מרכך כביסה ביו לבן סנו 4 ליטר,החברה הדרומית לשיווק בעמ,,,"י""ח",4,ליטר,false,1,21.90,5.48,false,1,
7290000293943,false,"מרסס לבן מסיר אבנית 1 ליטר אנטי קאלק ""סנו""",החברה הדרומית לשיווק בעמ,,,"י""ח",1,ליטר,false,1,19.90,19.90,false,1,
7290000294773,false,אקונומיקה בריח לבנדר סנו ז'אוול 4 ליטר,החברה הדרומית לשיווק בעמ,,,"י""ח",4,ליטר,false,1,17.90,4.48,false,1,
7290000294780,false,אקונומיקה סמיכה בריח לימון סנו ז'אוול 4 ליטר,החברה הדרומית לשיווק בעמ,,,"י""ח",4,ליטר,false,1,17.90,4.48,false,1,
7290000295299,false,סנו סושי כריות הפלא רב תכלתיות רביעייה,החברה הדרומית לשיווק בעמ,,,"י""ח",1,,false,1,12.90,12.90,false,1,
7290000295503,false,זוג שקיות מזון טבע 19*25 סנו סושי 150 יחידות,החברה הדרומית לשיווק בעמ,,,"י""ח",1,,false,1,15.90,15.90,false,1,
7290000295565,false,"רדיד אלומיניום רוחב 45 ס""מ סנו 2 יח' 7.5 מטר",החברה הדרומית לשיווק בעמ,,,"י""ח",1,,false,1,18.90,18.90,false,1,
7290000295794,false,ספוגיות מתכת אל חלד לניקוי סנו 3 יחידות,החברה הדרומית לשיווק בעמ,,,"י""ח",1,,false,1,12.90,12.90,false,1,
7290000295824,false,"רדיד אלומיניום 30 ס""מ רוחב סנו סושי 100 מטר",החברה הדרומית לשיווק בעמ,,,"י""ח",1,,false,1,54.90,54.90,false,1,
7290000300900,false,שניצל תירס מרכיבים טבעיים טבעול 750 גרם,קבוצת אוסם סחר שותפות מוגבלת,,,"י""ח",750,ל גרם,false,1,39.90,5.32,true,1,
7290000302027,false,סיגריות טיים אדום פא,"דובק בע""מ",,,"י""ח",200,"י""ח",false,1,287.90,1.44,false,1,
7290000303598,false,שעועית לבנה ברוטב עגבניות פרי הגליל 570 גרם,ויטה- פרי גליל (החדשה) בעמ,,,"י""ח",550,ל גרם,false,1,7.90,1.44,true,1,
7290000303604,false,חומוס גרגירים A2 פרי גליל 550ג',ויטה- פרי גליל (החדשה) בעמ,,,"י""ח",600,ל גרם,false,1,7.90,1.32,true,1,
7290000307046,false,אפונת גינה וגזר פרי הגליל 550 גרם,ויטה- פרי גליל (החדשה) בעמ,,,"י""ח",550,ל גרם,false,1,7.90,1.44,true,1,
7290000307220,false,גרעיני תירס מתוק בואקום פרי הגליל 285 גרם,ויטה- פרי גליל (החדשה) בעמ,,,"י""ח",450,ל גרם,false,1,5.90,1.31,false,1,
7290000311135,false,מן עוגיות סטיקס בטעם שוקולד 300 גרם*,ח.כהן סוכנות מזון ומשקאות בע,,,"י""ח",300,ל גרם,false,1,6.90,2.30,false,1,
7290000311203,false,"וופלים בטעם שוקולד ""מן"" 200 גרם",רוקחמן בעמ מפעל לייצור ופלים ו,,,"י""ח",200,ל גרם,false,1,5.30,2.65,false,1,
7290000311210,false,"וופלים בטעם לימון ""מן"" 200 גרם",רוקחמן בעמ מפעל לייצור ופלים ו,,,"י""ח",200,ל גרם,false,1,5.30,2.65,false,1,
7290000311227,false,"וופלים במילוי קרם קפה ""מן"" 200 גרם",ח.כהן סוכנות מזון ומשקאות בע,,,"י""ח",200,ל גרם,false,1,4.90,2.45,false,1,
7290000311234,false,וופל מן בטעם וניל 200 גרם,ח.כהן סוכנות מזון ומשקאות בע,,,"י""ח",200,ל גרם,false,1,5.30,2.65,false,1,
7290000311319,false,"מן וופלים מצופים 10 יח' 1 ק""ג",רוקחמן בעמ מפעל לייצור ופלים ו,,,"י""ח",1,"ק""ג",false,1,24.90,24.90,false,1,
7290000311425,false,ופל מצופה עשיריות מן 220 גרם מארז 10 יחידות,רוקחמן בעמ מפעל לייצור ופלים ו,,,"י""ח",200,ל גרם,false,1,7.90,3.95,false,1,
7290000311500,false,וופלים מן שוקו ללא כולסטרול 500 גרם,רוקחמן בעמ מפעל לייצור ופלים ו,,,"י""ח",500,ל גרם,false,1,12.20,2.44,false,1,
7290000311517,false,מן וופלים בטעם לימון 500 גרם,ח.כהן סוכנות מזון ומשקאות בע,,,"י""ח",500,ל גרם,false,1,9.90,1.98,false,1,
7290000311708,false,מן עוגיות מחיטה מלאה 300 גרם*נ.ל.פ,רוקחמן בעמ מפעל לייצור ופלים ו,,,"י""ח",300,ל גרם,false,1,6.90,2.30,false,1,
7290000311715,false,מן עוגיות כוכבים בטעם שוקולד 300 גרם*נ.ל.פ,רוקחמן בעמ מפעל לייצור ופלים ו,,,"י""ח",300,ל גרם,false,1,8.50,2.83,false,1,
7290000311722,false,"עוגיות בטעם וניל עם כוכבים ""מן"" 300 גרם",רוקחמן בעמ מפעל לייצור ופלים ו,,,"י""ח",300,ל גרם,false,1,8.50,2.83,false,1,
7290000313160,false,זהבה ושלושת הדובים עוגיות בטעם שוקולד אסם 350 גרם,קבוצת אוסם סחר שותפות מוגבלת,,,"י""ח",250,ל גרם,false,1,9.50,3.80,false,1,
7290000313184,false,עוגיות חברים גן חיות וניל אסם 250 גר',קבוצת אוסם סחר שותפות מוגבלת,,,"י""ח",1,,false,1,9.60,9.60,false,1,
7290000313290,false,אסם נודלס נודלס איטריות מסולסלות 200גר,קבוצת אוסם סחר שותפות מוגבלת,,,"י""ח",200,ל גרם,false,1,12.90,6.45,false,1,
7290000315133,false,קנור ציר בקר משחתי 300ג,יוניליוור ישראל שיווק בע`מ,,,"י""ח",300,ל גרם,false,1,24.90,8.30,false,1,
7290000318127,false,נקניקיות ביס יחיעם (380 גרם),מעדני יחיעם (1993) בעמ,,,"י""ח",380,ל גרם,false,1,12.90,3.39,false,1,
7290000318479,false,נקניק פרושוטו בקר יחיעם 100 גרם,מעדני יחיעם ( 1993 ) בע`מ,,,"י""ח",100,ל גרם,false,1,28.10,28.10,false,1,
7290000318677,false,נקניק סלמי סרוולט יחיעם 150 גרם,מעדני יחיעם (1993) בעמ,,,"י""ח",150,ל גרם,false,1,24.90,16.60,false,1,
7290000318943,false,פסטרמה של פעם מעושן 1.5% יחיעם 200 גרם,מעדני יחיעם ( 1993 ) בע`מ,,,"י""ח",200,ל גרם,false,1,23.90,11.95,false,1,
7290000319131,false,נקניקיות עוף יחיעם 400 גרם,מעדני יחיעם (1993) בעמ,,,"י""ח",400,ל גרם,false,1,11.90,2.98,true,1,
7290000319520,false,נקניק סלמי צרפתי יחיעם 100 גרם,מעדני יחיעם (1993) בעמ,,,"י""ח",100,ל גרם,false,1,21.90,21.90,false,1,
7290000334684,false,תפוגן טבעות בצל לתנור 700 גרם,קבוצת אוסם סחר שותפות מוגבלת,,,"י""ח",700,ל גרם,false,1,18.40,2.63,false,1,
7290000339566,false,מרכך כביסה ורוד בדין (4 ליטר),יוניליוור ישראל שיווק בע`מ,,,"י""ח",4,ליטר,false,1,21.90,5.48,false,1,
7290000342832,false,מרכך כביסה צהוב בדין (4 ליטר),יוניליוור ישראל שיווק בע`מ,,,"י""ח",4,ליטר,false,1,21.90,5.48,false,1,
7290000342856,false,מרכך כביסה כחול בדין (4 ליטר),יוניליוור ישראל שיווק בע`מ,,,"י""ח",4,ליטר,false,1,21.90,5.48,false,1,
7290000345116,false,תה ירוק עלים ויסוצקי (125 גרם),תה ויסוצקי (ישראל) בעמ,,,"י""ח",125,ל גרם,false,1,17.50,14,false,1,
7290000345208,false,תה כחול קלאסיק ויסוצקי 25 יחידות,תה ויסוצקי (ישראל) בעמ,,,"י""ח",25,ל גרם,false,1,6.90,27.60,false,1,
7290000345260,false,תה קלאסיק מעטפות ויסוצקי 25 יחידות,תה ויסוצקי (ישראל) בעמ,,,"י""ח",37.50,ל גרם,false,1,7.90,21.07,false,1,
7290000345284,false,תה ויסוצקי קלאסי אריזה ירוקה מרובעת (100 שקיקים),תה ויסוצקי (ישראל) בעמ,,,"י""ח",150,ל גרם,false,1,17.90,11.93,false,1,
7290000345291,false,תה ארל גרי 1.5/ 25 שקיקים ויסוצקי,תה ויסוצקי (ישראל) בעמ,,,"י""ח",37.50,ל גרם,false,1,18.90,50.40,true,1,
7290000345307,false,תה ארל גרי 1.5/ 50 שקיקים ויסוצקי,תה ויסוצקי (ישראל) בעמ,,,"י""ח",75,ל גרם,false,1,32.90,43.87,true,1,
7290000345536,false,תה נענע 1.5/ 25 שקיקים ויסוצקי,תה ויסוצקי (ישראל) בעמ,,,"י""ח",37.50,ל גרם,false,1,19.90,53.07,false,1,
7290000346120,false,חליטת קינמון הגן הקסום ויסוצקי 25 יחידות,תה ויסוצקי (ישראל) בעמ,,,"י""ח",62.50,ל גרם,false,1,18.90,30.24,true,1,
7290000346168,false,חליטת שומר הגן הקסום ויסוצקי 25 יחידות,תה ויסוצקי (ישראל) בעמ,,,"י""ח",37.50,ל גרם,false,1,18.90,50.40,true,1,
7290000346199,false,חליטת פירות יער הגן הקסום ויסוצקי 25 יחידות,תה ויסוצקי (ישראל) בעמ,,,"י""ח",67.50,ל גרם,false,1,18.90,28,true,1,
7290000346205,false,חליטת קמומיל הגן הקסום ויסוצקי 25 יחידות,תה ויסוצקי (ישראל) בעמ,,,"י""ח",37.50,ל גרם,false,1,18.90,50.40,true,1,
7290000346212,false,חליטת מנטה הגן הקסום ויסוצקי 25 יחידות,תה ויסוצקי (ישראל) בעמ,,,"י""ח",50,ל גרם,false,1,18.90,37.80,true,1,
7290000346229,false,הגן הקסום תה ורד הבר והיביסקוס ויסוצקי 25 יחידות,תה ויסוצקי (ישראל) בעמ,,,"י""ח",75,ל גרם,false,1,18.90,25.20,true,1,
7290000347738,false,תה ירוק בתוספת עלי נענע 25 שקיקים,תה ויסוצקי (ישראל) בעמ,,,"י""ח",25,"י""ח",false,1,25.90,1.04,true,1,
7290000347752,false,תה ירוק לימונית ולואיזה 25 שקיקים *1.5 ג'' ויסוצקי,תה ויסוצקי (ישראל) בעמ,,,"י""ח",37.50,ל גרם,false,1,25.90,69.07,true,1,
7290000363899,false,נקניקיות פיקנטיות טירת צבי 400 גרם,תנובה ענף ב.ע.ד,,,"י""ח",400,ל גרם,false,1,15.50,3.88,false,1,
7290000364858,false,"נקניקיות עוף טרי טירת צבי 1 ק""ג",הנסיך- מפעל לייצור ט,,,"י""ח",1,"ק""ג",false,1,28.90,28.90,false,1,
7290000364872,false,נקניקיות עוף טירת צבי (400 גרם),טיב טירת צבי 2000,,,"י""ח",400,ל גרם,false,1,14.90,3.73,true,1,
7290000367590,false,פסטרמה כפרית וסלמי פריזר כפרי טירת צבי 2*400 גרם,תנובה מרכז שיתופי לשיווק תוצרת,,,"י""ח",8,"י""ח",false,1,33.90,4.24,false,1,
7290000377209,false,בוטנים מטוגנים קליית גת (200 גרם),ליימן שליסל בעמ,,,"י""ח",200,ל גרם,false,1,7,3.50,false,1,
7290000377445,false,נש צ'אנס קליית גת 200 גרם,ליימן שליסל בעמ,,,"י""ח",200,ל גרם,false,1,9.90,4.95,true,1,
7290000377452,false,גרעיני אבטיח קלויים ומלוחים קלית גת 200,הדקלאים אגודת שיתופי,,,"י""ח",200,ל גרם,false,1,13,6.50,false,1,
7290000377612,false,מיץ תפוזים סחוט טבעי פריגת 400 מל,*החברה המרכזית להפצת משקאותבעמ,,,"י""ח",400,"ל מ""ל",false,1,9.60,2.40,false,1,
7290000379000,false,חלה רגילה/קלועה חדשה 650 גרם *.,שלמה א.אנג ל בעמ,,,"י""ח",650,ל גרם,false,1,6.60,1.02,false,1,
7290000379128,false,חלה פרוס.וארוז500.גרם231,מאפיית שלמה א. אנג'\ל בע,,,"י""ח",500,ל גרם,false,1,10.90,2.18,false,1,
7290000379142,false,לחם עינן מחיטה מלאה פרוס 750 גרם(מרובע),מאפיית שלמה א. אנג'\ל בע,,,"י""ח",750,ל גרם,false,1,15.90,2.12,false,1,
7290000379203,false,לחם עינן קל פרוס מחיטה מלאה אנג'ל 500 גרם,מאפיית שלמה א. אנג'\ל בע,,,"י""ח",500,ל גרם,false,1,17.90,3.58,true,1,
7290000379432,false,לחמניה אצבע אנג'ל 75 ג',שלמה א. אנג`ל בעמ,,,"י""ח",75,ל גרם,false,1,2.40,3.20,false,1,
7290000379593,false,לחמניה קלועה מונדלך גדול,שלמה א.אנג ל בעמ,,,"י""ח",125,ל גרם,false,1,3.60,2.88,false,1,
7290000379951,false,"סולת חיטה 1 ק""ג אנג'ל",שלמה א.אנג ל בעמ,,,"י""ח",1,"ק""ג",false,1,6.90,6.90,false,1,
7290000408316,false,יוגורט דנונה דל לקטוז 200 גרם,שטראוס גרופ בעמ/מצונן,,,"י""ח",200,"ל מ""ל",false,1,3.70,1.85,false,1,
7290000408354,false,יוגורט עם אורז מצופה שוקולד קקאו 175 ג' דנונה,שטראוס גרופ בעמ/מצונן,,,"י""ח",175,"ל מ""ל",false,1,4.80,2.74,false,1,
7290000412481,false,נוזל לניקוי אסלות 00 סנו (1 ליטר),החברה הדרומית לשיווק בעמ,,,"י""ח",1,ליטר,false,1,7.90,7.90,false,1,
7290000415666,false,"קובה חמוסטה יסמין 1 ק""ג",עת -רן (1996) בעמ,,,"י""ח",1,"ק""ג",false,1,61.90,61.90,false,1,
7290000416021,false,ממרח בטעם שוקולד השחר העולה (500 גרם),השחר העולה תעשית ממתקים בעמ,,,"י""ח",500,ל גרם,false,1,14.90,2.98,false,1,
7290000416045,false,ממרח בטעם שוקולד השחר העולה (1 קג),השחר העולה תעשית ממתקים בעמ,,,"י""ח",1,"ק""ג",false,1,23.90,23.90,false,1,
7290000416618,false,"ממרח שוקולד פרווה השחר 400 גרם כשל""פ",השחר העולה תעשית ממתקים בעמ,,,"י""ח",400,ל גרם,false,1,13.90,3.48,false,1,
7290000416632,false,"ממרח שוקולד פרווה השחר 1 ק""ג כשל""פ",השחר העולה תעשית ממתקים בעמ,,,"י""ח",1,מטר,false,1,25.20,25.20,false,1,
7290000416854,false,אבקת קקאו השחר העולה (150 גרם),השחר העולה תעשית ממתקים בעמ,,,"י""ח",500,ל גרם,false,1,11.90,2.38,false,1,
7290000420325,false,"פופסטאר פופקורן למקירוגל בטעם טבעי 5 שקיות,500 גרם",פרסטון פארמס,,,"י""ח",500,ל גרם,false,1,13.80,2.76,true,1,
7290000420332,false,פופסטאר פופקורן למיקרוגל בטעם חמאה 5 יחידות 500 גרם,פרסטון פארמס,,,"י""ח",500,ל גרם,false,1,13.80,2.76,true,1,
7290000432120,false,נרות חנוכה בקופסה 44,פאלאס תעשיות נטו (2014) בעמ,,,"י""ח",1,,false,1,3.90,3.90,false,1,
7290000432212,false,נרות שבת אקסטרא 72 י,פאלאס תעשיות נטו (2014) בעמ,,,"י""ח",1,,false,1,41.90,41.90,false,1,
7290000432335,false,נר זכרון בכוס פאלאס,פאלאס תעשיות נטו (2014) בעמ,,,"י""ח",1,,false,1,7.50,7.50,false,1,
7290000432359,false,נר זכרון לשבוע נר ציון,פאלאס תעשיות נטו (2014) בעמ,,,"י""ח",1,,false,1,12.90,12.90,false,1,
7290000432489,false,נרות חנוכה מיוחד 45,פאלאס תעשיות נטו (2014) בעמ,,,"י""ח",1,,false,1,7.90,7.90,false,1,
7290000432632,false,נרות שבת מס 4 180 גר,פאלאס תעשיות נטו (2014) בעמ,,,"י""ח",1,,false,1,4.80,4.80,false,1,
7290000432649,false,נרות שבת 6 יחידות,פאלאס תעשיות נטו (2014) בעמ,,,"י""ח",140,ל גרם,false,1,4.80,3.43,false,1,
7290000432656,false,נרות שבת 8 יחידות,פאלאס תעשיות נטו (2014) בעמ,,,"י""ח",180,ל גרם,false,1,4.80,2.67,false,1,
7290000432663,false,נרות חימום 10 קוד,פאלאס תעשיות נטו (2014) בעמ,,,"י""ח",180,ל גרם,false,1,4.80,2.67,false,1,
7290000432670,false,נרות שבת 12 יחידות,פאלאס תעשיות נטו (2014) בעמ,,,"י""ח",180,ל גרם,false,1,4.80,2.67,false,1,
7290000432687,false,נרות שבת מס' 16 ציון,פאלאס תעשיות נטו (2014) בעמ,,,"י""ח",1,,false,1,4.80,4.80,false,1,
7290000432694,false,נרות 20 180 גרם,פאלאס תעשיות נטו (2014) בעמ,,,"י""ח",1,,false,1,4.80,4.80,false,1,
7290000432922,false,נריות בפלסטיק 5 שעות 72 יח,פאלאס תעשיות נטו (2014) בעמ,,,"י""ח",1,,false,1,32.90,32.90,false,1,
7290000446110,false,פריכיות אורז עם מלח בטר אנד דיפרנט 100 גרם,בטר אנד דיפרנט בעמ,,,"י""ח",1,,false,1,4.50,4.50,false,1,
7290000446127,false,פירכיות אורז ללא מלח בטר אנד דיפרנט 100 גרם,בטר אנד דיפרנט בעמ,,,"י""ח",1,,false,1,4.50,4.50,false,1,
7290000446547,false,חמאת בוטנים טבעית בטר אנד דיפרנט 350 גרם,"בטר אנד דיפרנט בע""מ",,,"י""ח",350,ל גרם,false,1,13.90,3.97,false,1,
7290000446554,false,"חמאת בוטנים טבעית בטר אנד דיפרנט 1 ק""ג",בטר אנד דיפרנט בעמ,,,"י""ח",510,ל גרם,false,1,29.90,5.86,false,1,
7290000446776,false,פיצפוצי אורז מלא ללא סוכר ומלח בשקית 450 גרם,בטר אנד דיפרנט בעמ,,,"י""ח",500,ל גרם,false,1,19.90,3.98,false,1,
7290000449128,false,סיף פנטסטיק לימון ניקוי רב תכליתי 4ל',יוניליוור ישראל שיווק בע`מ,,,"י""ח",4,ליטר,false,1,25.10,6.28,false,1,
7290000453019,false,שמרים טריים לאפייה שקית שמרית 50 ג',שטראוס גרופ בעמ/מצונן,,,"י""ח",50,ל גרם,false,1,4.50,9,false,1,
7290000453125,false,שמרית שמרים טריים לאפיה +משפר אפיה 100ג,שטראוס גרופ בעמ/מצונן,,,"י""ח",100,ל גרם,false,1,7.90,7.90,false,1,
7290000461625,false,בייגלה שמיניות מלח בייגל בייגל 400 ג',יוניליוור ישראל שיווק בע`מ,,,"י""ח",400,ל גרם,false,1,11.90,2.98,true,1,
7290000462172,false,סחוג זחוק ירוק תימני חריף זהבי (150 גרם),שטראוס גרופ בעמ/מצונן,,,"י""ח",150,ל גרם,false,1,8.90,5.93,false,1,
7290000474076,false,"חלב קרטון 3%-1 ליטר ""טרה""-מוצר בפיקוח",החברה המרכזית טלהפצת משקאות בע,,,"י""ח",1,ליטר,false,1,6.23,6.23,false,1,
7290000474502,false,גבינה לבנה טרה 5% מרכיבים טבעיים,החברה המרכזית טלהפצת משקאות בע,,,"י""ח",250,ל גרם,false,1,4.98,1.99,false,1,
7290000474540,false,טוב טעם גבינה לבנה 3% טרה 250 גרם,החברה המרכזית טלהפצת משקאות בע,,,"י""ח",250,ל גרם,false,1,11.50,4.60,false,1,
7290000474830,false,נעם גבינה צהובה מגורדת 28% טרה 500 גרם,החברה המרכזית טלהפצת משקאות בע,,,"י""ח",500,ל גרם,false,1,32.90,6.58,true,1,
7290000480442,false,קוואקר שיבולת שועל בשקית 500 גרם,שטראוס פריטו ליי בע`מ,,,"י""ח",500,ל גרם,false,1,13.90,2.78,true,1,
7290000484747,false,"ארק עלית 700 מ""ל 40% יקב הגליל*",יקב הגליל יוסף גולד ובניו,,,"י""ח",700,"ל מ""ל",false,1,59.90,8.51,false,1,
7290000490601,false,גלידל וניל פלדמן מארז שמינייה,הגלידות של פלדמן,,,"י""ח",1,,false,1,27.90,27.90,false,1,
7290000490762,false,גלידל שוקו פלדמן מארז שמינייה,הגלידות של פלדמן,,,"י""ח",1,,false,1,27.90,27.90,false,1,
7290000493176,false,אסם אבקת רוטב צלי לבשר 22 ג',קבוצת אוסם סחר שותפות מוגבלת,,,"י""ח",22,ל גרם,false,1,5,22.73,false,1,
7290000493183,false,אבקת רוטב פטריות לבשר-30 גרם,קבוצת אוסם סחר שותפות מוגבלת,,,"י""ח",30,ל גרם,false,1,5,16.67,false,1,
7290000497044,false,לחם אקטיב ברמן (750 גרם),מאפית י את א ברמן בע,,,"י""ח",1,,false,1,16.90,16.90,false,1,
7290000497112,false,"לחם כהה פרוס וארוז ""ברמן""-מוצר בפיקוח",מאפית י את א ברמן בע,,,"י""ח",750,ל גרם,false,1,7,0.93,false,1,
7290000497204,false,פיתות בשקית חמישיה. ברמן,מאפית י את א ברמן בע,,,"י""ח",500,ל גרם,false,1,7.90,1.58,false,1,
7290000497228,false,לחמניה רגילה בשקית ברמן 6יח',מאפית י את א ברמן בע,,,"י""ח",450,ל גרם,false,1,9.90,2.20,false,1,
7290000497303,false,"שישיית לחמניות מקמח מלא ""ברמן""",מאפית י את א ברמן בע,,,"י""ח",540,ל גרם,false,1,12.90,2.39,false,1,
7290000497426,false,לחם ברמן לענין פלוס 500 גרם,מאפית י את א ברמן בע,,,"י""ח",750,ל גרם,false,1,14.50,1.93,false,1,
7290000497532,false,לחם ברמן לעניין פרוס ברמן (750 גרם),מאפית י את א ברמן בע,,,"י""ח",750,ל גרם,false,1,14.90,1.99,false,1,
7290000497570,false,לחם דגנים פלוס ברמן 500 גרם,מאפית י את א ברמן בע,,,"י""ח",750,ל גרם,false,1,15.90,2.12,false,1,
7290000498256,false,מארז 10 לחמניות בשקית ברמן,מאפית י את א ברמן בע,,,"י""ח",1,,false,1,13.90,13.90,false,1,
7290000498447,false,חלה מיוחדת פרג/שומשום,י.את א. ברמן בעמ,,,"י""ח",500,ל גרם,false,1,6.90,1.38,false,1,
7290000504025,false,ממתיק סוכרזית פטרייה עלית 300 גרם,אף.סי תבליני בגליל ב,,,"י""ח",246,ל גרם,false,1,9.90,4.02,false,1,
7290000504209,false,"סוכרזית דיאט טיפ נוזלי 220 מ""ל",אף.סי תבליני בגליל ב,,,"י""ח",220,"ל מ""ל",false,1,17.90,8.14,false,1,
7290000504278,false,ממתיק סוכרזית אריזת פטנט 700 טבליות,אף.סי תבליני בגליל ב,,,"י""ח",574,ל גרם,false,1,17.90,3.12,false,1,
7290000518251,false,ממתיק זהב מתוק וקל 100 יחידות,מתוק וקל בע`מ,,,"י""ח",100,"י""ח",false,1,13.70,0.14,false,1,
7290000521411,false,יין מרום גליל סינגל מרלו 750 מל,כרמי צבי אחים סגל בע,,,"י""ח",750,"ל מ""ל",false,1,34.90,4.61,true,1,
7290000523125,false,מלח הארץ הים האדום 250 ג' עדין,"חברת מלח הארץ אילת בע""\מ",,,"י""ח",250,ל גרם,false,1,6.70,2.68,false,1,
7290000523224,false,מלח הארץ הים האדום 500 ג' עדין,"חברת מלח הארץ אילת בע""\מ",,,"י""ח",500,ל גרם,false,1,8.90,1.78,false,1,
7290000525969,false,מיץ תפוזים סחוט רכיבים טבעיים פרימור 1 ליטר,שטראוס גרופ בעמ/מצונן,,,"י""ח",1,ליטר,false,1,16.60,16.60,false,1,
7290000530109,false,קבנוס זוגי בואקום זוגלובק 180ג',נקניק נהריה כשר זוגל,,,"י""ח",400,ל גרם,false,1,25.90,6.48,true,1,
7290000530413,false,המבורגר זהב זוגלובק 400 גרם,נקניק נהריה כשר זוגל,,,"י""ח",400,ל גרם,false,1,22.90,5.73,true,1,
7290000530468,false,נקניקיות וניר 1 קג` זוגלובק,זוגלובק שיווק בעמ,,,"י""ח",1,"ק""ג",false,1,28.90,28.90,true,1,
7290000530703,false,פסטרמה חרמון כפרית ונקניק תה מעושן זוגלובק 2*400 גרם,נקניק נהריה כשר זוגל,,,"י""ח",800,ל גרם,false,1,29.90,3.74,true,1,
7290000531601,false,סטייק בורגר בקר זהב 400 גרם קפוא,נקניק נהריה כשר זוגל,,,"י""ח",400,ל גרם,false,1,27.90,6.98,true,1,
7290000533353,false,"בצק עלים צרפתי 1 ק""ג זוגלובק",מאפיית אריאל וגידרון,,,"י""ח",1,"ק""ג",false,1,17.90,17.90,true,1,
7290000536774,false,"נקניקיות מן הצומח זוגלובק 1ק""ג בד""צ",זוגלובק שיווק בעמ,,,"י""ח",1,"ק""ג",false,1,32.90,32.90,true,1,
7290000537566,false,נקניקיות עוף טרי 400 ג' זוגלובק,נקניק נהריה כשר זוגל,,,"י""ח",400,ל גרם,false,1,13.90,3.48,true,1,
7290000537603,false,נקניקיות עוף זוגלובק (1 קג),זוגלובק שיווק בעמ,,,"י""ח",1,"ק""ג",false,1,26.90,26.90,true,1,
7290000538709,false,נקניק סלמי תה מעושן זוגלובק 200 גרם,נקניק זוגלובק נהריה,,,"י""ח",200,ל גרם,false,1,14.90,7.45,false,1,
7290000552569,false,סטייקבורגר בקר טיבון ויל 400 גרם,"טיבון ויל אחזקות בע""\מ",,,"י""ח",400,ל גרם,false,1,23.90,5.98,true,1,
7290000552927,false,בשר עוף קפוא טחון טיבון ויל (500 גרם),"טיבון ויל אחזקות בע""\מ",,,"י""ח",500,ל גרם,false,1,16.50,3.30,false,1,
7290000552989,false,בשר טחון טיבון ויל 500 גרם,"טיבון ויל אחזקות בע""\מ",,,"י""ח",500,ל גרם,false,1,31,6.20,false,1,
7290000554402,false,מעדן חלב מלבי גד (160 גרם),מחלבות גד שיווק 1992 בעמ,,,"י""ח",160,"ל מ""ל",false,1,6,3.75,true,1,
7290000554471,false,נקניק מוצרלה 22 אחוז 180גרם גד מהדרין,מחלבות גד שיווק 1992 בעמ,,,"י""ח",1,,false,1,18.50,18.50,true,1,
7290000554600,false,מוצרלה מגורדת 22 אחוז 300גרם גד מהדרין,מחלבות גד שיווק 1992 בעמ,,,"י""ח",300,ל גרם,false,1,22.90,7.63,true,1,
7290000554686,false,גבינת לאבנה בתוספת שמן זית וזעתר 5% גד 250 גרם,מחלבות גד שיווק 1992 בעמ,,,"י""ח",250,ל גרם,false,1,16.90,6.76,true,1,
7290000554822,false,ריקוטה גבינה לבנה בסגנון איטלקי 5% גד 250 גרם,מחלבות גד שיווק 1992 בעמ,,,"י""ח",250,ל גרם,false,1,15.90,6.36,true,1,
7290000554839,false,מסקרפונה שמנת מתוקה קשה בסגנון איטלקי 40% גד 250 גרם,מחלבות גד שיווק 1992 בעמ,,,"י""ח",250,ל גרם,false,1,21.90,8.76,true,1,
7290000560540,false,אדג`פרו ג`ל לגילוח עור רגיש כתום220,המאפיה של הרמן,,,"י""ח",200,ל גרם,false,1,17.90,8.95,false,1,
7290000571232,false,גבינת גאודה טבעית פרוס 30% המחלווה 150ג',גבינות משק אחים מאיר בית,,,"י""ח",1,,false,1,26.60,26.60,true,1,
7290000572055,false,אחוה חלוה ללא סוכר עם סיבים ואגוזים 400 גרם,אחדות ביחר לטחינה חל,,,"י""ח",400,ל גרם,false,1,14.90,3.73,false,1,
7290000572222,false,חלווה בלוק וניל אחוה 500 גרם,שוורצקוף& הנקל דיסלד,,,"י""ח",500,ל גרם,false,1,11.90,2.38,false,1,
7290000572529,false,חלוה עם פיסטוק אחווה 400 גרם,אחדות ביתחרושת לטחינה חלבה,,,"י""ח",400,ל גרם,false,1,14.90,3.73,false,1,
7290000572536,false,אחווה חלווה ווניל במגש 400 גר,אחדות ביתחרושת לטחינה חלבה,,,"י""ח",400,ל גרם,false,1,14.90,3.73,false,1,
7290000572543,false,חלוה בטעם שוקו וניל אחווה 400 גרם,אחדות ביתחרושת לטחינה חלבה,,,"י""ח",400,ל גרם,false,1,14.90,3.73,false,1,
7290000572628,false,חלבה חטיף לייט 25 ג* 11יח קופ`שי אחוה,שוורצקוף& הנקל דיסלד,,,"י""ח",276,ל גרם,false,1,11.90,4.31,false,1,
7290000572673,false,חלבה וניל קקאו ואגוזים אחוה (25x12 גרם),שוורצקוף& הנקל דיסלד,,,"י""ח",300,ל גרם,false,1,17,5.67,false,1,
7290000572819,false,"אחוה טחינה גולמית 1 ק""ג בפלסטיק",אחדות ביחר לטחינה חל,,,"י""ח",1,"ק""ג",false,1,21.90,21.90,false,1,
7290000599953,false,מגב 60 ענק עם מקל,מ.א ייצור ויבו*מטליות בעמ,,,"י""ח",1,,false,1,16,16,false,1,
7290000599991,false,מגב 44 סמ מקל מתכת יוגב,מ.א.ייצור ויבוא מטליות בעמ,,,"י""ח",100,ל גרם,false,1,12.90,12.90,false,1,
7290000631424,false,פרגיות עוף טרי[קצביה]**,"ח.י. מעדני גורמה בע""מ",,,"ק""ג",1,"ק""ג",true,1,79.90,79.90,true,1,
7290000632452,false,כרעיים עוף טרי(קצביה )**.,"ח.י. מעדני גורמה בע""מ",,,"ק""ג",1,"ק""ג",true,1,36.90,36.90,true,1,
7290000632759,false,שוקיים עוף טרי (קצביה)**,"ח.י. מעדני גורמה בע""מ",,,"ק""ג",1,"ק""ג",true,1,42.90,42.90,true,1,
7290000633855,false,כנפיים עוף טרי מקוצבות[קצביה],"ח.י. מעדני גורמה בע""מ",,,"ק""ג",1,"י""ח",true,1,16.90,16.90,true,1,
7290000640150,false,הודו שלם נקבה}קצביה{**,ח.י. מעדני גורמה בעמ,,,"ק""ג",1,"ק""ג",true,1,29.90,29.90,false,1,
7290000641157,false,קורקבן הודו טרי(קצביה{**,"ח.י. מעדני גורמה בע""מ",,,"ק""ג",1,,true,1,9.90,9.90,false,1,
7290000643250,false,עוף טרי מפורק(קצביה)**,"ח.י. מעדני גורמה בע""מ",,,"י""ח",1,,true,1,23.90,23.90,false,1,
7290000659312,false,דגי תנובה פילה סלומון קפוא בוואקום,תנובה בשר,,,"ק""ג",1,"ק""ג",true,1,84.90,84.90,false,1,
7290000663166,false,פילה הייק דרום אפריקאי קפוא,תנובה קפואים,,,"ק""ג",1,,true,1,49,49,false,1,
7290000692227,false,נוזל לניקוי כלים קלאסי פלמוליב (1 ליטר),יבואן ומשווק: ש. שסט,,,"י""ח",1,ליטר,false,1,14.60,14.60,false,1,
7290000692456,false,אג'קס חלונות זוג 750*2 מל ספריי ורפיל,הנסיך- מפעל לייצור ט,,,"י""ח",1.50,ליטר,false,1,26.60,17.73,false,1,
7290000692937,false,קולגייט משפחתי זוגות 100 גר`אדומה כשלפ,קולגייט-פלמוליב,,,"י""ח",300,ל גרם,false,1,19.90,6.63,false,1,
7290000805368,false,בונזו גורים 3 קג' - אירוז חדש,דיפלומט מפיצים (1968) בעמ**,,,"י""ח",3,"ק""ג",false,1,64.90,21.63,false,1,
7290000805597,false,"מזון לכלבים בונזו מזון כלבים סניור 3 ק""ג",דיפלומט מפיצים (1968) בעמ**,,,"י""ח",3,"ק""ג",false,1,45.90,15.30,false,1,
7290001041123,false,שקדים מולבנים פרוסים מיה 100 גרם,מיה תעשיות מזון מ.ת.מ. בעמ,,,"י""ח",1,"י""ח",false,1,11.90,11.90,false,1,
7290001041260,false,שומשום מיה (400 גרם),מיה תעשיות מזון מ.ת.מ. בעמ,,,"י""ח",400,ל גרם,false,1,12.90,3.23,false,1,
7290001041635,false,פירורי לחם מוזהבים מיה 200 גרם,מיה תעשיות מזון מ.ת.מ. בעמ,,,"י""ח",200,ל גרם,false,1,4.40,2.20,false,1,
7290001041987,false,סוכר חום צנצנת מיה 1,מיה תעשיות מזון מ.ת.מ. בעמ,,,"י""ח",1,"ק""ג",false,1,16.90,16.90,false,1,
7290001045169,false,מיץ תפוחי עץ צלול פרימור 1 ליטר,שטראוס גרופ בעמ/מצונן,,,"י""ח",1,ליטר,false,1,16.60,16.60,false,1,
7290001045688,false,"מיץ תפוזים סחוט פרימור 400 מ""ל",שטראוס גרופ בעמ/מצונן,,,"י""ח",400,"ל מ""ל",false,1,8.90,2.15,false,1,
7290001123775,false,שווארמה אמיתית פרגיות טיבון ויל 500 גרם,"טיבול ויל אחזקות בע""",,,"י""ח",500,ל גרם,false,1,25.90,5.18,false,1,
7290001123782,false,שווארמה אמיתית הודו טיבון ויל (500 גרם),נטו מלינדה סחר בע`מ,,,"י""ח",500,ל גרם,false,1,26.90,5.38,false,1,
7290001136799,false,נקה 7 תחליב רחצה ארומה ורוד יסמין 1 ל',החברה הדרומית לשיווק בעמ,,,"י""ח",1,ליטר,false,1,14.90,14.90,false,1,
7290001136973,false,נקה 7 תחליב רחצה ארומה קמומיל לבן 1 ל',החברה הדרומית לשיווק בעמ,,,"י""ח",1,ליטר,false,1,14.90,14.90,false,1,
7290001245699,false,אקונומיקה סמיכה בניחוח לימון 4 ל' טאצ',סאסאטק אגשח בעמ,,,"י""ח",4,ליטר,false,1,14.90,3.73,true,1,
7290001245705,false,אקונומיקה מבושמת טאצ' 4 ליטר,סאסאטק אגשח בעמ,,,"י""ח",4,ליטר,false,1,11.90,2.98,false,1,
7290001245729,false,ג'ל כביסה ירוקה טאצ 3 ליטר סלקט,סאסאטק אגשח בעמ,,,"י""ח",1,ליטר,false,1,19.90,19.90,true,1,
7290001245828,false,נוזל כלים קלאסי טאצ' 18% 1.6 ליטר,סאסאטק אגשח בעמ,,,"י""ח",1.60,ליטר,false,1,11.90,7.44,true,1,
7290001245958,false,מרכך כביסה ורוד טאצ' 4 ליטר,סאסאטק אגשח בעמ,,,"י""ח",4,ליטר,false,1,15.90,3.98,true,1,
7290001245972,false,מרכך כביסה לבן טאצ' 4 ליטר,סאסאטק אגשח בעמ,,,"י""ח",4,ליטר,false,1,15.90,3.98,true,1,
7290001246085,false,נוזל לניקוי חלונות 1 ליטר טאצ,סאסאטק אגשח בעמ,,,"י""ח",1,ליטר,false,1,8.90,8.90,true,1,
7290001246115,false,תרסיס מסיר עובש 750 מ``ל טאצ,סאסאטק אגשח בעמ,,,"י""ח",75,"ל מ""ל",false,1,12.90,17.20,false,1,
7290001246146,false,מסיר אבן 1 ליטר טאצ',סאסאטק אגשח בעמ,,,"י""ח",1,ליטר,false,1,13.90,13.90,false,1,
7290001247068,false,קרטונית נקטר ספרינג תות בננה 1 ליטר,יפאורה שותפות מוגבלת לשיווק,,,"י""ח",1,ליטר,false,1,6.90,6.90,true,1,
7290001247082,false,מיץ עגבניות רכיבים טבעיים ספרינג 1 ליטר,יפאורה שותפות מוגבלת לשיווק,,,"י""ח",1,ליטר,false,1,6.90,6.90,true,1,
7290001247099,false,קרטונית נקטר ספרינג מנגו 1 ליטר,יפאורה שותפות מוגבלת לשיווק,,,"י""ח",1,ליטר,false,1,6.90,6.90,true,1,
7290001247105,false,קרטונית נקטר ספרינג אפרסק 1 ליטר,יפאורה שותפות מוגבלת לשיווק,,,"י""ח",1,ליטר,false,1,6.90,6.90,true,1,
7290001247112,false,קרטונית נקטר ספרינג לימונענע 1 ליטר,יפאורה שותפות מוגבלת לשיווק,,,"י""ח",1,ליטר,false,1,6.90,6.90,true,1,
7290001247129,false,נקטר ספרינג תפוזים קרטונית 1 ל',יפאורה שותפות מוגבלת לשיווק,,,"י""ח",1,ליטר,false,1,6.90,6.90,true,1,
7290001247143,false,קרטונית נקטר ספרינג תפוחים 1 ליטר,יפאורה שותפות מוגבלת לשיווק,,,"י""ח",1,ליטר,false,1,6.90,6.90,true,1,
7290001265642,false,"מזון חתולים מעדני פטה 1.2 ק""ג מארז 3 יחידות",דיפלומט מפיצים (1968) בעמ**,,,"י""ח",1.20,"ק""ג",false,1,20.90,17.42,false,1,
7290001274934,false,"שמיניית גלידל פרי לימון ""פלדמן""",הגלידות של פלדמן,,,"י""ח",8,"י""ח",false,1,21.90,2.74,false,1,
7290001327791,false,גלידה קרמיסימו וניל עוגיות 1.33 ליטר,"גלידת שטראוס בע""\מ, רחוב",,,"י""ח",1.33,ליטר,false,1,18.90,14.21,false,1,
7290001407813,false,חלבה שאמית פיסטוק בקטנה בארכה 350ג',קבוצת אוסם סחר שותפות מוגבלת,,,"י""ח",350,ל גרם,false,1,16.90,4.83,false,1,
7290001407820,false,חלווה שאמית וניל קלאסית בארכה 350ג',קבוצת אוסם סחר שותפות מוגבלת,,,"י""ח",350,ל גרם,false,1,15.90,4.54,false,1,
7290001407837,false,חלבה שאמית עם פולי קקאו בארכה 350 גרם,קבוצת אוסם סחר-שות.מוגבלת,,,"י""ח",350,ל גרם,false,1,16.40,4.69,false,1,
7290001482384,false,חתיכות אננס בסירופ קל וילי פוד 227 גרם,ג.וילי-פוד אינטרנשיונל בעמ,,,"י""ח",227,ל גרם,false,1,4.50,1.98,false,1,
7290001482506,false,וילי פוד חומץ בלסמי בדץ 500מל,ג. וילי-פוד אינטרנשיונל בע`מ,,,"י""ח",500,"ל מ""ל",false,1,19.90,3.98,false,1,
7290001485019,false,גבינת קרם שמנת טבעי 5% טרה 200 גרם,החברה המרכזית טלהפצת משקאות בע,,,"י""ח",200,ל גרם,false,1,11.90,5.95,false,1,
7290001491096,false,תה ירוק בתוספת לימונית ולואיזה 50 שקיקים ויסוצקי,תה ויסוצקי (ישראל) בעמ,,,"י""ח",75,ל גרם,false,1,47.90,63.87,true,1,
7290001594155,false,"קוקה-קולה בבקבוק אישי 500 מ""ל",החברה המרכזית להפצת משקאות בעמ,,,"י""ח",500,"ל מ""ל",false,1,7.90,1.52,true,1,
7290001594179,false,"פאנטה אורנג' בבקבוק אישי 500 מ""ל",החברה המרכזית להפצת משקאות בעמ,,,"י""ח",500,"ל מ""ל",false,1,7.90,1.52,true,1,
7290001594230,false,קינלי סודה בבקבוק זכוכית,החברה המרכזית להפצת משקאות בעמ,,,"י""ח",250,"ל מ""ל",false,1,3.20,1.16,true,1,
7290001594544,false,"בירה שחורה מאלטי בקבוק 330מ""ל",החברה המרכזית להפצת משקאות בעמ,,,"י""ח",330,"ל מ""ל",false,1,4.90,1.39,false,1,
7290001594575,false,בירה בפחית רד טובורג (500 מל),החברה המרכזית להפצת משקאות בעמ,,,"י""ח",500,"ל מ""ל",false,1,10.80,2.10,true,1,
7290001594810,false,"בירה שחורה מאלטי בקב' מארז 330X6מ""ל",החברה המרכזית להפצת משקאות בעמ,,,"י""ח",1.98,ליטר,false,1,28.90,13.69,true,1,
7290001594858,false,מארז שישייה בירה טובורג רד (330x6 מל),החברה המרכזית להפצת משקאות בעמ,,,"י""ח",1.98,ליטר,false,1,46,22.32,true,1,
7290001594858,false,מארז שישייה בירה טובורג רד (330x6 מל),החברה המרכזית להפצת משקאות בעמ,,,"י""ח",1,,false,1,44.20,44.20,false,1,
7290001780428,false,מאגדת גלידת לייט שוקולד נסטלה 6יח' 312ג',נגה גלידות שותפות מוגבלת,,,"י""ח",312,ל גרם,false,1,33.30,10.67,false,1,
7290001791349,false,אקונומיקה פיסגה ריחנית סנו (4 ליטר),החברה הדרומית לשיווק בעמ,,,"י""ח",4,ליטר,false,1,12.90,3.23,false,1,
7290001791363,false,"מטהר אויר בניחוח וניל קוקוס מילוי סנו 250 מ""ל",החברה הדרומית לשיווק בעמ,,,"י""ח",165,ל גרם,false,1,13.90,8.42,false,1,
7290001813478,false,"עוגיות חיוכים וניל עלית 900 גרם מארז 6 יחידות בד""צ",אפיפית נצרת תעשיות ב,,,"י""ח",900,ל גרם,false,1,21.90,2.43,true,1,
7290001817728,false,צ'יטוס אפוי כאפה בטעם קטשופ 55 גרם,"שטראוס פריטו ליי בע""\מ )",,,"י""ח",0.55,"י""ח",false,1,3.90,7.09,true,1,
7290001855232,false,שמן צמחי למאור 1 ליטר,ירושלים שיווק שמן זית וזיתים,,,"י""ח",1,ליטר,false,1,14.90,14.90,false,1,
7290001865453,false,פמילי לקשרי 1 ליטר לבנדר ארומטי+משאבה,מיוצר עי קונדיטוריית,,,"י""ח",1,ליטר,false,1,12.90,12.90,false,1,
7290001973233,false,"קמיל בלו מגבונים לחים סנסיטיב ד""ר פישר 120 יחידות","פישר תעשיות פרמבצטיות בע""מ",,,"י""ח",120,"י""ח",false,1,14.40,0.12,false,1,
7290001990148,false,"סוכר גולדן קלאסי בצנצנת סוגת 1 ק""ג",האי נאם סי או אל.טי.,,,"י""ח",1,"ק""ג",false,1,13.90,13.90,false,1,
7290002007371,false,פירורי לחם הנמל 500 ג',הנמל אריזות ושיווק 1984 בע`מ,,,"י""ח",500,ל גרם,false,1,7.90,1.58,false,1,
7290002014201,false,חומוס מעדני מיקי 200 גרם,"סלטי שמיר 2006 בע""\מ",,,"י""ח",200,ל גרם,false,1,7.90,3.95,true,1,
7290002014799,false,מטבוחה מעדני מיקי 200 גרם,"סלטי שמיר 2006 בע""\מ",,,"י""ח",200,ל גרם,false,1,7.90,3.95,true,1,
7290002019114,false,רוטב עגבניות מרוכז מאד 28-30BX פריניר,ח.כהן סוכנות מזון ומשקאות בע,,,"י""ח",580,ל גרם,false,1,7.80,1.34,false,1,
7290002019183,false,"עגבניות מקולפות 800ג בד""ץ פריניר*",ח.כהן סוכנות מזון ומשקאות בע,,,"י""ח",850,ל גרם,false,1,7.90,0.93,false,1,
7290002019763,false,עגבניות מרוסקות 800ג פריניר ה.מכירה *,ח.כהן סוכנות מזון ומשקאות בע,,,"י""ח",800,ל גרם,false,1,6.90,0.86,false,1,
7290002019787,false,רוטב עגבניות מרוכז מאוד 260 גרם פריניר,ח.כהן סוכנות מזון ומשקאות בע,,,"י""ח",260,ל גרם,false,1,4.30,1.65,false,1,
7290002019794,false,רוטב עגבניות מרוכז מאוד 100 גרם פריניר,ח.כהן סוכנות מזון ומשקאות בע,,,"י""ח",100,ל גרם,false,1,2.10,2.10,false,1,
7290002037309,false,לחמניות המבורגר מאפיית ודש 8),מאפית י את א ברמן בע,,,"י""ח",400,ל גרם,false,1,13.90,3.48,false,1,
7290002037637,false,לחמניות הבית מתוקות מאפיית ודש) (4,מאפית י את א ברמן בע,,,"י""ח",1,,false,1,12.90,12.90,false,1,
7290002040019,false,קוסקוס רגיל מזון קוסקוס (350 גרם),הנמל אריזות ושיווק (1984) בעמ,,,"י""ח",350,ל גרם,false,1,6.90,1.97,false,1,
7290002040064,false,קוסקוס דק להכנה מהירה בשקית 350 גרם,הנמל אריזות ושיווק (1984) בעמ,,,"י""ח",350,ל גרם,false,1,6.90,1.97,false,1,
7290002040071,false,קוסקוס עבה להכנה קלה ומהירה 350 גרם,הנמל אריזות ושיווק (1984) בעמ,,,"י""ח",350,ל גרם,false,1,6.90,1.97,false,1,
7290002040088,false,קוסקוס מלא מזון קוסקוס (350 גרם),הנמל אריזות ושיווק (1984) בעמ,,,"י""ח",350,ל גרם,false,1,8.20,2.34,false,1,
7290002057031,false,זיתים מבוקעים פיקנטי קבוצת יבנה 340 גרם,"קבוצת יבנה מוצרי מזון בע""מ",,,"י""ח",560,ל גרם,false,1,8.90,1.59,false,1,
7290002057062,false,זיתים מנזנילו ירוק בינוני קבוצת יבנה 340 גרם,קבוצת יבנה מוצרי מזון בעמ,,,"י""ח",560,ל גרם,false,1,6.90,1.23,false,1,
7290002057109,false,זיתים יבנה ירוקים גדולים מאוד שום מנזלינ,קבוצת יבנה מוצרי מזון בעמ,,,"י""ח",560,ל גרם,false,1,10.90,1.95,false,1,
7290002057123,false,זיתים ירוקים מנזנילו קבוצת יבנה 560 גרם,קבוצת יבנה מוצרי מזון אגודה שי,,,"י""ח",560,ל גרם,false,1,9.90,1.77,true,1,
7290002057147,false,זית מושחר גדול 560 ג' יבנה,קבוצת יבנה מוצרי מזון בעמ,,,"י""ח",560,ל גרם,false,1,9.50,1.70,false,1,
7290002057161,false,זיתים מרינט ביין גדול מאד קבוצת יבנה 340 גרם,קבוצת יבנה מוצרי מזון בעמ,,,"י""ח",560,ל גרם,false,1,8.90,1.59,false,1,
7290002057352,false,מלפפונים במלח ‏9‏-‏7‏ קבוצת יבנה 320 גרם,"קבוצת יבנה מוצרי מזון בע""מ",,,"י""ח",600,ל גרם,false,1,7.60,1.27,false,1,
7290002057369,false,מלפפונים במלח ‏12‏-‏10‏ קבוצת יבנה 320 גרם,"קבוצת יבנה מוצרי מזון בע""מ",,,"י""ח",600,ל גרם,false,1,7.90,1.32,false,1,
7290002057451,false,מלפפונים בחומץ ‏9‏-‏7 קבוצת יבנה 290 גרם,קבוצת יבנה מוצרי מזון אגודה שי,,,"י""ח",600,ל גרם,false,1,7.60,1.27,false,1,
7290002057468,false,מלפפונים בחומץ בינוני קבוצת יבנה 560 גרם,"קבוצת יבנה מוצרי מזון בע""מ",,,"י""ח",600,ל גרם,false,1,7.90,1.32,false,1,
7290002057475,false,מלפפונים בחומץ ‏17‏-‏13 קבוצת יבנה 290 גרם,קבוצת יבנה מוצרי מזון אגודה שי,,,"י""ח",600,ל גרם,false,1,11.20,1.87,false,1,
7290002057628,false,זיתים מושחרים טבעות קבוצת יבנה (540 גרם),קבוצת יבנה מוצרי מזון אגודה שי,,,"י""ח",540,ל גרם,false,1,10.90,2.02,false,1,
7290002065555,false,שישיית לחמנייה הכי רכה בהפסקה אנג'ל 450 גרם,מאפיית שלמה א. אנג'\ל בע,,,"י""ח",1,,false,1,11.90,11.90,false,1,
7290002075233,false,שוקולד אייסקונפקט 250 גרם,שוקוטרייד בעמ,,,"י""ח",250,ל גרם,false,1,17.90,7.16,false,1,
7290002107071,false,גבינת פטה עיזים מעודנת 16% משק צוריאל 200 גרם,החברה המרכזית טלהפצת משקאות בע,,,"י""ח",200,ל גרם,false,1,25.50,12.75,false,1,
7290002107491,false,גבינה לבנה מחלב עיזים למריחה 5% משק צוריאל 250 גרם,החברה המרכזית טלהפצת משקאות בע,,,"י""ח",250,ל גרם,false,1,15.70,6.28,true,1,
7290002107798,false,גבינה בולגרית מעודנת 5% משק צוריאל 250 גרם,החברה המרכזית טלהפצת משקאות בע,,,"י""ח",250,ל גרם,false,1,22.10,8.84,false,1,
7290002130567,false,דבש דבורים טהור פרחי בר יד מרדכי 350 גרם,מכוורת יד מרדכי שטראוס ב,,,"י""ח",3.50,"י""ח",false,1,20.70,5.91,false,1,
7290002130574,false,דבש טהור מפרחי בר בזכוכית 500 ג' יד מרדכי,מכוורת יד מרדכי שטראוס ב,,,"י""ח",500,ל גרם,false,1,28.60,5.72,false,1,
7290002130581,false,דבש טהור מפרחי בר יד מרדכי (1 קג),מכוורת יד מרדכי שטראוס ב,,,"י""ח",1,קוב,false,1,48.90,48.90,false,1,
7290002132011,false,עוגיות מזרחיות עם שומשום עבאדי (400 גר),מאפיית יוסף ושמחה עבאדי,,,"י""ח",400,ל גרם,false,1,18.90,4.73,false,1,
7290002239338,false,שעועית ירוקה חתוכה800 גר`פרי גליל,ויטה- פרי גליל (החדשה) בעמ,,,"י""ח",800,ל גרם,false,1,12.90,1.61,false,1,
7290002253006,false,שום טרי כתוש צנצנת דורות 200 גרם,קבוצת אוסם סחר-שות.מוגבלת,,,"י""ח",200,ל גרם,false,1,16.90,8.45,false,1,
7290002253105,false,שום במגשית 20 שיניים כתושות קפוא 80,קבוצת אוסם סחר-שות.מוגבלת,,,"י""ח",80,ל גרם,false,1,13.90,17.38,false,1,
7290002253167,false,פטרוזיליה טרייה קצוצה מוקפאת 70 גרם,קבוצת אוסם סחר שותפות מוגבלת,,,"י""ח",70,ל גרם,false,1,11.90,17,false,1,
7290002253198,false,ג'ינג'ר טרי כתוש במגשית 70 ג' דורות,קבוצת אוסם סחר-שות.מוגבלת,,,"י""ח",90,ל גרם,false,1,10.50,11.67,false,1,
7290002319016,false,אבקת אפיה עשיריות מיה 100 גרם,מיה תעשיות מזון מ.ת.מ. בעמ,,,"י""ח",100,ל גרם,false,1,1.90,1.90,false,1,
7290002319023,false,סוכר וניל עשיריות מיה 100 גרם,מיה תבליני החיים ירושלים בע`מ,,,"י""ח",100,ל גרם,false,1,1.90,1.90,false,1,
7290002319054,false,פרג טחון מיה 100 גרם,מיה תעשיות מזון מ.ת.מ. בעמ,,,"י""ח",100,ל גרם,false,1,5.90,5.90,false,1,
7290002319061,false,קוקוס טחון מיה (100 גרם),מיה תעשיות מזון מ.ת.מ. בעמ,,,"י""ח",100,ל גרם,false,1,4.90,4.90,false,1,
7290002319078,false,שומשום מיה 100 גרם,מיה תעשיות מזון מ.ת.מ. בעמ,,,"י""ח",100,ל גרם,false,1,3.90,3.90,false,1,
7290002319115,false,חומוס גדול יבש מיה 500 גר',מיה תעשיות מזון מ.ת.מ. בעמ,,,"י""ח",500,ל גרם,false,1,6.90,1.38,true,1,
7290002319139,false,שעועית לבנה יבשה מיה 500 ג',מיה תעשיות מזון מ.ת.מ. בעמ,,,"י""ח",500,ל גרם,false,1,11.40,2.28,true,1,
7290002319146,false,שעועית אדומה מיה (500 גרם),מיה תעשיות מזון מ.ת.מ. בעמ,,,"י""ח",500,ל גרם,false,1,13.50,2.70,false,1,
7290002319160,false,אפונה ירוקה יבשה מיה 500 ג',מיה תעשיות מזון מ.ת.מ. בעמ,,,"י""ח",500,ל גרם,false,1,7.30,1.46,true,1,
7290002319184,false,עדשים אדומים יבשים מיה 500 גר',מיה תעשיות מזון מ.ת.מ. בעמ,,,"י""ח",500,ל גרם,false,1,10.60,2.12,true,1,
7290002319191,false,עדשים ירוקים יבשים מיה 500 גר',מיה תעשיות מזון מ.ת.מ. בעמ,,,"י""ח",500,ל גרם,false,1,10.60,2.12,true,1,
7290002319207,false,כוסמת מיה (500 גרם),מיה תעשיות מזון מ.ת.מ. בעמ,,,"י""ח",500,ל גרם,false,1,10.20,2.04,true,1,
7290002319221,false,חיטה מיה (500 גרם),מיה תעשיות מזון מ.ת.מ. בעמ,,,"י""ח",500,ל גרם,false,1,7.40,1.48,false,1,
7290002319375,false,"קורנפלור 200 ג' בד""ץ מיה",מיה תעשיות מזון מ.ת.מ. בעמ,,,"י""ח",200,ל גרם,false,1,5.80,2.90,false,1,
7290002319405,false,תבלין קינמון בקופסא 80 גר' מיה,מיה תעשיות מזון מ.ת.מ בעמ,,,"י""ח",100,ל גרם,false,1,8.70,8.70,false,1,
7290002319610,false,שקדים טחונים מיה 100 גרם,מיה תעשיות מזון מ.ת.מ. בעמ,,,"י""ח",100,ל גרם,false,1,11.90,11.90,false,1,
7290002319689,false,סודה לשתייה בקופסא 150 גר' מיה,מיה תעשיות מזון מ.ת.מ. בעמ,,,"י""ח",150,ל גרם,false,1,8.70,5.80,false,1,
7290002319740,false,אגוזי מלך טחונים מיה 100 גרם,מיה תעשיות מזון מ.ת.מ. בעמ,,,"י""ח",100,ל גרם,false,1,11.90,11.90,false,1,
7290002319771,false,תמצית אפיה בטעם וניל מיה (50 מל),מיה תעשיות מזון מ.ת.מ. בעמ,,,"י""ח",50,"ל מ""ל",false,1,4.90,9.80,false,1,
7290002319788,false,תמצית אפיה בטעם רום כשלפ בדצ העדח,מיה תעשיות מזון מ.ת.מ. בעמ,,,"י""ח",60,"ל מ""ל",false,1,4.90,8.17,false,1,
7290002319825,false,"אבקת סוכר 100 ג`בד""ץ מיה",מיה תעשיות מזון מ.ת.מ. בעמ,,,"י""ח",100,ל גרם,false,1,2.30,2.30,false,1,
7290002327028,false,ג`חנון בטעם מיוחד 650 גרם קפוא,נטו מלינדה סחר בע`מ,,,"י""ח",650,ל גרם,false,1,19.70,3.03,true,1,
7290002327059,false,"בצק עלים 1 ק""ג שלושת האופים קהילות",נטו מלינדה סחר בע`מ,,,"י""ח",1,"ק""ג",false,1,19.90,19.90,true,1,
7290002327912,false,מיני בורקס גבינה 700 גר`שלושת האופים,נטו מלינדה סחר בעמ,,,"י""ח",700,ל גרם,false,1,26.60,3.80,true,1,
7290002329602,false,עוגת שוקולד עוגל'ה 350 גרם,בני פאוזי שמשום (2009) בעמ,,,"י""ח",350,ל גרם,false,1,7.90,2.26,true,1,
7290002329640,false,עוגת לימון עוגל'ה 350 גרם,בני פאוזי שמשום (2009) בעמ,,,"י""ח",350,ל גרם,false,1,7.90,2.26,true,1,
7290002329657,false,עוגת תפוז עוגל'ה 350 גרם,בני פאוזי שמשום (2009) בעמ,,,"י""ח",350,ל גרם,false,1,7.90,2.26,true,1,
7290002329664,false,עוגת אנגלית עוגל'ה 350 גרם,בני פאוזי שמשום (2009) בעמ,,,"י""ח",350,ל גרם,false,1,7.90,2.26,true,1,
7290002329961,false,עוגת שוקוצ'ינו עוגל'ה 350 גרם,בני פאוזי שמשום (2009) בעמ,,,"י""ח",350,ל גרם,false,1,7.90,2.26,true,1,
7290002331025,false,"מים מינרלים נביעות ספורט 500 מ""ל פקדון",החברה המרכזית להפצת משקאות בעמ,,,"י""ח",500,"ל מ""ל",false,1,4.90,0.92,false,1,
7290002331421,false,"שישיית מים מינרליים GO TO נביעות 755 מ""ל",החברה המרכזית להפצת משקאות בעמ,,,"י""ח",4.53,ליטר,false,1,19.90,4,false,1,
7290002348306,false,'קוקטייל פירות ויליגר 850 ג,נטו מילנדה סחר בעמ*,,,"י""ח",850,ל גרם,false,1,8.90,1.05,true,1,
7290002353836,false,סרדינים רוברט בשמן זית 115 גרם,קונסרבס פורטוגל נורטה,,,"י""ח",120,ל גרם,false,1,9.90,8.25,true,1,
7290002360285,false,חליטת צמחים פומפדור קמומיל 20 יחידות,ש. שסטוביץ בע`מ,,,"י""ח",30,ל גרם,false,1,14.90,49.67,true,1,
7290002371854,false,נקניקיות עוף חריפות טירת צבי 2 * 500 גרם,תנובה מרכז שיתופי לשיווק תוצרת,,,"י""ח",1,"ק""ג",false,1,31.90,31.90,false,1,
7290002374268,false,שמן חמניות מזוכך ללא כולסטרול 1 ליטר,סוגת תעשיות בעמ,,,"י""ח",1,ליטר,false,1,11.90,11.90,false,1,
7290002374312,false,שמן קנולה מזוכך 6% מילומור (1 ליטר),"נארז ע""י : א.ג. גילר",,,"י""ח",1,ליטר,false,1,11.90,11.90,false,1,
7290002479352,false,דבש טהור מפרחי בר עמק חפר 350 גרם,טעמן שווק מזון בעמ,,,"י""ח",350,ל גרם,false,1,16.90,4.83,true,1,
7290002543237,false,דגני בוקר קלוגס קורנפלקס 750 גרם,קלוגס קומפני אוף גרייט ב,,,"י""ח",750,ל גרם,false,1,17.90,2.39,true,1,
7290002581079,false,תן צ'אפ חטיף טבעות 50 גר',מיה תעשיות מזון מ.ת.מ. בעמ,,,"י""ח",60,ל גרם,false,1,4.70,7.83,false,1,
7290002627210,false,גפילטע פיש קציצות מדגי קרפיון וכסיף בצנצנת 560 גרם,האי נאם סי או אל.טי.,,,"י""ח",520,ל גרם,false,1,10.90,2.10,false,1,
7290002692393,false,שמן קנולה מזוכך מועשר עץ הזית (1 ליטר),סוגת תעשיות בעמ,,,"י""ח",1,ליטר,false,1,15.90,15.90,false,1,
7290002692478,false,"שמן זית כתית מעולה קלאסי מעודן 750 מ""ל עץ הזית","מרקאולאו, ספרד.אבסה,",,,"י""ח",750,"ל מ""ל",false,1,31.90,4.25,true,1,
7290002715504,false,ארוחת נודלס בטעם עוף מג`יק (70 גרם),נטו מלינדה סחר בע`מ,,,"י""ח",70,ל גרם,false,1,5,7.14,false,1,
7290002715528,false,ארוחת נודלס בטעם ירקות מג`יק (70 גרם),נטו מילנדה סחר בעמ*,,,"י""ח",70,ל גרם,false,1,5,7.14,false,1,
7290002715580,false,ארוחת נודלס בטעם סיני חריף מג'יק 70 גרם,נטו מילנדה סחר בעמ*,,,"י""ח",70,ל גרם,false,1,5,7.14,false,1,
7290002730811,false,"משחת שיניים ג'ל פסים מרעננים קולגייט 100 מ""ל",הנסיך- מפעל לייצור ט,,,"י""ח",138,ל גרם,false,1,14.80,10.72,true,1,
7290002735014,false,מלווח ארוז יינון 800 גר`,קפוא-זן תעשיות מזון בעמ - תפוג,,,"י""ח",800,ל גרם,false,1,14.90,1.86,false,1,
7290002735021,false,ג`חנון ארוז 750 גר`יינון,קפוא-זן תעשיות מזון בעמ - תפוג,,,"י""ח",750,ל גרם,false,1,14.90,1.99,false,1,
7290002735113,false,בורקס גבינה ינון 800 גר`,קפוא-זן תעשיות מזון בעמ - תפוג,,,"י""ח",800,ל גרם,false,1,15.90,1.99,false,1,
7290002735120,false,"בורקס תפו""א ינון 800 גרם",קפוא-זן תעשיות מזון בעמ - תפוג,,,"י""ח",800,ל גרם,false,1,15.90,1.99,false,1,
7290002750130,false,מארז חליות פילסברי 6יח,ג נרל מילס ישראל בעמ ~~~,,,"י""ח",1,,false,1,12.90,12.90,false,1,
7290002752332,false,"סוכריות מנטוס פירות בגליל, 37.5 גרם",הדקלאים אגודת שיתופי,,,"י""ח",37.50,ל גרם,false,1,4,10.67,true,1,
7290002752349,false,סוכריות מנטוס מנטה 40יח' בגליל 38ג',ליימן שליסל בעמ,,,"י""ח",37.50,ל גרם,false,1,4,10.67,true,1,
7290002752493,false,רביעיה סוכריות מנטה 4* 16 ג' טיק טק,פרימיום-חברה לדברי מתיקה ולמסח,,,"י""ח",250,ל גרם,false,1,12,4.80,true,1,
7290002753223,false,רביעייה סוכריות תפוז 4*16 ג' טיק טק,פרימיום-חברה לדברי מתיקה ולמסח,,,"י""ח",1,,false,1,12,12,false,1,
7290002753995,false,סוכריות עדשים לקישוט עוגה וורנר 6*25 גרם,היינץ צפון אמריקה מק,,,"י""ח",150,ל גרם,false,1,17.20,11.47,false,1,
7290002771104,false,קפה עם הל אל נחלה 500 גרם,קפה אל נחלה בני רפיק,,,"י""ח",500,ל גרם,false,1,37.90,7.58,false,1,
7290002782759,false,קרם גוף מספר 2 פנינה רוזנבלום (340 מל),"פנינה רוזנבלום בע""מ",,,"י""ח",500,"ל מ""ל",false,1,24.90,4.98,true,1,
7290002814016,false,"מסיר שומנים מתז 750 מ""ל סנט מוריץ כשל""פ עד""ח",קומפלקס כימיקלסבעמ ~~~,,,"י""ח",750,"ל מ""ל",false,1,15.90,2.12,false,1,
7290002824183,false,"גבינה לבנה סקי 500 גרם 5% ""שטראוס"" -מוצר בפיקוח",שטראוס גרופ בעמ/מצונן,,,"י""ח",500,ל גרם,false,1,9.50,1.90,false,1,
7290002824466,false,יוגורט דנונה ביו לבן 0% שומן 200 גרם,שטראוס גרופ בעמ/מצונן,,,"י""ח",200,"ל מ""ל",false,1,3.70,1.85,false,1,
7290002824640,false,"גבינת סקי 250 גרם 5% ""שטראוס"" -מוצר בפיקוח",שטראוס גרופ בעמ/מצונן,,,"י""ח",250,ל גרם,false,1,4.97,1.99,false,1,
7290002825722,false,כרוב אדום במיונז אחלה (500 גרם),שטראוס גרופ בעמ/מצונן,,,"י""ח",500,ל גרם,false,1,14.90,2.98,true,1,
7290002868996,false,"קוטג' 5% שומן, רכיבים טבעיים, 250 גרם",החברה המרכזית טלהפצת משקאות בע,,,"י""ח",250,ל גרם,false,1,5.90,2.36,false,1,
7290002900566,false,פסטרמה ברביקיו דל שומן טירת צבי 400 גרם,הנסיך- מפעל לייצור ט,,,"י""ח",360,ל גרם,false,1,36,10,false,1,
7290002905462,false,מקל אלומיניום למטאטא,לפ סולומון סולור,,,"י""ח",1,,false,1,4.30,4.30,false,1,
7290002921349,false,דבק סופר גלו לוקטיט אריזה זוגית יעקובי,יעקב יעקבי ובניו בע`מ,,,"י""ח",1,,false,1,16.90,16.90,false,1,
7290002922117,false,מקלות קינמון וסוכר חום,הלל בן הלל שיווק ומסחר בעמ,,,"י""ח",250,ל גרם,false,1,23.90,9.56,false,1,
7290002987963,false,"חומוס אחלה 1 ק""ג שטראוס",שטראוס גרופ בעמ/מצונן,,,"י""ח",1,"ק""ג",false,1,14.90,14.90,false,1,
7290003009329,false,בוטנים אמריקאיים קליית גת (200 גרם),הדקלאים אגודת שיתופי,,,"י""ח",200,ל גרם,false,1,6.90,3.45,true,1,
7290003009336,false,קבוקים קליית גת (200 גרם),הדקלאים אגודת שיתופי,,,"י""ח",200,ל גרם,false,1,6.90,3.45,true,1,
7290003009640,false,מיץ תפוזים סחוט רכיבים טבעיים פריגת 1 ליטר,החברה המרכזית טלהפצת משקאות בע,,,"י""ח",1,ליטר,false,1,17.60,17.60,true,1,
7290003013005,false,פתיליות צף עגול 50 יח לפיד,פאלאס תעשיות נטו (2014) בעמ,,,"י""ח",1,,false,1,5.90,5.90,false,1,
7290003015627,false,"נוזל רצפות אפרסק 2 ליטר ""ריצפז פרש""",החברה הדרומית לשיווק בעמ,,,"י""ח",2,ליטר,false,1,19.90,9.95,false,1,
7290003015634,false,"נוזל רצפות פסיפלורה 2 ליטר ""ריצפז פרש""",החברה הדרומית לשיווק בעמ,,,"י""ח",2,ליטר,false,1,19.90,9.95,false,1,
7290003015641,false,"נוזל רצפות יסמין 2 ליטר ""ריצפז פרש""",החברה הדרומית לשיווק בעמ,,,"י""ח",2,ליטר,false,1,19.90,9.95,false,1,
7290003020010,false,רדיד אלומיניום 7.5/30,פאלאס תעשיות נטו (2014) בעמ,,,"י""ח",1,,false,1,6.90,6.90,false,1,
7290003020027,false,רדיד אלומיניום ארוך,פאלאס תעשיות נטו (2014) בעמ,,,"י""ח",1,,false,1,8.90,8.90,false,1,
7290003020171,false,רדיד אלומיניום 0,פאלאס תעשיות נטו (2014) בעמ,,,"י""ח",1,,false,1,32.90,32.90,false,1,
7290003020188,false,נייר אלומיניום 50 מקרון,פאלאס תעשיות נטו (2014) בעמ,,,"י""ח",1,,false,1,29.90,29.90,false,1,
7290003020195,false,רדיד 100 מקרון,נטו מלינדה סחר בעמ,,,"י""ח",1,,false,1,40.90,40.90,false,1,
7290003020348,false,זוג רדידי אלומיניום קצר,פאלאס תעשיות נטו (2014) בעמ,,,"י""ח",1,,false,1,12.90,12.90,false,1,
7290003020355,false,רדיד אלומניום זוג}אלומפייל{,פאלאס תעשיות נטו (2014) בעמ,,,"י""ח",2,"י""ח",false,1,17.90,8.95,false,1,
7290003023196,false,"משקה יטבתה מוקה שקית 225 מ""ל",שטראוס גרופ בעמ (ח),,,"י""ח",225,"ל מ""ל",false,1,3.10,1.38,false,1,
7290003026227,false,"קמיל בלו שמפו לתינוק סנסיטיב אל דמע ד""ר פישר 1 ליטר","פישר תעשיות פרמצביטות בע""מ",,,"י""ח",1,ליטר,false,1,32.90,32.90,true,1,
7290003029181,false,משקה יטבתה שוקו' בקבוק 1ל מהדרין,שטראוס גרופ בעמ/מצונן,,,"י""ח",1,ליטר,false,1,12,12,false,1,
7290003029372,false,יטבתה משקה בטעם בננה %3 בקבוק 1 ליטר,שטראוס גרופ בעמ/מצונן,,,"י""ח",1,ליטר,false,1,12,12,false,1,
7290003029389,false,"משקה חלב בננה פקק ספורט 250 מ""ל יוטבתה",שטראוס גרופ בעמ/מצונן,,,"י""ח",250,"ל מ""ל",false,1,5.60,2.24,false,1,
7290003029433,false,"משקה יטבתה שוקו פקק 250 מ""ל מהדרין",שטראוס גרופ בעמ/מצונן,,,"י""ח",250,"ל מ""ל",false,1,5.60,2.24,false,1,
7290003029532,false,מוקה בבקבוק יטבתה 1 ליטר מהדרין,שטראוס גרופ בעמ/מצונן,,,"י""ח",1,ליטר,false,1,12,12,false,1,
7290003029792,false,"משקה יטבתה שוקו שקיות מהדרין מארז 225X8מ""ל",שטראוס גרופ בעמ/מצונן,,,"י""ח",1.80,ליטר,false,1,19.90,11.06,false,1,
7290003029815,false,כד חלב 3% יטבתה 2 ליטר מהדרין,שטראוס גרופ בעמ/מצונן,,,"י""ח",2,ליטר,false,1,15.60,7.80,false,1,
7290003029884,false,"מוקה בשקית יטבתה 225 מ""ל מארז 6 יחידות",שטראוס גרופ בעמ (ח),,,"י""ח",1.40,ליטר,false,1,18,12.86,false,1,
7290003029907,false,משקה חלב אייס קפה 2% יטבתה (1 ליטר,שטראוס גרופ בעמ/מצונן,,,"י""ח",1,ליטר,false,1,12,12,false,1,
7290003102044,false,אינטרסן צימרוני אוזניים מעץ 80 יח,אינטרסן (1996) בעמ,,,"י""ח",1,,false,1,2.30,2.30,false,1,
7290003102990,false,פדים להסרת איפור 80 יח',אינטרסן (1996) בעמ,,,"י""ח",1,,false,1,8.10,8.10,true,1,
7290003119509,false,פקדון בקבוק בירה ריק,שונות /שרות,,,"י""ח",1,"י""ח",false,1,1.20,1.20,false,1,
7290003121083,false,ארוחת נודלס בטעם בשר בשקית מג'יק 85 גרם,נטו מילנדה סחר בעמ*,,,"י""ח",85,ל גרם,false,1,4.40,5.18,false,1,
7290003121106,false,ארוחת נודלס טעם עוף בשקית מג'יק 85 גרם,נטו מילנדה סחר בעמ*,,,"י""ח",85,ל גרם,false,1,4.40,5.18,false,1,
7290003126712,false,יוגורט עיזים מחלב מלא 3.7% משק צוריאל 150 גרם,החברה המרכזית טלהפצת משקאות בע,,,"י""ח",140,"ל מ""ל",false,1,6.50,4.64,false,1,
7290003126958,false,טופו גבינה גוש בואקום צוריאל 300 ג',החברה המרכזית טלהפצת משקאות בע,,,"י""ח",300,ל גרם,false,1,12.30,4.10,false,1,
7290003127597,false,שקית שרות קופה גופיה,שונות /שרות,,,"י""ח",1,,false,1,0.10,0.10,false,1,
7290003145959,false,פקאן טבעי קליית גת 150 גרם,ליימן שליסל בעמ,,,"י""ח",150,ל גרם,false,1,25.40,16.93,false,1,
7290003189076,false,פיצרלה הצהובה הטובה מגורדת 22% כפיר 500 גרם,צי תעשיות מזון יבנה,,,"י""ח",500,ל גרם,false,1,20.90,4.18,false,1,
7290003199273,false,צמר פלדה 200 גרם ינה,ח.כהן סוכנות מזון ומשקאות בע,,,"י""ח",200,ל גרם,false,1,6.90,3.45,false,1,
7290003229109,false,פסטרמה הודו בפפריקה טירת צבי (400 גרם),תנובה מרכז שיתופי לשיווק תוצרת,,,"י""ח",400,ל גרם,false,1,29.90,7.48,false,1,
7290003229116,false,פסטרמה הודו בדבש שומן טירת צבי 400 גרם,תנובה מרכז שיתופי לשיווק תוצרת,,,"י""ח",400,ל גרם,false,1,29.90,7.48,false,1,
7290003321155,false,יוגורט בר עם פקאן מצופה שוקולד 183 ג' דנונה,שטראוס גרופ בעמ/מצונן,,,"י""ח",175,"ל מ""ל",false,1,4.80,2.74,false,1,
7290003411276,false,עמבה הודית מובחרת הנמל 600ג',הנמל אריזות ושיווק (1984) בעמ,,,"י""ח",600,ל גרם,false,1,9.20,1.53,false,1,
7290003427154,false,"שמן זית כתית מעולה טעם מעודן זיתא 750 מ""ל",תה ויסוצקי (ישראל) בעמ,,,"י""ח",750,"ל מ""ל",false,1,37.90,5.05,true,1,
7290003438006,false,ממרח אולביה פסטו וצנובר איטלקי 190ג',תה ויסוצקי (ישראל) בעמ,,,"י""ח",190,ל גרם,false,1,15.50,8.16,true,1,
7290003438020,false,אוליביה ממרח עגבניות מיובשות (190 גרם),תה ויסוצקי (ישראל) בעמ,,,"י""ח",190,ל גרם,false,1,15.50,8.16,true,1,
7290003450602,false,חרדל אמיתי צהוב בקבוק לחיץ 255 גר,היינץ צפון אמריקה מקבוצת ה.י.היינץ,,,"י""ח",255,ל גרם,false,1,11.90,4.67,false,1,
7290003457991,false,טילון קורנטו וניל עם וופל ואגוזי לוז מסוכרים,"גלידת שטראוס בע""\מ, רחוב",,,"י""ח",1,,false,1,34.90,34.90,false,1,
7290003461677,false,"חומוס אסלי 1 ק""ג}שמיר{","סלטי שמיר 2006 בע""מ",,,"י""ח",1,"ק""ג",false,1,15.90,15.90,true,1,
7290003461868,false,"חציל במיונז אסלי שמיר 1 ק""ג","סלטי שמיר 2006 בע""מ",,,"י""ח",1,"ק""ג",false,1,15.90,15.90,true,1,
7290003525461,false,סלט טונה פיקנטי ויליגר 160 גרם,נטו מילנדה סחר בעמ*,,,"י""ח",160,ל גרם,false,1,6.80,4.25,false,1,
7290003527380,false,דובדבן ללא חרצן בצנצנת ויליגר 680 גרם,נטו מילנדה סחר בעמ*,,,"י""ח",680,ל גרם,false,1,12.20,1.79,false,1,
7290003550753,false,נתחי טונה בהירה בשמן פוסידון (108x4 גרם),נטו מילנדה סחר בעמ*,,,"י""ח",340,ל גרם,false,1,23.90,7.03,false,1,
7290003578061,false,לבבות דקל שלמים וילי פוד (400 גרם),ג.וילי-פוד אינטרנשיונל בעמ,,,"י""ח",400,ל גרם,false,1,11.90,2.98,false,1,
7290003578108,false,חתיכות אננס בסירופ קל וילי פוד (850 גרם),ג.וילי-פוד אינטרנשיונל בעמ,,,"י""ח",820,ל גרם,false,1,9.90,1.21,false,1,
7290003578290,false,וילי פוד מקלוני אורז בדץ 300ג,ג. וילי-פוד אינטרנשיונל בע`מ,,,"י""ח",300,ל גרם,false,1,6.90,2.30,false,1,
7290003578313,false,דובדבנים ללא חרצנים ויליפוד 680 גרם,ג. וילי-פוד אינטרנשיונל בע`מ,,,"י""ח",720,ל גרם,false,1,10.90,1.51,false,1,
7290003593187,false,צלעות בקר,ב ספק בשר קפוא,,,"י""ח",1,,true,1,30.90,30.90,false,1,
7290003643004,false,אורז בסמטי קלאסי סוגת (1 קג),האי נאם סי או אל.טי.,,,"י""ח",1,"ק""ג",false,1,13.90,13.90,false,1,
7290003643387,false,סוכר לבן בצנצנת פלסטיק 1 ק`ג,האי נאם סי או אל.טי.,,,"י""ח",1,"ק""ג",false,1,8.90,8.90,false,1,
7290003643646,false,"סוכר דמררה קלאסי בצנצנת סוגת 1 ק""ג",האי נאם סי או אל.טי.,,,"י""ח",1,"ק""ג",false,1,13.90,13.90,false,1,
7290003643714,false,חומוס גרגירים 500 גרם סוגת,האי נאם סי או אל.טי.,,,"י""ח",500,ל גרם,false,1,8.90,1.78,true,1,
7290003643738,false,חיטה סוגת (500 גרם),האי נאם סי או אל.טי.,,,"י""ח",500,ל גרם,false,1,6.80,1.36,true,1,
7290003643745,false,כוסמת סוגת (500 גרם),האי נאם סי או אל.טי.,,,"י""ח",500,ל גרם,false,1,8.90,1.78,true,1,
7290003643752,false,עדשים ירוקים יבש סוגת 500 גר',האי נאם סי או אל.טי.,,,"י""ח",500,ל גרם,false,1,8.90,1.78,true,1,
7290003643769,false,עדשים אדומים יבש סוגת 500 גר',"סוגת תעשיות בע""\מ",,,"י""ח",500,ל גרם,false,1,8.90,1.78,true,1,
7290003643776,false,"פופקורן גרעינים סוגת 500 ג' כשל""פ",האי נאם סי או אל.טי.,,,"י""ח",500,ל גרם,false,1,6.90,1.38,true,1,
7290003643806,false,שעועית לבנה יבשה סוגת (500 גרם),האי נאם סי או אל.טי.,,,"י""ח",500,ל גרם,false,1,13.80,2.76,true,1,
7290003643813,false,שעועית אדומה יבשה סוגת 500 גר',האי נאם סי או אל.טי.,,,"י""ח",500,ל גרם,false,1,13.70,2.74,true,1,
7290003643820,false,חומוס ענק יבש סוגת 500 גרם,"סוגת תעשיות בע""\מ",,,"י""ח",500,ל גרם,false,1,10.90,2.18,true,1,
7290003681211,false,צנובר מיה 100 גרם,מיה תעשיות מזון מ.ת.מ. בעמ,,,"י""ח",80,ל גרם,false,1,23.90,29.88,false,1,
7290003681334,false,"קוקוס 400 גרם מיה בד""צ",מיה תעשיות מזון מ.ת.מ. בעמ,,,"י""ח",400,ל גרם,false,1,11.90,2.98,false,1,
7290003681365,false,קישוט לעוגה צבעוני בבצנצנת מיה 80 גרם,מיה תעשיות מזון מ.ת.מ. בעמ,,,"י""ח",200,ל גרם,false,1,5.90,2.95,false,1,
7290003681693,false,חומוס לבן ענק יבש מיה 500 גר',מיה תעשיות מזון מ.ת.מ. בעמ,,,"י""ח",500,ל גרם,false,1,13.70,2.74,false,1,
7290003681716,false,גריסי פנינה מיה (500 גרם),מיה תעשיות מזון מ.ת.מ. בעמ,,,"י""ח",500,ל גרם,false,1,8.10,1.62,false,1,
7290003781065,false,מלפפונים בחומץ קטנים מאוד וילי פוד 370 גרם,ג. וילי-פוד אינטרנשיונל בע`מ,,,"י""ח",690,ל גרם,false,1,9.90,1.43,false,1,
7290003781652,false,צלפים במי מלח וילי פוד 230 גרם,ג. וילי-פוד אינטרנשיונל בע`מ,,,"י""ח",370,ל גרם,false,1,12.80,3.46,false,1,
7290003804320,false,תיבולית שום ופטרוזיליה קנור 72 גרם,יוניליוור ישראל שיווק בע`מ,,,"י""ח",72,ל גרם,false,1,10.40,14.44,true,1,
7290003804368,false,תיבוליות בזיליקום קנור (8 יח`- 72 גרם),יוניליוור ישראל שיווק בע`מ,,,"י""ח",72,ל גרם,false,1,10.40,14.44,true,1,
7290003805501,false,"פתית בסגנון שוודי תלמה בד""צ 300 גרם",יוניליוור ישראל שיווק בע`מ,,,"י""ח",300,ל גרם,false,1,18.70,6.23,false,1,
7290003805587,false,"פתית חיטה מלאה בד""צ 250 גרם-קופסא",יוניליוור ישראל שיווק בע`מ,,,"י""ח",250,ל גרם,false,1,18.70,7.48,false,1,
7290003807178,false,"רוטב קנור סויה בסגנון סיני 300 מ""ל",יוניליוור ישראל שיווק בע`מ,,,"י""ח",300,"ל מ""ל",false,1,11.90,3.97,true,1,
7290003807482,false,קנור רוטב טריאקי מופחת נתרן 370 גרם,יוניליוור ישראל שיווק בע`מ,,,"י""ח",370,"ל מ""ל",false,1,11.90,3.22,true,1,
7290003864478,false,סרדינים בשמן צמחי פתח קל ויליפוד 110 גרם,ג.וילי-פוד אינטרנשיונל בעמ,,,"י""ח",110,ל גרם,false,1,6.30,5.73,true,1,
7290003864485,false,סרדינים ברוטב עגבנ יות ויליפוד 110ג' פתח קל,ג. וילי-פוד אינטרנשיונל בע`מ,,,"י""ח",110,ל גרם,false,1,6.30,5.73,true,1,
7290003989096,false,סלט חצילים פיקנטי אחלה 500 גרם,שטראוס גרופ בעמ/מצונן,,,"י""ח",500,ל גרם,false,1,14.90,2.98,true,1,
7290003989539,false,רביולי עם גבינה שטראוס (400 גרם),שטראוס גרופ בעמ/מצונן,,,"י""ח",400,ל גרם,false,1,21.90,5.48,true,1,
7290003989553,false,פסטה טורטליני גבינה ופטריות 400 גרם,שטראוס גרופ בעמ/מצונן,,,"י""ח",400,ל גרם,false,1,21.70,5.43,true,1,
7290004048679,false,קובה למרק שלושת האופים(כ 18 יח`- 1 קג),נטו מלינדה סחר בעמ,,,"י""ח",1,"ק""ג",false,1,23.90,23.90,false,1,
7290004061487,false,טבעות עוף700 גר`טופ שף,קפוא-זן תעשיות מזון בעמ - תפוג,,,"י""ח",700,ל גרם,false,1,16.90,2.41,true,1,
7290004061494,false,נגיסי עוף 700 גר`טופ שף,קפוא-זן תעשיות מזון בעמ - תפוג,,,"י""ח",700,ל גרם,false,1,16.90,2.41,true,1,
7290004063115,false,"מלח מטבח עבה להמלחת בשר ובישול 1 ק""ג 1ק""ג",האי נאם סי או אל.טי.,,,"י""ח",1,"ק""ג",false,1,2.07,2.07,false,1,
7290004078690,false,"אגקס נוזל לניקוי אסלות מרענן 750 מ""ל",הנסיך- מפעל לייצור ט,,,"י""ח",750,"ל מ""ל",false,1,15.90,2.12,true,1,
7290004091248,false,וזלין פטרוליום אינטנסיב קאר ג'ל 106 גר',יוניליוור ישראל שיווק בע`מ,,,"י""ח",106,"ל מ""ל",false,1,16.20,15.28,false,1,
7290004091255,false,ג'ל פטרוליום טהור 100% וזלין 212 גרם,יוניליוור ישראל שיווק בע`מ,,,"י""ח",225,"ל מ""ל",false,1,19.70,8.76,false,1,
7290004119133,false,כד יוגורט תנובה 6.5% שומן 1.5 ליטר,מיוצר עי קונדיטוריית,,,"י""ח",1.50,ליטר,false,1,18.90,12.60,false,1,
7290004119225,false,יופלה יוגורט בטעם אננס %3 150 גרם,תנובה מרכז שיתופי לש,,,"י""ח",150,"ל מ""ל",false,1,5.60,3.73,false,1,
7290004120061,false,מעדן חלב בטעם שוקו וניל שוניל 2% קרלו 125 גרם,תנובה מרכז שיתופי לש,,,"י""ח",125,"ל מ""ל",false,1,3.10,2.48,false,1,
7290004120566,false,גבינה בולגרית (25024% גרם)פיראוס תנובה,"תנובה בע""מ ***",,,"י""ח",250,ל גרם,false,1,23.90,9.56,true,1,
7290004120573,false,גבינה בולגרית (25016% גרם)פיראוס תנובה,תנובה מרכז שיתופי לש,,,"י""ח",250,ל גרם,false,1,23.90,9.56,false,1,
7290004120634,false,גבינה בולגרית (2505% גרם)פיראוס תנובה,תנובה מרכז שיתופי לש,,,"י""ח",250,ל גרם,false,1,23.90,9.56,true,1,
7290004121488,false,יוגורט ביו דיאט 0% אפרסק יופלה (150 גרם),תנובה מרכז שיתופי לש,,,"י""ח",150,"ל מ""ל",false,1,5.40,3.60,false,1,
7290004121525,false,יופלה מאגדת פרי 4 תות 4 אפרסק 3% 8 יח'*150 ג',תנובה מרכז שיתופי לש,,,"י""ח",1.20,ליטר,false,1,32.30,26.92,false,1,
7290004122119,false,פתיתי פרמזן לפסטה 23% השף הלבן 100 גרם,"תנובה בע""מ ***",,,"י""ח",100,ל גרם,false,1,13.90,13.90,true,1,
7290004122195,false,גוש חלב גבינה צהובה פרוסה 28% תנובה 200 גרם,"תנובה בע""מ ***",,,"י""ח",200,ל גרם,false,1,14.60,7.30,false,1,
7290004122348,false,גבינה צהובה מופחתת שומן 9% עמק (200 גרם),תנובה מרכז שיתופי לש,,,"י""ח",200,ל גרם,false,1,16.80,8.40,true,1,
7290004122676,false,גבינה חמד לייט (2505% גרם)פיראוס תנובה,"תנובה,מחלבת טנא נוגה",,,"י""ח",250,ל גרם,false,1,19.10,7.64,true,1,
7290004124205,false,יופלה דיאט יוגורט תות %0 גביע 150 גרם,תנובה מרכז שיתופי לש,,,"י""ח",150,"ל מ""ל",false,1,5.20,3.47,false,1,
7290004124847,false,"קצפת צמחית השף הלבן 500 מ""ל תנובה",תנובה מרכז שיתופי לש,,,"י""ח",500,"ל מ""ל",false,1,15.90,3.18,true,1,
7290004125400,false,"אשל שלי מהדרין 200 מ""ל 4.5% ""תנובה""- מוצר בפיקוח",פארייפאבה אגרואינדוס,,,"י""ח",200,"ל מ""ל",false,1,1.69,0.85,false,1,
7290004125417,false,"גיל 3% שלי 200 מ""ל ""תנובה"" -מוצר בפיקוח",תנובה מרכז שיתופי לש,,,"י""ח",200,ל גרם,false,1,1.51,0.76,false,1,
7290004125455,false,"שמנת חמוצה 200 מ""ל 15% ""תנובה"" -מוצר בפיקוח",תנובה מרכז שיתופי לש,,,"י""ח",200,"ל מ""ל",false,1,2.40,1.20,false,1,
7290004125462,false,"שמנת חמוצה 15% תנובה 500 מ""ל מהדרין",תנובה מרכז שיתופי לש,,,"י""ח",500,"ל מ""ל",false,1,6,1.20,false,1,
7290004125509,false,"שמנת חמוצה 15% מועשרת תנובה 100 מ""ל",תנובה מרכז שיתופי לש,,,"י""ח",100,"ל מ""ל",false,1,1.80,1.80,false,1,
7290004125578,false,משקה סויה מעושר בסידן תנובה 1ל',תנובה מרכז שיתופי לש,,,"י""ח",1,ליטר,false,1,11.90,11.90,true,1,
7290004125585,false,משקה סויה בטעם וניל תנובה 1 ליטר,תנובה מרכז שיתופי לש,,,"י""ח",1,ליטר,false,1,11.90,11.90,true,1,
7290004125721,false,"השף הלבן שמנת עמידה לבישול 15% תנובה 250 מ""ל",תנובה מרכז שיתופי לש,,,"י""ח",250,"ל מ""ל",false,1,8.30,3.32,false,1,
7290004125738,false,שמנת מתוקה להקצפה32% 250מל עמיד השף הלבן,תנובה מרכז שיתופי לש,,,"י""ח",250,"ל מ""ל",false,1,6.80,2.72,false,1,
7290004125776,false,גבינה צהובה קלאסית 28% עמק (400 גרם),"תנובה בע""מ ***",,,"י""ח",400,ל גרם,false,1,30.30,7.58,true,1,
7290004126674,false,טל העמק פרוסות גבינה חצי קשה לייט %9 200 גרם בקופסא,תנובה מרכז שיתופי לש,,,"י""ח",200,ל גרם,false,1,18.80,9.40,false,1,
7290004126759,false,דאיט יופלה פירות יער טו יוג פרי 150גר.,"תנובה בע""מ ***",,,"י""ח",150,"ל מ""ל",false,1,5.20,3.47,false,1,
7290004127077,false,קוטג תנובה 3% גביע 250 גרם מהדרין,מיוצר עי קונדיטוריית,,,"י""ח",250,ל גרם,false,1,5.90,2.36,false,1,
7290004127329,false,קוטג תנובה גביע 250 גרם %5 ו.מהדרין,מיוצר עי קונדיטוריית,,,"י""ח",275,ל גרם,false,1,5.90,2.15,false,1,
7290004127336,false,קוטג תנובה גביע 250 גרם %9 ו.מהדרין,מיוצר עי קונדיטוריית,,,"י""ח",250,ל גרם,false,1,5.90,2.36,false,1,
7290004127800,false,"גבינה לבנה 500 גרם 5% ""תנובה"" -מוצר בפיקוח",מיוצר עי קונדיטוריית,,,"י""ח",500,ל גרם,false,1,9.96,1.99,false,1,
7290004127817,false,גבינה לבנה 9% שומן 500 ג' תנובה,מיוצר עי קונדיטוריית,,,"י""ח",500,ל גרם,false,1,9.50,1.90,false,1,
7290004127862,false,"גבינה לבנה 750 גרם 5% ""תנובה"" - מוצר בפיקוח",תנובה מרכז שיתופי לש,,,"י""ח",750,ל גרם,false,1,14.94,1.99,false,1,
7290004128340,false,קרם גבינת שמנת %5 בטעם טבעי 200 ג' תנובה,"תנובה בע""מ ***",,,"י""ח",200,ל גרם,false,1,12.30,6.15,false,1,
7290004129101,false,גבינת שמנת 25% בטעם טבעי 225 ג' נפוליאון,תנובה מרכז שיתופי לש,,,"י""ח",225,ל גרם,false,1,15,6.67,false,1,
7290004129156,false,גבינת שמנת25% עם שום שמיר 225 ג' נפוליאון,תנובה מרכז שיתופי לש,,,"י""ח",225,ל גרם,false,1,15,6.67,false,1,
7290004130794,false,משקה סויה במתיקות מופחתת תנובה (1 ליטר),תנובה מרכז שיתופי לש,,,"י""ח",1,ליטר,false,1,11.90,11.90,true,1,
7290004130916,false,יוגורט יופלה פירות יער בשמנת 3% 150 גרם,תנובה מרכז שיתופי לש,,,"י""ח",150,"ל מ""ל",false,1,5.60,3.73,false,1,
7290004131074,false,"חלב 1 ליטר 3% קרטון ""תנובה""- מוצר בפיקוח",תנובה מרכז שיתופי לש,,,"י""ח",1,ליטר,false,1,6.23,6.23,false,1,
7290004131814,false,גבינת צפתית מעודנת (2005% גרם)פיראוס ת,פארייפאבה אגרואינדוס,,,"י""ח",200,ל גרם,false,1,15.90,7.95,false,1,
7290004132552,false,משקה סויה בטעם טבעי לייט תנובה 1 ליטר,תנובה מרכז שיתופי לש,,,"י""ח",1,ליטר,false,1,11.90,11.90,true,1,
7290004132712,false,חטיף אצבעות גבינת מוצרלה 20% 172 ג' עמק,תנובה מרכז שיתופי לש,,,"י""ח",172,ל גרם,false,1,17.10,9.94,true,1,
7290004133511,false,יופלה מאגדת לבן 1.5% מעודן 8 יח' * 150 ג',מיוצר עי קונדיטוריית,,,"י""ח",1.20,ליטר,false,1,20.80,17.33,false,1,
7290004135614,false,גבינה בולגרית מעודנת 5% פיראוס 250 גרם,"תנובה בע""מ ***",,,"י""ח",250,ל גרם,false,1,23.90,9.56,false,1,
7290004136857,false,מעדן ג`לי בטעם פטל תנובה (125 גרם),תנובה מרכז שיתופי לש,,,"י""ח",125,"ל מ""ל",false,1,2.70,2.16,false,1,
7290004136871,false,מעדן ג'לי בטעם אפרסק עם חתיכות תנובה 125 גרם,תנובה מרכז שיתופי לש,,,"י""ח",125,"ל מ""ל",false,1,2.90,2.32,false,1,
7290004137021,false,"שמנת עמידה לבישול מופחת שומן 10% השף הלבן 250 מ""ל",תנובה מרכז שיתופי לש,,,"י""ח",250,"ל מ""ל",false,1,8.30,3.32,false,1,
7290004137311,false,גבינה צהובה מופחתת שומן 9% עמק (400 גרם),"תנובה בע""מ ***",,,"י""ח",400,ל גרם,false,1,30.90,7.73,true,1,
7290004199241,false,נרות חימום חסידים 50 יחידות,אינטרסן (1996) בעמ,,,"י""ח",50,"י""ח",false,1,13.90,0.28,true,1,
7290004199579,false,פלסטר מעורב 100 יח' - SUNNY PLASTER,הדקלאים אגודת שיתופי,,,"י""ח",100,"י""ח",false,1,11.60,0.12,true,1,
7290004199777,false,צימרוני אוזניים פלסטיק בכוס 300 יחידות אינטרסאן,אינטרסן (1996) בעמ,,,"י""ח",1,,false,1,8.50,8.50,true,1,
7290004200282,false,פרסים רמה 7,שמחה זה אנחנו,,,"י""ח",1,,false,1,16.50,16.50,false,1,
7290004219819,false,קומפלטה מלבין קפה הולנדי 200ג,ג. וילי-פוד אינטרנשיונל בע`מ,,,"י""ח",200,ל גרם,false,1,11.90,5.95,false,1,
7290004219826,false,מלבין קפה הולנדי קומפלטה 400ג',ג. וילי-פוד אינטרנשיונל בע`מ,,,"י""ח",400,ל גרם,false,1,21.90,5.48,false,1,
7290004324605,false,גבינה מותכת למריחה בטעם רוקפור 7% מון בלאן 120 ג',נטו מילנדה סחר בעמ*,,,"י""ח",120,ל גרם,false,1,13.50,11.25,false,1,
7290004554293,false,קרחון אסקימו שטראוס ענבים,גלידות שטראוס בעמ,,,"י""ח",1,,false,1,2.90,2.90,true,1,
7290004554781,false,קרחון אסקימו שטראוס לימון,גלידות שטראוס בעמ,,,"י""ח",1,,false,1,3,3,true,1,
7290004584351,false,גבינה לבנה סימפוניה עם תוספות 200 ג' חמישית 200,שטראוס גרופ בעמ/מצונן,,,"י""ח",200,ל גרם,false,1,12,6,true,1,
7290004584528,false,יוגורט דנונה ביו לבן 1.7% שומן 200 גרם,שטראוס גרופ בעמ/מצונן,,,"י""ח",200,"ל מ""ל",false,1,3.70,1.85,false,1,
7290004585907,false,דני ועדן וניל 1.5% 125ג' שטראוס,שטראוס גרופ בעמ/מצונן,,,"י""ח",130,"ל מ""ל",false,1,2.70,2.08,false,1,
7290004658847,false,"תירוש כרמל מיץ ענבים אדום, 187 מ""ל",אגודת הכורמים בעמ,,,"י""ח",187,"ל מ""ל",false,1,6.50,3.32,false,1,
7290004685126,false,לחם 5 דגנים פרוס לחם הארץ (750 גרם),מאפית י את א ברמן בע,,,"י""ח",750,ל גרם,false,1,15.90,2.12,false,1,
7290004685157,false,לחם שיפון 100% פרוס לחם הארץ (750 גרם),מאפית י את א ברמן בע,,,"י""ח",750,ל גרם,false,1,15.90,2.12,false,1,
7290004685195,false,לחם 10 דגנים פרוס לחם הארץ (750 גרם),מאפית י את א ברמן בע,,,"י""ח",750,ל גרם,false,1,15.90,2.12,false,1,
7290004685201,false,לחם הארץ שיפון אגוזים500,מאפית י את א ברמן בע,,,"י""ח",500,ל גרם,false,1,15.90,3.18,false,1,
7290004685225,false,לחם פומפרניקל פרוס לחם הארץ (750 גרם),מאפית י את א ברמן בע,,,"י""ח",750,ל גרם,false,1,15.90,2.12,false,1,
7290004685430,false,100% לחם כומסין 500 גר לחם הארץ,מאפית י את א ברמן בע,,,"י""ח",1,,false,1,16.90,16.90,false,1,
7290004731472,false,"שלישיית אלסבון צבעוני כיף 500 מ""ל",החברה הדרומית לשיווק בעמ,,,"י""ח",1.50,ליטר,false,1,18.90,12.60,false,1,
7290004731519,false,"מקסימה מרכך ומבשם כביסה למייבש סנסיטיב סנו 750 מ""ל",החברה הדרומית לשיווק בעמ,,,"י""ח",750,"ל מ""ל",false,1,19.90,2.65,true,1,
7290004737719,false,אספרגוס שלם מקולף בצנצנת ויליפוד 330 גרם,ג.וילי-פוד אינטרנשיונל בעמ,,,"י""ח",330,ל גרם,false,1,11.40,3.45,false,1,
7290004737900,false,חלב כחוש מרוכז וממותק בתוספת שמן צמחי ויליפוד 397 גרם,ג. וילי-פוד אינטרנשיונל בע`מ,,,"י""ח",397,ל גרם,false,1,9.90,2.49,false,1,
7290004944032,false,חומוס אמיתי אסלי שמיר 400 גרם,"סלטי שמיר 2006 בע""מ",,,"י""ח",400,ל גרם,false,1,9.90,2.48,true,1,
7290004944049,false,טחינה אסלי שמיר 400 גרם,"סלטי שמיר 2006 בע""מ",,,"י""ח",400,ל גרם,false,1,9.90,2.48,true,1,
7290004944056,false,סדרת האסלי חציל במיונז שמיר 400 גרם,"סלטי שמיר 2006 בע""מ",,,"י""ח",400,ל גרם,false,1,9.90,2.48,true,1,
7290004944063,false,סלט תורכי אסלי שמיר 400 ג',"סלטי שמיר 2006 בע""מ",,,"י""ח",400,ל גרם,false,1,10.90,2.73,true,1,
7290005008191,false,"סבון נוזלי ארומה בניחוח לבנדר פטצ'ולי וילנג ילנג פלמוליב 500 מ""ל",הנסיך- מפעל לייצור ט,,,"י""ח",500,"ל מ""ל",false,1,15.90,3.18,true,1,
7290005084355,false,סנסודין משחת שיניים דואל קר פלואוריד 75,גלקסו סמית קליין,,,"י""ח",75,ל גרם,false,1,23.90,31.87,true,1,
7290005174513,false,חציל על האש במיונז אחלה 400 גרם+225גר,שטראוס גרופ בעמ/מצונן,,,"י""ח",500,ל גרם,false,1,14.90,2.98,true,1,
7290005174551,false,סלט חומוס עם צנוברים 125 ג' אחלה,שטראוס גרופ בעמ/מצונן,,,"י""ח",125,ל גרם,false,1,5.70,4.56,false,1,
7290005174568,false,אחלה יום יום חצילים במיונז 125 גרם,שטראוס גרופ בעמ/מצונן,,,"י""ח",125,ל גרם,false,1,5.70,4.56,false,1,
7290005174575,false,טחינה אחלה יום יום משובחת 125ג',שטראוס גרופ בעמ/מצונן,,,"י""ח",125,ל גרם,false,1,5.70,4.56,false,1,
7290005199738,false,גומי מאסט בטעם פפרמינט ריח פה נעים פליפטופ 28 ג' עלית,שטראוס גרופ בע`מ,,,"י""ח",28,ל גרם,false,1,4.60,16.43,false,1,
7290005200786,false,תפוצ'יפס בטעם שמנת בצל עלית 50 גרם,"שטראוס פריטו ליי בע""\מ )",,,"י""ח",50,ל גרם,false,1,4.40,8.80,false,1,
7290005201455,false,קפה נמס מגורען ארומה קלאסי עלית 200 גרם,שטראוס גרופ בע`מ,,,"י""ח",200,ל גרם,false,1,23.90,11.95,true,1,
7290005287022,false,"סטארקיסט טונה במים 160 גרם בד""צ",דיפלומט מפיצים (1968) בעמ**,,,"י""ח",160,ל גרם,false,1,5.90,3.69,false,1,
7290005287213,false,"רביעיית טונה בשמן סטארקיסט 160 גרם בד""צ",דיפלומט מפיצים (1968) בעמ**,,,"י""ח",640,ל גרם,false,1,27.90,4.36,true,1,
7290005287251,false,רביעיית טונה במים סטארקיסט 160 גרם,דיפלומט מפיצים (1968) בעמ**,,,"י""ח",640,ל גרם,false,1,27.90,4.36,true,1,
7290005296260,false,"אסטוניש ספריי רסס ונגב לניקוי כללי יעקבי 750 מ""ל",יעקב יעקבי ובניו בע`מ,,,"י""ח",750,"ל מ""ל",false,1,16.90,2.25,true,1,
7290005423253,false,"סנו - מקסימה מרסס למייבש כביסה אולטרה פרש 750 מ""ל",החברה הדרומית לשיווק בעמ,,,"י""ח",750,"ל מ""ל",false,1,19.90,2.65,true,1,
7290005423567,false,מטליות ניקוי רב שימושיות בגליל סנו סושי 40 יחידות,החברה הדרומית לשיווק בעמ,,,"י""ח",1,,false,1,19.90,19.90,false,1,
7290005423734,false,מרכך כביסה מרוכז אולטרא פרש סנו מקסימה 4 ליטר,החברה הדרומית לשיווק בעמ,,,"י""ח",4,ליטר,false,1,21.90,5.48,false,1,
7290005423918,false,סנו - מקסימה מרכך כביסה היפואלרגני אלוורה 4 ליטר,החברה הדרומית לשיווק בעמ,,,"י""ח",4,ליטר,false,1,21.90,5.48,false,1,
7290005424847,false,"מפיות סופט לבנות לשולחן (150 יח') ""סנו""",החברה הדרומית לשיווק בעמ,,,"י""ח",150,"י""ח",false,1,7.90,0.05,false,1,
7290005424915,false,"סנומוד מבשם אויר בניחוח לבנדר פטצ'ולי סנו 150 מ""ל",החברה הדרומית לשיווק בעמ,,,"י""ח",150,"ל מ""ל",false,1,12.90,8.60,false,1,
7290005425202,false,אבקת כביסה ביו מקסימה לכתמים קשים,החברה הדרומית לשיווק בעמ,,,"י""ח",2.50,"ק""ג",false,1,26.90,10.76,false,1,
7290005425646,false,קליר נוזל לניקוי חלונות רב תכליתי סנו 1 ליטר,החברה הדרומית לשיווק בעמ,,,"י""ח",1,ליטר,false,1,12.90,12.90,false,1,
7290005426193,false,ספוגית הפלא סנו סושי 6 יחידות,החברה הדרומית לשיווק בעמ,,,"י""ח",1,,false,1,12.90,12.90,false,1,
7290005426803,false,מקסימה מרכך כביסה פצ'ולי לבנדר סגול סנו 4 ליטר,החברה הדרומית לשיווק בעמ,,,"י""ח",4,ליטר,false,1,21.90,5.48,false,1,
7290005427107,false,סנו - סושי מגבות נייר הפלא 6 יחידות,החברה הדרומית לשיווק בעמ,,,"י""ח",570,ל גרם,false,1,13.90,2.44,false,1,
7290005428845,false,מפיות סנו סופט 33*33 100 יחידות,החב הדרומית לשיווק,,,"י""ח",100,"י""ח",false,1,7.90,0.08,false,1,
7290005428852,false,ממחטות טישו צבעוניים סנו סופט 5 יח' *100דף,החברה הדרומית לשיווק בעמ,,,"י""ח",650,ל גרם,false,1,13.90,2.14,false,1,
7290005429279,false,סנו מקסימה קומפקט קומפקט אפקט גאוול 6 ק,החברה הדרומית לשיווק בעמ,,,"י""ח",6,"ק""ג",false,1,49.90,8.32,false,1,
7290005429286,false,"אבקת כביסה מקסימה ביו 6 ק""ג סנו",החברה הדרומית לשיווק בעמ,,,"י""ח",6,"ק""ג",false,1,49.90,8.32,false,1,
7290005430602,false,"סנו אוקסיג'ן ספריי להסרת כתמים עם חמצן פעיל 750 מ""ל",החברה הדרומית לשיווק בעמ,,,"י""ח",750,"ל מ""ל",false,1,18.90,2.52,false,1,
7290005430671,false,פוליויקס נוזל לניקוי קרמיקה סנו 2 ליטר,החברה הדרומית לשיווק בעמ,,,"י""ח",2,ליטר,false,1,20.90,10.45,true,1,
7290005437670,false,מחית פריטוב משמש 190ג' בייבי טעמן,טעמן שווק מזון בעמ,,,"י""ח",190,ל גרם,false,1,4,2.11,false,1,
7290005437809,false,חתיכות אננס חתבמיץ טבעי 825 גרם טעמן,טעמן שווק מזון בעמ,,,"י""ח",825,ל גרם,false,1,10.90,1.32,false,1,
7290005500688,false,"פנינה רוזנבלום מסיכה לשיקום ורודה , 1 ק""ג",פנינה רוזנבלום בעמ,,,"י""ח",1,"ק""ג",false,1,33.90,33.90,false,1,
7290005509445,false,עוגיות מיני קוקיס חמאה בצנצנת כרמית 600 גרם,כרמית תעשיות ממתקים בעמ,,,"י""ח",600,"ס""מ",false,1,16.90,2.82,false,1,
7290005559914,false,פיצה משפחתית עם 100% גבינה בתוספת זיתים מעדנות 550 גרם,תנובה מרכז שיתופי לשיווק תוצרת,,,"י""ח",550,ל גרם,false,1,24.90,4.53,true,1,
7290005591761,false,דבש טהור מפרחי בר בלחיץ 400 ג' יד מרדכי,מכוורת יד מרדכי שטרא,,,"י""ח",400,ל גרם,false,1,24.90,6.23,false,1,
7290005651427,false,"בונזו מזון לכלבים מולטיפק 1.2 ק""ג מארז 3 יחידות",דיפלומט מפיצים (1968) בעמ**,,,"י""ח",1.24,"ק""ג",false,1,19.90,16.05,false,1,
7290005678516,false,ענבים טלי לבן,ביכורי השדה צפון 1994 ג.ד. בעמ,,,"ק""ג",1,,true,1,25.90,25.90,false,1,
7290005733116,false,דפי קסם לחנוכה (נא השאירו את ההגדרה: צעצועי דורון),צעצועי דורון ~~~,,,"י""ח",1,,false,1,12.90,12.90,false,1,
7290005733666,false,מגבעות בד/משקפת/מטרי,צעצועי דורון ~~~,,,"י""ח",1,,false,1,14.90,14.90,false,1,
7290005733994,false,בייבליידס בקופסה,צעצועי דורון ~~~,,,"י""ח",1,,false,1,29.90,29.90,false,1,
7290005734243,false,בובה (י),צעצועי דורון ~~~,,,"י""ח",1,,false,1,22.30,22.30,false,1,
7290005838002,false,מעדן גבינה ויוגורט בטעם וניל 88 ג' דניאלה,שטראוס גרופ בעמ/מצונן,,,"י""ח",150,"ל מ""ל",false,1,4.30,2.87,false,1,
7290005838613,false,קרם גבינה 3% בטעם וניל סקי (125 גרם),שטראוס גרופ בעמ/מצונן,,,"י""ח",125,ל גרם,false,1,3.70,2.96,true,1,
7290005839078,false,שמיניית יוגורט לבן 3% ביו דנונה 150 גרם,שטראוס גרופ בעמ/מצונן,,,"י""ח",1.20,ליטר,false,1,17.60,14.67,false,1,
7290005839108,false,גבינה לבנה סימפוניה עם תוספות 200 ג'+זיתים 5%,שטראוס גרופ בעמ/מצונן,,,"י""ח",200,ל גרם,false,1,12,6,true,1,
7290005839313,false,מילקי Top עם שוקולדה מגולגלת 140 גרם,שטראוס גרופ בעמ/מצונן,,,"י""ח",130,"ל מ""ל",false,1,5,3.85,false,1,
7290005854613,false,שלגון אסקימו תותי פרוט 75 גר',גלידות שטראוס בעמ,,,"י""ח",1,,false,1,2.90,2.90,true,1,
7290005896415,false,"בירה איגל לאגר פרימיום 5% 500 מ""ל פחית","טמפו משקאות בע""מ",,,"י""ח",500,"ל מ""ל",false,1,7.20,1.38,false,1,
7290005896460,false,"בירה איגל לאגר חזקה 7.8% 500 מ""ל פחית",טמפו משקאות בעמ,,,"י""ח",330,"ל מ""ל",false,1,7.20,2.09,false,1,
7290005938245,false,ממרח פסטו קלאסי פרסקו 220ג' מצונן,מיוצר עי פרסקו חצבה,,,"י""ח",220,ל גרם,false,1,16.90,7.68,false,1,
7290005992247,false,"גבינה חלומי גד ק""ג.",מחלבות גד,,,"ק""ג",1,,true,1,115,115,false,1,
7290005992575,false,גבינה בולגרית למריחה 5% גד (250 גרם),מחלבות גד שיווק 1992 בעמ,,,"י""ח",250,ל גרם,false,1,18.20,7.28,true,1,
7290005992667,false,בולגרית פח% {5 גד}שקיל,מחלבות גד,,,"ק""ג",300,ל גרם,true,1,67,22.33,false,1,
7290005992735,false,לאבנה טבעית 5% 250 גר' - רבנות,מחלבות גד שיווק 1992 בעמ,,,"י""ח",250,ל גרם,false,1,12.90,5.16,true,1,
7290005992964,false,גבינת פטה כבשים במשק,מחלבות גד,,,"ק""ג",1,,true,1,125,125,false,1,
7290006185501,false,"פנינה רוזנבלום -אל סבון נוזלי ורוד,1 ליטר","פנינה רוזנבלום בע""מ",,,"י""ח",1,ליטר,false,1,10.90,10.90,true,1,
7290006185518,false,"פנינה רוזנבלום -אל סבון נוזלי כחול,1 ליטר","פנינה רוזנבלום בע""מ",,,"י""ח",1,ליטר,false,1,10.90,10.90,true,1,
7290006229588,false,בירה איגל לאגר פרימיום חזקה 6.3% 500 מל,"טמפו משקאות בע""מ",,,"י""ח",330,"ל מ""ל",false,1,7.20,2.09,false,1,
7290006241191,false,אגוזי מלך טבעיים קליית גת (150 גרם),הדקלאים אגודת שיתופי,,,"י""ח",150,ל גרם,false,1,17.90,11.93,true,1,
7290006241214,false,שקדים טבעיים קליית גת (200 גרם),הדקלאים אגודת שיתופי,,,"י""ח",200,ל גרם,false,1,25.40,12.70,false,1,
7290006241504,false,"משקה תפוזים קפוא פריגת 340 מ""ל",החברה המרכזית טלהפצת משקאות בע,,,"י""ח",280,ל גרם,false,1,14.20,4.96,false,1,
7290006251107,false,תה צ'אי מסאלה ויסוצקי 25 יחידות,תה ויסוצקי (ישראל) בעמ,,,"י""ח",50,ל גרם,false,1,19.90,39.80,false,1,
7290006251275,false,תה ירוק סיני קלאסי ויסוצקי 25 יחידות,תה ויסוצקי (ישראל) בעמ,,,"י""ח",37.50,ל גרם,false,1,25.90,69.07,true,1,
7290006251282,false,חליטת חמוציות הגן הקסום ויסוצקי 25 יחידות,תה ויסוצקי (ישראל) בעמ,,,"י""ח",75,ל גרם,false,1,18.90,25.20,true,1,
7290006251343,false,חליטת פסיפלורה מנגו הגן הקסום ויסוצקי 25 יחידות,תה ויסוצקי (ישראל) בעמ,,,"י""ח",62.50,ל גרם,false,1,18.90,30.24,true,1,
7290006251374,false,תה ירוק לימונית וג'ינג'ר ויסוצקי 25 יחידות,תה ויסוצקי (ישראל) בעמ,,,"י""ח",25,ל גרם,false,1,25.90,103.60,true,1,
7290006251589,false,תה ירוק עם עלי נענע 50 שקיקים ויסוצקי,תה ויסוצקי (ישראל) בעמ,,,"י""ח",75,ל גרם,false,1,48.90,65.20,true,1,
7290006256102,false,"יין אדום מרלו גאטו נגרו 750 מ""ל",היכל היין שקד גולן בעמ,,,"י""ח",750,"ל מ""ל",false,1,39.90,5.28,true,1,
7290006256775,false,"יין גאטו נגרו מלבק 750 מ""ל",היכל היין שקד גולן בעמ,,,"י""ח",750,"ל מ""ל",false,1,39.90,5.28,true,1,
7290006265500,false,פטריות שמפיניון ארוז מרינה,קונס`-מרינה פטריות הגליל בעמ*ש,,,"י""ח",1,,false,1,11.90,11.90,true,1,
7290006271181,false,ג'חנון אפוי למיקרוגל מעדנות 750 גרם,תנובה מרכז שיתופי לשיווק תוצרת,,,"י""ח",750,ל גרם,false,1,28.70,3.83,false,1,
7290006272072,false,חטיפי פיצה גבינה מעדנות 650 גרם,תנובה קפואים,,,"י""ח",650,ל גרם,false,1,36.90,5.68,false,1,
7290006272430,false,בצק עלים חמאה חלבי מעדנות (600 גרם),מיוצר עי קונדיטוריית,,,"י""ח",600,ל גרם,false,1,31.60,5.27,false,1,
7290006286031,false,חסה,ביכורי השדה צפון 1994 ג.ד. בעמ,,,"י""ח",1,,false,1,4.90,4.90,false,1,
7290006306302,false,רביולי במילוי גבינות פרמזן ריקוטה 400 ג' פסטה נונה,דורום תעשיות מזון ופסטה,,,"י""ח",400,ל גרם,false,1,23.90,5.98,false,1,
7290006306319,false,רביולי במילוי בטטה 400 ג' פסטה נונה,דורום תעשיות מזון ופסטה,,,"י""ח",400,ל גרם,false,1,23.90,5.98,false,1,
7290006342553,false,קבוקים בשקית ששון הקולה 200 גרם,דין שיווק וקליה 2021 בעמ,,,"י""ח",200,ל גרם,false,1,6.90,3.45,false,1,
7290006374738,false,קונפיטורה תות יד מרדכי בטעם תות,אף.סי תבליני בגליל ב,,,"י""ח",340,ל גרם,false,1,15.60,4.59,false,1,
7290006401366,false,"סבון לשטיפה אינטימית ליגיניה פרוטקטיב 200 מ""ל",)פייזר (קונסיומר הלט קר,,,"י""ח",200,"ל מ""ל",false,1,29.90,14.95,false,1,
7290006401373,false,ליגיניה סבון מרענן לשטיפה אינטימית,פייזר )קונסיומר הלט קר(,,,"י""ח",250,"ל מ""ל",false,1,29.90,11.96,false,1,
7290006492432,false,גבינה מוצרלה בייבי 18% גד (150 גרם),מחלבות גד שיווק 1992 בעמ,,,"י""ח",1,,false,1,15.30,15.30,true,1,
7290006492616,false,גבינה בולגרית מעודנת פרוסות 5% גד 250 גרם,מחלבות גד שיווק 1992 בעמ,,,"י""ח",250,ל גרם,false,1,27.50,11,true,1,
7290006492630,false,גבינת פרומעז עיזים 22% גד 180 גרם,מחלבות גד שיווק 1992 בעמ,,,"י""ח",1,,false,1,27.60,27.60,true,1,
7290006492685,false,גבינת לאבנה עיזים 5% גד (250 גרם),מחלבות גד שיווק 1992 בעמ,,,"י""ח",250,ל גרם,false,1,20.60,8.24,true,1,
7290006492852,false,גבינת עיזים למריחה 5% שומן 250 ג' גד,מחלבות גד שיווק 1992 בעמ,,,"י""ח",1,,false,1,18.20,18.20,true,1,
7290006492913,false,גבינת לאבנה ציזיקי 5% מחלבות גד 250 גרם,מחלבות גד שיווק 1992 בעמ,,,"י""ח",250,ל גרם,false,1,15.20,6.08,true,1,
7290006494917,false,טוסו וופל קלאסי במילוי שוקולד 200 גרם,"איטיליאן פוד, אס.פי.",,,"י""ח",180,ל גרם,false,1,7.80,4.33,false,1,
7290006494924,false,טוסו וופל קלאסי במילוי קרם לימון 200 גרם,"דנשר (1963) בע,מ",,,"י""ח",180,ל גרם,false,1,7.80,4.33,false,1,
7290006511683,false,מאנצו-פולי סויה בתרמילים 454 גרם מהד,ג.וילי-פוד אינטרנשיונל **גבינו,,,"י""ח",454,ל גרם,false,1,12.20,2.69,false,1,
7290006511751,false,פטריות שמפניון חתוך ויליפוד 290X3 ג' בד”צ,ג.וילי-פוד אינטרנשיונל בעמ,,,"י""ח",870,ל גרם,false,1,11.90,1.37,false,1,
7290006546302,false,"צ'יפס קיטרינג פרי גליל 1.5 ק""ג",ויטה- פרי גליל (החדשה) בעמ,,,"י""ח",1.50,"ק""ג",false,1,21.90,14.60,true,1,
7290006546319,false,"סטייק צ'יפס פרי הגליל 1.5 ק""ג",ויטה- פרי גליל (החדשה) בעמ,,,"י""ח",700,ל גרם,false,1,21.90,3.13,true,1,
7290006546388,false,תחתיות ארטישוק קפוא פרי הגליל 400ג',ויטה- פרי גליל (החדשה) בעמ,,,"י""ח",400,ל גרם,false,1,9.90,2.48,false,1,
7290006546524,false,צי'פס מובחר קפוא פרי גליל 800 ג',נטו מלינדה סחר בעמ,,,"י""ח",800,ל גרם,false,1,14.90,1.86,false,1,
7290006618078,false,"מרסס לניקוי יסודי מטבח אסטוניש 750 מ""ל","יעקב יעקבי ובניו בע""מ",,,"י""ח",750,"ל מ""ל",false,1,16.90,2.25,true,1,
7290006618610,false,הפי ספוגיות לניקוי כלים חלביים ובשריים יעקבי 6 יחידות,יעקב יעקבי ובניו בעמ,,,"י""ח",1,,false,1,11.20,11.20,false,1,
7290006652027,false,במבה חטיף בוטנים אסם 20*15 גרם,קבוצת אוסם סחר שותפות מוגבלת,,,"י""ח",300,ל גרם,false,1,27.70,9.23,true,1,
7290006653819,false,קוסקוס אמיתי דק בשקית 350 גרם,קבוצת אוסם סחר שותפות מוגבלת,,,"י""ח",350,ל גרם,false,1,9.20,2.63,false,1,
7290006664051,false,"אקטימל לבן 1.51 ק""ג מארז 14 יחידות",שטראוס גרופ בעמ/מצונן,,,"י""ח",1.40,ליטר,false,1,32.60,23.29,false,1,
7290006664402,false,גבינה לבנה סקי 5% שומן 750 גרם,שטראוס גרופ בעמ/מצונן,,,"י""ח",750,ל גרם,false,1,14.25,1.90,false,1,
7290006664532,false,יוגורט עם תות 3% שומן 150 ג' דנונה,שטראוס גרופ בעמ/מצונן,,,"י""ח",150,"ל מ""ל",false,1,3.90,2.60,true,1,
7290006664655,false,דנונה Actimel יוגורט טבעי 8*100 מ``ל,שטראוס גרופ בעמ/מצונן,,,"י""ח",800,"ל מ""ל",false,1,22.70,2.84,false,1,
7290006664693,false,יוגורט עם אפרסק 3% שומן 150 ג' דנונה,שטראוס גרופ בעמ/מצונן,,,"י""ח",150,"ל מ""ל",false,1,3.90,2.60,true,1,
7290006664990,false,"יוגורט דנונה ביו לבן 1.7% שומן 8*150 מ""ל",שטראוס גרופ בעמ/מצונן,,,"י""ח",1.20,ליטר,false,1,17.60,14.67,false,1,
7290006681553,false,קרמבו בטעם וניל שטראוס 8 יחידות,"גלידות שטראוס בע""מ",,,"י""ח",8,"י""ח",false,1,15.90,1.99,false,1,
7290006681560,false,קרמבו בטעם מוקה שטראוס 8 יחידות,"גלידות שטראוס בע""מ",,,"י""ח",8,"י""ח",false,1,15.90,1.99,false,1,
7290006739346,false,נקניקיות פרגיות טרי 400 גרם זוגלובק,נקניק נהריה כשר זוגל,,,"י""ח",400,ל גרם,false,1,23.20,5.80,true,1,
7290006739414,false,נקניק סלמי קוניאק זוגלובק 300 גרם,נקניק נהריה כשר זוגל,,,"י""ח",3.50,"י""ח",false,1,29.90,8.54,true,1,
7290006741363,false,בורקס תפוחי אדמה זוגלובק 800 גרם,מאפיית אריאל וגידרון,,,"י""ח",800,ל גרם,false,1,19.40,2.43,true,1,
7290006741387,false,מלווח תימני זוגלובק בד`צ 700 גרם קפוא,נקניק נהריה כשר זוגל,,,"י""ח",700,ל גרם,false,1,17.90,2.56,true,1,
7290006775030,false,עוגת שוקו צ`יפס אחוה (450 גרם)אחוה,אחדות ביתחרושת לטחינה חלבה,,,"י""ח",450,ל גרם,false,1,10.90,2.42,false,1,
7290006804907,false,פיתה אסלית אפויה קפואה (חמישיות),קונסיגנציה ג`נרל מילס ישראל בע,,,"י""ח",1,,false,1,7.90,7.90,true,1,
7290006866363,false,מיץ סחוט אשכוליות אדומות פרימור 1 ליטר,שטראוס גרופ בעמ/מצונן,,,"י""ח",1,ליטר,false,1,16.60,16.60,false,1,
7290006878106,false,כרוב לבן,ביכורי השדה צפון 1994 ג.ד. בעמ,,,"ק""ג",1,,true,1,3.90,3.90,false,1,
7290006983206,false,תערובת להכנת פלפל קלי קלות 180 גרם,קבוצת אוסם סחר שותפות מוגבלת,,,"י""ח",90,ל גרם,false,1,11.30,12.56,false,1,
7290006983527,false,עוגת הבית תפוחי עץ עם פירורים 400 ג' אסם,קבוצת אוסם סחר שותפות מוגבלת,,,"י""ח",400,ל גרם,false,1,18.90,4.73,false,1,
7290006983763,false,עוגת הבית בטעם שוקולד אסם (400 גרם),קבוצת אוסם סחר שותפות מוגבלת,,,"י""ח",400,ל גרם,false,1,14.10,3.53,false,1,
7290006983770,false,עוגת הבית שיש אסם (400 גרם),קבוצת אוסם סחר שותפות מוגבלת,,,"י""ח",400,ל גרם,false,1,14.10,3.53,false,1,
7290006983787,false,עוגת הבית שוקולד צ'יפס אסם 400 גרם,קבוצת אוסם סחר שותפות מוגבלת,,,"י""ח",400,ל גרם,false,1,14.10,3.53,false,1,
7290006992161,false,מטרנה - דייסת קורנפלור פרוביוטי 200 גרם,קבוצת אוסם סחר שותפות מוגבלת,,,"י""ח",200,ל גרם,false,1,14.90,7.45,false,1,
7290006992185,false,"מטרנה - דייסת אורז פרוביוטי כשל""פ 200 גרם",קבוצת אוסם סחר שותפות מוגבלת,,,"י""ח",200,ל גרם,false,1,13.90,6.95,false,1,
7290006992208,false,מטרנה דייסת 8 דגנים מעורבים 200 גרם,קבוצת אוסם סחר שותפות מוגבלת,,,"י""ח",200,ל גרם,false,1,13.90,6.95,false,1,
7290008116565,false,שטיפת פה ליסטרין מנטה מרענן 500 מ`ל,ג'\ונסון אנד ג'\ונסון,,,"י""ח",500,"ל מ""ל",false,1,18.90,3.78,true,1,
7290008154222,false,שניצלונים עוף טוב 700 גרם,קבוצת אוסם סחר-שות.מוגבלת,,,"י""ח",700,ל גרם,false,1,15.90,2.27,true,1,
7290008175210,false,גבינת פרמזן מגורדת 90ג' ויליפוד,ג.וילי-פוד אינטרנשיונל **גבינו,,,"י""ח",90,ל גרם,false,1,14.90,16.56,false,1,
7290008343466,false,בצק פילו שלושת האופים (500 גרם),שלושת האופים שגמור,,,"י""ח",500,ל גרם,false,1,21.90,4.38,true,1,
7290008343503,false,גחנון אפוי 650 גר' שלושת האופים קהילות,נטו מלינדה סחר בעמ,,,"י""ח",650,ל גרם,false,1,25,3.85,true,1,
7290008343510,false,ג'חנון מיני אפוי למיקרו 3 האופים 650 ג',נטו מלינדה סחר בעמ,,,"י""ח",650,ל גרם,false,1,21.90,3.37,false,1,
7290008343558,false,סיגרים במילוי בשר פיקנטי 1 ק``ג קפוא,נטו מלינדה סחר בע`מ,,,"י""ח",1,"ק""ג",false,1,21.90,21.90,true,1,
7290008343565,false,"סיגרים תפו""א 1 ק""ג שלושת האופים",נטו מלינדה סחר בעמ,,,"י""ח",1,"ק""ג",false,1,21.90,21.90,true,1,
7290008343572,false,אגרול סיני 1 קג -שלושת האופים,נטו מלינדה סחר בע`מ,,,"י""ח",1,"ק""ג",false,1,22.90,22.90,false,1,
7290008343619,false,"פסטלים תפו""א שלושת האופים 1 ק""ג",נטו מלינדה סחר בע`מ,,,"י""ח",1,"ק""ג",false,1,21.90,21.90,false,1,
7290008344258,false,המבורגר מיזרחי 400 גר`טיבונוויל,"טיבון ויל אחזקות בע""\מ",,,"י""ח",400,ל גרם,false,1,25.50,6.38,true,1,
7290008345576,false,סלט איקרה ביתית לבנה 300 גרם דלידג,נטו מלינדה סחר בע`מ,,,"י""ח",300,ל גרם,false,1,21.90,7.30,false,1,
7290008347211,false,אצבעות דג מצופות דלידג (700 גרם),אף.סי תבליני בגליל ב,,,"י""ח",700,ל גרם,false,1,26.90,3.84,false,1,
7290008409100,false,אצבעות שניצל בציפוי שומשום מאמא עוף 700 גרם,תנובה גליל שותפות מוגבלת,,,"י""ח",600,ל גרם,false,1,39.40,6.57,false,1,
7290008409124,false,מאמא עוף קפוא שניצל ג'ונגל פריך 700 גרם,תנובה מרכז שיתופי לשיווק תוצרת,,,"י""ח",700,ל גרם,false,1,39.40,5.63,false,1,
7290008415071,false,צבר חומוס עם טחינה עגול 150 גרם,קבוצת אוסם סחר שותפות מוגבלת,,,"י""ח",150,ל גרם,false,1,5.80,3.87,false,1,
7290008415514,false,צבר חומוס עם חריף עגול 150 גרם,קבוצת אוסם סחר שותפות מוגבלת,,,"י""ח",150,ל גרם,false,1,5.80,3.87,false,1,
7290008462204,false,חרדל דיז'ון מקורי נטו מאי 380 גרם,א. סיימן סחר בעמ,,,"י""ח",380,ל גרם,false,1,16.90,4.45,true,1,
7290008462259,false,חרדל דיז'ון גרגירים מיילי 380 גרם,א. סיימן סחר בעמ,,,"י""ח",380,ל גרם,false,1,19.90,5.24,true,1,
7290008464109,false,"בירה גולדסטאר Unfiltered, בירה לא מסוננת, בקבוק 330 מ""ל","טמפו משקאות בע""מ",,,"י""ח",600,"ל מ""ל",false,1,9.30,1.50,false,1,
7290008464604,false,"בירה הייניקן פחית 500 מ""ל",טמפו משקאות בע''מ,,,"י""ח",500,"ל מ""ל",false,1,10.90,2.12,false,1,
7290008466660,false,מארז רוגלך מחנה יהודה 500 גר`,הלל בן הלל שיווק ומסחר בעמ,,,"י""ח",500,ל גרם,false,1,17.90,3.58,true,1,
7290008466813,false,מארז עוגיות קינמון 500ג מחנה יהודה,הלל בן הלל שיווק ומסחר בעמ,,,"י""ח",500,ל גרם,false,1,17.90,3.58,true,1,
7290008493413,false,פירורי לחם מאיר בייגל פירורי גריסיני 200 גרם,"דנשר (1963) בע,מ",,,"י""ח",200,ל גרם,false,1,7.90,3.95,false,1,
7290008609531,false,נייר אפייה 50 יח`פאלאס,פאלאס תעשיות נטו (2014) בעמ,,,"י""ח",1,,false,1,9.90,9.90,false,1,
7290008634045,false,"פלסטר שקוף 30 יחידות ""SUNNY PLASTER""",אינטרסן (1996) בעמ,,,"י""ח",30,"י""ח",false,1,8,0.27,true,1,
7290008636650,false,קמח מצה מיה 500 גרם,מיה תעשיות מזון מ.ת.מ. בעמ,,,"י""ח",500,ל גרם,false,1,9.40,1.88,false,1,
7290008636957,false,שקדים מולבנים גרוסים מיה 100 גרם,מיה תעשיות מזון מ.ת.מ. בעמ,,,"י""ח",100,ל גרם,false,1,11.90,11.90,false,1,
7290008636964,false,שקדים מולבנים שביבים 100 גר' מיה,מיה תעשיות מזון מ.ת.מ. בעמ,,,"י""ח",100,ל גרם,false,1,11.90,11.90,false,1,
7290008644112,false,אחלה יום יום סלט מטבוחה יום יום 125 גרם,שטראוס גרופ בעמ/מצונן,,,"י""ח",125,ל גרם,false,1,5.70,4.56,false,1,
7290008690713,false,נקטר חמוציות אושן ספריי פריגת (1 ליטר),החברה המרכזית להפצת משקאות בעמ,,,"י""ח",1,ליטר,false,1,13.90,13.90,false,1,
7290008693134,false,מעדן גבינה ויוגורט בטעם תות 5% שומן 88 ג' דניאלה,שטראוס גרופ בעמ/מצונן,,,"י""ח",150,"ל מ""ל",false,1,4.30,2.87,false,1,
7290008713900,false,לחם שיפון עגול פרוס אחדות (750 גרם),מאפיית אנג'\ל אורנים מאפ,,,"י""ח",750,ל גרם,false,1,12.90,1.72,false,1,
7290008713917,false,לחם שיפון כהה פרוס מאפיית אחדות 750 גרם,מאפיית שלמה א. אנג'\ל בע,,,"י""ח",750,ל גרם,false,1,12.90,1.72,false,1,
7290008745239,false,תפוצ'יפס קראנצ' בטעם טבעי עלית 50 גרם,"שטראוס פריטו ליי בע""\מ )",,,"י""ח",55,ל גרם,false,1,4.40,8,false,1,
7290008750264,false,"מסטיק מאסט ציקלס דובדבן 28 גרם לל""ס מגדים",שטראוס גרופ בע`מ,,,"י""ח",28,ל גרם,false,1,4.60,16.43,false,1,
7290008752244,false,תפוצ'יפס קראנץ' בטעם גריל עלית 50 גרם,"שטראוס פריטו ליי בע""\מ )",,,"י""ח",50,ל גרם,false,1,4.40,8.80,false,1,
7290008753111,false,תפוצ'יפס קראנץ' בטעם מקסיקני עלית 50 גרם,"שטראוס פריטו ליי בע""\מ )",,,"י""ח",50,ל גרם,false,1,4.40,8.80,false,1,
7290008754415,false,גומי מאסט בטעם ספירמינט עדין פליפטופ 28 ג' עלית,שטראוס גרופ בע`מ,,,"י""ח",28,ל גרם,false,1,4.70,16.79,false,1,
7290008757034,false,"שוופס סודה זכוכית 250 מ""ל",יפאורה שותפות מוגבלת לשיווק,,,"י""ח",250,"ל מ""ל",false,1,3.90,1.44,true,1,
7290008757980,false,קרטונית ספרינג נקטר רימונים 1 ליטר,יפאורה שותפות מוגבלת לשיווק,,,"י""ח",1,ליטר,false,1,6.90,6.90,true,1,
7290008775816,false,ערגליות עוגיות במילוי שוקולד אסם 300 גרם,קבוצת אוסם סחר שותפות מוגבלת,,,"י""ח",300,ל גרם,false,1,10.90,3.63,true,1,
7290008775823,false,ערגליות עוגיות תות שדה אסם 300 גרם,קבוצת אוסם סחר שותפות מוגבלת,,,"י""ח",300,ל גרם,false,1,10.90,3.63,true,1,
7290008801010,false,"יין קברנה סוביניון מרלו פרייוט קולקשן 750 מ""ל",אגודת הכורמים הקאופו,,,"י""ח",750,"ל מ""ל",false,1,39.90,5.28,true,1,
7290008801157,false,"יין מרלו סלקטד כרמל כרמל 750 מ""ל",אגודת הכורמים -כרמל מזרחי,,,"י""ח",750,"ל מ""ל",false,1,29.90,3.95,true,1,
7290008806985,false,נישנושים גלידה שוקו וניל בציפוי שוקולד 60 יח' קרמיסימו,"גלידת שטראוס בע""\מ, רחוב",,,"י""ח",630,ל גרם,false,1,49.90,7.92,false,1,
7290008846219,false,"שמן זית כתית מעולה חלוצה 750 מ""ל",האי נאם סי או אל.טי.,,,"י""ח",750,"ל מ""ל",false,1,41.50,5.53,false,1,
7290008909778,false,"קרלסברג שישייה 330מ""ל",החברה המרכזית להפצת משקאות בעמ,,,"י""ח",1.98,ליטר,false,1,49.50,24.09,true,1,
7290008909853,false,"קוקה קולה זירו בקבוק 500 מ""ל.",החברה המרכזית להפצת משקאות בעמ,,,"י""ח",500,"ל מ""ל",false,1,7.90,1.52,true,1,
7290008945202,false,שקיות אשפה לפח ענק 90x75 גלילונית) (50,"קילט ניהול פרוייקטים בע""מ",,,"י""ח",1,,false,1,16.90,16.90,false,1,
7290008975551,false,תחליף חלב מטרנה מהדרין שלב 3 חלבי 700 גרם,קבוצת אוסם סחר שותפות מוגבלת,,,"י""ח",700,ל גרם,false,1,49.90,7.13,false,1,
7290008989169,false,"אורז תפוח בשקית בטר אנד דיפרנט 500 גרם לל""ג",בטר אנד דיפרנט בעמ,,,"י""ח",500,ל גרם,false,1,19.90,3.98,false,1,
7290008989671,false,"ציפוי עדיף פריך ""ללא גלוטן"" בטר אנד דיפרנט 250 גרם",בטר אנד דיפרנט בעמ,,,"י""ח",200,ל גרם,false,1,10.90,5.45,false,1,
7290010002030,false,תבלין כמון טחון תבליני מימון 100 גרם,א.ל. ייצור ושיווק תבלינים בע`מ,,,"י""ח",100,ל גרם,false,1,12.90,12.90,false,1,
7290010002078,false,פלפל שחור טחון תבליני מימון (100 גרם),א.ל. ייצור ושיווק תבלינים בע`מ,,,"י""ח",100,ל גרם,false,1,15.50,15.50,false,1,
7290010002092,false,תבלין פלפל שחור גרוס דק תבליני מימון 90,א.ל. ייצור ושיווק תבלינים בע`מ,,,"י""ח",90,ל גרם,false,1,15.50,17.22,false,1,
7290010002139,false,פפריקה הונגרית חריפה תבליני מימון 100 גרם,א.ל. ייצור ושיווק תבלינים בע`מ,,,"י""ח",100,ל גרם,false,1,12.90,12.90,false,1,
7290010002153,false,פפריקה מרוקאית חריפה תבליני מימון 100 גרם,א.ל. ייצור ושיווק תבלינים בע`מ,,,"י""ח",100,ל גרם,false,1,12.90,12.90,false,1,
7290010002207,false,תבלין קינמון טחון תבליני מימון 100 גרם,א.ל. ייצור ושיווק תבלינים בע`מ,,,"י""ח",100,ל גרם,false,1,9.90,9.90,false,1,
7290010002214,false,תבלין צ'ילי גרוס תבליני מימון 80 גרם,א.ל. ייצור ושיווק תבלינים בע`מ,,,"י""ח",80,ל גרם,false,1,12.90,16.13,false,1,
7290010002290,false,תיבול לשווארמה תבליני מימון 100 גרם,א.ל. ייצור ושיווק תבלינים בע`מ,,,"י""ח",100,ל גרם,false,1,12.90,12.90,false,1,
7290010002320,false,תבלין לגריל עוף תבליני מימון (100 גרם),א.ל. ייצור ושיווק תבלינים בע`מ,,,"י""ח",100,ל גרם,false,1,12.90,12.90,false,1,
7290010002344,false,תבלין לדג תבליני מימון 100 גרם.,א.ל. ייצור ושיווק תבלינים בע`מ,,,"י""ח",100,ל גרם,false,1,12.90,12.90,false,1,
7290010002368,false,תערובת חווויג' תבליני מימון 100 גרם,א.ל. ייצור ושיווק תבלינים בע`מ,,,"י""ח",100,ל גרם,false,1,12.90,12.90,false,1,
7290010002382,false,תבלין אורגנו תבליני מימון 40 גרם,א.ל. ייצור ושיווק תבלינים בע`מ,,,"י""ח",40,ל גרם,false,1,9.90,24.75,false,1,
7290010002399,false,תבלין בזיליקום תבליני מימון 40 גרם,א.ל. ייצור ושיווק תבלינים בע`מ,,,"י""ח",40,ל גרם,false,1,9.90,24.75,false,1,
7290010002405,false,תבלין טימין הררי תבליני מימון 40 גרם,א.ל. ייצור ושיווק תבלינים בע`מ,,,"י""ח",40,ל גרם,false,1,9.90,24.75,false,1,
7290010002429,false,עלי דפנה תבליני מימון 20 גרם צנצנת,א.ל. ייצור ושיווק תבלינים בע`מ,,,"י""ח",20,ל גרם,false,1,9.90,49.50,false,1,
7290010002443,false,תבלין רוזמרין תבליני מימון 40 גרם,א.ל. ייצור ושיווק תבלינים בע`מ,,,"י""ח",40,ל גרם,false,1,9.90,24.75,false,1,
7290010002481,false,תבלין שום טחון תבליני מימון 100 גרם,א.ל. ייצור ושיווק תבלינים בע`מ,,,"י""ח",100,ל גרם,false,1,14.90,14.90,false,1,
7290010002498,false,תבלין שום גבישי תבליני מימון 120 גרם,א.ל. ייצור ושיווק תבלינים בע`מ,,,"י""ח",120,ל גרם,false,1,14.90,12.42,false,1,
7290010002726,false,תבלין לפרגיות תבליני מימון 100 גרם.,א.ל. ייצור ושיווק תבלינים בע`מ,,,"י""ח",100,ל גרם,false,1,12.90,12.90,false,1,
7290010003440,false,שבבי בצל מטוגן תבליני מימון 200 גרם,א.ל.ייצור ושיווק תבלינים בעמ,,,"י""ח",200,ל גרם,false,1,11.50,5.75,false,1,
7290010003686,false,עלי דפנה שקית תבליני מימון (20 גרם),א.ל. ייצור ושיווק תבלינים בע`מ,,,"י""ח",20,ל גרם,false,1,5.90,29.50,false,1,
7290010003693,false,פפריקה מתוקה בשקית תבליני מימון 80 גרם,א.ל. ייצור ושיווק תבלינים בע`מ,,,"י""ח",80,ל גרם,false,1,6.50,8.13,false,1,
7290010003709,false,פלפל שחור טחון בשקית תבליני מימון 50 גרם,א.ל. ייצור ושיווק תבלינים בע`מ,,,"י""ח",50,ל גרם,false,1,8.90,17.80,false,1,
7290010003754,false,כמון טחון בשקית תבליני תבליני מימון 50 גרם,א.ל. ייצור ושיווק תבלינים בע`מ,,,"י""ח",50,ל גרם,false,1,6.90,13.80,false,1,
7290010003778,false,תיבול לגריל עוף בשקית תבליני מימון 80 גרם,א.ל. ייצור ושיווק תבלינים בע`מ,,,"י""ח",80,ל גרם,false,1,6.90,8.63,false,1,
7290010003792,false,מלח לימון בשקית תבליני מימון 100 גרם,א.ל. ייצור ושיווק תבלינים בע`מ,,,"י""ח",100,ל גרם,false,1,6.90,6.90,false,1,
7290010003808,false,זעתר ושומשום בשקית תבליני מימון (80 גרם),א.ל. ייצור ושיווק תבלינים בע`מ,,,"י""ח",80,ל גרם,false,1,6.90,8.63,false,1,
7290010003822,false,פפריקה חריפה בשקית תבליני מימון (80 גרם),א.ל. ייצור ושיווק תבלינים בע`מ,,,"י""ח",80,ל גרם,false,1,6.90,8.63,false,1,
7290010003846,false,אורגנו בשקית תבליני מימון 20 גרם,א.ל. ייצור ושיווק תבלינים בע`מ,,,"י""ח",20,ל גרם,false,1,6.90,34.50,false,1,
7290010004348,false,פפריקה מתוקה תבליני מימון 250 גרם,א.ל.יצור ושיווקתבלינים בעמ,,,"י""ח",250,ל גרם,false,1,21.90,8.76,false,1,
7290010065332,false,מחית תפוח עץ בננה ג'וניור פרינוק 190 גרם,גורי מוצרי צריכה (1991) בעמ,,,"י""ח",760,ל גרם,false,1,5.90,0.78,true,1,
7290010065349,false,מחית סלט פירות ג'וניור פרינוק 190 גרם,גורי מוצרי צריכה (1991) בעמ,,,"י""ח",190,ל גרם,false,1,5.90,3.11,true,1,
7290010066513,false,נתחי טונה בשמן צמחי רביעיה *158ג' פילטונה,תעשיות פילטונה בעמ,,,"י""ח",640,ל גרם,false,1,23.90,3.73,false,1,
7290010066575,false,נתחי טונה במים רביעיה *158ג' פילטונה,תעשיות פילטונה בעמ,,,"י""ח",640,ל גרם,false,1,23.90,3.73,false,1,
7290010116980,false,שוקולית אבקה להכנת משקה שוקו שקית 850,הנסיך- מפעל לייצור ט,,,"י""ח",850,ל גרם,false,1,18.90,2.22,false,1,
7290010117864,false,דוריטוס חטיף תירס בטעם חריף אש עלית 70 גרם,"שטראוס פריטו ליי בע""\מ )",,,"י""ח",70,ל גרם,false,1,4.50,6.43,true,1,
7290010129942,false,עוגיות שמרים 500 גרם דולצה ויטה,שיבולים יצור ושיווק מוצרי מאפה,,,"י""ח",500,ל גרם,false,1,14.90,2.98,false,1,
7290010129959,false,עוגיות שמרים 400 גרם דולצה ויטה,שיבולים יצור ושיווק מוצרי מאפה,,,"י""ח",400,ל גרם,false,1,13.90,3.48,true,1,
7290010153503,false,שעועית בובס יבשה מיה 400 גר',מיה תעשיות מזון מ.ת.מ. בעמ,,,"י""ח",400,ל גרם,false,1,14.60,3.65,false,1,
7290010153510,false,בורגול יבש מיה 500 גר',מיה תעשיות מזון מ.ת.מ. בעמ,,,"י""ח",500,ל גרם,false,1,6.90,1.38,false,1,
7290010153527,false,ג'ריש מיה 500 גרם,מיה תעשיות מזון מ.ת.מ. בעמ,,,"י""ח",500,ל גרם,false,1,8.90,1.78,false,1,
7290010153688,false,חומץ רכיבים טבעיים 1 ליטר,מיה תעשיות מזון מ.ת.מ. בעמ,,,"י""ח",1,ליטר,false,1,8.40,8.40,false,1,
7290010153770,false,ציפוי לשניצל פיקנטי מיה 500 גרם,מיה תעשיות מזון מ.ת.מ. בעמ,,,"י""ח",500,ל גרם,false,1,12.90,2.58,false,1,
7290010153794,false,ציפוי לשניצל עם עשבי תיבול מיה 500 גרם,מיה תעשיות מזון מ.ת.מ. בעמ,,,"י""ח",500,ל גרם,false,1,12.90,2.58,false,1,
7290010153800,false,ציפוי לשניצל עם תיבול עדין מיה (500 גרם),מיה תעשיות מזון מ.ת.מ. בעמ,,,"י""ח",500,ל גרם,false,1,12.90,2.58,false,1,
7290010153817,false,ריבת חלב אמיתי מיה 400 גרם,מיה תעשיות מזון מ.ת.מ. בעמ,,,"י""ח",300,ל גרם,false,1,13.90,4.63,true,1,
7290010153879,false,ריבת חלב מרוכזת בטעם שמנת מיה 400 גר',מיה תעשיות מזון מ.ת.מ. בעמ,,,"י""ח",300,ל גרם,false,1,16.20,5.40,true,1,
7290010153978,false,קונפיטורה שזיפים מיה 340 גרם,מיה תעשיות מזון מ.ת.מ בעמ,,,"י""ח",450,ל גרם,false,1,13.90,3.09,false,1,
7290010154005,false,סחוג תימני תבליני ביטון יוחאי (250 גרם),תבליני יוחאי ביטון,,,"י""ח",250,ל גרם,false,1,15.90,6.36,false,1,
7290010154029,false,אריסה מתוקה תבליני ביטון יוחאי (250 גרם),תבליני יוחאי ביטון,,,"י""ח",250,ל גרם,false,1,15.90,6.36,false,1,
7290010154036,false,עמבה תבליני ביטון יוחאי (250 גרם),תבליני יוחאי ביטון,,,"י""ח",250,ל גרם,false,1,15.90,6.36,false,1,
7290010154418,false,סחוג אדום תבליני ביטון 130 גרם,תבליני יוחאי ביטון,,,"י""ח",220,ל גרם,false,1,10.90,4.95,false,1,
7290010154425,false,סחוג ירוק תבליני ביטון 130 גרם,תבליני יוחאי ביטון,,,"י""ח",130,ל גרם,false,1,10.90,8.38,false,1,
7290010154678,false,אריסה מרוקאית תבליני ביטון 250 גרם,תבליני יוחאי ביטון,,,"י""ח",250,ל גרם,false,1,15.90,6.36,false,1,
7290010154685,false,סלט שום כתוש 250 ג' ביטון יוחאי,תבליני יוחאי ביטון,,,"י""ח",250,ל גרם,false,1,15.90,6.36,false,1,
7290010175239,false,ממרח שוקולד טעמן 400 גר',טעמן שווק מזון בעמ,,,"י""ח",400,ל גרם,false,1,6.90,1.73,false,1,
7290010175826,false,חמאת בוטנים עם שברי בוטנים טעמן 510 גרם,טעמן שווק מזון בעמ,,,"י""ח",510,ל גרם,false,1,10.90,2.14,true,1,
7290010175857,false,פרוסות לבבות דקל במי מלח טעים 400 גרם,טעמן שיווק מזון בעמ,,,"י""ח",400,ל גרם,false,1,11.90,2.98,true,1,
7290010192120,false,צנונית ארוז 400 גרם,ביכורי השדה צפון 1994 ג.ד. בעמ,,,"י""ח",1,,false,1,6.90,6.90,false,1,
7290010195268,false,פופקורן פופסטאר חמישייה מופחת שומן טבעי,דנשר (1963) בעמ,,,"י""ח",500,ל גרם,false,1,13.80,2.76,true,1,
7290010237548,false,"פפסי מקס דל קלוריות 500 מ""ל בקבוק",טמפו משקאות בע`מ,,,"י""ח",500,"ל מ""ל",false,1,4.80,0.90,true,1,
7290010237777,false,בירה שנדי בתוספת משקה לימון ליים,טמפו משקאות בע''מ,,,"י""ח",330,"ל מ""ל",false,1,10.30,3.03,false,1,
7290010237784,false,בירה שנדי בתוספת משקה לימון ליים - שישייה,"טמפו משקאות בע""\מ",,,"י""ח",1.98,ליטר,false,1,37.90,18.23,true,1,
7290010237890,false,"בירה הייניקן בקבוק 500 מ""ל חוזר",טמפו משקאות בע''מ,,,"י""ח",500,"ל מ""ל",false,1,9,1.56,false,1,
7290010259311,false,מי קוקוס 400 גרם]וויליפו,ג.וילי-פוד אינטרנשיונל בעמ,,,"י""ח",400,ל גרם,false,1,7.90,1.98,false,1,
7290010259359,false,וילי פוד נודלס אטר.ביצים להקפצה בדץ 200ג,ג.וילי-פוד אינטרנשיונל בעמ,,,"י""ח",200,ל גרם,false,1,4.90,2.45,false,1,
7290010259366,false,וילי פוד נודלס אטר.ביצים מסולסל בדץ 200ג,ג. וילי-פוד אינטרנשיונל בע`מ,,,"י""ח",200,ל גרם,false,1,4.90,2.45,false,1,
7290010259847,false,מנת השף מרק עם נודלס בטעם תירס ויליפוד 70 גרם,ג. וילי-פוד אינטרנשיונל בע`מ,,,"י""ח",70,ל גרם,false,1,5.90,8.43,true,1,
7290010259854,false,מנת השף מרק עם נודלס בטעם פטריות ויליפוד 70 גרם,ג. וילי-פוד אינטרנשיונל בע`מ,,,"י""ח",70,ל גרם,false,1,5.90,8.43,true,1,
7290010259861,false,מנת השף מרק עם נודלס בטעם ירקות ויליפוד 70 גרם,ג. וילי-פוד אינטרנשיונל בע`מ,,,"י""ח",70,ל גרם,false,1,5.90,8.43,true,1,
7290010259991,false,צנימים מיוחדים בטעם טבעי 250 ג',ג. וילי-פוד אינטרנשיונל בע`מ,,,"י""ח",250,ל גרם,false,1,7.90,3.16,true,1,
7290010278916,false,שקית 10 מודפס נסיכות,שמחה זה אנחנו בע`מ,,,"י""ח",1,,false,1,8.90,8.90,false,1,
7290010328239,false,טחינה מתובלת משומשום טבעי אחוה (500 גרם),אחדות ביתחרושת לטחינה חלבה,,,"י""ח",500,ל גרם,false,1,13.90,2.78,false,1,
7290010328246,false,טחינה גולמית שומשום מלא אחווה 500 ג',אחדות ביתחרושת לטחינה חלבה,,,"י""ח",500,ל גרם,false,1,10.90,2.18,true,1,
7290010328253,false,טחינה גולמית משומשום טבעי אחווה 500 גרם,אחדות ביתחרושת לטחינה חלבה,,,"י""ח",500,ל גרם,false,1,10.90,2.18,true,1,
7290010328345,false,חלווה בקופסה אחוה 50 גרם,אחדות ביחר לטחינה חל,,,"י""ח",50,ל גרם,false,1,1.90,3.80,false,1,
7290010328451,false,אחווה חלווה עם פולי קקאו 400 גר,אחדות ביתחרושת לטחינה חלבה,,,"י""ח",400,ל גרם,false,1,14.90,3.73,false,1,
7290010328680,false,עוגה בטעם שוקולד עם שוקוצ'יפס מריר ולבן 450 גרם,אחדות ביחר לטחינה חל,,,"י""ח",450,ל גרם,false,1,10.90,2.42,false,1,
7290010328819,false,"ממרח טחינה עם שוקולד לל""ס 400 ג' אחדות!.",אחדות ביחר לטחינה חל,,,"י""ח",400,ל גרם,false,1,9.90,2.48,false,1,
7290010471669,false,יוגורט תות עם קורנפלקס מצופה שוקולד ללא גלוטן 3.9%,שטראוס גרופ בעמ/מצונן,,,"י""ח",175,"ל מ""ל",false,1,4.80,2.74,false,1,
7290010472307,false,"שמיניית משקה גמדים תות בננה דיסני 108 מ""ל",שטראוס גרופ בעמ/מצונן,,,"י""ח",800,"ל מ""ל",false,1,20.90,2.61,true,1,
7290010472390,false,מארז 8 יחידות מעדן דני בטעם שוקולד 1.5%,שטראוס גרופ בעמ/מצונן,,,"י""ח",1,ליטר,false,1,16.30,16.30,false,1,
7290010613083,false,נוזל רצפות מרוכז בניחוח מרכך כביסה צהוב טאצ 2 ל',סאסאטק אגשח בעמ,,,"י""ח",2,ליטר,false,1,17.90,8.95,true,1,
7290010627844,false,טחינה גולמית שומשום מלא ירושלים 500גרם,תה ויסוצקי (ישראל) בעמ,,,"י""ח",500,ל גרם,false,1,16.90,3.38,true,1,
7290010632787,false,צימרוני אוזניים מעץ אינטרסן) (300,הדקלאים אגודת שיתופי,,,"י""ח",300,"י""ח",false,1,4.50,0.02,false,1,
7290010650019,false,אנדיב בלגי אמיתי חוות תקוע,חוות פטריות תקוע בעמ*קונסיגנצי,,,"י""ח",1,,false,1,13.90,13.90,false,1,
7290010650828,false,פטריות שימג'י חוות תקוע 150 גרם,ביכורי השדה צפון 1994 ג.ד. בעמ,,,"י""ח",150,ל גרם,false,1,11.90,7.93,true,1,
7290010650996,false,"פטריות שי מג'י חומות, 150 גרם חוות תקוע",ביכורי השדה צפון 1994 ג.ד. בעמ,,,"י""ח",1,"י""ח",false,1,13.90,13.90,true,1,
7290010672868,false,מאפין חמישיות וניל שוקו-צ'יפס,ג נרל מילס ישראל בעמ,,,"י""ח",250,ל גרם,false,1,11.90,4.76,false,1,
7290010718023,false,"קרם גוף איזבלה ורוד 300 מ""ל פנינה רוזנבלום",פנינה רוזנבלום בעמ,,,"י""ח",400,"ל מ""ל",false,1,20.90,5.23,false,1,
7290010718627,false,פנינה רוזנבלום אל סבון נוזלי ירוק 1 ליטר,"פנינה רוזנבלום בע""מ",,,"י""ח",1,ליטר,false,1,10.90,10.90,true,1,
7290010718634,false,"פנינה רוזנבלום -אל סבון נוזלי לבן,1 ליטר","פנינה רוזנבלום בע""מ",,,"י""ח",1,ליטר,false,1,10.90,10.90,true,1,
7290010748518,false,"סרקל פורטה שמפו לילדים 750 מ""ל",פישר תעשיות פרמבצטיות בעמ,,,"י""ח",750,"ל מ""ל",false,1,25.21,3.36,false,1,
7290010760749,false,מארז לחמניות שישייה אריאל,מאפיית אריאל בעמ,,,"י""ח",6,"י""ח",false,1,17.90,2.98,false,1,
7290010766949,false,ממרח תחתיות ארטישוק 180ג' אוליביה,תה ויסוצקי (ישראל)בעמ,,,"י""ח",1,,false,1,15.50,15.50,true,1,
7290010766956,false,ממרח פלפלים מתוקים אדומים אוליביה 180 גרם,תה ויסוצקי (ישראל)בעמ,,,"י""ח",1,,false,1,15.50,15.50,true,1,
7290010777150,false,שמניית פיתה בריבוע מחיטה מלאה פיתה אקספרס,מגוון שיווק והפצת מאפים בעמ,,,"י""ח",1,,false,1,15.90,15.90,false,1,
7290010777242,false,עשיירית פיתה מחמצת פיתה אקספרס,מגוון שיווק והפצת מאפים בעמ,,,"י""ח",1,,false,1,15.90,15.90,false,1,
7290010777297,false,פיתות עבודת יד10 יח'/ פיתה ביס לבן 12 יח',מגוון שיווק והפצת מאפים בעמ,,,"י""ח",1,,false,1,13.90,13.90,false,1,
7290010777358,false,מארז שמיניית פיתות 100% כוסמין מלא,מגוון שיווק והפצת מאפים בעמ,,,"י""ח",1,,false,1,15.90,15.90,false,1,
7290010777488,false,פיתה מחמצת 100% קמח מלא פיתה אקספרס,מגוון שיווק והפצת מאפים בעמ,,,"י""ח",1,,false,1,15.90,15.90,false,1,
7290010777525,false,מארז שישייה פיתות כוסמין פיתה אקספרס,מגוון שיווק והפצת מאפים בעמ,,,"י""ח",1,,false,1,16.90,16.90,false,1,
7290010814244,false,שלשות שוקולד מריר 85 גרם*3 בלמינט *18 בקרטון,כרמית תעשיות ממתקים בעמ,,,"י""ח",255,ל גרם,false,1,11.90,4.67,true,1,
7290010814251,false,שלשות שוקולד חלב 85 גר*3 בלמינט*18 בקרט בדצ,כרמית תעשיות ממתקים בעמ,,,"י""ח",300,ל גרם,false,1,11.90,3.97,true,1,
7290010814268,false,שלשות שוקולד לבן 85 גר*3 בלמינט * 18 בקרטון,כרמית תעשיות ממתקים בעמ,,,"י""ח",300,ל גרם,false,1,11.90,3.97,true,1,
7290010814695,false,שוקולד מריר פרווה ללא תוספת סוכר כרמית 85 גרם,כרמית תעשיות ממתקים בעמ,,,"י""ח",85,ל גרם,false,1,7.50,8.82,true,1,
7290010817016,false,קישוא זוקיני,ביכורי השדה צפון 1994 ג.ד. בעמ,,,"ק""ג",1,,true,1,8.90,8.90,false,1,
7290010838219,false,ממתיק על בסיס צמח הסטיביה - שקיות,"קיפל טבליות וממתיקים בע""מ",,,"י""ח",100,"י""ח",false,1,25.90,0.26,false,1,
7290010849529,false,"למברוסקו די לואיג`י ביאנקו 750מ""ל",הכרם - משקאות חריפים בעמ,,,"י""ח",750,"ל מ""ל",false,1,25.90,3.41,false,1,
7290010931330,false,סלט מטבוחה אחלה 500 גרם,שטראוס גרופ בעמ/מצונן,,,"י""ח",500,ל גרם,false,1,14.90,2.98,true,1,
7290010945146,false,קוטג' 3% מועשר בסידן טרה 250 ג' מהדרין,החברה המרכזית טלהפצת משקאות בע,,,"י""ח",250,ל גרם,false,1,5.90,2.36,false,1,
7290010945306,false,חלב טרה קרטון 2 ליטר מהדרין*%*3,החברה המרכזית טלהפצת משקאות בע,,,"י""ח",2,ליטר,false,1,12.46,6.23,false,1,
7290010945450,false,גבינה לבנה 3% 250 גר מועשר בסידן וויטמין,החברה המרכזית טלהפצת משקאות בע,,,"י""ח",250,ל גרם,false,1,4.98,1.99,false,1,
7290010945481,false,גבינה לבנה טרה 5% מרכיבים טבעיים,החברה המרכזית טלהפצת משקאות בע,,,"י""ח",500,ל גרם,false,1,9.96,1.99,false,1,
7290011015862,false,סירופ דיאט 750 מל בטעם לימונענע פריגת,החברה המרכזית להפצת משקאות בעמ,,,"י""ח",750,"ל מ""ל",false,1,23.60,3.15,false,1,
7290011017866,false,פחית קולה סליק קוקה-קולה (330 מל),החברה המרכזית להפצת משקאות בעמ,,,"י""ח",330,"ל מ""ל",false,1,4.90,1.39,true,1,
7290011017873,false,פחית זירו סליק קוקה-קולה (330 מל),החברה המרכזית להפצת משקאות בעמ,,,"י""ח",330,"ל מ""ל",false,1,4.90,1.39,true,1,
7290011018184,false,תה קר בטעם אפרסק פיוז-טי (500 מל),החברה המרכזית להפצת משקאות בעמ,,,"י""ח",500,"ל מ""ל",false,1,8.20,1.58,true,1,
7290011026301,false,"ד""ר פישר - שמפו לשיער כסוף 400 מ""ל","פישר תעשיות פרמצביטות בע""מ",,,"י""ח",1,,false,1,21.90,21.90,false,1,
7290011064075,false,מעדן לבנה מסבחה -אבו גוש 200 גרם,גבינות עמיר ניצן בעמ,,,"י""ח",200,ל גרם,false,1,13.90,6.95,false,1,
7290011065423,false,מלח ים מטחנה מימונס 130 גרם,"א.ל ייצור ושיווק תבלינים בע""מ",,,"י""ח",130,ל גרם,false,1,18.90,14.54,false,1,
7290011065430,false,צ'ילי מטחנה מימונס 50 גרם,א.ל.ייצור ושיווק תבלינים בעמ,,,"י""ח",50,ל גרם,false,1,18.90,37.80,false,1,
7290011115258,false,אל סבון מוצק מבושם בניחוח עדין קלאסיק - מארז רביעיה,החברה הדרומית לשיווק בעמ,,,"י""ח",400,ל גרם,false,1,10.90,2.73,false,1,
7290011115289,false,אל סבון מוצק מבושם בניחוח עדין קלאסיק - מארז רביעיה,החברה הדרומית לשיווק בעמ,,,"י""ח",400,ל גרם,false,1,10.90,2.73,false,1,
7290011126452,false,הגן הקסום תה בטעם קמומיל ונענע ויסוצקי 25 יחידות,תה ויסוצקי (ישראל) בעמ,,,"י""ח",37.50,ל גרם,false,1,18.90,50.40,true,1,
7290011126469,false,חליטת צמחים וקמומיל הגן הקסום ויסוצקי 25 יחידות,תה ויסוצקי (ישראל) בעמ,,,"י""ח",37.50,ל גרם,false,1,18.90,50.40,true,1,
7290011126957,false,תה ירוק ויסוצקי ארל גריי 25 שקיקים,תה ויסוצקי (ישראל) בעמ,,,"י""ח",37.50,ל גרם,false,1,25.90,69.07,true,1,
7290011131371,false,מוזלי קראנצ`י שקדים ואגוזים גרין (1 קג),ויטליאה ניקולה דו,,,"י""ח",1,"ק""ג",false,1,28.90,28.90,true,1,
7290011131395,false,מוזלי קראנצ`י 30% פירות גרין (1 קג),ויטליאה ניקולה דו,,,"י""ח",1,"ק""ג",false,1,28.90,28.90,true,1,
7290011133375,false,בירה שנדי בתוספת משקה אפרסק - שישייה,"טמפו משקאות בע""מ",,,"י""ח",330,"ל מ""ל",false,1,37.90,10.94,true,1,
7290011148805,false,שעועית טריה עד 500 ג,ירקט ירקות צעירים ארוזים בעמ,,,"י""ח",1,,false,1,19.90,19.90,false,1,
7290011154035,false,"תרכיז תפוחים סחוט טעמי הגליל 500 מ""ל",ליימן שליסל בעמ,,,"י""ח",500,"ל מ""ל",false,1,20.50,4.10,true,1,
7290011154080,false,"תרכיז תפוחים צלול טעמי הגליל 500 מ""ל",ליימן שליסל בעמ,,,"י""ח",500,"ל מ""ל",false,1,20.50,4.10,true,1,
7290011174224,false,"צ יפס קפוא 1.5 ק""ג פרי גליל בד""ץ",ויטה- פרי גליל (החדשה) בעמ,,,"י""ח",1.50,"ק""ג",false,1,21.90,14.60,false,1,
7290011174323,false,"צ'יפס אמריקאי פרי הגליל 1.5 ק""ג",ויטה- פרי גליל (החדשה) בעמ,,,"י""ח",1.50,"ק""ג",false,1,21.90,14.60,true,1,
7290011174422,false,"סטייק צ יפס 1.5 ל בד""ץ",ויטה- פרי גליל (החדשה) בעמ,,,"י""ח",1,,false,1,21.90,21.90,false,1,
7290011194215,false,מעדן גבינה ויוגורט בטעם בננה 5% שומן 88 ג' דניאלה,שטראוס גרופ בעמ/מצונן,,,"י""ח",150,"ל מ""ל",false,1,4.30,2.87,false,1,
7290011194246,false,קוטג 5% 250 גרם עם סידן שטראוס,שטראוס גרופ בעמ/מצונן,,,"י""ח",250,ל גרם,false,1,6,2.40,false,1,
7290011215705,false,חצי חלה,ג נרל מילס ישראל בעמ,,,"י""ח",1,,false,1,5.90,5.90,false,1,
7290011223229,false,"טואלט דאק ג'ל לאסלה טיפות טל רעננות 55 מ""ל","איטיליאן פוד, אס.פי.",,,"י""ח",55,"ל מ""ל",false,1,12.90,23.45,false,1,
7290011223243,false,"טואלט דאק ג'ל לאסלה בניחוח לבנדר 55 מ""ל","איטיליאן פוד, אס.פי.",,,"י""ח",55,"ל מ""ל",false,1,12.90,23.45,false,1,
7290011254032,false,קינואה מיה (500 גרם),מיה תעשיות מזון מ.ת.מ. בעמ,,,"י""ח",500,ל גרם,false,1,9.90,1.98,true,1,
7290011254100,false,תבלין כרכום בשקית 80 גר' מיה,מיה תעשיות מזון מ.ת.מ בעמ,,,"י""ח",80,ל גרם,false,1,6.20,7.75,false,1,
7290011254117,false,תבלין פפריקה מתוקה בשקית 80 גר' מיה,מיה תעשיות מזון מ.ת.מ בעמ,,,"י""ח",80,ל גרם,false,1,6.20,7.75,false,1,
7290011254124,false,תבלין פפריקה חריפה בשקית 80 גר' מיה,מיה תעשיות מזון מ.ת.מ בעמ,,,"י""ח",80,ל גרם,false,1,6.20,7.75,false,1,
7290011254131,false,תבלין אורגנו 20גרם- שקית,מיה תעשיות מזון מ.ת.מ בעמ,,,"י""ח",20,ל גרם,false,1,6.20,31,false,1,
7290011254148,false,אבקת שום בשקית מיה 80 גרם,מיה תעשיות מזון מ.ת.מ בעמ,,,"י""ח",80,ל גרם,false,1,7.40,9.25,false,1,
7290011254155,false,תבלין מלח לימון בשקית 80 גר' מיה,מיה תעשיות מזון מ.ת.מ בעמ,,,"י""ח",100,ל גרם,false,1,6.20,6.20,false,1,
7290011254179,false,תבלין גריל עוף בשקית 80 גר' מיה,מיה תעשיות מזון מ.ת.מ בעמ,,,"י""ח",80,ל גרם,false,1,6.20,7.75,false,1,
7290011254209,false,גבישי שום בשקית מיה 80 גרם,מיה תעשיות מזון מ.ת.מ בעמ,,,"י""ח",80,ל גרם,false,1,7.40,9.25,false,1,
7290011254230,false,תן צ'אפ חטיף טבעות מארז 15X10ג',מיה תעשיות מזון מ.ת.מ. בעמ,,,"י""ח",60,ל גרם,false,1,10.90,18.17,false,1,
7290011254254,false,נטיפי שוקולד צ'יפס בטעם שוקולד מיה 300 גרם,מיה תעשיות מזון מ.ת.מ. בעמ,,,"י""ח",300,ל גרם,false,1,10.90,3.63,false,1,
7290011254766,false,"שעועית לוביה יבשה מיה 400 גר'בד""צ",מיה תעשיות מזון מ.ת.מ. בעמ,,,"י""ח",400,ל גרם,false,1,9.90,2.48,false,1,
7290011276485,false,חסה עגולה רמי לוי,ביכורי השדה צפון 1994 ג.ד. בעמ,,,"י""ח",1,,false,1,6.90,6.90,false,1,
7290011300982,false,"סבון נוזלי כחול אושן 500מ""ל",פנינה רוזנבלום בעמ,,,"י""ח",0.50,ליטר,false,1,6.90,13.80,false,1,
7290011378769,false,חטיף חלווה וניל בארכה 126 גרם מארז 7 יחידות,קבוצת אוסם סחר שותפות מוגבלת,,,"י""ח",6,"י""ח",false,1,11.90,1.98,false,1,
7290011379018,false,מארז משפחתי שמפיניון 500 ג' מרינה,ביכורי השדה צפון 1994 ג.ד. בעמ,,,"י""ח",1,,false,1,18.90,18.90,false,1,
7290011438142,false,"משקה יטבתה אייס קפה בבקבוק אישי 350 מ""ל",שטראוס גרופ בעמ/מצונן,,,"י""ח",350,"ל מ""ל",false,1,6.50,1.86,false,1,
7290011447267,false,מטרנה פרימיום חלבי שלב 1 700 גרם חיסכון,קבוצת אוסם סחר שותפות מוגבלת,,,"י""ח",700,ל גרם,false,1,49.90,7.13,false,1,
7290011447281,false,מטרנה פרימיום חלבי שלב 2 700 גרם חיסכון,קבוצת אוסם סחר שותפות מוגבלת,,,"י""ח",700,ל גרם,false,1,49.90,7.13,false,1,
7290011447304,false,מטרנה פרימיום חלבי שלב 3 700 גרם חיסכון,קבוצת אוסם סחר שותפות מוגבלת,,,"י""ח",700,ל גרם,false,1,49.90,7.13,false,1,
7290011447359,false,תחליף חלב מטרנה מהדרין שלב 1 חלבי 700 גרם,קבוצת אוסם סחר שותפות מוגבלת,,,"י""ח",700,ל גרם,false,1,49.90,7.13,false,1,
7290011447373,false,תחליף חלב מטרנה מהדרין שלב 2 חלבי 700 גרם,קבוצת אוסם סחר שותפות מוגבלת,,,"י""ח",700,ל גרם,false,1,49.90,7.13,false,1,
7290011447908,false,"מזון לחתולים מלא טעם עוף וכבד סופר קט 3 ק""ג",דיפלומט מפיצים (1968) בעמ**,,,"י""ח",3,"ק""ג",false,1,47.90,15.97,false,1,
7290011461058,false,גומא - מקלות ריחניים,מוסקו בעמ,,,"י""ח",1,,false,1,19.90,19.90,false,1,
7290011480516,false,שמיר טרי מהדרין ארוז,ביכורי השדה צפון 1994 ג.ד. בעמ,,,"י""ח",1,,false,1,6.90,6.90,true,1,
7290011480523,false,נענע יבולי הכפר(חאסלט),ביכורי השדה צפון 1994 ג.ד. בעמ,,,"י""ח",1,,false,1,6.90,6.90,true,1,
7290011480547,false,בצל ירוק יבולי הכפר הר' אפרתי,ביכורי השדה צפון 1994 ג.ד. בעמ,,,"י""ח",1,,false,1,3.90,3.90,true,1,
7290011488062,false,בצלצלי שאלוט תיבולי הכפר,ביכורי השדה צפון 1994 ג.ד. בעמ,,,"י""ח",350,ל גרם,false,1,13.90,3.97,false,1,
7290011499105,false,בולגרית מסורתית 5% 250 גרם -רבנות,מחלבות גד שיווק 1992 בעמ,,,"י""ח",250,ל גרם,false,1,23.30,9.32,true,1,
7290011499112,false,בולגרית מסורתית 16% 250 גרם - רבנות,מחלבות גד שיווק 1992 בעמ,,,"י""ח",250,"ס""מ",false,1,23.70,9.48,true,1,
7290011499129,false,גבינה בולגרית מעודנת קוביות קטנות 5% גד 200 גרם,מחלבות גד שיווק 1992 בעמ,,,"י""ח",200,ל גרם,false,1,23.40,11.70,true,1,
7290011499303,false,פטה עיזים מעודנת 5% בגביע 250 גרם - רבנות,מחלבות גד שיווק 1992 בעמ,,,"י""ח",250,ל גרם,false,1,30.80,12.32,true,1,
7290011499327,false,גבינה בולגרית מעודנת 5% 250 גרם - רבנות,מחלבות גד שיווק 1992 בעמ,,,"י""ח",250,ל גרם,false,1,23.70,9.48,true,1,
7290011499341,false,גבינת קשקבל ארוז 26 אחוז 250גרם גד,מחלבות גד שיווק 1992 בעמ,,,"י""ח",200,ל גרם,false,1,26.90,13.45,true,1,
7290011499358,false,פטה עיזים מסורתית 20% בגביע 200 גרם - רובין,מחלבות גד שיווק 1992 בעמ,,,"י""ח",200,ל גרם,false,1,27.90,13.95,true,1,
7290011499365,false,גבינת חלומי 24% מחלב בקר גד (200 גרם),מחלבות גד שיווק 1992 בעמ,,,"י""ח",200,ל גרם,false,1,21.60,10.80,true,1,
7290011499419,false,גבינה במרקם שמנת בטעם טבעי 5% ניו יורק,מחלבות גד שיווק 1992 בעמ,,,"י""ח",200,ל גרם,false,1,13.90,6.95,true,1,
7290011499624,false,שמנת 30% ניו יורק טבעי 200 גרם רבנות,מחלבות גד שיווק 1992 בעמ,,,"י""ח",200,ל גרם,false,1,13.90,6.95,true,1,
7290011499853,false,שמנת 30% ניו יורק זיתים מחלבות גד,מחלבות גד שיווק 1992 בעמ,,,"י""ח",200,ל גרם,false,1,13.90,6.95,true,1,
7290011501617,false,חמוציות ברכז תפוחים ללא תוספת סוכר 250 גרם,דין שיווק וקליה 2021 בעמ,,,"י""ח",250,ל גרם,false,1,15.90,6.36,false,1,
7290011505769,false,צימרוני אוזניים מפלסטיק 200 יח'* רביעיה,קוטון סופט Cotton soft,,,"י""ח",1,,false,1,15.90,15.90,false,1,
7290011514167,false,ג'ילדה לרכב,עולם הבית שיווק והפצה בעמ,,,"י""ח",1,,false,1,14.90,14.90,false,1,
7290011514273,false,מתקן לסבון וואקום ע. הבית,עולם הבית שיווק והפצה בעמ,,,"י""ח",1,,false,1,9.90,9.90,false,1,
7290011514280,false,וואקום סקוטש פתוח,עולם הבית שיווק והפצה בעמ,,,"י""ח",1,,false,1,7.90,7.90,false,1,
7290011514525,false,דבק דו צדדי,עולם הבית שיווק והפצה בעמ,,,"י""ח",1,,false,1,4.90,4.90,false,1,
7290011518561,false,"אקטימל תות 1.51 ק""ג מארז 14 יחידות",שטראוס גרופ בעמ/מצונן,,,"י""ח",1.40,ליטר,false,1,32.60,23.29,false,1,
7290011593087,false,"שמן זית כתית מעולה 750 מ""ל סבא חביב",בני פאוזי שמשום (2009) בעמ,,,"י""ח",750,"ל מ""ל",false,1,32.90,4.39,true,1,
7290011593117,false,זית סורי ירוק מבוקע 800 ג' סבא חביב,בני פאוזי שמשום (2009) בעמ,,,"י""ח",800,ל גרם,false,1,24.90,3.11,false,1,
7290011598211,false,"סנו - אנטי קאלק מרסס ניקוי כללי 4 ב-1 700 מ""ל",החברה הדרומית לשיווק בעמ,,,"י""ח",700,"ל מ""ל",false,1,19.90,2.84,false,1,
7290011598259,false,"פרש מטהר אוויר אוטומטי בניחוח מאסק סנו 250 מ""ל",החברה הדרומית לשיווק בעמ,,,"י""ח",250,ל גרם,false,1,14.90,5.96,false,1,
7290011598402,false,מקסימה מרכך כביסה ארומתרפי מאסק סנו 4 ליטר,החברה הדרומית לשיווק בעמ,,,"י""ח",4,ליטר,false,1,21.90,5.48,false,1,
7290011607180,false,"אבקת כביסה קולון 101 1.25 ק""ג",רקיט בנקיזר (ניר איסט) בעמ,,,"י""ח",1.25,"ק""ג",false,1,14.90,11.92,false,1,
7290011607197,false,"קולון 101 אבקת כביסה 5 ק""ג",רקיט בנקיזר (ניר איסט) בעמ,,,"י""ח",5,"ק""ג",false,1,39.90,7.98,false,1,
7290011615260,false,"טורטייה 20 ס""מ קוטר וילי פוד 540 גר",ג.וילי פוד אינטרנשיונל בעמ,,,"י""ח",540,ל גרם,false,1,10.90,2.02,true,1,
7290011668389,false,"קרם ידיים רימונים 100 מ""ל פנינה רוזנבלום",פנינה רוזנבלום בעמ,,,"י""ח",1,,false,1,11.90,11.90,false,1,
7290011800840,false,רפי כהן סלט טחינה בלאדי צבר 400 גרם,קבוצת אוסם סחר שותפות מוגבלת,,,"י""ח",400,ל גרם,false,1,16.90,4.23,true,1,
7290011870249,false,סוללות *AAA12 פוגיקום,פוגיקום בעמ,,,"י""ח",1,,false,1,19.90,19.90,true,1,
7290011870256,false,AA סוללות פוגיקום 4 יחידות,פוגיקום בעמ,,,"י""ח",1,,false,1,11.40,11.40,true,1,
7290011870270,false,פוג'יקום סוללות מארז 12 יח' AA,פוגיקום בעמ,,,"י""ח",1,,false,1,19.90,19.90,true,1,
7290011876494,false,שניצל עוף ותירס מאמא עוף (750 גרם),תנובה קפואים,,,"י""ח",750,ל גרם,false,1,39.90,5.32,false,1,
7290011877101,false,"סנומוד מטהר אוויר מאסק סנו 150 מ""ל",החברה הדרומית לשיווק בעמ,,,"י""ח",150,"ל מ""ל",false,1,12.90,8.60,false,1,
7290011912642,false,ליסטרין שטיפת פה הגנה על השיניים והחניכי,ג'\ונסון אנד ג'\ונסון,,,"י""ח",500,"ל מ""ל",false,1,18.90,3.78,true,1,
7290011947309,false,זיתים מצוננים סורי מבוקע ולימון כבוש זיתא 230 ג',תה ויסוצקי (ישראל) בעמ,,,"י""ח",560,ל גרם,false,1,14.90,2.66,false,1,
7290011947316,false,זיתא זיתי קלמטה בשמן זית כתית מעולה 215ג,תה ויסוצקי (ישראל) בעמ,,,"י""ח",200,ל גרם,false,1,14.90,7.45,false,1,
7290011947521,false,"שמן זית כתית מעולה 750 מ""ל טעם מודגש זיתא",תה ויסוצקי (ישראל) בעמ,,,"י""ח",750,"ל מ""ל",false,1,39.90,5.32,true,1,
7290011947743,false,זיתים זיתא מיקס זית ירוק וזית קלמטה 215 גרם,תה ויסוצקי (ישראל) בעמ,,,"י""ח",215,ל גרם,false,1,14.90,6.93,false,1,
7290011947798,false,זית קלמטה ללא גלעין עם שמן זית כתית מעולה,תה ויסוצקי (ישראל) בעמ,,,"י""ח",190,ל גרם,false,1,14.90,7.84,false,1,
7290011964344,false,שום גבישי בקופ' 120 גר' טעם וריח,"תבליני טעם וריח בע""מ",,,"י""ח",1,,false,1,9.90,9.90,true,1,
7290011964658,false,מלח לימון בקופ' 170 גר' טעם וריח,"תבליני טעם וריח בע""מ",,,"י""ח",1,,false,1,9.90,9.90,true,1,
7290011964702,false,שווארמה ללא מונסודיום 100 גרם מיכל גדול,"תבליני טעם וריח בע""מ",,,"י""ח",1,,false,1,9.90,9.90,true,1,
7290011977641,false,סרדינים בשמן קנולה עם לימון טעים 125 גרם,טעמן שיווק מזון בעמ,,,"י""ח",125,ל גרם,false,1,4.90,3.92,true,1,
7290012022203,false,פריכיות חיטה מלאה 60 גרם,דילייט 2005 בע`מ,,,"י""ח",140,ל גרם,false,1,13.90,9.93,false,1,
7290012022227,false,פריכיות חיטה טבעי 60 גרם,דילייט 2005 בע`מ,,,"י""ח",140,ל גרם,false,1,11.90,8.50,false,1,
7290012025839,false,מטבוחה שמיר אסלי 400 גרם,"סלטי שמיר 2006 בע""מ",,,"י""ח",400,ל גרם,false,1,10.90,2.73,true,1,
7290012116063,false,כיף אלסבון פיות מועשר בתמציות קמומיל 750,החברה הדרומית לשיווק בעמ,,,"י""ח",800,ל גרם,false,1,11.90,1.49,false,1,
7290012116360,false,פוליויקס נוזל לניקוי רצפות גרניט פורצלן סנו 2 ליטר,החברה הדרומית לשיווק בעמ,,,"י""ח",2,ליטר,false,1,24.90,12.45,true,1,
7290012116681,false,דאודורנט ג'ל אנטיפרספירנט אקטיב בלוק Calm,החברה הדרומית לשיווק בעמ,,,"י""ח",7500,"ל מ""ל",false,1,14.90,0.20,false,1,
7290012117039,false,נוזל לניקוי אמבטיה 00 סנו 1 ליטר,החברה הדרומית לשיווק בעמ,,,"י""ח",1,ליטר,false,1,9.90,9.90,false,1,
7290012117091,false,"אבקת כביסה סנסיטיב סנו מקסימה 6 ק""ג",החברה הדרומית לשיווק בעמ,,,"י""ח",6,קוב,false,1,49.90,8.32,false,1,
7290012117275,false,"קליר שקית מילוי לניקוי חלונות סנו 750 מ""ל",החברה הדרומית לשיווק בעמ,,,"י""ח",750,"ל מ""ל",false,1,8.90,1.19,false,1,
7290012117350,false,"נוזל רצפות לילך 2 ליטר ""ריצפז פרש""",החברה הדרומית לשיווק בעמ,,,"י""ח",2,מארז,false,1,19.90,9.95,false,1,
7290012117435,false,"קרמה - שמפו וג'ל רחצה 2 ב-1 אלוורה 700 מ""ל",החברה הדרומית לשיווק בעמ,,,"י""ח",700,"ל מ""ל",false,1,19.90,2.84,false,1,
7290012117534,false,מרכך כביסה מרוכז תכלת קול סנו מקסימה 1 ליטר,החברה הדרומית לשיווק בעמ,,,"י""ח",1,ליטר,false,1,19.90,19.90,false,1,
7290012117541,false,מרכך כביסה מרוכז צהוב סנו מקסימה 1 ליטר,החברה הדרומית לשיווק בעמ,,,"י""ח",1,ליטר,false,1,19.90,19.90,false,1,
7290012117558,false,מקסימה מרכך כביסה מרוכז ורוד בניחוח מאסק סנו 1 ליטר,החברה הדרומית לשיווק בעמ,,,"י""ח",1,ליטר,false,1,19.90,19.90,false,1,
7290012117565,false,כפפות סנו סושי לטקס S אריזת 100יח',החב. הדרומית לשיווק,,,"י""ח",1,,false,1,44.90,44.90,false,1,
7290012117572,false,כפפות סנו סושי לטקס M אריזת 100יח',החב. הדרומית לשיווק,,,"י""ח",1,,false,1,44.90,44.90,false,1,
7290012117732,false,מקסימה מרכך כביסה ארומתרפי קול סנו 4 ליטר,החברה הדרומית לשיווק בעמ,,,"י""ח",4,ליטר,false,1,21.90,5.48,false,1,
7290012117916,false,אינסטלטור נוזל לפתיחת סתימות סנו 1 ליטר,החברה הדרומית לשיווק בעמ,,,"י""ח",1,ליטר,false,1,29.90,29.90,false,1,
7290012159480,false,יין לבן חצי יבש מבעבע גוטה דה מרוויה,יורוסטנדרט בעמ,,,"י""ח",750,"ל מ""ל",false,1,40.90,5.41,false,1,
7290012193125,false,ממתיק על בסיס סוכרלוז - טבליות,"קיפל טבליות וממתיקים בע""מ",,,"י""ח",150,ל גרם,false,1,30.60,20.40,false,1,
7290012226021,false,נקניק סלמי מעושן פראג זוגלובק (400 גרם),נקניק נהריה כשר זוגל,,,"י""ח",400,ל גרם,false,1,22.90,5.73,true,1,
7290012226120,false,קבנוס זוגלובק (45x3 גרם),נקניק נהריה כשר זוגל,,,"י""ח",135,ל גרם,false,1,14.50,10.74,true,1,
7290012226922,false,קבנוס בטעם שום זוגלובק (45x3 גרם),נקניק נהריה כשר זוגל,,,"י""ח",135,ל גרם,false,1,14.50,10.74,true,1,
7290012227325,false,סלמי דק דק מעושן איטלקי 120 ג' זוגלובק,זוגלובק שיווק בעמ,,,"י""ח",120,ל גרם,false,1,15.90,13.25,true,1,
7290012227622,false,פסטרמה חרמון כפרית דבש 400גר מחפוד זוגלובק,זוגלובק שיווק בעמ,,,"י""ח",400,ל גרם,false,1,25.10,6.28,true,1,
7290012227738,false,זוגלובק סלמי תה מעושן מחפוד 370 גרם,זוגלובק שיווק בעמ,,,"י""ח",400,ל גרם,false,1,26.10,6.53,true,1,
7290012227912,false,קבנוס מעודן זוגלובק 135 גרם,נקניק זוגלובק נהריה,,,"י""ח",135,ל גרם,false,1,14.50,10.74,true,1,
7290012227974,false,פסטרמה הודו בדבש טהור דק דק דק,זוגלובק שיווק בעמ,,,"י""ח",120,ל גרם,false,1,15.90,13.25,true,1,
7290012227981,false,פסטרמה דק דק ברביקיו 120 ג' זוגלובק,זוגלובק שיווק בעמ,,,"י""ח",120,ל גרם,false,1,15.90,13.25,true,1,
7290012228261,false,נקנקיות קנקרס הודו ועוף ריינהולד'ס זוגלובק 300 ג',זוגלובק שיווק בעמ,,,"י""ח",310,ל גרם,false,1,19.90,6.42,false,1,
7290012228278,false,נקנקיות בוקוורסט עוף ובקר ריינהולד'ס 310 ג' זוגלובק,זוגלובק שיווק בעמ,,,"י""ח",310,ל גרם,false,1,19.90,6.42,false,1,
7290012228704,false,הספרדיה – נקניקיית עוף ובקר חריפות ריינהולד'ס,זוגלובק שיווק בעמ,,,"י""ח",310,ל גרם,false,1,19.90,6.42,false,1,
7290012228766,false,קבנוס מחפוד זוגלובק 120 גרם,זוגלובק שיווק בעמ,,,"י""ח",120,ל גרם,false,1,10.90,9.08,false,1,
7290012228971,false,סלמי תה פפרוני 180 גר`זוגלובק,זוגלובק שיווק בעמ,,,"י""ח",180,ל גרם,false,1,14.90,8.28,false,1,
7290012245176,false,וופל ציפס קריספי קפוא 700ג,קפוא זן תעשיות מזון בעמ,,,"י""ח",700,ל גרם,false,1,15.90,2.27,false,1,
7290012245275,false,"גולד ציפס בטטה קריספי 1 ק""ג",קפוא זן תעשיות מזון בעמ,,,"י""ח",1,"י""ח",false,1,27.90,27.90,false,1,
7290012245312,false,"גולד ציפס אמריקאי 1.5 ק""ג קפוא זן",קפוא-זן תעשיות מזון בעמ - תפוג,,,"י""ח",1.50,"ק""ג",false,1,21.90,14.60,true,1,
7290012245329,false,"גולד צ'יפס קלאסי 1.5 ק""ג קפוא זן",קפוא זן תעשיות מזון בעמ,,,"י""ח",1.50,"ק""ג",false,1,21.90,14.60,true,1,
7290012275401,false,מולר בירה לבנה בקבוק גרמנית 500מל,בני פאוזי שמשום (2009) בעמ,,,"י""ח",210,"ל מ""ל",false,1,5,2.24,true,1,
7290012295034,false,בזיליקום ארוז ברכת קטיף,ביכורי השדה צפון 1994 ג.ד. בעמ,,,"י""ח",1,,false,1,8.90,8.90,false,1,
7290012295836,false,חסה לליק,ביכורי השדה צפון 1994 ג.ד. בעמ,,,"י""ח",100,ל גרם,false,1,11.90,11.90,true,1,
7290012295973,false,עלי רוקולה פרמיום 100ג שמיטה,ביכורי השדה צפון 1994 ג.ד. בעמ,,,"י""ח",1,,false,1,9.90,9.90,false,1,
7290012309311,false,ערמונים קלופים ששון הקולה 100 גרם,דין שיווק וקליה 2021 בעמ,,,"י""ח",1,,false,1,8.40,8.40,false,1,
7290012313073,false,מיקס זיתים מגולענים מרינד קבוצת יבנה 340 גרם,"קבוצת יבנה מוצרי מזון בע""מ",,,"י""ח",1,,false,1,11.90,11.90,true,1,
7290012313400,false,זיתים סורי מבוקעים 215 ג' יבנה,קבוצת יבנה מוצרי מזון בעמ,,,"י""ח",215,ל גרם,false,1,12.90,6,false,1,
7290012313424,false,זיתים קלמטה שלם 215 ג' יבנה,קבוצת יבנה מוצרי מזון בעמ,,,"י""ח",215,ל גרם,false,1,12.90,6,false,1,
7290012313431,false,זיתים מרוקאיים יבשים 215 ג' יבנה,קבוצת יבנה מוצרי מזון בעמ,,,"י""ח",215,ל גרם,false,1,12.90,6,false,1,
7290012313554,false,עלי גפן ממולא 400 גרםיבנה,קבוצת יבנה מוצרי מזון בעמ,,,"י""ח",400,ל גרם,false,1,9.90,2.48,false,1,
7290012317644,false,"קובה מרק גורמה 1 ק""ג עתרן",עת -רן (1996) בעמ,,,"י""ח",1,"ק""ג",false,1,52.90,52.90,false,1,
7290012367717,false,קרם ידיים וציפורניים Intensive relief לעור יבש ומגורה,"פישר תעשיות פרמצביטות בע""מ",,,"י""ח",12,ליטר,false,1,17.90,1.49,true,1,
7290012404955,false,נקטר חמוציות ספרינג קולקשן (1.25 ליטר),יפאורה - שותפות מוגבלת לשיווק,,,"י""ח",1.25,ליטר,false,1,13.50,10.56,true,1,
7290012404993,false,נקטר דיאט חמוציות ספרינג קולקשן 1.25 ליטר,יפאורה - שותפות מוגבלת לשיווק,,,"י""ח",1.25,ליטר,false,1,13.50,10.56,true,1,
7290012522581,false,טבעול שניצל תירס ללא גלוטן טבעול 664 גרם,קבוצת אוסם סחר-שות.מוגבלת,,,"י""ח",664,ל גרם,false,1,39.90,6.01,true,1,
7290012561405,false,בצל קצוץ ומטוגן דורות (180 גרם),קבוצת אוסם סחר שותפות מוגבלת,,,"י""ח",180,ל גרם,false,1,11.90,6.61,false,1,
7290012645020,false,"יוגורט עיזים טבעי בבקבוק חלב הארץ 500 מ""ל",שטראוס גרופ בעמ/מצונן,,,"י""ח",500,"ל מ""ל",false,1,12.90,2.58,false,1,
7290012645075,false,יוגורט כבשים יווני גביע 350 גרם חלב הארץ,שטראוס גרופ בעמ/מצונן,,,"י""ח",350,"ל מ""ל",false,1,13.90,3.97,true,1,
7290012645112,false,יוגורט עיזים 2.8% בדלי חלב הארץ 750 גרם,שטראוס גרופ בעמ/מצונן,,,"י""ח",750,"ל מ""ל",false,1,19.90,2.65,true,1,
7290012645129,false,יוגורט כבשים 5% בדלי חלב הארץ 750 גרם,שטראוס גרופ בעמ/מצונן,,,"י""ח",750,"ל מ""ל",false,1,21.50,2.87,true,1,
7290012645280,false,יוגורט כבשים בסגנון יוני 5% חלב הארץ 150 גרם,שטראוס גרופ בעמ/מצונן,,,"י""ח",150,"ל מ""ל",false,1,6.20,4.13,true,1,
7290012645297,false,יוגורט עיזים ביו 2.8% טעם טבעי חלב הארץ 150 גרם,שטראוס גרופ בעמ/מצונן,,,"י""ח",150,"ל מ""ל",false,1,5.90,3.93,true,1,
7290012803055,false,סוכרלוז מרמולייט- 100שקיות אישיות,"קיפל טבליות וממתיקים בע""מ",,,"י""ח",100,ל גרם,false,1,19.80,19.80,false,1,
7290012803352,false,רייד תרסיס קוטל יתושים/זבובים 300 מל,אס.סי.ג'ונסון מידרכט,,,"י""ח",400,"ל מ""ל",false,1,14.90,3.73,false,1,
7290012803765,false,טוסו שוקולד מריר ללא תוספת סוכר 100 גרם,אלטינמארקה גידה סאן,,,"י""ח",100,ל גרם,false,1,11.90,11.90,false,1,
7290012823381,false,מקסימה מרכך כביסה מרוכז סנסטיב בייבי סנו 1 ליטר,החברה הדרומית לשיווק בעמ,,,"י""ח",1,ליטר,false,1,19.90,19.90,false,1,
7290012823398,false,מטליות חד פעמיות לניקוי הרצפה בניחוח מרכך כביסה 10יח' סנו,החברה הדרומית לשיווק בעמ,,,"י""ח",1,,false,1,12.90,12.90,false,1,
7290012823541,false,ריצפז פרש מטליות לחות לרצפה בניחוח לבנדר 10 יחידות,החברה הדרומית לשיווק בעמ,,,"י""ח",1,,false,1,12.90,12.90,false,1,
7290012823558,false,"מטליות לחות לרצפה 40*70 ס""מ סנו סושי 10 יחידות",החברה הדרומית לשיווק בעמ,,,"י""ח",1,,false,1,12.90,12.90,false,1,
7290012823602,false,נייר טואלט סופט סילק לבן 32 גלילים סנו,החברה הדרומית לשיווק בעמ,,,"י""ח",32,"י""ח",false,1,35.90,1.12,false,1,
7290012838026,false,עוגיות מלוחות עבודת יד 350גר,הלל בן הלל שיווק ומסחר בעמ,,,"י""ח",350,ל גרם,false,1,15.90,4.54,false,1,
7290012864155,false,מיקס נבטים נבטי העמק,ביכורי השדה צפון 1994 ג.ד. בעמ,,,"י""ח",1,,false,1,15,15,false,1,
7290012884986,false,צ`יפס לתנור עד 4% שומן תפוגן (1.5 קג),קבוצת אוסם סחר שותפות מוגבלת,,,"י""ח",1.50,"ק""ג",false,1,26.90,17.93,false,1,
7290012901355,false,דודלס ארוחת אטריות עם גבינה 206 גרם,האי נאם סי או אל.טי.,,,"י""ח",206,ל גרם,false,1,11.90,5.78,false,1,
7290012936838,false,תבלין הל טחון תבליני מימון 35 גרם,א.ל. ייצור ושיווק תבלינים בע`מ,,,"י""ח",35,ל גרם,false,1,17.90,51.14,false,1,
7290012936890,false,תבלינים קצח בצנצנות זכוכית 50 גרם,א.ל. ייצור ושיווק תבלינים בע`מ,,,"י""ח",50,ל גרם,false,1,12.90,25.80,false,1,
7290012936913,false,תבלין סומק תבליני מימון 45 גרם,א.ל. ייצור ושיווק תבלינים בע`מ,,,"י""ח",45,ל גרם,false,1,12.90,28.67,false,1,
7290012936937,false,תבלינים בהרט בצנצנת 40 גרם,א.ל. ייצור ושיווק תבלינים בע`מ,,,"י""ח",40,ל גרם,false,1,12.90,32.25,false,1,
7290012936944,false,אגוז מוסקט טחון תבליני מימון (40 גרם),א.ל. ייצור ושיווק תבלינים בע`מ,,,"י""ח",50,ל גרם,false,1,14.90,29.80,false,1,
7290012938405,false,"רדיד אלומיניום עבה במיוחד לבישול,אפייה והקפאה.",גורי ע.ע.ע. בע`מ,,,"י""ח",100,ל גרם,false,1,16.90,16.90,false,1,
7290012938580,false,"סנסודיין משחת שיניים להלבנה עדינה 75 מ""ל",גלקסוסמית'\קליין קונסיומ,,,"י""ח",75,ל גרם,false,1,23.90,31.87,true,1,
7290012938597,false,משחת שיניים רפיד רליף סנסודיין (75 מל),"סמיתקליין ביצ'ם בע""מ",,,"י""ח",75,ל גרם,false,1,26.90,35.87,true,1,
7290012938740,false,"משחת שיניים פרש מינט מנטה 75מ""ל סנסודיין",גלקסו סמית קליין,,,"י""ח",1,,false,1,23.90,23.90,true,1,
7290012962561,false,קיסמי שיניים במבוק הוסטס) (500,אינטרסן (1996) בעמ,,,"י""ח",200,"י""ח",false,1,5.90,0.03,true,1,
7290012962578,false,צימרוני אוזניים עץ בקופסא 300 יחידות אינטרסאן,הדקלאים אגודת שיתופי,,,"י""ח",300,"י""ח",false,1,6.40,0.02,true,1,
7290012962837,false,נובי מוצץ סיליקון סימטרי מיני זוג,אינטרסן (1996) בעמ,,,"י""ח",1,,false,1,24.90,24.90,false,1,
7290012983153,false,סילאן טבעי בקבוק לחיץ תמר כנרת 400 גר,תה ויסוצקי (ישראל)בעמ,,,"י""ח",400,ל גרם,false,1,17.90,4.48,true,1,
7290013027368,false,זוג לחמניות עטופות אנג'ל,שלמה א.אנג ל בעמ,,,"י""ח",750,ל גרם,false,1,3.20,0.43,false,1,
7290013027399,false,לחם קמח מלא קל בתוספת שיפון 750 ג' אנג'ל,מאפיית שלמה א. אנג'\ל בע,,,"י""ח",750,ל גרם,false,1,15.90,2.12,false,1,
7290013083661,false,"מטרנה אקסטרה קר שלב 1 חסכון 700 גרם תמ""ל",קבוצת אוסם סחר-שות.מוגבלת,,,"י""ח",700,ל גרם,false,1,59.90,8.56,false,1,
7290013083678,false,"מטרנה אקסטרה קר שלב 2 חסכון 700 גרם תמ""ל",קבוצת אוסם סחר-שות.מוגבלת,,,"י""ח",700,ל גרם,false,1,59.90,8.56,false,1,
7290013083685,false,תחליף חלב מטרנה אקסטרה קר שלב 3 חסכון 700 גרם,קבוצת אוסם סחר-שות.מוגבלת,,,"י""ח",700,ל גרם,false,1,59.90,8.56,false,1,
7290013116130,false,פרכיות אורז מלא מארז חיסכון,ציון תורגמן בעמ,,,"י""ח",1,,false,1,13.90,13.90,false,1,
7290013117229,false,"בורקס פילו במילוי תפו""א מעדנות 600 גר",תנובה מרכז שיתופי לשיווק תוצרת,,,"י""ח",600,ל גרם,false,1,22.20,3.70,false,1,
7290013117410,false,בצק פריך מרודד למאפים מתוקים 900 ג' מעדנות,תנובה מרכז שיתופי לשיווק תוצרת,,,"י""ח",900,ל גרם,false,1,22.90,2.54,false,1,
7290013117427,false,בצק פריך מרודד למאפים מלוחים מעדנות 2*450 גרם,תנובה מרכז שיתופי לשיווק תוצרת,,,"י""ח",900,ל גרם,false,1,22.90,2.54,false,1,
7290013117526,false,בצק שמרים מרודד למאפים מתוקים מעדנות 900 גרם,תנובה מרכז שיתופי לשיווק תוצרת,,,"י""ח",900,ל גרם,false,1,22.90,2.54,false,1,
7290013121035,false,לחם פשתן ללא גלוטן 500 גר קפוא,אביב קונדיטוריה מעול,,,"י""ח",500,ל גרם,false,1,18.90,3.78,false,1,
7290013128317,false,ענבים ירוקים אוקי דוד חי,ביכורי השדה צפון 1994 ג.ד. בעמ,,,"ק""ג",1,,true,1,25.90,25.90,false,1,
7290013144201,false,תערובת להכנת פנקייק מימונס (400 גרם),א.ל.ייצור ושיווק תבלינים בעמ,,,"י""ח",400,ל גרם,false,1,15.90,3.98,true,1,
7290013144317,false,מימונס ג'וני גלילית וופל למילוי 18 יחידות,א.ל. ייצור ושיווק תבלינים בע`מ,,,"י""ח",1,,false,1,23.90,23.90,false,1,
7290013144393,false,תמצית אפיה בטעם וניל מימונס (50 מל),א.ל. ייצור ושיווק תבלינים בע`מ,,,"י""ח",1,,false,1,5.50,5.50,false,1,
7290013144409,false,תמצית אפיה בטעם רום מימונס (50 מל),א.ל. ייצור ושיווק תבלינים בע`מ,,,"י""ח",1,,false,1,5.50,5.50,false,1,
7290013144539,false,צבע מאכל אדום מימונס 50 גרם,א.ל. ייצור ושיווק תבלינים בע`מ,,,"י""ח",1,,false,1,4.90,4.90,false,1,
7290013144751,false,סירופ בטעם מייפל מימונס 500 גרם,א.ל. ייצור ושיווק תבלינים בע`מ,,,"י""ח",500,"ל מ""ל",false,1,14.90,2.98,true,1,
7290013144980,false,תרסיס שמן קנולה מימונס 170 גרם,א.ל. ייצור ושיווק תבלינים בע`מ,,,"י""ח",170,"ל מ""ל",false,1,15.90,9.35,false,1,
7290013145123,false,מיימונס שקד מולבן פרוס 100 גרם,א.ל. ייצור ושיווק תבלינים בע`מ,,,"י""ח",100,ל גרם,false,1,13.90,13.90,true,1,
7290013145529,false,סוכריות צבעוניות לקישוט מיימונס 90 גרם,א.ל. ייצור ושיווק תבלינים בע`מ,,,"י""ח",1,,false,1,5.90,5.90,false,1,
7290013145536,false,סוכריות לקישוט בטעם שוקולד מיימונס 85 גרם,א.ל. ייצור ושיווק תבלינים בע`מ,,,"י""ח",1,,false,1,5.90,5.90,false,1,
7290013145628,false,סוכריות צבעוניות לקישוט מימונס 200 גרם,א.ל. ייצור ושיווק תבלינים בע`מ,,,"י""ח",400,ל גרם,false,1,8.90,2.23,false,1,
7290013145710,false,מיימונס דובדבנים מסוכרים 100 גרם,א.ל. ייצור ושיווק תבלינים בע`מ,,,"י""ח",100,ל גרם,false,1,9.90,9.90,false,1,
7290013145840,false,סוכר וניל מימונס 10יח בצלופן,א.ל. ייצור ושיווק תבלינים בע`מ,,,"י""ח",10,"י""ח",false,1,3.50,0.35,false,1,
7290013145857,false,אבקת אפיה מימונס 10יח בצלופן,א.ל. ייצור ושיווק תבלינים בע`מ,,,"י""ח",10,"י""ח",false,1,2.90,0.29,false,1,
7290013145918,false,אבקת סוכר מימונס (100 גרם),א.ל. ייצור ושיווק תבלינים בע`מ,,,"י""ח",100,ל גרם,false,1,2.50,2.50,false,1,
7290013145970,false,קורנפלור מימונס בשקית 200 ג',א.ל. ייצור ושיווק תבלינים בע`מ,,,"י""ח",100,ל גרם,false,1,4.50,4.50,false,1,
7290013146304,false,קורנפלור 500 גרם מימונס.,א.ל.ייצור ושיווק תבלינים בעמ,,,"י""ח",500,ל גרם,false,1,6.90,1.38,false,1,
7290013146663,false,אטריות צבעוניות לקישוט מימונס 55 גרם,א.ל.ייצור ושיווק תבלינים בעמ,,,"י""ח",55,ל גרם,false,1,11.90,21.64,true,1,
7290013153593,false,תפוזים מתקתק 100% פריגת 1 ליטר,החברה המרכזית טלהפצת משקאות בע,,,"י""ח",1,ליטר,false,1,13.90,13.90,false,1,
7290013156006,false,עוגיות כעכים לקפה מרוקאיות 200גר,הלל בן הלל שיווק ומסחר בעמ,,,"י""ח",300,ל גרם,false,1,16.90,5.63,false,1,
7290013156020,false,מארז עוגות בחושות 350גר,הלל בן הלל שיווק ומסחר בעמ,,,"י""ח",350,ל גרם,false,1,39.90,11.40,false,1,
7290013156822,false,עוגיות רייף 350ג גאקובס,הלל בן הלל שיווק ומסחר בעמ,,,"י""ח",350,ל גרם,false,1,16.90,4.83,false,1,
7290013156846,false,עוגיות מלוחןת גאקובס,הלל בן הלל שיווק ומסחר בעמ,,,"י""ח",350,ל גרם,false,1,16.90,4.83,false,1,
7290013156914,false,עוגיות כעך טוניסאי 350גר,הלל בן הלל שיווק ומסחר בעמ,,,"י""ח",350,ל גרם,false,1,16.90,4.83,false,1,
7290013156921,false,עוגיות מרוקאיות ללא סוכר,הלל בן הלל שיווק ומסחר בעמ,,,"י""ח",350,ל גרם,false,1,16.90,4.83,false,1,
7290013215017,false,פטריות זוגות חוות השמפניון,ביכורי השדה צפון 1994 ג.ד. בעמ,,,"י""ח",1,,false,1,18.90,18.90,false,1,
7290013220127,false,דומדמנית שחורה א.מ שרון (500 גרם),א.מ. שרון שיווק (2014) בעמ,,,"י""ח",500,ל גרם,false,1,24.90,4.98,true,1,
7290013220899,false,תות שדה א.מ שרון (500 גרם),"א.מ.שרון שיווק (2014) בע""מ",,,"י""ח",500,ל גרם,false,1,24.90,4.98,true,1,
7290013267665,false,סולרו מיני קלאסי - פירות טרופיים (חלבי),"מיוצר ע""\י גלידת שטראוס",,,"י""ח",354,ל גרם,false,1,24.90,7.03,false,1,
7290013268020,false,מקסימה מרכך כביסה מרוכז בניחוח אולטרא פרש סנו 1 ליטר,החברה הדרומית לשיווק בעמ,,,"י""ח",1,ליטר,false,1,19.90,19.90,false,1,
7290013268372,false,פוליוויקס פרקט סנו בתוספת שמן ארגן (2 לי,החברה הדרומית לשיווק בעמ,,,"י""ח",2,ליטר,false,1,19.90,9.95,false,1,
7290013268884,false,"נוזל רצפות מאסק 2 ליטר ""ריצפז פרש""",החברה הדרומית לשיווק בעמ,,,"י""ח",2,ליטר,false,1,19.90,9.95,false,1,
7290013268983,false,מרכך כביסה סופר מרוכז בבישום עוצמתי סנו מקסימה 1 ל',החברה הדרומית לשיווק בעמ,,,"י""ח",1,ליטר,false,1,19.90,19.90,false,1,
7290013269263,false,ג'ל כביסה מרוכז מקסימה בבישום קריסטל נואר,החברה הדרומית לשיווק בעמ,,,"י""ח",3,ליטר,false,1,34.90,11.63,false,1,
7290013269621,false,ריצפז פרש לניקוי רצפות בניחוח מלון בוטיק,החברה הדרומית לשיווק בעמ,,,"י""ח",1.45,ליטר,false,1,22.90,15.79,false,1,
7290013269645,false,ריצפז פרש מטליות לחות לריצפה בניחוח מאסק 10 יחידות,החברה הדרומית לשיווק בעמ,,,"י""ח",1,,false,1,12.90,12.90,false,1,
7290013269751,false,מטליות לחותריצפז פרש לניקוי ריצפה בניחות מלון בוטיק 10 יח' סנו,החברה הדרומית לשיווק בעמ,,,"י""ח",1,,false,1,12.90,12.90,false,1,
7290013269867,false,סנו סושי זוג מפות אירוח צבעים שונים,החברה הדרומית לשיווק בעמ,,,"י""ח",1,,false,1,9.90,9.90,false,1,
7290013276124,false,"בקבוק בירה נגב אמבר אייל 330 מ""ל",הכרם - משקאות חריפים בעמ,,,"י""ח",330,"ל מ""ל",false,1,14.90,4.42,true,1,
7290013284310,false,רוטב פסטה לילדים פריניר 240 גרם,ח.כהן סוכנות מזון ומשקאות בע,,,"י""ח",70,ל גרם,false,1,5.90,8.43,false,1,
7290013302656,false,פילה סרדין בשמן זית ופלפל חריף טעים 125 ג',טעמן שווק מזון בעמ,,,"י""ח",125,ל גרם,false,1,8.90,7.12,true,1,
7290013302663,false,פילה סרדין בשמן זית 125 גר' טעים,טעמן שווק מזון בעמ,,,"י""ח",125,ל גרם,false,1,8.90,7.12,true,1,
7290013310064,false,חוט דנטלי בטעם מנטה מצופה שעווה,אינטרסן (1996) בעמ,,,"י""ח",1,,false,1,7.30,7.30,false,1,
7290013310118,false,"ממחטות כיס שישיה תלת שכבתי ""פנטזיה""",אינטרסן (1996) בעמ,,,"י""ח",1,,false,1,3.90,3.90,true,1,
7290013310132,false,נובי כוס+מכסה נסיכות 3 יח,אינטרסן (1996) בעמ,,,"י""ח",3,"י""ח",false,1,39.30,13.10,true,1,
7290013310385,false,כפפות ניטריל M כחולות ללא אבקה 80 יח' EASY TOUCH,אינטרסן (1996) בעמ,,,"י""ח",80,"י""ח",false,1,24.90,0.31,true,1,
7290013358356,false,פירורי לחם מוזהבים מאסטר שף (320גרם),ש. שסטוביץ בע`מ,,,"י""ח",320,ל גרם,false,1,8.30,2.59,false,1,
7290013358363,false,מאסטר שף פרורי לחם פנקו עבים בסגנון יפני 300 גר,קריניציה ויטמינה אס,,,"י""ח",300,ל גרם,false,1,10.80,3.60,false,1,
7290013358417,false,מאסטר שף אסייאתי רוטב טריאקי 300 מל כשלפ,קריניציה ויטמינה אס,,,"י""ח",300,"ל מ""ל",false,1,12.90,4.30,false,1,
7290013358530,false,מאסטר שף אסייאתי רוטב צ'ילי מתוק 700 מל כשלפ,קריניציה ויטמינה אס,,,"י""ח",700,"ל מ""ל",false,1,13.90,1.99,false,1,
7290013361981,false,צ'יפס קפוא חתוך פרי הגליל,ויטה- פרי גליל (החדשה) בעמ,,,"י""ח",2,"ק""ג",false,1,27.90,13.95,false,1,
7290013361998,false,"סטייק צ'יפס פרי הגליל 2 ק""ג",ויטה- פרי גליל (החדשה) בעמ,,,"י""ח",2,"ק""ג",false,1,27.90,13.95,false,1,
7290013412966,false,רבעיית מגבונים תולי 72*4 יחידות,שקד תבל בעמ,,,"י""ח",4,"י""ח",false,1,12.90,3.23,true,1,
7290013430083,false,"בירה אלכסנדר בלונד בקבוק 330 מ""ל",אגודת הכורמים -כרמל מזרחי,,,"י""ח",330,"ל מ""ל",false,1,12.90,3.82,true,1,
7290013430090,false,בירה אלכסנדר אמברה AMBREE בירה ישראלית,מנדלז סי.אר. פרודקשן,,,"י""ח",330,"ל מ""ל",false,1,12.90,3.82,true,1,
7290013430250,false,אלכסנדר חיטה ישראלית בקבוק בודד 330 מל,אלכסנדר- בירה ישראלית מע,,,"י""ח",330,"ל מ""ל",false,1,12.90,3.82,true,1,
7290013472199,false,ערמונים קלופים וקלויים 105 גרם,ג.וילי-פוד אינטרנשיונל בעמ,,,"י""ח",100,ל גרם,false,1,6.90,6.90,true,1,
7290013492005,false,תפוח אדמה אדום למיקרו 600 ג',ביכורי השדה צפון 1994 ג.ד. בעמ,,,"י""ח",1,,false,1,9.90,9.90,true,1,
7290013525727,false,חומוס עם רוטב מסבחה 160 גרם,סלטי שמיר2006בעמ,,,"י""ח",160,ל גרם,false,1,6.30,3.94,false,1,
7290013525741,false,חומוס עם רוטב חריף 160 גרם,"סלטי שמיר 2006 בע""מ",,,"י""ח",160,ל גרם,false,1,6.30,3.94,false,1,
7290013531629,false,רוטב לפסטה פומודורו 240 גרם יכין,היינץ צפון אמריקה מק,,,"י""ח",240,ל גרם,false,1,6.50,2.71,false,1,
7290013531759,false,שעועית לבנה מבושלת במים יכין (550 גרם),זנלכול יכין,,,"י""ח",600,ל גרם,false,1,11.90,1.98,false,1,
7290013534057,false,"צ'יפס בטטה טבעי מיה 100ג' 'כשל""פ",מיה תעשיות מזון מ.ת.מ. בעמ,,,"י""ח",100,ל גרם,false,1,9.90,9.90,true,1,
7290013585233,false,"ספרייט זירו פחית סליק 330 מ""ל",החברה המרכזית להפצת משקאות בעמ,,,"י""ח",330,"ל מ""ל",false,1,4.90,1.39,true,1,
7290013585387,false,בקבוק זירו קוקה-קולה (1 ליטר),החברה המרכזית להפצת משקאות בעמ,,,"י""ח",1,ליטר,false,1,7.70,7.70,false,1,
7290013585394,false,בקבוק קוקה-קולה (1 ליטר),החברה המרכזית להפצת משקאות בעמ,,,"י""ח",1,ליטר,false,1,7.70,7.70,false,1,
7290013608260,false,מיץ רימונים 100%מיץ סחוט טרי מצונן 1ליט,שטראוס גרופ בעמ/מצונן,,,"י""ח",1,ליטר,false,1,26.10,26.10,false,1,
7290013608864,false,פרימור משקה פירות הדר 1 ליטר בתוספת ויטמין C,שטראוס גרופ בעמ/מצונן,,,"י""ח",1,ליטר,false,1,16.60,16.60,false,1,
7290013652157,false,"ד""ר פישר - נטורל קר מגבונים להסרת איפור לעור רגיל יבש 30 יח' * 3","פישר תעשיות פרמבצטיות בע""מ",,,"י""ח",1,,false,1,31.90,31.90,false,1,
7290013675545,false,שניצל כלי תחבורה מאמא עוף (700 גרם),תנובה גליל שותפות מוגבלת,,,"י""ח",650,ל גרם,false,1,39.90,6.14,false,1,
7290013677648,false,שמן זית למאור מיה 1 ליטר,מיה תעשיות מזון מ.ת.מ. בעמ,,,"י""ח",100,"ל מ""ל",false,1,18.90,18.90,false,1,
7290013677686,false,תבלין פפריקה מרוקאית 80 גרם בשקית,מיה תעשיות מזון מ.ת.מ בעמ,,,"י""ח",1,,false,1,6.20,6.20,false,1,
7290013702298,false,טאצ`אשפתון עבה 50יח בגליל 90*77.,שניב תעשיות נייר בעמ,,,"י""ח",50,"י""ח",false,1,15.90,0.32,true,1,
7290013724939,false,משוקלדים חמוציות מריר 140 גר' קופסא,דין שיווק וקליה 2021 בעמ,,,"י""ח",140,ל גרם,false,1,12.90,9.21,false,1,
7290013724991,false,אגוזי לוז בציפוי שוקולד בקופסא שקדיה 140 גרם,דין שיווק וקליה 2021 בעמ,,,"י""ח",140,ל גרם,false,1,13.90,9.93,false,1,
7290013725820,false,אגוזי לוז בשוקולד מריר בקופסא 140 גרם,דין שיווק וקליה 2021 בעמ,,,"י""ח",140,ל גרם,false,1,15.80,11.29,false,1,
7290013847867,false,מארז זוג טונה בשמן סויה 140 ג' סטארקיסט,דיפלומט מפיצים (1968) בעמ**,,,"י""ח",280,ל גרם,false,1,12.90,4.61,true,1,
7290013848758,false,מקסימה גל כביסה מרוכז בייבי 3ליטר סנסטיב,החברה הדרומית לשיווק בעמ,,,"י""ח",3,ליטר,false,1,34.90,11.63,false,1,
7290013861412,false,המתוקים של ששון קוקוס 250 גרם,דין שיווק וקליה 2021 בעמ,,,"י""ח",250,ל גרם,false,1,12.90,5.16,false,1,
7290013861443,false,המתוקים של ששון בוטנים 250 גרם,דין שיווק וקליה 2021 בעמ,,,"י""ח",250,ל גרם,false,1,12.90,5.16,false,1,
7290013883148,false,סופג ריחות במקרר ווליט 40 גרם,יעקב יעקבי ובניו בעמ,,,"י""ח",300,"ל מ""ל",false,1,17.30,5.77,false,1,
7290013883407,false,"דזיטול מרסס לחיטוי כללי יעקבי 750 מ""ל",יעקב יעקבי ובניו בע`מ,,,"י""ח",1,ליטר,false,1,10.90,10.90,false,1,
7290013906052,false,נקניקיות פרגיות טירת צבי 300 גרם,תנובה מרכז שיתופי לשיווק תוצרת,,,"י""ח",300,ל גרם,false,1,15,5,false,1,
7290013906205,false,פסטרמה שום וצילי טירת צבי (400 גרם),תנובה מרכז שיתופי לשיווק תוצרת,,,"י""ח",400,ל גרם,false,1,29.90,7.48,false,1,
7290013906212,false,"נקנקיות וינר טירת 1 ק""ג טירת צבי",תנובה מרכז שיתופי לשיווק תוצרת,,,"י""ח",1.80,"ק""ג",false,1,27.90,15.50,false,1,
7290013906687,false,פסט' צמד כפרית ברביקיו ודבש 300X2ג' טירת צבי,תנובה מרכז שיתופי לשיווק תוצרת,,,"י""ח",600,ל גרם,false,1,29.90,4.98,false,1,
7290013927637,false,חלוה ללא תוספת סוכר במגש 400 גר' אחוה,אחדות ביחר לטחינה חל,,,"י""ח",400,ל גרם,false,1,10.90,2.73,false,1,
7290013971203,false,מכונת תספורת BLIZZARD-HC-100,פוגיקום בעמ,,,"י""ח",1,,false,1,80,80,false,1,
7290013971555,false,סוללות 12יח מעורב פוגיקום,פוגיקום בעמ,,,"י""ח",1,,false,1,19.90,19.90,true,1,
7290014002197,false,חליטת קמומיל ולימונית הגן הקסום ויסוצקי 25 יחידות,תה ויסוצקי (ישראל) בעמ,,,"י""ח",37.50,ל גרם,false,1,18.90,50.40,true,1,
7290014002203,false,חליטת לימונית ולואיזה הגן הקסום ויסוצקי 25 יחידות,תה ויסוצקי (ישראל) בעמ,,,"י""ח",37.50,ל גרם,false,1,18.90,50.40,true,1,
7290014002944,false,גן קסום חליטת פירות וצמחים חמדת שקד 25 שקיקים,תה ויסוצקי (ישראל) בעמ,,,"י""ח",1,,false,1,18.90,18.90,true,1,
7290014046016,false,פסטרמה של פעם דל שומן 2% רכיבים טבעיים,מעדני יחיעם ( 1993 ) בע`מ,,,"י""ח",250,ל גרם,false,1,27.90,11.16,false,1,
7290014046047,false,פסטרמת מעודנת ברביקיו 2יח*300גר,מעדני יחיעם ( 1993 ) בע`מ,,,"י""ח",600,ל גרם,false,1,24.90,4.15,false,1,
7290014046474,false,"נקניקיות עוף יחיעם 1.5 ק""ג",מעדני יחיעם ( 1993 ) בע`מ,,,"י""ח",1.50,"ק""ג",false,1,34.20,22.80,true,1,
7290014046757,false,סלמי תה יחיעם (300 גרם),מעדני יחיעם (1993) בעמ,,,"י""ח",300,ל גרם,false,1,21.90,7.30,false,1,
7290014046764,false,סלמי פפרוני יחיעם 200 גרם,מעדני יחיעם (1993) בעמ,,,"י""ח",200,ל גרם,false,1,12.90,6.45,false,1,
7290014069190,false,לחמניה 75 ג`,מאפיית הראשונים מ.ל. בעמ,,,"י""ח",1,"י""ח",false,1,1.80,1.80,false,1,
7290014072084,false,כרוב לבן מהדרין-קטיף הטבע,ביכורי השדה צפון 1994 ג.ד. בעמ,,,"ק""ג",1,,true,1,3.90,3.90,false,1,
7290014072091,false,כרוב אדום י.ש ירקות עלים,ביכורי השדה צפון 1994 ג.ד. בעמ,,,"ק""ג",1,,true,1,4.90,4.90,false,1,
7290014083813,false,וילי פוד מריגה שפרוטים מעושנים בשמן 190ג,ג. וילי-פוד אינטרנשיונל בע`מ,,,"י""ח",160,ל גרם,false,1,10.90,6.81,false,1,
7290014089006,false,זר פרחים גדול,משתלת ברגר בעמ,,,"י""ח",1,,false,1,25,25,false,1,
7290014089037,false,נענע בעציץ יחידה,משתלת ברגר בעמ,,,"י""ח",1,,false,1,9.90,9.90,false,1,
7290014089044,false,לואיזה בעציץ יחידה,משתלת ברגר בעמ,,,"י""ח",1,,false,1,9.90,9.90,false,1,
7290014089129,false,רקפת בעציץ יחידה,משתלת ברגר בעמ,,,"י""ח",1,,false,1,21.90,21.90,false,1,
7290014089136,false,קורנית בעציץ יחידה,משתלת ברגר בעמ,,,"י""ח",1,,false,1,9.90,9.90,false,1,
7290014089143,false,בזיליקום בעציץ יחידה,משתלת ברגר בעמ,,,"י""ח",1,,false,1,9.90,9.90,false,1,
7290014089570,false,אמנון ותמר בעציץ יחידה,משתלת ברגר בעמ,,,"י""ח",1,,false,1,9.90,9.90,false,1,
7290014089662,false,חרצית בעציץ יחידה,משתלת ברגר בעמ,,,"י""ח",1,,false,1,14.90,14.90,false,1,
7290014094338,false,דלעת מקולפת 250 גרם בקופסא,דין שיווק וקליה 2021 בעמ,,,"י""ח",200,ל גרם,false,1,17.90,8.95,false,1,
7290014094352,false,אגוז מלך טבעי ששון הקולה (200 גרם),דין שיווק וקליה 2021 בעמ,,,"י""ח",250,ל גרם,false,1,15.90,6.36,false,1,
7290014094369,false,שקד טבעי קלוף ששון הקולה (200 גרם),דין שיווק וקליה 2021 בעמ,,,"י""ח",250,ל גרם,false,1,20.90,8.36,false,1,
7290014094376,false,שזיפים ללא גלעין בקופסא ששון הקולה 330 גרם,דין שיווק וקליה 2021 בעמ,,,"י""ח",250,ל גרם,false,1,20.90,8.36,false,1,
7290014094383,false,משמש בקופסא ששון הקולה 250 גר`,דין שיווק וקליה 2021 בעמ,,,"י""ח",250,ל גרם,false,1,20.90,8.36,false,1,
7290014094390,false,חמוציות מסוכרות ששון הקולה 250 גר`,דין שיווק וקליה 2021 בעמ,,,"י""ח",250,ל גרם,false,1,15.90,6.36,false,1,
7290014094406,false,צימוק לבן בקופסא ששון הקולה 330 גרם,דין שיווק וקליה 2021 בעמ,,,"י""ח",250,ל גרם,false,1,18.90,7.56,false,1,
7290014094642,false,אגוזי קשיו טבעיים ששון הקולה (250 גרם),דין שיווק וקליה 2021 בעמ,,,"י""ח",200,ל גרם,false,1,20.90,10.45,false,1,
7290014094659,false,בונדוק טבעי 250 גרם בקופסא,דין שיווק וקליה 2021 בעמ,,,"י""ח",250,ל גרם,false,1,32.90,13.16,false,1,
7290014094796,false,משמשים מיובשים בשקית ששון הקולה 300 גרם,דין שיווק וקליה 2021 בעמ,,,"י""ח",300,ל גרם,false,1,23.90,7.97,false,1,
7290014094826,false,שזיפים ללא גלעין בשקית ששון הקולה 300 גרם,דין שיווק וקליה 2021 בעמ,,,"י""ח",300,ל גרם,false,1,23.90,7.97,false,1,
7290014094833,false,צימוק בהיר 300 גרם ששון הקולה,דין שיווק וקליה 2021 בעמ,,,"י""ח",300,ל גרם,false,1,13.90,4.63,false,1,
7290014094857,false,פקאן סיני מסוכר 150 גרם ששון הקולה,דין שיווק וקליה 2021 בעמ,,,"י""ח",150,ל גרם,false,1,23.90,15.93,false,1,
7290014094895,false,אגוזים קלופים בשקית ששון הקולה 150 גרם,דין שיווק וקליה 2021 בעמ,,,"י""ח",150,ל גרם,false,1,13.90,9.27,false,1,
7290014095861,false,שיבולת שועל דקה בשקית שקדיה 500 גרם,דין שיווק וקליה 2021 בעמ,,,"י""ח",500,ל גרם,false,1,8.40,1.68,false,1,
7290014095960,false,שיבולת שועל עבה בשקית שקדיה 500 גרם,דין שיווק וקליה 2021 בעמ,,,"י""ח",500,ל גרם,false,1,8.40,1.68,false,1,
7290014204478,false,קרם גוף מספר 4 פנינה רוזנבלום (340 מל),"פנינה רוזנבלום בע""מ",,,"י""ח",400,"ל מ""ל",false,1,25.50,6.38,true,1,
7290014204560,false,"פנינהרוזנבלום- סבון נוזלי לידיים שלישיה,3*500 מ""ל","פנינה רוזנבלום בע""מ",,,"י""ח",0.50,ליטר,false,1,14.90,29.80,true,1,
7290014204614,false,גרנולה שוקולד מריר+לבן 400 גר`פנינה רוז,"פנינה רוזנבלום בע""מ",,,"י""ח",400,ל גרם,false,1,25.90,6.48,true,1,
7290014204690,false,אלסבון 1 ליטר משאבה ורוד פנינה רוזנבלום,פנינה רוזנבלום בעמ,,,"י""ח",1,ליטר,false,1,11.70,11.70,false,1,
7290014205000,false,צלחות גדולות 50 יחידות,ח.כהן סוכנות מזון ומשקאות בע,,,"י""ח",50,"י""ח",false,1,14.90,0.30,false,1,
7290014205024,false,"קעריות אובלי ח""פ לבן 25 יח!",ח.כהן סוכנות מזון ומשקאות בע,,,"י""ח",30,"י""ח",false,1,5.90,0.20,true,1,
7290014205031,false,"לפתניה לבן 25 יח ""שווה"" *",ח.כהן סוכנות מזון ומשקאות בע,,,"י""ח",25,"י""ח",false,1,4.90,0.20,true,1,
7290014205048,false,disposable plastic 17 cm soup plate 25,ח.כהן סוכנות מזון ומשקאות בע,,,"י""ח",2500,ל גרם,false,1,7.90,0.32,false,1,
7290014205062,false,"כוסות ח""פ פלסטיק 100""שווה"".",ח.כהן סוכנות מזון ומשקאות בע,,,"י""ח",100,"י""ח",false,1,7.90,0.08,false,1,
7290014205093,false,דבש 350ג שווה,ח.כהן סוכנות מזון ומשקאות בע,,,"י""ח",350,ל גרם,false,1,18.90,5.40,false,1,
7290014205130,false,צלחות גדול קרם / לבן/ בורדו/ זהב 25 יח,ח.כהן סוכנות מזון ומשקאות בע,,,"י""ח",2500,ל גרם,false,1,11.90,0.48,false,1,
7290014205147,false,"צלחת קטן צבעוני 25 יח ""שווה"" *",ח.כהן סוכנות מזון ומשקאות בע,,,"י""ח",25,"י""ח",false,1,6.90,0.28,false,1,
7290014205154,false,קעריות אובלי קרם /בורדו זהב 25 יח,ח.כהן סוכנות מזון ומשקאות בע,,,"י""ח",2500,ל גרם,false,1,5.90,0.24,false,1,
7290014205178,false,"מרקיה צבעוני ""שווה"" 25יח",ח.כהן סוכנות מזון ומשקאות בע,,,"י""ח",2500,ל גרם,false,1,8.90,0.36,false,1,
7290014205185,false,צלחות ענק בצבעים זהב/ קרם / בורדו/ 25 יח,ח.כהן סוכנות מזון ומשקאות בע,,,"י""ח",25,"י""ח",false,1,18.90,0.76,false,1,
7290014205673,false,שמן סויה מזוכך 1 ליטר,ח.כהן סוכנויות מזון ומשקאות***,,,"י""ח",1,ליטר,false,1,9.90,9.90,false,1,
7290014205765,false,מפות שולחן 8* עבה במיוחד 1.35/2.4 מ`שו,ח.כהן סוכנות מזון ומשקאות בע,,,"י""ח",25,"י""ח",false,1,11.90,0.48,false,1,
7290014205796,false,"שקיות מזון זוג בקופסה 150*2 יח ""שווה""*",ח.כהן סוכנות מזון ומשקאות בע,,,"י""ח",750,"ל מ""ל",false,1,11.90,1.59,false,1,
7290014205802,false,שקיות הקפאה שווה 200יח זוג,ח.כהן סוכנות מזון ומשקאות בע,,,"י""ח",200,"י""ח",false,1,7.90,0.04,false,1,
7290014206038,false,מאפינס נייר גדולים 20יח שווה,ח.כהן סוכנות מזון ומשקאות בע,,,"י""ח",12,"י""ח",false,1,7.90,0.66,false,1,
7290014206267,false,מפיות מוטבעות 15יח 3 שכבות שווה*,ח.כהן סוכנות מזון ומשקאות בע,,,"י""ח",1,"י""ח",false,1,7.90,7.90,true,1,
7290014206281,false,מדליק פחם ראש גפרור שווה (30 בדיספליי),ח.כהן סוכנות מזון ומשקאות בע,,,"י""ח",1,"י""ח",false,1,5.90,5.90,false,1,
7290014206441,false,מיכלי אחסון 2ל ל 4יח שווה,ח.כהן סוכנות מזון ומשקאות בע,,,"י""ח",4,"י""ח",false,1,8.90,2.23,true,1,
7290014206861,false,סרדינים בשמן זית 125גר שווה,ח.כהן סוכנות מזון ומשקאות בע,,,"י""ח",125,ל גרם,false,1,5.90,4.72,false,1,
7290014206892,false,אנשובי צנצנת 100 ג` שמן חמניות שווה*,ח.כהן סוכנות מזון ומשקאות בע,,,"י""ח",100,ל גרם,false,1,12.90,12.90,false,1,
7290014206908,false,אננס שלם A2 שווה,ח.כהן סוכנות מזון ומשקאות בע,,,"י""ח",227,ל גרם,false,1,7.90,3.48,false,1,
7290014217157,false,תיבול טוסקנה בקופ' 120 גר' טעם וריח,"תבליני טעם וריח בע""מ",,,"י""ח",1,,false,1,9.90,9.90,true,1,
7290014217164,false,תבלין פטרוזיליה מיכל גדול 20 ג',"תבליני טעם וריח בע""מ",,,"י""ח",1,,false,1,9.90,9.90,true,1,
7290014217201,false,"תערובת תיבול סומק 45 גרם ""טעם וריח""","תבליני טעם וריח בע""מ",,,"י""ח",45,ל גרם,false,1,5.90,13.11,false,1,
7290014217225,false,גריל עוף בקופ' 120 גר' טעם וריח,"תבליני טעם וריח בע""מ",,,"י""ח",1,,false,1,9.90,9.90,true,1,
7290014217263,false,תיבול לפרגית בקופ' 100 גר' טעם וריח,"תבליני טעם וריח בע""מ",,,"י""ח",1,,false,1,9.90,9.90,true,1,
7290014217348,false,"מיכל צ'ילי כתוש 70 גר' ""טעם וריח""","תבליני טעם וריח בע""מ",,,"י""ח",70,ל גרם,false,1,9.90,14.14,true,1,
7290014217485,false,תיבול קייג'ון בקופ' 100 גר' טעם וריח,"תבליני טעם וריח בע""מ",,,"י""ח",100,ל גרם,false,1,9.90,9.90,true,1,
7290014217522,false,לחם שום תערובת מיכל 100 גר`טעם וריח,"תבליני טעם וריח בע""מ",,,"י""ח",100,ל גרם,false,1,9.90,9.90,true,1,
7290014218321,false,בורקס אישי יפו גבינה מעדנות 600 גרם,תנובה מרכז שיתופי לשיווק תוצרת,,,"י""ח",600,ל גרם,false,1,19.90,3.32,false,1,
7290014218932,false,חטיפי פיצה בתוספ זיתים בשקית מעדנות 710 גרם,מיוצר עי קונדיטוריית,,,"י""ח",710,ל גרם,false,1,37.90,5.34,false,1,
7290014256637,false,"יין מבעבע מוסקטו באזז יקבי כרמל 750 מ""ל",אגודת הכורמים -כרמל מזרחי,,,"י""ח",750,"ל מ""ל",false,1,27.90,3.68,true,1,
7290014258716,false,תרכובת מזון צמחי על בסיס חלבון סויה מגיל לידה,קבוצת אוסם סחר שותפות מוגבלת,,,"י""ח",700,ל גרם,false,1,63.90,9.13,true,1,
7290014288058,false,"להבונים 50 שקית ""שווה""",ח.כהן סוכנות מזון ומשקאות בע,,,"י""ח",1,,false,1,10.90,10.90,true,1,
7290014288072,false,כריות יפניות רביעייה שווה,ח.כהן סוכנות מזון ומשקאות בע,,,"י""ח",1,"י""ח",false,1,6.90,6.90,false,1,
7290014288096,false,מטליות מיקרופייבר 5* ניקוי כלל שווה,ח.כהן סוכנות מזון ומשקאות בע,,,"י""ח",3,"י""ח",false,1,9.90,3.30,false,1,
7290014288201,false,מארז מטליות מיקרופייבר שווה,ח.כהן סוכנות מזון ומשקאות בע,,,"י""ח",400,"ל מ""ל",false,1,12.90,3.23,false,1,
7290014288300,false,עלי טורטייה שווה 8 יח' 320 גרם,ח.כהן סוכנות מזון ומשקאות בע,,,"י""ח",320,ל גרם,false,1,10.90,3.41,true,1,
7290014288324,false,עלי טורטייה מקמח מלא שווה 8 יח' 320 גרם,ח.כהן סוכנות מזון ומשקאות בע,,,"י""ח",320,ל גרם,false,1,10.90,3.41,true,1,
7290014288331,false,נודלס HOT CUP טעם עוף 60ג שווה*,ח.כהן סוכנות מזון ומשקאות בע,,,"י""ח",60,ל גרם,false,1,4.90,8.17,true,1,
7290014288348,false,נודלס טעם ירקות 60ג שווה,ח.כהן סוכנות מזון ומשקאות בע,,,"י""ח",60,ל גרם,false,1,4.90,8.17,true,1,
7290014288355,false,נודלס HOT CUP טעם בקר 60ג שווה*,ח.כהן סוכנות מזון ומשקאות בע,,,"י""ח",60,ל גרם,false,1,4.90,8.17,true,1,
7290014288379,false,"ערמונים 100 גר` ""שווה""",ח.כהן סוכנות מזון ומשקאות בע,,,"י""ח",100,ל גרם,false,1,5.90,5.90,true,1,
7290014288416,false,"רוטב צילי חריף 700מ""ל שווה",ח.כהן סוכנות מזון ומשקאות בע,,,"י""ח",700,"ל מ""ל",false,1,11.90,1.70,false,1,
7290014288423,false,נר נשמה 48 שעות בזכוכית שווה,ח.כהן סוכנות מזון ומשקאות בע,,,"י""ח",1,,false,1,4.90,4.90,false,1,
7290014288454,false,"נרות חנוכה מיוחדים מהודרים ""שווה"" *",ח.כהן סוכנות מזון ומשקאות בע,,,"י""ח",1,,false,1,7.90,7.90,false,1,
7290014288461,false,נר נשמה שווה 24 שעות,ח.כהן סוכנות מזון ומשקאות בע,,,"י""ח",1,,false,1,2.90,2.90,true,1,
7290014288584,false,נייר אפיה 50 יחידות איכותי שווה*,ח.כהן סוכנות מזון ומשקאות בע,,,"י""ח",50,"י""ח",false,1,9.90,0.20,true,1,
7290014288614,false,רדיד אלומיניום קצר כוכבים גבוה/עבה 16M,ח.כהן סוכנות מזון ומשקאות בע,,,,10,"י""ח",false,1,21.90,2.19,false,1,
7290014288676,false,מגש אובלי בינוני צבעוני 20 יח שווה 26*,ח.כהן סוכנות מזון ומשקאות בע,,,"י""ח",20,"י""ח",false,1,12.90,0.65,false,1,
7290014288720,false,כוסות וודקה 350CC שווה,ח.כהן סוכנות מזון ומשקאות בע,,,,10,"י""ח",false,1,9.90,0.99,false,1,
7290014288744,false,"נר נשמה שבועי בזכוכית""שווה""",ח.כהן סוכנות מזון ומשקאות בע,,,"י""ח",1,,false,1,9.90,9.90,false,1,
7290014288843,false,נרות שבת מספרים שווה,ח.כהן סוכנות מזון ומשקאות בע,,,"י""ח",1,,false,1,3.90,3.90,false,1,
7290014288980,false,נייר טישו חמישיה (10 יח בקרטון) שווה*,ח.כהן סוכנות מזון ומשקאות בע,,,"י""ח",5,"י""ח",false,1,12.90,2.58,false,1,
7290014298217,false,"בקבוק שתיה קטן 350 מ""ל",מוסקו בעמ,,,"י""ח",1,,false,1,24.90,24.90,false,1,
7290014298996,false,"בקבוק תרמי לשתיה קרה/חמה 500 מ""ל",מוסקו בעמ,,,"י""ח",1,,false,1,59.90,59.90,false,1,
7290014325050,false,קורנפלור 500 גר` מיה ג.,מיה תעשיות מזון מ.ת.מ. בעמ,,,"י""ח",300,ל גרם,false,1,6.90,2.30,false,1,
7290014356207,false,"שמן קנולה בריאות""שדות""בד""ץ 1ל",אחים אגא (א.מ.) שיווק,,,"י""ח",1,ליטר,false,1,13.90,13.90,true,1,
7290014356245,false,שמן קנולה - שדות מרובע,אחים אגא (א.מ.) שיווק,,,"י""ח",1,ליטר,false,1,12.90,12.90,true,1,
7290014356917,false,חצאי אפרסק בסירופ קל 820גר שדות,אחים אגא (א.מ.) שיווק,,,"י""ח",820,ל גרם,false,1,8.90,1.09,false,1,
7290014356931,false,"קוסקוס דק 350 גרם ""שדות""",אחים אגא (א.מ.) שיווק,,,"י""ח",500,ל גרם,false,1,4.50,0.90,true,1,
7290014356962,false,פתיתים בצורת קוסקוס 500ג אגא,אחים אגא (א.מ.) שיווק,,,"י""ח",500,ל גרם,false,1,4.50,0.90,true,1,
7290014356979,false,פתיתים בצורת אורז 500ג אגא,אחים אגא (א.מ.) שיווק,,,"י""ח",500,ל גרם,false,1,4.50,0.90,true,1,
7290014397286,false,מרכך כביסה מרוכז חלב ודבש סנו מקסימה 1 ליטר,החברה הדרומית לשיווק בעמ,,,"י""ח",1,ליטר,false,1,19.90,19.90,false,1,
7290014397453,false,סנו אוקסיגן גל מסיר כתמים כביסה לבנה 3 ל,החברה הדרומית לשיווק בעמ,,,"י""ח",3,ליטר,false,1,29.90,9.97,false,1,
7290014397514,false,"מבשם אויר סנו פרש הום בניחוח כותנה מלטפת 350 מ""ל",החברה הדרומית לשיווק בעמ,,,"י""ח",350,"ל מ""ל",false,1,14.90,4.26,false,1,
7290014397675,false,סנו מקסימה מרכך כביסה חלב ודבש 4 ליטר,החברה הדרומית לשיווק בעמ,,,"י""ח",4,ליטר,false,1,21.90,5.48,false,1,
7290014397873,false,מרכך כביסה בבישום עוצמתי ג'נטל בריז,החברה הדרומית לשיווק בעמ,,,"י""ח",4,ליטר,false,1,21.90,5.48,false,1,
7290014435704,false,סלמון מעושן פרוס 100ג(שמיר),שבעת הימים - שמיר,,,"י""ח",100,ל גרם,false,1,25.90,25.90,false,1,
7290014435803,false,מטיאס הולנדי (פרובנציאל) עם בצל בשמן 180 גרם,שבעת הימים - שמיר,,,"י""ח",180,ל גרם,false,1,19.90,11.06,false,1,
7290014435810,false,נתחי הרינג כבוש עם בצל במרינת חמוץ מתוק שמיר 220 גרם,שבעת הימים - שמיר,,,"י""ח",180,ל גרם,false,1,19.90,11.06,false,1,
7290014435841,false,פילה הרינג עם בצל בשמן מטיאס הולנדי שמיר 200 גרם,סלטי שמיר 2006 בעמ,,,"י""ח",180,ל גרם,false,1,19.90,11.06,false,1,
7290014455245,false,גבינת גרנה פדנו משולש 29% 200 גרם בית יוסף,מחלבות גד שיווק 1992 בעמ,,,"י""ח",200,ל גרם,false,1,26.90,13.45,true,1,
7290014455252,false,גבינת גרנה פדנו מגורדת 29% גד (100 גרם),מחלבות גד שיווק 1992 בעמ,,,"י""ח",100,ל גרם,false,1,12.40,12.40,true,1,
7290014455320,false,גבינה כדורי מוצרלה פרסקה גד 100ג',מחלבות גד שיווק 1992 בעמ,,,"י""ח",100,ל גרם,false,1,8.90,8.90,true,1,
7290014459373,false,"צ'יפס קראנצ'י לתנור קפוא תפוגן 1.5ק""ג",קבוצת אוסם סחר שותפות מוגבלת,,,"י""ח",1.50,"ק""ג",false,1,26.40,17.60,false,1,
7290014459472,false,"תפוגן צ יפס קלאסי 2ק""ג (תפוגן)",קבוצת אוסם סחר שותפות מוגבלת,,,"י""ח",2.50,"ק""ג",false,1,29.90,11.96,false,1,
7290014459632,false,"תפוגן צ'יפס טוגן 1.5 ק""ג",קבוצת אוסם סחר שותפות מוגבלת,,,"י""ח",1.50,"ק""ג",false,1,17.90,11.93,false,1,
7290014466463,false,הר חרמון מוסקט יקב רמת הגולן (750 מל),היכל היין שקד גולן בעמ,,,"י""ח",750,"ל מ""ל",false,1,36.90,4.88,true,1,
7290014471443,false,"גרנולה צימוקים אגוזים ושקדים1 ק""ג חדש - 443 כתום שקדיה (כתום)",דין שיווק וקליה 2021 בעמ,,,"י""ח",0,"ק""ג",false,1,19.90,19.90,true,1,
7290014472228,false,תאנים ששון הקולה (330 גרם),דין שיווק וקליה 2021 בעמ,,,"י""ח",250,ל גרם,false,1,20.90,8.36,false,1,
7290014473676,false,חמאת בוטנים טבעית טעמן 510 גר',טעמן שווק מזון בעמ,,,"י""ח",510,ל גרם,false,1,10.90,2.14,true,1,
7290014501829,false,"יין גליל קברנה סוביניון 750 מ""ל",היכל היין שקד גולן בעמ,,,"י""ח",750,ל גרם,false,1,64.90,8.61,true,1,
7290014503137,false,יין אדום יבש יובלים יקב דלתון (750 מל),הכרם - משקאות חריפים בעמ,,,"י""ח",750,"ל מ""ל",false,1,44.90,5.95,true,1,
7290014525290,false,חטיפי סלים דליס קריספי תות מרבה 125 גרם,סלים דליס Slim Delis,,,"י""ח",120,ל גרם,false,1,13.90,11.58,true,1,
7290014547322,false,סנסודין זוג מברשות שיניים שיקום כחול+תכל,גורי ע.ע.ע. בעמ,,,"י""ח",75,"ל מ""ל",false,1,29.90,39.87,true,1,
7290014562783,false,"תרכיז רימונים 250מ""ל ללא סוכר",בטר אנד דיפרנט בעמ,,,"י""ח",250,"ל מ""ל",false,1,30.90,12.36,false,1,
7290014673007,false,תערובת עשבי תיבול בסגנון ים תיכוני מימון 40 גרם,א.ל ייצור ושיווק תבלינים בעמ,,,"י""ח",40,ל גרם,false,1,11.50,28.75,true,1,
7290014673021,false,פלפל שחור שלם תבליני מימון (100 גרם),א.ל.ייצור ושיווק תבלינים בעמ,,,"י""ח",100,ל גרם,false,1,14.90,14.90,false,1,
7290014673373,false,פפריקה הונגרית חריפה תבליני מימון 250 גרם,א.ל.ייצור ושיווק תבלינים בעמ,,,"י""ח",250,ל גרם,false,1,21.90,8.76,false,1,
7290014673403,false,פלפל שחור טחון תבליני מימון (250 גרם),א.ל. ייצור ושיווק תבלינים בע`מ,,,"י""ח",250,ל גרם,false,1,27.90,11.16,false,1,
7290014673434,false,פלפל שחור גרוס דק שקית תבליני מימון 80גרם,א.ל.ייצור ושיווק תבלינים בעמ,,,"י""ח",80,ל גרם,false,1,9.90,12.38,false,1,
7290014674004,false,קריספ פירורי לחם שומשום ומלח ים 300 גרם מיימונס,א.ל.ייצור ושיווק תבלינים בעמ,,,"י""ח",300,ל גרם,false,1,7.90,2.63,true,1,
7290014692305,false,גבינת קממבר EURO CHEESE ויליפוד 125 גרם,ג.וילי-פוד אינטרנשיונל **גבינו,,,"י""ח",125,ל גרם,false,1,16.90,13.52,false,1,
7290014692541,false,צהובה מגורדת גולדן 500 גרם ויליפוד,ג.וילי-פוד אינטרנשיונל **גבינו,,,"י""ח",500,ל גרם,false,1,19.90,3.98,false,1,
7290014692565,false,גרעיני תירס מתוק וילי פוד (320 גרם),ג.וילי-פוד אינטרנשיונל בעמ,,,"י""ח",320,ל גרם,false,1,5.90,1.84,true,1,
7290014692817,false,גבינת מוצרלה מגורדתEURO CHEESE ויליפוד 200 גרם,ג.וילי-פוד אינטרנשיונל **גבינו,,,"י""ח",200,ל גרם,false,1,13.90,6.95,false,1,
7290014749764,false,עוף טוב שניצל עוף ביתי עדין כזה 700 גרם,קבוצת אוסם סחר שותפות מוגבלת,,,"י""ח",700,ל גרם,false,1,33.90,4.84,true,1,
7290014749863,false,שניצל דק ענק קריספי צ'יפס עוף טוב 720 גרם,קבוצת אוסם סחר-שות.מוגבלת,,,"י""ח",720,ל גרם,false,1,29.90,4.15,true,1,
7290014758100,false,מאגדת יוגורט ביו 3% שומן 8 יח' *150ג' תנובה,מיוצר עי קונדיטוריית,,,"י""ח",1.20,ליטר,false,1,17.30,14.42,true,1,
7290014758117,false,מאגדת יוגורט ביו 1.5% שומן 8 יח' *150 ג' תנובה,מיוצר עי קונדיטוריית,,,"י""ח",1.20,ליטר,false,1,17.30,14.42,true,1,
7290014758681,false,גבינת קוטג`1% בגביע תנובה (250 גרם),מיוצר עי קונדיטוריית,,,"י""ח",275,ל גרם,false,1,5.90,2.15,false,1,
7290014759084,false,גבינת שמנת נפוליאון 16% מופחת שומן תנובה 225 גרם,תנובה מרכז שיתופי לש,,,"י""ח",225,ל גרם,false,1,15,6.67,false,1,
7290014760134,false,"מעדן סויה בטעם וניל תנובה 125 מ""ל","תנובה בע""מ ***",,,"י""ח",125,"ל מ""ל",false,1,4.70,3.76,false,1,
7290014760141,false,משקה שקדים טרי תנובה (1 ליטר),"תנובה בע""מ ***",,,"י""ח",1,ליטר,false,1,13.90,13.90,true,1,
7290014760448,false,גבינה צהובה גלבוע 400 גרם 22% שומן תנובה,מחלבת בית יצחק,,,"י""ח",400,ל גרם,false,1,24,6,false,1,
7290014760912,false,גבינה צהובה 28% מהדרין גוש חלב (400 גרם),תנובה מרכז שיתופי לש,,,"י""ח",400,ל גרם,false,1,26.10,6.53,false,1,
7290014761018,false,גיל בטעם וניל תנובה 125 גרם,תנובה מרכז שיתופי לש,,,"י""ח",125,"ל מ""ל",false,1,1.50,1.20,false,1,
7290014761056,false,מעדן שוקולד חלב יולו תנובה 123 גרם,מיוצר עי קונדיטוריית,,,"י""ח",123,"ל מ""ל",false,1,5,4.07,true,1,
7290014761063,false,מעדן שוקולד מריר יולו תנובה 123 גרם,מיוצר עי קונדיטוריית,,,"י""ח",123,"ל מ""ל",false,1,5,4.07,true,1,
7290014761070,false,מעדן שוקולד לבן יולו תנובה 123 גרם,מיוצר עי קונדיטוריית,,,"י""ח",123,"ל מ""ל",false,1,5,4.07,true,1,
7290014761414,false,יולו מעדן שכבות שוקולד חלב ולבן 123 גר,מיוצר עי קונדיטוריית,,,"י""ח",123,"ל מ""ל",false,1,5,4.07,true,1,
7290014761438,false,פיראוס בולגרית קלאסית 24% סמי מעדניה 400,תנובה מרכז שיתופי לש,,,"י""ח",400,ל גרם,false,1,26.90,6.73,false,1,
7290014761612,false,מעדן שכבות שוקולד מריר ולבן יולו 122 גרם,מיוצר עי קונדיטוריית,,,"י""ח",123,"ל מ""ל",false,1,5,4.07,true,1,
7290014761698,false,"גבינת עמק 28% סמי חצי קשה 600 גרם בד""ץ",תנובה מרכז שיתופי לש,,,"י""ח",600,ל גרם,false,1,31.90,5.32,false,1,
7290014762800,false,מעדן סויה שוקולד גביע 125 גרם אלטרנטיב,תנובה מרכז שיתופי לש,,,"י""ח",125,"ל מ""ל",false,1,4.70,3.76,false,1,
7290014762831,false,גבינת שמנת נפוליאון 16% עם פלפל חלפיניו תנובה 225 גרם,תנובה מרכז שיתופי לש,,,"י""ח",225,ל גרם,false,1,15,6.67,false,1,
7290014762909,false,פתיתי מוצרלה השף הלבן 10% תוספת מתנה,"תנובה, מחלבת תל יוסף",,,"י""ח",200,ל גרם,false,1,17.90,8.95,false,1,
7290014855434,false,מגבונים בייביסיטר פרפורמנס מבושם רביעיה,בייביסיטר Babysitter,,,"י""ח",1,,false,1,16.90,16.90,true,1,
7290014855458,false,מגבוני בייביסיטר פרפורמנס ללא בישום מארז 72X4יח',בייביסיטר Babysitter,,,"י""ח",1,,false,1,16.90,16.90,true,1,
7290014860070,false,"מקלוני אורז ללא גלוטן 5 מ""מ 454גר' (אור)",מזרח ומערב יבוא ושיווק,,,"י""ח",454,ל גרם,false,1,10.90,2.40,true,1,
7290014905207,false,"הג'ל הכחול לניקוי האסלה יעקבי 750 מ""ל",יעקב יעקבי ובניו בעמ,,,"י""ח",750,"ל מ""ל",false,1,9.90,1.32,false,1,
7290014905498,false,הפי מטליות דו צדדיות בגליל 20 מטליות,"יעקב יעקבי ובניו בע""מ",,,"י""ח",1,,false,1,14.90,14.90,false,1,
7290014905689,false,"נוזל כלים הפי מרוכז 24% תפוח 750 מ""ל","יעקב יעקבי ובניו בע""מ",,,"י""ח",750,"ל מ""ל",false,1,7.90,1.05,false,1,
7290014905696,false,"נוזל כלים הפי מרוכז 24% לימון 750 מ""ל","יעקב יעקבי ובניו בע""מ",,,"י""ח",750,"ל מ""ל",false,1,7.90,1.05,false,1,
7290014935358,false,שעועית ירוקה תקומה,ביכורי השדה צפון 1994 ג.ד. בעמ,,,"י""ח",1,,false,1,14.90,14.90,false,1,
7290014940901,false,לחם פשוט מלא לילדים פרוס אנג`ל (750 גרם),מאפיית שלמה א. אנג'\ל בע,,,"י""ח",750,ל גרם,false,1,14.50,1.93,false,1,
7290015005555,false,"צ'יפס אמריקאי 2 ק""ג פרי הגליל",ויטה- פרי גליל (החדשה) בעמ,,,"י""ח",2,"ק""ג",false,1,27.90,13.95,false,1,
7290015014168,false,בייבי מיקס רמי לוי,ביכורי השדה צפון 1994 ג.ד. בעמ,,,"י""ח",300,ל גרם,false,1,9.90,3.30,false,1,
7290015014182,false,לבבות קיסר בנספק רמי לוי,ביכורי השדה צפון 1994 ג.ד. בעמ,,,"י""ח",300,ל גרם,false,1,12.90,4.30,true,1,
7290015014274,false,צנונית ארוזה שמיטה,ביכורי השדה צפון 1994 ג.ד. בעמ,,,"י""ח",1,,false,1,7.90,7.90,false,1,
7290015014465,false,רוזמרין רמילוי,ביכורי השדה צפון 1994 ג.ד. בעמ,,,"י""ח",1,,false,1,6.90,6.90,false,1,
7290015014472,false,קורנית(בוסתן),ביכורי השדה צפון 1994 ג.ד. בעמ,,,"י""ח",1,,false,1,6.90,6.90,false,1,
7290015014922,false,שרי צהוב ארוז שמיטה,ביכורי השדה צפון 1994 ג.ד. בעמ,,,"י""ח",1,,false,1,12.90,12.90,false,1,
7290015027021,false,עוגות שמרים פרימיום 500גר,הלל בן הלל שיווק ומסחר בעמ,,,"י""ח",500,ל גרם,false,1,21.90,4.38,false,1,
7290015039055,false,"רוטב צ'ילי חריף תאילנדי וילי פוד 700 מ""ל",ג.וילי פוד אינטרנשיונל בעמ,,,"י""ח",700,"ל מ""ל",false,1,9.90,1.41,false,1,
7290015039253,false,עלי גפן במי מלח ויליפוד 620 גרם,ג. וילי-פוד אינטרנשיונל בע`מ,,,"י""ח",620,ל גרם,false,1,9.90,1.60,false,1,
7290015039499,false,ויליפוד עוגיות חמאה איטלקיות מובחרות 1ק,ג.וילי-פוד אינטרנשיונל בעמ,,,"י""ח",1,"ק""ג",false,1,12.90,12.90,true,1,
7290015139267,false,שוקולד מריר עם שקדים ללא תוספת סוכר וסטהיים,כרמית תעשיות ממתקים בעמ,,,"י""ח",85,ל גרם,false,1,7.50,8.82,true,1,
7290015139519,false,אגו מיקס קוביות וופל 55 גר',כרמית תעשיות ממתקים בעמ,,,"י""ח",55,ל גרם,false,1,3.90,7.09,true,1,
7290015150088,false,מחית עגבניות קלה גרנד איטליה 700 גרם,תה ויסוצקי (ישראל) בעמ,,,"י""ח",700,ל גרם,false,1,13.90,1.99,true,1,
7290015150118,false,שלישיית עגבניות חתוכות דק גרנד איטליה 400 גרם,תה ויסוצקי (ישראל) בעמ,,,"י""ח",400,ל גרם,false,1,18.90,4.73,false,1,
7290015155830,false,מחית תפוחי עץ ובננה חטיפטף ללא תוספת סוכר,גורי מוצרי צריכה (1991) בעמ,,,"י""ח",120,ל גרם,false,1,6.90,5.75,true,1,
7290015155847,false,מחית סלט פירות חטיפטף ללא תוספת סוכר,גורי מוצרי צריכה (1991) בעמ,,,"י""ח",120,ל גרם,false,1,6.90,5.75,true,1,
7290015156776,false,מחית פירות טרופיים חטיפטף ללא תוספת סוכר,גורי מוצרי צריכה (1991) בעמ,,,"י""ח",120,ל גרם,false,1,6.90,5.75,true,1,
7290015176378,false,מברשת שיניים חשמלית למבוגרים-FJ-TBFJ-APURPLE,פוגיקום בעמ,,,"י""ח",1,,false,1,44.70,44.70,true,1,
7290015176392,false,מברשת שיניים חשמלית פוג'יקום לילד ורוד,פוגיקום בעמ,,,"י""ח",1,,false,1,44.70,44.70,true,1,
7290015282000,false,איקרא אדומה SEVEN SEAS 200 גרם,שבעת הימים - שמיר,,,"י""ח",200,ל גרם,false,1,14.90,7.45,false,1,
7290015282390,false,סלט תורכי 200 גרם שמיר,"סלטי שמיר 2006 בע""מ",,,"י""ח",200,ל גרם,false,1,12.90,6.45,true,1,
7290015282581,false,חומוס אבו גוש עם חריף שמיר 200 גרם,"סלטי שמיר 2006 בע""מ",,,"י""ח",200,ל גרם,false,1,11.90,5.95,true,1,
7290015282598,false,חומוס מסעדות גורמה שמיר 200 גרם,"סלטי שמיר 2006 בע""מ",,,"י""ח",200,ל גרם,false,1,11.90,5.95,true,1,
7290015282604,false,טחינה מיוחדת גורמה שמיר 200 גרם,"סלטי שמיר 2006 בע""מ",,,"י""ח",200,ל גרם,false,1,11.90,5.95,true,1,
7290015282628,false,חציל בטעם כבד גורמה שמיר 200 גרם,"סלטי שמיר 2006 בע""מ",,,"י""ח",200,ל גרם,false,1,12.90,6.45,true,1,
7290015282635,false,חומוס מסבחה גורמה שמיר 200 גרם,"סלטי שמיר 2006 בע""מ",,,"י""ח",200,ל גרם,false,1,11.90,5.95,true,1,
7290015282642,false,חומוס אבו גוש גורמה שמיר 200 גרם,"סלטי שמיר 2006 בע""מ",,,"י""ח",200,ל גרם,false,1,11.90,5.95,true,1,
7290015282673,false,חציל במיונז ביתי גורמה שמיר 200 גרם,"סלטי שמיר 2006 בע""מ",,,"י""ח",200,ל גרם,false,1,11.90,5.95,true,1,
7290015282697,false,כרוב אדום שמיר גורמה 200גר,"סלטי שמיר 2006 בע""מ",,,"י""ח",200,ל גרם,false,1,12.90,6.45,true,1,
7290015282710,false,קוביות סלק גורמה שמיר 200 גרם,"סלטי שמיר 2006 בע""מ",,,"י""ח",200,ל גרם,false,1,11.90,5.95,true,1,
7290015282727,false,גזר מרוקאי ברוטב פיקנטי אסלי שמיר 200 ג',"סלטי שמיר 2006 בע""מ",,,"י""ח",200,ל גרם,false,1,12.90,6.45,true,1,
7290015282734,false,מטבוחה ביתית גורמה שמיר 200 גרם,"סלטי שמיר 2006 בע""מ",,,"י""ח",200,ל גרם,false,1,12.90,6.45,true,1,
7290015282741,false,חציל תאילנדי אסלי שמיר 200 ג',"סלטי שמיר 2006 בע""מ",,,"י""ח",200,ל גרם,false,1,12.90,6.45,true,1,
7290015282796,false,"סלט תפו""א שמיר במיונז 200ג'","סלטי שמיר 2006 בע""מ",,,"י""ח",200,ל גרם,false,1,12.90,6.45,true,1,
7290015324007,false,פלפל שחור גרוס 80 גר' טעם וריח,"תבליני טעם וריח בע""מ",,,"י""ח",1,,false,1,10.90,10.90,false,1,
7290015324014,false,"פלפל שחור טחון בשקית 80 גרם ""טעם וריח""","תבליני טעם וריח בע""מ",,,"י""ח",1,,false,1,10.90,10.90,false,1,
7290015324038,false,פפריקה מתוקה בשמן 100 גרם טעם וריח,"תבליני טעם וריח בע""מ",,,"י""ח",1,,false,1,5.90,5.90,false,1,
7290015324045,false,תבלין פפריקה חריפה 80 גר' שק',"תבליני טעם וריח בע""מ",,,"י""ח",1,,false,1,5.90,5.90,false,1,
7290015324052,false,פפריקה מתוקה 80 גר' טעם וריח,"תבליני טעם וריח בע""מ",,,"י""ח",1,,false,1,5.90,5.90,false,1,
7290015324069,false,גריל עוף 80 גר' טעם וריח,"תבליני טעם וריח בע""מ",,,"י""ח",1,,false,1,5.90,5.90,false,1,
7290015324090,false,כמון טחון 80 גר' טעם וריח,"תבליני טעם וריח בע""מ",,,"י""ח",1,,false,1,5.90,5.90,false,1,
7290015324106,false,כורכום טחון 80 גר' טעם וריח,"תבליני טעם וריח בע""מ",,,"י""ח",1,,false,1,5.90,5.90,false,1,
7290015324120,false,שום גבישי 80 גר' טעם וריח,"תבליני טעם וריח בע""מ",,,"י""ח",1,,false,1,5.90,5.90,false,1,
7290015324151,false,חוואיג' למרק 80 גר' טעם וריח,"תבליני טעם וריח בע""מ",,,"י""ח",1,,false,1,5.90,5.90,false,1,
7290015324175,false,תיבול לשווארמה 80 גר' טעם וריח,"תבליני טעם וריח בע""מ",,,"י""ח",1,,false,1,5.90,5.90,false,1,
7290015324281,false,"בצל מטוגן שקית 200 גרם""טעם וריח""",תבליני טעם וריח בעמ,,,"י""ח",1,,false,1,12.90,12.90,false,1,
7290015324519,false,תערובת לפיצה שקית 80 גרם,"תבליני טעם וריח בע""מ",,,"י""ח",80,ל גרם,false,1,5.90,7.38,false,1,
7290015324571,false,פפריקה מתוקה בשמן בסגנון מרוקאי 400גרם.,"תבליני טעם וריח בע""\מ",,,"י""ח",400,ל גרם,false,1,19.90,4.98,false,1,
7290015339469,false,"אורז פרסי קלאסי טעמן 1 ק""ג",יותאי פרודוס קומפני,,,"י""ח",1,"ק""ג",false,1,7.90,7.90,false,1,
7290015339568,false,פסטה פתיתים אורז טעמן 500 גר',מוטלו מקרנה גזאנטפ,,,"י""ח",500,ל גרם,false,1,4.90,0.98,false,1,
7290015339704,false,"אורז בסגנון בסמטי הודי 1ק""ג",טעמן שווק מזון בעמ,,,"י""ח",1,"ק""ג",false,1,10.90,10.90,false,1,
7290015347259,false,פירורי לחם מוזהבים מיה 400 גרם,מיה תעשיות מזון מ.ת.מ בעמ,,,"י""ח",400,ל גרם,false,1,5.50,1.38,false,1,
7290015347273,false,נטיפי שוקולד לאפייה שוקולדמריר 250גר,מיה תעשיות מזון מ.ת.מ. בעמ,,,"י""ח",250,ל גרם,false,1,10.90,4.36,false,1,
7290015347464,false,מיה קינואה מעורבת 400 גרם,מיה תעשיות מזון מ.ת.מ. בעמ,,,"י""ח",500,ל גרם,false,1,14.90,2.98,true,1,
7290015347488,false,"סוכר דמררה חום שקית מיה 1 ק""ג",מיה תעשיות מזון מ.ת.מ. בעמ,,,"י""ח",1,"ק""ג",false,1,12.20,12.20,false,1,
7290015348423,false,מיץ ענבים סגל משפחות 1 ליטר,טמפו משקאות בעמ,,,"י""ח",7.50,"י""ח",false,1,15.90,2.08,true,1,
7290015354899,false,חרדל דיז'ון מעודן 350 גרם,דיפלומט מפיצים (1968) בעמ**,,,"י""ח",350,ל גרם,false,1,12.90,3.69,false,1,
7290015366663,false,"משחת שיניים מנטה עדין אקווה פרש 100 מ""ל",גלקסוסמיתקליין,,,"י""ח",100,ל גרם,false,1,7.90,7.90,true,1,
7290015366670,false,משחת שיניים בטעם מנטה אקוהפרש (100 מל),גלקסוסמיתקליין,,,"י""ח",100,ל גרם,false,1,9.90,9.90,true,1,
7290015603546,false,"שימורי קרם קוקוס 17-19% 400 מ""ל (ASIATIC)(כ)",מזרח ומערב יבוא ושיווק,,,"י""ח",400,ל גרם,false,1,8.90,2.23,false,1,
7290015603560,false,"שימורי קרם קוקוס 20-22% 400 מ""ל (ASIATIC)(כ)",אסיאטיק אגרו אינדוסטרי,,,"י""ח",400,"ל מ""ל",false,1,10.90,2.73,false,1,
7290015644297,false,שישיית לחמניות פשוט מלא אנג'ל 450 גרם,מאפיית שלמה א. אנג'\ל בע,,,"י""ח",6,"י""ח",false,1,12.90,2.15,false,1,
7290015644426,false,"לחם צרפתי חיטה מלאה ודגנים 600 גרם ""אנג'ל""",מאפיית שלמה א. אנג'\ל בע,,,"י""ח",600,ל גרם,false,1,16.90,2.82,false,1,
7290015652070,false,קשוי קלוי בשקית ששון הקולה 150 גרם,דין שיווק וקליה 2021 בעמ,,,"י""ח",150,ל גרם,false,1,13.90,9.27,false,1,
7290015652087,false,תערובת פיצוחים בשקית ששון הקולה 150 גרם,דין שיווק וקליה 2021 בעמ,,,"י""ח",150,ל גרם,false,1,14.90,9.93,false,1,
7290015652254,false,גרעיני חמניה קלויים ששון הקולה (400 גרם),דין שיווק וקליה 2021 בעמ,,,"י""ח",400,ל גרם,false,1,9.90,2.48,true,1,
7290015652278,false,תערובת פיצוחים ששון הקולה 300 גרם,דין שיווק וקליה 2021 בעמ,,,"י""ח",250,ל גרם,false,1,20,8,false,1,
7290015652292,false,קבוקים עם שומשום ששון הקולה 400 גרם,דין שיווק וקליה 2021 בעמ,,,"י""ח",400,ל גרם,false,1,10,2.50,false,1,
7290015652308,false,מנצ'ס ששון הקולה 400 גרם,דין שיווק וקליה 2021 בעמ,,,"י""ח",300,ל גרם,false,1,10,3.33,false,1,
7290015652322,false,בוטנים אמריקאיים מצופים 400 גר ששון הקלה,דין שיווק וקליה 2021 בעמ,,,"י""ח",400,ל גרם,false,1,10,2.50,false,1,
7290015652407,false,פיסטוק קלוי ששון הקולה (250 גרם),דין שיווק וקליה 2021 בעמ,,,"י""ח",250,ל גרם,false,1,20,8,false,1,
7290015652605,false,פיסטוק קלוף השף 100 גרם,דין שיווק וקליה 2021 בעמ,,,"י""ח",150,ל גרם,false,1,25.90,17.27,false,1,
7290015683326,false,קומקום חשמלי נירוסטה לבן 1.700 ליטר,פוגיקום בעמ,,,"י""ח",1,,false,1,99.90,99.90,true,1,
7290015719100,false,כרוב לבן מהדרין,ביכורי השדה צפון 1994 ג.ד. בעמ,,,"ק""ג",1,,true,1,4.90,4.90,false,1,
7290015733427,false,מטרנה דייסת גם וגם וניל פרו12*300ג 2019,קבוצת אוסם סחר שותפות מוגבלת,,,"י""ח",300,ל גרם,false,1,19.90,6.63,false,1,
7290015733977,false,תרכובת מזון קומפורט על בסיס חלבי דל לקטוז,קבוצת אוסם סחר שותפות מוגבלת,,,"י""ח",700,ל גרם,false,1,69.90,9.99,false,1,
7290015781015,false,יין אדום מלבק ויז`יון טפרברג (750 מל),יקב טפרברג 1870 בעמ (יינות ומש,,,"י""ח",750,"ל מ""ל",false,1,39.90,5.28,true,1,
7290015781114,false,יין אדום אימפרשיין מרלו טפרברג (750 מל),יקב טפרברג 1870 בעמ (יינות ומש,,,"י""ח",750,"ל מ""ל",false,1,49.90,6.61,true,1,
7290015781268,false,יין אדום מוסקטו מתוק טפרברג (750 מל),יקב טפרברג 1870 בעמ (יינות ומש,,,"י""ח",750,"ל מ""ל",false,1,39.90,5.28,true,1,
7290015781299,false,יין שיראז ויזון יקב טפרברג (750 מל),יקב טפרברג 1870 בעמ (יינות ומש,,,"י""ח",750,"ל מ""ל",false,1,39.90,5.28,true,1,
7290015821728,false,נר נשמה בכוס פלסטיק 48,פאלאס תעשיות נטו (2014) בעמ,,,"י""ח",1,,false,1,5.90,5.90,false,1,
7290015858106,false,"ממרח פסטו ביתי 180 גרם ""עללחם""",שטראוס גרופ בעמ/מצונן,,,"י""ח",180,ל גרם,false,1,17.90,9.94,true,1,
7290015858113,false,"ממרח עגבניות מיובשות 180 גרם ""טריטרי""",שטראוס גרופ בעמ/מצונן,,,"י""ח",180,ל גרם,false,1,17.90,9.94,true,1,
7290015858328,false,עללחם ממרח איולי פסטו 295 גרם,"מדשא תעשיות מזון בע""\מ",,,"י""ח",295,ל גרם,false,1,14.90,5.05,true,1,
7290015858427,false,שלישיית ממרחים שמאפשרת לגוון עללחם 240 גרם,שטראוס גרופ בעמ/מצונן,,,"י""ח",240,ל גרם,false,1,24.90,10.38,false,1,
7290015858441,false,עללחם ממרח איולי פלפלים 295 גרם,"מדשא תעשיות מזון בע""\מ",,,"י""ח",295,ל גרם,false,1,14.90,5.05,true,1,
7290015858694,false,עללחם ממרח איולי שום לימון 295 גרם,"מדשא תעשיות מזון בע""\מ",,,"י""ח",295,ל גרם,false,1,14.90,5.05,true,1,
7290015872096,false,חומוס סלטי שמיר 700 גרם,"סלטי שמיר 2006 בע""מ",,,"י""ח",700,ל גרם,false,1,10.90,1.56,true,1,
7290015872553,false,חומוס של מסעדה שמיר 700 גרם,"סלטי שמיר 2006 בע""מ",,,"י""ח",0.70,"ק""ג",false,1,13.90,19.86,true,1,
7290015951227,false,"יין גמלא השמורה סירה 2021 750 מ""ל",מיוצר וממולא על ידי יקב,,,"י""ח",750,"ל מ""ל",false,1,63.90,8.48,true,1,
7290015951869,false,"יין הר חרמון רוזה 750 מ""ל",מיוצר וממולא על ידי יקב,,,"י""ח",750,"ל מ""ל",false,1,36.90,4.88,true,1,
7290015996983,false,סוכרלוז סוכרזית 0 קלוריות 100 שקיות,"שטראוס גרופ בע""מ",,,"י""ח",100,ל גרם,false,1,28.90,28.90,false,1,
7290016006292,false,נקטר מנגו בננה מלון קרטונית 1 ל' ספרינג,יפאורה שותפות מוגבלת לשיווק,,,"י""ח",1,ליטר,false,1,6.90,6.90,true,1,
7290016076035,false,רביעיית פיתות פרנה ארוך,מגוון שיווק והפצת מאפים בעמ,,,"י""ח",1,,false,1,14.90,14.90,false,1,
7290016087499,false,פריניר עגבניות חתוכות דק שלישיה 3 * 400 גרם,ח.כהן סוכנות מזון ומשקאות בע,,,"י""ח",400,ל גרם,false,1,13.90,3.48,false,1,
7290016096491,false,נתחי טונה בהירה בשמן צמחי שלישיה *80ג' פילטונה,תעשיות פיל טונה בעמ,,,"י""ח",240,ל גרם,false,1,11.90,4.96,true,1,
7290016106411,false,פרוסות מנגו 425 גרם בסירופ קל,לונגהי גואנגפה פוד ב,,,"י""ח",900,ל גרם,false,1,6.90,0.77,false,1,
7290016106688,false,נתחי טונה במי מלח טעמן 140 ג',טעמן שווק מזון בעמ,,,"י""ח",140,ל גרם,false,1,4.50,3.21,false,1,
7290016144116,false,"קמח תופח נפלאות, 1 ק""ג",תה ויסוצקי (ישראל)בעמ,,,"י""ח",1,"ק""ג",false,1,11.90,11.90,true,1,
7290016150117,false,סלק אדום מבושל 500 ג' בוואקום,ביג פוד כחול לבן בעמ*שיק 30 יו,,,"י""ח",500,ל גרם,false,1,9.90,1.98,true,1,
7290016162264,false,עוגת גבינה רנסנס קפולסקי (450 גרם),קפולסקי שיווק וקמעונ,,,"י""ח",450,ל גרם,false,1,44.90,9.98,false,1,
7290016197488,false,מטליות מיקרופייבר למשטחים ניקול 3יח',קימברלי קלארק ישראל שיווק בעמ,,,"י""ח",3,"י""ח",false,1,16.50,5.50,false,1,
7290016197853,false,ניקול שקיות אשפה לפחים קטנים 42X45 סמ,קימברלי קלארק ישראל שיווק בעמ,,,"י""ח",50,"י""ח",false,1,19.90,0.40,false,1,
7290016217643,false,חמוצים סיני אסלי שמיר 400 גרם,"סלטי שמיר 2006 בע""מ",,,"י""ח",400,ל גרם,false,1,10.90,2.73,true,1,
7290016217735,false,חציל על האש 200גרם גורמה,"סלטי שמיר 2006 בע""מ",,,"י""ח",200,ל גרם,false,1,11.90,5.95,true,1,
7290016217759,false,חציל מרוקאי 200גרם גורמה,"סלטי שמיר 2006 בע""מ",,,"י""ח",200,ל גרם,false,1,12.90,6.45,true,1,
7290016246018,false,חטיף מיקס פינוקיות חלבה בארכה 20ג*9,קבוצת אוסם סחר שותפות מוגבלת,,,"י""ח",180,ל גרם,false,1,13.90,7.72,false,1,
7290016246025,false,בארכה מיקס פינוקיות חלווה ללא סוכר 10*20ג,קבוצת אוסם סחר שותפות מוגבלת,,,"י""ח",180,ל גרם,false,1,12.90,7.17,false,1,
7290016246209,false,"חטיף חלבה וניל 100 גרם ""בארכה""",קבוצת אוסם סחר שותפות מוגבלת,,,"י""ח",100,ל גרם,false,1,3.90,3.90,false,1,
7290016270709,false,עגבניות שרי אשכולות,ביכורי השדה צפון 1994 ג.ד. בעמ,,,"י""ח",1,,false,1,11.90,11.90,false,1,
7290016277647,false,בננה מסוכרת 250 גרם ששון- קופסא,דין שיווק וקליה 2021 בעמ,,,"י""ח",250,ל גרם,false,1,12.90,5.16,false,1,
7290016321531,false,רצועות שעווה לגוף מגע הדבש אלוורה 12+3יח,שוורצקוף& הנקל דיסלד,,,"י""ח",16,"י""ח",false,1,33.70,2.11,false,1,
7290016321661,false,פרש וואנס SENSITIVE מגבונים ללא בישום רביעייה 72 יחידות,עלבד משואות יצחק,,,"י""ח",4,"י""ח",false,1,19.90,4.98,true,1,
7290016321678,false,מגבונים לחים בניחוח מרענן עם תמציות קמומיל ואלוורה,עלבד משואות יצחק,,,"י""ח",4,"י""ח",false,1,19.90,4.98,true,1,
7290016334050,false,סלרי חתוך.,ביכורי השדה צפון 1994 ג.ד. בעמ,,,"י""ח",1,,false,1,6.90,6.90,true,1,
7290016334166,false,לוף רגיל ארוז ליח,ביכורי השדה צפון 1994 ג.ד. בעמ,,,"י""ח",1,,false,1,9.90,9.90,false,1,
7290016334173,false,פלפל טינקרבל שמיטה,ביכורי השדה צפון 1994 ג.ד. בעמ,,,"י""ח",1,,false,1,10.90,10.90,true,1,
7290016334180,false,מלפפון בייבי רמי לוי,ביכורי השדה צפון 1994 ג.ד. בעמ,,,"י""ח",1,,false,1,8.90,8.90,true,1,
7290016334296,false,ברוקולי ארוז יחידה שמיטה,ביכורי השדה צפון 1994 ג.ד. בעמ,,,"י""ח",1,,false,1,11.90,11.90,false,1,
7290016334388,false,פלפל צ'ילי רמי לוי,ביכורי השדה צפון 1994 ג.ד. בעמ,,,"י""ח",1,,false,1,7.90,7.90,false,1,
7290016334395,false,שיבה רמי לוי,ביכורי השדה צפון 1994 ג.ד. בעמ,,,"י""ח",1,,false,1,6.90,6.90,false,1,
7290016334432,false,שורש פטרוזיליה,ביכורי השדה צפון 1994 ג.ד. בעמ,,,"י""ח",1,,false,1,6.90,6.90,false,1,
7290016334456,false,בזיליקום רמי לוי,ביכורי השדה צפון 1994 ג.ד. בעמ,,,"י""ח",1,,false,1,5.90,5.90,false,1,
7290016334463,false,ראש סלרי,ביכורי השדה צפון 1994 ג.ד. בעמ,,,"י""ח",1,,false,1,6.90,6.90,false,1,
7290016334494,false,חסה ערבית,ביכורי השדה צפון 1994 ג.ד. בעמ,,,"י""ח",1,,false,1,4.90,4.90,false,1,
7290016334579,false,פטרוזיליה בוסתן,ביכורי השדה צפון 1994 ג.ד. בעמ,,,"י""ח",1,,false,1,4.90,4.90,false,1,
7290016334586,false,כוסברה בוסתן,ביכורי השדה צפון 1994 ג.ד. בעמ,,,"י""ח",1,,false,1,4.90,4.90,false,1,
7290016334593,false,שמיר ארוז,ביכורי השדה צפון 1994 ג.ד. בעמ,,,"י""ח",1,,false,1,4.90,4.90,false,1,
7290016334609,false,נענע בשקית,ביכורי השדה צפון 1994 ג.ד. בעמ,,,"י""ח",1,,false,1,4.90,4.90,false,1,
7290016334616,false,בצל ירוק רבנות,ביכורי השדה צפון 1994 ג.ד. בעמ,,,"י""ח",1,,false,1,6.90,6.90,false,1,
7290016334623,false,סלרי אמריקאי,ביכורי השדה צפון 1994 ג.ד. בעמ,,,"י""ח",1,"י""ח",false,1,5.90,5.90,false,1,
7290016334647,false,מנגולד-סלק עלים ארוז,ביכורי השדה צפון 1994 ג.ד. בעמ,,,"י""ח",1,,false,1,6.90,6.90,false,1,
7290016334654,false,תרד ניו זילנדי רמי לוי,ביכורי השדה צפון 1994 ג.ד. בעמ,,,"י""ח",200,ל גרם,false,1,14.90,7.45,false,1,
7290016334814,false,חסה סלנובה רמי לוי,ביכורי השדה צפון 1994 ג.ד. בעמ,,,"י""ח",1,,false,1,11.90,11.90,false,1,
7290016334883,false,שרי תמר בוסתן שמיטה,ביכורי השדה צפון 1994 ג.ד. בעמ,,,"י""ח",1,,false,1,11.90,11.90,false,1,
7290016334890,false,עגבניות שרי ליקופן,ביכורי השדה צפון 1994 ג.ד. בעמ,,,"י""ח",1,,false,1,12.90,12.90,false,1,
7290016334906,false,מיקס עגבניות שרי.,ביכורי השדה צפון 1994 ג.ד. בעמ,,,"י""ח",1,,false,1,12.90,12.90,false,1,
7290016334975,false,אספרגוס רמי לוי,ביכורי השדה צפון 1994 ג.ד. בעמ,,,"י""ח",1,,false,1,29.90,29.90,false,1,
7290016334982,false,שלישית חסה ליטל ג'ם רמי לוי,ביכורי השדה צפון 1994 ג.ד. בעמ,,,"י""ח",1,,false,1,12.90,12.90,true,1,
7290016370096,false,זיתים שחורים מיובשים במלח יבנה 340 ג',קבוצת יבנה מוצרי מזון בעמ,,,"י""ח",1,,false,1,12.90,12.90,false,1,
7290016370225,false,תחתיות ארטישוק קבוצת יבנה 430 גרם,"קבוצת יבנה מוצרי מזון בע""מ",,,"י""ח",220,ל גרם,false,1,7.90,3.59,true,1,
7290016370256,false,מארז טבעות זיתים יבנה 3*200 ג',קבוצת יבנה מוצרי מזון בעמ,,,"י""ח",600,ל גרם,false,1,13.90,2.32,false,1,
7290016370263,false,יבנה מארז זיתים חרוזית 200*3 ג',קבוצת יבנה מוצרי מזון בעמ,,,"י""ח",600,ל גרם,false,1,13.90,2.32,false,1,
7290016370270,false,זית קלמטה מגולען 560 ג' -יבנה,"קבוצת יבנה מוצרי מזון בע""מ",,,"י""ח",560,ל גרם,false,1,11.90,2.13,false,1,
7290016370959,false,חציל קלוי (פירה) בצנצנת קבוצת יבנה 530 גרם,"קבוצת יבנה מוצרי מזון בע""מ",,,"י""ח",58,ל גרם,false,1,11.90,20.52,false,1,
7290016370973,false,פלפל קלוי (גמביה) בצנצנת קבוצת יבנה 390 גרם,"קבוצת יבנה מוצרי מזון בע""מ",,,"י""ח",58,ל גרם,false,1,11.90,20.52,false,1,
7290016372359,false,עגבניות תחוכות דק עם בזיליקום 400ג,תה ויסוצקי (ישראל)בעמ,,,"י""ח",400,ל גרם,false,1,6.90,1.73,false,1,
7290016372373,false,רסק עגבניות ללא תוספת סוכר ומלח - מארז זוג,תה ויסוצקי (ישראל) בעמ,,,"י""ח",280,ל גרם,false,1,7.90,2.82,false,1,
7290016372458,false,חליטת לימונית ולואיזה הגן הקסום ויסוצקי 50 יחידות,תה ויסוצקי (ישראל) בעמ,,,"י""ח",75,ל גרם,false,1,39.90,53.20,false,1,
7290016372489,false,ויסוצקי חליטת ג'ינג'ר ולימון סודות הצמחים 25 שקיקים,תה ויסוצקי (ישראל) בעמ,,,"י""ח",20,"י""ח",false,1,18.90,0.95,true,1,
7290016400229,false,כוס ליקר מרובעת 2אוז 20יח שווה,ח.כהן סוכנות מזון ומשקאות בע,,,"י""ח",1,,false,1,6.90,6.90,false,1,
7290016400243,false,מפיות נייר תלת שכבתי מעוטרות 20יח שווה,ח.כהן סוכנות מזון ומשקאות בע,,,"י""ח",10,"י""ח",false,1,6.90,0.69,true,1,
7290016400274,false,"שיפודים קצרים 20 ס""מ 70 יח`שווה*",ח.כהן סוכנות מזון ומשקאות בע,,,"י""ח",70,"י""ח",false,1,2.90,0.04,false,1,
7290016400281,false,שיפודים 70יח שווה,ח.כהן סוכנות מזון ומשקאות בע,,,"י""ח",70,"י""ח",false,1,3.90,0.06,false,1,
7290016400342,false,נר הבדלה שטוח שווה,ח.כהן סוכנות מזון ומשקאות בע,,,"י""ח",1,,false,1,8.90,8.90,false,1,
7290016400373,false,נר הבדלה דמוי פמוט דקורטיבי שווה,ח.כהן סוכנות מזון ומשקאות בע,,,"י""ח",1,,false,1,15.90,15.90,false,1,
7290016400434,false,אשפתון גופיה 75/90 חזק אפור 25יח שווה,ח.כהן סוכנות מזון ומשקאות בע,,,"י""ח",25,"י""ח",false,1,17.90,0.72,true,1,
7290016400502,false,גפרורים 10 חדש שווה,ח.כהן סוכנות מזון ומשקאות בע,,,"י""ח",10,"י""ח",false,1,4,0.40,false,1,
7290016400793,false,מפיות נייר 100יח שווה,ח.כהן סוכנות מזון ומשקאות בע,,,"י""ח",100,"י""ח",false,1,5.90,0.06,true,1,
7290016401141,false,עלי טורטיה תירס שווה 8 יח' 320 גרם,ח.כהן סוכנות מזון ומשקאות בע,,,"י""ח",320,ל גרם,false,1,10.90,3.41,true,1,
7290016401158,false,נודלס 200ג דקות שווה*,ח.כהן סוכנות מזון ומשקאות בע,,,"י""ח",200,ל גרם,false,1,5.90,2.95,false,1,
7290016401264,false,עלי גפן ממולא 400גר שווה,ח.כהן סוכנות מזון ומשקאות בע,,,"י""ח",400,ל גרם,false,1,8.90,2.23,false,1,
7290016401295,false,"רוטב צילי מתוק 700מ""ל שווה",ח.כהן סוכנות מזון ומשקאות בע,,,"י""ח",700,"ל מ""ל",false,1,11.90,1.70,false,1,
7290016401394,false,פטריות חתוך שווה 400 גרם,ח.כהן סוכנות מזון ומשקאות בע,,,"י""ח",400,ל גרם,false,1,5.90,1.48,false,1,
7290016401400,false,"פטריות שלמות 400 גר` ""שווה""",ח.כהן סוכנות מזון ומשקאות בע,,,"י""ח",400,ל גרם,false,1,8.90,2.23,false,1,
7290016401509,false,חומץ 1ליטר 5% שווה,ח.כהן סוכנות מזון ומשקאות בע,,,"י""ח",1,ליטר,false,1,6.90,6.90,false,1,
7290016401578,false,זוג רדיד אלומיניום ארוך שווה,ח.כהן סוכנות מזון ומשקאות בע,,,"י""ח",1,"י""ח",false,1,14.90,14.90,false,1,
7290016401585,false,זוג רדיד אלומיניום קצר 7.5/30 שווה *,ח.כהן סוכנות מזון ומשקאות בע,,,"י""ח",1,"י""ח",false,1,10.90,10.90,false,1,
7290016401592,false,זוג ניילון נצמד ביתי שווה,ח.כהן סוכנות מזון ומשקאות בע,,,"י""ח",1,"י""ח",false,1,11.90,11.90,true,1,
7290016401783,false,שקיות לקוביות קרח 12יח שווה,ח.כהן סוכנות מזון ומשקאות בע,,,"י""ח",1,"י""ח",false,1,3.90,3.90,false,1,
7290016401882,false,מטליות מיקרופייבר 1/3 לרצפה,ח.כהן סוכנות מזון ומשקאות בע,,,"י""ח",10,"י""ח",false,1,18.90,1.89,false,1,
7290016401899,false,מטליות מיקרופייבר 1/10 ניקוי כללי,ח.כהן סוכנות מזון ומשקאות בע,,,"י""ח",10,"י""ח",false,1,18.90,1.89,false,1,
7290016401905,false,שקיות לפח קטן 40/45 שווה,ח.כהן סוכנות מזון ומשקאות בע,,,"י""ח",10,"י""ח",false,1,9.90,0.99,false,1,
7290016408294,false,"מרשמלו ורוד לבן וסטהיים 150 ג', 26 בקרטון",כרמית תעשיות ממתקים בעמ,,,"י""ח",1,,false,1,5.90,5.90,true,1,
7290016408980,false,"מטבעות שוקולד חלב 36 ג' כשל""פ בד""ץ!",כרמית תעשיות ממתקים בעמ,,,"י""ח",36,ל גרם,false,1,3.60,10,true,1,
7290016416992,false,עוגת דובוש בסקוויטים קפולסקי 400 גרם,תופינים מקבוצת קפולסקי,,,"י""ח",400,ל גרם,false,1,44.90,11.23,false,1,
7290016437621,false,חיתולי האגיס פרידום דריי pants מידה 4 36 יחידות,קימברלי קלארק ישראל שיווק בעמ,,,"י""ח",1,"י""ח",false,1,49.90,49.90,true,1,
7290016437652,false,חיתולי האגיס פרידום דריי pants מידה 6 30 יחידות,קימברלי קלארק ישראל שיווק בעמ,,,"י""ח",1,"י""ח",false,1,49.90,49.90,true,1,
7290016509786,false,פרסיל גל לכביסה לבנה וצבעונית-ירוק 2.5 ל,גורי שיווק בעמ,,,"י""ח",2.50,ליטר,false,1,34.90,13.96,false,1,
7290016517446,false,קמח כוסמין לבן מנופה שדו,אחים אגא (א.מ.) שיווק,,,"י""ח",1,"ק""ג",false,1,11.90,11.90,false,1,
7290016517453,false,"קמח לבן מנופה שדות 1ק""ג",אחים אגא (א.מ.) שיווק,,,"י""ח",1,"ק""ג",false,1,7.90,7.90,true,1,
7290016517538,false,תירס גמדי 410ג שדות,אחים אגא (א.מ.) שיווק,,,"י""ח",410,ל גרם,false,1,7.20,1.76,false,1,
7290016517583,false,פסטה פנה חיטה מלאה .,אחים אגא (א.מ.) שיווק,,,"י""ח",500,ל גרם,false,1,4.90,0.98,false,1,
7290016548341,false,מגבוני מונו לתינוק 4*72יח,שקד תבל בעמ,,,"י""ח",432,"י""ח",false,1,9.90,0.02,true,1,
7290016572391,false,"צ`יפס קלאסי 2.5ק""ג ש",***אדום גרופ למזון שיווק***,,,"י""ח",2.50,"ק""ג",false,1,27.90,11.16,false,1,
7290016682366,false,פריניב מיץ תפוחים צלול 2 ליטר.,תנובה - פריניב,,,"י""ח",2,ליטר,false,1,25.20,12.45,false,1,
7290016682441,false,100% מיץ תפוזים מיוצר מרכז טבעי,תנובה - פריניב,,,"י""ח",1,ליטר,false,1,13.90,13.90,false,1,
7290016717235,false,יין קונקורד אדום ממותק קינג דיוויד - בקבוק אישי,יקבי כרמל Carmel Winery,,,"י""ח",187,"ל מ""ל",false,1,6.20,3.16,false,1,
7290016717631,false,יין מוסקטו בעל חוזק אלכוהול נמוך פרייבט קולקשן,אגודת הכורמים הקואופרטיב,,,"י""ח",500,"ל מ""ל",false,1,39.90,7.92,true,1,
7290016717754,false,יין היובל ישן נושן יקבי כרמל (750 מל),אגודת הכורמים הקואופרטיב,,,"י""ח",750,"ל מ""ל",false,1,19.90,2.61,true,1,
7290016865943,false,אטריות ביצים פטוציני אוריינט 400 גרם,גורי מוצרי צריכה 1991 בעמ,,,"י""ח",400,ל גרם,false,1,13.90,3.48,true,1,
7290016967074,false,לחם חיטה מלאה עם גרעינים ודגנים,מאפיית שלמה א. אנג'\ל בע,,,"י""ח",750,ל גרם,false,1,16.90,2.25,false,1,
7290016967456,false,לחם צרפתי מחמצת 100% כוסמין 600 ג' אנג'ל,"מאפיית אנג'\ל בעמ, מקבוצ",,,"י""ח",600,ל גרם,false,1,16.90,2.82,false,1,
7290016998184,false,עלי חסה ערבית שטופים 250 גרק,ביכורי השדה צפון 1994 ג.ד. בעמ,,,"י""ח",150,ל גרם,false,1,10.90,7.27,false,1,
7290016998238,false,כרוב לבן קצוץ נטורזה,ביכורי השדה צפון 1994 ג.ד. בעמ,,,"י""ח",400,ל גרם,false,1,10.90,2.73,false,1,
7290016998276,false,גזר חתוך דק נטורזה 2,ביכורי השדה צפון 1994 ג.ד. בעמ,,,"י""ח",250,ל גרם,false,1,9.90,3.96,false,1,
7290017004136,false,סל קניה מחסני השוק,שפע טוב סנטר בעמ,,,"י""ח",1,,false,1,4.90,4.90,true,1,
7290017004457,false,תירוש ענבים 100% זהב ליטר,יקבי הכורמים (תשלח) בעמ ~~~,,,"י""ח",1,ליטר,false,1,17.90,17.90,true,1,
7290017004808,false,פסטה פוזילי 500גר פנטולה,מ.ר. ניאוברנד בעמ,,,"י""ח",500,ל גרם,false,1,4.90,0.98,true,1,
7290017004815,false,ספגטי 500גר פנטולה,מ.ר. ניאוברנד בעמ,,,"י""ח",500,ל גרם,false,1,4.90,0.98,true,1,
7290017004877,false,טחינה גולמית 500ג מחנה יהודה,"אחדות בע""מ",,,"י""ח",500,ל גרם,false,1,14.90,2.98,true,1,
7290017023229,false,רביעיית פחיות שוופס מוגז פירות תות ליים 330 מל.,יפאורה שותפות מוגבלת לשיווק,,,"י""ח",1.32,ליטר,false,1,14.70,10.23,true,1,
7290017023236,false,רביעיית פחיות שוופס מוגז פירות ענבים 330 מל.,יפאורה שותפות מוגבלת לשיווק,,,"י""ח",1.32,ליטר,false,1,14.70,10.23,true,1,
7290017062686,false,מרכך כביסה מרוכז בייבי 1 ל`טאצ`.,סאסאטק אגשח בעמ,,,"י""ח",1,ליטר,false,1,14.90,14.90,true,1,
7290017062952,false,"מבשם לכביסה ולבית סגול פלירוסול 500 מ""ל טאצ",סאסאטק אגשח בעמ,,,"י""ח",500,"ל מ""ל",false,1,29.90,5.98,false,1,
7290017065007,false,פרוסות גבינה מוצרלה חצי קשה 22% שומן 200 ג' גד,מחלבות גד שיווק 1992 בעמ,,,"י""ח",200,ל גרם,false,1,19.50,9.75,true,1,
7290017065137,false,ריקוטה למריחה 5% טבעית 200 גר`מחלבות גד,מחלבות גד שיווק 1992 בעמ,,,"י""ח",200,ל גרם,false,1,10.70,5.35,true,1,
7290017065144,false,ריקוטה למריחה בתוספת בזיליקום 5% גד 200 גם,מחלבות גד שיווק 1992 בעמ,,,"י""ח",200,ל גרם,false,1,10.90,5.45,true,1,
7290017065212,false,גבינת קרם מסקרפונה מחלבות גד 250 גר,מחלבות גד שיווק 1992 בעמ,,,"י""ח",250,ל גרם,false,1,18.50,7.40,true,1,
7290017065236,false,גבינה בולגרית מעודנת 24% גד (250 גרם),מחלבות גד שיווק 1992 בעמ,,,"י""ח",250,ל גרם,false,1,24.90,9.96,true,1,
7290017065304,false,שמנת 30% ניו יורק טבעי מהדרין 200 גרם רובין,גבינות מדף,,,"י""ח",200,ל גרם,false,1,13.90,6.95,true,1,
7290017065434,false,גבינה גאודה פרוסה הולנדית 200 גר',מחלבות גד שיווק 1992 בעמ,,,"י""ח",200,ל גרם,false,1,20.90,10.45,true,1,
7290017065441,false,גבינה גאודה עיזים פרוסה הולנדית 200 גר',מחלבות גד שיווק 1992 בעמ,,,"י""ח",200,ל גרם,false,1,32.90,16.45,true,1,
7290017065649,false,קרם פטיסייר מחלבות גד,מחלבות גד שיווק 1992 בעמ,,,"י""ח",250,ל גרם,false,1,19.90,7.96,true,1,
7290017065731,false,גבינת שמנת 30% ניו יורק +כמהין 200 גרם רבנות,מחלבות גד שיווק 1992 בעמ,,,"י""ח",200,ל גרם,false,1,12.90,6.45,true,1,
7290017065786,false,גבינה אנגלית קשה צ`דר 210 גר`גד,מחלבות גד שיווק 1992 בעמ,,,"י""ח",210,ל גרם,false,1,19.90,9.48,true,1,
7290017065861,false,קאצ`יו אה פפה רוטב פיקורינו ופלפל שחור 2,מחלבות גד שיווק 1992 בעמ,,,"י""ח",200,ל גרם,false,1,14.90,7.45,true,1,
7290017065878,false,רוטב לפסטה מק אנד צ'יז גד 200 גרם,מחלבות גד שיווק 1992 בעמ,,,"י""ח",200,ל גרם,false,1,14.90,7.45,true,1,
7290017065960,false,רוטב פורצ'יני מחלבות גד 200 גרם,מחלבות גד שיווק 1992 בעמ,,,"י""ח",200,ל גרם,false,1,15.90,7.95,true,1,
7290017068350,false,עדשים שחורות בלוגה מיה 500 גרם,מיה תעשיות מזון מ.ת.מ בעמ,,,"י""ח",500,ל גרם,false,1,8.90,1.78,true,1,
7290017068367,false,שמרים בוואקום 125 גרם,מיה תעשיות מזון מ.ת.מ בעמ,,,"י""ח",125,ל גרם,false,1,3.90,3.12,false,1,
7290017068374,false,שמרים יבשים בואקום מיה 500 גרם,מיה תעשיות מזון מ.ת.מ. בעמ,,,"י""ח",500,ל גרם,false,1,11.90,2.38,false,1,
7290017068848,false,סוכריות קישוט לעוגה צבעוני מיה 200 גרם,מיה תעשיות מזון מ.ת.מ. בעמ,,,"י""ח",200,ל גרם,false,1,8.90,4.45,false,1,
7290017068855,false,סוכריות קישוט לעוגה בטעם שוקולד 200 גרם מיה,מיה תעשיות מזון מ.ת.מ. בעמ,,,"י""ח",200,ל גרם,false,1,8.90,4.45,false,1,
7290017079059,false,תבנית מחוזקת עמוקה בינונית 6 יח',טעמן שווק מזון בעמ,,,"י""ח",90,ל גרם,false,1,9.90,11,false,1,
7290017088099,false,בייביסיטר - חיתולי סטנדרט מידה 6 - 30 יח',די.פי.אל תעשיות מוצרים ח,,,"י""ח",1,,false,1,34.90,34.90,true,1,
7290017088464,false,תחבושות סופגנית מקסי לונג טופ פד 20 יח',שקד תבל בעמ,,,"י""ח",20,"י""ח",false,1,19.90,1,true,1,
7290017088631,false,רבעיית מגבונים תולי ללא בישום 72*4 יחידות,שקד תבל בעמ,,,"י""ח",4,"י""ח",false,1,12.90,3.23,true,1,
7290017088778,false,"ALCO CARE ג'ל ידיים 66% אלכוהול 100 מ""ל",שקד תבל בעמ,,,"י""ח",100,"ל מ""ל",false,1,9.90,9.90,false,1,
7290017094847,false,סלט תפוחי אדמה אסלי שמיר 400 ג',"סלטי שמיר 2006 בע""מ",,,"י""ח",400,ל גרם,false,1,10.90,2.73,true,1,
7290017094861,false,חומוס עם רוטב מסבחה אסלי שמיר 400 ג',"סלטי שמיר 2006 בע""מ",,,"י""ח",400,ל גרם,false,1,9.90,2.48,true,1,
7290017100425,false,"כפפות לטקס 100 יחי' XL כשלפ עד""ח פרפקט",ח.כהן סוכנות מזון ומשקאות בע,,,"י""ח",100,"י""ח",false,1,19.90,0.20,true,1,
7290017105116,false,תורמוס הקטניה הטובה יכין 200/105 גרם,"זנלכל בע""\מ",,,"י""ח",200,ל גרם,false,1,4.90,2.45,true,1,
7290017105468,false,מארז שלישייה אפונה קטנה יכין 3*200 גר,קשקמט קונסרב הונגריה,,,"י""ח",200,ל גרם,false,1,16.90,8.45,false,1,
7290017105895,false,גרגרי חומוס להכנת חומוס משובח יכין 560 ג,זנלכל בעמ,,,"י""ח",560,ל גרם,false,1,11.90,2.13,true,1,
7290017121048,false,"פלפל צ'ומה 250 גרם ""עללחם""",שטראוס גרופ בעמ/מצונן,,,"י""ח",250,ל גרם,false,1,15.90,6.36,true,1,
7290017129495,false,אגו מיקס כדורי תירס מצופים שוקולד חלב כרמית 55 גרם,כרמית תעשיות ממתקים בעמ,,,"י""ח",55,ל גרם,false,1,3.90,7.09,true,1,
7290017129778,false,שוקולד פרימיום 70% מריר בטעם קפה כרמית 100 גרם,כרמית תעשיות ממתקים בעמ,,,"י""ח",100,ל גרם,false,1,8.90,8.90,false,1,
7290017129822,false,מטבעות שוקולד מריר כרמית 36 גרם,כרמית תעשיות ממתקים בעמ,,,"י""ח",36,ל גרם,false,1,3.60,10,true,1,
7290017129839,false,שוקולד פרימיום 70% מריר בטעם פטל כרמית 100 גרם,כרמית תעשיות ממתקים בעמ,,,"י""ח",100,ל גרם,false,1,8.90,8.90,false,1,
7290017129884,false,חמישיות שוקולד מריר 44% 85 גר*5*12 בקרטון,כרמית תעשיות ממתקים בעמ,,,"י""ח",85,ל גרם,false,1,17.90,21.06,true,1,
7290017142128,false,"שמן זית כתית מעולה קלאסי עץ הזית 750 מ""ל",סוגת תעשיות בעמ,,,"י""ח",750,"ל מ""ל",false,1,31.90,4.25,true,1,
7290017142340,false,שמן זרעי ענבים מזוכך 1 ליטר עץ הזית*,אף.ג'\יי.סנצ'\ז סוקחורס,,,"י""ח",1,ליטר,false,1,24.90,24.90,false,1,
7290017142456,false,מארז נתחי טונה בהירה בשמן זית 2 * 160 ג' עץ הזית,יוניקורד ח.צ בעמ,,,"י""ח",320,ל גרם,false,1,21.90,6.84,false,1,
7290017239842,false,נתחי פילה דג בציפוי פריך 250גר.,פוד קולקשן בעמ,,,"י""ח",250,ל גרם,false,1,18.90,7.56,false,1,
7290017266060,false,וופל קראנצ`מילוי קרם בטעם שוקולד 175 גר,ח.כהן סוכנות מזון ומשקאות בע,,,"י""ח",175,ל גרם,false,1,7.90,4.51,false,1,
7290017275338,false,טחינה גולמית 500 טורקיז אחווה*,אחדות ביתחרושת לטחינה חלבה,,,"י""ח",500,ל גרם,false,1,9.90,1.98,false,1,
7290017275345,false,"טחינה גולמית בבקבוק לחיץ , 350 גרם אחווה",אחדות ביתחרושת לטחינה חלבה,,,"י""ח",350,ל גרם,false,1,7.90,2.26,true,1,
7290017289175,false,"יין פטיט סירה סדרת ישראלי 750מ""ל.",יקב טפרברג 1870 בעמ (יינות ומש,,,"י""ח",750,"ל מ""ל",false,1,21.90,2.88,true,1,
7290017297156,false,"צ יפס עם קליפה 1.5 ק""ג פרי הגליל",ויטה- פרי גליל (החדשה) בעמ,,,"י""ח",1.50,"ק""ג",false,1,21.90,14.60,true,1,
7290017297323,false,רוטב עגבניות מרוכז 100 גר' 22 BX טל וטרי,ויטה- פרי גליל (החדשה) בעמ,,,"י""ח",100,ל גרם,false,1,1.90,1.90,true,1,
7290017297392,false,תירס קפוא פרי אדמה 800ג,לפ ויטה פרי גליל (החדשה) בעמ,,,"י""ח",800,ל גרם,false,1,14.90,1.86,true,1,
7290017297408,false,אפונה עדינה קפואה פרי אדמה 600ג,ויטה פרי גליל (החדשה) בעמ,,,"י""ח",600,ל גרם,false,1,14.90,2.48,true,1,
7290017297415,false,אפונה קפואה פרי אדמה 800ג.,לפ ויטה פרי גליל (החדשה) בעמ,,,"י""ח",800,ל גרם,false,1,14.90,1.86,true,1,
7290017297422,false,אפונה וגזר קפוא פרי אדמה 800ג,לפ ויטה פרי גליל (החדשה) בעמ,,,"י""ח",800,ל גרם,false,1,14.90,1.86,true,1,
7290017297439,false,שעועית ירוקה פרי אדמה 800ג,לפ ויטה פרי גליל (החדשה) בעמ,,,"י""ח",800,ל גרם,false,1,14.90,1.86,true,1,
7290017297453,false,שעועית שלמה קפואה פרי אדמה 800ג,לפ ויטה פרי גליל (החדשה) בעמ,,,"י""ח",800,ל גרם,false,1,14.90,1.86,true,1,
7290017297477,false,פול קפוא פרי אדמה 800ג,לפ ויטה פרי גליל (החדשה) בעמ,,,"י""ח",800,ל גרם,false,1,14.90,1.86,true,1,
7290017297484,false,שעועית אדומה פרי אדמה 800ג,ויטה פרי גליל (החדשה) בעמ,,,"י""ח",800,ל גרם,false,1,16.90,2.11,true,1,
7290017297507,false,גזר גמדי פרי אדמה 800ג,לפ ויטה פרי גליל (החדשה) בעמ,,,"י""ח",800,ל גרם,false,1,14.90,1.86,true,1,
7290017297514,false,לקט ירק מעורב פרי אדמה 700ג,לפ ויטה פרי גליל (החדשה) בעמ,,,"י""ח",700,ל גרם,false,1,14.90,2.13,true,1,
7290017297521,false,ברוקולי פרי אדמה 800ג,ויטה פרי גליל (החדשה) בעמ,,,"י""ח",800,ל גרם,false,1,19.90,2.49,true,1,
7290017297538,false,כרובית פרי אדמה 800ג,לפ ויטה פרי גליל (החדשה) בעמ,,,"י""ח",800,ל גרם,false,1,14.90,1.86,true,1,
7290017297545,false,תחתיות ארטישוק פרי אדמה 400ג,ויטה פרי גליל (החדשה) בעמ,,,"י""ח",400,ל גרם,false,1,10.90,2.73,true,1,
7290017297552,false,במיה פרי אדמה 600ג,לפ ויטה פרי גליל (החדשה) בעמ,,,"י""ח",600,ל גרם,false,1,14.90,2.48,true,1,
7290017297583,false,"ציפס 2ק""ג קפוא פרי אדמה.",לפ ויטה פרי גליל (החדשה) בעמ,,,"י""ח",2,"ק""ג",false,1,24.90,12.45,true,1,
7290017297590,false,"ציפס זיגזג 2ק""ג קפוא פרי אדמה",לפ ויטה פרי גליל (החדשה) בעמ,,,"י""ח",2,"ק""ג",false,1,24.90,12.45,true,1,
7290017297606,false,"ציפס אמריקאי 2ק""ג קפוא פרי אדמה",לפ ויטה פרי גליל (החדשה) בעמ,,,"י""ח",2,"ק""ג",false,1,24.90,12.45,true,1,
7290017297613,false,"סטייק ציפס 2ק""ג קפוא פרי אדמה",לפ ויטה פרי גליל (החדשה) בעמ,,,"י""ח",2,"ק""ג",false,1,24.90,12.45,true,1,
7290017297729,false,גזר ננסי פרי אדמה 800ג,לפ ויטה פרי גליל (החדשה) בעמ,,,"י""ח",800,ל גרם,false,1,14.90,1.86,true,1,
7290017304519,false,חלה חצי מתוקה ארוזה אנג'ל 500 גרם,שלמה א.אנג ל בעמ,,,"י""ח",500,ל גרם,false,1,14.90,2.98,false,1,
7290017304885,false,לחם שיפון מחיטה מלאה ללא תוספת סוכר 750 ג' אנג'ל,מאפיית שלמה א. אנג'\ל בע,,,"י""ח",750,ל גרם,false,1,16.90,2.25,false,1,
7290017457727,false,"סוד כחול מרכך כביסה מרוכז20%+בישום 900 מ""ל",גורי שיווק בעמ,,,"י""ח",90,"ל מ""ל",false,1,13.90,15.44,false,1,
7290017457734,false,"סוד ורוד מרכך כביסה מרוכז20%+בישום 900 מ""ל",גורי שיווק בעמ,,,"י""ח",90,"ל מ""ל",false,1,13.90,15.44,false,1,
7290017457932,false,סוד מרכך כביסה מרוכז פרש קונטרול כחול,גורי שיווק בעמ,,,"י""ח",90,"ל מ""ל",false,1,13.90,15.44,false,1,
7290017477169,false,קשיו קלוי 250 גרם ששון הקולה,דין שיווק וקליה 2021 בעמ,,,"י""ח",250,ל גרם,false,1,19.90,7.96,false,1,
7290017477558,false,"שמן זית כתית מעולה אספניולה 750 מ""ל",דין שיווק וקליה 2021 בעמ,,,"י""ח",750,"ל מ""ל",false,1,33.90,4.52,false,1,
7290017504001,false,פטריות שמפיניון ארוז,ביכורי השדה צפון 1994 ג.ד. בעמ,,,"י""ח",1,,false,1,11.90,11.90,true,1,
7290017504025,false,פטריות פורטבלה ברכת קטיף,ביכורי השדה צפון 1994 ג.ד. בעמ,,,"י""ח",1,,false,1,11.90,11.90,false,1,
7290017504032,false,זוג פטריות שמפניון ו,ביכורי השדה צפון 1994 ג.ד. בעמ,,,"י""ח",1,,false,1,18.90,18.90,false,1,
7290017513485,false,מחית עגבניות רוסטיקה גרנד איטליה 680 גרם,תה ויסוצקי (ישראל) בעמ,,,"י""ח",700,ל גרם,false,1,11.90,1.70,true,1,
7290017513775,false,פליפז בייגלה מצופה שוקולד חלב מקוויטיס 140 גרם,תה ויסוצקי (ישראל) בעמ,,,"י""ח",140,ל גרם,false,1,8.90,6.36,true,1,
7290017513782,false,פליפז בייגלה מצופה שוקולד מריר מקוויטיס 140 גרם,תה ויסוצקי (ישראל) בעמ,,,"י""ח",140,ל גרם,false,1,8.90,6.36,true,1,
7290017586007,false,גזר ארוז,ביכורי השדה צפון 1994 ג.ד. בעמ,,,"ק""ג",1,"ק""ג",true,1,3.90,3.90,false,1,
7290017589565,false,"ברקן, גוורצטרמינר לבן חצי יבש 750 מל",יקבי ברקן שיווק והפצ,,,"י""ח",750,"ל מ""ל",false,1,32.90,4.35,true,1,
7290017599229,false,ממתיק סוכרלוז 200 טבליות סוכרזית,שטראוס גרופ בע`מ,,,"י""ח",200,"י""ח",false,1,20.90,0.10,false,1,
7290017599267,false,סוכרלוז 120 שקיות ממתיק שולחני,שטראוס גרופ בע`מ,,,"י""ח",100,"י""ח",false,1,24.90,0.25,false,1,
7290017599274,false,סוכרזית סטיוויה 120שקיות 100גרם,שטראוס גרופ בע`מ,,,"י""ח",100,ל גרם,false,1,34.90,34.90,false,1,
7290017599281,false,סוכרזית סטיוויה פלוס 100שקיות,"שטראוס גרופ בע""מ",,,"י""ח",100,ל גרם,false,1,35.90,35.90,false,1,
7290017599359,false,סוכרזית קלאסי כפית לכפית 400גר,"שטראוס גרופ בע""מ",,,"י""ח",400,ל גרם,false,1,29.90,7.48,false,1,
7290017641102,false,שוקולד פרימיום 70% ללא סוכר בטעם תפוז 100 גרם,כרמית תעשיות ממתקים בעמ,,,"י""ח",100,ל גרם,false,1,8.90,8.90,false,1,
7290017641379,false,חמישיות שוקולד חלב בדצ 85 ג*5 בלמינט*12 בקרט בדצ,כרמית תעשיות ממתקים בעמ,,,"י""ח",85,ל גרם,false,1,16.90,19.88,true,1,
7290017641423,false,מטבעות שוקולד חלב צבעוני בצילינדר כרמית 500 גרם,כרמית תעשיות ממתקים בעמ,,,"י""ח",500,ל גרם,false,1,32.90,6.58,true,1,
7290017647425,false,"יין גמלא קברנה סוביניון שנת 2018 750 מ""ל",היכל היין שקד גולן בעמ,,,"י""ח",750,"ל מ""ל",false,1,69.90,9.28,true,1,
7290017677804,false,"רוטב סויה קיקומן ללא חומרים משמרים 444 מ""ל",דיפלומט מפיצים (1968) בעמ**,,,"י""ח",444,"ל מ""ל",false,1,19.90,4.48,false,1,
7290017682945,false,מגב חד להב סיליקון silicone one,מ.א.ייצור ויבוא מטליות בעמ,,,"י""ח",1,,false,1,29.90,29.90,false,1,
7290017724027,false,עוגיות אלפחורס 300 גרם,הלל בן הלל שיווק ומסחר בעמ,,,"י""ח",300,ל גרם,false,1,23.90,7.97,false,1,
7290017724034,false,עוגיות סנדוויץ ריבה 250 גר`,הלל בן הלל שיווק ומסחר בעמ,,,"י""ח",250,ל גרם,false,1,23.90,9.56,false,1,
7290017724157,false,"עוגיות מעדן תפו""ע ללא סוכר אקלר",הלל בן הלל שיווק ומסחר בעמ,,,"י""ח",250,ל גרם,false,1,23.90,9.56,false,1,
7290017724164,false,עוגיות אוזניים ללא סוכר אקלר 200 גרם,הלל בן הלל שיווק ומסחר בעמ,,,"י""ח",250,ל גרם,false,1,23.90,9.56,false,1,
7290017724256,false,עוגיות שומשיות ללא סוכר אקלר,הלל בן הלל שיווק ומסחר בעמ,,,"י""ח",250,ל גרם,false,1,23.90,9.56,false,1,
7290017724263,false,עוגיות בטוהבן ללא סוכר אקלר,הלל בן הלל שיווק ומסחר בעמ,,,"י""ח",300,ל גרם,false,1,23.90,7.97,false,1,
7290017724270,false,עוגיות אשכול בריאות ללא סוכר אקלר,הלל בן הלל שיווק ומסחר בעמ,,,"י""ח",200,ל גרם,false,1,23.90,11.95,false,1,
7290017724287,false,עוגיות אצבעות פקאן ללא סוכר אקלר,הלל בן הלל שיווק ומסחר בעמ,,,"י""ח",200,ל גרם,false,1,23.90,11.95,false,1,
7290017812571,false,מיץ ענבים תירוש אדום 100% טבעי כרמל 1 ליטר,אגודת הכורמים -כרמל מזרחי,,,"י""ח",1,ליטר,false,1,19.90,19.90,false,1,
7290017812588,false,מיץ ענבים תירוש לבן 100% טבעי כרמל 1 ליטר,אגודת הכורמים -כרמל מזרחי,,,"י""ח",1,ליטר,false,1,19.90,19.90,false,1,
7290017812618,false,מיץ ענבים תירוש אדום רוזה כרמל 1 ליטר,אגודת הכורמים -כרמל מזרחי,,,"י""ח",1,ליטר,false,1,19.90,19.90,false,1,
7290017812847,false,"יין פרנץ גוורצטרמינר סלקטד כרמל 750 מ""ל",אגודת הכורמים -כרמל מזרחי,,,"י""ח",750,"ל מ""ל",false,1,29.90,3.95,true,1,
7290017841250,false,נוזל חלונות 1ליטר שווה,ח.כהן סוכנות מזון ומשקאות בע,,,"י""ח",1,ליטר,false,1,6.90,6.90,false,1,
7290017841496,false,נרונים 4 שעות 72 שווה,ח.כהן סוכנות מזון ומשקאות בע,,,"י""ח",1,"י""ח",false,1,24.90,24.90,false,1,
7290017841557,false,תבניות נייר מלבניות מעוטרת 3יח שווה,ח.כהן סוכנות מזון ומשקאות בע,,,"י""ח",3,"י""ח",false,1,7.90,2.63,true,1,
7290017841649,false,מארז מטליות מיקרופייבר ניקוי כללי/רצפה,ח.כהן סוכנות מזון ומשקאות בע,,,"י""ח",10,"י""ח",false,1,24.90,2.49,false,1,
7290017841755,false,"חומץ יין אדום 500מ""ל בד``ץ שווה",ח.כהן סוכנות מזון ומשקאות בע,,,"י""ח",500,"ל מ""ל",false,1,15.90,3.18,false,1,
7290017841762,false,"חומץ תפוחי עץ 500מ""ל 5% שווה",ח.כהן סוכנות מזון ומשקאות בע,,,"י""ח",500,"ל מ""ל",false,1,11.90,2.38,false,1,
7290017841885,false,דלי מגבונים ניקוי כללי 400 יח שווה*,ח.כהן סוכנות מזון ומשקאות בע,,,"י""ח",400,"י""ח",false,1,19.90,0.05,true,1,
7290017842127,false,"ניירות סנדויץ` מאוירים ""שווה"" 100 יח",ח.כהן סוכנות מזון ומשקאות בע,,,"י""ח",100,"י""ח",false,1,9.90,0.10,false,1,
7290017842493,false,"תירס גמדי 425 גרם ""שווה"" *",ח.כהן סוכנות מזון ומשקאות בע,,,"י""ח",425,"ל מ""ל",false,1,7.90,1.86,false,1,
7290017842615,false,צלחת קטנה אריזת ענק 50 יח` מתכלה שווה,ח.כהן סוכנות מזון ומשקאות בע,,,"י""ח",1,,false,1,15.90,15.90,false,1,
7290017842745,false,צלחת בינונית חושן 20יח שווה,ח.כהן סוכנות מזון ומשקאות בע,,,"י""ח",20,"י""ח",false,1,8.90,0.45,false,1,
7290017842752,false,צלחת גדולה חושן מתכלה 20 יח שווה,ח.כהן סוכנות מזון ומשקאות בע,,,"י""ח",20,"י""ח",false,1,13.90,0.70,false,1,
7290017842776,false,מרקיה חושן מתכלה 20 יח שווה,ח.כהן סוכנות מזון ומשקאות בע,,,"י""ח",20,"י""ח",false,1,12.90,0.65,false,1,
7290017845067,false,פטריות פורטובלה XL מוגו,ביכורי השדה צפון 1994 ג.ד. בעמ,,,"י""ח",1,,false,1,19.90,19.90,false,1,
7290017845203,false,שמפיניון ארוז א.א-מוגו,ביכורי השדה צפון 1994 ג.ד. בעמ,,,"י""ח",1,,false,1,11.90,11.90,true,1,
7290017864259,false,בזיליקום-תקומה 100 גרם,ביכורי השדה צפון 1994 ג.ד. בעמ,,,"י""ח",1,,false,1,8.90,8.90,false,1,
7290017864471,false,ביבי מיקס תקומה 250 גרם,ביכורי השדה צפון 1994 ג.ד. בעמ,,,"י""ח",250,ל גרם,false,1,14.90,5.96,false,1,
7290017864549,false,עלי רוקולה 250ג רמי לוי,ביכורי השדה צפון 1994 ג.ד. בעמ,,,"י""ח",250,ל גרם,false,1,15.90,6.36,false,1,
7290017864556,false,בייבי תרד 250ג רמי לוי,ביכורי השדה צפון 1994 ג.ד. בעמ,,,"י""ח",1,,false,1,14.90,14.90,false,1,
7290017864594,false,שום צנצנת רמי לוי,ביכורי השדה צפון 1994 ג.ד. בעמ,,,"י""ח",1,,false,1,14.90,14.90,false,1,
7290017872056,false,פמלי אל סבון 3*1 הסדרה הלבנה-מעורב 500 גרם*3,אברנסל קוסמטיקס,,,"י""ח",1.50,ליטר,false,1,17.90,11.93,false,1,
7290017872063,false,אל סבון ארומתרפי מארז שלישייה 500 מל פמ,אברנסל קוסמטיקס,,,"י""ח",1.50,ליטר,false,1,17.90,11.93,false,1,
7290017872186,false,טוסו - עוגיות פקאן ללא סוכר 200 גרם,"הגביע מוצרי וופלים בע""\מ",,,"י""ח",200,ל גרם,false,1,16.90,8.45,false,1,
7290017873015,false,גלילונית גופיה עם ידיות 30יח,דנשר (1963) בעמ,,,"י""ח",30,"י""ח",false,1,14.90,0.50,false,1,
7290017873176,false,"סבון ידיים מועשר בשמן אבוקדו 500 מ""ל יהלום",דנשר (1963) בעמ,,,"י""ח",500,"ל מ""ל",false,1,9.90,1.98,false,1,
7290017873367,false,"קרם ידיים ויטליטי לכל סוגי העור 100 מ""ל פנג'ל","דנלוג אינטרקוסמא בע""\מ",,,"י""ח",10000,"ל מ""ל",false,1,12.90,0.13,true,1,
7290017888095,false,"רביעיית פחיות שוופס מוגז עדין פירות יער 330 מ""ל.",יפאורה שותפות מוגבלת לשיווק,,,"י""ח",1.32,ליטר,false,1,13.20,9.09,true,1,
7290017888101,false,"שוויפס מוגז עדין אפרסק מארז רביעייה* 330 מ""ל",יפאורה שותפות מוגבלת לשיווק,,,"י""ח",1.50,ליטר,false,1,13.20,8,true,1,
7290017888644,false,"משקה אננס בננה כורכום פרות & ווג 350 מ""ל",יפאורה שותפות מוגבלת לשיווק,,,"י""ח",350,"ל מ""ל",false,1,7.50,2.06,true,1,
7290017888729,false,שוופס סודה בקבוק 1 ל',יפאורה שותפות מוגבלת לשיווק,,,"י""ח",1,ליטר,false,1,4.50,4.50,true,1,
7290017888972,false,בקבוק מי עדן פקק ספורט 1 ליטר,יפאורה שותפות מוגבלת לשיווק,,,"י""ח",1,ליטר,false,1,3.90,3.90,false,1,
7290017917467,false,קמיל בלו סנסטי בשיבולת שועל אל סבון טיפולי לתינוק,"פישר תעשיות פרמצביטות בע""מ",,,"י""ח",1,ליטר,false,1,32.90,32.90,true,1,
7290017928036,false,מקלות גריסיני שומשום מאיר בייגל 175 גרם,מאיר את בייגל,,,"י""ח",175,ל גרם,false,1,12.90,7.37,true,1,
7290017928043,false,מקלות גריסיני קראנץ' מלח מאיר בייגל 175 גרם,מאיר את בייגל,,,"י""ח",175,ל גרם,false,1,12.90,7.37,true,1,
7290017928227,false,"בייגלה שטוח'לה פינוקים שומשום, קצח, שום ובצל",מאיר את בייגל,,,"י""ח",300,ל גרם,false,1,12.90,4.30,true,1,
7290017928609,false,בייגלה טבעות שומשום מאיר בייגל 300 גרם,מאיר את בייגל,,,"י""ח",300,ל גרם,false,1,11.90,3.97,true,1,
7290017928746,false,פירורי בייגלה מאיר בייגל 200 גרם,"דנשר (1963) בע,מ",,,"י""ח",200,ל גרם,false,1,6.90,3.45,false,1,
7290017928807,false,בייגלה אצבעות שומשום מאיר בייגל 300 גרם,מאיר את בייגל,,,"י""ח",300,ל גרם,false,1,12.90,4.30,true,1,
7290017928821,false,מקלות גריסיני קלאסי מאיר בייגל 200 גרם,מאיר את בייגל,,,"י""ח",200,ל גרם,false,1,12.90,6.45,true,1,
7290017938264,false,"חומוס בתוספת רוטב פיקנטי, 200 גרם","סלטי שמיר 2006 בע""\מ",,,"י""ח",200,ל גרם,false,1,7.90,3.95,true,1,
7290017946399,false,"מרכך כביסה מרוכז ארומתרפי אדום 900 מ""ל סוד",גורי שיווק בעמ,,,"י""ח",90,"ל מ""ל",false,1,13.90,15.44,false,1,
7290017947105,false,לחם אנג'ל בסגנון אמריקה 500 גרם,מאפיית שלמה א. אנג'\ל בע,,,"י""ח",500,ל גרם,false,1,14.90,2.98,false,1,
7290017947334,false,חלה טרום נבוטה ארוזה אנג'ל 500 גרם,שלמה א.אנג ל בעמ,,,"י""ח",500,ל גרם,false,1,13.90,2.78,false,1,
7290017947341,false,חלה בגט ארוזה אנג'ל 500 גרם,שלמה א.אנג ל בעמ,,,"י""ח",500,ל גרם,false,1,13.90,2.78,false,1,
7290017947372,false,חלה מתוקה ארוזה אנג'ל 500 גרם,שלמה א.אנג ל בעמ,,,"י""ח",500,ל גרם,false,1,13.90,2.78,false,1,
7290017947464,false,שמיניית פיתות כוסמין אנג'ל 8*50 גרם,מאפיית שלמה א.אנג'\ל בע\,,,"י""ח",8,"י""ח",false,1,14.90,1.86,true,1,
7290017947495,false,לחמניות כוסמין 6 יח(450 גר`)אנג`ל,מאפיית שלמה א.אנג'\ל,,,"י""ח",450,ל גרם,false,1,15.90,3.53,false,1,
7290017947891,false,לחם אנג'ל כוסמין וחיטה מלאה 750 גרם,מאפיית שלמה א. אנג'\ל בע,,,"י""ח",750,ל גרם,false,1,15.90,2.12,false,1,
7290017947921,false,לחמניות המבורגר בסגנון אמריקאי מארז 6 יח',מאפיית שלמה א. אנג'\ל בע,,,"י""ח",450,ל גרם,false,1,12.90,2.87,false,1,
7290017947938,false,מיני לחמניות המבורגר בסגנון אמריקה 400 ג' אנג'ל,מאפיית שלמה א. אנג'\ל בע,,,"י""ח",400,ל גרם,false,1,14.90,3.73,false,1,
7290018023051,false,זיתים מתובלים על האש 215 ג' סבא חביב,בני פאוזי שמשום (2009) בעמ,,,"י""ח",215,ל גרם,false,1,11.90,5.53,true,1,
7290018045084,false,דגני בוקר בון בון במילוי קרם בטעם בראוני,ר.ב. מוצרי דגנים בעמ,,,"י""ח",750,ל גרם,false,1,21.90,2.92,true,1,
7290018045497,false,דגני בוקר בון בון במילוי קרם שוקולד 480,ר.ב. מוצרי דגנים בעמ,,,"י""ח",750,ל גרם,false,1,21.90,2.92,true,1,
7290018071212,false,כפפות ניטרו V כחולות אלסטיות M ללא אבקה 100 יחידות,אינטרסן (1996) בעמ,,,"י""ח",100,"י""ח",false,1,22.90,0.23,true,1,
7290018071229,false,כפפות ניטרו V כחולות אלסטיות L ללא אבקה 100 יחידות,אינטרסן (1996) בעמ,,,"י""ח",100,"י""ח",false,1,22.90,0.23,true,1,
7290018071250,false,כפפות פלסטיק M שחורות אלסטיות 100 יחידות,אינטרסן (1996) בעמ,,,"י""ח",1,,false,1,14.90,14.90,true,1,
7290018071274,false,כפפות פלסטיק XL שחורות אלסטיות 100 יחידות,אינטרסן (1996) בעמ,,,"י""ח",1,,false,1,14.90,14.90,true,1,
7290018071533,false,נר נשמה 48 שעות בכוס זכוכית - נרות חסידים,אינטרסן (1996) בעמ,,,"י""ח",1,,false,1,5.90,5.90,false,1,
7290018071557,false,נר נשמה 7 ימים בכוס זכוכית - נרות חסידים,אינטרסן (1996) בעמ,,,"י""ח",1,,false,1,10.90,10.90,false,1,
7290018098653,false,מרק מינסטרונה ירוק מן הצומח 500גר,קפוא זן תעשיות מזון בעמ,,,"י""ח",500,ל גרם,false,1,16.90,3.38,false,1,
7290018115039,false,אבוקדו מוכן לאכילה,ביכורי השדה צפון 1994 ג.ד. בעמ,,,"י""ח",1,"י""ח",false,1,10.90,10.90,false,1,
7290018131831,false,נסטלה מאגדת שלגון מילקה וניל חדש8 4*66ג,נגה גלידות שותפות מוגבלת,,,"י""ח",284,ל גרם,false,1,36.90,12.99,false,1,
7290018132340,false,"מטרנה גולד בד""ץ שלב 1 700 גרם",קבוצת אוסם סחר שותפות מוגבלת,,,"י""ח",700,ל גרם,false,1,74.90,10.70,true,1,
7290018132425,false,מטרנה גולד בדץ שלב 3 700 גרם,קבוצת אוסם סחר שותפות מוגבלת,,,"י""ח",700,ל גרם,false,1,74.90,10.70,true,1,
7290018198056,false,תפוגן קוביות תפוחי אדמה 9*1.5קג,קבוצת אוסם סחר שותפות מוגבלת,,,"י""ח",1.50,"ק""ג",false,1,24.90,16.60,false,1,
7290018198148,false,"תפוגן קריספי צ'יפס קלאסי 1.25 ק""ג",קבוצת אוסם סחר-שות.מוגבלת,,,"י""ח",1.50,"ק""ג",false,1,27.90,18.60,false,1,
7290018198384,false,תפוגן צ'יפס קריספי פרוסות לתנור אסם 1.25 קג,קבוצת אוסם סחר-שות.מוגבלת,,,"י""ח",1.25,"ק""ג",false,1,27.90,22.32,false,1,
7290018208472,false,"תמר מג`הול 1ק""ג מחנה יהודה.",א.מ. עישבי תיבול תקומה בעמ,,,"י""ח",1,"ק""ג",false,1,19.90,19.90,true,1,
7290018208489,false,תמר מג`הול 800גר פרימים מחנה יהודה,א.מ. עישבי תיבול תקומה בעמ,,,"י""ח",800,ל גרם,false,1,24.90,3.11,true,1,
7290018208496,false,תמר מג`הול 650גר סופר פרימים מחנה יהוד,א.מ. עישבי תיבול תקומה בעמ,,,"י""ח",650,ל גרם,false,1,24.90,3.83,true,1,
7290018237281,false,עוף טוב נקניק סלמי ירדן 550 גר',קבוצת אוסם סחר-שות.מוגבלת,,,"י""ח",550,ל גרם,false,1,25.90,4.71,true,1,
7290018237489,false,פסטרמה ברביקיו דק דק עוף טוב 200 גרם,קבוצת אוסם סחר-שות.מוגבלת,,,"י""ח",220,ל גרם,false,1,21.90,9.95,true,1,
7290018237731,false,זוג פסטרמות ברביקיו ומעושנת עוף טוב 600 גרם,קבוצת אוסם סחר-שות.מוגבלת,,,"י""ח",600,ל גרם,false,1,29.90,4.98,false,1,
7290018237922,false,שניצלונים ציפוי צ'יפס עוף טוב 700 גרם,קבוצת אוסם סחר שותפות מוגבלת,,,"י""ח",700,ל גרם,false,1,14.90,2.13,true,1,
7290018237939,false,שניצלונים ציפוי שומשום עוף טוב 700 גרם,קבוצת אוסם סחר שותפות מוגבלת,,,"י""ח",700,ל גרם,false,1,14.90,2.13,true,1,
7290018294192,false,"יין בלנד היינן אדום יבש 750 מ""ל p.c",אגודת הכורמים -כרמל מזרחי,,,"י""ח",750,"ל מ""ל",false,1,39.90,5.28,true,1,
7290018294901,false,"יין מונלייט אדום יבש 750 מ""ל כרמל",יקבי כרמל Carmel Winery,,,"י""ח",750,"ל מ""ל",false,1,45.90,6.08,true,1,
7290018333198,false,"אגו רוקס חטיפי שוקולד חלב עם פתיתי תירס, שברי בוטנים מסוכרים ומלח 100 גרם",כרמית תעשיות ממתקים בעמ,,,"י""ח",100,ל גרם,false,1,10.90,10.90,false,1,
7290018333945,false,חטיף אגוזים רפאלס שקד ווניל בדצ 150 גר *12יח,כרמית תעשיות ממתקים בעמ,,,"י""ח",150,ל גרם,false,1,15.90,10.60,false,1,
7290018333952,false,חטיף אגוזים רפאלס וחמוציות בדצ 150 גר *12יח,כרמית תעשיות ממתקים בעמ,,,"י""ח",150,ל גרם,false,1,15.90,10.60,false,1,
7290018333969,false,חטיף גרנולה רפאלס שקדים וטחינה בדצ 150 גר *12יח,כרמית תעשיות ממתקים בעמ,,,"י""ח",150,ל גרם,false,1,15.90,10.60,false,1,
7290018359457,false,קראנצ`י בננה חטיף טבעי יכין 19גר,זנלכל בעמ,,,"י""ח",19,ל גרם,false,1,10.90,57.37,true,1,
7290018359464,false,קראנצ`י תירס חטיף טבעי יכין 27גר,זנלכל בעמ,,,"י""ח",27,ל גרם,false,1,10.90,40.37,true,1,
7290018359471,false,קראנצ`י תפוח חטיף טבעי יכין 18גר,זנלכל בעמ,,,"י""ח",18,ל גרם,false,1,10.90,60.56,true,1,
7290018359495,false,תירס מהשדה בלי תוספת סוכר יכין 550 גרם,היינץ צפון אמריקה מק,,,"י""ח",550,ל גרם,false,1,9.90,1.80,false,1,
7290018359518,false,תירס מהשדה בלי תוספת סוכר יכין מארז 200X3 גר',היינץ צפון אמריקה מק,,,"י""ח",600,ל גרם,false,1,16.90,2.82,false,1,
7290018359679,false,הקיסרית-שעועית לימה יכין 550 גרם,קריות זול,,,"י""ח",520,ל גרם,false,1,11.90,2.29,false,1,
7290018359686,false,יכין חומוס גדול 550 גר A2,היינץ צפון אמריקה מק,,,"י""ח",520,ל גרם,false,1,11.90,2.29,false,1,
7290018359716,false,רוטב עגבניות פיצה טוסקנה 240 גרם יכין,"זנלכל בע""\מ",,,"י""ח",240,"ל מ""ל",false,1,6.50,2.71,false,1,
7290018359938,false,"רוטב עגבניות לשקשוקה יכין, 400 גרם",זנלכול יכין,,,"י""ח",400,ל גרם,false,1,12.90,3.23,false,1,
7290018359945,false,רוטב עגבניות פיקנטי מפלפלים וירקות יכין 400 גרם,זנלכול יכין,,,"י""ח",400,ל גרם,false,1,12.90,3.23,false,1,
7290018359952,false,רוטב עגבניות לפסטה יכין 400 גרם,זנלכול יכין,,,"י""ח",400,ל גרם,false,1,12.90,3.23,false,1,
7290018440209,false,פליפז בייגלה בציפוי פאדג' לבן מקוויטיס 140 גרם,תה ויסוצקי (ישראל) בעמ,,,"י""ח",140,ל גרם,false,1,8.90,6.36,true,1,
7290018440230,false,תה צ'אי ורדים 25 שקיקים ויסוצקי,תה ויסוצקי (ישראל) בעמ,,,"י""ח",25,"י""ח",false,1,19.90,0.80,true,1,
7290018440247,false,תה צ'אי שקדים0 25 שקיקים ויסוצקי,תה ויסוצקי (ישראל) בעמ,,,"י""ח",25,"י""ח",false,1,19.90,0.80,true,1,
7290018440254,false,תה צ'אי קרמל מלוח 25 שקיקים ויסוצקי,תה ויסוצקי (ישראל) בעמ,,,"י""ח",25,"י""ח",false,1,19.90,0.80,true,1,
7290018440438,false,Calvo טונה בשמן זית פתיחה קלה 3 * 65 גרם,תה ויסוצקי (ישראל) בעמ,,,"י""ח",195,ל גרם,false,1,26.90,13.79,true,1,
7290018440483,false,פליפז בייגלה מצופה בקרמל מלוח ושוקולד מקוויטיס 140 גרם,תה ויסוצקי (ישראל) בעמ,,,"י""ח",140,ל גרם,false,1,8.90,6.36,true,1,
7290018440513,false,סלט קליפורנייה קאלוו עם טונה 150 גר,תה ויסוצקי (ישראל) בעמ,,,"י""ח",150,ל גרם,false,1,13.90,9.27,true,1,
7290018440896,false,הגן הקסום חליטה ג'ינגר כורכום ויסוצקי 25 יח,תה ויסוצקי (ישראל) בעמ,,,"י""ח",67.50,ל גרם,false,1,17.90,26.52,true,1,
7290018443040,false,נבטים סיניים (בוסתן,ביכורי השדה צפון 1994 ג.ד. בעמ,,,"י""ח",1,,false,1,7.90,7.90,false,1,
7290018443057,false,נבטי חמניה ברכת קטיף,ביכורי השדה צפון 1994 ג.ד. בעמ,,,"י""ח",1,,false,1,8.90,8.90,false,1,
7290018443347,false,שמיר ברכת קטיף מצע מנותק ייבול נוכרי,ביכורי השדה צפון 1994 ג.ד. בעמ,,,"י""ח",1,,false,1,6.90,6.90,true,1,
7290018443354,false,נענע ברכת קטיף מצע מנותק ייבול נוכרי,ביכורי השדה צפון 1994 ג.ד. בעמ,,,"י""ח",1,,false,1,6.90,6.90,true,1,
7290018443408,false,כרוב לבן ברכת קטיף מצע מנותק ייבול נוכרי,ביכורי השדה צפון 1994 ג.ד. בעמ,,,"ק""ג",1,,true,1,3.90,3.90,false,1,
7290018443545,false,פלפל צילי אדום 200 גרם,ביכורי השדה צפון 1994 ג.ד. בעמ,,,"י""ח",200,ל גרם,false,1,11.90,5.95,false,1,
7290018443712,false,כרובית ארוזה תקומה,ביכורי השדה צפון 1994 ג.ד. בעמ,,,"י""ח",1,"י""ח",false,1,11.90,11.90,false,1,
7290018443828,false,צמח חסה אייסברג,ביכורי השדה צפון 1994 ג.ד. בעמ,,,"י""ח",150,ל גרם,false,1,11.90,7.93,false,1,
7290018443835,false,שרי סוכריות פרמיום תקומה,ביכורי השדה צפון 1994 ג.ד. בעמ,,,"י""ח",1,,false,1,13.90,13.90,false,1,
7290018471029,false,"סודה בטעם לימון - מארז 6 בקבוקים 500 מ""ל",יפאורה שותפות מוגבלת לשיווק,,,"י""ח",300,"ל מ""ל",false,1,15.90,4.70,false,1,
7290018471180,false,משקה פרוט& ווג' אננס תפוח גזר 1 ליטר,יפאורה שותפות מוגבלת לשיווק,,,"י""ח",1,ליטר,false,1,12.90,12.90,false,1,
7290018471395,false,משקה פרוט& ווג' תפוח רימון ג'ינג'ר 1 ליטר,יפאורה שותפות מוגבלת לשיווק,,,"י""ח",1,ליטר,false,1,12.90,12.90,false,1,
7290018471401,false,משקה פרוט& ווג' אננס בננה כורכום 1 ליטר,יפאורה שותפות מוגבלת לשיווק,,,"י""ח",1,ליטר,false,1,12.90,12.90,false,1,
7290018471463,false,תפוזינה נקטר תפוז מנגו קרטונית 1 ליטר,יפאורה שותפות מוגבלת לשיווק,,,"י""ח",1,ליטר,false,1,8.10,8.10,true,1,
7290018471487,false,תפוזינה נקטר תפוז אננס קרטונית 1 ליטר,יפאורה שותפות מוגבלת לשיווק,,,"י""ח",1,ליטר,false,1,8.10,8.10,true,1,
7290018471494,false,תפוזינה משקה תפוז גזר קרטונית 1 ליטר,יפאורה שותפות מוגבלת לשיווק,,,"י""ח",1,ליטר,false,1,8.10,8.10,true,1,
7290018471692,false,ספרינג שייק בננה אננס קוקוס פירות יער קרטונית 1 ליטר,יפאורה - שותפות מוגבלת לשיווק,,,"י""ח",1,ליטר,false,1,11.60,11.60,true,1,
7290018471913,false,משקה מוגז פירות תפוחים שוופס 1.5 ליטר,יפאורה - שותפות מוגבלת לשיווק,,,"י""ח",1.50,ליטר,false,1,9.20,5.93,true,1,
7290018471920,false,שוופס מוגז פירות ענבים 1.5 ליטר פיקדון,יפאורה - שותפות מוגבלת לשיווק,,,"י""ח",1.50,ליטר,false,1,9.20,5.93,true,1,
7290018471937,false,שוופס מוגז פירות תות ליים 1.5 ליטר פיקדון,יפאורה - שותפות מוגבלת לשיווק,,,"י""ח",1.50,ליטר,false,1,9.20,5.93,true,1,
7290018471944,false,שוופס מוגז פירות לימונייד 1.5 ליטר פיקדון,יפאורה - שותפות מוגבלת לשיווק,,,"י""ח",1.50,ליטר,false,1,9.20,5.93,true,1,
7290018471951,false,שוופס מוגז פירות אשכולית אדומה 1.5 ליטר פיקדון,יפאורה - שותפות מוגבלת לשיווק,,,"י""ח",1.50,ליטר,false,1,9.20,5.93,true,1,
7290018500231,false,לחם פרוס וויקאנד אנג'ל 750 גרם,מאפיית שלמה א. אנג'\ל בע,,,"י""ח",750,ל גרם,false,1,16.90,2.25,false,1,
7290018500316,false,ארטיזנל לחם כוסמין לבן אנג'ל 750 גרם,מאפיית שלמה א. אנג'ל,,,"י""ח",750,ל גרם,false,1,20.90,2.79,true,1,
7290018500361,false,"לחם שחור פרוס 900 גרם ""אנג'ל"" -מוצר בפיקוח",מאפיית שלמה א. אנג'\ל בע,,,"י""ח",900,ל גרם,false,1,8.53,0.95,false,1,
7290018500460,false,לחם חצי מלא אנג'ל 700 גרם,שלמה א.אנג ל בעמ,,,"י""ח",750,ל גרם,false,1,11.90,1.59,false,1,
7290018500491,false,חלה בסגנון אמריקה אנגל.,שלמה א.אנג ל בעמ,,,"י""ח",500,ל גרם,false,1,15.90,3.18,false,1,
7290018540329,false,שקית פיתה פיתה בלדי 800 ג' אנג'ל,מאפיית שלמה א. אנג'\ל בע,,,"י""ח",8,"י""ח",false,1,12.90,1.61,false,1,
7290018540459,false,לחמניות המבורגר כוסמין 6 יח`300 גרם אנג,מאפיית שלמה א.אנג'\ל בע\,,,"י""ח",300,ל גרם,false,1,15.90,5.30,false,1,
7290018540817,false,ארטיזנל לחם מחמצת כוסמין אנג'ל 500 גרם,שלמה א. אנג`ל בעמ,,,"י""ח",500,ל גרם,false,1,17.90,3.58,true,1,
7290018540824,false,ארטיזנל לחם מחמצת כפרי אנג'ל 500 גרם,שלמה א. אנג`ל בעמ,,,"י""ח",500,ל גרם,false,1,17.90,3.58,true,1,
7290018540831,false,ארטיזנל לחם מחמצת חיטה מלאה ודגנים אנג'ל 500 גרם,שלמה א. אנג`ל בעמ,,,"י""ח",500,ל גרם,false,1,17.90,3.58,true,1,
7290018556948,false,ערק יאסו מחנה יהודה 40% 700 מייל,פיירוואטר בעמ,,,"י""ח",700,"ל מ""ל",false,1,49.90,7.09,true,1,
7290018571064,false,מקלוני טופי 450 גרם כשלפ,מיה תעשיות מזון מ.ת.מ. בעמ,,,"י""ח",450,ל גרם,false,1,15.90,3.53,true,1,
7290018571231,false,"עדשי שוקולד לאפיה ""מיה"" 400 גרם",מיה תעשיות מזון מ.ת.מ בעמ,,,"י""ח",400,ל גרם,false,1,18.90,4.73,false,1,
7290018571422,false,מיה-לקקנים מולטיקולור מיקס 65 יחידות,מיה תעשיות מזון מ.ת.מ. בעמ,,,"י""ח",65,"י""ח",false,1,18.90,0.29,true,1,
7290018571620,false,סוכריות מולטי ויטמין נשים מבוגרים גבעות מיה פלוס 240 גרם,מיה תעשיות מזון מ.ת.מ בעמ,,,"י""ח",240,ל גרם,false,1,39.90,16.63,false,1,
7290018571699,false,"קמח שקדים 250 גרם כשל""פ עד""ח",מיה תעשיות מזון מ.ת.מ. בעמ,,,"י""ח",250,ל גרם,false,1,25.90,10.36,false,1,
7290018571705,false,"אורז יסמין 1 ק""ג מיה.",מיה תעשיות מזון מ.ת.מ. בעמ,,,"י""ח",1,"ק""ג",false,1,10.90,10.90,true,1,
7290018571736,false,אורז בסמטי הודי 1ק''ג,מיה תעשיות מזון מ.ת.מ. בעמ,,,"י""ח",1,"ק""ג",false,1,10.90,10.90,true,1,
7290018571811,false,סירופ מייפל טהור 250 גר' מיה,מיה תעשיות מזון מ.ת.מ בעמ,,,"י""ח",250,"ל מ""ל",false,1,32.90,13.16,false,1,
7290018626283,false,פיצה מרגריטה אדום גר,***אדום גרופ למזון שיווק***,,,"י""ח",350,ל גרם,false,1,10.90,3.11,false,1,
7290018652671,false,"לה קרמריה שוקולד וניל 1.4 ליטר [תו אי""ל]",נגה גלידות שותפות מוגבלת,,,"י""ח",1.40,ליטר,false,1,19.90,14.21,false,1,
7290018732601,false,אבוקדו מוכן לאכילה,ביכורי השדה צפון 1994 ג.ד. בעמ,,,"י""ח",1,,false,1,9.90,9.90,false,1,
7290018732809,false,אבוקדו בשל לאכילה,ביכורי השדה צפון 1994 ג.ד. בעמ,,,"י""ח",1,"ק""ג",false,1,8.90,8.90,false,1,
7290018818305,false,פיצה אובליינה מרגריטה 400ג,אדום גרופ למזון שיווק בעמ,,,"י""ח",400,ל גרם,false,1,10.90,2.73,true,1,
7290018835012,false,באר אקסטרה בציפוי שוקולד חלב 5 יח 90 גר,א.ל ייצור ושיווק תבלינים בעמ,,,"י""ח",90,ל גרם,false,1,13.90,15.44,true,1,
7290018878002,false,אגו מיקס קרקר מצופה שוקולד חלב כרמית 55 גרם,כרמית תעשיות ממתקים בעמ,,,"י""ח",55,ל גרם,false,1,3.90,7.09,true,1,
7290018893258,false,צ'וקטה עוגות אישיות במילוי קרם קרמל ובציפוי בטעם שוקולד 300 גרם,פרדי קונדיטוריה אס.פ,,,"י""ח",300,ל גרם,false,1,14.90,4.97,false,1,
7290018893456,false,צ'וקטה עוגות אישיות במילוי קרם ובציפוי בטעם שוקולד 300 גרם,"פרדי קונדיטוריה אס,פי.אי",,,"י""ח",300,ל גרם,false,1,14.90,4.97,false,1,
7290018893487,false,צ`וקטה עוגות אישיות בטעם קוקוס 350 גרם,פרדי קונדטוריה אס פי,,,"י""ח",300,ל גרם,false,1,14.90,4.97,false,1,
7290018894019,false,עוגות אישיות במילוי קרם חלבי ובציפוי קרם קקאו,ש. שסטוביץ בע`מ,,,"י""ח",350,ל גרם,false,1,14.90,4.26,true,1,
7290018894071,false,צוקטה מארז סביבון לחנוכה 225ג,ש.שסטוביץ בעמ,,,"י""ח",225,ל גרם,false,1,16.90,7.51,false,1,
7290018894217,false,עוגות אישיות במילוי קרם קקאו ובציפוי קרם קקאו,ש. שסטוביץ בע`מ,,,"י""ח",350,ל גרם,false,1,14.90,4.26,true,1,
7290018921029,false,"ד""ר פישר - קמיל בלו מגבוני סנסיטיב 64 יח' * 4","פישר תעשיות פרמבצטיות בע""מ",,,"י""ח",4,"י""ח",false,1,21.90,5.48,true,1,
7290018925065,false,מיץ תפוזים סחוט פרימור (2 ליטר),שטראוס גרופ בעמ/מצונן,,,"י""ח",2,ליטר,false,1,26.90,13.30,false,1,
7290018925072,false,פרימור טרי מיץ לימונים עם נענע 2 ליטר,שטראוס גרופ בעמ/מצונן,,,"י""ח",2,ליטר,false,1,26.90,13.30,false,1,
7290018925089,false,"מיץ פרימור תפו""ע צלול סחוט 2 ליטר-",שטראוס גרופ בעמ/מצונן,,,"י""ח",2,ליטר,false,1,26.90,13.30,false,1,
7290018956007,false,תירס קלחים טרי ארוז,ביכורי השדה צפון 1994 ג.ד. בעמ,,,"ק""ג",1,"ק""ג",true,1,8.90,8.90,false,1,
7290019014386,false,"ניקוי והברקת רהיטי עץ פלירוסול 500 מ""ל טאצ",סאסאטק אגשח בעמ,,,"י""ח",500,"ל מ""ל",false,1,29.90,5.98,false,1,
7290019015185,false,דפיוזר בוהו(פרחים לבנים),מוסקו בעמ,,,"י""ח",1,,false,1,49.90,49.90,false,1,
7290019036234,false,שיני שום קלופות ארוז,ביכורי השדה צפון 1994 ג.ד. בעמ,,,"י""ח",1,,false,1,12.90,12.90,false,1,
7290019056027,false,שוופס מוגז פירות תפוחים ללא סוכר 1.5 ליטר פיקדון,יפאורה - שותפות מוגבלת לשיווק,,,"י""ח",1.50,ליטר,false,1,9.20,5.93,true,1,
7290019056034,false,שוופס מוגז פירות אננס ללא סוכר 1.5 ליטר פיקדון,יפאורה - שותפות מוגבלת לשיווק,,,"י""ח",1.50,ליטר,false,1,9.20,5.93,true,1,
7290019056041,false,שוופס מוגז פירות לימונייד ללא סוכר 1.5 ליטר פיקדון,יפאורה - שותפות מוגבלת לשיווק,,,"י""ח",1.50,ליטר,false,1,9.20,5.93,true,1,
7290019056058,false,שוופס מוגז עדין תפוח ליים 1.5 ליטר פיקדון,יפאורה - שותפות מוגבלת לשיווק,,,"י""ח",1.50,ליטר,false,1,8.60,5.53,true,1,
7290019056065,false,שוופס מוגז עדין פירות יער 1.5 ליטר פיקדון,יפאורה - שותפות מוגבלת לשיווק,,,"י""ח",1.50,ליטר,false,1,8.60,5.53,true,1,
7290019056072,false,שוופס מוגז עדין אננס 1.5 ליטר פיקדון,יפאורה - שותפות מוגבלת לשיווק,,,"י""ח",1.50,ליטר,false,1,8.60,5.53,true,1,
7290019056089,false,שוופס מוגז עדין ענבי ריזלינג 1.5 ליטר פיקדון,יפאורה - שותפות מוגבלת לשיווק,,,"י""ח",1.50,ליטר,false,1,8.60,5.53,true,1,
7290019056096,false,שוופס מוגז עדין אפרסק 1.5 ליטר פיקדון,יפאורה - שותפות מוגבלת לשיווק,,,"י""ח",1.50,ליטר,false,1,8.60,5.53,true,1,
7290019056164,false,שוופס סודה 1.5 ליטר רביעייה פיקדון,יפאורה - שותפות מוגבלת לשיווק,,,"י""ח",6,ליטר,false,1,12.90,1.95,true,1,
7290019056171,false,שוופס סודה לימון 1.5 ליטר רביעייה פיקדון,יפאורה - שותפות מוגבלת לשיווק,,,"י""ח",6,ליטר,false,1,12.90,1.95,true,1,
7290019056188,false,שוופס סודה נענע ליים 1.5 ליטר רביעייה פיקדון,יפאורה - שותפות מוגבלת לשיווק,,,"י""ח",6,ליטר,false,1,12.90,1.95,true,1,
7290019056201,false,שוופס סודה פירות יער 1.5 ליטר רביעייה פיקדון,יפאורה - שותפות מוגבלת לשיווק,,,"י""ח",6,ליטר,false,1,12.90,1.95,true,1,
7290019056232,false,משקה מוגז בטעם ליים מוחיטו 1.5 ל' שוופס,יפאורה - שותפות מוגבלת לשיווק,,,"י""ח",1.50,ליטר,false,1,8.60,5.53,true,1,
7290019056249,false,שוופס מים בטעמים ענבים 1.5 ליטר פיקדון,יפאורה - שותפות מוגבלת לשיווק,,,"י""ח",1.50,ליטר,false,1,8.80,5.67,true,1,
7290019056256,false,שוופס מים בטעמים תפוחים 1.5 ליטר פיקדון,יפאורה - שותפות מוגבלת לשיווק,,,"י""ח",1.50,ליטר,false,1,8.80,5.67,true,1,
7290019056263,false,שוופס מים בטעמים אפרסק 1.5 ליטר פיקדון,יפאורה - שותפות מוגבלת לשיווק,,,"י""ח",1.50,ליטר,false,1,8.80,5.67,true,1,
7290019056317,false,שוופס ראשן 1.5 ליטר פיקדון,יפאורה - שותפות מוגבלת לשיווק,,,"י""ח",1.50,ליטר,false,1,12.50,8.13,false,1,
7290019056324,false,שוופס טוניק 1.5 ליטר פיקדון,יפאורה - שותפות מוגבלת לשיווק,,,"י""ח",1.50,ליטר,false,1,12.50,8.13,false,1,
7290019056331,false,שוופס טוניק ללא סוכר 1.5 ליטר פיקדון,יפאורה - שותפות מוגבלת לשיווק,,,"י""ח",1.50,ליטר,false,1,11.90,7.73,false,1,
7290019056355,false,תפוזינה לימונדה מיקס לימונענע 1.5 ליטר,יפאורה - שותפות מוגבלת לשיווק,,,"י""ח",1.50,ליטר,false,1,9.20,5.93,true,1,
7290019056362,false,תפוזינה משקה קל ענבים 1.5 ליטר,יפאורה - שותפות מוגבלת לשיווק,,,"י""ח",1.50,ליטר,false,1,9.20,5.93,true,1,
7290019056386,false,משקה קל תפוזינה 1.5 ליטר אשכוליות,יפאורה - שותפות מוגבלת לשיווק,,,"י""ח",1.50,ליטר,false,1,9.20,5.93,true,1,
7290019056393,false,משקה קל תפוזינה 1.5 ליטר תות בננה,יפאורה - שותפות מוגבלת לשיווק,,,"י""ח",1.50,ליטר,false,1,9.20,5.93,true,1,
7290019056409,false,תפוזינה משקה קל מנגו עסיסי1.5ליטר,יפאורה - שותפות מוגבלת לשיווק,,,"י""ח",1.50,ליטר,false,1,9.20,5.93,true,1,
7290019056478,false,ספרינג טי קר אפרסק 1.5ליטר פיקדון,יפאורה - שותפות מוגבלת לשיווק,,,"י""ח",1.50,ליטר,false,1,7.50,4.80,true,1,
7290019056492,false,ספרינג תה מנגו אפרסק 1.5 ליטר פיקדון,יפאורה - שותפות מוגבלת לשיווק,,,"י""ח",1.50,ליטר,false,1,7.50,4.80,true,1,
7290019056508,false,פרוט ווטר ענבים 1.5 ליטר פיקדון,יפאורה - שותפות מוגבלת לשיווק,,,"י""ח",1.50,ליטר,false,1,8.80,5.67,true,1,
7290019056515,false,פרוט ווטר אננס 1.5 ליטר פיקדון,יפאורה - שותפות מוגבלת לשיווק,,,"י""ח",1.50,ליטר,false,1,8.80,5.67,true,1,
7290019056522,false,פרוט ווטר תות 1.5 ליטר פיקדון,יפאורה - שותפות מוגבלת לשיווק,,,"י""ח",1.50,ליטר,false,1,8.80,5.67,true,1,
7290019056539,false,פרוט ווטר אפרסק 1.5 ליטר פיקדון,יפאורה שותפות מוגבלת לשיווק,,,"י""ח",1.50,ליטר,false,1,8.80,5.67,true,1,
7290019056546,false,פרוט ווטר אבטיח 1.5 ליטר פיקדון,יפאורה - שותפות מוגבלת לשיווק,,,"י""ח",1.50,ליטר,false,1,8.80,5.67,true,1,
7290019056553,false,שישיית מים מינרלים עין גדי 2 ליטר,יפאורה - שותפות מוגבלת לשיווק,,,"י""ח",12,ליטר,false,1,13.70,0.99,false,1,
7290019056560,false,עין גדי מים מינרלים בקבוק 2 ליטר,יפאורה שותפות מוגבלת לשיווק,,,"י""ח",2,ליטר,false,1,4.50,2.10,false,1,
7290019056577,false,ספרינג קל מנגו 1.5 ליטר פיקדון,יפאורה - שותפות מוגבלת לשיווק,,,"י""ח",1.50,ליטר,false,1,9.10,5.87,true,1,
7290019056584,false,משקה קל תפוזים ספרינג 1.5 ליטר,יפאורה - שותפות מוגבלת לשיווק,,,"י""ח",1.50,ליטר,false,1,9.10,5.87,true,1,
7290019056591,false,משקה קל ענבים ספרינג 1.5 ליטר,יפאורה - שותפות מוגבלת לשיווק,,,"י""ח",1.50,ליטר,false,1,9.10,5.87,true,1,
7290019056607,false,משקה קל תפוחים ספרינג 1.5 ליטר,יפאורה - שותפות מוגבלת לשיווק,,,"י""ח",1.50,ליטר,false,1,9.10,5.87,true,1,
7290019056614,false,משקה קל ספרינג 1.5 ליטר אפרסק,יפאורה - שותפות מוגבלת לשיווק,,,"י""ח",1.50,ליטר,false,1,9.10,5.87,true,1,
7290019056621,false,משקה קל פירות טרופיים ספרינג 1.5 ליטר,יפאורה - שותפות מוגבלת לשיווק,,,"י""ח",1.50,ליטר,false,1,9.10,5.87,true,1,
7290019056638,false,משקה קל תות בננה ספרינג 1.5 ליטר,יפאורה - שותפות מוגבלת לשיווק,,,"י""ח",1.50,ליטר,false,1,9.10,5.87,true,1,
7290019056645,false,משקה קל ספרינג 1.5 ליטר אגס תפוח סברס,יפאורה - שותפות מוגבלת לשיווק,,,"י""ח",1.50,ליטר,false,1,9.10,5.87,true,1,
7290019056652,false,משקה קל ספרינג 1.5 ליטר אננס בננה,יפאורה - שותפות מוגבלת לשיווק,,,"י""ח",1.50,ליטר,false,1,9.10,5.87,true,1,
7290019056669,false,משקה קל תפוחים דיאט ספרינג 1.5 ליטר,יפאורה - שותפות מוגבלת לשיווק,,,"י""ח",1.50,ליטר,false,1,9.20,5.93,true,1,
7290019056676,false,משקה קל אשכולית אננס דיאט ספרינג 1.5 ליטר,יפאורה - שותפות מוגבלת לשיווק,,,"י""ח",1.50,ליטר,false,1,8.80,5.67,true,1,
7290019056744,false,קריסטל מיץ תפוזים 2 ליטר פיקדון,יפאורה - שותפות מוגבלת לשיווק,,,"י""ח",2,ליטר,false,1,7.80,3.75,true,1,
7290019056751,false,קריסטל מיץ אשכוליות דיאט 2 ליטר פיקדון,יפאורה - שותפות מוגבלת לשיווק,,,"י""ח",2,ליטר,false,1,7.80,3.75,true,1,
7290019056768,false,קריסטל משקה קל מנגו 2 ליטר פיקדון,יפאורה - שותפות מוגבלת לשיווק,,,"י""ח",2,ליטר,false,1,7.80,3.75,true,1,
7290019056799,false,משקה קל קריסטל (2 ליטר)מוגז אקזוטי,יפאורה - שותפות מוגבלת לשיווק,,,"י""ח",2,ליטר,false,1,7.80,3.75,true,1,
7290019056805,false,משקה קל קריסטל (2 ליטר)מוגז תפוחים,יפאורה - שותפות מוגבלת לשיווק,,,"י""ח",2,ליטר,false,1,7.80,3.75,true,1,
7290019056836,false,משקה קל קריסטל (2 ליטר)מוגז תות,יפאורה - שותפות מוגבלת לשיווק,,,"י""ח",2,ליטר,false,1,7.80,3.75,true,1,
7290019056843,false,משקה קל קריסטל (2 ליטר)מוגז קולה,יפאורה - שותפות מוגבלת לשיווק,,,"י""ח",2,ליטר,false,1,7.80,3.75,true,1,
7290019056850,false,ספרינג תה אפרסק דיאט 1.5 ליטר פיקדון,יפאורה - שותפות מוגבלת לשיווק,,,"י""ח",1.50,ליטר,false,1,7.50,4.80,true,1,
7290019056959,false,מי עדן בקבוק מתכווץ שקט 1.5 מ``ל,יפאורה - שותפות מוגבלת לשיווק,,,"י""ח",1.50,ליטר,false,1,5.50,3.47,false,1,
7290019056973,false,מי עדן שישיה בק `1.5ליטר פיקדון,יפאורה - שותפות מוגבלת לשיווק,,,"י""ח",9,ליטר,false,1,14.90,1.46,false,1,
7290019075103,false,קמיל בלו אקסטרה סופט שמפו לתינוק 1 ליטר,"פישר תעשיות פרמצביטות בע""מ",,,"י""ח",1,ליטר,false,1,32.90,32.90,false,1,
7290019075479,false,"ד""ר פישר - קמיל בלו קלאסיק שמפו לתינוק 1 ליטר","פישר תעשיות פרמבצטיות בע""מ",,,"י""ח",1,ליטר,false,1,32.90,32.90,true,1,
7290019094081,false,כרוב לבן שלם שמיטה שקיל,רביבים עלי דשא בעמ,,,"ק""ג",1,,true,1,3.90,3.90,false,1,
7290019145868,false,משקה כהלי מחנה יהודה לימון 250 מייל,פיירוואטר בעמ,,,"י""ח",250,"ל מ""ל",false,1,9.90,3.84,true,1,
7290019153078,false,שוופס ביטר למון 1.5 לייט ליטר פיקדון,יפאורה - שותפות מוגבלת לשיווק,,,"י""ח",1.50,ליטר,false,1,12.50,8.13,false,1,
7290019153221,false,שוופס סודה בטעם אננס 0.5 ליטר,יפאורה שותפות מוגבלת לשיווק,,,"י""ח",500,"ל מ""ל",false,1,4.50,0.84,true,1,
7290019153238,false,שוופס סודה בטעם תפוח 0.5 ליטר,יפאורה - שותפות מוגבלת לשיווק,,,"י""ח",500,"ל מ""ל",false,1,4.50,0.84,true,1,
7290019153252,false,שוופס סודה תפוח 1.5 ליטר רביעייה פיקדון,יפאורה - שותפות מוגבלת לשיווק,,,"י""ח",6,ליטר,false,1,12.90,1.95,true,1,
7290019153269,false,שוופס סודה אננס 1.5 ליטר רביעייה פיקדון,יפאורה - שותפות מוגבלת לשיווק,,,"י""ח",6,ליטר,false,1,12.90,1.95,true,1,
7290019153313,false,"משקהתפוח חמוציות אוכמניות 350 מ""ל פרות & ווג",יפאורה - שותפות מוגבלת לשיווק,,,"י""ח",350,"ל מ""ל",false,1,7.50,2.06,true,1,
7290019153344,false,משקה קל תפוזינה 1.5 ליטר סנגרייה,יפאורה - שותפות מוגבלת לשיווק,,,"י""ח",1.50,ליטר,false,1,9.20,5.93,true,1,
7290019167020,false,עוגת גבינה עם פירות יער לייט עדן קינוחים 82 גרם,"תנובה בע""מ ***",,,"י""ח",82,"ל מ""ל",false,1,6.90,8.41,false,1,
7290019167044,false,קצפת עם קרם בייגלה מתוק מלוח עדן קינוחים 82 גרם,תנובה בעמ ***,,,"י""ח",82,"ל מ""ל",false,1,6.90,8.41,false,1,
7290019204107,false,עוף טוב פסטרמה בטעם אווז 320 גרם,קבוצת אוסם סחר-שות.מוגבלת,,,"י""ח",320,ל גרם,false,1,29.90,9.34,true,1,
7290019204206,false,עוף טוב פסטרמה בסגנון רומני 320 גרם,קבוצת אוסם סחר-שות.מוגבלת,,,"י""ח",320,ל גרם,false,1,29.90,9.34,true,1,
7290019204305,false,חזה הודו פסטרמה ברביקיו 350 גר',קבוצת אוסם סחר שותפות מוגבלת,,,"י""ח",350,ל גרם,false,1,29.90,8.54,true,1,
7290019232193,false,תה ירוק לימונית ג'ינג'ר STAY WELL שקיקים 25 ויסוצקי,תה ויסוצקי (ישראל) בעמ,,,"י""ח",25,"י""ח",false,1,24.90,1,true,1,
7290019232353,false,תה ירוק סיני 50 שקיקים ויסוצקי,תה ויסוצקי (ישראל) בעמ,,,"י""ח",75,ל גרם,false,1,48.90,65.20,true,1,
7290019232803,false,הולגריין ביסקוויט+קרם חלב ושוקולד חלב 300 גרם רבנות,"אולקר ביסקווי סנאי, א.ס.",,,"י""ח",300,ל גרם,false,1,10.90,3.63,true,1,
7290019233039,false,רוטב עגבניות עם קוביות פלפלים ושמן זית 420ג' ויסוצקי,תה ויסוצקי (ישראל) בעמ,,,"י""ח",350,"ל מ""ל",false,1,13.90,3.97,true,1,
7290019297161,false,טורטיה ראפ מקמח תירס שקדיה 450 גרם,דין שיווק וקליה 2021 בעמ,,,"י""ח",540,ל גרם,false,1,8.90,1.65,false,1,
7290019297239,false,צימוק חום 250 גרם ששון הקולה,דין שיווק וקליה 2021 בעמ,,,"י""ח",250,ל גרם,false,1,13.90,5.56,false,1,
7290019297642,false,גרעין שחור קלוי ללא מלח ששון הקולה 150 ג',דין שיווק וקליה 2021 בעמ,,,"י""ח",150,ל גרם,false,1,6.90,4.60,false,1,
7290042051389,false,סט 3 כוסות שופ,פ.ר.ל דיירקט בעמ,,,"י""ח",1,"י""ח",false,1,9.90,9.90,true,1,
7290042051617,false,מארז חושן 50יח צלחת קטנה/ענקית שווה,ח.כהן סוכנות מזון ומשקאות בע,,,"י""ח",50,"י""ח",false,1,59.90,1.20,false,1,
7290042051716,false,מפיות גדולות במיוחד 50יח שווה,ח.כהן סוכנות מזון ומשקאות בע,,,"י""ח",50,"י""ח",false,1,10.90,0.22,true,1,
7290042051990,false,כוסות שתיה חמה גודל 8B שווה 40 יחידות,ח.כהן סוכנות מזון ומשקאות בע,,,"י""ח",1,,false,1,8.90,8.90,true,1,
7290055090702,false,"איגלו שלוקים בטעמי פטל, לימון וענבים 60 יח'",כרמית תעשיות ממתקים בעמ,,,"י""ח",120,ל גרם,false,1,14.90,12.42,true,1,
7290100240137,false,"תרסיס ריחני למייבש כחול בדין 500 מ""ל",יוניליוור ישראל שיווק בע`מ,,,"י""ח",500,"ל מ""ל",false,1,19.90,3.98,true,1,
7290100240144,false,"תרסיס ריחני למייבש ורוד בדין 500 מ""ל",יוניליוור ישראל שיווק בע`מ,,,"י""ח",500,"ל מ""ל",false,1,19.90,3.98,true,1,
7290100240632,false,קרקר פתית 200-300ג' 6 דגנים 250 גרם,יוניליוור ישראל שיווק בע`מ,,,"י""ח",250,ל גרם,false,1,18.70,7.48,false,1,
7290100240656,false,"פתית שיפון בד""צ חדש 300X24 גר'",יוניליוור ישראל שיווק בע`מ,,,"י""ח",300,ל גרם,false,1,18.70,6.23,false,1,
7290100243084,false,מיונז אמיתי הלמנס 789גרם,יוניליוור ישראל שיווק בע`מ,,,"י""ח",789,ל גרם,false,1,30.10,3.81,false,1,
7290100243671,false,"מרכך כביסה מרוכז אקסטרה כחול בדין 960 מ""ל",יוניליוור ישראל שיווק בע`מ,,,"י""ח",960,"ל מ""ל",false,1,17.90,1.86,true,1,
7290100249659,false,"רוטב לעוף צ'ילי מתוק ושום קנור 320 גרם בד""צ",יוניליוור ישראל שיווק בע`מ,,,"י""ח",320,ל גרם,false,1,11.90,3.72,true,1,
7290100412343,false,קוויק מטליות לחות 99.9% לניקוי כללי בריח לימון 50 יחידות,שקד תבל בע`מ,,,"י""ח",50,"י""ח",false,1,8.90,0.18,true,1,
7290100412466,false,מגבונים קוויק לניקוי וחיטוי רצפות בניחוח לימון 10 יח',שקד תבל בע`מ,,,"י""ח",10,"י""ח",false,1,11.90,1.19,true,1,
7290100680650,false,מנה חמה נודלס-אטריות ירקות טעם תאילנדי אסם 76 ג',קבוצת אוסם סחר שותפות מוגבלת,,,"י""ח",76,ל גרם,false,1,7.90,10.39,true,1,
7290100680667,false,מנה חמה נודלס בסגנון סצ`ואן אסם (76 גרם),קבוצת אוסם סחר שותפות מוגבלת,,,"י""ח",76,ל גרם,false,1,7.90,10.39,true,1,
7290100680711,false,פירורית זהב אסם זהב 350ג',קבוצת אוסם סחר שותפות מוגבלת,,,"י""ח",350,ל גרם,false,1,10.10,2.89,false,1,
7290100681503,false,עסיס סירופ לימונענע דיאטטי 1 ליטר,קבוצת אוסם סחר שותפות מוגבלת,,,"י""ח",1,ליטר,false,1,20.90,20.90,false,1,
7290100683880,false,פירה אסם ללא צורך בבישול 260 גרם,קבוצת אוסם סחר שותפות מוגבלת,,,"י""ח",260,ל גרם,false,1,17.10,6.58,false,1,
7290100685136,false,"אבקת מרק טעם עוף 1 ק""ג 1/8 אסם",קבוצת אוסם סחר שותפות מוגבלת,,,"י""ח",1,"ק""ג",false,1,14.90,14.90,false,1,
7290100685242,false,במבה מתוקה מחומרים טבעיים סרט 30 גרם,קבוצת אוסם סחר-שות.מוגבלת,,,"י""ח",30,ל גרם,false,1,3.10,10.33,false,1,
7290100685334,false,אבקת מרק עוף אמיתי בשרי רכיבים טבעיים אסם 400 גרם,קבוצת אוסם סחר שותפות מוגבלת,,,"י""ח",400,ל גרם,false,1,25.90,6.48,false,1,
7290100685341,false,אבקת מרק טעם עוף זך רכיבים טבעיים אסם 400 גרם,קבוצת אוסם סחר שותפות מוגבלת,,,"י""ח",400,ל גרם,false,1,17.30,4.33,false,1,
7290100686164,false,מארז מולטיפק ביסלי ברביקיו 6 יח 35 גר יח,קבוצת אוסם סחר שותפות מוגבלת,,,"י""ח",210,ל גרם,false,1,14.90,7.10,true,1,
7290100686171,false,מארז מולטיפק ביסלי גריל 6 יח 35 גר ליח,קבוצת אוסם סחר שותפות מוגבלת,,,"י""ח",210,ל גרם,false,1,15.90,7.57,true,1,
7290100689301,false,אבקת מרק בטעם עוף זך עדיף אסם 400 גרם,קבוצת אוסם סחר שותפות מוגבלת,,,"י""ח",400,ל גרם,false,1,17.40,4.35,false,1,
7290100700020,false,גריסי פנינה סוגת (500 גרם),האי נאם סי או אל.טי.,,,"י""ח",200,ל גרם,false,1,6.80,3.40,true,1,
7290100700075,false,פירורי לחם מוזהבים סוגת (200 גרם),"סוגת תעשיות בע""\מ",,,"י""ח",200,ל גרם,false,1,4.60,2.30,true,1,
7290100700157,false,"אורז סושי 1ק""ג סוגת",סוגת תעשיות בעמ,,,"י""ח",1,"ק""ג",false,1,14.80,14.80,false,1,
7290100700242,false,אורז מלא עגול סוגת (1 קג),"סוגת תעשיות בע""\מ",,,"י""ח",1,"ק""ג",false,1,9.90,9.90,false,1,
7290100700297,false,עדשים שחורות מנומרות סוגת 500 גרם,"סוגת תעשיות בע""מ",,,"י""ח",500,ל גרם,false,1,9.90,1.98,true,1,
7290100700372,false,"אורז בסגנון בסמטי מלא 1 ק""ג",האי נאם סי או אל.טי.,,,"י""ח",1,"ק""ג",false,1,14.90,14.90,false,1,
7290100700396,false,"סוגת אורז יסמין קלאסי 1 ק""ג",האי נאם סי או אל.טי.,,,"י""ח",1,"ק""ג",false,1,12.90,12.90,false,1,
7290100700587,false,בורגול סוגת (500 גרם),האי נאם סי או אל.טי.,,,"י""ח",500,ל גרם,false,1,6.80,1.36,true,1,
7290100701300,false,קינואה אדומה סוגת (500 גרם),"סוגת תעשיות בע""\מ",,,"י""ח",500,ל גרם,false,1,15.30,3.06,true,1,
7290100701454,false,בורגול דק גרישה סוגת (500 גרם),"סוגת תעשיות בע""\מ",,,"י""ח",500,ל גרם,false,1,5.90,1.18,true,1,
7290100702611,false,פתיתים אפויים אורז סוגת 500 גרם,"אסיף תעשיות מזון בע""\מ",,,"י""ח",500,ל גרם,false,1,5.90,1.18,true,1,
7290100702673,false,פתיתים אפויים 3 צבעים 400 גר גרם סוגת,"אסיף תעשיות מזון בע""",,,"י""ח",400,ל גרם,false,1,5.90,1.48,true,1,
7290100702994,false,סוכר דמררה קלאסי בשקית סוגת 500 גרם,"סוגת תעשיות בע""מ",,,"י""ח",500,ל גרם,false,1,6.70,1.34,false,1,
7290100703007,false,עדשים שחורות בלוגה סוגת (500 גרם),האי נאם סי או אל.טי.,,,"י""ח",500,ל גרם,false,1,9.90,1.98,true,1,
7290100703922,false,פופקורן להכנה במיקרוגל בטעם טבעי - מארז 6 שקיות,סוגת תעשיות בעמ,,,"י""ח",6,"י""ח",false,1,11.90,1.98,false,1,
7290100704516,false,חומוס מיני סוגת (500 גרם),"סוגת תעשיות בע""\מ",,,"י""ח",500,ל גרם,false,1,6.90,1.38,true,1,
7290100704684,false,"קמח שמרים כוסמין סוגת רב תכליתי 1 ק""ג סוגת",סוגת תעשיות בעמ,,,"י""ח",1,"ק""ג",false,1,19.90,19.90,false,1,
7290100850909,false,חטיף תירס נאצ`ו מקסיקני דוריטוס (70 גרם),"שטראוס פריטו ליי בע""\מ",,,"י""ח",70,ל גרם,false,1,4.50,6.43,true,1,
7290100850916,false,דוריטוס חמוץ חריף מעודן 70 גרם כשר לפסח,"שטראוס פריטו ליי בע""\מ )",,,"י""ח",70,ל גרם,false,1,4.50,6.43,true,1,
7290100850923,false,חטיף תירס גריל דוריטוס (70 גרם),"שטראוס פריטו ליי בע""\מ )",,,"י""ח",70,ל גרם,false,1,4.50,6.43,true,1,
7290100850930,false,חטיף תירס בטעם טבעי דוריטוס (70 גרם),"שטראוס פריטו ליי בע""\מ )",,,"י""ח",70,ל גרם,false,1,4.50,6.43,true,1,
7290100851968,false,מארז קפה נמס עלית זוגות,"שטראוס גרופ בע""מ",,,"י""ח",400,ל גרם,false,1,39.40,9.85,true,1,
7290100858592,false,אבקת קקאו עלית שקית 150 ג',הנסיך- מפעל לייצור ט,,,"י""ח",150,ל גרם,false,1,10.20,6.80,false,1,
7290100922637,false,"הוואי שלישיית סבון נוזלי מי קוקוס 500 מ""ל",הנקל סוד בע`מ,,,"י""ח",1.50,ליטר,false,1,19.90,13.27,true,1,
7290100926598,false,פרסיל א.כביסה סודה אקטיב 5קג,גורי שיווק בעמ,,,"י""ח",5,"ק""ג",false,1,50.90,10.18,false,1,
7290101110965,false,שלגון כוכב פלדמן,פלקו בעמ,,,"י""ח",1,,false,1,7.90,7.90,true,1,
7290101111764,false,חטיף קראש בוטנים וקרמל,פלקו בעמ חברה ישראלית,,,"י""ח",1,,false,1,8.90,8.90,true,1,
7290101112945,false,שלגון גרניטה תות פלדמן,פלקו בעמ חברה ישראלית,,,"י""ח",1,,false,1,3.90,3.90,false,1,
7290101113188,false,בול פגיעה תות ולימון חלבי פלדמן,פלקו בעמ,,,"י""ח",1,,false,1,6.90,6.90,true,1,
7290101113409,false,גלידה יופלה פריזי יוגורט תות מאגדת 400 ג',פלקו בעמ חברה ישראלית,,,"י""ח",1,,false,1,17.90,17.90,false,1,
7290101113430,false,מאגדת גלידל סירופ שוקולד פלדמן 6 יחידות,"פלקו בע""\מ, חברה ישראלית",,,"י""ח",1,,false,1,24.90,24.90,false,1,
7290101113812,false,מאגדת יופלה שייק פרי אננס קוקוס פלדמן 5 יחידות,פלקו בעמ חברה ישראלית,,,"י""ח",1,,false,1,12.90,12.90,false,1,
7290101113904,false,מארז מנבו וניל 12 יח' פלדמן,פלקו בעמ חברה ישראלית,,,"י""ח",12,"י""ח",false,1,25.90,2.16,false,1,
7290101113911,false,מארז מנבו מוקה 12 יח' פלדמן,פלקו בעמ חברה ישראלית,,,"י""ח",12,"י""ח",false,1,25.90,2.16,false,1,
7290101450900,false,נרות ג'מבו כוכבים ממ,שמחה זה אנחנו,,,"י""ח",1,,false,1,7,7,false,1,
7290101451075,false,נרות מפותלים,שמחה זה אנחנו,,,"י""ח",1,,false,1,4.50,4.50,false,1,
7290101455929,false,"בקבוק נירוסטה מעוצב 500מ""ל מיקי",שמחה זה אנחנו,,,"י""ח",1,,false,1,29.90,29.90,false,1,
7290101488286,false,"ליידי ספיד סטיק - דאודורנט ספריי לאישה 24/7 פרש פיוזן ורוד 150 מ""ל",ליידי ספיד סטיק Lady Speed Stick,,,"י""ח",1,,false,1,17.90,17.90,true,1,
7290101551027,false,קפסולות קפה אספרסו חזק במיוחד 14 עלית 10 יח',הנסיך- מפעל לייצור ט,,,"י""ח",50,ל גרם,false,1,19.90,39.80,true,1,
7290101551263,false,סילאן טבעי ללא תוספת סוכר,שטראוס גרופ בע`מ,,,"י""ח",700,ל גרם,false,1,22.90,3.27,true,1,
7290101551300,false,סילאן טבעי ללא תוספת סוכר בקבוק לחיץ,מכוורת יד מרדכי שטראוס ב,,,"י""ח",380,ל גרם,false,1,15.60,4.11,false,1,
7290101551539,false,יוגורט PRO בטעם אפרסק 0% 20 גרם חלבון בגביע,שטראוס גרופ בעמ/מצונן,,,"י""ח",20,"ל מ""ל",false,1,6.20,31,false,1,
7290101551584,false,תפוצ'יפס קידס מארז 10 יח' * 20 ג',"שטראוס פריטו ליי בע""מ )פ",,,"י""ח",10,"י""ח",false,1,14.90,1.49,false,1,
7290101551614,false,חטיף צ'יטוס קראנץ בטעם גבינה - מארז 8 יח',"שטראוס פריטו ליי בע""מ )פ",,,"י""ח",550,ל גרם,false,1,14.90,2.71,false,1,
7290101551638,false,חטיף צ'יטוס כאפה בטעם קטשופ - מארז 10 יח',"שטראוס פריטו ליי בע""מ )פ",,,"י""ח",10,"י""ח",false,1,14.90,1.49,true,1,
7290101821151,false,דבק מגע ע. הבית,עולם הבית שיווק והפצה בעמ,,,"י""ח",1,,false,1,4.90,4.90,false,1,
7290101825234,false,כפפות לטקס מידה L 100 יחידות בחבילה,ח.כהן סוכנות מזון ומשקאות בע,,,"י""ח",100,"י""ח",false,1,19.90,0.20,true,1,
7290101868958,false,פיניש נוזל הברקה למדיח בניחוח לימון,רקיט בנקיזר (ניר איסט) בעמ,,,"י""ח",800,"ל מ""ל",false,1,19.90,2.49,false,1,
7290101987994,false,נרות מטה לבבות,שמחה זה אנחנו,,,"י""ח",1,,false,1,7,7,false,1,
7290102003815,false,נרות ג`מבו מאויירים- הלו קיטי,שמחה זה אנחנו בעמ,,,"י""ח",1,,false,1,7,7,false,1,
7290102006403,false,זר יום הולדת לראש עם פרחים סגול 1 יחידה,שמחה זה אנחנו,,,"י""ח",1,,false,1,11,11,false,1,
7290102030330,false,תפוצ`יפס אקסטרא מקסיקני 200 גרם +20 תו,"שטראוס פריטו ליי בע""\מ )",,,"י""ח",200,ל גרם,false,1,12.20,6.10,true,1,
7290102031276,false,מארז 8 יחידות אקטימל משקה יוגורט בטעם תות בננה,שטראוס גרופ בעמ/מצונן,,,"י""ח",800,"ל מ""ל",false,1,22.70,2.84,false,1,
7290102032334,false,אבקה להכנת משקה קפה בטעם וניל,שטראוס קפה בי.וי,,,"י""ח",200,ל גרם,false,1,24.90,12.45,false,1,
7290102300815,false,"גבינת צ'דר אנגלית כתומה פרוס, 200 גרם",א. סיימן סחר בעמ,,,"י""ח",200,ל גרם,false,1,28.90,14.45,true,1,
7290102302246,false,גבינת גאודה הולנדית 200 גרם,מיוצר עי קונדיטוריית,,,"י""ח",200,ל גרם,false,1,27.90,13.95,true,1,
7290102303977,false,גוש טונה בשמן זית רוברט 140 גרם,קונסרבס פורטוגל נורטה,,,"י""ח",140,ל גרם,false,1,11.90,8.50,true,1,
7290102390427,false,יוגורט ביו עם קציפת תות 3% שומן 150 ג' מולר,החברה המרכזית טלהפצת משקאות בע,,,"י""ח",150,"ל מ""ל",false,1,5.30,3.53,true,1,
7290102390465,false,יוגורט ביו עם קציפת אפרסק ופסיפלורה 3% שומן 150 ג' מולר,החברה המרכזית טלהפצת משקאות בע,,,"י""ח",150,"ל מ""ל",false,1,5.30,3.53,true,1,
7290102390489,false,יוגורט ביו עם קציפת לימון 3% שומן 150 ג' מולר,החברה המרכזית טלהפצת משקאות בע,,,"י""ח",150,"ל מ""ל",false,1,5.30,3.53,true,1,
7290102391844,false,יוגורט ביו עם קציפת פירות יער3% שומן 150 ג' מולר,החברה המרכזית טלהפצת משקאות בע,,,"י""ח",150,"ל מ""ל",false,1,5.30,3.53,true,1,
7290102392094,false,חלב עיזים 3.7% בקרטון משק צוריאל 1 ליטר,החברה המרכזית טלהפצת משקאות בע,,,"י""ח",1,ליטר,false,1,15.90,15.90,false,1,
7290102392728,false,מולר ביאנקו נטורל יוגורט טבעי 2.8%,*החברה המרכזית להפצת משקאותבעמ,,,"י""ח",200,ל גרם,false,1,4.30,2.15,true,1,
7290102393060,false,"יוגורט ביו קרמי מיקס גלילי ופל ואגוזים 5.9% מולר 170 מ""ל",*החברה המרכזית להפצת משקאותבעמ,,,"י""ח",500,ל גרם,false,1,6.10,1.22,true,1,
7290102393169,false,"יוגורט סימפלי פרוט בטעם תות 3% מולר 150 מ""ל",*החברה המרכזית להפצת משקאותבעמ,,,"י""ח",150,"ל מ""ל",false,1,5.30,3.53,true,1,
7290102393176,false,סימפלי פרוט יוגורט אפרסק 3% שומן 150 ג' מולר,*החברה המרכזית להפצת משקאותבעמ,,,"י""ח",150,"ל מ""ל",false,1,5.30,3.53,true,1,
7290102393190,false,"יוגורט סימפלי פרוט בטעם פירות יער 3% מולר 150 מ""ל",*החברה המרכזית להפצת משקאותבעמ,,,"י""ח",150,"ל מ""ל",false,1,5.30,3.53,true,1,
7290102393268,false,"גבינה לבנה 5% שומן, רכיבים טבעיים 750 גרם",*החברה המרכזית להפצת משקאותבעמ,,,"י""ח",750,ל גרם,false,1,14.94,1.99,true,1,
7290102393299,false,יוגורט עיזים לשתייה 3% משק צוריאל 500 גרם,*החברה המרכזית להפצת משקאותבעמ,,,"י""ח",500,"ל מ""ל",false,1,12.60,2.52,false,1,
7290102393718,false,גבינת חלומי מחלב בקר 28% משק צוריאל 200 גרם,החברה המרכזית טלהפצת משקאות בע,,,"י""ח",200,ל גרם,false,1,21.90,10.95,true,1,
7290102393848,false,יוגורט עיזים 2.4% עם תות משק צוריאל 150 גרם,*החברה המרכזית להפצת משקאותבעמ,,,"י""ח",140,"ל מ""ל",false,1,6.30,4.50,false,1,
7290102393855,false,יוגורט עיזים 2.5% עם אפרסק משק צוריאל 150 גרם,*החברה המרכזית להפצת משקאותבעמ,,,"י""ח",140,"ל מ""ל",false,1,6,4.29,false,1,
7290102393947,false,סימפלי פרוט יוגורט בטעם קיווי 3% שומן 150 ג' מולר,*החברה המרכזית להפצת משקאותבעמ,,,"י""ח",150,"ל מ""ל",false,1,5.30,3.53,true,1,
7290102394081,false,"יוגורט ביו קרמי מיקס קורנפלקס מצופה שוקולד מולר 170 מ""ל",*החברה המרכזית להפצת משקאותבעמ,,,"י""ח",500,ל גרם,false,1,6.10,1.22,true,1,
7290102394258,false,גליל גבינת עיזים מה עז 9% משק צוריאל 180 גרם,*החברה המרכזית להפצת משקאותבעמ,,,"י""ח",180,ל גרם,false,1,24.90,13.83,false,1,
7290102394821,false,גבינה צהובה 28% דק דק לפתיחה חוזרת 200,החברה המרכזית טלהפצת משקאות בע,,,"י""ח",200,ל גרם,false,1,16,8,true,1,
7290102394845,false,נעם גבינה צהובה לייט פרוסה דק דק 9% טרה 200 גרם,החברה המרכזית טלהפצת משקאות בע,,,"י""ח",200,ל גרם,false,1,17.30,8.65,true,1,
7290102395101,false,ממרח גבינה ושוקולד מוו טרה 200 גרם,החברה המרכזית טלהפצת משקאות בע,,,"י""ח",227,ל גרם,false,1,11.90,5.24,false,1,
7290102395224,false,שמיניית יוגורט ביו ביאנקו 1.7% מולר 150 גרם,החברה המרכזית טלהפצת משקאות בע,,,"י""ח",900,ל גרם,false,1,18.30,2.03,false,1,
7290102395231,false,שמיניית יוגורט ביו ביאנקו 2.8% מולר 150 גרם,*החברה המרכזית להפצת משקאותבעמ,,,"י""ח",900,ל גרם,false,1,18.30,2.03,false,1,
7290102395262,false,מארז 8 גביעים יוגורט בטעם תות שדה ואפרסק 3% Simply Fruit,החברה המרכזית טלהפצת משקאות בע,,,"י""ח",150,"ל מ""ל",false,1,30.90,20.60,false,1,
7290102395378,false,נעם גבינה צהובה פרוסה ואקום 28% טרה 360 גרם,*החברה המרכזית להפצת משקאותבעמ,,,"י""ח",360,ל גרם,false,1,20.90,5.81,false,1,
7290102395439,false,מארז 8 גביעים יוגורט בטעם פירות יער וקיווי 3% Simply Fruit,החברה המרכזית טלהפצת משקאות בע,,,"י""ח",150,"ל מ""ל",false,1,30.90,20.60,false,1,
7290102395446,false,מעדן חלב בטעם וניל עם קצפת 123 ג' טרה,*החברה המרכזית להפצת משקאותבעמ,,,"י""ח",250,ל גרם,false,1,3,1.20,false,1,
7290102395477,false,מעדן חלב בטעם שוקולד עם קצפת 123 ג' טרה,החברה המרכזית טלהפצת משקאות בע,,,"י""ח",250,ל גרם,false,1,3,1.20,false,1,
7290102395521,false,"שמנת לבישול 15% שומן 500 מ""ל טרה",החברה המרכזית טלהפצת משקאות בע,,,"י""ח",500,"ל מ""ל",false,1,15.90,3.18,true,1,
7290102396399,false,שמיניית מעדן שוקולד מוו 1.5% טרה 100 גרם,החברה המרכזית טלהפצת משקאות בע,,,"י""ח",800,ל גרם,false,1,14.20,1.78,false,1,
7290102396405,false,שמיניית מעדן וניל מוו 1.5% טרה 100 גרם,החברה המרכזית טלהפצת משקאות בע,,,"י""ח",800,ל גרם,false,1,14.20,1.78,false,1,
7290102396436,false,מעדן בטעם שוקולד 1.5% שומן מוו (125 גרם),החברה המרכזית טלהפצת משקאות בע,,,"י""ח",250,ל גרם,false,1,3,1.20,true,1,
7290102396443,false,מעדן בטעם וניל 1.5% שומן מוו (125 גרם),*החברה המרכזית להפצת משקאותבעמ,,,"י""ח",250,ל גרם,false,1,3,1.20,true,1,
7290102396580,false,מעדן מוו שוקולד ומוס שוקולד טרה 118 גרם,החברה המרכזית טלהפצת משקאות בע,,,"י""ח",123,ל גרם,false,1,3,2.44,false,1,
7290102396597,false,מעדן מוו וניל ומוס שוקולד טרה 118 גרם,החברה המרכזית טלהפצת משקאות בע,,,"י""ח",123,ל גרם,false,1,3,2.44,false,1,
7290102396665,false,צהובה פרוסות דקדק פתח סגור 15% 200 גר`,החברה המרכזית טלהפצת משקאות בע,,,"י""ח",200,ל גרם,false,1,16.10,8.05,true,1,
7290102396719,false,יוגורט 0% תות סימפלי מולר (150 גרם),החברה המרכזית טלהפצת משקאות בע,,,"י""ח",150,"ל מ""ל",false,1,5.30,3.53,true,1,
7290102396726,false,יוגורט 0% אפרסק סימפלי מולר (150 גרם),*החברה המרכזית להפצת משקאותבעמ,,,"י""ח",150,"ל מ""ל",false,1,5.30,3.53,true,1,
7290102397204,false,"גבנ""צ דק דק נעם פתיחה חוזרת 22% 200 גרם",*החברה המרכזית להפצת משקאותבעמ,,,"י""ח",200,ל גרם,false,1,16,8,true,1,
7290102397310,false,מעדן מיני בטעם שוקולד קצפת מוו מאגדת 8 יח' * 70 ג',החברה המרכזית טלהפצת משקאות בע,,,"י""ח",250,ל גרם,false,1,13.90,5.56,false,1,
7290102397334,false,גבינה בולגרית גלילית 5% משק צוריאל 250 גרם,החברה המרכזית טלהפצת משקאות בע,,,"י""ח",250,ל גרם,false,1,22.10,8.84,false,1,
7290102397464,false,יוגורט ביו בתוספת גרעינים אגוזים וחמוציות 170 ג' מולר,החברה המרכזית טלהפצת משקאות בע,,,"י""ח",170,ל גרם,false,1,6.10,3.59,true,1,
7290102397600,false,מיקס יוגורט בתוספת שקדים ובוטנים מקורמלים 170 ג' מולר,החברה המרכזית טלהפצת משקאות בע,,,"י""ח",170,ל גרם,false,1,6.10,3.59,true,1,
7290102397617,false,יוגורט ביו קרמי עם כדורים מצופים שוקולד חום לבן,החברה המרכזית טלהפצת משקאות בע,,,"י""ח",500,ל גרם,false,1,6.10,1.22,true,1,
7290102397679,false,קוטג' וחצי טרה 5% מרכיבים טבעיים,החברה המרכזית טלהפצת משקאות בע,,,"י""ח",350,ל גרם,false,1,7.90,2.26,false,1,
7290102397730,false,פרוסות גבינה אמנטל חצי קשה 30% שומן 200 ג' נעם,החברה המרכזית טלהפצת משקאות בע,,,"י""ח",200,ל גרם,false,1,17.90,8.95,true,1,
7290102397747,false,פרוסות גבינת מוצרלה נעם מחלב בקר 22%,החברה המרכזית טלהפצת משקאות בע,,,"י""ח",200,ל גרם,false,1,18.90,9.45,true,1,
7290102397891,false,גבינה ניו יורק מותכת %16 4*25 גרם,החברה המרכזית טלהפצת משקאות בע,,,"י""ח",100,"ל מ""ל",false,1,7.60,7.60,false,1,
7290102398065,false,חלב טרה בקרטון 2 ליטר מהדרין 3% - מוצר בפיקוח,החברה המרכזית טלהפצת משקאות בע,,,"י""ח",2,ליטר,false,1,12.46,6.23,false,1,
7290102398072,false,"חלב קרטון 3%-1 ליטר "" טרה"" -מוצר פיקוח",החברה המרכזית טלהפצת משקאות בע,,,"י""ח",1,ליטר,false,1,6.23,6.23,false,1,
7290102398331,false,חלב מועשר דל לקטוז 2% שומן טרה 1 ליטר,החברה המרכזית טלהפצת משקאות בע,,,"י""ח",1,ליטר,false,1,7.70,7.70,false,1,
7290102398553,false,משקה שוקו בקבוק 1.5 ליטר בבקבוק,*החברה המרכזית להפצת משקאותבעמ,,,"י""ח",1.50,ליטר,false,1,17.40,11.60,false,1,
7290102398560,false,משקה שוקו מועשר בבקבוק 1 ליטר טרה,החברה המרכזית טלהפצת משקאות בע,,,"י""ח",1,ליטר,false,1,12.20,12.20,false,1,
7290102398577,false,משקה חלב בטעם שוקו 2% בבקבוק אישי,החברה המרכזית טלהפצת משקאות בע,,,"י""ח",250,"ל מ""ל",false,1,5.70,2.28,true,1,
7290102398614,false,משקה חלב טרה ט. בננה 1ליטר בקבוק,החברה המרכזית טלהפצת משקאות בע,,,"י""ח",1,ליטר,false,1,12.20,12.20,false,1,
7290102398638,false,משקה חלב טרה ט.מוקה 1ליטר בקבוק,החברה המרכזית טלהפצת משקאות בע,,,"י""ח",1,ליטר,false,1,12.20,12.20,false,1,
7290102398669,false,משקה חלב אייס קפוצ'ינו טרה 1 ליטר,החברה המרכזית טלהפצת משקאות בע,,,"י""ח",1,ליטר,false,1,12.20,12.20,false,1,
7290102398782,false,.משקה סויה קלאסי 1ל בקבוק משק צוריא,החברה המרכזית טלהפצת משקאות בע,,,"י""ח",1,ליטר,false,1,11.90,11.90,false,1,
7290102399048,false,פרוסות גבינת קשקבל נעם 200 ג' טרה,*החברה המרכזית להפצת משקאותבעמ,,,"י""ח",200,ל גרם,false,1,22.30,11.15,true,1,
7290102399635,false,"מולר פרופ יוגורט ביו עם קציפת קוקוס ואננס 150 מ""ל",החברה המרכזית טלהפצת משקאות בע,,,"י""ח",150,ל גרם,false,1,5.30,3.53,true,1,
7290102399772,false,מולר ספרדבל-ממרח חמאת מולר במליחות עדינה 250 גרם,החברה המרכזית טלהפצת משקאות בע,,,"י""ח",250,ל גרם,false,1,16.90,6.76,true,1,
7290102399802,false,יוגורט עם תות מולר אקטיב מועשר בחלבון 200 גר',החברה המרכזית טלהפצת משקאות בע,,,"י""ח",200,"ל מ""ל",false,1,6.20,3.10,true,1,
7290103153779,false,מכסה לתבנית R31 לפיד 1/10,נטו מלינדה סחר בעמ,,,"י""ח",10,"י""ח",false,1,7.90,0.79,false,1,
7290103153786,false,מכסה לתבנית R2 בינוני 15 יח`,פאלאס תעשיות נטו (2014) בעמ,,,"י""ח",10,"י""ח",false,1,7.90,0.79,false,1,
7290103153793,false,מכסה לתבנית R29 לפיד 1/20,נטו מלינדה סחר בעמ,,,"י""ח",20,"י""ח",false,1,7.90,0.40,false,1,
7290103155582,false,מכסה לתבנית R64 לפיד 1/15,נטו מלינדה סחר בעמ,,,"י""ח",15,"י""ח",false,1,7.90,0.53,false,1,
7290103401429,false,קפה קצב ברזילאי אוריגינס 200 גר,הנסיך- מפעל לייצור ט,,,"י""ח",200,ל גרם,false,1,28.80,14.40,true,1,
7290103404758,false,סלט כרוב אדום במיונז אחלה 120 גרם,שטראוס גרופ בעמ/מצונן,,,"י""ח",120,ל גרם,false,1,5.40,4.50,false,1,
7290103681197,false,"יין הר שיראז מיתוג תנשמת 750 מ""ל",החברה המרכזית טלהפצת משקאות בע,,,"י""ח",750,"ל מ""ל",false,1,37.90,5.01,false,1,
7290103700034,false,טאצ' מטליות בגליל שניב,שניב תעשיות נייר בעמ,,,"י""ח",1,,false,1,18.90,18.90,false,1,
7290103700324,false,שאפו זוג שקיות אוכל מתכלות בקרטון 300יח',שניב תעשיות נייר בעמ,,,"י""ח",150,"י""ח",false,1,11.90,0.08,false,1,
7290103700331,false,טאצ שקיות אוכל רב תכליתיות 250 יחידות,שניב תעשיות נייר בעמ,,,"י""ח",250,"י""ח",false,1,13.90,0.06,false,1,
7290103700386,false,טאצ כריות יפניות מארז שישיה,שניב תעשיות נייר בעמ,,,"י""ח",1,,false,1,10.90,10.90,true,1,
7290103700393,false,טאצ' כריות יפניות עבות עם תעלות 4 יח',שניב תעשיות נייר בעמ,,,"י""ח",1,,false,1,9.90,9.90,true,1,
7290103701017,false,נייר אפיה נשלף טאצ 50 יחידות כשלפ,שניב תעשיות נייר בעמ,,,"י""ח",10,"י""ח",false,1,9.90,0.99,true,1,
7290103701079,false,טאצ כוס קרטון 10 oz,שניב תעשיות נייר בעמ,,,"י""ח",1,,false,1,14.90,14.90,false,1,
7290103701086,false,כוסות טאצ קרטון 12 א,שניב תעשיות נייר בעמ,,,"י""ח",1,,false,1,18.90,18.90,false,1,
7290103702243,false,טאצ' אשפתון עבה וחזק 25 יח' שטוח עם ידיות,שניב תעשיות נייר בעמ,,,"י""ח",50,"י""ח",false,1,19.90,0.40,true,1,
7290103702540,false,נייר טואלט מהדרות כדור פורח 30 גלילים טאצ',שניב תעשיות נייר בעמ,,,"י""ח",30,"י""ח",false,1,26.90,0.90,true,1,
7290103703219,false,דלי מטליות לחות לניקוי כללי בניחוח לימון טאצ',סאסאטק אגשח בעמ,,,"י""ח",7,"י""ח",false,1,21.90,3.13,true,1,
7290103703233,false,מטליות לחות לניקוי כללי דלי תפוח טאצ.,סאסאטק אגשח בעמ,,,"י""ח",1,"י""ח",false,1,19.90,19.90,true,1,
7290103703370,false,טאצ מגבוני טואלט לחים מארז שלישייה,שניב תעשיות נייר בעמ,,,"י""ח",3,"י""ח",false,1,14.90,4.97,true,1,
7290103703578,false,נייר טואלט לוולי תלת שכבתי 32 גלילים,שניב תעשיות נייר בעמ,,,"י""ח",32,"י""ח",false,1,41.90,1.31,false,1,
7290103703738,false,טאצ מפות עבות במיוחד 45מטר בגליל.,שניב תעשיות נייר בעמ,,,"י""ח",45,מטר,false,1,32.90,0.73,false,1,
7290103704186,false,מגבות מטבח כפול טאצ`מהדורת 2021 6 יחידות,שניב תעשיות נייר בעמ,,,"י""ח",6,"י""ח",false,1,22.90,3.82,true,1,
7290103704674,false,רדיד אלומיניום קומפקט 16 50 מ' טאצ',שניב תעשיות נייר בעמ,,,"י""ח",1,,false,1,34.90,34.90,false,1,
7290103704766,false,נייר טואלט 24 גליל כפול מהדורת פרח סגול,"שניב תעשיות נייר בע""\מ",,,"י""ח",883,מטר,false,1,42.90,0.05,true,1,
7290103746001,false,ממחטות טאצ`חמישייה צבעוני 500 דף,שניב תעשיות נייר בעמ,,,"י""ח",1,,false,1,13.90,13.90,true,1,
7290104005176,false,חגורות גברים,ביג מול בעמ,,,"י""ח",1,,false,1,19.90,19.90,false,1,
7290104061417,false,סלט חומוס עם טחינה אחלה 400 גרם,שטראוס גרופ בעמ/מצונן,,,"י""ח",400,ל גרם,false,1,11.90,2.98,false,1,
7290104061424,false,סלט חומוס עם זעתר אחלה 400 גרם,שטראוס גרופ בעמ/מצונן,,,"י""ח",400,ל גרם,false,1,11.90,2.98,false,1,
7290104061431,false,סלט חומוס עם צנובר אחלה 400 גרם,שטראוס גרופ בעמ/מצונן,,,"י""ח",400,ל גרם,false,1,11.90,2.98,false,1,
7290104061448,false,סלט חומוס עם חריף אחלה 400 גרם,שטראוס גרופ בעמ/מצונן,,,"י""ח",400,ל גרם,false,1,11.90,2.98,false,1,
7290104062599,false,מארז 8 יחידות מעדן גמדים בטעמי תות ובננה,שטראוס גרופ בעמ/מצונן,,,"י""ח",800,ל גרם,false,1,18.90,2.36,false,1,
7290104064012,false,חטיף פסק זמן GOOD שוקולד לבן גוד 36 גרם,שולן צ'יקולטה גידה ס,,,"י""ח",36,ל גרם,false,1,5.90,16.39,false,1,
7290104065187,false,אבקה להכנת משקה קפה בטעם מוקה,שטראוס גרופ בע`מ,,,"י""ח",200,ל גרם,false,1,24.90,12.45,false,1,
7290104066566,false,סלט טחינה שומשום מלא 500גר אחלה,שטראוס גרופ בעמ/מצונן,,,"י""ח",500,ל גרם,false,1,14.90,2.98,true,1,
7290104067693,false,חומוס אחלה עם תוספת חריף 150 גר,שטראוס גרופ בעמ/מצונן,,,"י""ח",150,ל גרם,false,1,5.80,3.87,false,1,
7290104068539,false,מאסט פליפטופ מלון ואבטיח ללא גרעינים,שטראוס גרופ בע`מ,,,"י""ח",28,ל גרם,false,1,4.60,16.43,false,1,
7290104500572,false,אפרופו חטיף תירס איטליאנו אסם 50 גרם,קבוצת אוסם סחר-שות.מוגבלת,,,"י""ח",50,ל גרם,false,1,5.80,11.60,true,1,
7290104501661,false,אינסטנט פודינג בטעם וניל צרפתי אסם 80 גרם,קבוצת אוסם סחר-שות.מוגבלת,,,"י""ח",110,ל גרם,false,1,6.90,6.27,true,1,
7290104504228,false,מיני דובונים אסם 100 גרם מארז 5 יחידות,קבוצת אוסם סחר-שות.מוגבלת,,,"י""ח",100,ל גרם,false,1,15.30,15.30,true,1,
7290104508189,false,אסם 24 גביעי גלידה ממותקים 95 גרם,קבוצת אוסם סחר שותפות מוגבלת,,,"י""ח",24,"י""ח",false,1,14.10,0.59,false,1,
7290104508943,false,במבה חטיף בוטנים אסם 200 גרם,קבוצת אוסם סחר-שות.מוגבלת,,,"י""ח",200,ל גרם,false,1,10.60,5.30,true,1,
7290104721533,false,רצועות פלפלים קלויים אחלה (400 גרם),שטראוס גרופ בעמ/מצונן,,,"י""ח",400,ל גרם,false,1,14.90,3.73,true,1,
7290104721762,false,מארז שלשות קפה טורקי עלית 85 ג',שטראוס גרופ בע`מ,,,"י""ח",1,"י""ח",false,1,24.80,24.80,false,1,
7290104722530,false,תפוצ'יפס בטעם שמנת בצל עלית 200 גרם,"שטראוס פריטו ליי בע""\מ )",,,"י""ח",200,ל גרם,false,1,12.20,6.10,true,1,
7290104726712,false,מארז 8 יחידות מעדן מילקי בטעם שוקולד עם קצפת,שטראוס גרופ בעמ/מצונן,,,"י""ח",868,"ל מ""ל",false,1,21.20,2.44,false,1,
7290104728310,false,"שמנת מתוקה עמידה 38% שומן ""יטבתה"" -מוצר בפיקוח",שטראוס גרופ בעמ/מצונן,,,"י""ח",250,"ל מ""ל",false,1,6.47,2.59,true,1,
7290104729003,false,שמן זית כתית יד מרדכי 750 גרם [מוצר מדבקה],מכוורת יד מרדכי שטרא,,,"י""ח",750,"ל מ""ל",false,1,36.80,4.91,true,1,
7290104851988,false,מפות שולחן עבות 1.35*3 8יח`,פאלאס תעשיות נטו (2014) בעמ,,,"י""ח",8,"י""ח",false,1,6.90,0.86,false,1,
7290104859786,false,תבנית אלומניום בינונית R31 פאלאס 7 יח,פאלאס תעשיות נטו (2014) בעמ,,,"י""ח",1,,false,1,12.90,12.90,false,1,
7290104859793,false,תבנית אלומניום ענק R99 פאלאס 4 יח,פאלאס תעשיות נטו (2014) בעמ,,,"י""ח",1,,false,1,12.90,12.90,false,1,
7290104859809,false,תבנית אלומניום אינגליש R88 פאלאס 14 יח,פאלאס תעשיות נטו (2014) בעמ,,,"י""ח",1,,false,1,12.90,12.90,false,1,
7290104859816,false,תבנית אלומניום בינונית R2 פאלאס 7 יח,פאלאס תעשיות נטו (2014) בעמ,,,"י""ח",1,,false,1,12.90,12.90,false,1,
7290104859823,false,תבנית אלומניום עמוקה R64 פאלאס 8 יח,פאלאס תעשיות נטו (2014) בעמ,,,"י""ח",1,,false,1,12.90,12.90,false,1,
7290104859830,false,תבנית אלומניום עגולה c10 פאלאס 8 יח,פאלאס תעשיות נטו (2014) בעמ,,,"י""ח",1,,false,1,12.90,12.90,false,1,
7290104961878,false,"שמפו לשיער קרטין אינטנס פורמולה 400 מ""ל נטורל",החברה הדרומית לשיווק בעמ,,,"י""ח",700,"ל מ""ל",false,1,29.90,4.27,false,1,
7290104961892,false,מסכת קרטין טהור לשיער שעבר החלקה או עיצוב בחום,החברה הדרומית לשיווק בעמ,,,"י""ח",700,"ל מ""ל",false,1,39.90,5.70,false,1,
7290105360878,false,תפוציפס טבעי 50 גרם מארז רביעייה,"שטראוס פריטו ליי בע""\מ )",,,"י""ח",200,ל גרם,false,1,11.90,5.95,false,1,
7290105362339,false,"שמנת לבישול 15% 250 מ""ל יטבתה מהדרין",שטראוס גרופ בעמ/מצונן,,,"י""ח",250,"ל מ""ל",false,1,8.60,3.44,true,1,
7290105363602,false,מקלות כיף כף קלאסי עלית (40 גרם),שולן צ'\יקולטה גידה סאן.,,,"י""ח",40,ל גרם,false,1,5.30,13.25,true,1,
7290105364289,false,מקלות כיף כף פצפוצים עלית 40 גרם,שולן צ'\יקולטה גידה סאן.,,,"י""ח",40,ל גרם,false,1,5.20,13,true,1,
7290105364302,false,"עלית חטיף שוקולד כיף כף מקלות אגוזים, 40 גרם",שולן צ'\יקולטה גידה סאן.,,,"י""ח",40,ל גרם,false,1,5.20,13,true,1,
7290105366023,false,סלט חצילים בטעם כבד אחלה 400 גרם,שטראוס גרופ בעמ/מצונן,,,"י""ח",400,ל גרם,false,1,14.90,3.73,true,1,
7290105366047,false,טחינה לבנה אחלה (400 גרם),שטראוס גרופ בעמ/מצונן,,,"י""ח",400,ל גרם,false,1,14.90,3.73,true,1,
7290105366993,false,סימפוניה גבינת שמנת פלפל שיפקה 5% שטראוס 200 גרם,שטראוס גרופ בעמ/מצונן,,,"י""ח",200,ל גרם,false,1,12,6,true,1,
7290105368331,false,מעדן מילקי בטעם תות עם קצפת,שטראוס גרופ בעמ/מצונן,,,"י""ח",130,"ל מ""ל",false,1,2.90,2.23,false,1,
7290105368904,false,"שמנת מתוקה להקצפה 32% שומן 250 מ""ל יוטבתה",שטראוס גרופ בעמ/מצונן,,,"י""ח",250,"ל מ""ל",false,1,7.80,3.12,true,1,
7290105368928,false,שמנת חמוצה יטבתה %9 200 מל גביע מהדרין,שטראוס גרופ בעמ/מצונן,,,"י""ח",200,"ל מ""ל",false,1,3.20,1.60,false,1,
7290105369130,false,סימפוניה גבינת שמנת בצל ירוק 5% שטראוס 200 גרם,שטראוס גרופ בעמ/מצונן,,,"י""ח",200,ל גרם,false,1,12,6,true,1,
7290105430441,false,פלמוליב ס.נוזלי סחלב שחור 750 מל משאבה,הנסיך- מפעל לייצור ט,,,"י""ח",750,"ל מ""ל",false,1,19.90,2.65,true,1,
7290105439505,false,מאסטר שף קרם בטעם מיונז לייט 479 גר כשלפ,רמיה סי.וי. הולנד,,,"י""ח",521,ל גרם,false,1,12.90,2.48,false,1,
7290105439581,false,מנה מאסטר שף חרדל דיזיון צרפתי 370 גר,רמיה סי.וי.הולנד,,,"י""ח",370,ל גרם,false,1,12.90,3.49,false,1,
7290105500151,false,וודקה פינלנדיה רגיל 700,"אלטיה קורפ, הלסינקי,",,,"י""ח",750,"ל מ""ל",false,1,69.90,9.28,true,1,
7290105691224,false,אסם חטיפי פריכונים טורטייה שום בצל 60 גרם,קבוצת אוסם סחר-שות.מוגבלת,,,"י""ח",60,ל גרם,false,1,9.20,15.33,false,1,
7290105691248,false,אסם חטיפי פריכונים טורטייה תירס 60 גרם,קבוצת אוסם סחר שותפות מוגבלת,,,"י""ח",60,ל גרם,false,1,9.40,15.67,false,1,
7290105691712,false,אסם עוגיות הפסקת קפה דגנים מלאים 230 גרם,קבוצת אוסם סחר שותפות מוגבלת,,,"י""ח",230,ל גרם,false,1,10.90,4.74,true,1,
7290105691934,false,קמח שמרים אסם 1 קילו,קבוצת אוסם סחר שותפות מוגבלת,,,"י""ח",1,"ק""ג",false,1,10.90,10.90,false,1,
7290105693341,false,מארז עשיריית במבה אסם 25*10 גרם,קבוצת אוסם סחר שותפות מוגבלת,,,"י""ח",250,ל גרם,false,1,16.90,6.76,true,1,
7290105693457,false,עוגת הבית דמקה שוקו וניל 320 גר`בחושות,קבוצת אוסם סחר שותפות מוגבלת,,,"י""ח",400,ל גרם,false,1,14.10,3.53,false,1,
7290105694614,false,פסטה אוסם ספגטי מהיר הכנה 500 גרם,קבוצת אוסם סחר שותפות מוגבלת,,,"י""ח",500,ל גרם,false,1,6.90,1.38,true,1,
7290105695321,false,עוגת הבית בראוניס פאדג' אסם 380 גרם,קבוצת אוסם סחר שותפות מוגבלת,,,"י""ח",380,ל גרם,false,1,18.90,4.97,false,1,
7290105964564,false,חומוס אחלה 400 גרם. שטראוס,שטראוס גרופ בעמ/מצונן,,,"י""ח",400,ל גרם,false,1,9.50,2.38,false,1,
7290105965738,false,יוגורט לשתיה בטעם תות בננה267 ג' דנונה,שטראוס גרופ בעמ/מצונן,,,"י""ח",267,ל גרם,false,1,5.30,1.99,false,1,
7290105966469,false,חומץ בלסמי ממודנה יד מרדכי (250 מל),אצטייה ג'וזפה קרמוני,,,"י""ח",250,"ל מ""ל",false,1,16.80,6.72,false,1,
7290105968098,false,סלט קולסלאו אחלה (500 גרם),שטראוס גרופ בעמ/מצונן,,,"י""ח",500,ל גרם,false,1,14.90,2.98,true,1,
7290105968654,false,רביולי עם בטטה פרווה שטראוס (400 גרם),שטראוס גרופ בעמ/מצונן,,,"י""ח",400,ל גרם,false,1,21.70,5.43,true,1,
7290106520066,false,"רבע לשבע שוקולד חלב במילוי אגוזים עלית 160 גרם בד""צ","הגביע מוצרי וופלים בע""\מ",,,"י""ח",160,ל גרם,false,1,12.90,8.06,false,1,
7290106520288,false,יוגורט פרו חלבון עם תות 2.4% שומן 150 ג' דנונה,שטראוס גרופ בעמ/מצונן,,,"י""ח",150,"ל מ""ל",false,1,4.90,3.27,true,1,
7290106520905,false,סלט טורקי אחלה (400 גרם),שטראוס גרופ בעמ/מצונן,,,"י""ח",400,ל גרם,false,1,14.90,3.73,true,1,
7290106520912,false,שמנת לבישול 9% שומן 258גר מהדרין יטבתה,שטראוס גרופ בעמ/מצונן,,,"י""ח",258,"ל מ""ל",false,1,8.60,3.33,true,1,
7290106521049,false,אחלה טעמי השוק קוביות סלק 400 גר,שטראוס גרופ בעמ/מצונן,,,"י""ח",500,ל גרם,false,1,14.90,2.98,true,1,
7290106521926,false,קפה טורקי בצלופן עלית 150 גרם,שטראוס קפה בי.ויn\.,,,"י""ח",150,ל גרם,false,1,13.90,9.27,true,1,
7290106524439,false,"תפוצ'יפס פופס 60 גרם ""עלית""","שטראוס פריטו ליי בע""\מ )",,,"י""ח",60,ל גרם,false,1,4.40,7.33,false,1,
7290106525368,false,גלילי וופל רבע לשבע אין סייד אוט 125 גר,"הגביע מוצרי וופלים בע""\מ",,,"י""ח",120,ל גרם,false,1,12.90,10.75,false,1,
7290106526822,false,פריכיות אורז חום מלא תחתית שוקולד חלב 80 גרם,"טחנת האבן תעשיות בע""",,,"י""ח",80,ל גרם,false,1,9,11.25,true,1,
7290106528567,false,חטיף תירס גריל דוריטוס (185 גרם),"שטראוס פריטו ליי בע""\מ )",,,"י""ח",185,ל גרם,false,1,9.90,5.35,false,1,
7290106528628,false,חטיף תירס בטעם טבעי דוריטוס (185 גרם),"שטראוס פריטו ליי בע""\מ )",,,"י""ח",185,ל גרם,false,1,7.90,4.27,false,1,
7290106571921,false,פיטנס עוגיות עם חמוציות נסטלה (180 גרם),קבוצת אוסם סחר שותפות מוגבלת,,,"י""ח",180,ל גרם,false,1,13.90,7.72,true,1,
7290106572065,false,חטיפי טורטיה בטעם חמוץ מתוק אסם (60 גרם),קבוצת אוסם סחר שותפות מוגבלת,,,"י""ח",60,ל גרם,false,1,10.30,17.17,false,1,
7290106572959,false,אפרופו חטיף קלאסי 5חי*25גר,קבוצת אוסם סחר שותפות מוגבלת,,,"י""ח",150,ל גרם,false,1,14.10,9.40,true,1,
7290106572997,false,קמח שמרים לפיצה ופוקצ`ה אסם 1 קג`,קבוצת אוסם סחר שותפות מוגבלת,,,"י""ח",1,"ק""ג",false,1,10.90,10.90,false,1,
7290106573314,false,חטיף קריספי בטעם כפרי 150 ג' אסם,קבוצת אוסם סחר שותפות מוגבלת,,,"י""ח",150,ל גרם,false,1,12.90,8.60,false,1,
7290106573598,false,חומוס לבנוני צבר (400 גרם),קבוצת אוסם סחר שותפות מוגבלת,,,"י""ח",400,ל גרם,false,1,13.90,3.48,true,1,
7290106573628,false,חומוס עם טחינה צבר (400 גרם),קבוצת אוסם סחר שותפות מוגבלת,,,"י""ח",400,ל גרם,false,1,13.90,3.48,true,1,
7290106574977,false,בייגלה שטוחים טבעות עם מלח אסם (300 גרם),קבוצת אוסם סחר שותפות מוגבלת,,,"י""ח",300,ל גרם,false,1,11.70,3.90,false,1,
7290106575257,false,עוגת הבית סופלה בטעם שוקולד 340 ג' אסם,קבוצת אוסם סחר שותפות מוגבלת,,,"י""ח",340,ל גרם,false,1,14.10,4.15,false,1,
7290106575431,false,עוגת הבית סופלה בטעם שוקוניל 340 ג' אסם,קבוצת אוסם סחר-שות.מוגבלת,,,"י""ח",340,ל גרם,false,1,14.10,4.15,false,1,
7290106576223,false,"אפרופו שוקולד 40 גרם ""אסם""",קבוצת אוסם סחר שותפות מוגבלת,,,"י""ח",50,ל גרם,false,1,5.80,11.60,true,1,
7290106576513,false,סלט רק חומוס צבר 400 גרם,קבוצת אוסם סחר שותפות מוגבלת,,,"י""ח",400,ל גרם,false,1,11.90,2.98,false,1,
7290106576537,false,חומוס מסעדות צבר 700 גרם,קבוצת אוסם סחר שותפות מוגבלת,,,"י""ח",700,ל גרם,false,1,12.70,1.81,false,1,
7290106576834,false,גלידה לה קרמריה פונטש בננה1.4 ל' נסטלה,נגה גלידות שותפות מוגבלת,,,"י""ח",1.40,ליטר,false,1,19.90,14.21,false,1,
7290106576919,false,"לה קרמריה סורבה תות לימו 1.4 ליטר כשל""פ",נגה גלידות שותפות מוגבלת,,,"י""ח",1.40,ליטר,false,1,19.90,14.21,false,1,
7290106576957,false,"לה קרמריה גלידת שוקו וניל פליק פרווה כשל""פ 1.4",נגה גלידות שותפות מוגבלת,,,"י""ח",1.40,ליטר,false,1,19.90,14.21,false,1,
7290106576995,false,גלידה סורבה לה קרמריה תות מנגו לייט 1.4 ל' נסטלה,נגה גלידות שותפות מוגבלת,,,"י""ח",1.40,ליטר,false,1,19.90,14.21,false,1,
7290106577282,false,טחינה אמיתית מרובע 400 ג' צבר,קבוצת אוסם סחר-שות.מוגבלת,,,"י""ח",400,ל גרם,false,1,14.30,3.58,true,1,
7290106577527,false,סלט קולסלאו כרוב לבן וגזר 400 ג' צבר,קבוצת אוסם סחר-שות.מוגבלת,,,"י""ח",400,ל גרם,false,1,14.70,3.68,true,1,
7290106577541,false,צבר כרוב אדום מרובע 400גרם,קבוצת אוסם סחר-שות.מוגבלת,,,"י""ח",400,ל גרם,false,1,13.90,3.48,true,1,
7290106577572,false,מטבוחה אמיתית מרובע 400 ג' צבר,קבוצת אוסם סחר-שות.מוגבלת,,,"י""ח",400,ל גרם,false,1,14.70,3.68,true,1,
7290106578692,false,ביסלי במבה מיקס מהדורת אליפות אסם 80 גרם,קבוצת אוסם סחר שותפות מוגבלת,,,"י""ח",60,ל גרם,false,1,5.20,8.67,true,1,
7290106654099,false,מילקי CAKE עוגות אישיות במילוי קרם חלב,בובארד איטליה אס.פי.איי,,,"י""ח",272,ל גרם,false,1,20.90,7.68,true,1,
7290106660410,false,רביולי תרד וגבינה שטראוס (400 גרם),שטראוס גרופ בעמ/מצונן,,,"י""ח",400,ל גרם,false,1,21.70,5.43,true,1,
7290106662025,false,תפוציפס טבעי מלח ופלפל 50 גרם,שטראוס פריטו ליי בע`מ,,,"י""ח",50,ל גרם,false,1,4.40,8.80,false,1,
7290106663121,false,"עוגה אישית במילוי קרם חלב ""מילקי קייק"" שטראוס",בובארד איטליה אס.פי.איי,,,"י""ח",34,ל גרם,false,1,3.10,9.12,false,1,
7290106664555,false,"רוטב שמנת עם עגבניות 9% שומן 250 מ""ל יוטבתה",שטראוס גרופ בעמ/מצונן,,,"י""ח",200,ל גרם,false,1,11.30,5.65,true,1,
7290106667266,false,חטיף תירס חמוץ חריף דוריטוס (185 גרם),"שטראוס פריטו ליי בע""\מ )",,,"י""ח",185,ל גרם,false,1,9.90,5.35,false,1,
7290106668577,false,"מיץ לימון טיבעי 250 מ""ל יד מרדכי",האי נאם סי או אל.טי.,,,"י""ח",250,"ל מ""ל",false,1,8.80,3.52,true,1,
7290106720626,false,חטיף תירס בטעם גבינה צ`יטוס (80 גרם),"שטראוס פריטו ליי בע""\מ )",,,"י""ח",80,ל גרם,false,1,5.40,6.75,false,1,
7290106721920,false,צנצנת מסטיק מאסט בטעם ספירמינט עדין 66 ג' עלית,"שטראוס גרופ בע""\מ.",,,"י""ח",66,ל גרם,false,1,11.50,17.42,true,1,
7290106724488,false,דנונה טבעי פרוביוטי 1.7% טבעי 150ג',"שטראוס גרופ ***בע""מ",,,"י""ח",150,ל גרם,false,1,2.90,1.93,false,1,
7290106725867,false,סירופ מייפל טהור ללס יד מרדכי 189 גר,שטראוס גרופ בע`מ,,,"י""ח",189,"ל מ""ל",false,1,38.50,20.37,true,1,
7290106726178,false,יוגורט PRO עם פירות יער 2.4% 10 גרם חלבון בגביע,שטראוס גרופ בעמ/מצונן,,,"י""ח",150,"ל מ""ל",false,1,4.90,3.27,true,1,
7290106729650,false,יוגורט עם תות מאגדת 8 יח' * 150ג' דנונה,שטראוס גרופ בעמ/מצונן,,,"י""ח",1.20,ליטר,false,1,26,21.67,false,1,
7290107280563,false,סנו אוקסיג`ן ג`ל לכביסה בייבי 3 ל`,החברה הדרומית לשיווק בעמ,,,"י""ח",3,ליטר,false,1,29.90,9.97,false,1,
7290107280716,false,מלח למדיח להגנה מפני אבנית סנו ספארק Spark,החברה הדרומית לשיווק בעמ,,,"י""ח",2,"ק""ג",false,1,12.90,6.45,false,1,
7290107280723,false,נוזל לניקוי כלים סנו ספארק Spark בניחוח לימון רענן,החברה הדרומית לשיווק בעמ,,,"י""ח",700,"ל מ""ל",false,1,10.90,1.56,false,1,
7290107280747,false,נוזל לניקוי כלים סנו ספארק Spark קלאסי,החברה הדרומית לשיווק בעמ,,,"י""ח",700,"ל מ""ל",false,1,10.90,1.56,false,1,
7290107280754,false,נוזל כלים סנו ספארק Spark היפואלרגני פריחת השקד,החברה הדרומית לשיווק בעמ,,,"י""ח",700,"ל מ""ל",false,1,10.90,1.56,false,1,
7290107341356,false,כבל אייפון imx,קונסיגנציה-איי.איקס.אם ישראל ב,,,"י""ח",1,,false,1,19.90,19.90,false,1,
7290107341370,false,כבל טפייסי imx,קונסיגנציה-איי.איקס.אם ישראל ב,,,"י""ח",1,,false,1,19.90,19.90,false,1,
7290107341394,false,אוזניות לבן imx,קונסיגנציה-איי.איקס.אם ישראל ב,,,"י""ח",1,,false,1,29.90,29.90,false,1,
7290107645584,false,אבקת מרק עוף אמיתי רכיבים טבעיים 400 גרם - רבנות,יוניליוור ישראל שיווק בע`מ,,,"י""ח",400,ל גרם,false,1,25.90,6.48,true,1,
7290107645591,false,אבקת מרק בטעם עוף 100% רכיבים טבעיים 400 גרם,יוניליוור ישראל שיווק בע`מ,,,"י""ח",400,ל גרם,false,1,17.90,4.48,false,1,
7290107646062,false,אבקת מרק בצל רכיבים טבעיים קנור 400 ג',יוניליוור ישראל שיווק בע`מ,,,"י""ח",400,ל גרם,false,1,22.90,5.73,true,1,
7290107646147,false,"חטיף שוגי קורנפלקס תלמה 156 גרם מארז 6 יחידות בד""צ",יוניליוור ישראל שיווק בע`מ,,,"י""ח",156,ל גרם,false,1,14.90,9.55,false,1,
7290107646154,false,"חטיף קוקומן פצפוצים תלמה 126 גרם מארז 6 יחידות בד""צ",יוניליוור ישראל שיווק בע`מ,,,"י""ח",156,ל גרם,false,1,14.90,9.55,false,1,
7290107646826,false,"חטיף שוגי שוקו תלמה 156 גרם מארז 6 יחידות בד""צ",יוניליוור ישראל שיווק בע`מ,,,"י""ח",156,ל גרם,false,1,14.90,9.55,false,1,
7290107647731,false,קוקומן חום לבן 20% פחות סוכר 375 גרם ב,יוניליוור ישראל שיווק בע`מ,,,"י""ח",375,ל גרם,false,1,21.90,5.84,true,1,
7290107647816,false,"דגני ברנפלקס ללא תוספת סוכר 500 גרם בד""צ",יוניליוור ישראל שיווק בע`מ,,,"י""ח",500,ל גרם,false,1,22.90,4.58,false,1,
7290107647823,false,"ברנפלקס פתיתי חיטה מלאה וסובין 500 גרם ""תלמה""",יוניליוור ישראל שיווק בע`מ,,,"י""ח",500,ל גרם,false,1,22.90,4.58,false,1,
7290107649858,false,טילון סופר מגנום וניל ושוקלד לבן,"מיוצר ע""\י גלידת שטראוס",,,"י""ח",85,ל גרם,false,1,11,12.94,true,1,
7290107871297,false,אוסם - מיני פריכונים עשבי תיבול 25 גרם,קבוצת אוסם סחר שותפות מוגבלת,,,"י""ח",25,ל גרם,false,1,4.80,19.20,false,1,
7290107871532,false,מאגדת קרחוני מלון דובדבן נסטלה 10 יחידות,נגה גלידות שותפות מוגבלת,,,"י""ח",800,ל גרם,false,1,17.90,2.24,false,1,
7290107871990,false,פסטה צינורות מהדרין אסם (500 גרם),קבוצת אוסם סחר שותפות מוגבלת,,,"י""ח",500,ל גרם,false,1,6.90,1.38,true,1,
7290107874441,false,פריכונים מיני בצל מקורמל אסם (25 גרם),קבוצת אוסם סחר שותפות מוגבלת,,,"י""ח",25,ל גרם,false,1,5.30,21.20,false,1,
7290107874502,false,ביסלי גריל קדמ. מארז אחיד 10 4*55 גרם,קבוצת אוסם סחר שותפות מוגבלת,,,"י""ח",210,ל גרם,false,1,13,6.19,true,1,
7290107875271,false,ביסלי ברביקיו קדמ. מארז אחיד10 4*55 גרם,קבוצת אוסם סחר שותפות מוגבלת,,,"י""ח",210,ל גרם,false,1,12.90,6.14,true,1,
7290107875400,false,גלידה לה קרמריה פיסטוק מוקה 1.4 ל' נסטלה,נגה גלידות שותפות מוגבלת,,,"י""ח",1.40,ליטר,false,1,19.90,14.21,false,1,
7290107875820,false,קרוטונים אפויים בתיבול ביתי אוסם 180 ג',קבוצת אוסם סחר שותפות מוגבלת,,,"י""ח",250,ל גרם,false,1,12.90,5.16,false,1,
7290107877619,false,מארז במבה במילוי קרם נוגט 5*30ג' אסם,קבוצת אוסם סחר שותפות מוגבלת,,,"י""ח",150,ל גרם,false,1,14.90,9.93,true,1,
7290107879521,false,קרחון לה פרוטה שרבט תות מאגדת 5יח',נגה גלידות שותפות מוגבלת,,,"י""ח",350,ל גרם,false,1,26.90,7.69,false,1,
7290107879569,false,קרחון לה פרוטה שרבט מנגו מאגדת 5יח',נגה גלידות שותפות מוגבלת,,,"י""ח",350,ל גרם,false,1,28.90,8.26,false,1,
7290107904018,false,כוס אייבול צבעוני,אושר א.א. יבוא ושיווק כלי בית,,,"י""ח",1,,false,1,4.90,4.90,false,1,
7290107904278,false,סט 4 כוסות אייבול פלסטיק,אושר א.א. יבוא ושיווק כלי בית,,,"י""ח",1,,false,1,16.90,16.90,false,1,
7290107905091,false,סט 3 קופסאות מלבני,אושר א.א. יבוא ושיווק כלי בית,,,"י""ח",1,,false,1,16.90,16.90,false,1,
7290107930321,false,קונפיטורת יד מרדכי דובדובן 340 גרם,"שטראוס גרופ בע""מ",,,"י""ח",250,ל גרם,false,1,15.80,6.32,false,1,
7290107931397,false,כיף כף פצפוצים במילוי שוקולד 40 גרם,שולן צ'\יקולטה גידה סאן.,,,"י""ח",40,ל גרם,false,1,5.60,14,true,1,
7290107932080,false,חלב מועשר יוטבתה בבקבוק 3% 1 ליטר,שטראוס גרופ בעמ/מצונן,,,"י""ח",1,ליטר,false,1,7.90,7.90,false,1,
7290107932134,false,חלב מועשר יוטבתה בבקבוק 1% 1 ליטר,שטראוס גרופ בעמ/מצונן,,,"י""ח",1,ליטר,false,1,7.90,7.90,false,1,
7290107934473,false,שמינייה יוגורט לבן אקטיביה 1.5% דנונה 150 גרם,שטראוס גרופ בעמ/מצונן,,,"י""ח",1.20,ליטר,false,1,21.50,17.92,false,1,
7290107936309,false,דנונה יוגורט 7% יווני לבן 130 ג',שטראוס גרופ בעמ/מצונן,,,"י""ח",130,ל גרם,false,1,3.50,2.69,false,1,
7290107936958,false,עד חצות ביסקוויט אצבעות שוקולד 125 גרם,ביסקוויטס טור ד'\אלבון,,,"י""ח",66,ל גרם,false,1,11.90,18.03,false,1,
7290107936965,false,עיגולים עד חצות עם שוקולד חלב 225 גר,ביסקווטרי עוגיות סנט,,,"י""ח",66,ל גרם,false,1,14.80,22.42,false,1,
7290107937542,false,משקה יוגורט אקטיביה עם תות 1.2% שומן,שטראוס גרופ בעמ/מצונן,,,"י""ח",250,"ל מ""ל",false,1,5.10,2.04,false,1,
7290107937641,false,צנצנת קוביות בזוקה גומי לעיסה 58גר,שטראוס גרופ בע`מ,,,"י""ח",66,ל גרם,false,1,11.50,17.42,true,1,
7290107938396,false,שמיניית אקטימל תות דיסני בנים 108 גרם,שטראוס גרופ בעמ/מצונן,,,"י""ח",800,"ל מ""ל",false,1,22.70,2.84,false,1,
7290107940030,false,"חומוס אחלה מופחת שומן 650 גרם ""אחלה""","שטראוס גרופ ***בע""מ",,,"י""ח",500,ל גרם,false,1,10.90,2.18,true,1,
7290107943192,false,"שמנת חמוצה מהערבה 27% שומן 200 מ""ל יטבתה",שטראוס גרופ בעמ/מצונן,,,"י""ח",200,"ל מ""ל",false,1,4.20,2.10,false,1,
7290107944472,false,סימפוניה גבינה במרקם שמנת 5% שום שמיר,שטראוס גרופ בעמ/מצונן,,,"י""ח",200,ל גרם,false,1,12,6,true,1,
7290107950190,false,מעדן חלב דל קלוריות בטעם שוקולד מריר 0.5% שומן,שטראוס גרופ בעמ/מצונן,,,"י""ח",130,ל גרם,false,1,3.40,2.62,false,1,
7290107950206,false,מעדן דיאט שוקולד שטראוס 130 גרם,שטראוס גרופ בעמ/מצונן,,,"י""ח",130,ל גרם,false,1,3.40,2.62,false,1,
7290107951104,false,בפלות ופלים ארוכים בטעם שוקולד,"שטראוס גרופ בע""\מ",,,"י""ח",200,ל גרם,false,1,5.40,2.70,false,1,
7290107951715,false,צנצנת מסטיק מאסט קוביות בטעם ענבים 58 ג' עלית,שטראוס גרופ בע`מ,,,"י""ח",66,ל גרם,false,1,11.90,18.03,true,1,
7290107953559,false,"מארז קפה טורקי עלית לדרך כשל""פ 168 גרם",הנסיך- מפעל לייצור ט,,,"י""ח",168,ל גרם,false,1,20,11.90,false,1,
7290107954976,false,משקה חלב PRO עם קפה 1.5% 25 גרם חלבון בבקבוק,שטראוס גרופ בעמ/מצונן,,,"י""ח",350,ל גרם,false,1,6.90,1.97,false,1,
7290107956932,false,קפסולות אספרסו אידונזיה למכונות 50 גר,שטראוס קפה בי.וי.,,,"י""ח",50,ל גרם,false,1,19.90,39.80,true,1,
7290107957069,false,"מסטיק ע""למה ""בטעם אוכניות 66 גרם צנצנת ""עלית""","שטראוס גרופ בע""\מ",,,"י""ח",66,ל גרם,false,1,11.50,17.42,true,1,
7290107957991,false,מילקי CAKE מיניס קרם חלב בציפוי שוקולד חלב שקית 16X9ג',בובארד איטליה אס.פי.איי,,,"י""ח",144,ל גרם,false,1,15.50,10.76,true,1,
7290107958035,false,יוגורט במתיקות מעודנת 2% ללא תוספת סוכר- מארז 8 יח,שטראוס גרופ בעמ/מצונן,,,"י""ח",1.20,ליטר,false,1,19.30,16.08,false,1,
7290107973014,false,"סבון ידיים משאבה פלמוליב חלב ודבש 300 מ""ל",הנסיך- מפעל לייצור ט,,,"י""ח",300,"ל מ""ל",false,1,9.90,3.30,true,1,
7290107973861,false,מאסטר שף עגבניות קצוצות דק שלישיה 400ג*3 כשלפ,קונסרזיו קאסאלאסקו ד,,,"י""ח",1.20,"ק""ג",false,1,17.90,14.92,false,1,
7290107974073,false,עלי טורטיה קמח לבן 320 גר`מנה מאסטר שף,אלקאטי קורביישיסי גי,,,"י""ח",320,ל גרם,false,1,10.90,3.41,false,1,
7290107978347,false,איטריות בינוניות מאסטר שף 400 גרם,הדקלאים אגודת שיתופי,,,"י""ח",400,ל גרם,false,1,5.90,1.48,true,1,
7290107978453,false,חטיף בטעם גריל קראנצ,ש. שסטוביץ בע`מ,,,"י""ח",55,ל גרם,false,1,3.90,7.09,true,1,
7290107978460,false,קראנצ וס פלאפל 60ג חדש,ש. שסטוביץ בע`מ,,,"י""ח",60,ל גרם,false,1,3.90,6.50,true,1,
7290108077971,false,פלייסמט - מיניונים,שמחה זה אנחנו,,,"י""ח",1,,false,1,11,11,false,1,
7290108077988,false,פלייסמנט סמי הכבאי יח,שמחה זה אנחנו בעמ,,,"י""ח",1,,false,1,9.50,9.50,false,1,
7290108090338,false,עגבניה תמר,ביכורי השדה צפון 1994 ג.ד. בעמ,,,"ק""ג",1,,true,1,6.90,6.90,false,1,
7290108201437,false,"אבקת כביסה קולון 101 2.5 ק""ג",רקיט בנקיזר (ניר איסט) בעמ,,,"י""ח",2.50,"ק""ג",false,1,24.90,9.96,false,1,
7290108201864,false,קולון קפסולות גל לכביסה 28 יחידות,רקיט בנקיזר (ניר איסט) בעמ,,,"י""ח",28,"י""ח",false,1,28.90,1.03,false,1,
7290108350258,false,נייר טואלט דו שכבתי ארוך פי 3 - מארז 12 גלילים,החברה הדרומית לשיווק בעמ,,,"י""ח",84.64,מטר,false,1,39.90,0.47,false,1,
7290108350531,false,סנו ספארק נוזל כלים בניחוח קלאסי עם משאבה 1 ל',מיוצר עי קונדיטוריית,,,"י""ח",1,ליטר,false,1,12.90,12.90,false,1,
7290108350555,false,נוזל כלים סנו ספארק Spark היפואלרגני פריחת השקד,החברה הדרומית לשיווק בעמ,,,"י""ח",1,ליטר,false,1,12.90,12.90,false,1,
7290108350616,false,סנו - מקסימה מרכך כביסה מרוכז פריחה כחולה 1 ליטר,החברה הדרומית לשיווק בעמ,,,"י""ח",1,ליטר,false,1,19.90,19.90,false,1,
7290108351149,false,ג'ל ניקוי כללי בתוספת אבקת סודה ריח כביסה סנו ג'ט 1.5 ליטר,החברה הדרומית לשיווק בעמ,,,"י""ח",1.50,ליטר,false,1,15.90,10.60,false,1,
7290108351156,false,ג'ל ניקוי כללי בתוספת חומץ בריח לבנדר סנו ג'ט 1.5 ליטר,החברה הדרומית לשיווק בעמ,,,"י""ח",1.50,ליטר,false,1,15.90,10.60,false,1,
7290108351507,false,מרכך כביסה אינספרישיין סנו מקסימה 4 ליטר,החברה הדרומית לשיווק בעמ,,,"י""ח",4,ליטר,false,1,21.90,5.48,false,1,
7290108351514,false,מרכך כביסה בלו בלוסום סנו מקסימה 4 ליטר,החברה הדרומית לשיווק בעמ,,,"י""ח",4,ליטר,false,1,21.90,5.48,false,1,
7290108351569,false,מבשם ומרכך למייבש כביסה Baby לתינוקות ולעור רגיש,החברה הדרומית לשיווק בעמ,,,"י""ח",750,"ל מ""ל",false,1,19.90,2.65,true,1,
7290108351590,false,"סנופרש הום בלו בלוסון בניחוח מרכך כביסה 350 מ""ל",החברה הדרומית לשיווק בעמ,,,"י""ח",350,"ל מ""ל",false,1,14.90,4.26,false,1,
7290108351613,false,סנו ריצפז פרש הום 2 ליטר בניחוח מלון חלומי,החברה הדרומית לשיווק בעמ,,,"י""ח",1.45,ליטר,false,1,22.90,15.79,false,1,
7290108351804,false,מרכך כביסה סופר מרוכז Gentl Breeze סנו מקסימה 1 ליטר,החברה הדרומית לשיווק בעמ,,,"י""ח",1,ליטר,false,1,19.90,19.90,false,1,
7290108351811,false,מרכך כביסה סופר מרוכז Floral touch סנו מקסימה 1 ליטר,החברה הדרומית לשיווק בעמ,,,"י""ח",1,ליטר,false,1,19.90,19.90,false,1,
7290108351835,false,מרכך כביסה Pure Sensation סנו מקסימה 4 ליטר,החברה הדרומית לשיווק בעמ,,,"י""ח",4,ליטר,false,1,21.90,5.48,false,1,
7290108352009,false,סנו ספארק קפסולות למדיח כלים 50 יחידות,החברה הדרומית לשיווק בעמ,,,"י""ח",50,"י""ח",false,1,39.90,0.80,false,1,
7290108352153,false,"סנובון נוזלי בניחוח לוטוס וסחלב סנו 750 מ""ל",החברה הדרומית לשיווק בעמ,,,"י""ח",750,"ל מ""ל",false,1,11.90,1.59,false,1,
7290108352252,false,נוזל לניקוי כלים מתאים לניקוי ירקות ופירות סנו ספארק,החברה הדרומית לשיווק בעמ,,,"י""ח",1,ליטר,false,1,12.90,12.90,false,1,
7290108352320,false,"מבשם אויר סנו פרש הום בניחוח כותנה מלטפת 350 מ""ל",החברה הדרומית לשיווק בעמ,,,"י""ח",350,"ל מ""ל",false,1,14.90,4.26,false,1,
7290108352481,false,מטהר אויר סנומוד נרסיסוס נטול גז 150,החברה הדרומית לשיווק בעמ,,,"י""ח",150,"ל מ""ל",false,1,12.90,8.60,false,1,
7290108352511,false,"מקסימה לניקוי וחיטוי מכונת כביסה שקית 500 מ""ל",החברה הדרומית לשיווק בעמ,,,"י""ח",500,"ל מ""ל",false,1,12.90,2.58,false,1,
7290108352566,false,מרכך כביסה בבישום עוצמתי 4 ל' סנו מקסינה,החברה הדרומית לשיווק בעמ,,,"י""ח",4,ליטר,false,1,21.90,5.48,false,1,
7290108352573,false,מרכך כביסה סנו מקסימה בבישום עוצמתי 4 ליטר,החברה הדרומית לשיווק בעמ,,,"י""ח",4,ליטר,false,1,21.90,5.48,false,1,
7290108352788,false,סנו סושי שקיות זיפר לאוכל L 20 יחידות,החברה הדרומית לשיווק בעמ,,,"י""ח",20,"י""ח",false,1,12.90,0.65,false,1,
7290108352801,false,"שקיות אשפה לפחים קטנים 45 * 56 ס""מ סנו סושי 100 יחידות",החברה הדרומית לשיווק בעמ,,,"י""ח",100,"י""ח",false,1,19.90,0.20,false,1,
7290108353068,false,ספוג הפלא נירוסטה עם סיבי קירצוף סנו סושי 2 יח',החברה הדרומית לשיווק בעמ,,,"י""ח",1,,false,1,12.90,12.90,false,1,
7290108353532,false,"שקיות אשפה חזקות עם שרוך לארג' 54 * 65 ס""מ סנו סושי 100 יחידות",החברה הדרומית לשיווק בעמ,,,"י""ח",100,"י""ח",false,1,34.90,0.35,false,1,
7290108353686,false,מטלית חלומית לרצפה סנו סושי 1 יחידה,החברה הדרומית לשיווק בעמ,,,"י""ח",1,,false,1,12.90,12.90,false,1,
7290108353990,false,"קרמה - קרם גוף קרמה מאסק 500 מ""ל",החברה הדרומית לשיווק בעמ,,,"י""ח",500,"ל מ""ל",false,1,24.90,4.98,false,1,
7290108354164,false,"כיף שלישיית אל סבון קטיפתי מועשר בשמנים 3*500 מ""ל",החברה הדרומית לשיווק בעמ,,,"י""ח",1.50,ליטר,false,1,18.90,12.60,false,1,
7290108354270,false,מרכך כביסה מרוכז בבישום עוצמתי 1 ל' סנו מקסימה,החברה הדרומית לשיווק בעמ,,,"י""ח",1,ליטר,false,1,19.90,19.90,false,1,
7290108354621,false,"מסיכה לשיער לחות מוגברת עם אפרסק וחמאת מורומורו 500 מ""ל כיף",החברה הדרומית לשיווק בעמ,,,"י""ח",500,"ל מ""ל",false,1,24.90,4.98,false,1,
7290108354911,false,"שמפו, ג'ל רחצה וגילוח מועשר בתמצית אלוורה",החברה הדרומית לשיווק בעמ,,,"י""ח",700,"ל מ""ל",false,1,19.90,2.84,false,1,
7290108355208,false,"שמפו קרטין אינטנס למניעת קשקשים נטורל 400 מ""ל",החברה הדרומית לשיווק בעמ,,,"י""ח",400,"ל מ""ל",false,1,29.90,7.48,false,1,
7290108355802,false,"תחליב רחצה קרמה ורד ווניל 700 מ""ל",החברה הדרומית לשיווק בעמ,,,"י""ח",700,ל גרם,false,1,19.90,2.84,false,1,
7290108356526,false,"קרליין - שמפו 10 לשיער יבש 700 מ""ל",החברה הדרומית לשיווק בעמ,,,"י""ח",700,"ל מ""ל",false,1,14.90,2.13,true,1,
7290108356533,false,קרוליין 10 שמפו לשיער מתולתל 700 מל,החברה הדרומית לשיווק בעמ,,,"י""ח",700,"ל מ""ל",false,1,14.90,2.13,true,1,
7290108356571,false,"קרליין - מרכך 10 לשיער יבש 700 מ""ל",החברה הדרומית לשיווק בעמ,,,"י""ח",700,"ל מ""ל",false,1,14.90,2.13,true,1,
7290108357004,false,כיף שמפו ורד ושמן קוקוי לרכות וברק,החברה הדרומית לשיווק בעמ,,,"י""ח",700,"ל מ""ל",false,1,13.90,1.99,false,1,
7290108357011,false,כיף קונדישינר לשיער שמן קוקוי 700 מל,החברה הדרומית לשיווק בעמ,,,"י""ח",700,"ל מ""ל",false,1,13.90,1.99,false,1,
7290108357202,false,סנוקליר לניקוי בניחוח בלו בלוסום 1 ליטר,החברה הדרומית לשיווק בעמ,,,"י""ח",1,ליטר,false,1,12.90,12.90,false,1,
7290108357226,false,"אוקסיגן POWER אבקה לכביסה לבנה והסרת כתמים 1.4 ק""ג סנו",החברה הדרומית לשיווק בעמ,,,"י""ח",1.40,"ק""ג",false,1,31.90,22.79,false,1,
7290108357264,false,"פרש אוטומטי מילוי בניחוח מרכך הכביסה אולטרה 375 מ""ל סנו",החברה הדרומית לשיווק בעמ,,,"י""ח",165,ל גרם,false,1,14.90,9.03,false,1,
7290108357288,false,אקונומיקה ז'אוול בניחוח פריחה לבנה 4 ל' סנו,החברה הדרומית לשיווק בעמ,,,"י""ח",4,ליטר,false,1,17.90,4.48,false,1,
7290108357653,false,סנובון ג'ל לאסלה שלישיה בניחוח אוקיינוס,החברה הדרומית לשיווק בעמ,,,"י""ח",65,"ל מ""ל",false,1,15.90,24.46,false,1,
7290108357660,false,סנובון Bubbles שלישיית כדוריות ג'ל אסלה ניחוח לבנדר,החברה הדרומית לשיווק בעמ,,,"י""ח",65,"ל מ""ל",false,1,15.90,24.46,false,1,
7290108357769,false,"מרכך לשיער רגיל תפוח וזרעי צ'יה 700 מ""ל כיף",החברה הדרומית לשיווק בעמ,,,"י""ח",700,"ל מ""ל",false,1,13.90,1.99,false,1,
7290108357837,false,כיף אל סבון 1 ליטר ג'נסינג שקית מילוי + פקק,החברה הדרומית לשיווק בעמ,,,"י""ח",1,ליטר,false,1,8.90,8.90,false,1,
7290108357844,false,כיף אל סבון 1 ליטר אצות ים שקית מילוי + פקק,החברה הדרומית לשיווק בעמ,,,"י""ח",1,ליטר,false,1,8.90,8.90,false,1,
7290108357868,false,"כיף - ג'ל רחצה אליקסיר אויל מועשר בשמן מקדמיה 700 מ""ל",החברה הדרומית לשיווק בעמ,,,"י""ח",700,"ל מ""ל",false,1,13.90,1.99,false,1,
7290108358087,false,"תחליב רחצה קרמה מאסק 700 מ""ל",החברה הדרומית לשיווק בעמ,,,"י""ח",700,ל גרם,false,1,19.90,2.84,false,1,
7290108359060,false,סנו סושי כריות הפלא רב תכלתיות *4 לשבת,החברה הדרומית לשיווק בעמ,,,"י""ח",1,,false,1,12.90,12.90,false,1,
7290108359077,false,סנו - סופט לושן ממחטות אף בקופסא 3 שכבות 120 יח',החברה הדרומית לשיווק בעמ,,,"י""ח",440,ל גרם,false,1,12.90,2.93,false,1,
7290108359145,false,סנו סושי דפי ספוג הפלא 12 יח`,החברה הדרומית לשיווק בעמ,,,"י""ח",1,,false,1,10.90,10.90,false,1,
7290108359985,false,סנו - ז'אוול מרסס קצף לניקוי וחינו בניחוח פריחה לבנה 1 ליטר,החברה הדרומית לשיווק בעמ,,,"י""ח",1,ליטר,false,1,19.90,19.90,false,1,
7290108500677,false,כבד דג שיבוט בשמן דג וילי פוד 115 גרם,ג. וילי-פוד אינטרנשיונל בע`מ,,,"י""ח",115,ל גרם,false,1,11,9.57,true,1,
7290108501346,false,גבינה מגורדת גאודה 28% שומן EURO CHEESE ויליפוד 500 גרם,ג.וילי-פוד אינטרנשיונל **גבינו,,,"י""ח",500,ל גרם,false,1,26.90,5.38,false,1,
7290108502305,false,גבינת גרנה פדנו משולש ויליפוד 150 גרם,ג.וילי-פוד אינטרנשיונל **גבינו,,,"י""ח",150,ל גרם,false,1,16.90,11.27,false,1,
7290108502862,false,מלפפונים כבושים במלח 18-25 קטנים ויליפוד 600 גרם,ג. וילי-פוד אינטרנשיונל בע`מ,,,"י""ח",600,ל גרם,false,1,11.90,1.98,false,1,
7290108503500,false,גבינת ברי צרפתית 200 גרם,ג.וילי פוד אינטרנשיונל בעמ,,,"י""ח",200,ל גרם,false,1,19.40,9.70,false,1,
7290108503999,false,פרוסות גבינה בטעם גאודה לכריכים וטוסטים ויליפוד 150 גרם,ג.וילי-פוד אינטרנשיונל **גבינו,,,"י""ח",150,ל גרם,false,1,10.90,7.27,true,1,
7290108504293,false,מנצ`גו צ`אנק 150 גרם ויליפוד,ג.וילי-פוד אינטרנשיונל **גבינו,,,"י""ח",150,ל גרם,false,1,21.90,14.60,true,1,
7290108505490,false,דונאטס קפוא ויליפוד,ג.וילי פוד אינטרנשיונל בעמ,,,"י""ח",1,,false,1,5.90,5.90,true,1,
7290108505689,false,גבינת גרנה פדנו מגורדת ויליפוד 100 גרם,ג.וילי-פוד אינטרנשיונל **גבינו,,,"י""ח",100,ל גרם,false,1,10.20,10.20,false,1,
7290108505962,false,שזיפים מיובשים וילי פוד 400 גרם,ג.וילי פוד אינטרנשיונל בעמ,,,"י""ח",400,ל גרם,false,1,21.90,5.48,false,1,
7290108506495,false,"כנאפה מאפה בצק ""שערות"" קדאיף וגבינה",ג.וילי-פוד אינטרנשיונל **גבינו,,,"י""ח",192,ל גרם,false,1,16.90,8.80,true,1,
7290108506501,false,אצבעות בצק פילו ממולאות גבינה 500 ג' ויליפוד,ג.וילי-פוד אינטרנשיונל **גבינו,,,"י""ח",500,ל גרם,false,1,22.90,4.58,false,1,
7290108506532,false,גליליות וופל במילוי קרם בטעם אגוזי לוז 400ג' ויליפוד,ג. וילי-פוד אינטרנשיונל בע`מ,,,"י""ח",400,ל גרם,false,1,13.90,3.48,true,1,
7290108507058,false,ביסקויט פריך בשוקולד חלב 100 גרם -קהילות,ג. וילי-פוד אינטרנשיונל בע`מ,,,"י""ח",100,ל גרם,false,1,6.90,6.90,true,1,
7290108507065,false,גבינת פרמג'אנו רגיאנו מגורדת ויליפוד 100 גרם,ג.וילי-פוד אינטרנשיונל **גבינו,,,"י""ח",100,ל גרם,false,1,12.90,12.90,false,1,
7290108508574,false,פסטה ברוטב עגבניות פיקנטי ארביאטה 250 ג'-מוכנה לאכילה,ג. וילי-פוד אינטרנשיונל בע`מ,,,"י""ח",250,ל גרם,false,1,4.90,1.96,false,1,
7290108508581,false,פסטה ברוטב עגבניות נאפוליטנה 250 ג'-מוכנה לאכילה,ג. וילי-פוד אינטרנשיונל בע`מ,,,"י""ח",250,ל גרם,false,1,4.90,1.96,false,1,
7290108508970,false,תה ג`רבה עלי מנטה 500 גרם וילי פוד,ג.וילי-פוד אינטרנשיונל בעמ,,,"י""ח",500,ל גרם,false,1,19.70,3.94,true,1,
7290108509700,false,אורז פרסי 1 קג`DAAWAT וילי פוד,ג. וילי-פוד אינטרנשיונל בע`מ,,,"י""ח",1,"ק""ג",false,1,9.90,9.90,false,1,
7290108509908,false,"מנת השף בשקית-איטריות בטעם ירקות 85 ג' חתם סופר ב""ב",ג. וילי-פוד אינטרנשיונל בע`מ,,,"י""ח",85,ל גרם,false,1,3.90,4.59,true,1,
7290108509915,false,"מנת השף בשקית-איטריות בטעם סיני פיקנטי 85 ג' חתם סופר ב""ב",ג. וילי-פוד אינטרנשיונל בע`מ,,,"י""ח",85,ל גרם,false,1,3.90,4.59,true,1,
7290108509922,false,מנתהשף אטריות להכנה מהירה טעם עוף ויליפוד 85 גרם,ג. וילי-פוד אינטרנשיונל בע`מ,,,"י""ח",85,ל גרם,false,1,3.90,4.59,true,1,
7290108509939,false,פרוסות פילה טונה בשמן זית כתית מעולה,ג. וילי-פוד אינטרנשיונל בע`מ,,,"י""ח",120,ל גרם,false,1,12.90,10.75,true,1,
7290108970753,false,מטריה סופר מיני אוטו,ביג מול בעמ,,,"י""ח",405,ל גרם,false,1,39.90,9.85,false,1,
7290109351025,false,מלך החומוס חומוסטחינה 40% טחינה גולמית,קבוצת אוסם סחר שותפות מוגבלת,,,"י""ח",400,ל גרם,false,1,15.40,3.85,true,1,
7290109354996,false,פתי בר ללא גלוטן שוקו 200 גרם אסם,קבוצת אוסם סחר שותפות מוגבלת,,,"י""ח",200,ל גרם,false,1,12.90,6.45,true,1,
7290109358284,false,"שניצל תירס עם חלבון 664 גר' ""טבעול""",קבוצת אוסם סחר שותפות מוגבלת,,,"י""ח",664,ל גרם,false,1,39.90,6.01,true,1,
7290109358482,false,עוגיות קרמוגית במילוי קרם בטעם חלבה,קבוצת אוסם סחר שותפות מוגבלת,,,"י""ח",200,ל גרם,false,1,11.90,5.95,true,1,
7290109580043,false,"שניצל תירס קלאסי זוגלובק 1.75 ק""ג",נקניק זוגלובק נהריה,,,"י""ח",1.75,"ק""ג",false,1,49.90,28.51,false,1,
7290109580067,false,וונדרס טחון מן הצומח 340 גר`,זוגלובק שיווק בעמ ו/או וונדרס,,,"י""ח",340,ל גרם,false,1,29.90,8.79,true,1,
7290109580098,false,קבנוס בטעם סרירצ'ה זוגלובק 135 גרם,נקניק זוגלובק נהריה,,,"י""ח",135,ל גרם,false,1,12.50,9.26,false,1,
7290109580104,false,רוסטביף פרימיום זוגלובק 150 גרם,נקניק זוגלובק נהריה,,,"י""ח",150,ל גרם,false,1,24.90,16.60,false,1,
7290109580111,false,צלעות אסאדו מעושנות פרימיום זוגלובק 120 גרם,נקניק זוגלובק נהריה,,,"י""ח",120,ל גרם,false,1,24.90,20.75,false,1,
7290109580135,false,קורנדביף פרימיום 180 גרם זוגלובק,נקניק זוגלובק נהריה,,,"י""ח",180,ל גרם,false,1,24.90,13.83,false,1,
7290109580159,false,פסטרמה בנוסח טוסקנה פרימיום זוגלובק 180 גרם,נקניק זוגלובק נהריה,,,"י""ח",180,ל גרם,false,1,24.90,13.83,false,1,
7290109580166,false,סרוולד קלאסי פרימיום זוגלובק 150 גרם,נקניק זוגלובק נהריה,,,"י""ח",150,ל גרם,false,1,24.90,16.60,false,1,
7290109580210,false,נקנקיות ריינהולד'ס הצרפתיה זוגלובק 300 ג',נקניק זוגלובק נהריה,,,"י""ח",300,ל גרם,false,1,19.90,6.63,false,1,
7290109580227,false,נקניקיות עוף ובקר בסגנון ברלינאי קאריוורסט,נקניק זוגלובק נהריה,,,"י""ח",300,ל גרם,false,1,19.90,6.63,false,1,
7290109580241,false,נאגטס מן הצומח זוגלובק 500 גרם,נקניק זוגלובק נהריה,,,"י""ח",0.50,"ק""ג",false,1,22.90,45.80,false,1,
7290109580302,false,מארז זוג תה מעושן 350+חזה עוף 350 זוגלובק,זוגלובק שיווק בעמ,,,"י""ח",700,ל גרם,false,1,31.90,4.56,false,1,
7290109580319,false,"בורגר וונדרס 0% בשר , טבעוני",זוגלובק שיווק בעמ ו/או וונדרס,,,"י""ח",280,ל גרם,false,1,29.90,10.68,true,1,
7290109580326,false,נקניקיות עוף זוגלובק 800 גרם בית יוסף,זוגלובק שיווק בעמ,,,"י""ח",800,ל גרם,false,1,24.90,3.11,false,1,
7290109580432,false,פסטרמה חזה הודו מעושן דק דק זוגלובק 120 גרם,נקניק זוגלובק נהריה,,,"י""ח",120,ל גרם,false,1,13.90,11.58,true,1,
7290109580449,false,סלמי בטעם כמהין פרימיום זוגלובק 180 גרם,נקניק זוגלובק נהריה,,,"י""ח",180,ל גרם,false,1,24.90,13.83,false,1,
7290109840956,false,ציפסר 3 ליטר דגם DF30X ML-035,אליהו שיווק חשמל בעמ,,,"י""ח",1,,false,1,99,99,false,1,
7290109920146,false,"דורגול מסיר אבנית מקומקומים 750 מ""ל",יעקב יעקבי ובניו בע`מ,,,"י""ח",750,"ל מ""ל",false,1,22.90,3.05,false,1,
7290109920603,false,"אסטוניש קרם לניקוי המטבח 500 מ""ל",יעקב יעקבי ובניו בע`מ,,,"י""ח",500,"ל מ""ל",false,1,9.90,1.98,false,1,
7290109920665,false,אסטוניש מרסס מסיר אוכל שרוף במטבח יעקובי,יעקב יעקבי ובניו בע`מ,,,"י""ח",750,"ל מ""ל",false,1,16.90,2.25,true,1,
7290109920795,false,אסטוניש נוזל לניקוי כללי לבנדר 1 ליטר יע,יעקב יעקבי ובניו בעמ,,,"י""ח",1,ליטר,false,1,11.90,11.90,false,1,
7290109920818,false,אסטוניש נוזל לניקוי כללי לימון 1 ליטר,יעקב יעקבי ובניו בעמ,,,"י""ח",1,ליטר,false,1,11.90,11.90,false,1,
7290109921488,false,"דורגול לניקוי וחיטוי מכונת הכביסה יעקבי 500 מ""ל","יעקב יעקבי ובניו בע""מ",,,"י""ח",500,"ל מ""ל",false,1,29.90,5.98,false,1,
7290109921969,false,ג'ל כביסה סופרו אקטיב יעקובי כחול 2.5 ליטר,"יעקב יעקבי ובניו בע""מ",,,"י""ח",3,ליטר,false,1,24.90,8.30,false,1,
7290109923024,false,"אסטוניש מרסס פרימיום ארומטיק למטבח 750 מ""ל","יעקב יעקבי ובניו בע""מ",,,"י""ח",750,"ל מ""ל",false,1,14.90,1.99,false,1,
7290109923031,false,"אסטוניש מרסס פרימיום ארומטיק למקלחון 750 מ""ל","יעקב יעקבי ובניו בע""מ",,,"י""ח",750,"ל מ""ל",false,1,14.90,1.99,false,1,
7290109923093,false,"אסטוניש - קרם כיריים הלוגן ומיקרו 500 מ""ל","יעקב יעקבי ובניו בע""מ",,,"י""ח",500,"ל מ""ל",false,1,14.90,2.98,true,1,
7290109923109,false,סבון אסלה 5 צדפות +אקונומיקה 2 יח',יעקב יעקבי ובניו בעמ,,,"י""ח",500,"ל מ""ל",false,1,12.90,2.58,false,1,
7290110000288,false,"מיצוי מימי של שזיפים מיובשים 946 מ""ל",היל ויו פאקינג קומפני,,,"י""ח",946,"ל מ""ל",false,1,23.90,2.53,false,1,
7290110050467,false,"בקבוק שתייה דגם שקוף 700מ""ל ספיידרמן",שמחה זה אנחנו,,,"י""ח",1,,false,1,29.90,29.90,false,1,
7290110059545,false,"בקבוק נירוסטה מעוצב 500מ""ל ספידרמן",שמחה זה אנחנו בע`מ,,,"י""ח",1,,false,1,29.90,29.90,false,1,
7290110113926,false,פאנטה ZERO אורנג 0.5 חייב פקדון,החברה המרכזית להפצת משקאות בעמ,,,"י""ח",500,"ל מ""ל",false,1,8,1.54,true,1,
7290110114787,false,נביעות+ מים מינרליים בטעם תפוח 1.5 ליטר,החברה המרכזית להפצת משקאות בעמ,,,"י""ח",1.50,ליטר,false,1,9.20,5.93,false,1,
7290110114794,false,נביעות+ מים מינרליים בטעם אפרסק 1.5 ליטר,החברה המרכזית להפצת משקאות בעמ,,,"י""ח",1.50,ליטר,false,1,9.20,5.93,false,1,
7290110114800,false,נביעות+ מים מינרליים בטעם ענבים 1.5 ליטר,החברה המרכזית להפצת משקאות בעמ,,,"י""ח",1.50,ליטר,false,1,9.20,5.93,false,1,
7290110114855,false,"נביעות מים מינרליים, שישיה 6 * 1.5 ליטר פקדון",החברה המרכזית להפצת משקאות בעמ,,,"י""ח",9,ליטר,false,1,14.50,1.41,false,1,
7290110114893,false,מיץ תפוזים מפוסטר סחוט 2 ליטר,החברה המרכזית טלהפצת משקאות בע,,,"י""ח",2,ליטר,false,1,28.90,14.30,false,1,
7290110114954,false,מיץ תפוזים מתקתקים פריגת 2 ליטר,החברה המרכזית טלהפצת משקאות בע,,,"י""ח",2,ליטר,false,1,21.90,10.80,false,1,
7290110114961,false,משקה קל בטעם תפוזים פריגת (1.5 ליטר),החברה המרכזית להפצת משקאות בעמ,,,"י""ח",1.50,ליטר,false,1,9,5.80,false,1,
7290110114985,false,משקה קל בטעם אשכוליות פריגת (1.5 ליטר),החברה המרכזית להפצת משקאות בעמ,,,"י""ח",1.50,ליטר,false,1,9,5.80,false,1,
7290110114992,false,משקה קל בטעם אשכוליות לייט פריגת (1.5 לי,החברה המרכזית להפצת משקאות בעמ,,,"י""ח",1.50,ליטר,false,1,8.50,5.47,false,1,
7290110115005,false,משקה קל בטעם ענבים פריגת (1.5 ליטר),החברה המרכזית להפצת משקאות בעמ,,,"י""ח",1.50,ליטר,false,1,9,5.80,false,1,
7290110115036,false,משקה קל בטעם מנגו פריגת (1.5 ליטר),החברה המרכזית להפצת משקאות בעמ,,,"י""ח",1.50,ליטר,false,1,9,5.80,false,1,
7290110115043,false,משקה קל בטעם לימונענע פריגת (1.5 ליטר),החברה המרכזית להפצת משקאות בעמ,,,"י""ח",1.50,ליטר,false,1,9,5.80,false,1,
7290110115050,false,משקה קל בטעם תות בננה פריגת (1.5 ליטר),החברה המרכזית להפצת משקאות בעמ,,,"י""ח",1.50,ליטר,false,1,9,5.80,false,1,
7290110115104,false,פריגת צלול אפרסק 1.5 ליטר פיקדון,החברה המרכזית להפצת משקאות בעמ,,,"י""ח",1.50,ליטר,false,1,8.60,5.53,false,1,
7290110115111,false,פריגת צלול אננס 1.5 ליטר פיקדון,החברה המרכזית להפצת משקאות בעמ,,,"י""ח",1.50,ליטר,false,1,8.60,5.53,false,1,
7290110115128,false,פריגת צלול בטעם לימונענע 1.5 ליטר פיקדון,החברה המרכזית להפצת משקאות בעמ,,,"י""ח",1.50,ליטר,false,1,8.60,5.53,false,1,
7290110115180,false,נביעות מים מינרלים שקט 1.5 ליטר פיקדון,החברה המרכזית להפצת משקאות בעמ,,,"י""ח",1.50,ליטר,false,1,3.10,1.87,false,1,
7290110115203,false,קוקה קולה 1.5 ליטר פיקדון,החברה המרכזית להפצת משקאות בעמ,,,"י""ח",150,"ל מ""ל",false,1,9.20,5.93,false,1,
7290110115210,false,קוקה קולה דיאט 1.5 ליטר פיקדון,החברה המרכזית להפצת משקאות בעמ,,,"י""ח",1.50,ליטר,false,1,8.30,5.33,false,1,
7290110115227,false,קוקה קולה Zero בקבוק 1.5 ליטר פיקדון,החברה המרכזית להפצת משקאות בעמ,,,"י""ח",1.50,ליטר,false,1,9,5.80,false,1,
7290110115234,false,קוקה קולה דיאט זירו 1.5 ליטר פיקדון,החברה המרכזית להפצת משקאות בעמ,,,"י""ח",1.50,ליטר,false,1,8.30,5.33,false,1,
7290110115241,false,קוקה קולה דיאט לימון 1.5 ליטר פיקדון,החברה המרכזית להפצת משקאות בעמ,,,"י""ח",1.50,ליטר,false,1,8.60,5.53,false,1,
7290110115265,false,ספרייט לימון ליים 1.5 ליטר-,החברה המרכזית להפצת משקאות בעמ,,,"י""ח",1.50,ליטר,false,1,9,5.80,true,1,
7290110115272,false,ZERO ספרייט 1.5 ליטר פיקדון,החברה המרכזית להפצת משקאות בעמ,,,"י""ח",1.50,ליטר,false,1,9.50,6.13,true,1,
7290110115289,false,ספרייט 19 קל' לימון-נענע 1.5 ליטר פיקדון,החברה המרכזית להפצת משקאות בעמ,,,"י""ח",1.50,ליטר,false,1,9,5.80,true,1,
7290110115296,false,גזוז בטעם תפוז פאנטה 1.5 ליטר פיקדון,החברה המרכזית להפצת משקאות בעמ,,,"י""ח",1.50,ליטר,false,1,9,5.80,false,1,
7290110115302,false,משקה מוגז אורנג' זירו פאנטה 1.5 ליטר,החברה המרכזית להפצת משקאות בעמ,,,"י""ח",1.50,ליטר,false,1,8.50,5.47,false,1,
7290110115319,false,פאנטה אקזוטי פירות טרופיים 1.5ל פיקדון,החברה המרכזית להפצת משקאות בעמ,,,"י""ח",1.50,ליטר,false,1,9,5.80,false,1,
7290110115333,false,גזוז בטעם תות פאנטה 1.5 ליטר פיקדון,החברה המרכזית להפצת משקאות בעמ,,,"י""ח",1.50,ליטר,false,1,9,5.80,false,1,
7290110115340,false,פאנטה ענבים 1.5 ליטר פיקדון,החברה המרכזית להפצת משקאות בעמ,,,"י""ח",1.50,ליטר,false,1,9,5.80,false,1,
7290110115357,false,קינלי סודה 1.5 ליטר פיקדון,החברה המרכזית להפצת משקאות בעמ,,,"י""ח",1.50,ליטר,false,1,5.50,3.47,false,1,
7290110115364,false,שישייה קוקה קולה 1.5 ליטר פיקדון,החברה המרכזית להפצת משקאות בעמ,,,"י""ח",9,ליטר,false,1,51.90,5.57,false,1,
7290110115388,false,ספרייט לימון ליים 1.5 ליטר מארז שישייה,החברה המרכזית להפצת משקאות בעמ,,,"י""ח",9,ליטר,false,1,49.90,5.34,false,1,
7290110115401,false,קינלי סודה שישייה 1.5 ליטר פיקדון,החברה המרכזית להפצת משקאות בעמ,,,"י""ח",9,ליטר,false,1,17.90,1.79,false,1,
7290110115418,false,קוקה קולה זירו 1.5 ליטר מארז שישייה,החברה המרכזית להפצת משקאות בעמ,,,"י""ח",9,ליטר,false,1,49.90,5.34,false,1,
7290110115456,false,פיוז-טי תה אפרסק 1.5 ליטר 19 קל פיקדון,החברה המרכזית להפצת משקאות בעמ,,,"י""ח",1.50,ליטר,false,1,9.50,6.13,false,1,
7290110115463,false,פיוז-טי תה אפרסק 1.5 ליטר פיקדון,החברה המרכזית להפצת משקאות בעמ,,,"י""ח",1.50,ליטר,false,1,9.50,6.13,false,1,
7290110115494,false,תה קר בטעם ענבים פיוז טי 1.5 ליטר,החברה המרכזית להפצת משקאות בעמ,,,"י""ח",1.50,ליטר,false,1,9.50,6.13,false,1,
7290110115593,false,פריגת אשכוליות 40% פחות סוכר 1.5 ליטר פיקדון,החברה המרכזית להפצת משקאות בעמ,,,"י""ח",1.50,ליטר,false,1,9,5.80,false,1,
7290110115623,false,פיוז-טי תה אפרסק זירו 1.5 ליטר פיקדון,החברה המרכזית להפצת משקאות בעמ,,,"י""ח",1.50,ליטר,false,1,8.90,5.73,false,1,
7290110116064,false,פאנטה זירו בטעם פירות ירוק 1.5 ל פיקדון,החברה המרכזית להפצת משקאות בעמ,,,"י""ח",1.50,ליטר,false,1,9,5.80,false,1,
7290110116170,false,נביעות+רכיבי פרי אננס-קוקוס 1.5 ליטר-,החברה המרכזית להפצת משקאות בעמ,,,"י""ח",1.50,ליטר,false,1,9,5.80,false,1,
7290110116194,false,נביעות+ סדרת 0 קלוריות לימון-ליים 1.5 ליטר,החברה המרכזית להפצת משקאות בעמ,,,"י""ח",1.50,ליטר,false,1,9.50,6.13,false,1,
7290110116217,false,נביעות+ סדרת 0 קלוריות אשכוליות 1.5 ליטר,החברה המרכזית להפצת משקאות בעמ,,,"י""ח",1.50,ליטר,false,1,9.50,6.13,false,1,
7290110116484,false,פריגת סחוט מיקס תות בננה 1ליטר,*החברה המרכזית להפצת משקאותבעמ,,,"י""ח",1,ליטר,false,1,17.90,17.90,false,1,
7290110116491,false,פריגת סחוט מיקס אפרסק משמש 1ליטר,*החברה המרכזית להפצת משקאותבעמ,,,"י""ח",1,ליטר,false,1,17.90,17.90,false,1,
7290110116507,false,פריגת סחוט מיקס אננס בננה אגס 1ליטר,*החברה המרכזית להפצת משקאותבעמ,,,"י""ח",1,ליטר,false,1,17.90,17.90,false,1,
7290110116514,false,פריגת סחוט מיקס תות בננה 400מל,*החברה המרכזית להפצת משקאותבעמ,,,"י""ח",400,"ל מ""ל",false,1,9.90,2.40,false,1,
7290110116521,false,"פריגת סחוט מיקס אפרסק משמש 400 מ""ל",*החברה המרכזית להפצת משקאותבעמ,,,"י""ח",400,"ל מ""ל",false,1,9.90,2.40,false,1,
7290110116552,false,ספרייט לימון היט 1.5 ליטר LIME פיקדון,החברה המרכזית להפצת משקאות בעמ,,,"י""ח",1.50,ליטר,false,1,9,5.80,true,1,
7290110116569,false,ספרייט זירו 1.5 ליטר LEMON HIT פיקדון,החברה המרכזית להפצת משקאות בעמ,,,"י""ח",1.50,ליטר,false,1,9,5.80,true,1,
7290110320850,false,פתיתים גבינה חצי קשה מגורדת 28% שומן,תנובה מרכז שיתופי לש,,,"י""ח",200,ל גרם,false,1,15.90,7.95,false,1,
7290110320867,false,פתיתים גבינה חצי קשה מגורדת 28% שומן,תנובה מרכז שיתופי לש,,,"י""ח",500,ל גרם,false,1,37.90,7.58,true,1,
7290110321031,false,מעדן חלב GO יוגורט מועשר בחלבון טבעי 200 ג' יופלה,"תנובה, מחלבת אלון תב",,,"י""ח",200,ל גרם,false,1,5.80,2.90,false,1,
7290110321277,false,קוטג' בקטנה 5% תנובה 100 גרם מהדרין,פארייפאבה אגרואינדוס,,,"י""ח",100,ל גרם,false,1,2.70,2.70,false,1,
7290110323073,false,"משקה יוגורט יופלה גו תות פטל 250 מ""ל - רבנות",מיוצר עי קונדיטוריית,,,"י""ח",250,"ל מ""ל",false,1,6.70,2.68,false,1,
7290110323097,false,מעדן גבינה עם מחית תות-תאומים 80 גר`,"תנובה בע""מ ***",,,"י""ח",80,ל גרם,false,1,1.90,2.38,false,1,
7290110323301,false,טל העמק בסגנון אמנטל 32% שומן 200 גרם,"תנובה בע""מ ***",,,"י""ח",0.80,ליטר,false,1,19.90,24.88,false,1,
7290110323714,false,משקה קוקוס שקדים תנובה E אלטרנטיב,מיוצר עי קונדיטוריית,,,"י""ח",1,ליטר,false,1,13.90,13.90,true,1,
7290110324551,false,יופלה טיוב יוגורט במרקם חלק תות כשרות מהדרין,"תנובה בע""מ ***",,,"י""ח",348,"ל מ""ל",false,1,12.90,3.71,false,1,
7290110324926,false,משקה סויה ללא תוספת סוכר E אלטרנטיב,תנובה מרכז שיתופי לש,,,"י""ח",1,ליטר,false,1,11.90,11.90,true,1,
7290110325084,false,מאגדת שמינייה מיני קרלו שוניל 8*100גרם,"תנובה בע""מ ***",,,"י""ח",800,"ל מ""ל",false,1,14.30,1.79,false,1,
7290110325121,false,"משקה יוגורט יופלה גו לייט מנגו אננס 250 מ""ל",תנובה בעמ ***,,,"י""ח",250,"ל מ""ל",false,1,6.90,2.76,false,1,
7290110325169,false,פרוסות גאודה 170 גר`קולקשיין תנובה,תנובה בעמ ***,,,"י""ח",170,ל גרם,false,1,19.90,11.71,false,1,
7290110325510,false,יופלה טיוב יוגורט במרקם חלק בטעם וניל-יוניקור,"תנובה בע""מ ***",,,"י""ח",348,"ל מ""ל",false,1,12.90,3.71,false,1,
7290110325619,false,משקה שיבולת שועל תנובה E אלטרנטיב,מיוצר עי קונדיטוריית,,,"י""ח",1,ליטר,false,1,13.90,13.90,true,1,
7290110325893,false,משקה חלב GO מועשר בחלבון בטעם אייס קפה,מיוצר עי קונדיטוריית,,,"י""ח",340,"ל מ""ל",false,1,7.90,2.32,true,1,
7290110326210,false,יופלה און טופ פצפוצים תנובה 157 גרם,מיוצר עי קונדיטוריית,,,"י""ח",150,"ל מ""ל",false,1,5.60,3.73,false,1,
7290110326333,false,פרוסות גבינה סקנדינבית 170 גר`קולקשיין,"תנובה בע""מ ***",,,"י""ח",175,ל גרם,false,1,16.90,9.66,false,1,
7290110327514,false,alternative משקה שיבולת שועל בטעם אגוזי לוז תנובה 1 ליטר,תנובה מרכז שיתופי לש,,,"י""ח",1,ליטר,false,1,13.90,13.90,true,1,
7290110327811,false,חטיף חלבון GO בטעם בצק קוקוס 20 גר`חלבו,"בלמונט קונפקציות בע""\מ.",,,"י""ח",1,,false,1,11.90,11.90,false,1,
7290110328504,false,טריו - מיקס גבינות מוצרלה סקנדינבית וגאודה 300 גרם,מיוצר עי קונדיטוריית,,,"י""ח",300,ל גרם,false,1,28.90,9.63,false,1,
7290110328627,false,יוגורט יופלה GO במרקם סמיך בטעם בננה קרמל 0%,מיוצר עי קונדיטוריית,,,"י""ח",200,"ל מ""ל",false,1,5.90,2.95,true,1,
7290110328641,false,טופו טבעי 500 גר`אלטרנטיב 2*250 גר`,"תנובה בע""מ ***",,,"י""ח",500,ל גרם,false,1,19.90,3.98,false,1,
7290110328764,false,יוגורט יופלה GO במרקם סמיך עם תות 0%,מיוצר עי קונדיטוריית,,,"י""ח",200,"ל מ""ל",false,1,5.90,2.95,true,1,
7290110328771,false,יוגורט יופלה GO במרקם סמיך עם פירות יער 0%,מיוצר עי קונדיטוריית,,,"י""ח",200,"ל מ""ל",false,1,5.90,2.95,true,1,
7290110328788,false,יוגורט יופלה GO במרקם סמיך בטעם אפרסק 0%,תנובה מרכז שיתופי לש,,,"י""ח",200,"ל מ""ל",false,1,5.90,2.95,true,1,
7290110328955,false,קוביות גבינת עזים בשמן מתובל פיראוס 350 גרם,דודוני תעשיית החלב החקלא,,,"י""ח",350,ל גרם,false,1,23.90,6.83,false,1,
7290110329136,false,מעדן חלב מעושר בחלבון בטעם שוקולד 120 ג' GO,תנובה מרכז שיתופי לש,,,"י""ח",120,"ל מ""ל",false,1,5.30,4.42,false,1,
7290110329143,false,מעדן חלב מעושר בחלבון בטעם וניל גביע 120 ג' GO,תנובה מרכז שיתופי לש,,,"י""ח",120,"ל מ""ל",false,1,5.30,4.42,false,1,
7290110329686,false,משקה GO חלב בטעם עוגיות 27 גר`חלבון,מיוצר עי קונדיטוריית,,,"י""ח",340,"ל מ""ל",false,1,7.50,2.21,true,1,
7290110329716,false,משקה חלב קר בטעם קפוצ'ינו 230 גרם תנובה,תנובה מרכז שיתופי לש,,,"י""ח",230,ל גרם,false,1,6.90,3,false,1,
7290110329723,false,משקה חלב קר בטעם לאטה 230 גרם תנובה,תנובה מרכז שיתופי לש,,,"י""ח",230,ל גרם,false,1,6.90,3,false,1,
7290110329730,false,"משקה חלב עם שוקולד וקפה בסגנון לאטה 2.7%  230 מ""ל תנובה",תנובה מרכז שיתופי לש,,,"י""ח",230,ל גרם,false,1,6.90,3,false,1,
7290110329792,false,יוגורט סויה BIO Alternative אפרסק 150 ג' תנובה,מיוצר עי קונדיטוריית,,,"י""ח",150,"ל מ""ל",false,1,5.50,3.67,false,1,
7290110329808,false,יוגורט סויה BIO Alternative תות 150 ג' תנובה,מיוצר עי קונדיטוריית,,,"י""ח",150,"ל מ""ל",false,1,5.50,3.67,false,1,
7290110329822,false,יוגורט סויה BIO Alternative פירות יער 150 ג' תנובה,מיוצר עי קונדיטוריית,,,"י""ח",150,"ל מ""ל",false,1,4.80,3.20,false,1,
7290110552121,false,יוגורט 5% בתוספת סידן וויטמין D היוגורט הראשון שלי,שטראוס גרופ בעמ/מצונן,,,"י""ח",100,"ל מ""ל",false,1,2.30,2.30,true,1,
7290110552220,false,יוגורט PRO בטעם תות 0% סוכר לבן 20 גרם חלבון בגביע,שטראוס גרופ בעמ/מצונן,,,"י""ח",20,"ל מ""ל",false,1,5.90,29.50,false,1,
7290110552237,false,יוגורט פרו בטעם אפרסק מנגו ללא סוכר 200 ג' דנונה,שטראוס גרופ בעמ/מצונן,,,"י""ח",20,"ל מ""ל",false,1,5.90,29.50,false,1,
7290110553104,false,נסקפה קפוצ'ינו סטיק קלאסי 130 ג' עלית,שטראוס גרופ בע`מ,,,"י""ח",130,ל גרם,false,1,16.90,13,true,1,
7290110553135,false,נסקפה קפוצ'ינו סטיק וניל 130 ג' עלית,שטראוס גרופ בע`מ,,,"י""ח",130,ל גרם,false,1,16.90,13,true,1,
7290110553180,false,אנרגי פריכיות אורז בטעם תפוח קינמון 50 ג,שטראוס גרופ בע`מ,,,"י""ח",40,ל גרם,false,1,6.90,17.25,true,1,
7290110553425,false,קפה נמס 200 גרם +20% תוספת עלית,שטראוס קפה בי.וי,,,"י""ח",200,"ל מ""ל",false,1,20.80,10.40,false,1,
7290110553432,false,תבשיל אורז מלא וירקות קלויים דלישס,קפוא זן תעשיות מזון בעמ,,,"י""ח",300,ל גרם,false,1,26.90,8.97,true,1,
7290110553623,false,צ'יטוס קראנצ'י בטעם צ'דר חלפיניו - חלבי,"שטראוס פריטו ליי בע""\מ )",,,"י""ח",80,ל גרם,false,1,5.40,6.75,false,1,
7290110554583,false,מארז חטיפי צ'יטוס פאפס בטעם גבינה - 10 יחידות,"שטראוס פריטו ליי בע""\מ )",,,"י""ח",200,ל גרם,false,1,12.90,6.45,true,1,
7290110554798,false,פולי אספרסו עשירים וארומטיים עוצמה 8 עלית 250 גרם,שטראוס קפה בי. וי.,,,"י""ח",250,ל גרם,false,1,21.90,8.76,false,1,
7290110555078,false,לאבנה עם שמן זית ועשבי תיבול שטראוס 250 גרם,שטראוס גרופ בעמ/מצונן,,,"י""ח",250,ל גרם,false,1,10.90,4.36,true,1,
7290110555092,false,לאבנה עם שמן זית וצ'ילי שטראוס 250 גרם,שטראוס גרופ בעמ/מצונן,,,"י""ח",250,ל גרם,false,1,10.90,4.36,true,1,
7290110555603,false,ספלנדיד אבקה להכנת משקה בטעם שוקולטה,שטראוס גרופ בע`מ,,,"י""ח",220,ל גרם,false,1,24.90,11.32,false,1,
7290110555665,false,קקאו דל שומן עלית בקופסא 220 גרם,שטראוס גרופ בע`מ,,,"י""ח",220,ל גרם,false,1,19.90,9.05,false,1,
7290110555795,false,נסקפה קפוצ'ינו פחית קלאסי 200 ג' עלית,שטראוס גרופ בע`מ,,,"י""ח",200,ל גרם,false,1,21.90,10.95,false,1,
7290110556242,false,"שוקולד מריר פרווה 100 גר' בד""ץ תוצרת חוץ","שטראוס גרופ בע""מ.",,,"י""ח",100,ל גרם,false,1,6.50,6.50,true,1,
7290110557027,false,חומוס עשיר 50% טחינה גולמית 400 ג' אחלה,שטראוס גרופ בעמ/מצונן,,,"י""ח",400,ל גרם,false,1,15.20,3.80,true,1,
7290110557102,false,מעדן חלב עם שוקולד מועשר בחלבון 150 ג' שטראוס,שטראוס גרופ בעמ/מצונן,,,"י""ח",130,ל גרם,false,1,5,3.85,true,1,
7290110557133,false,מעדן הגולן וניל 125 ג' שטראוס,שטראוס גרופ בעמ/מצונן,,,"י""ח",125,ל גרם,false,1,3.40,2.72,true,1,
7290110557478,false,חומוס גלילי במרקם מעודן 600 גרם,שטראוס גרופ בעמ/מצונן,,,"י""ח",600,ל גרם,false,1,12.90,2.15,true,1,
7290110558130,false,יוגורט אקטיביה עם שיבולת שועל ודבש 150 גרם,שטראוס גרופ בעמ/מצונן,,,"י""ח",150,"ל מ""ל",false,1,4.50,3,false,1,
7290110558222,false,"וואו יוגורט עם שכבה בטעם בנופי פאי 5.4%, 150ג דנונה",שטראוס גרופ בעמ/מצונן,,,"י""ח",150,"ל מ""ל",false,1,4.90,3.27,true,1,
7290110558239,false,"וואו יוגורט עם שכבה בטעם קראק פאי 5.4%, 150 ג דנונה",שטראוס גרופ בעמ/מצונן,,,"י""ח",150,"ל מ""ל",false,1,4.90,3.27,true,1,
7290110558284,false,דנונה ביו מולטי שטראוס 200 גרם,שטראוס גרופ בעמ/מצונן,,,"י""ח",200,"ל מ""ל",false,1,4.20,2.10,false,1,
7290110558314,false,דנונה פרו 20 גרם חלבון ללא סוכר פיסטוק 200 גרם,שטראוס גרופ בעמ/מצונן,,,"י""ח",20,"ל מ""ל",false,1,5.90,29.50,false,1,
7290110558666,false,מעדן גבינה בטעם תפוח 88 ג' דניאלה,שטראוס גרופ בעמ/מצונן,,,"י""ח",150,"ל מ""ל",false,1,4.30,2.87,false,1,
7290110559007,false,"שועועית חומה טעם הטבע קופסה, 380 גרם",שטראוס גרופ בע`מ,,,"י""ח",380,ל גרם,false,1,6.90,1.82,true,1,
7290110559014,false,שעועית שחורה מבושלת טעם הטבע 380 גרם,שטראוס גרופ בע`מ,,,"י""ח",380,ל גרם,false,1,6.90,1.82,true,1,
7290110560317,false,"הפריכיות הטעימות חומוס, עדשים שחורות, קינואה ומלח ים","פרח תעשיו מזון בע""מ",,,"י""ח",30,ל גרם,false,1,5.50,18.33,false,1,
7290110560324,false,"הפריכיות הטעימות תפו""א, אורז, אפונה ומלח ים","פרח תעשיו מזון בע""מ",,,"י""ח",30,ל גרם,false,1,5.50,18.33,false,1,
7290110561352,false,דנונה יוגורט ביו פרוביוטי 3% דל לקטוז 150ג',שטראוס גרופ בעמ/מצונן,,,"י""ח",200,"ל מ""ל",false,1,3.70,1.85,false,1,
7290110561604,false,מארז 8 יחידות מעדן גמדים בטעם תות בננה,שטראוס גרופ בעמ/מצונן,,,"י""ח",800,ל גרם,false,1,18.90,2.36,false,1,
7290110563448,false,"משקה קפה קר בסגנון מעודן 230 מ""ל 1.6% יוטבתה",שטראוס גרופ בעמ/מצונן,,,"י""ח",230,"ל מ""ל",false,1,7.90,3.43,true,1,
7290110563462,false,חלב 2% דל לקטוז בבקבוק יטבתה 1 ליטר.,שטראוס גרופ בעמ/מצונן,,,"י""ח",1,ליטר,false,1,8.20,8.20,false,1,
7290110564339,false,חומוס אחלה הסידרה המובחר 30% טחינה 400 גר',שטראוס גרופ בעמ/מצונן,,,"י""ח",400,ל גרם,false,1,15.20,3.80,true,1,
7290110564360,false,חומוס אחלה הסידרה המובחר 40% טחינה 400 גר',שטראוס גרופ בעמ/מצונן,,,"י""ח",400,ל גרם,false,1,15.20,3.80,true,1,
7290110564414,false,חומוס אחלה הסידרה המובחר 30% טחינה 600 גר',שטראוס גרופ בעמ/מצונן,,,"י""ח",600,ל גרם,false,1,13.90,2.32,false,1,
7290110564742,false,"משקה קפה קר בסגנון חזק 230 מ""ל 1.2% יוטבתה",שטראוס גרופ בעמ/מצונן,,,"י""ח",230,"ל מ""ל",false,1,7.90,3.43,true,1,
7290110564919,false,"דנונה מתיקות מעודנת לל""ס וממתיק 150גר",שטראוס גרופ בעמ/מצונן,,,"י""ח",150,ל גרם,false,1,3.90,2.60,false,1,
7290110565435,false,מעדן ג`לי בטעם פטל חלבי שטראוס (125 גרם,שטראוס גרופ בעמ/מצונן,,,"י""ח",125,ל גרם,false,1,2.30,1.84,true,1,
7290110565527,false,יוגורט PRO פרו 1.5% 20 גרם חלבון בגביע,שטראוס גרופ בעמ/מצונן,,,"י""ח",20,"ל מ""ל",false,1,6.20,31,false,1,
7290110566975,false,דנונה פרו יוגורט 0% תות עשיר בחלבון 200ג',שטראוס גרופ בעמ/מצונן,,,"י""ח",20,"ל מ""ל",false,1,6.20,31,false,1,
7290110568238,false,"קצפת צמחית 21% שומן 250 מ""ל יוטבתה",שטראוס גרופ בעמ/מצונן,,,"י""ח",250,"ל מ""ל",false,1,8.20,3.28,false,1,
7290110568276,false,"משקה יוטבתה פרו וניל לשתיה 350מ""ל",שטראוס גרופ בעמ/מצונן,,,"י""ח",350,ל גרם,false,1,6.90,1.97,false,1,
7290110568566,false,דוריטוס גריל עלית מארז 10 יח' *25 ג',"שטראוס פריטו ליי בע""מ )פ",,,"י""ח",250,ל גרם,false,1,16.90,6.76,false,1,
7290110570224,false,משקה קפה קר בטעם עוגיות (230 גר`) יטבתה,שטראוס גרופ בעמ/מצונן,,,"י""ח",230,"ל מ""ל",false,1,7.90,3.43,true,1,
7290110571184,false,עדשים חומות 380 גר` טעם הטבע שטראוס,שטראוס גרופ בע`מ,,,"י""ח",380,ל גרם,false,1,6.90,1.82,true,1,
7290110571382,false,מעדן חלב בטעם וניל מעושר בחלבון 150 ג' שטראוס,שטראוס גרופ בעמ/מצונן,,,"י""ח",130,ל גרם,false,1,5,3.85,true,1,
7290110571412,false,מיני פינוקיות - פאדג' שוקולד בגביע 180 גרם,שטראוס גרופ בע`מ,,,"י""ח",200,ל גרם,false,1,10.90,5.45,true,1,
7290110571474,false,אצבעות רבע לשבע טבעוני פופקורן 125גר`,"הגביע מוצרי וופלים בע""\מ",,,"י""ח",125,ל גרם,false,1,12.90,10.32,false,1,
7290110572129,false,כיף כף מקלות שוקולד לבן 40 ג' עלית,סולן בעבור שטראוס,,,"י""ח",40,ל גרם,false,1,5.20,13,true,1,
7290110572969,false,כיף כף פצפצים עלית קרם לבן (40 גר`),שולן צ'\יקולטה גידה סאן.,,,"י""ח",40,ל גרם,false,1,4.90,12.25,true,1,
7290110572976,false,כיף כף פצפצים בגביע במילוי קרם בטעם שוקולד לבן,שולן צ'יקולטה גידה ס,,,"י""ח",135,ל גרם,false,1,9.90,7.33,false,1,
7290110575274,false,"שמן זית יד מרדכי כתית 750 מ""ל שמיטה","שטראוס גרופ בע""מ",,,"י""ח",750,"ל מ""ל",false,1,33.20,4.43,false,1,
7290110576318,false,מאגדת שלישיית שוקולד אגוז לבן 300 ג' עלית,שטראוס גרופ בע`מ,,,"י""ח",112,ל גרם,false,1,25.90,23.13,false,1,
7290110576363,false,"שוקולד ספלנדיד מריר 80% חלבי ,פולי קקאו מאוגנדה",שטראוס גרופ בע`מ,,,"י""ח",105,ל גרם,false,1,8.90,8.48,true,1,
7290110576387,false,מאגדת שלישיית שוקולד אגוז חלב 300 ג' עלית,שטראוס גרופ בע`מ,,,"י""ח",112,ל גרם,false,1,25.90,23.13,false,1,
7290110576752,false,טבלאות שוקולד ספלנדיד מריר 70% 100 ג' עלית,שטראוס גרופ בע`מ,,,"י""ח",100,ל גרם,false,1,12.40,12.40,false,1,
7290110576776,false,טבלאות שוקולד ספלנדיד מריר 85% 100 ג' עלית,שטראוס גרופ בע`מ,,,"י""ח",100,ל גרם,false,1,12.40,12.40,false,1,
7290110576790,false,סקי בטעם מוקה 3% (125 גר`) דנונה,שטראוס גרופ בעמ/מצונן,,,"י""ח",125,ל גרם,false,1,3.70,2.96,true,1,
7290110577247,false,"יטבתה משקה חלב-פיסטוק בבקבוק 350 מ""ל",שטראוס גרופ בעמ/מצונן,,,"י""ח",350,"ל מ""ל",false,1,6.50,1.86,false,1,
7290111093685,false,קוויק מגבונים לניקוי כללי בריח לימון*3,שקד תבל בעמ,,,"י""ח",3,"י""ח",false,1,19.90,6.63,true,1,
7290111094248,false,"קוויק שקית אשפה חזקה וגדולה במיוחד (90*78), 20 יח'",שקד תבל בע`מ,,,"י""ח",1,"י""ח",false,1,21.90,21.90,true,1,
7290111096921,false,קוויק מגבונים לניקוי כללי בתוספת חומץ ומלח לימון 50 יח',שקד תבל בע`מ,,,"י""ח",50,"י""ח",false,1,8.90,0.18,true,1,
7290111170720,false,ערכת תספורת וטיפוח לגבר,פוגיקום בעמ,,,"י""ח",1,,false,1,99.90,99.90,true,1,
7290111170911,false,מייבש שיער פוג'יקום 2000W,פוגיקום בעמ,,,"י""ח",1,,false,1,199.90,199.90,true,1,
7290111285325,false,צלחת במבוק 23 סמ מיני מאוס,שמחה זה אנחנו בע`מ,,,"י""ח",1,,false,1,10.90,10.90,false,1,
7290111340178,false,מטליות לחות ניקול לניקוי כללי בניחוח מרכך כביסה 50 יח',קימברלי קלארק ישראל שיווק בעמ,,,"י""ח",100,ל גרם,false,1,12.90,12.90,false,1,
7290111340925,false,מטליות לחות ניקול XL לניקוי כללי בניחוח פריחה 40 יח',קימברלי קלארק ישראל שיווק בעמ,,,"י""ח",100,ל גרם,false,1,10.90,10.90,false,1,
7290111341373,false,נייר טואלט לילי פסטל 30 יחידות,קימברלי קלארק ישראל שיווק בעמ,,,"י""ח",30,"י""ח",false,1,35.90,1.20,false,1,
7290111341540,false,קוטקס אקטיב טמפונים ללא מוליך נורמל 32יח,קימברלי קלארק ישראל שיווק בעמ,,,"י""ח",1,,false,1,28.90,28.90,false,1,
7290111341557,false,קוטקס אקטיב טמפונים ללא מוליך סופר 32יח,קימברלי קלארק ישראל שיווק בעמ,,,"י""ח",1,,false,1,28.90,28.90,false,1,
7290111341984,false,לילי - מגבוני נייר טואלט לח פיור רביעייה,קימברלי קלארק ישראל שיווק בעמ,,,"י""ח",117,ל גרם,false,1,24.90,21.28,true,1,
7290111343117,false,קלינקס ממחטות לושן סופט פק זוגות 140דף,קימברלי קלארק ישראל שיווק בעמ,,,"י""ח",140,"י""ח",false,1,15.90,0.11,false,1,
7290111343766,false,דיפנד תחתונים סופגים M גברים 10 יח,קימברלי קלארק ישראל שיווק בעמ,,,"י""ח",100,ל גרם,false,1,57.90,57.90,false,1,
7290111343841,false,ניקול ספוגית הקסם נירוסטה 3 יחידות,קימברלי קלארק ישראל שיווק בעמ,,,"י""ח",3,"י""ח",false,1,10,3.33,false,1,
7290111344206,false,האגיס נטורל קר מגבונים לחים בבישום עדין רביעייה,קימברלי קלארק ישראל שיווק בעמ,,,"י""ח",4,"י""ח",false,1,19.90,4.98,true,1,
7290111344503,false,חיתולי האגיס אקסטרה קייר מידה +4 36 יח',קימברלי קלארק ישראל שיווק בעמ,,,"י""ח",1,"י""ח",false,1,57.90,57.90,true,1,
7290111344732,false,קלינקס - טיישו אלרג'י קומפורט ניילון זוגות 140 דף,קימברלי קלארק ישראל שיווק בעמ,,,"י""ח",1,,false,1,14.90,14.90,false,1,
7290111344831,false,קוטקס - מגיני יום אקסטרא פרוטקט נורמל ביג 60 יח',קימברלי קלארק ישראל שיווק בעמ,,,"י""ח",1,"י""ח",false,1,22.90,22.90,true,1,
7290111344916,false,ניקול שישיית כריות יפניות אנטיבקטריאליות,קימברלי קלארק ישראל שיווק בעמ,,,"י""ח",1,"י""ח",false,1,13.90,13.90,false,1,
7290111345050,false,כרית מיקרופייבר דו צדדית לניקוי עדין,קימברלי קלארק ישראל שיווק בעמ,,,"י""ח",10,"י""ח",false,1,12.90,1.29,false,1,
7290111345814,false,נייר טואלט לילי נטורל קר 30 גלילים מהדורה,קימברלי קלארק ישראל שיווק בעמ,,,"י""ח",552,מטר,false,1,36.90,0.07,false,1,
7290111346293,false,מגבת נייר ניקול 6 יחידות מהדורה חגיגית,קימברלי קלארק ישראל שיווק בעמ,,,"י""ח",66.20,מטר,false,1,13.90,0.21,false,1,
7290111346347,false,מגבוני אף אוריגינל סופט חמישיה קלינקס,קימברלי קלארק ישראל שיווק בעמ,,,"י""ח",5,"י""ח",false,1,15.90,3.18,true,1,
7290111346538,false,"האגיס פרידום דריי שלב 5+ משקל 14-20ק""ג",קימברלי קלארק ישראל שיווק בעמ,,,"י""ח",38,"י""ח",false,1,45.90,1.21,true,1,
7290111350047,false,תמרים מזן מגהול ללא חרצנים 500 גרם,ליימן שליסל בע`מ,,,"י""ח",500,ל גרם,false,1,14.90,2.98,true,1,
7290111350665,false,קליית גת דבש לחיץ טהור מפרחי בר 350 גרם,חקלאות עין חרוד מאוח,,,"י""ח",350,"ל מ""ל",false,1,22.90,6.54,false,1,
7290111350672,false,צנצנת דבש קליית גת 700 גרם,חקלאות עין חרוד מאוח,,,"י""ח",700,"ל מ""ל",false,1,32.90,4.70,false,1,
7290111350726,false,חטיף נאצוס הוטפופ בסגנון מקסיקני 322 גר,ליימן שליסל בע`מ,,,"י""ח",323,ל גרם,false,1,15.90,4.92,true,1,
7290111351280,false,תערובת אגוזים קלויים ללא מלח 150 גרם קליית גת,ליימן שליסל,,,"י""ח",150,ל גרם,false,1,17.90,11.93,false,1,
7290111352959,false,מקלות חמוצים ממולאים בטעם פירות 80 גר' יוגטה,ליימן שליסל בעמ,,,"י""ח",80,ל גרם,false,1,4.90,6.13,false,1,
7290111353055,false,"גומי דובי 200 גר' וסטהיים (כש""לפ בית יוסף)",טופגם תעשיות ממתקים,,,"י""ח",200,ל גרם,false,1,9.90,4.95,true,1,
7290111353109,false,"גומי נחש מבריק 200 גר' וסטהיים (כש""לפ בית יוסף).",טופגם תעשיות ממתקים,,,"י""ח",200,ל גרם,false,1,9.90,4.95,true,1,
7290111353239,false,"גומי יין 200 גר' וסטהיים (כש""לפ בית יוסף)",טופגם תעשיות ממתקים,,,"י""ח",200,ל גרם,false,1,9.90,4.95,true,1,
7290111354151,false,ממרח אגוזי לוז קליית גת 200 גר,ליימן שליסל בעמ,,,"י""ח",200,ל גרם,false,1,15.90,7.95,true,1,
7290111531323,false,עוגיות רוגלך טעם וניל 400גרם.,שיבולים יצור ושיווק מוצרי מאפה,,,"י""ח",400,ל גרם,false,1,13.90,3.48,true,1,
7290111534010,false,פס גבינה שמנת פירורים קפולסקי 400 גרם,תופינים מקבוצת קפולסקי,,,"י""ח",450,ל גרם,false,1,44.90,9.98,false,1,
7290111563492,false,סלטי צבר מטבוחה חריפה מרובע 6*400גרם,קבוצת אוסם סחר-שות.מוגבלת,,,"י""ח",400,ל גרם,false,1,14.30,3.58,true,1,
7290111564277,false,פריכיות דקות ונימוחות 3 דגנים פיטנס Fitness,קבוצת אוסם סחר שותפות מוגבלת,,,"י""ח",120,ל גרם,false,1,11.90,9.92,true,1,
7290111564291,false,פריכיות דקות ונימוחות 3 דגנים וקינואה פיטנס Fitness,קבוצת אוסם סחר שותפות מוגבלת,,,"י""ח",120,ל גרם,false,1,11.90,9.92,true,1,
7290111564727,false,עוגיות אסם קרמוגית וקרם אגוזים אסם 200ג',קבוצת אוסם סחר שותפות מוגבלת,,,"י""ח",200,ל גרם,false,1,10.90,5.45,true,1,
7290111564956,false,"ביסלי במבה מיקס 200 גרם ""אסם""",קבוצת אוסם סחר שותפות מוגבלת,,,"י""ח",200,ל גרם,false,1,9.90,4.95,true,1,
7290111566240,false,שניצל דק מן הצומח בטעם צ'ילי חריף 700 גרם,קבוצת אוסם סחר שותפות מוגבלת,,,"י""ח",564,ל גרם,false,1,39.90,7.07,true,1,
7290111566318,false,שניצל דק מן הצומח בטעם ביתי 700 גרם,קבוצת אוסם סחר שותפות מוגבלת,,,"י""ח",564,ל גרם,false,1,39.90,7.07,true,1,
7290111566547,false,טבעול חזה בגריל צמחוני 99 קלוריות 560ג',קבוצת אוסם סחר שותפות מוגבלת,,,"י""ח",560,ל גרם,false,1,39.90,7.13,true,1,
7290111566714,false,טבעול המבורגר צמחוני 99 קלוריות 600 גרם,קבוצת אוסם סחר שותפות מוגבלת,,,"י""ח",600,ל גרם,false,1,39.90,6.65,true,1,
7290111566752,false,טבעול שניצל תירס 99 קלוריות 693 גרם,קבוצת אוסם סחר שותפות מוגבלת,,,"י""ח",693,ל גרם,false,1,39.90,5.76,true,1,
7290111566776,false,"נקניקיות קוקטייל מן הצומח 680 גרם ""טבעול""",קבוצת אוסם סחר שותפות מוגבלת,,,"י""ח",680,ל גרם,false,1,39.90,5.87,true,1,
7290111568251,false,אטריות נודלס להקפצה אסם אסייתי 350 גר',קבוצת אוסם סחר שותפות מוגבלת,,,"י""ח",300,ל גרם,false,1,12.90,4.30,false,1,
7290111930799,false,קראנצ'וס טעם בצל 55גר,ש. שסטוביץ בע`מ,,,"י""ח",55,ל גרם,false,1,3.90,7.09,true,1,
7290111930805,false,קראנצ'וס טעם ברביקיו 55 גר',ש. שסטוביץ בע`מ,,,"י""ח",55,ל גרם,false,1,3.90,7.09,true,1,
7290111930850,false,קראנצ'וס טעם פיצה 55גר',ש. שסטוביץ בע`מ,,,"י""ח",55,ל גרם,false,1,3.90,7.09,true,1,
7290111930928,false,חטיף פוף לבבות גריל 40 גרם,ש. שסטוביץ בע`מ,,,"י""ח",40,ל גרם,false,1,4.40,11,true,1,
7290111930935,false,חטיף פוף טבעות קלאסי 40 גרם,ש. שסטוביץ בע`מ,,,"י""ח",40,ל גרם,false,1,4.40,11,true,1,
7290111931338,false,סבון רחצה פלמוליב לומינוס מועשר בשמנים טבעיים,קולגייט פלמוליב,,,"י""ח",500,"ל מ""ל",false,1,15.90,3.18,true,1,
7290111933462,false,"רוטב צ'ילי מתוק מאסטר שף 300 מ""ל",ש. שסטוביץ בע`מ,,,"י""ח",300,ל גרם,false,1,10.90,3.63,false,1,
7290111936296,false,"פלמוליב סבון נוזלי בניחוח סנסיישן מסאז' ,750 מ""ל",קולגייט פלמוליב,,,"י""ח",750,"ל מ""ל",false,1,19.90,2.65,true,1,
7290111936487,false,"קולגייט זוג משחת שיניים טוטל קלין להלבנה 100 מ""ל",קולגייט פלמוליב,,,"י""ח",100,"ל מ""ל",false,1,29.90,29.90,false,1,
7290111938481,false,"רוטב סויה בהירה מאסטר שף 300 מ""ל",ש. שסטוביץ בע`מ,,,"י""ח",300,"ל מ""ל",false,1,10.90,3.63,false,1,
7290111990205,false,שטיח סלון 230*160,שויה ייבוא ושיווק בעמ,,,"י""ח",1,,false,1,199,199,false,1,
7290112000736,false,פיניש טבליות AIO 80 יח` אריזת חיסכון,רקיט בנקיזר (ניר איסט) בעמ,,,"י""ח",80,"י""ח",false,1,59.90,0.75,true,1,
7290112002136,false,ג'ל כביסה מרוכז קולון 101 קלאסי,רקיט בנקיזר (ניר איסט) בעמ,,,"י""ח",4,ליטר,false,1,36.90,9.23,false,1,
7290112002143,false,ג'ל כביסה מרוכז קולון 101 בניחוח לילך,רקיט בנקיזר (ניר איסט) בעמ,,,"י""ח",4,ליטר,false,1,36.90,9.23,false,1,
7290112002150,false,ג'ל כביסה מרוכז קולון 101 בניחוח ורדים,רקיט בנקיזר (ניר איסט) בעמ,,,"י""ח",4,ליטר,false,1,36.90,9.23,false,1,
7290112002457,false,דטול - שלישיית מגבונים לניקוי וחיטוי בניחוח לימון,רקיט בנקיזר (ניר איסט) בעמ,,,"י""ח",1,,false,1,21.90,21.90,false,1,
7290112004208,false,פיניש טבליות למדיח הכל ב 1 לימון 50 יחידות,רקיט בנקיזר (ניר איסט) בעמ,,,"י""ח",50,"י""ח",false,1,39.90,0.80,true,1,
7290112004413,false,"ספריי וניש קליה להסרת כתמים לבגדים לבנים 750 מ""ל",רקיט בנקיזר (ניר איסט) בעמ,,,"י""ח",750,"ל מ""ל",false,1,17.90,2.39,true,1,
7290112004604,false,דטול - שלישיית מגבונים לניקוי וחיטוי בניחוח לימון רימונים,רקיט בנקיזר (ניר איסט) בעמ,,,"י""ח",1,,false,1,21.90,21.90,false,1,
7290112005045,false,וניש מסיר כתמים אבקה לכביסה לבנה 480 גרם,רקיט בנקיזר (ניר איסט) בעמ,,,"י""ח",480,ל גרם,false,1,16.90,3.52,true,1,
7290112005052,false,וניש תוסף כביסה רב תכליתי לבגדים לבנים,רקיט בנקיזר (ניר איסט) בעמ,,,"י""ח",150,ל גרם,false,1,39.90,26.60,true,1,
7290112005076,false,וניש תוסף כביסה רב תכליתי צבעוני 480 גרם,רקיט בנקיזר (ניר איסט) בעמ,,,"י""ח",480,ל גרם,false,1,16.90,3.52,true,1,
7290112005168,false,פיניש אולטימייט קוואנטום לימון 60 טבליות למדיח,רקיט בנקיזר (ניר איסט) בעמ,,,"י""ח",45,"י""ח",false,1,59.90,1.33,true,1,
7290112195647,false,"שמן זית כתית מעולה 750מ""ל הזית",א.ג בחירה חכמה בעמ,,,"י""ח",750,"ל מ""ל",false,1,29.90,3.99,true,1,
7290112330352,false,"יוגורט PRO בטעם וניל 0% , 20 גרם חלבון בגביע",שטראוס גרופ בעמ/מצונן,,,"י""ח",20,"ל מ""ל",false,1,6.20,31,false,1,
7290112330390,false,דנונה פרו פירות יער 20 גרם חלבון 0% שומן 200 גרם,שטראוס גרופ בעמ/מצונן,,,"י""ח",200,"ל מ""ל",false,1,6.20,3.10,false,1,
7290112330420,false,דנונה פרו לבן 2.9% שומן בודד 150גר,שטראוס גרופ בעמ/מצונן,,,"י""ח",150,ל גרם,false,1,4.90,3.27,false,1,
7290112332585,false,פריכיות משולש תפוא אורז בתיבול סלק ומלח ים אנרג'י 30 גרם,"פרח תעשיו מזון בע""מ",,,"י""ח",30,ל גרם,false,1,5.50,18.33,false,1,
7290112332691,false,פינוקיות עוגיות קרם פסק זמן אגוזים 200 גרם,"הגביע מוצרי וופלים בע""\מ",,,"י""ח",200,ל גרם,false,1,12.80,6.40,true,1,
7290112334596,false,שוקולית אבקת שוקו עלית,שטראוס קפה בי.וי.,,,"י""ח",850,ל גרם,false,1,17.90,2.11,false,1,
7290112334749,false,קפה טורקי בצלופן עלית 200 גרם+ 10% תוספת,שטראוס קפה בי.וי,,,"י""ח",200,ל גרם,false,1,17.90,8.95,true,1,
7290112335111,false,מסטיק מאסט קוביות בזוקה ללא גלוטן 86 גר,שטראוס גרופ בע`מ,,,"י""ח",80,ל גרם,false,1,14.90,18.63,false,1,
7290112335487,false,הפריכיות הטעימות קצח ודגנים אנרג'י 135 גרם,אנרג'י Energy - שטראוס,,,"י""ח",135,ל גרם,false,1,13.90,10.30,false,1,
7290112335500,false,"פרכיות אנרג'י חומוס,אורז,עדשים שחורות וקינואה 135 גרם","פרח תעשיות מזון בע""\מ",,,"י""ח",135,ל גרם,false,1,13.90,10.30,false,1,
7290112336637,false,סוכריות מאסט Must ללא סוכר יוגורט תות ואוכניות,שטראוס גרופ בע`מ,,,"י""ח",80,ל גרם,false,1,9.50,11.88,false,1,
7290112336644,false,סוכריות מאסט ללא סוכר לימון 80 ג' עלית,שטראוס גרופ בע`מ,,,"י""ח",80,ל גרם,false,1,9.50,11.88,false,1,
7290112336651,false,סוכריות מאסט ללא סוכר ריבת חלב 80 ג' עלית,שטראוס גרופ בע`מ,,,"י""ח",80,ל גרם,false,1,9.70,12.13,false,1,
7290112336712,false,יוגורט PRO לבן 0% 21 גרם חלבון בגביע,שטראוס גרופ בעמ/מצונן,,,"י""ח",20,"ל מ""ל",false,1,6.20,31,false,1,
7290112338877,false,מעדן גבינה בטעם תות 3% 125ג' סקי,שטראוס גרופ בעמ/מצונן,,,"י""ח",125,ל גרם,false,1,3.70,2.96,true,1,
7290112339171,false,מעדן מוס שוקולד 81 גר`מילקי,שטראוס גרופ בעמ/מצונן,,,"י""ח",81,ל גרם,false,1,3.70,4.57,false,1,
7290112339362,false,דנונה לייט אנד פריי בטעם קפוצ'ינו 150 גרם,שטראוס גרופ בעמ/מצונן,,,"י""ח",150,"ל מ""ל",false,1,4.90,3.27,true,1,
7290112339867,false,גמדים לדרך גבינה לבנה עם מחית תות,שטראוס גרופ בעמ/מצונן,,,"י""ח",100,ל גרם,false,1,5.90,5.90,false,1,
7290112339874,false,גמדים לדרך גבינה לבנה עם מחיות תות ובננה,שטראוס גרופ בעמ/מצונן,,,"י""ח",100,ל גרם,false,1,5.90,5.90,false,1,
7290112340122,false,הפריכיות הטעימות 3 דגנים אנרג'י 135 גרם,"פרח תעשיות מזון בע""\מ",,,"י""ח",135,ל גרם,false,1,13.90,10.30,false,1,
7290112340276,false,פינוקיות עוגיית קרם קפה נמס 200 גרם,"הגביע מוצרי וופלים בע""\מ",,,"י""ח",200,ל גרם,false,1,12.90,6.45,true,1,
7290112341679,false,אקטיביה יוגורט 3% דנונה (200 גרם),שטראוס גרופ בעמ/מצונן,,,"י""ח",200,ל גרם,false,1,4.20,2.10,true,1,
7290112341686,false,שמינייה יוגורט לבן אקטיביה 3% דנונה 150 גרם.,שטראוס גרופ בעמ/מצונן,,,"י""ח",1.20,ליטר,false,1,21.50,17.92,false,1,
7290112342102,false,סימפוניה גבינה במרקם שמנת בצל מקורמל 5%,שטראוס גרופ בעמ/מצונן,,,"י""ח",200,ל גרם,false,1,12,6,true,1,
7290112343260,false,"יטבתה רוטב שמנת קלאסי 9% שומן 260 מ""ל",שטראוס גרופ בעמ/מצונן,,,"י""ח",260,ל גרם,false,1,11.30,4.35,true,1,
7290112343420,false,"משקה חלב עם דגנים מלאים ובננה פרו יטבתה 350מ""ל",שטראוס גרופ בעמ/מצונן,,,"י""ח",350,"ל מ""ל",false,1,7.90,2.26,false,1,
7290112343499,false,חטיף צ'יטוס פאפס אפוי בטעם גבינה,"שטראוס פריטו ליי בע""\מ )",,,"י""ח",60,ל גרם,false,1,3.50,5.83,true,1,
7290112343512,false,צ'יטוס puffs בטעם גבינה 180 גרם,"שטראוס פריטו ליי בע""\מ )",,,"י""ח",180,ל גרם,false,1,7.50,4.17,false,1,
7290112344564,false,רביולי גבינה קלאסי שטראוס 400 ג',שטראוס גרופ בעמ/מצונן,,,"י""ח",400,ל גרם,false,1,21.70,5.43,true,1,
7290112344724,false,מילקי בטעם שוקולד בלונדי עם קצפת 133גר,שטראוס גרופ בעמ/מצונן,,,"י""ח",133,ל גרם,false,1,3.40,2.56,false,1,
7290112344755,false,מילקי עם 26% פחות סוכר 135 גר}שטראוס{,שטראוס גרופ בעמ/מצונן,,,"י""ח",130,"ל מ""ל",false,1,2.90,2.23,false,1,
7290112344786,false,קפה פלטינום קלאסיק עלית 200 גרם,הנסיך- מפעל לייצור ט,,,"י""ח",200,ל גרם,false,1,28.90,14.45,true,1,
7290112344953,false,סימפוניה חציל קלוי גבינה במקרם שמנת 5%,שטראוס גרופ בעמ/מצונן,,,"י""ח",200,ל גרם,false,1,12,6,true,1,
7290112346360,false,בפלות אחת אחת ופל בטעם שוקולד מצופה שוקולד,הגביע מוצרי וופלים ב,,,"י""ח",180,ל גרם,false,1,14.90,8.28,false,1,
7290112346537,false,עוגיות פינוקיות בטעם טורטית 200 ג' עלית,"הגביע מוצרי ופלים בע""\מ",,,"י""ח",200,ל גרם,false,1,12.90,6.45,true,1,
7290112346629,false,דנונה בר יוגורט+קורנפלקס מצופה שוקולד חלב ולבן 172 גרם,שטראוס גרופ בעמ/מצונן,,,"י""ח",175,"ל מ""ל",false,1,4.80,2.74,false,1,
7290112346797,false,יוגורט אקטיביה שיבולת שועל ושזיף 150 גרם,שטראוס גרופ בעמ/מצונן,,,"י""ח",150,ל גרם,false,1,4.70,3.13,false,1,
7290112346827,false,שמיניית אקטימל ויטמין C פטל 108 גרם,שטראוס גרופ בעמ/מצונן,,,"י""ח",800,"ל מ""ל",false,1,20.20,2.53,false,1,
7290112347008,false,גמדים לדרך גבינה לבנה עם מחית תות ושיבולת שועל,שטראוס גרופ בעמ/מצונן,,,"י""ח",100,ל גרם,false,1,5.90,5.90,false,1,
7290112348142,false,שעועית לבנה 380 גר' בקופסה טעם הטבע,שטראוס גרופ בע`מ,,,"י""ח",380,ל גרם,false,1,7.90,2.08,true,1,
7290112348586,false,עלית - קפה נמס מילקשייק אייס קלאסי 200 גרם (2),שטראוס קפה בי.וי,,,"י""ח",200,ל גרם,false,1,19.90,9.95,true,1,
7290112349606,false,מעדן גבינה ויוגורט תות בננה 88 ג' דניאלה,שטראוס גרופ בעמ/מצונן,,,"י""ח",150,"ל מ""ל",false,1,4.30,2.87,false,1,
7290112349743,false,ארביאטה רוטב עגבניות פיקנטי לפסטה 350 ג' יד מרדכי,אמיליאנה קונסרב סוסייטה,,,"י""ח",350,ל גרם,false,1,12.90,3.69,true,1,
7290112349750,false,פיצה רוטב עגבניות לפיצה יד מרדכי 350 גרם,אמיליאנה קונסרב סוסייטה,,,"י""ח",350,ל גרם,false,1,12.80,3.66,true,1,
7290112350589,false,צ`יקו להכנת משקה צ`יקוריה עלית (65 גרם),שטראוס קפה בי.וי,,,"י""ח",65,ל גרם,false,1,12.90,19.85,false,1,
7290112351067,false,סילאן טבעי 100% תמר מג'הול ללא תוספת סוכר,שטראוס גרופ בע`מ,,,"י""ח",630,ל גרם,false,1,26.60,4.22,false,1,
7290112351258,false,עוגיית קקאו פינוקיות שחור לבן 200 גר,"הגביע מוצרי ופלים בע""\מ",,,"י""ח",200,ל גרם,false,1,12.90,6.45,true,1,
7290112353887,false,"משקה קפה קר בטעם אגוזים יטבתה 230 מ""ל",האי נאם סי או אל.טי.,,,"י""ח",230,"ל מ""ל",false,1,7.90,3.43,true,1,
7290112354945,false,תפוצ'יפס WAVY בטעם טבעי 50 גרם,שטראוס פריטו ליי בע”,,,"י""ח",50,ל גרם,false,1,4.50,9,false,1,
7290112354952,false,תפוצ`יפס פפריקה (50 גרם)היתר מכירה,שטראוס פריטו ליי בע”,,,"י""ח",50,ל גרם,false,1,4.50,9,false,1,
7290112355027,false,דנונה פרו 20 גרם חלבון בטעם קרמל מלוח 200 גרם,שטראוס גרופ בעמ/מצונן,,,"י""ח",20,"ל מ""ל",false,1,6.20,31,false,1,
7290112355102,false,גמדים סקוויז 100 גרם פאוץ סלט פירות 100 גרם,שטראוס גרופ בעמ/מצונן,,,"י""ח",100,ל גרם,false,1,5.90,5.90,false,1,
7290112355386,false,יטבתה רוטב שמנת בטעם קרמל מלוח יטבתה 260 גרם,שטראוס גרופ בעמ/מצונן,,,"י""ח",200,ל גרם,false,1,11.30,5.65,true,1,
7290112355393,false,"יטבתה רוטב שמנת+בטטה 9% שומן 250 מ""ל",שטראוס גרופ בעמ/מצונן,,,"י""ח",257,ל גרם,false,1,10.90,4.24,true,1,
7290112355775,false,גבינת סימפוניה עם עירית 200 גרם,שטראוס גרופ בעמ/מצונן,,,"י""ח",200,ל גרם,false,1,12,6,true,1,
7290112355812,false,מילקי טופ קורנפלקס 141 ג' שטראוס,שטראוס גרופ בעמ/מצונן,,,"י""ח",130,"ל מ""ל",false,1,4.60,3.54,false,1,
7290112357045,false,עגבניות איטלקיות מרוסקות 390 גר' בקופסה טעם הטבע,"שטראוס גרופ בע""מ",,,"י""ח",390,ל גרם,false,1,6.90,1.77,true,1,
7290112357069,false,מחית עגבניות איטלקיות בקופסה 500 גר' טעם הטבע,שטראוס גרופ בע`מ,,,"י""ח",500,ל גרם,false,1,7.90,1.58,true,1,
7290112357076,false,קוביות עגבניות איטלקיות 390 גר' בקופסה טעם הטבע,"שטראוס גרופ בע""מ",,,"י""ח",390,ל גרם,false,1,6.90,1.77,true,1,
7290112357083,false,טעם הטבע אפונה ירוקה 380 גרם קופסה,הדקלאים אגודת שיתופי,,,"י""ח",380,ל גרם,false,1,8,2.11,true,1,
7290112357892,false,שלישיית סוכריות מאסט FRESH מנטה 45 גרם,"הליקון גידה בע""\מ",,,"י""ח",45,ל גרם,false,1,9.50,21.11,false,1,
7290112358004,false,פסק זמן חטיף קראנץ עלית( 32 גר`),שולן צ'\יקולטה גידה סאן.,,,"י""ח",45,ל גרם,false,1,4.90,10.89,false,1,
7290112358219,false,רוטב צ`ילי מתוק יד מרדכי (300 גר`),אף.סי תבליני בגליל ב,,,"י""ח",280,"ל מ""ל",false,1,14.80,5.29,false,1,
7290112358233,false,רוטב צ`ילי חריף יד מרדכי (300 גר`),שטראוס גרופ בע`מ,,,"י""ח",280,"ל מ""ל",false,1,15,5.36,false,1,
7290112358240,false,רוטב גריל יד מרדכי 300 גרם,שטראוס גרופ בע`מ,,,"י""ח",300,"ל מ""ל",false,1,15,5,false,1,
7290112358431,false,עד חצות דאבל ביסקוויט עם שוקולד חלב -8 אריזות אישיות,ביסקוויטס טור ד'\אלבון,,,"י""ח",200,ל גרם,false,1,14.80,7.40,false,1,
7290112415400,false,עוגיות אלפחורס קפולסקי 280 גרם,תופינים מקבוצת קפולסקי,,,"י""ח",300,ל גרם,false,1,29.90,9.97,false,1,
7290112490032,false,"נמס בכוס טעם תירס קנור 31 גרם מארז זוגי בד""צ",יוניליוור ישראל שיווק בע`מ,,,"י""ח",64,ל גרם,false,1,8.50,13.28,true,1,
7290112490216,false,מרק נמס בכוס בטעם עוף קנור 100% רכיבים טבעיים,יוניליוור ישראל שיווק בע`מ,,,"י""ח",48,ל גרם,false,1,8.50,17.71,true,1,
7290112490230,false,מרק נמס בכוס אפונה קנור 100% רכיבים טבעיים,יוניליוור ישראל שיווק בע`מ,,,"י""ח",50,ל גרם,false,1,8.50,17,true,1,
7290112490650,false,קונפיטורה תות שדה 340 גרם-צנצנת,יוניליוור ישראל שיווק בע`מ,,,"י""ח",340,ל גרם,false,1,13.90,4.09,false,1,
7290112490667,false,קונפיטורה משמש778 50% פרי 340 גר',יוניליוור ישראל שיווק בע`מ,,,"י""ח",340,ל גרם,false,1,13.90,4.09,false,1,
7290112490698,false,קונפיטורה תות שדה לייט 300 גרם-צנצנת,יוניליוור ישראל שיווק בע`מ,,,"י""ח",260,ל גרם,false,1,13.90,5.35,false,1,
7290112490728,false,מרק עשיר ירקות עם בורגול רכיבים טבעיים 95 ג' קנור,יוניליוור ישראל שיווק בע`מ,,,"י""ח",74,ל גרם,false,1,12.50,16.89,false,1,
7290112490735,false,מרק עשיר עגבניות עם פסטה ר.טבעיים 105 גרם קנור,יוניליוור ישראל שיווק בע`מ,,,"י""ח",74,ל גרם,false,1,12.50,16.89,false,1,
7290112490827,false,תרסיס ריחני למייבש הכביסה בדין בייבי 500,יוניליוור ישראל שיווק בע`מ,,,"י""ח",500,"ל מ""ל",false,1,19.90,3.98,true,1,
7290112490896,false,"קנור רוטב צ'ילי חריף 370 מ""ל PAL",יוניליוור ישראל שיווק בע`מ,,,"י""ח",300,"ל מ""ל",false,1,11.90,3.97,true,1,
7290112491558,false,שישיית שוקולד מריר פרווה ורד הגליל 100 גרם ליח' כשלפ,יוניליוור ישראל שיווק בע`מ,,,"י""ח",600,ל גרם,false,1,19.90,3.32,false,1,
7290112491787,false,בייגלה דקים דקים עם שומשום בייגל בייגל 300 גרם,יוניליוור ישראל שיווק בע`מ,,,"י""ח",300,ל גרם,false,1,11.90,3.97,true,1,
7290112492449,false,פינוק שמפו שיער רגיל 700 מל-חדש,"יוניליוור ישראל שיווק בע""מ",,,"י""ח",700,"ל מ""ל",false,1,13.90,1.99,true,1,
7290112492456,false,"שמפו פינוק לשיער יבש/פגום 700 מ""ל",יוניליוור ישראל שיווק בע`מ,,,"י""ח",700,"ל מ""ל",false,1,13.90,1.99,true,1,
7290112492463,false,"שמפו ומרכך 2 ב-1 לשיער רגיל פינוק 700 מ""ל.",יוניליוור ישראל שיווק בע`מ,,,"י""ח",700,"ל מ""ל",false,1,13.90,1.99,true,1,
7290112492531,false,"פינוק קונדישנר לשיער רגיל 700מ""ל",יוניליוור ישראל שיווק בע`מ,,,"י""ח",700,"ל מ""ל",false,1,13.90,1.99,true,1,
7290112492593,false,תחליב רחצה פינוק בניחוח פינוק קלאסי 700,יוניליוור ישראל שיווק בע`מ,,,"י""ח",750,"ל מ""ל",false,1,11.90,1.59,false,1,
7290112492647,false,"פינוק לגבר 3 ב1 שמפו ג'ל רחצה וסבון פנים 700 מ""ל",יוניליוור ישראל שיווק בע`מ,,,"י""ח",700,"ל מ""ל",false,1,13.90,1.99,true,1,
7290112492746,false,"פינוק מרכך ללא דמעות לסירוק קל לילדים 700 מ""ל",יוניליוור ישראל שיווק בע`מ,,,"י""ח",700,"ל מ""ל",false,1,14.90,2.13,false,1,
7290112492944,false,"קנור אבקת מרק עוף אמיתי 400 גרם כשל""פ",יוניליוור ישראל שיווק בע`מ,,,"י""ח",400,ל גרם,false,1,22.90,5.73,true,1,
7290112492982,false,"אבקת מרק פטריות כשל""פ 100% רכיבים טבעיים 400 גרם",יוניליוור ישראל שיווק בע`מ,,,"י""ח",400,ל גרם,false,1,29.50,7.38,true,1,
7290112492999,false,קנור מרק עוף אמיתי 400 גרם פרווה,יוניליוור ישראל שיווק בע`מ,,,"י""ח",400,ל גרם,false,1,15.90,3.98,true,1,
7290112493088,false,נמס בכוס עדשים מרק רכיבים טבעיים קנור 54 ג',יוניליוור ישראל שיווק בע`מ,,,"י""ח",48,ל גרם,false,1,8.50,17.71,true,1,
7290112493095,false,נמס בכוס מרק עגבניות חריף רכיבים טבעיים קנור 48 ג',יוניליוור ישראל שיווק בע`מ,,,"י""ח",48,ל גרם,false,1,8.50,17.71,true,1,
7290112493293,false,קנור - נמס ירקות וקרוטונים ר.טבעי 44 גרם,יוניליוור ישראל שיווק בע`מ,,,"י""ח",48,ל גרם,false,1,8.50,17.71,true,1,
7290112493316,false,מרק היום אפונה 100% רכיבים טביעיים קנור,יוניליוור ישראל שיווק בע`מ,,,"י""ח",117,ל גרם,false,1,12.50,10.68,false,1,
7290112493927,false,גלידה בטעם ריבת חלב 1.33ל' קרמיסימו,"גלידת שטראוס בע""\מ, רחוב",,,"י""ח",776,"ל מ""ל",false,1,18.90,2.44,false,1,
7290112493934,false,קרמיסימו מעדן קפוא טעם וניל צרפתי,"גלידת שטראוס בע""\מ, רחוב",,,"י""ח",776,"ל מ""ל",false,1,18.90,2.44,false,1,
7290112494153,false,תיבוליות ניחוח צלי קנור( 72 גרם),יוניליוור ישראל שיווק בע`מ,,,"י""ח",72,ל גרם,false,1,10.40,14.44,true,1,
7290112494221,false,חטיף ביסקויט שוקולד חלב קליק (65 גרם),יוניליוור ישראל שיווק בע`מ,,,"י""ח",65,ל גרם,false,1,6.40,9.85,false,1,
7290112494238,false,חטיף כדורים שוקולד חלב קליק (65 גרם),יוניליוור ישראל שיווק בע`מ,,,"י""ח",65,ל גרם,false,1,6.40,9.85,false,1,
7290112494276,false,קליק כריות בתפזורת כשר לפסח,יוניליוור ישראל שיווק בע`מ,,,"י""ח",65,ל גרם,false,1,6.40,9.85,false,1,
7290112494344,false,קורנפלקס של אלופים תלמה (850 גרם)רבנות,יוניליוור ישראל שיווק בע`מ,,,"י""ח",850,ל גרם,false,1,18.70,2.20,false,1,
7290112494351,false,קורנפלקס של אלופים תלמה (850 גרם).בדצ,יוניליוור ישראל שיווק בע`מ,,,"י""ח",850,ל גרם,false,1,18.70,2.20,false,1,
7290112495006,false,כריות דגנים במילוי נוגט בדצ 686 גרם,יוניליוור ישראל שיווק בע`מ,,,"י""ח",750,ל גרם,false,1,25.90,3.45,false,1,
7290112495037,false,דגני בוקר בטעם שוקולד כדורים 375 ג' קוקומן,יוניליוור ישראל שיווק בע`מ,,,"י""ח",375,ל גרם,false,1,21.90,5.84,true,1,
7290112495044,false,דגני קוקומן פצפוצים תלמה (375 גרם),יוניליוור ישראל שיווק בע`מ,,,"י""ח",375,ל גרם,false,1,21.90,5.84,true,1,
7290112495143,false,נשנושי קרקר קוקטייל מלוח בייגל בייגל 300 גרם,יוניליוור ישראל שיווק בע`מ,,,"י""ח",300,ל גרם,false,1,14.50,4.83,false,1,
7290112495174,false,נשנושי קרקר קוקטייל שומשום בייגל בייגל 300 גרם,יוניליוור ישראל שיווק בע`מ,,,"י""ח",300,ל גרם,false,1,14.50,4.83,false,1,
7290112495280,false,ברנפלקס ריבועי קינמון תלמה (400 גרם),יוניליוור ישראל שיווק בע`מ,,,"י""ח",400,"ל מ""ל",false,1,22.90,5.73,false,1,
7290112495433,false,דגני דליפקאן תוספת אגוזי פקאן ושקדים 400 גר,יוניליוור ישראל שיווק בע`מ,,,"י""ח",400,ל גרם,false,1,21.90,5.48,false,1,
7290112495662,false,קרקר חיטה מלאה ופשתן בייגל בייגל 300 גרם,יוניליוור ישראל שיווק בע`מ,,,"י""ח",300,ל גרם,false,1,10.90,3.63,false,1,
7290112495754,false,רוטב לסלט אלף האיים הלמנס (305 מל),יוניליוור ישראל שיווק בע`מ,,,"י""ח",305,ל גרם,false,1,11.90,3.90,false,1,
7290112495761,false,רוטב לסלט אלף האיים לייט הלמנס (305 מל),יוניליוור ישראל שיווק בע`מ,,,"י""ח",305,ל גרם,false,1,11.90,3.90,false,1,
7290112496027,false,"סירופ שוקולד לחיץ 580 מ""ל כשל""פ אפיכל",יוניליוור ישראל שיווק בע`מ,,,"י""ח",580,"ל מ""ל",false,1,13.90,2.40,false,1,
7290112496034,false,"סירופ מייפל לחיץ 580 מ""ל כשל""פ אפיכל",יוניליוור ישראל שיווק בע`מ,,,"י""ח",580,"ל מ""ל",false,1,13.90,2.40,false,1,
7290112496447,false,נמס בכוס אקסטרה טעם עוף עם המון אטריות 27ג',יוניליוור ישראל שיווק בע`מ,,,"י""ח",39,ל גרם,false,1,3.90,10,false,1,
7290112496461,false,נמס בכוס אקסטרה מרק ירקות עם המון אטריות,יוניליוור ישראל שיווק בע`מ,,,"י""ח",35,ל גרם,false,1,5.90,16.86,false,1,
7290112497000,false,פנטסטיק תרכיז ניקוי רב תכליתי בניחוח לימון,יוניליוור ישראל שיווק בע`מ,,,"י""ח",1,ליטר,false,1,11.90,11.90,false,1,
7290112497123,false,סחלב תערובת להכנת מעדן בטעם סחלב 112גרם,יוניליוור ישראל שיווק בע`מ,,,"י""ח",112,ל גרם,false,1,12.90,11.52,false,1,
7290112497499,false,קליק אקסטרא לארג שוקולד לבן עוגיות 85 גרם,יוניליוור ישראל שיווק בע`מ,,,"י""ח",100,ל גרם,false,1,6.90,6.90,true,1,
7290112497864,false,אבקת מרק בטעם עוף רכיבים טבעיים 33% פחות נתרן 400 גרם,יוניליוור ישראל שיווק בע`מ,,,"י""ח",400,ל גרם,false,1,24.90,6.23,true,1,
7290112498007,false,גרנולה פרוטאין בתוספת חלבון שקדים וחמוציות תלמה 300 ג',יוניליוור ישראל שיווק בע`מ,,,"י""ח",300,ל גרם,false,1,16.90,5.63,false,1,
7290112498267,false,פינוק אל סבון לידיים בניחוח פינוק קלאסי,יוניליוור ישראל שיווק בע`מ,,,"י""ח",950,"ל מ""ל",false,1,12.90,1.36,false,1,
7290112498441,false,"קנור רוטב אסיאתי למוקפץ 300 מ""ל בד""ץ",יוניליוור ישראל שיווק בע`מ,,,"י""ח",370,"ל מ""ל",false,1,11.90,3.22,true,1,
7290112498915,false,מאגדת מיני מגנום שקדים מובחר שטראוס 250 גרם,"מיוצר ע""\י גלידת שטראוס",,,"י""ח",280,ל גרם,false,1,27.90,9.96,false,1,
7290112499097,false,מאגדת מיני מגנום מריר Intense Dark! 240 גרם,"מיוצר ע""\י גלידת שטראוס",,,"י""ח",280,ל גרם,false,1,27.90,9.96,false,1,
7290112499127,false,שלגון גלידה שוקולד לבן ותות 77 גרם,"מיוצר ע""\י גלידת שטראוס",,,"י""ח",90,ל גרם,false,1,10,11.11,true,1,
7290112499639,false,טילון סופר מגנום וניל צ'יפ שוקולד 110 גרם,"מיוצר ע""\י גלידת שטראוס",,,"י""ח",110,ל גרם,false,1,11,10,true,1,
7290112499837,false,מגנום דואט שוקו לד עם נוגט שטראוס,"מיוצר ע""\י גלידת שטראוס",,,"י""ח",90,ל גרם,false,1,11,12.22,true,1,
7290112499844,false,מאגדת מיני מגנום דואט שוקולד עם נוגט שטראוס 310 גרם,"מיוצר ע""\י גלידת שטראוס",,,"י""ח",280,ל גרם,false,1,27.90,9.96,false,1,
7290112499929,false,מגנום שוקולד אימפלס פסח 120מל,"מיוצר ע""\י גלידת שטראוס",,,"י""ח",90,ל גרם,false,1,11,12.22,true,1,
7290112499936,false,מגנום שקדים אימפלס פסח 125מל,"מיוצר ע""\י גלידת שטראוס",,,"י""ח",90,ל גרם,false,1,11,12.22,true,1,
7290112499943,false,מיני מאגדת מיני מגנום טעמים שונים וניל+שוקו,"מיוצר ע""\י גלידת שטראוס",,,"י""ח",280,ל גרם,false,1,27.90,9.96,false,1,
7290112961266,false,בייגלה כפיות פיזור איטלקי אסם 300 גרם,קבוצת אוסם סחר שותפות מוגבלת,,,"י""ח",300,ל גרם,false,1,11.80,3.93,false,1,
7290112961372,false,פיטנס חטיפי פריכיות דקות קינמון 60 גרם,קבוצת אוסם סחר שותפות מוגבלת,,,"י""ח",60,ל גרם,false,1,10.70,17.83,true,1,
7290112963321,false,גריסיני בייגלה שטוח ללא גלוטן אסם 300גרם,קבוצת אוסם סחר שותפות מוגבלת,,,"י""ח",300,ל גרם,false,1,14.10,4.70,false,1,
7290112963918,false,פיטנס חטיפי קרקר דק רוזמרין 140 גרם,קבוצת אוסם סחר שותפות מוגבלת,,,"י""ח",140,ל גרם,false,1,13.90,9.93,true,1,
7290112964410,false,אסם רוטב אלף האיים חדש לסלט 290 גרם,קבוצת אוסם סחר שותפות מוגבלת,,,"י""ח",290,"ל מ""ל",false,1,12.90,4.45,true,1,
7290112964472,false,אסם רוטב שום חדש לסלט 290 גרם,קבוצת אוסם סחר שותפות מוגבלת,,,"י""ח",290,"ל מ""ל",false,1,12.90,4.45,true,1,
7290112964601,false,רוטב בנוסח סצ'ואן הסדרה האסייתית,קבוצת אוסם סחר שותפות מוגבלת,,,"י""ח",360,ל גרם,false,1,14.90,4.14,false,1,
7290112964724,false,המבורגר צמחוני עם המון חלבון 580 גר,קבוצת אוסם סחר שותפות מוגבלת,,,"י""ח",580,ל גרם,false,1,39.90,6.88,true,1,
7290112965660,false,פיטנס - חטיף מולטיגריין מלח פלפל 25 גרם,קבוצת אוסם סחר שותפות מוגבלת,,,"י""ח",25,ל גרם,false,1,5,20,true,1,
7290112965684,false,פיטנס - חטיף מולטיגריין עשבי תיבול 25 גרם,קבוצת אוסם סחר שותפות מוגבלת,,,"י""ח",25,ל גרם,false,1,5,20,true,1,
7290112965707,false,פיטנס - חטיף מולטיגריין צילי מעודן 25 גרם,קבוצת אוסם סחר שותפות מוגבלת,,,"י""ח",25,ל גרם,false,1,5,20,true,1,
7290112965943,false,נאגטס ירקות ירוקים ( 500 גר`) טבעול,קבוצת אוסם סחר שותפות מוגבלת,,,"י""ח",500,ל גרם,false,1,39.90,7.98,true,1,
7290112965967,false,נאגטס ירקות כתומים ( 500 גר`) טבעול,קבוצת אוסם סחר שותפות מוגבלת,,,"י""ח",500,ל גרם,false,1,39.90,7.98,true,1,
7290112965981,false,"טבעול גורמה ארוחת דגנים, 450 גרם",קבוצת אוסם סחר-שות.מוגבלת,,,"י""ח",450,ל גרם,false,1,34.90,7.76,true,1,
7290112966001,false,"טבעול גורמה ארוחת ירוקים, 450 גרם",קבוצת אוסם סחר שותפות מוגבלת,,,"י""ח",450,ל גרם,false,1,34.90,7.76,true,1,
7290112966728,false,צבר טחינה בלאדי פלפלים חריפים 350 גרם,קבוצת אוסם סחר שותפות מוגבלת,,,"י""ח",350,ל גרם,false,1,17,4.86,true,1,
7290112966780,false,צבר טחינה בלאדי עם חציל קלוי 350 גרם,קבוצת אוסם סחר שותפות מוגבלת,,,"י""ח",350,ל גרם,false,1,16.90,4.83,true,1,
7290112967114,false,פיטנס חטיפי פריכיות קטניות ופלפל 60 גרם,קבוצת אוסם סחר שותפות מוגבלת,,,"י""ח",60,ל גרם,false,1,11.20,18.67,true,1,
7290112967138,false,בייגלה שמיניות ללא גלוטן אסם 250 גרם,קבוצת אוסם סחר שותפות מוגבלת,,,"י""ח",250,ל גרם,false,1,11.90,4.76,false,1,
7290112967381,false,פיטנס חטיפי פריכיות קטניות ומלח ים 60 גרם,קבוצת אוסם סחר שותפות מוגבלת,,,"י""ח",60,ל גרם,false,1,11.20,18.67,true,1,
7290112967749,false,פרפקטו פסטה נוציאולה 500 גר`אסם,קבוצת אוסם סחר-שות.מוגבלת,,,"י""ח",500,ל גרם,false,1,8.40,1.68,false,1,
7290112968203,false,צבר סלט טחינה בלאדי 6*250גרם,קבוצת אוסם סחר שותפות מוגבלת,,,"י""ח",250,ל גרם,false,1,12.60,5.04,false,1,
7290112968340,false,צבר חומוס סמיר הגדול 400 גר`,קבוצת אוסם סחר שותפות מוגבלת,,,"י""ח",400,ל גרם,false,1,15.80,3.95,true,1,
7290112968524,false,צבר סלט חומוס גרגירים רכים 6*250גרם,קבוצת אוסם סחר שותפות מוגבלת,,,"י""ח",250,ל גרם,false,1,12.10,4.84,false,1,
7290112968708,false,"שניצל תירס עדה חרדית טבעול 1.3 ק""ג",קבוצת אוסם סחר שותפות מוגבלת,,,"י""ח",1.30,"ק""ג",false,1,50.30,38.69,true,1,
7290112968722,false,טבעול נקניקיות מן הצומח עדה חרדית 1.2קג,קבוצת אוסם סחר שותפות מוגבלת,,,"י""ח",1.30,"ק""ג",false,1,58.30,44.85,true,1,
7290112968807,false,80018416694פיטנס חטיפי קרקר דק סלק 150גר,קבוצת אוסם סחר שותפות מוגבלת,,,"י""ח",150,ל גרם,false,1,13.90,9.27,true,1,
7290112968821,false,חטיפי קרקר דק בטטה 140 גר` פיטנס,קבוצת אוסם סחר שותפות מוגבלת,,,"י""ח",150,ל גרם,false,1,13.90,9.27,true,1,
7290112969071,false,פרפקטו פסטה רדיאטורי 12*500גרם,קבוצת אוסם סחר-שות.מוגבלת,,,"י""ח",500,ל גרם,false,1,12,2.40,false,1,
7290113050273,false,תבנית אינגליש קצרה R15,פאלאס תעשיות נטו (2014) בעמ,,,"י""ח",1,,false,1,0.70,0.70,false,1,
7290113190450,false,ממרח תמרים 450 גרם שקדיה,דין שיווק וקליה 2021 בעמ,,,"י""ח",450,ל גרם,false,1,5.90,1.31,false,1,
7290113190863,false,סילאן טבעי לחיץ שקדיה 385 גרם,דין שיווק וקליה 2021 בעמ,,,"י""ח",385,ל גרם,false,1,14.90,3.87,false,1,
7290113191099,false,"סירופ מייפל 250מ""ל שקדיה","קופרדקס איי פי אם בע""\מ",,,"י""ח",250,"ל מ""ל",false,1,19.90,7.96,false,1,
7290113192164,false,אגוזי קשיו קלופים 150 גרם ששון הקולה,דין שיווק וקליה 2021 בעמ,,,"י""ח",150,ל גרם,false,1,15.90,10.60,false,1,
7290113192171,false,מיקס אגוזים שקדים וחמוציות 150 גר`ששון,דין שיווק וקליה 2021 בעמ,,,"י""ח",150,ל גרם,false,1,11.90,7.93,false,1,
7290113192300,false,זיתים מושחרים חרוזית 275 גרם בית השיטה,קבוצת אוסם סחר שותפות מוגבלת,,,"י""ח",275,ל גרם,false,1,11.30,4.11,true,1,
7290113192324,false,זיתים ירוקים שלמים בינוניים בית השיטה,קבוצת אוסם סחר-שות.מוגבלת,,,"י""ח",340,ל גרם,false,1,10.90,3.21,false,1,
7290113192348,false,בית השיטה זיתים ירוקים גדול מאודבטעם שום,קבוצת אוסם סחר-שות.מוגבלת,,,"י""ח",340,ל גרם,false,1,11.20,3.29,true,1,
7290113192355,false,חרוזית זיתים ירוקים ללא גלעין 275 ג' בית השיטה,קבוצת אוסם סחר שותפות מוגבלת,,,"י""ח",275,ל גרם,false,1,11.10,4.04,true,1,
7290113192362,false,זיתים ירוקים טבעות A2 בית השיטה 280 גרם,קבוצת אוסם סחר שותפות מוגבלת,,,"י""ח",280,ל גרם,false,1,11.20,4,false,1,
7290113192386,false,בית השיטה זיתים ירוקים סורי מבוקע 340גרם,קבוצת אוסם סחר שותפות מוגבלת,,,"י""ח",340,ל גרם,false,1,12.50,3.68,false,1,
7290113192478,false,בית השיטה מלפפונים במלח בינוני 10-12 320 גרם,קבוצת אוסם סחר שותפות מוגבלת,,,"י""ח",320,ל גרם,false,1,9.40,2.94,false,1,
7290113192485,false,בית השיטה מלפפונים בחומץ בינוני 10-12 290 גרם,קבוצת אוסם סחר שותפות מוגבלת,,,"י""ח",290,ל גרם,false,1,9.30,3.21,false,1,
7290113192492,false,בית השיטה מלפפונים בחומץ קטנים 1317 290 גרם,קבוצת אוסם סחר שותפות מוגבלת,,,"י""ח",290,ל גרם,false,1,10.90,3.76,false,1,
7290113192508,false,בית השיטה מלפפונים במלח קטן 1317 320 גרם,קבוצת אוסם סחר שותפות מוגבלת,,,"י""ח",320,ל גרם,false,1,10.90,3.41,false,1,
7290113192515,false,בית השיטה מלפפונים במלח קטן מאוד 1825 320 גרם,קבוצת אוסם סחר שותפות מוגבלת,,,"י""ח",320,ל גרם,false,1,13.30,4.16,false,1,
7290113192539,false,בית השיטה מלפפונים במלח גדול 79 320 גרם,קבוצת אוסם סחר שותפות מוגבלת,,,"י""ח",320,ל גרם,false,1,7.90,2.47,false,1,
7290113192546,false,"מלפפונים בחומץ רכיבים טבעיים 7-9 ""בית השיטה""",קבוצת אוסם סחר שותפות מוגבלת,,,"י""ח",290,ל גרם,false,1,7.90,2.72,false,1,
7290113192560,false,פלפל חריף כבוש שיפקה בית השיטה (430 גר`),קבוצת אוסם סחר שותפות מוגבלת,,,"י""ח",230,ל גרם,false,1,7.90,3.43,true,1,
7290113192577,false,בית השיטה כרוב כבוש א2 12*430גרם חדש,קבוצת אוסם סחר שותפות מוגבלת,,,"י""ח",430,ל גרם,false,1,7.90,1.84,false,1,
7290113192881,false,"טורטיה חיטה מופחת קלוריות, קוטר 20 ס""מ - 6 יח'",דין שיווק וקליה 2021 בעמ,,,"י""ח",420,ל גרם,false,1,8.90,2.12,false,1,
7290113192997,false,בית השיטה חזית מרוקאי 340 גר`,קבוצת אוסם סחר שותפות מוגבלת,,,"י""ח",720,ל גרם,false,1,12.90,1.79,false,1,
7290113193000,false,בית השיטה פלפל שיפקונית 230 גרם*,קבוצת אוסם סחר שותפות מוגבלת,,,"י""ח",230,ל גרם,false,1,10.90,4.74,false,1,
7290113193017,false,בית השיטה חרוזית קוקטייל זיתים 275 גרם,קבוצת אוסם סחר שותפות מוגבלת,,,"י""ח",275,ל גרם,false,1,12.90,4.69,false,1,
7290113193031,false,חרוזית קלמטה - זיתים שחורים ללא גלעין קלמטה,קבוצת אוסם סחר שותפות מוגבלת,,,"י""ח",275,ל גרם,false,1,12.90,4.69,false,1,
7290113194090,false,בית השיטה טבעות זיתים קלמטה 280 גרם,קבוצת אוסם סחר שותפות מוגבלת,,,"י""ח",280,ל גרם,false,1,10.90,3.89,false,1,
7290113195479,false,קמח שקדים 200 גרם - שקדיה,דין שיווק וקליה 2021 בעמ,,,"י""ח",200,ל גרם,false,1,15.90,7.95,false,1,
7290113196414,false,"אורז בסמטי 1 ק""ג - שקדיה כחול מטאלי",דין שיווק וקליה 2021 בעמ,,,"י""ח",1,"ק""ג",false,1,9.80,9.80,false,1,
7290113196490,false,פריכיות כוסמת בתוספת זרעי ציה שקדיה 150 גרם,דין שיווק וקליה 2021 בעמ,,,"י""ח",150,ל גרם,false,1,9.90,6.60,false,1,
7290113196902,false,מנה חמה אטריות אורז בטעם בקר שקדיה 70 גרם,דין שיווק וקליה 2021 בעמ,,,"י""ח",70,ל גרם,false,1,7.90,11.29,false,1,
7290113197169,false,שקדיה חמאת בוטנים עם שברי בוטנים 510 גר,דין שיווק וקליה 2021 בעמ,,,"י""ח",510,ל גרם,false,1,15.90,3.12,false,1,
7290113197824,false,לבבות דקל בית השיטה 220 גרם,קבוצת אוסם סחר-שות.מוגבלת,,,"י""ח",220,ל גרם,false,1,12.90,5.86,true,1,
7290113197855,false,תירס גמדי בית השיטה 230 גרם,קבוצת אוסם סחר-שות.מוגבלת,,,"י""ח",230,ל גרם,false,1,12.90,5.61,true,1,
7290113198395,false,קשיו ענק 250גר מחנה יהודה,דין שיווק וקליה 2021 בעמ****,,,"י""ח",250,ל גרם,false,1,24.90,9.96,true,1,
7290113198401,false,בוטנים קלויים ג`מבו 300גר מחנה יהודה,דין שיווק וקליה 2021 בעמ****,,,"י""ח",300,ל גרם,false,1,19.90,6.63,true,1,
7290113198418,false,שקד קלוי ענק 250גר מחנה יהודה,דין שיווק וקליה 2021 בעמ****,,,"י""ח",250,ל גרם,false,1,24.90,9.96,true,1,
7290113198425,false,פקאן טבעי 200גר מחנה יהודה,דין שיווק וקליה 2021 בעמ****,,,"י""ח",200,ל גרם,false,1,24.90,12.45,true,1,
7290113198432,false,תערובת פיצוחים מובחרת 250גר מחנה יהודה,דין שיווק וקליה 2021 בעמ****,,,"י""ח",250,ל גרם,false,1,24.90,9.96,true,1,
7290113198449,false,שקד טבעי 300גר מחנה יהודה,דין שיווק וקליה 2021 בעמ****,,,"י""ח",300,ל גרם,false,1,24.90,8.30,true,1,
7290113198456,false,חמוציות 250גר מחנה יהודה,דין שיווק וקליה 2021 בעמ****,,,"י""ח",250,ל גרם,false,1,9.90,3.96,true,1,
7290113198463,false,פקאו סיני 160גר מחנה יהודה,דין שיווק וקליה 2021 בעמ****,,,"י""ח",160,ל גרם,false,1,19.90,12.44,true,1,
7290113198470,false,אגוז מלך 200גר מחנה יהודה,דין שיווק וקליה 2021 בעמ****,,,"י""ח",200,ל גרם,false,1,14.90,7.45,true,1,
7290113198494,false,פיסטוק קלוי גדול 200גר מחנה יהודה,דין שיווק וקליה 2021 בעמ****,,,"י""ח",200,ל גרם,false,1,24.90,12.45,true,1,
7290113198517,false,שזיף ללא גרעין 330גר מחנה יהודה,דין שיווק וקליה 2021 בעמ****,,,"י""ח",330,ל גרם,false,1,19.90,6.03,true,1,
7290113198562,false,סוכריות גומי בטעם תות שדה 200 ג' שקדיה,דין שיווק וקליה 2021 בעמ,,,"י""ח",200,ל גרם,false,1,9.90,4.95,false,1,
7290113198586,false,סוכריות גומי מסוכרות בטעם אפרסק 200 ג' שקדיה,דין שיווק וקליה 2021 בעמ,,,"י""ח",200,ל גרם,false,1,9.90,4.95,false,1,
7290113198593,false,סוכריות גומי מסוכרות בטעם בננה 200 ג' שקדיה,דין שיווק וקליה 2021 בעמ,,,"י""ח",200,ל גרם,false,1,9.90,4.95,false,1,
7290113198753,false,סוכריות גומי תות שדה 300ג מחנה יהודה,דין שיווק וקליה 2021 בעמ****,,,"י""ח",288,ל גרם,false,1,14.90,5.17,true,1,
7290113199323,false,עלי טורטילוס בוריטו150גר,אלקטי קוראבייכיסיגידה טו,,,"י""ח",440,ל גרם,false,1,5.90,1.34,false,1,
7290113199392,false,פרכיות כוסמת דקות בתוספת שקדים שקדיה 90 גרם,דין שיווק וקליה 2021 בעמ,,,"י""ח",150,ל גרם,false,1,9.90,6.60,false,1,
7290113199408,false,פרכיות כוסמין דקות בתוספת מלח שקדיה 95 גרם,דין שיווק וקליה 2021 בעמ,,,"י""ח",150,ל גרם,false,1,9.90,6.60,false,1,
7290113199637,false,"חטיף בוטנים גרעיני דלעת חמוציות שומשום זרעי פשתן ציה לל""ס",דין שיווק וקליה 2021 בעמ,,,"י""ח",220,ל גרם,false,1,14.90,6.77,false,1,
7290113199705,false,מוזלי פירות יבשים 500 גר' 500ג' שקדיה,דין שיווק וקליה 2021 בעמ,,,"י""ח",500,ל גרם,false,1,12.90,2.58,false,1,
7290113199842,false,מגש אירוח סוכריות גומי 700 ג' שקדיה,דין שיווק וקליה 2021 בעמ,,,"י""ח",350,ל גרם,false,1,29.90,8.54,false,1,
7290113199859,false,מגש אירוח סוכריות גומי 350 ג' שקדיה,דין שיווק וקליה 2021 בעמ,,,"י""ח",350,ל גרם,false,1,14.90,4.26,false,1,
7290113199880,false,טורטיה בתוספת קמח כוסמין ושיבול שועל שקדיה 360 גרם,דין שיווק וקליה 2021 בעמ,,,"י""ח",360,ל גרם,false,1,9.90,2.75,false,1,
7290113199897,false,סוכריות חמצוצים בטעם תות שדה 180 ג' שקדיה,דין שיווק וקליה 2021 בעמ,,,"י""ח",180,ל גרם,false,1,9.90,5.50,false,1,
7290113199927,false,סוכריות חמצוצים בטעם פירות 180 ג' שקדיה,דין שיווק וקליה 2021 בעמ,,,"י""ח",180,ל גרם,false,1,9.90,5.50,false,1,
7290113199934,false,סוכריות חמצוצים בטעם אוכמניות 180 ג' שקדיה,דין שיווק וקליה 2021 בעמ,,,"י""ח",180,ל גרם,false,1,9.90,5.50,false,1,
7290113285095,false,"כפפות לטקס ללא אבקה ""S פרפקט"" כשל""פ*",ח.כהן סוכנות מזון ומשקאות בע,,,"י""ח",80,"י""ח",false,1,22.90,0.29,true,1,
7290113285125,false,"כפפות לטקס ללא אבקה XL ""פרפקט"" כשל""פ*",ח.כהן סוכנות מזון ומשקאות בע,,,"י""ח",80,"י""ח",false,1,22.90,0.29,true,1,
7290113300125,false,בונזו מקלות בקר 50 ג,דיפלומט מפיצים (1968) בעמ**,,,"י""ח",50,ל גרם,false,1,8.90,17.80,false,1,
7290113300156,false,בונזו מקלות עוף 50 ג,דיפלומט מפיצים (1968) בעמ**,,,"י""ח",50,ל גרם,false,1,8.90,17.80,false,1,
7290113860247,false,עוגות אישיות שכבות עשריה פנטולה,ש.שסטוביץ בעמ,,,"י""ח",400,ל גרם,false,1,13.90,3.48,true,1,
7290113860483,false,מארז אוברול קימונו שרוול קצר 6-12 ורוד,"קבוצת יבנה מוצרי מזון בע""מ",,,"י""ח",600,ל גרם,false,1,10.90,1.82,true,1,
7290113860667,false,לייף בייביז תחליב גוף להזנת העור 400 מל,טחנות ישראליות בעמ,,,"י""ח",1,"ק""ג",false,1,7.90,7.90,true,1,
7290113860674,false,לייף בייביז שמפו להרגעת העור 1 ליטר,טחנות ישראליות בעמ,,,"י""ח",1,"ק""ג",false,1,8.90,8.90,true,1,
7290113860681,false,לייף בייביז אלסבון להרגעת העור 1 ליטר,טחנות ישראליות בעמ,,,"י""ח",1,"ק""ג",false,1,8.90,8.90,true,1,
7290113860698,false,לייף בייביז שמפו וסבון יחדיו להרגעת העור,טחנות ישראליות בעמ,,,"י""ח",1,"ק""ג",false,1,15.90,15.90,true,1,
7290113860742,false,"קמח כוסמין מלא 100% 1ק""ג ישראליות",טחנות ישראליות בעמ,,,"י""ח",1,"ק""ג",false,1,15.90,15.90,true,1,
7290113861480,false,גביע קידוש זכוכית+ תחתית,פ.ר.ל דיירקט בעמ,,,"י""ח",1,,false,1,14.90,14.90,false,1,
7290114310215,false,"שמנת מתוקה 38% רמת הגולן 250 מ""ל ווסטהיים - מוצר בפיקוח",החברה המרכזית טלהפצת משקאות בע,,,"י""ח",250,"ל מ""ל",false,1,6.47,2.59,false,1,
7290114310222,false,חלב מועשר בסידן וויטמין Dי 3% 1.5 ל' טרה,החברה המרכזית טלהפצת משקאות בע,,,"י""ח",1.50,ליטר,false,1,12.50,8.33,false,1,
7290114310239,false,חלב נטול לקטוז מועשר בוויטמין D י 2% 1.5 ל' טרה,החברה המרכזית טלהפצת משקאות בע,,,"י""ח",1.50,ליטר,false,1,12.50,8.33,false,1,
7290114310338,false,צפתית מעודנת 5% בגביע 225 גרם משק צוריאל,החברה המרכזית טלהפצת משקאות בע,,,"י""ח",250,ל גרם,false,1,16.90,6.76,false,1,
7290114310345,false,מעדן יוגורט בטעם תות 1.5% 125 גרם טרה,החברה המרכזית טלהפצת משקאות בע,,,"י""ח",250,ל גרם,false,1,2.90,1.16,true,1,
7290114310536,false,יוגורט לייט מעושר חלבון 25 גרם חלבון וניל MULLER ACTIVE,החברה המרכזית טלהפצת משקאות בע,,,"י""ח",200,"ל מ""ל",false,1,6.20,3.10,true,1,
7290114310550,false,גבינת פטה עיזים מעודנת 5% משק צוריאל 200 גרם,החברה המרכזית טלהפצת משקאות בע,,,"י""ח",200,ל גרם,false,1,24.90,12.45,false,1,
7290114310574,false,צוריאל קרם שמנת עיזים מעודנת 5% 200 גר,החברה המרכזית טלהפצת משקאות בע,,,"י""ח",200,ל גרם,false,1,14.90,7.45,true,1,
7290114310611,false,"משקה חלב בננה בבקבוק פקק ספורט טרה 250 מ""ל",החברה המרכזית טלהפצת משקאות בע,,,"י""ח",250,"ל מ""ל",false,1,5.70,2.28,true,1,
7290114310888,false,מולר סימפלי פרוט תות 1.5% 150 גרם,*החברה המרכזית להפצת משקאותבעמ,,,"י""ח",150,ל גרם,false,1,5.30,3.53,true,1,
7290114310895,false,"סימפלי פרוט יוגורט עם מנגו תות, שמיניה 8 * 150 גרם",החברה המרכזית טלהפצת משקאות בע,,,"י""ח",150,"ל מ""ל",false,1,30.90,20.60,false,1,
7290114311014,false,"משקה חלב אייס קפוצ'ינו פקק ספורט טרה 250 מ""ל",החברה המרכזית טלהפצת משקאות בע,,,"י""ח",250,"ל מ""ל",false,1,5.70,2.28,true,1,
7290114311038,false,"שמנת מתוקה 32% עמידה בבקבוק טרה 250 מ""ל",החברה המרכזית טלהפצת משקאות בע,,,"י""ח",250,"ל מ""ל",false,1,6.90,2.76,false,1,
7290114311076,false,"חמאת מולר צהובה עם שום, 200 גרם",החברה המרכזית טלהפצת משקאות בע,,,"י""ח",200,ל גרם,false,1,11.90,5.95,false,1,
7290114311298,false,יוגורט מולר פרופ בטעם תות בננה מלון 150,החברה המרכזית טלהפצת משקאות בע,,,"י""ח",150,"ל מ""ל",false,1,5.30,3.53,true,1,
7290114311304,false,יוגורט קציפת מנגו פסיפלורה בננה 150 ג' מולר,החברה המרכזית טלהפצת משקאות בע,,,"י""ח",150,"ל מ""ל",false,1,5.30,3.53,true,1,
7290114311328,false,חלב מועשר דל לקטוז מעושר בויטמין Dי 2% שומן טרה 1 ליטר,החברה המרכזית טלהפצת משקאות בע,,,"י""ח",1,ליטר,false,1,7.90,7.90,false,1,
7290114311359,false,יוגורט עם קציפת מנגו 3% שומן פרופ 150 ג' מולר,החברה המרכזית טלהפצת משקאות בע,,,"י""ח",150,"ל מ""ל",false,1,5.30,3.53,true,1,
7290114311434,false,מולר אקטיב יוגורט חלבון קרמל מלוח 200 גרם,החברה המרכזית טלהפצת משקאות בע,,,"י""ח",200,"ל מ""ל",false,1,6,3,true,1,
7290114311441,false,מולר אקטיב יוגורט חלבון עוגיות חמאה 200 גרם,החברה המרכזית טלהפצת משקאות בע,,,"י""ח",200,"ל מ""ל",false,1,6,3,true,1,
7290114311458,false,חלב קרטון 3% מועשר ויטמין די 1 ליטר,החברה המרכזית טלהפצת משקאות בע,,,"י""ח",1,ליטר,false,1,7.70,7.70,false,1,
7290114600927,false,עלי טורטייה חיטה מלאה מאסטר שף 320 גרם,אלקאטי קורביישיסי גי,,,"י""ח",320,ל גרם,false,1,10.90,3.41,false,1,
7290114603522,false,מאסטר שף רוטב קארי ירוק 340 גרם,ש. שסטוביץ בע`מ,,,"י""ח",340,"ל מ""ל",false,1,15.90,4.68,false,1,
7290114604932,false,רוטב ברביקיו דבש מאסטר שף 520 גרם,רמיה סי.וי. הולנד,,,"י""ח",520,ל גרם,false,1,13.90,2.67,false,1,
7290114604949,false,מאסטר שף רוטב ברביקיו 524 גרם,רמיה סי.וי. הולנד,,,"י""ח",524,ל גרם,false,1,13.90,2.65,false,1,
7290114606578,false,שקדי מרק מאסטר שף 400 גרם,ש. שסטוביץ בע`מ,,,"י""ח",400,ל גרם,false,1,10.90,2.73,true,1,
7290114606592,false,רוטב סויה מסורתית 46% פולי סויה מאסטר שף 620 ג',קריניציה ויטמינה אס,,,"י""ח",620,"ל מ""ל",false,1,17.90,2.89,false,1,
7290114608640,false,קרוטונים לסלט כוסמין מאסטר שף 260 גרם,עינת תעשיות מזון אגו,,,"י""ח",260,ל גרם,false,1,17.90,6.88,false,1,
7290114608657,false,סילאן לחיץ מאסטר שף 700 גרם,ש.שסטוביץ בעמ,,,"י""ח",700,ל גרם,false,1,19.90,2.84,false,1,
7290114659949,false,מסכה כירורגית חד פעמית מארז 50 יח',שמחה זה אנחנו בעמ,,,"י""ח",50,"י""ח",false,1,9.90,0.20,false,1,
7290114720670,false,פוג'יקום מחליק שיער FUJICOM דגם HS700FJ,פוגיקום בעמ,,,"י""ח",1,,false,1,149.90,149.90,true,1,
7290114720885,false,פוג'יקום זוג נורות 75W אור צהוב,פוגיקום בעמ,,,"י""ח",1,,false,1,19.90,19.90,true,1,
7290114721257,false,קומקום חשמלי נירוסטה שחור 1.700 ליטר,פוגיקום בעמ,,,"י""ח",1,,false,1,99.90,99.90,true,1,
7290114721400,false,זוג ראשי פחם Soft תואם אורל בי,פוגיקום בעמ,,,"י""ח",1,,false,1,29.90,29.90,false,1,
7290115072884,false,סביבון אור עם סוכריות 5 גרם - כוח פי גיי,שמחה זה אנחנו,,,"י""ח",31,ל גרם,false,1,7.90,25.48,false,1,
7290115073676,false,מסכות כירורגיות צבעוני מארז 50 יח(ש),שמחה זה אנחנו בע`מ,,,"י""ח",50,"י""ח",false,1,9.90,0.20,false,1,
7290115073720,false,שלישיית ביצי שוקולד(חלב נוכרי)-לוני טונס,שמחה זה אנחנו בעמ,,,"י""ח",1,,false,1,14.90,14.90,false,1,
7290115190014,false,סיגריות מרלבורו רד קצר בוקס,פיליפ מוריס בעמ,,,"י""ח",1,,false,1,34.90,34.90,false,1,
7290115190076,false,סיגריות מרלבורו גולד ארוך 100 בוקס,פיליפ מוריס בעמ,,,"י""ח",1,,false,1,34.90,34.90,false,1,
7290115190090,false,סיגריות מרלבורו קצר בוקס בודד,פיליפ מוריס בעמ,,,"י""ח",1,,false,1,34.90,34.90,false,1,
7290115190151,false,סיגריות מרלבורו טאצ גולד,פיליפ מוריס בעמ,,,"י""ח",1,,false,1,30.90,30.90,false,1,
7290115190199,false,פרלמנט נייט ארוך חפיסה) (20,פיליפ מוריס בעמ,,,"י""ח",1,,false,1,39.50,39.50,false,1,
7290115190236,false,סיגריות פרלמנט קצר בלו בודד,פיליפ מוריס בעמ,,,"י""ח",1,,false,1,39.50,39.50,false,1,
7290115190250,false,סיגריות פרלמנט קצר בודד,פיליפ מוריס בעמ,,,"י""ח",1,,false,1,39.50,39.50,false,1,
7290115190335,false,ל.מ.בלו לייבל ארוך בוקס חפיסה,פיליפ מוריס בעמ,,,"י""ח",1,,false,1,30.50,30.50,false,1,
7290115190359,false,אל.אמ בלו לייבל קצר חפיסה) (20,פיליפ מוריס בעמ,,,"י""ח",1,,false,1,30.50,30.50,false,1,
7290115190410,false,סיגריות L.M סילבר לייבל בודד,פיליפ מוריס בעמ,,,"י""ח",1,,false,1,30.50,30.50,false,1,
7290115190458,false,סיגריות נקסט פיין אדג' בודד,פיליפ מוריס בעמ,,,"י""ח",1,,false,1,26.50,26.50,true,1,
7290115190465,false,נקסט פיין אדג` פקאט 10 יחידות,פיליפ מוריס בעמ,,,"י""ח",1,,false,1,259.90,259.90,false,1,
7290115190496,false,סיגריות נקסט ארוך בודד,פיליפ מוריס בעמ,,,"י""ח",1,,false,1,29.90,29.90,false,1,
7290115190519,false,סיגריות נקסט פיין חפ,פיליפ מוריס בעמ,,,"י""ח",1,,false,1,29.90,29.90,false,1,
7290115190571,false,סיגריות נקסט לילך בודד,פיליפ מוריס בעמ,,,"י""ח",1,,false,1,29.90,29.90,false,1,
7290115190595,false,סיגריות נקסט אוריגינ,פיליפ מוריס בעמ,,,"י""ח",1,,false,1,29.90,29.90,false,1,
7290115200003,false,פתי בר פינוקי וניל אסם 220 גרם,קבוצת אוסם סחר שותפות מוגבלת,,,"י""ח",220,ל גרם,false,1,10.90,4.95,true,1,
7290115200027,false,אסם פתי בר פינוקים שוקו 220 גרם,קבוצת אוסם סחר שותפות מוגבלת,,,"י""ח",220,ל גרם,false,1,10.90,4.95,true,1,
7290115200676,false,עוגיות קרמוגית במילוי קרם בטעם קרמל מלוח,קבוצת אוסם סחר שותפות מוגבלת,,,"י""ח",200,ל גרם,false,1,11.90,5.95,true,1,
7290115201031,false,פתי בר פינוקי דובי שוקולד 175גר.,קבוצת אוסם סחר שותפות מוגבלת,,,"י""ח",175,ל גרם,false,1,10.90,6.23,true,1,
7290115201680,false,ביסלי חטיף בטעם ברביקין אסם (70 גרם),קבוצת אוסם סחר שותפות מוגבלת,,,"י""ח",70,ל גרם,false,1,4.50,6.43,true,1,
7290115201741,false,ביסלי חטיף בטעם בצל אסם (70 גרם),קבוצת אוסם סחר שותפות מוגבלת,,,"י""ח",70,ל גרם,false,1,4.50,6.43,true,1,
7290115202236,false,טופו קראנצי`ם 470 גרם טבעול,קבוצת אוסם סחר שותפות מוגבלת,,,"י""ח",693,ל גרם,false,1,39.90,5.76,true,1,
7290115202816,false,מנה חמה פאוץ נודלס אטריות טעם עוף 70 גרם,קבוצת אוסם סחר שותפות מוגבלת,,,"י""ח",70,ל גרם,false,1,4.90,7,false,1,
7290115202939,false,מנה חמה רייס נודלס עוף פטריות אסם 50 גרם,קבוצת אוסם סחר שותפות מוגבלת,,,"י""ח",50,ל גרם,false,1,9.80,19.60,true,1,
7290115203134,false,חטיף פופקו פופקורן במבה אסם (80 גרם),קבוצת אוסם סחר שותפות מוגבלת,,,"י""ח",80,ל גרם,false,1,5.90,7.38,true,1,
7290115203172,false,במבה PRO מכיל 18 גרם חלבון בשקית,קבוצת אוסם סחר שותפות מוגבלת,,,"י""ח",80,ל גרם,false,1,4.90,6.13,true,1,
7290115203486,false,פירורית טעם ביסלי גריל אסם (200 גרם),קבוצת אוסם סחר שותפות מוגבלת,,,"י""ח",200,ל גרם,false,1,7.40,3.70,false,1,
7290115204056,false,"קטשופ מופחת סוכר אסם 690 גרם כשל""פ",קבוצת אוסם סחר שותפות מוגבלת,,,"י""ח",690,ל גרם,false,1,11.90,1.72,true,1,
7290115204155,false,סחוג אדום המעדנייה ש,קבוצת אוסם סחר שותפות מוגבלת,,,"י""ח",190,ל גרם,false,1,12.90,6.79,true,1,
7290115204261,false,אריסה חריפה המעדנייה,קבוצת אוסם סחר שותפות מוגבלת,,,"י""ח",190,ל גרם,false,1,12.90,6.79,true,1,
7290115205176,false,729001032825פיטנס חטיפי קרקר כפרי 140גר.,קבוצת אוסם סחר שותפות מוגבלת,,,"י""ח",140,ל גרם,false,1,13.90,9.93,true,1,
7290115205251,false,פריכיות קרמל מלוח פיטנס בר 84 גרם,קבוצת אוסם סחר שותפות מוגבלת,,,"י""ח",84,ל גרם,false,1,14.90,17.74,true,1,
7290115205312,false,קרקר פיטנס דק עם זיתי קלמטה ועשבי תיבול,קבוצת אוסם סחר שותפות מוגבלת,,,"י""ח",140,ל גרם,false,1,12.90,9.21,true,1,
7290115205527,false,חטיף מולטיגריין עם עדשים ( 25 גר`) פיטנס,קבוצת אוסם סחר שותפות מוגבלת,,,"י""ח",25,ל גרם,false,1,4.90,19.60,true,1,
7290115205541,false,חטיף מולטיגריין עם חומוס ( 25 גר`) פיטנס,קבוצת אוסם סחר שותפות מוגבלת,,,"י""ח",25,ל גרם,false,1,4.90,19.60,true,1,
7290115205633,false,טבעול סנסשיונל/גורמה נקנקיות 350 גר',קבוצת אוסם סחר שותפות מוגבלת,,,"י""ח",350,ל גרם,false,1,29.90,8.54,false,1,
7290115205695,false,אסם בונזור בצק מצונן לפיצה 460 גרם,קבוצת אוסם סחר-שות.מוגבלת,,,"י""ח",460,ל גרם,false,1,18.90,4.11,true,1,
7290115205718,false,אסם בונזור בצק מצונן עלים 230 גרם,קבוצת אוסם סחר-שות.מוגבלת,,,"י""ח",230,ל גרם,false,1,19.90,8.65,true,1,
7290115205978,false,פתיבר ואצבעות שוקולד 180 גרם - רבנות,קבוצת אוסם סחר שותפות מוגבלת,,,"י""ח",180,ל גרם,false,1,11.90,6.61,true,1,
7290115206333,false,אסם עוגיות מיני שוקוצ'יפס 225גרם חדש,קבוצת אוסם סחר-שות.מוגבלת,,,"י""ח",225,ל גרם,false,1,11.90,5.29,true,1,
7290115206531,false,אסם קרמוגית במילוי קרם בייגלה 12*200 גרם,קבוצת אוסם סחר שותפות מוגבלת,,,"י""ח",200,ל גרם,false,1,11.90,5.95,true,1,
7290115207484,false,צבר סלט חציל על האש היתר 360 גרם,קבוצת אוסם סחר שותפות מוגבלת,,,"י""ח",400,ל גרם,false,1,16.40,4.10,true,1,
7290115207507,false,סלט טורקי צבר היתר 360 גר`,קבוצת אוסם סחר שותפות מוגבלת,,,"י""ח",360,ל גרם,false,1,16.90,4.69,true,1,
7290115207620,false,"רוטב בסגנון סויה קלאסי 290 מ""ל אסם",קבוצת אוסם סחר שותפות מוגבלת,,,"י""ח",360,ל גרם,false,1,12.90,3.58,false,1,
7290115207682,false,אסם רוטב בסגנון סויה סיני 9*290מל חדש,קבוצת אוסם סחר שותפות מוגבלת,,,"י""ח",290,"ל מ""ל",false,1,11.90,4.10,true,1,
7290115207941,false,סירופ אננס ויטמינצ'יק 1 ליטר,קבוצת אוסם סחר שותפות מוגבלת,,,"י""ח",1,ליטר,false,1,21.90,21.90,false,1,
7290115207989,false,סירופ לימון ויטמינצ'יק 1 ליטר,קבוצת אוסם סחר שותפות מוגבלת,,,"י""ח",1,ליטר,false,1,21.90,21.90,false,1,
7290115208009,false,סירופ ענבים ויטמינצ'יק 1 ליטר,קבוצת אוסם סחר שותפות מוגבלת,,,"י""ח",1,ליטר,false,1,21.90,21.90,false,1,
7290115208047,false,סירופ פטל ויטמינצ`יק (1 ליטר),קבוצת אוסם סחר שותפות מוגבלת,,,"י""ח",1,ליטר,false,1,21.90,21.90,false,1,
7290115208061,false,סירופ תפוח ויטמינצ'יק 1 ליטר,קבוצת אוסם סחר שותפות מוגבלת,,,"י""ח",1,ליטר,false,1,21.90,21.90,false,1,
7290115208320,false,אפרופו חטיף בטעם ביסלי בצל 50 גרם,קבוצת אוסם סחר שותפות מוגבלת,,,"י""ח",50,ל גרם,false,1,3.90,7.80,true,1,
7290115208344,false,שטוחים בייגלה כפיות שמנת בצל 300גר,קבוצת אוסם סחר שותפות מוגבלת,,,"י""ח",300,ל גרם,false,1,11.70,3.90,false,1,
7290115208597,false,קרמוגית מיניס קרמל מלוח אסם 200 גרם,קבוצת אוסם סחר שותפות מוגבלת,,,"י""ח",200,ל גרם,false,1,11.90,5.95,true,1,
7290115208801,false,קרקר לחמית דבש ואגוזים אסם (190 גרם),קבוצת אוסם סחר שותפות מוגבלת,,,"י""ח",190,ל גרם,false,1,9.90,5.21,true,1,
7290115209198,false,במבה אוורירית אסם 80 גרם,קבוצת אוסם סחר שותפות מוגבלת,,,"י""ח",80,ל גרם,false,1,3.90,4.88,true,1,
7290115209235,false,ביסקוויט פתי בר קפה אסם (500 גרם),קבוצת אוסם סחר שותפות מוגבלת,,,"י""ח",500,ל גרם,false,1,13.90,2.78,true,1,
7290115209358,false,במבה במילוי בראוניז אסם (60 גרם),קבוצת אוסם סחר שותפות מוגבלת,,,"י""ח",600,ל גרם,false,1,4.90,0.82,true,1,
7290115403299,false,עוגיות פרפריות 450ג דל,שיבולים יצור ושיווק מוצרי מאפה,,,"י""ח",450,ל גרם,false,1,15.90,3.53,false,1,
7290115403312,false,עוגיות מלוחות קריספי עגול 450ג דל,שיבולים יצור ושיווק מוצרי מאפה,,,"י""ח",450,ל גרם,false,1,15.90,3.53,false,1,
7290115403459,false,עוגיות נסיכה בטעם תות 500 גר`,שיבולים יצור ושיווק מוצרי מאפה,,,"י""ח",500,ל גרם,false,1,15.90,3.18,false,1,
7290115403466,false,עוגיות נסיכה מיקס 500ג דל,שיבולים יצור ושיווק מוצרי מאפה,,,"י""ח",500,ל גרם,false,1,15.90,3.18,false,1,
7290115403480,false,עוגיות בסגנון מרוקאי מיני 500ג דל,שיבולים יצור ושיווק מוצרי מאפה,,,"י""ח",500,ל גרם,false,1,15.90,3.18,false,1,
7290115405118,false,קינוח אישי גבינה תענוג תות קפולסקי 200 ג,תופינים מקבוצת קפולסקי,,,"י""ח",200,ל גרם,false,1,16.90,8.45,false,1,
7290115405774,false,פחזניות ממולאות בטעם וניל קפולסקי 180 גרם,תופינים מקבוצת קפולס,,,"י""ח",180,ל גרם,false,1,14.90,8.28,false,1,
7290115405781,false,פחזניות ממולאות בטעם שוקולד קפולסקי 180 גרם,תופינים מקבוצת קפולס,,,"י""ח",180,ל גרם,false,1,13.90,7.72,false,1,
7290115405798,false,פחזניות ממולאות בטעם ריבת חלב קפולסקי 180 גרם,קפולסקי אדל בעמ,,,"י""ח",180,ל גרם,false,1,13.90,7.72,false,1,
7290115405804,false,פחזניות ממולאות בטעם תות קפולסקי 180 גרם,קפולסקי אדל בעמ,,,"י""ח",180,ל גרם,false,1,13.90,7.72,false,1,
7290115405811,false,קינוח אישי גבינה ופירורי עוגיות קפולסקי 200 גרם,תופינים מקבוצת קפולסקי,,,"י""ח",200,ל גרם,false,1,16.90,8.45,false,1,
7290115480009,false,"מרכך כביסה מרוכז פרש קונטרול ירוק 900 מ""ל סוד",גורי שיווק בעמ,,,"י""ח",90,"ל מ""ל",false,1,13.90,15.44,false,1,
7290115642445,false,חנוכיה,צבע ומכחול (2014) בעמ,,,"י""ח",1,,false,1,129.90,129.90,false,1,
7290115670691,false,גרנולה שיבולת שועל עם פירות יער,אנרג'י Energy - שטראוס,,,"י""ח",400,ל גרם,false,1,13.90,3.48,false,1,
7290115670707,false,גרנולה שיבולת שועל עם שוקולד ואגוזי לוז,אנרג'י Energy - שטראוס,,,"י""ח",400,ל גרם,false,1,13.90,3.48,false,1,
7290115675719,false,דגני בוקר קראנצ'ים שיבולת שועל וחתיכות שוקולד מריר,שטראוס פריטו ליי בע`מ,,,"י""ח",375,ל גרם,false,1,19.90,5.31,false,1,
7290115675986,false,דנונה יוגורט בר עם אגוזים מקורמלים 173 גרם,שטראוס גרופ בעמ/מצונן,,,"י""ח",173,"ל מ""ל",false,1,4.80,2.77,false,1,
7290115676051,false,"משקה אקטיביה שיבולת שועל במתיקות מעודנת 250 מ""ל",שטראוס גרופ בעמ/מצונן,,,"י""ח",265,"ל מ""ל",false,1,5.10,1.92,false,1,
7290115676082,false,משקה דנונה פרו 20 יוגורט תות 255 ג' רבנות,שטראוס גרופ בעמ/מצונן,,,"י""ח",265,"ל מ""ל",false,1,7.50,2.83,false,1,
7290115676099,false,משקה דנונה פרו 20 יוגורט וניל 255 ג' רבנות,שטראוס גרופ בעמ/מצונן,,,"י""ח",265,"ל מ""ל",false,1,7.50,2.83,false,1,
7290115676273,false,אבקת קקאו עלית 500 גרם+ 10% תוספת,שטראוס קפה בי.וי.,,,"י""ח",500,ל גרם,false,1,26.90,5.38,false,1,
7290115677089,false,קונפיטורת תפוח וקינמון יד מרדכי 340 גרם,שטראוס גרופ בע`מ,,,"י""ח",340,ל גרם,false,1,13.50,3.97,false,1,
7290115678222,false,מארז 8 גביעים יוגורט Greek בסגנון יווני 6.5% שומן,שטראוס גרופ בעמ/מצונן,,,"י""ח",1.04,ליטר,false,1,24.90,23.94,false,1,
7290115678376,false,מעדן הגולן שוקולד 125 גרם,שטראוס גרופ בעמ/מצונן,,,"י""ח",125,ל גרם,false,1,3.40,2.72,true,1,
7290115678383,false,מעדן הגולן שוקולד מריר בודד 125גר,שטראוס גרופ בעמ/מצונן,,,"י""ח",125,ל גרם,false,1,3.40,2.72,true,1,
7290115678635,false,נשנושי גבינה -גבינת שמנת 16%+כעכים שטוחים עם מלח,שטראוס גרופ בעמ/מצונן,,,"י""ח",67,ל גרם,false,1,10.90,16.27,true,1,
7290115678642,false,נשנושי גבינה 16% עם חטיף אפוי עם זיתים 67 ג' שטראוס,שטראוס גרופ בעמ/מצונן,,,"י""ח",67,ל גרם,false,1,10.90,16.27,true,1,
7290116530109,false,חטיף קליק נוגט ציפוי שוקולד לבן 35 גרם,"יוניליוור ישראל שיווק בע""מ",,,"י""ח",35,ל גרם,false,1,4.90,14,true,1,
7290116531021,false,"שוקולד חלב ורד הגליל 100 גרם כשל""פ",יוניליוור ישראל שיווק בע`מ,,,"י""ח",100,ל גרם,false,1,4.90,4.90,false,1,
7290116531069,false,קנור מרק בצל 100% רכיבים טבעיים 225 גרם,יוניליוור ישראל שיווק בע`מ,,,"י""ח",225,ל גרם,false,1,16.90,7.51,false,1,
7290116531090,false,בייגל בייגל דג דג במליחות עדינה 250 גרם,יוניליוור ישראל שיווק בע`מ,,,"י""ח",250,ל גרם,false,1,9.90,3.96,true,1,
7290116531557,false,"פריכיות פתית תירס עם מלח 150 גרם כשל""פ",יוניליוור ישראל שיווק בע`מ,,,"י""ח",150,ל גרם,false,1,10.90,7.27,false,1,
7290116531564,false,מאגדת פתית פריכיות תירס דקות עם קינואה ובזיליקום 150 ג',יוניליוור ישראל שיווק בע`מ,,,"י""ח",150,ל גרם,false,1,10.90,7.27,false,1,
7290116531779,false,דפים ריחניים למייבש כביסה בדין כחול 40 יחידות,יוניליוור ישראל שיווק בע`מ,,,"י""ח",40,"י""ח",false,1,15.90,0.40,false,1,
7290116531793,false,הלמנ'ס רוטב לסלט קיסר 295 גרם,יוניליוור ישראל שיווק בע`מ,,,"י""ח",295,ל גרם,false,1,11.90,4.03,false,1,
7290116531892,false,רוטב ברביקיו מעושן יום עצמאות קנור 350 גרם,יוניליוור ישראל שיווק בעמ,,,"י""ח",340,ל גרם,false,1,10.90,3.21,true,1,
7290116531939,false,גלידה בשומן צמחי בטעם תות שדה בציפוי מכיל שוקולד,"גלידת שטראוס בע""\מ, רח'",,,"י""ח",700,ל גרם,false,1,49.90,7.13,false,1,
7290116532011,false,קליק אוקיי נוגט בציפוי שוקולד חלב 35 גרם,יוניליוור ישראל שיווק בע`מ,,,"י""ח",35,ל גרם,false,1,3.90,11.14,true,1,
7290116532264,false,גודיז פרי אפרסק – שלגון מופחת קלוריות עם יוגורט בציפוי בטעם אפרסק,"גלידת שטראוס בע""\מ, רחוב",,,"י""ח",297,ל גרם,false,1,19.90,6.70,false,1,
7290116532271,false,סנדוויץ לייט גודיז שוקולד וניל 270 ג' שטראוס,"גלידת שטראוס בע""\מ, רחוב",,,"י""ח",297,ל גרם,false,1,29.90,10.07,false,1,
7290116532769,false,גרנולה פרוטאין גרנולה חלבון תפוח וקינמון תלמה 300 גרם,יוניליוור ישראל שיווק בע`מ,,,"י""ח",300,ל גרם,false,1,15.90,5.30,false,1,
7290116850061,false,"מגב לשיש מתכת להב גומי 25 ס""מ",עולם הבית שיווק והפצה בעמ,,,"י""ח",1,"י""ח",false,1,16.90,16.90,false,1,
7290116850573,false,מקלף פלסטיק עולם הבית,עולם הבית שיווק והפצה בעמ,,,"י""ח",1,"י""ח",false,1,9.90,9.90,false,1,
7290116851365,false,יעה + מקל,עולם הבית שיווק והפצה בעמ,,,"י""ח",1,"י""ח",false,1,13.90,13.90,false,1,
7290116851754,false,"מגב להב גומי 40 ס""מ ע. הבית",עולם הבית שיווק והפצה בעמ,,,"י""ח",1,"י""ח",false,1,36.90,36.90,false,1,
7290116851778,false,סוחט תפוזים ידני ע. הבית,עולם הבית שיווק והפצה בעמ,,,"י""ח",1,,false,1,29.90,29.90,false,1,
7290116851785,false,סוחט לימונים ידני ע. הבית,עולם הבית שיווק והפצה בעמ,,,"י""ח",1,,false,1,24.90,24.90,false,1,
7290116853802,false,"סט 4 קופסאות, 1.2 ליטר",עולם הבית שיווק והפצה בעמ,,,"י""ח",1,"י""ח",false,1,11.90,11.90,false,1,
7290116930282,false,ארוחה בקטנה לאבנה עם קרקרים 150ג' תנובה,"תנובה בע""מ ***",,,"י""ח",150,ל גרם,false,1,7.90,5.27,false,1,
7290116930435,false,יופלה גו במרקם סמיך עם דובדבן 0% 200מל,תנובה מרכז שיתופי לש,,,"י""ח",200,"ל מ""ל",false,1,5.90,2.95,true,1,
7290116930480,false,"משקה SHAKE בננה קיווי תפוח 230 מ""ל יופלה",קבוצת המזון אקטשלאר,,,"י""ח",230,"ל מ""ל",false,1,7.90,3.43,false,1,
7290116930626,false,ארוחה בקטנה ציזיקי עם קרקרים 150ג' תנובה,"תנובה בע""מ ***",,,"י""ח",150,ל גרם,false,1,7.90,5.27,false,1,
7290116930657,false,"משקה חלב גו בטעם בננה תמר בתוספת שיבולת שועל במרקם חלק 340 מ""ל",תנובה מרכז שיתופי לש,,,"י""ח",340,"ל מ""ל",false,1,7.50,2.21,true,1,
7290116930671,false,"חלב קפה דל לקטוז 800מ""ל%1.8 קרטון","תנובה בע""מ ***",,,"י""ח",1,ליטר,false,1,7.30,7.30,false,1,
7290116930701,false,מעדן חלב GO מועשר בחלבון בטעם קרמל מלוח,תנובה מרכז שיתופי לש,,,"י""ח",120,"ל מ""ל",false,1,5.20,4.33,false,1,
7290116930954,false,יוגורט טעם פאי תפוחים 3% 150 ג' יופלה,תנובה בעמ ***,,,"י""ח",150,"ל מ""ל",false,1,5,3.33,false,1,
7290116931029,false,משקה בריסטה ש.שועל בטעם אייריש 1ל,"תנובה בע""מ ***",,,"י""ח",1,ליטר,false,1,12.90,12.90,true,1,
7290116931074,false,צהובה פרוסות טל העמק 32% 300 גר,"תנובה בע""מ ***",,,"י""ח",300,ל גרם,false,1,25.90,8.63,false,1,
7290116931081,false,מעדן סויה - טופי קרמל 125 גרם אלטרנטיב,תנובה מרכז שיתופי לש,,,"י""ח",125,"ל מ""ל",false,1,3.70,2.96,false,1,
7290116931104,false,יופלה GO במרקם סמיך עם אננס 0% תנובה 200 גרם,"תנובה בע""מ ***",,,"י""ח",200,"ל מ""ל",false,1,5.90,2.95,true,1,
7290116931432,false,משקה סחלב ש.שועל 1ל,"תנובה בע""מ ***",,,"י""ח",1,ליטר,false,1,12.90,12.90,true,1,
7290117030547,false,כוסות חד פעמי שתיה קרה 80יח,ח.כהן סוכנות מזון ומשקאות בע,,,"י""ח",1,"י""ח",false,1,5.90,5.90,true,1,
7290117030745,false,ניירות אפייה מתאים לתבנית אינגליש 20 י,ח.כהן סוכנות מזון ומשקאות בע,,,"י""ח",20,"י""ח",false,1,9.90,0.50,true,1,
7290117030752,false,תבניות ארוז *7 (R31/105) מרובעות שווה,ח.כהן סוכנות מזון ומשקאות בע,,,"י""ח",7,"י""ח",false,1,7.90,1.13,true,1,
7290117030769,false,תבניות ארוז (R2/90)*7 מלבן ארוך שווה ח,ח.כהן סוכנות מזון ומשקאות בע,,,"י""ח",7,"י""ח",false,1,7.90,1.13,true,1,
7290117030776,false,תבניות ארוז מלבן עמוק *7 (R64/80A) שוו,ח.כהן סוכנות מזון ומשקאות בע,,,"י""ח",7,"י""ח",false,1,7.90,1.13,true,1,
7290117030783,false,תבניות ארוז *4 (R99/210) ענקיות חדש ש,ח.כהן סוכנות מזון ומשקאות בע,,,"י""ח",4,"י""ח",false,1,7.90,1.98,true,1,
7290117030790,false,תבניות ארוז *10 R88 אינגליש שווה חדש,ח.כהן סוכנות מזון ומשקאות בע,,,"י""ח",10,"י""ח",false,1,7.90,0.79,true,1,
7290117030806,false,תבניות ארוז *10 טוסטר (R29 B8) שווה חד,ח.כהן סוכנות מזון ומשקאות בע,,,"י""ח",10,"י""ח",false,1,7.90,0.79,true,1,
7290117030813,false,תבניות ארוז *4 C60 עגול עמוק שווה חדש,ח.כהן סוכנות מזון ומשקאות בע,,,"י""ח",4,"י""ח",false,1,7.90,1.98,true,1,
7290117030820,false,תבניות ארוז *4 C10 עגול גדול שווה חדש,ח.כהן סוכנות מזון ומשקאות בע,,,"י""ח",4,"י""ח",false,1,7.90,1.98,true,1,
7290117031490,false,כריות מיקרופיבר לקרצוף וניקוי שווה,ח.כהן סוכנות מזון ומשקאות בע,,,"י""ח",3,"י""ח",false,1,8.90,2.97,true,1,
7290117031544,false,כוסות נייר גודל 4 שווה 40 יח (25 בקר,ח.כהן סוכנות מזון ומשקאות בע,,,"י""ח",40,"י""ח",false,1,6.90,0.17,true,1,
7290117031551,false,כוסות נייר גודל 2.5 שווה 40 יח (25 בקר,ח.כהן סוכנות מזון ומשקאות בע,,,"י""ח",40,"י""ח",false,1,4.90,0.12,true,1,
7290117031568,false,כוסות נייר גודל 9OZ איכותית 40 יח` שוו,ח.כהן סוכנות מזון ומשקאות בע,,,,40,"י""ח",false,1,12.90,0.32,false,1,
7290117032008,false,מזלגונים איכותי 40יח קרם שווה,ח.כהן סוכנות מזון ומשקאות בע,,,"י""ח",40,"י""ח",false,1,6.90,0.17,true,1,
7290117032015,false,מזלגות איכותים 40יח שקוף שווה *,ח.כהן סוכנות מזון ומשקאות בע,,,"י""ח",40,"י""ח",false,1,6.90,0.17,true,1,
7290117032039,false,סכינים איכותיות 40יח קרם שווה*,ח.כהן סוכנות מזון ומשקאות בע,,,"י""ח",40,"י""ח",false,1,6.90,0.17,true,1,
7290117032046,false,סכינים איכותיות 40יח שקוף שווה*,ח.כהן סוכנות מזון ומשקאות בע,,,"י""ח",40,"י""ח",false,1,6.90,0.17,true,1,
7290117032060,false,כפות איכותיות 40יח קרם שווה*,ח.כהן סוכנות מזון ומשקאות בע,,,"י""ח",40,"י""ח",false,1,6.90,0.17,true,1,
7290117032091,false,כפיות איכותיות 40יח קרם שווה*,ח.כהן סוכנות מזון ומשקאות בע,,,"י""ח",40,"י""ח",false,1,6.90,0.17,true,1,
7290117032107,false,כפיות איכותיות 40יח שקוף שווה*,ח.כהן סוכנות מזון ומשקאות בע,,,"י""ח",40,"י""ח",false,1,6.90,0.17,true,1,
7290117032589,false,צלחת גדולה אריזה משפחתית 60יח שווה,ח.כהן סוכנות מזון ומשקאות בע,,,,60,"י""ח",false,1,25.90,0.43,true,1,
7290117032596,false,"צלחות גדולות 60 יח אריזה משפחתית ""שווה",ח.כהן סוכנות מזון ומשקאות בע,,,,60,"י""ח",false,1,25.90,0.43,true,1,
7290117260562,false,חמאה כפרית מסורתית בגביע,ג.וילי-פוד אינטרנשיונל **גבינו,,,"י""ח",225,ל גרם,false,1,16.90,7.51,false,1,
7290117260968,false,ביסקוויטים ללא גלוטן ויליפוד 125 גרם,ג. וילי-פוד אינטרנשיונל בע`מ,,,"י""ח",125,ל גרם,false,1,9.90,7.92,true,1,
7290117260975,false,זיתי קלמטה מגולענים במי מלח 300 גרם ויליפוד,ג. וילי-פוד אינטרנשיונל בע`מ,,,"י""ח",300,ל גרם,false,1,8.90,2.97,true,1,
7290117260999,false,זיתים ירוקיםמגולענים על הגריל במרינדה 310 גרם ויליפוד,ג.וילי פוד אינטרנשיונל בעמ,,,"י""ח",310,ל גרם,false,1,10.90,3.52,false,1,
7290117261545,false,סלמון אטלנטי ברוטב טריאקי 120 גרם ויליפוד,ג.וילי-פוד אינטרנשיונל בעמ,,,"י""ח",120,ל גרם,false,1,11.90,9.92,true,1,
7290117261569,false,סלמון אטלנטי מעושן בשמן קנולה 120 גרם ויליפוד,ג. וילי-פוד אינטרנשיונל בע`מ,,,"י""ח",120,ל גרם,false,1,11.90,9.92,true,1,
7290117261590,false,סרדינים בריסלינג מעושנים בשמן זית 185 גרם צנצנת,ג. וילי-פוד אינטרנשיונל בע`מ,,,"י""ח",185,ל גרם,false,1,13.90,7.51,false,1,
7290117262269,false,"קוביות טעם דובדבן מצופה שוקולד 125 גרם בעל""ז",ג.וילי פוד אינטרנשיונל בעמ,,,"י""ח",125,ל גרם,false,1,11.90,9.52,false,1,
7290117262290,false,פרלינים אגוזים במילוי פצפוצי דגנים פריכים מצופים שוקולד חלב 50 גרם,ג. וילי-פוד אינטרנשיונל בע`מ,,,"י""ח",50,ל גרם,false,1,4.90,9.80,false,1,
7290117262306,false,"קורנפלקס מצופה שוקולד חלב ד, 50 גרם",ג. וילי-פוד אינטרנשיונל בע`מ,,,"י""ח",50,ל גרם,false,1,4.90,9.80,false,1,
7290117380871,false,סלים דליס פייבר עוגות אישיות בטעם אוכמניות 120 גרם,ש.שסטוביץ בעמ,,,"י""ח",120,ל גרם,false,1,13.90,11.58,true,1,
7290117382219,false,קולגייט מארז ילדים מיניונים 6+ 50מל,"מעצמה בקהילה בע""\מ",,,"י""ח",100,"ל מ""ל",false,1,29.90,29.90,false,1,
7290117760918,false,כוס נייר טאצ 9 OZ שרוול 50כוסות,שניב תעשיות נייר בעמ,,,"י""ח",50,"י""ח",false,1,11.90,0.24,true,1,
7290117860038,false,"הוואי - תחליב רחצה יוגורט בניחוח אוכמניות 700 מ""ל","טרופיקל דגיל בע""\מ",,,"י""ח",700,"ל מ""ל",false,1,14.90,2.13,true,1,
7290117860045,false,שמפו תמציות אלוורה ותה ירוק לשיער רגיל,"טרופיקל גליל בע""מ",,,"י""ח",700,"ל מ""ל",false,1,14.90,2.13,true,1,
7290117860090,false,מרכך תמציות אלוורה ותה ירוק לשיער רגיל,"טרופיקל דגיל בע""\מ",,,"י""ח",700,"ל מ""ל",false,1,14.90,2.13,true,1,
7290117860137,false,"הוואי קרם רחצה יוגורט בניחוח פרח הקמליה 700 מ""ל","טרופיקל גליל בע""מ",,,"י""ח",700,"ל מ""ל",false,1,14.90,2.13,true,1,
7290117860144,false,הוואי שמפו פירות אקזוטיים וקלנדולה 700,"טרופיקל גליל בע""מ",,,"י""ח",700,"ל מ""ל",false,1,14.90,2.13,true,1,
7290117860236,false,"הוואי - קרם רחצה בניחוח ויולה ורודה 700 מ""ל","טרופיקל דגיל בע""\מ",,,"י""ח",700,"ל מ""ל",false,1,14.90,2.13,true,1,
7290117860281,false,"הוואי - ג'ל רחצה לגבר בניחוח עוצמתי 700 מ""ל","טרופיקל דגיל בע""\מ",,,"י""ח",700,"ל מ""ל",false,1,14.90,2.13,true,1,
7290117860342,false,מרכך קומפלקס קרטין לשיער עדין או חלש,"טרופיקל גליל בע""מ",,,"י""ח",700,"ל מ""ל",false,1,14.90,2.13,true,1,
7290117860397,false,שמפו תמצית פריחת הדובדבן לשיער רגיל,"טרופיקל גליל בע""מ",,,"י""ח",700,"ל מ""ל",false,1,14.90,2.13,true,1,
7290117860441,false,"מרכך הוואי פריחת הדובדבן 700 מ""ל","טרופיקל גליל בע""מ",,,"י""ח",700,"ל מ""ל",false,1,14.90,2.13,true,1,
7290117860496,false,"הוואי שמפו + מרכך 2 ב-1 לגבר 700 מ""ל-חדש","טרופיקל גליל בע""מ",,,"י""ח",700,"ל מ""ל",false,1,14.90,2.13,true,1,
7290117860540,false,הוואי שמפו לילדים רוזמרין מנגו ומשמש 700,"טרופיקל דגיל בע""\מ",,,"י""ח",700,"ל מ""ל",false,1,14.90,2.13,true,1,
7290117860595,false,הוואי מרכך לילדים רוזמרין מנגו ומשמש 700,"טרופיקל גליל בע""מ",,,"י""ח",700,"ל מ""ל",false,1,14.90,2.13,true,1,
7290117860649,false,הוואי שמפו קרטין קיק ללא סולפטים 700 מל,"טרופיקל גליל בע""מ",,,"י""ח",700,"ל מ""ל",false,1,14.90,2.13,true,1,
7290117860748,false,הוואי שמפו תמצית יסמין מעניק נפח 700 מל,"טרופיקל גליל בע""מ",,,"י""ח",700,"ל מ""ל",false,1,14.90,2.13,true,1,
7290117860946,false,"תחליב רחצה יוגורט בניחוח קוקוס 700 מ""ל הוואי","טרופיקל דגיל בע""\מ",,,"י""ח",700,"ל מ""ל",false,1,14.90,2.13,true,1,
7290117860991,false,"תחליב רחצה יוגורט בניחוח שקדים 700 מ""ל הוואי","טרופיקל דגיל בע""\מ",,,"י""ח",700,"ל מ""ל",false,1,14.90,2.13,true,1,
7290117901168,false,מיקס אגוזים וחמוציות 250 גרם ששון הקולה,דין שיווק וקליה 2021 בעמ,,,"י""ח",250,ל גרם,false,1,20,8,false,1,
7290117901182,false,בוטן קליפה קלוי 350 גרם ששון הקלה,דין שיווק וקליה 2021 בעמ,,,"י""ח",350,ל גרם,false,1,10,2.86,false,1,
7290117901205,false,טורטיה דגנים בתוספת שומשום ופשתן שקדיה 420 גרם,דין שיווק וקליה 2021 בעמ,,,"י""ח",360,ל גרם,false,1,9.90,2.75,false,1,
7290117901762,false,בוטן רביולי 200גר מחנה יהודה,דין שיווק וקליה 2021 בעמ****,,,"י""ח",200,ל גרם,false,1,24.90,12.45,true,1,
7290117901793,false,גרעיני חמניה קלופים 250גר מחנה יהודה,דין שיווק וקליה 2021 בעמ****,,,"י""ח",250,ל גרם,false,1,14.90,5.96,true,1,
7290117901809,false,צנובר 130גר מחנה יהודה,דין שיווק וקליה 2021 בעמ****,,,"י""ח",130,ל גרם,false,1,39.90,30.69,true,1,
7290117901816,false,אגוז קשיו טבעי 250גר מחנה יהודה,דין שיווק וקליה 2021 בעמ****,,,"י""ח",250,ל גרם,false,1,29.90,11.96,true,1,
7290117901823,false,שקד מולבן פרוס 250גר מחנה יהודה,דין שיווק וקליה 2021 בעמ****,,,"י""ח",250,ל גרם,false,1,29.90,11.96,true,1,
7290118303060,false,כוסית,צבע ומכחול (2014) בעמ,,,"י""ח",1,,false,1,3.50,3.50,false,1,
7290118420378,false,פתיבר פינוקים בטעם תותים בשמנת - חלבי,קבוצת אוסם סחר שותפות מוגבלת,,,"י""ח",220,ל גרם,false,1,10.90,4.95,true,1,
7290118420514,false,אינסטנט פודינג בטעם נוגט אסם 75 גרם,קבוצת אוסם סחר שותפות מוגבלת,,,"י""ח",75,ל גרם,false,1,5.90,7.87,true,1,
7290118751649,false,אנטריקוט פרוס טרי חלק ארוז *,"ח.י. מעדני גורמה בע""מ",,,"ק""ג",1,,true,1,199,199,true,1,
7290118751656,false,אנטריקוט פרוס דק טרי חלק ארוז*,"ח.י. מעדני גורמה בע""מ",,,"ק""ג",1,,true,1,199,199,true,1,
7290118751663,false,רוסטביף לתנור טרי חלק ארוז **,"ח.י. מעדני גורמה בע""מ",,,קוב,1,,true,1,89.90,89.90,false,1,
7290118751670,false,צלי כתף חצוי טרי חלק ארוז**,"ח.י. מעדני גורמה בע""מ",,,"ק""ג",1,,true,1,99.90,99.90,false,1,
7290118751687,false,שריר טרי חלק ארוז **,"ח.י. מעדני גורמה בע""מ",,,"ק""ג",1,"ק""ג",true,1,69.90,69.90,true,1,
7290118751694,false,שריר עגל מעובד מופשר חלק ארוז**,"ח.י. מעדני גורמה בע""מ",,,"ק""ג",1,,true,1,59.90,59.90,false,1,
7290118751700,false,גולש טרי חלק ארוז**,"ח.י. מעדני גורמה בע""מ",,,"ק""ג",1,,true,1,79.90,79.90,false,1,
7290118751717,false,בשר לטחינה טרי חלק ארוז**,"ח.י. מעדני גורמה בע""מ",,,"ק""ג",1,,true,1,59.90,59.90,false,1,
7291044096026,false,טוסטר לחיצה ל 2 פרוסות גריל שחור סמיקום לקסיס,סמיקום לקסיס בעמ,,,"י""ח",1,,false,1,69.90,69.90,false,1,
7291044125085,false,"פנס קיר 6W סאן 60 לדים 393מ""מ.",סמיקום לקסיס בעמ,,,"י""ח",1,,false,1,59,59,false,1,
7291045000442,false,פחם אלשאם 2 ק``ג,מחמד זייד,,,"י""ח",1,,false,1,14.90,14.90,false,1,
7291074007511,false,"סוטז 32ס""מ שיש שחור מבריק",סולתם - רדד (כלי בית) בעמ,,,"י""ח",1,,false,1,159.90,159.90,false,1,
7297094013204,false,מגן מזרן Switzeland יחיד 90/200,רומנטקס בעמ,,,"י""ח",1,,false,1,48.90,48.90,true,1,
7297488098183,false,קמח אורז ללא גלוטן דוכן גן שמואל 500 גרם,"תבליני העליון בע""מ",,,"י""ח",500,"ל מ""ל",false,1,10.90,2.18,false,1,
7297579010742,false,שלישיית מגבות מטבח לימון ויה,דהן פרוספר בעמ,,,"י""ח",1,,false,1,10.90,10.90,false,1,
7297579011312,false,מגבת פנים מדאם,"דהן פרוספר בע""מ",,,"י""ח",1,,false,1,14.90,14.90,true,1,
7297579011329,false,מגבת מדאם גוף,"דהן פרוספר בע""מ",,,"י""ח",1,,false,1,29.90,29.90,true,1,
7297579011350,false,שמיכת כירבולית לונדון,"דהן פרוספר בע""מ",,,"י""ח",1,,false,1,14.90,14.90,true,1,
7297579011572,false,שלישיית מגבות מטבח זיג זג,דניאלה ע.י בעמ,,,"י""ח",1,,false,1,11.90,11.90,false,1,
7297588028455,false,מטריה סיליקון חצי אוטומטית חלק,ביג מול בעמ,,,"י""ח",375,ל גרם,false,1,39.90,10.64,false,1,
7312040017683,false,מארז אבסולוט רגיל(וודקה {}{700 עם כוס,טמפו משקאות בע`מ,,,"י""ח",750,"ל מ""ל",false,1,69.90,9.28,true,1,
7394376616778,false,אוטלי משקה שיבולת שועל להקצפה בריסטה 1 ליטר,ש. שסטוביץ בע`מ,,,"י""ח",1,ליטר,false,1,16.90,16.90,false,1,
7450014901320,false,נעלי בית חורף נשים דגם SY001 שחור,ביג מול בעמ,,,"י""ח",1,,false,1,39.90,39.90,false,1,
7450014901344,false,נעלי בית חורף נשים דגם SY001 אפור,ביג מול בעמ,,,"י""ח",1,,false,1,39.90,39.90,false,1,
7450014901351,false,נעלי בית חורף נשים דגם SY001 אפור,ביג מול בעמ,,,"י""ח",1,,false,1,39.90,39.90,false,1,
7450026800437,false,נעלי בית חורף גברים SY012 אפור,ביג מול בעמ,,,"י""ח",1,,false,1,39.90,39.90,false,1,
7450026800499,false,נעלי בית חורף גברים SY013 שחור,ביג מול בעמ,,,"י""ח",1,,false,1,39.90,39.90,false,1,
7450026800505,false,נעלי בית חורף גברים SY013 ירוק,ביג מול בעמ,,,"י""ח",1,,false,1,39.90,39.90,false,1,
7450026806026,false,נעלי בית גברים חום דגם 015,ביג מול בעמ,,,"י""ח",1,,false,1,39.90,39.90,false,1,
7501013101355,false,"נקטר בטעם אפרסק 500 מ""ל JUMEX",חומקס קומר קומרסאליזדורה,,,"י""ח",473,"ל מ""ל",false,1,8.50,1.73,true,1,
7501013101393,false,"ג'ומקס אננס בקבוק 473 מ""ל תריסר",חומקס קומר קומרסאליזדורה,,,"י""ח",473,"ל מ""ל",false,1,8.50,1.73,true,1,
7501013122114,false,"נקטר משקה אננס בקרטונית ג'ומקס, 1 ל'",חומקס קומר קומרסאליזדורה,,,"י""ח",1,ליטר,false,1,9.50,9.50,true,1,
7501013122190,false,ג'ומקס מיץ תפוחים קרטונית ליטר תריסר,חומקס קומר קומרסאליזדורה,,,"י""ח",1,ליטר,false,1,9.50,9.50,true,1,
7501013122992,false,ג'ומקס מיץ קוקוס אננס קרטונית ליטר תריסר,חומקס קומר קומרסאליזדורה,,,"י""ח",1,ליטר,false,1,9.50,9.50,true,1,
7501013138184,false,משקה חמוציות יוניקו פרסקו ג'ומקס קרטונית 1 ליטר,חומקס קומר קומרסאליזדורה,,,"י""ח",1,ליטר,false,1,10.50,10.50,false,1,
7501049936945,false,"שישיית בירה סול בקבוק 330 מ""ל",טמפו משקאות בע`מ,,,"י""ח",1.98,ליטר,false,1,39.90,19.24,true,1,
7501064191398,false,שישיית בירה קורונה אקסטרא *355 מל,קריניציה ויטמינה אס,,,"י""ח",6,"י""ח",false,1,39.90,6.35,true,1,
7509546678702,false,קולגייט משחת שיניים טוטל אנטי טרטר 100 מ,קולגייט-פלמוליב,,,"י""ח",100,"ל מ""ל",false,1,16.90,16.90,true,1,
7610100034084,false,מיונז טומי בשפורפרת 265 גרם,ליימן שליסל בע`מ,,,"י""ח",265,ל גרם,false,1,11.90,4.49,false,1,
7610113011652,false,בריזר - משקה כוהלי מוגז בטעם תפוח,בקרדי בריזר Bacardi Breezer,,,"י""ח",275,"ל מ""ל",false,1,14.20,5.05,true,1,
7610243004463,false,"דורגול - מרסס להסרת אבנית במקלחון 600 מ""ל","יעקב יעקבי ובניו בע""מ",,,"י""ח",500,"ל מ""ל",false,1,24.90,4.98,true,1,
7610400010481,false,לינדט אקסלנס שוקולד חלב 100 גרם,לינדט ושפרונגלי קילשברג,,,"י""ח",10,ל גרם,false,1,17.90,179,true,1,
7610400075787,false,לינדט לה גרנד שוקולד חלב אגוז 150 גרם,לינדט ושפרונגלי קילשברג,,,"י""ח",140,ל גרם,false,1,28.40,20.29,true,1,
7610400085946,false,לינדט לגרנד דארק אלמונד סולט 150 גרם,לינדט ושפרונגלי קילשברג,,,"י""ח",150,ל גרם,false,1,24.90,16.60,true,1,
7610700607046,false,סוכריות צמחים לימון ומנטה ללא תוספת סוכר,שוקוטרייד בעמ,,,"י""ח",50,ל גרם,false,1,13.90,27.80,false,1,
7610700607077,false,סוכריות צמחים תפוז ומנטה ללא תוספת סוכר,שוקוטרייד בעמ,,,"י""ח",50,ל גרם,false,1,13.90,27.80,false,1,
7613030979647,false,דגני בוקר טריקס פירות עולם היורה 480 ג',קבוצת אוסם סחר שותפות מוגבלת,,,"י""ח",4.80,"י""ח",false,1,27.30,5.69,true,1,
7613032045753,false,פיטנס דגנים מחיטה מלאה שוקולד 375גרם,קבוצת אוסם סחר שותפות מוגבלת,,,"י""ח",375,ל גרם,false,1,22.90,6.11,true,1,
7613035548374,false,דגני בוקר גולדן מיניס מחיטה מלאה ותירס,קבוצת אוסם סחר-שות.מוגבלת,,,"י""ח",500,ל גרם,false,1,27.30,5.46,true,1,
7613035809109,false,פרפקטו רוטב עגבניות ובזיליקום אסם 400 גרם,קבוצת אוסם סחר שותפות מוגבלת,,,"י""ח",400,ל גרם,false,1,10.70,2.68,true,1,
7613035809123,false,פרפקטו רוטב עגבניות עם פלפלים אסם 400 גרם,קבוצת אוסם סחר שותפות מוגבלת,,,"י""ח",400,ל גרם,false,1,10.70,2.68,true,1,
7613035809857,false,פרפקטו רוטב עגבניות לפסטה ולבישול אסם 400 גרם,קבוצת אוסם סחר שותפות מוגבלת,,,"י""ח",400,ל גרם,false,1,10.70,2.68,true,1,
7613036520492,false,פרפקטו רוטב עגבניות לפיצה אסם 400 גרם,קבוצת אוסם סחר-שות.מוגבלת,,,"י""ח",400,ל גרם,false,1,10.70,2.68,true,1,
7613036976671,false,פריסקיז פאוצ' עוף ברוטב 26*85גרם,קבוצת אוסם סחר שותפות מוגבלת,,,"י""ח",80,ל גרם,false,1,5.90,7.38,false,1,
7613036976718,false,פריסקיז פאוצ' ברווז ברוטב 26*85גרם,קבוצת אוסם סחר שותפות מוגבלת,,,"י""ח",80,ל גרם,false,1,5.90,7.38,false,1,
7613037686906,false,פיטנס שקדים ודבש 355 גרם מופחת סוכר,קבוצת אוסם סחר שותפות מוגבלת,,,"י""ח",355,ל גרם,false,1,22.90,6.45,true,1,
7613038451954,false,דגני בוקר שוקולד מופחת סוכר 410 ג' קראנץ',קבוצת אוסם סחר-שות.מוגבלת,,,"י""ח",410,ל גרם,false,1,24.60,6,true,1,
7613039547922,false,גרבר מחית אגס תפוח ובננה 90 גרם פאוץ,קבוצת אוסם סחר-שות.מוגבלת,,,"י""ח",90,ל גרם,false,1,7.90,8.78,true,1,
7613039879382,false,מחית תפוח עץ 190 גר` גרבר כשר לפסח,קבוצת אוסם סחר שותפות מוגבלת,,,"י""ח",190,ל גרם,false,1,7.90,4.16,false,1,
7613287121783,false,סמארטיס מיני 16*187 גרם,קבוצת אוסם סחר שותפות מוגבלת,,,"י""ח",187,ל גרם,false,1,15.40,8.24,false,1,
7613287394323,false,דגני בוקר מולטי צ'יריוס 600 גרם,קבוצת אוסם סחר שותפות מוגבלת,,,"י""ח",500,ל גרם,false,1,22.30,4.46,true,1,
7613287476678,false,דגני בוקר סינימיניס צ'ורוס נסטלה 360 ג',קבוצת אוסם סחר שותפות מוגבלת,,,"י""ח",360,ל גרם,false,1,27.30,7.58,true,1,
7613287855640,false,סטארבקס קפסולות קפה גוואטמלה 10 יחידות,קבוצת אוסם סחר שותפות מוגבלת,,,"י""ח",52,ל גרם,false,1,22.90,44.04,true,1,
7622010001858,false,עוגיות אוראו ממולאות קרם וניל 176 גרם.,דיפלומט מפיצים (1968) בעמ**,,,"י""ח",176,ל גרם,false,1,9.90,5.63,true,1,
7622201050757,false,מילקה שוקולד חלב במילוי קרם קרמל 100 ג,דיפלומט מפיצים (1968) בעמ**,,,"י""ח",100,ל גרם,false,1,7.90,7.90,true,1,
7622201139278,false,גבינת פילדלפיה שמנת 150 גר`% (27 שומן),מיודלז אספניה פרודוק,,,"י""ח",150,ל גרם,false,1,14.90,9.93,false,1,
7622201401900,false,עוגיות סנסיישן אוראו מילקה 156 גרם,דיפלומט מפיצים (1968) בעמ**,,,"י""ח",156,ל גרם,false,1,10.90,6.99,true,1,
7622201502515,false,עוגיות מילקה קוקי לופ שוקולד צ'יפס,דיפלומט מפיצים (1968) בעמ**,,,"י""ח",132,ל גרם,false,1,10.90,8.26,true,1,
7622201521493,false,גבינת פילדלפיה שום ועשבי תיבול 150 גר` (,מיודלז אספניה פרודוק,,,"י""ח",150,ל גרם,false,1,14.90,9.93,true,1,
7622201798154,false,גבינת שמנת לייט מופחתת שומן 13% שומן,מיודלז אספניה פרודוק,,,"י""ח",150,ל גרם,false,1,15.90,10.60,false,1,
7622201801809,false,מילקה שוקולד חלב עם אגוזים 100 גרם חדש,מנדלז דויצ'\לנד סנקס פרו,,,"י""ח",100,ל גרם,false,1,7.90,7.90,true,1,
7622201802394,false,שוקולד מילקה חלב מסרונים 100 גרם,מנדלז דויצ'\לנד סנקס פרו,,,"י""ח",100,ל גרם,false,1,7.90,7.90,true,1,
7622201808631,false,אוראו מיני עוגיות ממולאות קרם וניל 67גרם,דיפלומט מפיצים (1968) בעמ**,,,"י""ח",67,"ס""מ",false,1,6.90,10.30,true,1,
7622201813390,false,עוגיות מילקה וואפל במילוי קרם קקאו 150 ג,דיפלומט מפיצים (1968) בעמ**,,,"י""ח",150,ל גרם,false,1,10.90,7.27,true,1,
7622210078131,false,שוקולד חלב עם שבבי קרמל מילקה דיים 100 גרם,מנדלז דויצ'\לנד סנקס פרו,,,"י""ח",100,ל גרם,false,1,7.90,7.90,true,1,
7622210137234,false,אוראו עוגיות עם דאבל קרם בטעם וניל 170ג,דיפלומט מפיצים (1968) בעמ**,,,"י""ח",170,ל גרם,false,1,9.90,5.82,true,1,
7622210163899,false,שוקולד חלב במילוי סוכריות עדשים,דיפלומט מפיצים (1968) בעמ**,,,"י""ח",100,ל גרם,false,1,7.90,7.90,true,1,
7622210453327,false,עוגיות שוקוצ'יפס במילוי שוקולד סנסיישן,דיפלומט מפיצים (1968) בעמ**,,,"י""ח",156,ל גרם,false,1,14,8.97,true,1,
7622210826053,false,מילקה שוקולד אוראו סנדוויץ 100 גרם,דיפלומט מפיצים (1968) בעמ**,,,"י""ח",92,ל גרם,false,1,7.90,8.59,true,1,
7622300270506,false,מילקה גריינס - עוגיות שיבולת שועל מצופות שוקולד 168 ג',דיפלומט מפיצים (1968) בעמ**,,,"י""ח",168,ל גרם,false,1,10.90,6.49,true,1,
7622300489427,false,עוגיות אוראו בציפוי בטעם שוקולד לבן 246 גרם,דיפלומט מפיצים (1968) בעמ**,,,"י""ח",264,ל גרם,false,1,21.90,8.30,true,1,
7622300489434,false,"עוגיות אוראו פאדג' בציפוי שוקולד חלב, 246 גרם",דיפלומט מפיצים (1968) בעמ**,,,"י""ח",264,ל גרם,false,1,21.90,8.30,true,1,
7622300495046,false,מילקה שוקולד חלב עם אקסטרה קקאו 100 גרם,מנדלז דויצ'\לנד סנקס פרו,,,"י""ח",100,ל גרם,false,1,7.90,7.90,true,1,
7622300503079,false,עוגיות ביסקוויט מצופה שוקולד חלב מילקה 200 גרם,דיפלומט מפיצים (1968) בעמ**,,,"י""ח",200,ל גרם,false,1,10.90,5.45,true,1,
7622300617820,false,מילקה שוקולד חלב במילוי קרם חלב ווניל ושבבי עוגיות אוראו 100 גרם,מנדלז דויצ'\לנד סנקס פרו,,,"י""ח",100,ל גרם,false,1,7.90,7.90,true,1,
7622400005190,false,שוקולד חלב נגיעות שוקולד לבן מילקה 100 ג,מנדלז דויצ'\לנד סנקס פרו,,,"י""ח",1,,false,1,7.90,7.90,true,1,
7630311507016,false,קפסולות קפה סטארבקס סאני דיי 12*57גר`,קבוצת אוסם סחר שותפות מוגבלת,,,"י""ח",57,ל גרם,false,1,21.90,38.42,true,1,
7630477891691,false,קפסולות קפה קולומביה (10 יח) סטארבקס ( 5,קבוצת אוסם סחר שותפות מוגבלת,,,"י""ח",57,ל גרם,false,1,22.90,40.18,true,1,
7630477891714,false,סטארבקס קפסולות קפה אספרסו 10 יחידות,קבוצת אוסם סחר שותפות מוגבלת,,,"י""ח",57,ל גרם,false,1,22.90,40.18,true,1,
7702018016808,false,ג'ילט ונוס ריווירה 2 סכיני גילוח חד פעמי,דיפלומט מפיצים 1968 בעמ,,,"י""ח",1,,false,1,23.90,23.90,true,1,
7702018457762,false,"ג'ל גילוח ג'ילט סירייס לעור תחושה קרירה 200 מ""ל",דיפלומט מפיצים (1986) בע`מ,,,"י""ח",200,"ל מ""ל",false,1,16.90,8.45,true,1,
7702018609130,false,סכיני גילט סקינגארד אלוורה ידני 10 יח,"פרוקטר אנד גמבל, גרמניה",,,"י""ח",1,,false,1,139.90,139.90,true,1,
7702018609154,false,סכיני גילט פרוגלייד ידני 10 יח.,"פרוקטר אנד גמבל, גרמניה",,,"י""ח",1,,false,1,139.90,139.90,true,1,
7702024074625,false,פיטנס - חטיפי קרקר חיטה מלאה 234 גרם,קבוצת אוסם סחר שותפות מוגבלת,,,"י""ח",234,ל גרם,false,1,13.90,5.94,false,1,
7702024258322,false,"חטיפי קרקר עם חיטה מלאה, צ'יה וזרעי פשתן פיטנס",קבוצת אוסם סחר שותפות מוגבלת,,,"י""ח",234,ל גרם,false,1,14.90,6.37,false,1,
7702174066631,false,לקקן יוגטה פין פופ במילוי מסטיק 170 גר,קומסטיבלס לה רוזה אס.איי,,,"י""ח",180,"ל מ""ל",false,1,8.90,4.94,false,1,
7702174068826,false,יוגטה מבחר סוכריות לקקן קשות ממולאות טופי בטעמי יוגורט ופירות 204 גרם,הדקלאים אגודת שיתופי,,,"י""ח",216,ל גרם,false,1,11.90,5.51,false,1,
7798141877836,false,"גאטו נגרו פינו סוביניון בלאן 750מ""ל",היכל היין שקד גולן בעמ,,,"י""ח",750,"ל מ""ל",false,1,39.90,5.28,true,1,
7798378440018,false,אוכמניות יחידה,ביכורי השדה צפון 1994 ג.ד. בעמ,,,"י""ח",1,,false,1,15.90,15.90,true,1,
7798382150019,false,אוכמניות טריות 125גרם,ביכורי השדה צפון 1994 ג.ד. בעמ,,,"י""ח",1,,false,1,15.90,15.90,true,1,
7804414000884,false,שרדונה BIN דון חוליו (750 מל),צ'ילה לואיס פיליפה אדוארדס,,,"י""ח",750,"ל מ""ל",false,1,26.20,3.45,false,1,
7891024124826,false,קולגייט משחת אופטיק ספרקלינג וייט 75מל,הנסיך- מפעל לייצור ט,,,"י""ח",75,"ל מ""ל",false,1,22.90,30.53,true,1,
8000070003798,false,קפסולות אספרסו לוואצה דליסיוזו 8 16 יח,לאוג'י לוואצה אס.פי.אי,,,"י""ח",100,ל גרם,false,1,29.90,29.90,true,1,
8000070003811,false,קפסולות אספרסו לוואצה פסיונלה 11 16 יח,לואיג'י לוואצה,,,"י""ח",100,ל גרם,false,1,29.90,29.90,true,1,
8000070081017,false,קפסולות קפה אספרסו דיצו 10 10 יחידות,לאוג'\י לוואצה אס.פי.אי,,,"י""ח",100,ל גרם,false,1,16.90,16.90,false,1,
8000113003402,false,"קמח תירס בוואקום 1 ק""ג",גורי מוצרי צריכה (1991) בעמ,,,"י""ח",1,"ק""ג",false,1,16.70,16.70,false,1,
8000215204714,false,משקה שיבולת שועל אורגני פרימונה 1 ליטר,בטר אנד דיפרנט,,,"י""ח",1,ליטר,false,1,16.90,16.90,false,1,
8000320010088,false,"רוטב עגבניות במרקם גס 680 מ""ל MUTTI",דיפלומט מפיצים (1968) בעמ**,,,"י""ח",680,"ל מ""ל",false,1,12.90,1.90,false,1,
8000320010095,false,"רוטב עגבניות במרקם עדין 700 מ""ל MUTTI",דיפלומט מפיצים (1968) בעמ**,,,"י""ח",700,"ל מ""ל",false,1,12.90,1.84,false,1,
8000380003723,false,וופלים גרנד פטיסרי במילוי קרם אגוזים 100,קריניציה ויטמינה אס,,,"י""ח",1,,false,1,15.60,15.60,true,1,
8000380003754,false,וופל גראן פטיסרי Gran Pasticceria קפוצ'ינו,ליימן שליסל בעמ,,,"י""ח",100,ל גרם,false,1,12.90,12.90,true,1,
8000380003761,false,וופל גרנד פטיסרי שוקולד וקוקוס לואקר 100 גרם,קריניציה ויטמינה אס,,,"י""ח",100,ל גרם,false,1,13.90,13.90,true,1,
8000380004676,false,קוביות וופל סנדוויץ Sandwich עם וניל וחלב,"א. לואקר, קונפקט ג'י",,,"י""ח",200,ל גרם,false,1,13.90,6.95,true,1,
8000380004881,false,וופל קוארדטיני לואקר קוביות טרמיסו 220ג',קריניציה ויטמינה אס,,,"י""ח",220,ל גרם,false,1,15.20,6.91,true,1,
8000380004911,false,קוביות וופל קואדרטיני Quadratini קרם אגוזים,קריניציה ויטמינה אס,,,"י""ח",250,ל גרם,false,1,15.20,6.08,true,1,
8000380004942,false,וופל לואקר קוארדטיני קוביות ווניל 250ג',ליימן שליסל בע`מ,,,"י""ח",250,ל גרם,false,1,15.20,6.08,true,1,
8000380004966,false,וופל קוארדטיני לואקר קוביות שוקולד 250ג',קריניציה ויטמינה אס,,,"י""ח",250,ל גרם,false,1,15.20,6.08,true,1,
8000380007219,false,וופל לואקר ממולא קרם אגוזים 175 גרם,ליימן שליסל בע`מ,,,"י""ח",175,ל גרם,false,1,13.60,7.77,true,1,
8000380007257,false,וופל גרדנה במילוי קרם אגוזים מצופה,קריניציה ויטמינה אס,,,"י""ח",200,ל גרם,false,1,16.70,8.35,true,1,
8000380007264,false,וופל לואקר ממולא קרם קקאו 175 גרם,קריניציה ויטמינה אס,,,"י""ח",175,ל גרם,false,1,13.60,7.77,true,1,
8000380144044,false,גרדנה וופל מצופה שוקולד חלב לואקר 200 גרם,ליימן שליסל בע`מ,,,"י""ח",200,ל גרם,false,1,16.70,8.35,true,1,
8000380153442,false,וופל קלאסיק בטעם אגוזים לואקר 90 גרם,ליימן שליסל,,,"י""ח",90,ל גרם,false,1,9.10,10.11,true,1,
8000380153466,false,וופל קלאסיק בטעם קקאו לואקר 90 גרם,קריניציה ויטמינה אס,,,"י""ח",90,ל גרם,false,1,9.10,10.11,true,1,
8000380155699,false,שלישיית וופל טורטינה לבן לואקר 21 גרם,קריניציה ויטמינה אס,,,"י""ח",3,"י""ח",false,1,8.90,2.97,false,1,
8000380156825,false,שוקולד חלב במילוי קרם חלב וופל לואקר 87 גרם,ליימן שליסל בעמ,,,"י""ח",87,ל גרם,false,1,10.60,12.18,false,1,
8000380180745,false,וופל קוביות קקאו במילוי קרם חלב לואקר 250 גרם,"א. לואקר, קונפקט ג'י",,,"י""ח",250,ל גרם,false,1,15.20,6.08,true,1,
8000380187300,false,עוגיות חמאה עם שוקולד חלב לואקר 120 גר,ליימן שליסל בע`מ,,,"י""ח",120,ל גרם,false,1,13.90,11.58,true,1,
8000380192151,false,טורטינה שישיה טריפל שוקולד מריר 125 גר`,א. לואקר אס. פי. אי-אי.,,,"י""ח",125,ל גרם,false,1,19.90,15.92,true,1,
8000380206896,false,וופל גרדנה במילוי חמאת בוטנים 200 גרם,ליימן שליסל בע`מ,,,"י""ח",200,ל גרם,false,1,16.70,8.35,true,1,
8000500023624,false,חטיפי הפי היפו Happy Hippo במילוי קרם חלב וקקאו,פרימיום-חברה לדברי מתיקה ולמסח,,,"י""ח",90,ל גרם,false,1,12.90,14.33,false,1,
8000500023976,false,בונבוניירת רפאלו פררו (150 גרם),פרימיום-חברה לדברי מתיקה ולמסח,,,"י""ח",150,ל גרם,false,1,18.90,12.60,false,1,
8000500026731,false,ביצי שוקולד קינדר מארז 3 יח סופרייז,פרימיום-חברה לדברי מתיקה ולמסח,,,"י""ח",60,ל גרם,false,1,15.90,26.50,true,1,
8000500028124,false,קינדר גוי ביצת הפתעה מארז שלישיה,פרימיום-חברה לדברי מתיקה ולמסח,,,"י""ח",3,"י""ח",false,1,13.70,4.57,true,1,
8000500032237,false,בונבונרייה פררו רושר 375 גרם,פרימיום-חברה לדברי מתיקה ולמסח,,,"י""ח",375,ל גרם,false,1,47.90,12.77,true,1,
8000500071083,false,אצבעות שוקולד קינדר Kinder שש עשרה יחידות,פרימיום-חברה לדברי מתיקה ולמסח,,,"י""ח",200,ל גרם,false,1,14.90,7.45,false,1,
8000500121436,false,מארז קינדר בואנו Kinder Bueno לבן שלוש יחידות,פרימיום-חברה לדברי מתיקה ולמסח,,,"י""ח",3,"י""ח",false,1,12.90,4.30,true,1,
8000500167656,false,קינדר שוקולד עם דגנים סיריאל 94 ג',פרימיום-חברה לדברי מתיקה ולמסח,,,"י""ח",96,ל גרם,false,1,7.90,8.23,false,1,
8000500227848,false,נוטלה - בי רדי אצבעות ביסקוויט במילוי שוקולד 6 יח' * 22 גרם,פרימיום-חברה לדברי מתיקה ולמסח,,,"י""ח",132,ל גרם,false,1,12.90,9.77,true,1,
8000500247150,false,פררו רושה קולקשיין קוקוס מילוי קרם ושקד שלם 172ג',פרימיום-חברה לדברי מתיקה ולמסח,,,"י""ח",172,ל גרם,false,1,26.90,15.64,false,1,
8000500247167,false,פררו קולקשן - כדורי וופל מצופים 24 יחידו,פרימיום-חברה לדברי מתיקה ולמסח,,,"י""ח",275,ל גרם,false,1,49.90,18.15,false,1,
8000500256213,false,קינדר שוקולד חלב במילוי קרם חלבי,פרימיום-חברה לדברי מתיקה ולמסח,,,"י""ח",120,ל גרם,false,1,11.90,9.92,false,1,
8000500267103,false,קינדר דליס עוגת ספוג קקאו במילוי חלבי*10,פרימיום-חברה לדברי מתיקה ולמסח,,,"י""ח",4.20,"י""ח",false,1,21.90,5.21,true,1,
8000500269169,false,קינדר קארדס Kinder Cards - חמישייה,פרימיום-חברה לדברי מתיקה ולמסח,,,"י""ח",1.28,"י""ח",false,1,13.90,10.86,false,1,
8000500294345,false,רושר איש שלג שוקולד חלב ואגוזי לוז 90 גר,פרימיום-חברה לדברי מתיקה ולמסח,,,"י""ח",1,,false,1,14.90,14.90,true,1,
8000500310397,false,נוטלה ביסקוויט 166ג,פרימיום - חברה לדברי מתיקה ולמ,,,"י""ח",1.66,"י""ח",false,1,14.90,8.98,false,1,
8000500366073,false,נוטלה עוגיות נוטלה בשקית 20 יח'- NUTELLA BISCUITTS,פרימיום - חברה לדברי מתיקה ולמ,,,"י""ח",2.76,"י""ח",false,1,21.90,7.93,false,1,
8000500386941,false,נוטלה ממרח קקאו עם אגוזי לוז 900 גר`,פרימיום-חברה לדברי מתיקה ולמסח,,,"י""ח",900,ל גרם,false,1,31.90,3.54,true,1,
8001003100218,false,סוכריות יוגטה ג'לי פירות 800 גר',ליימן שליסל בע`מ,,,"י""ח",800,ל גרם,false,1,26.20,3.28,false,1,
8001090222756,false,"הרבל אסנס מרכך תות שמן מורינגה 400 מ""ל",דיפלומט מפיצים (1968) בעמ,,,"י""ח",400,"ל מ""ל",false,1,19.90,4.98,true,1,
8001090290939,false,"אוראל בי משחת שיניים- להלבנה לובן בוהק 75 מ""ל",דיפלומט מפיצים (1968) בעמ,,,"י""ח",124,ל גרם,false,1,23.90,19.27,true,1,
8001090336606,false,פמפרס בייבי דריי חיתולים מידה 6 26 יח,דיפלומט מפיצים (1986) בע`מ,,,"י""ח",1,,false,1,39.90,39.90,true,1,
8001090375230,false,"מרכך מרוכז 200 מ""ל לחות מוגברת ""פנטן""",דיפלומט מפיצים (1968) בעמ,,,"י""ח",200,"ל מ""ל",false,1,21.90,10.95,false,1,
8001090458353,false,סבון כלים פעולה אנטי-בקטריאלית אקליפטוס,דיפלומט מפיצים (1986) בע`מ,,,"י""ח",500,"ל מ""ל",false,1,12.50,2.50,false,1,
8001090734044,false,אולוויז מגן תחתון גיגה פק לארג' אקסטרה פרוטקט 64 יח',דיפלומט מפיצים (1986) בע`מ,,,"י""ח",78,"י""ח",false,1,24.90,0.32,true,1,
8001090737809,false,מגן תחתון אולוויז סינגל טנגה 36 יחידות,דיפלומט מפיצים (1968) בעמ,,,"י""ח",1,,false,1,18.90,18.90,true,1,
8001090802385,false,קפסולות גל לכביסה טייד בניחוח לנור 26 יח,דיפלומט מפיצים (1986) בע`מ,,,"י""ח",26,"י""ח",false,1,29.90,1.15,false,1,
8001090832573,false,שמפו שמן לחות מוגברת 660 מל פנטן,דיפלומט מפיצים (1986) בע`מ,,,"י""ח",660,"ל מ""ל",false,1,23.90,3.62,false,1,
8001090832696,false,"פנטן שמפו לתלתלים מושלמים 660 מ""ל",דיפלומט מפיצים (1986) בע`מ,,,"י""ח",660,"ל מ""ל",false,1,23.90,3.62,false,1,
8001090832771,false,"פנטן שמפו להזנת קרטין 660 מ""ל",דיפלומט מפיצים (1986) בע`מ,,,"י""ח",660,"ל מ""ל",false,1,23.90,3.62,false,1,
8001090833051,false,"פנטן 660 מ""ל קונדישינר הזנת קרטין",דיפלומט מפיצים (1986) בע`מ,,,"י""ח",660,"ל מ""ל",false,1,22.90,3.47,false,1,
8001090833136,false,אריאל ג`ל כביסה 2.255 ליטר בייבי,דיפלומט מפיצים (1986) בע`מ,,,"י""ח",2.2550,ליטר,false,1,35.90,15.92,false,1,
8001090833228,false,אריאל ג'ל כביסה קולור 2.365 ליטר,דיפלומט מפיצים (1986) בע`מ,,,"י""ח",2.36,ליטר,false,1,35.90,15.21,false,1,
8001090899194,false,תחבושות אולוויז פלטינום נורמל 24 יחידות,דיפלומט מפיצים (1986) בע`מ,,,"י""ח",1,,false,1,19.90,19.90,true,1,
8001090899224,false,תחבושות אולוויז פלטינום לונג 20 יחידות,דיפלומט מפיצים (1986) בע`מ,,,"י""ח",1,,false,1,19.90,19.90,true,1,
8001160001786,false,"משקה אנרגיה גטורייד ספורט כחול 500מ""ל",אקווה מינרלה סאן בנדטו,,,"י""ח",500,"ל מ""ל",false,1,9.60,1.86,true,1,
8001505000184,false,מעדן אוכמניות אורגני 250 גר FIORDIFRUTT,אף.סי תבליני בגליל ב,,,"י""ח",250,ל גרם,false,1,18.90,7.56,false,1,
8001505000283,false,מעדן פטל אורגני 250 גר FIORDIFRUTTA,אף.סי תבליני בגליל ב,,,"י""ח",250,ל גרם,false,1,18.90,7.56,false,1,
8001620011935,false,"סן בנדטו- מים מינרלים מוגז - מארז שישיית 500 מ""ל",אקווה מינרלה סאן בנד,,,"י""ח",3,ליטר,false,1,14.90,4.37,true,1,
8001620015629,false,"משקה פירות בטעם תפוז ותפוז אדום 400 מ""ל פרוטה",אקווה מינרלה סאן בנדטו ב,,,"י""ח",40,"ל מ""ל",false,1,6.90,16.50,true,1,
8001620015636,false,"משקה פירות פרוטה-מיקס פירות 400 מ""ל סאן בנדטו",אקווה מינרלה סאן בנדטו ב,,,"י""ח",40,"ל מ""ל",false,1,6.90,16.50,true,1,
8001620018248,false,"מים מינרלים 750 מ""ל סאן בנדטו-פקק ספורט",אקווה מינרלה סאן בנדטו ב,,,"י""ח",750,"ל מ""ל",false,1,3.50,0.43,true,1,
8001841019291,false,קפסולות לכביסה בניחוח לנור אריאל 16 יחידות,דיפלומט מפיצים (1968) בעמ,,,"י""ח",16,"י""ח",false,1,21.90,1.37,false,1,
8001841053646,false,תחבושות אולוויז עבה נורמל פלוס 14 יחידות,פרוקטר אנד גמבל )ראה קוד,,,"י""ח",1,,false,1,13.90,13.90,false,1,
8001841053684,false,תחבושות אולוויז עבה לונג פלוס 12 יחידות,פרוקטר אנד גמבל )ראה קוד,,,"י""ח",1,,false,1,13.90,13.90,false,1,
8001841053806,false,תחבושות היגייניות אולוויז מקסי עבה לילה,דיפלומט מפיצים (1968) בעמ,,,"י""ח",1,,false,1,13.90,13.90,false,1,
8001841096889,false,"נוזל לניקוי כלים לימון קלאסי 900 מ""ל",דיפלומט מפיצים (1968) בעמ,,,"י""ח",900,"ל מ""ל",false,1,9.90,1.10,true,1,
8001841137216,false,"קונדישנר למגע רך כמשי הד אנד שולדרס 275 מ""ל",דיפלומט מפיצים (1986) בע`מ,,,"י""ח",275,"ל מ""ל",false,1,19.90,7.24,false,1,
8001841427126,false,מגן תחתון אולוויז מגה פק פרו פרש נורמל 64 יחי,דיפלומט מפיצים (1986) בע`מ,,,"י""ח",80,"י""ח",false,1,23.90,0.30,true,1,
8001841625188,false,סבון כלים פלטינום לימון X3 פעולות להסרת שומנים,דיפלומט מפיצים (1986) בע`מ,,,"י""ח",500,"ל מ""ל",false,1,9.90,1.98,false,1,
8001841669465,false,קפסולות לכביסה אריאל בניחוח לנור 24 יחידות,דיפלומט מפיצים (1986) בע`מ,,,"י""ח",24,"י""ח",false,1,32.90,1.37,true,1,
8001841669519,false,קפסולות לכביסה ALL IN ONE אריאל 55 יחידות,דיפלומט מפיצים (1986) בע`מ,,,"י""ח",55,"י""ח",false,1,59.90,1.09,true,1,
8001841893990,false,פיירי טבליות למדיח פלטינום פלוס - מארז 30 יח',דיפלומט מפיצים (1986) בע`מ,,,"י""ח",30,"י""ח",false,1,44.90,1.50,false,1,
8002450204009,false,משקה כהלי וורדי רספברי אפרסק,הכרם - משקאות חריפים בעמ,,,"י""ח",1,,false,1,26.20,26.20,true,1,
8002450205006,false,ספרקלטיני תות שדה ורדי בוסקה (750 מל),הכרם - משקאות חריפים בעמ,,,"י""ח",750,"ל מ""ל",false,1,26.20,3.45,true,1,
8002450206003,false,משקה כהלי ורדי רימונים ספרקלטיני 750מ,הכרם - משקאות חריפים בעמ,,,"י""ח",750,"ל מ""ל",false,1,26.20,3.45,true,1,
8002450208007,false,ספרקלטיני גרין אפל ורדי בוסקה (750 מל),הכרם - משקאות חריפים בעמ,,,"י""ח",1,,false,1,31.30,31.30,true,1,
8002910043476,false,ויט רצועות שעווה מוכנות לקו הביקיני 12 יחידות,רקיט בנקיזר (ניר איסט) בעמ,,,"י""ח",1,"י""ח",false,1,23.90,23.90,true,1,
8003340091280,false,לינדט לינדור בונבוניירה 60% מוצקי קקאו 200 גרם,לינדט ושפרונגלי קילשברג,,,"י""ח",200,ל גרם,false,1,37.20,18.60,true,1,
8003440997871,false,מסטיק מנטוס פיור פרש אריזה 100יח טעם תות,פרפטי ואן מלה ברדה,,,"י""ח",100,"י""ח",false,1,19.90,0.20,false,1,
8004030177000,false,ריו מארה טונה בשמן זית עם צ`לי שלישיות 8,ש. שסטוביץ בע`מ,,,"י""ח",240,ל גרם,false,1,24.90,10.38,false,1,
8004800005519,false,וופל רול גלילי במילוי קרם אגוזי לוז- 125 ג' לאגו,תה ויסוצקי (ישראל) בעמ,,,"י""ח",125,ל גרם,false,1,9.90,7.92,true,1,
8005110001413,false,מארז זוג רסק עגבניות 140 ג' MUTTI,רסטרטו יבוא ושיווק בעמ,,,"י""ח",140,ל גרם,false,1,9.90,7.07,false,1,
8005110170300,false,עגבניות מרוסקות חתוכות מוטי MUTTI שלישיה *400,רסטרטו יבוא ושיווק בעמ*אין החז,,,"י""ח",400,ל גרם,false,1,18.90,4.73,true,1,
8005110200014,false,רסק עגבניות 210 ג' CONCENTRATO MUTTI,רסטרטו יבוא ושיווק בעמ,,,"י""ח",200,ל גרם,false,1,7.90,3.95,false,1,
8005200256587,false,נסטי - תה קר בטעם אפרסק 1.5 ליטר,מפעל סאנפלגרינו S.P.A,,,"י""ח",1.50,ליטר,false,1,9,5.80,true,1,
8005200286584,false,תה קר נסטי מנגו אננס 1.5 ליטר פיקדון,מפעל סאנפלגרינו S.P.A,,,"י""ח",1.50,ליטר,false,1,9,5.80,true,1,
8005200316588,false,תה קר נסטי אפרסק דיאט 1.5 ליטר פיקדון,מפעל סאנפלגרינו s.p.a,,,"י""ח",1.50,ליטר,false,1,9,5.80,true,1,
8006540112823,false,"לנור מרכך כביסה מרוכז בניחוח האוקיינוס 900 מ""ל",דיפלומט מפיצים (1968) בעמ,,,"י""ח",900,"ל מ""ל",false,1,15.90,1.77,true,1,
8006540112854,false,"מרכך כביסה מרוכז בניחוח סחלב לנור 900 מ""ל",דיפלומט מפיצים (1986) בע`מ,,,"י""ח",900,"ל מ""ל",false,1,15.90,1.77,true,1,
8006540425930,false,אריאל קפסולות לכביסה ג'ל 24 יח' לכתמים קשים,דיפלומט מפיצים (1986) בע`מ,,,"י""ח",24,"י""ח",false,1,32.90,1.37,false,1,
8006540429327,false,פיירי מקס פאוור לימון עם מנגנון למניעת נזילות,דיפלומט מפיצים (1968) בעמ,,,"י""ח",1.24,ליטר,false,1,9.90,7.98,false,1,
8006540495186,false,לנור מרכך כביסה מרוכז רגיש בייבי 900 מל,דיפלומט מפיצים (1986) בע`מ,,,"י""ח",900,"ל מ""ל",false,1,15.90,1.77,true,1,
8006540495216,false,"לנור מרכך כביסה מרוכז בניחוח אמאטיסט 900 מ""ל",דיפלומט מפיצים (1986) בע`מ,,,"י""ח",900,"ל מ""ל",false,1,15.90,1.77,true,1,
8007178120310,false,"חומץ בלסמי 500 מ""ל (דיפלומט)",דיפלומט מפיצים (1968) בעמ**,,,"י""ח",500,"ל מ""ל",false,1,22.90,4.58,false,1,
8007178223547,false,ג`קובזי קרם בלסמי מצומצם ממודנה 250 מל,דיפלומט מפיצים (1968) בעמ**,,,"י""ח",250,"ל מ""ל",false,1,25.90,10.36,false,1,
8008245004861,false,ממרח אגוזי לוז עם חלב מובנפיק 300 גרם,יבואן ומשווק: ש. שסט,,,"י""ח",300,ל גרם,false,1,16.90,5.63,true,1,
8008660210021,false,מעדן ריבה מנץ אנד גאססר דובדבן 300 גר,תה ויסוצקי (ישראל) בעמ,,,"י""ח",300,ל גרם,false,1,15.90,5.30,true,1,
8008660210045,false,מעדן פירות יער מנז אנד גאסר ויסוצקי 300 גרם,תה ויסוצקי (ישראל) בעמ,,,"י""ח",300,ל גרם,false,1,15.90,5.30,true,1,
8008660210069,false,מעדן פרי פסיפלורה מנז אנד גאסר ויסוצקי 320 גרם,תה ויסוצקי (ישראל)בעמ,,,"י""ח",320,ל גרם,false,1,15.90,4.97,true,1,
8008743035633,false,שוקולד חיפושיות ברשת,שוקוטרייד בעמ,,,"י""ח",90,ל גרם,false,1,8.90,9.89,false,1,
8008743037903,false,שחקני כדורגל שוקולד ברשת,שוקוטרייד בעמ,,,"י""ח",100,ל גרם,false,1,8.90,8.90,false,1,
8008912010034,false,ליגורי- ספגטי מספר 3 500גר,תה ויסוצקי (ישראל)בעמ,,,"י""ח",500,ל גרם,false,1,8.90,1.78,true,1,
8008912010270,false,"ליגורי פסטה קסרצ'ה מספר 27, 500 גר'",תה ויסוצקי (ישראל)בעמ,,,"י""ח",500,ל גרם,false,1,8.90,1.78,true,1,
8008912010317,false,LIGUORI פסטה פוזילי 500 גרם מספר 31,תה ויסוצקי (ישראל)בעמ,,,"י""ח",500,ל גרם,false,1,8.90,1.78,true,1,
8008912010331,false,"ליגורי פסטה ניוקי סרדי בצורת קונכיות, 500 גר'",תה ויסוצקי (ישראל)בעמ,,,"י""ח",500,ל גרם,false,1,8.90,1.78,true,1,
8011033011279,false,קוסקוס אמיתי 1 קג מר,דין שיווק וקליה 2021 בעמ,,,"י""ח",1,"ק""ג",false,1,11.90,11.90,false,1,
8032793342458,false,עגבניות מרוסקות דק ומסוננות בבקבוק 700 ג',קונסוריזיו קאסאלסקו דל פ,,,"י""ח",700,ל גרם,false,1,11.90,1.70,true,1,
8076800195019,false,ברילה - צ.א ספגטי מס1 קפליני 500 גרם,ברילה גי.אי.אר פרטלי ס.פ,,,"י""ח",500,ל גרם,false,1,7.90,1.58,false,1,
8076800195057,false,ברילה - צ.א ספגטי מס5 חדש 500 גרם,ברילה גי.אי.אר פרטלי ס.פ,,,"י""ח",500,ל גרם,false,1,7.90,1.58,false,1,
8076800195132,false,ברילה - צ.א בבטה מס13 500 גרם,ברילה גי.אי.אר פרטלי ס.פ,,,"י""ח",500,ל גרם,false,1,7.90,1.58,false,1,
8076800315097,false,פסטה מקרוני בוקטיני מספר 9 ברילה 500 גרם,ברילה גי.אי.אר פרטלי ס.פ,,,"י""ח",500,ל גרם,false,1,7.90,1.58,false,1,
8076802085738,false,ברילה צ.ק פנה רגטה מס' 73 500 גרם,ברילה גי.אי.אר פרטלי ס.פ,,,"י""ח",500,ל גרם,false,1,7.90,1.58,false,1,
8076802085936,false,ברילה פסטה צ.ק. קונצילה ריגטה חדש,ברילה גי.אי.אר פרטלי ס.פ,,,"י""ח",500,ל גרם,false,1,7.90,1.58,false,1,
8076802085981,false,ברילה - צ.ק פוזילי חדש 500 גרם,ברילה גי.אי.אר פרטלי ס.פ,,,"י""ח",500,ל גרם,false,1,7.90,1.58,false,1,
8076808060654,false,פסטה פרפלה מספר 65 ברילה 500 גרם,ברילה גי.אי.אר פרטלי ס.פ,,,"י""ח",500,ל גרם,false,1,7.90,1.58,false,1,
8076808150072,false,ברילה - צ.א ספגטוני מס7 חדש 500 גרם,ברילה גי.אי.אר פרטלי ס.פ,,,"י""ח",500,ל גרם,false,1,7.90,1.58,false,1,
8076809512268,false,פסטה גירנדולה טורסדס מספר 34 ברילה 500 גרם,ברילה גי.אי.אר פרטלי ס.פ,,,"י""ח",500,ל גרם,false,1,7.90,1.58,false,1,
8076809513692,false,רוטב עגבניות נפולטנה בתוספת ירקות,ברילה גי.אי.אר פרטלי ס.פ,,,"י""ח",400,ל גרם,false,1,15.90,3.98,true,1,
8076809513739,false,ברילה רוטב עגבניות עם בזיליקום 400 גרם,ברילה גי.אי.אר פרטלי ס.פ,,,"י""ח",400,ל גרם,false,1,15.90,3.98,true,1,
8076809523561,false,ברילה - רוטב פסטה בטעם טוסקנה 400 גרם,ברילה גי.אי.אר פרטלי ס.פ,,,"י""ח",1,,false,1,15.90,15.90,true,1,
8076809523738,false,דפי לזניה ברילה 500 גרם,ברילה גי.אי.אר פרטלי ס.פ,,,"י""ח",500,ל גרם,false,1,24.90,4.98,false,1,
8076809529433,false,פסטה פנה ריגטה חיטה מלאה ברילה (500 גרם),"ש. שסטוביץ בע""\מ",,,"י""ח",500,ל גרם,false,1,13.90,2.78,true,1,
8076809545464,false,ברילה פסטה ללא גלוטן צורת ספירלי 400 גר,מולינו אנדריאני אס.א,,,"י""ח",500,ל גרם,false,1,14.90,2.98,false,1,
8076809578998,false,ברילה - צ.ק. סטלינה 500 גרם,ברילה גי. אי. אר פרטלי ס,,,"י""ח",500,ל גרם,false,1,7.90,1.58,false,1,
8121300208780,false,טרוביה תחליף סוכר לכל מטרה 360 גרם,גורי ע.ע.ע. בעמ,,,"י""ח",360,"ל מ""ל",false,1,34.90,9.69,true,1,
8410076610492,false,חטיף שיבולת שועל מלאה ובוטנים בציפוי עם חמאת בוטנים,יבואן ומשווק: ש. שסט,,,"י""ח",4,"י""ח",false,1,21.90,5.48,true,1,
8410104045111,false,"פיניש מלח למדיח כלים 2ק""ג",רקיט בנקיזר (ניר איסט) בעמ,,,"י""ח",1,"י""ח",false,1,14.90,14.90,false,1,
8410128768324,false,משקה סויה שקדים קרטונית1 ל' ויוה סוי,טמפו משקאות בע`מ,,,"י""ח",1,ליטר,false,1,9.90,9.90,true,1,
8410128783587,false,ויוה סוי שיבולת שועל בריסטה קרטונית,טמפו משקאות בעמ,,,"י""ח",1,ליטר,false,1,9.90,9.90,true,1,
8412300801072,false,"קרם רב שימושי ניוואה 400 מ""ל",אלפא- ב.ד.ף בעמ,,,"י""ח",400,"ל מ""ל",false,1,39.90,9.98,false,1,
8412497361212,false,תחתית לשולחן- פו הדו,שמחה זה אנחנו,,,"י""ח",1,,false,1,9.50,9.50,false,1,
8412497913992,false,"בקבוק פלסטיק גדול 600מ""ל פרוזן",שמחה זה אנחנו,,,"י""ח",1,,false,1,29.90,29.90,false,1,
8420708012822,false,קשקבל צאן ספרדי בשלה 200 גר,מיוצר עי קונדיטוריית,,,"י""ח",200,ל גרם,false,1,27.90,13.95,false,1,
8423207206488,false,סלים דליס חטיף דגנים מצופה שוקולד חלב מרבה 6*20 גרם,אף.סי תבליני בגליל ב,,,"י""ח",283,ל גרם,false,1,13.90,4.91,true,1,
8423207206501,false,סלים דליס חטיף דגנים עם שוקולד חלב מרבה 6*13 גרם,סלים דליס Slim Delis,,,"י""ח",283,ל גרם,false,1,13.90,4.91,true,1,
8423207207362,false,חטיפי סלים דליס שוקולד לבן מרבה 6 יחידות,ביסנצ'ורי אס.אל.יו,,,"י""ח",120,ל גרם,false,1,13.90,11.58,true,1,
8423207209885,false,מרבה חטיפי סלים דליס מהדורה מיוחדת שוקולד חלב,סלים דליס Slim Delis,,,"י""ח",283,ל גרם,false,1,13.90,4.91,true,1,
8423207210928,false,חטיף דגנים מצופה שוקולד חלב ואגוזי לוז - 5 במארז,נוטרישן אנד סנטה קוב,,,"י""ח",283,ל גרם,false,1,13.90,4.91,true,1,
8424842050085,false,צ'יפס בטעם חרדל ודבש 125 גרם רביו,א. סיימן סחר בעמ,,,"י""ח",125,ל גרם,false,1,12.90,10.32,true,1,
8424842201340,false,צ'יפס בטעם מסורתי פרימיום 130 גרם רביו,א. סיימן סחר בעמ,,,"י""ח",130,ל גרם,false,1,12.90,9.92,true,1,
8435495805168,false,"תינוקלין לכביסה לעור רגיש אולימפיק 1.25ק""ג",מולינו ניקולי s.p.a,,,"י""ח",1.25,"ק""ג",false,1,25.90,20.72,false,1,
8435495805199,false,אבקת כביסה תינוקלין- 66 כביסות (3 קג),מולינו ניקולי s.p.a,,,"י""ח",3,"ק""ג",false,1,43.90,14.63,false,1,
8435495807605,false,תינוקלין מרכך כביסה היפואלרגני מרוכז 1 ליטר,מולינו ניקולי s.p.a,,,"י""ח",1,ליטר,false,1,19.90,19.90,true,1,
8435495807636,false,תינוקלין ג`ל כביסה בייבי סנסטיב היפואל,ליימן שליסל בע`מ,,,"י""ח",5,"ק""ג",false,1,30.90,6.18,false,1,
8435495819363,false,תינוקלין מרכך כביסה היפואלרגני 1 ליטר,ליימן שליסל בע`מ,,,"י""ח",1,ליטר,false,1,19.90,19.90,true,1,
8445290341587,false,פנסי פיסט פטה דג לבן ועוף 85גר,קבוצת אוסם סחר-שות.מוגבלת,,,"י""ח",85,ל גרם,false,1,6.40,7.53,false,1,
8445290427120,false,דגני פיטנס Fitness שוקולד מריר ובננה,קבוצת אוסם סחר שותפות מוגבלת,,,"י""ח",330,ל גרם,false,1,22.90,6.94,true,1,
8485818700014,false,משקפי ראיה איכותיים,ביג מול בעמ,,,"י""ח",1,,false,1,19.90,19.90,false,1,
8606018615841,false,גלידה וניל עם ליבת שוקולד חלב מעולה 480 גרם,נגה גלידות שותפות מוגבלת,,,"י""ח",480,ל גרם,false,1,21.90,4.56,false,1,
8606018615865,false,פיינט מילקה קרמל ליבת שוקולד 480 גרם,נגה גלידות שותפות מוגבלת,,,"י""ח",480,ל גרם,false,1,21.90,4.56,false,1,
8680518407885,false,צנצנת הברגה 8 ליטר,אושר א.א. יבוא ושיווק כלי בית,,,"י""ח",1,,false,1,44.90,44.90,false,1,
8683130008355,false,מיונז שום לחיץ אמיתי הלמנס 400 גרם,יוניליוור ישראל שיווק בע`מ,,,"י""ח",400,ל גרם,false,1,13.90,3.48,false,1,
8683130012666,false,שלגון מגנום דאבל לבן עוגיות 72 גרם,"מיוצר ע""\י יונילוור סנאי",,,"י""ח",85,ל גרם,false,1,10,11.76,true,1,
8683130025574,false,"מרכך כביסה מרוכז אקסטרה לבנדר בדין 960 מ""ל",יוניליוור ישראל שיווק בע`מ,,,"י""ח",960,"ל מ""ל",false,1,15.90,1.66,true,1,
8683130025581,false,"מרכך כביסה מרוכז אקסטרה ענבר בדין 960 מ""ל",יוניליוור ישראל שיווק בע`מ,,,"י""ח",960,"ל מ""ל",false,1,15.90,1.66,true,1,
8683323063024,false,יוגטה שטיחים בטעם תותי פרוטי 220 גרם,ליימן שליסל בע`מ,,,"י""ח",220,ל גרם,false,1,7.90,3.59,true,1,
8686868600051,false,המותג אביזרי שיער,אל האופק שיווק וסחר,,,"י""ח",1,,false,1,7.90,7.90,false,1,
8686868600075,false,אביזרי שיער סיכות פפיון גדולות,אל האופק שיווק וסחר,,,"י""ח",1,,false,1,9.90,9.90,false,1,
8686868600112,false,המותג אביזרי שיער,אל האופק שיווק וסחר,,,"י""ח",1,,false,1,13.90,13.90,false,1,
8686868600129,false,המותג אביזרי שיער,אל האופק שיווק וסחר,,,"י""ח",1,,false,1,14.90,14.90,false,1,
8686868600150,false,המותג אביזרי שיער,אל האופק שיווק וסחר,,,"י""ח",1,,false,1,17.90,17.90,false,1,
8686868600174,false,המותג אביזרי שיער,אל האופק שיווק וסחר,,,"י""ח",1,,false,1,19.90,19.90,false,1,
8690504153740,false,גודייבה שוקולד מריר במילוי קרם גנאש 86 גרם,תה ויסוצקי (ישראל) בעמ,,,"י""ח",86,ל גרם,false,1,16.90,19.65,false,1,
8690526009308,false,אי טי אי - חטיף קוקוס מצופה שוקולד חלב וכדורוני דגנים 126 גרם,גורי ע.ע.ע. בעמ,,,"י""ח",126,ל גרם,false,1,8.90,7.06,true,1,
8690526009353,false,אי טי אי - מיני חטיף בוטנים נוגט קרמל מצופה שוקולד חלב 140 גרם,"GIDA ETI , טורקיה n\",,,"י""ח",140,ל גרם,false,1,7.90,5.64,true,1,
8690572778326,false,פה ד.ספרי אנטיפרספינט 200 מל 1/12,שוורצקופף והנקל,,,"י""ח",200,"ל מ""ל",false,1,10.90,5.45,true,1,
8690637073373,false,תה שחור ברגמוט ארל גריי ליפטון 25 יחידות,יוניליוור ישראל שיווק בע`מ,,,"י""ח",50,ל גרם,false,1,9.80,19.60,false,1,
8690637073434,false,תה ארל גריי בטעם ברגמוט ללא שקית100ש,יוניליוור ישראל שיווק בע`מ,,,"י""ח",200,ל גרם,false,1,26.90,13.45,false,1,
8690637504426,false,"קרם ניקוי סיף בניחוח לימון 500 מ""ל",יוניליוור ישראל שיווק בע`מ,,,"י""ח",500,"ל מ""ל",false,1,12.90,2.58,false,1,
8690637799594,false,תה ירוק ליפטון נענע בסגנון מרוקאי 20יח',יוניליוור ישראל שיווק בע`מ,,,"י""ח",150,ל גרם,false,1,17.30,11.53,true,1,
8690637858734,false,ג'ל לניקוי כללי בתוספת אקונומיקה בניחוח לימון,יוניליוור ישראל שיווק בע`מ,,,"י""ח",750,"ל מ""ל",false,1,12.90,1.72,false,1,
8690637871245,false,הלמנס מיונז אמיתי 395 גר' בקבוק לחיץ.,יוניליוור ישראל שיווק בע`מ,,,"י""ח",789,ל גרם,false,1,14.90,1.89,false,1,
8690637946301,false,"בדין - מרכך כביסה אקסטרא בייביי כחול 960 מ""ל",יוניליוור ישראל שיווק בע`מ,,,"י""ח",960,"ל מ""ל",false,1,17.90,1.86,false,1,
8690637971310,false,"מרכך כביסה מרוכז אקסטרה בניחוח יערת הדבש בדין 960 מ""ל",יוניליוור ישראל שיווק בע`מ,,,"י""ח",960,"ל מ""ל",false,1,17.90,1.86,true,1,
8690637976995,false,"מרכך כביסה מרוכז אקסטרה ורוד סחלבים פראי בדין 960 מ""ל",יוניליוור ישראל שיווק בע`מ,,,"י""ח",960,"ל מ""ל",false,1,17.90,1.86,true,1,
8690637989629,false,מגנום דאבל דולצ'ה גולד בטעם וניל עם ריפל בטעם שוקולד 246 גרם,יונילוור סנאיי וי טיג'\,,,"י""ח",85,ל גרם,false,1,11,12.94,true,1,
8690757002376,false,"משחה להברקת נעליים עם ספוג 50 SILVERמ""ל-צבע שחור",אינטרסן (1996) בעמ,,,"י""ח",75,"ל מ""ל",false,1,4.90,6.53,false,1,
8690766156367,false,טבלת שוקולד חלב מעולה 90 גר` גודייבה,תה ויסוצקי (ישראל) בעמ,,,"י""ח",90,ל גרם,false,1,14.90,16.56,true,1,
8690777204071,false,פלפלים כבושים חריפים סרה 320 גרם,ג. וילי-פוד אינטרנשיונל בע`מ,,,"י""ח",640,ל גרם,false,1,14.50,2.27,false,1,
8690784516440,false,דאק נוזל לניקוי מתקדם בניחוח לבנדה בודד 750מל,"אס.סי.ג'\ונסון מידרכט, ה",,,"י""ח",750,"ל מ""ל",false,1,8.90,1.19,false,1,
8691459106805,false,סט 3 קופסאות אטומות,עולם הבית שיווק והפצה בעמ,,,"י""ח",1,"י""ח",false,1,29.90,29.90,false,1,
8693323099107,false,מרשמלו לבבות בטעם תות ווניל,ליימן שליסל בעמ,,,"י""ח",150,ל גרם,false,1,9.40,6.27,true,1,
8693495041461,false,קולגייט זוג מברשות שיניים סלים סופט פחם,הנסיך- מפעל לייצור ט,,,"י""ח",1,"י""ח",false,1,22.90,22.90,false,1,
8693495050333,false,"פלמוליב סבון נוזלי לגבר לימון ירוק 500 מ""ל",קולגייט-פלמוליב,,,"י""ח",500,"ל מ""ל",false,1,15.90,3.18,true,1,
8694313008987,false,מייבש כביסה פלסטיק לבן,פ.ר.ל דיירקט בעמ,,,"י""ח",1,,false,1,99,99,true,1,
8696287302429,false,סט 3 קופסאות איחסון מרובע,עולם הבית שיווק והפצה בעמ,,,"י""ח",1,"י""ח",false,1,15.90,15.90,false,1,
8697418261370,false,מים 0.5ליטר אקווה ביני פקק רגיל בודד,אלמוג ר.א.מ. מזון בעמ,,,"י""ח",50,"ל מ""ל",false,1,2.90,5.20,false,1,
8697418261431,false,מים 0.5ליטר אקווה בינ פקק רגיל מארז 12יח,אלמוג ר.א.מ. מזון בעמ,,,"י""ח",6,ליטר,false,1,19.90,2.72,false,1,
8697530910743,false,סיגריות פאל מאל כחול קצר מטאליק,גלוברנדס בעמ - שיווק סיגריות,,,"י""ח",1,,false,1,29.50,29.50,false,1,
8697530911276,false,סיגריות קנט קצר חפיס,גלוברנדס בעמ - שיווק סיגריות,,,"י""ח",1,,false,1,36.50,36.50,false,1,
8697826469092,false,טורטיה קטנה שקדיה 540 גרם 12 יחידות,דין שיווק וקליה 2021 בעמ,,,"י""ח",540,ל גרם,false,1,9.90,1.83,true,1,
8699073290764,false,פלפל אדום קלוי 680 גרם MELIS כשרות K,ג. וילי-פוד אינטרנשיונל בע`מ,,,"י""ח",680,ל גרם,false,1,10.90,1.60,false,1,
8699401093029,false,כד שתיה ע. הבית,עולם הבית שיווק והפצה בעמ,,,"י""ח",1,,false,1,16.90,16.90,false,1,
8710447211052,false,טרזמה בוטניק שמפו להזנה ושיקום 400 מל,"יוניליוור ישראל שיווק בע""מ",,,"י""ח",400,"ל מ""ל",false,1,16.90,4.23,true,1,
8710447438497,false,אקס גל רחצה קוליזן 400 מל,יוניליוור ישראל שיווק בעמ,,,"י""ח",400,"ל מ""ל",false,1,11.90,2.98,false,1,
8710502064814,false,עוגיות מרבה שוקולד ציפס במרקם רך 175 גר,בנקטבקריי מרבה בי.וי,,,"י""ח",225,ל גרם,false,1,9.90,4.40,true,1,
8710502194825,false,מרבה - עוגיות שוקוצ'יפס כשר למהדרין 150 גרם,ש.שסטוביץ בעמ,,,"י""ח",150,ל גרם,false,1,6.90,4.60,true,1,
8710502285509,false,מרבה - עוגיות לימון ושוקולד צ'יפס במרקם רך 175 גרם,בנקטבקריי מרבה בי.וי,,,"י""ח",225,ל גרם,false,1,9.90,4.40,true,1,
8710552274614,false,שמפו קצף לנ.שטיחים וניש קליה גולד 600 מל,רקיט בנקיזר (ניר איסט) בעמ,,,"י""ח",600,"ל מ""ל",false,1,29.90,4.98,true,1,
8710679158248,false,"צ`יפס קלאסי 2.5ק""ג ק",***אדום גרופ למזון שיווק***,,,"י""ח",2.50,"ק""ג",false,1,27.90,11.16,false,1,
8710800961310,false,סוכריות בטעם תות מנטוס 4*375 גרם,פרפטי ואן מלה ברדה,,,"י""ח",150,ל גרם,false,1,11.90,7.93,false,1,
8710847973970,false,"תחליב רחצה דאב אלוורה מי עץ שדר, 750 מ""ל",יוניליוור ישראל שיווק בע`מ,,,"י""ח",750,"ל מ""ל",false,1,22.90,3.05,true,1,
8710908326691,false,"תחליב רחצה פרח האדמונית דאב 750 מ""ל",יוניליוור ישראל שיווק בע`מ,,,"י""ח",750,"ל מ""ל",false,1,19.90,2.65,true,1,
8711000362556,false,לור קפסולות קפה אספרסו פורזה 52 גר,דיפלומט מפיצים (1968) בעמ**,,,"י""ח",52,ל גרם,false,1,19.90,38.27,true,1,
8711000362617,false,לור קפסולות קפה אספרסו לונגו פרופונדו 8,דיפלומט מפיצים (1968) בעמ**,,,"י""ח",52,ל גרם,false,1,19.90,38.27,true,1,
8711000362655,false,קפסולות קפה אספרסו אבסולו) (9 52 גר`לור,דיפלומט מפיצים (1968) בעמ**,,,"י""ח",52,ל גרם,false,1,19.90,38.27,true,1,
8711000362747,false,קפסולות קפה תואמות נספרסו ריסטרטו 11 ל'אור 10 יחידות,דיפלומט מפיצים (1968) בעמ**,,,"י""ח",52,ל גרם,false,1,19.90,38.27,true,1,
8711000371176,false,ג'ייקובס קפסולות קפה אספרסו קלאסיקו עוצמה 7,ג'ייקובס דאו אגברטס צרפת,,,"י""ח",52,ל גרם,false,1,16.90,32.50,true,1,
8711000371183,false,ג'ייקובס קפסולות קפה אספרסו אינטסו עוצמה 10,ג'ייקובס דאו אגברטס צרפת,,,"י""ח",52,ל גרם,false,1,16.90,32.50,true,1,
8711000371206,false,ג'ייקובס קפסולות קפה אספרסו ריסטרטו עוצמה 12,ג'ייקובס דאו אגברטס צרפת,,,"י""ח",52,ל גרם,false,1,16.90,32.50,true,1,
8711000371244,false,"ג'ייקובס קפסולות אספרסו (8) 10 יח', 52ג' לונגו",דיפלומט מפיצים (1968) בעמ**,,,"י""ח",52,ל גרם,false,1,16.90,32.50,true,1,
8711000431108,false,קפסולות קפה אספרסו הודו (10)52 גר`לור,דיפלומט מפיצים (1968) בעמ**,,,"י""ח",52,ל גרם,false,1,19.90,38.27,true,1,
8711000471296,false,קפסולות קפה תואמות נספרסו אולטימו 13 ל'אור 10 יחידות,דיפלומט מפיצים (1968) בעמ**,,,"י""ח",52,ל גרם,false,1,19.90,38.27,true,1,
8711000472040,false,קפסולות קפה אספרסו סלקשיין גייקובס 52 גר,דיפלומט מפיצים (1968) בעמ**,,,"י""ח",52,ל גרם,false,1,16.90,32.50,true,1,
8712400802499,false,תרכובת מזון המשך לפעוטות על בסיס חלב שלב 1,דיפלומט מפיצים (1968) בעמ**,,,"י""ח",800,ל גרם,false,1,64.90,8.11,false,1,
8712400802512,false,תרכובת מזון המשך לפעוטות על בסיס חלב שלב 2,דיפלומט מפיצים (1968) בעמ**,,,"י""ח",800,ל גרם,false,1,64.90,8.11,false,1,
8712400802536,false,תרכובת מזון המשך לפעוטות על בסיס חלב שלב 3,דיפלומט מפיצים (1968) בעמ**,,,"י""ח",800,ל גרם,false,1,64.90,8.11,false,1,
8712561631570,false,"תחליב רחצה קוקוס ויסמין דאב 750 מ""ל",יוניליוור ישראל שיווק בע`מ,,,"י""ח",750,"ל מ""ל",false,1,19.90,2.65,true,1,
8714599104330,false,ג'ייקובס קפה שחור 85 גרם קלוי וטחון טורקי,דיפלומט מפיצים (1968) בעמ**,,,"י""ח",85,ל גרם,false,1,7.90,9.29,false,1,
8714599410578,false,ג'ייקובס גולד מיובש בהקפאה 47.5 גרם צנ,דיפלומט מפיצים (1968) בעמ**,,,"י""ח",47,ל גרם,false,1,6.90,14.68,true,1,
8714599410806,false,ג'ייקובס קרוננג מיובש בהקפאה 160 גרם סגירה חוזרת,דיפלומט מפיצים (1968) בעמ**,,,"י""ח",160,ל גרם,false,1,19.90,12.44,true,1,
8714599513781,false,"קפה נמס מיובש בהקפאה זהב צנצנת ג'ייקובס 200 גרם לל""ס",דיפלומט מפיצים (1968) בעמ**,,,"י""ח",200,ל גרם,false,1,27.90,13.95,false,1,
8714599513866,false,"קפה נמס מיובש בהקפאה קרונג צנצנת ג'ייקובס 200 גרם לל""ס",דיפלומט מפיצים (1968) בעמ**,,,"י""ח",200,ל גרם,false,1,27.90,13.95,true,1,
8714789303925,false,מברשת שיניים 360 סנסטיב רכה במיוחד קולגייט 2 יחידות,קולגייט- פלמוליב,,,"י""ח",1,,false,1,29.90,29.90,true,1,
8714789450315,false,פלמוליב נוזל כלים לימון 1.5 ליטר,הנסיך- מפעל לייצור ט,,,"י""ח",1.50,ליטר,false,1,16.90,11.27,true,1,
8715700110141,false,מיונז קרמי היינץ צנצנת 460ג',דיפלומט מפיצים (1968) בעמ**,,,"י""ח",460,ל גרם,false,1,12.90,2.80,false,1,
8715700110158,false,היינץ ממרח במרקם קרמי צנצנת 490 גרם,דיפלומט מפיצים (1968) בעמ**,,,"י""ח",490,ל גרם,false,1,12.90,2.63,false,1,
8715700115344,false,"מתבל עגבניות היינץ 460 גר' כשל""פ",דיפלומט מפיצים (1968) בעמ**,,,"י""ח",460,ל גרם,false,1,7.90,1.72,false,1,
8715700115641,false,ממרח מיונז לחיץ לייט במרקם קרמי 420 ג' היינץ,דיפלומט מפיצים (1968) בעמ**,,,"י""ח",395,ל גרם,false,1,17.70,4.48,false,1,
8715700117805,false,"קטשופ היינץ מתבל עגבניות ללא תוספת סוכר ומלח 425 מ""ל",דיפלומט מפיצים (1968) בעמ**,,,"י""ח",400,ל גרם,false,1,11.90,2.98,false,1,
8715700419732,false,מתבל עגבניות היינץ (700 גרם),דיפלומט מפיצים (1968) בעמ**,,,"י""ח",700,ל גרם,false,1,13.90,1.99,true,1,
8715700421322,false,היינץ רוטב ברביקיו צ'ילי 490 גרם,דיפלומט מפיצים (1968) בעמ**,,,"י""ח",480,ל גרם,false,1,16.90,3.52,false,1,
8715700422473,false,ממרח לכריכים וסלטים ללא ח. משמרים היינץ 395 גרם,דיפלומט מפיצים (1968) בעמ**,,,"י""ח",395,ל גרם,false,1,15.90,4.03,false,1,
8717163607305,false,דאב סבון מוצק גרגירים לעיסוי עדין *4,יוניליוור ישראל שיווק בע`מ,,,"י""ח",400,ל גרם,false,1,14.90,3.73,false,1,
8717163647226,false,"אקס דאודורנט ספריי גוף בלאק 150 מ""ל",יוניליוור ישראל שיווק בע`מ,,,"י""ח",150,"ל מ""ל",false,1,16.90,11.27,true,1,
8717163647240,false,"אקס דאודורנט ספריי גוף לגבר שוקולד 150 מ""ל",יוניליוור ישראל שיווק בע`מ,,,"י""ח",150,"ל מ""ל",false,1,16.90,11.27,true,1,
8717163647264,false,"אקס דאודורנט ספריי גוף אייס צ'יל 150 מ""ל",יוניליוור ישראל שיווק בע`מ,,,"י""ח",150,"ל מ""ל",false,1,16.90,11.27,true,1,
8717163655825,false,"רקסונה דאו' ספריי לנשים בניחוח כותנה, 150 מ""ל","יוניליוור ישראל שיווק בע""מ",,,"י""ח",150,"ל מ""ל",false,1,16.90,11.27,true,1,
8717163947692,false,"אקס ג'ל רחצה לגבר פרש ברגמוט ופינק פפר 400 מ""ל",יוניליוור ישראל שיווק בע`מ,,,"י""ח",400,"ל מ""ל",false,1,11.90,2.98,false,1,
8717644390566,false,דאב סבון מוצק רביעייה- מלפפונים ותה ירו,יוניליוור ישראל שיווק בע`מ,,,"י""ח",400,ל גרם,false,1,14.90,3.73,false,1,
8717677336616,false,שוקולד מריר עם שקדים ומלח טוניס' שוקולונלי 180 גרם,ליימן שליסל בע`מ,,,"י""ח",180,ל גרם,false,1,18.90,10.50,true,1,
8717677336661,false,טוניס שוקולד מריר מעולה 70% 180 גרם רבנות - נוכרי,ליימן שליסל בע`מ,,,"י""ח",180,ל גרם,false,1,18.90,10.50,true,1,
8718114734484,false,ממרח מיוני מיילי 320 גרם,א. סיימן סחר בעמ,,,"י""ח",320,ל גרם,false,1,17.90,5.59,true,1,
8718951031241,false,אלמקס משחת שיניים פרופשיונל 75 מל,ש.שסטוביץ בעמ,,,"י""ח",100,ל גרם,false,1,18.90,18.90,false,1,
8718951166288,false,"משחת שיניים קולגייט מקס וייט 125 מ""ל",הנסיך- מפעל לייצור ט,,,"י""ח",125,"ל מ""ל",false,1,17.90,14.32,false,1,
8718951166561,false,משחת שיניים לרעננות מוגברת max fresh cooling crystals,הנסיך- מפעל לייצור ט,,,"י""ח",125,"ל מ""ל",false,1,17.90,14.32,false,1,
8718951175600,false,"משחת שיניים קולגייט אוטאל קליין מינט 75 מ""ל",ש.שסטוביץ בעמ,,,"י""ח",75,"ל מ""ל",false,1,14.90,19.87,true,1,
8718951236790,false,"קולגייט טוטאל משחת שיניים קלין מינט לפה בריא 100 מ""ל",קולגייט פלמוליב,,,"י""ח",100,"ל מ""ל",false,1,18.90,18.90,true,1,
8718951236813,false,"קולגייט טוטאל משחת שיניים ניקוי מתקדם לפה בריא יותר 100 מ""ל",קולגייט פלמוליב,,,"י""ח",100,"ל מ""ל",false,1,18.90,18.90,true,1,
8718951264618,false,"קולגייט אופטיק וייט פחם צ'רקול משחת שיניים, 75 מ""ל",איינשטיין-צור יבוא-יצוא וסחר ב,,,"י""ח",256,ל גרם,false,1,26.90,10.51,true,1,
8718951288492,false,"משחת שיניים מרידול בי טיוב מארז 2*75 מ""ל",קולגייט פלמוליב,,,"י""ח",150,ל גרם,false,1,29.90,19.93,false,1,
8718951290150,false,קולגייט שטיפת פה Gum Invigorate,ש.שסטוביץ בעמ,,,"י""ח",500,"ל מ""ל",false,1,29.90,5.98,true,1,
8718951338098,false,ליידי ספיד רול און פ,ש.שסטוביץ בעמ,,,"י""ח",50,"ל מ""ל",false,1,14.90,29.80,true,1,
8718951354807,false,נוזל רצפות אגקס חגיגת הפרחים יסמין 1.5 ל,קולגייט פלמוליב,,,"י""ח",1.50,ליטר,false,1,19.90,13.27,true,1,
8718951381292,false,"משחת שיניים מקס דיטוקס פואם קולגייט 125 מ""ל",ש. שסטוביץ בע`מ,,,"י""ח",125,"ל מ""ל",false,1,17.90,14.32,false,1,
8718951382787,false,"משחת שיניים אופטיק וויט חימר ומינרלים 75 מ""ל קולגייט",ש.שסטוביץ בעמ,,,"י""ח",256,ל גרם,false,1,29.90,11.68,true,1,
8718951443358,false,"סבון ידיים פלמוליב מארז שלישייה 900 מ""ל",ש.שסטוביץ בעמ,,,"י""ח",900,"ל מ""ל",false,1,24.90,2.77,false,1,
8718951497184,false,"פלמוליב סבון נוזלי ים תיכוני 750 מ""ל",ש.שסטוביץ בעמ,,,"י""ח",750,"ל מ""ל",false,1,19.90,2.65,true,1,
8718951497207,false,"פלמוליב סבון גוף מעושר בלחות 750 מ""ל",ש.שסטוביץ בעמ,,,"י""ח",750,"ל מ""ל",false,1,19.90,2.65,true,1,
8719200997998,false,מרגרינה למריחה בישול וטיגון 200 ג' בלו בנד,דיפלומט מפיצים (1968) בעמ**,,,"י""ח",200,ל גרם,false,1,6.50,3.25,false,1,
8719200998001,false,מרגרינה לאפיה ובישול בלי מלח 200 ג' בלו בנד,יוניליוור ישראל מזון בע\,,,"י""ח",200,ל גרם,false,1,4.90,2.45,false,1,
8719200998018,false,מחמאה מרגרינה בטעם חמאה בלובנד 200 גרם,"מיוצר ע""\י יוניליוור ישר",,,"י""ח",200,ל גרם,false,1,6.60,3.30,false,1,
8719200998094,false,"מרגרינה מזולה לאפיה ללא תוספת מלח 200גר - 40 יח' -כשל""פ","מיוצר ע""\י יוניליוור ישר",,,"י""ח",200,ל גרם,false,1,8.50,4.25,false,1,
8719200998100,false,מרגרינה מזולה לאפיה טעם חמאה 200גר - 40 יח',דיפלומט מפיצים (1968) בעמ**,,,"י""ח",200,ל גרם,false,1,8.50,4.25,false,1,
8720181045912,false,"אקס דאודורנט ספריי גוף אפריקה 150 מ""ל",יוניליוור ישראל שיווק בע`מ,,,"י""ח",150,"ל מ""ל",false,1,16.90,11.27,true,1,
8720181090202,false,"תחליב רחצה דאב עם שמן זית, 750 מ""ל",יוניליוור ישראל שיווק בע`מ,,,"י""ח",750,"ל מ""ל",false,1,22.90,3.05,true,1,
8723400756552,false,מארז סוכריות מנטוס Mentos ריינבואו,פרפטי ואן מלה ברדה,,,"י""ח",1,,false,1,11.90,11.90,false,1,
8801055707966,false,קפה טייסטרס צ`ויס בריסטה נסקפה (180 גרם),קבוצת אוסם סחר שותפות מוגבלת,,,"י""ח",180,ל גרם,false,1,32.90,18.28,false,1,
8801055709427,false,קפה נמס טסטר'ס צ'ויס אלטה ריקה 100 גרם,קבוצת אוסם סחר שותפות מוגבלת,,,"י""ח",100,ל גרם,false,1,25.90,25.90,true,1,
8801055709434,false,קפה נמס טסטר'ס צ'ויס קולומביה 100 גרם,קבוצת אוסם סחר שותפות מוגבלת,,,"י""ח",100,ל גרם,false,1,25.90,25.90,true,1,
8801055709472,false,נסטלה - נסקפה קפוצ'ינו קלאסי 12.50 גרם * 10,קבוצת אוסם סחר שותפות מוגבלת,,,"י""ח",180,ל גרם,false,1,19.90,11.06,false,1,
8809168840471,false,חטיף אצות מיובשות 9יח 4.5גרם.,מזרח ומערב יבוא ושיווק,,,"י""ח",9,"י""ח",false,1,24.90,2.77,false,1,
8850206250592,false,רוטב צ'ילי סריראצ'ה 540 גרם (מזרח ומערב),מזרח ומערב יבוא ושיווק,,,"י""ח",530,ל גרם,false,1,19.90,3.75,false,1,
8850367992164,false,קרם קוקוס 250 מל 20-22% ללא חומר משמר,מזרח ומערב יבוא ושיווק,,,"י""ח",250,"ל מ""ל",false,1,7.90,3.16,true,1,
8850367992171,false,קרם קוקוס 1 ליטר 20-22% ללא חומר משמר,מזרח ומערב יבוא ושיווק,,,"י""ח",1,ליטר,false,1,24.90,24.90,false,1,
8850367994786,false,מחית קארי אדומה 50 גרם,מזרח ומערב יבוא ושיווק,,,"י""ח",50,ל גרם,false,1,5.90,11.80,false,1,
8850389103111,false,סאפי משקה אלוורה בטעם ענבים 300מל,פארייפאבה אגרואינדוס,,,"י""ח",300,"ל מ""ל",false,1,7.90,2.53,true,1,
8850389103159,false,"משקה ליצ'י עם חתיכות גלי קוקוס 320 מ""ל מוגו מוגו",סאפה פובליק קומפני לימיט,,,"י""ח",320,"ל מ""ל",false,1,6.90,2.06,true,1,
8850389104637,false,"משקה קל סאפה אלוורה אפרסק 300 מ""ל",פארייפאבה אגרואינדוס,,,"י""ח",300,"ל מ""ל",false,1,7.90,2.53,true,1,
8850389105832,false,סאפה משקה אלוורה בטעם תפוח עם קוביות אלוורה 1 ליטר,סאפה פובליק קומפני לימיט,,,"י""ח",1,ליטר,false,1,14,14,false,1,
8850389105849,false,סאפה משקה אלוורה מופחת קלוריות בטעם אפרסק 1 ליטר,סאפה פובליק קומפני לימיט,,,"י""ח",1,ליטר,false,1,14,14,false,1,
8850389111352,false,"משקה מלון עם חתיכות גלי קוקוס 320 מ""ל מוגו מוגו",סאפה פובליק קומפני לימיט,,,"י""ח",320,"ל מ""ל",false,1,6.90,2.06,true,1,
8850389115336,false,משקה אלוורה בטעם מלון סאפה 1 ליטר,סאפה פובליק קומפני לימיט,,,"י""ח",1,ליטר,false,1,14,14,false,1,
8850632604259,false,"יוגטה, חיספוסים, ממתק חמוץ בצורת מקלות בטעם תות שדה,50 גרם",ליימן שליסל בע`מ,,,"י""ח",50,ל גרם,false,1,4.90,9.80,true,1,
8850632604266,false,"יוגטה, ממתק חמוץ בצורת מקלות בטעם קולה, 50 גרם",ליימן שליסל בע`מ,,,"י""ח",50,ל גרם,false,1,4.90,9.80,true,1,
8850632604372,false,"יוגטה, חיספוסים בצורת שטיח בטעם תות שדה 50 גרם",ליימן שליסל בע`מ,,,"י""ח",50,ל גרם,false,1,4.90,9.80,true,1,
8850632604402,false,יוגטה חיספוסים בטעם מעורב תות שדה אבטיח ענבים בננה 50 גרם,ליימן שליסל בע`מ,,,"י""ח",50,ל גרם,false,1,4.90,9.80,true,1,
8850632605201,false,"יוגטה, חיספוסים, ממתק חמוץ בצורת שטיח, בטעם מעורב- תות בננה, תפוח, תפוז, 50 גרם",הדקלאים אגודת שיתופי,,,"י""ח",50,ל גרם,false,1,4.90,9.80,true,1,
8850632606390,false,"יוגטה, חיספוסים, ממתק חמוץ בצורת שטיח בטעם אבטיח, 50 גרם",ליימן שליסל בע`מ,,,"י""ח",50,ל גרם,false,1,4.90,9.80,true,1,
8857101301008,false,רוטב צילי מתוק וילי 700 מל יצרןמותג: פאן,ג.וילי-פוד אינטרנשיונל בעמ,,,"י""ח",700,"ל מ""ל",false,1,9.90,1.41,false,1,
8858271003068,false,"רוטב סויה מתוקה כהה 250 מ""ל מקסצאפ",מזרח ומערב יבוא ושיווק,,,"י""ח",250,"ל מ""ל",false,1,12.90,5.16,true,1,
8858271004126,false,רוטב חמוץ מתוק 700 מ'ל - מקסצ'אפ,מזרח ומערב יבוא ושיווק,,,"י""ח",700,"ל מ""ל",false,1,16.50,2.36,false,1,
8858271004799,false,"רוטב צילי מתוק אל פורפסיס 700 מ""ל",מזרח ומערב יבוא ושיווק,,,"י""ח",700,"ל מ""ל",false,1,12.90,1.84,false,1,
8888021200256,false,סוללות אנרג'ייזר AA מקס 8 יחידות,יצרן: אנרג'ייזר סינג,,,"י""ח",1,,false,1,27.90,27.90,true,1,
8888021200720,false,סוללות אנרג'ייזר AAA מקס 8 יחידות,יצרן: אנרג'ייזר סינג,,,"י""ח",1,,false,1,23.90,23.90,false,1,
8888111030053,false,"מיץ אננס SW טבעי מארז 240X4מ""ל פרימיום",בני פאוזי שמשום (2009) בעמ,,,"י""ח",960,"ל מ""ל",false,1,14.10,1.34,true,1,
8901537024014,false,"אורז בסמטי מובחר 1 ק""ג - דוואט) יורה דיעה",ג. וילי-פוד אינטרנשיונל בע`מ,,,"י""ח",1,"ק""ג",false,1,14.90,14.90,true,1,
9000101515817,false,קפסולות ג'ל כביסה לבנה וצבעונית 56 יח' פרסיל,גורי שיווק בעמ,,,"י""ח",56,"י""ח",false,1,54.90,0.98,true,1,
9000101537550,false,פרסיל קאפסולות לכביסה לבנה וצבעונית 52 יח',גורי שיווק בעמ,,,"י""ח",26,"י""ח",false,1,54.90,2.11,true,1,
9002975393812,false,סוכריות גילי הריבו האפי צירי 70 גרם,"האריבו , ג'\י.אם.בי.אייץ",,,"י""ח",70,ל גרם,false,1,6.90,9.86,true,1,
9002975393836,false,סוכריות גילי הריבו האפי קולה 70 גרם,"האריבו , ג'\י.אם.בי.אייץ",,,"י""ח",70,ל גרם,false,1,6.90,9.86,true,1,
9002975393843,false,סוכריות גילי הריבו גולדברס 70 גרם,"האריבו , ג'\י.אם.בי.אייץ",,,"י""ח",70,ל גרם,false,1,6.90,9.86,true,1,
9002975393850,false,סוכריות גילי הריבו וורמס 70 גרם,"האריבו , ג'\י.אם.בי.אייץ",,,"י""ח",70,ל גרם,false,1,6.90,9.86,true,1,
9005835312718,false,"קלרו פירמידה מלח למדיח כלים 1 ק""ג CLARO","יעקב יעקבי ובניו בע""מ",,,"י""ח",1,"י""ח",false,1,13.90,13.90,true,1,
9044400851672,false,סוכריות פז סוגים שונים + 3 מילויים,ר.ב. מוצרי דגנים בעמ,,,"י""ח",25.50,ל גרם,false,1,11.90,46.67,false,1,
9044400885578,false,סוכ.פז מילוי ט.פירות68גר,ר.ב. מוצרי דגנים בעמ,,,"י""ח",8,"י""ח",false,1,10.90,1.36,false,1,
9120025834723,false,חטיף אוראו מצונן 120 גרם רבנות,ג.וילי-פוד אינטרנשיונל **גבינו,,,"י""ח",120,ל גרם,false,1,14.90,12.42,false,1,
9120025839896,false,חטיף מילקה מצונן 128 גרם,ג.וילי-פוד אינטרנשיונל **גבינו,,,"י""ח",128,ל גרם,false,1,14.90,11.64,false,1,
9310072028743,false,טים טם ביסקוויט במילוי שוקולד 200 גרם,"ארנוטס ביסקוויטס בע""",,,"י""ח",200,ל גרם,false,1,21.90,10.95,true,1,
9310072028750,false,חטיף שוקולד דאבל קרם טים טם (200 גרם),"ארנוטס ביסקוויטס בע""",,,"י""ח",200,ל גרם,false,1,21.90,10.95,true,1,
9720188050109,false,ממרח על בסיס סויה בסגנון גבינה טופוטי 225 גרם,החברה המרכזית טלהפצת משקאות בע,,,"י""ח",227,ל גרם,false,1,21.30,9.38,false,1,
9770793914006,false,עיתון גירוסלים פוסט יום שישי,ג רוזלם פוסט בעמ,,,"י""ח",1,,false,1,22,22,false,1,
9770793935001,false,קובץ תשבצים,לפ בר פוינט אוף סייל בעמ,,,"י""ח",1,,false,1,29.90,29.90,false,1,
9771565025005,false,עיתון מעריב סוף השבוע,ג`רוזלם פוסט בעמ,,,"י""ח",1,,false,1,6,6,true,1,
9771565038326,false,עיתון ידיעות אחרונות,ידיעות אחרונות בעמ,,,"י""ח",1,,false,1,7,7,false,1,
9771565039125,false,עיתון לאישה יום ב,ידיעות אחרונות בעמ,,,"י""ח",1,,false,1,21.90,21.90,false,1,
9771565051066,false,עיתון ידיעות אחרונות,ידיעות אחרונות בעמ,,,"י""ח",1,,false,1,20,20,false,1,
9771565066961,false,ידיעות ירושלים יום שישי,ידיעות אחרונות בעמ,,,"י""ח",1,,false,1,6.80,6.80,false,1,
9843022871156,false,נר הבדלה דקורטיבי,צבע ומכחול (2014) בעמ,,,"י""ח",1,"י""ח",false,1,19.90,19.90,false,1,
9843022871972,false,מארז 6 כוסיות לנרונים ללא רגל,צבע ומכחול (2014) בעמ,,,"י""ח",1,,false,1,19.90,19.90,false,1,
72901008010259,true,אפרסמון,ביכורי השדה צפון 1994 ג.ד. בעמ,,,"ק""ג",1,"ק""ג",true,1,13.90,13.90,false,1,
