code,internal_code,name,manufacturer_name,manufacture_country,manufacturer_item_description,unit_qty,quantity,unit_of_measure,weighted,qty_in_package,price,unit_of_measure_price,allow_discount,status,item_id
32147230,false,"מיץ לימון משומר 200 מ""ל",סידג,CH,מיץ לימון משומר,מיליליטרים,200.00,"100 מ""ל",false,0,6.30,3.15,true,1,
40111216,false,חטיף באונטי 57 גרם,מרס,NL,חטיף באונטי,גרמים,57.00,100 גרם,false,0,3.90,6.84,true,1,
40434407,false,מברשת ציפורניים 009 .,המברשת רוחמה,IL,מברשת ציפורניי,יחידה,1.00,יחידה,false,0,7.10,7.10,true,1,
42102021,false,מסטיק אורביט פרופשונל10י,ריגלי,PL,מסטיק אורביט,יחידה,1.00,יחידה,false,0,3.10,3.10,true,1,
42123873,false,אורביט פרופשיונל ספירמיט,ריגלי,PL,מסטיק אורביט,יחידה,1.00,יחידה,false,0,3.10,3.10,true,1,
42154655,false,אורביט פפרמינט אר' מעטפה,ריגלי,FR,אורביט פפרמינט,גרמים,27.00,100 גרם,false,0,5.80,21.48,true,1,
42155034,false,אורביט מעטפה פירות27גרם,ריגלי,FR,מסטיק אורביט,גרמים,27.00,100 גרם,false,0,5.80,21.48,true,1,
42155461,false,סוכ.מינטס פירות יער18גרם,ריגלי,PL,סוכריות מינטס,גרמים,18.00,100 גרם,false,0,3.00,16.67,true,1,
42174479,false,אורביט מעטפה תות 27 גרם,ריגלי,FR,אורביט מעטפה,גרמים,27.00,100 גרם,false,1,5.80,21.48,true,1,
42247388,false,אורביט בליסטר באבל מינט,ריגלי,PL,אורביט בליסטר,גרמים,14.00,100 גרם,false,0,3.10,22.14,true,1,
42247722,false,פייב אסנשיאל אבטיח19גרם,ריגלי,FR,מסטיק פייב,גרמים,19.00,100 גרם,false,0,5.00,26.32,true,1,
42247739,false,פייב אסנשיאל ספירמינט19ג,ריגלי,FR,מסטיק פייב,גרמים,19.00,100 גרם,false,1,5.00,26.32,true,1,
42247746,false,פייב אסנשיאל אגס+ליים19ג,ריגלי,FR,מסטיק פייב,גרמים,19.00,100 גרם,false,1,5.00,26.32,true,1,
42247821,false,פייב אסנשיאל מנטה19גרם,ריגלי,FR,מסטיק פייב,גרמים,19.00,100 גרם,false,0,5.00,26.32,true,1,
42268222,false,מסטיק 5 פירות יער 31 גרם,ריגלי,FR,מסטיק 5 פירות,גרמים,31.00,100 גרם,false,1,6.80,21.94,true,1,
42268246,false,פייב אסנשיאל פירות יער19,ריגלי,FR,מסטיק פייב,גרמים,19.00,100 גרם,false,1,5.00,26.32,true,1,
42268253,false,אורביט בליסטר אוכמניות14,ריגלי,PL,אורביט בליסטר,גרמים,14.00,100 גרם,false,0,3.10,22.14,true,1,
42268413,false,פייב אסנשיאל פ.טרופיים19,ריגלי,FR,מסטיק פייב,גרמים,19.00,100 גרם,false,1,5.00,26.32,true,1,
42268451,false,אורביט מעטפה וויט לימון,ריגלי,FR,אורביט מעטפה,גרמים,27.00,100 גרם,false,1,5.80,21.48,true,1,
46024817,false,נקסט חפיסה,פיליפ מוריס,,נקסט יח',יחידה,1.00,יחידה,false,0,28.50,28.50,false,1,
46024824,false,נקסט חפיסה,פיליפ מוריס,,נקסט יח',יחידה,1.00,יחידה,false,0,28.50,28.50,false,1,
50204830,false,"אוטן תרסיס 100 מ""ל",ג'ונסון,IL,אוטן תרסיס,מיליליטרים,100.00,"100 מ""ל",false,0,17.90,17.90,true,1,
54051140,false,אלפרו מעדן ט.וניל 125X4ג,אלפרו,BE,מעדן סויה 4יח',גרמים,500.00,100 גרם,false,0,18.90,3.78,true,1,
59039549,false,ווג פריזון מנטול חפיסה,bat,PL,ווג פריזון מנטול,יחידה,1.00,יחידה,false,0,35.50,35.50,false,1,
59455233,false,ווג ליידי כחול חפיסה,bat,PL,ווג ליידי חפיסה,יחידה,1.00,יחידה,false,0,35.50,35.50,false,1,
72917329,false,אגוזי 45 גרם,עלית,IL,חטיף אגוזי,גרמים,45.00,100 גרם,false,0,3.90,8.67,true,1,
72917367,false,חטיף טעמי 40 גרם,עלית,IL,חטיף טעמי,גרמים,40.00,100 גרם,false,0,3.90,9.75,true,1,
72917589,false,מקופלת חלב 25 גרם,עלית,IL,מקופלת חלב,גרמים,25.00,100 גרם,false,0,3.90,15.60,true,1,
72917893,false,וופל פסק זמן חלב 45 גרם,עלית,IL,פסק זמן חלב,גרמים,45.00,100 גרם,false,0,4.90,10.89,true,1,
72940754,false,"מילקי בטעם וניל 170 מ""ל",שטראוס,IL,מילקי טעם וניל,מיליליטרים,170.00,"100 מ""ל",false,0,2.80,1.65,true,1,
72940761,false,"מילקי בטעם שוקולד 170מ""ל",שטראוס,IL,מילקי טעם שוקולד,מיליליטרים,170.00,"100 מ""ל",false,0,2.80,1.65,true,1,
72940952,false,"מילקי אקסטרה קצפת 170מ""ל",שטראוס,IL,מילקי אקסטרה,מיליליטרים,170.00,"100 מ""ל",false,0,3.90,2.29,true,1,
72941041,false,מיני מילקי ט.שוקולד90מל,שטראוס,IL,מיני מילקי,מיליליטרים,90.00,"100 מ""ל",false,0,2.00,2.22,true,1,
72945308,false,קוביות שמרים לחים אפיה50,פאקא,IL,קוביות שמרים,גרמים,50.00,100 גרם,false,0,3.20,6.40,true,1,
72961506,false,פרילי תות 1.5% 125 גרם,תנובה,IL,פרילי תות,גרמים,125.00,100 גרם,false,0,3.50,2.80,true,1,
72961520,false,פרילי אננס 1.5% 125 גרם,תנובה,IL,פרילי אננס 1.5%,גרמים,125.00,100 גרם,false,0,3.50,2.80,true,1,
72961544,false,באדי תות 3% 125 גרם,תנובה,IL,מעדן באדי תות 3%,גרמים,125.00,100 גרם,false,0,2.80,2.24,true,1,
72963104,false,חמאה 100 גרם,תנובה,IL,חמאה,גרמים,100.00,100 גרם,false,0,3.80,3.80,true,1,
72963753,false,שמ.של פעם חמוצה27% 200ג,תנובה,IL,שמנת חמוצה תנובה,גרמים,200.00,100 גרם,false,0,3.90,1.95,true,1,
72963920,false,דנובה גביע 200 גרם,תנובה,IL,יוגורט דנובה,גרמים,200.00,100 גרם,false,0,3.40,1.70,true,1,
72964132,false,פרילי טבע גרנולה 200 גרם,תנובה,IL,פרילי טבע גרנולה,גרמים,200.00,100 גרם,false,0,4.50,2.25,true,1,
72964422,false,"יוגורט תנובה 4.5% 200מ""ל",תנובה,IL,יוגורט תנובה4.5%,מיליליטרים,200.00,"100 מ""ל",false,0,2.50,1.25,true,1,
72982457,false,מילקי קל טעם שוקולד170מל,שטראוס,IL,מילקי קל שוקולד,מיליליטרים,170.00,"100 מ""ל",false,0,3.90,2.29,true,1,
72983416,false,ל.מ. בלו ארוך בוקס חפ,פיליפ מוריס,,ל.מ בלו חפ.,יחידה,1.00,יחידה,false,0,32.50,32.50,false,1,
72983997,false,גולף גולד,,,גולף גולד,יחידה,1.00,יחידה,false,0,29.00,29.00,false,1,
72986370,false,"גל.וניל צרפתי כשל""פ",מוצרי איכות אמריקאיים,US,גלידה בן & ג'ריס,מיליליטרים,500.00,"100 מ""ל",false,0,25.50,5.10,true,1,
72986455,false,גל.שוקולדפאגד'אגוזיםכשלפ,מוצרי איכות אמריקאיים,US,גלידה בן & ג'ר,מיליליטרים,500.00,"100 מ""ל",false,0,25.50,5.10,true,1,
72986479,false,"גל.צ'אנקי מאנקי כשל""פ",מוצרי איכות אמריקאיים,US,גלידה בן & ג'ר,מיליליטרים,500.00,"100 מ""ל",false,0,25.50,5.10,true,1,
72991398,false,טיים BLUE יחיד,,IL,טיים BLUE יחיד,יחידה,1.00,יחידה,false,0,28.00,28.00,false,1,
72991411,false,ברודווי 80,,IL,ברודווי 80,יחידה,1.00,יחידה,false,0,28.00,28.00,false,1,
72991886,false,גלידת דולצ'ה דה לצ'הכשלפ,מוצרי איכות אמריקאיים,US,גלידה בן & ג'ר,מיליליטרים,500.00,"100 מ""ל",false,0,25.50,5.10,true,1,
72993637,false,דני שוקולד 1.5% 125 גרם,שטראוס,IL,דני שוקולד 1.5%,גרמים,125.00,100 גרם,false,0,2.60,2.08,true,1,
72993767,false,פסק זמן גלילית אגוזים40ג,עלית,IL,פסק זמן גלילית,גרמים,40.00,100 גרם,false,0,4.90,12.25,true,1,
72993927,false,נקסט 100 חפיסה,פיליפ מוריס,,נקסט 100 חפיסה,יחידה,1.00,יחידה,false,0,28.50,28.50,false,1,
76136184,false,פאל מאל סופר סלים בלו חפ,bat,CH,פאל מאל חפיסה,יחידה,1.00,יחידה,false,0,28.50,28.50,false,1,
80001485,false,חטיף גרנדה קוקוס 38 גרם,לואקר,IT,חטיף גרנדה קוקוס,גרמים,38.00,100 גרם,false,0,4.90,12.89,true,1,
80042556,false,עגבניות מרוסקות,,,עגבניות מרוסקות,גרמים,400.00,100 גרם,false,0,6.00,1.50,true,1,
80042563,false,רסק עגבניות,,,רסק עגבניות,גרמים,700.00,100 גרם,false,0,12.30,1.76,true,1,
80050025,false,סוכריות טיק-טק תפוז16גרם,פררו - אלבה,IT,טיק טק תפוז,גרמים,16.00,100 גרם,false,0,3.30,20.63,true,1,
80050834,false,קינדר קאנטרי מאר,,IL,קינדר קאנטרי מאר,גרמים,141.00,100 גרם,false,0,11.80,8.37,true,1,
80052760,false,קינדר בואנו 2 * 21.5 גרם,פררו - אלבה,IT,קינדר בואנו זוג,גרמים,43.00,100 גרם,false,0,4.90,11.40,true,1,
80176800,false,נוטלה ממרח שוקולד 750 גר,פררו - אלבה,PL,ממרח נוטלה,גרמים,750.00,100 גרם,false,0,23.90,3.19,true,1,
80177173,false,ממרח נוטלה 350 גרם,פררו - אלבה,IT,ממרח נוטלה,גרמים,350.00,100 גרם,false,0,14.00,4.00,true,1,
80177616,false,אצבעות שוקולד קינדר100גר,פררו - אלבה,IT,שוקולד קינדר,גרמים,100.00,100 גרם,false,0,7.80,7.80,true,1,
80273639,false,מלח ים במטחנה 90 גרם,דרוגריה ואלימנטרי,IT,מלח ים במטחנה,גרמים,90.00,100 גרם,false,0,12.80,14.22,true,1,
80761761,false,קינדר בואנו לבן 19.5*2גר,פררו - אלבה,,קינדר בואנו לבן,גרמים,39.00,100 גרם,false,0,4.90,12.56,true,1,
80765790,false,מסטיק מנטוס3D אניגמה33ג,פרפטי ואן מלה,TR,מסטיק מנטוס 3D,גרמים,33.00,100 גרם,false,0,6.90,20.91,true,1,
80820079,false,מסטיק מנטוס3Dאוכמנ/תות33,פרפטי ואן מלה,TR,מסטיק מנטוס 3D,גרמים,33.00,100 גרם,false,0,6.90,20.91,true,1,
80938828,false,מסט.מנטוס 3D אבטיח/אננס,פרפטי ואן מלה,TR,מסטיק מנטוס,גרמים,33.00,100 גרם,false,0,6.90,20.91,true,1,
87108651,false,מנטוס מנטה 4יח37.5X'גרם,פרפטי ואן מלה ברדה,NL,מנטוס מנטה 4 יח',גרמים,150.00,100 גרם,false,0,10.90,7.27,true,1,
90162602,true,רד בול משקה אנרגיה פח250,רד בול,AT,רד בול,מיליליטרים,250.00,"100 מ""ל",false,0,8.10,3.24,true,1,
9073102314,false,סורבט שרונס קוקוס 473 מ,מוצרי איכות אמריקאיים,IL,סורבט שרונס קוקוס 473 מ,מיליליטרים,473.00,"100 מ""ל",false,0,25.30,5.35,true,1,
11210000216,false,בלאדי מרי,,,בלאדי מרי,מיליליטרים,946.00,"100 מ""ל",false,0,28.70,3.03,true,1,
13495113506,false,קליק ביסקוויט 75 גרם,יוניליוור,IL,קליק ביסקוויט,גרמים,75.00,100 גרם,false,0,5.90,7.87,true,1,
13495113513,false,קליק שוקולד חלב 75 גרם,יוניליוור,IL,קליק שוקולד,גרמים,75.00,100 גרם,false,0,5.90,7.87,true,1,
13495113520,false,קליק קורנפלקס 75 גרם,יוניליוור,IL,קליק קורנפלקס,גרמים,75.00,100 גרם,false,0,5.90,7.87,true,1,
13495113537,false,קליק חום לבן מעורב 75 גר,יוניליוור,IL,קליק מעורב,גרמים,75.00,100 גרם,false,0,5.90,7.87,true,1,
13495113582,false,קליק כריות 75 גרם,יוניליוור,IL,קליק כריות,גרמים,75.00,100 גרם,false,0,5.90,7.87,true,1,
16000177710,false,נייצ'ר וואלי פירות+שקד5י,ג'נרל מילס,US,חטיף נייצ'ר ואלי,גרמים,175.00,100 גרם,false,0,17.90,10.23,true,1,
16000423534,false,קראנצי שיבולת ושוקולד5יח,ג'נרל מילס,US,חטיף נייצ'ר ואלי,גרמים,210.00,100 גרם,false,0,19.90,9.48,true,1,
16000548404,false,חטיף נייטשר ואלי ש.שועל5,ג'נרל מילס,US,חטיף נייטשר ואלי,גרמים,210.00,100 גרם,false,0,19.90,9.48,true,1,
16000548909,false,נייטשר וואלי גרנולה 5יח',ג'נרל מילס,US,חטיף נייטשר ואלי,גרמים,210.00,100 גרם,false,0,19.90,9.48,true,1,
16800204470,false,פחמים רויאל,,US,פחמים רויאל,קילוגרמים,3.00,"ק""ג",false,0,29.90,9.97,true,1,
18000701223,false,תערובת לעוגת שוקולד500גר,ג'נרל מילס,IL,תערובת לעוגה,גרמים,500.00,100 גרם,false,0,17.90,3.58,true,1,
18000703494,false,תערובת לעוגת וניל 500גרם,ג'נרל מילס,IL,תערובת לעוגה,גרמים,500.00,100 גרם,false,0,17.90,3.58,true,1,
18000766413,false,תערובת לעוגה בראוניס550ג,ג'נרל מילס,IL,תערובת לעוגה,גרמים,550.00,100 גרם,false,0,17.90,3.25,true,1,
22200956932,false,ספיד סטיק ג'ל 24/7 כחול,קולגייט-פלמוליב,US,דאודורנט ג'ל,גרמים,85.00,100 גרם,false,0,18.90,22.24,true,1,
24000154617,false,אננס שלם בסירופ,,,אננס שלם בסירופ,גרמים,825.00,100 גרם,false,0,9.70,1.18,true,1,
24321424277,false,עגבניות חתוכות קוביות750,קונסוריזיו קאסאלסקו,IT,עגבניות חתוכות,גרמים,750.00,100 גרם,false,0,12.90,1.72,true,1,
25675120006,false,חמצוצים 4 צבעים 100 גרם,גורי,NL,חמצוצים,גרמים,100.00,100 גרם,false,0,7.90,7.90,true,1,
25675120037,false,םרג 100 תות םעטב םיצוצמח,ירוג,NL,חמצוצים תות,גרמים,100.00,100 גרם,false,0,8.40,8.40,true,1,
25675121256,false,לקקן פירות 113 גרם,סימאס אינדוססריל דאלימנט,BR,לקקן פירות,גרמים,113.00,100 גרם,false,1,7.80,6.90,true,1,
27000609019,false,רוטב ברביקיו הנט'ס 510 ג,קונגרה,US,רוטב ברביקיו,גרמים,510.00,100 גרם,false,0,10.00,1.96,true,1,
28200174604,false,פרלמנט ארוך בלו RCB 10יח,פיליפ מוריס,,פרלמנט ארוך בל,יחידה,1.00,יחידה,false,0,359.90,359.90,false,1,
28200176301,false,פרלמנט קצר בלו 10 יח',פיליפ מוריס,US,פרלמנט קצר,יחידה,1.00,יחידה,false,0,359.90,359.90,false,1,
29424000564,false,וופל ללא סוכר לימון 180ג,מנעמים,IL,וופל ללא סוכר,גרמים,180.00,100 גרם,false,0,7.50,4.17,true,1,
33617322616,false,פת פריכה קלה,,IL,פת פריכה קלה,גרמים,270.00,100 גרם,false,0,13.40,4.96,true,1,
34000124138,false,ממרח בוטנים וקקאו 368גרם,הרשי שוקולד,US,ממרח בוטנים/קקאו,גרמים,368.00,100 גרם,false,1,19.70,5.35,true,1,
34000146208,false,נטיפי שוקולד לאפייה283גר,הרשי שוקולד,US,נטיפי שוקולד,גרמים,283.00,100 גרם,false,1,18.70,6.61,true,1,
34000196173,false,טבלת XL קוקיס&קרים 113ג,הרשי שוקולד,US,טבלת קוקיס&קרים,גרמים,113.00,100 גרם,false,1,9.80,8.67,true,1,
34000442652,false,טבלת XL ריזס 120 גרם,הרשי שוקולד,US,טבלת ריזס XL,גרמים,120.00,100 גרם,false,1,9.80,8.17,true,1,
35000764522,false,משחה קולגייט מקס פרש100מ,קולגייט-פלמוליב,PL,משחת שיניים,מיליליטרים,100.00,"100 מ""ל",false,0,19.90,19.90,true,1,
36000183399,false,12 האגיס חיתולי שחיה S,חוגלה קימברלי,IL,חיתול שחיה האגיס,יחידה,1.00,יחידה,false,0,29.90,29.90,true,1,
36000258295,false,קלינקס לושן,,IL,קלינקס לושן,יחידה,1.00,יחידה,false,0,10.80,10.80,true,1,
36000258660,false,קלינקס לושן,,IL,קלינקס לושן,יחידה,1.00,יחידה,false,0,16.80,16.80,true,1,
37600110754,false,חמאת בוטנים קלאסיק462גרם,סקיפי פודס ל.ל.סי.,US,חמאת בוטנים,גרמים,462.00,100 גרם,false,1,17.90,3.87,true,1,
37600207188,false,חמאת בוטנים קלאסי 462גרם,הורמל,US,חמאת בוטנים,גרמים,462.00,100 גרם,false,0,17.90,3.87,true,1,
37600207256,false,חמאת בוטנים+שברי בוטנ462,הורמל,US,חמאת בוטנים,גרמים,462.00,100 גרם,false,0,17.90,3.87,true,1,
37977050059,false,זוג מוצצים,,HU,זוג מוצצים,יחידה,1.00,יחידה,false,0,30.00,30.00,true,1,
38000844966,false,חטיף פרינגלס אורגינל161ג,פרוקטר & גמבל,IL,חטיף פרינגלס,גרמים,161.00,100 גרם,false,0,9.90,6.15,true,1,
38000844973,false,חטיף פרינגלס ברביקיו169ג,פרוקטר & גמבל,IL,חטיף פרינגלס,גרמים,169.00,100 גרם,false,0,9.90,5.86,true,1,
38000845000,false,פרינגלס שמנת בצל 169 גר,פרוקטר & גמבל,US,פרינגלס שמנת בצל,גרמים,169.00,100 גרם,false,0,9.90,5.86,true,1,
38000845024,false,פרינגלס פיצה 169 גרם,פרוקטר & גמבל,IL,פרינגלס פיצה,גרמים,169.00,100 גרם,false,0,9.90,5.86,true,1,
38000845529,false,פרינגלס מיני שמנת בצל37ג,פרוקטר & גמבל,US,פרינגלס מיני,גרמים,37.00,100 גרם,false,0,4.50,12.16,true,1,
38527591053,false,דגנים מרובעים קינמון412ג,קואקר אוטס,,דגנים מרובעים,גרמים,412.00,100 גרם,false,0,19.90,4.83,true,1,
38527591060,false,דגנים מרובעים קוואקר412ג,קואקר אוטס,,דגנים מרובעים,גרמים,412.00,100 גרם,false,0,19.90,4.83,true,1,
38527591121,false,קוואקר קפטן קראנץ 398ג,קואקר אוטס,IL,קוואקר קראנץ,גרמים,398.00,100 גרם,false,0,19.90,5.00,true,1,
38527591145,false,דגנים קפטן בוטנים355גרם,קואקר אוטס,,קפטן דגנים,גרמים,355.00,100 גרם,false,0,19.90,5.61,true,1,
40000420729,false,עדשי שוק.מ&מ'ס בוטנים226,מרס,US,עדשי שוקולד מ&מ,גרמים,226.00,100 גרם,false,0,14.90,6.59,true,1,
40000470700,false,עדשי שוק. מ&מ'ס שוקו226ג,מרס,US,עדשי שוקולד מ&מ,גרמים,226.00,100 גרם,false,0,14.90,6.59,true,1,
41390000027,false,"רוטב סויה קיקומן 296 מ""ל",קיקומן פודז אינק,US,רוטב סויה קיקומן,מיליליטרים,296.00,"100 מ""ל",false,0,12.90,4.36,true,1,
41390000904,false,"רוטב סויה קיקומן 444 מ""ל",קיקומן פודז אינק,US,רוטב סויה קיקומן,מיליליטרים,444.00,"100 מ""ל",false,0,18.90,4.26,true,1,
41390001079,false,"רוטב סויה דל נתרן 444מ""ל",קיקומן פודז אינק,IL,רוטב סויה,מיליליטרים,444.00,"100 מ""ל",false,0,18.90,4.26,true,1,
44600304854,false,"פחם מצ'לייט 3 ק""ג",כלורקס,US,פחם מצ'לייט,קילוגרמים,0.00,"ק""ג",false,0,45.80,45.80,true,1,
46214731552,false,עוגיות שוקולד צ'יפס225גר,מרבה,NL,עוגיות ש.צ'יפס,גרמים,225.00,100 גרם,false,0,9.50,4.22,true,1,
48256222203,false,אסטוניש משחה,,IL,אסטוניש משחה,גרמים,500.00,100 גרם,false,0,11.90,2.38,true,1,
50000100316,false,פריסקיז מעדן לחתול2.86קג,נסטלה פורינה,US,פריסקיז לחתול,קילוגרמים,2.86,"ק""ג",false,0,61.40,21.47,true,1,
50000421541,false,פריסקיז מיקס גריל 156גרם,נסטלה פורינה,US,פריסקיז לחתול,גרמים,156.00,100 גרם,false,0,6.30,4.04,true,1,
50000429042,false,פנסי פיסט כבד ועוף 85גרם,נסטלה פורינה,US,פנסי פיסט חתול,גרמים,85.00,100 גרם,false,0,5.90,6.94,true,1,
50000429646,false,פנסי פיסט דג אוקיאנוס85ג,נסטלה פורינה,US,פנסי פיסט לחתול,גרמים,85.00,100 גרם,false,0,5.90,6.94,true,1,
50000429844,false,פנסי פיסט הודו ועוף 85גר,נסטלה פורינה,US,פנסי פיסט לחתול,גרמים,85.00,100 גרם,false,0,5.90,6.94,true,1,
52100070865,false,"תמצית וניל טהור 29 מ""ל",מקורמיק האנט ואלי,US,תמצית וניל,מיליליטרים,29.00,"100 מ""ל",false,0,24.00,82.76,true,1,
52100746043,false,תערובת פלפלים במטחנה24גר,מקורמיק האנט ואלי,FR,תערובת פלפלים,גרמים,24.00,100 גרם,false,0,15.80,65.83,true,1,
55500012046,false,כלורקס מרסס,,US,כלורקס מרסס,מיליליטרים,946.00,"100 מ""ל",false,0,15.70,1.66,true,1,
58449771531,false,דג.בוקר סנרייז קרנצ'י300,נייטשר פאת',US,דגני בוקר אורגני,גרמים,300.00,100 גרם,false,0,25.90,8.63,true,1,
58449860037,false,קואלה קריספ דגני בוקר326,נייטשר פאת',IL,דגני בוקר,גרמים,326.00,100 גרם,false,0,23.90,7.33,true,1,
58449860075,false,כדורי לאמור אורגניים200ג,נייטשר פאת',CA,כדורי לאמור,גרמים,200.00,100 גרם,false,0,23.90,11.95,true,1,
64144090020,false,תרסיס שמן זית 141 גרם,קונגרה,IL,תרסיס שמן זית,גרמים,141.00,100 גרם,false,0,16.90,11.99,true,1,
64144090051,false,"תרסיס שמן קנולה 148 מ""ל",קונגרה,US,תרסיס שמן קנולה,מיליליטרים,148.00,"100 מ""ל",false,0,16.90,11.42,true,1,
70450020873,false,שזיפים סנסוויט 500גרם,סנסוויט גרוורס אינק,US,שזיפים סנסוויט,גרמים,500.00,100 גרם,false,0,29.90,5.98,true,1,
70970471001,false,סוכריות ג'לי חמוץ 102גרם,גאסט בורן,US,סוכריות ג'לי,גרמים,102.00,100 גרם,false,1,9.80,9.61,true,1,
70970471254,false,סוכ.ג'לי פירות טרופי141ג,גאסט בורן,US,סוכריות ג'לי,גרמים,141.00,100 גרם,false,1,9.80,6.95,true,1,
74570004003,false,"גלידת וניל 473 מ""ל",האגן דאז,FR,"גלידת וניל 473 מ""ל",מיליליטרים,473.00,"100 מ""ל",false,0,32.20,6.81,true,1,
74570024001,false,"גל.שמנת תות שדה 473 מ""ל",האגן דאז,FR,"גל.שמנת תות שדה 473 מ""ל",מיליליטרים,473.00,"100 מ""ל",false,0,32.20,6.81,true,1,
74570174003,false,גל.שמנת אגוזי מקדמיה473מ,האגן דאז,FR,גל.שמנת אגוזי מקדמיה473מ,מיליליטרים,473.00,"100 מ""ל",false,0,32.20,6.81,true,1,
74570274000,false,גל.שמנת קרם עוגיות 473מל,האגן דאז,FR,גל.שמנת קרם עוגיות 473מל,מיליליטרים,473.00,"100 מ""ל",false,0,32.20,6.81,true,1,
74570610051,false,גל.שמנת שוקולד בלגי 473מ,האגן דאז,FR,גל.שמנת שוקולד בלגי 473מ,מיליליטרים,473.00,"100 מ""ל",false,0,32.20,6.81,true,1,
74570703890,false,גל.שמנת עם פרלינים 473מל,האגן דאז,FR,גל.שמנת עם פרלינים 473מל,מיליליטרים,473.00,"100 מ""ל",false,0,32.20,6.81,true,1,
74570810116,false,גל.שמנת ריבת חלב 473,האגן דאז,FR,גל.שמנת ריבת חלב 473,מיליליטרים,473.00,"100 מ""ל",false,0,32.20,6.81,true,1,
74570950010,false,גל.שמנת עוג'גבינה+תות473,האגן דאז,FR,גל.שמנת עוג'גבינה+תות473,מיליליטרים,473.00,"100 מ""ל",false,0,32.20,6.81,true,1,
76840100156,false,גלידה צ'רי גרסיה 500מל,מוצרי איכות אמריקאיים,IL,גלידה צ'רי גרסיה,מיליליטרים,500.00,"100 מ""ל",false,0,25.50,5.10,true,1,
76840400027,false,"גלידה בטעם שוקולד כשל""פ",מוצרי איכות אמריקאיים,US,גלידת בן & ג'ר,מיליליטרים,500.00,"100 מ""ל",false,0,25.50,5.10,true,1,
77245110597,false,סוכריות מאסט לימון 80גרם,עלית,PL,סוכריות מאסט,גרמים,80.00,100 גרם,false,0,7.50,9.38,true,1,
77245110610,false,סוכריות מאסט מנטה 80 גרם,עלית,PL,סוכריות מאסט,גרמים,80.00,100 גרם,false,0,7.50,9.38,true,1,
77245111136,false,סוכ.מאסט ריבת חלב 80 גרם,עלית,PL,סוכריות מאסט,גרמים,80.00,100 גרם,false,0,7.50,9.38,true,1,
77975022757,false,בייגלה אמריקאי 382 גרם,יאמאסה,US,בייגלה אמריקאי,גרמים,382.00,100 גרם,false,0,12.90,3.38,true,1,
77975088210,false,שברי בייגל גבינת צ'דר340,סניידרס,US,שברי בייגל,גרמים,340.00,100 גרם,false,0,12.90,3.79,true,1,
77975088227,false,שברי בייגלה בצל חרדל340ג,סניידרס,US,שברי בייגלה,גרמים,340.00,100 גרם,false,0,12.90,3.79,true,1,
77975091524,false,שברי בייגלה קרמל-מלוח100,סניידרס,US,שברי בייגלה קרמל,גרמים,100.00,100 גרם,false,1,7.80,7.80,true,1,
77975091784,false,טורטיות צ'יפס תירס צ354ג,סניידרס,US,טורטיות צ'יפס,גרמים,354.00,100 גרם,false,1,12.90,3.64,true,1,
77975091791,false,טורטיות צ'יפס מסעדות354ג,סניידרס,US,טורטיות צ'יפס,גרמים,354.00,100 גרם,false,1,12.90,3.64,true,1,
80432400432,false,וויסקי שיבס 1 ליטר,שיבס ריגל,GB,וויסקי שיבס,ליטרים,1.00,ליטר,false,0,144.90,144.90,true,1,
84213017420,false,מיזלי אגוז/צימ.אורגני500,מסטמאכר,DE,מיזלי אורגני,גרמים,500.00,100 גרם,false,0,19.30,3.86,true,1,
84213017475,false,מיסלי אורגני פירות500גר,מסטמאכר,IL,מיסלי פירות,גרמים,500.00,100 גרם,false,0,19.20,3.84,true,1,
84213017499,false,מיסלי פ.יער אורגני 500גר,מסטמאכר,DE,מיסלי אורגני,גרמים,500.00,100 גרם,false,0,19.20,3.84,true,1,
85156515417,false,וודקה קטל וואן,,NL,וודקה קטל וואן,מיליליטרים,750.00,"100 מ""ל",false,0,89.90,11.99,true,1,
88345100517,false,"בירה ניוקאסל 330 מ""ל",טמפו,GB,בירה ניוקאסל,מיליליטרים,330.00,"100 מ""ל",false,0,9.90,3.00,true,1,
605453120277,false,מקלות סורימי קפוא 454גרם,.,IL,מקלות סורימי,גרמים,454.00,100 גרם,false,1,39.90,8.79,true,1,
605453320202,false,פתיתי סוריני קפוא 454גרם,.,IL,פתיתי סוריני,גרמים,454.00,100 גרם,false,1,39.90,8.79,true,1,
605453520961,false,סורינה דליקטס קפוא 300גר,.,IL,סורינה דליקטס,גרמים,300.00,100 גרם,false,1,39.90,13.30,true,1,
616932184314,false,חסה חמאה הידרופונית יח',קטיף,IL,חסה חמאה הידרופונית יח',יחידה,1.00,יחידה,false,0,11.90,11.90,true,1,
617395099993,false,קייל כרוב על יחידה,קטיף,IL,קייל כרוב על,יחידה,1.00,יחידה,false,1,12.90,12.90,true,1,
617395100019,false,חסה רומית הידרופוני יח,קטיף,IL,חסה רומית הידרופוני יח,יחידה,1.00,יחידה,false,1,11.90,11.90,true,1,
617395100026,false,חסה הולנדיה הידרופוני יח,קטיף,IL,חסה הולנדיה הידרופוני יח,יחידה,1.00,יחידה,false,1,11.90,11.90,true,1,
617395100033,false,חסה מסולסלת הידרופוני יח,קטיף,IL,חסה מסולסלת,יחידה,1.00,יחידה,false,1,11.90,11.90,true,1,
639138513238,false,פילה הרינג,,DE,פילה הרינג,גרמים,190.00,100 גרם,false,0,12.40,6.53,true,1,
645173911038,false,מלפפונים קורנישונים670גר,קלמן אינדיה פי וי סי,IN,מלפפ.קורנישונים,גרמים,670.00,100 גרם,false,0,8.50,1.27,true,1,
645692556253,false,עוגיות שוקוצ'יפס 200 גרם,"אחים פפושדו ובניהם בע""מ",IL,עוגיות שוקוצ'יפס,גרמים,200.00,100 גרם,false,0,4.90,2.45,true,1,
650748777605,false,אטריות אורגני ש.סויה200ג,LTD FOOD ETHICAL,CN,אטריות שעועית,גרמים,200.00,100 גרם,false,0,12.80,6.40,true,1,
728229123590,false,צ'יפס אורגינל 110 גרם,גלובל פרודאכט,IL,צ'יפס,גרמים,110.00,100 גרם,false,0,15.50,14.09,true,1,
728229123811,false,צ'יפס מתובל 110 גרם,גלובל פרודאכט,US,צ'יפס מתובל,גרמים,110.00,100 גרם,false,0,15.50,14.09,true,1,
768404001640,false,"גל.בטעם קפה כשל""פ500מ""ל",מוצרי איכות אמריקאיים,US,גלידת בן & ג'ריס,מיליליטרים,500.00,"100 מ""ל",false,0,25.50,5.10,true,1,
769904000997,false,שקדי מרק,,IL,שקדי מרק,גרמים,200.00,100 גרם,false,0,13.40,6.70,true,1,
830296000602,false,מצה מצופה שוק+קוקוס200גר,אם החיטה,IL,מצות מצופות,גרמים,200.00,100 גרם,false,1,12.90,6.45,true,1,
835811005018,false,50 כוסות קריסטל יהלום,.,IL,כוסות קריסטל,יחידה,1.00,יחידה,false,0,9.90,9.90,true,1,
835811006053,false,קורנפלור 200 גרם,הנמל,IL,קורנפלור 200 גרם,גרמים,200.00,100 גרם,false,0,3.30,1.65,true,1,
835811008088,false,עוג.מרוקאיות מקמח מלא350,הנמל,IL,עוגיות מרוקאיות,גרמים,350.00,100 גרם,false,0,18.50,5.29,true,1,
835811008231,false,ספוג מג'יק,הנמל,DE,ספוג לבן,יחידה,1.00,יחידה,false,0,9.90,9.90,true,1,
835811008248,false,טחינה גולמית ירושלמית500,הנמל,IL,טחינה ירושלים,גרמים,500.00,100 גרם,false,0,15.80,3.16,true,1,
835811009238,false,שיפודי במבוק ענקיים 25יח,הנמל,IL,שיפודים ענקיים,יחידה,1.00,יחידה,false,0,6.80,6.80,true,1,
839762000641,false,נקטר מנגו איילנד 1 ליטר,אדיר,EG,נקטר איילנד,ליטרים,1.00,ליטר,false,0,9.50,9.50,true,1,
839762000658,false,נקטר גויאבה איילנד 1 ל',אדיר,EG,נקטר איילנד,ליטרים,1.00,ליטר,false,0,9.50,9.50,true,1,
841058016007,false,ג'ל גילוח שיק רגיש 200מל,שיק,US,ג'ל גילוח שיק,מיליליטרים,200.00,"100 מ""ל",false,0,18.90,9.45,true,1,
846558000105,false,עגבנ.חתוכות דק פומי 750ג,קונסוריזיו קאסאלסקו,IT,עגבניות חתוכות,גרמים,750.00,100 גרם,false,1,12.90,1.72,true,1,
852273003048,false,בירה סטארופמן,,CZ,בירה סטארופמן,מיליליטרים,500.00,"100 מ""ל",false,0,9.90,1.98,true,1,
856591000062,false,עוגיות מזרחיות מלח400גרם,עבאדי,IL,עוגיות מזרחיות,גרמים,400.00,100 גרם,false,0,17.40,4.35,true,1,
856591000109,false,עוגיות מזרחיות פריכות400,עבאדי,IL,עוגיות מזרחיות,גרמים,400.00,100 גרם,false,0,17.40,4.35,true,1,
856591000123,false,עוגיות מזרחיות עבאדי700ג,עבאדי,IL,עוגיות מזרחיות,גרמים,700.00,100 גרם,false,0,22.00,3.14,true,1,
856591000437,false,מיני מזרחיות פלאפל200,עבאדי,IL,עוגיות מזרחיות,גרמים,200.00,100 גרם,false,0,8.90,4.45,true,1,
856591000444,false,מיני מזרח.חריף בקטנה200ג,עבאדי,IL,עוגיות מזרחיות,גרמים,200.00,100 גרם,false,0,8.90,4.45,true,1,
856591000451,false,מיני מזרח.מעורב ירושלמי,עבאדי,IL,עוגיות מזרחיות,גרמים,200.00,100 גרם,false,0,8.90,4.45,true,1,
856591000512,false,עוגיות מזרחיות מקלות400ג,עבאדי,IL,עוגיות מזרחיות,גרמים,400.00,100 גרם,false,0,17.40,4.35,true,1,
856591000529,false,עוג.מזרחיות מקמח מלא400ג,עבאדי,IL,עוגיות מזרחיות,גרמים,400.00,100 גרם,false,0,17.40,4.35,true,1,
856591000819,false,קרקר'ס חיטה 140 גרם,עבאדי,,קרקר'ס חיטה,גרמים,140.00,100 גרם,false,0,9.90,7.07,true,1,
856591000833,false,קרקר'ס עשבי תיבול 140גרם,עבאדי,,קרקר'ס עשבי תבול,גרמים,140.00,100 גרם,false,0,9.90,7.07,true,1,
884912014245,false,פוסט הני בנצ'ס רוסטד411ג,פוסט,US,פוסט הני בנצ'ס,גרמים,411.00,100 גרם,false,0,15.90,3.87,true,1,
884912014252,false,פוסט הני בנצ'ס אלמונד411,פוסט,US,דגני הני בנצ'ס,גרמים,411.00,100 גרם,false,0,15.90,3.87,true,1,
884912103703,false,פוסט וופל קריספ 325 גרם,פוסט,,פוסט וופל קריספ,גרמים,325.00,100 גרם,false,0,15.80,4.86,true,1,
884912114600,false,רייזן ברן פוסט 566 גגרם,פוסט,US,רייזן ברן,גרמים,566.00,100 גרם,false,0,26.10,4.61,true,1,
884912126115,false,דגני גרייט גריינס דטה453,פוסט,US,דגני גרייט גרינס,גרמים,453.00,100 גרם,false,0,24.70,5.45,true,1,
884912129659,false,קקאו פבלס אורז תפוח 425ג,פוסט,US,דגני קקאו פבלס,גרמים,425.00,100 גרם,false,0,15.80,3.72,true,1,
884912180629,false,דגנים חיטה מלאה גרוסה464,שרדד וויט,US,דגני בוקר פוסט,גרמים,464.00,100 גרם,false,1,21.90,4.72,true,1,
3014260022082,false,2מברשת פרו אקספורט מס40',פרוקטר & גמבל,IL,מברשת אורל בי,יחידה,1.00,יחידה,false,0,41.90,41.90,true,1,
3014260022730,false,2מברשות אדוונטג' מדיום40,פרוקטר & גמבל,IL,זוג מברשות,יחידה,1.00,יחידה,false,0,26.90,26.90,true,1,
3014260023089,false,3 מברשות קלאסיק 40 מדיום,פרוקטר & גמבל,IL,3 מברשות שיניים,יחידה,1.00,יחידה,false,1,16.50,16.50,true,1,
3014260214678,false,קצ.גלוח סירייסC.Wרגיש250,פרוקטר & גמבל,GB,קצף גילוח סירייס,מיליליטרים,250.00,"100 מ""ל",false,0,16.90,6.76,true,1,
3014260214692,false,ג'ל גילוח סירייס 200C.Wמ,פרוקטר & גמבל,IL,ג'ל גילוח סירייס,מיליליטרים,200.00,"100 מ""ל",false,0,21.70,10.85,true,1,
3014260220051,false,ג'ל גילוח סירייס W.R 200,פרוקטר & גמבל,GB,ג'ל גילוח סירייס,מיליליטרים,200.00,"100 מ""ל",false,0,21.70,10.85,true,1,
3014260227081,false,קצף גילוח סירייס 250P.Lמ,פרוקטר & גמבל,GB,קצף גילוח סירייס,מיליליטרים,250.00,"100 מ""ל",false,0,16.90,6.76,true,1,
3014260228842,false,קצף גילוח ג'ילט קלסיק200,פרוקטר & גמבל,GB,קצף גילוח ג'ילט,מיליליטרים,200.00,"100 מ""ל",false,0,14.10,7.05,true,1,
3014260240226,false,קצף גילוח ג'ילט רגיש200מ,פרוקטר & גמבל,GB,קצף גילוח ג'ילט,מיליליטרים,200.00,"100 מ""ל",false,0,14.10,7.05,true,1,
3014260243531,false,סכיני גילוח מאך3- 4 יח',פרוקטר & גמבל,DE,סכיני גילוח מא,יחידה,1.00,יחידה,false,0,63.80,63.80,true,1,
3014260262228,false,מברשת אורל בי גילאי 2-4,פרוקטר & גמבל,IE,מברשת שיניים,יחידה,1.00,יחידה,false,0,17.60,17.60,true,1,
3014260262693,false,מכשיר גילוח ונוס2+סכינים,פרוקטר & גמבל,PL,מכשיר גילוח ונוס,יחידה,1.00,יחידה,false,0,38.30,38.30,true,1,
3014260836665,false,מברשת אורל בי פרו אקספרט,פרוקטר & גמבל,ES,מברשת אורל בי,יחידה,1.00,יחידה,false,1,41.90,41.90,true,1,
3014260841973,false,3 מברשות קלאסיק 40 מדיום,פרוקטר & גמבל,IN,3 מברשות שיניים,יחידה,1.00,יחידה,false,0,16.50,16.50,true,1,
3023470001015,false,עוגיות גאלט חמאה 130 גרם,סאן מישל ביסוויט,FR,עוגיות חמאה,גרמים,130.00,100 גרם,false,0,11.90,9.15,true,1,
3045140280902,false,שוק.אגוז/צימוק מילקה100ג,מונדלייז,DE,שוקולד מילקה,גרמים,100.00,100 גרם,false,0,8.40,8.40,true,1,
3046920017503,false,שוקולד אקסלנס ססמי 100גר,לינדט ושפרונגלי קילשברג,FR,שוקולד אקסלנס,גרמים,100.00,100 גרם,false,0,16.00,16.00,true,1,
3046920017541,false,שוקולד אקסלנס ליים 100גר,לינדט ושפרונגלי קילשברג,FR,שוקולד אקסלנס,גרמים,100.00,100 גרם,false,1,16.00,16.00,true,1,
3046920028004,false,שוק.אקסלנס מריר70% 100גר,לינדט ושפרונגלי קילשברג,FR,שוקולד אקסלנס,גרמים,100.00,100 גרם,false,0,16.00,16.00,true,1,
3046920028370,false,שוק.לינדט אקסלנס תפוז100,לינדט ושפרונגלי קילשברג,CH,שוקולד לינדט,גרמים,100.00,100 גרם,false,0,16.00,16.00,true,1,
3046920029674,false,שוק.לינדט אקסלנס מלח100ג,לינדט ושפרונגלי קילשברג,FR,שוקולד לינדט,גרמים,100.00,100 גרם,false,0,16.00,16.00,true,1,
3046920029759,false,שוק.אקסלנס 90% קקאו 100ג,לינדט ושפרונגלי קילשברג,DE,שוקולד אקסלנס,גרמים,100.00,100 גרם,false,1,16.00,16.00,true,1,
3046920043489,false,שוק.לינדט קרם ברולה140גר,לינדט ושפרונגלי קילשברג,IT,שוקולד לינדט,גרמים,140.00,100 גרם,false,0,23.80,17.00,true,1,
3059940007768,false,אירויק ספריי וניל 240 מל,רקיט בנקיזר,GB,אירויק ספריי,מיליליטרים,240.00,"100 מ""ל",false,0,10.00,4.17,true,1,
3059943015104,false,אירוויק נטול גז פרסיה345,רקיט בנקיזר,PL,אירוויק מבשם,מיליליטרים,345.00,"100 מ""ל",false,0,10.00,2.90,true,1,
3059943015128,false,אירוויק נטול גז לבנדר345,רקיט בנקיזר,PL,אירוויק נטול גז לבנדר345,מיליליטרים,345.00,"100 מ""ל",false,0,10.00,2.90,true,1,
3059943016507,false,אירויק ספריי לבנדר 240מל,רקיט בנקיזר,GB,אירויק ספריי,מיליליטרים,240.00,"100 מ""ל",false,0,10.00,4.17,true,1,
3059944021104,false,16רצועות לבית שחי+ביקיני,רקיט בנקיזר,FR,רצועות שעווה ויט,יחידה,1.00,יחידה,false,0,24.90,24.90,true,1,
3059944021197,false,ויט קרם להסרת שיער 400מל,רקיט בנקיזר,FR,מסיר שיער ויט,מיליליטרים,400.00,"100 מ""ל",false,0,39.90,9.98,true,1,
3068320055022,false,מים אוויאן 6יח,,IL,מים אוויאן 6יח,ליטרים,3.00,ליטר,false,0,59.50,19.83,true,1,
3147699100639,false,"וויסקי לייבל 5 750 מ""ל",BLENDING FIRST,GB,וויסקי לייבל 5,מיליליטרים,750.00,"100 מ""ל",false,1,69.90,9.32,true,1,
3161911364531,false,חמאה צרפתית 200 גרם,אלוויר,FR,חמאה צרפתית,גרמים,200.00,100 גרם,false,0,15.40,7.70,true,1,
3179732348913,false,מים מינרליים פרייה 1ליטר,'פרייה ורגז,FR,פרייה מים מינרל.,ליטרים,1.00,ליטר,false,1,8.90,8.90,true,1,
3228022910023,false,חמאה פרזידנט 200 גרם,פרזידנט,FR,חמאה פרזידנט,גרמים,200.00,100 גרם,false,0,11.90,5.95,true,1,
3252560903438,false,"ליקר שוקולד 700 מ""ל",גבריאל בודיו,FR,ליקר שוקולד,מיליליטרים,700.00,"100 מ""ל",false,0,44.90,6.41,true,1,
3386460076388,false,"רושאס לגבר א.ד.ט 100 מ""ל",.,IL,רושאס לגבר,מיליליטרים,100.00,"100 מ""ל",false,1,515.00,515.00,true,1,
3387390320244,false,דגני בוקר פיטנס+פירות375,נסטלה,FR,דגני פיטנס,גרמים,375.00,100 גרם,false,0,17.90,4.77,true,1,
3387390525960,false,קראנץ' דגני בוקר 500 גרם,נסטלה,FR,קראנץ דגני בוקר,גרמים,500.00,100 גרם,false,0,23.00,4.60,true,1,
3387390730852,false,דגני בוקר פיטנס 375 גרם,נסטלה,FR,דגני פיטנס,גרמים,375.00,100 גרם,false,0,17.90,4.77,true,1,
3415581103281,false,גלידה האגן דאז יח' 415גר,האגן דאז,FR,גלידה האגן דאז יח' 415גר,יחידה,1.00,יחידה,false,0,32.20,32.20,true,1,
3415581106183,false,"גל.פירות יער 473מ""ל",האגן דאז,IL,"גל.פירות יער 473מ""ל",מיליליטרים,473.00,"100 מ""ל",false,8,32.20,6.81,true,1,
3415581117110,false,גלידת קרמל וביסקוויטים,האגן דאז,FR,גלידת קרמל וביסקוויטים,מיליליטרים,500.00,"100 מ""ל",false,0,32.20,6.44,true,1,
3415581121124,false,גל.מנטה ושוקולד 430 גרם,האגן דאז,FR,גל.מנטה ושוקולד 430 גרם,גרמים,430.00,100 גרם,false,0,32.20,7.49,true,1,
3415581133110,false,גל.האגן דאז בננה שוקולד,האגן דאז,FR,גל.האגן דאז בננה שוקולד,גרמים,413.00,100 גרם,false,0,32.20,7.80,true,1,
3415581170184,false,גל.האגן דאז שמנת אוכמנ.,האגן דאז,IL,גל.האגן דאז שמנת אוכמנ.,גרמים,398.00,100 גרם,false,0,32.20,8.09,true,1,
3415581178272,false,גל.שמנת שוקולד עוג500.גר,האגן דאז,FR,גל.שמנת שוקולד עוג500.גר,גרמים,500.00,100 גרם,false,0,32.20,6.44,true,1,
3415581187113,false,גלידת בראוניס וקרמל500מל,האגן דאז,FR,גלידת בראוניס וקרמל500מל,מיליליטרים,500.00,"100 מ""ל",false,0,32.20,6.44,true,1,
3415581188127,false,גלידת שוקולד עם קרמל 500,האגן דאז,FR,גלידת שוקולד עם קרמל 500,מיליליטרים,500.00,"100 מ""ל",false,0,32.20,6.44,true,1,
3415584601128,false,גל.פונדן טעם שוקולד 430ג,האגן דאז,FR,גל.פונדן טעם שוקולד 430ג,גרמים,430.00,100 גרם,false,0,32.20,7.49,true,1,
3439602801413,false,אליאן א.ד.פ,,IL,אליאן א.ד.פ,מיליליטרים,60.00,"100 מ""ל",false,0,712.10,1186.83,true,1,
3574660089547,false,טמפוני או בה נורמל 32 יח,ג'ונסון,DE,טמפוני או בה,יחידה,1.00,יחידה,false,0,32.90,32.90,true,1,
3574660115154,false,32 טמפוני או בה סופר,ג'ונסון,DE,טמפוני או בה,יחידה,1.00,יחידה,false,0,32.90,32.90,true,1,
3574660239973,false,32או בה פרוקומפורט נורמל,ג'ונסון,DE,טמפוני או בה,יחידה,1.00,יחידה,false,0,32.90,32.90,true,1,
3574660292794,false,שמן לתינוק ג'ונסון 500מל,ג'ונסון,IL,שמן לתינוק,מיליליטרים,500.00,"100 מ""ל",false,0,29.80,5.96,true,1,
3574660322576,false,קרפרי רגיל 58 יחידות,ג'ונסון,IT,קרפרי רגיל 58 יחידות,יחידה,1.00,יחידה,false,0,20.20,20.20,true,1,
3574660333466,false,32טמפ. או-בה פרוקומפ.מינ,ג'ונסון,DE,טמפוני או-בה,יחידה,1.00,יחידה,false,0,32.90,32.90,true,1,
3574660463965,false,30קרפרי מגן תחתון כותנה,ג'ונסון,IT,קרפרי מגן תחתון,יחידה,1.00,יחידה,false,0,16.80,16.80,true,1,
3574660464368,false,76 קרפרי אלוורה מגה פאק,ג'ונסון,IT,מגן תחתון קרפרי,יחידה,1.00,יחידה,false,0,22.50,22.50,true,1,
3574660536829,false,ג'ונסון בייבי טלק 500גרם,ג'ונסון,IT,טלק ג'ונסון,גרמים,500.00,100 גרם,false,0,30.20,6.04,true,1,
3574660619652,false,אלסבון ג'ונסון +לחות750מ,ג'ונסון,IT,אל סבון ג'ונסון,מיליליטרים,750.00,"100 מ""ל",false,0,22.00,2.93,true,1,
3574660638325,false,קרם החתלה ג'ונסונס100מל,ג'ונסון,FR,קרם החתלה,מיליליטרים,100.00,"100 מ""ל",false,0,19.10,19.10,true,1,
3574661017495,false,תח. גוף נטרוג'ינה יבש400,ג'ונסון,IL,תחליב גוף,מיליליטרים,400.00,"100 מ""ל",false,0,28.90,7.23,true,1,
3574661069456,false,שמפו גונסונס משאבה750מ,ג'ונסון,IL,שמפו גונסונס,מיליליטרים,750.00,"100 מ""ל",false,0,26.20,3.49,true,1,
3574661136356,false,OBפרוקומפורט +Nמוליך16יח,ג'ונסון,FR,טמפוני או-בה,יחידה,1.00,יחידה,false,0,24.70,24.70,true,1,
3574661141022,false,12תחבושות וניה מקסי לילה,ג'ונסון,BE,תחבושות וניה,יחידה,1.00,יחידה,false,1,24.50,24.50,true,1,
3600521094419,false,קסטינג קרם גלוס מס500',ליברמו,BE,צבע שיער קסטינג,יחידה,1.00,יחידה,false,0,31.90,31.90,true,1,
3600521823866,false,קרם עיניים פעולה משולשת,קלסרואה,DE,קרם עיניים,מיליליטרים,15.00,"100 מ""ל",false,0,55.00,366.67,true,1,
3600522050278,false,סובלים פרש ג'ל ניקוי 150,קלסרואה,FR,ג'ל ניקוי פנים,מיליליטרים,150.00,"100 מ""ל",false,0,30.00,20.00,true,1,
3600522343431,false,ק.לחות פעולה משולש.מאט50,קלסרואה,FR,קרם לחות,מיליליטרים,50.00,"100 מ""ל",false,0,55.00,110.00,true,1,
3600522344032,false,מסכת אלביב טוטל ריפיר300,kozmetik canan,IL,מסכת אלביב,מיליליטרים,300.00,"100 מ""ל",false,0,19.90,6.63,true,1,
3600522344070,false,"מסכת אלביב קולור 300מ""ל",kozmetik canan,IL,מסכת אלביב,מיליליטרים,300.00,"100 מ""ל",false,0,19.90,6.63,true,1,
3600522344155,false,מסכת אלביב ארג'נין 300 מ,kozmetik canan,IL,מסכת אלביב,מיליליטרים,300.00,"100 מ""ל",false,0,19.90,6.63,true,1,
3600523136155,false,"מסכה אלביב 6 שמנים300מ""ל",קוסמטיקס,TR,מסכה אלביב,מיליליטרים,300.00,"100 מ""ל",false,1,19.90,6.63,true,1,
3600523154784,false,שמפו אלביב טוטל ריפר 600,קוסמטיקס,TR,שמפו אלביב,מיליליטרים,600.00,"100 מ""ל",false,1,14.90,2.48,true,1,
3600523154845,false,שמפו אלביב נוטרי גלוס600,קוסמטיקס,TR,שמפו אלביב נוטרי גלוס600,מיליליטרים,600.00,"100 מ""ל",false,1,14.90,2.48,true,1,
3600523154869,false,שמפו אלביב רה-נוטרישן600,קוסמטיקס,TR,שמפו אלביב,מיליליטרים,600.00,"100 מ""ל",false,1,14.90,2.48,true,1,
3600523165742,false,שמפו אלביב 6 שמנים 600מל,קוסמטיקס,TR,שמפו אלביב,מיליליטרים,600.00,"100 מ""ל",false,1,14.90,2.48,true,1,
3600541033399,false,דאודורנט אינבי קול050מ,סופרוקוס,IL,דאו.גרנייה,מיליליטרים,150.00,"100 מ""ל",false,0,11.90,7.93,true,1,
3600541033405,false,דאודורנט ספריי קאלם 150מ,סופרוקוס,IL,דאו.גרנייה,מיליליטרים,150.00,"100 מ""ל",false,0,11.90,7.93,true,1,
3600541033412,false,דאודורנט ספריי דריי 150מ,סופרוקוס,IL,דאו.גרנייה,מיליליטרים,150.00,"100 מ""ל",false,0,11.90,7.93,true,1,
3600541205482,false,פיור אנרגי גרגירים 150מל,סופרויאל,FR,פיור אנרגי גרגירים 150מל,מיליליטרים,150.00,"100 מ""ל",false,0,29.70,19.80,true,1,
3600541205840,false,פיור פירות אנרגטי ג'ל200,קוסמופול,PL,פיור פירות אנרגטי ג'ל200,מיליליטרים,200.00,"100 מ""ל",false,0,29.70,14.85,true,1,
3600541466197,false,"דאודורנט פרו5 סגול150מ""ל",סופרוקוס,FR,דאו.גרנייה,מיליליטרים,150.00,"100 מ""ל",false,1,11.90,7.93,true,1,
3600541466265,false,דאודורנט פרו5 ורוד150מ,סופרוקוס,FR,דאו.גרנייה,מיליליטרים,150.00,"100 מ""ל",false,1,11.90,7.93,true,1,
3600541474406,false,דאודורנט רול פרו5 סגול50,קוסמופול,PL,דאו.גרנייה,מיליליטרים,50.00,"100 מ""ל",false,1,10.00,20.00,true,1,
3600541474499,false,דאודורנט רול פרו5 ורוד50,קוסמופול,PL,דאו.גרנייה,מיליליטרים,50.00,"100 מ""ל",false,1,10.00,20.00,true,1,
3607345095653,false,מארז אדידס,דנשר,ES,מארז אדידס,יחידה,1.00,יחידה,false,0,59.90,59.90,true,1,
3607346373873,false,"נאוטיקה וואיז ספרי150מ""ל",קוטי,ES,נאוטיקה ספריי,מיליליטרים,150.00,"100 מ""ל",false,1,24.70,16.47,true,1,
3607347386308,false,דאו.אדידס מקס ספורט 200,COLEPCCL,IL,דאודורנט אדידס,מיליליטרים,200.00,"100 מ""ל",false,0,15.00,7.50,true,1,
3607349796044,false,אדידס גט רדי א.ד.ט אשה75,COTY,IL,אדידס א.ד.ט,מיליליטרים,75.00,"100 מ""ל",false,0,49.50,66.00,true,1,
3608580730248,false,קונפיטורת דובדבנים 370ג,אנדורס,FR,קונפיטורת דובדבן,גרמים,370.00,100 גרם,false,1,14.90,4.03,true,1,
3608580730286,false,קונפיטורת ארבע פירות370ג,אנדורס,FR,קונפיטורת פירות,גרמים,370.00,100 גרם,false,1,14.90,4.03,true,1,
3608580730323,false,קונפיטורת פטל 370 גרם,אנדורס,FR,קונפיטורת פטל,גרמים,370.00,100 גרם,false,1,14.90,4.03,true,1,
3661163934945,false,דאו.סטיק אדידס דינמיק51ג,COTY,GB,דאודורנט אדידס,גרמים,51.00,100 גרם,false,0,15.00,29.41,true,1,
3661163934983,false,דאו.סטיק אדידס טים פורס,COTY,GB,דאודורנט אדידס,גרמים,51.00,100 גרם,false,0,15.00,29.41,true,1,
3661163970448,false,דאו.אדידס A3 פרש לגבר200,COLEPCCL,PT,דאודורנט אדידס,מיליליטרים,200.00,"100 מ""ל",false,0,15.00,7.50,true,1,
3661164003725,false,דאו.אדידס A3 קונטרול 150,COLEPCCL,ES,דאודורנט אדידס,מיליליטרים,150.00,"100 מ""ל",false,0,15.00,10.00,true,1,
3700230200771,false,בגט צרפתי,International Neuhauser,IL,בגט צרפתי,יחידה,1.00,יחידה,false,0,5.90,5.90,true,1,
3760057971421,false,פייר דומיניור מרלו 750מ,דומיין פייר דומיניור,FR,מרלו פייר דומינ.,מיליליטרים,750.00,"100 מ""ל",false,1,39.90,5.32,true,1,
3800020423578,false,חטיף קיט קאט צ'אנקי40גרם,נסטלה,BG,חטיף קיט קאט,גרמים,40.00,100 גרם,false,0,3.40,8.50,true,1,
4000417022004,false,שוק.ריטר+אגוז+צימוקים100,ריטר,DE,שוקולד ריטר,גרמים,100.00,100 גרם,false,0,9.30,9.30,true,1,
4000417023001,false,שוקולד ריטר חלב שקד100גר,ריטר,DE,שוקולד ריטר,גרמים,100.00,100 גרם,false,0,9.30,9.30,true,1,
4000417025005,false,שוק.ריטר עם מרציפן 100גר,ריטר,DE,שוקולד ריטר,גרמים,100.00,100 גרם,false,0,9.30,9.30,true,1,
4000417224002,false,שוק.ריטר מריר אגוזים100ג,ריטר,DE,שוקולד ריטר,גרמים,100.00,100 גרם,false,0,9.30,9.30,true,1,
4000417260000,false,שוק. ריטר מריר%73 100גרם,ריטר,DE,שוקולד ריטר,גרמים,100.00,100 גרם,false,0,9.30,9.30,true,1,
4000508037351,false,קפה קרונונג פילטר 250גרם,מונדלייז,DE,קפה קרונונג,גרמים,250.00,100 גרם,false,0,25.30,10.12,true,1,
4001518102961,false,פת חיטה 250 גרם,גריסון,DE,פת חיטה,גרמים,250.00,100 גרם,false,0,11.10,4.44,true,1,
4001518106952,false,פת חיטה מלאה 250 גרם,גריסון,DE,פת חיטה מלאה,גרמים,250.00,100 גרם,false,0,11.10,4.44,true,1,
4002448017684,false,"סיליט באנג ספריי 750 מ""ל",רקיט בנקיזר,IL,סיליט באנג ספריי,מיליליטרים,750.00,"100 מ""ל",false,0,10.90,1.45,true,1,
4002448019480,false,סיליט באנג מסיר שומן750מ,רקיט בנקיזר,IT,סיליט באנג,מיליליטרים,750.00,"100 מ""ל",false,0,10.90,1.45,true,1,
4002720005736,false,קפה פילטר מליטה 250 גרם,Kaffee Melitta,DE,קפה פילטר מליטה,גרמים,250.00,100 גרם,false,0,18.40,7.36,true,1,
4005808128273,false,ניוואה ג'ל רחצה לגבר500מ,ביירסדורץ,DE,ניוואה ג'ל רחצה,מיליליטרים,500.00,"100 מ""ל",false,0,15.00,3.00,true,1,
4005808222698,false,קצף גילוח ניוואה רגיש200,ביירסדורץ,IL,קצף גילוח ניוואה,מיליליטרים,200.00,"100 מ""ל",false,0,16.90,8.45,true,1,
4005808236077,false,תח.גוף ניוואה ע.רגיש 500,ביירסדורץ,IL,תחליב גוף ניוואה,מיליליטרים,500.00,"100 מ""ל",false,0,25.00,5.00,true,1,
4005808500000,false,לבלו שפתון ליובש כחול,אלפא קוסמטיקה,DE,לבלו שפתון,יחידה,1.00,יחידה,false,0,12.40,12.40,true,1,
4005808702169,false,תחליב גוף ניוואה רגיל500,ביירסדורץ,IL,תחליב גוף ניוואה,מיליליטרים,500.00,"100 מ""ל",false,0,25.00,5.00,true,1,
4005808781935,false,ג'ל רחצה פאוור רפרש500מל,ביירסדורץ,IL,ג'ל רחצה ניוואה,מיליליטרים,500.00,"100 מ""ל",false,0,15.00,3.00,true,1,
4005808813001,false,תחל.לאחר גילוח מרענן100מ,ביירסדורץ,DE,אפטר שייב ניוואה,מיליליטרים,100.00,"100 מ""ל",false,0,39.90,39.90,true,1,
4005808813063,false,תחל.לאחר גילוח-ע.רגיש100,ביירסדורץ,DE,ניוואה אפטר שייב,מיליליטרים,100.00,"100 מ""ל",false,0,39.90,39.90,true,1,
4005808817726,false,ניוואה קרם גילוח לגבר100,ביירסדורץ,DE,קרם גילוח לגבר,מיליליטרים,100.00,"100 מ""ל",false,0,13.10,13.10,true,1,
4005808837137,false,קרם לחות אנטי אייג' 50מל,ביירסדורץ,IL,קרם לחות,מיליליטרים,50.00,"100 מ""ל",false,0,49.90,99.80,true,1,
4005808850716,false,שפתון לבלו,,,שפתון לבלו,יחידה,1.00,יחידה,false,0,12.90,12.90,true,1,
4005808850723,false,שפתון לבלו,,,שפתון לבלו,יחידה,1.00,יחידה,false,0,12.90,12.90,true,1,
4005900085597,false,קרם רחצה ניוואה מטפח 750,ביירסדורץ,IL,קרם רחצה ניוואה,מיליליטרים,750.00,"100 מ""ל",false,0,15.00,2.00,true,1,
4006067060977,false,קפה נמס אספרסו דוידוף100,מ.דוידס,PL,קפה נמס אספרסו,גרמים,100.00,100 גרם,false,0,21.70,21.70,true,1,
4006067084225,false,קפה נמס ארומה עשירה100גר,מ.דוידס,PL,קפה נמס דוידוף,גרמים,100.00,100 גרם,false,0,21.70,21.70,true,1,
4006067084300,false,קפה נמס ארומה מעודנת100ג,מ.דוידס,PL,קפה נמס דוידוף,גרמים,100.00,100 גרם,false,0,21.70,21.70,true,1,
4006508200009,false,מליטה 40 נייר פילטר מס2',Kaffee Melitta,DE,נייר לקפה פילטר,יחידה,1.00,יחידה,false,0,8.90,8.90,true,1,
4006952005731,false,עוגיות קרמל ללא גלוטן125,שופרסל,DE,עוגיות ללא גלוטן,גרמים,125.00,100 גרם,false,0,11.90,9.52,true,1,
4006952005779,false,עוג.סנדוויץ ממולא ל.ג300,קופרנט פיינבק ג'י אם בי,DE,עוגיות סנדוויץ,גרמים,300.00,100 גרם,false,1,13.90,4.63,true,1,
4008102002867,false,מילפורד משקה לימון400גרם,O.T.G,DE,משקה לימון,גרמים,400.00,100 גרם,false,0,14.40,3.60,true,1,
4008287058222,false,בירה קרומבאכר פילס 330מל,שמן זית אליעד,DE,בירה קרומבאכר,מיליליטרים,330.00,"100 מ""ל",false,0,9.90,3.00,true,1,
4008400221021,false,קינדר מקסי 10יח210('גרם),פררו - אלבה,IT,קינדר מקסי,גרמים,210.00,100 גרם,false,0,17.90,8.52,true,1,
4008500006337,false,אוטן פמלי קייר סטיק 50 מ,ג'ונסון,IL,אוטן סטיק,מיליליטרים,50.00,"100 מ""ל",false,0,17.90,35.80,true,1,
4009300522935,false,תה ירוק לימונית+לואיזה20,טייקנה,DE,תה ירוק לואיזה,גרמים,30.00,100 גרם,false,0,19.70,65.67,true,1,
4009300524588,false,חליטת פירות יער3גרם20Xשק,טייקנה,IL,חליטת פירות יער,גרמים,60.00,100 גרם,false,0,17.60,29.33,true,1,
4009300526438,false,תה ירוק קלאסי 20 שקיקים,טייקנה,DE,תה ירוק פומפדור,גרמים,30.00,100 גרם,false,0,19.70,65.67,true,1,
4009900385824,false,מארז סטיקס פפרמינט 5 יח',ריגלי,FR,מארז אורביט,גרמים,65.00,100 גרם,false,0,8.90,13.69,true,1,
4009900387101,false,אורביט פרופשיונל מנטה3יח,ריגלי,PL,אורביט שלישיה,גרמים,42.00,100 גרם,false,0,8.90,21.19,true,1,
4009900405713,false,איירווייז מיני אניס+מנ42,ריגלי,PL,איירווייז מיני,גרמים,42.00,100 גרם,false,0,5.70,13.57,true,1,
4009900444743,false,אורביט פפרמינט מעטפה3X27,ריגלי,FR,מארז אורביט,גרמים,81.00,100 גרם,false,0,14.80,18.27,true,1,
4009900455299,false,סוכריות סקיטלס פירות174ג,ריגלי,CZ,סוכריות סקיטלס,גרמים,174.00,100 גרם,false,0,8.80,5.06,true,1,
4009900463201,false,סוכ.סקיטלס פירות יער174ג,ריגלי,CZ,סוכריות סקיטלס,גרמים,174.00,100 גרם,false,1,8.80,5.06,true,1,
4009900465304,false,סוכריות סקיטלס חמוץ174גר,ריגלי,CZ,סוכריות סקיטלס,גרמים,174.00,100 גרם,false,0,8.80,5.06,true,1,
4009900487283,false,אורביט סטיקס פירות 5יח',ריגלי,FR,מארז אורביט,גרמים,65.00,100 גרם,false,0,8.90,13.69,true,1,
4009900488709,false,מיני וויט מנטה3י14*גרם,ריגלי,PL,אורביט מיני וויט,גרמים,42.00,100 גרם,false,0,5.70,13.57,true,1,
4009900488891,false,מיני וויט פירות3יח14*גרם,ריגלי,PL,אורביט מיני וויט,גרמים,42.00,100 גרם,false,0,5.70,13.57,true,1,
4009900503952,false,אורביט בבלמינט grab&go,ריגלי,PL,מסטיק אורביט,גרמים,56.00,100 גרם,false,1,10.90,19.46,true,1,
4009900504126,false,אורביט פפרמינט grab&go,ריגלי,PL,מסטיק אורביט,גרמים,56.00,100 גרם,false,1,10.90,19.46,true,1,
4011100001220,false,מיני מרס בשקית 403 גרם,לינדט ושפרונגלי קילשברג,IL,מיני מרס,גרמים,403.00,100 גרם,false,0,20.90,5.19,true,1,
4011100002227,false,מיני באונטי בשקית 403גרם,לינדט ושפרונגלי קילשברג,NL,מיני באונטי,גרמים,403.00,100 גרם,false,0,20.90,5.19,true,1,
4011800251550,false,קונפיטורת דובדבן שחור340,Schwartauer,IL,קונפיטורת דובדבן,גרמים,340.00,100 גרם,false,0,14.90,4.38,true,1,
4011800567613,false,קורני סנדוויץ שחור לבן4י,Schwartauer,IL,קורני סנדוויץ,גרמים,120.00,100 גרם,false,0,13.90,11.58,true,1,
4011800628512,false,קורני חט.דגנים+שוקולד6יח,Schwartauer,DE,קורני חטיף דגנים,גרמים,150.00,100 גרם,false,0,13.90,9.27,true,1,
4011800630515,false,קורני 6חט.דגנים+שוק+בננה,Schwartauer,DE,קורני חטיף דגנים,גרמים,150.00,100 גרם,false,0,13.90,9.27,true,1,
4011800633516,false,6קורני+שוק.מריר58% קקאו,Schwartauer,IL,קורני חטיף דגנים,גרמים,138.00,100 גרם,false,0,13.90,10.07,true,1,
4013227013414,false,"פינה קולדה 700 מ""ל",קוימנס רויאל,CL,פינה קולדה,מיליליטרים,700.00,"100 מ""ל",false,0,44.90,6.41,true,1,
4014400400007,false,טופיפי 125 גרם,שטורק,DE,טופיפי,גרמים,125.00,100 גרם,false,0,10.00,8.00,true,1,
4014400901191,false,בונבוניירה מרסי 250 גרם,שטורק,DE,בונבוניירת מרסי,גרמים,250.00,100 גרם,false,0,27.30,10.92,true,1,
4014400904390,false,סוכ.ממולאות טעם חלב325גר,שטורק,DE,סוכר.ממולאות,גרמים,325.00,100 גרם,false,0,19.60,6.03,true,1,
4014400907902,false,סוכ.וורטר ל.סוכר בוקס42ג,שטורק,DE,סוכריות וורטר,גרמים,42.00,100 גרם,false,0,6.20,14.76,true,1,
4014400910063,false,סוכריות חמאה וורטר135גרם,שטורק,DE,סוכריות וורטר,גרמים,135.00,100 גרם,false,0,8.00,5.93,true,1,
4014400914252,false,שוק.מרסי אגוז לוז+שקד100,שטורק,DE,שוקולד מרסי,גרמים,100.00,100 גרם,false,1,10.00,10.00,true,1,
4014400914276,false,שוק.מרסי מריר מעולה100ג,שטורק,DE,שוקולד מרסי,גרמים,100.00,100 גרם,false,1,10.00,10.00,true,1,
4014400914696,false,סוכ.חמאה וורטר ל.סוכר80ג,שטורק,DE,סוכריות וורטר,גרמים,80.00,100 גרם,false,0,8.50,10.63,true,1,
4014400916744,false,שוקולד מרסי מרציפן 112ג,שטורק,DE,שוקולד מרסי,גרמים,112.00,100 גרם,false,1,10.00,8.93,true,1,
4014400916751,false,שוקולד מרסי קרם נוגט112ג,שטורק,DE,שוקולד מרסי,גרמים,112.00,100 גרם,false,1,10.00,8.93,true,1,
4015000615891,false,דאו.ספריי FA אקווה 200מל,הנקל סוד,DE,דאודורנט FA,מיליליטרים,200.00,"100 מ""ל",false,0,10.90,5.45,true,1,
4015000615921,false,דאו.ספריי FA פור מאן200מ,הנקל סוד,DE,דאודורנט FA,מיליליטרים,200.00,"100 מ""ל",false,0,10.90,5.45,true,1,
4015000941013,false,מסיכה גליס אולטימייטריפר,הנקל סוד,DE,מסיכה גליס,מיליליטרים,200.00,"100 מ""ל",false,0,24.90,12.45,true,1,
4015000976268,false,גליס שמפו מיליון גלוס400,הנקל סוד,DE,שמפו גליס,מיליליטרים,400.00,"100 מ""ל",false,0,13.90,3.48,true,1,
4015000995122,false,דאו. פה כח המשיכה 200 מל,הנקל סוד,DE,דאודורנט פה,מיליליטרים,200.00,"100 מ""ל",false,0,10.90,5.45,true,1,
4015000996259,false,גליס מסכה אויל אליקסי200,הנקל סוד,IL,מסכת גליס,מיליליטרים,200.00,"100 מ""ל",false,0,24.90,12.45,true,1,
4015001011371,false,"פה ספריי פרש&דריי 200מ""ל",הנקל סוד,DE,דאודורנט פה,מיליליטרים,200.00,"100 מ""ל",false,1,10.90,5.45,true,1,
4015400057369,false,12 אולוויז עבה לילה,פרוקטר & גמבל,DE,תחבושות אולוויז,יחידה,1.00,יחידה,false,0,14.40,14.40,true,1,
4015400285809,false,20 טמפקס קומפאק רגולר,פרוקטר & גמבל,HU,טמפקס קומפאק,יחידה,1.00,יחידה,false,0,26.00,26.00,true,1,
4015400286059,false,20 טמפקס קומפאק סופר,פרוקטר & גמבל,HU,טמפקס קומפאק,יחידה,1.00,יחידה,false,0,26.00,26.00,true,1,
4015400428657,false,15 אולוויז עבה לונג+,פרוקטר & גמבל,DE,15 אולוויז עבה לונג+,יחידה,1.00,יחידה,false,0,14.40,14.40,true,1,
4015400428688,false,16 אולוויז עבה נורמל+,פרוקטר & גמבל,DE,תחבושות אולוויז,יחידה,1.00,יחידה,false,0,14.40,14.40,true,1,
4015400556916,false,80מגני תח.אולוייז מגה פק,פרוקטר & גמבל,DE,מגן תחתון אולויז,יחידה,1.00,יחידה,false,0,21.90,21.90,true,1,
4015400598329,false,56אולוויז קוואטרו נורמל+,פרוקטר & גמבל,IL,תחבושות אולוויז,יחידה,1.00,יחידה,false,0,36.90,36.90,true,1,
4015400649809,false,36פמפרס אקטיב בייבי שלב5,פרוקטר & גמבל,IL,חיתולי פמפרס,יחידה,1.00,יחידה,false,0,49.50,49.50,true,1,
4015400655268,false,60 אולוויז טוויטס מגה L,פרוקטר & גמבל,IL,מגן תחתון אולויז,יחידה,1.00,יחידה,false,0,26.70,26.70,true,1,
4015400657149,false,72אולוויז טוויטס מגה N,פרוקטר & גמבל,IL,מגן תחתון אולויז,יחידה,1.00,יחידה,false,0,26.70,26.70,true,1,
4015400681670,false,18אולוייז לילה וליו פק,,,תחבושות אולוייז,יחידה,1.00,יחידה,false,0,22.90,22.90,true,1,
4015400687696,false,22 פמפרס פרימיום שלב 1,פרוקטר & גמבל,IL,פמפרב פרימיום,יחידה,1.00,יחידה,false,1,21.90,21.90,true,1,
4015400699811,false,28תח.אולוייז דואו נורמל+,,,תחבושות אולוייז,יחידה,1.00,יחידה,false,0,22.90,22.90,true,1,
4015400699958,false,32 תח.אולוייז משי נורמל,,,תחבושות אולוייז,יחידה,1.00,יחידה,false,0,22.90,22.90,true,1,
4015400700272,false,20 תח.אולוייז דואו לילה,,,תחבושות אולוייז,יחידה,1.00,יחידה,false,0,22.90,22.90,true,1,
4015400715290,false,טמפקס קומפאק סופר+ 22 יח,פרוקטר & גמבל,HU,טמפקס קומפאק,יחידה,1.00,יחידה,false,1,26.00,26.00,true,1,
4015400715320,false,טמפקס קומפאק רגולר 22 יח,פרוקטר & גמבל,HU,טמפקס קומפאק,יחידה,1.00,יחידה,false,1,26.00,26.00,true,1,
4015400715443,false,טמפקס קומפאק סופר 22 יחי,פרוקטר & גמבל,HU,טמפקס קומפאק,יחידה,1.00,יחידה,false,1,26.00,26.00,true,1,
4015400737070,false,90פמפרס אקטיב בייבי שלב4,פרוקטר & גמבל,PL,חיתולי פמפרס,יחידה,1.00,יחידה,false,1,84.90,84.90,true,1,
4015400737117,false,78פמפרס אקטיב בייבי שלב5,פרוקטר & גמבל,PL,חיתולי פמפרס,יחידה,1.00,יחידה,false,1,84.90,84.90,true,1,
4015400737155,false,66פמפרס אקטיב בייבי שלב6,פרוקטר & גמבל,PL,חיתולי פמפרס,יחידה,1.00,יחידה,false,1,84.90,84.90,true,1,
4015400745334,false,72 פמפרס מכנסונים מידה 4,פרוקטר & גמבל,PL,מכנסוני פמפרס,יחידה,1.00,יחידה,false,1,85.20,85.20,true,1,
4015400824749,false,טמפקס פלאש סופר פלוס30יח,פרוקטר & גמבל,UA,טמפקס פלאש,יחידה,1.00,יחידה,false,0,31.60,31.60,true,1,
4015600581992,false,65טבליות פיירי הכל ב1,פרוקטר & גמבל,GB,טבליות למדיח,יחידה,1.00,יחידה,false,0,42.90,42.90,true,1,
4015600582319,false,50טבליות פיירי פלטינום,פרוקטר & גמבל,GB,טבליות למדיח,יחידה,1.00,יחידה,false,0,42.90,42.90,true,1,
4015600609146,false,פנטן מסכה לשיער שמן 200מ,פרוקטר & גמבל,IL,מסיכה פנטן,מיליליטרים,200.00,"100 מ""ל",false,0,25.90,12.95,true,1,
4015600763251,false,שמפו הד&שולדרס קלאסי 600,פרוקטר & גמבל,IL,שמפו הד&שולדרס,מיליליטרים,600.00,"100 מ""ל",false,0,23.90,3.98,true,1,
4015600763299,false,"הד&שולדרס 2ב1- 600 מ""ל",פרוקטר & גמבל,IL,שמפו הד&שולדרס,מיליליטרים,600.00,"100 מ""ל",false,0,23.90,3.98,true,1,
4015600763459,false,שמפו הד&שולדרס תפוח 600,פרוקטר & גמבל,IL,שמפו הד&שולדרס,מיליליטרים,600.00,"100 מ""ל",false,0,23.90,3.98,true,1,
4015600763534,false,הד&שולדרס מגע משי 600מ,פרוקטר & גמבל,IL,שמפו הד&שולדרס,מיליליטרים,600.00,"100 מ""ל",false,0,23.90,3.98,true,1,
4015600768966,false,הד&שולדרס עם לחות 600מ,פרוקטר & גמבל,IL,שמפו הד&שולדרס,מיליליטרים,600.00,"100 מ""ל",false,0,23.90,3.98,true,1,
4015600807436,false,דאו.ג'ל PB-CW-,פרוקטר & גמבל,IL,דאודורנט ג'ל,מיליליטרים,75.00,"100 מ""ל",false,0,33.80,45.07,true,1,
4015600815318,false,שמפו פנטן מגע קטיפתי600מ,פרוקטר & גמבל,FR,שמפו פנטן,מיליליטרים,600.00,"100 מ""ל",false,0,21.90,3.65,true,1,
4015600815356,false,מרכך פנטן למגע משי 600 מ,פרוקטר & גמבל,FR,מרכך פנטן,מיליליטרים,600.00,"100 מ""ל",false,0,21.90,3.65,true,1,
4015600815394,false,"פנטן 2ב1 מגע משי 600 מ""",פרוקטר & גמבל,FR,פנטן 2ב1 מגע משי,מיליליטרים,600.00,"100 מ""ל",false,0,21.90,3.65,true,1,
4015600815554,false,מרכך פנטן נוסחה קלאס600.,פרוקטר & גמבל,FR,מרכך פנטן,מיליליטרים,600.00,"100 מ""ל",false,0,21.90,3.65,true,1,
4015600815592,false,שמפו+מרכך פנטן קלאסי600מ,פרוקטר & גמבל,FR,שמפו + מרכך פנטן,מיליליטרים,600.00,"100 מ""ל",false,0,21.90,3.65,true,1,
4015600815677,false,"מרכך פנטן טבע 600 מ""ל",פרוקטר & גמבל,FR,מרכך פנטן טבע,מיליליטרים,600.00,"100 מ""ל",false,0,21.90,3.65,true,1,
4015600889333,false,סרום פנטן שמן משקם 100מל,פרוקטר & גמבל,IL,סרום שמן משקם,מיליליטרים,100.00,"100 מ""ל",false,0,32.70,32.70,true,1,
4017100210105,false,גלילי ופל ופלטן מריר100ג,באלסן,DE,וופלטן מריר,גרמים,100.00,100 גרם,false,1,12.90,12.90,true,1,
4017100219900,false,גלילי ופל חלב וופלטן100ג,באלסן,DE,גלילי ופל וופל,גרמים,100.00,100 גרם,false,0,12.90,12.90,true,1,
4017100290008,false,ביסקוויט שוקולד חלב125ג,באלסן,DE,ביסקוויט שוקולד,גרמים,125.00,100 גרם,false,0,12.90,10.32,true,1,
4017100291005,false,ביסקוויט שוקולד מריר125ג,באלסן,DE,ביסקוויט שוקולד,גרמים,125.00,100 גרם,false,0,12.90,10.32,true,1,
4017100356513,false,היט מיניס שחור לבן 130גר,באלסן,PL,היט מיניס,גרמים,130.00,100 גרם,false,1,6.30,4.85,true,1,
4017100364112,false,עוג.סנדוויץ היט קקאו220ג,באלסן,PL,עוגיות סנדוויץ,גרמים,220.00,100 גרם,false,1,7.90,3.59,true,1,
4033100014499,false,אל די כחול חפיסה,jti,TR,אל די כחול חפיסה,יחידה,1.00,יחידה,false,0,26.50,26.50,false,1,
4033100024146,false,סיגריות ווינסטון קוד,jti,CH,סיגריות ווינסטון,יחידה,1.00,יחידה,false,0,31.50,31.50,false,1,
4043400204988,false,מגב לחלונות,המברשת רוחמה,IL,מגב לחלונות,יחידה,1.00,יחידה,false,0,14.20,14.20,true,1,
4043400522020,false,מברשת רולר,המברשת רוחמה,IL,מברשת רולר,יחידה,1.00,יחידה,false,0,11.00,11.00,true,1,
4045787068245,false,פרוטאין קולור מס1000.0',הנקל סוד,DE,פרוטאין קולור,יחידה,1.00,יחידה,false,0,13.90,13.90,true,1,
4045787068283,false,פרוטאין קולור מס1.1',הנקל סוד,DE,פרוטאין קולור,יחידה,1.00,יחידה,false,0,13.90,13.90,true,1,
4046234767650,false,קפה צ'יבו גולד סלקשין200,צ'יבו,PL,קפה צ'יבו,גרמים,200.00,100 גרם,false,1,19.80,9.90,true,1,
4046234794885,false,קפה צ'יבו בלאק נוויט200ג,צ'יבו,PL,קפה צ'יבו,גרמים,200.00,100 גרם,false,1,19.80,9.90,true,1,
4052197000017,false,"בירה בנדיקטינר 500 מ""ל",בנדיקטינר וויצבראו,DE,בירה בנדיקטינר,מיליליטרים,500.00,"100 מ""ל",false,0,11.80,2.36,true,1,
4052197000468,false,בירה בנדקטינר500*3מ +כוס,בנדיקטינר וויצבראו,DE,בירה בנדקטינר3יח,ליטרים,1.50,ליטר,false,1,29.90,19.93,true,1,
4052197000925,false,"בירה בנדיקטינר כהה500מ""ל",בנדיקטינר וויצבראו,DE,בירה בנדיקטינר,מיליליטרים,500.00,"100 מ""ל",false,0,11.80,2.36,true,1,
4053700292455,false,ויט 12רצועות שעווה צמחית,רקיט בנקיזר,FR,רצועות שעווה ויט,יחידה,1.00,יחידה,false,0,24.90,24.90,true,1,
4056800563050,false,וולפלקס מוס מתולתל 200,פרוקטר & גמבל,DE,וולהפלקס מוס,מיליליטרים,200.00,"100 מ""ל",false,0,29.10,14.55,true,1,
4056800943739,false,"חמצן וולה 6% 60 מ""ל",פרוקטר & גמבל,FR,חמצן וולה 6%,מיליליטרים,60.00,"100 מ""ל",false,0,5.10,8.50,true,1,
4056800943791,false,"חמצן וולה 9% 60 מ""ל",פרוקטר & גמבל,FR,חמצן וולה9%,מיליליטרים,60.00,"100 מ""ל",false,0,5.10,8.50,true,1,
4062400543125,false,טקילה סיירה זהב רפסדו700,מזקקת סיארה אונידס,MX,טקילה סיירה,מיליליטרים,700.00,"100 מ""ל",false,0,89.90,12.84,true,1,
4072700001188,false,בירה פרנסיסקאנר,,DE,בירה פרנסיסקאנר,מיליליטרים,500.00,"100 מ""ל",false,0,9.90,1.98,true,1,
4072700003649,false,בירה פרנסיסקאנר,,DE,בירה פרנסיסקאנר,מיליליטרים,500.00,"100 מ""ל",false,0,9.90,1.98,true,1,
4084500065598,false,פנטן קרם לחות לתלתלים300,פרוקטר & גמבל,IL,קרם לשיער פנטן,מיליליטרים,300.00,"100 מ""ל",false,0,22.80,7.60,true,1,
4084500088917,false,פיירי לכלים לימון650מל,פרוקטר & גמבל,IL,פיירי נוזל לכלים,מיליליטרים,650.00,"100 מ""ל",false,0,10.90,1.68,true,1,
4084500513570,false,אריאל נח.הרים2.47ל,פרוקטר & גמבל,IL,אריאל ג'ל,ליטרים,2.47,ליטר,false,0,31.90,12.91,true,1,
4084500513723,false,אריאל ג'ל נח.מרענן2.47ל,פרוקטר & גמבל,IL,אריאל ג'ל נח.מרענן2.47ל,ליטרים,2.47,ליטר,false,0,31.90,12.91,true,1,
4084500513792,false,אריאל ג'ל סנסטיב 2.47 לי,פרוקטר & גמבל,IL,אריאל ג'ל סנסטיב,ליטרים,2.47,ליטר,false,1,31.90,12.91,true,1,
4084500514027,false,אריאל ג'ל נח.הרים 3.95ל,פרוקטר & גמבל,IL,אריאל ג'ל,ליטרים,3.95,ליטר,false,0,39.90,10.10,true,1,
4084500853553,false,פיירי אורגינל 650מל,פרוקטר & גמבל,GB,נוזל כלים פיירי,מיליליטרים,650.00,"100 מ""ל",false,1,10.90,1.68,true,1,
4084500853690,false,פיירי תפוז 650מל,פרוקטר & גמבל,GB,נוזל כלים פיירי,מיליליטרים,650.00,"100 מ""ל",false,1,10.90,1.68,true,1,
4084500853836,false,"פיירי ורדים ומשי 515 מ""ל",פרוקטר & גמבל,GB,פיירי נוזל לכלים,מיליליטרים,515.00,"100 מ""ל",false,1,10.90,2.12,true,1,
4084500853898,false,פיירי אלוורה/מלפפונים515,פרוקטר & גמבל,GB,פיירי נוזל לכלים,מיליליטרים,515.00,"100 מ""ל",false,1,10.90,2.12,true,1,
4084500854048,false,פיירי לימון 1.24ל,פרוקטר & גמבל,GB,נוזל כלים פיירי,ליטרים,1.24,ליטר,false,1,15.90,12.82,true,1,
4084500920880,false,פיירי קלאסי 1.24ל,פרוקטר & גמבל,GB,נוזל כלים פיירי,ליטרים,1.24,ליטר,false,1,15.90,12.82,true,1,
4100130937163,false,"בירה בקס 275*6 מ""ל",CO AND BECK,DE,בירה בקס 6 בקבוק,ליטרים,1.65,ליטר,false,1,29.90,18.12,true,1,
4101730040024,false,שוקולד פיסטוק מוצרט100ג,רבר,DE,שוקולד מוצרט,גרמים,100.00,100 גרם,false,1,10.00,10.00,true,1,
4101730040048,false,שוקולד נוגט מוצרט 100גרם,רבר,DE,שוקולד מוצרט,גרמים,100.00,100 גרם,false,1,10.00,10.00,true,1,
4139000105586,false,רוטב סויה קיקומן דל נתרן,קיקומן פודז אינק,US,רוטב סויה קיקומן,מיליליטרים,296.00,"100 מ""ל",false,1,24.00,8.11,true,1,
4260272980073,false,"חטיף תפו""א עם מלח 110גרם",co & gmbh snack Aroma,DE,חטיף תפוחי אדמה,גרמים,110.00,100 גרם,false,0,11.90,10.82,true,1,
4260272980103,false,חטיף תפוחי אדמה+צ'ילי110,co & gmbh snack Aroma,DE,חטיף תפוחי אדמה,גרמים,110.00,100 גרם,false,0,11.90,10.82,true,1,
4600659010854,false,"וודקה סטוליצ'ניה 700 מ""ל",אס פי איי,RU,וודקה סטוליצ'ניה,מיליליטרים,700.00,"100 מ""ל",false,0,64.90,9.27,true,1,
4603400000043,false,וודקה רוסקי,,,וודקה רוסקי,מיליליטרים,700.00,"100 מ""ל",false,0,64.90,9.27,true,1,
4607026530212,false,כוסמת,,,כוסמת,גרמים,900.00,100 גרם,false,0,14.90,1.66,true,1,
4751004281181,false,שפרוטים,,,שפרוטים,גרמים,240.00,100 גרם,false,0,7.90,3.29,true,1,
4751005700643,false,פילה הרינג במיץ טבעי170ג,PIEJURA,LV,פילה הרינג,גרמים,170.00,100 גרם,false,1,6.90,4.06,true,1,
4800888148957,false,דאו.רקסונה רול און טלק50,יוניליוור,PH,דאודורנט רקסונה,מיליליטרים,50.00,"100 מ""ל",false,0,18.70,37.40,true,1,
4800888150080,false,דאו.דאב רול און ירוק 50,יוניליוור,IL,דאודורנט דאב,מיליליטרים,50.00,"100 מ""ל",false,0,23.20,46.40,true,1,
4800888150103,false,דאו.דאב רול און כחול 50,יוניליוור,IL,דאודורנט דאב,מיליליטרים,50.00,"100 מ""ל",false,0,23.20,46.40,true,1,
4800888160447,false,רקסונה רול און פאודר25מל,יוניליוור,TR,דאו.רקסונה,מיליליטרים,25.00,"100 מ""ל",false,0,5.00,20.00,true,1,
4800888175496,false,דאו.דאב מן פרש רול און50,יוניליוור,IL,דאודורנט דאב מן,מיליליטרים,50.00,"100 מ""ל",false,0,23.70,47.40,true,1,
4800888183149,false,דאב דאו' רולאון ביוטי50מ,יוניליוור,IL,דאו.דאב רול און,מיליליטרים,50.00,"100 מ""ל",false,0,23.20,46.40,true,1,
4800888185440,false,דאו.דאב רולאון ללא סימ50,יוניליוור,PH,דאודורנט דאב,מיליליטרים,50.00,"100 מ""ל",false,0,23.20,46.40,true,1,
4800888542854,false,רקסונה רול און לינן דר50,יוניליוור,TR,דאו.רקסונה,מיליליטרים,50.00,"100 מ""ל",false,0,18.70,37.40,true,1,
4801234145125,false,גלייד נ.גז אושן בריז400מ,ג'ונסון,IL,מטהר אוויר גלייד,מיליליטרים,400.00,"100 מ""ל",false,0,15.00,3.75,true,1,
4820060254153,false,וודקה בלגוף דאבל אספרסו,"אימיג' הולדינג בע""מ",UA,וודקה בלגוף,מיליליטרים,700.00,"100 מ""ל",false,1,39.90,5.70,true,1,
4891135400133,false,הפי פחמים,,,הפי פחמים,קילוגרמים,3.60,"ק""ג",false,0,39.00,10.83,true,1,
4891228430047,false,10 ס.גילוח אקסטרא 2 רגיש,שיק,CN,סכיני גילוח,יחידה,1.00,יחידה,false,0,19.90,19.90,true,1,
4891228430085,false,4 סכיני גילוח אקסטרים3-,שיק,IL,סכיני גילוח,יחידה,1.00,יחידה,false,0,15.90,15.90,true,1,
4891228460174,false,4 ס.גילוח קווטרו טיטניום,שיק,DE,סכין גילוח,יחידה,1.00,יחידה,false,0,44.10,44.10,true,1,
4891228460242,false,שיק קווטרו טיטניום נשים,שיק,CN,סכיני גילוח נשים,יחידה,1.00,יחידה,false,0,31.00,31.00,true,1,
4902430614450,false,2 אדוונטג' סופט35 להלבנה,פרוקטר & גמבל,IL,2 מברשות שיניים,יחידה,1.00,יחידה,false,1,26.90,26.90,true,1,
4903001904192,false,"רוטב סויה יאמאסה 500 מ""ל",יאמאסה,JP,רוטב סויה יאמאסה,מיליליטרים,500.00,"100 מ""ל",false,0,19.90,3.98,true,1,
4903001904208,false,רוט.סויה יאמסה פרימיום1ל,יאמאסה,JP,רוטב סויה יאמסה,ליטרים,1.00,ליטר,false,0,34.90,34.90,true,1,
5000127163195,false,קלוג'ס ספיישל K 500 גרם,קלוג'ס,GB,קלוג'ס ספיישלK,גרמים,500.00,100 גרם,false,0,27.70,5.54,true,1,
5000146401568,false,וולייט 10 דפים שומרי צבע,רקיט בנקיזר,US,וולייט דפים,יחידה,1.00,יחידה,false,0,13.90,13.90,true,1,
5000146980322,false,קרם הסרת שיער פרחים 100מ,רקיט בנקיזר,FR,קרם להסרת שיער,מיליליטרים,100.00,"100 מ""ל",false,0,19.90,19.90,true,1,
5000159029469,false,סוכריות סקיטלס תפזורת198,ריגלי,CZ,סוכריות סקיטלס,גרמים,198.00,100 גרם,false,1,12.90,6.52,true,1,
5000159376655,false,סוכריות סקיטלס פירות38ג,ריגלי,CZ,סוכריות סקיטלס,גרמים,38.00,100 גרם,false,0,2.90,7.63,true,1,
5000159376792,false,סוכריות סקיטלס חמוץ 38 ג,ריגלי,CZ,סוכריות סקיטלס,גרמים,38.00,100 גרם,false,0,2.90,7.63,true,1,
5000159407236,false,חטיף מרס 51 גרם,מרס,NL,חטיף מרס,גרמים,51.00,100 גרם,false,0,3.90,7.65,true,1,
5000159409179,false,מיני סניקרס בשקית 403 גר,מרס,DE,מיני סניקרס,גרמים,403.00,100 גרם,false,0,20.90,5.19,true,1,
5000159442572,false,מיני טוויקס בשקית 403גרם,מרס,DE,מיני טוויקס,גרמים,403.00,100 גרם,false,0,20.90,5.19,true,1,
5000159452977,false,מיני מיקס בשקית 400 גרם,מרס,DE,מיני מיקס,גרמים,400.00,100 גרם,false,0,20.90,5.23,true,1,
5000159459228,false,חטיף טוויקס 50 גרם,מרס,NL,חטיף טוויקס,גרמים,50.00,100 גרם,false,0,3.90,7.80,true,1,
5000159461122,false,חטיף סניקרס 50 גרם,מרס,NL,חטיף סניקרס,גרמים,50.00,100 גרם,false,0,3.90,7.80,true,1,
5000159473880,false,מיני סניקרס בשקית 187גרם,מרס,IT,מיני סניקרס,גרמים,187.00,100 גרם,false,0,15.80,8.45,true,1,
5000198285505,false,משחה פרדונטקס ג'ל 50 גרם,גלקסוסמיתקליין,GB,משחת שיניים,מיליליטרים,50.00,"100 מ""ל",false,0,20.90,41.80,true,1,
5000204657883,false,קיווי משחה חומה50מל,ג'ונסון,FR,קיווי משחה בחום,מיליליטרים,50.00,"100 מ""ל",false,0,5.90,11.80,true,1,
5000204657913,false,קיווי משחה שחורה50מל,ג'ונסון,FR,קיווי משחה בשחור,מיליליטרים,50.00,"100 מ""ל",false,0,5.90,11.80,true,1,
5000204690026,false,פלדג' 5 ב1- קלאסיק 250מל,ג'ונסון,NL,פלדג' 5 ב1-,מיליליטרים,250.00,"100 מ""ל",false,0,10.00,4.00,true,1,
5000207004172,false,פדים להנקה ג'ונסון 30יח',ג'ונסון,FR,רפידות הנקה,יחידה,1.00,יחידה,false,0,23.60,23.60,true,1,
5000213000359,false,"בירה גינס 330 מ""ל",תשלובת גינס,IE,בירה גינס,מיליליטרים,330.00,"100 מ""ל",false,1,13.80,4.18,true,1,
5000213014905,false,"בירה גינס פחית 440 מ""ל",קרלסברג ישראל,IE,בירה גינס פחית,מיליליטרים,440.00,"100 מ""ל",false,0,15.80,3.59,true,1,
5000267014234,false,ג'וני ווקר אדום,,,ג'וני ווקר אדום,מיליליטרים,700.00,"100 מ""ל",false,0,79.90,11.41,true,1,
5000267024202,false,ויסקי ג'וני ווקר,,,ויסקי ג'וני ווקר,מיליליטרים,700.00,"100 מ""ל",false,0,119.90,17.13,true,1,
5000267024233,false,ויסקי ג'וני ווקר,,IL,ויסקי ג'וני ווקר,מיליליטרים,700.00,"100 מ""ל",false,0,119.90,17.13,true,1,
5000347073540,false,מברשת אקווה פרש מקס,גלקסוסמיתקליין,DE,מברשת שיניים,יחידה,1.00,יחידה,false,0,15.10,15.10,true,1,
5000394203389,false,סוללות דורסל AAA 12 יח',פרוקטר & גמבל,BE,סוללות דורסל,יחידה,1.00,יחידה,false,0,29.90,29.90,true,1,
5010029000023,false,ויטביקס-דגני חיטה 430גרם,וויטביקס,GB,וויטביקס דגנים,גרמים,430.00,100 גרם,false,0,32.60,7.58,true,1,
5010182997253,false,רייד מקס קוטל ג'וקים300מ,ג'ונסון,NL,רייד מקס,מיליליטרים,300.00,"100 מ""ל",false,0,10.00,3.33,true,1,
5010182997680,false,"רייד קוטל זוחלים 300 מ""ל",ג'ונסון,NL,רייד נמלים,מיליליטרים,300.00,"100 מ""ל",false,0,10.00,3.33,true,1,
5010182997918,false,ט.דאק ג'ל אסלה נ.ים 55מל,DEOFLOR,IT,טואלט דאק ג'ל,מיליליטרים,55.00,"100 מ""ל",false,0,8.90,16.18,true,1,
5010327000046,false,"וויסקי גרנט'ס 700 מ""ל",גרנט'ס,SC,וויסקי גרנט'ס,מיליליטרים,700.00,"100 מ""ל",false,0,108.10,15.44,true,1,
5010327000176,false,"וויסקי גלנפידיך 700 מ""ל",גרנט'ס,GB,וויסקי גלנפידיך,מיליליטרים,700.00,"100 מ""ל",false,0,159.90,22.84,true,1,
5010622010795,false,מברשת אורל בי גילאי 7-5,פרוקטר & גמבל,IE,מברשת שיניים,יחידה,1.00,יחידה,false,0,17.60,17.60,true,1,
5010677551281,false,"בקרדי בריזר לימון 275מ""ל","בקרדי בע""מ",DE,בקרדי בריזר,מיליליטרים,275.00,"100 מ""ל",false,0,9.90,3.60,true,1,
5010677551397,false,"בקרדי לימון ליים 275מ""ל","בקרדי בע""מ",DE,בקרדי בריזר,מיליליטרים,275.00,"100 מ""ל",false,1,9.90,3.60,true,1,
5010677552387,false,"בקרדי בריזר אננס 275 מ""ל","בקרדי בע""מ",DE,בקרדי בריזר,מיליליטרים,275.00,"100 מ""ל",false,0,9.90,3.60,true,1,
5010677554398,false,"בקרדי בריזר אבטיח 275מ""ל","בקרדי בע""מ",DE,בקרדי בריזר,מיליליטרים,275.00,"100 מ""ל",false,0,9.90,3.60,true,1,
5010852000917,false,וויסקי בארקלייז,,GB,וויסקי בארקלייז,מיליליטרים,700.00,"100 מ""ל",false,0,64.90,9.27,true,1,
5011157630281,false,"אורז טילדה המשלי 1 ק""ג",טילדה,GB,אורז טילדה המשלי,קילוגרמים,1.00,"ק""ג",false,0,24.70,24.70,true,1,
5013261011116,false,וויסקי סקוטיש,,SC,וויסקי סקוטיש,מיליליטרים,700.00,"100 מ""ל",false,0,79.90,11.41,true,1,
5013965747656,false,מרכך הד&שולדרס קלאסי400מ,פרוקטר & גמבל,IL,מרכך הד&שולדרס,מיליליטרים,400.00,"100 מ""ל",false,0,20.90,5.23,true,1,
5014271000411,false,מעדן ערמונים 284 גרם,סאן דלפור - שמבור,FR,מעדן ערמונים,גרמים,284.00,100 גרם,false,1,19.90,7.01,true,1,
5014271300429,false,מעד.משמש ל.תוספת סוכר284,סאן דלפור - שמבור,IL,מעדן מישמש,גרמים,284.00,100 גרם,false,0,19.90,7.01,true,1,
5014271310428,false,מעדן דובדבן שחור 284 גרם,סאן דלפור - שמבור,FR,מעדן דובדבן שחור,גרמים,284.00,100 גרם,false,0,19.90,7.01,true,1,
5014271330426,false,מעדן אוכמניות כחולות284ג,סאן דלפור - שמבור,FR,מעדן אוכמניות,גרמים,284.00,100 גרם,false,0,19.90,7.01,true,1,
5014271350424,false,מעדן ארבעה פירות 284 גרם,סאן דלפור - שמבור,FR,מעדן 4 פירות,גרמים,284.00,100 גרם,false,0,19.90,7.01,true,1,
5014271360423,false,מעד.תפוז ללא תוס.סוכר284,סאן דלפור - שמבור,FR,מעדן תפוזים,גרמים,284.00,100 גרם,false,0,19.90,7.01,true,1,
5014271370422,false,מעדן אפרסק 284 גרם,סאן דלפור - שמבור,FR,מעדן אפרסק 284 גרם,גרמים,284.00,100 גרם,false,0,19.90,7.01,true,1,
5014271390420,false,מע.פטל ללא תוספת סוכר284,סאן דלפור - שמבור,FR,מעדן פטל,גרמים,284.00,100 גרם,false,0,19.90,7.01,true,1,
5014271400426,false,מעדן תות שדה 284 גרם,סאן דלפור - שמבור,FR,מעדן תות שדה 284 גרם,גרמים,284.00,100 גרם,false,0,19.90,7.01,true,1,
5014271560427,false,מעדן תפוז+ג'ינג'ר 284גרם,סאן דלפור - שמבור,FR,מעדן תפוז+ג'ינג'ר 284גרם,גרמים,284.00,100 גרם,false,0,19.90,7.01,true,1,
5014271796147,false,מעדן רימון ופטל 284 גרם,סאן דלפור - שמבור,FR,מעדן רימון ופטל,גרמים,284.00,100 גרם,false,0,19.90,7.01,true,1,
5029053002408,false,נ.ט. קלינקס לבן 9 גל.,חוגלה קימברלי,IL,נ.ט. קלינקס לבן 9 גל.,מטרים,276.00,100 מטר,false,0,33.90,12.28,true,1,
5029053510811,false,28 תח.קוטקס נורמל כנפיים,חוגלה קימברלי,IL,תחבושות קוטקס,יחידה,1.00,יחידה,false,0,17.90,17.90,true,1,
5029053510828,false,24 תח.קוטקס אולטרא סופר,חוגלה קימברלי,IL,תחבושות קוטקס,יחידה,1.00,יחידה,false,0,17.90,17.90,true,1,
5029053523446,false,20 תח.קוטקס אולטרא נייט,חוגלה קימברלי,IL,תחבושות קוטקס,יחידה,1.00,יחידה,false,0,17.90,17.90,true,1,
5029053534596,false,32 טמפוני קוטקס נורמל,חוגלה קימברלי,CZ,טמפוני קוטקס,יחידה,1.00,יחידה,false,0,29.00,29.00,true,1,
5029053534602,false,32 טמפוני קוטקס סופר,חוגלה קימברלי,CZ,טמפוני קוטקס,יחידה,1.00,יחידה,false,0,29.00,29.00,true,1,
5029053535234,false,16טמפונ.קוטקס מוליך סופר,חוגלה קימברלי,,טמפוני קוטקס,יחידה,1.00,יחידה,false,0,22.90,22.90,true,1,
5029053538426,false,חיתולי האגיס,,IL,חיתולי האגיס,יחידה,1.00,יחידה,false,0,29.90,29.90,true,1,
5035766044772,false,סיידר תפוח 4 יח,,BE,סיידר תפוח 4 יח,ליטרים,1.32,ליטר,false,0,26.90,20.38,true,1,
5035766060253,false,"בירה מרפיס סטאוט 500 מ""ל",היינקן,IE,בירה מרפיס,מיליליטרים,500.00,"100 מ""ל",false,0,9.90,1.98,true,1,
5050083262548,false,ספיישל K פירות אדומים300,קלוג'ס,DE,קלוגס ספיישל K,גרמים,300.00,100 גרם,false,0,22.70,7.57,true,1,
5099864004205,false,סימילאק אדבנס+שלב 1 400ג,אבוט,IE,סימילאק אדבנס,גרמים,400.00,100 גרם,false,0,41.10,10.28,true,1,
5099864004991,false,סימילאק טופ 3 א.חסכון900,אבוט,IE,סימילאק טופ 3,גרמים,900.00,100 גרם,false,0,75.70,8.41,true,1,
5099864006070,false,סימילאק אדבנס+שלב 2 400ג,אבוט,IE,סימילאק אדבנס,גרמים,400.00,100 גרם,false,0,41.10,10.28,true,1,
5099864006704,false,סימילאק אדבנס+שלב 1 900ג,אבוט,IE,סימילאק אדבנס,גרמים,900.00,100 גרם,false,0,79.90,8.88,true,1,
5099864006711,false,סימילאק אדבנס+שלב 2 900ג,אבוט,IE,סימילאק אדבנס,גרמים,900.00,100 גרם,false,0,79.90,8.88,true,1,
5200351240017,false,גליליות קרם אגוז+קקאו400,גולדן ברייק,GR,גליליות קרם אגוז,גרמים,400.00,100 גרם,false,0,17.70,4.43,true,1,
5201085540022,false,סוכריות ג'לי,,GR,סוכריות ג'לי,גרמים,200.00,100 גרם,false,0,9.80,4.90,true,1,
5201347400545,false,ויט 12רצועות שעווה לפנים,רקיט בנקיזר,FR,רצועות שעווה ויט,יחידה,1.00,יחידה,false,0,24.90,24.90,true,1,
5201940010110,false,זיתים שחורים קלמטה454גרם,,,זיתים שחורים קלמטה454גרם,גרמים,454.00,100 גרם,false,0,15.10,3.33,true,1,
5202300014595,false,וולפלקס מוס לשיער חזק200,פרוקטר & גמבל,DE,וולהפלקס מוס,מיליליטרים,200.00,"100 מ""ל",false,0,29.10,14.55,true,1,
5202300043175,false,קולסטון 2000 בלונד כהה,פרוקטר & גמבל,DE,קולסטון 2000,יחידה,1.00,יחידה,false,0,25.70,25.70,true,1,
5202300043274,false,קולסטון 2000 בלונד אפור,פרוקטר & גמבל,DE,קולסטון 2000,יחידה,1.00,יחידה,false,0,25.70,25.70,true,1,
5202300043335,false,קולסטון 2000 בלונד זהב,פרוקטר & גמבל,DE,קולסטון 2000,יחידה,1.00,יחידה,false,0,25.70,25.70,true,1,
5400265027265,false,בונ.המלט צ'סטרפילד 125גר,גונץ,BE,בונבוניירה,גרמים,125.00,100 גרם,false,1,29.60,23.68,true,1,
5400265030074,false,בונבוניירה,,IL,בונבוניירה,גרמים,125.00,100 גרם,false,0,29.60,23.68,true,1,
5400265032337,false,בונ.המלט צ'סטפילד קרם125,גונץ,BE,בונבוניירה,גרמים,125.00,100 גרם,false,1,29.60,23.68,true,1,
5410076518784,false,משחת אורל בי מנטה 100מל,פרוקטר & גמבל,IL,משחת אורל בי,מיליליטרים,100.00,"100 מ""ל",false,0,21.80,21.80,true,1,
5410076518814,false,משחת אורל בי רעננות 100מ,פרוקטר & גמבל,IL,משחת אורל בי,מיליליטרים,100.00,"100 מ""ל",false,0,21.80,21.80,true,1,
5410076530076,false,פנטן מסיכה לשיער מלא 200,פרוקטר & גמבל,FR,מסיכה פנטן,מיליליטרים,200.00,"100 מ""ל",false,0,25.90,12.95,true,1,
5410103161518,false,קרם לחות פעולה משולשת50מ,קלסרואה,DE,קרם לחות פעולה משולשת50מ,מיליליטרים,50.00,"100 מ""ל",false,0,55.00,110.00,true,1,
5410126004007,false,ביסקויט דינוזאור שוקו225,לוטוס ביקרי,BE,ביסקוויט לוטוס,גרמים,225.00,100 גרם,false,1,13.90,6.18,true,1,
5410126004601,false,ביסקוויט דינוזאור דגנ175,לוטוס ביקרי,BE,ביסקוויט לוטוס,גרמים,175.00,100 גרם,false,1,11.90,6.80,true,1,
5410126006087,false,ביסקוויט בטעם קרמל 700 ג,לוטוס ביקרי,BE,ביסקוויט לוטוס,גרמים,700.00,100 גרם,false,0,26.90,3.84,true,1,
5410126006339,false,ביסקוויט לוטוס קרמל124ג,לוטוס ביקרי,BE,ביסקוויט לוטוס,גרמים,124.00,100 גרם,false,0,7.80,6.29,true,1,
5410126106183,false,ביסקוויט לוטוס ארוז 50יח,לוטוס ביקרי,BE,ביסקוויט לוטוס,גרמים,312.00,100 גרם,false,0,16.80,5.38,true,1,
5410126116953,false,ממרח ביסקוויט לוטוס 400ג,לוטוס ביקרי,BE,ממרח ביסקוויט,גרמים,400.00,100 גרם,false,0,22.00,5.50,true,1,
5410126716016,false,ביסקוויט לוטוס ט.קרמל250,לוטוס ביקרי,BE,ביסקויט לוטוס,גרמים,250.00,100 גרם,false,0,11.80,4.72,true,1,
5410126726947,false,ממרח עוג.לוטוס קראנץ380ג,לוטוס ביקרי,BE,ממרח עוגיות,גרמים,380.00,100 גרם,false,0,22.70,5.97,true,1,
5410173210055,false,קפה לפילטר,,IL,קפה לפילטר,גרמים,70.00,100 גרם,false,0,14.90,21.29,true,1,
5410228142072,false,"בירה לף רדיוס בק330. מ""ל",אינבב.ברוורייליין1,BE,בירה לף רדיוס,מיליליטרים,330.00,"100 מ""ל",false,0,12.40,3.76,true,1,
5410228142089,false,בירה לף בלונד בקבוק330מל,אינבב.ברוורייליין1,BE,בירה לף בלונד,מיליליטרים,330.00,"100 מ""ל",false,0,12.40,3.76,true,1,
5410228144755,false,בירה סטלה ארטואה 330*6מל,קרלסברג יבוא יצוא,IL,בירה סטלה 6 יח',ליטרים,1.98,ליטר,false,0,54.50,27.53,true,1,
5410228164845,false,"בירה הוגרדן בק330*4 מ""ל",קרלסברג יבוא יצוא,BE,בירה הוגרדן 4 יח,ליטרים,1.32,ליטר,false,0,42.50,32.20,true,1,
5410316983693,false,"אייס סמירנוף בק275. מ""ל",IBBLS,IT,אייס סמירנוף,מיליליטרים,275.00,"100 מ""ל",false,0,9.90,3.60,true,1,
5410316994019,false,וודקה סמירנוף,,GB,וודקה סמירנוף,מיליליטרים,700.00,"100 מ""ל",false,0,59.90,8.56,true,1,
5411188080268,false,אלפרו סויה אורגני 1 ליטר,אלפרו,IL,אלפרו סויה אורגנ,ליטרים,1.00,ליטר,false,0,15.50,15.50,true,1,
5411188094159,false,אלפרו מעדן ט.שוקולד125X4,אלפרו,IL,מעדן סויה 4יח',גרמים,500.00,100 גרם,false,0,18.90,3.78,true,1,
5411188110835,false,אלפרו משקה שקדים 1 ליטר,אלפרו,BE,אלפרו משקה שקדים,ליטרים,1.00,ליטר,false,0,15.80,15.80,true,1,
5411188110842,false,אלפרו משקה אגוזים 1 ליטר,אלפרו,IL,אלפלרו משקה אגוז,ליטרים,1.00,ליטר,false,0,15.80,15.80,true,1,
5411188112549,false,אלפרו משקה אורז 1 ליטר,אלפרו,BE,אלפרו משקה אורז,מיליליטרים,1000.00,"100 מ""ל",false,0,15.80,1.58,true,1,
5411188112709,false,"אלפרו משקה שקדים לל""ס 1ל",אלפרו,BE,אלפרו משקה שקדים,ליטרים,1.00,ליטר,false,0,15.80,15.80,true,1,
5411188114239,false,אלפ.שמנת ע.בסיס אורז250מ,אלפרו,BE,אלפרו שמנת,מיליליטרים,250.00,"100 מ""ל",false,0,9.90,3.96,true,1,
5411188118282,false,שמנת לבישול קוקוס250מל,אלפרו,BE,שמנת לבישול,מיליליטרים,250.00,"100 מ""ל",false,1,9.90,3.96,true,1,
5411188300328,false,אלפרו סויה שוקו 1 ליטר,אלפרו,IL,אלפרו סויה שוקו,ליטרים,1.00,ליטר,false,0,15.50,15.50,true,1,
5411681014005,false,"בירה דובל 330מ""ל",דובל מורטגט,BE,בירה דובל,מיליליטרים,330.00,"100 מ""ל",false,0,15.90,4.82,true,1,
5411681038001,false,"מרדסו מעורפלת מאוד330מ""ל",דובל מורטגט,BE,בירה מרדסו,מיליליטרים,330.00,"100 מ""ל",false,0,15.90,4.82,true,1,
5413121359769,false,בונ.צדפים שוקולד בלגי195,בי סי ג'י אולן,BE,בונבוניירה צדפים,גרמים,195.00,100 גרם,false,0,17.70,9.08,true,1,
5413149922907,false,א.כ אריאל קולור וסטייל5ק,פרוקטר & גמבל,TR,"אריאל קולור 5ק""ג",קילוגרמים,5.00,"ק""ג",false,1,51.90,10.38,true,1,
5413149922938,false,אבקת אריאל שושן צחור 5קג,פרוקטר & גמבל,TR,אבקת כביסה אריאל,קילוגרמים,5.00,"ק""ג",false,1,51.90,10.38,true,1,
5413548280189,false,קינדר שוקובון 125 גרם,פררו - אלבה,BE,קינדר שוקובון,גרמים,125.00,100 גרם,false,0,12.60,10.08,true,1,
5584678951147,false,ספוג מחולק ל8- יח,מ.ח.ט,CN,ספוג מחולק ל8-,יחידה,1.00,יחידה,false,1,5.00,5.00,true,1,
5600395030689,false,סרדין בשמן סויה חריף115ג,קלנג מקנאן,IL,סרדין בשמן,גרמים,115.00,100 גרם,false,0,7.00,6.09,true,1,
5600395030719,false,סרדין בשמן זית נפטון115ג,קלנג מקנאן,PT,סרדין בשמן זית,גרמים,115.00,100 גרם,false,0,7.00,6.09,true,1,
5600395030818,false,סרדין בשמן סויה נפטון115,קלנג מקנאן,PT,סרדין בשמן,גרמים,115.00,100 גרם,false,0,7.00,6.09,true,1,
5601008200444,false,עוג.גודיס שוקולד חלב150ג,מרבה,NL,עוגיות גודיס,גרמים,150.00,100 גרם,false,0,8.80,5.87,true,1,
5601008200468,false,עוגי.גודיס שוקולד לבן150,מרבה,PT,עוגיות גודיס,גרמים,150.00,100 גרם,false,0,8.80,5.87,true,1,
5601036205602,false,אקסלנס חום מהגונ מס5.5',ליברמו,BE,צבע לשיער אקסלנס,יחידה,1.00,יחידה,false,0,29.90,29.90,true,1,
5601036205688,false,אקסלנס בלונד בהיר מס8',ליברמו,BE,צבע לשיער אקסלנס,יחידה,1.00,יחידה,false,0,29.90,29.90,true,1,
5701932026964,false,הוט פופ מלוח 100*6גר,פופז,IL,פופקורן הוט פופ,גרמים,600.00,100 גרם,false,0,13.90,2.32,true,1,
5701932026971,false,הוט פופ טעם חמאה100*6גר,פופז,US,פופקורן הוטפופ,גרמים,600.00,100 גרם,false,0,13.90,2.32,true,1,
5701932026995,false,פופקורן לייט הוט פופ510ג,פופז,IL,פופקורן למיקרו,גרמים,510.00,100 גרם,false,0,13.90,2.73,true,1,
5703538109386,false,חיתולי במבו מיני3-6 30יח,רז פרוגרס,DK,חיתולי במבו מיני,יחידה,1.00,יחידה,false,0,39.60,39.60,true,1,
5706516031358,false,הוטפופ 100קל' לאריזה160ג,פופז,US,הוט פופ 100 קל',גרמים,160.00,100 גרם,false,0,13.90,8.69,true,1,
5900020012814,false,נסקוויק דגני בוקר 500גרם,נסטלה,PL,דגני נסקוויק,גרמים,500.00,100 גרם,false,0,24.70,4.94,true,1,
5900020015174,false,פיטנס חטיף דגנים שוק6.יח,נסטלה,PL,חטיפי פיטנס 6 יח,גרמים,141.00,100 גרם,false,0,16.90,11.99,true,1,
5900020015204,false,פיטנס ח.דגנים שוק.תפוז6י,נסטלה,PL,חטיפי פיטנס 6 יח,גרמים,141.00,100 גרם,false,0,16.90,11.99,true,1,
5900020018908,false,פיטנס חט.דגנים ק.עוגיות6,נסטלה,PL,חטיפי פיטנס 6 יח,גרמים,141.00,100 גרם,false,0,16.90,11.99,true,1,
5900020020710,false,קראנץ' בר שוקו וניל25*6ג,נסטלה,PL,קראנץ' חטיפים,גרמים,150.00,100 גרם,false,0,15.80,10.53,true,1,
5900020020741,false,נסקוויק בר שוקו-שוקו25*6,נסטלה,PL,נסקוויק בר,גרמים,150.00,100 גרם,false,0,15.80,10.53,true,1,
5900020024817,false,חט.דגנים בר דליס שוק.לבן,.סי.פי,PL,חטיף דגנים פיטנס,גרמים,135.00,100 גרם,false,1,16.90,12.52,true,1,
5900020024848,false,חט.דגנים בר דליס שוק22*6,.סי.פי,PL,חטיף דגנים פיטנס,גרמים,135.00,100 גרם,false,1,16.90,12.52,true,1,
5900020025951,false,חטיף דגנ.גולדן מיניס 6יח,נסטלה,PL,חטיף גולדן מיניס,גרמים,150.00,100 גרם,false,1,15.80,10.53,true,1,
5900020026026,false,פיטנס בר שוקולד 23.5*12ג,.סי.פי,PL,פיטנס בר 12 יח',גרמים,282.00,100 גרם,false,1,22.90,8.12,true,1,
5900951251191,false,חטיף סניקרס הזלנט 49 גרם,מרס,NL,חטיף סניקרס,גרמים,49.00,100 גרם,false,0,3.90,7.96,true,1,
5901367005019,false,כוסמת קלויה,,,כוסמת קלויה,גרמים,500.00,100 גרם,false,0,7.90,1.58,true,1,
5901464319477,false,5 סכיני סנסור אקסל לאשה,פרוקטר & גמבל,PL,סכיני סנסור,יחידה,1.00,יחידה,false,0,39.80,39.80,true,1,
5902188460605,false,"בירה ברואר 500 מ""ל","פורמן ס.א. בע""מ",PL,בירה ברואר,מיליליטרים,500.00,"100 מ""ל",false,1,5.90,1.18,true,1,
5906213005700,false,"משקה אנרגיה אקזיט 250מ""ל","פורמן ס.א. בע""מ",PL,משקה אנרגיה,מיליליטרים,250.00,"100 מ""ל",false,1,2.90,1.16,true,1,
5906485301012,false,משקה אנרגיה XL,,IL,משקה אנרגיה XL,מיליליטרים,250.00,"100 מ""ל",false,0,3.80,1.52,true,1,
5906485301067,false,משקה אנרגיה 6 יח,,IL,משקה אנרגיה 6 יח,ליטרים,1.50,ליטר,false,0,15.90,10.60,true,1,
5906485301098,false,משקה אנרגיה,,IL,משקה אנרגיה,מיליליטרים,250.00,"100 מ""ל",false,0,3.80,1.52,true,1,
5906485301326,false,משקה אנרגיה,,IL,משקה אנרגיה,מיליליטרים,250.00,"100 מ""ל",false,0,3.80,1.52,true,1,
5906485301456,false,משקה אנרגיה,,IL,משקה אנרגיה,מיליליטרים,250.00,"100 מ""ל",false,0,3.80,1.52,true,1,
5906485301470,false,משקה אנרגיה,,IL,משקה אנרגיה,מיליליטרים,250.00,"100 מ""ל",false,0,3.80,1.52,true,1,
5908310148014,false,וודקה סובייסקי,,PL,וודקה סובייסקי,מיליליטרים,700.00,"100 מ""ל",false,0,54.90,7.84,true,1,
5948935002629,false,פאטוצ'יני,,IL,פאטוצ'יני,גרמים,500.00,100 גרם,false,0,9.80,1.96,true,1,
6001067025122,false,קולגייט מקס פרש וויט100מ,קולגייט-פלמוליב,BR,משחת שיניים,מיליליטרים,100.00,"100 מ""ל",false,0,19.90,19.90,true,1,
6001202126400,false,פריסקיז טונה וסלמון 85גר,נסטלה פורינה,ZA,פריסקיז פאוץ',גרמים,85.00,100 גרם,false,0,5.50,6.47,true,1,
6008165271192,false,פאל מאל ארוך אדום,bat,TR,פאל מאל ארוך,יחידה,1.00,יחידה,false,0,28.50,28.50,false,1,
6008165274629,false,פאל מאל כחול ארוך יח,bat,TR,פאל מאל כחול,יחידה,1.00,יחידה,false,1,28.50,28.50,false,1,
6102015100684,false,מברשת שיער מתקפלת יח,מ.ח.ט,CN,מברשת שיער,יחידה,1.00,יחידה,false,1,5.00,5.00,true,1,
6111094000259,false,קוסקוס דארי בינוני500גרם,דארי קוספטה אל-זהרה,MA,קוסקוס דארי,גרמים,500.00,100 גרם,false,1,8.80,1.76,true,1,
6487111125343,false,אדממה טבעי קלוי 100גרם,שונות,CN,אדממה טבעי קלוי,גרמים,100.00,100 גרם,false,0,8.80,8.80,true,1,
6487111125367,false,אדממה בנגיעות שום 100גרם,שונות,CN,אדממה שום,גרמים,100.00,100 גרם,false,0,8.80,8.80,true,1,
6487111125374,false,אדממה בנגיעות צילי 100גר,שונות,CN,אדממה צילי,גרמים,100.00,100 גרם,false,0,8.80,8.80,true,1,
6487111126050,false,אחלה מיקס 200גרם,יואי פוד,CN,אחלה מיקס 200גרם,גרמים,200.00,100 גרם,false,1,7.90,3.95,true,1,
6910021100075,false,2 מברשת 360 אינטרדנטל,קולגייט-פלמוליב,CN,מברשת קולגייט,יחידה,1.00,יחידה,false,0,30.00,30.00,true,1,
6924421202017,false,פטריות שי-מג'י -יחידה,חוות פטריות תקוע,IL,פטריות שי מגי יח,יחידה,1.00,יחידה,false,0,12.00,12.00,true,1,
6928740700544,false,חטיף תפוחונים,,CN,חטיף תפוחונים,גרמים,22.00,100 גרם,false,0,4.50,20.45,true,1,
6937266703038,false,שיק הידרו 5 מכשיר+סכין,שיק,CN,מכשיר שיק הידרו,יחידה,1.00,יחידה,false,0,43.90,43.90,true,1,
6944683366159,false,ערמונים קלופים קלויים100,צ'נגדה שנליפוד,CN,ערמונים קלופים,גרמים,100.00,100 גרם,false,1,6.90,6.90,true,1,
6957666225220,false,תירס צעיר חתוך 400 גרם,פוג'יאן גואנג טונג פוד,Cn,תירס צעיר חתוך,גרמים,400.00,100 גרם,false,0,4.90,1.23,true,1,
7038516140418,false,4מברשת ג'ורדן טוטל מדיום,קלרו,IL,מברשת שיניים,יחידה,1.00,יחידה,false,0,10.00,10.00,true,1,
7046110064047,false,2מברשות ג'ודדן לילדים6-9,קלרו,MY,מברשות שיניים,יחידה,1.00,יחידה,false,0,17.90,17.90,true,1,
7290000000022,true,עגבניות חממה,קטיף,IL,עגבניות חממה,קילוגרמים,0.00,"ק""ג",true,0,4.90,4.90,true,1,
7290000000046,true,מלפפונים,קטיף,IL,מלפפונים,קילוגרמים,0.00,"ק""ג",true,0,4.90,4.90,true,1,
7290000000053,true,קישואים,קטיף,IL,קשואים,קילוגרמים,0.00,"ק""ג",true,0,7.90,7.90,true,1,
7290000000084,true,פלפל בהיר,שותפות מזרחי,IL,פלפל בהיר,קילוגרמים,0.00,"ק""ג",true,0,8.90,8.90,true,1,
7290000000091,true,פלפל אדום,קטיף,IL,פלפל אדום,קילוגרמים,0.00,"ק""ג",true,0,9.90,9.90,true,1,
7290000000107,true,פלפל כהה,קטיף,IL,פלפל כהה,קילוגרמים,0.00,"ק""ג",true,0,8.90,8.90,true,1,
7290000000114,true,חצילים,קטיף,IL,חצילים,קילוגרמים,0.00,"ק""ג",true,0,6.90,6.90,true,1,
7290000000121,true,גזר ארוז,קטיף,IL,גזר ארוז,קילוגרמים,0.00,"ק""ג",true,0,3.90,3.90,true,1,
7290000000138,true,כרוב לבן,קטיף,IL,כרוב לבן,קילוגרמים,0.00,"ק""ג",true,0,2.90,2.90,true,1,
7290000000145,true,כרוב אדום,קטיף,IL,כרוב אדום,קילוגרמים,0.00,"ק""ג",true,0,3.90,3.90,true,1,
7290000000169,true,כרוב סיני-יח',קטיף,IL,כרוב סיני-יח',יחידה,1.00,יחידה,false,0,5.90,5.90,true,1,
7290000000176,true,כרובית,קטיף,IL,כרובית,קילוגרמים,0.00,"ק""ג",true,0,7.90,7.90,true,1,
7290000000183,true,סלק,קטיף,IL,סלק,קילוגרמים,0.00,"ק""ג",true,0,4.90,4.90,true,1,
7290000000190,true,לפת,קטיף,IL,לפת,קילוגרמים,0.00,"ק""ג",true,0,5.90,5.90,true,1,
7290000000206,true,צנון,קטיף,IL,צנון,קילוגרמים,0.00,"ק""ג",true,0,5.90,5.90,true,1,
7290000000220,true,קולורבי,קטיף,IL,קולורבי,קילוגרמים,0.00,"ק""ג",true,0,5.90,5.90,true,1,
7290000000237,true,שעועית צהובה - יח',קטיף,IL,שעועית צהובה,יחידה,1.00,יחידה,false,0,13.90,13.90,true,1,
7290000000244,true,שעועית ירוקה - יח',קטיף,IL,שעועית ירוקה,יחידה,1.00,יחידה,false,0,13.90,13.90,true,1,
7290000000251,true,שעועית הולנדית - יח',קטיף,IL,שעועית הולנדית,יחידה,1.00,יחידה,false,0,13.90,13.90,true,1,
7290000000282,true,חסה ערבית-יח',קטיף,IL,חסה ערבית-יח',יחידה,1.00,יחידה,false,0,4.90,4.90,true,1,
7290000000299,true,חסה עגולה-יח',קטיף,IL,חסה עגולה-יח',יחידה,1.00,יחידה,false,0,4.90,4.90,true,1,
7290000000350,true,פזיל-יח',קטיף,IL,פזיל-יח',יחידה,1.00,יחידה,false,0,5.00,5.00,true,1,
7290000000374,true,שמפניון-יח',קטיף,IL,שמפניון-יח',יחידה,1.00,יחידה,false,0,9.00,9.00,true,1,
7290000000411,true,שום - רביעייה במארז,קטיף,XX,שום-רביעייה,יחידה,1.00,יחידה,false,0,7.90,7.90,true,1,
7290000000428,true,בטטות מובחר,קטיף,IL,בטטות מובחר,קילוגרמים,0.00,"ק""ג",true,0,9.90,9.90,true,1,
7290000000435,true,סלרי עלים -יח',קטיף,IL,סלרי עלים -יח',יחידה,1.00,יחידה,false,0,5.90,5.90,true,1,
7290000000442,true,נבטים סיניים-יח',קטיף,IL,נבטים סיניים-יח',יחידה,1.00,יחידה,false,0,6.00,6.00,true,1,
7290000000459,true,נבטי אלפלפא-יח',קטיף,IL,נבטי אלפלפא-יח',יחידה,1.00,יחידה,false,0,6.00,6.00,true,1,
7290000000466,true,בצל ירוק יח',קטיף,IL,בצל ירוק-יח',יחידה,1.00,יחידה,false,0,4.90,4.90,true,1,
7290000000480,true,בצל יבש,קטיף,IL,בצל יבש,קילוגרמים,0.00,"ק""ג",true,0,2.90,2.90,true,1,
7290000000503,true,תפוח אדמה קטן ארוז,קטיף,IL,"תפו""א קטן ארוז",קילוגרמים,0.00,"ק""ג",true,0,2.90,2.90,true,1,
7290000000510,true,פטרוזיליה יח',קטיף,IL,פטרוזיליה-יח',יחידה,1.00,יחידה,false,0,3.90,3.90,true,1,
7290000000527,true,שמיר יח',קטיף,IL,שמיר יח',יחידה,1.00,יחידה,false,0,3.90,3.90,true,1,
7290000000534,true,סלרי ראש יח',קטיף,IL,סלרי ראש-יח',יחידה,1.00,יחידה,false,0,5.90,5.90,true,1,
7290000000541,true,שורש יח',קטיף,IL,שורש יח',יחידה,1.00,יחידה,false,0,5.90,5.90,true,1,
7290000000558,true,כוסברה יח',קטיף,IL,כוסברה יח',יחידה,1.00,יחידה,false,0,3.90,3.90,true,1,
7290000000565,true,נענע יח',קטיף,IL,נענע יח',יחידה,1.00,יחידה,false,0,3.90,3.90,true,1,
7290000000572,true,שומר,קטיף,IL,שומר,קילוגרמים,0.00,"ק""ג",true,0,5.90,5.90,true,1,
7290000000589,true,"תפו""א ירושלמי",קטיף,IL,תפוא ירושלמי,קילוגרמים,0.00,"ק""ג",true,0,12.90,12.90,true,1,
7290000000619,true,פלפל חריף,שותפות מזרחי,IL,פלפל חריף,קילוגרמים,0.00,"ק""ג",true,0,7.90,7.90,true,1,
7290000000626,true,ברוקולי,קטיף,IL,ברוקולי,קילוגרמים,0.00,"ק""ג",true,0,12.90,12.90,true,1,
7290000000633,true,עירית יח',קטיף,IL,עירית-יח',יחידה,1.00,יחידה,false,0,5.00,5.00,true,1,
7290000000695,true,אספרגוס יחידה,קטיף,IL,אספרגוס יחידה,יחידה,1.00,יחידה,false,0,29.90,29.90,true,1,
7290000000701,true,פטריות למילוי שקילה,קטיף,IL,פטריות למילוי,קילוגרמים,0.00,"ק""ג",true,0,34.90,34.90,true,1,
7290000000718,true,פטריות חורש במשקל,קטיף,IL,פטריות חורש במשק,קילוגרמים,0.00,"ק""ג",true,0,34.90,34.90,true,1,
7290000000732,true,דלורית,קטיף,IL,דלורית,קילוגרמים,0.00,"ק""ג",true,0,6.90,6.90,true,1,
7290000000749,true,פלפל שישקה מתוק,קטיף,IL,פלפל שישקה מתוק,קילוגרמים,0.00,"ק""ג",true,0,8.90,8.90,true,1,
7290000000824,true,קישוא ירוק,קטיף,IL,קישוא ירוק,קילוגרמים,0.00,"ק""ג",true,0,8.90,8.90,true,1,
7290000000848,true,תירס קלוף ארוז,קטיף,IL,תירס קלוף ארוז,קילוגרמים,0.00,"ק""ג",true,0,9.90,9.90,true,1,
7290000000855,true,פלפל צהוב,קטיף,IL,פלפל צהוב,קילוגרמים,0.00,"ק""ג",true,0,9.90,9.90,true,1,
7290000000954,true,רוקט+ג.נחל-יח,קטיף,IL,רוקט+ג.נחל-יח,יחידה,1.00,יחידה,false,0,5.00,5.00,true,1,
7290000001029,true,פילפל צילי-יח',קטיף,IL,פילפל צילי-יח',יחידה,1.00,יחידה,false,0,5.50,5.50,true,1,
7290000001036,true,בצל יבש אדום,קטיף,XX,בצל יבש אדום,קילוגרמים,0.00,"ק""ג",true,0,4.90,4.90,true,1,
7290000001050,true,בזילקום-יח',קטיף,IL,בזילקום-יח',יחידה,1.00,יחידה,false,0,5.00,5.00,true,1,
7290000001104,true,פטריות חורש-יח',קטיף,IL,פטריות חורש-יח',יחידה,1.00,יחידה,false,0,9.00,9.00,true,1,
7290000001692,true,תפוח אדמה אדום ארוז,קטיף,IL,תפוח אדמה אדום ארוז,קילוגרמים,0.00,"ק""ג",true,0,4.90,4.90,true,1,
7290000001715,true,תפוא לבן ארוז,קטיף,IL,תפוא לבן ארוז,קילוגרמים,0.00,"ק""ג",true,0,3.00,3.00,true,1,
7290000001722,true,תפוח אדמה אדום תפזורת,קטיף,IL,"תפו""א אדום תפז'",קילוגרמים,0.00,"ק""ג",true,0,5.50,5.50,true,1,
7290000002026,true,לחם אחיד 750 גרם,מאפית ברמן,IL,לחם אחיד 750 גרם,גרמים,750.00,100 גרם,false,0,4.90,0.65,true,1,
7290000002040,true,חלה רגילה 500 גרם,מאפית ברמן,IL,חלה רגילה,גרמים,500.00,100 גרם,false,0,4.80,0.96,true,1,
7290000002071,true,חלה קלועה רגילה 500 גרם,מאפית ברמן,IL,חלה קלועה רגילה,גרמים,500.00,100 גרם,false,0,4.80,0.96,true,1,
7290000002125,true,חלה מתוקה קלועה500ג 212,מאפית ברמן,IL,חלה מתוקה קלועה,גרמים,500.00,100 גרם,false,0,9.20,1.84,true,1,
7290000011653,true,גבינה בולגרית5%,,IL,גבינה בולגרית5%,קילוגרמים,0.00,"ק""ג",true,0,77.00,77.00,true,1,
7290000023007,false,"ברנדי שטוק 84 750 מ""ל",יקבי ברקן,IL,ברנדי שטוק 84,מיליליטרים,750.00,"100 מ""ל",false,0,64.90,8.65,true,1,
7290000023083,false,ערק אשקלון,,IL,ערק אשקלון,מיליליטרים,700.00,"100 מ""ל",false,0,49.90,7.13,true,1,
7290000023809,false,"ברקן קלאסיק קברנה 750מ""ל",יקבי ברקן,IL,קברנה קלאסיק,מיליליטרים,750.00,"100 מ""ל",false,0,24.90,3.32,true,1,
7290000023816,false,ברקן קלאסיק א.ריזלינג750,יקבי ברקן,IL,ריזלינג קלאסיק,מיליליטרים,750.00,"100 מ""ל",false,0,24.90,3.32,true,1,
7290000023977,false,"ברקן קלאסיק מרלו 750 מ""ל",יקבי ברקן,IL,מרלו קלאסיק,מיליליטרים,750.00,"100 מ""ל",false,0,24.90,3.32,true,1,
7290000023984,false,ברקן קלאסיק פינוטאז750'מ,יקבי ברקן,IL,ברקן פינוטאז',מיליליטרים,750.00,"100 מ""ל",false,0,24.90,3.32,true,1,
7290000024202,false,"ברקן רזרב קברנה 750 מ""ל",יקבי ברקן,IL,ברקן רזרב,מיליליטרים,750.00,"100 מ""ל",false,0,33.90,4.52,true,1,
7290000024219,false,ברקן רזרב א.ריזלינג750מל,יקבי ברקן,IL,יין ריזלינג ברקן,מיליליטרים,750.00,"100 מ""ל",false,0,34.90,4.65,true,1,
7290000024240,false,"יין שרדונה רזרב 750 מ""ל",יקבי ברקן,IL,יין ברקן שרדונה,מיליליטרים,750.00,"100 מ""ל",false,0,34.90,4.65,true,1,
7290000024264,false,"ברקן רזרב מרלו 750 מ""ל",יקבי ברקן,IL,מרלו רזרב,מיליליטרים,750.00,"100 מ""ל",false,0,33.90,4.52,true,1,
7290000024523,false,תירוש של סגל 1 ליטר,יינות סגל,IL,תירוש של סגל,ליטרים,1.00,ליטר,false,0,13.80,13.80,true,1,
7290000024905,false,וודקה קגלביץ קלסיקה700מל,יקבי ברקן,IL,וודקה קגלביץ,מיליליטרים,700.00,"100 מ""ל",false,0,49.90,7.13,true,1,
7290000031507,false,מיץ תפוזים טבע,,IL,מיץ תפוזים טבע,ליטרים,1.00,ליטר,false,0,11.10,11.10,true,1,
7290000040042,false,יוגורט יופלה תות3% 150גר,תנובה,IL,יופלה תות 3%,גרמים,150.00,100 גרם,false,0,5.00,3.33,true,1,
7290000040080,false,יוגורט יופלה אפרסק3% 150,תנובה,IL,יופלה אפרסק3%,גרמים,150.00,100 גרם,false,0,5.00,3.33,true,1,
7290000040301,false,עין גדי קממבר24% 125 גר,תנובה,IL,עין גדי קממבר,גרמים,125.00,100 גרם,false,0,15.90,12.72,true,1,
7290000040318,false,גבי. עדי ברי רכה24% 125ג,תנובה,IL,גבינת עדי ברי24%,גרמים,125.00,100 גרם,false,0,15.90,12.72,true,1,
7290000040974,false,חלב טרי 2% דל לקטוז 1 ל,תנובה,IL,חלב טרי דל לקטוז,ליטרים,1.00,ליטר,false,0,7.00,7.00,true,1,
7290000041858,false,שמנת חמוצה15% מועשרת200,יטבתה,IL,שמנת חמוצה יטבתה,מיליליטרים,200.00,"100 מ""ל",false,0,2.40,1.20,true,1,
7290000041865,false,לבן יטבתה 4.5% שומן 200מ,יטבתה,IL,לבן יטבתה4.5%,מיליליטרים,200.00,"100 מ""ל",false,0,2.00,1.00,true,1,
7290000041872,false,"לבן יטבתה 3% 200 מ""ל",יטבתה,IL,לבן יטבתה 3%,מיליליטרים,200.00,"100 מ""ל",false,0,2.00,1.00,true,1,
7290000042008,false,חלב מפוסטר 3%שקית 1 ל',תנובה,IL,חלב 3% בשקית,ליטרים,1.00,ליטר,false,0,4.90,4.90,true,1,
7290000042015,false,חלב 3% מהדרין שקית 1 ל',תנובה,IL,חלב 3% שקית,ליטרים,1.00,ליטר,false,0,4.90,4.90,true,1,
7290000042022,false,חלב על הבוקר1%קרט+.פקק1ל,תנובה,IL,חלב על הבוקר 1%,ליטרים,1.00,ליטר,false,0,7.90,7.90,true,1,
7290000042121,false,חלב 1% שומן בשקית 1 ליטר,תנובה,IL,חלב תנובה שקית1%,ליטרים,1.00,ליטר,false,0,4.65,4.65,true,1,
7290000042176,false,חלב שתיה1% שומן-כדית 2ל,תנובה,IL,חלב מיכל 1% שומן,ליטרים,2.00,ליטר,false,0,10.80,5.40,true,1,
7290000042244,false,חלב 3% שומן בכד 2 ליטר,תנובה,IL,חלב 3% כד 2 ליטר,ליטרים,2.00,ליטר,false,0,11.50,5.75,true,1,
7290000042404,false,חלב מועשר3% יטבתה שקית1ל,יטבתה,IL,חלב 3% בשקית,ליטרים,1.00,ליטר,false,0,5.90,5.90,true,1,
7290000042435,false,חלב מפוסטר 1% בקרטון 1 ל,תנובה,IL,חלב %1 בקרטון,ליטרים,1.00,ליטר,false,0,5.40,5.40,true,1,
7290000042442,false,חלב מפוסטר 3% בקרטון 1 ל,תנובה,IL,חלב תנובה 3%,ליטרים,1.00,ליטר,false,0,5.75,5.75,true,1,
7290000042466,false,חלב מועשר 1% בקרטון 1 ל',תנובה,IL,חלב מועשר בקרטון,ליטרים,1.00,ליטר,false,0,7.90,7.90,true,1,
7290000042503,false,חלב עמיד הומוגני 3% 1 ל',תנובה,IL,חלב עמיד הומוגני 3% 1 ל',ליטרים,1.00,ליטר,false,0,6.60,6.60,true,1,
7290000042541,false,חלב עמיד 1% הומוגני 1 ל',תנובה,IL,חלב עמיד 1% הומוגני 1 ל',ליטרים,1.00,ליטר,false,0,7.60,7.60,true,1,
7290000042640,false,"חלב עמיד 3% שומן 250 מ""ל",תנובה,IL,חלב עמיד 3% שומן,מיליליטרים,250.00,"100 מ""ל",false,0,2.60,1.04,true,1,
7290000042732,false,שוקו תנובה כד 2 ליטר,תנובה,IL,שוקו כד 2 ליטר,ליטרים,2.00,ליטר,false,0,20.80,10.40,true,1,
7290000042855,false,"שוקו בשקית יוטבתה 225מ""ל",יטבתה,IL,שוקו בשקית,מיליליטרים,225.00,"100 מ""ל",false,0,2.50,1.11,true,1,
7290000043012,false,"שוקו שוק עמיד 250 מ""ל",תנובה,IL,שוקו עמיד,מיליליטרים,250.00,"100 מ""ל",false,0,4.30,1.72,true,1,
7290000043111,false,חמאה 200 גרם,תנובה,IL,חמאה תנובה,גרמים,200.00,100 גרם,false,0,7.60,3.80,true,1,
7290000043814,false,שמנת עמידה לקצפת38% 250מ,תנובה,IL,שמנת עמידה לקצפת,מיליליטרים,250.00,"100 מ""ל",false,0,5.95,2.38,true,1,
7290000043890,false,רויון 1.5% בקרטון 1ל,תנובה,IL,רויון בקרטון1.5%,ליטרים,1.00,ליטר,false,0,10.90,10.90,true,1,
7290000043944,false,יוגורט בכד 4% 1.5 ל',תנובה,IL,יוגורט בכד 4%,ליטרים,1.50,ליטר,false,0,15.40,10.27,true,1,
7290000044088,false,שלי קלאסיק 3%שומן 200 ג,תנובה,IL,שלי קלאסיק 3%לבן,גרמים,200.00,100 גרם,false,0,2.90,1.45,true,1,
7290000044248,false,רויון בקרטון 1.5% 500מ',תנובה,IL,רויון בקרטון,מיליליטרים,500.00,"100 מ""ל",false,0,6.00,1.20,true,1,
7290000044712,false,פרילי+תות שדה1.5% 500ג,תנובה,IL,פרילי תות-שדה,גרמים,500.00,100 גרם,false,0,10.30,2.06,true,1,
7290000044880,false,באדי מעדן תות 3% 500 גרם,תנובה,IL,מעדן באדי תות 3%,גרמים,500.00,100 גרם,false,0,8.40,1.68,true,1,
7290000045573,false,גבינת נעמה מותכת 25*8 גר,תנובה,IL,גבינת נעמה מותכת,גרמים,200.00,100 גרם,false,0,13.80,6.90,true,1,
7290000045580,false,גב.נעמה חורש מותכת 240ג,תנובה,IL,גבינת נעמה מותכת,גרמים,240.00,100 גרם,false,0,16.30,6.79,true,1,
7290000045771,false,יוגורט בכד 4.5% 3 ל',תנובה,IL,יוגורט בכד4.5%,ליטרים,3.00,ליטר,false,0,28.70,9.57,true,1,
7290000045917,false,גב.קולאז פרומעז 23% 200ג,תנובה,IL,גבינת פרומעז,גרמים,200.00,100 גרם,false,0,21.90,10.95,true,1,
7290000046020,false,גב.גלבוע 22% במשקל,תנובה,IL,גב.גלבוע 22% במשקל,קילוגרמים,0.00,"ק""ג",true,0,39.25,39.25,true,1,
7290000046327,false,גב.גלבוע פרוסות22% 200גר,תנובה,IL,גבינת גלבוע פרוס,גרמים,200.00,100 גרם,false,0,12.50,6.25,true,1,
7290000046501,false,"גב.טל העמק32% 1 ק""ג משקל",תנובה,IL,גבינת טל העמק,גרמים,0.00,"ק""ג",true,0,57.00,57.00,true,1,
7290000046563,false,גב.קולאז' פרמזן 23%במשקל,תנובה,IL,גב.קולאז' פרמזן 23%במשקל,גרמים,0.00,"ק""ג",true,0,106.00,106.00,true,1,
7290000046662,false,גב.קשה סקנדינבית31%משקל,תנובה,IL,גב.קשה סקנדינבית31%משקל,קילוגרמים,0.00,"ק""ג",true,0,71.00,71.00,true,1,
7290000047027,false,גב.קולאז' גלעד 27% במשקל,תנובה,IL,גב.קולאז' גלעד 27% במשקל,קילוגרמים,0.00,"ק""ג",true,0,120.00,120.00,true,1,
7290000047034,false,גב.קולאז' רוקפור25%במשקל,תנובה,IL,גב.קולאז' רוקפור25%במשקל,קילוגרמים,0.00,"ק""ג",true,0,122.00,122.00,true,1,
7290000047546,false,גב.כנען 5% 500 גרם,תנובה,IL,גבינת כנען 5%,גרמים,500.00,100 גרם,false,0,23.00,4.60,true,1,
7290000047621,false,גב5%.שומן כשר מהדרין250ג,תנובה,IL,גבינה %5 מהדרי,גרמים,250.00,100 גרם,false,0,4.60,1.84,true,1,
7290000048185,false,גב.לבנה רכה 5% שומן 250ג,תנובה,IL,גבינה לבנה 5%,גרמים,250.00,100 גרם,false,0,4.60,1.84,true,1,
7290000048192,false,גב.לבנה רכה 9% 250 גרם,תנובה,IL,גבינה לבנה 9%,גרמים,250.00,100 גרם,false,0,4.60,1.84,true,1,
7290000048307,false,קוטג' 5% עם זיתים 250 גר,תנובה,IL,קוטג' עם זיתים5%,גרמים,250.00,100 גרם,false,0,5.70,2.28,true,1,
7290000048413,false,גב.חמד פיראוס16% 250 גר,תנובה,IL,גבינה מלוחה 16%,גרמים,250.00,100 גרם,false,0,17.60,7.04,true,1,
7290000048437,false,גבי. צפתית פיראוס5% 200ג,תנובה,IL,גבינה צפתית 5%,גרמים,200.00,100 גרם,false,0,14.90,7.45,true,1,
7290000050065,false,"יופלה 360 קלאסי 100*6מ""ל",תנובה,IL,יופלה 360 קלאסי,מיליליטרים,600.00,"100 מ""ל",false,0,12.30,2.05,true,1,
7290000050072,false,"יופלה 360 תות 100*6 מ""ל",תנובה,IL,יופלה 360 תות,מיליליטרים,600.00,"100 מ""ל",false,0,12.30,2.05,true,1,
7290000050270,false,פיראוס צפתית עיזים5% 200,תנובה,IL,פיראוס צפתית 5%,גרמים,200.00,100 גרם,false,0,18.50,9.25,true,1,
7290000050300,false,גבינה לבנה 5%,,IL,גבינה לבנה 5%,גרמים,125.00,100 גרם,false,0,2.40,1.92,true,1,
7290000050447,false,יופלה תות 500 גרם,תנובה,IL,יופלה תות,גרמים,500.00,100 גרם,false,0,9.90,1.98,true,1,
7290000050454,false,יופלה אפרסק 500 גרם,תנובה,IL,יופלה אפרסק,גרמים,500.00,100 גרם,false,0,9.90,1.98,true,1,
7290000050997,false,יופלה שטוזים בננה 100*4ג,תנובה,IL,יופלה שטוזים 4יח,גרמים,400.00,100 גרם,false,0,9.90,2.48,true,1,
7290000051024,false,יופלה שטוזים תות 100*4גר,תנובה,IL,יופלה שטוזים 4יח,גרמים,400.00,100 גרם,false,0,9.90,2.48,true,1,
7290000051352,false,חלב של פעם מלא3.6%-4% 1ל,תנובה,IL,חלב של פעם מלא,ליטרים,1.00,ליטר,false,0,7.40,7.40,true,1,
7290000051376,false,יופלה דיאט אננס 0% 150גר,תנובה,IL,יופלה דיאט אננס,גרמים,150.00,100 גרם,false,0,5.00,3.33,true,1,
7290000051697,false,"שמנת עמידה 250*3 מ""ל",תנובה,IL,שמנת עמידה 3 יח',מיליליטרים,750.00,"100 מ""ל",false,0,15.00,2.00,true,1,
7290000051956,false,טל העמק 9% חריץ במשקל,,,טל העמק 9% חריץ במשקל,קילוגרמים,0.00,"ק""ג",true,0,76.00,76.00,true,1,
7290000052250,false,יופלהYYYפירות יער3% 500ג,תנובה,IL,יופלה YYY פ.יער,גרמים,500.00,100 גרם,false,0,9.90,1.98,true,1,
7290000052298,false,משקה מוקה בקבוק 1 ליטר,תנובה,,משקה מוקה בקבוק,מיליליטרים,1000.00,"100 מ""ל",false,0,10.00,1.00,true,1,
7290000052304,false,"משקה מוקה בקבוק 340 מ""ל",תנובה,IL,משקה מוקה בקבוק,מיליליטרים,340.00,"100 מ""ל",false,0,6.30,1.85,true,1,
7290000052311,false,עמק 15% פרוס בקופסא 200,תנובה,IL,עמק 15% פרוס,גרמים,200.00,100 גרם,false,0,15.20,7.60,true,1,
7290000052649,false,פיראוס לבנה 5% 500 גרם,תנובה,IL,פיראוס לבנה 5%,גרמים,500.00,100 גרם,false,0,19.70,3.94,true,1,
7290000052717,false,קוטג' +שום שמיר,,IL,קוטג' +שום שמיר,גרמים,250.00,100 גרם,false,0,5.70,2.28,true,1,
7290000053127,false,עמק חריץ 15% שומן במשקל,,IL,עמק חריץ 15% שומן במשקל,קילוגרמים,0.00,"ק""ג",true,0,65.00,65.00,true,1,
7290000053271,false,עמק עיזים,,IL,עמק עיזים,גרמים,200.00,100 גרם,false,0,19.40,9.70,true,1,
7290000054513,false,שטוזים בטעמים 100*8ג,תנובה,IL,יופלה שטוזים 8יח,גרמים,800.00,100 גרם,false,0,15.90,1.99,true,1,
7290000054995,false,יוגורט עיזים פיראוס 500מ,תנובה,IL,יוגורט עיזים,מיליליטרים,500.00,"100 מ""ל",false,0,11.80,2.36,true,1,
7290000055015,false,פיראוס פטה כבשים 5% 250ג,תנובה,IL,פיראוס פטה כבשים,גרמים,250.00,100 גרם,false,0,25.90,10.36,true,1,
7290000055206,false,גבינה לבנה 5%,,IL,גבינה לבנה 5%,גרמים,250.00,100 גרם,false,0,5.40,2.16,true,1,
7290000055329,false,משקה יוגורט תות-מלון250ג,תנובה,IL,משקה יוגורט,גרמים,250.00,100 גרם,false,0,5.30,2.12,true,1,
7290000055336,false,משקה יוגורט בננ.אפרסק250,תנובה,IL,משקה יוגורט,גרמים,250.00,100 גרם,false,0,5.30,2.12,true,1,
7290000055343,false,משקה יוגורט טרופי 250גרם,תנובה,IL,משקה יוגורט,גרמים,250.00,100 גרם,false,0,5.30,2.12,true,1,
7290000055350,false,גבינת עמק 28% חריץ במשקל,תנובה,IL,גבינת עמק 28%,קילוגרמים,0.00,"ק""ג",true,1,41.30,41.30,true,1,
7290000055411,false,משקה אורז עמיד 1 ליטר,סויה מג'יק עפולה,IL,משקה אורז עמיד,ליטרים,1.00,ליטר,false,1,12.90,12.90,true,1,
7290000055428,false,משקה שקדים עמיד 1 ליטר,סויה מג'יק עפולה,IL,משקה שקדים עמיד,ליטרים,1.00,ליטר,false,1,12.90,12.90,true,1,
7290000055565,false,שלגונים מצופים 10 כשלפ,נסטלה,IL,שלגונים מצופים 10 כשלפ,גרמים,600.00,100 גרם,false,0,30.50,5.08,true,1,
7290000056081,false,פרילי טבע 6 * 200גרם,תנובה,IL,מארז פרילי טבע,קילוגרמים,1.20,"ק""ג",false,0,21.60,18.00,true,1,
7290000056272,false,גבינה לבנה 5%,,,גבינה לבנה 5%,גרמים,250.00,100 גרם,false,0,5.40,2.16,true,1,
7290000056845,false,חלב טרי הומוגני3% 1.5ל',תנובה,,חלב תנובה 3%,ליטרים,1.50,ליטר,false,0,8.62,5.75,true,1,
7290000056883,false,יופלה 3% טעמים 150*8גרם,תנובה,IL,יופלה 8 יח במארז,קילוגרמים,1.20,"ק""ג",false,0,29.90,24.92,true,1,
7290000056890,false,יופלה אננס/דובד%0 150*8ג,תנובה,IL,יופלה 0% 8 יח,קילוגרמים,1.20,"ק""ג",false,0,29.90,24.92,true,1,
7290000056906,false,יופלה לבן 1.5% 150*8גרם,תנובה,IL,יופלה לבן 1.5%,קילוגרמים,1.20,"ק""ג",false,0,17.90,14.92,true,1,
7290000056951,false,שמנת לבישול 15%,,,שמנת לבישול 15%,מיליליטרים,500.00,"100 מ""ל",false,0,15.70,3.14,true,1,
7290000056968,false,שמנת38%,,,שמנת38%,מיליליטרים,500.00,"100 מ""ל",false,0,11.90,2.38,true,1,
7290000057088,false,גבינת עמק דק 28% 200 גרם,תנובה,IL,גבינת עמק דק 28%,גרמים,200.00,100 גרם,false,0,15.20,7.60,true,1,
7290000057118,false,גבינת עמק פרוסה,,,גבינת עמק פרוסה,גרמים,400.00,100 גרם,false,0,21.30,5.33,true,1,
7290000057132,false,יוגורט תנובה1.5%,,,יוגורט תנובה1.5%,גרמים,200.00,100 גרם,false,0,3.00,1.50,true,1,
7290000057149,false,יוגורט תנובה 3% 200 גרם,תנובה,,יוגורט תנובה 3%,גרמים,200.00,100 גרם,false,0,3.00,1.50,true,1,
7290000057552,false,יופלה עוגת גבינה,,IL,יופלה עוגת גבינה,גרמים,150.00,100 גרם,false,0,5.00,3.33,true,1,
7290000057651,false,גבינת קרם שמנת+5%בצל200ג,תנובה,IL,גבינת קרם שמנת,גרמים,200.00,100 גרם,false,0,10.80,5.40,true,1,
7290000058030,false,8שטוזים משקה תות,,IL,8שטוזים משקה תות,מיליליטרים,800.00,"100 מ""ל",false,0,20.30,2.54,true,1,
7290000058283,false,גבינת עיזים 5%,,,גבינת עיזים 5%,גרמים,240.00,100 גרם,false,0,14.50,6.04,true,1,
7290000060088,false,בייגלה מקלות מלוחים400גר,אסם,IL,בייגלה מקלות,גרמים,400.00,100 גרם,false,0,9.90,2.48,true,1,
7290000060156,false,אטריות ביצים דקות 200 גר,אסם,IL,אטריות ביצים,גרמים,200.00,100 גרם,false,0,7.80,3.90,true,1,
7290000060163,false,אטריות דקות 400 גרם,אסם,IL,אטריות דקות,גרמים,400.00,100 גרם,false,0,6.90,1.73,true,1,
7290000060200,false,פתיתים אפויים קוסקוס500ג,אסם,IL,פתיתים אפויים,גרמים,500.00,100 גרם,false,0,6.90,1.38,true,1,
7290000060248,false,פסטה אסם תלתלים 500 גרם,זארה,IT,פסטה תלתלים,גרמים,500.00,100 גרם,false,0,5.40,1.08,true,1,
7290000060316,false,ספגטי פרפקטו 500 גרם,זארה,IT,ספגטי פרפקטו,גרמים,500.00,100 גרם,false,0,7.60,1.52,true,1,
7290000060323,false,ספגטיני פרפקטו 500 גרם,זארה,IT,ספגטיני פרפקטו,גרמים,500.00,100 גרם,false,0,7.60,1.52,true,1,
7290000060330,false,ספירלי פרפקטו 500 גרם,זארה,IT,ספירלי פרפקטו,גרמים,500.00,100 גרם,false,0,7.60,1.52,true,1,
7290000060415,false,לזניה פרפקטו 500 גרם,פסטה לנסי,IT,לזניה פרפקטו,גרמים,500.00,100 גרם,false,0,14.40,2.88,true,1,
7290000060491,false,פרפקטו קיפרי ריגאטי 500ג,זארה,IT,פסטה קיפרי ריגטי,גרמים,500.00,100 גרם,false,0,7.60,1.52,true,1,
7290000060538,false,פרפקטו צדפים 500 גרם,זארה,IT,פרפקטו צדפים,גרמים,500.00,100 גרם,false,0,7.60,1.52,true,1,
7290000060576,false,"פתיתים אפויים""כוכבים500""",אסם,IL,פתיתים אפויים,גרמים,500.00,100 גרם,false,0,6.90,1.38,true,1,
7290000060781,false,פסטה מסולסלת אסם 500 גרם,זארה,IT,פסטה מסולסלת,גרמים,500.00,100 גרם,false,0,5.40,1.08,true,1,
7290000060828,false,פסטה קרניים בינוניות500ג,זארה,IT,פסטה קרניים,גרמים,500.00,100 גרם,false,0,5.40,1.08,true,1,
7290000060842,false,פסטה צדפים גדולים 500 גר,זארה,IT,פסטה צדפים אסם,גרמים,500.00,100 גרם,false,0,5.40,1.08,true,1,
7290000060880,false,פסטה ספגטי מס 8 אסם 500ג,זארה,IT,ספגטי מס' 8,גרמים,500.00,100 גרם,false,0,5.40,1.08,true,1,
7290000060903,false,פתיתים אפויים אורז 500 ג,אסם,IL,פתיתים אפויים,גרמים,500.00,100 גרם,false,0,6.90,1.38,true,1,
7290000060958,false,אטריות בינוניות 400 גרם,אסם,IL,אטריות בינוניות,גרמים,400.00,100 גרם,false,0,6.90,1.73,true,1,
7290000060965,false,אטריות רחבות 400 גרם,אסם,IL,אטריות רחבות,גרמים,400.00,100 גרם,false,0,6.90,1.73,true,1,
7290000060972,false,אטריות דקיקות אסם 400 גר,זארה,IT,אטריות דקיקות,גרמים,400.00,100 גרם,false,0,6.90,1.73,true,1,
7290000061085,false,"רוטב צ'ילי מתוק 290 מ""ל",אסם,IL,רוטב צ'ילי אסם,מיליליטרים,290.00,"100 מ""ל",false,0,9.90,3.41,true,1,
7290000061245,false,עוג.שוקוצ'יפס ממולאות220,אסם,IL,עוגיות ש.צ'יפס,גרמים,220.00,100 גרם,false,0,10.60,4.82,true,1,
7290000061283,false,שקדי מרק 400 גרם25%+חינם,אסם,IL,שקדי מרק,גרמים,500.00,100 גרם,false,0,10.90,2.18,true,1,
7290000061450,false,פתיתים אפויים 3צבעים500ג,אסם,IL,פתיתים אפויים,גרמים,500.00,100 גרם,false,0,6.90,1.38,true,1,
7290000062242,false,דובונים שמנת בצל 40 גרם,אסם,IL,דובונים שמנת בצל,גרמים,40.00,100 גרם,false,0,4.30,10.75,true,1,
7290000062952,false,מיני קרוטונים מתובל 250ג,עינת,IL,מיני קרוטונים,גרמים,250.00,100 גרם,false,0,13.90,5.56,true,1,
7290000063027,false,"לחמית ללא גלוטן 1 ק""ג",אסם,IL,לחמית ללא גלוטן,קילוגרמים,1.00,"ק""ג",false,0,39.20,39.20,true,1,
7290000063096,false,קטשופ בקב.לחיץ 750*2 גרם,אסם,IL,קטשופ זוג,קילוגרמים,1.50,"ק""ג",false,0,19.30,12.87,true,1,
7290000063102,false,קמח תופח מאליו 350 גרם,אסם,IL,קמח תופח מאליו,גרמים,350.00,100 גרם,false,0,4.90,1.40,true,1,
7290000063133,false,שקדי מרק רכיבים טבעי100ג,אסם,IL,שקדי מרק אסם,גרמים,100.00,100 גרם,false,0,5.40,5.40,true,1,
7290000063140,false,שקדי מרק רכיבים טבעי400ג,אסם,IL,שקדי מרק אסם,גרמים,400.00,100 גרם,false,0,10.90,2.73,true,1,
7290000063157,false,"קמח תופח מאליו 1 ק""ג",אסם,IL,קמח תופח מאליו,קילוגרמים,1.00,"ק""ג",false,0,8.50,8.50,true,1,
7290000064505,false,תבשיל פתיתים+ירקות 130גר,אסם,IL,תבשיל פתיתים,גרמים,130.00,100 גרם,false,0,8.90,6.85,true,1,
7290000064758,false,קוסקוס בינוני 350 גרם,קוסקוס מזון,IL,קוסקוס בינוני,גרמים,350.00,100 גרם,false,0,7.90,2.26,true,1,
7290000065090,false,מיני קרוטונים מתובל400 ג,עינת,IL,מיני קרוטונים,גרמים,400.00,100 גרם,false,0,22.80,5.70,true,1,
7290000065267,false,קראנץ רולס 450 גרם,אסם,IL,קראנץ רולס,גרמים,450.00,100 גרם,false,0,23.00,5.11,true,1,
7290000065557,false,מ.חמה קוסקוס עם ירקות 84,אסם,IL,מנה חמה קוסקוס,גרמים,84.00,100 גרם,false,0,5.90,7.02,true,1,
7290000065717,false,סירופ ויטמינצ'יק פטל 1ל',בית השיטה,IL,ויטמינצ'יק פטל,ליטרים,1.00,ליטר,false,0,12.90,12.90,true,1,
7290000066141,false,ביסלי גריל 70 גרם,אסם,IL,ביסלי גריל,גרמים,70.00,100 גרם,false,0,4.20,6.00,true,1,
7290000066158,false,ביסלי בצל 67 גרם,אסם,IL,ביסלי בטעם בצל,גרמים,67.00,100 גרם,false,0,4.20,6.27,true,1,
7290000066165,false,ביסלי ברביקיו 67 גרם,אסם,IL,ביסלי ברביקיו,גרמים,67.00,100 גרם,false,0,4.20,6.27,true,1,
7290000066172,false,ביסלי פיצה 70 גרם,אסם,IL,ביסלי פיצה,גרמים,70.00,100 גרם,false,0,4.20,6.00,true,1,
7290000066202,false,ביסלי בצל 190 גרם,אסם,IL,ביסלי בטעם בצל,גרמים,190.00,100 גרם,false,0,6.90,3.63,true,1,
7290000066219,false,ביסלי ברביקיו 190 גרם,אסם,IL,ביסלי ברביקיו,גרמים,190.00,100 גרם,false,0,6.90,3.63,true,1,
7290000066226,false,ביסלי פיצה 200 גרם,אסם,IL,ביסלי בטעם פיצה,גרמים,200.00,100 גרם,false,0,6.90,3.45,true,1,
7290000066264,false,דובונים-חטיפים מלוחים40ג,אסם,IL,חטיפי דובונים,גרמים,40.00,100 גרם,false,0,4.30,10.75,true,1,
7290000066295,false,במבה מתוקה 30 גרם,אסם,IL,במבה מתוקה,גרמים,30.00,100 גרם,false,0,2.60,8.67,true,1,
7290000066318,false,במבה 80 גרם,אסם,IL,במבה,גרמים,80.00,100 גרם,false,0,4.50,5.63,true,1,
7290000066332,false,אפרופו 50 גרם,אסם,IL,חטיף אפרופו,גרמים,50.00,100 גרם,false,0,5.10,10.20,true,1,
7290000066349,false,אפרופו 100 גרם,אסם,IL,אפרופו חטיף תירס,גרמים,100.00,100 גרם,false,0,8.30,8.30,true,1,
7290000066431,false,פופקו בטעם חמאה ודבש80גר,אסם,IL,חטיף פופקו,גרמים,80.00,100 גרם,false,0,5.40,6.75,true,1,
7290000067070,false,עוג.מיני ממולא.שוקולד300,אסם,IL,עוגיות ממולאות,גרמים,300.00,100 גרם,false,0,10.90,3.63,true,1,
7290000067537,false,"ביסלי גריל כשל""פ 70 גרם",אסם,IL,ביסלי גריל,גרמים,70.00,100 גרם,false,0,4.20,6.00,true,1,
7290000067544,false,פירורית זהב 200 גרם,עינת,IL,פירורית זהב,גרמים,200.00,100 גרם,false,0,6.00,3.00,true,1,
7290000067568,false,"ביסלי ברביקיו כשל""פ 70גר",אסם,IL,ביסלי ברביקיו,גרמים,70.00,100 גרם,false,0,4.20,6.00,true,1,
7290000067735,false,"ניוקי תפו""א 500 גרם",איטלניוקי,IT,ניוקי פרפקטו,גרמים,500.00,100 גרם,false,0,11.00,2.20,true,1,
7290000067742,false,"פודינג אינסט.וניל כל""פ80",אסם,IL,פודינג וניל,גרמים,80.00,100 גרם,false,0,5.20,6.50,true,1,
7290000068138,false,אינסטנט פודינג וניל 80גר,אסם,IL,אינסטנט פודינג,גרמים,80.00,100 גרם,false,0,5.20,6.50,true,1,
7290000068152,false,"רוטב צלי בשר כשל""פ 22גרם",אסם,IL,רוטב צלי בשר,גרמים,22.00,100 גרם,false,0,3.60,16.36,true,1,
7290000068237,false,ג'לי בטעם פטל 85 גרם,אסם,IL,ג'לי בטעם פטל,גרמים,85.00,100 גרם,false,0,6.40,7.53,true,1,
7290000068282,false,"מנה חמה פירה כשל""פ 47גר",אסם,IL,מנה חמה פירה,גרמים,47.00,100 גרם,false,0,6.50,13.83,true,1,
7290000068299,false,מנה חמה פירה+פטריות47גר,אסם,IL,מנה חמה פירה,גרמים,47.00,100 גרם,false,0,6.90,14.68,true,1,
7290000068701,false,שקדי מרק במיכל 400 גרם,אסם,IL,שקדי מרק במיכל,גרמים,400.00,100 גרם,false,0,16.30,4.08,true,1,
7290000068787,false,"במבה יום הולדת 25ג בד""צ",אסם,IL,במבה יום הולדת,גרמים,25.00,100 גרם,false,0,2.20,8.80,true,1,
7290000068893,false,במבה נוגט 60*4 גרם,אסם,IL,במבה נוגט 4 יח',גרמים,240.00,100 גרם,false,0,17.00,7.08,true,1,
7290000069562,false,פריכונ.דקים חיטה+שבול130,הרטו,BE,פריכונים דקים,גרמים,130.00,100 גרם,false,0,8.50,6.54,true,1,
7290000069968,false,"קמח תופח לעוגה כשל""פ200ג",אסם,IL,"קמח תופח כשל""פ",גרמים,200.00,100 גרם,false,0,9.00,4.50,true,1,
7290000070308,false,מרק עוף אמיתי 400 גרם,אסם,IL,מרק עוף אמיתי,גרמים,400.00,100 גרם,false,0,18.70,4.68,true,1,
7290000070322,false,מרק פטריות ר.טבעיים400גר,אסם,IL,מרק פטריות אסם,גרמים,400.00,100 גרם,false,0,25.60,6.40,true,1,
7290000070353,false,מרק בצל רכיבים טבעיים400,אסם,IL,מרק בצל אסם,גרמים,400.00,100 גרם,false,0,25.60,6.40,true,1,
7290000070384,false,מרק בטעם עוף זך עדיף400ג,אסם,IL,מרק בטעם עוף,גרמים,400.00,100 גרם,false,0,13.60,3.40,true,1,
7290000071008,false,בייגלה שטוח מלח 60 גרם,אסם,IL,בייגלה שטוחים,גרמים,60.00,100 גרם,false,0,2.90,4.83,true,1,
7290000072203,false,רוטב אלף האיים אסם 290מל,אסם,IL,רוטב אלף האיים,מיליליטרים,290.00,"100 מ""ל",false,0,10.90,3.76,true,1,
7290000072241,false,"רוטב פיצה 290 מ""ל",אסם,IL,רוטב לפיצה אסם,מיליליטרים,290.00,"100 מ""ל",false,0,9.90,3.41,true,1,
7290000072548,false,מאגדת לייט וניל עוגי180ג,נסטלה,IL,מאגדת לייט וניל עוגי180ג,גרמים,180.00,100 גרם,false,0,24.90,13.83,true,1,
7290000072623,false,קטשופ בקבוק לחיץ 750 גרם,אסם,IL,קטשופ בקבוק לחיץ,גרמים,750.00,100 גרם,false,0,10.90,1.45,true,1,
7290000072630,false,קטשופ חריף 750 גרם,אסם,IL,קטשופ חריף,גרמים,750.00,100 גרם,false,0,13.80,1.84,true,1,
7290000072692,false,רוטב ספגטי 500 גרם,אסם,IL,רוטב ספגטי אסם,גרמים,500.00,100 גרם,false,0,14.70,2.94,true,1,
7290000072753,false,נסקפה טסטר'ס צ'ויס200ג,נסטלה,KR,נסקפה טסטרס צויס,גרמים,200.00,100 גרם,false,0,34.90,17.45,true,1,
7290000072777,false,טסטרס צ'ויס נט.קפאין200,נסטלה,KR,קפה טסטרס צויס,גרמים,200.00,100 גרם,false,0,37.90,18.95,true,1,
7290000072784,false,טסטרס צ'ויס נט.קפאין100ג,נסטלה,KR,קפה טסטרס צויס,גרמים,100.00,100 גרם,false,0,29.60,29.60,true,1,
7290000072791,false,נסקפה גולד בלנד 200 גר,נסטלה,CH,נסקפה גולד בלנד,גרמים,200.00,100 גרם,false,0,45.90,22.95,true,1,
7290000072814,false,נסקפה גולד אספרסו 200ג,נסטלה,FR,נסקפה גולד,גרמים,200.00,100 גרם,false,0,45.90,22.95,true,1,
7290000072890,false,רוטב אלף האיים 2% 290מ,אסם,IL,רוטב אלף האיים,מיליליטרים,290.00,"100 מ""ל",false,0,10.90,3.76,true,1,
7290000072913,false,"רוטב שום 2% שומן 290 מ""ל",אסם,IL,רוטב שום לייט,מיליליטרים,290.00,"100 מ""ל",false,0,10.90,3.76,true,1,
7290000072968,false,סיני מיניס 500 גרם,נסטלה,PL,דגני נסטלה,גרמים,500.00,100 גרם,false,0,23.70,4.74,true,1,
7290000073125,false,מ.חמה פסטה ברוטב עגבניות,אסם,IL,מנה חמה פסטה,גרמים,62.00,100 גרם,false,0,5.90,9.52,true,1,
7290000073415,false,מ.חמה פסטה ברוטב פיצה,אסם,IL,מנה חמה פסטה,גרמים,61.00,100 גרם,false,0,5.90,9.67,true,1,
7290000073835,false,צ'יפסי 4 * 50 גרם,אסם,IL,צ'יפסי 4 יחידות,גרמים,200.00,100 גרם,false,0,10.90,5.45,true,1,
7290000073972,false,סלט טחינה צבר 150 גרם,צבר,IL,סלט טחינה צבר,גרמים,150.00,100 גרם,false,0,6.10,4.07,true,1,
7290000074184,false,ביסקוויט פתי בר 500 גרם,אסם,IL,ביסקוויט פתי בר,גרמים,500.00,100 גרם,false,0,10.90,2.18,true,1,
7290000074245,false,קרם קרקר 250 גרם,אסם,IL,קרם קרקר אסם,גרמים,250.00,100 גרם,false,0,9.80,3.92,true,1,
7290000074252,false,קרקר שומשום 250 גרם,אסם,IL,קרקר שומשום אסם,גרמים,250.00,100 גרם,false,0,9.50,3.80,true,1,
7290000074290,false,לחמית סובין 230 גרם,אסם,IL,לחמית אסם,גרמים,230.00,100 גרם,false,0,8.90,3.87,true,1,
7290000074337,false,לחמית ח.מלאה דל נתרן250ג,אסם,IL,לחמית דל נתרן,גרמים,250.00,100 גרם,false,0,9.00,3.60,true,1,
7290000074375,false,קרקר זהב 150 גרם,אסם,IL,קרקר זהב אסם,גרמים,150.00,100 גרם,false,0,7.00,4.67,true,1,
7290000074481,false,לחמית אגוזים 160 גרם,אסם,IL,לחמית אגוזים,גרמים,160.00,100 גרם,false,0,9.00,5.63,true,1,
7290000074641,false,סלט כרוב אדום צבר 140 גר,צבר,IL,כרוב אדום צבר,גרמים,140.00,100 גרם,false,0,5.90,4.21,true,1,
7290000074658,false,"ביסקוויט פתי בר 1 ק""ג",אסם,IL,ביסקוויט פתי בר,קילוגרמים,1.00,"ק""ג",false,0,18.70,18.70,true,1,
7290000074696,false,"קרם קרקר 1 ק""ג",אסם,IL,קרם קרקר,קילוגרמים,1.00,"ק""ג",false,0,28.70,28.70,true,1,
7290000074764,false,קרקר זהב 900 גרם,אסם,IL,קרקר זהב אסם,גרמים,900.00,100 גרם,false,0,28.60,3.18,true,1,
7290000074962,false,עוג.מיני שוקוצ'יפס 225גר,כרמית,IL,עוגיות שוקוצ'יפס,גרמים,225.00,100 גרם,false,0,9.80,4.36,true,1,
7290000075143,false,עוג. שוקוצ'יפס קלאסי200ג,אסם,IL,עוגיות שוקוצ'יפס,גרמים,200.00,100 גרם,false,0,10.80,5.40,true,1,
7290000075204,false,לחמית חיטה מלאה 250 גרם,אסם,IL,לחמית חיטה מלאה,גרמים,250.00,100 גרם,false,0,8.90,3.56,true,1,
7290000075372,false,פיטנס שקדים ודבש 355*2גר,נסטלה,FR,פיטנס זוג,גרמים,710.00,100 גרם,false,0,34.60,4.87,true,1,
7290000076126,false,בייגלה שמיניות קטנות80גר,אסם,IL,בייגלה שמיניות,גרמים,80.00,100 גרם,false,0,3.30,4.13,true,1,
7290000076133,false,בייגלה שמיניות קטנות400ג,אסם,IL,בייגלה שמיניות,גרמים,400.00,100 גרם,false,0,9.90,2.48,true,1,
7290000076157,false,נסקוויק אבקה להכ.שוקו450,אסם,IL,נסקוויק שוקו,גרמים,450.00,100 גרם,false,0,13.90,3.09,true,1,
7290000076775,false,מאגדת לייט יוגורט חמוציו,נסטלה,IL,מאגדת לייט יוגורט חמוציו,גרמים,258.00,100 גרם,false,0,24.90,9.65,true,1,
7290000077017,false,קרמוגית ממולא שוקו200.גר,אסם,IL,קרמוגית שוקולד,גרמים,200.00,100 גרם,false,0,10.90,5.45,true,1,
7290000077253,false,לחמית כפרית 190 גרם,אסם,IL,לחמית כפרית,גרמים,190.00,100 גרם,false,0,9.00,4.74,true,1,
7290000077925,false,טוסטעים צנימים עגולים125,ון דר מולן,NL,טוסטעים צנימים,גרמים,125.00,100 גרם,false,0,10.50,8.40,true,1,
7290000078212,false,קרוטונים מתובלים 250גרם,עינת,IL,קרוטונים מתובל,גרמים,250.00,100 גרם,false,0,13.90,5.56,true,1,
7290000079233,false,קרם קרקר דל נתרן 250 גרם,אסם,IL,קרם קרקר דיאט,גרמים,250.00,100 גרם,false,0,9.90,3.96,true,1,
7290000080505,false,סלט טורקי רפי כהן 400 גר,צבר,IL,סלט טורקי,גרמים,400.00,100 גרם,false,0,15.90,3.98,true,1,
7290000080536,false,חציל טעם כבד רפי כהן400ג,צבר,IL,חציל טעם כבד תבר,גרמים,400.00,100 גרם,false,0,15.90,3.98,true,1,
7290000080758,false,טוסטעים פת קלויה 100 גרם,ון דר מולן,NL,טוסטעים פת קלוי,גרמים,100.00,100 גרם,false,0,10.50,10.50,true,1,
7290000080765,false,טוסטעים פת קלוי+שומשו100,ון דר מולן,NL,טוסטעים +שומשו,גרמים,100.00,100 גרם,false,0,10.50,10.50,true,1,
7290000080932,false,"גל.גויה שוקולד אגוז כל""פ",נסטלה,IL,גלידה גויה,מיליליטרים,500.00,"100 מ""ל",false,0,19.90,3.98,true,1,
7290000081168,false,חטיף צ'יפסי מלוח 50 גרם,אסם,IL,חטיף צ'יפסי,גרמים,50.00,100 גרם,false,0,3.40,6.80,true,1,
7290000081663,false,בייגלה טבעות שומשום300גר,אסם,IL,בייגלה טבעות,גרמים,300.00,100 גרם,false,0,9.90,3.30,true,1,
7290000090030,true,מאפה נפולאון מחיר לפי מש,גידרון,IL,מאפה נפוליאון,קילוגרמים,0.00,"ק""ג",true,0,42.00,42.00,true,1,
7290000090061,true,בורקס יווני+זית חלב לקג,גידרון,IL,בורקס יווני חלבי,קילוגרמים,0.00,"ק""ג",true,0,40.00,40.00,true,1,
7290000090504,true,מאפה צרפתי+גב.במשקל חלבי,גידרון,IL,מאפה צרפתי+גבי,קילוגרמים,0.00,"ק""ג",true,0,42.00,42.00,true,1,
7290000090603,true,פוקצה עם ירקות קפוא,גידרון,IL,פוקצה עם ירקות,יחידה,1.00,יחידה,false,0,7.20,7.20,true,1,
7290000090627,true,לחמניה מתוקה,גידרון,IL,לחמניה מתוקה,יחידה,1.00,יחידה,false,0,2.00,2.00,true,1,
7290000090689,true,פוקצה עם זיתים קפוא,גידרון,IL,פוקצה עם זית,יחידה,1.00,יחידה,false,0,7.20,7.20,true,1,
7290000090832,true,בייגל אמריקאי רגיל,גידרון,IL,בייגל אמריקאי,יחידה,1.00,יחידה,false,0,3.90,3.90,true,1,
7290000091808,true,בייגל שמינייה,גידרון,IL,בייגל שמינייה,יחידה,1.00,יחידה,false,0,3.90,3.90,true,1,
7290000092201,true,כיס גבינה משקל,גידרון,IL,מאפה כיס גבינה,קילוגרמים,0.00,"ק""ג",true,0,42.00,42.00,true,1,
7290000092218,true,"כיס תפו""ע מחיר לפי משקל",גידרון,IL,"מאפה כיס תפו""ע",קילוגרמים,0.00,"ק""ג",true,0,42.00,42.00,true,1,
7290000092614,true,טורקי פטריות במשקל,גידרון,IL,טורקי פטריות,קילוגרמים,0.00,"ק""ג",true,0,40.00,40.00,true,1,
7290000093307,true,חטיף קשקבל חלבי במשקל,גידרון,IL,חטיף קשקבל במש,קילוגרמים,0.00,"ק""ג",true,0,40.00,40.00,true,1,
7290000094083,true,לחמניה גידרול,גידרון,IL,לחמניה גידרול,יחידה,1.00,יחידה,false,0,4.50,4.50,true,1,
7290000094199,true,לחם חצי ג'בטה,גידרון,IL,חצי ג'בטה לבן,יחידה,1.00,יחידה,false,0,3.90,3.90,true,1,
7290000094946,true,אוזני המן שוקולד אפוי,גידרון,IL,אוזני המן שוקולד,קילוגרמים,0.00,"ק""ג",true,0,39.00,39.00,true,1,
7290000096018,true,שנייק קינמון במשקל,גידרון,IL,שנייק קינמון,קילוגרמים,0.00,"ק""ג",true,0,42.00,42.00,true,1,
7290000096032,true,חצי בגט,גידרון,IL,חצי בגט,יחידה,1.00,יחידה,false,0,2.90,2.90,true,1,
7290000096919,true,טורקי גבינה במשקל,גידרון,IL,טורקי גבינה,קילוגרמים,0.00,"ק""ג",true,0,40.00,40.00,true,1,
7290000096926,true,שנייק פיצה חלבי במשקל,גידרון,IL,שנייק פיצה,קילוגרמים,0.00,"ק""ג",true,0,40.00,40.00,true,1,
7290000097282,true,קרואסון שוקולד 1 יח,גידרון,IL,קרואסון שוקולד,יחידה,1.00,יחידה,false,0,5.30,5.30,true,1,
7290000097633,true,לחמניית קשר,גידרון,IL,לחמניית קשר,יחידה,1.00,יחידה,false,0,2.90,2.90,true,1,
7290000097657,true,לחמניית חלה,גידרון,IL,לחמניית חלה,יחידה,1.00,יחידה,false,0,3.90,3.90,true,1,
7290000098289,true,בייגלה,גידרון,IL,בייגלה,יחידה,1.00,יחידה,false,0,3.90,3.90,true,1,
7290000098296,true,לחמניית אצבע,גידרון,IL,לחמניית אצבע,יחידה,1.00,יחידה,false,0,2.00,2.00,true,1,
7290000098982,true,נשיקות לבן מחיר לפי משקל,תבואות בר,IL,"מאפה ""נשיקות""",קילוגרמים,0.00,"ק""ג",true,0,57.00,57.00,true,1,
7290000099118,true,"בורקס תפו""א גדול 1 יח'",גידרון,IL,"בורקס תפו""א גד",יחידה,1.00,יחידה,false,0,5.70,5.70,true,1,
7290000099248,true,בורקס גבינה במשקל,גידרון,IL,בורקס גבינה,קילוגרמים,0.00,"ק""ג",true,0,32.00,32.00,true,1,
7290000099255,true,בורקס תפוח אדמה מחיר לקג,גידרון,IL,"בורקס תפו""א",קילוגרמים,0.00,"ק""ג",true,0,32.00,32.00,true,1,
7290000099385,true,גביניות במשקל,גידרון,IL,גביניות,קילוגרמים,0.00,"ק""ג",true,0,33.00,33.00,true,1,
7290000099415,true,רוגלך במשקל,גידרון,IL,רוגלך,קילוגרמים,0.00,"ק""ג",true,0,33.00,33.00,true,1,
7290000099439,true,קרואסון קטן במשקל,גידרון,IL,קרואסונים קטני,קילוגרמים,0.00,"ק""ג",true,0,33.00,33.00,true,1,
7290000099460,true,קרואסון ט.חמאה פרווה,גידרון,IL,קרואסון טעם חמאה,יחידה,1.00,יחידה,false,0,5.30,5.30,true,1,
7290000099477,true,קרואסון ביס שוקולד במשקל,גידרון,IL,קרואסון שוקולד,קילוגרמים,0.00,"ק""ג",true,0,33.00,33.00,true,1,
7290000099491,true,"מאפה תפו""ע קטן לפי משקל",גידרון,IL,מאפה תפוח-עץ,קילוגרמים,0.00,"ק""ג",true,0,42.00,42.00,true,1,
7290000099514,true,מאפה צימוקים קטן במשקל,גידרון,IL,מאפה צימוקים,קילוגרמים,0.00,"ק""ג",true,0,42.00,42.00,true,1,
7290000099804,true,קוקיס שוקולד לבן במשקל,גידרון,IL,קוקיס שוקולד,קילוגרמים,0.00,"ק""ג",true,0,51.00,51.00,true,1,
7290000099835,true,קוקיס שוקולד חלב במשקל,גידרון,IL,קוקיס שוקולד,קילוגרמים,0.00,"ק""ג",true,0,51.00,51.00,true,1,
7290000099927,true,בורקיטס במשקל,גידרון,IL,בורקיטס,קילוגרמים,0.00,"ק""ג",true,0,32.00,32.00,true,1,
7290000103419,false,אורז מג'דרה 700גרם,סנפרוסט,IL,אורז מג'דרה,גרמים,700.00,100 גרם,false,0,16.40,2.34,true,1,
7290000103426,false,אורז עם אפונה וגזר 700גר,סנפרוסט,IL,אורז אפונה וגזר,גרמים,700.00,100 גרם,false,0,16.40,2.34,true,1,
7290000103730,false,לקט להקפצה פסטה פוזילי,סנפרוסט,IL,לקט להקפצה,גרמים,800.00,100 גרם,false,0,24.50,3.06,true,1,
7290000103747,false,לקט להקפצה פסטה פנה 800,סנפרוסט,IL,לקט להקפצה,גרמים,800.00,100 גרם,false,0,22.70,2.84,true,1,
7290000103808,false,לקט להקפצה סיני 800גרם,סנפרוסט,IL,לקט להקפצה סיני 800גרם,גרמים,800.00,100 גרם,false,0,23.70,2.96,true,1,
7290000103815,false,לקט להקפצה תאילנדי 800גר,סנפרוסט,IL,לקט תאילנדי,גרמים,800.00,100 גרם,false,0,24.90,3.11,true,1,
7290000103822,false,לקט לעוף 800גרם,סנפרוסט,IL,לקט לעוף 800גרם,גרמים,800.00,100 גרם,false,0,23.00,2.88,true,1,
7290000103846,false,מרק אפונה 572גרם,סנפרוסט,IL,מרק אפונה,גרמים,572.00,100 גרם,false,0,17.90,3.13,true,1,
7290000103860,false,מרק עדשים 572גרם,סנפרוסט,IL,מרק עדשים,גרמים,572.00,100 גרם,false,0,17.90,3.13,true,1,
7290000104072,false,עדשים ירוקות מבושלות 800,סנפרוסט,IL,עדשים ירוקות מבושלות 800,גרמים,800.00,100 גרם,false,0,18.70,2.34,true,1,
7290000104201,false,אפונה עדינה 600 גרם,סנפרוסט,IL,אפונה עדינה קפוא,גרמים,600.00,100 גרם,false,0,17.90,2.98,true,1,
7290000104218,false,במיה מוקפאת 600 גרם,סנפרוסט,IL,במיה מוקפאת,גרמים,600.00,100 גרם,false,0,15.80,2.63,true,1,
7290000104225,false,בצל קצוץ מוקפא 600 גרם,סנפרוסט,IL,בצל קצוץ מוקפא,גרמים,600.00,100 גרם,false,0,17.00,2.83,true,1,
7290000104676,false,אפונה ירוקה מוקפאת 800גר,סנפרוסט,IL,אפונה ירוקה קפוא,גרמים,800.00,100 גרם,false,0,18.90,2.36,true,1,
7290000104683,false,שעועית שלמה מוקפאת 800 ג,סנפרוסט,IL,שעועית שלמה-קפוא,גרמים,800.00,100 גרם,false,0,19.90,2.49,true,1,
7290000104690,false,תירס גרעינים מוקפא 800 ג,סנפרוסט,IL,גרעיני תירס קפוא,גרמים,800.00,100 גרם,false,0,17.90,2.24,true,1,
7290000104706,false,גזר גמדי מוקפא 800 גרם,סנפרוסט,IL,גזר גמדי מוקפא,גרמים,800.00,100 גרם,false,0,17.60,2.20,true,1,
7290000104713,false,פול ירוק מוקפא 800 גרם,סנפרוסט,IL,פול ירוק מוקפא,גרמים,800.00,100 גרם,false,0,22.70,2.84,true,1,
7290000104720,false,שעועית ירוקה חתוכה 800 ג,סנפרוסט,IL,שעועית ירוקה חתוכה 800 ג,גרמים,800.00,100 גרם,false,0,18.70,2.34,true,1,
7290000104737,false,שעועית צהובה חתוכה 800 ג,סנפרוסט,IL,שעועית צהובה,גרמים,800.00,100 גרם,false,0,19.00,2.38,true,1,
7290000104744,false,כרובית מוקפאת 800 גרם,סנפרוסט,IL,כרובית מוקפאת,גרמים,800.00,100 גרם,false,0,23.90,2.99,true,1,
7290000104751,false,כרוב ניצנים מוקפא 800 גר,סנפרוסט,IL,כרוב ניצנים קפוא,גרמים,800.00,100 גרם,false,0,23.90,2.99,true,1,
7290000104768,false,תרד עלים מוקפא 800 גרם,סנפרוסט,IL,תרד עלים מוקפא,גרמים,800.00,100 גרם,false,0,25.60,3.20,true,1,
7290000104775,false,מדליוני תרד קפוא 800 גרם,סנפרוסט,IL,מדליוני תרד קפ,גרמים,800.00,100 גרם,false,0,25.60,3.20,true,1,
7290000104799,false,שעועית לבנה מבושלת 800גר,סנפרוסט,IL,שעועית לבנה,גרמים,800.00,100 גרם,false,0,19.80,2.48,true,1,
7290000104805,false,גרגרי חומוס מבושל 800גרם,סנפרוסט,IL,גרגרי חומוס קפוא,גרמים,800.00,100 גרם,false,0,19.70,2.46,true,1,
7290000104829,false,"קלחוני תירס 1 ק""ג",סנפרוסט,IL,"קלחוני תירס 1 ק""ג",קילוגרמים,1.00,"ק""ג",false,0,19.70,19.70,true,1,
7290000104836,false,שעועית עדינה שלמה 600גרם,סנפרוסט,IL,שעועית שלמה קפוא,גרמים,600.00,100 גרם,false,0,22.90,3.82,true,1,
7290000104874,false,לקט לקוסקוס 800 גרם,סנפרוסט,IL,לקט לקוסקוס קפוא,גרמים,800.00,100 גרם,false,0,23.00,2.88,true,1,
7290000104881,false,אפונה וגזר 800 גרם,סנפרוסט,IL,אפונה וגזר 800 גרם,גרמים,800.00,100 גרם,false,0,17.00,2.13,true,1,
7290000104904,false,לקט ירקות מעורבים 800גרם,סנפרוסט,IL,לקט ירקות מעור,גרמים,800.00,100 גרם,false,0,21.70,2.71,true,1,
7290000104911,false,לקט נורמנדי 800 גרם,סנפרוסט,IL,לקט נורמנדי קפוא,גרמים,800.00,100 גרם,false,0,22.70,2.84,true,1,
7290000106175,false,"לקט כפרי 2 ק""ג",סנפרוסט,IL,"לקט כפרי 2 ק""ג",קילוגרמים,2.00,"ק""ג",false,0,38.80,19.40,true,1,
7290000107165,false,חטיף פולי סויה 400 גרם,סנפרוסט,IL,חטיף פולי סויה 400 גרם,גרמים,400.00,100 גרם,false,0,14.10,3.53,true,1,
7290000107189,false,ארטישוק תחתיות 400 גרם,סנפרוסט,IL,תחתיות ארטישוק,גרמים,400.00,100 גרם,false,0,21.70,5.43,true,1,
7290000107295,false,תפרחות ברוקולי 800 גרם,סנפרוסט,IL,ברוקולי מוקפא,גרמים,800.00,100 גרם,false,0,25.90,3.24,true,1,
7290000107677,false,שעועית צהובה עדינה 600גר,סנפרוסט,IL,שעועית צהובה,גרמים,600.00,100 גרם,false,0,23.80,3.97,true,1,
7290000110035,false,מרגר.בלובנד לבישול 200גר,יוניליוור,IL,מרגרינה בלובנד,גרמים,200.00,100 גרם,false,0,4.30,2.15,true,1,
7290000110059,false,מרגרינה בלי מלח 200 גרם,יוניליוור,IL,מרגרינה בלו-בנד,גרמים,200.00,100 גרם,false,0,4.50,2.25,true,1,
7290000110073,false,מרגרינה בטעם חמאה 200גר,יוניליוור,IL,מחמאה מרגרינה,גרמים,200.00,100 גרם,false,0,4.80,2.40,true,1,
7290000110844,false,כיפלי גריל 70 גרם,יוניליוור,IL,כיפלי בטעם גריל,גרמים,60.00,100 גרם,false,0,5.60,9.33,true,1,
7290000111063,false,מיונז תלמה אמיתי250 גרם,יוניליוור,IL,מיונז אמיתי תלמה,גרמים,250.00,100 גרם,false,0,6.40,2.56,true,1,
7290000111117,false,מרכך כביסה בדין לבן 4 לי,יוניליוור,IL,מרכך כביסה בדין,ליטרים,4.00,ליטר,false,0,21.90,5.48,true,1,
7290000111186,false,מיונז תלמה אמיתי 500 גרם,יוניליוור,IL,מיונז אמיתי,גרמים,500.00,100 גרם,false,0,9.50,1.90,true,1,
7290000111353,false,"מיונז אמיתי תלמה 1 ק""ג",יוניליוור,IL,מיונז אמיתי תלמה,קילוגרמים,1.00,"ק""ג",false,0,15.90,15.90,true,1,
7290000111360,false,חרדל אמיתי תלמה 250 גרם,יוניליוור,IL,חרדל אמיתי תלמה,גרמים,250.00,100 גרם,false,0,5.90,2.36,true,1,
7290000111384,false,חרדל אמיתי תלמה 550 גרם,יוניליוור,IL,חרדל אמיתי תלמה,גרמים,550.00,100 גרם,false,0,8.40,1.53,true,1,
7290000112220,false,טחינה גולמית 100% 500 גר,רושדי תעשיות מזון,IL,טחינה גולמית,גרמים,500.00,100 גרם,false,0,14.90,2.98,true,1,
7290000112237,false,"טחינה גולמית 100% 1 ק""ג",רושדי תעשיות מזון,IL,טחינה גולמית,קילוגרמים,1.00,"ק""ג",false,0,27.70,27.70,true,1,
7290000112497,false,מ.עשיר עוף איטר.קנור68גר,יוניליוור,IL,מרק עוף איטריות,גרמים,68.00,100 גרם,false,0,8.80,12.94,true,1,
7290000112503,false,מרק עשיר ירקות קנור 61גר,יוניליוור,IL,מרק ירקות קנור,גרמים,61.00,100 גרם,false,0,8.80,14.43,true,1,
7290000112510,false,מרק עשיר פטריות קנור 83ג,יוניליוור,IL,מרק פטריות,גרמים,83.00,100 גרם,false,0,8.80,10.60,true,1,
7290000112619,false,מרק עוף קנור 400 גרם,יוניליוור,IL,מרק עוף אמיתי,גרמים,400.00,100 גרם,false,0,19.90,4.98,true,1,
7290000112770,false,מרק עשיר אפונה קנור117גר,יוניליוור,IL,מרק אפונה קנור,גרמים,117.00,100 גרם,false,0,8.80,7.52,true,1,
7290000114897,false,קורנפלקס 750 גרם,יוניליוור,IL,קורנפלקס תלמה,גרמים,750.00,100 גרם,false,0,14.90,1.99,true,1,
7290000115788,false,חטיף פרפר נחמד 80 גרם,יוניליוור,IL,חטיף פרפר נחמד,גרמים,80.00,100 גרם,false,0,5.40,6.75,true,1,
7290000116136,false,דאב קרם ידיים עור יבש100,יוניליוור,IL,דאב קרם ידיים,מיליליטרים,100.00,"100 מ""ל",false,0,10.80,10.80,true,1,
7290000116204,false,מרק דגש טעם עוף שקית 1קג,יוניליוור,IL,מרק דגש טעם עוף,קילוגרמים,1.00,"ק""ג",false,0,14.90,14.90,true,1,
7290000117386,false,מארז 8 חטיפי דגנים שוגי,יוניליוור,IL,חטיפי דגנים 8 יח,גרמים,208.00,100 גרם,false,0,15.80,7.60,true,1,
7290000117430,false,חטיפי דגנים קוקומן 21X8ג,יוניליוור,IL,חטיפי דגנים 8 יח,גרמים,168.00,100 גרם,false,0,15.80,9.40,true,1,
7290000117720,false,מרק נמס בכוס פטריות 43גר,יוניליוור,IL,מרק נמס בכוס,גרמים,43.00,100 גרם,false,0,6.90,16.05,true,1,
7290000117799,false,מרק נמס בכוס ברוקולי42גר,יוניליוור,IL,מרק נמס בכוס,גרמים,42.00,100 גרם,false,0,6.90,16.43,true,1,
7290000118307,false,סחלב 2שקיות * 56ג בקופסא,יוניליוור,IL,תערובת לסחלב,גרמים,112.00,100 גרם,false,0,11.90,10.63,true,1,
7290000118352,false,לטקס 85*2 גרם בקופסא,יוניליוור,IL,אבקה ללטקס,גרמים,170.00,100 גרם,false,0,14.30,8.41,true,1,
7290000120836,false,מיונז הלמנס 394 גרם,יוניליוור,US,מיונז הלמנס,גרמים,394.00,100 גרם,false,0,9.90,2.51,true,1,
7290000120874,false,מיונז הלמנס לייט 424 גרם,יוניליוור,US,מיונז הלמנס,גרמים,424.00,100 גרם,false,0,9.90,2.33,true,1,
7290000121109,false,גבינה מון בלאן+זיתים120ג,נטו,IL,גבינת מון בלאן,גרמים,120.00,100 גרם,false,0,11.50,9.58,true,1,
7290000121154,false,מון בלאן לייט +סלמון120ג,נטו,IL,גבינת מון בלאן,גרמים,120.00,100 גרם,false,0,11.50,9.58,true,1,
7290000121376,false,קונפ778.אוכמניות לייט300,יוניליוור,IL,קונפיטורה 778,גרמים,300.00,100 גרם,false,0,11.70,3.90,true,1,
7290000122243,false,"תמצית רום אפיכל 50 מ""ל",יוניליוור,IL,תמצית רום,מיליליטרים,50.00,"100 מ""ל",false,0,4.40,8.80,true,1,
7290000122687,false,סירופ שוקולד אפיכל 600גר,יוניליוור,IL,סירופ שוקולד,גרמים,600.00,100 גרם,false,0,13.10,2.18,true,1,
7290000122700,false,סירופ מייפל 600 גרם,יוניליוור,IL,סירופ מייפל,גרמים,600.00,100 גרם,false,0,13.10,2.18,true,1,
7290000123110,false,מזולה לייט למריחה 250גרם,יוניליוור,IL,מזולה לייט,גרמים,250.00,100 גרם,false,0,9.20,3.68,true,1,
7290000123158,false,מזולה טעם חמאה 250 גרם,יוניליוור,IL,מזולה טעם חמאה,גרמים,250.00,100 גרם,false,0,10.40,4.16,true,1,
7290000123172,false,מזולה בגביע טעם טבעי250ג,יוניליוור,IL,מזולה בגביע,גרמים,250.00,100 גרם,false,0,9.20,3.68,true,1,
7290000123257,false,מזולה לייט+שמן זית 250גר,יוניליוור,IL,מזולה לייט,גרמים,250.00,100 גרם,false,0,10.40,4.16,true,1,
7290000123363,false,שוקו צמקאו אפיפון 500 גר,יוניליוור,IL,צימקאו לאפיה,גרמים,500.00,100 גרם,false,0,11.80,2.36,true,1,
7290000124841,false,"שוקולד חלב בד""צ 100*3 גר",יוניליוור,IL,שוקולד חלב 3 יח',גרמים,300.00,100 גרם,false,0,13.90,4.63,true,1,
7290000125251,false,בדין שמפו לכביסה עדינה2ל,יוניליוור,IL,בדין שמפו לכביסה,ליטרים,2.00,ליטר,false,0,22.90,11.45,true,1,
7290000127194,false,קונפיטורה מישמש 778 340ג,יוניליוור,IL,קונפיטורה מישמש,גרמים,340.00,100 גרם,false,0,12.00,3.53,true,1,
7290000127705,false,שוק.מריר פרווה 100*6 גרם,יוניליוור,IL,שוקולד מריר 6 יח,גרמים,600.00,100 גרם,false,0,17.90,2.98,true,1,
7290000129099,false,תיבוליות עשבי תיבול 72גר,יוניליוור,IL,תיבוליות,גרמים,72.00,100 גרם,false,0,7.90,10.97,true,1,
7290000129457,false,רוטב פטריות 28 גרם,יוניליוור,IL,רוטב פטריות,גרמים,28.00,100 גרם,false,0,3.90,13.93,true,1,
7290000129563,false,קוקומן חום לבן 750 גרם,יוניליוור,IL,קוקומן חום לבן,גרמים,750.00,100 גרם,false,0,19.90,2.65,true,1,
7290000130255,false,קמח מצה 500 גר בשקית פסח,מצות אביב,IL,קמח מצה בשקית,גרמים,500.00,100 גרם,false,0,5.90,1.18,true,1,
7290000133904,false,דואו פרש פסיפלור.תפוז300,סנו,IL,סנו דואו פרש,מיליליטרים,300.00,"100 מ""ל",false,0,10.90,3.63,true,1,
7290000134109,false,כמון מזרחי מיכל 40 גרם,תבליני טעם וריח,IL,כמון מזרחי,גרמים,40.00,100 גרם,false,0,7.80,19.50,true,1,
7290000134116,false,פפריקה מתוקה מיכל 40 גרם,תבליני טעם וריח,IL,פפריקה מתוקה,גרמים,40.00,100 גרם,false,0,7.80,19.50,true,1,
7290000134123,false,פלפל שחור טחון 40 גרם,תבליני טעם וריח,IL,פלפל שחור טחון,גרמים,40.00,100 גרם,false,0,10.80,27.00,true,1,
7290000134147,false,מוסקט טחון 40 גרם,תבליני טעם וריח,IL,מוסקט טחון,גרמים,40.00,100 גרם,false,0,16.80,42.00,true,1,
7290000134314,false,תיבול לפיצה 120 גרם,תבליני טעם וריח,IL,תיבול לפיצה,גרמים,120.00,100 גרם,false,0,10.80,9.00,true,1,
7290000134352,false,קינמון טחון 80 גרם,תבליני טעם וריח,IL,קינמון טחון,גרמים,80.00,100 גרם,false,0,10.80,13.50,true,1,
7290000134376,false,פפריקה מתוקה בשמן 90 גרם,תבליני טעם וריח,IL,פפריקה מתוקה,גרמים,90.00,100 גרם,false,0,11.80,13.11,true,1,
7290000134550,false,עלי דפנה 20 גרם בשקית,תבליני טעם וריח,IL,עלי דפנה בשקית,גרמים,20.00,100 גרם,false,0,8.80,44.00,true,1,
7290000134666,false,רוזמרין 15 גרם,תבליני טעם וריח,IL,רוזמרין,גרמים,15.00,100 גרם,false,0,6.80,45.33,true,1,
7290000134673,false,זנגויל טחון מיכל 30 גרם,תבליני טעם וריח,IL,זנגויל טחון,גרמים,30.00,100 גרם,false,0,6.80,22.67,true,1,
7290000134680,false,קימל שלם 40 גרם,תבליני טעם וריח,IL,קימל שלם,גרמים,40.00,100 גרם,false,0,6.80,17.00,true,1,
7290000134833,false,כמון טחון 100 גרם,תבליני טעם וריח,IL,כמון טחון,גרמים,100.00,100 גרם,false,0,11.80,11.80,true,1,
7290000134840,false,כורכום טחון 100 גרם,תבליני טעם וריח,IL,כורכום טחון,גרמים,100.00,100 גרם,false,0,10.80,10.80,true,1,
7290000134857,false,פפריקה מתוקה במיכל100גרם,תבליני טעם וריח,IL,פפריקה במיכל,גרמים,100.00,100 גרם,false,0,11.80,11.80,true,1,
7290000134871,false,פלפל שחור במיכל 100 גרם,תבליני טעם וריח,IL,פלפל שחור במיכ,גרמים,100.00,100 גרם,false,0,16.40,16.40,true,1,
7290000134970,false,חוואיג' במיכל 100 גרם,תבליני טעם וריח,IL,חוואיג',גרמים,100.00,100 גרם,false,0,13.80,13.80,true,1,
7290000134987,false,פלפל שחור גרוס במיכל90גר,תבליני טעם וריח,IL,פלפל שחור גרוס,גרמים,90.00,100 גרם,false,0,16.40,18.22,true,1,
7290000134994,false,טימין 20 גרם,תבליני טעם וריח,IL,טימין,גרמים,20.00,100 גרם,false,0,6.80,34.00,true,1,
7290000136721,false,ג'אמפ תפוזים 1.5 ליטר,טמפו,IL,ג'אמפ תפוזים,ליטרים,1.50,ליטר,false,0,4.90,3.27,true,1,
7290000136738,false,ג'אמפ אשכוליות 1.5 ליטר,טמפו,IL,ג'אמפ אשכוליות,ליטרים,1.50,ליטר,false,0,4.90,3.27,true,1,
7290000136745,false,ג'אמפ תות בננה 1.5 ליטר,טמפו,IL,ג'אמפ תות בננה,ליטרים,1.50,ליטר,false,0,4.90,3.27,true,1,
7290000137643,false,8יח טעמקור משפחתיות 50 ג,שטראוס,IL,8יח טעמקור משפחתיות 50 ג,גרמים,400.00,100 גרם,false,0,39.00,9.75,true,1,
7290000139104,false,שלווה בשקית 230 גרם,שופרסל,IL,שלווה בשקית,גרמים,230.00,100 גרם,false,0,8.30,3.61,true,1,
7290000139180,false,שלווה בשקית,,IL,שלווה בשקית,גרמים,140.00,100 גרם,false,0,8.30,5.93,true,1,
7290000139227,false,דגן תפוח ממותק,,IL,דגן תפוח ממותק,גרמים,150.00,100 גרם,false,0,8.30,5.53,true,1,
7290000139258,false,שלווה טבע + סוכר חום200ג,שופרסל,IL,שלווה טבע,גרמים,200.00,100 גרם,false,0,8.30,4.15,true,1,
7290000143286,false,"הוואי מרכך ירוק 700 מ""ל",טרופיקל דגיל,IL,"הוואי מרכך ירוק 700 מ""ל",מיליליטרים,700.00,"100 מ""ל",false,0,8.90,1.27,true,1,
7290000144160,false,שמן זית בטעם מודגש 750מל,שמן תעשיות,IL,שמן זית מודגש,מיליליטרים,750.00,"100 מ""ל",false,0,33.90,4.52,true,1,
7290000144467,false,שמן חמניות+נוגדי חמצון1ל,שמן תעשיות,IL,שמן חמניות,ליטרים,1.00,ליטר,false,0,16.40,16.40,true,1,
7290000144474,false,שמן קנולה מועשר 1 ליטר,שמן תעשיות,IL,שמן קנולה מועשר 1 ליטר,ליטרים,1.00,ליטר,false,0,15.00,15.00,true,1,
7290000144825,false,שמן קנולה פלוס אומגה9 1ל,שמן תעשיות,IL,שמן קנולה מועשר,ליטרים,1.00,ליטר,false,0,13.90,13.90,true,1,
7290000146997,false,משחת טום וג'רי מסטיק 50מ,טרופיקל דגיל,IL,משחת טום וג'רי,מיליליטרים,50.00,"100 מ""ל",false,0,9.20,18.40,true,1,
7290000148298,false,מיץ תפוזים 100%טבעי 2 לי,פריגת,IL,מיץ תפוזים 100%טבעי 2 לי,ליטרים,2.00,ליטר,false,0,20.90,10.45,true,1,
7290000149578,false,סופטקר אל סבון 1 ליטר,נקה,IL,תחליב לחות לרחצה,ליטרים,1.00,ליטר,false,0,13.70,13.70,true,1,
7290000149615,false,סבון נקה 7 לתינוק 100X4ג,נקה,IL,סבון נקה 4X 7,גרמים,400.00,100 גרם,false,0,11.90,2.98,true,1,
7290000149851,false,סינטבון כפול לנקיון 460ג,נקה,IL,סינטבון נקה כפול,גרמים,460.00,100 גרם,false,0,9.60,2.09,true,1,
7290000151182,false,כתף בקר פרוסות דקות140ג,עוף טוב,IL,כתף בקר פרוס דק,גרמים,140.00,100 גרם,false,0,14.80,10.57,true,1,
7290000151281,false,חזה עוף ברביקיו 300 גרם,עוף טוב,IL,חזה עוף ברביקיו,גרמים,300.00,100 גרם,false,0,24.90,8.30,true,1,
7290000151328,false,חזה הודו מעושן 300 גרם,עוף טוב,IL,חזה הודו מעושן,גרמים,300.00,100 גרם,false,0,24.90,8.30,true,1,
7290000151472,false,פסטרמה אמריקאית 300 גרם,עוף טוב,IL,פסטרמה אמריקאית,גרמים,300.00,100 גרם,false,0,24.90,8.30,true,1,
7290000151601,false,פסטרמה בדבש 300 גרם,עוף טוב,IL,פסטרמה בדבש,גרמים,300.00,100 גרם,false,0,24.90,8.30,true,1,
7290000152288,false,נקניקיות עוף 400 גרם,עוף טוב,IL,נקניקיות עוף,גרמים,400.00,100 גרם,false,0,15.00,3.75,true,1,
7290000152943,false,פסטרמה + סלמי 2 יח350Xגר,עוף טוב,IL,פסטרמה + סלמי,גרמים,700.00,100 גרם,false,0,28.40,4.06,true,1,
7290000153292,false,פסטרמ.ברביקיו פרוס דק140,עוף טוב,IL,פסטרמה ברביקיו,גרמים,140.00,100 גרם,false,0,14.80,10.57,true,1,
7290000156071,false,פסטרמה פולנית ארוזה 300ג,עוף טוב,IL,פסטרמה פולנית,גרמים,300.00,100 גרם,false,0,24.90,8.30,true,1,
7290000156217,false,מקלוני קבנוס יח,עוף טוב,IL,מקלוני קבנוס,גרמים,260.00,100 גרם,false,0,20.90,8.04,true,1,
7290000158211,false,שניצל דק ענק 700גרם,עוף טוב,,שניצל דק ענק,גרמים,700.00,100 גרם,false,0,37.90,5.41,true,1,
7290000158235,false,שניצל ע.דק בציפוי 700גרם,עוף טוב,IL,שניצל דק בציפוי,גרמים,700.00,100 גרם,false,0,37.90,5.41,true,1,
7290000158273,false,שניצל אמיתי מעודן 700גרם,עוף טוב,IL,שניצל אמיתי מעוד,גרמים,0.00,100 גרם,false,0,44.50,44.50,true,1,
7290000159010,false,שניצל דובונים 700גרם,עוף טוב,IL,שניצל דובונים,גרמים,700.00,100 גרם,false,0,37.10,5.30,true,1,
7290000159034,false,שניצל אמיתי קריספי 700גר,עוף טוב,IL,שניצל קריספי בית,גרמים,0.00,100 גרם,false,0,46.00,46.00,true,1,
7290000159096,false,חזה עוף צלוי ברביקיו 500,אסם,IL,חזה עוף צלוי,גרמים,500.00,100 גרם,false,0,42.00,8.40,true,1,
7290000159515,false,קבנוס מופחת שומן 120גרם,עוף טוב,IL,קבנוס מופחת שומן,גרמים,120.00,100 גרם,false,0,10.90,9.08,true,1,
7290000160269,false,דאב תרחיץ פנים רגיש180מל,יוניליוור,IL,דאב תרחיץ פנים,מיליליטרים,180.00,"100 מ""ל",false,0,16.90,9.39,true,1,
7290000160467,false,עוף ולתנור גריל 49 גרם,יוניליוור,IL,עוף ולתנור גריל,גרמים,49.00,100 גרם,false,0,6.30,12.86,true,1,
7290000160771,false,"כריות וניל בד""צ 750 גרם",יוניליוור,,כריות וניל,גרמים,750.00,100 גרם,false,0,19.90,2.65,true,1,
7290000161143,false,בלובנד בגביע 250 גרם,יוניליוור,IL,בלובנד קלאסי,גרמים,250.00,100 גרם,false,0,7.40,2.96,true,1,
7290000161150,false,גולדבנד גביע 250 גרם,יוניליוור,IL,מרגרינה גולדבנד,גרמים,250.00,100 גרם,false,0,9.20,3.68,true,1,
7290000161167,false,מחמאה גביע 250 גרם,יוניליוור,IL,מחמאה,גרמים,250.00,100 גרם,false,0,8.60,3.44,true,1,
7290000161358,false,מיונז משמן קנולה 500 גרם,יוניליוור,IL,מיונז אמיתי תלמה,גרמים,500.00,100 גרם,false,0,13.80,2.76,true,1,
7290000162386,false,רוטב שום לסלט 300 גרם,יוניליוור,IL,רוטב שום לסלט,גרמים,300.00,100 גרם,false,0,10.80,3.60,true,1,
7290000162515,false,"קורנפלקס וניל בד""צ500גרם",יוניליוור,,קורנפלקס וניל,גרמים,500.00,100 גרם,false,0,19.50,3.90,true,1,
7290000162560,false,"קורנפלקס דבש בד""צ 500גרם",יוניליוור,,קורנפלקס דבש,גרמים,500.00,100 גרם,false,0,18.70,3.74,true,1,
7290000162812,false,מיקספלקס פלוס טרופי400גר,דליסר,,מיקספלקס פלוס,גרמים,400.00,100 גרם,false,0,25.70,6.43,true,1,
7290000162829,false,מיקספלקס פלוס אגוזים400ג,דליסר,,מיקספלקס פלוס,גרמים,400.00,100 גרם,false,0,25.70,6.43,true,1,
7290000163024,false,רוטב חרדל דבש לייט305גרם,יוניליוור,IL,רוטב חרדל דבש,גרמים,305.00,100 גרם,false,0,10.80,3.54,true,1,
7290000165509,false,תחליב רח.פינוק קמומיל700,יוניליוור,IL,תחליב רחצה פינוק,מיליליטרים,700.00,"100 מ""ל",false,0,12.80,1.83,true,1,
7290000165684,false,"שמפו שמן אבוקדו 700 מ""ל",יוניליוור,IL,שמפו שמן אבוקדו,מיליליטרים,700.00,"100 מ""ל",false,0,10.00,1.43,true,1,
7290000166148,false,דאב בייבי תחליב רחצה700מ,יוניליוור,IL,תחליב רחצה דאב,מיליליטרים,700.00,"100 מ""ל",false,0,19.00,2.71,true,1,
7290000166179,false,חטיף מיקספלקס שוק.מריר6י,גוצ'מולר,IL,חטיפי מיקספלקס,גרמים,132.00,100 גרם,false,0,18.20,13.79,true,1,
7290000166414,false,מזולה לאפיה ללא מלח200ג,יוניליוור,IL,מזולה ללא מלח,גרמים,200.00,100 גרם,false,0,6.20,3.10,true,1,
7290000166421,false,מזולה לאפיה טעם חמאה200ג,יוניליוור,IL,מזולה טעם חמאה,גרמים,200.00,100 גרם,false,0,6.20,3.10,true,1,
7290000166711,false,שוגי 20% פחות סוכר 500גר,יוניליוור,IL,שוגי מופחת סוכר,גרמים,500.00,100 גרם,false,0,20.90,4.18,true,1,
7290000166728,false,קוקומן20% מופחת סוכר500ג,יוניליוור,IL,קוקומןמופחת סוכר,גרמים,500.00,100 גרם,false,0,21.70,4.34,true,1,
7290000167756,false,קינמונים 500 גרם,דליסר,IL,קינמונים,גרמים,500.00,100 גרם,false,0,20.00,4.00,true,1,
7290000168173,false,ברנפלקס קרנצ'ים 375 גרם,יוניליוור,IL,ברנפלקס קרנצ'ים,גרמים,375.00,100 גרם,false,0,17.90,4.77,true,1,
7290000168289,false,שמפו פינוק שמן מרוקאי700,יוניליוור,IL,שמפו פינוק,מיליליטרים,700.00,"100 מ""ל",false,0,10.00,1.43,true,1,
7290000168296,false,מרכך פינוק שמן מרוקאי700,יוניליוור,IL,מרכך פינוק,מיליליטרים,700.00,"100 מ""ל",false,0,10.00,1.43,true,1,
7290000168302,false,תחליב פינוק שמן מרוקא700,יוניליוור,IL,תחליב רחצה פינוק,מיליליטרים,700.00,"100 מ""ל",false,0,10.00,1.43,true,1,
7290000168418,false,רוטב סויה סיני 25% פחות,יוניליוור,IL,רוטב סויה סיני,מיליליטרים,300.00,"100 מ""ל",false,0,10.00,3.33,true,1,
7290000168739,false,קורנפלקס קקאו 500 גרם,יוניליוור,IL,קורנפלקס קקאו,גרמים,500.00,100 גרם,false,0,19.50,3.90,true,1,
7290000168838,false,כריות וניל עוגיות 750גרם,יוניליוור,IL,כריות וניל עוגיו,גרמים,750.00,100 גרם,false,0,19.90,2.65,true,1,
7290000169521,false,נמס בכוס ירקות וקרוטונים,יוניליוור,IL,נמס בכוס,גרמים,56.00,100 גרם,false,0,6.90,12.32,true,1,
7290000169538,false,נמס בכוס עגבנ.וקרוטונים,יוניליוור,IL,נמס בכוס,גרמים,62.00,100 גרם,false,0,6.90,11.13,true,1,
7290000169712,false,קורנפלקס מלא 500 גרם,יוניליוור,IL,קורנפלקס מלא,גרמים,500.00,100 גרם,false,0,18.70,3.74,true,1,
7290000169743,false,קוקומן ח.לבן מופחת סוכר,יוניליוור,IL,קוקומן חום לבן,גרמים,375.00,100 גרם,false,0,21.80,5.81,true,1,
7290000169798,false,עוגי 20% פחות סוכר 500גר,יוניליוור,IL,עוגי מופחת סוכר,גרמים,500.00,100 גרם,false,0,21.90,4.38,true,1,
7290000169897,false,"רקסונה ספריי כותנה150מ""ל",קוסטר,TR,דאו.רקסונה,מיליליטרים,150.00,"100 מ""ל",false,0,17.70,11.80,true,1,
7290000170053,false,שוקולד פרה חלב 100 גרם,עלית,IL,שוקולד פרה חלב,גרמים,100.00,100 גרם,false,0,5.50,5.50,true,1,
7290000170077,false,שוק.מריר 100 גרם,עלית,IL,שוקולד מריר,גרמים,100.00,100 גרם,false,0,5.50,5.50,true,1,
7290000170275,false,שוקולד ממולא קרם נוגט100,עלית,IL,שוקולד ממולא,גרמים,100.00,100 גרם,false,0,5.50,5.50,true,1,
7290000171470,false,כיף כף 45 גרם,עלית,IL,כיף כף,גרמים,45.00,100 גרם,false,0,3.90,8.67,true,1,
7290000174044,false,"בפלות בטעם שוקולד 1 ק""ג",עלית,IL,בפלות טעם שוקולד,קילוגרמים,1.00,"ק""ג",false,0,18.40,18.40,true,1,
7290000174099,false,בפלות בטעם שוקולד 500 גר,עלית,IL,בפלות שוקולד,גרמים,500.00,100 גרם,false,0,12.40,2.48,true,1,
7290000174723,false,שוקולית בפחית עלית 500גר,עלית,IL,שוקולית,גרמים,500.00,100 גרם,false,0,12.90,2.58,true,1,
7290000175027,false,ממרחית שוקולד 500 גרם,עלית,IL,ממרחית שוקולד,גרמים,500.00,100 גרם,false,0,9.60,1.92,true,1,
7290000176062,false,קפה טורקי בצלופן 100 גרם,עלית,IL,קפה טורקי בצלופן,גרמים,100.00,100 גרם,false,0,8.50,8.50,true,1,
7290000176079,false,קפה טורקי עם הל 100 גרם,עלית,IL,קפה טורקי עם הל,גרמים,100.00,100 גרם,false,0,8.90,8.90,true,1,
7290000176093,false,קפה אלדין טורקי ואקום200,עלית,IL,קפה טורקי אלדין,גרמים,200.00,100 גרם,false,0,17.90,8.95,true,1,
7290000176147,false,קפה מוקה לפילטר 500 גרם,עלית,PL,קפה מוקה לפילטר,גרמים,500.00,100 גרם,false,0,50.50,10.10,true,1,
7290000176192,false,קפה טורקי האג ואקום200גר,עלית,IL,קפה טורקי האג,גרמים,200.00,100 גרם,false,0,27.10,13.55,true,1,
7290000176413,false,קפה נמס 50 גרם,עלית,IL,קפה נמס,גרמים,50.00,100 גרם,false,0,9.60,19.20,true,1,
7290000176420,false,קפה נמס 200 גרם,עלית,IL,קפה נמס,גרמים,200.00,100 גרם,false,0,19.90,9.95,true,1,
7290000176468,false,קפה נמס האג נט. קפאין50ג,עלית,IL,קפה נמס האג,גרמים,50.00,100 גרם,false,0,11.00,22.00,true,1,
7290000176475,false,האג נטול קופאין 200 גרם,עלית,IL,קפה נמס האג,גרמים,200.00,100 גרם,false,0,33.50,16.75,true,1,
7290000176857,false,שוקולד לבן 100 גרם,עלית,IL,שוקולד לבן,גרמים,100.00,100 גרם,false,0,5.50,5.50,true,1,
7290000177694,false,קפה טורקי ואקום 200 גרם,עלית,IL,קפה טורקי ואקום,גרמים,200.00,100 גרם,false,0,18.90,9.45,true,1,
7290000178660,false,בפלות מצופים שוקולד 500ג,עלית,IL,בפלות מצופים,גרמים,500.00,100 גרם,false,0,15.50,3.10,true,1,
7290000178707,false,תפוציפס מלוח 50 גרם,עלית,IL,חטיף תפוצ'יפס,גרמים,50.00,100 גרם,false,0,3.80,7.60,true,1,
7290000178721,false,תפוציפס מלוח 200 גרם,עלית,IL,חטיף תפוצ'יפס,גרמים,200.00,100 גרם,false,0,10.00,5.00,true,1,
7290000179445,false,בזוקה בשקית 180 גרם,עלית,IL,בזוקה בשקית,גרמים,180.00,100 גרם,false,0,6.90,3.83,true,1,
7290000180212,false,שוקולד מריר אגוז 100 גרם,עלית,IL,שוקולד מריר,גרמים,100.00,100 גרם,false,0,5.50,5.50,true,1,
7290000181103,false,ביסקויט בשוקולד חלב 200ג,עלית,IL,ביסקויט מצופה,גרמים,200.00,100 גרם,false,0,12.90,6.45,true,1,
7290000182766,false,ממרחית טעם חלב 500 גרם,עלית,IL,ממרחית טעם חלב,גרמים,500.00,100 גרם,false,0,11.50,2.30,true,1,
7290000184708,false,"בפלות טעם שוק.ללת""ס500גר",עלית,IL,"בפלות ללת""ס",גרמים,500.00,100 גרם,false,0,19.70,3.94,true,1,
7290000186535,false,נ.טואלט לילי,,IL,נ.טואלט לילי,מטרים,537.00,100 מטר,false,0,46.90,8.73,true,1,
7290000187662,false,נייר טואלט לילי,,IL,נייר טואלט לילי,מטרים,662.00,100 מטר,false,0,43.30,6.54,true,1,
7290000187709,false,נ.טואלט לילי קלאסיק 48גל,חוגלה קימברלי,IL,נייר טואלט לילי,מטרים,883.00,100 מטר,false,0,51.90,5.88,true,1,
7290000187860,false,40מגבוני נייר טואלט לילי,חוגלה קימברלי,IL,מגבוני נ.טואלט,יחידה,1.00,יחידה,false,0,7.80,7.80,true,1,
7290000187907,false,מגבוני נ.טואלט,,IL,מגבוני נ.טואלט,יחידה,1.00,יחידה,false,0,13.90,13.90,true,1,
7290000187921,false,נ.טואלט לילי קלאסיק 32גל,חוגלה קימברלי,IL,נייר טואלט לילי,מטרים,588.00,100 מטר,false,0,36.90,6.28,true,1,
7290000187938,false,נ.טואלט לילי פסטל 32 גלי,חוגלה קימברלי,IL,נייר טואלט,מטרים,588.00,100 מטר,false,0,36.90,6.28,true,1,
7290000187952,false,נ.ט.לילי טריו פרימיום32ג,חוגלה קימברלי,IL,נייר טואלט,מטרים,537.00,100 מטר,false,0,46.90,8.73,true,1,
7290000188065,false,62מגן תח.קוטקס סילק לייט,חוגלה קימברלי,CN,מגן תחתון קוטקס,יחידה,1.00,יחידה,false,0,17.90,17.90,true,1,
7290000188249,false,מגבת ויוה חוזק מוגבר,חוגלה קימברלי,IL,מגבת ויוה,מטרים,18.00,מטר,false,0,15.90,0.88,true,1,
7290000188270,false,קלינקס אולטרה סופט זוג,חוגלה קימברלי,IL,קלינקס אולטרה,יחידה,1.00,יחידה,false,0,14.80,14.80,true,1,
7290000188355,false,מגבות נייר ניקול 6גלילים,חוגלה קימברלי,IL,מגבות ניקול,מטרים,65.00,מטר,false,0,9.90,0.15,true,1,
7290000188553,false,60מגני תחתון קוטקס סילקN,חוגלה קימברלי,CN,מגן תחתון קוטקס,יחידה,1.00,יחידה,false,0,17.90,17.90,true,1,
7290000188591,false,60מגני תחתון קוטקס סילקY,חוגלה קימברלי,CN,מגן תחתון קוטקס,יחידה,1.00,יחידה,false,0,17.90,17.90,true,1,
7290000188850,false,מגבוני האגיס3יח,,IL,מגבוני האגיס3יח,יחידה,1.00,יחידה,false,0,9.80,9.80,true,1,
7290000188973,false,23 תח.קוטקס דיזיין +N,חוגלה קימברלי,IL,תחבושות קוטקס,יחידה,1.00,יחידה,false,0,17.90,17.90,true,1,
7290000189192,false,סופר מטלית ניקול 64 יח',חוגלה קימברלי,,מטליות נייר,מטרים,18.00,מטר,false,0,14.90,0.83,true,1,
7290000189505,false,5 תבניות קרטון אינגליש,חוגלה קימברלי,IL,תבניות קרטון,יחידה,1.00,יחידה,false,0,9.90,9.90,true,1,
7290000189598,false,"50 מטליות ניקול רב""ש",חוגלה קימברלי,IL,מטליות ניקול,יחידה,1.00,יחידה,false,0,10.90,10.90,true,1,
7290000189659,false,10מטליות רצפה לחות ניקול,חוגלה קימברלי,IL,מטליות רצפה לחות,יחידה,1.00,יחידה,false,0,10.80,10.80,true,1,
7290000189741,false,מ.תחתון קוטקס,,IL,מ.תחתון קוטקס,יחידה,1.00,יחידה,false,0,17.90,17.90,true,1,
7290000189758,false,מגן תחתון,,IL,מגן תחתון,יחידה,1.00,יחידה,false,0,17.90,17.90,true,1,
7290000189871,false,אשפתון מתכלה ניקול60יח,חוגלה קימברלי,IL,שק. אשפה מתכלות,יחידה,1.00,יחידה,false,0,23.20,23.20,true,1,
7290000190150,false,מפיות תלת שכבתי מודפס 20,חוגלה קימברלי,IL,מפיות תלת שכבתי,יחידה,1.00,יחידה,false,0,8.90,8.90,true,1,
7290000190174,false,מפיות חד שכבתי זוג 85 יח,חוגלה קימברלי,IL,מפיות חד שכבתי,יחידה,1.00,יחידה,false,0,11.90,11.90,true,1,
7290000190563,false,מפיות חד שכבתי מודפס זוג,חוגלה קימברלי,,מפיות ניקול זוג,יחידה,1.00,יחידה,false,0,11.90,11.90,true,1,
7290000191126,false,דיפנד תחבושות,,IL,דיפנד תחבושות,יחידה,1.00,יחידה,false,0,49.50,49.50,true,1,
7290000191225,false,46האגיס ליטל בייביס שלב2,חוגלה קימברלי,IL,האגיס ליטל בייבי,יחידה,1.00,יחידה,false,1,29.90,29.90,true,1,
7290000191539,false,לילי צבעוני 100*5 יחידות,חוגלה קימברלי,IL,מגבוני לילי 100,יחידה,1.00,יחידה,false,0,11.90,11.90,true,1,
7290000191560,false,מגבות נייר 3 גל,,IL,מגבות נייר 3 גל,מטרים,65.00,מטר,false,0,8.90,0.14,true,1,
7290000191645,false,36האגיס ניו בורן עד 4 קג,חוגלה קימברלי,IL,חיתולי האגיס,יחידה,1.00,יחידה,false,0,30.90,30.90,true,1,
7290000191652,false,קלינקס מעוצב 90*3 יחידות,חוגלה קימברלי,,קלינקס מעוצב 3יח,יחידה,1.00,יחידה,false,0,10.80,10.80,true,1,
7290000193014,false,פדים לילי אינטרלוד 50 יח,חוגלה קימברלי,IL,לילי פדים,יחידה,1.00,יחידה,false,0,9.90,9.90,true,1,
7290000193205,false,20 תחבושות לילי ללילה,חוגלה קימברלי,,תחבושות לילי,יחידה,1.00,יחידה,false,0,16.00,16.00,true,1,
7290000193472,false,60פדיות לילי נטורל נורמל,חוגלה קימברלי,IL,פדיות לילי,יחידה,1.00,יחידה,false,0,16.00,16.00,true,1,
7290000193540,false,52 פדיות לילי נטורל LONG,חוגלה קימברלי,IL,פדיות לילי,יחידה,1.00,יחידה,false,0,16.00,16.00,true,1,
7290000193649,false,24 תחבושות לילי נורמל+,חוגלה קימברלי,IL,תחבושות לילי,יחידה,1.00,יחידה,false,0,16.00,16.00,true,1,
7290000193656,false,24 לילי נטורל אולט.סופר+,חוגלה קימברלי,IL,תחבושות לילי,יחידה,1.00,יחידה,false,0,16.00,16.00,true,1,
7290000193793,false,24 לילי נטורל נורמל,חוגלה קימברלי,IL,תחבושות לילי,יחידה,1.00,יחידה,false,0,16.00,16.00,true,1,
7290000194288,false,משטח החתלה 10 יחידות,חוגלה קימברלי,IL,משטח החתלה האגיס,יחידה,1.00,יחידה,false,0,19.90,19.90,true,1,
7290000195513,false,מגב.טיטולים ל.בישום 72*5,חוגלה קימברלי,IL,5 מגבוני טיטולים,יחידה,1.00,יחידה,false,0,21.90,21.90,true,1,
7290000195537,false,מגב.האגיס ללא בישום 72*4,חוגלה קימברלי,IL,מגבוני האגיס 4יח,יחידה,1.00,יחידה,false,0,23.90,23.90,true,1,
7290000195544,false,מגב.האגיס בישום עדין72*4,חוגלה קימברלי,IL,מגבוני האגיס 4יח,יחידה,1.00,יחידה,false,0,23.90,23.90,true,1,
7290000195773,false,מגבוני האגיס אלוורה 72*4,חוגלה קימברלי,IL,מגבוני האגיס 4יח,יחידה,1.00,יחידה,false,0,23.90,23.90,true,1,
7290000197128,false,100 האגיס מגה פק שלב3,חוגלה קימברלי,IL,100 האגיס מגה פק שלב3,יחידה,1.00,יחידה,false,0,76.90,76.90,true,1,
7290000197197,false,84 האגיס מגה פק שלב4,חוגלה קימברלי,IL,חיתולי האגיס,יחידה,1.00,יחידה,false,0,76.90,76.90,true,1,
7290000197210,false,76 האגיס מגה פק שלב+4,חוגלה קימברלי,IL,76 האגיס מגה פק שלב+4,יחידה,1.00,יחידה,false,0,76.90,76.90,true,1,
7290000197227,false,72 האגיס מגה פק שלב5,חוגלה קימברלי,IL,חיתולי האגיס,יחידה,1.00,יחידה,false,0,76.90,76.90,true,1,
7290000197265,false,ניקול המגבת הבריאה 1גל,חוגלה קימברלי,IL,המגבת הבריאה,מטרים,26.00,מטר,false,1,7.90,0.30,true,1,
7290000197326,false,זוג רדיד.אלומינ0.3*7.5.מ,חוגלה קימברלי,IL,זוג רדיד.אלומינ0.3*7.5.מ,מטרים,15.00,מטר,false,0,10.80,0.72,true,1,
7290000197425,false,האגיס פרידום דריי שלב 3,חוגלה קימברלי,IL,חיתולי האגיס,יחידה,1.00,יחידה,false,0,42.90,42.90,true,1,
7290000197432,false,סנדויצ'ון 150*2 יח,חוגלה קימברלי,IL,סנדוויצ'ון זוג,יחידה,1.00,יחידה,false,0,13.40,13.40,true,1,
7290000197456,false,44האגיס פרידום דריי שלב4,חוגלה קימברלי,IL,חיתולי האגיס,יחידה,1.00,יחידה,false,0,42.90,42.90,true,1,
7290000197463,false,42האגיס פרידום דרי שלב+4,חוגלה קימברלי,IL,חיתולי האגיס,יחידה,1.00,יחידה,false,0,42.90,42.90,true,1,
7290000197548,false,38האגיס פרידום דריי שלב5,חוגלה קימברלי,IL,חיתולי האגיס,יחידה,1.00,יחידה,false,0,42.90,42.90,true,1,
7290000197678,false,34האגיס פרידום דריי שלב6,חוגלה קימברלי,IL,חיתולי האגיס,יחידה,1.00,יחידה,false,0,42.90,42.90,true,1,
7290000197753,false,ניילון נצמד ניקול 30*2מ,חוגלה קימברלי,IL,ניילון נצמד זוג,מטרים,60.00,מטר,false,0,10.90,0.18,true,1,
7290000199313,false,קוטקס יאנג 28 יחידות,חוגלה קימברלי,IL,קוטקס תחבושות,יחידה,1.00,יחידה,false,0,17.90,17.90,true,1,
7290000200460,false,60 מגן תחתון קוטקס דקים,חוגלה קימברלי,CN,מגן תחתון קוטקס,יחידה,1.00,יחידה,false,0,16.10,16.10,true,1,
7290000201795,false,מגבוני האגיס 3 * 64 יח,חוגלה קימברלי,IL,מגבוני האגיס,יחידה,1.00,יחידה,false,1,14.90,14.90,true,1,
7290000201849,false,42 טיטולים פרימיום שלב 4,חוגלה קימברלי,IL,טיטולים פרימיום,יחידה,1.00,יחידה,false,1,33.90,33.90,true,1,
7290000201856,false,40 טיטולים פרימיום שלב+4,חוגלה קימברלי,IL,טיטולים פרימיום,יחידה,1.00,יחידה,false,1,33.90,33.90,true,1,
7290000203188,false,נייר טואלט לילי,,IL,נייר טואלט לילי,מטרים,588.00,100 מטר,false,0,38.80,6.60,true,1,
7290000203249,false,תחתון סופג אפרסק נשים M,חוגלה קימברלי,IL,תחתון דיפנד,יחידה,1.00,יחידה,false,0,94.90,94.90,true,1,
7290000204086,false,ניקול כרית קרצוף 3 יח,חוגלה קימברלי,IL,ניקול כרית קרצוף,יחידה,1.00,יחידה,false,0,10.90,10.90,true,1,
7290000204215,false,כריות יפניות ניקול 6יח',חוגלה קימברלי,IL,כריות יפניות,יחידה,1.00,יחידה,false,0,10.80,10.80,true,1,
7290000204253,false,9 מטליות רב שימושי.ניקול,חוגלה קימברלי,IL,מטליות ניקול,יחידה,1.00,יחידה,false,0,10.50,10.50,true,1,
7290000204307,false,"40מטלית רב""ש ניקול בגליל",חוגלה קימברלי,IL,מטליות ניקול,יחידה,1.00,יחידה,false,0,21.50,21.50,true,1,
7290000204611,false,ניקול ספוגיות הקסם 6 יח,חוגלה קימברלי,IL,ניקול ספוגיות,יחידה,1.00,יחידה,false,0,10.90,10.90,true,1,
7290000205526,false,פיסגה שטיפת רצפות 2 ליטר,סנו,IL,פיסגה ניקוי רצפה,ליטרים,2.00,ליטר,false,0,9.70,4.85,true,1,
7290000207063,false,רסק עגבניות פריכוז260גרם,זנלכל,IL,רסק עגבניות,גרמים,260.00,100 גרם,false,0,4.10,1.58,true,1,
7290000207162,false,רסק עגבניות 100 גרם,זנלכל,IL,רסק עגבניות,גרמים,100.00,100 גרם,false,0,1.90,1.90,true,1,
7290000207438,false,עגבניות קוביות 800 גרם,זנלכל,IL,עגבניות קוביות 800 גרם,גרמים,800.00,100 גרם,false,0,6.80,0.85,true,1,
7290000208008,false,חריסה 570 גרם,זנלכל,IL,חריסה יכין,גרמים,570.00,100 גרם,false,0,6.80,1.19,true,1,
7290000208022,false,עגבניות מרוסקות 800 גרם,זנלכל,IL,עגבניות מרוסקות,גרמים,800.00,100 גרם,false,0,6.80,0.85,true,1,
7290000208077,false,אפונת גינה גדול יכין550ג,זנלכל,IL,אפונת גינה,גרמים,550.00,100 גרם,false,0,5.90,1.07,true,1,
7290000208084,false,אפונה בינונית 550ג' יכין,זנלכל,IL,אפונת גינה,גרמים,550.00,100 גרם,false,0,7.20,1.31,true,1,
7290000208114,false,אפונת גינה וגזר 550 גרם,זנלכל,IL,אפונת גינה וגז,גרמים,550.00,100 גרם,false,0,6.50,1.18,true,1,
7290000208138,false,סירופ ענבים דיאט1ל' יכין,זנלכל,IL,סירופ דיאט ענבים,ליטרים,1.00,ליטר,false,0,7.60,7.60,true,1,
7290000208145,false,תירס לייט יכין 550 גרם,זנלכל,IL,תירס לייט יכין,גרמים,550.00,100 גרם,false,0,5.90,1.07,true,1,
7290000208336,false,רסק עגבניות יכין 260 גרם,זנלכל,IL,רסק עגבניות,גרמים,260.00,100 גרם,false,0,4.20,1.62,true,1,
7290000208404,false,פול מצרי 550 גרם,זנלכל,IL,פול מצרי,גרמים,550.00,100 גרם,false,0,5.40,0.98,true,1,
7290000208428,false,חומוס שלם יכין 550 גרם,זנלכל,IL,חומוס שלם,גרמים,560.00,100 גרם,false,0,5.90,1.05,true,1,
7290000208459,false,ירקות מעורבים 550 גרם,זנלכל,IL,ירקות מעורבים,גרמים,550.00,100 גרם,false,0,7.30,1.33,true,1,
7290000208534,false,תירס קיד 550 גרם,זנלכל,IL,תירס קיד,גרמים,550.00,100 גרם,false,0,5.90,1.07,true,1,
7290000208855,false,רוטב פסטה 260 גרם,זנלכל,IL,רוטב פסטה,גרמים,260.00,100 גרם,false,0,4.70,1.81,true,1,
7290000208947,false,עגבניות מרוסקות 260 גרם,זנלכל,IL,עגבניות מרוסקות,גרמים,260.00,100 גרם,false,0,4.70,1.81,true,1,
7290000208978,false,רסק פריכוז 28% 100 גרם,זנלכל,IL,רסק פריכוז,גרמים,100.00,100 גרם,false,0,2.10,2.10,true,1,
7290000209173,false,חומץ סינטטי 5% 1 ליטר,זנלכל,IL,חומץ סינטטי 5% 1 ליטר,ליטרים,1.00,ליטר,false,0,4.70,4.70,true,1,
7290000209531,false,סירופ דיאט אשכוליות 1 ל',זנלכל,IL,סירופ אשכוליות,ליטרים,1.00,ליטר,false,0,7.60,7.60,true,1,
7290000209555,false,סירופ תפוחי עץ דיאט 1 ל',זנלכל,IL,"סירופ תפו""ע דיאט",ליטרים,1.00,ליטר,false,0,7.60,7.60,true,1,
7290000209562,false,סירופ מנגו דיאט 1ל' יכין,זנלכל,IL,סירופ מנגו דיאט,ליטרים,1.00,ליטר,false,0,7.60,7.60,true,1,
7290000209579,false,סירופ דיאט אננס 1 ל'יכין,זנלכל,IL,סירופ אננס דיאט,ליטרים,1.00,ליטר,false,0,7.60,7.60,true,1,
7290000209708,false,עגבנ.מרוסקות בזיליקום260,זנלכל,IL,עגבניות מרוסקות,גרמים,260.00,100 גרם,false,0,4.70,1.81,true,1,
7290000209722,false,ת.עגבניות פריכוז30%-28%,זנלכל,IL,תרכיז עגבניות,גרמים,580.00,100 גרם,false,0,7.50,1.29,true,1,
7290000209944,false,בסיס לשקשוקה 260גרם,זנלכל,IL,בסיס לשקשוקה,גרמים,260.00,100 גרם,false,0,4.70,1.81,true,1,
7290000210544,false,רסק עגב.אורגנ 100% 260גר,זנלכל,IL,רסק עגבניות,גרמים,260.00,100 גרם,false,1,4.90,1.88,true,1,
7290000210896,false,רוטב בולונז 260 גרם,זנלכל,IL,רוטב בולונז,גרמים,260.00,100 גרם,false,0,4.70,1.81,true,1,
7290000211169,false,"אורז תאילנדי 1 ק""ג",סוגת,IL,"אורז תאילנדי 1 ק""ג",קילוגרמים,1.00,"ק""ג",false,0,5.00,5.00,true,1,
7290000211312,false,"אורז מלא ארוך ""סוגת"" 1קג",סוגת,IL,אורז מלא ארוך,קילוגרמים,1.00,"ק""ג",false,0,8.90,8.90,true,1,
7290000211374,false,"קמח חיטה מלא סוגת 1 ק""ג",סוגת,IL,קמח חיטה מלא,קילוגרמים,1.00,"ק""ג",false,0,7.80,7.80,true,1,
7290000211381,false,"סוכר חום כהה סוגת 1 ק""ג",סוגת,IL,סוכר חום כהה,קילוגרמים,1.00,"ק""ג",false,0,10.50,10.50,true,1,
7290000211442,false,"אורז פרסי קלאסי 1ק""ג",סוגת,IL,אורז פרסי קלאסי,קילוגרמים,1.00,"ק""ג",false,0,8.50,8.50,true,1,
7290000211985,false,"אורז עגול 1 ק""ג",סוגת,IL,אורז עגול סוגת,קילוגרמים,1.00,"ק""ג",false,0,7.90,7.90,true,1,
7290000212401,false,מצופית 400 גרם,מנעמים,IL,מצופית 400 גרם,גרמים,400.00,100 גרם,false,0,8.30,2.08,true,1,
7290000212579,false,ופלים מצופים 20גר40Xיח',מנעמים,IL,ופלים מצופים,גרמים,800.00,100 גרם,false,0,15.70,1.96,true,1,
7290000214115,false,מרק עוף בצנצנת ויטה400גר,פרי גליל,IL,מרק עוף צנצנת,גרמים,400.00,100 גרם,false,0,13.80,3.45,true,1,
7290000238029,false,"בצק עלים 1 ק""ג","מעדנות בע""מ",IL,בצק עלים מרודד,קילוגרמים,1.00,"ק""ג",false,0,21.90,21.90,true,1,
7290000238036,false,מלווח מעדנות 700 גרם,"מעדנות בע""מ",IL,מלווח מעדנית,גרמים,700.00,100 גרם,false,0,16.90,2.41,true,1,
7290000238173,false,בורקס גבינה 800 גרם,"מעדנות בע""מ",IL,בורקס גבינה קפוא,גרמים,800.00,100 גרם,false,0,19.70,2.46,true,1,
7290000238180,false,"בורקס תפו""א 800 גרם","מעדנות בע""מ",IL,"בורקס תפו""א קפוא",גרמים,800.00,100 גרם,false,0,19.70,2.46,true,1,
7290000240541,false,ריבועי בצק עלים 800 גרם,"מעדנות בע""מ",IL,ריבועי בצק עלים,גרמים,800.00,100 גרם,false,0,24.80,3.10,true,1,
7290000240558,false,עלים בלינצ'ס/קרפ סוזט700,"מעדנות בע""מ",IL,עלי בלינצ'ס,גרמים,700.00,100 גרם,false,0,26.00,3.71,true,1,
7290000244112,false,שמפו הוואי קולורין 700מל,טרופיקל דגיל,IL,שמפו הוואי,מיליליטרים,700.00,"100 מ""ל",false,0,8.90,1.27,true,1,
7290000244761,false,"קרם ידיים ולווטה 100 מ""ל",טרופיקל דגיל,IL,קרם ידיים ולווטה,מיליליטרים,100.00,"100 מ""ל",false,0,12.80,12.80,true,1,
7290000245355,false,פרסיל ג'ל לכביסה כחול 3ל,הנקל סוד,IL,פרסיל ג'ל,ליטרים,3.00,ליטר,false,0,37.90,12.63,true,1,
7290000245775,false,פרסיל ג'ל לכביסה ירוק 3ל,הנקל סוד,IL,פרסיל ג'ל 3 ליטר,ליטרים,3.00,ליטר,false,0,37.90,12.63,true,1,
7290000253220,false,שוקולד צ'יפס חום 300 גרם,אופנהיימר,IL,שוקולד צ'יפס,גרמים,300.00,100 גרם,false,0,10.80,3.60,true,1,
7290000253251,false,שוקולד צ'יפס לבן 300 גרם,אופנהיימר,IL,שוקו צ'יפס לבן,גרמים,300.00,100 גרם,false,0,10.80,3.60,true,1,
7290000254807,false,צ'יטוס גבינה 100 גרם,עלית,IL,צ'יטוס גבינה,גרמים,100.00,100 גרם,false,0,6.40,6.40,true,1,
7290000256085,false,רולעדין גלילי ופל 100 גר,עדין,IL,גלילי רולעדין,גרמים,100.00,100 גרם,false,0,6.80,6.80,true,1,
7290000256207,false,ופלים מצופים עדין 20*25ג,עדין,IL,ופל מצופה 25 יח,גרמים,500.00,100 גרם,false,0,11.90,2.38,true,1,
7290000260839,false,ספרינג משקה תפוזים 1.5ל',יפאורה שותפות מובגלת לשיווק,IL,ספרינג תפוזים,ליטרים,1.50,ליטר,false,0,4.90,3.27,true,1,
7290000260853,false,ספרינג משקה מנגו 1.5 ל',יפאורה שותפות מובגלת לשיווק,IL,ספרינג מנגו,ליטרים,1.50,ליטר,false,0,4.90,3.27,true,1,
7290000260860,false,ספרינג משקה אפרסק 1.5 ל',יפאורה שותפות מובגלת לשיווק,IL,ספרינג אפרסק,ליטרים,1.50,ליטר,false,0,4.90,3.27,true,1,
7290000260969,false,משקה ספרינג דיאט אשכו1.5,יפאורה שותפות מובגלת לשיווק,IL,ספרינג דיאט,ליטרים,1.50,ליטר,false,0,4.90,3.27,true,1,
7290000262239,false,נייר טואלט מולט 48גלילים,חוגלה קימברלי,,נייר טואלט מולט,מטרים,843.00,100 מטר,false,0,36.90,4.38,true,1,
7290000262499,false,מגבוני נייר לח קידס48*3י,חוגלה קימברלי,IL,מגבוני נ.טואלט,יחידה,1.00,יחידה,false,0,15.90,15.90,true,1,
7290000263359,false,40 האגיס ליטל בייביס,חוגלה קימברלי,IL,חיתולי האגיס,יחידה,1.00,יחידה,false,0,29.90,29.90,true,1,
7290000267012,false,שקד מולבן שלם100ג'שקדיה,שקדיה,IL,שקד מולבן שלם,גרמים,100.00,100 גרם,false,0,12.80,12.80,true,1,
7290000267029,false,שקד מולבן חצוי100ג'שקדיה,שקדיה,IL,שקד מולבן חצוי,גרמים,100.00,100 גרם,false,0,12.80,12.80,true,1,
7290000267036,false,שקד מולבן משובב100גשקדיה,שקדיה,IL,שקד מולבן משובב,גרמים,100.00,100 גרם,false,0,12.80,12.80,true,1,
7290000267043,false,שקד מולבן פרוס100ג'שקדיה,שקדיה,IL,שקד מולבן פרוס,גרמים,100.00,100 גרם,false,0,12.80,12.80,true,1,
7290000267104,false,שקד טבעי גרוס100ג'שקדיה,שקדיה,IL,שקד טבעי גרוס,גרמים,100.00,100 גרם,false,0,12.80,12.80,true,1,
7290000267500,false,קליפות הדר בשוקולד200גרם,שקדיה,IL,קליפות הדר בשוק,גרמים,200.00,100 גרם,false,0,14.80,7.40,true,1,
7290000267548,false,אגוז מלך טחון100ג'שקדיה,שקדיה,IL,אגוז מלך טחון,גרמים,100.00,100 גרם,false,0,12.80,12.80,true,1,
7290000267555,false,בוטנים גרוסים 100ג'שקדיה,שקדיה,IL,בוטנים גרוסים,גרמים,100.00,100 גרם,false,0,5.90,5.90,true,1,
7290000267616,false,צנובר 100גרם,שקדיה,IL,צנובר 100 גרם,גרמים,100.00,100 גרם,false,0,28.70,28.70,true,1,
7290000267678,false,גרעין דלעת טבעי קלוף150ג,שקדיה,IL,גרעין דלעת קלוף,גרמים,150.00,100 גרם,false,0,16.80,11.20,true,1,
7290000272344,false,סירופ פטל עסיס 2 ליטר,בית השיטה,IL,סירופ בטעם פטל,ליטרים,2.00,ליטר,false,0,20.70,10.35,true,1,
7290000272467,false,סירופ פטל דיאט 1 ליטר,בית השיטה,IL,סירופ פטל דיאט,ליטרים,1.00,ליטר,false,0,10.40,10.40,true,1,
7290000272696,false,מיץ לימון משומר-עסיס 1ל',בית השיטה,IL,מיץ לימון משומר,ליטרים,1.00,ליטר,false,0,9.90,9.90,true,1,
7290000272726,false,חומץ 5% 1 ליטר,בית השיטה,IL,חומץ 5%,ליטרים,1.00,ליטר,false,0,6.70,6.70,true,1,
7290000275901,false,חומוסטחינה צנובר צבר400ג,צבר,IL,חומוסטחינה צנובר,גרמים,400.00,100 גרם,false,1,14.20,3.55,true,1,
7290000275970,false,מלך החומוס+גרגירים 400גר,צבר,IL,מלך החומוס צבר,גרמים,400.00,100 גרם,false,1,12.40,3.10,true,1,
7290000284316,false,קוקה קולה בקבוק 1.5 ליטר,החברה המרכזית לייצור משקאות,IL,קוקה קולה,ליטרים,1.50,ליטר,false,0,6.20,4.13,true,1,
7290000284347,false,קינלי סודה 1.5 ליטר,החברה המרכזית לייצור משקאות,IL,קינלי סודה,ליטרים,1.50,ליטר,false,0,4.00,2.67,true,1,
7290000284361,false,קולה דיאט בקבוק 1.5 ל',החברה המרכזית לייצור משקאות,IL,קוקה קולה דיאט,ליטרים,1.50,ליטר,false,0,6.20,4.13,true,1,
7290000284743,false,דיאט קולה נ.קופאין 1.5 ל,החברה המרכזית לייצור משקאות,IL,דיאט קולה,ליטרים,1.50,ליטר,false,0,6.80,4.53,true,1,
7290000286228,false,סנו סושי 6 כריות יפניות,סנו,IL,ספוגי סנו סושי,יחידה,1.00,יחידה,false,0,10.00,10.00,true,1,
7290000286297,false,סנו אנטיקאלק מסיר אבן700,סנו,IL,סנו מסיר אבן,מיליליטרים,700.00,"100 מ""ל",false,0,11.80,1.69,true,1,
7290000286457,false,משחת אורביטול מנטול 145ג,קוסמופארם,IL,משחת שיניים,גרמים,145.00,100 גרם,false,0,6.90,4.76,true,1,
7290000286525,false,ספוג כיף רחצה פרינה 1 יח,קוסמופארם,IL,ספוג רחצה,יחידה,1.00,יחידה,false,0,11.90,11.90,true,1,
7290000286549,false,מטליות רב שימוש 9 יח',סנו,IL,מטליות רב שימוש 9 יח',יחידה,1.00,יחידה,false,0,8.90,8.90,true,1,
7290000286594,false,סנוX- לימון 600 גרם,סנו,IL,סנוX- קרם לניק,גרמים,600.00,100 גרם,false,0,9.90,1.65,true,1,
7290000286921,false,"סנוקל רסס וכבס 750 מ""ל",סנו,IL,סנוקל רסס וכבס,מיליליטרים,750.00,"100 מ""ל",false,0,10.00,1.33,true,1,
7290000286945,false,"סנו רהיט מרסס 500 מ""ל",סנו,IL,סנו רהיט מרסס,מיליליטרים,500.00,"100 מ""ל",false,0,27.00,5.40,true,1,
7290000287195,false,סנורהיט מבריק רהיטים305ג,סנו,IL,סנו רהיט מרסס,מיליליטרים,305.00,"100 מ""ל",false,0,13.90,4.56,true,1,
7290000287492,false,סנובון נוזלי לימון 750מל,סנו,IL,סנובון נוזלי,מיליליטרים,750.00,"100 מ""ל",false,0,8.90,1.19,true,1,
7290000287607,false,סנו בלו סבון למיכל האסלה,סנו,IL,סנו בלו לאסלה,גרמים,150.00,100 גרם,false,0,20.50,13.67,true,1,
7290000287621,false,סנו אנטי קאלק לאסלות750מ,סנו,IL,סנו מנקה אסלות,מיליליטרים,750.00,"100 מ""ל",false,0,10.00,1.33,true,1,
7290000288017,false,סנו ג'אוול לימון 1 ליטר,סנו,IL,סנו JAVEL,ליטרים,1.00,ליטר,false,0,7.70,7.70,true,1,
7290000288024,false,סנו ג'אוול לימון 4 ליטר,סנו,IL,סנו JAVEL אקונומ,ליטרים,4.00,ליטר,false,0,15.90,3.98,true,1,
7290000288031,false,סנו אקונמיקה 4 ליטר,סנו,IL,סנו אקונמיקה,ליטרים,4.00,ליטר,false,0,10.60,2.65,true,1,
7290000288048,false,סנו ג'אוול מרסס לבנדר 1ל,סנו,IL,סנו ג'אוול לבנדר,ליטרים,1.00,ליטר,false,0,11.90,11.90,true,1,
7290000288079,false,סנו ג'אוול לימון 2 ליטר,סנו,IL,סנו JAVEL מלבין,ליטרים,2.00,ליטר,false,0,9.50,4.75,true,1,
7290000288291,false,סנומט קוטל יתוש/זבוב30טב,סנו,IL,סנומט נגד יתוש,יחידה,1.00,יחידה,false,0,12.80,12.80,true,1,
7290000288307,false,סנומט מכשיר + 30 טבליות,סנו,IT,מכשיר סנומט+טבל,יחידה,1.00,יחידה,false,0,24.90,24.90,true,1,
7290000288352,false,300-K קוטל חרק/.זוחל630מ,סנו,IL,300-K קוטל חרק,מיליליטרים,630.00,"100 מ""ל",false,0,19.90,3.16,true,1,
7290000288383,false,500-K תרס.נגד נמלים 400מ,סנו,IL,סנו 500-K תרסיס,מיליליטרים,400.00,"100 מ""ל",false,0,21.70,5.43,true,1,
7290000288390,false,600-K יבש קוטל חרקים500מ,סנו,IL,סנו 600-K תרסיס,מיליליטרים,500.00,"100 מ""ל",false,0,20.90,4.18,true,1,
7290000288413,false,"סנו די כדורי 50 מ""ל",סנו,IL,סנו די כדורי,מיליליטרים,50.00,"100 מ""ל",false,0,17.70,35.40,true,1,
7290000288642,false,מרכך מקסימה סנסטיב 4 ל',סנו,IL,מרכך כביסה,ליטרים,4.00,ליטר,false,0,18.50,4.63,true,1,
7290000288840,false,סנו מים מזוקקים 2 ליטר,סנו,IL,סנו מים מזוקקים,ליטרים,2.00,ליטר,false,0,9.90,4.95,true,1,
7290000289052,false,פוליויקס סחלבים 4 ליטר,סנו,IL,פוליויקס לריצפה,ליטרים,4.00,ליטר,false,0,32.60,8.15,true,1,
7290000289069,false,סנו ג'אוול מרסס לימון 1ל,סנו,IL,סנו ג'אוול מרסס,ליטרים,1.00,ליטר,false,0,11.90,11.90,true,1,
7290000289595,false,אורביטול קיד תות 145 גרם,קוסמופארם,IL,משחת שיניים,גרמים,145.00,100 גרם,false,0,7.40,5.10,true,1,
7290000289748,false,"סנו פורטה פלוס 750 מ""ל",סנו,IL,סנו פורטה פלוס,מיליליטרים,750.00,"100 מ""ל",false,0,11.90,1.59,true,1,
7290000289915,false,"סנופרש וניל מתוק 375 מ""ל",סנו,IL,מטהר סנופרש,מיליליטרים,375.00,"100 מ""ל",false,0,9.80,2.61,true,1,
7290000291932,false,סנובון נוזלי לבנדר 750מל,סנו,IL,סנובון נוזלי,מיליליטרים,750.00,"100 מ""ל",false,0,8.90,1.19,true,1,
7290000292137,false,"סנו לניקוי עור 500 מ""ל",סנו,IL,סנו לניקוי עור,מיליליטרים,500.00,"100 מ""ל",false,0,32.60,6.52,true,1,
7290000292311,false,פוליויקס סחלבים 2 ליטר,סנו,IL,סנו פוליויקס,ליטרים,2.00,ליטר,false,0,21.90,10.95,true,1,
7290000292557,false,סנומט נוזלי45לילות-מילוי,סנו,IL,נוזל מילוי סנו,מיליליטרים,35.00,"100 מ""ל",false,0,15.90,45.43,true,1,
7290000292564,false,"2000-K אינסקטל 750 מ""ל",סנו,IL,סנו 2000-K תרסיס,מיליליטרים,750.00,"100 מ""ל",false,0,31.60,4.21,true,1,
7290000292939,false,אקווה בלו למיכל אסלה100ג,סנו,IL,אקווה בלו לאסלה,גרמים,100.00,100 גרם,false,0,13.10,13.10,true,1,
7290000293073,false,מרכך כביסה מקסימה ביו4ל',סנו,IL,מרכך כביסה,ליטרים,4.00,ליטר,false,0,18.50,4.63,true,1,
7290000293561,false,"סנו מסיר עובש 750 מ""ל",סנו,IL,סנו מסיר עובש,מיליליטרים,750.00,"100 מ""ל",false,0,19.70,2.63,true,1,
7290000293943,false,סנו אנטי קאלק מרסס 1 ל',סנו,IL,סנו אנטי קאלק,ליטרים,1.00,ליטר,false,0,13.90,13.90,true,1,
7290000294391,false,סנו ג'ט לניקוי כללי 4ל,סנו,IL,סנו ג'ט,ליטרים,4.00,ליטר,false,0,15.00,3.75,true,1,
7290000294780,false,סנו ג'אול אקונומ.סמיכה4ל,סנו,IL,סנו ג'אוול 4 ל,ליטרים,4.00,ליטר,false,0,15.90,3.98,true,1,
7290000295404,false,סושי60שקיות אשפה כחולות,סנו,IL,שקיות אשפה,יחידה,1.00,יחידה,false,0,20.00,20.00,true,1,
7290000295541,false,סנו סושי 75רב מגבת ג'מבו,סנו,IL,סנו סושי רב מגבת,מטרים,21.00,מטר,false,0,16.90,0.80,true,1,
7290000295572,false,"מנקה אסלות ""00"" 750*2מל",סנו,IL,צמד מנקה אסלות,ליטרים,1.50,ליטר,false,0,16.40,10.93,true,1,
7290000300139,false,המבורגר מן הצומח 750 גרם,טבעול,IL,המבורגר מן הצומח,גרמים,750.00,100 גרם,false,0,34.60,4.61,true,1,
7290000300337,false,נקנקיה וינר מן הצומח 750,טבעול,IL,נקניקיה מן הצומח,גרמים,750.00,100 גרם,false,0,28.90,3.85,true,1,
7290000300689,false,שניצל ברוקולי 750 גרם,טבעול,IL,שניצל ברוקולי,גרמים,750.00,100 גרם,false,0,31.70,4.23,true,1,
7290000300924,false,שניצל תרד 750 גרם,טבעול,IL,שניצל תרד,גרמים,750.00,100 גרם,false,0,31.30,4.17,true,1,
7290000301501,false,נקנקיות קוקטיל 750 גרם,טבעול,IL,נקנקיות קוקטייל,גרמים,750.00,100 גרם,false,0,28.90,3.85,true,1,
7290000301778,false,כרובית בציפוי פריך 500גר,טבעול,IL,כרובית בציפוי,גרמים,500.00,100 גרם,false,0,29.30,5.86,true,1,
7290000302027,false,טיים RED 10 יח',"דובק בע""מ",IL,טיים RED חבילה,יחידה,1.00,יחידה,false,0,264.90,264.90,false,1,
7290000302065,false,ברודווי 80 10 יח',"דובק בע""מ",IL,ברודווי 80,יחידה,1.00,יחידה,false,0,264.90,264.90,false,1,
7290000302225,false,נובלס פילטר 10 יח',"דובק בע""מ",IL,נובלס פילטר,יחידה,1.00,יחידה,false,0,264.90,264.90,false,1,
7290000302881,false,גולף גולד 100 פ.ע 10יח,"דובק בע""מ",,גולף גולד,יחידה,1.00,יחידה,false,0,274.90,274.90,false,1,
7290000303598,false,שעועית אפויה+רוטב 570 גר,פרי גליל,IL,שעועית ברוטב,גרמים,570.00,100 גרם,false,0,8.20,1.44,true,1,
7290000303604,false,חומוס שלם 550 גרם,פרי גליל,IL,חומוס שלם,גרמים,550.00,100 גרם,false,0,6.20,1.13,true,1,
7290000304526,false,ממרח סלמון 100 גרם,סטארקיסט,IL,ממרח סלמון,גרמים,100.00,100 גרם,false,0,7.40,7.40,true,1,
7290000304663,false,"סלט טונה פיקנטי""נון160""ג",סטארקיסט,IL,סלט טונה פיקנט,גרמים,160.00,100 גרם,false,0,6.80,4.25,true,1,
7290000305042,false,סרדין סטאר 2-5 120 גרם,.אל.גי.אם.סי,IL,סרדין סטאר,גרמים,120.00,100 גרם,false,0,6.00,5.00,true,1,
7290000305066,false,סרדין סטאר בשמן זית 120ג,.אל.גי.אם.סי,IL,סרדין סטאר,גרמים,120.00,100 גרם,false,0,6.40,5.33,true,1,
7290000305455,false,נתחי טונה בשמן 150*4 גרם,סטארקיסט,IL,נתחי טונה בשמן 150*4 גרם,גרמים,600.00,100 גרם,false,0,21.70,3.62,true,1,
7290000305882,false,אס ירקות עם דגים+רוטב120,סטארקיסט,IL,אס דגים+ירקות,גרמים,120.00,100 גרם,false,0,5.60,4.67,true,1,
7290000307015,false,אפונת גינה גדולה 550 גר',פרי גליל,IL,אפונת גינה,גרמים,550.00,100 גרם,false,0,6.80,1.24,true,1,
7290000307046,false,אפונת גינה וגזר 550 גרם,פרי גליל,IL,אפונת גינה וגזר,גרמים,550.00,100 גרם,false,0,6.50,1.18,true,1,
7290000307237,false,גרעיני תירס מתוק 550 גרם,פרי גליל,IL,גרעיני תירס,גרמים,550.00,100 גרם,false,0,6.40,1.16,true,1,
7290000307343,false,שעועית ירוקה חתוכה 550 ג,פרי גליל,IL,שעועית ירוקה,גרמים,550.00,100 גרם,false,0,6.90,1.25,true,1,
7290000309675,false,יעה מתקפל,המברשת רוחמה,IL,יעה מתקפל,יחידה,1.00,יחידה,false,0,22.10,22.10,true,1,
7290000311203,false,ופלים מן בטעם שוקולד200ג,רוקחמן,IL,ופלים טעם שוקולד,גרמים,200.00,100 גרם,false,0,4.40,2.20,true,1,
7290000311210,false,ופלים מן בטעם לימון 200ג,רוקחמן,IL,וופלים לימון,גרמים,200.00,100 גרם,false,0,4.40,2.20,true,1,
7290000311425,false,ופלים מצופים כחול 22*10ג,רוקחמן,IL,ופלים מצופים,גרמים,220.00,100 גרם,false,0,6.90,3.14,true,1,
7290000313184,false,עוג.גן חיות וניל 250 גרם,אסם,IL,עוגיות גן חיות,גרמים,250.00,100 גרם,false,0,7.60,3.04,true,1,
7290000315157,false,מיונז אמיתי לחיץ 385 גרם,בסט פודס,IL,מיונז אמיתי לחיץ,גרמים,385.00,100 גרם,false,0,14.80,3.84,true,1,
7290000315560,false,מיונז לחיץ לייט 385 גרם,בסט פודס,IL,מיונז לחיץ לייט,גרמים,385.00,100 גרם,false,0,14.80,3.84,true,1,
7290000315713,false,מיקספלקס וניל קראנצ20*6',יוניליוור,AT,חטיף מיקספלקס,גרמים,120.00,100 גרם,false,0,18.20,15.17,true,1,
7290000316444,false,ברנפלקס ל.תוספת סוכר500ג,יוניליוור,IL,"ברנפלקס ללת""ס",גרמים,500.00,100 גרם,false,0,24.70,4.94,true,1,
7290000316833,false,נשנושי ברנפלקס 375 גרם,יוניליוור,IL,נשנושי ברנפלקס,גרמים,375.00,100 גרם,false,0,17.90,4.77,true,1,
7290000318080,false,פסטרמה של פעם 300 גרם,מעדני יחיעם,IL,פסטרמה של פעם,גרמים,300.00,100 גרם,false,0,25.90,8.63,true,1,
7290000318103,false,פסטרמה ברביקיו משקל,מעדני יחיעם,IL,פסטרמה ברביקיו משקל,קילוגרמים,0.00,"ק""ג",true,0,66.00,66.00,true,1,
7290000318127,false,"נקניקיות ""ביס"" 380 גרם",מעדני יחיעם,IL,"נקניקיות ""ביס""",גרמים,380.00,100 גרם,false,0,10.80,2.84,true,1,
7290000318479,false,פרושוטו עגל 100 גרם,מעדני יחיעם,IL,פרושוטו,גרמים,100.00,100 גרם,false,0,27.10,27.10,true,1,
7290000318677,false,סלמי סרוולט 150 גרם,מעדני יחיעם,IL,סלמי סרוולט,גרמים,150.00,100 גרם,false,0,21.70,14.47,true,1,
7290000318806,false,סלמי סרוולד אמיתי במשקל,מעדני יחיעם,IL,סלמי סרוולד אמיתי במשקל,קילוגרמים,0.00,"ק""ג",true,0,140.00,140.00,true,1,
7290000318868,false,סלמי פפרוני במשקל,מעדני יחיעם,IL,סלמי פפרוני במשקל,קילוגרמים,0.00,"ק""ג",true,0,66.00,66.00,true,1,
7290000318929,false,סלמי צרפתי מובחר במשקל,מעדני יחיעם,IL,סלמי צרפתי מובחר במשקל,קילוגרמים,0.00,"ק""ג",true,0,139.00,139.00,true,1,
7290000318943,false,פסטרמה של פעם 200 גרם,מעדני יחיעם,IL,פסטרמה של פעם,גרמים,200.00,100 גרם,false,0,22.80,11.40,true,1,
7290000319131,false,נקניקיות עוף 400 גרם,מעדני יחיעם,IL,נקניקיות עוף,גרמים,400.00,100 גרם,false,0,11.40,2.85,true,1,
7290000319377,false,נקניקיות עגל שויצריות450,מעדני יחיעם,IL,נקניקיות עגל,גרמים,450.00,100 גרם,false,0,20.80,4.62,true,1,
7290000319520,false,סלמי צרפתי 100 גרם,מעדני יחיעם,IL,סלמי צרפתי,גרמים,100.00,100 גרם,false,0,19.00,19.00,true,1,
7290000319728,false,איטלקי מפולפל במשקל,מעדני יחיעם,IL,איטלקי מפולפל במשקל,קילוגרמים,0.00,"ק""ג",true,0,66.00,66.00,true,1,
7290000319759,false,"סלמי תה יחיעם ק""ג",מעדני יחיעם,IL,"סלמי תה יחיעם ק""ג",קילוגרמים,0.00,"ק""ג",true,5,49.00,49.00,true,1,
7290000319803,false,קבנוס קלאסי 125גרם,מעדני יחיעם,IL,קבנוס קלאסי,גרמים,125.00,100 גרם,false,5,14.90,11.92,true,1,
7290000319834,false,קבנוס פפרוני קלאסי 125גר,מעדני יחיעם,IL,קבנוס פפרוני,גרמים,125.00,100 גרם,false,5,14.90,11.92,true,1,
7290000319926,false,פסטרמה עוף על גחלים 300ג,מעדני יחיעם,IL,פסטרמה עוף,גרמים,300.00,100 גרם,false,0,23.60,7.87,true,1,
7290000327372,false,ג'אמפ אשכוליות דיאט1.5ל',טמפו,IL,ג'אמפ דיאט,ליטרים,1.50,ליטר,false,0,4.90,3.27,true,1,
7290000327440,false,ג'אמפ מנגו פסיפלורה 1.5ל,טמפו,IL,ג'אמפ מנגו,ליטרים,1.50,ליטר,false,0,4.90,3.27,true,1,
7290000327532,false,פפסי קולה 1.5*6 ליטר,טמפו,IL,פפסי קולה 6 יח,ליטרים,9.00,ליטר,false,0,21.90,2.43,true,1,
7290000327624,false,מי סודה 1.5 ליטר,טמפו,IL,מי סודה,ליטרים,1.50,ליטר,false,0,3.20,2.13,true,1,
7290000327693,false,סודה פירות יער,,IL,סודה פירות יער,ליטרים,1.50,ליטר,false,0,2.90,1.93,true,1,
7290000327778,false,סודה בטעם אבטיח,,IL,סודה בטעם אבטיח,ליטרים,1.50,ליטר,false,0,2.90,1.93,true,1,
7290000334165,false,תפוגן מובחר 700 גרם,תפוגן,IL,תפוגן מובחר,גרמים,700.00,100 גרם,false,0,16.80,2.40,true,1,
7290000334424,false,שניצל ירקות 750 גרם,תפוגן,IL,שניצל ירקות,גרמים,750.00,100 גרם,false,0,22.70,3.03,true,1,
7290000334431,false,שניצל תירס 750 גרם,תפוגן,IL,שניצל תירס,גרמים,750.00,100 גרם,false,0,19.70,2.63,true,1,
7290000334554,false,חטיפי תירס 600 גרם,תפוגן,IL,חטיפי תירס,גרמים,600.00,100 גרם,false,0,19.70,3.28,true,1,
7290000334684,false,טבעות בצל לתנור 700 גרם,תפוגן,IL,טבעות בצל לתנור,גרמים,700.00,100 גרם,false,0,16.80,2.40,true,1,
7290000334745,false,"אמריקן צ'יפס 1.5 ק""ג",תפוגן,IL,אמריקן צ'יפס,קילוגרמים,1.50,"ק""ג",false,0,26.90,17.93,true,1,
7290000336053,false,סיידר תרכיז טבעי בק330.מ,טמפו,IL,סיידר תרכיז טב,מיליליטרים,330.00,"100 מ""ל",false,0,10.00,3.03,true,1,
7290000339191,false,רן אבקת הלבנה 350 גרם,זוהר דליה,IL,רן אבקת הלבנה,גרמים,350.00,100 גרם,false,0,18.60,5.31,true,1,
7290000339597,false,חומצת מלח לאסלה/כיורים1ל,קליר כימיקלים,IL,חומצת מלח לאסל,ליטרים,1.00,ליטר,false,0,11.80,11.80,true,1,
7290000345055,false,ארל גריי תה עלים 100 גרם,ויסוצקי,IL,ארל גריי תה עלים 100 גרם,גרמים,100.00,100 גרם,false,0,14.00,14.00,true,1,
7290000345116,false,תה ירוק עלים 125 גרם,ויסוצקי,IL,תה ירוק עלים,גרמים,125.00,100 גרם,false,0,14.40,11.52,true,1,
7290000345147,false,תה ארל גריי בפח 200 גרם,ויסוצקי,IL,תה ארל גריי בפח,גרמים,200.00,100 גרם,false,0,31.20,15.60,true,1,
7290000345208,false,תה ויסוצקי 25שק* 1 גרם,ויסוצקי,IL,תה ויסוצקי מעודן,גרמים,25.00,100 גרם,false,0,6.40,25.60,true,1,
7290000345215,false,תה ויסוצקי כחול 100שק1*ג,ויסוצקי,IL,תה ויסוצקי כחול 100שק1*ג,גרמים,100.00,100 גרם,false,0,15.90,15.90,true,1,
7290000345260,false,תה ויסוצקי 25שק1.5*גרם,ויסוצקי,IL,תה ויסוצקי 25שק1.5*גרם,גרמים,37.00,100 גרם,false,0,6.90,18.65,true,1,
7290000345277,false,תה ויסוצקי 50שק1.5* גרם,ויסוצקי,IL,תה ויסוצקי 50שק1.5* גרם,גרמים,75.00,100 גרם,false,0,12.90,17.20,true,1,
7290000345284,false,תה קלאסיק 100שק1.5*גרם,ויסוצקי,IL,תה ויסוצקי ירוק,גרמים,150.00,100 גרם,false,0,17.90,11.93,true,1,
7290000345291,false,תה ארל גריי 25שק1.5*גרם,ויסוצקי,IL,תה ארל גריי 25שק1.5*גרם,גרמים,37.00,100 גרם,false,0,15.80,42.70,true,1,
7290000345307,false,תה ארל גריי 50 שק1.5*גרם,ויסוצקי,IL,תה ארל גריי 50שק,גרמים,75.00,100 גרם,false,0,29.90,39.87,true,1,
7290000345536,false,תה נענע 25 שקX. 1.5 גרם,ויסוצקי,IL,תה נענע 25 שקX. 1.5 גרם,גרמים,37.00,100 גרם,false,0,16.50,44.59,true,1,
7290000346137,false,הילולי פירות הגן 2.5X25ג,ויסוצקי,IL,חליטת פירות,גרמים,62.00,100 גרם,false,0,16.90,27.26,true,1,
7290000346144,false,חליטת עינוגי התפוח 3X25ג,ויסוצקי,IL,חליטת תפוחים,גרמים,67.00,100 גרם,false,0,16.90,25.22,true,1,
7290000346199,false,תה פירות יער 25שק2.7Xג,ויסוצקי,IL,חליטת פירות היער,גרמים,67.00,100 גרם,false,0,16.90,25.22,true,1,
7290000346205,false,חל.קמומיל-גן קסום1.5ג25X,ויסוצקי,IL,חליטת קמומיל,גרמים,37.00,100 גרם,false,0,16.90,45.68,true,1,
7290000346212,false,חליטת מנטה גן קסום2ג25Xש,ויסוצקי,IL,חליטת מנטה,גרמים,50.00,100 גרם,false,0,16.90,33.80,true,1,
7290000347738,false,תה ירוק עם נענע 25ש1.5Xג,ויסוצקי,IL,תה ירוק נענע,גרמים,37.00,100 גרם,false,0,25.90,70.00,true,1,
7290000347752,false,תה ירוק+לימונ.ולואיזה25ש,ויסוצקי,IL,תה ירוק לימונית,גרמים,37.00,100 גרם,false,0,25.90,70.00,true,1,
7290000355382,false,עגב.מרוסקות עם בזיל800.ג,מילוז,IL,עגב.מרוסקות עם בזיל800.ג,גרמים,800.00,100 גרם,false,0,7.30,0.91,true,1,
7290000355412,false,עגבנ.מרוסקות עם שום 800ג,מילוז,IL,עגבנ.מרוסקות עם שום 800ג,גרמים,800.00,100 גרם,false,0,7.30,0.91,true,1,
7290000355757,false,עגבנ.מרוסקות טל וטרי800ג,מילוז,IL,עגבניות מרוסקות,גרמים,800.00,100 גרם,false,0,7.60,0.95,true,1,
7290000356631,false,עגבנ.מרוסק.טל וטרי300X2ג,מילוז,IL,עגבנ.מרוסקות 2יח,גרמים,600.00,100 גרם,false,0,9.60,1.60,true,1,
7290000356648,false,עגבנ.מרוסק.עם שום300X2ג,מילוז,IL,עגבנ.מרוסקות 2יח,גרמים,600.00,100 גרם,false,0,9.60,1.60,true,1,
7290000356730,false,רסק עגבניות 330X2 גרם,מילוז,IL,רסק עגבניות,גרמים,660.00,100 גרם,false,0,10.30,1.56,true,1,
7290000363189,false,סלמי סרוולד משקל,טירת צבי,IL,סלמי סרוולד,קילוגרמים,0.00,"ק""ג",true,0,148.00,148.00,true,1,
7290000363462,false,מעושן איטלקי משקל,טירת צבי,IL,מעושן איטלקי,קילוגרמים,0.00,"ק""ג",true,0,72.00,72.00,true,1,
7290000363486,false,נקניק תה במשקל,טירת צבי,IL,נקניק תה,קילוגרמים,0.00,"ק""ג",true,0,52.00,52.00,true,1,
7290000364261,false,סלסולי כתף בקר 120 גרם,טירת צבי,IL,דקניקים כתף בקר,גרמים,120.00,100 גרם,false,0,15.30,12.75,true,1,
7290000364278,false,סלסולי סלמי איטלקי 120גר,טירת צבי,IL,דקניקים סלמי דק,גרמים,120.00,100 גרם,false,0,15.30,12.75,true,1,
7290000364285,false,סלסולי פסטרמה הודו 120גר,טירת צבי,IL,דקניקים פסטרמה,גרמים,120.00,100 גרם,false,0,15.30,12.75,true,1,
7290000364292,false,סלסולי פסטרמה גחלים 120ג,טירת צבי,IL,דקמיקים פסטרמה,גרמים,120.00,100 גרם,false,0,15.30,12.75,true,1,
7290000364773,false,נקניקיות עוף תפזורת משקל,טירת צבי,IL,נקניקיות עוף,קילוגרמים,0.00,"ק""ג",true,0,23.90,23.90,true,1,
7290000364803,false,נקנ. אמריקאיות/קרנץ 500ג,טירת צבי,IL,נקניקיות בקר,גרמים,500.00,100 גרם,false,0,26.90,5.38,true,1,
7290000364810,false,נקניקיות עגל 500 גרם,טירת צבי,IL,נקניקיות עגל,גרמים,500.00,100 גרם,false,0,26.90,5.38,true,1,
7290000364858,false,"נקניקיות עוף בואקום 1ק""ג",טירת צבי,IL,נקניקיות עוף,קילוגרמים,1.00,"ק""ג",false,0,29.90,29.90,true,1,
7290000364872,false,נקניקיות עוף 400 גרם,טירת צבי,IL,נקניקיות עוף,גרמים,400.00,100 גרם,false,0,14.10,3.53,true,1,
7290000365046,false,כתף בקר מעושן במשקל,טירת צבי,IL,כתף בקר מעושן,קילוגרמים,0.00,"ק""ג",true,0,98.00,98.00,true,1,
7290000365077,false,חזה אווז מעושן משקל,טירת צבי,IL,חזה אווז מעושן,קילוגרמים,0.00,"ק""ג",true,0,170.00,170.00,true,1,
7290000365107,false,כתף מפולפל משקל,טירת צבי,IL,כתף מפולפל,קילוגרמים,0.00,"ק""ג",true,0,98.00,98.00,true,1,
7290000365398,false,חזה הודו בדבש במשקל,טירת צבי,IL,חזה הודו בדבש,קילוגרמים,0.00,"ק""ג",true,0,84.00,84.00,true,1,
7290000365909,false,פסטרמה טבעית משקל,טירת צבי,IL,פסטרמה טבעית,קילוגרמים,0.00,"ק""ג",true,0,84.00,84.00,true,1,
7290000365954,false,פסטרמה על גחלים משקל,טירת צבי,IL,פסטרמה על גחלי,קילוגרמים,0.00,"ק""ג",true,0,84.00,84.00,true,1,
7290000367590,false,פסטרמה כפרית+סלמי 400*2ג,טירת צבי,IL,צמד כפרי נקניקים,גרמים,800.00,100 גרם,false,0,34.90,4.36,true,1,
7290000377612,false,"מיץ תפוזים סחוט 400 מ""ל",פריגת,IL,מיץ תפוזים,מיליליטרים,400.00,"100 מ""ל",false,0,5.90,1.48,true,1,
7290000379128,false,חלה פרוס.וארוז500.גרם231,מאפיית שלמה א. אנג'ל,IL,חלה פרוס.וארוז500.גרם231,גרמים,500.00,100 גרם,false,0,9.20,1.84,true,1,
7290000379142,false,לחם עינן פרוס וארוז 750ג,מאפיית שלמה א. אנג'ל,IL,לחם עינן פרוס וארוז 750ג,גרמים,750.00,100 גרם,false,0,14.90,1.99,true,1,
7290000379203,false,לחם עינן קל 500 גרם,מאפיית שלמה א. אנג'ל,IL,לחם עינן קל 500 גרם,גרמים,500.00,100 גרם,false,0,14.80,2.96,true,1,
7290000379258,false,חלת קונדיטוריה ארוזה500ג,מאפיית שלמה א. אנג'ל,IL,חלת קונדיטוריה ארוזה500ג,גרמים,500.00,100 גרם,false,0,15.30,3.06,true,1,
7290000379357,false,חלה קלה פרוסה 500 גרם,מאפיית שלמה א. אנג'ל,IL,חלה קלה פרוסה 500 גרם,גרמים,500.00,100 גרם,false,0,13.80,2.76,true,1,
7290000396439,false,עגבניות שרי מידיפלס יח,קטיף,IL,ע.שרי מידיפלם-יח,יחידה,1.00,יחידה,false,0,8.90,8.90,true,1,
7290000408316,false,יוגורט ביו 3% דנונה 200ג,שטראוס,IL,יוגורט ביו 3%,גרמים,200.00,100 גרם,false,0,3.60,1.80,true,1,
7290000408354,false,דנונה בר פצפוצים 173 גרם,שטראוס,IL,דנונה בר פצפוצים,גרמים,173.00,100 גרם,false,0,4.50,2.60,true,1,
7290000416021,false,ממרח בטעם שוקולד 500גר,השחר,IL,ממרח השחר,גרמים,500.00,100 גרם,false,0,11.90,2.38,true,1,
7290000416045,false,ממרח מובחר מריחה השחר1קג,השחר,IL,ממרח השחר,קילוגרמים,1.00,"ק""ג",false,0,22.70,22.70,true,1,
7290000416168,false,קרם למריחה בשפופרת330ג,השחר,IL,קרם למריחה,גרמים,330.00,100 גרם,false,0,11.90,3.61,true,1,
7290000416618,false,"ממרח טעם שוקולד בד""ץ400ג",השחר,IL,ממרח בטעם שוקולד,גרמים,400.00,100 גרם,false,0,10.90,2.73,true,1,
7290000416632,false,ממרח טעם שוקולד פרווה1קג,השחר,IL,ממרח שוקולד השחר,קילוגרמים,1.00,"ק""ג",false,0,22.90,22.90,true,1,
7290000416892,false,ק.למריחה בשפופרת תפוז330,השחר,IL,קרם למריחה,גרמים,330.00,100 גרם,false,1,11.90,3.61,true,1,
7290000418155,false,טופ פד ס.פלוס 16 תחבושות,מוצרי נייר עמיר,IL,תחבושות טופ פד,יחידה,1.00,יחידה,false,0,6.70,6.70,true,1,
7290000419107,false,קפה שחור לנדוור 100 גרם,קפה לנדוור,IL,קפה שחור לנדוור,גרמים,100.00,100 גרם,false,0,7.90,7.90,true,1,
7290000419114,false,קפה טחון טורקי לנדור200ג,קפה לנדוור,IL,קפה שחור לנדוור,גרמים,200.00,100 גרם,false,0,15.80,7.90,true,1,
7290000419367,false,קפה לנדוור מקורי 70*4גרם,קפה לנדוור,,קפה לנדוור 4 יח',גרמים,280.00,100 גרם,false,0,19.70,7.04,true,1,
7290000419893,false,קפה לנדור לבוקר טחון100ג,קפה לנדוור,IL,קפה שחור לבוקר,גרמים,100.00,100 גרם,false,0,7.90,7.90,true,1,
7290000419909,false,קפה לנדוור אספרסו טחו100,קפה לנדוור,IL,קפה בטעם אספרסו,גרמים,100.00,100 גרם,false,0,7.90,7.90,true,1,
7290000419923,false,קפה לנדוור אספרסו טחו200,קפה לנדוור,IL,קפה אספרסו טחון,גרמים,200.00,100 גרם,false,0,19.60,9.80,true,1,
7290000420325,false,גרע.תירס טבעי-מיקרו100*5,פרסטון פארמס,US,פופקורן למיקרו,גרמים,500.00,100 גרם,false,0,12.90,2.58,true,1,
7290000420332,false,פופקורן חמאה מיקרו100*5ג,פרסטון פארמס,US,פופקורן למיקרו,גרמים,500.00,100 גרם,false,0,12.90,2.58,true,1,
7290000432144,false,נרות שבת אקספורט,,IL,נרות שבת אקספורט,יחידה,1.00,יחידה,false,0,26.20,26.20,true,1,
7290000432595,false,נר הבדלה שטוח בודד,,IL,נר הבדלה שטוח בודד,יחידה,1.00,יחידה,false,0,10.10,10.10,true,1,
7290000433684,false,פפסי קולה 1.5 ליטר,טמפו,IL,פפסי קולה,ליטרים,1.50,ליטר,false,0,4.90,3.27,true,1,
7290000433714,false,סבן אפ 1.5 ליטר,טמפו,IL,סבן אפ,ליטרים,1.50,ליטר,false,0,4.90,3.27,true,1,
7290000433745,false,מירינדה 1.5 ליטר,טמפו,IL,מירינדה תפוזים,ליטרים,1.50,ליטר,false,0,4.90,3.27,true,1,
7290000433899,false,דיאט סבן אפ 1.5 ליטר,טמפו,IL,דיאט סבן אפ,ליטרים,1.50,ליטר,false,0,4.90,3.27,true,1,
7290000433974,false,פפסי מקס 1.5 ליטר,טמפו,IL,פפסי מקס,ליטרים,1.50,ליטר,false,0,5.50,3.67,true,1,
7290000442044,false,"פמינה חמוציות 220 מ""ל",כצט,IL,פמינה חמוציות,מיליליטרים,220.00,"100 מ""ל",false,0,22.90,10.41,true,1,
7290000442587,false,גינקו קרם רב שימושי 220מ,כצט,IL,קרם רב שימושי,מיליליטרים,250.00,"100 מ""ל",false,0,17.90,7.16,true,1,
7290000442594,false,"קרם ידיים גינקו 100 מ""ל",כצט,IL,קרם ידיים גינק,מיליליטרים,100.00,"100 מ""ל",false,0,5.80,5.80,true,1,
7290000446608,false,תפוז סיני מסוכר 200גרם,קטיף,IL,תפוז סיני מסוכר,גרמים,200.00,100 גרם,false,0,12.80,6.40,true,1,
7290000446615,false,אתרוג מסוכר 150גרם,קטיף,IL,150 אתרוג מסוכר,גרמים,150.00,100 גרם,false,0,12.80,8.53,true,1,
7290000453019,false,שמרית-שמרים לחים 50 גרם,פאקא,IL,שמרית-שמרים טרי,גרמים,50.00,100 גרם,false,0,4.20,8.40,true,1,
7290000453125,false,שמרית+משפר אפיה ביתית100,פאקא,IL,שמרית+ משפר אפיה,גרמים,100.00,100 גרם,false,0,7.40,7.40,true,1,
7290000461625,false,בייגלה שמיניות מלוח400גר,יוניליוור,IL,בייגלה שמיניות,גרמים,400.00,100 גרם,false,0,7.90,1.98,true,1,
7290000461656,false,בייגל אחד אחד 400 גרם,יוניליוור,IL,בייגלה מקלות,גרמים,400.00,100 גרם,false,0,7.90,1.98,true,1,
7290000461700,false,בייגלה שמינ.גדול.מלוח400,יוניליוור,IL,בייגלה גדול,גרמים,400.00,100 גרם,false,0,13.80,3.45,true,1,
7290000461724,false,בייגלה שמינ.גדול+שומש400,יוניליוור,IL,בייגלה שמיניות,גרמים,400.00,100 גרם,false,0,15.10,3.78,true,1,
7290000461861,false,דג דג חטיף מלוח 400 גרם,גוצ'מולר,IL,דג דג חטיף מלוח,גרמים,400.00,100 גרם,false,0,9.90,2.48,true,1,
7290000462103,false,סחוג זהבי אדום 150 גרם,זהבי הכרם,IL,סחוג זהבי אדום,גרמים,150.00,100 גרם,false,0,7.40,4.93,true,1,
7290000462141,false,זחוק אדום חריף מאוד 150ג,זהבי הכרם,IL,זחוק אדום חריף,גרמים,150.00,100 גרם,false,0,7.40,4.93,true,1,
7290000463124,false,זית מנזנילו גדול 560 גרם,בית השיטה,IL,זית מנזנילו,גרמים,560.00,100 גרם,false,0,10.80,1.93,true,1,
7290000466095,false,"מלפפונים 30-36במלח 3 ק""ג",בית השיטה,IL,מלפפונים במלח,קילוגרמים,3.00,"ק""ג",false,0,17.20,5.73,true,1,
7290000466101,false,חומוסטחינה חריף צבר 400ג,צבר,IL,חומוסטחינה חריף,גרמים,400.00,100 גרם,false,1,14.20,3.55,true,1,
7290000466163,false,מלפ.גולן מלח 7-9 560 גרם,בית השיטה,IL,מלפפונים במלח,גרמים,560.00,100 גרם,false,0,5.90,1.05,true,1,
7290000466187,false,מלפפונים במלח 13-17 560ג,בית השיטה,IL,מלפפונים במלח,גרמים,560.00,100 גרם,false,0,9.20,1.64,true,1,
7290000467153,false,מלך החומוס סמיר הגדול400,צבר,IL,חומוס סמיר הגדול,גרמים,400.00,100 גרם,false,0,12.40,3.10,true,1,
7290000467160,false,מלפפון בחומץ גדול7-9 560,בית השיטה,IL,מלפפונים בחומץ,גרמים,560.00,100 גרם,false,0,5.90,1.05,true,1,
7290000467184,false,מלפפון חומץ קטן13-17 560,בית השיטה,IL,מלפפונים בחומץ,גרמים,560.00,100 גרם,false,0,9.20,1.64,true,1,
7290000467191,false,מלפ.בחומץ18-25 560 גרם,בית השיטה,IL,מלפפונים בחומץ,גרמים,560.00,100 גרם,false,0,11.50,2.05,true,1,
7290000467320,false,מלך חומוס אבו מרוואן400ג,צבר,IL,מלך החומוס צבר,גרמים,400.00,100 גרם,false,0,12.40,3.10,true,1,
7290000469638,false,"מריטו ענק 500 מ""ל",בולטון,IL,מריטו לגיהוץ קל,מיליליטרים,500.00,"100 מ""ל",false,0,21.10,4.22,true,1,
7290000474021,false,חלב מפוסטר שקית 3% 1 ל',טרה,IL,חלב טרה שקית 3%3,ליטרים,1.00,ליטר,false,0,4.80,4.80,true,1,
7290000474076,false,חלב הומוגני בקרטון3% 1ל,טרה,IL,חלב טרי טרה 3%,ליטרים,1.00,ליטר,false,0,5.75,5.75,true,1,
7290000474090,false,חלב הומוגני 1% קרטון 1 ל,טרה,IL,חלב טרי טרה 1%,ליטרים,1.00,ליטר,false,0,5.40,5.40,true,1,
7290000474410,false,חמאה 100 גרם,טרה,IL,חמאה טרה,גרמים,100.00,100 גרם,false,0,3.80,3.80,true,1,
7290000474502,false,גבינה לבנה 5% טרה 250 גר,טרה,IL,גבינה לבנה 5%,גרמים,250.00,100 גרם,false,0,4.20,1.68,true,1,
7290000474540,false,גבי. טוב טעם 3% 250גרם,טרה,IL,גבינת טוב טעם3%,גרמים,250.00,100 גרם,false,0,10.80,4.32,true,1,
7290000474830,false,גבינה צהובה מגורדת 500גר,טרה,IL,צהובה מגורדת,גרמים,500.00,100 גרם,false,0,25.90,5.18,true,1,
7290000480107,false,קואקר ש.שועל פח 500גרם,קואקר אוטס,GB,קואקר שיבולת,גרמים,500.00,100 גרם,false,0,13.40,2.68,true,1,
7290000481531,false,לחמניות חיטה מלאה75*10גר,מאפ. דגנית עין-בר,IL,לחמניות חיטה מלאה75*10גר,גרמים,750.00,100 גרם,false,0,15.40,2.05,true,1,
7290000481746,false,לחמנ.חיטה מלאה ילדים75*8,דגנית עין בר,IL,לחמניות חיטה מלא,גרמים,600.00,100 גרם,false,1,13.90,2.32,true,1,
7290000481883,false,לחמניות אצבע 75*10 גרם,מאפ. דגנית עין-בר,IL,לחמניות אצבע 75*10 גרם,גרמים,750.00,100 גרם,false,0,15.40,2.05,true,1,
7290000481944,false,לחם דגנים קל 500 גרם,מאפ. דגנית עין-בר,IL,לחם דגנים קל 500 גרם,גרמים,500.00,100 גרם,false,0,15.90,3.18,true,1,
7290000481951,false,6 לחמניות דגנים קלות300ג,,IL,6 לחמניות דגנים קלות300ג,גרמים,300.00,100 גרם,false,0,12.80,4.27,true,1,
7290000483139,false,מרציפן גולמי 100 גרם,המרשלג,IL,מרציפן,גרמים,100.00,100 גרם,false,0,9.80,9.80,true,1,
7290000483412,false,טפטופים לעוגה 60 גרם,המרשלג,IL,טפטופים לעוגה,גרמים,60.00,100 גרם,false,0,14.80,24.67,true,1,
7290000483924,false,בצק סוכר לעוגות 600 גרם,המרשלג,IL,בצק סוכר לעוגות,גרמים,600.00,100 גרם,false,0,14.00,2.33,true,1,
7290000484501,false,"אלוף הארק 750 מ""ל",יקב הגליל יוסף גולד ובניו,IL,אלוף הארק,מיליליטרים,750.00,"100 מ""ל",false,0,89.10,11.88,true,1,
7290000484525,false,"עלית הארק 750 מ""ל",יקב הגליל יוסף גולד ובניו,IL,עלית הארק,מיליליטרים,750.00,"100 מ""ל",false,0,64.20,8.56,true,1,
7290000490717,false,"מאגדות גלית 8יחכשל""פ 560",גלידות פלדמן,IL,מאגדות גלית 8י,גרמים,560.00,100 גרם,false,0,27.20,4.86,true,1,
7290000493183,false,רוטב פטריות לבשר-אבקה30ג,אסם,IL,רוטב פטריות,גרמים,30.00,100 גרם,false,0,4.00,13.33,true,1,
7290000497044,false,לחם ברמן אקטיב 750 גרם,מאפית ברמן,IL,לחם ברמן אקטיב 750 גרם,גרמים,750.00,100 גרם,false,0,13.90,1.85,true,1,
7290000497228,false,6 לחמניות רגילות בשקית,מאפית ברמן,IL,6 לחמניות רגילות בשקית,גרמים,450.00,100 גרם,false,0,8.50,1.89,true,1,
7290000497303,false,6 לחמניות מקמח מלא בשקית,מאפית ברמן,IL,6 לחמניות מקמח מלא בשקית,גרמים,450.00,100 גרם,false,0,8.50,1.89,true,1,
7290000497426,false,לחם ברמן קל לענין 500גרם,מאפית ברמן,IL,לחם ברמן קל לענין 500גרם,גרמים,500.00,100 גרם,false,0,10.00,2.00,true,1,
7290000497457,false,לחם דגנים 750 גרם,מאפית ברמן,IL,לחם דגנים 750 גרם,גרמים,750.00,100 גרם,false,0,13.80,1.84,true,1,
7290000497532,false,לחם ברמן לענין 750 גרם,מאפית ברמן,IL,לחם ברמן לענין 750 גרם,גרמים,750.00,100 גרם,false,0,10.00,1.33,true,1,
7290000497570,false,לחם דגני קלות פרוס 500גר,מאפית ברמן,IL,לחם דגני קלות פרוס 500גר,גרמים,500.00,100 גרם,false,0,13.80,2.76,true,1,
7290000504025,false,סוכרזית 300 טבליות פטריה,"ביסקול בע""מ",IL,סוכרזית פטריה,גרמים,24.00,100 גרם,false,0,9.50,39.58,true,1,
7290000504049,false,סוכרזית 1200 טבליות,"ביסקול בע""מ",IL,סוכרזית טבליות,גרמים,98.00,100 גרם,false,0,21.90,22.35,true,1,
7290000504261,false,"כמו סוכר"" אבקה ממתיק75ג","ביסקול בע""מ",IL,כמו סוכר,גרמים,75.00,100 גרם,false,0,25.20,33.60,true,1,
7290000506111,false,חזרת פיאו 400 גרם,פיאו,IL,חזרת פיאו,גרמים,400.00,100 גרם,false,0,10.40,2.60,true,1,
7290000518114,false,מתוק וקל 200 גרם,למפדוס,IL,אבקת מתוק וקל,גרמים,200.00,100 גרם,false,0,8.50,4.25,true,1,
7290000518169,false,מתוק וקל 1000 טבליות,מתוק וקל,IL,מתוק וקל,גרמים,80.00,100 גרם,false,0,8.80,11.00,true,1,
7290000518176,false,מתוק וקל ענק 250 שקיות,למפדוס,IL,מתוק וקל ענק,גרמים,250.00,100 גרם,false,0,17.90,7.16,true,1,
7290000518251,false,מתוק וקל זהב 100 שקיות,למפדוס,IL,מתוק וקל זהב,יחידה,1.00,יחידה,false,0,11.80,11.80,true,1,
7290000521008,false,יין אדום יבש של סגל750מל,יינות סגל,IL,יין סגל אדום,מיליליטרים,750.00,"100 מ""ל",false,0,16.90,2.25,true,1,
7290000521015,false,"יין לבן יבש של סגל750מ""ל",יינות סגל,IL,יין לבן של סגל,מיליליטרים,750.00,"100 מ""ל",false,0,16.90,2.25,true,1,
7290000521022,false,יין סגל לבן רג.ח.יבש750מ,יינות סגל,IL,יין לבן חצי יבש,מיליליטרים,750.00,"100 מ""ל",false,0,16.90,2.25,true,1,
7290000521367,false,"זני של סגל מרלו 750 מ""ל",יינות סגל,IL,יין מרלו של סגל,מיליליטרים,750.00,"100 מ""ל",false,0,24.70,3.29,true,1,
7290000521398,false,"סגל קברנה שיראז750מ""ל",יינות סגל,IL,סגל קברנה שיראז,מיליליטרים,750.00,"100 מ""ל",false,0,24.70,3.29,true,1,
7290000521404,false,"מרום גליל קברנה 750 מ""ל",יינות סגל,IL,מרום גליל קברנה,מיליליטרים,750.00,"100 מ""ל",false,0,29.90,3.99,true,1,
7290000521411,false,"מרום גליל מרלו 750 מ""ל",יינות סגל,IL,מרום גליל מרלו,מיליליטרים,750.00,"100 מ""ל",false,0,29.90,3.99,true,1,
7290000522104,false,חלב עמיד 3% שומן 1 ליטר,מחלבת רמת-הגולן,IL,חלב עמיד 3% שומן 1 ליטר,ליטרים,1.00,ליטר,false,0,7.20,7.20,true,1,
7290000522142,false,חלב הרים טהור 3% 1 ליטר,"מחלבות רמה""ג",IL,חלב הרים טהור 3% 1 ליטר,ליטרים,1.00,ליטר,false,0,6.90,6.90,true,1,
7290000522159,false,חלב הרים טהור 1% 1 ליטר,"מחלבות רמה""ג",IL,חלב הרים טהור 1% 1 ליטר,מיליליטרים,1000.00,"100 מ""ל",false,0,6.90,0.69,true,1,
7290000522166,false,חלב הרים נטול לקטוז3% 1ל,"מחלבות רמה""ג",IL,חלב הרים נטול לקטוז3% 1ל,ליטרים,1.00,ליטר,false,0,10.40,10.40,true,1,
7290000522272,false,"שמנת לקפה 10% 500מ""ל","מחלבות רמה""ג",IL,שמנת לקפה,מיליליטרים,500.00,"100 מ""ל",false,0,9.80,1.96,true,1,
7290000523118,false,"מלח ים יבש 1 ק""ג",תעשיות מלח לישראל,IL,"מלח ים יבש 1 ק""ג",קילוגרמים,1.00,"ק""ג",false,0,6.70,6.70,true,1,
7290000523224,false,מלח ים יבש 500 גרם,תעשיות מלח לישראל,IL,מלח ים שולחני,גרמים,500.00,100 גרם,false,0,7.30,1.46,true,1,
7290000523514,false,מלח יבש דל נתרן 250 גרם,תעשיות מלח לישראל,IL,מלח דל נתרן,גרמים,250.00,100 גרם,false,0,10.50,4.20,true,1,
7290000523811,false,"מלח הארץ גס צנצנת 1 ק""ג",תעשיות מלח לישראל,IL,"מלח הארץ גס צנצנת 1 ק""ג",קילוגרמים,1.00,"ק""ג",false,0,6.80,6.80,true,1,
7290000525969,false,מיץ תפוזים סחוט 1 ליטר,גניר,IL,מיץ תפוזים סחוט,ליטרים,1.00,ליטר,false,0,14.80,14.80,true,1,
7290000530024,false,נקניק תה מעושן רחב במשקל,זוגלובק,IL,נקניק תה מעושן,קילוגרמים,0.00,"ק""ג",true,0,50.00,50.00,true,1,
7290000530031,false,פיין סלמי צר במשקל,זוגלובק,IL,פיין סלמי צר,קילוגרמים,0.00,"ק""ג",true,0,64.00,64.00,true,1,
7290000530048,false,סלמי פפרוני במשקל,זוגלובק,IL,סלמי פפרוני,גרמים,0.00,"ק""ג",true,0,56.00,56.00,true,1,
7290000530062,false,נקניק מעושן איטלקי במשקל,זוגלובק,IL,נקניק איטלקי,קילוגרמים,0.00,"ק""ג",true,0,80.00,80.00,true,1,
7290000530086,false,נקניק מעושן7000- 600 גרם,זוגלובק,IL,נקניק מעושן,גרמים,600.00,100 גרם,false,0,34.00,5.67,true,1,
7290000530109,false,קבנוס בואקום 180X2 גרם,זוגלובק,IL,זוג קבנוס בואקום,גרמים,360.00,100 גרם,false,0,27.10,7.53,true,1,
7290000530116,false,נקניק תה בשן70- 470 גרם,זוגלובק,IL,נקניק תה בשן70-,גרמים,470.00,100 גרם,false,0,26.90,5.72,true,1,
7290000530178,false,נקניק קוניאק במשקל,זוגלובק,IL,נקניק קוניאק,קילוגרמים,0.00,"ק""ג",true,0,85.00,85.00,true,1,
7290000530291,false,נקניק מבשר הודו 800 גרם,זוגלובק,IL,נקניק מבשר הודו,גרמים,800.00,100 גרם,false,0,18.70,2.34,true,1,
7290000530369,false,גולן ח.הודו מעוש.שלם משק,זוגלובק,IL,גולן חזה הודו,קילוגרמים,0.00,"ק""ג",true,0,79.00,79.00,true,1,
7290000530413,false,המבורגר זהב 400 גרם,זוגלובק,IL,המבורגר זהב,גרמים,400.00,100 גרם,false,0,19.70,4.93,true,1,
7290000530550,false,נקניקיות וינר 60 קפוא 1ק,זוגלובק,IL,נקניקיות וינר,גרמים,1000.00,100 גרם,false,0,31.60,3.16,true,1,
7290000530703,false,פסטרמה חרמון+תה 400+400ג,זוגלובק,IL,מארז חרמון+תה,גרמים,800.00,100 גרם,false,0,32.40,4.05,true,1,
7290000531410,false,פסטרממיה בדבש טהור במשקל,זוגלובק,IL,פסטרממיה בדבש,קילוגרמים,0.00,"ק""ג",true,0,79.00,79.00,true,1,
7290000531496,false,קבנוס בואקום 180 גרם,זוגלובק,IL,קבנוס,גרמים,180.00,100 גרם,false,0,18.30,10.17,true,1,
7290000531601,false,סטייק בורגר 400גר',זוגלובק,IL,סטייק בורגר 00,גרמים,400.00,100 גרם,false,0,20.70,5.18,true,1,
7290000531977,false,בורקס גבינה 800 גרם,זוגלובק,IL,בורקס גבינה,גרמים,800.00,100 גרם,false,0,17.70,2.21,true,1,
7290000532400,false,חזה הודו ברביקיו במשקל,זוגלובק,IL,חזה הודו ברבקי,קילוגרמים,0.00,"ק""ג",true,0,79.00,79.00,true,1,
7290000532585,false,רוסטביף חצוי במשקל,זוגלובק,IL,רוסטביף חצוי,קילוגרמים,0.00,"ק""ג",true,0,109.00,109.00,true,1,
7290000532721,false,כתף בקר בפלפל טורו במשקל,זוגלובק,IL,כתף בקר בפלפל,קילוגרמים,0.00,"ק""ג",true,0,109.00,109.00,true,1,
7290000533353,false,"בצק עלים 1 ק""ג",זוגלובק,IL,בצק עלים,גרמים,1000.00,100 גרם,false,0,13.80,1.38,true,1,
7290000534718,false,חזה הודו תבור דל שומן מש,זוגלובק,IL,חזה הודו תבור,קילוגרמים,0.00,"ק""ג",true,0,79.00,79.00,true,1,
7290000534800,false,פסטרמה הודו רומני במשקל,זוגלובק,IL,פסטרמה הודו,קילוגרמים,0.00,"ק""ג",true,0,79.00,79.00,true,1,
7290000536316,false,שניצל מן הצומח 1 קג,זוגלובק,IL,שניצל מן הצומח,גרמים,1000.00,100 גרם,false,0,28.50,2.85,true,1,
7290000536750,false,מקלוני גזר ובטטה 500גרם,זוגלובק,IL,מקלוני גזר ובטטה,גרמים,500.00,100 גרם,false,0,18.70,3.74,true,1,
7290000536934,false,המבורגר בלחמניה יח,זוגלובק,IL,המבורגר בלחמניה,גרמים,185.00,100 גרם,false,0,14.90,8.05,true,1,
7290000537566,false,נקניקיות עוף 400 גרם,זוגלובק,IL,נקניקיות עוף,גרמים,400.00,100 גרם,false,0,14.60,3.65,true,1,
7290000537603,false,"נקניקיות עוף טריות 1 ק""ג",זוגלובק,IL,נקניקיות עוף,קילוגרמים,1.00,"ק""ג",false,0,29.20,29.20,true,1,
7290000538099,false,פסטרמה כפרית במשקל,זוגלובק,IL,פסטרמה כפרית,קילוגרמים,0.00,"ק""ג",true,0,79.00,79.00,true,1,
7290000540160,false,עוג.ללא סוכ.חיטה מלאה500,האחים,IL,עוגיות ללא סוכר,גרמים,500.00,100 גרם,false,0,20.50,4.10,true,1,
7290000540313,false,עוגיות טבעיות 500 גרם,האחים,IL,עוגיות טבעיות,גרמים,500.00,100 גרם,false,0,20.50,4.10,true,1,
7290000551098,false,בשר זרוע מס8' מוכשר קג,שונות,XX,בשר זרוע מוכשר,קילוגרמים,0.00,"ק""ג",true,0,44.90,44.90,true,1,
7290000552118,false,נקנקיות מרגז גריל 400גרם,טיבון ויל - נטו,IL,נקנקיות מרגז,גרמים,400.00,100 גרם,false,0,20.90,5.23,true,1,
7290000552194,false,קישקע 500 גרם,טיבון ויל - נטו,IL,קישקע,גרמים,500.00,100 גרם,false,0,14.80,2.96,true,1,
7290000552569,false,סטייק בורגר 400 גרם,טיבון ויל - נטו,IL,סטייק בורגר,גרמים,400.00,100 גרם,false,0,20.70,5.18,true,1,
7290000552927,false,טחון עוף 500 גרם,טיבון ויל - נטו,IL,טחון עוף,גרמים,500.00,100 גרם,false,0,14.80,2.96,true,1,
7290000552934,false,טחון הודו 500 גרם,טיבון ויל - נטו,IL,טחון הודו 500גרם,גרמים,500.00,100 גרם,false,0,14.40,2.88,true,1,
7290000554006,false,קשקבל 22% במשקל,מחלבות גד,IL,גבינת קשקבל,קילוגרמים,0.00,"ק""ג",true,0,125.00,125.00,true,1,
7290000554013,false,גבינת זיתים 5% במשקל,,IL,גבינת זיתים 5% במשקל,גרמים,0.00,"ק""ג",true,0,27.00,27.00,true,1,
7290000554402,false,מלבי 160 גרם,מחלבות גד,IL,מלבי,גרמים,160.00,100 גרם,false,0,5.20,3.25,true,1,
7290000554457,false,גבינה צפתית5% שומן 350ג,מחלבות גד,IL,גבינה צפתית5%,גרמים,350.00,100 גרם,false,0,16.90,4.83,true,1,
7290000554471,false,גבינת מוצרלה 22% 180 גרם,מחלבות גד,IL,גבינת מוצרלה 22%,גרמים,180.00,100 גרם,false,0,14.90,8.28,true,1,
7290000554532,false,גב.צפתית מעודנת5% 200גרם,מחלבות גד,IL,צפתית מעודנת 5%,גרמים,200.00,100 גרם,false,0,14.50,7.25,true,1,
7290000554600,false,גבי.מוצרלה מגורדת22% 300,מחלבות גד,IL,מוצרלה מגורדת,גרמים,300.00,100 גרם,false,0,23.70,7.90,true,1,
7290000554624,false,ירח מתוק מעד.חלב+אורז150,מחלבות גד,IL,מעדן חלב ואורז,גרמים,150.00,100 גרם,false,0,5.40,3.60,true,1,
7290000554655,false,מוצרלה מעושנת22% משקל,,IL,מוצרלה מעושנת22% משקל,קילוגרמים,0.00,"ק""ג",true,0,83.00,83.00,true,1,
7290000554686,false,לבנה בשמן זית+זעתר5% 250,מחלבות גד,IL,לאבנה בשמן זית5%,גרמים,250.00,100 גרם,false,0,13.80,5.52,true,1,
7290000554792,false,גבינה בולגרית 5%במשקל,מחלבות גד,IL,גבינה בולגרית 5%במשקל,גרמים,0.00,"ק""ג",true,0,45.00,45.00,true,1,
7290000554815,false,מוצרלה נקניק 22% במשקל,מחלבות גד,IL,גבינת מוצרלה,גרמים,0.00,"ק""ג",true,0,78.00,78.00,true,1,
7290000554822,false,ריקוטה גד 5% שומן 250 גר,מחלבות גד,IL,גבינת ריקוטה 5%,גרמים,250.00,100 גרם,false,0,13.80,5.52,true,1,
7290000554839,false,גבינה מסקרפונה 40% 250 ג,מחלבות גד,IL,גבינה מסקרפונה,גרמים,250.00,100 גרם,false,0,19.80,7.92,true,1,
7290000554914,false,גב.צפתית רכה 5% במשקל,מחלבות גד,IL,גב.צפתית רכה 5% במשקל,גרמים,0.00,"ק""ג",true,0,64.00,64.00,true,1,
7290000554921,false,גבינת ריקוטה 5% במשקל,מחלבות גד,IL,גבינה ריקוטה 5%,קילוגרמים,0.00,"ק""ג",true,0,45.00,45.00,true,1,
7290000554969,false,גב.שמנת 30%שומן1קג משקל,מחלבות גד,IL,גב.שמנת 30%שומן1קג משקל,קילוגרמים,0.00,"ק""ג",true,0,50.00,50.00,true,1,
7290000560021,false,אדג' פרו ג'ל מונע חתך200,אנרג'ייזר,US,ג'ל אדג' פרו,מיליליטרים,200.00,"100 מ""ל",false,0,17.90,8.95,true,1,
7290000560533,false,"אדג' פרו ג'ל רגיל 200מ""ל",אנרג'ייזר,US,אדג' ג'ל לגילוח,מיליליטרים,200.00,"100 מ""ל",false,0,17.90,8.95,true,1,
7290000560540,false,אדג' פרו ג'ל רגיש 200 מל,אנרג'ייזר,US,אדג' ג'ל לגילוח,מיליליטרים,200.00,"100 מ""ל",false,0,17.90,8.95,true,1,
7290000571119,false,גבינה גאודה 30% משקל,תנובה,IL,גבינת גאודה,קילוגרמים,0.00,"ק""ג",true,0,102.00,102.00,true,1,
7290000571188,false,גב.גאודה תום עיזים משקל,תנובה,IL,גב.גאודה תום עיזים משקל,קילוגרמים,0.00,"ק""ג",true,0,140.00,140.00,true,1,
7290000571294,false,גאודה מעושנת,,IL,גאודה מעושנת,קילוגרמים,0.00,"ק""ג",true,0,102.00,102.00,true,1,
7290000571386,false,יוגורמה מחלב כבשים5% 850,תנובה,IL,יוגורמה 5%,גרמים,850.00,100 גרם,false,0,25.90,3.05,true,1,
7290000571393,false,יוגורמה,,IL,יוגורמה,גרמים,140.00,100 גרם,false,0,5.80,4.14,true,1,
7290000571843,false,יוגורמה עיזים 140 גרם,תנובה,IL,יוגורמה עיזים,גרמים,140.00,100 גרם,false,1,5.80,4.14,true,1,
7290000572628,false,"ח.חלווה לייט ללת""ס25*11ג","אחדות בע""מ א.ת. ברקן",IL,חטיף חלווה לייט,גרמים,275.00,100 גרם,false,0,13.90,5.05,true,1,
7290000574066,false,לחם מלא פלוס שיפון 750 ג,מאפ. דגנית עין-בר,IL,לחם מלא פלוס שיפון 750 ג,גרמים,750.00,100 גרם,false,0,14.90,1.99,true,1,
7290000574110,false,לחם טבע קל 750 גרם,,IL,לחם טבע קל 750 גרם,גרמים,750.00,100 גרם,false,0,14.80,1.97,true,1,
7290000574141,false,לחם חיטה מלא 750 גרם,מאפ. דגנית עין-בר,IL,לחם חיטה מלא 750 גרם,גרמים,750.00,100 גרם,false,0,10.90,1.45,true,1,
7290000574172,false,לחם קל מחיטה מלאה 750גרם,מאפ. דגנית עין-בר,IL,לחם קל מחיטה מלאה 750גרם,גרמים,750.00,100 גרם,false,0,14.50,1.93,true,1,
7290000574257,false,לחם שחור קל פרוס 750 גרם,מאפ. דגנית עין-בר,IL,לחם שחור קל פרוס 750 גרם,גרמים,750.00,100 גרם,false,0,15.10,2.01,true,1,
7290000574370,false,לחם שיפון קל 750 גרם,מאפ. דגנית עין-בר,IL,לחם שיפון קל 750 גרם,גרמים,750.00,100 גרם,false,0,15.10,2.01,true,1,
7290000574455,false,לחם חיטה מלא +כוסמין750ג,דגנית עין בר,IL,לחם חיטה מלא,גרמים,750.00,100 גרם,false,1,13.90,1.85,true,1,
7290000574509,false,6 לחמנ.חצויות 450 גרם,מאפ. דגנית עין-בר,IL,6 לחמנ.חצויות 450 גרם,גרמים,450.00,100 גרם,false,0,11.80,2.62,true,1,
7290000598369,false,קמח מצה בשקית לפסח 500גר,מצות יהודה,IL,קמח מצה בשקית,גרמים,500.00,100 גרם,false,0,5.90,1.18,true,1,
7290000604022,false,ביצים ארוזות L 12 יחידות,תנובה,,ביצים L 12 יח',יחידה,1.00,יחידה,false,0,11.45,11.45,true,1,
7290000604053,false,ביצים L ארוז15יח,,IL,ביצים L ארוז15יח,יחידה,1.00,יחידה,false,0,14.31,14.31,true,1,
7290000606873,false,"תמרים לחים בד""ץ 500גרם",הדיקלאים,IL,תמרים לחים500ג,גרמים,500.00,100 גרם,false,0,9.90,1.98,true,1,
7290000632360,false,כרעיים עוף טרי עטרה,שונות,IL,כרעיים עוף טרי,קילוגרמים,0.00,"ק""ג",true,0,39.90,39.90,true,1,
7290000632698,false,שוקיים עוף קפוא עטרה מחי,שונות,IL,שוקיים עוף קפוא עטרה מחי,קילוגרמים,0.00,"ק""ג",true,0,36.60,36.60,true,1,
7290000644783,false,מנות פילה סלמון קפוא קג,תנובה,IL,פילה סלמון מנות,קילוגרמים,0.00,"ק""ג",true,0,74.60,74.60,true,1,
7290000650371,false,שניצל דג סול 400 גרם,דלידג - נטו,IL,שניצל דג סול,גרמים,400.00,100 גרם,false,0,18.70,4.68,true,1,
7290000657912,false,חטיפי דג הנסיכה 400 גרם,דלידג - נטו,IL,חטיפי דג הנסיכה,גרמים,400.00,100 גרם,false,0,18.70,4.68,true,1,
7290000659312,false,פילה סלמון ממותג קפוא קג,תנובה,IL,פילה סלמון ממותג קפוא קג,קילוגרמים,0.00,"ק""ג",true,0,68.90,68.90,true,1,
7290000679440,false,משחה לתינוק קמיל בלו100ג,פישר מעבדות פרמצבטיות,IL,משחה לתינוק,גרמים,100.00,100 גרם,false,0,16.00,16.00,true,1,
7290000679846,false,"אולטרס34.תחליב 125 מ""ל",פישר מעבדות פרמצבטיות,IL,תחליב אולטרסול,מיליליטרים,125.00,"100 מ""ל",false,0,40.00,32.00,true,1,
7290000688374,false,"מי עדן בייבי 250*6 מ""ל",מי עדן,IL,מי עדן בייבי 6יח,ליטרים,1.50,ליטר,false,0,15.00,10.00,true,1,
7290000688381,false,"מי עדן אישי 500*6 מ""ל",מי עדן,IL,מי עדן אישי 6 בק,ליטרים,3.00,ליטר,false,0,12.90,4.30,true,1,
7290000688503,false,מי עדן ספורטאים 750*6 מל,מי עדן,IL,מי עדן ספורטאים,ליטרים,4.50,ליטר,false,0,14.90,3.31,true,1,
7290000688732,false,מי עדן 6 * 1.5 ליטר,מי עדן,IL,מי עדן 6 יח,ליטרים,9.00,ליטר,false,0,11.00,1.22,true,1,
7290000692210,false,אג'קס נוזל כללי לבנדר 2ל,קולגייט-פלמוליב,GR,אג'קס ניקוי כללי,ליטרים,2.00,ליטר,false,0,20.90,10.45,true,1,
7290000692289,false,קולגייט משאבה אדום 100מל,קולגייט-פלמוליב,PL,משחת שיניים,מיליליטרים,100.00,"100 מ""ל",false,0,21.40,21.40,true,1,
7290000802909,false,עדינול משחה לתינוק 100גר,אמיליה קוסמטיקס,IL,עדינול לתינוק,גרמים,100.00,100 גרם,false,0,13.40,13.40,true,1,
7290000803067,false,"משחת אלמקס ילדים 75 מ""ל",קולגייט-פלמוליב,DE,משחת שיניים,מיליליטרים,75.00,"100 מ""ל",false,0,13.80,18.40,true,1,
7290000803180,false,שטיפה דנטלית מרידול 400מ,גאבה,CH,שטיפה מרידול,מיליליטרים,400.00,"100 מ""ל",false,0,27.70,6.93,true,1,
7290000805597,false,"בונזו סניור +7 3 ק""ג",ביופט,IL,בונזו סניור לכלב,קילוגרמים,3.00,"ק""ג",false,0,44.90,14.97,true,1,
7290000805900,false,"לה קט טעם עוף 2.85 ק""ג",ביופט,IL,לה קט עוף לחתול,קילוגרמים,2.85,"ק""ג",false,0,55.70,19.54,true,1,
7290000903200,true,לחמניית פנינו,גידרון,IL,לחמניית פנינו,יחידה,1.00,יחידה,false,0,4.50,4.50,true,1,
7290000904993,true,עוגיות פרפריות במשקל,גידרון,IL,עוגיות פרפריות,קילוגרמים,0.00,"ק""ג",true,0,28.00,28.00,true,1,
7290000907925,true,גבינת ברי עיזים במשקל,.,IL,גבינת ברי עיזים במשקל,קילוגרמים,0.00,"ק""ג",true,0,143.00,143.00,true,1,
7290000910406,true,פילה עוף טרי ת עצמי,שונות,IL,פילה עוף טרי,קילוגרמים,0.00,"ק""ג",true,0,32.90,32.90,true,1,
7290000913476,true,כרעייםעוף בגריל)עצמי( קג,שונות,IL,כרעייםעוף בגרי,קילוגרמים,0.00,"ק""ג",true,0,49.90,49.90,true,1,
7290000915883,true,טחון בקר טרי (עצמי) מחיר,שונות,IL,טחון בקר טרי,קילוגרמים,0.00,"ק""ג",true,0,59.90,59.90,true,1,
7290000919133,true,עוף בגריל)עצמי( יח',שונות,IL,עוף בגריל,יחידה,1.00,יחידה,false,0,34.90,34.90,true,1,
7290000922591,true,עוף שלם טרי תפזורת עצמי,שונות,IL,עוף שלם טרי,קילוגרמים,0.00,"ק""ג",true,0,18.90,18.90,true,1,
7290000928241,true,סלמון פרוס לא מעובד שופר,שונות,IL,סלמון פרוס,קילוגרמים,0.00,"ק""ג",true,0,59.90,59.90,true,1,
7290000928265,true,פילה סלמון קפוא שופרסל,נטו,IL,פילהה סלמון קפוא,קילוגרמים,0.00,"ק""ג",true,0,59.90,59.90,true,1,
7290000928388,true,צלי כתף טרי)עצמי( מחיר ל,שונות,IL,צלי כתף טרי)עצמי( מחיר ל,קילוגרמים,0.00,"ק""ג",true,0,99.90,99.90,true,1,
7290000928395,true,פילה מדומה טרי )עצמי( מח,שונות,IL,פילה מדומה טרי,קילוגרמים,0.00,"ק""ג",true,0,99.90,99.90,true,1,
7290000928401,true,כתף בשר טרי)עצמי( מחיר ל,שונות,IL,בשר כתף טרי,קילוגרמים,0.00,"ק""ג",true,0,94.90,94.90,true,1,
7290000928418,true,צוואר ב.ע טרי )עצמי( מחי,שונות,IL,צוואר ב.ע טרי )עצמי( מחי,קילוגרמים,0.00,"ק""ג",true,0,84.20,84.20,true,1,
7290000928425,true,אסדו עם עצם טרי )עצמי( מ,שונות,IL,אסדו עם עצם טרי,קילוגרמים,0.00,"ק""ג",true,0,64.90,64.90,true,1,
7290000928517,true,אנטריקוט טרי)עצמי( מחיר,שונות,IL,אנטריקוט טרי)עצמי( מחיר,קילוגרמים,0.00,"ק""ג",true,0,159.90,159.90,true,1,
7290000928524,true,אנטריקוט עם עצם טרי מחיר,שונות,IL,אנטריקוט ע.עצםטר,קילוגרמים,0.00,"ק""ג",true,0,99.90,99.90,true,1,
7290000928630,true,כבד בקר לצלייה במשקל,שונות,IL,כבד בקר לצלייה,קילוגרמים,0.00,"ק""ג",true,0,37.60,37.60,true,1,
7290000928692,true,עצמות חוליות טרי )עצמי(,שונות,IL,עצמות חוליות ט,קילוגרמים,0.00,"ק""ג",true,0,18.70,18.70,true,1,
7290000929361,true,כנף הודו גריל קג,שונות,IL,כנף הודו גריל,קילוגרמים,0.00,"ק""ג",true,0,29.60,29.60,true,1,
7290000929415,true,חזה הודו נ.טרי ת. עצמי,שופרסל,IL,חזה הודו טרי,קילוגרמים,0.00,"ק""ג",true,0,29.90,29.90,true,1,
7290000929422,true,שוארמה הודו נ.טרי תפזורת,שונות,IL,שוארמה הודו טרי,קילוגרמים,0.00,"ק""ג",true,0,54.90,54.90,true,1,
7290000929453,true,שוק הודו נ.טרי ת.עצמי,שונות,IL,שוק הודו טרי,קילוגרמים,0.00,"ק""ג",true,0,28.90,28.90,true,1,
7290000929484,true,כנף הודו נ.טרי ת.עצמי,שונות,IL,כנף הודו טרי,קילוגרמים,0.00,"ק""ג",true,0,17.90,17.90,true,1,
7290000929514,true,גרון הודו נ.טרי ת.עצמי,שונות,IL,גרון הודו טרי,קילוגרמים,0.00,"ק""ג",true,0,23.90,23.90,true,1,
7290000929620,true,שוק הודו מפורק טרי תעצמי,שונות,IL,שוק הודו מפורק,קילוגרמים,0.00,"ק""ג",true,0,44.90,44.90,true,1,
7290000929996,true,כנף עוף גריל)עצמי( קג,שונות,IL,כנף עוףגריל קג,קילוגרמים,0.00,"ק""ג",true,0,29.60,29.60,true,1,
7290000940694,true,נבטי חמניות-יח',קטיף,IL,נבטי חמניות-יח',יחידה,1.00,יחידה,false,0,8.00,8.00,true,1,
7290000961484,true,נבטוטים יח,קטיף,IL,נבטוטים -יח',יחידה,1.00,יחידה,false,0,8.00,8.00,true,1,
7290000961491,true,נבטי ברוקולי-יח',קטיף,IL,נבטי ברוקולי-יח',יחידה,1.00,יחידה,false,0,8.00,8.00,true,1,
7290000961514,true,שומית - יח',,IL,שומית - יח',יחידה,1.00,יחידה,false,0,5.00,5.00,true,1,
7290000961552,true,פלפל כתום,קטיף,IL,פלפל כתום,קילוגרמים,0.00,"ק""ג",true,0,9.90,9.90,true,1,
7290000961606,true,שורש ג'ינגר במשקל,קטיף,XX,שורש גינגר במשקל,קילוגרמים,0.00,"ק""ג",true,0,28.90,28.90,true,1,
7290000961804,true,דלעת ארוזה,קטיף,IL,דלעת ארוזה,קילוגרמים,0.00,"ק""ג",true,0,8.90,8.90,true,1,
7290000962474,true,חציל בלדי,קטיף,IL,חציל בלדי,קילוגרמים,0.00,"ק""ג",true,0,7.90,7.90,true,1,
7290000962535,true,רוזמרין יח',קטיף,IL,רוזמרין-יח',יחידה,1.00,יחידה,false,0,5.00,5.00,true,1,
7290000962559,true,קורנית יח',קטיף,IL,קורנית-יח',יחידה,1.00,יחידה,false,0,5.00,5.00,true,1,
7290000962573,true,אורגנו יח',קטיף,IL,אורגנו-יח',יחידה,1.00,יחידה,false,0,5.00,5.00,true,1,
7290000962580,true,מרווה יח',קטיף,IL,מרווה-יח',יחידה,1.00,יחידה,false,0,5.00,5.00,true,1,
7290000963136,true,תפוח עץ מוזהב 65,קטיף,XX,תפוח עץ מוזהב,קילוגרמים,0.00,"ק""ג",true,0,8.90,8.90,true,1,
7290000963174,true,תפוח עץ יונתן יבוא,קטיף,XX,תפוח עץ יונתן,קילוגרמים,0.00,"ק""ג",true,0,10.90,10.90,true,1,
7290000963297,true,תפוח עץ סטרקינג 65,קטיף,XX,"ת""ע סטרקינג",קילוגרמים,0.00,"ק""ג",true,0,9.90,9.90,true,1,
7290000963310,true,"תפו""ע קנזי",קטיף,XX,"תפו""ע קנזי",קילוגרמים,0.00,"ק""ג",true,0,12.90,12.90,true,1,
7290000963365,true,תפוח עץ פינקריספי 65,קטיף,XX,"תפו""ע פינקריספי",קילוגרמים,0.00,"ק""ג",true,0,13.90,13.90,true,1,
7290000963563,true,תפוח עץ סמיט65,קטיף,XX,תפוח עץ סמיט65,קילוגרמים,0.00,"ק""ג",true,0,8.90,8.90,true,1,
7290000963686,true,תפוח עץ גאלה יבוא,קטיף,XX,תפוח עץ גאלה,קילוגרמים,0.00,"ק""ג",true,0,12.90,12.90,true,1,
7290000963976,true,נקטרינה 60,קטיף,IL,נקטרינה,קילוגרמים,0.00,"ק""ג",true,0,10.90,10.90,true,1,
7290000964034,true,אפרסק 60,קטיף,IL,אפרסק,קילוגרמים,0.00,"ק""ג",true,0,10.90,10.90,true,1,
7290000964300,true,תפוז,קטיף,IL,תפוז,קילוגרמים,0.00,"ק""ג",true,0,4.90,4.90,true,1,
7290000964331,true,תפוז סיני יחידה,,IL,תפוז סיני יחידה,יחידה,1.00,יחידה,false,0,5.90,5.90,true,1,
7290000964348,true,תפוז ברשת למיץ,קטיף,IL,תפוז ברשת למיץ,קילוגרמים,0.00,"ק""ג",true,0,3.90,3.90,true,1,
7290000964362,true,פומלה לבנה,קטיף,IL,פומלה לבנה,קילוגרמים,0.00,"ק""ג",true,0,5.90,5.90,true,1,
7290000964379,true,אשכולית לבנה,קטיף,IL,אשכולית לבנה,קילוגרמים,0.00,"ק""ג",true,0,4.90,4.90,true,1,
7290000964393,true,אשכולית אדומה,קטיף,IL,אשכולית אדומה,קילוגרמים,0.00,"ק""ג",true,0,4.90,4.90,true,1,
7290000964461,true,פומלית,קטיף,IL,פומלית,קילוגרמים,0.00,"ק""ג",true,0,5.90,5.90,true,1,
7290000964492,true,לימון תפזורת,קטיף,IL,לימון,קילוגרמים,0.00,"ק""ג",true,0,7.90,7.90,true,1,
7290000964560,true,קלמנטינה,קטיף,IL,קלמנטינה,קילוגרמים,0.00,"ק""ג",true,0,6.90,6.90,true,1,
7290000964775,true,בננות,קטיף,IL,בננות,קילוגרמים,0.00,"ק""ג",true,0,9.90,9.90,true,1,
7290000964836,true,אגס ספדונה גודל 60,קטיף,IL,אגס ספדונה,קילוגרמים,0.00,"ק""ג",true,0,9.90,9.90,true,1,
7290000964980,true,אבוקדו,קטיף,IL,אבוקדו,קילוגרמים,0.00,"ק""ג",true,0,18.90,18.90,true,1,
7290000965031,true,אבטיח במיכל,קטיף,IL,אבטיח,קילוגרמים,0.00,"ק""ג",true,0,3.90,3.90,true,1,
7290000965048,true,אבטיח אישי בארגז,קטיף,IL,אבטיח אישי,קילוגרמים,0.00,"ק""ג",true,0,4.90,4.90,true,1,
7290000965079,true,מלון כתום,,IL,מלון כתום,קילוגרמים,0.00,"ק""ג",true,0,6.90,6.90,true,1,
7290000965116,true,משמש,קטיף,IL,משמש,קילוגרמים,0.00,"ק""ג",true,0,15.90,15.90,true,1,
7290000965345,true,שזיף אדום 55,קטיף,IL,שזיף אדום,קילוגרמים,0.00,"ק""ג",true,0,14.90,14.90,true,1,
7290000966038,true,ענב לבן מובחר,קטיף,IL,ענב לבן,קילוגרמים,0.00,"ק""ג",true,0,18.90,18.90,true,1,
7290000966410,true,שסק,קטיף,IL,שסק,קילוגרמים,0.00,"ק""ג",true,0,14.90,14.90,true,1,
7290000966502,true,אננס ראש שישיה יח',קטיף,IL,אננס ראש גדול יח,יחידה,1.00,יחידה,false,0,29.90,29.90,true,1,
7290000966663,true,קיווי,קטיף,IL,קיווי,קילוגרמים,0.00,"ק""ג",true,0,15.90,15.90,true,1,
7290000966793,true,דובדבן אדום-יחידה,קטיף,IL,דובדבן אדום יח,יחידה,1.00,יחידה,false,0,10.90,10.90,true,1,
7290000967936,true,נבטי צנונית יח',קטיף,IL,נבטי צנונית-יח',יחידה,1.00,יחידה,false,0,8.00,8.00,true,1,
7290000978949,true,ברוקומיני יח',קטיף,IL,ברוקומיני,יחידה,1.00,יחידה,false,0,7.90,7.90,true,1,
7290000979700,true,לבבות חסה יחידה,קטיף,IL,לבבות חסה,יחידה,1.00,יחידה,false,0,8.50,8.50,true,1,
7290000982939,true,לוף פרסה-יחידה,קטיף,IL,לוף פרסה-יחידה,יחידה,1.00,יחידה,false,0,7.00,7.00,true,1,
7290000992693,true,כרוב חרוט,קטיף,IL,כרוב חרוט,קילוגרמים,0.00,"ק""ג",true,0,4.90,4.90,true,1,
7290000993195,true,ענב לבן - יחידה,קטיף,XX,ענב לבן -יחידה,יחידה,1.00,יחידה,false,0,14.90,14.90,true,1,
7290000993362,true,שום ישראלי -יחידה,קטיף,IL,שום ישראלי,יחידה,1.00,יחידה,false,0,7.90,7.90,true,1,
7290000995441,true,קייל - יחידה,קטיף,IL,קייל - יחידה,יחידה,1.00,יחידה,false,0,12.00,12.00,true,1,
7290001012123,false,פרש וואנס קייר כחול 72*4,על בד,IL,פרש וואנס,יחידה,1.00,יחידה,false,0,17.90,17.90,true,1,
7290001045169,false,מיץ תפוחים צלול בק1.ליטר,גניר,IL,מיץ תפוחים צלול בק1.ליטר,ליטרים,1.00,ליטר,false,0,14.80,14.80,true,1,
7290001045220,false,מיץ תפוזים סחוט 2 ליטר,גניר,IL,מיץ תפוזים סחוט,ליטרים,2.00,ליטר,false,0,23.90,11.95,true,1,
7290001045237,false,משקה לימון עם נענע 2ליטר,גניר,IL,משקה לימון נענע,ליטרים,2.00,ליטר,false,0,23.90,11.95,true,1,
7290001045763,false,מיץ תפוחים 100% צלול 2 ל,גניר,IL,מיץ תפוחים צלול,ליטרים,2.00,ליטר,false,0,23.90,11.95,true,1,
7290001121023,false,פסטרמה של פעם משקל,מעדני יחיעם,IL,פסטרמה של פעם משקל,קילוגרמים,0.00,"ק""ג",true,0,73.00,73.00,true,1,
7290001121238,false,קורנביף 180 גרם,מעדני יחיעם,IL,קורנביף,גרמים,180.00,100 גרם,false,0,22.90,12.72,true,1,
7290001121788,false,נקניקיות עוף טבעיות400גר,מעדני יחיעם,IL,נקניקיות עוף,גרמים,400.00,100 גרם,false,0,14.90,3.73,true,1,
7290001121849,false,פסטרמה100% טבעית 250גרם,מעדני יחיעם,IL,פסטרמה טבעית,גרמים,250.00,100 גרם,false,0,28.00,11.20,true,1,
7290001123775,false,שווארמה פרגיות מוכן 500,טיבון ויל - נטו,IL,שווארמה פרגית,גרמים,500.00,100 גרם,false,0,23.90,4.78,true,1,
7290001124611,false,שומן כבש 200 גרם,טיבון ויל - נטו,IL,שומן כבש 200גרם,גרמים,200.00,100 גרם,false,0,19.70,9.85,true,1,
7290001128183,false,קציצות דג 700 גרם,דלידג - נטו,IL,קציצות דג 700גרם,גרמים,700.00,100 גרם,false,0,24.70,3.53,true,1,
7290001136287,false,"שמפו נקה 7 רגיל 750 מ""ל",אמיליה קוסמטיקס,IL,שמפו נקה 7,מיליליטרים,750.00,"100 מ""ל",false,0,9.90,1.32,true,1,
7290001136294,false,שמפו נקה 7 יבש/צבוע750מל,אמיליה קוסמטיקס,IL,שמפו נקה 7,מיליליטרים,750.00,"100 מ""ל",false,0,9.90,1.32,true,1,
7290001136300,false,ש+.מרכך נקה7 סירוק קל750,אמיליה קוסמטיקס,IL,שמפו נקה 7,מיליליטרים,750.00,"100 מ""ל",false,0,9.90,1.32,true,1,
7290001136362,false,תחליב רחצה נקה7 ירוק 1 ל,אמיליה קוסמטיקס,IL,תחליב רחצה נקה 7,ליטרים,1.00,ליטר,false,0,12.90,12.90,true,1,
7290001136683,false,"מרכך נקה 7 ס""ש 750 מ""ל",אמיליה קוסמטיקס,IL,קונדישינר נקה 7,מיליליטרים,750.00,"100 מ""ל",false,0,9.90,1.32,true,1,
7290001136799,false,תחליב רחצה נקה7 ורוד 1 ל,אמיליה קוסמטיקס,IL,תחליב רחצה נקה 7,ליטרים,1.00,ליטר,false,0,12.90,12.90,true,1,
7290001136973,false,תחליב רחצה נקה 7 לבן 1 ל,אמיליה קוסמטיקס,IL,תחליב רחצה נקה 7,ליטרים,1.00,ליטר,false,0,12.90,12.90,true,1,
7290001158500,false,כנפי עוף טרי תפזורת עצמי,שונות,IL,כנפיים עוף טרי,קילוגרמים,0.00,"ק""ג",true,0,11.90,11.90,true,1,
7290001158517,false,כרעי עוף טרי תפזורת עצמי,שופרסל,IL,כרעיים עוף טרי,קילוגרמים,0.00,"ק""ג",true,0,27.90,27.90,true,1,
7290001158524,false,שניצל עוף טרי ת עצמי,שונות,IL,שניצל עוף טרי,קילוגרמים,0.00,"ק""ג",true,0,34.90,34.90,true,1,
7290001158531,false,שוקי עוף טרי תפזורת עצמי,שונות,IL,שוקיים עוף טרי,קילוגרמים,0.00,"ק""ג",true,0,32.90,32.90,true,1,
7290001158548,false,ירכי עוף טרי תפזורת עצמי,שונות,IL,ירכיים עוף טרי,קילוגרמים,0.00,"ק""ג",true,0,27.90,27.90,true,1,
7290001158555,false,גב עוף טרי,שונות,IL,גב עוף טרי,קילוגרמים,0.00,"ק""ג",true,0,4.90,4.90,true,1,
7290001158579,false,עוף טחון,שונות,IL,עוף טחון,קילוגרמים,0.00,"ק""ג",true,0,31.90,31.90,true,1,
7290001158593,false,בקר טחון מבשר קפוא)עצמי(,שונות,IL,בקר טחון מקפוא,קילוגרמים,0.00,"ק""ג",true,0,42.90,42.90,true,1,
7290001158661,false,פרגיות עוף טרי ת עצמי,שונות,IL,פרגיות עוף טרי,קילוגרמים,0.00,"ק""ג",true,0,54.90,54.90,true,1,
7290001158722,false,חזה עוף טרי תפזורת עצמי,שונות,IL,חזה עוף טרי,קילוגרמים,0.00,"ק""ג",true,0,31.90,31.90,true,1,
7290001215005,false,איקרא לבנה אמיתית במשקל,מעדני מיקי,IL,איקרא לבנה אמיתית במשקל,קילוגרמים,0.00,"ק""ג",true,0,42.00,42.00,true,1,
7290001215098,false,סלמון מעושן בואקום 100גר,מעדני מיקי,IL,סלמון מעושן בואקום 100גר,גרמים,100.00,100 גרם,false,0,14.90,14.90,true,1,
7290001215494,false,מטיאס הולנדי בשמן במשקל,מעדני מיקי,IL,מטיאס הולנדי בשמן במשקל,קילוגרמים,0.00,"ק""ג",true,0,61.00,61.00,true,1,
7290001216040,false,טחינה גולמית 500 גרם,אגס ירוק מסחר ושירותים,IL,טחינה גולמית,גרמים,500.00,100 גרם,false,0,15.90,3.18,true,1,
7290001216057,false,"טחינה גולמית 1ק""ג",אגס ירוק מסחר ושירותים,IL,"טחינה גולמית 1ק""ג",קילוגרמים,1.00,"ק""ג",false,0,31.60,31.60,true,1,
7290001216231,false,טחינה מלאה 500 גרם,אגס ירוק מסחר ושירותים,IL,טחינה מלאה,גרמים,500.00,100 גרם,false,0,16.90,3.38,true,1,
7290001230739,false,כאמל כחול חפיסה חפיסה,jti,CH,כאמל כחול יח',יחידה,1.00,יחידה,false,0,31.50,31.50,false,1,
7290001234133,false,כאמל כתום חפיסה,jti,CH,כאמל כתום,יחידה,1.00,יחידה,false,0,31.50,31.50,false,1,
7290001247006,false,גזוז בטעם קולה קריסטל 2ל,יפאורה שותפות מובגלת לשיווק,IL,קריסטל קולה,ליטרים,2.00,ליטר,false,0,3.60,1.80,true,1,
7290001247044,false,קריסטל תות מוגז 2 ליטר,יפאורה שותפות מובגלת לשיווק,IL,קריסטל מוגז תות,ליטרים,2.00,ליטר,false,0,3.60,1.80,true,1,
7290001247068,false,נקטר ספרינג תות-בננה 1ל',יפאורה שותפות מובגלת לשיווק,IL,נקטר תות בננה,ליטרים,1.00,ליטר,false,0,4.90,4.90,true,1,
7290001247082,false,נקטר עגבניות ספרינג 1 ל',יפאורה שותפות מובגלת לשיווק,IL,נקטר עגבניות,ליטרים,1.00,ליטר,false,0,4.90,4.90,true,1,
7290001247099,false,נקטר ספרינג מנגו 1 ליטר,יפאורה שותפות מובגלת לשיווק,IL,נקטר ספרינג מנגו,ליטרים,1.00,ליטר,false,0,4.90,4.90,true,1,
7290001247105,false,נקטר ספרינג אפרסק 1 ליטר,יפאורה שותפות מובגלת לשיווק,IL,נקטר אפרסק,ליטרים,1.00,ליטר,false,0,4.90,4.90,true,1,
7290001247112,false,נקטר ספרינג לימונענע 1ל',יפאורה שותפות מובגלת לשיווק,IL,משקה לימונענע,ליטרים,1.00,ליטר,false,0,4.90,4.90,true,1,
7290001247129,false,נקטר ספרינג תפוזים 1ליטר,יפאורה שותפות מובגלת לשיווק,IL,נקטר ספרינג תפוז,ליטרים,1.00,ליטר,false,0,4.90,4.90,true,1,
7290001247143,false,נקטר ספרינג תפוחים 1ליטר,יפאורה שותפות מובגלת לשיווק,IL,נקטר ספרינג תפוח,ליטרים,1.00,ליטר,false,0,4.90,4.90,true,1,
7290001247211,false,קריסטל ענבים מוגז 2 ליטר,יפאורה שותפות מובגלת לשיווק,IL,קריסטל ענבים,ליטרים,2.00,ליטר,false,0,3.60,1.80,true,1,
7290001247952,false,"תפוזינה משק""ל ענבים1.5ל",יפאורה שותפות מובגלת לשיווק,IL,תפוזינה ענבים,ליטרים,1.50,ליטר,false,0,5.90,3.93,true,1,
7290001258026,false,גבינה לבנה 500 גרם,גבינות משק יעקבס,IL,גבינה לבנה,גרמים,500.00,100 גרם,false,0,15.80,3.16,true,1,
7290001258095,false,גבינת קממברט עיזים 140גר,גבינות משק יעקבס,IL,קממברט עיזים,גרמים,140.00,100 גרם,false,0,21.90,15.64,true,1,
7290001258101,false,גאודה 28% במשקל,גבינות משק יעקבס,IL,גאודה 28% במשקל,קילוגרמים,0.00,"ק""ג",true,0,97.00,97.00,true,1,
7290001258118,false,קממברט בקר 25% במשקל,גבינות משק יעקבס,IL,קממברט יעקבס,קילוגרמים,0.00,"ק""ג",true,0,112.00,112.00,true,1,
7290001258163,false,סנט מור עיזים -26%משקל,גבינות משק יעקבס,IL,סנט מור עיזים -26%משקל,קילוגרמים,0.00,"ק""ג",true,0,119.00,119.00,true,1,
7290001258248,false,קממב.עיזים אופיר28% משקל,גבינות משק יעקבס,IL,קממברט עיזים,קילוגרמים,0.00,"ק""ג",true,0,125.00,125.00,true,1,
7290001258279,false,איטליקו עיזים -32%משקל,גבינות משק יעקבס,IL,איטליקו עיזים -32%משקל,קילוגרמים,0.00,"ק""ג",true,0,123.00,123.00,true,1,
7290001258446,false,"יוגורט כבשים 5% 850 מ""ל",גבינות משק יעקבס,IL,יוגורט כבשים5%,מיליליטרים,850.00,"100 מ""ל",false,0,19.70,2.32,true,1,
7290001258453,false,קממברט בקר+אגוזים במשקל,גבינות משק יעקבס,,קממברט בקר יעקבס,קילוגרמים,0.00,"ק""ג",true,0,112.00,112.00,true,1,
7290001258507,false,גבינת קממברט בקר 140 גרם,גבינות משק יעקבס,,קממברט בקר,גרמים,140.00,100 גרם,false,0,17.90,12.79,true,1,
7290001258668,false,גבינת עז מה 250 גרם,גבינות משק יעקבס,,גבינת עז מה,גרמים,250.00,100 גרם,false,0,15.80,6.32,true,1,
7290001258682,false,יוגורט עיזים,,,יוגורט עיזים,מיליליטרים,500.00,"100 מ""ל",false,0,14.00,2.80,true,1,
7290001258729,false,לבנה עיזים 250 גרם,גבינות משק יעקבס,,לבנה עיזים,גרמים,250.00,100 גרם,false,0,14.20,5.68,true,1,
7290001265116,false,דייסת גם וגם קונפלור300ג,מטרנה מעבדות,IL,דייסת מטרנה,גרמים,300.00,100 גרם,false,0,17.90,5.97,true,1,
7290001274729,false,גלידל ריבת חלב 900 כשלפ,גלידות פלדמן,IL,גלידל ריבת חלב,מיליליטרים,900.00,"100 מ""ל",false,0,23.70,2.63,true,1,
7290001305058,false,סב.נוז.פלמול.חלב דבש500מ,קולגייט-פלמוליב,IT,סב.נוזלי פלמוליב,מיליליטרים,500.00,"100 מ""ל",false,0,14.90,2.98,true,1,
7290001312995,false,בגט 280 גרם,גידרון,IL,באגט,יחידה,1.00,יחידה,false,0,4.00,4.00,true,1,
7290001327029,false,מאגדת מיקס 7 יחידות,שטראוס,IL,מאגדת מיקס 7 יחידות,גרמים,440.00,100 גרם,false,0,32.90,7.48,true,1,
7290001327180,false,קרמיסימו וניל צ'יפ 1.33ל,שטראוס,IL,קרמיסימו וניל צ'יפ 1.33ל,ליטרים,1.33,ליטר,false,0,18.90,14.21,true,1,
7290001327197,false,קרמיסימו שוקו וניל 1.33ל,שטראוס,IL,קרמיסימו שוקו וניל 1.33ל,ליטרים,1.33,ליטר,false,0,18.90,14.21,true,1,
7290001327227,false,קרמיסימו ריבת חלב 1.33ל',שטראוס,IL,קרמיסימו ריבת חלב 1.33ל',ליטרים,1.33,ליטר,false,0,18.90,14.21,true,1,
7290001327357,false,גל.קרמיסימו וניל 1.33ל',שטראוס,IL,גל.קרמיסימו וניל 1.33ל',ליטרים,1.33,ליטר,false,0,18.90,14.21,true,1,
7290001327838,false,מאגדת מיני מגנום פולטיפק,שטראוס,IL,מאגדת מיני מגנום פולטיפק,גרמים,250.00,100 גרם,false,0,27.90,11.16,true,1,
7290001338094,false,"תחליב הגנה SPF30 250 מ""ל",דנאגיס,,תחליב הגנה SPF30,מיליליטרים,250.00,"100 מ""ל",false,0,49.90,19.96,true,1,
7290001407134,false,פרוסות חלבה וניל קקאו400,רושדי תעשיות מזון,IL,פרוסות חלבה וניל,גרמים,400.00,100 גרם,false,0,14.80,3.70,true,1,
7290001407509,false,טחינה שוואייה 500 גרם,רושדי תעשיות מזון,IL,טחינה שוואייה,גרמים,500.00,100 גרם,false,0,15.80,3.16,true,1,
7290001407752,false,טחינה עם פטרוזיליה 500גר,רושדי תעשיות מזון,,טחינה גולמית,גרמים,500.00,100 גרם,false,0,15.80,3.16,true,1,
7290001407769,false,טחינה שומש.מלא בארכה500ג,רושדי תעשיות מזון,IL,טחינה שומשום,גרמים,500.00,100 גרם,false,0,15.80,3.16,true,1,
7290001407813,false,חלבה פיסטוק בארכה 350גרם,רושדי תעשיות מזון,IL,חלבה פיסטוק,גרמים,350.00,100 גרם,false,0,14.80,4.23,true,1,
7290001407844,false,חלבה וניל בארכה 350 גרם,רושדי תעשיות מזון,IL,חלבה וניל,גרמים,350.00,100 גרם,false,0,15.80,4.51,true,1,
7290001462010,false,אריסה מרוקאית 250 גרם,נטו,IL,אריסה מרוקאית,גרמים,250.00,100 גרם,false,0,14.10,5.64,true,1,
7290001476208,false,ברי פקאן במשקל,,IL,ברי פקאן במשקל,קילוגרמים,0.00,"ק""ג",true,0,128.00,128.00,true,1,
7290001484715,false,"רבע כבש מעובד מוצפי ק""ג",בלדי,IL,רבע כבש מעובד,קילוגרמים,0.00,"ק""ג",true,1,69.90,69.90,true,1,
7290001485019,false,גב.שמנת בטעם טבעי5% 200ג,טרה,IL,גבינת שמנת 5%,גרמים,200.00,100 גרם,false,0,10.80,5.40,true,1,
7290001485026,false,גב.שמנת עם זיתים 5% 200ג,טרה,IL,גבינת שמנת+זיתים,גרמים,200.00,100 גרם,false,0,10.80,5.40,true,1,
7290001491010,false,תה ירוק יסמין25שק1.5Xגרם,ויסוצקי,IL,תה ירוק יסמין25שק1.5Xגרם,גרמים,37.00,100 גרם,false,0,25.90,70.00,true,1,
7290001491096,false,תה ירוק לימונ+לואיזה50שק,ויסוצקי,IL,תה ירוק לימונית,גרמים,75.00,100 גרם,false,0,45.50,60.67,true,1,
7290001507018,false,גלילית אורגני+ק.חרוב100ג,השדה מוצרים אורגניים,IL,גלילית אורגני,גרמים,100.00,100 גרם,false,0,12.50,12.50,true,1,
7290001507056,false,וופל חרוב אורגני,,IL,וופל חרוב אורגני,גרמים,200.00,100 גרם,false,0,10.60,5.30,true,1,
7290001507063,false,פתי בר קמח מלא אורגני200,השדה מוצרים אורגניים,IL,פתי בר אורגני,גרמים,200.00,100 גרם,false,0,7.60,3.80,true,1,
7290001507162,false,אובלטים שומשום אורגני100,השדה מוצרים אורגניים,IL,אובלטים שומשום,גרמים,100.00,100 גרם,false,0,7.50,7.50,true,1,
7290001552049,false,קוסקוס מרוקאי 800גרם,מטעמי פאר,IL,קוסקוס מרוקאי,גרמים,800.00,100 גרם,false,0,15.90,1.99,true,1,
7290001594155,false,"קוקה קולה בפלסטיק500 מ""ל",החברה המרכזית לייצור משקאות,IL,קוקה קולה,מיליליטרים,500.00,"100 מ""ל",false,0,6.90,1.38,true,1,
7290001594377,false,"פריגת תפוזים 500 מ""ל",פריגת,IL,פריגת תפוזים,מיליליטרים,500.00,"100 מ""ל",false,0,6.20,1.24,true,1,
7290001594568,false,"בירה קרלסברג בפחית500מ""ל",קרלסברג ישראל,IL,בירה קרלסברג פח,מיליליטרים,500.00,"100 מ""ל",false,0,8.80,1.76,true,1,
7290001594575,false,"בירה טובורג פחית 500 מ""ל",קרלסברג ישראל,IL,בירה טובורג פחית,מיליליטרים,500.00,"100 מ""ל",false,0,8.80,1.76,true,1,
7290001594858,false,בירה טובורג רד בק330*6מל,קרלסברג ישראל,IL,טובורג רד 6 יח,ליטרים,1.98,ליטר,false,0,42.60,21.52,true,1,
7290001594865,false,"בירה קרלסברג בק330*6 מ""ל",קרלסברג ישראל,IL,בירה קרלסברג 6יח,ליטרים,1.98,ליטר,false,0,39.90,20.15,true,1,
7290001648643,false,קפה טורקי כתר 3 יח100X'ג,רוני רג'ואן ושות,IL,מארז טורקי כתר,גרמים,300.00,100 גרם,false,0,13.80,4.60,true,1,
7290001648995,false,קפה רג'ואן מארז 3 100*ג,רוני רג'ואן ושות,IL,קפה רג'ואן 3 יח,גרמים,300.00,100 גרם,false,0,14.90,4.97,true,1,
7290001670194,false,עוגיות מרוקאיות 400 גרם,הנמל,IL,עוגיות מרוקאיות,גרמים,400.00,100 גרם,false,0,15.00,3.75,true,1,
7290001696057,false,מאפה צמה חלבה יח',מאפ גדרון,IL,מאפה צמה חלבה,יחידה,1.00,יחידה,false,50,6.90,6.90,true,1,
7290001696088,false,מאפה צמה מלוח יח',מאפ גדרון,IL,מאפה צמה מלוח,יחידה,1.00,יחידה,false,80,6.90,6.90,true,1,
7290001710135,false,"סטייק עוף קפוא ארוז ק""ג",מעדני הטלה,IL,"סטייק עוף קפוא ארוז ק""ג",קילוגרמים,0.00,"ק""ג",true,0,32.00,32.00,true,1,
7290001710333,false,טבעות עגל לקג,לאטי עזרא,IL,טבעות עגל לקג,קילוגרמים,0.00,"ק""ג",true,0,67.30,67.30,true,1,
7290001710784,false,נקניקיות מיני צ'וריסו500,מעדני הטלה,IL,נקניקיות מיני צ',גרמים,500.00,100 גרם,false,0,29.60,5.92,true,1,
7290001713853,false,אקונומיקה מבושמת 4 ליטר,קומפלקס כימיקלים,IL,אקונומיקה מבושמת,ליטרים,4.00,ליטר,false,0,9.90,2.48,true,1,
7290001791349,false,פיסגה אקונומיקה ריחנית4ל,סנו,IL,אקונומיקה פיסגה,ליטרים,4.00,ליטר,false,0,10.90,2.73,true,1,
7290001791776,false,סנו די רול און אלוורה50מ,סנו,IL,סנו די רול און,מיליליטרים,50.00,"100 מ""ל",false,0,18.60,37.20,true,1,
7290001813881,false,פתי בר בטעם חמאה 500 גרם,עלית,IL,פתי בר עלית,גרמים,500.00,100 גרם,false,0,9.90,1.98,true,1,
7290001814147,false,ממרח בטעם שוקולד פרה500ג,עלית,IL,ממרח בטעם שוקולד,גרמים,500.00,100 גרם,false,0,9.90,1.98,true,1,
7290001814222,false,שוקולד חלב עם עדשים 100ג,עלית,IL,שוקולד עדשים,גרמים,100.00,100 גרם,false,0,5.50,5.50,true,1,
7290001817063,false,סוכ.טופי מזל וברכות850גר,עלית,IL,טופי ברכות פירות,גרמים,850.00,100 גרם,false,0,15.10,1.78,true,1,
7290001817377,false,ציטוס איקס עיגול פיצה60ג,עלית,IL,צ'יטוס איקס,גרמים,60.00,100 גרם,false,0,3.50,5.83,true,1,
7290001817582,false,צ'יטוס כאפה 15*10 גרם,עלית,IL,מארז צ'יטוס כאפה,גרמים,150.00,100 גרם,false,0,9.90,6.60,true,1,
7290001817728,false,צ'יטוס כאפה 55 גרם,עלית,IL,צ'יטוס כפאה,גרמים,55.00,100 גרם,false,0,3.50,6.36,true,1,
7290001902028,false,לחם עם זיתים קפוא 485גר,גידרון,IL,לחם עם זיתים,גרמים,485.00,100 גרם,false,0,9.90,2.04,true,1,
7290001902042,false,לחם עם קימל קפוא 485 גרם,גידרון,IL,לחם עם קימל,גרמים,485.00,100 גרם,false,0,9.90,2.04,true,1,
7290001902059,false,לחם עם בצל קפוא 485 גרם,גידרון,IL,לחם עם בצל,גרמים,485.00,100 גרם,false,0,9.90,2.04,true,1,
7290001902066,false,לחם כפרי 485 גרם,גידרון,IL,לחם כפרי,גרמים,485.00,100 גרם,false,0,9.90,2.04,true,1,
7290001902073,false,לחם פומפרניקל 485 גרם,גידרון,IL,לחם פומפרניקל,גרמים,485.00,100 גרם,false,0,9.90,2.04,true,1,
7290001902097,false,לחם חיטים 485 גרם,גידרון,IL,לחם חיטים,גרמים,485.00,100 גרם,false,0,9.90,2.04,true,1,
7290001902103,false,לחם קמח מלא 510 גרם,גידרון,IL,לחם קמח מלא,גרמים,510.00,100 גרם,false,0,9.90,1.94,true,1,
7290001902110,false,לחם רוסי 485 גרם,גידרון,IL,לחם רוסי,גרמים,485.00,100 גרם,false,0,9.90,2.04,true,1,
7290001902301,false,חלה מתוקה קלועה 450 גרם,גידרון,IL,חלה מתוקה קלוע,יחידה,1.00,יחידה,false,0,10.90,10.90,true,1,
7290001902318,false,חלה מתוקה קלוע+צימוקקפוא,גידרון,IL,חלה מתוקה קלוע,יחידה,1.00,יחידה,false,0,10.90,10.90,true,1,
7290001902325,false,"חלת ""גדרון""",גידרון,IL,"חלת ""גדרון""",יחידה,1.00,יחידה,false,0,10.90,10.90,true,1,
7290001902653,false,לחמניה כפרי עגול+דגנקפוא,גידרון,IL,לחמניה כפרית,יחידה,1.00,יחידה,false,0,2.00,2.00,true,1,
7290001902776,false,לחמנית עם דגנים קפוא,גידרון,IL,לחמנית עם דגנים,יחידה,1.00,יחידה,false,0,4.50,4.50,true,1,
7290001902783,false,לחמנית המבורגר,גידרון,IL,לחמנית המבורגר,יחידה,1.00,יחידה,false,0,2.90,2.90,true,1,
7290001902912,false,לחם מרוקאי רגיל 500 גרם,גידרון,IL,לחם מרוקאי,יחידה,1.00,יחידה,false,0,13.40,13.40,true,1,
7290001929797,false,תפוז סיני 200גרם,דין שיווק,IL,200 תפוז סיני,גרמים,200.00,100 גרם,false,0,11.80,5.90,true,1,
7290001946404,false,שום כתוש 250 גרם,נטו,IL,שום כתוש,גרמים,250.00,100 גרם,false,0,14.10,5.64,true,1,
7290001975992,false,"בירה ויינשטפן בקב330מ""ל",ויינשטפן,DE,בירה ויינשטפן,מיליליטרים,330.00,"100 מ""ל",false,0,14.40,4.36,true,1,
7290001985953,false,מאגדת קרחון לימון לייט,שטראוס,IL,מאגדת קרחון לייט,יחידה,1.00,יחידה,false,0,26.90,26.90,true,1,
7290001989050,false,מקרל מעושן שלם במשקל,סלטי שמיר,IL,מקרל מעושן,קילוגרמים,0.00,"ק""ג",true,0,98.00,98.00,true,1,
7290001989272,false,איקרה לבנה/אדומה משקל,סלטי שמיר,IL,איקרה לבנה/אדומה,קילוגרמים,0.00,"ק""ג",true,0,40.00,40.00,true,1,
7290001989364,false,מקרל פרוס בשמן משקל,סלטי שמיר,IL,מקרל פרוס בשמן משקל,קילוגרמים,0.00,"ק""ג",true,0,89.00,89.00,true,1,
7290001989395,false,הרינג כבוש במשקל,סלטי שמיר,IL,הרינג כבוש במשקל,קילוגרמים,0.00,"ק""ג",true,0,50.00,50.00,true,1,
7290001990094,false,"סוכר חום בצנצנת 1 ק""ג",סוגת,IL,"סוכר חום בצנצנת 1 ק""ג",קילוגרמים,1.00,"ק""ג",false,0,11.70,11.70,true,1,
7290001990148,false,"סוכר גולדן קלאסי 1 ק""ג",סוגת,IL,סוכר גולדן,קילוגרמים,1.00,"ק""ג",false,0,10.40,10.40,true,1,
7290001990261,false,"חומוס 1 ק""ג",סוגת,IL,חומוס,קילוגרמים,1.00,"ק""ג",false,0,12.60,12.60,true,1,
7290001990391,false,"אפונה 1 ק""ג",סוגת,IL,אפונה,קילוגרמים,1.00,"ק""ג",false,0,9.40,9.40,true,1,
7290001990407,false,"עדשים ירוקות 1 ק""ג",סוגת,IL,עדשים ירוקות,קילוגרמים,1.00,"ק""ג",false,0,11.40,11.40,true,1,
7290001990414,false,"עדשים אדומות 1 ק""ג",סוגת,IL,עדשים אדומות,קילוגרמים,1.00,"ק""ג",false,0,11.40,11.40,true,1,
7290001990421,false,"פופקורן 1 ק""ג",סוגת,IL,"פופקורן 1 ק""ג",קילוגרמים,1.00,"ק""ג",false,0,9.80,9.80,true,1,
7290002000136,false,שעוות הדבש משי מיקרו500ג,ש.שוורץ,IL,שעוות מגע משי,גרמים,500.00,100 גרם,false,0,15.90,3.18,true,1,
7290002000143,false,"פנג'ל קרם ידיים 100 מ""ל",אינטרקוסמא,IL,קרם ידיים פנג'ל,מיליליטרים,80.00,"100 מ""ל",false,0,8.00,10.00,true,1,
7290002007371,false,פירורי לחם 500 גרם,הנמל,IL,פירורי לחם,גרמים,500.00,100 גרם,false,0,4.90,0.98,true,1,
7290002007500,false,קיסמים שיניים במבוק500יח,הנמל,IL,קיסמי שיניים,יחידה,1.00,יחידה,false,0,3.00,3.00,true,1,
7290002008040,false,"מקלות לשיפודים30ס""מ100יח",הנמל,IL,מקלות לשיפודים,יחידה,1.00,יחידה,false,0,3.00,3.00,true,1,
7290002008224,false,מזרה עגול צבעוני צנצ100.,הנמל,IL,סוכריות לקישוט,גרמים,100.00,100 גרם,false,0,5.70,5.70,true,1,
7290002008354,false,מפת שולחן פלסטיק 8 יחידו,הנמל,IL,מפת שולחן פלסטיק,יחידה,1.00,יחידה,false,0,9.50,9.50,true,1,
7290002008934,false,סוכריות לקישוט 200 גרם,הנמל,IL,סוכריות לקישוט,גרמים,200.00,100 גרם,false,0,7.80,3.90,true,1,
7290002008941,false,עוג.מרוקאיות ללא סוכר400,הנמל,IL,עוגיות ללא סוכר,גרמים,400.00,100 גרם,false,0,18.50,4.63,true,1,
7290002008989,false,קישקשים בקופסא 225 יח',הנמל,IL,קישקשים בקופסא,יחידה,1.00,יחידה,false,0,5.90,5.90,true,1,
7290002013006,false,פסטרמה מקסיקנית במשקל,זוגלובק,IL,פסטרמה מקסיקנית,קילוגרמים,0.00,"ק""ג",true,0,79.00,79.00,true,1,
7290002013037,false,פסטרמה פרגיות במשקל,זוגלובק,IL,פסטרמה פרגיות,קילוגרמים,0.00,"ק""ג",true,0,79.00,79.00,true,1,
7290002013884,false,פסטרמה תבור ללא משמר לקג,זוגלובק,IL,פסטרמה תבור,גרמים,0.00,"ק""ג",true,1,89.00,89.00,true,1,
7290002013891,false,פסטרמה ברביקיו ללא משמר,זוגלובק,IL,פסטרמה ברביקיו,גרמים,0.00,"ק""ג",true,1,89.00,89.00,true,1,
7290002013907,false,סלמי תה ללא חומר משמר,זוגלובק,IL,סלמי תה,גרמים,0.00,"ק""ג",true,1,55.00,55.00,true,1,
7290002013914,false,סלמי מעושן ללא משמר לקג,זוגלובק,IL,סלמי מעושן,גרמים,0.00,"ק""ג",true,1,85.00,85.00,true,1,
7290002016830,false,כרוב כבוש,,IL,כרוב כבוש,גרמים,550.00,100 גרם,false,0,5.90,1.07,true,1,
7290002019114,false,תרכיז עגבנ.פ.ניר28% 580ג,פרי ניר,IL,תרכיז עגבניות,גרמים,580.00,100 גרם,false,0,6.10,1.05,true,1,
7290002019763,false,עגבנ.מרוסקות פרי ניר800ג,פרי ניר,IL,עגבניות מרוסקות,גרמים,800.00,100 גרם,false,0,6.70,0.84,true,1,
7290002019787,false,רסק עגבניות 22% 260 גרם,פרי ניר,IL,רסק עגבניות,גרמים,260.00,100 גרם,false,0,3.40,1.31,true,1,
7290002019794,false,רסק עגבניות 22% 100 גרם,פרי ניר,IL,רסק עגבניות,גרמים,100.00,100 גרם,false,0,1.90,1.90,true,1,
7290002020134,false,חלת בריוש,גידרון,IL,חלת בריוש פרווה,יחידה,1.00,יחידה,false,0,14.80,14.80,true,1,
7290002020172,false,לחם איטלקי עם בצל קפוא,גידרון,IL,לחם איטלקי בצל,יחידה,1.00,יחידה,false,0,6.20,6.20,true,1,
7290002020349,false,עוגת מאפין גזר מקמח מלא,גידרון,IL,עוגת מאפין גזר,גרמים,400.00,100 גרם,false,0,21.90,5.48,true,1,
7290002020356,false,עוגת מאפין דגנים קמח מלא,גידרון,IL,עוגת מאפין דגנים,גרמים,400.00,100 גרם,false,0,21.90,5.48,true,1,
7290002020363,false,עוגת מאפין סילאן ותמר,גידרון,IL,עוגת מאפין סילאן,גרמים,400.00,100 גרם,false,0,21.90,5.48,true,1,
7290002020493,false,מאפה פילו תרד במשקל,גידרון,,מאפה פילו תרד,קילוגרמים,0.00,"ק""ג",true,0,46.00,46.00,true,1,
7290002020837,false,לחמניות מיני חלה,גידרון,IL,לחמניות מיני חל,יחידה,1.00,יחידה,false,0,3.90,3.90,true,1,
7290002022046,false,מרשמלו ורוד לבן 180 גרם,כרמית,IL,מרשמלו ורוד לבן,גרמים,180.00,100 גרם,false,0,7.80,4.33,true,1,
7290002022923,false,לקקן פופ תות 50 יחידות,כרמית,IL,לקקן פופ תות,גרמים,450.00,100 גרם,false,0,16.00,3.56,true,1,
7290002026297,false,גלידה חרוסת כשליפ 500 מל,בן & ג'ריס,IL,גלידה חרוסת,מיליליטרים,500.00,"100 מ""ל",false,1,25.50,5.10,true,1,
7290002026365,false,טבעות בצל 500 גרם,מוצרי איכות אמריקאיים,IL,טבעות בצל,גרמים,500.00,100 גרם,false,20,14.80,2.96,true,1,
7290002026402,false,בלינצ'ס גבינה קפוא 350גר,מוצרי איכות אמריקאיים,IL,בלינצ'ס גבינה קפוא 350גר,גרמים,350.00,100 גרם,false,0,15.30,4.37,true,1,
7290002026433,false,ופל בלגי קפוא ופל בלגי ק,מוצרי איכות אמריקאיים,IL,ופל בלגי קפוא,גרמים,220.00,100 גרם,false,0,15.30,6.95,true,1,
7290002026440,false,פרצלס קפוא פרצלס קפוא,מוצרי איכות אמריקאיים,IL,פרצלס קפוא 280גר,גרמים,280.00,100 גרם,false,0,15.30,5.46,true,1,
7290002037125,false,חלה פרוסה 500 גרם,מאפית ברמן,IL,חלה פרוסה 500 גרם,גרמים,500.00,100 גרם,false,0,9.20,1.84,true,1,
7290002037309,false,8לחמניות המבורגר ארוז400,מאפית ברמן,IL,8לחמניות המבורגר ארוז400,גרמים,400.00,100 גרם,false,0,10.80,2.70,true,1,
7290002037637,false,חליות מתוקות 4 יח',מאפית ברמן,IL,חליות מתוקות 4 יח',גרמים,350.00,100 גרם,false,0,11.00,3.14,true,1,
7290002040064,false,קוסקוס דק 350 גרם,קוסקוס מזון,IL,קוסקוס דק,גרמים,350.00,100 גרם,false,0,4.90,1.40,true,1,
7290002040071,false,קוסקוס עבה 350 גרם,קוסקוס מזון,IL,קוסקוס עבה,גרמים,350.00,100 גרם,false,0,4.90,1.40,true,1,
7290002040088,false,קוסקוס מלא 350 גרם,קוסקוס מזון,IL,קוסקוס מלא,גרמים,350.00,100 גרם,false,0,6.30,1.80,true,1,
7290002053354,false,נודלס סיני אוריינט300גרם,אוריינט,IL,נודלס סיני,גרמים,300.00,100 גרם,false,0,8.90,2.97,true,1,
7290002053361,false,נודלס איטריות ביצים400גר,אוריינט,IL,איטריות נודלס,גרמים,400.00,100 גרם,false,0,9.90,2.48,true,1,
7290002057031,false,זית מבוקע בשמן זית 540גר,קבוצת יבנה,IL,זית מבוקע בשמן,גרמים,540.00,100 גרם,false,0,7.70,1.43,true,1,
7290002057048,false,זית סורי מבוקע 540 גרם,קבוצת יבנה,IL,זית סורי מבוקע,גרמים,540.00,100 גרם,false,0,7.90,1.46,true,1,
7290002057055,false,זיתים סורים ירוקים540גרם,קבוצת יבנה,IL,זית סורי ירוק,גרמים,540.00,100 גרם,false,0,9.90,1.83,true,1,
7290002057093,false,זית מנזנילו ירוק גדול540,קבוצת יבנה,IL,זית מנזנילו יר,גרמים,540.00,100 גרם,false,0,8.20,1.52,true,1,
7290002057123,false,מנזנילו ירוק ל.גלעין540ג,קבוצת יבנה,IL,זית ללא גלעין,גרמים,540.00,100 גרם,false,0,8.50,1.57,true,1,
7290002057130,false,מנזנילו ירוק ל.גלעין1250,קבוצת יבנה,IL,זית ללא גלעין,קילוגרמים,1.25,"ק""ג",false,0,20.70,16.56,true,1,
7290002057161,false,זית חתוך במרינד 540 גרם,קבוצת יבנה,IL,זית חתוך במרינד,גרמים,540.00,100 גרם,false,0,8.70,1.61,true,1,
7290002057185,false,טבעות זיתים ירוקים540גרם,קבוצת יבנה,IL,טבעות זיתים,גרמים,540.00,100 גרם,false,0,8.90,1.65,true,1,
7290002057352,false,מלפפונים 7-9 במלח 540גרם,קבוצת יבנה,IL,מלפפון במלח 7-9,גרמים,540.00,100 גרם,false,0,5.90,1.09,true,1,
7290002057369,false,מלפפון במלח 10-12 540גרם,קבוצת יבנה,IL,מלפפונים במלח,גרמים,540.00,100 גרם,false,0,6.50,1.20,true,1,
7290002057376,false,מלפ. במלח קטן13-17 540גר,קבוצת יבנה,IL,מלפפונים במלח,גרמים,540.00,100 גרם,false,0,8.80,1.63,true,1,
7290002057383,false,מלפפון במלח 18-25 540גרם,קבוצת יבנה,IL,מלפפונים במלח,גרמים,540.00,100 גרם,false,0,10.80,2.00,true,1,
7290002057482,false,מלפפון בחומץ 18-25 540גר,קבוצת יבנה,IL,מלפפונים בחומץ,גרמים,540.00,100 גרם,false,0,10.80,2.00,true,1,
7290002057604,false,פלפל חריף שיפקה 540 גרם,קבוצת יבנה,IL,פלפל חריף שיפקה,גרמים,540.00,100 גרם,false,0,5.10,0.94,true,1,
7290002057628,false,טבעות זיתים מושחרים540גר,קבוצת יבנה,IL,טבעות זיתים מושחרים540גר,גרמים,540.00,100 גרם,false,0,8.90,1.65,true,1,
7290002057703,false,חצילים במלח קבוצת 540גרם,קבוצת יבנה,IL,חצילים במלח,גרמים,540.00,100 גרם,false,0,5.90,1.09,true,1,
7290002061137,false,אורנה 19 קרם דפילטור80גר,אלפא קוסמטיקה,IL,קרם להסרת שיער,גרמים,80.00,100 גרם,false,0,14.80,18.50,true,1,
7290002065555,false,לחמניות בשקית 6יח75X'גרם,מאפיית שלמה א. אנג'ל,IL,לחמניות בשקית 6יח75X'גרם,גרמים,450.00,100 גרם,false,0,10.40,2.31,true,1,
7290002065616,false,לחם שיפון גרעינים 750גרם,מאפיית שלמה א. אנג'ל,IL,לחם שיפון גרעינים 750גרם,גרמים,750.00,100 גרם,false,0,10.90,1.45,true,1,
7290002065623,false,לחם שיפון כפרי 750 גרם,מאפיית שלמה א. אנג'ל,IL,לחם שיפון כפרי 750 גרם,גרמים,750.00,100 גרם,false,0,10.90,1.45,true,1,
7290002077268,false,מיני קציצות דג לבישול 00,נטו,IL,קציצות דג,גרמים,500.00,100 גרם,false,0,21.70,4.34,true,1,
7290002107019,false,גב.צפתית מעודנת5% 250גרם,משק צוריאל תבור,IL,צפתית מעודנת5%,גרמים,250.00,100 גרם,false,0,16.00,6.40,true,1,
7290002107071,false,פטה עיזים מעודנת16% 200ג,משק צוריאל תבור,IL,גבינת פטה עיזים,גרמים,200.00,100 גרם,false,0,21.90,10.95,true,1,
7290002107385,false,מה-עז גב.עיזים בגליל180ג,משק צוריאל תבור,IL,גבינת עיזים,גרמים,180.00,100 גרם,false,0,21.70,12.06,true,1,
7290002107491,false,גב.עיזים5% למריחה 250 גר,משק צוריאל תבור,IL,גבינת עיזים 5%,גרמים,250.00,100 גרם,false,0,14.80,5.92,true,1,
7290002107743,false,צפתית מעודנת5%משק צוריאל,משק צוריאל תבור,IL,צפתית מעודנת5%משק צוריאל,קילוגרמים,0.00,"ק""ג",true,0,45.00,45.00,true,1,
7290002107798,false,בולגרית מעודנת 5% 250 גר,משק צוריאל תבור,IL,גבינה בולגרית 5%,גרמים,250.00,100 גרם,false,0,20.70,8.28,true,1,
7290002107965,false,גב. טבורוג לאפיה 5% 500ג,משק צוריאל תבור,IL,גבינת טבורוג,גרמים,500.00,100 גרם,false,0,22.90,4.58,true,1,
7290002109280,false,מיני מרגז חריף 350גרם,טיבון ויל - נטו,IL,מיני מרגז,גרמים,350.00,100 גרם,false,0,21.90,6.26,true,1,
7290002109334,false,קציצות דג סלמון לבישול 0,דלידג - נטו,GB,קציצות דג,גרמים,750.00,100 גרם,false,0,30.60,4.08,true,1,
7290002109488,false,קבב אמיתי 100% 440גרם,טיבון ויל - נטו,IL,קבב אמיתי 440גרם,גרמים,440.00,100 גרם,false,0,19.70,4.48,true,1,
7290002130567,false,דבש טהור יד מרדכי 350גרם,יד מרדכי,IL,דבש טהור,גרמים,350.00,100 גרם,false,0,19.90,5.69,true,1,
7290002130574,false,דבש מפרחי בר יד מרדכי500,יד מרדכי,IL,דבש מפרחי בר יד מרדכי500,גרמים,500.00,100 גרם,false,0,24.70,4.94,true,1,
7290002130581,false,דבש בצנצנת יד מרדכי 1ק,יד מרדכי,IL,דבש טהור,קילוגרמים,1.00,"ק""ג",false,0,39.90,39.90,true,1,
7290002133032,false,גבינת קשקבל טחון 300 גרם,מחלבת השומרון,IL,גבינת קשקבל טחון,גרמים,300.00,100 גרם,false,0,28.70,9.57,true,1,
7290002133070,false,גב.קשקבל טורקי צאן22%משק,מחלבת השומרון,IL,גב.קשקבל טורקי צאן22%משק,קילוגרמים,0.00,"ק""ג",true,0,119.00,119.00,true,1,
7290002133087,false,גבינה בולגרית צאן20%משקל,מחלבת השומרון,,גבינה בולגרית צאן20%משקל,גרמים,0.00,"ק""ג",true,0,87.00,87.00,true,1,
7290002133117,false,בולגרית מעודנת 5% במשקל,מחלבת השומרון,IL,בולגרית מעודנת 5% במשקל,קילוגרמים,0.00,"ק""ג",true,0,55.00,55.00,true,1,
7290002133124,false,גבינת ריקוטה 5% במשקל,מחלבת השומרון,IL,גבינת ריקוטה 5% במשקל,קילוגרמים,0.00,"ק""ג",true,0,55.00,55.00,true,1,
7290002133162,false,גב.בולגרית של פעם5% 250ג,מחלבת השומרון,IL,גבינה בולגרית 5%,גרמים,250.00,100 גרם,false,0,18.90,7.56,true,1,
7290002133193,false,גבינה בולגרית 5% משקל,מחלבת השומרון,IL,גבינה בולגרית 5% משקל,קילוגרמים,0.00,"ק""ג",true,0,58.00,58.00,true,1,
7290002133247,false,לבנה עם זעתר+שמן זית250ג,מחלבת השומרון,IL,לבנה עם זעתר,גרמים,250.00,100 גרם,false,0,12.10,4.84,true,1,
7290002133520,false,יוגורט של פעם בגביע 400ג,מחלבת השומרון,IL,יוגורט של פעם,גרמים,400.00,100 גרם,false,0,9.90,2.48,true,1,
7290002133544,false,גבינה צפתית 5% 250 גרם,מחלבת השומרון,IL,גבינה צפתית 5%,גרמים,250.00,100 גרם,false,0,10.90,4.36,true,1,
7290002133612,false,יוגורט יווני 8% 180גרם,מחלבת השומרון,IL,יוגורט יווני 8%,גרמים,180.00,100 גרם,false,0,5.70,3.17,true,1,
7290002133889,false,גב.בולגרית מעודנת5% 250ג,מחלבת השומרון,IL,גבינה בולגרית 5%,גרמים,250.00,100 גרם,false,0,19.20,7.68,true,1,
7290002153665,false,קמח מצה חמץ,,IL,קמח מצה חמץ,גרמים,200.00,100 גרם,false,0,4.00,2.00,true,1,
7290002157526,false,בשר לטחינה יבוא פולין קג,נטו,PL,בשר לטחינה,קילוגרמים,0.00,"ק""ג",true,1,49.90,49.90,true,1,
7290002157953,false,טונה בשמן קנולה140*4ג,ויליגר,IL,טונה בשמן 4 יח,גרמים,560.00,100 גרם,false,1,19.50,3.48,true,1,
7290002157960,false,טונה במים 4 * 140 גרם,ויליגר,IL,טונה במים 4 יח,גרמים,560.00,100 גרם,false,1,19.50,3.48,true,1,
7290002253006,false,שום כתוש דורות 200 גרם,דורות,IL,שום טרי כתוש,גרמים,200.00,100 גרם,false,0,12.90,6.45,true,1,
7290002253105,false,שום במגשית 80 גרם,דורות,IL,שום כתוש קפוא,גרמים,80.00,100 גרם,false,0,10.40,13.00,true,1,
7290002253150,false,בזיליקום קצוץ מגשית 70 ג,דורות,IL,בזיליקום קצוץ,גרמים,70.00,100 גרם,false,0,10.40,14.86,true,1,
7290002253167,false,פטרוזיליה קצוצה קפואה70ג,דורות,IL,פטרוזיליה מוקפאת,גרמים,70.00,100 גרם,false,0,9.90,14.14,true,1,
7290002253174,false,שמיר קצוץ מגשית 70 גרם,דורות,IL,שמיר טרי קצוץ,גרמים,70.00,100 גרם,false,0,9.90,14.14,true,1,
7290002253181,false,כוסברה קצוצה מגשית 70 גר,דורות,IL,כוסברה קצוצה,גרמים,70.00,100 גרם,false,0,9.90,14.14,true,1,
7290002253198,false,גינג'ר כתוש קפוא מגשית70,דורות,IL,גינג'ר כתוש קפוא,גרמים,70.00,100 גרם,false,0,9.90,14.14,true,1,
7290002253235,false,דורות רוטב פסטו 160גרם,דורות,IL,דורות רוטב פסטו,גרמים,160.00,100 גרם,false,16,11.80,7.38,true,1,
7290002253242,false,דורות רוטב סצ'ואן 160 גר,דורות,IL,דורות רוטב סצ'וא,גרמים,160.00,100 גרם,false,16,11.80,7.38,true,1,
7290002253259,false,דורות רוטב עגבניות בזילי,דורות,IL,דורות רוטב עגבני,גרמים,160.00,100 גרם,false,16,11.80,7.38,true,1,
7290002253266,false,דורות רוטב עגבניות ילדים,דורות,IL,רוטב עגבניות,גרמים,160.00,100 גרם,false,16,11.80,7.38,true,1,
7290002253273,false,דורות רוטב שום דבש 160 ג,דורות,IL,דורות רוטב שום ד,גרמים,160.00,100 גרם,false,16,11.80,7.38,true,1,
7290002260806,false,ביסלי ברביקיו חמוץ חרי70,אסם,IL,ביסלי אקסטרים,גרמים,70.00,100 גרם,false,0,4.50,6.43,true,1,
7290002304203,false,קונפ.תות שדה לייט 600גרם,ענבי ציון,IL,קונפיטורה תות,גרמים,600.00,100 גרם,false,0,23.70,3.95,true,1,
7290002304210,false,קונפיטורה מישמש לייט600ג,ענבי ציון,IL,קונפיטורה מישמש,גרמים,600.00,100 גרם,false,0,23.70,3.95,true,1,
7290002304609,false,קונפיטורה תות שדה 600גרם,ענבי ציון,IL,קונפ. תות שדה,גרמים,600.00,100 גרם,false,0,20.60,3.43,true,1,
7290002319054,false,פרג טחון 100 גרם,מיה,IL,פרג טחון,גרמים,100.00,100 גרם,false,0,4.90,4.90,true,1,
7290002323198,false,ספרינג מיץ תפוחים 1.5 ל',יפאורה שותפות מובגלת לשיווק,IL,ספרינג תפוחים,ליטרים,1.50,ליטר,false,0,4.90,3.27,true,1,
7290002323204,false,ספרינג תפוחים דיאט 1.5ל',יפאורה שותפות מובגלת לשיווק,IL,ספרינג תפוח דיאט,ליטרים,1.50,ליטר,false,0,4.90,3.27,true,1,
7290002323815,false,משקה קל תפוזים קריסטל 2ל,יפאורה שותפות מובגלת לשיווק,IL,משקה קל תפוזים,ליטרים,2.00,ליטר,false,0,3.60,1.80,true,1,
7290002323822,false,מיץ אשכוליות קריסטל2ליטר,יפאורה שותפות מובגלת לשיווק,IL,קריסטל אשכוליות,ליטרים,2.00,ליטר,false,0,3.60,1.80,true,1,
7290002323839,false,משקה קל ענבים קריסטל 2ל',יפאורה שותפות מובגלת לשיווק,IL,משקה קל ענבים,ליטרים,2.00,ליטר,false,0,3.60,1.80,true,1,
7290002323846,false,משקה קל מנגו 2 ליטר,יפאורה שותפות מובגלת לשיווק,IL,קריסטל מנגו,ליטרים,2.00,ליטר,false,0,3.60,1.80,true,1,
7290002327028,false,ג'חנון 650 גרם,אופרה,IL,ג'חנון 650 גרם,גרמים,650.00,100 גרם,false,0,17.60,2.71,true,1,
7290002327042,false,"בורקס תפו""א 800 גרם",אופרה,IL,"בורקס תפו""א",גרמים,800.00,100 גרם,false,0,20.00,2.50,true,1,
7290002327059,false,"בצק עלים 1 ק""ג",אופרה,IL,בצק עלים מרודד,קילוגרמים,1.00,"ק""ג",false,0,20.70,20.70,true,1,
7290002327066,false,קונכיות למילוי 625 גרם,אופרה,IL,קונכיות למילוי,גרמים,625.00,100 גרם,false,0,25.10,4.02,true,1,
7290002327073,false,בורקס גבינה 800 גרם,אופרה,IL,בורקס גבינה,גרמים,800.00,100 גרם,false,0,21.90,2.74,true,1,
7290002327912,false,בורקס מיני גבינה 700 גרם,אופרה,IL,מיני בורקס גבינה,גרמים,700.00,100 גרם,false,0,25.10,3.59,true,1,
7290002327929,false,"בורקס תפו""א מיני 700 גרם",אופרה,IL,מיני בורקס תפוא,גרמים,700.00,100 גרם,false,0,23.10,3.30,true,1,
7290002331117,false,נביעות+טעם ענבים 1.5ליטר,נביעות טבע,IL,נביעות+ענבים,ליטרים,1.50,ליטר,false,0,7.30,4.87,true,1,
7290002331148,false,נביעות+טעם תפוח 1.5 ליטר,נביעות טבע,IL,נביעות+תפוח,ליטרים,1.50,ליטר,false,0,7.30,4.87,true,1,
7290002331179,false,נביעות+טעם אפרסק 1.5ליטר,נביעות טבע,IL,נביעות+אפרסק,ליטרים,1.50,ליטר,false,0,7.30,4.87,true,1,
7290002331322,false,מים מינרל.נביעות 1.5*6ל,נביעות טבע,IL,מים נביעות 6 יח,ליטרים,9.00,ליטר,false,0,10.00,1.11,true,1,
7290002331360,false,נביעות פקק טו גו 6 500*מ,נביעות טבע,IL,נביעות ספורט 6יח,ליטרים,3.00,ליטר,false,0,11.90,3.97,true,1,
7290002331421,false,נביעות פקק טוגו 6 755*מ,נביעות טבע,IL,נביעות פקק טוגו,ליטרים,4.53,ליטר,false,0,17.50,3.86,true,1,
7290002331483,false,"נביעות בייבי 320*6 מ""ל",נביעות טבע,IL,נביעות בייבי 6יח,ליטרים,1.92,ליטר,false,0,14.90,7.76,true,1,
7290002331490,false,נביעות מים מינרלים 1 ל,נביעות טבע,IL,מים נביעות,ליטרים,1.00,ליטר,false,0,2.50,2.50,true,1,
7290002332022,false,נביעות+משמש אננס 1.5ליטר,נביעות טבע,IL,נביעות+משמש אננס,ליטרים,1.50,ליטר,false,0,7.30,4.87,true,1,
7290002332237,false,פילה אמנון ענק קפוא,דגת הארץ,IL,פילה אמנון קפוא,קילוגרמים,0.00,"ק""ג",true,1,39.90,39.90,true,1,
7290002332282,false,2דגים לברק שלמים,דגת הארץ,IL,דגים לברק שלמים,קילוגרמים,0.00,"ק""ג",true,1,89.90,89.90,true,1,
7290002332329,false,פילה סלמון טרי קג,דגת הארץ,IL,פילה סלמון טרי קג,קילוגרמים,0.00,"ק""ג",true,0,139.90,139.90,true,1,
7290002332343,false,אמנון שלם טרי קג,דגת הארץ,IL,אמנון שלם טרי קג,קילוגרמים,0.00,"ק""ג",true,0,36.70,36.70,true,1,
7290002332350,false,פילה אמנון טרי קג,דגת הארץ,IL,פילה אמנון טרי קג,קילוגרמים,0.00,"ק""ג",true,0,86.30,86.30,true,1,
7290002332367,false,פילה בורי טרי קג,דגת הארץ,IL,פילה בורי טרי קג,קילוגרמים,0.00,"ק""ג",true,0,98.20,98.20,true,1,
7290002332374,false,פילה באס טרי קג,דגת הארץ,IL,פילה באס טרי קג,קילוגרמים,0.00,"ק""ג",true,0,123.90,123.90,true,1,
7290002332398,false,דניס שלם טרי קג,דגת הארץ,IL,דניס שלם טרי קג,קילוגרמים,0.00,"ק""ג",true,0,89.20,89.20,true,1,
7290002332503,false,"פילה אדמוני טרי נקיק""ג",דגת הארץ,IL,פילה אדמוני טרי,קילוגרמים,0.00,"ק""ג",true,1,89.90,89.90,true,1,
7290002346272,false,משחת נעליים שחור,,TR,משחת נעליים שחור,מיליליטרים,50.00,"100 מ""ל",false,0,7.10,14.20,true,1,
7290002348573,false,מקלוני אורז 300 גרם,ליאונג טונג,TH,מקלוני אורז,גרמים,300.00,100 גרם,false,0,4.70,1.57,true,1,
7290002353324,false,עוג.אוראו 176 גרם,מונדלייז,ES,עוגיות אוראו,גרמים,176.00,100 גרם,false,0,8.90,5.06,true,1,
7290002353836,false,סרדינ.בשמן זית רוברט125ג,נטו,PT,סרדינים בשמן זית,גרמים,115.00,100 גרם,false,0,6.80,5.91,true,1,
7290002360278,false,תה צמחים מנטה 20שק2.25Xג,טייקנה,IL,חליטת מנטה,גרמים,45.00,100 גרם,false,0,17.60,39.11,true,1,
7290002360285,false,חליטת קמומיל 20 שק1.5Xג,טייקנה,IL,חליטת קמומיל,גרמים,30.00,100 גרם,false,0,17.60,58.67,true,1,
7290002363798,false,יין לקידוש עונג שבת750מל,הכורמים,IL,יין לקידוש עונג שבת750מל,מיליליטרים,750.00,"100 מ""ל",false,0,15.40,2.05,true,1,
7290002363811,false,"יין המלכים אדום 750 מ""ל",הכורמים,IL,יין המלכים,מיליליטרים,750.00,"100 מ""ל",false,0,17.80,2.37,true,1,
7290002363873,false,"מיץ ענבים 187 מ""ל",הכורמים,IL,מיץ ענבים,מיליליטרים,187.00,"100 מ""ל",false,0,7.00,3.74,true,1,
7290002371526,false,סלסולי פסטר.שום+צילי120ג,טירת צבי,IL,סילסולי פסטרמה,גרמים,120.00,100 גרם,false,0,15.30,12.75,true,1,
7290002371533,false,סלסולי פסטרמה דבש 120 גר,טירת צבי,IL,סלסולי פסטרמה,גרמים,120.00,100 גרם,false,0,15.30,12.75,true,1,
7290002371540,false,קורנדביף 120 גרם,טירת צבי,IL,קורנדביף,גרמים,120.00,100 גרם,false,0,15.30,12.75,true,1,
7290002371571,false,פסטרמה פרגיות לבגט במשקל,טירת צבי,,פסטרמה פרגיות לבגט במשקל,קילוגרמים,0.00,"ק""ג",true,0,84.00,84.00,true,1,
7290002410010,false,שניצל עגל וינאי קג,לאטי עזרא,,שניצל עגל וינאי קג,קילוגרמים,0.00,"ק""ג",true,0,67.30,67.30,true,1,
7290002410348,false,"רוסטביף עגל ברשת קפוא ק""",לאטי עזרא,IL,"רוסטביף עגל ברשת קפוא ק""",קילוגרמים,0.00,"ק""ג",true,0,67.30,67.30,true,1,
7290002410713,false,קישקע ממולא קפוא 500גרם,לאטי עזרא,IL,קישקע ממולא קפוא 500גרם,גרמים,500.00,100 גרם,false,0,14.80,2.96,true,1,
7290002410874,false,רבעי פרגיות ממולאות קג,לאטי עזרא,,רבעי פרגיות ממולאות קג,קילוגרמים,0.00,"ק""ג",true,0,49.50,49.50,true,1,
7290002427018,false,קרם גוף פוליגונום 250 מ,מורז,,קרם גוף פוליגו,ליטרים,0.25,ליטר,false,0,49.50,198.00,true,1,
7290002439066,false,פיצה משפחתית גבינה 350גר,נטו,IL,פיצה משפחתית,גרמים,350.00,100 גרם,false,1,13.80,3.94,true,1,
7290002439073,false,זוג פיצה משפ.מרג.גבינה,נטו,IL,זוג פיצה משפ.,גרמים,1000.00,100 גרם,false,6,29.90,2.99,true,1,
7290002439080,false,פיצה ביס 100%גבינה 700גר,נטו,IL,פיצה ביס 100%גבי,גרמים,700.00,100 גרם,false,8,26.70,3.81,true,1,
7290002439189,false,ג.צהובה מגורד27%עלמה500ג,מלקפול אלוורטוסקה,PL,גבינה עלמה מגורד,גרמים,500.00,100 גרם,false,1,19.50,3.90,true,1,
7290002439271,false,פורל נחלים נקי קפוא 650ג,דלידג - נטו,TR,פורל נחלים קפוא,גרמים,650.00,100 גרם,false,1,44.50,6.85,true,1,
7290002439400,false,פיצה ביס גבינה+זיתים 700,נטו,IL,פיצה ביס זיתים,גרמים,700.00,100 גרם,false,8,27.70,3.96,true,1,
7290002439417,false,זוג פיצה משפ.גבינה 700ג,נטו,IL,זוג פיצה משפחתית,גרמים,700.00,100 גרם,false,6,24.90,3.56,true,1,
7290002439424,false,מארז פיצה אישית100%גבינה,נטו,IL,פיצה אישית 100%,גרמים,800.00,100 גרם,false,6,26.70,3.34,true,1,
7290002439455,false,סירופ להכנת משקה תה750מ,בורג טאר אר.בא.וא,NL,סירופ להכנת משקה,מיליליטרים,750.00,"100 מ""ל",false,1,10.00,1.33,true,1,
7290002439851,false,כתף מרכזי טרי פולין קג,נטו,PL,כתף מרכזי טרי,קילוגרמים,0.00,"ק""ג",true,1,59.90,59.90,true,1,
7290002447269,false,לב עגל טרי א.א במשקל,,,לב עגל טרי א.א במשקל,קילוגרמים,0.00,"ק""ג",true,0,36.60,36.60,true,1,
7290002447924,false,בשר לטחינה טרי א.א במשקל,תנובה,IL,בשר לטחינה טרי א.א במשקל,קילוגרמים,0.00,"ק""ג",true,0,59.90,59.90,true,1,
7290002448952,false,מעדן לחתול,,IL,מעדן לחתול,גרמים,156.00,100 גרם,false,0,5.90,3.78,true,1,
7290002461562,false,מיני מרגז חריף 500 גרם,מעדני הטלה,IL,מיני מרגז חריף 500 גרם,גרמים,500.00,100 גרם,false,0,29.60,5.92,true,1,
7290002472087,false,עוגת קצפת פס שוקולד 600ג,גידרון,IL,עוגת קצפת,גרמים,600.00,100 גרם,false,0,37.90,6.32,true,1,
7290002472094,false,עוגת קצפת קרם שניט600גרם,גידרון,IL,עוגת קרם שניט,גרמים,600.00,100 גרם,false,0,37.90,6.32,true,1,
7290002472148,false,עוגת קצפת בלק פורסט600גר,גידרון,IL,עוגת בלק פורסט,גרמים,600.00,100 גרם,false,0,37.90,6.32,true,1,
7290002472186,false,עוגת מאפין שוקו צ'יפס550,גידרון,IL,עוגת מאפין שוק,יחידה,1.00,יחידה,false,0,20.90,20.90,true,1,
7290002472223,false,עוגת מאפין תפוז 550 גרם,גידרון,IL,עוג.מאפין תפוז,יחידה,1.00,יחידה,false,0,20.90,20.90,true,1,
7290002472629,false,עוגת שמרים שוקולד,גידרון,IL,עוג.שמרים שוקולד,יחידה,1.00,יחידה,false,0,14.90,14.90,true,1,
7290002472841,false,עוגת סבתא שוקולד 850 גרם,גידרון,IL,עוגת סבתא שוקו,יחידה,1.00,יחידה,false,0,23.70,23.70,true,1,
7290002478416,false,קבב טורקי 800 גרם,מעדני הטלה,IL,קבב טורקי 800 גרם,גרמים,800.00,100 גרם,false,0,57.40,7.18,true,1,
7290002479109,false,"דבש מפרחי בר 1 ק""ג",מכוורת עמק חפר,IL,דבש מפרחי בר,גרמים,1000.00,100 גרם,false,0,41.20,4.12,true,1,
7290002479352,false,דבש מפרחי בר 350 גרם,מכוורת עמק חפר,IL,דבש מפרחי בר,גרמים,350.00,100 גרם,false,0,17.10,4.89,true,1,
7290002479925,false,דבש לחיץ מפרחי בר 350גרם,מכוורת עמק חפר,IL,דבש לחיץ,גרמים,350.00,100 גרם,false,0,21.90,6.26,true,1,
7290002485001,false,חומוס מסעדות 250גרם,סלטי שמיר,IL,סלט חומוס,גרמים,250.00,100 גרם,false,0,8.40,3.36,true,1,
7290002485025,false,סלט חומוס מסעדות 500 גרם,סלטי שמיר,IL,סלט חומוס מסעדות 500 גרם,גרמים,500.00,100 גרם,false,0,12.90,2.58,true,1,
7290002485056,false,חומוס אבו גוש 250גרם,סלטי שמיר,IL,חומוס אבו גוש,גרמים,250.00,100 גרם,false,0,8.40,3.36,true,1,
7290002485070,false,סלט טחינה לבנה 250 גרם,סלטי שמיר,IL,סלט טחינה לבנה,גרמים,250.00,100 גרם,false,0,8.30,3.32,true,1,
7290002485100,false,סלט חציל בטעם כבד 250גרם,סלטי שמיר,IL,סלט חציל טעם כבד,גרמים,250.00,100 גרם,false,0,13.80,5.52,true,1,
7290002485346,false,סלט ביצים 250 גרם,סלטי שמיר,IL,סלט ביצים,גרמים,250.00,100 גרם,false,0,17.70,7.08,true,1,
7290002487425,false,עוג.אוראו שוקולד חלב176ג,מונדלייז,ES,עוגיות אוראו,גרמים,176.00,100 גרם,false,0,8.90,5.06,true,1,
7290002487739,false,עוג.אוראו פאדג שוק.חל246,מונדלייז,ES,עוגיות אוראו,גרמים,246.00,100 גרם,false,0,19.40,7.89,true,1,
7290002487746,false,עוג.אוראו פאדג שוק.לב246,מונדלייז,ES,עוגיות אוראו,גרמים,246.00,100 גרם,false,0,19.40,7.89,true,1,
7290002511250,false,גב.שמנת שום שמיר30% משקל,מחלבת מושבה,IL,גב.שמנת שום שמיר30% משקל,קילוגרמים,0.00,"ק""ג",true,0,36.00,36.00,true,1,
7290002511274,false,גבינת שמנת זיתים30%משקל,מחלבת מושבה,IL,גבינת שמנת זיתים30%משקל,קילוגרמים,0.00,"ק""ג",true,0,36.00,36.00,true,1,
7290002511281,false,גבינת ברינזה צאן18% משקל,מחלבת מושבה,IL,גבינת ברינזה 18%,קילוגרמים,0.00,"ק""ג",true,0,95.00,95.00,true,1,
7290002515371,false,קמיל בלו אל סבון נוזלי1ל,פישר מעבדות פרמצבטיות,IL,קמיל בלו לתינוק,ליטרים,1.00,ליטר,false,0,25.20,25.20,true,1,
7290002517276,false,פלפל אנגלי שלם 25 גרם,תבליני טעם וריח,IL,פלפל אנגלי שלם,גרמים,25.00,100 גרם,false,0,8.80,35.20,true,1,
7290002517290,false,קינמון טחון 40 גרם,תבליני טעם וריח,IL,קינמון טחון,גרמים,40.00,100 גרם,false,0,6.80,17.00,true,1,
7290002517337,false,אורגנו עלים 20 גרם,תבליני טעם וריח,IL,אורגנו עלים,גרמים,20.00,100 גרם,false,0,6.80,34.00,true,1,
7290002517580,false,תערובת תיבול לעוף 80 גרם,תבליני טעם וריח,IL,תיבול לעוף,גרמים,80.00,100 גרם,false,0,10.70,13.38,true,1,
7290002517597,false,תיבול לממרחים וסלטים80גר,תבליני טעם וריח,IL,תיבול לממרחים,גרמים,80.00,100 גרם,false,0,10.70,13.38,true,1,
7290002517658,false,כורכום מיכל 40 גרם,תבליני טעם וריח,IL,כורכום,גרמים,40.00,100 גרם,false,0,6.80,17.00,true,1,
7290002517818,false,הל טחון 30 גרם,תבליני טעם וריח,IL,הל טחון,גרמים,30.00,100 גרם,false,0,12.80,42.67,true,1,
7290002517825,false,פלפל לבן טחון 40 גרם,תבליני טעם וריח,IL,פלפל לבן,גרמים,40.00,100 גרם,false,0,11.90,29.75,true,1,
7290002541370,false,משקה סויה אלפרו 1 ליטר,אלפרו,IL,משקה סויה טבעי,ליטרים,1.00,ליטר,false,0,12.90,12.90,true,1,
7290002541479,false,"משקה סויה שוקו 250X3 מ""ל",אלפרו,BE,משקה סויה שוקו,מיליליטרים,750.00,"100 מ""ל",false,0,15.50,2.07,true,1,
7290002543121,false,קלוג'ס סולטנה בראן 500גר,קלוג'ס,GB,קלוגס סולטנה,גרמים,500.00,100 גרם,false,0,23.70,4.74,true,1,
7290002543176,false,קלוג'ס מבחר 8 דגנים,קלוג'ס,GB,קלוגס 8 מנות,יחידה,1.00,יחידה,false,0,24.70,24.70,true,1,
7290002551003,false,טונה סטארקיסט בשמן 160 ג,סטארקיסט,IL,טונה סטארקיסט,גרמים,160.00,100 גרם,false,0,6.50,4.06,true,1,
7290002551010,false,טונה סטארקיסט במים 160 ג,סטארקיסט,IL,טונה סטארקיסט,גרמים,160.00,100 גרם,false,0,6.50,4.06,true,1,
7290002581536,false,"וופל נפוליטנה לל""ס 250ג",הדר,IL,"ופלים הדר לל""ס",גרמים,250.00,100 גרם,false,0,7.80,3.12,true,1,
7290002596448,false,חזה בקר כבוש קפוא קג,לאטי עזרא,IL,חזה בקר כבוש קפוא קג,קילוגרמים,0.00,"ק""ג",true,0,59.40,59.40,true,1,
7290002651116,false,ג'חנון חמסי 5יח 1קג,חמסי,IL,ג'חנון חמסי,גרמים,1000.00,100 גרם,false,0,14.80,1.48,true,1,
7290002651123,false,מלווח חמסי 5יח 1קג,חמסי,IL,מלווח חמסי,גרמים,1000.00,100 גרם,false,0,14.80,1.48,true,1,
7290002661115,false,"לחם הולנדי 1.200 ק""ג",מאפית ברמן,IL,"לחם הולנדי 1.200 ק""ג",קילוגרמים,1.20,"ק""ג",false,0,16.50,13.75,true,1,
7290002661153,false,"לחם דני קל 1 ק""ג",מאפית ברמן,IL,"לחם דני קל 1 ק""ג",גרמים,1000.00,100 גרם,false,0,16.50,1.65,true,1,
7290002661177,false,לחם כנעני 750 גרם,מאפית ברמן,IL,לחם כנעני 750 גרם,גרמים,750.00,100 גרם,false,0,14.80,1.97,true,1,
7290002661214,false,לחם גלילי קל 750 גרם,מאפית ברמן,IL,לחם גלילי קל 750 גרם,גרמים,750.00,100 גרם,false,0,14.80,1.97,true,1,
7290002663522,false,תפוזינה משקה קל תפוז1.5ל,יפאורה שותפות מובגלת לשיווק,IL,תפוזינה תפוזים,ליטרים,1.50,ליטר,false,0,5.90,3.93,true,1,
7290002663539,false,תפוזינה אשכוליות 1.5ליטר,יפאורה שותפות מובגלת לשיווק,IL,תפוזינה אשכוליות,ליטרים,1.50,ליטר,false,0,5.90,3.93,true,1,
7290002663805,false,שוופס טוניק 1.5 ליטר,יפאורה שותפות מובגלת לשיווק,IL,שוופס מי טוניק,ליטרים,1.50,ליטר,false,0,7.90,5.27,true,1,
7290002663812,false,שוופס ג'ינג'ר 1.5 ליטר,יפאורה שותפות מובגלת לשיווק,IL,שוופס ג'ינג'ר,ליטרים,1.50,ליטר,false,0,7.90,5.27,true,1,
7290002663829,false,שוופס ביטר לימון 1.5ליטר,יפאורה שותפות מובגלת לשיווק,IL,שוופס ביטר לימון,ליטרים,1.50,ליטר,false,0,7.90,5.27,true,1,
7290002663881,false,תפוזינה אשכוליות דיאט1.5,יפאורה שותפות מובגלת לשיווק,IL,אשכולינה דיאט,ליטרים,1.50,ליטר,false,0,5.90,3.93,true,1,
7290002674269,false,"מש.אקווה פרש עדין125מ""ל",ג.' אס.קיו,IL,משחת שיניים,מיליליטרים,125.00,"100 מ""ל",false,0,8.90,7.12,true,1,
7290002692478,false,שמן זית מעודן כ.מעולה750,שמן תעשיות,IL,שמן זית מעודן,מיליליטרים,750.00,"100 מ""ל",false,0,33.90,4.52,true,1,
7290002692553,false,"זיתולה עץ הזית 750 מ""ל",שמן תעשיות,IL,זיתולה עץ הזית,מיליליטרים,750.00,"100 מ""ל",false,0,12.90,1.72,true,1,
7290002692768,false,"תרסיס שמן קנולה 200 מ""ל",שמן תעשיות,US,תרסיס שמן קנולה,מיליליטרים,200.00,"100 מ""ל",false,0,14.90,7.45,true,1,
7290002692782,false,"תרסיס שמן זית 148 מ""ל",שמן תעשיות,US,"תרסיס שמן זית 148 מ""ל",מיליליטרים,148.00,"100 מ""ל",false,0,14.90,10.07,true,1,
7290002706168,false,פיצה טייסט פקטורי 505גרם,נטו,IL,פיצה טייסט פקטור,גרמים,505.00,100 גרם,false,0,25.30,5.01,true,1,
7290002706731,false,"רצועות פילה נילוס בעל""ז",דלידג - נטו,IL,"רצועות פילה נילוס בעל""ז",קילוגרמים,0.00,"ק""ג",true,0,54.90,54.90,true,1,
7290002706915,false,"פילה נסיכת נילוס ק""ג",דלידג - נטו,IL,פילה נסיכת נילוס,קילוגרמים,0.00,"ק""ג",true,0,39.90,39.90,true,1,
7290002710004,false,ביצים אורגניות 12 יח,מן הטבע בארותיים,IL,ביצים אורגניות 12 יח,יחידה,1.00,יחידה,false,0,25.90,25.90,true,1,
7290002710110,false,ביצי חופש M 12 יחידות,מן הטבע בארותיים,IL,ביצי חופש M 12 יחידות,יחידה,1.00,יחידה,false,0,21.40,21.40,true,1,
7290002715375,false,קבב יוני 400 גרם,טיבון ויל - נטו,IL,קבב יווני,גרמים,400.00,100 גרם,false,0,19.70,4.93,true,1,
7290002715528,false,מג'יק אטריות,,SG,מג'יק אטריות,גרמים,70.00,100 גרם,false,0,4.50,6.43,true,1,
7290002715580,false,מג'יק נודלס,,SG,מג'יק נודלס,גרמים,70.00,100 גרם,false,0,4.50,6.43,true,1,
7290002730316,false,משחת שיניים קולגייט3 75*,קולגייט-פלמוליב,IL,משחת שיניים,מיליליטרים,225.00,"100 מ""ל",false,0,20.00,8.89,true,1,
7290002730354,false,12 תחבושות הגיינה וניה,ג'ונסון,BE,תחבושות הגיינה,יחידה,1.00,יחידה,false,0,24.50,24.50,true,1,
7290002730668,false,משחת קולגייט לחניכיים100,קולגייט-פלמוליב,PL,משחת קולגייט לחניכיים100,מיליליטרים,100.00,"100 מ""ל",false,0,14.90,14.90,true,1,
7290002730811,false,משחה קולגייט ג'ל 100 גרם,קולגייט-פלמוליב,PL,משחת קולגייט ג'ל,מיליליטרים,100.00,"100 מ""ל",false,0,12.50,12.50,true,1,
7290002731467,false,פיצה דקה עגולה תפ' יח,שלושת האופים,IL,פיצה עגולה,יחידה,1.00,יחידה,false,0,2.50,2.50,true,1,
7290002731474,false,פיצה דקה משולש תפ' יח,שלושת האופים,IL,פיצה דקה,יחידה,1.00,יחידה,false,0,2.50,2.50,true,1,
7290002741077,false,כריות צוקולדה 750 גרם,יוניליוור,IL,כריות צוקולדה,גרמים,750.00,100 גרם,false,0,19.90,2.65,true,1,
7290002741091,false,חטיפי דגנים שוגי שוק8.יח,יוניליוור,IL,חטיפי דגנים 8 יח,גרמים,184.00,100 גרם,false,0,15.80,8.59,true,1,
7290002741497,false,בייגלה אצבעות שומשום300ג,יוניליוור,IL,בייגלה שומשום,גרמים,300.00,100 גרם,false,0,7.90,2.63,true,1,
7290002752349,false,סוכ. מנטוס מנטה 37.5 גרם,מנטוס,NL,סוכריות מנטוס,גרמים,37.00,100 גרם,false,0,3.30,8.92,true,1,
7290002757139,false,מלווח 700 גרם,אופרה,IL,מלווח 700 גרם,גרמים,700.00,100 גרם,false,0,13.80,1.97,true,1,
7290002757511,false,קציצות דג לבישול 750 גרם,דלידג - נטו,IL,קציצות דג,גרמים,750.00,100 גרם,false,0,30.60,4.08,true,1,
7290002757528,false,"בורקס פילו תפו""א 700 גרם","שגמור בע""מ",IL,"בורקס פילו תפו""א",גרמים,700.00,100 גרם,false,0,20.70,2.96,true,1,
7290002759126,false,מארז מיני פיתה 10יח50*גר,מעיין תעשיות מאפה,IL,מיני פיתה 10 יח',גרמים,500.00,100 גרם,false,0,9.90,1.98,true,1,
7290002766056,false,עגבניות שרי לב אדום יח',קטיף,IL,שרי לב אדום,יחידה,1.00,יחידה,false,1,8.90,8.90,true,1,
7290002768043,false,מי פה תיאדנט+פלאוריד150מ,קרליין,IL,מי פה תיאדנט,מיליליטרים,150.00,"100 מ""ל",false,0,16.80,11.20,true,1,
7290002768074,false,דרמפון סבון ללא סבון 1 ל,קרליין,IL,דרמפון אל סבון,ליטרים,1.00,ליטר,false,0,16.90,16.90,true,1,
7290002771104,false,קפה אל נח'לה עם הל 500גר,קפה אל נח'לה,IL,קפה עם הל,גרמים,500.00,100 גרם,false,0,30.20,6.04,true,1,
7290002771111,false,קפה אל נח'לה עם הל250גרם,קפה אל נח'לה,IL,קפה עם הל,גרמים,250.00,100 גרם,false,0,15.70,6.28,true,1,
7290002771128,false,קפה אל נח'לה בלי הל 250ג,קפה אל נח'לה,IL,קפה בלי הל,גרמים,250.00,100 גרם,false,0,16.60,6.64,true,1,
7290002771142,false,קפה טורקי 100 גרם,קפה אל נח'לה,IL,קפה טורקי,גרמים,100.00,100 גרם,false,1,7.90,7.90,true,1,
7290002782759,false,"קרם גוף מס2' פנינה340מ""ל",א.ל ארמן,IL,קרם גוף פנינה,מיליליטרים,340.00,"100 מ""ל",false,0,24.70,7.26,true,1,
7290002787716,false,חמאה עלמה 100 גרם,מלקפול,PL,חמאה עלמה,גרמים,100.00,100 גרם,false,1,3.80,3.80,true,1,
7290002787761,false,גבינה צהובה עלמה26% משקל,מלקוויטה,PL,גבינה צהובה עלמה,קילוגרמים,0.00,"ק""ג",true,0,35.00,35.00,true,1,
7290002787822,false,גב.גאודה עלמה פרוסה 400ג,מלקפול,PL,גבינת גאודה,גרמים,400.00,100 גרם,false,1,15.50,3.88,true,1,
7290002787884,false,"מקלות בורקס פילו תפו""א",נטו,IL,מקלות בורקס פילו,גרמים,600.00,100 גרם,false,10,20.70,3.45,true,1,
7290002787891,false,מקלות בורקס פילו תרד 600,נטו,IL,מקלות בורקס פילו,גרמים,600.00,100 גרם,false,10,20.70,3.45,true,1,
7290002800361,false,המבורגר מסעדות 500 גרם,מעדני הטלה,IL,המבורגר מסעדות,גרמים,500.00,100 גרם,false,0,28.60,5.72,true,1,
7290002812522,false,פרלמנט ארוך RCB חפיסה,פיליפ מוריס,,פרלמנט ארוך יח,יחידה,1.00,יחידה,false,0,37.00,37.00,false,1,
7290002814047,false,אקונומיקה קצף ניקוי750מ,קומפלקס כימיקלים,IL,אקונומיקה קצף,מיליליטרים,750.00,"100 מ""ל",false,1,8.90,1.19,true,1,
7290002814078,false,אנטרטיק לניקוי אמבטיה1ל,קומפלקס כימיקלים,IL,אנטרטיק לאמבט,ליטרים,1.00,ליטר,false,0,9.30,9.30,true,1,
7290002814139,false,נוזל רצפות דוחה תיקנים2ל,קומפלקס כימיקלים,IL,נוזל לרצפות,ליטרים,2.00,ליטר,false,0,15.80,7.90,true,1,
7290002814160,false,מסיר שומנים סנט מוריץ 1ל,קומפלקס כימיקלים,IL,מסיר שומנים,ליטרים,1.00,ליטר,false,1,18.90,18.90,true,1,
7290002814214,false,קצף ניקוי מסיר עובש750מל,קומפלקס כימיקלים,IL,קצף ניקוי,מיליליטרים,750.00,"100 מ""ל",false,0,10.30,1.37,true,1,
7290002814928,false,פרלמנט קצר בודד,פיליפ מוריס,IL,פרלמנט קצר בודד,יחידה,1.00,יחידה,false,0,37.00,37.00,false,1,
7290002824183,false,גב.סקי משפחתי5%שומן500ג,שטראוס,IL,גבינת סקי 5%,גרמים,500.00,100 גרם,false,0,9.20,1.84,true,1,
7290002824466,false,יוגורט ביו 0% דנונה 200ג,שטראוס,IL,יוגורט ביו 0%,גרמים,200.00,100 גרם,false,0,3.60,1.80,true,1,
7290002824640,false,גב.סקי5%לבנה מעודנת250ג,שטראוס,IL,גבינת סקי 5%,גרמים,250.00,100 גרם,false,0,4.60,1.84,true,1,
7290002825692,false,סלט חומוס אחלה 500 גרם,שטראוס,IL,סלט חומוס,גרמים,500.00,100 גרם,false,0,9.80,1.96,true,1,
7290002825722,false,כרוב אדום אחלה 500 גרם,שטראוס,IL,סלט כרוב אחלה,גרמים,500.00,100 גרם,false,0,13.80,2.76,true,1,
7290002830207,false,גפילטע פיש,,IL,גפילטע פיש,גרמים,520.00,100 גרם,false,0,10.90,2.10,true,1,
7290002830603,false,ס.אנטריקוט חצוי אלגאוצ'ו,אלגרצ'ו,IL,ס.אנטריקוט חצוי אלגאוצ'ו,קילוגרמים,0.00,"ק""ג",true,0,99.90,99.90,true,1,
7290002830948,false,גבינת מון בלאן עיזים120ג,נטו,IL,גבינת מון בלאן,גרמים,120.00,100 גרם,false,0,11.50,9.58,true,1,
7290002842002,false,קואקר אנגלי,,GB,קואקר אנגלי,גרמים,500.00,100 גרם,false,0,11.00,2.20,true,1,
7290002852724,false,ל.מ. בלו לייבל קצר,פיליפ מוריס,US,ל.מ. בלו לייבל,יחידה,1.00,יחידה,false,0,32.50,32.50,false,1,
7290002862000,false,אריסה תוניסאית 250 גרם,"הררית מזון בע""מ",IL,אריסה תוניסאית,גרמים,250.00,100 גרם,false,0,11.90,4.76,true,1,
7290002862031,false,אריסה חריפה 250 גרם,"הררית מזון בע""מ",,אריסה חריפה,גרמים,250.00,100 גרם,false,0,12.00,4.80,true,1,
7290002862048,false,פפריקה מרוקאית,,IL,פפריקה מרוקאית,גרמים,420.00,100 גרם,false,0,14.80,3.52,true,1,
7290002862055,false,לימון כבוש,,,לימון כבוש,גרמים,250.00,100 גרם,false,0,12.00,4.80,true,1,
7290002862369,false,עמבה בצנצנת,,IL,עמבה בצנצנת,גרמים,260.00,100 גרם,false,0,11.90,4.58,true,1,
7290002868446,false,גב.מותכת ניו-יורק 25*4גר,טרה,IL,גב.מותכת ניו-יורק 25*4גר,גרמים,100.00,100 גרם,false,0,4.90,4.90,true,1,
7290002868996,false,קוטג' 5%מועשר בסידן 250ג,טרה,IL,קוטג' 5% מועשר,גרמים,250.00,100 גרם,false,0,5.20,2.08,true,1,
7290002871248,false,"טובורג רד בק.חוזר 500מ""ל",קרלסברג ישראל,IL,בירה טובורג רד,מיליליטרים,500.00,"100 מ""ל",false,0,8.40,1.68,true,1,
7290002871446,false,פריגת ענבים 1.5 ליטר,פריגת,IL,פריגת ענבים,ליטרים,1.50,ליטר,false,0,6.50,4.33,true,1,
7290002871460,false,פריגת תפוזים 1.5 ליטר,פריגת,IL,פריגת תפוזים,ליטרים,1.50,ליטר,false,0,6.50,4.33,true,1,
7290002871477,false,פריגת אשכוליות 1.5 ליטר,פריגת,IL,פריגת אשכוליות,ליטרים,1.50,ליטר,false,0,6.50,4.33,true,1,
7290002874629,false,פרלמנט ארוך RCB בלו חפ,פיליפ מוריס,,פרלמנט ארוך יח,יחידה,1.00,יחידה,false,0,37.00,37.00,false,1,
7290002876326,false,פרלמנט קצר בלו בודד,פיליפ מוריס,IL,פרלמנט קצר בלו,יחידה,1.00,יחידה,false,0,37.00,37.00,false,1,
7290002881209,false,"רסק תפו""ע 700 גרם",KONSERVENFABRIEK BALTUSSEN,US,"רסק תפו""ע",גרמים,700.00,100 גרם,false,0,10.00,1.43,true,1,
7290002881216,false,"רסק תפו""ע דיאט צנצנת700ג",KONSERVENFABRIEK BALTUSSEN,NL,"רסק תפו""ע דיאט",גרמים,700.00,100 גרם,false,0,10.00,1.43,true,1,
7290002881254,false,קוקטייל פירות טרופים820ג,סאנרייז אגריקלטור,VN,קוקטייל פירות,גרמים,820.00,100 גרם,false,1,8.90,1.09,true,1,
7290002881650,false,טונה בשמן צמחי 160*4 גרם,ביג אגא קו.לטד,TH,טונה בשמן צמחי,גרמים,640.00,100 גרם,false,1,22.70,3.55,true,1,
7290002881920,false,מרלבורו גולד 100 בוקס,פיליפ מוריס,IL,מרלבורו גולד,יחידה,1.00,יחידה,false,0,34.50,34.50,false,1,
7290002886925,false,מרלבורו גולד קצר בוקס,פיליפ מוריס,US,מרלבורו גולד קצר,יחידה,1.00,יחידה,false,0,34.50,34.50,false,1,
7290002900313,false,פסטרמה ספרדית במשקל,טירת צבי,IL,פסטרמה ספרדית,קילוגרמים,0.00,"ק""ג",true,0,84.00,84.00,true,1,
7290002900436,false,פסטרמה איטלקי מילנו משקל,טירת צבי,,פסטרמה איטלקית,קילוגרמים,0.00,"ק""ג",true,0,84.00,84.00,true,1,
7290002900566,false,פסטרמה ברביקיו מופחת360ג,טירת צבי,IL,פסטרמה ברביקיו,גרמים,360.00,100 גרם,false,0,29.90,8.31,true,1,
7290002909514,false,סטייק טונה קפוא קג,בלדי,IL,סטייק טונה,קילוגרמים,0.00,"ק""ג",true,1,39.60,39.60,true,1,
7290002920311,false,גבינת קממבר במשקל,,IL,גבינת קממבר במשקל,קילוגרמים,0.00,"ק""ג",true,0,121.00,121.00,true,1,
7290002921165,false,הזלין לניקוי עור,,CH,הזלין לניקוי עור,מיליליטרים,400.00,"100 מ""ל",false,0,38.90,9.73,true,1,
7290002954200,false,אורז יסמין,,TH,אורז יסמין,קילוגרמים,1.00,"ק""ג",false,0,8.80,8.80,true,1,
7290002986225,false,עוגיות יין גלגל גדול 400,אחים גטניו,IL,עוגיות יין גלגל,גרמים,400.00,100 גרם,false,0,11.90,2.98,true,1,
7290002987963,false,"חומוס אחלה 1 ק""ג",שטראוס,IL,"חומוס אחלה 1 ק""ג",קילוגרמים,1.00,"ק""ג",false,0,13.90,13.90,true,1,
7290003009138,false,סירופ לימונים פריגת 750מ,פריגת,IL,סירופ לימונים,מיליליטרים,750.00,"100 מ""ל",false,0,11.90,1.59,true,1,
7290003009145,false,"סירופ ענבים פריגת 750מ""ל",פריגת,IL,סירופ ענבים,מיליליטרים,750.00,"100 מ""ל",false,0,11.90,1.59,true,1,
7290003009152,false,"סירופ פטל פריגת 750 מ""ל",פריגת,IL,סירופ פטל,מיליליטרים,750.00,"100 מ""ל",false,0,11.90,1.59,true,1,
7290003009572,false,סירופ תפוזים פריגת 1.5ל',פריגת,IL,סירופ תפוזים,ליטרים,1.50,ליטר,false,0,19.70,13.13,true,1,
7290003009589,false,"סירופ לימונים דיאט750מ""ל",פריגת,IL,סירופ לימונים,מיליליטרים,750.00,"100 מ""ל",false,0,17.00,2.27,true,1,
7290003009596,false,סירופ אשכוליות דיאט750מל,פריגת,IL,סירופ אשכוליות,מיליליטרים,750.00,"100 מ""ל",false,0,17.00,2.27,true,1,
7290003009619,false,סירופ ענבים פריגת 1.5 ל',פריגת,IL,סירופ ענבים,ליטרים,1.50,ליטר,false,0,19.70,13.13,true,1,
7290003009626,false,סירופ פטל פריגת 1.5 ליטר,פריגת,IL,סירופ פטל,ליטרים,1.50,ליטר,false,0,19.70,13.13,true,1,
7290003009633,false,סירופ לימונים פריגת 1.5ל,פריגת,IL,סירופ לימונים,ליטרים,1.50,ליטר,false,0,19.70,13.13,true,1,
7290003009640,false,מיץ תפוזים סחוט 1 ליטר,פריגת,IL,מיץ תפוזים סחוט 1 ליטר,ליטרים,1.00,ליטר,false,0,14.40,14.40,true,1,
7290003009657,false,מיץ סחוט אשכולית אדום1ל',פריגת,IL,מיץ סחוט אשכולית אדום1ל',ליטרים,1.00,ליטר,false,0,14.40,14.40,true,1,
7290003015467,false,תחליב רחצה בייבי כיף 1ל,קוסמופארם,IL,תחליב רחצה בייבי,ליטרים,1.00,ליטר,false,0,12.90,12.90,true,1,
7290003015634,false,סנו ריצפז פרש פסיפלורה2ל,סנו,IL,ריצפז פרש,ליטרים,2.00,ליטר,false,0,18.70,9.35,true,1,
7290003015641,false,סנו ריצפז פרש יסמין2ליטר,סנו,IL,ריצפז פרש,ליטרים,2.00,ליטר,false,0,18.70,9.35,true,1,
7290003023165,false,שוקו בכד יטבתה 2 ליטר,יטבתה,IL,שוקו בכד יטבתה,ליטרים,2.00,ליטר,false,0,19.90,9.95,true,1,
7290003026036,false,קמיל בלו סנסיטיב ורוד 1ל,פישר מעבדות פרמצבטיות,IL,קמיל בלו סנסיטיב ורוד 1ל,ליטרים,1.00,ליטר,false,0,21.90,21.90,true,1,
7290003026227,false,שמפו קמיל בלו אל דמע 1 ל,פישר מעבדות פרמצבטיות,IL,שמפו קמיל בלו,ליטרים,1.00,ליטר,false,0,21.90,21.90,true,1,
7290003026234,false,תחליב לתינוק קמיל בלו500,פישר מעבדות פרמצבטיות,IL,תחליב לתינוק,גרמים,500.00,100 גרם,false,0,29.90,5.98,true,1,
7290003029181,false,שוקו יטבתה בבקבוק 1 ליטר,יטבתה,IL,שוקו יטבתה,ליטרים,1.00,ליטר,false,0,11.80,11.80,true,1,
7290003029372,false,משקה חלב בננה בקבוק 1 ל',יטבתה,IL,משקה חלב בננה,ליטרים,1.00,ליטר,false,0,11.80,11.80,true,1,
7290003029389,false,משקה בננה יטבתה+פקק 250מ,יטבתה,IL,משקה בננה,מיליליטרים,250.00,"100 מ""ל",false,0,5.30,2.12,true,1,
7290003029433,false,שוקו יטבתה+פקק נשלף 250מ,יטבתה,IL,שוקו יטבתה,מיליליטרים,250.00,"100 מ""ל",false,0,5.30,2.12,true,1,
7290003029532,false,מוקה יטבתה בקבוק 2% 1ל,יטבתה,IL,מוקה יטבתה בקבוק,ליטרים,1.00,ליטר,false,0,11.80,11.80,true,1,
7290003029617,false,"שמנת מנה אישית 100 מ""ל",יטבתה,IL,שמנת מנה אישית,מיליליטרים,100.00,"100 מ""ל",false,0,1.90,1.90,true,1,
7290003029792,false,מארז שוקו יטבתה 225*8 מל,יטבתה,IL,שקיות שוקו 8 יח',ליטרים,1.80,ליטר,false,0,18.90,10.50,true,1,
7290003029815,false,חלב מועשר יטבתה 3%כד 2ל',יטבתה,IL,חלב מועשר יטבתה,ליטרים,2.00,ליטר,false,0,15.00,7.50,true,1,
7290003029907,false,אייס קפה יטבתה 2% 1ל,יטבתה,IL,אייס קפה יטבתה,ליטרים,1.00,ליטר,false,0,11.80,11.80,true,1,
7290003047635,false,ליפטון ילו לייבל25שק1.5*,יוניליוור,IN,תה ילו לייבל,גרמים,37.00,100 גרם,false,0,7.50,20.27,true,1,
7290003047642,false,ליפטון ילו לייבל100ש1.5*,יוניליוור,IN,תה ילו לייבל,גרמים,150.00,100 גרם,false,0,16.80,11.20,true,1,
7290003054657,false,חרדל אקסטרא פורטה 370גרם,ריין דיג'ון,FR,חרדל דיז'ון,גרמים,370.00,100 גרם,false,0,10.00,2.70,true,1,
7290003069583,false,סטייק סלמון פרוס נורווגי,דלידג - נטו,XX,סטייק סלמון,קילוגרמים,0.00,"ק""ג",true,0,49.50,49.50,true,1,
7290003069682,false,בצק פילאס 500 גרם,"שגמור בע""מ",IL,בצק פילאס,גרמים,500.00,100 גרם,false,0,18.70,3.74,true,1,
7290003075348,false,לבנה במשקל,מחלבת רג'ב,IL,לבנה במשקל,קילוגרמים,0.00,"ק""ג",true,0,33.00,33.00,true,1,
7290003107216,false,"קמח לבן 1 ק""ג",טחנת קמח דגן לישראל,IL,קמח לבן,קילוגרמים,1.00,"ק""ג",false,0,4.90,4.90,true,1,
7290003107223,false,"סולת 1 ק""ג",טחנת קמח דגן לישראל,IL,סולת,קילוגרמים,1.00,"ק""ג",false,0,4.90,4.90,true,1,
7290003119110,false,קוקה קולה 1.5*6 ליטר,החברה המרכזית לייצור משקאות,IL,קוקה קולה 1.5*6ל,ליטרים,9.00,ליטר,false,0,34.90,3.88,true,1,
7290003119165,false,קוקה קולה דיאט 1.5*6ל,החברה המרכזית לייצור משקאות,IL,קולה דיאט 6 יח,ליטרים,9.00,ליטר,false,0,35.90,3.99,true,1,
7290003126712,false,יוגורט עיזים ביו 3% 140ג,משק צוריאל תבור,IL,יוגורט ביו 3%,גרמים,140.00,100 גרם,false,0,5.70,4.07,true,1,
7290003126958,false,טופו טבעי בוואקום 300גרם,משק צוריאל תבור,IL,טופו טבעי בוואקום 300גרם,גרמים,300.00,100 גרם,false,0,12.80,4.27,true,1,
7290003143146,false,ממרח תמרים גת 450 גרם,טעמי הגליל,IL,ממרח תמרים,גרמים,450.00,100 גרם,false,0,5.90,1.31,true,1,
7290003144020,false,שוק.מריר 60% צ'וקטה 100ג,קומרשל שוקולד לקאזה אז.איי,ES,שוקולד מריר 60%,גרמים,100.00,100 גרם,false,0,4.90,4.90,true,1,
7290003144068,false,שוק.מריר 60% צ'וקטה3*100,קומרשל שוקולד לקאזה אז.איי,ES,שוקולד מריר 60%,גרמים,300.00,100 גרם,false,1,9.90,3.30,true,1,
7290003144143,false,שוק. 48% מריר צ'וקטה100ג,קומרשל שוקולד לקאזה,ES,שוקולד מריר,גרמים,100.00,100 גרם,false,1,5.00,5.00,true,1,
7290003144419,false,סילאן טבעי 710 גרם,טעמי הגליל,IL,סילאן טבעי,גרמים,710.00,100 גרם,false,1,25.90,3.65,true,1,
7290003153831,false,שוש חטיף בוטנים 80 גרם,עלית,IL,שוש חטיף בוטנים,גרמים,80.00,100 גרם,false,0,3.90,4.88,true,1,
7290003158157,false,פוקצה אנטיפסטי,מאפה הבלקן,IL,פוקצה אנטיפסטי,יחידה,1.00,יחידה,false,0,11.90,11.90,true,1,
7290003158164,false,פילו ריקוטה במשקל,גידרון,IL,פילו ריקוטה,קילוגרמים,0.00,"ק""ג",true,0,46.00,46.00,true,1,
7290003158775,false,לחם כפרי אפוי קפוא 485גר,גידרון,IL,לחם כפרי,גרמים,485.00,100 גרם,false,0,9.90,2.04,true,1,
7290003158980,false,מארז פיתה פרנה 3יח180*גר,מאפיית אורן משי,IL,פיתה פרנה,גרמים,540.00,100 גרם,false,0,12.40,2.30,true,1,
7290003185726,false,קבב מזרחי 500 גרם,טיבון ויל - נטו,IL,קבב מזרחי,גרמים,500.00,100 גרם,false,0,19.30,3.86,true,1,
7290003186822,false,שניצל נסיכה(במבינו700)גר,דלידג - נטו,IL,שניצל נסיכה700גר,גרמים,700.00,100 גרם,false,0,24.70,3.53,true,1,
7290003187140,false,סינטה מיושן אלגאוצ'ו לקג,אלגרצ'ו,IL,סינטה מיושן א.ג,קילוגרמים,0.00,"ק""ג",true,0,99.10,99.10,true,1,
7290003187843,false,טחון עגל 100% 500 גרם,טיבון ויל - נטו,IL,טחון עגל 100%,גרמים,500.00,100 גרם,false,0,29.30,5.86,true,1,
7290003189274,false,בנוסח מעושנת גליל26%משקל,תעש' מזון יבנה,IL,בנוסח מעושנת גליל26%משקל,קילוגרמים,0.00,"ק""ג",true,0,43.00,43.00,true,1,
7290003208609,false,מרטיני רוסו אדום,,,מרטיני רוסו אדום,מיליליטרים,750.00,"100 מ""ל",false,0,44.90,5.99,true,1,
7290003220502,false,"מי קוקוס 400 מ""ל",תאי קוקונאט,TH,מי קוקוס,מיליליטרים,400.00,"100 מ""ל",false,0,6.90,1.73,true,1,
7290003220519,false,"קרם קוקוס גולד 400 מ""ל",אזיאטיק אגרו אינדסטרי,TH,קרם קוקוס גולד,מיליליטרים,400.00,"100 מ""ל",false,0,9.90,2.48,true,1,
7290003220526,false,"רוטב צ'ילי חריף 700 מ""ל",תאי פרידה אינדסטרי,TH,רוטב צ'ילי חריף,מיליליטרים,700.00,"100 מ""ל",false,0,15.90,2.27,true,1,
7290003220533,false,"רוטב צ'ילי מתוק 700 מ""ל",תאי פרידה אינדסטרי,TH,רוטב צ'ילי מתוק,מיליליטרים,700.00,"100 מ""ל",false,0,15.90,2.27,true,1,
7290003220571,false,"WOK רוטב חמוץ מתוק700מ""ל",קיי אר אס ספייסי פוד,TH,רוטב חמוץ מתוק,מיליליטרים,700.00,"100 מ""ל",false,0,15.90,2.27,true,1,
7290003220601,false,רוטב צ'ילי מתוק ווק300מ,תאי פרידה אינדסטרי,TH,רוטב צ'ילי ווק,מיליליטרים,300.00,"100 מ""ל",false,0,9.90,3.30,true,1,
7290003220687,false,אבקת וואסבי 35 גרם,לאנה פרודקטס,TH,אבקת וואסבי,גרמים,35.00,100 גרם,false,0,15.80,45.14,true,1,
7290003220700,false,מחצלת לגלגול סושי 1 יחיד,קוסומאי במבוק,TH,מחצלת גלגול סושי,יחידה,1.00,יחידה,false,0,5.90,5.90,true,1,
7290003220724,false,מקלות לסושי,קוסומאי במבוק,TH,מקלות לסושי,יחידה,1.00,יחידה,false,0,6.80,6.80,true,1,
7290003220731,false,רוטב צי'לי מתוק כתום700מ,תאי פרידה אינדסטרי,TH,רוטב צי'לי,מיליליטרים,700.00,"100 מ""ל",false,0,15.90,2.27,true,1,
7290003220748,false,"רוטב סויה בהירה 640 מ""ל",ליאנג סאנג האנד,TH,רוטב סויה בהירה,מיליליטרים,640.00,"100 מ""ל",false,0,15.90,2.48,true,1,
7290003220755,false,"רוטב סויה כהה 640 מ""ל",ליאנג סאנג האנד,TH,רוטב סויה כהה,מיליליטרים,640.00,"100 מ""ל",false,0,15.90,2.48,true,1,
7290003220779,false,ווק מקלות אורז 400 גרם,אסיאן סופירה פודס,TH,ווק מקלות אורז,גרמים,400.00,100 גרם,false,0,8.80,2.20,true,1,
7290003220878,false,"רוטב מירין לתיבול 500מ""ל",דיאמונד פריזרוד פודס,TH,רוטב מירין,מיליליטרים,500.00,"100 מ""ל",false,0,21.70,4.34,true,1,
7290003220908,false,ג'ינג'ר 227 גרם,פנטה אמפאק,IL,ג'ינג'ר 227 גרם,גרמים,227.00,100 גרם,false,0,12.80,5.64,true,1,
7290003220939,false,ווק מקלוני אורז דקים 400,אסיאן סופירה פודס,TH,ווק מקלוני אורז,גרמים,400.00,100 גרם,false,0,8.80,2.20,true,1,
7290003229116,false,פסטרמה הודו בדבש 400 גרם,טירת צבי,IL,פסטרמה הודו בדבש,גרמים,400.00,100 גרם,false,0,31.40,7.85,true,1,
7290003229123,false,פסטרמה על גחלים 400 גרם,טירת צבי,IL,פסטרמה על גחלים,גרמים,400.00,100 גרם,false,0,31.70,7.93,true,1,
7290003229147,false,סלמי איטלקי 300 גרם,טירת צבי,IL,סלמי איטלקי,גרמים,300.00,100 גרם,false,0,28.90,9.63,true,1,
7290003229154,false,סלמי קוניאק 300 גרם,טירת צבי,IL,סלמי קוניאק,גרמים,300.00,100 גרם,false,0,28.90,9.63,true,1,
7290003229192,false,כתף בקר מעושן 400 גרם,טירת צבי,IL,כתף בקר מעושן,גרמים,400.00,100 גרם,false,0,32.40,8.10,true,1,
7290003229222,false,סלמי תה משובח 300 גרם,טירת צבי,IL,סלמי תה משובח,גרמים,300.00,100 גרם,false,0,21.20,7.07,true,1,
7290003231003,false,מיוקל 5% שמן זית 500 גרם,יוניליוור,IL,מיוקל שמן זית,גרמים,500.00,100 גרם,false,0,12.90,2.58,true,1,
7290003231300,false,מרק צח בטעם עוף קנור1קג,יוניליוור,IL,מרק צח טעם עוף,קילוגרמים,1.00,"ק""ג",false,0,14.90,14.90,true,1,
7290003231447,false,חטיפי דגנים כריות 150גרם,יוניליוור,IL,חטיפי כריות,גרמים,150.00,100 גרם,false,0,19.70,13.13,true,1,
7290003231607,false,מרכך פינוק עם קרטין 700,יוניליוור,IL,מרכך פינוק,מיליליטרים,700.00,"100 מ""ל",false,0,10.00,1.43,true,1,
7290003268252,false,לחם חיטה מלא לילדים750ג,דגנית עין בר,IL,לחם חיטה מלא,גרמים,750.00,100 גרם,false,1,13.90,1.85,true,1,
7290003268429,false,לחם ירוק מקמח מלא 750 גר,מאפ. דגנית עין-בר,IL,לחם ירוק מקמח מלא 750 גר,גרמים,750.00,100 גרם,false,0,14.90,1.99,true,1,
7290003319152,false,גפילטע פיש 6 יח',,,גפילטע פיש 6 יח',גרמים,670.00,100 גרם,false,0,21.70,3.24,true,1,
7290003321155,false,דנונה בר פקאן 183 גרם,שטראוס,IL,דנונה בר פקאן,גרמים,183.00,100 גרם,false,0,4.50,2.46,true,1,
7290003321292,false,גב.סקי 9% שומן 250 גרם,שטראוס,IL,גבינת סקי 9%,גרמים,250.00,100 גרם,false,0,4.60,1.84,true,1,
7290003401376,false,קרם לחות אלוורה לשיער400,קרליין,IL,קרם לחות לשיער,מיליליטרים,400.00,"100 מ""ל",false,0,21.80,5.45,true,1,
7290003401420,false,ק.לחות סיליקון לשיער400מ,קרליין,IL,קרם לחות לשיער,מיליליטרים,400.00,"100 מ""ל",false,0,21.80,5.45,true,1,
7290003411238,false,שמרים יבשים 500 גרם,הנמל,BE,שמרים יבשים,גרמים,500.00,100 גרם,false,0,14.00,2.80,true,1,
7290003411849,false,גרנולה תמרים ושקדים 400ג,הנמל,IL,גרנולה תמרים,גרמים,400.00,100 גרם,false,0,11.20,2.80,true,1,
7290003411993,false,גפרורים 10 יח',הנמל,IL,גפרורים,יחידה,1.00,יחידה,false,0,3.20,3.20,true,1,
7290003414406,false,ריז נטיפים לאפיה 283 גרם,הרשי שוקולד,US,ריז נטיפים,גרמים,283.00,100 גרם,false,1,16.60,5.87,true,1,
7290003427024,false,שמן זית כת.מעולה זיתא 1ל,זיתא,IL,שמן זית כתית,ליטרים,1.00,ליטר,false,0,45.50,45.50,true,1,
7290003427154,false,"שמן זית כתית מעולה750מ""ל",זיתא,IL,שמן זית כתית,מיליליטרים,750.00,"100 מ""ל",false,0,35.90,4.79,true,1,
7290003438006,false,רוטב פסטו אוליביה 180 גר,אוליביה,IL,רוטב פסטו,גרמים,180.00,100 גרם,false,0,10.90,6.06,true,1,
7290003438013,false,ממרח זיתים ירוקים 190גרם,אוליביה,IL,ממרח זיתים,גרמים,190.00,100 גרם,false,0,10.90,5.74,true,1,
7290003438020,false,ממרח עגבניות 190 גרם,אוליביה,IL,ממרח עגבניות,גרמים,190.00,100 גרם,false,0,10.90,5.74,true,1,
7290003438587,false,פסטו בזיליקום 135 גרם,אוליביה,IL,פסטו בזיליקום,גרמים,135.00,100 גרם,false,0,10.80,8.00,true,1,
7290003438617,false,אריסה חריפה 140 גרם,אוליביה,,אריסה חריפה,גרמים,140.00,100 גרם,false,0,9.80,7.00,true,1,
7290003438624,false,אריסה מתוקה עם לימון140ג,אוליביה,,אריסה מתוקה,גרמים,140.00,100 גרם,false,0,9.80,7.00,true,1,
7290003438709,false,ממרח זיתים שחורים 190גרם,אוליביה,IL,ממרח זיתים,גרמים,190.00,100 גרם,false,0,10.90,5.74,true,1,
7290003438990,false,עיטורי עגבנ.מיובשות 280ג,אוליביה,IL,עגבניות מיובשות,גרמים,280.00,100 גרם,false,0,17.90,6.39,true,1,
7290003450022,false,מיולייט היינץ 430 גרם,היינץ,IL,מיולייט היינץ,גרמים,430.00,100 גרם,false,0,11.90,2.77,true,1,
7290003450091,false,מיונז אמיתי היינץ 430גרם,היינץ,ES,מיונז היינץ,גרמים,430.00,100 גרם,false,0,11.90,2.77,true,1,
7290003450602,false,חרדל אמיתי היינץ 255 גרם,היינץ,US,חרדל אמיתי,גרמים,255.00,100 גרם,false,0,7.90,3.10,true,1,
7290003451012,false,בקלה צעיר קפוא,,IL,בקלה צעיר קפוא,קילוגרמים,0.00,"ק""ג",true,0,17.90,17.90,true,1,
7290003451050,false,פילה בקלה ארוז קפוא,בלדי,CN,פילה בקלה ארוז,קילוגרמים,0.00,"ק""ג",true,0,19.70,19.70,true,1,
7290003451180,false,פילה טונה קפוא,,IL,פילה טונה קפוא,קילוגרמים,0.00,"ק""ג",true,0,47.50,47.50,true,1,
7290003451272,false,סטייק טונה קפוא קג,בלדי,IL,סטייק טונה קפוא,גרמים,0.00,"ק""ג",true,0,39.60,39.60,true,1,
7290003457991,false,6חטיפי גל.קורנטו קלאסיקו,שטראוס,IL,6חטיפי גל.קורנטו קלאסיקו,גרמים,300.00,100 גרם,false,0,33.60,11.20,true,1,
7290003495030,false,מאפה שקדים במשקל,גידרון,IL,מאפה שקדים,קילוגרמים,0.00,"ק""ג",true,0,42.00,42.00,true,1,
7290003495085,false,בגט רוסטיק,מאפ גדרון,IL,בגט רוסטיק,יחידה,1.00,יחידה,false,0,7.90,7.90,true,1,
7290003495726,false,לחם זיתים חצי אפוי,גידרון,IL,לחם זיתים,יחידה,1.00,יחידה,false,0,9.90,9.90,true,1,
7290003495863,false,פיתה אסלית מרובעת110*5גר,מאפיית אנג'ל,IL,5 פיתה מרובעת,גרמים,550.00,100 גרם,false,0,9.90,1.80,true,1,
7290003514007,false,שקדי מרק 400 גרם,מנה,IL,שקדי מרק מנה,גרמים,400.00,100 גרם,false,0,8.80,2.20,true,1,
7290003514045,false,קראנצ'וס ברביקיו 70 גרם,מנה,IL,קראנצ'וס ברביקיו,גרמים,70.00,100 גרם,false,0,3.60,5.14,true,1,
7290003514052,false,קראנצ'וס פלאפל 70 גרם,מנה,IL,קראנצ'וס פלאפל,גרמים,70.00,100 גרם,false,0,3.60,5.14,true,1,
7290003514069,false,קראנצ'וס בצל 70 גרם,מנה,IL,קראנצ'וס בצל,גרמים,70.00,100 גרם,false,0,3.60,5.14,true,1,
7290003514557,false,ציפסונים קלאסי 40 גרם,מנה,IL,ציפסונים קלאסי,גרמים,40.00,100 גרם,false,0,3.90,9.75,true,1,
7290003514625,false,פרונטו נאצ'וס 50 גרם,מנה,IL,פרונטו נאצ'וס,גרמים,50.00,100 גרם,false,0,4.50,9.00,true,1,
7290003521166,false,"סרקל קרם רוזמרי 325 מ""ל",פישר מעבדות פרמצבטיות,IL,סרקל קרם רוזמרין,מיליליטרים,325.00,"100 מ""ל",false,0,21.90,6.74,true,1,
7290003521197,false,סרקל תרסיס מתיר קשרים340,פישר מעבדות פרמצבטיות,IL,סרקל מתיר קשרים,מיליליטרים,340.00,"100 מ""ל",false,0,21.90,6.44,true,1,
7290003521401,false,קמיל ב.ס.קרם פנים לתינוק,פישר מעבדות פרמצבטיות,IL,קמיל ב.ס.קרם פנים לתינוק,גרמים,100.00,100 גרם,false,0,35.20,35.20,true,1,
7290003525461,false,סלט טונה פיקנטי,,IL,סלט טונה פיקנטי,גרמים,160.00,100 גרם,false,0,5.00,3.13,true,1,
7290003525478,false,סלט טונה,,IL,סלט טונה,גרמים,160.00,100 גרם,false,0,5.00,3.13,true,1,
7290003526161,false,פילה אנשובי,,IL,פילה אנשובי,גרמים,75.00,100 גרם,false,0,9.90,13.20,true,1,
7290003539123,false,פפאיה יבשה 200גרם שקדיה,שקדיה,IL,פפאיה יבשה 200ג,גרמים,200.00,100 גרם,false,0,13.80,6.90,true,1,
7290003539161,false,תפוח עץ יבש 200גרם,שקדיה,IL,תפוח עץ יבש,גרמים,200.00,100 גרם,false,0,14.80,7.40,true,1,
7290003550333,false,טחון בקר מופחת שומן 500,טיבון ויל - נטו,IL,טחון בקר מ.שומן,גרמים,500.00,100 גרם,false,0,34.20,6.84,true,1,
7290003550753,false,טונה פוסידון בשמן108*4ג,פוסידון תעשיות,IL,טונה בשמן 4 יח',גרמים,432.00,100 גרם,false,0,22.90,5.30,true,1,
7290003578177,false,תירס צעיר שלם,,TH,תירס צעיר שלם,גרמים,410.00,100 גרם,false,0,4.90,1.20,true,1,
7290003578290,false,מקלוני אורז,,TH,מקלוני אורז,גרמים,300.00,100 גרם,false,0,5.00,1.67,true,1,
7290003578412,false,חצאי אפרסק בסירופ 820גרם,,CN,חצאי אפרסק בסירופ 820גרם,גרמים,820.00,100 גרם,false,0,7.00,0.85,true,1,
7290003608089,false,ספרינג תות-בננה 1.5 ליטר,יפאורה שותפות מובגלת לשיווק,IL,ספרינג תות בננה,ליטרים,1.50,ליטר,false,0,4.90,3.27,true,1,
7290003608546,false,תפוזינה תות בננה 1.5ליטר,יפאורה שותפות מובגלת לשיווק,IL,תפוזינה תות בננה,ליטרים,1.50,ליטר,false,0,5.90,3.93,true,1,
7290003608560,false,קולה R.C. 1.5 ליטר,יפאורה שותפות מובגלת לשיווק,IL,R.C קולה,ליטרים,1.50,ליטר,false,0,4.60,3.07,true,1,
7290003608621,false,קולה RC מארז 1.5*6 ליטר,יפאורה שותפות מובגלת לשיווק,IL,RC קולה 6 יח',ליטרים,9.00,ליטר,false,0,23.90,2.66,true,1,
7290003608898,false,תפוזינה דיאט תפוז 1.5ל,יפאורה שותפות מובגלת לשיווק,IL,תפוזינה דיאט,ליטרים,1.50,ליטר,false,0,5.90,3.93,true,1,
7290003643004,false,אורז בסמטי קלאסי בשקית1ק,סוגת,IL,אורז בסמטי קלאסי,קילוגרמים,1.00,"ק""ג",false,0,10.90,10.90,true,1,
7290003643325,false,קוסקוס בינוני 350 גרם,סוגת,IL,קוסקוס בינוני,גרמים,350.00,100 גרם,false,0,4.90,1.40,true,1,
7290003643387,false,"סוכר לבן צנצנת 1 ק""ג",סוגת,IL,"סוכר לבן צנצנת 1 ק""ג",קילוגרמים,1.00,"ק""ג",false,0,5.90,5.90,true,1,
7290003643646,false,"סוכר דמררה צנצנת 1 ק""ג",סוגת,IL,"סוכר דמררה צנצנת 1 ק""ג",קילוגרמים,1.00,"ק""ג",false,0,10.90,10.90,true,1,
7290003643684,false,אפונה 500 גרם,סוגת,IL,אפונה 500 גרם,גרמים,500.00,100 גרם,false,0,5.90,1.18,true,1,
7290003643714,false,חומוס לבן גרגרים 500 גרם,סוגת,IL,חומוס לבן,גרמים,500.00,100 גרם,false,0,6.10,1.22,true,1,
7290003643738,false,חיטה 500 גרם,סוגת,IL,חיטה 500 גרם,גרמים,500.00,100 גרם,false,0,5.90,1.18,true,1,
7290003643745,false,כוסמת 500 גרם,סוגת,IL,כוסמת,גרמים,500.00,100 גרם,false,0,5.90,1.18,true,1,
7290003643752,false,עדשים ירוקות 500 גרם,סוגת,IL,עדשים ירוקות,גרמים,500.00,100 גרם,false,0,5.90,1.18,true,1,
7290003643769,false,עדשים אדומות 500 גרם,סוגת,IL,עדשים אדומות,גרמים,500.00,100 גרם,false,0,5.90,1.18,true,1,
7290003643776,false,פופקורן 500 גרם,סוגת,IL,פופקורן 500 גרם,גרמים,500.00,100 גרם,false,0,5.90,1.18,true,1,
7290003643806,false,שעועית לבנה 500 גרם,סוגת,IL,שעועית לבנה,גרמים,500.00,100 גרם,false,0,11.80,2.36,true,1,
7290003643820,false,חומוס לבן ענק 500 גרם,סוגת,IL,חומוס לבן ענק,גרמים,500.00,100 גרם,false,0,7.80,1.56,true,1,
7290003667109,false,פאנטה אורנג' 1.5 ל',החברה המרכזית לייצור משקאות,IL,פאנטה אורנג',ליטרים,1.50,ליטר,false,0,6.90,4.60,true,1,
7290003667369,false,פריגת תות-בננה 1.5ל,פריגת,IL,פריגת תות בננה,ליטרים,1.50,ליטר,false,0,6.50,4.33,true,1,
7290003667673,false,פנטה דיאט אורנג' 1.5ליטר,החברה המרכזית לייצור משקאות,IL,פנטה דיאט אורנג',ליטרים,1.50,ליטר,false,0,6.90,4.60,true,1,
7290003719006,false,לחם ליבו שיפון 80% 750גר,מאפית ברמן,IL,לחם ליבו שיפון 80% 750גר,גרמים,750.00,100 גרם,false,0,13.80,1.84,true,1,
7290003719259,false,לחם אקסקלוסיבי שיפ.מלא1ק,מאפית ברמן,IL,לחם אקסקלוסיבי שיפ.מלא1ק,קילוגרמים,1.00,"ק""ג",false,0,14.80,14.80,true,1,
7290003719280,false,לחם דגנים 750 גרם,מאפית ברמן,IL,לחם דגנים 750 גרם,גרמים,750.00,100 גרם,false,0,15.80,2.11,true,1,
7290003727667,false,"סלט חומוס צבר 1 ק""ג",צבר,IL,סלט חומוס צבר,קילוגרמים,1.00,"ק""ג",false,0,14.90,14.90,true,1,
7290003782246,false,הרינג כבוש ביתי במשקל,מעדני מיקי,IL,הרינג כבוש ביתי במשקל,קילוגרמים,0.00,"ק""ג",true,0,54.00,54.00,true,1,
7290003796946,false,פ.מדומה מס' 6 מוכשר קפוא,לחוביץ,XX,פ.מדומה מס' 6 מוכשר קפוא,קילוגרמים,0.00,"ק""ג",true,0,49.50,49.50,true,1,
7290003804238,false,ריבועים של אלופים 500ג,יוניליוור,IL,ריבועים אלופים,גרמים,500.00,100 גרם,false,0,16.90,3.38,true,1,
7290003804368,false,תיבול.קנור בזיליקום72גרם,יוניליוור,IL,תיבוליות קנור,גרמים,72.00,100 גרם,false,0,7.90,10.97,true,1,
7290003804375,false,תיבולית קנור ניחוח צלי72,יוניליוור,IL,תיבולית קנור,גרמים,72.00,100 גרם,false,0,7.90,10.97,true,1,
7290003804382,false,תיבולית קנור פיטריות72גר,יוניליוור,IL,תיבוליות פטריות,גרמים,72.00,100 גרם,false,0,7.90,10.97,true,1,
7290003804832,false,קוקומן צדפים 750 גרם,יוניליוור,IL,קוקומן צדפים,גרמים,750.00,100 גרם,false,0,19.90,2.65,true,1,
7290003805112,false,בייגלה שבור.מלח פלפל225ג,יוניליוור,IL,בייגלה שבורים,גרמים,225.00,100 גרם,false,0,9.80,4.36,true,1,
7290003805129,false,פירה בטעם ביתי 80X3 גרם,יוניליוור,IL,פירה בטעם ביתי,גרמים,240.00,100 גרם,false,0,10.90,4.54,true,1,
7290003805136,false,פירה עם בצל מטוגן85X3גרם,יוניליוור,IL,פירה עם בצל קנור,גרמים,170.00,100 גרם,false,0,10.90,6.41,true,1,
7290003805556,false,"ברנפלקס חיטה מלא בד""ץ500",יוניליוור,IL,ברנפלקס תלמה,גרמים,500.00,100 גרם,false,0,17.90,3.58,true,1,
7290003805648,false,אקס ספריי לגוף בלאק 150מ,יוניליוור,GB,אקס ספריי לגוף,מיליליטרים,150.00,"100 מ""ל",false,0,19.70,13.13,true,1,
7290003805686,false,קוקומן פצפוצים 500 גרם,יוניליוור,IL,קוקומן פצפוצים,גרמים,500.00,100 גרם,false,0,21.70,4.34,true,1,
7290003805716,false,נמס בכוס ט.עוף 24*2 גרם,יוניליוור,IL,נמס בכוס ועוד,גרמים,48.00,100 גרם,false,0,6.90,14.38,true,1,
7290003805730,false,נמס בכוס עגבנ.קנור 32*2ג,יוניליוור,IL,נמס בכוס ועוד,גרמים,64.00,100 גרם,false,0,6.90,10.78,true,1,
7290003806423,false,שניצל ולתנור 180 גרם,יוניליוור,IL,שניצל ולתנור,גרמים,180.00,100 גרם,false,0,6.20,3.44,true,1,
7290003806577,false,דאו. דאב אורגינל 150מל,יוניליוור,GB,דאודורנט דאב,מיליליטרים,150.00,"100 מ""ל",false,1,20.90,13.93,true,1,
7290003806591,false,דאו. דאב מלפפונים150מ,יוניליוור,GB,דאודורנט דאב,מיליליטרים,150.00,"100 מ""ל",false,1,20.90,13.93,true,1,
7290003806607,false,דאו.דאב לאישה ביוטי150מל,יוניליוור,GB,דאודורנט דאב,מיליליטרים,150.00,"100 מ""ל",false,1,20.90,13.93,true,1,
7290003806645,false,"פתית תירס ל.ג.כשל""פ200גר",אסיף תעשיות מזון,CZ,פתית תירס,גרמים,200.00,100 גרם,false,0,17.50,8.75,true,1,
7290003806706,false,אקס זוג,יוניליוור,TR,אקס זוג,יחידה,1.00,יחידה,false,1,34.60,34.60,true,1,
7290003806812,false,בדין אקסטרא יערת הדבש960,יוניליוור,TR,מרכך בדין אקסטרא,מיליליטרים,960.00,"100 מ""ל",false,0,18.90,1.97,true,1,
7290003806836,false,"בדין אקסטרא לילך 960 מ""ל",יוניליוור,TR,מרכך בדין אקסטרא,מיליליטרים,960.00,"100 מ""ל",false,0,18.90,1.97,true,1,
7290003807178,false,רוטב סויה סגנון סיני300מ,יוניליוור,IL,רוטב סויה,מיליליטרים,300.00,"100 מ""ל",false,0,10.00,3.33,true,1,
7290003807314,false,מרק עוף רכיב.טבעיים 400ג,יוניליוור,,מרק עוף,גרמים,400.00,100 גרם,false,0,26.90,6.73,true,1,
7290003807376,false,"עוגי שפע בד""ץ 750 גרם",יוניליוור,IL,קורנפלקס עוגי,גרמים,750.00,100 גרם,false,0,19.90,2.65,true,1,
7290003821754,false,סלמון נורבגי מעושן 100גר,נטו,IL,סלמון מעושן,גרמים,100.00,100 גרם,false,0,16.80,16.80,true,1,
7290003864478,false,סרדין בשמן צמח,,PH,סרדין בשמן צמח,גרמים,110.00,100 גרם,false,0,5.30,4.82,true,1,
7290003864485,false,סרדינים ברוטב,,PH,סרדינים ברוטב,גרמים,110.00,100 גרם,false,0,5.30,4.82,true,1,
7290003864492,false,סרדין פיקנטי,,IL,סרדין פיקנטי,גרמים,110.00,100 גרם,false,0,5.30,4.82,true,1,
7290003882922,false,עלי גפן ממולאים,,IL,עלי גפן ממולאים,גרמים,400.00,100 גרם,false,0,8.50,2.13,true,1,
7290003903788,false,קפוצ'ינו וניל 200 גרם,עלית,IL,קפוצ'ינו וניל,גרמים,200.00,100 גרם,false,0,24.20,12.10,true,1,
7290003903955,false,שוקולד קרם חלב 100 גרם,עלית,IL,שוקולד קרם חלב,גרמים,100.00,100 גרם,false,0,5.50,5.50,true,1,
7290003905331,false,שוק.חלב+שברי אגוזים100גר,עלית,IL,שוק.חלב אגוזים,גרמים,100.00,100 גרם,false,0,5.50,5.50,true,1,
7290003989096,false,חציל פיקנטי אחלה 500 גרם,שטראוס,IL,חציל פיקנטי אחלה,גרמים,500.00,100 גרם,false,0,14.90,2.98,true,1,
7290003989539,false,רביולי עם גבינה 400 גרם,שטראוס,IL,רביולי גבינה,גרמים,400.00,100 גרם,false,0,16.90,4.23,true,1,
7290003989553,false,טורטליני עם פטריות 400גר,שטראוס,IL,טורטליני פטריות,גרמים,400.00,100 גרם,false,0,16.90,4.23,true,1,
7290004011284,false,"ריצ' להכנת קצפת 212 מ""ל",נטו,US,ריצ' להכנת קצפת,מיליליטרים,212.00,"100 מ""ל",false,0,8.70,4.10,true,1,
7290004011345,false,קצפת מתוקה,,IT,קצפת מתוקה,גרמים,250.00,100 גרם,false,0,16.80,6.72,true,1,
7290004011796,false,קבבונים אלגאוצ'ו 400 גרם,אלגרצ'ו,IL,קבבונים,גרמים,400.00,100 גרם,false,0,23.70,5.93,true,1,
7290004011802,false,צ'וריסוס אלגאוצ'ו 400 גר,טיבון ויל - נטו,IL,צ'וריסוס,גרמים,400.00,100 גרם,false,0,23.70,5.93,true,1,
7290004011819,false,המבורגר ריב אל גאוצ'ו 60,אלגרצ'ו,IL,המבורגר ריב,גרמים,360.00,100 גרם,false,0,23.70,6.58,true,1,
7290004011826,false,מיני המבורגר אלגאוצו320,אלגרצ'ו,IL,מיני המבורגר,גרמים,320.00,100 גרם,false,0,23.70,7.41,true,1,
7290004030018,false,מיץ לימון לתיבול,,IL,מיץ לימון לתיבול,מיליליטרים,500.00,"100 מ""ל",false,0,6.80,1.36,true,1,
7290004030353,false,נקטר תות בננה,,IL,נקטר תות בננה,ליטרים,1.00,ליטר,false,0,11.20,11.20,true,1,
7290004030414,false,מיץ תפוזים מצונן,,IL,מיץ תפוזים מצונן,ליטרים,2.00,ליטר,false,0,17.90,8.95,true,1,
7290004030445,false,מיץ תפוזים סחוט,,IL,מיץ תפוזים סחוט,ליטרים,1.00,ליטר,false,0,11.20,11.20,true,1,
7290004030568,false,מיץ אשכולית סחוט,,IL,מיץ אשכולית סחוט,ליטרים,2.00,ליטר,false,0,17.90,8.95,true,1,
7290004030605,false,נקטר תמר בננה,,IL,נקטר תמר בננה,ליטרים,1.00,ליטר,false,0,11.20,11.20,true,1,
7290004030612,false,משקה תפוח קיווי,,IL,משקה תפוח קיווי,ליטרים,1.00,ליטר,false,0,11.90,11.90,true,1,
7290004030643,false,משקה קל מצנון 2ל,,IL,משקה קל מצנון 2ל,ליטרים,2.00,ליטר,false,0,17.90,8.95,true,1,
7290004030667,false,מיץ סחוט מצונן2ל,,IL,מיץ סחוט מצונן2ל,ליטרים,2.00,ליטר,false,0,17.90,8.95,true,1,
7290004030834,false,מיץ רימונים,,IL,מיץ רימונים,ליטרים,1.00,ליטר,false,0,21.60,21.60,true,1,
7290004030957,false,משקה קל מצנון 2ל,,IL,משקה קל מצנון 2ל,ליטרים,2.00,ליטר,false,0,17.90,8.95,true,1,
7290004048679,false,קובה למרק 1 קג',שלושת האופים,IL,קובה למרק,גרמים,1000.00,100 גרם,false,0,24.90,2.49,true,1,
7290004063184,false,מלח הארץ הים האדום 250 ג,תעשיות מלח לישראל,IL,מלח הארץ 250 גרם,גרמים,250.00,100 גרם,false,0,3.90,1.56,true,1,
7290004063207,false,תערובת תיבול טוסקנה600ג,תעשיות מלח לישראל,IL,תיבול טוסקנה,גרמים,600.00,100 גרם,false,0,10.00,1.67,true,1,
7290004068011,false,יוגורט כבשים,,IL,יוגורט כבשים,גרמים,600.00,100 גרם,false,0,16.80,2.80,true,1,
7290004068028,false,ציזיקי לשתיה,,IL,ציזיקי לשתיה,מיליליטרים,500.00,"100 מ""ל",false,0,9.00,1.80,true,1,
7290004068035,false,אירן משקה יוגורט,,IL,אירן משקה יוגורט,מיליליטרים,500.00,"100 מ""ל",false,0,7.80,1.56,true,1,
7290004068172,false,יוגורט עזים בדלי,,IL,יוגורט עזים בדלי,גרמים,600.00,100 גרם,false,0,16.90,2.82,true,1,
7290004068189,false,יוגורט לבן בדלי,,IL,יוגורט לבן בדלי,גרמים,600.00,100 גרם,false,0,11.30,1.88,true,1,
7290004068332,false,גבינת קממבר בקר,,IL,גבינת קממבר בקר,קילוגרמים,0.00,"ק""ג",true,0,114.00,114.00,true,1,
7290004078225,false,מי פה קולג.פלקס ירוק500מ,קולגייט-פלמוליב,BR,מי פה קולגייט,מיליליטרים,500.00,"100 מ""ל",false,0,31.60,6.32,true,1,
7290004078270,false,פלמוליב לכלים לימון1ליטר,קולגייט-פלמוליב,GR,פלמוליב לכלים,ליטרים,1.00,ליטר,false,0,12.70,12.70,true,1,
7290004078379,false,קולגייט טוטל פסים מ.ש100,קולגייט-פלמוליב,PL,משחת שיניים,מיליליטרים,100.00,"100 מ""ל",false,0,14.90,14.90,true,1,
7290004078942,false,ליידי ס.סטיק ג'ל מרענן,קולגייט-פלמוליב,US,דאודורנט,גרמים,65.00,100 גרם,false,0,18.90,29.08,true,1,
7290004085513,false,סט יעה פסטל,המברשת רוחמה,IL,סט יעה פסטל,יחידה,1.00,יחידה,false,0,18.10,18.10,true,1,
7290004086664,false,ק.רחצה ניואה ש.אבוקדו750,ביירסדורץ,DE,קרם רחצה ניוואה,מיליליטרים,750.00,"100 מ""ל",false,0,15.00,2.00,true,1,
7290004119133,false,יוגורט בכד6.5% 1.5 ליטר,תנובה,IL,יוגורט בכד,ליטרים,1.50,ליטר,false,0,16.40,10.93,true,1,
7290004119225,false,יופלה אננס 3% 150 גרם,תנובה,IL,יופלה אננס 3%,גרמים,150.00,100 גרם,false,0,5.00,3.33,true,1,
7290004119928,false,מעדן קרלו וניל 3% 125 גר,תנובה,IL,מעדן קרלו וניל3%,גרמים,125.00,100 גרם,false,0,2.80,2.24,true,1,
7290004119973,false,מעדן שוקו קרלו3% 125גרם,תנובה,IL,קרלו שוקולדה,גרמים,125.00,100 גרם,false,0,2.80,2.24,true,1,
7290004120061,false,"מעדן קרלו שוניל3% 125מ""ל",תנובה,IL,מעדן קרלו שוניל,גרמים,125.00,100 גרם,false,0,2.90,2.32,true,1,
7290004120108,false,יופלה דובדבן 0% 150 גרם,תנובה,IL,יופלה דיאט 0%,גרמים,150.00,100 גרם,false,0,5.00,3.33,true,1,
7290004120566,false,גב.בולגרית פיראוס24% 250,תנובה,IL,גבינה בולגרית24%,גרמים,250.00,100 גרם,false,0,21.90,8.76,true,1,
7290004120573,false,גב.בולגרית פיראוס16% 250,תנובה,IL,גבינה בולגרית16%,גרמים,250.00,100 גרם,false,0,21.90,8.76,true,1,
7290004120634,false,גב.בולגרית פיראוס5% 250ג,תנובה,IL,גבינה בולגרית5%,גרמים,250.00,100 גרם,false,0,21.90,8.76,true,1,
7290004120832,false,חלב שתיה 3%,,IL,חלב שתיה 3%,ליטרים,2.00,ליטר,false,0,11.50,5.75,true,1,
7290004121488,false,יופלה דיאט אפרסק 150 גרם,תנובה,IL,יופלה דיאט אפרסק,גרמים,150.00,100 גרם,false,0,5.00,3.33,true,1,
7290004121525,false,יופלה אפרסק+תות3% 150*8ג,תנובה,IL,יופלה 3% 8 יח',קילוגרמים,1.20,"ק""ג",false,0,29.90,24.92,true,1,
7290004121754,false,יופלה קרם גב.ותות3% 150ג,תנובה,IL,יופלה קרם גבינה,גרמים,150.00,100 גרם,false,0,5.00,3.33,true,1,
7290004121839,false,גבינת פטה פיראוס20% 250ג,תנובה,IL,גבינת פטה כבשים,גרמים,250.00,100 גרם,false,0,25.90,10.36,true,1,
7290004121853,false,פיראוס קוב.בולגרית5% 200,תנובה,IL,קוביות בולגרית5%,גרמים,200.00,100 גרם,false,0,20.50,10.25,true,1,
7290004121945,false,חלב תנובה 2%,,IL,חלב תנובה 2%,ליטרים,1.50,ליטר,false,0,8.40,5.60,true,1,
7290004122089,false,פתיתי גבינת עמק 200 גרם,תנובה,IL,פתיתי גבינת עמק,גרמים,200.00,100 גרם,false,0,13.90,6.95,true,1,
7290004122119,false,פתיתי פרמזן לפסטה 100גרם,תנובה,IL,פתיתי פרמזן,גרמים,100.00,100 גרם,false,0,11.80,11.80,true,1,
7290004122195,false,גוש חלב פרוס28% 200מהדרי,תנובה,IL,גבינה גוש חלב,גרמים,200.00,100 גרם,false,0,13.50,6.75,true,1,
7290004122270,false,עמק פרוס סגירה חוזרת 200,תנובה,IL,גבינת עמק פרוס,גרמים,200.00,100 גרם,false,0,15.20,7.60,true,1,
7290004122348,false,גב.עמק לייט9% שומן 200גר,תנובה,IL,גבינת עמק לייט,גרמים,200.00,100 גרם,false,0,15.90,7.95,true,1,
7290004122560,false,פתיתי עמק השף הלבן 500גר,תנובה,IL,פתיתי גבינת עמק,גרמים,500.00,100 גרם,false,0,32.00,6.40,true,1,
7290004122607,false,גבינת עמק לייט 9% במשקל,תנובה,IL,גבינת עמק לייט 9% במשקל,קילוגרמים,0.00,"ק""ג",true,0,68.00,68.00,true,1,
7290004122676,false,גבינת חמד לייט 5% 250 גר,תנובה,IL,גבינת חמד לייט5%,גרמים,250.00,100 גרם,false,0,16.90,6.76,true,1,
7290004122683,false,אצבעות עמק חטיף גבינה172,תנובה,IL,אצבעות עמק,גרמים,172.00,100 גרם,false,0,15.90,9.24,true,1,
7290004123284,false,גב.לבנה רכה5%ללא מלח250ג,תנובה,IL,גבינה לבנה רכה5%,גרמים,250.00,100 גרם,false,0,4.60,1.84,true,1,
7290004124205,false,יופלה דיאט תות0% 150 גר,תנובה,IL,יופלה דיאט תות0%,גרמים,150.00,100 גרם,false,0,5.00,3.33,true,1,
7290004124847,false,קצפת צמחית השף הלבן500מל,תנובה,IL,קצפת צמחית,מיליליטרים,500.00,"100 מ""ל",false,0,16.40,3.28,true,1,
7290004124892,false,יופלה פירות יבשים4% 150ג,תנובה,IL,יופלה פירות יבש.,גרמים,150.00,100 גרם,false,0,5.00,3.33,true,1,
7290004125370,false,שמנת חמוצה 9% שומן 200מל,תנובה,IL,שמנת חמוצה 9%,מיליליטרים,200.00,"100 מ""ל",false,0,3.40,1.70,true,1,
7290004125400,false,"אשל מהדרין 4.5% 200 מ""ל",תנובה,IL,אשל 4.5% שומן,מיליליטרים,200.00,"100 מ""ל",false,0,1.55,0.78,true,1,
7290004125417,false,"גיל 3% מהדרין 200מ""ל",תנובה,IL,גיל לבן 3%שומן,מיליליטרים,200.00,"100 מ""ל",false,0,1.40,0.70,true,1,
7290004125455,false,שמנת תנובה 15%שומן200מל,תנובה,IL,שמנת תנובה 15%,מיליליטרים,200.00,"100 מ""ל",false,0,2.20,1.10,true,1,
7290004125462,false,שמנת חמוצה 15%שומן500מל,תנובה,IL,שמנת חמוצה 15%,מיליליטרים,500.00,"100 מ""ל",false,0,5.50,1.10,true,1,
7290004125509,false,שמנת חמוצה 15% 100מל,תנובה,IL,שמנת חמוצה,מיליליטרים,100.00,"100 מ""ל",false,0,1.70,1.70,true,1,
7290004125578,false,'משקה סויה מועשר בסידן1ל,תנובה,IL,משקה סויה,ליטרים,1.00,ליטר,false,0,10.90,10.90,true,1,
7290004125585,false,משקה סויה על הבוקר 1ליטר,תנובה,IL,משקה סויה על הבוקר 1ליטר,ליטרים,1.00,ליטר,false,0,10.90,10.90,true,1,
7290004125653,false,מש.סויה עמיד מועשר סידן1,תנובה,IL,משקה סויה עמיד,ליטרים,1.00,ליטר,false,0,9.90,9.90,true,1,
7290004125721,false,שמנת בישול-15%שף לבן250מ,תנובה,IL,שמנת לבישול15%,מיליליטרים,250.00,"100 מ""ל",false,0,8.10,3.24,true,1,
7290004125738,false,שמנת להקצפה-32%שף לבן250,תנובה,IL,שמנת להקצפה32%,מיליליטרים,250.00,"100 מ""ל",false,0,6.50,2.60,true,1,
7290004125776,false,גב.עמק פרוס% 28קופסא400ג,תנובה,IL,גבינת עמק פרוס,גרמים,400.00,100 גרם,false,0,28.30,7.08,true,1,
7290004126650,false,גבינה צפתית 5% משקל,תנובה,IL,גבינה צפתית 5% משקל,קילוגרמים,0.00,"ק""ג",true,0,58.00,58.00,true,1,
7290004126674,false,גבינה טל העמק לייט 200גר,תנובה,IL,גבינה טל העמק,גרמים,200.00,100 גרם,false,0,17.60,8.80,true,1,
7290004126759,false,יופלה פירות יער0% 150 גר,תנובה,IL,יופלה דיאט,גרמים,150.00,100 גרם,false,0,5.00,3.33,true,1,
7290004126872,false,"שוקו תנובה בקבוק 250 מ""ל",תנובה,IL,שוקו בקבוק,מיליליטרים,250.00,"100 מ""ל",false,0,5.20,2.08,true,1,
7290004127077,false,קוטג' תנובה 3% שומן 250,תנובה,IL,קוטג' 3% שומן,גרמים,250.00,100 גרם,false,0,5.50,2.20,true,1,
7290004127329,false,קוטג' 5% 250 גרם בעלז,תנובה,IL,קוטג' תנובה 5%,גרמים,250.00,100 גרם,false,0,5.50,2.20,true,1,
7290004127336,false,קוטג' תנובה 9% שומן 250,תנובה,IL,קוטג' תנובה 9%,גרמים,250.00,100 גרם,false,0,5.50,2.20,true,1,
7290004127800,false,גב.לבנה 5% שומן 500 גרם,תנובה,IL,גבינה לבנה 5%,גרמים,500.00,100 גרם,false,0,9.20,1.84,true,1,
7290004127817,false,גב.לבנה 9% שומן 500 גרם,תנובה,IL,גבינה לבנה 9%,גרמים,500.00,100 גרם,false,0,9.20,1.84,true,1,
7290004127862,false,גבינה לבנה 5% 750 גרם,תנובה,IL,גבינה לבנה 5%,גרמים,750.00,100 גרם,false,0,13.80,1.84,true,1,
7290004127916,false,גבינה תנובה0.5%שומן 500ג,תנובה,IL,גבינה 0.5%,גרמים,500.00,100 גרם,false,0,8.90,1.78,true,1,
7290004128272,false,גבינה אדם לייט9% 200 גרם,תנובה,IL,גבינה אדם לייט,גרמים,200.00,100 גרם,false,0,18.30,9.15,true,1,
7290004128333,false,לבנה 9% פיראוס 500 גרם,תנובה,IL,לבנה פיראוס 9%,גרמים,500.00,100 גרם,false,0,19.70,3.94,true,1,
7290004128340,false,גבינת קרם ט.טבעי 5% 200ג,תנובה,IL,גבינת שמנת,גרמים,200.00,100 גרם,false,0,10.80,5.40,true,1,
7290004128364,false,גב.שמנת עם זיתים 5% 200ג,תנובה,IL,גבינת שמנת זיתים,גרמים,200.00,100 גרם,false,0,10.80,5.40,true,1,
7290004128432,false,פתיתי גבינה השף הלבן500ג,תנובה,IL,פתיתי גבינה,גרמים,500.00,100 גרם,false,0,21.90,4.38,true,1,
7290004129101,false,גב.נפולאון טעם טבעי 225ג,תנובה,IL,גבינת נפוליאון,גרמים,225.00,100 גרם,false,0,13.60,6.04,true,1,
7290004129118,false,גב.נפולאון טעם זיתים225ג,תנובה,IL,גבינת נפוליאון,גרמים,225.00,100 גרם,false,0,13.60,6.04,true,1,
7290004129156,false,גב.נפולאון שום-שמיר 225ג,תנובה,IL,גבינת נפוליאון,גרמים,225.00,100 גרם,false,0,13.60,6.04,true,1,
7290004129545,false,גבינה למריחה 3% 250 גרם,תנובה,IL,גבינה לבנה 3%,גרמים,250.00,100 גרם,false,0,4.60,1.84,true,1,
7290004129668,false,יופלה+מכסה פצפוצי שוק167,תנובה,IL,יופלה+פצפוצי שוק,גרמים,167.00,100 גרם,false,0,5.20,3.11,true,1,
7290004129736,false,יופלה לבן מעודן1.5% 200ג,תנובה,IL,יופלהלבן מעודן,גרמים,200.00,100 גרם,false,0,4.10,2.05,true,1,
7290004129767,false,יופלה לבן 3% 150*8גרם,תנובה,IL,יופלה לבן 3%,קילוגרמים,1.20,"ק""ג",false,0,17.90,14.92,true,1,
7290004130695,false,משקה אייס קפה בקבוק1ליטר,תנובה,IL,משקה אייס קפה,ליטרים,1.00,ליטר,false,0,10.00,10.00,true,1,
7290004130794,false,משקה סויה במתיקות מופחתת,תנובה,IL,משקה סויה,ליטרים,1.00,ליטר,false,0,9.90,9.90,true,1,
7290004130916,false,יופלה פירות יער+שמנת150ג,תנובה,IL,יופלה פירות יער,גרמים,150.00,100 גרם,false,0,5.00,3.33,true,1,
7290004131074,false,חלב בקרטון 3% שומן 1 ל',תנובה,IL,חלב בקרטון 3%,ליטרים,1.00,ליטר,false,0,5.75,5.75,true,1,
7290004131227,false,גבינה לבנה3% 500 גרם,תנובה,IL,גבינה לבנה 3%,גרמים,500.00,100 גרם,false,0,9.20,1.84,true,1,
7290004131296,false,חלב אורגני 3% בקרטון 1 ל,הרדוף,IL,חלב אורגני 3% בקרטון 1 ל,ליטרים,1.00,ליטר,false,0,11.90,11.90,true,1,
7290004131432,false,יופלה ביו לבן 3% 200 גרם,תנובה,IL,יופלה לבן 3%,גרמים,200.00,100 גרם,false,0,3.80,1.90,true,1,
7290004131456,false,יופלה לבן 1.5% 200 גרם,תנובה,IL,יופלה לבן 1.5%,גרמים,200.00,100 גרם,false,0,3.90,1.95,true,1,
7290004131531,false,שוקו תנובה בקבוק 1 ליטר,תנובה,IL,שוקו בקבוק,ליטרים,1.00,ליטר,false,0,10.00,10.00,true,1,
7290004131654,false,יופלה תותים בשמנת3% 150ג,תנובה,IL,יופלה תותים 3%,גרמים,150.00,100 גרם,false,0,5.00,3.33,true,1,
7290004131814,false,פיראוס צפתית מעוד5% 200ג,תנובה,IL,פיראוס צפתית5%,גרמים,200.00,100 גרם,false,0,14.90,7.45,true,1,
7290004132231,false,חלב פלוס לקפה 3.5% שומן,תנובה,IL,חלב פלוס לקפה,מיליליטרים,800.00,"100 מ""ל",false,0,6.50,0.81,true,1,
7290004132507,false,יופלה+מכסה דגנים מצופה,תנובה,IL,יופלה עם מכסה,גרמים,167.00,100 גרם,false,0,5.20,3.11,true,1,
7290004132514,false,משקה בננה בקבוק 1 ל',תנובה,IL,משקה שוק בננה,ליטרים,1.00,ליטר,false,0,10.00,10.00,true,1,
7290004132552,false,משקה סויה ט.טבעי לייט 1ל,תנובה,IL,משקה סויה,ליטרים,1.00,ליטר,false,0,10.90,10.90,true,1,
7290004132699,false,ממרחמאה מוקצף 140 גרם,תנובה,IL,ממרחמאה מוקצף,גרמים,140.00,100 גרם,false,0,8.80,6.29,true,1,
7290004132712,false,חטיפ.מוצרלה אצבעות21.5*8,תנובה,IL,חטיפי מוצרלה,גרמים,172.00,100 גרם,false,0,15.90,9.24,true,1,
7290004133009,false,"קרם צמחי לבישול 250 מ""ל",תנובה,IL,קרם צמחי לבישול,מיליליטרים,250.00,"100 מ""ל",false,1,9.50,3.80,true,1,
7290004133108,false,יופלה לבן+מכסה גרנולה170,תנובה,IL,יופלה עם מכסה,גרמים,170.00,100 גרם,false,0,5.10,3.00,true,1,
7290004133207,false,יופלה לבן 0% שומן 200גרם,תנובה,IL,יופלה לבן 0%שומן,גרמים,200.00,100 גרם,false,0,3.80,1.90,true,1,
7290004133511,false,יופלה לבן מעוד1.5% 150*8,תנובה,IL,יופלה מעודן 8 יח,קילוגרמים,1.20,"ק""ג",false,0,16.90,14.08,true,1,
7290004133627,false,חלב על הבוקר וניל 3% 1 ל,תנובה,IL,חלב על הבוקר 3%,ליטרים,1.00,ליטר,false,0,7.90,7.90,true,1,
7290004133900,false,קצפת צמחית השף הלבן250מל,תנובה,IL,קצפת צמחית,מיליליטרים,250.00,"100 מ""ל",false,0,9.00,3.60,true,1,
7290004134198,false,"משקה בננה בקבוק 250 מ""ל",תנובה,IL,משקה בננה בקבוק,מיליליטרים,250.00,"100 מ""ל",false,0,5.20,2.08,true,1,
7290004134945,false,יופלה מוקה 3% שומן 150 ג,תנובה,IL,יופלה מוקה 3%,גרמים,150.00,100 גרם,false,0,5.00,3.33,true,1,
7290004134983,false,פרוסות גבינת עמק 5% 200ג,תנובה,IL,גבינת עמק 5%,גרמים,200.00,100 גרם,false,0,17.20,8.60,true,1,
7290004135058,false,מיני קרלו שוקולד 100*8גר,תנובה,,קרלו שוקולד 8 יח,גרמים,800.00,100 גרם,false,0,13.20,1.65,true,1,
7290004135225,false,מעדן דיאט שוקולד 0% 150ג,תנובה,IL,מעדן דיאט שוקולד,גרמים,150.00,100 גרם,false,0,3.80,2.53,true,1,
7290004135232,false,מעדן דיאט וניל0% 150 גרם,תנובה,IL,מעדן דיאט וניל,גרמים,150.00,100 גרם,false,0,3.80,2.53,true,1,
7290004135324,false,פיראוס בולגרית מע5%משקל,תנובה,IL,פיראוס בולגרית מע5%משקל,קילוגרמים,0.00,"ק""ג",true,0,39.00,39.00,true,1,
7290004135614,false,בולג.מעוד.פיראוס 5% 250ג,תנובה,IL,בולגרית פיראוס5%,גרמים,250.00,100 גרם,false,0,17.90,7.16,true,1,
7290004135621,false,בולג. מעוד.פיראוס 2503%ג,תנובה,IL,בולגרית פיראוס3%,גרמים,250.00,100 גרם,false,0,17.90,7.16,true,1,
7290004136130,false,"שוקו תנובה בקבוק 340 מ""ל",תנובה,IL,שוקו תנובה בקבוק,מיליליטרים,340.00,"100 מ""ל",false,0,6.30,1.85,true,1,
7290004136154,false,משקה אייס קפה בקבוק340מל,תנובה,IL,משקה אייס קפה,מיליליטרים,340.00,"100 מ""ל",false,0,6.30,1.85,true,1,
7290004136192,false,מילק שייק פונץ בננה 250מ,תנובה,IL,מילק שייק פונץ,מיליליטרים,250.00,"100 מ""ל",false,0,5.80,2.32,true,1,
7290004136598,false,מארז הפסקת אוכל,תנובה,IL,חלב עם דגנים,יחידה,1.00,יחידה,false,0,8.80,8.80,true,1,
7290004136857,false,מעדן ג'לי פטל 125 גרם,תנובה,IL,מעדן ג'לי פטל,גרמים,125.00,100 גרם,false,0,2.30,1.84,true,1,
7290004137021,false,שמנת לבישול 10%שומן250מ,תנובה,IL,שמנת לבישול10%,מיליליטרים,250.00,"100 מ""ל",false,0,8.10,3.24,true,1,
7290004137311,false,עמק לייט משפחתית 400 גרם,תנובה,IL,גבינת עמק לייט,גרמים,400.00,100 גרם,false,0,29.80,7.45,true,1,
7290004165017,false,"רסק תפו""ע בלי סוכר560גרם",זנלכל,IL,"רסק תפו""ע בלי סוכר560גרם",גרמים,560.00,100 גרם,false,0,5.90,1.05,true,1,
7290004193065,false,רבע כבש מחולק טרי עטרה,נטו,IL,רבע כבש מחולק,קילוגרמים,0.00,"ק""ג",true,1,79.90,79.90,true,1,
7290004199166,false,כפפות לטקס איזי טאץ100יח,LTD G.G.CO,IL,כפפות לטקס,יחידה,1.00,יחידה,false,0,23.90,23.90,true,1,
7290004199173,false,כפפות לטקס איזי טאץ100יח,LTD G.G.CO,TH,כפפות לטקס,יחידה,1.00,יחידה,false,0,23.90,23.90,true,1,
7290004199180,false,כפפות לטקס איזי טאץ100יח,LTD G.G.CO,TH,כפפות לטקס,יחידה,1.00,יחידה,false,0,23.90,23.90,true,1,
7290004219819,false,מלבין קפה,,NL,מלבין קפה,גרמים,200.00,100 גרם,false,0,9.90,4.95,true,1,
7290004225025,false,סגנון פטה,,IL,סגנון פטה,קילוגרמים,0.00,"ק""ג",true,0,35.00,35.00,true,1,
7290004225278,false,בסגנון דנבלו 28% במשקל,,IL,בסגנון דנבלו 28% במשקל,קילוגרמים,0.00,"ק""ג",true,0,88.00,88.00,true,1,
7290004225513,false,כתף מיושן אלגאוצ'ו קג,אלגרצ'ו,IL,כתף מיושן אלגאוצ'ו קג,קילוגרמים,0.00,"ק""ג",true,0,59.90,59.90,true,1,
7290004225537,false,ס.אנטריקוט מיושן א.ג קג,אלגרצ'ו,IL,אנטריקוט מיושןאג,קילוגרמים,0.00,"ק""ג",true,0,99.90,99.90,true,1,
7290004225582,false,שריר מיושן אל גאוצ'ו קג,אלגרצ'ו,IL,שריר מיושן אל גאוצ'ו קג,קילוגרמים,0.00,"ק""ג",true,0,54.90,54.90,true,1,
7290004230067,false,פיצה משפחתית שגב 350גרם,שגב,IL,פיצה משפחתית שגב,גרמים,350.00,100 גרם,false,1,16.90,4.83,true,1,
7290004230074,false,קציצות דג ברוטב עגבניות,שגב,IL,קציצות דג ברוטב,גרמים,800.00,100 גרם,false,0,34.60,4.33,true,1,
7290004230081,false,קציצות עוף ברוטב עגבניות,שגב,IL,קציצות עוף ברוטב,גרמים,800.00,100 גרם,false,0,34.60,4.33,true,1,
7290004230098,false,רוטב בולונז 700 גרם,שגב,IL,רוטב בולנז,גרמים,700.00,100 גרם,false,0,40.00,5.71,true,1,
7290004230104,false,קציצות בקר ברוטב עגבניות,שגב,IL,קציצות בקר ברוטב,גרמים,800.00,100 גרם,false,14,34.60,4.33,true,1,
7290004230265,false,שוארמה מזרחית שגב 500גרם,שגב,IL,שוארמה מזרחית,גרמים,500.00,100 גרם,false,1,39.60,7.92,true,1,
7290004230296,false,מקלות בורקס פילו גבינה,נטו,IL,מקלות בורקס פילו,גרמים,600.00,100 גרם,false,1,20.70,3.45,true,1,
7290004230357,false,מקלות בורקס פילו בטטה,שגב,IL,מקלות בורקס,גרמים,600.00,100 גרם,false,0,20.70,3.45,true,1,
7290004230364,false,מקלות בורקס פילו צרפתי 6,שגב,IL,מקלות בורקס פילו צרפתי 6,גרמים,600.00,100 גרם,false,0,20.70,3.45,true,1,
7290004230470,false,סופלה שוקולד בלגי 360 גר,שגב,IL,סופלה שוקולד בלגי 360 גר,גרמים,360.00,100 גרם,false,0,18.70,5.19,true,1,
7290004230944,false,מקלות בורקס פילו גבינה 6,שלושת האופים,IL,מקלות בורקס,גרמים,600.00,100 גרם,false,0,20.70,3.45,true,1,
7290004233198,false,מציות מרוקאיות במשקל,גידרון,IL,מציות מרוקאיות,קילוגרמים,0.00,"ק""ג",true,0,35.00,35.00,true,1,
7290004233372,false,עוגיות שטרודל בוטנים לקג,גידרון,,עוגיות שטרודל בו,קילוגרמים,0.00,"ק""ג",true,0,30.00,30.00,true,1,
7290004320386,false,"אנטריקוט ע""ע ע.חלב מיושן",נטו,IL,"אנטריקוט ע""ע ע.ח",קילוגרמים,0.00,"ק""ג",true,0,79.90,79.90,true,1,
7290004323882,false,טחון הודו אדום 500 גרם,טיבון ויל - נטו,IL,טחון הודו אדום 500 גרם,גרמים,500.00,100 גרם,false,0,14.80,2.96,true,1,
7290004324605,false,גב.מון בלאן רוקפור7% 120,מאיר עזרא ובניו,IL,גבינת מון בלאן7%,גרמים,120.00,100 גרם,false,0,11.50,9.58,true,1,
7290004324858,false,קבב בטעם כבש 500 גרם,טיבון ויל - נטו,IL,קבב בטעם כבש,גרמים,500.00,100 גרם,false,0,19.70,3.94,true,1,
7290004369620,false,לדר 100גרם,ששון,IL,לדר 100גרם,גרמים,100.00,100 גרם,false,0,10.00,10.00,true,1,
7290004386825,false,שעועית אפויה,,IL,שעועית אפויה,גרמים,420.00,100 גרם,false,0,9.00,2.14,true,1,
7290004485191,false,"עוף טבעי שלם ארוז ק""ג",שונות,IL,עוף טבעי שלם ארו,קילוגרמים,0.00,"ק""ג",true,0,26.90,26.90,true,1,
7290004485207,false,"חזה עוף טבעי ארוז ק""ג",שונות,IL,"חזה עוף טבעי ארוז ק""ג",קילוגרמים,0.00,"ק""ג",true,0,43.90,43.90,true,1,
7290004485221,false,"שניצל עוף טבעי ארוז ק""ג",שונות,IL,"שניצל עוף טבעי ארוז ק""ג",קילוגרמים,0.00,"ק""ג",true,0,45.90,45.90,true,1,
7290004485238,false,סטייק פרגית ע.ארוז קג,שונות,IL,סטייק פרגית ע.ארוז קג,קילוגרמים,0.00,"ק""ג",true,0,69.90,69.90,true,1,
7290004485245,false,"כרעיים עוף טבעי ארוז ק""ג",שונות,IL,"כרעיים עוף טבעי ארוז ק""ג",קילוגרמים,0.00,"ק""ג",true,0,39.60,39.60,true,1,
7290004485252,false,"שוקיים ע.טבעי ארוז ק""ג",שונות,IL,"שוקיים ע.טבעי ארוז ק""ג",קילוגרמים,0.00,"ק""ג",true,0,43.90,43.90,true,1,
7290004485276,false,"כנפיים עוףטבעי ארוז ק""ג",שונות,IL,"כנפיים עוףטבעי ארוז ק""ג",קילוגרמים,0.00,"ק""ג",true,0,13.90,13.90,true,1,
7290004485306,false,פרגית טרי במגש קג,שונות,IL,פרגית טרי מגש,קילוגרמים,0.00,"ק""ג",true,0,39.90,39.90,true,1,
7290004492311,false,בייגלה שמיניות לל.מלח400,יוניליוור,IL,בייגלה גדול,גרמים,400.00,100 גרם,false,0,13.80,3.45,true,1,
7290004492342,false,נישנושים קוקטייל מלח350ג,גוצ'מולר,IL,נישנושים מלוח,גרמים,350.00,100 גרם,false,0,9.90,2.83,true,1,
7290004492755,false,נישנושים בצל שמנת 300גרם,גוצ'מולר,IL,נישנושים בצל,גרמים,300.00,100 גרם,false,0,9.90,3.30,true,1,
7290004492762,false,נישנושים תירס 325 גרם,גוצ'מולר,IL,נישנושים תירס,גרמים,325.00,100 גרם,false,0,9.90,3.05,true,1,
7290004492779,false,נישנושים זעתר 300 גרם,גוצ'מולר,IL,נישנושים זעתר,גרמים,300.00,100 גרם,false,0,9.90,3.30,true,1,
7290004492816,false,נישנושים מלוח 350 גרם,גוצ'מולר,IL,נישנושי קרקר,גרמים,350.00,100 גרם,false,0,9.90,2.83,true,1,
7290004492854,false,נישנושים קוקט.שומשום350ג,גוצ'מולר,IL,נישנושים,גרמים,350.00,100 גרם,false,0,9.90,2.83,true,1,
7290004536022,false,כפפות ספונטקס,,FR,כפפות ספונטקס,יחידה,1.00,יחידה,false,0,6.70,6.70,true,1,
7290004536039,false,כפפות ספונטקס,,MY,כפפות ספונטקס,יחידה,1.00,יחידה,false,0,6.70,6.70,true,1,
7290004554354,false,גל.פנטסיה שוקו-וניל חלבי,שטראוס,IL,גל.פנטסיה שוקו-וניל חלבי,ליטרים,1.00,ליטר,false,0,23.30,23.30,true,1,
7290004554903,false,גל.פנטזיה פרווה 1 ליטר,שטראוס,IL,גל.פנטזיה פרווה 1 ליטר,מיליליטרים,1000.00,"100 מ""ל",false,0,23.30,2.33,true,1,
7290004584306,false,סופר גמדים תות בננה100*4,שטראוס,IL,סופר גמדים 4 יח,גרמים,400.00,100 גרם,false,0,11.50,2.88,true,1,
7290004584351,false,גב.סימפוניה 5% 200 גרם,שטראוס,IL,גבינת סימפוניה,גרמים,200.00,100 גרם,false,0,10.00,5.00,true,1,
7290004584528,false,יוגורט ביו 1.7%דנונה200ג,שטראוס,IL,יוגורט ביו 1.7%,גרמים,200.00,100 גרם,false,0,3.60,1.80,true,1,
7290004585907,false,דני וניל 1.5% שומן 125 ג,שטראוס,IL,דני וניל 1.5%,גרמים,125.00,100 גרם,false,0,2.60,2.08,true,1,
7290004603175,false,מלח ים גס 500 גרם,תעשיות מלח לישראל,IL,מלח ים גס,גרמים,500.00,100 גרם,false,0,7.30,1.46,true,1,
7290004611590,false,עוף טרי מחולק,שונות,IL,עוף טרי מחולק,קילוגרמים,0.00,"ק""ג",true,0,21.90,21.90,true,1,
7290004611682,false,שוקיים עוף בגריל מחיר לפ,שונות,IL,שוקיים עוף בגר,קילוגרמים,0.00,"ק""ג",true,0,49.50,49.50,true,1,
7290004685010,false,לחם 100% שיפון קל 500 גר,מאפית ברמן,IL,לחם 100% שיפון קל 500 גר,גרמים,500.00,100 גרם,false,0,14.90,2.98,true,1,
7290004685027,false,לחם מחיטה מלאה קל 500 גר,מאפית ברמן,IL,לחם מחיטה מלאה קל 500 גר,גרמים,500.00,100 גרם,false,0,14.90,2.98,true,1,
7290004685089,false,לחם חמניות 500 גרם,מאפית ברמן,IL,לחם חמניות 500 גרם,גרמים,500.00,100 גרם,false,0,14.90,2.98,true,1,
7290004685157,false,לחם שיפון 100%פרוס 750ג,מאפית ברמן,IL,לחם שיפון 100%פרוס 750ג,גרמים,750.00,100 גרם,false,0,14.90,1.99,true,1,
7290004685195,false,לחם 10 דגנים פרוס 750גרם,מאפית ברמן,IL,לחם 10 דגנים פרוס 750גרם,גרמים,750.00,100 גרם,false,0,14.90,1.99,true,1,
7290004685201,false,לחם הארץ שיפון אגוזים500,מאפית ברמן,IL,לחם הארץ שיפון אגוזים500,גרמים,500.00,100 גרם,false,0,14.90,2.98,true,1,
7290004685225,false,לחם פומפרניקל 750 גרם,מאפית ברמן,IL,לחם פומפרניקל 750 גרם,גרמים,750.00,100 גרם,false,0,14.90,1.99,true,1,
7290004685232,false,לחם שאור ללא שמרים 750גר,מאפית ברמן,IL,לחם שאור ללא שמרים 750גר,גרמים,750.00,100 גרם,false,0,14.90,1.99,true,1,
7290004731076,false,אל סבון כיף אלוורה 1ליטר,קוסמופארם,IL,אל סבון כיף,ליטרים,1.00,ליטר,false,0,10.00,10.00,true,1,
7290004731083,false,אל סבון כיף ג'ינסנג1ליטר,קוסמופארם,IL,אל סבון כיף,ליטרים,1.00,ליטר,false,0,10.00,10.00,true,1,
7290004731298,false,קרמה ספא אלסבון וניל500מ,קוסמופארם,IL,קרמה ספא אלסבו,מיליליטרים,500.00,"100 מ""ל",false,0,10.00,2.00,true,1,
7290004731410,false,סנו סושי3כרית קרצוף ירוק,סנו,IL,סנו סושי ענק 3,יחידה,1.00,יחידה,false,0,8.50,8.50,true,1,
7290004731816,false,מגבות הפלא,,,מגבות הפלא,מטרים,84.00,מטר,false,0,11.90,0.14,true,1,
7290004737443,false,קוקטייל פירות,,CN,קוקטייל פירות,גרמים,820.00,100 גרם,false,0,7.90,0.96,true,1,
7290004737900,false,חלב כחוש מרוכז,,LT,חלב כחוש מרוכז,גרמים,397.00,100 גרם,false,0,8.80,2.22,true,1,
7290004861056,false,גבינה צפתית 5% במשקל,מחלבת מושבה,IL,גבינה צפתית 5% במשקל,קילוגרמים,0.00,"ק""ג",true,0,55.00,55.00,true,1,
7290004861070,false,גב.צפתית קשה 24% במשקל,מחלבת מושבה,IL,גב.צפתית קשה 24% במשקל,קילוגרמים,0.00,"ק""ג",true,0,78.00,78.00,true,1,
7290004923099,false,עין גדי מים מינרל. 2*6 ל,עין גדי מיים מינרלים,IL,מים עין גדי 6 יח,ליטרים,12.00,ליטר,false,0,10.90,0.91,true,1,
7290004952778,false,טופו אורגני-הרדוף 300גרם,הרדוף,IL,טופו אורגני-הרדוף 300גרם,גרמים,300.00,100 גרם,false,0,14.40,4.80,true,1,
7290004982355,false,טריפל צ'דר במשקל,כושר דיירי,GB,גבינת צ'דר,קילוגרמים,0.00,"ק""ג",true,1,119.00,119.00,true,1,
7290005008153,false,3 מברשות קולגייט זיג זג,קולגייט-פלמוליב,VN,3 מברשות שיניים,יחידה,1.00,יחידה,false,0,21.80,21.80,true,1,
7290005008191,false,פלמולי.נוז.ארומה-סגול500,קולגייט-פלמוליב,IT,סב.נוזלי פלמוליב,מיליליטרים,500.00,"100 מ""ל",false,0,14.90,2.98,true,1,
7290005008481,false,דאו.ספיד סטיק ג'ל ספורט,קולגייט-פלמוליב,US,דאודורנט,גרמים,85.00,100 גרם,false,0,18.90,22.24,true,1,
7290005041129,false,קבב ג'מבו מזרחי 1קג,מעדני הטלה,IL,קבב ג'מבו מזרחי,גרמים,1000.00,100 גרם,false,0,57.40,5.74,true,1,
7290005041136,false,קבב ג'מבו רומני 1קג,מעדני הטלה,IL,קבב ג'מבו רומני 1קג,גרמים,1000.00,100 גרם,false,0,57.40,5.74,true,1,
7290005041167,false,"קבב עגל\כבש 1ק""ג",מעדני הטלה,IL,קבב עגל\כבש,גרמים,1000.00,100 גרם,false,7,57.40,5.74,true,1,
7290005041198,false,קבב ביתי 1קג,מעדני הטלה,IL,קבב ביתי,גרמים,1000.00,100 גרם,false,0,57.40,5.74,true,1,
7290005068058,false,תירס קל 550 גרם,פרי גליל,IL,תירס קל,גרמים,550.00,100 גרם,false,0,7.70,1.40,true,1,
7290005079221,false,בולגרית מעודנת5% משקל,משק צוריאל תבור,IL,בולגרית מעודנת5% משקל,קילוגרמים,0.00,"ק""ג",true,0,58.00,58.00,true,1,
7290005079238,false,פטה עיזים מעודנת16% משקל,משק צוריאל תבור,IL,פטה עיזים מעודנת16% משקל,קילוגרמים,0.00,"ק""ג",true,0,79.00,79.00,true,1,
7290005079290,false,נעם גבינה צהובה15% משקל,טרה,IL,גב.צהובה נעם15%,קילוגרמים,0.00,"ק""ג",true,1,63.00,63.00,true,1,
7290005079320,false,בולגרית 24% במשקל,משק צוריאל תבור,IL,גבינה בולגרית,קילוגרמים,0.00,"ק""ג",true,1,55.00,55.00,true,1,
7290005082979,false,חלת דגנים קלועה 560 גרם,גידרון,IL,חלת דגנים קלועה,גרמים,560.00,100 גרם,false,0,10.90,1.95,true,1,
7290005084355,false,משח.סנסודיין דואל קייר75,דנאגיס,GB,משחת שיניים,מיליליטרים,75.00,"100 מ""ל",false,0,16.90,22.53,true,1,
7290005084737,false,ביבי סקין משחה ל.בושם100,כצט,IL,בייבי סקין משחה,מיליליטרים,100.00,"100 מ""ל",false,0,11.90,11.90,true,1,
7290005095597,false,נרות יום הולדת,,CN,נרות יום הולדת,יחידה,1.00,יחידה,false,0,6.90,6.90,true,1,
7290005111761,false,"בונזו בשר 3 ק""ג",ביופט,IL,בונזו בשר,קילוגרמים,3.00,"ק""ג",false,0,43.90,14.63,true,1,
7290005113222,false,מיקס זיתים,,IL,מיקס זיתים,גרמים,340.00,100 גרם,false,0,8.80,2.59,true,1,
7290005174513,false,חציל במיונז אחלה 500 גרם,שטראוס,IL,סלט חציל מיונז,גרמים,500.00,100 גרם,false,0,15.90,3.18,true,1,
7290005174551,false,חומוס יום יום 125 גרם,שטראוס,IL,חומוס יום יום,גרמים,125.00,100 גרם,false,0,4.80,3.84,true,1,
7290005174568,false,חציל במיונז 125 גרם,שטראוס,IL,חציל במיונז אחלה,גרמים,125.00,100 גרם,false,0,4.80,3.84,true,1,
7290005174575,false,טחינה יום יום 125 גרם,שטראוס,IL,טחינה יום יום,גרמים,125.00,100 גרם,false,0,4.80,3.84,true,1,
7290005181887,false,ממתיק נוזלי סוכרלוז150מל,מתוק וקל,IL,ממתיק נוזלי,מיליליטרים,150.00,"100 מ""ל",false,0,26.70,17.80,true,1,
7290005191602,false,משקה סויה-סידן 3יח250X'ג,אלפרו,IL,משקה סויה 3 יח',מיליליטרים,750.00,"100 מ""ל",false,0,13.70,1.83,true,1,
7290005197628,false,שוקולד חלב פרה 100*6 גרם,עלית,IL,שוקולד חלב 6 יח,גרמים,600.00,100 גרם,false,0,24.90,4.15,true,1,
7290005197635,false,שוקולד מריר פרה 100*6 גר,עלית,IL,שוקולד מריר 6 יח,גרמים,600.00,100 גרם,false,0,24.90,4.15,true,1,
7290005200786,false,תפוצ'יפס ט.שמנת ובצל50גר,עלית,IL,תפוצ'יפס שמנת,גרמים,50.00,100 גרם,false,0,3.80,7.60,true,1,
7290005200946,false,אפיפיות טעם שוקולד400גרם,עלית,IL,אפיפיות שוקולד,גרמים,400.00,100 גרם,false,0,14.90,3.73,true,1,
7290005201455,false,קפה נמס ארומה 200 גרם,עלית,IL,קפה נמס ארומה,גרמים,200.00,100 גרם,false,0,20.90,10.45,true,1,
7290005201479,false,צ'יטוס בוטנים 100 גרם,עלית,IL,צ'יטוס בוטנים,גרמים,100.00,100 גרם,false,0,6.40,6.40,true,1,
7290005201882,false,קפה טורקי בצלופן 200 גרם,עלית,IL,קפה טורקי בצלופן,גרמים,200.00,100 גרם,false,0,15.90,7.95,true,1,
7290005287060,false,טונה סטארקיסט במים120גרם,סטארקיסט,IL,טונה סטארקיסט,גרמים,120.00,100 גרם,false,0,7.00,5.83,true,1,
7290005287077,false,טונה בשמן צמחי 110*4 גרם,סטארקיסט,IL,טונה סטארקיסט4יח,גרמים,440.00,100 גרם,false,0,22.70,5.16,true,1,
7290005287206,false,טונה סטארקיסט בשמן160*4ג,סטארקיסט,IL,טונה סטארקיסט4יח,גרמים,640.00,100 גרם,false,0,21.90,3.42,true,1,
7290005287510,false,טונה בשמן ופלפל חריף160ג,סטארקיסט,IL,טונה עם פלפל,גרמים,160.00,100 גרם,false,0,6.80,4.25,true,1,
7290005287749,false,טונה5% בטעם טבעי 160ג,סטארקיסט,IL,טונה 5%טעם טבעי,גרמים,160.00,100 גרם,false,0,6.80,4.25,true,1,
7290005326523,false,פסטו פטרוזיליה ונענע180ג,אוליביה,IL,פסטו פטרוזיליה,גרמים,180.00,100 גרם,false,1,10.90,6.06,true,1,
7290005384721,false,אנשובי ארוך,,IL,אנשובי ארוך,גרמים,50.00,100 גרם,false,0,7.40,14.80,true,1,
7290005423253,false,"מקסימה למייבש פרש 750מ""ל",סנו,IL,מקסימה למייבש,מיליליטרים,750.00,"100 מ""ל",false,0,16.30,2.17,true,1,
7290005423420,false,סנו משמיד עש מבושם 2 יח',סנו,IT,סנו משמיד עש,יחידה,1.00,יחידה,false,0,21.90,21.90,true,1,
7290005423499,false,סנו נירוסטה אירוסול500מל,סנו,IL,סנו נירוסטה,מיליליטרים,500.00,"100 מ""ל",false,0,19.70,3.94,true,1,
7290005423505,false,"מי פה אורביטול 500 מ""ל",קוסמופארם,IL,מי פה אורביטול,מיליליטרים,500.00,"100 מ""ל",false,0,20.00,4.00,true,1,
7290005423567,false,40מטליות לניקוי סנו סושי,סנו,IL,מטליות לניקוי,יחידה,1.00,יחידה,false,0,20.20,20.20,true,1,
7290005423635,false,ריצפז פלוס דוחה תיקנים2ל,סנו,IL,ריצפז דוחה חרקים,ליטרים,2.00,ליטר,false,0,20.90,10.45,true,1,
7290005423734,false,מרכך מקסימה אולטרה 4 ל',סנו,IL,מרכך כביסה,ליטרים,4.00,ליטר,false,0,18.50,4.63,true,1,
7290005424205,false,ריצפז פלוס דוחה תיקנים4ל,סנו,IL,ריצפז דוחה חרק,ליטרים,4.00,ליטר,false,0,39.30,9.83,true,1,
7290005424311,false,סנו K רב קוטל בריח פרחים,סנו,IL,סנו K רב קוטל,מיליליטרים,500.00,"100 מ""ל",false,0,19.90,3.98,true,1,
7290005424403,false,אל סבון כיף אצות ים1ליטר,קוסמופארם,IL,אל סבון כיף,ליטרים,1.00,ליטר,false,0,10.00,10.00,true,1,
7290005424762,false,ריצפז+דוחה תיקנים+ווקס2ל,סנו,IL,ריצפז פלוס+ווקס,ליטרים,2.00,ליטר,false,0,26.30,13.15,true,1,
7290005425073,false,דואו פרש יסמין סנדלווד,סנו,IL,סנו דואו פרש,מיליליטרים,300.00,"100 מ""ל",false,0,10.90,3.63,true,1,
7290005425455,false,תחליב רחצה קרמה קלאסי500,קוסמופארם,IL,קרמה תחליב רחצה,מיליליטרים,500.00,"100 מ""ל",false,0,10.00,2.00,true,1,
7290005425646,false,סנוקליר ניקוי חלונות 1ל',סנו,IL,סנוקליר 1 ליטר,ליטרים,1.00,ליטר,false,0,9.50,9.50,true,1,
7290005425745,false,משחה אורביטול להלבנה145ג,קוסמופארם,IL,משחת שיניים,גרמים,145.00,100 גרם,false,0,7.90,5.45,true,1,
7290005425783,false,קרם גוף קרמה קלאסי 500מל,קוסמופארם,IL,קרם גוף קרמה,מיליליטרים,500.00,"100 מ""ל",false,0,21.70,4.34,true,1,
7290005425912,false,ג'ל אוקסיג'ן 4 ליטר,סנו,IL,ג'ל אוקסיג'ן 4ל',ליטרים,4.00,ליטר,false,0,30.00,7.50,true,1,
7290005426568,false,ק.לחות קרמה שיער רגיל400,קוסמופארם,IL,קרם לחות קרמה,מיליליטרים,400.00,"100 מ""ל",false,0,19.80,4.95,true,1,
7290005426575,false,ק.לחות קרמה שיער יבש400מ,קוסמופארם,IL,קרם לחות קרמה,מיליליטרים,400.00,"100 מ""ל",false,0,19.80,4.95,true,1,
7290005426940,false,300-K פלוס8 קוטל חרקי400,סנו,IL,300-K פלוס,מיליליטרים,400.00,"100 מ""ל",false,0,17.50,4.38,true,1,
7290005426971,false,סנובון כחול תפוח 50*3 גר,סנו,IL,סנובון שלישיה,גרמים,150.00,100 גרם,false,0,15.90,10.60,true,1,
7290005427107,false,סנו סושי 6 מגבות הפלא,סנו,IL,מגבות נייר סנו,מטרים,63.00,מטר,false,0,9.90,0.16,true,1,
7290005427497,false,מרכך כיף לשיער רגיל 750מ,קוסמופארם,IL,מרכך כיף,מיליליטרים,750.00,"100 מ""ל",false,0,10.00,1.33,true,1,
7290005427503,false,מרכך כיף לשיער יבש 750מל,קוסמופארם,IL,מרכך כיף לשיער,מיליליטרים,750.00,"100 מ""ל",false,0,10.00,1.33,true,1,
7290005427541,false,תחליב רח.כיף חלב שקד750מ,קוסמופארם,IL,תחליב רחצה כיף,מיליליטרים,750.00,"100 מ""ל",false,0,10.00,1.33,true,1,
7290005427558,false,תחליב רח.כיף חלב ודבש750,קוסמופארם,IL,תחליב רחצה כיף,מיליליטרים,750.00,"100 מ""ל",false,0,10.00,1.33,true,1,
7290005427565,false,שמפו כיף לשיער רגיל 750מ,קוסמופארם,IL,שמפו כיף,מיליליטרים,750.00,"100 מ""ל",false,0,10.00,1.33,true,1,
7290005427572,false,שמפו כיף לשיער יבש 750מל,קוסמופארם,IL,שמפו כיף,מיליליטרים,750.00,"100 מ""ל",false,0,10.00,1.33,true,1,
7290005427602,false,"שמפו + מרכך כיף 750 מ""ל",קוסמופארם,IL,שמפו+מרכך כיף,מיליליטרים,750.00,"100 מ""ל",false,0,10.00,1.33,true,1,
7290005427763,false,אלסבון כיף ג'ינסינג 2 ל',קוסמופארם,IL,אלסבון כיף,ליטרים,2.00,ליטר,false,0,20.00,10.00,true,1,
7290005427787,false,ק.לחות קרמה ש.מתולתל400מ,קוסמופארם,IL,קרם לשיער קרמה,מיליליטרים,400.00,"100 מ""ל",false,0,19.80,4.95,true,1,
7290005427923,false,קרמה תח.רחצה פסיפלורה750,קוסמופארם,IL,קרמה תחליב רחצ,מיליליטרים,750.00,"100 מ""ל",false,0,15.90,2.12,true,1,
7290005427961,false,"קרמה פסיפלורה קרם 400מ""ל",קוסמופארם,IL,קרמה לשיער,מיליליטרים,400.00,"100 מ""ל",false,0,19.80,4.95,true,1,
7290005427978,false,קרמה תחליב רחצה לפנים180,קוסמופארם,IL,תחליב רחצה לפנים,מיליליטרים,180.00,"100 מ""ל",false,0,12.90,7.17,true,1,
7290005428982,false,בייבי כיף ק.גוף תינוק500,קוסמופארם,IL,קרם גוף לתינוק,מיליליטרים,500.00,"100 מ""ל",false,0,22.90,4.58,true,1,
7290005431364,false,עוגת גבינה 2 יח,,IL,עוגת גבינה 2 יח,גרמים,184.00,100 גרם,false,0,12.20,6.63,true,1,
7290005431371,false,מלבי 2 * 165 גרם,תנובה,IL,מלבי 2 יחידות,גרמים,330.00,100 גרם,false,0,12.20,3.70,true,1,
7290005431593,false,קדאיף 2 יחידות,,IL,קדאיף 2 יחידות,גרמים,172.00,100 גרם,false,0,12.20,7.09,true,1,
7290005431609,false,טירמיסו 2 יח,,IL,טירמיסו 2 יח,גרמים,172.00,100 גרם,false,0,12.20,7.09,true,1,
7290005431685,false,עוגת ביסקויטים 75*2גרם,תנובה,IL,זוג עוגות גבינה,גרמים,150.00,100 גרם,false,1,12.20,8.13,true,1,
7290005431708,false,עוגת גבינה ושוקולד90*2גר,תנובה,IL,זוג עוגות גבינה,גרמים,180.00,100 גרם,false,1,12.20,6.78,true,1,
7290005477669,false,דרמפון סבון נוז+.לחות1ל',קרליין,IL,דרמפון סבון לחות,ליטרים,1.00,ליטר,false,0,16.90,16.90,true,1,
7290005478024,false,סט טיטניום,,IL,סט טיטניום,יחידה,1.00,יחידה,false,0,162.80,162.80,true,1,
7290005509445,false,מיני קוקיס חמאה צנצנ750ג,כרמית,IL,מיני קוקיס,גרמים,750.00,100 גרם,false,0,15.90,2.12,true,1,
7290005540448,false,קפסולות אספרסו זהב 50גרם,ורנינו,IT,קפסולות אספרסו,גרמים,50.00,100 גרם,false,1,11.90,23.80,true,1,
7290005541087,false,קפסולות אספרסו אדום50גרם,ורנינו,IT,קפסולות אספרסו,גרמים,50.00,100 גרם,false,1,11.90,23.80,true,1,
7290005541094,false,קפסולות אספרסו כחול 50גר,ורנינו,IT,קפסולות אספרסו,גרמים,50.00,100 גרם,false,1,11.90,23.80,true,1,
7290005559907,false,פיצה משפחתית גבינה 500גר,"מעדנות בע""מ",IL,פיצה משפחתית,גרמים,500.00,100 גרם,false,0,23.70,4.74,true,1,
7290005559914,false,פיצה משפחתית זיתים 550גר,"מעדנות בע""מ",IL,פיצה משפחתית,גרמים,550.00,100 גרם,false,0,24.70,4.49,true,1,
7290005559969,false,משולש פיצה אישי גבינה750,"מעדנות בע""מ",IL,מארז משולשי פיצה,גרמים,750.00,100 גרם,false,0,36.00,4.80,true,1,
7290005559976,false,משולשי פיצה אישית זית850,"מעדנות בע""מ",IL,מארז משולשי פיצה,גרמים,850.00,100 גרם,false,0,34.90,4.11,true,1,
7290005559983,false,חטיפי פיצה גבינה 650 גרם,"מעדנות בע""מ",IL,חטיפי פיצה גבינה,גרמים,650.00,100 גרם,false,0,33.00,5.08,true,1,
7290005559990,false,בצק פילאס תורקי 600 גרם,"מעדנות בע""מ",IL,בצק פילאס תורכי,גרמים,600.00,100 גרם,false,0,24.00,4.00,true,1,
7290005564253,false,ספרינג אגס סברס תפוח1.5ל,יפאורה שותפות מובגלת לשיווק,IL,משקה ספרינג,ליטרים,1.50,ליטר,false,0,4.90,3.27,true,1,
7290005564680,false,תפוזינה לימונדה 1.5 ליטר,יפאורה שותפות מובגלת לשיווק,IL,תפוזינה לימונדה,ליטרים,1.50,ליטר,false,0,5.90,3.93,true,1,
7290005564970,false,"קריסטל תפו""ע מוגז 2 ליטר",יפאורה שותפות מובגלת לשיווק,IL,גזוז בטעם תפוח,ליטרים,2.00,ליטר,false,0,3.60,1.80,true,1,
7290005583568,false,אוריריות כוסמת,,IL,אוריריות כוסמת,גרמים,150.00,100 גרם,false,0,13.90,9.27,true,1,
7290005587337,false,פרפרנס צבע לשיער מס 4.5,ליברמו,BE,צבע לשיער פרפרנס,יחידה,1.00,יחידה,false,0,25.00,25.00,true,1,
7290005587825,false,מסיר איפור עמיד במים125מ,קלסרואה,IL,מסיר איפור,מיליליטרים,150.00,"100 מ""ל",false,0,30.00,20.00,true,1,
7290005591761,false,דבש מפרחי בר בק.פטנט400ג,יד מרדכי,IL,דבש מפרחי בר,גרמים,400.00,100 גרם,false,0,22.90,5.73,true,1,
7290005604133,false,פריגת מנגו 1.5 ליטר,פריגת,IL,פריגת מנגו,ליטרים,1.50,ליטר,false,0,6.50,4.33,true,1,
7290005605901,false,פאנטה אקזוטי 1.5 ליטר,החברה המרכזית לייצור משקאות,IL,פאנטה אקזוטי,ליטרים,1.50,ליטר,false,0,6.90,4.60,true,1,
7290005610509,false,צנונית יחידה,קטיף,IL,צנונית -יח',יחידה,1.00,יחידה,false,0,5.50,5.50,true,1,
7290005651069,false,"לה קט מיקס 2.85 ק""ג",ביופט,IL,לה קט מיקס,קילוגרמים,2.85,"ק""ג",false,0,55.70,19.54,true,1,
7290005678073,false,פלפל צ'ילי זהבי יח',קטיף,IL,פלפל צ'ילי זהבי,יחידה,1.00,יחידה,false,0,5.50,5.50,true,1,
7290005680052,false,טמפוני או-בה סופר + 32יח,ג'ונסון,DE,טמפוני או-בה סופר + 32יח,יחידה,1.00,יחידה,false,0,32.90,32.90,true,1,
7290005718021,false,שטרודל גבינה,גידרון,IL,שטרודל גבינה,יחידה,1.00,יחידה,false,0,23.80,23.80,true,1,
7290005718038,false,"שטרודל תפו""ע",גידרון,IL,"שטרודל תפו""ע",יחידה,1.00,יחידה,false,0,23.80,23.80,true,1,
7290005780868,false,אנרג'י מיזלי 500 גרם,שטראוס,BE,אנרג'י מוזלי,גרמים,500.00,100 גרם,false,0,15.90,3.18,true,1,
7290005838002,false,"דניאלה מעדן גבינה 150מ""ל",שטראוס,IL,מעדן דניאלה,מיליליטרים,150.00,"100 מ""ל",false,0,4.10,2.73,true,1,
7290005838613,false,סקי מעדן גבינה וניל 125ג,שטראוס,IL,סקי מעדן גבינה,גרמים,125.00,100 גרם,false,0,3.70,2.96,true,1,
7290005838972,false,גב.סקי 5% 125 גרם,שטראוס,IL,גבינת סקי,גרמים,125.00,100 גרם,false,0,3.10,2.48,true,1,
7290005839078,false,דנונה ביו 3% 150*8 גרם,שטראוס,IL,דנונה ביו 8 יח,קילוגרמים,1.20,"ק""ג",false,0,16.90,14.08,true,1,
7290005839108,false,גב.סימפוניה +5%זיתים200ג,שטראוס,IL,גבינת סימפוניה,גרמים,200.00,100 גרם,false,0,10.00,5.00,true,1,
7290005839313,false,מילקי טופ שוקול.מגולג170,שטראוס,IL,מילקי טופ,מיליליטרים,170.00,"100 מ""ל",false,0,4.90,2.88,true,1,
7290005846441,false,אולטרסול30 תרס.תחליבי200,פישר מעבדות פרמצבטיות,IL,אולטרסול תרסיס,מיליליטרים,200.00,"100 מ""ל",false,0,50.00,25.00,true,1,
7290005896439,false,בירה מכבי,,IL,בירה מכבי,מיליליטרים,500.00,"100 מ""ל",false,0,6.50,1.30,true,1,
7290005896620,false,מי סאן בנדטו 1.5 ליטר,טמפו,IT,מי סאן בנדטו,ליטרים,1.50,ליטר,false,0,3.00,2.00,true,1,
7290005896828,false,מים מינרל.סאן בנדטו1.5*6,טמפו,IT,מים סן בנדטו 6יח,ליטרים,9.00,ליטר,false,0,14.90,1.66,true,1,
7290005896835,false,מים סאן בנדטו מוגז1.5*6ל,טמפו,IT,מים מינרלים 6 יח,ליטרים,9.00,ליטר,false,0,15.90,1.77,true,1,
7290005896972,false,פפסי מקס 1.5*6 ליטר,טמפו,IL,פפסי מקס 6 יח',ליטרים,9.00,ליטר,false,0,29.90,3.32,true,1,
7290005938030,false,פסטו זעתר,,IL,פסטו זעתר,גרמים,220.00,100 גרם,false,0,15.00,6.82,true,1,
7290005938238,false,צ'ימיצ'ורי 220 גרם,נטו,IL,צ'ימיצ'ורי,גרמים,220.00,100 גרם,false,0,15.00,6.82,true,1,
7290005938634,false,סחוג כוסברה,,IL,סחוג כוסברה,גרמים,220.00,100 גרם,false,0,15.00,6.82,true,1,
7290005938658,false,לקט הכפר 400גרם,פרסקו,IL,לקט הכפר 400גרם,גרמים,400.00,100 גרם,false,1,9.90,2.48,true,1,
7290005938825,false,פרסקו בזיליקום 180גרם,פרסקו,IL,פרסקו בזיליקום 180גרם,גרמים,180.00,100 גרם,false,0,10.90,6.06,true,1,
7290005938832,false,פרסקו פטרוזליה 180גרם,פרסקו,IL,פרסקו פטרוזליה,גרמים,180.00,100 גרם,false,0,10.90,6.06,true,1,
7290005966033,false,"יין לבן הר חרמון 750 מ""ל",יקבי רמת הגולן קצרין,IL,יין לבן חרמון,מיליליטרים,750.00,"100 מ""ל",false,0,29.90,3.99,true,1,
7290005966088,false,יין אדום הר חרמון 750 מל,יקבי רמת הגולן קצרין,IL,יין אדום חרמון,מיליליטרים,750.00,"100 מ""ל",false,0,29.90,3.99,true,1,
7290005966514,false,"ירדן מוסקט 500 מ""ל",יקבי רמת הגולן קצרין,IL,ירדן מוסקט,מיליליטרים,500.00,"100 מ""ל",false,0,32.90,6.58,true,1,
7290005992018,false,יוגורט עיזים מלא 3% 500מ,מחלבות גד,IL,יוגורט חלב עיזים,מיליליטרים,500.00,"100 מ""ל",false,0,11.90,2.38,true,1,
7290005992544,false,גב.ריקוטה עיזים 5% 250ג,מחלבות גד,IL,ריקוטה עיזים5%,גרמים,250.00,100 גרם,false,0,19.70,7.88,true,1,
7290005992575,false,גב.בולגרית למריחה5% 250ג,מחלבות גד,IL,בולגרית למריחה,גרמים,250.00,100 גרם,false,0,15.00,6.00,true,1,
7290005992735,false,גבינת לאבנה 5%שומן 250ג,מחלבות גד,IL,גבינת לאבנה גד5%,גרמים,250.00,100 גרם,false,0,11.50,4.60,true,1,
7290005992926,false,גב.לבנה5% שום שמיר במשקל,מחלבות גד,IL,גב.לבנה5% שום שמיר במשקל,גרמים,0.00,"ק""ג",true,0,30.00,30.00,true,1,
7290005992957,false,פטה עזים 20% במשקל,,IL,פטה עזים 20% במשקל,קילוגרמים,0.00,"ק""ג",true,0,129.00,129.00,true,1,
7290006185501,false,סבון נוזלי פנינה ורוד 1ל,סאסא קוסמטיקס,IL,סבון נוזלי ורוד,ליטרים,1.00,ליטר,false,0,9.80,9.80,true,1,
7290006199942,false,"גלידל דובדבן 8יח כשל""פ",פלקו,IL,פרי דובדבן 8יח,גרמים,640.00,100 גרם,false,0,26.80,4.19,true,1,
7290006229069,false,ג'אמפ ענבים 1.5 ליטר,טמפו,IL,ג'אמפ ענבים,ליטרים,1.50,ליטר,false,0,4.90,3.27,true,1,
7290006229427,false,סאן בנדטו 6 יח',,IT,סאן בנדטו 6 יח',ליטרים,3.00,ליטר,false,0,10.90,3.63,true,1,
7290006241085,false,מיץ סחוט קלמנטינות 2 ל',פריגת,IL,מיץ סחוט קלמנטינות 2 ל',ליטרים,2.00,ליטר,false,0,20.90,10.45,true,1,
7290006241504,false,פריגת תפוזים פריז 280 מל,פריגת,IL,פריגת תפוזים פריז 280 מל,מיליליטרים,280.00,"100 מ""ל",false,0,9.40,3.36,true,1,
7290006241511,false,פריגת נענע פריז 280 מל,פריגת,IL,פריגת נענע פריז 280 מל,מיליליטרים,280.00,"100 מ""ל",false,0,9.40,3.36,true,1,
7290006241535,false,פריגת מנגו פריז 280 מל,פריגת,IL,פריגת מנגו פריז 280 מל,מיליליטרים,280.00,"100 מ""ל",false,0,9.40,3.36,true,1,
7290006241689,false,פריגת לימון פריז 280 מל,פריגת,IL,פריגת לימון פריז 280 מל,מיליליטרים,280.00,"100 מ""ל",false,0,9.40,3.36,true,1,
7290006251268,false,תה ירוק תפוח+קינמ25ש1.5X,ויסוצקי,IL,תה ירוק תפוח,גרמים,37.00,100 גרם,false,0,25.90,70.00,true,1,
7290006251275,false,תה ירוק סיני25 שק1.5Xגרם,ויסוצקי,IL,תה ירוק סיני,גרמים,37.00,100 גרם,false,0,25.90,70.00,true,1,
7290006251282,false,חליטת קרנברי ג.קסום3X25ג,ויסוצקי,IL,חליטת חמוציות,גרמים,75.00,100 גרם,false,0,16.90,22.53,true,1,
7290006251374,false,תה ירוק לימונית+ג'ינגר25,ויסוצקי,IL,תה ירוק לימונית,גרמים,37.00,100 גרם,false,0,25.90,70.00,true,1,
7290006267191,false,קברנה טרה רוסו,,IL,קברנה טרה רוסו,מיליליטרים,750.00,"100 מ""ל",false,0,44.90,5.99,true,1,
7290006267238,false,מרלו בזלת,,IL,מרלו בזלת,מיליליטרים,750.00,"100 מ""ל",false,0,44.90,5.99,true,1,
7290006271174,false,ג'חנון בצק מעדנות 700גרם,"מעדנות בע""מ",IL,ג'חנון בצק,גרמים,700.00,100 גרם,false,0,18.70,2.67,true,1,
7290006271181,false,ג'חנון אפוי מעדנות 750גר,"מעדנות בע""מ",IL,ג'חנון אפוי,גרמים,750.00,100 גרם,false,0,24.70,3.29,true,1,
7290006271273,false,"מיני בורקס תפו""א 800 גרם","מעדנות בע""מ",IL,"מיני בורקס תפו""א",גרמים,800.00,100 גרם,false,0,22.70,2.84,true,1,
7290006271280,false,מיני בורקס גבינה 800 גרם,"מעדנות בע""מ",IL,מיני בורקס גבינה,גרמים,800.00,100 גרם,false,0,26.10,3.26,true,1,
7290006271631,false,חטיפי פיצה זיתים 710 גרם,"מעדנות בע""מ",IL,חטיפי פיצה זיתים,גרמים,710.00,100 גרם,false,0,34.60,4.87,true,1,
7290006272430,false,בצק עלים חמאה 600 גרם,"מעדנות בע""מ",IL,בצק עלים חמאה,גרמים,600.00,100 גרם,false,0,27.70,4.62,true,1,
7290006273239,false,עוגת שמרים שוקולד 450גרם,לחמי,IL,עוגת שוקולד,גרמים,450.00,100 גרם,false,0,17.00,3.78,true,1,
7290006273284,false,עוגת שמרים אספרסו+שוק450,לחמי,IL,עוגת שמרים,גרמים,450.00,100 גרם,false,0,17.00,3.78,true,1,
7290006306012,false,רביולי חציל+וגב.קצקבל400,פסטה נונה,IL,רביולי חצילים,גרמים,400.00,100 גרם,false,1,18.50,4.63,true,1,
7290006306029,false,רביולי סלק ו4 גבינות400ג,פסטה נונה,IL,רביולי מילוי סלק,גרמים,400.00,100 גרם,false,1,18.50,4.63,true,1,
7290006306159,false,לזניה 4 גבינות 500 גרם,פסטה נונה,IL,לזניה 4 גבינות,גרמים,500.00,100 גרם,false,0,26.90,5.38,true,1,
7290006306180,false,קנלוני גבינת עיזים 500גר,פסטה נונה,IL,קנלוני גב.עיזים,גרמים,500.00,100 גרם,false,0,26.90,5.38,true,1,
7290006306296,false,רביולי גבינה לילדים 400ג,פסטה נונה,,רביולי גבינה,גרמים,400.00,100 גרם,false,0,18.50,4.63,true,1,
7290006306302,false,רביולי פרמזן ריקוטה400גר,פסטה נונה,IL,רביולי גבינה,גרמים,400.00,100 גרם,false,0,18.50,4.63,true,1,
7290006306319,false,רביולי בטטה 400 גרם,פסטה נונה,IL,רביולי בטטה,גרמים,400.00,100 גרם,false,0,18.50,4.63,true,1,
7290006306326,false,רביולי פטריות 400 גרם,פסטה נונה,IL,רביולי פטריות,גרמים,400.00,100 גרם,false,0,18.50,4.63,true,1,
7290006306333,false,רביולי תרד וריקוטה 400 ג,פסטה נונה,IL,רביולי תרד,גרמים,400.00,100 גרם,false,0,18.50,4.63,true,1,
7290006306357,false,רביולי גבינת עיזים 400גר,פסטה נונה,IL,רביולי גבינה,גרמים,400.00,100 גרם,false,0,24.70,6.18,true,1,
7290006374615,false,מזון מלכות %5.8 מרוכז340,יד מרדכי,IL,מזון מלכות,גרמים,340.00,100 גרם,false,0,40.60,11.94,true,1,
7290006374738,false,קונפיטורה תות 340 גרם,יד מרדכי,IL,קונפיטורה תות,גרמים,340.00,100 גרם,false,0,13.60,4.00,true,1,
7290006390745,false,שבלול עם צימוקים קפוא,גידרון,IL,שבלול עם צימוקים,יחידה,1.00,יחידה,false,0,3.90,3.90,true,1,
7290006391025,false,ביגלה ירושלמי,גידרון,IL,ביגלה ירושלמי,יחידה,1.00,יחידה,false,0,3.90,3.90,true,1,
7290006396836,false,בייגל טוסט לבן,גידרון,IL,בייגל טוסט לבן,יחידה,1.00,יחידה,false,0,3.90,3.90,true,1,
7290006401366,false,ליגיניה סבון אינטימי200מ,)פייזר (קונסיומר הלט קר,IT,ליגיניה סבון,מיליליטרים,200.00,"100 מ""ל",false,0,37.10,18.55,true,1,
7290006439444,false,אורז בסמתי,,IL,אורז בסמתי,קילוגרמים,1.00,"ק""ג",false,0,12.80,12.80,true,1,
7290006453594,false,בסיס להכנת שקשוקה 300X2ג,מילוז,IL,רוטב שקשוקה זוג,גרמים,600.00,100 גרם,false,0,9.60,1.60,true,1,
7290006459039,false,חלבה שקדים במשקל,,,חלבה שקדים במשקל,קילוגרמים,0.00,"ק""ג",true,0,42.00,42.00,true,1,
7290006459251,false,עוגיות קוקוס 300 גרם,גידרון,IL,עוגיות קוקוס,גרמים,300.00,100 גרם,false,0,12.90,4.30,true,1,
7290006459299,false,עוגיות מיוחדות 300 גרם,גידרון,IL,עוגיות מיוחדות,גרמים,300.00,100 גרם,false,1,14.90,4.97,true,1,
7290006492432,false,גבינה מוצרלה בייבי 150גר,מחלבות גד,IL,גבינה מוצרלה,גרמים,150.00,100 גרם,false,0,13.80,9.20,true,1,
7290006492616,false,פרוסות גב. בולגר5%. 250ג,מחלבות גד,IL,גבינה בולגרית,גרמים,250.00,100 גרם,false,0,24.70,9.88,true,1,
7290006492630,false,גליל גבינת עיזים20% 180ג,מחלבות גד,IL,גליל גבינת עיזים,גרמים,180.00,100 גרם,false,0,20.70,11.50,true,1,
7290006492685,false,לאבנה עיזים 5%שומן 250גר,מחלבות גד,IL,לאבנה עיזים גד,גרמים,250.00,100 גרם,false,0,15.80,6.32,true,1,
7290006492852,false,גבינה לבנה 5% עיזים 250ג,מחלבות גד,IL,גבינת עיזים גד,גרמים,250.00,100 גרם,false,0,15.00,6.00,true,1,
7290006492913,false,ציזיקי למריחה,,IL,ציזיקי למריחה,גרמים,250.00,100 גרם,false,0,12.80,5.12,true,1,
7290006494559,false,עוגיות גרנולה שוקולד200ג,רוקחמן,IL,עוגיות מרמולייט,גרמים,200.00,100 גרם,false,0,16.90,8.45,true,1,
7290006494597,false,תרכיז תפוחים מרמולייט1ל',אשבל,IL,תרכיז תפוחים,ליטרים,1.00,ליטר,false,0,10.80,10.80,true,1,
7290006494801,false,ג'לי תות מרמולייט 17 גרם,אשבל,IL,ג'לי תות מרמוליט,גרמים,17.00,100 גרם,false,0,6.90,40.59,true,1,
7290006494917,false,ופלים במילוי קרם שוקו200,גילרו,IL,ופלים שוקולד,גרמים,200.00,100 גרם,false,0,9.80,4.90,true,1,
7290006511157,false,פטריות שלמות,,IN,פטריות שלמות,גרמים,400.00,100 גרם,false,0,6.80,1.70,true,1,
7290006567048,false,פתיתי קוסקוס 350 גרם,קוסקוס מזון,IL,פתיתי קוסקוס,גרמים,350.00,100 גרם,false,0,7.90,2.26,true,1,
7290006567260,false,עוג.שוקוצ'יפס פיטנס25*6ג,אסם,IL,עוגיות פיטנס 6יח,גרמים,150.00,100 גרם,false,0,10.00,6.67,true,1,
7290006567284,false,עוגיות שוקולד מריר25ג6*י,אסם,IL,עוגיות פיטנס,גרמים,150.00,100 גרם,false,1,10.00,6.67,true,1,
7290006582010,false,רוטב צ'ילי חריף 800 גרם,אלסקה,TH,רוטב צ'ילי חריף,מיליליטרים,700.00,"100 מ""ל",false,0,13.60,1.94,true,1,
7290006582799,false,ג'ינג'ר 200גרם,שקדיה,IL,ג'ינגר 200גרם,גרמים,200.00,100 גרם,false,0,13.80,6.90,true,1,
7290006583345,false,איקרה אדומה 220 גרם,מעדני מיקי,IL,איקרה אדומה,גרמים,220.00,100 גרם,false,0,12.80,5.82,true,1,
7290006583376,false,סלמון הילטון מעושן במשקל,מעדני מיקי,IL,סלמון מעושן,קילוגרמים,0.00,"ק""ג",true,0,158.00,158.00,true,1,
7290006583734,false,שמאלץ הרינג בשמן קנ.משקל,מעדני מיקי,IL,שמאלץ הרינג בשמן קנ.משקל,קילוגרמים,0.00,"ק""ג",true,0,122.00,122.00,true,1,
7290006618146,false,הפי מדליק פחם,,NL,הפי מדליק פחם,מיליליטרים,500.00,"100 מ""ל",false,0,17.70,3.54,true,1,
7290006644497,false,"תפוזינה אשכוליות 500 מ""ל",יפאורה שותפות מובגלת לשיווק,IL,תפוזינה אשכול.,מיליליטרים,500.00,"100 מ""ל",false,0,4.40,0.88,true,1,
7290006644589,false,משקה קל אשכוליות דיאט 2ל,יפאורה שותפות מובגלת לשיווק,IL,אשכוליות דיאט,ליטרים,2.00,ליטר,false,0,3.60,1.80,true,1,
7290006644596,false,קריסטל אקזוטי מוגז 2ליטר,יפאורה שותפות מובגלת לשיווק,IL,קריסטל אקזוטי,ליטרים,2.00,ליטר,false,0,3.60,1.80,true,1,
7290006644626,false,ספרינג פירות טרופיים1.5ל,יפאורה שותפות מובגלת לשיווק,IL,משקה ספרינג,ליטרים,1.50,ליטר,false,0,4.90,3.27,true,1,
7290006644732,false,ספרינג פירות טרופיים 1 ל,יפאורה שותפות מובגלת לשיווק,IL,נקטר ספרינג,ליטרים,1.00,ליטר,false,0,4.90,4.90,true,1,
7290006644848,false,ספרינג תפוחים דיאט 1ליטר,יפאורה שותפות מובגלת לשיווק,IL,ספרינג דיאט,ליטרים,1.00,ליטר,false,0,4.90,4.90,true,1,
7290006652027,false,במבה מארז 20 * 15 גרם,אסם,IL,במבה 20 יח',גרמים,300.00,100 גרם,false,0,23.90,7.97,true,1,
7290006653475,false,"רוטב אלף האיים 600 מ""ל",אסם,IL,רוטב אלף האיים,מיליליטרים,600.00,"100 מ""ל",false,0,15.90,2.65,true,1,
7290006653765,false,פטוציני פרפקטו 500 גרם,זארה,IT,פטוציני פרפקטו,גרמים,500.00,100 גרם,false,0,7.60,1.52,true,1,
7290006653819,false,קוסקוס דק 350 גרם,קוסקוס מזון,IL,קוסקוס דק,גרמים,350.00,100 גרם,false,0,7.90,2.26,true,1,
7290006664037,false,סופר גמדים דגנים 100*4גר,שטראוס,IL,סופר גמדים 4 יח,גרמים,400.00,100 גרם,false,0,11.50,2.88,true,1,
7290006664051,false,"אקטימל לבן 100*14 מ""ל",שטראוס,IL,אקטימל מארז14יח',ליטרים,1.40,ליטר,false,0,29.90,21.36,true,1,
7290006664167,false,סימפוניה+שום שמיר3% 200ג,שטראוס,IL,גבינת סימפוניה3%,גרמים,200.00,100 גרם,false,0,10.00,5.00,true,1,
7290006664310,false,גבינת סקי3% 250 גרם,שטראוס,IL,גבינת סקי 3%,גרמים,250.00,100 גרם,false,0,4.60,1.84,true,1,
7290006664402,false,גבינת סקי5% 750 גרם,שטראוס,IL,גבינת סקי5%,גרמים,750.00,100 גרם,false,0,13.80,1.84,true,1,
7290006664532,false,דנונה תות 3% 150 גרם,שטראוס,IL,דנונה תות 3%,גרמים,150.00,100 גרם,false,0,3.90,2.60,true,1,
7290006664631,false,"אקטימל תות 100*8 מ""ל",שטראוס,IL,אקטימל תות 8 יח',מיליליטרים,800.00,"100 מ""ל",false,0,20.90,2.61,true,1,
7290006664655,false,"אקטימל לבן 100*8 מ""ל",שטראוס,IL,אקטימל לבן 8 יח,מיליליטרים,800.00,"100 מ""ל",false,0,20.90,2.61,true,1,
7290006664969,false,יוגורט מת.מעודן2% 150*8ג,שטראוס,IL,יוגורט מעודן 2%,קילוגרמים,1.20,"ק""ג",false,0,18.30,15.25,true,1,
7290006664990,false,דנונה ביו 1.7% 150*8גרם,שטראוס,IL,דנונה ביו 8 יח',קילוגרמים,1.20,"ק""ג",false,0,16.90,14.08,true,1,
7290006666307,false,סלט חומוס 300 גרם,סלטי משני,IL,סלט חומוס,גרמים,300.00,100 גרם,false,0,13.40,4.47,true,1,
7290006666314,false,סלט טחינה אטרף 300 גרם,סלטי משני,IL,סלט טחינה משני,גרמים,300.00,100 גרם,false,0,13.40,4.47,true,1,
7290006666338,false,סלט טחינה ירוקה 300 גרם,סלטי משני,IL,סלט טחינה ירוקה,גרמים,300.00,100 גרם,false,0,14.40,4.80,true,1,
7290006666345,false,סלט חציל במיונז 300 גרם,סלטי משני,IL,סלט חציל במיונז,גרמים,300.00,100 גרם,false,0,20.70,6.90,true,1,
7290006666352,false,סלט חציל בטחינה 300 גרם,סלטי משני,IL,סלט חציל בטחינה,גרמים,300.00,100 גרם,false,0,20.70,6.90,true,1,
7290006666406,false,סלט חציל טבעי 300 גרם,סלטי משני,IL,סלט חציל טבעי,גרמים,300.00,100 גרם,false,0,20.70,6.90,true,1,
7290006666413,false,סלט כרוב שוודי 300 גרם,סלטי משני,IL,סלט כרוב שוודי,גרמים,300.00,100 גרם,false,0,15.60,5.20,true,1,
7290006666420,false,סלט כרוב קולסלו 300 גרם,סלטי משני,IL,סלט קולסלו,גרמים,300.00,100 גרם,false,0,15.60,5.20,true,1,
7290006666437,false,סלט טורקי 300 גרם,סלטי משני,IL,סלט טורקי,גרמים,300.00,100 גרם,false,0,17.30,5.77,true,1,
7290006666468,false,סלט גזר בלימון 300 גרם,סלטי משני,IL,סלט גזר בלימון,גרמים,300.00,100 גרם,false,0,20.70,6.90,true,1,
7290006666499,false,סלט טונה לבנה 300 גרם,סלטי משני,IL,סלט טונה לבנה,גרמים,300.00,100 גרם,false,0,26.90,8.97,true,1,
7290006666505,false,סלט טונה אדומה 300 גרם,סלטי משני,IL,סלט טונה אדומה,גרמים,300.00,100 גרם,false,0,26.90,8.97,true,1,
7290006666543,false,סלט קוביות סלק 300 גרם,סלטי משני,IL,סלט סלק קוביות,גרמים,300.00,100 גרם,false,0,17.10,5.70,true,1,
7290006681003,false,סורבט תות לימון קרמ1.33.,שטראוס,IL,סורבט תות לימון קרמ1.33.,ליטרים,1.33,ליטר,false,0,18.90,14.21,true,1,
7290006681577,false,אסקימו לימון דובדבן 8+2,שטראוס,IL,אסקימו לימון דובדבן 8+2,גרמים,700.00,100 גרם,false,0,16.90,2.41,true,1,
7290006681843,false,גלידה לייט פרי 6 יחידות,שטראוס,IL,מאגדת גלידה לייט,גרמים,300.00,100 גרם,false,0,26.90,8.97,true,1,
7290006681904,false,מאגדת מצופים 8+2יח,שטראוס,IL,מאגדת מצופים 8+2יח,גרמים,600.00,100 גרם,false,0,33.70,5.62,true,1,
7290006704788,false,מלפפון בייבי יח',קטיף,IL,מלפפון בייבי-יח',יחידה,1.00,יחידה,false,0,9.90,9.90,true,1,
7290006712981,false,"קולגייט סמיילס +6 50 מ""ל",קולגייט-פלמוליב,IL,משחת שיניים,מיליליטרים,50.00,"100 מ""ל",false,0,13.50,27.00,true,1,
7290006738103,false,פסטרמה בדבש טהור דק 150ג,זוגלובק,IL,פסטרמה בדבש דק,גרמים,150.00,100 גרם,false,0,15.10,10.07,true,1,
7290006738110,false,פסטרמה ברביקיו דק דק150ג,זוגלובק,IL,פסטרמה ברביקיו,גרמים,150.00,100 גרם,false,0,15.10,10.07,true,1,
7290006738127,false,חזה בקר דק דק 150 גרם,זוגלובק,IL,חזה בקר דק דק,גרמים,150.00,100 גרם,false,0,15.10,10.07,true,1,
7290006738530,false,דק דק פסטרמה חזה עוף150ג,זוגלובק,IL,דק דק פסטרמה,גרמים,150.00,100 גרם,false,0,15.10,10.07,true,1,
7290006738615,false,קבב זהב 400 גרם,זוגלובק,IL,קבב זהב 400 גרם,גרמים,400.00,100 גרם,false,0,21.60,5.40,true,1,
7290006739247,false,פסטרמה איטלקית במשקל,זוגלובק,IL,פסטרמה איטלקית,קילוגרמים,0.00,"ק""ג",true,0,79.00,79.00,true,1,
7290006739292,false,פסטרמה חזה תבור מעושן330,זוגלובק,IL,פסטרמה תבור,גרמים,330.00,100 גרם,false,0,29.90,9.06,true,1,
7290006739414,false,סלמי קוניאק 300 גרם,זוגלובק,IL,סלמי קוניאק,גרמים,300.00,100 גרם,false,0,28.70,9.57,true,1,
7290006739421,false,סלמי מעושן איטלקי 300 גר,זוגלובק,IL,סלמי מעושן,גרמים,300.00,100 גרם,false,0,28.70,9.57,true,1,
7290006739544,false,כתף בקר 300 גרם,זוגלובק,IL,כתף בקר,גרמים,300.00,100 גרם,false,0,32.40,10.80,true,1,
7290006739681,false,חטיפי תירס קלאסי 600 גרם,זוגלובק,IL,חטיפי תירס,גרמים,600.00,100 גרם,false,0,18.90,3.15,true,1,
7290006740274,false,המבורגר טקסס 400גרם,זוגלובק,IL,המבורגר טקסס,גרמים,400.00,100 גרם,false,0,19.50,4.88,true,1,
7290006740281,false,קבב קלאסי 400גרם,זוגלובק,IL,קבב קלאסי,גרמים,400.00,100 גרם,false,0,21.70,5.43,true,1,
7290006741363,false,"בורקס תפו""א בד""צ 800 גרם",זוגלובק,IL,"בורקס תפו""א",גרמים,800.00,100 גרם,false,0,14.80,1.85,true,1,
7290006741387,false,"מלוואח תימני בד""צ 700 גר",זוגלובק,IL,מלוואח תימני,גרמים,700.00,100 גרם,false,0,13.90,1.99,true,1,
7290006742162,false,המבורגר מזרחי 400 גרם,זוגלובק,IL,המבורגר מזרחי,גרמים,400.00,100 גרם,false,0,21.60,5.40,true,1,
7290006742179,false,קבב מזרחי 400 גרם,זוגלובק,IL,קבב מזרחי,גרמים,400.00,100 גרם,false,0,21.60,5.40,true,1,
7290006742209,false,שניצל תירס 750גרם%33+,זוגלובק,IL,שניצל תירס,גרמים,1000.00,100 גרם,false,0,29.90,2.99,true,1,
7290006742278,false,פסטרמה צלוי על לבנים330ג,זוגלובק,IL,פסטרמה צלויה,גרמים,330.00,100 גרם,false,0,29.90,9.06,true,1,
7290006742292,false,פסטרמה בדבש 330 גרם,זוגלובק,IL,פסטרמה בדבש,גרמים,330.00,100 גרם,false,0,29.90,9.06,true,1,
7290006742315,false,חזה הודו ברביקיו 330 גרם,זוגלובק,IL,חזה הודו ברביקיו,גרמים,330.00,100 גרם,false,0,29.90,9.06,true,1,
7290006742339,false,פסטרמה חזה עוף 330 גרם,זוגלובק,IL,פסטרמה חזה עוף,גרמים,330.00,100 גרם,false,0,29.90,9.06,true,1,
7290006764058,false,בירה נשר לבן בק.חוזר500מ,טמפו,IL,בירה נשר לבן,מיליליטרים,500.00,"100 מ""ל",false,0,5.20,1.04,true,1,
7290006764065,false,בירה נשר מאלט בק.חוזר500,טמפו,IL,בירה נשר מאלט,מיליליטרים,500.00,"100 מ""ל",false,0,3.50,0.70,true,1,
7290006764072,false,"גולדסטאר בק.חוזר 500 מ""ל",טמפו,IL,בירה גולדסטאר,מיליליטרים,500.00,"100 מ""ל",false,0,6.90,1.38,true,1,
7290006764348,false,מאלטסטאר 1.5 ליטר,טמפו,IL,מאלטסטאר,ליטרים,1.50,ליטר,false,0,5.90,3.93,true,1,
7290006764485,false,בירה נשר מאלט בקב330*6.מ,טמפו,IL,נשר מאלט 6 יח,ליטרים,1.98,ליטר,false,0,22.90,11.57,true,1,
7290006764713,false,מירינדה 1.5*6 ליטר,טמפו,IL,מירינדה 6 יחידות,ליטרים,9.00,ליטר,false,0,21.90,2.43,true,1,
7290006784360,false,מרסס חלונית ס.מוריץ1ליטר,קומפלקס כימיקלים,IL,מרסס חלונית,ליטרים,1.00,ליטר,false,0,6.60,6.60,true,1,
7290006784506,false,"OXY מסיר כתמים 750 מ""ל",קומפלקס כימיקלים,IL,OXY מסיר כתמים,מיליליטרים,750.00,"100 מ""ל",false,1,8.90,1.19,true,1,
7290006788016,false,"שמפו ""10"" לשיער יבש 700מ",קרליין,IL,שמפו 10 לשיער,מיליליטרים,700.00,"100 מ""ל",false,0,10.00,1.43,true,1,
7290006788023,false,"שמפו ""10"" לשיער צבוע700מ",קרליין,IL,שמפו 10 לשיער,מיליליטרים,700.00,"100 מ""ל",false,0,10.00,1.43,true,1,
7290006788054,false,"שמפו""10""לסרוק קל קלאס700",קרליין,IL,שמפו 10 לשיער,מיליליטרים,700.00,"100 מ""ל",false,0,10.00,1.43,true,1,
7290006788061,false,"מרכך ""10"" לשיער רגיל700מ",קרליין,IL,מרכך קרליין,מיליליטרים,700.00,"100 מ""ל",false,0,10.00,1.43,true,1,
7290006788085,false,"מרכך ""10"" לשיער צבוע700מ",קרליין,IL,מרכך 10 לשיער,מיליליטרים,700.00,"100 מ""ל",false,0,10.00,1.43,true,1,
7290006788399,false,דאו.קרליין רולאון נושם75,קרליין,IL,דאודורנט קרליין,גרמים,75.00,100 גרם,false,0,14.80,19.73,true,1,
7290006788405,false,דאו.קרליין רולאון בורדו,קרליין,IL,דאודורנט קרליין,מיליליטרים,75.00,"100 מ""ל",false,0,14.80,19.73,true,1,
7290006788429,false,דאו.קרליין רולאון כתום75,קרליין,IL,דאודורנט קרליין,מיליליטרים,75.00,"100 מ""ל",false,0,14.80,19.73,true,1,
7290006788450,false,דאו.קרלייןSENSITIVE 200,קרליין,IL,דאודורנט קרליין,מיליליטרים,200.00,"100 מ""ל",false,0,12.90,6.45,true,1,
7290006788498,false,דאו.קרליין ספרי PURE 200,קרליין,IL,דאודורנט קרליין,מיליליטרים,200.00,"100 מ""ל",false,0,12.90,6.45,true,1,
7290006788504,false,דאו.קרליין ספריי סגול200,קרליין,IL,דאודורנט קרליין,מיליליטרים,200.00,"100 מ""ל",false,0,12.90,6.45,true,1,
7290006788689,false,"שמפו ""10"" 2ב1- 700 מ""ל",קרליין,IL,"שמפו ""10"" 2ב1-",מיליליטרים,700.00,"100 מ""ל",false,0,10.00,1.43,true,1,
7290006789617,false,"קרם ""10"" לחות לתלתל 400מ",קרליין,IL,קרליין קרם לשיער,מיליליטרים,400.00,"100 מ""ל",false,0,16.90,4.23,true,1,
7290006791481,false,שמן ארגן לשיער,,,שמן ארגן לשיער,מיליליטרים,145.00,"100 מ""ל",false,0,48.40,33.38,true,1,
7290006822840,false,מאלטי 1.5 ליטר,קרלסברג ישראל,IL,בירה מאלטי,ליטרים,1.50,ליטר,false,0,7.40,4.93,true,1,
7290006822857,false,מאלטי דיאט 1.5 ליטר,קרלסברג ישראל,IL,מאלטי דיאט,ליטרים,1.50,ליטר,false,0,7.40,4.93,true,1,
7290006855251,false,ברבריא קשיו+חמוציות27*4ג,טבעית מוצרים מן הטבע,IL,חטיפי ברבריא 4יח,גרמים,108.00,100 גרם,false,0,17.90,16.57,true,1,
7290006869128,false,לרוויה-לבן 1.5% שומן 1ל',טרה,IL,לרוויה-לבן 1.5%,ליטרים,1.00,ליטר,false,0,10.80,10.80,true,1,
7290006869449,false,"לבן 3% שומן 150 מ""ל",טרה,IL,לבן 3% שומן טרה,מיליליטרים,150.00,"100 מ""ל",false,0,1.05,0.70,true,1,
7290006895745,false,קציצות עוף כרישה 600גרם,תנובה,IL,קציצות עוף כרישה 600גרם,גרמים,600.00,100 גרם,false,0,32.50,5.42,true,1,
7290006982704,false,צ'יפסי מארז 20*10 גרם,אסם,IL,צ'יפסי 10 יח,גרמים,200.00,100 גרם,false,0,17.50,8.75,true,1,
7290006983152,false,קרוטונים מתובלים למרק400,עינת,IL,קרוטונים מתובלים,גרמים,400.00,100 גרם,false,0,19.60,4.90,true,1,
7290006983176,false,לחמית שיפון 230 גרם,אסם,IL,לחמית שיפון אסם,גרמים,230.00,100 גרם,false,0,8.90,3.87,true,1,
7290006983770,false,עוגת הבית שיש אסם 400 גר,אסם,IL,עוגת שיש,גרמים,400.00,100 גרם,false,0,11.90,2.98,true,1,
7290006983787,false,עוגת שוקולד צ'יפס 400 גר,אסם,IL,עוגת שוקוצ'יפס,גרמים,400.00,100 גרם,false,0,11.90,2.98,true,1,
7290006983794,false,עוגת הבית תפוז 400 גרם,אסם,IL,עוגת תפוז,גרמים,400.00,100 גרם,false,0,11.90,2.98,true,1,
7290006989079,false,מברשת שטיחים 525,המברשת רוחמה,IL,מברשת שטיחים,יחידה,1.00,יחידה,false,0,20.20,20.20,true,1,
7290006989529,false,50אטבי טיטניום מחוזקים,המברשת רוחמה,IL,אטבי טיטניום,יחידה,1.00,יחידה,false,0,20.30,20.30,true,1,
7290008000246,false,"פמינה + אלוורה 220 מ""ל",כצט,IL,שטיפה + אלוורה,מיליליטרים,220.00,"100 מ""ל",false,0,22.90,10.41,true,1,
7290008000826,false,"משחת שיניים ברבי 50 מ""ל",כצט,IL,משחת שיניים ברבי,מיליליטרים,50.00,"100 מ""ל",false,0,10.70,21.40,true,1,
7290008021050,false,שמפו פינוק יבש מאוד700מל,יוניליוור,IL,שמפו פינוק,מיליליטרים,700.00,"100 מ""ל",false,0,10.00,1.43,true,1,
7290008021104,false,"מרכך פינוק רגיל 700 מ""ל",יוניליוור,IL,מרכך שיער פינוק,מיליליטרים,700.00,"100 מ""ל",false,0,10.00,1.43,true,1,
7290008084956,false,בייבי פסטה,,IL,בייבי פסטה,גרמים,120.00,100 גרם,false,0,14.90,12.42,true,1,
7290008096317,false,משחה פרדונטקס פלואוריד50,"מאסטרפוד אוסטריה בע""מ",GB,משחת שיניים,מיליליטרים,50.00,"100 מ""ל",false,0,20.90,41.80,true,1,
7290008154802,false,שניצל עוף עם תירס 700 גר,עוף טוב,IL,שניצל עוף תירס,גרמים,700.00,100 גרם,false,0,35.00,5.00,true,1,
7290008175494,false,ממרח חמאה,,DK,ממרח חמאה,גרמים,250.00,100 גרם,false,0,15.80,6.32,true,1,
7290008175760,false,גבינת מנצ'גו,,,גבינת מנצ'גו,קילוגרמים,0.00,"ק""ג",true,0,109.00,109.00,true,1,
7290008175777,false,גבינת איבריקו,,,גבינת איבריקו,קילוגרמים,0.00,"ק""ג",true,0,99.00,99.00,true,1,
7290008175814,false,פטריות חתוכות,,IL,פטריות חתוכות,גרמים,400.00,100 גרם,false,0,4.50,1.13,true,1,
7290008175821,false,פטריות חתוכות,,IL,פטריות חתוכות,גרמים,800.00,100 גרם,false,0,8.90,1.11,true,1,
7290008190664,false,אגו ופלים אגוזים חלב130ג,כרמית,IL,אגו ופל אגוזים,גרמים,130.00,100 גרם,false,0,8.50,6.54,true,1,
7290008190688,false,"סוכריות טעם קפה ללת""ס60ג",סולא,DE,סוכריות חופשי,גרמים,60.00,100 גרם,false,0,7.40,12.33,true,1,
7290008190909,false,מיני קוקיס שוק.צ'יפס600ג,כרמית,IL,מיני קוקיס,גרמים,600.00,100 גרם,false,0,15.90,2.65,true,1,
7290008213493,false,משחה קולגייט להלבנה 100מ,קולגייט-פלמוליב,PL,משחה קולגייט להלבנה 100מ,מיליליטרים,100.00,"100 מ""ל",false,0,14.90,14.90,true,1,
7290008263610,false,קורנפלקס אורגני 375 גרם,הרדוף,IL,קורנפלקס אורגני,גרמים,375.00,100 גרם,false,0,18.50,4.93,true,1,
7290008263634,false,ברנפלקס אורגני 375 גרם,הרדוף,IL,ברנפלקס אורגני,גרמים,375.00,100 גרם,false,0,18.50,4.93,true,1,
7290008263658,false,משקה סויה,,IL,משקה סויה,ליטרים,1.00,ליטר,false,0,12.80,12.80,true,1,
7290008263764,false,פוזילי טריקולור 500 גרם,הרדוף,IT,פוזילי אורגני,גרמים,500.00,100 גרם,false,0,12.40,2.48,true,1,
7290008328197,false,תות שדה במיץ,,IL,תות שדה במיץ,גרמים,410.00,100 גרם,false,0,8.80,2.15,true,1,
7290008330459,false,דאב קרם ידיים רגיל 100מל,יוניליוור,IL,דאב קרם ידיים,מיליליטרים,100.00,"100 מ""ל",false,0,10.80,10.80,true,1,
7290008333115,false,אבקת ג'לטין טהור 28 גרם,מאיר עזרא ובניו,IL,אבקת ג'לטין,גרמים,28.00,100 גרם,false,0,9.50,33.93,true,1,
7290008333849,false,שיפודי פרגיות מתובל450גר,טיבון ויל - נטו,IL,שיפודי פרגיות,גרמים,450.00,100 גרם,false,0,33.70,7.49,true,1,
7290008340618,false,סלמון מעושן מצונן 100 גר,דלידג - נטו,IL,סלמון מעושן,גרמים,100.00,100 גרם,false,0,14.90,14.90,true,1,
7290008343466,false,בצק פילו 500 גרם,"שגמור בע""מ",IL,בצק פילו 500 גרם,גרמים,500.00,100 גרם,false,0,20.70,4.14,true,1,
7290008343503,false,ג'חנון אפוי 650 גרם,אופרה,IL,ג'חנון אפוי,גרמים,650.00,100 גרם,false,0,21.90,3.37,true,1,
7290008343510,false,מיני ג'חנון אפוי 650 גרם,אופרה,IL,מיני ג'חנון אפוי,גרמים,650.00,100 גרם,false,0,23.90,3.68,true,1,
7290008343558,false,סיגרים בשר 1 ק'ג שלושת,שלושת האופים,IL,סיגרים פיקנטי,קילוגרמים,1.00,"ק""ג",false,0,24.90,24.90,true,1,
7290008343565,false,סיגרים תפו'א 1 ק'ג שלוש,שלושת האופים,IL,"סיגרים תפו""א",קילוגרמים,1.00,"ק""ג",false,0,24.90,24.90,true,1,
7290008343572,false,אגרול סיני 1 ק'ג שלושת,שלושת האופים,IL,אגרול סיני,גרמים,1000.00,100 גרם,false,0,24.90,2.49,true,1,
7290008343626,false,פלאפל 1קג,שלושת האופים,IL,פלאפל 1 ק'ג,גרמים,1000.00,100 גרם,false,0,24.90,2.49,true,1,
7290008344258,false,המבורגר מזרחי 400 גרם,טיבון ויל - נטו,IL,המבורגר מזרחי,גרמים,400.00,100 גרם,false,0,20.70,5.18,true,1,
7290008344272,false,המבורגר 100% 400 גרם,טיבון ויל - נטו,IL,המבורגר בקר,גרמים,400.00,100 גרם,false,0,21.70,5.43,true,1,
7290008345118,false,מקרל בשמן 240 גרם,דלידג - נטו,IL,מקרל בשמן,גרמים,240.00,100 גרם,false,0,22.00,9.17,true,1,
7290008345125,false,פילה מטיאס בשמן 240 גרם,דלידג - נטו,IL,פילה מטיאס בשמן,גרמים,240.00,100 גרם,false,0,20.70,8.63,true,1,
7290008345132,false,הרינג כבוש 240 גרם,דלידג - נטו,IL,הרינג כבוש,גרמים,240.00,100 גרם,false,0,22.00,9.17,true,1,
7290008345156,false,פילה מקרוסקה במשקל,דלידג - נטו,IL,פילה מקרוסקה,קילוגרמים,0.00,"ק""ג",true,0,101.00,101.00,true,1,
7290008345170,false,מקרל חצאים במשקל,דלידג - נטו,IL,מקרל חצאים,קילוגרמים,0.00,"ק""ג",true,0,90.00,90.00,true,1,
7290008345545,false,מטיאס פרובנציאל במשקל,,,מטיאס פרובנציאל במשקל,קילוגרמים,0.00,"ק""ג",true,0,55.00,55.00,true,1,
7290008345576,false,איקרה ביתית לבנה 300 גרם,דלידג - נטו,IL,איקרה ביתית לבנה,גרמים,300.00,100 גרם,false,0,16.20,5.40,true,1,
7290008345583,false,איקרה ביתית ורודה 300 גר,דלידג - נטו,IL,איקרה ביתית,גרמים,300.00,100 גרם,false,0,16.20,5.40,true,1,
7290008347211,false,אצבעות דג 700 גרם,דלידג - נטו,IL,אצבעות דג,גרמים,700.00,100 גרם,false,0,22.70,3.24,true,1,
7290008347730,false,סלמון הילטון,,,סלמון הילטון,קילוגרמים,0.00,"ק""ג",true,0,168.00,168.00,true,1,
7290008347877,false,ג'לטין בקר 28 גרם,נטו,IT,ג'לטין בקר 28 גרם,גרמים,28.00,100 גרם,false,0,8.30,29.64,true,1,
7290008367905,false,בורקס שבלול,,IL,בורקס שבלול,יחידה,1.00,יחידה,false,0,10.40,10.40,true,1,
7290008380775,false,קפסולות אספרסו ירוק50גרם,ורנינו,IT,קפסולות אספרסו,גרמים,50.00,100 גרם,false,1,11.90,23.80,true,1,
7290008409100,false,אצבעות שניצל בשומשום 700,תנובה,IL,אצבעות שניצל בשומשום 700,גרמים,700.00,100 גרם,false,0,35.00,5.00,true,1,
7290008409124,false,שניצל ג'ונגל 700 גרם,תנובה,IL,שניצל ג'ונגל 700 גרם,גרמים,700.00,100 גרם,false,0,36.60,5.23,true,1,
7290008409216,false,שניצל דק דק פריך 700 גרם,תנובה,IL,שניצל דק דק פריך 700 גרם,גרמים,700.00,100 גרם,false,0,41.90,5.99,true,1,
7290008409223,false,שניצל דק מתובל 700 גרם,תנובה,IL,שניצל דק מתובל 700 גרם,גרמים,700.00,100 גרם,false,0,41.90,5.99,true,1,
7290008409308,false,כנפי עוף בתיבול גריל400ג,תנובה,IL,כנפי עוף בתיבול גריל400ג,גרמים,400.00,100 גרם,false,0,27.30,6.83,true,1,
7290008409315,false,מיני דק שניצלונים 500גרם,תנובה,IL,מיני דק שניצלונים 500גרם,גרמים,500.00,100 גרם,false,0,27.90,5.58,true,1,
7290008409353,false,מיני טבעות עוף דק,תנובה,IL,מיני טבעות עוף דק,גרמים,500.00,100 גרם,false,0,27.90,5.58,true,1,
7290008409377,false,שווארמה פרגיות 400 גרם,תנובה,IL,שווארמה פרגיות 400 גרם,יחידה,1.00,יחידה,false,0,38.70,38.70,true,1,
7290008409407,false,שניצל דק בציפוי צ'יפס 00,תנובה,IL,שניצל דק בציפוי צ'יפס 00,גרמים,700.00,100 גרם,false,0,41.90,5.99,true,1,
7290008409421,false,גריל חזה עוף טרי 420 גרם,תנובה,IL,גריל חזה עוף טרי 420 גרם,גרמים,420.00,100 גרם,false,0,37.70,8.98,true,1,
7290008409452,false,"שישליק עוף אמיתי ""מאמעוף",תנובה,IL,"שישליק עוף אמיתי ""מאמעוף",גרמים,400.00,100 גרם,false,0,37.70,9.43,true,1,
7290008409476,false,"קציצות עוף""מאמאעוף"" 480",תנובה,IL,"קציצות עוף""מאמאעוף"" 480",גרמים,480.00,100 גרם,false,0,27.30,5.69,true,1,
7290008409551,false,שניצל עוף אמיתי מעודן700,תנובה,IL,שניצל עוף אמיתי מעודן700,גרמים,700.00,100 גרם,false,0,41.70,5.96,true,1,
7290008409568,false,שניצל ציפס אמיתי 700 גרם,תנובה,IL,שניצל ציפס אמיתי 700 גרם,גרמים,700.00,100 גרם,false,0,41.70,5.96,true,1,
7290008409575,false,פילה עוף שומשום 700 גרם,תנובה,IL,פילה עוף שומשום 700 גרם,גרמים,700.00,100 גרם,false,0,41.70,5.96,true,1,
7290008409582,false,שניצל אמיתי ביתי 700 גרם,תנובה,IL,שניצל אמיתי ביתי 700 גרם,גרמים,700.00,100 גרם,false,0,41.70,5.96,true,1,
7290008409643,false,פילה עוף בתיבול על האש 0,תנובה,IL,פילה עוף בתיבול על האש 0,גרמים,600.00,100 גרם,false,0,42.70,7.12,true,1,
7290008409667,false,טבעות עוף בציפוי 700 גרם,תנובה,IL,טבעות עוף בציפוי 700 גרם,גרמים,700.00,100 גרם,false,0,35.20,5.03,true,1,
7290008409773,false,קציצות עוף ביתיות 700 גר,תנובה,IL,קציצות עוף ביתיות 700 גר,גרמים,700.00,100 גרם,false,0,31.60,4.51,true,1,
7290008409841,false,רצועוף שומשום 650 גרם,תנובה,IL,רצועוף שומשום,גרמים,650.00,100 גרם,false,0,41.30,6.35,true,1,
7290008415071,false,חומוס עם טחינה 150 גרם,צבר,IL,חומוס עם טחינה,גרמים,150.00,100 גרם,false,0,5.40,3.60,true,1,
7290008415514,false,חומוס עם חריף 150 גרם,צבר,IL,חומוס עם חריף,גרמים,150.00,100 גרם,false,0,4.90,3.27,true,1,
7290008443630,false,שמפו נקה7 שיער מתולתל750,אמיליה קוסמטיקס,IL,שמפו נקה 7,מיליליטרים,750.00,"100 מ""ל",false,0,9.90,1.32,true,1,
7290008461177,false,גבינת חלומי,,GR,גבינת חלומי,גרמים,200.00,100 גרם,false,0,15.00,7.50,true,1,
7290008462204,false,םרג 380 ןו'זיד לדרח,וטנ,FR,חרדל דיז'ון,גרמים,380.00,100 גרם,false,0,12.90,3.39,true,1,
7290008462259,false,חרדל דיז'ון,,FR,חרדל דיז'ון,גרמים,380.00,100 גרם,false,0,14.90,3.92,true,1,
7290008462310,false,גבינת סנט מור עיזים משקל,,,גבינת סנט מור עיזים משקל,קילוגרמים,0.00,"ק""ג",true,0,154.00,154.00,true,1,
7290008464000,false,סבן אפ 1.5*6 ליטר,טמפו,IL,סבן אפ 6 יחידות,ליטרים,9.00,ליטר,false,0,21.90,2.43,true,1,
7290008464017,false,סבן אפ דיאט 1.5*6 ליטר,טמפו,IL,סבן אפ דיאט 6 יח,ליטרים,9.00,ליטר,false,0,21.90,2.43,true,1,
7290008464024,false,גולדסטאר בפחית,,IL,גולדסטאר בפחית,מיליליטרים,500.00,"100 מ""ל",false,0,9.40,1.88,true,1,
7290008464130,false,בירה גולדסטאר6יח,,IL,בירה גולדסטאר6יח,ליטרים,1.98,ליטר,false,0,34.90,17.63,true,1,
7290008464222,false,בירה מכבי פחית7.9% 500מ,טמפו,IL,בירה מכבי 7.9%,מיליליטרים,500.00,"100 מ""ל",false,1,8.10,1.62,true,1,
7290008464369,false,"פפסי קולה בפחית 330 מ""ל",טמפו,IL,פפסי קולה פחית,מיליליטרים,330.00,"100 מ""ל",false,0,4.00,1.21,true,1,
7290008464390,false,"דיאט סבנ אפ פחית 330 מ""ל",טמפו,IL,דיאט סבן אפ פחית,מיליליטרים,330.00,"100 מ""ל",false,0,4.00,1.21,true,1,
7290008464406,false,"פפסי מקס פחית 330 מ""ל",טמפו,IL,פפסי מקס פחית,מיליליטרים,330.00,"100 מ""ל",false,0,4.00,1.21,true,1,
7290008464468,false,בירה גולדסטאר פחית 500מל,טמפו,IL,בירה גולדסטאר,מיליליטרים,500.00,"100 מ""ל",false,0,8.40,1.68,true,1,
7290008464475,false,"בירה מכבי פחית 500 מ""ל",טמפו,IL,בירה מכבי פחית,מיליליטרים,500.00,"100 מ""ל",false,0,6.80,1.36,true,1,
7290008464512,false,ג'אמפ מוגז אשכ.אדומה1.5ל,טמפו,IL,ג'אמפ אשכוליות,ליטרים,1.50,ליטר,false,1,4.90,3.27,true,1,
7290008464529,false,ג'אמפ מוגז ענבים 1.5ל,טמפו,IL,ג'אמפ ענבים,ליטרים,1.50,ליטר,false,1,4.90,3.27,true,1,
7290008464604,false,"בירה הייניקן פחית 500מ""ל",היינקן,IL,בירה היינקן פחית,מיליליטרים,500.00,"100 מ""ל",false,0,11.80,2.36,true,1,
7290008464697,false,בירה מכבי 6 יח,,IL,בירה מכבי 6 יח,ליטרים,1.98,ליטר,false,0,29.90,15.10,true,1,
7290008464703,false,"בירה מכבי 6 בק330* מ""ל",טמפו,IL,בירה מכבי 6 בקב.,ליטרים,1.98,ליטר,false,0,29.90,15.10,true,1,
7290008464741,false,"בירה גולדסטאר בק330*6מ""ל",טמפו,IL,גולדסטאר 6 יח',ליטרים,1.98,ליטר,false,0,29.90,15.10,true,1,
7290008464796,false,"בירה הייניקן בק330*6 מ""ל",היינקן,IL,בירה הייניקן 6יח,ליטרים,1.98,ליטר,false,0,32.90,16.62,true,1,
7290008464987,false,סודה טמפו 1.5*6 ליטר,טמפו,IL,סודה טמפו שישיה,ליטרים,9.00,ליטר,false,0,14.80,1.64,true,1,
7290008470766,false,אורביט סטיקס פפרמינ13*8ג,ריגלי,FR,אורביט סטיקס 8יח,גרמים,104.00,100 גרם,false,0,15.30,14.71,true,1,
7290008470810,false,מסטיק פייב מנטה 4 יח,ריגלי,FR,מסטיק פייב 4 יח,גרמים,76.00,100 גרם,false,0,17.70,23.29,true,1,
7290008470827,false,מסטיק פייב אבטיח 4 יח,ריגלי,FR,מסטיק פייב 4 יח,גרמים,76.00,100 גרם,false,0,17.70,23.29,true,1,
7290008470889,false,אורביט סטיקס תות 13*8גרם,ריגלי,FR,אורביט סטיקס 8יח,גרמים,104.00,100 גרם,false,1,15.30,14.71,true,1,
7290008493314,false,בייגלה שמיניות מלוח400גר,מאיר את ביגל,IL,בייגלה שמיניות,גרמים,400.00,100 גרם,false,0,7.90,1.98,true,1,
7290008493390,false,גריסיני טבעי 200 גרם,מאיר את ביגל,IL,גריסיני טבעי,גרמים,200.00,100 גרם,false,0,7.90,3.95,true,1,
7290008493406,false,גריסיני שומשום 175 גרם,מאיר את ביגל,IL,גריסיני שומשום,גרמים,175.00,100 גרם,false,0,7.90,4.51,true,1,
7290008493413,false,פירורי גריסיני 200 גרם,מאיר את ביגל,IL,פירורי גריסיני,גרמים,200.00,100 גרם,false,0,6.20,3.10,true,1,
7290008493482,false,בייגלה גדול שומשום 300גר,מאיר את ביגל,IL,בייגלה שומשום,גרמים,300.00,100 גרם,false,0,7.90,2.63,true,1,
7290008493499,false,בייגלה שטוחל'ה מלח350גרם,מאיר את ביגל,IL,בייגלה שטוחל'ה,גרמים,350.00,100 גרם,false,0,9.90,2.83,true,1,
7290008493505,false,בייגלה שטוחל'ה שומשום300,מאיר את ביגל,IL,בייגלה שטוחלה,גרמים,300.00,100 גרם,false,0,9.90,3.30,true,1,
7290008493574,false,בייגלה שטוחלה פינוקים300,מאיר את ביגל,IL,שטוחלה פינוקים,גרמים,300.00,100 גרם,false,0,9.90,3.30,true,1,
7290008493642,false,בייגלה חיטה מלאה 300ג,מאיר את ביגל,IL,בייגלה שטוחלה,גרמים,300.00,100 גרם,false,0,9.90,3.30,true,1,
7290008493765,false,שטוחל'ה צ'ילי מתוק 300גר,מאיר את ביגל,IL,שטוחל'ה צ'ילי,גרמים,300.00,100 גרם,false,1,9.90,3.30,true,1,
7290008515221,false,עלים לסיגרים 500 גרם,יסמין,IL,עלים לסיגרים,גרמים,500.00,100 גרם,false,0,11.80,2.36,true,1,
7290008644112,false,סלט מטבוחה יום יום 125גר,שטראוס,IL,מטבוחה יום יום,גרמים,125.00,100 גרם,false,0,4.80,3.84,true,1,
7290008644235,false,עלי בייבי 120גרם-שטראוס,שטראוס,IL,עלי בייבי 120גרם-שטראוס,גרמים,120.00,100 גרם,false,0,9.90,8.25,true,1,
7290008644839,false,ח.ערבית/איסברג-300שטראוס,שטראוס,IL,ח.ערבית/איסברג-300שטראוס,גרמים,300.00,100 גרם,false,0,10.50,3.50,true,1,
7290008644945,false,סלט המושבה 450גרם-שטראוס,שטראוס,IL,סלט המושבה 450גרם-שטראוס,גרמים,450.00,100 גרם,false,0,12.90,2.87,true,1,
7290008645935,false,חומוס אחלה 750 גרם,שטראוס,IL,חומוס אחלה,גרמים,750.00,100 גרם,false,0,11.90,1.59,true,1,
7290008670012,false,קברנה סוביניון,,IL,קברנה סוביניון,מיליליטרים,750.00,"100 מ""ל",false,0,49.90,6.65,true,1,
7290008670029,false,יין רקנאטי מרלו,,IL,יין רקנאטי מרלו,מיליליטרים,750.00,"100 מ""ל",false,0,49.90,6.65,true,1,
7290008670142,false,רקנאטי יסמין,,IL,רקנאטי יסמין,מיליליטרים,750.00,"100 מ""ל",false,0,38.60,5.15,true,1,
7290008679428,false,זוג כפפות בית,,IL,זוג כפפות בית,יחידה,1.00,יחידה,false,0,5.90,5.90,true,1,
7290008690164,false,ק.קולה לימון דיאט1.5ליטר,החברה המרכזית לייצור משקאות,IL,קולה דיאט לימון,ליטרים,1.50,ליטר,false,0,6.80,4.53,true,1,
7290008690713,false,נקטר חמוציות טבעי 1 ליטר,פריגת,IL,נקטר חמוציות,ליטרים,1.00,ליטר,false,0,10.20,10.20,true,1,
7290008693134,false,דניאלה תות מוקצף5% 150מ,שטראוס,IL,דניאלה תות מוקצף,מיליליטרים,150.00,"100 מ""ל",false,0,4.10,2.73,true,1,
7290008713016,false,לחם שבעה דגנים קל 500גרם,מאפיית שלמה א. אנג'ל,IL,לחם שבעה דגנים קל 500גרם,גרמים,500.00,100 גרם,false,0,13.80,2.76,true,1,
7290008713498,false,לחם עינן מסורתי 750 גרם,מאפיית שלמה א. אנג'ל,IL,לחם עינן מסורתי 750 גרם,גרמים,750.00,100 גרם,false,0,14.80,1.97,true,1,
7290008713696,false,הלחמניה המלאה 75*6 גרם,מאפיית שלמה א. אנג'ל,IL,הלחמניה המלאה 75*6 גרם,גרמים,450.00,100 גרם,false,0,13.20,2.93,true,1,
7290008713900,false,לחם שיפון עגול 750 גרם,מאפיית שלמה א. אנג'ל,IL,לחם שיפון עגול 750 גרם,גרמים,750.00,100 גרם,false,0,10.90,1.45,true,1,
7290008713917,false,לחם שיפון כהה 750 גרם,מאפיית שלמה א. אנג'ל,IL,לחם שיפון כהה 750 גרם,גרמים,750.00,100 גרם,false,0,10.90,1.45,true,1,
7290008745239,false,תפוצ'יפס קראנצ' טבעי50ג,עלית,IL,תפוצ'יפס קראנצ',גרמים,50.00,100 גרם,false,0,3.80,7.60,true,1,
7290008746038,false,בונ.לב בינוני חלב 162גרם,עלית,IL,בונבוניירה לב,גרמים,162.00,100 גרם,false,0,28.60,17.65,true,1,
7290008747424,false,שוקולד במילוי תות 100גרם,עלית,IL,שוקולד במלוי תות,גרמים,100.00,100 גרם,false,0,5.50,5.50,true,1,
7290008747431,false,שוקולד פרה במילוי תות50ג,עלית,IL,שוקולד פרה תות,גרמים,50.00,100 גרם,false,0,3.90,7.80,true,1,
7290008747516,false,צ'יטוס איקס עיגול 15*10ג,עלית,IL,צ'יטוס 10 יח',גרמים,150.00,100 גרם,false,0,9.90,6.60,true,1,
7290008748384,false,שוקולד ספלנדיד מריר100גר,עלית,IL,שוקולד ספלנדיד,גרמים,100.00,100 גרם,false,0,10.90,10.90,true,1,
7290008749343,false,בפלות שחור לבן 400 גרם,עלית,IL,ופלים שחור לבן,גרמים,400.00,100 גרם,false,0,15.40,3.85,true,1,
7290008749954,false,טוב טעם מגדים 20 יחידות,עלית,IL,חטיפי וופל,גרמים,30.00,100 גרם,false,0,19.90,66.33,true,1,
7290008753876,false,בפלות עוגת גבינה+פירו350,עלית,IL,בפלות פירורים,גרמים,350.00,100 גרם,false,0,15.40,4.40,true,1,
7290008754415,false,מאסט LL עדין ספירמינט28ג,עלית,IL,מסטיק מאסט LL,גרמים,28.00,100 גרם,false,0,4.30,15.36,true,1,
7290008757980,false,נקטר ספרינג רימונים 1 ל',יפאורה שותפות מובגלת לשיווק,IL,נקטר רימונים,ליטרים,1.00,ליטר,false,0,4.90,4.90,true,1,
7290008775731,false,"רוטב וינגרט קלאסי 290מ""ל",אסם,IL,רוטב ויניגרט אסם,מיליליטרים,290.00,"100 מ""ל",false,0,10.90,3.76,true,1,
7290008775823,false,ערגליות תות 300 גרם,אסם,IL,ערגליות תות,גרמים,300.00,100 גרם,false,0,10.30,3.43,true,1,
7290008801010,false,קברנה מרלו P.C,,,קברנה מרלו P.C,מיליליטרים,750.00,"100 מ""ל",false,0,32.90,4.39,true,1,
7290008801157,false,מרלו סלקטד,,,מרלו סלקטד,מיליליטרים,750.00,"100 מ""ל",false,0,21.90,2.92,true,1,
7290008801843,false,קברנה סוביניון,,,קברנה סוביניון,מיליליטרים,750.00,"100 מ""ל",false,0,21.90,2.92,true,1,
7290008802291,false,"מרלו P.C 750 מ""ל",יקבי כרמל,,מרלו P.C,מיליליטרים,750.00,"100 מ""ל",false,0,32.90,4.39,true,1,
7290008802512,false,"יין אדום יבש וינו 750מ""ל",יקבי כרמל,IL,יין אדום יבש,מיליליטרים,750.00,"100 מ""ל",false,0,15.90,2.12,true,1,
7290008802895,false,קברנה סוביניוןP.C. 750מל,יקבי כרמל,IL,קברנה סוביניון,מיליליטרים,750.00,"100 מ""ל",false,0,32.90,4.39,true,1,
7290008804332,false,"שיראז אדום יבש 750P.Cמ""ל",יקבי כרמל,IL,שיראז אדום יבש,מיליליטרים,750.00,"100 מ""ל",false,0,32.90,4.39,true,1,
7290008804462,false,"מוסקט קינוח P.C 500 מ""ל",יקבי כרמל,IL,מוסקט קינוח,מיליליטרים,500.00,"100 מ""ל",false,0,32.80,6.56,true,1,
7290008804752,false,ברוט מבעבע לבן יבש 750מל,יקבי כרמל,IL,ברוט יין מבעבע,מיליליטרים,750.00,"100 מ""ל",false,0,32.90,4.39,true,1,
7290008804769,false,קברנה מרלו שיראז סלקט750,יקבי כרמל,,קברנה מרלו שיראז,מיליליטרים,750.00,"100 מ""ל",false,0,21.90,2.92,true,1,
7290008805049,false,"זינפנדל סלקטד 750 מ""ל",יקבי כרמל,IL,זינפנדל סמוק,מיליליטרים,750.00,"100 מ""ל",false,0,21.90,2.92,true,1,
7290008805520,false,קברנה מרלו סלקטד,,,קברנה מרלו סלקטד,מיליליטרים,750.00,"100 מ""ל",false,0,21.90,2.92,true,1,
7290008805933,false,"יין רכס אדום 750 מ""ל",יקבי כרמל,IL,יין רכס אדום,מיליליטרים,750.00,"100 מ""ל",false,0,24.70,3.29,true,1,
7290008805964,false,קברנה שיראז סדרה אזורית,יקבי כרמל,IL,קברנה שיראז,מיליליטרים,750.00,"100 מ""ל",false,0,44.90,5.99,true,1,
7290008806268,false,גלידה קורנטו ביס 12יח',שטראוס,IL,גלידה קורנטו ביס 12יח',גרמים,144.00,100 גרם,false,0,30.90,21.46,true,1,
7290008806909,false,גלידה לייט שוקו וניל1.33,שטראוס,IL,גלידה לייט שוקו וניל1.33,ליטרים,1.33,ליטר,false,0,18.90,14.21,true,1,
7290008806961,false,קרמיסימו פרה שוקולד1.33ל,שטראוס,IL,קרמיסימו פרה שוקולד1.33ל,ליטרים,1.33,ליטר,false,0,18.90,14.21,true,1,
7290008807067,false,"טבע מרלו אדום יבש 750מ""ל",יקבי בנימינה,IL,טבע מרלו,מיליליטרים,750.00,"100 מ""ל",false,0,19.90,2.65,true,1,
7290008807128,false,"יוגב קברנה שיראז 750 מ""ל",יקבי בנימינה,IL,יוגב קברנה שיראז,מיליליטרים,750.00,"100 מ""ל",false,1,29.90,3.99,true,1,
7290008830829,false,רוטב סויה מובחר,,,רוטב סויה מובחר,מיליליטרים,750.00,"100 מ""ל",false,0,12.40,1.65,true,1,
7290008833714,false,וודקה גריי גוס,,,וודקה גריי גוס,מיליליטרים,750.00,"100 מ""ל",false,0,119.90,15.99,true,1,
7290008849609,false,רוטב שום דבש לעוף 330 גר,אוליביה,IL,רוטב שום דבש,גרמים,330.00,100 גרם,false,0,13.00,3.94,true,1,
7290008858045,false,עלים לקרם שניט 400 גרם,אשבל,IL,עלים לקרם שניט,גרמים,400.00,100 גרם,false,0,20.10,5.03,true,1,
7290008909440,false,פאנטה אורנג' מנגו 1.5 ל',החברה המרכזית לייצור משקאות,IL,פאנטה אורנג',ליטרים,1.50,ליטר,false,0,6.90,4.60,true,1,
7290008909853,false,"קוקה קולה ZERO 500 מ""ל",החברה המרכזית לייצור משקאות,IL,קוקה קולה ZERO,מיליליטרים,500.00,"100 מ""ל",false,0,6.90,1.38,true,1,
7290008909860,false,קוקה קולה ZERO 1.5 ליטר,החברה המרכזית לייצור משקאות,IL,קוקה קולה ZERO,ליטרים,1.50,ליטר,false,0,6.90,4.60,true,1,
7290008909877,false,קוקה קולה זירו 1.5*6 ל',החברה המרכזית לייצור משקאות,IL,קולה זירו 1.5*6ל,ליטרים,9.00,ליטר,false,0,35.90,3.99,true,1,
7290008945202,false,50 גלילונית למשרד90*75סמ,קילט ניהול פרוייקטים,IL,גלילונית למשרד,יחידה,1.00,יחידה,false,0,12.90,12.90,true,1,
7290009127515,true,צלעות טרי מוכשר אנגוס קג,פניסקו,AR,צלעות טרי מוכשר,קילוגרמים,0.00,"ק""ג",true,0,79.90,79.90,true,1,
7290009127584,true,הודו טחון לבן,שונות,IL,הודו טחון לבן,קילוגרמים,0.00,"ק""ג",true,0,29.90,29.90,true,1,
7290009127867,true,כתף טרי מוכשר אנגוס קג,פניסקו,AR,כתף טרי המוכשר,קילוגרמים,0.00,"ק""ג",true,0,84.90,84.90,true,1,
7290009164848,true,קבב מזרחי 840גרם,.,IL,קבב מזרחי 840גרם,גרמים,840.00,100 גרם,false,1,44.90,5.35,true,1,
7290009164916,true,קבב בקר עם כבש 840גרם,.,IL,קבב בקר עם כבש,גרמים,840.00,100 גרם,false,1,44.90,5.35,true,1,
7290009165142,true,שיפודי פרגיות קפוא 450גר,.,IL,שיפודי פרגיות,גרמים,450.00,100 גרם,false,1,44.90,9.98,true,1,
7290009165388,true,מיני המבורגר ריב אנטריקו,.,IL,מיני המבורגר,גרמים,840.00,100 גרם,false,1,47.90,5.70,true,1,
7290009168112,true,המבורגר ריב אנטריקוט640ג,.,IL,המבורגר ריבאנטרי,גרמים,640.00,100 גרם,false,1,37.90,5.92,true,1,
7290009330618,true,שריר טרי מוכשר אנגוס קג,שופרסל,IL,שריר טרי מוכשר,קילוגרמים,0.00,"ק""ג",true,1,69.90,69.90,true,1,
7290009330922,true,צוואר טרי מוכשר אנגוס קג,שופרסל,IL,צוואר טרי מוכשר,קילוגרמים,0.00,"ק""ג",true,1,59.90,59.90,true,1,
7290009391459,true,צלי כתף טרי מוכשר אנגוס,פניסקו,AR,צלי כתף טרי מוכש,קילוגרמים,0.00,"ק""ג",true,1,89.90,89.90,true,1,
7290009395037,true,כבד עוף טרי תפזורת עצמי,שונות,IL,כבד עוף טרי,קילוגרמים,0.00,"ק""ג",true,0,17.90,17.90,true,1,
7290009395044,true,לב עוף טרי תפזורת עצמי,שונות,IL,לב עוף טרי,קילוגרמים,0.00,"ק""ג",true,0,23.90,23.90,true,1,
7290009395051,true,קורקבן עוף טרי ת.עצמי,שונות,IL,קרקבן עוף טרי,קילוגרמים,0.00,"ק""ג",true,0,9.90,9.90,true,1,
7290009395198,true,לב הודו טרי תפזורת עצמי,שונות,IL,לב הודו טרי,קילוגרמים,0.00,"ק""ג",true,0,23.90,23.90,true,1,
7290009397642,true,חמישית מאפין שוקו 200גרם,גידרון,IL,חמישית מאפין,גרמים,200.00,100 גרם,false,0,8.00,4.00,true,1,
7290009397697,true,מאפין שוק.צ'יפס 5י גדרון,גידרון,IL,חמישית מאפין,גרמים,200.00,100 גרם,false,0,8.00,4.00,true,1,
7290009398021,true,ביס באגט לבן,גידרון,IL,ביס באגט לבן,יחידה,1.00,יחידה,false,0,1.50,1.50,true,1,
7290009398038,true,ג'בטינה קוקטיל לבן,גידרון,IL,ג'בטינה קוקטיל,יחידה,1.00,יחידה,false,0,1.50,1.50,true,1,
7290009398137,true,מקלות בייגלה,גידרון,IL,מקלות בייגלה,יחידה,1.00,יחידה,false,0,2.90,2.90,true,1,
7290009398748,true,פס גבינה מעודן+אוכמנ650ג,גידרון,IL,פס גבינה+אוכמנ,גרמים,650.00,100 גרם,false,0,34.70,5.34,true,1,
7290009398786,true,מארז פיתות אסלית 5יח100*,מאפיית אנג'ל,IL,חמישיית פיתות,גרמים,500.00,100 גרם,false,0,6.90,1.38,true,1,
7290009398823,true,פרס בורגר פרג 500 גרם,גידרון,,פרס בורגר פרג,גרמים,500.00,100 גרם,false,0,23.80,4.76,true,1,
7290009399165,true,לחמניה קלה,גידרון,IL,לחמניה קלה,יחידה,1.00,יחידה,false,0,2.90,2.90,true,1,
7290009399479,true,עוג.מרוקאיות עגולות משקל,גידרון,IL,עוגיות מרוקאיות,קילוגרמים,0.00,"ק""ג",true,0,35.00,35.00,true,1,
7290009399486,true,עוגיות לבבות שוקולד משקל,גידרון,IL,עוגיות לבבות,קילוגרמים,0.00,"ק""ג",true,0,35.00,35.00,true,1,
7290009399493,true,עוג.עניבות קינמון משקל,גידרון,IL,עוגיות עניבות,קילוגרמים,0.00,"ק""ג",true,0,35.00,35.00,true,1,
7290009399523,true,מעמול תמרים במשקל,גידרון,,מעמול תמרים,קילוגרמים,0.00,"ק""ג",true,0,35.00,35.00,true,1,
7290009399608,true,עוג.מרוקאי ללא סוכר משקל,גידרון,IL,עוגיות מרוקאי,קילוגרמים,0.00,"ק""ג",true,0,39.00,39.00,true,1,
7290009399776,true,לחם מקמח מלא קל 510 גרם,גידרון,IL,לחם מלא קל,גרמים,510.00,100 גרם,false,0,11.40,2.24,true,1,
7290009399806,true,עוגת קרנץ טעם שוקולד 600,גידרון,,עוגת קרנץ 600גר,גרמים,600.00,100 גרם,false,0,16.90,2.82,true,1,
7290009401790,true,מארז פיתה כפרית 5יח100*ג,מאפיית אנג'ל,IL,פיתה כפרית 5יח,גרמים,500.00,100 גרם,false,0,7.90,1.58,true,1,
7290009802146,true,עוף שלם טרי ארוז עצמי,.,IL,עוף שלם טרי,קילוגרמים,0.00,"ק""ג",true,1,18.90,18.90,true,1,
7290009802191,true,עוף שלם טרי א.דיל ארוז,.,IL,עוף שלם טרי,קילוגרמים,0.00,"ק""ג",true,1,18.90,18.90,true,1,
7290009802221,true,כרעי עוף טרי א.דיל עצמי,.,IL,כרעי עוף טרי,קילוגרמים,0.00,"ק""ג",true,1,27.90,27.90,true,1,
7290009802481,true,קוקטייל טרי א.דיל עצמי,.,IL,קוקטייל טרי,קילוגרמים,0.00,"ק""ג",true,1,27.90,27.90,true,1,
7290009803815,true,ירכי עוף טרי א.דיל עצמי,.,IL,ירכי עוף טרי,קילוגרמים,0.00,"ק""ג",true,1,27.90,27.90,true,1,
7290009804591,true,כנפי עוף טרי א.דיל עצמי,.,IL,כנפי עוף טרי,קילוגרמים,0.00,"ק""ג",true,1,11.90,11.90,true,1,
7290009805291,true,חזה עוף טרי ארוז עצמי,.,IL,חזה עוף טרי,קילוגרמים,0.00,"ק""ג",true,1,31.90,31.90,true,1,
7290009806571,true,חזה עוף טרי א.דיל עצמי,.,IL,חזה עוף טרי,קילוגרמים,0.00,"ק""ג",true,1,31.90,31.90,true,1,
7290009806595,true,כבד עוף טרי,,,כבד עוף טרי,קילוגרמים,0.00,"ק""ג",true,0,17.90,17.90,true,1,
7290009807592,true,כבד עוף טרי א.דיל עצמי,.,IL,כבד עוף טרי,קילוגרמים,0.00,"ק""ג",true,1,17.90,17.90,true,1,
7290009807615,true,לב עוף טרי ארוז עצמי,.,IL,לב עוף טרי,קילוגרמים,0.00,"ק""ג",true,1,23.90,23.90,true,1,
7290009807622,true,לב עוף טרי א.דיל ארוז,.,IL,לב עוף טרי,קילוגרמים,0.00,"ק""ג",true,1,23.90,23.90,true,1,
7290009807646,true,שוקי עוף טרי ארוז עצמי,.,IL,שוקי עוף טרי,קילוגרמים,0.00,"ק""ג",true,1,32.90,32.90,true,1,
7290009810967,true,שוקי עוף טרי א.דיל עצמי,.,IL,שוקי עוף טרי,קילוגרמים,0.00,"ק""ג",true,1,32.90,32.90,true,1,
7290009811490,true,שניצל עוף טרי א.דיל עצמי,.,IL,שניצל עוף טרי,קילוגרמים,0.00,"ק""ג",true,1,34.90,34.90,true,1,
7290009811896,true,פרגיות עוף טרי אדיל עצמי,.,IL,פרגיות עוף טרי,קילוגרמים,0.00,"ק""ג",true,1,54.90,54.90,true,1,
7290009814309,true,פילה עוף טרי ארוז עצמי,.,IL,פילה עוף טרי,קילוגרמים,0.00,"ק""ג",true,1,32.90,32.90,true,1,
7290009814316,true,פילה עוף טרי א.דיל עצמי,.,IL,פילה עוף טרי,קילוגרמים,0.00,"ק""ג",true,1,32.90,32.90,true,1,
7290009814347,true,קורקבן עוף טרי,,,קורקבן עוף טרי,קילוגרמים,0.00,"ק""ג",true,0,9.90,9.90,true,1,
7290009814378,true,שוק הודו נ.טרי ארוז עצמי,.,IL,שוק הודו טרי,קילוגרמים,0.00,"ק""ג",true,1,28.90,28.90,true,1,
7290009819137,true,שניצל דק טרי א.דיל עצמי,.,IL,שניצל דק טרי,קילוגרמים,0.00,"ק""ג",true,1,39.90,39.90,true,1,
7290009819151,true,שוק הודו נ.טרי א.עצמי,.,IL,שוק הודו טרי,קילוגרמים,0.00,"ק""ג",true,1,28.90,28.90,true,1,
7290009819175,true,שוארמה הודו נ.טרי א.עצמי,.,IL,שוארמה הודו טרי,קילוגרמים,0.00,"ק""ג",true,1,54.90,54.90,true,1,
7290009819199,true,כנף הודו נ.טרי ארוז עצמי,.,IL,כנף הודו טרי,קילוגרמים,0.00,"ק""ג",true,1,17.90,17.90,true,1,
7290009819212,true,גרון הודו נ.טרי א.עצמי,.,IL,גרון הודו טרי,קילוגרמים,0.00,"ק""ג",true,1,23.90,23.90,true,1,
7290009819229,true,גרון הודו ז.טרי ת.עצמי,.,IL,גרון הודו טרי,קילוגרמים,0.00,"ק""ג",true,1,23.90,23.90,true,1,
7290009819250,true,לב הודו טרי ארוז עצמי,.,IL,לב הודו טרי,קילוגרמים,0.00,"ק""ג",true,1,23.90,23.90,true,1,
7290009819267,true,חזה הודו נ.טרי ארוז עצמי,.,IL,חזה הודו טרי,קילוגרמים,0.00,"ק""ג",true,1,29.90,29.90,true,1,
7290009904413,true,גרון הודו נ.א.עצמי דיל,.,IL,גרון הודו טרי,קילוגרמים,0.00,"ק""ג",true,1,23.90,23.90,true,1,
7290009905656,true,חזה הודו טרי ארוז דיל,.,IL,חזה הודו טרי,קילוגרמים,0.00,"ק""ג",true,1,29.90,29.90,true,1,
7290009909067,true,שוק מפורק טרי ארוז דיל,.,IL,זוק מפורק טרי,קילוגרמים,0.00,"ק""ג",true,1,44.90,44.90,true,1,
7290009909081,true,שוארמה הודו נ.דיל א.עצמי,.,IL,שווארמה הודו טרי,קילוגרמים,0.00,"ק""ג",true,1,54.90,54.90,true,1,
7290009950700,true,פיתה מיני ק.מלא קלה50*5ג,מעיין תעשיות מאפה,IL,פיתה מיני קלה5יח,גרמים,250.00,100 גרם,false,0,8.80,3.52,true,1,
7290009951127,true,"שוסון תפו""ע",,IL,"שוסון תפו""ע",יחידה,1.00,יחידה,false,0,3.90,3.90,true,1,
7290009951899,true,מאפה מלוח משקל,גידרון,IL,מאפה מלוח משקל,קילוגרמים,0.00,"ק""ג",true,0,34.00,34.00,true,1,
7290009951912,true,מאפה מתוק משקל,גידרון,IL,מאפה מתוק משקל,קילוגרמים,0.00,"ק""ג",true,0,34.00,34.00,true,1,
7290009952063,true,מים מינרליים מצוננים500מ,,,מים מינרליים מצוננים500מ,מיליליטרים,500.00,"100 מ""ל",false,0,5.30,1.06,true,1,
7290009953916,true,גבינת צ'דר כתומה,,,גבינת צ'דר כתומה,קילוגרמים,0.00,"ק""ג",true,0,104.00,104.00,true,1,
7290009953923,true,גבינת צ'דר אנגלית במשקל,,,גבינת צ'דר אנגלית במשקל,קילוגרמים,0.00,"ק""ג",true,0,104.00,104.00,true,1,
7290009954234,true,נועם גב.צהובה9%חריץ משקל,טרה,IL,גבינת נועם 9% ריץ משקל,קילוגרמים,0.00,"ק""ג",true,0,68.00,68.00,true,1,
7290009954241,true,נועם ג.צהובה22%חריץ משקל,"טרופיקל דגיל תעשיות קוסמטיקה בע""מ",IL,גבינת נועם 22% ריץ משקל,קילוגרמים,0.00,"ק""ג",true,0,36.50,36.50,true,1,
7290009954258,true,נועם ג.צהובה28%חריץ משקל,י. מלכי מוצרים,IL,גבינת נועם 28%,קילוגרמים,0.00,"ק""ג",true,0,38.00,38.00,true,1,
7290009954357,true,גבינת עמק מגורדת,,IL,גבינת עמק מגורדת,קילוגרמים,0.00,"ק""ג",true,0,41.30,41.30,true,1,
7290009954364,true,גב.גלבוע מגורדת במשקל,תנובה,IL,גב.גלבוע מגורדת,קילוגרמים,0.00,"ק""ג",true,0,39.25,39.25,true,1,
7290009955217,true,"סלמי קוניאק שופרסל ק""ג",עוף טוב,IL,סלמי קוניאק,קילוגרמים,0.00,"ק""ג",true,0,58.00,58.00,true,1,
7290009955224,true,"נקניק תה שופרסל ק""ג",עוף טוב,IL,נקניק תה,קילוגרמים,0.00,"ק""ג",true,0,39.00,39.00,true,1,
7290009955231,true,"סלמי איטלקי שופרסל ק""ג",עוף טוב,IL,סלמי איטלקי,קילוגרמים,0.00,"ק""ג",true,0,58.00,58.00,true,1,
7290009955255,true,חזה הודו דבש נתח שלם שופ,עוף טוב,IL,חזה הודו דבש נתח שלם שופ,קילוגרמים,0.00,"ק""ג",true,0,68.00,68.00,true,1,
7290009955262,true,חזה הודו ברביקיו נתח שלם,עוף טוב,IL,חזה הודו ברביקיו נתח שלם,קילוגרמים,0.00,"ק""ג",true,0,68.00,68.00,true,1,
7290009955330,true,גב.מוצרלה21% שופרסל משקל,אס סי מודסט,LE,גבינה מוצרלה 21%,קילוגרמים,0.00,"ק""ג",true,1,58.00,58.00,true,1,
7290009955477,true,מוצרלה 21% מגורדת במשקל,בלו-בנד - יוניליוור,LE,מוצרלה מגורדת,קילוגרמים,0.00,"ק""ג",true,1,58.00,58.00,true,1,
7290009955675,true,גב.גאודה 30% הולנד במשקל,KAAS HEIDEN UAN,NL,גבינת גאודה,קילוגרמים,0.00,"ק""ג",true,1,35.00,35.00,true,1,
7290009955705,true,כתף בקר שופרסל לקג,עוף טוב,IL,כתף בקר,קילוגרמים,0.00,"ק""ג",true,1,89.00,89.00,true,1,
7290009955729,true,גבינה צהובה26%פולין משקל,MLEKOVITA,PL,גבינה צהובה 26%,קילוגרמים,0.00,"ק""ג",true,1,29.00,29.00,true,1,
7290009955743,true,גבינת גאודה28%פולין משקל,MLEKOVITA,PL,גבינת גאודה 28%,קילוגרמים,0.00,"ק""ג",true,1,29.00,29.00,true,1,
7290009955774,true,גבינת גאודה 28% במשקל,אי וואר,NL,גבינת גאודה 28%,קילוגרמים,0.00,"ק""ג",true,1,47.00,47.00,true,1,
7290010002023,false,כורכום הודי טחון 100 גרם,א.ל ייצור ושיווק תבלינים,IL,כורכום טחון,גרמים,100.00,100 גרם,false,0,9.70,9.70,true,1,
7290010002030,false,כמון 100 גרם,א.ל ייצור ושיווק תבלינים,IL,כמון טחון,גרמים,100.00,100 גרם,false,0,10.90,10.90,true,1,
7290010002047,false,מלח לימון 200 גרם,א.ל ייצור ושיווק תבלינים,IL,מלח לימון,גרמים,200.00,100 גרם,false,0,8.90,4.45,true,1,
7290010002078,false,פלפל שחור טחון 100 גרם,א.ל ייצור ושיווק תבלינים,IL,פלפל שחור טחון,גרמים,100.00,100 גרם,false,0,15.10,15.10,true,1,
7290010002092,false,פלפל שחור גרוס דק 90 גרם,א.ל ייצור ושיווק תבלינים,IL,פלפל שחור גרוס,גרמים,90.00,100 גרם,false,0,15.10,16.78,true,1,
7290010002122,false,פפריקה הונגרית מתוקה100ג,א.ל ייצור ושיווק תבלינים,IL,פפריקה הונגרית,גרמים,100.00,100 גרם,false,0,10.90,10.90,true,1,
7290010002207,false,קינמון טחון 100 גרם,א.ל ייצור ושיווק תבלינים,IL,קינמון טחון,גרמים,100.00,100 גרם,false,0,8.90,8.90,true,1,
7290010002214,false,צ'ילי מקסיקני גרוס 80גרם,א.ל ייצור ושיווק תבלינים,IL,צ'ילי מקסיקני,גרמים,80.00,100 גרם,false,0,10.90,13.63,true,1,
7290010002283,false,תבלין על האש 100 גרם,א.ל ייצור ושיווק תבלינים,IL,תבלין על האש,גרמים,100.00,100 גרם,false,0,7.50,7.50,true,1,
7290010002313,false,תבלין ראס אל חנות 100גרם,א.ל ייצור ושיווק תבלינים,IL,תבלין לקציצות,גרמים,100.00,100 גרם,false,0,10.90,10.90,true,1,
7290010002382,false,אורגנו 40 גרם,א.ל ייצור ושיווק תבלינים,IL,אורגנו,גרמים,40.00,100 גרם,false,0,9.30,23.25,true,1,
7290010002399,false,בזיליקום 40 גרם,א.ל ייצור ושיווק תבלינים,IL,בזיליקום(ריחן),גרמים,40.00,100 גרם,false,0,9.30,23.25,true,1,
7290010002597,false,כוסברה ירוקה 30 גרם,א.ל ייצור ושיווק תבלינים,IL,כוסברה ירוקה,גרמים,30.00,100 גרם,false,0,7.50,25.00,true,1,
7290010003051,false,פפריקה הונגרית מתוקה400ג,א.ל ייצור ושיווק תבלינים,IL,פפריקה הונגרית,גרמים,400.00,100 גרם,false,0,23.90,5.98,true,1,
7290010003075,false,פפריקה מרוקאית מתוקה400ג,א.ל ייצור ושיווק תבלינים,IL,פפריקה מרוקאית,גרמים,400.00,100 גרם,false,0,23.90,5.98,true,1,
7290010003693,false,פפריקה מתוקה,,IL,פפריקה מתוקה,גרמים,80.00,100 גרם,false,0,5.60,7.00,true,1,
7290010003709,false,פלפל שחור טחון,,IL,פלפל שחור טחון,גרמים,50.00,100 גרם,false,0,5.60,11.20,true,1,
7290010003761,false,כורכום טחון,,IL,כורכום טחון,גרמים,80.00,100 גרם,false,0,5.80,7.25,true,1,
7290010003822,false,פפריקה חריפה,,IL,פפריקה חריפה,גרמים,80.00,100 גרם,false,0,5.80,7.25,true,1,
7290010003839,false,קינמון טחון,,IL,קינמון טחון,גרמים,80.00,100 גרם,false,0,5.80,7.25,true,1,
7290010023141,false,חל.לימונענע גן קסום25שק',ויסוצקי,IL,חליטת לימונענע,גרמים,55.00,100 גרם,false,0,16.90,30.73,true,1,
7290010023578,false,25ניחוח.גליל מרווה+לימון,ויסוצקי,IL,תה ניחוח הגליל,גרמים,55.00,100 גרם,false,0,16.70,30.36,true,1,
7290010045006,false,עוגיות חמאה פריכות250גרם,לחמי,IL,עוגיות חמאה,גרמים,250.00,100 גרם,false,0,18.00,7.20,true,1,
7290010045013,false,עוגיות חמאה צרפתיות250גר,לחמי,IL,עוגיות חמאה,גרמים,250.00,100 גרם,false,0,18.00,7.20,true,1,
7290010045051,false,עוגיות מלבן שקדים 280גרם,לחמי,IL,עוגיות שקדים,גרמים,280.00,100 גרם,false,0,18.00,6.43,true,1,
7290010049004,false,תרכיז ענבים מרמולייט 1ל',אשבל,IL,תרכיז ענבים,ליטרים,1.00,ליטר,false,0,10.80,10.80,true,1,
7290010049028,false,תרכיז פטל מרמולייט 1ליטר,אשבל,IL,תרכיז דיט פטל,ליטרים,1.00,ליטר,false,0,10.80,10.80,true,1,
7290010049059,false,עוגיות גרנולה 200 גרם,רוקחמן,IL,עוגיות גרנולה,גרמים,200.00,100 גרם,false,0,16.90,8.45,true,1,
7290010049974,false,"עוג.סנדוויץ ללת""ס שוק150",אפיפית,IL,עוגיות סנדוויץ,גרמים,150.00,100 גרם,false,0,7.90,5.27,true,1,
7290010060597,false,שמפו סרקל,,IL,שמפו סרקל,ליטרים,1.25,ליטר,false,0,25.30,20.24,true,1,
7290010065295,false,פרינוק מחית,,IL,פרינוק מחית,גרמים,130.00,100 גרם,false,0,4.80,3.69,true,1,
7290010065318,false,"פרינוק ג'וניור תפו""ע190ג",רנדי,CZ,פרינוק מחית,גרמים,130.00,100 גרם,false,0,5.50,4.23,true,1,
7290010065325,false,פרינוק ג'וניור,,CZ,פרינוק ג'וניור,גרמים,190.00,100 גרם,false,0,5.50,2.89,true,1,
7290010065332,false,"פרינוק ג'ונ.תפו""ע+בננ190",רנדי,IL,פריניוק ג'וניור,גרמים,190.00,100 גרם,false,0,5.50,2.89,true,1,
7290010065349,false,פרינוק ג'ונ.סלט פירות190,רנדי,IL,פריניק ג'וניור,גרמים,190.00,100 גרם,false,0,5.50,2.89,true,1,
7290010065745,false,פרינוק ג'וניור,,CZ,פרינוק ג'וניור,גרמים,190.00,100 גרם,false,0,5.50,2.89,true,1,
7290010066087,false,נתחי טונה בשמן זית 158ג,תעשיות פילטונה,IL,נתחי טונה,גרמים,158.00,100 גרם,false,0,7.80,4.94,true,1,
7290010066513,false,טונה בשמן צמחי 158*4 גרם,תעשיות פילטונה,IL,טונה בשמן 4 יח,גרמים,632.00,100 גרם,false,0,21.90,3.47,true,1,
7290010066575,false,טונה במי מלח 158*4 גרם,תעשיות פילטונה,IL,טונה במי מלח 4יח,גרמים,632.00,100 גרם,false,0,21.90,3.47,true,1,
7290010066582,false,טונה בשמן קנולה 158*4 גר,תעשיות פילטונה,IL,טונה בשמן 4 יח,גרמים,632.00,100 גרם,false,0,21.90,3.47,true,1,
7290010116898,false,שוקולד אוורירי מריר85גרם,עלית,IL,שוקולד אוורירי,גרמים,85.00,100 גרם,false,0,5.50,6.47,true,1,
7290010116980,false,שוקולית 850 גרם,עלית,IL,שוקולית עלית,גרמים,850.00,100 גרם,false,0,16.90,1.99,true,1,
7290010118113,false,שוש 10 * 20 גרם,עלית,IL,מארז שוש 10 יח,גרמים,200.00,100 גרם,false,0,10.00,5.00,true,1,
7290010129010,false,עוג.כתר במילוי ריבה 600ג,דולצ'ה ויטה,IL,עוגיות כתר ריבה,גרמים,600.00,100 גרם,false,0,17.90,2.98,true,1,
7290010129065,false,עוג.מקלות עלים צרפתי600ג,דולצ'ה ויטה,IL,עוג.מקלות עלים,גרמים,600.00,100 גרם,false,0,17.90,2.98,true,1,
7290010129355,false,עוגיות תמרים 600 גרם,דולצ'ה ויטה,IL,עוגיות תמרים,גרמים,600.00,100 גרם,false,0,17.90,2.98,true,1,
7290010154005,false,סחוג תימני 250 גרם,נטו,IL,סחוג תימני,גרמים,250.00,100 גרם,false,0,14.10,5.64,true,1,
7290010154012,false,לימון בלאדי 250 גרם,נטו,IL,לימון בלאדי,גרמים,250.00,100 גרם,false,0,14.10,5.64,true,1,
7290010154241,false,חזרת 250 גרם,נטו,IL,חזרת ביתית,גרמים,250.00,100 גרם,false,0,14.10,5.64,true,1,
7290010154265,false,פלפל צ'ומה ביטון 250 גרם,נטו,IL,פלפל צ'ומה,גרמים,250.00,100 גרם,false,0,14.10,5.64,true,1,
7290010154418,false,סחוג אדום,,IL,סחוג אדום,גרמים,130.00,100 גרם,false,0,8.40,6.46,true,1,
7290010154425,false,סחוג ירוק,,IL,סחוג ירוק,גרמים,130.00,100 גרם,false,0,8.40,6.46,true,1,
7290010163632,false,שזיף ללא גלעין400ג'שקדיה,שקדיה,IL,שזיף ללא גלעין,גרמים,400.00,100 גרם,false,0,26.70,6.68,true,1,
7290010163656,false,פקאן טבעי מקולף200גשקדיה,שקדיה,IL,פקאן טבעי מקולף,גרמים,200.00,100 גרם,false,0,28.70,14.35,true,1,
7290010163663,false,א.קאשיו טבעי 200ג'שקדיה,שקדיה,IL,אגוז קאשיו טבעי,גרמים,200.00,100 גרם,false,0,23.70,11.85,true,1,
7290010163700,false,שקד קלוף טבעי200ג' שקדיה,שקדיה,IL,שקד טבעי,גרמים,200.00,100 גרם,false,0,24.70,12.35,true,1,
7290010173037,false,"רוזה הרי גליל 750 מ""ל",יקב הרי גליל,IL,יין רוזה גליל,מיליליטרים,750.00,"100 מ""ל",false,0,29.90,3.99,true,1,
7290010173044,false,"מרלו הרי גליל 750 מ""ל",יקב הרי גליל,IL,מרלו הרי גליל,מיליליטרים,750.00,"100 מ""ל",false,0,29.90,3.99,true,1,
7290010173068,false,גליל קברנה סוביניון750מל,יקב הרי גליל,IL,קברנה הרי גליל,מיליליטרים,750.00,"100 מ""ל",false,0,29.90,3.99,true,1,
7290010196678,false,קוקי שקיות אפיה ענק 10יח,ש.שסטוביץ,IL,קוקי שקיות אפיה ענק 10יח,יחידה,1.00,יחידה,false,0,21.60,21.60,true,1,
7290010237531,false,פפסי בקבוק,,IL,פפסי בקבוק,מיליליטרים,500.00,"100 מ""ל",false,0,3.90,0.78,true,1,
7290010237548,false,פפסי מקס,,IL,פפסי מקס,מיליליטרים,500.00,"100 מ""ל",false,0,3.90,0.78,true,1,
7290010237562,false,מירינדה,,IL,מירינדה,מיליליטרים,500.00,"100 מ""ל",false,0,3.90,0.78,true,1,
7290010237579,false,סבנ אפ,,IL,סבנ אפ,מיליליטרים,500.00,"100 מ""ל",false,0,3.90,0.78,true,1,
7290010237586,false,סבנ אפ דיאט,,IL,סבנ אפ דיאט,מיליליטרים,500.00,"100 מ""ל",false,0,3.90,0.78,true,1,
7290010237623,false,בירה נשר מאלט 1.5 ליטר,טמפו,IL,נשר מאלט,ליטרים,1.50,ליטר,false,0,5.00,3.33,true,1,
7290010237630,false,בירה נשר מאלט דיאט 1.5 ל,טמפו,IL,נשר מאלט דיאט,ליטרים,1.50,ליטר,false,0,5.00,3.33,true,1,
7290010237692,false,"בירה הייניקן 250*6 מ""ל",היינקן,IL,בירה הייניקן 6יח,ליטרים,1.50,ליטר,false,0,42.90,28.60,true,1,
7290010237784,false,"מכבי שנדי ליים 330*6 מ""ל",טמפו,IL,מכבי שנדי 6 יח,ליטרים,1.98,ליטר,false,0,29.90,15.10,true,1,
7290010237890,false,בירה הייניקן בק.חוזר500מ,היינקן,IL,בירה הייניקן,מיליליטרים,500.00,"100 מ""ל",false,0,8.90,1.78,true,1,
7290010259007,false,בישקוטים,,PT,בישקוטים,גרמים,200.00,100 גרם,false,0,5.80,2.90,true,1,
7290010259359,false,נודלס ביצים,,IL,נודלס ביצים,גרמים,200.00,100 גרם,false,0,3.50,1.75,true,1,
7290010259366,false,נודלס ביצים,,IL,נודלס ביצים,גרמים,200.00,100 גרם,false,0,3.50,1.75,true,1,
7290010259823,false,מנת השף נודלס,,IL,מנת השף נודלס,גרמים,70.00,100 גרם,false,0,4.50,6.43,true,1,
7290010259854,false,מנת השף נודלס,,IL,מנת השף נודלס,גרמים,70.00,100 גרם,false,0,4.50,6.43,true,1,
7290010329854,false,"מיני קוקיס חמאה ללת""ס700",כרמית,IL,מיני קוקיס חמאה,גרמים,700.00,100 גרם,false,0,25.90,3.70,true,1,
7290010378500,false,סופטקר שמפו אל דמע 1ליטר,נקה,IL,שמפו לתינוק,ליטרים,1.00,ליטר,false,0,13.70,13.70,true,1,
7290010382828,false,קרם לחות קליל-יבש 400מל,קרליין,IL,קרם לחות לשיער,מיליליטרים,400.00,"100 מ""ל",false,0,19.90,4.98,true,1,
7290010417162,false,"גמלא ריזלינג לבן 750 מ""ל",יקבי רמת הגולן קצרין,IL,גמלא ריזלינג,מיליליטרים,750.00,"100 מ""ל",false,0,39.60,5.28,true,1,
7290010417315,false,"גולן מרלו 750 מ""ל",יקבי רמת הגולן קצרין,IL,יין גולן מרלו,מיליליטרים,750.00,"100 מ""ל",false,0,29.90,3.99,true,1,
7290010429295,false,מעדן פרי מישמש100% 250ג,יד מרדכי,IL,מעדן מישמש,גרמים,250.00,100 גרם,false,0,13.70,5.48,true,1,
7290010429301,false,מעדן תות 100%פרי 250 גרם,יד מרדכי,IL,מעדן תות,גרמים,250.00,100 גרם,false,0,13.70,5.48,true,1,
7290010429554,false,"שמן זית 2 קלאסי 750מ""ל",יד מרדכי,IL,שמן זית 2 קלאסי,מיליליטרים,750.00,"100 מ""ל",false,0,34.90,4.65,true,1,
7290010471669,false,דנונה בר תות קורנפ175.גר,שטראוס,IL,דנונה בר תות,גרמים,175.00,100 גרם,false,0,4.50,2.57,true,1,
7290010472390,false,דני שוקולד 125*8גרם,שטראוס,IL,דני שוקולד 8 יח',קילוגרמים,1.00,"ק""ג",false,0,12.90,12.90,true,1,
7290010472765,false,סופר גמדים תות 100*4 גרם,שטראוס,IL,סופר גמדים 4 יח,גרמים,400.00,100 גרם,false,0,11.50,2.88,true,1,
7290010632121,false,כוס אימון עם ידיות טוליפ,LT R.E.P.CO,CN,כוס אימון לתינוק,יחידה,1.00,יחידה,false,0,19.90,19.90,true,1,
7290010632787,false,צימרוני אוזניים מעץ300יח,L.Y.Q.TRADI,CN,צמרוני אוזניים,יחידה,1.00,יחידה,false,0,3.90,3.90,true,1,
7290010639632,false,תירס גמדי אויליו,,IL,תירס גמדי אויליו,גרמים,400.00,100 גרם,false,0,5.80,1.45,true,1,
7290010650019,false,עולש - יחידה,חוות פטריות תקוע,IL,עולש,יחידה,1.00,יחידה,false,0,11.90,11.90,true,1,
7290010650033,false,בצלצלי שאלוט -יחידה,קטיף,IL,בצלצלי שאלוט,יחידה,1.00,יחידה,false,0,14.00,14.00,true,1,
7290010650040,false,פטריות שיטאקי-יחידה,חוות פטריות תקוע,IL,פיטריות שיטאקי,יחידה,1.00,יחידה,false,0,12.00,12.00,true,1,
7290010650194,false,שורש ג'ינגר טרי ארוז-יח,קטיף,XX,שורש ג'ינגר טרי ארוז-יח,יחידה,1.00,יחידה,false,0,11.90,11.90,true,1,
7290010650224,false,פטריות מלך היער-יחידה,חוות פטריות תקוע,IL,פטריותמלך היער,יחידה,1.00,יחידה,false,0,14.00,14.00,true,1,
7290010650415,false,עגבניות לחות -יחידה,חוות פטריות תקוע,IL,עגבניות לחות,יחידה,1.00,יחידה,false,0,15.00,15.00,true,1,
7290010650576,false,פטריות שינוקי-יחידה,חוות פטריות תקוע,IL,פטריות שינוקי-יחידה,יחידה,1.00,יחידה,false,0,13.00,13.00,true,1,
7290010719037,false,שמן זיתאורגני,,IL,שמן זיתאורגני,מיליליטרים,750.00,"100 מ""ל",false,0,49.50,6.60,true,1,
7290010720064,false,נבט חמניות אורגניים הקסם,,IL,נבט חמניות אורגניים הקסם,יחידה,1.00,יחידה,false,0,11.90,11.90,true,1,
7290010720149,false,נבטי תלתן אורגניים הקסם,,IL,נבטי תלתן אורגניים הקסם,יחידה,1.00,יחידה,false,0,11.90,11.90,true,1,
7290010720163,false,נבטי ברוקולי אורגניים,,IL,נבטי ברוקולי אורגניים,יחידה,1.00,יחידה,false,0,11.90,11.90,true,1,
7290010720224,false,נבטוטים אורגניים הקסם,,IL,נבטוטים אורגניים הקסם,יחידה,1.00,יחידה,false,0,11.90,11.90,true,1,
7290010740857,false,שניצל תירס 750גרם33%+ 1ק,טבעול,IL,שניצל תירס טבעול,גרמים,1000.00,100 גרם,false,0,29.90,2.99,true,1,
7290010748860,false,ק.ידיים אפקטיב קר יבש150,פישר מעבדות פרמצבטיות,IL,קרם ידיים,מיליליטרים,150.00,"100 מ""ל",false,0,16.10,10.73,true,1,
7290010748891,false,ק.גוף אפקטיב קר רגיל700מ,פישר מעבדות פרמצבטיות,IL,קרם גוף,מיליליטרים,700.00,"100 מ""ל",false,0,22.90,3.27,true,1,
7290010760947,false,עוגיות שקד בדלי,,IL,עוגיות שקד בדלי,גרמים,600.00,100 גרם,false,0,13.80,2.30,true,1,
7290010766956,false,ממרח פלפל גמבה 180 גרם,אוליביה,IL,ממרח פלפל גמבה,גרמים,180.00,100 גרם,false,0,10.90,6.06,true,1,
7290010814701,false,"שוקולד חלב ללת""ס 85 גרם",כרמית,IL,שוקולד חלב,גרמים,85.00,100 גרם,false,0,6.80,8.00,true,1,
7290010822072,false,בירה סמואל אדמס בק355.מל,טמפו,US,בירה סמואל אדמס,מיליליטרים,355.00,"100 מ""ל",false,0,9.90,2.79,true,1,
7290010827459,false,מגבוני דיסני ורוד 72*4יח,דינמיק,IL,רביעיית מגבונים,יחידה,1.00,יחידה,false,0,17.90,17.90,true,1,
7290010827527,false,72 מגבוני דיסני כחול,דינמיק,IL,מגבונים לחים,יחידה,1.00,יחידה,false,1,4.90,4.90,true,1,
7290010827534,false,מגבוני דיסני כחול 72*4יח,דינמיק,IL,מגבוני דיסני,יחידה,1.00,יחידה,false,0,17.90,17.90,true,1,
7290010827695,false,מגבוני נייר טואלט40*5יח,דינמיק,IL,מגבוני נייר לחים,יחידה,1.00,יחידה,false,1,14.90,14.90,true,1,
7290010827718,false,"שמפו לשיער דיסני 400 מ""ל",דינמיק,IL,שמפו לשיער דיסני,מיליליטרים,400.00,"100 מ""ל",false,1,7.90,1.98,true,1,
7290010849505,false,"למברוסקו רוסו 750 מ""ל",קאויקיולי,IT,למברוסקו רוסו,מיליליטרים,750.00,"100 מ""ל",false,0,24.90,3.32,true,1,
7290010849512,false,"למברוסקו רוזאטו 750 מ""ל",קאויקיולי,IT,למברוסקו רוזאטו,מיליליטרים,750.00,"100 מ""ל",false,0,24.90,3.32,true,1,
7290010849529,false,"למברוסקו ביאנקו 750 מ""ל",קאויקיולי,IT,למברוסקו ביאנקו,מיליליטרים,750.00,"100 מ""ל",false,0,24.90,3.32,true,1,
7290010883363,false,סנו סושי כפפות אלוורה S,סנו,,סנו סושי כפפות,יחידה,1.00,יחידה,false,0,10.40,10.40,true,1,
7290010921034,false,מיץ רימונים,,IL,מיץ רימונים,ליטרים,1.00,ליטר,false,0,11.80,11.80,true,1,
7290010931330,false,סלט מטבוחה 500 גרם,שטראוס,IL,סלט מטבוחה אחלה,גרמים,500.00,100 גרם,false,0,13.60,2.72,true,1,
7290010945146,false,קוטג' 3%מועשר בסידן 250ג,טרה,IL,קוטג' 3% מועשר,גרמים,250.00,100 גרם,false,0,5.20,2.08,true,1,
7290010945306,false,חלב 3% בקרטון 2 ליטר,טרה,IL,חלב 3% בקרטון,ליטרים,2.00,ליטר,false,0,10.90,5.45,true,1,
7290010945450,false,גבינה לבנה 3% 250 גרם,טרה,IL,גבינה לבנה3%,גרמים,250.00,100 גרם,false,0,4.20,1.68,true,1,
7290010945481,false,גבינה לבנה 5% 500 גרם,טרה,IL,גבינה לבנה 5%,גרמים,500.00,100 גרם,false,0,8.40,1.68,true,1,
7290010970100,false,שמן שומשום כבישה קרה250מ,ג.מ.טעם הארץ,IL,שמן שומשום,מיליליטרים,250.00,"100 מ""ל",false,1,29.60,11.84,true,1,
7290010970254,false,"חומץ יין לבן 500 מ""ל",ג.מ.טעם הארץ,IL,חומץ יין לבן,מיליליטרים,500.00,"100 מ""ל",false,0,15.20,3.04,true,1,
7290010970278,false,חומץ פירות יער אדומים500,ג.מ.טעם הארץ,IL,חומץ פירות יער,מיליליטרים,500.00,"100 מ""ל",false,1,15.20,3.04,true,1,
7290010970537,false,תרסיס שמן קנולה 200 גרם,ג.מ.טעם הארץ,IL,תרסיס שמן קנולה,גרמים,200.00,100 גרם,false,0,17.70,8.85,true,1,
7290010970551,false,"שמן אבוקדו 250 מ""ל",ג.מ.טעם הארץ,IL,שמן אבוקדו,מיליליטרים,250.00,"100 מ""ל",false,1,29.60,11.84,true,1,
7290010970575,false,"שמן בוטנים 250 מ""ל",ג.מ.טעם הארץ,IL,שמן בוטנים,מיליליטרים,250.00,"100 מ""ל",false,1,29.60,11.84,true,1,
7290010984015,false,פרוסות מלפפונים בחומץ400,"כד בני דרום בע""מ",IL,פרוסות מלפפונים,גרמים,400.00,100 גרם,false,1,10.00,2.50,true,1,
7290010984060,false,זית סורי מבוקע 320 גרם,"כד בני דרום בע""מ",IL,זית סורי מבוקע,גרמים,320.00,100 גרם,false,1,10.00,3.13,true,1,
7290010984084,false,קרם חציל שום ושמן זית300,"כד בני דרום בע""מ",IL,קרם חצילים,גרמים,300.00,100 גרם,false,1,10.00,3.33,true,1,
7290010984107,false,קרם חציל ופלפל קלוי300ג,"כד בני דרום בע""מ",IL,קרם חצילים,גרמים,300.00,100 גרם,false,1,10.00,3.33,true,1,
7290010984183,false,ממרח עגבניות מיובשות155ג,"כד בני דרום בע""מ",IL,ממרח עגבניות,גרמים,155.00,100 גרם,false,1,10.00,6.45,true,1,
7290010984206,false,ממרח פלפלים קלויים 155 ג,"כד בני דרום בע""מ",IL,ממרח פלפלים,גרמים,155.00,100 גרם,false,1,10.00,6.45,true,1,
7290010984213,false,פסטו בזיליקום ואגוזים155,"כד בני דרום בע""מ",IL,פסטו בזיליקום,גרמים,155.00,100 גרם,false,1,10.00,6.45,true,1,
7290010984251,false,סחוג עדני 155 גרם,"כד בני דרום בע""מ",IL,סחוג עדני,גרמים,155.00,100 גרם,false,1,10.00,6.45,true,1,
7290011015862,false,סירופ דיאט לימונענע750מל,פריגת,IL,סירופ לימונענע,מיליליטרים,750.00,"100 מ""ל",false,0,17.00,2.27,true,1,
7290011017606,false,פאנטה לימונדה 1.5 ליטר,החברה המרכזית לייצור משקאות,IL,פאנטה לימונדה,ליטרים,1.50,ליטר,false,0,6.90,4.60,true,1,
7290011017873,false,"סליק קוקה זירו 330 מ""ל",החברה המרכזית לייצור משקאות,IL,קוקה זירו,מיליליטרים,330.00,"100 מ""ל",false,0,4.50,1.36,true,1,
7290011017880,false,סליק קוקה קולה דיאט330מ,החברה המרכזית לייצור משקאות,IL,קוקה קולה דיאט,מיליליטרים,330.00,"100 מ""ל",false,0,4.50,1.36,true,1,
7290011018184,false,תה אפרסק,,IL,תה אפרסק,מיליליטרים,500.00,"100 מ""ל",false,0,6.80,1.36,true,1,
7290011018191,false,תה אפרסק דיאט,,IL,תה אפרסק דיאט,מיליליטרים,500.00,"100 מ""ל",false,0,6.80,1.36,true,1,
7290011018276,false,תה אקזוטי,,IL,תה אקזוטי,ליטרים,1.50,ליטר,false,0,7.10,4.73,true,1,
7290011018283,false,פיוז תה אפרסק,,IL,פיוז תה אפרסק,ליטרים,1.50,ליטר,false,0,7.10,4.73,true,1,
7290011018306,false,תה אפרסק דיאט,,IL,תה אפרסק דיאט,ליטרים,1.50,ליטר,false,0,7.10,4.73,true,1,
7290011018368,false,"בירה ויינשטפן 330*6 מ""ל",ויינשטפן,DE,בירה ויינשטפן,ליטרים,1.98,ליטר,false,0,79.20,40.00,true,1,
7290011018443,false,"סליק פאנטה אורנג' 330מ""ל",החברה המרכזית לייצור משקאות,IL,פאנטה אורנג',מיליליטרים,330.00,"100 מ""ל",false,0,4.50,1.36,true,1,
7290011018580,false,פיוז טי ענבים,,IL,פיוז טי ענבים,ליטרים,1.50,ליטר,false,0,7.10,4.73,true,1,
7290011018597,false,פיוז טי ענבים,,IL,פיוז טי ענבים,מיליליטרים,500.00,"100 מ""ל",false,0,6.80,1.36,true,1,
7290011018917,false,"קוקה קולה זירו 330*6 מ""ל",החברה המרכזית לייצור משקאות,IL,קוקה קולה זירו6י,ליטרים,1.98,ליטר,false,0,19.90,10.05,true,1,
7290011051136,false,שוופס סודה 1.5*4 ליטר,יפאורה שותפות מובגלת לשיווק,IL,שוופס סודה 1.5*4 ליטר,ליטרים,6.00,ליטר,false,0,10.90,1.82,true,1,
7290011051327,false,קריסטל אשכוליות מוגז 2ל',יפאורה שותפות מובגלת לשיווק,IL,גזוז טעם אשכולית,ליטרים,2.00,ליטר,false,0,3.60,1.80,true,1,
7290011051341,false,שוופס סודה לימון 1.5*4 ל,יפאורה שותפות מובגלת לשיווק,IL,שוופס סודה לימון 1.5*4 ל,ליטרים,6.00,ליטר,false,0,10.90,1.82,true,1,
7290011051372,false,שוופס תפוח ליים מוגז1.5ל,יפאורה שותפות מובגלת לשיווק,IL,שוופס תפוח ליים,ליטרים,1.50,ליטר,false,0,6.50,4.33,true,1,
7290011051389,false,שוופס פירות יער מוגז1.5ל,יפאורה שותפות מובגלת לשיווק,IL,שוופס מוגז עדין,ליטרים,1.50,ליטר,false,0,6.50,4.33,true,1,
7290011051396,false,שוופס אפרסק מוגז 1.5ליטר,יפאורה שותפות מובגלת לשיווק,IL,שוופס אפרסק,ליטרים,1.50,ליטר,false,0,6.50,4.33,true,1,
7290011051488,false,תה ספרינג אפרסק 1.5 ליטר,יפאורה שותפות מובגלת לשיווק,IL,ספרינג תה אפרסק,ליטרים,1.50,ליטר,false,0,4.90,3.27,true,1,
7290011051495,false,תה ספרינג ירוק לימון1.5ל,יפאורה שותפות מובגלת לשיווק,IL,תה ספרינג ירוק,ליטרים,1.50,ליטר,false,0,4.90,3.27,true,1,
7290011051518,false,תה ספרינג דיאט אפרסק1.5ל,יפאורה שותפות מובגלת לשיווק,IL,תה ספרינג דיאט,ליטרים,1.50,ליטר,false,0,4.90,3.27,true,1,
7290011051525,false,"ספרינג תה אפרסק 500 מ""ל",יפאורה שותפות מובגלת לשיווק,IL,ספרינג תה,מיליליטרים,500.00,"100 מ""ל",false,0,6.20,1.24,true,1,
7290011051655,false,שוופס ריזלינג מוגז 1.5ל',יפאורה שותפות מובגלת לשיווק,IL,שוופס ריזלינג,ליטרים,1.50,ליטר,false,0,6.50,4.33,true,1,
7290011051785,false,קריסטל דיאט אשכול.מוגז2ל,יפאורה שותפות מובגלת לשיווק,IL,קריסטל מוגז,ליטרים,2.00,ליטר,false,0,3.60,1.80,true,1,
7290011051938,false,תפוזינה תפוח רענן 1.5 ל',יפאורה שותפות מובגלת לשיווק,IL,תפוזינה תפוח,ליטרים,1.50,ליטר,false,0,5.90,3.93,true,1,
7290011051976,false,R.C FREE 1.5 ליטר,יפאורה שותפות מובגלת לשיווק,IL,R.C FREE,ליטרים,1.50,ליטר,false,0,4.40,2.93,true,1,
7290011081492,false,קרמיסימו שלושה שוקולדים,שטראוס,IL,קרמיסימו שלושה שוקולדים,ליטרים,1.33,ליטר,false,0,18.90,14.21,true,1,
7290011081690,false,גל.קרמיסימו צ'יפ וניל/שו,שטראוס,IL,גל.קרמיסימו צ'יפ וניל/שו,ליטרים,1.33,ליטר,false,0,18.90,14.21,true,1,
7290011110000,false,חסה רומית שלמה יחידה,יגור חקלאות ועסקים,IL,חסה רומית שלמה,יחידה,1.00,יחידה,false,0,7.90,7.90,true,1,
7290011110017,false,עלי חסה רומית -יח',יגור חקלאות ועסקים,IL,עלי חסה-יח',יחידה,1.00,יחידה,false,0,9.00,9.00,true,1,
7290011114886,false,תרסיס הגנה שקוףSPF30 200,דנאגיס,,תרסיס הגנה שקוף,מיליליטרים,200.00,"100 מ""ל",false,0,39.90,19.95,true,1,
7290011115203,false,סבון נקה 7 לילך 100X4גר,נקה,,סבון נקה 4X 7,גרמים,400.00,100 גרם,false,0,11.90,2.98,true,1,
7290011115258,false,סבון נקה 7 ירוק 100*4 גר,נקה,,נקה 7 סבון 4 יח,גרמים,400.00,100 גרם,false,0,11.90,2.98,true,1,
7290011115272,false,סבון מוצק נקה7ירוק100*4ג,נקה,,סבון נקה 4X 7,גרמים,400.00,100 גרם,false,0,11.90,2.98,true,1,
7290011116279,false,סקינ.ספרי שקוףSPF50 200מ,דנאגיס,,סקינגארד ספריי,מיליליטרים,200.00,"100 מ""ל",false,0,49.90,24.95,true,1,
7290011116286,false,סקינגארד ספריי לילדSPF50,דנאגיס,,סקינגארד ספריי,מיליליטרים,200.00,"100 מ""ל",false,0,49.90,24.95,true,1,
7290011126209,false,גן קסום תפוח+קינמון 25שק,ויסוצקי,IL,חליטת תפוח קנמון,גרמים,67.00,100 גרם,false,0,16.90,25.22,true,1,
7290011126223,false,חל.רימונים גן קסום 25שק',ויסוצקי,IL,חליטת רימונים,גרמים,62.00,100 גרם,false,0,16.90,27.26,true,1,
7290011126346,false,ניחוח.גליל לימ/לואיזה25ש,ויסוצקי,IL,ניחוח.גליל לימ/לואיזה25ש,גרמים,55.00,100 גרם,false,0,16.70,30.36,true,1,
7290011126452,false,חליטת קמומיל+נענע 1.5X25,ויסוצקי,IL,חליטת קמומיל,גרמים,37.00,100 גרם,false,0,16.90,45.68,true,1,
7290011126469,false,חל.קמומיל+דבש גן קסום25ש,ויסוצקי,IL,חליטת קמומיל+דבש,גרמים,37.00,100 גרם,false,0,16.90,45.68,true,1,
7290011126957,false,תה ירוק ארל גריי25שק1.5X,ויסוצקי,IL,תה ירוק ארל גריי,גרמים,37.00,100 גרם,false,0,25.90,70.00,true,1,
7290011131333,false,גרנולה אגוזים 500 גרם,וויטליה,IL,גרנולה אגוזים,גרמים,500.00,100 גרם,false,0,14.80,2.96,true,1,
7290011131364,false,גרנולה פירות 500 גרם,וויטליה,IL,גרנולה פירות,גרמים,500.00,100 גרם,false,0,14.80,2.96,true,1,
7290011131821,false,מיזלי מיקס חלווה 500 גרם,וויטליה,MK,מיזלי מיקס חלווה,גרמים,500.00,100 גרם,false,1,14.80,2.96,true,1,
7290011132514,false,"בירה פאולנר 330 מ""ל",טמפו,DE,בירה פאולנר,מיליליטרים,330.00,"100 מ""ל",false,0,9.90,3.00,true,1,
7290011132774,false,"פאולנר סלבטור 330 מ""ל",טמפו,DE,פאולנר סלבטור,מיליליטרים,330.00,"100 מ""ל",false,0,9.90,3.00,true,1,
7290011133368,false,"מכבי שנדי תפוח 330*6 מ""ל",טמפו,IL,מכבי שנדי 6 יח,ליטרים,1.98,ליטר,false,0,29.90,15.10,true,1,
7290011133375,false,"מכבי שנדי אפרסק 330*6מ""ל",טמפו,IL,מכבי שנדי 6 יח,ליטרים,1.98,ליטר,false,0,29.90,15.10,true,1,
7290011148904,false,פלפל צ'ילי חריף יחידה,קטיף,IL,פלפל צילי אמיתי,יחידה,1.00,יחידה,false,0,5.50,5.50,true,1,
7290011194215,false,דניאלה בננה 100 גרם,שטראוס,IL,דניאלה בננה,גרמים,100.00,100 גרם,false,0,4.10,4.10,true,1,
7290011194246,false,קוטג' 5% שומן 250 גרם,שטראוס,IL,קוטג' 5% שומן,גרמים,250.00,100 גרם,false,0,5.80,2.32,true,1,
7290011194291,false,דנונה דיאט קפוצינו 150גר,שטראוס,IL,דנונה דיאט 0%,גרמים,150.00,100 גרם,false,0,4.90,3.27,true,1,
7290011194741,false,משקה אקטיביה לבן1.5% 250,שטראוס,IL,משקה אקטיביה לבן,מיליליטרים,250.00,"100 מ""ל",false,0,4.90,1.96,true,1,
7290011210564,false,יוגב קברנה פטי ורדו750מ,יקבי בנימינה,IL,יוגב קברנה,מיליליטרים,750.00,"100 מ""ל",false,1,29.90,3.99,true,1,
7290011223229,false,"טואלט דאק ג'ל רענן 55מ""ל",DEOFLOR,GB,דאק ג'ל טל רענן,מיליליטרים,55.00,"100 מ""ל",false,0,8.90,16.18,true,1,
7290011223243,false,טואלט דאק ג'ל לבנדר 55מל,DEOFLOR,GB,דאק ג'ל נוזלי,מיליליטרים,55.00,"100 מ""ל",false,0,8.90,16.18,true,1,
7290011308179,false,קרקר חיטה מלאה+פשתן300גר,אפיפית,IL,קרקר חיטה מלאה,גרמים,300.00,100 גרם,false,0,9.60,3.20,true,1,
7290011308681,false,קרקר שום ועשבי תיבול285ג,אפיפית,IL,קרקר עשבי תיבול,גרמים,285.00,100 גרם,false,0,9.60,3.37,true,1,
7290011308780,false,בייגלה טבעות שומשום300גר,יוניליוור,IL,בייגלה טבעות,גרמים,300.00,100 גרם,false,0,7.90,2.63,true,1,
7290011308858,false,נישנושים ביס שמנת בצל60ג,יוניליוור,IL,נישנושים ביס,גרמים,60.00,100 גרם,false,0,3.90,6.50,true,1,
7290011308872,false,נישנושים ביס בצל 60 גרם,יוניליוור,IL,נישנושים ביס,גרמים,60.00,100 גרם,false,0,3.90,6.50,true,1,
7290011348267,false,קציצות עדשים כתומות 500,טבעול,IL,קציצות עדשים,יחידה,1.00,יחידה,false,0,29.90,29.90,true,1,
7290011378028,false,"חלבה ללת""ס שומ.מלא350",רושדי תעשיות מזון,IL,"חלבה ללת""ס",גרמים,350.00,100 גרם,false,0,15.80,4.51,true,1,
7290011378769,false,חטיפי חלבה וניל 7יח18*גר,רושדי תעשיות מזון,IL,חטיפי חלבה 7 יח,גרמים,126.00,100 גרם,false,0,12.40,9.84,true,1,
7290011378776,false,חטיפי חלבה פיסטוק 18*7 ג,רושדי תעשיות מזון,IL,חטיפי חלבה 7 יח,גרמים,126.00,100 גרם,false,0,12.40,9.84,true,1,
7290011379018,false,פטריות מארז משפחתי יח',מרינה,IL,פטריות מארז משפחתי יח',יחידה,1.00,יחידה,false,0,14.90,14.90,true,1,
7290011435226,false,דבש לחיץ מפרחי בר 650גרם,יד מרדכי,IL,דבש לחיץ,גרמים,650.00,100 גרם,false,0,33.90,5.22,true,1,
7290011435349,false,מעדן תפוז %100 פרי250גרם,יד מרדכי,IL,מעדן תפוז,גרמים,250.00,100 גרם,false,0,13.70,5.48,true,1,
7290011438470,false,מילקשייק שוקו יוטבתה350מ,יטבתה,IL,מילקשייק שוקו,מיליליטרים,350.00,"100 מ""ל",false,0,6.40,1.83,true,1,
7290011438487,false,מילקשייק וניל יטבתה350מל,יטבתה,IL,מילקשייק וניל,מיליליטרים,350.00,"100 מ""ל",false,0,6.40,1.83,true,1,
7290011438517,false,שוקו יטבתה בקבוק150*8גרם,יטבתה,IL,שוקו יטבתה 8 יח',קילוגרמים,1.20,"ק""ג",false,0,18.60,15.50,true,1,
7290011442033,false,סופט מרכך מרוכז כחול 1ל,קומפלקס כימיקלים,IL,סופר מרכך מרוכז,ליטרים,1.00,ליטר,false,1,9.90,9.90,true,1,
7290011442040,false,סופט מרכך מרוכז ורוד 1ל,קומפלקס כימיקלים,IL,סופר מרכך מרוכז,ליטרים,1.00,ליטר,false,1,9.90,9.90,true,1,
7290011447267,false,מטרנה חלבי שלב 1 700ג,נסטלה,IL,מטרנה חלבי,גרמים,700.00,100 גרם,false,0,54.90,7.84,true,1,
7290011447304,false,מטרנה חלבי שלב 3 700ג,נסטלה,IL,מטרנה חלבי שלב 3,גרמים,700.00,100 גרם,false,0,54.90,7.84,true,1,
7290011447373,false,מטרנה מהדרין שלב 2 700גר,נסטלה,IL,מטרנה מהדרין,גרמים,700.00,100 גרם,false,0,49.90,7.13,true,1,
7290011468002,false,טחינה גולמית הנסיך500גרם,הנסיך,IL,טחינה הנסיך,גרמים,500.00,100 גרם,false,0,10.00,2.00,true,1,
7290011468026,false,טחינה נסיך שומשום מלא500,הנסיך,IL,טחינה הנסיך,גרמים,500.00,100 גרם,false,0,10.00,2.00,true,1,
7290011468057,false,"טחינה גולמית הנסיך 1 ק""ג",הנסיך,IL,טחינה גולמית,קילוגרמים,1.00,"ק""ג",false,0,25.90,25.90,true,1,
7290011499051,false,פטה כבשים 20% 250ג,מחלבות גד,IL,פטה כבשים,גרמים,250.00,100 גרם,false,0,22.90,9.16,true,1,
7290011499105,false,גבינה בולגרית 5% 250 גרם,מחלבות גד,IL,גבינה בולגרית 5%,גרמים,250.00,100 גרם,false,0,21.90,8.76,true,1,
7290011499112,false,גבינה בולגרית 16% 250גרם,מחלבות גד,IL,גבינה בולגרית,גרמים,250.00,100 גרם,false,0,20.90,8.36,true,1,
7290011499129,false,קוב.בולג.מעודנת 5% 200ג,מחלבות גד,IL,קוביות בולגרית,גרמים,200.00,100 גרם,false,0,16.90,8.45,true,1,
7290011499273,false,גב.ריקוטה מלוחה 5% 250ג,מחלבות גד,IL,ריקוטה מלוחה5%,גרמים,250.00,100 גרם,false,0,14.10,5.64,true,1,
7290011499303,false,בולגרית מעודנ.עזים5% 250,מחלבות גד,,בולגרית מעודנת,גרמים,250.00,100 גרם,false,0,26.70,10.68,true,1,
7290011499327,false,גב.בולגרית מעודנת5% 250ג,מחלבות גד,,בולגרית מעודנת5%,גרמים,250.00,100 גרם,false,0,20.90,8.36,true,1,
7290011499341,false,גבינת קשקאבל26% 250 גרם,מחלבות גד,IL,גבינת קשקאבל,גרמים,250.00,100 גרם,false,0,29.80,11.92,true,1,
7290011499358,false,פטה עיזים 20% שומן 200 ג,מחלבות גד,IL,פטה עיזים20%,גרמים,200.00,100 גרם,false,0,23.90,11.95,true,1,
7290011499365,false,חלומי גד גב.קשה 24% 200ג,מחלבות גד,IL,חלומי גד 24%,גרמים,200.00,100 גרם,false,0,19.60,9.80,true,1,
7290011499419,false,גב.שמנת ט.טבעי5% 200גרם,מחלבות גד,IL,גבינת שמנת גד5%,גרמים,200.00,100 גרם,false,0,11.40,5.70,true,1,
7290011499433,false,גבינת שמנת זיתים5% 200גר,מחלבות גד,IL,גבינת שמנת גד 5%,גרמים,200.00,100 גרם,false,0,11.40,5.70,true,1,
7290011499440,false,גבינת שמנת ירקות 5% 200ג,מחלבות גד,,גבינת שמנת גד 5%,גרמים,200.00,100 גרם,false,0,11.40,5.70,true,1,
7290011499624,false,גבינת שמנת 30% טבעי200גר,מחלבות גד,,גבינת שמנת 30%,גרמים,200.00,100 גרם,false,0,12.50,6.25,true,1,
7290011499846,false,ריקוטה פרסקה 9%,,,ריקוטה פרסקה 9%,גרמים,300.00,100 גרם,false,0,16.80,5.60,true,1,
7290011499853,false,גבינת שמנת,,,גבינת שמנת,גרמים,200.00,100 גרם,false,0,12.50,6.25,true,1,
7290011501617,false,חמוציות דל סוכר 250גרם,שקדיה,IL,חמוציות דל סוכר,גרמים,250.00,100 גרם,false,0,19.70,7.88,true,1,
7290011505035,false,הנגיסון למזון טרי נובי,LTD E.L.CO,CN,הנגיסון למזון טרי נובי,יחידה,1.00,יחידה,false,0,25.00,25.00,true,1,
7290011505608,false,בקבוק האכלה שלב1-,N.L.PRODUCT,CN,בקבוק האכלה,יחידה,1.00,יחידה,false,0,42.40,42.40,true,1,
7290011505806,false,200 קיסמי שיניים פלסטיק,W.H.J.C.CO,CN,קיסמי שיניים,יחידה,1.00,יחידה,false,0,9.80,9.80,true,1,
7290011515683,false,מאגדת אקסטרים וניל 6יח,נסטלה,IL,מאגדת אקסטרים וניל 6יח,גרמים,432.00,100 גרם,false,0,33.90,7.85,true,1,
7290011518561,false,"אקטימל תות 100*14 מ""ל",שטראוס,IL,אקטימל מארז14יח',ליטרים,1.40,ליטר,false,0,29.90,21.36,true,1,
7290011570507,false,קמח רב תכליתי ל.גלוטן450,אשבל,IL,קמח רב תכליתי,גרמים,450.00,100 גרם,false,1,19.30,4.29,true,1,
7290011587598,false,פילה אנשובי 45 גרם,אינוורסינס פריסקו,PE,פילה אנשובי,גרמים,45.00,100 גרם,false,0,6.90,15.33,true,1,
7290011598211,false,סנו אנטי קאלק נ.כללי700מ,סנו,IL,סנו אנטי קאלק,מיליליטרים,700.00,"100 מ""ל",false,0,11.90,1.70,true,1,
7290011598457,false,נייר טואלט סופט,,IL,נייר טואלט סופט,מטרים,883.00,100 מטר,false,0,37.90,4.29,true,1,
7290011618162,false,ביסקו.שוק.שמנת זביונה180,TAGO,PL,ביסקוויט שוקולד,גרמים,180.00,100 גרם,false,0,12.90,7.17,true,1,
7290011618223,false,ברנפלקס טוסו 375 גרם,מולינו ניקולי,IL,ברנפלקס טוסו,גרמים,375.00,100 גרם,false,0,19.70,5.25,true,1,
7290011618841,false,דאק סטריפ סבון לבנדר10יח,ג'ונסון,MX,דאק סטריפ,גרמים,100.00,100 גרם,false,0,18.20,18.20,true,1,
7290011668143,false,"מסיכה משקמת פנינה 1 ק""ג",א.ל ארמן,IL,מסיכה לשיער,קילוגרמים,1.00,"ק""ג",false,0,29.90,29.90,true,1,
7290011668587,false,גרנולה עשירה 500 גרם,אפקט טבעי,IL,גרנולה עשירה,גרמים,500.00,100 גרם,false,0,23.90,4.78,true,1,
7290011668594,false,תוספת בריאה לסלט 550 גרם,אפקט טבעי,IL,תוספת בריאה לסלט,גרמים,550.00,100 גרם,false,0,29.90,5.44,true,1,
7290011758479,false,דגנים טויסטר,,,דגנים טויסטר,גרמים,750.00,100 גרם,false,0,14.80,1.97,true,1,
7290011765071,false,ג'ל גילוח קרמה רגיל 200מ,קוסמופארם,IL,ג'ל גילוח קרמה,מיליליטרים,200.00,"100 מ""ל",false,0,12.90,6.45,true,1,
7290011765088,false,ג'ל גילוח קרמה COOL 200מ,קוסמופארם,IL,ג'ל גילוח קרמה,מיליליטרים,200.00,"100 מ""ל",false,0,12.90,6.45,true,1,
7290011765095,false,ג'ל גילוח קרמה דליקט200מ,קוסמופארם,IL,ג'ל גילוח קרמה,מיליליטרים,200.00,"100 מ""ל",false,0,12.90,6.45,true,1,
7290011765118,false,קצף גילוח קרמה דליקט200מ,קוסמופארם,IL,קצף גילוח קרמה,מיליליטרים,200.00,"100 מ""ל",false,0,9.70,4.85,true,1,
7290011765392,false,שמ.כיף ילדים בוב ספוג750,קוסמופארם,IL,שמפו כיף ילדים,מיליליטרים,750.00,"100 מ""ל",false,0,10.00,1.33,true,1,
7290011765422,false,אלסבון כיף בוב ספוג750מל,קוסמופארם,IL,אלסבון כיף,מיליליטרים,750.00,"100 מ""ל",false,0,10.00,1.33,true,1,
7290011765446,false,משחה אורביטול ענבים 70 ג,קוסמופארם,IL,משחת שיניים,גרמים,70.00,100 גרם,false,0,6.90,9.86,true,1,
7290011778132,false,ביצים XL 12 יח',,,ביצים XL 12 יח',יחידה,1.00,יחידה,false,0,12.50,12.50,true,1,
7290011778354,false,ביצי חופש L 20 יחידות,,IL,ביצי חופש L 20 יחידות,יחידה,1.00,יחידה,false,0,31.90,31.90,true,1,
7290011778378,false,ביצים אומגה 3 L 12 יח',,,ביצים אומגה 3 L 12 יח',יחידה,1.00,יחידה,false,0,19.40,19.40,true,1,
7290011800642,false,סלט מטבוחה רפי כהן 400גר,צבר,IL,סלט מטבוחה,גרמים,400.00,100 גרם,false,0,15.90,3.98,true,1,
7290011800703,false,פלפלים קלויים רפי כהן400,צבר,IL,סלט פלפלים,גרמים,400.00,100 גרם,false,0,15.90,3.98,true,1,
7290011800826,false,חציל בטחינה רפי כהן 400ג,צבר,IL,סלט חציל בטחינה,גרמים,400.00,100 גרם,false,0,15.90,3.98,true,1,
7290011800840,false,טחינה בלאדי רפי כהן 400ג,צבר,IL,סלט טחינה בלאדי,גרמים,400.00,100 גרם,false,0,15.90,3.98,true,1,
7290011800864,false,חציל בשמן זית רפי כהן400,צבר,IL,סלט חציל צבר,גרמים,400.00,100 גרם,false,0,15.90,3.98,true,1,
7290011810252,false,חציל במיונז 250גרם,סלטי שמיר,IL,סלט חציל במיונז,גרמים,250.00,100 גרם,false,0,8.30,3.32,true,1,
7290011830106,false,דובשניות אורגני,,IL,דובשניות אורגני,גרמים,300.00,100 גרם,false,0,13.60,4.53,true,1,
7290011830243,false,אטריות מאורז תאילנדי250ג,השדה מוצרים אורגניים,CN,אטריות אורז תאי,גרמים,250.00,100 גרם,false,0,12.50,5.00,true,1,
7290011830267,false,אטריות מאורז מלא 250 גר,השדה מוצרים אורגניים,CN,אטריות מאורז מלא,גרמים,250.00,100 גרם,false,0,12.50,5.00,true,1,
7290011830274,false,אטריות מאורז שחור 250 גר,השדה מוצרים אורגניים,CN,אטריות אורז שחור,גרמים,250.00,100 גרם,false,0,13.60,5.44,true,1,
7290011830526,false,מיני פריכיות אורז מלא 80,השדה מוצרים אורגניים,IL,מיני פריכיות,גרמים,80.00,100 גרם,false,0,9.90,12.38,true,1,
7290011830991,false,חטיף בוטנים,,IL,חטיף בוטנים,גרמים,60.00,100 גרם,false,0,5.90,9.83,true,1,
7290011860301,false,ביסבול תירס 700 גרם,תפוגן,IL,ביסבול תירס,גרמים,700.00,100 גרם,false,0,15.80,2.26,true,1,
7290011860721,false,"פלחים-פלחי תפו""א 700 גרם",תפוגן,IL,"פלחי תפו""א",גרמים,700.00,100 גרם,false,0,13.30,1.90,true,1,
7290011870249,false,12 סוללות פוג'י AAA,פוג'יקום,CN,סוללות פוג'י,יחידה,1.00,יחידה,false,0,14.90,14.90,true,1,
7290011870263,false,8 סוללות פוג'יקום AA,פוג'יקום,CN,סוללות פוג'יקום,יחידה,1.00,יחידה,false,0,9.90,9.90,true,1,
7290011870270,false,12 סוללות פוג'י AA,פוג'יקום,CN,סוללות פוג'י,יחידה,1.00,יחידה,false,0,14.90,14.90,true,1,
7290011870720,false,סוללת פוג'י D,פוג'יקום,CN,סוללת פוגי',יחידה,1.00,יחידה,false,0,25.20,25.20,true,1,
7290011870744,false,סוללת פוג'י 9V,פוג'יקום,CN,סוללת פוג'י,יחידה,1.00,יחידה,false,0,20.10,20.10,true,1,
7290011876388,false,קציצות עוף ובקר 600גרם,מאמא עוף,IL,קציצות עוף ובקר,גרמים,600.00,100 גרם,false,0,34.40,5.73,true,1,
7290011877828,false,מגבוני כיף בוב ספוג72*4,קוסמופארם,IL,מגבונים לחים,יחידה,1.00,יחידה,false,0,20.00,20.00,true,1,
7290011920371,false,מנקה רצפות דוחה חרקים 2ל,קליר כימיקלים,,מנקה רצפות דוחה חרקים 2ל,ליטרים,2.00,ליטר,false,0,14.90,7.45,true,1,
7290011931162,false,"סוכרלייט נוזלי 220 מ""ל","ביסקול בע""מ",IL,סוכרלייט נוזלי,מיליליטרים,220.00,"100 מ""ל",false,0,27.90,12.68,true,1,
7290011947019,false,"שמן זית כתית 750 מ""ל",זיתא,,שמן זית כתית,מיליליטרים,750.00,"100 מ""ל",false,0,34.90,4.65,true,1,
7290011947262,false,זית ירוק בתיבול גלילי217,זיתא,,זית ירוק בתיבול,גרמים,217.00,100 גרם,false,0,9.90,4.56,true,1,
7290011948924,false,קמח תמי רב תכליתי 500 גר,א.ל ייצור ושיווק תבלינים,IL,קמח רב תכליתי,גרמים,500.00,100 גרם,false,0,27.70,5.54,true,1,
7290011964603,false,כורכום מיכל 400 גרם,תבליני טעם וריח,IL,כורכום מיכל,גרמים,400.00,100 גרם,false,0,24.70,6.18,true,1,
7290011964610,false,מלח לימון מיכל 700 גרם,תבליני טעם וריח,IL,מלח לימון,גרמים,700.00,100 גרם,false,0,24.70,3.53,true,1,
7290011964627,false,פפריקה בשמן מיכל 400 גרם,תבליני טעם וריח,IL,פפריקה בשמן,גרמים,400.00,100 גרם,false,0,24.70,6.18,true,1,
7290011964658,false,מלח לימון 170 גרם,תבליני טעם וריח,IL,מלח לימון,גרמים,170.00,100 גרם,false,0,10.80,6.35,true,1,
7290011969455,false,כוס יהלום 25יח,,IL,כוס יהלום 25יח,יחידה,1.00,יחידה,false,0,7.90,7.90,true,1,
7290011971632,false,עגבניות מרוסקות,,IL,עגבניות מרוסקות,גרמים,600.00,100 גרם,false,0,16.40,2.73,true,1,
7290012001994,false,חרדל דיז'ון ריין 350 גרם,ריין דיג'ון,FR,חרדל דיז'ון ריין,גרמים,350.00,100 גרם,false,0,10.00,2.86,true,1,
7290012019258,false,"רסק תפו""ע 113X4 גרם",GROWERS CHERRY,US,"רסק תפו""ע",גרמים,454.00,100 גרם,false,0,10.60,2.33,true,1,
7290012019265,false,"רסק תפו""ע ללת""ס 113*4 גר",GROWERS CHERRY,US,"רסק תפו""ע ללת""ס",גרמים,454.00,100 גרם,false,0,10.60,2.33,true,1,
7290012022005,false,קריספיות טבעי,דילייט,IL,קריספיות טבעי,גרמים,60.00,100 גרם,false,0,11.90,19.83,true,1,
7290012022050,false,קריספיות מרובה דגנים 75,דילייט,IL,קריספיות דגנים,גרמים,75.00,100 גרם,false,0,13.90,18.53,true,1,
7290012022067,false,קריספיות קידס 30 גרם,דילייט,IL,קריספיות קידס 30 גרם,גרמים,30.00,100 גרם,false,0,10.90,36.33,true,1,
7290012086113,false,שרי אשכולות מובחר יחידה,קטיף,IL,שרי אשכולות,יחידה,1.00,יחידה,false,0,8.90,8.90,true,1,
7290012116360,false,פוליויקס גרניט פורצלן2ל',סנו,IL,סנו פוליויקס,ליטרים,2.00,ליטר,false,0,21.70,10.85,true,1,
7290012116551,false,"סנו אנטי קאלק רב""ש 2ליטר",סנו,IL,סנו אנטי קאלק,ליטרים,2.00,ליטר,false,0,20.90,10.45,true,1,
7290012116612,false,4 מברשות שיניים אורביטול,קוסמופארם,,4 מברשות שיניים,יחידה,1.00,יחידה,false,0,10.00,10.00,true,1,
7290012116629,false,סנו די לתינוקות לילדים50,סנו,IL,סנו די לתינוקות,מיליליטרים,50.00,"100 מ""ל",false,0,18.60,37.20,true,1,
7290012116735,false,נ.טואלט סופט 24גליל כפול,סנו,IL,נייר טואלט סופט,מטרים,900.00,100 מטר,false,0,35.90,3.99,true,1,
7290012117039,false,"סנו""00"" לניקוי אמבטיה 1ל",סנו,IL,"סנו ""00"" לאמבטיה",ליטרים,1.00,ליטר,false,0,7.90,7.90,true,1,
7290012117091,false,אב.כביסה מקסימה,,IL,אב.כביסה מקסימה,קילוגרמים,6.00,"ק""ג",false,0,44.90,7.48,true,1,
7290012117275,false,סנוקליר שקית מילוי 750מל,סנו,IL,סנוקליר מילוי,מיליליטרים,750.00,"100 מ""ל",false,0,5.90,0.79,true,1,
7290012117350,false,סנו ריצפז פרש לילך 2ליטר,סנו,,סנו ריצפז,ליטרים,2.00,ליטר,false,0,18.70,9.35,true,1,
7290012117381,false,קרמה ג'ל אחר גילוח רג150,קוסמופארם,IL,קרמה ג'ל לגילוח,מיליליטרים,150.00,"100 מ""ל",false,0,31.70,21.13,true,1,
7290012117558,false,מרכ.מקסימה ס.מרוכז מסק1ל,סנו,IL,מקסימה ס.מרוכז,ליטרים,1.00,ליטר,false,0,15.90,15.90,true,1,
7290012117572,false,כפפות לטקס 100יח,,IL,כפפות לטקס 100יח,יחידה,1.00,יחידה,false,0,24.70,24.70,true,1,
7290012139482,false,בונזו ג'וי+עצם מעושנת160,Yang Ping,CN,בונזו ג'וי,גרמים,160.00,100 גרם,false,0,17.90,11.19,true,1,
7290012159275,false,מיונז לינה,,LE,מיונז לינה,גרמים,430.00,100 גרם,false,0,7.90,1.84,true,1,
7290012159329,false,מיונז בצנצנת,,LT,מיונז בצנצנת,גרמים,860.00,100 גרם,false,0,15.80,1.84,true,1,
7290012159404,false,לבבות דקל שלם,,IL,לבבות דקל שלם,גרמים,400.00,100 גרם,false,0,9.40,2.35,true,1,
7290012193125,false,סוכרלוז 150 טבליות,"קיפל טבליות וממתיקים בע""מ",IL,סוכרלוז,יחידה,1.00,יחידה,false,0,26.90,26.90,true,1,
7290012193286,false,פרש וואנס קייר 72*4יח,על בד,IL,פרש וואנס,יחידה,1.00,יחידה,false,0,17.90,17.90,true,1,
7290012193323,false,אדג' ג'ל אולטימ.כחול200מ,אנרג'ייזר,US,אדג' ג'ל גילוח,מיליליטרים,200.00,"100 מ""ל",false,0,17.90,8.95,true,1,
7290012226007,false,נקניקיות מרגז 400 גרם,זוגלובק,IL,נקנ' מרגז,גרמים,400.00,100 גרם,false,0,20.90,5.23,true,1,
7290012226021,false,סלמי מעושן פראג 400 גרם,זוגלובק,IL,סלמי מעושן פראג,גרמים,400.00,100 גרם,false,0,21.50,5.38,true,1,
7290012226120,false,קבנוס 135 גרם,זוגלובק,IL,קבנוס,גרמים,135.00,100 גרם,false,0,10.70,7.93,true,1,
7290012226922,false,קבנוס בטעם שום 135 גרם,זוגלובק,IL,קבנוס בטעם שום,גרמים,135.00,100 גרם,false,0,10.70,7.93,true,1,
7290012226939,false,קבנוס בטעם צ'ילי 135 גרם,זוגלובק,IL,קבנוס בטעם צ'ילי,גרמים,135.00,100 גרם,false,0,10.70,7.93,true,1,
7290012226946,false,קבנוס בטעם בצל 135 גרם,זוגלובק,IL,קבנוס בטעם בצל,גרמים,135.00,100 גרם,false,0,10.70,7.93,true,1,
7290012226953,false,קבב 100% 360גרם,זוגלובק,IL,קבב 100%,גרמים,360.00,100 גרם,false,0,21.90,6.08,true,1,
7290012226977,false,המבורגר %100 בקר 360גרם,זוגלובק,IL,המבורגר,גרמים,360.00,100 גרם,false,0,21.90,6.08,true,1,
7290012227219,false,שלישית פיצה משפ' 1500גרם,זוגלובק,,פיצה משפ',קילוגרמים,1.50,"ק""ג",false,0,34.60,23.07,true,1,
7290012227349,false,בסיס מאפה אישי 650 גרם,זוגלובק,IL,בסיס מאפה אישי,גרמים,650.00,100 גרם,false,0,14.80,2.28,true,1,
7290012227509,false,נקניקיית ע.רכיבים טבעיים,זוגלובק,IL,נקניקיית עוף,גרמים,400.00,100 גרם,false,1,17.90,4.48,true,1,
7290012227646,false,נקניקיות ע.רכיבים טבעיים,זוגלובק,IL,נקניקיות עוף,גרמים,800.00,100 גרם,false,1,29.90,3.74,true,1,
7290012227714,false,נקניקיות וינר רכיבים טבע,זוגלובק,IL,נקניקיות וינר,גרמים,500.00,100 גרם,false,1,18.90,3.78,true,1,
7290012227851,false,קריספי סטיקס פלאפל 500גר,זוגלובק,IL,קריספי סטיקס פלא,גרמים,500.00,100 גרם,false,12,18.90,3.78,true,1,
7290012244049,false,עוגת מוס שני שוקולדים900,גידרון,IL,עוגת מוס,יחידה,1.00,יחידה,false,0,59.40,59.40,true,1,
7290012244056,false,עוגת גבינה ופירורים 900ג,גידרון,IL,עוגת גבינה,יחידה,1.00,יחידה,false,0,59.40,59.40,true,1,
7290012244124,false,פחזניות 500 גרם,גידרון,IL,פחזניות,יחידה,1.00,יחידה,false,0,26.80,26.80,true,1,
7290012244407,false,עוגת סופלה שוקולד 150X2ג,גידרון,IL,מארז עוגת סופלה,גרמים,300.00,100 גרם,false,0,14.90,4.97,true,1,
7290012244834,false,מוס שוק.קלאסי פרווה 880ג,גידרון,IL,עוגת מוס שוקולד,גרמים,880.00,100 גרם,false,0,59.40,6.75,true,1,
7290012313653,false,בצל קצוץ מטוגן בשמן425ג,אירוסיבולס,ES,בצל קצוץ מטוגן,גרמים,425.00,100 גרם,false,1,13.80,3.25,true,1,
7290012351327,false,אומגה קרם יום SPF15 50 מ,קרליין,,אומגה קרם יום,מיליליטרים,50.00,"100 מ""ל",false,0,60.00,120.00,true,1,
7290012359392,false,סילאן טבעי,,IL,סילאן טבעי,גרמים,900.00,100 גרם,false,0,28.70,3.19,true,1,
7290012359491,false,רוטב רימונים לחיץ 350גרם,יניגון,IL,רוטב רימונים,גרמים,350.00,100 גרם,false,1,17.70,5.06,true,1,
7290012367700,false,ק.גוף אפקטיב קר שיבול700,פישר מעבדות פרמצבטיות,IL,קרם גוף,מיליליטרים,700.00,"100 מ""ל",false,0,22.90,3.27,true,1,
7290012404146,false,שוופס מוגז תפוחים1.5ל',יפאורה שותפות מובגלת לשיווק,IL,שוופס תפוחים,ליטרים,1.50,ליטר,false,0,6.60,4.40,true,1,
7290012404160,false,שוופס מוגז אשכולית1.5ל,יפאורה שותפות מובגלת לשיווק,IL,שוופס אשכולית,ליטרים,1.50,ליטר,false,0,6.60,4.40,true,1,
7290012404238,false,שוופס ראש'ן 1.5 ליטר,יפאורה שותפות מובגלת לשיווק,IL,שוופס ראש'ן,ליטרים,1.50,ליטר,false,0,7.90,5.27,true,1,
7290012404283,false,תפוזינה מנגו עסיס 1.5 ל',יפאורה שותפות מובגלת לשיווק,IL,תפוזינה מנגו,ליטרים,1.50,ליטר,false,0,5.90,3.93,true,1,
7290012404320,false,ספרינג ענבים 1.5 ליטר,יפאורה שותפות מובגלת לשיווק,IL,ספרינג ענבים,ליטרים,1.50,ליטר,false,0,4.90,3.27,true,1,
7290012404863,false,ספרינג תה מנגו אפרסק1.5ל,יפאורה שותפות מובגלת לשיווק,IL,ספרינג תה מנגו,ליטרים,1.50,ליטר,false,0,4.90,3.27,true,1,
7290012413612,false,תה ירוק חמוציות 25ש1.5*ג,ויסוצקי,IL,תה ירוק חמוציות,גרמים,75.00,100 גרם,false,0,25.90,34.53,true,1,
7290012413636,false,תה ירוק צ'אי מסאלה 25שק',ויסוצקי,,תה ירוק צ'אי,גרמים,38.00,100 גרם,false,0,25.90,68.16,true,1,
7290012413643,false,תה ירוק קמומיל 25שק1.5*ג,ויסוצקי,IL,תה ירוק קמומיל,גרמים,37.00,100 גרם,false,0,25.90,70.00,true,1,
7290012413698,false,חליטת דובדבנ.גן קסום25שק,ויסוצקי,IL,חליטת דובדבנ.גן קסום25שק,גרמים,25.00,100 גרם,false,0,16.90,67.60,true,1,
7290012413919,false,תה ירוק תות 1.5גרם25Xשק,ויסוצקי,,תה ירוק תות,גרמים,38.00,100 גרם,false,0,25.90,68.16,true,1,
7290012475634,false,מעדן שזיפים,,IL,מעדן שזיפים,גרמים,255.00,100 גרם,false,0,16.90,6.63,true,1,
7290012522581,false,שניצל תירס טבעול ל.גלוטן,טבעול,IL,שניצל תירס,גרמים,664.00,100 גרם,false,0,27.90,4.20,true,1,
7290012522734,false,טחון מן הצומח 400גרם,טבעול,IL,טחון מן הצומח,גרמים,400.00,100 גרם,false,0,22.90,5.73,true,1,
7290012561405,false,בצל חצי מטוגן 180 גרם,דורות,IL,בצל חצי מטוגן,גרמים,180.00,100 גרם,false,0,10.40,5.78,true,1,
7290012576607,false,"קברנה פרמייר 750 מ""ל",יקבי ברקן,IL,פרמייר קברנה,מיליליטרים,750.00,"100 מ""ל",false,0,26.70,3.56,true,1,
7290012588778,false,מיץ אננס 4יח,,MX,מיץ אננס 4יח,ליטרים,1.34,ליטר,false,0,16.00,11.94,true,1,
7290012642876,false,פלפלונים מעורב כבוש540גר,סאטקו,BG,פלפלונים מעורבים,גרמים,530.00,100 גרם,false,0,11.90,2.25,true,1,
7290012665363,false,רביולי במילוי פטריות 400,"אדריה בע""מ",IL,רביולי במילוי פט,גרמים,400.00,100 גרם,false,0,12.80,3.20,true,1,
7290012697081,false,סוכרזית סטיוויה 100 שק',"ביסקול בע""מ",IL,סוכרזית סטיוויה,גרמים,100.00,100 גרם,false,0,29.30,29.30,true,1,
7290012697234,false,סטיוויה סוכרזית 75 טב',"ביסקול בע""מ",IL,סטיוויה סוכרזית,גרמים,6.00,100 גרם,false,0,14.90,248.33,true,1,
7290012697371,false,סוכרלייט 150 טבליות,"ביסקול בע""מ",IL,סוכרלייט,גרמים,150.00,100 גרם,false,0,19.10,12.73,true,1,
7290012697388,false,סוכרזית סטיוויה כפית100ג,"ביסקול בע""מ",IL,סוכרזית סטיוויה,גרמים,100.00,100 גרם,false,0,33.90,33.90,true,1,
7290012708008,false,בריא לי-מיקס בריאות 400ג,קטיף,IL,בריא לי,גרמים,400.00,100 גרם,false,0,35.60,8.90,true,1,
7290012803055,false,סוכרלוז 100 שקיות,"קיפל טבליות וממתיקים בע""מ",IL,סוכרלוז,גרמים,100.00,100 גרם,false,0,27.90,27.90,true,1,
7290012803123,false,מגבוני פ.ואנס פרש4*72,על בד,IL,רביעית פרש וואנס,יחידה,1.00,יחידה,false,0,17.90,17.90,true,1,
7290012803215,false,וופל בלגי בטעם שוקולד200,גילרו,IL,וופל בלגי,גרמים,200.00,100 גרם,false,0,10.50,5.25,true,1,
7290012803222,false,וופל בלגי בטעם לימון200ג,גילרו,IL,וופל בלגי,גרמים,200.00,100 גרם,false,0,10.50,5.25,true,1,
7290012803352,false,"רייד קוטל מעופפים 300מ""ל",ג'ונסון,NL,רייד קוטל מעופפי,מיליליטרים,300.00,"100 מ""ל",false,0,10.00,3.33,true,1,
7290012803468,false,סוכרלוז ממתיק נוזלי200מל,"קיפל טבליות וממתיקים בע""מ",IL,סוכרלוז נוזלי,מיליליטרים,200.00,"100 מ""ל",false,0,26.70,13.35,true,1,
7290012803543,false,רייד מכשיר+נוזל נ.יתושים,ג'ונסון,CN,רייד נגד יתושים,יחידה,1.00,יחידה,false,0,30.00,30.00,true,1,
7290012803604,false,ביסקוויט שוקולד+טרימי180,TAGO,PL,ביסקוויט טרמיסו,גרמים,180.00,100 גרם,false,0,12.90,7.17,true,1,
7290012803796,false,שוק.חלב אגוז ללא סוכר100,אלטינמארקה,IL,שוקולד חלב אגוז,גרמים,100.00,100 גרם,false,0,11.80,11.80,true,1,
7290012823374,false,אנטי קאלק מטליות 50 יח',סנו,,מטליות אנטי קאלק,יחידה,1.00,יחידה,false,0,10.00,10.00,true,1,
7290012823541,false,10 מטל.לחות לריצפה ריצפז,סנו,IL,מטליות ריצפה,יחידה,1.00,יחידה,false,0,10.90,10.90,true,1,
7290012823558,false,10מטליות לחות לרצפה סושי,סנו,IL,מטליות רצפה לחות,יחידה,1.00,יחידה,false,0,8.90,8.90,true,1,
7290012823565,false,10 מטליות לחות פוליויקס,סנו,IL,מטליות פוליויקס,יחידה,1.00,יחידה,false,0,11.90,11.90,true,1,
7290012823602,false,נייר טואלט סופט לבן 32גל,סנו,IL,נ.טואלט סופט לבן,מטרים,588.00,100 מטר,false,0,31.30,5.32,true,1,
7290012823800,false,תח.רחצה כיף חלב קוקוס750,קוסמופארם,IL,תחליב רחצה כיף,מיליליטרים,750.00,"100 מ""ל",false,0,10.00,1.33,true,1,
7290012823817,false,תח.רחצה כיף חלב לבנדר750,קוסמופארם,IL,תחליב רחצה כיף,מיליליטרים,750.00,"100 מ""ל",false,0,10.00,1.33,true,1,
7290012884979,false,נקניקיות מן הצומח 900 גר,תפוגן,IL,נקניקיות מן הצומ,גרמים,900.00,100 גרם,false,0,21.60,2.40,true,1,
7290012884986,false,"ציפס לתנור 1.5 ק""ג",תפוגן,IL,ציפס לתנור,קילוגרמים,1.50,"ק""ג",false,0,26.90,17.93,true,1,
7290012899867,false,מלפפונים במלח,,IL,מלפפונים במלח,גרמים,540.00,100 גרם,false,0,4.90,0.91,true,1,
7290012899973,false,מלפפונים במלח10-12 540גר,פרי חן,IL,מלפפונים במלח,גרמים,540.00,100 גרם,false,1,5.90,1.09,true,1,
7290012931611,false,כריות ברזל,,CN,כריות ברזל,יחידה,1.00,יחידה,false,0,6.90,6.90,true,1,
7290012936944,false,אגוז מוסקט טחון צנצנת40ג,א.ל ייצור ושיווק תבלינים,IL,אגוז מוסקט טחון,גרמים,40.00,100 גרם,false,0,13.90,34.75,true,1,
7290012938405,false,רדיד אלומיניום,,,רדיד אלומיניום,מטרים,7.00,מטר,false,0,15.30,2.19,true,1,
7290012938597,false,משחת סנסודין רפיד רליף75,גלקסוסמיתקליין,SI,משחת סנסודיין,מיליליטרים,75.00,"100 מ""ל",false,0,16.90,22.53,true,1,
7290012938740,false,משחת סנסודיין פרש מינט75,סמית קליין,GB,משחת סנסודיין,מיליליטרים,75.00,"100 מ""ל",false,0,16.90,22.53,true,1,
7290012962721,false,10 משטחי החתלה,K.G.G.INC,IL,משטח החתלה,יחידה,1.00,יחידה,false,0,19.80,19.80,true,1,
7290012983375,false,תמר לח בשקית 500גרם,ששון,IL,תמר חיאני 500ג,גרמים,500.00,100 גרם,false,1,9.90,1.98,true,1,
7290013027016,false,לחם קמח מלא+100%דגנים750,מאפיית שלמה א. אנג'ל,IL,לחם קמח מלא+100%דגנים750,גרמים,750.00,100 גרם,false,0,12.80,1.71,true,1,
7290013027399,false,לחם מלא+100%שיפון-קל750ג,מאפיית שלמה א. אנג'ל,IL,לחם מלא+100%שיפון-קל750ג,גרמים,750.00,100 גרם,false,0,13.90,1.85,true,1,
7290013027535,false,לחם שיפון קל 750 גרם,מאפיית שלמה א. אנג'ל,IL,לחם שיפון קל 750 גרם,גרמים,750.00,100 גרם,false,0,12.80,1.71,true,1,
7290013027849,false,לחם אנג'ל100קל+שיפון500,מאפיית שלמה א. אנג'ל,IL,לחם אנג'ל100קל+שיפון500,גרמים,500.00,100 גרם,false,0,12.80,2.56,true,1,
7290013038234,false,מים אקווה נובה 2*6 ליטר,טמפו,IL,אקווה נובה 6 בקב,ליטרים,12.00,ליטר,false,0,9.50,0.79,true,1,
7290013039880,false,מסקרה קולוסל 100%צ.שחור,סייפו,FR,מסקרה קולוסל,יחידה,1.00,יחידה,false,0,117.00,117.00,true,1,
7290013068361,false,"שמן זית אליעד 750 מ""ל",אליעד בית בד בגולן,IL,שמן זית,מיליליטרים,750.00,"100 מ""ל",false,0,36.90,4.92,true,1,
7290013068460,false,סרדינים בשמן צמחי 120 גר,סוסיאטה דמסה,MA,סרדינים בשמן,גרמים,120.00,100 גרם,false,0,6.00,5.00,true,1,
7290013068637,false,פטריות חתוכות 290*3ג,פרוצ'אמפ,NL,פטריות שמפיניון,גרמים,870.00,100 גרם,false,0,13.20,1.52,true,1,
7290013068682,false,שמן זית כתית מעולה 750 מ,אליעד בית בד בגולן,IL,שמן זית כתית,מיליליטרים,750.00,"100 מ""ל",false,0,36.90,4.92,true,1,
7290013068705,false,שמן זית ישראלי כתית750מ,אליעד בית בד בגולן,IL,"שמן זית 750 מ""ל",מיליליטרים,750.00,"100 מ""ל",false,0,36.90,4.92,true,1,
7290013068781,false,גרעיני תירס מתוק,,TH,גרעיני תירס מתוק,גרמים,340.00,100 גרם,false,0,5.50,1.62,true,1,
7290013083678,false,מטרנה אקסטרה קר שלב2 700,נסטלה,IL,מטרנה אקסטרה קר,גרמים,700.00,100 גרם,false,0,59.90,8.56,true,1,
7290013117212,false,בורקס פילו גבינה 600 גרם,"מעדנות בע""מ",IL,בורקס גבינה,גרמים,600.00,100 גרם,false,0,20.70,3.45,true,1,
7290013117229,false,"בורקס פילו תפו""א 600 גרם","מעדנות בע""מ",IL,"בורקס תפו""א",גרמים,600.00,100 גרם,false,0,20.70,3.45,true,1,
7290013117243,false,בורקס פילו בולגרית 600 ג,"מעדנות בע""מ",IL,בורקס בולגרית,גרמים,600.00,100 גרם,false,0,20.70,3.45,true,1,
7290013117410,false,בצק פריך מתוק 450X2 900,"מעדנות בע""מ",IL,בצק פריך,גרמים,900.00,100 גרם,false,0,24.80,2.76,true,1,
7290013117427,false,בצק פריך מלוח 450X2גרם 0,"מעדנות בע""מ",IL,בצק פריך,גרמים,900.00,100 גרם,false,0,24.80,2.76,true,1,
7290013117441,false,בורקס פילו פטריות 600 גר,"מעדנות בע""מ",IL,בורקס פילו,גרמים,600.00,100 גרם,false,0,20.70,3.45,true,1,
7290013117526,false,בצק שמרים למאפים מתוקים,"מעדנות בע""מ",IL,בצק שמרים,גרמים,900.00,100 גרם,false,0,21.90,2.43,true,1,
7290013117694,false,מאפה פילו בשר 700גרם,"מעדנות בע""מ",IL,מאפה בשר,גרמים,700.00,100 גרם,false,0,38.90,5.56,true,1,
7290013144195,false,תערובת כדורי שוקולד500גר,א.ל ייצור ושיווק תבלינים,IL,תערובת כ.שוקולד,גרמים,500.00,100 גרם,false,0,17.20,3.44,true,1,
7290013144232,false,פודינג וניל 80 גרם,א.ל ייצור ושיווק תבלינים,IL,פודינג וניל,גרמים,80.00,100 גרם,false,0,5.40,6.75,true,1,
7290013144317,false,ג'וני גלילת וופל למילוי,הגביע,IL,ג'וני גלילת וופל,יחידה,1.00,יחידה,false,0,17.90,17.90,true,1,
7290013144355,false,וופל הולנדי מקורי 252גרם,ק.א שוקולד,NL,וופל הולנדי,גרמים,252.00,100 גרם,false,0,15.40,6.11,true,1,
7290013144386,false,ג'וני שוקו 18 יח',הגביע,IL,ג'וני שוקו,יחידה,1.00,יחידה,false,0,17.90,17.90,true,1,
7290013144751,false,סירופ בטעם מייפל 500גרם,גלעם,IL,סירופ טעם מייפל,גרמים,500.00,100 גרם,false,0,12.80,2.56,true,1,
7290013144997,false,תרסיס שמן זית 140 גרם,גאטא קוסמטיקה,IL,תרסיס שמן זית,גרמים,140.00,100 גרם,false,1,10.90,7.79,true,1,
7290013145031,false,ברס אגוז לוז מסוכר 100גר,א.ל ייצור ושיווק תבלינים,IL,ברס אגוזי לוז,גרמים,100.00,100 גרם,false,0,10.90,10.90,true,1,
7290013145192,false,שומשום 100 גרם,א.ל ייצור ושיווק תבלינים,IL,שומשום,גרמים,100.00,100 גרם,false,0,3.90,3.90,true,1,
7290013145215,false,שומשום 400 גרם,א.ל ייצור ושיווק תבלינים,IL,שומשום,גרמים,400.00,100 גרם,false,0,12.40,3.10,true,1,
7290013145390,false,שוקולד צ'יפס 250 גרם,אינטרגטה,IL,שוקולד צ'יפס,גרמים,250.00,100 גרם,false,0,6.90,2.76,true,1,
7290013145406,false,שוקולד צ'יפס לבן 250 גרם,אינטרגטה,IL,שוקולד צ'יפס,גרמים,250.00,100 גרם,false,0,6.90,2.76,true,1,
7290013145437,false,שוקולד צ'יפס 48% 250 גרם,אינטרגטה,IL,שוקולד צ'יפס,גרמים,250.00,100 גרם,false,0,10.90,4.36,true,1,
7290013145529,false,סוכריות צבעוניות לקישוט,א.ל ייצור ושיווק תבלינים,IL,סוכריות לקישוט,גרמים,90.00,100 גרם,false,0,4.90,5.44,true,1,
7290013145567,false,מיני מיני עדשים 90 גרם,א.ל ייצור ושיווק תבלינים,,מיני מיני עדשים,גרמים,90.00,100 גרם,false,0,10.30,11.44,true,1,
7290013145574,false,ערכה לקישוט 100 גרם,א.ל ייצור ושיווק תבלינים,IL,ערכה לקישוט,גרמים,100.00,100 גרם,false,0,10.80,10.80,true,1,
7290013145628,false,סוכ.צבעוניות לקישוט 200ג,א.ל ייצור ושיווק תבלינים,IL,סוכריות צבעוניות,גרמים,200.00,100 גרם,false,0,8.80,4.40,true,1,
7290013145673,false,קמח שמרים חצי זמן תפיחה,א.ל ייצור ושיווק תבלינים,IL,קמח שמרים,קילוגרמים,1.00,"ק""ג",false,1,9.80,9.80,true,1,
7290013145710,false,דובדבנים מסוכרים 100 גרם,א.ל ייצור ושיווק תבלינים,IL,דובדבנים מסוכרים,גרמים,100.00,100 גרם,false,0,8.70,8.70,true,1,
7290013145871,false,שמרים יבשים 55 גרם,אנג'ל איסט,,שמרים יבשים,גרמים,55.00,100 גרם,false,0,10.00,18.18,true,1,
7290013145932,false,אבקת סוכר חום 100 גרם,"י.כהן בע""מ",IL,אבקת סוכר חום,גרמים,100.00,100 גרם,false,0,5.00,5.00,true,1,
7290013145949,false,אבקת סוכר אריזת פטנט250ג,א.ל ייצור ושיווק תבלינים,IL,אבקת סוכר,גרמים,250.00,100 גרם,false,0,15.90,6.36,true,1,
7290013145956,false,שמרים יבשים בוואקום500ג,אנג'ל איסט,CN,שמרים יבשים,גרמים,500.00,100 גרם,false,0,10.90,2.18,true,1,
7290013145963,false,שמרים יבשים בוואקום125ג,אנג'ל איסט,CN,שמרים יבשים,גרמים,125.00,100 גרם,false,0,5.20,4.16,true,1,
7290013146083,false,מלית חלבה 400 גרם,אינטרגטה,,מלית חלבה,גרמים,400.00,100 גרם,false,0,14.90,3.73,true,1,
7290013153395,false,פריגת סחוט רימונים 1ליטר,פריגת,IL,מיץ סחוט רימונים,ליטרים,1.00,ליטר,false,1,20.10,20.10,true,1,
7290013153418,false,מיץ סחוט לימון נענע 1 לי,פריגת,IL,מיץ לימון נענע,ליטרים,1.00,ליטר,false,1,14.40,14.40,true,1,
7290013153425,false,מיץ סחוט לימון נענע 2ל,פריגת,IL,סחוט לימון נענע,ליטרים,2.00,ליטר,false,1,20.90,10.45,true,1,
7290013156273,false,נשיקות מיני טעם וניל100ג,גידרון,IL,נשיקות מיני וניל,גרמים,100.00,100 גרם,false,0,19.70,19.70,true,1,
7290013169600,false,דגנ.מרובעים קינמון412*2ג,קואקר אוטס,IL,דגנים מרובעים2יח,גרמים,824.00,100 גרם,false,0,35.10,4.26,true,1,
7290013267085,false,מאגדת לייט שוקולד 6שלגונ,שטראוס,IL,מאגדת לייט,גרמים,204.00,100 גרם,false,0,26.90,13.19,true,1,
7290013267566,false,גל.קרמיסימו בומבה 1.33לי,שטראוס,IL,גל.קרמיסימו בומבה 1.33לי,ליטרים,1.30,ליטר,false,0,18.90,14.54,true,1,
7290013268037,false,מקסימה ס.מרוכז לבנדר 1ל',סנו,IL,מרכך כביסה,ליטרים,1.00,ליטר,false,0,15.90,15.90,true,1,
7290013268464,false,"קרם גוף קרמה מאסק 500מ""ל",קוסמופארם,IL,קרם גוף קרמה,מיליליטרים,500.00,"100 מ""ל",false,0,21.70,4.34,true,1,
7290013268648,false,"שמפו כיף רומנס 750 מ""ל",קוסמופארם,IL,שמפו כיף,מיליליטרים,750.00,"100 מ""ל",false,0,10.00,1.33,true,1,
7290013268686,false,"מרכך כיף רומנס 750 מ""ל",קוסמופארם,IL,מרכך כיף,מיליליטרים,750.00,"100 מ""ל",false,0,10.00,1.33,true,1,
7290013268884,false,סנו ריצפז פרש מאסק 2ליטר,סנו,IL,ריצפז פרש לרצפות,ליטרים,2.00,ליטר,false,0,18.70,9.35,true,1,
7290013268891,false,אוקסיג'ן ג'ל 3ליטר,סנו,,אוקסיג'ן ג'ל,ליטרים,3.00,ליטר,false,0,24.90,8.30,true,1,
7290013269287,false,ג'ל כביסה מרוכז,,IL,ג'ל כביסה מרוכז,ליטרים,3.00,ליטר,false,0,24.90,8.30,true,1,
7290013269560,false,קרמה תחליב רחצה מאסק750מ,קוסמופארם,,קרמה תחליב רחצה,מיליליטרים,750.00,"100 מ""ל",false,0,15.90,2.12,true,1,
7290013269645,false,מטליות לחות,,IL,מטליות לחות,יחידה,1.00,יחידה,false,0,10.90,10.90,true,1,
7290013269652,false,פוליויקס מאסק,,IL,פוליויקס מאסק,ליטרים,2.00,ליטר,false,0,21.70,10.85,true,1,
7290013269669,false,ריצפז פנטזיה,,IL,ריצפז פנטזיה,ליטרים,3.00,ליטר,false,0,11.70,3.90,true,1,
7290013269690,false,סנובון לאסלה,,IL,סנובון לאסלה,מיליליטרים,55.00,"100 מ""ל",false,0,6.90,12.55,true,1,
7290013269706,false,סנובון ג'ל לאסלה,,IL,סנובון ג'ל לאסלה,מיליליטרים,55.00,"100 מ""ל",false,0,6.90,12.55,true,1,
7290013269911,false,סנו K333,,IL,סנו K333,מיליליטרים,750.00,"100 מ""ל",false,0,29.50,3.93,true,1,
7290013284051,false,טריו זיתים,,,טריו זיתים,גרמים,560.00,100 גרם,false,0,11.70,2.09,true,1,
7290013284105,false,טבעות זיתים,,,טבעות זיתים,גרמים,500.00,100 גרם,false,0,8.80,1.76,true,1,
7290013284112,false,זיתים ירוקים,,,זיתים ירוקים,גרמים,560.00,100 גרם,false,0,7.90,1.41,true,1,
7290013284136,false,מלפפונים במלח,,,מלפפונים במלח,גרמים,560.00,100 גרם,false,0,6.10,1.09,true,1,
7290013284143,false,מלפפונים במלח,,,מלפפונים במלח,גרמים,560.00,100 גרם,false,0,6.80,1.21,true,1,
7290013284150,false,מלפפונים במלח 13-17 560ג,,,מלפפונים במלח 13-17 560ג,גרמים,560.00,100 גרם,false,0,9.00,1.61,true,1,
7290013284167,false,מלפפונים במלח,,,מלפפונים במלח,גרמים,560.00,100 גרם,false,0,11.70,2.09,true,1,
7290013284174,false,מלפפונים בחומץ,,,מלפפונים בחומץ,גרמים,560.00,100 גרם,false,0,6.10,1.09,true,1,
7290013284181,false,מלפפונים בחומץ,,,מלפפונים בחומץ,גרמים,560.00,100 גרם,false,0,6.80,1.21,true,1,
7290013284198,false,מלפפונים בחומץ,,,מלפפונים בחומץ,גרמים,560.00,100 גרם,false,0,9.00,1.61,true,1,
7290013284303,false,זיתים ירוקים,,IL,זיתים ירוקים,גרמים,560.00,100 גרם,false,0,9.90,1.77,true,1,
7290013284310,false,רוטב פסטה,,IL,רוטב פסטה,גרמים,240.00,100 גרם,false,0,5.50,2.29,true,1,
7290013284662,false,רוטב פיצה פיתה 240 גרם,,IL,רוטב פיצה פיתה 240 גרם,גרמים,240.00,100 גרם,false,0,5.50,2.29,true,1,
7290013284709,false,רוטב לשקשוקה 380 גרם,פרי ניר,IL,רוטב לשקשוקה,גרמים,380.00,100 גרם,false,1,7.80,2.05,true,1,
7290013284716,false,רוטב נפוליטנה 380 גרם,פרי ניר,IL,רוטב נפוליטנה,גרמים,380.00,100 גרם,false,1,7.80,2.05,true,1,
7290013284747,false,מטבל סלסה 380 גרם,פרי ניר,IL,מטבל סלסה,גרמים,380.00,100 גרם,false,1,7.80,2.05,true,1,
7290013284754,false,עגבניות מרוסקות 280 גרם,פרי ניר,IL,עגבניות מרוסקות,גרמים,280.00,100 גרם,false,1,5.90,2.11,true,1,
7290013284761,false,עגבנ.מרוסקות עם שום280ג,פרי ניר,IL,עגבניות מרוסקות,גרמים,280.00,100 גרם,false,1,5.90,2.11,true,1,
7290013284778,false,עגבנ.מרוסקות+בזיליקום280,פרי ניר,IL,עגבניות מרוסקות,גרמים,280.00,100 גרם,false,1,5.90,2.11,true,1,
7290013284785,false,רוטב פפרונטה 380 גרם,פרי ניר,IL,רוטב פפרונטה,גרמים,380.00,100 גרם,false,1,7.80,2.05,true,1,
7290013284808,false,זיתים ירוקים מבוקעים560ג,פרי ניר,IL,זיתים ירוקים,גרמים,560.00,100 גרם,false,1,8.80,1.57,true,1,
7290013310378,false,כפפות ניטריל S 80 יח',LTD G.G.CO,TH,כפפות ניטריל,יחידה,1.00,יחידה,false,0,30.20,30.20,true,1,
7290013310385,false,כפפות ניטריל M 80 יח',LTD G.G.CO,TH,כפפות ניטריל,יחידה,1.00,יחידה,false,0,30.20,30.20,true,1,
7290013310392,false,כפפות ניטריל L 80 יח',LTD G.G.CO,TH,כפפות ניטריל,יחידה,1.00,יחידה,false,0,30.20,30.20,true,1,
7290013310859,false,ערכה לניקוי האף ואוזניים,LTD E.L.CO,CN,ערכת ניקוי לאף,יחידה,1.00,יחידה,false,0,27.70,27.70,true,1,
7290013358295,false,קראנצוס גריל 200 גרם,מנה,IL,קראנצוס 200 גרם,גרמים,200.00,100 גרם,false,0,5.00,2.50,true,1,
7290013358356,false,פירורי לחם מוזהבים350גרם,עינת,IL,פירורי לחם,גרמים,350.00,100 גרם,false,0,5.90,1.69,true,1,
7290013358363,false,פרורי לחם יפני מוזהב300ג,עינת,IL,פרורי לחם יפני,גרמים,300.00,100 גרם,false,0,9.80,3.27,true,1,
7290013358387,false,"קמח מקצועי מאסטר שף 1ק""ג",שטיבל,IL,קמח מאסטר שף,קילוגרמים,1.00,"ק""ג",false,0,5.90,5.90,true,1,
7290013358394,false,קמח קונדיטור מאסטר שף1ק,שטיבל,IL,קמח מאסטר שף,קילוגרמים,1.00,"ק""ג",false,0,6.90,6.90,true,1,
7290013358417,false,רוטב טריאקי אסייאתי300מ,קי.אר.אס. ספייסי פוד,TH,רוטב טריאקי,מיליליטרים,300.00,"100 מ""ל",false,1,12.80,4.27,true,1,
7290013358424,false,"רוטב סויה בהירה 500 מ""ל",קי.אר.אס. ספייסי פוד,TH,רוטב סויה,מיליליטרים,500.00,"100 מ""ל",false,1,16.90,3.38,true,1,
7290013358448,false,קרוטונים לסלט ארוכים200,עינת,IL,קרוטונים לסלט,גרמים,200.00,100 גרם,false,0,11.80,5.90,true,1,
7290013358462,false,מיני קרוטונים למרק350גרם,עינת,IL,מיני קרוטונים,גרמים,350.00,100 גרם,false,0,18.70,5.34,true,1,
7290013358486,false,פירורי לחם ללא ביצה300ג,עינת,IL,פירורי לחם,גרמים,300.00,100 גרם,false,0,9.90,3.30,true,1,
7290013358493,false,"קרם קוקוס פחית 400 מ""ל",תאי קטקנאט קו לטידי,TH,קרם קוקוס,מיליליטרים,400.00,"100 מ""ל",false,1,9.80,2.45,true,1,
7290013358509,false,מאסטר שף מיקסלט 200 גרם,עינת,IL,מיקסלט,גרמים,200.00,100 גרם,false,0,14.80,7.40,true,1,
7290013358547,false,"רוטב צ'ילי חריף 700 מ""ל",קי.אר.אס. ספייסי פוד,TH,רוטב צ'ילי חריף,מיליליטרים,700.00,"100 מ""ל",false,1,14.80,2.11,true,1,
7290013358585,false,נודלס ביצים להקפצה 400ג,לינהאנג אינדסטריאל,CN,נודלס ביצים,גרמים,400.00,100 גרם,false,1,9.80,2.45,true,1,
7290013358684,false,קוסקוס דורום 350 גרם,"חטיפים מין הטבע בע""מ",IL,קוסקוס דורום,גרמים,350.00,100 גרם,false,1,7.80,2.23,true,1,
7290013358691,false,קוסקוס מלא 350 גרם,"חטיפים מין הטבע בע""מ",IL,קוסקוס מלא,יחידה,1.00,יחידה,false,1,6.80,6.80,true,1,
7290013358882,false,אייר פופס טורטייה טבעי40,דיאבטיקום,IL,חטיף אייר פופס,גרמים,40.00,100 גרם,false,0,5.00,12.50,true,1,
7290013358899,false,אייר פופס טורטייה חמוץ40,דיאבטיקום,IL,חטיף אייר פופס,גרמים,40.00,100 גרם,false,0,5.00,12.50,true,1,
7290013358912,false,טורטיה רולס טבעי70גר,NV LOCO POCO FOOD SNACK,BE,טורטיה רולס,גרמים,70.00,100 גרם,false,1,3.50,5.00,true,1,
7290013358929,false,צ'יפס בטעם טבעי מנה 45גר,FLAPER.S.A APERITIVOS,ES,צ'יפס טבעי מנה,גרמים,45.00,100 גרם,false,1,3.00,6.67,true,1,
7290013358967,false,קראנצ'וס מיקס בוטנים40גר,מנה,IL,קראנצ'וס מיקס,גרמים,40.00,100 גרם,false,0,3.60,9.00,true,1,
7290013366634,false,חסה סלנובה -יחידה,קטיף,IL,חסה סלנובה,יחידה,1.00,יחידה,false,0,12.00,12.00,true,1,
7290013366658,false,עלי סלנובה יחידה,.,IL,עלי סלנובה יחידה,יחידה,1.00,יחידה,false,1,12.00,12.00,true,1,
7290013378088,false,חטיף ג'אקס חלב ק.אגוז50ג,דיטי גידה סאן וה טיק אי.,TR,חטיף ג'אקס,גרמים,50.00,100 גרם,false,0,4.90,9.80,true,1,
7290013412423,false,חיתולי בייביסיטר,,IL,חיתולי בייביסיטר,יחידה,1.00,יחידה,false,0,34.60,34.60,true,1,
7290013412454,false,חיתולי בייביסיטר,,IL,חיתולי בייביסיטר,יחידה,1.00,יחידה,false,0,39.60,39.60,true,1,
7290013440648,false,"מאגדת אבטיח 5יח כשל""פ",נסטלה,IL,מאגדת אבטיח,גרמים,540.00,100 גרם,false,0,25.80,4.78,true,1,
7290013440785,false,מאגדת קרחוני לייט לימון,נסטלה,IL,מאגדת קרחוני לייט לימון,גרמים,560.00,100 גרם,false,0,21.70,3.88,true,1,
7290013472335,false,מקרלים פיקנטיים,,PT,מקרלים פיקנטיים,גרמים,120.00,100 גרם,false,0,5.90,4.92,true,1,
7290013472892,false,הבולגריה בקוביות,,,הבולגריה בקוביות,גרמים,200.00,100 גרם,false,0,10.00,5.00,true,1,
7290013472915,false,פלפלים פיקנטים בחומץ304ג,סאמיקו,MA,פלפלים בחומץ,גרמים,304.00,100 גרם,false,1,9.80,3.22,true,1,
7290013474063,false,בייגלה שמיניות 60 גרם,יוניליוור,IL,בייגלה שמיניות,גרמים,60.00,100 גרם,false,0,3.00,5.00,true,1,
7290013474155,false,מארז חטיף דג דג40גרם6Xיח,יוניליוור,IL,מארז חטיף דג דג,גרמים,240.00,100 גרם,false,0,10.80,4.50,true,1,
7290013474384,false,בייגלה דקים שמנת בצל300ג,יוניליוור,IL,בייגלה דקים,גרמים,300.00,100 גרם,false,0,7.90,2.63,true,1,
7290013474407,false,בייגלה דקים פרג/שומש300ג,יוניליוור,IL,בייגלה דקים,גרמים,300.00,100 גרם,false,0,7.90,2.63,true,1,
7290013474438,false,בייגלה דקים שומשום300גרם,יוניליוור,IL,בייגלה דקים,גרמים,300.00,100 גרם,false,0,7.90,2.63,true,1,
7290013531117,false,רוטב פסטה לילדים 260 גרם,זנלכל,IL,רוטב פסטה,גרמים,260.00,100 גרם,false,0,4.70,1.81,true,1,
7290013531605,false,רסק עגב.אורגני 100% 100ג,זנלכל,IL,רסק עגבניות,גרמים,100.00,100 גרם,false,1,2.50,2.50,true,1,
7290013539793,false,סטייל קרם גוף אובלפיח400,גורי,IL,סטייל קרם גוף,מיליליטרים,400.00,"100 מ""ל",false,0,26.10,6.53,true,1,
7290013540034,false,פתיתי טונה בשמן 158*4גרם,תעשיות פילטונה,IL,פתיתי טונה 4 יח,גרמים,632.00,100 גרם,false,0,10.00,1.58,true,1,
7290013540225,false,נתחי טונה קטנה 158*4 גרם,תעשיות פילטונה,IL,נתחי טונה 4 יח,גרמים,632.00,100 גרם,false,0,20.70,3.28,true,1,
7290013566096,false,פינוקים חטיפי גלידה כשלפ,נסטלה,IL,פינוקים חטיפי גלידה כשלפ,גרמים,570.00,100 גרם,false,0,48.50,8.51,true,1,
7290013566867,false,מאגדת חמשושים,נסטלה,IL,מאגדת חמשושים,גרמים,220.00,100 גרם,false,0,26.70,12.14,true,1,
7290013584113,false,"ספרייט פחית סליק 330 מ""ל",החברה המרכזית לייצור משקאות,IL,ספרייט,מיליליטרים,330.00,"100 מ""ל",false,0,4.50,1.36,true,1,
7290013584144,false,"ספרייט 500 מ""ל",החברה המרכזית לייצור משקאות,IL,"ספרייט 500 מ""ל",מיליליטרים,500.00,"100 מ""ל",false,0,6.90,1.38,true,1,
7290013584175,false,ספרייט 1.5*6 ליטר,החברה המרכזית לייצור משקאות,IL,ספרייט שישייה,ליטרים,9.00,ליטר,false,0,29.90,3.32,true,1,
7290013584182,false,ספרייט 1.5 ליטר,החברה המרכזית לייצור משקאות,IL,ספרייט בקבוק,ליטרים,1.50,ליטר,false,0,6.00,4.00,true,1,
7290013584816,false,"משק""ל פריגת לימונענע1.5ל",פריגת,IL,"משק""ל פריגת",ליטרים,1.50,ליטר,false,0,6.50,4.33,true,1,
7290013585233,false,"ספרייט זירו 330 מ""ל",החברה המרכזית לייצור משקאות,IL,ספרייט זירו,מיליליטרים,330.00,"100 מ""ל",false,1,4.50,1.36,true,1,
7290013585240,false,ספרייט זירו 1.5 ליטר,החברה המרכזית לייצור משקאות,IL,ספרייט זירו,ליטרים,1.50,ליטר,false,1,6.50,4.33,true,1,
7290013585257,false,"ספרייט זירו 500 מ""ל",החברה המרכזית לייצור משקאות,IL,ספרייט זירו,מיליליטרים,500.00,"100 מ""ל",false,1,6.90,1.38,true,1,
7290013585271,false,ספרייט זירו 1.5*6 ליטר,החברה המרכזית לייצור משקאות,IL,ספרייט זירו 6 יח,ליטרים,9.00,ליטר,false,1,35.90,3.99,true,1,
7290013585356,false,פיוז תה פירות יער 1.5ל',מבשלות בירה בינלאומיות,IL,פיוז תה,ליטרים,1.50,ליטר,false,1,7.10,4.73,true,1,
7290013585387,false,קולה זירו 1 ליטר,החברה המרכזית לייצור משקאות,IL,קולה זירו,ליטרים,1.00,ליטר,false,1,5.50,5.50,true,1,
7290013585394,false,קוקה קולה 1 ליטר,החברה המרכזית לייצור משקאות,IL,קוקה קולה,ליטרים,1.00,ליטר,false,1,5.50,5.50,true,1,
7290013585554,false,קינלי סודה 1.5*6 ליטר,החברה המרכזית לייצור משקאות,IL,קינלי סודה 6 יח,ליטרים,9.00,ליטר,false,1,13.90,1.54,true,1,
7290013608017,false,מיץ פירות הדר100%טבעי 2ל,גניר,IL,מיץ פירות הדר,ליטרים,2.00,ליטר,false,0,23.90,11.95,true,1,
7290013608086,false,מיץ פירות הדר100%טבעי1ל,גניר,IL,מיץ פירות הדר,ליטרים,1.00,ליטר,false,0,14.80,14.80,true,1,
7290013608260,false,מיץ רימונים סחוט טרי 1ל',גניר,IL,מיץ רימונים,ליטרים,1.00,ליטר,false,0,22.00,22.00,true,1,
7290013608277,false,מיץ רימון תפוח 100% 1ל',גניר,IL,מיץ רימון תפוח,ליטרים,1.00,ליטר,false,0,22.00,22.00,true,1,
7290013608352,false,מיץ תפוזים 100% 3 ליטר,גניר,IL,מיץ תפוזים,ליטרים,3.00,ליטר,false,1,29.90,9.97,true,1,
7290013652799,false,ק.לחות נטורל קר רגיל400מ,פישר מעבדות פרמצבטיות,,קרם לחות לשיער,מיליליטרים,400.00,"100 מ""ל",false,0,15.00,3.75,true,1,
7290013652805,false,ק.לחות נטורל קר ש.יבש400,פישר מעבדות פרמצבטיות,,קרם לחות לשיער,מיליליטרים,400.00,"100 מ""ל",false,0,15.00,3.75,true,1,
7290013652812,false,ק.ידיים נטורל קר רגיל150,פישר מעבדות פרמצבטיות,,קרם ידיים נטורל,מיליליטרים,150.00,"100 מ""ל",false,0,15.10,10.07,true,1,
7290013675095,false,שניצל ביתי אפוי 500גרם,תנובה,IL,שניצל ביתי אפוי 500גרם,גרמים,500.00,100 גרם,false,0,29.60,5.92,true,1,
7290013675163,false,שניצל קריספי מ.עוף 500ג,תנובה,IL,שניצל קריספי מ.עוף 500ג,גרמים,500.00,100 גרם,false,1,29.90,5.98,true,1,
7290013675170,false,שניצל קריספי שומשום עוף,תנובה,IL,שניצל קריספי שומשום עוף,גרמים,500.00,100 גרם,false,1,29.90,5.98,true,1,
7290013675187,false,שניצל קריספי חריף 500גרם,תנובה,IL,שניצל קריספי חרי,גרמים,500.00,100 גרם,false,14,29.90,5.98,true,1,
7290013675194,false,שניצל אמיתי ביתי ל.גלוטן,מאמא עוף,IL,שניצל אמיתי,גרמים,700.00,100 גרם,false,1,41.70,5.96,true,1,
7290013675316,false,אצבעות שניצל ללא גלוטן,מאמא עוף,IL,אצבעות שניצל,גרמים,700.00,100 גרם,false,1,35.00,5.00,true,1,
7290013683625,false,עוגת קצפת ריבת חלב 1.3קג,גידרון,IL,עוגת קצפת,קילוגרמים,1.30,"ק""ג",false,0,79.90,61.46,true,1,
7290013702005,false,מים טעם פירות יער 1.5 ל,יפאורה שותפות מובגלת לשיווק,IL,מים פירות יער,ליטרים,1.50,ליטר,false,0,5.00,3.33,true,1,
7290013702029,false,שוופס מים טעם אפרסק 1.5ל,יפאורה שותפות מובגלת לשיווק,IL,שוופס מים אפרסק,ליטרים,1.50,ליטר,false,0,5.00,3.33,true,1,
7290013702043,false,שוופס מים טעם ענבים 1.5ל,יפאורה שותפות מובגלת לשיווק,IL,מים בטעם ענבים,ליטרים,1.50,ליטר,false,0,5.00,3.33,true,1,
7290013702371,false,שוופס מים בטעם תפוח 1.5ל,יפאורה שותפות מובגלת לשיווק,IL,שוופס מים תפוח,ליטרים,1.50,ליטר,false,0,5.00,3.33,true,1,
7290013702388,false,"שוופס תפוח 500 מ""ל",יפאורה שותפות מובגלת לשיווק,IL,שוופס תפוח,מיליליטרים,500.00,"100 מ""ל",false,0,7.50,1.50,true,1,
7290013702463,false,שוופס מוגז למונייד 1.5 ל,יפאורה שותפות מובגלת לשיווק,IL,שוופס למונייד,ליטרים,1.50,ליטר,false,0,6.60,4.40,true,1,
7290013702470,false,שוופס מוגז לימונדה ורודה,יפאורה שותפות מובגלת לשיווק,IL,שוופס לימונדה,ליטרים,1.50,ליטר,false,0,6.60,4.40,true,1,
7290013702494,false,שוופס מוגז למון ליים1.5ל,יפאורה שותפות מובגלת לשיווק,IL,שוופס למון ליים,ליטרים,1.50,ליטר,false,0,4.90,3.27,true,1,
7290013702500,false,שוופס דיאט למון ליים1.5ל,יפאורה שותפות מובגלת לשיווק,IL,שוופס למון ליים,ליטרים,1.50,ליטר,false,0,4.90,3.27,true,1,
7290013702555,false,שוופס מוגז עדין אננס1.5ל,יפאורה שותפות מובגלת לשיווק,IL,שוופס מוגז עדין,ליטרים,15.00,ליטר,false,0,6.50,0.43,true,1,
7290013702852,false,"שוופס ראשן 330 מ""ל",יפאורה שותפות מובגלת לשיווק,IL,שוופס ראשן,מיליליטרים,330.00,"100 מ""ל",false,0,5.80,1.76,true,1,
7290013702883,false,שוופס לימונדה ורודה500מ,יפאורה שותפות מובגלת לשיווק,IL,שוופס לימונדה,מיליליטרים,500.00,"100 מ""ל",false,0,4.60,0.92,true,1,
7290013702951,false,שוופס למון ליים 1.5*6ל',יפאורה שותפות מובגלת לשיווק,IL,שוופס ליים 6 יח,ליטרים,9.00,ליטר,false,0,19.90,2.21,true,1,
7290013702999,false,שוופס מוגז גוארנה1.5ל,יפאורה שותפות מובגלת לשיווק,IL,שוופס גוארנה,ליטרים,1.50,ליטר,false,0,6.60,4.40,true,1,
7290013724953,false,חמוציות בשוקולד חלב 160ג,שקדיה,IL,חמוציות בשוקולד,גרמים,160.00,100 גרם,false,0,14.80,9.25,true,1,
7290013724960,false,שקדים בשוקולד חלב 160גרם,שקדיה,IL,שקדים בשוקולד,גרמים,160.00,100 גרם,false,0,14.80,9.25,true,1,
7290013724977,false,צימוק בשוקולד מריר 160גר,שקדיה,IL,צימוק בשוקולד,גרמים,160.00,100 גרם,false,0,14.80,9.25,true,1,
7290013725837,false,שומשום בשוקולד חלב 160גר,שקדיה,IL,שומשום בשוקלד,גרמים,160.00,100 גרם,false,0,14.80,9.25,true,1,
7290013725844,false,שומשום בשוקולד מריר 160ג,שקדיה,IL,שומשום בשוקולד,גרמים,160.00,100 גרם,false,0,14.80,9.25,true,1,
7290013771216,false,פטאקי 16% 250 גרם,מחלבת השומרון,IL,פטאקי 16%,גרמים,250.00,100 גרם,false,0,14.90,5.96,true,1,
7290013809391,false,אבקת ניקוי+הברקה,,IL,אבקת ניקוי+הברקה,גרמים,600.00,100 גרם,false,0,7.00,1.17,true,1,
7290013847003,false,טונה +נגיעות שמן זית99קל,סטארקיסט,IL,טונה 99קלוריות,גרמים,95.00,100 גרם,false,0,6.90,7.26,true,1,
7290013847157,false,טונה שמ.זית כ.מעולה110*4,סטארקיסט,IL,טונה בשמן זית4יח,גרמים,440.00,100 גרם,false,0,29.60,6.73,true,1,
7290013847539,false,טונה עם פלפל חריף140*2ג,סטארקיסט,IL,טונה עם פלפל חריף140*2ג,גרמים,280.00,100 גרם,false,0,18.70,6.68,true,1,
7290013847546,false,טונה דל נתרן בשמן 160*4ג,סטארקיסט,IL,טונה בשמן 4 יח,גרמים,640.00,100 גרם,false,1,26.70,4.17,true,1,
7290013847607,false,סטארקיסט לסלט שמן שום160,סטארקיסט,IL,סטארקיסט לה סלט,גרמים,160.00,100 גרם,false,1,7.80,4.88,true,1,
7290013847614,false,סטארקיסט לסלט ויניגרט160,סטארקיסט,IL,סטארקיסט לה סלט,גרמים,160.00,100 גרם,false,1,7.80,4.88,true,1,
7290013847621,false,סטארקיסט לסלט קייסר160ג,סטארקיסט,IL,סטארקיסט לה סלט,גרמים,160.00,100 גרם,false,1,7.80,4.88,true,1,
7290013847652,false,סטארק.לסנדביץ חמוצים200ג,סטארקיסט,IL,סטארקיסט לסנדביץ,גרמים,200.00,100 גרם,false,1,8.80,4.40,true,1,
7290013848635,false,קרמה אלפא שמפו רגיל 700,קוסמופארם,IL,שמפו שיער קרמה,מיליליטרים,700.00,"100 מ""ל",false,0,12.90,1.84,true,1,
7290013848642,false,קרמה אלפא שמפו יבש 700 מ,קוסמופארם,IL,שמפו שיער קרמה,מיליליטרים,700.00,"100 מ""ל",false,0,12.90,1.84,true,1,
7290013848673,false,קרמה אלפא שמפו ומרכך700מ,קוסמופארם,IL,מרכך שיער קרמה,מיליליטרים,700.00,"100 מ""ל",false,0,12.90,1.84,true,1,
7290013848680,false,קרמה אלפא מרכך רגיל 700מ,קוסמופארם,IL,מרכך שיער קרמה,מיליליטרים,700.00,"100 מ""ל",false,0,12.90,1.84,true,1,
7290013848697,false,קרמה אלפא מרכך יבש 700מל,קוסמופארם,IL,מרכך שיער קרמה,מיליליטרים,700.00,"100 מ""ל",false,0,12.90,1.84,true,1,
7290013848710,false,קרמה אלפא מרכך מתולתל700,קוסמופארם,IL,מרכך שיער קרמה,מיליליטרים,700.00,"100 מ""ל",false,0,12.90,1.84,true,1,
7290013848970,false,דאו.קרמה ספריי קלאס150מ,קוסמופארם,IL,דאודורנט קרמה,מיליליטרים,150.00,"100 מ""ל",false,0,10.00,6.67,true,1,
7290013861054,false,צימוקים בשוקולד חלב 160ג,שקדיה,IL,צימוק בשוקולד,גרמים,160.00,100 גרם,false,0,14.80,9.25,true,1,
7290013861962,false,פיסטוק חלבי קלוי 200גרם,שקדיה,IL,פיסטוק קלוי,גרמים,200.00,100 גרם,false,0,23.70,11.85,true,1,
7290013861979,false,שקד קלוף קלוי 200גרם,שקדיה,IL,שקד קלוף קלוי,גרמים,200.00,100 גרם,false,0,22.70,11.35,true,1,
7290013883469,false,אסטוניש קרם אמבט,,IL,אסטוניש קרם אמבט,מיליליטרים,550.00,"100 מ""ל",false,0,12.90,2.35,true,1,
7290013906205,false,פסטרמה שום וצ'ילי 400 גר,טירת צבי,IL,פסטרמה שום+צ'לי,גרמים,400.00,100 גרם,false,0,31.50,7.88,true,1,
7290013906441,false,קבנוס 120 גרם,טירת צבי,IL,קבנוס,גרמים,120.00,100 גרם,false,0,11.80,9.83,true,1,
7290013906489,false,חטיפי קבנוס 120 גרם,טירת צבי,IL,חטיפי קבנוס,גרמים,120.00,100 גרם,false,0,11.80,9.83,true,1,
7290013906496,false,פסטרמה עגל רומני 120 גרם,טירת צבי,IL,פסטרמה עגל רומני,גרמים,120.00,100 גרם,false,0,15.30,12.75,true,1,
7290013906755,false,פסט.ברביקיו מרכבים טבעים,טירת צבי,IL,פסטרמה ברביקיו,גרמים,200.00,100 גרם,false,1,18.90,9.45,true,1,
7290013906762,false,פסטרמה בדבש מרכבים טבעים,טירת צבי,IL,פסטרמה בדבש,גרמים,200.00,100 גרם,false,1,18.90,9.45,true,1,
7290013906786,false,נקניקיות וינר לל חומר מש,טירת צבי,IL,נקניקיות וינר,גרמים,700.00,100 גרם,false,1,24.90,3.56,true,1,
7290013971555,false,סוללות פוג'יקום 4AAA+8AA,פוג'יקום,CN,סוללות פוג'יקום,יחידה,1.00,יחידה,false,0,14.90,14.90,true,1,
7290013997180,false,"נקניקיה דלישס צמחי 1 ק""ג",טבעול,IL,נקניקיה דלישס,גרמים,1000.00,100 גרם,false,0,37.60,3.76,true,1,
7290013997937,false,מיני המבורגר פטריות טבעו,טבעול,IL,מיני המבורגר פטר,גרמים,540.00,100 גרם,false,0,26.90,4.98,true,1,
7290014002074,false,ויסוצקידס פטל 20 שקיקים,ויסוצקי,IL,ויסוצקידס פטל,גרמים,54.00,100 גרם,false,0,13.90,25.74,true,1,
7290014002128,false,תה ירוק לימונית מנטה25שק,ויסוצקי,IL,תה ירוק לימונית,גרמים,37.00,100 גרם,false,0,25.90,70.00,true,1,
7290014002135,false,תה ירוק מיקס 25 שקיקים,ויסוצקי,IL,תה ירוק מיקס,גרמים,37.00,100 גרם,false,0,25.90,70.00,true,1,
7290014002173,false,תה ירוק תפוז 25ש1.5*גר,ויסוצקי,IL,תה ירוק תפוז,גרמים,37.00,100 גרם,false,0,25.90,70.00,true,1,
7290014002197,false,חליטת קמומיל ולימונית25ש,ויסוצקי,IL,חליטת קמומיל,גרמים,75.00,100 גרם,false,0,16.90,22.53,true,1,
7290014002203,false,חליטת לימונים לואיזה 25ש,ויסוצקי,IL,חליטת לימונים,גרמים,75.00,100 גרם,false,0,16.90,22.53,true,1,
7290014002982,false,תה ירוק סטיביה+לימונית25,ויסוצקי,IL,תה ירוק סטיביה+לימונית25,גרמים,37.00,100 גרם,false,0,25.90,70.00,true,1,
7290014016019,false,לחם פרוס ללא תוס.סוכר450,,IL,לחם פרוס ללא תוס.סוכר450,גרמים,450.00,100 גרם,false,0,20.30,4.51,true,1,
7290014016026,false,לחם+אגוזים וגרעינים450גר,,IL,לחם+אגוזים וגרעינים450גר,גרמים,450.00,100 גרם,false,0,20.30,4.51,true,1,
7290014016064,false,לחמניות בורגר 4יח90*גרם,,IL,לחמניות בורגר 4יח90*גרם,גרמים,360.00,100 גרם,false,0,15.80,4.39,true,1,
7290014016071,false,לחמניות נקניקייה 65*6גרם,,IL,לחמניות נקניקייה 65*6גרם,גרמים,390.00,100 גרם,false,0,17.70,4.54,true,1,
7290014016088,false,שליש באגט 4 יח100*גרם,,IL,שליש באגט 4 יח100*גרם,גרמים,400.00,100 גרם,false,0,17.70,4.43,true,1,
7290014016118,false,לחמניות סנדויץ 4יח112* ג,,IL,לחמניות סנדויץ 4יח112* ג,גרמים,450.00,100 גרם,false,0,18.30,4.07,true,1,
7290014016279,false,פיצה מרגריטה ל.גלוטן400ג,,IL,פיצה מרגריטה ל.גלוטן400ג,גרמים,400.00,100 גרם,false,0,23.90,5.98,true,1,
7290014016439,false,בורקס גבינה ללא חיטה500ג,,,בורקס גבינה ללא חיטה500ג,גרמים,500.00,100 גרם,false,0,29.30,5.86,true,1,
7290014016446,false,"בורקס תפו""א ללא חיטה500ג",,,"בורקס תפו""א ללא חיטה500ג",גרמים,500.00,100 גרם,false,0,29.30,5.86,true,1,
7290014016477,false,מלוואח ללא גלוטן 400 גרם,,IL,מלוואח ללא גלוטן 400 גרם,גרמים,400.00,100 גרם,false,0,27.30,6.83,true,1,
7290014046016,false,פסטרמה של פעם 250גרם,מעדני יחיעם,IL,פסטרמה של פעם,גרמים,250.00,100 גרם,false,0,28.00,11.20,true,1,
7290014046023,false,מוס כבד עוף+ פטריות 140ג,מעדני יחיעם,IL,מוס כבד עוף+פטר,גרמים,140.00,100 גרם,false,5,15.90,11.36,true,1,
7290014046436,false,נשנושי קבנוס 125 גרם,מעדני יחיעם,IL,נשנושי קבנוס,גרמים,125.00,100 גרם,false,0,13.80,11.04,true,1,
7290014066168,false,קפה לבוקר טחון מארז70*4ג,קפה לנדוור,IL,קפה לנדוור 4 יח,גרמים,280.00,100 גרם,false,1,19.70,7.04,true,1,
7290014079878,false,זוג לבבות אנדיב יחידה,מרינה,IL,זוג לבבות אנדיב,יחידה,1.00,יחידה,false,1,12.90,12.90,true,1,
7290014083424,false,אורז פרסי,,TH,אורז פרסי,קילוגרמים,1.00,"ק""ג",false,0,5.30,5.30,true,1,
7290014083813,false,שפרוטים,,IL,שפרוטים,גרמים,190.00,100 גרם,false,0,8.90,4.68,true,1,
7290014094024,false,שקד טבעי בקליפה 300גרם,שקדיה,IL,שקד טבעי בקליפה,גרמים,300.00,100 גרם,false,0,23.90,7.97,true,1,
7290014094062,false,גרעין שחור קלוי 200גרם,שקדיה,IL,גרעין שחור קלוי,גרמים,200.00,100 גרם,false,0,7.80,3.90,true,1,
7290014094079,false,בוטן קלוף קלוי 200גרם,שקדיה,IL,בוטן קלוף קלוי,גרמים,200.00,100 גרם,false,0,9.80,4.90,true,1,
7290014094093,false,גרעין לבן קלוי 200גרם,שקדיה,IL,גרעין לבן קלוי,גרמים,200.00,100 גרם,false,0,11.90,5.95,true,1,
7290014094130,false,גרעין אבטיח קלוי 200גרם,שקדיה,IL,גרעין אבטיח,גרמים,200.00,100 גרם,false,0,15.80,7.90,true,1,
7290014094413,false,סרדין בשמן סויה,,PT,סרדין בשמן סויה,גרמים,115.00,100 גרם,false,0,4.90,4.26,true,1,
7290014095021,false,אגוז מלך קלוף טבעי 150ג,שקדיה,IL,אגוז מלך קלוף,גרמים,150.00,100 גרם,false,0,15.90,10.60,true,1,
7290014095052,false,פקאן מסוכר 150גרם,שקדיה,IL,פקאן מסוכר,גרמים,150.00,100 גרם,false,1,18.70,12.47,true,1,
7290014095922,false,"דבש מפרחי הדר 1 ק""ג",שקדיה,IL,דבש מפרחי הדר,קילוגרמים,1.00,"ק""ג",false,0,40.00,40.00,true,1,
7290014126237,false,מר מאסל לניקוי כללי 1ל,AMBALAJ APS,TR,מר מאסל לנ.כללי,ליטרים,1.00,ליטר,false,0,8.90,8.90,true,1,
7290014126275,false,נוזל לרצפות פרחי בר2.5ל,AMBALAJ APS,TR,מר מאסל לרצפות,ליטרים,2.50,ליטר,false,0,15.00,6.00,true,1,
7290014126282,false,נוזל לרצפות לבנדר2.5ל,AMBALAJ APS,TR,מר מאסל לרצפות,ליטרים,2.50,ליטר,false,0,15.00,6.00,true,1,
7290014126978,false,דאק דוחה כתמים750*2מ,ג'ונסון,IL,דאק פאוור זוג,מיליליטרים,1500.00,"100 מ""ל",false,0,15.00,1.00,true,1,
7290014217065,false,אורגנו במיכל 30 גרם,תבליני טעם וריח,IL,אורגנו,גרמים,30.00,100 גרם,false,0,9.80,32.67,true,1,
7290014217119,false,תערובת תיבול לצ'יפס100ג,תבליני טעם וריח,IL,תערובת לצ'יפס,גרמים,100.00,100 גרם,false,1,7.80,7.80,true,1,
7290014217157,false,תערובת תיבול טוסקנה120ג,תבליני טעם וריח,IL,תערובת טוסקנה,גרמים,120.00,100 גרם,false,1,8.80,7.33,true,1,
7290014217225,false,גריל עוף במיכל 120 גרם,תבליני טעם וריח,IL,גריל עוף,גרמים,120.00,100 גרם,false,0,10.80,9.00,true,1,
7290014217324,false,גריל עוף ללא מונוסוד100ג,תבליני טעם וריח,IL,גריל עוף,גרמים,100.00,100 גרם,false,0,10.80,10.80,true,1,
7290014217331,false,פפריקה חריפה בשמן 90 גרם,תבליני טעם וריח,IL,פפריקה חריפה,גרמים,90.00,100 גרם,false,0,11.80,13.11,true,1,
7290014217355,false,אבקת קרי 100 גרם,תבליני טעם וריח,IL,אבקת קרי,גרמים,100.00,100 גרם,false,0,10.80,10.80,true,1,
7290014218093,false,פיצה משפחתית קמח מלא 500,"מעדנות בע""מ",IL,פיצה משפחתית,גרמים,500.00,100 גרם,false,0,22.70,4.54,true,1,
7290014218130,false,פיצה דקה גבינה 380גרם,תנובה,IL,פיצה דקה גבינה,גרמים,380.00,100 גרם,false,10,16.90,4.45,true,1,
7290014218291,false,בצק פילו 500גרם,תנובה,IL,בצק פילו,גרמים,500.00,100 גרם,false,16,23.90,4.78,true,1,
7290014256897,false,קריניאנו מבעבע באזז750מ,יקבי כרמל,IL,קריניאנו באזז,מיליליטרים,750.00,"100 מ""ל",false,1,22.90,3.05,true,1,
7290014256903,false,"מוסקטו סלקטד 750 מ""ל",יקבי כרמל,IL,מוסקטו סלקטד,מיליליטרים,750.00,"100 מ""ל",false,1,21.90,2.92,true,1,
7290014256910,false,"מוסקטו מבעבע באזז 750מ""ל",יקבי כרמל,IL,מוסקטו באזז,מיליליטרים,750.00,"100 מ""ל",false,1,22.90,3.05,true,1,
7290014256927,false,אמרלד ריזלינג סלקטד750מ,יקבי כרמל,IL,אמרלד ריזלינג,מיליליטרים,750.00,"100 מ""ל",false,1,21.90,2.92,true,1,
7290014256941,false,סוביניון בלאן סלקטד750מ,יקבי כרמל,IL,סוביניון בלאן,מיליליטרים,750.00,"100 מ""ל",false,1,21.90,2.92,true,1,
7290014258716,false,מטרנה צמחית 700 גרם,נסטלה,IL,מטרנה צמחי,גרמים,700.00,100 גרם,false,0,51.90,7.41,true,1,
7290014258723,false,מטרנה צמחית 0-12 700ג,נסטלה,IL,מטרנה צמחית,גרמים,700.00,100 גרם,false,0,68.90,9.84,true,1,
7290014258730,false,מטרנה צמחית מגיל שנה700ג,נסטלה,IL,מטרנה צמחית,גרמים,700.00,100 גרם,false,0,68.90,9.84,true,1,
7290014338203,false,מנצ'ס פיקנטי 200גרם,קסין דיי ברייט,CN,מנצ'ס פיקנטי200ג,גרמים,200.00,100 גרם,false,0,8.90,4.45,true,1,
7290014373778,false,עוגיות רולדה תמרים 300 ג,לחמי,IL,עוגיות רולדה,גרמים,300.00,100 גרם,false,0,19.70,6.57,true,1,
7290014373785,false,עוגיות רולדה תות 300 גרם,לחמי,IL,עוגיות רולדה,גרמים,300.00,100 גרם,false,0,19.70,6.57,true,1,
7290014397286,false,מרכך כביסה מרוכז,,IL,מרכך כביסה מרוכז,ליטרים,1.00,ליטר,false,0,15.90,15.90,true,1,
7290014397293,false,מרכך כביסה מרוכז,,IL,מרכך כביסה מרוכז,ליטרים,1.00,ליטר,false,0,15.90,15.90,true,1,
7290014397453,false,מסיר כתמים 3ליטר,,IL,מסיר כתמים 3ליטר,ליטרים,3.00,ליטר,false,0,24.90,8.30,true,1,
7290014397507,false,סנופרש מאסק מעוד,,IL,סנופרש מאסק מעוד,מיליליטרים,350.00,"100 מ""ל",false,0,10.90,3.11,true,1,
7290014397514,false,סנופרש כותנה,,IL,סנופרש כותנה,מיליליטרים,350.00,"100 מ""ל",false,0,10.90,3.11,true,1,
7290014397729,false,אקונומיקה פיסגה,,IL,אקונומיקה פיסגה,ליטרים,2.00,ליטר,false,0,7.90,3.95,true,1,
7290014397767,false,ריצפז פרש הום,,IL,ריצפז פרש הום,ליטרים,2.00,ליטר,false,0,16.90,8.45,true,1,
7290014397774,false,ריצפז פרש הום,,IL,ריצפז פרש הום,ליטרים,2.00,ליטר,false,0,16.90,8.45,true,1,
7290014397781,false,ריצפז פרש הום,,IL,ריצפז פרש הום,ליטרים,2.00,ליטר,false,0,16.90,8.45,true,1,
7290014397835,false,סנומט סמארט,,IL,סנומט סמארט,יחידה,1.00,יחידה,false,0,36.60,36.60,true,1,
7290014397958,false,"סנו די דוחה יתושים 50 מ""",,IL,"סנו די דוחה יתושים 50 מ""",מיליליטרים,50.00,"100 מ""ל",false,0,20.90,41.80,true,1,
7290014397972,false,סנו די קרם,,IL,סנו די קרם,מיליליטרים,100.00,"100 מ""ל",false,0,22.90,22.90,true,1,
7290014397996,false,סנובון WAVE אקונומיקה,סנו,IL,סנובון WAVE,גרמים,45.00,100 גרם,false,1,8.50,18.89,true,1,
7290014435704,false,סלמון מעושן 100 גרם,סלטי שמיר,IL,סלמון מעושן,גרמים,100.00,100 גרם,false,0,15.80,15.80,true,1,
7290014435810,false,הרינג כבוש עם בצל 180גרם,סלטי שמיר,IL,הרינג כבוש+בצל,גרמים,180.00,100 גרם,false,0,15.80,8.78,true,1,
7290014435841,false,פילה מטיאס הולנדי שמן180,סלטי שמיר,IL,פילה מטיאס בשמן,גרמים,180.00,100 גרם,false,0,15.80,8.78,true,1,
7290014455245,false,גרנה פדנו משולש 200 גרם,גרנה פדני איטליה,IT,גבינה גרנה פדנו,גרמים,200.00,100 גרם,false,1,23.20,11.60,true,1,
7290014455252,false,גרנה פדנו מגורדת 100 גרם,גרנה פדני איטליה,IT,גבינה גרנה פדנו,גרמים,200.00,100 גרם,false,1,10.90,5.45,true,1,
7290014455320,false,כדור מוצרלה פרסקה 100גרם,מחלבות גד,IL,מוצרלה פרסקה,גרמים,100.00,100 גרם,false,1,9.40,9.40,true,1,
7290014459007,false,"קוביות ת""א 700גרם",תפוגן,IL,"קוביות ת""א",גרמים,700.00,100 גרם,false,0,14.80,2.11,true,1,
7290014459267,false,"תפוגן פרוסות סלייס 1.5ק""",תפוגן,IL,תפוגן פרוסות,קילוגרמים,1.50,"ק""ג",false,10,26.90,17.93,true,1,
7290014459366,false,נאגטס תירס ללא מרכיב מחי,תפוגן,IL,נאגטס תירס,גרמים,600.00,100 גרם,false,9,19.70,3.28,true,1,
7290014459373,false,"ציפס קראנצי לתנור 1.5ק""ג",אסם,IL,ציפס קראנצי,יחידה,1.00,יחידה,false,1,26.90,26.90,true,1,
7290014466128,false,"אינדיגו הר חרמון 750 מ""ל",יקבי רמת הגולן קצרין,IL,הר חרמון אינדיגו,מיליליטרים,750.00,"100 מ""ל",false,0,29.90,3.99,true,1,
7290014466463,false,"מוסקטו הר חרמון 750 מ""ל",יקבי רמת הגולן קצרין,IL,הר חרמון מוסקטו,מיליליטרים,750.00,"100 מ""ל",false,0,29.90,3.99,true,1,
7290014466609,false,"גמלא מרלו 750 מ""ל",יקבי רמת הגולן קצרין,IL,גמלא מרלו,מיליליטרים,750.00,"100 מ""ל",false,1,54.90,7.32,true,1,
7290014501225,false,"הרי גליל אדום 750 מ""ל",יקב הרי גליל,IL,הרי גליל אדום,מיליליטרים,750.00,"100 מ""ל",false,1,29.90,3.99,true,1,
7290014503144,false,"יובלים דלתון לבן 750מ""ל",יקב דלתון,IL,יין יובלים לבן,מיליליטרים,750.00,"100 מ""ל",false,0,39.90,5.32,true,1,
7290014503373,false,"יובלים פריים קברנה750מ""ל",יקב דלתון,IL,יובלים קברנה,מיליליטרים,750.00,"100 מ""ל",false,0,49.90,6.65,true,1,
7290014525009,false,סלים פרוט יוגורט תפוח5י,סלים פרוטס,ES,חטיפי דגנים מרבה,גרמים,182.00,100 גרם,false,0,10.00,5.49,true,1,
7290014525016,false,סלים פרוט יוגורט תות 5י,סלים פרוטס,ES,חטיפי דגנים מרבה,גרמים,182.00,100 גרם,false,0,10.00,5.49,true,1,
7290014525023,false,סלים פרוט פירות יער 5יח',סלים פרוטס,ES,חטיפי דגנים מרבה,גרמים,215.00,100 גרם,false,0,10.00,4.65,true,1,
7290014525092,false,עוג.ספריטס ללא סוכר200ג,מרבה,DE,עוגיות ללא סוכר,גרמים,200.00,100 גרם,false,0,17.40,8.70,true,1,
7290014525252,false,עוגיות בוקר שוקוצ'יפס228,סלים דליס,NL,עוגיות בוקר,גרמים,228.00,100 גרם,false,0,10.00,4.39,true,1,
7290014603004,false,מאגדת מיני סולרו תות 295,שטראוס,IL,מאגדת מיני סולרו תות 295,גרמים,295.00,100 גרם,false,0,22.70,7.69,true,1,
7290014603073,false,מאגדת מיני מגנום דאבל גר,שטראוס,IL,מאגדת מיני מגנום,גרמים,310.00,100 גרם,false,0,27.90,9.00,true,1,
7290014603110,false,קארט דור שוקולד פאדג520,שטראוס,IL,קארט דור שוקולד,מיליליטרים,520.00,"100 מ""ל",false,6,19.70,3.79,true,1,
7290014603547,false,גל.קרמיסימו וניל+שוק1.3.,שטראוס,IL,גל.קרמיסימו וניל+שוק1.3.,מיליליטרים,665.00,"100 מ""ל",false,0,18.90,2.84,true,1,
7290014603554,false,קרמיסימו סנדיי וניל תות,שטראוס,IL,קרמיסימו סנדיי וניל תות,ליטרים,1.33,ליטר,false,0,18.90,14.21,true,1,
7290014603639,false,ברנפלקס ללא גלוטן 375 גר,יוניליוור,IL,ברנפלקס,גרמים,375.00,100 גרם,false,0,22.90,6.11,true,1,
7290014603653,false,כריות נוגט ללא גלוטן375ג,יוניליוור,IL,כריות נוגט,גרמים,375.00,100 גרם,false,0,20.90,5.57,true,1,
7290014603813,false,קרמיסימו מסטיק וניל 1330,שטראוס,IL,גלידת קרמיסימו,ליטרים,1.33,ליטר,false,0,18.90,14.21,true,1,
7290014603950,false,קארט דור היער השחור 520מ,שטראוס,IL,קארט דור היער השחור 520מ,מיליליטרים,520.00,"100 מ""ל",false,15,19.70,3.79,true,1,
7290014692305,false,גבינת קממבר,,DK,גבינת קממבר,גרמים,125.00,100 גרם,false,0,16.90,13.52,true,1,
7290014692336,false,שיני שום במי מלח,,IL,שיני שום במי מלח,גרמים,340.00,100 גרם,false,0,10.90,3.21,true,1,
7290014692541,false,אדם מגורדת EMMA,,LE,אדם מגורדת EMMA,גרמים,500.00,100 גרם,false,0,19.70,3.94,true,1,
7290014692565,false,גרעיני תירס מתוק,,IL,גרעיני תירס מתוק,גרמים,320.00,100 גרם,false,0,4.90,1.53,true,1,
7290014692817,false,מוצרלה מגורדת,,,מוצרלה מגורדת,גרמים,200.00,100 גרם,false,0,14.80,7.40,true,1,
7290014692978,false,פלפלים ממולאים,,GR,פלפלים ממולאים,גרמים,250.00,100 גרם,false,0,17.70,7.08,true,1,
7290014725294,false,סוכרזית סוכרלוז 100שקיות,"ביסקול בע""מ",IL,סוכרזית סוכרלוז,גרמים,100.00,100 גרם,false,0,18.90,18.90,true,1,
7290014725348,false,סוכרזית קלאסי 100 שקיות,"ביסקול בע""מ",IL,סוכרזית קלאסי,גרמים,130.00,100 גרם,false,0,14.80,11.38,true,1,
7290014725867,false,אזורה תחליב רח.קלאסיק750,"ביסקול בע""מ",IL,אזורה תחליב רחצה,מיליליטרים,750.00,"100 מ""ל",false,1,12.90,1.72,true,1,
7290014745612,false,קציצות ע.חציל וטחינה 600,עוף טוב,IL,קציצות ע.חציל תח,גרמים,600.00,100 גרם,false,0,28.90,4.82,true,1,
7290014745650,false,חטיפי קבנוס עוף טוב130ג,עוף טוב,IL,חטיפי קבנוס,גרמים,130.00,100 גרם,false,0,11.80,9.08,true,1,
7290014745919,false,ע. ט. שניצל עוף דק700גרם,עוף טוב,IL,עוף ט. שניצל עוף,גרמים,700.00,100 גרם,false,0,37.90,5.41,true,1,
7290014746404,false,אצבעות שניצל שומשום 400ג,אסם,IL,אצבעות שניצל שומ,גרמים,400.00,100 גרם,false,14,17.70,4.43,true,1,
7290014746466,false,שניצל דק מופחת מלח ע.ט.,אסם,IL,שניצל דק מופח מל,גרמים,700.00,100 גרם,false,1,39.60,5.66,true,1,
7290014746480,false,אצבעות שניצל שומשום מופח,אסם,IL,אצבעות שניצל שומ,גרמים,700.00,100 גרם,false,1,32.90,4.70,true,1,
7290014746565,false,שניצל מעודן מופח מלח ע.ט,אסם,IL,שניצל מעודן,גרמים,700.00,100 גרם,false,1,44.50,6.36,true,1,
7290014758100,false,יוגורט ביו 8 יח,,IL,יוגורט ביו 8 יח,קילוגרמים,1.20,"ק""ג",false,0,16.00,13.33,true,1,
7290014758117,false,יוגורט ביו 8 יח,,IL,יוגורט ביו 8 יח,קילוגרמים,1.20,"ק""ג",false,0,16.00,13.33,true,1,
7290014758162,false,חלב עיזים מלא 1ל,,IL,חלב עיזים מלא 1ל,ליטרים,1.00,ליטר,false,0,14.80,14.80,true,1,
7290014758308,false,יוגורט עיזים ביו,,IL,יוגורט עיזים ביו,גרמים,150.00,100 גרם,false,0,5.70,3.80,true,1,
7290014758346,false,מעדן סויה שוק2%. 125*2גר,,IL,מעדן סויה שוק2%. 125*2גר,גרמים,250.00,100 גרם,false,0,8.20,3.28,true,1,
7290014758353,false,מ.סויה1.8%מתיק.מעוד125*2,,IL,מ.סויה1.8%מתיק.מעוד125*2,גרמים,250.00,100 גרם,false,0,8.20,3.28,true,1,
7290014758360,false,מעדן סויה תות1.6% 125*2ג,,IL,מעדן סויה תות1.6% 125*2ג,גרמים,250.00,100 גרם,false,0,8.20,3.28,true,1,
7290014758377,false,מע.סויה אפרסק1.6% 125*2ג,,IL,מע.סויה אפרסק1.6% 125*2ג,גרמים,250.00,100 גרם,false,0,8.20,3.28,true,1,
7290014758681,false,קוטג 1% שומן,,IL,קוטג 1% שומן,גרמים,250.00,100 גרם,false,0,5.50,2.20,true,1,
7290014759084,false,גבינת נפוליאון,,IL,גבינת נפוליאון,גרמים,225.00,100 גרם,false,0,13.60,6.04,true,1,
7290014759534,false,בולגרית למריחה5%,,IL,בולגרית למריחה5%,גרמים,200.00,100 גרם,false,0,13.80,6.90,true,1,
7290014759541,false,בולגרית למריחה+5%פלפל200,תנובה,IL,בולגרית למריחה5%,גרמים,200.00,100 גרם,false,0,13.80,6.90,true,1,
7290014759909,false,פטה עיזים פיראוס,,IL,פטה עיזים פיראוס,גרמים,250.00,100 גרם,false,0,26.50,10.60,true,1,
7290014759978,false,קולאז' קצ'קבל,,IL,קולאז' קצ'קבל,גרמים,200.00,100 גרם,false,0,21.90,10.95,true,1,
7290014759985,false,קולאז' פרמזן,,IL,קולאז' פרמזן,גרמים,200.00,100 גרם,false,0,24.70,12.35,true,1,
7290014759992,false,קולאז' רוקפור,,IL,קולאז' רוקפור,גרמים,140.00,100 גרם,false,0,14.90,10.64,true,1,
7290014760103,false,מ.סויה מועשר בסידן200*3מ,סוי מג'יק,IL,משקה סויה 3 יח,מיליליטרים,600.00,"100 מ""ל",false,1,9.80,1.63,true,1,
7290014760141,false,משקה שקדים טרי 1 ליטר,סוי מג'יק,IL,משקה שקדים,ליטרים,1.00,ליטר,false,1,12.90,12.90,true,1,
7290014760448,false,גבינת גלבוע 22% 400 גרם,תנובה,IL,גבינת גלבוע,גרמים,400.00,100 גרם,false,1,23.30,5.83,true,1,
7290014761063,false,יולו שוקולד מריר,,IL,יולו שוקולד מריר,גרמים,123.00,100 גרם,false,0,4.30,3.50,true,1,
7290014761070,false,יולו שוקולד לבן,,IL,יולו שוקולד לבן,גרמים,123.00,100 גרם,false,0,4.30,3.50,true,1,
7290014761193,false,פרילי פירות יער 125 גרם,תנובה,IL,פרילי פירות יער,גרמים,125.00,100 גרם,false,0,3.50,2.80,true,1,
7290014761414,false,יולו שכבות שוקו.,,IL,יולו שכבות שוקו.,גרמים,123.00,100 גרם,false,0,4.30,3.50,true,1,
7290014761544,false,גבינת שמנת +5%פלפלים200ג,תנובה,IL,גבינת שמנת 5%,גרמים,200.00,100 גרם,false,0,10.80,5.40,true,1,
7290014761612,false,יולו שכבות שוקו.מריר122ג,תנובה,IL,יולו שכבות שוקו.,גרמים,122.00,100 גרם,false,1,4.30,3.52,true,1,
7290014761681,false,בולגרית למריחה ציזיקי200,תנובה,IL,בולגרית למריחה ציזיקי200,גרמים,200.00,100 גרם,false,0,13.80,6.90,true,1,
7290014761766,false,משקה פרילי תות 250 גרם,תנובה,IL,משקה פרילי תות,גרמים,250.00,100 גרם,false,1,4.50,1.80,true,1,
7290014761773,false,משקה פרילי אפרסק 250 גרם,תנובה,IL,משקה פרילי אפרסק,גרמים,250.00,100 גרם,false,1,4.50,1.80,true,1,
7290014761858,false,"שטוזים וניל מוקצף 125מ""ל",תנובה,IL,שטוזים מטקצף,מיליליטרים,125.00,"100 מ""ל",false,1,2.60,2.08,true,1,
7290014761865,false,"שטוזים תות מוקצף 125מ""ל",תנובה,IL,שטוזים מטקצף,מיליליטרים,125.00,"100 מ""ל",false,1,2.60,2.08,true,1,
7290014762282,false,יופלה 0% עם אוכמניות150ג,תנובה,IL,יופלה דיאט,גרמים,150.00,100 גרם,false,1,5.00,3.33,true,1,
7290014762626,false,פרוסות עמק 28%רכבת200ג,תנובה,IL,פרוסות עמק 28%,גרמים,200.00,100 גרם,false,1,15.20,7.60,true,1,
7290014762756,false,נפוליאון 16%עם בצל 225ג,תנובה,IL,גבינת נפוליאון,גרמים,225.00,100 גרם,false,1,13.60,6.04,true,1,
7290014789814,false,רוטב ברביקיו אורגינל538ג,היינץ,US,רוטב ברביקיו,גרמים,538.00,100 גרם,false,0,18.10,3.36,true,1,
7290014789913,false,עוגיות אוראו 176*3 גרם,מונדלייז,ES,עוגיות אוראו 3יח,גרמים,528.00,100 גרם,false,0,19.90,3.77,true,1,
7290014791077,false,ספרינג תה ענבים 1.5 ליטר,יפאורה שותפות מובגלת לשיווק,IL,ספרינג תה ענבים,ליטרים,1.50,ליטר,false,0,4.90,3.27,true,1,
7290014791213,false,שוופס מים 0קלור.תפוח1.5ל,יפאורה שותפות מובגלת לשיווק,IL,שוופס מים תפוח,ליטרים,1.50,ליטר,false,0,5.00,3.33,true,1,
7290014791237,false,שוופס מים 0קלור.אפרסק1.5,יפאורה שותפות מובגלת לשיווק,IL,שוופס מים אפרסק,ליטרים,1.50,ליטר,false,0,5.00,3.33,true,1,
7290014791565,false,שוופס מוגז ענבים 1.5ליטר,יפאורה שותפות מובגלת לשיווק,IL,שוופס ענבים,ליטרים,1.50,ליטר,false,1,6.60,4.40,true,1,
7290014791589,false,תפוזינה לימונדה נענע1.5ל,יפאורה שותפות מובגלת לשיווק,IL,תפוזינה לימונדה,ליטרים,1.50,ליטר,false,0,5.90,3.93,true,1,
7290014791725,false,"שוופס מוגז תפוח 500 מ""ל",יפאורה שותפות מובגלת לשיווק,IL,שוופס מוגז תפוח,מיליליטרים,500.00,"100 מ""ל",false,1,4.60,0.92,true,1,
7290014791770,false,פרוט ווטר ענבים 1.5 ליטר,יפאורה שותפות מובגלת לשיווק,IL,פרוט ווטר ענבים,ליטרים,1.50,ליטר,false,1,5.90,3.93,true,1,
7290014791787,false,פרוט ווטר אננס 1.5 ליטר,יפאורה שותפות מובגלת לשיווק,IL,פרוט ווטר אננס,ליטרים,1.50,ליטר,false,1,5.90,3.93,true,1,
7290014791794,false,פרוט ווטר תפוח 1.5 ליטר,יפאורה שותפות מובגלת לשיווק,IL,פרוט ווטר תפוח,ליטרים,1.50,ליטר,false,1,5.90,3.93,true,1,
7290014791800,false,פרוט ווטר אפרסק 1.5 ליטר,יפאורה שותפות מובגלת לשיווק,IL,פרוט ווטר אפרסק,ליטרים,1.50,ליטר,false,1,5.90,3.93,true,1,
7290014791817,false,פרוט ווטר אבטיח 1.5 ליטר,יפאורה שותפות מובגלת לשיווק,IL,פרוט ווטר אבטיח,ליטרים,1.50,ליטר,false,1,5.90,3.93,true,1,
7290014831445,false,בקלוואה 500 גרם,ממתקי מחרום,IL,בקלוואה,גרמים,500.00,100 גרם,false,0,19.90,3.98,true,1,
7290014875074,false,שווארמה מן הצומח טיבעול,טבעול,IL,שווארמה מן הצומח,גרמים,400.00,100 גרם,false,0,21.90,5.48,true,1,
7290014890077,false,ריקוטה סג.איטלקי5% 400ג,משק יעקבס,IL,גבינת ריקוטה,גרמים,400.00,100 גרם,false,1,13.90,3.48,true,1,
7290014901247,false,"שמפו קרטין סטייל 750 מ""ל",א.ל ארמן,IL,שמפו קרטין,מיליליטרים,750.00,"100 מ""ל",false,0,24.70,3.29,true,1,
7290014901254,false,"מרכך קרטין סטייל 750 מ""ל",א.ל ארמן,IL,מרכך קרטין,מיליליטרים,750.00,"100 מ""ל",false,0,24.70,3.29,true,1,
7290014901896,false,"סנסודיין מי פה 500 מ""ל",גלקסוסמיתקליין,DE,סנסודיין מי פה,מיליליטרים,500.00,"100 מ""ל",false,1,34.90,6.98,true,1,
7290014918009,false,דלי שטיפה+פיה,פלנרו,IL,דלי שטיפה+פיה,יחידה,1.00,יחידה,false,0,14.90,14.90,true,1,
7290014940086,false,הלחמניה להמבורגר 50*8ג,מאפיית שלמה א. אנג'ל,IL,הלחמניה להמבורגר 50*8ג,גרמים,400.00,100 גרם,false,0,11.80,2.95,true,1,
7290014940093,false,הלחמניה הקלה 54*6 גרם,מאפיית שלמה א. אנג'ל,IL,הלחמניה הקלה 54*6 גרם,גרמים,324.00,100 גרם,false,0,13.20,4.07,true,1,
7290014940581,false,לחם קימל 650 גרם,מאפיית שלמה א. אנג'ל,IL,לחם קימל 650 גרם,גרמים,650.00,100 גרם,false,1,13.80,2.12,true,1,
7290014940901,false,לחם פשוט מלא 750 גרם,מאפיית שלמה א. אנג'ל,IL,לחם מלא,גרמים,750.00,100 גרם,false,1,12.90,1.72,true,1,
7290014949737,false,"מר מאסל הדרים 500מ""ל",ג'ונסון,IL,מר מאסל למטבח,מיליליטרים,500.00,"100 מ""ל",false,0,10.00,2.00,true,1,
7290014949744,false,"אוטן טרופי ספריי 100 מ""ל",ג'ונסון,IL,אוטן ספריי,מיליליטרים,100.00,"100 מ""ל",false,0,17.90,17.90,true,1,
7290014949751,false,"אוטן ג'וניור ג'ל 100 מ""ל",ג'ונסון,IL,אוטן ג'וניור,מיליליטרים,100.00,"100 מ""ל",false,0,17.90,17.90,true,1,
7290014960145,false,עוגיות אוזני פיל 150 גרם,לחם יין,IL,עוגיות אוזני פיל,גרמים,150.00,100 גרם,false,1,14.90,9.93,true,1,
7290014960176,false,עוגיות אלפחורס 220 גרם,לחם יין,IL,עוגיות אלפחורס,גרמים,220.00,100 גרם,false,1,16.90,7.68,true,1,
7290014960220,false,עוגיות ביסקוטי 230 גרם,לחם יין,IL,עוגיות ביסקוטי,גרמים,230.00,100 גרם,false,1,14.90,6.48,true,1,
7290014962538,false,משחת טפטפים מנטה 50מל,כצט,IL,משחת שיניים,מיליליטרים,50.00,"100 מ""ל",false,0,11.90,23.80,true,1,
7290015025409,false,חטיף דגנים שוק.מריר20*6ג,אפקטבעי,IL,חטיפי דגנים,גרמים,120.00,100 גרם,false,1,15.80,13.17,true,1,
7290015025416,false,חטיפי דגנים קוקוס 20*6ג,אפקטבעי,IL,חטיף דגנים קוקוס,גרמים,120.00,100 גרם,false,1,15.80,13.17,true,1,
7290015025584,false,"רסק תפו""ע ללא סוכר100*4ג",אודנוולד,IL,רסק תפוחים,גרמים,400.00,100 גרם,false,0,12.80,3.20,true,1,
7290015039055,false,רוטב צ'ילי חריף,,TH,רוטב צ'ילי חריף,מיליליטרים,700.00,"100 מ""ל",false,0,7.90,1.13,true,1,
7290015039130,false,חמאה ללא מלח,,BE,חמאה ללא מלח,גרמים,200.00,100 גרם,false,0,7.80,3.90,true,1,
7290015039246,false,נתחי טונה בשמן,,TH,נתחי טונה בשמן,גרמים,640.00,100 גרם,false,0,19.90,3.11,true,1,
7290015039253,false,עלי גפן,,TR,עלי גפן,גרמים,620.00,100 גרם,false,0,9.50,1.53,true,1,
7290015039475,false,חמאה ללא מלח,,BE,חמאה ללא מלח,גרמים,100.00,100 גרם,false,0,4.00,4.00,true,1,
7290015039482,false,גבינת אדם,,AT,גבינת אדם,גרמים,235.00,100 גרם,false,0,19.70,8.38,true,1,
7290015055000,false,שרי יובל ליקופן,,IL,שרי יובל ליקופן,יחידה,1.00,יחידה,false,0,10.00,10.00,true,1,
7290015055017,false,עגבניות איתן במשקל,קטיף,IL,עגבניות איתן,קילוגרמים,0.00,"ק""ג",true,1,8.90,8.90,true,1,
7290015055024,false,שרי ליקופן יובל גרין400ג,ר.א.ן,IL,שרי ליקופן,גרמים,400.00,100 גרם,false,1,14.90,3.73,true,1,
7290015116800,false,תפוח אדמה נשיקות ארוז במ,קטיף,IL,תפוח אדמה נשיקות,קילוגרמים,0.00,"ק""ג",true,0,4.90,4.90,true,1,
7290015139014,false,לקקן תות 90 גרם,כרמית,IL,לקקן תות,גרמים,90.00,100 גרם,false,1,6.90,7.67,true,1,
7290015139311,false,וופל אגו קוביות שוקו200ג,כרמית,IL,וופל אגו קוביות,גרמים,200.00,100 גרם,false,1,8.80,4.40,true,1,
7290015139533,false,וופל לימון 200 גרם,כרמית,IL,וופל לימון,גרמים,200.00,100 גרם,false,1,9.90,4.95,true,1,
7290015139540,false,וופל קוביות מצופה שוק150,כרמית,IL,וופל קוביות,גרמים,150.00,100 גרם,false,1,9.90,6.60,true,1,
7290015139557,false,וופל שוקולד 200 גרם,כרמית,IL,וופל שוקולד,גרמים,200.00,100 גרם,false,1,9.90,4.95,true,1,
7290015139588,false,ופלים בשוקולד מריר 25*5ג,כרמית,IL,ופלים מצופים 5יח,גרמים,125.00,100 גרם,false,1,10.90,8.72,true,1,
7290015139595,false,שוקולד חלב חופשי 100 גרם,כרמית,IL,שוקולד חלב,גרמים,100.00,100 גרם,false,1,6.90,6.90,true,1,
7290015139601,false,שוקולד מריר חופשי 100 גר,כרמית,IL,שוקולד מריר,גרמים,100.00,100 גרם,false,1,6.90,6.90,true,1,
7290015139618,false,חטיף שוקולד וקורפלקס100ג,כרמית,IL,חטיף שוקולד,גרמים,100.00,100 גרם,false,1,9.90,9.90,true,1,
7290015150064,false,ביסקוויט סנדוויץ וניל240,אלגוריאגה ברנדס,ES,ביסקוויט סנדוויץ,גרמים,240.00,100 גרם,false,1,6.90,2.88,true,1,
7290015150071,false,עוג.סנדוויץ סופר או'ז165,סירו פודס,ES,עוגיות סנדוויץ,גרמים,165.00,100 גרם,false,1,7.80,4.73,true,1,
7290015150088,false,מחית עגבניות קלה 700 גרם,ויסוצקי,IL,מחית עגבניות,גרמים,700.00,100 גרם,false,1,12.30,1.76,true,1,
7290015150118,false,עגבניות חתוכות דק400*3ג,ויסוצקי,IL,עגבניות חתוכות,קילוגרמים,1.20,"ק""ג",false,1,16.80,14.00,true,1,
7290015150361,false,תה ירוק נענע סטיבייה25שק,ויסוצקי,IL,תה ירוק נענע,גרמים,37.00,100 גרם,false,1,25.90,70.00,true,1,
7290015150583,false,תה ירוק לימון ודבש 25שק',ויסוצקי,IL,תה ירוק ויסוצקי,גרמים,37.00,100 גרם,false,1,25.90,70.00,true,1,
7290015150590,false,תה ירוק ג'ינג'ר חריף25שק,ויסוצקי,IL,תה ירוק ויסוצקי,גרמים,37.00,100 גרם,false,1,25.90,70.00,true,1,
7290015150637,false,עוגיות סנדוויץ שוקולד165,סירו פודס,ES,עוגיות סנדוויץ,גרמים,165.00,100 גרם,false,1,7.80,4.73,true,1,
7290015155328,false,שישיית פרינוק,,IL,שישיית פרינוק,קילוגרמים,1.14,"ק""ג",false,0,21.70,19.04,true,1,
7290015193009,false,"רוטב תיבול לסושי 500 מ""ל",דיאמונד פריזרוד פודס,TH,רוטב תיבול לסושי,מיליליטרים,500.00,"100 מ""ל",false,0,21.70,4.34,true,1,
7290015193252,false,"רוטב בסיס לבישול 640 מ""ל",ליאנג סאנג הואד לימיטד,TH,רוטב בסיס לבישול,מיליליטרים,640.00,"100 מ""ל",false,1,15.90,2.48,true,1,
7290015257879,false,מפיות דו שכבתי צבעוני,.,IL,נפיות דו שכבתי,יחידה,1.00,יחידה,false,1,6.90,6.90,true,1,
7290015257909,false,מפיות תלת שכבתי מודפס,.,CN,מפיות תלת שכבתי,יחידה,1.00,יחידה,false,1,7.90,7.90,true,1,
7290015282130,false,טחינה ירוקה 250 גרם,סלטי שמיר,IL,טחינה ירוקה,גרמים,250.00,100 גרם,false,1,10.40,4.16,true,1,
7290015324007,false,פלפל שחור גרוס בשקית80ג,תבליני טעם וריח,IL,פלפל שחור גרוס,גרמים,80.00,100 גרם,false,0,13.20,16.50,true,1,
7290015324038,false,פפריקה בשמן בשקית 80 גרם,תבליני טעם וריח,IL,פפריקה בשמן,גרמים,80.00,100 גרם,false,0,7.80,9.75,true,1,
7290015324052,false,פפריקה מתוקה בשקית 80גרם,תבליני טעם וריח,IL,פפריקה מתוקה,גרמים,80.00,100 גרם,false,0,5.20,6.50,true,1,
7290015324069,false,גריל עוף בשקית 80 גרם,תבליני טעם וריח,IL,גריל עוף,גרמים,80.00,100 גרם,false,0,5.90,7.38,true,1,
7290015324083,false,מלח לימון בשקית 80 גרם,תבליני טעם וריח,IL,מלח לימון,גרמים,80.00,100 גרם,false,0,5.90,7.38,true,1,
7290015324090,false,כמון בשקית 80 גרם,תבליני טעם וריח,IL,כמון,גרמים,80.00,100 גרם,false,0,7.80,9.75,true,1,
7290015324106,false,כורכום בשקית 80 גרם,תבליני טעם וריח,IL,כורכום,גרמים,80.00,100 גרם,false,0,7.80,9.75,true,1,
7290015324120,false,שום גבישי בשקית 80 גרם,תבליני טעם וריח,IL,שום גבישי,גרמים,80.00,100 גרם,false,0,10.80,13.50,true,1,
7290015324205,false,מרינדה עוף פיקנטי 25 גרם,תבליני טעם וריח,IL,תיבול מרינדה עוף,גרמים,25.00,100 גרם,false,0,4.90,19.60,true,1,
7290015324212,false,מרינדה עוף איטלקי 25 גרם,תבליני טעם וריח,IL,תיבול מרינדה עוף,גרמים,25.00,100 גרם,false,0,4.90,19.60,true,1,
7290015353663,false,מיונז לחיץ היינץ 400 גרם,היינץ,NL,מיונז בקבוק לחיץ,גרמים,400.00,100 גרם,false,1,14.10,3.53,true,1,
7290015353670,false,ממרח במרקם קרמי 425 גרם,היינץ,NL,ממרח במרקם קרמי,גרמים,425.00,100 גרם,false,1,14.10,3.32,true,1,
7290015355834,false,מתבל עגבניות חריף 855גרם,היינץ,US,מתבל עגבניות,גרמים,855.00,100 גרם,false,1,17.90,2.09,true,1,
7290015366915,false,2מברשות סנסודיין דואלקר,גלקסוסמיתקליין,CN,מברשות סנסודיין,יחידה,1.00,יחידה,false,1,30.00,30.00,true,1,
7290015366922,false,2מברשות סנסודיין עדינה,גלקסוסמיתקליין,DE,מברשות סנסודיין,יחידה,1.00,יחידה,false,1,30.00,30.00,true,1,
7290015395045,false,קינואה 400 גרם,שקדיה,IL,קינואה,גרמים,400.00,100 גרם,false,0,15.90,3.98,true,1,
7290015397476,false,יעה+מברשת יח,מיקסליר,IT,יעה+מברשת,יחידה,1.00,יחידה,false,1,10.00,10.00,true,1,
7290015397742,false,מטאטא+מקל יחידה,מיקסליר,IT,מטאטא+מקל,יחידה,1.00,יחידה,false,1,10.00,10.00,true,1,
7290015397988,false,יעה מתקפל+מקל,מיקסליר,IT,יעה מתקפל+מקל,יחידה,1.00,יחידה,false,1,10.00,10.00,true,1,
7290015452830,false,מסקרה קולוסל גו בלאק,סייפו,IT,מסקרה,יחידה,1.00,יחידה,false,1,117.00,117.00,true,1,
7290015470384,false,ק.ידיים פנג'ל שמן שקד100,אינטרקוסמא,IL,קרם ידיים פנג'ל,מיליליטרים,100.00,"100 מ""ל",false,1,13.00,13.00,true,1,
7290015470391,false,ק.ידיים פנג'ל שמן זית100,אינטרקוסמא,IL,קרם ידיים פנג'ל,מיליליטרים,100.00,"100 מ""ל",false,1,13.00,13.00,true,1,
7290015597036,false,מאגדת מיני מגנום טירמיסו,שטראוס,IL,מאגדת מיני מגנום,גרמים,285.00,100 גרם,false,0,27.90,9.79,true,1,
7290015597258,false,מאגדתלייט וניל עוג 342ג,שטראוס,IL,מאגדת לייט וניל,יחידה,1.00,יחידה,false,1,31.90,31.90,true,1,
7290015597265,false,גלידת לוטוס 1 ליטר,שטראוס,IL,גלידת לוטוס,ליטרים,1.00,ליטר,false,1,21.90,21.90,true,1,
7290015597272,false,גלידת קליק 1 ליטר,שטראוס,IL,גלידת קליק,ליטרים,1.00,ליטר,false,1,21.90,21.90,true,1,
7290015597296,false,קארט דור מרנג ושוקולד לב,שטראוס,IL,קארט דור,מיליליטרים,520.00,"100 מ""ל",false,1,19.70,3.79,true,1,
7290015597302,false,קארט דור קרם ברולה 520 מ,שטראוס,IL,קארט דור,מיליליטרים,520.00,"100 מ""ל",false,1,19.70,3.79,true,1,
7290015597333,false,מאגדת מיני מגנום אגוזי,שטראוס,IL,מאגדת מיני מגנום,יחידה,1.00,יחידה,false,1,27.90,27.90,true,1,
7290015597357,false,מאגדת לייט שוקולד 342 גר,שטראוס,IL,מאגדת לייט שוקול,יחידה,1.00,יחידה,false,1,31.90,31.90,true,1,
7290015597364,false,מאגדת לייט ריבת חלב 330,שטראוס,IL,מאגדת לייט,יחידה,1.00,יחידה,false,1,31.90,31.90,true,1,
7290015597432,false,גלידת קרמבו 1 ליטר,שטראוס,IL,גלידת קרמבו,ליטרים,1.00,ליטר,false,1,21.90,21.90,true,1,
7290015603805,false,איטריות 250 גרם,ינאטאי,CN,איטריות,גרמים,250.00,100 גרם,false,1,8.80,3.52,true,1,
7290015626408,false,אגוז פקאן קלוף 200גרם,ששון מלוינסקי,IL,אגוז פקאן קלוף,גרמים,200.00,100 גרם,false,1,29.90,14.95,true,1,
7290015626415,false,אגוז ברזיל קלוף 200גרם,ששון מלוינסקי,IL,אגוז ברזיל קלוף,גרמים,200.00,100 גרם,false,1,21.90,10.95,true,1,
7290015626422,false,פיסטוק קלוף 130 גרם,ששון מלוינסקי,IL,פיסטוק קלוף 130ג,גרמים,130.00,100 גרם,false,1,32.90,25.31,true,1,
7290015626439,false,אגוז מלך קלוף 300גרם,ששון מלוינסקי,IL,אגוז מלך קלוף,גרמים,300.00,100 גרם,false,1,32.90,10.97,true,1,
7290015626446,false,פרוסות שקד מולבן 130גרם,ששון מלוינסקי,IL,פרוסות שקד מולבן,גרמים,130.00,100 גרם,false,1,18.90,14.54,true,1,
7290015626453,false,שבבי שקד מולבן 130גרם,ששון מלוינסקי,IL,שבבי שקד מולבן,גרמים,130.00,100 גרם,false,1,18.90,14.54,true,1,
7290015626477,false,צנובר קלוף 130גרם,ששון מלוינסקי,IL,צנובר קלוף 130ג,גרמים,130.00,100 גרם,false,1,32.90,25.31,true,1,
7290015626484,false,חמוציות מיובשות חתוכות,ששון מלוינסקי,IL,חמוציות מיובשות,גרמים,400.00,100 גרם,false,1,16.90,4.23,true,1,
7290015626491,false,צימוק בהיר 500גרם,ששון מלוינסקי,IL,צימוקים בהירים,גרמים,500.00,100 גרם,false,1,25.90,5.18,true,1,
7290015626507,false,צימוק כהה 500גרם,ששון מלוינסקי,IL,צימוקים כהים,גרמים,500.00,100 גרם,false,1,19.90,3.98,true,1,
7290015626514,false,שזיף מגולען מיובש 500גרם,ששון מלוינסקי,IL,שזיף מגולען,גרמים,500.00,100 גרם,false,1,26.90,5.38,true,1,
7290015626538,false,דובדבן יבש טבעי 200גרם,ששון מלוינסקי,IL,דובדבן יבש טבעי,גרמים,200.00,100 גרם,false,1,15.00,7.50,true,1,
7290015626613,false,פקאן סיני 250גרם,ששון מלוינסקי,IL,פקאן סיני 250גרם,גרמים,250.00,100 גרם,false,1,28.90,11.56,true,1,
7290015626620,false,בננות ציפס פרוסות 250גרם,ששון מלוינסקי,IL,בננות ציפס,גרמים,250.00,100 גרם,false,1,10.00,4.00,true,1,
7290015626637,false,תמר מגהול 200גרם,ששון מלוינסקי,IL,תמר מגהול 200גרם,גרמים,200.00,100 גרם,false,1,12.00,6.00,true,1,
7290015626644,false,משמש מיובש 200גרם,ששון מלוינסקי,IL,משמש מיובש,גרמים,200.00,100 גרם,false,1,15.90,7.95,true,1,
7290015626668,false,תאנים מיובשות 350גרם,ששון מלוינסקי,IL,תאנים מיובשות,גרמים,350.00,100 גרם,false,1,21.90,6.26,true,1,
7290015642316,false,פילה הרינג כבוש 400 גרם,מעדני מיקי,IL,פילה הרינג כבוש,גרמים,400.00,100 גרם,false,0,18.90,4.73,true,1,
7290015652070,false,קשיו קלוי 150גרם,דין שיווק,IL,קשיו קלוי 150גרם,גרמים,150.00,100 גרם,false,1,12.90,8.60,true,1,
7290015652087,false,תערובת פיצוחים קלויים150,דין שיווק,IL,תערובת פיצוחים,גרמים,150.00,100 גרם,false,1,12.90,8.60,true,1,
7290015652711,false,אגוז מלך טבעי 150גרם,שקדיה,IL,אגוז מלך טבעי,גרמים,150.00,100 גרם,false,1,12.80,8.53,true,1,
7290015652957,false,פאפיה בשוקולד חלב 160גרם,שקדיה,IL,פפיה בשוקולד חלב,גרמים,160.00,100 גרם,false,1,14.90,9.31,true,1,
7290015652964,false,אננס בשוקולד חלב 160גרם,שקדיה,IL,אננס בשוקולד חלב,גרמים,160.00,100 גרם,false,1,14.90,9.31,true,1,
7290015652971,false,בננה ציפס בשוקולד 160גרם,שקדיה,IL,בננה ציפס,גרמים,160.00,100 גרם,false,1,14.80,9.25,true,1,
7290015766005,false,עגבניות וויטני,,IL,עגבניות וויטני,יחידה,1.00,יחידה,false,0,9.90,9.90,true,1,
7290015804080,false,רסק עגבניות טל 100 גרם,מילוז,IL,רסק עגבניות טל,גרמים,100.00,100 גרם,false,1,1.90,1.90,true,1,
7290015804394,false,רסק עגבניות טל 260 גרם,מילוז,IL,רסק עגבניות טל,גרמים,260.00,100 גרם,false,1,3.90,1.50,true,1,
7290015848862,false,אולטרסול תחליב קידסSPF50,פישר מעבדות פרמצבטיות,IL,אולטרסול,מיליליטרים,250.00,"100 מ""ל",false,1,60.00,24.00,true,1,
7290015848923,false,אולטרסול תחליב SPF30,פישר מעבדות פרמצבטיות,IL,אולטרסול,מיליליטרים,250.00,"100 מ""ל",false,1,50.00,20.00,true,1,
7290015848978,false,אולטרסול קרם פנים SPF30,פישר מעבדות פרמצבטיות,IL,אולטרסול,מיליליטרים,75.00,"100 מ""ל",false,1,31.90,42.53,true,1,
7290015866002,false,מיקס למרק יחידה,קטיף,IL,מיקס למרק יחידה,יחידה,1.00,יחידה,false,1,12.00,12.00,true,1,
7290015872133,false,סלמון מעושן טוביםה2 150ג,סלטי שמיר,IL,סלמון מעושן,גרמים,150.00,100 גרם,false,1,22.30,14.87,true,1,
7290015996594,false,סוכר.סוכרלוז חצי כפית100,"ביסקול בע""מ",IL,סוכרזית סוכרלוז,גרמים,100.00,100 גרם,false,1,27.90,27.90,true,1,
7290016006100,false,תפוזינה מלון נענע 1.5ל',יפאורה שותפות מובגלת לשיווק,IL,תפוזינה מלון,ליטרים,1.50,ליטר,false,1,5.90,3.93,true,1,
7290016006148,false,"שוופס מוגז ענבים 500 מ""ל",יפאורה שותפות מובגלת לשיווק,IL,שוופס מוגז ענבים,מיליליטרים,500.00,"100 מ""ל",false,1,4.60,0.92,true,1,
7290016006179,false,תפוזינה ליצי נענע 1.5 לי,יפאורה שותפות מובגלת לשיווק,IL,תפוזינה ליצי,ליטרים,1.50,ליטר,false,1,5.90,3.93,true,1,
7290016006292,false,ספרינג מנגו בננה מלון1ל,יפאורה שותפות מובגלת לשיווק,IL,נקטר ספרינג,ליטרים,1.00,ליטר,false,1,4.90,4.90,true,1,
7290016006360,false,שוופס מוגז תות ליים 1.5ל,יפאורה שותפות מובגלת לשיווק,IL,שוופס מוגז תות,ליטרים,1.50,ליטר,false,1,6.60,4.40,true,1,
7290016087000,false,זית ירוק נטולי גלעין560ג,פרי ניר,IL,זיתים ירוקים,גרמים,560.00,100 גרם,false,1,7.90,1.41,true,1,
7290016087055,false,רסק עגבניות 22% 100 גרם,פרי ניר,IL,רסק עגבניות,גרמים,100.00,100 גרם,false,1,1.90,1.90,true,1,
7290016087062,false,רסק עגבניות 22% 260 גרם,פרי ניר,IL,רסק עגבניות,גרמים,260.00,100 גרם,false,1,3.40,1.31,true,1,
7290016094022,false,אולטרסול ספריי שקוףSPF50,פישר מעבדות פרמצבטיות,IL,אולטרסול,מיליליטרים,250.00,"100 מ""ל",false,1,60.00,24.00,true,1,
7290016094039,false,אולטרסול ספריי שקוףSPF20,פישר מעבדות פרמצבטיות,IL,אולטרסול,מיליליטרים,200.00,"100 מ""ל",false,1,60.00,30.00,true,1,
7290016135442,false,סבון סמארט צויס 3 * 500,רנגסן,TR,סבון סמארט צויס,מיליליטרים,1500.00,"100 מ""ל",false,1,13.90,0.93,true,1,
7290016136074,false,2מברשות סנסודיין הגנה,גלקסוסמיתקליין,CN,מברשות סנסודיין,יחידה,1.00,יחידה,false,1,30.00,30.00,true,1,
7290016188004,false,"סוביניון בלאן P.C 750מ""ל",יקבי כרמל,IL,סוביניון בלאן,מיליליטרים,750.00,"100 מ""ל",false,1,29.60,3.95,true,1,
7290016188028,false,יין לבן שרדונה P.C 750 מ,יקבי כרמל,IL,שרדונה P.C,מיליליטרים,750.00,"100 מ""ל",false,1,32.80,4.37,true,1,
7290016188356,false,קברנה סלקטד750מל20%+תוספ,יקבי כרמל,IL,קברנה סלקטד,מיליליטרים,900.00,"100 מ""ל",false,1,21.90,2.43,true,1,
7290016197488,false,מטלית למשטחים 3יח,חוגלה קימברלי,IL,מטלית למשטחים,יחידה,1.00,יחידה,false,1,14.90,14.90,true,1,
7290016197839,false,שקיות אשפה חזקות 20יח,חוגלה קימברלי,IL,שקיות אשפה חזקות,יחידה,1.00,יחידה,false,1,20.00,20.00,true,1,
7290016246018,false,חלבה מיקס פינוקיות20*10ג,רושדי תעשיות מזון,IL,חלבה בארכה מיקס,גרמים,200.00,100 גרם,false,1,11.90,5.95,true,1,
7290016276176,false,קינואה 900 גרם,וינקולוס אבריקולוס,PE,קינואה,גרמים,900.00,100 גרם,false,1,19.90,2.21,true,1,
7290016340006,false,שרי קוקטייל יחידה,קטיף,IL,שרי קוקטייל,יחידה,1.00,יחידה,false,1,10.90,10.90,true,1,
7290019297215,false,"פולי סויה אדממה 1ק""ג",שקדיה,IL,פולי סויה אדממה,גרמים,1000.00,100 גרם,false,0,17.70,1.77,true,1,
7290019297222,false,פולי סויה אדממה 450גרם,שקדיה,IL,פולי סויה אדממה,גרמים,450.00,100 גרם,false,0,9.90,2.20,true,1,
7290055090801,false,"שוקולד לבן ללת""ס 85 גרם",כרמית,IL,שוקולד לבן,גרמים,85.00,100 גרם,false,0,6.80,8.00,true,1,
7290100242353,false,ברנפלקס 750 גרם,יוניליוור,,ברנפלקס,גרמים,750.00,100 גרם,false,0,29.90,3.99,true,1,
7290100243084,false,מיונז אמיתי הלמנס 789גרם,יוניליוור,US,מיונז הלמנס,גרמים,789.00,100 גרם,false,0,19.30,2.45,true,1,
7290100243664,false,"בדין אקסטרה סגול 960 מ""ל",יוניליוור,TR,מרכך כביסה בדין,מיליליטרים,960.00,"100 מ""ל",false,0,18.90,1.97,true,1,
7290100243671,false,"בדין אקסטרה כחול 960 מ""ל",יוניליוור,TR,מרכך כביסה בדין,מיליליטרים,960.00,"100 מ""ל",false,0,18.90,1.97,true,1,
7290100243688,false,"בדין אקסטרה ורוד 960 מ""ל",יוניליוור,TR,מרכך כביסה בדין,מיליליטרים,960.00,"100 מ""ל",false,0,18.90,1.97,true,1,
7290100244609,false,רוטב לסלט אלף האיים290מל,יוניליוור,IL,רוטב אלף האיים,מיליליטרים,290.00,"100 מ""ל",false,0,10.80,3.72,true,1,
7290100245231,false,נמס בכוס ט.עוף ש.מרק50גר,יוניליוור,IL,נמס בכוס ט.עוף,גרמים,50.00,100 גרם,false,0,6.90,13.80,true,1,
7290100247068,false,תחליב פינוק לבנד.וניל700,יוניליוור,IL,תחליב רחצה פינוק,מיליליטרים,700.00,"100 מ""ל",false,0,10.00,1.43,true,1,
7290100247105,false,תחליב רח.פינוק קוקוס700מ,יוניליוור,IL,תחליב רחצה פינוק,מיליליטרים,700.00,"100 מ""ל",false,0,10.00,1.43,true,1,
7290100247556,false,קורנפלקס ללא גלוטן 500גר,יוניליוור,IT,קורנפלקס תלמה,גרמים,500.00,100 גרם,false,0,23.70,4.74,true,1,
7290100247808,false,נמס בכוס ט.עוף אקסטרה28ג,יוניליוור,IL,נמס בכוס טעם עוף,גרמים,28.00,100 גרם,false,0,4.30,15.36,true,1,
7290100247822,false,נמס בכוס פטריות אקסטרה32,יוניליוור,IL,נמס בכוס פטריות,גרמים,32.00,100 גרם,false,0,4.30,13.44,true,1,
7290100247839,false,נמס בכוס ירקות אקסטרה35ג,יוניליוור,IL,נמס בכוס ירקות,גרמים,35.00,100 גרם,false,0,4.30,12.29,true,1,
7290100249352,false,מרק טעם עוף 400 גרם,יוניליוור,IL,מרק טעם עוף,גרמים,400.00,100 גרם,false,0,15.30,3.83,true,1,
7290100249376,false,מרק בצל 400 גרם,יוניליוור,IL,מרק בצל,גרמים,400.00,100 גרם,false,0,23.70,5.93,true,1,
7290100249390,false,מרק טעם עוף ר.טבעיים400ג,יוניליוור,IL,מרק טעם עוף,גרמים,400.00,100 גרם,false,0,18.70,4.68,true,1,
7290100249475,false,מרק נמס בכוס תירס22.5*2ג,יוניליוור,IL,נמס בכוס תירס,גרמים,45.00,100 גרם,false,0,6.90,15.33,true,1,
7290100249482,false,נמס בכוס אפונה 25*2 גרם,יוניליוור,IL,נמס בכוס אפונה,גרמים,50.00,100 גרם,false,0,6.90,13.80,true,1,
7290100249529,false,פירה עם בצל מטוגן 135X2ג,יוניליוור,IL,פירה עם בצל,גרמים,270.00,100 גרם,false,0,10.90,4.04,true,1,
7290100249598,false,רוטב לעוף שום ודבש320גרם,יוניליוור,IL,רוטב לעוף,גרמים,320.00,100 גרם,false,0,10.00,3.13,true,1,
7290100249611,false,רוטב עוף שום ועשבי תיבול,יוניליוור,IL,רוטב לעוף,גרמים,320.00,100 גרם,false,0,10.00,3.13,true,1,
7290100249659,false,רוטב לעוף צ'ילי שום320גר,יוניליוור,IL,רוטב לעוף,גרמים,320.00,100 גרם,false,0,10.00,3.13,true,1,
7290100249932,false,"דליפקאן בד""ץ 400 גרם",יוניליוור,IL,דליפקאן,גרמים,400.00,100 גרם,false,0,19.90,4.98,true,1,
7290100411711,false,ליסטרין טוטל קר וייט750מ,ג'ונסון,IL,מי פה ליסטרין,מיליליטרים,750.00,"100 מ""ל",false,1,54.90,7.32,true,1,
7290100613603,false,גרעין אבטיח קלוי 200גרם,א.ע.ש. קליית ציון,IL,גרעין אבטיח קלוי,גרמים,200.00,100 גרם,false,0,18.70,9.35,true,1,
7290100613610,false,פיסטוק קלוי וממולח 200גר,א.ע.ש. קליית ציון,IL,פיסטוק קלוי,גרמים,200.00,100 גרם,false,0,24.70,12.35,true,1,
7290100651582,false,"קולגייט טוטל 100*2 מ""ל",קולגייט-פלמוליב,PL,זוג משחות שיניים,מיליליטרים,200.00,"100 מ""ל",false,0,29.70,14.85,true,1,
7290100653548,false,לייד ס.סטיק ג'ל 63*2ג,קולגייט-פלמוליב,IL,לייד ס.סטיק ג'ל 63*2ג,גרמים,126.00,100 גרם,false,0,35.60,28.25,true,1,
7290100653593,false,ליידי ס.סטיק24/7ג'ל ירוק,קולגייט-פלמוליב,US,דאודורנט,גרמים,65.00,100 גרם,false,0,18.90,29.08,true,1,
7290100653609,false,ליידי ספיד סטיק24/7 ורוד,קולגייט-פלמוליב,US,דאודורנט,גרמים,45.00,100 גרם,false,0,25.20,56.00,true,1,
7290100658338,false,פלמוליב אוקסי כחול 750מל,קולגייט-פלמוליב,GR,פלמוליב לכלים,מיליליטרים,750.00,"100 מ""ל",false,0,9.70,1.29,true,1,
7290100659090,false,חטיף FREE תמר+קינמון 5יח,טבעית,IL,חטיף FREE תמרים,גרמים,100.00,100 גרם,false,0,18.00,18.00,true,1,
7290100659106,false,חטיף FREE בוטנים 5יחידות,טבעית,IL,חטיף FREE בוטנים,גרמים,120.00,100 גרם,false,0,18.00,15.00,true,1,
7290100680711,false,פירורית זהב 350 גרם,עינת,IL,פירורית זהב אסם,גרמים,350.00,100 גרם,false,0,8.40,2.40,true,1,
7290100680889,false,קרם קרקר חיטה מלאה 300גר,אסם,IL,קרקר חיטה מלאה,גרמים,300.00,100 גרם,false,0,9.90,3.30,true,1,
7290100681015,false,אינסטנ.פודינג ריבת חלב84,אסם,IL,אינסטנט פודינג,גרמים,84.00,100 גרם,false,0,5.20,6.19,true,1,
7290100681138,false,אפרופו 50*3 גרם,אסם,IL,אפרופו 3יח במארז,גרמים,150.00,100 גרם,false,0,12.60,8.40,true,1,
7290100681244,false,"רוטב שום 290 מ""ל",אסם,IL,רוטב שום,מיליליטרים,290.00,"100 מ""ל",false,0,10.90,3.76,true,1,
7290100681510,false,סירופ אשכ.אדומה דיאט 1ל',בית השיטה,IL,סירופ דיאט,ליטרים,1.00,ליטר,false,0,10.40,10.40,true,1,
7290100682791,false,פודינג וניל 80*3 גרם,אסם,IL,פודינג וניל 3 יח,גרמים,240.00,100 גרם,false,0,10.00,4.17,true,1,
7290100683217,false,"ויטמינצ'יק תפו""ע 2 ליטר",בית השיטה,IL,"ויטמינצ'יק תפו""ע",ליטרים,2.00,ליטר,false,0,22.30,11.15,true,1,
7290100683613,false,ויטמינצ'יק מנגו אפרסק 1ל,בית השיטה,IL,סירופ ויטמינצ'יק,ליטרים,1.00,ליטר,false,0,12.90,12.90,true,1,
7290100683880,false,פירה 260 גרם,אסם,IL,פירה אסם,גרמים,260.00,100 גרם,false,0,13.90,5.35,true,1,
7290100685136,false,"מרק טעם עוף פרווה 1 ק""ג",אסם,IL,"מרק טעם עוף פרווה 1 ק""ג",קילוגרמים,1.00,"ק""ג",false,0,15.70,15.70,true,1,
7290100685334,false,מרק עוף רכיבים טבעיים400,אסם,IL,מרק עוף אמיתי,גרמים,400.00,100 גרם,false,0,21.70,5.43,true,1,
7290100686164,false,ביסלי ברביקיו 35*6 גרם,אסם,IL,ביסלי מארז 6 יח,גרמים,210.00,100 גרם,false,0,12.00,5.71,true,1,
7290100686171,false,ביסלי גריל 6 * 35 גרם,אסם,IL,ביסלי מארז 6 יח,גרמים,210.00,100 גרם,false,0,12.00,5.71,true,1,
7290100687109,false,במבה נוגט 60 גרם,אסם,IL,במבה נוגט,גרמים,60.00,100 גרם,false,0,5.10,8.50,true,1,
7290100689264,false,האני נאט צ'יריוס 615 גרם,ג'נרל מילס,US,הני נאט צ'יריוס,גרמים,615.00,100 גרם,false,0,25.90,4.21,true,1,
7290100689301,false,מרק בטעם עוף זך 400גר,אסם,IL,מרק בטעם עוף זך,גרמים,400.00,100 גרם,false,0,13.60,3.40,true,1,
7290100700006,false,"חיטה 1 ק""ג",סוגת,IL,חיטה,קילוגרמים,1.00,"ק""ג",false,0,8.80,8.80,true,1,
7290100700020,false,גריסי פנינה 500 גרם,סוגת,IL,גריסי פנינה,גרמים,500.00,100 גרם,false,0,5.90,1.18,true,1,
7290100700075,false,פירורי לחם מוזהבים200ג,סוגת,IL,פירורי לחם מוזהב,גרמים,200.00,100 גרם,false,0,4.00,2.00,true,1,
7290100700242,false,"אורז מלא עגול סוגת 1 ק""ג",סוגת,IL,אורז מלא עגול,קילוגרמים,1.00,"ק""ג",false,0,8.80,8.80,true,1,
7290100700273,false,קינואה סוגת 500 גרם,סוגת,IL,קינואה סוגת,גרמים,500.00,100 גרם,false,0,14.90,2.98,true,1,
7290100700365,false,"שעועית אדומה 1 ק""ג",סוגת,IL,שעועית אדומה 1קג,קילוגרמים,1.00,"ק""ג",false,0,14.90,14.90,true,1,
7290100700372,false,"אורז בסמטי מלא 1 ק""ג",סוגת,IL,אורז בסמטי מלא,קילוגרמים,1.00,"ק""ג",false,0,12.90,12.90,true,1,
7290100700389,false,"אורז אדום סוגת 1 ק""ג",סוגת,IL,אורז אדום סוגת,קילוגרמים,1.00,"ק""ג",false,0,12.80,12.80,true,1,
7290100700396,false,"אורז יסמין קלאסי 1 ק""ג",סוגת,IL,אורז יסמין סוגת,קילוגרמים,1.00,"ק""ג",false,0,10.00,10.00,true,1,
7290100700419,false,"בורגול 1 ק""ג",סוגת,IL,"בורגול 1 ק""ג",קילוגרמים,1.00,"ק""ג",false,0,7.40,7.40,true,1,
7290100700433,false,מקלוני סוכר לבן 50יח5Xגר,"שוגארט בע""מ",IL,מקלוני סוכר,גרמים,250.00,100 גרם,false,0,8.90,3.56,true,1,
7290100700440,false,סוכר חום דמררה 5.5X50גרם,"שוגארט בע""מ",IL,סוכר חום דמררה,גרמים,250.00,100 גרם,false,0,9.90,3.96,true,1,
7290100700563,false,"אורז מיקס קלאסי 1 ק""ג",סוגת,IL,אורז מיקס,קילוגרמים,1.00,"ק""ג",false,0,13.90,13.90,true,1,
7290100700587,false,בורגול 500 גרם,סוגת,IL,בורגול 500 גרם,גרמים,500.00,100 גרם,false,0,5.90,1.18,true,1,
7290100701157,false,"אורז להכנת סושי 1 ק""ג",סוגת,IL,אורז להכנת סושי,קילוגרמים,1.00,"ק""ג",false,0,12.80,12.80,true,1,
7290100701454,false,גרישה 500 גרם,סוגת,IL,גרישה 500 גרם,גרמים,500.00,100 גרם,false,0,4.90,0.98,true,1,
7290100702260,false,קוסקוס דק 350 גרם,סוגת,IL,קוסקוס דק,גרמים,350.00,100 גרם,false,0,4.90,1.40,true,1,
7290100702277,false,קוסקוס עבה 350 גרם,סוגת,IL,קוסקוס עבה 350 ג,גרמים,350.00,100 גרם,false,0,4.90,1.40,true,1,
7290100702383,false,"קמח תופח 1 ק""ג",שטיבל,IL,"קמח תופח 1 ק""ג",קילוגרמים,1.00,"ק""ג",false,0,7.80,7.80,true,1,
7290100702680,false,פתיתים קידס חיות 400 ג,אסיף תעשיות מזון,IL,פתיתים קידס חיות,גרמים,400.00,100 גרם,false,0,5.10,1.28,true,1,
7290100702697,false,פתיתים קידס מספרים400גרם,אסיף תעשיות מזון,IL,פתיתים קידס סוגת,גרמים,400.00,100 גרם,false,0,5.10,1.28,true,1,
7290100702994,false,סוכר דמררה 500 גרם,סוגת,IL,סוכר דמררה,גרמים,500.00,100 גרם,false,1,5.90,1.18,true,1,
7290100703106,false,חמם והגש קוסקוס 280 גרם,ניר עציון,IL,חמם והגש קוסקוס,גרמים,280.00,100 גרם,false,1,10.90,3.89,true,1,
7290100703113,false,חמם והגש פתיתים 280 גרם,ניר עציון,IL,חמם והגש פתיתים,גרמים,280.00,100 גרם,false,1,10.90,3.89,true,1,
7290100703120,false,חמם והגש מג'אדרה 280 גרם,ניר עציון,IL,חמם והגש מג'אדרה,גרמים,280.00,100 גרם,false,1,10.90,3.89,true,1,
7290100703144,false,חמם והגש אורז לבן 280גרם,ניר עציון,IL,חמם והגש אורז,גרמים,280.00,100 גרם,false,1,10.90,3.89,true,1,
7290100850336,false,מיני פסק זמן 195 גרם,עלית,IL,מיני פסק זמן,גרמים,195.00,100 גרם,false,0,15.90,8.15,true,1,
7290100850343,false,מיני מקופלת 200 גרם,עלית,IL,מיני מקופלת,גרמים,200.00,100 גרם,false,0,15.90,7.95,true,1,
7290100850459,false,מיקס חטיפים 390 גרם,עלית,IL,מיקס חטיפים,גרמים,390.00,100 גרם,false,0,21.90,5.62,true,1,
7290100850466,false,מיקס פסק זמן 390 גרם,עלית,IL,מיקס פסק זמן,גרמים,390.00,100 גרם,false,0,21.90,5.62,true,1,
7290100850909,false,דוריטוס נאצ'ו מקסיקני70ג,עלית,IL,דוריטוס נאצ'ו,גרמים,70.00,100 גרם,false,0,3.60,5.14,true,1,
7290100850916,false,דוריטוס חמוץ חריף 70 גרם,עלית,IL,דוריטוס חמוץ ח,גרמים,70.00,100 גרם,false,0,3.60,5.14,true,1,
7290100850923,false,דוריטוס גריל 70 גרם,עלית,IL,דוריטוס גריל,גרמים,70.00,100 גרם,false,0,3.60,5.14,true,1,
7290100850930,false,דוריטוס דיפ טבעי 70 גרם,עלית,IL,חטיף דוריטוס דיפ,גרמים,70.00,100 גרם,false,0,3.60,5.14,true,1,
7290100852576,false,שוק.פרה מריר 100*3 גרם,עלית,IL,שוקולד מריר 3 יח,גרמים,300.00,100 גרם,false,0,10.00,3.33,true,1,
7290100852606,false,קפה טורקי 100*4 גרם,עלית,IL,קפה טורקי 4 יח,גרמים,400.00,100 גרם,false,0,29.90,7.48,true,1,
7290100853689,false,בראוניס שוקולד עשירה380ג,עלית,IL,בראוניס שוקולד,גרמים,380.00,100 גרם,false,0,16.00,4.21,true,1,
7290100854266,false,שוקולד מריר 60%קקאו100ג,עלית,IL,שוקולד מריר,גרמים,100.00,100 גרם,false,0,7.40,7.40,true,1,
7290100856253,false,ממרח שוק.ל.תוס.סוכר300ג,עלית,IL,ממרח שוקולד פרה,גרמים,300.00,100 גרם,false,0,16.90,5.63,true,1,
7290100858219,false,טבלת פסק זמן טראפלס110גר,עלית,IL,טבלת פסק זמן,גרמים,110.00,100 גרם,false,0,8.10,7.36,true,1,
7290100858226,false,טבלת פסק זמן קלאסי110גרם,עלית,IL,טבלת פסק זמן,גרמים,110.00,100 גרם,false,0,8.10,7.36,true,1,
7290100858592,false,קקאו עלית 150 גרם,עלית,IL,קקאו עלית,גרמים,150.00,100 גרם,false,0,9.30,6.20,true,1,
7290100858608,false,קקאו עלית 500 גרם,עלית,IL,קקאו עלית,גרמים,500.00,100 גרם,false,0,23.90,4.78,true,1,
7290100858653,false,מיקס חטיפים סגול 390 גרם,עלית,IL,מיקס חטיפים,גרמים,390.00,100 גרם,false,0,21.90,5.62,true,1,
7290100859162,false,שוקולד פרה60% מריר100*2ג,עלית,IL,שוקולד מריר 2 יח,גרמים,200.00,100 גרם,false,0,13.90,6.95,true,1,
7290100921173,false,שמפו הוואי שמני הזנה700מ,טרופיקל דגיל,IL,שמפו הוואי שמני הזנה700מ,מיליליטרים,700.00,"100 מ""ל",false,0,8.90,1.27,true,1,
7290100921517,false,"שמפו הוואי שיאה 700 מ""ל",טרופיקל דגיל,IL,"שמפו הוואי שיאה 700 מ""ל",מיליליטרים,700.00,"100 מ""ל",false,0,8.90,1.27,true,1,
7290100921548,false,קרם רחצה הוואי רימון750מ,טרופיקל דגיל,IL,קרם רחצה הוואי,מיליליטרים,750.00,"100 מ""ל",false,0,8.90,1.19,true,1,
7290100921623,false,כדוריות לאסלה אקונומיקה,הנקל סוד,IL,סבון אסלה,גרמים,50.00,100 גרם,false,0,9.80,19.60,true,1,
7290100921777,false,קרם רחצה הוואי מקדמיה750,טרופיקל דגיל,IL,ג'ל רחצה הוואי,מיליליטרים,750.00,"100 מ""ל",false,0,8.90,1.19,true,1,
7290100921784,false,ג'ל רחצה הוואי אשכול750מ,טרופיקל דגיל,IL,ג'ל רחצה הוואי,מיליליטרים,750.00,"100 מ""ל",false,0,8.90,1.19,true,1,
7290100923108,false,תח.הוואי יוגורט וניל750מ,טרופיקל דגיל,IL,תחליב רחצה הוואי,מיליליטרים,750.00,"100 מ""ל",false,0,8.90,1.19,true,1,
7290100923146,false,תחליב רחצה הוואי משי750מ,טרופיקל דגיל,IL,תחליב רחצה הוואי,מיליליטרים,750.00,"100 מ""ל",false,0,8.90,1.19,true,1,
7290100923177,false,ג'ל רחצה הוואי סחלבים750,טרופיקל דגיל,IL,ג'ל רחצה הוואי,מיליליטרים,750.00,"100 מ""ל",false,0,8.90,1.19,true,1,
7290100924204,false,אבקת כביסה פרסיל,,IL,אבקת כביסה פרסיל,קילוגרמים,8.00,"ק""ג",false,0,44.90,5.61,true,1,
7290100924549,false,סוד רצפות בריליאנט ורוד,הנקל סוד,ES,בריליאנט לרצפות,ליטרים,1.25,ליטר,false,1,18.90,15.12,true,1,
7290100924556,false,סוד רצפות בריליאנט כחול,הנקל סוד,ES,בריליאנט לרצפות,מיליליטרים,1250.00,"100 מ""ל",false,1,18.90,1.51,true,1,
7290100924563,false,ג'ל לאסלה הסרת כתמים700,הנקל סוד,SI,סוד ג'ל לאסלה,מיליליטרים,700.00,"100 מ""ל",false,1,10.90,1.56,true,1,
7290100924570,false,ג'ל לאסלה הגנה מלכלוך700,הנקל סוד,SI,סוד ג'ל לאסלה,מיליליטרים,700.00,"100 מ""ל",false,1,10.90,1.56,true,1,
7290100924587,false,ג'ל לאסלה הלבנה עוצמתית,הנקל סוד,SI,סוד ג'ל לאסלה,מיליליטרים,700.00,"100 מ""ל",false,1,10.90,1.56,true,1,
7290100924600,false,סוד מרכך מרוכז כחול900מ,הנקל סוד,IL,סוד מרכך כחול,מיליליטרים,900.00,"100 מ""ל",false,1,14.80,1.64,true,1,
7290100924723,false,סוד ג'ל לאסלה לימון50מ,הנקל סוד,HU,סוד ג'ל לאסלה,מיליליטרים,50.00,"100 מ""ל",false,1,10.80,21.60,true,1,
7290100924761,false,נוזל לרצפות +קצף,,IL,נוזל לרצפות +קצף,יחידה,1.00,יחידה,false,0,19.70,19.70,true,1,
7290100924778,false,פרסיל סופר קאפס 14יח,הנקל סוד,HU,פרסיל סופר קאפס,יחידה,1.00,יחידה,false,1,19.70,19.70,true,1,
7290100924815,false,סוד נוזל כלים קלאסי 650מ,קליר כימיקלים,IL,נוזל כלים קלאסי,מיליליטרים,650.00,"100 מ""ל",false,1,5.90,0.91,true,1,
7290100924822,false,סוד נוזל כלים לימון650מ,הנקל סוד,IL,נוזל כלים לימון,מיליליטרים,650.00,"100 מ""ל",false,1,5.90,0.91,true,1,
7290100925102,false,מרכך SOFT&OIL ורוד750מל,הנקל סוד,DE,מרכך סוד ורוד,מיליליטרים,750.00,"100 מ""ל",false,1,14.90,1.99,true,1,
7290100925119,false,מרכך SOFT&OIL כחול 750מל,הנקל סוד,DE,מרכך סוד כחול,מיליליטרים,750.00,"100 מ""ל",false,1,14.90,1.99,true,1,
7290100925126,false,מרכך SOFT&OIL זהב 750מל,הנקל סוד,DE,מרכך סוד זהב,מיליליטרים,750.00,"100 מ""ל",false,1,14.90,1.99,true,1,
7290100925478,false,פרסיל ג'ל כביסה 5 ליטר,הנקל סוד,IL,פרסיל ג'ל כביסה,ליטרים,5.00,ליטר,false,0,44.90,8.98,true,1,
7290100925485,false,ג'ל כביסה פרסיל בייבי3ל',הנקל סוד,IL,ג'ל כביסה פרסיל בייבי3ל',ליטרים,3.00,ליטר,false,0,41.90,13.97,true,1,
7290100926277,false,פרסיל ג'ל,,IL,פרסיל ג'ל,ליטרים,5.00,ליטר,false,0,44.90,8.98,true,1,
7290100927847,false,נוזל לפרקט סוד,,IL,נוזל לפרקט סוד,ליטרים,2.00,ליטר,false,0,24.90,12.45,true,1,
7290100928639,false,נוזל לרצפות כחול 2ל,,IL,נוזל לרצפות כחול 2ל,ליטרים,2.00,ליטר,false,0,18.90,9.45,true,1,
7290100928646,false,סוד נוזל לרצפות,,IL,סוד נוזל לרצפות,ליטרים,2.00,ליטר,false,0,18.90,9.45,true,1,
7290100928714,false,פרסיל ג'ל בלאק,,IL,פרסיל ג'ל בלאק,ליטרים,2.70,ליטר,false,0,37.90,14.04,true,1,
7290100928752,false,נוזל הברקה למדיח,,IL,נוזל הברקה למדיח,מיליליטרים,750.00,"100 מ""ל",false,0,19.70,2.63,true,1,
7290100928837,false,מרכך הוואי לברק קורן 700,טרופיקל דגיל,IL,מרכך הוואי,מיליליטרים,700.00,"100 מ""ל",false,0,8.90,1.27,true,1,
7290100929728,false,מרכך מרוכז ארומה,,IL,מרכך מרוכז ארומה,מיליליטרים,900.00,"100 מ""ל",false,0,14.80,1.64,true,1,
7290100929735,false,מרכך מרוכז ארומה,,IL,מרכך מרוכז ארומה,מיליליטרים,900.00,"100 מ""ל",false,0,14.80,1.64,true,1,
7290100929889,false,ג'ל לכביסה פרסיל,,IL,ג'ל לכביסה פרסיל,ליטרים,3.00,ליטר,false,0,37.90,12.63,true,1,
7290101110149,false,גל.וניל עם נטיפי שוק.כשל,גלידות פלדמן,IL,גל.פלדמן,ליטרים,1.30,ליטר,false,0,21.70,16.69,true,1,
7290101110163,false,גל.וניל עוגיות 1.3 ליטר,גלידות פלדמן,IL,גל.פלדמן,ליטרים,1.30,ליטר,false,0,21.70,16.69,true,1,
7290101110279,false,"גל.שוקולד פקאן 1.3 כשל""פ",גלידות פלדמן,IL,גל.פלדמן,ליטרים,1.30,ליטר,false,0,21.70,16.69,true,1,
7290101110460,false,גל.וניל בטעם של פעם כשלפ,גלידות פלדמן,IL,גל.פלדמן,ליטרים,1.30,ליטר,false,0,21.70,16.69,true,1,
7290101111085,false,"גל.שוקולד חלב מריר כשל""פ",גלידות פלדמן,IL,גל.פלדמן,ליטרים,1.30,ליטר,false,0,21.70,16.69,true,1,
7290101111429,false,גל.שוק.וניל דובדבן1.3כשל,גלידות פלדמן,IL,גל.פלדמן,ליטרים,1.30,ליטר,false,0,21.70,16.69,true,1,
7290101112525,false,מאגדת שלגוץ תות בננה 6יח,גלידות פלדמן,IL,מאגדת שלגוץ,יחידה,1.00,יחידה,false,7,24.70,24.70,true,1,
7290101112617,false,גל.משפ.תות לימון פרווה 1,גלידות פלדמן,IL,גל.משפ.תות לימון,מיליליטרים,1300.00,"100 מ""ל",false,1,21.70,1.67,true,1,
7290101488248,false,ליידי ס.סטיק רולאון ורוד,קולגייט-פלמוליב,MX,ליידי ספיד סטיק,מיליליטרים,50.00,"100 מ""ל",false,0,20.10,40.20,true,1,
7290101488293,false,ליידי ס.סטיק 24/7ירוק150,קולגייט-פלמוליב,MX,ליידי ספיד סטיק,מיליליטרים,150.00,"100 מ""ל",false,0,21.30,14.20,true,1,
7290101488316,false,ליידי ספיד סטיק ורוד 65ג,קולגייט-פלמוליב,US,ליידי ספיד סטיק,גרמים,65.00,100 גרם,false,0,16.90,26.00,true,1,
7290101488323,false,ליידי ספיד סטיק סגול 65ג,קולגייט-פלמוליב,US,ליידי ספיד סטיק,גרמים,65.00,100 גרם,false,0,16.90,26.00,true,1,
7290101489306,false,משקה שיבולת שועל 1 ליטר,היין,IL,משקה שיבולת שועל,ליטרים,1.00,ליטר,false,0,15.90,15.90,true,1,
7290101863410,false,סיליט אקונומיקה ספריי750,רקיט בנקיזר,PL,סילים ספריי,מיליליטרים,750.00,"100 מ""ל",false,0,10.90,1.45,true,1,
7290101865261,false,"פיניש נוזל הברקה 800 מ""ל",רקיט בנקיזר,PL,פיניש נוזל הברקה,מיליליטרים,800.00,"100 מ""ל",false,0,24.90,3.11,true,1,
7290101866176,false,קולון101 ג'ל כביסה3ליטר,רקיט בנקיזר,,קולון ג'ל,ליטרים,3.00,ליטר,false,0,24.90,8.30,true,1,
7290101866633,false,קליה ג'ל מסיר כתמים 3ל,רקיט בנקיזר,,וניש קליה ג'ל,ליטרים,3.00,ליטר,false,0,29.90,9.97,true,1,
7290101866787,false,וניש קליה מסיר כתמים 3ל,רקיט בנקיזר,IL,וניש לכביסה לבנה,ליטרים,3.00,ליטר,false,0,29.90,9.97,true,1,
7290101866916,false,ג'ל כביסה קולון 101,רקיט בנקיזר,IL,ג'ל קולון 101,ליטרים,3.00,ליטר,false,0,24.90,8.30,true,1,
7290101868972,false,פיניש AIO הכל ב1 24 טבלי,רקיט בנקיזר,PL,פיניש טבליות,יחידה,1.00,יחידה,false,1,29.60,29.60,true,1,
7290101868989,false,פיניש AIO הכל ב1 48 טבלי,רקיט בנקיזר,PL,פיניש טבליות,יחידה,1.00,יחידה,false,1,44.90,44.90,true,1,
7290101868996,false,פיניש AIO הכל ב1 60טבליו,רקיט בנקיזר,PL,פיניש טבליות,יחידה,1.00,יחידה,false,1,54.90,54.90,true,1,
7290101869481,false,פיניש AIO הכל ב1 60+30טב,רקיט בנקיזר,PL,פיניש טבליות,יחידה,1.00,יחידה,false,1,54.90,54.90,true,1,
7290101869511,false,קולון ג'ל 101לבנדר 3ל,רקיט בנקיזר,IL,קולון ג'ל לבנדר,ליטרים,3.00,ליטר,false,0,24.90,8.30,true,1,
7290101869528,false,קולון ג'ל כביסה מאסק 3ל',רקיט בנקיזר,IL,קולון ג'ל מאסק,ליטרים,3.00,ליטר,false,0,24.90,8.30,true,1,
7290101869702,false,"פיניש ג'ל למדיח 600 מ""ל",רקיט בנקיזר,PL,פיניש ג'ל למדיח,מיליליטרים,600.00,"100 מ""ל",false,1,24.90,4.15,true,1,
7290101869719,false,"פיניש ג'ל למדיח 600 מ""ל",רקיט בנקיזר,PL,פיניש ג'ל למדיח,מיליליטרים,600.00,"100 מ""ל",false,1,24.90,4.15,true,1,
7290101869788,false,איירוויק מילוי 250מל,רקיט בנקיזר,PL,אירוויק מילוי,מיליליטרים,250.00,"100 מ""ל",false,1,14.90,5.96,true,1,
7290101869795,false,איירוויק מילוי 250מל,רקיט בנקיזר,PL,אירוויק מילוי,מיליליטרים,250.00,"100 מ""ל",false,1,14.90,5.96,true,1,
7290101869818,false,אירויק מכשיר חלום ל.קיץ,רקיט בנקיזר,PL,אירויק מכשיר,מיליליטרים,19.00,"100 מ""ל",false,1,25.00,131.58,true,1,
7290101869900,false,איירוויק מילוי 250מל,רקיט בנקיזר,PL,אירוויק מילוי,מיליליטרים,250.00,"100 מ""ל",false,1,14.90,5.96,true,1,
7290101869955,false,מקלות ריחניים חטא מתוק,רקיט בנקיזר,PL,מקלות ריחניים,יחידה,1.00,יחידה,false,1,19.70,19.70,true,1,
7290101869962,false,מקלות ריחניים חלום ל.קיץ,רקיט בנקיזר,PL,מקלות ריחניים,יחידה,1.00,יחידה,false,1,19.70,19.70,true,1,
7290101869979,false,מקלות ריחניים אואזיס,רקיט בנקיזר,PL,מקלות ריחניים,יחידה,1.00,יחידה,false,1,19.70,19.70,true,1,
7290101980919,false,ביצי שוקולד,,IT,ביצי שוקולד,יחידה,1.00,יחידה,false,0,14.00,14.00,true,1,
7290102002801,false,ביצי שוקולד פרוזן 3 יחיד,זאיני,IT,ביצי שוקולד 3 יח,יחידה,1.00,יחידה,false,1,14.00,14.00,true,1,
7290102030330,false,תפוצ'יפס מקסיקני 200 גרם,עלית,IL,תפוצ'יפס,גרמים,200.00,100 גרם,false,0,10.00,5.00,true,1,
7290102031276,false,"אקטימל תות בננה 100*8מ""ל",שטראוס,IL,אקטימל 8 יח,מיליליטרים,800.00,"100 מ""ל",false,0,20.90,2.61,true,1,
7290102032334,false,קפה נמס וניל 200 גרם,עלית,IL,קפה נמס וניל,גרמים,200.00,100 גרם,false,0,23.90,11.95,true,1,
7290102035007,false,מסטיק מאסט בטעם בזוקה28ג,עלית,IL,מסטיק מאסט,גרמים,28.00,100 גרם,false,0,4.30,15.36,true,1,
7290102060955,false,משחה מרידול משפחתי 100מל,קולגייט-פלמוליב,DE,משחת שיניים,מיליליטרים,100.00,"100 מ""ל",false,0,19.20,19.20,true,1,
7290102060993,false,משחת שיניים מרידול100*2מ,קולגייט-פלמוליב,PL,משחת מרידול 2 יח,מיליליטרים,200.00,"100 מ""ל",false,0,29.70,14.85,true,1,
7290102064380,false,מי פה מרידול הליטוזיס400,גאבה,DE,מי פה מרידול,מיליליטרים,400.00,"100 מ""ל",false,0,27.70,6.93,true,1,
7290102064403,false,משחת מרידול הליטוזיס 75מ,קולגייט-פלמוליב,DE,משחת מרידול,מיליליטרים,75.00,"100 מ""ל",false,0,18.60,24.80,true,1,
7290102300815,false,צ'דר אנג.כתומה פרוס200גר,.,GB,צ'דר אנגלית,גרמים,200.00,100 גרם,false,0,22.70,11.35,true,1,
7290102300860,false,צ'דר אנגלית,,GB,צ'דר אנגלית,גרמים,200.00,100 גרם,false,0,21.70,10.85,true,1,
7290102390427,false,"יוגורט תות מולר 150 מ""ל",טרה,IL,יוגורט מולר תות,מיליליטרים,150.00,"100 מ""ל",false,0,5.00,3.33,true,1,
7290102390489,false,"יוגורט לימון מולר 150מ""ל",טרה,IL,יוגורט לימון,מיליליטרים,150.00,"100 מ""ל",false,0,5.00,3.33,true,1,
7290102391844,false,יוגורט מולר פירות יער150,טרה,IL,יוגורט מולר,מיליליטרים,150.00,"100 מ""ל",false,0,5.00,3.33,true,1,
7290102392049,false,תבור גבינה לאפיה5% 500ג,משק צוריאל תבור,IL,תבור גבינה לאפיה,גרמים,500.00,100 גרם,false,0,24.00,4.80,true,1,
7290102392094,false,חלב עיזים קרטון4.1% 1ל',משק צוריאל תבור,IL,חלב עיזים קרטון,ליטרים,1.00,ליטר,false,0,14.90,14.90,true,1,
7290102392254,false,חלב 1% בקרטון 2 ליטר,טרה,IL,חלב 1% בקרטון,ליטרים,2.00,ליטר,false,0,10.80,5.40,true,1,
7290102392636,false,שמנת מתוקה עמידה38% 250מ,טרה,IL,שמנת מתוקה עמידה,מיליליטרים,250.00,"100 מ""ל",false,0,5.95,2.38,true,1,
7290102392711,false,יוגורט לבן ביו 1.7% 200ג,טרה,IL,יוגורט ביאנקו,גרמים,200.00,100 גרם,false,0,4.00,2.00,true,1,
7290102392728,false,יוגורט לבן ביו 2.8% 200ג,טרה,IL,יוגורט לבן ביו,גרמים,200.00,100 גרם,false,0,4.00,2.00,true,1,
7290102393039,false,יוג.מולר מיקס פצפוצים150,טרה,IL,יוגורט מולר מיקס,גרמים,150.00,100 גרם,false,0,5.80,3.87,true,1,
7290102393060,false,יוג.מולר מיקס גליליות150,טרה,IL,יוגורט מולר מיקס,גרמים,150.00,100 גרם,false,0,5.80,3.87,true,1,
7290102393152,false,חמאת עיזים 100 גרם,טרה,IL,חמאת עיזים,גרמים,100.00,100 גרם,false,0,6.70,6.70,true,1,
7290102393169,false,יוג.תות+חתיכות פרי3% 150,טרה,IL,יוגורט מולר תות,גרמים,150.00,100 גרם,false,0,4.90,3.27,true,1,
7290102393176,false,יוגורט+חתיכ.אפרסק3% 150ג,טרה,IL,יוגורט אפרסק,גרמים,150.00,100 גרם,false,0,4.90,3.27,true,1,
7290102393190,false,יוג.פירות יער+פרי3% 150ג,טרה,IL,יוגורט מולר,גרמים,150.00,100 גרם,false,0,4.90,3.27,true,1,
7290102393268,false,גבינה לבנה 5% 750 גרם,טרה,IL,גבינה לבנה 5%,גרמים,750.00,100 גרם,false,0,12.60,1.68,true,1,
7290102393299,false,יוגורט עיזים לשתייה500גר,משק צוריאל תבור,IL,יוגורט עיזים,גרמים,500.00,100 גרם,false,0,9.90,1.98,true,1,
7290102393718,false,חלומי בקר 200 גרם,משק צוריאל תבור,IL,חלומי בקר,גרמים,200.00,100 גרם,false,0,20.90,10.45,true,1,
7290102393848,false,יוגורט עיזים עם תות 150ג,משק צוריאל תבור,IL,יוגורט עיזים,גרמים,150.00,100 גרם,false,0,5.90,3.93,true,1,
7290102394081,false,מולר מיקס קורנפ.מצופה180,טרה,IL,יוגורט מולר מיקס,גרמים,180.00,100 גרם,false,0,5.80,3.22,true,1,
7290102394258,false,מה עז 9% שומן 180 גרם,משק צוריאל תבור,IL,מה עז9%שומן,גרמים,180.00,100 גרם,false,0,18.90,10.50,true,1,
7290102394326,false,בולגרית 5% 250 גרם,משק צוריאל תבור,IL,בולגרית 5%,גרמים,250.00,100 גרם,false,0,14.70,5.88,true,1,
7290102394463,false,ג.צהובה נעם ואקום28% 500,טרה,IL,גבינה צהובה 28%,גרמים,500.00,100 גרם,false,0,26.70,5.34,true,1,
7290102394821,false,ג.צהובה נעם דק דק28% 200,טרה,IL,גבינה צהובה דק,גרמים,200.00,100 גרם,false,0,15.30,7.65,true,1,
7290102394845,false,גב.צהובה נעם דק דק9% 200,טרה,IL,גבינה צהובה דק9%,גרמים,200.00,100 גרם,false,0,14.80,7.40,true,1,
7290102395217,false,יוג.מולר2%מעודן150*8ג',טרה,IL,יוגורט מולר 8י,קילוגרמים,1.20,"ק""ג",false,0,17.90,14.92,true,1,
7290102395224,false,יוג.מולר נטורל1.7% 150*8,טרה,IL,יוגורט ביאנקו 8י,קילוגרמים,1.20,"ק""ג",false,0,17.90,14.92,true,1,
7290102395231,false,יוג.מולר נטורל2.8% 150*8,טרה,IL,יוגורט ביאנקו 8י,קילוגרמים,1.20,"ק""ג",false,0,17.90,14.92,true,1,
7290102395262,false,מולר פרוט תות3% 150*8גרם,טרה,IL,מולר תות 8 יח,קילוגרמים,1.20,"ק""ג",false,0,29.60,24.67,true,1,
7290102395378,false,גבינה צהובה28%ואקום 360ג,טרה,IL,גבינה צהובה 28%,גרמים,360.00,100 גרם,false,0,19.40,5.39,true,1,
7290102395446,false,מו וניל וקצפת 123 גרם,טרה,IL,מו וניל וקצפת,גרמים,123.00,100 גרם,false,0,2.80,2.28,true,1,
7290102395460,false,מו שוקולד אגוזים+קצפת123,טרה,IL,מו שוקולד אגוזים,גרמים,123.00,100 גרם,false,0,2.80,2.28,true,1,
7290102395477,false,מו שוקולד וקצפת 123 גרם,טרה,IL,מו שוקולד וקצפת,גרמים,123.00,100 גרם,false,0,2.80,2.28,true,1,
7290102395774,false,צפתית מעודנת5% 200 גרם,משק צוריאל תבור,IL,צפתית מעודנת 5%,גרמים,200.00,100 גרם,false,0,11.40,5.70,true,1,
7290102396047,false,יוג.סימפלי אננס1.5% 150ג,טרה,IL,יוגורט אננס 1.5%,גרמים,150.00,100 גרם,false,0,4.90,3.27,true,1,
7290102396245,false,יוגורט נטורל+פ.יער 150ג,טרה,IL,יוגורט נטורל,גרמים,150.00,100 גרם,false,1,3.90,2.60,true,1,
7290102396269,false,יוג.נטורל3% בננה תמר150ג,טרה,IL,יוגורט נטורל,גרמים,150.00,100 גרם,false,1,3.90,2.60,true,1,
7290102396382,false,צפתית עיזים מעודנת 200גר,משק צוריאל תבור,IL,צפתית עיזים 200ג,גרמים,200.00,100 גרם,false,0,19.70,9.85,true,1,
7290102396399,false,מעדן שוקולד 100*8גר,טרה,IL,מעדן שוקולד 8 יח,גרמים,800.00,100 גרם,false,0,13.40,1.68,true,1,
7290102396405,false,מעדן וניל 100*8גרם,טרה,IL,מעדן וניל 8 יח,גרמים,800.00,100 גרם,false,0,13.40,1.68,true,1,
7290102396436,false,מעדן שוקולד מוו1.5% 125ג,טרה,IL,מעדן שוקולד,גרמים,125.00,100 גרם,false,0,2.80,2.24,true,1,
7290102396443,false,מעדן וניל מוו1.5% 125גרם,טרה,IL,מעדן וניל,גרמים,125.00,100 גרם,false,0,2.80,2.24,true,1,
7290102396474,false,יוג.פרופ מלון בננ.תמר150,טרה,IL,יוגורט פרופ פרי,גרמים,150.00,100 גרם,false,0,5.00,3.33,true,1,
7290102396580,false,מעדן מו שוק+.מוס שוק123ג,טרה,IL,מעדן מו שוקולד,גרמים,123.00,100 גרם,false,0,2.80,2.28,true,1,
7290102396597,false,מעדן מו וניל+מוס שוק123ג,טרה,IL,מעדן מו וניל,גרמים,123.00,100 גרם,false,0,2.80,2.28,true,1,
7290102396665,false,גב.צהובה נעם דק 15% 200ג,טרה,IL,גבינה צהובה נעם,גרמים,200.00,100 גרם,false,1,15.40,7.70,true,1,
7290102396672,false,גב.צהובה נעם דק9% 360גרם,טרה,IL,גבינה צהובה נעם,גרמים,360.00,100 גרם,false,1,24.90,6.92,true,1,
7290102396696,false,מולר מיקס עוגיות 170 גרם,מולר,IL,מולר מיקס עוגיות,גרמים,170.00,100 גרם,false,1,5.80,3.41,true,1,
7290102396719,false,יוגורט0% סימפלי תות 150ג,טרה,IL,יוגורט תות,גרמים,150.00,100 גרם,false,0,4.90,3.27,true,1,
7290102396726,false,יוגורט0%סימפלי אפרסק150ג,טרה,IL,יוגורט אפרסק,גרמים,150.00,100 גרם,false,0,4.90,3.27,true,1,
7290102396733,false,יוגורט0%סימפלי פ.יער150ג,טרה,IL,יוגורט פירות יער,גרמים,150.00,100 גרם,false,0,4.90,3.27,true,1,
7290102396740,false,מולר סימפלי0%תות/אפ150*8,טרה,IL,מולר סימפלי 8 יח,קילוגרמים,1.20,"ק""ג",false,0,29.70,24.75,true,1,
7290102396757,false,שוקו מוו קרטון 1 ליטר,טרה,IL,שוקו מוו בקרטון,ליטרים,1.00,ליטר,false,0,8.90,8.90,true,1,
7290102396764,false,שוקו מוו קרטון 2 ליטר,טרה,IL,שוקו מוו 2 ליטר,ליטרים,2.00,ליטר,false,0,15.90,7.95,true,1,
7290102396771,false,"שוקו מוו קרטון 500 מ""ל",טרה,IL,"שוקו מוו 500 מ""ל",מיליליטרים,500.00,"100 מ""ל",false,0,6.80,1.36,true,1,
7290102396931,false,מעדן מוו בננה 1.5% 125גר,טרה,IL,מעדן מוו בננה,גרמים,125.00,100 גרם,false,1,2.80,2.24,true,1,
7290102396948,false,חלב בקרטון 3% 1 ליטר,טרה,IL,חלב בקרטון 3% 1 ליטר,ליטרים,1.00,ליטר,false,1,5.75,5.75,true,1,
7290102396955,false,חלב 3% בקרטון 2 ליטר,טרה,IL,חלב 3% בקרטון 2 ליטר,ליטרים,2.00,ליטר,false,1,10.90,5.45,true,1,
7290102396962,false,חלב מפוסטר 3%שקית1ליטר,טרה,IL,חלב טרה בשקית,ליטרים,1.00,ליטר,false,1,4.80,4.80,true,1,
7290102396979,false,יוגורט סימפלי אננס0% 150,טרה,IL,יוגורט אננס,גרמים,150.00,100 גרם,false,1,4.90,3.27,true,1,
7290102397167,false,משקה יוגsip. תות בננה250,טרה,IL,משקה יוגורט מולר,מיליליטרים,250.00,"100 מ""ל",false,1,5.10,2.04,true,1,
7290102397204,false,גב.צהובה נעם דק 22% 200ג,טרה,IL,גבינה צהובה נעם,גרמים,200.00,100 גרם,false,1,15.30,7.65,true,1,
7290102397310,false,מעדן מו שוקולד+קצפת70*8ג,טרה,IL,מעדן מיני מו 8יח,גרמים,560.00,100 גרם,false,1,10.00,1.79,true,1,
7290102397334,false,בולגרית גלילת 5% 250 גרם,משק צוריאל תבור,IL,בולגרית גלילית5%,גרמים,250.00,100 גרם,false,1,20.70,8.28,true,1,
7290102397341,false,בולגרית גלילית24% 250גרם,משק צוריאל תבור,IL,בולגרית 24%,גרמים,250.00,100 גרם,false,1,20.70,8.28,true,1,
7290102397358,false,יוג.סימפלי אגס1.5% 150ג,טרה,IL,יוגורט אגס 1.5%,גרמים,150.00,100 גרם,false,1,4.90,3.27,true,1,
7290102397365,false,מולר אגס+אננס1.5% 150*8ג,טרה,IL,יוגורט סימפלי8יח,קילוגרמים,1.20,"ק""ג",false,1,29.60,24.67,true,1,
7290103120658,false,ספיד סטיק ג'ל 24/7 שחור,קולגייט-פלמוליב,US,דאודורנט,גרמים,85.00,100 גרם,false,0,18.90,22.24,true,1,
7290103124588,false,סב.פלמוליב סגול משאבה750,קולגייט-פלמוליב,TH,סבון פלמוליב,מיליליטרים,750.00,"100 מ""ל",false,0,15.90,2.12,true,1,
7290103124601,false,פלמוליב חלב ודבש משאב750,קולגייט-פלמוליב,TH,סבון פלמוליב,מיליליטרים,750.00,"100 מ""ל",false,0,15.90,2.12,true,1,
7290103126674,false,משחה קולגייט הרבל ג'ל100,קולגייט-פלמוליב,BR,משחת שיניים,מיליליטרים,100.00,"100 מ""ל",false,0,12.50,12.50,true,1,
7290103129378,false,ספיד סטיק ג'ל 5X 85 גרם,קולגייט-פלמוליב,MX,דאו. ספיד סטיק,גרמים,85.00,100 גרם,false,0,18.90,22.24,true,1,
7290103129392,false,ליידי ס.ס אינפיוזן סגול,קולגייט-פלמוליב,IL,ליידי ס.ס אינפיוזן סגול,גרמים,65.00,100 גרם,false,0,16.90,26.00,true,1,
7290103156930,false,כוס יהלום 40יח',.,IL,כוס יהלום,יחידה,1.00,יחידה,false,1,9.90,9.90,true,1,
7290103400194,false,"כרוב לבן בד""צ400ג-שטראוס",שטראוס,IL,"כרוב לבן בד""צ",גרמים,400.00,100 גרם,false,0,10.00,2.50,true,1,
7290103400231,false,"גזר 400גרם/בד""צ שטראוס",שטראוס,IL,"גזר 400גרם בד""צ",גרמים,400.00,100 גרם,false,0,8.90,2.23,true,1,
7290103401276,false,מעדן תאנים 100%פרי 250 ג,יד מרדכי,IL,מעדן תאנים,גרמים,250.00,100 גרם,false,0,13.70,5.48,true,1,
7290103401382,false,קפה נמס פרא אפריקאי200גר,עלית,IL,קפה פרא אפריקאי,גרמים,200.00,100 גרם,false,0,24.90,12.45,true,1,
7290103401429,false,קפה נמס קצב ברזילאי200גר,עלית,IL,קפה נמס ברזילאי,גרמים,200.00,100 גרם,false,0,24.90,12.45,true,1,
7290103401627,false,דנונה אננס3% 150 גרם,שטראוס,IL,דנונה אננס 3%,גרמים,150.00,100 גרם,false,0,3.90,2.60,true,1,
7290103402815,false,אצבעות שוקולד+קרם חלב96ג,עלית,IL,אצבעות שוקולד,גרמים,96.00,100 גרם,false,0,7.60,7.92,true,1,
7290103402839,false,אצבעות שוקולד+עדשים96גרם,עלית,IL,אצבעות שוקולד,גרמים,96.00,100 גרם,false,0,7.60,7.92,true,1,
7290103403874,false,טבלת פסק זמן לבן 110 גרם,עלית,IL,טבלת פסק זמן,גרמים,110.00,100 גרם,false,0,8.10,7.36,true,1,
7290103403997,false,אנרג'י שייפ אגוז+שוק25*6,עלית,IL,חטיפי אנרג'י 6יח,גרמים,156.00,100 גרם,false,0,15.00,9.62,true,1,
7290103404758,false,סלט כרוב אדום יום יום120,שטראוס,IL,כרוב אדום אחלה,גרמים,120.00,100 גרם,false,0,4.80,4.00,true,1,
7290103407209,false,תפוצ'יפס קידס 30*6 גרם,עלית,IL,תפוצ'יפס קידס6יח,גרמים,180.00,100 גרם,false,0,11.00,6.11,true,1,
7290103407223,false,אצבעות שוק+סוכ.קופצות96ג,עלית,IL,אצבעות שוקולד,גרמים,96.00,100 גרם,false,0,7.60,7.92,true,1,
7290103408206,false,ע.חסה ערבית שטוף-שטראוס,שטראוס,IL,ע.חסה ערבית250ג',גרמים,250.00,100 גרם,false,0,10.90,4.36,true,1,
7290103680039,false,"תבור הר מרלו 750 מ""ל",יקב תבור,IL,מרלו הר תבור,מיליליטרים,750.00,"100 מ""ל",false,0,29.90,3.99,true,1,
7290103680046,false,"קברנה הר תבור 750 מ""ל",יקב תבור,IL,קברנה הר תבור,מיליליטרים,750.00,"100 מ""ל",false,0,29.90,3.99,true,1,
7290103680244,false,"יין פנינים רוזה 750 מ""ל",יקב תבור,IL,יין פנינים רוזה,מיליליטרים,750.00,"100 מ""ל",false,0,29.90,3.99,true,1,
7290104060403,false,מסטיק מאסט בזוקה ענבים28,עלית,IL,מסטיק מאסט בזוקה,גרמים,28.00,100 גרם,false,0,4.30,15.36,true,1,
7290104061219,false,רבע לשבע אגוזים 120 גרם,עלית,IL,רבע לשבע אגוז,גרמים,120.00,100 גרם,false,0,11.90,9.92,true,1,
7290104061431,false,חומוס עם צנובר אחלה 400ג,שטראוס,IL,חומוס צנובר אחלה,גרמים,400.00,100 גרם,false,0,10.90,2.73,true,1,
7290104061448,false,חומוס עם חריף אחלה 400 ג,שטראוס,IL,חומוס חריף אחלה,גרמים,400.00,100 גרם,false,0,10.90,2.73,true,1,
7290104062599,false,גמדים תות בננה 100*8 גרם,שטראוס,IL,גמדים תות בננה,גרמים,800.00,100 גרם,false,0,18.50,2.31,true,1,
7290104062681,false,סוכריות מאסט פטל לימון80,עלית,PL,סוכריות מאסט,גרמים,80.00,100 גרם,false,0,7.50,9.38,true,1,
7290104064111,false,אנרג'י שייפ שוק.מריר 6יח,שטראוס,IL,חטיפי אנרג'י 6יח,גרמים,156.00,100 גרם,false,0,15.00,9.62,true,1,
7290104065187,false,קפה נמס מוקה 200 גרם,עלית,IL,קפה נמס מוקה,גרמים,200.00,100 גרם,false,0,23.90,11.95,true,1,
7290104065934,false,עלי רוקט 150גרם שטראוס,שטראוס,IL,עלי רוקט 150גרם,גרמים,150.00,100 גרם,false,0,9.90,6.60,true,1,
7290104066016,false,"מילקי טופ עדשים 170 מ""ל",שטראוס,IL,מילקי טופ עדשים,מיליליטרים,170.00,"100 מ""ל",false,0,4.90,2.88,true,1,
7290104066566,false,טחינה אחלה 500 גרם,שטראוס,IL,טחינה אחלה 500גר,גרמים,500.00,100 גרם,false,0,14.20,2.84,true,1,
7290104067693,false,חומוס חריף 150 גרם,שטראוס,IL,חומוס חריף,יחידה,1.00,יחידה,false,0,5.50,5.50,true,1,
7290104068539,false,מאסט LL מלון ואבטיח 28גר,עלית,IL,מסטיק מאסט,גרמים,28.00,100 גרם,false,0,4.30,15.36,true,1,
7290104068546,false,מסטיק מאסט פליפ קולה28גר,עלית,IL,מסטיק מאסט,גרמים,28.00,100 גרם,false,0,4.30,15.36,true,1,
7290104068676,false,תפוצ'יפס קידס 45 גרם,עלית,IL,תפוצ'יפס קידס,גרמים,45.00,100 גרם,false,0,3.00,6.67,true,1,
7290104069116,false,סוכריות מאסט קפוצ'ינו80ג,עלית,PL,סוכריות מאסט,גרמים,80.00,100 גרם,false,0,7.50,9.38,true,1,
7290104069680,false,עלי תרד ניו זילנדי 300ג',שטראוס,IL,עלי תרד ניו זילנ,גרמים,300.00,100 גרם,false,0,14.50,4.83,true,1,
7290104500572,false,אפרופו איטליאנו 50 גרם,אסם,IL,אפרופו איטליאנו,גרמים,50.00,100 גרם,false,0,5.10,10.20,true,1,
7290104508882,false,סלט חציל בלאדי במיונז400,צבר,IL,סלט חציל בלאדי,גרמים,400.00,100 גרם,false,0,15.90,3.98,true,1,
7290104508943,false,במבה חטיף בוטנים 200 גרם,אסם,IL,במבה חטיף בוטנים,גרמים,200.00,100 גרם,false,0,8.40,4.20,true,1,
7290104570162,false,תמר כבוש500גרם,ששון,IL,תמר כבוש500גרם,גרמים,500.00,100 גרם,false,0,16.90,3.38,true,1,
7290104720499,false,דני וניל 125*8 גרם,שטראוס,IL,דני וניל 8 יח',קילוגרמים,1.00,"ק""ג",false,0,12.90,12.90,true,1,
7290104721533,false,רצועות פלפלים קלויים400ג,שטראוס,IL,רצועות פלפלים,גרמים,400.00,100 גרם,false,0,15.90,3.98,true,1,
7290104721953,false,לקט מסולסלים350ג שטראוס,שטראוס,IL,לקט מסולסלים350ג,גרמים,350.00,100 גרם,false,0,13.00,3.71,true,1,
7290104722509,false,רבע לשבע מריר 120 גרם,עלית,IL,רבע לשבע מריר,גרמים,120.00,100 גרם,false,0,11.90,9.92,true,1,
7290104722530,false,תפוצ'יפס שמנת בצל 200גרם,עלית,IL,תפוצ'יפס שמנת,גרמים,200.00,100 גרם,false,0,10.00,5.00,true,1,
7290104725852,false,דנכול תות מארז 100*6 ג,שטראוס,IL,דנכול תות 6 יח,גרמים,600.00,100 גרם,false,0,22.00,3.67,true,1,
7290104726224,false,לימבו פטל 125 גרם,שטראוס,IL,לימבו פטל,גרמים,125.00,100 גרם,false,0,2.10,1.68,true,1,
7290104726262,false,דני לשתיה שוקולד 125*4ג,שטראוס,IL,דני לשתיה 4 יח,גרמים,500.00,100 גרם,false,0,10.90,2.18,true,1,
7290104726712,false,מארז מילקי ט.שוקולד170*8,שטראוס,IL,מארז מילקי 8 יח',ליטרים,1.36,ליטר,false,0,20.90,15.37,true,1,
7290104727252,false,פסטו בזיליקום ואגוז140גר,שטראוס,IL,פסטו בזיליקום,גרמים,140.00,100 גרם,false,0,11.00,7.86,true,1,
7290104728242,false,צ'יקו תחליף קפה 130 גרם,עלית,IL,צ'יקו תחליף קפה,גרמים,130.00,100 גרם,false,0,22.90,17.62,true,1,
7290104728310,false,שמנת עמידה לקצפת38% 250מ,יטבתה,IL,שמנת עמידה לקצפת,גרמים,250.00,100 גרם,false,0,5.95,2.38,true,1,
7290104728747,false,החומוסיה של אבי חלק400ג,שטראוס,IL,החומוסיה של אבי,גרמים,400.00,100 גרם,false,0,14.90,3.73,true,1,
7290104729010,false,לבן בטעם תות 100 גרם,יטבתה,IL,לבן בטעם תות,גרמים,100.00,100 גרם,false,0,1.20,1.20,true,1,
7290104960239,false,סבון נקה7 ארומה לבן 750מ,אמיליה קוסמטיקס,IL,תחליב רחצה נקה 7,מיליליטרים,750.00,"100 מ""ל",false,0,9.90,1.32,true,1,
7290104960246,false,תחליב רח.נקה 7 ורוד 750,אמיליה קוסמטיקס,IL,תחליב רחצה נקה 7,מיליליטרים,750.00,"100 מ""ל",false,0,9.90,1.32,true,1,
7290104961113,false,צללית מונו 08 יחידה,קרליין,IL,צללית מונו,יחידה,1.00,יחידה,false,0,76.20,76.20,true,1,
7290104961250,false,תחליב רחצה נקה7 וניל 750,נקה,IL,תחליב רחצה נקה,מיליליטרים,750.00,"100 מ""ל",false,0,9.90,1.32,true,1,
7290104961410,false,סקין גארד,,IL,סקין גארד,מיליליטרים,200.00,"100 מ""ל",false,0,39.90,19.95,true,1,
7290104961885,false,"מרכך קרטין נטורל 400 מ""ל",קוסמופארם,IL,מרכך קרטין,מיליליטרים,400.00,"100 מ""ל",false,0,19.90,4.98,true,1,
7290104961892,false,"מסכת קרטין נטורל 350 מ""ל",קוסמופארם,IL,מסכת קרטין,מיליליטרים,350.00,"100 מ""ל",false,0,40.00,11.43,true,1,
7290104961908,false,"סרום קרטין נטורל 145 מ""ל",קוסמופארם,IL,סרום קרטין,מיליליטרים,145.00,"100 מ""ל",false,0,50.00,34.48,true,1,
7290104962042,false,סקינגארד,,IL,סקינגארד,מיליליטרים,200.00,"100 מ""ל",false,0,49.90,24.95,true,1,
7290104962127,false,"סטיק נושם 50 מ""ל",קרליין,IL,"סטיק נושם 50 מ""ל",מיליליטרים,50.00,"100 מ""ל",false,0,13.90,27.80,true,1,
7290104962134,false,דאו. קרליין רול און נושם,קרליין,IL,רול און נושם,מיליליטרים,75.00,"100 מ""ל",false,0,14.80,19.73,true,1,
7290104962271,false,סקינגאררד מוס,,IL,סקינגאררד מוס,מיליליטרים,200.00,"100 מ""ל",false,0,39.90,19.95,true,1,
7290104962509,false,קרם קרטין,,IL,קרם קרטין,מיליליטרים,145.00,"100 מ""ל",false,0,39.60,27.31,true,1,
7290104962660,false,דאו.נושם ללא אלומיניו150,קרליין,IL,ספריי נושם,מיליליטרים,150.00,"100 מ""ל",false,0,12.90,8.60,true,1,
7290104962684,false,דאו.נושם ללא אלומיניום75,קרליין,IL,דאו.קרליין,מיליליטרים,75.00,"100 מ""ל",false,0,14.80,19.73,true,1,
7290104962707,false,מגבונים להסרת איפור 25יח,קרליין,IL,מגבונים לפנים,יחידה,1.00,יחידה,false,1,13.00,13.00,true,1,
7290104962738,false,סקינגארד שמן יבשSPF30,קוסמופארם,IL,סקינגארד,מיליליטרים,200.00,"100 מ""ל",false,1,64.90,32.45,true,1,
7290104962844,false,"שמפו אמפולה נטורל 400מ""ל",קוסמופארם,IL,שמפו אמפולה,מיליליטרים,400.00,"100 מ""ל",false,1,19.90,4.98,true,1,
7290105220240,false,גומיות חזקות במיוחד יח,מ.ח.ט,CN,גומיות חזקות,יחידה,1.00,יחידה,false,1,5.00,5.00,true,1,
7290105220295,false,מגוון ספוגיות איפור יח,מ.ח.ט,CN,מגוון ספוגיות,יחידה,1.00,יחידה,false,1,5.00,5.00,true,1,
7290105223876,false,ספוגיות איפור יח,מ.ח.ט,CN,ספוגיות איפור,יחידה,1.00,יחידה,false,1,5.00,5.00,true,1,
7290105360250,false,קפסולות מס' 9 50 גרם,עלית,IL,קפסולות מס' 9,גרמים,50.00,100 גרם,false,0,14.80,29.60,true,1,
7290105360328,false,קפסולות מס' 10 50 גרם,עלית,IL,קפסולות מס' 10,גרמים,50.00,100 גרם,false,0,14.80,29.60,true,1,
7290105360335,false,קפסולות מס' 7 50 גרם,עלית,IL,קפסולות מס' 7,גרמים,50.00,100 גרם,false,0,14.80,29.60,true,1,
7290105360342,false,קפסולות מס' 8 50 גרם,עלית,IL,קפסולות מס' 8,גרמים,50.00,100 גרם,false,0,14.80,29.60,true,1,
7290105360762,false,"שמן זית 1 עדין 750 מ""ל",יד מרדכי,IL,שמן זית 1 עדין,מיליליטרים,750.00,"100 מ""ל",false,0,34.90,4.65,true,1,
7290105360809,false,שוש חטיף בוטנים80*4 גרם,עלית,IL,מארז שוש 4 יח,גרמים,320.00,100 גרם,false,0,10.90,3.41,true,1,
7290105361578,false,החומוסיה של אבי יפו400גר,שטראוס,IL,החומוסיה של אבי,גרמים,400.00,100 גרם,false,0,14.90,3.73,true,1,
7290105362193,false,עוגות אישיות מגולגלות245,עלית,IL,עוגות אישיות,גרמים,245.00,100 גרם,false,0,13.80,5.63,true,1,
7290105362339,false,שמנת לבישול15%מהדרין250,יטבתה,IL,שמנת לבישול 15%,מיליליטרים,250.00,"100 מ""ל",false,0,8.40,3.36,true,1,
7290105364678,false,משקה אקטיביה אפרסק 250מל,שטראוס,IL,משקה אקטיביה,מיליליטרים,250.00,"100 מ""ל",false,0,4.90,1.96,true,1,
7290105364784,false,שוקולד ביסקוויט לבן 100ג,עלית,IL,שוקולד ביסקוויט,גרמים,100.00,100 גרם,false,0,5.70,5.70,true,1,
7290105366023,false,חציל בטעם כבד 400 גרם,שטראוס,IL,חציל בטעם כבד,גרמים,400.00,100 גרם,false,0,15.90,3.98,true,1,
7290105366047,false,טחינה לבנה 400 גרם,שטראוס,IL,טחינה לבנה,גרמים,400.00,100 גרם,false,0,15.90,3.98,true,1,
7290105366504,false,אצבעות שוקולד לבן 96 גרם,עלית,IL,אצבעות שוקולד,גרמים,96.00,100 גרם,false,0,7.60,7.92,true,1,
7290105366962,false,מיני משוקלדים 200 גרם,עלית,IL,מיני משוקלדים,גרמים,200.00,100 גרם,false,0,19.80,9.90,true,1,
7290105366993,false,סימפוניה שיפקה חריף200,שטראוס,IL,סימפוניה פלפל,גרמים,200.00,100 גרם,false,0,10.00,5.00,true,1,
7290105367020,false,סימפוניה טבעי 25% 210גרם,שטראוס,IL,גבינת סימפוניה,גרמים,210.00,100 גרם,false,0,10.00,4.76,true,1,
7290105367297,false,יוגורט מ.מעודנת2% 150גר,שטראוס,IL,יוגורט דנונה 2%,גרמים,150.00,100 גרם,false,0,3.00,2.00,true,1,
7290105367600,false,דנונה דיאט אכמניות תחתית,שטראוס,IL,דנונה פרי 3%,גרמים,150.00,100 גרם,false,0,4.90,3.27,true,1,
7290105367617,false,דנונה דיאט תות בתחתית150,שטראוס,IL,דנונה פרי 0%,גרמים,150.00,100 גרם,false,0,4.90,3.27,true,1,
7290105368225,false,חומוס עם פלפל שיפקה 400ג,שטראוס,IL,חומוס עם פלפל,גרמים,400.00,100 גרם,false,0,10.90,2.73,true,1,
7290105368331,false,"מילקי בטעם תות 170 מ""ל",שטראוס,IL,מילקי טעם תות,מיליליטרים,170.00,"100 מ""ל",false,0,2.80,1.65,true,1,
7290105368355,false,מילקי שוקולד עשיר 133גרם,שטראוס,IL,מילקי שוקולד,גרמים,133.00,100 גרם,false,1,3.90,2.93,true,1,
7290105368485,false,חומוס לניגוב+מטבוחה 400ג,שטראוס,IL,חומוס לניגוב,גרמים,400.00,100 גרם,false,0,10.90,2.73,true,1,
7290105368881,false,חלב יטבתה מועשר3% 1.75ל,יטבתה,IL,חלב יטבתה מועשר,ליטרים,1.75,ליטר,false,0,13.10,7.49,true,1,
7290105368904,false,"שמנת מתוקה 32% 250 מ""ל",יטבתה,IL,שמנת מתוקה32%,מיליליטרים,250.00,"100 מ""ל",false,0,7.60,3.04,true,1,
7290105368928,false,שמנת 9% יטבתה מהדרין200מ,יטבתה,IL,שמנת 9% יטבתה,מיליליטרים,200.00,"100 מ""ל",false,0,3.10,1.55,true,1,
7290105368959,false,פונץ בננה+פקק מהדרין250מ,יטבתה,IL,משקה פונץ' בננה,מיליליטרים,250.00,"100 מ""ל",false,0,5.30,2.12,true,1,
7290105369451,false,צ'יטוס דולפינים 55 גרם,עלית,IL,צ'יטוס דולפינים,גרמים,55.00,100 גרם,false,0,3.50,6.36,true,1,
7290105369802,false,צ'יטוס קראנצ' גבינה30*6ג,עלית,IL,צ'יטוס מארז 6 יח,גרמים,180.00,100 גרם,false,0,11.00,6.11,true,1,
7290105430489,false,ליידי ס.ס סטיין גארד 50מ,קולגייט-פלמוליב,IL,ליידי ספיד סטיק,מיליליטרים,50.00,"100 מ""ל",false,0,20.10,40.20,true,1,
7290105431950,false,ליידי ספיד סטיק אבטיח150,קולגייט-פלמוליב,IL,ליידי ספיד סטיק,מיליליטרים,150.00,"100 מ""ל",false,0,21.30,14.20,true,1,
7290105433930,false,קולגייט טריפל אקשן100*2,קולגייט-פלמוליב,IL,משחת קולגייט,מיליליטרים,200.00,"100 מ""ל",false,1,15.90,7.95,true,1,
7290105433978,false,ליידי ספיד סטיק פטל 150,קולגייט-פלמוליב,IL,ליידי ספיד סטיק,מיליליטרים,150.00,"100 מ""ל",false,0,21.30,14.20,true,1,
7290105433985,false,ליידי ספיד סטיק פרס סטיק,קולגייט-פלמוליב,IL,ליידי ספיד סטיק,מיליליטרים,65.00,"100 מ""ל",false,0,16.90,26.00,true,1,
7290105434012,false,ספיד סטיק נוטרו סטיק 50,קולגייט-פלמוליב,US,דאו.ספיד סטיק,גרמים,50.00,100 גרם,false,0,24.20,48.40,true,1,
7290105434050,false,דאו. ספיד סטיק,,,דאו. ספיד סטיק,יחידה,1.00,יחידה,false,0,29.60,29.60,true,1,
7290105434067,false,דאו. ספיד סטיק,,,דאו. ספיד סטיק,יחידה,1.00,יחידה,false,0,29.60,29.60,true,1,
7290105434074,false,ס.סטיק סטיק חום מאסק 85,קולגייט-פלמוליב,MX,דאו. ספיד סטיק,גרמים,85.00,100 גרם,false,1,29.60,34.82,true,1,
7290105435989,false,"אייר פופס חטיף תפו""א40ג",דיאבטיקום,IL,אייר פופס,גרמים,40.00,100 גרם,false,0,5.00,12.50,true,1,
7290105436023,false,"איר פופס חט.תפו""א גריל40",דיאבטיקום,IL,אייר פופס,גרמים,40.00,100 גרם,false,0,5.00,12.50,true,1,
7290105439499,false,מיונז מאסטר שף 481 גרם,רמיה סי.וי.הולנד,NL,מיונז מאסטר שף,גרמים,481.00,100 גרם,false,1,9.90,2.06,true,1,
7290105439581,false,חרדל דיז'ון צרפתי 370גרם,רמיה סי.וי.הולנד,NL,חרדל דיז'ון,גרמים,370.00,100 גרם,false,1,11.90,3.22,true,1,
7290105439598,false,חרדל דיז'ון גרגירים370ג,סאס קווינור צרפת,FR,חרדל דיז'ון,גרמים,370.00,100 גרם,false,1,11.90,3.22,true,1,
7290105439642,false,קולגייט פרו מולטי 75*2מ,קולגייט-פלמוליב,PL,2 משחות קולגייט,מיליליטרים,150.00,"100 מ""ל",false,1,32.60,21.73,true,1,
7290105439659,false,קולגייט פרו רילף75*2מ,קולגייט-פלמוליב,PL,2 משחות קולגייט,מיליליטרים,150.00,"100 מ""ל",false,1,32.60,21.73,true,1,
7290105474063,false,לה קט מעדן מוס כבד 155ג,PRODUCTS FOOD HIQ,IL,לה קט מעדן כבד,גרמים,155.00,100 גרם,false,0,5.90,3.81,true,1,
7290105474070,false,לה קט מעדן מוס טונה 155ג,PRODUCTS FOOD HIQ,IL,לה קט מעדן מוס,גרמים,155.00,100 גרם,false,0,5.90,3.81,true,1,
7290105474179,false,לה קט מעדן פטה 100*4 גרם,SA NORMANDISE LA,FR,לה קט מעדן 4 יח,גרמים,400.00,100 גרם,false,0,15.80,3.95,true,1,
7290105500748,false,וויסקי סקוטי,,IL,וויסקי סקוטי,מיליליטרים,700.00,"100 מ""ל",false,0,79.90,11.41,true,1,
7290105690692,false,מרק נמס ירקות 28*2גר,אסם,IL,מרק נמס ירקות,גרמים,56.00,100 גרם,false,0,6.30,11.25,true,1,
7290105690715,false,מרק נמס תירס 27*2גרם,אסם,IL,מרק נמס תירס,גרמים,54.00,100 גרם,false,0,6.30,11.67,true,1,
7290105690753,false,מרק נמס ט.עוף+שקדי 26*2ג,אסם,IL,מרק נמס טעם עוף,גרמים,52.00,100 גרם,false,0,6.30,12.12,true,1,
7290105691088,false,ביסלי גריל 70*3 גרם,אסם,IL,ביסלי גריל 3 יח,גרמים,210.00,100 גרם,false,0,10.90,5.19,true,1,
7290105691224,false,קריספי טורטיה שום בצל60ג,"פרח תעשיות מזון בע""מ",IL,קריספי טורטיה,גרמים,60.00,100 גרם,false,0,7.80,13.00,true,1,
7290105691248,false,קריספי טורטיה תירס 60 גר,"פרח תעשיות מזון בע""מ",IL,קריספי טורטיה,גרמים,60.00,100 גרם,false,0,7.80,13.00,true,1,
7290105691415,false,בייגלה שמיניות ללא גלוטן,אסם,IL,בייגלה שמיניות,גרמים,250.00,100 גרם,false,0,13.80,5.52,true,1,
7290105691699,false,עוג.ביס בטעם חמאה300ג,כרמית,IL,עוגיות ביס חמאה,גרמים,300.00,100 גרם,false,0,9.90,3.30,true,1,
7290105691934,false,"קמח שמרים 1 ק""ג",תחנת קמח המפרץ,IL,"קמח שמרים 1 ק""ג",קילוגרמים,1.00,"ק""ג",false,0,9.40,9.40,true,1,
7290105691965,false,רוטב סויה סיני אסם 290 מ,אסם,IL,ר.סויה סיני אסם,מיליליטרים,290.00,"100 מ""ל",false,0,13.60,4.69,true,1,
7290105693341,false,במבה 25*10 גרם,אסם,,במבה 10 יח,גרמים,250.00,100 גרם,false,0,14.90,5.96,true,1,
7290105693457,false,עוגת דמקה שוקו וניל320גר,אסם,IL,עוגת הבית,גרמים,320.00,100 גרם,false,0,11.90,3.72,true,1,
7290105694614,false,ספגטי מהיר הכנה 500 גרם,זארה,IT,ספגטי מהיר הכנה,גרמים,500.00,100 גרם,false,0,5.50,1.10,true,1,
7290105694775,false,טריקס פירות דגני תירס480,ג'נרל מילס,US,טריקס בטעם פירות,גרמים,480.00,100 גרם,false,0,24.40,5.08,true,1,
7290105694881,false,סחוג ירוק רפי כהן 150 גר,צבר,IL,סחוג ירוק,גרמים,150.00,100 גרם,false,0,10.90,7.27,true,1,
7290105694904,false,מרק פטריות רכיבים טבעיים,אסם,IL,מרק פטריות,גרמים,220.00,100 גרם,false,0,17.60,8.00,true,1,
7290105695024,false,פתיתים אורז ואטריות500ג,אסם,IL,פתיתים אפויים,גרמים,500.00,100 גרם,false,0,6.90,1.38,true,1,
7290105695321,false,עוגת בראוניס פאדג' 380 ג,אסם,IL,עוגת בראוניס,גרמים,380.00,100 גרם,false,0,16.00,4.21,true,1,
7290105695994,false,"רוטב סויה טבעי 290 מ""ל",אסם,IL,רוטב סויה טבעי,מיליליטרים,290.00,"100 מ""ל",false,0,14.40,4.97,true,1,
7290105961518,false,עוגת שוקו קרם טראפלס330ג,עלית,IL,עוגת שוקו,גרמים,330.00,100 גרם,false,0,15.00,4.55,true,1,
7290105962331,false,סחוג חריף מאוד זהבי220ג,זהבי הכרם,IL,סחוג חריף זהבי,גרמים,220.00,100 גרם,false,0,10.80,4.91,true,1,
7290105964755,false,בונ.ספלנדיד מיקס 216 גרם,שטראוס,IL,בונ.ספלנדיד מיקס,גרמים,216.00,100 גרם,false,0,27.70,12.82,true,1,
7290105964915,false,פופקורן טבעי 80 גרם,עלית,IL,פופקורן טבעי,גרמים,80.00,100 גרם,false,0,5.10,6.38,true,1,
7290105965493,false,ספלנדיד מריר+מוס שוק105ג,עלית,IL,ספלנדיד מריר,גרמים,105.00,100 גרם,false,1,10.90,10.38,true,1,
7290105965509,false,שוק.מריר62% +מוס גאנדויה,עלית,IL,שוקולד ספלנדיד,גרמים,105.00,100 גרם,false,1,10.90,10.38,true,1,
7290105965516,false,ספלנדיד חלב מוס אספרס105,עלית,IL,שוקולד ספלנדיד,גרמים,105.00,100 גרם,false,1,10.90,10.38,true,1,
7290105965585,false,מש.אקטיביה פסיפלורה150*6,שטראוס,IL,משקה אקטיביה 6יח,גרמים,900.00,100 גרם,false,0,20.80,2.31,true,1,
7290105965592,false,מש.אקטיביה שזיף+חמצ150*6,שטראוס,IL,משקה אקטיביה 6יח,גרמים,900.00,100 גרם,false,0,20.80,2.31,true,1,
7290105965707,false,דנונה לשתיה תות בננה850ג,שטראוס,IL,דנונה לשתיה,גרמים,850.00,100 גרם,false,0,14.40,1.69,true,1,
7290105965738,false,דנונה לשתיה תות בננה267ג,שטראוס,IL,דנונה לשתיה,גרמים,267.00,100 גרם,false,0,5.00,1.87,true,1,
7290105966018,false,חלב יטבתה מועשר1% 1.75ל,יטבתה,IL,חלב מועשר 1.75ל,ליטרים,1.75,ליטר,false,0,13.10,7.49,true,1,
7290105966469,false,"חומץ בלסמי 250 מ""ל",יד מרדכי,IL,חומץ בלסמי,גרמים,250.00,100 גרם,false,0,14.70,5.88,true,1,
7290105968067,false,חומוס לניגוב+גרגרים400גר,שטראוס,IL,חומוס לניגוב,גרמים,400.00,100 גרם,false,0,10.90,2.73,true,1,
7290105968098,false,סלט קולסלאו אחלה 500 גרם,שטראוס,IL,סלט קולסלאו אחלה,גרמים,500.00,100 גרם,false,0,15.90,3.18,true,1,
7290105968630,false,"אנרגי אגוז מצופה ללת""ס",עלית,IL,חטיפי אנרג'י,גרמים,168.00,100 גרם,false,0,16.80,10.00,true,1,
7290105968654,false,רביולי בטטה פרווה 400 גר,שטראוס,IL,רביולי בטטה 400ג,גרמים,400.00,100 גרם,false,0,16.90,4.23,true,1,
7290106262324,false,סט קלאסיק איפור לילה,,IL,סט קלאסיק איפור לילה,יחידה,1.00,יחידה,false,0,29.90,29.90,true,1,
7290106502994,false,זוג הד&שולדרס 2ב500X2 1,פרוקטר אנד גמבל,FR,זוג הד&שולדרס,ליטרים,1.00,ליטר,false,1,39.90,39.90,true,1,
7290106504479,false,36 תחבושות אולוויז לילה,פרוקטר & גמבל,ES,תחבושות אולוויז,יחידה,1.00,יחידה,false,1,36.90,36.90,true,1,
7290106504769,false,פמפרס פרימיום מידה2 22*4,פרוקטר & גמבל,IL,רביעיית פמפרס,יחידה,1.00,יחידה,false,1,77.90,77.90,true,1,
7290106504790,false,פמפרס פרימיום מידה5 18*4,פרוקטר & גמבל,IL,רביעיית פמפרס,יחידה,1.00,יחידה,false,1,77.90,77.90,true,1,
7290106520011,false,חיוכים שוקו וניל 600 גרם,עלית,IL,חיוכים שוקו וניל,גרמים,600.00,100 גרם,false,0,17.90,2.98,true,1,
7290106520288,false,דנונה פרו תות 150 גרם,שטראוס,IL,דנונה פרו תות,גרמים,150.00,100 גרם,false,1,4.90,3.27,true,1,
7290106520295,false,דנונה פרו לבן 2.9% 150גר,שטראוס,IL,דנונה פרו לבן,גרמים,150.00,100 גרם,false,1,4.90,3.27,true,1,
7290106520387,false,"בזוקה גולים לל""ס 21 גרם",עלית,IL,"בזוקה גולים לל""ס",גרמים,21.00,100 גרם,false,0,4.90,23.33,true,1,
7290106520417,false,JOYבר שוקולד+ופל מצופ140,שטראוס,IL,JOY בר שוקולד,גרמים,140.00,100 גרם,false,1,4.20,3.00,true,1,
7290106520462,false,מילקי קייק 4 * 34 גרם,TSC,IT,מילקי קייק 4יח,גרמים,136.00,100 גרם,false,1,10.90,8.01,true,1,
7290106520899,false,חציל בלאדי במיונז400ג,שטראוס,IL,חציל בלאדי אחלה,גרמים,400.00,100 גרם,false,0,15.90,3.98,true,1,
7290106520912,false,"שמנת לבישול 9% 250 מ""ל",יטבתה,IL,שמנת לבישול 9%,מיליליטרים,250.00,"100 מ""ל",false,0,8.40,3.36,true,1,
7290106521049,false,סלט קוביות סלק 400 גרם,שטראוס,IL,סלט קוביות סלק,גרמים,400.00,100 גרם,false,0,15.90,3.98,true,1,
7290106521629,false,מאגדת טוויסט 4 * 28 גרם,עלית,IL,טוויסט 4 יח',גרמים,112.00,100 גרם,false,0,12.90,11.52,true,1,
7290106521650,false,מאגדת טעמי 40*4 גרם,עלית,IL,טעמי 4 יחידות,גרמים,160.00,100 גרם,false,0,12.90,8.06,true,1,
7290106521926,false,קפה טורקי 150 גרם,שטראוס,IL,קפה טורקי,גרמים,150.00,100 גרם,false,1,10.00,6.67,true,1,
7290106522220,false,שוק.קראנצ כדורי דגנים90ג,עלית,IL,שוקולד קראנצ',גרמים,90.00,100 גרם,false,0,5.70,6.33,true,1,
7290106522473,false,דנונה בר בנים 173*2ג,שטראוס,IL,זוג דנונה בר,גרמים,346.00,100 גרם,false,0,9.00,2.60,true,1,
7290106523142,false,יוג.יווני טבעי7% 130*4גר,שטראוס,IL,יוגורט יווני 4יח,גרמים,520.00,100 גרם,false,0,13.00,2.50,true,1,
7290106523937,false,תפוצ'יפס טבעי 30*7 גרם,שטראוס,IL,תפוצ'יפס 7 יח,גרמים,210.00,100 גרם,false,0,10.00,4.76,true,1,
7290106524224,false,פרכיות ביס וניל,,IL,פרכיות ביס וניל,גרמים,25.00,100 גרם,false,0,4.40,17.60,true,1,
7290106524569,false,כיף כף מקלות קרמל 40 גרם,סולן ציקולטה,TR,כיף כף מקלות,גרמים,40.00,100 גרם,false,1,4.60,11.50,true,1,
7290106525320,false,שוקולית לאפיה 500 גרם,עלית,IL,שוקולית לאפיה,גרמים,500.00,100 גרם,false,0,10.00,2.00,true,1,
7290106525405,false,קפסולות נטול מס' 7 50גרם,עלית,IL,קפסולות נטול מס7,גרמים,50.00,100 גרם,false,0,14.80,29.60,true,1,
7290106525719,false,ספלנדיד צימוקים מריר110ג,שטראוס,IL,ספלנדיד צימוקים,גרמים,110.00,100 גרם,false,0,13.80,12.55,true,1,
7290106525962,false,חומוס אבי תטבילה 400גרם,שטראוס,IL,חומוס אבי תטבילה,גרמים,400.00,100 גרם,false,0,14.90,3.73,true,1,
7290106526327,false,"שמן זית כתית מעולה650מ""ל",יד מרדכי,IL,שמן זית,מיליליטרים,650.00,"100 מ""ל",false,0,29.90,4.60,true,1,
7290106527423,false,אקטיביה שזיף 1.5% 150*4ג,שטראוס,IL,מארז אקטיביה 4יח,גרמים,600.00,100 גרם,false,0,19.90,3.32,true,1,
7290106527461,false,אקטיביה0%שזיף מיובש150*4,שטראוס,IL,מארז אקטיביה 4יח,גרמים,600.00,100 גרם,false,0,19.90,3.32,true,1,
7290106528864,false,מאסט פפרמינט ממולא25גרם,עלית,IL,מסטיק מאסט,גרמים,25.00,100 גרם,false,1,4.90,19.60,true,1,
7290106528949,false,לקט ערוגות שטראוס 450גרם,שטראוס,IL,לקט ערוגות,גרמים,450.00,100 גרם,false,0,12.90,2.87,true,1,
7290106570023,false,שטוחים שומשום 250 גרם כש,אסם,IL,"שטוחים כשל""פ",גרמים,250.00,100 גרם,false,0,10.00,4.00,true,1,
7290106570153,false,"לטקס לביבות תפו""א",אסם,IL,לטקס,גרמים,170.00,100 גרם,false,0,12.90,7.59,true,1,
7290106570177,false,בייגלה שטוחים מלח 250 גר,אסם,IL,"שטוחים כשל""פ",גרמים,250.00,100 גרם,false,0,10.00,4.00,true,1,
7290106571037,false,"מאגדת גומיגם 5יח כשל""פ",נסטלה,IL,מאגדת גומיגם,גרמים,450.00,100 גרם,false,0,28.50,6.33,true,1,
7290106571273,false,מאגדת קראנצ שוקולד5יכשלפ,נסטלה,IL,מאגדת קראנצ שוקולד5יכשלפ,גרמים,360.00,100 גרם,false,0,34.70,9.64,true,1,
7290106571563,false,אפרופו 200 גרם,אסם,IL,אפרופו,גרמים,200.00,100 גרם,false,0,11.00,5.50,true,1,
7290106571662,false,"שקדי מרק טבעות כשל""פ100ג",אסם,IL,"שקדי מרק כשל""פ",גרמים,100.00,100 גרם,false,0,7.00,7.00,true,1,
7290106571877,false,בייגלה שטוחים 60*6 גרם,אסם,IL,בייגלה שטוח 6 יח,גרמים,360.00,100 גרם,false,0,14.30,3.97,true,1,
7290106571907,false,עוגיות שוקולד צ'יפס180ג,אסם,IL,עוגיות פיטנס,גרמים,180.00,100 גרם,false,0,10.00,5.56,true,1,
7290106571921,false,עוגיות חמוציות פיטנס180ג,אסם,IL,עוגיות פיטנס,גרמים,180.00,100 גרם,false,0,10.00,5.56,true,1,
7290106572614,false,דובונים פיצה 40 גרם,אסם,IL,דובונים פיצה,גרמים,40.00,100 גרם,false,0,4.30,10.75,true,1,
7290106572652,false,דובונים גן חיות 40 גרם,אסם,IL,דובונים גן חיות,גרמים,40.00,100 גרם,false,0,4.30,10.75,true,1,
7290106572959,false,אפרופו קלאסי מארז 25*5גר,אסם,IL,אפרופו 5 יח,גרמים,125.00,100 גרם,false,0,12.60,10.08,true,1,
7290106572997,false,"קמח שמרים לפיצה 1 ק""ג",תחנת קמח המפרץ,IL,קמח שמרים לפיצה,קילוגרמים,1.00,"ק""ג",false,0,9.40,9.40,true,1,
7290106573277,false,חט.קריספי טאפאס זיתים150,אסם,IL,חטיפי קריספי,גרמים,150.00,100 גרם,false,0,11.80,7.87,true,1,
7290106573574,false,חומוס ירושלמי צבר 400גרם,צבר,IL,חומוס צבר,גרמים,400.00,100 גרם,false,0,10.80,2.70,true,1,
7290106573598,false,חומוס לבנוני צבר 400 גרם,צבר,IL,חומוס לבנוני צבר,גרמים,400.00,100 גרם,false,0,11.20,2.80,true,1,
7290106573628,false,חומוס עם טחינה צבר 400גר,צבר,IL,חומוס עם טחינה,גרמים,400.00,100 גרם,false,0,10.80,2.70,true,1,
7290106573642,false,חומוס צנובר צבר 400 גרם,צבר,IL,חומוס צנובר,גרמים,400.00,100 גרם,false,0,11.90,2.98,true,1,
7290106573703,false,חציל פיקנטי רפי כהןג400,צבר,IL,חציל פיקנטי צבר,גרמים,400.00,100 גרם,false,0,15.90,3.98,true,1,
7290106573796,false,חומוס זעתר צבר 400 גרם,צבר,IL,חומוס זעתר צבר,גרמים,400.00,100 גרם,false,0,11.50,2.88,true,1,
7290106573819,false,חומוס אבו גוש צבר 400 גר,צבר,IL,חומוס אבו גוש,גרמים,400.00,100 גרם,false,0,10.90,2.73,true,1,
7290106573963,false,ביסלי ברביקיו 67*3 גרם,אסם,IL,ביסלי ברבקיו 3יח,גרמים,201.00,100 גרם,false,0,10.90,5.42,true,1,
7290106574793,false,עוגת שוקו שוקוצ'יפס350ג,אסם,IL,עוגת הבית,גרמים,350.00,100 גרם,false,0,11.90,3.40,true,1,
7290106574977,false,בייגלה שטוחים מלח300גרם,אסם,IL,בייגלה שטוחים,גרמים,300.00,100 גרם,false,0,10.50,3.50,true,1,
7290106575011,false,פתיתים פלוס חיטה מלאה400,אסם,IL,פתיתים פלוס,גרמים,400.00,100 גרם,false,0,6.90,1.73,true,1,
7290106575271,false,פתיתים פלוס ירקות 400 גר,אסם,IL,פתיתים פלוס,גרמים,400.00,100 גרם,false,0,6.90,1.73,true,1,
7290106575332,false,פתיתים פלוס בורגול 400 ג,קוסקוס מזון,IL,פתיתים פלוס,גרמים,400.00,100 גרם,false,0,6.90,1.73,true,1,
7290106576209,false,ביסלי אקסטרים מעושן 70 ג,אסם,IL,ביסלי אקסטרים,גרמים,70.00,100 גרם,false,0,4.50,6.43,true,1,
7290106576414,false,צ'יפסי בטעם מקסיקני 50גר,אסם,IL,חטיף צ'יפסי,גרמים,50.00,100 גרם,false,0,3.40,6.80,true,1,
7290106576513,false,חומוס צבר 400 גרם,צבר,IL,חומוס צבר,גרמים,400.00,100 גרם,false,0,9.50,2.38,true,1,
7290106576537,false,חומוס מסעדה צבר 700גרם,צבר,IL,חומוס מסעדה צבר,גרמים,700.00,100 גרם,false,0,8.90,1.27,true,1,
7290106576834,false,לה קרמריה פונש בננה כשלפ,נסטלה,IL,"לה קרמריה כשל""פ",ליטרים,1.40,ליטר,false,0,21.90,15.64,true,1,
7290106576858,false,"לה קרמריה תותים כשל""פ",נסטלה,IL,"לה קרמריה כשל""פ",ליטרים,1.40,ליטר,false,0,21.90,15.64,true,1,
7290106576919,false,"לה קרמריה סורבה כשל""פ",נסטלה,IL,"לח קרמריה כשל""פ",ליטרים,1.40,ליטר,false,0,21.90,15.64,true,1,
7290106576926,false,לה קרמריה שוקו וניל לייט,נסטלה,IL,לה קרמריה לייט,ליטרים,1.40,ליטר,false,0,21.90,15.64,true,1,
7290106576957,false,לה קרמריה שוקו וניל כשלפ,נסטלה,IL,"לה קרמריה כשל""פ",ליטרים,1.40,ליטר,false,0,21.90,15.64,true,1,
7290106576971,false,לה קרמריה צמחי שוק כשלפ,נסטלה,IL,"לה קרמריה כשל""פ",ליטרים,1.40,ליטר,false,0,21.90,15.64,true,1,
7290106576995,false,לה קרמריה תות מנגו לייט,נסטלה,IL,לה קרמריה לייט,ליטרים,1.40,ליטר,false,0,21.90,15.64,true,1,
7290106577282,false,טחינה צבר מרובע 400 גרם,צבר,IL,טחינה צבר,גרמים,400.00,100 גרם,false,0,11.80,2.95,true,1,
7290106577305,false,טחינה לבנונית ירוקה400גר,צבר,IL,טחינה לבנונית,גרמים,400.00,100 גרם,false,0,11.90,2.98,true,1,
7290106577480,false,חציל על האש בטחינה400גר,צבר,IL,חציל על האש צבר,גרמים,400.00,100 גרם,false,0,13.80,3.45,true,1,
7290106577503,false,חציל במיונז מרובע 400גרם,צבר,IL,חציל במיונז צבר,גרמים,400.00,100 גרם,false,0,11.80,2.95,true,1,
7290106577527,false,סלט קולסלו מרובע צבר400ג,צבר,IL,סלט קולסלו צבר,גרמים,400.00,100 גרם,false,0,12.40,3.10,true,1,
7290106577541,false,כרוב אדום מרובע צבר400ג,צבר,IL,כרוב אדום צבר,גרמים,400.00,100 גרם,false,0,11.80,2.95,true,1,
7290106577572,false,מטבוחה מרובע צבר 400 גרם,צבר,IL,מטבוחה צבר,גרמים,400.00,100 גרם,false,0,10.90,2.73,true,1,
7290106578241,false,דובונים 100 גרם,אסם,IL,חטיף דובונים,גרמים,100.00,100 גרם,false,0,8.80,8.80,true,1,
7290106578333,false,חציל על האש מרובע צבר400,צבר,IL,חציל על האש צבר,גרמים,400.00,100 גרם,false,0,11.60,2.90,true,1,
7290106578821,false,עוגת שמרים שוקולד 350גרם,אסם,IL,עוגת שמרים,גרמים,350.00,100 גרם,false,0,16.80,4.80,true,1,
7290106579118,false,פרפקטו ספגטי עתיר בסיבים,זארה,IT,ספגטי עתיר סיבים,גרמים,450.00,100 גרם,false,0,7.60,1.69,true,1,
7290106579132,false,פרפקטו ספירלי טריו 450 ג,זארה,IT,ספירלי טריו,גרמים,450.00,100 גרם,false,0,7.60,1.69,true,1,
7290106579156,false,פרפקטו פארפאלה 450 גרם,זארה,IT,פרפקטו פארפאלה,גרמים,450.00,100 גרם,false,0,7.50,1.67,true,1,
7290106579231,false,עוגיות תפוז פיטנס 180גרם,אסם,IL,עוגיות פיטנס,גרמים,180.00,100 גרם,false,0,10.00,5.56,true,1,
7290106579293,false,סלט סלק רפי כהן 400 גרם,צבר,IL,סלט סלק רפי כהן,גרמים,400.00,100 גרם,false,0,15.90,3.98,true,1,
7290106651272,false,פריכיות אנרג'י,,IL,פריכיות אנרג'י,גרמים,25.00,100 גרם,false,0,4.40,17.60,true,1,
7290106652491,false,בפלות לימון קראנץ 300גר,עלית,IL,בפלות קראנץ,גרמים,300.00,100 גרם,false,0,6.00,2.00,true,1,
7290106652514,false,בפלות וניל קראנץ 300 גרם,עלית,IL,בפלות קראנץ,גרמים,300.00,100 גרם,false,0,6.00,2.00,true,1,
7290106653429,false,פיתה קראנצ מחיטה מלאה300,עלית,IL,פיתה קראנצ',גרמים,300.00,100 גרם,false,0,10.90,3.63,true,1,
7290106654099,false,מילקי קייק 34*8 גרם,שטראוס,IL,מילקי קייק 8 יח',גרמים,272.00,100 גרם,false,1,20.00,7.35,true,1,
7290106654235,false,טופי בטעם בזוקה 290 גרם,עלית,IL,טופי בזוקה,גרמים,290.00,100 גרם,false,0,10.40,3.59,true,1,
7290106654761,false,מאסט פפרמינט 45דק31'ג,עלית,IL,מאסט 45 דקות,גרמים,31.00,100 גרם,false,0,5.40,17.42,true,1,
7290106654921,false,תפוציפס אקסטרא טבעי50ג,שטראוס,IL,תפוצ'יפס אקסטרא,גרמים,50.00,100 גרם,false,0,3.90,7.80,true,1,
7290106654945,false,תפוציפס אקסטרא ברבקיו50ג,שטראוס,IL,תפוצ'יפס אקסטרא,גרמים,50.00,100 גרם,false,0,3.90,7.80,true,1,
7290106654969,false,חומוס כפרי אחלה750גרם,שטראוס,IL,חומוס כפרי אחלה,גרמים,750.00,100 גרם,false,0,8.90,1.19,true,1,
7290106655645,false,דנונה שכבות דיאט0% 4+4,שטראוס,IL,מארז דנונה 4+4יח,קילוגרמים,1.20,"ק""ג",false,0,27.70,23.08,true,1,
7290106655966,false,אנרג'י שוק.מריר+אגוז זוג,עלית,IL,חטיפי אנרג'י זוג,גרמים,312.00,100 גרם,false,0,22.90,7.34,true,1,
7290106655973,false,זוג אנרגי אגוז/שוק.חלב,עלית,IL,חטיפי אנרג'י זוג,גרמים,312.00,100 גרם,false,0,22.90,7.34,true,1,
7290106656727,false,חיוכים שוקולד 600 גרם,עלית,IL,חיוכים שוקולד,גרמים,600.00,100 גרם,false,0,17.90,2.98,true,1,
7290106656895,false,סימפוניה עגבנ.מיובשות200,שטראוס,IL,גבינת סימפוניה5%,גרמים,200.00,100 גרם,false,0,10.00,5.00,true,1,
7290106656901,false,סימפוניה25% זיתים 210ג,שטראוס,IL,גבינת סימפוניה,גרמים,210.00,100 גרם,false,0,10.00,4.76,true,1,
7290106657137,false,תפוציפס אקסטרא טבעי200ג,שטראוס,IL,תפוצ'יפס אקסטרא,גרמים,200.00,100 גרם,false,0,10.00,5.00,true,1,
7290106657953,false,אקטיביה תות 1.5% 150*4 ג,שטראוס,IL,מארז אקטיביה 4יח,גרמים,600.00,100 גרם,false,0,19.90,3.32,true,1,
7290106657960,false,אקטיביה פ.יבש1.5% 150*4,שטראוס,IL,מארז אקטיביה 4יח,גרמים,600.00,100 גרם,false,0,19.90,3.32,true,1,
7290106660298,false,דני תות 125*4 גרם,שטראוס,IL,דני תות 4 יחידות,גרמים,500.00,100 גרם,false,0,10.30,2.06,true,1,
7290106660748,false,מיקס מיני פרה קראנצ200'ג,עלית,IL,מיני מיקס פרה,גרמים,200.00,100 גרם,false,0,15.90,7.95,true,1,
7290106660809,false,"מילקי ריפיל 170*8מ""ל",שטראוס,IL,מילקי ריפיל 8 יח,קילוגרמים,1.36,"ק""ג",false,0,20.90,15.37,true,1,
7290106660908,false,"מקופלת XL לבן כשל""פ 33גר",עלית,IL,חטיף מקופלת,גרמים,33.00,100 גרם,false,0,3.90,11.82,true,1,
7290106661806,false,סמפוניה סמטאות שוק5% 200,שטראוס,IL,גבינת סימפוניה,גרמים,200.00,100 גרם,false,1,10.00,5.00,true,1,
7290106661844,false,מילקי קייק קוקוס 34 גרם,שטראוס,IL,מילקי קייק,גרמים,34.00,100 גרם,false,1,3.00,8.82,true,1,
7290106662377,false,רבע לשבע בוטנים 120 גרם,עלית,IL,רבע לשבע בוטנים,גרמים,120.00,100 גרם,false,1,11.90,9.92,true,1,
7290106662384,false,בונ.איחולים מתוקים 42גרם,עלית,IL,בונ.איחולים מתוק,גרמים,42.00,100 גרם,false,0,9.90,23.57,true,1,
7290106662605,false,JOY מעדן שוקולד3.9% 130ג,שטראוס,IL,JOY מעדן שוקולד,גרמים,130.00,100 גרם,false,1,3.30,2.54,true,1,
7290106662629,false,JOYמעדן טעם וניל0% 130ג,שטראוס,IL,JOY מעדן וניל 0%,גרמים,130.00,100 גרם,false,1,3.30,2.54,true,1,
7290106662650,false,טחינה לניגוב 400 גרם,שטראוס,IL,טחינה לניגוב,גרמים,400.00,100 גרם,false,1,14.90,3.73,true,1,
7290106662971,false,סוכריות ג'לית 80 גרם,עלית,IL,סוכריות ג'לית,גרמים,80.00,100 גרם,false,1,4.90,6.13,true,1,
7290106663053,false,סימפוניה ערב בפריז5% 200,שטראוס,IL,גבינת סימפוניה,גרמים,200.00,100 גרם,false,1,10.00,5.00,true,1,
7290106663091,false,לאבנה 9% 500 גרם,שטראוס,IL,לאבנה 9%,גרמים,500.00,100 גרם,false,1,18.50,3.70,true,1,
7290106663121,false,מילקי קייק 34 גרם,TSC,IT,מילקי קייק,גרמים,34.00,100 גרם,false,1,3.00,8.82,true,1,
7290106663398,false,סוכ.גומי מיקס חמוץ 200ג,עלית,IL,סוכריות גומי,גרמים,200.00,100 גרם,false,1,8.90,4.45,true,1,
7290106663527,false,קונפיטורה משמש לייט250ג,יד מרדכי,IL,קונפיטורה משמש,גרמים,230.00,100 גרם,false,0,13.70,5.96,true,1,
7290106663558,false,"רוטב טריאקי רימון 280מ""ל",בית אל מזון,IL,רוטב טריאקי,מיליליטרים,280.00,"100 מ""ל",false,1,14.80,5.29,true,1,
7290106663565,false,חלבית - חלבי 300 גרם,עלית,IL,חלבית - חלבי,גרמים,300.00,100 גרם,false,1,17.60,5.87,true,1,
7290106663718,false,צ'יטוס זיגזג 55 גרם,עלית,IL,צ'יטוס זיגזג,גרמים,55.00,100 גרם,false,0,3.50,6.36,true,1,
7290106664012,false,תפוציפס אקסט+טבעות בצל50,עלית,IL,תפוצ'יפס אקסטרא,גרמים,50.00,100 גרם,false,1,3.90,7.80,true,1,
7290106664067,false,לאבנה ש.זית וזעתר10% 400,שטראוס,IL,לאבנה שמן זית,גרמים,400.00,100 גרם,false,1,14.50,3.63,true,1,
7290106664548,false,רוטב שמנת4+גבינות9% 250מ,שטראוס,IL,רוטב שמנת גבינות,מיליליטרים,250.00,"100 מ""ל",false,1,10.50,4.20,true,1,
7290106664555,false,רוטב שמנת+עגבניות9% 250מ,שטראוס,IL,רוטב שמנת,מיליליטרים,250.00,"100 מ""ל",false,1,10.50,4.20,true,1,
7290106664562,false,רוטב שמנת+פטריות 9% 200מ,שטראוס,IL,רוטב שמנת פטריות,מיליליטרים,250.00,"100 מ""ל",false,1,10.50,4.20,true,1,
7290106664654,false,דוריטוס ט.טבעי 40*6 גרם,עלית,IL,דוריטוס 6 יח,גרמים,240.00,100 גרם,false,1,11.80,4.92,true,1,
7290106664739,false,תפוציפס אקסטר+טבע.בצל200,עלית,IL,תפוצ'יפס אקסטרה,גרמים,200.00,100 גרם,false,1,10.00,5.00,true,1,
7290106665491,false,חטיף פסק זמן קלאסיק 43גר,עלית,IL,חטיף פסק זמן,גרמים,43.00,100 גרם,false,0,4.90,11.40,true,1,
7290106665507,false,מיקס טעמי מקופלת 175 גרם,עלית,IL,מיקס טעמי מקופלת,גרמים,175.00,100 גרם,false,0,10.90,6.23,true,1,
7290106666092,false,שוקולד לבן במילוי תות100,עלית,IL,שוקולד לבן,גרמים,100.00,100 גרם,false,0,5.50,5.50,true,1,
7290106666139,false,פריכיות מיני ביס בצל 45ג,עלית,IL,פריכיות מיני,גרמים,45.00,100 גרם,false,1,6.90,15.33,true,1,
7290106666368,false,חטיפ.שוק.מריר דגן+פרי100,שטראוס,IL,חטיפי אנרג'י 4יח,גרמים,100.00,100 גרם,false,1,11.90,11.90,true,1,
7290106668010,false,בפלות מוקצף 800 גרם,שטראוס,IL,בפלות מוקצף,גרמים,800.00,100 גרם,false,1,19.90,2.49,true,1,
7290106668584,false,"מיץ ליים 250 מ""ל",יד מרדכי,IL,מיץ ליים,מיליליטרים,250.00,"100 מ""ל",false,1,7.80,3.12,true,1,
7290106668638,false,"קופי שוט שוק.חלב 80*4מ""ל",יטבתה,IL,מארז קופי שוט,מיליליטרים,320.00,"100 מ""ל",false,1,18.70,5.84,true,1,
7290106668720,false,דנונה לשתיה פירות יער850,שטראוס,IL,דנונה לשתיה,גרמים,850.00,100 גרם,false,1,14.40,1.69,true,1,
7290106668737,false,דנונה לשתיה דיאט תות267ג,שטראוס,IL,דנונה לשתיה,גרמים,267.00,100 גרם,false,1,5.00,1.87,true,1,
7290106669154,false,רבע לשבע 20*4 גרם,עלית,IL,רבע לשבע 4 יח,גרמים,80.00,100 גרם,false,1,9.90,12.38,true,1,
7290106669314,false,סימפוניה בנגקוק 5% 200ג,שטראוס,IL,גבינת סימפוניה,גרמים,200.00,100 גרם,false,1,10.00,5.00,true,1,
7290106720329,false,נישנושי תירס משפחתי 600ג,שטראוס,IL,נישנושי תירס,גרמים,600.00,100 גרם,false,0,14.90,2.48,true,1,
7290106720695,false,מיקס חטיפים צהוב 182גרם,עלית,IL,מיקס חטיפים צהוב,גרמים,182.00,100 גרם,false,0,10.80,5.93,true,1,
7290106720831,false,נישנושי תירס זוגי 500גרם,שטראוס,IL,נישנושי תירס,גרמים,500.00,100 גרם,false,0,12.90,2.58,true,1,
7290106721531,false,דוריטוס חמוץ מתוק 70 גרם,עלית,IL,דוריטוס חמוץ,גרמים,70.00,100 גרם,false,0,3.60,5.14,true,1,
7290106721609,false,דוריטוס חמוץ חריף 40*6גר,עלית,IL,דוריטוס 6 יח,גרמים,240.00,100 גרם,false,0,11.80,4.92,true,1,
7290106721937,false,סוכ.גומי בננה מסוכר80גרם,טופגאם,IL,סוכריות גומי,גרמים,80.00,100 גרם,false,1,4.90,6.13,true,1,
7290106721944,false,סוכ.גומי נחש מוברק80גרם,טופגאם,IL,סוכריות גומי,גרמים,80.00,100 גרם,false,1,4.90,6.13,true,1,
7290106722057,false,באגט קראנצ זיתים עגבנ300,עלית,IL,באגט קראנצ זיתים,גרמים,300.00,100 גרם,false,1,10.90,3.63,true,1,
7290106722095,false,באגט קראנצ שום 300 גרם,עלית,IL,באגט קראנצ שום,גרמים,300.00,100 גרם,false,0,10.90,3.63,true,1,
7290106722101,false,באגט קראנצ טבעי 300 גרם,עלית,IL,באגט קראנצ טבעי,גרמים,300.00,100 גרם,false,0,10.90,3.63,true,1,
7290106723580,false,בפלות יום הולדת סוכ350.ג,עלית,IL,בפלות יום הולדת,גרמים,350.00,100 גרם,false,1,15.40,4.40,true,1,
7290106723597,false,בפלות כדורי שוק.קוקוס350,עלית,IL,בפלות כדורי שוקו,גרמים,350.00,100 גרם,false,1,15.40,4.40,true,1,
7290106725126,false,בונ.ספלנדיד פרלינים243גר,עלית,IL,בונ.ספלנדיד,גרמים,243.00,100 גרם,false,1,42.50,17.49,true,1,
7290106725423,false,רבע לשבע חלבה 120 גרם,עלית,IL,רבע לשבע חלבה,גרמים,120.00,100 גרם,false,1,11.90,9.92,true,1,
7290106725522,false,"רוטב שזיף רימון 280 מ""ל",בית אל מזון,IL,רוטב שזיף רימון,מיליליטרים,280.00,"100 מ""ל",false,1,14.80,5.29,true,1,
7290106725874,false,"סירופ מייפל טבעי 236 מ""ל",ציטדל,CA,סירופ מייפל,מיליליטרים,236.00,"100 מ""ל",false,1,44.90,19.03,true,1,
7290106726161,false,דנונה פרו אפרסק2.4% 150ג,שטראוס,IL,דנונה פרו אפרסק,גרמים,150.00,100 גרם,false,1,4.90,3.27,true,1,
7290106726178,false,דנונה פרו פירות יער150ג,שטראוס,IL,דנונה פרו פ.יער,גרמים,150.00,100 גרם,false,1,4.90,3.27,true,1,
7290106727045,false,דנונה פרו אננס2.4% 150ג,שטראוס,IL,דנונה פרו אננס,גרמים,150.00,100 גרם,false,1,4.90,3.27,true,1,
7290106728127,false,חלב טבעי בקבוק3.6% 1ליטר,יטבתה,IL,חלב טבעי בקבוק,ליטרים,1.00,ליטר,false,1,7.50,7.50,true,1,
7290106728301,false,דני בטעם בננה 125 גרם,שטראוס,IL,דני בטעם בננה,גרמים,125.00,100 גרם,false,1,2.60,2.08,true,1,
7290106728387,false,החומסיה של אבי אל ארז400,שטראוס,IL,החומוסיה של אבי,גרמים,400.00,100 גרם,false,1,14.90,3.73,true,1,
7290106728721,false,מילקי שוקולד ואגוזים133ג,שטראוס,IL,מילקי טעם שוקולד,גרמים,133.00,100 גרם,false,1,2.80,2.11,true,1,
7290106728820,false,מארז קפה נמס+מקציף 200גר,שטראוס,IL,מארז קפה נמס,גרמים,200.00,100 גרם,false,1,19.90,9.95,true,1,
7290107280099,false,מגבוני נייר טואלט48*3יח,סנו,IL,מגבוני נייר לחים,יחידה,1.00,יחידה,false,0,15.90,15.90,true,1,
7290107280389,false,מתז ג'ט לאמבט,,IL,מתז ג'ט לאמבט,מיליליטרים,750.00,"100 מ""ל",false,0,10.00,1.33,true,1,
7290107280396,false,מתז ג'ט למטבח,,IL,מתז ג'ט למטבח,מיליליטרים,750.00,"100 מ""ל",false,0,10.00,1.33,true,1,
7290107280402,false,ג'ט לניקוי כללי,,IL,ג'ט לניקוי כללי,ליטרים,2.00,ליטר,false,0,10.00,5.00,true,1,
7290107280488,false,סנובון WAVE פרחים 45גר,סנו,IL,סנובון WAVE,גרמים,45.00,100 גרם,false,0,8.50,18.89,true,1,
7290107280501,false,סנובון WAVE אורנים 45גר,סנו,PL,סנובון WAVE,גרמים,45.00,100 גרם,false,0,8.50,18.89,true,1,
7290107280518,false,מקסימה ג'אוול 8קג,סנו,IL,מקסימה ג'אוול,קילוגרמים,8.00,"ק""ג",false,0,49.90,6.24,true,1,
7290107280679,false,ספארק טבליות למדיח 70 יח,סנו,IL,טבליות למדיח,יחידה,1.00,יחידה,false,0,44.90,44.90,true,1,
7290107280709,false,ספארק נוזל הברקה 700מל,סנו,IL,נוזל הברקה למדיח,מיליליטרים,700.00,"100 מ""ל",false,1,15.90,2.27,true,1,
7290107280723,false,נוזל לכלים לימון 700מל,סנו,IL,נוזל לכלים לימון,מיליליטרים,700.00,"100 מ""ל",false,0,8.50,1.21,true,1,
7290107280730,false,"נוזל לכלים לבנדר 700 מ""ל",סנו,IL,נוזל כלים לבנדר,מיליליטרים,700.00,"100 מ""ל",false,0,8.50,1.21,true,1,
7290107280747,false,"נוזל לכלים קלאסי 700מ""ל",סנו,IL,נוזל לכלים קלאסי,מיליליטרים,700.00,"100 מ""ל",false,0,8.50,1.21,true,1,
7290107280761,false,ספארק לכלים לימון+משאבה,סנו,IL,נוזל כלים לימון,ליטרים,1.00,ליטר,false,0,10.90,10.90,true,1,
7290107280815,false,"K301 קוטל זוחלים 300 מ""ל",סנו,IL,K301 קוטל זוחלים,מיליליטרים,300.00,"100 מ""ל",false,1,11.90,3.97,true,1,
7290107536042,false,מארז גיפט קארד מרובע ניי,.,IL,מארז גיפטקארד,יחידה,1.00,יחידה,false,1,4.00,4.00,true,1,
7290107640473,false,קורנפלקס 750 גרם100+ גרם,יוניליוור,IL,קורנפלקס תלמה,גרמים,850.00,100 גרם,false,0,14.90,1.75,true,1,
7290107640527,false,מארז סיף+ ספוג הפלא,יוניליוור,IL,מארז סיף+ ספוג,יחידה,1.00,יחידה,false,0,10.00,10.00,true,1,
7290107641098,false,פינוק 2ב1 קשקשים 700 מל,יוניליוור,IL,שמפו פינוק,מיליליטרים,700.00,"100 מ""ל",false,1,10.00,1.43,true,1,
7290107641418,false,דקים בייגלה צורות+מלח300,יוניליוור,IL,בייגלה דקים+מלח,גרמים,300.00,100 גרם,false,1,7.90,2.63,true,1,
7290107641425,false,דקים בייגלה צורות+שומ300,יוניליוור,IL,בייגלה דקים+שומש,גרמים,300.00,100 גרם,false,1,7.90,2.63,true,1,
7290107641654,false,דליתות 400 גרם,יוניליוור,IL,דליתות,גרמים,400.00,100 גרם,false,1,19.90,4.98,true,1,
7290107641661,false,דליתפוח 400 גרם,יוניליוור,IL,דליתפוח,גרמים,400.00,100 גרם,false,1,19.90,4.98,true,1,
7290107641845,false,פניני נסיכות טעם דבש300ג,יוניליוור,IL,דגנים נסיכות,גרמים,300.00,100 גרם,false,1,20.90,6.97,true,1,
7290107641937,false,חטיף פתית דבש 70 גרם,יוניליוור,IL,חטיף פתית דבש,גרמים,70.00,100 גרם,false,1,5.90,8.43,true,1,
7290107641951,false,חטיף פתית שוודי 70 גרם,יוניליוור,IL,חטיף פתית שוודי,גרמים,70.00,100 גרם,false,1,5.90,8.43,true,1,
7290107642415,false,קליק קראנצ' קרם חלב 35ג,נטרה,ES,חטיף קליק,גרמים,35.00,100 גרם,false,1,4.90,14.00,true,1,
7290107642439,false,קליק אצבעות וניל-שקדים40,נטרה,ES,חטיף קליק,גרמים,40.00,100 גרם,false,1,4.90,12.25,true,1,
7290107643351,false,"חטיף כריות כשל""פ 150 גרם",יוניליוור,IL,"חטיף כריות כשל""פ",גרמים,150.00,100 גרם,false,1,19.70,13.13,true,1,
7290107871419,false,סירופ תפוח דיאט 1 ליטר,בית השיטה,IL,סירופ תפוח דיאט,ליטרים,1.00,ליטר,false,1,10.40,10.40,true,1,
7290107871556,false,לחמית מיני כפרית 40 גרם,אסם,IL,לחמית מיני כפרית,גרמים,40.00,100 גרם,false,0,3.90,9.75,true,1,
7290107871761,false,לחמית ירקות קלויים 160גר,אסם,IL,לחמית ירקות,גרמים,160.00,100 גרם,false,1,9.00,5.63,true,1,
7290107871808,false,"חטיפי קרקר כשל""פ 170 גרם",אסם,IL,חטיפי קרקר,גרמים,170.00,100 גרם,false,0,7.80,4.59,true,1,
7290107871990,false,פסטה צינורות 500 גרם,זארה,IT,פסטה צינורות,גרמים,500.00,100 גרם,false,0,5.40,1.08,true,1,
7290107872188,false,רוטב עגבניות לספגטי420ג,אסם,IL,רוטב עגבניות,גרמים,420.00,100 גרם,false,0,12.80,3.05,true,1,
7290107872744,false,"מאגדת מיניונים 4כשל""פ",נסטלה,IL,מאגדת מיניונים,יחידה,1.00,יחידה,false,1,26.90,26.90,true,1,
7290107873062,false,פתי בר שוקולד מריר500גרם,אסם,IL,פתיבר שוקולד,גרמים,500.00,100 גרם,false,1,10.90,2.18,true,1,
7290107873086,false,פתיתים אפויים פלוס עדשים,אסם,IL,פתיתים אפויים,גרמים,400.00,100 גרם,false,0,6.90,1.73,true,1,
7290107873185,false,מלך החומוס+פלפל חריף400ג,צבר,IL,מלך החומוס צבר,גרמים,400.00,100 גרם,false,1,12.40,3.10,true,1,
7290107873222,false,חומוס עם חריף 400 גרם,צבר,IL,חומוס עם חריף,גרמים,400.00,100 גרם,false,0,11.80,2.95,true,1,
7290107873239,false,פתי בר קרמל 500גרם,אסם,IL,פתיבר קרמל,גרמים,500.00,100 גרם,false,1,10.90,2.18,true,1,
7290107873437,false,סלט סביח צבר 300 גרם,צבר,IL,סלט סביח צבר,גרמים,300.00,100 גרם,false,0,13.80,4.60,true,1,
7290107873864,false,"ספירלי אורז כשל""פ 250גרם",טאי רזידנט,TH,ספירלי אורז,גרמים,250.00,100 גרם,false,0,6.40,2.56,true,1,
7290107874366,false,ביסלי נאצ'וס חמוץ חריף50,דוגוס,TR,ביסלי נאצ'וס,גרמים,50.00,100 גרם,false,1,3.30,6.60,true,1,
7290107874380,false,לחמית מיני חיטה מלאה40ג,אסם,IL,לחמית מיני,גרמים,40.00,100 גרם,false,0,3.90,9.75,true,1,
7290107874441,false,פריכונ.מיני בצל מקורמל25,"פרח תעשיות מזון בע""מ",IL,פריכונים מיני,גרמים,25.00,100 גרם,false,0,4.20,16.80,true,1,
7290107874632,false,"מאגדת שלגון אימוג'י כל""פ",נגה גלידות,IL,מאגדת אימוג'י,גרמים,260.00,100 גרם,false,4,26.70,10.27,true,1,
7290107874687,false,ביסלי נאצ'וס צ'לי 50 גרם,דוגוס,TR,ביסלי נאצ'וס,גרמים,50.00,100 גרם,false,1,3.30,6.60,true,1,
7290107874700,false,ביסלי נאצ'וס אקסט.צ'יז50,דוגוס,TR,ביסלי נאצ'וס,גרמים,50.00,100 גרם,false,1,3.30,6.60,true,1,
7290107875400,false,להקרמריה פיסטוק מוקה 1.4,נסטלה,IL,להקרמריה,ליטרים,1.40,ליטר,false,0,21.90,15.64,true,1,
7290107876032,false,שקדי מרק ואטריות 400 גרם,אסם,IL,שקדי מרק ואטריות,גרמים,400.00,100 גרם,false,1,12.90,3.23,true,1,
7290107876520,false,"מאגדת לייט ריבת חלב כל""פ",נסטלה,IL,מאגדת לייט,גרמים,180.00,100 גרם,false,5,24.90,13.83,true,1,
7290107876568,false,מרק נמס עגבניות 19*5 גרם,אסם,IL,מרק נמס עגבנ5.יח,גרמים,95.00,100 גרם,false,1,12.60,13.26,true,1,
7290107876605,false,מרק נמס פטריות 17*5 גרם,אסם,IL,מרק נמס פטריות5*,גרמים,85.00,100 גרם,false,1,12.60,14.82,true,1,
7290107876636,false,"מאגדת לייט שוקולד כשל""פ",נסטלה,IL,מאגדת לייט,גרמים,180.00,100 גרם,false,5,24.90,13.83,true,1,
7290107876759,false,"פתי בר קטנים 1.5 ק""ג",אסם,IL,פתי בר קטנים,קילוגרמים,1.50,"ק""ג",false,1,24.90,16.60,true,1,
7290107876803,false,זיתים חרוזית 560 גרם,בית השיטה,IL,זיתים חרוזית,גרמים,560.00,100 גרם,false,1,8.90,1.59,true,1,
7290107876827,false,טבעות זיתים 560 גרם,בית השיטה,IL,טבעות זיתים,גרמים,560.00,100 גרם,false,1,9.80,1.75,true,1,
7290107876841,false,זיתים ירוקים טעם שום560ג,בית השיטה,IL,זיתים טעם שום,גרמים,560.00,100 גרם,false,1,10.80,1.93,true,1,
7290107876919,false,"פריכוני תפו""א ע.תיבול23ג",אסם,IL,"פריכונים תפו""א",גרמים,23.00,100 גרם,false,1,4.20,18.26,true,1,
7290107876933,false,פריכונים 3דגנים שום 23גר,אסם,IL,פריכונים 3 דגנים,גרמים,23.00,100 גרם,false,1,4.20,18.26,true,1,
7290107877169,false,חטיפי קרקר ללא גלוטן 150,אסם,IL,חטיפי קרקר,גרמים,150.00,100 גרם,false,1,8.90,5.93,true,1,
7290107877541,false,מרק נמס טעם עוף 26*2 גרם,אסם,IL,מרק נמס טעם עוף,גרמים,52.00,100 גרם,false,1,6.30,12.12,true,1,
7290107877961,false,פרפקטו ספגטי 600 גרם,פסטה זארה,IT,פרפקטו ספגטי,גרמים,600.00,100 גרם,false,1,7.60,1.27,true,1,
7290107877992,false,פרפקטו ספירלי 600 גרם,פסטה זארה,IT,פרפקטו ספירלי,גרמים,600.00,100 גרם,false,1,7.60,1.27,true,1,
7290107878012,false,בייגל קרקר כפרי 180 גרם,אסם,IL,בייגל קרקר כפרי,גרמים,180.00,100 גרם,false,1,10.20,5.67,true,1,
7290107878036,false,בייגל קרקר עשבי תיבול180,אסם,IL,בייגל קרקר,גרמים,180.00,100 גרם,false,1,10.20,5.67,true,1,
7290107878470,false,מאגדת ג'ויה חלבה ופיסטוק,נסטלה,IL,מאגדת ג'ויה,גרמים,220.00,100 גרם,false,1,28.70,13.05,true,1,
7290107878548,false,פתיתים דינוזאורים 500גרם,אסם,IL,פתיתים,גרמים,500.00,100 גרם,false,1,6.90,1.38,true,1,
7290107878609,false,פסטה דינוזאורים 350 גרם,לנסי,IT,פסטה דינוזאורים,גרמים,350.00,100 גרם,false,1,5.40,1.54,true,1,
7290107878869,false,עוגת שוקולד דאבל ציפס340,אסם,IL,עוגת שוקולד הבית,גרמים,340.00,100 גרם,false,1,11.90,3.50,true,1,
7290107878906,false,"מרק נמס עגבניות כשל""פ40ג",אסם,IL,מרק נמס עגבניות,גרמים,40.00,100 גרם,false,1,6.30,15.75,true,1,
7290107878920,false,קוקטייל זיתים 560 גרם,בית השיטה,IL,קוקטייל זיתים,גרמים,560.00,100 גרם,false,1,10.80,1.93,true,1,
7290107930963,false,שוק.פרה חלב אוריגמי 100ג,שטראוס,IL,שוקולד פרה,גרמים,100.00,100 גרם,false,1,5.50,5.50,true,1,
7290107931755,false,סוכריות גומי דובונים80ג,טופגאם,IL,סוכריות גומי,גרמים,80.00,100 גרם,false,1,4.90,6.13,true,1,
7290107931830,false,סלט משוויה 400 גרם,שטראוס,IL,סלט משוויה,גרמים,400.00,100 גרם,false,1,15.90,3.98,true,1,
7290107932080,false,חלב מועשר3% בקבוק 1ליטר,יטבתה,IL,חלב מועשר 3%,ליטרים,1.00,ליטר,false,1,7.50,7.50,true,1,
7290107932127,false,חלב מועשר2% בקבוק 1ליטר,יטבתה,IL,חלב מועשר 2%,ליטרים,1.00,ליטר,false,1,7.50,7.50,true,1,
7290107932134,false,חלב מועשר1% בקבוק 1ליטר,יטבתה,IL,חלב מועשר 1%,ליטרים,1.00,ליטר,false,1,7.50,7.50,true,1,
7290107932387,false,סוכ.גומי מיקס מבריק200ג,עלית,IL,סוכריות גומי,גרמים,200.00,100 גרם,false,1,8.90,4.45,true,1,
7290107932394,false,סוכ.גומי מיקס מסוכר200גר,עלית,IL,סוכריות גומי,גרמים,200.00,100 גרם,false,1,8.90,4.45,true,1,
7290107932400,false,סוכריות ג'לי ברכות 540 ג,מיה,IL,סוכריות ג'לי,גרמים,540.00,100 גרם,false,1,19.90,3.69,true,1,
7290107932721,false,סוכ.מאסט מנטה צמחים80ג,טופגאם,IL,סוכריות מאסט,גרמים,80.00,100 גרם,false,1,7.50,9.38,true,1,
7290107932783,false,סוכ.גוג'י ברי אסאי 80גרם,טופגאם,IL,סוכריות מאסט,גרמים,80.00,100 גרם,false,1,7.50,9.38,true,1,
7290107933131,false,עלי סלנובה 160גרם,שטראוס,IL,עלי סלנובה,גרמים,160.00,100 גרם,false,1,11.90,7.44,true,1,
7290107933155,false,לקט סלנובה 200גרם,שטראוס,IL,לקט סלנובה,גרמים,200.00,100 גרם,false,1,12.90,6.45,true,1,
7290107933193,false,סלק מבושל 500גרם,שטראוס,IL,סלק מבושל 500גרם,גרמים,500.00,100 גרם,false,1,8.90,1.78,true,1,
7290107933315,false,חלב דל לקטוז בקבוק2% 1ל,יטבתה,IL,חלבדל לקטוז 2%,ליטרים,1.00,ליטר,false,1,7.50,7.50,true,1,
7290107934367,false,דנונה אקטיביה 0% 150*4מל,שטראוס,IL,אקטביה 0% 4 יח',מיליליטרים,600.00,"100 מ""ל",false,1,12.40,2.07,true,1,
7290107934473,false,דנונה אקטיביה1.5% 150*8מ,שטראוס,IL,אקטביה 1.5% 8 יח,ליטרים,1.20,ליטר,false,1,21.90,18.25,true,1,
7290107934480,false,דנונה אקטיביה 3% 150*8מ,שטראוס,IL,אקטביה 3% 8 יח,ליטרים,1.20,ליטר,false,1,21.90,18.25,true,1,
7290107934497,false,דנונה אקטיביה1.5% 150*4מ,שטראוס,IL,אקטביה1.5% 4 יח,מיליליטרים,600.00,"100 מ""ל",false,1,12.40,2.07,true,1,
7290107934503,false,דנונה אקטיביה 3% 150*4מל,שטראוס,IL,אקטביה 3% 4 יח,מיליליטרים,600.00,"100 מ""ל",false,1,12.40,2.07,true,1,
7290107936248,false,מילקי קצפת קפוצ'ינו133ג,שטראוס,IL,מילקי קפוצ'ינו,גרמים,133.00,100 גרם,false,1,3.90,2.93,true,1,
7290107970266,false,פירורי לחם גריסיני300גרם,אפיפית,IL,פירורי לחם גריסי,גרמים,300.00,100 גרם,false,1,5.90,1.97,true,1,
7290107970280,false,"תערובת ללחם איטלקי 1 ק""ג",פלאקטורפר מולה,DE,תערובת ללחם,קילוגרמים,1.00,"ק""ג",false,1,10.90,10.90,true,1,
7290107970297,false,תערובת עם גרעיני חמניות,פלאקטורפר מולה,DE,תערובת ללחם,קילוגרמים,1.00,"ק""ג",false,1,10.90,10.90,true,1,
7290107970303,false,תערובת ללחם עם גרעינים1ק,פלאקטורפר מולה,DE,תערובת ללחם,קילוגרמים,1.00,"ק""ג",false,1,10.90,10.90,true,1,
7290107970310,false,"תערובת ללחם שיפון 1 ק""ג",פלאקטורפר מולה,DE,תערובת ללחם שיפו,קילוגרמים,1.00,"ק""ג",false,1,10.90,10.90,true,1,
7290107970563,false,ביסקוויט דגנים שוקו350גר,אפיפית,IL,ביסקוויט דגנים,גרמים,350.00,100 גרם,false,1,5.00,1.43,true,1,
7290107970952,false,זוג טוטל פסים + מברשת,קולגייט-פלמוליב,PL,מארז טוטל,יחידה,1.00,יחידה,false,1,29.90,29.90,true,1,
7290107970969,false,זוג טוטל להלבנה + מברשת,קולגייט-פלמוליב,PL,מארז טוטל,יחידה,1.00,יחידה,false,1,29.90,29.90,true,1,
7290108200218,false,גולד אבקה 1.35ק,רקיט בנקיזר,IT,וניש גולד אבקה,קילוגרמים,1.35,"ק""ג",false,1,29.90,22.15,true,1,
7290108200225,false,גולד אבקה להסרת כתמים470,רקיט בנקיזר,IT,וניש גולד אבקה,גרמים,470.00,100 גרם,false,1,19.70,4.19,true,1,
7290108200232,false,גולד אבקה לכב.לבנה 470 ג,רקיט בנקיזר,IT,וניש גולד אבקה,גרמים,470.00,100 גרם,false,1,19.70,4.19,true,1,
7290108350128,false,40שק.אשפה חזקות אקסטרה,סנו,IL,שקיות אשפה,יחידה,1.00,יחידה,false,1,23.90,23.90,true,1,
7290108350173,false,אקו מגבות נייר 8 גלילים,סנו,IL,אקו מגבות נייר,מטרים,84.00,מטר,false,1,10.00,0.12,true,1,
7290108350210,false,30שקיות אשפה חזקות75*65ס,סנו,IL,שקיות אשפה חזקות,יחידה,1.00,יחידה,false,1,23.90,23.90,true,1,
7290108350258,false,נייר טואלט סנו סופט 12גל,סנו,IL,נייר טואלט סופט,מטרים,662.00,100 מטר,false,1,24.90,3.76,true,1,
7290108350531,false,ספארק לכלים קלאסי+משאבה,סנו,IL,ספארק לכלים,ליטרים,1.00,ליטר,false,1,10.90,10.90,true,1,
7290108355000,false,שמפו נקה 7 מיניונים 750,אמיליה קוסמטיקס,IL,שמפו נקה7,מיליליטרים,750.00,"100 מ""ל",false,1,9.90,1.32,true,1,
7290108355017,false,מרכך נקה 7 מיניונים750מ,אמיליה קוסמטיקס,IL,מרכך שיער נקה 7,מיליליטרים,750.00,"100 מ""ל",false,1,9.90,1.32,true,1,
7290108500080,false,עוגיות שוקולד צ'יפס100גר,דנקייק,PT,עוגיות שוקוצ'יפס,גרמים,100.00,100 גרם,false,1,5.00,5.00,true,1,
7290109350004,false,קרקר עדשים כתומות 150גרם,אסם,IL,קרקר עדשים כתום,גרמים,150.00,100 גרם,false,1,9.60,6.40,true,1,
7290109350349,false,"ערגליות תמרים כשל""פ300ג",אסם,IL,ערגליות תמרים,גרמים,300.00,100 גרם,false,1,11.90,3.97,true,1,
7290109350882,false,חטיפי פריכיות עם זעתר23ג,אסם,IL,חטיפי פריכיות,גרמים,23.00,100 גרם,false,1,4.20,18.26,true,1,
7290109351025,false,חומוסטחינה צבר 400 גרם,צבר,IL,חומוסטחינה צבר,גרמים,400.00,100 גרם,false,1,14.20,3.55,true,1,
7290109352534,false,פירורית זהב20%+ 420 גרם,עינת תעשיות,IL,פירורית זהב,גרמים,420.00,100 גרם,false,1,8.40,2.00,true,1,
7296073001928,false,"נקטר תפ""ע צלול שופרסל 1ל",שופרסל,IL,"נקטר תפו""ע צלול",ליטרים,1.00,ליטר,false,0,4.20,4.20,true,1,
7296073002543,false,שקיות אשפה,,TR,שקיות אשפה,יחידה,1.00,יחידה,false,0,14.90,14.90,true,1,
7296073002574,false,50 שקיות אשפה ענק.שופרסל,שופרסל,HK,שקיות אשפה,יחידה,1.00,יחידה,false,0,13.40,13.40,true,1,
7296073002635,false,נייר טואלט סופר דיל 48גל,שופרסל,IL,נייר טואלט,מטרים,883.00,100 מטר,false,0,37.90,4.29,true,1,
7296073005735,false,עוג.סנדוויץ שוק.שופרס150,שופרסל,IL,עוגיות סנדוויץ,גרמים,150.00,100 גרם,false,0,4.00,2.67,true,1,
7296073005841,false,אפונה ירוקה שופרסל500גרם,מיה,IL,אפונה ירוקה,גרמים,500.00,100 גרם,false,0,5.90,1.18,true,1,
7296073005858,false,בורגול שופרסל 500 גרם,מיה,IL,בורגול,גרמים,500.00,100 גרם,false,0,4.90,0.98,true,1,
7296073005865,false,גריסי פנינה שופרסל500גרם,מיה,IL,גריסי פנינה,גרמים,500.00,100 גרם,false,0,4.90,0.98,true,1,
7296073005889,false,חומוס לבן ענק שופרסל500ג,מיה,IL,חומוס לבן ענק,גרמים,500.00,100 גרם,false,0,6.90,1.38,true,1,
7296073005896,false,חיטה שופרסל 500 גרם,מיה,IL,חיטה שופרסל,גרמים,500.00,100 גרם,false,0,4.90,0.98,true,1,
7296073005902,false,כוסמת שופרסל 500 גרם,מיה,IL,כוסמת שופרסל,גרמים,500.00,100 גרם,false,0,7.30,1.46,true,1,
7296073005919,false,עדשים ירוקות שופרסל500ג,מיה,IL,עדשים ירוקות,גרמים,500.00,100 גרם,false,0,4.80,0.96,true,1,
7296073005926,false,עדשים אדומות שופרסל500גר,מיה,IL,עדשים אדומות,גרמים,500.00,100 גרם,false,0,5.30,1.06,true,1,
7296073005957,false,שעועית לבנה שופרסל500גרם,מיה,IL,שעועית לבנה,גרמים,500.00,100 גרם,false,0,9.80,1.96,true,1,
7296073005971,false,שעועית אדומה שופרסל500גר,מיה,IL,שעועית אדומה,גרמים,500.00,100 גרם,false,0,8.80,1.76,true,1,
7296073005988,false,שעועית בובס שופרסל400גרם,מיה,IL,שעועית בובס,גרמים,400.00,100 גרם,false,0,12.80,3.20,true,1,
7296073006008,false,"שעועית לבנה שופרסל 1 ק""ג",מיה,IL,שעועית לבנה,קילוגרמים,1.00,"ק""ג",false,0,17.70,17.70,true,1,
7296073006015,false,"חומוס גדול שופרסל 1 ק""ג",מיה,IL,חומוס גדול,קילוגרמים,1.00,"ק""ג",false,0,9.80,9.80,true,1,
7296073006060,false,חומוס לבן ענק שופרסל 1קג,מיה,IL,חומוס לבן ענק,קילוגרמים,1.00,"ק""ג",false,0,12.80,12.80,true,1,
7296073006107,false,"אפונה ירוקה שופרסל 1 ק""ג",מיה,IL,אפונה ירוקה,קילוגרמים,1.00,"ק""ג",false,0,7.80,7.80,true,1,
7296073006114,false,"עדשים ירוקות שופרסל 1ק""ג",מיה,IL,עדשים ירוקות,קילוגרמים,1.00,"ק""ג",false,0,9.80,9.80,true,1,
7296073006121,false,"עדשים אדומות שופרסל 1ק""ג",מיה,IL,עדשים אדומות,קילוגרמים,1.00,"ק""ג",false,0,11.60,11.60,true,1,
7296073006138,false,"חיטה שופרסל 1 ק""ג",מיה,IL,"חיטה 1 ק""ג",קילוגרמים,1.00,"ק""ג",false,0,7.80,7.80,true,1,
7296073006152,false,"גריסים שופרסל 1 ק""ג",מיה,IL,"גריסים 1 ק""ג",קילוגרמים,1.00,"ק""ג",false,0,7.50,7.50,true,1,
7296073006176,false,"סוכר שופרסל 1 ק""ג",סוגת,IL,סוכר לבן,קילוגרמים,1.00,"ק""ג",false,0,3.90,3.90,true,1,
7296073006374,false,חרוזי זיתים ירוק.שופר560,שופרסל,,חרוזי זיתים,גרמים,560.00,100 גרם,false,0,8.30,1.48,true,1,
7296073006381,false,מנזנילו בינונ.שופרסל560ג,שופרסל,IL,זיתים ירוקים,גרמים,560.00,100 גרם,false,0,6.30,1.13,true,1,
7296073006404,false,מלפפון במלח7-9 שופר560.ג,שופרסל,IL,מלפפון במלח,גרמים,560.00,100 גרם,false,0,5.30,0.95,true,1,
7296073006411,false,מלפ.במלח 10-12שופרסל560ג,שופרסל,IL,מלפפון במלח12-,גרמים,560.00,100 גרם,false,0,5.90,1.05,true,1,
7296073006428,false,מלפ.במלח 13-17שופרסל560ג,שופרסל,IL,מלפפון במלח,גרמים,560.00,100 גרם,false,0,8.40,1.50,true,1,
7296073006435,false,מלפ.במלח 18-25שופרסל560ג,שופרסל,IL,מלפפון במלח,גרמים,560.00,100 גרם,false,0,9.40,1.68,true,1,
7296073006497,false,גביעי גלידה שופרסל 30יח',גילרו,IL,גביעי גלידה,גרמים,115.00,100 גרם,false,0,8.90,7.74,true,1,
7296073009771,false,מים מינרליים שופרסל1.5*6,שופרסל,IT,מים שופרסל 6 יח,ליטרים,9.00,ליטר,false,0,9.90,1.10,true,1,
7296073011101,false,קוסקוס עבה שופרסל 350גרם,אסיף תעשיות מזון,IL,קוסקוס עבה,גרמים,350.00,100 גרם,false,0,4.90,1.40,true,1,
7296073011118,false,קוסקוס דק שופרסל 350 גרם,אסיף תעשיות מזון,IL,קוסקוס דק,גרמים,350.00,100 גרם,false,0,4.90,1.40,true,1,
7296073011224,false,פסטה פוסילי36שופר 500גרם,שופרסל,IL,פסטה פוסילי,גרמים,500.00,100 גרם,false,0,4.90,0.98,true,1,
7296073011248,false,פסטה פרפלה מס57שופרסל500,שופרסל,IT,פסטה פרפלה,גרמים,500.00,100 גרם,false,0,4.90,0.98,true,1,
7296073012009,false,קוסקוס בינוני שופרסל350ג,אסיף תעשיות מזון,IL,קוסקוס בינוני,גרמים,350.00,100 גרם,false,0,4.90,1.40,true,1,
7296073016960,false,מפיות נשלפות,שופרסל,IL,מפיות נשלפות,יחידה,1.00,יחידה,false,0,2.90,2.90,true,1,
7296073020356,false,"כוסות ח""פ שופרסל 150 יח'",שופרסל,,"כוסות ח""פ",יחידה,1.00,יחידה,false,0,6.90,6.90,true,1,
7296073020394,false,"קעריות ח""פ שופרסל 50 יח'",שופרסל,IL,"קעריות ח""פ",יחידה,1.00,יחידה,false,0,12.90,12.90,true,1,
7296073020400,false,"קעריות ח""פ אובלית שופרסל",שופרסל,IL,"קעריות ח""פ",יחידה,1.00,יחידה,false,0,7.90,7.90,true,1,
7296073020431,false,מפיות חד שכבתי 100 יחידו,שופרסל,IL,מפיות חד שכבתי,יחידה,1.00,יחידה,false,0,6.90,6.90,true,1,
7296073020462,false,טחינה גולמית שופרסל 500ג,רושדי תעשיות מזון,IL,טחינה גולמית,גרמים,500.00,100 גרם,false,0,12.90,2.58,true,1,
7296073020936,false,פטריות חתוכות שופרסל400ג,פרוצ'אמפ,DE,פטריות חתוכות,גרמים,400.00,100 גרם,false,0,4.20,1.05,true,1,
7296073021568,false,"קמח לבן שופרסל 1 ק""ג",שופרסל,IL,קמח לבן,קילוגרמים,1.00,"ק""ג",false,0,3.60,3.60,true,1,
7296073021575,false,"קמח תופח שופרסל 1 ק""ג",שופרסל,IL,קמח תופח מאיליו,קילוגרמים,1.00,"ק""ג",false,0,5.90,5.90,true,1,
7296073021582,false,"סולת חיטה שופרסל 1 ק""ג",שופרסל,IL,סולת חיטה,קילוגרמים,1.00,"ק""ג",false,0,4.00,4.00,true,1,
7296073027713,false,מפיות חד שכבתי 180 יח,שופרסל,IL,מפיות חד שכבתי,יחידה,1.00,יחידה,false,0,8.90,8.90,true,1,
7296073030027,false,מפיות דו שכבתי,שופרסל,IL,מפיות דו שכבתי,יחידה,1.00,יחידה,false,0,6.90,6.90,true,1,
7296073033752,false,שמן קנולה שופרסל 1 ליטר,NV AOR,BE,שמן קנולה 1 ל',ליטרים,1.00,ליטר,false,0,6.90,6.90,true,1,
7296073036500,false,שמן קנולה שופרסל 3 ל',NV AOR,BE,שמן קנולה 3 ל',ליטרים,3.00,ליטר,false,0,19.90,6.63,true,1,
7296073048954,false,"אורז ריזוטו שופרסל 1 ק""ג",מיה,IL,אורז ריזוטו,קילוגרמים,1.00,"ק""ג",false,0,7.50,7.50,true,1,
7296073048978,false,קרוטונים לסלט שופרסל400ג,שופרסל,IL,קרוטונים לסלט,גרמים,400.00,100 גרם,false,0,15.10,3.78,true,1,
7296073048992,false,פסטרמה בדבש שופרסל 300גר,מעדני יחיעם,IL,פסטרמה בדבש,גרמים,300.00,100 גרם,false,0,19.90,6.63,true,1,
7296073049029,false,כתף בקר שופרסל 300 גרם,מעדני יחיעם,IL,כתף בקר,גרמים,300.00,100 גרם,false,0,29.60,9.87,true,1,
7296073049043,false,פסטרמה ברבקיו שופרסל300ג,שופרסל,IL,פסטרמה ברבקיו,גרמים,300.00,100 גרם,false,0,19.90,6.63,true,1,
7296073049050,false,פסטרמה רומנית שופרסל300ג,שופרסל,IL,פסטרמה רומנית,גרמים,300.00,100 גרם,false,0,26.90,8.97,true,1,
7296073049074,false,סלמי קוניאק שופרסל 300גר,שופרסל,IL,סלמי קוניאק,גרמים,300.00,100 גרם,false,0,21.70,7.23,true,1,
7296073049135,false,אטריות ביצים דקות שופ200,שיבולים בני דרום,IL,אטריות ביצים,גרמים,200.00,100 גרם,false,0,6.80,3.40,true,1,
7296073053743,false,פסטה קונקיליוני39 שופרסל,שופרסל,IT,פסטה קונקיליוני,גרמים,500.00,100 גרם,false,0,4.90,0.98,true,1,
7296073053767,false,דפי לזניה שופרסל 500 גרם,שופרסל,IT,דפי לזניה,גרמים,500.00,100 גרם,false,0,12.80,2.56,true,1,
7296073057604,false,מפת שולחן דמוי בד זוג 2,שופרסל,IL,מפת שולחן זוג,יחידה,1.00,יחידה,false,0,9.90,9.90,true,1,
7296073059059,false,ברנפלקס שופרסל 500 גרם,שופרסל,DE,ברנפלקס שופרסל,גרמים,500.00,100 גרם,false,0,16.80,3.36,true,1,
7296073059097,false,25 מגבונים להסרת איפור,שופרסל,IL,מגבונים לאיפור,יחידה,1.00,יחידה,false,0,9.90,9.90,true,1,
7296073059615,false,קרוטונים לסלט שופרסל250ג,שופרסל,IL,קרוטונים לסלט,גרמים,250.00,100 גרם,false,0,6.90,2.76,true,1,
7296073059691,false,"50 צלחות גדול ח""פ שופרסל",שופרסל,IL,"צלחות ח""פ גדולות",יחידה,1.00,יחידה,false,0,9.90,9.90,true,1,
7296073059707,false,"צלחות קטנות ח""פ שופרסל 5",שופרסל,IL,"צלחות קטנות ח""פ",יחידה,1.00,יחידה,false,0,7.90,7.90,true,1,
7296073059745,false,"לפתניות ח""פ שופרסל 50 יח",שופרסל,IL,"לפתניות ח""פ",יחידה,1.00,יחידה,false,0,7.90,7.90,true,1,
7296073059868,false,טחינה מתובלת שופרסל 500ג,רושדי תעשיות מזון,IL,טחינה מתובלת,גרמים,500.00,100 גרם,false,0,14.80,2.96,true,1,
7296073064367,false,"בורקס תפו""א שופרסל 800 ג",שופרסל,IL,"800 בורקס תפו""א",גרמים,800.00,100 גרם,false,0,13.80,1.73,true,1,
7296073066354,false,חטיפי חלווה שופרסל 250 ג,"אחדות בע""מ א.ת. ברקן",IL,חטיפי חלווה,גרמים,250.00,100 גרם,false,0,9.70,3.88,true,1,
7296073074434,false,פתי בר גדול שופרסל500גרם,שופרסל,IL,פתי בר שופרסל,גרמים,500.00,100 גרם,false,0,8.90,1.78,true,1,
7296073074533,false,חומץ טבעי 5% שופרסל 1 ל,שופרסל,IL,חומץ טבעי,ליטרים,1.00,ליטר,false,0,5.90,5.90,true,1,
7296073074649,false,קנלוני שופרסל 250 גרם,שופרסל,IT,קנלוני שופרסל,גרמים,250.00,100 גרם,false,0,8.80,3.52,true,1,
7296073078555,false,בצק עלים שופרסל 1קג,שופרסל,IL,בצק עלים 1קג,קילוגרמים,1.00,"ק""ג",false,0,13.80,13.80,true,1,
7296073078579,false,דבש טבעי שופרסל 350 גרם,שופרסל,IL,דבש טבעי,גרמים,350.00,100 גרם,false,0,16.40,4.69,true,1,
7296073078586,false,דבש טבעי שופרסל צנצ500גר,שופרסל,IL,דבש טבעי שופרסל,גרמים,500.00,100 גרם,false,0,22.80,4.56,true,1,
7296073078821,false,4 כריות יפניות שופרסל,פלסטו פוליש,IL,כריות יפניות,יחידה,1.00,יחידה,false,0,7.70,7.70,true,1,
7296073078838,false,6 כריות יפניות שופרסל,פלסטו פוליש,IL,כריות יפניות,יחידה,1.00,יחידה,false,0,8.80,8.80,true,1,
7296073078883,false,9 מטליות ניקוי כללי שופר,שופרסל,IL,מטליות ניקוי 9יח,יחידה,1.00,יחידה,false,0,8.80,8.80,true,1,
7296073078890,false,15מטליות ניקוי כללי שופר,שופרסל,,מטליות לניקוי,יחידה,1.00,יחידה,false,0,13.80,13.80,true,1,
7296073078982,false,פריכ.אורז 5דגנים שופר100,שופרסל,IL,פריכיות אורז,גרמים,100.00,100 גרם,false,0,5.90,5.90,true,1,
7296073079002,false,פריכ.דקות אורז מלא ש100.,שופרסל,IL,פריכיות דקות,גרמים,100.00,100 גרם,false,0,6.40,6.40,true,1,
7296073079040,false,פריכיות זעתר שופרסל 50גר,שופרסל,IL,פריכיות אורז,גרמים,50.00,100 גרם,false,0,6.90,13.80,true,1,
7296073079057,false,פריכיות מעושן שופרסל50גר,שופרסל,IL,פריכיות שופרסל,גרמים,50.00,100 גרם,false,0,6.90,13.80,true,1,
7296073079354,false,72 מגבונים שופרסל רפיל,שופרסל,IL,מגבונים שופרסל,יחידה,1.00,יחידה,false,0,5.90,5.90,true,1,
7296073079361,false,מגבונים לחים שופר72*6יח,שופרסל,IL,מגבונים לחים 6יח,יחידה,1.00,יחידה,false,0,22.90,22.90,true,1,
7296073079866,false,עגבניות מרוסקות שופר800ג,פריניר,IL,עגבניות מרוסקות,גרמים,800.00,100 גרם,false,0,5.90,0.74,true,1,
7296073079873,false,רכז עגבניות 28%שופר580ג,פריניר,IL,רכז עגבניות 28%,גרמים,580.00,100 גרם,false,0,5.90,1.02,true,1,
7296073079880,false,רסק עגבניות 22%שופר570ג,פריניר,IL,רסק עגבניות,גרמים,570.00,100 גרם,false,0,5.40,0.95,true,1,
7296073079903,false,רסק עגבניות 22%שופר100ג,פריניר,IL,רסק עגבניות,גרמים,100.00,100 גרם,false,0,1.70,1.70,true,1,
7296073080237,false,ופלים ט.שוקולד שופרסל1קג,שופרסל,IL,ופלים שוקולד,קילוגרמים,1.00,"ק""ג",false,0,14.80,14.80,true,1,
7296073080343,false,חצאי אפרסק שופרסל 820גרם,Pavlides,GR,לפתן אפרסקים,גרמים,820.00,100 גרם,false,0,6.40,0.78,true,1,
7296073080497,false,שעועית אפויה שופרסל 570ג,פרי גליל,IL,שעועית אפויה,גרמים,570.00,100 גרם,false,0,6.40,1.12,true,1,
7296073080503,false,אפונה גדולה שופרסל550גרם,פרי גליל,IL,אפונה גדולה,גרמים,550.00,100 גרם,false,0,5.40,0.98,true,1,
7296073080510,false,חומוס שלם שופרסל 560 גרם,פרי גליל,IL,חומוס שלם,גרמים,560.00,100 גרם,false,0,5.40,0.96,true,1,
7296073080534,false,תירס מתוק שופרסל 550 גרם,פרי גליל,IL,תירס גרעינים,גרמים,550.00,100 גרם,false,0,5.80,1.05,true,1,
7296073080541,false,אפונה וגזר שופרסל 550 גר,פרי גליל,IL,אפונה וגזר,גרמים,550.00,100 גרם,false,0,5.40,0.98,true,1,
7296073080558,false,תירס לייט שופרסל 550 גרם,פרי גליל,IL,תירס לייט,גרמים,550.00,100 גרם,false,0,6.50,1.18,true,1,
7296073081135,false,בייבי בטטה,קטיף,IL,בייבי בטטה,יחידה,1.00,יחידה,false,0,7.90,7.90,true,1,
7296073081241,false,בייגל.שמיניו.מלוח שופ400,שופרסל,IL,בייגלה שמיניות,גרמים,400.00,100 גרם,false,0,8.80,2.20,true,1,
7296073081449,false,פירורי לחם מוזהב שופר200,שופרסל,IL,פירורי לחם,גרמים,200.00,100 גרם,false,0,5.50,2.75,true,1,
7296073081456,false,פירורי לחם לבן שופרסל200,שופרסל,IL,פירורי לחם לבן,גרמים,200.00,100 גרם,false,0,4.70,2.35,true,1,
7296073081470,false,ציפוי לשניצל שום שופר400,שופרסל,IL,ציפוי לשניצל,גרמים,400.00,100 גרם,false,0,7.70,1.93,true,1,
7296073081487,false,ציפוי לשניצל פיקנטי 400ג,שופרסל,IL,ציפוי לשניצל,גרמים,400.00,100 גרם,false,0,7.70,1.93,true,1,
7296073081548,false,צמר גפן רפואי שופרסל100ג,שופרסל,IL,צמר גפן רפואי,גרמים,100.00,100 גרם,false,0,5.90,5.90,true,1,
7296073081555,false,צמר גפן גלי שופרסל 100X2,שופרסל,IL,צמר גפן גלי,גרמים,200.00,100 גרם,false,0,11.70,5.85,true,1,
7296073083771,false,פירורי לחם מתובל.שופר200,שופרסל,IL,פירורי לחם,גרמים,200.00,100 גרם,false,0,5.20,2.60,true,1,
7296073087175,false,ריבת תות שופרסל 370 גרם,LTD 99 CIMA,BG,ריבת תות שדה,גרמים,370.00,100 גרם,false,0,9.00,2.43,true,1,
7296073087243,false,קונפ.דובדבנים שופרסל370ג,LTD 99 CIMA,BG,קונפ.דובדבנים,גרמים,370.00,100 גרם,false,0,11.80,3.19,true,1,
7296073087274,false,קונפ.שזיפים שופרסל 370גר,LTD 99 CIMA,BG,קונפיט.שזיפים,גרמים,370.00,100 גרם,false,0,11.80,3.19,true,1,
7296073087281,false,קונפ.תות שדה שופרסל 370ג,LTD 99 CIMA,BG,קונפיטורת תות,גרמים,370.00,100 גרם,false,0,11.80,3.19,true,1,
7296073087298,false,קונפ.מישמש שופרסל 370 גר,LTD 99 CIMA,BG,קונפיטורה מישמש,גרמים,370.00,100 גרם,false,0,11.80,3.19,true,1,
7296073087441,false,טונה בשמן שופרסל 160 גרם,תעשיות פילטונה,IL,טונה בשמן,גרמים,160.00,100 גרם,false,0,6.20,3.88,true,1,
7296073087458,false,טונה במי מלח שופרסל160גר,תעשיות פילטונה,IL,טונה במי מלח,גרמים,160.00,100 גרם,false,0,6.20,3.88,true,1,
7296073087472,false,טונה בשמן שופרסל 160*4גר,תעשיות פילטונה,IL,טונה בשמן 4 יח,גרמים,640.00,100 גרם,false,0,19.90,3.11,true,1,
7296073090502,false,צמר פלדה שופרסל 350 גרם,פלסטו פוליש,IL,צמר פלדה,גרמים,350.00,100 גרם,false,0,12.40,3.54,true,1,
7296073090557,false,24מגבונים סמרט קלין,שופרסל,IL,מגבוני סמרט קלין,יחידה,1.00,יחידה,false,0,11.80,11.80,true,1,
7296073091134,false,שמן זית כתית מעולה750מ,שופרסל,IL,שמן זית כתית,מיליליטרים,750.00,"100 מ""ל",false,0,24.90,3.32,true,1,
7296073091189,false,פופקורן למיקרו ט.חמאה600,שופרסל,IL,פופקורן למיקרו,גרמים,600.00,100 גרם,false,0,13.50,2.25,true,1,
7296073091226,false,פופקורן גרעינים שופר1.קג,מיה,IL,פופקורן גרעינים,קילוגרמים,1.00,"ק""ג",false,0,8.80,8.80,true,1,
7296073091394,false,גרעין לבן קלוי400גשופרסל,ששון,IL,גרעין לבן קלוי,גרמים,400.00,100 גרם,false,0,20.90,5.23,true,1,
7296073091417,false,בוטן קלוי בקליפה400שופרס,ששון,IL,בוטן קלוי בקליפה,גרמים,400.00,100 גרם,false,0,15.80,3.95,true,1,
7296073091462,false,פיסטוק קלוי200ג שופרסל,ששון,IL,פיסטוק חלבי קלוי,גרמים,200.00,100 גרם,false,0,24.90,12.45,true,1,
7296073091479,false,שקד קלוף קלוי200ג שופרסל,ששון,IL,שקד קלוף קלוי,גרמים,200.00,100 גרם,false,0,22.70,11.35,true,1,
7296073091486,false,אגוז קשיו קלוי200גשופרסל,ששון,IL,אגוז קשיו קלוי,גרמים,200.00,100 גרם,false,0,19.90,9.95,true,1,
7296073091493,false,גרעין שחור קלוי200גשופרס,ששון,IL,גרעין שחור קלוי,גרמים,200.00,100 גרם,false,0,6.80,3.40,true,1,
7296073091530,false,שזיף מיובש400גרם שופרסל,ששון,IL,שזיף מיובש,גרמים,400.00,100 גרם,false,0,22.90,5.73,true,1,
7296073091547,false,צימוק בהיר400ג שופרסל,ששון,IL,צימוק בהיר,גרמים,400.00,100 גרם,false,0,20.90,5.23,true,1,
7296073091554,false,צימוק כהה 400 גרם,ששון,IL,צימוק כהה,גרמים,400.00,100 גרם,false,0,17.90,4.48,true,1,
7296073091585,false,שקד קלוף טבעי200ג שופרסל,ששון,IL,שקד קלוף טבעי,גרמים,200.00,100 גרם,false,0,23.90,11.95,true,1,
7296073091608,false,קשיו טבעי 200ג שופרסל,ששון,IL,אגוזי קשיו טבעי,גרמים,200.00,100 גרם,false,0,21.90,10.95,true,1,
7296073091622,false,אגוז ברזיל טבעי 200גשופר,ששון,IL,אגוז ברזיל טבעי,גרמים,200.00,100 גרם,false,0,21.70,10.85,true,1,
7296073091646,false,צנובר 100 גרם שופרסל,ששון,IL,צנובר 100גרם,גרמים,100.00,100 גרם,false,0,26.70,26.70,true,1,
7296073091653,false,בננה צ'יפס 250ג שופרסל,ששון,IL,בננה צ'יפס,גרמים,250.00,100 גרם,false,0,11.90,4.76,true,1,
7296073091677,false,חמוציות 250גרם שופרסל,ששון,IL,חמוציות 250גרם,גרמים,250.00,100 גרם,false,0,15.90,6.36,true,1,
7296073093213,false,אבקת שוקו שופרסל 500 גרם,שופרסל,IL,אבקת שוקו,גרמים,500.00,100 גרם,false,0,10.80,2.16,true,1,
7296073094197,false,שעווה טבעית שופר.פח 500ג,שופרסל,IL,שעווה דבש טבעית,גרמים,500.00,100 גרם,false,0,17.60,3.52,true,1,
7296073094753,false,חלווה וניל שופרסל 500 גר,"אחדות בע""מ א.ת. ברקן",IL,חלווה וניל,גרמים,500.00,100 גרם,false,0,12.20,2.44,true,1,
7296073094760,false,טונה במי מלח שופרסל160*4,תעשיות פילטונה,IL,טונה במי מלח 4יח,גרמים,640.00,100 גרם,false,0,19.90,3.11,true,1,
7296073095439,false,16 כוסות קפה+מכסה שופרסל,שופרסל,IL,כוסות קפה 16יח',יחידה,1.00,יחידה,false,0,11.90,11.90,true,1,
7296073095446,false,דפי שעווה שופרסל 50 יח',שופרסל,IL,דפי שעווה שופרסל,יחידה,1.00,יחידה,false,0,14.90,14.90,true,1,
7296073095552,false,מסיר לק כחול שופרסל150מל,שופרסל,IL,מסיר לק כחול,מיליליטרים,150.00,"100 מ""ל",false,0,7.80,5.20,true,1,
7296073098270,false,אפונה וגזר מוקפא שופרסל,פרי גליל,IL,אפונה וגזר 800,גרמים,800.00,100 גרם,false,0,13.80,1.73,true,1,
7296073098287,false,לקט בורגונדי שופרסל 800,פרי גליל,IL,לקט בורגונדי,גרמים,800.00,100 גרם,false,0,17.80,2.23,true,1,
7296073098294,false,ברוקולי מוקפא שופרסל 800,פרי גליל,IL,ברוקולי 800 גר,גרמים,800.00,100 גרם,false,0,22.70,2.84,true,1,
7296073103844,false,תפוח אדמה למיקרו,קטיף,IL,תפוח אדמה למיקרו,יחידה,1.00,יחידה,false,0,5.50,5.50,true,1,
7296073106074,false,טליאטלה שופרסל 500 גרם,שופרסל,IT,פסטה טליאטלה,גרמים,500.00,100 גרם,false,0,9.80,1.96,true,1,
7296073106081,false,טריקולור פרפלה שופר500.ג,שופרסל,IT,טריקולור פרפלה,גרמים,500.00,100 גרם,false,0,6.80,1.36,true,1,
7296073107408,false,גרנולה שוקו.פקאן שופר400,שופרסל,IL,גרנולה שוקולד,גרמים,400.00,100 גרם,false,0,13.90,3.48,true,1,
7296073107828,false,שמן סויה שופרסל 1 ליטר,שופרסל,,שמן סויה,ליטרים,1.00,ליטר,false,0,6.90,6.90,true,1,
7296073107989,false,גרעיני תירס שופרסל 800 ג,פרי גליל,IL,גרעיני תירס,גרמים,800.00,100 גרם,false,0,14.80,1.85,true,1,
7296073108061,false,קלחי תירס שופרסל 1 קג,פרי גליל,IL,קלחי תירס 1קג,קילוגרמים,1.00,"ק""ג",false,0,17.70,17.70,true,1,
7296073108085,false,שעועית צהובה חתוכה שופרס,פרי גליל,IL,שעועית צהובה,גרמים,800.00,100 גרם,false,0,15.80,1.98,true,1,
7296073108245,false,עלי תרד שטופים לאכילה,פרסקו,IL,עלי תרד שטופים,גרמים,200.00,100 גרם,false,0,9.00,4.50,true,1,
7296073108252,false,עלי בייבי שטופים לאכילה,פרסקו,IL,עלי בייבי שטופים,גרמים,110.00,100 גרם,false,0,9.50,8.64,true,1,
7296073108269,false,חסה ערבית שטופה לאכילה,פרסקו,IL,חסה ערבית שטופה,גרמים,250.00,100 גרם,false,0,8.90,3.56,true,1,
7296073108306,false,סלט קלאסי שטוף לאכילה,פרסקו,IL,סלט קלאסי שטוף,גרמים,300.00,100 גרם,false,0,13.90,4.63,true,1,
7296073108313,false,סלט קולסלאו שטוף לאכילה,פרסקו,IL,סלט קולסלאו שטוף,גרמים,400.00,100 גרם,false,0,8.00,2.00,true,1,
7296073108320,false,שבבי גזר שטופים לאכילה,פרסקו,IL,שבבי גזר שטופים,גרמים,400.00,100 גרם,false,0,8.00,2.00,true,1,
7296073108344,false,לקט קלאסי שטוף לאכילה,פרסקו,IL,לקט קלאסי שטוף,גרמים,350.00,100 גרם,false,0,9.90,2.83,true,1,
7296073108351,false,חסה אייסברג שטופה לאכילה,פרסקו,IL,חסה אייסברג שטוף,גרמים,300.00,100 גרם,false,0,9.90,3.30,true,1,
7296073108368,false,לקט הגינה שטוף לאכילה,פרסקו,IL,לקט הגינה שטוף,גרמים,300.00,100 גרם,false,0,9.90,3.30,true,1,
7296073108375,false,כרוב לבן שטוף לאכילה,פרסקו,IL,כרוב לבן שטוף,גרמים,400.00,100 גרם,false,0,8.00,2.00,true,1,
7296073108443,false,"קמח מלא שופרסל 1 ק""ג",שופרסל,IL,קמח חיטה מלא,קילוגרמים,1.00,"ק""ג",false,0,6.00,6.00,true,1,
7296073108467,false,תבניות מאורכות שופרסל 5,שופרסל,IL,תבניות 5 יח',יחידה,1.00,יחידה,false,0,6.90,6.90,true,1,
7296073108474,false,תבניות עם מכסה שופרסל 4,שופרסל,IL,תבניות עם מכסה,יחידה,1.00,יחידה,false,0,9.90,9.90,true,1,
7296073108481,false,תבניות קטנות+מכסה שופרסל,שופרסל,IL,תבניות עם מכסה,יחידה,1.00,יחידה,false,0,7.90,7.90,true,1,
7296073108498,false,תבניות עגולות שופרסל 5 י,שופרסל,IL,תבניות עגולות,יחידה,1.00,יחידה,false,0,9.90,9.90,true,1,
7296073108504,false,תבניות גדולות שופרסל 5 י,שופרסל,IL,תבניות גדולות,יחידה,1.00,יחידה,false,0,9.90,9.90,true,1,
7296073108573,false,קרם קרקר שופרסל 230 גרם,מגדנית הדר,IL,קרם קרקר,גרמים,230.00,100 גרם,false,0,7.50,3.26,true,1,
7296073108610,false,קרקר ח.מלאה+שומש.שופר240,מגדנית הדר,IL,קרקר חיטה מלאה,גרמים,240.00,100 גרם,false,0,7.50,3.13,true,1,
7296073109105,false,תירוש ענבים טבעי 1 ליטר*,הכורמים,IL,תירוש ענבים,ליטרים,1.00,ליטר,false,0,15.90,15.90,true,1,
7296073109822,false,תמר מג'הול 400ג שופרסל,הדיקלאים,IL,תמר מג'הול 400ג,גרמים,400.00,100 גרם,false,0,16.90,4.23,true,1,
7296073112396,false,100צמרונים פלסטיק שופרסל,שופרסל,IL,צמרונים פלסטיק,יחידה,1.00,יחידה,false,0,2.00,2.00,true,1,
7296073112402,false,300צמרונים קופ.פטנט שופר,שופרסל,IL,מקלוני צמר גפן,יחידה,1.00,יחידה,false,0,10.10,10.10,true,1,
7296073112419,false,65 צמרונים לתינוק שופרסל,שופרסל,IL,צמרונים לתינוק,יחידה,1.00,יחידה,false,0,5.90,5.90,true,1,
7296073112426,false,צמרונים שופרסל 200 יח',שופרסל,IL,מקלוני צמר גפן,יחידה,1.00,יחידה,false,0,5.30,5.30,true,1,
7296073112457,false,קוסקוס חיטה מלא.שופר350ג,אסיף תעשיות מזון,IL,קוסקוס,גרמים,350.00,100 גרם,false,0,5.70,1.63,true,1,
7296073112464,false,פוזילי חיטה מלא.שופר500ג,שופרסל,IT,פוזילי שופרסל,גרמים,500.00,100 גרם,false,0,7.50,1.50,true,1,
7296073112471,false,ספגטי חיטה מלאה שופר500ג,שופרסל,IT,ספגטי שופרסל,גרמים,500.00,100 גרם,false,0,7.50,1.50,true,1,
7296073112617,false,6 ספוג.לניקוי מופלא שופר,שופרסל,DE,6 ספוג.לניקוי מופלא שופר,יחידה,1.00,יחידה,false,0,8.80,8.80,true,1,
7296073113256,false,חרדל דיז'ון שופרסל 370גר,שופרסל,FR,חרדל דיז'ון,גרמים,370.00,100 גרם,false,0,8.30,2.24,true,1,
7296073113263,false,חרדל צרפתי שופרסל 370גרם,שופרסל,FR,חרדל צרפתי,גרמים,370.00,100 גרם,false,0,6.50,1.76,true,1,
7296073115717,false,סודה לשתיה שופרסל 50 גרם,שופרסל,,סודה לשתיה,גרמים,50.00,100 גרם,false,0,2.10,4.20,true,1,
7296073115724,false,אבקת אפיה שופרסל 10X10גר,שופרסל,IL,אבקת אפיה 10יח,גרמים,100.00,100 גרם,false,0,3.00,3.00,true,1,
7296073115731,false,אבקת סוכר שופרסל 100 גרם,שופרסל,IL,אבקת סוכר,גרמים,100.00,100 גרם,false,0,1.80,1.80,true,1,
7296073115748,false,סוכר וניל שופרסל 10X10גר,שופרסל,IL,סוכר וניל 10יח,גרמים,100.00,100 גרם,false,0,2.50,2.50,true,1,
7296073115755,false,קורנפלור שופרסל 500 גרם,שופרסל,,קורנפלור,גרמים,500.00,100 גרם,false,0,4.90,0.98,true,1,
7296073115762,false,קורנפלור שופרסל 200 גרם,שופרסל,IL,קורנפלור,גרמים,200.00,100 גרם,false,0,3.50,1.75,true,1,
7296073116783,false,שומשום שופרסל 100 גרם,מיה,IL,שומשום שופרסל,גרמים,100.00,100 גרם,false,0,3.50,3.50,true,1,
7296073116806,false,שמן סויה שופרסל 3 ליטר,שופרסל,,שמן סויה,ליטרים,3.00,ליטר,false,0,20.40,6.80,true,1,
7296073116813,false,קמח תירס שופרסל 400 גרם,מיה,IL,קמח תירס,גרמים,400.00,100 גרם,false,0,5.50,1.38,true,1,
7296073116820,false,"קמח תפו""א שופרסל 500 גרם",מיה,IL,"קמח תפו""א",גרמים,500.00,100 גרם,false,0,6.00,1.20,true,1,
7296073116837,false,קוואקר שופרסל 500 גרם,שופרסל,DE,קוואקר שופרסל,גרמים,500.00,100 גרם,false,0,9.60,1.92,true,1,
7296073117094,false,שוק.צ'יפס מריר שופרסל300,אופנהיימר,IL,שוקולד צ'יפס,גרמים,300.00,100 גרם,false,0,9.80,3.27,true,1,
7296073117643,false,זוג כפפות גומי L שופרסל,שופרסל,CN,כפפות גומי,יחידה,1.00,יחידה,false,0,7.80,7.80,true,1,
7296073117865,false,טבעות זיתים מושחר 560 גר,שופרסל,IL,טבעות זיתים,גרמים,560.00,100 גרם,false,0,8.20,1.46,true,1,
7296073117872,false,חרוזי זיתים מושחר שופ560,שופרסל,IL,חרוזי זיתים,גרמים,540.00,100 גרם,false,0,7.60,1.41,true,1,
7296073118770,false,עלי בייבי שטופים לאכילה,פרסקו,IL,עלי בייבי שטופים,גרמים,300.00,100 גרם,false,0,12.90,4.30,true,1,
7296073118787,false,תע'חסה אלון שטופה לאכילה,פרסקו,IL,תער' חסה אלון,גרמים,350.00,100 גרם,false,0,9.90,2.83,true,1,
7296073119456,false,תער'חסה+עלי בייבי שטופים,פרסקו,IL,תער' חסה+ע.בייבי,גרמים,350.00,100 גרם,false,0,9.90,2.83,true,1,
7296073120018,false,100 נרות חימום בלוק,שופרסל,IL,נרות חימום,יחידה,1.00,יחידה,false,0,19.70,19.70,true,1,
7296073121176,false,תמר חלאוי 400ג שופרסל,הדיקלאים,IL,תמר חלאוי400גרם,גרמים,400.00,100 גרם,false,0,12.90,3.23,true,1,
7296073121183,false,תמר דקל נור 400ג שופרסל,הדיקלאים,IL,תמר דקל נור 400ג,גרמים,400.00,100 גרם,false,0,12.90,3.23,true,1,
7296073121190,false,תמר אמרי 400גרם שופרסל,הדיקלאים,IL,תמר אמרי 400 גרם,גרמים,400.00,100 גרם,false,0,12.90,3.23,true,1,
7296073121589,false,בייגלה אצבעות שומשום330ג,שופרסל,IL,בייגלה אצבעות,גרמים,330.00,100 גרם,false,0,8.80,2.67,true,1,
7296073122258,false,תערובת אגוזים 200גשופרסל,ששון,IL,תערובת אגוזים,גרמים,200.00,100 גרם,false,0,21.70,10.85,true,1,
7296073122333,false,שקדי מרק בשקית שופר400.ג,שופרסל,IL,שקדי מרק בשקית,גרמים,400.00,100 גרם,false,0,6.90,1.73,true,1,
7296073123712,false,"תמצית רום שופרסל 50 מ""ל",מיה,,תמצית רום,מיליליטרים,50.00,"100 מ""ל",false,0,3.80,7.60,true,1,
7296073123729,false,"תמצית וניל שופרסל 50 מ""ל",מיה,IL,תמצית וניל,מיליליטרים,50.00,"100 מ""ל",false,0,3.80,7.60,true,1,
7296073123972,false,ניוקי קטנים שופרסל500גרם,שופרסל,IT,ניוקי קטנים,גרמים,500.00,100 גרם,false,0,9.80,1.96,true,1,
7296073123996,false,שעועית מש שופרסל 500 גרם,מיה,IL,שעועית מש,גרמים,500.00,100 גרם,false,0,9.80,1.96,true,1,
7296073124016,false,עדשים שחורות שופרסל 500ג,מיה,IL,עדשים שחורות,גרמים,500.00,100 גרם,false,0,8.00,1.60,true,1,
7296073124177,false,שום כתוש צנצנת שופרסל200,שופרסל,IL,שום כתוש,גרמים,200.00,100 גרם,false,0,11.90,5.95,true,1,
7296073124375,false,פירורי לחם חיטה מלאה200ג,שופרסל,IL,פירורי לחם,גרמים,200.00,100 גרם,false,0,5.90,2.95,true,1,
7296073124382,false,ספגטיני מספר 3 שופרסל500,שופרסל,IT,ספגטיני מס' 3,גרמים,500.00,100 גרם,false,0,4.90,0.98,true,1,
7296073124399,false,ספגטי מספר 5 שופרסל 500ג,שופרסל,IT,ספגטי מס' 5,גרמים,500.00,100 גרם,false,0,4.90,0.98,true,1,
7296073125303,false,מלפפונים בחומץ 7-9 540גר,שופרסל,,מלפפונים בחומץ,גרמים,540.00,100 גרם,false,0,5.30,0.98,true,1,
7296073125327,false,מלפפונים בחומץ10-12 540ג,שופרסל,IL,מלפפונים בחומץ,גרמים,540.00,100 גרם,false,0,5.90,1.09,true,1,
7296073125334,false,מלפפונים בחומץ13-17 540ג,שופרסל,IL,מלפפונים בחומץ,גרמים,540.00,100 גרם,false,0,8.40,1.56,true,1,
7296073125341,false,מלפפונים בחומץ18-25 540ג,שופרסל,IL,מלפפונים בחומץ,גרמים,540.00,100 גרם,false,0,9.40,1.74,true,1,
7296073125358,false,מלפפ.במלח7-9שופר560ג%20+,שופרסל,IL,מלפפונים במלח,גרמים,650.00,100 גרם,false,0,5.30,0.82,true,1,
7296073125525,false,עוגות אישיות קרם שוקו350,שופרסל,IT,עוגות אישיות,גרמים,350.00,100 גרם,false,0,15.90,4.54,true,1,
7296073125532,false,עוגות אישיות ק.חלב350גרם,שופרסל,IT,עוגות אישיות,גרמים,350.00,100 גרם,false,0,15.90,4.54,true,1,
7296073125822,false,שמן חמניות שופרסל 1 ליטר,NV AOR,BE,שמן חמניות,ליטרים,1.00,ליטר,false,0,12.50,12.50,true,1,
7296073125884,false,שמן סויה שופרסל 1 ליטר,NV AOR,BE,שמן סויה,ליטרים,1.00,ליטר,false,0,6.90,6.90,true,1,
7296073125952,false,"אורז יסמין שופרסל 1 ק""ג",ltd co produce Uthai,TH,אורז יסמין,קילוגרמים,1.00,"ק""ג",false,0,9.80,9.80,true,1,
7296073128229,false,מעדן תות שדה שופרסל284גר,LTD 99 CIMA,BG,מעדן תות שדה,גרמים,284.00,100 גרם,false,0,12.80,4.51,true,1,
7296073128236,false,מעדן מישמש שופרסל 284 גר,LTD 99 CIMA,BG,מעדן מישמש,גרמים,284.00,100 גרם,false,0,12.80,4.51,true,1,
7296073128243,false,מעדן דובדבנים שופרסל284ג,LTD 99 CIMA,BG,מעדן דובדבנים,גרמים,284.00,100 גרם,false,0,12.80,4.51,true,1,
7296073128250,false,מעדן אוכמניות כחולות284ג,LTD 99 CIMA,BG,מעדן אוכמניות,גרמים,284.00,100 גרם,false,0,12.80,4.51,true,1,
7296073128267,false,מעדן פירות אדומ.שופר284ג,LTD 99 CIMA,BG,מעדן פירות אדומ.,גרמים,284.00,100 גרם,false,0,12.80,4.51,true,1,
7296073129431,false,פתיתים קוסקוס שופרסל500ג,אסיף תעשיות מזון,IL,פתיתים קוסקוס,גרמים,500.00,100 גרם,false,0,4.90,0.98,true,1,
7296073129448,false,פתיתים טבעות שופרסל500גר,אסיף תעשיות מזון,IL,פתיתים טבעות,גרמים,500.00,100 גרם,false,0,4.90,0.98,true,1,
7296073129455,false,פתיתים אורז שופרסל 500גר,אסיף תעשיות מזון,IL,פתיתים אורז,גרמים,500.00,100 גרם,false,0,4.90,0.98,true,1,
7296073129462,false,פתיתים לבבות שופרסל500גר,אסיף תעשיות מזון,IL,פתיתים לבבות,גרמים,500.00,100 גרם,false,0,4.90,0.98,true,1,
7296073129479,false,פתיתים כוכבים שופרסל500ג,אסיף תעשיות מזון,IL,פתיתים כוכבים,גרמים,500.00,100 גרם,false,0,4.90,0.98,true,1,
7296073129486,false,פתיתים קמח מלא שופרסל500,אסיף תעשיות מזון,IL,פתיתים קמח מלא,גרמים,500.00,100 גרם,false,0,5.90,1.18,true,1,
7296073129516,false,נר נשמה 24 שעות שופרסל,שופרסל,IL,נר נשמה,יחידה,1.00,יחידה,false,0,2.00,2.00,true,1,
7296073129523,false,נר נשמה שבועי שופרסל,שופרסל,IL,נר נשמה שבועי,יחידה,1.00,יחידה,false,0,9.90,9.90,true,1,
7296073129530,false,נרות חימום בשקית 50 יח',שופרסל,IL,נרות חימום,יחידה,1.00,יחידה,false,0,9.90,9.90,true,1,
7296073129547,false,קנולה כבישה קרה שופרסל1ל,NV AOR,BE,שמן קנולה,ליטרים,1.00,ליטר,false,0,13.10,13.10,true,1,
7296073132165,false,ממרח קרם קקאו+אגוזים350ג,שופרסל,IT,ממרח קרם קקאו,גרמים,350.00,100 גרם,false,0,9.80,2.80,true,1,
7296073132400,false,"מיץ לימון שופרסל 500 מ""ל",סי פרווידר,IT,מיץ לימון,מיליליטרים,500.00,"100 מ""ל",false,0,7.80,1.56,true,1,
7296073132448,false,שמן תירס שופרסל 1 ליטר,NV AOR,BE,שמן תירס שופרסל,ליטרים,1.00,ליטר,false,0,13.00,13.00,true,1,
7296073132479,false,לבבות דקל שלמים שופר400ג,אינדוסטריה אגריקולה,EC,לבבות דקל שלמים,גרמים,400.00,100 גרם,false,0,8.50,2.13,true,1,
7296073132806,false,חרוזי זיתים שופרסל560גרם,קבוצת יבנה,IL,חרוזי זיתים,גרמים,560.00,100 גרם,false,0,8.30,1.48,true,1,
7296073132820,false,סלק בואקום 500 גרם,שופרסל,XX,סלק בואקום 500ג,גרמים,500.00,100 גרם,false,0,8.00,1.60,true,1,
7296073132943,false,עוגת מאפין שוק.שופרסל400,גידרון,IL,עוגת מאפין,גרמים,400.00,100 גרם,false,0,9.90,2.48,true,1,
7296073132950,false,עוגת מאפין וניל שופר400ג,גידרון,IL,עוגת מאפין,גרמים,400.00,100 גרם,false,0,9.90,2.48,true,1,
7296073132967,false,מגבוני אף לתינוק 30 יח',שופרסל,IL,מגבוני אף לתינוק,יחידה,1.00,יחידה,false,0,8.00,8.00,true,1,
7296073132998,false,25צלחות קטנות לבן שופרסל,שופרסל,IL,צלחות קטנות,יחידה,1.00,יחידה,false,0,9.90,9.90,true,1,
7296073133001,false,קעריות מרק לבן שופרסל 25,שופרסל,,קעריות מרק,יחידה,1.00,יחידה,false,0,9.90,9.90,true,1,
7296073133070,false,צלחות קטנות קרם שופרסל 2,שופרסל,IL,צלחות קטנות,יחידה,1.00,יחידה,false,0,9.90,9.90,true,1,
7296073133087,false,קעריות מרק קרם שופרסל 25,שופרסל,IL,קעריות מרק,יחידה,1.00,יחידה,false,0,9.90,9.90,true,1,
7296073133131,false,"מלח למדיח שופרסל 2 ק""ג",מלח הארץ אילת,IL,מלח למדיח שופרסל,קילוגרמים,2.00,"ק""ג",false,0,10.80,5.40,true,1,
7296073134459,false,קרקר סגנ.שוודי שופרסל300,שופרסל,,קרקר שוודי,גרמים,300.00,100 גרם,false,0,12.80,4.27,true,1,
7296073134534,false,קפה טורקי שופרסל 100 גרם,שופרסל,IL,קפה טורקי שופרסל,גרמים,100.00,100 גרם,false,0,5.00,5.00,true,1,
7296073134879,false,"משק""ל תפוזים שופרסל 1.5ל",שופרסל,IL,משקה קל תפוזים,ליטרים,1.50,ליטר,false,0,4.90,3.27,true,1,
7296073134886,false,"משק""ל אשכוליות שופרסל1.5",שופרסל,IL,משקה קל אשכוליות,ליטרים,1.50,ליטר,false,0,4.90,3.27,true,1,
7296073140184,false,עוגת מאפין תפוז שופר400ג,גידרון,IL,עוגת מאפין תפוז,גרמים,400.00,100 גרם,false,0,9.90,2.48,true,1,
7296073140672,false,ממרח קרם קקאו שופרסל750ג,שופרסל,,ממרח קרם קקאו,גרמים,750.00,100 גרם,false,0,18.70,2.49,true,1,
7296073141006,false,24 תחבושות סופר+ שופרסל,שופרסל,DE,תחבושות שופרסל,יחידה,1.00,יחידה,false,0,11.80,11.80,true,1,
7296073141082,false,נרות חימום בשקית,,IL,נרות חימום בשקית,יחידה,1.00,יחידה,false,0,19.60,19.60,true,1,
7296073141143,false,שוקולד חלב שופרסל100 גרם,שופרסל,CH,שוקולד חלב,גרמים,100.00,100 גרם,false,0,5.00,5.00,true,1,
7296073141150,false,שוקולד מריר שוויצרי100ג,שופרסל,CH,שוקולד מריר,גרמים,100.00,100 גרם,false,0,5.00,5.00,true,1,
7296073142041,false,גביעי גלידה שופרסל 24יח',גילרו,IL,גביעי גלידה,גרמים,120.00,100 גרם,false,0,6.90,5.75,true,1,
7296073143437,false,"ברנפלקס ללת""ס שופרסל 500",שופרסל,,"ברנפלקס ללת""ס",גרמים,500.00,100 גרם,false,0,16.80,3.36,true,1,
7296073143758,false,עוגת בראוניס שופרסל400גר,גידרון,IL,עוגת בראוניס,גרמים,400.00,100 גרם,false,0,13.80,3.45,true,1,
7296073146933,false,שוק.אוורירי מריר שופר100,שופרסל,CH,שוקולד אוורירי,גרמים,100.00,100 גרם,false,0,5.00,5.00,true,1,
7296073146940,false,שוק.אוורירי חלב שופר100ג,שופרסל,CH,שוקולד אוורירי,גרמים,100.00,100 גרם,false,0,5.00,5.00,true,1,
7296073146957,false,שוק.חלב שברי אגוז שופ100,שופרסל,CH,שוקולד חלב אגוז,גרמים,100.00,100 גרם,false,0,5.00,5.00,true,1,
7296073150435,false,תערובת לעוגה,,,תערובת לעוגה,גרמים,560.00,100 גרם,false,0,10.00,1.79,true,1,
7296073150527,false,קורנפלקס שופרסל 750 גרם,שופרסל,,קורנפלקס שופרסל,גרמים,750.00,100 גרם,false,0,10.90,1.45,true,1,
7296073150756,false,שוקולד אגוזים3יח,,CH,שוקולד אגוזים3יח,גרמים,300.00,100 גרם,false,0,13.80,4.60,true,1,
7296073151470,false,פריכיות קטנות 3דגנים 50ג,שופרסל,IL,פריכיות קטנות,גרמים,50.00,100 גרם,false,0,6.90,13.80,true,1,
7296073151487,false,פריכיות מיני תפוח 50 גרם,שופרסל,IL,פריכיות תפוח,גרמים,50.00,100 גרם,false,0,6.90,13.80,true,1,
7296073151524,false,צנימים שופרסל 320 גרם,שופרסל,IT,צנימים שופרסל,גרמים,320.00,100 גרם,false,0,8.60,2.69,true,1,
7296073151548,false,"מלח בישול שופרסל 1 ק""ג",מלח הארץ אילת,IL,מלח בישול שופרסל,קילוגרמים,1.00,"ק""ג",false,0,1.80,1.80,true,1,
7296073151555,false,"מלח שולחן שופרסל 1 ק""ג",מלח הארץ אילת,IL,מלח שולחן שופרסל,קילוגרמים,1.00,"ק""ג",false,0,1.80,1.80,true,1,
7296073153283,false,מזון לחתול מיקס שופר1.5ק,Tuffy's,IL,מזון לחתולים,קילוגרמים,1.50,"ק""ג",false,0,35.80,23.87,true,1,
7296073153849,false,זוג רדידי אלומינ7.5*0.3מ,שופרסל,IL,זוג רדידי אלומינ,מטרים,15.00,מטר,false,0,9.80,0.65,true,1,
7296073153894,false,ניילון נצמד שופרסל 30*2מ,שופרסל,IL,זוג ניילון נצמד,מטרים,60.00,מטר,false,0,8.80,0.15,true,1,
7296073156604,false,שוק.חלב עם אגוזי לוז100ג,שופרסל,CH,שוקולד+אגוזי לוז,גרמים,100.00,100 גרם,false,0,5.00,5.00,true,1,
7296073156611,false,שוקולד מריר 60% קקאו100ג,שופרסל,,שוקולד מריר 60%,גרמים,100.00,100 גרם,false,0,6.80,6.80,true,1,
7296073156628,false,שוק.מריר+אגוזי לוז 100גר,שופרסל,,שוקולד+אגוזי לוז,גרמים,100.00,100 גרם,false,0,5.00,5.00,true,1,
7296073160663,false,פסטה פוזילי 3 דקות 500 ג,שופרסל,,פסטה פוזילי,גרמים,500.00,100 גרם,false,0,5.90,1.18,true,1,
7296073160670,false,פסטה גנצ'טי 3 דקות 500 ג,שופרסל,,פסטה גנצ'ט'י,גרמים,500.00,100 גרם,false,0,5.90,1.18,true,1,
7296073161493,false,שוק.מריר60%שופרסל 100*2ג,שופרסל,,שוקולד מריר זוג,גרמים,200.00,100 גרם,false,0,11.80,5.90,true,1,
7296073161509,false,שוק.חלב אגוזי לוז100*3גר,שופרסל,CH,שוקולד אגוז 3 יח,גרמים,300.00,100 גרם,false,0,14.90,4.97,true,1,
7296073161516,false,שוק.מריר+אגוזים שלמ100*3,שופרסל,,שוקולד אגוז 3 יח,גרמים,300.00,100 גרם,false,0,14.90,4.97,true,1,
7296073161783,false,קבוקים שומשום400ג שופרסל,שופרסל,CN,קבוקים עם שומשום,גרמים,400.00,100 גרם,false,0,14.90,3.73,true,1,
7296073161981,false,עוג.מילוי קרם שוק.שופ150,שופרסל,,עוגיות קרם שוקו,גרמים,150.00,100 גרם,false,0,7.50,5.00,true,1,
7296073162001,false,עוג.קרם אגוז לוז שופר150,שופרסל,,עוגיות קרם אגוז,גרמים,150.00,100 גרם,false,0,7.50,5.00,true,1,
7296073163107,false,נקניקיות וינר שופרסל1.5ק,שופרסל,IL,נקניקיות וינר,קילוגרמים,1.50,"ק""ג",false,0,28.90,19.27,true,1,
7296073163114,false,נקניקיות מיני שופרסל600ג,מעדני יחיעם,IL,נקניקיות מיני,גרמים,600.00,100 גרם,false,0,15.30,2.55,true,1,
7296073169239,false,רוטב עגבניות לשקשוקה260ג,שופרסל,,רוטב לשקשוקה,גרמים,260.00,100 גרם,false,0,3.90,1.50,true,1,
7296073169246,false,רוטב עגבניות לפסטה260גרם,שופרסל,,רוטב לפסטה,גרמים,260.00,100 גרם,false,0,3.90,1.50,true,1,
7296073169253,false,רוטב עגבניות עם שום260גר,שופרסל,,רוטב עגבניות,גרמים,260.00,100 גרם,false,0,3.90,1.50,true,1,
7296073169260,false,עגבנ.מרוסקות שופרסל260גר,שופרסל,,עגבניות מרוסקות,גרמים,260.00,100 גרם,false,0,3.90,1.50,true,1,
7296073169543,false,40 מטליות רב שימושיות,שופרסל,IL,"מטליות רב""ש",יחידה,1.00,יחידה,false,0,18.70,18.70,true,1,
7296073169574,false,130 ממחטות טישיו+אלוורה,שופרסל,,ממחטות טישיו,יחידה,1.00,יחידה,false,0,13.80,13.80,true,1,
7296073169581,false,ממחטות אף לכיס 10*10 יח,שופרסל,,ממחטות אף לכיס,יחידה,1.00,יחידה,false,0,7.40,7.40,true,1,
7296073169796,false,שוקולד מריר נוגט+שקד100ג,שופרסל,,שוקולד מריר נוגט,גרמים,100.00,100 גרם,false,0,7.80,7.80,true,1,
7296073169802,false,שוק.חלב נוגט+שקד+שופר100,שופרסל,,שוקולד חלב נוגט,גרמים,100.00,100 גרם,false,0,7.80,7.80,true,1,
7296073170167,false,וופל בלגי מצופה שופרס400,גילרו,IL,ופל בלגי מצופה,גרמים,400.00,100 גרם,false,0,9.80,2.45,true,1,
7296073170839,false,שוקולד לבן שוויצרי 100גר,שופרסל,,שוקולד לבן,גרמים,100.00,100 גרם,false,0,5.00,5.00,true,1,
7296073170853,false,צ'יפס קלאסי שופרסל 2.5קג,תפוגן,IL,צ'יפס קלאסי,קילוגרמים,2.50,"ק""ג",false,0,29.90,11.96,true,1,
7296073170860,false,צ'יפס קלאסי שופרסל 1.5קג,תפוגן,IL,צ'יפס קלאסי,קילוגרמים,1.50,"ק""ג",false,0,22.90,15.27,true,1,
7296073170877,false,צ'יפס אמריקאי שופרסל 1.5,תפוגן,IL,צ'יפס אמריקאי,קילוגרמים,1.50,"ק""ג",false,0,22.90,15.27,true,1,
7296073170884,false,סטייק צ'יפס שופרסל 1.5קג,תפוגן,IL,סטייק צ'יפס,קילוגרמים,1.50,"ק""ג",false,0,22.90,15.27,true,1,
7296073170891,false,צ'יפס זיגזג שופרסל 1.5קג,תפוגן,IL,צ'יפס זיגזג,קילוגרמים,1.50,"ק""ג",false,0,22.90,15.27,true,1,
7296073171126,false,שוק.לבן שוויצרי 100*3 גר,שופרסל,,שוקולד לבן 3 יח',גרמים,300.00,100 גרם,false,0,13.80,4.60,true,1,
7296073173045,false,דבש טבעי לחיץ שופרסל500ג,שופרסל,,דבש לחיץ שופרסל,גרמים,500.00,100 גרם,false,0,26.70,5.34,true,1,
7296073173199,false,אפונה ירוקה עדינה שופרסל,שופרסל,IL,אפונה עדינה,גרמים,600.00,100 גרם,false,0,14.90,2.48,true,1,
7296073173205,false,שעועית ירוקה עדינה שופרס,ARDO,BE,שעועית ירוקה,גרמים,600.00,100 גרם,false,0,18.90,3.15,true,1,
7296073173212,false,שעועית ירוקה שלמה שופרסל,ARDO,BE,שעועית ירוקה,גרמים,800.00,100 גרם,false,0,15.80,1.98,true,1,
7296073173229,false,שעועית ירוקה חתוכה שופרס,ARDO,BE,שעועית ירוקה,גרמים,800.00,100 גרם,false,0,14.80,1.85,true,1,
7296073173304,false,"קמח חיטה לאפיית לחם 1ק""ג",שופרסל,,קמח לאפית לחם,קילוגרמים,1.00,"ק""ג",false,0,5.90,5.90,true,1,
7296073173335,false,קמח שיפון מלא שופרסל 1קג,שופרסל,,קמח שיפון מלא,קילוגרמים,1.00,"ק""ג",false,0,5.90,5.90,true,1,
7296073174721,false,אטבי כביסה שופרסל 48 יח',שופרסל,,אטבי כביסה,יחידה,1.00,יחידה,false,0,19.70,19.70,true,1,
7296073178972,false,"חומץ בלסמי שופרסל 500מ""ל",שופרסל,,חומץ בלסמי,מיליליטרים,500.00,"100 מ""ל",false,0,17.90,3.58,true,1,
7296073179412,false,פול ירוק קפוא 800גרם,LTD ALEX COLD,IL,פול ירוק קפוא,גרמים,800.00,100 גרם,false,0,20.70,2.59,true,1,
7296073179689,false,עינוגי פקאן שופרסל 400גר,שופרסל,DE,עינוגי פקאן,גרמים,400.00,100 גרם,false,0,17.90,4.48,true,1,
7296073179863,false,דבש טבעי לחיץ שופרסל250ג,שופרסל,,דבש לחיץ,גרמים,250.00,100 גרם,false,0,14.90,5.96,true,1,
7296073179979,false,תחתיות ארטישוק שופרסל 00,LTD ALEX COLD,EG,תחתיות ארטישוק,גרמים,400.00,100 גרם,false,0,17.40,4.35,true,1,
7296073179986,false,במיה שופרסל 600גרם,LTD ALEX COLD,EG,במיה 600גרם,גרמים,600.00,100 גרם,false,0,14.80,2.47,true,1,
7296073180111,false,מעדן דגים וטונה לחתול85ג,שופרסל,,מעדן לחתול,גרמים,85.00,100 גרם,false,0,4.90,5.76,true,1,
7296073180128,false,מעדן עוף וכבד לחתול 85גר,שופרסל,,מעדן לחתול,גרמים,85.00,100 גרם,false,0,4.90,5.76,true,1,
7296073180135,false,מעדן עוף לחתול שופרסל85ג,שופרסל,,מעדן לחתול,גרמים,85.00,100 גרם,false,0,4.90,5.76,true,1,
7296073180203,false,עלי רוקט שטופים 150גרם,פרסקו,IL,עלי רוקט150ג',גרמים,150.00,100 גרם,false,0,9.50,6.33,true,1,
7296073180210,false,עלי תרד שטופים 400גרם,פרסקו,IL,עלי תרד 400גרם,גרמים,400.00,100 גרם,false,0,15.00,3.75,true,1,
7296073180265,false,מגבונים נשטפ.לילדים40*3,שופרסל,,מגבונים נשטפים3*,יחידה,1.00,יחידה,false,0,9.80,9.80,true,1,
7296073180425,false,רוטב לפסטה,,,רוטב לפסטה,גרמים,350.00,100 גרם,false,0,10.80,3.09,true,1,
7296073180432,false,רוטב לפסטה,,,רוטב לפסטה,גרמים,350.00,100 גרם,false,0,10.80,3.09,true,1,
7296073180449,false,רוטב לפסטה,,,רוטב לפסטה,גרמים,350.00,100 גרם,false,0,10.80,3.09,true,1,
7296073180630,false,מטליות לחות לרצפה 10יח,טרופיקל דגיל,IL,מטליות לחות,יחידה,1.00,יחידה,false,0,9.80,9.80,true,1,
7296073180852,false,חטיפי דגנים 5 יח,,,חטיפי דגנים 5 יח,גרמים,210.00,100 גרם,false,0,11.90,5.67,true,1,
7296073180869,false,חטיפי דגנים 5 יח,,,חטיפי דגנים 5 יח,גרמים,210.00,100 גרם,false,0,11.90,5.67,true,1,
7296073187363,false,פחם דרום אמריקאי,,PY,פחם דרום אמריקאי,קילוגרמים,2.00,"ק""ג",false,0,12.90,6.45,true,1,
7296073188520,false,נייר סנדביץ,,PL,נייר סנדביץ,יחידה,1.00,יחידה,false,0,11.70,11.70,true,1,
7296073188674,false,חטיפי קרקר,,,חטיפי קרקר,גרמים,350.00,100 גרם,false,0,8.90,2.54,true,1,
7296073188681,false,חטיפי קרקר,,,חטיפי קרקר,גרמים,325.00,100 גרם,false,0,8.90,2.74,true,1,
7296073188704,false,חטיפי קרקר,,,חטיפי קרקר,גרמים,300.00,100 גרם,false,0,8.90,2.97,true,1,
7296073189282,false,פולי סויה בקליפה 450גרם,LTD NEWLAND,CN,פולי סויה,גרמים,450.00,100 גרם,false,0,11.90,2.64,true,1,
7296073189558,false,קרקר מלוח,,IL,קרקר מלוח,גרמים,220.00,100 גרם,false,0,6.40,2.91,true,1,
7296073189572,false,פקאן סיני 200גרם שופרסל,שקרצי,IL,פקאן סיני 200גרם,גרמים,200.00,100 גרם,false,0,24.90,12.45,true,1,
7296073189589,false,פקאן טבעי 200גרם שופרסל,שקרצי,IL,פקאן טבעי 200גרם,גרמים,200.00,100 גרם,false,0,28.90,14.45,true,1,
7296073189671,false,ג.דלעת קלוף 150גרם שופרס,ששון,IL,גרעין דלעת 150ג,גרמים,150.00,100 גרם,false,0,13.80,9.20,true,1,
7296073190783,false,מדליק פחמים,,DE,מדליק פחמים,יחידה,1.00,יחידה,false,0,6.80,6.80,true,1,
7296073191162,false,יין אדום מתוק קדרון650מל,הכורמים,IL,יין אדום קדרון,מיליליטרים,650.00,"100 מ""ל",false,0,14.40,2.22,true,1,
7296073191261,false,תחתיות ארטישוק שופר390גר,Raal El Conservas,ES,תחתיות ארטישוק,גרמים,390.00,100 גרם,false,0,8.30,2.13,true,1,
7296073191421,false,קפה טורקי 4 יח,,IL,קפה טורקי 4 יח,גרמים,400.00,100 גרם,false,0,17.90,4.48,true,1,
7296073191445,false,ג'ל מסיר כתמים,,IL,ג'ל מסיר כתמים,ליטרים,3.00,ליטר,false,0,22.70,7.57,true,1,
7296073192633,false,שעועית לבנה שופרסל 800גר,פרי גליל,GB,שעועית לבנה,גרמים,800.00,100 גרם,false,0,16.80,2.10,true,1,
7296073192657,false,גרגרי חומוס שופרסל 800גר,פרי גליל,GB,גרגרי חומוס,גרמים,800.00,100 גרם,false,0,15.80,1.98,true,1,
7296073193067,false,"אלסבון ארומטי וניל 750מ""",אמיליה קוסמטיקס,IL,אלסבון ארומטי,מיליליטרים,750.00,"100 מ""ל",false,0,8.80,1.17,true,1,
7296073193791,false,ברוקולי שטוף 400גרם,פרסקו,IL,ברוקולי שטוף,גרמים,400.00,100 גרם,false,0,15.00,3.75,true,1,
7296073195122,false,דייסת אורז שופרסל200גרם,שופרסל,IL,דייסת אורז,גרמים,200.00,100 גרם,false,0,9.80,4.90,true,1,
7296073195191,false,טחינה שומשום מלא גרין500,"אחדות בע""מ א.ת. ברקן",IL,טחינה שומשום מלא,גרמים,500.00,100 גרם,false,0,16.50,3.30,true,1,
7296073195207,false,טחינה אורגנית גרין 500גר,"אחדות בע""מ א.ת. ברקן",IL,טחינה אורגנית,גרמים,500.00,100 גרם,false,0,16.50,3.30,true,1,
7296073195245,false,חלווה אורגנית גרין 300גר,"אחדות בע""מ א.ת. ברקן",IL,חלווה אורגנית,גרמים,300.00,100 גרם,false,0,13.80,4.60,true,1,
7296073195252,false,פריכיות אורז מלא,,IL,פריכיות אורז מלא,גרמים,100.00,100 גרם,false,0,6.80,6.80,true,1,
7296073195900,false,אטריות דקות שופרסל 400ג,שיבולים בני דרום,IL,אטריות דקות,גרמים,400.00,100 גרם,false,0,4.90,1.23,true,1,
7296073195924,false,אטריות רחבות שופרסל400ג,שיבולים בני דרום,IL,אטריות דקות,גרמים,400.00,100 גרם,false,0,4.90,1.23,true,1,
7296073197461,false,שוקולד חלב 3 יח,,CH,שוקולד חלב 3 יח,גרמים,300.00,100 גרם,false,0,12.90,4.30,true,1,
7296073197478,false,שוקולד מריר 3 יח,,CH,שוקולד מריר 3 יח,גרמים,300.00,100 גרם,false,0,12.90,4.30,true,1,
7296073197560,false,מסטיק אבטיח,,CH,מסטיק אבטיח,גרמים,44.00,100 גרם,false,0,4.30,9.77,true,1,
7296073197669,false,ארחת אטריות בטעם בקר65ג,LTD EVERGLORY,CN,ארוחת אטריות,גרמים,65.00,100 גרם,false,0,3.90,6.00,true,1,
7296073199014,false,נודלס דק להקפצה 400 גרם,INDUSTRY ANLIDA LONGHAI FUJIAN,CN,נודלס דק להקפצה,גרמים,400.00,100 גרם,false,0,9.80,2.45,true,1,
7296073200987,false,פטריות חתוכות 3 * 400 גר,פרוצ'אמפ,DE,פטריות חתוכות3יח,קילוגרמים,1.20,"ק""ג",false,0,11.90,9.92,true,1,
7296073201410,false,נודלס רחב להקפצה 400ג,פרוצ'אמפ,CN,נודלס רחב להקפצה,גרמים,400.00,100 גרם,false,0,9.80,2.45,true,1,
7296073201427,false,סילאן 350 גרם,,IL,סילאן 350 גרם,גרמים,350.00,100 גרם,false,0,8.80,2.51,true,1,
7296073201434,false,סילאן שופרסל,,IL,סילאן שופרסל,גרמים,900.00,100 גרם,false,0,13.80,1.53,true,1,
7296073202479,false,שוקולד מריר 6 יח,,CH,שוקולד מריר 6 יח,גרמים,600.00,100 גרם,false,0,22.90,3.82,true,1,
7296073202493,false,שוקולד חלב 6 יח,,CH,שוקולד חלב 6 יח,גרמים,600.00,100 גרם,false,0,22.90,3.82,true,1,
7296073204640,false,בוטן אמריקאי200ג שופרסל,ששון,IL,בוטנים אמריקאים,גרמים,200.00,100 גרם,false,0,7.80,3.90,true,1,
7296073204879,false,שניצל תירס שופרסל 750גרם,תפוגן,IL,שניצל תירס,גרמים,750.00,100 גרם,false,0,18.90,2.52,true,1,
7296073204886,false,חטיפי תירס שופרסל 600גרם,תפוגן,IL,חטיפי תירס,גרמים,600.00,100 גרם,false,0,18.70,3.12,true,1,
7296073205081,false,מיונז,,IL,מיונז,גרמים,500.00,100 גרם,false,0,6.90,1.38,true,1,
7296073205111,false,"ניוקי תפו""א",,IT,"ניוקי תפו""א",גרמים,500.00,100 גרם,false,0,12.90,2.58,true,1,
7296073205401,false,קטשופ אורגני גרין 750 גר,פרי גליל,IL,קטשופ אורגני,גרמים,750.00,100 גרם,false,0,16.80,2.24,true,1,
7296073205418,false,פוסילי מלא,,IT,פוסילי מלא,גרמים,500.00,100 גרם,false,0,8.40,1.68,true,1,
7296073205463,false,פנה אורגני,,IT,פנה אורגני,גרמים,500.00,100 גרם,false,0,8.40,1.68,true,1,
7296073205494,false,ספגטי אורגני,,IT,ספגטי אורגני,גרמים,500.00,100 גרם,false,0,8.40,1.68,true,1,
7296073205692,false,רוט.עגב.שום אורג.גרין350,אלת'אה אס.פי.איי,IT,רוטבעגבניות שום,גרמים,350.00,100 גרם,false,0,13.90,3.97,true,1,
7296073205708,false,רוט.פסט.בזיליקום אורג350,אלת'אה אס.פי.איי,IT,רוטב פסטה,גרמים,350.00,100 גרם,false,0,13.90,3.97,true,1,
7296073205975,false,מסיר לק,,IL,מסיר לק,מיליליטרים,100.00,"100 מ""ל",false,0,10.20,10.20,true,1,
7296073206682,false,טונה בשמן קנולה 160*4ג,תעשיות פילטונה,IL,טונה בשמן 4 יח,גרמים,640.00,100 גרם,false,0,19.90,3.11,true,1,
7296073206996,false,קרם לתינוק שופרסל 400 מל,אמיליה קוסמטיקס,IL,קרם לתינוק,מיליליטרים,400.00,"100 מ""ל",false,0,15.80,3.95,true,1,
7296073207016,false,תח.רחצה לתינוק שופרסל750,אמיליה קוסמטיקס,IL,תחליב רחצה תינוק,מיליליטרים,750.00,"100 מ""ל",false,0,10.80,1.44,true,1,
7296073207023,false,שמפו לתינוק שופרסל 750 מ,אמיליה קוסמטיקס,IL,שמפו לתינוק,מיליליטרים,750.00,"100 מ""ל",false,0,10.80,1.44,true,1,
7296073207122,false,3 מגבונים נשטפים,,IL,3 מגבונים נשטפים,יחידה,1.00,יחידה,false,0,9.90,9.90,true,1,
7296073208624,false,סילאן לחיץ,,IL,סילאן לחיץ,גרמים,400.00,100 גרם,false,0,11.80,2.95,true,1,
7296073209249,false,ספגיות קירצוף 6 יחידות,פלסטו פוליש,IL,ספוגיות קירצוף,יחידה,1.00,יחידה,false,0,4.90,4.90,true,1,
7296073209829,false,פטריות חתוכות דל נתרן400,פרוצ'אמפ,NL,פטריות חתוכות,גרמים,400.00,100 גרם,false,0,5.80,1.45,true,1,
7296073209928,false,בייגלה שטוח,,IL,בייגלה שטוח,גרמים,300.00,100 גרם,false,0,7.90,2.63,true,1,
7296073209935,false,בייגלה שטוח,,IL,בייגלה שטוח,גרמים,300.00,100 גרם,false,0,7.90,2.63,true,1,
7296073211488,false,"טחינה אורגנית גרין 1 ק""ג","אחדות בע""מ א.ת. ברקן",IL,טחינה אורגנית,קילוגרמים,1.00,"ק""ג",false,0,32.90,32.90,true,1,
7296073211624,false,"פילה אמנון ק""ג",שופרסל,CN,פילה אמנון,קילוגרמים,0.00,"ק""ג",true,0,39.90,39.90,true,1,
7296073211693,false,לחם ללא גלוטן,,IL,לחם ללא גלוטן,יחידה,1.00,יחידה,false,0,14.80,14.80,true,1,
7296073211822,false,"רוטב סויה לבישול 700 מ""ל",תאי פרידה אינדסטרי,TH,רוטב סויה,מיליליטרים,700.00,"100 מ""ל",false,0,12.80,1.83,true,1,
7296073211969,false,וופל בלגי שופרסל 200 גרם,גילרו,IL,וופל בלגי,גרמים,200.00,100 גרם,false,0,4.00,2.00,true,1,
7296073212089,false,מרק פטריות שופרסל 400גרם,פרי גליל,IL,מרק פטריות,גרמים,400.00,100 גרם,false,0,15.80,3.95,true,1,
7296073212096,false,מרק עוף שופרסל 400 גרם,פרי גליל,IL,מרק עוף,גרמים,400.00,100 גרם,false,0,12.80,3.20,true,1,
7296073212119,false,מרק טעם עוף שופרסל400ג,פרי גליל,IL,מרק טעם עוף,גרמים,400.00,100 גרם,false,0,9.80,2.45,true,1,
7296073214113,false,חצאי משמש בסירופ,,CN,חצאי משמש בסירופ,גרמים,820.00,100 גרם,false,0,8.80,1.07,true,1,
7296073214144,false,פלחי אפרסקים,,IL,פלחי אפרסקים,גרמים,312.00,100 גרם,false,0,4.90,1.57,true,1,
7296073215844,false,כורכום טחון,,IL,כורכום טחון,גרמים,40.00,100 גרם,false,0,5.90,14.75,true,1,
7296073215851,false,כורכום במיכל,,IL,כורכום במיכל,גרמים,100.00,100 גרם,false,0,9.80,9.80,true,1,
7296073215882,false,כמון טחון,,IL,כמון טחון,גרמים,40.00,100 גרם,false,0,6.90,17.25,true,1,
7296073215899,false,כמון טחון,,IL,כמון טחון,גרמים,100.00,100 גרם,false,0,10.80,10.80,true,1,
7296073215929,false,קנמון טחון,,IL,קנמון טחון,גרמים,40.00,100 גרם,false,0,5.90,14.75,true,1,
7296073215936,false,קנמון טחון,,IL,קנמון טחון,גרמים,80.00,100 גרם,false,0,6.90,8.63,true,1,
7296073215943,false,אורגנו בשקית,,IL,אורגנו בשקית,גרמים,20.00,100 גרם,false,0,5.30,26.50,true,1,
7296073215974,false,שום גבישי,,IL,שום גבישי,גרמים,120.00,100 גרם,false,0,10.80,9.00,true,1,
7296073215981,false,אבקת שום,,IL,אבקת שום,גרמים,90.00,100 גרם,false,0,8.20,9.11,true,1,
7296073215998,false,אבקת שום,,IL,אבקת שום,גרמים,50.00,100 גרם,false,0,6.70,13.40,true,1,
7296073216025,false,תערובת תיבול,,IL,תערובת תיבול,גרמים,100.00,100 גרם,false,0,9.80,9.80,true,1,
7296073216032,false,תערובת גריל עוף,,IL,תערובת גריל עוף,גרמים,150.00,100 גרם,false,0,10.80,7.20,true,1,
7296073216049,false,תערוב תיבול,,IL,תערוב תיבול,גרמים,100.00,100 גרם,false,0,6.30,6.30,true,1,
7296073216056,false,תיבול לשווארמה,,IL,תיבול לשווארמה,גרמים,100.00,100 גרם,false,0,7.70,7.70,true,1,
7296073216063,false,חוואג' למרק,,IL,חוואג' למרק,גרמים,100.00,100 גרם,false,0,7.70,7.70,true,1,
7296073216087,false,עלי דפנה,,IL,עלי דפנה,גרמים,20.00,100 גרם,false,0,6.00,30.00,true,1,
7296073216117,false,אבקת קרי,,IL,אבקת קרי,גרמים,100.00,100 גרם,false,0,5.60,5.60,true,1,
7296073216124,false,בזיליקום תבלין,,IL,בזיליקום תבלין,גרמים,30.00,100 גרם,false,0,5.10,17.00,true,1,
7296073216131,false,טימין,,IL,טימין,גרמים,20.00,100 גרם,false,0,6.70,33.50,true,1,
7296073216148,false,פלפל שחור טחון,,IL,פלפל שחור טחון,גרמים,100.00,100 גרם,false,0,12.20,12.20,true,1,
7296073216155,false,פלפל שחור,,IL,פלפל שחור,גרמים,40.00,100 גרם,false,0,9.90,24.75,true,1,
7296073216162,false,פלפל שחור,,IL,פלפל שחור,גרמים,100.00,100 גרם,false,0,12.90,12.90,true,1,
7296073216186,false,פלפל שחור,,IL,פלפל שחור,גרמים,40.00,100 גרם,false,0,8.90,22.25,true,1,
7296073216193,false,פלפל שחור,,IL,פלפל שחור,גרמים,90.00,100 גרם,false,0,14.90,16.56,true,1,
7296073216209,false,פלפל שחור,,IL,פלפל שחור,גרמים,35.00,100 גרם,false,0,9.40,26.86,true,1,
7296073216216,false,פלפל לבן,,IL,פלפל לבן,גרמים,40.00,100 גרם,false,0,10.90,27.25,true,1,
7296073216230,false,פפריקה מתוקה,,IL,פפריקה מתוקה,גרמים,40.00,100 גרם,false,0,6.90,17.25,true,1,
7296073216247,false,פפריקה מתוקה,,IL,פפריקה מתוקה,גרמים,100.00,100 גרם,false,0,10.80,10.80,true,1,
7296073216254,false,פפריקה מתוקה,,IL,פפריקה מתוקה,גרמים,400.00,100 גרם,false,0,22.70,5.68,true,1,
7296073216261,false,פפריקה מתוקה,,IL,פפריקה מתוקה,גרמים,80.00,100 גרם,false,0,6.10,7.63,true,1,
7296073216278,false,פפריקה מרוקאית,,IL,פפריקה מרוקאית,גרמים,90.00,100 גרם,false,0,8.80,9.78,true,1,
7296073216292,false,פפריקה חריפה,,IL,פפריקה חריפה,גרמים,80.00,100 גרם,false,0,4.70,5.88,true,1,
7296073216308,false,פפריקה חריפה,,IL,פפריקה חריפה,גרמים,100.00,100 גרם,false,0,10.80,10.80,true,1,
7296073216322,false,מלח לימון,,IL,מלח לימון,גרמים,170.00,100 גרם,false,0,9.80,5.76,true,1,
7296073216339,false,מלח לימון,,IL,מלח לימון,גרמים,700.00,100 גרם,false,0,22.70,3.24,true,1,
7296073217602,false,נייר טואלט,,IL,נייר טואלט,מטרים,662.00,100 מטר,false,0,32.90,4.97,true,1,
7296073218159,false,תיבול לקציצות,,IL,תיבול לקציצות,גרמים,100.00,100 גרם,false,0,5.60,5.60,true,1,
7296073218166,false,פלפל אנגלי שלם,,IL,פלפל אנגלי שלם,גרמים,25.00,100 גרם,false,0,6.50,26.00,true,1,
7296073218227,false,מצות אורגניות,,IL,מצות אורגניות,גרמים,400.00,100 גרם,false,0,20.00,5.00,true,1,
7296073218234,false,סוכר חום אורגני,,IL,סוכר חום אורגני,קילוגרמים,1.00,"ק""ג",false,0,11.80,11.80,true,1,
7296073218333,false,פופקורן מופחת,,US,פופקורן מופחת,גרמים,510.00,100 גרם,false,0,13.50,2.65,true,1,
7296073218753,false,פתי בר,,NL,פתי בר,גרמים,500.00,100 גרם,false,0,8.90,1.78,true,1,
7296073218807,false,בישקוטים,,IT,בישקוטים,גרמים,200.00,100 גרם,false,0,6.80,3.40,true,1,
7296073218920,false,לחם אחיד פרוס שופרסל 750,מאפיית שלמה א. אנג'ל,IL,לחם אחיד פרוס,גרמים,750.00,100 גרם,false,0,5.70,0.76,true,1,
7296073219088,false,מיונז אמיתי 1 קג,,IL,מיונז אמיתי 1 קג,קילוגרמים,1.00,"ק""ג",false,0,13.90,13.90,true,1,
7296073219149,false,פירורי לחם מוזהב,,IL,פירורי לחם מוזהב,גרמים,350.00,100 גרם,false,0,6.90,1.97,true,1,
7296073219156,false,פירורי לחם לבן,,IL,פירורי לחם לבן,גרמים,350.00,100 גרם,false,0,5.90,1.69,true,1,
7296073219255,false,קפה נמס,,IL,קפה נמס,גרמים,200.00,100 גרם,false,0,12.80,6.40,true,1,
7296073219262,false,קפה טורקי עם הל,,IL,קפה טורקי עם הל,גרמים,100.00,100 גרם,false,0,5.90,5.90,true,1,
7296073219347,false,לחם אחיד פרוס750ג שופרסל,מאפית ברמן,IL,לחם אחיד פרוס,גרמים,750.00,100 גרם,false,0,5.70,0.76,true,1,
7296073219576,false,שקיות אשפה,,IL,שקיות אשפה,יחידה,1.00,יחידה,false,0,19.80,19.80,true,1,
7296073219606,false,כדורי דגנים,,IL,כדורי דגנים,גרמים,500.00,100 גרם,false,0,11.90,2.38,true,1,
7296073219668,false,עלי גפן ממולאים 400 גרם,LTD ESME,TR,עלי גפן ממולאים,גרמים,400.00,100 גרם,false,0,7.50,1.88,true,1,
7296073219675,false,פלפל שחור גרוס,,IL,פלפל שחור גרוס,גרמים,80.00,100 גרם,false,0,9.70,12.13,true,1,
7296073219897,false,פודינג וניל,,IL,פודינג וניל,גרמים,80.00,100 גרם,false,0,4.50,5.63,true,1,
7296073219927,false,ג'לי תות,,IL,ג'לי תות,גרמים,85.00,100 גרם,false,0,5.00,5.88,true,1,
7296073219941,false,חטיף דגנים שוקו+שוק23*6ג,back and Snack,AT,חטיף דגנים,גרמים,138.00,100 גרם,false,0,9.90,7.17,true,1,
7296073220022,false,אבקת קקאו,,IL,אבקת קקאו,גרמים,150.00,100 גרם,false,0,5.90,3.93,true,1,
7296073220077,false,שוקולד חלב,,CH,שוקולד חלב,גרמים,100.00,100 גרם,false,0,5.00,5.00,true,1,
7296073220084,false,שוקולד חלב במילו,,CH,שוקולד חלב במילו,גרמים,100.00,100 גרם,false,0,5.00,5.00,true,1,
7296073220107,false,תירס גמדי,,IL,תירס גמדי,גרמים,410.00,100 גרם,false,0,4.90,1.20,true,1,
7296073220121,false,חטיפי קרח,,IL,חטיפי קרח,ליטרים,2.10,ליטר,false,0,9.90,4.71,true,1,
7296073220183,false,עוגיות שוקוצ'יפס,,DE,עוגיות שוקוצ'יפס,גרמים,225.00,100 גרם,false,0,7.90,3.51,true,1,
7296073220275,false,וופל ט.שוקולד שופרסל500ג,מנעמים,IL,וופל טעם שוקולד,גרמים,500.00,100 גרם,false,0,8.90,1.78,true,1,
7296073220282,false,וופלים ט.לימון שופרסל500,מנעמים,IL,וופל טעם לימון,גרמים,500.00,100 גרם,false,0,8.90,1.78,true,1,
7296073220398,false,חטיפי קרח,,IL,חטיפי קרח,מיליליטרים,800.00,"100 מ""ל",false,0,6.50,0.81,true,1,
7296073220404,false,פטל אדום קפוא שופרסל 300,d.o.o Lukowa,YU,פטל אדום,גרמים,300.00,100 גרם,false,0,16.90,5.63,true,1,
7296073220428,false,חמוציות קפוא שופרסל 300,d.o.o Lukowa,IL,חמוציות,גרמים,300.00,100 גרם,false,0,16.90,5.63,true,1,
7296073220435,false,מיקס פירות יער קפוא 300,d.o.o Lukowa,YU,מיקס פירות יער,גרמים,300.00,100 גרם,false,0,16.90,5.63,true,1,
7296073220442,false,דובדבן קפוא שופרסל 300גר,d.o.o Lukowa,YU,דובדבן,גרמים,300.00,100 גרם,false,0,16.90,5.63,true,1,
7296073220497,false,קפה נמס,,IL,קפה נמס,גרמים,50.00,100 גרם,false,0,6.80,13.60,true,1,
7296073221319,false,"כף קרם ח""פ 100 יח'",.,IL,"כף קרם ח""פ",יחידה,1.00,יחידה,false,0,7.90,7.90,true,1,
7296073221333,false,"מזלג קרם ח""פ 100 יח'",.,IL,"מזלג קרם ח""פ",יחידה,1.00,יחידה,false,0,7.90,7.90,true,1,
7296073221340,false,"סכין קרם ח""פ 100 יח'",.,IL,"סכין קרם ח""פ",יחידה,1.00,יחידה,false,0,7.90,7.90,true,1,
7296073221630,false,שמן קנולה,,DE,שמן קנולה,ליטרים,1.00,ליטר,false,0,6.90,6.90,true,1,
7296073221661,false,"סוכריות לל""ס לימון 80גרם",טופגאם,IL,סוכריות ללא סוכר,גרמים,80.00,100 גרם,false,0,5.90,7.38,true,1,
7296073221678,false,"סוכריות לל""ס בטעם מנטה80",טופגאם,IL,סוכריות ללא סוכר,גרמים,80.00,100 גרם,false,0,5.90,7.38,true,1,
7296073221791,false,וופל בטעם אגוזים 400 גרם,מנעמים,IL,וופל אגוזים,גרמים,400.00,100 גרם,false,0,8.90,2.23,true,1,
7296073222200,false,פסטרמה הודו על גחלים שופ,מעדני יחיעם,IL,פסטרמה הודו,גרמים,300.00,100 גרם,false,0,19.90,6.63,true,1,
7296073222217,false,צמד חמד שופרסל 600 גרם,מעדני יחיעם,IL,צמד חמד נקניק,גרמים,600.00,100 גרם,false,0,21.90,3.65,true,1,
7296073222255,false,סלמי מעושן שופרסל 400 גר,מעדני יחיעם,IL,סלמי מעושן,גרמים,400.00,100 גרם,false,0,21.90,5.48,true,1,
7296073222262,false,קבנוס שופרסל 100 גרם,מעדני יחיעם,IL,קבנוס,גרמים,100.00,100 גרם,false,0,7.90,7.90,true,1,
7296073222309,false,ג'חנון קפוא שופרסל 650 ג,אופרה,IL,ג'חנון קפוא שופר,גרמים,650.00,100 גרם,false,0,11.80,1.82,true,1,
7296073222316,false,ג'חנון אפוי שופרסל 650ג,אופרה,IL,ג'חנון אפוי שופר,גרמים,650.00,100 גרם,false,0,14.80,2.28,true,1,
7296073222323,false,מלווח קפוא שופרסל700ג,אופרה,IL,מלווח קפוא שופרס,גרמים,700.00,100 גרם,false,0,11.80,1.69,true,1,
7296073222903,false,סט אוכל עגול שקו,,IL,סט אוכל עגול שקו,יחידה,1.00,יחידה,false,0,79.00,79.00,true,1,
7296073222927,false,מארז קערות קטן,,IL,מארז קערות קטן,יחידה,1.00,יחידה,false,0,19.90,19.90,true,1,
7296073223009,false,שמן זית,,IT,שמן זית,מיליליטרים,750.00,"100 מ""ל",false,0,24.90,3.32,true,1,
7296073223061,false,תה ירוק,,LK,תה ירוק,גרמים,37.00,100 גרם,false,0,14.80,40.00,true,1,
7296073223078,false,תה ירוק,,LK,תה ירוק,גרמים,37.00,100 גרם,false,0,14.80,40.00,true,1,
7296073223085,false,תה ירוק,,LK,תה ירוק,גרמים,37.00,100 גרם,false,0,14.80,40.00,true,1,
7296073223108,false,תה ארל גריי 25שק,,LK,תה ארל גריי 25שק,גרמים,37.00,100 גרם,false,0,7.50,20.27,true,1,
7296073223115,false,תה קלאסי,,LK,תה קלאסי,גרמים,150.00,100 גרם,false,0,7.90,5.27,true,1,
7296073223993,false,מזון חתולים,,IL,מזון חתולים,גרמים,400.00,100 גרם,false,0,6.90,1.73,true,1,
7296073224006,false,מזון חתולים,,FR,מזון חתולים,גרמים,400.00,100 גרם,false,0,6.90,1.73,true,1,
7296073224020,false,מזון חתולים,,FR,מזון חתולים,גרמים,400.00,100 גרם,false,0,6.90,1.73,true,1,
7296073224037,false,מזון כלבים,,FR,מזון כלבים,גרמים,400.00,100 גרם,false,0,6.80,1.70,true,1,
7296073224068,false,פילה סלמון קפוא שופרסל ק,שופרסל-ייבוא,XX,פילה סלמון קפוא,קילוגרמים,0.00,"ק""ג",true,1,59.90,59.90,true,1,
7296073224365,false,קמח שמרים,,IL,קמח שמרים,קילוגרמים,1.00,"ק""ג",false,0,8.50,8.50,true,1,
7296073224389,false,אורז חום,,IL,אורז חום,גרמים,500.00,100 גרם,false,0,10.80,2.16,true,1,
7296073224402,false,גרגירי חומוס,,IL,גרגירי חומוס,גרמים,500.00,100 גרם,false,0,10.80,2.16,true,1,
7296073224433,false,אורז חום עגול,,IL,אורז חום עגול,גרמים,500.00,100 גרם,false,0,10.80,2.16,true,1,
7296073224471,false,עדשים אדומות,,IL,עדשים אדומות,גרמים,500.00,100 גרם,false,0,10.80,2.16,true,1,
7296073224495,false,עדשים ירוקות,,IL,עדשים ירוקות,גרמים,500.00,100 גרם,false,0,13.40,2.68,true,1,
7296073224518,false,גרעיני חמניה,,IL,גרעיני חמניה,גרמים,100.00,100 גרם,false,0,4.90,4.90,true,1,
7296073224525,false,שיבולת שועל,,IL,שיבולת שועל,גרמים,500.00,100 גרם,false,0,10.80,2.16,true,1,
7296073224563,false,סלט טחינה שופרסל 400 גרם,סלטי שמיר,IL,סלט טחינה,גרמים,400.00,100 גרם,false,0,8.50,2.13,true,1,
7296073224570,false,חומוס אסלי שופרסל 400גרם,סלטי שמיר,IL,חומוס אסלי,גרמים,400.00,100 גרם,false,0,8.50,2.13,true,1,
7296073224587,false,כרוב אדום שופרסל 400 גרם,סלטי שמיר,IL,סלט כרוב אדום,גרמים,400.00,100 גרם,false,0,8.50,2.13,true,1,
7296073224594,false,סלט חציל במיונז שופר400ג,סלטי שמיר,IL,סלט חצילים מיונז,גרמים,400.00,100 גרם,false,0,8.50,2.13,true,1,
7296073224600,false,"חומוס שופרסל 1 ק""ג",סלטי שמיר,IL,סלט חומוס,קילוגרמים,1.00,"ק""ג",false,0,9.90,9.90,true,1,
7296073224631,false,"אורז פרסי שופרסל 1 ק""ג",ltd co produce Uthai,TH,אורז פרסי,קילוגרמים,1.00,"ק""ג",false,0,5.90,5.90,true,1,
7296073224761,false,חליטת נענע שופרסל 25שק,רפאלס,DE,חליטת נענע,גרמים,50.00,100 גרם,false,0,11.80,23.60,true,1,
7296073224785,false,חליטת קמומיל שופרסל 25שק,רפאלס,DE,חליטת קמומיל,גרמים,37.00,100 גרם,false,0,11.80,31.89,true,1,
7296073224792,false,ג'ל כביסה קפס,,IL,ג'ל כביסה קפס,יחידה,1.00,יחידה,false,0,11.90,11.90,true,1,
7296073224884,false,לקט ירקות שופרסל 800גרם,ARDO,BE,לקט ירקות,גרמים,800.00,100 גרם,false,0,16.80,2.10,true,1,
7296073224891,false,אפונה ירוקה קפואה שופרסל,ARDO,BE,אפונה ירוקה,גרמים,800.00,100 גרם,false,0,11.90,1.49,true,1,
7296073224907,false,אפונה וגזר שופרסל 800גרם,ARDO,BE,אפונה וגזר,גרמים,800.00,100 גרם,false,0,13.80,1.73,true,1,
7296073224921,false,פלסטרים שקופים,,IL,פלסטרים שקופים,יחידה,1.00,יחידה,false,0,6.80,6.80,true,1,
7296073225003,false,לפתן ליצ'י,,CN,לפתן ליצ'י,גרמים,567.00,100 גרם,false,0,6.00,1.06,true,1,
7296073225010,false,ריבועי דגנים+קינמון500גר,פודס,LT,ריבועי דגנים,גרמים,500.00,100 גרם,false,0,11.90,2.38,true,1,
7296073225072,false,לחמניות שופרסל 6יח75*גר,מאפיית שלמה א. אנג'ל,IL,לחמניות 6יחידות,גרמים,450.00,100 גרם,false,0,8.90,1.98,true,1,
7296073225195,false,שמ.זית אורג.כתית גרין750,OLIVENSA,ES,שמן זית אורגני,ליטרים,0.75,ליטר,false,1,44.90,59.87,true,1,
7296073225218,false,משמש מיובש 200גרם שופרסל,SA AKCA OSMAN,IL,משמש מארז 200גרם,גרמים,200.00,100 גרם,false,0,12.90,6.45,true,1,
7296073225249,false,ג.חמניה ללא מלח200ג שופר,ששון,IL,גרעין חמנייה,גרמים,200.00,100 גרם,false,0,6.80,3.40,true,1,
7296073225256,false,ג.חמניה ק.עפולה 200ג שופ,ששון,IL,גרעין חמנייה,גרמים,200.00,100 גרם,false,0,6.80,3.40,true,1,
7296073225263,false,עוגיות עם שמנת,,IT,עוגיות עם שמנת,גרמים,300.00,100 גרם,false,0,7.90,2.63,true,1,
7296073225270,false,עוגיות בציפוי,,IT,עוגיות בציפוי,גרמים,300.00,100 גרם,false,0,7.90,2.63,true,1,
7296073225287,false,עוגיות חיטה מלאה,,IT,עוגיות חיטה מלאה,גרמים,300.00,100 גרם,false,0,7.90,2.63,true,1,
7296073225294,false,קוסקוס דורום,,IL,קוסקוס דורום,גרמים,500.00,100 גרם,false,0,5.90,1.18,true,1,
7296073225478,false,פיצה מרגריטה עם זיתים360,SOCICO CON S.R.L AR,IT,פיצה עם זיתים,גרמים,360.00,100 גרם,false,0,15.80,4.39,true,1,
7296073225492,false,רסק עגבניות 22% 260 גרם,פריניר,IL,רסק עגבניות,גרמים,260.00,100 גרם,false,0,3.10,1.19,true,1,
7296073225515,false,"מכסים לכוסות קפה ח""פ 50",.,CN,מכסים לכוסות קפה,יחידה,1.00,יחידה,false,0,8.90,8.90,true,1,
7296073225522,false,כוסות אספרסו חד פעמי 50,.,CN,"כוסות אספרסו ח""פ",יחידה,1.00,יחידה,false,0,5.90,5.90,true,1,
7296073225553,false,תירס בוואקום,,TH,תירס בוואקום,גרמים,340.00,100 גרם,false,0,5.00,1.47,true,1,
7296073225560,false,"וופל שוקולד ללת""ס200גרם",מנעמים,IL,וופל שוקולד ללתס,גרמים,200.00,100 גרם,false,0,6.80,3.40,true,1,
7296073225577,false,"וופל בלגי שוקו.ללת""ס200ג",גילרו,IL,וופל בלגי שוקולד,גרמים,200.00,100 גרם,false,0,7.80,3.90,true,1,
7296073225591,false,אורז בסמטי,,IN,אורז בסמטי,קילוגרמים,1.00,"ק""ג",false,0,12.80,12.80,true,1,
7296073225607,false,חטיפי קרקר,,IT,חטיפי קרקר,גרמים,150.00,100 גרם,false,0,7.80,5.20,true,1,
7296073225614,false,חטיפי קרקר,,IT,חטיפי קרקר,גרמים,150.00,100 גרם,false,0,7.80,5.20,true,1,
7296073225638,false,חטיפי קרקר,,IT,חטיפי קרקר,גרמים,150.00,100 גרם,false,0,7.80,5.20,true,1,
7296073225645,false,שלישיית בקבוק,,IL,שלישיית בקבוק,יחידה,1.00,יחידה,false,0,14.90,14.90,true,1,
7296073225713,false,מלפפון מיני,,IL,מלפפון מיני,גרמים,350.00,100 גרם,false,0,9.90,2.83,true,1,
7296073225720,false,שעועית מש,,IL,שעועית מש,גרמים,500.00,100 גרם,false,0,11.80,2.36,true,1,
7296073225737,false,שעועית אזוקי,,IL,שעועית אזוקי,גרמים,500.00,100 גרם,false,0,11.80,2.36,true,1,
7296073225744,false,חצילים על האש שופרסל400ג,סלטי שמיר,IL,סלט חצילים,גרמים,400.00,100 גרם,false,0,8.50,2.13,true,1,
7296073225751,false,חציל בטחינה 400 גרם,סלטי שמיר,IL,סלט חציל בטחינה,גרמים,400.00,100 גרם,false,0,8.50,2.13,true,1,
7296073225768,false,סלט מטבוחה שופרסל 400גרם,סלטי שמיר,IL,סלט מטבוחה,גרמים,400.00,100 גרם,false,0,8.50,2.13,true,1,
7296073225775,false,רצועות סלק שופרסל 400גרם,סלטי שמיר,IL,סלט סלק שופרסל,גרמים,400.00,100 גרם,false,0,8.50,2.13,true,1,
7296073225782,false,פוקט טישיו 6 יח,,IT,פוקט טישיו 6 יח,יחידה,1.00,יחידה,false,0,9.80,9.80,true,1,
7296073226154,false,ביסקוויט שוקולד מריר125,.,DE,ביסקוויט מצופה,גרמים,125.00,100 גרם,false,0,7.80,6.24,true,1,
7296073226161,false,ביסקוויט שוקולד חלב125גר,.,DE,ביסקוויט מצופה,גרמים,125.00,100 גרם,false,0,7.80,6.24,true,1,
7296073226529,false,וופל קוביות שוקולד 250גר,בלקוני,IT,וופל קוביות,גרמים,250.00,100 גרם,false,0,10.80,4.32,true,1,
7296073226536,false,וופל קוביות קרם אגוז250ג,בלקוני,IT,וופל קוביות,גרמים,250.00,100 גרם,false,0,10.80,4.32,true,1,
7296073226550,false,דובדבנים חמוצים מגולענים,Kft Gloster,HU,דובדבנים חמוצים,גרמים,720.00,100 גרם,false,0,10.40,1.44,true,1,
7296073226680,false,חט.דגנים שוק.חלב+ביסקויט,back and Snack,IL,חטיף דגנים,גרמים,138.00,100 גרם,false,0,9.90,7.17,true,1,
7296073226963,false,סלט חומוס+גרגרים שופר400,סלטי שמיר,IL,חומוס עם גרגרים,גרמים,400.00,100 גרם,false,0,8.50,2.13,true,1,
7296073226970,false,סלט חומוס+טחינה שופר400ג,סלטי שמיר,IL,חומוס עם טחינה,גרמים,400.00,100 גרם,false,0,8.50,2.13,true,1,
7296073226987,false,סלט חומוס+מסבחה שופר400ג,סלטי שמיר,IL,חומוס עם מסבחה,גרמים,400.00,100 גרם,false,0,8.50,2.13,true,1,
7296073226994,false,סלט חומוס עם חריף 400גרם,סלטי שמיר,IL,חומוס עם חריף,גרמים,400.00,100 גרם,false,0,8.50,2.13,true,1,
7296073227090,false,משקה בטעם אפרסק,,IL,משקה בטעם אפרסק,ליטרים,1.50,ליטר,false,0,4.90,3.27,true,1,
7296073228431,false,קישוא זוקיני,,IL,קישוא זוקיני,גרמים,500.00,100 גרם,false,0,8.90,1.78,true,1,
7296073228851,false,מגבונ.ללא בישום 64*5יח,שופרסל,IL,מגבונים,יחידה,1.00,יחידה,false,0,23.90,23.90,true,1,
7296073229391,false,אטריות אורז אדום רחב226,LTD FOOD ETHICAL,IL,אטריות אורז אדום,גרמים,226.00,100 גרם,false,0,11.80,5.22,true,1,
7296073229407,false,אטריות אורז אדום דק 226ג,LTD FOOD ETHICAL,IL,אטריות אורז,גרמים,226.00,100 גרם,false,0,11.80,5.22,true,1,
7296073229650,false,סירופ טעם שוקולד,,IL,סירופ טעם שוקולד,גרמים,600.00,100 גרם,false,0,10.80,1.80,true,1,
7296073229667,false,סירופ טעם מייפל,,IL,סירופ טעם מייפל,גרמים,600.00,100 גרם,false,0,10.80,1.80,true,1,
7296073229704,false,ג'ל רחצה פפאיה שופרסל750,"טרופיקל דגיל תעשיות קוסמטיקה בע""מ",IL,ג'ל רחצה,מיליליטרים,750.00,"100 מ""ל",false,0,8.80,1.17,true,1,
7296073229711,false,ג'ל רח.פסיפלורה שופרס750,"טרופיקל דגיל תעשיות קוסמטיקה בע""מ",IL,ג'ל רחצה,מיליליטרים,750.00,"100 מ""ל",false,0,8.80,1.17,true,1,
7296073229728,false,ג'ל רח. אלוורה שופרסל750,"טרופיקל דגיל תעשיות קוסמטיקה בע""מ",IL,ג'ל רחצה,מיליליטרים,750.00,"100 מ""ל",false,0,8.80,1.17,true,1,
7296073229735,false,תחליב רח.קלאסי שופרסל750,"טרופיקל דגיל תעשיות קוסמטיקה בע""מ",IL,תחליב רחצה,מיליליטרים,750.00,"100 מ""ל",false,0,8.80,1.17,true,1,
7296073229759,false,תחליב רח.ונילה שופרסל750,"טרופיקל דגיל תעשיות קוסמטיקה בע""מ",IL,תחליב רחצה,מיליליטרים,750.00,"100 מ""ל",false,0,8.80,1.17,true,1,
7296073229872,false,קטשופ שופרסל 750 גרם,סוגל,PT,קטשופ,גרמים,750.00,100 גרם,false,0,8.80,1.17,true,1,
7296073229889,false,"קטשופ שופרסל 1 ק""ג",סוגל,PT,קטשופ,קילוגרמים,1.00,"ק""ג",false,0,6.90,6.90,true,1,
7296073229940,false,"אורז בסמטי בצנצנת 1 ק""ג",.,IN,אורז בסמטי,קילוגרמים,1.00,"ק""ג",false,0,10.00,10.00,true,1,
7296073229957,false,פיצוצי נוגט,,IL,פיצוצי נוגט,גרמים,750.00,100 גרם,false,0,14.90,1.99,true,1,
7296073230021,false,מנקה רצפות כחול 2 ליטר,קליר כימיקלים,IL,מנקה רצפות כחול,ליטרים,2.00,ליטר,false,0,13.80,6.90,true,1,
7296073230038,false,מנקה רצפות ורוד 2 ליטר,קליר כימיקלים,IL,מנקה רצפות,ליטרים,2.00,ליטר,false,0,13.80,6.90,true,1,
7296073230069,false,מנקה רצפות פרקט 2 ליטר,קליר כימיקלים,IL,מנקה רצפות,ליטרים,2.00,ליטר,false,0,17.70,8.85,true,1,
7296073230106,false,"סלט תפו""א שופרסל 400 גרם",סלטי שמיר,IL,"סלט תפו""א",גרמים,400.00,100 גרם,false,0,8.50,2.13,true,1,
7296073230113,false,לפתן פירות בסירופ קל225ג,.,CN,לפתן פירות,גרמים,225.00,100 גרם,false,0,4.50,2.00,true,1,
7296073230410,false,"כוסות קפה ח""פ",,IL,"כוסות קפה ח""פ",יחידה,1.00,יחידה,false,0,7.90,7.90,true,1,
7296073230502,false,ניילון נצמד 60 מטר,אופל אריזות,IL,ניילון נצמד,מטרים,60.00,מטר,false,0,11.80,0.20,true,1,
7296073230571,false,אורז יסמין אורג.גרין500ג,יותאי פרודוס קומפני,TH,אורז יסמין גרין,גרמים,500.00,100 גרם,false,1,12.80,2.56,true,1,
7296073230601,false,"אורז ארוך מלא 1 ק""ג",ltd co produce Uthai,TH,אורז ארוך מלא,קילוגרמים,1.00,"ק""ג",false,0,8.00,8.00,true,1,
7296073230618,false,"אורז תאילנדי 1 ק""ג",ltd co produce Uthai,TH,אורז תאילנדי,קילוגרמים,1.00,"ק""ג",false,0,4.80,4.80,true,1,
7296073230632,false,דגני טבעות דבש 500 גרם,UAB FOODS CERERA,LT,טבעות דבש,גרמים,500.00,100 גרם,false,0,11.90,2.38,true,1,
7296073230663,false,מגבות נייר שופרסל 8 גל.,שניב תעשיות נייר,IL,מגבות נייר,מטרים,84.00,מטר,false,0,11.90,0.14,true,1,
7296073230700,false,אקונומיקה מבושמת 4 ליטר,קליר כימיקלים,IL,אקונומיקה מבושמת,ליטרים,4.00,ליטר,false,0,9.90,2.48,true,1,
7296073230724,false,אקונומיקה 4 ליטר,קליר כימיקלים,IL,אקונומיקה 4 ליטר,ליטרים,4.00,ליטר,false,0,8.80,2.20,true,1,
7296073230755,false,מיץ ענבים תירוש 1 ליטר,יקבי ירושלים,IL,מיץ ענבים תירוש,ליטרים,1.00,ליטר,false,0,10.00,10.00,true,1,
7296073230786,false,"קמח מצה כשל""פ שופרסל500ג",אם החיטה,IL,קמח מצה 500 גרם,גרמים,500.00,100 גרם,false,0,5.50,1.10,true,1,
7296073230823,false,"מסיר לק שופרסל 150 מ""ל",ש.שוורץ,IL,מסיר לק,מיליליטרים,150.00,"100 מ""ל",false,0,9.80,6.53,true,1,
7296073230830,false,"בירה אימפורט 4.8% 330מ""ל",בוואריה,NL,בירה אימפורט,מיליליטרים,330.00,"100 מ""ל",false,0,6.20,1.88,true,1,
7296073230854,false,קינואה שופרסל 500 גרם,granos dr procesadora,PE,קינואה,גרמים,500.00,100 גרם,false,0,14.90,2.98,true,1,
7296073230885,false,גלילי וופל קרם אגוזים100,מנעמים,IL,גלילי וופל,גרמים,100.00,100 גרם,false,1,4.90,4.90,true,1,
7296073230892,false,50כוסות קרטון,,IL,50כוסות קרטון,יחידה,1.00,יחידה,false,0,14.90,14.90,true,1,
7296073230939,false,מים מינרלים שופרסל1.5*6ל,LTD TRADE NOVA,BG,מים שופרסל 6 יח,ליטרים,9.00,ליטר,false,0,9.90,1.10,true,1,
7296073231240,false,חט.פריכיות שוקו חלב18*5ג,בנליין פודס,YU,חטיף פריכיות,גרמים,90.00,100 גרם,false,1,9.90,11.00,true,1,
7296073231264,false,חט.פריכיות שוקו תות18*5,בנליין פודס,YU,חטיף פריכיות,גרמים,90.00,100 גרם,false,1,9.90,11.00,true,1,
7296073231271,false,מרכ.כביסה ורוד שופרסל 4ל,גליל כימיקלים,IL,מרכך כביסה,ליטרים,4.00,ליטר,false,1,14.90,3.73,true,1,
7296073231455,false,"גביעי גלידה ללת""ס 24 יח",מנעמים,IL,גביעי גלידה,יחידה,1.00,יחידה,false,1,10.80,10.80,true,1,
7296073231547,false,חלב 1% בקרטון שופרסל 1ל,מחלבות רמת הגולן,IL,חלב 1% קרטון 1ל',ליטרים,1.00,ליטר,false,1,5.00,5.00,true,1,
7296073231554,false,חלב 3% בקרטון שופרסל 1ל,מחלבות רמת הגולן,IL,חלב 3% קרטון 1ל',ליטרים,1.00,ליטר,false,1,5.10,5.10,true,1,
7296073231561,false,שמנת עמידה לקצפת38% 250ג,מחלבות רמת הגולן,IL,שמנת עמידה 38%,מיליליטרים,250.00,"100 מ""ל",false,1,5.50,2.20,true,1,
7296073231578,false,שוקו בקרטון שופרסל 1 ל',מחלבות רמת הגולן,IL,שוקו קרטון 1ליטר,ליטרים,1.00,ליטר,false,1,8.90,8.90,true,1,
7296073232124,false,גב.פרמז'ן קשה27%שופר200ג,.,IT,משולש פרמז'ן,גרמים,200.00,100 גרם,false,1,20.90,10.45,true,1,
7296073232377,false,חלב1% נטול לקטוז גרין1ל,מחלבת רמת-הגולן,IL,חלב נטול לקטוז,ליטרים,1.00,ליטר,false,1,7.90,7.90,true,1,
7296073232438,false,משקה חלב מועשר 1% 1ליטר,מחלבות רמת הגולן,IL,משקה חלב מועשר1%,ליטרים,1.00,ליטר,false,1,6.90,6.90,true,1,
7296073232445,false,משקה חלב מועשר 3% 1 ליטר,מחלבות רמת הגולן,IL,משקה חלב מועשר3%,ליטרים,1.00,ליטר,false,1,6.90,6.90,true,1,
7296073232629,false,מרגרינה ללא מלח 200 גרם,בסלר גידה וה קימייה סאן,TR,מרגרינה ללא מלח,גרמים,200.00,100 גרם,false,1,3.80,1.90,true,1,
7296073232636,false,מרגרינה בטעם חמאה 200 גר,בסלר גידה וה קימייה סאן,TR,מרגרינה ט.חמאה,גרמים,200.00,100 גרם,false,1,3.80,1.90,true,1,
7296073232643,false,חטיפי וופל קרם אגוזים150,חברת איבר קקאו,ES,חטיפי וופל,גרמים,150.00,100 גרם,false,1,9.80,6.53,true,1,
7296073233329,false,"משק""ל אשכוליות 1.5 ליטר","ס.משלב יזמות בע""מ",IL,"משק""ל אשכוליות",ליטרים,1.50,ליטר,false,1,4.90,3.27,true,1,
7296073234661,false,חטיף בוטנים שופרסל 25 גר,חטיפי העמק,IL,חטיף בוטנים,גרמים,25.00,100 גרם,false,1,1.70,6.80,true,1,
7296073234678,false,חטיף בוטנים שופרסל 80 גר,חטיפי העמק,IL,חטיף בוטנים,גרמים,80.00,100 גרם,false,1,2.90,3.63,true,1,
7296073234692,false,חטיף חיטה בטעם גריל 70ג,מנה,IL,חטיף חיטה גריל,גרמים,70.00,100 גרם,false,1,3.40,4.86,true,1,
7296073234715,false,חטיף חיטה בטעם בצל 70גרם,מנה,IL,חטיף חיטה בצל,גרמים,70.00,100 גרם,false,1,3.40,4.86,true,1,
7296073234739,false,חטיף חיטה טעם ברביקיו70ג,מנה,IL,חטיף חיטה ברבקיו,גרמים,70.00,100 גרם,false,1,3.40,4.86,true,1,
7296073234746,false,חטיף בטעם ברביקיו 200גרם,מנה,IL,חטיף חיטה ברבקיו,גרמים,200.00,100 גרם,false,1,5.90,2.95,true,1,
7296073234753,false,חטיף תירס קלאסי 50 גרם,מנה,IL,חטיף תירס קלאסי,גרמים,50.00,100 גרם,false,1,2.90,5.80,true,1,
7296073235613,false,ממרח תמרים 450 גרם,חצר כנרת מוצרי תמר,IL,ממרח תמרים,גרמים,450.00,100 גרם,false,1,5.40,1.20,true,1,
7296073235651,false,רדיד אלומיניום כוכבים30מ,אופל אריזות,IL,רדיד אלומיניום,מטרים,30.00,מטר,false,1,15.90,0.53,true,1,
7296073235750,false,נוזל לניקוי חלונות 750מל,קליר כימיקלים,IL,נוזל לחלונות,מיליליטרים,750.00,"100 מ""ל",false,1,5.00,0.67,true,1,
7296073236221,false,גרעיני תירס ואקום 340ג,"צ'אנג 1959 בע""מ",TH,גרעיני תירס,גרמים,340.00,100 גרם,false,1,5.00,1.47,true,1,
7296073236238,false,"סכין שקוף עבה ח""פ 100 יח",.,TR,סכין שקוף עבה,יחידה,1.00,יחידה,false,1,12.90,12.90,true,1,
7296073236245,false,"מזלג שקוף עבה ח""פ 100 יח",.,TR,מזלג שקוף עבה,יחידה,1.00,יחידה,false,1,12.90,12.90,true,1,
7296073236252,false,"כפית שקוף עבה ח""פ 100 יח",.,TR,כפית שקוף עבה,יחידה,1.00,יחידה,false,1,12.90,12.90,true,1,
7296073236269,false,"כף שקוף עבה ח""פ 100 יח",.,TR,כף שקוף עבה,יחידה,1.00,יחידה,false,1,12.90,12.90,true,1,
7296073236290,false,חט.קראנצ+'שוקולד מריר5יח,ויטליה ניקול,MK,חטיפי קראנצ' 5יח,גרמים,210.00,100 גרם,false,1,11.90,5.67,true,1,
7296073236306,false,אקונומיקה סופר מבושמת4ל,קליר כימיקלים,IL,אקונומיקה מבושמת,ליטרים,4.00,ליטר,false,1,11.80,2.95,true,1,
7296073236313,false,ג'ל אקונומיקה שופרסל 4ל,קליר כימיקלים,IL,ג'ל אקונומיקה,ליטרים,4.00,ליטר,false,1,11.80,2.95,true,1,
7296073236641,false,לקט למרק שופרסל 800גרם,שופרסל,,לקט למרק,גרמים,800.00,100 גרם,false,12,17.90,2.24,true,1,
7296073236658,false,לקט לקוסקוס שופרסל 800גר,שופרסל,IL,לקט לקוסקוס,גרמים,800.00,100 גרם,false,12,17.90,2.24,true,1,
7296073236764,false,סירופ בטעם פטל 1 ליטר,"פרי נטו משקאות בע""מ",IL,סירופ פטל,ליטרים,1.00,ליטר,false,1,9.00,9.00,true,1,
7296073236771,false,סירופ בטעם תפוחים 1 ליטר,"פרי נטו משקאות בע""מ",IL,סירופ תפוחים,ליטרים,1.00,ליטר,false,1,9.00,9.00,true,1,
7296073236788,false,סירופ בטעם ענבים 1 ליטר,"פרי נטו משקאות בע""מ",IL,סירופ ענבים,ליטרים,1.00,ליטר,false,1,9.00,9.00,true,1,
7296073236818,false,גרנולה פירות יבשים 90גרם,ויטליה,MK,גרנולה פירות יבש,גרמים,90.00,100 גרם,false,1,5.90,6.56,true,1,
7296073236825,false,גרנולה אגוזים+צימוקים90ג,ויטליה,MK,גרנולה אגוזים,גרמים,90.00,100 גרם,false,1,5.90,6.56,true,1,
7296073236887,false,סלט גזר מרוקאי 400 גרם,סלטי שמיר,IL,סלט גזר מרוקאי,גרמים,400.00,100 גרם,false,1,8.50,2.13,true,1,
7296073236894,false,סלט קולסלאו 400 גרם,סלטי שמיר,IL,סלט קולסלאו,גרמים,400.00,100 גרם,false,1,8.50,2.13,true,1,
7296073236931,false,קליונז מופחת קלוריות500ג,מיטב,IL,קליונז,גרמים,500.00,100 גרם,false,1,8.80,1.76,true,1,
7296073237112,false,חט.שוקס כדורי דגנ.שוקו70,שקדיה,IL,חטיף שוקס,גרמים,70.00,100 גרם,false,1,4.90,7.00,true,1,
7296073237129,false,חטיף שוקס וופל חלב70גרם,שקדיה,IL,חטיף שוקס,גרמים,70.00,100 גרם,false,1,4.90,7.00,true,1,
7296073237136,false,חט.שוקס ביסקויט שוק.חלב,שקדיה,IL,חטיף שוקולד שוקס,גרמים,70.00,100 גרם,false,1,4.90,7.00,true,1,
7296073237143,false,חט.שוקס ביסקוויט מיקס70ג,שקדיה,IL,חטיף שוקס,גרמים,70.00,100 גרם,false,1,4.90,7.00,true,1,
7296073237167,false,חט.שוקס קורנפלקס חלב70ג,שקדיה,IL,חטיף שוקס,גרמים,70.00,100 גרם,false,1,4.90,7.00,true,1,
7296073237525,false,קוקטייל פירות בסירופ קל,CANNED QIWWEI LINYI,CN,קוקטייל פירות,גרמים,820.00,100 גרם,false,1,6.90,0.84,true,1,
7296073237631,false,שוק.מריר 81% 100 גרם,פריי )שוקולד(,CH,שוקולד מריר 81%,גרמים,100.00,100 גרם,false,1,10.00,10.00,true,1,
7296073237655,false,שוק.מריר 72% קקאו 100 גר,פריי )שוקולד(,CH,שוקולד מריר 72%,גרמים,100.00,100 גרם,false,1,10.00,10.00,true,1,
7296073237662,false,שוק72%. מריר תפוז 100גרם,פריי )שוקולד(,CH,שוקולד מריר תפוז,גרמים,100.00,100 גרם,false,1,10.00,10.00,true,1,
7296073237686,false,שוקולד חלב+אגוזי לוז100ג,פריי )שוקולד(,CH,שוקולד אגוזי לוז,גרמים,100.00,100 גרם,false,1,10.00,10.00,true,1,
7296073237747,false,חמאה הולנדית 200 גרם,SPRL MATHOT,BE,חמאה הולנדית,גרמים,200.00,100 גרם,false,1,6.60,3.30,true,1,
7296073237754,false,חמאה הולנדית 100 גרם,SPRL MATHOT,BE,חמאה הולנדית,גרמים,100.00,100 גרם,false,1,3.30,3.30,true,1,
7296073237853,false,קפסולות קפה שופרסל סגול,רוני רג'ואן ושות,IL,קפסולות קפה,גרמים,50.00,100 גרם,false,1,14.90,29.80,true,1,
7296073237860,false,קפסולות קפה שופרסל חום,רוני רג'ואן ושות,IL,קפסולות קפה,גרמים,50.00,100 גרם,false,1,14.90,29.80,true,1,
7296073237877,false,קפסולות קפה שופרסל זהב,רוני רג'ואן ושות,IL,קפסולות קפה,גרמים,50.00,100 גרם,false,1,14.90,29.80,true,1,
7296073237884,false,קפסולות קפה שופרסל שחור,רוני רג'ואן ושות,IL,קפסולות קפה,גרמים,50.00,100 גרם,false,1,14.90,29.80,true,1,
7296073237891,false,קפסולות קפה שופרסל אדום,רוני רג'ואן ושות,IL,קפסולות קפה,גרמים,50.00,100 גרם,false,1,14.90,29.80,true,1,
7296073238096,false,עוג.מדליון קפוצ'ינו100גר,מידור,CH,עוגיות קפוצ'ינו,גרמים,100.00,100 גרם,false,1,11.90,11.90,true,1,
7296073238102,false,עוג.מדליון שוק.מריר 100ג,מידור,CH,עוגיות מדליון,גרמים,100.00,100 גרם,false,1,11.90,11.90,true,1,
7296073238119,false,עוגיות ג'פונז שוקו 100גר,מידור,CH,עוגיות ג'פונז,גרמים,100.00,100 גרם,false,1,11.90,11.90,true,1,
7296073238126,false,עוגיות קרם שקדים+שוקו100,מידור,CH,עוגיות קרם שקדים,גרמים,100.00,100 גרם,false,1,11.90,11.90,true,1,
7296073238133,false,עוגיות מרנג קרם קקאו100ג,מידור,CH,עוגיות מרנג,גרמים,100.00,100 גרם,false,1,11.90,11.90,true,1,
7296073239239,false,"כוסות קפה ח""פ שופרסל 50",.,IL,"כוסות קפה ח""פ",יחידה,1.00,יחידה,false,1,5.90,5.90,true,1,
7296073239376,false,פרלינים בלגים שופרסל250ג,דוקדו,BE,פרלינים בלגים,גרמים,250.00,100 גרם,false,1,26.90,10.76,true,1,
7296073239383,false,מיני פרלין שופרסל 100 גר,דוקדו,BE,מיני פרלין,גרמים,100.00,100 גרם,false,1,11.90,11.90,true,1,
7296073239628,false,תירס גמדי 400 גרם,CORN KARN,TH,תירס גמדי,גרמים,400.00,100 גרם,false,1,4.90,1.23,true,1,
7296073239949,false,שוק.חלב קרמל+מלח ים 100ג,פריי )שוקולד(,CH,שוקולד חלב קרמל,גרמים,100.00,100 גרם,false,1,10.00,10.00,true,1,
7296073239963,false,פיצה מרגריטה בצק עבה,שופרסל,IT,פיצה בצק עבה,גרמים,390.00,100 גרם,false,1,14.80,3.79,true,1,
7296073240228,false,עוגיות סנדוויץ שוקולד250,ויירה דה קסטרו,PT,עוגיות סנדוויץ,גרמים,250.00,100 גרם,false,1,5.00,2.00,true,1,
7296073241102,false,קרואסון מילוי פודינג50*6,מידי,IT,קרואסונים 6 יח,גרמים,300.00,100 גרם,false,1,12.90,4.30,true,1,
7296073241119,false,קרואסונים מילוי שוקולד6י,מידי,IT,קרואסונים 6 יח,גרמים,300.00,100 גרם,false,1,12.90,4.30,true,1,
7296073241416,false,פתי בר בטעם שוקו 110 גרם,אפיפית,IL,פתי בר שוקו,גרמים,110.00,100 גרם,false,1,2.90,2.64,true,1,
7296073241423,false,פתי בר בטעם וניל 110 גרם,אפיפית,IL,פתי בר וניל,גרמים,110.00,100 גרם,false,1,2.90,2.64,true,1,
7296073241522,false,ממחטות אף 100*5 יח,שניב תעשיות נייר,IL,ממחטות אף 5 יח,יחידה,1.00,יחידה,false,1,9.80,9.80,true,1,
7296073241539,false,ממחטות אף בקופסא 100 יח,שניב תעשיות נייר,IL,ממחטות אף בקופסא,יחידה,1.00,יחידה,false,1,7.90,7.90,true,1,
7296073241553,false,"שוקו בשקית 225*6 מ""ל",מחלבות רמת הגולן,IL,שוקו בשקית 6 יח,ליטרים,1.35,ליטר,false,1,11.90,8.81,true,1,
7296073241935,false,נייר טואלט סופר דיל 48גל,שניב,IL,נ.טואלט סופר דיל,מטרים,860.00,100 מטר,false,1,37.90,4.41,true,1,
7296073242277,false,תאנים מיובשות300ג שופרסל,SA AKCA OSMAN,TR,תאנים 300גרם,גרמים,300.00,100 גרם,false,1,12.90,4.30,true,1,
7296073242284,false,"קרם ידיים שופרסל 100 מ""ל",ש.שוורץ,IL,קרם ידיים שופרסל,מיליליטרים,100.00,"100 מ""ל",false,1,6.90,6.90,true,1,
7296073242635,false,50כוס שתיה מעוטרכסף/זהב,.,IL,50כוסות שתייה,יחידה,1.00,יחידה,false,1,9.90,9.90,true,1,
7296073243328,false,"ניוקי תפו""א עגבנ.ל.ג500ג",צ'יימה,IT,"ניוקי תפו""א",גרמים,500.00,100 גרם,false,1,12.90,2.58,true,1,
7296073243335,false,"ניוקי תפו""א תרד ל.ג500גר",צ'יימה,IT,"ניוקי תפו""א תרד",גרמים,500.00,100 גרם,false,1,12.90,2.58,true,1,
7296073243397,false,ביצים M שופרסל 12 יחידות,.,IL,ביצים 12יחידות M,יחידה,1.00,יחידה,false,1,10.55,10.55,true,1,
7296073243403,false,ביצים L שופרסל 12 יחידות,.,IL,ביצים 12יחידות L,יחידה,1.00,יחידה,false,1,11.45,11.45,true,1,
7296073243427,false,ביצים L שופרסל 18 יחידות,.,IL,ביצים 18יחידות L,יחידה,1.00,יחידה,false,1,17.17,17.17,true,1,
7296073243663,false,קרואסון מילוי חלב+שוק300,מידי,IT,קרואסון חלב+שוקו,גרמים,300.00,100 גרם,false,1,12.90,4.30,true,1,
7296073243731,false,ריבת חלב שופרסל 400 גרם,מיה,IL,ריבת חלב שופרסל,גרמים,400.00,100 גרם,false,1,12.80,3.20,true,1,
7296073244226,false,100צלח.אמריקאית גדול לבן,.,IL,צלחת גדולה,יחידה,1.00,יחידה,false,1,29.90,29.90,true,1,
7296073244233,false,100צלחת אמריקאית קטן לבן,.,IL,צלחות קטנות,יחידה,1.00,יחידה,false,1,19.90,19.90,true,1,
7296073244417,false,"קורנפלקס ללא גלוטן כשל""פ",נקסקוב מילס,DK,קורנפלקס,גרמים,500.00,100 גרם,false,1,16.90,3.38,true,1,
7296073244769,false,"סוכר חום דמררה צנצ. 1ק""ג",סוגת,IL,סוכר חום דמררה,קילוגרמים,1.00,"ק""ג",false,1,9.90,9.90,true,1,
7296073245995,false,וופל בטעם שוקולד 200 גרם,מנעמים,IL,וופל שוקולד,גרמים,200.00,100 גרם,false,1,3.90,1.95,true,1,
7296073246008,false,וופל בטעם אגוזים 200 גרם,מנעמים,IL,וופל אגוזים,גרמים,200.00,100 גרם,false,1,3.90,1.95,true,1,
7296082000035,false,"ביצים ""פלוס"" 6 יחידות",ביו אומגה,IL,"ביצים ""פלוס"" 6 יחידות",יחידה,1.00,יחידה,false,0,14.90,14.90,true,1,
7332531041638,false,גליס שמן מיליון גלוס75מל,הנקל סוד,DE,שמן לשיער גליס,מיליליטרים,75.00,"100 מ""ל",false,0,34.60,46.13,true,1,
7501013132052,false,נקטר אפרסק,,MX,נקטר אפרסק,ליטרים,1.00,ליטר,false,0,10.00,10.00,true,1,
7501064191466,false,בירה קורונה 6 יח,,,בירה קורונה 6 יח,ליטרים,2.13,ליטר,false,0,44.90,21.08,true,1,
7610023050215,false,קרנצ' X 500 גרם,ביו פמיליה,CH,קרנצ' X דגנים,גרמים,500.00,100 גרם,false,0,25.50,5.10,true,1,
7610023050413,false,מיזלי פרוט איקס שקית500ג,ביו פמיליה,CH,פרויט X דגנים,גרמים,500.00,100 גרם,false,0,25.50,5.10,true,1,
7610023051212,false,שוקו X דגנים+שוק.ציפס500,ביו פמיליה,CH,שוקו X דגנים,גרמים,500.00,100 גרם,false,0,25.50,5.10,true,1,
7610243003497,false,דורגול מסיר אבן,,IL,דורגול מסיר אבן,ליטרים,1.00,ליטר,false,0,24.70,24.70,true,1,
7610400014649,false,שוק.לינדור חלב 100 גרם,לינדט ושפרונגלי קילשברג,CH,שוקולד לינדט,גרמים,100.00,100 גרם,false,0,15.80,15.80,true,1,
7610400068529,false,בונ.לינדור קורנה מעור200,לינדט ושפרונגלי קילשברג,CH,בונבונ.לינדור,גרמים,200.00,100 גרם,false,0,32.40,16.20,true,1,
7610400069397,false,שוקולד לינדט מוס מריר140,לינדט ושפרונגלי קילשברג,CH,שוקולד לינדט,גרמים,140.00,100 גרם,false,0,23.80,17.00,true,1,
7610400074155,false,שוק.לינדור מריר60% 100ג,לינדט ושפרונגלי קילשברג,CH,שוקולד לינדור,גרמים,100.00,100 גרם,false,0,15.80,15.80,true,1,
7613031608850,false,דגני בוקר פיטנס 625 גרם,נסטלה,FR,פיטנס דגני בוקר,גרמים,625.00,100 גרם,false,0,27.70,4.43,true,1,
7613032045753,false,דגנ.בוקר פיטנס שוקולד375,נסטלה,FR,פיטנס שוקולד,גרמים,375.00,100 גרם,false,0,17.90,4.77,true,1,
7613032416157,false,דגני פיטנס שקדים ודבש355,נסטלה,FR,דגני פיטנס שקדים,גרמים,355.00,100 גרם,false,0,17.90,5.04,true,1,
7613033539107,false,מחית תפוח בננה שלב2 130ג,נסטלה,PL,מחית שלב 2 מטרנה,גרמים,130.00,100 גרם,false,0,5.00,3.85,true,1,
7613033539121,false,מחית סלט פירות שלב2 130ג,נסטלה,PL,מחית שלב 2 מטרנה,גרמים,130.00,100 גרם,false,0,5.00,3.85,true,1,
7613033541650,false,מחית תפוח שלב3 190 גרם,נסטלה,PL,מחית שלב 3 מטרנה,גרמים,190.00,100 גרם,false,0,5.90,3.11,true,1,
7613033548192,false,פיטנס שוקולד מריר 375גרם,נסטלה,FR,פיטנס שוקולד,גרמים,375.00,100 גרם,false,0,17.90,4.77,true,1,
7613033975554,false,ביסקוויט מטרנה ט.טבעי180,נסטלה,IL,ביסקוויט מטרנה,גרמים,180.00,100 גרם,false,0,13.90,7.72,true,1,
7613034042170,false,פיטנס שקדים ודבש 585 גרם,נסטלה,FR,פיטנס שקדים ודבש,גרמים,585.00,100 גרם,false,0,26.70,4.56,true,1,
7613034792785,false,מולטי צ'יריוס 565 גרם,סי.פי אנגליה,GB,מולטי צ'יריוס,גרמים,565.00,100 גרם,false,0,23.90,4.23,true,1,
7613035548374,false,דגני בוקר גולדן מיניס570,נסטלה,FR,דגני גולדן מיניס,גרמים,570.00,100 גרם,false,1,23.70,4.16,true,1,
7616500553484,false,שוקולד מריר,,CH,שוקולד מריר,גרמים,100.00,100 גרם,false,0,8.50,8.50,true,1,
7616500553699,false,שוקובלוק חלב,,CH,שוקובלוק חלב,גרמים,100.00,100 גרם,false,0,5.90,5.90,true,1,
7616500553705,false,שוקובלוק מריר,,CH,שוקובלוק מריר,גרמים,100.00,100 גרם,false,0,5.90,5.90,true,1,
7616500630161,false,שוקולד מריר פריי,,CH,שוקולד מריר פריי,גרמים,100.00,100 גרם,false,0,8.50,8.50,true,1,
7616500642560,false,שוקולד חלב 300 ג,,IL,שוקולד חלב 300 ג,גרמים,300.00,100 גרם,false,0,19.90,6.63,true,1,
7616500647251,false,שוקולד חלב עם אגוזים180ג,פריי )שוקולד(,CH,שוקולד חלב+אגוז,גרמים,180.00,100 גרם,false,0,10.00,5.56,true,1,
7616500647268,false,שוקולד מריר+אגוזים180גר,פריי )שוקולד(,CH,שוקולד מריר,גרמים,180.00,100 גרם,false,0,10.00,5.56,true,1,
7617014149293,false,קפסולות קפה,,,קפסולות קפה,גרמים,96.00,100 גרם,false,0,25.00,26.04,true,1,
7617014149316,false,קפסולות קפה,,,קפסולות קפה,גרמים,96.00,100 גרם,false,0,25.00,26.04,true,1,
7617014149330,false,קפסולות קפה,,,קפסולות קפה,גרמים,96.00,100 גרם,false,0,25.00,26.04,true,1,
7617014149354,false,קפסולות קפה,,,קפסולות קפה,גרמים,96.00,100 גרם,false,0,25.00,26.04,true,1,
7617014149385,false,קפסולות קפה,,,קפסולות קפה,גרמים,96.00,100 גרם,false,0,25.00,26.04,true,1,
7617014149408,false,קפסולות קפה,,,קפסולות קפה,גרמים,96.00,100 גרם,false,0,25.00,26.04,true,1,
7617014153634,false,קפסולות קפה,,CH,קפסולות קפה,גרמים,96.00,100 גרם,false,0,25.00,26.04,true,1,
7617014154105,false,קפסולות קפה וניל,,CH,קפסולות קפה וניל,גרמים,96.00,100 גרם,false,0,25.00,26.04,true,1,
7622201050757,false,שוקולד מילקה קרמל 100גרם,מונדלייז,DE,שוקולד מילקה,גרמים,100.00,100 גרם,false,0,8.40,8.40,true,1,
7622300001568,false,קפה ג'קובס קרוננג 200 גר,מונדלייז,DE,קפה נמס ג'קובס,גרמים,200.00,100 גרם,false,0,29.90,14.95,true,1,
7622300005870,false,קפה ג'קובס נט.קפאין200גר,מונדלייז,DE,קפה ג'יקובס נטול,גרמים,200.00,100 גרם,false,0,46.30,23.15,true,1,
7622300200237,false,שוקולד מילקה,,IL,שוקולד מילקה,גרמים,250.00,100 גרם,false,0,16.00,6.40,true,1,
7622300270506,false,עוגיות ש.שועל שוקולד168ג,מונדלייז,PL,עוגיות מילקה,גרמים,168.00,100 גרם,false,0,10.00,5.95,true,1,
7622300356767,false,עוג.שוקולד צ'יפס מילק168,מונדלייז,PL,עוגיות שוקוצ'יפס,גרמים,168.00,100 גרם,false,0,10.00,5.95,true,1,
7622300503079,false,ביסקוויט מצופה שוקו200גר,מונדלייז,PL,ביסקוויט מצופה,גרמים,200.00,100 גרם,false,0,10.00,5.00,true,1,
7622300617820,false,שוקולד מילקה אוראו 100 ג,מונדלייז,DE,שוקולד מילקה,גרמים,100.00,100 גרם,false,0,8.40,8.40,true,1,
7622400012020,false,שוקולד קוטדור אורנג100'ג,מונדלייז,BE,שוקולד קוטדור,גרמים,100.00,100 גרם,false,0,16.10,16.10,true,1,
7622400958809,false,קפה אספרסו ג'קובס 500גרם,מונדלייז,AT,קפה אספרסו,גרמים,500.00,100 גרם,false,0,45.30,9.06,true,1,
7702018088577,false,מכשיר ונוס + סכין OLAY,פרוקטר & גמבל,IL,מכשיר ונוס+סכין,יחידה,1.00,יחידה,false,0,50.10,50.10,true,1,
7702018089864,false,ג'ל גילוח-תחוש.קרירה200מ,פרוקטר & גמבל,GB,ג'ל גילוח פיוז'ן,מיליליטרים,200.00,"100 מ""ל",false,0,25.20,12.60,true,1,
7702018263905,false,סכיני גילוח פרוגליד פאוו,פרוקטר & גמבל,DE,סכיני גילוח,יחידה,1.00,יחידה,false,1,113.00,113.00,true,1,
7702018267637,false,4סכיני גילוח ונוס אוליי,פרוקטר & גמבל,IL,סכיני גילוח ונוס,יחידה,1.00,יחידה,false,0,74.90,74.90,true,1,
7702018271702,false,"דאו.ג'ילט סטיק פרש48 מ""ל",פרוקטר & גמבל,CZ,דאודורנט ג'ילט,מיליליטרים,48.00,"100 מ""ל",false,0,24.90,51.88,true,1,
7702018355396,false,מכשיר פרוגלייד פלקס בול,פרוקטר & גמבל,IL,מכשיר פרוגלייד,יחידה,1.00,יחידה,false,1,69.90,69.90,true,1,
7702018366088,false,מכשיר פרוגלייד פלקס+סכין,פרוקטר & גמבל,IL,מכשיר פרוגלייד,יחידה,1.00,יחידה,false,1,67.30,67.30,true,1,
7702018389254,false,מכ. פיוז'ן פרושילד לרעננ,פרוקטר & גמבל,IL,מכשיר פיוז'ן,יחידה,1.00,יחידה,false,1,69.90,69.90,true,1,
7702018420131,false,6סכיני גילוח פיוז'ן+ידית,פרוקטר & גמבל,IL,סכיני גילוח,יחידה,1.00,יחידה,false,1,109.00,109.00,true,1,
7702018424986,false,ונוס סנאפ+ 4סכינים+קופסה,פרוקטר & גמבל,IL,ונוס סנאפ מארז,יחידה,1.00,יחידה,false,1,49.90,49.90,true,1,
7702018872749,false,ג'ל גילוח פיוז'ן רגיש200,פרוקטר & גמבל,GB,ג'ל גילוח פיוז'ן,מיליליטרים,200.00,"100 מ""ל",false,0,25.20,12.60,true,1,
7702018978120,false,"דאו.קליר ג'ל C.W 70 מ""ל",פרוקטר & גמבל,CZ,דאו.קליר ג'ל,מיליליטרים,70.00,"100 מ""ל",false,0,24.90,35.57,true,1,
7702018985708,false,דאו.ג'ילט ספריי A.L 150מ,פרוקטר & גמבל,GB,דאודורנט ספריי,מיליליטרים,150.00,"100 מ""ל",false,0,24.90,16.60,true,1,
7702018985937,false,דאו.ג'ילט C.W ספריי150מ,פרוקטר & גמבל,IL,דאודורנט ג'ילט,מיליליטרים,150.00,"100 מ""ל",false,0,24.90,16.60,true,1,
7702018997022,false,12סכינ.גילוח פיוז'ן ידני,פרוקטר & גמבל,DE,סכיני גילוח,יחידה,1.00,יחידה,false,0,149.90,149.90,true,1,
7702174066457,false,סוכ.יוגטה ריבת חלב ל.סוכ,אלדור,CO,סוכריות יוגטה,גרמים,80.00,100 גרם,false,0,7.90,9.88,true,1,
7702174068826,false,ללקן יוגטה טעם פירות216ג,אלדור,CO,לקקן יוגטה פירות,גרמים,216.00,100 גרם,false,0,7.90,3.66,true,1,
7702174068833,false,יוגטה אייס קרים בשקית216,אלדור,CO,לקקן יוגטה,גרמים,216.00,100 גרם,false,0,7.90,3.66,true,1,
7804414000860,false,"דון חוליו קברנה 750 מ""ל",צ'ילה לואיס פיליפה אדוארדס,CL,דון חוליו קברנה,מיליליטרים,750.00,"100 מ""ל",false,0,24.90,3.32,true,1,
7804414000877,false,"דון חוליו מרלו 750 מ""ל",צ'ילה לואיס פיליפה אדוארדס,CL,דון חוליו מרלו,מיליליטרים,750.00,"100 מ""ל",false,0,24.90,3.32,true,1,
7804414000884,false,"דון חוליו שרדונה 750 מ""ל",צ'ילה לואיס פיליפה אדוארדס,CL,דון חוליו שרדו,מיליליטרים,750.00,"100 מ""ל",false,0,24.90,3.32,true,1,
7804414001614,false,"דון חוליו שיראז 750 מ""ל",צ'ילה לואיס פיליפה אדוארדס,CL,יין שיראז,מיליליטרים,750.00,"100 מ""ל",false,0,24.90,3.32,true,1,
7891024100363,false,קולגייט סנסיטיב פרו רליף,קולגייט-פלמוליב,BR,משחת קולגייט,מיליליטרים,75.00,"100 מ""ל",false,0,14.90,19.87,true,1,
7891024124826,false,קולגייט אופטיק וייט 75מל,קולגייט-פלמוליב,IL,משחת קולגייט,מיליליטרים,75.00,"100 מ""ל",false,0,20.00,26.67,true,1,
7891024128824,false,קולגייט טריפל אקשן 100מל,קולגייט-פלמוליב,BR,משחת קולגייט,מיליליטרים,100.00,"100 מ""ל",false,0,9.80,9.80,true,1,
7891024130063,false,פלקס שטיפה ל.אלכוהול500,קולגייט-פלמוליב,BR,פלקס שטיפה,מיליליטרים,500.00,"100 מ""ל",false,0,31.60,6.32,true,1,
7900035124036,false,סט שרותים קלאסי,מרקט וליום,CN,סט שרותים קלאסי,יחידה,1.00,יחידה,false,1,12.90,12.90,true,1,
8000113003402,false,קמח תירס,,IT,קמח תירס,קילוגרמים,1.00,"ק""ג",false,0,16.20,16.20,true,1,
8000380001958,false,ממרח אגוזים לואקר 320גרם,לואקר,IT,ממרח אגוזים,גרמים,320.00,100 גרם,false,0,17.90,5.59,true,1,
8000380004669,false,וופל לואקר קקאו 200 גרם,לואקר,IT,וופל לואקר קקאו,גרמים,200.00,100 גרם,false,0,12.80,6.40,true,1,
8000380004676,false,ופלים לואקר וניל 200 גרם,לואקר,IT,ופלים לואקר,גרמים,200.00,100 גרם,false,0,12.80,6.40,true,1,
8000380004911,false,ופלים קואדרטיני אגוז250ג,לואקר,IT,ופל קואדרטיני,גרמים,250.00,100 גרם,false,0,11.90,4.76,true,1,
8000380004942,false,וופלים קאודרטיני וניל250,לואקר,AT,וופלים קאודרטיני,גרמים,250.00,100 גרם,false,0,11.90,4.76,true,1,
8000380004966,false,ופלים קואדרטיני קקאו250ג,לואקר,IT,ופל קואדרטיני,גרמים,250.00,100 גרם,false,0,11.90,4.76,true,1,
8000380007219,false,ופלים לואקר ט.אגוזים175ג,לואקר,IT,ופלים לואקר,גרמים,175.00,100 גרם,false,0,10.00,5.71,true,1,
8000380007257,false,ופלים גרדנה 200 גרם,לואקר,IT,ופלים גרדנה,גרמים,200.00,100 גרם,false,0,14.40,7.20,true,1,
8000380007264,false,ופלים לואקר ט.קקאו 175גר,לואקר,IT,ופלים לואקר,גרמים,175.00,100 גרם,false,0,10.00,5.71,true,1,
8000380106028,false,וופל טורטינה אורגינל125ג,לואקר,IT,וופל טורטינה,גרמים,125.00,100 גרם,false,0,13.90,11.12,true,1,
8000380142484,false,וופל קואדרטיני מריר250גר,לואקר,IT,וופל קואדרטיני,גרמים,250.00,100 גרם,false,0,11.90,4.76,true,1,
8000380148707,false,לואקר קלאסיק שוקולד45*4ג,לואקר,AT,ופל לואקר 4 יח,גרמים,180.00,100 גרם,false,0,16.80,9.33,true,1,
8000380153534,false,טורטינה שוקולד לבן 125גר,לואקר,IT,טורטינה לבן,גרמים,125.00,100 גרם,false,0,13.90,11.12,true,1,
8000380156825,false,שוקולד לואקר חלב 87 גרם,לואקר,IT,שוקולד לואקר,גרמים,87.00,100 גרם,false,0,8.80,10.11,true,1,
8000380156832,false,שוקולד לואקר קרם קקאו87ג,לואקר,IT,שוקולד לואקר,גרמים,87.00,100 גרם,false,0,8.80,10.11,true,1,
8000380156849,false,שוקולד לואקר מריר 87 גרם,לואקר,IT,שוקולד לואקר,גרמים,87.00,100 גרם,false,0,8.80,10.11,true,1,
8000500023624,false,חטיף קינדר הפי היפו 5יח',פררו - אלבה,IT,קינדר הפי היפו,גרמים,102.00,100 גרם,false,0,11.90,11.67,true,1,
8000500029350,false,קינדר בואנו 43*3 גרם,פררו - אלבה,IT,קינדר בואנו,גרמים,129.00,100 גרם,false,0,11.90,9.22,true,1,
8000500071083,false,שוקולד קינדר 200 גרם,פררו - אלבה,IT,שוקולד חלב קינדר,גרמים,200.00,100 גרם,false,0,13.90,6.95,true,1,
8000500075708,false,ביצי קינדר ג'וי כחול20*3,פררו - אלבה,PL,קינדר ג'וי כחול,גרמים,60.00,100 גרם,false,0,13.90,23.17,true,1,
8000500121436,false,קינדר בואנו לבן 39*3 גרם,פררו - אלבה,PL,קינדר בואנו לבן,גרמים,117.00,100 גרם,false,0,11.90,10.17,true,1,
8000500126325,false,ביצי קינדר ג'וי ורוד20*3,פררו - אלבה,PL,קינדר ג'וי ורוד,גרמים,60.00,100 גרם,false,0,13.90,23.17,true,1,
8000500172810,false,סוכ.טיק טק תות שדה4יח16*,פררו - אלבה,EC,טיק טק תות שדה,גרמים,64.00,100 גרם,false,0,10.90,17.03,true,1,
8000500214114,false,קינדר בואנו מריר 21.5*2ג,פררו - אלבה,PL,קינדר בואנו,גרמים,43.00,100 גרם,false,1,4.90,11.40,true,1,
8001620011935,false,סאן בנדטו 6 יח',,IT,סאן בנדטו 6 יח',ליטרים,3.00,ליטר,false,0,10.90,3.63,true,1,
8002270866524,false,סן פלגרינו,,IL,סן פלגרינו,ליטרים,1.00,ליטר,false,0,7.00,7.00,true,1,
8002450204009,false,"ורדי אפרסק 750 מ""ל",בוסקה,IT,ורדי אפרסק,מיליליטרים,750.00,"100 מ""ל",false,0,19.90,2.65,true,1,
8002450206003,false,"ורדי רימונים 750 מ""ל",בוסקה,IT,ורדי רימונים,מיליליטרים,750.00,"100 מ""ל",false,0,19.90,2.65,true,1,
8003230001245,false,"ליקר לימונצ'לו 500 מ""ל",טורינו דיסטילאטי,IT,ליקר לימונצ'לו,מיליליטרים,500.00,"100 מ""ל",false,0,39.90,7.98,true,1,
8003440982594,false,מסטיק סטיקס מנטה עדינה4י,פרפטי ואן מלה,TR,מנטוס סטיקס,גרמים,76.00,100 גרם,false,1,10.40,13.68,true,1,
8003440982600,false,מנטוס סטיקס מנטה19*4גרם,פרפטי ואן מלה,TR,מנטוס סטיקס,גרמים,76.00,100 גרם,false,1,10.40,13.68,true,1,
8003440982617,false,מסטיק סטיקס מלון+לימונ4י,פרפטי ואן מלה,TR,מנטוס סטיקס,גרמים,76.00,100 גרם,false,1,10.40,13.68,true,1,
8003440982624,false,מסטיק סטיקס פטל תפוז19*4,פרפטי ואן מלה,TR,מנטוס סטיקס,גרמים,76.00,100 גרם,false,1,10.40,13.68,true,1,
8004030022010,false,ירקות גינה עם טונה160גרם,בולטון,IT,ירקות עם טונה,גרמים,160.00,100 גרם,false,1,17.70,11.06,true,1,
8004030081024,false,טונה בשמן זית ופלפל160גר,בולטון,IT,טונה בשמן זית,גרמים,160.00,100 גרם,false,0,16.80,10.50,true,1,
8004905550259,false,עוגות אישיות,,CH,עוגות אישיות,גרמים,288.00,100 גרם,false,0,9.90,3.44,true,1,
8004905550310,false,עוגות אישיות,,IT,עוגות אישיות,גרמים,288.00,100 גרם,false,0,9.90,3.44,true,1,
8004905550334,false,עוגות אישיות,,IT,עוגות אישיות,גרמים,350.00,100 גרם,false,0,9.90,2.83,true,1,
8004905550358,false,עוגות אישיות,,IT,עוגות אישיות,גרמים,350.00,100 גרם,false,0,9.90,2.83,true,1,
8005110060007,false,עגבניות מקולפות,,,עגבניות מקולפות,גרמים,400.00,100 גרם,false,0,6.70,1.68,true,1,
8005110120015,false,רסק עגבניות מרוכז 200גרם,מוטי,IT,רסק עגבניות,גרמים,200.00,100 גרם,false,1,7.90,3.95,true,1,
8005110171215,false,עגבניות חתוכות 690 גרם,מוטי,IT,עגבניות חתוכות,גרמים,690.00,100 גרם,false,0,14.90,2.16,true,1,
8005200036561,false,נסטי מוגז בטעם אפרסק1.5ל,סן-פלגרינו,IT,נסטי מוגז אפרסק,ליטרים,1.50,ליטר,false,1,5.50,3.67,true,1,
8005200496525,false,נסטי בטעם אפרסק 1.5 ליטר,סן-פלגרינו,IT,נסטי בטעם אפרסק,ליטרים,1.50,ליטר,false,0,5.50,3.67,true,1,
8005200516520,false,נסטי דיאט טעם אפרסק 1.5ל,סן-פלגרינו,IT,נסטי דיאט אפרסק,ליטרים,1.50,ליטר,false,0,5.50,3.67,true,1,
8005200536528,false,נסטי מנגו אננס 1.5 ליטר,סן-פלגרינו,IT,נסטי מנגו אננס,ליטרים,1.50,ליטר,false,0,5.50,3.67,true,1,
8005200556526,false,נסטי בטעם לימון 1.5 ליטר,סן-פלגרינו,IT,נסטי בטעם לימון,ליטרים,1.50,ליטר,false,0,5.50,3.67,true,1,
8005200786527,false,נסטי בטעם תפוח 1.5 ליטר,סן-פלגרינו,IT,נסטי בטעם תפוח,ליטרים,1.50,ליטר,false,0,5.50,3.67,true,1,
8005200826537,false,נסטי מוגז בטעם לימון1.5ל,סן-פלגרינו,IT,נסטי מוגז לימון,ליטרים,1.50,ליטר,false,1,5.50,3.67,true,1,
8005200846535,false,נסטי מוגז אפרסק דיאט1.5ל,סן-פלגרינו,IT,נסטי מוגז אפרסק,ליטרים,1.50,ליטר,false,1,5.50,3.67,true,1,
8008620009276,false,קרקר מלוח 500 גרם,.,IT,קרקר מלוח,גרמים,500.00,100 גרם,false,0,9.90,1.98,true,1,
8008620009290,false,קרקר חיטה 500 גרם,.,IT,קרקר חיטה,גרמים,500.00,100 גרם,false,0,9.90,1.98,true,1,
8010445003308,false,שמן זית כתית מעולה 750 מ,CLEMENTE OLEARIA,IT,שמן זית,גרמים,750.00,100 גרם,false,0,25.90,3.45,true,1,
8014515330059,false,עגבניות שלמות מקולפות400,שופרסל-ייבוא,IT,עגבניות שלמות,גרמים,400.00,100 גרם,false,0,5.90,1.48,true,1,
8032880800243,false,פיקניק הפתעה 50 גרם,הוסטה,IT,פיקניק הפתעה,גרמים,50.00,100 גרם,false,0,7.40,14.80,true,1,
8076800195019,false,ספגטי מס' 1 קפליני500גרם,ברילה,IT,ספגטי ברילה,גרמים,500.00,100 גרם,false,0,7.90,1.58,true,1,
8076800195033,false,ספגטיני מס' 3 500 גרם,ברילה,IT,ספגטיני מס' 3,גרמים,500.00,100 גרם,false,0,7.90,1.58,true,1,
8076800195057,false,ספגטיני מס' 5 ברילה500גר,ברילה,IT,ספגטי מס 5 ברילה,גרמים,500.00,100 גרם,false,0,7.90,1.58,true,1,
8076800195132,false,אטריות בבטה מס13' 500גרם,ברילה,IT,אטריות בבטה,גרמים,500.00,100 גרם,false,0,7.90,1.58,true,1,
8076800315479,false,פסטה דיטלוני ריגוטוני500,ברילה,IL,פסטה מיסטה,גרמים,500.00,100 גרם,false,0,7.90,1.58,true,1,
8076802085738,false,פנה ריגטה מס73' 500 גרם,ברילה,IL,פנה ריגטה ברילה,גרמים,500.00,100 גרם,false,0,7.90,1.58,true,1,
8076808050440,false,פסטה מקרוני מס44' 500 גר,ברילה,IT,מקרוני ברילה,גרמים,500.00,100 גרם,false,0,7.90,1.58,true,1,
8076808060654,false,פסטה פרפלה מס65' 500 גרם,ברילה,IL,פסטה פרפלה ברילה,גרמים,500.00,100 גרם,false,0,7.90,1.58,true,1,
8076808070882,false,קנלוני ברילה 250 גרם,ברילה,IT,קנלוני ברילה,גרמים,250.00,100 גרם,false,0,12.70,5.08,true,1,
8076808150072,false,ספגטי מס' 7 500 גרם,ברילה,IT,ספגטי ברילה,גרמים,500.00,100 גרם,false,0,7.90,1.58,true,1,
8076809512268,false,פסטה גירנדולה מס34' 500ג,ברילה,IT,פסטה גירנדולה,גרמים,500.00,100 גרם,false,0,7.90,1.58,true,1,
8076809513388,false,רוטב לפסטה ארביאטה400גרם,ברילה,IT,רוטב לפסטה,גרמים,400.00,100 גרם,false,0,10.00,2.50,true,1,
8076809513395,false,רוטב פומודורו ברילה 400ג,ברילה,IT,רוטב עגבניות,גרמים,400.00,100 גרם,false,0,10.00,2.50,true,1,
8076809513692,false,רוטב לפסטה נפוליטנה400גר,ברילה,IT,רוטב לפסטה,גרמים,400.00,100 גרם,false,0,10.00,2.50,true,1,
8076809513739,false,רוטב בזיליקום ברילה400גר,ברילה,IT,רוטב בזיליקום,גרמים,400.00,100 גרם,false,0,10.00,2.50,true,1,
8076809523561,false,רוטב עגבניות טוסקנה400ג,ברילה,IT,רוטב עגבניות,גרמים,400.00,100 גרם,false,0,10.00,2.50,true,1,
8076809523714,false,טליאטלה אטריות 500 גרם,ברילה,IT,טליאטלה אטריות,גרמים,500.00,100 גרם,false,0,22.90,4.58,true,1,
8076809523738,false,לזניה ברילה 500 גרם,ברילה,IT,לזניה ברילה,גרמים,500.00,100 גרם,false,0,15.00,3.00,true,1,
8076809529419,false,ספגטי מחיטה מלאה 500 גרם,ברילה,IT,ספגטי חיטה מלא,גרמים,500.00,100 גרם,false,0,13.40,2.68,true,1,
8076809529433,false,פנטה רגטה מחיטה מלאה500ג,ברילה,IT,פנטה רגטה,גרמים,500.00,100 גרם,false,0,13.40,2.68,true,1,
8076809545440,false,אטריות ל.גלוטן ברילה400ג,ברילה,IT,אטריות ללא גלוטן,גרמים,400.00,100 גרם,false,1,10.90,2.73,true,1,
8076809545457,false,צינורות ל.גלוטן ברילה400,ברילה,IT,ברילה צינורות,גרמים,400.00,100 גרם,false,1,10.90,2.73,true,1,
8076809545464,false,ספירלי ל.גלוטן ברילה400ג,ברילה,IT,ספירלי ברילה,גרמים,400.00,100 גרם,false,1,10.90,2.73,true,1,
8410076610225,false,צ'ואי שוק.מריר+בוטנים5יח,ג'נרל מילס,ES,צ'ואי שוקולד,גרמים,150.00,100 גרם,false,0,17.90,11.93,true,1,
8410076610270,false,נייטשר ואלי פופקורן שקד5,ג'נרל מילס,ES,חטיף נייטשר ואלי,גרמים,100.00,100 גרם,false,1,19.70,19.70,true,1,
8410104039134,false,"פיניש לניקוי מדיח 250מ""ל",רקיט בנקיזר,PL,פיניש ניקוי מדיח,מיליליטרים,250.00,"100 מ""ל",false,0,14.90,5.96,true,1,
8410104044916,false,"פיניש אבקה למדיח 2.7 ק""ג",רקיט בנקיזר,IL,"פיניש אבקה למדיח 2.7 ק""ג",קילוגרמים,2.70,"ק""ג",false,0,47.90,17.74,true,1,
8410104133092,false,"קלגון 1 ק""ג",רקיט בנקיזר,PL,"קלגון אבקה 1 ק""ג",קילוגרמים,1.00,"ק""ג",false,0,34.70,34.70,true,1,
8410104437268,false,פיניש מפיג ריח למדיח,רקיט בנקיזר,IT,פיניש מפיג ריח,יחידה,1.00,יחידה,false,0,16.90,16.90,true,1,
8410104511340,false,ויט 12רצועות שעווה יבש,רקיט בנקיזר,FR,רצועות שעווה ויט,יחידה,1.00,יחידה,false,0,24.90,24.90,true,1,
8410179007489,false,פסטה פרפלה בורחס 500גרם,דה מטיאס אגרו,IT,פסטה פרפלה,גרמים,500.00,100 גרם,false,0,7.10,1.42,true,1,
8410179007496,false,ספגטי בורחס 500 גרם,דה מטיאס אגרו,IT,ספגטי בורחס,גרמים,500.00,100 גרם,false,0,7.10,1.42,true,1,
8410196051380,false,"עוג.שוקולד מריר ללת""ס120",וירג'יניאס,ES,עוגיות מצופות,גרמים,120.00,100 גרם,false,1,15.90,13.25,true,1,
8410196051663,false,"עוג.חיטה מלאה ללת""ס180ג",וירג'יניאס,ES,עוגיות חיטה מלאה,גרמים,180.00,100 גרם,false,1,8.90,4.94,true,1,
8410196051724,false,"עוג.ח.מלא וסויה ללת""ס180",וירג'יניאס,ES,עוגיות חיטה מלאה,גרמים,180.00,100 גרם,false,1,8.90,4.94,true,1,
8410196051731,false,"עוג.בשוקולד חלב ללת""ס120",וירג'יניאס,ES,עוגיות מצופות,גרמים,120.00,100 גרם,false,1,15.90,13.25,true,1,
8410376009392,false,ביסקוויט חיט.מלא ללתס170,גולון,ES,"ביסקוויט ללת""ס",גרמים,170.00,100 גרם,false,1,9.90,5.82,true,1,
8410376009415,false,ביסקויט ללתס שוקוציפס125,גולון,ES,"ביסקויט ללת""ס",גרמים,125.00,100 גרם,false,0,9.80,7.84,true,1,
8410376010701,false,"ביסקוויט מרי ללת""ס 400 ג",גולון,ES,"ביסקוויט ללת""ס",גרמים,400.00,100 גרם,false,1,16.90,4.23,true,1,
8410376037821,false,"ביסקויט לל""ס שוק+סויה144",גולון,ES,ביסקויט ללא סוכר,גרמים,144.00,100 גרם,false,0,11.80,8.19,true,1,
8410376044393,false,"עוגיות סנדוויץ ללת""ס210ג",גולון,ES,עוגיות סנדוויץ,גרמים,210.00,100 גרם,false,1,17.90,8.52,true,1,
8410644120118,false,קאווה חצי יבש,,IL,קאווה חצי יבש,מיליליטרים,750.00,"100 מ""ל",false,0,24.90,3.32,true,1,
8410644611203,false,קאווה אימבריקה,,ES,קאווה אימבריקה,מיליליטרים,750.00,"100 מ""ל",false,0,24.90,3.32,true,1,
8410655000423,false,"בירה סאן מיגל 330*4 מ""ל",סאן מיגל,ES,בירה סאן מיגל4יח,ליטרים,1.32,ליטר,false,0,24.90,18.86,true,1,
8411640001036,false,"וודקה תפוז ספיריט 275מ""ל",דסטילריאס מ.ג,ES,וודקה תפוז,מיליליטרים,275.00,"100 מ""ל",false,0,9.90,3.60,true,1,
8411640001043,false,"וודקה ליים ספיריט 275מ""ל",דסטילריאס מ.ג,ES,וודקה ליים,מיליליטרים,275.00,"100 מ""ל",false,0,9.90,3.60,true,1,
8411640001098,false,"וודקה אננס ספיריט 275מ""ל",דסטילריאס מ.ג,ES,וודקה אננס,מיליליטרים,275.00,"100 מ""ל",false,0,9.90,3.60,true,1,
8411640001364,false,וודקה אשכוליות ספיריט275,דסטילריאס מ.ג,ES,וודקה אשכוליות,מיליליטרים,275.00,"100 מ""ל",false,0,9.90,3.60,true,1,
8411640001371,false,וודקה אוכמניות ספיריט275,דסטילריאס מ.ג,ES,וודקה אוכמניות,מיליליטרים,275.00,"100 מ""ל",false,0,9.90,3.60,true,1,
8420241129582,false,חטיפי מיני נוגט בוטני200,נטרה,ES,חטיפי מיני נוגט,גרמים,200.00,100 גרם,false,0,9.80,4.90,true,1,
8423207206501,false,סלים דליס רב דגנים חלב6י,סלים דליס,ES,חטיפי דגנים מרבה,גרמים,120.00,100 גרם,false,0,10.00,8.33,true,1,
8423207208680,false,סלים דליס ילדים ש.חלב6יח,סלים דליס,ES,סלים דליס 6 יח,גרמים,120.00,100 גרם,false,1,10.00,8.33,true,1,
8423207208697,false,סלים דליס ילדים ש.לבן6יח,סלים דליס,ES,סלים דליס 6 יח,גרמים,120.00,100 גרם,false,1,10.00,8.33,true,1,
8423207208703,false,סלים דליס שוקו.מריר 6 יח,סלים דליס,ES,סלים דליס 6 יח,גרמים,120.00,100 גרם,false,1,10.00,8.33,true,1,
8425206000081,false,ריבת חלב,,IL,ריבת חלב,גרמים,450.00,100 גרם,false,0,19.70,4.38,true,1,
8427030005461,false,סימילאק קומפורט שלב2 820,אבוט,ES,סימילאק קומפורט,גרמים,820.00,100 גרם,false,1,108.00,13.17,true,1,
8427030005478,false,סימילאק קומפורט שלב1 820,אבוט,ES,סימילאק קומפורט,גרמים,820.00,100 גרם,false,1,108.00,13.17,true,1,
8501864812379,false,גומיות חזקות במיוחד יח,מ.ח.ט,CN,גומיות חזקות,יחידה,1.00,יחידה,false,1,5.00,5.00,true,1,
8530190001010,false,ביצת הפלא,גרין-פלאש,GB,ביצת הפלא,יחידה,1.00,יחידה,false,0,29.60,29.60,true,1,
8594012822511,false,"בירה פאקה פרמן 500 מ""ל",שופרסל-ייבוא,CZ,בירה פאקא פרמן,מיליליטרים,500.00,"100 מ""ל",false,0,4.90,0.98,true,1,
8594403110173,false,בדוויזר 6 יח,,,בדוויזר 6 יח,ליטרים,1.98,ליטר,false,0,29.90,15.10,true,1,
8690327511727,false,"בירה קייזר 500 מ""ל","פורמן ס.א. בע""מ",PL,בירה קייזר,מיליליטרים,500.00,"100 מ""ל",false,1,5.80,1.16,true,1,
8690572760222,false,"מרכך סאיוס משקם 750 מ""ל",הנקל סוד,DE,מרכך סאיוס,מיליליטרים,750.00,"100 מ""ל",false,0,13.90,1.85,true,1,
8690572760239,false,מרכך סאיוס להגנת צבע750מ,הנקל סוד,DE,מרכך סאיוס להגנת צבע750מ,מיליליטרים,750.00,"100 מ""ל",false,0,13.90,1.85,true,1,
8690572774328,false,"מרכך סאיוס קרטין 750 מ""ל",הובי קוסמטיקס,TR,מרכך סאיוס,מיליליטרים,750.00,"100 מ""ל",false,1,13.90,1.85,true,1,
8690572775684,false,שמפו גליס לשיער צבוע650מ,הובי קוסמטיקס,TR,שמפו גליס,מיליליטרים,650.00,"100 מ""ל",false,1,27.70,4.26,true,1,
8690572775691,false,שמפו גליס אויל אלקסר650מ,הובי קוסמטיקס,TR,שמפו גליס,מיליליטרים,650.00,"100 מ""ל",false,1,27.70,4.26,true,1,
8690572775714,false,שמפו גליס אולטימייט650מ,הובי קוסמטיקס,TR,שמפו גליס,מיליליטרים,650.00,"100 מ""ל",false,1,27.70,4.26,true,1,
8690632032122,false,ופל מצופה שוקולד מריר32ג,גידה סנאי A.S קארקאביי,TR,ופל מצופה מריר,גרמים,32.00,100 גרם,false,1,3.40,10.63,true,1,
8690632054469,false,וופל פריך פתיתי אורז 35ג,נסטלה,TR,וופל פתיתי אורז,גרמים,35.00,100 גרם,false,0,3.40,9.71,true,1,
8690632080376,false,וופל קרם חלב מצופה 32 גר,נסטלה,TR,וופל קרם חלב,גרמים,32.00,100 גרם,false,0,3.40,10.63,true,1,
8690637041129,false,שמפו דאב לשיער פגום 400מ,יוניליוור,TR,שמפו דאב,מיליליטרים,400.00,"100 מ""ל",false,0,16.80,4.20,true,1,
8690637073496,false,חליטת ליפטון קמומיל20שק',יוניליוור,TR,חליטת ליפטון,גרמים,30.00,100 גרם,false,0,11.70,39.00,true,1,
8690637538858,false,"דאו.אקס שוקולד 150 מ""ל",יוניליוור,TR,דאודורנט אקס,מיליליטרים,150.00,"100 מ""ל",false,0,19.70,13.13,true,1,
8690637538940,false,"דאודורנט אקס וייס 150מ""ל",יוניליוור,TR,דאודורנט אקס,מיליליטרים,150.00,"100 מ""ל",false,0,19.70,13.13,true,1,
8690637543494,false,דאו.אקס ספריי 150AFRICAמ,יוניליוור,TR,דאודורנט אקס,מיליליטרים,150.00,"100 מ""ל",false,0,19.70,13.13,true,1,
8690637577512,false,דאו.אקס ספריי אקסייט150מ,יוניליוור,TR,דאודורנט אקס,מיליליטרים,150.00,"100 מ""ל",false,0,19.70,13.13,true,1,
8690637673887,false,אקס בודי ספריי גולד 150מ,יוניליוור,TR,אקס ספריי לגוף,מיליליטרים,150.00,"100 מ""ל",false,0,19.70,13.13,true,1,
8690637682551,false,בדין אקסטרה שחור960מל,יוניליוור,IL,בדין אקסטרה,מיליליטרים,960.00,"100 מ""ל",false,0,18.90,1.97,true,1,
8690637704291,false,"דאב שמפו משקם 600 מ""ל",יוניליוור,TR,דאב שמפו משקם,מיליליטרים,600.00,"100 מ""ל",false,0,15.00,2.50,true,1,
8690777203012,false,פלפל ירוק כבוש,,TR,פלפל ירוק כבוש,גרמים,600.00,100 גרם,false,0,11.90,1.98,true,1,
8690777204071,false,פלפל חריף,,TR,פלפל חריף,גרמים,640.00,100 גרם,false,0,11.90,1.86,true,1,
8690777221405,false,פלפל אדום קלוי,,,פלפל אדום קלוי,גרמים,650.00,100 גרם,false,0,11.90,1.83,true,1,
8690784211505,false,גלייד אירוסול 300 מל,vaill aerosol coster,TR,גלייד מטהר אוויר,מיליליטרים,300.00,"100 מ""ל",false,0,9.30,3.10,true,1,
8690784211802,false,גלייד אירוסול לבנדר 300מ,vaill aerosol coster,TR,גלייד מטהר אוויר,מיליליטרים,300.00,"100 מ""ל",false,0,9.30,3.10,true,1,
8690784211901,false,גלייד מטהר אוויר 300 מל,vaill aerosol coster,TR,גלייד מטהר אוויר,מיליליטרים,300.00,"100 מ""ל",false,0,9.30,3.10,true,1,
8690784511223,false,דאק לאסלה 5ב1ניחוח הדרים,דאופלור S.P.I,IT,דאק לאסלה 5ב1,יחידה,1.00,יחידה,false,1,7.50,7.50,true,1,
8690784511339,false,דאק לאסלה 5ב1ניחוח ים,דאופלור S.P.I,IT,דאק לאסלה 5ב1,יחידה,1.00,יחידה,false,1,7.50,7.50,true,1,
8690784511445,false,דאק לאסלה 5ב1ניחוח לבנדר,דאופלור S.P.I,IT,דאק לאסלה 5ב1,יחידה,1.00,יחידה,false,1,7.50,7.50,true,1,
8693323001902,false,סוכ.ג'לי פטל אוכמניות250,סאאדת,TR,סוכריות ג'לי,גרמים,250.00,100 גרם,false,0,7.90,3.16,true,1,
8693323689131,false,סוכ.ג'לי טעם תות וניל800,סאדאט,TR,סוכריות ג'לי,גרמים,800.00,100 גרם,false,1,18.60,2.33,true,1,
8693323690106,false,סוכ. גומי בטעם בננה100ג,סאדאט,TR,סוכריות גומי,גרמים,100.00,100 גרם,false,1,4.90,4.90,true,1,
8693323690113,false,סוכ. ג'לי דובונים 100גרם,סאדאט,TR,סוכריות ג'לי,גרמים,100.00,100 גרם,false,1,4.90,4.90,true,1,
8693323690144,false,סוכ. ג'לי תולעים חמוץ100,סאדאט,TR,סוכריות ג'לי,גרמים,100.00,100 גרם,false,1,4.90,4.90,true,1,
8693495037853,false,קולגייט 2מברשת סלים סופט,קולגייט-פלמוליב,CN,2 מברשות קולגייט,יחידה,1.00,יחידה,false,0,32.60,32.60,true,1,
8693495039468,false,פלמוליב ספא גורמה ו500מל,קולגייט-פלמוליב,TR,סבון פלמוליב,מיליליטרים,500.00,"100 מ""ל",false,1,18.90,3.78,true,1,
8693495041249,false,סבון נוזלי ספורט לגבר500,קולגייט-פלמוליב,TR,סבון נוזלי,מיליליטרים,500.00,"100 מ""ל",false,1,14.90,2.98,true,1,
8693495041263,false,ג'ל רחצה לגבר פלמוליב500,קולגייט-פלמוליב,TR,ג'ל רחצה,מיליליטרים,500.00,"100 מ""ל",false,1,14.90,2.98,true,1,
8693495041461,false,2מברשות סלים סופט פחם,קולגייט-פלמוליב,CN,זוג מברשות,יחידה,1.00,יחידה,false,0,30.90,30.90,true,1,
8693495045643,false,פלמוליב ספא אפרסק500מ,קולגייט-פלמוליב,TR,סבון פלמוליב,מיליליטרים,500.00,"100 מ""ל",false,1,18.90,3.78,true,1,
8695504121102,false,ביצי שוקולד נסטלה 20*3 ג,נסטלה,,ביצי שוקולד 3 יח,גרמים,60.00,100 גרם,false,0,9.80,16.33,true,1,
8697420500375,false,מיץ תפוחים,,IL,מיץ תפוחים,ליטרים,1.00,ליטר,false,0,17.20,17.20,true,1,
8697420502072,false,מיץ רימונים,,IL,מיץ רימונים,ליטרים,1.00,ליטר,false,0,18.10,18.10,true,1,
8697530910750,false,פאל מאל כחול ארוך חפ.,bat,TR,פאל מאל חפ.,יחידה,1.00,יחידה,false,0,28.50,28.50,false,1,
8697530910781,false,פאל מאל אדום חפיסה,bat,TR,פאל מאל,יחידה,1.00,יחידה,false,0,28.50,28.50,false,1,
8697530911276,false,קנט קצר חפיסה,bat,TR,קנט קצר חפיסה,יחידה,1.00,יחידה,false,0,34.50,34.50,false,1,
8710428005755,false,סימילאק איזומיל NG 400 ג,אבוט,IL,סימילאק איזומיל,גרמים,400.00,100 גרם,false,0,42.50,10.63,true,1,
8710428005762,false,סימילאק איזומיל NGטף400,אבוט,IL,סימילאק איזומיל,גרמים,400.00,100 גרם,false,0,42.50,10.63,true,1,
8710428021533,false,סימילאק פדיאשור ונילה400,אבוט,IE,סימילאק פדיאשור,גרמים,400.00,100 גרם,false,0,44.90,11.23,true,1,
8710502064814,false,עוג.שוקוציפס מרקם רך175ג,מרבה,NL,עוגיות מרבה,גרמים,175.00,100 גרם,false,1,9.50,5.43,true,1,
8710502139017,false,עוג.טריפל שוקוצ'יפס180גר,מרבה,NL,עוגיות שוקוצ'יפס,גרמים,180.00,100 גרם,false,0,9.50,5.28,true,1,
8710502405204,false,עוג.מרבה ממולאות שוקו175,מרבה,NL,עוגיות מרבה,גרמים,175.00,100 גרם,false,0,9.50,5.43,true,1,
8710502470028,false,עוג.שוקוצ'יפס נוגטלי160ג,מרבה,NL,עוגיות שוקוצ'יפס,גרמים,160.00,100 גרם,false,0,9.50,5.94,true,1,
8710625282164,false,"פינה קולדה 700 מ""ל",באוולנד,ES,פינה קולדה,מיליליטרים,700.00,"100 מ""ל",false,0,64.40,9.20,true,1,
8710911004098,false,פטריות חתוכות 290ג,פרוצ'אמפ,NL,פטריות חתוכות 290ג,גרמים,290.00,100 גרם,false,0,3.90,1.34,true,1,
8711600359659,false,ג'ל רחצה אקס אקסייט 400מ,יוניליוור,IL,ג'ל רחצה אקס,מיליליטרים,400.00,"100 מ""ל",false,0,10.00,2.50,true,1,
8712400717984,false,נוטרילון קומפורט 400 גרם,נוטרישיה קאלק,IL,נוטרילון 400 גרם,גרמים,400.00,100 גרם,false,0,47.50,11.88,true,1,
8712400802512,false,נוטרילון שלב2- 800 גרם,נוטרישיה קאלק,NL,נוטרילון שלב2-,גרמים,800.00,100 גרם,false,0,64.90,8.11,true,1,
8712400802536,false,נוטרילון שלב3- 800 גרם,נוטרישיה קאלק,NL,נוטרילון שלב3-,גרמים,800.00,100 גרם,false,0,64.90,8.11,true,1,
8712561594240,false,תח.רחצה דאב הזנה עמוק500,יוניליוור,DE,תחליב רחצה דאב,מיליליטרים,500.00,"100 מ""ל",false,1,17.90,3.58,true,1,
8712561611411,false,תח.רחצה דאב תה ירוק 750מ,יוניליוור,DE,תחליב רחצה דאב,מיליליטרים,750.00,"100 מ""ל",false,1,17.90,2.39,true,1,
8712561653220,false,תחליב רחצה דאב תאנה 750,יוניליוור,DE,תחליב רחצה דאב,מיליליטרים,750.00,"100 מ""ל",false,1,17.90,2.39,true,1,
8712566127931,false,תה ירוק לימון מליסה20שק',יוניליוור,RU,תה ירוק,גרמים,32.00,100 גרם,false,0,16.50,51.56,true,1,
8714599513781,false,קפה נמס ג'קובס גולד 200ג,ג'יי.די.אי.,RU,קפה נמס ג'קובס,גרמים,200.00,100 גרם,false,1,26.90,13.45,true,1,
8714599513866,false,קפה נמס ג'קובס קרוננג200,ג'יי.די.אי.,RU,קפה נמס ג'קובס,גרמים,200.00,100 גרם,false,1,29.90,14.95,true,1,
8714789177229,false,4 מב.קולגייט אקסטרה קלין,קולגייט-פלמוליב,VN,4 מברשות שיניים,יחידה,1.00,יחידה,false,0,10.00,10.00,true,1,
8714789213033,false,מברשת קולגייט מדיום 2 יח,קולגייט-פלמוליב,CN,2 מברשות שיניים,יחידה,1.00,יחידה,false,0,30.00,30.00,true,1,
8714789218465,false,2 מברשות קולגייט סופט,קולגייט-פלמוליב,CN,2 מברשות שיניים,יחידה,1.00,יחידה,false,0,30.00,30.00,true,1,
8714789292939,false,2 מברש.קולגייט מקס פרש S,קולגייט-פלמוליב,CN,2 מברשות שיניים,יחידה,1.00,יחידה,false,0,20.00,20.00,true,1,
8714789303925,false,2 מברשות קולגייט סנסטיב,קולגייט-פלמוליב,CH,2 מברשות שיניים,יחידה,1.00,יחידה,false,0,30.00,30.00,true,1,
8714789402918,false,אג'קס חג.פרחים אדום 1.5ל,קולגייט-פלמוליב,GR,אג'קס לניקוי,ליטרים,1.50,ליטר,false,0,19.90,13.27,true,1,
8714789402932,false,אג'קס חגיגת פרחי.ורוד1.5,קולגייט-פלמוליב,GR,אג'קס לניקוי,ליטרים,1.50,ליטר,false,0,19.90,13.27,true,1,
8714789450315,false,פלמוליב לכלים לימון1.5ל',קולגייט-פלמוליב,IL,פלמוליב לכלים,ליטרים,1.50,ליטר,false,0,12.80,8.53,true,1,
8714789462912,false,פלמוליב לכלים מנטה 1 ל',קולגייט-פלמוליב,GR,פלמוליב לכלים,ליטרים,1.00,ליטר,false,0,12.70,12.70,true,1,
8714789582764,false,מרסס לניקוי חלונות 750 מ,קולגייט-פלמוליב,IL,מרסס לניקוי חלונות 750 מ,מיליליטרים,750.00,"100 מ""ל",false,0,15.30,2.04,true,1,
8714789722610,false,משחת קולגייט סנסטיב 75מל,קולגייט-פלמוליב,PL,משחת קולגייט,מיליליטרים,75.00,"100 מ""ל",false,0,9.90,13.20,true,1,
8714789791913,false,אג'קס פרחי לוטוס 1.5 ל,קולגייט-פלמוליב,GR,אג'קס פרחי לוטוס,ליטרים,1.50,ליטר,false,0,19.90,13.27,true,1,
8714789797786,false,פלמוליב 4ב1 כתום 750מל,קולגייט-פלמוליב,GR,פלמוליב לכלים,מיליליטרים,750.00,"100 מ""ל",false,0,9.70,1.29,true,1,
8714789855929,false,משחת קולגייט טוטל גאם75מ,קולגייט-פלמוליב,IL,משחת קולגייט,מיליליטרים,75.00,"100 מ""ל",false,0,21.70,28.93,true,1,
8714789861852,false,קולגייט מקס פרש קלין100מ,קולגייט-פלמוליב,PL,משחת קולגייט,מיליליטרים,100.00,"100 מ""ל",false,1,19.90,19.90,true,1,
8714789930848,false,משחת אופטיק וייט אינסט75,קולגייט-פלמוליב,PL,משחת קולגייט,מיליליטרים,75.00,"100 מ""ל",false,0,20.00,26.67,true,1,
8714789971230,false,אג'קס ניקוי כללי סבון 2ל,קולגייט-פלמוליב,GR,אג'קס ניקוי כללי,ליטרים,2.00,ליטר,false,0,20.90,10.45,true,1,
8714800004114,false,בירה בווריה,,NL,בירה בווריה,מיליליטרים,500.00,"100 מ""ל",false,0,7.90,1.58,true,1,
8715700419732,false,מתבל עגבניות היינץ700גרם,היינץ,NL,מתבל עגבניות,גרמים,700.00,100 גרם,false,0,12.90,1.84,true,1,
8715700420158,false,מתבל עגבנות היינץ 342גרם,היינץ,NL,מתבל עגבניות,גרמים,342.00,100 גרם,false,0,6.80,1.99,true,1,
8717163456613,false,תחליב דאב שטיפה אינטימית,יוניליוור,PL,שטיפה אינטימית,מיליליטרים,250.00,"100 מ""ל",false,0,31.00,12.40,true,1,
8717163559802,false,דאב קרם גוף לעור יבש 400,יוניליוור,DE,דאב קרם גוף,מיליליטרים,400.00,"100 מ""ל",false,0,25.90,6.48,true,1,
8718046002033,false,בון בון תות 200 גרם,לונקה,NL,בון בון תות,גרמים,200.00,100 גרם,false,1,10.80,5.40,true,1,
8718046012568,false,בון בון קולה 200 גרם,לונקה,NL,בון בון קולה,גרמים,200.00,100 גרם,false,1,10.80,5.40,true,1,
8718114734484,false,מיונז מיילי 320 גרם,יונילבר צרפת,FR,מיונז מיילי,גרמים,320.00,100 גרם,false,0,16.90,5.28,true,1,
8718951001589,false,ספריי מסיר שומנים 600מל,קולגייט-פלמוליב,GR,אגקס מסיר שומנים,מיליליטרים,600.00,"100 מ""ל",false,1,14.80,2.47,true,1,
8718951001596,false,אג'קס ספריי לאמבטיה600מל,קולגייט-פלמוליב,GR,אג'קס לאמבטיה,מיליליטרים,600.00,"100 מ""ל",false,1,14.80,2.47,true,1,
8718951001602,false,אג'קס ספריי רב פעולות600,קולגייט-פלמוליב,GR,אג'קס רב פעולות,מיליליטרים,600.00,"100 מ""ל",false,1,14.80,2.47,true,1,
8718951044913,false,"משחת מרידול להלבנה 75מ""ל",גאבה,DE,משחת מרידול,מיליליטרים,75.00,"100 מ""ל",false,1,21.70,28.93,true,1,
8718951059610,false,פלמוליב שקוף לימון 750מל,קולגייט-פלמוליב,GR,פלמוליב לכלים,מיליליטרים,750.00,"100 מ""ל",false,1,9.70,1.29,true,1,
8722700202325,false,מלפפון קורנישון מיני400ג,מייל,FR,מלפפון קורנישון,גרמים,400.00,100 גרם,false,1,29.90,7.48,true,1,
8801055706440,false,טסטרס צ'ויס טו גו 36 גרם,נסטלה,KR,קפה טסטרס צ'וייס,גרמים,36.00,100 גרם,false,0,9.90,27.50,true,1,
8801055706952,false,נסקפה קפוצ'ינו קרמל170גר,נסטלה,KR,קפוצ'ינו קרמל,גרמים,170.00,100 גרם,false,0,19.30,11.35,true,1,
8801055706976,false,נסקפה קפוצ'ינו וניל185ג,נסטלה,KR,קפוצ'ינו וניל,גרמים,185.00,100 גרם,false,0,19.30,10.43,true,1,
8801055707188,false,נסקפה קפוצ'ינו אגוזים180,נסטלה,KR,נס קפה קפוצ'ינו,גרמים,180.00,100 גרם,false,0,19.30,10.72,true,1,
8850206011025,false,"רוטב סויה בהירה 700 מ""ל",יאן ואל יון,IL,רוטב סויה בהירה,מיליליטרים,700.00,"100 מ""ל",false,0,13.80,1.97,true,1,
8850206110025,false,"רוטב צילי מתוק 700 מ""ל",יאן ואל יון,IL,רוטב צילי מתוק,מיליליטרים,700.00,"100 מ""ל",false,0,13.90,1.99,true,1,
8850206224135,false,"רוטב טריאקי 250 מ""ל",יאן ואל קורפוריישן גרופ,TH,רוטב טריאקי,מיליליטרים,250.00,"100 מ""ל",false,0,13.80,5.52,true,1,
8850206701544,false,"רוטב פאד תאי 250 מ""ל",יאן ואל קורפוריישן גרופ,TH,רוטב פאד תאי,מיליליטרים,250.00,"100 מ""ל",false,0,13.80,5.52,true,1,
8850206801473,false,"רוטב קארי ירוק 250 מ""ל",יאן ואל קורפוריישן גרופ,TH,רוטב קארי ירוק,מיליליטרים,250.00,"100 מ""ל",false,1,13.80,5.52,true,1,
8850227010182,false,אטריות אורז 454 גרם,יאן ואל קורפוריישן גרופ,TH,אטריות אורז,גרמים,454.00,100 גרם,false,0,9.80,2.16,true,1,
8850389105825,false,סאפה אלוורה ענבים 1 ליטר,FOOD GENERAL SAPANAN,TH,סאפה ענבים,ליטרים,1.00,ליטר,false,0,10.00,10.00,true,1,
8850389105832,false,סאפה אלוורה תפוחים 1ליטר,FOOD GENERAL SAPANAN,TH,סאפה תפוחים,ליטרים,1.00,ליטר,false,0,10.00,10.00,true,1,
8850389111666,false,משקה אלוורה בטעם אננס1ל,FOOD GENERAL SAPANAN,TH,משקה אלוורה,ליטרים,1.00,ליטר,false,1,10.00,10.00,true,1,
8850632604372,false,יוגטה חמוץ שטיח תות 50גר,סאאדת,TH,יוגטה ממתק חמוץ,גרמים,50.00,100 גרם,false,0,4.60,9.20,true,1,
8851613101378,false,נוזל קוקוס,,TH,נוזל קוקוס,מיליליטרים,250.00,"100 מ""ל",false,0,8.80,3.52,true,1,
8851613101385,false,חלב קוקוס,,TR,חלב קוקוס,מיליליטרים,500.00,"100 מ""ל",false,0,11.00,2.20,true,1,
8857101301008,false,רוטב צ'ילי,,TH,רוטב צ'ילי,מיליליטרים,700.00,"100 מ""ל",false,0,7.90,1.13,true,1,
8888021200256,false,שמינית סוללות AA,אנרג'ייזר,US,שמינית סוללות,יחידה,1.00,יחידה,false,0,26.80,26.80,true,1,
8888021200720,false,שמינית סוללות AAA,אנרג'ייזר,US,8 סוללות AAA,יחידה,1.00,יחידה,false,0,26.80,26.80,true,1,
8888111030053,false,מיץ אננס 100%טבעי 240*4מ,פילפאק,PH,מיץ אננס 4 יח,מיליליטרים,960.00,"100 מ""ל",false,1,10.00,1.04,true,1,
8888111030107,false,מיץ תפוחים100%טבעי240*4מ,"פילד פרש פודס בע""מ",IN,מיץ תפוחים 4 יח,מיליליטרים,960.00,"100 מ""ל",false,1,10.00,1.04,true,1,
8901030002410,false,דאב קרם גוף מלפפונים400מ,יוניליוור,DE,קרם גוף דאב,מיליליטרים,400.00,"100 מ""ל",false,0,25.90,6.48,true,1,
8901537024014,false,אורז בסמטי,,IN,אורז בסמטי,קילוגרמים,1.00,"ק""ג",false,0,13.90,13.90,true,1,
8992760221028,false,עוגיות אוראו 137 גרם,מונדלייז,ID,עוגיות אוראו,גרמים,137.00,100 גרם,false,1,6.90,5.04,true,1,
9000100930628,false,סומט גולד 44טבליות למדיח,הנקל סוד,DE,סומט טבליות,יחידה,1.00,יחידה,false,1,36.60,36.60,true,1,
9001616203305,false,פיטמה MAM למזון סמיך,.,AT,פיטמה למזון סמיך,יחידה,1.00,יחידה,false,0,29.00,29.00,true,1,
9044400841000,false,בובת פז 3+יח מילוי,פז,AT,סוכריות פז,יחידה,1.00,יחידה,false,0,10.90,10.90,true,1,
9310072000282,false,טים טם ביסקויט שו.חלב200,ארנולטס,AU,ביסקויט טים טאם,גרמים,200.00,100 גרם,false,0,19.90,9.95,true,1,
9310072028750,false,טים טם דאבל 200 גרם,ספץ תעשיות,AU,טים טם דאבל,גרמים,200.00,100 גרם,false,1,19.90,9.95,true,1,
9310088009514,false,8 תחתוני דיפנד M נשים,חוגלה קימברלי,KR,תחתוני דיפנד M,יחידה,1.00,יחידה,false,1,43.50,43.50,true,1,
9322969000015,false,פריכיות תירס 150 גרם,אלגם גיל,AU,פריכיות תירס,גרמים,150.00,100 גרם,false,0,12.80,8.53,true,1,
9322969000046,false,פריכיות תירס אורגני150גר,אלגם גיל,AU,פריכיות תירס,גרמים,150.00,100 גרם,false,0,12.80,8.53,true,1,
9720188050109,false,ממרח טופו בטעם טבעי 225ג,משק צוריאל תבור,US,ממרח טופו בטעם טבעי 225ג,גרמים,225.00,100 גרם,false,0,19.90,8.84,true,1,
9720188060108,false,ממרח טופו בטעם טבעי340גר,משק צוריאל תבור,US,ממרח טופו בטעם טבעי340גר,גרמים,340.00,100 גרם,false,0,19.90,5.85,true,1,
