code,internal_code,name,manufacturer_name,manufacture_country,manufacturer_item_description,unit_qty,quantity,unit_of_measure,weighted,qty_in_package,price,unit_of_measure_price,allow_discount,status,item_id
55,true,משלוחים לבית,,,משלוחים לבית,יחידה,0.00,יחידה,false,,29.90,0.0000,true,1,34390
173,true,דלעת ערמונים,,,דלעת ערמונים,קילוגרמים,1.00,"ק""ג",true,,11.90,11.9000,true,1,50693
301,true,בקבוק ריק חוזר בירה,,,בקבוק ריק חוזר בירה,יחידה,0.00,יחידה,false,,1.20,0.0000,true,1,6857
374,true,פטריות שמפניון,,,פטריות שמפניון,יח',1.00,יח',false,,9.90,9.9000,true,1,50694
505,true,כלי בית טקסטיל,,,כלי בית טקסטיל,יחידה,0.00,יחידה,false,,44.90,0.0000,true,1,27522
519,true,מעורב בבגט,,,מעורב בבגט,יחידה,0.00,יחידה,false,,25.00,0.0000,true,1,220807
572,true,קופון מצטרף חדש למוע,,,קופון מצטרף חדש למוע,יחידה,0.00,יחידה,false,,0.01,0.0000,true,1,34408
574,true,קופון מצטרף חדש למוע,,,קופון מצטרף חדש למוע,יחידה,0.00,יחידה,false,,14.90,0.0000,true,1,34410
996,true,חלה קלועה,,,חלה קלועה,יח',1.00,יח',false,,12.90,12.9000,true,1,2418
997,true,מיני חלה,,,מיני חלה,יחידה,0.00,יחידה,false,,6.90,0.0000,true,1,2419
998,true,חלה מתוקה קלועה,,,חלה מתוקה קלועה,יח',1.00,יח',false,,12.90,12.9000,true,1,2420
1043,true,כרוב לבן כשר,,,כרוב לבן כשר,קילוגרמים,1.00,"ק""ג",true,,14.90,14.9000,true,1,47661
1050,true,לחמניה חיטה מלאה (10,,,לחמניה חיטה מלאה (10,יח',1.00,יח',false,,3.90,3.9000,true,1,2430
1058,true,חלה רגילה/חלה ציפורי,,,חלה רגילה/חלה ציפורי,גרמים,500.00,100 גרם,false,,5.17,1.0340,true,1,4435
1059,true,חלה מתוקה 500 גרם,,,חלה מתוקה 500 גרם,גרמים,500.00,100 גרם,false,,12.90,2.5800,true,1,4436
1074,true,כרוב אדום כשר,,,כרוב אדום כשר,קילוגרמים,1.00,"ק""ג",true,,14.90,14.9000,true,1,47662
1091,true,צנונית בייבי,,,צנונית בייבי,גרמים,400.00,100 גרם,false,,6.90,1.7250,true,1,35525
1095,true,בייבי בטטה,,,בייבי בטטה,יח',1.00,יח',false,,7.90,7.9000,true,1,50697
1128,true,אגס חום,,,אגס חום,קילוגרמים,1.00,"ק""ג",true,,16.90,16.9000,true,1,50701
1476,true,לימון סיני,,,לימון סיני,קילוגרמים,1.00,"ק""ג",true,,12.90,12.9000,true,1,50704
1488,true,אשכולית אדומה,,,אשכולית אדומה,קילוגרמים,1.00,"ק""ג",true,,6.90,6.9000,true,1,50710
1494,true,תפו`א לבן תפזורת,,,תפו`א לבן תפזורת,קילוגרמים,1.00,"ק""ג",true,,4.90,4.9000,true,1,50715
1495,true,תפו`א אדום תפזורת,,,תפו`א אדום תפזורת,קילוגרמים,1.00,"ק""ג",true,,4.90,4.9000,true,1,50716
1500,true,פלפל כתום,,,פלפל כתום,קילוגרמים,1.00,"ק""ג",true,,9.90,9.9000,true,1,50719
1501,true,עגבניות,,,עגבניות,קילוגרמים,1.00,"ק""ג",true,,7.90,7.9000,true,1,50720
1502,true,מלפפונים,,,מלפפונים,קילוגרמים,1.00,"ק""ג",true,,6.90,6.9000,true,1,50721
1503,true,גזר ארוז,,,גזר ארוז,קילוגרמים,1.00,"ק""ג",true,,4.90,4.9000,true,1,50722
1504,true,סלק,,,סלק,קילוגרמים,1.00,"ק""ג",true,,4.90,4.9000,true,1,50723
1505,true,כרוב לבן,,,כרוב לבן,קילוגרמים,1.00,"ק""ג",true,,4.90,4.9000,true,1,50724
1506,true,כרוב אדום,,,כרוב אדום,קילוגרמים,1.00,"ק""ג",true,,6.90,6.9000,true,1,50725
1507,true,כרובית,,,כרובית,קילוגרמים,1.00,"ק""ג",true,,9.90,9.9000,true,1,50726
1510,true,קישואים,,,קישואים,קילוגרמים,1.00,"ק""ג",true,,9.90,9.9000,true,1,50727
1511,true,חצילים,,,חצילים,קילוגרמים,1.00,"ק""ג",true,,7.90,7.9000,true,1,50728
1513,true,פלפל ירוק,,,פלפל ירוק,קילוגרמים,1.00,"ק""ג",true,,8.90,8.9000,true,1,50729
1514,true,פלפל בהיר,,,פלפל בהיר,קילוגרמים,1.00,"ק""ג",true,,9.90,9.9000,true,1,50730
1515,true,פלפל חריף,,,פלפל חריף,קילוגרמים,1.00,"ק""ג",true,,8.90,8.9000,true,1,50731
1516,true,פלפל אדום,,,פלפל אדום,קילוגרמים,1.00,"ק""ג",true,,9.90,9.9000,true,1,50732
1517,true,פלפל רומרו,,,פלפל רומרו,קילוגרמים,1.00,"ק""ג",true,,12.90,12.9000,true,1,50733
1518,true,מלון,,,מלון,קילוגרמים,1.00,"ק""ג",true,,7.90,7.9000,true,1,50734
1519,true,בצל יבש,,,בצל יבש,קילוגרמים,1.00,"ק""ג",true,,5.90,5.9000,true,1,50735
1521,true,קולורבי,,,קולורבי,קילוגרמים,1.00,"ק""ג",true,,7.90,7.9000,true,1,50736
1522,true,חסה ערבית,,,חסה ערבית,יח',1.00,יח',false,,4.90,4.9000,true,1,50737
1531,true,לפת,,,לפת,קילוגרמים,1.00,"ק""ג",true,,6.90,6.9000,true,1,50740
1535,true,תפו`א אדום ארוז,,,תפו`א אדום ארוז,קילוגרמים,1.00,"ק""ג",true,,4.90,4.9000,true,1,50743
1540,true,חזרת,,,חזרת,קילוגרמים,1.00,"ק""ג",false,,39.90,39.9000,true,1,50746
1541,true,ארטישוק,,,ארטישוק,קילוגרמים,1.00,"ק""ג",true,,22.90,22.9000,true,1,50747
1542,true,ערמונים,,,ערמונים,קילוגרמים,1.00,"ק""ג",true,,18.90,18.9000,true,1,50748
1543,true,אבטיח,,,אבטיח,קילוגרמים,1.00,"ק""ג",true,,6.90,6.9000,true,1,50749
1545,true,שום ארוז ייבוא יח',,,שום ארוז ייבוא יח',יח',1.00,יח',false,,5.90,5.9000,true,1,50751
1546,true,אבטיח אישי,,,אבטיח אישי,קילוגרמים,1.00,"ק""ג",true,,6.90,6.9000,true,1,50752
1547,true,שומר,,,שומר,קילוגרמים,1.00,"ק""ג",true,,6.90,6.9000,true,1,50753
1548,true,תות שדה ביח',,,תות שדה ביח',יח',1.00,יח',false,,12.90,12.9000,true,1,47794
1550,true,תפו`א לבן ארוז,,,תפו`א לבן ארוז,קילוגרמים,1.00,"ק""ג",true,,4.90,4.9000,true,1,50754
1551,true,לימון,,,לימון,קילוגרמים,1.00,"ק""ג",true,,8.90,8.9000,true,1,50755
1552,true,תפוז,,,תפוז,קילוגרמים,1.00,"ק""ג",true,,5.90,5.9000,true,1,50756
1553,true,ענב לבן,,,ענב לבן,קילוגרמים,1.00,"ק""ג",true,,29.90,29.9000,true,1,50757
1555,true,תפוז ארוז,,,תפוז ארוז,קילוגרמים,1.00,"ק""ג",true,,4.90,4.9000,true,1,50759
1556,true,בננה מובחרת,,,בננה מובחרת,קילוגרמים,1.00,"ק""ג",true,,7.90,7.9000,true,1,50760
1557,true,צנון,,,צנון,קילוגרמים,1.00,"ק""ג",true,,6.90,6.9000,true,1,50761
1558,true,אשכולית צהובה,,,אשכולית צהובה,קילוגרמים,1.00,"ק""ג",true,,6.90,6.9000,true,1,50762
1560,true,דלעת ארוזה,,,דלעת ארוזה,קילוגרמים,1.00,"ק""ג",true,,9.90,9.9000,true,1,50764
1561,true,תפוח עץ זהוב,,,תפוח עץ זהוב,קילוגרמים,1.00,"ק""ג",true,,9.90,9.9000,true,1,50765
1562,true,תפוח עץ יונתן,,,תפוח עץ יונתן,קילוגרמים,1.00,"ק""ג",true,,9.90,9.9000,true,1,50766
1563,true,תפוח עץ חרמון,,,תפוח עץ חרמון,קילוגרמים,1.00,"ק""ג",true,,9.90,9.9000,true,1,50767
1564,true,תפוח עץ סמיט,,,תפוח עץ סמיט,קילוגרמים,1.00,"ק""ג",true,,9.90,9.9000,true,1,50768
1568,true,רימון,,,רימון,קילוגרמים,1.00,"ק""ג",true,,9.90,9.9000,true,1,50771
1570,true,קלמנטינה,,,קלמנטינה,קילוגרמים,1.00,"ק""ג",true,,6.90,6.9000,true,1,50772
1571,true,פלפל שושקה,,,פלפל שושקה,קילוגרמים,1.00,"ק""ג",true,,12.90,12.9000,true,1,50773
1572,true,אבוקדו מובחר,,,אבוקדו מובחר,קילוגרמים,1.00,"ק""ג",true,,11.90,11.9000,true,1,50774
1573,true,מנגו,,,מנגו,קילוגרמים,1.00,"ק""ג",true,,16.90,16.9000,true,1,50775
1574,true,בטטה מתוקה,,,בטטה מתוקה,קילוגרמים,1.00,"ק""ג",true,,9.90,9.9000,true,1,50776
1576,true,אגס,,,אגס,קילוגרמים,1.00,"ק""ג",true,,12.90,12.9000,true,1,50777
1577,true,אגס נאשי,,,אגס נאשי,קילוגרמים,1.00,"ק""ג",true,,16.90,16.9000,true,1,50778
1581,true,פלפל צהוב,,,פלפל צהוב,קילוגרמים,1.00,"ק""ג",true,,9.90,9.9000,true,1,50779
1588,true,תירס ארוז,,,תירס ארוז,קילוגרמים,1.00,"ק""ג",true,,9.90,9.9000,true,1,50783
1590,true,משורית סרט 1590 ממ,,,פומלה,קילוגרמים,1.00,"ק""ג",true,,7.90,7.9000,true,1,50784
1591,true,ענב אדום,,,ענב אדום,קילוגרמים,1.00,"ק""ג",true,,23.90,23.9000,true,1,50785
1595,true,חציל בלדי,,,חציל בלדי,קילוגרמים,1.00,"ק""ג",true,,7.90,7.9000,true,1,50788
1601,true,סלרי חתוך ליח,,,סלרי חתוך ליח,יח',1.00,יח',false,,6.90,6.9000,true,1,47663
1603,true,אבוקדו ברשת,,,אבוקדו ברשת,קילוגרמים,1.00,"ק""ג",true,,11.90,11.9000,true,1,50790
1604,true,אפרסמון,,,אפרסמון,קילוגרמים,1.00,"ק""ג",true,,15.90,15.9000,true,1,50791
1606,true,אנונה,,,אנונה,קילוגרמים,1.00,"ק""ג",true,,21.90,21.9000,true,1,50793
1607,true,תפו`א קטן אפיה ארוז,,,תפו`א קטן אפיה ארוז,קילוגרמים,1.00,"ק""ג",true,,3.90,3.9000,true,1,50794
1608,true,זנגוויל\גינגיר תפזור,,,זנגוויל\גינגיר תפזור,קילוגרמים,1.00,"ק""ג",true,,23.90,23.9000,true,1,50795
1610,true,שרי אשכולות לקג,,,שרי אשכולות לקג,קילוגרמים,1.00,"ק""ג",true,,19.90,19.9000,true,1,50796
1613,true,דלורית,,,דלורית,קילוגרמים,1.00,"ק""ג",true,,6.90,6.9000,true,1,50798
1615,true,בצל אדום,,,בצל אדום,קילוגרמים,1.00,"ק""ג",true,,6.90,6.9000,true,1,50800
1616,true,כוסברה כשר,,,כוסברה כשר,יח',1.00,יח',false,,5.90,5.9000,true,1,47664
1617,true,אננס,,,אננס,יח',1.00,יח',false,,37.90,37.9000,true,1,50801
1618,true,אפרסמון קרמבו,,,אפרסמון קרמבו,קילוגרמים,1.00,"ק""ג",true,,16.90,16.9000,true,1,50802
1619,true,פומלית,,,פומלית,קילוגרמים,1.00,"ק""ג",true,,5.90,5.9000,true,1,50803
1620,true,קיווי,,,קיווי,קילוגרמים,1.00,"ק""ג",true,,16.90,16.9000,true,1,50804
1632,true,קישוא זוקיני ירוק,,,קישוא זוקיני ירוק,קילוגרמים,1.00,"ק""ג",true,,11.90,11.9000,true,1,50806
1636,true,פיטאיה,,,פיטאיה,גרמים,700.00,100 גרם,false,,18.90,2.7000,true,1,50809
1645,true,תפוח עץ גלה,,,תפוח עץ גלה,קילוגרמים,1.00,"ק""ג",true,,9.90,9.9000,true,1,50812
1667,true,לוף תפזורת,,,לוף תפזורת,קילוגרמים,1.00,"ק""ג",true,,17.90,17.9000,true,1,50817
1670,true,"בטטה קסביה (תפו""א יר",,,"בטטה קסביה (תפו""א יר",קילוגרמים,1.00,"ק""ג",true,,16.90,16.9000,true,1,50820
1683,true,תפוח עץ פינק קריפס,,,תפוח עץ פינק קריפס,קילוגרמים,1.00,"ק""ג",true,,14.90,14.9000,true,1,50824
1708,true,גזר תפזורת,,,גזר תפזורת,קילוגרמים,1.00,"ק""ג",true,,4.90,4.9000,true,1,50835
1840,true,ברוקולי,,,ברוקולי,קילוגרמים,1.00,"ק""ג",true,,12.90,12.9000,true,1,50853
1845,true,שעועית ירוקה יח`,,,שעועית ירוקה יח`,יח',1.00,יח',false,,17.90,17.9000,true,1,46525
1854,true,שרי מיניאפלם,,,שרי מיניאפלם,יח',1.00,יח',false,,8.90,8.9000,true,1,46527
1977,true,לימון,,,לימון,קילוגרמים,1.00,"ק""ג",true,,8.90,8.9000,true,1,325942
4015,true,קוקוס ראש,,,קוקוס ראש,יח',1.00,יח',false,,5.90,5.9000,true,1,50885
8888,true,פיקדון זיכוי לקוח,,,פיקדון זיכוי לקוח,יחידה,0.00,יחידה,false,,0.30,0.0000,true,1,34538
9999,true,פיקדון בקבוקים,,,פיקדון בקבוקים,יחידה,0.00,יחידה,false,,0.30,0.0000,true,1,75
5678585,true,ענב סקרלוטה,,,ענב סקרלוטה,קילוגרמים,1.00,"ק""ג",true,,23.90,23.9000,true,1,50900
12295973,false,רוקולה 100 גר בוסת,,,רוקולה 100 גר בוסת,יח',1.00,יח',false,,9.90,9.9000,true,1,47670
18192931,true,אבוקדו ארוז יח מהגינ,,,אבוקדו ארוז יח מהגינ,גרמים,900.00,100 גרם,false,,25.90,2.8778,true,1,140984
32147230,false,"מיץ לימון משומר 200מ""ל(לימונית אקסטרא)",ג'נרל מילס סאן אדריא,CH,מיץ לימון סיצילייה 2,מיליליטרים,200.00,"100 מ""ל",false,,6.90,3.4500,true,1,5436
40052403,false,קיט קט 4 אצבעות שוקולד חלב,נסטלה Nestle,DE,קיט קט אצבעות 40 גרם,גרמים,40.00,100 גרם,false,,3.90,9.7500,true,1,41900
40084107,false,ביצת שוקולד הפתעה קינדר,פרדי קונדטוריה אס פי,IT,ביצת הפתעה קינדר 20,גרמים,20.00,100 גרם,false,,7.30,36.5000,true,1,41410
40099132,false,מסטיק הובה בובה Hubba Bubba בטעם תות,הובה בובה Hubba Bubba,DE,הובה בובה צאנק תות 3,גרמים,35.00,100 גרם,false,,3.90,11.1429,true,1,20581
42123866,false,מסטיק הובה בובה צ'אנק פירות קלאסי 35ג',הובה בובה Hubba Bubba,,הובה בובה צ'אנק קלאס,גרמים,35.00,100 גרם,false,,3.90,11.1429,true,1,20590
50398911,false,"קרם חמצן 9% בקבוק 60 מ""ל",שוורצקופ,IL,אינדולה קרם חמצן 9%,מיליליטרים,60.00,"100 מ""ל",false,,5.20,8.6667,true,1,7896
54051157,false,מעדן סויה טעם שוקו אלפרו רביעיה 125 ג',קריות זול,BE,אלפרו מעדן סויה בטעם,גרמים,500.00,100 גרם,false,,19.90,3.9800,true,1,21179
72917367,false,חטיף שוקולד טעמי עלי,"שטראוס גרופ בע""מ",IL,טעמי 40 גר',גרמים,40.00,100 גרם,false,,4.90,12.2500,true,1,22128
72940754,false,"מילקי מעדן וניל עם קצפת שטראוס 133 מ""ל","שטראוס גרופ בע""\מ",IL,"מילקי וניל 170 מ""ל",מיליליטרים,170.00,"100 מ""ל",false,,2.90,1.7059,true,1,23194
72940761,false,"מילקי מעדן שוקולד עם קצפת שטראוס 133 מ""ל",מיוצר עי קונדיטוריית,IL,מילקי שוקולד מהדרין,מיליליטרים,170.00,"100 מ""ל",false,,2.90,1.7059,true,1,23195
72940952,false,מעדן מילקי בטעם שוקולד עם אקסטרה קצפת,"שטראוס גרופ בע""\מ",IL,מילקי אקסטראה קצפת מ,מיליליטרים,110.00,"100 מ""ל",false,,3.90,3.5455,true,1,23196
72940976,false,סלט כרוב אדום אחלה 250 גרם,מיוצר עי קונדיטוריית,IL,אחלה סלט כרוב אדום,גרמים,250.00,100 גרם,false,,9.50,3.8000,true,1,23197
72940983,false,סלט חומוס 250 גר אחל,אחלה - שטראוס,IL,אחלה חומוס 250ג,גרמים,250.00,100 גרם,false,,7.90,3.1600,true,1,23198
72941041,false,מעדן מילקי מיני בטעם שוקולד עם קצפת,"שטראוס גרופ בע""\מ",IL,מיני מילקי שוקולד 70,מיליליטרים,70.00,"100 מ""ל",false,,2.50,3.5714,true,1,23199
72945308,false,קוביית שמרים טריים לאפיה שמרית 50 גרם,"פאקא תעשיות בע""\מ",IL,שמרית קוביות שמרים ל,גרמים,50.00,100 גרם,false,,4.00,8.0000,true,1,23200
72961506,false,יוגורט עם תות 1.5% שומן 125 ג' פרילי,מיוצר עי קונדיטוריית,IL,פרילי תות 1.5% 125מל,מיליליטרים,125.00,"100 מ""ל",false,,3.90,3.1200,true,1,25677
72961520,false,"פרילי יוגורט עם אננס 1.5% תנובה 125 מ""ל",מיוצר עי קונדיטוריית,IL,פרילי אננס 1.5% 125מ,מיליליטרים,125.00,"100 מ""ל",false,,3.90,3.1200,true,1,25679
72961544,false,"באדי יוגורט בטעם תות שדה 3% תנובה 125 מ""ל",מחלבת אלון תבור,IL,באדי תות 125מל,מיליליטרים,125.00,"100 מ""ל",false,,3.50,2.8000,true,1,25680
72963753,false,שמנת אורגינל של פעם 27% שומן 200 ג' תנובה,תנובה מרכז שיתופי לש,IL,תנובה שמנת של פעם 27,מיליליטרים,200.00,"100 מ""ל",false,,4.20,2.1000,true,1,25685
72964132,false,פרילי טבע יוגורט עם גרנולה 200 גרם,מיוצר עי קונדיטוריית,IL,פרילי טבע עם גרנולה,מיליליטרים,200.00,"100 מ""ל",false,,5.50,2.7500,true,1,25687
72964422,false,יוגורט פרחים 4.5% שומן 200 גרם,מחלבת תנובה,IL,תנובה יוגורט פרחים 4,מיליליטרים,200.00,"100 מ""ל",false,,3.50,1.7500,true,1,25688
72983997,false,קופסה גולף גולד ארוך בוקס,דובק,,גולף גולד ארוך,יחידה,0.00,יחידה,false,,30.90,0.0000,false,1,4534
72986370,false,"גלידת בן & ג'ריס פיינטים וניל 500מ""ל",מוצרי איכות אמריקאיים,IL,גלידת פיינטים וניל צ,מיליליטרים,420.00,"100 מ""ל",false,,24.90,5.9286,true,1,14331
72986448,false,"גלידת בן & ג'ריס פיינטים טופי קראנץ 500מ""ל",מוצרי איכות אמריקאיים בע,IL,גלידת טופי קרנץ,מיליליטרים,420.00,"100 מ""ל",false,,24.90,5.9286,true,1,14333
72986455,false,"ניו יורק סופר גלידת שוקולד, חתיכות פאדג' ואגוזים",מוצרי איכות אמריקאיים בע,IL,גלידת פיינטים ניו-יו,מיליליטרים,420.00,"100 מ""ל",false,,24.90,5.9286,true,1,14334
72986479,false,"צ'אנקי מנקי גלידת וניל, בננות, חתיכות פאדג' ואגוזים",מוצרי איכות אמריקאיים בע,IL,גלידת פיינטים צאנקי,מיליליטרים,420.00,"100 מ""ל",false,,24.90,5.9286,true,1,14335
72991374,false,סיגריות טיים רד חפיס,דובק,IL,טיים רד,יחידה,0.00,יחידה,false,,29.90,0.0000,false,1,4536
72993637,false,מעדן חלב בטעם שוקולד 125 ג' דני,"שטראוס גרופ בע""\מ",IL,דני מהדרין שוקו בודד,מיליליטרים,125.00,"100 מ""ל",false,,2.90,2.3200,true,1,23203
80001287,false,וופל חטיף לואקר אגוז 38 גר',ליימן מותגים,AT,חטיף גרדנה אגוז 38 ג,גרמים,38.00,100 גרם,false,,4.90,12.8947,true,1,12524
80050025,false,סוכריות טיק טק תפוז 16 גרם,פררו - אלבה,ZA,טיק טק תפוז,גרמים,16.00,100 גרם,false,,3.90,24.3750,true,1,41412
80050124,false,סוכריות טיק טק מנטה 16 גרם,פררו - אלבה,ZA,טיק טק סוכריות,גרמים,16.00,100 גרם,false,,3.90,24.3750,true,1,41413
80052760,false,קינדר בואנו Kinder Bueno עם חלב ואגוזי לוז,פררו - אלבה,PL,חטיף קינדר בואנו שוק,גרמים,43.00,100 גרם,false,,3.90,9.0698,true,1,41419
80136194,false,חטיפי הפי היפו Happy Hippo במילוי קרם חלבי ואגוזי לוז,קינדר Kinder,DE,הפי היפו 5*20ג,גרמים,102.00,100 גרם,false,,13.90,13.6275,true,1,41420
80177616,false,אצבעות שוקולד קינדר Kinder שמונה יחידות,פררו - אלבה,IT,אצבעות שוקולד קינדר,גרמים,100.00,100 גרם,false,,8.90,8.9000,true,1,41426
80718758,false,טונה בשמן זית 160 גר CALIPO,גיאצינטו קליפו,IT,טונה בשמן זית 160 גר,גרמים,160.00,100 גרם,false,,22.90,14.3125,true,1,47831
80761761,false,קינדר בואנו חטיף לבן בודד,ליימן שליסל,PL,קינדר בואנו לבן 39ג,גרמים,43.00,100 גרם,false,,3.90,9.0698,true,1,41428
80762362,false,מנטוס גומי לעיסה ללא סוכר בטעם מנטה-אקליפטוס,פרפטי ואן מלה,TR,מנטוס וויט מסטיק בטע,גרמים,60.00,100 גרם,false,,10.90,18.1667,true,1,12534
80773429,false,מנטוס בקבוק מעוגל - מסטיק ללא סוכר בטעם תות 60 גרם,"פרפטי ואן מלה ג'\ידה,סאן",TR,מסטיק מנטוס בקבוק בט,גרמים,60.00,100 גרם,false,,10.90,18.1667,true,1,12542
80773443,false,מנטוס בקבוק מעוגל - מסטיק ללא סוכר בטעם מנטה 60 גרם,"פרפטי ואן מלה ג'\ידה,סאן",TR,מסטיק מנטוס בקבוק בט,גרמים,60.00,100 גרם,false,,10.90,18.1667,true,1,12543
80790990,false,מסטיק מנטוס בבקבוק מעוגל בטעם פירות -מנטה 60 ג',"פרפטי ואן מלה ג'\ידה,סאן",TR,מסטיק מנטוס בקבוק בט,גרמים,60.00,100 גרם,false,,10.90,18.1667,true,1,12547
80794233,false,מסטיק מנטוס ביג בבקבוק מעוגל טעם מנטה 90 ג',פרפטי ואן מלה הולנד,TR,מסטיק מנטוס ביג בבקב,גרמים,90.00,100 גרם,false,,19.90,22.1111,true,1,12549
80874652,false,קינדר קלפים בודד 25.6 גר',פררו,IT,קינדר קארדס חטיף בוד,גרמים,25.60,100 גרם,false,,3.90,15.2344,true,1,36242
80896081,false,מנטוס בקבוק מעוגל - מסטיק ללא סוכר בטעם אבטיח 60 גרם,"פרפטי ואן מלה ג'\ידה,סאן",TR,מסטיק מנטוס בקבוק בט,גרמים,60.00,100 גרם,false,,10.90,18.1667,true,1,12566
80913467,false,מנטוס בקבוק מעוגל - מסטיק ללא סוכר בטעם מנטה,פרפטי ואן מלה הולנד,TR,מסטיק מנטוס בקבוק בט,גרמים,60.00,100 גרם,false,,10.90,18.1667,true,1,12568
80936848,false,סוכריות טיק טק בטעם תות שדה,ליימן-שליסל,ZA,טיק טק תות שדה 16גר,גרמים,16.00,100 גרם,false,,3.90,24.3750,true,1,41430
80986348,false,סוכריות פיור וויט טעם מנטה 60 ג' מנטוס,"פרפטי ואן מלה ג'ידה,סאן",TR,מנטוס פיור וויט ללא,גרמים,60.00,100 גרם,false,,10.90,18.1667,true,1,202660
80995128,false,מנטוס בקבוק עגול בטעם הדרים בתוספת ויטמינים 60 גרם,פרפטי ואן מלה הולנד,TR,מסטיק מנטוס ויטמין ל,גרמים,60.00,100 גרם,false,,10.90,18.1667,true,1,323193
87108538,false,סוכריות בטעם תות מנטוס 37.5 גרם,הדקלאים אגודת שיתופי,NL,מנטוס תות בגליל 37.5,גרמים,37.50,100 גרם,false,,3.90,10.4000,true,1,12581
87108651,false,סוכריות בטעם מנטה מנטוס 4*37.5 גרם,הדקלאים אגודת שיתופי,NL,סוכריות מנטוס מנטה 1,גרמים,150.00,100 גרם,false,,11.90,7.9333,true,1,12582
87108712,false,סוכריות בטעם פירות מנטוס 4*37.5 גרם,פרפטי ואן מלה ברדה,NL,סוכריות מנטוס פירות,גרמים,150.00,100 גרם,false,,11.90,7.9333,true,1,12583
87221503,false,מיונז גאודס הולנדי אמיתי 650 גר,,NL,מיונז הולנדי אמיתי 6,גרמים,650.00,100 גרם,false,,32.90,5.0615,true,1,278798
87311396,false,מנטוס ריינבאוו סוכריות לעיסה בטעמי פירות,פרפטי ואן מלה ברדה,NL,מנטוס סוכריות גליל,גרמים,37.00,100 גרם,false,,3.90,10.5405,true,1,12587
90087011,false,מיץ תפוחים 100% קרטונית ראוך,Rauch fruchtsafte gm,HU,מיץ תפוחים 1 ליטר,ליטרים,1.00,ליטר,false,,12.50,12.5000,true,1,24882
90087066,false,מיץ תפוזים 100% טבעי 1 ל' RAUCH,ראוך Rauch,HU,מיץ תפוזים 100%,יחידה,0.00,יחידה,false,,12.50,0.0000,true,1,24883
90087769,false,מיץ אננס 100% קרטונית ראוך,Rauch fruchtsafte gm,AT,מיץ אננס 1ל 100%,ליטרים,1.00,ליטר,false,,12.50,12.5000,true,1,24886
90087974,false,"חומץ תפוחים 5% 750 מֿֿֿֿ""ל 12X",ראוך פרוכטסאפה,AT,חומץ תפוחים 5% תומר,מיליליטרים,750.00,"100 מ""ל",false,,13.90,1.8533,true,1,24888
90162602,false,רד בול משקה אנרגיה פקדון 30 אג,רד בול ג'י.אם.בי. אץ,IL,משקה אנרגיה RED BULL,מיליליטרים,250.00,"100 מ""ל",false,,6.90,2.7600,true,1,5215
198888886,false,עיגול אגורות,,,עיגול אגורות,יחידה,0.00,יחידה,false,,1.00,0.0000,true,1,47089
10900678148,false,דיאמונד רדיד אלומיניום נון סטיק,דיימונד,CN,רדיד אלומיניום נון ס,יחידה,0.00,יחידה,false,,15.90,0.0000,true,1,199309
11182700954,false,קינג קול שעועית שחורה 439 גרם,האנאובר פודס קורפורשיין,US,שעועית שחורה 232 גרם,גרמים,439.00,100 גרם,false,,10.90,2.4829,true,1,36826
11210000094,false,רוטב טבסקו אדום 60 גרם,מקאילהייני אייבורי,US,טבסקו,מיליליטרים,60.00,"100 מ""ל",false,,13.90,23.1667,true,1,37893
11210002500,false,"רוטב טבסקו באפאלו 150 מ""ל","ניצן מותגי מזון בע""מ",US,טבסקו רוטב כנפי באפא,מיליליטרים,150.00,"100 מ""ל",false,,24.90,16.6000,true,1,37895
11210698055,false,רוטב טבסקו סרירציה 566 גרם,מקאילהייני קו,US,רוטב טבסקו סרירצ'ה,מיליליטרים,566.00,"100 מ""ל",false,,29.90,5.2827,true,1,37901
12300159135,false,וינסטון כחול ארוך פאקט,Unknown,CH,ווינסטון בלו ארוך פא,יחידה,0.00,יחידה,false,,330.00,0.0000,false,1,4106
13300607961,false,פילסברי מיקס גולדן 432 ג',,US,תערובת עוגה מיקס גול,גרמים,432.00,100 גרם,false,,17.90,4.1435,true,1,266568
13628609388,false,חומץ בלסמי מובחר 500מל,MONARI FEDERZONI,IT,חומץ בלסמי כשר ירוק,מיליליטרים,500.00,"100 מ""ל",false,,25.00,5.0000,true,1,5440
16000185517,false,דגני בוקר פייבר וואן עתירי סובין FIBRE1,בטר אנד דיפרנט,US,פייבר1- דגני בוקר עת,גרמים,555.00,100 גרם,false,,24.90,4.4865,true,1,197829
16000423534,false,חטיפי גרנולה קראנצ'י עם שיבולת שועל ושוקולד מריר נייצ'ר ואלי 5*42 גרם,ג'נרל מילס סאן אדריאן,ES,חטיף קראנצי שיבולת ש,גרמים,210.00,100 גרם,false,,19.90,9.4762,true,1,12593
16000548404,false,חטיפי גרנולה קראנצ'י עם שיבולת שועל ודבש נייצ'ר ואלי 5*42 גרם,ג'נרל מילס סאן אדריאן,ES,חטיף קראנצי גרנולה ש,גרמים,210.00,100 גרם,false,,19.90,9.4762,true,1,12597
16000548503,false,חטיפי גרנולה קראנצ'י עם מייפל וסוכר חום נייצ'ר ואלי 5*42 גרם,ג'נרל מילס סאן אדריאן,ES,חטיף קראנצי גרנולה מ,גרמים,210.00,100 גרם,false,,19.90,9.4762,true,1,12599
16000548602,false,חטיפי גרנולה קראנצ'י קינמון נייצ'ר ואלי 5*24 גרם,ג'נרל מילס סאן אדריאן,ES,חטיף שיבולת שועל מלא,גרמים,210.00,100 גרם,false,,19.90,9.4762,true,1,12600
16000548909,false,חטיפי גרנולה קראנצ'י במגוון טעמים נייצ'ר ואלי 5*42 גרם,ג'נרל מילס סאן אדריאן,ES,חטיף קראנצי גרנולה מ,גרמים,210.00,100 גרם,false,,19.90,9.4762,true,1,12602
16229924263,false,"ארוי-די קרם קוקוס 250 מ""ל",תאי אגרי פוד פובליק קו'\,TH,"קרם קוקוס 250 מ""ל.",מיליליטרים,250.00,"100 מ""ל",false,,10.90,4.3600,true,1,3345
18000701223,false,"פילסברי, עוגה בטעם שוקולד, תערובת להכנת עוגה בטעם שוקולד. 500 גרם",הדקלאים אגודת שיתופי,IL,תערובת לעוגת שוק.דוי,גרמים,500.00,100 גרם,false,,19.90,3.9800,true,1,12604
18000766413,false,"פילסברי, עוגה בטעם שוקולד, תערובת להכנת עוגה בטעם שוקולד. 550 גרם.",הדקלאים אגודת שיתופי,IL,תערובת לעוגת בראוניס,גרמים,550.00,100 גרם,false,,19.90,3.6182,true,1,12607
21723339994,false,"רוטב דגים 300מ""ל (טיפרוס) (כ)",טאנג סאנג ראר קי,TH,טיפרוס רוטב דגים מזר,מיליליטרים,300.00,"100 מ""ל",false,,9.90,3.3000,true,1,47500
25675120006,false,פשקז חמצוצים 4 צבעים 100 גרם,פאסין ב.ו,NL,חמצוצים חמצוצים טבעי,גרמים,100.00,100 גרם,false,,9.90,9.9000,true,1,3754
25675120044,false,מקלות חמצוצים תפוח עץ פשקז 100 גרם,פשקז Paskesz,NL,חמצוצים מקלות תפוח ע,גרמים,100.00,100 גרם,false,,9.90,9.9000,true,1,3757
25700005650,false,שקיות הקפאה גדולות- 14 יח' זיפלוק,אס.סי.גונסון ובניו,US,זיפלוק שקיות הקפאה ג,גרמים,201.00,100 גרם,false,,14.90,7.4129,true,1,107111
25700005674,false,זיפלוק שקיות אחסון סליידר גדולות 15 יחידות,אס.סי.ג'\ונסון מידרכט,US,זיפלוק שקיות איחסון,גרמים,179.00,100 גרם,false,,17.90,10.0000,true,1,107096
25700005681,false,זיפלוק שקיות אחסון סליידר בינוניות 20 יחידות,אס.סי גונוסון,US,זיפלוק שקיות איחסון,גרמים,140.00,100 גרם,false,,17.90,12.7857,true,1,107097
29424000298,false,וופל ללא סוכר שוקולד180ג,מנעמים,IL,ופל שוקולד ללא תוספת,גרמים,180.00,100 גרם,false,,7.90,4.3889,true,1,36023
29424002001,false,ופל קוביות שוקו מנעמ,,,ופל קוביות שוקו מנעמ,גרמים,200.00,100 גרם,false,,7.90,3.9500,true,1,36030
29424002513,false,ופל קוביות אגוזים מנ,מנעמים תעשיות מזון ב,,ופל קוביות אגוז מנעמ,גרמים,200.00,100 גרם,false,,7.90,3.9500,true,1,36031
30000315989,false,קוואקר פרוטאין חמוציות ושקדים 372 גרם,קוואקר אוטס קומפני,US,פרוטאין חמוציות ושקד,גרמים,372.00,100 גרם,false,,24.90,6.6935,true,1,24135
31200001597,false,חמוציות אושן ספריי קליית גת בשקית 170 גרם,אושן ספריי,US,חמוציות ממותקות ומיו,גרמים,170.00,100 גרם,false,,11.90,7.0000,true,1,12611
34000148301,false,הרשי נטיפי שוקולד מריר לאפייה 340 גר,ליימן מותגים,US,הרשי נטיפי אפייה שוק,גרמים,340.00,100 גרם,false,,19.90,5.8529,true,1,12617
34000196173,false,הרשי טבלה XL בטעם שוקולד לבן עם שברי עוגיות 113 גרם,ליימן מותגים,US,הרשיז קוקיס אנד קרים,גרמים,113.00,100 גרם,false,,8.90,7.8761,true,1,12618
36000516890,false,ממחטות אף עם אלוורה + ויטמין E תלת שכבתי,חוגלה קימברלי,US,קלינקס לושן תלת שכבת,יחידה,0.00,יחידה,false,,21.90,0.0000,true,1,8782
38000232152,false,פרינגלס חטיפי תפוח אדמה בטעם ברביקיו 158 גרם,פרינגלס מנופקצ'ורינג קומ,US,פרינגלס ביג ברביקיו,גרמים,158.00,100 גרם,false,,8.90,5.6329,true,1,52812
38000232176,false,פרינגלס ביג שמנת בצל 158 גרם,פרינגלס מנופקצ'ורינג קונ,US,פרינגלס ביג שמנת בצל,גרמים,158.00,100 גרם,false,,8.90,5.6329,true,1,52813
38000232183,false,פרינגלס ביג אורגינל 149 גרם,פרינגלס מנופקצ'ורינג קונ,US,פרינגלס ביג אורגינל,גרמים,158.00,100 גרם,false,,8.90,5.6329,true,1,52814
38527591053,false,קואקר דגנים מרובעים שיבולת שועל וקינמון,קוואקר אוטס קומפני,US,דגני בוקר מרובעים קי,גרמים,412.00,100 גרם,false,,21.90,5.3155,true,1,24137
38527591060,false,דגני קוואקר מרובעים Quaker Squares עם סוכר חום,קוואקר אוטס קומפני,US,דגני בוקר מרובעים קו,גרמים,412.00,100 גרם,false,,21.90,5.3155,true,1,24138
40000514480,false,M&M אריזה קטנה's שוקולד אריזה קטנה 48 גרם,M&M אם אנד אם,US,עדשי שוקולד M&M שוקו,גרמים,48.00,100 גרם,false,,5.90,12.2917,true,1,20640
40000514510,false,M&M אריזה קטנה's בוטנים אריזה קטנה 49 גרם,M&M אם אנד אם,US,בוטנים 49 גרם M&M עד,גרמים,49.00,100 גרם,false,,5.90,12.0408,true,1,20641
41224700062,false,צלפים מיניאטורים במלח 75 גר,סיבס,TR,צלפים מיניאטורים במל,גרמים,75.00,100 גרם,false,,19.90,26.5333,true,1,47833
41224700260,false,צלפים מיניאטורים בחומץ 90 ג,סיבס,TR,צלפים מינאטוריים בחו,גרמים,90.00,100 גרם,false,,18.90,21.0000,true,1,47834
42400108153,false,דגני בוקר צבעוניים בטעם פירות טוטי פרוטיס,פוסט ארצות הברית,US,דגני פרוטיס פוסט 354,גרמים,354.00,100 גרם,false,,23.90,6.7514,true,1,110802
46214372250,false,"עוגיות שטרודל פריכות תפו""ע וצימוקים",מרבה Merba,NL,מרבה עוגיות שטרודל פ,גרמים,225.00,100 גרם,false,,7.90,3.5111,true,1,21186
46214382259,false,עוגיות בראוניס שוקולד 225 ג',בנקטבקריי מרבה בי.וי,NL,מרבה עוגיות בראוניס,גרמים,225.00,100 גרם,false,,7.90,3.5111,true,1,21187
46214731552,false,עוגיות שוקולד צ'יפס 37% גודיס 225 גרם,קריניציה ויטמינה אס,NL,מרבה עוגיות שוקולד צ,גרמים,225.00,100 גרם,false,,7.90,3.5111,true,1,21188
50000015474,false,"מזון חתולים פריסקיז מעדני הים 1.43 ק""ג",פריסקיז,US,פריסקיז מעדני הים 4*,קילוגרמים,1.40,"ק""ג",false,,38.90,27.7857,true,1,139262
50000084500,false,מזון יבש לחתול בטעם נתחי ברביקיו פריסקיז Friskies,נסטלה פורינה USA מק,US,פריסקיז מעדני השף מנ,קילוגרמים,1.43,"ק""ג",false,,38.90,27.2028,true,1,18350
50000100347,false,"פריסקיז - מעדני החתול מועשר בחלב 1.40 ק""ג",נסטלה פורינה USA מק,US,פריסקיז מעדני החתול,קילוגרמים,1.40,"ק""ג",false,,38.90,27.7857,true,1,18352
50000170180,false,מזון חתולים פריסקיז עוף ברוטב 156 גרם,נסטלה פורינה USA קר,US,פריסקיז פריים פילה ע,גרמים,156.00,100 גרם,false,,7.50,4.8077,true,1,18354
50000225224,false,מזול חתולים פריסקיז פילה הודו ברוטב 156 גרם,נסטלה פורינה USA קר,US,פריסקיז פריים פילה ה,גרמים,156.00,100 גרם,false,,7.50,4.8077,true,1,18355
50000238910,false,פריסקיז פארטי מיקס אוריגי'נל קראנץ 60 גרם,נטסלה פורינה פטקר ארצות,US,פריסקיז פארטי מיקס א,גרמים,60.00,100 גרם,false,,13.90,23.1667,true,1,296562
50000574414,false,פריסקיז פארטי מיקס פיקניק קראנץ 60 גרם,נסטלה פורינה פטקר ארצות,US,פריסקיז פארטי מיקס פ,גרמים,60.00,100 גרם,false,,13.90,23.1667,true,1,296563
51500255162,false,"חמאת בוטנים לל""ג JIF אריזת 454ג'",ג'י.אס.קיי קונסיומר,US,חמאת בוטנים קלאסית 4,גרמים,454.00,100 גרם,false,,18.90,4.1630,true,1,5444
52100002453,false,תערובת תיבול לסטייק 96 גר,מקורמיק,US,תערובת תיבול לסטייק,גרמים,96.00,100 גרם,false,,21.90,22.8125,true,1,273306
52100006765,false,תבלין פלפל אדום 42 גר,מקורמיק,US,תבלין פלפל אדום 42 ג,גרמים,42.00,100 גרם,false,,19.90,47.3810,true,1,273350
52100034898,false,"תמצית ליים טהורה 29 מ""ל",מקורמיק,US,תמצית ליים טהורה 29,מיליליטרים,29.00,"100 מ""ל",false,,19.90,68.6207,true,1,269379
52100041155,false,תערובת מלח הימליה ורוד פלפל ושום 184 גר,מקורמיק,US,תערובת תיבול מלח הימ,גרמים,184.00,100 גרם,false,,27.90,15.1630,true,1,273655
52100070865,false,"תמצית וניל טהור מקורמיק 29 מ""ל",מקורמיק האנט ואלי,US,תמצית וניל טהורה 29,מיליליטרים,29.00,"100 מ""ל",false,,29.90,103.1034,true,1,13657
52100142593,false,תערובת תיבול להמבורגר 77 גר,מקרומיק תבלינים,US,תערובת תיבול להמבורג,גרמים,77.00,100 גרם,false,,21.90,28.4416,true,1,273392
54881000048,false,תה במבחר פרי הדר 20 שקיקים אחמד,אחמד תה אנגליה,AE,תה שחור מבחר פרי הדר,גרמים,695.00,100 גרם,false,,10.90,1.5683,true,1,116249
54881000055,false,תה שחור מבחר פירות 20 שקיות אחמד,אחמד תה אנגליה,,תה שחור מבחר פירות 2,גרמים,695.00,100 גרם,false,,10.90,1.5683,true,1,116250
54881000062,false,תה שחור לימונית וקמומיל 20 שקיות אחמד,אחמד תה אנגליה,AE,תה שחור לימונית וקמו,גרמים,695.00,100 גרם,false,,10.90,1.5683,true,1,116251
54881000208,false,תה שחור לימון וגינגיר 20 שקיות אחמד,אחמד תה אנגליה,AE,תה שחור לימון וגינג',גרמים,711.00,100 גרם,false,,10.90,1.5331,true,1,116252
54881003971,false,תה ירוק מבחר 20 שקיקים,אחמד תה אנגליה,AE,תה ירוקמ בחר 20 שקיו,גרמים,180.00,100 גרם,false,,11.90,6.6111,true,1,116268
54881005654,false,תה ירוק יסמין 20 שקיות AHMAD TEA,אחמד תה אנגליה,AE,תה ירוק יסמין 20 שקי,גרמים,180.00,100 גרם,false,,11.90,6.6111,true,1,116269
54881006958,false,תה שחור קינמון 20 שקיקים אחמד,אחמד תה אנגליה,,תה שחור קינמון 20 שק,גרמים,695.00,100 גרם,false,,10.90,1.5683,true,1,116253
54881006972,false,תה שחור לימון וליים 20 שקיקים אחמד,תה אחמד Ahmad tea,,תה שחור לימון וליים,יחידה,0.00,יחידה,false,,10.90,0.0000,true,1,116254
54881007511,false,תה ירוק בטעם מנטה 20 שקיקים 40 גר,אחמד תה אנגליה,AE,תה ירוק בטעם מנטה 20,גרמים,180.00,100 גרם,false,,11.90,6.6111,true,1,116270
54881008945,false,תה ירוק 20 שקיות AHMAD TEA,אחמד תה אנגליה,AE,תה ירוק 20 שקיות - ת,גרמים,180.00,100 גרם,false,,11.90,6.6111,true,1,116272
54881016001,false,חליטת4 סוגי פרי וצמח,,AE,תה 4 סוגי חליטות פרי,גרמים,695.00,100 גרם,false,,10.90,1.5683,true,1,116255
55369902564,false,אפלסנקס רביעיות רסק תפוחי עץ ללא תוספת סוכר עברית,ליייהי אורצ'רדס,CA,אפלסנקס רסק תפוחי עץ,גרמים,452.00,100 גרם,false,,14.90,3.2965,true,1,36844
64144090020,false,"ספריי שמן PAM בטעם שמן זית 141 מ""ל",קונאגרה פודס,US,תרסיס שמן זית פאם 14,גרמים,148.00,100 גרם,false,,20.90,14.1216,true,1,12635
64144090051,false,"ספריי שמן PAM קנולה אורגינל 148 מ""ל",קונאגרה פודס,US,תרסיס שמן קנולה פאם,מיליליטרים,148.00,"100 מ""ל",false,,20.90,14.1216,true,1,12636
70177077563,false,תה ארל גריי 25 שקיות טוינינגס 50 גר,אר. טווינינגס אנד קומפני,PL,טווינינג ארל גריי 50,גרמים,50.00,100 גרם,false,,19.90,39.8000,true,1,13661
70177077693,false,תה אנגליש ברקפסט 25 שקיות טוינינגס 50 גר,אר. טווינינגס אנד קומפני,PL,טווינינג אינגליש ברק,גרמים,50.00,100 גרם,false,,19.90,39.8000,true,1,13662
70177086664,false,תה ירוק טהור 25 שק TWININGS,אר. טווינינגס אנד קומפני,PL,טווינינג גרין פיור 5,גרמים,50.00,100 גרם,false,,20.90,41.8000,true,1,13664
70177173159,false,תה ירוק עם לימון 25 שק TWININGS,אר. טווינינגס אנד קו,PL,טווינינג גרין למון 4,גרמים,40.00,100 גרם,false,,20.90,52.2500,true,1,13665
70177173166,false,תה יסמין ירוק 25 שקיקים TWININGS,אר. טווינינגס אנד קומפני,PL,טווינינג גרין ג'סמין,גרמים,45.00,100 גרם,false,,20.90,46.4444,true,1,13666
72600062306,false,חטיף הר פודס בטעם גבינה 198 גרם,הר פודס,US,הר חטיף גבינת 198 גר,גרמים,198.00,100 גרם,false,,21.90,11.0606,true,1,143700
72600062320,false,הר חטיף גבינה בטעם פיצה 198 גרם,הר פודסn\,US,הר חטיף גבינה בטעם פ,גרמים,198.00,100 גרם,false,,21.90,11.0606,true,1,143713
76840001767,false,"גלידה בן &ג'ריס וניל עוגיות חמאת בוטנים 500 מ""ל",מוצרי איכות אמריקאיים בע,IL,גלידת פיינטים WAKE&N,מיליליטרים,420.00,"100 מ""ל",false,,24.90,5.9286,true,1,74477
76840002542,false,"גלידת בן & ג'ריס פיינט נטפליקס וצ'ילד 500מ""ל",מוצרי איכות אמריקאיים בע,IL,גלידת פיינטים נטפליק,מיליליטרים,420.00,"100 מ""ל",false,,24.90,5.9286,true,1,74479
76840100156,false,"בן אנד גריס גלידת צרי גרסיה 500 מ""ל",מוצרי איכות אמריקאיים בע,IL,בן&גרי גלידה צרי גרס,גרמים,473.00,100 גרם,false,,24.90,5.2643,true,1,14348
77245110610,false,סוכריות מאסט ללא סוכר בטעם מנטה 80 ג'עלית,MIESZKO S.A - MS. JO,PL,סוכריות מאסט ללא סוכ,גרמים,80.00,100 גרם,false,,8.90,11.1250,true,1,22143
77975010167,false,סניידרס חטיף מקלוני חיטה בתוספת דבש 340.2 גרם,סניידרס אוף האנובר,US,טוויסטס דבש 340 גר'.,גרמים,340.00,100 גרם,false,,18.90,5.5588,true,1,12637
77975022757,false,בייגלה קשה מבצק שאור בסגנון אמריקאי,סניידרס אוף האנובר,US,סניידרס בייגלה אמריק,גרמים,382.00,100 גרם,false,,15.90,4.1623,true,1,12638
77975034071,false,סניידרס חטיף בייגלה ניברלס 255.2 גרם,ליימן מותגים,US,בייגלה סניידרס ניבלר,גרמים,255.00,100 גרם,false,,15.90,6.2353,true,1,12642
77975036976,false,מטבל עגבניות בחריפות עדינה סניידרס 439 ג',סניידרס אוף האנובר,US,סניידרס מטבל סלסה בח,גרמים,439.00,100 גרם,false,,18.90,4.3052,true,1,12643
77975094631,false,סניידרס סנדוויץ' בייגלה במילוי קרם בטעם צ'דר 226 גרם,סניידרס לאנס,US,סניידרס בייגלה סנדוו,גרמים,266.00,100 גרם,false,,15.90,5.9774,true,1,131781
77975094778,false,שברי בייגלה סניידרס בטעם דבש חרדל 340 גר,סניידרס אוף האנובר,US,סניידרס שברי בייגלה,גרמים,340.00,100 גרם,false,,15.90,4.6765,true,1,162886
77975095157,false,סניידרס שברי בייגלה בטעם חלפיניו 318 גרם,סניידרס Snyder's,US,בייגלה סניידרס בטעם,גרמים,318.00,100 גרם,false,,17.70,5.5660,true,1,283658
85696608037,false,טופו רך ללא גלוטן 340ג' (כ) Morinaga,Morinaga NUTRITIONAL,US,טופו משי (רך) ללא גל,גרמים,340.00,100 גרם,false,,12.90,3.7941,true,1,47502
85696608044,false,טופו ללא גלוטן 349ג' (כ) Morinaga,Morinaga nutritional,US,טופו ללא גלוטן מזרח,גרמים,349.00,100 גרם,false,,12.90,3.6963,true,1,47503
611745285432,false,שלישיית מגבות מטבח,,,סט 3 מגבות מטבח,יחידה,0.00,יחידה,false,,14.90,0.0000,true,1,68510
611745285685,true,אבוקדו בשל יח,,,אבוקדו בשל יח,גרמים,470.00,100 גרם,false,,9.90,2.1064,true,1,50901
613008742348,false,בקבוק אריזונה ג'נסינג ודבש 1 ליטר,"נטורלה גטרנק בע""\מn\",DE,אריזונה ג'נסנג ודבש,ליטרים,1.00,ליטר,false,,11.80,11.8000,true,1,98736
613008753290,false,"בקבוק אריזונה אפרסק 450 מ""ל",אריזונה Arizona,BG,"אריזונה אפרסק 450 מ""",מיליליטרים,450.00,"100 מ""ל",false,,8.60,1.9111,true,1,39354
617395100019,false,חסה רומית הידרופוני יח,קטיף.,IL,חסה רומית הידרופוני,יח',1.00,יח',false,,10.90,10.9000,true,1,86284
645173911038,false,מלפפון קורנישון מיני בצנצנת 720ג',קלמן אינדיה פי וי סי,IN,מלפפונים קורנישון מי,גרמים,720.00,100 גרם,false,,9.90,1.3750,true,1,24892
649660432020,false,היל וויו שזיפים מיובשים מגולענים 567 גרם,היל ויו פקינג קומפני,US,הייל ויו שזיפים מיוב,גרמים,567.00,100 גרם,false,,29.90,5.2734,true,1,155355
651080647519,false,קיסמים עם חוט דנטלי פלאקרס מנטה 35 יחידות,"פלקרס רנור ארה""ב",US,פלאקרס חוט דנטלי מנט,יחידה,0.00,יחידה,false,,9.90,0.0000,true,1,5468
693493034470,false,מקרל פילה בשמן חמניות 125 גר,U.P.A,MA,פילה מקרל בשמן סויה,גרמים,125.00,100 גרם,false,,5.90,4.7200,true,1,89860
693493065641,false,טחינה הר כנען טחינה שכם לבנה 100% 500 ג,,,טחינת הר כנען 100% ש,גרמים,500.00,100 גרם,false,,15.90,3.1800,true,1,207175
693493065672,false,טחינה מלאה הר כנען 100% שומשום 500 גר,,IL,טחינה מלאה הר כנען -,גרמים,500.00,100 גרם,false,,15.90,3.1800,true,1,265753
710535495539,false,"אורז בסמטי 96% 1 ק""ג Avel",,IN,"אבאל אורז בסמטי 1 ק""",קילוגרמים,1.00,"ק""ג",false,,12.90,12.9000,true,1,80705
728229123590,false,טרה אורגינל חטיף על בסיס ירקות שורש בטעם טבעי 110 גרם,הונדורס צ'יפס יצור א,HN,טרה צ'יפס ירקות שורש,גרמים,110.00,100 גרם,false,,16.90,15.3636,true,1,5471
728229123613,false,טרה חטיף על בסיס תפוח אדמה כחול בטעם טבעי 110 גרם,היין סלסטיאל גרופ,US,טרה צ'יפס חטיף ירקות,גרמים,50.00,100 גרם,false,,16.90,33.8000,true,1,5472
728229123811,false,טרה חטיף על בסיס ירקות שורש בתיבול ים תיכוני 110 גרם,הונדורס צ'יפס יצור א,HN,טרה צ'יפס חטיף ים ת,גרמים,110.00,100 גרם,false,,16.90,15.3636,true,1,5473
728229124764,false,טרה חטיף על בסיס בטטה עם מלח ים 110 גרם,היין פיוצ'ור נטורל פ,IN,טרה צ'יפס חטיף בטטה,גרמים,110.00,100 גרם,false,,16.90,15.3636,true,1,5474
728229124771,false,טרה חטיף על בסיס בטטה בטעם ברביקיו 110 גרם,היין פיוצ'ור נטורל פ,IN,טרה צ'יפס חטיף מבטטה,גרמים,110.00,100 גרם,false,,16.90,15.3636,true,1,5475
728229130154,false,טרה חטיף על בסיס בטטה וסלק בטעם טבעי 110 גרם,הונדורס צ'יפס יצור א,HN,טרה צ'יפס חטיף בטטה,גרמים,110.00,100 גרם,false,,16.90,15.3636,true,1,5477
753182231761,false,"משקה אנרגיה BLU ללא תוספת סוכר 250 מ""ל",אקווה ויט,PL,בלו סיקס ללא סוכר 25,מיליליטרים,250.00,"100 מ""ל",false,,4.50,1.8000,true,1,1811
768404001640,false,"גלידה בן&ג'ריס קפה משפחתית 500מ""ל",מוצרי איכות אמריקאיים בע,IL,גלידה פיינטס קפה 473,מיליליטרים,473.00,"100 מ""ל",false,,24.90,5.2643,true,1,14372
769904000997,false,שקדי מרק ללא גלוטן200גרם,משובח תעשיות מזון,IL,דגש שקדי מרק ללא גלו,גרמים,200.00,100 גרם,false,,15.90,7.9500,true,1,105025
811250030699,false,פלפל שחור טחון 50 גר,נפטון Neptune,,פלפל שחור טחון 50 גר,גרמים,50.00,100 גרם,false,,5.90,11.8000,true,1,34714
811250030835,false,מסלת בשר נפטון 100 ג,,,מסלת בשר נפטון 100 ג,גרמים,100.00,100 גרם,false,,10.90,10.9000,true,1,34720
833949000264,false,"סירופ מייפל אמיתי 100% אורגני 250 מ""ל",דיקסר קוויבק,CA,סירופ מייפל אמיתי 10,גרמים,330.00,100 גרם,false,,36.90,11.1818,true,1,105543
835811000389,false,שקיות אוכל למזון נשלף 200 יח',זמזמ תעשיות פלסטיק,IL,שקיות אוכל למזון נשל,יחידה,0.00,יחידה,false,,10.90,0.0000,true,1,7423
835811000402,false,כפות חד פעמי עבה במי,"גרנג יוניברס , הונג",TR,כפות 50 יח' קרם עבה,יחידה,0.00,יחידה,false,,17.90,0.0000,true,1,7424
835811001195,false,מגש אובלי גדול מדקל,,,מגש אובלי גדול מדקל,יח',5.00,יח',false,,21.90,4.3800,true,1,186727
835811001522,false,כפיות 100 יח` לקפה ו,,,כפיות 100 יח` לקפה ו,יחידה,0.00,יחידה,false,,10.90,0.0000,true,1,7430
835811001713,false,נילון נצמד 150 מטר רוחב 30 סמ,ווינפאק סחר בעמ,IL,נילון ניצמד 150 מ' ר,מטרים,150.00,מטר,false,,22.90,0.1527,true,1,7444
835811003458,false,מזלגות אלגנט שחור / שקוף 50 יח' הנמל,,,מזלגות אלגנט שקוף 50,יחידה,0.00,יחידה,false,,10.90,0.0000,true,1,295862
835811003465,false,סכינים אלגנט שחור / שקוף 50 יח' הנמל,,,סכינים אלגנט שקוף 50,יחידה,0.00,יחידה,false,,10.90,0.0000,true,1,295863
835811003595,false,צלחות קלאסי קטן לבן 65 יח' הנמל,,,צלחות קלאסי לבן קטן,יחידה,0.00,יחידה,false,,25.90,0.0000,true,1,234328
835811004523,false,קשים מיוחדים לשייק הנמל 75 יחידות,,CN,הנמל קשים מיוחדים לש,יח',75.00,יח',false,,10.90,0.1453,true,1,7512
835811005728,false,עלים לקרמשניט הנמל 400 גרם,"רונית מאפים בע""מ",IL,עלים לקרמשניט 400 גר,גרמים,400.00,100 גרם,false,,18.90,4.7250,true,1,7558
835811005803,false,"שקיות אשפה עם ידיות 75x90 ס""מ 25 יח'",תעשיות והשקעה אל רסא,IL,הנמל שקיות אשפה עם י,יחידה,0.00,יחידה,false,,14.90,0.0000,true,1,7559
835811005940,false,תבנית אלמניום גדולה מכסה 8 יח',,IL,תבנית גדולה עם מכסה,יחידה,0.00,יחידה,false,,14.90,0.0000,true,1,7563
835811005957,false,תבנית אלמניום מכסה 8 יח',יבוא ושיווק: הנמל אר,IL,תבנית מלבנית עם מכסה,יחידה,0.00,יחידה,false,,14.90,0.0000,true,1,7564
835811006497,false,אבקת סוכר 500 גרם הנמל,ר.ס. חברה ליבוא ויצו,IL,אבקת סוכר 500 גר,גרמים,500.00,100 גרם,false,,8.90,1.7800,true,1,7598
835811006770,false,תבנית אולמניום עגול 5 יח',הנמל,,תבנית אלומניום עגולה,יחידה,0.00,יחידה,false,,14.90,0.0000,true,1,7619
835811007166,false,כוסות חד פעמיות מקרטון עם מכסה פלסטיק,"צח ייבוא ושיווק בע""מ",IL,'כוסות לקפה לדרך+מכס,יחידה,0.00,יחידה,false,,13.90,0.0000,true,1,7629
835811007296,false,כפיות אלגנט קרם 50 יח' הנמל,,,כפיות אלגנט קרם 50,יחידה,0.00,יחידה,false,,10.90,0.0000,true,1,295895
835811007302,false,כפות אלגנט קרם 50 יח' הנמל,,,כפות אלגנט קרם 50 יח,יחידה,0.00,יחידה,false,,10.90,0.0000,true,1,295896
835811007319,false,מזלגות אלגנט קרם 50 יח' הנמל,,,מזלגות אלגנט קרם 50,יחידה,0.00,יחידה,false,,10.90,0.0000,true,1,295880
835811007326,false,סכינים אלגנט קרם 50 יח' הנמל,,,סכינים אלגנט קרם 50,יחידה,0.00,יחידה,false,,10.90,0.0000,true,1,295897
835811007357,false,סלטינות אובלי 25 יח הנמל,הנמל,TR,סלטינות 25 יחידות,יחידה,0.00,יחידה,false,,8.90,0.0000,true,1,7637
835811008347,false,גפרור מיוחד ענק הנמל 1 יחידה,הנמל,SE,גפרור ענק,יחידה,0.00,יחידה,false,,7.90,0.0000,true,1,7652
835811008699,false,כפות שקוף/קרם עבה במיוחד הנמל 50 יח,"גרנג יוניברס , הונג",TR,כפות 50 יח שקוף עבה,יחידה,0.00,יחידה,false,,17.90,0.0000,true,1,7656
835811008958,false,כפיות 50 יח שקוף/קרם עבה במיוחד,"גרנג יוניברס , הונג",TR,כפיות 50 יח שקוף עבה,יחידה,0.00,יחידה,false,,17.90,0.0000,true,1,7669
835811008996,false,"כוסות חד פעמי קרטון 295 מ""ל",הנמל,CN,כוסות קרטון 10 אוז,יחידה,0.00,יחידה,false,,17.90,0.0000,true,1,7672
839762000658,false,איילנד גויאבה המשקה של חופי סיני 1 ליטר,The Egyptian Co. for,EG,איילנד נקטר גויאבה 1,ליטרים,1.00,ליטר,false,,11.90,11.9000,true,1,39359
839762002379,false,משקה נקטר מנגו איילנד 350מל,"פאראגאלה,דה אג'יפשן",EG,איילנד משקה מנגו 350,מיליליטרים,350.00,"100 מ""ל",false,,6.90,1.9714,true,1,39360
844510013088,false,יין ירושלים הילז סוביניון בלאן לב 750 מל,,IL,ג'רוזלם הילז סוביניו,מיליליטרים,750.00,"100 מ""ל",false,,41.90,5.5867,true,1,65
844510013125,false,"יין ירושלים הילז מרלו 750 מ""ל",אגדת,IL,ג'רוזלם הילז מרלו 75,מיליליטרים,750.00,"100 מ""ל",false,,41.90,5.5867,true,1,67
859547004084,false,ספוג ניקוי לימון פרש סקראב דדי,סקראב דאבי,VN,ספוג ניקוי בניחוח לי,גרמים,34.00,100 גרם,false,,18.90,55.5882,true,1,229911
859547004329,false,ספוג ניקוי צבעוני סקראב דדי Scrub Daddy,סקארקיסט,VN,ספוג ניקוי כלים בצבע,גרמים,34.00,100 גרם,false,,18.90,55.5882,true,1,229897
859547004466,false,קירצוף וספוג ניקוי SCRUB DADDY,סקראב דאבי,VN,ספוג ניקוי דו צדדי ס,גרמים,34.00,100 גרם,false,,18.90,55.5882,true,1,229883
877300000074,false,פלפל שחור גרוס צנצנת,,,פלפל שחור גרוס צנצנת,גרמים,100.00,100 גרם,false,,15.90,15.9000,true,1,34723
877300000081,false,פלפל שחור טחון צנצנת,,,פלפל שחור טחון צנצנת,גרמים,100.00,100 גרם,false,,15.90,15.9000,true,1,34724
877300001101,false,נפטון קינמון טחון 15,נפטון Neptune,,נפטון קינמון טחון 15,גרמים,150.00,100 גרם,false,,10.90,7.2667,true,1,34737
877300001170,false,פפריקה מתוקה 150 גרם,נפטון Neptune,,פפריקה מתוקה 150 גרם,גרמים,150.00,100 גרם,false,,10.90,7.2667,true,1,34742
877300001200,false,עלי דפנה 20 גרם,נפטון Neptune,,עלי דפנה 20גר,גרמים,20.00,100 גרם,false,,10.90,54.5000,true,1,34743
877300001248,false,פפריקה מתוקה מרוקאית בשמן,נפטון Neptune,,נפטון פפריקה מתוקה 1,גרמים,150.00,100 גרם,false,,10.90,7.2667,true,1,34744
877300001286,false,כמון טחון 150 גרם,נפטון Neptune,,כמון טחון 150גר,גרמים,150.00,100 גרם,false,,10.90,7.2667,true,1,34745
877300001330,false,תערובת תיבול חוויאג' למרק,נפטון Neptune,,נפטון תבלין חוויאג ל,גרמים,150.00,100 גרם,false,,10.90,7.2667,true,1,34746
877300001361,false,נפטון תבלין לשווארמה,,,נפטון תבלין לשווארמה,גרמים,150.00,100 גרם,false,,10.90,7.2667,true,1,34748
877300001866,false,נפטון תערובת תיבול פ,,,נפטון תערובת תיבול פ,גרמים,150.00,100 גרם,false,,10.90,7.2667,true,1,34760
877300002160,false,רוטב צ'ילי מתוק 370 גרם,נפטון מוצרי מזון (1990),IL,רוטב צ`ילי מתוק נפטו,גרמים,370.00,100 גרם,false,,13.90,3.7568,true,1,34769
877300002184,false,אריסה מתוקה נפטון 1,,,אריסה מתוקה נפטון 1,גרמים,180.00,100 גרם,false,,12.90,7.1667,true,1,34770
877300002290,false,פפריקה מרוקאית מעושנת,נפטון Neptune,,נפטון פפריקה מעושנת,גרמים,150.00,100 גרם,false,,10.90,7.2667,true,1,34773
877300003242,false,רוטב ברביקיו נפטון 3,נפטון מוצרי מזון (1990),IL,רוטב ברביקיו נפטון 3,גרמים,350.00,100 גרם,false,,13.90,3.9714,true,1,34782
877300004553,false,פפריקה מתוקה 80 גרם,נפטון Neptune,,פפריקה מתוקה 80 גרם,גרמים,80.00,100 גרם,false,,5.90,7.3750,true,1,34805
877300004584,false,כורכום טחון 80 גרם ש,נפטון Neptune,,כורכום טחון 80 גרם ש,גרמים,80.00,100 גרם,false,,5.90,7.3750,true,1,34808
877300004614,false,גריל עוף 80 גרם שקית,,,גריל עוף 80 גרם.,גרמים,80.00,100 גרם,false,,4.90,6.1250,true,1,96607
877300007721,false,כמון טחון 400 גרם,,,כמון טחון 400גר,גרמים,400.00,100 גרם,false,,17.90,4.4750,true,1,34813
877300007752,false,פפריקה מתוקה 400 גר,,,פפריקה מתוקה 400גר,גרמים,400.00,100 גרם,false,,17.90,4.4750,true,1,34815
877300007936,false,פפריקה מתוקה גס בשמן,,,פפריקה מתוקה גס בשמן,גרמים,400.00,100 גרם,false,,17.90,4.4750,true,1,34816
877300008001,false,פפריקה חריפה בשמן 40,,,פפריקה חריפה בשמן 40,גרמים,400.00,100 גרם,false,,17.90,4.4750,true,1,34817
877300008698,false,פלפל א.עונות שלם מטחנה30,נפטון מוצרי מזון (1990),IL,פלפלת 4 עונות שלם 30,גרמים,30.00,100 גרם,false,,13.90,46.3333,true,1,34825
877300009183,false,רוטב שמן זית ולימון,,,רוטב שמן זית ולימון,גרמים,300.00,100 גרם,false,,13.90,4.6333,true,1,34830
877300009848,false,מלח לימון 150 גרם נפ,,,מלח לימון 150 גרם נפ,גרמים,150.00,100 גרם,false,,10.90,7.2667,true,1,34836
884912102102,false,דגני בוקר פוסט סלקט אוכמניות 382 גר,הנסיך- מפעל לייצור ט,US,דגני בוקר אוכמניות ג,גרמים,382.00,100 גרם,false,,26.90,7.0419,true,1,43054
884912111715,false,דגני פוסט האני קומב 354 גר,פוסט ארצות הברית,US,-פוסט- האני קומב 354,גרמים,354.00,100 גרם,false,,23.90,6.7514,true,1,86301
884912116505,false,דגני בננה נאט קראנץ' Banana Nut Crunch,פוסט ארצות הברית,US,פוסט בננה נאט קראנץ,גרמים,439.00,100 גרם,false,,25.90,5.8998,true,1,20459
884912126115,false,גרייט גריינס דגני בוקר עם פירות יבשים פוסט 453 גרם,הנסיך- מפעל לייצור ט,US,דגני בוקר גרייט גריי,גרמים,453.00,100 גרם,false,,26.90,5.9382,true,1,20460
884912359155,false,דגני בוקר האני באנצ'ס האני רוסטד פוסט 340 גרם,פוסט ארצות הברית,US,דגני בוקר שיבולת שוע,גרמים,340.00,100 גרם,false,,23.90,7.0294,true,1,236363
884912359162,false,האני באנצ' דגני בוקר עם שקדים פוסט 411 גרם,פוסט ארצות הברית,US,דגני בוקר שיבולת שוע,גרמים,340.00,100 גרם,false,,23.90,7.0294,true,1,236349
884912359421,false,דגני בוקר האני באנצ'ס מייפל ופקאן פוסט 340 גרם,פוסט ארצות הברית,US,דגני בוקר שיבולת שוע,גרמים,340.00,100 גרם,false,,23.90,7.0294,true,1,236378
884912365200,false,דגני בוקר אוראו שחור ולבן 311 גרם,פוסט ארצות הברית,US,דגני בוקר עם פירורי,גרמים,311.00,100 גרם,false,,23.90,7.6849,true,1,297290
884912377142,false,דגני בוקר האני באנצס וניל 340 ג' POST,פוסט ארצות הברית,US,דגני בוקר שיבולת שוע,גרמים,340.00,100 גרם,false,,23.90,7.0294,true,1,236335
3010470155299,false,פריסקיז Friskies פטה בקר וירקות,ניו פטפוד איטליה,IT,פריסקיז פטה בקר וירק,גרמים,400.00,100 גרם,false,,10.90,2.7250,true,1,18376
3014260228842,false,"קצף גילוח ג'ילט לעור רגיל 200 מ""ל",מולינו ניקולי s.p.a,GB,קצף גילוח רגיל ג'ילט,מיליליטרים,200.00,"100 מ""ל",false,,16.90,8.4500,true,1,26752
3045206360609,false,"דזיטול נוזל מחטא בגדים בכביסה, 1 ליטר",רלוי,ES,דזיטול נוזל מחטא בגד,מיליליטרים,1.00,"100 מ""ל",false,,25.90,2590.0000,true,1,241934
3046920010801,false,שוקולד מריר אקסלנס עם אגוזי לוז,לינדט ושפרונגלי קילשברג,FR,לינדט אקסלנס 100ג,גרמים,100.00,100 גרם,false,,18.90,18.9000,true,1,13692
3046920010856,false,לינדט שוקולד אקסלנס לימון גינגיר 100 גר,לינדט ושפרונגלי,CH,לינדט אקסלנס לימון ג,גרמים,100.00,100 גרם,false,,18.90,18.9000,true,1,13693
3046920028004,false,לינדט שוקולד אקסלנס מריר 70% 100 גר,לינדט ושפרונגלי קילשברג,FR,לינדט אקסלנס 70% 100,גרמים,100.00,100 גרם,false,,18.90,18.9000,true,1,13699
3046920028363,false,לינדט אקסלנס 85% מוצקי קקאו 100 גרם,לינדט ושפרונגלי קילשברג,FR,לינדט אקסלנס 85% 100,גרמים,100.00,100 גרם,false,,18.90,18.9000,true,1,13700
3046920028752,false,שוקולד לינדט אקסלנס מינט 100 גרם,לינדט ושפרונגלי קילשברג,FR,לינדט אקסלנס מריר מנ,גרמים,100.00,100 גרם,false,,18.90,18.9000,true,1,13703
3046920029674,false,שוקולד לינדט אקסלנס סולט 100 גרם,לינדט ושפרונגלי קילשברג,DE,לינדט אקסלנס עם שבבי,גרמים,100.00,100 גרם,false,,18.90,18.9000,true,1,13705
3046920029681,false,לינדט שוקולד אקסלנס מילד 85% קקאו 100 גר,לינדט ושפרונגלי,DE,לינדט אקסלנס מילד 85,גרמים,100.00,100 גרם,false,,18.90,18.9000,true,1,86406
3046920029759,false,לינדט אקסלנס 90% מוצקי קקאו 100 גרם,לינדט ושפרונגלי קילשברג,DE,לינדט אקסלנס 90% 100,גרמים,100.00,100 גרם,false,,18.90,18.9000,true,1,13706
3059940007768,false,"מבשם אוויר אירוויק ספריי וניל אורכידאה 240 מ""ל",איירוויק Air Wick,GB,אירוויק ספרי וניל או,מיליליטרים,240.00,"100 מ""ל",false,,12.90,5.3750,true,1,20761
3059943016507,false,"אירוויק ספריי בניחוח לבנדר וקמומיל 240 מ""ל",איירוויק Air Wick,GB,איירויק ספריי לבנדר,מיליליטרים,240.00,"100 מ""ל",false,,12.90,5.3750,true,1,20771
3073781161700,false,מותכת לה וואש קירי 32יח,פרומאג'רי בל דום סאם,FR,גבינה מותכת לה וואש,גרמים,480.00,100 גרם,false,,40.90,8.5208,true,1,147440
3073781162790,false,גבינה מותכת בייבי בל 120 גרם,מחלבות בל,FR,בייבי בל 24% אדום 12,גרמים,120.00,100 גרם,false,,23.90,19.9167,true,1,263287
3073781177220,false,גבינת בייבי בל רול 102 ג,מחלבות בל,FR,גבינת בייבי בל רול 1,גרמים,102.00,100 גרם,false,,22.90,22.4510,true,1,289087
3147699101186,false,רום סיינט ג'יימס אימ,,,רום סיינט ג'יימס אימ,מיליליטרים,750.00,"100 מ""ל",false,,69.00,9.2000,true,1,277779
3161911229199,false,חמאה צרפתית רכה למריחה אל & ויר 250 גרם,אלל אה וויר,FR,אלוויר חמאה רכה 250ג,גרמים,250.00,100 גרם,false,,23.90,9.5600,true,1,16711
3161911366429,false,חמאה צרפתית מלוחה רכה למריחה אלוויר 250 גר',ארזינא,FR,אלוויר חמאה רכה מלוח,גרמים,250.00,100 גרם,false,,23.90,9.5600,true,1,16713
3161911393210,false,אלוויר חמאת נורמנדי מלוחה 200 גרם,אלוויר,FR,חמאת נורמנדי מלוחה 2,גרמים,200.00,100 גרם,false,,23.90,11.9500,true,1,253112
3162330060479,false,בירה SAER BRAU 6*250,,,בירה SAER BRAU 6*250,ליטרים,1.50,ליטר,false,,14.90,9.9333,true,1,324588
3178530402353,false,עוגות מיני מדלן קלאסי סאן מישל 175 גרם,סאן מישל ביסוויט,FR,עוגיות רכות מיני מדל,גרמים,175.00,100 גרם,false,,13.90,7.9429,true,1,16722
3178530407938,false,עוגיות מיני מדליין עם שוקוצ'יפס סאן מישל 175 גרם,סאן מישל,FR,עוגיות שוקולד צ'יפס,גרמים,175.00,100 גרם,false,,13.90,7.9429,true,1,16724
3245412211393,false,שוקולד חלב מעולה קרפ,,FR,שוקולד חלב מעולה קרפ,גרמים,300.00,100 גרם,false,,7.90,2.6333,true,1,268728
3245412211409,false,שוקולד חלב מעולה עם,,FR,שוקולד חלב מעולה עם,גרמים,300.00,100 גרם,false,,15.90,5.3000,true,1,268542
3254550033279,false,גבינת קממבר 250 גרם סנט מר,איסיני סנט מור,FR,גבינת קממבר 250 גרם,גרמים,250.00,100 גרם,false,,30.90,12.3600,true,1,16730
3270190151654,false,שוקולד מריר מעולה עם,,FR,שוקולד מריר מעולה עם,גרמים,100.00,100 גרם,false,,5.90,5.9000,true,1,268558
3270190174936,false,שוקולד חלב עם תכולת,,FR,שוקולד חלב עם תכולת,גרמים,100.00,100 גרם,false,,5.90,5.9000,true,1,268574
3387390320244,false,פיטנס דגני בוקר מחיטה מלאה עם פירות נסטלה 375 גרם,נסטלה צרפת איטנקורט,FR,פיטנס פירות דגני עם,גרמים,375.00,100 גרם,false,,23.90,6.3733,true,1,18378
3387390525960,false,קראנץ' דגני בוקר עם שוקולד חלב נסטלה 500 גרם,הנסיך- מפעל לייצור ט,FR,דגני קראנץ' נסטלה 50,גרמים,500.00,100 גרם,false,,26.90,5.3800,true,1,18379
3387390730852,false,פיטנס דגנים מחיטה מלאה ואורז נסטלה 375 גרם,נסטלה צרפת איטנקורט,FR,דגני פיטנס נסטלה 375,גרמים,375.00,100 גרם,false,,23.90,6.3733,true,1,18380
3523230025652,false,"גבינת מיני בושה עם שום ועשי תיבול ועשבי, 125 גרם",סואניון,FR,גבינהת עזים מיני בוש,גרמים,125.00,100 גרם,false,,26.90,21.5200,true,1,16744
3560070230778,false,קרפור-תה אנגלי שחור,,,קרפור-תה אנגלי שחור,גרמים,50.00,100 גרם,false,,6.90,13.8000,true,1,324843
3560070232963,false,קרפור-חליטת פירות יע,,,קרפור-חליטת פירות יע,גרמים,40.00,100 גרם,false,,6.90,17.2500,true,1,324767
3560070415755,false,קרפור-תה ירוק 25 יחי,,,קרפור-תה ירוק 25 יחי,גרמים,32.50,100 גרם,false,,7.90,24.3077,true,1,324678
3560070582884,false,קרפור סטייליס עם שוק,,,קרפור סטייליס עם שוק,גרמים,300.00,100 גרם,false,,8.90,2.9667,true,1,305514
3560070659517,false,קרפור-תה ארל גריי 20,,,קרפור-תה ארל גריי 20,גרמים,36.00,100 גרם,false,,9.90,27.5000,true,1,324663
3560070669981,false,שוקולד מריר מעולה 80,,FR,שוקולד מריר מעולה 80,גרמים,80.00,100 גרם,false,,4.90,6.1250,true,1,268528
3560070701407,false,שוקולד מריר מעולה עם,,FR,שוקולד מריר מעולה עם,גרמים,100.00,100 גרם,false,,5.90,5.9000,true,1,268559
3560070720859,false,שוקולד מריר מעולה 72,,FR,שוקולד מריר מעולה 72,גרמים,80.00,100 גרם,false,,4.90,6.1250,true,1,268544
3560070852086,false,קרפור-תה ירוק בטעם נ,,,קרפור-תה ירוק בטעם נ,גרמים,40.00,100 גרם,false,,6.90,17.2500,true,1,324797
3560070852116,false,קרפור-תה ירוק נענע 5,,,קרפור-תה ירוק נענע 5,גרמים,80.00,100 גרם,false,,8.90,11.1250,true,1,324782
3560070888108,false,קרפור-תה שחור בטעם ל,,,קרפור-תה שחור בטעם ל,גרמים,40.00,100 גרם,false,,6.90,17.2500,true,1,324812
3560070888115,false,קרפור-חליטת טיליה 25,,,קרפור-חליטת טיליה 25,גרמים,42.50,100 גרם,false,,6.90,16.2353,true,1,324723
3560070888122,false,קרפור-חליטת קמומיל 2,,,קרפור-חליטת קמומיל 2,גרמים,30.00,100 גרם,false,,6.90,23.0000,true,1,324693
3560070888139,false,קרפור-תה שחור בטעם פ,,,קרפור-תה שחור בטעם פ,גרמים,42.50,100 גרם,false,,6.90,16.2353,true,1,324813
3560070888153,false,קרפור-תה ירוק בטעם ל,,,קרפור-תה ירוק בטעם ל,גרמים,40.00,100 גרם,false,,6.90,17.2500,true,1,324828
3560070928194,false,קרפור-חליטת לואיזה 2,,,קרפור-חליטת לואיזה 2,גרמים,32.50,100 גרם,false,,6.90,21.2308,true,1,324708
3560070928347,false,קרפור-חליטת רויבוש ו,,,קרפור-חליטת רויבוש ו,גרמים,40.00,100 גרם,false,,6.90,17.2500,true,1,324752
3560071013127,false,קרפור סטייליס עם שוק,,,קרפור סטייליס עם שוק,גרמים,300.00,100 גרם,false,,8.90,2.9667,true,1,305529
3560071013196,false,קרפור סטייליס בטעם ט,,,קרפור סטייליס בטעם ט,גרמים,500.00,100 גרם,false,,9.90,1.9800,true,1,305530
3560071081256,false,קרפור-תה שחור 20 יחי,,,קרפור-תה שחור 20 יחי,גרמים,36.00,100 גרם,false,,9.90,27.5000,true,1,324618
3560071081263,false,קרפור-תה ירוק סיני 2,,,קרפור-תה ירוק סיני 2,גרמים,36.00,100 גרם,false,,9.90,27.5000,true,1,324648
3560071081270,false,קרפור-תה ירוק נענע 2,,,קרפור-תה ירוק נענע 2,גרמים,36.00,100 גרם,false,,9.90,27.5000,true,1,324633
3560071188689,false,בירה Walberg 6*250 מ,,,בירה Walberg 6*250 מ,ליטרים,1.50,ליטר,false,,17.90,11.9333,true,1,324573
3560071341947,false,שמן זית כתית מעולה ב,,FR,שמן זית כתית מעולה ב,מיליליטרים,750.00,"100 מ""ל",false,,11.50,1.5333,true,1,304622
3560071431914,false,קפסולות קפה קרפור עו,,FR,קפסולות קפה קרפור עו,גרמים,52.00,100 גרם,false,,6.90,13.2692,true,1,306477
3560071432003,false,קפסולות קפה קרפור עו,,FR,קפסולות קפה קרפור עו,גרמים,52.00,100 גרם,false,,6.90,13.2692,true,1,306522
3560071432034,false,קפסולות קפה נטול קרפ,,FR,קפסולות קפה נטול קרפ,גרמים,52.00,100 גרם,false,,6.90,13.2692,true,1,306523
3560071432096,false,קפסולות קפה קרפור עו,,FR,קפסולות קפה קרפור עו,גרמים,52.00,100 גרם,false,,6.90,13.2692,true,1,306525
3560071432157,false,קפסולות קפה וניל קרפ,,FR,קפסולות קפה וניל קרפ,גרמים,52.00,100 גרם,false,,6.90,13.2692,true,1,306526
3560071432218,false,קפסולות קפה אגוז קרפ,,FR,קפסולות קפה אגוז קרפ,גרמים,52.00,100 גרם,false,,6.90,13.2692,true,1,306528
3560071432249,false,קפסולות קפה ברזיל קר,,FR,קפסולות קפה ברזיל קר,גרמים,52.00,100 גרם,false,,6.90,13.2692,true,1,306529
3560071432270,false,קפסולות קפה קולומביה,,FR,קפסולות קפה קולומביה,גרמים,52.00,100 גרם,false,,6.90,13.2692,true,1,306530
3560071432300,false,קפסולות קפה אתיופיה,,FR,קפסולות קפה אתיופיה,גרמים,52.00,100 גרם,false,,6.90,13.2692,true,1,306531
3560071432331,false,קפסולות קפה לאוס קרפ,,FR,קפסולות קפה לאוס קרפ,גרמים,52.00,100 גרם,false,,6.90,13.2692,true,1,306532
3560071432362,false,קפסולות קפה קניה קרפ,,FR,קפסולות קפה קניה קרפ,גרמים,52.00,100 גרם,false,,6.90,13.2692,true,1,306533
3560071432393,false,קפסולות קפה קוסטה רי,,FR,קפסולות קפה קוסטה רי,גרמים,52.00,100 גרם,false,,6.90,13.2692,true,1,306534
3560071432515,false,קפסולות קפה קרפור עו,,FR,קפסולות קפה קרפור עו,גרמים,52.00,100 גרם,false,,6.90,13.2692,true,1,306535
3560071432690,false,קפסולות קפה קרפור עו,,FR,קפסולות קפה קרפור עו,גרמים,52.00,100 גרם,false,,6.90,13.2692,true,1,306536
3560071442545,false,בירה SAER BRAU 6*250,,,בירה SAER BRAU 6*250,ליטרים,1.50,ליטר,false,,14.90,9.9333,true,1,324603
3574661098531,false,ניוטרוגינה תחליב גוף מועשר לעור יבש/רגיש,ניוטרוג'ינה Neutrogena,GR,ניוטרוג'ינה תחליב גו,מיליליטרים,400.00,"100 מ""ל",false,,36.90,9.2250,true,1,21256
3574661419435,false,תחבושות הגייניות וניה מקסי 12 יחידות,Johnson Vania - BL,BE,תחבושות הגייניות מקס,יחידה,0.00,יחידה,false,,28.50,0.0000,true,1,281704
3574661552576,false,קרפרי מגן תחתון רגיל טנגה לבן 56 יח חדש,הדקלאים אגודת שיתופי,GR,קרפרי רגיל טנגה לבן,יחידה,0.00,יחידה,false,,17.90,0.0000,true,1,64402
3574661552804,false,מגן תחתון קרפרי אלוורה 56 יחידות,הדקלאים אגודת שיתופי,IT,קרפרי מגן תחתן אלוור,יחידה,0.00,יחידה,false,,17.90,0.0000,true,1,64388
3574661554877,false,מגן תחתון קרפרי כותון מבושם 56 יחידות,הנסיך- מפעל לייצור ט,GR,קרפרי כותון מבושם 56,יחידה,0.00,יחידה,false,,17.90,0.0000,true,1,64389
3574661610344,false,נטרוגינה קרם לחות עשיר ומרוכז לעור יבש ע,גונסון אנד גונסון סנטה ב,IT,ניוטרוג'ינה קרם לחות,מיליליטרים,300.00,"100 מ""ל",false,,31.90,10.6333,true,1,322726
3574661643359,false,ליסטרין נטורלס שטיפת פה אנאמל פרוטקט,ג'\ונסון אנד ג'\ונסון,IT,שטיפת פה בטעם מעודן,מיליליטרים,500.00,"100 מ""ל",false,,21.90,4.3800,true,1,233636
3574661650029,false,ליסטרין שטיפת פה להגנה על החניכיים בטעם מעודן,ג'\ונסון אנד ג'\ונסון,IT,שטיפת פה להגנה על הח,מיליליטרים,500.00,"100 מ""ל",false,,21.90,4.3800,true,1,233637
3574669907682,false,גונסונס בייבי טלק 500 גרם חדש,גונסון אנד גונסון,IT,ג'ונסונס בייבי טלק 5,גרמים,500.00,100 גרם,false,,33.90,6.7800,true,1,21286
3574669907880,false,שמפו גונסון צהוב 300 מל,ג'ונסון,IT,ג'ונסון בייבי שמפו,מיליליטרים,330.00,"100 מ""ל",false,,6.90,2.0909,true,1,170045
3600523652259,false,"לוריאל - אלביב מרכך קולור פרוטקט 550 מ""ל",קוסמטיקס,TR,מרכך קולור אלביב 550,מיליליטרים,550.00,"100 מ""ל",false,,15.90,2.8909,true,1,12285
3600523652280,false,"לוריאל אלביב שמפו מועשר ב 6 שמנים, 550 מ""ל",לוריאל - אלביב Elvive,TR,שמפו 6 שמנים אלביב 5,מיליליטרים,550.00,"100 מ""ל",false,,15.90,2.8909,true,1,12288
3600523652297,false,"מרכך לשיער אלביב זהב 6 שמנים , 550 מ""ל",לוריאל - אלביב Elvive,TR,מרכך 6 שמנים אלביב 5,מיליליטרים,550.00,"100 מ""ל",false,,15.90,2.8909,true,1,12289
3607343817547,false,"אדידס - דאודורנט ספריי לגבר קליימקול 150 מ""ל",קולפ,PT,דאודורנט ספריי לגבר,מיליליטרים,150.00,"100 מ""ל",false,,14.90,9.9333,true,1,103675
3608580075646,false,קונפיטורה בטעם שזיפים 370 גר BONNE MAMAN,בון מאמא,FR,קונפיטורה שזיף 370 ג,גרמים,370.00,100 גרם,false,,20.90,5.6486,true,1,271231
3608580730248,false,קונפיטורה דובדובן 370 ג' בוני מאמן,בון ממן,FR,קונפיטורה דובדבן 370,גרמים,370.00,100 גרם,false,,20.90,5.6486,true,1,43069
3608580730255,false,קונפיטורה בטעם משמש 370 גר BONNE MAMAN,בון ממן,FR,קונפיטורה משמש 370 ג,גרמים,370.00,100 גרם,false,,20.90,5.6486,true,1,43070
3616180424863,false,קרפור הום -30 מפיות,,,קרפור הום -30 מפיות,יחידה,0.00,יחידה,false,,5.90,0.0000,true,1,330937
3616180424887,false,קרפור הום -30 מפיות,,,קרפור הום -30 מפיות,יחידה,0.00,יחידה,false,,5.90,0.0000,true,1,330938
3616180425099,false,קרפור הום -30 מפיות,,,קרפור הום -30 מפיות,יחידה,0.00,יחידה,false,,5.90,0.0000,true,1,330942
3616180425129,false,קרפור הום -30 מפיות,,,קרפור הום -30 מפיות,יחידה,0.00,יחידה,false,,5.90,0.0000,true,1,330943
3616180425174,false,קרפור הום -30 מפיות,,,קרפור הום -30 מפיות,יחידה,0.00,יחידה,false,,5.90,0.0000,true,1,330946
3800020423578,false,חטיף שוקולד חלב צאנקי 40 ג' קיט קט,נסטלה בולגריה A.D,BG,קיט קט צאנקי 40 גרם,גרמים,40.00,100 גרם,false,,3.90,9.7500,true,1,41907
3800034954150,false,מארז 3 יחידות פריש דריי,,IL,עץ ריח איירון שלישיה,יחידה,0.00,יחידה,false,,10.50,0.0000,true,1,31707
3800034965798,false,פחתי ריח באריזת בליסטר,,CN,פחית ריח בבליסטר are,יחידה,0.00,יחידה,false,,15.90,0.0000,true,1,31714
4000417022004,false,ריטר ספורט שוקולד חלב מעולה עם צימוקים ואגוזי לוז 100 גרם,ריטר ספורט Ritter sport,DE,שוקולד ריטר ספורט חל,גרמים,100.00,100 גרם,false,,8.90,8.9000,true,1,12656
4000417025005,false,שוקולד מריר במילוי מרציפן ריטר ספורט 100 גרם,ריטר ספורט Ritter sport,DE,שוקולד ריטר ספורט מר,גרמים,100.00,100 גרם,false,,8.90,8.9000,true,1,12659
4000417026002,false,שוקולד חלב ממולא קרם פרלין אגוזי לוז,ריטר ספורט Ritter sport,DE,שוקולד חלב ממולא קרם,גרמים,100.00,100 גרם,false,,8.90,8.9000,true,1,12660
4000417101211,false,גלילי וופל עם קרם אגוזי לוז בציפוי שוקולד חלב,אמיצ'לי Amicelli,AT,גלילי וופל עם קרם אג,גרמים,150.00,100 גרם,false,,19.90,13.2667,true,1,227917
4000417294005,false,ריטר שקולד חלב במילוי קרם קקאו מוקצף,ריטר ספורט Ritter sport,DE,שוקולד חלב קרם קקאו,גרמים,100.00,100 גרם,false,,8.90,8.9000,true,1,12671
4000539280726,false,שוקולד לינדט אקסלנס מילד 70% 100 גר,לינדט ושפרונגלי,DE,לינדט אקסלנס 70% 100,גרמים,100.00,100 גרם,false,,18.90,18.9000,true,1,284555
4004666042004,false,"מלרוד מרסס משמיד עובש יעקבי 500 מ""ל",יעקובי,DE,מלרוד מחסל עובש+מרסס,מיליליטרים,500.00,"100 מ""ל",false,,35.60,7.1200,true,1,11280
4005808850723,false,לבלו שפתון תות בליסטר,טרופיקל דגיל תעשיות,DE,לבלו פירות בטעם תות,יחידה,0.00,יחידה,false,,13.90,0.0000,true,1,51072
4005900513045,false,"ניוואה - דאודורנט ספריי לגבר דיפ 150 מ""ל",ביירסדורף,DE,דאו ספריי לגבר DEEP,מיליליטרים,150.00,"100 מ""ל",false,,23.90,15.9333,true,1,51112
4006387085407,false,שלישיית פילטר מקסטרא סודהסטרים,סודה קלאב,DE,שלישיית פילטר מקסטרה,יח',3.00,יח',false,,140.00,46.6667,true,1,17512
4006387097370,false,קנקן סטייל+פילטר מקסטרא סודהסטרים,בריטה,DE,קנקן בריטה STYLE,יחידה,0.00,יחידה,false,,159.00,0.0000,true,1,17514
4007745058804,false,מיונז אורגני נטורפוד340ג,אף.סי תבליני בגליל ב,DE,מיונז אורגני 340 גרם,גרמים,340.00,100 גרם,false,,24.90,7.3235,true,1,105529
4007745058828,false,חרדל צרפתי גרגרים אורגני 200 גרם,נטורפוד,DE,חרדל צרפתי - גרגרים,גרמים,145.00,100 גרם,false,,14.50,10.0000,true,1,105434
4008287058161,false,"שישייה בירה קרומבאכר פילס 330X6 מ""ל",מנדלז סי.אר. פרודקשן,DE,בירה קרומבכר פילס שי,ליטרים,1.98,ליטר,false,,33.90,17.1212,true,1,163229
4008400230726,false,ביצת שוקולד הפתעה קינדר ענקית 100ג' בנים,פררו,IT,ביצת הפתעה קינדר מקס,גרמים,100.00,100 גרם,false,,23.90,23.9000,true,1,41437
4009300522935,false,תה ירוק פומפדור לימונית ולואיזה 20 יחידות,"איטיליאן פוד, אס.פי.",DE,פומפדור תה ירוק לימו,גרמים,30.00,100 גרם,false,,20.90,69.6667,true,1,21304
4009300524588,false,חליטת צמחים פומפדור פירות יער 20 יחידות,פומפדור Pompadour,DE,פומפדור חליטת פירות,גרמים,60.00,100 גרם,false,,17.90,29.8333,true,1,21306
4009300525684,false,חליטת צמחים פומפדור ג'ינג'ר ולימון 20 יחידות,פומפדור Pompadour,DE,פומפדור חליטת לימוןג,גרמים,35.00,100 גרם,false,,17.90,51.1429,true,1,21309
4009300528845,false,תה ירוק פומפדור לימונית ודבש 20 יחידות,פומפדור Pompadour,DE,פומפדור תה ירוק לימו,גרמים,30.00,100 גרם,false,,20.90,69.6667,true,1,21315
4009309740422,false,רסק תפוחים אורגני – נטורפוד 700 גרם,נטורפוד,DE,רסק תפוחים אורגני 70,גרמים,700.00,100 גרם,false,,17.50,2.5000,true,1,105436
4009900379564,false,מסטיק הובה בובה Hubba Bubba טייפ בטעם פירות,מרס ריגלי קונפקשונרי,GB,הובה בובה טייפ פירות,גרמים,56.00,100 גרם,false,,6.70,11.9643,true,1,20650
4009900402965,false,אורביט וויט בטעם פירות בקבוקון 46מלבניות,ריגלי פולין,PL,אורביט וויט פירות בק,גרמים,64.00,100 גרם,false,,10.90,17.0313,true,1,20657
4009900403023,false,אורביט וויט בטעם מנטה בקבוקון 46 מלבניות,"ב.א מזון בע""מ",PL,אורביט וויט מנטה בקב,גרמים,64.00,100 גרם,false,,10.90,17.0313,true,1,20658
4009900406918,false,מסטיק הובה בובה טייפ טריפל מיקס 56ג',מרס ריגלי קונפקשונרי,GB,הובה בובה טייפ טריפל,גרמים,56.00,100 גרם,false,,6.90,12.3214,true,1,20661
4009900420129,false,מסטיק אורביט פרופשנל פפרמינט בקבוקון 64 גר',מרס נדרלנד,PL,אורביט פרופשייונל פפ,גרמים,64.00,100 גרם,false,,10.90,17.0313,true,1,20665
4009900426121,false,מסטיק אורביט איירוויז בקבוקון אוכמניות 64ג',איירוויבס Airwaves,PL,בקבוקון בקבוקון מסטי,גרמים,64.00,100 גרם,false,,10.90,17.0313,true,1,20668
4009900479998,false,אורביט וויט אוכמניות בקבוקון 46 מלבניות,ריגלי פולין,PL,אורביט מסטיק בקבוקון,גרמים,64.00,100 גרם,false,,10.90,17.0313,true,1,20678
4009900482417,false,מסטיק אורביט פירות מנטה בקבוקון באבל מינט 45יח,ריגלי פולין,PL,אורביט באבל מינט בקב,גרמים,64.00,100 גרם,false,,10.90,17.0313,true,1,20680
4009900484060,false,מסטיק אורביט פרופשיונל בטעם מנטה ללא סוכר,ריגלי פולין,PL,אורביט פרופשיונל מנט,יחידה,0.00,יחידה,false,,14.90,0.0000,true,1,20683
4009900484091,false,מסטיק אורביט פרופשיונל בטעם מנטה ללא סוכר,ריגלי פולין,PL,אורביט פרופשיונל ספי,גרמים,84.00,100 גרם,false,,14.90,17.7381,true,1,20684
4009900509770,false,אורביט באריזת בקבוק בטעם תות 60 יח',אורביט Orbit,GB,אורביט באריזת בקבוק,יחידה,0.00,יחידה,false,,14.90,0.0000,true,1,20704
4009900525138,false,"וויט גומי לעיסה בטעם תות ללא סוכר, 64 ג' אורפיט",ריגלי,PL,אורביט וויט תות - בק,גרמים,64.00,100 גרם,false,,10.90,17.0313,true,1,54777
4009900531122,false,"מסטיק בטעם מנטה ספירמינט, 64 ג' פרופשיונל אורפיט",מרס נדרלנד,PL,אורביט פרופשייונל ספ,גרמים,64.00,100 גרם,false,,10.90,17.0313,true,1,20717
4009900531573,false,סוכריות סקיטלס סמודיס בטעמי יוגורט ופירות,סקיטלס Skittles,CZ,סקיטלס סמודיס 174 גר,גרמים,174.00,100 גרם,false,,9.90,5.6897,true,1,20718
4009900532327,false,סוכריות סקיטלס סמודיס בטעמי יוגורט ופירות,ריגלי ממתקים,CZ,סוכריות סקיטלס סמודי,גרמים,38.00,100 גרם,false,,3.90,10.2632,true,1,20719
4009900536257,false,מסטיק אורביט רפרשרס ספירמינט בקבוקון ללא סוכר 67 גר',מרס ריגלי קונפקשונרי,PL,מסטיק אורביט רפרשרס,גרמים,67.00,100 גרם,false,,13.90,20.7463,true,1,116376
4009900536288,false,מסטיק אורביט רפרשרס פפרמינט בקבוקון ללא סוכר 67 גר',מרס ריגלי קונפקשונרי,PL,מסטיק אורביט רפרשרס,גרמים,67.00,100 גרם,false,,13.90,20.7463,true,1,139581
4009900536486,false,מסטיק אורביט רפרשרס באבלמינט בקבוקון ללא סוכר 67 גר',מרס ריגלי קונפקשונרי,PL,מסטיק אורביט רפרשרס,גרמים,67.00,100 גרם,false,,13.90,20.7463,true,1,116377
4009900539340,false,סוכריות סקיטלס ג'יינט סאוור 141 גרם,מרס ריגלי קונפקשונרי,CZ,סוכריות סקיטלס ענקיו,גרמים,141.00,100 גרם,false,,9.90,7.0213,true,1,225639
4009900539685,false,"מסטיק פייב באונס בטעם מנטה בקבוקון, 61.8 גרם",ריגלי בעמ רוסיה,PL,מסטיק בטעם מנטה ללא,גרמים,61.80,100 גרם,false,,13.90,22.4919,true,1,233690
4009900540551,false,מסטיק אורביט רפרשרס טרופיקל בקבוקון ללא סוכר,מרס פולין,PL,אורביט רפרשרס טרופיק,גרמים,67.00,100 גרם,false,,13.90,20.7463,true,1,227628
4011100001220,false,מרסי חטיפי מיני שקית 403ג',לינדט ושפרונגלי קילשברג,NL,מרס מיני 403 גרם,גרמים,403.00,100 גרם,false,,24.90,6.1787,true,1,20720
4011800567613,false,מאגדת קורני מילק דרק & ואיט 120 גרם,מיוצר עי קונדיטוריית,DE,חטיף דגנים סנדוויץ ש,גרמים,120.00,100 גרם,false,,15.90,13.2500,true,1,13731
4011800577810,false,מארז חטיפי קורני פרי נוגט 120 גרם,Schwartauer,DE,קורני חטיף דגנים נוג,גרמים,150.00,100 גרם,false,,15.90,10.6000,true,1,203969
4011800628512,false,חטיף קורני שוקולד חלב 6 יח 150 גר,מיוצר עי קונדיטוריית,DE,חטיף דגנים עם שוקולד,גרמים,150.00,100 גרם,false,,15.90,10.6000,true,1,13736
4011800630515,false,חטיף קורני שוקולד חלב ובננה 6 יח 150 גר,מיוצר עי קונדיטוריית,DE,חטיף דגנים עם שוקולד,גרמים,150.00,100 גרם,false,,15.90,10.6000,true,1,13738
4011800633516,false,קורני שוקולד מריר מעולה 58% קקאו 6*1,שוורטאוור וורקה,DE,חטיף דגנים שוקולד מר,גרמים,138.00,100 גרם,false,,15.90,11.5217,true,1,13740
4011800636517,false,קורני פרי שוקולד חלב מעולה ללא סוכר 6*1,מיוצר עי קונדיטוריית,DE,חטיף דגנים פרי עם שו,גרמים,120.00,100 גרם,false,,15.90,13.2500,true,1,13742
4014400900217,false,בונבונריית מרסי מבחר ממתקי שוקולד 400 גרם,קריניציה ויטמינה אס,DE,בונבונירה מרסי 400 ג,גרמים,400.00,100 גרם,false,,52.90,13.2250,true,1,12690
4014400901191,false,בונבונריית מרסי מבחר ממתקי שוקולד 250 גרם,ליימן מותגים,DE,בונבונירה מרסי 250 ג,גרמים,250.00,100 גרם,false,,28.90,11.5600,true,1,12692
4014400904277,false,סוכריות בטעם מנטה אייס פרש סטורק 425 גרם,תות ממתקי איכות,DE,סוכריות אייס פרש 425,גרמים,425.00,100 גרם,false,,20.90,4.9176,true,1,12696
4014400904376,false,סוכריות טופי בטעם שוקולד סטורק 325 גרם,קריניציה ויטמינה אס,DE,סוכ.שטורק שוקולדן 32,גרמים,325.00,100 גרם,false,,20.90,6.4308,true,1,12699
4014400904390,false,סוכריות טופי ממולא חלב סטורק 325 גרם,קריניציה ויטמינה אס,DE,סוכריות וולמליש 325ג,גרמים,325.00,100 גרם,false,,20.90,6.4308,true,1,12700
4014400909692,false,וורטרס אורגינל סוכריות חמאה ללא סוכר בטעם קפוצי'ינו בקופסה 42 גרם,קריניציה ויטמינה אס,DE,וורטרס סוכריות קפה ל,גרמים,42.00,100 גרם,false,,6.90,16.4286,true,1,12702
4014400910063,false,סוכריות חמאה וורטרס אורגינל 135 גרם,וורטר'ס אורגינל,DE,סוכריות חמאה וורטר 1,גרמים,135.00,100 גרם,false,,10.50,7.7778,true,1,12704
4014400913910,false,וורטרס אורגינל סוכריות חמאה ממולאות קרם קרמל בשקית,תות ממתקי איכות,DE,125 סוכריות וורטר קר,גרמים,125.00,100 גרם,false,,10.50,8.4000,true,1,12705
4014400914696,false,וורטרס אורגינל סוכריות ללא סוכר 80 גרם,ליימן מותגים,DE,80 סוכריות חמאה וורט,גרמים,80.00,100 גרם,false,,9.50,11.8750,true,1,12709
4014400914924,false,"סוכריות בטעם קפה וורטר אורגינל לל""ס 80 גרם",קריניציה ויטמינה אס,DE,80 סוכריות קפה וורטר,גרמים,80.00,100 גרם,false,,9.50,11.8750,true,1,12710
4014400920857,false,וורטר אורגינל ללא סוכר בטעם שוקולד-שקית 70 גרם,קריניציה ויטמינה אס,DE,וורטרס ללא סוכר טעם,גרמים,70.00,100 גרם,false,,9.50,13.5714,true,1,12713
4014400923711,false,בונבוניירה שוקולד אגוזים טופיפי 125 גרם,ליימן מותגים,DE,טופיפי בונבונירה שוק,גרמים,125.00,100 גרם,false,,14.90,11.9200,true,1,12714
4014400925319,false,וורטרס אורגינל פופקורן קרמל 140 גרם,וורטרס Werther's,DE,חטיף פופקורן בציפוי,גרמים,140.00,100 גרם,false,,15.90,11.3571,true,1,104366
4015000031394,false,"ספטיל - משחה להסרת כתמים 200 מ""ל",קריות זול,HU,מסיר כתמים ספטיל 200,גרמים,200.00,100 גרם,false,,18.90,9.4500,true,1,34845
4015000615921,false,"פה - דאודורנט ספריי לגבר ספורט 200 מ""ל",שוורצקופף והנקל,TR,דאו' ספריי פה לגבר 2,מיליליטרים,200.00,"100 מ""ל",false,,9.90,4.9500,true,1,7966
4015400564034,false,מגן תחתון אולוויז מגה פק לונג פלוס 58 יחידות,פרוקטר אנד גמבל,DE,מגן תחתון לונג פלוס,יחידה,0.00,יחידה,false,,18.90,0.0000,true,1,26852
4015400564454,false,מגני תחתון אולוויז לארג' עם ניחוח מגה פק,פרוקטר אנד גמבל,DE,מגן תחתון לארג מגה פ,יחידה,0.00,יחידה,false,,18.90,0.0000,true,1,26856
4015400598329,false,תחבושות אולוויז קוואטרו נורמל פלוס 56 יחידות,פרוקטר אנד גמבל,DE,קוואטרו נורמל פלוס א,יחידה,0.00,יחידה,false,,42.00,0.0000,true,1,26864
4015400598381,false,תחבושות היגייניות אולטרה לונג - מארז קוואטרו 48 יח',פרוקטר אנד גמבל,DE,קוואטרו לונג פלוס או,יחידה,0.00,יחידה,false,,42.00,0.0000,true,1,26865
4015400598411,false,תחבושות היגייניות יום ולילה Day & Night - מארז 40 יח',פרוקטר אנד גמבל,DE,קוואטרו לילה אולוויז,יחידה,0.00,יחידה,false,,42.00,0.0000,true,1,26866
4015400690313,false,טמפונים פרל רגולר טמפקס קומפאק 18 יח,פרוקטר אנד גמבל,HU,טמפון פרל רגולר טמפק,יחידה,0.00,יחידה,false,,24.90,0.0000,true,1,26892
4015400746812,false,מגני תחתון אולוויז נורמל עם ניחוח מגה פק,פרוקטר אנד גמבל,UA,מגן תחתון מגה פק נור,יחידה,0.00,יחידה,false,,18.90,0.0000,true,1,26918
4015400990482,false,"אבקת כביסה אריאל קולור 3 ק""ג",פרוקטר אנד גמבל,TR,אבקת כביסה אריאל קול,קילוגרמים,3.00,"ק""ג",false,,38.90,12.9667,true,1,26932
4015600762780,false,שמפו וקונדישינר יומיומי למניעת קשקשים הנוסחה הקלאסית 2in1,פרוקטר אנד גמבל,RO,שמפו 2-ב1הד&שולדרס 5,מיליליטרים,500.00,"100 מ""ל",false,,19.90,3.9800,true,1,26958
4015600762902,false,"שמפו האד אנד שולדרס מנטול 500 מ""ל",פרוקטר אנד גמבל,RO,שמפו מנטול הד&שולדרס,מיליליטרים,500.00,"100 מ""ל",false,,19.90,3.9800,true,1,26961
4015600972103,false,שמפו פנטן שמן מרוקאי,,,שמפו פנטן שמן מרוקאי,מיליליטרים,500.00,"100 מ""ל",false,,14.90,2.9800,true,1,169416
4018722102656,false,ספגטי כוסמין אורגני 500 גרם,אלב גולד,DE,אלב גולד - ספגטי כוס,גרמים,500.00,100 גרם,false,,16.90,3.3800,true,1,105463
4018722344308,false,פפרדלה כוסמין אורגני אלב גולד 500 גרם,אלב גולד,DE,אלב גולד - טליאטלה כ,גרמים,500.00,100 גרם,false,,19.90,3.9800,true,1,105437
4022025001905,false,"בלו ווין מבעבע זהב 750 מ""ל",היי סישל סוהן טראבן,DE,בלו וויין מבעבע זהב,מיליליטרים,750.00,"100 מ""ל",false,,55.90,7.4533,true,1,41577
4022025290408,false,יין בלו ווין פינק רו,יקב רמת הגולן,DE,יין בלו וויין פינק 7,מיליליטרים,750.00,"100 מ""ל",false,,55.90,7.4533,true,1,41585
4025700001962,false,מילקה טבלת שוקולד לבן 100 גרם,פי אר ג'יי אס סי מונ,UA,מילקה שוקולד לבן 100,גרמים,100.00,100 גרם,false,,6.90,6.9000,true,1,70147
4045787068542,false,"אינדולה - פרוטאין צבע 8 בלונד בהיר 60 מ""ל",שוורצקופף והנקל,DE,פרוטאין קולור 8 בלונ,מיליליטרים,60.00,"100 מ""ל",false,,14.90,24.8333,true,1,8042
4053700292455,false,ויט רצועות שעווה מוכנות להסרת שיער לעור רגיל 12 יחידות,רקיט בנקיזר צרפת,FR,רצועות שעווה תמצית צ,יחידה,0.00,יחידה,false,,33.90,0.0000,true,1,20795
4066600999614,false,"בירה פאולנר, בירת חיטה מעוננת, בקבוק 500 מ""ל",מבשלת פאולנר,DE,בירה פאולנר בקבוק 50,מיליליטרים,500.00,"100 מ""ל",false,,12.90,2.5800,true,1,9267
4084500088917,false,"נוזל כלים פיירי לימון 650 מ""ל בד""צ",פרוקטר אנד גמבל,US,פיירי נוזל כלים לימו,מיליליטרים,650.00,"100 מ""ל",false,,12.90,1.9846,true,1,27064
4084500853836,false,"נוזל כלים פיירי ורדים ומשי 515 מ""ל בד""צ",פרוקטר אנד גמבל,GB,פיירי נוזל כלים ורדי,מיליליטרים,515.00,"100 מ""ל",false,,10.90,2.1165,true,1,27085
4260147890513,false,אטריות ביצים דקות ורמיצ'לי 500ג',דין שיווק,PL,אטריות ביצים דקות במ,גרמים,500.00,100 גרם,false,,12.90,2.5800,true,1,4583
4602486002071,false,"וודקה בלנקאיה גולד 0.700 מ""ל",מזקקת גאורגייבסקי קר,RU,וודקה בלנקאיה גולד 7,מיליליטרים,700.00,"100 מ""ל",false,,65.90,9.4143,true,1,107
4603400000043,false,"וודקה רוסקיי סטנדרט 700 מ""ל",רוסקי סטנדרט וודקה,RU,רוסקי סטנדרט 700מ'ל,מיליליטרים,700.00,"100 מ""ל",false,,76.90,10.9857,true,1,11170
4640018993350,false,פיניש קוואנטום קפסולות ג'ל למדיח כלים לימון 30 יח',רקיט בנקיזר,PL,פיניש קוואנטום לימון,יחידה,0.00,יחידה,false,,43.90,0.0000,true,1,67217
4640018993398,false,פיניש קוואנטום 60 יח' קפסולות ג'ל למדיח כלים,רקיט בנקיזר,PL,פיניש קוואנטום למדיח,יחידה,0.00,יחידה,false,,62.90,0.0000,true,1,67219
4710068001692,false,"מאסטר קפה לאטה פחית 240 מ""ל",תאיט מרקטינג אנד דיסטריב,TW,מאסטר קפה לאטה פחית,מיליליטרים,240.00,"100 מ""ל",false,,6.90,2.8750,true,1,39362
4710068002798,false,מאסטר קפה וונילה פחית 240 מל,מאיטה פוד אינדוסטריאל קו,TW,מאסטר קפה וונילה פחי,מיליליטרים,240.00,"100 מ""ל",false,,6.90,2.8750,true,1,39366
4710068003313,false,"מאסטר קפה אמריקאנו פחית 240 מ""ל",מאיטה פוד אינדוסטריא,TW,מאסטר קפה אמריקנו בל,מיליליטרים,240.00,"100 מ""ל",false,,6.90,2.8750,true,1,191955
4710964104916,false,"שמן שומשום טהור 370 מ""ל (כ)",פלייבור פול פודס טיי,TW,שמן שומשום טהור לא מ,מיליליטרים,370.00,"100 מ""ל",false,,23.90,6.4595,true,1,47508
4710964170799,false,שומשום שחור קלוי 91 גרם,פלייבור פול פודס טיי,TW,שומשום שחור קלוי מזר,גרמים,91.00,100 גרם,false,,16.90,18.5714,true,1,68603
4796019790020,false,"גרין קוקו - שמן קוקוס אורגני 500 מ""ל",גרין קוקו,LK,גרין קוקו - שמן קוקו,מיליליטרים,500.00,"100 מ""ל",false,,26.90,5.3800,true,1,104981
4800888150080,false,"דאב - דאודורנט רול און לאישה פרש טאצ' מלפפונים 50 מ""ל",יוניליוור פיליפינים,PH,דאו' רולאון מלפפונים,מיליליטרים,50.00,"100 מ""ל",false,,23.90,47.8000,true,1,10066
4800888209429,false,רקסונה - דאודורנט סטיק לאישה כותנה נשים 50 גרם,יוניליוור,PH,דאו' סטיק כותנה רקסו,גרמים,50.00,100 גרם,false,,19.90,39.8000,true,1,70084
4860009000014,false,מיץ רימונים 100% סחוט ללא תוספת סוכר,Aromaproduct ltd,,תומר מיץ רימונים גרו,ליטרים,1.00,ליטר,false,,19.90,19.9000,true,1,24911
4860019001346,false,בורז'ומי מים מינרליים טבעיים 500מ'ל חדש,אי די אס בורגומי,,בורז'ומי מים מינרליי,מיליליטרים,500.00,"100 מ""ל",false,,8.90,1.7800,true,1,11187
4891228430061,false,סכיני גילוח שיק אקזקטה 2 לנשים ורוד 10 יח',הנסיך- מפעל לייצור ט,CN,סכיני גילוח לאישה שי,יחידה,0.00,יחידה,false,,30.90,0.0000,true,1,21328
4903001904192,false,"רוטב סויה יאמסה פרימיום 500 מ""ל",הדקלאים אגודת שיתופי,JP,רוטב סויה יאמאסה פרמ,מיליליטרים,500.00,"100 מ""ל",false,,19.90,3.9800,true,1,12716
4903001925784,false,"רוטב סויה יאמאסה פרמיום דל מלח 500 מ""ל",הדקלאים אגודת שיתופי,JP,רוטב סויה יאמאסה דל,מיליליטרים,500.00,"100 מ""ל",false,,19.90,3.9800,true,1,12718
4987176071545,false,מברשות שיניים אורל בי שישייה,,IN,שישיית מברשות שיניים,יחידה,0.00,יחידה,false,,15.90,0.0000,true,1,231315
5000157143365,false,מתבל בטעם מיונז וקטשופ היינץ 425 גרם,"פודליצקי ספ.ז.או.או,",PL,מתבל בטעם מיונז וקטש,מיליליטרים,425.00,"100 מ""ל",false,,16.90,3.9765,true,1,5243
5000159376655,false,סוכריות SKITTLES פירות קטן 38 גרם אדום,ריגלי ממתקים,CZ,סוכריות סקיטלס פירות,גרמים,38.00,100 גרם,false,,3.90,10.2632,true,1,20728
5000159409179,false,מארז חטיפי מיני סניקרס Snickers,מרס הולנד בי.וי.,NL,סניקרס מיני 403 גרם,גרמים,403.00,100 גרם,false,,24.90,6.1787,true,1,20734
5000159414197,false,שוקולד מלטיזרס 135 גרם,מרס שוקולד צ.אמריקה,NL,מלטיזרס 135 גרם,גרמים,135.00,100 גרם,false,,12.90,9.5556,true,1,275396
5000159452977,false,מיקס שקית מיניס 400 גרם מרס-באונטי-טוויק,מרס הולנד בי.וי.,NL,מיני מיקס 400 גרם,גרמים,400.00,100 גרם,false,,24.90,6.2250,true,1,20736
5000189974579,false,מארז מיני חטיפי קיט קט Kit Kat,נסטלה גרמניה,DE,קיט קט מיני 200 גרם,גרמים,200.00,100 גרם,false,,10.00,5.0000,true,1,41938
5000204114898,false,גלייד ארוסול מבשם אוויר ניחוח מרכך כביסה,"אס.סי ג'\ונסון,מידרכט, ה",NL,גלייד ארוסול בניחוח,מיליליטרים,300.00,"100 מ""ל",false,,10.90,3.6333,true,1,5629
5000204114959,false,"גלייד ארוסול בניחוח פריחה בלבן 300 מ""ל","אס.סי ג'\ונסון,מידרכט, ה",NL,גלייד ארוסול בניחוח,מיליליטרים,300.00,"100 מ""ל",false,,10.90,3.6333,true,1,5631
5000204115048,false,גלייד ארוסול מבשם אוויר בניחוח לבנדר,"אס.סי ג'\ונסון,מידרכט, ה",NL,גלייד ארוסול בניחוח,מיליליטרים,300.00,"100 מ""ל",false,,10.90,3.6333,true,1,5633
5000204151022,false,"פלדג' אירוסול לניקוי רהיטים לבנדר 250 מ""ל","אס.סי ג'\ונסון, אירופלנט",NL,פלדג' אירוסול לניקוי,מיליליטרים,250.00,"100 מ""ל",false,,18.90,7.5600,true,1,245832
5000204153729,false,מטהר אוויר גלייד מילוי אוטומטי לבנדר וניל,המאפיה של הרמן,TR,גלייד מילוי אוטומטי,מיליליטרים,269.00,"100 מ""ל",false,,18.90,7.0260,true,1,92228
5000204155723,false,"גלייד מארז אוטומטי-בניחות מרכך כביסה 269 מ""ל",קוסטר אירוסול ואלף סאן,TR,גלייד מארז אוטומטי מ,מיליליטרים,269.00,"100 מ""ל",false,,60.90,22.6394,true,1,92256
5000204658187,false,"קיווי נוזל נעליים קראון שחור 75 מ""ל",אס' סי' ג'ונסון במה,PL,קיווי נוזל נעליים שח,מיליליטרים,75.00,"100 מ""ל",false,,17.90,23.8667,true,1,5648
5000204886566,false,"תרסיס מנקה, מזין ומגן על העץ עם שמן תפוז טבעי",Jonson ג'ונסון,US,"פלדג 475 מ""ל ORANGE",מיליליטרים,475.00,"100 מ""ל",false,,31.90,6.7158,true,1,5657
5000396037531,false,מקוויטיס ביסקוויט מצופה שוקולד חלב 200 גרם,ברנדס סרטרה נשיונל,GB,מקוויטיס מצופה שוקול,גרמים,200.00,100 גרם,false,,11.90,5.9500,true,1,24568
5000396037548,false,מקוויטיס ביסקוויט מצופה שוקולד מריר 200 גרם,ברנדס סרטרה נשיונל,GB,מקוויטיס מצופה שוקול,גרמים,200.00,100 גרם,false,,11.90,5.9500,true,1,24569
5010026515919,false,מוזלי קריספי נאטי מורנפלייק 650 גרם,מורנפלייק Mornflake,GB,מוזלי קריספי אגוזים,גרמים,650.00,100 גרם,false,,25.90,3.9846,true,1,166267
5010026515933,false,מוזלי קריספי פירות ואגוזים מורנפלייק 750 גרם,מורנינג פוד,GB,מוזלי קריספי פירות ו,גרמים,750.00,100 גרם,false,,25.90,3.4533,true,1,166268
5010026519368,false,מורנפלייק שיבולת שועל בשקית 500 גר,,,פתיתי שיבולת שועל -,גרמים,500.00,100 גרם,false,,8.90,1.7800,true,1,142110
5010182996799,false,ג'ל אסלה מנטרל ריחות בניחוח פרחי בר ורודים,דאופלור אס.פי.אי איט,IT,דאק ג'ל אסלה בניחוח,מיליליטרים,55.00,"100 מ""ל",false,,9.90,18.0000,true,1,5660
5010182997253,false,רייד תרסיס קוטל ג'וקים/תיקנים 300 מל,אס.סי.ג'ונסון מידרכט,NL,רייד ארוסול קוטל ג'ו,מיליליטרים,300.00,"100 מ""ל",false,,18.90,6.3000,true,1,5662
5010182997338,false,דאק ג'ל לניקוי אסלות בניחוח רענן 55 מל,"איטיליאן פוד, אס.פי.",IT,דאק ג'ל אסלה ניחוח ר,גרמים,55.00,100 גרם,false,,9.90,18.0000,true,1,5663
5010182997918,false,דאק ג'ל לניקוי אסלות בניחוח ים 55 מל,"איטיליאן פוד, אס.פי.",IT,דאק ג'ל אסלה ניחוח י,גרמים,55.00,100 גרם,false,,9.90,18.0000,true,1,5668
5010182998847,false,דאק נוזל לניקוי אסלות בניחוח ים 750 מל,מיוצר עי קונדיטוריית,NL,דאק ג'ל נוזל לניקוי,מיליליטרים,750.00,"100 מ""ל",false,,11.90,1.5867,true,1,5669
5010677551397,false,"בקרדי בריזר לימון ליים 275 מ""ל",בקרדי בריזר Bacardi Breezer,BE,בקרדי בריזר ליים,מיליליטרים,275.00,"100 מ""ל",false,,14.90,5.4182,true,1,9273
5010677850100,false,וודקה גריי גוס בקבוק,בקרדי מרטיני,FR,"גריי גוס 700 מ""ל",מיליליטרים,700.00,"100 מ""ל",false,,120.90,17.2714,true,1,13361
5014271002675,false,מעדן פרי תפוח וקינמון סנדלפור 284 גרם,סאן דלפור - שמבור,FR,סאן דלפור מעדן פרי ת,גרמים,284.00,100 גרם,false,,22.90,8.0634,true,1,16757
5014271300429,false,"מעדן משמש 100% פרי סנטדלפור 284 גרם לל""ס",סאן דלפור - שמבור,FR,סאן דלפור מעדן משמש,גרמים,284.00,100 גרם,false,,22.90,8.0634,true,1,16758
5014271310428,false,מעדן דובדבנים שחורים ללא תוספת סוכר 284 גרם,סאן דלפור - שמבור,FR,סאן דלפור מעדן דובדב,גרמים,284.00,100 גרם,false,,22.90,8.0634,true,1,16759
5014271330426,false,מעדן אוכמניות כחולות ללא תוספת סוכר 284 גרם,סאן דלפור - שמבור,FR,סאן דלפור מעדן אוכמנ,גרמים,284.00,100 גרם,false,,22.90,8.0634,true,1,16760
5014271350424,false,מעדן ארבעה פירות ללא תוספת סוכר 284 גרם,סאן דלפור - שמבור,FR,סאן דלפור מעדן ארבע,גרמים,284.00,100 גרם,false,,22.90,8.0634,true,1,16761
5014271370422,false,מעדן אפרסקים ללא תוספת סוכר 284 גרם,סאן דלפור - שמבור,FR,סאן דלפור מעדן אפרסק,גרמים,284.00,100 גרם,false,,22.90,8.0634,true,1,16763
5014271400426,false,"מעדן בטעם תות שדה לל""ס סאן דלפור 284 גרם",סאן דלפור - שמבור,FR,סאן דלפור מעדן תות ש,גרמים,284.00,100 גרם,false,,22.90,8.0634,true,1,16766
5014271795980,false,מעדן חמוציות ואוכמניות ללא תוספת סוכר 284 גרם,סנדלפור St.dalfour,FR,סאן דלפור מעדן חמוצי,גרמים,284.00,100 גרם,false,,22.90,8.0634,true,1,16771
5024546366609,false,"וויסקי 700 מ""ל LAUDERS SCOTCH",מקדוף אינטרנשנל דיסט,GB,וויסקי לאודרס 700מל,מיליליטרים,700.00,"100 מ""ל",false,,100.90,14.4143,true,1,134
5029053510811,false,תחבושות נורמל פלוס עם כנפיים קוטקס 28 יחידות,קימברלי קלארק,CZ,תחבושות אולטרה נורמל,יחידה,0.00,יחידה,false,,23.90,0.0000,true,1,8798
5029053510828,false,תחבושות סופר פלוס עם כנפיים קוטקס 22יחידות,קימברלי קלארק,CZ,תחבושת אולטרה סופר+כ,יחידה,0.00,יחידה,false,,23.90,0.0000,true,1,8799
5029053523446,false,קוטקס - תחבושות אולטרה נייט + כנפיים 20 יח',קימברלי קלארק,CZ,תחבושות אולטרה נייט+,יחידה,0.00,יחידה,false,,23.90,0.0000,true,1,8801
5029053535227,false,קוטקס טמפון עם מוליך נורמל 16 יחידות,קימברלי קלארק,CZ,טמפון עם מוליך נורמל,יחידה,0.00,יחידה,false,,24.90,0.0000,true,1,8814
5029053578309,false,קופסת ממחטות אולטרה סופט 48 דף קלינקס,קימברלי קלארק,IL,טישו אולטרה סופט קוב,יחידה,0.00,יחידה,false,,7.90,0.0000,true,1,184000
5029054220085,false,האגיס - מגבוני האגיס אקסטרה קר לא מבושם 56 יח' * 4,קימברלי קלארק,IL,האגיס אקסטרה קר מגבו,יחידה,0.00,יחידה,false,,28.90,0.0000,true,1,8819
5035766044673,false,"סטרונגבואו גולד, סיידר תפוחים אלכוהולי, בקבוק 330 מ''ל",סטרונגבאו Strongbow,BE,סטרונגבאו סיידר תפוח,מיליליטרים,330.00,"100 מ""ל",false,,8.90,2.6970,true,1,9277
5035766060253,false,"בירה מרפיס, בירת סטאוט, פחית 500 מ""ל",מרפיס Murphys,GB,מרפיס אייריש סטאוט פ,מיליליטרים,500.00,"100 מ""ל",false,,13.90,2.7800,true,1,9280
5060255492185,false,חול חתולים ירוק 6 לריחני,כלורוקס,NL,אברקלין עוצמה נחוזקת,קילוגרמים,6.00,"ק""ג",false,,58.90,9.8167,true,1,3415
5060751218173,false,"משקה אנרגיה מונסטר אנרג'י piplin punch בפחית 500 מ""ל",מונסטר אנרג'י לימטד,RS,מונסטר פייפלין פאנץ',מיליליטרים,500.00,"100 מ""ל",false,,7.90,1.5800,true,1,252088
5099864006384,false,תחליף חלב למהדרין שלב 2 סימילאק 900 גרם,אבוט מעבדות רפואיות,ES,"סימילאק מהדרין בד""צ",גרמים,900.00,100 גרם,false,,75.90,8.4333,true,1,29427
5099864006391,false,תחליף חלב למהדרין שלב 3 סימילאק 900 גרם,אבוט מעבדות רפואיות,ES,"סימילאק מהדרין בד""צ",גרמים,900.00,100 גרם,false,,75.90,8.4333,true,1,29428
5201347160326,false,גל לשמירה על חיי מכונת הכביסה קלגון 750מ,רקיט בנקיזר,IT,קלגון גל 750 מ'ל,מיליליטרים,750.00,"100 מ""ל",false,,32.90,4.3867,true,1,20837
5201940010110,false,זיתים שחורים קלמטה וילי פוד 250 גרם,סיוארס אס.איי,GR,זיתים שחורים קלמטה ו,גרמים,250.00,100 גרם,false,,18.90,7.5600,true,1,2839
5202175001515,false,נאצ`וס בטעם מלוח 225 גר,אל סבור מקסיקן פוד,TW,נאצ'וס בטעם מלוח מזר,גרמים,225.00,100 גרם,false,,10.90,4.8444,true,1,247774
5202175001546,false,נאצוס בטעם ברביקיו 225 גר,אל סבור מקסיקן פוד,TW,נאצ'וס בטעם ברביקיו,גרמים,225.00,100 גרם,false,,10.90,4.8444,true,1,296771
5202175002451,false,טורטייה- מאפה על בסי,אל סבור מקסיקן פוד,GR,טורטייה- מאפה על בסי,גרמים,245.00,100 גרם,false,,8.90,3.6327,true,1,296580
5203064007632,false,תומר עוגיות שוקו צ'י,,,תומר עוגיות שוקו צ'י,גרמים,180.00,100 גרם,false,,8.90,4.9444,true,1,204222
5203064007649,false,עוגיות שוקולד צ'יפס טריפל 180 גרם תומר,,,תומר עוגיות שוקו צ'י,גרמים,180.00,100 גרם,false,,8.90,4.9444,true,1,204223
5391523057929,false,סימילאק גולד שלב 1 תרכובת מזון על בסיס חלב,אבוט מעבדות רפואיות,IE,סימילאק גולדשלב 1 7,גרמים,700.00,100 גרם,false,,72.90,10.4143,true,1,29435
5391523058063,false,סימילאק אדבנס פלוס 1 תרכובת מזון על בסיס חלב,טרופיקל דגיל תעשיות,IE,סימילאק אדוואנס פלוס,גרמים,700.00,100 גרם,false,,65.90,9.4143,true,1,29438
5400265033006,false,המלט- נשיקות מרנג צבעוני 100 גרם,HAMLET NV,,נשיקות מרנג צבעוני 1,גרמים,100.00,100 גרם,false,,9.90,9.9000,true,1,278724
5410103161518,false,קרם יום עם פעולה משולשת לעור רגיל ומעורב,"לוריאל ישראל בע""מ",DE,דרמו פעולה משולשת רג,מיליליטרים,50.00,"100 מ""ל",false,,46.90,93.8000,true,1,12479
5410126006087,false,עוגיות לוטוס ארוזות בתפזורת 700 גרם,לוטוס ביקרי נ.וי.,BE,לוטוס עוגיות קרמל 70,גרמים,700.00,100 גרם,false,,33.60,4.8000,true,1,5258
5410126116953,false,ממרח ביסקוויט קרמל לוטוס 400 גרם,לוטוס בייקרי בלגיה נ,BE,לוטוס ממרח ביסקוויט,גרמים,400.00,100 גרם,false,,23.90,5.9750,true,1,5265
5410126666038,false,"ביסקוויט קרמל לוטוס 279 גרם בד""צ",לוטוס ביקרי נ.וי,BE,עוגיות לוטוס 279 גרם,גרמים,279.00,100 גרם,false,,16.90,6.0573,true,1,5266
5410126716016,false,"עוגיות לוטוס ביסקויט קרמל בד""צ 250 גרם",לוטוס ביקרי בלגיה,BE,ביסקוויט בטעם קרמל ל,גרמים,250.00,100 גרם,false,,11.90,4.7600,true,1,5267
5410126726947,false,ממרח ביסקוויט קרמל קראנץ' לוטוס 380 גרם,לוטוס בייקרי בלגיה נ,BE,לוטוס קראנץ ממרח עוג,גרמים,380.00,100 גרם,false,,24.90,6.5526,true,1,5268
5410291021991,false,צוקטה ממרח אגוזי לוז וקקאו 700 גר,צ'וקטה Chocketa,BE,צ`וקטה ממרח אגוזי לו,גרמים,700.00,100 גרם,false,,19.90,2.8429,true,1,41941
5410291022011,false,ממרח אגוזי לוז עם קקאוי 350 ג' צ'וקטה,צ'וקטה Chocketa,BE,צ`וקטה ממרח אגוזי לו,גרמים,350.00,100 גרם,false,,11.90,3.4000,true,1,41942
5410291022776,false,ממרח אגוזי לוז צ'וקטה 700 גרם פרווה,צ'וקטה Chocketa,BE,צ`וקטה ממרח אגוזי לו,גרמים,700.00,100 גרם,false,,19.90,2.8429,true,1,41946
5410769100081,false,"בירה לה שוף קטן 330 מ""ל בקבוק","איי, בי, אינבוו",BE,"בירה לה שוף 330 מ""ל",מיליליטרים,330.00,"100 מ""ל",false,,14.90,4.5152,true,1,7302
5410769200088,false,"בירה מק שוף קטן 330 מ""ל בקבוק",פארייפאבה אגרואינדוס,BE,"בירה מק שוף 330 מ""ל",מיליליטרים,330.00,"100 מ""ל",false,,14.90,4.5152,true,1,7303
5411081008192,false,בירה קסטיל רוז' פחית 330 מל,מבשלת קסטל ואן הונסב,BE,בירה קסטיל רוז' 300,מיליליטרים,330.00,"100 מ""ל",false,,11.90,3.6061,true,1,323527
5411081008420,false,"בירה בירה שושנע קסטיל 330 מ""ל פחית",מבשלת קסטל ואן הונסברוק,BE,בירה שושנע (פחית) 33,מיליליטרים,330.00,"100 מ""ל",false,,11.90,3.6061,true,1,323528
5411188080268,false,"אלפרו סויה אורגני 1 ל מפוקח ע""י סקאל",הנסיך- מפעל לייצור ט,BE,אלפרו משקה סויה אורג,ליטרים,1.00,ליטר,false,,16.90,16.9000,true,1,21348
5411188081852,false,אלפרו משקה סויה בטעם וניל 1 ל',הנסיך- מפעל לייצור ט,BE,אלפרו משקה סויה בטעם,יחידה,0.00,יחידה,false,,16.90,0.0000,true,1,21349
5411188094159,false,רביעיית מעדן סויה שוקו מריר אלפרו 125 גרם,הנסיך- מפעל לייצור ט,BE,אלפרו מעדן סויה שוק.,מיליליטרים,500.00,"100 מ""ל",false,,19.90,3.9800,true,1,21350
5411188096108,false,"שמנת לבישול ע""ב סויה 250 מ""ל אלפרו",אלפרו C.V.A,BE,אלפרו סויה לבישול 25,מיליליטרים,250.00,"100 מ""ל",false,,10.50,4.2000,true,1,21352
5411188106159,false,אלפרו סויה לייט מופחת שומן 1.2% 1 ליטר,הנסיך- מפעל לייצור ט,BE,אלפרו משקה סויה לייט,יחידה,0.00,יחידה,false,,16.90,0.0000,true,1,21353
5411188110835,false,אלפרו חלב סויה שקדים וניל 1ל',הנסיך- מפעל לייצור ט,BE,אלפרו משקה שקדים 1 ל,ליטרים,1.00,ליטר,false,,16.90,16.9000,true,1,21355
5411188112709,false,"משקה קוקוס אלפרו 1 ליטר משקה שקדים לל""ס",הנסיך- מפעל לייצור ט,BE,אלפרו משקה שקדים ללא,יחידה,0.00,יחידה,false,,16.90,0.0000,true,1,21359
5411188115366,false,משקה קוקוס אלפרו 1 ליטר משקה שיבולת שועל 1 ליטר,הנסיך- מפעל לייצור ט,BE,אלפרו משקה שיבולת שו,יחידה,0.00,יחידה,false,,16.90,0.0000,true,1,21361
5411188115472,false,משקה סויה אלפרו 1 ליטר,הנסיך- מפעל לייצור ט,BE,אלפרו משקה סויה 1 לי,ליטרים,1.00,ליטר,false,,16.90,16.9000,true,1,89908
5411188120742,false,משקה קוקוס אלפרו 1 ליטר שקדים וניל 1 ל',הנסיך- מפעל לייצור ט,BE,אלפרו משקה שקדים בטע,ליטרים,1.00,ליטר,false,,16.90,16.9000,true,1,21368
5411188121923,false,"משקה סויה מועשר סידן אלפרו 3*250 מ""ל",הנסיך- מפעל לייצור ט,BE,אלפרו סויה סידן שלש,מיליליטרים,750.00,"100 מ""ל",false,,16.90,2.2533,true,1,21370
5411188121978,false,"משקה סויה בטעם שוקולד 3 * 250 מ""ל אלפרו",אלפרו סי.וי. איי,BE,אלפרו סויה שוקו סיד,מיליליטרים,750.00,"100 מ""ל",false,,16.90,2.2533,true,1,21371
5411188122586,false,"משקה שקדים אלפרו 250 מ""ל",הנסיך- מפעל לייצור ט,BE,אלפרו משקה שקדים 250,מיליליטרים,250.00,"100 מ""ל",false,,6.90,2.7600,true,1,21373
5411188122661,false,אלפרו משקה שקדים לא קלויים ללא תוספת סוכר 1 ל',אלפרו C.V.A,BE,אלפרו משקה שקדים לא,יחידה,0.00,יחידה,false,,16.90,0.0000,true,1,21374
5411188124689,false,משקה אלפרו שיבולת שועל ללא סוכר 1 ליטר,אלפרו C.V.A,BE,אלפרו משקה שיבולת שו,יחידה,0.00,יחידה,false,,16.90,0.0000,true,1,113200
5411188133476,false,משקה סויה שוקו עם חלבון אלפרו 250 גרם,אלפרו C.V.A,BE,אלפרו משקה סויה שוקו,מיליליטרים,250.00,"100 מ""ל",false,,6.90,2.7600,true,1,185670
5411188133490,false,משקה סויה קפה קרמל עם חלבון אלפרו 250 גרם,אלפרו C.V.A,BE,אלפרו משקה סויה קפה,מיליליטרים,250.00,"100 מ""ל",false,,6.90,2.7600,true,1,185712
5411188134985,false,משקה NOT MILK שיבולת שועל 3.5% אלפרו 1 ליטר,הנסיך- מפעל לייצור ט,BE,אלפרו 3.5% שומן NOT,ליטרים,1.00,ליטר,false,,13.90,13.9000,true,1,164030
5411188135005,false,משקה NOT MILK שיבולת שועל 1.8% אלפרו 1 ליטר,הנסיך- מפעל לייצור ט,BE,אלפרו 1.8% שומן NOT,ליטרים,1.00,ליטר,false,,13.90,13.9000,true,1,167070
5411188543398,false,משקה סויה ללא סוכר אלפרו 1 ליטר,הנסיך- מפעל לייצור ט,BE,אלפרו משקה סויה ללא,ליטרים,1.00,ליטר,false,,16.90,16.9000,true,1,89988
5413121355082,false,שוקולד בלגי מריר משובח 72 פרסטיז 100 גרם,BCG,,שוקולד בלגי מריר 72%,גרמים,100.00,100 גרם,false,,12.90,12.9000,true,1,281274
5413121355099,false,בלג'יאן-שוקולד מריר 72% פוךי קפה 100ג',BCG,,שוקולד מריר 72% עם פ,גרמים,100.00,100 גרם,false,,12.90,12.9000,true,1,281260
5413121358694,false,בלג'יאן-שוקולד בלגי מריר85% 100 גר'1/25 (600067),BCG,,שוקולד בלגי מריר 85%,גרמים,100.00,100 גרם,false,,12.90,12.9000,true,1,281289
5413121363513,false,שוקולד מריר דובדבן בלגיאן 100 גרם,BCG,,שוקולד מריר דובדבן ב,גרמים,100.00,100 גרם,false,,12.90,12.9000,true,1,281304
5413121388905,false,בלגיאן-טראפלס אגוז חג שמח 150 גרם,Q Chocolate,BE,שוקולד טראפלס אגוז,גרמים,150.00,100 גרם,false,,14.90,9.9333,true,1,281319
5413149655522,false,"אבקת כביסה שושן צחור 1.25 ק""ג אריאל",פרוקטר אנד גמבל,TR,אריאל אבקת כביסה שוש,קילוגרמים,1.25,"ק""ג",false,,19.90,15.9200,true,1,27226
5413548280189,false,קינדר שוקו בון 1 יחידות 125 גרם,פררו - אלבה,BE,קינדר שוקו בון 125ג,גרמים,125.00,100 גרם,false,,15.90,12.7200,true,1,41442
5420066370001,false,טראפל בלגי קרמל 150 גרם,,,טראפל שוקולד בלגי קר,גרמים,150.00,100 גרם,false,,14.90,9.9333,true,1,282185
5420066370025,false,טראפל בלגי קקאו 150 גרם,,,טראפל שוקולד בלגי קפ,גרמים,150.00,100 גרם,false,,14.90,9.9333,true,1,282186
5420066370049,false,טראפל בלגי תפוז 150 גרם,,,טראפל שוקולד בלגי תפ,גרמים,150.00,100 גרם,false,,14.90,9.9333,true,1,282202
5420066370384,false,טראפל בלגי אגוזים 150 גרם,,,טראפל שוקולד בלגי אג,גרמים,150.00,100 גרם,false,,14.90,9.9333,true,1,282203
5601008200444,false,עוגיות גודיס טבעות מצופות שוקולד חלב מרבה 150 גרם,הנסיך- מפעל לייצור ט,PT,גודיס עוגיות טבעת מצ,גרמים,150.00,100 גרם,false,,6.90,4.6000,true,1,21380
5601008200451,false,עוגיות גודיס טבעות מצופות שוקולד מריר מרבה 150 גרם,מרבה Merba,PT,גודיס עוגיות טבעת מצ,גרמים,150.00,100 גרם,false,,6.90,4.6000,true,1,21381
5601008200468,false,עוגיות גודיס טבעות מצופות שוקולד לבו מרבה 150 גרם,קריניציה ויטמינה אס,PT,גודיס עוגיות טבעת מצ,גרמים,150.00,100 גרם,false,,6.90,4.6000,true,1,21382
5601217129420,false,וולייט דפים למניעת העברת צבע 20 יחידות,רקיט בן קיזר,IT,וולייט דפים 20 יח',יחידה,0.00,יחידה,false,,21.90,0.0000,true,1,20842
5604912415058,false,סרדינים פורטוס בשמן חמניות חריף 125 גרם,פורטוס Porthos,PT,סרדינים בשמן חמניה ח,גרמים,125.00,100 גרם,false,,7.90,6.3200,true,1,5271
5701932026964,false,"הוטפופ גרעיני תירס להכנת פופקורן במיקרוגל בטעם טבעי, בתוספת מלח, 600 גרם",ליימן מותגים,US,הוט פופ .פופקורן עם,גרמים,600.00,100 גרם,false,,17.90,2.9833,true,1,12724
5701932026971,false,הוטפופ גרעיני תירס להכנת פופקורן במיקרוגל בטעם חמאה 600 גרם,ליימן מותגים,US,הוט פופ פופקורן בטעם,גרמים,600.00,100 גרם,false,,17.90,2.9833,true,1,12725
5701932026995,false,"הוטפופ גרעיני תירס להכנת פופקורן במיקרוגל בטעם טבעי מופחת שומן, 510 גרם",קריניציה ויטמינה אס,US,הוט פופ פופקורן לייט,גרמים,510.00,100 גרם,false,,17.90,3.5098,true,1,12726
5706516031358,false,פופקורן להכנה במיקרוגל בטעם טבעי מופחת שומן 5 שקיות,ליימן מותגים,US,הוט פופ 100 קלוריות,גרמים,160.00,100 גרם,false,,17.90,11.1875,true,1,12727
5711953106583,false,גבינת שמנת בטעם טבעי 200 ג' ארלה,ארלה פודס אמבה,DK,ארלה גבינת שמנת טבעי,גרמים,200.00,100 גרם,false,,17.90,8.9500,true,1,23213
5711953106590,false,גבינת שמנת ארלה שמנת שום 200 גרם,ארלה פודס אמבה,DK,ארלה גבינת שמנת שום,גרמים,200.00,100 גרם,false,,17.90,8.9500,true,1,23214
5711953106606,false,גבינת שמנת עם תבלינים ועשבי תיבול 23.5%,ארלה פודס אמבה,DK,ארלה גבינת שמנת עשבי,גרמים,200.00,100 גרם,false,,17.90,8.9500,true,1,23215
5711953148347,false,"גבינת שמנת טבעי ארלה, 300 גרם",ארלה,DK,גבינת שמנת טבעי ארלה,גרמים,300.00,100 גרם,false,,23.90,7.9667,true,1,304344
5740900403215,false,ממרח מחמאת לורפק עם מלח 250 ג',ארלה פודס אמבה,DK,ממרח לורפק עם מלח 25,גרמים,250.00,100 גרם,false,,20.90,8.3600,true,1,23216
5740900403222,false,ממרח לורפק חמאה עם מלח מופחת שומן 250 ג,ארלה פודס אמבה,DK,ממרח לורפק עם מלח מו,גרמים,250.00,100 גרם,false,,20.90,8.3600,true,1,23217
5740900403239,false,ממרח לורפק ללא תוספת מלח 250 גר,ארלה פודס אמבה,DK,ממרח לורפק ללא מלח 2,גרמים,250.00,100 גרם,false,,20.90,8.3600,true,1,23218
5740900403246,false,ממרח לורפק ללא תוספת מלח 500 גר,ארלה פודס אמבה,DK,ממרח לורפק ללא מלח 5,גרמים,500.00,100 גרם,false,,29.90,5.9800,true,1,23219
5740900403253,false,ממרח מחמאת לורפק עם מלח 500 ג',ארלה פודס אמבה,DK,ממרח לורפק עם מלח 50,גרמים,500.00,100 גרם,false,,29.90,5.9800,true,1,23220
5740900403260,false,ממרח מחמאת לורפק ללא מלח 27% פחות שומן,ארלה פודס אמבה,DK,ממרח לורפק ללא מלח מ,גרמים,250.00,100 גרם,false,,20.90,8.3600,true,1,23221
5765220190140,false,עטרות נייר לאפייה 1.,,,עטרות נייר לאפייה 1.,יח',130.00,יח',false,,3.90,0.0300,true,1,113702
5765220190157,false,עטרות נייר לאפייה 2,,,עטרות נייר לאפייה 2,יח',130.00,יח',false,,5.90,0.0454,true,1,113703
5765220190171,false,עטרות נייר לאפייה 4,,,עטרות נייר לאפייה 4,יח',130.00,יח',false,,5.90,0.0454,true,1,113717
5765220190522,false,סביבון חללית אורות מנגן,,,סביבון חללית אורות מ,יחידה,0.00,יחידה,false,,15.90,0.0000,true,1,100459
5765220190539,false,סביבון קפיץ אורות מנגן,,,סביבון קפיץ אורות מנ,יחידה,0.00,יחידה,false,,15.90,0.0000,true,1,100460
5765220190546,false,סביבון טורבו אורות מנגן,,,סביבון טורבו אורות מ,יחידה,0.00,יחידה,false,,15.90,0.0000,true,1,100461
5765571204619,false,נר נשמה שבועי פלסטיק,,,נר נשמה שבועי ירושלי,יחידה,0.00,יחידה,false,,11.90,0.0000,true,1,214199
5900020012814,false,דגנים תפוחים בטעם שוקולד נסקוויק נסטלה 500 גרם,מיוצר עי קונדיטוריית,PL,דגני בוקר נסקוויק נס,גרמים,500.00,100 גרם,false,,27.90,5.5800,true,1,18382
5900020015174,false,פיטנס חטיפי אנרגיה דגנים בטעם שוקולד נסטלה 6*23.5 גרם,מיוצר עי קונדיטוריית,PL,פיטנס חטיף דגנים שוק,גרמים,141.00,100 גרם,false,,18.90,13.4043,true,1,18383
5900020018908,false,פיטנס חטיפי אנרגיה דגנים בטעם קרם עוגיות נסטלה 6*23.5 גרם,מיוצר עי קונדיטוריית,PL,פיטנס חטיף דגנים קרם,גרמים,141.00,100 גרם,false,,18.90,13.4043,true,1,18384
5900020020710,false,נסטלה - קראנץ' שוקו וניל חטיף דגנים 25 גרם * 6,נסטלה פולין ברים,PL,חטיף דגנים קראנץ בר,גרמים,150.00,100 גרם,false,,16.90,11.2667,true,1,18386
5900020022325,false,חטיף סיני מיניס Cini Minis בטעם קינמון - 6 במארז,נסטלה פולין דגני בוק,PL,חטיף דגנים סיני מיני,גרמים,150.00,100 גרם,false,,16.90,11.2667,true,1,18389
5900020024817,false,פיטנס דליס Fitness Delice חטיף דגנים עם שוקולד לבן,נסטלה פולין ברים,PL,פיטנס בר דליס שוקולד,גרמים,135.00,100 גרם,false,,18.90,14.0000,true,1,18391
5900020025647,false,חטיף דגנים פיטנס שוקולד חלב 135 גרם מארז 6 יחידות,מיוצר עי קונדיטוריית,PL,פיטנס בר דליס שוקולד,גרמים,135.00,100 גרם,false,,18.90,14.0000,true,1,18393
5900020026552,false,דגני בוקר האני נאט צ'יריוס בטעם דבש ושקדים,נסטלה צרפת איטנקורט,FR,האני נאט ציריוס נסטל,גרמים,625.00,100 גרם,false,,27.90,4.4640,true,1,18398
5900020029669,false,פיטנס - חטיף דגנים פירות יער 23.50 גרם * 6,נסטלה פולין דגני בוק,PL,פיטנס חטיף דגנים פיר,גרמים,141.00,100 גרם,false,,18.90,13.4043,true,1,18400
5900020032454,false,מארז חטיף פיטנס עוגיות 8 X 23.5 גרם,נסטלה פולין ברים,PL,חטיף דגנים עוגיות פ,גרמים,188.00,100 גרם,false,,16.90,8.9894,true,1,148908
5900020032539,false,מארז חטיף פיטנס שוקולד 8 X 23.5 גרם,נסטלה פולין ברים,PL,חטיף דגנים שוקולד פ,גרמים,188.00,100 גרם,false,,16.90,8.9894,true,1,148922
5900020034021,false,חטיף דגנים פיטנס שוקולד בננה 141 גרם,מיוצר עי קונדיטוריית,PL,פיטנס חטיף דגנים שוק,גרמים,141.00,100 גרם,false,,16.90,11.9858,true,1,18404
5900020034991,false,דגני בוקר צדפים בטעם שוקולד 450 ג' קראנץ',סי. פי. פולין,PL,קראנץ' צדפים בטעם שו,גרמים,450.00,100 גרם,false,,27.90,6.2000,true,1,18405
5900020036407,false,ליון דגני בוקר שוקולד וקרמל נסטלה 480 גרם,נסטלה פולין דגני בוק,PL,דגני בוקר שוקולד וקר,גרמים,480.00,100 גרם,false,,27.90,5.8125,true,1,65406
5900020037916,false,דגני בוקר שיבולת שועל צ'ריוס 375ג',ג'נרל מילס סאן אדריא,PL,צ'יריוס שיבולת שועל,גרמים,375.00,100 גרם,false,,17.90,4.7733,true,1,150698
5900020039590,false,פיטנס חטיף דגנים קלאסי פרווה 8 6*23.5 ג,נסטלה פולין דגני בוק,PL,פיטנס חטיף דגנים קלא,גרמים,141.00,100 גרם,false,,18.90,13.4043,true,1,192138
5900020039620,false,פיטנס חטיף דגנים שקדים ודבש פרווה 8 6*23 ג,נסטלה פולין ברים,PL,חטיף דגנים שקדים ודב,גרמים,141.00,100 גרם,false,,18.90,13.4043,true,1,192139
5900020041142,false,קורנפלקס פיטנס 500 ג' אסם,נסטלה צרפת איטנקורט,PL,קורנפלקס פיטנס 500גר,גרמים,500.00,100 גרם,false,,13.90,2.7800,true,1,330377
5900627063233,false,טבליות למדיח הכל ב-1 פיניש מקס 50 יחידות,רקיט בנקיזר,PL,50 יח AIO טבליות פינ,גרמים,800.00,100 גרם,false,,41.90,5.2375,true,1,20857
5900627066715,false,טבליות למדיח פיניש הכל ב-1 100 יח,רקיט בנקיזר,PL,פיניש 100 טבליות AIO,יחידה,0.00,יחידה,false,,62.90,0.0000,true,1,20858
5901414200411,false,בלזן היט מיני ביסקוויט סנדוויץ' עם מילוי קרם בטעם שוקולד 130 גרם,ליימן שליסל,PL,היט מיניס קרם קקאו 1,גרמים,130.00,100 גרם,false,,6.90,5.3077,true,1,41951
5902198160403,false,XL משקה אנרגיה מוגז ללא סוכר עד 10 קלוריות לפחית 250 מל,"טמפו משקאות בע""\מ",IL,אקס אל משקה אנרגיה ט,מיליליטרים,250.00,"100 מ""ל",false,,4.90,1.9600,true,1,9282
5904941750312,false,"משקה אנרגיה BLU מוחיטו בודד 250 מ""ל",אקו - ביט,PL,בלו בודד מוחיטו 250,מיליליטרים,250.00,"100 מ""ל",false,,4.50,1.8000,true,1,1812
5904941751715,false,"משקה אנרגיה בלו קרנברי 250 מ""ל -בודד",אקו - ביט,PL,בלו משקה אנרגיה קרנב,מיליליטרים,250.00,"100 מ""ל",false,,4.50,1.8000,true,1,1815
5906485301012,false,"משקה אנרגיה XL פחית 250 מ""ל","טמפו משקאות בע""מ",IL,אקס אל משקה אנרגיה 2,מיליליטרים,250.00,"100 מ""ל",false,,4.90,1.9600,true,1,9283
5941021001247,false,טבלת שוקולד בטעם קפה היידי גראנדור 80 ג',היידי שוקולד בירונטי,,טבלת היידי גראנדור ק,גרמים,80.00,100 גרם,false,,11.90,14.8750,true,1,261748
5941021001254,false,טבלת שוקולד בטעם תפוז היידי גראנדור 80 ג',,,טבלת היידי גראנדור ת,גרמים,80.00,100 גרם,false,,11.90,14.8750,true,1,261764
5941021001674,false,טבלת שוקולד היידי גראנדור 80% 80 ג',היידי שוקולד בירונטי,,טבלת היידי גראנדור 8,גרמים,80.00,100 גרם,false,,11.90,14.8750,true,1,261649
5998623526739,false,"יין הונגרי גוורצטרמינר 750 מ""ל כשר",דנוביאנה,HU,יין סי גראס גוורצטרמ,מיליליטרים,750.00,"100 מ""ל",false,,40.90,5.4533,true,1,13366
6102017501939,false,מצת להבה לגז brico {במעמד},,CN,מצת מהודר,יחידה,0.00,יחידה,false,,9.90,0.0000,true,1,31058
6111094000013,false,"קוסקוס דארי בינוני תומר 1 ק""ג",דארי קוספאט אס. איי. או,MA,קוסקוס בינוני דארי 1,קילוגרמים,1.00,"ק""ג",false,,15.90,15.9000,true,1,24912
6111094000198,false,קוסקוס דארי בינוני 350 גרם,דארי קוספאט אס. איי. או,MA,קוסקוס דק דארי 350 ג,גרמים,350.00,100 גרם,false,,6.90,1.9714,true,1,24913
6111094000228,false,"קוסקוס דארי דק תומר 1 ק""ג",דארי קוספאט אס. איי. או,MA,"קוסקוס דק דארי 1 ק""ג",קילוגרמים,1.00,"ק""ג",false,,15.90,15.9000,true,1,24914
6111094000242,false,תומר קוסקוס דארי דק 500גר,דארי קוספאט אס. איי. או,MA,קוסקוס דק דארי 500 ג,גרמים,500.00,100 גרם,false,,8.90,1.7800,true,1,24915
6111094000808,false,"קוסקוס דארי בינוני תומר 1 ק""ג + 10% תוספת",דארי קוספטה אל-זהרה,MA,קוסקוס בינוני דארי 1,קילוגרמים,1.10,"ק""ג",false,,15.90,14.4545,true,1,24917
6111119000011,false,"קוסקוס מרוקאי פרידה 1 ק""ג",אטלס קוסקוס,MA,"קוסקוס דק פרידה 1 ק""",קילוגרמים,1.00,"ק""ג",false,,12.90,12.9000,true,1,9968
6224009175192,false,"תות שדה 1 ק""ג קפוא ב",O.K FRUIT,EG,"תות שדה 1 ק""ג קפוא ב",קילוגרמים,1.00,"ק""ג",false,,20.90,20.9000,true,1,51477
6820180058110,false,כף אשפה פלסטיק,,,כף אשפה פלסטיק,יחידה,0.00,יחידה,false,,6.90,0.0000,true,1,223527
6841398731244,false,מארז סביבון מצייר 3 יחידות,,,מארז סביבון מצייר 3,יחידה,0.00,יחידה,false,,5.90,0.0000,true,1,320895
6900024600696,false,פומפיה גומית+מקל,,,פומפיה גומית+מקל,יחידה,0.00,יחידה,false,,6.90,0.0000,true,1,288700
6910191800287,false,אצות נורי בלו 10 דף (ננגטונג),ננטונג היידה אקווטוק,CN,אצות נורי לסושי מזרח,גרמים,25.00,100 גרם,false,,11.90,47.6000,true,1,47509
6912977000140,false,אטריות שעועית 250 גר' ( Yantai)ללא גלוטן(כ),יאנטאי ינסידה לנוגקא,CN,אטריות שעועית ללא גל,גרמים,250.00,100 גרם,false,,8.90,3.5600,true,1,47510
6920190014417,false,מפיות שולחן מקושטות,,,מפיות שולחן מקושטות,יח',20.00,יח',false,,3.90,0.1950,true,1,13101
6920190410011,false,כוסות נייר לאפיה מאפינס גדול 50 יח',,CN,נייר מאפינס לאפייה ו,יחידה,0.00,יחידה,false,,13.90,0.0000,true,1,13102
6920190410059,false,כוסות נייר אפיה קטן (קאפקייקס) 50יח,,CN,נייר מאפינס קטנים לא,יחידה,0.00,יחידה,false,,13.90,0.0000,true,1,13105
6920220650028,false,חנוכיית פח זהב/כסף,,,חנוכיה פח זהב/כסף,יחידה,0.00,יחידה,false,,4.90,0.0000,true,1,320880
6936745600462,false,רוטב מירין לתיבול מז,דאנינג יוה פודס קו,CN,רוטב מירין לתיבול מז,מיליליטרים,500.00,"100 מ""ל",false,,18.90,3.7800,true,1,47513
6937893223855,false,פומפיה נירוסטה,,,פומפיה נירוסטה,יחידה,0.00,יחידה,false,,17.90,0.0000,true,1,187505
6951097101030,false,מאג לונדון,,,מאג לונדון,יחידה,0.00,יחידה,false,,5.90,0.0000,true,1,27994
6951097101078,false,כוס זכוכית BLINKMAX,,,מאג לאטה 240,יחידה,0.00,יחידה,false,,4.90,0.0000,true,1,154122
6951097101139,false,"כוס מאג קליר ניו בלינק 300 מ""ל",,,מאג קליר ניו בלינק 3,יחידה,0.00,יחידה,false,,5.90,0.0000,true,1,27997
6951097101672,false,מאג נבאדה(6 סט),,,מאג נבאדה(6 סט),יחידה,0.00,יחידה,false,,29.90,0.0000,true,1,27999
7038516140418,false,ג'ורדן מברשת שיניים טוטאל קלין מדיום רביעייה,ג'ורדן Jordan,MY,מב.שיניים טוטאל קלין,יחידה,0.00,יחידה,false,,10.00,0.0000,true,1,5703
7046110030608,false,גורדן זוג מברשות שיניים טרגט סנסיטיב,דנטלון,MY,זוג מברשות סנסטיב ג',יחידה,0.00,יחידה,false,,24.90,0.0000,true,1,5708
7046110071519,false,"ג'ורדן משחת שיניים לילדים( 2-6 ) 50מ""ל",דנטלון,IL,מש.שיניים לילדים לשי,מיליליטרים,50.00,"100 מ""ל",false,,11.90,23.8000,true,1,5718
7046110075036,false,ג'ורדן מב' שיניים אולטימייט יו *רביעיה *סופט,דנטלון,MY,מארז מב.שיניים אולטי,יחידה,0.00,יחידה,false,,10.00,0.0000,true,1,5719
7262626014158,false,בובה רותי מנגנת +אורות בשקית,,,בובת רותי מנגנת,יחידה,0.00,יחידה,false,,24.90,0.0000,true,1,31142
7262626058466,false,טייץ שחור מודפס,,,טייץ שחור מודפס,יחידה,0.00,יחידה,false,,29.90,0.0000,true,1,31185
7262626088197,false,טייץ טרמי צבעוני מלא,,,טייץ טרמי צבעוני,יחידה,0.00,יחידה,false,,29.90,0.0000,true,1,95385
7262626111222,false,דובי פרווה,,,בובה דובי,יחידה,0.00,יחידה,false,,19.90,0.0000,true,1,150748
7271730901261,false,ווקי מאק ארוחת אטריות עם גבינה 156 גרם,ניו וורלד פסטה קומפנ,US,ארוחת אטריות וואקי מ,גרמים,156.00,100 גרם,false,,11.90,7.6282,true,1,36871
7290000000494,false,נקניקיות חריושקה,"ולדמן ביח""ר לנקניק ו",,כלי בית,יחידה,0.00,יחידה,false,,15.00,0.0000,true,1,27518
7290000000626,false,ברוקולי ארוז במגשית,,,ברוקולי ארוז במגשית,יח',1.00,יח',false,,9.90,9.9000,true,1,207463
7290000000978,true,חסה כשר,,,חסה כשר,יח',1.00,יח',false,,6.90,6.9000,true,1,47671
7290000000985,true,פטרוזיליה כשר,,,פטרוזיליה כשר,יח',1.00,יח',false,,5.90,5.9000,true,1,47672
7290000001056,false,לחם אחיד 750 גרם,,,לחם אחיד 750 גרם,גרמים,750.00,100 גרם,false,,5.12,0.6827,true,1,4451
7290000001579,true,סלרי אמריקאי כשר,,,סלרי אמריקאי כשר,יח',1.00,יח',false,,6.90,6.9000,true,1,47674
7290000001586,true,שמיר כשר,,,שמיר כשר,יח',1.00,יח',false,,5.90,5.9000,true,1,47675
7290000001593,true,נענע כשר,,,נענע כשר,יח',1.00,יח',false,,5.90,5.9000,true,1,47676
7290000001609,true,מנגולד כשר,,,מנגולד כשר,יח',1.00,יח',false,,6.90,6.9000,true,1,47677
7290000001644,false,שורש פטרוזיליה,,,שורש פטרוזיליה,יח',1.00,יח',false,,5.90,5.9000,true,1,48466
7290000002872,false,גבינה מאסדם הולנדית,,,צפתית במים גד 5% במש,קילוגרמים,1.00,"ק""ג",true,,64.00,64.0000,true,1,14545
7290000002889,false,גורגונזולה פיקנטי/דו,,,גבינות שמנת שום שמיר,קילוגרמים,1.00,"ק""ג",true,,52.00,52.0000,true,1,14546
7290000003285,false,פטינה מחלבת ארלה 21%,,,פטינה מחלבת ארלה 21%,קילוגרמים,1.00,"ק""ג",true,,32.00,32.0000,true,1,23185
7290000004006,false,קאשקבל משולשים גד 26,,,קאשקבל משולשים גד 26,קילוגרמים,1.00,"ק""ג",true,,130.00,130.0000,true,1,14554
7290000004444,false,שקיות גופיה 20 מקרו,,,שקיות גופיה 20 מקרו,יחידה,0.00,יחידה,false,,0.10,0.0000,true,1,279854
7290000004792,false,בולגרית מעודנת גד 5%,,,בולגרית מעודנת גד 5%,קילוגרמים,1.00,"ק""ג",true,,65.00,65.0000,true,1,14561
7290000004815,false,מוצרלה גד 22% במשקל,,,מוצרלה גד 22% במשקל,קילוגרמים,1.00,"ק""ג",true,,85.00,85.0000,true,1,14562
7290000004891,false,בולגרית מסורתית גד 1,,,בולגרית מסורתית גד 1,קילוגרמים,1.00,"ק""ג",true,,65.00,65.0000,true,1,14563
7290000004921,false,ריקוטה גד 5% במשקל,,,ריקוטה גד 5% במשקל,קילוגרמים,1.00,"ק""ג",true,,65.00,65.0000,true,1,14565
7290000004969,false,גבינות שמנת טבעי גד,,,גבינות שמנת טבעי גד,קילוגרמים,1.00,"ק""ג",true,,52.00,52.0000,true,1,14568
7290000004976,false,גבינות שמנת זיתים גד,,,גבינות שמנת זיתים גד,קילוגרמים,1.00,"ק""ג",true,,52.00,52.0000,true,1,14569
7290000005486,false,גבינות שמנת טבעי מהד,,,גבינות שמנת טבעי מהד,קילוגרמים,1.00,"ק""ג",true,,52.00,52.0000,true,1,14580
7290000009351,false,בשר טחון חלק טרי,,,בשר טחון חלק טרי,קילוגרמים,1.00,"ק""ג",true,,49.90,49.9000,true,1,292526
7290000009355,false,צלעות בקר חלק טרי,,,צלעות בקר חלק טרי,קילוגרמים,1.00,"ק""ג",true,,59.90,59.9000,true,1,292860
7290000009359,false,כתף חלק טרי,,,כתף חלק טרי,קילוגרמים,1.00,"ק""ג",true,,64.90,64.9000,true,1,292978
7290000009363,false,צלי כתף חלק טרי,,,צלי כתף חלק טרי,קילוגרמים,1.00,"ק""ג",true,,89.90,89.9000,true,1,293076
7290000009367,false,פילה מדומה חלק טרי,,,פילה מדומה חלק טרי,קילוגרמים,1.00,"ק""ג",true,,74.90,74.9000,true,1,293128
7290000009375,false,אנטריקוט חלק טרי,,,אנטריקוט חלק טרי,קילוגרמים,1.00,"ק""ג",true,,139.90,139.9000,true,1,293534
7290000009390,false,אסאדו חלק טרי,,,אסאדו חלק טרי,קילוגרמים,1.00,"ק""ג",true,,69.90,69.9000,true,1,293637
7290000009437,false,בשר טחון מחפוד טרי,,,בשר טחון מחפוד טרי,קילוגרמים,1.00,"ק""ג",true,,64.90,64.9000,true,1,294457
7290000009438,false,צלעות מחפוד טרי,,,צלעות מחפוד טרי,קילוגרמים,1.00,"ק""ג",true,,79.90,79.9000,true,1,294476
7290000009439,false,כתף מחפוד טרי,,,כתף מחפוד טרי,קילוגרמים,1.00,"ק""ג",true,,74.90,74.9000,true,1,294493
7290000009440,false,צלי כתף מחפוד טרי,,,צלי כתף מחפוד טרי,קילוגרמים,1.00,"ק""ג",true,,114.90,114.9000,true,1,294514
7290000009442,false,שריר מחפוד טרי,,,שריר מחפוד טרי,קילוגרמים,1.00,"ק""ג",true,,74.90,74.9000,true,1,294532
7290000009446,false,אסאדו ע.ע מחפוד טרי,,,אסאדו ע.ע מחפוד טרי,קילוגרמים,1.00,"ק""ג",true,,69.90,69.9000,true,1,294653
7290000009447,false,סינטה מחפוד טרי,,,סינטה מחפוד טרי,קילוגרמים,1.00,"ק""ג",true,,124.90,124.9000,true,1,294669
7290000009455,false,צוואר בקר מחפוד טרי,,,צוואר בקר מחפוד טרי,קילוגרמים,1.00,"ק""ג",true,,69.90,69.9000,true,1,304103
7290000009458,false,צוואר ע.ע מחפוד,,,צוואר ע.ע מחפוד,קילוגרמים,1.00,"ק""ג",true,,59.90,59.9000,true,1,303313
7290000009459,false,חזה ע.ע מחפוד,,,חזה ע.ע מחפוד,קילוגרמים,1.00,"ק""ג",true,,59.90,59.9000,true,1,303344
7290000009465,false,אנטריקוט ע.ע מחפוד ט,,,אנטריקוט ע.ע מחפוד ט,קילוגרמים,1.00,"ק""ג",true,,104.90,104.9000,true,1,303623
7290000009466,false,חזה בקר טרי,,,חזה בקר טרי,קילוגרמים,1.00,"ק""ג",true,,54.90,54.9000,true,1,303639
7290000009480,false,עצמות מח חלק טרי,,,עצמות מח חלק טרי,קילוגרמים,1.00,"ק""ג",true,,24.90,24.9000,true,1,304169
7290000009483,false,פאפיה מיובשת ומסוכרת,,,כבד בקר מחפוד טרי,קילוגרמים,1.00,"ק""ג",true,,32.90,32.9000,true,1,304425
7290000009485,false,לשון בקר מחפוד טרי,,,לשון בקר מחפוד טרי,קילוגרמים,1.00,"ק""ג",true,,69.90,69.9000,true,1,304470
7290000009487,false,בשר ראש בקר מחפוד טר,,,בשר ראש בקר מחפוד טר,קילוגרמים,1.00,"ק""ג",true,,54.90,54.9000,true,1,304501
7290000009489,false,זנב בקר מחפוד טרי,,,זנב בקר מחפוד טרי,קילוגרמים,1.00,"ק""ג",true,,89.90,89.9000,true,1,304561
7290000009511,false,שייטל בקר מחפוד טרי,,,שייטל בקר מחפוד טרי,קילוגרמים,1.00,"ק""ג",true,,110.90,110.9000,true,1,304883
7290000009512,false,ויסברטן בקר מחפוד ט,,,ויסברטן בקר מחפוד ט,קילוגרמים,1.00,"ק""ג",true,,89.90,89.9000,true,1,304884
7290000009515,false,אווזית בקר מחפוד טרי,,,אווזית בקר מחפוד טרי,קילוגרמים,1.00,"ק""ג",true,,89.90,89.9000,true,1,304901
7290000011593,false,שזיף,,,שזיף,קילוגרמים,1.00,"ק""ג",true,,19.90,19.9000,true,1,50887
7290000014510,false,חסה עגולה,,,חסה עגולה,יח',1.00,יח',false,,6.90,6.9000,true,1,50888
7290000023007,false,"ברנדי שטוק 84 37 % 750 מ""ל","יקבי ברקן בע""ם",IL,"ברנדי שטוק 84 750 מ""",מיליליטרים,750.00,"100 מ""ל",false,,80.90,10.7867,true,1,9290
7290000023083,false,ערק אשקלון בקבוק 700,"יקבי ברקן בע""\מ",IL,"ערק אשקלון 700 מ""ל כ",מיליליטרים,700.00,"100 מ""ל",false,,55.90,7.9857,true,1,9291
7290000023809,false,"יין קלאסיק קברנה סוביניון ברקן 750 מ""ל",יקבי ברקן שיווק והפצה בע,IL,קלאסיק קברנה סובניון,מיליליטרים,750.00,"100 מ""ל",false,,35.50,4.7333,true,1,9304
7290000023816,false,"יין קלאסיק אמרלד ריזלינג ברקן 750 מ""ל",יקבי ברקן שיווק והפצה בע,IL,קלאסיק אמרלד ריזלינג,מיליליטרים,750.00,"100 מ""ל",false,,35.50,4.7333,true,1,9305
7290000023977,false,"יין קלאסיק מרלו ברקן 750 מ""ל",יקבי ברקן שיווק והפצה בע,IL,קלאסיק מרלו 750מל.,מיליליטרים,750.00,"100 מ""ל",false,,35.50,4.7333,true,1,9311
7290000024202,false,"יין רזרב קברנה סוביניון ברקן 750 מ""ל",ברקן שיווק והפצה בעמ,IL,קברנה סוביניון רזרבד,מיליליטרים,750.00,"100 מ""ל",false,,46.90,6.2533,true,1,9314
7290000024219,false,יין רזרב אמרלד ריזלינג 750 מל שביעית,יקבי ברקן,IL,אמרלד ריזלינג רזרבד,מיליליטרים,750.00,"100 מ""ל",false,,46.90,6.2533,true,1,9315
7290000024240,false,יין רזרב שרדונה 750 מל שביעית,ביבקבי ברקן שיווק וה,IL,"שרדונה רזרבד 750 מ""ל",מיליליטרים,750.00,"100 מ""ל",false,,46.90,6.2533,true,1,9317
7290000024523,false,"תירוש של סגל ,מיץ ענבים , 1 ליטר",כרמי צבי - האחים סגל,IL,תירוש של סגל 1 ליטר,ליטרים,1.00,ליטר,false,,15.90,15.9000,true,1,9322
7290000024530,false,"יין אדום מתוק לקידוש סגל 750 מ""ל","כרמי צבי - אחים סגל בע""\",IL,"גליה מתוק 750 מ""ל",מיליליטרים,750.00,"100 מ""ל",false,,16.90,2.2533,true,1,9323
7290000026650,false,צפתית פיראוס 5% במשק,,,צפתית פיראוס 5% במשק,קילוגרמים,1.00,"ק""ג",true,,59.00,59.0000,true,1,25605
7290000032665,false,רוטב עגבניות 28% 580ג' פרי זה,זנלכל,IL,רוטב עגבניות 28% ברי,גרמים,580.00,100 גרם,false,,8.50,1.4655,true,1,8608
7290000035324,false,בולגרית חלב נוכרי פי,,,בולגרית חלב נוכרי פי,קילוגרמים,1.00,"ק""ג",true,,59.00,59.0000,true,1,25606
7290000036291,false,צפתית מעודנת מהדרין,,,צפתית מעודנת מהדרין,קילוגרמים,1.00,"ק""ג",true,,59.00,59.0000,true,1,25608
7290000039231,false,אווזית עגל טרי,,,אווזית עגל טרי,קילוגרמים,1.00,"ק""ג",true,,89.90,89.9000,true,1,1717
7290000039232,false,ויסברטן עגל טרי,,,ויסברטן עגל טרי,קילוגרמים,1.00,"ק""ג",true,,89.90,89.9000,true,1,1718
7290000039237,false,צאך עגל טרי,,,צאך עגל טרי,קילוגרמים,1.00,"ק""ג",true,,89.90,89.9000,true,1,1722
7290000039238,false,שפיץ צאך עגל טרי,,,שפיץ צאך עגל טרי,קילוגרמים,1.00,"ק""ג",true,,89.90,89.9000,true,1,1723
7290000040042,false,יופלה יוגורט תות %3 גביע 150 גרם,תנובה חלב,IL,יופלה תות שובב 3% 15,מיליליטרים,150.00,"100 מ""ל",false,,5.50,3.6667,true,1,25692
7290000040066,false,יופלה יוגורט דובדבן %3 גביע 150 גרם,תנובה מרכז שיתופי לש,IL,יופלה דובדבן פראי 3%,מיליליטרים,150.00,"100 מ""ל",false,,5.50,3.6667,true,1,25693
7290000040080,false,יופלה יוגורט אפרסק %3 גביע 150 גרם,תנובה חלב,IL,יופלה אפרסק מאוהב 3%,מיליליטרים,150.00,"100 מ""ל",false,,5.50,3.6667,true,1,25694
7290000040301,false,תנובה עין גדי קממבר מחלב בקר 24% שומן,תנובה מרכז שיתופי לש,IL,תנובה גבינת קממבר עי,גרמים,125.00,100 גרם,false,,20.90,16.7200,true,1,25695
7290000040318,false,גבינת ברי 24% קולאז עדי תנובה 125 ג',תנובה מרכז שיתופי לש,IL,תנובה גבינת ברי 24%,גרמים,125.00,100 גרם,false,,20.90,16.7200,true,1,25696
7290000040462,false,טוסטי גבינה בסגנון אמריקאי אדם 23% תנובה 200 גרם,תנובה מרכז שיתופי לש,IL,טוסטי טעם אדם 22% 20,גרמים,200.00,100 גרם,false,,20.90,10.4500,true,1,25698
7290000040974,false,חלב דל לקטוז 2% תנובה קרטון 1 ליטר,תנובה מרכז שיתופי לש,IL,חלב תנובה קרטון דל ל,ליטרים,1.00,ליטר,false,,7.50,7.5000,true,1,25699
7290000041858,false,"שמנת חמוצה 15% מועשרת יטבתה 200 מ""ל",שטראוס גרופ,IL,יטבתה שמנת חמוצה 15%,מיליליטרים,200.00,"100 מ""ל",false,,2.90,1.4500,true,1,23222
7290000041865,false,"לבן 4.5% שומן מהדרין ""יטבתה""",שטראוס גרופ,IL,יטבתה לבן 4.5% 200מל,מיליליטרים,200.00,"100 מ""ל",false,,2.50,1.2500,true,1,23223
7290000042015,false,"חלב שתייה תנובה בד""צ בשקית 1 ליטר",תנובה מרכז שיתופי לש,IL,חלב תנובה טרי שקית,יחידה,0.00,יחידה,false,,5.43,0.0000,true,1,25704
7290000042404,false,חלב 3% בשקית יטבתה 1 ליטר מהדרין,שטראוס גרופ,IL,יטבתה חלב מועשר שקית,ליטרים,1.00,ליטר,false,,5.90,5.9000,true,1,23225
7290000042435,false,חלב דל שומן בקרטון+פקק תנובה 1 ליטר,תנובה מרכז שיתופי לש,IL,חלב תנובה בקרטון 1%,ליטרים,1.00,ליטר,false,,5.86,5.8600,true,1,25710
7290000042640,false,"חלב תנובה עמיד 3% קרטון 250 מ""ל",תנובה חלב,IL,חלב תנובה עמיד 3% מה,מיליליטרים,250.00,"100 מ""ל",false,,2.90,1.1600,true,1,25715
7290000042855,false,"שוקו בשקית 250 מ""ל ""יטבתה""",שטראוס גרופ,IL,יטבתה שוקו שקית 225,מיליליטרים,225.00,"100 מ""ל",false,,2.90,1.2889,true,1,23227
7290000043012,false,"שוקו עמיד 2% בקרטון 250 מ""ל תנובה",תנובה מרכז שיתופי לש,IL,שוק שוקו עמיד 2% בקר,מיליליטרים,250.00,"100 מ""ל",false,,4.90,1.9600,true,1,25717
7290000043814,false,השף הלבן שמנת להקצפה 38% שומן 250 מל - מוצר בפיקוח,תנובה מרכז שיתופי לש,IL,שף לבן שמנת לקצפת עמ,מיליליטרים,250.00,"100 מ""ל",false,,6.47,2.5880,true,1,25720
7290000043890,false,תנובה רויון לבן מחלב מפסוטר 1.5%,תנובה מרכז שיתופי לש,IL,ריויון 1.5% 1ל,ליטרים,1.00,ליטר,false,,11.90,11.9000,true,1,25721
7290000043944,false,כד יוגורט תנובה 4% שומן 1.5 ליטר,מיוצר עי קונדיטוריית,IL,יוגורט כדים תנובה 1.,ליטרים,1.50,ליטר,false,,17.90,11.9333,true,1,25722
7290000044712,false,יוגורט עם תות 1.5% שומן 500 ג' פרילי,מיוצר עי קונדיטוריית,IL,פרילי תות 1.5% 500מל,מיליליטרים,500.00,"100 מ""ל",false,,10.90,2.1800,true,1,25726
7290000044880,false,באדי יוגורט תות 3% שומן 500 ג' תנובה,מיוצר עי קונדיטוריית,IL,באדי תות 3% 500מל,מיליליטרים,500.00,"100 מ""ל",false,,9.50,1.9000,true,1,25728
7290000045573,false,גבינת מותכת משולשים 25% שומן 200 ג' נעמה,תנובה חלב,IL,נעמה גבינת מותכת 25%,גרמים,200.00,100 גרם,false,,15.90,7.9500,true,1,25730
7290000045580,false,גבינה מותכת נעמה חורש תנובה 240 גרם,תנובה מרכז שיתופי לש,IL,נעמה גבינת מותכת 25%,גרמים,240.00,100 גרם,false,,18.90,7.8750,true,1,25731
7290000045917,false,תנובה פרומעז גבינה מותכת מחלב עיזים 23% שומן,תנובה חלב,IL,תנובה גבינת פרומעז 2,גרמים,200.00,100 גרם,false,,27.90,13.9500,true,1,25733
7290000046006,false,גבינה צהובה עמק בלוק,תנובה מרכז שיתופי לש,IL,עמק 28% במשקל,קילוגרמים,1.00,"ק""ג",true,,42.70,42.7000,true,1,25611
7290000046020,false,גלבוע גבינה שמנה במש,תנובה מרכז שיתופי לש,IL,גלבוע 22% במשקל,קילוגרמים,1.00,"ק""ג",true,,42.58,42.5800,true,1,25612
7290000046327,false,גלבוע גבינה צהובה פרוסה 22% תנובה 200 גרם,תנובה מרכז שיתופי לש,IL,גלבוע גבינה פרוסה 22,גרמים,200.00,100 גרם,false,,13.90,6.9500,true,1,25734
7290000046501,false,"גב.טל העמק32% 1 ק""ג משקל",קריות זול,IL,טל העמק במשקל,קילוגרמים,1.00,"ק""ג",true,,58.00,58.0000,true,1,25616
7290000046549,false,גבינת מוצרלה 20% במשקל,תנובה מרכז שיתופי לש,IL,מוצרלה חריץ תנובה במ,קילוגרמים,1.00,"ק""ג",true,,80.00,80.0000,true,1,25617
7290000046563,false,גב.קולאז' פרמזן 23%במשקל,תנובה מרכז שיתופי לש,IL,גבע פרמזן תנובה במשק,קילוגרמים,1.00,"ק""ג",true,,113.00,113.0000,true,1,25619
7290000046662,false,גב.קשה סקנדינבית31%משקל,תנובה מרכז שיתופי לש,IL,סקנדינבית חריץ מעדני,קילוגרמים,1.00,"ק""ג",true,,79.00,79.0000,true,1,25620
7290000047027,false,גב.קולאז' גלעד 27% במשקל,תנובה מרכז שיתופי לש,IL,קשקבל גלעד במשקל,קילוגרמים,1.00,"ק""ג",true,,124.00,124.0000,true,1,25621
7290000047034,false,גבינת רוקפור 26%כבש משקל,תנובה מרכז שיתופי לש,IL,רוקפור גליל במשקל,קילוגרמים,1.00,"ק""ג",true,,126.00,126.0000,true,1,25622
7290000047485,false,גבינה בולגרית במשקל,תנובה מרכז שיתופי לש,IL,בולגרית פיראוס 24% ב,קילוגרמים,1.00,"ק""ג",true,,59.00,59.0000,true,1,25624
7290000047546,false,השף הלבן כנען גבינה לבנה דלת נתרן 5% תנובה 500 גרם,תנובה מרכז שיתופי לש,IL,שף לבן כנען 5% 500ג,גרמים,500.00,100 גרם,false,,24.90,4.9800,true,1,25735
7290000047730,false,סלמון פילה מעושן מצו,,,סלמון פילה מעושן מצו,קילוגרמים,1.00,"ק""ג",true,,199.00,199.0000,true,1,16490
7290000048185,false,גבינה לבנה 5% תנובה 250 גרם מהדרין,מיוצר עי קונדיטוריית,IL,גבינה לבנה רכה 5% תנ,גרמים,250.00,100 גרם,false,,4.98,1.9920,true,1,25738
7290000048192,false,גבינה לבנה 9% תנובה 250 גרם מהדרין,מחלבת אלון תבור,IL,גבינה לבנה רכה 9% בד,גרמים,250.00,100 גרם,false,,5.00,2.0000,true,1,25739
7290000048207,false,פילה הרינג בסגנון מט,,,פילה הרינג בסגנון מט,קילוגרמים,1.00,"ק""ג",true,,70.00,70.0000,true,1,17615
7290000048306,false,מקרל מעושן שלם שמיר,,,מקרל מעושן שלם שמיר,קילוגרמים,1.00,"ק""ג",true,,98.00,98.0000,true,1,17621
7290000048307,false,גבינת קוטג' עם זיתים 5% תנובה 250 גרם,מיוצר עי קונדיטוריית,IL,קוטג תנובה עם זיתים,גרמים,250.00,100 גרם,false,,5.90,2.3600,true,1,25740
7290000048413,false,פיראוס חמד גבינה מלוחה 16% שומן,תנובה מרכז שיתופי לש,IL,פיראוס חמד 16% 250ג,גרמים,250.00,100 גרם,false,,20.90,8.3600,true,1,25741
7290000048437,false,פיראוס צפתית 5% שומן 200 גרם,פארייפאבה אגרואינדוס,IL,פיראוס צפתית 5% 200,גרמים,200.00,100 גרם,false,,16.90,8.4500,true,1,25742
7290000050454,false,יוגורט יופלה אפרסק 3% שומן 500 גרם,מיוצר עי קונדיטוריית,IL,יופלהYYY אפרסק 3% 50,מיליליטרים,500.00,"100 מ""ל",false,,13.90,2.7800,true,1,25750
7290000051307,false,"מארז הפסקת אוכל עם דגני עוגי ומשקה חלב עמיד בטעם וניל 150 מ""ל",תנובה מרכז שיתופי לש,IL,חלב תנובה הפ.אוכל עו,מיליליטרים,150.00,"100 מ""ל",false,,9.90,6.6000,true,1,25755
7290000051352,false,חלב מלא בטעם של פעם 3.4% תנובה קרטון 1 ל',תנובה מרכז שיתופי לש,IL,חלב תנובה של פעם בקר,ליטרים,1.00,ליטר,false,,7.70,7.7000,true,1,25756
7290000051376,false,יוגורט יופלה דיאט אננס 0% שומן 150 גרם,תנובה מרכז שיתופי לש,IL,יופלה דיאט אננס ספור,מיליליטרים,150.00,"100 מ""ל",false,,5.50,3.6667,true,1,25757
7290000051710,false,פיראוס גבינת לאבנה אסלית על בסיס יוגורט תנובה 263 גרם,"תנובה, מחלבת אלון תב",IL,פיראוס לאבנה עם שמן,גרמים,263.00,100 גרם,false,,14.90,5.6654,true,1,25759
7290000052311,false,גבינה צהובה עמק לייט 15% שומן 200 גרם,תנובה מרכז שיתופי לש,IL,עמק מהדרין 15% 200 ג,גרמים,200.00,100 גרם,false,,16.90,8.4500,true,1,25764
7290000052649,false,גבינת לאבנה 5% שומן 500 ג' פיראוס,תנובה מרכז שיתופי לש,IL,פיראוס לאבנה 5% 500ג,גרמים,500.00,100 גרם,false,,19.90,3.9800,true,1,25766
7290000052717,false,גבינת קוטג' שום שמיר 5% תנובה 250 גרם,מיוצר עי קונדיטוריית,IL,קוטג תנובה עם שום שמ,גרמים,250.00,100 גרם,false,,5.90,2.3600,true,1,25768
7290000052946,false,מארז יוגורט יופלה לבן מעודן בדצ 8*150,תנובה מרכז שיתופי לש,IL,יופלה בדץ מעודן 8*15,ליטרים,1.20,ליטר,false,,22.90,19.0833,true,1,25769
7290000053219,false,טל העמק חריץ 32% במשקל,תנובה מרכז שיתופי לש,IL,טל העמק 32% במשקל,קילוגרמים,1.00,"ק""ג",true,,61.00,61.0000,true,1,25627
7290000055015,false,פיראוס גבינת פטה כבשים 5% תנובה 250 גרם,תנובה מרכז שיתופי לש,IL,פיראוס גבינת פטה כבש,גרמים,250.00,100 גרם,false,,29.50,11.8000,true,1,25778
7290000055329,false,"משקה בוקר יוגורט 1.5% בטעם תות מלון יופלה 250 מ""ל",תנובה מרכז שיתופי לש,IL,יופלה משקה יוגורט תו,מיליליטרים,250.00,"100 מ""ל",false,,6.50,2.6000,true,1,25780
7290000055336,false,"משקה יוגורט 1.5% בטעם בננה אפרסק יופלה 250 מ""ל",תנובה מרכז שיתופי לש,IL,יופלה משקה יוגורט בנ,מיליליטרים,250.00,"100 מ""ל",false,,6.50,2.6000,true,1,25781
7290000055343,false,משקה יוגורט יופלה פירות טרופיים 250 גרם,תנובה מרכז שיתופי לש,IL,יופלה משקה יוגורט טר,מיליליטרים,250.00,"100 מ""ל",false,,6.50,2.6000,true,1,25782
7290000055350,false,גבינה צהובה חריץ עמק 28% במשקל,תנובה מרכז שיתופי לש,IL,עמק קלאסית 28% במשקל,קילוגרמים,1.00,"ק""ג",true,,44.79,44.7900,true,1,25629
7290000055893,false,חמאה משמנת מפוסטרת 200גרם 82% כ.מהדרין - מוצר בפיקוח,תנובה מרכז שיתופי לש,IL,חמאה מהדרין תנובה 20,גרמים,200.00,100 גרם,false,,7.90,3.9500,true,1,25788
7290000056081,false,מארז יוגורט פרילי טבע 6*200 גרם,מיוצר עי קונדיטוריית,IL,"פרילי טבע 6*200 מ""ל",קילוגרמים,1.20,"ק""ג",false,,22.90,19.0833,true,1,25790
7290000056845,false,תנובה חלב טרי 3% שומן 1.5 ליטר - מוצר בפיקוח,פארייפאבה אגרואינדוס,IL,חלב תנובה בקרטון 3%,ליטרים,1.50,ליטר,false,,9.34,6.2267,true,1,25796
7290000056883,false,שמיניית יוגורט יופלה 3% טעמים שונים 150 גרם,תנובה מרכז שיתופי לש,IL,יופלה טעמים משתנים 3,קילוגרמים,1.20,"ק""ג",false,,32.50,27.0833,true,1,25797
7290000056906,false,מאגדת לבן טבעי 1.5% שומן 8 יח' * 150 ג' יופלה,מחלבת אלון תבור,IL,יופלה לבן 1.5% 8*150,ליטרים,1.20,ליטר,false,,17.90,14.9167,true,1,25799
7290000057088,false,עמק גבינה צהובה פרוסה דק דק 28% תנובה 200 גרם,תנובה מרכז שיתופי לש,IL,עמק דק דק 28% 200גר,גרמים,200.00,100 גרם,false,,17.50,8.7500,true,1,25804
7290000057118,false,גבינה צהובה עמק 28% שומן ואקום 400 גרם,תנובה מרכז שיתופי לש,IL,עמק סמי 28% 400 גר,גרמים,400.00,100 גרם,false,,23.90,5.9750,true,1,25805
7290000057132,false,יוגורט תנובה טבעי 1.5% גביע 200 גרם,מחלבת אלון תבור,IL,תנובה יוגורט טבעי 1.,מיליליטרים,200.00,"100 מ""ל",false,,3.50,1.7500,true,1,25806
7290000057149,false,יוגורט תנובה טבעי 3% גביע 200 גרם,מיוצר עי קונדיטוריית,IL,תנובה יוגורט טבעי 3%,גרמים,200.00,100 גרם,false,,3.50,1.7500,true,1,25807
7290000057552,false,יופלה דיאט עוגת גבינה ותות 0% גביע 150ג',תנובה חלב,IL,יופלה דיאט ע.גבינה ו,מיליליטרים,150.00,"100 מ""ל",false,,5.50,3.6667,true,1,25810
7290000058001,false,עצמות עגל חלק טרי,,,עצמות עגל חלק טרי,קילוגרמים,1.00,"ק""ג",true,,35.00,35.0000,true,1,1736
7290000058002,false,צוואר עגל חלק טרי,,,צוואר עגל חלק טרי,קילוגרמים,1.00,"ק""ג",true,,79.90,79.9000,true,1,1737
7290000058003,false,צלעות עגל חלק טרי,,,צלעות עגל חלק טרי,קילוגרמים,1.00,"ק""ג",true,,79.90,79.9000,true,1,1738
7290000058006,false,אסדו על עצם עגל חלק,,,אסדו על עצם עגל חלק,קילוגרמים,1.00,"ק""ג",true,,74.90,74.9000,true,1,1741
7290000058007,false,צלי כתף עגל חלק טרי,,,צלי כתף עגל חלק טרי,קילוגרמים,1.00,"ק""ג",true,,89.90,89.9000,true,1,1742
7290000058008,false,שריר עגל חלק טרי,,,שריר עגל חלק טרי,קילוגרמים,1.00,"ק""ג",true,,69.90,69.9000,true,1,1743
7290000058010,false,פילה מדומה עגל חלק ט,,,פילה מדומה עגל חלק ט,קילוגרמים,1.00,"ק""ג",true,,89.90,89.9000,true,1,1745
7290000058014,false,לשון עגל טרי,,,לשון עגל טרי,קילוגרמים,1.00,"ק""ג",true,,69.90,69.9000,true,1,1749
7290000058015,false,זנב עגל טרי,,,זנב עגל טרי,קילוגרמים,1.00,"ק""ג",true,,69.90,69.9000,true,1,1750
7290000058018,false,כבד עגל טרי לצליה בל,,,כבד עגל טרי לצליה בל,קילוגרמים,1.00,"ק""ג",true,,39.90,39.9000,true,1,1751
7290000058022,false,אוסובוקו עגל חלק טרי,,,אוסובוקו עגל חלק טרי,קילוגרמים,1.00,"ק""ג",true,,69.90,69.9000,true,1,1754
7290000058027,false,בשר ראש עגל טרי,,,בשר ראש עגל טרי,קילוגרמים,1.00,"ק""ג",true,,69.90,69.9000,true,1,1757
7290000058030,false,"שמיניית יופלה שטוזים משקה יוגורט תות 100 מ""ל",מיוצר עי קונדיטוריית,IL,יופלה שטוזים משקה יו,מיליליטרים,800.00,"100 מ""ל",false,,20.90,2.6125,true,1,25812
7290000058040,false,אנטריקוט עגל חלק טרי,,,אנטריקוט עגל חלק טרי,קילוגרמים,1.00,"ק""ג",true,,149.90,149.9000,true,1,1762
7290000058047,false,שמנת להקצפה 38% 500מל מהדרין עמיד השף הלבן,תנובה מרכז שיתופי לש,IL,שף לבן שמנת מתוקה מה,מיליליטרים,500.00,"100 מ""ל",false,,12.94,2.5880,true,1,25813
7290000058979,false,גיל בטעם תות 3% שומן 125 ג' תנובה,תנובה מרכז שיתופי לש,IL,"גיל בטעם תות בד""צ 3%",גרמים,125.00,100 גרם,false,,2.00,1.6000,true,1,25819
7290000060071,false,אוסם - חטיפי פריכונים מאורז מלא קלוי 80גר,"פרח תעשיות מזון בע""מ.",IL,חטיפי פריכונים מאורז,גרמים,80.00,100 גרם,false,,8.90,11.1250,true,1,18411
7290000060088,false,בייגלה מקלות מלוחים אסם 400 גרם,מיוצר עי קונדיטוריית,IL,בייגלה אסם מקלות מלו,גרמים,400.00,100 גרם,false,,11.90,2.9750,true,1,18412
7290000060163,false,אטריות דקות אסם 400 גרם,"אסם תעשיות בע""מ",IL,אטריות דקות אסם 400,גרמים,400.00,100 גרם,false,,7.90,1.9750,true,1,18415
7290000060200,false,אוסם - פתיתים אפויים קוסקוס 500 גרם,"אסם תעשיות בע""מ",IL,פתיתים אפויים קוסקוס,גרמים,500.00,100 גרם,false,,7.90,1.5800,true,1,18416
7290000060217,false,פסטה מקרוני מספר 7 אסם 500 גרם,קריות זול,IT,פסטה מקרוני אסם 500,גרמים,500.00,100 גרם,false,,6.90,1.3800,true,1,18417
7290000060248,false,פסטה אסם פתיתים תלתלים 500 גר',קריות זול,IT,פסטה תלתלים אסם 500,גרמים,500.00,100 גרם,false,,6.90,1.3800,true,1,18418
7290000060316,false,פרפקטו ספגטי מס' 8 אסם 500 גרם,אסם פרפקטו,IT,פסטה ספגטי פרפקטו 50,גרמים,500.00,100 גרם,false,,7.90,1.5800,true,1,18420
7290000060330,false,פרפקטו פסטה ספירלה אסם 500 גרם,אסם פרפקטו,IT,פסטה ספירלי פרפקטו 5,גרמים,500.00,100 גרם,false,,7.90,1.5800,true,1,18422
7290000060408,false,פתיתים אפויים טבעות אסם 500 גרם,"אסם השקעות בע""\מ",IL,פתיתים אפויים טבעות,גרמים,500.00,100 גרם,false,,7.90,1.5800,true,1,18424
7290000060415,false,"פסטה פרפקטו לאזניה 500 ג' ""אסם""",אסם פרפקטו,IT,לזאניה פרפקטו 500 ג,גרמים,500.00,100 גרם,false,,16.90,3.3800,true,1,18425
7290000060576,false,פתיתים אפויים כוכבים אסם 500 גרם,"אסם השקעות בע""\מ",IL,פתיתים אפויים כוכבים,גרמים,500.00,100 גרם,false,,7.90,1.5800,true,1,18431
7290000060781,false,פסטה מסולסלים אסם 500 גרם,קריות זול,IT,פסטה מסולסלים אסם 50,גרמים,500.00,100 גרם,false,,6.90,1.3800,true,1,18432
7290000060828,false,פסטה קרניים בינוניות אסם 500 גרם,קריות זול,IT,פסטה קרניים בינוניות,גרמים,500.00,100 גרם,false,,6.90,1.3800,true,1,18433
7290000060842,false,פסטה צדפים גדולים אסם 500 גרם,קריות זול,IT,פסטה צדפים גדולים אס,גרמים,500.00,100 גרם,false,,6.90,1.3800,true,1,18434
7290000060880,false,פסטה ספגטי מספר 8 אסם 500 גרם,קריות זול,IT,ספגטי אסם 500 גרם,גרמים,500.00,100 גרם,false,,6.90,1.3800,true,1,18437
7290000060903,false,אוסם - פתיתים אפויים אורז 500 גרם,"אסם השקעות בע""\מ",IL,פתיתים אפויים אורז א,גרמים,500.00,100 גרם,false,,7.90,1.5800,true,1,18438
7290000060958,false,אטריות בינוניות אסם 400 גרם,"אסם השקעות בע""\מ",IL,אטריות בינוניות אסם,גרמים,400.00,100 גרם,false,,7.90,1.9750,true,1,18440
7290000060965,false,איטריות מובחר רחבות 400 ג',"אסם השקעות בע""\מ",IL,אטריות רחבות אסם 400,גרמים,400.00,100 גרם,false,,7.90,1.9750,true,1,18441
7290000061061,false,קרקר חיטה עם בצל אסם,"אסם השקעות בע""\מ",IL,אסם קרקר בצל 250גרם,גרמים,250.00,100 גרם,false,,12.90,5.1600,true,1,18443
7290000061085,false,"רוטב צילי מתוק 290 מ""ל-בקבוק","אסם השקעות בע""\מ",IL,אסם רוטב צ'ילי מתוק,מיליליטרים,290.00,"100 מ""ל",false,,13.90,4.7931,true,1,18444
7290000061108,false,"רוטב טריאקי 290 מ""ל-בקבוק","אסם השקעות בע""\מ",IL,רוטב טריאקי אסם 290,מיליליטרים,290.00,"100 מ""ל",false,,13.90,4.7931,true,1,18445
7290000061214,false,פתיתים אפויים קוסקוס עם בצל אסם 500 גרם,"אסם השקעות בע""\מ",IL,פתיתים קוסקוס בצל אס,גרמים,500.00,100 גרם,false,,7.90,1.5800,true,1,18446
7290000061764,false,קפה נמס מגורען רד מאג 200 גרם,נסטלה ספרד קפה,ES,נס קפה רד מאג טעם חד,גרמים,200.00,100 גרם,false,,24.90,12.4500,true,1,18450
7290000062952,false,אוסם - מיני קרוטונים למרק ולסלט 250 גרם,עינת תעשיות מזון אגו,IL,מיני קרוטונים למרק ו,גרמים,250.00,100 גרם,false,,16.90,6.7600,true,1,18456
7290000063102,false,קמח עוגה תופח מאליו אסם 350 גרם,"אסם השקעות בע""\מ",IL,קמח תופח קטן אסם 350,גרמים,350.00,100 גרם,false,,5.90,1.6857,true,1,18459
7290000063133,false,אסם שקדי מרק רכיבים טבעיים 24*100גרם,"אסם השקעות בע""מ",IL,שקדי מרק רכיבים טבעי,גרמים,100.00,100 גרם,false,,6.50,6.5000,true,1,18460
7290000063140,false,שקדי מרק רכיבים טבעיים בשקית 400 ג' אסם,"אסם תעשיות בע""מ",IL,שקדי מרק רכיבים טבעי,גרמים,400.00,100 גרם,false,,13.90,3.4750,true,1,18461
7290000063157,false,"קמח עוגה תופח מאליו אסם 1 ק""ג","אסם השקעות בע""\מ",IL,קמח עוגה תופח מאליו,קילוגרמים,1.00,"ק""ג",false,,10.90,10.9000,true,1,18462
7290000064758,false,קוסקוס בינוני אמיתי אסם 350 ג',"מיוצר ע""י קוד יצרן K",IL,קוסקוס אמיתי אסם 350,גרמים,350.00,100 גרם,false,,8.90,2.5429,true,1,18472
7290000064871,false,"אוסם - מנה חמה פירה תפו""א עם בצל 56 גרם","אסם תעשיות בע""מ",IL,"מנה חמה פירה תפו""א ו",גרמים,56.00,100 גרם,false,,6.90,12.3214,true,1,18473
7290000065063,false,פילה סלמון נורווגי,,,פילה סלמון 1400-100,קילוגרמים,1.00,"ק""ג",true,,64.90,64.9000,true,1,51410
7290000065090,false,מיני קרוטונים מתובלים למרק ולסלט אסם 400 גרם,עינת תעשיות מזון אגו,IL,מיני קרוטונים למרק ו,גרמים,400.00,100 גרם,false,,27.00,6.7500,true,1,18474
7290000065335,false,אוסם - מנה חמה פירה עם ירקות 55 גרם,"אסם תעשיות בע""מ",IL,מנה חמה פירה וירקות,גרמים,55.00,100 גרם,false,,6.90,12.5455,true,1,18476
7290000065557,false,אוסם - מנה חמה קוסקוס עם ירקות 84 גרם,"אסם תעשיות מזון בע""מ",IL,מנה חמה קוסקוס וירקו,גרמים,84.00,100 גרם,false,,6.90,8.2143,true,1,18478
7290000065977,false,חטיפי פריכונים תירס שומשום אסם 80 גרם,"פרח תעשיות מזון בע""מ.",IL,חטיפי פריכונים תירס,גרמים,80.00,100 גרם,false,,8.90,11.1250,true,1,18484
7290000066141,false,ביסלי חטיף בטעם גריל אסם 70 גרם,"אסם השקעות בע""\מ",IL,ביסלי גריל 70 גר'.,גרמים,70.00,100 גרם,false,,4.90,7.0000,true,1,18486
7290000066189,false,ביסלי חטיף בטעם פלאפל אסם 200 גרם,"אסם השקעות בע""\מ",IL,ביסלי גדול פלאפל 200,גרמים,200.00,100 גרם,false,,7.90,3.9500,true,1,18490
7290000066196,false,ביסלי חטיף בטעם גריל אסם 200 גרם,מיוצר עי קונדיטוריית,IL,ביסלי גריל 200גרם,גרמים,200.00,100 גרם,false,,7.90,3.9500,true,1,18491
7290000066226,false,ביסלי חטיף בטעם פיצה אסם 200 גרם,מיוצר עי קונדיטוריית,IL,ביסלי טעם פיצה 200גר,גרמים,200.00,100 גרם,false,,7.90,3.9500,true,1,18494
7290000066264,false,דובונים חטיף תפוחי אדמה אסם 40 גרם,"אסם השקעות בע""\מ",IL,דובונים 40גרם,גרמים,40.00,100 גרם,false,,5.50,13.7500,true,1,18495
7290000066295,false,במבה מתוקה מחומרים טבעיים 30 גרם,מיוצר עי קונדיטוריית,IL,במבה מתוקה מחומרים ט,גרמים,30.00,100 גרם,false,,2.90,9.6667,true,1,18496
7290000066301,false,במבה קטן רגיל אסם,קריות זול,IL,במבה 25 גר,גרמים,25.00,100 גרם,false,,2.90,11.6000,true,1,18497
7290000066318,false,במבה חטיף בוטנים אסם 80 גרם,"אסם השקעות בע""\מ",IL,במבה קלאסי 80 גרם,גרמים,80.00,100 גרם,false,,4.90,6.1250,true,1,18498
7290000066332,false,אפרופו חטיף תירס אסם 50 גרם,מיוצר עי קונדיטוריית,IL,אפרופו 50 גרם,גרמים,50.00,100 גרם,false,,5.50,11.0000,true,1,18499
7290000066349,false,אפרופו חטיף תירס אסם 100 גרם,מיוצר עי קונדיטוריית,IL,אפרופו 100גרם,גרמים,100.00,100 גרם,false,,9.50,9.5000,true,1,18500
7290000066431,false,פופקו חטיף פופקורן בטעם חמאה ודבש אסם 80 גרם,מיוצר עי קונדיטוריית,IL,פופקו חמאה ודבש 80גר,גרמים,80.00,100 גרם,false,,5.90,7.3750,true,1,18501
7290000067544,false,אסם פירורית פירורי לחם זהב 200 גרם,עינת תעשיות מזון אגו,IL,אסם פירורית פירורי ל,גרמים,200.00,100 גרם,false,,6.50,3.2500,true,1,18510
7290000067599,false,מנה חמה ספגטי ברוטב בולונז אסם 65 גרם,"אסם השקעות בע""\מ",IL,מנה חמה ספגטי בולונז,גרמים,65.00,100 גרם,false,,6.90,10.6154,true,1,18514
7290000068138,false,אינסטנט פודינג בטעם וניל אסם 80 גרם,מיוצר עי קונדיטוריית,IL,אסם פודינג אינסטנט ו,גרמים,80.00,100 גרם,false,,6.50,8.1250,true,1,18520
7290000068343,false,אסם פריכונים פרוסות קלויות מלא,"פרח תעשיות מזון בע""מ.",IL,פריכונים מאורז מלא א,גרמים,140.00,100 גרם,false,,7.90,5.6429,true,1,18530
7290000068701,false,אסם שקדי מרק רכיבים טבע.מיכל 400 גרם,"אסם תעשיות בע""מ",IL,שקדי מרק במיכל אסם 4,גרמים,400.00,100 גרם,false,,17.90,4.4750,true,1,18531
7290000068770,false,במבה יום הולדת חטיף בוטנים אסם 80 גרם,"אסם השקעות בע""\מ",IL,במבה יום הולדת 80גרם,גרמים,80.00,100 גרם,false,,4.90,6.1250,true,1,18532
7290000068787,false,במבה יום הולדת חטיף בוטנים אסם 25 גרם,מיוצר עי קונדיטוריית,IL,במבה יום הולדת 25גרם,גרמים,25.00,100 גרם,false,,2.90,11.6000,true,1,18533
7290000069258,false,פסטה פרפקטו פנה ריגאטה 500 ג' אסם,קריות זול,IT,פנה ריגאטה פרפקטו 50,גרמים,500.00,100 גרם,false,,7.90,1.5800,true,1,18537
7290000069364,false,פריכונים מאורז מלא ללא תוספת סוכר אסם 140 גרם,"פרח תעשיות מזון בע""מ.",IL,פריכונים מאורז מלא ל,גרמים,140.00,100 גרם,false,,7.90,5.6429,true,1,18538
7290000070308,false,אבקת מרק עוף אמיתי בשרי אסם 400 גרם,"אסם השקעות בע""\מ",IL,מרק עוף אמיתי אסם 40,גרמים,400.00,100 גרם,false,,24.90,6.2250,true,1,18548
7290000070322,false,אבקת מרק פטריות רכיבים טבעיים אסם 400 גרם,"אסם השקעות בע""\מ",IL,אבקת מרק פטריות רכיב,גרמים,400.00,100 גרם,false,,29.50,7.3750,true,1,18549
7290000070353,false,אבקת מרק בצל רכיבים טבעיים אסם 400 גרם,"אסם השקעות בע""\מ",IL,אבקת מרק בצל רכיבים,גרמים,400.00,100 גרם,false,,28.90,7.2250,true,1,18550
7290000070919,false,בייגלה אסם רשתות עם מלח 400 ג',מיוצר עי קונדיטוריית,IL,בייגלה אסם רשתות מלח,גרמים,400.00,100 גרם,false,,14.90,3.7250,true,1,18558
7290000071008,false,אוסם - בייגלה שטוחים מלח 60 גרם,"אסם השקעות בע""\מ",IL,בייגלה אסם שטוחים מל,גרמים,60.00,100 גרם,false,,3.90,6.5000,true,1,18559
7290000072067,false,במבה חטיף בוטנים במילוי קרם חלבה 60 גרם,מיוצר עי קונדיטוריית,IL,במבה במילוי קרם חלבה,גרמים,60.00,100 גרם,false,,4.90,8.1667,true,1,18560
7290000072241,false,"רוטב פיצה 290 מ""ל-בקבוק","אסם השקעות בע""\מ",IL,אסם רוטב פיצה 290מל,מיליליטרים,290.00,"100 מ""ל",false,,13.90,4.7931,true,1,18564
7290000072623,false,קטשופ אסם בקבוק לחיץ 750 גרם,"אסם תעשיות בע""מ",IL,אסם קטשופ בקבוק לחיץ,גרמים,750.00,100 גרם,false,,11.90,1.5867,true,1,18566
7290000072753,false,קפה נמס מגורען טסטרס צ'ויס 200 גרם-,נסטלה קוריאה - קפה,KR,נס קפה טייסטרס צ'ויס,גרמים,200.00,100 גרם,false,,32.90,16.4500,true,1,18569
7290000072777,false,קפה נמס מגורען נטול קפאין טסטרס צ'ויס 200 גרם,נסטלה קוריאה - קפה,KR,טייסטרס צוייס נטול ק,גרמים,200.00,100 גרם,false,,40.90,20.4500,true,1,18571
7290000072784,false,קפה טייסטר צויס נטול קופאין 100 גר',נסטלה קוריאה - קפה,KR,טייסטרס צוייס נטול ק,גרמים,100.00,100 גרם,false,,30.10,30.1000,true,1,18572
7290000072968,false,דגני בוקר סיני מיניס חיטה מלאה וקינמון נסטלה 500 גרם,נסטלה פולין דגני בוק,PL,סיני מיניס דגני נסטל,יחידה,500.00,יחידה,false,,27.90,0.0558,true,1,18577
7290000073125,false,מנה חמה פסטה ברוטב עגבניות אסם 62 גרם,"אסם השקעות בע""\מ",IL,מנה חמה פסטה עם עגבנ,גרמים,62.00,100 גרם,false,,6.90,11.1290,true,1,18578
7290000073415,false,אוסם - מנה חמה פסטה ברוטב פיצה 61 גרם,"אסם השקעות בע""\מ",IL,מנה חמה פסטה ברוטב פ,גרמים,61.00,100 גרם,false,,6.90,11.3115,true,1,18579
7290000073750,false,מנה חמה נודלס אטר+ירקות טעם עוף 70 גרם,PUB FOODS PRESIDENT THAI,TH,מנה חמה נודלס בטעם ע,גרמים,70.00,100 גרם,false,,6.90,9.8571,true,1,18581
7290000073767,false,מנה חמה נודלס אטר.+ירקות טעם בקר 70 גרם,PUB FOODS PRESIDENT THAI,TH,מנה חמה נודלס בטעם ב,גרמים,70.00,100 גרם,false,,6.90,9.8571,true,1,18582
7290000074153,false,ביסקוויט פתי בר שוקולד אסם 500 גרם,מיוצר עי קונדיטוריית,IL,אסם פתי בר שוקו 500ג,גרמים,500.00,100 גרם,false,,14.90,2.9800,true,1,18587
7290000074184,false,ביסקוויט פתי בר אסם 500 גרם,"אסם השקעות בע""\מ",IL,אסם פתי בר 500גרם.,גרמים,500.00,100 גרם,false,,10.90,2.1800,true,1,18589
7290000074245,false,אוסם - קרם קרקר אסם 250 גרם,"אסם השקעות בע""\מ",IL,אסם קרם קרקר 250גרם,גרמים,250.00,100 גרם,false,,10.90,4.3600,true,1,18590
7290000074276,false,קרקר פיקנטי טבעון 250 ג' אסם,"אסם השקעות בע""\מ",IL,טבעון קרקר פיקנטי 25,גרמים,250.00,100 גרם,false,,10.90,4.3600,true,1,18592
7290000074375,false,אוסם - קרקר זהב 150 גרם,"אסם השקעות בע""\מ",IL,אסם קרקר זהב 150גרם,גרמים,150.00,100 גרם,false,,8.50,5.6667,true,1,18595
7290000074481,false,לחמית אגוזים אסם 160 גרם,"אסם השקעות בע""\מ",IL,לחמית אגוזים 160גרם,גרמים,160.00,100 גרם,false,,11.90,7.4375,true,1,18597
7290000074696,false,אסם קרם קרקר 4*1קג ח,"אסם השקעות בע""\מ",IL,אסם קרם קרקר 1קג,קילוגרמים,1.00,"ק""ג",false,,24.90,24.9000,true,1,18599
7290000074764,false,קרקר הזהב אסם 900 גרם,"אסם השקעות בע""\מ",IL,קרקר זהב אסם 900 גרם,גרמים,900.00,100 גרם,false,,24.90,2.7667,true,1,18603
7290000075204,false,אוסם - לחמית חיטה מלאה 250 גרם,"אסם השקעות בע""\מ",IL,לחמית חיטה מלאה 250ג,גרמים,250.00,100 גרם,false,,9.90,3.9600,true,1,18607
7290000075693,false,עוגת הבית שמרים בריוש שוקולד אסם 360 גרם,מיוצר עי קונדיטוריית,IL,עוגת שמרים בריוש שוק,גרמים,360.00,100 גרם,false,,16.90,4.6944,true,1,18608
7290000076126,false,אוסם - בייגלה שמיניות קטנות 80 גרם,"אסם השקעות בע""\מ",IL,אסם בייגלה שמיניות ק,גרמים,80.00,100 גרם,false,,3.90,4.8750,true,1,18609
7290000076133,false,בייגלה שמיניות קטנות עם מלח אסם 400 גרם,"אסם השקעות בע""\מ",IL,בייגלה אסם שמיניות ק,גרמים,400.00,100 גרם,false,,11.90,2.9750,true,1,18610
7290000076645,false,טוסטעים פת קלויה חיטה מלאה אסם 100 גרם,ון דר מולן האלום,NL,טוסטעים חיטה מלאה אס,גרמים,100.00,100 גרם,false,,10.90,10.9000,true,1,18612
7290000077017,false,עוגיות קרמוגית במילוי קרם שוקולד אסם 200 גרם,מיוצר עי קונדיטוריית,IL,אסם קרמוגית במילוי ש,גרמים,200.00,100 גרם,false,,12.90,6.4500,true,1,18614
7290000077253,false,אוסם - לחמית כפרית עם דגנים מלאים 190 גרם,"אסם השקעות בע""\מ",IL,לחמית כפרית 190גרם,גרמים,190.00,100 גרם,false,,11.90,6.2632,true,1,18615
7290000078212,false,קרוטונים מתובלים למרק אסם 250 גרם,עינת תעשיות מזון אגו,IL,קרוטונים מתובלים אסם,גרמים,250.00,100 גרם,false,,16.90,6.7600,true,1,18618
7290000078762,false,אוסם - חטיפי פריכונים מאורז מלא בטעם דבש 80גר,סנורייס בלגיום אן. ו,GB,חטיפי פריכונים אורז,גרמים,80.00,100 גרם,false,,8.90,11.1250,true,1,18620
7290000079290,false,גבינה צהובה נעם טרה,,,גבינה צהובה נעם טרה,קילוגרמים,1.00,"ק""ג",true,,64.00,64.0000,true,1,6278
7290000079412,false,אמנטל נעם מהדרין במש,,,אמנטל נעם מהדרין במש,קילוגרמים,1.00,"ק""ג",true,,67.00,67.0000,true,1,6282
7290000080765,false,טוסטעים פת קלויה עם שומשום אסם 100 גרם,ון דר מולן האלום,NL,טוסטעים פת קלויה עם,גרמים,100.00,100 גרם,false,,10.90,10.9000,true,1,18624
7290000081663,false,"בייגלה טבעות שומשום אסם 300 גרם בד""ץ",מיוצר עי קונדיטוריית,IL,בייגלה אסם טבעות שומ,גרמים,300.00,100 גרם,false,,11.90,3.9667,true,1,18626
7290000084899,false,מב פטינה 20% וילי פ,,,*מבצע* פטינה 20% וי,קילוגרמים,1.00,"ק""ג",true,,19.00,19.0000,true,1,2760
7290000085159,false,פרורי ביסקוויט בטעם וניל הדר 250 גרם,גטניו אם החיטה,IL,פרורי ביסקוויט וניל,גרמים,300.00,100 גרם,false,,6.90,2.3000,true,1,143889
7290000085180,false,גטניו פתי בר וניל 470 גרם,"אחים גטניו בע""מ",IL,גטניו - פתיבר וניל 4,גרמים,470.00,100 גרם,false,,9.90,2.1064,true,1,41194
7290000089199,false,מקסיקני חריפה בלוק,,,חריפה במשקל,קילוגרמים,1.00,"ק""ג",true,,42.90,42.9000,true,1,18241
7290000089274,false,נקניק מעושן מעדנייה,,,נקניק מעושן מעדנייה,קילוגרמים,1.00,"ק""ג",true,,42.90,42.9000,true,1,18243
7290000089364,false,מקרל מעושן פרוס בשמן,,,מקרל מעושן פרוס בשמן,קילוגרמים,1.00,"ק""ג",true,,129.00,129.0000,true,1,17633
7290000089388,false,מעדן הרינג בסגנון מט,,,מעדן הרינג בסגנון מט,קילוגרמים,1.00,"ק""ג",true,,70.00,70.0000,true,1,17635
7290000089395,false,הרינג כבוש עם בצל,,,הרינג כבוש עם בצל,קילוגרמים,1.00,"ק""ג",true,,70.00,70.0000,true,1,17636
7290000095408,false,נעם 28% חריץ מעדניה,,,נעם 28% חריץ מעדניה,קילוגרמים,1.00,"ק""ג",true,,44.79,44.7900,true,1,6286
7290000095415,false,נעם 9% חריץ מעדניה-,,,נעם 9% חריץ מעדניה-,קילוגרמים,1.00,"ק""ג",true,,72.00,72.0000,true,1,6287
7290000095422,false,גבינת נועם 22% חריץ,,,גבינת נועם 22% חריץ,קילוגרמים,1.00,"ק""ג",true,,42.58,42.5800,true,1,6288
7290000100609,false,קוביות אנטיפסטי להקפצה סנפרוסט 600 גרם,"סנפרוסט בע""\מ",IL,קוביות אנטיפסטי להקפ,גרמים,600.00,100 גרם,false,,26.90,4.4833,true,1,25441
7290000101927,false,אוכמניות כחולות מוקפאות סנפרוסט 300 גרם,"איי, בי, אינבוו",IL,אוכמניות כחולות מוקפ,גרמים,300.00,100 גרם,false,,19.90,6.6333,true,1,25448
7290000101934,false,מיקס פירות יער מוקפאות 300 ג' סנפרוסט,"סנפרוסט בע""\מ",IL,מיקס פירות יער 300 ג,גרמים,300.00,100 גרם,false,,19.90,6.6333,true,1,25449
7290000101941,false,אננס חתוך מוקפא סנפרוסט 300ג',"סנפרוסט בע""\מ",IL,אננס מוקפא 300 גרם,גרמים,300.00,100 גרם,false,,19.90,6.6333,true,1,205089
7290000103433,false,"לקט ירקות לתנור 800 גרם ""סנפרוסט""","איי, בי, אינבוו",IL,לקט ירקות לתנור 800,גרמים,800.00,100 גרם,false,,24.90,3.1125,true,1,25460
7290000103457,false,"מיני כרובית 600 גרם ""סנפרוסט""","סנפרוסט בע""\מ",IL,מיני כרובית 600 גרם,גרמים,600.00,100 גרם,false,,20.90,3.4833,true,1,25462
7290000103471,false,מיני ברוקולי סנפרוסט 600 גרם,"סנפרוסט בע""\מ",IL,סנפרוסט מיני ברוקולי,גרמים,600.00,100 גרם,false,,20.90,3.4833,true,1,25463
7290000103839,false,מרק כתום עשיר בירקות סנפרוסט 570 גרם,"סנפרוסט בע""\מ",IL,סנפרוסט מרק כתום קפו,גרמים,572.00,100 גרם,false,,20.90,3.6538,true,1,25485
7290000103846,false,מרק אפונה עשיר בירקות סנפרוסט 570 גרם,"סנפרוסט בע""\מ",IL,סנפרוסט מרק אפונה קפ,גרמים,570.00,100 גרם,false,,20.90,3.6667,true,1,25486
7290000103877,false,מרק שעועית עשיר בירקות סנפרוסט 640 גרם,"סנפרוסט בע""\מ",IL,סנפרוסט מרק שעועית ק,גרמים,644.00,100 גרם,false,,20.90,3.2453,true,1,25488
7290000104072,false,עדשים ירוקות מבושלות מוקפאות 800 ג' סנפרוסט,"איי, בי, אינבוו",IL,סנפרוסט עדשים ירוקות,גרמים,800.00,100 גרם,false,,21.90,2.7375,true,1,25491
7290000104188,false,סנפרוסט שעועית אדומה מבושלת 800 גרם,"סנפרוסט בע""\מ",IL,סנפרוסט שעועית אדומה,גרמים,800.00,100 גרם,false,,20.90,2.6125,true,1,25492
7290000104201,false,אפונה עדינה סנפרוסט 600 גרם,"איי, בי, אינבוו",IL,אפונה עדינה סנפרוסט,גרמים,600.00,100 גרם,false,,20.90,3.4833,true,1,25493
7290000104218,false,סנפרוסט במיה 600 גרם,"איי, בי, אינבוו",IL,סנפרוסט במיה 600גר,גרמים,600.00,100 גרם,false,,17.90,2.9833,true,1,25494
7290000104676,false,אפונה קפואה סנפרוסט 800 גרם,"איי, בי, אינבוו",IL,אפונת גינה סנפרוסט 8,גרמים,800.00,100 גרם,false,,20.90,2.6125,true,1,25497
7290000104683,false,שעועית ירוקה שלמה סנפרוסט 800 גרם,"סנפרוסט בע""\מ",IL,שעועית שלמה סנפרוסט,גרמים,800.00,100 גרם,false,,23.90,2.9875,true,1,25498
7290000104690,false,תירס גרעינים 800 גרם סנפרוסט,"איי, בי, אינבוו",IL,תירס גרעינים 800גר,גרמים,800.00,100 גרם,false,,19.90,2.4875,true,1,25499
7290000104706,false,גזר גמדי סנפרוסט 800 גרם,"סנפרוסט בע""\מ",IL,גזר גמדי 800 גרם,גרמים,800.00,100 גרם,false,,19.90,2.4875,true,1,25500
7290000104713,false,פול ירוק סנפרוסט 800 גרם,"איי, בי, אינבוו",IL,פול ירוק 800גר,גרמים,800.00,100 גרם,false,,26.90,3.3625,true,1,25501
7290000104720,false,שעועית ירוקה חתוכה סנפרוסט 800 גרם,"סנפרוסט בע""\מ",IL,שעועית ירוקה חתוכה ס,גרמים,800.00,100 גרם,false,,21.90,2.7375,true,1,25502
7290000104737,false,שעועית צהובה חתוכה סנפרוסט 800 גרם,"סנפרוסט בע""\מ",IL,שעועית צהובה חתוכה ס,גרמים,800.00,100 גרם,false,,21.90,2.7375,true,1,25503
7290000104744,false,כרובית סנפרוסט 800 גרם,"סנפרוסט בע""\מ",IL,כרובית 800גר,גרמים,800.00,100 גרם,false,,27.90,3.4875,true,1,25504
7290000104751,false,"כרוב ניצנים 800 גרם ""סנפרוסט""","איי, בי, אינבוו",IL,כרוב ניצנים 800גר,גרמים,800.00,100 גרם,false,,27.90,3.4875,true,1,25505
7290000104768,false,תרד עלים סנפרוסט 800 ג ',"איי, בי, אינבוו",IL,תרד עלים 800 גרם,גרמים,800.00,100 גרם,false,,28.90,3.6125,true,1,25506
7290000104775,false,תרד מדליונים סנפרוסט 800 גרם,"איי, בי, אינבוו",IL,תרד מדליונים 800גר,גרמים,800.00,100 גרם,false,,27.90,3.4875,true,1,25507
7290000104799,false,שעועית לבנה מבושלת סנפרוסט 800 גרם,"איי, בי, אינבוו",IL,שעועית לבנה מבושלת 8,גרמים,800.00,100 גרם,false,,21.90,2.7375,true,1,25508
7290000104805,false,גרגירי חומוס מבושלים סנפרוסט 800 גרם,"איי, בי, אינבוו",IL,גרגירי חומוס קפוא 80,גרמים,800.00,100 גרם,false,,21.90,2.7375,true,1,25509
7290000104836,false,שעועית ירוקה עדינה שלמה סנפרוסט 600 גרם,"סנפרוסט בע""\מ",IL,שעועית עדינה שלמה סנ,גרמים,600.00,100 גרם,false,,24.90,4.1500,true,1,25511
7290000104874,false,ירקות לקוסקוס של אמא סנפרוסט 800ג',"סנפרוסט בע""\מ",IL,לקט קוסקוס 800גר,גרמים,800.00,100 גרם,false,,24.90,3.1125,true,1,25513
7290000104881,false,לקט אפונה וגזר סנפרוסט 800 גרם,"איי, בי, אינבוו",IL,אפונה וגזר 800 גרם ס,גרמים,800.00,100 גרם,false,,18.90,2.3625,true,1,25514
7290000104904,false,לקט ירקות מעורבים סנפרוסט 800 גרם,"איי, בי, אינבוו",IL,לקט ירקות מעורבים 80,גרמים,800.00,100 גרם,false,,23.90,2.9875,true,1,25515
7290000104911,false,לקט נורמנדי סנפרוסט 800 גרם,"איי, בי, אינבוו",IL,לקט נורמנדי 800גר,גרמים,800.00,100 גרם,false,,23.90,2.9875,true,1,25516
7290000105183,false,צלי כתף מס' 5 חלק,,,צלי כתף מס' 5 חלק,קילוגרמים,1.00,"ק""ג",true,,99.90,99.9000,true,1,46794
7290000105190,false,פילה מדומה מחפוד קפו,,,פילה מדומה מחפוד קפו,קילוגרמים,1.00,"ק""ג",true,,63.90,63.9000,true,1,46795
7290000107165,false,חטיף סויה אדממה סנפרוסט 400 גרם,"איי, בי, אינבוו",IL,פולי סויה אדממה קפוא,גרמים,400.00,100 גרם,false,,15.90,3.9750,true,1,25523
7290000107189,false,תחתיות ארטישוק סנפרוסט 400 גרם,"איי, בי, אינבוו",IL,תחתיות ארטישוק 400גר,גרמים,400.00,100 גרם,false,,23.90,5.9750,true,1,25524
7290000107295,false,תפרחות ברוקולי סנפרוסט 800 גרם,"איי, בי, אינבוו",IL,תפרחות ברוקולי 800ג,גרמים,800.00,100 גרם,false,,28.90,3.6125,true,1,25525
7290000107615,false,ירקות ואננס להקפצה מנה אסייתית צבעונית ועשירה,"איי, בי, אינבוו",IL,סנפרוסט מנה אסייתי צ,גרמים,800.00,100 גרם,false,,26.90,3.3625,true,1,25527
7290000111117,false,מרכך כביסה לבן בדין 4 ליטר,יוניליור ישראל טיפוח איש,IL,בדין מרכך כביסה לבן,ליטרים,4.00,ליטר,false,,21.90,5.4750,true,1,10088
7290000111186,false,"מיונז אמיתי תלמה 500 גרם בד""צ",יוניליוור ישראל מזון בע\,IL,מיונז אמיתי תלמה 500,גרמים,500.00,100 גרם,false,,10.40,2.0800,true,1,10090
7290000111353,false,"מיונז אמיתי תלמה 1 ק""ג",יוניליוור ישראל מזון בע\,IL,"מיונז 1 ק""ג",קילוגרמים,1.00,"ק""ג",false,,17.90,17.9000,true,1,10092
7290000112220,false,טחינה גולמית שומשום טהור בארכה 500 גרם,"רושדי תעשיות מזון בע""\מ",IL,בארכה טחינה 100% שומ,גרמים,500.00,100 גרם,false,,15.90,3.1800,true,1,18627
7290000112237,false,"טחינה גולמית שומשום טהור בארכה 1 ק""ג","רושדי תעשיות מזון בע""\מ",IL,בארכה טחינה 100% שומ,קילוגרמים,1.00,"ק""ג",false,,31.00,31.0000,true,1,18628
7290000121017,false,שומרון גבינה מותכת 7% 120 גרם,שלושת האופים,IL,מון בלאן שומרון 7% 1,גרמים,120.00,100 גרם,false,,12.90,10.7500,true,1,16774
7290000121023,false,פסט.שלפעם יחיעם מעד.,,,פסט.שלפעם יחיעם מעד.,קילוגרמים,1.00,"ק""ג",true,,79.00,79.0000,true,1,15471
7290000121079,false,גבינה מותכת למריחה עם שום שמיר 9% מון בלאן 120 גרם,שלושת האופים,IL,מון בלאן שמיר 7% 120,גרמים,120.00,100 גרם,false,,12.90,10.7500,true,1,16777
7290000121093,false,גבינה מותכת לייט בטעם שוויצרי 7% מון בלאן 120 גר',האי נאם סי או אל.טי.,IL,מון בלאן שויצרית 7%,גרמים,120.00,100 גרם,false,,12.90,10.7500,true,1,16778
7290000121109,false,גבינה מותכת לייט עם זיתים 7% מון בלאן 120 גרם,האי נאם סי או אל.טי.,IL,מון בלאן זיתים 7% 12,גרמים,120.00,100 גרם,false,,12.90,10.7500,true,1,16779
7290000121147,false,גבינה מותכת לייט בטעם פיקנטי 7% מון בלאן 120 גרם,"שלושת האופים בע""מ",IL,מון בלאן פיקנטי 7% 1,גרמים,120.00,100 גרם,false,,12.90,10.7500,true,1,16780
7290000121154,false,גבינה מותכת לייט עם סלמון 7% מון בלאן 120 גרם,האי נאם סי או אל.טי.,IL,מון בלאן סלמון 7% 12,גרמים,120.00,100 גרם,false,,13.90,11.5833,true,1,16781
7290000122607,false,עמק לייט 9% חריץ כשר,,,עמק לייט 9% חריץ כשר,קילוגרמים,1.00,"ק""ג",true,,72.00,72.0000,true,1,25640
7290000123363,false,"צימקאו לציפוי ואפיה אפיכל 500 גרם בד""צ",אתר צפת ממרחים וצימא,IL,צמקאו לאכילה ציפוי ו,גרמים,500.00,100 גרם,false,,14.80,2.9600,true,1,10147
7290000125251,false,שמפו לכביסה עדינה בדין 2 ליטר,"זוהר דליה, קיבוץ דליה, 1",IL,בדין שמפו לכביסה עדי,ליטרים,2.00,ליטר,false,,26.90,13.4500,true,1,10150
7290000133070,false,קשקבל טורקי 22% שומר,,,קשקבל טורקי 22% שומר,קילוגרמים,1.00,"ק""ג",true,,119.00,119.0000,true,1,14742
7290000133094,false,בריזנה צאן מחלבת שומ,,,בריזנה צאן מחלבת שומ,קילוגרמים,1.00,"ק""ג",true,,90.00,90.0000,true,1,14744
7290000133148,false,צפתית רכה5% שומרון מ,,,צפתית רכה5% שומרון מ,קילוגרמים,1.00,"ק""ג",true,,55.00,55.0000,true,1,14747
7290000133193,false,בולג.קלאסית שומרון,,,בולג.קלאסית שומרון,קילוגרמים,1.00,"ק""ג",true,,59.00,59.0000,true,1,14748
7290000134147,false,טעם וריח מוסקט טחון מיכל 40גר,"תבליני טעם וריח בע""מ",IL,טעם וריח מוסקט טחון,גרמים,40.00,100 גרם,false,,14.90,37.2500,true,1,42343
7290000134314,false,פיצה תערובת תיבול 120 גרם מיכל גדול,"תבליני טעם וריח בע""מ",IL,תערובת תיבול לפיצה ט,גרמים,120.00,100 גרם,false,,11.80,9.8333,true,1,42345
7290000134338,false,אבקת שום בקופ' 90 גר' טעם וריח,"תבליני טעם וריח בע""מ",IL,תבלין אבקת שום טעם ו,גרמים,90.00,100 גרם,false,,12.30,13.6667,true,1,42346
7290000134352,false,קינמון טחון בקופ' 90 גר' טעם וריח,"תבליני טעם וריח בע""מ",IL,טעם וריח קימנון טחון,גרמים,80.00,100 גרם,false,,11.80,14.7500,true,1,42347
7290000134376,false,פפריקה בשמן בקופ' 90 גר' טעם וריח,"תבליני טעם וריח בע""מ",IL,טעם וריח פפריקה בשמן,גרמים,90.00,100 גרם,false,,11.80,13.1111,true,1,42348
7290000134673,false,זנגויל טחון מיכל 30 גרם,"תבליני טעם וריח בע""מ",IL,תבלין זנגביל טעם ורי,גרמים,30.00,100 גרם,false,,7.40,24.6667,true,1,42354
7290000134680,false,קימל שלם 40 גר' טעם וריח,תות ממתקי איכות,IL,תבלין קמיל שלם טעם ו,גרמים,40.00,100 גרם,false,,7.40,18.5000,true,1,42355
7290000134826,false,זעתר מעורב בקופ' 100 גר' טעם וריח,"תבליני טעם וריח בע""מ",IL,תבלין זעתר טעם וריח,גרמים,100.00,100 גרם,false,,12.30,12.3000,true,1,42358
7290000134833,false,כמון טחון בקופ' 100 גר' טעם וריח,"תבליני טעם וריח בע""מ",IL,טעם וריח ת.כמון במיכ,גרמים,100.00,100 גרם,false,,11.80,11.8000,true,1,42359
7290000134840,false,כורכום טחון בקופ' 100 גר' טעם וריח,"תבליני טעם וריח בע""מ",IL,טעם וריח ת.כורכום במ,גרמים,100.00,100 גרם,false,,10.80,10.8000,true,1,42360
7290000134857,false,פפריקה מתוקה בקופ' 100 גר' טעם וריח,"תבליני טעם וריח בע""מ",IL,טעם וריח ת.פפריקה מת,גרמים,100.00,100 גרם,false,,11.80,11.8000,true,1,42361
7290000134864,false,פפריקה חריפה בקופ' 100 גר' טעם וריח,"תבליני טעם וריח בע""\מ",IL,תבלין פפריקה חריפה ט,גרמים,100.00,100 גרם,false,,11.80,11.8000,true,1,42362
7290000134871,false,פלפל שחור טחון בקופ' 100 גר' טעם וריח,"תבליני טעם וריח בע""מ",IL,טעם וריח ת. פלפל שחו,גרמים,100.00,100 גרם,false,,16.90,16.9000,true,1,42363
7290000134970,false,חוואיג' בקופ' 100 גר' טעם וריח,"תבליני טעם וריח בע""מ",IL,תבלין חוואייג טעם ור,גרמים,100.00,100 גרם,false,,10.80,10.8000,true,1,42364
7290000134987,false,פלפל שחור גרוס בקופ' 90 גר' טעם וריח,"תבליני טעם וריח בע""מ",IL,טעם וריח פלפל שחור ג,גרמים,90.00,100 גרם,false,,16.90,18.7778,true,1,42365
7290000135052,false,"XL TEN משקה אנרגיה מנגו ללא סוכר 250 מ""ל","טמפו משקאות בע""\מ",IL,אקס אל TEN פחית מנגו,מיליליטרים,250.00,"100 מ""ל",false,,4.90,1.9600,true,1,9347
7290000135311,false,פפסי קולה ליים 1.5 ללא סוכר,"טמפו משקאות בע""\מ",IL,פפסי מקס ליים 1.5 ל',ליטרים,1.50,ליטר,false,,8.50,5.6667,true,1,75478
7290000135342,false,"מי סודה טמפו בקבוק 500 מ""ל","טמפו משקאות בע""\מ",IL,"סודה טמפו 500 מ""ל בק",מיליליטרים,500.00,"100 מ""ל",false,,3.90,0.7800,true,1,155196
7290000135465,false,"מי סודה 500 מ""ל - מארז 12 בקבוקים","טמפו משקאות בע""\מ",IL,מארז תריסר סודה טמפו,ליטרים,6.00,100 ליטר,false,,30.90,515.0000,true,1,152092
7290000135595,false,פפסי מקס בטעם דובדבן 1.5 ללא סוכר,"טמפו משקאות בע""\מ",IL,פפסי מקס בטעם דובדבן,ליטרים,1.50,ליטר,false,,8.50,5.6667,true,1,138322
7290000135625,false,"רביעיית פחיות בירה גולדסטאר 500 מ""ל","טמפו משקות בע""\מ",IL,גולדסטאר פחיות 4*500,ליטרים,2.00,ליטר,false,,29.90,14.9500,true,1,151828
7290000136165,false,משקה מירינדה 1.5ליטר,"טמפו משקאות בע""\מ",IL,מירינדה 1.5 ליטר,ליטרים,1.50,ליטר,false,,8.50,5.6667,true,1,194209
7290000136257,false,פאנק טוניק גזוז בטעם פירות,"טמפו משקאות בע""\מ",IL,טמפו פאנק טוניק 1.5,ליטרים,1.50,ליטר,false,,11.00,7.3333,true,1,193972
7290000136264,false,מי טוניק גזוז 1.5 ל' טמפו,"טמפו משקאות בע""\מ",IL,טמפו מי טוניק 1.5 ל,ליטרים,1.50,ליטר,false,,11.00,7.3333,true,1,193942
7290000136455,false,משקה בטעם אשכוליות תריסר 1.5 ל' ג'אמפ,"טמפו משקאות בע""\ם.",IL,ג`אמפ אשכול 1.5 ליטר,ליטרים,1.50,ליטר,false,,7.90,5.2667,true,1,194002
7290000136486,false,משקה בטעם אשכוליות דיאט תריסר 1.5 ל' ג'אמפ,"טמפו משקאות בע""\ם.",IL,ג`אמפ דיאט אשכוליות,ליטרים,1.50,ליטר,false,,7.90,5.2667,true,1,194018
7290000136516,false,משקה בטעם מנגו פסיפלורה תריסר 1.5 ל' ג'אמפ,טמפו משקאות בעמ,IL,ג`אמפ פסיפלורה 1.5 ל,ליטרים,1.50,ליטר,false,,7.90,5.2667,true,1,193987
7290000136523,false,משקה בטעם ענבים תריסר 1.5 ל' ג'אמפ,"טמפו משקאות בע""\ם.",IL,ג`אמפ ענבים 1.5 ליטר,ליטרים,1.50,ליטר,false,,7.90,5.2667,true,1,194003
7290000136561,false,משקה בטעם תות בננה תריסר 1.5 ל' ג'אמפ,"טמפו משקאות בע""\מ",IL,ג`אמפ תות בננה 1.5 ל,ליטרים,1.50,ליטר,false,,7.90,5.2667,true,1,194019
7290000136585,false,משקה בטעם תפוזים תריסר 1.5 ל' ג'אמפ,"טמפו משקאות בע""\ם.",IL,ג`אמפ תפוז 1.5 ליטר,ליטרים,1.50,ליטר,false,,7.90,5.2667,true,1,194004
7290000136646,false,בירה נשר מאלט ללא אלכוהול 1.5 ליטר,"טמפו משקאות בע""\מ",IL,נשר מאלט 1.5 ליטר,ליטרים,1.50,ליטר,false,,9.50,6.3333,true,1,193871
7290000136653,false,דיאט נשר מאלט ללא אלכוהול 1.5 ליטר,"טמפו משקאות בע""\מ",IL,נשר מאלט דיאט 1.5 לי,ליטרים,1.50,ליטר,false,,9.50,6.3333,true,1,193886
7290000136660,false,סודה טמפו ליטר וחצי,טמפו,IL,טמפו סודה 1.5 ליטר,ליטרים,1.50,ליטר,false,,4.50,3.0000,true,1,194123
7290000136677,false,פפסי קולה פיקדון 1.5 ליטר,טמפו,IL,פפסי קולה 1.5 ליטר,ליטרים,1.50,ליטר,false,,8.50,5.6667,true,1,194255
7290000136684,false,פפסי מקס משקה מוגז דל קלוריות בטעם קולה,טמפו,IL,פפסי מקס 1.5 ליטר,ליטרים,1.50,ליטר,false,,8.50,5.6667,true,1,194298
7290000136691,false,מארז שישייה סבן אפ 1.5 ל',סבן אפ 7up,IL,סבן אפ 6*1.5 ליטר,ליטרים,9.00,ליטר,false,,42.90,4.7667,true,1,194225
7290000136752,false,סבן אפ דיאט מארז שישייה 1.5 ל' FREE,"טמפו משקאות בע""\מ",IL,סבן אפ דיאט 6*1.5 לי,ליטרים,9.00,ליטר,false,,38.90,4.3222,true,1,194194
7290000136769,false,מארז שישיה בטעם קולה 1.5 ל' פפסי,"טמפו משקאות בע""\מ",IL,פפסי קולה 6*1.5 ליטר,ליטרים,9.00,ליטר,false,,42.90,4.7667,true,1,194256
7290000136776,false,שישיית פפסי מקס דל קלוריות 1.5 ליטר,פפסי Pepsi,IL,פפסי מקס 6*1.5 ליטר,ליטרים,9.00,ליטר,false,,38.90,4.3222,true,1,194283
7290000136790,false,שישיית מי סודה טמפו 1.5 ליטר,"טמפו משקאות בע""\מ",IL,טמפו סודה 6*1.5 ליטר,ליטרים,9.00,ליטר,false,,19.60,2.1778,true,1,194033
7290000136837,false,רביעיית מי סודה נגיעות אפרסק טמפו 1.5 ליטר,טמפו משקאות בע''מn\,IL,טמפו סודה אפרסק 1.5,ליטרים,6.00,ליטר,false,,13.50,2.2500,true,1,194164
7290000136844,false,מארז מים מזוככים אקווה נובה שישיית 2 ליטר,"טמפו משקאות בע""\מ",IL,אקווה נובה 6*2 ליטר,ליטרים,12.00,ליטר,false,,12.90,1.0750,true,1,193927
7290000136851,false,סבן אפ פיקדון 1.5 ליטר,טמפו,IL,סבן אפ 1.5 ליטר,ליטרים,1.50,ליטר,false,,8.50,5.6667,true,1,194240
7290000136868,false,סאן בנדטו - מים מינרלים - מארז שישיית 1.5 ליטר,אקווה מינרלה סאן בנדטו ב,IT,מים סאן בנדטו 6* 1.5,ליטרים,9.00,ליטר,false,,19.70,2.1889,true,1,193943
7290000136875,false,שישיית מים מינרליים מוגזים סן בנדטו 1.5 ליטר,סאן בנדטו San Benedetto,IT,סאן בנדטו מים מינרלי,ליטרים,9.00,ליטר,false,,20.90,2.3222,true,1,194034
7290000136912,false,סודה טמפו פירות יער 1.5 ליטר-,,IL,טמפו סודה פירות יער,ליטרים,1.50,ליטר,false,,5.20,3.4667,true,1,194165
7290000136936,false,סבן אפ דיאט בקבוק 1.,טמפו,IL,סבן אפ דיאט 1.5 ליטר,ליטרים,1.50,ליטר,false,,8.10,5.4000,true,1,194195
7290000144160,false,"שמן זית כתית מעולה ארומתי עץ הזית 750 מ""ל","מרקאולאו, ספרד.אבסה,",IT,שמן זית כתית מעולה א,מיליליטרים,750.00,"100 מ""ל",false,,35.90,4.7867,true,1,29322
7290000144467,false,שמן חמניות מועשר בנוגדי חמצון 1 ל' עץ הזית,"נארז ע""י : א.ג. גילר",GR,שמן חמניות בריאות מה,ליטרים,1.00,ליטר,false,,17.90,17.9000,true,1,29325
7290000144474,false,שמן עץ הזית קנולה 1 ליטר בריאות מהטבע,שמן תעשיות בעמ,EE,שמן קנולה בריאות עץ,ליטרים,1.00,ליטר,false,,17.90,17.9000,true,1,29326
7290000148380,false,פיסטוקים קלויים קליית גת 200 גרם,"ג'י אנד ג'י בע""מ",IL,פיסטוק קלוי 200 גרם,גרמים,200.00,100 גרם,false,,21.90,10.9500,true,1,12728
7290000148618,false,קשיו מטוגן שקית קליית גת 200 גרם,"ג'י אנד ג'י בע""מ",IL,אגוז קשיו מטוגן 200,גרמים,200.00,100 גרם,false,,20.90,10.4500,true,1,12730
7290000148748,false,קליית גת גרעיני חמניה קלויים ומומלחים200,"ג'י אנד ג'י בע""מ",IL,גרעיני חמניה 200 גרם,גרמים,200.00,100 גרם,false,,6.90,3.4500,true,1,12731
7290000148939,false,שקדים קלויים קלית גת 200 ג',"ג'י אנד ג'י בע""מ",IL,שקדים קלויים 200 גרם,גרמים,200.00,100 גרם,false,,20.90,10.4500,true,1,12732
7290000149615,false,רביעיית סבון מוצק קלאסי לתינוק נקה 7 4*100 גרם,גליל כימיקלים בעממשו,IL,אלסבון מוצק לתינוק נ,גרמים,400.00,100 גרם,false,,12.90,3.2250,true,1,29660
7290000149851,false,סבון לניקוי והסרת כתמים סינטבון 460 גרם,יבואן ומשווק: ש. שסט,IL,סינטבון כפול 460גר,גרמים,460.00,100 גרם,false,,11.90,2.5870,true,1,29663
7290000149905,false,טקסטיל נוזל לכביסה עדינה נקה 1 ליטר,מיוצר עי קונדיטוריית,IL,טקסטיל שמפו-1 ליטר נ,ליטרים,1.00,ליטר,false,,15.90,15.9000,true,1,29664
7290000149943,false,"טקסטיל אבקת כביסה ביד נקה 1 ק""ג",קריות זול,IL,טקסטיל שמפו-שקית 1 ק,קילוגרמים,1.00,"ק""ג",false,,15.90,15.9000,true,1,29665
7290000150352,false,פסטרמה איטלקית במשקל,עיצובים 2020 (4.9),IL,פסט.איטלקית ע.ט.,קילוגרמים,1.00,"ק""ג",true,,85.00,85.0000,true,1,19581
7290000150369,false,פסטרמה מקסיקנית צ'לי-משק,עיצובים 2020 (4.9),IL,מכסיקנית עוףטוב,קילוגרמים,1.00,"ק""ג",true,,85.00,85.0000,true,1,19582
7290000150642,false,כתף בקר מעושן עוף טו,עיצובים 2020 (4.9),IL,כתף בקר מעושן עוף טו,קילוגרמים,1.00,"ק""ג",true,,99.00,99.0000,true,1,19586
7290000151106,false,פסטרמה אמריקאית במשקל,עיצובים 2020 (4.9),IL,אמריקאית ע.טוב,קילוגרמים,1.00,"ק""ג",true,,85.00,85.0000,true,1,19590
7290000152608,false,נקניק תה ענק עוף טוב,קריות זול,IL,תה עוף טוב,קילוגרמים,1.00,"ק""ג",true,,49.00,49.0000,true,1,19596
7290000152943,false,מארז פסטרמה כפרית וסלמי כפרי עוף טוב 2*350 גרם,מוצרי עוף טוב (2001) בע\,IL,עוף טוב סלמי פסטרמה,גרמים,700.00,100 גרם,false,,30.90,4.4143,true,1,19656
7290000153445,false,קציצות בקר מתובלות 100% רכיבים טבעיים,מולינו ניקולי s.p.a,IL,עוף טוב קציצות בקר מ,גרמים,500.00,100 גרם,false,,30.90,6.1800,true,1,19660
7290000153469,false,קציצות עוף קלאסיות 100% רכיבים טבעיים,"מוצרי עוף טוב (2001) בע""",IL,עוף טוב קציצות עוף ק,גרמים,600.00,100 גרם,false,,30.90,5.1500,true,1,19661
7290000155524,false,פסטרמה פולנית עוף טו,עיצובים 2020 (4.9),IL,פולנית עוף טוב,קילוגרמים,1.00,"ק""ג",true,,85.00,85.0000,true,1,19598
7290000158105,false,שניצל עוף מיני דינוזאור ללא אנטיביוטיקה מ100% ר.טבעי,"מוצרי עוף טוב (2001) בע""",IL,עוף טוב שניצל עוף מי,גרמים,700.00,100 גרם,false,,37.90,5.4143,true,1,19675
7290000174723,false,שוקולית אבקה להכנת משקה שוקו 500 גרם,הנסיך- מפעל לייצור ט,IL,שוקולית 500 גרם,גרמים,500.00,100 גרם,false,,14.90,2.9800,true,1,22161
7290000175760,false,מנציגו כבשים ויליפו,,,מנציגו כבשים ויליפו,קילוגרמים,1.00,"ק""ג",true,,114.00,114.0000,true,1,2763
7290000175777,false,איבריקו ויליפוד31%,,,איבריקו ויליפוד31%,קילוגרמים,1.00,"ק""ג",true,,111.00,111.0000,true,1,2764
7290000175906,false,גאודה עיזים ויליפוד,,,גאודה עיזים ויליפוד,קילוגרמים,1.00,"ק""ג",true,,131.00,131.0000,true,1,2765
7290000176079,false,קפה עלית טורקי עם הל 100 גרם,הנסיך- מפעל לייצור ט,IL,טורקי עלית קפה עם הל,גרמים,100.00,100 גרם,false,,10.50,10.5000,true,1,22164
7290000176413,false,קפה נמס אבקתי 50 ג' עלית,הנסיך- מפעל לייצור ט,IL,עלית נמס 50 גר',גרמים,50.00,100 גרם,false,,10.90,21.8000,true,1,22169
7290000176420,false,קפה נמס פחית עלית 200 גרם,שטראוס קפה בי.וי,IL,קפה נמס עלית פחית 20,גרמים,200.00,100 גרם,false,,22.90,11.4500,true,1,22170
7290000176468,false,קפה נמס נטול קפאין 50 ג' קפה האג,"איי, בי, אינבוו",IL,האג קפה נטול קפאין 5,גרמים,50.00,100 גרם,false,,10.90,21.8000,true,1,22171
7290000178707,false,תפוצ'יפס בטעם טבעי 50 גרם,"שטראוס פריטו ליי בע""\מ )",IL,תפוציפס טבעי 50 גרם,גרמים,50.00,100 גרם,false,,4.30,8.6000,true,1,24141
7290000178721,false,תפוצ'יפס בטעם טבעי 200 גרם,"שטראוס פריטו ליי בע""\מ )",IL,תפוציפס טבעי 200 גרם,גרמים,200.00,100 גרם,false,,10.90,5.4500,true,1,24143
7290000185330,false,סילאן טבעי תמר כנרת 900 גר,טעמי הגליל,IL,סילאן טבעי תמר כנרת,גרמים,900.00,100 גרם,false,,23.90,2.6556,true,1,96352
7290000185590,false,סילאן טבעי בבקבוק לחיץ 650 גרם,"טעמי הגליל בע""\מ עבור וי",IL,סילאן 100% תמרים טבע,גרמים,635.00,100 גרם,false,,19.90,3.1339,true,1,308685
7290000186535,false,נייר טואלט תלת שכבתי לבן לילי 32 יחידות,לילי נייר טואלט חוגלה,IL,לילי נייר טואלט טריו,מטרים,537.00,מטר,false,,44.90,0.0836,true,1,8829
7290000186931,false,ניקול כריות קרצוף חתוכות 12 יח',ניקול,US,ניקול כריות קרצוף חת,יחידה,0.00,יחידה,false,,11.90,0.0000,true,1,8833
7290000187860,false,מגבוני טואלט לחים לילי דיספנסר 40יח',עלבד משואות יצחק בעמ,IL,לילי נייר טואלט לח ד,יחידה,0.00,יחידה,false,,8.90,0.0000,true,1,8841
7290000187921,false,נייר טואלט דו שכבתי לבן לילי 32 יחידות,לילי נייר טואלט חוגלה,IL,"נייר טואלט ""לילי"" לב",מטרים,588.00,מטר,false,,42.90,0.0730,true,1,8844
7290000187938,false,לילי - נייר טואולט נייר טואלט פסטל 32 יח',לילי נייר טואלט חוגלה,IL,"נייר טואלט ""לילי"" פס",מטרים,588.00,מטר,false,,39.90,0.0679,true,1,8845
7290000187952,false,נייר טואלט תלת שכבתי ורוד לילי 32 יחידות,לילי נייר טואלט חוגלה,IL,נייר טאולט לילי טריו,מטרים,537.00,מטר,false,,44.90,0.0836,true,1,8846
7290000188270,false,ממחטות אף אולטרה סופט קלינקס 2*80 יחידות,חוגלה קימברלי,IL,קליניקס ממחטות אף או,יחידה,0.00,יחידה,false,,19.90,0.0000,true,1,8851
7290000188355,false,מגבות מטבח ניקול לבנה שישייה,קימברלי-קלארק,IL,מגבות מטבח ניקול לבנ,מטרים,64.80,מטר,false,,12.90,0.1991,true,1,8852
7290000189192,false,סופר מטלית מטליות נייר רב פעמיות ניקול 64 יחידות,קימברלי קלארק,IL,ניקול מטלית חכמה יומ,יח',64.00,יח',false,,19.90,0.3109,true,1,8866
7290000189215,false,מטלית הקסם לרצפה ניקול,חוגלה קימברלי,CN,מטלית קסם לרצפה,יחידה,0.00,יחידה,false,,14.90,0.0000,true,1,8868
7290000189260,false,תבניות מלבניות עבות וחזקות ניקול 5 יחידות,ניקול,CN,ניקול תבניות מלבניות,יחידה,0.00,יחידה,false,,13.90,0.0000,true,1,8871
7290000189482,false,תבניות אפיה מרובעות מקרטון ניקול 4 יחידות,"דוקארט בעמ, קיבוץ כפ",IL,ניקול תבנית אפייה מק,יחידה,0.00,יחידה,false,,10.90,0.0000,true,1,8875
7290000189550,false,"שקיות אשפה ענקיות עם שרוך 78 * 90 ס""מ ניקול 2 * 10 יחידות",חוגלה קימברלי,IL,אשפתון זוג ענק 20,יחידה,0.00,יחידה,false,,26.90,0.0000,true,1,8879
7290000189598,false,מטליות לחות חד פעמיות לניקוי כללי 50 יח' ניקול,עלבד משואות יצחק בעמ,IL,מטליות לחות חד פעמיו,יחידה,0.00,יחידה,false,,13.90,0.0000,true,1,8880
7290000189659,false,מטליות לחות לרצפה ניקול 10 יחידות,עלבד משואות יצחק בעמ,IL,ניקול מטליות לחות לר,יחידה,0.00,יחידה,false,,18.90,0.0000,true,1,8882
7290000189871,false,"שקיות אשפה עם שרוך 52 * 65 ס""מ ניקול 55 שקיות","אשפלסט תעשיות בע""מ",IL,אשפתון 55 שקיות,יחידה,0.00,יחידה,false,,24.90,0.0000,true,1,8889
7290000190068,false,מפיות נייר ניקול 100 יחידות,חוגלה קימברלי,IL,מפיות לבן ניקול 100,יחידה,0.00,יחידה,false,,10.00,0.0000,true,1,8891
7290000191225,false,חיתולים ליטל בייביז מידה 2 האגיס 46 יחידות,קימברלי קלארק שיווק,IL,האגיס רך נולד מידה 2,יחידה,0.00,יחידה,false,,41.90,0.0000,true,1,8907
7290000191469,false,לחם אחיד 750 גרם,מאפיות ברמן,,לחם אחיד 750 גרם,גרמים,750.00,100 גרם,false,,5.12,0.6827,true,1,205132
7290000191652,false,שלישיית ממחטות אולטרה סופט קלינקס 90 יחידות,חוגלה קימברלי,IL,קלינקס קלאסיק ניילון,יחידה,0.00,יחידה,false,,12.90,0.0000,true,1,8915
7290000193014,false,מגן תחתון פדיות אינטרלוד לילי 50 יחידות,חוגלה קימברלי,CZ,מגן תחתון אינטרלוד ל,יחידה,0.00,יחידה,false,,12.90,0.0000,true,1,8921
7290000193083,false,נובה-לי תחבושות היגייניות לילי 28 יחידות,חוגלה קימברלי,CZ,תחבושות נובה לי לילי,יחידה,0.00,יחידה,false,,11.90,0.0000,true,1,8923
7290000193205,false,תחבושות עם כנפיים ללילה נטורל לילי 20 יחידות,חוגלה קימברלי,BE,תחבושות אולטרה לילה,יחידה,0.00,יחידה,false,,18.90,0.0000,true,1,8926
7290000193472,false,מגן תחתון נטורל נורמל לילי 60 יחידות,חוגלה קימברלי,ES,מגן תחתון נטורל נורמ,יחידה,0.00,יחידה,false,,18.90,0.0000,true,1,8928
7290000193649,false,תחבושות עם כנפיים נורמל פלוס לילי 24 יחידות,חוגלה קימברלי,ES,תחבושות נטורל אולטרה,יחידה,0.00,יחידה,false,,18.90,0.0000,true,1,8932
7290000193656,false,תחבושות עם כנפיים סופר פלוס לילי 24 יחידות,חוגלה קימברלי,ES,תחבושות נטורל אולטרה,יחידה,0.00,יחידה,false,,18.90,0.0000,true,1,8933
7290000193793,false,לילי תחבושות אינטימי נורמל אולט' 24 יח',חוגלה קימברלי,ES,תחבושות נטורל אולטרה,יחידה,0.00,יחידה,false,,18.90,0.0000,true,1,8938
7290000194178,false,עוף מס' 1 קפוא מחפוד,,,עוף מס' 1 קפוא מחפוד,קילוגרמים,1.00,"ק""ג",true,,27.90,27.9000,true,1,46818
7290000194208,false,כרעיים עוף חלק רב מח,,,כרעיים עוף חלק רב מח,קילוגרמים,1.00,"ק""ג",true,,34.90,34.9000,true,1,46820
7290000194239,false,מחפוד-חזה עוף קפוא מ,,,מחפוד-חזה עוף קפוא מ,קילוגרמים,1.00,"ק""ג",true,,34.90,34.9000,true,1,46821
7290000194253,false,כנפיים עוף קפוא ארוז,,,כנפיים עוף קפוא ארוז,קילוגרמים,1.00,"ק""ג",true,,14.90,14.9000,true,1,46822
7290000194260,false,מחפוד-שוקיים עוף קפו,,,מחפוד-שוקיים עוף קפו,קילוגרמים,1.00,"ק""ג",true,,36.90,36.9000,true,1,46823
7290000194345,false,שניצל עוף ארוז מחפוד,,,שניצל עוף ארוז מחפוד,קילוגרמים,1.00,"ק""ג",true,,36.90,36.9000,true,1,46828
7290000194837,false,ניקול - שקיות מזון + ידיות קשירה אקסטרה לארג' 200 יח',ניקול,CN,ניקול שקיות מזון עם,יחידה,0.00,יחידה,false,,13.90,0.0000,true,1,8945
7290000195216,false,נייר אפייה בשקית ניקול 50 יחידות,ניקול,IL,ניקול נייר אפייה בשק,יחידה,0.00,יחידה,false,,12.90,0.0000,true,1,8952
7290000195537,false,מגבונים לחים לעור רגיש ללא בישום האגיס 4*64 יחידות,חוגלה קימברלי,IL,מגבוני האגיס דיילי ק,יחידה,0.00,יחידה,false,,20.90,0.0000,true,1,8958
7290000195773,false,האגיס - מגבוני האגיס סנסטיב קר לא מבושם 64 יח' * 4,חוגלה קימברלי,IL,מגבוני האגיס סנסטיב,יחידה,0.00,יחידה,false,,20.90,0.0000,true,1,8962
7290000196763,false,"שקיות אשפה חזקות במיוחד עם שרוך 52 * 65 ס""מ ניקול 40 יחידות","אשפלסט תעשיות בע""מ",IL,ניקול השקית החזקה,יחידה,0.00,יחידה,false,,27.90,0.0000,true,1,8968
7290000197029,false,שקיות ריצ'רץ' רב תכליתיות ניקול 12 יחידות,קריות זול,IL,ניקול שקיות ניילון ר,יחידה,0.00,יחידה,false,,17.90,0.0000,true,1,8972
7290000197081,false,ניקול ניילון נצמד 150 מטר+מתקן לחיתוך קל,חוגלה קימברלי,IL,ניילונית נצמד ניקול,מטרים,150.00,מטר,false,,30.90,0.2060,true,1,8973
7290000197326,false,רדיד אלומניום ניקול זוגי 30X7.5מ',חוגלה קימברלי,IL,ניקול רדיד אלומיניום,מטרים,15.00,מטר,false,,13.90,0.9267,true,1,8982
7290000197463,false,חיתולים פרידום דריי שלב +4 האגיס 40 יחידות,קימברלי קלארק ישראל,IL,האגיס פרידום דריי של,יחידה,0.00,יחידה,false,,45.90,0.0000,true,1,8989
7290000197470,false,שקיות רב שימושיות מתכלות ניקול 250 יחידות,"אשפלסט תעשיות בע""מ",IL,"ניקול שקיות רב""ש 250",יחידה,0.00,יחידה,false,,15.90,0.0000,true,1,8990
7290000197548,false,חיתולים פרידום דריי שלב 5 האגיס 36 יחידות,קימברלי קלארק ישראל,IL,האגיס פרידום דריי של,יחידה,0.00,יחידה,false,,45.90,0.0000,true,1,8993
7290000197654,false,שקיות אשפה ענקיות נשלפות 75*90 ניקול 50 יחידות,"אשפלסט תעשיות בע""מ",IL,אשפתון שקיות אשפה ענ,יחידה,0.00,יחידה,false,,22.90,0.0000,true,1,8994
7290000197678,false,חיתולי האגיס פרידום דריי שלב 6 30 יחידות,קימברלי קלארק ישראל,IL,האגיס פרידום דריי ש,יחידה,0.00,יחידה,false,,45.90,0.0000,true,1,8995
7290000197753,false,ניילון נצמד אנטי בטקריאלי ניקול 30X2מ',חוגלה קימברלי,CN,ניקול ניילונית זוג,מטרים,60.00,מטר,false,,12.90,0.2150,true,1,8997
7290000197876,false,תבניות אלומיניום קטנות עם מכסה ניקול 4 יחידות,חוגלה קימברלי,CN,ניקול תבנית אלומיניו,יחידה,0.00,יחידה,false,,10.90,0.0000,true,1,8999
7290000197883,false,תבנית אלומיניום 100 גדולה ניקול 4 יחידות,חוגלה קימברלי,CN,ניקול תבניות אלומיני,יחידה,0.00,יחידה,false,,10.90,0.0000,true,1,9000
7290000197951,false,תבניות אלומיניום ענקיות ניקול 3 יחידות,חוגלה קימברלי,CN,ניקול תבנית אלומיניו,יחידה,0.00,יחידה,false,,10.90,0.0000,true,1,9001
7290000197982,false,"רדיד אלומיניום עבה 45 ס""מ רוחב ניקול 2 יח' 7.5 מטר",ניקול,IL,ניקול רדיד אלומיניום,מטרים,15.00,מטר,false,,28.90,1.9267,true,1,9002
7290000197999,false,רדיד אלומיניום עבה ניקול זוגי 30X7.5מ',קריות זול,IL,ניקול רדיד אלומיניום,מטרים,15.00,מטר,false,,18.90,1.2600,true,1,9003
7290000198031,false,פסטרמה פרגיות ללחמני,,,פסטרמה פרגיות ללחמני,קילוגרמים,1.00,"ק""ג",true,,89.00,89.0000,true,1,113085
7290000201832,false,טיטולים פרימיום שלב 3 50 יחידות,חוגלה קימברלי,IL,טיטולים פרימיום שלב,יחידה,0.00,יחידה,false,,32.90,0.0000,true,1,9013
7290000201849,false,טיטולים פרימיום שלב 4 42 יח' (8-14),חוגלה קימברלי,IL,טיטולים פרימיום שלב,יחידה,0.00,יחידה,false,,32.90,0.0000,true,1,9014
7290000201856,false,טיטולים פרימיום שלב4+ 38 יחידות .,חוגלה קימברלי,IL,טיטולים פרימיום שלב,יחידה,0.00,יחידה,false,,32.90,0.0000,true,1,9015
7290000201863,false,טיטולים פרימיום שלב 5 34 יחידות,חוגלה קימברלי,IL,טיטולים פרימיום שלב,יחידה,0.00,יחידה,false,,32.90,0.0000,true,1,9016
7290000201870,false,טיטולים פרימיום שלב 6 30 יחידות,חוגלה קימברלי,IL,טיטולים פרימיום שלב,יחידה,0.00,יחידה,false,,32.90,0.0000,true,1,9017
7290000201979,false,האגיס מגבונים ללא בישום רביעייה מהדורה,חוגלה קימברלי,IL,מגבוני האגיס מהדורה,יח',288.00,יח',false,,20.90,0.0726,true,1,9018
7290000204086,false,ניקול כרית קרצוף מארז שלישייה,חוגלה קימברלי,US,ניקול כרית קרצוף,יחידה,0.00,יחידה,false,,11.90,0.0000,true,1,9034
7290000204215,false,שישיית כרית יפנית ניקול 6 יחידות,פלסטו פוליש (ברקן),IL,ניקול כריות יפניות 6,יחידה,0.00,יחידה,false,,13.90,0.0000,true,1,9036
7290000204253,false,מטליות רב שימושיות לניקיון ניקול 9 יחידות,נועם אורים-קיבוץ אור,IL,מטלית רב שימושית תשע,יחידה,0.00,יחידה,false,,12.90,0.0000,true,1,9038
7290000204512,false,מטליות לחות לניקוי רצפה בריח לימון ניקול 10 יחידות,עלבד משואות יצחק בעמ,IL,מטליות לחות לרצפה בר,יחידה,0.00,יחידה,false,,18.90,0.0000,true,1,9040
7290000204611,false,שישיית ספוגית הקסם ניקול 6 יחידות,חוגלה קימברלי,US,ניקול ספוגית הקסם*6,יחידה,0.00,יחידה,false,,13.90,0.0000,true,1,9041
7290000205526,false,פיסגה נוזל ריחני לשטיפת רצפות סנו 2 ליטר,"סנו מפעלי ברונוס בע""",IL,פיסגה שטיפת רצפות 2,ליטרים,2.00,ליטר,false,,13.90,6.9500,true,1,29667
7290000205915,false,חיתולי האגיס אקסטרה קייר מידה 4 40 יחידות,חוגלה קימברלי,IL,האגיס אקסטרה קייר מי,יחידה,0.00,יחידה,false,,57.90,0.0000,true,1,9043
7290000207063,false,רוטב עגבניות פריכוז 28% 260 ג' יכין,היינץ צפון אמריקה מק,IL,רוטב עגבניות פריכוז,גרמים,240.00,100 גרם,false,,4.90,2.0417,true,1,8610
7290000207162,false,רוטב עגבניות מרכיב טבעי 100 ג' יכין,"זנלכל בע""\מ",IL,רוטב עגבניות 100 גרם,גרמים,100.00,100 גרם,false,,2.50,2.5000,true,1,8613
7290000207438,false,עגבניות 2.5 A קוביות 850 גרם יכין,"זנלכל בע""\מ",IL,עגבניות לקוביות יכין,גרמים,800.00,100 גרם,false,,10.90,1.3625,true,1,8614
7290000208022,false,עגבניות 2.5 A מרוסקות 850 גרם יכין,"זנלכל בע""\מ",IL,עגבניות מרוסקות יכין,גרמים,800.00,100 גרם,false,,10.90,1.3625,true,1,8617
7290000208077,false,אפונת גינה רגילה 550 גרם יכין,"זנלכל בע""\מ",IL,אפונת גינה גדולה L י,גרמים,335.00,100 גרם,false,,9.90,2.9552,true,1,8619
7290000208114,false,"אפונה וגזר יכין A2 פ""ק בית יוסף","זנלכל בע""\מ",IL,אפונת גינה וגזר יכין,גרמים,330.00,100 גרם,false,,9.90,3.0000,true,1,8622
7290000208145,false,גרעיני תירס מתוק לייט 550 גרם יכין,"זנלכל בע""\מ",IL,גרעיני תירס לייט יכי,גרמים,335.00,100 גרם,false,,9.90,2.9552,true,1,8625
7290000208213,false,שעועית לבנה אפויה A2 ברוטב עגבניות יכין 560ג',היינץ צפון אמריקה מק,IL,שעועית לבנה ברוטב עג,גרמים,355.00,100 גרם,false,,9.90,2.7887,true,1,8627
7290000208220,false,"שעועית צ'לי יכין פ""ק A2 בית יוסף",היינץ צפון אמריקה מק,IL,שעועית צילי חריף יכי,גרמים,355.00,100 גרם,false,,10.90,3.0704,true,1,8628
7290000208244,false,"בסיס לשקשוקה יכין A2 פ""ק בית יוסף","זנלכל בע""מ",IL,A2 בסיס עגבניות לשקש,גרמים,570.00,100 גרם,false,,11.90,2.0877,true,1,8629
7290000208312,false,גרעיני תירס מתוק בואקום יכין 400 גר',"זנלכל בע""\מ",IL,גרעיני תירס מתוק יכי,גרמים,400.00,100 גרם,false,,7.90,1.9750,true,1,8632
7290000208329,false,גרעיני תירס מתוק 550 גרם יכין,"זנלכל בע""\מ",IL,גרעיני תירס מתוק יכי,גרמים,335.00,100 גרם,false,,9.90,2.9552,true,1,8633
7290000208336,false,רסק יכין 240גר 22% יכין בית יוסף,"זנלכל בע""\מ",IL,רוטב עגבניות יכין 24,גרמים,240.00,100 גרם,false,,5.50,2.2917,true,1,8634
7290000208343,false,עגבניות מרוסקות שום יכין A2.5 בית יוסף,היינץ צפון אמריקה מק,IL,עגבניות מרוסקות שום,גרמים,800.00,100 גרם,false,,10.90,1.3625,true,1,8635
7290000208350,false,עגבניות מרוסקות בצל 850 גר יכין A 2.5,זנלכל,IL,עגבניות מרוסקות עם ב,גרמים,800.00,100 גרם,false,,10.90,1.3625,true,1,8636
7290000208367,false,עגבניות מרוסקות בתוספת בזיליקום 800 ג' יכין,זנלכל,IL,עגבניות מרוסקות בזיל,גרמים,800.00,100 גרם,false,,10.90,1.3625,true,1,8637
7290000208404,false,פול מצרי יכין 350 גרם,"זנלכל בע""\מ",IL,פול מצרי יכין 550 גר,גרמים,350.00,100 גרם,false,,8.90,2.5429,true,1,8638
7290000208428,false,חומוס יכין שלם 550 גר A/2,"זנלכל בע""\מ",IL,חומוס שלם יכין 550 ג,גרמים,290.00,100 גרם,false,,9.90,3.4138,true,1,8639
7290000208534,false,גרעיני תירס מתוק לילדים 550 גרם יכין,"זנלכל בע""\מ",IL,גרעיני תירס קיד מתוק,גרמים,335.00,100 גרם,false,,11.90,3.5522,true,1,8644
7290000208800,false,גרעיני תירס מתוק לילדים 400 גרם יכין,זנלכל,IL,תירס קיד מתוק יכין 4,גרמים,400.00,100 גרם,false,,6.90,1.7250,true,1,8646
7290000208855,false,רוטב לפסטה קלאסי 240 גרם יכין,"זנלכל בע""\מ",IL,רוטב לפסטה קלאסי יכי,גרמים,260.00,100 גרם,false,,6.50,2.5000,true,1,8647
7290000208893,false,גרעיני תירס מתוק לייט 400 גרם יכין,היינץ צפון אמריקה מק,IL,תירס לייט יכין 400 ג,גרמים,400.00,100 גרם,false,,6.90,1.7250,true,1,8648
7290000208930,false,עגבניות מרוסקות בתוספת שום 240 גרם יכין,"זנלכל בע""מ",IL,עגבניות מרוסקות עם ש,גרמים,260.00,100 גרם,false,,6.50,2.5000,true,1,8649
7290000208947,false,עגבניות מרוסקות יכין 260 גרם,היינץ צפון אמריקה מק,IL,עגבניות מרוסקות יכין,יחידה,260.00,יחידה,false,,6.50,0.0250,true,1,8650
7290000208978,false,רוטב עגבניות פריכוז יכין 100 גרם,היינץ צפון אמריקה מק,IL,רוטב עגבניות פריכוז,גרמים,100.00,100 גרם,false,,3.90,3.9000,true,1,8651
7290000209012,false,חומץ 1ליטר יכין הדרים,"זנלכל בע""\מ",IL,חומץ הדרים 5% יכין 1,ליטרים,1.00,ליטר,false,,7.90,7.9000,true,1,8653
7290000209043,false,מיץ לימון לתיבול יכין 1 ליטר,היינץ צפון אמריקה מק,IL,מיץ לימון משומר יכין,ליטרים,1.00,ליטר,false,,5.90,5.9000,true,1,8654
7290000209173,false,חומצה אצטית למזון 5% יכין 1 ליטר,"זנלכל בע""\מ",IL,חומץ סינטטי 5% יכין,ליטרים,1.00,ליטר,false,,4.90,4.9000,true,1,8655
7290000209371,false,תירס מתוק יכין 200 גרם מארז 3 יח',היינץ צפון אמריקה מק,IL,תירס שלישיה יכין 3*1,גרמים,495.00,100 גרם,false,,15.90,3.2121,true,1,8663
7290000209388,false,תירס מתוק לייט יכין 200 גרם מארז 3 יח',"זנלכל בע""\מ",IL,תירס לייט שלישיה יכי,גרמים,420.00,100 גרם,false,,15.90,3.7857,true,1,8664
7290000209524,false,סירופ דיאט בטעם פטל יכין 1 ליטר,"זנלכל בע""\מ",IL,סירופ דייאט פטל יכין,ליטרים,1.00,ליטר,false,,17.90,17.9000,true,1,8667
7290000209579,false,סירופ דיאט בטעם אננס יכין 1 ליטר,"זנלכל בע""\מ",IL,סירופ דייאט אננס יכי,ליטרים,1.00,ליטר,false,,17.90,17.9000,true,1,8671
7290000209722,false,רוטב עגבניות פריכוז יכין 580 גרם,"זנלכל בע""\מ",IL,רוטב עגבניות מרוכז מ,גרמים,580.00,100 גרם,false,,10.90,1.8793,true,1,8675
7290000209906,false,עגבניות מרוסקות בתוספת בצל 240 גרם יכין,היינץ צפון אמריקה מק,IL,עגבניות מרוסקות עם ב,גרמים,260.00,100 גרם,false,,6.50,2.5000,true,1,8676
7290000209913,false,עגבניות חתוכות לקוביות 240 גרם יכין,"זנלכל בע""\מ",IL,עגבניות לקוביות יכין,גרמים,260.00,100 גרם,false,,6.50,2.5000,true,1,8677
7290000209944,false,רוטב לעגבניות בסיס לשקשוקה 240 ג' יכין,"זנלכל בע""\מ",IL,רוטב לעגבניות לשקשוק,גרמים,260.00,100 גרם,false,,6.50,2.5000,true,1,8678
7290000209951,false,רוטב עגבניות לפיצה 260 גרם יכין,"זנלכל בע""\מ",IL,רוטב עגבניות לפיצה י,מיליליטרים,260.00,"100 מ""ל",false,,6.50,2.5000,true,1,8679
7290000209968,false,רוטב עגבניות ללזניה יכין 240 גרם,"זנלכל בע""\מ",IL,רוטב ללזניה יכין 240,גרמים,260.00,100 גרם,false,,6.50,2.5000,true,1,8680
7290000210896,false,רוטב לפסטה בולונז 240 גרם יכין,"זנלכל בע""\מ",IL,רוטב לפסטה בולונז יכ,גרמים,260.00,100 גרם,false,,6.50,2.5000,true,1,8682
7290000211145,false,סיימן גבינת גאודה במ,,,סיימן גבינת גאודה במ,קילוגרמים,1.00,"ק""ג",true,,119.00,119.0000,true,1,16513
7290000211169,false,"אורז תאילנדי אחד אחד סוגת 1 ק""ג",האי נאם סי או אל.טי.,IL,אורז תאילנדי 1 ק'ג,קילוגרמים,1.00,"ק""ג",false,,7.50,7.5000,true,1,17296
7290000211312,false,"אורז מלא ארוך סוגת 1 ק""ג",האי נאם סי או אל.טי.,IL,אורז מלא אחד אחד 1קג,קילוגרמים,1.00,"ק""ג",false,,9.90,9.9000,true,1,17297
7290000211374,false,"קמח חיטה מלא סוגת 1 ק""ג",טחנת קמח דגן-שטיבל,IL,"קמח מלא סוגת 1 ק""ג",קילוגרמים,1.00,"ק""ג",false,,7.90,7.9000,true,1,17298
7290000211442,false,"אורז פרסי קלאסי סוגת 1 ק""ג",האי נאם סי או אל.טי.,IL,סוגת אורז פרסי קלאסי,קילוגרמים,1.00,"ק""ג",false,,11.50,11.5000,true,1,17300
7290000211503,false,סוכר לבן ארוז בשקית,"סוגת תעשיות בע""\מ",IL,"סוכר סוגת לבן 1 ק""ג",קילוגרמים,1.00,"ק""ג",false,,4.90,4.9000,true,1,17301
7290000211626,false,"סוגת אורז חיש 1 ק""ג","סוגת תעשיות בע""\מ",IL,"אורז חיש 1 ק""ג",קילוגרמים,1.00,"ק""ג",false,,12.90,12.9000,true,1,17302
7290000211985,false,"סוגת אורז עגול ריזוטו 1 ק""ג","סוגת תעשיות בע""\מ",IL,סוגת אורז עגול 1קג,קילוגרמים,1.00,"ק""ג",false,,12.90,12.9000,true,1,17304
7290000212579,false,וופלים מצופים מנעמים 800 גרם מארז 40 יחידות,מנעמים תעשיות מזון,IL,ופל מצופה שוקולד מנע,גרמים,800.00,100 גרם,false,,16.90,2.1125,true,1,36036
7290000212975,false,"ופל שוקו מנעמים 1 ק""",מנעמים,,"ופל שוקו מנעמים 1 ק""",קילוגרמים,1.00,"ק""ג",false,,16.90,16.9000,true,1,36038
7290000226514,false,עוגת דובוש טעם ריבת חלב קפולסקי 450 גרם,תופינים מקבוצת קפולסקי,IL,עוגת היום- דובוש ריב,גרמים,450.00,100 גרם,false,,41.90,9.3111,true,1,39901
7290000226552,false,קפולסקי עוגת טורט ריבת חלב+ קוקוס קפוא,קפולסקי שיווק וקמעונ,IL,עוגת טורט ריבת חלב ע,קילוגרמים,1.00,"ק""ג",false,,66.90,66.9000,true,1,39904
7290000226569,false,"עוגת טורט קצפת שוקולד קפולסקי 1 ק""ג",תופינים מקבוצת קפולסקי,IL,עוגת טורט קצפת שוקול,קילוגרמים,1.00,"ק""ג",false,,66.90,66.9000,true,1,39905
7290000226576,false,"עוגת טורט מצופה שוקולד קפולסקי 1 ק""ג",תופינים מקבוצת קפולסקי,IL,עוגת טורט מצופה שוקו,קילוגרמים,1.00,"ק""ג",false,,66.90,66.9000,true,1,39906
7290000226613,false,עוגת דובוש מצופה שוקולד קפולסקי 450 גרם,תופינים מקבוצת קפולסקי,IL,עוגת דובוש מצופה בטע,גרמים,450.00,100 גרם,false,,41.90,9.3111,true,1,39908
7290000238029,false,"בצק עלים צרפתי מרודד מעדנות 1 ק""ג",מיוצר עי קונדיטוריית,IL,"בצק עלים 1ק""ג",קילוגרמים,1.00,"ק""ג",false,,23.90,23.9000,true,1,35597
7290000238036,false,מלאווח בקופסא מעדנות 700 גרם,מיוצר עי קונדיטוריית,IL,מעדנות מלווח 700גר,גרמים,700.00,100 גרם,false,,17.90,2.5571,true,1,35598
7290000238173,false,בורקס גבינה מעדנות 800 גרם,מיוצר עי קונדיטוריית,IL,בורקס גבינה מעדנות 8,גרמים,800.00,100 גרם,false,,23.90,2.9875,true,1,35599
7290000238180,false,בורקס תפוחי אדמה מעדנות 800 גרם,מיוצר עי קונדיטוריית,IL,"בורקס תפו""א 800גר",גרמים,800.00,100 גרם,false,,22.90,2.8625,true,1,35600
7290000243566,false,"שמן קנולה בריאות 750 מ""ל",שמן תעשיות,EE,שמן קנולה בריאות עץ,מיליליטרים,750.00,"100 מ""ל",false,,11.90,1.5867,true,1,29332
7290000244082,false,"הוואי שלישיית סבון נוזלי שמיים כחולים 500 מ""ל",טרופיקל דגיל,IL,סבון נוזלי כחול עמוק,ליטרים,1.50,ליטר,false,,18.90,12.6000,true,1,8081
7290000244143,false,"הוואי - קרם לאחר גילוח 120 מ""ל",טרופיקל דגיל קוסמטיק,IL,קרם לאחר גילוח הוואי,גרמים,120.00,100 גרם,false,,18.90,15.7500,true,1,8084
7290000244761,false,"קרם ידיים ולווטה 100 מ""ל",טרופיקל דגיל קוסמטיק,IL,"קרם ולוטה 80 מ""ל",מיליליטרים,100.00,"100 מ""ל",false,,7.90,7.9000,true,1,8085
7290000245089,false,סוד סגול אלגנט 4 ל מרכך כביסה,"הנקל סוד בע""מ",IL,מרכך כביסה סוד סגול,ליטרים,4.00,ליטר,false,,19.90,4.9750,true,1,34863
7290000245157,false,מרכך כביסה סנסיישין לבן 4 ל' סוד,"הנקל סוד בע""\מ",IL,מרכך כביסה סוד סנסיי,ליטרים,4.00,ליטר,false,,19.90,4.9750,true,1,34864
7290000245270,false,"פרסיל אבקה לכביסה רגיל שקית 1.25 ק""ג","הנקל סוד בע""מ",IL,אבקת כביסה פרסיל סופ,קילוגרמים,1.25,"ק""ג",false,,15.90,12.7200,true,1,34866
7290000245287,false,"פרסיל - אבקת כביסה קולור 1.25 ק""ג","הנקל סוד בע""מ",IL,אבקת כביסה פרסיל קול,קילוגרמים,1.25,"ק""ג",false,,16.90,13.5200,true,1,34867
7290000245294,false,"פרסיל אבקה לכביסה לבנה רגיל 2.5 ק""ג","הנקל סוד בע""\מ",IL,אבקת כביסה פרסיל 2.5,קילוגרמים,2.50,"ק""ג",false,,26.90,10.7600,true,1,34868
7290000245782,false,סוד ורוד מסתורי 4 ל מרכך כביסה,"הנקל סוד בע""\מ",IL,מרכך כביסה סוד ורוד,ליטרים,4.00,ליטר,false,,19.90,4.9750,true,1,34878
7290000245799,false,סוד כחול מרענן 4 ל מרכך כביסה,"הנקל סוד בע""\מ",IL,מרכך כביסה סוד כחול,ליטרים,4.00,ליטר,false,,19.90,4.9750,true,1,34879
7290000253220,false,שוקולד צ'יפס חום אופנהיימר 260 גר',אופנהיימר,IL,שוקולד צ'יפס אופנהיי,גרמים,260.00,100 גרם,false,,13.90,5.3462,true,1,24575
7290000253251,false,שוקולד צ'יפס לבן אופנהיימר 250 גרם,אופנהיימר,IL,שוקולד צ'יפס לבן אופ,גרמים,250.00,100 גרם,false,,13.90,5.5600,true,1,24576
7290000253374,false,מיני שוקולד צ'יפס 250 גרם- 66% מוצקי קקאו,אופנהיימר,IL,מיני שוקולד צ'יפס או,גרמים,250.00,100 גרם,false,,15.90,6.3600,true,1,325654
7290000254066,false,פילה אמנון 5-7 קפוא,,,פילה אמנון 5-7 קפוא,קילוגרמים,1.00,"ק""ג",true,,27.90,27.9000,true,1,322883
7290000256197,false,גאודה עיזים הולנדית,,,גאודה עיזים הולנדית,קילוגרמים,1.00,"ק""ג",true,,99.00,99.0000,true,1,66456
7290000262031,false,נייר טואלט מולט לב 32 גלילים,קימברלי-קלארק,IL,נייר טואלט מולט לב 3,מטרים,563.00,מטר,false,,34.90,0.0620,true,1,9044
7290000267500,false,קליפות הדר מצופות בשוקולד 200 גרם,"דין שיווק וקלייה בע""",IL,קליפות הדר בציפוי שו,גרמים,200.00,100 גרם,false,,11.90,5.9500,true,1,4602
7290000272443,false,סירופ דיאט בטעם תפוזים עסיס 1 ליטר,בית-השיטה עסיס תעשיות מז,IL,סירופ דיאט תפוז עסיס,יחידה,0.00,יחידה,false,,16.90,0.0000,true,1,18632
7290000272467,false,עסיס פטל דיאט סירופ 1 ליטר,בית-השיטה עסיס תעשיות מז,IL,סירופ דיאט פטל עסיס,ליטרים,1.00,ליטר,false,,16.90,16.9000,true,1,18633
7290000272696,false,עסיס מיץ לימון טבעי משומר 1 ל' אסם,בית-השיטה עסיס תעשיות מז,IL,מיץ לימון משומר עסיס,ליטרים,1.00,ליטר,false,,11.90,11.9000,true,1,18634
7290000272726,false,חומץ רכיבים רכיבים טבעיים 5% עסיס 1 ליטר,בית-השיטה עסיס תעשיות מז,IL,חומץ טבעי 5% עסיס 1,ליטרים,1.00,ליטר,false,,7.50,7.5000,true,1,18635
7290000286228,false,ספוגיות לניקוי כללי סנו סושי 6 יחידות,סנו מפעלי ברונו בעמ,IL,סנו סושי שישיות כריו,יחידה,0.00,יחידה,false,,12.90,0.0000,true,1,29668
7290000286297,false,"אנטי קאלק מסיר אבנית מקומקום סנו 700 מ""ל",סנו מפעלי ברונוס בעמ,IL,סנו מסיר אבן מקומקום,מיליליטרים,700.00,"100 מ""ל",false,,11.90,1.7000,true,1,29669
7290000286466,false,פילה דג לברק/ בס יפנ,,,פילה דג לברק/ בס יפנ,קילוגרמים,1.00,"ק""ג",true,,49.90,49.9000,true,1,310414
7290000286525,false,ספוג כיף רחצה פרינה 1 יח,קוסמופארם,IL,ספוג פרינה כיף,יחידה,0.00,יחידה,false,,11.90,0.0000,true,1,29676
7290000286549,false,מטליות לניקוי כללי סנו סושי 9 יחידות,נועם אורים תעשיות בע,IL,סנו סושי מטליות לכל,יחידה,0.00,יחידה,false,,12.90,0.0000,true,1,29677
7290000286594,false,אבקה לניקוי במיכל לימון X סנו 600 גרם,סנו מפעלי ברונוס בעמ,IL,סנו X לימון במיכל 60,גרמים,600.00,100 גרם,false,,10.90,1.8167,true,1,29679
7290000286631,false,"סנו אבקה לניקוי ומירוק בריח לימון 600 מ""ל",קריות זול,IL,סנו X לימון מילוי 60,גרמים,600.00,100 גרם,false,,7.90,1.3167,true,1,29680
7290000286824,false,פילה דג נסיכת הנילוס,,,פילה דג נסיכת הנילוס,קילוגרמים,1.00,"ק""ג",true,,39.90,39.9000,true,1,309312
7290000286891,false,"נוזל ריצפה מגן קריסטל 1 ליטר ""סנו""","סנו מפעלי ברונוס בע""",IL,סנו מגן קריסטל 1 לי,ליטרים,1.00,ליטר,false,,24.90,24.9000,true,1,29683
7290000286921,false,"ספריי להסרת כתמים סנו קל 750 מ""ל",סנו מפעלי ברונוס בעמ,IL,סנוקל רסס כבס,מיליליטרים,750.00,"100 מ""ל",false,,13.90,1.8533,true,1,29686
7290000287195,false,"סנו רהיט ספריי עשיר בווקס להברקה 305 מ""ל",מיוצר עי קונדיטוריית,IL,סנו רהיט ספריי עשיר,מיליליטרים,305.00,"100 מ""ל",false,,15.90,5.2131,true,1,29690
7290000287355,false,פוליש נוזל מבריק רצפות סנו 1 ליטר,קריות זול,IL,סנו סופר פוליש 1ליטר,ליטרים,1.00,ליטר,false,,24.90,24.9000,true,1,29691
7290000287409,false,"שלישיית סנובון תות לאסלה ""סנו""",סנו מפעלי ברונוס בעמ,IL,סנובון שלישיה תות 3*,גרמים,165.00,100 גרם,false,,12.90,7.8182,true,1,29693
7290000287430,false,סנובון צבעוני לאסלה בריח לימון שלישייה,סנו מפעלי ברונו בעמ,IL,סנובון שלישיה צבעוני,גרמים,165.00,100 גרם,false,,12.90,7.8182,true,1,29694
7290000287492,false,"סנובון נוזל לניקוי אסלות בריח לימון סנו 750 מ""ל","סנו מפעלי ברונוס בע""מ",IL,סנובון נוזלי בניחוח,מיליליטרים,750.00,"100 מ""ל",false,,13.90,1.8533,true,1,29696
7290000287621,false,"אנטי קאלק נוזל לניקוי אסלות סנו 750 מ""ל",מיוצר עי קונדיטוריית,IL,סנו אנטי קאלק W.C מנ,מיליליטרים,750.00,"100 מ""ל",false,,12.90,1.7200,true,1,29699
7290000288017,false,אקונומיקה בריח לימון סנו ז'אוול 1 ליטר,"סנו מפעלי ברונוס בע""",IL,סנו זאוול 1ליטר לימו,ליטרים,1.00,ליטר,false,,8.90,8.9000,true,1,29703
7290000288024,false,סנו - ז'אוול אקונומיקה בריח לימון 4 ליטר,"סנו מפעלי ברונוס בע""מ",IL,סנו ז'אוול בריח לימו,ליטרים,4.00,ליטר,false,,17.90,4.4750,true,1,29704
7290000288048,false,סנו זאוול מרסס מונבלאן 1 ליטר,"סנו מפעלי ברונוס בע""מ",IL,סנו ג'אוול מרסס אילנ,ליטרים,1.00,ליטר,false,,19.90,19.9000,true,1,29706
7290000288079,false,סנו - ז'אוול אקונומיקה לימון 2 ליטר,"סנו מפעלי ברונוס בע""מ",IL,סנו זאוול בריח לימון,ליטרים,2.00,ליטר,false,,12.90,6.4500,true,1,29707
7290000288352,false,"קוטל חרקים וזוחלים K-300 סנו 630 מ""ל","סנו מפעלי ברונוס בע""מ",IL,K - 300,מיליליטרים,630.00,"100 מ""ל",false,,22.90,3.6349,true,1,29713
7290000288390,false,"קוטל זבובים ויתושים K-600 סנו 500 מ""ל","סנו מפעלי ברונוס בע""מ",IL,K - 600,מיליליטרים,475.00,"100 מ""ל",false,,26.90,5.6632,true,1,29715
7290000288840,false,סנו - מים מזוקקים 2 ליטר,החברה הדרומית,IL,מים מזוקקים 2 ליטר,ליטרים,2.00,ליטר,false,,13.90,6.9500,true,1,29723
7290000289069,false,סנו - ז'אוול מרסס קצף ניקוי בתוספת אקונומיקה בריח לימון 1 ליטר,"סנו מפעלי ברונוס בע""מ",IL,סנו ג'אוול מרסס לימו,ליטרים,1.00,ליטר,false,,19.90,19.9000,true,1,29726
7290000289236,false,K3 נמלים פיתיון ג'ל - קוטל נמלים בבית ובחצר,"סנו מפעלי ברונוס בע""\מ",IL,סנו K300פיתיון ג'ל ק,יחידה,0.00,יחידה,false,,52.90,0.0000,true,1,53444
7290000289380,false,"סנו - ז'אוול לניקוי אסלות לימון 750 מ""ל",סנו מפעלי ברונוס בעמ,IL,סנו ג'אוול לימון לני,מיליליטרים,750.00,"100 מ""ל",false,,12.90,1.7200,true,1,29727
7290000289472,false,סנו סושי שקיות אשפה - 50 יחידות,מיוצר עי קונדיטוריית,IL,סנו סושי שקיות HD 76,יחידה,0.00,יחידה,false,,21.90,0.0000,true,1,29729
7290000289496,false,"סנו - ז'אוול ג'ל קרם לניקוי כללי לימון 750 מ""ל","סנו מפעלי ברונוס בע""\מ",IL,סנו ג'אוול ג'ל קרם ל,מיליליטרים,750.00,"100 מ""ל",false,,12.90,1.7200,true,1,29730
7290000289748,false,"מסיר שומנים לתנורים פורטה פלוס סנו 750 מ""ל","סנו מפעלי ברונוס בע""\מ",IL,סנו פורטה פלוס לתנור,מיליליטרים,750.00,"100 מ""ל",false,,16.90,2.2533,true,1,29735
7290000289885,false,"מטהר אוויר ענק אושנבריז סנו פרש 375 מ""ל","סנו מפעלי ברונוס בע""\מ",IL,סנו פרש ענק אושן כחו,מיליליטרים,375.00,"100 מ""ל",false,,11.90,3.1733,true,1,29736
7290000291932,false,"סנובון נוזל לניקוי אסלה בניחוח לבנדר סנו 750 מ""ל","סנו מפעלי ברונוס בע""מ",IL,סנובון נוזלי בניחוח,מיליליטרים,750.00,"100 מ""ל",false,,13.90,1.8533,true,1,29740
7290000292137,false,"נוזל לניקוי וטיפול מוצרי עור סנו 500 מ""ל",מיוצר עי קונדיטוריית,IL,נוזל ניקוי וטיפול במ,מיליליטרים,500.00,"100 מ""ל",false,,32.90,6.5800,true,1,29744
7290000292311,false,פוליויקס נוזל רצפות בניחוח סחלבים סנו 2 ליטר,"סנו מפעלי ברונוס בע""\מ",IL,סנו פוליווקס סחלבים,ליטרים,2.00,ליטר,false,,22.90,11.4500,true,1,29745
7290000292502,false,"K 800 קוטל נמלים סנו 300 מ""ל","סנו מפעלי ברונוס בע""מ",IL,K 800קוטל נמלים 300,מיליליטרים,300.00,"100 מ""ל",false,,19.90,6.6333,true,1,29747
7290000292533,false,סנו גל לניקוי כללי על בסיס שמן אורנים 1ל,החברה הדרומית,IL,סנו ג'ל לניקוי כללי,ליטרים,1.00,ליטר,false,,17.90,17.9000,true,1,29748
7290000292557,false,סנומט מלוי נוזלי דוחה יתושים 45 לילות,טרופיקל דגיל תעשיות,IT,סנומט 45 נוזל מילוי,יחידה,0.00,יחידה,false,,19.90,0.0000,true,1,29750
7290000292564,false,סנו K-2000 תרסיס מיקרו קפסולרי ללא ריח 750 מ”ל,מיוצר עי קונדיטוריית,IL,K 2000 סנו ללא ריח,מיליליטרים,750.00,"100 מ""ל",false,,32.90,4.3867,true,1,29751
7290000292687,false,סנובון מוצק לניקוי אסלה קלאסיק כחול סנו 3 יחידות,מיוצר עי קונדיטוריית,IL,סנובון כחול שלישיה,גרמים,165.00,100 גרם,false,,17.90,10.8485,true,1,29752
7290000292915,false,"תרסיס לניקוי כללי רסס ונגב סנו 750 מ""ל","סנו מפעלי ברונוס בע""\מ",IL,סנו רסס ונגב אקדח 75,מיליליטרים,750.00,"100 מ""ל",false,,14.90,1.9867,true,1,29754
7290000293073,false,מקסימה מרכך כביסה ביו לבן סנו 4 ליטר,"סנו מפעלי ברונוס בע""\מ",IL,מרכך כביסה סנו מקסימ,ליטרים,4.00,ליטר,false,,23.90,5.9750,true,1,29756
7290000293943,false,"מרסס לבן מסיר אבנית 1 ליטר אנטי קאלק ""סנו""",מיוצר עי קונדיטוריית,IL,סנו אנטי קאלק+מתז 1,ליטרים,1.00,ליטר,false,,20.90,20.9000,true,1,29764
7290000294575,false,סנו סושי רב מגבת 63 דפים בגליל,סנו מפעלי ברונוס בעמ,IL,סנו רב מגבת,מטרים,13.80,מטר,false,,12.90,0.9348,true,1,29768
7290000294780,false,אקונומיקה סמיכה בריח לימון סנו ז'אוול 4 ליטר,"סנו מפעלי ברונוס בע""מ",IL,סנו ז'אוול סמיכה 4 ל,ליטרים,4.00,ליטר,false,,17.90,4.4750,true,1,29770
7290000295121,false,מטליות זיגזג סנו סושי לניקוי רצפות 3יח',קריות זול,IL,מטלית זיגזג 3יח,יחידה,0.00,יחידה,false,,12.90,0.0000,true,1,29771
7290000295299,false,סנו סושי כריות הפלא רב תכלתיות רביעייה,סנו מפעלי ברונו בעמ,IL,כריות יפניות סנו סוש,יחידה,0.00,יחידה,false,,12.90,0.0000,true,1,29772
7290000295367,false,"מקסימה אבקת כביסה אפקט ז'אוול סנו 2.5 ק""ג",סנו מקסימה,IL,אבקת כביסה סנו מקסימ,קילוגרמים,2.50,"ק""ג",false,,28.90,11.5600,true,1,29776
7290000295404,false,שקיות אשפה עם שרוך 54 * 65 סנו סושי 60 יחידות,מיוצר עי קונדיטוריית,IL,שקיות אשפה נשלפות סנ,יחידה,0.00,יחידה,false,,23.90,0.0000,true,1,29777
7290000295503,false,זוג שקיות מזון טבע 19*25 סנו סושי 150 יחידות,"אשפלסט תעשיות בע""מ",CN,סנו סושי צמד שקיות א,יחידה,0.00,יחידה,false,,15.90,0.0000,true,1,29778
7290000295541,false,רב מגבת ג'מבו סנו סושי 75 יחידות,מיוצר עי קונדיטוריית,IL,סנו רב מגבת גמבו,יחידה,0.00,יחידה,false,,17.90,0.0000,true,1,29779
7290000295558,false,"רדיד אלומיניום רוחב 30 ס""מ סנו סושי 2 יח' 7.5 מטר",מולינו ניקולי s.p.a,TR,צמד רדיד אלומיניום ק,מטרים,15.00,מטר,false,,12.90,0.8600,true,1,29780
7290000295565,false,"רדיד אלומיניום רוחב 45 ס""מ סנו 2 יח' 7.5 מטר",בורסה פאזרי,TR,רדיד אלומיניום רחב ב,מטרים,15.00,מטר,false,,16.90,1.1267,true,1,29781
7290000295572,false,"מארז זוגי מנקה אסלות 00 סנו 750 מ""ל",מיוצר עי קונדיטוריית,IL,מנקה אסלות 00 צמד,ליטרים,1.50,ליטר,false,,19.90,13.2667,true,1,29782
7290000295794,false,ספוגיות מתכת אל חלד לניקוי סנו 3 יחידות,סנו,,ספוגיות אל חלד זוג,יחידה,0.00,יחידה,false,,14.90,0.0000,true,1,29785
7290000300900,false,שניצל תירס מרכיבים טבעיים טבעול 750 גרם,עיצובים 2020 (4.8),IL,שניצל תירס טבעול רכי,גרמים,750.00,100 גרם,false,,28.90,3.8533,true,1,19694
7290000302027,false,סיגריות טיים אדום פא,"דובק בע""מ",IL,טיים רד (פקט),יחידה,0.00,יחידה,false,,285.00,0.0000,false,1,4508
7290000302102,false,סיגריות מונטנה פילטר,"דובק בע""מ",IL,מונטנה פילטר,יחידה,0.00,יחידה,false,,295.00,0.0000,false,1,4512
7290000313160,false,זהבה ושלושת הדובים עוגיות בטעם שוקולד אסם 350 גרם,"הגביע מוצרי וופלים בע""\מ",IL,חברים זהבה ושלושת הד,גרמים,250.00,100 גרם,false,,9.50,3.8000,true,1,18636
7290000313184,false,עוגיות חברים גן חיות וניל אסם 250 גר',"הגביע מוצרי וופלים בע""\מ",IL,חברים ביסקויט גן חיו,גרמים,250.00,100 גרם,false,,9.50,3.8000,true,1,18637
7290000313290,false,אסם נודלס נודלס אטריות מסולסלות 200ג',תאי פרזידנט פוד בנגק,TH,נודלס אטריות מסולסלו,יחידה,200.00,יחידה,false,,10.90,0.0545,true,1,18639
7290000318806,false,סלמי סרוולד אמיתי במשקל,מעדני יחיעם,IL,סלמי סרוולט מעדנ.יחי,קילוגרמים,1.00,"ק""ג",true,,145.00,145.0000,true,1,15489
7290000319131,false,נקניקיות עוף יחיעם 400 גרם,מעדני יחיעם 1993,IL,נקניקיות עוף יחיעם 4,גרמים,400.00,100 גרם,false,,11.90,2.9750,true,1,15531
7290000319704,false,נקניק כתף בקר מעושן,מעדני יחיעם,IL,כתף בקר מעו. יחיעם מ,קילוגרמים,1.00,"ק""ג",true,,109.00,109.0000,true,1,15500
7290000319803,false,קבנוס קלאסי יחיעם 125 גרם,תאי פרזידנט פוד פאבל,IL,קבנוס קלאסי 125גר,גרמים,125.00,100 גרם,false,,15.90,12.7200,true,1,15546
7290000319834,false,קבנוס פפרוני קלאסי 125 גרם,תאי פרזידנט פוד פאבל,IL,יחיעם קבנוס פפרוני ק,גרמים,125.00,100 גרם,false,,15.90,12.7200,true,1,15547
7290000332329,false,פילה סלמון טרי במגש,,,פילה סלמון טרי במגש,קילוגרמים,1.00,"ק""ג",true,,119.90,119.9000,true,1,48016
7290000332367,false,פילה בורי טרי במגש,,,פילה בורי טרי במגש,קילוגרמים,1.00,"ק""ג",true,,97.90,97.9000,true,1,48019
7290000334684,false,תפוגן טבעות בצל 700 גרם,"תעשיות תפוגן בע""\מ",IL,טבעות בצל 700 גרם,גרמים,700.00,100 גרם,false,,20.90,2.9857,true,1,19708
7290000334745,false,"אמריקאן צ'יפס תפוגן 1.5 ק""ג","תעשיות תפוגן בע""מ",IL,"אמריקאן ציפס 1.5 ק""ג",קילוגרמים,1.50,"ק""ג",false,,28.90,19.2667,true,1,19709
7290000339887,false,"משחת כלים סיף קלין לימון 5 3 ק""ג",אתר ליוור - HPC,IL,משחת כלים לימון 3.5,קילוגרמים,3.50,"ק""ג",false,,27.90,7.9714,true,1,10296
7290000345215,false,תה כחול קלאסיק ויסוצקי 100 יחידות,מולינו ניקולי s.p.a,IL,תה ויסוצקי קלאסיק 10,גרמים,100.00,100 גרם,false,,20.90,20.9000,true,1,24582
7290000345284,false,תה ויסוצקי קלאסי אריזה ירוקה מרובעת (100 שקיקים),מולינו ניקולי s.p.a,IL,תה ויסוצקי 1.5 קלאסי,גרמים,150.00,100 גרם,false,,20.90,13.9333,true,1,24585
7290000345291,false,תה ארל גריי ויסוצקי 25 יחידות,תה ויסוצקי,IL,תה ארל גריי 1.5/25,גרמים,37.50,100 גרם,false,,17.90,47.7333,true,1,24586
7290000345307,false,תה ארל גריי ויסוצקי 50 יחידות,מולינו ניקולי s.p.a,IL,תה ארל גריי 1.5/50,גרמים,75.00,100 גרם,false,,30.90,41.2000,true,1,24587
7290000346120,false,חליטת קינמון הגן הקסום ויסוצקי 25 יחידות,תה ויסוצקי,IL,תה קסם הקנמון 25 שקי,גרמים,62.50,100 גרם,false,,17.90,28.6400,true,1,24594
7290000346168,false,חליטת שומר הגן הקסום ויסוצקי 25 יחידות,תה ויסוצקי,IL,תה חליטת שומר גן קסו,גרמים,37.50,100 גרם,false,,17.90,47.7333,true,1,24598
7290000346199,false,חליטת פירות יער הגן הקסום ויסוצקי 25 יחידות,תה ויסוצקי,IL,תה פירות יער 25 שקיק,גרמים,67.50,100 גרם,false,,17.90,26.5185,true,1,24599
7290000346205,false,חליטת קמומיל הגן הקסום ויסוצקי 25 יחידות,תה ויסוצקי,IL,תה קמומיל 25 שקיקים,גרמים,37.50,100 גרם,false,,17.90,47.7333,true,1,24600
7290000346212,false,חליטת מנטה הגן הקסום ויסוצקי 25 יחידות,תה ויסוצקי,IL,תה מנטה 25 שקיקים,גרמים,50.00,100 גרם,false,,17.90,35.8000,true,1,24601
7290000347738,false,תה ירוק נענע ויסוצקי 25 יחידות,תה ויסוצקי,IL,תה ירוק נענע 25 שקיק,גרמים,37.50,100 גרם,false,,23.90,63.7333,true,1,24606
7290000347752,false,תה ירוק לימונית ולואיזה 25 שקיקים *1.5 ג'' ויסוצקי,תה ויסוצקי,IL,תה ירוק לימונית ולוא,גרמים,37.50,100 גרם,false,,23.90,63.7333,true,1,24607
7290000363011,false,סלמי קוניאק מובחר טירת צבי במשקל,הנסיך- מפעל לייצור ט,IL,נקניק קוניאק מובחר ט,קילוגרמים,1.00,"ק""ג",true,,75.00,75.0000,true,1,25276
7290000363233,false,קבנוס מובחר 100 גרםטירת צבי,טירת- צבי,IL,קבנוס 100 גרם,גרמים,100.00,100 גרם,false,,9.90,9.9000,true,1,25311
7290000363363,false,קבנוס נקניק מעושן יבש 160 גרם,הנסיך- מפעל לייצור ט,IL,קבנוס מיוחד 160 גרם,גרמים,160.00,100 גרם,false,,20.90,13.0625,true,1,25312
7290000363400,false,סלמי פפרוני טירת צבי,הנסיך- מפעל לייצור ט,IL,סלמי פפרוני טירת צבי,קילוגרמים,1.00,"ק""ג",true,,75.00,75.0000,true,1,25278
7290000363462,false,סלמי מעושן איטלקי טי,טירת- צבי,IL,סלמי מעושן איטלקי טי,קילוגרמים,1.00,"ק""ג",true,,75.00,75.0000,true,1,25279
7290000363486,false,נקניק תה טירת צבי מע,טירת- צבי,IL,נקניק תה טירת צבי מע,קילוגרמים,1.00,"ק""ג",true,,58.00,58.0000,true,1,25280
7290000363899,false,נקניקיות פיקנטיות טירת צבי 400 גרם,טירת צבי - מדף,IL,נקניקיות פיקנטיות 40,גרמים,400.00,100 גרם,false,,12.90,3.2250,true,1,25313
7290000364261,false,"דקניקים, סלסולי פסטרמה כתף בקר מעושנת 120 גרם",הנסיך- מפעל לייצור ט,IL,סלסולי כתף בקר 120 ג,גרמים,120.00,100 גרם,false,,17.90,14.9167,true,1,25316
7290000364278,false,דקניקים סלסולי סלמי איטלקי משובח טירת צבי 120 גרם,הנסיך- מפעל לייצור ט,IL,סלסולי סלמי איטלקי מ,גרמים,120.00,100 גרם,false,,17.90,14.9167,true,1,25317
7290000364285,false,דקניקים סלסולי פסטרמה הודו טירת צבי 120 גרם,הנסיך- מפעל לייצור ט,IL,טירת צבי סלסולי פסטר,גרמים,120.00,100 גרם,false,,17.90,14.9167,true,1,25318
7290000364292,false,דקניקים סלסולי פסטרמה הודו על גחלים 1% טירת צבי 120 גרם,הנסיך- מפעל לייצור ט,IL,סלסולי פסטרמה גחלים,גרמים,120.00,100 גרם,false,,17.90,14.9167,true,1,25319
7290000364858,false,"נקניקיות עוף טרי טירת צבי 1 ק""ג",הנסיך- מפעל לייצור ט,IL,נקניקיות עוף טרי 1 ק,קילוגרמים,1.00,"ק""ג",false,,30.90,30.9000,true,1,25324
7290000364872,false,נקניקיות עוף טירת צבי 400 גרם,טיב טירת צבי 2000,IL,נקניקיות עוף 400 גרם,גרמים,400.00,100 גרם,false,,12.90,3.2250,true,1,25325
7290000365046,false,פסטרמה כתף בקר מעושן,טירת- צבי,IL,כתף מעושן טירת צבי מ,קילוגרמים,1.00,"ק""ג",true,,90.00,90.0000,true,1,25285
7290000365107,false,כתף בקר מפולפל במשקל,טירת- צבי,IL,כתף בקר מפולפל ט.צבי,קילוגרמים,1.00,"ק""ג",true,,90.00,90.0000,true,1,25287
7290000365756,false,פסטרמה על גחלים ד.ש משקל,טירת צבי,IL,פסט. עלגחלים ד.ש.ט.צ,קילוגרמים,1.00,"ק""ג",true,,79.00,79.0000,true,1,25293
7290000365909,false,פסטרמה הודו מעושנתטירת צבי,טירת- צבי,IL,פסט.טבעית ט.צבי מעדנ,קילוגרמים,1.00,"ק""ג",true,,79.00,79.0000,true,1,25295
7290000365954,false,פסטרמה על גחלים משקל,טירת- צבי,IL,פסט.על גחלים ט.צבי מ,קילוגרמים,1.00,"ק""ג",true,,79.00,79.0000,true,1,25296
7290000367590,false,פסטרמה כפרית וסלמי פריזר כפרי טירת צבי 2*400 גרם,טיב טירת צבי 2000,IL,צמד כפרי נק.סלמי+פסט,גרמים,800.00,100 גרם,false,,36.90,4.6125,true,1,25328
7290000370475,false,מעדניה - גבינה כחולה,,,*מבצע* גבינה כחולה ע,קילוגרמים,1.00,"ק""ג",true,,59.00,59.0000,true,1,64124
7290000370741,false,גבינה לבנה מלוחה מחל,,,*מבצע* גבינה לבנה מל,קילוגרמים,1.00,"ק""ג",true,,80.00,80.0000,true,1,233296
7290000371571,false,פסטרמה פרגיות לבאגט,,,פסט.פרגיות לבאגט ט.צ,קילוגרמים,1.00,"ק""ג",true,,79.00,79.0000,true,1,25300
7290000377452,false,גרעיני אבטיח קליית גת 200 גרם,הדקלאים אגודת שיתופי,IL,גרעין אבטיח 200 גרם,גרמים,200.00,100 גרם,false,,13.90,6.9500,true,1,12735
7290000377612,false,מיץ תפוזים סחוט טבעי פריגת 400 מל,גת גבעת חיים,IL,פריגת סחוט תפוזים 40,מיליליטרים,400.00,"100 מ""ל",false,,9.90,2.4750,true,1,6331
7290000382210,false,שקיות גופיה ינות בית,,,שקיות גופיה ינות בית,יחידה,0.00,יחידה,false,,0.10,0.0000,true,1,48
7290000382234,false,שקיות גופיה מהדרין,,,שקיות גופיה מהדרין,יחידה,0.00,יחידה,false,,0.10,0.0000,true,1,50
7290000408316,false,יוגורט דנונה דל לקטוז 200 גרם,מיוצר עי קונדיטוריית,IL,דנונה טבעי 3% 200מל,מיליליטרים,200.00,"100 מ""ל",false,,3.70,1.8500,true,1,23230
7290000408354,false,יוגורט עם אורז מצופה שוקולד קקאו 175 ג' דנונה,"שטראוס בריאות בע""\מ",IL,דנונה קראנצ' פצפוצים,מיליליטרים,175.00,"100 מ""ל",false,,4.90,2.8000,true,1,23231
7290000412139,false,נוזל רצפות בניחוח אורנים ריצפז 3 ליטר,"סנו מפעלי ברונוס בע""\מ",IL,ריצפז סנו אורן 3 ליט,ליטרים,3.00,ליטר,false,,16.90,5.6333,true,1,29787
7290000412481,false,נוזל לניקוי אסלות 00 סנו 1 ליטר,מיוצר עי קונדיטוריית,IL,מנקה אסלות 1 ליטר 00,ליטרים,1.00,ליטר,false,,8.90,8.9000,true,1,29789
7290000416021,false,ממרח בטעם שוקולד השחר חלבי 500,השחר העולה,IL,ממרח שוקולד השחר 500,גרמים,500.00,100 גרם,false,,15.90,3.1800,true,1,28843
7290000416045,false,"ממרח בטעם שוקולד השחר 1 ק""ג",השחר העולה תעשייות מ,IL,ממרח שוקולד השחר 1 ק,קילוגרמים,1.00,"ק""ג",false,,27.90,27.9000,true,1,28845
7290000416076,false,"צימקאו לאפייה וציפוי השחר 400 גרם כשל""פ",השחר העולה תעשייות מ,IL,צימקאו לאפיה 400 גר',גרמים,400.00,100 גרם,false,,12.90,3.2250,true,1,28846
7290000416618,false,"ממרח שוקולד פרווה השחר 400 גרם כשל""פ",השחר העולה תעשייות מ,IL,ממרח שוקולד פרווה הש,גרמים,400.00,100 גרם,false,,12.90,3.2250,true,1,28853
7290000416632,false,"ממרח שוקולד פרווה השחר 1 ק""ג כשל""פ",השחר העולה תעשית ממת,IL,ממרח שוקולד פרווה הש,קילוגרמים,1.00,"ק""ג",false,,27.90,27.9000,true,1,28854
7290000416854,false,אבקת קקאו השחר העולה 150ג',השחר העולה תעשייות מ,IL,קקאו 150 גר',גרמים,150.00,100 גרם,false,,10.90,7.2667,true,1,28857
7290000418155,false,תחבושות טופ-פד סופר-פלוס 16 יחידות,מוצרי נייר עמיר,IL,.תחבושות טופ-פד סופר,יחידה,0.00,יחידה,false,,5.90,0.0000,true,1,29443
7290000419107,false,לנדוור קפה מקורי לבוקר טחון טורקי 100 גרם,קפה לנדוור בע''מ,IL,לנדוור מקורי קפה טחו,גרמים,100.00,100 גרם,false,,9.90,9.9000,true,1,18640
7290000419893,false,לנדוור קפה שחור חזק טחון טורקי 100 גרם,מולינו ניקולי s.p.a,IL,לנדוור חזק קפה טחון,גרמים,100.00,100 גרם,false,,9.90,9.9000,true,1,18644
7290000419923,false,לנדוור קפה אספרסו טחון בואקום 200 גר,קפה לנדוור,IL,לנדוור קפה אספרסו טח,גרמים,200.00,100 גרם,false,,22.90,11.4500,true,1,18646
7290000420325,false,"פופסטאר פופקורן למקירוגל בטעם טבעי 5 שקיות,500 גרם",פרסטון פארמס,US,פופסטאר פופקורן טבעי,גרמים,500.00,100 גרם,false,,17.90,3.5800,true,1,5723
7290000420332,false,פופסטאר פופקורן למיקרוגל בטעם חמאה 5 יחידות 500 גרם,פרסטון פארמס,US,פופסטאר פופקורן חמאה,גרמים,500.00,100 גרם,false,,17.90,3.5800,true,1,5724
7290000420417,false,גלילונית שקיות אשפה 52X65 עם שרוך 60 יחידות,"איטיליאן פוד, אס.פי.",IL,גלילונית שקיות אשפה,יחידה,0.00,יחידה,false,,24.90,0.0000,true,1,5725
7290000435251,false,סוכריות מיני משמחים עלה 500ג',הנמל,IL,מיני משמחים 500 גרם,גרמים,500.00,100 גרם,false,,19.90,3.9800,true,1,205117
7290000436616,false,דובשניות בשקית 180 גר',קריות זול,,דובשניות ברמן 180 גר,גרמים,180.00,100 גרם,false,,5.90,3.2778,true,1,41200
7290000450209,false,פוסידון טונה בהירה בשמן 77 גרם,"מיוצר עי וליגר בעמ,",IL,טונה בשמן פוסידון 1,גרמים,108.00,100 גרם,false,,6.90,6.3889,true,1,16784
7290000453019,false,שמרים טריים לאפייה שקית שמרית 50 ג',"פאקא תעשיות בע""\מ",IL,שמרית שמרים טריים לא,גרמים,50.00,100 גרם,false,,4.90,9.8000,true,1,23232
7290000453125,false,שמרים ומשפר אפיה ביתי שמרית 100ג',"פאקא תעשיות בע""\מ",IL,שמרית שמרים טריים לא,גרמים,100.00,100 גרם,false,,8.50,8.5000,true,1,23233
7290000453385,false,שמרים יבשים פארא אינסטנט 500 גרם עלית,פאקא תעשיות בעמ,GB,פאקא שמרים יבשים 500,גרמים,500.00,100 גרם,false,,13.90,2.7800,true,1,22186
7290000453408,false,בצק פיצה דק מצונן ומוכן לאפייה שמרית 415 גרם,"פאקא תעשיות בע""מ",FR,שמרית בצק פיצה דק מצ,גרמים,415.00,100 גרם,false,,17.90,4.3133,true,1,23234
7290000453415,false,בצק עלים מצונן ומוכן לאפייה שמרית 300 גרם,"פאקא תעשיות בע""מ",FR,שמרית בצק עלים מצונן,גרמים,300.00,100 גרם,false,,16.90,5.6333,true,1,23235
7290000453422,false,בצק פילו מצונן ומוכן לאפייה שמרית 300 גרם,"פאקא תעשיות בע""מ",GR,שמרית בצק פילו מוכן,גרמים,300.00,100 גרם,false,,16.90,5.6333,true,1,23236
7290000453446,false,פיצה קראסט בצק שמרים מצונן להכנת פיצה ופוקצ'ה,"פאקא תעשיות בע""מ",IL,פיצה קראסט שמרית מצו,גרמים,500.00,100 גרם,false,,21.90,4.3800,true,1,192832
7290000453798,false,שמרית שמרים יבשים אקטיביים 500 גר',"גי' בי' רכיבים בע""מ",IL,שמרים יבשים אקטיביים,גרמים,500.00,100 גרם,false,,14.90,2.9800,true,1,22187
7290000453866,false,נטורינה תחליף מרגרינה לבישול ואפיה קוקוס שמרית 200 גרם,גרונבאנג- גרונדנסק א,DK,נטורינה קוקוס שטראוס,גרמים,200.00,100 גרם,false,,8.50,4.2500,true,1,23237
7290000453880,false,מרגרינה ללא מלח לאפיה ובישול שמרית 200גר,"פאקא תעשיות בע""מ",IL,מרגרינה ללא מלח לאפי,גרמים,200.00,100 גרם,false,,4.90,2.4500,true,1,23239
7290000461047,false,סיימן ברי לה רוסטיק,,,סיימן ברי לה רוסטיק,קילוגרמים,1.00,"ק""ג",true,,199.00,199.0000,true,1,16586
7290000461625,false,בייגלה שמיניות מלח בייגל בייגל 400 ג',בייגל את בייגל מזון 198),IL,ביגלה 8 8 400גר,גרמים,400.00,100 גרם,false,,12.90,3.2250,true,1,10302
7290000462103,false,סחוג תימני אדום חריף עדין זהבי הכרם 150 גרם,קריניסה ויטמין אס אי,IL,סחוג אדום חריף עדין,גרמים,150.00,100 גרם,false,,8.90,5.9333,true,1,23241
7290000462141,false,סחוג אדום תימני מקורי חריף מאוד זהבי 150 גרם,קריניסה ויטמין אס אי,IL,סחוג אדום חריף מאוד,גרמים,150.00,100 גרם,false,,8.90,5.9333,true,1,23242
7290000462172,false,סחוג תימני ירוק חריף זהבי הכרם 150 גרם,קריניסה ויטמין אס אי,IL,סחוג ירוק חריף מאוד,גרמים,150.00,100 גרם,false,,8.90,5.9333,true,1,23244
7290000462310,false,סיימן סנט מור במשקל.,,,סיימן סנט מור במשקל.,קילוגרמים,1.00,"ק""ג",true,,199.00,199.0000,true,1,16592
7290000462981,false,סחוג חריף אש זהבי 150 גרם,"זהבי הכרם בועז בע""מ-",IL,סחוג חריף אשש 150 גר,גרמים,150.00,100 גרם,false,,8.90,5.9333,true,1,81741
7290000467153,false,מלך החומוס סמיר הגדול 400 גרם צבר,סלטי צבר,IL,צבר חומוס סמיר הגדול,גרמים,400.00,100 גרם,false,,15.90,3.9750,true,1,19720
7290000467320,false,מלך החומוס אבו מרוואן 400 גרם,סלטי צבר,IL,צבר חומוס אבו מרוואן,גרמים,400.00,100 גרם,false,,15.90,3.9750,true,1,19721
7290000469128,false,סטייק אנטריקוט חלק א,,,סטייק אנטריקוט חלק א,קילוגרמים,1.00,"ק""ג",true,,74.90,74.9000,true,1,248412
7290000469638,false,"ספריי לגיהוץ קל מריטו 500 מ""ל",בולטון מניטובה,IT,מריטו ספריי לגיהוץ 5,מיליליטרים,500.00,"100 מ""ל",false,,24.90,4.9800,true,1,21398
7290000472821,false,גבינה צהובה 28% הר,,,גבינה צהובה 28% הר,קילוגרמים,1.00,"ק""ג",true,,31.00,31.0000,true,1,268899
7290000474076,false,"חלב קרטון 3%-1 ליטר ""טרה""-מוצר בפיקוח",הפריט בפיקוח,IL,טרה חלב בקרטון 3% 1,ליטרים,1.00,ליטר,false,,6.23,6.2300,true,1,6337
7290000474090,false,"חלב בקרטון 1%- 1 ליטר בד""צ - מוצר בפיקוח",מילקו תעשיות בעמ,IL,טרה חלב בקרטון 1% 1ל,ליטרים,1.00,ליטר,false,,5.86,5.8600,true,1,6338
7290000474373,false,"שמנת חמוצה 15% שומן 200 מ""ל טרה",קריות זול,IL,טרה שמנת חמוצה 15% 2,מיליליטרים,200.00,"100 מ""ל",false,,2.40,1.2000,true,1,6344
7290000474502,false,גבינה לבנה טרה 5% מרכיבים טבעיים,הפריט בפיקוח,IL,טרה גבינה לבנה 5% 25,גרמים,250.00,100 גרם,false,,4.98,1.9920,true,1,6347
7290000474540,false,טוב טעם גבינה לבנה 3% טרה 250 גרם,קריות זול,IL,טוב טעם גבינה 3% 250,גרמים,250.00,100 גרם,false,,11.50,4.6000,true,1,6348
7290000474830,false,נעם גבינה צהובה מגורדת 28% טרה 500 גרם,מילקו תעשיות בעמ,IL,נעם גבינה צהובה מגור,גרמים,500.00,100 גרם,false,,34.90,6.9800,true,1,6349
7290000478157,false,מעדני הטלה רבעי פרגי,,,רבעי פרגיות מתוק,קילוגרמים,1.00,"ק""ג",true,,54.90,54.9000,true,1,250221
7290000480107,false,קוואקר שיבולת שועל פחית 500 גרם,וולקרס סנקס לימיטד,GB,"קוואקר מהיר אטוס לל""",גרמים,500.00,100 גרם,false,,14.90,2.9800,true,1,24144
7290000480442,false,קוואקר שיבולת שועל בשקית 500 גרם,פריטו ליי FRITO-LAY,IL,שיבולת שועל בשקית קו,גרמים,500.00,100 גרם,false,,14.50,2.9000,true,1,24145
7290000481029,false,פיתות בטעם ביתי 10 יחידו,דגנית עין בר תעשיות מזון,IL,פיתות 10 יחידות בטעם,קילוגרמים,1.00,"ק""ג",false,,13.90,13.9000,true,1,56836
7290000481043,true,עשיריית פיתות כוסמין,,,עשיריית פיתות כוסמין,גרמים,700.00,100 גרם,false,,16.90,2.4143,true,1,126886
7290000481074,false,לחם משלושה קמחים מלאים 750 גר,דגנית עין בר תעשיות מזון,IL,לחם טריו מלא דגנית 7,גרמים,750.00,100 גרם,false,,19.90,2.6533,true,1,278493
7290000481531,false,דגנית עין בר לחמניות אצבע מחיטה מלאה בשקית 750 ג',דגנית עין בר תעשיות מזון,IL,לחמניות 10 יחידות חי,גרמים,750.00,100 גרם,false,,14.90,1.9867,true,1,4457
7290000481883,false,דגנית עין בר מארז לחמניות 10 יח'*75 ג',דגנית עין בר תעשיות מזון,IL,10 לחמניות דגנית,גרמים,750.00,100 גרם,false,,14.90,1.9867,true,1,4461
7290000482019,false,שקיות לצליה קוקי 10 יחידות,"ש. שסטוביץ בע""מ",IL,שקיות קוקי רגיל 10יח,יחידה,0.00,יחידה,false,,15.90,0.0000,true,1,21399
7290000483139,false,מרציפן גולמי המרשלג 100 גרם,"המרשלג פרלינס בע""מ",IL,המרשלג חטיף מרציפן ג,גרמים,100.00,100 גרם,false,,10.90,10.9000,true,1,13792
7290000484747,false,"ארק איילות 40% 700 מ""ל",יקב הגליל יוסף גולד ובניו,IL,"עלית הארק 40% 700 מ""",מיליליטרים,700.00,"100 מ""ל",false,,60.90,8.7000,true,1,28878
7290000490311,false,מנבו וניל פלדמן 6 יחידות,פלקו בעמ,IL,מנבו וניל 6 יחידות,גרמים,144.00,100 גרם,false,,12.90,8.9583,true,1,36046
7290000490601,false,גלידל וניל פלדמן מארז שמינייה,הגלידות של פלדמן,IL,גלידל מאגדת בטעם וני,גרמים,400.00,100 גרם,false,,34.90,8.7250,true,1,36048
7290000490762,false,גלידל שוקו פלדמן מארז שמינייה,הגלידות של פלדמן,IL,גלידל מאגדת בטעם שוק,גרמים,400.00,100 גרם,false,,34.90,8.7250,true,1,36050
7290000493176,false,אסם אבקת רוטב צלי לבשר 22 ג',"אסם השקעות בע""\מ",IL,אסם אבקת רוטב צלי לב,גרמים,22.00,100 גרם,false,,3.90,17.7273,true,1,18676
7290000493183,false,אבקת רוטב פטריות לבשר-30 גרם,"אסם השקעות בע""\מ",IL,אסם אבקת רוטב פטריות,גרמים,30.00,100 גרם,false,,3.90,13.0000,true,1,18677
7290000496360,false,פילה בקלה דרום אפרי,,,פילה בקלה דרום אפרי,קילוגרמים,1.00,"ק""ג",true,,54.90,54.9000,true,1,174906
7290000496780,false,פילה אמנון 5-7 80% ק,,,פילה אמנון 5-7 80% ק,קילוגרמים,1.00,"ק""ג",true,,34.90,34.9000,true,1,322160
7290000504025,false,ממתיק סוכרזית פטרייה עלית 300 גרם,אף.סי תבליני בגליל ב,IL,סוכרזית פטריה 300 טב,גרמים,246.00,100 גרם,false,,10.90,4.4309,true,1,22194
7290000504049,false,סוכרזית קלאסי קנקן 1200 טבליות,אף.סי תבליני בגליל ב,IL,סוכרזית קנקן 1200 טב,גרמים,984.00,100 גרם,false,,22.90,2.3272,true,1,22195
7290000504209,false,"סוכרזית דיאט טיפ נוזלי 220 מ""ל",אף.סי תבליני בגליל ב,IL,דיאט טיפ-ממתיק,מיליליטרים,220.00,"100 מ""ל",false,,20.90,9.5000,true,1,22196
7290000504278,false,ממתיק סוכרזית אריזת פטנט 700 טבליות,אף.סי תבליני בגליל ב,IL,סוכרזית פטנט 700 טבל,גרמים,574.00,100 גרם,false,,19.90,3.4669,true,1,22198
7290000507383,false,בולגרית 5% פנחס אמית,,,בולגרית 5% פנחס אמית,קילוגרמים,1.00,"ק""ג",true,,80.00,80.0000,true,1,16597
7290000511010,false,פרמז`נו בגלגל ויליפו,,,פרמז`נו בגלגל ויליפו,קילוגרמים,1.00,"ק""ג",true,,133.00,133.0000,true,1,2796
7290000518176,false,ממתיק מתוק וקל 250 שקיות,מתוק וקל בעמ,IL,מתוק וקל ענק 250 שקי,גרמים,250.00,100 גרם,false,,20.90,8.3600,true,1,15781
7290000518190,false,מתוק וקל סטיביה 100 יחידות,מתוק וקל,IL,מתוק וקל סטיביה 100,גרמים,80.00,100 גרם,false,,27.90,34.8750,true,1,15782
7290000518220,false,ממתיק סוכרה דיאט 100 יחידות,פתח תקווה,IL,סוכרה דיאט 100 יח,גרמים,80.00,100 גרם,false,,28.90,36.1250,true,1,15783
7290000518251,false,ממתיק זהב מתוק וקל 100 יחידות,קריות זול,IL,מתוק וקל זהב 100 שקי,גרמים,100.00,100 גרם,false,,12.90,12.9000,true,1,15785
7290000521008,false,יין אדום יבש של סגל750מל,"כרמי צבי - אחים סגל בע""\",IL,אדום יבש סגל.,מיליליטרים,750.00,"100 מ""ל",false,,22.90,3.0533,true,1,9374
7290000521022,false,"של סגל, יין לבן חצי יבש 750 מ""ל","מיוצר ע""י כרמי צבי-",IL,סגל לבן חצי יבש 750,מיליליטרים,750.00,"100 מ""ל",false,,22.90,3.0533,true,1,9376
7290000521411,false,יין מרום גליל סינגל מרלו 750 מל,כרמי צבי אחים סגל בע,IL,מרום גליל סינגל מרלו,מיליליטרים,750.00,"100 מ""ל",false,,42.90,5.7200,true,1,9385
7290000522142,false,חלב הרים טהור-עמיד- קרטון 1 לי 3%,"מחלבות רמת הגולן בע""",IL,חלב הרים טהור 3% 1 ל,ליטרים,1.00,ליטר,false,,8.90,8.9000,true,1,24918
7290000522166,false,חלב הרים טהור-עמיד- נטול לקטוז 1 לי 3%,"מחלבות רמת הגולן בע""",IL,חלב הרים טהור נ.לקטו,ליטרים,1.00,ליטר,false,,10.90,10.9000,true,1,24920
7290000522272,false,"שמנת לקפה רמת הגולן 10% 500 מ""ל עמידה",מחלבות רמת הגולן,IL,חלב הרים שמנת לקפה 1,מיליליטרים,500.00,"100 מ""ל",false,,9.90,1.9800,true,1,6357
7290000523125,false,מלח הארץ הים האדום 250 ג' עדין,"חברת מלח הארץ אילת בע""\מ",IL,מלח ים יבש הארץ 250,גרמים,250.00,100 גרם,false,,6.90,2.7600,true,1,24609
7290000523224,false,מלח הארץ הים האדום 500 ג' עדין,"חברת מלח הארץ אילת בע""\מ",IL,מלח ים יבש הארץ 500,גרמים,500.00,100 גרם,false,,8.90,1.7800,true,1,15452
7290000523521,false,מלח ים מלח הארץ 250 גרם מועשר ביוד,חברת מלח הארץ אילת ב,IL,מלח מעושר ביוד הארץ,גרמים,250.00,100 גרם,false,,7.90,3.1600,true,1,24610
7290000523804,false,"מלח עדין צנצנת 1 ק""ג מלח הארץ","חברת מלח הארץ אילת בע""\מ",IL,מלח עדין בצנצנת הארץ,קילוגרמים,1.00,"ק""ג",false,,7.50,7.5000,true,1,24611
7290000523811,false,"צנצנת מלח גס 1 ק""ג מלח הארץ","חברת מלח הארץ אילת בע""\מ",IL,מלח גס בצנצנת הארץ 1,קילוגרמים,1.00,"ק""ג",false,,7.50,7.5000,true,1,24612
7290000525969,false,מיץ תפוזים סחוט רכיבים טבעיים פרימור 1 ליטר,"גניר (1992) בע""מ",IL,פרימור מיץ תפוזים 1ל,ליטרים,1.00,ליטר,false,,15.90,15.9000,true,1,23248
7290000530024,false,נקניק תה מעושן רחב במשקל,זוגלובק,IL,תה מעושן זוגלובק,קילוגרמים,1.00,"ק""ג",true,,48.00,48.0000,true,1,38860
7290000530048,false,נקניק סלמי פפרוני במ,זוגלובק,IL,סלמי פפרוני זוגלובק,קילוגרמים,1.00,"ק""ג",true,,62.00,62.0000,true,1,38862
7290000530062,false,נקניק מעושן איטלקי במשקל,זוגלובק,IL,סלמי מעו. איטלקי זוג,קילוגרמים,1.00,"ק""ג",true,,86.00,86.0000,true,1,38863
7290000530086,false,נקניק סלמי מעושן זוגלובק 600 גרם,נקניק נהריה כשר זוגל,IL,סלמי מעושן 7000 א.מ.,גרמים,600.00,100 גרם,false,,37.90,6.3167,true,1,38898
7290000530109,false,קבנוס זוגי בואקום זוגלובק 180ג',נקניק נהריה כשר זוגל,IL,זוג קבנוס בוואקום 36,גרמים,360.00,100 גרם,false,,34.00,9.4444,true,1,38899
7290000530116,false,נקניק סלמי מעושן בשן 470 ג' זוגלובק,נקניק נהריה כשר זוגל,IL,סלמי מעושן בשן זוגלו,גרמים,470.00,100 גרם,false,,27.90,5.9362,true,1,38900
7290000530178,false,נקניק קוניאק זוגלובק,זוגלובק,IL,סלמי קוניאק זוגלובק.,קילוגרמים,1.00,"ק""ג",true,,89.00,89.0000,true,1,38866
7290000530260,false,נקניק מרטדלה רחב במשקל,זוגלובק,IL,נקניק מורטדלה זוגלוב,קילוגרמים,1.00,"ק""ג",true,,41.00,41.0000,true,1,38868
7290000530369,false,גולן ח.הודו מעוש.שלם משק,זוגלובק,IL,פסט. גולן 3% זוגלובק,קילוגרמים,1.00,"ק""ג",true,,89.00,89.0000,true,1,38870
7290000530413,false,המבורגר זהב זוגלובק 400 גרם,נקניק נהריה כשר זוגל,IL,המבורגר זהב 400גר,גרמים,400.00,100 גרם,false,,23.90,5.9750,true,1,38903
7290000530444,false,כתף בקר מעושן אורלנדו מש,זוגלובק,IL,כתף בקר מעושן זוגלוב,קילוגרמים,1.00,"ק""ג",true,,110.00,110.0000,true,1,38871
7290000530468,false,"נקניקיות וינר זוגלובק 1 ק""ג",זוגלובק,IL,נקניקיות וינר טרי 1ק,קילוגרמים,1.00,"ק""ג",false,,32.90,32.9000,true,1,38904
7290000530598,false,נקניקיות עוף וינר זוגלובק 500 גרם,נקניק נהריה כשר זוגל,IL,נקניקיות וינר טרי זו,גרמים,500.00,100 גרם,false,,17.90,3.5800,true,1,38907
7290000530703,false,פסטרמה חרמון כפרית ונקניק תה מעושן זוגלובק 2*400 גרם,נקניק נהריה כשר זוגל,IL,זוג תה 400 + חרמון 4,גרמים,800.00,100 גרם,false,,34.90,4.3625,true,1,38909
7290000531410,false,פסטרממיה בדבש טהור במשקל,זוגלובק,IL,פסט. בדבש טהור 3% זו,קילוגרמים,1.00,"ק""ג",true,,89.00,89.0000,true,1,38873
7290000532400,false,חזה הודו ברביקיו במשקל,זוגלובק,IL,ברביקיו חזה הודו זוג,קילוגרמים,1.00,"ק""ג",true,,89.00,89.0000,true,1,38874
7290000532585,false,נקניק רוסטביף חצוי ב,זוגלובק,IL,רוסטביף 4% זוגלובק,קילוגרמים,1.00,"ק""ג",true,,120.00,120.0000,true,1,38875
7290000532721,false,כתף בקר בפלפל טורו במשקל,זוגלובק,IL,כתף בקר מפולפל טורו,קילוגרמים,1.00,"ק""ג",true,,110.00,110.0000,true,1,38876
7290000533353,false,"בצק עלים צרפתי 1 ק""ג זוגלובק",מאפיית אריאל וגידרון,IL,זוגלובק בצק עלים 1קג,קילוגרמים,1.00,"ק""ג",false,,17.90,17.9000,true,1,38914
7290000533636,false,פסטרממיה צלויה על לב,זוגלובק,IL,פסטרמה צלויה על לבני,קילוגרמים,1.00,"ק""ג",true,,89.00,89.0000,true,1,38878
7290000534718,false,חזה הודו תבור דל שומן מש,זוגלובק,IL,תבור חזה מעושן ד.ש.,קילוגרמים,1.00,"ק""ג",true,,89.00,89.0000,true,1,38881
7290000534800,false,פסטרמה הודו רומני במשקל,זוגלובק,IL,פסטרמה רומנית 4% זוג,קילוגרמים,1.00,"ק""ג",true,,89.00,89.0000,true,1,38882
7290000536316,false,"שניצל מן הצומח זוגלובק 1 ק""ג",נקניק נהריה כשר זוגל,IL,"שניצל מן הצומח 1 ק""ג",קילוגרמים,1.00,"ק""ג",false,,30.90,30.9000,true,1,38918
7290000536774,false,"נקניקיות מן הצומח זוגלובק 1ק""ג בד""צ",זוגלובק טבע,IL,"נקניקיה 1 ק""ג בד""ץ.",קילוגרמים,1.00,"ק""ג",false,,40.90,40.9000,true,1,38921
7290000537566,false,נקניקיות עוף טרי 400 ג' זוגלובק,נקניק נהריה כשר זוגל,IL,נקניקיות עוף טרי 400,גרמים,400.00,100 גרם,false,,14.90,3.7250,true,1,38926
7290000537603,false,"נקניקיות עוף זוגלובק 1 ק""ג",זוגלובק,IL,"נקנקיות עוף 1 ק""ג -ז",קילוגרמים,1.00,"ק""ג",false,,32.90,32.9000,true,1,38927
7290000538709,false,נקניק סלמי תה מעושן זוגלובק 200 גרם,זוגלובק,IL,תה מעושן 200 גרם,גרמים,200.00,100 גרם,false,,16.90,8.4500,true,1,38932
7290000552118,false,נקניקיות מרגז טיבון ויל 400 גרם,טיבון ויל אחזקות בעמ,IL,נקנקיות מרגז 400 גרם,גרמים,400.00,100 גרם,false,,21.90,5.4750,true,1,16786
7290000552194,false,קישקע טיבון ויל 500 גרם,טיבון ויל אחזקות בעמ,IL,קישקע קפוא 500 גרם,גרמים,500.00,100 גרם,false,,14.90,2.9800,true,1,16788
7290000552569,false,סטייקבורגר בקר טיבון ויל 400 גרם,"טיבון ויל אחזקות בע""\מ",IL,סטייק בורגר 400 ג'-ט,גרמים,400.00,100 גרם,false,,20.90,5.2250,true,1,16789
7290000552934,false,בשר הודו טחון טיבון ויל 500 גרם,"טיבון ויל אחזקות בע""\מ",IL,טחון הודו 500 גרם,גרמים,500.00,100 גרם,false,,15.90,3.1800,true,1,16792
7290000554402,false,מעדן חלב מלבי 5% גד 170 גרם,"מיוצר ע""\י קוד יצרן EDNK",IL,"גד מלבי 160 מ""ל",מיליליטרים,160.00,"100 מ""ל",false,,6.50,4.0625,true,1,14616
7290000554457,false,גבינה צפתית במליחות עדינה 5% גד 350 גרם,"מחלבות גד בע""\מ",IL,גד צפתית מיני 5% 350,גרמים,350.00,100 גרם,false,,20.90,5.9714,true,1,14617
7290000554471,false,נקניק מוצרלה 22 אחוז 180גרם גד מהדרין,"מחלבות גד בע""\מ",IL,גד מוצרלה נקניק טבעי,גרמים,180.00,100 גרם,false,,18.90,10.5000,true,1,14618
7290000554532,false,גבינה צפתית מעודנת במלח ים 5% 200 ג' גד,הנסיך- מפעל לייצור ט,IL,גד צפתית מעודנת במלח,גרמים,200.00,100 גרם,false,,15.90,7.9500,true,1,14619
7290000554600,false,מוצרלה מגורדת 22 אחוז 300גרם גד מהדרין,מחלבות גד בעמ,IL,גד מוצרלה מגורדת %18,גרמים,300.00,100 גרם,false,,26.50,8.8333,true,1,14620
7290000554624,false,מעדן חלב ירח מתוק עם אורז 3% גד 150 גרם,"מיוצר ע""\י קוד יצרן EDNK",IL,גד ירח מתוק 150מל,גרמים,150.00,100 גרם,false,,6.50,4.3333,true,1,14621
7290000554686,false,גבינת לאבנה בתוספת שמן זית וזעתר 5% גד 250 גרם,מחלבות גד בעמ,IL,גד לאבנה בשמן זית וז,גרמים,250.00,100 גרם,false,,15.50,6.2000,true,1,14622
7290000554822,false,ריקוטה גבינה לבנה בסגנון איטלקי 5% גד 250 גרם,מחלבות גד בעמ,IL,גד ריקוטה טבעי 5% 25,גרמים,250.00,100 גרם,false,,15.90,6.3600,true,1,14624
7290000554839,false,מסקרפונה שמנת מתוקה קשה בסגנון איטלקי 40% גד 250 גרם,מחלבות גד בעמ,IL,גד מסקרפונה 40% 250ג,גרמים,250.00,100 גרם,false,,21.90,8.7600,true,1,14625
7290000560540,false,אדג' ג'ל גילוח כתום לעור רגיש 198גרם,המאפיה של הרמן,US,ג'ל גילוח כתום לעור,מיליליטרים,200.00,"100 מ""ל",false,,17.90,8.9500,true,1,5734
7290000561202,false,גרעינים חמניה 200 גרם פיצוחי חממה,,,גרעין חמניה קלוי 200,גרמים,200.00,100 גרם,false,,6.90,3.4500,true,1,1426
7290000561561,false,מנצ'יס 200 גרם פיצוחי חממה,,,פוסידון מנצ'יס 200ג,גרמים,200.00,100 גרם,false,,9.90,4.9500,true,1,1445
7290000571119,false,גאודה טבעי בית יצחק,תנובה מרכז שיתופי לש,IL,גאודה טבעי המחלבה,קילוגרמים,1.00,"ק""ג",true,,108.00,108.0000,true,1,25645
7290000571188,false,גבינת גאודה תום עיזים במשקל,תנובה מרכז שיתופי לש,IL,גאודה תום עזים המחלב,קילוגרמים,1.00,"ק""ג",true,,145.00,145.0000,true,1,25647
7290000571294,false,גבינת גאודה מעושנת ב,מחלבה בית יצחק,IL,גאודה מעושנת המחלבה,קילוגרמים,1.00,"ק""ג",true,,108.00,108.0000,true,1,25649
7290000571386,false,המחלבה יוגורמה יוגורט מחלב כבשים 5% 850 גרם,גבינות משק אחים מאיר בית,IL,יוגורמה דלי 5% 850 ג,גרמים,850.00,100 גרם,false,,27.90,3.2824,true,1,25831
7290000574028,false,לחם שחור מועשר בחומצה פולית וויטמינים דגנים 750 גרם,יוניליוור גרמניה Gm,IL,לחם אחיד פרוס מועשר,גרמים,750.00,100 גרם,false,,8.90,1.1867,true,1,4466
7290000574035,false,לחם אחיד פרוס 750גרם דגנית עין בר,יוניליוור גרמניה Gm,IL,לחם אחיד פרוס דגנית,גרמים,750.00,100 גרם,false,,7.11,0.9480,true,1,4467
7290000574059,false,8 לחמניות מחיטה מלאה בתוספת דגנים וגרעינים דגנית 600 גרם,דגנית עין בר תעשיות מזון,IL,8 לחמניות מחיטה מלאה,יחידה,0.00,יחידה,false,,15.90,0.0000,true,1,56898
7290000574066,false,לחם מלא פלוס שיפון דגנית 750 גרם,דגנית עין בר תעשיות מזון,IL,לחם מלא עם שיפון דגנ,יחידה,0.00,יחידה,false,,15.90,0.0000,true,1,4469
7290000574141,false,לחם חיטה מלא 750ג' דגנית עין בר,דגנית עין בר תעשיות מזון,IL,לחם חיטה מלאה דגנית,גרמים,750.00,100 גרם,false,,15.90,2.1200,true,1,4473
7290000574172,false,לחם קל מחיטה מלאה 750 ג' דגנית עין בר,דגנית עין בר תעשיות מזון,IL,לחם קל חיטה מלאה דגנ,גרמים,750.00,100 גרם,false,,16.90,2.2533,true,1,4475
7290000574370,false,לחם שיפון אמיתי קל דגנית 500 גרם,דגנית עין בר תעשיות מזון,IL,לחם שיפון אמיתי קל ד,גרמים,750.00,100 גרם,false,,16.90,2.2533,true,1,4483
7290000574455,false,לחם חיטה מלא פלוס כוסמין 750 ג' דגנית עין בר,פריט ללא פיקוח,IL,לחם חיטה מלא+כוסמין,גרמים,750.00,100 גרם,false,,15.90,2.1200,true,1,4487
7290000574509,false,מארז 6 לחמניות אצבע דגנית,מאפ. דגנית עין-בר,IL,6 לחמניות חצויות דגנ,גרמים,450.00,100 גרם,false,,12.90,2.8667,true,1,4488
7290000578085,false,גבינת מוצרלה 21% ויל,,,גבינת מוצרלה 21% ויל,קילוגרמים,1.00,"ק""ג",true,,58.00,58.0000,true,1,2802
7290000596523,false,סטייק אנטריקוט משובח,,,סטייק אנטריקוט משובח,קילוגרמים,1.00,"ק""ג",true,,89.90,89.9000,true,1,16603
7290000599472,false,שישיית כריות יפניות שייני,,IL,שישיית כריות יפניות,יחידה,0.00,יחידה,false,,8.90,0.0000,true,1,13443
7290000604343,false,תמר דקל נור 400 גר,פרי וירק טמרה ושותפי,,תמר דקל נור 400גר,גרמים,400.00,100 גרם,false,,9.90,2.4750,true,1,42917
7290000611299,false,פילה נסיכת הנילוס 50,,,פילה נסיכת הנילוס 50,קילוגרמים,1.00,"ק""ג",true,,69.90,69.9000,true,1,286433
7290000614566,false,אסאדו מס' 9 חלק ארוז,,,אסאדו מס' 9 חלק ארוז,קילוגרמים,1.00,"ק""ג",true,,69.90,69.9000,true,1,208951
7290000628170,false,צלי כתף מס' 5 חלק בר,,,צלי כתף מס' 5 חלק בר,קילוגרמים,1.00,"ק""ג",true,,69.90,69.9000,true,1,242850
7290000644783,false,נתחי פילה סלמון קפוא קג,דגי תנובה,DK,דגי תנובה נתחי פילה,קילוגרמים,1.00,"ק""ג",true,,89.90,89.9000,true,1,26470
7290000652542,false,פילה אמנון קפוא 5-7 קג,דגי תנובה,IL,פילה אמנון 5-7 100%,קילוגרמים,1.00,"ק""ג",true,,39.90,39.9000,true,1,89040
7290000654546,false,פילה אמנון 7-9 100% דג תנובה,תנובה,CN,פילה אמנון 7-9 100%,קילוגרמים,1.00,"ק""ג",true,,39.90,39.9000,true,1,89042
7290000655376,false,פילה דניס קפוא תנובה,דגי תנובה,TR,פילה דניס קפוא,קילוגרמים,1.00,"ק""ג",true,,89.90,89.9000,true,1,26476
7290000658926,false,"פילה מרלוזה קפוא 100% ""תנובה""",דגי תנובה,AR,פילה מרלוזה קפוא 100,קילוגרמים,1.00,"ק""ג",true,,32.90,32.9000,true,1,26479
7290000659312,false,פילה סלמון פרימיום דגי תנובה,דגי תנובה,IL,דגי תנובה פילה סלמון,קילוגרמים,1.00,"ק""ג",true,,79.90,79.9000,true,1,26480
7290000662213,false,נתח פילה סלמון קפוא תנובה,תנובה,IL,נתח פילה סלמון קפוא,קילוגרמים,1.00,"ק""ג",true,,89.90,89.9000,true,1,26482
7290000662817,false,סלמון מעושן 100 גרם נורבגי מדג טרי,דגי תנובה,IL,סלמון מעושן פרוס 100,גרמים,100.00,100 גרם,false,,18.90,18.9000,true,1,126609
7290000663036,false,פילה אמנון קפוא ללא עור 100% דג תנובה,דגי תנובה,IL,פילה אמנון ללא עור 1,קילוגרמים,1.00,"ק""ג",true,,44.90,44.9000,true,1,150176
7290000663135,false,קוביות סלומון קפוא 100% דג 300 גרם תנובה,"צ'\ילה, Ll MONTT, PUERTO",CL,קוביות סלמון 300 גרם,גרמים,300.00,100 גרם,false,,32.90,10.9667,true,1,167984
7290000679318,false,חזה הודו נקבה ארוז,,,חזה הודו נקבה ארוז,קילוגרמים,1.00,"ק""ג",true,,34.90,34.9000,true,1,49861
7290000679332,false,כנף הודו נקבה ארוז,,,כנף הודו נקבה ארוז,קילוגרמים,1.00,"ק""ג",true,,19.90,19.9000,true,1,49863
7290000679356,false,שוקיים הודו נקבה ארו,,,שוקיים הודו נקבה ארו,קילוגרמים,1.00,"ק""ג",true,,28.90,28.9000,true,1,49865
7290000679363,false,שווארמה הודו נקבה אר,,,שווארמה הודו נקבה אר,קילוגרמים,1.00,"ק""ג",true,,74.90,74.9000,true,1,49866
7290000679370,false,גרון הודו נקבה ארוז,,,גרון הודו נקבה ארוז,קילוגרמים,1.00,"ק""ג",true,,29.90,29.9000,true,1,49867
7290000679462,false,חזה הודו נקבה מחפוד,,,חזה הודו נקבה מחפוד,קילוגרמים,1.00,"ק""ג",true,,34.90,34.9000,true,1,49873
7290000679509,false,גרונות הודו מחפוד טר,,,גרונות הודו מחפוד טר,קילוגרמים,1.00,"ק""ג",true,,29.90,29.9000,true,1,49877
7290000679516,false,כנף הודו נקבה מחפוד,,,כנף הודו נקבה מחפוד,קילוגרמים,1.00,"ק""ג",true,,19.90,19.9000,true,1,49878
7290000680123,false,כנפיים עוף טרי ארוז,,,כנפיים עוף טרי ארוז,קילוגרמים,1.00,"ק""ג",true,,11.90,11.9000,true,1,49880
7290000680130,false,שוקיים עוף טרי ארוז,,,שוקיים עוף טרי ארוז,קילוגרמים,1.00,"ק""ג",true,,32.90,32.9000,true,1,49881
7290000680147,false,כרעיים עוף טרי ארוז,,,כרעיים עוף טרי ארוז,קילוגרמים,1.00,"ק""ג",true,,27.90,27.9000,true,1,49882
7290000680154,false,שניצל עוף טרי ארוז,,,שניצל עוף טרי ארוז,קילוגרמים,1.00,"ק""ג",true,,37.90,37.9000,true,1,49883
7290000680161,false,חזה עוף שלם טרי ארוז,,,חזה עוף שלם טרי ארוז,קילוגרמים,1.00,"ק""ג",true,,31.90,31.9000,true,1,49884
7290000680178,false,ירכיים עוף טרי ארוז,,,ירכיים עוף טרי ארוז,קילוגרמים,1.00,"ק""ג",true,,27.90,27.9000,true,1,49885
7290000680185,false,פילה עוף טרי ארוז,,,פילה עוף טרי ארוז,קילוגרמים,1.00,"ק""ג",true,,37.90,37.9000,true,1,49886
7290000680444,false,עוף שלם טרי ארוז,,,עוף שלם טרי ארוז,קילוגרמים,1.00,"ק""ג",true,,19.90,19.9000,true,1,49888
7290000680451,false,כבד עוף טרי ארוז.,,,כבד עוף טרי ארוז.,קילוגרמים,1.00,"ק""ג",true,,23.90,23.9000,true,1,49889
7290000680468,false,קורקבן עוף טרי ארוז,,,קורקבן עוף טרי ארוז,קילוגרמים,1.00,"ק""ג",true,,9.90,9.9000,true,1,49890
7290000680475,false,לבבות עוף טרי ארוז,,,לבבות עוף טרי ארוז,קילוגרמים,1.00,"ק""ג",true,,29.90,29.9000,true,1,49891
7290000680529,false,שניצל עוף טרי ארוז,,,שניצל עוף טרי ארוז,קילוגרמים,1.00,"ק""ג",true,,37.90,37.9000,true,1,49894
7290000680536,false,סטייק פרגית טרי כרע,,,סטייק פרגית טרי כרע,קילוגרמים,1.00,"ק""ג",true,,57.90,57.9000,true,1,49895
7290000681281,false,עוף טרי מחפוד ארוז-ק,,,עוף טרי מחפוד ארוז-ק,קילוגרמים,1.00,"ק""ג",true,,27.90,27.9000,true,1,49896
7290000681298,false,חזה עוף טרי מחפוד אר,,,חזה עוף טרי מחפוד אר,קילוגרמים,1.00,"ק""ג",true,,34.90,34.9000,true,1,49897
7290000681304,false,כרעיים עוף טרי מחפוד,,,כרעיים עוף טרי מחפוד,קילוגרמים,1.00,"ק""ג",true,,34.90,34.9000,true,1,49898
7290000681311,false,ירכיים עוף טרי מחפוד,,,ירכיים עוף טרי מחפוד,קילוגרמים,1.00,"ק""ג",true,,34.90,34.9000,true,1,49899
7290000681328,false,מחפוד שוקיים עוף טרי,,,מחפוד שוקיים עוף טרי,קילוגרמים,1.00,"ק""ג",true,,36.90,36.9000,true,1,49900
7290000681335,false,פרגיות עוף טרי מחפוד,,,פרגיות עוף טרי מחפוד,קילוגרמים,1.00,"ק""ג",true,,74.90,74.9000,true,1,49901
7290000681342,false,לבבות עוף טרי מחפוד,,,לבבות עוף טרי מחפוד,קילוגרמים,1.00,"ק""ג",true,,36.90,36.9000,true,1,49902
7290000681359,false,כבד עוף טרי ארוז מחפ,,,כבד עוף טרי ארוז מחפ,קילוגרמים,1.00,"ק""ג",true,,34.90,34.9000,true,1,49903
7290000681366,false,כנפיים עוף מחפוד ב-ק,,,כנפיים עוף מחפוד ב-ק,קילוגרמים,1.00,"ק""ג",true,,16.90,16.9000,true,1,49904
7290000681373,false,גרון עוף טרי מחפוד א,,,גרון עוף טרי מחפוד א,קילוגרמים,1.00,"ק""ג",true,,7.90,7.9000,true,1,49905
7290000681380,false,שניצל עוף טרי מחפוד,,,שניצל עוף טרי מחפוד,קילוגרמים,1.00,"ק""ג",true,,36.90,36.9000,true,1,49906
7290000688084,false,מי עדן פקק ספורטאים500מל,"מופק ממקור בזלתי עדן ,1",IL,מי עדן 1/2 ליטר ספור,מיליליטרים,500.00,"100 מ""ל",false,,2.90,0.5800,true,1,11455
7290000688176,false,מים מינרליים בייבי מ,מופק ממקור בזלתי עדן,IL,"מי עדן בייבי 330 מ""ל",מיליליטרים,250.00,"100 מ""ל",false,,3.90,1.5600,true,1,11457
7290000688374,false,"מים מינרליים מי עדן בייבי 6*330 מ""ל","מופק ממקור בזלתי עדן ,1",IL,"מי עדן בייבי 330 מ""ל",ליטרים,1.98,ליטר,false,,17.90,9.0404,true,1,11458
7290000688381,false,שישיית מי עדן פקק ספורט 0.5 ליטר,"מופק ממקור בזלתי עדן ,1",IL,מי עדן פקק ספורט 6*5,ליטרים,3.00,ליטר,false,,15.90,5.3000,true,1,11459
7290000688466,false,מים מינרלים פקק ספור,מופק ממקור בזלתי עדן,IL,מי עדן ג'ים 750מל,מיליליטרים,750.00,"100 מ""ל",false,,4.90,0.6533,true,1,11461
7290000688503,false,"מים מינרלים פקק ספורט מי עדן 6*750 מ""ל","מופק ממקור בזלתי עדן ,1",IL,מי עדן ג'ים 6*750מל,ליטרים,4.50,ליטר,false,,19.90,4.4222,true,1,11462
7290000688732,false,שישיית מי עדן 1.5 ליטר משפחתי,"מופק ממקור בזלתי עדן ,1",IL,מי עדן 6*1.5 ליטר,ליטרים,9.00,ליטר,false,,13.90,1.5444,true,1,11467
7290000692203,false,נוזל לניקוי כללי ורצפות בניחוח לימון אג'קס 2 ליטר,הנסיך- מפעל לייצור ט,GR,אג'קס ניקוי כללי ורצ,ליטרים,2.00,ליטר,false,,27.90,13.9500,true,1,21403
7290000692210,false,נוזל לניקוי כללי ורצפות בניחוח לבנדר אג'קס 2 ליטר,הנסיך- מפעל לייצור ט,GR,אג'קס ניקוי כללי ורצ,ליטרים,2.00,ליטר,false,,27.90,13.9500,true,1,21404
7290000692227,false,נוזל כלים פלמוליב צילינדר קלאסי 1 ליטר,יבואן ומשווק: ש. שסט,GR,פלמוליב לכלים קלאסי-,יחידה,0.00,יחידה,false,,14.90,0.0000,true,1,21405
7290000692456,false,אג'קס חלונות זוג 750*2 מל ספריי ורפיל,הנסיך- מפעל לייצור ט,GR,אגקס חלונות זוג,ליטרים,1.50,ליטר,false,,27.90,18.6000,true,1,21408
7290000707345,false,חזה עוף שלם טרי ארוז,,,חזה עוף שלם טרי ארוז,קילוגרמים,1.00,"ק""ג",true,,31.90,31.9000,true,1,17980
7290000707369,false,כרעיים עוף טרי ארוז,,,כרעיים עוף טרי ארוז,קילוגרמים,1.00,"ק""ג",true,,27.90,27.9000,true,1,17982
7290000707376,false,ירכיים עוף טרי ארוז,,,ירכיים עוף טרי ארוז,קילוגרמים,1.00,"ק""ג",true,,27.90,27.9000,true,1,17983
7290000707383,false,שוקיים עוף טרי ארוז,,,שוקיים עוף טרי ארוז,קילוגרמים,1.00,"ק""ג",true,,32.90,32.9000,true,1,17984
7290000707390,false,פרגית עוף טרי ארוז ש,,,פרגית עוף טרי ארוז ש,קילוגרמים,1.00,"ק""ג",true,,59.90,59.9000,true,1,17985
7290000707420,false,עוף שלם טרי ארוז,,,עוף שלם טרי ארוז,קילוגרמים,1.00,"ק""ג",true,,18.90,18.9000,true,1,17986
7290000707437,false,כנפיים עוף טרי ארוז,,,כנפיים עוף טרי ארוז,קילוגרמים,1.00,"ק""ג",true,,11.90,11.9000,true,1,17987
7290000707451,false,לבבות עוף טרי ארוז,,,לבבות עוף טרי ארוז,קילוגרמים,1.00,"ק""ג",true,,29.90,29.9000,true,1,17989
7290000707468,false,כבד עוף טרי ארוז,,,כבד עוף טרי ארוז,קילוגרמים,1.00,"ק""ג",true,,23.90,23.9000,true,1,17990
7290000707543,false,פילה עוף טרי ארוז,,,פילה עוף טרי ארוז,קילוגרמים,1.00,"ק""ג",true,,37.90,37.9000,true,1,17992
7290000708151,false,שניצל עוף טרי ארוז,,,שניצל עוף טרי ארוז,קילוגרמים,1.00,"ק""ג",true,,37.90,37.9000,true,1,18006
7290000725600,false,גבינת חריץ סקנדינבית,,,סקנדינבית חריץ מע.,קילוגרמים,1.00,"ק""ג",true,,76.00,76.0000,true,1,25654
7290000740212,false,נקניקיות ג'מבו שקיל,,,נקניקיות ג'מבו שקיל,קילוגרמים,1.00,"ק""ג",true,,25.90,25.9000,true,1,38893
7290000804484,false,אלמקס שטיפת פה דנטלית למניעת עששת 400מל,קולגייט פלמוליב,CH,אלמקס שטיפת פה דנטלי,מיליליטרים,400.00,"100 מ""ל",false,,31.90,7.9750,true,1,21415
7290000835954,false,פילה אמנון 5-7 בוואק,,,פילה אמנון 5-7 בוואק,קילוגרמים,1.00,"ק""ג",true,,32.90,32.9000,true,1,69292
7290000835961,false,פילה אמנון 7-9 בוואק,,,פילה אמנון 7-9 בוואק,קילוגרמים,1.00,"ק""ג",true,,32.90,32.9000,true,1,69293
7290000900313,false,פסט. ספרדית ט.צבי מע,,,פסט. ספרדית ט.צבי מע,קילוגרמים,1.00,"ק""ג",true,,79.00,79.0000,true,1,25301
7290000900436,false,טירת צבי פסטרמה איטל,,,פסט.איטלקית ט.צבי מע,קילוגרמים,1.00,"ק""ג",true,,79.00,79.0000,true,1,25304
7290000910291,false,פלפל צ`ילי,,,פלפל צ`ילי,גרמים,100.00,100 גרם,false,,7.90,7.9000,true,1,46554
7290000982393,false,סיימן ברס בלו במשקל,,,סיימן ברס בלו במשקל,קילוגרמים,1.00,"ק""ג",true,,199.00,199.0000,true,1,16635
7290001041123,false,שקדים מולבנים פרוסים מיה 100 גרם,מיה תעשיות מזון מ.ת.מ. ב,IL,מיה שקד מולבן פרוס 1,גרמים,100.00,100 גרם,false,,12.80,12.8000,true,1,14841
7290001041147,false,חומוס גדול יבש מיה 1 ק'ג,מיה תעשיות מזון מ.ת.מ. ב,IL,חומוס 1 ק'ג,קילוגרמים,1.00,"ק""ג",false,,13.90,13.9000,true,1,14843
7290001041154,false,"גריסים יבש מיה 1 ק""ג",מיה תעשיות מזון מ.ת.מ. ב,IL,גריסים 1 ק'ג,קילוגרמים,1.00,"ק""ג",false,,9.90,9.9000,true,1,14844
7290001041161,false,"שעועית לבנה יבשה מיה 1 ק""ג",מיה תעשיות מזון מ.ת.מ. ב,IL,שעועית 1 ק'ג,קילוגרמים,1.00,"ק""ג",false,,16.90,16.9000,true,1,14845
7290001041185,false,"פופקורן גרעינים מיה 1 ק""ג",מיה תעשיות מזון מ.ת.מ. ב,IL,פופקורן 1 ק'ג,קילוגרמים,1.00,"ק""ג",false,,10.90,10.9000,true,1,14847
7290001041192,false,"עדשים אדומים יבשים מיה 1 ק""ג",מיה תעשיות מזון מ.ת.מ. ב,IL,עדשים אדומות 1 ק'ג,קילוגרמים,1.00,"ק""ג",false,,13.90,13.9000,true,1,14848
7290001041215,false,"מיה חיטה 1 ק""ג",מיה תעשיות מזון מ.ת.מ. ב,IL,חיטה 1 ק'ג,קילוגרמים,1.00,"ק""ג",false,,9.90,9.9000,true,1,14850
7290001041222,false,"חומוס לבן ענק ק''ג מיה 1 ק""ג",מיה תעשיות מזון מ.ת.מ. ב,IL,חומוס לבן ענק 1 ק'ג,קילוגרמים,1.00,"ק""ג",false,,19.90,19.9000,true,1,14851
7290001041260,false,שומשום מיה 400 גרם,מיה תעשיות מזון מ.ת.מ. ב,IL,שומשום מיה 400 גרם,גרמים,400.00,100 גרם,false,,13.90,3.4750,true,1,14852
7290001041291,false,לקקן סוכריה על מקל 70יח',מיה תעשיות מזון מ.ת.מ. ב,IL,לקקנים סוכריות על מק,גרמים,70.00,100 גרם,false,,18.90,27.0000,true,1,14855
7290001041840,false,"שקדים טחונים 250ג' מיה בד""ץ כשל""פ",מיה תעשיות מזון מ.ת.מ. ב,IL,שקדים טחונים 250 גרם,גרמים,250.00,100 גרם,false,,19.90,7.9600,true,1,14869
7290001041994,false,"סוכר דמררה בצנצנת מיה 1 ק""ג",מיה תעשיות מזון מ.ת.מ. ב,IL,סוכר זהב דמררה צנצנת,קילוגרמים,1.00,"ק""ג",false,,11.90,11.9000,true,1,14878
7290001045169,false,מיץ תפוחי עץ צלול פרימור 1 ליטר,"גניר (1992) בע""מ",IL,פרימור מיץ תפוחים צל,ליטרים,1.00,ליטר,false,,15.90,15.9000,true,1,23249
7290001121054,false,צמד חמד פסטרמה וסלמי יחיעם 700 גרם,תאי פרזידנט פוד פאבל,IL,יחיעם צמד חמד 700 גר,גרמים,700.00,100 גרם,false,,24.90,3.5571,true,1,15549
7290001136287,false,"שמפו לשיער רגיל בבושם פרחים נקה 7 750 מ""ל","אמיליה קוסמטיקס בע""מ",IL,שמפו רגיל ירוק נקה 7,מיליליטרים,750.00,"100 מ""ל",false,,12.90,1.7200,true,1,29791
7290001136294,false,"שמפו לשיער יבש בבישום פרחים נקה 7 750 מ""ל","אמיליה קוסמטיקס בע""מ",IL,שמפו יבש אדום נקה 7,מיליליטרים,750.00,"100 מ""ל",false,,12.90,1.7200,true,1,29792
7290001136683,false,"מרכך לשיער רגיל בבושם פרחים נקה 7 750 מ""ל","אמיליה קוסמטיקס בע""מ",IL,מרכך רגיל ירוק נקה 7,מיליליטרים,750.00,"100 מ""ל",false,,12.90,1.7200,true,1,29796
7290001136973,false,נקה 7 תחליב רחצה ארומה קמומיל לבן 1 ל',טרופיקל דגיל תעשיות,IL,תחליב רחצה קמומיל נק,יחידה,0.00,יחידה,false,,16.60,0.0000,true,1,29798
7290001201510,false,תבנית ביצים מדיום 30 יח',"מ.לסר בע""מ",IL,30 ביצים M מ.לסר,יחידה,0.00,יחידה,false,,27.87,0.0000,true,1,13617
7290001201589,false,ביצים 12\l גדול-מחיר בפיקוח,"מ.לסר בע""מ",IL,12 ביצים L מ.לסר,יחידה,0.00,יחידה,false,,12.05,0.0000,true,1,13620
7290001201596,false,ביצים ארוזות M 12 יחידות,שופרסל,IL,12 ביצים M מ.לסר,יחידה,0.00,יחידה,false,,11.15,0.0000,true,1,13621
7290001201602,false,ביצים 18 יח גדול לסר,לסר,IL,18ביצים L מ.לסר,יחידה,0.00,יחידה,false,,18.07,0.0000,true,1,205148
7290001201824,false,תבנית ביצים 12 יח' לארג' אורגני,מ.לסר,IL,12 ביצים L אורגני מ,יחידה,0.00,יחידה,false,,23.90,0.0000,true,1,13629
7290001201855,false,ביצים אומגה L/12 גדול ארוז,מ.לסר,IL,12ביצים L אומגה 3 מ,יחידה,0.00,יחידה,false,,19.90,0.0000,true,1,13631
7290001201862,false,ביצי חופש לארג' 12 יחידות,מ.לסר,IL,12 ביצים חופש L מ. ל,יחידה,0.00,יחידה,false,,19.90,0.0000,true,1,13632
7290001201893,false,ביצים אומגה M/12 ארוז,,,12 ביצים M אומגה 3,יחידה,0.00,יחידה,false,,18.90,0.0000,true,1,13634
7290001216040,false,טחינה גולמית שומשום טהור אל ארז 500 גרם,אגס ירוק מסחר ושירותים,IL,טחינה אל ארז 100% שו,גרמים,500.00,100 גרם,false,,15.90,3.1800,true,1,34838
7290001216057,false,"טחינה שומשום טהור אל ארז 1 ק""ג",אגס ירוק מסחר ושירותים,IL,טחינה אל ארז 100% שו,קילוגרמים,1.00,"ק""ג",false,,29.90,29.9000,true,1,34839
7290001216101,false,"טחינה שומשום מלא אל ארז 1 ק""ג",טחינה אל ארז,IL,טחינה אל ארז 100% שו,קילוגרמים,1.00,"ק""ג",false,,32.90,32.9000,true,1,290075
7290001216231,false,טחינה גולמית שומשום מלא אל ארז 500 גרם,אגס ירוק מסחר ושירותים,IL,טחינה מלאה 100% שומש,גרמים,500.00,100 גרם,false,,16.90,3.3800,true,1,34843
7290001231932,false,ווינסטון כחול בוקס חפיסה,Unknown,CH,וינסטון קופסא בודדת,יחידה,0.00,יחידה,false,,34.00,0.0000,false,1,4078
7290001235938,false,וינסטון כחול ארוך חפיסה,Unknown,CH,וינסטון קופסא בודדת,יחידה,0.00,יחידה,false,,34.00,0.0000,false,1,4080
7290001245699,false,אקונומיקה סמיכה בניחוח לימון 4 ל' טאצ',,IL,ג'ל אקונומיקה סמיכה,ליטרים,4.00,ליטר,false,,14.90,3.7250,true,1,37961
7290001245705,false,אקונומיקה מבושמת טאצ' 4 ליטר,סאסאטק,IL,אקונומיקה מבושמת 4 ל,ליטרים,4.00,ליטר,false,,10.90,2.7250,true,1,37962
7290001245712,false,אקונומיקה 4 ליטר טאצ,,,אקונומיקה טאצ' 4 ליט,ליטרים,4.00,ליטר,false,,10.90,2.7250,true,1,37963
7290001245729,false,ג'ל כביסה ירוקה טאצ 3 ליטר סלקט,,IL,ג'ל כביסה ירוק 3 ליט,ליטרים,1.00,ליטר,false,,19.90,19.9000,true,1,37964
7290001245736,false,ג'ל כביסה כחול טאצ' 3 ליטר סלקט,,IL,ג'ל כביסה כחול 3 ליט,ליטרים,1.00,ליטר,false,,19.90,19.9000,true,1,37965
7290001245897,false,נוזל רצפות יסמין 4 לי' טאצ',,IL,נוזל רצפות יסמין 4 ל,ליטרים,4.00,ליטר,false,,13.90,3.4750,true,1,37976
7290001245958,false,מרכך כביסה ורוד טאצ' 4 ליטר,,IL,מרכך כביסה טאצ' ורוד,ליטרים,4.00,ליטר,false,,15.90,3.9750,true,1,37981
7290001245965,false,מרכך כביסה כחול טאצ' 4 ליטר,,IL,מרכך כביסה טאצ' כחול,ליטרים,4.00,ליטר,false,,15.90,3.9750,true,1,37982
7290001245972,false,מרכך כביסה לבן טאצ' 4 ליטר,,IL,מרכך כביסה טאצ' לבן,ליטרים,4.00,ליטר,false,,15.90,3.9750,true,1,37983
7290001245989,false,מרכך כביסה סגול טאצ' 4 ליטר,,IL,מרכך כביסה טאצ' סגול,ליטרים,4.00,ליטר,false,,15.90,3.9750,true,1,37984
7290001246054,false,פותח סתימות 1 ליטר טאצ,סאסאטק,IL,פותח סתימות 1 ליטר ט,ליטרים,1.00,ליטר,false,,15.90,15.9000,true,1,37985
7290001246085,false,טאצ' מרסס ניקוי חלונות 1 ליטר,,IL,תרסיס מנקה חלונות 1,ליטרים,1.00,ליטר,false,,6.90,6.9000,true,1,37988
7290001246108,false,"טאצ' תרסיס מסיר אבנית 750 מ""ל",,,תרסיס מסיר אבנית 750,מיליליטרים,750.00,"100 מ""ל",false,,14.90,1.9867,true,1,37990
7290001246115,false,"תרסיס מסיר עובש 750 מ""ל טאצ'",,,תרסיס מסיר עובש 750,מיליליטרים,750.00,"100 מ""ל",false,,14.90,1.9867,true,1,37991
7290001246122,false,"תרסיס ניקוי כללי+אקונומיקה 750 מ""ל טאצ",סאסאטק,IL,תרסיס לניקוי כללי 75,מיליליטרים,750.00,"100 מ""ל",false,,14.90,1.9867,true,1,37992
7290001246146,false,מסיר אבן 1 ליטר טאצ',,,מסיר אבן 1 ליטר טאצ',ליטרים,1.00,ליטר,false,,15.90,15.9000,true,1,37994
7290001246337,false,"ג'ל אסלות אורנים טאצ' 750 מ""ל",,IL,ג'ל אסלות אורנים טאצ,מיליליטרים,750.00,"100 מ""ל",false,,10.90,1.4533,true,1,37998
7290001246351,false,נוזל רצפות לבנדר 4 לי' טאצ',,IL,נוזל רצפות לבנדר 4 ל,ליטרים,4.00,ליטר,false,,13.90,3.4750,true,1,38000
7290001246528,false,מרכך כביסה מרוכז פרפיום מיסטרי טאצ' 1 ל',סאסאטק,IL,מרכך כביסה מרוכז פרפ,ליטרים,1.00,ליטר,false,,14.90,14.9000,true,1,38003
7290001246801,false,נוזל רצפות פרקט טאצ' 2 ליטר,,,נוזל רצפות פרקט טאצ',ליטרים,2.00,ליטר,false,,19.90,9.9500,true,1,38007
7290001247068,false,קרטונית נקטר ספרינג תות בננה 1 ליטר,יפאורה שותפות מובגלת לשיווק,IL,ספרינג תות בננה קרטו,ליטרים,1.00,ליטר,false,,6.90,6.9000,true,1,11476
7290001247082,false,מיץ עגבניות רכיבים טבעיים ספרינג 1 ליטר,יפאורה שותפות מובגלת לשיווק,IL,ספרינג עגבניות קרטונ,ליטרים,1.00,ליטר,false,,6.90,6.9000,true,1,11477
7290001247099,false,קרטונית נקטר ספרינג מנגו 1 ליטר,יפאורה שותפות מובגלת לשיווק,IL,ספרינג מנגו קרטונית,ליטרים,1.00,ליטר,false,,6.90,6.9000,true,1,11478
7290001247105,false,קרטונית נקטר ספרינג אפרסק 1 ליטר,יפאורה שותפות מובגלת לשיווק,IL,ספרינג נקטר אפרסק 1ל,ליטרים,1.00,ליטר,false,,6.90,6.9000,true,1,11479
7290001247112,false,קרטונית נקטר ספרינג לימונענע 1 ליטר,יפאורה שותפות מובגלת לשיווק,IL,ספרינג לימונענע קרטו,ליטרים,1.00,ליטר,false,,6.90,6.9000,true,1,11480
7290001247129,false,נקטר ספרינג תפוזים קרטונית 1 ל',יפאורה שותפות מובגלת לשיווק,IL,ספרינג תפוז קרטונית,ליטרים,1.00,ליטר,false,,6.90,6.9000,true,1,11481
7290001247143,false,קרטונית נקטר ספרינג תפוחים 1 ליטר,יפאורה שותפות מובגלת לשיווק,IL,ספרינג תפוח קרטונית,ליטרים,1.00,ליטר,false,,6.90,6.9000,true,1,11483
7290001274231,false,שלגון פיסטוק פלדמן,,IL,שלגון פסים 75 גרם,גרמים,75.00,100 גרם,false,,6.90,9.2000,true,1,264125
7290001274293,false,סנקור XL ארוך 70 גרם,פלדמן,IL,סנקור XL ארוך 70 גרם,גרמים,70.00,100 גרם,false,,7.90,11.2857,true,1,264069
7290001274576,false,גלידל וניל תות 0% שומן ללא סוכר,גלידות פלדמן,IL,גלידל בטעם תות וניל,גרמים,450.00,100 גרם,false,,23.90,5.3111,true,1,134884
7290001274583,false,גלידל שוקו פקאן 0% שומן ללא סוכר,"פלקו בע""\מ, חברה ישראלית",IL,גלידל בטעם שוקו פקאן,גרמים,450.00,100 גרם,false,,23.90,5.3111,true,1,134885
7290001305058,false,"פלמוליב - נטורלס תחליב רחצה חלב ודבש 500 מ""ל",הנסיך- מפעל לייצור ט,TR,סבון נוזלי חלב ודבש,מיליליטרים,500.00,"100 מ""ל",false,,22.90,4.5800,true,1,21416
7290001305188,false,"נוזל לניקוי כלים בריח לימון פלמוליב 750 מ""ל",יבואן ומשווק: ש. שסט,GR,פלמוליב לכלים פריחת,מיליליטרים,750.00,"100 מ""ל",false,,13.90,1.8533,true,1,21417
7290001338407,false,ג'ל אלוורה להרגעת העור סקין גארד 200 מ''ל,מיוצר עי : אמיליה קוסמטי,IL,ג'ל אלוורה להרגעה סק,מיליליטרים,200.00,"100 מ""ל",false,,25.90,12.9500,true,1,29815
7290001407547,false,טחינה גולמית משומשום מלא פי 6 בארכה 500ג',"רושדי תעשיות מזון בע""\מ",IL,בארכה טחינה שומשום מ,גרמים,500.00,100 גרם,false,,18.90,3.7800,true,1,18688
7290001407769,false,טחינה גולמית שומשום מלא בארכה 500 גרם,"רושדי תעשיות מזון בע""\מ",IL,בארכה טחינה עם שומשו,גרמים,500.00,100 גרם,false,,18.90,3.7800,true,1,18691
7290001407813,false,חלבה שאמית פיסטוק בקטנה בארכה 350ג',"רושדי תעשיות מזון בע""\מ",IL,חלבה שאמית וניל עם פ,גרמים,350.00,100 גרם,false,,17.90,5.1143,true,1,18692
7290001407820,false,חלווה שאמית וניל קלאסית בארכה 350ג',רושדי תעשיות מזון בע,IL,חלבה שאמית וניל בארכ,גרמים,350.00,100 גרם,false,,17.90,5.1143,true,1,18693
7290001407837,false,חלבה שאמית עם פולי קקאו בארכה 350 גרם,רושדי תעשיות מזון בע,IL,חלבה שאמית קקאו בארכ,גרמים,350.00,100 גרם,false,,17.90,5.1143,true,1,18694
7290001407844,false,חלבה קלאסית בטעם וניל בארכה 350 גרם,"רושדי תעשיות מזון בע""\מ",IL,חלבה קלאסית וניל באר,גרמים,350.00,100 גרם,false,,17.90,5.1143,true,1,18695
7290001407936,false,טחינה גולמית מעודנת לחיץ בארכה 310ג',"רושדי תעשיות מזון בע""\מ",IL,בארכה טחינה מעודנת 3,גרמים,310.00,100 גרם,false,,13.90,4.4839,true,1,18696
7290001419618,false,וופל בלגי עלמה שחור לבן וניל 200ג',"גילרו בע""מ",IL,וופל עלמה בלגי שוקו,גרמים,200.00,100 גרם,false,,3.90,1.9500,true,1,41217
7290001419779,false,וופל שוקו' עלמה קלאסי 200 גר,"גילרו בע""מ",IL,וופל עלמה קלאסי 200,גרמים,200.00,100 גרם,false,,3.90,1.9500,true,1,41218
7290001419793,false,גביעי גלידה מגולגל עלמה גילרו 30 יח',"גילרו בע""מ",IL,גביעים מגולגלים עלמה,גרמים,120.00,100 גרם,false,,11.90,9.9167,true,1,41219
7290001427033,false,מיץ תפוחים רכיבים טב,"פריניב בע""מ",IL,קשת מיץ תפוחים טבעי,ליטרים,1.00,ליטר,false,,16.90,16.9000,true,1,76825
7290001436790,false,נקנקיות מרגז מיני אקסטרה חריף ארוז בלדי 500 ג',יוליניבר,IL,מרגז מיני אקסטרה חרי,גרמים,500.00,100 גרם,false,,28.90,5.7800,true,1,205150
7290001459911,false,"לקט ירקות העונה 800 גרם בד""ץ עדה חרדית",פספרוסט,BE,לקט ירקות העונה בלדי,גרמים,800.00,100 גרם,false,,11.90,1.4875,true,1,301892
7290001459935,false,"אפונה 800 גרם בד""ץ עדה חרדית",פספרוסט,BE,אפונה בלדי 800 גרם,גרמים,800.00,100 גרם,false,,11.90,1.4875,true,1,301847
7290001459942,false,"אפונה וגזר 800 גרם ארוז בד""ץ עדה חרדית",פספרוסט,BE,אפונה וקוביות גזר בל,גרמים,800.00,100 גרם,false,,11.90,1.4875,true,1,301862
7290001468678,false,מפת שולחן 137*274סמ,נ.ש.ם,,מפה חד פעמי,יחידה,0.00,יחידה,false,,10.90,0.0000,true,1,15858
7290001485019,false,גבינת קרם שמנת טבעי 5% טרה 200 גרם,קריות זול,IL,טרה גבינת שמנת טבעי,גרמים,200.00,100 גרם,false,,11.90,5.9500,true,1,6359
7290001501009,false,שירות החלפה מילוי גז,סודה סטרים,,130 שרות החלפה מילוי,יחידה,0.00,יחידה,false,,99.00,0.0000,true,1,17498
7290001552025,false,קוסקוס של אמא פרבורגר 800 גרם,פרבורגר רויאל,IL,קוסקוס 800גר,גרמים,800.00,100 גרם,false,,17.90,2.2375,true,1,51479
7290001552049,false,קוסקוס מרוקאי קפוא 800 גר,מטעמי פאר,IL,מטעמי פאר קוסקוס מרו,גרמים,800.00,100 גרם,false,,17.90,2.2375,true,1,51480
7290001567555,false,פסטרמה מעודנת עם דבש 300 ג' יחיעם,מעדני יחיעם,IL,פסטרמה מעודנת עם דבש,גרמים,300.00,100 גרם,false,,25.90,8.6333,true,1,205149
7290001567814,false,סלמי מעושן בסגנון איטלקי 300 ג' יחיעם,מעדני יחיעם,IL,סלמי מעושן בסגנון אי,גרמים,300.00,100 גרם,false,,28.90,9.6333,true,1,15569
7290001594230,false,קינלי סודה בבקבוק זכוכית,החברה המרכזית לייצור,IL,סודה קינלי 250 מ'ל,מיליליטרים,250.00,"100 מ""ל",false,,3.90,1.5600,true,1,6834
7290001594377,false,פריגת תפוזים 0.5 ליטר חייב בפקדון,מבשלות בירה בינלאומיות ב,IL,פריגת משקה תפוזים 50,מיליליטרים,500.00,"100 מ""ל",false,,7.50,1.5000,true,1,6839
7290001594810,false,"בירה שחורה מאלטי בקב' מארז 330X6מ""ל",החברה המרכזית לייצור משקאות,IL,מאלטי טובורג בקבוק 6,ליטרים,1.98,ליטר,false,,31.30,15.8081,true,1,6850
7290001594858,false,"שישייה בירה טובורג רד בקבוק 330 מ""ל",מבשלות בירה בינלאומיות ב,IL,טובורג רד בקבוק פקדו,ליטרים,1.98,ליטר,false,,44.90,22.6768,true,1,6852
7290001594865,false,"שישייה בירה קרלסברג בקבוק 330 מ""ל",מבשלות בירה בינלאומיות ב,IL,קרלסברג בירה בקבוק 6,ליטרים,1.98,ליטר,false,,39.90,20.1515,true,1,6853
7290001648643,false,מארז קפה טורקי כתר 100X3 גרם,רוני רג'ואן ושות,IL,כתר קפה טורקי 3*100ג,גרמים,300.00,100 גרם,false,,13.90,4.6333,true,1,20482
7290001648995,false,"מארז קפה טורקי ""רג'ואן"" 100X3 גרם",רוני רג'ואן ושות,IL,קפה רגואן 3*100גרם,גרמים,100.00,100 גרם,false,,13.90,13.9000,true,1,20484
7290001670057,false,כפיות לבן 100 יחידות,הנמל אריזות ושיווק ב,IL,.סכום ח.פ.כפיות 100י,יחידה,0.00,יחידה,false,,13.90,0.0000,true,1,7716
7290001670064,false,סכינים חד פעמי לבן 100 יח',בי רייט,CN,סכינים 100יח,יחידה,0.00,יחידה,false,,13.90,0.0000,true,1,7717
7290001670071,false,כפות חד פעמי לבן 100 יח',הנמל אריזות ושיווק ב,IL,.סכום ח.פ.כפות 100יח,יחידה,0.00,יחידה,false,,13.90,0.0000,true,1,7718
7290001670668,false,קרחונית שקיות להכנת קרח הנמל 12 יחידות,"איטיליאן פוד, אס.פי.",TR,קרחונית 12יח,יחידה,0.00,יחידה,false,,4.90,0.0000,true,1,7735
7290001696620,false,מיקס פיצוחים 350 גר',,,מיקס פיצוחים 350 גר',גרמים,350.00,100 גרם,false,,12.90,3.6857,true,1,1464
7290001710111,false,נקניקיות מרגז ארוז 500 גר,לאטי עזרא גלם ודגים,IL,נקניקיות מרגז 500 גר,גרמים,500.00,100 גרם,false,,27.90,5.5800,true,1,16812
7290001710128,false,נקניקיות צוריסוס ארוז 500 גר,מעדני הטלה,,נקניקיות צוריסוס 500,גרמים,500.00,100 גרם,false,,27.90,5.5800,true,1,16813
7290001713150,false,סנט מוריץ מתז אקונומיקה Bleach קצף לימון 1 ליטר,קומפלקס כימיקלים בעמ,IL,אקונומיקה קצף ניקוי,ליטרים,1.00,ליטר,false,,14.90,14.9000,true,1,20081
7290001713167,false,סנט מוריץ - מרסס קצף ניקוי 1 ליטר סניטרי אפור,קומפלקס כימיקלים בעמ,IL,קצף לניקוי כלים סניט,ליטרים,1.00,ליטר,false,,14.90,14.9000,true,1,20082
7290001713242,false,עלמה שקיות אשפה 25 יחידות 75*90 עם ידית,אסיר פלסט,TR,"שקיות אשפה 25 י""ח 75",יחידה,0.00,יחידה,false,,13.90,0.0000,true,1,240294
7290001723357,false,2מוצ.סיליקון אורט.בינוני,הדקלאים אגודת שיתופי,DE,טוליפס זוג מוצץ סיל',יחידה,0.00,יחידה,false,,27.90,0.0000,true,1,861
7290001780428,false,גלידיאט שלגון מצופה נסטלה 312 גרם מארז 6 יחידות,גלידות נסטלה )נגה גלידות,IL,נסטלה לייט 6 שלגוני,גרמים,312.00,100 גרם,false,,30.90,9.9038,true,1,16088
7290001791349,false,פיסגה אקונומיקה ריחנית סנו 4 ליטר,"סנו מפעלי ברונוס בע""מ",IL,אקונומיקה ריחנית פסג,ליטרים,4.00,ליטר,false,,11.90,2.9750,true,1,29820
7290001791356,false,"פרש מבשם אויר אוטומטי בניחוח לבנדר סנו 250 מ""ל",סנו מפעלי ברונוס בעמ,IL,סנו פרש אוטומטיק ברי,גרמים,165.00,100 גרם,false,,14.90,9.0303,true,1,29821
7290001813478,false,"עוגיות חיוכים וניל עלית 900 גרם מארז 6 יחידות בד""צ",אפיפית נצרת תעשיות ב,IL,חיוכים חגיגה וניל 90,גרמים,900.00,100 גרם,false,,20.90,2.3222,true,1,22205
7290001817728,false,צ'יטוס אפוי כאפה בטעם קטשופ 55 גרם,"שטראוס פריטו ליי בע""\מ )",IL,ציטוס כאפה 55 גרם,גרמים,55.00,100 גרם,false,,3.50,6.3636,true,1,24148
7290001865439,false,פמילי אל סבון נוזלי בניחוח וניל 1 ליטר,אף.סי תבליני בגליל ב,IL,סבון נוזלי וניל + מש,יחידה,0.00,יחידה,false,,11.90,0.0000,true,1,5752
7290001867600,false,"תפו""א בייבי פרימיום",אראל תוצרת חקלאית בע,IL,"תפו""א בייבי פרימיום",קילוגרמים,1.00,"ק""ג",true,,7.90,7.9000,true,1,134846
7290001917527,false,פרש וואנס פדים להסרת איפור 80 יח' *3,קריות זול,IL,פדיות קוסמטיות פרש ו,יחידה,0.00,יחידה,false,,21.90,0.0000,true,1,5757
7290001990148,false,"סוכר גולדן קלאסי בצנצנת סוגת 1 ק""ג",האי נאם סי או אל.טי.,IL,סוכר גולדן קלאסי בצנ,קילוגרמים,1.00,"ק""ג",false,,13.90,13.9000,true,1,17309
7290001990261,false,"סוגת חומוס 1 ק""ג","סוגת תעשיות בע""\מ",IL,"סוגת חומוס 1 ק""ג",קילוגרמים,1.00,"ק""ג",false,,16.90,16.9000,true,1,17310
7290001990278,false,"שעועית לבנה סוגת 1 ק""ג","סוגת תעשיות בע""\מ",IL,סוגת שעועית לבנה 1 ק,קילוגרמים,1.00,"ק""ג",false,,20.90,20.9000,true,1,17311
7290001990391,false,אפונה יבשה 1קג סוגת,"סוגת תעשיות בע""\מ",IL,"אפונה 1 ק""ג",קילוגרמים,1.00,"ק""ג",false,,12.90,12.9000,true,1,17313
7290001990407,false,"עדשים ירוקים 1 ק""ג סוגת","סוגת תעשיות בע""\מ",IL,עדשים ירוקים 1 קג,קילוגרמים,1.00,"ק""ג",false,,15.90,15.9000,true,1,17314
7290001990414,false,"עדשים אדומים 1 ק""ג סוגת","סוגת תעשיות בע""\מ",IL,סוגת עדשים אדומים 1,קילוגרמים,1.00,"ק""ג",false,,15.90,15.9000,true,1,17315
7290001990421,false,"פופקורן גרעינים סוגת 1 ק""ג","סוגת תעשיות בע""\מ",IL,"סוגת פופקורן 1 ק""ג",קילוגרמים,1.00,"ק""ג",false,,11.90,11.9000,true,1,17316
7290002000143,false,"חדש -פנג'ל ק.ידיים קלאסיק 80מ""ל",מיוצר עי קונדיטוריית,IL,קרם ידיים קלאסיק פנג,מיליליטרים,100.00,"100 מ""ל",false,,8.90,8.9000,true,1,5760
7290002007234,false,אבקת סוכר הנמל 100 גרם,"מיוצר וארוז ע""י: ר.ס",IL,אבקת סוכר 100ג,גרמים,100.00,100 גרם,false,,2.50,2.5000,true,1,7745
7290002007487,false,צמר פלדה הנמל 100 גרם,"איטיליאן פוד, אס.פי.",IL,צמר פלדה 100 גר',גרמים,100.00,100 גרם,false,,4.90,4.9000,true,1,7755
7290002007500,false,קיסמי שיניים הנמל במבוק 500 יחידות,הנמל אריזות ושיווק בעמ,IL,קיסמים חבית הנמל 500,יח',500.00,יח',false,,4.90,0.0098,true,1,7756
7290002007890,false,כוס חד פעמי הנמל 100 יח',אריזות מדף - פלזית,IL,כוס שתיה קרה 100 יח,יחידה,0.00,יחידה,false,,12.90,0.0000,true,1,7765
7290002007975,false,"צלחות קטנות ח""פ הנמל 50 יח'",אריזות מדף - פלזית,IL,צלחות קטן 50יח,יחידה,0.00,יחידה,false,,13.90,0.0000,true,1,7767
7290002007982,false,מזלגות חד פעמי 100 יח',הנמל אריזות ושיווק ב,IL,מזלגות חד פעמי 100 י,יחידה,0.00,יחידה,false,,13.90,0.0000,true,1,7768
7290002008040,false,שיפודי במבוק הנמל 100 יחידות,"הנמל אריזות ושיווק בע""\מ",IL,שיפודים עץ 30סמ,יחידה,0.00,יחידה,false,,3.90,0.0000,true,1,7772
7290002008149,false,מדליק פחם מוצק הנמל אריזת 40יח',מ.א.יצור ויבוא מטליו,GB,מדליק פחם מוצק 40 קו,גרמים,300.00,100 גרם,false,,6.90,2.3000,true,1,7777
7290002008187,false,קשים מתקפלים לשתיה הנמל 40 יחידות,יבוא ושיווק: הנמל אריזות,CN,קש לשתיה מתקפל 40יח,יחידה,0.00,יחידה,false,,2.50,0.0000,true,1,7781
7290002008224,false,סוכריות לקישוט צבעונית הנמל 100 ג',ממתקי עלה בעמ,IL,קישוט לעוגה גליד.,גרמים,60.00,100 גרם,false,,6.90,11.5000,true,1,7782
7290002008347,false,קורנפלור 500 גרם הנמל,הנמל,IL,קורנפלור 500 גרם,גרמים,500.00,100 גרם,false,,6.90,1.3800,true,1,7787
7290002008354,false,מפת שולחן פלסטיק 8 יחידו,"איטיליאן פוד, אס.פי.",IL,מפת מגן נילון לשולחן,יחידה,0.00,יחידה,false,,11.90,0.0000,true,1,7788
7290002008507,false,נייר אפיה הנמל 50 יחידות,הנמל אריזות ושיווק ב,IL,נייר אפיה 50יח,יחידה,0.00,יחידה,false,,10.90,0.0000,true,1,7792
7290002008651,false,קמח תפוחי אדמה הנמל 500 גרם,ר.ס. חברה ליבוא וייצ,IL,קמח תפוח אדמה הנמל 5,גרמים,500.00,100 גרם,false,,6.90,1.3800,true,1,7796
7290002008743,false,סוכר וניל עשירייה הנמל 100 גרם,"מיוצר וארוז ע""י: ר.ס",IL,סוכר וניל 10*10 גרם,גרמים,100.00,100 גרם,false,,3.50,3.5000,true,1,7797
7290002008750,false,אבקת אפיה עשירייה הנמל 100 גרם,"מיוצר ע""י:ר.ס. חברה",IL,אבקת אפיה 10*10 גרם,גרמים,100.00,100 גרם,false,,3.50,3.5000,true,1,7798
7290002043065,false,אקסטרה פריכיות אורז חום מלא בציפוי שוקולד מריר 70 גרם,נוהלס ג'\י אס סי.,BG,פריכוני אורז בציפוי,גרמים,70.00,100 גרם,false,,9.90,14.1429,true,1,95291
7290002043096,false,אקסטרה פריכוני אורז בציפוי שוקולד לבן בלגי,נוהלס ג'\י אס סי.,BG,פריכוני אורז בציפוי,גרמים,70.00,100 גרם,false,,9.90,14.1429,true,1,95319
7290002043102,false,אקסטרה פריכיות אורז חום מלא 7 זרעי על 200 גרם,נוהלס ג'\י אס סי.,BG,פריכיות 7 זרעי על אר,גרמים,200.00,100 גרם,false,,17.30,8.6500,true,1,95359
7290002043225,false,אקסטרה צ'יפס אורז חום מלא פפריקה 60 גרם,נוהלס ג'\י אס סי.,BG,צ'יפס פפריקה אקסטרה,גרמים,60.00,100 גרם,false,,8.90,14.8333,true,1,95332
7290002043782,false,אקסטרה צ'יפס אורז חום מלא טקסס ברביקיו 60 גרם,נוהלס ג'\י אס סי.,BG,צ'יפס טקסס ברבקיו אק,גרמים,60.00,100 גרם,false,,8.90,14.8333,true,1,95333
7290002043829,false,אקסטרה פריכיות אורז חום מלא מהרי ההימלאיה 200 גרם,מימונס אפיה,BG,פריכיות מלח היהמלאיה,גרמים,200.00,100 גרם,false,,17.30,8.6500,true,1,95360
7290002043867,false,חטיף אורז אקסטרה בציפוי שוקולד לבן 90 גרם,,,אקסטרה חטיף אורז חום,גרמים,90.00,100 גרם,false,,13.90,15.4444,true,1,323174
7290002053088,false,אטריות ביצים דקיקים מספר 8 אוריינט 200 גרם,פ.פ.ח טאביט,PL,אטריות ביצים מס' 8 א,גרמים,210.00,100 גרם,false,,7.90,3.7619,true,1,3433
7290002053095,false,אטריות ביצים דקות מספר 10 אוריינט 200 גרם,פ.פ.ח טאביט,PL,אטריות ביצים מס' 10,גרמים,200.00,100 גרם,false,,7.90,3.9500,true,1,3434
7290002053538,false,נודלס בסגנון תאילנדי 25 תוספת אוריינטל 500 גרם,פ.פ.ח. טאביה ספ זאו.או,PL,נודלס אוריינט 400 גר,גרמים,500.00,100 גרם,false,,14.90,2.9800,true,1,3439
7290002057017,false,זיתים נובו ענק A2 יבנה 330ג',שיוך למחסן 17,IL,זיתים נובו ענק קבוצת,גרמים,560.00,100 גרם,false,,9.90,1.7679,true,1,44685
7290002057031,false,זיתים מבוקעים פיקנטי קבוצת יבנה 340 גרם,קבוצת יבנה,IL,זיתים מבוקעים פיקנטי,גרמים,560.00,100 גרם,false,,9.90,1.7679,true,1,44686
7290002057093,false,זיתים מנזנילו גדול קבוצת יבנה 340 גרם,קבוצת יבנה,IL,זית מנזלינו גדול מנז,גרמים,540.00,100 גרם,false,,8.90,1.6481,true,1,44691
7290002057123,false,זיתים ירוקים מנזנילו קבוצת יבנה 560 גרם,קבוצת יבנה,IL,זיתים חרוזית ירוק קב,גרמים,275.00,100 גרם,false,,10.90,3.9636,true,1,44694
7290002057185,false,טבעות זיתים ירוקים קבוצת יבנה 560 גרם,קבוצת יבנה,IL,טבעות זיתים ירוקים ק,גרמים,540.00,100 גרם,false,,9.90,1.8333,true,1,44700
7290002057352,false,מלפפונים במלח ‏9‏-‏7‏ קבוצת יבנה 320 גרם,קבוצת יבנה מוצרי מזון,IL,מלפפונים במלח 7-9 ק,גרמים,560.00,100 גרם,false,,7.90,1.4107,true,1,44708
7290002057369,false,מלפפונים במלח ‏12‏-‏10‏ קבוצת יבנה 320 גרם,קבוצת יבנה,IL,מלפפון במלח 10-12 קב,גרמים,560.00,100 גרם,false,,8.90,1.5893,true,1,44709
7290002057376,false,מלפפונים במלח ‏17‏-‏13‏ קבוצת יבנה 320 גרם,קבוצת יבנה,IL,מלפפון במלח 13-17 קב,גרמים,560.00,100 גרם,false,,10.90,1.9464,true,1,44710
7290002057383,false,מלפפונים במלח ‏25‏-‏18‏ קבוצת יבנה 320 גרם,קבוצת יבנה,IL,מלפפון 18-25במלח קבו,גרמים,560.00,100 גרם,false,,13.90,2.4821,true,1,44711
7290002057437,false,פלפל שיפקונית קבוצת יבנה 225 גרם,קבוצת יבנה,IL,שיפקונית קבוצת יבנה,גרמים,560.00,100 גרם,false,,10.90,1.9464,true,1,111337
7290002057451,false,מלפפונים בחומץ ‏9‏-‏7 קבוצת יבנה 290 גרם,קבוצת יבנה מוצרי מזון,IL,מלפפון בחומץ 7-9 קבו,גרמים,560.00,100 גרם,false,,7.90,1.4107,true,1,44714
7290002057468,false,מלפפון יבנה בחומץ בינוניים 10-12 290 גרם,קבוצת יבנה,IL,מלפפון בחומץ 10-12 ק,גרמים,560.00,100 גרם,false,,8.90,1.5893,true,1,44715
7290002057475,false,מלפפונים בחומץ ‏17‏-‏13 קבוצת יבנה 290 גרם,קבוצת יבנה,IL,מלפפון בחומץ 13-17 ק,גרמים,560.00,100 גרם,false,,10.90,1.9464,true,1,28064
7290002057604,false,פלפל חריף שיפקה קבוצת יבנה 225 גרם.,קבוצת יבנה,IL,פלפל חריף שיפקה קבוצ,גרמים,560.00,100 גרם,false,,6.90,1.2321,true,1,44716
7290002057734,false,זיתים חרוזית מושחר קבוצת יבנה 275 גרם,קבוצת יבנה,IL,זיתים חרוזית מושחר ק,גרמים,560.00,100 גרם,false,,9.90,1.7679,true,1,44723
7290002065555,false,שישיית לחמנייה הכי רכה בהפסקה אנג'ל 450 גרם,מאפיית שלמה א. אנג'\ל בע,IL,6 לחמניות רכות אנגל,גרמים,450.00,100 גרם,false,,11.90,2.6444,true,1,35414
7290002065616,false,לחם שיפון גרעינים פרוס אחדות 750 גרם,מאפיית שלמה א. אנג'\ל בע,IL,שיפון גרעינים אנגל 7,גרמים,750.00,100 גרם,false,,14.90,1.9867,true,1,35415
7290002079354,false,פרורים מוזהבים שקית,,,פרורים מוזהבים שקית,גרמים,200.00,100 גרם,false,,5.00,2.5000,true,1,328766
7290002105503,false,בורגר מזרחי קפוא גלאט 500ג' מחפוד,עוף ירושלים,IL,המבורגר טחון 500 גר,גרמים,500.00,100 גרם,false,,20.90,4.1800,true,1,47009
7290002105510,false,קבב מזרחי מתובל וקפוא גלאט הדר בשר 500ג',עוף ירושלים,,קבב מזרחי 500-מחפוד,גרמים,500.00,100 גרם,false,,20.90,4.1800,true,1,47010
7290002105527,false,גולש בקר הדר הבשר מחפוד 800 גרם,עוף ירושלים,IL,גולש בקר 800 גרם מחפ,גרמים,800.00,100 גרם,false,,49.90,6.2375,true,1,47011
7290002105541,false,סטייק אנטריקוט מעובד קפוא ה.הבשר 800ג',עוף ירושלים,,סטייק אנטריקוט 800 ג,גרמים,800.00,100 גרם,false,,49.90,6.2375,true,1,47013
7290002105565,false,טחון הודו 500 גר' קפוא מחפוד,עוף ירושלים,IL,טחון הודו 500 גרם מח,גרמים,500.00,100 גרם,false,,14.90,2.9800,true,1,47015
7290002105671,false,טחון עוף 500 גר' קפוא מחפוד,עוף ירושלים,IL,טחון עוף 500 גר מחפו,גרמים,500.00,100 גרם,false,,14.90,2.9800,true,1,47016
7290002105749,false,"טחון בקר 100% קפוא 1 ק""ג גאלט מחפוד",עוף ירושלים,IL,טחון בקר 100% בשר 1,קילוגרמים,1.00,"ק""ג",false,,49.90,49.9000,true,1,47019
7290002105756,false,טחון בקר בתוספת חלבון מן הצומח מחפוד,עוף ירושלים,IL,"טחון בקר 1 ק""ג מחפוד",קילוגרמים,1.00,"ק""ג",false,,39.90,39.9000,true,1,47020
7290002107385,false,גליל גבינת עיזים מה עז משק צוריאל 180 גרם,מחלבת משק צוריאל,IL,צוריאל גליל גבינת עי,גרמים,180.00,100 גרם,false,,23.90,13.2778,true,1,6368
7290002107491,false,גבינה לבנה מחלב עיזים למריחה 5% משק צוריאל 250 גרם,מחלבת משק צוריאל,IL,צוריאל גבינת עזים למ,גרמים,250.00,100 גרם,false,,15.90,6.3600,true,1,6369
7290002107798,false,גבינה בולגרית מעודנת 5% משק צוריאל 250 גרם,מחלבת משק צוריאל,IL,צוריאל בולגרית מעודנ,גרמים,250.00,100 גרם,false,,22.90,9.1600,true,1,6370
7290002109488,false,קבב 100% אמיתי טיבון ויל 440 גרם,"טיבון ויל אחזקות בע""\מ",IL,קבב אמיתי 100% 440 ג,גרמים,440.00,100 גרם,false,,20.90,4.7500,true,1,16822
7290002111085,false,"רוטב עגבניות 22% ""פרי מבורך"" 100 גרם","זנלכל בע""\מ",IL,רוטב עגבניות 22% פרי,גרמים,100.00,100 גרם,false,,2.50,2.5000,true,1,8685
7290002111139,false,רסק תפוחי עץ טבעי בלי תוספת סוכר פרי מבו,"זנלכל בע""\מ",IL,"רסק תפו""ע דיאט פרי מ",גרמים,560.00,100 גרם,false,,10.90,1.9464,true,1,8687
7290002111313,false,עגבניות קוביות A2.5 פרי מבורך 800ג' בדצ,פרי מבורך,IL,עגבניות קוביות פרי מ,גרמים,800.00,100 גרם,false,,10.90,1.3625,true,1,8689
7290002111337,false,"רוטב עגבניות 22% ""פרי מבורך"" 240 גרם","זנלכל בע""\מ",IL,רוטב עגבניות 22% פרי,גרמים,240.00,100 גרם,false,,5.50,2.2917,true,1,8690
7290002111474,false,אפונה גדולה A2 פרי מבורך 600ג',"זנלכל בע""\מ",IL,אפונת גדולה פרי מבור,גרמים,335.00,100 גרם,false,,8.90,2.6567,true,1,8691
7290002111511,false,אפונת גינה וגזר פרי מבורך 550 גרם,"זנלכל בע""\מ",IL,אפונה וגזר פרי מבורך,גרמים,550.00,100 גרם,false,,8.90,1.6182,true,1,8693
7290002111634,false,חומוס שלם פרי מבורך 290 גרם,"זנלכל בע""\מ",IL,חומוס שלם פרי מבורך,גרמים,550.00,100 גרם,false,,9.90,1.8000,true,1,8694
7290002111696,false,עגבניות מרוסקות פרי מבורך 800 גרם,פרי מבורך,IL,עגבניות מרוסקות פרי,גרמים,800.00,100 גרם,false,,10.90,1.3625,true,1,8697
7290002111764,false,שעועית לבנה ברוטב עגבניות פרי מבורך 580,"זנלכל בע""\מ",IL,שעועית לבנה ברוטב עג,גרמים,580.00,100 גרם,false,,9.90,1.7069,true,1,8698
7290002111818,false,גרעיני תירס מתוק ואקום פרי מבורך 400ג',"זנלכל בע""\מ",IL,גרעיני תירס מתוק פרי,גרמים,246.00,100 גרם,false,,6.90,2.8049,true,1,8699
7290002111825,false,"2A גרעיני תירס מתוק פ""מ עד""ח 550 ג'","זנלכל בע""\מ",IL,גרעיני תירס מתוק פרי,גרמים,335.00,100 גרם,false,,8.90,2.6567,true,1,8700
7290002129479,false,פיצה מרגריטה איטלקית דקה שלושת האופים 320 גרם,האי נאם סי או אל.טי.,IT,פיצה איטלקית דקה שלש,גרמים,320.00,100 גרם,false,,18.90,5.9062,true,1,300829
7290002130567,false,דבש דבורים טהור פרחי בר יד מרדכי 350 גרם,מכוורת יד מרדכי שטראוס ב,IL,דבש טהור מפרחי בר בצ,גרמים,350.00,100 גרם,false,,20.90,5.9714,true,1,22215
7290002130574,false,דבש טהור מפרחי בר בזכוכית 500 ג' יד מרדכי,מכוורת יד מרדכי שטראוס ב,IL,דבש טהור מפרחי בר בצ,גרמים,500.00,100 גרם,false,,28.90,5.7800,true,1,22216
7290002157953,false,מארז נתחי טונה בהירה בשמן קנולה - 4 יחידות,דיאמנט פוד פרודקט,IL,טונה בשמן קנולה וילי,גרמים,560.00,100 גרם,false,,21.90,3.9107,true,1,16828
7290002195054,false,המבורגר בלדי 400 גרם ארוז,יוליניבר,IL,המבורגר בלדי 400ג,גרמים,400.00,100 גרם,false,,13.90,3.4750,true,1,35283
7290002195078,false,קבב כבש בלדי קפוא 400 ג',בלדי,IL,בלדי קבב כבש 400 גר,גרמים,400.00,100 גרם,false,,13.90,3.4750,true,1,35284
7290002195085,false,קבב מזרחי בלדי 400 ג'- 8 יח',יוליניבר,IL,קבב מזרחי 400 גר בלד,גרמים,400.00,100 גרם,false,,13.90,3.4750,true,1,35285
7290002195092,false,קבב רומני 400 גרם בלדי,בלדי,IL,קבב רומני 400 גר',גרמים,400.00,100 גרם,false,,13.90,3.4750,true,1,35286
7290002204169,true,אגס נאשי מארז,,,אגס נאשי מארז,גרמים,500.00,100 גרם,false,,12.90,2.5800,true,1,306551
7290002253006,false,שום כתוש דורות בצנצנת 200 גרם,עיצובים 2020 (3.8),IL,דורות שום כתוש טרי 2,גרמים,200.00,100 גרם,false,,18.90,9.4500,true,1,19725
7290002253013,false,ראשום שום כתוש דורות,מוצרי שום ותיבול דורות,IL,דורות ראשום 400 גרם.,גרמים,400.00,100 גרם,false,,21.90,5.4750,true,1,162698
7290002253105,false,קוביות שום כתוש טרי דורות 80 גרם,עיצובים 2020 (3.8),IL,דורות מגשית קוביות ש,גרמים,80.00,100 גרם,false,,15.90,19.8750,true,1,19728
7290002253167,false,פטרוזיליה קצוצה דורות 70 גרם,עיצובים 2020 (3.8),IL,פטרוזליה טרייה קצוצה,גרמים,70.00,100 גרם,false,,11.50,16.4286,true,1,19730
7290002253174,false,קוביות שמיר קצוץ דורות 70 גרם,עיצובים 2020 (3.8),IL,שמיר טרי קצוץ 70 גרם,גרמים,70.00,100 גרם,false,,11.10,15.8571,true,1,19731
7290002253198,false,ג'ינג'ר טרי כתוש במגשית 70 ג' דורות,עיצובים 2020 (3.8),IL,דורות ג'ינג'ר טרי כת,גרמים,70.00,100 גרם,false,,12.30,17.5714,true,1,19733
7290002253259,false,דורות רוטב עגבניות בזיליקום 160 גרם,עיצובים 2020 (3.8),IL,דורות רוטב עגבניות ב,גרמים,160.00,100 גרם,false,,12.80,8.0000,true,1,19736
7290002253310,false,דורות שום צילי חריף קוביות תערובת 80 גר,עיצובים 2020 (3.8),IL,דורות שום צילי חריף,גרמים,80.00,100 גרם,false,,15.90,19.8750,true,1,162684
7290002253495,false,קוביות תבל לטחינה ביתית וזעתר דורות 70גר,עיצובים 2020 (3.8),IL,דורות תבל.לטחינה בית,גרמים,70.00,100 גרם,false,,10.00,14.2857,true,1,162751
7290002255031,false,סיגרים במילוי בשר חט,חטיפי אלקיים בעמ,IL,סיגרים במילוי בשר חט,גרמים,800.00,100 גרם,false,,22.90,2.8625,true,1,51482
7290002255048,false,קובה למרק במילוי בשר,חטיפי אלקיים בעמ,IL,קובה למרק במילוי בשר,גרמים,800.00,100 גרם,false,,22.90,2.8625,true,1,51483
7290002255055,false,פלאפל חטיפי אלקיים 7,חטיפי אלקיים בעמ,IL,פלאפל חטיפי אלקיים 7,גרמים,700.00,100 גרם,false,,17.90,2.5571,true,1,51484
7290002255086,false,קובה ביתי במילוי בשר,חטיפי אלקיים בעמ,IL,קובה ביתי במילוי בשר,גרמים,700.00,100 גרם,false,,22.90,3.2714,true,1,51485
7290002255116,false,קרפלך במילוי בשר חטי,חטיפי אלקיים בעמ,IL,קרפלך במילוי בשר חטי,גרמים,800.00,100 גרם,false,,22.90,2.8625,true,1,51486
7290002255130,false,"סיגרים במילוי תפו""א",,,"סיגרים במילוי תפו""א",גרמים,800.00,100 גרם,false,,22.90,2.8625,true,1,51487
7290002255222,false,"פסטל במילוי תפו""א חט",,,"פסטל במילוי תפו""א חט",גרמים,800.00,100 גרם,false,,22.90,2.8625,true,1,51491
7290002259640,false,דיימונד רדיד אלומיניום צר 30 ס''מ 7.5 מ'-,ריינולדס מוצרי צריכה,US,רדיד אלומיניום דאיימ,מטרים,7.60,מטר,false,,12.90,1.6974,true,1,3802
7290002259664,false,רדיד אלומיניום דיימונד גדול 60X0.60מ',ריינולדס מוצרי צריכה,US,רדיד אלומניום 30*60.,מטרים,60.90,מטר,false,,57.90,0.9507,true,1,3804
7290002262555,false,מיץ לימון משומר תבלי,,,מיץ לימון משומר תבלי,מיליליטרים,125.00,"100 מ""ל",false,,5.90,4.7200,true,1,65745
7290002263586,false,"LEMON TREE מיץ לימון משומר 500 מ""ל",,IT,מיץ לימון משומר תבלי,מיליליטרים,500.00,"100 מ""ל",false,,11.40,2.2800,true,1,65747
7290002291046,false,המבורגר מסעדות 480 גרם הקצביה בלדי,יוליניבר,IL,בלדי המבורגר מסעדות,גרמים,480.00,100 גרם,false,,24.90,5.1875,true,1,35289
7290002317005,false,זיתים טבעות מושחר 560ג A2 מטולה,שימורי מוטולה בעמ,IL,טבעות זיתים מושחרים,גרמים,560.00,100 גרם,false,,11.90,2.1250,true,1,24394
7290002317128,false,מלפפון 560ג במלח 10-12 A2 מטולה,שימורי מוטולה בעמ,IL,מלפפון במלח 10-12 מו,גרמים,560.00,100 גרם,false,,11.90,2.1250,true,1,24397
7290002317135,false,מלפפון 560ג במלח 13-17 A2 מטולה,שימורי מוטולה בעמ,IL,מלפפון במלח 13-17 מו,גרמים,560.00,100 גרם,false,,11.90,2.1250,true,1,24398
7290002317289,false,חצילים מוחמצים 560 גרם,שימורי מוטולה בעמ,IL,חצילים מוטולה 560 גר,גרמים,560.00,100 גרם,false,,10.40,1.8571,true,1,24408
7290002317296,false,פלפל חריף שיפקה 670ג 20%+A2 מטולה,שימורי מוטולה בעמ,IL,פלפל שיפקה + 20% מוט,גרמים,550.00,100 גרם,false,,10.40,1.8909,true,1,24409
7290002317319,false,מלפפון 650ג בחומץ +20% 7-9 A2 מטולה,שימורי מוטולה בעמ,IL,מלפפון בחומץ 7-9 20%,גרמים,670.00,100 גרם,false,,10.90,1.6269,true,1,24411
7290002317357,false,פילפל שיפקה בצנצנת מ,שימורי מוטולה,IL,פילפל שיפקה בצנצנת מ,גרמים,630.00,100 גרם,false,,10.40,1.6508,true,1,24414
7290002317609,false,כרוב כבוש 560ג A2 מטולה,שימורי מוטולה בעמ,IL,כרוב כבוש מוטולה 560,גרמים,560.00,100 גרם,false,,6.90,1.2321,true,1,24426
7290002317616,false,זיתים מרינט 17-19 560ג A2 מטולה,שימורי מוטולה בעמ,IL,זיתים חתוכים מרינט 1,גרמים,560.00,100 גרם,false,,11.90,2.1250,true,1,24427
7290002317678,false,חרוזית צנצנת זיתים 560 ג' מוטולה,שימורי מוטולה בעמ,IL,זיתים נטולי גלעין צנ,גרמים,560.00,100 גרם,false,,11.90,2.1250,true,1,24430
7290002317753,false,טבעות זיתים ירוקים ב,שימורי מוטולה,IL,טבעות זיתים ירוקים ב,גרמים,560.00,100 גרם,false,,11.90,2.1250,true,1,24432
7290002319054,false,פרג טחון מיה 100 גרם,מיה תעשיות מזון מ.ת.מ. ב,IL,פרג טחון 100ג,גרמים,100.00,100 גרם,false,,6.50,6.5000,true,1,14884
7290002319061,false,קוקוס טחון מיה 100 גרם,מיה תעשיות מזון מ.ת.מ. ב,IL,.קוקוס טחון 100 גר.,גרמים,100.00,100 גרם,false,,4.50,4.5000,true,1,14885
7290002319078,false,שומשום מיה 100 גרם,"מיה תעשיות מזון בע""מ",IL,שומשום 100ג,גרמים,100.00,100 גרם,false,,4.90,4.9000,true,1,14886
7290002319115,false,חומוס גדול יבש מיה 500 גר',מיה תעשיות מזון מ.ת.מ. ב,IL,חומוס גדול מיה 500 ג,גרמים,500.00,100 גרם,false,,8.90,1.7800,true,1,14889
7290002319122,false,גריסים יבשים מיה 500 גר',מיה תעשיות מזון מ.ת.מ. ב,IL,גריסים מיה 500 גרם,גרמים,500.00,100 גרם,false,,5.90,1.1800,true,1,14890
7290002319139,false,שעועית לבנה יבשה מיה 500 ג',מיה תעשיות מזון מ.ת.מ. ב,IL,שעועית מיה 500 גרם,גרמים,500.00,100 גרם,false,,10.90,2.1800,true,1,14891
7290002319146,false,שעועית אדומה מיה 500 גרם,מיה תעשיות מזון מ.ת.מ. ב,IL,שעועית אדומה מיה 500,גרמים,500.00,100 גרם,false,,11.90,2.3800,true,1,14892
7290002319160,false,אפונה ירוקה יבשה מיה 500 ג',מיה תעשיות מזון מ.ת.מ. ב,IL,אפונה יבשה מיה 500 ג,גרמים,500.00,100 גרם,false,,5.90,1.1800,true,1,14893
7290002319184,false,עדשים אדומים יבשים מיה 500 גר',מיה תעשיות מזון מ.ת.מ. ב,IL,עדשים אדומים מיה 500,גרמים,500.00,100 גרם,false,,9.90,1.9800,true,1,14895
7290002319191,false,עדשים ירוקים יבשים מיה 500 גר',מיה תעשיות מזון מ.ת.מ. ב,IL,עדשים ירוקים מיה 500,גרמים,500.00,100 גרם,false,,7.90,1.5800,true,1,14896
7290002319207,false,כוסמת מיה 500 גרם,מיה תעשיות מזון מ.ת.מ. ב,IL,כוסמת מיה 500 גרם,גרמים,500.00,100 גרם,false,,9.90,1.9800,true,1,14897
7290002319221,false,חיטה מיה 500 גרם,מיה תעשיות מזון מ.ת.מ. ב,IL,חיטה מיה 500 גרם,גרמים,500.00,100 גרם,false,,6.50,1.3000,true,1,14899
7290002319771,false,"תמצית אפיה בטעם וניל מיה 50 מ""ל",מיה תעשיות מזון מ.ת.מ. ב,IL,תמצית אפיה וניל,מיליליטרים,50.00,"100 מ""ל",false,,2.90,5.8000,true,1,14928
7290002319788,false,"תמצית אפיה רום מיה 50 מ""ל",מיה תעשיות מזון מ.ת.מ. ב,IL,תמצית אפיה רום,מיליליטרים,60.00,"100 מ""ל",false,,2.90,4.8333,true,1,14929
7290002327042,false,"בורקס תפו""א 800 גרם שלושת האופים",שלושת האופים,IL,"בורקס תפו""א 800 ג",גרמים,800.00,100 גרם,false,,22.90,2.8625,true,1,16846
7290002327059,false,"בצק עלים 1 ק""ג שלושת האופים",שלושת האופים,IL,בצק עלים 1 ק`ג,קילוגרמים,1.00,"ק""ג",false,,22.90,22.9000,true,1,16847
7290002327073,false,בורקס גבינה 800 גרם שלושת האופים,שלושת האופים,IL,בורקס גבינה 800 גרם,גרמים,800.00,100 גרם,false,,22.90,2.8625,true,1,16849
7290002331025,false,"מים מינרלים נביעות ספורט 500 מ""ל פקדון",נביעות טבע הגליל בעמ,IL,נביעות 1/2 ליטר ספור,מיליליטרים,500.00,"100 מ""ל",false,,4.90,0.9800,true,1,6865
7290002331094,false,"מים מינרליים GO TO נביעות 755 מ""ל",נביעות טבע הגליל בעמ,IL,755מל מים מינרלים TO,מיליליטרים,755.00,"100 מ""ל",false,,5.50,0.7285,true,1,6866
7290002331322,false,שישיית מים נביעות 1.5 ליטר,נביעות טבע הגליל בעמ,IL,מי נביעות שישייה 1.5,ליטרים,9.00,ליטר,false,,13.90,1.5444,true,1,6875
7290002331360,false,"נביעות מים מינרליים טו גו מארז 500X6מ""ל",נביעות טבע,IL,נביעות TO GO שישייה,ליטרים,3.00,ליטר,false,,14.90,4.9667,true,1,6876
7290002331421,false,"שישיית מים מינרליים GO TO נביעות 755 מ""ל",נביעות טבע הגליל בעמ,IL,נביעות 6*755מל,ליטרים,4.53,ליטר,false,,20.90,4.6137,true,1,6877
7290002331483,false,"שישיית נביעות אישי בייבי 320 מ""ל",נביעות טבע הגליל בעמ,IL,נביעות בייבי 320*6 מ,ליטרים,1.92,ליטר,false,,17.90,9.3229,true,1,6879
7290002345015,false,סינטה דק דק אל גאוצ'ו 250ג' מינוט,"טיבון ויל אחזקות בע""\מ",IL,סינטה דקדק 250 גרם,גרמים,250.00,100 גרם,false,,20.90,8.3600,true,1,16855
7290002345022,false,אנטריקוט דק דק מינוט סטייק אל גאוצ'ו 250 גרם,"טיבון ויל אחזקות בע""\מ",IL,אנטריקוט דקדק 250 ג,גרמים,250.00,100 גרם,false,,29.90,11.9600,true,1,16856
7290002348238,false,חתיכות אננס ויליגר 820 גרם,טיפקו,TH,לפתן אננס חתוך ויליג,גרמים,830.00,100 גרם,false,,7.90,0.9518,true,1,60717
7290002353836,false,סרדינים רוברט בשמן זית 115 גרם,קונסרבס פורטוגל נורטה,PT,סרדינים רוברט בשמן ז,גרמים,120.00,100 גרם,false,,10.90,9.0833,true,1,16866
7290002360124,false,חליטת צמחים ורד הבר והיביסקוס פומפדור 20 יחידות,TEEKANNE- POMPADOU,DE,פומפדור חליטת ורד הב,גרמים,30.00,100 גרם,false,,17.90,59.6667,true,1,21418
7290002360278,false,חליטת צמחים פומפדור מנטה 20 יחידות,"איטיליאן פוד, אס.פי.",DE,פומפדור חליטת מנטה 2,גרמים,45.00,100 גרם,false,,17.90,39.7778,true,1,21422
7290002360285,false,חליטת צמחים פומפדור קמומיל 20 יחידות,TEEKANNE- POMPADOU,DE,פומפדור חליטת קמומיל,גרמים,30.00,100 גרם,false,,17.90,59.6667,true,1,21423
7290002371526,false,דקניקים סלסולי פסטרמה שום וצילי פיקנטי טירת צבי 120 גרם,הנסיך- מפעל לייצור ט,IL,טירת צבי סלסולי פסטר,גרמים,120.00,100 גרם,false,,17.90,14.9167,true,1,25331
7290002371533,false,דקניקים סלסולי פסטרמה דבש טירת צבי 120 גרם,הנסיך- מפעל לייצור ט,IL,טירת צבי סלסולי פסטר,גרמים,120.00,100 גרם,false,,17.90,14.9167,true,1,25332
7290002371939,false,סרוולד בסגנון צרפתי דליקטיב 120 גרם,הנסיך- מפעל לייצור ט,IL,טירת צבי סרוולד צרפת,גרמים,120.00,100 גרם,false,,32.40,27.0000,true,1,25336
7290002374312,false,"שמן קנולה מילומור 1 ל' עד""ח","נארז ע""י : א.ג. גילר",IL,שמן קנולה מילומור 1,ליטרים,1.00,ליטר,false,,11.90,11.9000,true,1,29337
7290002374640,false,שמן בריאות קנולה פלוס אומגה 3 עץ הזית 1 ליטר,שמן תעשיות,EE,שמן קנולה פלוס אומגה,ליטרים,1.00,ליטר,false,,17.90,17.9000,true,1,29339
7290002402855,false,נקניקיות קוקטייל 400 גר' מחפוד,עוף ירושלים מהדרין,,נקניקיות קוקטייל 400,גרמים,400.00,100 גרם,false,,11.90,2.9750,true,1,47033
7290002404583,false,"יין בראשית קברנה ארזה 750 מ""ל",יקבי ארזה,IL,יין היוצר בראשית קבר,מיליליטרים,750.00,"100 מ""ל",false,,39.90,5.3200,true,1,11864
7290002404613,false,"היוצר וירטואוזו קברנה 750 מ""ל",יקבי ארזה,IL,יין וירטואוז קברנה 7,מיליליטרים,750.00,"100 מ""ל",false,,50.90,6.7867,true,1,11867
7290002404965,false,"מוריה יין אדום מתוק יקב ארזה 750 מ""ל",יקבי ארזה,IL,"מוריה 750 מ""ל",מיליליטרים,750.00,"100 מ""ל",false,,18.90,2.5200,true,1,11882
7290002407454,false,שמן זית כתית מעולה ס,,,שמן זית כתית מעולה ס,מיליליטרים,750.00,"100 מ""ל",false,,40.90,5.4533,true,1,5030
7290002512004,false,מלוואח צנעני 900 גרם,צנעני מוצרי בצק,IL,צנעני מלווח 900 גרם,גרמים,900.00,100 גרם,false,,21.90,2.4333,true,1,51501
7290002512035,false,"בצק עלים צנעני 1 ק""ג",צנעני מוצרי בצק,IL,בצק עלים 1קג צנעני,קילוגרמים,1.00,"ק""ג",false,,18.90,18.9000,true,1,51503
7290002512264,false,גחנון מופחת שומן 700 גר,צנעני,IL,ג'חנון מופחת שומן 70,גרמים,700.00,100 גרם,false,,18.90,2.7000,true,1,51505
7290002517733,false,תבלין קצח טעם וריח 4,תות ממתקי איכות,IL,תבלין קצח טעם וריח 4,גרמים,40.00,100 גרם,false,,7.40,18.5000,true,1,42393
7290002542780,false,"שישייה בירה סטלה ארטואה בקבוק 330X6 מ""ל","אינבב, ברוורייפליין",BE,סטלה ארטואה בקבוק 6*,ליטרים,1.98,ליטר,false,,37.90,19.1414,true,1,151718
7290002542797,false,"בירה לף בלונד בקבוק 330 מ""ל","אינבב, ברוורייפליין",BE,בירה לף בלונד - בק',מיליליטרים,330.00,"100 מ""ל",false,,9.90,3.0000,true,1,169045
7290002542841,false,"שישייה בירה לף בלונד בקבוק 330X6 מ""ל","אינבב, ברוורייפליין",BE,בירה לף בלונד -שישיה,ליטרים,1.98,ליטר,false,,49.90,25.2020,true,1,169061
7290002542865,false,"שישייה בירה הוגרדן בקבוק 330X6 מ""ל","אינבב, ברוורייפליין",BE,בירה הוגרדן -שישיה *,ליטרים,1.98,ליטר,false,,49.90,25.2020,true,1,169062
7290002543046,false,קלוגס פרוסטיס דגנים וסוכר 750ג',קלוג מנייופרטורינג א,ES,פרוסטיס דגני קלוגס 7,גרמים,750.00,100 גרם,false,,18.90,2.5200,true,1,5278
7290002552260,false,"קרחון טעם משמש לל""ס ריאו מארז 90X8ג'","ביח""\ר לגלידה וממתקים בע",IL,מאגדת-שמיניות קרחוני,גרמים,720.00,100 גרם,false,,17.90,2.4861,true,1,20523
7290002552345,false,מאגדת שלגונים גלי גל פרווה 8 יח' ריאו,"גלידות ריאו ביח""ר לג",IL,שלגונים גלי גל פרווה,גרמים,600.00,100 גרם,false,,15.90,2.6500,true,1,20526
7290002599029,false,תבליני יונה פפריקה מ,תבליני יונה,IL,תבליני יונה פפריקה מ,גרמים,100.00,100 גרם,false,,4.50,4.5000,true,1,10014
7290002599036,false,פלפל לבן/שחור 50גר,תבליני יונה,IL,פלפל לבן/שחור,יחידה,0.00,יחידה,false,,5.50,0.0000,true,1,10015
7290002599081,false,תבליני יונה תבלינים,תבליני יונה,IL,תבליני יונה תבלינים,גרמים,100.00,100 גרם,false,,4.50,4.5000,true,1,10017
7290002599104,false,תבליני יונה תבלינים,תבליני יונה,IL,תבליני יונה תבלינים,יחידה,0.00,יחידה,false,,4.50,0.0000,true,1,10018
7290002599197,false,תבליני יונה פלפל שחו,תבליני יונה,IL,תבליני יונה פלפל שחו,גרמים,50.00,100 גרם,false,,5.50,11.0000,true,1,10019
7290002627210,false,גפילטע פיש קציצות מדגי קרפיון וכסיף בצנצנת 560 גרם,האי נאם סי או אל.טי.,IL,גפילטע פיש בצנצנת דל,גרמים,560.00,100 גרם,false,,14.90,2.6607,true,1,16901
7290002628088,false,טחון הודו בלדי 500 גרם,בלדי,,טחון הודו קפוא 500 ג,גרמים,500.00,100 גרם,false,,12.90,2.5800,true,1,205342
7290002628293,false,טחון עוף קפוא 500 גרם בלדי,בלדי,IL,טחון עוף קפוא 500 גר,גרמים,500.00,100 גרם,false,,12.90,2.5800,true,1,35291
7290002651116,false,גחנון חמסי ארוז 1 קג,מאפיית אריאל,IL,"גחנון חמסי 1 ק""ג",קילוגרמים,1.00,"ק""ג",false,,19.90,19.9000,true,1,16902
7290002651123,false,מלאווח חמסי ארוז 1 ק,מאפיית אריאל,IL,"מלווח חמסי 1 ק""ג",קילוגרמים,1.00,"ק""ג",false,,19.90,19.9000,true,1,16903
7290002661023,false,לחם אחיד ברמן 750 גר,,,לחם אחיד ברמן 750 גר,גרמים,750.00,100 גרם,false,,5.12,0.6827,true,1,43473
7290002692393,false,שמן קנולה מזוכך מועשר עץ הזית 1 ליטר,שמן תעשיות בעמ,EE,שמן קנולה מועשר עץ ה,ליטרים,1.00,ליטר,false,,16.90,16.9000,true,1,29341
7290002692478,false,"שמן זית כתית מעולה מעודן עץ הזית 750 מ""ל","מרקאולאו, ספרד.אבסה,",IT,שמן זית כתית מעולה מ,מיליליטרים,750.00,"100 מ""ל",false,,35.90,4.7867,true,1,29343
7290002692768,false,"תרסיס שמן קנולה מזוכך ללא תוספת גז עץ הזית 200 מ""ל",טרנסומס פוד איי בי,IT,תרסיס שמן קנולה עץ ה,מיליליטרים,200.00,"100 מ""ל",false,,20.90,10.4500,true,1,29346
7290002692775,false,"תרסיס שמן קנולה בטעם חמאה עץ הזית 200 מ""ל",קומפניה,IT,תרסיס שמן קנולה בטעם,מיליליטרים,200.00,"100 מ""ל",false,,20.90,10.4500,true,1,29347
7290002692782,false,"תרסיס שמן זית כתית מעולה ללא תוספת גז עץ הזית 150 מ""ל",י.ב טכנולוגיות אריזה,IT,תרסיס שמן זית עץ הזי,מיליליטרים,200.00,"100 מ""ל",false,,20.90,10.4500,true,1,29348
7290002703068,false,צנצנת דבש עין חרוד 1,עין חרוד,IL,צנצנת דבש עין חרוד 1,קילוגרמים,1.00,"ק""ג",false,,45.90,45.9000,true,1,47364
7290002703358,false,צנצנת דבש זכוכית 350 גרם,עין חרוד,IL,צנצנת דבש עין חרוד 3,גרמים,350.00,100 גרם,false,,19.90,5.6857,true,1,47370
7290002703402,false,דבש בבקבוק לחיץ 400 גרם עין חרוד,,,דבש עין חרוד 400 גרם,גרמים,400.00,100 גרם,false,,20.90,5.2250,true,1,47371
7290002703426,false,דבש לחיץ בבקבוק עין חרוד 250 גרם,,,דבש לחיץ מכוורת 250,גרמים,250.00,100 גרם,false,,14.90,5.9600,true,1,47372
7290002703655,false,סילאן 100% טבעי עין,,,סילאן 100% טבעי עין,גרמים,385.00,100 גרם,false,,14.90,3.8701,true,1,47374
7290002703662,false,סילאן 100% טבעי צנצנ,,,סילאן 100% טבעי צנצנ,גרמים,900.00,100 גרם,false,,21.90,2.4333,true,1,47375
7290002715375,false,קבב יווני טיבון ויל 400 גרם,טיבון ויל אחזקות בעמ,IL,קבב יווני 400 גרם,גרמים,400.00,100 גרם,false,,20.90,5.2250,true,1,16911
7290002730262,false,"נוזל לניקוי כלים קלאסי פלמוליב 750 מ""ל",יבואן ומשווק: ש. שסט,GR,פלמוליב לכלים קלאסי,מיליליטרים,750.00,"100 מ""ל",false,,13.90,1.8533,true,1,21427
7290002730521,false,צימרוני אוזניים בלונס בקופסא 200 יח',קריות זול,GR,צמרונים בקופסא בלונס,יחידה,0.00,יחידה,false,,7.90,0.0000,true,1,21430
7290002730675,false,"קולגייט משחת שיניים אדומה משפחתי 100 מ""ל",קולגייט-פלמוליב,PL,משחת שיניים משפחתי ק,מיליליטרים,100.00,"100 מ""ל",false,,11.90,11.9000,true,1,21433
7290002730811,false,"משחת שיניים ג'ל פסים מרעננים קולגייט 100 מ""ל",הנסיך- מפעל לייצור ט,PL,משחת שיניים גל משפחת,מיליליטרים,100.00,"100 מ""ל",false,,14.50,14.5000,true,1,21434
7290002730941,false,כדורי צמר גפן בלונס 100 יחידות,הנסיך- מפעל לייצור ט,GR,צמר גפן פרוס בלונס 1,גרמים,100.00,100 גרם,false,,6.90,6.9000,true,1,21438
7290002730958,false,סבון מוצק בניחוח זיתים ואלוורה פלמוליב 4*100 גרם,הנסיך- מפעל לייצור ט,TR,סבון מוצק ירוק זית פ,גרמים,400.00,100 גרם,false,,18.90,4.7250,true,1,21439
7290002735007,false,"בצק עלים מרודד ינון 1 ק""ג",קפוא-זן,,"בצק עלים 1 ק""ג",קילוגרמים,1.00,"ק""ג",false,,14.90,14.9000,true,1,20411
7290002735014,false,מלווח ארוז ינון 800ג,ג'נרל מילס סאן אדריא,IL,ינון מלווח ארוז 800,גרמים,800.00,100 גרם,false,,14.90,1.8625,true,1,20412
7290002735021,false,ג'חנון קפוא ינון 750 גרם,ג'נרל מילס סאן אדריא,IL,ינון גחנון ארוז 750,גרמים,750.00,100 גרם,false,,14.90,1.9867,true,1,20413
7290002735113,false,בורקס גבינה ינון 800,,,בורקס גבינה ינון 800,גרמים,800.00,100 גרם,false,,17.90,2.2375,true,1,20414
7290002735120,false,"בורקס תפו""א 1 ק""ג ארוז",,,"בורקס תפו""א ינון 800",גרמים,800.00,100 גרם,false,,14.90,1.8625,true,1,20415
7290002735274,false,ג'חנון אפוי ינון 600 גרם,ג'נרל מילס סאן אדריא,IL,ינון גחנון אפוי 600,גרמים,600.00,100 גרם,false,,16.90,2.8167,true,1,20418
7290002752349,false,סוכריות מנטוס מנטה 40יח' בגליל 38ג',פרפטי ואן מלה,NL,מנטוס סוכריות מנטה 3,גרמים,37.50,100 גרם,false,,3.90,10.4000,true,1,12741
7290002752493,false,רביעיה סוכריות מנטה 4* 16 ג' טיק טק,פררו - אלבה,ZA,טיק טק 1/4,גרמים,64.00,100 גרם,false,,10.90,17.0313,true,1,41444
7290002753223,false,רביעייה סוכריות תפוז 4*16 ג' טיק טק,פררו - אלבה,ZA,טיק טק תפוז 4/1,גרמים,64.00,100 גרם,false,,10.90,17.0313,true,1,41445
7290002757139,false,מלאווח תימני מקורי 3 האופים 700 גר',שלושת האופים,IL,שלושת האופים מלוואח,גרמים,700.00,100 גרם,false,,14.90,2.1286,true,1,16922
7290002757511,false,קציצות דג לבישול דלידג 750 גרם,האי נאם סי או אל.טי.,IL,דלידג קציצות דג לביש,גרמים,750.00,100 גרם,false,,35.90,4.7867,true,1,16925
7290002757665,false,קבב מזרחי טיבון ויל 400 ג',טיבון ויל,IL,קבב מזרחי 400 גרם,גרמים,400.00,100 גרם,false,,13.90,3.4750,true,1,16929
7290002757672,false,המבורגר מזרחי טיבון ויל 400ג',טיבון ויל,IL,המבורגר 400גרם נטו,גרמים,400.00,100 גרם,false,,13.90,3.4750,true,1,16930
7290002768159,false,"סבון נוזלי בת אורן קצף לאמבט 500מ""ל",פארק תעשיות עמק חפרמ,IL,קצף אמבט בת אורן 500,מיליליטרים,500.00,"100 מ""ל",false,,17.90,3.5800,true,1,29836
7290002787891,false,מקלות פילו תרד 600 גרם שלושת האופים,שלושת האופים,IL,שלושת האופים מקלות ב,גרמים,600.00,100 גרם,false,,21.90,3.6500,true,1,16959
7290002793311,false,שירות והחלפה מילוי גז 60 סודהסטרים,סודה סטרים,IL,מילוי למכשיר 50,יחידה,0.00,יחידה,false,,60.00,0.0000,true,1,17522
7290002814054,false,סנט מוריץ מתז אנטרטיק מתז 1 ליטר,קומפלקס כימיקלים בעמ,IL,אנטרקטיק במתז 1 ליטר,ליטרים,1.00,ליטר,false,,14.90,14.9000,true,1,20094
7290002814160,false,מסיר שומנים סנט מוריץ 1ל,קומפלקס כימיקלים בעמ,IL,מסיר שומנים קר סנט מ,יחידה,0.00,יחידה,false,,19.90,0.0000,true,1,20098
7290002814290,false,קצף מרוכז blanco בניחוח לימון משמיד 99.9% חיידקים סנט מוריץ 1 ליטר,קומפלקס כימיקלים בעמ,IL,קצף מרוכז 1 ליטר בלנ,ליטרים,1.00,ליטר,false,,12.90,12.9000,true,1,80487
7290002814603,false,"סנט מוריץ - מרסס מסיר שומנים קר מבושם לימון 750 מ""ל",קומפלקס כימיקלים בעמ,IL,מסיר שומנים קר מבושם,מיליליטרים,750.00,"100 מ""ל",false,,15.90,2.1200,true,1,20110
7290002814870,false,"סנט מוריץ - מרסס מסיר שומנים קר מבושם לוונדר\פרחים 750 מ""ל",קומפלקס כימיקלים בעמ,IL,מסיר שומנים קר מבושם,מיליליטרים,750.00,"100 מ""ל",false,,15.90,2.1200,true,1,20111
7290002824183,false,"גבינה לבנה סקי 500 גרם 5% ""שטראוס"" -מוצר בפיקוח",מיוצר עי קונדיטוריית,IL,גבינה לבנה 5% סקי 50,גרמים,500.00,100 גרם,false,,9.50,1.9000,true,1,23256
7290002824466,false,יוגורט דנונה ביו לבן 0% שומן 200 גרם,"שטראוס בריאות בע""\מ",IL,דנונה יוגורט ביו 0%,מיליליטרים,200.00,"100 מ""ל",false,,3.70,1.8500,true,1,23257
7290002824640,false,"גבינת סקי 250 גרם 5% ""שטראוס"" -מוצר בפיקוח",מיוצר עי קונדיטוריית,IL,גבינה 5% סקי 250 גרם,גרמים,250.00,100 גרם,false,,4.98,1.9920,true,1,23258
7290002825722,false,סלט כרוב אדום אחלה 500 גרם,מיוצר עי קונדיטוריית,IL,אחלה כרוב אדום 500ג,גרמים,500.00,100 גרם,false,,16.90,3.3800,true,1,23260
7290002827306,false,נקניקיות עוף ירושלים מחפוד 400 ג',עוף ירושלים,IL,עוף ירושלים נקניקיות,גרמים,400.00,100 גרם,false,,11.90,2.9750,true,1,47043
7290002827337,false,נקניקיות עוף פיקנטי 400 גר' מחפוד,עוף ירושלים,IL,עוף ירושלים נקניקיות,גרמים,400.00,100 גרם,false,,11.90,2.9750,true,1,47046
7290002868996,false,"קוטג' 5% שומן, רכיבים טבעיים, 250 גרם",קריות זול,IL,טרה קוטג מועשר 5% 25,גרמים,250.00,100 גרם,false,,5.90,2.3600,true,1,6375
7290002871248,false,"בירה טובורג רד בקבוק 500 מ""ל חוזר",מבשלות בירה בינלאומיות ב,IL,בירה טובורג רד בקבוק,מיליליטרים,500.00,"100 מ""ל",false,,8.90,1.7800,true,1,6899
7290002871361,false,"בירה קרלסברג בקבוק 500 מ""ל חוזר",מבשלות בירה בינלאומיות ב,IL,קרלסברג בירה בק.חוזר,מיליליטרים,500.00,"100 מ""ל",false,,8.90,1.7800,true,1,6900
7290002874629,false,פרלמנט ארוך RCB בלו חפ,פיליפ מוריס,,סיגריות פרלמנט (חפיס,יחידה,0.00,יחידה,false,,42.00,0.0000,false,1,28890
7290002881018,false,מעדן תות שדה 100% 284 גרם,קריות זול,,סן מורנו מעדן תות שד,גרמים,284.00,100 גרם,false,,12.90,4.5423,true,1,24923
7290002881032,false,מעדן אוכמניות כחולות 100% 284 גרם,קריות זול,,סן מורנו מעדן אוכמני,גרמים,284.00,100 גרם,false,,12.90,4.5423,true,1,24925
7290002881230,false,חתיכות אננס בסירופ קל תומר 850 גרם,"אניס פארם בע""מ",VN,אננס חתוך תומר 850 ג,גרמים,850.00,100 גרם,false,,9.90,1.1647,true,1,24938
7290002881247,false,פרוסות אננס בסירופ קל תומר 850 גרם,"אניס פארם בע""מ",VN,אננס שלם פרוסות תומר,גרמים,850.00,100 גרם,false,,9.90,1.1647,true,1,24939
7290002881254,false,קוקטייל פירות טרופיים בסירופ קל תומר 825 גרם,סאנרייז אגריקלטור,TH,קוקטייל טרופי תומר 8,גרמים,850.00,100 גרם,false,,10.90,1.2824,true,1,24940
7290002881261,false,"ליצ'י שלם 565 גרם ""תומר""",גיבונג אינדסקיאלס,CN,ליצי שלם תומר 565 גר,גרמים,565.00,100 גרם,false,,9.90,1.7522,true,1,24941
7290002881278,false,לפתן אפרסק חצאים תומ,Elbak s.a - greek ca,,אפרסק חצאים תומר 820,גרמים,820.00,100 גרם,false,,10.90,1.3293,true,1,24942
7290002881407,false,נודלס אטריות ביצים דק תומר 400ג',קריות זול,CN,נודלס דק תומר 400 גר,גרמים,400.00,100 גרם,false,,6.90,1.7250,true,1,24947
7290002881414,false,תומר-אטריות ביציםעבו,אופאל,CN,נודלס עבה תומר 400 ג,גרמים,400.00,100 גרם,false,,6.90,1.7250,true,1,24948
7290002881506,false,חמאת בוטנים 510 ג' תומר,Niza s a,,חמאת בוטנים 510 גרם,גרמים,510.00,100 גרם,false,,10.90,2.1373,true,1,24952
7290002881513,false,חמאת בוטנים עם שברי בוטנים תמר 510 גר',Niza s a,,חמאת בוטנים עם שברי,גרמים,510.00,100 גרם,false,,10.90,2.1373,true,1,24953
7290002881612,false,לפתן דובדבנים חמוצים תומר 720 גרם,Fructo sliven jsc,BG,לפתן דובדבנים חמוצים,גרמים,700.00,100 גרם,false,,9.90,1.4143,true,1,24958
7290002881742,false,לבבות דקל פרוסות תומר 400 גרם,Inaexpo,EC,לבבות דקל פרוסות תומ,גרמים,400.00,100 גרם,false,,8.90,2.2250,true,1,24962
7290002881940,false,סרדינים מרוקאי בשמן חמניות 125ג' תומר,Union des pecheries,,סרדין מרוקאי בשמן תו,גרמים,125.00,100 גרם,false,,6.90,5.5200,true,1,24970
7290002881957,false,סרדינים מרוקאי חריף בשמן חמניות 125ג' תומר,Union des pecheries,,סרדין מרוקאי חריף תו,גרמים,125.00,100 גרם,false,,6.90,5.5200,true,1,24971
7290002900566,false,פסטרמה ברביקיו דל שומן טירת צבי 400 גרם,הנסיך- מפעל לייצור ט,IL,פסטרמה ברביקיו דל שו,גרמים,360.00,100 גרם,false,,29.90,8.3056,true,1,25339
7290002904694,false,"טיטניום דאודורנט ספריי לגברים 150 מ""ל","אמיליה קוסמטיקס בע""מ",IL,דאודורנט ספריי קלאסי,מיליליטרים,180.00,"100 מ""ל",false,,17.90,9.9444,true,1,29837
7290002909880,false,"פולי סויה - אדממה - 400 גרם (בד""ץ עדה חרדית)",ZHEJIANG,CN,פולי סויה אדממה בלדי,גרמים,400.00,100 גרם,false,,11.90,2.9750,true,1,35295
7290002921240,false,"קרבונה שמפוזר לניקוי שטיחים וריפוד יעקבי 650 מ""ל",קרבונה Carbona,MX,שמפוזר מסיר כתים משט,מיליליטרים,650.00,"100 מ""ל",false,,34.00,5.2308,true,1,11289
7290002921349,false,לוקטייט סופר גלו 3 - זוגי,יעקובי סופר גלו,TR,סופר גלו 3 זוגי,יחידה,0.00,יחידה,false,,15.90,0.0000,true,1,11291
7290002922117,false,מקלות קינמון וסוכר חום,"אקלר בע""מ",IL,מארז עוגיות אקלר 250,100 יח',250.00,100 יח',false,,24.90,9.9600,true,1,222499
7290002923466,false,"בקר טחון טיבון ויל 1 ק""ג",טיבון ויל אחזקות בעמ,IL,טחון בקר 1 ק`ג,קילוגרמים,1.00,"ק""ג",false,,24.90,24.9000,true,1,16966
7290002929635,false,טונה ויליגר במים 140 גרם,"ויליגר תעשיות בע""מ",IL,טונה בשמן ויליגר 140,גרמים,140.00,100 גרם,false,,6.90,4.9286,true,1,205396
7290002929642,false,רביעיית טונה בשמן ויליגר 140 גרם,דיאמנט פוד פרודקט קו,TH,טונה בשמן ויליגר רבי,גרמים,560.00,100 גרם,false,,21.90,3.9107,true,1,16974
7290002971955,false,"קמח שטיבל 650 ללא ניפוי 1 ק""ג",טחנת קמח דגן-שטיבל,IL,קמח לבן 650 ללא צורך,קילוגרמים,1.00,"ק""ג",false,,9.90,9.9000,true,1,9218
7290002971962,false,"קמח שטיבל חיטה מלא ללא ניפוי 1 ק""ג",טחנת קמח דגן-שטיבל,IL,קמח מלא 100% ללא צור,קילוגרמים,1.00,"ק""ג",false,,9.90,9.9000,true,1,9213
7290002971986,false,קמח שיפון ללא צורך ב,טחנת קמח דגן-שטיבל,IL,קמח שיפון ללא צורך ב,קילוגרמים,1.00,"ק""ג",false,,9.90,9.9000,true,1,9219
7290002971993,false,"קמח כוסמין מס 14 ללא ניפוי 1 ק""ג",טחנת קמח דגן-שטיבל,IL,קמח כוסמין מלא ללא צ,קילוגרמים,1.00,"ק""ג",false,,15.90,15.9000,true,1,9220
7290002972006,false,"קמח שטיבל 405 ללא ניפוי 1 ק""ג",טחנת קמח דגן-שטיבל,IL,קמח בהיר 405 ללא צור,קילוגרמים,1.00,"ק""ג",false,,9.90,9.9000,true,1,9221
7290002972365,false,קמח תופח שטיבל 13 ללא צורך בניפוי 1 קג,מיוצר עי קונדיטוריית,IL,קמח תופח ללא צורך בנ,קילוגרמים,1.00,"ק""ג",false,,9.90,9.9000,true,1,9222
7290002972426,false,קמח שטיבל 80% ללא צורך בניפוי,טחנת קמח דגן-שטיבל,IL,קמח מלא 80% ללא צורך,קילוגרמים,1.00,"ק""ג",false,,9.90,9.9000,true,1,9223
7290002973676,false,"קמח שטיבל לחלה 18 ללא ניפוי 1 ק""ג",טחנת קמח דגן-שטיבל,IL,קמח לחלה ללא צורך בנ,קילוגרמים,1.00,"ק""ג",false,,9.90,9.9000,true,1,97601
7290002973812,false,קמח כוסמין 80% ללא צ,"שטיבל בע""\מ",IL,קמח כוסמין 80% ללא צ,קילוגרמים,1.00,"ק""ג",false,,16.90,16.9000,true,1,101175
7290002974314,false,"קמח פיצה שטיבל 1 ק""ג",טחנת קמח דגן-שטיבל,IL,"קמח פיצה שטיבל 1 ק""ג",קילוגרמים,1.00,"ק""ג",false,,11.90,11.9000,true,1,292798
7290002974338,false,"קמח מניטובה מנופה ""0",טחנת קמח דגן-שטיבל,IL,"קמח מניטובה מנופה ""0",קילוגרמים,1.00,"ק""ג",false,,13.90,13.9000,true,1,175918
7290002986652,false,גטניו פתי בר שוקו 470 גרם,"אחים גטניו בע""מ",IL,גטניו - פתיבר שוקו 4,גרמים,470.00,100 גרם,false,,9.90,2.1064,true,1,41241
7290002987963,false,"סלט חומוס אחלה 1 ק""ג",מיוצר עי קונדיטוריית,IL,אחלה חומוס 1קג,קילוגרמים,1.00,"ק""ג",false,,14.90,14.9000,true,1,23261
7290003009183,false,"סירופ דיאט תפוחים פריגת 750 מ""ל",סירופ - גבעת חיים,IL,סירופ דיאט תפוחים פר,מיליליטרים,750.00,"100 מ""ל",false,,22.90,3.0533,true,1,6908
7290003009312,false,בוטן קלוי קליית גת 200 גרם,הדקלאים אגודת שיתופי,IL,בוטן קלוי 200 גרם,גרמים,200.00,100 גרם,false,,8.90,4.4500,true,1,12745
7290003009329,false,בוטנים אמריקאיים קליית גת 200 גרם,הדקלאים אגודת שיתופי,IL,בוטן אמריקאי מצופה 2,גרמים,200.00,100 גרם,false,,6.90,3.4500,true,1,12746
7290003009336,false,קבוקים קליית גת 200 גרם,הדקלאים אגודת שיתופי,IL,קבוקים מצופים 200 גר,גרמים,200.00,100 גרם,false,,6.90,3.4500,true,1,12747
7290003009596,false,"סירופ דיאט אשכוליות פריגת 750 מ""ל",סירופ - גבעת חיים,IL,סירופ דיאט אשכוליות,מיליליטרים,750.00,"100 מ""ל",false,,22.90,3.0533,true,1,6912
7290003011087,false,"אורז בסמטי הודי מובחר שקדיה 1 ק""ג",אלסקה/ טילדה,IN,אלסקה אורז בסמטי אלפ,קילוגרמים,1.00,"ק""ג",false,,10.90,10.9000,true,1,4613
7290003013128,false,פתיל צף מתומן כ-50 יחידות שלהבת,שלהבת,IL,פתיל צף משושה 48 יח,יחידה,0.00,יחידה,false,,4.90,0.0000,true,1,46480
7290003015641,false,"נוזל רצפות יסמין 2 ליטר ""ריצפז פרש""",קריות זול,IL,ריצפז פרש יסמין 2 לי,ליטרים,2.00,ליטר,false,,19.90,9.9500,true,1,29848
7290003015672,false,סנו סופט מפיות צבעוניות חלקות 50 יחידות,סנו סופט,IL,סנו סופט מפיות צבעונ,יחידה,0.00,יחידה,false,,9.90,0.0000,true,1,29849
7290003029181,false,משקה יטבתה שוקו' בקבוק 1ל מהדרין,שטראוס גרופ,IL,יטבתה שוקו בקבוק 1ל,ליטרים,1.00,ליטר,false,,12.90,12.9000,true,1,23265
7290003029372,false,משקה חלב בטעם בננה יטבתה 1 ליטר,שטראוס גרופ,IL,יטבתה משקה חלב בננה,ליטרים,1.00,ליטר,false,,12.90,12.9000,true,1,23268
7290003029389,false,"משקה חלב בננה פקק ספורט 250 מ""ל יוטבתה",שטראוס גרופ,IL,יטבתה משקה חלב בננה+,מיליליטרים,250.00,"100 מ""ל",false,,5.90,2.3600,true,1,23269
7290003029433,false,"משקה יטבתה שוקו פקק 250 מ""ל מהדרין",שטראוס גרופ,IL,יטבתה שוקו +פקק 250,מיליליטרים,250.00,"100 מ""ל",false,,5.90,2.3600,true,1,23270
7290003029532,false,מוקה בבקבוק יטבתה 1 ליטר מהדרין,שטראוס גרופ,IL,יטבתה מוקה 1ל,ליטרים,1.00,ליטר,false,,12.90,12.9000,true,1,23272
7290003029792,false,"משקה יטבתה שוקו שקיות מהדרין מארז 225X8מ""ל",שטראוס גרופ,IL,יטבתה מהדרין שוקו שק,ליטרים,1.80,ליטר,false,,21.90,12.1667,true,1,23274
7290003029815,false,כד חלב 3% יטבתה 2 ליטר מהדרין,שטראוס גרופ,IL,חלב מועשר בכד2 ליטר,ליטרים,2.00,ליטר,false,,15.90,7.9500,true,1,23275
7290003029907,false,אייס קפה יטבתה 1 ליטר מהדרין,שטראוס גרופ,IL,יטבתה אייס קפה 1ל,ליטרים,1.00,ליטר,false,,12.90,12.9000,true,1,23277
7290003054190,false,מסטמכר לחם שיפון עם שלושה דגנים 500ג,מרום את קונפינו,DE,לחם שיפון 3 דגנים מס,גרמים,500.00,100 גרם,false,,15.90,3.1800,true,1,5287
7290003072835,false,נקניקיות קנאקוורסט טירת צבי 320 גרם,טיב טירת צבי 2000,IL,טירת צבי נקניקיות קנ,גרמים,320.00,100 גרם,false,,20.90,6.5312,true,1,25362
7290003072859,false,רוסטביף טירת צבי 120 גרם,הנסיך- מפעל לייצור ט,IL,רוסטביף טירת צבי 120,גרמים,120.00,100 גרם,false,,24.90,20.7500,true,1,55894
7290003072972,false,קבנוס בתיבול מעושן טירת צבי 120 גרם,טיב טירת צבי 2000,IL,קבנוס בתיבול שום 120,גרמים,120.00,100 גרם,false,,9.90,8.2500,true,1,124759
7290003102136,false,צמר גפן COTTON SOFT רפואי 100 גר' 3102136,הדקלאים אגודת שיתופי,TR,צמר גפן כוטון סופט 1,גרמים,100.00,100 גרם,false,,5.90,5.9000,true,1,867
7290003102891,false,שקיות צליה הוסטס בקופסה 10יח',הוסטס,TR,שקיות צליה הוסטס 10י,יחידה,0.00,יחידה,false,,5.90,0.0000,true,1,875
7290003107216,false,קמח 1 קג שימורי איכ,טחנת קמח דגן לישראל,IL,"קמח לבן דגן 1 ק""ג",קילוגרמים,1.00,"ק""ג",false,,6.90,6.9000,true,1,9228
7290003107223,false,"סולת לנדא ארוז 1 ק""ג",טחנת קמח דגן לישראל,IL,"סולת חיטה דגן 1 ק""ג",קילוגרמים,1.00,"ק""ג",false,,6.90,6.9000,true,1,9229
7290003107315,false,"סולת בד""צ ארוז 1 ק""ג",טחנת קמח דגן לישראל,IL,"סולת דגן 1 ק""ג",קילוגרמים,1.00,"ק""ג",false,,4.50,4.5000,true,1,9232
7290003107346,false,קמח חיטה לבן דגן 1 ק,טחנת קמח דגן לישראל,IL,קמח חיטה לבן דגן 1 ק,קילוגרמים,1.00,"ק""ג",false,,4.50,4.5000,true,1,9234
7290003107360,false,קמח לבן בהיר ללא ניפוי1ק,טחנת קמח דגן לישראל,IL,קמח לבן בהיר ללא בני,קילוגרמים,1.00,"ק""ג",false,,9.90,9.9000,true,1,205362
7290003119110,false,קוקה קולה שישייה 1.5,החברה המרכזית לייצור משקאות,IL,קוקה קולה 6*1.5ליטר,ליטרים,9.00,ליטר,false,,48.10,5.3444,true,1,6916
7290003126712,false,יוגורט עיזים מחלב מלא 3.7% משק צוריאל 150 גרם,מחלבת משק צוריאל,IL,צוריאל יוגורט עיזים,מיליליטרים,150.00,"100 מ""ל",false,,6.90,4.6000,true,1,6381
7290003126958,false,טופו גבינה גוש בואקום צוריאל 300 ג',א.י.ן תעשיות מזון בע,IL,צוריאל גבינה גוש טופ,גרמים,300.00,100 גרם,false,,12.90,4.3000,true,1,6382
7290003141159,false,יוגטה מרשמלו ממתק מוקצף בטעמי תות שדה ווניל 180 גרם,יוגוטה,IL,יוגטה מרשמלו 180 גר',גרמים,180.00,100 גרם,false,,8.90,4.9444,true,1,41958
7290003143146,false,ממרח תמרים קליית גת 450 גרם,הדקלאים אגודת שיתופי,IL,ממרח תמרים 450 גרם,גרמים,450.00,100 גרם,false,,6.90,1.5333,true,1,12762
7290003143276,false,יוגטה מרשמלו מגולגל( 18בקר'),תות ממתקי איכות,IL,יוגטה מרשמלו מגולגל,גרמים,180.00,100 גרם,false,,8.90,4.9444,true,1,41962
7290003144419,false,סילאן טבעי קליית גת 710 גרם,"טעמי הגליל בע""\מ",IL,סילאן טבעי קלית גת 7,גרמים,710.00,100 גרם,false,,29.90,4.2113,true,1,12773
7290003145751,false,"קליית גת אגוזי קלויים, 200 גרם",הדקלאים אגודת שיתופי,IL,קשיו קלוי 200 גרם,גרמים,200.00,100 גרם,false,,19.90,9.9500,true,1,12782
7290003163939,false,מעדני הטלה נקניקיות,יושלם,,"נקניקיות גריל 1.5 ק""",קילוגרמים,1.50,"ק""ג",false,,24.90,16.6000,true,1,16988
7290003185726,false,קבב מזרחי טיבון ויל 500 גרם,טיבון ויל אחזקות בעמ,IL,קבב מזרחי 500 גרם,גרמים,500.00,100 גרם,false,,20.90,4.1800,true,1,16990
7290003187843,false,עגל טחון טיבון ויל 500 גרם,טיבון ויל אחזקות בעמ,IL,טחון עגל 100% בשר 50,גרמים,500.00,100 גרם,false,,29.90,5.9800,true,1,16993
7290003189076,false,פיצרלה הצהובה הטובה מגורדת 22% כפיר 500 גרם,צי תעשיות מזון יבנה,IL,פיצרלה חלבון צמחי,גרמים,500.00,100 גרם,false,,20.90,4.1800,true,1,18254
7290003189205,false,הצהובה הטובה לייט קלאסית 9% כפיר 200 גרם,כפיר,IL,הצהובה הטובה לייט קל,גרמים,200.00,100 גרם,false,,14.90,7.4500,true,1,18259
7290003189267,false,הצהובה הטובה לייט קלאסית 5% כפיר 200 גרם,צי תעשיות מזון יבנה,IL,צהובה הטובה קלאסית כ,גרמים,200.00,100 גרם,false,,15.90,7.9500,true,1,18261
7290003208586,false,"וורמוט מרטיני לבן 750 מ""ל",מרטיני ורוסי,IT,מרטיני ביאנקו 750 מל,מיליליטרים,750.00,"100 מ""ל",false,,45.90,6.1200,true,1,13373
7290003217014,false,חמישיית פיתות מזרחיות דגנית,יוניליוור גרמניה Gm,IL,5 פיתות מזרחיות תנעמ,גרמים,500.00,100 גרם,false,,7.90,1.5800,true,1,4498
7290003217052,false,חמישיית פיתות כפריות דגנית,יוניליוור גרמניה Gm,IL,5 פיתות כפריות קלות,גרמים,500.00,100 גרם,false,,10.90,2.1800,true,1,4500
7290003220410,false,קרקר שומשום 110 ג' נאפה מעדני מלך,מגדנית הדר,IL,מעדני המלך קרקר שומש,גרמים,110.00,100 גרם,false,,2.90,2.6364,true,1,41249
7290003220526,false,"WOK רוטב צ'ילי חריף 700 מ""ל",תאי פרידה אינדסטרי,TH,רוטב צ'ילי חריף 700,מיליליטרים,700.00,"100 מ""ל",false,,12.90,1.8429,true,1,41257
7290003220588,false,"רוטה צ'ילי מתוק ללא סוכר 700 מ""ל WOK",תאי פרידה אינדסטרי ב,TH,ווק רוטב צ'ילי מתוק,מיליליטרים,700.00,"100 מ""ל",false,,18.90,2.7000,true,1,205314
7290003220595,false,"ווק אורז לסושי 1 ק""ג WOK","מיה תעשיות מזון בע""מ",IL,אורז לסושי 1 ק'ג WOK,קילוגרמים,1.00,"ק""ג",false,,14.90,14.9000,true,1,205315
7290003220700,false,WOK מחצלת לגלגול סושי 60 גרם,קוסומאי במבוק,CN,מחצלת לסושי,יחידה,0.00,יחידה,false,,6.90,0.0000,true,1,205319
7290003220717,false,WOK אצות נורי סילבר 10 יחידות,ג'י וואן גלובול נאט,KR,אצות נורי סילוור 10,גרמים,22.00,100 גרם,false,,13.90,63.1818,true,1,205320
7290003220755,false,"WOK רוטב סויה כהה 640 מ""ל",ליאנג סאנג האנד הואד,TH,ווק רוטב סויה כהה 64,מיליליטרים,640.00,"100 מ""ל",false,,16.90,2.6406,true,1,205323
7290003220830,false,"WOK חומץ אורז יסמין 500 מ""ל",דיאמונד פריזרוד פודס,TH,חומץ אורז לסושי 500,מיליליטרים,500.00,"100 מ""ל",false,,19.90,3.9800,true,1,205324
7290003220977,false,עוגיות חצי ירח מצופה 175 נאפה מעדני מלך,מגדנית הדר,IL,מעדני מלך ירח חצי מצ,גרמים,175.00,100 גרם,false,,7.90,4.5143,true,1,133056
7290003229109,false,פסטרמה הודו בפפריקה טירת צבי 400 גרם,הנסיך- מפעל לייצור ט,IL,א.מ .פסטרמה בפפריקה,גרמים,400.00,100 גרם,false,,29.90,7.4750,true,1,25365
7290003229123,false,פסטרמה הודו על גחלים 2% טירת צבי 400 גרם,הנסיך- מפעל לייצור ט,IL,א.מ. פסטרמה על גחלים,גרמים,400.00,100 גרם,false,,29.90,7.4750,true,1,25367
7290003229154,false,נקניק סלמי קוניאק טירת צבי 300 גרם,הנסיך- מפעל לייצור ט,IL,א.מ. סלמי קוניאק מוב,גרמים,300.00,100 גרם,false,,29.90,9.9667,true,1,25369
7290003229192,false,נקניק כתף בקר מעושן 2% טירת צבי 400 גרם,טיב טירת צבי 2000,IL,א.מ. כתף בקר מעושן 4,גרמים,400.00,100 גרם,false,,35.90,8.9750,true,1,25371
7290003251308,false,אציטון משובח 100מל,שוורץ,,"אציטון משובח 100 מ""",מיליליטרים,100.00,"100 מ""ל",false,,4.90,4.9000,true,1,21167
7290003268252,false,לחם חיטה מלא לילדים 750 ג' דגנית עין בר,דגנית עין בר תעשיות מזון,IL,לחם חיטה מלא ללא גרע,גרמים,750.00,100 גרם,false,,14.90,1.9867,true,1,4502
7290003268429,false,לחם ירוק מקמח מלא 750 ג' דגנית עין בר,דגנית עין בר תעשיות מזון,IL,לחם מקמח מלא דגנית 7,גרמים,750.00,100 גרם,false,,15.90,2.1200,true,1,4503
7290003287253,false,נקניקיות מרגז הקצביה 500 גרם בלדי,קרלו,IL,מרגז קצביה ארוז 600,גרמים,600.00,100 גרם,false,,28.90,4.8167,true,1,35298
7290003287284,false,קבב ביתי קצביה ארוז 600 ג' - 8 יח',בלדי,IL,קבב ביתי קצביה ארוז,גרמים,600.00,100 גרם,false,,30.90,5.1500,true,1,35300
7290003287307,false,קבב רומני קצביה ארוז 600 ג' - 8 יח',בלדי,,קבב רומני קצביה ארוז,גרמים,600.00,100 גרם,false,,35.90,5.9833,true,1,35301
7290003287314,false,קבב על מקל קינמון קצביה ארוז 520 ג' - 8 יח',בלדי,,קבב על מקל קינמון קצ,גרמים,520.00,100 גרם,false,,34.90,6.7115,true,1,205344
7290003318100,false,וופל בטעם שוקולד מנעמים 200 ג',מנעמים תעשיות מזון,IL,ופל שוקו מנעמים 200,גרמים,200.00,100 גרם,false,,4.30,2.1500,true,1,36039
7290003318131,false,וופל קלאסיק אגוז מנעמים 200ג',מנעמים תעשיות מזון,IL,ופל אגוז מנעמים 200,גרמים,200.00,100 גרם,false,,4.30,2.1500,true,1,36040
7290003318155,false,וופל טעם לימון מנעמים 200 ג',מנעמים תעשיות מזון,IL,ופל לימון מנעמים 200,גרמים,250.00,100 גרם,false,,4.30,1.7200,true,1,36041
7290003318599,false,וופלים וניל מנעמים 200 גרם,מנעמים תעשיות מזון,IL,ופל וניל מנעמים 200,גרמים,200.00,100 גרם,false,,4.30,2.1500,true,1,36043
7290003321155,false,יוגורט בר עם פקאן מצופה שוקולד 183 ג' דנונה,"שטראוס בריאות בע""\מ",IL,דנונה קראנצ' ששבי פק,מיליליטרים,183.00,"100 מ""ל",false,,4.90,2.6776,true,1,23278
7290003321292,false,גבינה לבנה 9% שומן 250 ג' שטראוס,מיוצר עי קונדיטוריית,IL,גבינה 9% סקי 250 גרם,גרמים,250.00,100 גרם,false,,4.90,1.9600,true,1,23279
7290003400500,false,חטיף הרשי ריזס נאטרייגיס 47 גרם,ליימן מותגים,US,חטיף קרמל עם בוטנים,גרמים,47.00,100 גרם,false,,4.90,10.4255,true,1,12518
7290003411054,false,שקיות צליה גדול דליקטס רוסטי הנמל 5יח`,סאדאת איסטנבול,TR,שקיות רוסטי ענק 5 יח,יחידה,0.00,יחידה,false,,3.90,0.0000,true,1,7825
7290003411276,false,עמבה הודית מובחרת הנמל 600ג',טרופיקל דגיל תעשיות,IL,עמבה מובחרת 500 גרם,גרמים,500.00,100 גרם,false,,10.90,2.1800,true,1,7833
7290003411566,false,צמרוני עץ הנמל 200 יחידות,שוורצקוף& הנקל דיסלד,CN,צמרוני אוזניים עץ 20,יחידה,0.00,יחידה,false,,3.90,0.0000,true,1,7841
7290003411689,false,צלחות לפתן לבן 25יח',הנמל אריזות ושיווק ב,IL,לפתניות 25 יח,יחידה,0.00,יחידה,false,,5.90,0.0000,true,1,7844
7290003411993,false,גפרורים הנמל 10 יחידות,"איטיליאן פוד, אס.פי.",SE,גפרורים 10 יחידות,יחידה,0.00,יחידה,false,,2.90,0.0000,true,1,7856
7290003414406,false,הרשי ריזס נטיפי אפייה בוטנים 283 גר',ליימן מותגים,US,הרשי ריזס נטיפי אפיי,גרמים,283.00,100 גרם,false,,16.90,5.9717,true,1,12786
7290003427154,false,"שמן זית כתית מעולה טעם מעודן זיתא 750 מ""ל",זיתא תעשיות שמן זיתt\,IL,שמן זית כתית מעולה ז,מיליליטרים,750.00,"100 מ""ל",false,,40.90,5.4533,true,1,24619
7290003438006,false,ממרח אולביה פסטו וצנובר איטלקי 190ג',מיוצר עי קונדיטוריית,IL,אוליביה ממרח פסטו אי,גרמים,180.00,100 גרם,false,,15.90,8.8333,true,1,51955
7290003438020,false,ממרח עגבניות מיובשות אוליביה 190 גרם,מיוצר עי קונדיטוריית,IL,אוליביה ממרח עגבניות,גרמים,190.00,100 גרם,false,,15.90,8.3684,true,1,51957
7290003438990,false,עיטורי עגבניות מיובשות וזיתים אוליביה 280 ג',אוליביה גורמה בעמ,IL,עיטורי עגבניות מיובש,גרמים,220.00,100 גרם,false,,20.90,9.5000,true,1,51961
7290003444009,false,הרשי ריזס חטיף במילוי בוטנים 42 גרם,ליימן מותגים,US,ריזס שוקולד חלב במיל,גרמים,42.00,100 גרם,false,,3.90,9.2857,true,1,12521
7290003450602,false,ממרח חרדל היינץ לחיץ 255 גרם,היינץ צפון אמריקה מקבוצת ה.י.היינץ,US,חרדל אמיתי צהוב בקבו,גרמים,255.00,100 גרם,false,,12.90,5.0588,true,1,5297
7290003514007,false,מנה שקדי מרק מנה 400 גרם,מנה Mana,IL,שקדי מרק מנה 400 גרם,גרמים,400.00,100 גרם,false,,8.90,2.2250,true,1,21444
7290003521081,false,"סרקל שמפו אל דמע לילדים ד""ר פישר 1 ליטר",פישר מעבדות פרמצבטיות בע,IL,סרקל שמפו לילדים 1 ל,ליטרים,1.00,ליטר,false,,31.90,31.9000,true,1,29067
7290003521166,false,"ד""ר פישר - סרקל קרם רוזמרין לילדים 325 מ""ל",פישר מעבדות פרמצבטיות בע,IL,סרקל קרם רוזמרין 325,מיליליטרים,325.00,"100 מ""ל",false,,26.90,8.2769,true,1,29068
7290003521197,false,"ד""ר פישר - סרקל תרסיס מתיר קשרים 340 מ""ל",פישר מעבדות פרמצבטיות בע,IL,סרקל מתיר קשרים 340,מיליליטרים,340.00,"100 מ""ל",false,,26.90,7.9118,true,1,29070
7290003525898,false,שלישיית סלט טונה ויליגר 160 גרם,נטו מלינדה,,סלט טונה ויליגר שליש,גרמים,480.00,100 גרם,false,,18.90,3.9375,true,1,17002
7290003525904,false,שלישיית סלט טונה פיקנטי ויליגר 160 גרם,ויליגר,,סלט טונה פיקנטי וילי,גרמים,480.00,100 גרם,false,,18.90,3.9375,true,1,17003
7290003527380,false,דובדבן ללא חרצן בצנצנת ויליגר 680 גרם,גולדסטארקפט,,דובדבן ללא חרצן וילי,גרמים,680.00,100 גרם,false,,9.90,1.4559,true,1,17013
7290003570171,false,מינוט שניצל 300 גרם ארוז בלדי,"בלדי בע""\מ",IL,מינוט שניצל 300 גר',גרמים,300.00,100 גרם,false,,24.90,8.3000,true,1,35311
7290003570928,false,קבב בלדי קצביה ארוז קפוא 500ג',בלאדי,IL,קבב בלדי קצביה ארוז,גרמים,500.00,100 גרם,false,,31.90,6.3800,true,1,35314
7290003578108,false,חתיכות אננס בסירופ קל וילי פוד 850 גרם,טקרנג פינאפל אינדסטר,TH,אננס חתוך ויליפוד 85,גרמים,490.00,100 גרם,false,,9.90,2.0204,true,1,2865
7290003578177,false,תירס צעיר שלם וילי פוד 210 גרם,מגסטיק פוד אידסטרי ק,TH,תירס גמדי שלם ויליפו,גרמים,210.00,100 גרם,false,,7.90,3.7619,true,1,2868
7290003578313,false,דובדבנים ללא חרצנים ויליפוד 680 גרם,דל מונטה היילס אס.אי,HR,דובדבנים חמוצים ללא,גרמים,350.00,100 גרם,false,,10.90,3.1143,true,1,2871
7290003578672,false,ויליפוד שמן חמניות 1 ליטר{בית יוסף},וילי פוד,TR,שמן חמניות 1 ליטר,ליטרים,1.00,ליטר,false,,12.90,12.9000,true,1,2874
7290003598311,false,מינוט סטייק חלק ריאה 300 ג',"בלדי בע""\מ",IL,מינוט סטייק 300 גר'/,גרמים,300.00,100 גרם,false,,35.90,11.9667,true,1,35316
7290003643004,false,"סוגת אורז בסמטי קלאסי 1 ק""ג",האי נאם סי או אל.טי.,IL,"סוגת אורז בסמטי 1 ק""",קילוגרמים,1.00,"ק""ג",false,,14.90,14.9000,true,1,17317
7290003643134,false,סוכר וניל סוגת 100 גרם מארז 10 יחידות,גוד פוד פרודקטס S.p,IL,סוגת סוכר וניל 10 יח,גרמים,100.00,100 גרם,false,,2.90,2.9000,true,1,17319
7290003643387,false,"סוכר לבן בצנצנת 1 ק""ג סוגת",האי נאם סי או אל.טי.,IL,סוכר לבן בצנצנת סוגת,קילוגרמים,1.00,"ק""ג",false,,10.90,10.9000,true,1,17328
7290003643646,false,"סוכר דמררה קלאסי בצנצנת סוגת 1 ק""ג",האי נאם סי או אל.טי.,IL,סוכר דמררה בצנצנת חו,קילוגרמים,1.00,"ק""ג",false,,13.90,13.9000,true,1,17329
7290003643707,false,סוגת גריסים 500 גרם,"סוגת תעשיות בע""מ",IL,סוגת גריסים 500גר,גרמים,500.00,100 גרם,false,,5.90,1.1800,true,1,17331
7290003643714,false,חומוס גרגירים 500 גרם סוגת,האי נאם סי או אל.טי.,IL,חומוס 500 גרם,גרמים,500.00,100 גרם,false,,8.90,1.7800,true,1,17332
7290003643738,false,סוגת חיטה 500 גרם,האי נאם סי או אל.טי.,IL,סוגת חיטה 500 גר,גרמים,500.00,100 גרם,false,,5.90,1.1800,true,1,17333
7290003643752,false,עדשים ירוקים יבש סוגת 500 גר',האי נאם סי או אל.טי.,IL,עדשים ירוקות 500 גרם,גרמים,500.00,100 גרם,false,,8.90,1.7800,true,1,17335
7290003643769,false,עדשים אדומים יבש סוגת 500 גר',"סוגת תעשיות בע""\מ",IL,עדשים אדומות 500 גרם,גרמים,500.00,100 גרם,false,,8.90,1.7800,true,1,17336
7290003643776,false,"פופקורן גרעינים סוגת 500 ג' כשל""פ",האי נאם סי או אל.טי.,IL,סוגת פופקורן 500 גרם,גרמים,500.00,100 גרם,false,,5.90,1.1800,true,1,17337
7290003643783,false,קוקוס טחון סוגת 100 גרם,האי נאם סי או אל.טי.,IL,קוקוס 100 גר,גרמים,100.00,100 גרם,false,,3.90,3.9000,true,1,17338
7290003643806,false,שעועית לבנה יבשה סוגת 500 ג',האי נאם סי או אל.טי.,IL,שעועית לבנה 500 גרם,גרמים,500.00,100 גרם,false,,12.90,2.5800,true,1,17339
7290003643813,false,שעועית אדומה יבשה סוגת 500 גר',האי נאם סי או אל.טי.,IL,שעועית אדומה 500 גרם,גרמים,500.00,100 גרם,false,,12.90,2.5800,true,1,17340
7290003681334,false,קוקוס טחון 400 גרם ב,מיה תעשיות מזון מ.ת.מ. ב,IL,קוקוס 400 גר. בדצ,גרמים,400.00,100 גרם,false,,13.90,3.4750,true,1,14957
7290003681341,false,קונפיטורה תות מיה 340 גרם,מיה תעשיות מזון מ.ת.מ. ב,IL,מיה קונפיטורה תות 34,גרמים,340.00,100 גרם,false,,9.90,2.9118,true,1,14958
7290003681693,false,חומוס לבן ענק יבש מיה 500 גר',מיה תעשיות מזון מ.ת.מ. ב,IL,חומוס לבן ענק מיה 50,גרמים,500.00,100 גרם,false,,11.90,2.3800,true,1,14973
7290003681716,false,גריסי פנינה מיה 500 גרם,מיה תעשיות מזון מ.ת.מ. ב,IL,גריסי פנינה 500 גרם,גרמים,500.00,100 גרם,false,,6.90,1.3800,true,1,14974
7290003681945,false,"מיץ לימון סחוט רכיבים טבעיים מיה 500 מ""ל",מיה,IL,מיץ לימון סחוט טבעי,מיליליטרים,500.00,"100 מ""ל",false,,9.90,1.9800,true,1,14986
7290003706167,false,בצל ירוק ארוז,,,בצל ירוק ארוז,יח',1.00,יח',false,,5.90,5.9000,true,1,35540
7290003718627,false,פול ירוק 400 גרם (ממותג),פספרוסט,EG,פול ירוק בלדי 400 גר,גרמים,400.00,100 גרם,false,,11.90,2.9750,true,1,301908
7290003726141,false,טופו אמיתי כפרי בריא 300 גרם,ג'נרל מילס סאן אדריא,IL,טופו משק גאיה 300ג,גרמים,300.00,100 גרם,false,,12.50,4.1667,true,1,14627
7290003726615,false,"טופו ויילר 300 גרם ""שטראוס""",הדקלאים אגודת שיתופי,IL,טופו ויילר 300 גרם.,גרמים,300.00,100 גרם,false,,12.90,4.3000,true,1,23281
7290003726806,false,שניצל טופו עם ברוקולי 420 גר,משק ויילר,IL,שניצל טופו בטעם עוף,גרמים,420.00,100 גרם,false,,27.90,6.6429,true,1,298202
7290003781652,false,צלפים במי מלח וילי פוד 230 גרם,קריות זול,TR,צלפים במלח ויליפוד 3,גרמים,350.00,100 גרם,false,,10.90,3.1143,true,1,2878
7290003804382,false,"תיבוליות פטריות קנור 72 גרם בד""צ",יוניליוור ישראל מזון בע\,IL,תיבולית פטריות קנור,גרמים,72.00,100 גרם,false,,10.90,15.1389,true,1,10339
7290003864478,false,סרדינים בשמן צמחי פתח קל ויליפוד 110 גרם,גולדן פרייז קאנינג א,TH,סרדין בשמן צמחי וילי,גרמים,110.00,100 גרם,false,,5.90,5.3636,true,1,2880
7290003864485,false,סרדינים ברוטב עגבנ יות ויליפוד 110ג' פתח קל,גולדן פרייז קאנינג א,TH,סרדינים ברוטב עגבניו,גרמים,120.00,100 גרם,false,,5.90,4.9167,true,1,2881
7290003864492,false,סרדינים בשמן צמחי חריף פתח קל ויליפוד 110ג',גולדן פרייז קאנינג א,TH,סרדין בשמן צמחי חריף,גרמים,120.00,100 גרם,false,,5.90,4.9167,true,1,2882
7290003882922,false,עלי גפן ממולאים באורז וילי פוד 360 גרם,הזה פלאקספו פוד קו ב,CN,עלי גפן ממולאים באור,גרמים,360.00,100 גרם,false,,9.90,2.7500,true,1,2885
7290003896141,false,חטיף ספרדי פיקנטי אלמנדוס 200 גרם,הדקלאים אגודת שיתופי,IL,אלמנדוס 200 גרם,גרמים,200.00,100 גרם,false,,11.90,5.9500,true,1,12789
7290003976614,false,ג'ל אקונומיקה סמיכה פרחים טאצ' 4 ליטר,,IL,ג'ל אקונומיקה סמיכה,ליטרים,4.00,ליטר,false,,14.90,3.7250,true,1,89882
7290003976706,false,דלי מטליות לניקוי וח,,,דלי מטליות לניקוי וח,יחידה,0.00,יחידה,false,,35.90,0.0000,true,1,66686
7290003989096,false,סלט חצילים פיקנטי אחלה 500 גרם,מיוצר עי קונדיטוריית,IL,אחלה חציל פיקנטי 500,גרמים,500.00,100 גרם,false,,16.90,3.3800,true,1,23284
7290003989539,false,לורנצו רביולי במילוי גבינה,מיוצר עי קונדיטוריית,IL,EAT GOOD רביולי גבינ,גרמים,400.00,100 גרם,false,,22.90,5.7250,true,1,23285
7290003989553,false,פסטה טורטליני גבינה ופטריות 400 גרם,מיוצר עי קונדיטוריית,IL,שטראוס טורטליני פטרי,גרמים,400.00,100 גרם,false,,22.90,5.7250,true,1,23286
7290004011277,false,"בסיס לבישול והקרמה צמחי ריצ' 220 מ""ל","אינסטנטה בע""מ",US,שמנת לבישול על בסיס,מיליליטרים,220.00,"100 מ""ל",false,,8.90,4.0455,true,1,17020
7290004011338,false,"ספריי קצפת מתוקה מוכנה ריץ' 250 מ""ל",האי נאם סי או אל.טי.,IT,ריצ קצפת במיכל 250מל,מיליליטרים,250.00,"100 מ""ל",false,,9.90,3.9600,true,1,17023
7290004011345,false,"ספריי קצפת מתוקה מוכנה פרווה ריץ' 238 מ""ל",האי נאם סי או אל.טי.,IT,קצפת ריץ במיכל פרווה,מיליליטרים,238.00,"100 מ""ל",false,,9.90,4.1597,true,1,17024
7290004011819,false,המבורגר ריב אנטריקוט אל גאוצ'ו 360 גרם,האי נאם סי או אל.טי.,IL,אל גאוצו המבורגר ריב,גרמים,360.00,100 גרם,false,,26.90,7.4722,true,1,17032
7290004030216,false,משקה בטעם חמוציות 1 ליטר פריניב,פריניב בעמ,IL,פריניב נקטר חמוציות,ליטרים,1.00,ליטר,false,,14.90,14.9000,true,1,49390
7290004030445,false,מיץ תפוזים סחוט רכיבים טבעיים 1 ליטר פרי ניב,פריניב בעמ,IL,פרי ניב תפוז סחוט 1ל,ליטרים,1.00,ליטר,false,,13.90,13.9000,true,1,49401
7290004030612,false,"מיץ תפוח, קיווי אגס ללא תוספת סוכר 1 ליטר פרי ניב",פריניב בעמ,IL,פרי ניב מיץ קיוי אגס,ליטרים,1.00,ליטר,false,,14.90,14.9000,true,1,49407
7290004043108,false,עדשי מ&מ'ס שוקולד 89 גרם,מרס,US,M&M עדשי שוקולד 89 ג,גרמים,89.00,100 גרם,false,,7.90,8.8764,true,1,20576
7290004043205,false,עדשי שוק.מ&מ'ס בוטנים90ג,מרס,US,M&M עדשי בוטנים 93 ג,גרמים,93.00,100 גרם,false,,7.90,8.4946,true,1,20577
7290004063016,false,מלח שולחן -מוצר בפיקוח,האי נאם סי או אל.טי.,IL,"מלח שולחן סלית 1 ק""ג",קילוגרמים,1.00,"ק""ג",false,,2.07,2.0700,true,1,15454
7290004063115,false,"מלח מטבח עבה להמלחת בשר ובישול 1 ק""ג 1ק""ג",האי נאם סי או אל.טי.,IL,מלח מטבח גס לבישול כ,קילוגרמים,1.00,"ק""ג",false,,2.07,2.0700,true,1,15455
7290004064174,false,"תבלין מלח ההימלאיה דק בצנצנת 1 ק""ג","חברת מלח הארץ אילת בע""\מ",PK,מלח ההימלאיה דק בצנצ,קילוגרמים,1.00,"ק""ג",false,,20.90,20.9000,true,1,15457
7290004064228,false,מלח במטחנה אקסטרא תבלינים שום ופלפל 125 גר',"חברת מלח הארץ אילת בע""\מ",IL,מטחנת מלח אקסטרא תבל,גרמים,125.00,100 גרם,false,,18.90,15.1200,true,1,24639
7290004064280,false,מלח מופחת נתרן בצנצנת מלח הארץ 600 גרם,חברת מלח הארץ אילת ב,IL,מלח מופחת נתרן בצנצנ,גרמים,600.00,100 גרם,false,,18.90,3.1500,true,1,24640
7290004064303,false,מלח אטלנטי בצנצנת מלח הארץ 800 גרם,"חברת מלח הארץ אילת בע""\מ",FR,מלח אטלנטי בצנצנת הא,גרמים,800.00,100 גרם,false,,20.90,2.6125,true,1,15460
7290004064389,false,מלח הימלאייה דק מלחייה 250 גרם,"חברת מלח הארץ אילת בע""\מ",IL,מלח הימלאיה דק מלחיי,גרמים,250.00,100 גרם,false,,11.90,4.7600,true,1,121806
7290004068035,false,"יוגורט לשתייה איירן 3% גד 500 מ""ל","מיוצר ע""י קוד יצרן M",IL,גד משקה איירן בסגנון,גרמים,500.00,100 גרם,false,,9.90,1.9800,true,1,14630
7290004068172,false,יוגורט עזים בדלי 5% שומן 600 ג' גד,קוד יצרן MKN,IL,גד יוגורט עיזים 5% 6,מיליליטרים,600.00,"100 מ""ל",false,,19.90,3.3167,true,1,14631
7290004075231,false,סטייק אנטריקוט 300 גרם מחפוד,,IL,סטייק אנטריקוט דק דק,גרמים,300.00,100 גרם,false,,32.90,10.9667,true,1,205293
7290004078263,false,מקלות אוזניים פלסטיק 2* 200 יחידות,ספטונה,GR,צמרונים בקופסא זוג ב,יחידה,0.00,יחידה,false,,13.90,0.0000,true,1,21464
7290004078270,false,נוזל לניקוי כלים בריח לימון פלמוליב 1 ליטר,יבואן ומשווק: ש. שסט,GR,פלמוליב לכלים לימון-,יחידה,0.00,יחידה,false,,14.90,0.0000,true,1,21465
7290004078942,false,ליידי ספיד סטיק - דאודורנט ג'ל לאישה 65 גרם,קולגייט-פלמוליב,US,דיאודורנט ג'ל מרענן,גרמים,65.00,100 גרם,false,,18.90,29.0769,true,1,21468
7290004091217,false,"גודרדס, חומר לניקוי והברקת כלי כסף 144 מל",אס סי גונסון פורטוגל,PT,גודרס לכלי נחושת וכס,מיליליטרים,125.00,"100 מ""ל",false,,16.90,13.5200,true,1,5788
7290004119133,false,כד יוגורט תנובה 6.5% שומן 1.5 ליטר,מיוצר עי קונדיטוריית,IL,יוגורט כדים תנובה 7%,ליטרים,1.50,ליטר,false,,18.90,12.6000,true,1,25852
7290004119225,false,יופלה יוגורט אננס %3 גביע 150 גרם,תנובה מרכז שיתופי לש,IL,יופלה אננס 3% 150מל,גרמים,150.00,100 גרם,false,,5.50,3.6667,true,1,25853
7290004119928,false,מעדן חלב בטעם וניל 2% קרלו תנובה 125 גרם,מחלבת אלון תבור,IL,קרלו וניל 3% 125מל,מיליליטרים,125.00,"100 מ""ל",false,,3.50,2.8000,true,1,25855
7290004119973,false,קרלו מעדן שוקו רביעיה גביע 1.5% 125 גרם,תנובה מרכז שיתופי לש,IL,קרלו שוקולדה 3% 125מ,מיליליטרים,125.00,"100 מ""ל",false,,3.50,2.8000,true,1,25856
7290004120061,false,מעדן חלב בטעם שוקו וניל שוניל 2% קרלו 125 גרם,תנובה מרכז שיתופי לש,IL,קרלו שוניל 3% 125מל,מיליליטרים,125.00,"100 מ""ל",false,,3.50,2.8000,true,1,25857
7290004120108,false,יופלה דיאט יוגורט דובדבן %0 גביע 150גרם,תנובה מרכז שיתופי לש,IL,יופלה דיאט דובדבן 0%,מיליליטרים,150.00,"100 מ""ל",false,,5.50,3.6667,true,1,25858
7290004120566,false,פיראוס 24% גבינה בולגרית 250 גרם,תנובה חלב,IL,פיראוס בולגרית 24% 2,גרמים,250.00,100 גרם,false,,23.90,9.5600,true,1,25865
7290004120573,false,פיראוס 16% גבינה בולגרית 250 גרם,תנובה מרכז שיתופי לש,IL,פיראוס בולגרית בקר 1,גרמים,250.00,100 גרם,false,,23.90,9.5600,true,1,25866
7290004120634,false,גבינה פיראוס בולגרית 5% 250 גרם,תנובה מרכז שיתופי לש,IL,פיראוס בולגרית 5% 25,גרמים,250.00,100 גרם,false,,23.90,9.5600,true,1,25867
7290004120832,false,"חלב 2 ליטר 3% כד ""תנובה""- מוצר בפיקוח",תנובה מרכז שיתופי לש,IL,"חלב תנובה טרי 3% בד""",ליטרים,2.00,ליטר,false,,12.46,6.2300,true,1,25869
7290004121488,false,יופלה דיאט אפרסק 0% גביע 150 גרם,תנובה מרכז שיתופי לש,IL,יופלה דיאט אפרסק 0%,מיליליטרים,150.00,"100 מ""ל",false,,5.50,3.6667,true,1,25870
7290004121525,false,יופלה מאגדת פרי 4 תות 4 אפרסק 3% 8 יח'*150 ג',תנובה מרכז שיתופי לש,IL,יופלה אפרסק תות 3% 8,קילוגרמים,1.20,"ק""ג",false,,32.50,27.0833,true,1,25871
7290004121754,false,יוגורט ביו עוגת גבינה ותות 3% יופלה 150 גרם,תנובה חלב,IL,יופלה קרם גבינה ותות,גרמים,150.00,100 גרם,false,,5.50,3.6667,true,1,25872
7290004121839,false,גבינת פטה כבשים 20% פיראוס 250 גרם,תנובה מרכז שיתופי לש,IL,פיראוס פטה כבשים 20%,גרמים,250.00,100 גרם,false,,29.50,11.8000,true,1,25873
7290004121853,false,גבינה בולגרית פיראוס 5% קוביות 200 גרם,תנובה מרכז שיתופי לש,IL,פיראוס בולגרית בקובי,גרמים,200.00,100 גרם,false,,22.90,11.4500,true,1,25874
7290004122119,false,פתיתי פרמזן לפסטה 23% השף הלבן 100 גרם,פ.פ.ח. שאביט,IL,שף לבן פתיתי פרמזן ל,גרמים,100.00,100 גרם,false,,13.90,13.9000,true,1,25876
7290004122195,false,גוש חלב גבינה צהובה פרוסה 28% תנובה 200 גרם,תנובה חלב,IL,גוש חלב פרוס 28% 200,גרמים,200.00,100 גרם,false,,14.50,7.2500,true,1,25877
7290004122270,false,עמק קלאסית פרוסות גבינה חצי קשה 28% 200 גרם,תנובה מרכז שיתופי לש,IL,עמק פרוס סגירה חוזרת,גרמים,200.00,100 גרם,false,,16.90,8.4500,true,1,25878
7290004122348,false,גבינת עמק לייט פרוס בקופסא 200 גרם,תנובה מרכז שיתופי לש,IL,עמק לייט 9% 200ג,גרמים,200.00,100 גרם,false,,17.90,8.9500,true,1,25879
7290004122676,false,גבינת חמד לייט 5% פיראוס 250 ג',"תנובה,מחלבת טנא נוגה",IL,פיראוס חמד לייט 5% 2,גרמים,250.00,100 גרם,false,,20.90,8.3600,true,1,25881
7290004122683,false,עמק חטיף אצבעות גבינה חצי קשה 28% שומן,תנובה מרכז שיתופי לש,IL,עמק אצבעות 172ג,גרמים,172.00,100 גרם,false,,17.90,10.4070,true,1,25882
7290004124205,false,יופלה דיאט יוגורט תות %0 גביע 150 גרם,תנובה מרכז שיתופי לש,IL,יופלה דיאט תות 0% 15,מיליליטרים,150.00,"100 מ""ל",false,,5.50,3.6667,true,1,25890
7290004124847,false,"קצפת צמחית השף הלבן 500 מ""ל תנובה",תנובה מרכז שיתופי לש,IL,שף לבן קצפת צמחית 24,מיליליטרים,500.00,"100 מ""ל",false,,17.90,3.5800,true,1,25892
7290004125370,false,"שמנת חמוצה 9% מופחתת שומן תנובה 200 מ""ל מהדרין",תנובה מרכז שיתופי לש,IL,תנובה שמנת מופחתת 9%,מיליליטרים,200.00,"100 מ""ל",false,,4.10,2.0500,true,1,25894
7290004125400,false,"אשל שלי מהדרין 200 מ""ל 4.5% ""תנובה""- מוצר בפיקוח",פארייפאבה אגרואינדוס,IL,"אשל 4.5% בד""צ מהדרין",מיליליטרים,200.00,"100 מ""ל",false,,1.69,0.8450,true,1,25895
7290004125417,false,"גיל 3% שלי 200 מ""ל ""תנובה"" -מוצר בפיקוח",תנובה מרכז שיתופי לש,IL,"גיל 3% בד""צ מהדרין",מיליליטרים,200.00,"100 מ""ל",false,,1.51,0.7550,true,1,25896
7290004125455,false,"שמנת חמוצה 200 מ""ל 15% ""תנובה"" -מוצר בפיקוח",תנובה מרכז שיתופי לש,IL,תנובה שמנת אורגינל מ,מיליליטרים,200.00,"100 מ""ל",false,,2.40,1.2000,true,1,25897
7290004125462,false,"שמנת חמוצה 15% תנובה 500 מ""ל מהדרין",תנובה מרכז שיתופי לש,IL,תנובה שמנת חמוצה 15%,מיליליטרים,500.00,"100 מ""ל",false,,6.00,1.2000,true,1,25898
7290004125509,false,"שמנת חמוצה 15% מועשרת תנובה 100 מ""ל",תנובה מרכז שיתופי לש,IL,תנובה שמנת חצי מנה 1,מיליליטרים,100.00,"100 מ""ל",false,,1.80,1.8000,true,1,25899
7290004125578,false,משקה סויה מעושר בסידן תנובה 1ל',תנובה מרכז שיתופי לש,IL,משקה סויה תנובה מועש,ליטרים,1.00,ליטר,false,,11.90,11.9000,true,1,25900
7290004125585,false,משקה סויה בטעם וניל תנובה 1 ליטר,תנובה מרכז שיתופי לש,IL,סויה תנובה משקה סויה,ליטרים,1.00,ליטר,false,,11.90,11.9000,true,1,25901
7290004125721,false,"השף הלבן שמנת עמידה לבישול 15% תנובה 250 מ""ל",תנובה מרכז שיתופי לש,IL,שף לבן שמנת לבישול 1,מיליליטרים,250.00,"100 מ""ל",false,,8.90,3.5600,true,1,25903
7290004125738,false,שמנת מתוקה להקצפה32% 250מל עמיד השף הלבן,תנובה מרכז שיתופי לש,IL,שף לבן שמנת להקצפה 3,מיליליטרים,250.00,"100 מ""ל",false,,7.20,2.8800,true,1,25904
7290004125776,false,גבינה צהובה עמק 28% 400 גרם בקופסא,תנובה חלב,IL,עמק גבינה קשה פרוסה,גרמים,400.00,100 גרם,false,,31.50,7.8750,true,1,25905
7290004126674,false,טל העמק פרוסות גבינה חצי קשה לייט %9 200 גרם בקופסא,תנובה מרכז שיתופי לש,IL,עמק טל לייט 9% 200ג,גרמים,200.00,100 גרם,false,,19.90,9.9500,true,1,25908
7290004126759,false,יוגורט דיאט יופלה פירות יער 150 גרם,תנובה חלב,IL,יופלה דיאט פירות יער,מיליליטרים,150.00,"100 מ""ל",false,,5.50,3.6667,true,1,25909
7290004127077,false,קוטג תנובה 3% גביע 250 גרם מהדרין,מיוצר עי קונדיטוריית,IL,קוטג תנובה 3% 250 ג,גרמים,250.00,100 גרם,false,,5.90,2.3600,true,1,25911
7290004127329,false,קוטג תנובה גביע 250 גרם %5 ו.מהדרין,מיוצר עי קונדיטוריית,IL,קוטג' 5% תנובה מהדרי,גרמים,250.00,100 גרם,false,,5.90,2.3600,true,1,25912
7290004127336,false,קוטג תנובה גביע 250 גרם %9 ו.מהדרין,מיוצר עי קונדיטוריית,IL,קוטג' תנובה מהדרין 9,גרמים,250.00,100 גרם,false,,5.90,2.3600,true,1,25913
7290004127800,false,"גבינה לבנה 500 גרם 5% ""תנובה"" -מוצר בפיקוח",מיוצר עי קונדיטוריית,IL,תנובה גבינה לבנה 5%,גרמים,500.00,100 גרם,false,,9.96,1.9920,true,1,25915
7290004127817,false,גבינה לבנה 9% שומן 500 ג' תנובה,מיוצר עי קונדיטוריית,IL,תנובה גבינה לבנה 9%,גרמים,500.00,100 גרם,false,,9.80,1.9600,true,1,25916
7290004127862,false,"גבינה לבנה 750 גרם 5% ""תנובה"" - מוצר בפיקוח",תנובה מרכז שיתופי לש,IL,תנובה גבינה למריחה מ,גרמים,750.00,100 גרם,false,,14.90,1.9867,true,1,25917
7290004129101,false,גבינת שמנת 25% בטעם טבעי 225 ג' נפוליאון,תנובה מרכז שיתופי לש,IL,נפוליאון בטעם טבעי 2,גרמים,225.00,100 גרם,false,,15.50,6.8889,true,1,25924
7290004129156,false,גבינת שמנת25% עם שום שמיר 225 ג' נפוליאון,תנובה מרכז שיתופי לש,IL,נפוליאון שום שמיר 25,גרמים,225.00,100 גרם,false,,15.50,6.8889,true,1,25926
7290004129736,false,יוגורט במתיקות מעודנת 1.5% שומן 200 ג' יופלה,תנובה מרכז שיתופי לש,IL,יופלה קרם יוגרט מעוד,מיליליטרים,200.00,"100 מ""ל",false,,4.90,2.4500,true,1,25929
7290004129767,false,"3% 'יופלה לבן מארז שמינייה 1.2 ק""ג",מחלבת אלון תבור,IL,יופלה לבן מאגדת 3% 8,קילוגרמים,1.20,"ק""ג",false,,17.90,14.9167,true,1,25930
7290004130794,false,משקה סויה במתיקות מופחתת תנובה 1 ליטר,תנובה מרכז שיתופי לש,IL,סויה תנובה טבעי במתי,ליטרים,1.00,ליטר,false,,11.90,11.9000,true,1,25933
7290004130916,false,יוגורט יופלה פירות יער בשמנת 3% 150 גרם,תנובה מרכז שיתופי לש,IL,יופלה בטעם פירות יער,גרמים,150.00,100 גרם,false,,5.50,3.6667,true,1,25934
7290004131074,false,"חלב 1 ליטר 3% קרטון ""תנובה""- מוצר בפיקוח",תנובה מרכז שיתופי לש,IL,חלב תנובה הומוגני מה,ליטרים,1.00,ליטר,false,,6.23,6.2300,true,1,25936
7290004131432,false,יוגורט יופלה לבן ביו 3% 200 גרם,מיוצר עי קונדיטוריית,IL,יופלה לבן 3% 200מל,מיליליטרים,200.00,"100 מ""ל",false,,4.50,2.2500,true,1,25940
7290004131456,false,יוגורט ביו 1.5% שומן 200 ג' יופלה,מיוצר עי קונדיטוריית,IL,יופלה לבן 1.5% 200מל,מיליליטרים,200.00,"100 מ""ל",false,,4.50,2.2500,true,1,25941
7290004131814,false,גבינה צפתית 5% מעודנת 200 ג' פיראוס,פארייפאבה אגרואינדוס,IL,פיראוס צפתית מעודנת,גרמים,200.00,100 גרם,false,,16.90,8.4500,true,1,25944
7290004132552,false,משקה סויה בטעם טבעי לייט תנובה 1 ליטר,תנובה מרכז שיתופי לש,IL,סויה תנובה לייט בטעם,ליטרים,1.00,ליטר,false,,11.90,11.9000,true,1,25951
7290004132712,false,חטיף אצבעות גבינת מוצרלה 20% 172 ג' עמק,תנובה מרכז שיתופי לש,IL,עמק אצבעות מוצרלה 20,גרמים,174.00,100 גרם,false,,17.90,10.2874,true,1,25953
7290004133511,false,יופלה מאגדת לבן 1.5% מעודן 8 יח' * 150 ג',מיוצר עי קונדיטוריית,IL,יופלה לבן מעודן 1.5%,ליטרים,1.20,ליטר,false,,22.90,19.0833,true,1,25958
7290004135058,false,שמיניית קרלו מיני שוקולד 100 גרם מהדרין,תנובה מרכז שיתופי לש,IL,קרלו מהדרין מיני שוק,מיליליטרים,800.00,"100 מ""ל",false,,13.90,1.7375,true,1,25965
7290004135225,false,מעדן חלב דל קלוריות בטעם שוקולד 0.2שומ,תנובה מרכז שיתופי לש,IL,מעדן תנובה דיאט שוקו,מיליליטרים,150.00,"100 מ""ל",false,,4.50,3.0000,true,1,25968
7290004135614,false,גבינה בולגרית מעודנת 5% פיראוס 250 גרם,תנובה חלב,IL,פיראוס בולגרית מעודנ,גרמים,250.00,100 גרם,false,,22.90,9.1600,true,1,25970
7290004136598,false,מארז הפסקת אוכל עם קורנפלקס ומשקה חלב עמיד בטעם וניל,פארייפאבה אגרואינדוס,IL,מארז הפסקת אוכל חלב,גרמים,150.00,100 גרם,false,,9.90,6.6000,true,1,25977
7290004136857,false,מעדן גלי פטל תנובה 125 גרם,תנובה מרכז שיתופי לש,IL,ג'לי תנובה פטל 125מל,מיליליטרים,125.00,"100 מ""ל",false,,2.90,2.3200,true,1,25978
7290004136864,false,מעדן ג'לי בטעם אננס עם חתיכות תנובה 125 גרם,תנובה חלב,IL,ג'לי תנובה אננס עם ח,מיליליטרים,125.00,"100 מ""ל",false,,2.90,2.3200,true,1,25979
7290004136871,false,מעדן ג'לי בטעם אפרסק עם חתיכות תנובה 125 גרם,תנובה מרכז שיתופי לש,IL,ג'לי תנובה אפרסק עם,מיליליטרים,125.00,"100 מ""ל",false,,2.90,2.3200,true,1,25980
7290004137021,false,"שמנת עמידה לבישול מופחת שומן 10% השף הלבן 250 מ""ל",תנובה מרכז שיתופי לש,IL,שף לבן שמנת לבישול 1,מיליליטרים,250.00,"100 מ""ל",false,,8.90,3.5600,true,1,25982
7290004137311,false,גבינה צהובה לייט 9% שומן 400 ג' עמק,תנובה חלב,IL,עמק לייט משפחתית 9%,גרמים,400.00,100 גרם,false,,32.50,8.1250,true,1,25983
7290004137809,false,פיראוס לאבנה 5% גביע 250 גרם,"תנובה, מחלבת אלון תב",IL,פיראוס לאבנה 5% 250ג,גרמים,250.00,100 גרם,false,,13.90,5.5600,true,1,25984
7290004199807,false,כפפות L לטקס עם איבוק עדין 100 יח- SAFE TOUCH,סייף טאצ,TH,כפפות לאטקס סייף טאצ,יחידה,0.00,יחידה,false,,41.90,0.0000,true,1,69107
7290004200244,false,שקית פרסים,,,פרסים רמה 3,יחידה,0.00,יחידה,false,,9.50,0.0000,true,1,32214
7290004225285,false,גבינה בסגנון דנאבלו 100 ג',האי נאם סי או אל.טי.,DK,סגנון דנאבלו 100 גרם,גרמים,100.00,100 גרם,false,,10.90,10.9000,true,1,17035
7290004230081,false,קציצות עוף ברוטב עגבניות שגב 800 גרם,"טיבון ויל אחזקות בע""\מ",IL,שגב קציצות עוף ברוטב,גרמים,800.00,100 גרם,false,,29.90,3.7375,true,1,17047
7290004267230,false,פריכיות אורז מצופה שוקולד ברמן 80 ג',ברמן שוקולד ועוגיות,IL,פריכיות אורז מצופה ש,גרמים,80.00,100 גרם,false,,5.90,7.3750,true,1,13142
7290004324605,false,גבינה מותכת למריחה בטעם רוקפור 7% מון בלאן 120 ג',האי נאם סי או אל.טי.,IL,מון בלאן רוקפור 7% 1,גרמים,120.00,100 גרם,false,,13.90,11.5833,true,1,17078
7290004324858,false,קבב כבש טיבון ויל 500 גרם,"טיבון ויל אחזקות בע""",IL,קבב כבש 500 גרם,גרמים,500.00,100 גרם,false,,20.90,4.1800,true,1,17079
7290004492762,false,"נשנושים תירס אפוי טעם טבעי בייגל בייגל 325 גרם בד""צ",בייגל את בייגל מזון 198),IL,נשנושים תירס 325 גר,גרמים,325.00,100 גרם,false,,13.90,4.2769,true,1,10386
7290004494131,false,יין דלתון קברנה סוביניון גליל,"יקב דלתון בע""\מ",IL,"קברנה דלתון 750 מ""ל",מיליליטרים,750.00,"100 מ""ל",false,,60.90,8.1200,true,1,7314
7290004494148,false,"דלתון גליל מרלו 750 מ""ל","יקב דלתון בע""\מ",IL,מרלו 750 מל,מיליליטרים,750.00,"100 מ""ל",false,,60.90,8.1200,true,1,7315
7290004537241,false,אפונת גינה שדה בשקית,בסט מייסטר,IL,אפונת גינה קפואה 800,גרמים,800.00,100 גרם,false,,15.90,1.9875,true,1,51509
7290004537258,false,אפונה וגזר 800 גר שד,,,אפונה וגזר 800 גר שד,גרמים,800.00,100 גרם,false,,13.90,1.7375,true,1,51510
7290004537265,false,אפונה עדינה קפואה 60,,,אפונה עדינה קפואה 60,גרמים,600.00,100 גרם,false,,16.90,2.8167,true,1,51511
7290004537333,false,חומוס גרגירים 800 גר,,,חומוס גרגירים 800 גר,גרמים,800.00,100 גרם,false,,14.90,1.8625,true,1,51517
7290004537340,false,גזר גמדי 800גרם שדה,,,גזר גמדי 800גרם שדה,גרמים,800.00,100 גרם,false,,13.90,1.7375,true,1,51518
7290004575007,false,טילון וניל וופך ושברי אגוז ריאו מארז 70X5ג',"גלידות ריאו ביח""ר לג",IL,מארז טילונים 5*70 גר,גרמים,350.00,100 גרם,false,,17.90,5.1143,true,1,20542
7290004575069,false,גלידה מיניס חטיפים וניל ציפוי שוקו' ופצפוצי נ.חיטה ריאו מארז 32יח',"גלידות ריאו ביח""ר לג",IL,מיניס וניל אגוזי טופ,גרמים,700.00,100 גרם,false,,40.90,5.8429,true,1,20546
7290004575335,false,ארטיק מגיק מיני וניל ציפוי שוקו' ופצפוצי נ.חיטה ריאו מארז 45X8ג'באריזה,"גלידות ריאו ביח""ר לג",IL,שלגוני מיני מגי'ק 8,יחידה,0.00,יחידה,false,,22.90,0.0000,true,1,20553
7290004575373,false,שלגון מצופים וניל בציפוי שוקולד ריאו מארז 80X8 ג',"גלידות ריאו ביח""ר לג",IL,שלגונים מצופים 6 יחי,גרמים,640.00,100 גרם,false,,17.90,2.7969,true,1,20555
7290004575403,false,טריו גלידת פרווה בטעמים 1.8 ליטר ריאו,"גלידות ריאו ביח""ר לג",IL,גלידת פרווה בטעמים 1,ליטרים,1.80,ליטר,false,,18.90,10.5000,true,1,20557
7290004584306,false,רבעיית גמדים בטעם תות בננה * 100 ג' שטראוס,מיוצר עי קונדיטוריית,IL,גמדים תות בננה 4*100,מיליליטרים,400.00,"100 מ""ל",false,,12.90,3.2250,true,1,23287
7290004584351,false,גבינה לבנה סימפוניה עם תוספות 200 ג' חמישית 200,"שטראוס בריאות בע""\מ",IL,סימפוניה חמישית 200ג,גרמים,200.00,100 גרם,false,,12.50,6.2500,true,1,23288
7290004584528,false,יוגורט דנונה ביו לבן 1.7% שומן 200 גרם,מיוצר עי קונדיטוריית,IL,דנונה יוגורט טבעי 1.,מיליליטרים,200.00,"100 מ""ל",false,,3.70,1.8500,true,1,23289
7290004585907,false,דני ועדן וניל 1.5% 125ג' שטראוס,מיוצר עי קונדיטוריית,IL,דני וניל מהדרין 130מ,מיליליטרים,130.00,"100 מ""ל",false,,2.90,2.2308,true,1,23290
7290004731410,false,"שלישיית כריות קרצוף ירוקות סנו סושי 25X10.6 ס""מ",קריות זול,IL,כרית קרצוף סנו סושי,יחידה,0.00,יחידה,false,,10.90,0.0000,true,1,29869
7290004731472,false,"שלישיית אלסבון צבעוני כיף 500 מ""ל",טרופיקל דגיל תעשיות,IL,שלישיית אלסבון צבעונ,ליטרים,1.50,ליטר,false,,20.90,13.9333,true,1,29870
7290004731519,false,"מקסימה מרכך ומבשם כביסה למייבש סנסיטיב סנו 750 מ""ל",סנו מקסימה,IL,סנו מקסימה למייבש סנ,מיליליטרים,750.00,"100 מ""ל",false,,18.90,2.5200,true,1,29871
7290004731564,false,"מקסימה מבשם ומרכך למייבש הכביסה בלו בלוסום 750 מ""ל",סנו מקסימה,IL,סנו מקסימה מבשם ומרכ,מיליליטרים,750.00,"100 מ""ל",false,,18.90,2.5200,true,1,29873
7290004731670,false,"מטהר אוויר דואופרש פצ'ולי לבנדר סנו 300 מ""ל","סנו מפעלי ברונוס בע""\מ",IL,דואופרש פצ'ולי לבנדר,מיליליטרים,300.00,"100 מ""ל",false,,12.90,4.3000,true,1,29875
7290004731687,false,"מטהר אויר בניחוח וניל ולמון גראס סנו 300 מ""ל",סנו מפעלי ברונוס בעמ,IL,דואופרש וניל,מיליליטרים,300.00,"100 מ""ל",false,,12.90,4.3000,true,1,29876
7290004731984,false,אורביטול משחת שיניים הלבנה 145 גר,טרופיקל דגיל תעשיות קוסמ,IL,אורביטול משחת שיניים,גרמים,145.00,100 גרם,false,,15.90,10.9655,true,1,80155
7290004762056,false,שקדי מרק חטיפים מן ה,,IL,שקדי מרק חטיפים מן ה,גרמים,400.00,100 גרם,false,,9.90,2.4750,true,1,307685
7290004762827,false,"קרוטונים למרק בטעם שום בצל, 250 גרם",חטיפים מן הטבע,,קרוטונים למרק שקית,גרמים,250.00,100 גרם,false,,9.90,3.9600,true,1,328843
7290004810207,false,פרש וואנס פדיות קוסמ,על בד,IL,פרש וואנס פדיות קוסמ,יחידה,0.00,יחידה,false,,8.00,0.0000,true,1,5794
7290004923051,false,מים מינרלים עין גדי 2 ל',עין גדי מיים מינרלים,IL,עין גדי מים מינרלים,ליטרים,2.00,ליטר,false,,3.90,1.9500,true,1,11517
7290004923099,false,שישיית מים עין גדי 2 ליטר,עין גדי מיים מינרלים,IL,עין גדי מים מינרלים,ליטרים,12.00,ליטר,false,,11.90,0.9917,true,1,11518
7290005008184,false,"סבון נוזלי בניחוח חלב שקדים פלמוליב 500 מ""ל",הנסיך- מפעל לייצור ט,TR,סבון נוזלי חלב שקדים,מיליליטרים,500.00,"100 מ""ל",false,,22.90,4.5800,true,1,21471
7290005008191,false,"סבון נוזלי ארומה בניחוח לבנדר פטצ'ולי וילנג ילנג פלמוליב 500 מ""ל",הנסיך- מפעל לייצור ט,TR,סבון נוזלי ארומה סגו,מיליליטרים,500.00,"100 מ""ל",false,,22.90,4.5800,true,1,21472
7290005040993,false,ערמונים קלויים וקלופים 100 גר',,,ערמונים קלויים קלופי,יח',1.00,יח',false,,4.50,4.5000,true,1,50905
7290005041198,false,מעדני הטלה קבב ביתי,לאטי עזרא גלם ודגים,IL,"קבב ביתי 1ק""ג",קילוגרמים,1.00,"ק""ג",false,,54.90,54.9000,true,1,17084
7290005041402,false,שיפודי שווארמה פרגיות 600 גרם,מעדני הטלה והעגל,IL,שיפודי שוארמה פרגית,גרמים,600.00,100 גרם,false,,60.90,10.1500,true,1,205397
7290005084355,false,סנסודין משחת שיניים דואל קר פלואוריד 75,גלקסו סמית קליין,GB,משחת שיניים דואל קר,מיליליטרים,75.00,"100 מ""ל",false,,22.70,30.2667,true,1,3815
7290005095269,false,נרות חימום בשקית-שקד 50,סין,CN,נרות חימום 50 יח' שק,גרמים,500.00,100 גרם,false,,10.90,2.1800,true,1,328364
7290005113222,false,זיתים קוקטייל וגמבה יבנה 350ג',קבוצת יבנה,IL,זיתים מיקס יבנה 540,גרמים,340.00,100 גרם,false,,10.90,3.2059,true,1,44730
7290005168284,false,"יין גן עדן יקבי ציון 750 מ""ל",יקבי ציון,IL,"גן עדן 750 מ""ל",מיליליטרים,750.00,"100 מ""ל",false,,22.90,3.0533,true,1,11957
7290005174513,false,סלט חצילים במיונז אחלה 500 גרם,מיוצר עי קונדיטוריית,IL,חציל במיונז אחלה 500,גרמים,500.00,100 גרם,false,,16.90,3.3800,true,1,23291
7290005174551,false,סלט חומוס עם צנוברים 125 ג' אחלה,מיוצר עי קונדיטוריית,IL,אחלה חומוס 125ג,גרמים,125.00,100 גרם,false,,5.90,4.7200,true,1,23292
7290005174568,false,סלט חצילים במיונז אחלה 125 גרם,מיוצר עי קונדיטוריית,IL,אחלה חציל במיונז 125,גרמים,125.00,100 גרם,false,,5.90,4.7200,true,1,23293
7290005174575,false,טחינה אחלה יום יום משובחת 125ג',מיוצר עי קונדיטוריית,IL,אחלה טחינה 125גר,גרמים,125.00,100 גרם,false,,5.90,4.7200,true,1,23294
7290005197758,false,"עוגיות חיוכים שוקולד עלית 150 גרם בד""צ",אפיפית נצרת תעשיות ב,IL,חיוכים של שוקו,גרמים,150.00,100 גרם,false,,5.50,3.6667,true,1,22230
7290005199578,false,קפה פלטינום נטול קפאין עלית 200 גרם,שטראוס קפה בי.וי.,IL,עלית אוריגינס קפה נט,גרמים,200.00,100 גרם,false,,36.90,18.4500,true,1,22235
7290005199738,false,גומי מאסט בטעם פפרמינט ריח פה נעים פליפטופ 28 ג' עלית,"שטראוס גרופ בע""מ",IL,מאסט ריח פה נעים 28ג,גרמים,28.00,100 גרם,false,,4.50,16.0714,true,1,22237
7290005200786,false,תפוצ'יפס בטעם שמנת בצל עלית 50 גרם,"שטראוס פריטו ליי בע""\מ )",IL,תפוציפס שמנת ובצל 50,גרמים,50.00,100 גרם,false,,4.30,8.6000,true,1,24151
7290005201882,false,קפה טורקי בצלופן עלית 200 גרם,הנסיך- מפעל לייצור ט,IL,טורקי עלית 200 גר',גרמים,200.00,100 גרם,false,,16.90,8.4500,true,1,22241
7290005287213,false,"רביעיית טונה בשמן סטארקיסט 160 גרם בד""צ",סטארקיסט,IL,טונה בשמן סטארקיסט ב,גרמים,640.00,100 גרם,false,,25.90,4.0469,true,1,26644
7290005287251,false,רביעיית טונה במים סטארקיסט 160 גרם,"סטארקיסט פודור בע""מ",VN,טונה במים סטארקיסט ר,גרמים,640.00,100 גרם,false,,25.90,4.0469,true,1,26646
7290005287930,false,"טונה סטארקיסט רבעיות מים בד""ץ 112 גר-עדה",סטארקיסט,IL,טונה במים סטארקיסט ב,גרמים,640.00,100 גרם,false,,25.90,4.0469,true,1,26665
7290005296246,false,"פותח סתימות דריין אאוט 946 מ""ל יעקבי",יוליניבר,US,יעקבי פותח סתימות אק,מיליליטרים,946.00,"100 מ""ל",false,,30.90,3.2664,true,1,11297
7290005296260,false,"אסטוניש ספריי רסס ונגב לניקוי כללי יעקבי 750 מ""ל",יעקובי אסטוניש,GB,אסטוניש רסס ונגב 750,מיליליטרים,750.00,"100 מ""ל",false,,15.90,2.1200,true,1,11298
7290005326387,false,עגבניות מיובשות בשמן זית אוליביה 270 גרם,אוליביה,IL,עגבניות מיובשות בשמן,גרמים,280.00,100 גרם,false,,20.90,7.4643,true,1,51962
7290005384851,false,"מיץ לימון משומר 200 מ""ל",קריות זול,IT,מיץ לימון משומר וילי,מיליליטרים,200.00,"100 מ""ל",false,,4.90,2.4500,true,1,2900
7290005403972,false,תחתיות ארטישוק 400 גרם שדה בשקית,,,תחתיות ארטישוק 400 ג,גרמים,400.00,100 גרם,false,,17.90,4.4750,true,1,51522
7290005403989,false,במיה קפואה 600 גרם ש,,,במיה קפואה 600 גרם ש,גרמים,600.00,100 גרם,false,,12.90,2.1500,true,1,51523
7290005418716,false,"קרם לחות לבניית תלתלים עגולים נטורל פורמולה 400 מ""ל",מיוצר עי אמיליה קוסמ,IL,לחות לבניית תלתלים נ,מיליליטרים,400.00,"100 מ""ל",false,,24.90,6.2250,true,1,29881
7290005423055,false,סנו פורטה פלוס מתז בניחות לימון 1 ל',"סנו מפעלי ברונוס בע""\מ",IL,מתז פורטה פלוס בניחו,ליטרים,1.00,100 ליטר,false,,19.90,1990.0000,true,1,29885
7290005423253,false,"סנו - מקסימה מרסס למייבש כביסה אולטרה פרש 750 מ""ל","סנו מפעלי ברונוס בע""\מ",IL,סנו מקסימה למייבש או,מיליליטרים,750.00,"100 מ""ל",false,,18.90,2.5200,true,1,29888
7290005423499,false,"תרסיס לניקוי משטחי נירוסטה אירוסל סנו 500 מ""ל",מיוצר עי קונדיטוריית,IL,סנו נירוסטה אירוסול,מיליליטרים,476.00,"100 מ""ל",false,,20.90,4.3908,true,1,29896
7290005423567,false,מטליות ניקוי רב שימושיות בגליל סנו סושי 40 יחידות,אסותא תעשיות אלבד בע,IL,סנו סושי מטלית לכל 3,יחידה,0.00,יחידה,false,,22.00,0.0000,true,1,29899
7290005423635,false,ריצפז נוזל רצפות דוחה תיקנים סנו 2 ליטר,מיוצר עי קונדיטוריית,IL,נוזל לניקוי רצפות דו,ליטרים,2.00,ליטר,false,,22.90,11.4500,true,1,29900
7290005423734,false,מרכך כביסה מרוכז אולטרא פרש סנו מקסימה 4 ליטר,"סנו מפעלי ברונוס בע""\מ",IL,מרכך כביסה סנו מקסימ,ליטרים,4.00,ליטר,false,,23.90,5.9750,true,1,29901
7290005423871,false,שלישיית משחת שיניים מנטול אורביטול 145 גרם,טרופיקל דגיל תעשיות קוסמ,IL,משחת שיניים אורביטול,גרמים,435.00,100 גרם,false,,17.90,4.1149,true,1,29903
7290005423888,false,אלסבון כיף שלישיה מעורב,טרופיקל דגיל תעשיות,IL,שלישיית אלסבון מעורב,ליטרים,1.50,ליטר,false,,20.90,13.9333,true,1,29904
7290005424403,false,אל סבון נוזלי בניחוח אצות ים כיף 1 ליטר,טרופיקל דגיל תעשיות,IL,אל סבון אצות ים כיף,ליטרים,1.00,ליטר,false,,14.90,14.9000,true,1,29910
7290005424762,false,ריצפז פלוס ווקס נוזל להברקת רצפות דוחה תיקנים סנו 2 ליטר,"סנו מפעלי ברונוס בע""\מ",IL,ריצפז פלוס ווקס דוחה,ליטרים,2.00,ליטר,false,,30.90,15.4500,true,1,29918
7290005425073,false,"מטהר אויר בניחוח יסמין ועץ סאנדלווד סנו 300 מ""ל","סנו מפעלי ברונוס בע""\מ",IL,דואופרש יסמין עץ סאנ,מיליליטרים,300.00,"100 מ""ל",false,,12.90,4.3000,true,1,29927
7290005425110,false,"חיטוי משטחים 99.9% מתז מחטא ומשמיד 750 מ""ל","סנו מפעלי ברונוס בע""\מ",IL,מתז מחטא ומשמיד 99.9,מיליליטרים,750.00,"100 מ""ל",false,,14.90,1.9867,true,1,29929
7290005425127,false,"חיטוי משטחים 99.9% מתז לשומנים ואבנית 750 מ""ל","סנו מפעלי ברונוס בע""\מ",IL,מתז 99.9% מנקה שומני,מיליליטרים,750.00,"100 מ""ל",false,,14.90,1.9867,true,1,205415
7290005425196,false,"מקסימה אבקת כביסה סנסיטיב סנו 2.5 ק""ג",מיוצר עי קונדיטוריית,IL,אבקת כביסה סנו מקסימ,קילוגרמים,2.50,"ק""ג",false,,28.90,11.5600,true,1,29930
7290005425202,false,אבקת כביסה ביו מקסימה לכתמים קשים,"סנו מפעלי ברונוס בע""\מ",IL,אבקת כביסה סנו מקסימ,קילוגרמים,2.50,"ק""ג",false,,28.90,11.5600,true,1,29931
7290005425646,false,קליר נוזל לניקוי חלונות רב תכליתי סנו 1 ליטר,"סנו מפעלי ברונוס בע""\מ",IL,סנוקליר נוזל רב תכלי,יחידה,0.00,יחידה,false,,12.90,0.0000,true,1,29938
7290005425714,false,"שמפו שטיחים סנו פלוס 600 מ""ל","סנו מפעלי ברונוס בע""\מ",IL,סנו שמפו שטיחים פלוס,מיליליטרים,600.00,"100 מ""ל",false,,27.90,4.6500,true,1,29939
7290005426193,false,ספוגית הפלא סנו סושי 6 יחידות,טרופיקל דגיל תעשיות,IL,סנו סושי ספוג הפלא,יחידה,0.00,יחידה,false,,12.90,0.0000,true,1,29948
7290005426230,false,מטלית הפלא לרצפה מיקרופייבר סנו 1יח',סנו סושי,CN,סנו סושי מטלית הפלא,יחידה,0.00,יחידה,false,,13.90,0.0000,true,1,29949
7290005426568,false,"קרמה - קרם לחות לשיער רגיל 400 מ""ל",טרופיקל דגיל תעשיות,IL,קרם לחות לשיער רגיל,מיליליטרים,400.00,"100 מ""ל",false,,20.90,5.2250,true,1,29955
7290005428845,false,מפיות סנו סופט 33*33 100 יחידות,"חי מוצרי נייר בע""מ",IL,סנו סופט מפיות 33*33,יחידה,0.00,יחידה,false,,8.90,0.0000,true,1,29997
7290005429279,false,סנו מקסימה קומפקט קומפקט אפקט גאוול 6 ק,סנו מפעלי ברונוס בעמ,IL,אבקת כביסה סנו מקסימ,קילוגרמים,6.00,"ק""ג",false,,51.90,8.6500,true,1,30005
7290005429286,false,"אבקת כביסה מקסימה ביו 6 ק""ג סנו",סנו מקסימה,IL,אבקת כביסה סנו מקסימ,קילוגרמים,6.00,"ק""ג",false,,51.90,8.6500,true,1,30006
7290005430602,false,"סנו אוקסיג'ן ספריי להסרת כתמים עם חמצן פעיל 750 מ""ל","סנו מפעלי ברונוס בע""",IL,סנו אוקסיג'ן מסיר כת,מיליליטרים,750.00,"100 מ""ל",false,,20.90,2.7867,true,1,30010
7290005430671,false,פוליויקס נוזל לניקוי קרמיקה סנו 2 ליטר,סנו מפעלי ברונו בעמ,IL,סנו פוליווקס קרמיקה,ליטרים,2.00,ליטר,false,,22.90,11.4500,true,1,30013
7290005431159,false,תותים בקצפת לייט עדן קינוחים 80 גרם,עדן קינוחים,IL,תותים בקצפת לייט 80,גרמים,80.00,100 גרם,false,,7.50,9.3750,true,1,196826
7290005431883,false,מלבי חלבי עדן קינוחים 165 גרם,עדן קינוחים Eden,IL,עדן מלבי חלבי 165 גר,גרמים,165.00,100 גרם,false,,7.50,4.5455,true,1,26001
7290005431906,false,קדאיף עדן קינוחים 82 גרם,עדן קינוחים Eden,IL,עדן קדאיף 82 גרם,גרמים,82.00,100 גרם,false,,7.50,9.1463,true,1,26003
7290005431913,false,עוגת גבינה פירורים עדן קינוחים 92 גרם,עדן קינוחים Eden,IL,קינוחי עדן עוגת גבינ,גרמים,92.00,100 גרם,false,,7.50,8.1522,true,1,26004
7290005431920,false,עוגת גבינה פירורים לייט עדן קינוחים 78 גרם,עדן קינוחים Eden,IL,עדן עוגת גבינה פירור,גרמים,78.00,100 גרם,false,,7.50,9.6154,true,1,26005
7290005431937,false,טירמיסו עדן קינוחים 82 גרם,עדן קינוחים Eden,IL,עדן טירמיסו 82 גרם,גרמים,82.00,100 גרם,false,,7.50,9.1463,true,1,26006
7290005477669,false,סבון נוזלי דרמפון מועשר לחות קרליין 1 ליטר,"אמיליה קוסמטיקס בע""מ",IL,סבון נוזלי מועשר בלח,יחידה,0.00,יחידה,false,,18.90,0.0000,true,1,30017
7290005543296,false,שריר הזרוע מס' 8 הרב מחפוד,,IL,שריר בשר מס' 8 מחפוד,קילוגרמים,1.00,"ק""ג",true,,56.90,56.9000,true,1,149028
7290005559587,false,מאפה נקניקיה בבצק מעדנות 800ג',מיוצר עי קונדיטוריית,IL,מאפה נקניקיות 800גר,גרמים,800.00,100 גרם,false,,32.90,4.1125,true,1,35604
7290005559907,false,פיצה משפחתית 100% גבינה מעדנות 500 גרם,מיוצר עי קונדיטוריית,IL,פיצה משפחתית גבינה 5,גרמים,500.00,100 גרם,false,,24.90,4.9800,true,1,35609
7290005559914,false,פיצה משפחתית עם 100% גבינה בתוספת זיתים מעדנות 550 גרם,מיוצר עי קונדיטוריית,IL,פיצה משפחתית זיתים 5,גרמים,550.00,100 גרם,false,,23.90,4.3455,true,1,35610
7290005559990,false,בצק פילאס תורכי מעדנות 600 גרם,מיוצר עי קונדיטוריית,IL,בצק פילאס תורכי מעדנ,גרמים,600.00,100 גרם,false,,28.90,4.8167,true,1,35614
7290005576010,false,חסה גלאט עלים - יח',רביבים,IL,חסה מהדרין,יח',1.00,יח',false,,7.90,7.9000,true,1,44768
7290005576027,false,פטרוזיליה גלאט עלים - יח,רביבים,IL,פטרוזיליה גלאט עלים,יח',1.00,יח',false,,6.90,6.9000,true,1,44769
7290005576034,false,כוסברה גלאט עלים - יח',רביבים,IL,כוסברה מהדרין,יח',1.00,יח',false,,6.90,6.9000,true,1,44770
7290005576041,false,שמיר גלאט יחידה,רביבים,IL,שמיר מהדרין,יח',1.00,יח',false,,6.90,6.9000,true,1,44771
7290005576058,false,נענע גלאט עלים,,,נענע מהדרין,יח',1.00,יח',false,,6.90,6.9000,true,1,44772
7290005576065,false,סלרי גלאט יחידה,ביכורי השקמה,IL,סלרי מהדרין,יח',1.00,יח',false,,7.90,7.9000,true,1,44773
7290005576072,false,מנגולד עלי סלק חסלט,רביבים,IL,מנגולד מהדרין,יח',1.00,יח',false,,7.90,7.9000,true,1,44774
7290005576089,false,בצל ירוק גלאט יחידה,ביכורי השקמה,IL,בצל ירוק מהדרין,יח',1.00,יח',false,,7.90,7.9000,true,1,44775
7290005576096,false,כרוב לבן שלם גלאט עלים,רביבים,IL,כרוב לבן גלאט,קילוגרמים,1.00,"ק""ג",true,,15.90,15.9000,true,1,44759
7290005576164,false,בזיליקום גלאט ארוז,רביבים,IL,עשבי תיבול מהדרין,יח',1.00,יח',false,,8.90,8.9000,true,1,44779
7290005576201,false,כרוב לבן קצוץ 400 ג' גאלט,רביבים,IL,כרוב לבן קצוץ 400 גר,גרמים,400.00,100 גרם,false,,12.90,3.2250,true,1,44781
7290005576218,false,כרוב אדום קצוץ 400 ג' גאלט,רביבים,IL,כרוב אדום 400 גרם,גרמים,400.00,100 גרם,false,,12.90,3.2250,true,1,44782
7290005576225,false,קולוסלאו גלאט עלים 400ג' בי&די,רביבים,IL,קולסלאו 400 גרם בדץ,גרמים,400.00,100 גרם,false,,12.90,3.2250,true,1,20476
7290005576232,false,חסה אייסברג מצונן 300גרם,רביבים,IL,חסה אייסברג קצוצה,גרמים,300.00,100 גרם,false,,13.90,4.6333,true,1,44783
7290005576249,false,לקט קלאסי ירקות מהדרין 350 גר',רביבים,IL,לקט קלאסי 350 גרם,גרמים,350.00,100 גרם,false,,13.90,3.9714,true,1,44784
7290005591761,false,דבש טהור מפרחי בר בלחיץ 400 ג' יד מרדכי,מכוורת יד מרדכי שטראוס ב,IL,דבש טהור מפרחי בר בל,גרמים,400.00,100 גרם,false,,26.90,6.7250,true,1,22242
7290005610011,false,תפוחי אדמה אדום ארוז,קטיף.,IL,תפו`א אדום דוד משה,קילוגרמים,1.00,"ק""ג",true,,5.90,5.9000,true,1,50895
7290005610127,false,תפוח אדמה גורמה דוד משה,אראל תוצרת חקלאית בע,IL,תפו`א גורמה לבן דוד,קילוגרמים,1.00,"ק""ג",true,,7.90,7.9000,true,1,50897
7290005610196,false,תפוח אדמה לבןבייבי גורמה,אראל תוצרת חקלאית בע,IL,תפו`א בייבי גורמה,קילוגרמים,1.00,"ק""ג",true,,6.90,6.9000,true,1,50898
7290005610226,false,תפוח אדמה גורמה אדום,,,תפו`א גורמה אדום ד,קילוגרמים,1.00,"ק""ג",true,,6.90,6.9000,true,1,50899
7290005838002,false,מעדן גבינה ויוגורט בטעם וניל 88 ג' דניאלה,"שטראוס בריאות בע""מ",IL,דניאלה מעדן גבינה 15,מיליליטרים,150.00,"100 מ""ל",false,,4.30,2.8667,true,1,23296
7290005838613,false,"סקי וניל בודד 125 גרם ""שטראוס""","שטראוס בריאות בע""\מ",IL,גבינה וניל 3% סקי 12,גרמים,125.00,100 גרם,false,,3.90,3.1200,true,1,23297
7290005839078,false,שמיניית יוגורט לבן 3% ביו דנונה 150 גרם,מיוצר עי קונדיטוריית,IL,דנונה ביו מארז חסכון,קילוגרמים,1.20,"ק""ג",false,,17.90,14.9167,true,1,23299
7290005839108,false,גבינה לבנה סימפוניה עם תוספות 200 ג'+זיתים 5%,"שטראוס בריאות בע""\מ",IL,סימפוניה עם זיתים 5%,גרמים,200.00,100 גרם,false,,12.50,6.2500,true,1,23300
7290005839313,false,"מילקי טופ מגולגלת שטראוס 170 מ""ל",מיוצר עי קונדיטוריית,IL,מילקי טופ מגולגלת 14,מיליליטרים,142.00,"100 מ""ל",false,,5.00,3.5211,true,1,23301
7290005896439,false,"בירה מכבי, בקבוק חוזר 500 מ''ל","טמפו משקאות בע""מ",IL,מכבי בקבוק חוזר 500,מיליליטרים,500.00,"100 מ""ל",false,,6.90,1.3800,true,1,9391
7290005896460,false,"בירה איגל חזקה 7.8% 500 מ""ל פחית",טמפו,IL,איגל בירה חזקה 7.8%,מיליליטרים,500.00,"100 מ""ל",false,,6.90,1.3800,true,1,9393
7290005896620,false,סאן בנדטו - מוגז עדין - 1.5 ליטר,אקווה מינרלה סאן בנד,IT,סאן בנדטו מים מינרלי,ליטרים,1.50,ליטר,false,,5.50,3.6667,true,1,9394
7290005896637,false,סאן בנדטו - מים מינרלים טבעיים מהאלפים 1.5 ליטר,אקווה מינרלה סאן בנדטו ב,IT,סאן בנדטו 1.5 ליטר,ליטרים,1.50,ליטר,false,,4.50,3.0000,true,1,9395
7290005901348,false,קבב כבש מעדני המנגל,,,קבב כבש מעדני המנגל,גרמים,400.00,100 גרם,false,,14.90,3.7250,true,1,51524
7290005901362,false,קבב רומני מעדני המנג,,,קבב רומני מעדני המנג,גרמים,400.00,100 גרם,false,,14.90,3.7250,true,1,51526
7290005901423,false,קבב קציצות ביתי טעים,,,קבב קציצות ביתי טעים,גרמים,500.00,100 גרם,false,,29.90,5.9800,true,1,51532
7290005901430,false,המבורגר מסעדות טעים,,,המבורגר מסעדות טעים,גרמים,480.00,100 גרם,false,,29.90,6.2292,true,1,51533
7290005901447,false,"""טעים טעים"" שווארמה",,,"""טעים טעים"" שווארמה",גרמים,300.00,100 גרם,false,,30.90,10.3000,true,1,51534
7290005901454,false,סטייק מינוט טעים טעי,,,סטייק מינוט טעים טעי,גרמים,300.00,100 גרם,false,,37.90,12.6333,true,1,51535
7290005938245,false,ממרח פסטו קלאסי פרסקו 220ג' מצונן,מיוצר עי פרסקו חצבה,IL,פרסקו ממרח מצונן פסט,גרמים,220.00,100 גרם,false,,20.90,9.5000,true,1,17087
7290005981678,false,שטיח מקרר,,,שטיח מקרר,יחידה,0.00,יחידה,false,,9.90,0.0000,true,1,38373
7290005992018,false,"יוגורט עיזים לשתיה 3% מחלבות גד 500 מ""ל","מיוצר ע""\י קוד יצרן MKN",IL,גד יוגורט עיזים 3% 5,מיליליטרים,500.00,"100 מ""ל",false,,13.90,2.7800,true,1,14636
7290005992575,false,גבינה בולגרית למריחה 5% גד 250 גרם,מחלבות גד בעמ,IL,גד בולגרית למריחה 5%,גרמים,250.00,100 גרם,false,,18.90,7.5600,true,1,14639
7290006065018,false,אמנון 7-9 80% דג קפו,,,אמנון 7-9 80% דג קפו,קילוגרמים,1.00,"ק""ג",true,,34.90,34.9000,true,1,266930
7290006065179,false,סטייק טונה קפוא בואק,,,סטייק טונה קפוא בואק,קילוגרמים,1.00,"ק""ג",true,,41.90,41.9000,true,1,122810
7290006065391,false,פילה דג נסיכת הנילו,,,פילה דג נסיכת הנילו,קילוגרמים,1.00,"ק""ג",true,,43.90,43.9000,true,1,161560
7290006065599,false,פילה בקלה מרלוזה ארג,,,פילה בקלה מרלוזה ארג,קילוגרמים,1.00,"ק""ג",true,,37.90,37.9000,true,1,161562
7290006185501,false,"פנינה רוזנבלום -אל סבון נוזלי ורוד,1 ליטר",פנינה רוזנבלום,IL,אל סבון נוזלי ורוד פ,יחידה,0.00,יחידה,false,,10.90,0.0000,true,1,18132
7290006185518,false,"פנינה רוזנבלום -אל סבון נוזלי כחול,1 ליטר",פנינה רוזנבלום,IL,אל סבון נוזלי כחול פ,יחידה,0.00,יחידה,false,,10.90,0.0000,true,1,18133
7290006199027,false,מאגדת גלידל וניל מצופה סורבה תות שדה [8],הגלידות של פלדמן,IL,גלידל מאגדת בטעם תות,גרמים,600.00,100 גרם,false,,34.90,5.8167,true,1,36055
7290006199218,false,"שמיניית גלידל אייס מוקה ""פלדמן""",הגלידות של פלדמן,IL,גלידל מאגדת בטעם איי,גרמים,400.00,100 גרם,false,,34.90,8.7250,true,1,36056
7290006229427,false,סן בנדטו - מים מינרלים - מארז שישיית 500 מל,קריות זול,IT,"סאן בנדטו 6*500 מ""ל",ליטרים,3.00,ליטר,false,,14.90,4.9667,true,1,9408
7290006229588,false,בירה איגל לאגר פרימיום חזקה 6.3% 500 מל,"טמפו משקאות בע""מ",IL,איגל בירה פחית זהב 5,מיליליטרים,500.00,"100 מ""ל",false,,6.90,1.3800,true,1,9409
7290006241191,false,אגוזי מלך קליית גת 150 גר,הדקלאים אגודת שיתופי,US,אגוזי מלך 150 גרם קל,גרמים,150.00,100 גרם,false,,17.90,11.9333,true,1,12797
7290006241504,false,"משקה תפוזים קפוא פריגת 340 מ""ל",פריגת מצוננים,IL,קפוא תפוזים 340 גרם,גרמים,340.00,100 גרם,false,,13.90,4.0882,true,1,6386
7290006241689,false,"משקה לימונים מרוכז קפוא פריגת 280 מ""ל",היינץ צפון אמריקה מק,IL,קפוא לימון 340 גרם,גרמים,340.00,100 גרם,false,,13.90,4.0882,true,1,6390
7290006251275,false,תה ירוק סיני קלאסי ויסוצקי 25 יחידות,תה ויסוצקי,IL,תה ירוק סיני,גרמים,37.50,100 גרם,false,,23.90,63.7333,true,1,24645
7290006251343,false,חליטת פסיפלורה מנגו הגן הקסום ויסוצקי 25 יחידות,תה ויסוצקי,IL,תה חליטה הגן הקסום פ,גרמים,62.50,100 גרם,false,,17.90,28.6400,true,1,24647
7290006251374,false,תה ירוק לימונית וג'ינג'ר ויסוצקי 25 יחידות,תה ויסוצקי,IL,תה ירוק לימונית וג'י,גרמים,25.00,100 גרם,false,,23.90,95.6000,true,1,24648
7290006251589,false,תה ירוק עם עלי נענע 50 שקיקים ויסוצקי,בית ויסוצקי,IL,תה ירוק עם עלי נענע,גרמים,75.00,100 גרם,false,,47.90,63.8667,true,1,24649
7290006265548,false,נבטים סינים מרינה ארוז 360ג',"מרינה פטריות הגליל בע""מ",IL,נבטים סינים,יח',1.00,יח',false,,6.90,6.9000,true,1,41503
7290006265890,false,נבטי גרעיני חמניה יח,"מרינה פטריות הגליל בע""מ",IL,נבטי חמניה יח,יח',1.00,יח',false,,8.90,8.9000,true,1,35543
7290006271174,false,ג'חנון לאפיה בתנור מעדנות 700 גרם,מיוצר עי קונדיטוריית,IL,גחנון לאפיה בתנור מע,גרמים,700.00,100 גרם,false,,20.90,2.9857,true,1,35615
7290006271181,false,ג'חנון אפוי למיקרוגל מעדנות 750 גרם,מיוצר עי קונדיטוריית,IL,מעדנות גחנון אפוי 75,גרמים,750.00,100 גרם,false,,28.90,3.8533,true,1,35616
7290006271655,false,מיני בורקס גבינה מעדנות 800 גרם,מיוצר עי קונדיטוריית,IL,מיני בורקס גבינה 800,גרמים,800.00,100 גרם,false,,27.90,3.4875,true,1,35621
7290006272072,false,חטיפי פיצה גבינה מעדנות 650 גרם,"מעדנות בע""\מ",IL,חטיפי פיצה מעדנות 65,גרמים,650.00,100 גרם,false,,33.90,5.2154,true,1,35624
7290006272430,false,בצק עלים חמאה מעדנות 600 גרם,מיוצר עי קונדיטוריית,IL,בצק עלים חמאה 600 גר,גרמים,600.00,100 גרם,false,,30.90,5.1500,true,1,35626
7290006306302,false,רביולי במילוי גבינות פרמזן ריקוטה 400 ג' פסטה נונה,דורום תעשיות מזון ופסטה,IL,פסטה נונה ריביולי פר,גרמים,400.00,100 גרם,false,,26.90,6.7250,true,1,14649
7290006306319,false,רביולי במילוי בטטה 400 ג' פסטה נונה,דורום תעשיות מזון ופסטה,IL,פסטה נונה פסטה נונה,גרמים,400.00,100 גרם,false,,26.90,6.7250,true,1,14650
7290006306326,false,רביולי במילוי פטריות וגבינת פרמזן פסטה נונה 400 ג',דורום תעשיות מזון ופסטה,IL,פסטה נונה ריביולי פט,גרמים,400.00,100 גרם,false,,26.90,6.7250,true,1,14651
7290006342447,false,גרעיני אבטיח ששון הקולה 200 גרם,"דין שיווק וקלייה בע""",IL,גרעיני אבטיח 200 גר,גרמים,200.00,100 גרם,false,,12.90,6.4500,true,1,4625
7290006342515,false,מנצ'ס ששון הקולה 200 גרם,"דין שיווק וקלייה בע""",,מנציס 200 גרם,גרמים,200.00,100 גרם,false,,7.90,3.9500,true,1,4628
7290006342560,false,בוטן אמריקאי ששון הקולה 200 גרם,"דין שיווק וקלייה בע""",IL,בוטן אמריקאי 200 גרם,גרמים,200.00,100 גרם,false,,7.90,3.9500,true,1,4630
7290006342645,false,טורטיה גדולה שקדיה 840 גרם 12 יחידות,אלקטי קוראבייכיסיגיד,TR,טורטייה 840 גרם,גרמים,840.00,100 גרם,false,,15.90,1.8929,true,1,4633
7290006374615,false,מזון מלכות מרוכז במיוחד 5.8% 340גר,קריות זול,IL,מזון מלכות מרוכז במי,גרמים,340.00,100 גרם,false,,42.90,12.6176,true,1,22245
7290006374653,false,דבש לייט מופחת קלוריות יד מרדכי 350 ג',מכוורת יד מרדכי שטראוס ב,IL,דש לייט דבש מופחת קל,גרמים,350.00,100 גרם,false,,29.90,8.5429,true,1,22246
7290006374738,false,קונפיטורית תות 340 גר' יד מרדכי,אף.סי תבליני בגליל ב,IL,קונפיטורת תות יד מור,גרמים,340.00,100 גרם,false,,14.90,4.3824,true,1,22249
7290006449955,false,מלפפון בייבי מארז,"מרינה פטריות הגליל בע""מ",IL,מלפפון בייבי,יח',1.00,יח',false,,9.90,9.9000,true,1,159318
7290006459510,false,נרות חנוכה רגיל 44 יח,מנורה,CN,נרות חנוכה שקד,גרמים,157.00,100 גרם,false,,2.90,1.8471,true,1,328764
7290006459527,false,נרות חנוכה לוקס לא נוטפים 45 יח,,CN,נרות חנוכה לוקס שקד,גרמים,330.00,100 גרם,false,,5.90,1.7879,true,1,328765
7290006492432,false,גבינת מוצרלה בייבי 18% גד 150 גרם,מחלבות גד בעמ,IL,גד בייבי מוצרלה 150ג,גרמים,170.00,100 גרם,false,,15.90,9.3529,true,1,14657
7290006492616,false,גבינה בולגרית מעודנת פרוסות 5% גד 250 גרם,DSH עבור מחלבות גד ב,IL,גד בולגרית פרוסות 5%,גרמים,250.00,100 גרם,false,,27.90,11.1600,true,1,14658
7290006492630,false,גבינת פרומעז עיזים 22% גד 180 גרם,מחלבות גד בעמ,IL,גד גבינת גליל גד עזי,גרמים,180.00,100 גרם,false,,23.90,13.2778,true,1,14659
7290006492685,false,גבינת לאבנה 5% מחלב עזים גד 250 גרם,מחלבות גד בעמ,IL,גד לאבנה עזים 3% 250,גרמים,250.00,100 גרם,false,,18.90,7.5600,true,1,14661
7290006492852,false,גבינת עיזים למריחה 5% שומן 250 ג' גד,גבינות מדף,IL,גד גבינת עיזים למריח,גרמים,250.00,100 גרם,false,,17.90,7.1600,true,1,14662
7290006494924,false,טוסו וופל קלאסי במילוי קרם לימון 200 גרם,"גילרו בע""מ",IL,מרמולייט ופל בטעם לי,גרמים,180.00,100 גרם,false,,12.50,6.9444,true,1,5807
7290006511157,false,פטריות שמפיניון שלמות ויליפוד,אוקצ'מפס אס.איי אויי,PL,פטריות שלמות שמפיניו,גרמים,230.00,100 גרם,false,,7.90,3.4348,true,1,2904
7290006511751,false,פטריות שמפניון חתוך ויליפוד 290X3 ג' בד”צ,לוטס,NL,פטריות חתוכות ויליפו,גרמים,870.00,100 גרם,false,,13.00,1.4943,true,1,2907
7290006567048,false,פתיתי קוסקוס ישראלי אסם 350 גרם,"מיוצר ע""י קוד יצרן K",IL,קוסקוס ישראלי בשקית,גרמים,350.00,100 גרם,false,,8.90,2.5429,true,1,18701
7290006652027,false,במבה חטיף בוטנים אסם 20*15 גרם,מיוצר עי קונדיטוריית,IL,במבה יום הולדת מאח.1,גרמים,300.00,100 גרם,false,,24.90,8.3000,true,1,18706
7290006653765,false,פרפקטו פסטה פטוצ'יני אסם 500 גרם,אסם פרפקטו,IT,פטוציני פרפקטו 500 ג,גרמים,500.00,100 גרם,false,,7.90,1.5800,true,1,18708
7290006653819,false,פתיתי קוסקוס דק 350 גרם,"מיוצר ע""י קוד יצרן K",IL,קוסקוס דק בשקית אסם,גרמים,350.00,100 גרם,false,,8.90,2.5429,true,1,18709
7290006664051,false,"אקטימל לבן 1.51 ק""ג מארז 14 יחידות",מיוצר עי קונדיטוריית,IL,אקטימל טבעי 14*100מל,ליטרים,1.40,ליטר,false,,33.90,24.2143,true,1,23305
7290006664310,false,גבינה לבנה 3% שומן 250 ג' שטראוס,מיוצר עי קונדיטוריית,IL,גבינה 3% סקי 250 גרם,גרמים,250.00,100 גרם,false,,4.90,1.9600,true,1,23308
7290006664402,false,גבינה לבנה סקי 5% שומן 750 גרם,מיוצר עי קונדיטוריית,IL,שטראוס גבינה 5% 750ג,גרמים,750.00,100 גרם,false,,14.25,1.9000,true,1,23309
7290006664532,false,יוגורט עם תות 3% שומן 150 ג' דנונה,מיוצר עי קונדיטוריית,IL,דנונה תות 3% 150מל,גרמים,150.00,100 גרם,false,,3.90,2.6000,true,1,23310
7290006664655,false,"אקטימל לבן טבעי מארז 100X8 מ""ל",מיוצר עי קונדיטוריית,IL,אקטימל טבעי 8*100מל,מיליליטרים,800.00,"100 מ""ל",false,,22.90,2.8625,true,1,23312
7290006664693,false,יוגורט עם אפרסק 3% שומן 150 ג' דנונה,מיוצר עי קונדיטוריית,IL,דנונה אפרסק 3% 150מל,גרמים,150.00,100 גרם,false,,3.90,2.6000,true,1,23313
7290006664990,false,"יוגורט דנונה ביו לבן 1.7% שומן 8*150 מ""ל",מיוצר עי קונדיטוריית,IL,דנונה ביו מארז חיסכו,קילוגרמים,1.20,"ק""ג",false,,17.90,14.9167,true,1,23315
7290006681003,false,גלידה תות לימון סורבה 1.33 ל' קרמיסימו,"גלידת שטראוס בע""\מ, רחוב",IL,קרמיסימו תות לימון ס,ליטרים,1.33,ליטר,false,,21.90,16.4662,true,1,4256
7290006704016,false,בזיליקום ארוז יחידה,מרינה,IL,בזיליקום ארוז יחידה,יח',1.00,יח',false,,5.90,5.9000,true,1,35544
7290006704337,false,עלי חסה רומית,,,עלי חסה רומית,יח',1.00,יח',false,,7.90,7.9000,true,1,35537
7290006704511,false,"תפו""א גמדי אדום למיקרו מרינה 750ג'","מרינה פטריות הגליל בע""מ",IL,תפוא ננסי מיקרוגל,גרמים,750.00,100 גרם,false,,6.90,0.9200,true,1,35547
7290006704696,false,חסה משי,,,חסה משי,יח',1.00,יח',false,,9.90,9.9000,true,1,35538
7290006737885,false,סביבונים לחנוכה מבחר 4 יח',,,מארז סביבונים 4 יח',יחידה,0.00,יחידה,false,,6.90,0.0000,true,1,13157
7290006739131,false,בצק גולמי פילו זוגלובק 500ג',מאפיית אריאל,IL,זוגלובק בצק פילו 500,גרמים,500.00,100 גרם,false,,18.90,3.7800,true,1,38951
7290006739292,false,נקניק פסטרמה פרגיות ציפוי תירס,נקניק נהריה כשר זוגל,IL,פסטרמה תבור 330גר,גרמים,330.00,100 גרם,false,,33.90,10.2727,true,1,38954
7290006739346,false,נקניקיות פרגיות טרי 400 גרם זוגלובק,נקניק נהריה כשר זוגל,IL,נקניקיות פרגיות טרי,גרמים,400.00,100 גרם,false,,20.90,5.2250,true,1,38956
7290006739407,false,שניצל תירס לייט זוגלובק 600 גרם,נקניק נהריה כשר זוגל,IL,שניצל תירס לייט 630,גרמים,600.00,100 גרם,false,,30.90,5.1500,true,1,38958
7290006739414,false,נקניק סלמי קוניאק זוגלובק 300 גרם,נקניק נהריה כשר זוגל,IL,סלמי קוניאק זוגלובק,גרמים,300.00,100 גרם,false,,32.00,10.6667,true,1,38959
7290006739421,false,נקניק סלמי מעושן איטלקי זוגלובק 300 גרם,נקניק נהריה כשר זוגל,IL,סלמי מעושן איטלקי ז,גרמים,300.00,100 גרם,false,,32.00,10.6667,true,1,38960
7290006739445,false,שניצל תירס קלאסי 750 ג' זוגלובק,נקניק נהריה כשר זוגל,IL,שניצל תירס קלאסי 750,גרמים,750.00,100 גרם,false,,27.90,3.7200,true,1,38961
7290006739544,false,נקניק כתף בקר 3% 300 גרם,זוגלובק,IL,כתף בקר זוגלובק 300,גרמים,300.00,100 גרם,false,,35.90,11.9667,true,1,38962
7290006742278,false,פסטרמה הודו צלויה על לבנים 330 ג' זוגלובק,נקניק נהריה כשר זוגל,IL,פסטרממיה צלויה על לב,גרמים,330.00,100 גרם,false,,33.90,10.2727,true,1,38983
7290006742292,false,פסטרמה הודו בדבש 330 ג' זוגלובק,נקניק נהריה כשר זוגל,IL,פסטרממיה בדבש 1% 330,גרמים,330.00,100 גרם,false,,33.90,10.2727,true,1,38984
7290006742315,false,פסטרמה חזה הודו ברביקיו 2% זוגלובק 330 גרם,נקניק נהריה כשר זוגל,IL,חזה הודו ברביקיו 1%,גרמים,330.00,100 גרם,false,,33.90,10.2727,true,1,38986
7290006764065,false,בירה נשר מאלט ללא אלכוהול 500 מל,"טמפו משקאות בע""\ם.",IL,נשר מאלט בקבוק פקדון,מיליליטרים,500.00,"100 מ""ל",false,,5.50,1.1000,true,1,9411
7290006764072,false,"בירה גולדסטאר בקבוק 500 מ""ל חוזר","טמפו משקאות בע""\מ",IL,גולדסטאר בירה בק חוז,מיליליטרים,500.00,"100 מ""ל",false,,7.90,1.5800,true,1,9412
7290006764096,false,"בירה איגל 500 מ""ל 3.8% בקבוק חוזר","טמפו משקאות בע""\מ",IL,בירה איגל בקבוק 500,מיליליטרים,500.00,"100 מ""ל",false,,5.90,1.1800,true,1,9413
7290006764157,false,"בירה גולדסטאר Unfiltered, בירה לא מסוננת, בקבוק חוזר 500 מ""ל",טמפו משקאות בע''מ,IL,בירה גולדסטאר לא מסו,מיליליטרים,500.00,"100 מ""ל",false,,8.90,1.7800,true,1,9253
7290006764485,false,"בירה שחורה נשר מאלט שישייה ח""פ 330*6 מ''ל","טמפו משקאות בע""\ם.",IL,נשר מאלט 6*330מל,ליטרים,1.98,ליטר,false,,32.90,16.6162,true,1,9420
7290006764737,false,בירה נשר מאלט דלת קלוריות ללא אלכוהול 500 מל,"טמפו משקאות בע""\ם.",IL,נשר מאלט דיאט בקבוק,מיליליטרים,500.00,"100 מ""ל",false,,5.50,1.1000,true,1,9424
7290006765000,false,טורטיה מקמח מלא שקדיה 540 גרם,אלקטי קוראבייכיסיגיד,TR,8 טורטיות חיטה מלאה,גרמים,540.00,100 גרם,false,,11.90,2.2037,true,1,4641
7290006784865,false,סנט מוריץ לניקוי משטחי מטבחים מרוכז ועוצמתי 1ל',קומפלקס כימיקלים בעמ,IL,ניקוי משטחי מטבח סנט,ליטרים,1.00,ליטר,false,,12.90,12.9000,true,1,20126
7290006788061,false,"מרכך לשיער רגיל הנוסחה הקלאסית 700 מ""ל קרליין",מיוצר עי : אמיליה קוסמטי,IL,מרכך לשיער רגיל קרלי,מיליליטרים,700.00,"100 מ""ל",false,,13.90,1.9857,true,1,30026
7290006788443,false,"קרליין - נושם אוקסיג'ן דאודורנט רול און לאישה סגול 75 מ""ל","אמיליה קוסמטיקס בע""מ",IL,דאו' רולאון נושם אוק,גרמים,75.00,100 גרם,false,,12.90,17.2000,true,1,30044
7290006788481,false,"קרליין - נושם סאן רייס דאודורנט ספריי לאישה כתום 200 מ""ל",מיוצר עי : אמיליה קוסמטי,IL,דאו' תרסיס נושם כתום,מיליליטרים,200.00,"100 מ""ל",false,,12.90,6.4500,true,1,30048
7290006805355,false,"פילסברי, כדורים בטעם שוקולד, תערובת להכנת כדורים בטעם שוקולד. 500 גרם.",הדקלאים אגודת שיתופי,IL,תערובת כדורי שוקולד,גרמים,500.00,100 גרם,false,,19.90,3.9800,true,1,12799
7290006805850,false,פילסברי פנקייק תערובת להכנת חביתיות,הדקלאים אגודת שיתופי,IL,תערובת להכנת פנקייקס,גרמים,500.00,100 גרם,false,,19.90,3.9800,true,1,12800
7290006822192,false,נקטר דיאט חמוציות אושן ספריי פריגת 1 ליטר,מבשלות בירה בינלאומיות ב,IL,אושן ספרי דיאט חמוצי,ליטרים,1.00,ליטר,false,,12.90,12.9000,true,1,6961
7290006866363,false,מיץ סחוט אשכוליות אדומות פרימור 1 ליטר,"גניר (1992) בע""מ",IL,פרימור מיץ אשכולית א,ליטרים,1.00,ליטר,false,,15.90,15.9000,true,1,23316
7290006908360,false,שקד קלוי 150 גר' פיצוחי חממה,בוטנת,,שקד קלוי 150 גר` פיצ,גרמים,150.00,100 גרם,false,,17.90,11.9333,true,1,1475
7290006908384,false,פיסטוק חלבי 150 גר' פיצוחי חמהה,בוטנת,,פיסטוק חלבי 150 גרם,גרמים,150.00,100 גרם,false,,18.90,12.6000,true,1,1477
7290006908414,false,גרעיני חמניה 400 גרם פיצוחי חממה,,,חמנייה 400 גרם,גרמים,400.00,100 גרם,false,,11.90,2.9750,true,1,1479
7290006920829,false,"תחליפי גבינ""צ צ'דר פרוס 350 גר'",צי תעשיות מזון יבנה,IL,כפיר צדר פרוס 350 גר,גרמים,350.00,100 גרם,false,,16.90,4.8286,true,1,18270
7290006920843,false,"תחליפי גבינ""צ מוצרלה פרוס 350 גר'",צי תעשיות מזון יבנה,IL,מוצרלה פרוס 350 גרם,גרמים,350.00,100 גרם,false,,16.90,4.8286,true,1,18272
7290006920911,false,הולנדית פרוס 350ג' כפיר,צי תעשיות מזון יבנה,IL,הולנדי פרוס כפיר 350,גרמים,350.00,100 גרם,false,,16.90,4.8286,true,1,18275
7290006983152,false,קרוטונים מתובלים למרק אסם 400 גרם,עינת תעשיות מזון אגו,IL,קרוטונים מתובלים אסם,גרמים,400.00,100 גרם,false,,21.90,5.4750,true,1,18712
7290006983176,false,אוסם - לחמית שיפון 250 גרם,"אסם השקעות בע""\מ",IL,לחמית שיפון אסם 250,גרמים,230.00,100 גרם,false,,9.90,4.3043,true,1,18713
7290006983206,false,תערובת להכנת פלפל קלי קלות 180 גרם,"אסם השקעות בע""\מ",IL,תערובת פלאפל בקלי קל,גרמים,180.00,100 גרם,false,,12.90,7.1667,true,1,18714
7290006983763,false,עוגת הבית שוקולד אסם 400 גרם,מיוצר עי קונדיטוריית,IL,עוגת הבית שוקולד 400,גרמים,400.00,100 גרם,false,,14.90,3.7250,true,1,18717
7290006983770,false,עוגת הבית שיש אסם 400 גרם,מיוצר עי קונדיטוריית,IL,עוגת הבית שיש 400גר,גרמים,400.00,100 גרם,false,,14.90,3.7250,true,1,18718
7290006983787,false,עוגת הבית שוקולד צ'יפס אסם 400 גרם,מיוצר עי קונדיטוריית,IL,עוגת הבית שוקוציפס 4,גרמים,400.00,100 גרם,false,,14.90,3.7250,true,1,18719
7290006983794,false,עוגת הבית בטעם תפוז אסם 400 גרם,מיוצר עי קונדיטוריית,IL,עוגת הבית תפוז 400גר,גרמים,400.00,100 גרם,false,,14.90,3.7250,true,1,18720
7290006992208,false,מטרנה דייסת 8 דגנים מעורבים 200 גרם,מטרנה תעשיות ש.מ,IL,מטרנה דייסת דגנים פר,גרמים,200.00,100 גרם,false,,15.90,7.9500,true,1,18725
7290008101356,false,קריספ פאנקו זהב 300 גרם מיימונס,א.ל ייצור ושיווק תבל,IL,פירורי לחם פנקו זהוב,גרמים,300.00,100 גרם,false,,10.90,3.6333,true,1,266863
7290008116541,false,"שטיפת פה ליסטרין קול מינט 500 מ""ל",ג'\ונסון אנד ג'\ונסון,IT,מי פה ליסטרין בטעם מ,מיליליטרים,500.00,"100 מ""ל",false,,23.90,4.7800,true,1,29463
7290008116565,false,ליסטרין שטיפת פה פרש 500 מל,ג'\ונסון אנד ג'\ונסון,IT,מי פה פרש ליסטרין 50,מיליליטרים,500.00,"100 מ""ל",false,,23.90,4.7800,true,1,29465
7290008154222,false,שניצלונים עוף טוב 700 גרם,"מוצרי עוף טוב (2001) בע""",IL,שניצלונים עוף טוב 70,גרמים,700.00,100 גרם,false,,19.90,2.8429,true,1,19761
7290008175210,false,גבינת פרמזן מגורדת 90ג' ויליפוד,זנטי אס.איי.,IT,וילי פוד פרמזן מגורד,גרמים,90.00,100 גרם,false,,18.90,21.0000,true,1,2909
7290008268301,false,אוכמניות יחידה,בראשית,IL,אוכמניות,גרמים,120.00,100 גרם,false,,11.90,9.9167,true,1,47801
7290008268455,false,קיווי ישראלי בראשית,בראשית,IL,קיווי ארוז בראשית,יח',1.00,יח',false,,12.90,12.9000,true,1,198274
7290008300308,false,מפת שולחן 45 מטר 1 יח,בריזה,IL,45 מפת שולחן ניילון,יחידה,0.00,יחידה,false,,35.90,0.0000,true,1,205252
7290008300551,false,שקיות אשפה 75*90 שחו,,,שקיות אשפה 75*90 שחו,יחידה,0.00,יחידה,false,,17.90,0.0000,true,1,43390
7290008300599,false,70*50 'שקיות אשפה שר,,,70*50 'שקיות אשפה שר,יחידה,0.00,יחידה,false,,17.90,0.0000,true,1,205268
7290008300605,false,90*75 'שקיות אשפה 50,בריזה,IL,90*75 'שקיות אשפה 50,יחידה,0.00,יחידה,false,,12.90,0.0000,true,1,205269
7290008300629,false,שקיות אוכל בקופסא של,,,שקיות אוכל בקופסא של,יחידה,0.00,יחידה,false,,13.90,0.0000,true,1,43392
7290008333115,false,אבקת גלטין טהור נטו 28 גרם,מאיר עזרא ובניו,IL,.ג'לטין טהור 28 גר,גרמים,28.00,100 גרם,false,,10.90,38.9286,true,1,17096
7290008340618,false,סלמון מעושן מצונן דלידג 100 ג',ויליגר תעשיות בעמ,IL,סלמון 100 מעושן מצונ,גרמים,100.00,100 גרם,false,,20.90,20.9000,true,1,17104
7290008343466,false,בצק פילו 500 גרם שלושת האופים,שלושת האופים שגמור,IL,בצק פילו 500 גרם,גרמים,500.00,100 גרם,false,,21.90,4.3800,true,1,17108
7290008343558,false,"סיגרים בשר שלושת האופים 1 ק""ג","שלושת האופים בע""\מ",IL,סיגרים בשר 1 ק`ג שלו,קילוגרמים,1.00,"ק""ג",false,,16.90,16.9000,true,1,17112
7290008343602,false,"קובה בשר 1 ק""ג שלושת האופים","שלושת האופים בע""\מ",IL,קובה בשר 1 ק`ג שלושת,קילוגרמים,1.00,"ק""ג",false,,16.90,16.9000,true,1,17115
7290008344272,false,המבורגר 100% טיבון ויל 400 גרם,טיבון ויל אחזקות בעמ,IL,המבורגר 100% 400 ג'-,גרמים,400.00,100 גרם,false,,20.90,5.2250,true,1,17124
7290008345583,false,איקרה ביתית ורוד 300 גרם דלידג,כלורוקס אוקלנד,IL,300 איקרה ביתית ורוד,גרמים,300.00,100 גרם,false,,20.90,6.9667,true,1,17129
7290008347211,false,אצבעות דג מצופות דלידג 700 גרם,אף.סי תבליני בגליל ב,IL,דלידג אצבעות דג 700,גרמים,700.00,100 גרם,false,,27.90,3.9857,true,1,17130
7290008409100,false,אצבעות שניצל בציפוי שומשום מאמא עוף 700 גרם,תנובה גליל שותפות מוגבלת,IL,אצבעות שניצל ציפוי ש,גרמים,700.00,100 גרם,false,,37.90,5.4143,true,1,25539
7290008409124,false,שניצל ג'ונגל פריך 700 ג' מאמא עוף,תנובה גליל שותפות מוגבלת,IL,מאמא עוף קפוא שניצל,גרמים,700.00,100 גרם,false,,37.90,5.4143,true,1,25540
7290008409216,false,שניצל דק דק פריך מאמא עוף 700 גרם,תנובה גליל,IL,מאמא עוף קפוא שניצל,גרמים,700.00,100 גרם,false,,40.90,5.8429,true,1,25541
7290008409407,false,שניצל דק צ'יפס מאמא עוף 700 גרם,תנובה גליל שותפות מוגבלת,IL,מאמא עוף שניצל דק צי,גרמים,700.00,100 גרם,false,,40.90,5.8429,true,1,25551
7290008409551,false,שניצל עוף אמיתי בציפוי מעודן 700 ג' מאמא עוף,תנובה גליל שותפות מוגבלת,IL,שניצל עוף אמיתי בציפ,גרמים,700.00,100 גרם,false,,41.90,5.9857,true,1,25557
7290008415071,false,צבר חומוס עם טחינה עגול 150 גרם,סלטי צבר,IL,צבר חומוס עם טחינה 1,גרמים,150.00,100 גרם,false,,6.90,4.6000,true,1,19764
7290008443616,false,"מרכך לשיער יבש אדום נקה 7 750 מ""ל","אמיליה קוסמטיקס בע""מ",IL,מרכך לשיער יבש אדום,מיליליטרים,750.00,"100 מ""ל",false,,12.90,1.7200,true,1,30072
7290008443630,false,"שמפו לשיער מתולתל סגול נקה 7 750 מ""ל",אמיליה קוסמטיקס בע'\'\מ,IL,שמפו מתולתל סגול נקה,מיליליטרים,750.00,"100 מ""ל",false,,12.90,1.7200,true,1,30074
7290008443647,false,"מרכך לשיער מתולתל סגול, 750 מ""ל נקה 7","אמיליה קוסמטיקס בע""מ",IL,מרכך לשיער מתולתל סג,מיליליטרים,750.00,"100 מ""ל",false,,12.90,1.7200,true,1,30075
7290008461221,false,סרדינים רוברט בשמן חמניות 115 גרם,"רמירז, מטוסינוס",PT,סרדינים רוברט שמן חמ,גרמים,115.00,100 גרם,false,,7.90,6.8696,true,1,17134
7290008461238,false,סרדינים בשמן חמניות ופלפל חריף רוברט 84 גרם,קונסוורס,PT,סרדינים רוברט בשמן ח,גרמים,115.00,100 גרם,false,,7.90,6.8696,true,1,17135
7290008462204,false,חרדל דיז'ון מקורי נטו מאי 380 גרם,יוניליבר צרפת,FR,חרדל דיזון מקורי 380,גרמים,380.00,100 גרם,false,,19.90,5.2368,true,1,17137
7290008464024,false,"בירה גולדסטאר Unfiltered, בירה לא מסוננת, פחית 500 מ""ל","טמפו משקאות בע""מ",IL,גולדסטאר לא מסונן פח,מיליליטרים,500.00,"100 מ""ל",false,,9.90,1.9800,true,1,9429
7290008464222,false,"בירה מכבי 7.9%, בירה חזקה, פחית 500 מ""ל","טמפו משקאות בע""\מ",IL,מכבי 7.9 פחית 500 מל,מיליליטרים,500.00,"100 מ""ל",false,,8.90,1.7800,true,1,9432
7290008464345,false,"בירה גולדסטאר, בקבוק 330 מ''ל",טמפו משקאות בע''מ,IL,"גולדסטאר בירה ח""פ 33",יחידה,330.00,יחידה,false,,8.70,0.0264,true,1,9437
7290008464468,false,"בירה גולדסטאר, פחית 500 מ""ל","טמפו משקות בע""\מ",IL,"גולדסטאר פחית 500מ""ל",מיליליטרים,500.00,"100 מ""ל",false,,8.90,1.7800,true,1,9443
7290008464475,false,"בירה מכבי, פחית 500 מ""ל","טמפו משקאות בע""\מ",IL,"מכבי פחית 500מ""ל",מיליליטרים,500.00,"100 מ""ל",false,,7.90,1.5800,true,1,9444
7290008464505,false,"בקבוק מים בודד סאן בנדיטו 500 מ""ל",אקווה מינרלה סאן בנדטו ב,IT,סן בנדטו 0.5ל. מים מ,מיליליטרים,500.00,"100 מ""ל",false,,3.90,0.7800,true,1,9446
7290008464604,false,"בירה הייניקן פחית 500 מ""ל",טמפו משקאות בע''מ,NL,הייניקן בירה פח 500מ,מיליליטרים,500.00,"100 מ""ל",false,,13.90,2.7800,true,1,9452
7290008464673,false,"בירה גולדסטאר SLOWBREW פחית 10%, 500 מ""ל","טמפו משקאות בע""\מ",IL,גולדסטאר SLOWBREW 10,מיליליטרים,500.00,"100 מ""ל",false,,9.90,1.9800,true,1,9454
7290008464741,false,"בירה גולדסטאר, מארז שישייה, בקבוק 330 מ''ל","טמפו משקאות בע""\מ",IL,"גולדסטאר ח""פ בקבוק 6",ליטרים,1.98,ליטר,false,,40.90,20.6566,true,1,9459
7290008464796,false,"בירה היינקן, מארז שישייה, בקבוק 330 מ''ל",טמפו משקאות בע''מ,IL,"הייניקן בקבוק ח""פ 6*",ליטרים,1.98,ליטר,false,,46.90,23.6869,true,1,9462
7290008470759,false,מסטיק אורביט ספירמינט מארז שמינייה,אורביט,FR,אורביט סטיקס ספירמינ,יחידה,0.00,יחידה,false,,15.40,0.0000,true,1,20758
7290008470766,false,שמינייה אורביט סטיקס בטעם פפרמינט,ריגלי צרפת,FR,אורביט סטיקס בטעם פפ,יחידה,0.00,יחידה,false,,15.40,0.0000,true,1,20759
7290008589246,false,3 גביעי אחסון 1 ליטר,,,3 גביעי אחסון 1 ליטר,יחידה,0.00,יחידה,false,,6.90,0.0000,true,1,48633
7290008636018,false,כפתורי שוקולד שמינייה מיה 240 גרם,מיה תעשיות מזון בעמ,IL,1/8 כפתורי שוקולד 30,גרמים,30.00,100 גרם,false,,10.90,36.3333,true,1,14999
7290008636704,false,קונפיטורה משמש מיה 340 גרם,מיה תעשיות מזון מ.ת.מ. ב,IL,קונפיטורה משמש 340גר,גרמים,340.00,100 גרם,false,,9.90,2.9118,true,1,15011
7290008636926,false,קקאו הולנדי בשקית מיה 500 גרם,מיה תעשיות מזון מ.ת.מ. ב,IL,קקאו הולנדי 500גר. ב,גרמים,500.00,100 גרם,false,,18.90,3.7800,true,1,15014
7290008636964,false,שקדים מולבנים שביבים 100 גר' מיה,מיה תעשיות מזון מ.ת.מ. ב,IL,מיה שקד מולבן שבבים,גרמים,100.00,100 גרם,false,,12.80,12.8000,true,1,15018
7290008636988,false,גרעיני חמניות קלופים 100 גר' מיה,מיה תעשיות מזון מ.ת.מ. ב,IL,מיה גרעיני חמניות קל,גרמים,100.00,100 גרם,false,,3.90,3.9000,true,1,15020
7290008644112,false,סלט מטבוחה יום יום אחלה 125 גרם,"שטראוס גרופ בע""\מ",IL,אחלה מטבוחה 125ג,גרמים,125.00,100 גרם,false,,5.90,4.7200,true,1,23317
7290008644235,false,עלי בייבי שטראוס 120 גרם,שטראוס בריאות ירקות טריי,IL,עלי בייבי 120 ג ירקו,גרמים,120.00,100 גרם,false,,9.90,8.2500,true,1,23318
7290008644945,false,לקט לסלט המושבה שטראוס 450 גרם,שטראוס בריאות ירקות טריי,IL,סלט המושבה 450 ג ירק,גרמים,450.00,100 גרם,false,,13.90,3.0889,true,1,23320
7290008690713,false,נקטר חמוציות אושן ספריי פריגת 1 ליטר,מבשלות בירה בינלאומיות ב,IL,אושן ספרי חמוציות 1ל,ליטרים,1.00,ליטר,false,,12.90,12.9000,true,1,6982
7290008693134,false,מעדן גבינה ויוגורט בטעם תות 5% שומן 88 ג' דניאלה,"שטראוס בריאות בע""מ",IL,דניאלה תות מעדן גבינ,מיליליטרים,150.00,"100 מ""ל",false,,4.30,2.8667,true,1,23322
7290008713900,false,לחם שיפון עגול פרוס אנג'ל 750 גרם,מאפיית אנג'\ל אורנים מאפ,IL,לחם שיפון עגול אנגל,גרמים,750.00,100 גרם,false,,14.90,1.9867,true,1,35457
7290008745239,false,תפוצ'יפס קראנצ' בטעם טבעי עלית 50 גרם,"שטראוס פריטו ליי בע""\מ )",IL,תפוציפס קראנץ טבעי 5,גרמים,50.00,100 גרם,false,,4.30,8.6000,true,1,24153
7290008747547,false,תפוצ'יפס קראנץ' בטעם טבעי עלית 200 גרם,"שטראוס פריטו ליי בע""\מ )",IL,תפוציפס קראנץ טבעי 2,גרמים,200.00,100 גרם,false,,10.90,5.4500,true,1,24155
7290008752244,false,תפוצ'יפס קראנץ' בטעם גריל עלית 50 גרם,"שטראוס פריטו ליי בע""\מ )",IL,תפוציפס קראנץ גריל 5,גרמים,50.00,100 גרם,false,,4.30,8.6000,true,1,24157
7290008753111,false,תפוצ'יפס קראנץ' בטעם מקסיקני עלית 50 גרם,"שטראוס פריטו ליי בע""\מ )",IL,תפוציפס מקסיקני 50גר,גרמים,50.00,100 גרם,false,,4.30,8.6000,true,1,24158
7290008754040,false,ממרח שוקולד פרה עלית 850 גרם מגדים,שטראוס גרופ,IL,ממרח פרה שוקולד 850,גרמים,850.00,100 גרם,false,,17.90,2.1059,true,1,22268
7290008757034,false,"שוופס סודה זכוכית 250 מ""ל",יפאורה שותפות מובגלת לשיווק,IL,"סודה שוופס 250 מ""ל ב",מיליליטרים,250.00,"100 מ""ל",false,,3.90,1.5600,true,1,11552
7290008757980,false,קרטונית ספרינג נקטר רימונים 1 ליטר,יפאורה שותפות מובגלת לשיווק,IL,ספרינג רימונים 1ל,ליטרים,1.00,ליטר,false,,6.90,6.9000,true,1,11572
7290008775816,false,ערגליות עוגיות במילוי שוקולד אסם 300 גרם,מיוצר עי קונדיטוריית,IL,ערגליות שוקולד 300 ג,גרמים,300.00,100 גרם,false,,11.90,3.9667,true,1,18729
7290008775823,false,ערגליות עוגיות תות שדה אסם 300 גרם,מיוצר עי קונדיטוריית,IL,ערגליות תות שדה 300,גרמים,300.00,100 גרם,false,,11.90,3.9667,true,1,18730
7290008792264,false,מפיות טישיו טאצ' 100יח',"שניב תעשיות נייר בע""",IL,מפיות טאצ' 100,יחידה,0.00,יחידה,false,,5.90,0.0000,true,1,24446
7290008801010,false,"יין קברנה סוביניון מרלו פרייוט קולקשן 750 מ""ל",אגודת הכורמים הקאופו,IL,יין P.C קברנה סובי,מיליליטרים,750.00,"100 מ""ל",false,,44.90,5.9867,true,1,510
7290008801478,false,"יין טופז זהב כרמל 750 מ""ל",כרמל מזרחי,IL,"טופז זהב 750 מ""ל",מיליליטרים,750.00,"100 מ""ל",false,,21.90,2.9200,true,1,518
7290008801522,false,יין קינג דויד קונקורד אדום מתוק 750 מל,אגודת הכורמים הקואופרטיב,IL,יין קונקורד קינג דיו,מיליליטרים,750.00,"100 מ""ל",false,,23.90,3.1867,true,1,519
7290008801546,false,יין מוסקט מתוק קינג דיוויד יקבי כרמל,אגודת הכורמים הקואופרטיב,IL,יין קונקורד קינג דיו,מיליליטרים,750.00,"100 מ""ל",false,,23.90,3.1867,true,1,521
7290008801843,false,"יין קברנה סוביניון סלקטד כרמל 750 מ""ל","כד בני דרום בע""מ",IL,יין סלקטד קברנה סובנ,מיליליטרים,750.00,"100 מ""ל",false,,32.90,4.3867,true,1,522
7290008802512,false,"יין וינו אדום ""כרמל מזרחי""","כד בני דרום בע""מ",IL,יין וינו אדום יבש,מיליליטרים,750.00,"100 מ""ל",false,,23.90,3.1867,true,1,525
7290008805384,false,סלקטד מוסקטו לבן מבעבע 750 מל 2016,אגודת הכורמים הקואופרטיב,IL,יין סלקטד מוסקטו 750,מיליליטרים,750.00,"100 מ""ל",false,,32.90,4.3867,true,1,543
7290008805520,false,"יין קברנה/סוביניון סלקטד כרמל 750 מ""ל","כד בני דרום בע""מ",IL,יין סלקטד קברנה סובנ,מיליליטרים,750.00,"100 מ""ל",false,,32.90,4.3867,true,1,544
7290008849586,false,רוטב לעוף ריבת בצל אוליביה 310 גרם,קריות זול,IL,רוטב ריבת בצל אוליבי,גרמים,310.00,100 גרם,false,,13.90,4.4839,true,1,51966
7290008849609,false,רוטב לעוף שום דבש אוליביה 330 גרם,אוליביה גורמה (1996),IL,רוטב שום דבש אוליבי,גרמים,330.00,100 גרם,false,,13.90,4.2121,true,1,3504
7290008849753,false,רוטב טריאקי אוליביה 300 גרם,מיוצר עי קונדיטוריית,IL,רוטב טריאקי עשיר אול,מיליליטרים,300.00,"100 מ""ל",false,,15.90,5.3000,true,1,51969
7290008909761,false,"בירה קרלברג בקבוק 330 מ""ל",מבשלות בירה בינלאומי,IL,קרלסברג בקבוק יחיד 3,מיליליטרים,330.00,"100 מ""ל",false,,8.90,2.6970,true,1,6995
7290008945172,false,"שקיות אשפה עם שרוך 52 * 65 ס""מ גלילונית 40 יחידות","אשפלסט תעשיות בע""מ",IL,גלילונית אשפה למטבח,יחידה,0.00,יחידה,false,,18.90,0.0000,true,1,5814
7290008945202,false,גלילונית שקיות אשפה ענק 90/75 50 יח,"קילט ניהול פרוייקטים בע""מ",IL,גלילונית לאשפה משרדי,יחידה,0.00,יחידה,false,,16.90,0.0000,true,1,5815
7290009018004,false,פיקדון בקבוק/פחית בו,Unknown,,פיקדון בקבוק/פחית בו,יחידה,0.00,יחידה,false,,0.30,0.0000,true,1,66
7290009018011,false,פיקדון בקבוק/פחיות ש,,,פיקדון בקבוק/פחיות ש,יחידה,0.00,יחידה,false,,1.80,0.0000,true,1,64
7290009018264,false,פיקדון בקבוק/פחית רב,,,פיקדון בקבוק/פחית רב,יחידה,0.00,יחידה,false,,1.20,0.0000,true,1,105
7290009023480,false,פיקדון בקבוק 12 יח,,,פיקדון בקבוק 12 יח,יחידה,0.00,יחידה,false,,3.60,0.0000,true,1,49251
7290009153989,false,חלה מתוקה ברמן 500 ג,,,חלה מתוקה ברמן 500 ג,גרמים,500.00,100 גרם,false,,9.90,1.9800,true,1,43546
7290009174397,false,כריך א לעובד-כשר לפס,,,כריך עובד מגה,יחידה,0.00,יחידה,false,,1.50,0.0000,true,1,47088
7290010002023,false,כורכום הודי טחון תבליני מימון 100 גרם,א.ל ייצור ושיווק תבלינים,IL,מימון כורכום הודי טח,גרמים,100.00,100 גרם,false,,12.90,12.9000,true,1,245
7290010002030,false,תבלין כמון טחון תבליני מימון 100 גרם,א.ל ייצור ושיווק תבלינים,IL,מימון כמון במיכל 100,גרמים,100.00,100 גרם,false,,12.90,12.9000,true,1,246
7290010002047,false,תבלין מלח לימון תבליני מימון 200 גרם,א.ל ייצור ושיווק תבלינים,IL,מימון מלח לימון במיכ,גרמים,200.00,100 גרם,false,,10.00,5.0000,true,1,247
7290010002061,false,פלפל לבן טחון תבליני מימון 100 גרם,א.ל ייצור ושיווק תבל,IL,מימון פלפל לבן טחון,גרמים,100.00,100 גרם,false,,18.40,18.4000,true,1,249
7290010002078,false,פלפל שחור טחון תבליני מימון 100 גרם,א.ל ייצור ושיווק תבלינים,IL,מימון פלפל שחור טחון,גרמים,100.00,100 גרם,false,,15.20,15.2000,true,1,250
7290010002092,false,תבלין פלפל שחור גרוס דק תבליני מימון 90,א.ל ייצור ושיווק תבלינים,IL,מימון פלפל שחור גרוס,גרמים,90.00,100 גרם,false,,15.20,16.8889,true,1,252
7290010002122,false,פפריקה הונגרית מתוקה תבליני מימון 100 גרם,א.ל ייצור ושיווק תבלינים,IL,מימון פפריקה הונגרית,גרמים,100.00,100 גרם,false,,12.90,12.9000,true,1,255
7290010002146,false,פפריקה מרוקאית מתוקה תבליני מימון 100 גרם,א.ל ייצור ושיווק תבלינים,IL,מימון פפריקה מרוקאית,גרמים,100.00,100 גרם,false,,12.90,12.9000,true,1,257
7290010002153,false,פפריקה מרוקאית חריפה תבליני מימון 100 גרם,א.ל ייצור ושיווק תבלינים,IL,מימון פפריקה מרוקאית,גרמים,100.00,100 גרם,false,,12.90,12.9000,true,1,258
7290010002214,false,תבלין צ'ילי גרוס תבליני מימון 80 גרם,א.ל ייצור ושיווק תבלינים,IL,מימון צילי גרוס 80 ג,גרמים,80.00,100 גרם,false,,12.90,16.1250,true,1,261
7290010002283,false,תיבול על האש תבליני מימון 100 גרם,א.ל ייצור ושיווק תבלינים,IL,מימון תבלין על האש ב,גרמים,100.00,100 גרם,false,,12.90,12.9000,true,1,262
7290010002320,false,תיבול לגריל עוף תבליני מימון 100 גרם,א.ל ייצור ושיווק תבלינים,IL,מימון תיבול לגריל עו,גרמים,100.00,100 גרם,false,,12.90,12.9000,true,1,266
7290010002337,false,תיבול לסטייק תבליני מימון 100 גרם,א.ל ייצור ושיווק תבלינים,IL,מימון תיבול לסטייק 1,גרמים,110.00,100 גרם,false,,12.90,11.7273,true,1,267
7290010002344,false,תבלין לדג תבליני מימון 100 גרם.,א.ל ייצור ושיווק תבלינים,IL,מימון תיבול לדג 100,גרמים,100.00,100 גרם,false,,12.90,12.9000,true,1,268
7290010002351,false,זעתר ושומשום תבליני מימון 100 גרם,א.ל ייצור ושיווק תבלינים,IL,מימון זעתר ושומשום 1,גרמים,100.00,100 גרם,false,,12.90,12.9000,true,1,269
7290010002368,false,תערובת חווויג' תבליני מימון 100 גרם,א.ל ייצור ושיווק תבלינים,IL,מימון תערובת חווג` ל,גרמים,100.00,100 גרם,false,,12.90,12.9000,true,1,270
7290010002382,false,תבלין אורגנו תבליני מימון 40 גרם,א.ל ייצור ושיווק תבלינים,IL,מימון אורגנו במיכל 4,גרמים,40.00,100 גרם,false,,10.00,25.0000,true,1,272
7290010002436,false,תבלין פטרוזיליה תבליני מימון 25 גרם,א.ל ייצור ושיווק תבל,IL,מימון פטרוזיליה במיכ,גרמים,25.00,100 גרם,false,,10.00,40.0000,true,1,276
7290010002443,false,תבלין רוזמרין תבליני מימון 40 גרם,א.ל ייצור ושיווק תבל,IL,מימון רוזמרין במיכל,גרמים,40.00,100 גרם,false,,10.00,25.0000,true,1,277
7290010002481,false,תבלין שום טחון תבליני מימון 100 גרם,א.ל ייצור ושיווק תבלינים,IL,מימון שום טחון במיכל,גרמים,100.00,100 גרם,false,,15.20,15.2000,true,1,279
7290010002498,false,תבלין שום גבישי תבליני מימון 120 גרם,א.ל ייצור ושיווק תבלינים,IL,מימון שום גבישי 120,גרמים,120.00,100 גרם,false,,15.20,12.6667,true,1,280
7290010002597,false,כוסברה ירוקה תבליני מימון 30 גרם,א.ל ייצור ושיווק תבלינים,IL,מימון כוסברה ירוקה ב,גרמים,20.00,100 גרם,false,,10.00,50.0000,true,1,281
7290010003075,false,פפריקה מרוקאית מתוקה תבליני מימון 400 גרם,א.ל ייצור ושיווק תבלינים,IL,מימון פפריקה מרוקאית,גרמים,400.00,100 גרם,false,,27.40,6.8500,true,1,285
7290010003693,false,פפריקה מתוקה בשקית תבליני מימון 80 גרם,א.ל ייצור ושיווק תבל,IL,מימון פפריקה מתוקה ש,גרמים,80.00,100 גרם,false,,6.50,8.1250,true,1,290
7290010003709,false,פלפל שחור טחון בשקית תבליני מימון 50 גרם,א.ל ייצור ושיווק תבל,IL,מימון פלפל שחור טחון,גרמים,50.00,100 גרם,false,,8.30,16.6000,true,1,291
7290010003754,false,כמון טחון בשקית תבליני תבליני מימון 50 גרם,א.ל ייצור ושיווק תבל,IL,מימון כמון טחון שקית,גרמים,50.00,100 גרם,false,,6.50,13.0000,true,1,292
7290010003761,false,כורכום טחון בשקית תבליני מימון 80 גרם,א.ל ייצור ושיווק תבל,IL,מימון כורכום טחון שק,גרמים,80.00,100 גרם,false,,6.50,8.1250,true,1,293
7290010003778,false,תיבול לגריל עוף בשקית תבליני מימון 80 גרם,א.ל ייצור ושיווק תבל,IL,מימון תיבול לגריל עו,גרמים,80.00,100 גרם,false,,6.50,8.1250,true,1,294
7290010003792,false,מלח לימון בשקית תבליני מימון 100 גרם,א.ל ייצור ושיווק תבל,IL,מימון מלח לימון שקית,גרמים,100.00,100 גרם,false,,6.50,6.5000,true,1,296
7290010003822,false,פפריקה חריפה בשקית תבליני מימון 80 גרם,א.ל ייצור ושיווק תבל,IL,מימון פפריקה חריפה ש,גרמים,80.00,100 גרם,false,,6.50,8.1250,true,1,299
7290010003839,false,קינמון טחון בשקית תבליני מימון 80 גרם,א.ל ייצור ושיווק תבל,IL,מימון קינמון טחון שק,גרמים,80.00,100 גרם,false,,6.50,8.1250,true,1,300
7290010003846,false,אורגנו בשקית תבליני מימון 20 גרם,א.ל ייצור ושיווק תבל,IL,מימון אורגנו שקית 20,גרמים,20.00,100 גרם,false,,6.50,32.5000,true,1,301
7290010023141,false,תה לימונענע הגן הקסום ויסוצקי 25 יחידות,תה ויסוצקי,IL,תה לימונענע 25 שק',גרמים,50.00,100 גרם,false,,17.90,35.8000,true,1,24661
7290010045013,false,עוגיות חמאה צרפתיות 200 גרם לחמי,קונדטוריות לחמי,IL,עוגיות עם חמאה וסוכר,גרמים,200.00,100 גרם,false,,18.90,9.4500,true,1,24669
7290010045051,false,עוגיות מלבן שקדים 200 גרם לחמי,קונדטוריות לחמי,IL,עוגיות מלבן שקדים לח,גרמים,200.00,100 גרם,false,,18.90,9.4500,true,1,24671
7290010060597,false,"סרקל שמפו דר' פישר 1.250 מ""ל",מדי פישר,IL,סרקל שמפו לילדים 1.2,ליטרים,1.25,ליטר,false,,32.90,26.3200,true,1,218952
7290010065318,false,מחית תפוח עץ ג'וניור פרינוק 190 גרם,פרוטה פודווין איי.אס,CZ,מחית פרינוק גוניור ת,גרמים,190.00,100 גרם,false,,6.90,3.6316,true,1,3522
7290010065332,false,מחית תפוח עץ בננה ג'וניור פרינוק 190 גרם,פרוטה פודווין איי.אס,CZ,"פרינוק גוניור תפ""ע ב",גרמים,190.00,100 גרם,false,,6.90,3.6316,true,1,3524
7290010065349,false,מחית סלט פירות ג'וניור פרינוק 190 גרם,פרוטה פודווין איי.אס,CZ,מחית פרינוק גוניור ס,גרמים,190.00,100 גרם,false,,6.90,3.6316,true,1,3525
7290010065745,false,מחית לפתן פירות ג'וניור פרינוק 190 גרם,פרוטה פודווין איי.אס,CZ,פרינוק ג'וניור לפתן,גרמים,190.00,100 גרם,false,,6.90,3.6316,true,1,3533
7290010066087,false,נתחי טונה בשמן זית 158ג,תעשיות פילטונה,IL,טונה בשמן זית פילטונ,גרמים,160.00,100 גרם,false,,7.90,4.9375,true,1,26575
7290010066513,false,נתחי טונה בשמן צמחי רביעיה *158ג' פילטונה,תעשיות פילטונה,IL,נתחי טונה בשמן צמחי,גרמים,632.00,100 גרם,false,,25.90,4.0981,true,1,26576
7290010066575,false,נתחי טונה במים רביעיה *158ג' פילטונה,תעשיות פילטונה,IL,נתחי טונה במים פילטו,גרמים,632.00,100 גרם,false,,25.90,4.0981,true,1,26578
7290010066599,false,רביעיית נתחי טונה בשמן זית פילטונה 158X4 גרם,תעשיות פילטונה,IL,נתחי טונה בשמן זית פ,גרמים,632.00,100 גרם,false,,29.90,4.7310,true,1,26580
7290010116980,false,אבקת שוקולית שקית עלית 850 ג',הנסיך- מפעל לייצור ט,IL,שוקולית 850 גרם,גרמים,850.00,100 גרם,false,,18.90,2.2235,true,1,22282
7290010117864,false,דוריטוס חטיף תירס בטעם חריף אש עלית 70 גרם,"שטראוס פריטו ליי בע""\מ )",IL,דוריטוס חריף אש 70 ג,גרמים,70.00,100 גרם,false,,3.90,5.5714,true,1,24165
7290010118328,false,תפוצ'יפס בטעם טבעי עלית מארז 6*40 גרם,שטראוס פריטו ליי (מל,IL,תפוצ'יפס טבעי 6*40 ג,גרמים,240.00,100 גרם,false,,14.40,6.0000,true,1,24169
7290010119240,false,מארז תפוצ'יפס טבעי 216 גרם 12 יחידות,"שטראוס פריטו ליי בע""\מ )",IL,מארז תפוציפס טבעי 12,גרמים,216.00,100 גרם,false,,19.90,9.2130,true,1,24170
7290010124213,false,אל מטאדור סינטה בקר דק דק 250 גרם בלדי,בלאדי,IL,סינטה בקר דק דק אל מ,גרמים,250.00,100 גרם,false,,17.90,7.1600,true,1,35338
7290010124503,false,שומן כבש מעובד ארוז בלדי 200גר,בלדי,IL,שומן כבש 200 גר',גרמים,200.00,100 גרם,false,,13.90,6.9500,true,1,35339
7290010129003,false,עוגיות אוזניים 600 גרם,ק.א. ומשווק בבלעדיות על,IL,עוגיות אוזניים 600גר,גרמים,600.00,100 גרם,false,,20.90,3.4833,true,1,20145
7290010129010,false,עוג.כתר במילוי ריבה 600ג,ק.א. ומשווק בבלעדיות על,IL,עוגיות ריבה 600גר,גרמים,600.00,100 גרם,false,,20.90,3.4833,true,1,20146
7290010129027,false,עוגיות מרוקאיות 600 גרם,ק.א. ומשווק בבלעדיו על י,IL,עוגיות מרוקאיות 600,גרמים,600.00,100 גרם,false,,20.90,3.4833,true,1,20147
7290010129041,false,עוגיות בטעמים שונים600גר,"מיוצר על ידי ע.ה. בעמ, מ",IL,עוגיות טעמים שונים 6,גרמים,600.00,100 גרם,false,,20.90,3.4833,true,1,20149
7290010129300,false,עוגיות רייף מרוקאיות 350 גרם,קונדטוריית אנגל,IL,עוגיות רייף מרוקאיות,גרמים,350.00,100 גרם,false,,19.90,5.6857,true,1,20162
7290010129553,false,עוגיות רולדה תמרים 600 גרם,ק.א. ומשווק בבלעדיות על,IL,עוגיות רולדה תמרים 6,גרמים,600.00,100 גרם,false,,20.90,3.4833,true,1,20171
7290010129652,false,עוגיות לקפה דולצ'ה ו,קונדטוריית אנגל,IL,עוגיות לקפה דולצ'ה ו,גרמים,350.00,100 גרם,false,,19.90,5.6857,true,1,20178
7290010129676,false,עוגיות מרוקאיות ארוך 350 גרם,קונדטוריית אנגל,IL,עוגיות מרוקאיות ארוך,גרמים,350.00,100 גרם,false,,19.90,5.6857,true,1,20180
7290010153503,false,שעועית בובס יבשה מיה 400 גר',מיה תעשיות מזון מ.ת.מ. ב,IL,שעועית ענק 400 גרם,גרמים,400.00,100 גרם,false,,12.90,3.2250,true,1,15026
7290010153688,false,חומץ רכיבים טבעיים 1 ליטר,פרידמן תעשיות חומץ ו,IL,חומץ טבעי מיה 1 ליטר,ליטרים,1.00,ליטר,false,,6.90,6.9000,true,1,15034
7290010153695,false,פול גדול מיה 400 גר,מיה תעשיות מזון מ.ת.מ. ב,IL,מיה פול 500גר,גרמים,500.00,100 גרם,false,,9.90,1.9800,true,1,15035
7290010153725,false,קונפיטורה דובדבן מיה 340 גרם,מיה תעשיות מזון מ.ת.מ. ב,IL,מיה קונפיטורה דובדבנ,גרמים,340.00,100 גרם,false,,9.90,2.9118,true,1,15037
7290010153770,false,ציפוי לשניצל פיקנטי מיה 500 גרם,מיה תעשיות מזון מ.ת.מ. ב,IL,ציפוי לשניצל פיקנטי,גרמים,500.00,100 גרם,false,,9.90,1.9800,true,1,15041
7290010153787,false,ציפוי לשניצל עם שום מיה 500 גרם,מיה תעשיות מזון מ.ת.מ. ב,IL,ציפוי לשניצל עם שום,גרמים,500.00,100 גרם,false,,9.90,1.9800,true,1,15042
7290010153794,false,ציפוי לשניצל עם עשבי תיבול מיה 500 גרם,מיה תעשיות מזון מ.ת.מ. ב,IL,ציפוי לשניצל עם עשבי,גרמים,500.00,100 גרם,false,,9.90,1.9800,true,1,15043
7290010153800,false,ציפוי לשניצל עם תיבול עדין מיה 500 גרם,מיה תעשיות מזון מ.ת.מ. ב,IL,ציפוי לשניצל עם תיבו,גרמים,500.00,100 גרם,false,,9.90,1.9800,true,1,15044
7290010153817,false,ריבת חלב אמיתי מיה 400 גרם,מיה תעשיות מזון מ.ת.מ. ב,IL,ריבת חלב מיה 400 גרם,גרמים,400.00,100 גרם,false,,12.90,3.2250,true,1,15045
7290010153879,false,ריבת חלב מרוכזת בטעם שמנת מיה 400 גר',מיה תעשיות מזון מ.ת.מ. ב,IL,ריבת חלב בטעם שמנת 4,גרמים,400.00,100 גרם,false,,12.90,3.2250,true,1,15051
7290010153978,false,קונפיטורה שזיפים מיה 340 גרם,מיה תעשיות מזון מ.ת.מ. ב,IL,קונפיטורה שזיפים 340,גרמים,340.00,100 גרם,false,,9.90,2.9118,true,1,15055
7290010154005,false,סחוג תימני יוחאי ביטון 250 גרם,תבליני יוחאי ביטון,IL,סחוג תימני ירוק 250,גרמים,250.00,100 גרם,false,,15.90,6.3600,true,1,17139
7290010154012,false,לימון בלאדי כבוש תבליני ביטון 250 גרם,תבליני יוחאי ביטון,IL,לימון כבוש 250 ביטון,גרמים,250.00,100 גרם,false,,15.90,6.3600,true,1,17140
7290010154029,false,אריסה מתוקה יוחאי ביטון 250 גרם,תבליני יוחאי ביטון,IL,250 אריסה מתוקה ביטו,גרמים,250.00,100 גרם,false,,15.90,6.3600,true,1,17141
7290010154241,false,סלט חזרת ריף ביטון 250 ג',תבליני יוחאי ביטון,IL,סלט חזרת ביטון 250 ג,גרמים,250.00,100 גרם,false,,15.90,6.3600,true,1,17143
7290010154265,false,פלפל צ'ומה תבליני ביטון 250 גרם,תבליני יוחאי ביטון,IL,פלפל צ`ומה ביטון 250,גרמים,250.00,100 גרם,false,,15.90,6.3600,true,1,17144
7290010154418,false,סחוג אדום תבליני ביטון 130 גרם,תבליני יוחאי ביטון,IL,יוחאי ביטון סחוג אדו,גרמים,130.00,100 גרם,false,,8.90,6.8462,true,1,17149
7290010154678,false,אריסה מרוקאית תבליני ביטון 250 גרם,תבליני יוחאי ביטון,IL,יוחאי ביטון אריסה מר,גרמים,250.00,100 גרם,false,,15.90,6.3600,true,1,17154
7290010154685,false,שום כתוש יוחאי ביטון 250 גרם,תבליני יוחאי ביטון,IL,סלט שום כתוש 250 גר',גרמים,250.00,100 גרם,false,,15.90,6.3600,true,1,17155
7290010192007,false,פטרוזיליה,,,פטרוזיליה,יח',1.00,יח',false,,3.90,3.9000,true,1,35552
7290010192014,false,שמיר,,,שמיר,יח',1.00,יח',false,,3.90,3.9000,true,1,35553
7290010192021,false,כוסברה ארוז,,,כוסברה,יח',1.00,יח',false,,3.90,3.9000,true,1,35554
7290010192038,false,שורש פטרוזיליה ארוז,,IL,שורש פטרוזיליה ארוז,יח',1.00,יח',false,,5.90,5.9000,true,1,35555
7290010192045,false,נענע יחידה,,,נענע יחידה,יח',1.00,יח',false,,3.90,3.9000,true,1,35556
7290010192052,false,סלרי עלים (אמריקאי),חקלאי,IL,סלרי עלים (אמריקאי),יח',1.00,יח',false,,5.90,5.9000,true,1,35557
7290010192069,false,סלרי ראש יחידה,קטיף.,IL,סלרי ראש ארוז,יח',1.00,יח',false,,5.90,5.9000,true,1,35558
7290010192083,false,מנגולד ארוז,,,מנגולד ארוז,יח',1.00,יח',false,,6.90,6.9000,true,1,35559
7290010192137,false,לוף ארוז ליח,,,לוף ארוז ליח,יח',1.00,יח',false,,8.90,8.9000,true,1,35560
7290010195268,false,פופקורן פופסטאר חמישייה מופחת שומן טבעי,פופ סטאר,US,פופסטאר פופקורן מופח,גרמים,425.00,100 גרם,false,,17.90,4.2118,true,1,5836
7290010195275,false,פופ סטאר גרעיני תירס להכנת פופקורן במיקרוגל בטעם חמאה מופחת שומן 425 גרם,פופ סטאר,US,פופסטאר פופקורן מופח,גרמים,425.00,100 גרם,false,,17.90,4.2118,true,1,5837
7290010237531,false,"פפסי קולה 500 מ""ל בקבוק","טמפו משקאות בע""ם.",IL,פפסי קולה 500 מ'ל,מיליליטרים,500.00,"100 מ""ל",false,,4.90,0.9800,true,1,9469
7290010237562,false,משקה פפסי מרינדה קוו,"טמפו משקאות בע""מ",IL,מירנדה 500 מ'ל,מיליליטרים,500.00,"100 מ""ל",false,,4.90,0.9800,true,1,9471
7290010237579,false,משקה סבן אפ קוול 500,"טמפו משקאות בע""מ",IL,סבן אפ 500 מ'ל,מיליליטרים,500.00,"100 מ""ל",false,,4.90,0.9800,true,1,9472
7290010237586,false,"סבנ אפ דיאט בקבוק500 מ""ל","טמפו משקאות בע""מ",IL,דיאט סבן אפ 500 מ'ל,מיליליטרים,500.00,"100 מ""ל",false,,4.90,0.9800,true,1,9473
7290010237685,false,"הייניקן בירה צואר ארוך 330מ""ל",טמפו משקאות בע''מ,IL,היינקן בירה צואר ארו,מיליליטרים,330.00,"100 מ""ל",false,,10.90,3.3030,true,1,9477
7290010237784,false,בירה שנדי בתוספת משקה לימון ליים - שישייה,"טמפו משקאות בע""\מ",IL,מכבי שנדי לימון ליים,ליטרים,1.98,ליטר,false,,37.90,19.1414,true,1,9481
7290010237890,false,"בירה הייניקן בקבוק 500 מ""ל חוזר",טמפו משקאות בע''מ,IL,הייניקן בירה בקבוק ח,מיליליטרים,500.00,"100 מ""ל",false,,9.90,1.9800,true,1,9482
7290010259823,false,מנת השף-מרק עם נודלס בטעם עוף ויליפוד,נמצ'או(תאילנד) בעמ,TH,נודלס בטעם עוף מנת ה,גרמים,70.00,100 גרם,false,,5.90,8.4286,true,1,2923
7290010259830,false,מנת השף נודלס בסגנון סיני פיקנטי וילי פוד 70 גרם,נמצ'או(תאילנד) בעמ,TH,נודלס בטעם סיני פיקנ,גרמים,70.00,100 גרם,false,,5.90,8.4286,true,1,2924
7290010259847,false,מנת השף מרק עם נודלס בטעם תירס ויליפוד 70 גרם,קריות זול,TH,נודלס טעם תירס מנת ה,גרמים,70.00,100 גרם,false,,5.90,8.4286,true,1,2925
7290010259854,false,מנת השף מרק עם נודלס בטעם פטריות ויליפוד 70 גרם,נמצ'או(תאילנד) בעמ,TH,נודלס בטעם פטריות מנ,גרמים,70.00,100 גרם,false,,5.90,8.4286,true,1,2926
7290010259953,false,עוגיות ביצים בישקוטים ויליפוד 400 גרם,דן קייק,PT,וילי פוד עוגיות בישק,גרמים,400.00,100 גרם,false,,15.90,3.9750,true,1,2930
7290010259977,false,שמן קנולה מזוכך ויליפוד 1 ליטר,בונגי פולין אס.פי.זד,PL,שמן קנולה ויליפוד 1,ליטרים,1.00,ליטר,false,,11.90,11.9000,true,1,2931
7290010259991,false,צנימים מיוחדים בטעם טבעי 250 ג',קריות זול,GR,"צנימים בד""ץ וילי פוד",גרמים,250.00,100 גרם,false,,8.50,3.4000,true,1,2932
7290010300747,false,קיסמים דנטליים 200 יח',THAI FONG,CN,קיסמים דנטליים נאמן,יחידה,0.00,יחידה,false,,8.50,0.0000,true,1,15903
7290010429554,false,"שמן זית כתית מעולה יד מרדכי 2 קלאסי, 750 מ""ל",מכוורת יד מרדכי שטראוס ב,IL,שמן זית כתית מעולה 2,מיליליטרים,750.00,"100 מ""ל",false,,38.90,5.1867,true,1,22287
7290010439287,false,מגבת ענק חלק 550 גר מנהטן,,,מגבת גוף ענק חלק,יחידה,0.00,יחידה,false,,39.90,0.0000,true,1,15463
7290010439300,false,130*70 מגבת גוף גקרד,,,130*70 מגבת גוף גקרד,יחידה,0.00,יחידה,false,,30.90,0.0000,true,1,28077
7290010471669,false,יוגורט תות עם קורנפלקס מצופה שוקולד ללא גלוטן 3.9%,"שטראוס בריאות בע""\מ",IL,דנונה קראנצ' יוגורט,מיליליטרים,175.00,"100 מ""ל",false,,4.90,2.8000,true,1,23323
7290010472307,false,"שמיניית משקה גמדים תות בננה דיסני 108 מ""ל",מיוצר עי קונדיטוריית,IL,גמדים לשתיה תות בננה,מיליליטרים,864.00,"100 מ""ל",false,,21.90,2.5347,true,1,23326
7290010472390,false,מארז 8 יחידות מעדן דני בטעם שוקולד 1.5%,מיוצר עי קונדיטוריית,IL,מארז דני שוקולד 8*,מיליליטרים,1000.00,"100 מ""ל",false,,16.90,1.6900,true,1,23327
7290010513727,false,פנקו פרורי לחם 200 גרם (קינגדאו),קינגדאו גוניון פודס,CN,פנקו פרורי לחם יפניי,גרמים,200.00,100 גרם,false,,7.90,3.9500,true,1,47515
7290010548514,false,קוביות עשבי תיבול לבישול איטלקי דורות 70 גרם,עיצובים 2020 (3.8),IL,דורות עשבי תיבול לבי,גרמים,70.00,100 גרם,false,,10.00,14.2857,true,1,19770
7290010627004,false,טחינה גולמית מסורתית ירושלים 500 ג',"בראשית ירושלים בע""מ",IL,טחינה ירושלים 500 גר,גרמים,500.00,100 גרם,false,,18.90,3.7800,true,1,24673
7290010627844,false,טחינה גולמית שומשום מלא ירושלים 500גרם,"טחינה ירושליים בע""מ",IL,טחינה ירושלים 500 מל,גרמים,500.00,100 גרם,false,,18.90,3.7800,true,1,24676
7290010632121,false,כוס אימון עם ידיות טוליפ,טוליפס Tulips,CN,כוס אימון עם פיה רכה,יחידה,0.00,יחידה,false,,19.90,0.0000,true,1,916
7290010650019,false,אנדיב בלגי אמיתי חוות תקוע,מרינה פטריות הגליל,IL,עולש אנדיב בלגי חוות,יח',1.00,יח',false,,13.90,13.9000,true,1,47804
7290010650033,false,בצלצלי שאלוט תקוע אר,חוות פטריות תקוע,NL,בצלצלי שאלוט,גרמים,350.00,100 גרם,false,,14.90,4.2571,true,1,50910
7290010650354,false,שורש כורכום טרי חוות תקוע 120 גרם,פסטה לנסי,IL,שורש כורכום טרי,יח',1.00,יח',false,,14.90,14.9000,true,1,49807
7290010690138,false,ברוקולי ארוז גן ירוק,חקלאי,IL,ברוקולי ארוז,יח',1.00,יח',false,,9.90,9.9000,true,1,41515
7290010711031,false,מברשת אבק גדולה 1522,מ.א. ייצור ויבוא מטליות,TR,מברשת אבק גדולה 1522,יחידה,0.00,יחידה,false,,14.90,0.0000,true,1,13477
7290010711123,false,כריות מתכת שייני 4 יחידות,מ.א ייצור ושיווק מטל,CN,"ננס רביעיה ""שייני"" ח",יחידה,0.00,יחידה,false,,7.90,0.0000,true,1,13481
7290010711208,false,שייני גליל מטליות צהוב 33 יח',נועם אורים תעשיות בע,IL,SHINY גליל מטליות 33,יחידה,0.00,יחידה,false,,19.90,0.0000,true,1,13484
7290010711550,false,דלי שטיפה עם פיה ( 1,,IL,דלי שטיפה עם פיה ( 1,יחידה,0.00,יחידה,false,,11.90,0.0000,true,1,13494
7290010711901,false,3 מטליות מיקרופייבר לרצפה Shiny,מ.א ייצור ושיווק מטל,CN,שייני מטליות מיקרופי,יחידה,0.00,יחידה,false,,18.90,0.0000,true,1,13500
7290010711918,false,שייני מטליות מיקרופייבר לניקוי כללי חמישיה,מ.א ייצור ושיווק מטל,IL,מ.א מטליות מיקרופייב,יחידה,0.00,יחידה,false,,10.90,0.0000,true,1,13501
7290010711932,false,מטליות רב שימושיות פרימיום שייני 9 יחידות,נועם אורים תעשיות בע,IL,מארז 9 מטליות שייני.,יחידה,0.00,יחידה,false,,9.90,0.0000,true,1,13502
7290010766949,false,ממרח תחתיות ארטישוק 180ג' אוליביה,אוליביה,IL,אוליביה ממרח ארטישוק,גרמים,180.00,100 גרם,false,,15.90,8.8333,true,1,51976
7290010777099,false,פיתות בעבודת יד פיתה אקספרס 8 יחידות,מגוון שיווק והפצת מא,IL,8 פיתות במרקם מיוחד,גרמים,800.00,100 גרם,false,,12.50,1.5625,true,1,21151
7290010777150,false,שמניית פיתה בריבוע מחיטה מלאה פיתה אקספרס,מגוון שיווק והפצת מא,IL,8 פיתות בריבוע חיטה,גרמים,500.00,100 גרם,false,,15.90,3.1800,true,1,21152
7290010777297,false,פיתות עבודת יד10 יח'/ פיתה ביס לבן 12 יח',מגוון שיווק והפצת מא,IL,10 פיתות ביס,קילוגרמים,1.00,"ק""ג",false,,15.90,15.9000,true,1,21157
7290010777358,false,מארז שמיניית פיתות 100% כוסמין מלא,מגוון שיווק והפצת מא,IL,8 פיתות כוסמין מלא 1,גרמים,400.00,100 גרם,false,,16.90,4.2250,true,1,21160
7290010777488,false,פיתה מחמצת 100% קמח מלא פיתה אקספרס,מאפיית ביכורים מזון,IL,פיתה מחמצת מקמח מלא,יחידה,0.00,יחידה,false,,16.90,0.0000,true,1,258107
7290010777525,false,מארז שישייה פיתות כוסמין פיתה אקספרס,מאפיית ביכורים מזון,IL,פיתות קוסמין-פיתה אק,גרמים,50.00,100 גרם,false,,16.90,33.8000,true,1,258108
7290010838424,false,ג'ל לניקוי מתקדם בניחוח רענן - מארז זוג,"איטיליאן פוד, אס.פי.",NL,זוג ג'ל נוזל בניחוח,ליטרים,1.50,ליטר,false,,19.90,13.2667,true,1,5840
7290010883356,false,כפפות אלוורה רב שימושיות גדולות L סנו סושי,סנו סושי,CN,סנו סושי זוג כפפות א,יחידה,0.00,יחידה,false,,10.90,0.0000,true,1,30098
7290010883363,false,כפפות אלוורה רב שימושיות קטנות S סנו סושי,האי נאם סי או אל.טי.,CN,סנו סושי זוג כפפות א,יחידה,0.00,יחידה,false,,10.90,0.0000,true,1,30099
7290010883370,false,כפפות אלוורה רב שימושיות בינוניות M סנו סושי,האי נאם סי או אל.טי.,CN,סנו סושי זוג כפפות א,יחידה,0.00,יחידה,false,,10.90,0.0000,true,1,30100
7290010931330,false,סלט מטבוחה אחלה 500 גרם,מיוצר עי קונדיטוריית,IL,אחלה מטבוחה 500ג,גרמים,500.00,100 גרם,false,,16.90,3.3800,true,1,23329
7290010945146,false,קוטג' 3% מועשר בסידן טרה 250 ג' מהדרין,קריות זול,IL,טרה קוטג מועשר 3% 25,גרמים,250.00,100 גרם,false,,5.90,2.3600,true,1,6406
7290010945450,false,גבינה לבנה 3% 250 גר מועשר בסידן וויטמין,הפריט בפיקוח,IL,טרה גבינה לבנה מהדרי,גרמים,250.00,100 גרם,false,,4.98,1.9920,true,1,6409
7290010945481,false,גבינה לבנה טרה 5% מרכיבים טבעיים,הפריט בפיקוח,IL,טרה גבינה לבנה 5% 50,גרמים,500.00,100 גרם,false,,9.96,1.9920,true,1,6410
7290011017866,false,קוקה קולה קלאסי בפחית,החברה המרכזית לייצור משקאות,IL,קוקה קולה פחית סליק,מיליליטרים,330.00,"100 מ""ל",false,,5.50,1.6667,true,1,7024
7290011017873,false,"פחיות קוקה קולה זירו 330 מ""ל",החברה המרכזית לייצור משקאות,IL,ZERO קולה פחית סליק,מיליליטרים,330.00,"100 מ""ל",false,,5.50,1.6667,true,1,7025
7290011017880,false,"קוקה קולה דיאט פחית 330 מ""ל",החברה המרכזית לייצור משקאות,IL,קולה דיאט פחית סליק,מיליליטרים,330.00,"100 מ""ל",false,,5.50,1.6667,true,1,7026
7290011110000,false,חסה רומית שלמה יחידה,יגור חקלאות ועסקים,IL,חסה רומית שלמה,גרמים,430.00,100 גרם,false,,9.90,2.3023,true,1,47809
7290011110024,false,חסה סלנובה יח,,,חסה סלנובה,יח',1.00,יח',false,,12.90,12.9000,true,1,47811
7290011110031,false,לבבות חסה,,,לבבות חסה,יח',1.00,יח',false,,10.90,10.9000,true,1,47812
7290011110048,false,פלפל סוויט בייט,,,פלפל סוויט בייט,גרמים,220.00,100 גרם,false,,9.90,4.5000,true,1,189820
7290011110079,false,בזיליקום.,,,בזיליקום.,יח',1.00,יח',false,,6.90,6.9000,true,1,47814
7290011110093,false,עלי מנגולד,,,מנגולד,גרמים,250.00,גרם,false,,7.90,0.0316,true,1,47816
7290011110109,false,תירס לבן מתוק יחידה,"יגור חקלאות בע""מ",IL,תירס סופרסוויט,גרמים,800.00,100 גרם,false,,19.90,2.4875,true,1,47817
7290011110116,false,תרד ניו-זילנדי,,,תרד ניו-זילנדי,גרמים,200.00,גרם,false,,9.90,0.0495,true,1,47818
7290011110123,false,עירית,,,עירית,יח',1.00,יח',false,,6.90,6.9000,true,1,47819
7290011110130,false,רוקולה גדול,,,רוקולה,יח',1.00,יח',false,,9.90,9.9000,true,1,47820
7290011110154,false,קורנית (טימין),,,קורנית (טימין),יח',1.00,יח',false,,6.90,6.9000,true,1,47822
7290011110215,false,מלפפון בייבי,,,מלפפון בייבי,גרמים,350.00,100 גרם,false,,9.90,2.8286,true,1,189822
7290011110390,false,חסה אייסברג -יגור,,,חסה אייסברג -יגור,יח',1.00,יח',false,,7.90,7.9000,true,1,82791
7290011110512,false,חסה לאליק 280גרם,חקלאי,IL,חסה לאליק -יגור,יח',1.00,יח',false,,12.90,12.9000,true,1,158761
7290011115166,false,נקה 7 ארומה סבון נוזלי לבנדר 1 ל',טרופיקל דגיל תעשיות,IL,תחליב רחצה לבנדר נקה,יחידה,0.00,יחידה,false,,16.60,0.0000,true,1,30115
7290011115258,false,אל סבון מוצק מבושם בניחוח עדין קלאסיק - מארז רביעיה,"גליל כימיכלים בע""מ",IL,סבון מוצק ירוק נקה 7,גרמים,400.00,100 גרם,false,,12.90,3.2250,true,1,30119
7290011115289,false,אל סבון מוצק מבושם בניחוח עדין קלאסיק - מארז רביעיה,"גליל כימיכלים בע""מ",IL,סבון מוצק לילך נקה 7,גרמים,400.00,100 גרם,false,,12.90,3.2250,true,1,30122
7290011126209,false,הגן הקסום תה טעם תפוח וקינמון סיידר ויסוצקי 25 יח',תה ויסוצקי,IL,תה הגן הקסום תפוח וק,גרמים,55.00,100 גרם,false,,17.90,32.5455,true,1,24677
7290011126452,false,הגן הקסום תה בטעם קמומיל ונענע ויסוצקי 25 יחידות,תה ויסוצקי,IL,תה קמומיל ונענע 1.5ג,גרמים,37.50,100 גרם,false,,17.90,47.7333,true,1,24685
7290011126469,false,חליטת צמחים וקמומיל הגן הקסום ויסוצקי 25 יחידות,תה ויסוצקי,IL,תה קמומיל ודבש 1.5גר,גרמים,37.50,100 גרם,false,,17.90,47.7333,true,1,24686
7290011126957,false,תה ירוק ויסוצקי ארל גריי 25 שקיקים,ויסוצקי ירוק,IL,תה ירוק ארל גריי T.T,גרמים,37.50,100 גרם,false,,23.90,63.7333,true,1,24691
7290011131050,false,גרנולה בתוספת פקאן 1 קילו גרין,ויטליאה ניקולה דו,MK,גרנולה פקאן גרין 1 ק,קילוגרמים,1.00,"ק""ג",false,,28.60,28.6000,true,1,13804
7290011131975,false,גרנולה בתוספת פירות מיובשים ומסוכרים,ויטליאה ניקולה דו,MK,גרנולה פירות בתוספת,קילוגרמים,1.00,"ק""ג",false,,28.60,28.6000,true,1,13820
7290011132507,false,סן בנדטו- מים מנרליים - מוגז עדין 500 מל,אקווה מינרלה סאן בנדטו ב,IT,סאן בנדטו מוגז עדין,מיליליטרים,500.00,"100 מ""ל",false,,6.50,1.3000,true,1,9490
7290011132583,false,פפסי מקס 500 גרם בקבוק שישייה,"טמפו משקאות בע""\מ",IL,פפסי מקס שישייה 500,ליטרים,3.00,ליטר,false,,21.90,7.3000,true,1,137985
7290011148911,false,פלפלים מתוקים טינקרב,מרינה פטריות הגליל,IL,פלפלים מתוקים טינקרב,גרמים,300.00,100 גרם,false,,9.90,3.3000,true,1,35562
7290011194215,false,מעדן גבינה ויוגורט בטעם בננה 5% שומן 88 ג' דניאלה,"שטראוס בריאות בע""מ",IL,"דניאלה בננה 150 מ""ל",מיליליטרים,150.00,"100 מ""ל",false,,4.30,2.8667,true,1,23330
7290011194246,false,קוטג' 5% עם סידן 250 ג' שטראוס,מיוצר עי קונדיטוריית,IL,קוטג שטראוס 5% עם סי,גרמים,250.00,100 גרם,false,,6.00,2.4000,true,1,23331
7290011223038,false,בונומי עלים לקרמשניט שכבות אפויות מבצק עלים 300 גרם,בונומי ס.פ.א,IT,בונומי עלים לקרמשניט,גרמים,300.00,100 גרם,false,,16.90,5.6333,true,1,5847
7290011223229,false,"טואלט דאק ג'ל לאסלה טיפות טל רעננות 55 מ""ל","איטיליאן פוד, אס.פי.",IT,דאק ג'ל אסלה ניחוח ט,מיליליטרים,55.00,"100 מ""ל",false,,9.90,18.0000,true,1,5855
7290011223243,false,"טואלט דאק ג'ל לאסלה בניחוח לבנדר 55 מ""ל","איטיליאן פוד, אס.פי.",IT,דאק ג'ל אסלה ניחוח ל,מיליליטרים,55.00,"100 מ""ל",false,,9.90,18.0000,true,1,5856
7290011236649,false,"נטיפי שוקולד ציפס אמיתי 300 גר' 54% מוצקי קקאו (בד""ץ)",קריות זול,IL,שוקולד צ'יפס בלגי שק,גרמים,300.00,100 גרם,false,,10.90,3.6333,true,1,4651
7290011239404,false,חטיפים שונים ארוזים330ג,"בני ריאד מחרום בע""מ",IL,עמוס חטיפים שונים אר,גרמים,300.00,100 גרם,false,,15.90,5.3000,true,1,42775
7290011240318,false,"יין שאטו דה למר קברנה סוביניון יקבי ציון 750 מ""ל",יקבי ציון,IL,יין שאטו דה למר קברנ,מיליליטרים,750.00,"100 מ""ל",false,,20.90,2.7867,true,1,11968
7290011240332,false,מיץ ענבים אדום תירוש יקבי ציון 1 ליטר,יקבי ציון,IL,תירוש ענבים טבעי אדו,ליטרים,1.00,ליטר,false,,15.90,15.9000,true,1,11969
7290011240837,false,"יין שאטו דה למר מרלו יקבי ציון 750 מ""ל",יקבי ציון,IL,יין שאטו דה למר מרלו,מיליליטרים,750.00,"100 מ""ל",false,,20.90,2.7867,true,1,11982
7290011240905,false,"יין מוסקטו לבן מבעבע יקבי ציון 750 מ""ל",יקבי ציון,IL,יקבי ציון מוסקטו 201,מיליליטרים,750.00,"100 מ""ל",false,,30.90,4.1200,true,1,11985
7290011249748,false,רולים גלילי ופל במילוי קרם שוקולד 100 ג' עלמה,"גילרו בע""מ",IL,גילרו רולים שוקו 100,גרמים,100.00,100 גרם,false,,5.40,5.4000,true,1,41288
7290011249755,false,רולים גלילי ופל במילוי קרם אגוזים 100 ג' עלמה,"גילרו בע""מ",IL,רולים אגוז 100 גרם,גרמים,100.00,100 גרם,false,,5.40,5.4000,true,1,41289
7290011254001,false,זרעי פשתן מיה 450 גרם,מיה תעשיות מזון מ.ת.מ. ב,IL,זרעי פשתן 450 גרם,גרמים,450.00,100 גרם,false,,7.00,1.5556,true,1,15056
7290011254018,false,שעועית מש מיה 500 גר',מיה תעשיות מזון מ.ת.מ. ב,IL,שעועית מש 500 גרם,גרמים,500.00,100 גרם,false,,10.90,2.1800,true,1,15057
7290011254025,false,דוחן מיה 500 גרם,מיה תעשיות מזון מ.ת.מ. ב,IL,דוחן 500 גרם,גרמים,500.00,100 גרם,false,,8.90,1.7800,true,1,15058
7290011254032,false,קינואה מיה 500 גרם,מיה תעשיות מזון מ.ת.מ. ב,IL,קינואה 500 גרם,גרמים,500.00,100 גרם,false,,15.90,3.1800,true,1,15059
7290011254452,false,סוכריות ללא תוספת סוכר בטעם מנטה מיה 80 גרם,מיה תעשיות מזון מ.ת.מ. ב,IL,סוכריות ללא סוכר מנט,גרמים,80.00,100 גרם,false,,6.90,8.6250,true,1,15087
7290011254476,false,סוכריות ללא תוספת סוכר בטעם תפוז מיה 80 גרם,מיה תעשיות מזון מ.ת.מ. ב,IL,סוכריות ללא סוכר תפו,גרמים,80.00,100 גרם,false,,6.90,8.6250,true,1,15089
7290011254490,false,סוכריות ללא תוספת סוכר בטעם פירות יער מיה 80 גרם,מיה תעשיות מזון מ.ת.מ. ב,IL,סוכריות ללא סוכר טעם,גרמים,80.00,100 גרם,false,,6.90,8.6250,true,1,15091
7290011254728,false,ג'לטין טהור בקרטוני מיה 25 גרם,מיה תעשיות מזון מ.ת.מ. ב,IL,ג'לטין טהור 25 גר' ב,גרמים,25.00,100 גרם,false,,11.60,46.4000,true,1,15098
7290011254766,false,"שעועית לוביה יבשה מיה 400 גר'בד""צ",מיה תעשיות מזון מ.ת.מ. ב,IL,שעועית לוביה 400 גרם,גרמים,400.00,100 גרם,false,,11.90,2.9750,true,1,15100
7290011254780,false,"שעועית ארגנטינאית יבשה מיה 1 ק""ג",מיה תעשיות מזון מ.ת.מ. ב,IL,מיה שעועית ארגנטינאי,קילוגרמים,1.00,"ק""ג",false,,20.90,20.9000,true,1,15102
7290011254810,false,סוכריות ג'לילנד דובונים פרי קיץ 125 גרם,מיה תעשיות מזון מ.ת.מ. ב,IL,סוכריות ג'לי דובונים,גרמים,125.00,100 גרם,false,,6.90,5.5200,true,1,15104
7290011254841,false,"סוכריות ג'לילנד חמוצמוצים 125ג' מיה בד""צ",מיה תעשיות מזון מ.ת.מ. ב,IL,סוכריות ג'לי חמוץ מו,גרמים,125.00,100 גרם,false,,6.90,5.5200,true,1,15107
7290011312381,false,פטריות חורש למנגל 320 ג',"מרינה פטריות הגליל בע""מ",IL,פורטבלה על אש מרינה,גרמים,300.00,100 גרם,false,,16.90,5.6333,true,1,46563
7290011378028,false,חלבה קלאסית וניל ללא תוספת סוכר בארכה 350 גרם,"רושדי תעשיות מזון בע""\מ",IL,בארכה חלבה וניל ללא,גרמים,350.00,100 גרם,false,,17.90,5.1143,true,1,18736
7290011378233,false,"חטיפי חלווה בארכה 126 גרם מארז 7 יחידות לל""ס","רושדי תעשיות מזון בע""\מ",IL,בארכה בקטנה מאגדת ונ,גרמים,120.00,100 גרם,false,,13.90,11.5833,true,1,18737
7290011378257,false,חטיף חלבה בטעם וניל ללא תוספת סוכר בתוספת פיסטוק ופקאן,"רושדי תעשיות מזון בע""\מ",IL,בארכה חטיף חלבה פקאן,גרמים,120.00,100 גרם,false,,13.90,11.5833,true,1,18738
7290011378776,false,חטיף חלווה פיסטוק בארכה 126 גרם מארז 7 יחידות,"רושדי תעשיות מזון בע""\מ",IL,בארכה בקטנה מאגדת פי,גרמים,120.00,100 גרם,false,,13.90,11.5833,true,1,18743
7290011379018,false,פטריות טריות מיקס מרינה זוגי 250X2ג',"מרינה פטריות הגליל בע""מ",IL,פטריות צמד חמד,גרמים,500.00,100 גרם,false,,16.90,3.3800,true,1,41517
7290011438142,false,"משקה יטבתה אייס קפה בבקבוק אישי 350 מ""ל",שטראוס גרופ,IL,יטבתה אייס קפה בבקבו,מיליליטרים,350.00,"100 מ""ל",false,,6.90,1.9714,true,1,23337
7290011447267,false,מטרנה פרימיום חלבי שלב 1 700 גרם חיסכון,מטרנה תעשיות ש.מ,IL,מטרנה חלבי שלב 1 70,גרמים,700.00,100 גרם,false,,52.90,7.5571,true,1,18751
7290011447281,false,מטרנה פרימיום חלבי שלב 2 700 גרם חיסכון,מטרנה תעשיות ש.מ,IL,מטרנה חלבי שלב 2 70,גרמים,700.00,100 גרם,false,,52.90,7.5571,true,1,18752
7290011447304,false,מטרנה פרימיום חלבי שלב 3 700 גרם חיסכון,מטרנה תעשיות ש.מ,IL,מטרנה חלבי שלב 3 12*,גרמים,700.00,100 גרם,false,,52.90,7.5571,true,1,18753
7290011447373,false,תחליף חלב מטרנה מהדרין שלב 2 חלבי 700 גרם,מטרנה תעשיות ש.מ,IL,מטרנה מהדרין שלב 2,גרמים,700.00,100 גרם,false,,54.90,7.8429,true,1,18756
7290011473211,false,"עדשים אדומים אורגני 500 גרם ""תבואות""",אורז ע'י,TR,עדשים אדומות אורגני,גרמים,500.00,100 גרם,false,,13.90,2.7800,true,1,214407
7290011473617,false,טיב הטבע ציה טבעי 300 גרם תבואות,תבואות,MX,זרעי צ'ייה טיב הטבע,גרמים,300.00,100 גרם,false,,21.90,7.3000,true,1,3569
7290011473655,false,סוכר קנים אורגני 1 קילו,ארוז ע' תבואות,BR,סוכר קנים אורגני תבו,קילוגרמים,1.00,"ק""ג",false,,11.90,11.9000,true,1,3571
7290011473952,false,קוואקר מהיר הכנה טבעי 400 גר,ארוז ע' תבואות,GB,שבולת שועל דקה מהיר,גרמים,400.00,100 גרם,false,,6.90,1.7250,true,1,286693
7290011474386,false,קוואקר דק אורגני 500 גרם,תבואות,,קוואקר דק אורגני תבו,גרמים,500.00,100 גרם,false,,12.50,2.5000,true,1,3579
7290011474898,false,סוכר קוקוס אורגני 300 גרם תבואות,תבואות,IL,סוכר קוקוס אורגני תב,גרמים,300.00,100 גרם,false,,17.90,5.9667,true,1,3583
7290011499105,false,גבינה בולגרית מלוחה 5% 250 ג' גד,ג'נרל מילס סאן אדריא,IL,גד בולגרית 5% 250ג,גרמים,250.00,100 גרם,false,,24.90,9.9600,true,1,14665
7290011499129,false,גבינה בולגרית מעודנת קוביות קטנות 5% גד 200 גרם,קוד יצרן DSH,IL,גד בולגרית מעודנת קו,גרמים,200.00,100 גרם,false,,23.90,11.9500,true,1,14667
7290011499327,false,גבינה בולגרית מעודנת חלב בקר 250 גר,מיוצר על ידי DSH עבו,IL,גד בולגרית בקר מעודנ,גרמים,250.00,100 גרם,false,,24.90,9.9600,true,1,14671
7290011499365,false,גבינת חלומי 24% גד 200 גרם,"מחלבות גד בע""\מ",IL,גד חלומי 24% 200ג,גרמים,200.00,100 גרם,false,,24.90,12.4500,true,1,14675
7290011499419,false,גבינה במרקם שמנת בטעם טבעי 5% ניו יורק,גבינות מדף,IL,גבינה במרקם שמנת 5%,גרמים,200.00,100 גרם,false,,13.90,6.9500,true,1,14677
7290011499624,false,גבינת שמנת בטעם טבעי גד 30% 200 גרם,גבינות מדף,IL,גד ניו יורק גבינת שמ,גרמים,200.00,100 גרם,false,,13.90,6.9500,true,1,14680
7290011505806,false,קיסמי שיניים דנטאליים מפלסטיק 200 יחידות בחבית,W.H.J.C. Co,CN,קיסמי שיניים פלסטיק,יחידה,0.00,יחידה,false,,10.90,0.0000,true,1,964
7290011515683,false,מאגדת טילון אקסטרים וניל נסטלה 6 יחידות,תות תעשיות מזון (201,IL,אקסטרים וניל מאגדת 6,גרמים,432.00,100 גרם,false,,35.90,8.3102,true,1,16103
7290011515911,false,שלגונים מופחתי קלוריות בטעם ריבת חלב - 6 יח',גלידות נסטלה )נגה גלידות,IL,מאגדת לייט ריבת חלב,גרמים,312.00,100 גרם,false,,30.90,9.9038,true,1,16104
7290011518561,false,"אקטימל תות 1.51 ק""ג מארז 14 יחידות",מיוצר עי קונדיטוריית,IL,אקטימל תות משפחתי 14,ליטרים,1.40,ליטר,false,,32.90,23.5000,true,1,23342
7290011525712,false,"קמיל בלו אל סבון סנסיטיב לפני השינה ד""ר פישר 1 ליטר",פישר מעבדות פרמצבטיות בע,IL,קמיל בלו סנסיטיב לפנ,יחידה,0.00,יחידה,false,,33.90,0.0000,true,1,29125
7290011553456,false,קרוטונים למרק שקית,,,קרוטונים למרק שקית,גרמים,400.00,100 גרם,false,,14.90,3.7250,true,1,328859
7290011553876,false,פרורי לחם קלאסי שקית,,,פרורי לחם קלאסי שקית,גרמים,800.00,100 גרם,false,,11.90,1.4875,true,1,328767
7290011553883,false,פרורים מוזהבים שקית,,,פרורים מוזהבים שקית,גרמים,800.00,100 גרם,false,,11.90,1.4875,true,1,328784
7290011575007,false,"הפי מרסס שומר ברק למקלחון 750 מ""ל",יעקובי הפי,DE,הפי-מרסס לאמבט חדש 7,מיליליטרים,750.00,"100 מ""ל",false,,24.90,3.3200,true,1,11320
7290011587123,false,קרם קוקוס תומר 400 מ,Thai coconut co ltd,IL,קרם קוקוס תומר 400 מ,מיליליטרים,400.00,"100 מ""ל",false,,9.90,2.4750,true,1,25009
7290011587451,false,מוזלי קראנצי בתוספת פירות ואגוזים ויטליה 600 גרם,ויטליה,IL,גרנולה + פירות ואגוז,גרמים,600.00,100 גרם,false,,15.90,2.6500,true,1,25020
7290011587468,false,מוזלי קראנצי בתוספת אגוזים ויטליה 600 גרם,Vitalia nikola ltd,MK,מוזלי קראנצ + אגוז ת,גרמים,600.00,100 גרם,false,,15.90,2.6500,true,1,25021
7290011587758,false,נודלס ביצים דק 200 ג' תומר,אופאל,CN,נודלס דק תומר 200 גר,גרמים,200.00,100 גרם,false,,5.90,2.9500,true,1,25031
7290011587833,false,חצאי עגבניות מיובשות מתובלות בשמן חמניות ועשבי תיבול,Sunto gida sun ve ti,,עגבניות מיובשות בשמן,גרמים,340.00,100 גרם,false,,15.90,4.6765,true,1,25035
7290011587857,false,עגבניות מיובשות בשמן חמניות ועשבי תיבול תומר 250 ג',סנטו דידה סאן,TR,עגבניות מיובשות מתוב,גרמים,250.00,100 גרם,false,,10.90,4.3600,true,1,25037
7290011593087,false,"שמן זית כתית מעולה 750 מ""ל סבא חביב",סאן אויל עיבוד ושיוו,IL,סבא חביב שמן זית כתי,מיליליטרים,750.00,"100 מ""ל",false,,30.90,4.1200,true,1,204953
7290011593704,false,"שמן זית סורי 750 מ""ל סבא חביב",,,שמן זית סורי הסדרה ה,מיליליטרים,750.00,"100 מ""ל",false,,42.90,5.7200,true,1,312450
7290011593742,false,"שמן זית פיקואל 750 מ""ל סבא חביב",,,שמן זית פיקואל הסדרה,מיליליטרים,750.00,"100 מ""ל",false,,42.90,5.7200,true,1,315340
7290011598402,false,מקסימה מרכך כביסה ארומתרפי מאסק סנו 4 ליטר,"סנו מפעלי ברונוס בע""\מ",IL,מרכך כביסה סנו מקסימ,ליטרים,4.00,ליטר,false,,23.90,5.9750,true,1,30137
7290011607180,false,"אבקת כביסה קולון 101 1.25 ק""ג",ריקט בנקיזר ( ניר אי,IL,"קולון 101 1.25 ק""ג",קילוגרמים,1.25,"ק""ג",false,,16.90,13.5200,true,1,20879
7290011607197,false,"קולון 101 אבקת כביסה 5 ק""ג",רקיט בנקיזר,IL,"קולון 101 5 ק""ג",קילוגרמים,5.00,"ק""ג",false,,42.90,8.5800,true,1,20880
7290011615260,false,"טורטייה 20 ס""מ קוטר וילי פוד 540 גר",מוטלוקל גידה סאנאי ט,TR,"עלי טורטיה בד""ץ וילי",גרמים,540.00,100 גרם,false,,8.90,1.6481,true,1,2942
7290011615277,false,"עלי טורטיוה קמח חיטה 25ס""מ 12יח' ויליפוד 840 ג'",מוטלוקל גידה סאנאי ט,TR,"עלי טורטיה בד""ץ וילי",גרמים,840.00,100 גרם,false,,16.90,2.0119,true,1,2943
7290011622763,false,ביסקוויטמינים פלוס בטעם וניל 150 גרם,מולינו ניקולי s.p.a,IL,ביסקוויטמינים פלוס ו,גרמים,150.00,100 גרם,false,,16.50,11.0000,true,1,83406
7290011659004,false,שום כתוש קפוא צנצנת,ירוק מהגליל,,צנצנת שום כתוש קפוא,גרמים,200.00,100 גרם,false,,14.90,7.4500,true,1,144952
7290011668570,false,בריא מהטבע גרנולה פירות יבשים 450 גרם פנינה רוזנבלום,בריא מהטבע פנינה רוזנבלום,IL,חגיגת גרנולה פירות י,גרמים,500.00,100 גרם,false,,26.90,5.3800,true,1,18164
7290011723200,false,טחינה הר ברכה 100% שומשום טהור 500 גר,טחינה הר ברכה בעמ,IL,טחינה הר ברכה טחינה,גרמים,500.00,100 גרם,false,,19.90,3.9800,true,1,41298
7290011732257,false,"מיץ לימון איטלקי בפלסטיק טעמן 500 מ""ל",טעמן,IT,מיץ לימון סחוט משומר,מיליליטרים,500.00,"100 מ""ל",false,,12.90,2.5800,true,1,9667
7290011765088,false,ג'ל גילוח לעור רגיל מנטול Cool,טרופיקל דגיל תעשיות,TR,ג'ל גילוח לעור רגיל,מיליליטרים,200.00,"100 מ""ל",false,,11.90,5.9500,true,1,30140
7290011860271,false,ביסבול כדורי פירה מתפוחי אדמה תפוגן 700 גרם,"תעשיות תפוגן בע""\מ",IL,תפוגן ביס בול טבעי 7,גרמים,700.00,100 גרם,false,,17.90,2.5571,true,1,19785
7290011877088,false,"רדיד אלומיניום רוחב 30 ס""מ, 18 מיקרון - מארז זוג",בורסה פאזרי,TR,סנו סושי צמד רדידי א,מטרים,15.00,מטר,false,,17.90,1.1933,true,1,30161
7290011877842,false,שקיות ואקום לאחסון XXXL+L סנו סושי 2 יחידות,סנו סושי,,סנו סושי שקיות ואקום,יחידה,0.00,יחידה,false,,26.90,0.0000,true,1,30170
7290011877859,false,סנו אינסטלטור חדש פותח סתימות 200ג',מיוצר עי קונדיטוריית,IL,סנו אינסטלטור פותח ס,מיליליטרים,200.00,"100 מ""ל",false,,15.90,7.9500,true,1,30171
7290011877866,false,"מקסימה אבקת כביסה בניחוח מאסק סנו 6 ק""ג","סנו מפעלי ברונוס בע""\מ",IL,אבקת כביסה סנו מקסימ,קילוגרמים,6.00,"ק""ג",false,,51.90,8.6500,true,1,30172
7290011912642,false,ליסטרין שטיפת פה הגנה על השיניים והחניכי,ג'\ונסון אנד ג'\ונסון,IT,מי פה טאגד ליסטרין 5,מיליליטרים,500.00,"100 מ""ל",false,,23.90,4.7800,true,1,29483
7290011931162,false,סוכרלייט ממתיק נוזלי על בסיס סוכרלוז,אף.סי תבליני בגליל ב,IL,סוכרלייט נוזלי 220מל,מיליליטרים,220.00,"100 מ""ל",false,,30.90,14.0455,true,1,22302
7290011947309,false,זיתים מצוננים סורי מבוקע ולימון כבוש זיתא 230 ג',זיתא – י.ט.ב תעשיות,IL,זית סורי מבוקע עם לי,גרמים,215.00,100 גרם,false,,14.90,6.9302,true,1,24697
7290011947798,false,זית קלמטה ללא גלעין עם שמן זית כתית מעולה,זיתא - י.ט.ב תעשיות,IL,זית קלמטה ללא גלעין,גרמים,190.00,100 גרם,false,,16.90,8.8947,true,1,116105
7290011947903,false,מיקס זיתים יווני זיתא 215 ג',זיתא - י.ט.ב תעשיות,IL,זיתים מיקס ייווני זי,גרמים,215.00,100 גרם,false,,14.90,6.9302,true,1,175904
7290011964344,false,שום גבישי בקופ' 120 גר' טעם וריח,"תבליני טעם וריח בע""מ",IL,שום גבישי 120 גר' במ,גרמים,120.00,100 גרם,false,,10.90,9.0833,true,1,42407
7290011964658,false,מלח לימון בקופ' 170 גר' טעם וריח,"תבליני טעם וריח בע""מ",IL,תבלין מלח לימון טעם,גרמים,170.00,100 גרם,false,,11.90,7.0000,true,1,42413
7290011964689,false,על האש לא מונוסודיום 100 גרם 100 גרם מיכל גדול,"תבליני טעם וריח בע""מ",IL,תבלין על האש ללא מונ,גרמים,100.00,100 גרם,false,,9.70,9.7000,true,1,42414
7290011964702,false,שווארמה ללא מונסודיום 100 גרם מיכל גדול,"תבליני טעם וריח בע""מ",IL,תבלין לשווארמה ללא מ,גרמים,100.00,100 גרם,false,,9.70,9.7000,true,1,42416
7290012019258,false,מחית תפוחי עץ רביעיה 4 * 113 ג' תומר,אינדיאן סאמר קו אופ אינק,US,"רסק תפו""ע מחית תפוחי",גרמים,452.00,100 גרם,false,,10.90,2.4115,true,1,25052
7290012019265,false,רביעיית מחית תפוח עץ ללא תוספת סוכר תומר 113 גרם,אינדיאן סאמר קו אופ אינק,US,"מחית תפו""ע ללא סוכר",גרמים,452.00,100 גרם,false,,10.90,2.4115,true,1,25053
7290012022203,false,פריכיות קליליות חיטה,דילייט 2005,IL,קליליות חיטה מלאה די,גרמים,100.00,100 גרם,false,,13.90,13.9000,true,1,31543
7290012022227,false,קליליות חיטה בטעם טבעי,דילייט 2005,IL,קליליות בטעם טבעי די,גרמים,60.00,100 גרם,false,,13.90,23.1667,true,1,31544
7290012022272,false,פריכיות קליליות קידס,דילייט 2005,IL,פריכיות קליליות קידס,יחידה,0.00,יחידה,false,,13.90,0.0000,true,1,31545
7290012086113,false,עגבניות שרי צימן קופסא 500ג',קטיף.,IL,עגבניות שרי,גרמים,500.00,100 גרם,false,,9.90,1.9800,true,1,50929
7290012116261,false,"ג'ל לניקוי ידיים אלוורה סנו מדיק 500 מ""ל",גוד פוד פרודקטס S.p,IL,"סנו מדיק ג'ל 500 מ""ל",מיליליטרים,500.00,"100 מ""ל",false,,21.90,4.3800,true,1,55878
7290012116537,false,"מקסימה אבקת כביסה בניחוח מאסק סנו 2.5 ק""ג",טרופיקל דגיל תעשיות,IL,אבקת כביסה סנו מקסימ,קילוגרמים,2.50,"ק""ג",false,,28.90,11.5600,true,1,30186
7290012116612,false,אורביטול מברשת שיניים מארז 4 יח',ג'נרל מילס סאן אדריא,CN,מארז מברשות שיניים א,יחידה,0.00,יחידה,false,,15.20,0.0000,true,1,30189
7290012117091,false,"אבקת כביסה סנסיטיב סנו מקסימה 6 ק""ג",סנו מקסימה,IL,אבקת כביסה סנו מקסימ,קילוגרמים,6.00,"ק""ג",false,,51.90,8.6500,true,1,30201
7290012117275,false,"קליר שקית מילוי לניקוי חלונות סנו 750 מ""ל",טרופיקל דגיל תעשיות,IL,סנוקליר שקית מילוי 7,מיליליטרים,750.00,"100 מ""ל",false,,7.90,1.0533,true,1,30204
7290012117534,false,מרכך כביסה מרוכז תכלת קול סנו מקסימה 1 ליטר,"סנו מפעלי ברונוס בע""\מ",IL,סנו מקסימה מרכך קומפ,יחידה,0.00,יחידה,false,,19.90,0.0000,true,1,30214
7290012117541,false,מרכך כביסה מרוכז צהוב סנו מקסימה 1 ליטר,סנו מפעלי ברונוס בעמ,IL,סנו מקסימה מרכך קומפ,יחידה,0.00,יחידה,false,,19.90,0.0000,true,1,30215
7290012117572,false,כפפות סנו סושי לטקס M אריזת 100יח',סנו סושי,TH,M סנו סושי כפפות לטק,יחידה,0.00,יחידה,false,,44.90,0.0000,true,1,30218
7290012117589,false,כפפות לטקס L סנו סושי 100 יחידות,סנו סושי,TH,L סנו סושי כפפות לטק,יחידה,0.00,יחידה,false,,44.90,0.0000,true,1,30219
7290012117732,false,מקסימה מרכך כביסה ארומתרפי קול סנו 4 ליטר,"סנו מפעלי ברונוס בע""\מ",IL,מרכך כביסה סנו מקסימ,ליטרים,4.00,ליטר,false,,23.90,5.9750,true,1,30224
7290012117916,false,אינסטלטור נוזל לפתיחת סתימות סנו 1 ליטר,"סנו מפעלי ברונוס בע""",IL,סנו אינסטלאטור פותח,יחידה,0.00,יחידה,false,,30.90,0.0000,true,1,30231
7290012159480,false,יין לבן חצי יבש מבעבע גוטה דה מרוויה,,,קאווה גוטה דה מרוויה,מיליליטרים,700.00,"100 מ""ל",false,,30.90,4.4143,true,1,11209
7290012159497,false,יין לבן יבש מבעבע גוטה דה מרוויה Gota De Maravilla,,IL,קאווה גוטה דה מרוויה,מיליליטרים,750.00,"100 מ""ל",false,,30.90,4.1200,true,1,11210
7290012191084,false,המנגליסט גפרורים עשי,,IN,המנגליסט גפרורים עשי,יחידה,0.00,יחידה,false,,3.90,0.0000,true,1,7881
7290012191107,false,המנגליסט גפרורים XL,,,המנגליסט גפרורים XL,יחידה,0.00,יחידה,false,,6.90,0.0000,true,1,135280
7290012193125,false,מרמולייט סוכרלוז ממתיק 150 טבליות,"קיפל טבליות וממתיקים בע""מ",CN,מרמולייט סוכרלוז 150,גרמים,150.00,100 גרם,false,,24.90,16.6000,true,1,5894
7290012212154,false,מלפפון במלח קטן מוטו,מוטולה,IL,מלפפון במלח קטן בצנצ,גרמים,560.00,100 גרם,false,,13.90,2.4821,true,1,262674
7290012226021,false,נקניק סלמי מעושן פראג זוגלובק 400 גרם,נקניק נהריה כשר זוגל,IL,סלמי מעושן פראג יבש,גרמים,400.00,100 גרם,false,,24.90,6.2250,true,1,38996
7290012226120,false,"קבנוס 135 גרם ""זוגלובק""",נקניק נהריה כשר זוגל,IL,זוגלובק קבנוס 135ג.,גרמים,135.00,100 גרם,false,,13.90,10.2963,true,1,38997
7290012226922,false,קבנוס בטעם שום זוגלובק 135 גרם,נקניק נהריה כשר זוגל,IL,זוגלובק קבנוס בטעם ש,גרמים,135.00,100 גרם,false,,13.90,10.2963,true,1,39005
7290012227325,false,סלמי דק דק מעושן איטלקי 120 ג' זוגלובק,זוגלובק,IL,זוגלובק סלמי מעושן ד,גרמים,120.00,100 גרם,false,,15.90,13.2500,true,1,39019
7290012227912,false,קבנוס מעודן זוגלובק 135 גרם,זוגלובק,IL,קבנוס מעודן זוגלובק,גרמים,135.00,100 גרם,false,,13.90,10.2963,true,1,39041
7290012227974,false,פסטרמה הודו בדבש טהור דק דק דק,זוגלובק,IL,זוגלובק פסטרמה בדבש,גרמים,120.00,100 גרם,false,,15.90,13.2500,true,1,39042
7290012227981,false,פסטרמה דק דק ברביקיו 120 ג' זוגלובק,זוגלובק,IL,פסטרמה ברביקיו זוגלו,גרמים,120.00,100 גרם,false,,15.90,13.2500,true,1,39043
7290012227998,false,פסטרמה דק דק חזה בקר 120 ג' זוגלובק,זוגלובק,IL,זוגלובק חזה בקר 12,גרמים,120.00,100 גרם,false,,15.90,13.2500,true,1,39044
7290012228261,false,נקנקיות קנקרס הודו ועוף ריינהולד'ס זוגלובק 300 ג',זוגלובק,IL,נקנקיות הודו קנקרס ר,גרמים,300.00,100 גרם,false,,22.90,7.6333,true,1,39054
7290012228278,false,נקנקיות בוקוורסט עוף ובקר ריינהולד'ס 310 ג' זוגלובק,זוגלובק,IL,נקנקיות בוקוורסט הוד,גרמים,300.00,100 גרם,false,,22.90,7.6333,true,1,39055
7290012228704,false,הספרדיה – נקניקיית עוף ובקר חריפות ריינהולד'ס,זוגלובק,IL,נקניקיות סוסג' ספרדי,גרמים,310.00,100 גרם,false,,22.90,7.3871,true,1,39077
7290012260827,false,שערות קדאיף מזאווי 4,"ממתקי מזוואי בע""מ",IL,שערות קדאיף 475 גרם,גרמים,475.00,100 גרם,false,,14.90,3.1368,true,1,49333
7290012313240,false,מיקס זית ירוק וקלמטה קבוצת יבנה 560 גרם,קבוצת יבנה,IL,מיקס זית ירוק וקלמטה,גרמים,560.00,100 גרם,false,,13.90,2.4821,true,1,111338
7290012372100,false,"קמח מלא בהיר 80% רובינפלד 1 ק""ג","סופר קמח רובינפלד בע""מ",IL,קמח חיטה 80% רובינפל,קילוגרמים,1.00,"ק""ג",false,,10.90,10.9000,true,1,36804
7290012372117,false,קמח מלא 100% רובינפלד,"סופר קמח רובינפלד בע""מ",IL,קמח חיטה מלא 100% רו,קילוגרמים,1.00,"ק""ג",false,,10.90,10.9000,true,1,36805
7290012372155,false,"קמח מנופה כוסמין 80% רוביפנלד 1 ק""ג","סופר קמח רובינפלד בע""מ",IL,קמח כוסמין 80% רובינ,קילוגרמים,1.00,"ק""ג",false,,16.90,16.9000,true,1,36807
7290012372209,false,קמח חיטה לבן מנופה רובינפלד,,IL,קמח חיטה לבן מנופה ר,קילוגרמים,1.00,"ק""ג",false,,7.90,7.9000,true,1,244217
7290012372247,false,"קמח מנופה כוסמין לבן רוביפנלד 1 ק""ג","סופר קמח רובינפלד בע""מ",IL,קמח כוסמין לבן רובינ,קילוגרמים,1.00,"ק""ג",false,,16.90,16.9000,true,1,244258
7290012454578,false,סוכריות קישוט לעוגה לבן מיה 70 גרם,"מיה תעשיות מזון בע""מ",IL,מיה קישוט לעוגה בצנצ,גרמים,70.00,100 גרם,false,,5.90,8.4286,true,1,15127
7290012522581,false,שניצל תירס ללא גלוטן טבעול 664 גרם,עיצובים 2020 (4.8),IL,טבעול שניצל תירס ללא,גרמים,664.00,100 גרם,false,,30.90,4.6536,true,1,19793
7290012561313,false,בצל קצוץ ומטוגן דורות 400 גרם,עיצובים 2020 (3.8),IL,בצל מטוגן דורות 400,גרמים,400.00,100 גרם,false,,18.90,4.7250,true,1,162779
7290012576614,false,יין Premieur לבן חצי יבש אמרלד ריזלינג קולומברד,יקבי ברקן שיווק והפצה בע,IL,ברקן יין פרמייר לבן,מיליליטרים,750.00,"100 מ""ל",false,,26.90,3.5867,true,1,9526
7290012588242,false,"מים מינרלים מיי וואטר כדורגל מארז 500X6מ""ל",נרה קריטיס אס איי באריפט,GR,כדורגל מים מינרליים,ליטרים,3.00,ליטר,false,,14.90,4.9667,true,1,9527
7290012642586,false,ערמונים קלופים תומר 100 ג',Tangshan huiyuan foo,CN,ערמונים קלופים וקלוי,גרמים,100.00,100 גרם,false,,5.90,5.9000,true,1,25073
7290012642852,false,פלפל אדום על האש תומר 330 גרם,סאטקו,BG,פלפל אדום קלוי על הא,גרמים,330.00,100 גרם,false,,12.90,3.9091,true,1,25083
7290012642876,false,פלפלונים מעורב צבעוני בחומץ חריף6X,סאטקו,BG,פלפלונים מעורב כבושי,גרמים,530.00,100 גרם,false,,12.90,2.4340,true,1,25085
7290012645075,false,יוגורט כבשים יווני גביע 350 גרם חלב הארץ,חלב הארץ,IL,יוגורט כבשים בסגנון,גרמים,350.00,100 גרם,false,,11.90,3.4000,true,1,136192
7290012645112,false,יוגורט עיזים 2.8% בדלי חלב הארץ 750 גרם,מחלבות סוסיא,IL,יוגורט עיזים בדלי 75,מיליליטרים,750.00,"100 מ""ל",false,,21.90,2.9200,true,1,23350
7290012645174,false,גבינת עיזים 5% חלב הארץ 200 גרם,חלב הארץ,IL,גבינת עיזים 5% חלב ה,גרמים,200.00,100 גרם,false,,15.90,7.9500,true,1,260415
7290012645297,false,יוגורט עיזים ביו 2.8% טעם טבעי חלב הארץ 150 גרם,מחלבות סוסיא,IL,סוסיא יוגורט עיזים ב,מיליליטרים,150.00,"100 מ""ל",false,,5.90,3.9333,true,1,23356
7290012645389,false,יוגורט עיזים 3.7%בבקבוק חלב הארץ 1 ליטר,מחלבות סוסיא,IL,חלב הארץ יוגורט ביו,ליטרים,1.00,ליטר,false,,24.90,24.9000,true,1,23359
7290012697241,false,"סוכרזית מצמח הסטיוויה נוזל 220 מ""ל",אף.סי תבליני בגליל ב,IL,סוכרזית מהטבע סטיווי,מיליליטרים,220.00,"100 מ""ל",false,,30.70,13.9545,true,1,22306
7290012803055,false,סוכרלוז מרמולייט- 100שקיות אישיות,"קיפל טבליות וממתיקים בע""מ",IL,מרמולייט סוכרלוז 100,גרמים,100.00,100 גרם,false,,21.90,21.9000,true,1,5906
7290012803215,false,וופל בלגי בטעם שוקולד ללא תוספת סוכר,בטר אנד דיפרנט,IL,טוסו וופל בלגי שוקול,גרמים,200.00,100 גרם,false,,11.50,5.7500,true,1,5910
7290012803222,false,טוסו ופל בסגנון בלגי בטעם לימון ללא תוספת סוכר 200 גרם,בטר אנד דיפרנט,IL,טוסו וופל בלגי לימון,גרמים,200.00,100 גרם,false,,11.50,5.7500,true,1,5911
7290012803321,false,מרמולייט סוכרלוז 200 שקיות אישיות,מרמולייט,IL,מרמולייט סוכרלוז 200,גרמים,200.00,100 גרם,false,,46.90,23.4500,true,1,5913
7290012803352,false,רייד תרסיס קוטל יתושים/זבובים 300 מל,אס.סי.ג'ונסון מידרכט,NL,רייד תרסיס קוטל מעופ,מיליליטרים,300.00,"100 מ""ל",false,,18.90,6.3000,true,1,5914
7290012803451,false,טוסו שוקולד מריר 62% מוצקי קקאו ללא תוספת סוכר 100 גרם,אלטינמארקה,TR,טוסו שוקלד מריר 62%,גרמים,100.00,100 גרם,false,,12.90,12.9000,true,1,5915
7290012803765,false,טוסו שוקולד מריר ללא תוספת סוכר 100 גרם,אלטינמארקה גידה סאן,TR,טוסו שוקלד מריר 100ג,גרמים,100.00,100 גרם,false,,12.90,12.9000,true,1,5925
7290012803772,false,טוסו שוקולד חלב ללא תוספת סוכר 100 גרם,אלטינמארקה גידה סאן,TR,טוסו שוקלד חלב 100ג,גרמים,100.00,100 גרם,false,,12.90,12.9000,true,1,5926
7290012803789,false,טוסו שוקולד מריר עם אגוזים ללא תוספת סוכר 100 גרם,האי נאם סי או אל.טי.,TR,טוסו שוקלד מריר ואגו,גרמים,100.00,100 גרם,false,,12.90,12.9000,true,1,5927
7290012823381,false,מקסימה מרכך כביסה מרוכז סנסטיב בייבי סנו 1 ליטר,"סנו מפעלי ברונוס בע""\מ",IL,סנו מקסימה סנסטיב מר,יחידה,0.00,יחידה,false,,19.90,0.0000,true,1,30259
7290012823398,false,מטליות חד פעמיות לניקוי הרצפה בניחוח מרכך כביסה 10יח' סנו,סנו מפעלי ברונו בעמ,IL,ריצפז מטליות לחות בנ,יחידה,0.00,יחידה,false,,12.90,0.0000,true,1,30260
7290012823558,false,"מטליות לחות לרצפה 40*70 ס""מ סנו סושי 10 יחידות",סנו מפעלי ברונוס בעמ,IL,סנו סושי מטליות ענק,יחידה,0.00,יחידה,false,,12.90,0.0000,true,1,30264
7290012823565,false,פוליויקס מטליות ענק לחות לפרקט סנו 10 יחידות,דינאמיק תעשיות,IL,פוליויקס פרקט מטליות,יחידה,0.00,יחידה,false,,16.90,0.0000,true,1,30265
7290012823923,false,"מרכך כביסה מרוכז פרפיום גולדן מקסימה 750 מ""ל",סנו מפעלי ברונוס בעמ,IL,סנו מקסימה מרכך פרפי,מיליליטרים,750.00,"100 מ""ל",false,,19.90,2.6533,true,1,30281
7290012823947,false,"סנו - מרכך כביסה מרוכז פרפיום קריסטל נואר 750 מ""ל",מיוצר עי קונדיטוריית,IL,סנו מקסימה מרכך פרפי,מיליליטרים,750.00,"100 מ""ל",false,,19.90,2.6533,true,1,30283
7290012838026,false,עוגיות מלוחות עדי 35,,,עוגיות מלוחות עדי 35,גרמים,350.00,100 גרם,false,,16.90,4.8286,true,1,239086
7290012850011,false,מחית ביליבד תפוחי עץ 190ג',NOVOFRUCHT SK S.R.O,IL,בי לאב מחית תפוח עץ,גרמים,190.00,100 גרם,false,,5.90,3.1053,true,1,29498
7290012884986,false,"צ'יפס לתנור 4% שומן תפוגן 1.5 ק""ג","תעשיות תפוגן בע""\מ",IL,תפוגן ציפס לתנור עד,קילוגרמים,1.50,"ק""ג",false,,30.90,20.6000,true,1,19803
7290012901355,false,דודלס ארוחת אטריות עם גבינה 206 גרם,האי נאם סי או אל.טי.,US,דודלס ארוחת איטריות,גרמים,206.00,100 גרם,false,,11.90,5.7767,true,1,36876
7290012901973,false,"שעועית אדומה, 400 גרם גאלה",יורוקום אס.אר.אל,IT,שעועית אדומה 400 גרם,גרמים,400.00,100 גרם,false,,10.90,2.7250,true,1,154228
7290012931055,false,מגב חלון פלסטיק 24סמ,,IL,מגב חלון פלסטיק ( 24,יחידה,0.00,יחידה,false,,7.90,0.0000,true,1,13505
7290012931062,false,אטבי כביסה הדור החדש,מ.א ייצור ושיווק מטל,CN,אטבי הדור החדש 10יח,יחידה,0.00,יחידה,false,,7.90,0.0000,true,1,13506
7290012931611,false,כריות ברזל לקרצוף חזק שייני 3 יחידות,מ.א ייצור ושיווק מטל,CN,כריות ברזל שלישייה,יחידה,0.00,יחידה,false,,7.90,0.0000,true,1,13517
7290012936937,false,תבלינים בהרט בצנצנת 40 גרם,א.ל ייצור ושיווק תבל,IL,מימון בהרט 40 גרם,גרמים,50.00,100 גרם,false,,12.90,25.8000,true,1,354
7290012938405,false,"רדיד אלומיניום עבה במיוחד לבישול,אפייה והקפאה.",ריינולדס,CN,דאיימונד נייר כסף 87,מטרים,7.60,מטר,false,,19.70,2.5921,true,1,3871
7290012938924,false,אקוהפרש מי פה ללא אלכוהול 500 מל,מולינו ניקולי s.p.a,GB,מי פה אקווה פרש 500,מיליליטרים,500.00,"100 מ""ל",false,,21.90,4.3800,true,1,3877
7290012962684,false,"הוסטס שקיות צליה ג'מבו 50X35 ס""מ בקופסה 5 יח'",הוסטס Hostess,TR,שקיות צליה ג`מבו 5 י,יחידה,0.00,יחידה,false,,5.90,0.0000,true,1,978
7290012962912,false,כפפות ניטרל סייף טאץ,,,כפפות ניטריל סייף טא,יחידה,0.00,יחידה,false,,29.90,0.0000,true,1,248426
7290012962929,false,כפפות ניטרל סייף טאץ,,,כפפות ניטריל סייף טא,יחידה,0.00,יחידה,false,,29.90,0.0000,true,1,248427
7290012962936,false,כפפות ניטריל סייף טא,,,כפפות ניטריל סייף טא,יחידה,0.00,יחידה,false,,29.90,0.0000,true,1,248428
7290012962943,false,כפפות ניטריל סייף טא,,,כפפות ניטריל סייף טא,יחידה,0.00,יחידה,false,,29.90,0.0000,true,1,248667
7290012996672,false,סבון אסלה + בושם ל24 שעות ביום הפי,יוליניבר,IT,הפי סבון אסלה מבושם,מיליליטרים,80.00,"100 מ""ל",false,,12.90,16.1250,true,1,11338
7290013010001,false,עגבניות מרוסקות פרי מבורך 260 גרם,"זנלכל בע""\מ",IL,עגבניות מרוסקות פרי,גרמים,260.00,100 גרם,false,,6.50,2.5000,true,1,8706
7290013010025,false,"רוטב עגבניות לפיצה בד""ץ פרי מבורך 240 גרם","זנלכל בע""\מ",IL,רוטב לפיצה פרי מבורך,גרמים,260.00,100 גרם,false,,6.50,2.5000,true,1,8708
7290013027399,false,לחם קמח מלא קל בתוספת שיפון 750 ג' אנג'ל,מאפיית שלמה א. אנג'\ל בע,IL,לחם 100 בתוספת שיפון,גרמים,750.00,100 גרם,false,,15.90,2.1200,true,1,35476
7290013038234,false,מים אקווה נובה 2*6 ליטר,"טמפו משקאות בע""\מ",IL,אקווה נובה 6*2 ליטר,ליטרים,12.00,ליטר,false,,10.90,0.9083,true,1,9533
7290013038432,false,מים אקווה נובה בקבוק יחיד,אקווה נובה Aqua Nova,IL,אקווה נובה 2 ליטר,ליטרים,2.00,ליטר,false,,4.90,2.4500,true,1,9535
7290013083678,false,"מטרנה אקסטרה קר שלב 2 חסכון 700 גרם תמ""ל",מולינו ניקולי s.p.a,IL,מטרנה אקסטרה קר שלב,גרמים,700.00,100 גרם,false,,64.90,9.2714,true,1,18761
7290013083685,false,תחליף חלב מטרנה אקסטרה קר שלב 3 חסכון 700 גרם,מטרנה תעשיות ש.מ,IL,מטרנה אקסטרה קר שלב,גרמים,700.00,100 גרם,false,,64.90,9.2714,true,1,18762
7290013117243,false,בורקס פילו בולגרית מעדנות 600 גרם,מיוצר עי קונדיטוריית,IL,בורקס פילו בולגרית מ,גרמים,600.00,100 גרם,false,,23.90,3.9833,true,1,35634
7290013117410,false,בצק פריך מרודד למאפים מתוקים 900 ג' מעדנות,מיוצר עי קונדיטוריית,IL,מעדנות בצק פריך מרוד,גרמים,900.00,100 גרם,false,,26.90,2.9889,true,1,35636
7290013117427,false,בצק פריך מרודד למאפים מלוחים מעדנות 2*450 גרם,מיוצר עי קונדיטוריית,IL,מעדנות בצק פריך מרוד,גרמים,900.00,100 גרם,false,,26.90,2.9889,true,1,35637
7290013121028,false,לחם לבן 500 גרם ללא גלוטן גרין לייט,אביב קונדיטוריה מעול,IL,לחם לבן ללא גלוטן גר,גרמים,500.00,100 גרם,false,,20.90,4.1800,true,1,49695
7290013121103,false,רביעיית לחמניות סנדויץ ללא גלוטן 460 גרם,אביב קונדיטוריה מעול,IL,שליש בגט 4 יחידות גר,גרמים,400.00,100 גרם,false,,20.90,5.2250,true,1,49699
7290013121127,false,לחמניות מיני ללא גלוטן גרין לייט 6 יחידות,אביב קונדיטוריה מעול,IL,לחמניות מיני ללא גלו,גרמים,480.00,100 גרם,false,,20.90,4.3542,true,1,49701
7290013121158,false,לחמניות סנדוויץ ללא גלוטן גרין לייט 4 * 115 גרם,אביב קונדיטוריה מעול,IL,רביעיית לחמניות סנדב,גרמים,460.00,100 גרם,false,,20.90,4.5435,true,1,49704
7290013121165,false,לחמניות נקניקיה ללא גלוטן גרין לייט 6 * 77 גרם,אביב קונדיטוריה מעול,IL,"לחמניות נקניקיה כשל""",גרמים,460.00,100 גרם,false,,20.90,4.5435,true,1,49705
7290013144140,false,מימונס תערובת להכנת סופגניות 600 גר,מיוצר עי קונדיטוריית,IL,מימונס תערובת לסופגנ,גרמים,600.00,100 גרם,false,,17.90,2.9833,true,1,15343
7290013144157,false,תערובת להכנת סחלב 130גרם,א.ל ייצור ושיווק תבלינים,IL,מימונס סחלב 130 גרם,גרמים,130.00,100 גרם,false,,10.90,8.3846,true,1,15344
7290013144195,false,מיימונס תערובת כדורי שוקולד 500 גרם.,א.ל ייצור ושיווק תבלינים,IL,תערובת כדורי שוקולד,גרמים,500.00,100 גרם,false,,17.50,3.5000,true,1,15348
7290013144201,false,מיימונס תערובת פנקייק 400 גרם,א.ל ייצור ושיווק תבלינים,IL,תערובת פנקייק 400גר,גרמים,400.00,100 גרם,false,,17.50,4.3750,true,1,15349
7290013144232,false,מיימונס פודינג בטעם וניל 80 גרם,א.ל ייצור ושיווק תבלינים,IL,פודינג וניל מימונס 8,גרמים,80.00,100 גרם,false,,5.90,7.3750,true,1,15352
7290013144249,false,מיימונס פודינג שוקולד 95 גרם,א.ל ייצור ושיווק תבלינים,IL,פודינג שוקולד 95 גרם,גרמים,95.00,100 גרם,false,,5.90,6.2105,true,1,15353
7290013144317,false,מימונס ג'וני גלילית וופל למילוי 18 יחידות,הגביע מוצרי וופלים ב,IL,ג`וני - גלילית וופל,גרמים,400.00,100 גרם,false,,23.90,5.9750,true,1,15357
7290013144409,false,תמצית בטעם רום מימונס 50 גרם,א.ל ייצור ושיווק תבלינים,IL,תמצית בטעם רום 50גר,מיליליטרים,50.00,"100 מ""ל",false,,4.90,9.8000,true,1,15362
7290013144508,false,"תמצית בטעם ורדים מיימונס 50 מ""ל",מיוצר עי קונדיטוריית,IL,תמצית בטעם ורדים 50ג,מיליליטרים,50.00,"100 מ""ל",false,,8.90,17.8000,true,1,15365
7290013144614,false,"מיימונס סירופ מייפל אמיתי 100% מקנדה 236 מ""ל",הנסיך- מפעל לייצור ט,DK,סירופ מייפל אמיתי 10,מיליליטרים,236.00,"100 מ""ל",false,,43.80,18.5593,true,1,15370
7290013144751,false,סירופ בטעם מייפל מימונס 500 גרם,א.ל ייצור ושיווק תבלינים,IL,מימונס סירופ בטעם מי,מיליליטרים,500.00,"100 מ""ל",false,,14.90,2.9800,true,1,15371
7290013144768,false,סירופ בטעם שוקולד מימונס 500 גרם,א.ל ייצור ושיווק תבלינים,IL,מימונס סירופ בטעם שו,מיליליטרים,500.00,"100 מ""ל",false,,14.90,2.9800,true,1,15372
7290013144805,false,אבקת אייס קפה דיאט 320 גרם מימונס,מימונס אפייה,IL,אייס קפה לייט להכנה,גרמים,245.00,100 גרם,false,,20.90,8.5306,true,1,275649
7290013144911,false,מימונס מיקס שוקולד צ'יפס מריר וחלב 250 גרם,אינטרגטה תעשיות מזון 19),IL,מיקס שוקולד צ'יפס מר,גרמים,250.00,100 גרם,false,,15.90,6.3600,true,1,322418
7290013145017,false,אגוז מלך קלוף מיימונס 100 גרם,א.ל ייצור ושיווק תבלינים,IL,מימונס אגוז מלך קלוף,גרמים,100.00,100 גרם,false,,12.90,12.9000,true,1,15377
7290013145024,false,מיימונס אגוז מלך טחון 100 גרם,א.ל ייצור ושיווק תבלינים,IL,מימונס אגוז מלך טחון,גרמים,100.00,100 גרם,false,,14.90,14.9000,true,1,15378
7290013145062,false,"סירופ מייפל אמיתי 100% מימונס 187 מ""ל",מימונס אפייה,CA,סירופ מייפל אמיתי %1,מיליליטרים,187.00,"100 מ""ל",false,,30.90,16.5241,true,1,15382
7290013145093,false,"שקד מולבן גרוס 100 גרם ""מיימונס",א.ל ייצור ושיווק תבלינים,IL,מימונס שקד מולבן גרו,גרמים,100.00,100 גרם,false,,13.90,13.9000,true,1,15384
7290013145109,false,שקד מולבון טחון מימונס 100 גרם,א.ל ייצור ושיווק תבלינים,IL,מימונס שקד מולבן טחו,גרמים,100.00,100 גרם,false,,13.90,13.9000,true,1,15385
7290013145178,false,קוקוס טחון לבן מיימונס 100 גרם,א.ל ייצור ושיווק תבלינים,IL,קוקוס טחון לבן 100 ג,גרמים,100.00,100 גרם,false,,5.90,5.9000,true,1,15391
7290013145192,false,שומשום מיימונס 100 גרם,א.ל ייצור ושיווק תבלינים,IL,שומשום 100גר,גרמים,100.00,100 גרם,false,,6.90,6.9000,true,1,15392
7290013145215,false,שומשום מימונס 400 גרם,א.ל ייצור ושיווק תבלינים,IL,שומשום 400גר,גרמים,400.00,100 גרם,false,,16.90,4.2250,true,1,15393
7290013145390,false,שוקולד צ'יפס מיימונס 250 גרם,אינטרגטה תעשיות מזון 19),IL,מימונס שוקולד ציפס מ,גרמים,250.00,100 גרם,false,,9.90,3.9600,true,1,15397
7290013145437,false,שוקולד מריר מעולה ציפס מימונס 250 ג',אינטרגטה תעשיות מזון 19),IL,מימונס שוקולד ציפס 4,גרמים,250.00,100 גרם,false,,15.50,6.2000,true,1,15400
7290013145444,false,שוקולד מריר מעולה ציפס 66% מימונס 250 ג',המאפיה של הרמן,IL,מימונס שוקולד ציפס 6,גרמים,250.00,100 גרם,false,,16.90,6.7600,true,1,15401
7290013145451,false,אבקת קקאו מימונס 150 ג',מיוצר עי קונדיטוריית,IL,מימונס קקאו 150 גר,גרמים,150.00,100 גרם,false,,9.90,6.6000,true,1,15402
7290013145529,false,סוכריות צבעוניות לקישוט מיימונס 90 גרם,א.ל ייצור ושיווק תבלינים,IL,מימונס סוכריות צבעונ,גרמים,90.00,100 גרם,false,,6.90,7.6667,true,1,15404
7290013145536,false,סוכריות לקישוט בטעם שוקולד מיימונס 85 גרם,א.ל ייצור ושיווק תבלינים,IL,סוכריות בטעם שוקולד,גרמים,90.00,100 גרם,false,,6.90,7.6667,true,1,15405
7290013145574,false,מיימונס ערכה לקישוט 100 גרם,א.ל ייצור ושיווק תבלינים,IL,ערכה לקישוט 100 גרם.,גרמים,100.00,100 גרם,false,,11.90,11.9000,true,1,15407
7290013145628,false,סוכריות צבעוניות לקישוט מימונס 200 גרם,א.ל ייצור ושיווק תבלינים,IL,סוכריות צבעוניות לקי,גרמים,200.00,100 גרם,false,,9.90,4.9500,true,1,15409
7290013145710,false,מיימונס דובדבנים מסוכרים 100 גרם,א.ל ייצור ושיווק תבלינים,IL,דובדבנים מסוכרים 100,גרמים,100.00,100 גרם,false,,9.90,9.9000,true,1,15415
7290013145727,false,קליפות הדרים מסוכרים 90 גר,א.ל ייצור ושיווק תבל,IL,קליפות הדרים מסוכרים,גרמים,90.00,100 גרם,false,,9.90,11.0000,true,1,15416
7290013145826,false,פודניג בטעם וניל לבן במיוחד מימונס 80 ג',א.ל ייצור ושיווק תבלינים,IL,מימונס פודינג בטעם ו,גרמים,80.00,100 גרם,false,,5.90,7.3750,true,1,15421
7290013145833,false,פודינג שוקולד אמיתי מימונס 80 גרם,א.ל ייצור ושיווק תבלינים,IL,מימונס פודינג שוקולד,גרמים,95.00,100 גרם,false,,5.90,6.2105,true,1,15422
7290013145840,false,סוכר וניל מיימונס 10 יחידות,א.ל ייצור ושיווק תבלינים,IL,מימונס סוכר וניל 10*,גרמים,100.00,100 גרם,false,,3.50,3.5000,true,1,15423
7290013145857,false,אבקת אפיה מיימונס 10 יחידות,מימונס אפייה,IL,אבקת אפיה 10* 10 גרם,גרמים,100.00,100 גרם,false,,3.50,3.5000,true,1,15424
7290013145871,false,שמרים יבשים סטיק מימונס 5*11 ג',מימונס אפייה,IL,מימונס שמרים יבשים 5,גרמים,55.00,100 גרם,false,,10.90,19.8182,true,1,15426
7290013145901,false,סודה לשתיה מיימונס 100 גרם,א.ל ייצור ושיווק תבלינים,IL,סודה לשתיה 100 גרם,גרמים,100.00,100 גרם,false,,2.90,2.9000,true,1,15427
7290013145918,false,אבקת סוכר מיימונס 100 גרם,א.ל ייצור ושיווק תבלינים,IL,אבקת סוכר 100 גרם,גרמים,100.00,100 גרם,false,,2.90,2.9000,true,1,15428
7290013145956,false,שמרים יבשים בוואקום מיימונס 500 גרם,הנסיך- מפעל לייצור ט,CN,מימונס שמרים יבשים ב,גרמים,500.00,100 גרם,false,,14.90,2.9800,true,1,15431
7290013145963,false,שמרים יבשים בוואקום מיימונס 125 גרם,מימונס אפייה,CN,מימונס שמרים יבשים ב,גרמים,125.00,100 גרם,false,,5.90,4.7200,true,1,15432
7290013145970,false,קורנפלור מימונס בשקית 200 ג',א.ל ייצור ושיווק תבלינים,IL,מימונס קורנפלור 200,גרמים,200.00,100 גרם,false,,4.90,2.4500,true,1,15433
7290013146243,false,פודינג בטעם וניל מיממונס 320 גרם,,IL,פודינג בטעם וניל 320,גרמים,320.00,100 גרם,false,,18.90,5.9062,true,1,292720
7290013146304,false,קורנפלור מימונס 500 גרם,א.ל ייצור ושיווק תבלינים,IL,מימונס קורנפלור 500,גרמים,500.00,100 גרם,false,,7.90,1.5800,true,1,15445
7290013146489,false,קונוסים מבצק עלים מימונס 120 ג',מימונס אפייה,IT,קונוסים מבצק עלים 12,גרמים,120.00,100 גרם,false,,15.90,13.2500,true,1,143663
7290013146656,false,כוכבים תכלת ירוק לבן לקישוט 60 גרם,"מימונס אפיה בע""מ",IL,כוכבים צבעוניים לקיש,יחידה,0.00,יחידה,false,,12.90,0.0000,true,1,65300
7290013146670,false,סוכריות לב סגול ורוד לבן לקישוט 60 גרם,"מימונס אפיה בע""מ",IL,סוכריות לב צבעוניות,יחידה,0.00,יחידה,false,,12.90,0.0000,true,1,65405
7290013146762,false,"קצפת לזילוף 24% שומן מימונס 200 מ""ל",מוצרי קפוא זן,BG,קצפת לזילוף 24% שומן,גרמים,500.00,100 גרם,false,,7.90,1.5800,true,1,181640
7290013146854,false,קוקוס לבן טחון מימונס 400 ג',א.ל ייצור ושיווק תבלינים,IL,מיימונס קוקוס לבן טח,גרמים,400.00,100 גרם,false,,15.90,3.9750,true,1,15449
7290013153395,false,פריגת סחוט טרי רימונים 1ליטר,פריגת מצוננים,IL,פריגת סחוט רימונים 1,ליטרים,1.00,ליטר,false,,22.90,22.9000,true,1,6420
7290013153593,false,תפוזים מתקתק 100% פריגת 1 ליטר,"גת גבעת חיים,",IL,פריגת סחוט תפוזים מת,ליטרים,1.00,ליטר,false,,11.90,11.9000,true,1,6430
7290013156006,false,עוגיות כעכים לקפה מרוקאיות 200גר,אלף נשיקות,IL,עוגיות מרוקאיות גיק,גרמים,350.00,100 גרם,false,,18.90,5.4000,true,1,222642
7290013156822,false,עוגיות רייף גיקובס 3,אלף נשיקות,IL,עוגיות רייף גיקובס 3,גרמים,350.00,100 גרם,false,,18.90,5.4000,true,1,222643
7290013156846,false,עוגיות מלוחות גיקובס,אלף נשיקות,IL,עוגיות מלוחות גיקובס,גרמים,350.00,100 גרם,false,,18.90,5.4000,true,1,222644
7290013156914,false,עוגיות כעך טוניסאי 350גר,אלף נשיקות,IL,עוגיות כעך טוניסאי ג,גרמים,350.00,100 גרם,false,,18.90,5.4000,true,1,222645
7290013156921,false,"אצבעות מתוקות ללת""ס350ג",אלף נשיקות,IL,"עוגיות מרוקאיות לל""",גרמים,350.00,100 גרם,false,,18.90,5.4000,true,1,222646
7290013203182,false,שרי מנומר -ליקופן,,,שרי מנומר -ליקופן,גרמים,200.00,100 גרם,false,,9.90,4.9500,true,1,50930
7290013268020,false,מקסימה מרכך כביסה מרוכז בניחוח אולטרא פרש סנו 1 ליטר,"סנו מפעלי ברונוס בע""\מ",IL,סנו מקסימה אולטרא פר,יחידה,0.00,יחידה,false,,19.90,0.0000,true,1,30285
7290013268037,false,מקסימה מרכך כביסה מרוכז בניחוח לבנדר פצ'ולי סנו 1 ליטר,"סנו מפעלי ברונוס בע""\מ",IL,סנו מקסימה פצ'ולי מר,יחידה,0.00,יחידה,false,,19.90,0.0000,true,1,30286
7290013268242,false,תרכיז ריחני לניקוי רצפות בריח מלון מפנק ריצפז פרש,"סנו מפעלו ברונוס בע""\מ",IL,ריצפז פרש הום בניחוח,ליטרים,2.00,ליטר,false,,22.90,11.4500,true,1,30293
7290013268372,false,פוליויקס נוזל לניקוי פרקט סנו 2 ליטר,סנו פוליויקס,IL,סנו פוליויקס פרקט עם,ליטרים,2.00,ליטר,false,,22.90,11.4500,true,1,66078
7290013268891,false,אוקסיג'ן ג'ל ללא אקונומיקה עם חמצן פעיל סנו 3 ליטר,"סנו מפעלי ברונוס בע""\מ",IL,סנו אוקסיג'ן 3 ליטר,ליטרים,3.00,ליטר,false,,31.90,10.6333,true,1,30321
7290013268907,false,ג'ל כביסה ביו בטמפרטורות נמוכות,"סנו מפעלי ברונוס בע""\מ",IL,מקסימה ג'ל כביסה ביו,ליטרים,3.00,ליטר,false,,35.90,11.9667,true,1,30322
7290013268990,false,מרכך כביסה מרוכז לבן ביו סנו מקסימה 1 ליטר,"סנו מפעלי ברונוס בע""\מ",IL,סנו מקסימה מרכך מרוכ,יחידה,0.00,יחידה,false,,19.90,0.0000,true,1,30325
7290013269003,false,מרכך כביסה סופר מרוכז בייבי לתינוקות ולעור רגיש,"סנו מפעלי ברונוס בע""\מ",IL,סנו מקסימה קר בייבי,ליטרים,1.00,ליטר,false,,20.90,20.9000,true,1,30326
7290013269263,false,ג'ל כביסה מרוכז מקסימה בבישום קריסטל נואר,סנו מפעלי ברונוס בעמ,IL,מקסימה גל כביסה קריס,ליטרים,3.00,ליטר,false,,35.90,11.9667,true,1,30332
7290013269287,false,סנו - מקסימה ג'ל כביסה מרוכז מאסק 3 ליטר,"סנו מפעלי ברונוס בע""\מ",IL,מקסימה מאסק גל כביסה,ליטרים,3.00,ליטר,false,,35.90,11.9667,true,1,30333
7290013269300,false,ניילון נצמד פלוס סנו סושי 150 מטר,"מיוצר בהונג קונג, סי",IL,סנו סושי פלסטיק נצמד,מטרים,150.00,מטר,false,,24.90,0.1660,true,1,30334
7290013269348,false,K3 תחנת פיתיון קוטל תיקנים (ג'וקים) בבית ובחצר,טרופיקל דגיל תעשיות,IL,סנו K3 תחנות פיתיון,יחידה,0.00,יחידה,false,,52.90,0.0000,true,1,30335
7290013269621,false,ריצפז פרש לניקוי רצפות בניחוח מלון בוטיק,מיוצר עי קונדיטוריית,IL,ריצפז פרש הום בניחוח,ליטרים,2.00,ליטר,false,,22.90,11.4500,true,1,30340
7290013269652,false,פוליויקס נוזל לניקוי רצפות גרניט פורצלן סנו 2 ליטר,סנו פוליויקס,IL,פוליויקס גרניט פורצל,ליטרים,2.00,ליטר,false,,22.90,11.4500,true,1,30343
7290013269669,false,ריצפז בניחוח פנטזיה לניקוי הרצפה,"סנו מפעלי ברונוס בע""",IL,ריצפז פנטזיה 3ל,ליטרים,3.00,ליטר,false,,13.90,4.6333,true,1,30344
7290013269751,false,מטליות לחותריצפז פרש לניקוי ריצפה בניחות מלון בוטיק 10 יח' סנו,טרופיקל דגיל תעשיות,IL,ריצפז מטליות לחות לנ,יחידה,0.00,יחידה,false,,12.90,0.0000,true,1,30347
7290013269850,false,נייר אפיה אקולוגי סנו סושי 50 יחידות,מולינו ניקולי s.p.a,IL,סנו סושי נייר אפיה א,יחידה,0.00,יחידה,false,,17.90,0.0000,true,1,30351
7290013269867,false,סנו סושי זוג מפות אירוח צבעים שונים,מיוצר עי קונדיטוריית,IL,סנו סושי זוג מפות אי,יחידה,0.00,יחידה,false,,9.90,0.0000,true,1,30352
7290013269911,false,"סנו K-333 קוטל חרקים ללא ריח 750מ""ל","סנו מפעלי ברונוס בע""",IL,333 - k,מיליליטרים,750.00,"100 מ""ל",false,,32.90,4.3867,true,1,30354
7290013276124,false,"בקבוק בירה נגב אמבר אייל 330 מ""ל",הכרם משקאות חריפים בעמ,IL,בירה נגב אמבר אייל ח,מיליליטרים,330.00,"100 מ""ל",false,,14.90,4.5152,true,1,7349
7290013284662,false,רוטב פיצה פיתה לילדים 240 ג' פריניר,פריניר ( הדס 1987) ב,IL,רוטב פיצה פיתה פריני,גרמים,240.00,100 גרם,false,,5.90,2.4583,true,1,41312
7290013358356,false,פירורי לחם מוזהבים מאסטר שף 320 גרם,מנה י.א בעמ,IL,מאסטר שף פירורי לחם,גרמים,350.00,100 גרם,false,,9.90,2.8286,true,1,21491
7290013358363,false,מאסטר שף פרורי לחם פנקו עבים בסגנון יפני 300 גר,קריניציה ויטמינה אס,IL,מאסטר שף פירורי לחם,גרמים,300.00,100 גרם,false,,10.50,3.5000,true,1,21492
7290013358417,false,מאסטר שף אסייאתי רוטב טריאקי 300 מל כשלפ,קריניציה ויטמינה אס,TH,מאסטר שף אסייאתי רוט,מיליליטרים,300.00,"100 מ""ל",false,,14.90,4.9667,true,1,21496
7290013358448,false,"קרוטונים לסלט אקסטרה ארוכים בתיבול שום, בצל ופטרוזיליה",עינת תעשיות מזון אגו,IL,מנה קרוטונים לסלט 4,גרמים,200.00,100 גרם,false,,13.90,6.9500,true,1,21499
7290013358486,false,מאסטר שף פירורים מוזהבים ללא צורך בביצה 300 ג,"מיוצר ע""י מנה י.א בע",IL,מאסטר שף פירורים מו,גרמים,300.00,100 גרם,false,,9.90,3.3000,true,1,21501
7290013358493,false,מנה אסייאתי קרם קוקוס פחית 400 מל מ.שף,תאי קוקונט פבליק קומפני,TH,מאסטר שף אסייאתי קרם,מיליליטרים,400.00,"100 מ""ל",false,,9.90,2.4750,true,1,21502
7290013358530,false,מאסטר שף אסייאתי רוטב צ'ילי מתוק 700 מל כשלפ,קריניציה ויטמינה אס,TH,מאסטר שף רוטב צ'ילי,מיליליטרים,700.00,"100 מ""ל",false,,14.90,2.1286,true,1,21506
7290013358547,false,מאסטר שף אסייאתי רוטב צ'ילי חריף 700 מל כשלפ,קי.אר.אס. ספייסי פוד,TH,מאסטר שף רוטב צ'ילי,מיליליטרים,700.00,"100 מ""ל",false,,14.90,2.1286,true,1,21507
7290013358578,false,מנה אסייאתי אטריות אורז רחבות 400 ג מ.שף,ליינג טונג רייספלוור,TH,אטריות אורז רחבות 5,גרמים,400.00,100 גרם,false,,10.90,2.7250,true,1,21508
7290013381699,false,קקאו טופ מותגים 500 גרם,נאמן לאורך זמן,,טופ מותגים קקאו 500,גרמים,500.00,100 גרם,false,,21.90,4.3800,true,1,15955
7290013389077,false,"עלי טורטיה מקמח חיטה 25ס""מ 8יח' תומר 420 ג'",Azteca foods europe,IL,6 טורטיות חיטה תומר,גרמים,425.00,100 גרם,false,,8.90,2.0941,true,1,25089
7290013389381,false,"1 קֿֿֿֿ""ג 10X( פולנטה) קמח תירס",מולינו פילה,IT,"קמח תירס תומר 1 ק""ג",קילוגרמים,1.00,"ק""ג",false,,10.90,10.9000,true,1,25102
7290013412966,false,רבעיית מגבונים תולי 72*4 יחידות,DPL,IL,תולי מגבונים לחים 4*,יחידה,0.00,יחידה,false,,11.90,0.0000,true,1,29515
7290013424914,false,אפרסק פלחים קפוא פיל,בינזו לונגשינטיאנרן,PL,אפרסק פלחים קפוא 500,גרמים,500.00,100 גרם,false,,13.90,2.7800,true,1,135826
7290013472199,false,ערמונים קלופים וקלויים 105 גרם,בייג'גג פוינונג,CN,וילי פוד ערמונים 100,גרמים,100.00,100 גרם,false,,6.90,6.9000,true,1,2959
7290013531117,false,רוטב פסטה לילדים 240 גרם יכין,"זנלכל בע""\מ",IL,רוטב לפסטה לילדים יכ,גרמים,260.00,100 גרם,false,,6.50,2.5000,true,1,8721
7290013531346,false,סירופ דיאט בטעם לימונענע יכין 1 ליטר,"זנלכל בע""\מ",IL,סירופ דיאט לימונענע,ליטרים,1.00,ליטר,false,,17.90,17.9000,true,1,8723
7290013531582,false,מארז זיתים ירוקים מגולענים יכין 200 גרם,פרופר,IL,זיתים חרוזית מגולעני,גרמים,600.00,100 גרם,false,,11.90,1.9833,true,1,8731
7290013531759,false,שעועית אפויה במים יכין 330 גרם,"זנלכל בע""\מ",IL,שעועית אפויה במים יכ,גרמים,550.00,100 גרם,false,,10.90,1.9818,true,1,8740
7290013534057,false,"צ'יפס בטטה טבעי מיה 100ג' 'כשל""פ",מיה תעשיות מזון מ.ת.מ. ב,IL,מיה ציפס בטטה טבעי 1,גרמים,100.00,100 גרם,false,,9.90,9.9000,true,1,15133
7290013581648,false,אל מטאדור מינוט סטייק 250 גרם בלדי,בלדי,IL,מינוט סטייק אל מטאד,גרמים,250.00,100 גרם,false,,27.90,11.1600,true,1,100530
7290013585233,false,"ספרייט ZERO פחית סליק 330 מ""ל",החברה המרכזית לייצור משקאות,IL,פחית סליק 330 מל ZER,מיליליטרים,330.00,"100 מ""ל",false,,5.50,1.6667,true,1,7076
7290013585387,false,קוקה קולה זירו בקבוק,החברה המרכזית לייצור משקאות,IL,קולה זירו 1 ליטר,ליטרים,1.00,ליטר,false,,7.90,7.9000,true,1,7088
7290013585394,false,קוקה קולה 1ליטר בודד,החברה המרכזית לייצור משקאות,IL,קוקה קולה 1 ליטר,ליטרים,1.00,ליטר,false,,7.90,7.9000,true,1,7089
7290013608260,false,מיץ רימונים 100%מיץ סחוט טרי מצונן 1ליט,"גניר (1992) בע""מ",IL,פרימור מיץ רימונים ס,יחידה,0.00,יחידה,false,,22.90,0.0000,true,1,23364
7290013645364,false,עוגיות מזרחיות ללא ג,"מוצרי הכט בע""מ",IL,עוגיות מזרחיות ללא ג,גרמים,200.00,100 גרם,false,,19.90,9.9500,true,1,40040
7290013675545,false,"שניצל כלי תחבורה ""מאמא עוף"" 700 גרם",תנובה גליל שותפות מוגבלת,IL,שניצל כלי תחבורה 700,גרמים,700.00,100 גרם,false,,37.90,5.4143,true,1,25590
7290013675835,false,ירוק גלילי עם חזה להקפצה סנפרוסט 450 ג',"סנפרוסט בע""\מ",IL,ירוק גלילי להקפצה מא,גרמים,450.00,100 גרם,false,,21.90,4.8667,true,1,25602
7290013677082,false,שעועית אדומה בוואקום מיה 500 גר',מיה תעשיות מזון מ.ת.מ. ב,IL,שעועית אדומה בואקום,גרמים,500.00,100 גרם,false,,11.90,2.3800,true,1,15142
7290013677648,false,שמן זית למאור מיה 1 ליטר,מיה תעשיות מזון בעמ,ES,שמן זית למאור 1 ל' ב,ליטרים,1.00,ליטר,false,,21.90,21.9000,true,1,15176
7290013677679,false,סודה לשתיה בשקית מיה 80 גרם,מיה תעשיות מזון מ.ת.מ. ב,IL,סודה לשתיה בשקית 80,גרמים,80.00,100 גרם,false,,4.90,6.1250,true,1,15179
7290013702036,false,"שוופס ווטר 500 מ""ל- אפרסק",יפאורה שותפות מובגלת לשיווק,IL,שוופס אפרסק ווטר 0.5,מיליליטרים,500.00,"100 מ""ל",false,,5.90,1.1800,true,1,11629
7290013702388,false,"שוופס מים ט.תפוח 500 מ""ל",יפאורה שותפות מובגלת לשיווק,IL,שוופס תפוח ווטר 0.5,מיליליטרים,500.00,"100 מ""ל",false,,5.90,1.1800,true,1,11636
7290013702883,false,"שוופס מוגז פינק למונייד 500 מ""ל",יפאורה שותפות מובגלת לשיווק,IL,משקה פינק למונייד שו,מיליליטרים,500.00,"100 מ""ל",false,,5.90,1.1800,true,1,11653
7290013713094,false,"בירה ג'יימס בלייזר בראון 330 מ""ל",יקבי כרמל,IL,בירה ג'מס אייל IPA י,מיליליטרים,330.00,"100 מ""ל",false,,13.20,4.0000,true,1,250599
7290013724991,false,אגוזי לוז בציפוי שוקולד בקופסא שקדיה 140 גרם,"דין שיווק וקלייה בע""",IL,אגוזי לוז בציפוי שוק,גרמים,140.00,100 גרם,false,,11.90,8.5000,true,1,4677
7290013793102,false,ערכת נוזלי עטרת מלכו,,,ערכת נוזלי עטרת מלכו,יחידה,0.00,יחידה,false,,70.90,0.0000,true,1,18017
7290013793126,false,ערכת מוצק אור והדר,,,ערכת מוצק אור והדר,יחידה,0.00,יחידה,false,,60.90,0.0000,true,1,18019
7290013847867,false,מארז זוג טונה בשמן סויה 140 ג' סטארקיסט,טונה ויטנאם קו. אל.ט,IL,נתחי טונה בהירה בשמן,גרמים,140.00,100 גרם,false,,12.90,9.2143,true,1,326475
7290013848345,false,מארז מטליות לחיטוי וניקוי יסודי אנטיבקטריאלי 99.9%,סנו מפעלי ברונוס בעמ,IL,מטליות לחות לחיטוי י,יחידה,0.00,יחידה,false,,24.90,0.0000,true,1,30362
7290013848383,false,קרמה מן גל רחצה אקטיב בלוק 700 מל לגבר,טרופיקל דגיל תעשיות,IL,ג'ל רחצה אנטי בלוק ק,מיליליטרים,700.00,"100 מ""ל",false,,19.90,2.8429,true,1,30363
7290013848758,false,מקסימה גל כביסה מרוכז בייבי 3ליטר סנסטיב,"סנו מפעלי ברונוס בע""\מ",IL,סנו מקסימה ג'ל כביסה,ליטרים,3.00,ליטר,false,,38.90,12.9667,true,1,30382
7290013883407,false,"דזיטול מרסס לחיטוי כללי יעקבי 750 מ""ל",יעקבי - דזיטול Desytol,ES,דזיטול מחטא ומשמיד ח,מיליליטרים,700.00,"100 מ""ל",false,,20.90,2.9857,true,1,11349
7290013906212,false,"נקנקיות וינר טירת 1 ק""ג טירת צבי",הנסיך- מפעל לייצור ט,IL,טירת צבי נקניקיות וי,קילוגרמים,1.00,"ק""ג",false,,30.90,30.9000,true,1,25378
7290013906441,false,קבנוס טירת צבי 120 גרם,הנסיך- מפעל לייצור ט,IL,טירת צבי קבנוס 120 ג,גרמים,120.00,100 גרם,false,,10.90,9.0833,true,1,25389
7290013906458,false,קבנוס בטעם פיקנטי טירת צבי 120 גרם,הנסיך- מפעל לייצור ט,IL,טירת צבי קבנוס פיקנט,גרמים,120.00,100 גרם,false,,9.90,8.2500,true,1,25390
7290013906489,false,חטיפי מיני קבנוס טירת צבי 120 גרם,הנסיך- מפעל לייצור ט,IL,טירת צבי חטיפי מיני,גרמים,120.00,100 גרם,false,,9.90,8.2500,true,1,25391
7290013906519,false,פרושוטו בקר טירת צבי 100 גרם,הנסיך- מפעל לייצור ט,IL,טירת צבי פרשוטו בקר,גרמים,100.00,100 גרם,false,,32.40,32.4000,true,1,25393
7290013906687,false,פסט' צמד כפרית ברביקיו ודבש 300X2ג' טירת צבי,הנסיך- מפעל לייצור ט,IL,טירת צבי צמד כפרית ב,גרמים,600.00,100 גרם,false,,28.90,4.8167,true,1,25395
7290013906694,false,נקניקיות שקית קילו וחצי טירת צבי,הנסיך- מפעל לייצור ט,IL,"נקניקיות עוף 1.5 ק""ג",קילוגרמים,1.50,"100 ק""ג",false,,35.90,2393.3333,true,1,225789
7290013906700,false,"נקניקיות הודו טירת צבי כשרות הרב מחפוד 1.5 ק""ג",טיב טירת צבי 2000,IL,"נקניקיות הודו 1.5 ק""",קילוגרמים,1.50,"100 ק""ג",false,,36.90,2460.0000,true,1,225775
7290014002197,false,חליטת קמומיל ולימונית הגן הקסום ויסוצקי 25 יחידות,תה ויסוצקי,IL,תה חליטת קמומיל ולימ,גרמים,37.50,100 גרם,false,,17.90,47.7333,true,1,24735
7290014002203,false,חליטת לימונית ולואיזה הגן הקסום ויסוצקי 25 יחידות,תה ויסוצקי,IL,תה חליטת לימונית ולו,גרמים,37.50,100 גרם,false,,17.90,47.7333,true,1,24736
7290014002944,false,גן קסום חליטת פירות וצמחים חמדת שקד 25 שקיקים,תה ויסוצקי,IL,תה גן קסום חליטת חמא,גרמים,62.50,100 גרם,false,,17.90,28.6400,true,1,24748
7290014027213,false,"ערק ג'בלנא 40% אלכוהול 700 מ""ל",משקאות ג'בלנא,IL,ערק ג'בלנא מיוצר מכו,מיליליטרים,700.00,"100 מ""ל",false,,54.90,7.8429,true,1,164489
7290014046474,false,"נקניקיות עוף יחיעם 1.5 ק""ג",מעדני יחיעם,IL,יחיעם נקניקיות עוף 1,קילוגרמים,1.50,"ק""ג",false,,33.60,22.4000,true,1,15584
7290014046580,false,"פסטרמה מעודנת על האש 300 גרם ""יחיעם""",מעדני יחיעם 1993,IL,יחיעם פסטרמה מעודנת,גרמים,300.00,100 גרם,false,,25.90,8.6333,true,1,15591
7290014046757,false,סלמי תה מעדני יחיעם,מעדני יחיעם,IL,סלמי תה `שרולה` 300,גרמים,300.00,100 גרם,false,,24.90,8.3000,true,1,15596
7290014066359,false,לנדוור-קפסולות אספרסו בלנסד(06) - 10יח'12X יח,"קפה לנדוור בע""\מ",IL,לנדוור קפה אספרסו בל,יחידה,0.00,יחידה,false,,17.90,0.0000,true,1,44
7290014066526,false,לנדוור-קפסולות אספרסו תערובת הבית(11) - 10יח'12X יח,קפה לנדוור,IL,לנדוור קפסולות אספרס,יחידה,0.00,יחידה,false,,17.90,0.0000,true,1,63691
7290014079076,false,נבטי אלפלפא מרינה,"מרינה פטריות הגליל בע""מ",IL,נבטי אלפלפא,יח',1.00,יח',false,,6.90,6.9000,true,1,41519
7290014079250,false,באק צ`וי נספק,,,באק צ`וי נספק,יח',1.00,יח',false,,12.90,12.9000,true,1,47696
7290014087064,false,גביע אחסון 1 ל,,,גביע אחסון 1 ל,יחידה,0.00,יחידה,false,,6.90,0.0000,true,1,48691
7290014094260,false,שיני שום קלוף קמעונאי,יאנונינגלנאגג פרודיס לטד,CN,שום קלוף 200 גרם,גרמים,200.00,100 גרם,false,,10.90,5.4500,true,1,41528
7290014094338,false,דלעת מקולפת 250 גרם בקופסא,"דין שיווק וקלייה בע""",,גרעיני דלעת קלופים 2,גרמים,250.00,100 גרם,false,,14.90,5.9600,true,1,4696
7290014094345,false,גרעיני חמניה קלופים ששון הקולה בקופסא 300 גרם,"דין שיווק וקלייה בע""",US,ששון הקולה גרעיני חמ,גרמים,300.00,100 גרם,false,,9.90,3.3000,true,1,4697
7290014094369,false,שקד טבעי 200 גר קופסא ששון הקולה,"דין שיווק וקלייה בע""",IL,ששון הקולה שקד טבעי,גרמים,200.00,100 גרם,false,,21.90,10.9500,true,1,4699
7290014094383,false,משמש מיובש ששון הקול,"דין שיווק וקלייה בע""",,שקדיה משמש מיובש 330,גרמים,330.00,100 גרם,false,,23.90,7.2424,true,1,4701
7290014094406,false,צימוק לבן בקופסא ששון הקולה 330 גרם,"דין שיווק וקלייה בע""",,צימוק בהיר בקופסא 2,גרמים,250.00,100 גרם,false,,16.90,6.7600,true,1,4703
7290014094505,false,אורז בסמתי טהור אהרוני 1 ק''ג,האי נאם סי או אל.טי.,IL,אהרוני אורז בסמטי 1,קילוגרמים,1.00,"ק""ג",false,,11.80,11.8000,true,1,4711
7290014094611,false,שקד מולבן פרוס בקופס,"דין שיווק וקלייה בע""",IL,שקד מולבן פרוס 200גר,גרמים,200.00,100 גרם,false,,19.90,9.9500,true,1,4719
7290014094864,false,פיסטוק קלוי 170 גר עם קליפה ששון הקולה,"דין שיווק וקלייה בע""",IL,פיסטוק קלוי 170 גרם,גרמים,170.00,100 גרם,false,,16.90,9.9412,true,1,4730
7290014095861,false,שיבולת שועל דקה בשקית שקדיה 500 גרם,"דין שיווק וקלייה בע""",IL,שיבולת שועל דקה קווא,גרמים,500.00,100 גרם,false,,6.90,1.3800,true,1,4737
7290014095946,false,משוקלדים פקאן בשוקולד מריר 140 גרם,"שקדיה גבע תעשיות בע""",IL,פקאן בציפוי שוקולד מ,גרמים,140.00,100 גרם,false,,11.90,8.5000,true,1,4738
7290014095960,false,שיבולת שועל עבה בשקית שקדיה 500 גרם,"דין שיווק וקלייה בע""",IL,שיבולת שועל עבה קווא,גרמים,500.00,100 גרם,false,,6.90,1.3800,true,1,4740
7290014204560,false,"פנינהרוזנבלום- סבון נוזלי לידיים שלישיה,3*500 מ""ל",פ.רוזנבלום כללי,IL,סבון נוזלי פנינה רוז,ליטרים,1.50,ליטר,false,,14.90,9.9333,true,1,18179
7290014217065,false,אורגנו עלים בקופ' 30 גר' טעם וריח,"תבליני טעם וריח בע""מ",IL,טעם וריח אורגנו מיכל,גרמים,30.00,100 גרם,false,,10.10,33.6667,true,1,42423
7290014217157,false,תיבול טוסקנה בקופ' 120 גר' טעם וריח,"תבליני טעם וריח בע""מ",IL,תבלין תערובת תיבול ט,גרמים,120.00,100 גרם,false,,11.80,9.8333,true,1,42427
7290014217225,false,גריל עוף בקופ' 120 גר' טעם וריח,"תבליני טעם וריח בע""מ",IL,טעם וריח גריל עוף מי,גרמים,120.00,100 גרם,false,,10.80,9.0000,true,1,42430
7290014217348,false,"מיכל צ'ילי כתוש 70 גר' ""טעם וריח""","תבליני טעם וריח בע""מ",IL,תבליני טעם וריח צילי,גרמים,70.00,100 גרם,false,,10.80,15.4286,true,1,42434
7290014217522,false,תערובת ללחם שום טעם וריח 100 ג',"תבליני טעם וריח בע""מ",IL,תבלין תערובת לחם שום,גרמים,100.00,100 גרם,false,,11.90,11.9000,true,1,42440
7290014218536,false,בצק עלים מרודד מופחת שומן מעדנות 1 קג,תנובה מעדנות,IL,בצק עלים מופחת שומן,קילוגרמים,1.00,"ק""ג",false,,23.90,23.9000,true,1,35664
7290014218932,false,חטיפי פיצה בתוספ זיתים בשקית מעדנות 710 גרם,מיוצר עי קונדיטוריית,IL,חטיפי פיצה בתוספת זי,גרמים,710.00,100 גרם,false,,37.90,5.3380,true,1,35690
7290014256620,false,"יין מבעבע קריניאנו באזז יקבי כרמל 750 מ""ל",יקבי כרמל Carmel Winery,IL,יין באזז קריניאנו 75,מיליליטרים,750.00,"100 מ""ל",false,,31.90,4.2533,true,1,563
7290014258730,false,תרכובת מזון צמחי לתינוקות מגיל 12 חודשים ואילך,מטרנה תעשיות ש.מ,IL,מטרנה צמחי מגיל שנה,גרמים,700.00,100 גרם,false,,70.90,10.1286,true,1,18778
7290014325036,false,סוכריות ג'לי עטופות שמחות מיה 600 גרם,מיה תעשיות מזון מ.ת.מ. ב,IL,ג'לי שמחות 600 גרם,גרמים,600.00,100 גרם,false,,21.90,3.6500,true,1,15191
7290014325531,false,חמאת בוטנים 510 גרם כשלפ,מיה תעשיות מזון מ.ת.מ. ב,IL,חמאת בוטנים 500 גרם,גרמים,500.00,100 גרם,false,,13.90,2.7800,true,1,15207
7290014397200,false,שלשיית מברשות שיניים אורביטול פרמיום,אורביטול Orbitol,CN,מארז מברשות שיניים א,יחידה,0.00,יחידה,false,,11.90,0.0000,true,1,30407
7290014397279,false,שקיות מזון גדולות XL סנו סושי 300 יחידות,"אשפלסט תעשיות בע""מ",CN,סנו סושי שקיות מזון,יחידה,0.00,יחידה,false,,14.90,0.0000,true,1,30410
7290014397286,false,מרכך כביסה מרוכז חלב ודבש סנו מקסימה 1 ליטר,סנו-מקסימה,IL,סנו מקסימה קר מרכך מ,ליטרים,1.00,ליטר,false,,19.90,19.9000,true,1,30411
7290014397453,false,סנו אוקסיגן גל מסיר כתמים כביסה לבנה 3 ל,סנו אוקסיג'ן,IL,סנו אוקסיג'ן לכביסה,ליטרים,3.00,ליטר,false,,31.90,10.6333,true,1,30415
7290014397514,false,"מבשם אויר סנו פרש הום בניחוח כותנה מלטפת 350 מ""ל","סנו מפעלי ברונוס בע""",IL,סנו פרש הום כותנה מל,מיליליטרים,350.00,"100 מ""ל",false,,12.90,3.6857,true,1,30418
7290014397705,false,פוליויקס נוזל לניקוי פרקט סנו 2 ליטר,סנו פוליויקס,IL,פוליויקס פרקט בניחוח,ליטרים,2.00,ליטר,false,,22.90,11.4500,true,1,30431
7290014397767,false,סנו ריצפז פרש הום כותנה מלטפת 2 ליטר,"סנו מפעלי ברונוס בע""",IL,ריצפז פרש הום כותנה,ליטרים,2.00,ליטר,false,,22.90,11.4500,true,1,30437
7290014397873,false,מרכך כביסה בבישום עוצמתי ג'נטל בריז,סנו מפעלי ברונוס בעמ,IL,מרכך כביסה סנו מקסימ,ליטרים,4.00,ליטר,false,,23.90,5.9750,true,1,30445
7290014435704,false,סלמון מעושן שמיר 100 גרם,שבעת הימים - שמיר,IL,סלמון מעושן סלטי שמי,גרמים,100.00,100 גרם,false,,23.90,23.9000,true,1,17745
7290014435803,false,פילה מטיאס הולנדי פרובנציאל שמיר 200 גרם,שבעת הימים - שמיר,IL,מטיאס הולנדי פרובנצי,גרמים,180.00,100 גרם,false,,18.90,10.5000,true,1,17747
7290014435810,false,נתחי הרינג כבוש עם בצל במרינת חמוץ מתוק שמיר 220 גרם,שבעת הימים - שמיר,IL,הרינג כבוש עם בצל במ,גרמים,180.00,100 גרם,false,,18.90,10.5000,true,1,17748
7290014435827,false,פילה מקרל מעושן בשמן ויטהול 180 גר,"סלטי שמיר 2006 בע""מ",IL,פילה מקרל מעושן בשמן,גרמים,180.00,100 גרם,false,,24.90,13.8333,true,1,17749
7290014435834,false,מקרל מעושן פרוס בשמן שמיר 180 גרם,שבעת הימים - שמיר,IL,מקרל מעושן פרוס בשמן,גרמים,180.00,100 גרם,false,,24.90,13.8333,true,1,17750
7290014435841,false,פילה הרינג עם בצל בשמן מטיאס הולנדי שמיר 200 גרם,סלטי שמיר 2006 בעמ,IL,פילה מטיאס הולנדי  ב,גרמים,180.00,100 גרם,false,,18.90,10.5000,true,1,17751
7290014435872,false,סלט הרינג עם מיונז שמיר 200 גרם,שבעת הימים - שמיר,IL,סלט הרינג עם מיונז 1,גרמים,180.00,100 גרם,false,,18.90,10.5000,true,1,17752
7290014435889,false,סלט מטיאס עם מיונז שמיר 200 גרם,שבעת הימים - שמיר,IL,סלט מטיאס עם מיונז 1,גרמים,180.00,100 גרם,false,,18.90,10.5000,true,1,17753
7290014435896,false,סלט סלמון עם מיונז שמיר 180 גרם,שבעת הימים - שמיר,IL,סלט סלמון עם מיונז 1,גרמים,180.00,100 גרם,false,,21.00,11.6667,true,1,17754
7290014455252,false,גבינה קשה מגורדת גרנה פדנו 29% שומן,מחלבות גד שיווק 1992,IT,גד גרנה פדנו מגורד כ,גרמים,100.00,100 גרם,false,,12.90,12.9000,true,1,14695
7290014455320,false,גבינה כדורי מוצרלה פרסקה גד 100ג',מוצרלה פרסקה 2 ב 15,IL,גד כדור מוצרלה פרסקה,גרמים,100.00,100 גרם,false,,10.90,10.9000,true,1,14698
7290014455467,false,ירח מתוק מעדן חלב 2% ושיבולת שועל גד 150ג',גבינות מדף,IL,גד מעדן שיבולת שועל,מיליליטרים,150.00,"100 מ""ל",false,,6.50,4.3333,true,1,14703
7290014459137,false,"תפוגן סטייק צ'יפס 1.5 ק""ג אסם","תעשיות תפוגן בע""\מ",IL,תפוגן סטייק ציפס 1.5,קילוגרמים,1.50,"ק""ג",false,,26.90,17.9333,true,1,19813
7290014459373,false,"צ'יפס קראנצ'י לתנור קפוא תפוגן 1.5ק""ג","תעשיות תפוגן בע""\מ",IL,תפוגן ציפס קראנצי 1.,קילוגרמים,1.50,"ק""ג",false,,28.90,19.2667,true,1,19818
7290014466463,false,"יין הר חרמון מוסקטו 750 מ""ל",יקבי רמת הגולן קצרין,IL,יקבי רמת הגולן הר חר,מיליליטרים,750.00,"100 מ""ל",false,,39.90,5.3200,true,1,41629
7290014471412,false,"מוזלי בוטנים אגוזים ושקדים 1 ק""ג - ירוק שקדיה","דין שיווק וקלייה בע""",IL,מוזלי בוטנים אגוזים,קילוגרמים,1.00,"ק""ג",false,,19.90,19.9000,true,1,4741
7290014471429,false,"מיזלי עם פירות 1 ק""ג - סגול שקדיה","דין שיווק וקלייה בע""",IL,מוזלי פירות עם פירות,קילוגרמים,1.00,"ק""ג",false,,19.90,19.9000,true,1,4742
7290014471436,false,"מוזלי צימוקים תפוח קינמון וגרעיני חמניה 1 ק""ג כחול שקדיה","דין שיווק וקלייה בע""",MK,מוזלי צימוקים תפוח ק,קילוגרמים,1.00,"ק""ג",false,,19.90,19.9000,true,1,4743
7290014471443,false,"גרנולה צימוקים אגוזים ושקדים 1 ק""ג - כתום שקדיה","דין שיווק וקלייה בע""",IL,גרנולה צימוקים אגוזי,קילוגרמים,1.00,"ק""ג",false,,19.90,19.9000,true,1,4744
7290014472235,false,פקאן סיני מסוכר 200 גרם בקופסא,"דין שיווק וקלייה בע""",IL,פקאן סיני מסוכר בקופ,גרמים,200.00,100 גרם,false,,24.90,12.4500,true,1,4757
7290014472471,false,גרעיני חמנייה קלוי ענק ששון הקולה 200 גרם,"דין שיווק וקלייה בע""",IL,גרעין שחור ענק 200 ג,גרמים,200.00,100 גרם,false,,6.90,3.4500,true,1,4764
7290014472488,false,שקד קלוי ענק פרימיום ששון הקולה 250 גרם,"שקדיה גבע תעשיות בע""",IL,שקד קלוי פרימיום 250,גרמים,250.00,100 גרם,false,,26.90,10.7600,true,1,4765
7290014472495,false,קשיו קלוי ענק פרימיום ששון הקולה 250 גרם,"דין שיווק וקלייה בע""",IL,קשיו קלוי ענק פרימיו,גרמים,250.00,100 גרם,false,,21.90,8.7600,true,1,4766
7290014472501,false,פיסטוק קלוי ענק פרימיום ששון הקולה 250 גרם,"דין שיווק וקלייה בע""",IL,פיסטוק קלוי ענק 250,גרמים,250.00,100 גרם,false,,25.90,10.3600,true,1,4767
7290014472990,false,ממרח 100% שקדים שקדיה 300 גרם,ג'\י אנד ג'\י פקאנס בעמ,IL,ממרח 100% שקדים שקדי,גרמים,300.00,100 גרם,false,,33.90,11.3000,true,1,4783
7290014534650,false,"פסטה ""לה פסטה"" 400 ג' צינור 400 ג'",מוטלו,TR,פסטה פנה 113 לה פסטה,גרמים,400.00,100 גרם,false,,3.90,0.9750,true,1,25123
7290014534667,false,"פסטה ""לה פסטה"" 400 ג' קונכיה 400 ג'",מוטלו,TR,פסטה קונכיה 123 לה פ,גרמים,400.00,100 גרם,false,,3.90,0.9750,true,1,25124
7290014534674,false,"פסטה ""לה פסטה"" 400 ג' פרפר 400 ג'",מוטלו,TR,פסטה פרפר לה פסטה 40,גרמים,400.00,100 גרם,false,,3.90,0.9750,true,1,25125
7290014534681,false,"פסטה ""לה פסטה"" 400 ג' בורג 400 ג'",מוטלו,TR,פסטה בורג לה פסטה 40,גרמים,400.00,100 גרם,false,,3.90,0.9750,true,1,25126
7290014534698,false,"פסטה ""לה פסטה"" 400 ג' תלתל 400 ג'",מוטלו,TR,פסטה תלתל לה פסטה 40,גרמים,400.00,100 גרם,false,,3.90,0.9750,true,1,25127
7290014534704,false,"פסטה ""לה פסטה"" 400 ג' אטריות מרק 400 ג'",מוטלו,TR,אטריות מרק לה פסטה 4,גרמים,400.00,100 גרם,false,,3.90,0.9750,true,1,25128
7290014636378,false,סט מצעים זוגי סטאן ר,,,סט מצעים זוגי סטאן ר,יחידה,0.00,יחידה,false,,99.90,0.0000,true,1,28124
7290014636675,false,מגבת גוף חלקה 550 גר,,,מגבת גוף מנהטן 70*13,יחידה,0.00,יחידה,false,,34.90,0.0000,true,1,28131
7290014636682,false,מגבת פנים חלקה 550 גרם,,,מגבת פנים,יחידה,0.00,יחידה,false,,19.90,0.0000,true,1,28132
7290014673021,false,פלפל שחור שלם תבליני מימון 100 גרם,א.ל ייצור ושיווק תבל,IL,תבליני מימון פלפל שח,גרמים,100.00,100 גרם,false,,15.20,15.2000,true,1,357
7290014673359,false,מלח לימון תבליני מימון 400 גרם,א.ל ייצור ושיווק תבל,IL,מלח לימון 400 גר,גרמים,400.00,100 גרם,false,,23.00,5.7500,true,1,360
7290014673380,false,כמון טחון תבליני מימון 250 גרם,א.ל ייצור ושיווק תבל,IL,מימון כמון טחון 250,גרמים,250.00,100 גרם,false,,23.00,9.2000,true,1,363
7290014673434,false,פלפל שחור גרוס דק שקית תבליני מימון 80גרם,א.ל ייצור ושיווק תבל,,פלפל שחור גרוס דק בש,גרמים,80.00,100 גרם,false,,9.30,11.6250,true,1,367
7290014674004,false,קריספ פירורי לחם שומשום ומלח ים 300 גרם מיימונס,א.ל ייצור ושיווק תבל,IL,פירורי לחם עם שומשום,גרמים,300.00,100 גרם,false,,7.90,2.6333,true,1,262322
7290014692305,false,גבינת קממבר EURO CHEESE ויליפוד 125 גרם,הנסיך- מפעל לייצור ט,DK,גבינת קממבר 125 גרם,גרמים,125.00,100 גרם,false,,21.90,17.5200,true,1,2992
7290014692817,false,גבינת מוצרלה מגורדתEURO CHEESE ויליפוד 200 גרם,הנסיך- מפעל לייצור ט,IL,סיי צ'יז גבינת מוצרל,גרמים,200.00,100 גרם,false,,16.90,8.4500,true,1,3003
7290014749078,false,מקלוני קבנוס עוף טוב 200 גרם,עיצובים 2020 (4.9),IL,עוף טוב מקלוני קבנוס,גרמים,200.00,100 גרם,false,,18.90,9.4500,true,1,19888
7290014749245,false,ספיישל רצועות שניצל שומשום עוף טוב 600 גרם,מוצרי עוף טוב (2001) בע\,IL,רצועות שניצל שומשום,גרמים,600.00,100 גרם,false,,40.90,6.8167,true,1,65302
7290014749764,false,עוף טוב שניצל עוף ביתי עדין כזה 700 גרם,מוצרי עוף טוב (2001) בע\,IL,שניצל עוף ביתי כזה ע,גרמים,700.00,100 גרם,false,,44.90,6.4143,true,1,65257
7290014749849,false,שניצל דק ענק קריספי שומשום עוף טוב 720 גרם,מוצרי עוף טוב (2001) בע\,IL,שניצל עוף דקיק בציפו,גרמים,720.00,100 גרם,false,,41.20,5.7222,true,1,140908
7290014749863,false,שניצל דק ענק קריספי צ'יפס עוף טוב 720 גרם,מוצרי עוף טוב (2001) בע\,IL,שניצל עוף דקיק בציפו,גרמים,720.00,100 גרם,false,,41.20,5.7222,true,1,140909
7290014758100,false,מאגדת יוגורט ביו 3% שומן 8 יח' *150ג' תנובה,מיוצר עי קונדיטוריית,IL,יוגורט תנובה 3% 8*15,קילוגרמים,1.20,"ק""ג",false,,17.90,14.9167,true,1,26019
7290014758117,false,מאגדת יוגורט ביו 1.5% שומן 8 יח' *150 ג' תנובה,מיוצר עי קונדיטוריית,IL,יוגורט תנובה 1.5% 8*,קילוגרמים,1.20,"ק""ג",false,,17.90,14.9167,true,1,26020
7290014758162,false,חלב עיזים מלא 3.6% קרטון 1 ל' תנובה,תנובה מרכז שיתופי לש,IL,חלב תנובה עיזים מלא,ליטרים,1.00,ליטר,false,,15.90,15.9000,true,1,26022
7290014758681,false,קוטג תנובה 1% גביע 250 גרם,מיוצר עי קונדיטוריית,IL,קוטג תנובה 1% 250ג,גרמים,250.00,100 גרם,false,,5.90,2.3600,true,1,26026
7290014759084,false,גבינת שמנת נפוליאון 16% מופחת שומן תנובה 225 גרם,תנובה מרכז שיתופי לש,IL,נפוליאון 16% 225גר,גרמים,225.00,100 גרם,false,,15.50,6.8889,true,1,26027
7290014759237,false,כד יוגורט תנובה 6.5% שומן 3 ליטר,,,יוגורט כדים תנובה בי,ליטרים,3.00,ליטר,false,,30.90,10.3000,true,1,26028
7290014759534,false,גבינה בולגרית למריחה טבעי 5% 200 ג' פיראוס,"תנובה, מחלבת תל יוסף",IL,פיראוס בולגרית למריח,גרמים,200.00,100 גרם,false,,14.90,7.4500,true,1,26031
7290014759909,false,פטה עיזים 5% פיראוס גביע 250 גרם,"תנובה, מחלבת טנא נוג",IL,פיראוס פטה עזים פירא,גרמים,250.00,100 גרם,false,,29.40,11.7600,true,1,26034
7290014759978,false,גבינת קצקבל גלעד 27% תנובה 200 גרם,תנובה חלב,IL,גבינות תנובה קצקבל פ,גרמים,200.00,100 גרם,false,,27.90,13.9500,true,1,26036
7290014760134,false,"מעדן סויה בטעם וניל תנובה 125 מ""ל",תנובה Alternative,IL,גביע מעדן סויה בטעם,גרמים,125.00,100 גרם,false,,3.90,3.1200,true,1,26039
7290014760141,false,משקה שקדים טרי תנובה 1 ליטר,תנובה Alternative,IL,תנובה משקה שקדים טרי,יחידה,0.00,יחידה,false,,14.50,0.0000,true,1,26040
7290014760448,false,גבינה צהובה גלבוע פרוסה 22%,מחלבת בית יצחק,IL,גלבוע 22% 400 גרם,גרמים,400.00,100 גרם,false,,25.90,6.4750,true,1,26043
7290014760912,false,פרוסות גבינה 28% שומן 400 ג' גוש חלב,תנובה מרכז שיתופי לש,IL,גוש חלב 28% מהדרין 4,גרמים,400.00,100 גרם,false,,27.50,6.8750,true,1,26047
7290014761056,false,מעדן שוקולד חלב יולו תנובה 123 גרם,מיוצר עי קונדיטוריית,IL,יולו שוקולד חלב מעול,גרמים,122.00,100 גרם,false,,4.90,4.0164,true,1,26049
7290014761063,false,מעדן שוקולד מריר יולו תנובה 123 גרם,מיוצר עי קונדיטוריית,IL,יולו שוקולד מריר מעו,גרמים,122.00,100 גרם,false,,4.90,4.0164,true,1,26050
7290014761070,false,מעדן שוקולד לבן יולו תנובה 123 גרם,מיוצר עי קונדיטוריית,IL,יולו שוקולד לבן מעול,גרמים,122.00,100 גרם,false,,4.90,4.0164,true,1,26051
7290014761193,false,יוגורט עם פירות יער 1.5% שומן 125 ג' פרילי,תנובה מרכז שיתופי לש,IL,פרילי פירות יער 1.5%,גרמים,125.00,100 גרם,false,,3.90,3.1200,true,1,26052
7290014761414,false,יולו מעדן שכבות שוקולד חלב ולבן 123 גר,מיוצר עי קונדיטוריית,IL,יולו מעדן שכבות שוקו,גרמים,122.00,100 גרם,false,,4.90,4.0164,true,1,26060
7290014762756,false,גבינת שמנת נפוליאון 16% עם בצל תנובה 225 גרם,תנובה חלב,IL,נפוליאון 16% עם בצל,גרמים,225.00,100 גרם,false,,15.50,6.8889,true,1,26079
7290014762800,false,"מעדן סויה בטעם שוקולד תנובה 125 מ""ל",תנובה מרכז שיתופי לש,IL,גביע מעדן סויה בטעם,גרמים,125.00,100 גרם,false,,3.90,3.1200,true,1,26084
7290014762831,false,גבינת שמנת נפוליאון 16% עם פלפל חלפיניו תנובה 225 גרם,תנובה מרכז שיתופי לש,IL,גבינת שמנת נפוליאון,גרמים,225.00,100 גרם,false,,15.50,6.8889,true,1,26085
7290014762909,false,פתיתי מוצרלה השף הלבן 10% תוספת מתנה,"תנובה, מחלבת תל יוסף",IL,פתיתי מוצרלה 200 גר`,גרמים,200.00,100 גרם,false,,17.90,8.9500,true,1,26089
7290014763098,false,קרם גבינת שמנת 5% עם פלפל שום ובצל 200 ג' תנובה,תנובה,IL,קרם גבינת שמנת 5% טו,גרמים,200.00,100 גרם,false,,12.90,6.4500,true,1,26094
7290014763272,false,"משקה סויה ביו בטעם תות בננה ""תנובה""",תות תעשיות מזון (201,IL,משקה סויה ביו עם תות,מיליליטרים,250.00,"100 מ""ל",false,,5.90,2.3600,true,1,26096
7290014789913,false,עוגיות אוראו קרם בטעם וניל מארז 176 גרם,מונדלייז,UA,עוגיות אוראו מארז 3,גרמים,528.00,100 גרם,false,,23.90,4.5265,true,1,5107
7290014791091,false,"שוויפס לימונייד 500 מ""ל",יפאורה שותפות מובגלת לשיווק,IL,משקה למונייד שוופס 5,מיליליטרים,500.00,"100 מ""ל",false,,5.90,1.1800,true,1,11658
7290014855434,false,מגבונים בייביסיטר פרפורמנס מבושם רביעיה,בייביסיטר Babysitter,IL,בייביסיטר פרפורמנס מ,יחידה,0.00,יחידה,false,,18.90,0.0000,true,1,29529
7290014855458,false,מגבוני בייביסיטר פרפורמנס ללא בישום מארז 72X4יח',בייביסיטר Babysitter,IL,מגבוני בייבי פרפורמנ,יחידה,0.00,יחידה,false,,18.90,0.0000,true,1,29530
7290014860070,false,"מקלוני אורז ללא גלוטן 5 מ""מ 454גר' (אור)",ניינטי נודל קו,TH,"מקלוני אורז 5 מ""מ לל",גרמים,454.00,100 גרם,false,,10.90,2.4009,true,1,47516
7290014860094,false,"מקלוני אורז ללא גלוטן 3מ""מ 454גר' (אור)",ניינטי נודל קו,TH,"מקלוני אורז 3 מ""מ לל",גרמים,454.00,100 גרם,false,,9.90,2.1806,true,1,47518
7290014860988,false,"שימורי קרם קוקוס 17% 400 מ""ל (TCC) כשר",theppadungporn cocon,TH,שימורי קרם קוקוס 17%,מיליליטרים,400.00,"100 מ""ל",false,,9.90,2.4750,true,1,47519
7290014901896,false,"מי פה סנסודיין מנטה מרענן 500 מ""ל",גלקסוסמיתקליין,GB,מי פה סנסודיין 500 מ,מיליליטרים,500.00,"100 מ""ל",false,,35.90,7.1800,true,1,3937
7290014905689,false,"נוזל כלים הפי מרוכז 24% תפוח 750 מ""ל",יעקובי הפי,IL,הפי לכלים ירוק תפוח,מיליליטרים,750.00,"100 מ""ל",false,,9.90,1.3200,true,1,11376
7290014905696,false,"נוזל כלים הפי מרוכז 24% לימון 750 מ""ל",יעקובי הפי,IL,הפי לכלים צהוב לימון,מיליליטרים,750.00,"100 מ""ל",false,,9.90,1.3200,true,1,11377
7290014905733,false,"הפי פרפקט לניקוי שמשות 750 מ""ל",יעקובי הפי,TR,הפי מרסס לניקוי חלונ,מיליליטרים,750.00,"100 מ""ל",false,,9.90,1.3200,true,1,11379
7290014910461,false,"ערק יודה 700 מ""ל כשל",בני בהיג'\ קעואר לתעשייה,IL,"ערק יודה 700 מ""ל כשל",מיליליטרים,700.00,"100 מ""ל",false,,65.90,9.4143,true,1,11222
7290014940901,false,לחם פשוט מלא אנג'ל 750 גרם,מאפיית שלמה א. אנג'\ל בע,IL,לחם פשוט מלא אנגל 75,גרמים,750.00,100 גרם,false,,15.90,2.1200,true,1,35486
7290014945210,false,צימרוני אוזניים עץ 300 י,ltd Manufacturing .M.A,CN,צמרוני עץ 300 יח בשק,יח',300.00,יח',false,,3.50,0.0117,true,1,101586
7290014945807,false,קיסמי שיניים דנטליים שייני (200 יח'),,,קיסמי שיניים דנטליים,יחידה,0.00,יחידה,false,,7.90,0.0000,true,1,287248
7290014974562,false,גביעי גלידה רגיל טילון עלמה גילרו 24 יח',"א.ג גילרו בע""מ",IL,עלמה גביעי גלידה 24,גרמים,120.00,100 גרם,false,,6.90,5.7500,true,1,41322
7290015009041,false,"חומץ תפוחים 500 מ""ל ""daniel""",מנדלז סי.אר. פרודקשן,ES,חומץ תפוחים חומציות,מיליליטרים,500.00,"100 מ""ל",false,,20.30,4.0600,true,1,47842
7290015009232,false,"רוטב סלסה בינוני צהוב 454 גרם ""סבוריטו""",,CR,רוטב סלסה בחריפות בי,גרמים,454.00,100 גרם,false,,21.90,4.8238,true,1,261848
7290015009249,false,"רוטב סלסה חריף אדום 454 גרם ""סבוריטו""",לינדסטרי פודס,US,"רוטב סלסה חריף ארה""ב",גרמים,454.00,100 גרם,false,,21.90,4.8238,true,1,261295
7290015009393,false,זיתים שחורים מגולענים מזן קלמטה בחיי מלח,אידיאל סנייק,GR,זיתים שחורים מגולעני,גרמים,430.00,100 גרם,false,,20.30,4.7209,true,1,256392
7290015014168,false,בייבי מיקס רמי לוי,,,עלי בייבי,גרמים,120.00,100 גרם,false,,7.90,6.5833,true,1,47697
7290015014182,false,לבבות קיסר בנספק רמי לוי,קטיף.,IL,לבבות חסה,יח',1.00,יח',false,,9.90,9.9000,true,1,47699
7290015014458,false,מרווה רמי לוי,,,מרווה (בוסתן),יח',1.00,יח',false,,6.90,6.9000,true,1,47705
7290015014465,false,רוזמרין רמילוי,,,רוזמרין (בוסתן),יח',1.00,יח',false,,6.90,6.9000,true,1,47706
7290015014472,false,קורנית(בוסתן),,,קורנית(בוסתן),יח',1.00,יח',false,,4.90,4.9000,true,1,47707
7290015014663,false,שיבה,,,שיבה,יח',1.00,יח',false,,6.90,6.9000,true,1,47714
7290015025942,false,"קרם ידיים קלאסי עם שמן שקדים פנג'ל 80 מ""ל",מיוצר עי קונדיטוריית,IL,קרם ידיים מועשר בשמן,מיליליטרים,80.00,"100 מ""ל",false,,8.90,11.1250,true,1,5993
7290015033084,false,קוסקוס חיטה בינוני ד,,IL,קוסקוס חיטה בינוני ד,גרמים,350.00,100 גרם,false,,5.90,1.6857,true,1,329036
7290015033299,false,פרורי לחם קלאסי שקית,חטיפים מן הארץ,,פרורי לחם קלאסי שקית,גרמים,400.00,100 גרם,false,,5.00,1.2500,true,1,328769
7290015039246,false,נתחי טונה בשמן צמחי רביעיה * 160 ג' וילי פוד,וילי פוד,TH,טונה בהירה בשמן וילי,גרמים,640.00,100 גרם,false,,22.90,3.5781,true,1,3010
7290015039253,false,עלי גפן במי מלח ויליפוד 620 גרם,קוראהן פזלרמה וי דיס,TR,עלי גפן במי במלח ויל,גרמים,620.00,100 גרם,false,,10.90,1.7581,true,1,3011
7290015129121,false,סקיני פסטה נודלס 270 גרם,הוויזאי וואנגייה פוד,CN,סקיני פסטה קונג'אק ב,גרמים,270.00,100 גרם,false,,11.90,4.4074,true,1,226813
7290015150088,false,מחית עגבניות קלה גרנד איטליה 700 גרם,שוורצקוף& הנקל דיסלד,IT,מחית עגבניות בלה איט,גרמים,700.00,100 גרם,false,,13.90,1.9857,true,1,24772
7290015150118,false,שלישיית עגבניות חתוכות דק גרנד איטליה 400 גרם,אמיליאנה קונסרב ס.פ.,IT,עגבניות חתוכות דק בל,גרמים,400.00,100 גרם,false,,19.90,4.9750,true,1,24775
7290015155847,false,מחית סלט פירות חטיפטף ללא תוספת סוכר,פרוטה פודיווין איי.א,CZ,פאוץ' פרינוק מחית סל,גרמים,120.00,100 גרם,false,,5.90,4.9167,true,1,3657
7290015156769,false,מחית פרינוק פאוץ' תפוח ואוכמניות 120 גרם,פרוטה פודווין איי.אס,CZ,פאוץ' פרינוק תפוח וא,גרמים,120.00,100 גרם,false,,5.90,4.9167,true,1,3662
7290015156776,false,מחית פירות טרופיים חטיפטף ללא תוספת סוכר,פרוטה פודווין איי.אס,CZ,פאוץ' פרינוק פירות ט,גרמים,120.00,100 גרם,false,,5.90,4.9167,true,1,3663
7290015156790,false,מחית לפתן פירות חטיפטף ללא תוספת סוכר,פרוטה פודווין איי.אס,CZ,פאוץ' פרינוק לפתן פי,גרמים,120.00,100 גרם,false,,5.90,4.9167,true,1,3664
7290015164832,false,מחית קארי ירוק 400 גרם SUREE כשר,טאפאדונגפורן קוקינט,TH,מחית ירוקה על בסיס ק,גרמים,400.00,100 גרם,false,,19.90,4.9750,true,1,47520
7290015178273,false,רוטב מרינדה לעוף בגריל אוליביה 270 גר,אוליביה,IL,רוטב מרינדה לעוף בגר,גרמים,320.00,100 גרם,false,,13.90,4.3438,true,1,325639
7290015193559,false,מעדני המלך אובלטים מלוחים 300 גרם,אם החיטה,IL,אובלטים מלח 300 גר',גרמים,300.00,100 גרם,false,,10.90,3.6333,true,1,41365
7290015193566,false,מעדני המלך אובלטים שומשום 300 גרם,אם החיטה,IL,אובלטים שומשום 300 ג,גרמים,300.00,100 גרם,false,,10.90,3.6333,true,1,41366
7290015193832,false,קרקר עם שומשום ארומה 300 גרם,פפושדו,IL,ארומה קרקר עם שומשום,גרמים,300.00,100 גרם,false,,9.80,3.2667,true,1,41372
7290015193849,false,קרקר עם מלח ארומה 300 גרם,פפושדו,IL,ארומה קרקר עם מלח 30,גרמים,300.00,100 גרם,false,,9.80,3.2667,true,1,41373
7290015253321,false,"פחם 2 ק""ג ירוק פרימי",,CN,"פחם 2 ק""ג ירוק פרימי",קילוגרמים,2.00,"ק""ג",false,,16.90,8.4500,true,1,92040
7290015282000,false,איקרא אדומה SEVEN SEAS 200 גרם,שבעת הימים - שמיר,IL,איקרה אדומה סלטי שמי,גרמים,200.00,100 גרם,false,,13.90,6.9500,true,1,17756
7290015282024,false,איקרא לבנה SEVEN SEAS 200 גרם,שבעת הימים - שמיר,IL,איקרה לבנה סלטי שמיר,גרמים,200.00,100 גרם,false,,13.90,6.9500,true,1,17758
7290015282390,false,סלט תורכי 200 גרם שמיר,"סלטי שמיר 2006 בע""מ",IL,סלט תורכי 200 ג שמיר,גרמים,200.00,100 גרם,false,,12.90,6.4500,true,1,17772
7290015282581,false,חומוס אבו גוש עם חריף שמיר 200 גרם,"סלטי שמיר 2006 בע""מ",IL,חומוס אבו גוש עם חרי,גרמים,200.00,100 גרם,false,,10.90,5.4500,true,1,17775
7290015282598,false,חומוס מסעדות גורמה שמיר 200 גרם,"סלטי שמיר 2006 בע""מ",IL,חומוס מסעדות,גרמים,200.00,100 גרם,false,,10.90,5.4500,true,1,17776
7290015282604,false,טחינה מיוחדת גורמה שמיר 200 גרם,"סלטי שמיר 2006 בע""מ",IL,טחינה מיוחדת,גרמים,200.00,100 גרם,false,,10.90,5.4500,true,1,17777
7290015282628,false,חציל בטעם כבד גורמה שמיר 200 גרם,"סלטי שמיר 2006 בע""מ",IL,חציל בטעם כבד סלטי ש,גרמים,200.00,100 גרם,false,,12.90,6.4500,true,1,17779
7290015282635,false,חומוס מסבחה גורמה שמיר 200 גרם,"סלטי שמיר 2006 בע""מ",IL,חומוס מסבחה,גרמים,200.00,100 גרם,false,,10.90,5.4500,true,1,17780
7290015282642,false,חומוס אבו גוש גורמה שמיר 200 גרם,"סלטי שמיר 2006 בע""מ",IL,חומוס אבו גוש,גרמים,200.00,100 גרם,false,,10.90,5.4500,true,1,17781
7290015282666,false,סלט טונה עם ירקות 200 גר,"סלטי שמיר 2006 בע""מ",IL,סלט טונה בריאות 200,גרמים,200.00,100 גרם,false,,17.90,8.9500,true,1,17782
7290015282673,false,חציל במיונז ביתי גורמה שמיר 200 גרם,"סלטי שמיר 2006 בע""מ",IL,חציל במיונז ביתי,גרמים,200.00,100 גרם,false,,10.90,5.4500,true,1,17783
7290015282680,false,קישוא בטעם כבד גורמה שמיר 200 גרם,"סלטי שמיר 2006 בע""מ",IL,קישוא בטעם כבד סלטי,גרמים,200.00,100 גרם,false,,12.90,6.4500,true,1,17784
7290015282697,false,כרוב אדום שמיר גורמה 200גר,"סלטי שמיר 2006 בע""מ",IL,סלט כרוב אדום 200ג ש,גרמים,200.00,100 גרם,false,,12.90,6.4500,true,1,17785
7290015282710,false,קוביות סלק גורמה שמיר 200 גרם,"סלטי שמיר 2006 בע""מ",IL,קוביות סלק סלטי שמיר,גרמים,200.00,100 גרם,false,,10.90,5.4500,true,1,17786
7290015282727,false,גזר מרוקאי ברוטב פיקנטי אסלי שמיר 200 ג',"סלטי שמיר 2006 בע""מ",IL,גזר מרוקאי ברוטב פיק,גרמים,200.00,100 גרם,false,,12.90,6.4500,true,1,17787
7290015282734,false,מטבוחה ביתית גורמה שמיר 200 גרם,"סלטי שמיר 2006 בע""מ",IL,מטבוחה ביתית.,גרמים,200.00,100 גרם,false,,12.90,6.4500,true,1,17788
7290015282741,false,חציל תאילנדי אסלי שמיר 200 ג',"סלטי שמיר 2006 בע""מ",IL,חציל תילאנדי סלטי שמ,גרמים,200.00,100 גרם,false,,12.90,6.4500,true,1,17789
7290015282796,false,"סלט תפו""א שמיר במיונז 200ג'","סלטי שמיר 2006 בע""מ",IL,סלט תפוח אדמה 200 ג,גרמים,200.00,100 גרם,false,,12.90,6.4500,true,1,17794
7290015324007,false,פלפל שחור גרוס 80 גר' טעם וריח,"תבליני טעם וריח בע""מ",IL,טעם וריח פלפל שחור ג,גרמים,80.00,100 גרם,false,,14.90,18.6250,true,1,42443
7290015324014,false,"פלפל שחור טחון בשקית 80 גרם ""טעם וריח""","תבליני טעם וריח בע""מ",IL,טעם וריח פלפל שחור ט,גרמים,80.00,100 גרם,false,,14.90,18.6250,true,1,42444
7290015324038,false,פפריקה מתוקה בשמן 100 גרם טעם וריח,"תבליני טעם וריח בע""מ",IL,טעם וריח פפריקה בשמן,גרמים,80.00,100 גרם,false,,7.90,9.8750,true,1,42445
7290015324045,false,תבלין פפריקה חריפה 80 גר' שק',"תבליני טעם וריח בע""מ",IL,תבלין פפריקה חריפה ב,גרמים,80.00,100 גרם,false,,7.90,9.8750,true,1,42446
7290015324052,false,פפריקה מתוקה 80 גר' טעם וריח,"תבליני טעם וריח בע""מ",IL,טעם וריח פפריקה מתוק,גרמים,80.00,100 גרם,false,,7.90,9.8750,true,1,42447
7290015324069,false,גריל עוף 80 גר' טעם וריח,"תבליני טעם וריח בע""מ",IL,טעם וריח גריל עוף שק,גרמים,80.00,100 גרם,false,,7.90,9.8750,true,1,42448
7290015324083,false,מלח לימון 80 גר' טעם וריח,"תבליני טעם וריח בע""מ",IL,טעם וריח מלח לימון ש,גרמים,80.00,100 גרם,false,,7.90,9.8750,true,1,42450
7290015324090,false,כמון טחון 80 גר' טעם וריח,"תבליני טעם וריח בע""מ",IL,טעם וריח כמון שקית 8,גרמים,80.00,100 גרם,false,,7.90,9.8750,true,1,42451
7290015324106,false,כורכום טחון 80 גר' טעם וריח,"תבליני טעם וריח בע""מ",IL,טעם וריח כורכום שקית,גרמים,80.00,100 גרם,false,,7.90,9.8750,true,1,42452
7290015324113,false,טעם וריח בהרט שקית 8,"תבליני טעם וריח בע""מ",IL,טעם וריח בהרט שקית 8,גרמים,80.00,100 גרם,false,,6.00,7.5000,true,1,42453
7290015324120,false,שום גבישי 80 גר' טעם וריח,"תבליני טעם וריח בע""מ",IL,טעם וריח שום גבישי ב,גרמים,80.00,100 גרם,false,,10.10,12.6250,true,1,42454
7290015324151,false,חוואיג' למרק 80 גר' טעם וריח,"תבליני טעם וריח בע""מ",IL,תבלין חוויאג למרק ב,גרמים,80.00,100 גרם,false,,6.00,7.5000,true,1,42455
7290015324168,false,שק 80 גרם על האש ללא מונוסטדיום,"תבליני טעם וריח בע""מ",IL,תערובת תיבול על האש,גרמים,80.00,100 גרם,false,,7.00,8.7500,true,1,42456
7290015324175,false,תיבול לשווארמה 80 גר' טעם וריח,"תבליני טעם וריח בע""מ",IL,תערובת תיבול לשווארמ,גרמים,80.00,100 גרם,false,,7.00,8.7500,true,1,42457
7290015324717,false,"מחית שום `טעם וריח, 210 גרם",ליני קאטייאמה פודסטאפס ב,CN,מחית שום 210 גרם,גרמים,210.00,100 גרם,false,,13.90,6.6190,true,1,254506
7290015324724,false,מחית צ`ילי חריף `טעם וריח' 230 גרם,ליני קאטייאמה פודסטאפס ב,CN,מחית צ'ילי חריף 230,גרמים,230.00,100 גרם,false,,13.90,6.0435,true,1,254520
7290015324731,false,"מחית ג`ינג`ר `טעם וריח', 210 גרם",ליני קאטייאמה פודסטאפס ב,CN,מחית ג'ינג'ר 210 גרם,גרמים,210.00,100 גרם,false,,13.90,6.6190,true,1,254536
7290015328531,false,להבונים 50 יח' 3 שעו,,,להבונים 50 יח' 3 שעו,יחידה,0.00,יחידה,false,,10.90,0.0000,true,1,13232
7290015328708,false,מנורת לד 15 וולט,,,מנורת לד 15 וולט,יחידה,0.00,יחידה,false,,12.90,0.0000,true,1,13245
7290015328821,false,צימרוני אוזניים 100 יחידות,,,צימרוני אוזניים לירו,יחידה,0.00,יחידה,false,,1.50,0.0000,true,1,13255
7290015328838,false,קיסמי עץ לירון קרביץ,,CN,קיסמי עץ לירון קרביץ,יחידה,0.00,יחידה,false,,3.90,0.0000,true,1,13256
7290015347457,false,קינואה שחורה יבשה מיה 400 גר',מיה תעשיות מזון מ.ת.מ. ב,IL,קינואה שחורה 400 גרם,גרמים,400.00,100 גרם,false,,17.90,4.4750,true,1,15230
7290015347785,false,סוכריות ג'לילנד לבבות 125 גר' מיה,מיה תעשיות מזון מ.ת.מ. ב,IL,סוכריות ג'לי רכות לב,גרמים,125.00,100 גרם,false,,6.90,5.5200,true,1,15246
7290015348089,false,"למברוסקו אדום ביאנקו 750 מ""ל ""אמיליאנו""",גאטטיקו איטליה,IL,למברוסקו אמיליאנו לב,מיליליטרים,750.00,"100 מ""ל",false,,24.90,3.3200,true,1,9537
7290015348096,false,"למברוסקו אמיליאנו רוזה 750 מ""ל",גאטטיקו איטליה,IL,למברוסקו אמיליאנו רו,מיליליטרים,750.00,"100 מ""ל",false,,24.90,3.3200,true,1,9538
7290015366359,false,ספירה רפיל מכשיר 8 שעות +נוזל 45 לילות,זובלה הולדינגס ס.פ.א,IT,ספירה מכשיר נוזל 8 ש,יחידה,0.00,יחידה,false,,33.90,0.0000,true,1,3948
7290015366663,false,"משחת שיניים מנטה עדין אקווה פרש 100 מ""ל",גלקסוסמיתקליין,SK,מש.שיניים מנטה עדין,גרמים,100.00,100 גרם,false,,7.90,7.9000,true,1,3958
7290015366670,false,משחת שיניים הגנה משולשת מנטה מרענן,גלקסוסמיתקליין,SK,מש.שיניים מנטה אקווה,גרמים,100.00,100 גרם,false,,7.90,7.9000,true,1,3959
7290015395045,false,"קינואה בשקית שקדיה 400 גרם בד""ץ","שקדיה גבע תעשיות בע""",IL,קינואה שקדיה 400 גרם,גרמים,400.00,100 גרם,false,,13.90,3.4750,true,1,4786
7290015437431,false,רכז רימונים 100% טבעי 420 גר,AROMA PRODUCT ITD,GE,רכז רימונים תומר 42,גרמים,420.00,100 גרם,false,,22.90,5.4524,true,1,92603
7290015437646,false,לה פסטה מיחת עגבניות 680 גרם,,IT,מחית עגבניות איטלקיו,גרמים,680.00,100 גרם,false,,10.90,1.6029,true,1,243065
7290015603522,false,"נוזל אגוזי קוקוס 5%-7% 400 מ""ל",אסי אטיק גרו אינדוסט,TH,נוזל אגוזי קוקוס 5-7,מיליליטרים,400.00,"100 מ""ל",false,,6.90,1.7250,true,1,47528
7290015603546,false,שימורי קרם קוקוס 17-19% 400 מל ASIATIC,אסיאטיק אגרו אינדסטר,TH,שימורי קרם קוקוס 17-,מיליליטרים,400.00,"100 מ""ל",false,,9.90,2.4750,true,1,47529
7290015603560,false,"שימורי קרם קוקוס 20-22% 400 מ""ל (ASIATIC)(כ)",אסיאטיק אגרו אינדוסטרי,TH,שימורי קרם קוקוס 20-,מיליליטרים,400.00,"100 מ""ל",false,,9.90,2.4750,true,1,47530
7290015603584,false,ג'ינגר לבן כבוש ללא מונוסודיום 160 גרם (כ),לאיווי איפנג פודס קו,CN,ג'ינג'ר לבן כבוש ללא,גרמים,160.00,100 גרם,false,,8.90,5.5625,true,1,47531
7290015652070,false,קשוי קלוי בשקית ששון הקולה 150 גרם,"דין שיווק וקלייה בע""",IL,קשיו קלוי 150 גרם שש,גרמים,150.00,100 גרם,false,,12.90,8.6000,true,1,4797
7290015652087,false,תערובת פיצוחים בשקית ששון הקולה 150 גרם,דין שיווק,IL,תערובת פיצוחים 150גר,גרמים,150.00,100 גרם,false,,11.90,7.9333,true,1,4798
7290015652254,false,גרעיני חמניה קלויים 400 גרם ששון הקלה,"דין שיווק וקלייה בע""",IL,גרעיני חמניה קלויים,גרמים,400.00,100 גרם,false,,10.00,2.5000,true,1,4807
7290015652278,false,תערובת פיצוחים ששון הקולה 300 גרם,"דין שיווק וקלייה בע""",IL,תערובת פיצוחים ששון,גרמים,250.00,100 גרם,false,,20.00,8.0000,true,1,4809
7290015652285,false,אגוזים קלופים ששון הקולה 250 גרם,"שקדיה גבע תעשיות בע""",IL,אגוזים קלופים 250 גר,גרמים,250.00,100 גרם,false,,20.00,8.0000,true,1,4810
7290015652292,false,קבוקים עם שומשום ששון הקולה 400 גרם,"דין שיווק וקלייה בע""",IL,קבוקים עם שומשום ששו,גרמים,400.00,100 גרם,false,,10.00,2.5000,true,1,4811
7290015652315,false,חמוציות מסוכרות ששון הקולה 300 גרם,"דין שיווק וקלייה בע""",IL,חמוציות מסוכרות ששון,גרמים,300.00,100 גרם,false,,10.00,3.3333,true,1,4813
7290015652322,false,בוטנים אמריקאיים מצופים 400 גר ששון הקלה,"דין שיווק וקלייה בע""",IL,בוטנים אמריקאים מצופ,גרמים,400.00,100 גרם,false,,10.00,2.5000,true,1,4814
7290015652407,false,פיסטוק קלוי ששון הקולה 250 גרם,"דין שיווק וקלייה בע""",IL,פיסטוק קלוי ששון הקו,גרמים,250.00,100 גרם,false,,20.00,8.0000,true,1,4821
7290015733120,false,מטרנה גולד שלב 1 תרכובת מזון על בסיס חלבי,נסטלה,IL,מטרנה גולד שלב אחד 7,גרמים,700.00,100 גרם,false,,75.90,10.8429,true,1,18784
7290015733205,false,תרכובת מזון לתינוקות חלבי שלב 1 אקסטרה קר מהדרין,נסטלה,IL,מטרנה אקסטרה קר מהדר,גרמים,700.00,100 גרם,false,,64.90,9.2714,true,1,18787
7290015766005,false,שרי וויטני יחידה,,IL,שרי וויטני יחידה,גרמים,500.00,100 גרם,false,,9.90,1.9800,true,1,50932
7290015766029,false,עגבניות שרי כתומות 4,אראל תוצרת חקלאית בע,IL,שרי כתום יח',גרמים,460.00,100 גרם,false,,9.90,2.1522,true,1,50933
7290015781008,false,"יין VISION מרלו אדום טפרברג 750 מ""ל","יקב טפרברג 1870 בע""מ",IL,ויז'ן מרלו,מיליליטרים,750.00,"100 מ""ל",false,,39.90,5.3200,true,1,11817
7290015781046,false,"יין VISION לבן חצי יבש טפרברג 750 מ""ל","יקב טפרברג 1870 בע""מ",IL,ויז'ן לבן חצי יבש 75,מיליליטרים,750.00,"100 מ""ל",false,,39.90,5.3200,true,1,11819
7290015781138,false,"יין שרדונה 750 מ""ל IMPRESSION","יקב טפרברג 1870 בע""מ",IL,אימפרשן שרדונה,מיליליטרים,750.00,"100 מ""ל",false,,49.90,6.6533,true,1,11825
7290015781169,false,"יין IMPRESSION קברנה סוביניון חצי יבש טפרברג 750 מ""ל","יקב טפרברג 1870 בע""מ",IL,אימפרשן אדום חצי יבש,מיליליטרים,750.00,"100 מ""ל",false,,49.90,6.6533,true,1,11828
7290015781305,false,"יין אימפרשן סירה 750 מ""ל","יקב טפרברג 1870 בע""מ",IL,אימפרשן יין סירה,מיליליטרים,750.00,"100 מ""ל",false,,49.90,6.6533,true,1,11833
7290015821582,false,מארז נרות נשמה 4 יח',,,נרות נשמה 4 יחידות,יחידה,0.00,יחידה,false,,10.90,0.0000,true,1,48695
7290015842631,false,"כוס ברד 330 מ""ל ח""פ 40יח'",,GR,"כוס בירה 330 מ""ל 40",יחידה,0.00,יחידה,false,,10.90,0.0000,true,1,48204
7290015858106,false,"ממרח פסטו ביתי 180 גרם ""עללחם""","מדשא תעשיות מזון בע""\מ",IL,ממרח פסטו ביתי עללחם,גרמים,180.00,100 גרם,false,,17.90,9.9444,true,1,23376
7290015858113,false,"ממרח עגבניות מיובשות 180 גרם ""טריטרי""","מדשא תעשיות מזון בע""\מ",IL,ממרח עגבניות מיובשות,גרמים,180.00,100 גרם,false,,17.90,9.9444,true,1,23377
7290015858151,false,"ממרח שום 180 גרם ""טריטרי""",מדשא תעשיות מזון בעמ,IL,ממרח שום עללחם 180 ג,גרמים,180.00,100 גרם,false,,17.90,9.9444,true,1,306130
7290015858175,false,ממרח פלפלים קלויים עללחם 180 גרם,"מדשא תעשיות מזון בע""\מ",IL,ממרח פלפלים קלויים ע,גרמים,180.00,100 גרם,false,,17.90,9.9444,true,1,23379
7290015858229,false,"טפנד זיתי קלמטה 180 גרם ""עללחם""","מדשא תעשיות מזון בע""\מ",IL,ממרח טפנד זיתי קלמטה,גרמים,180.00,100 גרם,false,,17.90,9.9444,true,1,23381
7290015858243,false,ממרח צימיצורי עללחם 180 גרם,"מדשא תעשיות מזון בע""\מ",IL,ממרח צימיצורי עללחם,גרמים,180.00,100 גרם,false,,17.90,9.9444,true,1,23382
7290015865722,false,קונפיטורת תות שדה לייט 400 גרם,ענבי ציון,IL,קונפיטורה לייט תות ש,גרמים,400.00,100 גרם,false,,20.90,5.2250,true,1,206768
7290015865739,false,קונפיטורת אוכמניות לייט 400 גר,ענבי ציון,IL,קונפיטורה לייט אוכמנ,גרמים,400.00,100 גרם,false,,20.90,5.2250,true,1,206769
7290015865746,false,קונפיטורת פירות יער לייט 400 ג,ענבי ציון,IL,קונפיטורה לייט פירות,גרמים,400.00,100 גרם,false,,20.90,5.2250,true,1,206770
7290015872096,false,חומוס סלטי שמיר 700 גרם,"סלטי שמיר 2006 בע""מ",IL,חומוס אסלי שמיר 700,גרמים,700.00,100 גרם,false,,8.90,1.2714,true,1,17799
7290016006292,false,נקטר מנגו בננה מלון קרטונית 1 ל' ספרינג,יפאורה שותפות מובגלת לשיווק,IL,ספרינג מנגו בננה מלו,יחידה,0.00,יחידה,false,,6.90,0.0000,true,1,11701
7290016006322,false,מים מינרליים מי עדן,"מופק ממקור בזלתי עדן ,1",IL,מי עדן 1 ליטר,ליטרים,1.00,ליטר,false,,5.00,5.0000,true,1,11702
7290016006346,false,שוופס סודה 0.5 ליטר מארז שישייה,יפאורה שותפות מובגלת לשיווק,IL,שוופס סודה שישייה 0.,ליטרים,3.00,ליטר,false,,15.90,5.3000,true,1,11704
7290016087123,false,רוטב מתובל לפסטה בסגנון קלאסי פריניר 240 גרם,פריניר,IL,רוטב עגבניות מתובל ל,גרמים,240.00,100 גרם,false,,5.90,2.4583,true,1,41377
7290016087147,false,רוטב עגבניות לפיצה מרגריטה 240 ג' פריניר,פריניר,IL,רוטב עגבניות מתובל ל,גרמים,240.00,100 גרם,false,,5.90,2.4583,true,1,41378
7290016087222,false,רוטב עגבניות מרוכז לשקשוקה פריניר 230 גרם,פריניר ( הדס 1987) ב,IL,ברוטב עגבניות מרוכז,גרמים,240.00,100 גרם,false,,5.90,2.4583,true,1,41382
7290016087239,false,רוטב עגבניות מרוכז לשקשוקה פיקנטי פריניר 230 גרם,פריניר,IL,רוטב עגבניות לשקשוקה,גרמים,240.00,100 גרם,false,,5.90,2.4583,true,1,41383
7290016096217,false,רביעיית נתחי טונה קט,,,רביעיית נתחי טונה קט,גרמים,560.00,100 גרם,false,,22.90,4.0893,true,1,26586
7290016096675,false,שלישיה פיל טונה בשמן,,IL,טונה בשמן זית פילטונ,גרמים,240.00,100 גרם,false,,17.90,7.4583,true,1,26595
7290016096811,false,מארז ממרח טונה 4 * 160 ג' פילטונה,תעשיות פילטונה,IL,ממרח טונה פילטונה רב,גרמים,160.00,100 גרם,false,,20.90,13.0625,true,1,109034
7290016096934,false,מארז זוגות סלט טונה 2*160 ג' פילטונה,תעשיות פילטונה,IL,סלט טונה 2 יח' פילטו,גרמים,320.00,100 גרם,false,,12.90,4.0313,true,1,147439
7290016098181,false,עוגיות אותיות 200 גרם גלילית,,,ביסקוויט אותיות אלף-,גרמים,200.00,100 גרם,false,,4.90,2.4500,true,1,99858
7290016104271,false,ריבת חלב בצנצנת 20% חלב,פוליבה,IL,ריבת חלב 340 גר`,גרמים,340.00,100 גרם,false,,13.90,4.0882,true,1,13275
7290016104615,false,סילאן סירופ תמרים פוליבה צנצנת 900 ג',,,סילאן תמרים 900 גרם,גרמים,900.00,100 גרם,false,,13.90,1.5444,true,1,13282
7290016104868,false,סירופ מייפל פוליבה 700 גר',פוליבה,IL,סירופ בטעם מייפל 700,גרמים,700.00,100 גרם,false,,12.90,1.8429,true,1,13289
7290016114300,false,נייר טואלט דו שכבתי אורך כפול לבן לילי 16 גלילים,לילי נייר טואלט חוגלה,IL,לילי גליל כפול 16 גל,מטרים,588.00,מטר,false,,41.90,0.0713,true,1,9073
7290016136111,false,"תערובת קמח רב תכליתי ג'י פרי 500 גרם לל""ג",אשבל -מזון פונקציונל,IL,תערובת קמח להכנת לחם,גרמים,500.00,100 גרם,false,,17.80,3.5600,true,1,40052
7290016144000,false,"קמח חיטה מלאה נפלאות 80% 1 ק""ג","קמח מלכים בע""\מ",IL,קמח חיטה 80% נפלאות,קילוגרמים,1.00,"ק""ג",false,,9.90,9.9000,true,1,47358
7290016144017,false,"קמח מלא נפלאות 100% ללא ניפוי 1 ק""ג",קמח מלכים,IL,קמח חיטה מלאה 100% נ,קילוגרמים,1.00,"ק""ג",false,,9.90,9.9000,true,1,47359
7290016144024,false,"קמח כוסמין מלא נפלאות 100% 1 ק""ג","קמח מלכים בע""מ",IL,קמח כוסמין מלא 100%,קילוגרמים,1.00,"ק""ג",false,,14.90,14.9000,true,1,47360
7290016144031,false,קמח חיטה לבן מנופה נפלאות,קמח מלכים,IL,קמח נפלאות חיטה לבן,קילוגרמים,1.00,"ק""ג",false,,6.90,6.9000,true,1,47361
7290016144048,false,"קמח כוסמין לבן נפלאות 1 ק""ג","קמח מלכים בע""מ",IL,קמח כוסמין לבן נפלאו,קילוגרמים,1.00,"ק""ג",false,,16.90,16.9000,true,1,47362
7290016144055,false,קמח כוסמין בהיר 80%-נפלאות,קמח מלכים,IL,קמח כוסמין 80% נפלאו,קילוגרמים,1.00,"ק""ג",false,,14.90,14.9000,true,1,47363
7290016150117,false,סלק אדום מקולף ומבושל500,ג'ואבג'י יואייבי,LE,מעדן סלק בוואקום 500,גרמים,500.00,100 גרם,false,,5.90,1.1800,true,1,47222
7290016162233,false,עוגיות ממולאות סוגים שונים 200 גרם קפולסקי,קפולסקי,IL,עוגיות דיזרט פרימיום,גרמים,200.00,100 גרם,false,,22.90,11.4500,true,1,39946
7290016162264,false,עוגת גבינה רנסנס קפולסקי 450 גרם,קפולסקי שיווק וקמעונ,IL,עוגת גבינה רנסנס 450,גרמים,450.00,100 גרם,false,,41.90,9.3111,true,1,39949
7290016197488,false,מטליות מיקרופייבר למשטחים ניקול 3יח',חוגלה קימברלי,CN,מטלית קסם לשיש מארז,יחידה,0.00,יחידה,false,,11.90,0.0000,true,1,9086
7290016197495,false,ניקול זוג מטליות הקסם מיקרופייבר לרצפה,חוגלה קימברלי,CN,מטלית קסם לרצפה מארז,יחידה,0.00,יחידה,false,,25.90,0.0000,true,1,9087
7290016197839,false,ניקול השקית החזקה 20 יח' XL,"אשפלסט תעשיות בע""מ",IL,ניקול השקית החזקה XL,יחידה,0.00,יחידה,false,,26.90,0.0000,true,1,9093
7290016197877,false,שקיות אשפה לפחים בינוניים עם שרוך 50 * 53 ניקול 50 יחידות,"אשפלסט תעשיות בע""מ",IL,שקית לפחי מטבח קטנים,יחידה,0.00,יחידה,false,,24.90,0.0000,true,1,9095
7290016217735,false,חציל על האש 200גרם גורמה,"סלטי שמיר 2006 בע""מ",IL,חציל על האש סלטי שמי,גרמים,200.00,100 גרם,false,,10.90,5.4500,true,1,17806
7290016217742,false,חציל בטחינה 200גרם גורמה,"סלטי שמיר 2006 בע""מ",IL,חציל בטחינה סלטי שמי,גרמים,200.00,100 גרם,false,,10.90,5.4500,true,1,17807
7290016217759,false,חציל מרוקאי 200גרם גורמה,"סלטי שמיר 2006 בע""מ",IL,חצילים בסגנון מרוקאי,גרמים,200.00,100 גרם,false,,12.90,6.4500,true,1,17808
7290016233384,false,גפילטע פיש 7 קציצות תומר 555 גרם,דג טעים ירושלים,IL,גפילטא פיש 7 קציצות,גרמים,555.00,100 גרם,false,,17.90,3.2252,true,1,25174
7290016233711,false,"פסטה ""לה פסטה"" לינגוויני 400 גרם",,,פסטה לינגוויני לה פס,גרמים,400.00,100 גרם,false,,3.90,0.9750,true,1,55600
7290016246018,false,בארכה מיקס פינוקיות חלבה 10*20 גרם.,"רושדי תעשיות מזון בע""\מ",IL,בארכה מיקס פינוקיות,גרמים,200.00,100 גרם,false,,14.90,7.4500,true,1,18792
7290016246025,false,בארכה מיקס פינוקיות חלבה ללא סוכר 10*20ג,"רושדי תעשיות מזון בע""\מ",IL,בארכה פנוקיות חלבה ל,גרמים,200.00,100 גרם,false,,14.90,7.4500,true,1,18793
7290016246209,false,"חטיף חלבה וניל 100 גרם ""בארכה""","רושדי תעשיות מזון בע""\מ",IL,בארכה חטיף חלבה וניל,גרמים,100.00,100 גרם,false,,3.90,3.9000,true,1,18795
7290016246445,false,בארכה טחינה גולמית מעודנת שומשום מלא 310 גם,"רושדי תעשיות מזון בע""\מ",IL,בארכה טחינה גולמית מ,גרמים,310.00,100 גרם,false,,13.90,4.4839,true,1,18799
7290016246490,false,בארכה חלבה קלאסית 400 גרם,רושדי תעשיות מזון בע,IL,בארכה חלבה קלאסית 40,גרמים,400.00,100 גרם,false,,10.90,2.7250,true,1,18801
7290016270907,false,ברוקולי ארוז במגשית,,,ברוקולי,יח',1.00,יח',false,,9.90,9.9000,true,1,50935
7290016319309,false,סבון נוזלי מאסק קלאסי+משאבה פמלי 1 ל,הנסיך- מפעל לייצור ט,IL,אל סבון מאסק+משאבה פ,ליטרים,1.00,ליטר,false,,11.90,11.9000,true,1,6011
7290016320343,false,"דאק נוזל ג'ל לניקוי מתקדם בניחות לבנדר זוג * 750 מ""ל",אס. סי. ג'\ונסון מידרכט,NL,דאק ג'ל נוזל לניקוי,ליטרים,1.50,ליטר,false,,19.90,13.2667,true,1,6028
7290016321661,false,פרש וואנס SENSITIVE מגבונים ללא בישום רביעייה 72 יחידות,עלבד משואות יצחק,IL,מגבוני פרש וואנס רבי,יחידה,0.00,יחידה,false,,21.90,0.0000,true,1,6041
7290016321678,false,מגבונים לחים בניחוח מרענן עם תמציות קמומיל ואלוורה,עלבד משואות יצחק,IL,פרשוואנס רביעייה נטו,יחידה,0.00,יחידה,false,,21.90,0.0000,true,1,6042
7290016321883,false,פרשוואנס נייר טואלט מתכלה לילדים -מארז שלישייה,עלבד משואות יצחק בעמ,IL,פרשוואנס נייר טואלט,יחידה,0.00,יחידה,false,,16.90,0.0000,true,1,6044
7290016321890,false,פרשוואנס נייר טואלט מתכלה למבוגרים -מארז שלישייה,עלבד משואות יצחק בעמ,IL,פרשוואנס נייר טואלט,יחידה,0.00,יחידה,false,,16.90,0.0000,true,1,6045
7290016334036,false,עירית רמי לוי,,,עירית (בוסתן),יח',1.00,יח',false,,6.90,6.9000,true,1,47716
7290016334166,false,לוף רגיל ארוז ליח,,,לוף רגיל ארוז ליח,יח',1.00,יח',false,,7.90,7.9000,true,1,47720
7290016334500,false,לבבות חסה זוגות בשקי,,,לבבות חסה זוגות בשקי,יח',1.00,יח',false,,9.90,9.9000,true,1,47725
7290016334654,false,תרד ניו זילנדי רמי לוי,,,תרד ניו-זילנדי,גרמים,300.00,100 גרם,false,,12.90,4.3000,true,1,47727
7290016334784,false,ג'ינג'ר ארוז ברכת קטיף 200 גרם,,,ג'ינג'ר ארוז 200 גרם,יח',1.00,יח',false,,11.90,11.9000,true,1,47732
7290016334883,false,עגבניות שרי תמר,,,שרי תמר יח',יח',1.00,יח',false,,9.90,9.9000,true,1,47733
7290016334975,false,אספרגוס רמי לוי,,,אספרגוס ארוז,יח',1.00,יח',false,,29.90,29.9000,true,1,47734
7290016370270,false,זית קלמטה מגולען 560 ג' -יבנה,קבוצת יבנה,IL,זית קלמטה ללא גלעין,גרמים,560.00,100 גרם,false,,14.90,2.6607,true,1,111351
7290016370300,false,זית קלמטה שלם צנצנת יבנה,קוזט אס.אי. פיין פודס,GR,זית קלמטה שלם בצנצנת,גרמים,560.00,100 גרם,false,,15.90,2.8393,true,1,111186
7290016372373,false,רסק עגבניות ללא תוספת סוכר ומלח - מארז זוג,גרנד איטליה Grand Italia,IT,רסק עגבניות איטליה ב,גרמים,280.00,100 גרם,false,,8.90,3.1786,true,1,24803
7290016372489,false,חליטת פירות וצמחים ג'ינג'ר ולימון - אפקט הג'ינג'ר,תה ויסוצקי,IL,סודות הצמחים ג'ינג'ר,גרמים,30.00,100 גרם,false,,17.90,59.6667,true,1,24809
7290016372496,false,חליטת פירות וצמחים בטעם ג'ינג'ר ודבש -אפקט הג'ינג'ר,תה ויסוצקי,IL,סודות הצמחים ג'ינג'ר,גרמים,30.00,100 גרם,false,,17.90,59.6667,true,1,24810
7290016387698,false,כריות יפניות פנינה עדינות,,CN,כריות יפניות דו צדדי,יחידה,0.00,יחידה,false,,6.90,0.0000,true,1,13573
7290016416961,false,מוס גבינה תות שדה קפולסקי 400 גרם,קפולסקי שיווק וקמעונ,IL,עוגת פס מוס גבינה תו,גרמים,400.00,100 גרם,false,,41.90,10.4750,true,1,39954
7290016440652,false,תערובת פרוסות ירקות חמוצים מעדני עופר 500 גרם,מוצרי קפוא זן,,תערובת פרוסות ירקות,גרמים,500.00,100 גרם,false,,20.90,4.1800,true,1,181517
7290016440881,false,ירקות חמוצים בטעם ביתי מעדני עופר 500 גרם,מוצרי קפוא זן,,ירקות חמוצים בטעם טב,גרמים,500.00,100 גרם,false,,20.90,4.1800,true,1,181518
7290016440911,false,מלפפונים ביתיים 500 גרם מעדני עופר,מוצרי קפוא זן,,מלפפונים ביתיים כבוש,גרמים,500.00,100 גרם,false,,20.90,4.1800,true,1,181503
7290016496208,false,פתיל צף עגול בינוני מוכן,שלהבת,IN,פתיל צף עגול,יחידה,0.00,יחידה,false,,5.90,0.0000,true,1,46496
7290016509342,false,סוד מארז טריו כדוריות לאסלה כחול אקטיבי אקונומיקה,הנקל סוד,HU,סוד מארז שלישיה כדור,גרמים,150.00,100 גרם,false,,22.90,15.2667,true,1,34896
7290016509786,false,פרסיל גל לכביסה לבנה וצבעונית-ירוק 2.5 ל,"הנקל סוד בע""\מ",IL,פרסיל ג'ל 2.5 ליטר י,ליטרים,2.50,ליטר,false,,36.90,14.7600,true,1,34902
7290016509809,false,ג'ל מרוכז לכביסה קולור 2.5 ל' פרסיל,"הנקל סוד בע""\מ",IL,פרסיל ג'ל 2.5 ליטר ק,ליטרים,2.50,ליטר,false,,36.90,14.7600,true,1,34904
7290016509823,false,ג'ל לכביסה לבנה וצבעונית בניחוח רענן,פרסיל Persil,IL,פרסיל ג'ל 2.5 ליטר ב,ליטרים,2.50,ליטר,false,,36.90,14.7600,true,1,34906
7290016509830,false,ג'ל כביסה לבגדי תינוקות ובעלי עור רגיש Sensitive,"הנקל סוד בע""\מ",IL,פרסיל ג'ל 2.5 ליטר ב,ליטרים,2.50,ליטר,false,,36.90,14.7600,true,1,34907
7290016584004,false,חטיפוני גזר 130 גרם,"מרינה פטריות הגליל בע""מ",IL,חטיפוני גזר 130 גרם,גרמים,150.00,100 גרם,false,,5.90,3.9333,true,1,41532
7290016584011,false,חטיפוני גזר 350 גרם גיזרונים,"מרינה פטריות הגליל בע""מ",IL,חטיפוני גזר 350 גרם,גרמים,350.00,100 גרם,false,,11.90,3.4000,true,1,41533
7290016621365,false,אל סבון היגייני לניקוי יסודי קמיל Clean & Moisture,פישר מעבדות פרמצבטיות בע,IL,אל סבון ניקיון ולחות,ליטרים,1.00,ליטר,false,,16.90,16.9000,true,1,29273
7290016682199,false,פריניב שייק תות בננה מופחת סוכר 1 ליטר,פריניב בעמ,IL,שייק תות בננה מופחת,יחידה,0.00,יחידה,false,,16.90,0.0000,true,1,49440
7290016682243,false,פריניב אשכולית אדומה סחוט 100% 1 ליטר,פריניב,IL,פרי ניב מיץ אשכולית,ליטרים,2.00,ליטר,false,,16.90,8.4500,true,1,49441
7290016682465,false,מיץ לימון 100% סחוט בקבוק זכוכית 250 מל,,,מיץ לימון לתיבול 100,מיליליטרים,250.00,"100 מ""ל",false,,9.90,3.9600,true,1,285438
7290016693041,false,"יין אמירים רזרב קברנה 750 מ""ל",יקבי ארזה,IL,יין אמירים קברנה 750,מיליליטרים,750.00,"100 מ""ל",false,,22.90,3.0533,true,1,11917
7290016693065,false,"יין אמירים רזרב רוזה 750 מ""ל",יקבי ארזה,IL,יין אמירים רזרב רוזה,מיליליטרים,750.00,"100 מ""ל",false,,22.90,3.0533,true,1,11919
7290016693072,false,"יין אמירים רזרב ריזלינג 750 מ""ל",יקבי ארזה,IL,יין אמירים ריזלינג 7,מיליליטרים,750.00,"100 מ""ל",false,,22.90,3.0533,true,1,11920
7290016693294,false,"יין בראשית רוזה ארזה 750 מ""ל",יקבי ארזה,IL,יין היוצר בראשית רוז,מיליליטרים,750.00,"100 מ""ל",false,,39.90,5.3200,true,1,11925
7290016693553,false,"יין מרלו עונות ארזה 750 מ""ל",יקבי ארזה,IL,יין עונות מרלו 750 מ,מיליליטרים,750.00,"100 מ""ל",false,,33.90,4.5200,true,1,11929
7290016717754,false,"יין ישן נושן יקבי כרמל 750 מ""ל ^^^",אגודת הכורמים הקואופרטיב,IL,"ישן נושן 750מ""ל.",מיליליטרים,750.00,"100 מ""ל",false,,20.90,2.7867,true,1,637
7290016865943,false,אטריות ביצים פטוציני אוריינט 400 גרם,פ.פ.פ טאביט פולין,PL,אטריות ביצים פטוצ'ינ,גרמים,400.00,100 גרם,false,,14.90,3.7250,true,1,3672
7290016866674,false,"פרודונטקס - משחת שיניים מלבינה 75 מ""ל",פרודונטקס Parodontax,SK,"מש.שיניים מ""לבינה פר",מיליליטרים,75.00,"100 מ""ל",false,,32.90,43.8667,true,1,4028
7290016883091,false,חרדל דיז'ון שקדיה 350 גרם,צרבונוקס בברבנט אסאיי,FR,חרדל דיז'ון שקדיה 35,גרמים,350.00,100 גרם,false,,10.00,2.8571,true,1,276773
7290016883176,false,"מוזלי פתיתי שיבולת שועל עם שוקולד מריר ושבבי קוקוס 1 ק""ג","דין שיווק וקלייה בע""",MK,מוזלי 47% דגנים מלאי,קילוגרמים,1.00,"ק""ג",false,,19.90,19.9000,true,1,173185
7290016967074,false,לחם חיטה מלאה עם גרעינים ודגנים,מאפיית שלמה א. אנג'\ל בע,IL,חיטה מלאה אנגל 750 ג,גרמים,750.00,100 גרם,false,,17.90,2.3867,true,1,35492
7290016998184,false,עלי חסה ערבית שטופים 250ג',נטורזה,,עלי חסה ערבית שטופה,גרמים,250.00,100 גרם,false,,10.90,4.3600,true,1,139710
7290016998207,false,לקט קסם השדה נטורזה,נטורזה,,לקט קסם השדה 350 גר,גרמים,350.00,100 גרם,false,,10.90,3.1143,true,1,139712
7290016998221,false,מיקס צבעי הטבע נטורז,נטורזה,,מיקס צבעי הטבע 350 ג,גרמים,350.00,100 גרם,false,,10.90,3.1143,true,1,139361
7290016998238,false,כרוב לבן קצוץ נטורזה,נטורזה,,כרוב לבן קצוץ 400 גר,גרמים,400.00,100 גרם,false,,8.90,2.2250,true,1,139714
7290016998269,false,לקט קולסלאו נטורזה 4,נטורזה,,לקט קולסלאו 400 גר,גרמים,400.00,100 גרם,false,,7.90,1.9750,true,1,139717
7290016998276,false,גזר חתוך דק נטורזה 2,נטורזה,,גזר חתוך דק 250 גר,גרמים,250.00,100 גרם,false,,6.90,2.7600,true,1,139718
7290016998320,false,לבבות קיסר נטורזה יח,נטורזה,IL,לבבות קיסר מארז,יח',1.00,יח',false,,11.90,11.9000,true,1,139723
7290017023212,false,"שוויפס מוגז פירות תפוח מארז רביעייה* 330 מ""ל",יפאורה תבורי בעמ,IL,רביעיית משקה שוופס ב,ליטרים,1.32,ליטר,false,,13.90,10.5303,true,1,11723
7290017023229,false,"שוויפס מוגז פירות תות ליים מארז רביעיה* 330 מ""ל",יפאורה תבורי בעמ,IL,רביעיית משקה שוופס ב,ליטרים,1.32,ליטר,false,,13.90,10.5303,true,1,11724
7290017023809,false,"רביעיית ספרינג 250 מ""ל אגס סברס תפוח","יפאורה תבורי בע""\מ",IL,ספרינג אגס סברס תפוח,ליטרים,1.00,ליטר,false,,11.90,11.9000,true,1,11745
7290017023816,false,"ספרינג  פירות טרופיים 250 מ""ל רביעייה","יפאורה תבורי בע""\מ",IL,ספרינג פירות טרופיים,ליטרים,1.00,ליטר,false,,11.90,11.9000,true,1,11746
7290017023823,false,"רביעיית ספרינג תות בננה 250 מ""ל","יפאורה תבורי בע""\מ",IL,ספרינג תות בננה 250,ליטרים,1.00,ליטר,false,,11.90,11.9000,true,1,11747
7290017023854,false,מי סודה בקבוקים אישיים - מארז 4 יח',יפאורה תבורי בעמ,IL,"שוופס סודה 250 מ""ל ר",ליטרים,1.00,ליטר,false,,13.90,13.9000,true,1,11749
7290017031323,false,"אטריות ביצים פפרדלה 400 מ""ל",פ.פ.פ טאביט פולין,PL,אטריות ביצים פפרדלה,גרמים,400.00,100 גרם,false,,14.90,3.7250,true,1,3674
7290017058689,false,זית שחור טבעי תומר 4,מסנוי גידה רעהס,TR,זית שחור טבעי תומר 4,גרמים,400.00,100 גרם,false,,16.90,4.2250,true,1,25196
7290017062686,false,מרכך כביסה מרוכז בייבי טאצ 1ל',סאסאטק,IL,מרכך כביסה מרוכז טאצ,ליטרים,1.00,ליטר,false,,14.90,14.9000,true,1,110873
7290017062723,false,מרכך כביסה מרוכז ירוק 1*5 ליטר טאצ,,IL,מרכך כביסה מרוכז טאצ,ליטרים,1.00,ליטר,false,,14.90,14.9000,true,1,110875
7290017062730,false,"נוזל כלים לבנדר 36% 750 מ""ל טא'צ+משאבה",,IL,נוזל כלים לבנדר 36%,מיליליטרים,750.00,"100 מ""ל",false,,9.90,1.3200,true,1,102475
7290017062754,false,"נ.כלים 36% לימון טאצ' +משאבה 750 מ""ל",,IL,נוזל כלים לימון 36%,מיליליטרים,750.00,"100 מ""ל",false,,9.90,1.3200,true,1,103767
7290017065007,false,פרוסות גבינה מוצרלה חצי קשה 22% שומן 200 ג' גד,מחלבות גד בעמ,IL,מוצרלה פרוסה חצי קש,גרמים,200.00,100 גרם,false,,19.90,9.9500,true,1,14713
7290017065137,false,גבינת ריקוטה למריחה 5% טבעית 200ג' גד,האי נאם סי או אל.טי.,IL,גבינה ריקוטה למריחה,גרמים,200.00,100 גרם,false,,11.90,5.9500,true,1,14716
7290017065212,false,גבינת קרם מסקרפונה מחלבות גד 250 גר,מיוצר עי קוד יצרן ED,IL,קרם מסקרפונה להקצפה,גרמים,250.00,100 גרם,false,,21.90,8.7600,true,1,14722
7290017068350,false,עדשים שחורות בלוגה מיה 500 גרם,מיה,IL,עדשים שחורות בלוגה מ,גרמים,500.00,100 גרם,false,,8.90,1.7800,true,1,224282
7290017068367,false,שמרים בוואקום 125 גרם,מיה,IL,מיה שמרים בוואקום 12,גרמים,125.00,100 גרם,false,,4.90,3.9200,true,1,15275
7290017068374,false,שמרים יבשים בואקום מיה 500 גרם,angle yeast co ltd,IL,מיה שמרים בוואקום 50,גרמים,500.00,100 גרם,false,,10.90,2.1800,true,1,15276
7290017068893,false,ג'לי דגיגים בציפוי סוכר 350 גרם,מיה תעשיות מזון בעמ,IL,ג'לי דגיגים בציפוי ס,גרמים,350.00,100 גרם,false,,15.90,4.5429,true,1,222690
7290017068930,false,ג'ליבינס חמוצמוץ מיה 350 גרם,מיה תעשיות מזון בעמ,IL,ג'לי בינס חמוצמוץ מי,גרמים,350.00,100 גרם,false,,15.90,4.5429,true,1,222692
7290017068978,false,שיבולת שועל מלאה להכנה מהירה מיה 500 גרם,מיה,IL,שיבולת שועל מלאה להכ,קילוגרמים,1.00,"ק""ג",false,,11.90,11.9000,true,1,271383
7290017088075,false,בייביסיטר - חיתולי סטנדרט מידה 4+ - 40 יח',די.פי.אל תעשיות מוצרים ח,IL,חיתולי ביייביסיטר סט,יח',40.00,יח',false,,37.90,0.9475,true,1,274937
7290017088082,false,בייביסיטר - חיתולי סטנדרט מידה 5 - 36 יח',די.פי.אל תעשיות מוצרים ח,IL,חיתולי ביייביסיטר סט,יח',36.00,יח',false,,37.90,1.0528,true,1,274938
7290017088099,false,בייביסיטר - חיתולי סטנדרט מידה 6 - 30 יח',די.פי.אל תעשיות מוצרים ח,IL,חיתולי ביייביסיטר סט,יח',34.00,יח',false,,37.90,1.1147,true,1,274939
7290017088112,false,חיתולים בייביסיטר נו,די.פי.אל תעשיות מוצר,IL,ביייביסיטר נוחות מיד,יח',36.00,יח',false,,34.90,0.9694,true,1,29547
7290017088631,false,רבעיית מגבונים תולי ללא בישום 72*4 יחידות,DPL,IL,מגבון Tooly רביעייה,יחידה,0.00,יחידה,false,,11.90,0.0000,true,1,62813
7290017088693,false,קוויק מטליות לחות לניקוי וחיטוי רצפות ניחוח לוונדר 10 יחידות,די.פי.אל,IL,מגבונים לניקוי וחיטו,יח',10.00,יח',false,,12.90,1.2900,true,1,29552
7290017088822,false,BREEZE תחבושות לבריחת שתן אקסטרה (10 יח'),ניאופארם,IT,תחבושות Breeze לבריח,יח',12.00,יח',false,,19.90,1.6583,true,1,144866
7290017088839,false,BREEZE תחבושות לבריחת שתן אקסטרה פלוס (8 יח'),ניאופארם,IT,תחבושות Breeze לבריח,יח',12.00,יח',false,,19.90,1.6583,true,1,144013
7290017088846,false,BREEZE תחבושות לבריחת שתן מקסי (8 יח'),ניאופארם,IT,תחבושות Breeze לבריח,יח',12.00,יח',false,,19.90,1.6583,true,1,144014
7290017088853,false,BREEZE תחתונים לבריחת שתן מידה M יח' 14,ניאופארם,IT,תחתונים סופגים Breez,יח',14.00,יח',false,,74.90,5.3500,true,1,144101
7290017088914,false,מגבונים בייביסיטר מבושם 66X6 יח',די.פי.אל,IL,מגבונים מבושם בייביס,יחידה,0.00,יחידה,false,,18.90,0.0000,true,1,96554
7290017105048,false,שלישיית טבעות זיתים זיתים יכין 200 גרם,יכין,IL,טבעות ירוקים זיתים י,גרמים,200.00,100 גרם,false,,11.90,5.9500,true,1,71492
7290017105062,false,גרגירי חומוס שלם יכין הקטניה הטובה 200 ג,היינץ צפון אמריקה מק,IL,חומוס 6OZ יכין 200 ג,גרמים,200.00,100 גרם,false,,4.90,2.4500,true,1,8745
7290017105079,false,שעועית לבנה ברוטב עגבניות יכין הקטניה הט,היינץ צפון אמריקה מק,IL,שעועית אפויה 6OZ יכי,גרמים,200.00,100 גרם,false,,4.90,2.4500,true,1,8746
7290017105086,false,שימורי יכין שעועית צילי 200 גר,"זנלכל בע""\מ",IL,שעועית צ'ילי 6OZ יכי,גרמים,200.00,100 גרם,false,,4.90,2.4500,true,1,8747
7290017105116,false,תורמוס הקטניה הטובה יכין 200/105 גרם,"זנלכל בע""\מ",IL,תורמוס 6OZ יכין 200,גרמים,200.00,100 גרם,false,,4.90,2.4500,true,1,8750
7290017105123,false,פול מצרי הקטניה הטובה יכין 200/105 גרם,היינץ צפון אמריקה מק,IL,פול מצרי 6OZ יכין 20,גרמים,200.00,100 גרם,false,,4.90,2.4500,true,1,8751
7290017105468,false,מארז שלישייה אפונה קטנה יכין 3*200 גר,קשקמט קונסרב הונגריה,IL,אפונה יכין 3*120 גרם,גרמים,360.00,100 גרם,false,,14.90,4.1389,true,1,8754
7290017105550,false,רביעיית רסק עגבניות 100% יכין 4X100 גרם,היינץ צפון אמריקה מק,IL,מאגדת רסק עגבניות יכ,גרמים,400.00,100 גרם,false,,11.90,2.9750,true,1,8755
7290017105895,false,גרגרי חומוס להכנת חומוס משובח יכין 560 ג,זנלכל,IL,גרגרי חומוס מסעדות י,גרמים,550.00,100 גרם,false,,10.90,1.9818,true,1,81715
7290017106069,false,קוביות סלק יכין 550 גרם,היינץ צפון אמריקה מק,IL,קוביות סלק יכין 550,גרמים,550.00,100 גרם,false,,10.90,1.9818,true,1,62536
7290017121086,false,"אריסה ביתית מתוקה עללחם, 250 גרם","מדשא תעשיות מזון בע""\מ",IL,אריסה מתוקה ביתית על,גרמים,250.00,100 גרם,false,,15.90,6.3600,true,1,223078
7290017121093,false,"אריסה חריפה 250 גרם ""עללחם""","מדשא תעשיות מזון בע""\מ",IL,ממרח אריסה חריפה עלל,גרמים,250.00,100 גרם,false,,15.90,6.3600,true,1,23385
7290017142128,false,"שמן זית כתית מעולה קלאסי עץ הזית 750 מ""ל",שמן תעשיות בעמ,IT,שמן זית כתית מעולה ק,מיליליטרים,750.00,"100 מ""ל",false,,35.90,4.7867,true,1,29358
7290017142159,false,"שלישיית נתחי טונה בהירה בשמן זית 80 גרם ""עץ הזית""",הנסיך- מפעל לייצור ט,TH,נתחי טונה בהירה בשמן,גרמים,240.00,100 גרם,false,,24.90,10.3750,true,1,29359
7290017142166,false,"פילה טונה פרוס עם שמן זית 120 גרם ""עץ הזית""","יוניקורד ח.צ בע""מ",TH,פילה טונה פרוס עם בש,גרמים,120.00,100 גרם,false,,16.90,14.0833,true,1,29360
7290017142180,false,פילה טונה בשמן זית בטעם לימון עם פלפל שחור 120 ג',"יוניקורד ח.צ בע""מ",TH,פילה טונה פרוס זית ל,גרמים,120.00,100 גרם,false,,16.90,14.0833,true,1,29361
7290017142203,false,"פילה טונה פרוס עם שמן זית בטעם מעושן 120 גרם ""עץ הזית""","יוניקורד ח.צ בע""מ",TH,פילה טונה פרוס עם בש,גרמים,120.00,100 גרם,false,,16.90,14.0833,true,1,29362
7290017142289,false,"תרסיס שמן חמניות מזוכך עץ הזית 200 מ""ל",י.ב טכנולוגיות אריזה בעמ,IT,תרסיס שמן חמניות עץ,מיליליטרים,200.00,"100 מ""ל",false,,20.90,10.4500,true,1,29367
7290017142364,false,"שמן דלעת לא מזוכך עץ הזית 250 מ""ל",גאה די.או.או,SI,שמן דלעת לא מזוכך עץ,מיליליטרים,250.00,"100 מ""ל",false,,41.90,16.7600,true,1,29373
7290017142371,false,"שמן שומשום לא מזוכך עץ הזית 250 מ""ל",גאה די. או. או.,SI,שמן שומשום לא מזוכך,מיליליטרים,250.00,"100 מ""ל",false,,33.90,13.5600,true,1,29374
7290017142388,false,שמן חמניות פלוס אומגה 3 עץ הזית 1 ליטר,שמן תעשיות בעמ,IL,שמן חמניות פלוס אומג,ליטרים,1.00,ליטר,false,,17.90,17.9000,true,1,29375
7290017142395,false,"LUNCH TO GO פסטה עם טונה בשמן זית 160 גרם ""עץ הזית""",יוניקורד ח.צ בעמ,TH,פסטה עם טונה בשמן זי,גרמים,160.00,100 גרם,false,,15.90,9.9375,true,1,29376
7290017142401,false,"LUNCH TO GO קינואה לבנה ואדומה טונה בשמן זית 160 גרם ""עץ הזית""",ג'נרל מילס סאן אדריא,TH,קינואה לבנה ואדומה ע,גרמים,160.00,100 גרם,false,,15.90,9.9375,true,1,98695
7290017142418,false,"LUNCH TO GO אורז עם עדשים טונה בשמן זית 160 גרם ""עץ הזית""",יוניקורד ח.צ בעמ,TH,אורז עדשים עם טונה ב,גרמים,160.00,100 גרם,false,,15.90,9.9375,true,1,29377
7290017266046,false,מארז וופל קראנצ' אישי 30 יחידות עלמה,"גילרו בע""מ",IL,חטיף וופל קראנצ במיל,גרמים,600.00,100 גרם,false,,17.90,2.9833,true,1,41386
7290017266725,false,וופל קראנצ' במילוי בטעם שוקולד 30 יח',"גילרו בע""מ",IL,חטיף וופל קראנצ' במ,גרמים,480.00,100 גרם,false,,17.90,3.7292,true,1,104618
7290017304885,false,לחם שיפון מחיטה מלאה ללא תוספת סוכר 750 ג' אנג'ל,מאפיית שלמה א. אנג'\ל בע,IL,לחם שיפון וחיטה מלאה,גרמים,750.00,100 גרם,false,,17.90,2.3867,true,1,35498
7290017374390,false,סט שירותים טורינו,,IT,סט לשרותים TORINO (,יחידה,0.00,יחידה,false,,24.90,0.0000,true,1,13581
7290017374925,false,מטאטא אמור AMOR + מק,,,מטאטא אמור AMORE,יחידה,0.00,יחידה,false,,19.90,0.0000,true,1,297404
7290017457611,false,גל כביסה סוד טוטאל ירוק 2.5 ליטר,הנקל סוד,IL,ג'ל כביסה ירוק סוד,ליטרים,2.50,ליטר,false,,25.90,10.3600,true,1,71650
7290017457727,false,"סוד כחול מרכך כביסה מרוכז20%+בישום 900 מ""ל",הנקל סוד,IL,מרכך כביסה מרוכז סוד,מיליליטרים,900.00,"100 מ""ל",false,,13.90,1.5444,true,1,34926
7290017457734,false,"סוד ורוד מרכך כביסה מרוכז20%+בישום 900 מ""ל",הנקל סוד,IL,מרכך כביסה מרוכז סוד,מיליליטרים,900.00,"100 מ""ל",false,,13.90,1.5444,true,1,34927
7290017457888,false,סוד ג'ל כביסה טוטל כחול 4 לי,הנקל סוד,IL,ג'ל כביסה סוד כחול 4,ליטרים,4.00,ליטר,false,,36.90,9.2250,true,1,71653
7290017477169,false,קשיו קלוי 250 גרם ששון הקולה,"דין שיווק וקלייה בע""",IL,קשיו קלוי ששון הקולה,גרמים,250.00,100 גרם,false,,20.00,8.0000,true,1,4891
7290017513485,false,מחית עגבניות רוסטיקה גרנד איטליה 680 גרם,היצרן: ס.פ. פודנצנו -10,IT,מחית עגבניות רוסטיקה,גרמים,680.00,100 גרם,false,,13.90,2.0441,true,1,24834
7290017513829,false,תה ירוק לימונית ג'ינג'ר 25 שקיקים בתוספת ויטמין Cּּ+D,ויסוצקי ירוק,IL,תה ירוק לימונית ג'ינ,גרמים,37.50,100 גרם,false,,23.90,63.7333,true,1,99831
7290017513850,false,תה ירוק נענע 25 שקיקים בתוספת ויטמינים Cּּ+D,ויסוצקי ירוק,IL,תה ירוק נענע בתוספת,גרמים,37.50,100 גרם,false,,23.90,63.7333,true,1,99844
7290017595047,false,זוג כוסיות לנרונים שלהבת,שלהבת,IL,זוג כוסיות קריסטל מע,יחידה,0.00,יחידה,false,,14.90,0.0000,true,1,48716
7290017599229,false,ממתיק סוכרלוז 200 טבליות סוכרזית,"סוכרזית בע""מ",IL,סוכרזית סוכרלוז 200,גרמים,17.00,100 גרם,false,,24.90,146.4706,true,1,218318
7290017599267,false,סוכרלוז 120 שקיות ממתיק שולחני,סוכרזית Sucrazit,IL,סוכרזית סוכרלוז ממתי,גרמים,120.00,100 גרם,false,,24.90,20.7500,true,1,299650
7290017599274,false,סוכרזית סטיוויה 120 שקיות,ביסקול בע''מ,IL,סוכרזית סטיוויה ממת,גרמים,120.00,100 גרם,false,,24.90,20.7500,true,1,297740
7290017616711,false,שיני שום מוקפאות 250 גר,ג'קסיאן הינגשינגפודס,CN,שיני שום קלופים קפוא,גרמים,250.00,100 גרם,false,,17.90,7.1600,true,1,121108
7290017617046,false,נתחי טונה בשמן זית כתית מעולה רביעיה * 140 ג',סטארקיסט,TR,טונה בשמן זית סטארקי,גרמים,560.00,100 גרם,false,,29.90,5.3393,true,1,26703
7290017617091,false,סטארקיסט מיקס טוגו טונה עם פתיתים 185 גרם,דרדנל אוננטאס גידה,TR,סטארקיסט מיקס 185 גר,גרמים,185.00,100 גרם,false,,13.90,7.5135,true,1,192886
7290017617107,false,סטארקיסט מיקס טוגו טונה עם 4 דגנים 185 גרם,"איטיליאן פוד, אס.פי.",TR,סטארקיסט מיקס 185 גר,גרמים,185.00,100 גרם,false,,13.90,7.5135,true,1,192887
7290017641096,false,"שוקולד פרימיום 70% לל""ס 100גרם בדצ *12יח*2 בדיס",כרמית תעשיות ממתקים,IL,שוקולד מריר מעולה קל,גרמים,100.00,100 גרם,false,,9.90,9.9000,true,1,233490
7290017641997,false,"שוקולד מריר עם שברי אגוזי לוז פרימיום 70% לל""ס כרמית","כרמית תעשיות ממתקים בע""\",IL,שוקולד מריר מעולה עם,גרמים,100.00,100 גרם,false,,9.90,9.9000,true,1,233491
7290017677804,false,"רוטב סויה קיקומן ללא חומרים משמרים 444 מ""ל",קיקומן פודז אינק,US,קיקומן רוטב סויה ללא,מיליליטרים,444.00,"100 מ""ל",false,,21.90,4.9324,true,1,5340
7290017682099,false,מקל מטאטא טיטניוום,,,מקל טיטניום 1.3 מטר,יחידה,0.00,יחידה,false,,5.90,0.0000,true,1,51925
7290017682563,false,שיפודים חד פעמי עובי,,CN,שיפוד עובי 5 אורך 30,יחידה,0.00,יחידה,false,,4.00,0.0000,true,1,91721
7290017715346,false,זית שחור טאסוס 400 גרם,מסנוי גידה רעהס,TR,זית שחור טאסוס תומר,גרמים,400.00,100 גרם,false,,16.90,4.2250,true,1,25208
7290017715407,false,זיתים שחורים עם פלפל חריף,מסנוי גידה רעהס,TR,זית שחור עם פלפל חרי,גרמים,400.00,100 גרם,false,,16.90,4.2250,true,1,25209
7290017715506,false,תומר חומץ 5% 1 ליטר,,IL,חומץ תומר 1 ליטר,ליטרים,1.00,ליטר,false,,5.90,5.9000,true,1,65212
7290017715704,false,זית מושחר טבעות 560 ג' תומר,,IL,זית מושחר טבעות תומר,גרמים,560.00,100 גרם,false,,11.90,2.1250,true,1,65194
7290017715735,false,A2 זית סורי מבוקע תומר 560 גרם,עדן,IL,זית סורי מבוקע תומר,גרמים,560.00,100 גרם,false,,10.90,1.9464,true,1,65197
7290017715834,false,A2 זית נובו מבוקע ג.מאוד תומר 560 גרם,"א.א שימורי עדן בע""מ",IL,זית נובו מבוקע ג.מאו,גרמים,560.00,100 גרם,false,,11.90,2.1250,true,1,65199
7290017724003,false,עוגיות גרסיני אקלר 2,אקלר,IL,עוגיות גרסיני אקלר 2,גרמים,250.00,100 גרם,false,,24.90,9.9600,true,1,222585
7290017724034,false,עוגיות ריבה בטעם תות250ג,אקלר,IL,עוגיות סנדוויץ ריבה,גרמים,250.00,100 גרם,false,,24.90,9.9600,true,1,222468
7290017724041,false,עוגיות תותי פרוטי 200גרם,אקלר,IL,עוגיות תותי פרוטי אק,גרמים,200.00,100 גרם,false,,24.90,12.4500,true,1,222469
7290017724102,false,עוגיות סיגרים תמרים/,אקלר,IL,עוגיות סיגרים תמרים/,גרמים,250.00,100 גרם,false,,24.90,9.9600,true,1,222527
7290017724119,false,עוגיות אוזנים אקלר 200 גרם,אקלר,IL,עוגיות אוזניים אקלר,גרמים,200.00,100 גרם,false,,24.90,12.4500,true,1,222586
7290017724126,false,עוגיות טחינה אקלר 250 גרם,אקלר,IL,עוגיות טחינה אקלר 25,גרמים,250.00,100 גרם,false,,24.90,9.9600,true,1,222513
7290017724232,false,עוגיות שומשומית 200 גרם,אקלר,IL,עוגיות שומשומית אקלר,גרמים,200.00,100 גרם,false,,24.90,12.4500,true,1,222587
7290017724256,false,אקלר שומשומיות ללא סוכר 200 גרם,אקלר,IL,"עוגיות שומשומית לל""ת",גרמים,200.00,100 גרם,false,,24.90,12.4500,true,1,222621
7290017724263,false,"עוגיות בטהובן ללת""ס300גר",אקלר,IL,"עוגיות בטהובן לל""תס",גרמים,300.00,100 גרם,false,,24.90,8.3000,true,1,246129
7290017724287,false,אקלר פקאן ללא סוכר 200 גרם,"אקלר בע""מ",IL,עוגיות אצבעות פקאן ל,גרמים,250.00,100 גרם,false,,24.90,9.9600,true,1,222623
7290017724294,false,"גרנולה צ'יפס ללת""ס200גרם",,IL,עוגיות גרנולה צ'יפס,גרמים,200.00,100 גרם,false,,24.90,12.4500,true,1,222624
7290017724300,false,עוגיות גרנולה אקלר 200 גרם,,IL,עוגיות גרנולה אקלר 2,גרמים,200.00,100 גרם,false,,24.90,12.4500,true,1,222589
7290017812380,false,תירוש מיץ ענבים אדום,,,תירוש מיץ ענבים אדום,מיליליטרים,750.00,"100 מ""ל",false,,13.90,1.8533,true,1,648
7290017812571,false,מיץ ענבים תירוש אדום 100% טבעי כרמל 1 ליטר,יקבי כרמל Carmel Winery,IL,תירוש מיץ ענבים אדום,ליטרים,1.00,ליטר,false,,22.90,22.9000,true,1,53341
7290017812588,false,מיץ ענבים תירוש לבן 100% טבעי כרמל 1 ליטר,יקבי כרמל Carmel Winery,IL,תירוש מיץ ענבים לבן,ליטרים,1.00,ליטר,false,,22.90,22.9000,true,1,53551
7290017812656,false,תירוש מבעבע מיץ ענבים מבעבע אדום,ג'\קובז'\י איי.אי פיגלי,IL,תירוש אדום מבעבע יקב,מיליליטרים,750.00,"100 מ""ל",false,,21.90,2.9200,true,1,163188
7290017812663,false,"תירוש לבן מיץ ענבים מבעבע כרמל 750 מ""ל",ג'\קובז'\י איי.אי פיגלי,IL,תירוש לבן מבעבע יקבי,מיליליטרים,750.00,"100 מ""ל",false,,21.90,2.9200,true,1,163202
7290017812847,false,"יין פרנץ גוורצטרמינר סלקטד כרמל 750 מ""ל","כד בני דרום בע""מ",IL,סלקטד פרנץ קולומברד,מיליליטרים,750.00,"100 מ""ל",false,,32.90,4.3867,true,1,114156
7290017812861,false,יין וינו לבן יקבי כרמל,כרמל מזרחי,IL,יין וינו לבן יבש יקב,מיליליטרים,750.00,"100 מ""ל",false,,23.90,3.1867,true,1,163148
7290017812977,false,"יין קריניאנו סלקטדאננס באז כרמל 750 מ""ל",כרמל מזרחי,IL,יין באזז אננס יקבי כ,מיליליטרים,750.00,"100 מ""ל",false,,31.90,4.2533,true,1,147277
7290017816005,false,בייגלה כוסמין שמיניות שומשום 300 גר,יוליניבר,IL,בייגלה כוסמין בתוספת,גרמים,300.00,100 גרם,false,,16.90,5.6333,true,1,214793
7290017816012,false,קרם קרקר כוסמין מקור הכוסמין 250 גר,מגדנית הדר,IL,קרם קרקר מקור הכוסמי,גרמים,250.00,100 גרם,false,,15.90,6.3600,true,1,214810
7290017816111,false,פתי בר מקןר הכוסמין 220 גרם,אפיפית הדר,IL,פתי בר מקור הכוסמין,גרמים,220.00,100 גרם,false,,12.90,5.8636,true,1,214794
7290017816135,false,פריכיות כוסמין מקור הכוסמין 90 גר,זן-בר,IL,פריכיות כוסמין ללא ת,גרמים,90.00,100 גרם,false,,10.90,12.1111,true,1,214813
7290017864259,false,בזיליקום 100ג רמי לוי,,,בזיליקום יח',גרמים,100.00,100 גרם,false,,9.90,9.9000,true,1,75860
7290017864549,false,עלי רוקולה 250ג רמי לוי,,,בייבי רוקולה,גרמים,250.00,100 גרם,false,,14.90,5.9600,true,1,75748
7290017864556,false,בייבי תרד 250ג רמי לוי,,,בייבי תרד,גרמים,150.00,100 גרם,false,,9.90,6.6000,true,1,75862
7290017871974,false,טוסו אבקת ג'לי טעם תות 30גרם,אשבל מזון פונקציונלי בע\,IL,ג'ילי בטעם תות שדה 2,גרמים,25.00,100 גרם,false,,10.90,43.6000,true,1,104799
7290017872865,false,בייביביס חטיפי דגנים אפויים לתינוקות בטעם גזר ועגבנייה,טאטא גלובל בוורג'ס,IL,חטיפי דגנים אפויים ל,גרמים,40.00,100 גרם,false,,13.90,34.7500,true,1,229216
7290017873008,false,גלילונית הקפאה זוג 275 יחידות,"אשפלסט תעשיות בע""מ",IL,גלילונית שקיות רב שי,יחידה,0.00,יחידה,false,,17.90,0.0000,true,1,199660
7290017873039,false,מארז זוג שקיות לסנדוויץ גלילונית 2*160 יח',"קינג באג בע""מ",TH,גלילונית שקיות אוכל,יחידה,0.00,יחידה,false,,13.90,0.0000,true,1,199661
7290017873183,false,"סבון ידיים בניחות אשכולית אדומה 500 מ""ל יהלום",,TR,תחליב רחצה לטיפוח עו,מיליליטרים,500.00,"100 מ""ל",false,,10.90,2.1800,true,1,242002
7290017888019,false,"משקה תפוח רימון סלק גינגיר פרות &ווג 350 מ""ל",פרוט אנד וג' Fruit & Veg,IL,פרוט & וג' תפוח רימו,מיליליטרים,330.00,"100 מ""ל",false,,7.90,2.3939,true,1,11761
7290017888033,false,"משקה בננה מלון נענע פרות &ווג 350 מ""ל",פרוט אנד וג' Fruit & Veg,IL,פרוט & וג' בננה מלון,מיליליטרים,330.00,"100 מ""ל",false,,7.90,2.3939,true,1,11763
7290017888095,false,"שוופס מוגז עדין פירות יער פחיות רביעייה 330 מ""ל",יפאורה תבורי בעמ,IL,רביעיית מ.עדין שוופס,ליטרים,1.32,ליטר,false,,12.90,9.7727,true,1,11766
7290017888101,false,"שוויפס מוגז עדין אפרסק מארז רביעייה* 330 מ""ל",יפאורה תבורי בעמ,IL,רביעיית מ.עדין שוופס,ליטרים,1.32,ליטר,false,,12.90,9.7727,true,1,11767
7290017888729,false,שוופס סודה בקבוק 1 ל',"יפאורה תבורי בע""\מ",IL,שוופס סודה 1 ליטר,ליטרים,1.00,ליטר,false,,4.50,4.5000,true,1,69434
7290017894041,false,"פתיתי שיבולת שועל דקה לל""ג דגש 400 גרם","נארז על ידי אפ, סי ת",IL,דגש פתיתי שיבולת שוע,גרמים,400.00,100 גרם,false,,20.90,5.2250,true,1,105055
7290017894058,false,תערובת רב תכליתית ללא גלוטן,"אף סי, תבליני הגליל",IL,דגש - תערובת להכנת ל,גרמים,500.00,100 גרם,false,,17.90,3.5800,true,1,105558
7290017894096,false,ממרח בטעם מיונז טבעוני אורגני 350 גרם,אף.סי תבליני בגליל ב,DE,נטורפוד - ממרח בטעם,גרמים,350.00,100 גרם,false,,24.90,7.1143,true,1,105530
7290017894102,false,פנה אורז תירס דגש 400 גרם,אנדריאני,IL,דגש פנה אורז תירס לל,גרמים,400.00,100 גרם,false,,10.90,2.7250,true,1,105250
7290017894126,false,פוזילי טריקולור דגש 400 גרם,אנדריאני,IL,דגש פוזלי טריקולור ל,גרמים,400.00,100 גרם,false,,10.90,2.7250,true,1,105252
7290017928036,false,מקלות גריסיני שומשום מאיר בייגל 175 גרם,מאיר את בייגל,IL,מקלות גריסיני שומשום,גרמים,175.00,100 גרם,false,,12.90,7.3714,true,1,5341
7290017928043,false,מקלות גריסיני קראנץ' מלח מאיר בייגל 175 גרם,מאיר את בייגל,IL,גריסיני קראנץ' מלח מ,גרמים,175.00,100 גרם,false,,12.90,7.3714,true,1,5342
7290017928098,false,שטוחלה מלח מאיר בייגל 330 גרם,מאיר את בייגל,IL,בייגלה שטוח מלח מאיר,גרמים,330.00,100 גרם,false,,11.90,3.6061,true,1,182960
7290017928432,false,מקלות גריסיני קראנץ' פרג מאיר בייגל 175 גרם,מאיר את בייגל,IL,גריסיני קראנץ' פרג מ,גרמים,175.00,100 גרם,false,,12.90,7.3714,true,1,5350
7290017928524,false,בייגלה שטוח ניגובים מלח 330 ג' מאיר בייגל,מאיר את בייגל,IL,בייגלה שטוח ניגובים,גרמים,300.00,100 גרם,false,,11.90,3.9667,true,1,186974
7290017928616,false,שטוחלה שומשום מאיר בייגל 300 גרם,מאיר את בייגל,IL,שטוחלה שומשום מאיר ב,גרמים,300.00,100 גרם,false,,11.90,3.9667,true,1,5353
7290017928661,false,מאיר בייגל -סמאש-שבורים בטעם צ'דר 300 גרם,מאיר בייגל,BG,שברי בייגלה בטעם צ'ד,גרמים,300.00,100 גרם,false,,14.90,4.9667,true,1,119837
7290017928746,false,פירורי בייגלה מאיר בייגל 200 גרם,מאיר בייגל,IL,פירורי בייגלה מאיר ב,גרמים,200.00,100 גרם,false,,7.90,3.9500,true,1,234098
7290017928821,false,מקלות גריסיני קלאסי מאיר בייגל 200 גרם,מאיר את בייגל,IL,מקלות גריסיני קלאסי,גרמים,200.00,100 גרם,false,,12.90,6.4500,true,1,5358
7290017932088,false,גאלה תחתית אפויה לפאי 170 גרם,פיניקל פודס גרופ,US,גאלה תחתית אפויה לפא,גרמים,170.00,100 גרם,false,,12.90,7.5882,true,1,145302
7290017941103,false,מזלגות 100 יח' לבן,,,מזלגות 100 יח' לבן,יחידה,0.00,יחידה,false,,8.90,0.0000,true,1,147825
7290017941226,false,מזלגות 40 יח' עבה במ,,,מזלגות 40 יח' עבה במ,יחידה,0.00,יחידה,false,,8.90,0.0000,true,1,125259
7290017941233,false,WIZ סכינים עבות במיוחד שקוף 40 יח',,,סכינים 40 יח' עבה במ,יחידה,0.00,יחידה,false,,8.90,0.0000,true,1,125242
7290017941240,false,WIZ כפיות עבות במיוחד קרם 40 יח',,,כפיות 40 יח' עבה במי,יחידה,0.00,יחידה,false,,8.90,0.0000,true,1,125243
7290017941257,false,WIZ כפות עבות במיוחד קרם 40 יח',,,כפות 40 יח' עבה במיו,יחידה,0.00,יחידה,false,,8.90,0.0000,true,1,125244
7290017941288,false,נר נשמה 24 שעות,,,נר נשמה 24 שעות,יחידה,0.00,יחידה,false,,2.50,0.0000,true,1,157957
7290017941332,false,WIZ נרונים שבת 66 יחידות,,,נרונים 66 יח' 6 שעות,יחידה,0.00,יחידה,false,,26.90,0.0000,true,1,169397
7290017941349,false,WIZ נרונים שבת 72 יחידות,,,נרונים 72 יח' 4 שעות,יחידה,0.00,יחידה,false,,24.90,0.0000,true,1,169398
7290017941370,false,להבונים 50 יח' נרות הארי,,,להבונים 50 יח' 3 שעו,יחידה,0.00,יחידה,false,,10.90,0.0000,true,1,157974
7290017941387,false,להבונים בקופסא 100 י,,,להבונים בקופסא 100 י,יחידה,0.00,יחידה,false,,23.90,0.0000,true,1,169401
7290017941400,false,כוסות 4OZ אספרסו 50,,,כוסות 4OZ אספרסו 50,יחידה,0.00,יחידה,false,,10.90,0.0000,true,1,150642
7290017941455,false,כוסות 9oz לשתיה חמה,,,כוסות 9oz לשתיה חמה,יחידה,0.00,יחידה,false,,14.90,0.0000,true,1,139300
7290017941462,false,כוסות שתיה חמה 8B י,,,כוסות שתיה חמה 8B י,יחידה,0.00,יחידה,false,,10.90,0.0000,true,1,131820
7290017941493,false,שקיות פס סגור 25 יח',,,שקיות פס סגור 25 יח',יחידה,0.00,יחידה,false,,8.90,0.0000,true,1,147347
7290017941516,false,שקיות זיפר S לאחסון-,,,שקיות זיפר S לאחסון-,יחידה,0.00,יחידה,false,,7.90,0.0000,true,1,147349
7290017941530,false,כוסות TO-GO לשתייה ח,,,כוסות TO-GO לשתייה ח,יחידה,0.00,יחידה,false,,13.90,0.0000,true,1,139135
7290017941608,false,WIZ קעריות אובליות לבן 50 יח',,,קערות אובליות לבן 50,יחידה,0.00,יחידה,false,,11.90,0.0000,true,1,124719
7290017941615,false,רדיד אלומניום כוכבים,,,רדיד אלומניום כוכבים,מטרים,60.00,מטר,false,,28.90,0.4817,true,1,124665
7290017941660,false,מארז תבניות לחלה עבו,,,מארז תבניות לחלה עבו,יחידה,0.00,יחידה,false,,14.90,0.0000,true,1,124681
7290017941684,false,מארז תבניות רוסטר ענ,,,מארז תבניות רוסטר ענ,יחידה,0.00,יחידה,false,,14.90,0.0000,true,1,124668
7290017941691,false,מפת שולחן מהודרת 270,,,מפת שולחן מהודרת 270,יחידה,0.00,יחידה,false,,9.90,0.0000,true,1,157988
7290017941790,false,ניילון נצמד 30*30 עם,,,ניילון נצמד 30*30 עם,מטרים,30.00,מטר,false,,9.90,0.3300,true,1,157989
7290017941875,false,קערת פלסטיק עגולה 9.,,,קערת פלסטיק עגולה 9.,יחידה,0.00,יחידה,false,,9.90,0.0000,true,1,117958
7290017941905,false,קיסמים במלחיה 300 יח,,,קיסמים במלחיה 300 יח,יחידה,0.00,יחידה,false,,3.90,0.0000,true,1,127185
7290017941967,false,שקיות אוכל XL 300 י,,,שקיות אוכל XL 300 י,יחידה,0.00,יחידה,false,,9.90,0.0000,true,1,151757
7290017941981,false,כוסות 12OZ לשתייה חמ,,,כוסות 12OZ לשתייה חמ,יחידה,0.00,יחידה,false,,17.90,0.0000,true,1,240022
7290017946368,false,שלישיית כדוריות סבון לאסלה אוקיינוס סוד 50 גרם,הנקל סוד,RS,סוד כדוריות לאסלה P.,גרמים,150.00,100 גרם,false,,22.90,15.2667,true,1,113665
7290017946764,false,מנקה מכונת כביסה 150 גר K2R,הנקל Henkel,DE,מנקה מכונת כביסה,גרמים,150.00,100 גרם,false,,22.90,15.2667,true,1,113652
7290017947105,false,לחם אנג'ל בסגנון אמריקה 500 גרם,מאפיית שלמה א. אנג'\ל בע,IL,לחם בסגנון אמריקה אנ,גרמים,500.00,100 גרם,false,,15.90,3.1800,true,1,35499
7290017947464,false,שמיניית פיתות כוסמין אנג'ל 8*50 גרם,מאפיית שלמה א.אנג'\ל בע\,IL,שמיניית פיתות כוסמין,גרמים,400.00,100 גרם,false,,17.90,4.4750,true,1,94069
7290017947891,false,לחם אנג'ל כוסמין וחיטה מלאה 750 גרם,מאפיית שלמה א. אנג'\ל בע,IL,לחם כוסמין וחיטה מלא,גרמים,750.00,100 גרם,false,,17.90,2.3867,true,1,35500
7290017947921,true,מארז לחמניות המבורגר,,,מארז לחמניות המבורגר,גרמים,450.00,100 גרם,false,,15.90,3.5333,true,1,71253
7290017947938,false,מיני לחמניות המבורגר בסגנון אמריקה 400 ג' אנג'ל,מאפיית שלמה א. אנג'\ל בע,IL,8 לחמניות המבורגר בס,גרמים,4000.00,100 גרם,false,,15.90,0.3975,true,1,108788
7290018043196,false,פראוד - חטיף חלבון בטעם שוקולד לבן עוגיות 60 גרם,הרת'סייד פוד סולושיי,NL,חטיף חלבון בטעם שוקו,גרמים,60.00,100 גרם,false,,13.90,23.1667,true,1,244089
7290018045497,false,בון בון דגנים במילוי קרם שוקולד 480 גרם,monday,DE,דגנים במילוי קרם שוק,גרמים,480.00,100 גרם,false,,23.90,4.9792,true,1,212879
7290018045695,false,BON&BON דגנים במילוי קרם קרמל מלוח 480 גרם,monday,DE,דגנים במילוי קרם קרמ,גרמים,480.00,100 גרם,false,,23.90,4.9792,true,1,212880
7290018045893,false,בון בון דגנים במילוי קרם נוגט 480 גרם,monday,DE,דגנים במילוי קרם נוג,גרמים,480.00,100 גרם,false,,23.90,4.9792,true,1,212881
7290018071212,false,כפפות ניטרו V כחולות אלסטיות M ללא אבקה 100 יחידות,סייף טאצ,CN,כפפות ניטרו-V כחולות,יחידה,0.00,יחידה,false,,21.90,0.0000,true,1,248484
7290018071229,false,כפפות ניטרו V כחולות אלסטיות L ללא אבקה 100 יחידות,סייף טאצ,CN,כפפות ניטרו-V כחולות,יחידה,0.00,יחידה,false,,21.90,0.0000,true,1,248485
7290018071236,false,כפפות ניטרו V כחולות אלסטיות XL ללא אבקה 100 יחידות,סייף טאצ,CN,כפפות ניטרו-V כחולות,יחידה,0.00,יחידה,false,,21.90,0.0000,true,1,248486
7290018091081,false,מעדנות מאפה פילו תרד וגבינה 320גר,"מעדנות בע""\מ",IL,מאפה פילו תרד גבינה,גרמים,320.00,100 גרם,false,,23.90,7.4687,true,1,251071
7290018091258,false,חטיפי פיצה עם גרעיני תירס 740 גר',תנובה מעדנות,IL,חטיפי פיצה בתוספת תי,גרמים,740.00,100 גרם,false,,35.90,4.8514,true,1,165589
7290018091876,false,מאפה פילו גבינה מעדנות 320 גרם,"מעדנות בע""\מ",IL,מאפה פילו גבינה 320,גרמים,320.00,100 גרם,false,,23.90,7.4687,true,1,251057
7290018127438,false,תערובת קניידלך גלוטר,"חיים טובים מזון בע""\מ",,קניידלך ללא גלוטן כש,גרמים,130.00,100 גרם,false,,16.90,13.0000,true,1,119699
7290018127452,false,"ביסקוויט פתי בר לל""ג 200 גרם",רום גת,IL,פתי בר ללא גלוטן כשל,גרמים,200.00,100 גרם,false,,11.90,5.9500,true,1,119700
7290018131756,false,מאגדת שלגון וניל מצופה תות נסטלה 440 גרם,גלידות נסטלה )נגה גלידות,IL,נסטלה וניל מצופה תות,גרמים,440.00,100 גרם,false,,31.90,7.2500,true,1,123536
7290018165010,false,"יין רזרב GOLD EDITION גווצטרמינר ברקן 750 מ""ל",יקבי ברקן שיווק והפצה בע,IL,יין רזרב גוורצטרמינר,מיליליטרים,750.00,"100 מ""ל",false,,49.90,6.6533,true,1,9552
7290018213414,false,מפה מהודרת מוטבעת 27,,,מפה מהודרת מוטבעת 27,יחידה,0.00,יחידה,false,,10.90,0.0000,true,1,289772
7290018213476,false,כף אשפה מתקפל GLOW (,,IT,כף אשפה מתקפל GLOW (,יחידה,0.00,יחידה,false,,17.90,0.0000,true,1,297593
7290018225011,false,קומקום חשמלי נשלף פל,,,קומקום חשמלי נשלף פל,יחידה,0.00,יחידה,false,,79.90,0.0000,true,1,84550
7290018237397,false,עוף טוב פסטרמה מקורמלת נתח שלם 8*300 גרם,מוצרי עוף טוב (2001) בע\,IL,פסטרמה מקורמלת נתח ש,גרמים,300.00,100 גרם,false,,28.90,9.6333,true,1,157099
7290018237410,false,עוף טוב פסטרמה במעשנה נתח שלם 8*300 גרם,מוצרי עוף טוב (2001) בע\,IL,פסטרמה במעשנה נתח של,גרמים,300.00,100 גרם,false,,28.90,9.6333,true,1,157100
7290018237496,false,פסטרמה בדבש דק דק עוף טוב 200 גרם,"עוף טוב (שאן) בע""מ",IL,עוף טוב דק דק פסטרמה,גרמים,220.00,100 גרם,false,,22.90,10.4091,true,1,204981
7290018237922,false,שניצלונים ציפוי צ'יפס עוף טוב 700 גרם,מוצרי עוף טוב (2001) בע\,IL,שניצלונים ציפוי ציפס,גרמים,700.00,100 גרם,false,,21.90,3.1286,true,1,276599
7290018237960,false,עוף טוב כתף בקר עסיסי 265 גרם,עיצובים 2020 (4.9),IL,כתף בקר עסיסי עוף טו,גרמים,265.00,100 גרם,false,,26.90,10.1509,true,1,295591
7290018249086,false,סוויטאנגו ממרח בטעם חלווה פיסטוקחום,,IL,סוויטאנגו ממרח בטעם,גרמים,350.00,100 גרם,false,,32.90,9.4000,true,1,331243
7290018249123,false,אינסטנט פודינג סוויטאנגו בטעם וניל,מתבל תעשיות מזון,IL,כמו סוכר אינסטנט פוד,גרמים,50.00,100 גרם,false,,12.90,25.8000,true,1,78500
7290018249802,false,ממתיק תחליף לסוכר 280 גרם,מתבל תעשיות מזון,IL,כמו סוכר באריזת צנצנ,קילוגרמים,280.00,"ק""ג",false,,28.90,0.1032,true,1,78502
7290018249994,false,ממתיק סוויטאנגו אריזת חיסכון,מתבל תעשיות מזון,IL,סוויטאנגו ממתיק אריז,גרמים,700.00,100 גרם,false,,57.90,8.2714,true,1,325537
7290018294192,false,פרייבט קולקשין בלנד היינן 700מל,כרמל מזרחי,IL,יין בלנד היינן פרייב,מיליליטרים,750.00,"100 מ""ל",false,,44.90,5.9867,true,1,248069
7290018294208,false,"סלקטדאדום ישראלי יבש כרמל 750 מ""ל","כד בני דרום בע""מ",IL,יין אדום ישראלי סלקט,מיליליטרים,750.00,"100 מ""ל",false,,32.90,4.3867,true,1,169116
7290018294352,false,"ארק יקבי כרמל 700 מ""",יקבי כרמל Carmel Winery,ES,"ארק יקבי כרמל 700 מ""",מיליליטרים,700.00,"100 מ""ל",false,,60.20,8.6000,true,1,227973
7290018294901,false,"יין מונלייט אדום יבש 750 מ""ל כרמל",יקבי כרמל Carmel Winery,IL,יין מונלייט אדום יבש,מיליליטרים,750.00,"100 מ""ל",false,,34.90,4.6533,true,1,278382
7290018344125,false,חטיף חלבון אגוזי לוז קקאו טבע ירוק 50 גר,ממתקי השלום,IL,חטיף חלבון אגוזי לוז,גרמים,50.00,100 גרם,false,,10.90,21.8000,true,1,187683
7290018359129,false,פולפה עגבניות חתוכות מקולפות דק יכין 690 גרם,אמיליאנה קונסרב,IT,פאסאטה מחית עגבניות,גרמים,690.00,100 גרם,false,,9.90,1.4348,true,1,123391
7290018359334,false,רכז עגבניות טבעי פריכוז שף יכין 580 גרם,זנלכל,IL,רכז עגבניות טבעי פרי,גרמים,580.00,100 גרם,false,,10.90,1.8793,true,1,98569
7290018359495,false,תירס מהשדה בלי תוספת סוכר יכין 550 גרם,היינץ צפון אמריקה מק,IL,תירס מהשדה בלי תוספת,גרמים,550.00,100 גרם,false,,10.90,1.9818,true,1,98606
7290018359686,false,יכין חומוס גדול 550 גר A2,היינץ צפון אמריקה מק,IL,חומוס ענק יכין 550 ג,גרמים,550.00,100 גרם,false,,9.90,1.8000,true,1,172857
7290018359853,false,עדשים שחורות יכין 400 גרם,"זנלכל בע""מ",IL,עדשים שחורות יכין 40,גרמים,400.00,100 גרם,false,,8.90,2.2250,true,1,172843
7290018359952,false,רוטב עגבניות לפסטה יכין 400 גרם,זנלכל,IL,רוטב עגבניות לפסטה י,גרמים,400.00,100 גרם,false,,13.90,3.4750,true,1,274328
7290018380871,false,פטיסון כבוש 670 גרם תומר,Polan polsko francus,MD,פטיסון כבוש שלם תומר,גרמים,670.00,100 גרם,false,,14.90,2.2239,true,1,236873
7290018440223,false,תה צ'אי מסאלה 25 שקיקים ויסוצקי,תה ויסוצקי,IL,חווית הצ'אי- מסאלה ע,גרמים,50.00,100 גרם,false,,23.90,47.8000,true,1,191129
7290018440230,false,תה צ'אי ורדים 25 שקיקים ויסוצקי,תה ויסוצקי,IL,חווית הצ'אי- ורדים 2,גרמים,50.00,100 גרם,false,,23.90,47.8000,true,1,191144
7290018440247,false,תה צ'אי שקדים0 25 שקיקים ויסוצקי,תה ויסוצקי,IL,חווית הצ'אי- שקדים 2,גרמים,50.00,100 גרם,false,,23.90,47.8000,true,1,191130
7290018440254,false,תה צ'אי קרמל מלוח 25 שקיקים ויסוצקי,תה ויסוצקי,IL,חווית הצ'אי- קרמל מל,גרמים,50.00,100 גרם,false,,23.90,47.8000,true,1,191145
7290018440384,false,תה ירוק מאטה לימון נענע ויסוצקי 25 יחידות,תה ויסוצקי,IL,תה ירוק מאטה בטעם לי,גרמים,37.50,100 גרם,false,,23.90,63.7333,true,1,194900
7290018440407,false,תה ירוק מאטה קקאו לוז ויסוצקי 25 יחידות,תה ויסוצקי,IL,תה ירוק מאטה בטעם קק,גרמים,37.50,100 גרם,false,,23.90,63.7333,true,1,194886
7290018440438,false,Calvo טונה בשמן זית פתיחה קלה 3 * 65 גרם,"קאלוו קונסרבס ס.ל.יו. ,",ES,טונה easy flip בשמן,גרמים,195.00,100 גרם,false,,26.90,13.7949,true,1,280424
7290018440445,false,טונה קאלוו בשמן זית 160 גר,"קאלוו קונסרבס ס.ל.יו. ,",ES,נתחי טונה בהירה בשמן,גרמים,160.00,100 גרם,false,,17.90,11.1875,true,1,269251
7290018440490,false,סלט טונה קאלוו עם קוסקוס 150 גר,"קאלוו קונסרבס ס.ל.יו. ,",ES,סלט טונה עם ירקות וק,גרמים,150.00,100 גרם,false,,15.90,10.6000,true,1,280380
7290018440513,false,סלט קליפורנייה קאלוו עם טונה 150 גר,"קאלוו קונסרבס ס.ל.יו. ,",ES,סלט טונה עם ירקות בס,גרמים,150.00,100 גרם,false,,15.90,10.6000,true,1,280382
7290018441626,false,גלידת פיינטים מנטה עוגיות 430 ג' בן וג'ירי,מוצרי איכות אמריקאיים בע,IL,גלידת שמנת בטעם מנטה,גרמים,430.00,100 גרם,false,,24.90,5.7907,true,1,219706
7290018443040,false,נבטים סיניים (בוסתן,,,נבטים סיניים (בוסתן,גרמים,300.00,100 גרם,false,,7.90,2.6333,true,1,166865
7290018443057,false,נבטי חמניה (בוסתן),,,נבטי חמניה (בוסתן),גרמים,150.00,100 גרם,false,,8.90,5.9333,true,1,166866
7290018443545,false,פלפל צילי אדום 200 גרם,,,פלפל צ'ילי 200 גרם,גרמים,200.00,100 גרם,false,,10.90,5.4500,true,1,289360
7290018443743,false,חמציץ רמי לוי פראש,,,חמציץ,יח',1.00,יח',false,,9.90,9.9000,true,1,251114
7290018443828,false,צמד חסה אייסברג,,,חסה אייסברג צמד,גרמים,300.00,100 גרם,false,,10.90,3.6333,true,1,233788
7290018468401,false,פסטרמה צמחונית בטעם גריל 100 גר טירת צבי,טיב טירת צבי 2000,IL,פסטרמה צמחונית בטעם,גרמים,120.00,100 גרם,false,,15.90,13.2500,true,1,312540
7290018468418,false,פסטרמה צמחונית טעם מפולפל 120 גרם טירת צבי,טיב טירת צבי 2000,IL,פסטרמה צמחונית מפולפ,גרמים,120.00,100 גרם,false,,15.90,13.2500,true,1,312541
7290018471029,false,"סודה בטעם לימון - מארז 6 בקבוקים 500 מ""ל",יפאורה תבורי בעמ,IL,שוופס סודה לימון שיש,ליטרים,3.00,ליטר,false,,15.90,5.3000,true,1,102625
7290018471180,false,משקה פרוט& ווג' אננס תפוח גזר 1 ליטר,פרוט אנד וג' Fruit & Veg,IL,פרוט ווג אננס תפוח ו,ליטרים,1.00,ליטר,false,,13.90,13.9000,true,1,128940
7290018471197,false,פרוט & ווג' תפוח בננה מלון נענע 1 ליטר,פרוט אנד וג' Fruit & Veg,IL,פרוט ווג תפוח בננה מ,ליטרים,1.00,ליטר,false,,13.90,13.9000,true,1,128941
7290018471210,false,קרטונית נקטר ספרינג תפוח סברס 1 ליטר,"יפאורה תבורי בע""\מ",IL,קרטונית אגס תפוח וסב,ליטרים,1.00,ליטר,false,,6.90,6.9000,true,1,130024
7290018471449,false,קרטונית ספרינג שייק בננה תמר תפוז 1 ליטר,"יפאורה תבורי בע""\מ",IL,ספרינג שייק בננה תמ,ליטרים,1.00,ליטר,false,,13.50,13.5000,true,1,151813
7290018471470,false,תפוזינה נקטר תפוז פסיפלורה קרטונית 1 ליטר,"יפאורה תבורי בע""\מ",IL,נקטר תפוזינה ENJOY ב,ליטרים,1.00,ליטר,false,,6.90,6.9000,true,1,143202
7290018471487,false,תפוזינה נקטר תפוז אננס קרטונית 1 ליטר,"יפאורה תבורי בע""\מ",IL,נקטר תפוזינה ENJOY ב,ליטרים,1.00,ליטר,false,,6.90,6.9000,true,1,143203
7290018471494,false,נקטר תפוז גזר קרטונית תפוזינה 1 ל',"יפאורה תבורי בע""\מ",IL,נקטר תפוזינה ENJOY ב,ליטרים,1.00,ליטר,false,,6.90,6.9000,true,1,143204
7290018471548,false,"רביעיית ספרינג ענבים 250 מ""ל","יפאורה תבורי בע""\מ",IL,ענבים ספרינג 4*250,ליטרים,1.00,ליטר,false,,11.90,11.9000,true,1,128956
7290018471692,false,קרטונית ספרינג שייק בננה אננס קוקוס פירות יער 1 ליטר,"יפאורה תבורי בע""\מ",IL,ספרינג שייק בננה אננ,ליטרים,1.00,ליטר,false,,13.50,13.5000,true,1,151814
7290018471906,false,שוופס מוגז פירות לימונדה ורודה 1.5 ליטר פיקדון,"יפאורה תבורי בע""\מ",IL,שוופס מוגז לימונדה ו,ליטרים,1.50,ליטר,false,,9.50,6.3333,true,1,194342
7290018471913,false,משקה מוגז פירות תפוחים שוופס 1.5 ליטר,"יפאורה תבורי בע""\מ",IL,שוופס פרוטס תפוחים 1,ליטרים,1.50,ליטר,false,,9.50,6.3333,true,1,194343
7290018471920,false,שוופס מוגז פירות ענבים 1.5 ליטר פיקדון,"יפאורה תבורי בע""\מ",IL,שוופס ענבים מוגז 1.5,ליטרים,1.50,ליטר,false,,9.50,6.3333,true,1,194357
7290018471937,false,שוופס מוגז פירות תות ליים 1.5 ליטר פיקדון,"יפאורה תבורי בע""\מ",IL,שוופס מוגז פירות תות,ליטרים,1.50,ליטר,false,,9.50,6.3333,true,1,194358
7290018471944,false,שוופס מוגז פירות לימונייד 1.5 ליטר פיקדון,"יפאורה תבורי בע""\מ",IL,שוופס מוגז למונייד 1,ליטרים,1.50,ליטר,false,,9.50,6.3333,true,1,194359
7290018471951,false,שוופס מוגז פירות אשכולית אדומה 1.5 ליטר פיקדון,"יפאורה תבורי בע""\מ",IL,שוופס פרוטס אשכולית,ליטרים,1.50,ליטר,false,,9.50,6.3333,true,1,194373
7290018493878,false,"ד""ר פישר - סרקל שמפו 750 מ""ל",פישר מעבדות פרמצבטיות בע,IL,"סרקל שמפו 750 מ""ל עם",מיליליטרים,750.00,"100 מ""ל",false,,21.90,2.9200,true,1,156522
7290018493885,false,"ד""ר פישר - סרקל מרכך 750 מ""ל",פישר מעבדות פרמצבטיות בע,IL,"סרקל מרכך 750 מ""ל עם",מיליליטרים,750.00,"100 מ""ל",false,,21.90,2.9200,true,1,156523
7290018493977,false,קמיל לניקוי והרגעת העור מועשר בשיבולת שועל 1 ל',פישר מעבדות פרמצבטיות,IL,אל סבון ניקיון ולחות,ליטרים,1.00,ליטר,false,,16.90,16.9000,true,1,186890
7290018500361,false,"לחם שחור פרוס 900 גרם ""אנג'ל"" -מוצר בפיקוח",מאפיית שלמה א. אנג'\ל בע,IL,לחם אחיד פרוס מאפיית,גרמים,900.00,100 גרם,false,,8.32,0.9244,true,1,275852
7290018500385,true,חלה רגילה אנגל 650 ג,,,חלה רגילה אנגל 650 ג,גרמים,650.00,100 גרם,false,,6.50,1.0000,true,1,298231
7290018540329,false,שקית פיתה פיתה בלדי 800 ג' אנג'ל,מאפיית שלמה א. אנג'\ל בע,IL,פיתה פיתה אנגל 880 ג,יח',10.00,יח',false,,13.90,1.3900,true,1,121831
7290018556467,false,"משקה בן חיים בטעם פסיפלורה 700 מ""ל",,,ארק בן חיים פסיפלורה,מיליליטרים,700.00,"100 מ""ל",false,,44.90,6.4143,true,1,214258
7290018571408,false,מיה לקקנים מולטיקולור תותי פרוטי 220 גרם,מיה,IL,לקקנים מולטיקולור תו,גרמים,220.00,100 גרם,false,,9.90,4.5000,true,1,222693
7290018571545,false,סוכריות ג'לי עם מיצוי כורכומין וג'ינג'ר למבוגרים,מיה תעשיות מזון בעמ,IL,סוכריות כורכומין מבו,גרמים,210.00,100 גרם,false,,39.90,19.0000,true,1,309434
7290018571590,false,שמן שקדים מזוכך 1 ליטר מיה,מיה,IL,שמן שקדים מזוכך מיה,ליטרים,1.00,100 ליטר,false,,26.90,2690.0000,true,1,244118
7290018571699,false,"קמח שקדים 250 גרם כשל""פ עד""ח",מיה תעשיות מזון בעמ,IL,קמח שקדים מיה 250 גר,גרמים,250.00,100 גרם,false,,26.90,10.7600,true,1,248109
7290018571705,false,"אורז יסמין מיה 1 ק""ג",מיה,IL,"אורז יסמין 1 ק""ג",קילוגרמים,1.00,"ק""ג",false,,12.90,12.9000,true,1,271326
7290018571712,false,"אורז פרסי מיה 1 ק""ג",מיה,IL,"אורז פרסי 1 ק""ג",קילוגרמים,1.00,"ק""ג",false,,11.90,11.9000,true,1,271312
7290018571729,false,"אורז ריזוטו עגול מיה 1 ק""ג",מיה,IL,אורז ריזווטו עגול 1,קילוגרמים,1.00,"ק""ג",false,,9.90,9.9000,true,1,271354
7290018571736,false,אורז בסמטי הודי 1ק''ג,מיה,IL,"אורז בסמטי 1 ק""ג",קילוגרמים,1.00,"ק""ג",false,,12.90,12.9000,true,1,271340
7290018571743,false,"אורז פרסי מלא 1 ק""ג",מיה,IL,"אורז מלא 1 ק""ג",קילוגרמים,1.00,"ק""ג",false,,9.90,9.9000,true,1,271355
7290018626078,false,WIZ צלחות קטנות שקוף 50 יח',,,"צלחות קטנות ""7 שקוף",יחידה,0.00,יחידה,false,,11.90,0.0000,true,1,124683
7290018626085,false,לפתניות 4.5 שקוף 50,,,לפתניות 4.5 שקוף 50,יחידה,0.00,יחידה,false,,9.90,0.0000,true,1,124701
7290018626108,false,קערות אובליות שקוף 5,,,קערות אובליות שקוף 5,יחידה,0.00,יחידה,false,,11.90,0.0000,true,1,124703
7290018626535,false,שקיות נייר לכריכים 5,,,שקיות נייר לכריכים 5,יחידה,0.00,יחידה,false,,8.90,0.0000,true,1,135813
7290018626542,false,שקיות אשפה לפחים גדו,,,שקיות אשפה לפחים גדו,יחידה,0.00,יחידה,false,,13.90,0.0000,true,1,149187
7290018626610,false,צימרונים לאוזנים מאר,,,צימרונים לאוזנים מאר,יחידה,0.00,יחידה,false,,9.90,0.0000,true,1,163560
7290018626627,false,מארז תבניות מאפינס 7,,,מארז תבניות מאפינס 7,יחידה,0.00,יחידה,false,,14.90,0.0000,true,1,211694
7290018626634,false,מארז תבניות רוסטר עמ,,,מארז תבניות רוסטר עמ,יחידה,0.00,יחידה,false,,14.90,0.0000,true,1,211721
7290018626641,false,מארז תבניות רוסטר גד,,,מארז תבניות רוסטר גד,יחידה,0.00,יחידה,false,,14.90,0.0000,true,1,211722
7290018626658,false,מארז תבניות רוסטר שט,,,מארז תבניות רוסטר שט,יחידה,0.00,יחידה,false,,14.90,0.0000,true,1,211723
7290018626696,false,מארז צלחות 12+12 מא,,,מארז צלחות 12+12 מא,יחידה,0.00,יחידה,false,,52.90,0.0000,true,1,183396
7290018626856,false,כוסות ליקר 50 יח' WI,,,כוסות ליקר 50 יח' WI,יחידה,0.00,יחידה,false,,9.90,0.0000,true,1,183822
7290018626863,false,כוסות ליקר 20 יח' WI,,,כוסות ליקר 20 יח' WI,יחידה,0.00,יחידה,false,,8.90,0.0000,true,1,183836
7290018626948,false,מפיות תלת שכבתיות 20,,,מפיות תלת שכבתיות 20,יחידה,0.00,יחידה,false,,5.90,0.0000,true,1,179081
7290018626955,false,מפיות תלת שכבתיות 20,,,מפיות תלת שכבתיות 20,יחידה,0.00,יחידה,false,,5.90,0.0000,true,1,179095
7290018626979,false,מפיות תלת שכבתיות 20,,,מפיות תלת שכבתיות 20,יחידה,0.00,יחידה,false,,5.90,0.0000,true,1,179097
7290018652657,false,פרוייקט סער-מאגת לייט מנגו נסטלה 6*52 גרם,גלידות נסטלה,IL,מאגדת מנגו-יוגורט לי,גרמים,312.00,100 גרם,false,,30.90,9.9038,true,1,259273
7290018652671,false,"לה קרמריה שוקולד וניל 1.4 ליטר [תו אי""ל]",גלידות נסטלה,IL,גלידת שוקו וניל מופח,גרמים,0.00,100 גרם,false,,25.90,0.0000,true,1,228190
7290018652886,false,שלגונים בשומן צמחי בטעמי שוקו ובננה מצופים צימקאו,גלידות נסטלה,IL,מאגדת שוקו בננה 8 יח,גרמים,476.00,100 גרם,false,,29.90,6.2815,true,1,230548
7290018652909,false,מאגדת מאגנום קפה שוקולד ופקאן 5 *43 ג' נסטלה,גלידות נסטלה,IL,מאגדת שלגונים אספרסו,גרמים,225.00,100 גרם,false,,30.90,13.7333,true,1,259274
7290018652923,false,פרוייקט סער-תות עוגת גבינה נסטלה 5*43 גרם,גלידות נסטלה,IL,מאגדת מסקרפונה תות *,גרמים,225.00,100 גרם,false,,30.90,13.7333,true,1,259288
7290018703311,false,פראוד - חטיף חלבון קרם עוגיות קראנצ' 60ג,v.s.i,NL,חטיף חלבון בטעם קרם,גרמים,60.00,100 גרם,false,,13.90,23.1667,true,1,246345
7290018720011,false,ביסקוויט קרנבל חיות בטעם וניל 250 ג' מעדני מלך,הגביע מוצרי וופלים,IL,מעדני המלך קרנבל חיו,גרמים,250.00,100 גרם,false,,6.90,2.7600,true,1,133069
7290018720028,false,קרנבל אותיות ביסקוויט בטעם חמאה 250 ג' מעדני מלך,הגביע מוצרי וופלים,IL,מעדני המלך אותיות 25,גרמים,250.00,100 גרם,false,,6.90,2.7600,true,1,133070
7290018720103,false,"אפיפיות וופל בטעם שוקו לל""ס הדר 250 גרם","א.ג גילרו בע""\מ",IL,אפיפיות בטעם שוקו לל,גרמים,250.00,100 גרם,false,,7.90,3.1600,true,1,191172
7290018720219,false,פצפוצי אורז ללא סוכר מעדני מלך 250 גרם,אשבל מזון פונקציונלי,IL,פיצפוצי אורז ללא סוכ,גרמים,250.00,100 גרם,false,,12.90,5.1600,true,1,285604
7290018792841,false,אבקת קקאו טבעי גאנה 150 גר,אברמוביץ עזר קקאו וש,IL,אבקת קקאו דל שומן 15,גרמים,150.00,100 גרם,false,,10.90,7.2667,true,1,308655
7290018795385,false,חסה לליק מהדרין קמעונאי,"מרינה פטריות הגליל בע""מ",IL,חסה לליק,יח',1.00,יח',false,,12.90,12.9000,true,1,206158
7290018795842,false,שיני שום קלופות 500ג מרינה,מרינה,IL,שיני שום קלופות 500,גרמים,500.00,100 גרם,false,,18.90,3.7800,true,1,277313
7290018795903,false,פטריות יער מרינה,,,פטריות יער מרינה,יח',1.00,יח',false,,12.90,12.9000,true,1,300509
7290018818275,false,פיצה קונו מרגריטה 26,,,פיצה קונו מרגריטה 26,גרמים,260.00,100 גרם,false,,14.90,5.7308,true,1,261565
7290018818305,false,פיצה אובליינה מרגריטה,,,פיצה אובליינה 260 גר,גרמים,260.00,100 גרם,false,,14.90,5.7308,true,1,261580
7290018835012,false,באר אקסטרה בציפוי שוקולד חלב 5 יח 90 גר,,,אקסטרה חטיף אורז חום,גרמים,90.00,100 גרם,false,,13.90,15.4444,true,1,323178
7290018835029,false,מרק בטעם עוף פרווה 400 ג,תבליני מימון,IL,מרק בטעם עוף פרווה ת,גרמים,400.00,100 גרם,false,,15.90,3.9750,true,1,285557
7290018886175,false,כפיות עבות 50 יח' ש,,,כפיות עבות 50 יח' ש,יחידה,0.00,יחידה,false,,10.90,0.0000,true,1,163574
7290018886182,false,כפיות עבות 50 יח' ק,,,כפיות עבות 50 יח' ק,יחידה,0.00,יחידה,false,,10.90,0.0000,true,1,163575
7290018886199,false,סכינים עבות 50 יח',,,סכינים עבות 50 יח',יחידה,0.00,יחידה,false,,10.90,0.0000,true,1,163576
7290018886212,false,WIZ מזלגות עבים שקוף 50 יח',,,מזלגות עבות 50 יח',יחידה,0.00,יחידה,false,,10.90,0.0000,true,1,163578
7290018886229,false,מזלגות עבות 50 יח',,,מזלגות עבות 50 יח',יחידה,0.00,יחידה,false,,10.90,0.0000,true,1,163579
7290018886236,false,WIZ כפות עבות שקוף 50 יח',,,כפות עבות 50 יח' שק,יחידה,0.00,יחידה,false,,10.90,0.0000,true,1,163580
7290018886304,false,פת דגנים סגנון שוודי,סונקו,PL,פת דגנים סגנון שוודי,גרמים,340.00,100 גרם,false,,11.90,3.5000,true,1,183094
7290018886311,false,מאפים סגנון שוודי 170 גר,,,פת דגנים סגנון שוודי,גרמים,170.00,100 גרם,false,,7.90,4.6471,true,1,183079
7290018886328,false,פת דגנים שיפון מאפים,סונקו,PL,פת דגנים שיפון 340 ג,גרמים,340.00,100 גרם,false,,11.90,3.5000,true,1,184510
7290018886335,false,פת דגנים שיפון 170 ג,,,פת דגנים שיפון 170 ג,גרמים,170.00,100 גרם,false,,7.90,4.6471,true,1,183080
7290018886342,false,פת דגנים 7 דגנים 340,סונקו,PL,פת דגנים 7 דגנים 340,גרמים,340.00,100 גרם,false,,11.90,3.5000,true,1,184511
7290018886649,false,כוס קינוח משולשת 20,,,כוס קינוח משולשת 20,יחידה,0.00,יחידה,false,,11.90,0.0000,true,1,209562
7290018886656,false,כוס קינוח טרפז 20 יח,,,כוס קינוח טרפז 20 יח,יחידה,0.00,יחידה,false,,11.90,0.0000,true,1,209563
7290018886724,false,כוס קינוח פרח 12 יחי,,,כוס קינוח פרח 12 יחי,יחידה,0.00,יחידה,false,,13.90,0.0000,true,1,209520
7290018886915,false,קערת סלט בועות ורוד,,,קערת סלט בועות ורוד,יחידה,0.00,יחידה,false,,14.90,0.0000,true,1,183887
7290018893005,false,"חטיפי בייגלה אפוי בטעם חרדל ודבש, 160 גרם",צ'וקטה Chocketa,RO,בייגלה שטוח בתוספת ח,גרמים,200.00,100 גרם,false,,7.90,3.9500,true,1,207024
7290018893081,false,עוגות מגולגלות במילוי קרם חלבי וציפוי בטעם שוקולד,צ'וקטה Chocketa,IL,צ'וקטה מגולגלות חלב,גרמים,222.00,100 גרם,false,,8.90,4.0090,true,1,184355
7290018893098,false,צ'וקטה עוגויות ביסקוויט מצופה שוקולד חלב 100 גרם,דיסטרופר אוליבייר,ES,צ'וקטה עוגיות מצופות,גרמים,100.00,100 גרם,false,,7.90,7.9000,true,1,254578
7290018893104,false,צ'וקטה עוגויות ביסקוויט מצופה שוקולד מריר 100 גרם,דיסטרופר אוליבייר,ES,צ'וקטה עוגיות מצופות,גרמים,100.00,100 גרם,false,,7.90,7.9000,true,1,254579
7290018893111,false,צ'וקטה שוקולד מריר בלגי 70% 100 גרם,צ'וקטה Chocketa,BE,צ'וקטה שוקולד מריר מ,גרמים,100.00,100 גרם,false,,8.90,8.9000,true,1,278038
7290018893128,false,צ'וקטה שוקולד חלב בלגי 34% 100 גרם,צ'וקטה Chocketa,BE,צ'וקטה שוקולד חלב מע,גרמים,100.00,100 גרם,false,,8.90,8.9000,true,1,278039
7290018893258,false,צ'וקטה עוגות אישיות במילוי קרם קרמל ובציפוי בטעם שוקולד 300 גרם,פרדי קונדיטוריה אס.פ,IT,צ'וקטה עוגות אישיות,גרמים,300.00,100 גרם,false,,14.90,4.9667,true,1,167708
7290018893272,false,צוקטה בונבוניירה צדפות בלגי יוגטה 125 גרם,נאטראג'\אקאלי,BE,צדפי שוקולד צ'וקטה,גרמים,125.00,100 גרם,false,,10.90,8.7200,true,1,248055
7290018893289,false,צ'וקטה עוגות מגולגלות בטעם קקאו במילוי קרם קקאו וציפוי בטעם שוקולד 6 יח' 222 גרם,צ'וקטה Chocketa,IL,צ'וקטה מגולגלות קקאו,גרמים,222.00,100 גרם,false,,8.90,4.0090,true,1,184356
7290018893340,false,מקלות אפויים בתוספת שומשום Salty,צ'וקטה Chocketa,US,צ'וקטה גריסיני שומשו,גרמים,120.00,100 גרם,false,,8.90,7.4167,true,1,277902
7290018893456,false,צ'וקטה עוגות אישיות במילוי קרם ובציפוי בטעם שוקולד 300 גרם,"פרדי קונדיטוריה אס,פי.אי",IT,צ'וקטה עוגות אישיות,יחידה,300.00,יחידה,false,,14.90,0.0497,true,1,167680
7290018893487,false,צ'וקטה עוגות אישיות עם קוקוס-מארז עשירייה,פרדי קונדטוריה אס פי,IT,צ'וקטה עוגות אישיות,גרמים,350.00,100 גרם,false,,14.90,4.2571,true,1,184357
7290018893616,false,שישיית שוקולד מריר 48% צ'וקטה 100 גרם,איברקקאו,ES,שישיית צוקטה שוקולד4,גרמים,600.00,100 גרם,false,,19.90,3.3167,true,1,196867
7290018893647,false,עוגיות סנדוויץ במילוי קרם וניל בציפוי שוקולד 150 גרם צ'וקטה,צ'וקטה Chocketa,ES,עוגיות סנדויץ' מצופו,גרמים,150.00,100 גרם,false,,10.00,6.6667,true,1,214718
7290018893654,false,חטיפי בייגלה דקיקים ופריכים מלח צ'וקטה 200 ג',צ'וקטה Chocketa,RO,צ'וקטה חטיף בייגלה ב,גרמים,200.00,100 גרם,false,,7.90,3.9500,true,1,184340
7290018893715,false,צוקטה בייגלה שטוח מצופה שוקולד חלב 80 גר,צ'וקטה Chocketa,RO,בייגלה שטוח מצופה שו,גרמים,80.00,100 גרם,false,,7.90,9.8750,true,1,220506
7290018893807,false,צוקטה בטעם שוקולד מריר 60% 3 יח' 300 גרם,אייברקקאו אס אי. יו,ES,מארז שוקולד מריר 60%,גרמים,300.00,100 גרם,false,,12.90,4.3000,true,1,214690
7290018893814,false,חמישיית שוקולד מריר 48% צ'וקטה 100 גרם,הדקלאים אגודת שיתופי,ES,צ'וקטה שוקולד 48% 5*,גרמים,500.00,100 גרם,false,,16.90,3.3800,true,1,191941
7290018893852,false,חטיפי בייגלה דקיקים ופריכים שומשום צ'וקטה 200 ג',צ'וקטה Chocketa,RO,צ'וקטה חטיף בייגלה ב,גרמים,200.00,100 גרם,false,,7.90,3.9500,true,1,184341
7290018893951,false,צ'וקטה עוגיות וופל חמאה קינמון 100 גרם,צ'וקטה,BE,צ'וקטה וופל חמאה בטע,גרמים,100.00,100 גרם,false,,11.90,11.9000,true,1,308569
7290018894200,false,בלקוני וופל קוביות וניל 250 גרם,בלקוני Balconi,IT,בלקוני קוביות וופל ו,גרמים,250.00,100 גרם,false,,12.90,5.1600,true,1,268361
7290018894804,false,וופלים במילוי קרם אגוזי לוז - חלבי,בלקוני Balconi,IT,וופל במילוי קרם אגוז,גרמים,175.00,100 גרם,false,,8.90,5.0857,true,1,258603
7290018921166,false,קמיל אל סבון להזנת העור מועשר באצות-ים 1 ליטר,פישר מעבדות פרמצבטיות בע,IL,אל סבון ניקיון ולחות,ליטרים,1.00,ליטר,false,,16.90,16.9000,true,1,186891
7290018921456,false,"ד""ר פישר - אפקטיב קר תחליב רחצה שמן כותנה 700 מ""ל",פישר מעבדות פרמצבטיות בע,IL,תחליב רחצה לגוף מועש,מיליליטרים,700.00,"100 מ""ל",false,,17.90,2.5571,true,1,207654
7290018921654,false,"ד""ר פישר - אפקטיב קר תחליב רחצה תמצית לוונדר 700 מ""ל",פישר מעבדות פרמצבטיות בע,IL,תחליב רחצה לגוף מועש,מיליליטרים,700.00,"100 מ""ל",false,,17.90,2.5571,true,1,207655
7290018925065,false,מיץ פרימור תפוזים סחוט 2 ליטר-,"גניר (1992) בע""מ",IL,פרימור מיץ תפוזים סח,ליטרים,2.00,ליטר,false,,27.90,13.9500,true,1,201336
7290018925089,false,"מיץ פרימור תפו""ע צלול סחוט 2 ליטר-","גניר (1992) בע""מ",IL,פרימור מיץ תפוחים צל,ליטרים,2.00,ליטר,false,,27.90,13.9500,true,1,201350
7290018925409,false,"מיץ לימון ואננס 400 מ""ל פרימור",קריות זול,IL,משקה קל לימון אננס פ,מיליליטרים,400.00,"100 מ""ל",false,,7.90,1.9750,true,1,288967
7290018925416,false,"מיץ לימון ופסיפלורה 400 מ""ל פרימור",קריות זול,IL,משקה קל לימון פסיפלו,מיליליטרים,400.00,"100 מ""ל",false,,7.90,1.9750,true,1,288982
7290018929209,false,ניילון לכיסוי מזון 30 יח' SHINY,,,Fresh Cover ניילון ל,יחידה,0.00,יחידה,false,,8.90,0.0000,true,1,289757
7290018989005,false,שלישיית פולפה עגבניות טבעי יכין 400X3 גרם,זנלכל,IL,פולפה טבעית יכין 3*,קילוגרמים,1.20,"ק""ג",false,,17.90,14.9167,true,1,216791
7290018989081,false,יכין חומוס הבית להכנת חומוס טרי 410 גי,זנלכל,IL,חומוס הבית יכין 400,גרמים,400.00,100 גרם,false,,9.90,2.4750,true,1,273277
7290019014027,false,טאצ' נוזל רצפות בלוסום 4 ליטר,,IL,נוזל רצפות בלוסום טא,ליטרים,4.00,ליטר,false,,13.90,3.4750,true,1,211481
7290019014034,false,טאצ' נוזל רצפות לוטוס 4 ליטר,,IL,נוזל רצפות לוטוס טאצ,ליטרים,4.00,ליטר,false,,13.90,3.4750,true,1,211482
7290019031000,false,WIZ מארז חמישיית ניי,,,WIZ מארז חמישיית ניי,יחידה,0.00,יחידה,false,,11.90,0.0000,true,1,211750
7290019031048,false,להבונים ריחניים וניל,,,להבונים ריחניים וניל,יחידה,0.00,יחידה,false,,12.90,0.0000,true,1,245691
7290019031062,false,תבנית R-2 מלבנית 7 י,,,תבנית R-2 מלבנית 7 י,יחידה,0.00,יחידה,false,,9.90,0.0000,true,1,234065
7290019031079,false,תבנית R-29 מרובעת קט,,,תבנית R-29 מרובעת קט,יחידה,0.00,יחידה,false,,9.90,0.0000,true,1,234066
7290019031086,false,תבנית R-31 גדולה 7 י,,,תבנית R-31 גדולה 7 י,יחידה,0.00,יחידה,false,,9.90,0.0000,true,1,234067
7290019031093,false,תבנית R-64 בינונית 7,,,תבנית R-64 בינונית 7,יחידה,0.00,יחידה,false,,9.90,0.0000,true,1,234068
7290019031109,false,תבנית R-88 אינגליש 1,,,תבנית R-88 אינגליש 1,יחידה,0.00,יחידה,false,,9.90,0.0000,true,1,234069
7290019031116,false,תבנית R-99 ענקית 3 י,,,תבנית R-99 ענקית 3 י,יחידה,0.00,יחידה,false,,9.90,0.0000,true,1,234070
7290019031123,false,תבנית אלומינים A-14,,,תבנית אלומינים A-14,יחידה,0.00,יחידה,false,,9.90,0.0000,true,1,234071
7290019031130,false,WIZ תבניות מאפינס אל,,,WIZ תבניות מאפינס אל,יחידה,0.00,יחידה,false,,16.90,0.0000,true,1,259574
7290019031178,false,כפפות לטקס s עם אבקה WIZ,,,כפפות לטקס 100 יח' S,יחידה,0.00,יחידה,false,,32.90,0.0000,true,1,225085
7290019031192,false,כפפות לטקס 100 יח' L,,,כפפות לטקס 100 יח' L,יחידה,0.00,יחידה,false,,32.90,0.0000,true,1,225086
7290019031215,false,כוסות 10OZ לשתייה חמ,,,כוסות 10OZ לשתייה חמ,יחידה,0.00,יחידה,false,,10.90,0.0000,true,1,239993
7290019031222,false,כוסות 12OZ לשתייה חמ,,,כוסות 12OZ לשתייה חמ,יחידה,0.00,יחידה,false,,12.90,0.0000,true,1,240007
7290019031239,false,WIZ כוסות 16OZ לשתייה חמה 25 יח',,,כוסות 16OZ לשתייה חמ,יחידה,0.00,יחידה,false,,15.90,0.0000,true,1,240008
7290019031307,false,WIZ לפתניות לבנות 25 יח',,,לפתניות לבנות 25 יח',יחידה,0.00,יחידה,false,,6.90,0.0000,true,1,229112
7290019031321,false,"מרקיות 7"" לבנות 25 י",,,"מרקיות 7"" לבנות 25 י",יחידה,0.00,יחידה,false,,10.90,0.0000,true,1,229114
7290019031338,false,WIZ צלחות קטנות לבנות 25 יח',,,"צלחות קטנות 7"" לבנות",יחידה,0.00,יחידה,false,,9.90,0.0000,true,1,229115
7290019031369,false,"צלחות גדולות 9"" קרם",,,"צלחות גדולות 9"" קרם",יחידה,0.00,יחידה,false,,15.90,0.0000,true,1,229130
7290019031390,false,סבון ידיים אביבי 1 ל,,,סבון ידיים אביבי 1 ל,ליטרים,1.00,100 ליטר,false,,10.90,1090.0000,true,1,229084
7290019031413,false,נייר טואלט לח שלישיי,,,נייר טואלט לח שלישיי,יחידה,0.00,יחידה,false,,11.90,0.0000,true,1,239821
7290019031444,false,אשפתון 65X54 XL חזקו,,,אשפתון 65X54 XL חזקו,יחידה,0.00,יחידה,false,,19.90,0.0000,true,1,252755
7290019031451,false,אשפתון 78X90 XXL חזק,,,אשפתון 78X90 XXL חזק,יחידה,0.00,יחידה,false,,25.90,0.0000,true,1,252740
7290019031512,false,WIZ צלחות מתכלות גדו,,,WIZ צלחות מתכלות גדו,יחידה,0.00,יחידה,false,,10.90,0.0000,true,1,287784
7290019031529,false,WIZ צלחות מתכלות קטנ,,,WIZ צלחות מתכלות קטנ,יחידה,0.00,יחידה,false,,8.90,0.0000,true,1,287801
7290019031574,false,מארז 10 גביעיים + מכ,,,מארז 10 גביעיים + מכ,ליטרים,250.00,ליטר,false,,10.90,0.0436,true,1,234753
7290019031581,false,מארז 10 גביעיים + מכ,,,מארז 10 גביעיים + מכ,ליטרים,500.00,ליטר,false,,10.90,0.0218,true,1,234754
7290019031598,false,מארז 5 מכלים + מכסים,,,מארז 5 מכלים + מכסים,ליטרים,0.50,ליטר,false,,10.90,21.8000,true,1,234755
7290019031628,false,מטליות מיקרופייבר לר,,,מטליות מיקרופייבר לר,יחידה,0.00,יחידה,false,,13.90,0.0000,true,1,287851
7290019031635,false,פחם מסעדות דרום אמרי,,,פחם מסעדות דרום אמרי,יחידה,0.00,יחידה,false,,26.90,0.0000,true,1,314844
7290019031659,false,WIZ צלחות גדולות  שק,,,WIZ צלחות גדולות  שק,יחידה,0.00,יחידה,false,,15.90,0.0000,true,1,287818
7290019031666,false,WIZ צלחות קטנות שקופ,,,WIZ צלחות קטנות שקופ,יחידה,0.00,יחידה,false,,10.90,0.0000,true,1,287819
7290019031673,false,"WIZ מרקיות שקופות 7""",,,"WIZ מרקיות שקופות 7""",יחידה,0.00,יחידה,false,,10.90,0.0000,true,1,287834
7290019031680,false,WIZ קערות אובליות שק,,,WIZ קערות אובליות שק,יחידה,0.00,יחידה,false,,9.90,0.0000,true,1,287835
7290019031697,false,WIZ לפתניות שקופות 2,,,WIZ לפתניות שקופות 2,יחידה,0.00,יחידה,false,,6.90,0.0000,true,1,287836
7290019056027,false,שוופס מוגז פירות תפוחים ללא סוכר 1.5 ליטר פיקדון,"יפאורה תבורי בע""\מ",IL,שוופס מוגז פירות תפו,ליטרים,1.50,ליטר,false,,8.90,5.9333,true,1,194374
7290019056034,false,שוופס מוגז פירות אננס ללא סוכר 1.5 ליטר פיקדון,"יפאורה תבורי בע""מ",IL,שוופס מוגז פירות אננ,ליטרים,1.50,ליטר,false,,8.90,5.9333,true,1,194375
7290019056041,false,שוופס מוגז פירות לימונייד ללא סוכר 1.5 ליטר פיקדון,"יפאורה תבורי בע""מ",IL,שוופס מוגז פירות ללא,ליטרים,1.50,ליטר,false,,8.90,5.9333,true,1,194376
7290019056058,false,שוופס מוגז עדין תפוח ליים 1.5 ליטר פיקדון,"יפאורה תבורי בע""\מ",IL,שוופס מוגז עדין תפוח,ליטרים,1.50,ליטר,false,,8.90,5.9333,true,1,194035
7290019056065,false,שוופס מוגז עדין פירות יער 1.5 ליטר פיקדון,"יפאורה תבורי בע""\מ",IL,שוופס מוגז עדין פירו,ליטרים,1.50,ליטר,false,,8.90,5.9333,true,1,194050
7290019056072,false,שוופס מוגז עדין אננס 1.5 ליטר פיקדון,"יפאורה תבורי בע""מ",IL,שוופס מוגז עדין אננס,ליטרים,1.50,ליטר,false,,8.90,5.9333,true,1,194051
7290019056089,false,שוופס מוגז עדין ענבי ריזלינג 1.5 ליטר פיקדון,"יפאורה תבורי בע""\מ",IL,שוופס מוגז עדין טעם,ליטרים,1.50,ליטר,false,,8.90,5.9333,true,1,194067
7290019056096,false,שוופס מוגז עדין אפרסק 1.5 ליטר פיקדון,"יפאורה תבורי בע""\מ",IL,שוופס מוגז עדין אפרס,ליטרים,1.50,ליטר,false,,8.90,5.9333,true,1,194068
7290019056119,false,שוופס סודה 1.5 ליטר פיקדון,"יפאורה תבורי בע""\מ",IL,שוופס סודה 1.5ליטר,ליטרים,1.50,ליטר,false,,4.50,3.0000,true,1,193913
7290019056157,false,שוופס סודה פירות יער 1.5 ליטר בק' בודד פיקדון,יפאורה תבורי,IL,שוופס סודה פירות יער,ליטרים,1.50,ליטר,false,,4.50,3.0000,true,1,197705
7290019056164,false,שוופס סודה 1.5 ליטר רביעייה פיקדון,"יפאורה תבורי בע""\מ",IL,שוופס סודה 4*1.5ליטר,ליטרים,6.00,ליטר,false,,12.50,2.0833,true,1,193928
7290019056171,false,שוופס סודה לימון 1.5 ליטר רביעייה פיקדון,"יפאורה תבורי בע""\מ",IL,שוופס סודה לימון 4*1,ליטרים,6.00,ליטר,false,,12.50,2.0833,true,1,193957
7290019056188,false,שוופס סודה נענע ליים 1.5 ליטר רביעייה פיקדון,"יפאורה תבורי בע""\מ",IL,שוופס סודה נענע ליים,ליטרים,6.00,ליטר,false,,12.50,2.0833,true,1,193958
7290019056201,false,שוופס סודה פירות יער 1.5 ליטר רביעייה פיקדון,"יפאורה תבורי בע""\מ",IL,שוופס פירות יער סודה,ליטרים,6.00,ליטר,false,,12.50,2.0833,true,1,193988
7290019056232,false,משקה מוגז בטעם ליים מוחיטו 1.5 ל' שוופס,"יפאורה תבורי בע""\מ",IL,שוופס ליים מוחיטו 1.,ליטרים,1.50,ליטר,false,,9.50,6.3333,true,1,194069
7290019056256,false,שוופס מים בטעמים תפוחים 1.5 ליטר פיקדון,"יפאורה תבורי בע""מ",IL,שוופס וואטר בטעם תפו,ליטרים,1.50,ליטר,false,,8.90,5.9333,true,1,193857
7290019056263,false,שוופס מים בטעמים אפרסק 1.5 ליטר פיקדון,"יפאורה תבורי בע""מ",IL,שוופס וואטר אפרסק 1.,ליטרים,1.50,ליטר,false,,8.90,5.9333,true,1,193872
7290019056270,false,שוופס מים בטעמים פירות יער 1.5 ליטר פיקדון,"יפאורה תבורי בע""\מ",IL,שוופס וואטר פירות יע,ליטרים,1.50,ליטר,false,,8.90,5.9333,true,1,195905
7290019056294,false,שוופס ג'ינג'ר אייל 1.5 ליטר פיקדון,"יפאורה תבורי בע""\מ",IL,שוופס ג'ינג'ר אייל 1,ליטרים,1.50,ליטר,false,,12.50,8.3333,true,1,194419
7290019056300,false,משקה בטעם ביטר לימון 1.5 ל' שוויפס,"יפאורה תבורי בע""\מ",IL,שוופס ביטר לימון 1.5,ליטרים,1.50,ליטר,false,,12.50,8.3333,true,1,194420
7290019056324,false,שוופס טוניק 1.5 ליטר פיקדון,"יפאורה תבורי בע""\מ",IL,שוופס מי טוניק 1.5 ל,ליטרים,1.50,ליטר,false,,12.50,8.3333,true,1,194435
7290019056331,false,שוופס טוניק ללא סוכר 1.5 ליטר פיקדון,"יפאורה תבורי בע""מ",IL,שוופס טוניק ללא סוכר,ליטרים,1.50,ליטר,false,,11.90,7.9333,true,1,194436
7290019056355,false,תפוזינה לימונדה MIX לימונענע 1.5 ליטר,"יפאורה תבורי בע""\מ",IL,תפוזינה לימונדה נענע,ליטרים,1.50,ליטר,false,,8.90,5.9333,true,1,193419
7290019056362,false,תפוזינה ענבים 1.5 ליטר פיקדון,"יפאורה תבורי בע""\מ",IL,תפוזינה ענבים 1.5 לי,ליטרים,1.50,ליטר,false,,8.90,5.9333,true,1,193523
7290019056379,false,תפוזינה תפוזים 1.5 ליטר פיקדון,"יפאורה תבורי בע""\מ",IL,תפוזינה תפוזים 1.5 ל,ליטרים,1.50,ליטר,false,,8.90,5.9333,true,1,193569
7290019056386,false,פתוזינה אשכולית 1.5 ליטר פיקדון,"יפאורה תבורי בע""\מ",IL,תפוזינה אשכוליות 1.5,ליטרים,1.50,ליטר,false,,8.90,5.9333,true,1,193586
7290019056393,false,תפוזינה תות בננה 1.5 ליטר פיקדון,"יפאורה תבורי בע""\מ",IL,תפוזינה תות בננה 1.5,ליטרים,1.50,ליטר,false,,8.90,5.9333,true,1,193603
7290019056409,false,תפוזינה מנגו 1.5 ליטר פיקדון,"יפאורה תבורי בע""\מ",IL,תפוזינה מנגו עסיסי 1,ליטרים,1.50,ליטר,false,,8.90,5.9333,true,1,193617
7290019056416,false,מיץ בטעם לימונדה ורודה 1.5 ל' תפוזינה,"יפאורה תבורי בע""\מ",IL,תפוזינה לימונדה 1.5,ליטרים,1.50,ליטר,false,,8.90,5.9333,true,1,193632
7290019056423,false,מיץ בטעם תפוח רענן 1.5ל' תפוזינה,"יפאורה תבורי בע""\מ",IL,תפוזינה תפוח רענן 1.,ליטרים,1.50,ליטר,false,,8.90,5.9333,true,1,193672
7290019056430,false,תפוזינה תפוזים לייט 1.5 ליטר פיקדון,"יפאורה תבורי בע""\מ",IL,תפוזינה תפוז 1.5 ליט,ליטרים,1.50,ליטר,false,,8.90,5.9333,true,1,193686
7290019056515,false,פרוט ווטר אננס 1.5 ליטר פיקדון,"יפאורה תבורי בע""\מ",IL,פרוט ווטר אננס 1.5 ל,ליטרים,1.50,ליטר,false,,9.50,6.3333,true,1,193800
7290019056522,false,פרוט ווטר תות 1.5 ליטר פיקדון,"יפאורה תבורי בע""\מ",IL,פרוט ווטר תות 1.5 לי,ליטרים,1.50,ליטר,false,,9.50,6.3333,true,1,193814
7290019056539,false,פרוט ווטר אפרסק 1.5 ליטר פיקדון,"יפאורה תבורי בע""\מ",IL,פרוט ווטר אפרסק 1.5,ליטרים,1.50,ליטר,false,,9.50,6.3333,true,1,193828
7290019056546,false,פרוט ווטר אבטיח 1.5 ליטר פיקדון,"יפאורה תבורי בע""\מ",IL,פרוט ווטר אבטיח 1.5,ליטרים,1.50,ליטר,false,,9.50,6.3333,true,1,193829
7290019056553,false,שישיית מים מינרלים עין גדי 2 ליטר,עין גדי מים מינרליים,IL,עין גדי מים מינרלים,ליטרים,12.00,ליטר,false,,13.70,1.1417,true,1,194612
7290019056560,false,עין גדי 2 ליטר בק' בודד פיקדון,עין גדי מיים מינרלים,IL,עין גדי מים מינרלים,ליטרים,2.00,ליטר,false,,3.90,1.9500,true,1,194613
7290019056577,false,משקה קל מנגו ספרינג 1.5 ליטר,"יפאורה תבורי בע""\מ",IL,ספרינג מנגו 1.5 ליטר,ליטרים,1.50,ליטר,false,,8.90,5.9333,true,1,193294
7290019056584,false,משקה קל תפוזים ספרינג 1.5 ליטר,"יפאורה תבורי בע""\מ",IL,ספרינג תפוזים 1.5 לי,ליטרים,1.50,ליטר,false,,8.90,5.9333,true,1,193324
7290019056591,false,משקה קל ענבים ספרינג 1.5 ליטר,"יפאורה תבורי בע""\מ",IL,ספרינג ענבים 1.5 ליט,ליטרים,1.50,ליטר,false,,8.90,5.9333,true,1,193325
7290019056607,false,משקה קל תפוחים ספרינג 1.5 ליטר,"יפאורה תבורי בע""\מ",IL,ספרינג תפוחים 1.5 לי,ליטרים,1.50,ליטר,false,,8.90,5.9333,true,1,193326
7290019056614,false,משקה קל אפרסק ספרינג 1.5 ליטר,"יפאורה תבורי בע""\מ",IL,ספרינג אפרסק 1.5 ליט,ליטרים,1.50,ליטר,false,,8.90,5.9333,true,1,193327
7290019056621,false,משקה קל פירות טרופיים ספרינג 1.5 ליטר,"יפאורה תבורי בע""\מ",IL,ספרינג פירות טרופיים,ליטרים,1.50,ליטר,false,,8.90,5.9333,true,1,193342
7290019056638,false,משקה קל תות בננה ספרינג 1.5 ליטר,"יפאורה תבורי בע""\מ",IL,ספרינג תות בננה 1.5,ליטרים,1.50,ליטר,false,,8.90,5.9333,true,1,193343
7290019056645,false,משקה קל אגס תפוח סברס ספרינג 1.5 ליטר,"יפאורה תבורי בע""\מ",IL,ספרינג אגס סברס תפוח,ליטרים,1.50,ליטר,false,,8.90,5.9333,true,1,193360
7290019056652,false,משקה קל אננס בננה ספרינג 1.5 ליטר,"יפאורה תבורי בע""\מ",IL,ספרינג אננס בננה 1.5,ליטרים,1.50,ליטר,false,,8.90,5.9333,true,1,193382
7290019056669,false,משקה קל תפוחים דיאט ספרינג 1.5 ליטר,"יפאורה תבורי בע""\מ",IL,ספרינג תפוחים דיאט 1,ליטרים,1.50,ליטר,false,,8.90,5.9333,true,1,193401
7290019056676,false,משקה קל אשכולית אננס דיאט ספרינג 1.5 ליטר,"יפאורה תבורי בע""\מ",IL,ספרינג דיאט אשכוליות,ליטרים,1.50,ליטר,false,,8.90,5.9333,true,1,205061
7290019056720,false,קריסטל מיץ ענבים 2 ליטר פיקדון,"יפאורה תבורי בע""\מ",IL,קריסטל מיץ ענבים 2 ל,ליטרים,2.00,ליטר,false,,7.90,3.9500,true,1,194450
7290019056737,false,קריסטל מיץ אשכוליטרות 2 ליטר,"יפאורה תבורי בע""\מ",IL,קריסטל מיץ אשכוליות,ליטרים,2.00,ליטר,false,,7.90,3.9500,true,1,194451
7290019056744,false,קריסטל מיץ תפוזים 2 ליטר פיקדון,"יפאורה תבורי בע""\מ",IL,קריסטל מיץ תפוזים 2,ליטרים,2.00,ליטר,false,,7.90,3.9500,true,1,194465
7290019056751,false,קריסטל מיץ אשכוליות דיאט 2 ליטר פיקדון,"יפאורה תבורי בע""\מ",IL,קריסטל דיאט מיץ אשכו,ליטרים,2.00,ליטר,false,,7.20,3.6000,true,1,194466
7290019056768,false,קריסטל מיץ מנגו 2 ליטר פיקדון,"יפאורה תבורי בע""\מ",IL,קריסטל מיץ מנגו 2 לי,ליטרים,2.00,ליטר,false,,7.90,3.9500,true,1,194480
7290019056775,false,קריסטל מוגז ענבים 2 ליטר פיקדון,"יפאורה תבורי בע""\מ",IL,קריסטל ענבים מוגז 2,ליטרים,2.00,ליטר,false,,7.90,3.9500,true,1,194481
7290019056782,false,משקה מוגז בטעם לימון ליים 2 ל' קריסטל,"יפאורה תבורי בע""\מ",IL,קריסטל למון ליים 2 ל,ליטרים,2.00,ליטר,false,,7.90,3.9500,true,1,194482
7290019056799,false,קריסטל מוגז אקזוטי 2 ליטר פיקדון,"יפאורה תבורי בע""\מ",IL,קריסטל אקזוטי 2 ליטר,ליטרים,2.00,ליטר,false,,7.90,3.9500,true,1,194496
7290019056805,false,קריסטל מוגז תפוחים 2 ליטר פיקדון,"יפאורה תבורי בע""\מ",IL,משקה מוגז קריסטל תפו,ליטרים,2.00,ליטר,false,,7.90,3.9500,true,1,194497
7290019056812,false,קריסטל מוגז מנטה 2 ליטר פיקדון,"יפאורה תבורי בע""\מ",IL,קריסטל מנטה 2 ליטר,ליטרים,2.00,ליטר,false,,7.90,3.9500,true,1,194511
7290019056829,false,קריסטל מוגז תפוזים 2 ליטר פיקדון,"יפאורה תבורי בע""\מ",IL,קריסטל תפוזים 2 ליטר,ליטרים,2.00,ליטר,false,,7.90,3.9500,true,1,194512
7290019056836,false,קריסטל מוגז תות 2 ליטר פיקדון,"יפאורה תבורי בע""\מ",IL,תות קריסטל 2 ליטר,ליטרים,2.00,ליטר,false,,7.90,3.9500,true,1,194527
7290019056843,false,קריסטל מוגז קולה 2 ליטר פיקדון,"יפאורה תבורי בע""\מ",IL,קריסטל קולה 2 ליטר,ליטרים,2.00,ליטר,false,,7.90,3.9500,true,1,194528
7290019056959,false,מי עדן 1.5 ליטר בק' בודד פיקדון,"מופק ממקור בזלתי עדן ,1",IL,מי עדן 1.5 ליטר,ליטרים,1.50,ליטר,false,,3.90,2.6000,true,1,205062
7290019056973,false,שישיית מי עדן 1.5 ליטר משפחתי,"מופק ממקור בזלתי עדן ,1",IL,מי עדן 6*1.5 ליטר,ליטרים,9.00,ליטר,false,,15.70,1.7444,true,1,194556
7290019075899,false,קמיל בלו אקסטרה סופט אל סבון לתינוק 1 ליטר,פישר מעבדות פרמצבטיות בע,IL,קמיל בלו אקסטרה סופט,ליטרים,1000.00,100 ליטר,false,,34.90,3.4900,true,1,286201
7290019153214,false,"פחית משקה מוגז מנטה 330 מ""ל שוופס",יפאורה תבורי בעמ,IL,שוופס פחית מנטה 330,מיליליטרים,330.00,"100 מ""ל",false,,4.50,1.3636,true,1,270137
7290019153252,false,שוופס סודה תפוח 1.5 ליטר רביעייה פיקדון,"יפאורה תבורי בע""\מ",IL,שוופס סודה תפוח 4*1.,ליטרים,6.00,ליטר,false,,12.50,2.0833,true,1,256349
7290019153269,false,שוופס סודה אננס 1.5 ליטר רביעייה פיקדון,"יפאורה תבורי בע""\מ",IL,שוופס סודה אננס 4*1.,ליטרים,6.00,ליטר,false,,12.50,2.0833,true,1,256350
7290019153313,false,"משקהתפוח חמוציות אוכמניות 350 מ""ל פרות & ווג",יפאורה תבורי בעמ,IL,פרוט & וג' תפוח חמוצ,מיליליטרים,330.00,"100 מ""ל",false,,7.90,2.3939,true,1,270151
7290019153351,false,מיץ בטעם פינק אוזו 1.5 ל' תפוזינה,"יפאורה תבורי בע""\מ",IL,תפוזינה פינק אוזו 1.,ליטרים,1.50,ליטר,false,,8.90,5.9333,true,1,264385
7290019153375,false,מיץ בטעם מוחיטו 1.5 ל' תפוזינה,"יפאורה תבורי בע""\מ",IL,תפוזינה מוחיטו 1.5 ל,ליטרים,1.50,ליטר,false,,8.90,5.9333,true,1,264386
7290019204008,false,עוף טוב פסטרמה ארבעה פלפלים 350 גרם,עיצובים 2020 (4.9),IL,פסטרמה ארבעה פלפלים,גרמים,350.00,100 גרם,false,,26.90,7.6857,true,1,295593
7290019204305,false,עוף טוב פסטרמה ברביקיו 350 גרם,עיצובים 2020 (4.9),IL,פסטרמה ברביקיו עוף ט,גרמים,350.00,100 גרם,false,,26.90,7.6857,true,1,295576
7290019230007,false,חלה קמח כוסמין ספיישל בייקרי,ספיישל בייקרי,IL,חלה כוסמין ארוזה ביי,גרמים,500.00,100 גרם,false,,16.90,3.3800,true,1,196083
7290019230014,false,חלה קמח מלא ספיישל בייקרי,ספיישל בייקרי,IL,חלה קמח מלא ארוזה בי,גרמים,500.00,100 גרם,false,,16.90,3.3800,true,1,196069
7290019230021,false,חלה גדולה ספיישל ביקרי,ספיישל בייקרי,IL,חלה גדולה ארוזה בייק,גרמים,500.00,100 גרם,false,,14.90,2.9800,true,1,196084
7290019232162,false,"חליטת ""לילה טוב"" קמומיל מליסה 25 שקיקים ויסוצקי",תה ויסוצקי,IL,לילה טוב חליטת קמומי,גרמים,37.50,100 גרם,false,,22.90,61.0667,true,1,328990
7290019233008,false,רוטב עגבניות עם קוביות ארטישוק ושמן זית 420ג ויסוצקי,דליציה דורה אס.אר.אל,IT,רוטב עגבניות עם קובי,גרמים,420.00,100 גרם,false,,14.90,3.5476,true,1,289930
7290019233039,false,שקשוקה קלאסית- רוטב עגבניות עם קוביות פלפלים צלויים,דליציה דורה אס.אר.אל,IT,רוטב עגבניות לשקשוקה,גרמים,420.00,100 גרם,false,,14.90,3.5476,true,1,269324
7290019233046,false,זית קלמטה בלונד מרינד עם שמן זית 215 גרם,זיתא - י.ט.ב תעשיות,IL,זית קלמטה בלונד עם ש,גרמים,215.00,100 גרם,false,,14.90,6.9302,true,1,225129
7290019245001,false,שמן קנולה אלומות 1 ל,סקנולה,EE,שמן קנולה אלומות 1 ל,ליטרים,1.00,ליטר,false,,11.90,11.9000,true,1,251207
7290019297239,false,צימוק חום 250 גרם ששון הקולה,"דין שיווק וקלייה בע""",,צימוק כהה 330 גרם,גרמים,330.00,100 גרם,false,,13.90,4.2121,true,1,4905
7290019297451,false,מי ורדים שקדיה 500 מ,אף.סי תבליני בגליל ב,BE,מי ורדים שקדיה 500 מ,מיליליטרים,500.00,"100 מ""ל",false,,14.90,2.9800,true,1,4914
7290019297536,false,חמאת בוטנים עם שברי בוטנים שקדיה 510 גרם,דין שיווק,IN,חמאת בוטנים עם שברי,גרמים,510.00,100 גרם,false,,11.90,2.3333,true,1,4918
7290019297543,false,חמאת בוטנים שקדיה 510 גרם,דין שיווק,IN,חמאת בוטנים שקדיה 51,גרמים,510.00,100 גרם,false,,11.90,2.3333,true,1,4919
7290019303800,false,פינוקיות שומשום עם שקדים וחמוציות 250 ג',טבע ירוק,IL,פינוקיות שומשום שקדי,גרמים,220.00,100 גרם,false,,18.90,8.5909,true,1,306686
7290019308188,false,ציפס קלאסי בסט צ'יפס,גרין האוס,EG,"צ'יפס קלאסי 1.5 ק""ג",קילוגרמים,1.50,"ק""ג",false,,19.90,13.2667,true,1,332850
7290019393061,false,"קמח כוסמין 100% ללא צורך בניפוי 1 ק""ג האופה",,IL,קמח כוסמין מלא מנופה,קילוגרמים,1.00,"ק""ג",false,,16.90,16.9000,true,1,317188
7290022005074,false,רוטב עגבניות שרי קלאסי 400 גרם,תבליני מימון,IL,רוטב עגבניות שרי קלא,גרמים,400.00,100 גרם,false,,15.90,3.9750,true,1,325842
7290022005104,false,רוטב עגבניות שרי בזיליקום 400 גרם,תבליני מימון,IL,רוטב עגבניות שרי בזי,גרמים,400.00,100 גרם,false,,15.90,3.9750,true,1,378
7290022005111,false,רוטב עגבניות שרי לפיצה 400 גרם,תבליני מימון,IL,רוטב עגבניות שרי לפי,גרמים,400.00,100 גרם,false,,15.90,3.9750,true,1,379
7290022005562,false,קריספ פירורי לחם שום 300 גרם מיימונס,א.ל ייצור ושיווק תבל,IL,פירורי לחם עם שום קר,גרמים,300.00,100 גרם,false,,7.90,2.6333,true,1,262323
7290100240137,false,"תרסיס ריחני למייבש כחול בדין 500 מ""ל","זוהר דליה, קיבוץ דליה, 1",IL,בדין תרסיס למייבש כב,מיליליטרים,500.00,"100 מ""ל",false,,19.90,3.9800,true,1,10434
7290100240144,false,"תרסיס ריחני למייבש ורוד בדין 500 מ""ל","זוהר דליה, קיבוץ דליה, 1",IL,בדין תרסיס למייבש כב,מיליליטרים,500.00,"100 מ""ל",false,,19.90,3.9800,true,1,10435
7290100240632,false,קרקר פתית 200-300ג' 6 דגנים 250 גרם,יוניליוור ישראל מזון בע\,IL,פתית 6 דגנים תלמה 25,גרמים,250.00,100 גרם,false,,17.90,7.1600,true,1,10437
7290100412343,false,קוויק מטליות לחות 99.9% לניקוי כללי בריח לימון 50 יחידות,די.פי.אל,IL,מגבונים לניקוי וחיטו,יחידה,0.00,יחידה,false,,9.90,0.0000,true,1,29568
7290100412435,false,קוויק מטליות לחות 99.9% לניקוי כללי בריח פרחי בר 50 יחידות,די.פי.אל,IL,מגבונים לניקוי וחיטו,יחידה,0.00,יחידה,false,,9.90,0.0000,true,1,29571
7290100412442,false,קוויק מטליות לחות 99.9% לניקוי שירותים ומקלחות בריח מנטה 50 יחידות,די.פי.אל,IL,קוויק מגבונים לניקוי,יחידה,0.00,יחידה,false,,9.90,0.0000,true,1,29572
7290100412770,false,"ד""ר עור - תחליב רחצה קלאסי בניחוח מאסק 700 מ""ל","אמיליה קוסמטיקס בע""מ",IL,תחליב רחצה קלאסי מאס,מיליליטרים,700.00,"100 מ""ל",false,,22.90,3.2714,true,1,29583
7290100412831,false,תחליב רחצה אנטי אייג'ינג בניחוח וניל טרופי,"אמיליה קוסמטיקס בע""מ",IL,תחליב רחצה אנטי איגי,מיליליטרים,700.00,"100 מ""ל",false,,22.90,3.2714,true,1,29588
7290100570234,false,אביזרי מטבח,,,אביזרי מטבח,יחידה,0.00,יחידה,false,,12.90,0.0000,true,1,34259
7290100571224,false,אביזרי מטבח,,,אביזרי מטבח,יחידה,0.00,יחידה,false,,7.90,0.0000,true,1,296653
7290100572368,false,אביזרי מטבח,,,אביזרי מטבח,יחידה,0.00,יחידה,false,,19.90,0.0000,true,1,34268
7290100572702,false,אביזרי מטבח ב-11.00,,,אביזרי מטבח ב-11.00,יחידה,0.00,יחידה,false,,10.90,0.0000,true,1,34271
7290100573402,false,אביזרי מטבח,,,אביזרי מטבח,יחידה,0.00,יחידה,false,,14.90,0.0000,true,1,34274
7290100658338,false,"נוזל לניקוי כלים אוקסי פלוס פלמוליב 750 מ""ל",הנסיך- מפעל לייצור ט,GR,פלמוליב לכלים אוקסי-,מיליליטרים,750.00,"100 מ""ל",false,,13.90,1.8533,true,1,21561
7290100680711,false,פירורית זהב אסם זהב 350ג',עינת תעשיות מזון אגו,IL,אסם פירורית זהב 350,גרמים,350.00,100 גרם,false,,9.90,2.8286,true,1,18807
7290100680728,false,פירורית רגילה 350 ג' אוסם,מיוצר עי קונדיטוריית,IL,פירורית רגילה שקית 3,גרמים,350.00,100 גרם,false,,8.90,2.5429,true,1,18808
7290100681015,false,אינסטנט פודינג בטעם ריבת חלב אסם 84 גרם,מיוצר עי קונדיטוריית,IL,אסם פודינג אינסטנט ר,גרמים,84.00,100 גרם,false,,6.50,7.7381,true,1,18810
7290100681138,false,מארז אפרופו חטיף תירס 3 יחידות,"אסם השקעות בע""\מ",IL,אפרופו מאח 3*50 גר',גרמים,150.00,100 גרם,false,,12.90,8.6000,true,1,18812
7290100681503,false,עסיס לימונענע דיאט סירופ 1 ליטר,בית-השיטה עסיס תעשיות מז,IL,סירופ דיאט לימונענע,ליטרים,1.00,ליטר,false,,16.90,16.9000,true,1,18814
7290100683880,false,פירה אסם ללא צורך בבישול 260 גרם,"אסם השקעות בע""\מ",IL,פירה אסם 260 גרם,גרמים,260.00,100 גרם,false,,16.90,6.5000,true,1,18822
7290100685136,false,"אבקת מרק בטעם עוף אסם 1 ק""ג","אסם השקעות בע""\מ",IL,מרק בטעם עוף אסם 1 ק,קילוגרמים,1.00,"ק""ג",false,,17.90,17.9000,true,1,18829
7290100685242,false,במבה מתוקה מחומרים טבעיים סרט 30 גרם,"אסם תעשיות בע""מ",IL,במבה מתוקה מחומרים ט,גרמים,30.00,100 גרם,false,,2.90,9.6667,true,1,18830
7290100685334,false,אבקת מרק עוף אמיתי בשרי רכיבים טבעיים אסם 400 גרם,"אסם השקעות בע""\מ",IL,מרק עוף מרכיבים טבעי,גרמים,400.00,100 גרם,false,,26.70,6.6750,true,1,18831
7290100685341,false,אבקת מרק טעם עוף זך רכיבים טבעיים אסם 400 גרם,"אסם השקעות בע""\מ",IL,מרק זך טעם עוף רכיבי,גרמים,400.00,100 גרם,false,,18.90,4.7250,true,1,18832
7290100686164,false,מארז מולטיפק ביסלי ברביקיו 6 יח 35 גר יח,מיוצר עי קונדיטוריית,IL,ביסלי ברביקיו מאח.8,גרמים,210.00,100 גרם,false,,14.90,7.0952,true,1,18839
7290100686171,false,מארז מולטיפק ביסלי גריל 6 יח 35 גר ליח,"אסם השקעות בע""\מ",IL,ביסלי גריל מאח.8 6*3,גרמים,210.00,100 גרם,false,,14.90,7.0952,true,1,18840
7290100687109,false,במבה במילוי קרם נוגט 60ג' אסם,"אסם השקעות בע""\מ",IL,במבה במילוי קרם נוגט,גרמים,60.00,100 גרם,false,,4.90,8.1667,true,1,18843
7290100689301,false,אבקת מרק בטעם עוף זך עדיף אסם 400 גרם,"אסם השקעות בע""\מ",IL,מרק בטעם עוף זך אסם,גרמים,400.00,100 גרם,false,,16.90,4.2250,true,1,18850
7290100700020,false,סוגת גריסי פנינה 500 גרם,האי נאם סי או אל.טי.,IL,סוגת גריסי פנינה 500,גרמים,500.00,100 גרם,false,,6.90,1.3800,true,1,17345
7290100700273,false,קינואה לבנה 500 ג סו,האי נאם סי או אל.טי.,IL,קינואה סוגת 500 גרם,גרמים,500.00,100 גרם,false,,16.90,3.3800,true,1,17349
7290100700310,false,"סוגת כוסמת סוגת 1ק""ג","סוגת תעשיות בע""מ",IL,כוסמת 1 ק'ג,קילוגרמים,1.00,"ק""ג",false,,15.90,15.9000,true,1,17351
7290100700334,false,קינואה לבנה 1 קג סוג,"סוגת תעשיות בע""מ",IL,סוגת קינואה 1קג,קילוגרמים,1.00,"ק""ג",false,,28.90,28.9000,true,1,17353
7290100700372,false,"סוגת אורז בסמטי מלא 1 ק""ג",האי נאם סי או אל.טי.,IL,אורז בסמטי מלא 1 ק'ג,קילוגרמים,1.00,"ק""ג",false,,10.00,10.0000,true,1,17355
7290100700389,false,"אורז אדום 1 ק""ג ""סוגת""","סוגת תעשיות בע""\מ",IL,אורז אדום 1 ק'ג,קילוגרמים,1.00,"ק""ג",false,,13.90,13.9000,true,1,17356
7290100700396,false,"סוגת אורז יסמין קלאסי 1 ק""ג",האי נאם סי או אל.טי.,IL,סוגת אורז יסמין קלאס,קילוגרמים,1.00,"ק""ג",false,,12.90,12.9000,true,1,17357
7290100700402,false,"סוגת חומוס ענק 1 ק""ג",סוגת תעשיות בעמ,IL,חומוס ענק 1 ק'ג,קילוגרמים,1.00,"ק""ג",false,,21.90,21.9000,true,1,17358
7290100700563,false,"סוגת אורז מיקס קלאסי 1 ק""ג",סוגת תעשיות בעמ,IL,אורז מיקס קלאסי 1 ק',קילוגרמים,1.00,"ק""ג",false,,13.90,13.9000,true,1,17362
7290100700587,false,"בורגול ""סוגת"" 500 גרם",האי נאם סי או אל.טי.,IL,סוגת בורגול 500 גר,גרמים,500.00,100 גרם,false,,6.90,1.3800,true,1,17363
7290100701157,false,"אורז להכנת סושי סוגת 1 ק""ג","סוגת תעשיות בע""\מ",IL,אורז סושי 1 קג,קילוגרמים,1.00,"ק""ג",false,,12.90,12.9000,true,1,17366
7290100701300,false,קינואה אדומה סוגת 500 גרם,"סוגת תעשיות בע""\מ",IL,סוגת קינואה אדומה 50,גרמים,500.00,100 גרם,false,,15.90,3.1800,true,1,17367
7290100701454,false,גרישה בורגול דק סוגת 500 גרם,"סוגת תעשיות בע""\מ",IL,גרישה 500 גרם,גרמים,500.00,100 גרם,false,,6.90,1.3800,true,1,17375
7290100701577,false,קמח לחם קמח חיטה לבן שטיבל,טחנות קמח שטיבל באר שבע,IL,קמח לחם מועשר בויטמי,קילוגרמים,1.00,"ק""ג",false,,7.90,7.9000,true,1,17376
7290100701874,false,"קמח כוסמין מלא סוגת 1 ק""ג",טחנות קמח שטיבל באר,IL,"קמח כוסמין סוגת 1 ק""",קילוגרמים,1.00,"ק""ג",false,,14.90,14.9000,true,1,17380
7290100701881,false,קמח פיצה ופוקצ'ה- קמח חיטה לבן בהיר שטיבל,"שטיבל בע""\מ - טחנת קמח",IL,קמח פיצה ופוקצה סוגת,קילוגרמים,1.00,"ק""ג",false,,7.90,7.9000,true,1,17381
7290100702260,false,קוסקוס דק סוגת 350 גרם,"אסיף תעשיות מזון בע""\מ",IL,קוסקוס דק סוגת 350 ג,גרמים,350.00,100 גרם,false,,5.90,1.6857,true,1,17386
7290100702277,false,קוסקוס עבה סוגת 350 גרם,"אסיף תעשיות מזון בע""",IL,קוסקוס עבה סוגת 350,גרמים,350.00,100 גרם,false,,5.90,1.6857,true,1,17387
7290100702284,false,קוסקוס מלא סוגת 350 גרם,"אסיף תעשיות מזון בע""",IL,קוסקוס מלא סוגת 350,גרמים,350.00,100 גרם,false,,5.90,1.6857,true,1,17388
7290100702383,false,קמח תופח מס' 13 סוגת,"שטיבל בע""\מ - טחנות קמח",IL,"קמח תופח סוגת 1 ק""ג",קילוגרמים,1.00,"ק""ג",false,,7.90,7.9000,true,1,17391
7290100702628,false,פתיתים אפויים קוסקוס סוגת 500 גרם,"אסיף תעשיות מזון בע""\מ",IL,פתיתים אפויים קוסקוס,גרמים,500.00,100 גרם,false,,4.90,0.9800,true,1,17401
7290100702635,false,פתיתים אפויים כוכבים סוגת 500 גרם,"אסיף תעשיות מזון בע""",IL,פתיתים אפויים כוכבים,גרמים,500.00,100 גרם,false,,4.90,0.9800,true,1,17402
7290100702741,false,"סוכר חום בהיר בצנצנת סוגת 1 ק""ג",סוגת תעשיות בעמ,IL,סוכר חום בהיר בצנצנת,קילוגרמים,1.00,"ק""ג",false,,13.90,13.9000,true,1,17411
7290100703564,false,"פתיתי שיבולת שועל עבה 500 גרם ""סוגת""",,,שיבולת שועל עבה סוגת,גרמים,500.00,100 גרם,false,,7.90,1.5800,true,1,17454
7290100703632,false,קמח חיטה מלא ללא צורך בניפוי,"שטיבל בע""מ",IL,קמח מלא ללא ניפוי סו,קילוגרמים,1.00,"ק""ג",false,,8.90,8.9000,true,1,17458
7290100703649,false,"קמח חיטה 80% ללא צורך בניפוי סוגת 1 ק""ג","שטיבל בע""מ",IL,קמח מלא חיטה 80% ללא,קילוגרמים,1.00,"ק""ג",false,,8.90,8.9000,true,1,17459
7290100703861,false,"תערובת קסם לחלה ללא צורך בניפוי סוגת 1 ק""ג","שטיבל בע""\מ - טחנות קמח",IL,קמח תערובת קסם לחלה,קילוגרמים,1.00,"ק""ג",false,,8.90,8.9000,true,1,17465
7290100703915,false,פופקורן להכנה במיקרוגל בטעם חמאה - מארז 6 שקיות,נטאיס,IL,מארז פופקורן למיקרוג,גרמים,540.00,100 גרם,false,,15.90,2.9444,true,1,17469
7290100703922,false,פופקורן להכנה במיקרוגל בטעם טבעי - מארז 6 שקיות,סוגת,IL,מארז פופקורן למיקרוג,גרמים,540.00,100 גרם,false,,15.90,2.9444,true,1,17470
7290100704141,false,סודה לשתייה 100 ג' סוגת,א.ל. ייצור ושיווק תב,IL,סוגת סודה לשתייה 100,גרמים,100.00,100 גרם,false,,2.90,2.9000,true,1,17480
7290100704493,false,קמח שמרים פיצה ללא צורך בניפוי 1 קג,"שטיבל בע""\מ - טחנת קמח",IL,קמח שמרים פיצה סוגת,קילוגרמים,1.00,"ק""ג",false,,8.90,8.9000,true,1,109047
7290100704660,false,"קינואה מיקס סוגת, 500 גרם","סוגת תעשיות בע""\מ",IL,קינואה מיקס סוגת 500,גרמים,500.00,100 גרם,false,,16.90,3.3800,true,1,145551
7290100850909,false,דוריטוס נאצ'ו מקסיקני 70 גרם,"שטראוס פריטו ליי בע""\מ",IL,דוריטוס נאצו מקסיקני,גרמים,70.00,100 גרם,false,,3.90,5.5714,true,1,24172
7290100850916,false,דוריטוס חמוץ חריף מעודן 70 גרם כשר לפסח,"שטראוס פריטו ליי בע""\מ )",IL,דוריטוס חמוץ חריף 70,גרמים,70.00,100 גרם,false,,3.90,5.5714,true,1,24173
7290100850923,false,דוריטוס בטעם גריל 70 גרם,"שטראוס פריטו ליי בע""\מ )",IL,דוריטוס גריל 70 גרם,גרמים,70.00,100 גרם,false,,3.90,5.5714,true,1,24174
7290100850930,false,דוריטוס בטעם טבעי 70 גרם,"שטראוס פריטו ליי בע""\מ )",IL,דוריטוס טבעי 70 גרם,גרמים,70.00,100 גרם,false,,3.90,5.5714,true,1,24175
7290100858592,false,אבקת קקאו עלית שקית 150 ג',הנסיך- מפעל לייצור ט,IL,עלית קקאו 150ג,גרמים,150.00,100 גרם,false,,9.90,6.6000,true,1,22358
7290100858608,false,אבקת קקאו עלית שקית 500 ג',שטראוס קפה בי.ויn\.,IL,עלית קקאו 500ג,גרמים,500.00,100 גרם,false,,27.10,5.4200,true,1,22359
7290100921593,false,מנקה אסלה סוד 4 כדוריות לאסלה לימון נתלה 50 ג',"הנקל סוד בע""\מ",RS,סוד סבון 4 כדוריות ל,גרמים,50.00,100 גרם,false,,9.90,19.8000,true,1,34941
7290100922651,false,הוואי - סבון מוצק מי קוקוס 100 גרם רביעייה,טרופיקל דגיל קוסמטיק,IL,סבון מוצק מי קוקוס ה,גרמים,400.00,100 גרם,false,,13.90,3.4750,true,1,8167
7290100924457,false,שלישיית כדוריות סבון לאסלה לימון סוד 50 גרם,הנקל סוד,RS,סוד סבון 4 כדוריות ל,גרמים,150.00,100 גרם,false,,22.90,15.2667,true,1,34957
7290100924464,false,כדוריות סבון נתלה לאסלה עם אקונומיקה - 3 יח',הנקל סוד,HU,סוד סבון 4 כדוריות ל,גרמים,150.00,100 גרם,false,,22.90,15.2667,true,1,34958
7290100924631,false,מרכך כביסה מרוכז לבגדי תינוקות ובעלי עור רגיש,"הנקל סוד בע""\מ",IL,מרכך כביסה סוד מרוכז,מיליליטרים,900.00,"100 מ""ל",false,,13.90,1.5444,true,1,34967
7290100924693,false,סוד סבון לאסלה 4 כדוריות בניחוח אוקנומיקה 50 ג',"הנקל סוד בע""\מ",HU,סוד סבון מוצק כחול א,גרמים,50.00,100 גרם,false,,9.90,19.8000,true,1,34968
7290100925676,false,קולור קאצר 20 דפים לוכדי צבע למכונת כביס,"הנקל סוד בע""\מ",IE,קולור קאצ'ר 20 דפים,יחידה,0.00,יחידה,false,,25.90,0.0000,true,1,35006
7290100926147,false,אבקת כביסה פרסיל קולור שקית 2.5 קג,"הנקל סוד בע""מ",IL,אבקת כביסה פרסיל קול,קילוגרמים,2.50,"ק""ג",false,,26.90,10.7600,true,1,35017
7290101112921,false,גלידל פרי קרחון מופחת קלוריות פירות טרופיים - 8 יח',הגלידות של פלדמן,IL,פופסיקל בטעם פירות ט,גרמים,640.00,100 גרם,false,,29.90,4.6719,true,1,36076
7290101113584,false,מאגדת טילונים שוקולד לבן עם ליבת שוקולד יולו 5 יח',הגלידות של פלדמן,IL,מאגדת טילון YOLO בט,גרמים,400.00,100 גרם,false,,27.90,6.9750,true,1,135027
7290101113751,false,מאגדת שלגון קרמל ושוקולד בלונדי רביעיה * 50 ג' יולו,הגלידות של פלדמן,IL,מאגדת רביעייה שלגון,גרמים,200.00,100 גרם,false,,20.90,10.4500,true,1,232266
7290101113768,false,מאגדת שלגון עוגיות ושוקולד חלב רביעיה * 50 ג' יולו,הגלידות של פלדמן,IL,מאגדת רביעייה שלגון,גרמים,200.00,100 גרם,false,,20.90,10.4500,true,1,232267
7290101113805,false,מאגדת (5) יופלה שייק פרי תות 70 אחוז פרי 350 גרם,הגלידות של פלדמן,IL,מאגדת יופלה שייק פרי,גרמים,350.00,100 גרם,false,,21.90,6.2571,true,1,230084
7290101113829,false,מאגדת (5) יופלה שייק פרי מנגו 70 אחוז פרי 350 גרם,הגלידות של פלדמן,IL,מאגדת ופלה שייק פרי,גרמים,350.00,100 גרם,false,,21.90,6.2571,true,1,230085
7290101113904,false,מארז מנבו וניל 12 יח' פלדמן,הגלידות של פלדמן,IL,מנבו וניל 12 יח 288,גרמים,288.00,100 גרם,false,,24.90,8.6458,true,1,313541
7290101113911,false,מארז מנבו מוקה 12 יח' פלדמן,הגלידות של פלדמן,IL,מנבו מוקה 12 יח 288,גרמים,288.00,100 גרם,false,,24.90,8.6458,true,1,313556
7290101459880,false,נרות אותיות- יום הול,,,נרות אותיות- יום הול,יחידה,0.00,יחידה,false,,9.90,0.0000,true,1,32475
7290101551027,false,קפסולות קפה אספרסו חזק במיוחד 14 עלית 10 יח',הנסיך- מפעל לייצור ט,IL,קפסולות אספרסו 14 למ,גרמים,50.00,100 גרם,false,,18.90,37.8000,true,1,22366
7290101551539,false,יוגורט PRO בטעם אפרסק 0% 20 גרם חלבון בגביע,"שטראוס בריאות בע""מ",IL,דנונה פרו 20 אפרסק 2,גרמים,200.00,100 גרם,false,,6.20,3.1000,true,1,23390
7290101551577,false,קוואקר שיבות שועל פחית מארז 2*500 גר',FRITO-LAY TRADING CO,GB,זוג קוואקר פחית שיבו,קילוגרמים,1.00,"ק""ג",false,,24.90,24.9000,true,1,24179
7290101551584,false,תפוצ'יפס קידס מארז 10 יח' * 20 ג',"שטראוס פריטו ליי בע""מ )פ",IL,מארז תפוצ'יפס קידס 1,גרמים,200.00,100 גרם,false,,15.90,7.9500,true,1,24180
7290101551614,false,חטיף צ'יטוס קראנץ בטעם גבינה - מארז 8 יח',"שטראוס פריטו ליי בע""מ )פ",IL,מארז צ'יטוס קראנצ' ג,גרמים,240.00,100 גרם,false,,14.90,6.2083,true,1,24182
7290101551638,false,חטיף צ'יטוס כאפה בטעם קטשופ - מארז 10 יח',"שטראוס פריטו ליי בע""מ )פ",IL,מארז צ'יטוס כאפה 10*,גרמים,200.00,100 גרם,false,,13.90,6.9500,true,1,24184
7290101863410,false,"סיליט באנג ספריי ניקוי עוצמתי מכיל אקונומיקה 750 מ""ל",סיליט באנג Cillit Bang,PL,סיליט באנג ספריי אקו,מיליליטרים,750.00,"100 מ""ל",false,,17.90,2.3867,true,1,20895
7290101864127,false,"ספריי להסרת כתמים 750 מ""ל וניש קליה",קליה וניש Kalia Vanish,IL,קליה אוקסי ספריי 750,מיליליטרים,750.00,"100 מ""ל",false,,16.90,2.2533,true,1,20899
7290101865261,false,"פיניש נוזל הברקה למדיח 800 מ""ל",רקיט בנקיזר,PL,פיניש הברקה 800 מל,מיליליטרים,800.00,"100 מ""ל",false,,27.90,3.4875,true,1,20906
7290101866633,false,וניש קליה גל להסרת כתמים 3 ליטר אוקסיפרש,קליה וניש Kalia Vanish,IL,וניש קליה ג'ל 3 ליטר,ליטרים,3.00,ליטר,false,,29.90,9.9667,true,1,20912
7290101866787,false,וניש קליה נוזל מסיר כתמים לכביסה לבנה 3 ליטר,קליה וניש Kalia Vanish,IL,וניש נוזל מסיר כתמים,ליטרים,3.00,ליטר,false,,29.90,9.9667,true,1,20915
7290101868958,false,פיניש נוזל הברקה למדיח בניחוח לימון,רקיט בנקיזר,PL,פיניש נוזל הברקה לימ,מיליליטרים,800.00,"100 מ""ל",false,,27.90,3.4875,true,1,20938
7290101869733,false,פיניש ג'ל למדיח כלים בניחוח לימון 1 ליטר ALL IN 1,רקיט בנקיזר,PL,ג'ל 1 ליטר לימון AIO,ליטרים,1.00,ליטר,false,,43.90,43.9000,true,1,20950
7290101869795,false,"מטהר אוויר אירוויק ספריי מילוי חלום ליל קיץ 250 מ""ל",איירוויק Air Wick,GB,איירוויק מילוי מבשם,מיליליטרים,250.00,"100 מ""ל",false,,16.90,6.7600,true,1,20956
7290101999720,false,נרות מטה לבבות פו,,,נרות מטה לבבות פו,יחידה,0.00,יחידה,false,,7.50,0.0000,true,1,32809
7290102030330,false,תפוצ'יפס קראנצ' בטעם מקסיקני 200 גרם,"שטראוס פריטו ליי בע""\מ )",IL,תפוצ'יפס קראנץ מקסיק,גרמים,200.00,100 גרם,false,,10.90,5.4500,true,1,24193
7290102031276,false,מארז 8 יחידות אקטימל משקה יוגורט בטעם תות בננה,מיוצר עי קונדיטוריית,IL,אקטימל תות בננה 8*10,מיליליטרים,800.00,"100 מ""ל",false,,22.90,2.8625,true,1,23411
7290102032334,false,אבקה להכנת משקה קפה בטעם וניל,שטראוס קפה בי.וי,IL,קפה נמס עלית בטעם ונ,גרמים,200.00,100 גרם,false,,24.90,12.4500,true,1,22372
7290102060764,false,מרידול מברשת שיניים אריזת זוג,יבואן ומשווק: ש. שסט,CH,זוג מברשות שיניים עד,יחידה,0.00,יחידה,false,,37.90,0.0000,true,1,21573
7290102062195,false,"משחת שיניים לילדים לגילאי 6-12 אלמקס 75 מ""ל",יבואן ומשווק: ש. שסט,PE,אלמקס משחת שיניים אל,מיליליטרים,75.00,"100 מ""ל",false,,15.90,21.2000,true,1,21578
7290102300822,false,גבינה צ'דר אנגלית כתומה 200 גרם,דאולי צ'יסמייקרס,GB,סיימן גבינת צדר אנגל,גרמים,200.00,100 גרם,false,,27.90,13.9500,true,1,17176
7290102300860,false,"גבינת צ'דר אנגלית לבן, 200 גרם",דאוליי צ'יסמייקרס,GB,שביק גבינת צדר אנגלי,גרמים,200.00,100 גרם,false,,27.90,13.9500,true,1,17177
7290102302246,false,גבינת גאודה הולנדית 200 גרם,מיוצר עי קונדיטוריית,NL,גבינת גאודה 200 גר',גרמים,200.00,100 גרם,false,,24.90,12.4500,true,1,17183
7290102302864,false,גבינה הולנדית עם פסטו ירוק 34%,הנרי ויליך Henri Willig,NL,גבינה הולנדית חצי קש,גרמים,200.00,100 גרם,false,,33.90,16.9500,true,1,252237
7290102302888,false,גבינת גאודה כמון 200 גרם,מיוצר עי קונדיטוריית,NL,גבינה הולנדית עם כמו,גרמים,200.00,100 גרם,false,,33.90,16.9500,true,1,252222
7290102302932,false,גאיה קלאסית בפרוסות 150 גרם,קריניציה ויטמינה אס,DE,גבינה טבעונית קלאסית,גרמים,150.00,100 גרם,false,,23.90,15.9333,true,1,112181
7290102302963,false,פרוסות טבעונית עשבי תיבול,גאיה Gaia,DE,גבינה טבעונית עשבי ת,גרמים,150.00,100 גרם,false,,23.90,15.9333,true,1,112183
7290102303878,false,אלוויר חמאת נורמנדי 200 גרם,אלוויר,FR,חמאת נורמנדי 200 גרם,גרמים,200.00,100 גרם,false,,23.90,11.9500,true,1,252251
7290102303977,false,גוש טונה בשמן זית רוברט 140 גרם,קונסרבס פורטוגל נורטה,PT,טונה בשמן זית רוברט,גרמים,120.00,100 גרם,false,,12.90,10.7500,true,1,285392
7290102303984,false,גוש טונה במים רוברט 140 גרם,קונסרבס פורטוגל נורטה,PT,טונה במי מלח רוברט 1,גרמים,120.00,100 גרם,false,,10.90,9.0833,true,1,285407
7290102390427,false,יוגורט ביו עם קציפת תות 3% שומן 150 ג' מולר,מולר Muller,IL,מולר פרופ תות 3% 150,גרמים,150.00,100 גרם,false,,5.50,3.6667,true,1,6437
7290102390465,false,יוגורט ביו עם קציפת אפרסק ופסיפלורה 3% שומן 150 ג' מולר,מולר Muller,IL,מולר פרופ אפרסק פסיפ,גרמים,150.00,100 גרם,false,,5.50,3.6667,true,1,6438
7290102390489,false,יוגורט ביו עם קציפת לימון 3% שומן 150 ג' מולר,מולר Muller,IL,מולר פרופ לימון 3% 1,גרמים,150.00,100 גרם,false,,5.50,3.6667,true,1,6440
7290102391844,false,יוגורט ביו עם קציפת פירות יער3% שומן 150 ג' מולר,מולר Muller,IL,מולר פרופ לבן+קציפת,גרמים,150.00,100 גרם,false,,5.50,3.6667,true,1,6447
7290102392094,false,חלב עיזים 3.7% בקרטון משק צוריאל 1 ליטר,מילקו תעשיות בעמ,IL,צוריאל חלב עיזים 1ל,ליטרים,1.00,ליטר,false,,16.90,16.9000,true,1,6450
7290102392254,false,"חלב בקרטון 1% 2 ליטר בד""צ - מוצר בפיקוח",מילקו תעשיות בעמ,IL,טרה חלב 1% 2ל,ליטרים,2.00,ליטר,false,,11.72,5.8600,true,1,6453
7290102393039,false,"יוגורט ביו קרמי מיקס פצפוצי שוקולד 7.6% מולר 170 מ""ל",קריות זול,IL,מולר מיקס בתוספת פצפ,מיליליטרים,170.00,"100 מ""ל",false,,5.90,3.4706,true,1,6466
7290102393169,false,"יוגורט סימפלי פרוט בטעם תות 3% מולר 150 מ""ל",מולר Muller,IL,מולר סימפלי פרוט תות,גרמים,150.00,100 גרם,false,,5.50,3.6667,true,1,6473
7290102393176,false,סימפלי פרוט יוגורט אפרסק 3% שומן 150 ג' מולר,מילקו תעשיות בעמ,IL,מולר סימפלי פרוט אפר,גרמים,150.00,100 גרם,false,,5.50,3.6667,true,1,6474
7290102393190,false,"יוגורט סימפלי פרוט בטעם פירות יער 3% מולר 150 מ""ל",מילקו תעשיות בעמ,IL,מולר סימפלי פרוט פיר,גרמים,150.00,100 גרם,false,,5.50,3.6667,true,1,6475
7290102393268,false,"גבינה לבנה 5% שומן, רכיבים טבעיים 750 גרם",הפריט בפיקוח,IL,טרה גבינה לבנה אריזת,גרמים,750.00,100 גרם,false,,14.90,1.9867,true,1,6476
7290102393299,false,יוגורט עיזים לשתייה 3% משק צוריאל 500 גרם,מיוצר עי קוד יצרן HG,IL,צוריאל יוגורט עיזים,מיליליטרים,500.00,"100 מ""ל",false,,12.90,2.5800,true,1,6477
7290102393855,false,יוגורט עיזים 2.5% עם אפרסק משק צוריאל 150 גרם,מחלבת משק צוריאל,IL,צוריאל יוגורט עיזים,מיליליטרים,150.00,"100 מ""ל",false,,6.70,4.4667,true,1,6482
7290102393947,false,סימפלי פרוט יוגורט בטעם קיווי 3% שומן 150 ג' מולר,מילקו תעשיות בעמ,IL,מולר סימפלי פרוט קיו,מיליליטרים,150.00,"100 מ""ל",false,,5.50,3.6667,true,1,6483
7290102394081,false,"יוגורט ביו קרמי מיקס קורנפלקס מצופה שוקולד מולר 170 מ""ל",מילקו תעשייה בעמ,IL,מולר מיקס קורנפקלס מ,גרמים,170.00,100 גרם,false,,5.90,3.4706,true,1,6485
7290102394258,false,גליל גבינת עיזים מה עז 9% משק צוריאל 180 גרם,מחלבת משק צוריאל,IL,צוריאל מה עז 9% 180ג,גרמים,180.00,100 גרם,false,,23.90,13.2778,true,1,6487
7290102394463,false,נעם גבינה צהובה פרוסה ואקום 28% טרה 500 גרם,Unknown,IL,נעם גבינה צהובה וואק,גרמים,500.00,100 גרם,false,,28.90,5.7800,true,1,6494
7290102394821,false,נעם גבינה צהובה פרוסה 28% טרה 200 גרם,מילקו תעשיות בעמ,IL,נעם גבינה צהובה דק ד,גרמים,200.00,100 גרם,false,,16.90,8.4500,true,1,6498
7290102394845,false,נעם גבינה צהובה לייט פרוסה דק דק 9% טרה 200 גרם,מילקו תעשיות בעמ,IL,נעם גבינה צהובה דק ד,גרמים,200.00,100 גרם,false,,17.90,8.9500,true,1,6499
7290102395217,false,מאגדת שמיניה מולר במתיקות מעודנת 1.2% 8*150 ג',מולר Muller,IL,מולר ביאנקו במתיקות,קילוגרמים,1.20,"ק""ג",false,,19.90,16.5833,true,1,6506
7290102395224,false,שמיניית יוגורט ביו ביאנקו 1.7% מולר 150 גרם,מולר Muller,IL,מולר נטורל 1.7% 8*15,קילוגרמים,1.20,"ק""ג",false,,18.90,15.7500,true,1,6507
7290102395231,false,שמיניית יוגורט ביו ביאנקו 2.8% מולר 150 גרם,מולר Muller,IL,מולר נטורל 2.8% 8*15,קילוגרמים,1.20,"ק""ג",false,,18.90,15.7500,true,1,6508
7290102395262,false,מארז 8 גביעים יוגורט בטעם תות שדה ואפרסק 3% Simply Fruit,מולר Muller,IL,מולר תות שדה ואפרסק,קילוגרמים,1.20,"ק""ג",false,,31.90,26.5833,true,1,6509
7290102395347,false,"יוגורט 6% בכד 3 ק""ג רבנות",טרה,IL,טרה יוגורט 6% כד 3 ק,קילוגרמים,3.00,"ק""ג",false,,29.90,9.9667,true,1,6510
7290102395378,false,נעם גבינה צהובה פרוסה ואקום 28% טרה 360 גרם,טרה,IL,נעם גבינה צהובה ואקו,גרמים,360.00,100 גרם,false,,21.90,6.0833,true,1,6511
7290102395439,false,מארז 8 גביעים יוגורט בטעם פירות יער וקיווי 3% Simply Fruit,מילקו תעשיות בעמ,IL,מולר סימפלי פירות יע,קילוגרמים,1.20,"ק""ג",false,,31.90,26.5833,true,1,6513
7290102395446,false,מעדן חלב בטעם וניל עם קצפת 123 ג' טרה,Unknown,IL,מוו וניל קצפת 123מל,מיליליטרים,123.00,"100 מ""ל",false,,3.50,2.8455,true,1,6514
7290102395477,false,מעדן חלב בטעם שוקולד עם קצפת 123 ג' טרה,Unknown,IL,מוו שוקולד קצפת 123מ,מיליליטרים,123.00,"100 מ""ל",false,,3.50,2.8455,true,1,6517
7290102396399,false,שמיניית מעדן שוקולד מוו 1.5% טרה 100 גרם,Unknown,IL,מוו מעדן שוקולד 100*,גרמים,800.00,100 גרם,false,,14.90,1.8625,true,1,6535
7290102396405,false,שמיניית מעדן וניל מוו 1.5% טרה 100 גרם,Unknown,IL,מוו מעדן וניל 100*8,גרמים,800.00,100 גרם,false,,14.90,1.8625,true,1,6536
7290102396443,false,"מעדן מוו וניל 1.5% 125 גרם בד""צ",מילקו תעשיות בעמ,IL,מוו מעדן וניל 1.5% 1,גרמים,125.00,100 גרם,false,,3.50,2.8000,true,1,6540
7290102396580,false,מעדן מוו שוקולד ומוס שוקולד טרה 118 גרם,טרה,IL,מוו מעדן שוקולד ומוס,גרמים,118.00,100 גרם,false,,3.50,2.9661,true,1,6544
7290102396597,false,מעדן מוו וניל ומוס שוקולד טרה 118 גרם,טרה,IL,מוו מעדן וניל ומוס ש,גרמים,118.00,100 גרם,false,,3.50,2.9661,true,1,6545
7290102396665,false,נעם גבינה צהובה דק דק 15% טרה 200 גרם,מילקו תעשיות בעמ,IL,גבנ`צ דקדק פתח סגור,גרמים,200.00,100 גרם,false,,17.90,8.9500,true,1,6548
7290102396672,false,"גבנ""צ דק דק נעם פתיחה חוזרת 9% 360 גרם",מילקו תעשיות בעמ,IL,נעם צהובה דק דק 9% 3,גרמים,360.00,100 גרם,false,,28.90,8.0278,true,1,6549
7290102396719,false,יוגורט סימפלי תות 0% מולר 150 גרם,מולר Muller,IL,מולר סימפלי פרוט תות,גרמים,170.00,100 גרם,false,,5.50,3.2353,true,1,6551
7290102396740,false,מארז 8 גביעים יוגורט בטעם תות שדה ואפרסק 0% Simply Fruit,מילקו תעשיות בעמ,IL,מולר סימפלי פרוט 0%,קילוגרמים,1.20,"ק""ג",false,,31.90,26.5833,true,1,6554
7290102397204,false,"גבנ""צ דק דק נעם פתיחה חוזרת 22% 200 גרם",מילקו תעשיות בעמ,IL,נעם צהובה דק דק 22%,גרמים,200.00,100 גרם,false,,17.90,8.9500,true,1,6575
7290102397310,false,מעדן מיני בטעם שוקולד קצפת מוו מאגדת 8 יח' * 70 ג',מילקו תעשיות בעמ,IL,מאגדת שמינייה מיני מ,מיליליטרים,944.00,"100 מ""ל",false,,12.90,1.3665,true,1,6579
7290102397464,false,יוגורט ביו בתוספת גרעינים אגוזים וחמוציות 170 ג' מולר,מולר Muller,IL,מולר יוגורט נטורל +,גרמים,150.00,100 גרם,false,,5.90,3.9333,true,1,6590
7290102397600,false,מיקס יוגורט בתוספת שקדים ובוטנים מקורמלים 170 ג' מולר,מילקו תעשייה בעמ,IL,מולר מיקס שקדים ובוט,גרמים,168.00,100 גרם,false,,5.90,3.5119,true,1,6600
7290102397617,false,יוגורט ביו קרמי עם כדורים מצופים שוקולד חום לבן,מולר Muller,IL,מולר מיקס קליק 168 ג,גרמים,168.00,100 גרם,false,,5.90,3.5119,true,1,6601
7290102397679,false,קוטג' וחצי טרה 5% מרכיבים טבעיים,מילקו,IL,קוטג' וחצי 5% 375 גר,גרמים,375.00,100 גרם,false,,7.90,2.1067,true,1,6604
7290102397730,false,פרוסות גבינה אמנטל חצי קשה 30% שומן 200 ג' נעם,Unknown,IL,גבינת אמנטל נעם פתיח,גרמים,200.00,100 גרם,false,,18.90,9.4500,true,1,6609
7290102397747,false,פרוסות גבינת מוצרלה נעם מחלב בקר 22%,טרה,IL,מוצרלה נעם רכיבים ט,גרמים,200.00,100 גרם,false,,18.90,9.4500,true,1,6610
7290102397891,false,גבינה מותכת משק צוריאל 100 גרם,משק צוריאל,IL,רביעייה גבינה מותכת,גרמים,100.00,100 גרם,false,,7.50,7.5000,true,1,6617
7290102398065,false,חלב טרה בקרטון 2 ליטר מהדרין 3% - מוצר בפיקוח,הפריט בפיקוח,IL,טרה חלב קרטון 3% מהד,יחידה,0.00,יחידה,false,,12.46,0.0000,true,1,6626
7290102398331,false,חלב מועשר דל לקטוז 2% שומן טרה 1 ליטר,טרה,IL,חלב מועשר 1 ליטר דל,ליטרים,1.00,ליטר,false,,7.90,7.9000,true,1,6645
7290102398560,false,שוקו טרה מועשר בבקבוק 1 ליטר,מילקו תעשיות בעמ,IL,שוקו טרה מועשר בבקבו,ליטרים,1.00,ליטר,false,,11.90,11.9000,true,1,6660
7290102398577,false,משקה חלב בטעם שוקו 2% בבקבוק אישי,מילקו תעשיות בעמ,IL,שוקו טרה מועשר בבקבו,מיליליטרים,250.00,"100 מ""ל",false,,5.90,2.3600,true,1,6661
7290102398614,false,משקה חלב בטעם בננה טרה 1 ליטר,מילקו תעשיות בעמ,IL,משקה חלב בטעם בננה 1,ליטרים,1.00,ליטר,false,,11.90,11.9000,true,1,6662
7290102398638,false,משקה חלב בטעם מוקה טרה 1 ליטר,מילקו תעשיות בעמ,IL,משקה חלב בטעם מוקה 1,ליטרים,1.00,ליטר,false,,11.90,11.9000,true,1,6663
7290102398782,false,משקה סויה קלאסי משק צוריאל 1 ליטר,מחלבת משק צוריאל,IT,משקה סויה קלאסי משק,ליטרים,1.00,ליטר,false,,10.90,10.9000,true,1,6669
7290102398799,false,משקה סויה במתיקות מופחתת משק צוריאל 1 ליטר,מחלבת משק צוריאל,IT,משקה סויה במתיקות מו,ליטרים,1.00,ליטר,false,,10.90,10.9000,true,1,6670
7290102398805,false,משקה סויה בטעם וניל משק צוריאל 1 ליטר,מחלבת משק צוריאל,IT,משקה סויה בטעם וניל,ליטרים,1.00,ליטר,false,,10.90,10.9000,true,1,6671
7290102398836,false,משקה שקדים קלאסי משק צוריאל 1 ליטר,מחלבת משק צוריאל,IT,משקה שקדים קלאסי משק,ליטרים,1.00,ליטר,false,,12.90,12.9000,true,1,6673
7290102399048,false,פרוסות גבינת קשקבל נעם 200 ג' טרה,מילקו,IL,קשקבל נעם פתיחה חוזר,גרמים,200.00,100 גרם,false,,23.90,11.9500,true,1,6680
7290102399635,false,"מולר פרופ יוגורט ביו עם קציפת קוקוס ואננס 150 מ""ל",מולר Muller,IL,מעדן מולר פרופ קוקוס,גרמים,150.00,100 גרם,false,,5.50,3.6667,true,1,79409
7290102399772,false,מולר ספרדבל-ממרח חמאת מולר במליחות עדינה 250 גרם,G Weihenstephan Molkerei,DE,מולר ממרח חמאה במליח,גרמים,250.00,100 גרם,false,,19.90,7.9600,true,1,76864
7290102399789,false,מולר ספרדבל-ממרח חמאת מולר ללא מלח 250 גרם,G Weihenstephan Molkerei,DE,מולר ממרח חמאה ללא מ,גרמים,250.00,100 גרם,false,,19.90,7.9600,true,1,76865
7290102399796,false,מעדן יוגורט לבן מועשר בחלבון 200 ג' מולר אקטיב,מולר Muller,IL,יוגורט חלבון לבן 250,גרמים,200.00,100 גרם,false,,6.90,3.4500,true,1,73041
7290102399802,false,יוגורט עם תות מולר אקטיב מועשר בחלבון 200 גר',מולר Muller,IL,יוגורט חלבון תות 20,גרמים,200.00,100 גרם,false,,6.90,3.4500,true,1,73042
7290102399819,false,יוגורט עם פירות יער מולר אקטיב מועשר בחלבון 200 גר',מולר Muller,IL,יוגורט חלבון פ.יער 2,גרמים,200.00,100 גרם,false,,6.90,3.4500,true,1,73043
7290102399857,false,מולר אקטיב לייט 20 גרם חלבון 0% שומן עם תות 200 גרם,מולר Muller,IL,יוגורט מולר אקטיב לי,גרמים,150.00,100 גרם,false,,6.50,4.3333,true,1,85383
7290102840175,false,אינסטנט פודינג בטעם וניל מיה 85 גרם,מיה תעשיות מזון מ.ת.מ. ב,IL,פודינג וניל 85 גר מי,גרמים,85.00,100 גרם,false,,4.90,5.7647,true,1,15278
7290103129378,false,ספיד סטיק - דאודורנט ג'ל לגבר איקס 5 85 גרם,הנסיך- מפעל לייצור ט,US,דאו' ג'ל X5 לגבר ספי,גרמים,51.00,100 גרם,false,,30.90,60.5882,true,1,21607
7290103400194,false,"כרוב לבן 400 גר בד""צ ירקות שטראוס",שטראוס בריאות ירקות טריי,IL,כרוב לבן 400 ג בדצ י,גרמים,400.00,100 גרם,false,,10.00,2.5000,true,1,23414
7290103400231,false,"גזר מגורד שטראוס 400 גרם בד""צ",שטראוס בריאות ירקות טריי,IL,גזר גוליאן בדצ 400גר,גרמים,400.00,100 גרם,false,,10.00,2.5000,true,1,23415
7290103400255,false,"סלט קולסלאו 400 גרם בד""צ ירקות שטראוס",שטראוס בריאות ירקות טריי,IL,סלט קולסלאו 400 ג בד,גרמים,400.00,100 גרם,false,,10.00,2.5000,true,1,23416
7290103401429,false,קפה קצב ברזילאי אוריגינס 200 גר,הנסיך- מפעל לייצור ט,IL,קפה אוריגינס קצב ברז,גרמים,200.00,100 גרם,false,,30.90,15.4500,true,1,22386
7290103404758,false,סלט כרוב אדום במיונז אחלה 120 גרם,מיוצר עי קונדיטוריית,IL,אחלה כרוב אדום 120ג,גרמים,120.00,100 גרם,false,,5.50,4.5833,true,1,23419
7290103408206,false,עלי חסה ערבית שטופים שטראוס 250 גרם,שטראוס בריאות ירקות טריי,IL,עלי חסה ערבית שטופים,גרמים,250.00,100 גרם,false,,10.90,4.3600,true,1,23422
7290103681180,false,"יין הר מרלו מיתוג תנשמת 750 מ""ל",מיוצר על ידי יקב תבור,IL,"הר תבור מרלו 750 מ""ל",מיליליטרים,750.00,"100 מ""ל",false,,36.90,4.9200,true,1,6739
7290103681227,false,"יין הר גוורצטרמינר מיתוג תנשמת 750 מ""ל",מיוצר על ידי יקב תבור,IL,הר תבור גוורצטרמינר,מיליליטרים,750.00,"100 מ""ל",false,,36.90,4.9200,true,1,6742
7290103700195,false,שאפו רדיד אלומיניום צר 30*7.5 2יח',"שניב תעשיות נייר בע""",,טאצ רדיד אלומיניום ק,מטרים,15.00,מטר,false,,11.90,0.7933,true,1,24450
7290103700225,false,רדיד אלומניום רוחב 45 עובי 14 מיקרון,שניב תעשיות,,טאצ רדיד אלומיניום ר,יחידה,0.00,יחידה,false,,17.90,0.0000,true,1,24451
7290103700386,false,טאצ כריות יפניות מארז שישיה,"שניב תעשיות נייר בע""",IL,טאצ' כריות יפניות 6י,יחידה,0.00,יחידה,false,,10.90,0.0000,true,1,24453
7290103700393,false,טאצ' כריות יפניות עבות עם תעלות 4 יח',"שניב תעשיות נייר בע""",IL,טאצ' כריות יפניות עב,יחידה,0.00,יחידה,false,,9.90,0.0000,true,1,24454
7290103700997,false,נייר טואלט לובלי 40 גלילים,,IL,לאבלי נייר טואלט 40,מטרים,716.00,מטר,false,,43.90,0.0613,true,1,24458
7290103701017,false,טאצ' נייר אפייה נשלף 50 יח',"שניב תעשיות נייר בע""",IL,טאצ' נייר אפייה נשלף,יחידה,0.00,יחידה,false,,10.90,0.0000,true,1,24459
7290103701093,false,טאצ' מטליות מיקרופייבר לרצפה 2 יח',"שניב תעשיות נייר בע""",IL,טאצ מטליות מקרופייבר,יחידה,0.00,יחידה,false,,15.90,0.0000,true,1,24462
7290103701130,false,מטליות מיקרופייבר לניקוי כללי טאצ 7 יח,שניב,IL,טאצ מטליות מקרופייבר,יחידה,0.00,יחידה,false,,15.90,0.0000,true,1,24463
7290103701147,false,טאצ רדיד אלומיניום 200 מטר,שניב תעשיות,,טאצ רדידי אלומיניום,מטרים,60.90,מטר,false,,39.60,0.6502,true,1,24464
7290103702229,false,טאצ מפות שולחן שמינייה עבות במיוחד,"שניב תעשיות נייר בע""",,טאצ מפות עבות במיוחד,יחידה,0.00,יחידה,false,,9.80,0.0000,true,1,24471
7290103702236,false,טאצ מפות שולחן שישייה עבות במיוחד,"שניב תעשיות נייר בע""",,טאצ מפות עבות במיוחד,יחידה,0.00,יחידה,false,,9.80,0.0000,true,1,24472
7290103702298,false,טאצ' אשפתון עבה בגליל 77*90 50 יח',"שניב תעשיות נייר בע""",,טאצ אשפתון בגליל 50,יחידה,0.00,יחידה,false,,17.90,0.0000,true,1,24476
7290103702304,false,טאצ אשפתון עבה במיוחד 35 יחידות,"שניב תעשיות נייר בע""",,טאצ אשפתון בגליל 35,יחידה,0.00,יחידה,false,,17.90,0.0000,true,1,24477
7290103702540,false,נייר טואלט מהדרות כדור פורח 30 גלילים טאצ',טאץ' Touch,IL,נייר טואלט 30 יח' מ,יחידה,0.00,יחידה,false,,23.90,0.0000,true,1,64722
7290103703219,false,דלי מטליות לחות לניקוי כללי בניחוח לימון טאצ',,,טאצ' מטליות לחות לני,יחידה,0.00,יחידה,false,,20.90,0.0000,true,1,38121
7290103703226,false,טאצ מטליות לחות לניקוי כללי,,IL,טאצ' מטליות לחות לני,יח',50.00,יח',false,,8.90,0.1780,true,1,24492
7290103703233,false,מטליות טאצ' לחות תפוח לניקוי כללי דלי,,,טאצ' מטליות לחות לני,יחידה,0.00,יחידה,false,,20.90,0.0000,true,1,38122
7290103703240,false,טאצ' מטליות לחות לניקוי רצפות,,IL,טאצ' מטליות לחות לרי,יח',10.00,יח',false,,10.90,1.0900,true,1,24493
7290103703370,false,טאצ מגבוני טואלט לחים מארז שלישייה,,IL,טאצ' מגבוני נייר טוא,יח',3.00,יח',false,,16.90,5.6333,true,1,24494
7290103703394,false,טאצ' ניילון נצמד זוגות,,,טאצ' ניילון נצמד זוג,יחידה,0.00,יחידה,false,,10.90,0.0000,true,1,24495
7290103703578,false,נייר טואלט לובלי תלת,,,לובלי נייר טואלט תלת,יחידה,0.00,יחידה,false,,42.90,0.0000,true,1,24497
7290103704155,false,שישיה נייר מגבת טאצ 100% תאית,"שניב תעשיות נייר בע""",IL,מגבות נייר 6 גלילים,מטרים,63.00,מטר,false,,10.90,0.1730,true,1,153112
7290103704162,false,נייר טואלט טאצ' 32 גלילים מהדורה 2021,"שניב תעשיות נייר בע""",IL,נייר טואלט טאצ' 32 ג,יח',0.00,יח',false,,31.90,0.0000,true,1,132981
7290103704179,false,מגבת נייר למטבח טאצ' 8 יח',,IL,מגבות נייר 8 גלילים,מטרים,83.00,מטר,false,,14.90,0.1795,true,1,152355
7290103704186,false,מגבות נייר סופג 6 גלילים כפולים טאצ',,IL,מגבות טאצ' גליל כפול,יחידה,0.00,יחידה,false,,20.90,0.0000,true,1,213772
7290103704575,false,נייר טואלט טאצ' פרימיום 48 גלילים,,,נייר טואלט טאצ' 48 י,יחידה,0.00,יחידה,false,,39.90,0.0000,true,1,132995
7290103704681,false,טאצ' שקיות קוקי גדולות 10 יח',,,שקיות קוקי 10 יח' טא,יחידה,0.00,יחידה,false,,5.90,0.0000,true,1,277721
7290103704698,false,טאצ' שקיות קוקי ענקיות 5 יח',,,שקיות קוקי 5 יח' טאצ,יחידה,0.00,יחידה,false,,5.90,0.0000,true,1,277722
7290103704766,false,נייר טואלט 24 גליל כפול מהדורת פרח סגול,"שניב תעשיות נייר בע""\מ",IL,נייר טואלט 24 גליל,יחידה,0.00,יחידה,false,,43.90,0.0000,true,1,263449
7290103746001,false,ממחטות אף טאצ' מארז 100X5יח',"שניב תעשיות נייר בע""",IL,ממחטות טאצ' חמישייה,יחידה,0.00,יחידה,false,,13.90,0.0000,true,1,24509
7290104061417,false,סלט חומוס עם טחינה אחלה 400 גרם,"שטראוס גרופ בע""\מ",IL,אחלה חומוס טחינה 400,גרמים,400.00,100 גרם,false,,11.90,2.9750,true,1,23424
7290104061424,false,סלט חומוס עם זעתר אחלה 400 גרם,מיוצר עי קונדיטוריית,IL,אחלה חומוס זעתר 400,גרמים,400.00,100 גרם,false,,11.90,2.9750,true,1,23425
7290104061431,false,סלט חומוס עם צנובר אחלה 400 גרם,"שטראוס גרופ בע""\מ",IL,אחלה חומוס צנובר 400,גרמים,400.00,100 גרם,false,,11.90,2.9750,true,1,23426
7290104061448,false,סלט חומוס עם חריף אחלה 400 גרם,מיוצר עי קונדיטוריית,IL,אחלה חומוס חריף 400ג,גרמים,400.00,100 גרם,false,,11.90,2.9750,true,1,23427
7290104062599,false,מארז 8 יחידות מעדן גמדים בטעמי תות ובננה,"שטראוס בריאות בע""\מ",IL,גמדים תות בננה 8*100,מיליליטרים,800.00,"100 מ""ל",false,,18.90,2.3625,true,1,23428
7290104065187,false,אבקה להכנת משקה קפה בטעם מוקה,STRAUSS-ISRAEL,IL,קפה נמס עלית בטעם מו,גרמים,200.00,100 גרם,false,,24.90,12.4500,true,1,22414
7290104065934,false,עלי רוקט שטראוס 150 גרם,שטראוס בריאות ירקות טריי,IL,שטראוס עלי רוקט 150ג,גרמים,150.00,100 גרם,false,,9.90,6.6000,true,1,23429
7290104066566,false,טחינה משומשום מלא 500 ג' אחלה,מיוצר עי קונדיטוריית,IL,אחלה טחינה 500ג,גרמים,500.00,100 גרם,false,,17.90,3.5800,true,1,23431
7290104068546,false,גומי מאסט בטעם לימון קולה ללא סוכר 28 ג' עלית,"שטראוס גרופ בע""מ",IL,מאסט קולה 28 גרם,גרמים,28.00,100 גרם,false,,4.50,16.0714,true,1,22421
7290104501661,false,אינסטנט פודינג בטעם וניל צרפתי אסם 80 גרם,מיוצר עי קונדיטוריית,IL,אסם פודינג בטעם וניל,גרמים,80.00,100 גרם,false,,6.50,8.1250,true,1,18854
7290104504228,false,מיני דובונים אסם 100 גרם מארז 5 יחידות,"אסם השקעות בע""\מ",IL,דובונים קדמ.מארז אחי,גרמים,100.00,100 גרם,false,,13.90,13.9000,true,1,18859
7290104508189,false,גביעי וופל ממותקים לגלידה 24 יח',בטר אנד דיפרנט,IL,גביעי גלידה ממותקים,0 יח',24.00,0 יח',false,,13.90,0.5792,true,1,18865
7290104508943,false,במבה חטיף בוטנים אסם 200 גרם,"אסם השקעות בע""\מ",IL,במבה קלאסי 18*200 גר,גרמים,200.00,100 גרם,false,,10.90,5.4500,true,1,18868
7290104570131,false,תמר מג'הול ששון ושות,,,"תמר מג'הול 1 ק""ג",קילוגרמים,1.00,"ק""ג",false,,18.90,18.9000,true,1,42923
7290104570162,false,תמרים כבושים 500גרם בית שאן,תמר העמקים בית שאן,IL,תמר כבוש 500 גרם,גרמים,500.00,100 גרם,false,,12.90,2.5800,true,1,42924
7290104720499,false,מארז 8 יחידות מעדן דני בטעם וניל 1.5%,מיוצר עי קונדיטוריית,IL,מארז דני וניל 8*125,מיליליטרים,125.00,"100 מ""ל",false,,16.90,13.5200,true,1,23436
7290104721533,false,רצועות פלפלים קלויים אחלה 400 ג',מיוצר עי קונדיטוריית,IL,אחלה פלפלים קלויים 4,גרמים,400.00,100 גרם,false,,16.90,4.2250,true,1,23438
7290104721762,false,מארז שלשות קפה טורקי עלית 85 ג',שטראוס גרופ,IL,טורקי עלית 3*85 גר'.,גרמים,255.00,100 גרם,false,,19.90,7.8039,true,1,22425
7290104721953,false,לקט מסולסלים ירקות שטראוס 350 גרם,שטראוס בריאות ירקות טריי,IL,לקט מסולסלים ירקות 3,גרמים,350.00,100 גרם,false,,13.90,3.9714,true,1,23439
7290104722530,false,תפוצ'יפס בטעם שמנת בצל עלית 200 גרם,"שטראוס פריטו ליי בע""\מ )",IL,תפוציפס שמנת בצל 200,גרמים,200.00,100 גרם,false,,10.90,5.4500,true,1,24216
7290104726262,false,רביעייה מעדן דני שוקולד דיסני לבנים 125 גרם,מיוצר עי קונדיטוריית,IL,דני שוקולד לשתייה מא,מיליליטרים,500.00,"100 מ""ל",false,,11.90,2.3800,true,1,23446
7290104726712,false,מארז 8 יחידות מעדן מילקי בטעם שוקולד עם קצפת,"שטראוס גרופ בע""\מ",IL,מילקי שמינייה מארז 8,קילוגרמים,1.06,"ק""ג",false,,21.00,19.8113,true,1,23447
7290104728310,false,"שמנת מתוקה עמידה 38% שומן ""יטבתה"" -מוצר בפיקוח",שטראוס גרופ,IL,יטבתה שמנת עמידה לקצ,מיליליטרים,250.00,"100 מ""ל",false,,6.47,2.5880,true,1,23452
7290104729010,false,"לבן בטעם תות יטבתה 100 מ""ל מהדרין",שטראוס גרופ,IL,יטבתה לבן בטעם תות 3,מיליליטרים,100.00,"100 מ""ל",false,,1.50,1.5000,true,1,23454
7290104960239,false,"תחליב רחצה נקה 7 ארומה לבן 750 מ""ל",טרופיקל דגיל תעשיות קוסמ,IL,תחליב רחצה קמומיל נק,מיליליטרים,750.00,"100 מ""ל",false,,12.90,1.7200,true,1,30455
7290104960246,false,"נקה 7 - תחליב רחצה ורד ויסמין 750 מ""ל",טרופיקל דגיל תעשיות קוסמ,IL,תחליב רחצה ורד ויסמי,מיליליטרים,750.00,"100 מ""ל",false,,12.90,1.7200,true,1,30456
7290104960338,false,"נקה 7 תחליב רחצה ארומה אלוורה ותה ירוק 750מ""ל",טרופיקל דגיל תעשיות קוסמ,IL,תחליב רחצה אלוורה ות,מיליליטרים,750.00,"100 מ""ל",false,,12.90,1.7200,true,1,30458
7290104961250,false,"נקה 7 תחליב רחצה מגע קטיפה וניל מאסק 750 מ""ל",טרופיקל דגיל תעשיות קוסמ,IL,תחליב רחצה וניל מאסק,מיליליטרים,750.00,"100 מ""ל",false,,12.90,1.7200,true,1,30469
7290104961885,false,מרכך קרטין טהור לשיער שעבר החלקה או עיצוב בחום,נטורל פורמולה Natural Formula,IL,מרכך קרטין אינטנס נט,מיליליטרים,400.00,"100 מ""ל",false,,31.90,7.9750,true,1,30481
7290104961892,false,מסכת קרטין טהור לשיער שעבר החלקה או עיצוב בחום,נטורל פורמולה Natural Formula,IL,מסכת קרטין אינטנס נט,מיליליטרים,350.00,"100 מ""ל",false,,40.90,11.6857,true,1,30482
7290104964350,false,אל סבון עשיר בלחות בניחוח פרחי מים - מארז 3 יח',נקה 7,IL,סבון נוזלי פרחי מים,ליטרים,1.50,ליטר,false,,22.90,15.2667,true,1,30540
7290105360250,false,קפסולות 09 עשיר וארומטי למכונת נספרסו עלית 10יח',הנסיך- מפעל לייצור ט,IL,עלית קפסולות מקיאטו,גרמים,50.00,100 גרם,false,,18.90,37.8000,true,1,22442
7290105360328,false,קפסולות אספרסו חזק למכונות נספרסו 10 יח',הנסיך- מפעל לייצור ט,IL,עלית קפסולות אספרסו,גרמים,50.00,100 גרם,false,,18.90,37.8000,true,1,22443
7290105360755,false,"שמן זית 3 חזק 750 מ""ל יד מרדכי",מכוורת יד מרדכי שטראוס ב,IL,שמן זית 3 חזק כתית י,מיליליטרים,750.00,"100 מ""ל",false,,38.90,5.1867,true,1,22447
7290105360762,false,"שמן זית 1 עדין 750 מ""ל יד מרדכי",מכוורת יד מרדכי שטראוס ב,IL,שמן זית 1 עדין כתית,מיליליטרים,750.00,"100 מ""ל",false,,38.90,5.1867,true,1,22448
7290105362339,false,"שמנת לבישול 15% 250 מ""ל יטבתה מהדרין",שטראוס גרופ,IL,יטבתה שמנת לבישול 15,מיליליטרים,250.00,"100 מ""ל",false,,8.90,3.5600,true,1,23457
7290105364302,false,"עלית חטיף שוקולד כיף כף מקלות אגוזים, 40 גרם",שולן צ'\יקולטה גידה סאן.,TR,כיף כף מקלות אגוזים,גרמים,42.00,100 גרם,false,,5.50,13.0952,true,1,22455
7290105366023,false,סלט חצילים בטעם כבד אחלה 400 גרם,מיוצר עי קונדיטוריית,IL,אחלה חציל בטעם כבד 4,גרמים,400.00,100 גרם,false,,16.90,4.2250,true,1,23460
7290105366047,false,טחינה לבנה אחלה 400 גרם,מיוצר עי קונדיטוריית,IL,אחלה טחינה לבנה 400ג,גרמים,400.00,100 גרם,false,,16.90,4.2250,true,1,23462
7290105366993,false,סימפוניה גבינת שמנת פלפל שיפקה 5% שטראוס 200 גרם,"שטראוס בריאות בע""מ",IL,סימפוניה פלפל שיפקה,גרמים,200.00,100 גרם,false,,12.50,6.2500,true,1,23467
7290105368225,false,חומוס אחלה עם פלפל שיפקה 400 גרם,מיוצר עי קונדיטוריית,IL,אחלה חומוס פלפל שיפק,גרמים,400.00,100 גרם,false,,11.90,2.9750,true,1,23476
7290105368331,false,מעדן מילקי בטעם תות עם קצפת,מחלבת אחיהוד,IL,"מילקי תות 170 מ""ל",מיליליטרים,170.00,"100 מ""ל",false,,2.90,1.7059,true,1,23478
7290105368904,false,"שמנת מתוקה להקצפה 32% שומן 250 מ""ל יוטבתה",שטראוס גרופ,IL,יטבתה שמנת עמידה לקצ,מיליליטרים,250.00,"100 מ""ל",false,,7.90,3.1600,true,1,23487
7290105368928,false,"שמנת 9% שומן 200 מ""ל יוטבתה",שטראוס גרופ,IL,יטבתה שמנת 9% 200מל,מיליליטרים,200.00,"100 מ""ל",false,,3.50,1.7500,true,1,23488
7290105369130,false,סימפוניה גבינת שמנת בצל ירוק 5% שטראוס 200 גרם,"שטראוס בריאות בע""\מ",IL,סימפוניה שטראוס בצל,גרמים,200.00,100 גרם,false,,12.50,6.2500,true,1,23491
7290105431516,false,מארז חטיף פריי תמרים ובוטנים ללא גלוטן ותוספת סוכר 125 גרם,טבעית מוצרים מן הטבע בעמ,IL,פרי חטיפי תמרים ובוט,גרמים,125.00,100 גרם,false,,18.90,15.1200,true,1,21622
7290105439499,false,מאסטר שף מאסטר שף מיונז 480 גר כשלפ,רמיה סי.וי. הולנד,NL,מיונז הולנדי מאסטר ש,גרמים,480.00,100 גרם,false,,12.90,2.6875,true,1,21649
7290105439505,false,מאסטר שף קרם בטעם מיונז לייט 479 גר כשלפ,רמיה סי.וי. הולנד,NL,מאסטר שף קרם בטעם מ,גרמים,479.00,100 גרם,false,,13.90,2.9019,true,1,21650
7290105439581,false,מנה מאסטר שף חרדל דיזיון צרפתי 370 גר,רמיה סי.וי.הולנד,FR,מאסטר שף מאסטר שף חר,מיליליטרים,370.00,"100 מ""ל",false,,14.90,4.0270,true,1,21651
7290105500151,false,וודקה פינלנדיה בקבוק,"אלטיה קורפ, הלסינקי,",FI,וודקה פינלנדיה 700 מ,מיליליטרים,700.00,"100 מ""ל",false,,70.90,10.1286,true,1,13391
7290105500748,false,וויסקי פיימוס גראוס The Famouse Grouse,מתיו גלוג אנד סאן,GB,פיימוס גראוס וויסקי,מיליליטרים,700.00,"100 מ""ל",false,,89.90,12.8429,true,1,13395
7290105691224,false,אסם חטיפי פריכונים טורטייה שום בצל 60 גרם,"פרח תעשיות מזון בע""מ.",IL,חטיפי פריכונים טורטי,גרמים,60.00,100 גרם,false,,8.10,13.5000,true,1,18879
7290105691934,false,קמח שמרים אסם 1 קילו,תאי פרזידנט פוד פאבל,IL,"קמח שמרים אסם 1 ק""ג",קילוגרמים,1.00,"ק""ג",false,,12.90,12.9000,true,1,18886
7290105693341,false,מארז עשיריית במבה אסם 25*10 גרם,"אסם השקעות בע""\מ",IL,במבה מאח.15 10*25גרם,גרמים,250.00,100 גרם,false,,16.90,6.7600,true,1,18894
7290105693457,false,עוגת הבית דמקה שוקו וניל אסם 320 גרם,מיוצר עי קונדיטוריית,IL,עוגת הבית דמקה שוקו,גרמים,320.00,100 גרם,false,,14.90,4.6563,true,1,18895
7290105693952,false,פירורית זהב אסם זהב שומשום 200 ג',מיוצר עי קונדיטוריית,IL,פירורית זהב שומשום 2,גרמים,200.00,100 גרם,false,,6.50,3.2500,true,1,18897
7290105695024,false,פתיתים אפויים אורז עם אטריות אסם 500 גרם,"אסם השקעות בע""\מ",IL,פתיתים אפויים אורז ע,גרמים,500.00,100 גרם,false,,7.90,1.5800,true,1,18903
7290105695321,false,עוגת הבית בראוניס פאדג' אסם 380 גרם,מיוצר עי קונדיטוריית,IL,הבית עוגות בראוניס פ,גרמים,380.00,100 גרם,false,,19.50,5.1316,true,1,18906
7290105962331,false,סחוג תימני אדום חריף מאוד זהבי הכרם 220 גרם,קריניסה ויטמין אס אי,IL,סחוג חריף מאוד זהבי,גרמים,220.00,100 גרם,false,,14.90,6.7727,true,1,23493
7290105964564,false,סלט חומוס אחלה 400גר,מיוצר עי קונדיטוריית,IL,אחלה חומוס אחלה 400ג,גרמים,400.00,100 גרם,false,,9.90,2.4750,true,1,23498
7290105965738,false,יוגורט לשתיה בטעם תות בננה267 ג' דנונה,מיוצר עי קונדיטוריית,IL,דנונה משקה תות בננה,גרמים,267.00,100 גרם,false,,5.50,2.0599,true,1,23504
7290105966469,false,"חומץ בלסמי ממודנה יד מרדכי 250 מ""ל",אצטייה ג'וזפה קרמוני,IT,חומץ בלסמי יד מרדכי,גרמים,250.00,100 גרם,false,,16.90,6.7600,true,1,22487
7290105968098,false,"סלט קולסלאו 500 גרם ""אחלה""",שטראוס גרופ סלטים,IL,אחלה קולסלאו 500ג,גרמים,500.00,100 גרם,false,,16.90,3.3800,true,1,23510
7290105968654,false,רביולי בטטה פרווה פסטה נונה 400 ג',מיוצר עי קונדיטוריית,IL,שטראוס רביולי בטטה 4,גרמים,400.00,100 גרם,false,,22.90,5.7250,true,1,23511
7290105968777,false,פריכיות 5 דגנים עם תחתית שוקולד מריר 70 גרם,"טחנת האבן תעשיות בע""",IL,פריכיות תחתית שוקלד,גרמים,70.00,100 גרם,false,,8.90,12.7143,true,1,22492
7290106520066,false,"רבע לשבע שוקולד חלב במילוי אגוזים עלית 160 גרם בד""צ","הגביע מוצרי וופלים בע""\מ",IL,רבע לשבע 160 גרם,גרמים,160.00,100 גרם,false,,11.90,7.4375,true,1,22494
7290106520288,false,יוגורט פרו חלבון עם תות 2.4% שומן 150 ג' דנונה,"שטראוס בריאות בע""מ",IL,דנונה פרו תות 150 גר,גרמים,150.00,100 גרם,false,,4.90,3.2667,true,1,23513
7290106520912,false,"שמנת 9% לבישול יטבתה 250 מ""ל מהדרין",שטראוס גרופ,IL,יטבתה שמנת לבישול 9%,מיליליטרים,250.00,"100 מ""ל",false,,8.90,3.5600,true,1,23522
7290106521049,false,אחלה טעמי השוק קוביות סלק 400 גר,מיוצר עי קונדיטוריית,IL,אחלה קוביות סלק 400,גרמים,400.00,100 גרם,false,,16.90,4.2250,true,1,23524
7290106521926,false,קפה טורקי בצלופן עלית 150 גרם,שטראוס קפה בי.ויn\.,IL,קפה טורקי עלית 150 ג,גרמים,150.00,100 גרם,false,,13.90,9.2667,true,1,22502
7290106524439,false,"תפוצ'יפס פופס 60 גרם ""עלית""","שטראוס פריטו ליי בע""\מ )",IL,תפוציפס פופס 60 גרם,גרמים,60.00,100 גרם,false,,4.30,7.1667,true,1,24235
7290106525405,false,קפסולות 07 נטול נספרסו עלית 10 יח',שטראוס קפה בי.וי.,IL,עלית קפסולות נטול למ,גרמים,50.00,100 גרם,false,,18.90,37.8000,true,1,22512
7290106526822,false,פריכיות אורז חום מלא תחתית שוקולד חלב 80 גרם,"טחנת האבן תעשיות בע""",IL,פריכיות עם תחתית שוק,גרמים,80.00,100 גרם,false,,8.90,11.1250,true,1,22519
7290106528567,false,"דוריטוס גריל 185 גרם ""עלית""","שטראוס פריטו ליי בע""\מ )",IL,דוריטוס גריל 185 גר`,גרמים,185.00,100 גרם,false,,7.90,4.2703,true,1,24241
7290106528628,false,"דוריטוס טבעי 185 גרם ""עלית""","שטראוס פריטו ליי בע""\מ )",IL,דוריטוס טבעי 185 גר`,גרמים,185.00,100 גרם,false,,7.90,4.2703,true,1,24242
7290106528949,false,לקט ערוגות 450 גרם שטראוס,שטראוס בריאות ירקות טריי,IL,לקט ערוגות,גרמים,450.00,100 גרם,false,,13.90,3.0889,true,1,23531
7290106572027,false,אוסם - לחמית חמישה דגנים 190 גרם,"אסם השקעות בע""\מ",IL,לחמית חמישה דגנים אס,גרמים,190.00,100 גרם,false,,9.90,5.2105,true,1,18926
7290106572065,false,חטיפי פריכונים טורטיה חמוץ מתוק 60 גרם,"פרח תעשיות מזון בע""מ",IL,טורטיה בטעם תירס חמו,גרמים,60.00,100 גרם,false,,8.10,13.5000,true,1,18927
7290106572959,false,אפרופו מארז 5 יח' *25 ג' אסם,"אסם השקעות בע""\מ",IL,אפרופו קלאסי מאח.8 5,גרמים,75.00,100 גרם,false,,13.90,18.5333,true,1,18931
7290106573277,false,חטיף קרקר קריספי עם זיתים כבושים,מיוצר עי קונדיטוריית,IL,אסם קריספי טאפאס זית,גרמים,150.00,100 גרם,false,,12.90,8.6000,true,1,18936
7290106573314,false,חטיף קריספי בטעם כפרי 150 ג' אסם,מיוצר עי קונדיטוריית,IL,אסם קריספי טאפאס כפר,גרמים,150.00,100 גרם,false,,12.90,8.6000,true,1,18938
7290106574793,false,עוגת הבית בטעם שוקו-שוקוצ'יפס 350 ג' אסם,מיוצר עי קונדיטוריית,IL,עוגת הבית שוקו שוקוצ,גרמים,350.00,100 גרם,false,,14.90,4.2571,true,1,18946
7290106574953,false,בייגלה שטוחים כעכים שטוחים עם שומשום,מיוצר עי קונדיטוריית,IL,אסם בייגלה שטוחים שו,גרמים,300.00,100 גרם,false,,11.90,3.9667,true,1,18947
7290106574977,false,בייגלה שטוחים כעכים שטוחים עם מלח,מיוצר עי קונדיטוריית,IL,אסם בייגלה שטוחים עם,גרמים,300.00,100 גרם,false,,11.90,3.9667,true,1,18948
7290106575011,false,פתיתים אפויים קוסקוס מחיטה מלאה אסם 400 גרם,מיוצר עי קונדיטוריית,IL,פתיתים אפויים חיטה מ,גרמים,400.00,100 גרם,false,,7.90,1.9750,true,1,18949
7290106575431,false,עוגת הבית סופלה בטעם שוקוניל 340 ג' אסם,מיוצר עי קונדיטוריית,IL,עוגת הבית סופלה בטעם,גרמים,340.00,100 גרם,false,,14.90,4.3824,true,1,18955
7290106576810,false,גלידה לה קרמריה ריבת חלב 1.4 ל' נסטלה,לה קרמריה- נסטלה,IL,לה קרמריה ריבת חלב 1,ליטרים,1.40,ליטר,false,,25.90,18.5000,true,1,16143
7290106576834,false,גלידה לה קרמריה פונטש בננה1.4 ל' נסטלה,תות תעשיות מזון (201,IL,גלידה קרמריה פונטש ב,ליטרים,1.40,ליטר,false,,25.90,18.5000,true,1,16144
7290106576919,false,לה קרמריה גלידת סורבה תות לימון 1.4ל',גלידות נסטלה )נגה גלידות,IL,גלידה קרמריה סורבה ת,ליטרים,1.40,ליטר,false,,25.90,18.5000,true,1,16147
7290106576971,false,גלידה לה קרמריה שוקולד בלגי 1.4 ל' נסטלה,תות תעשיות מזון (201,IL,לה קרמריה שוקולד בלג,ליטרים,1.40,ליטר,false,,25.90,18.5000,true,1,16150
7290106577039,false,גלידה לה קרמריה שוקו וניל פליק 1.4 ל' נסטלה,תות תעשיות מזון (201,IL,לה קרמריה שוקו וניל,ליטרים,1.40,ליטר,false,,25.90,18.5000,true,1,16152
7290106577541,false,כרוב אדום מרובע 400 ג' צבר,סלטי צבר,IL,צבר מרובע כרוב אדום,גרמים,400.00,100 גרם,false,,13.50,3.3750,true,1,19929
7290106577572,false,מטבוחה אמיתית מרובע 400 ג' צבר,סלטי צבר,IL,צבר מרובע מטבוחה 40,גרמים,400.00,100 גרם,false,,13.50,3.3750,true,1,19930
7290106578692,false,ביסלי במבה מיקס מהדורת אליפות אסם 80 גרם,פרו מן יו פתרונות אר,IL,במבה ביסלי מיקס 36*8,גרמים,80.00,100 גרם,false,,4.90,6.1250,true,1,18970
7290106578821,false,עוגת הבית שמרים קלאסית שוקולד אסם 350 גרם,מיוצר עי קונדיטוריית,IL,עוגת הבית שמרים קלאס,גרמים,350.00,100 גרם,false,,19.50,5.5714,true,1,18971
7290106652996,false,כיף כף מקלות קוקוס חלבי 40 גר',סולן בעבור שטראוס,TR,כיף כף מקלות קוקוס 4,גרמים,40.00,100 גרם,false,,5.50,13.7500,true,1,321876
7290106653689,false,לקט לסלט אסייתי שטראוס 350 גרם,שטראוס בריאות ירקות טריי,IL,לקט לסלט אסייתי שטרא,גרמים,350.00,100 גרם,false,,10.90,3.1143,true,1,23534
7290106656734,false,"עוגיות חיוכים וניל עלית 600 גרם בד""צ",אפיפית נצרת תעשיות ב,IL,"חיוכים וניל בד""צ 600",גרמים,600.00,100 גרם,false,,22.90,3.8167,true,1,22546
7290106658479,false,וופל טורטית שוקלד מגדים 40ג',"שטראוס גרופ בע""\מ",IL,עלית וופל בטעם טורטי,גרמים,40.00,100 גרם,false,,4.90,12.2500,true,1,22551
7290106660410,false,רביוליתרד וגבינה שטראוס 400 גרם,מיוצר עי קונדיטוריית,IL,שטראוס ריביולי תרד ו,גרמים,400.00,100 גרם,false,,22.90,5.7250,true,1,23545
7290106663091,false,"לאבנה 9 % עם שמן זית 500 גר' ""שטראוס""",הדקלאים אגודת שיתופי,IL,שטראוס לאבנה 9% 500,גרמים,500.00,100 גרם,false,,19.90,3.9800,true,1,23561
7290106663121,false,"עוגה אישית במילוי קרם חלב ""מילקי קייק"" שטראוס",בובארד איטליה אס.פי.איי,IT,מילקי קייק עוגה בודד,גרמים,34.00,100 גרם,false,,3.00,8.8235,true,1,23562
7290106663503,false,קונפיטורה לייט תות יד מרדכי 230 גרם,אף.סי תבליני בגליל ב,IL,קונפיטורת לייט תות 2,גרמים,230.00,100 גרם,false,,14.90,6.4783,true,1,22586
7290106663558,false,"רוטב טריאקי ורימון יד מרדכי 280מ""ל",אף.סי תבליני בגליל ב,IL,יד מרדכי רוטב טריאקי,מיליליטרים,280.00,"100 מ""ל",false,,15.90,5.6786,true,1,22591
7290106664067,false,לאבנה עם שמן זית וזעתר 10% שטראוס 400 ג',הדקלאים אגודת שיתופי,IL,שטראוס לאבנה שמן זית,גרמים,400.00,100 גרם,false,,15.90,3.9750,true,1,23565
7290106664555,false,"רוטב שמנת עם עגבניות 9% שומן 250 מ""ל יוטבתה",שטראוס גרופ,IL,יטבתה רוטב שמנת עם ע,מיליליטרים,250.00,"100 מ""ל",false,,11.50,4.6000,true,1,23567
7290106666788,false,עלית - סוכריות נוסטלגיה דבש ממולאות 80 גרם,שטראוס גרופ,PL,סוכריות נוסטלגיה דבש,גרמים,80.00,100 גרם,false,,7.90,9.8750,true,1,22604
7290106667266,false,"דוריטוס חמוץ חריף 185 גרם ""עלית""","שטראוס פריטו ליי בע""\מ )",IL,דוריטוס חמוץ חריף 18,גרמים,185.00,100 גרם,false,,7.90,4.2703,true,1,24295
7290106668577,false,"מיץ לימון טיבעי 250 מ""ל יד מרדכי",האי נאם סי או אל.טי.,IT,מיץ לימון טבעי יד מר,מיליליטרים,250.00,"100 מ""ל",false,,8.90,3.5600,true,1,22610
7290106668713,false,יוגורט עם פירות יער 3% שומן 150 ג' דנונה,מיוצר עי קונדיטוריית,IL,דנונה פירות יער3% 15,מיליליטרים,150.00,"100 מ""ל",false,,3.90,2.6000,true,1,23571
7290106669857,false,קפסולות אספרסו בטעם וניל עלית 10 יחידות,הנסיך- מפעל לייצור ט,IL,עלית קפסולות בטעם ונ,גרמים,50.00,100 גרם,false,,18.90,37.8000,true,1,22623
7290106720626,false,צ'יטוס קראנצ' בטעם גבינה - חלבי,"שטראוס פריטו ליי בע""\מ )",IL,ציטוס גבינה 80 גרם,גרמים,80.00,100 גרם,false,,4.90,6.1250,true,1,24298
7290106721920,false,צנצנת מסטיק מאסט בטעם ספירמינט עדין 66 ג' עלית,"שטראוס גרופ בע""\מ.",IL,מאסט צנצנת ספירמינט,גרמים,66.00,100 גרם,false,,10.90,16.5152,true,1,22638
7290106723689,false,עלי תרד בייבי שטראוס 200 גרם,שטראוס בריאות ירקות טריי,IL,שטראוס תרד בייבי 200,גרמים,200.00,100 גרם,false,,11.90,5.9500,true,1,23578
7290106725874,false,"סירופ מייפל טבעי 236 מ""ל ""יד מרדכי""",יד מרדכי,CA,יד מרדכי סירופ מייפל,מיליליטרים,236.00,"100 מ""ל",false,,39.90,16.9068,true,1,22674
7290106726178,false,יוגורט PRO עם פירות יער 2.4% 10 גרם חלבון בגביע,מיוצר עי קונדיטוריית,IL,דנונה פרו בטעם פירות,גרמים,150.00,100 גרם,false,,4.90,3.2667,true,1,23584
7290106727984,false,"כיף כף פצפצים בגביע 135 גרם ""עלית""",שולן צ'\יקולטה גידה סאן.,TR,כיף כף פצפצים 135 גר,גרמים,135.00,100 גרם,false,,12.90,9.5556,true,1,22677
7290106729650,false,יוגורט עם תות מאגדת 8 יח' * 150ג' דנונה,"שטראוס גרופ בע""\מ",IL,דנונה יוגורט תות 8יח,קילוגרמים,1.20,"ק""ג",false,,26.90,22.4167,true,1,23603
7290107280013,false,"חמישיית מגבונים ל.מבושם ""ליטופים""",טרופיקל דגיל קוסמטיק,IL,ליטופים מגבונים ללא,יחידה,0.00,יחידה,false,,19.90,0.0000,true,1,30551
7290107280020,false,שלישיית מטליות לחות לניקוי כללי סנו סושי 50 יחידות,טרופיקל דגיל- תעשיות,IL,סנו סושי מגבונים לני,יחידה,0.00,יחידה,false,,21.90,0.0000,true,1,30552
7290107280068,false,סנו סושי תבנית אלומיניום ענק א.לארג 2 יח,סנו מפעלי ברונוס בעמ,CN,2 תבניות אלומיניום X,יחידה,0.00,יחידה,false,,10.90,0.0000,true,1,30555
7290107280075,false,סנו סושי תבנית אלומיניום לארג 4יח,סנו מפעלי ברונוס בעמ,CN,4 תבניות אלומיניום L,יחידה,0.00,יחידה,false,,10.90,0.0000,true,1,30556
7290107280082,false,מארז 7 תבניות אלומיניום מוארכות לאפייה אינגליש קייק,סנו מפעלי ברונוס בעמ,CN,7 תבניות אינגליש קיי,יחידה,0.00,יחידה,false,,10.90,0.0000,true,1,30557
7290107280099,false,שלישיית מגובנים נשטפים באסלה סופט סוד 48 יחידות,טרופיקל דגיל- תעשיות,IL,סנו סופט מגבוני טואל,יחידה,0.00,יחידה,false,,16.90,0.0000,true,1,30558
7290107280112,false,סנו סופט נייר טואלט 24 גל.,Unknown,IL,סנו סופט נייר טואלט,מטרים,441.00,מטר,false,,27.90,0.0633,true,1,30560
7290107280396,false,"סנו - ג'ט מרסס לניקוי יסודי במטבח 750 מ""ל","סנו מפעלי ברונוס בע""",IL,סנו ג'ט מתז למטבח 75,מיליליטרים,750.00,"100 מ""ל",false,,13.90,1.8533,true,1,30567
7290107280549,false,"סנו - K400 קוטל זבובים ויתושים 300 מ""ל","סנו מפעלי ברונוס בע""מ",IL,"K-400 סנו קטן 300 מ""",מיליליטרים,300.00,"100 מ""ל",false,,13.90,4.6333,true,1,30574
7290107280563,false,ג'ל אוקסיג'ן בייבי סנו 3 ליטר,"איי, בי, אינבוו",IL,סנו ג'ל אוקסיג'ן ביי,ליטרים,3.00,ליטר,false,,32.90,10.9667,true,1,30576
7290107280570,false,סנו - מקסימה ג'ל כביסה מרוכז לכביסה צבעונית 3 ליטר,מיוצר עי קונדיטוריית,IL,מקסימה ג'ל כביסה מיק,ליטרים,3.00,ליטר,false,,35.90,11.9667,true,1,30577
7290107280587,false,שלישיית סנובון מוצק דאבל אקשן פריחה ורודה 55 גרם,סנו מפעלי ברונו בעמ,IL,סנובון דאבל אקשן בני,גרמים,165.00,100 גרם,false,,12.90,7.8182,true,1,30578
7290107280600,false,טבליות למדיח סנו ספארק 100 טבליות במארז,גרופה אינקו,PL,סנו ספארק טבליות למד,יחידה,0.00,יחידה,false,,60.90,0.0000,true,1,30580
7290107280709,false,"סנו ספארק נוזל הברקה למדיח 700 מ""ל","סנו מפעלי ברונוס בע""\מ",IL,סנו ספארק נוזל הברקה,מיליליטרים,700.00,"100 מ""ל",false,,15.90,2.2714,true,1,30586
7290107280716,false,מלח למדיח להגנה מפני אבנית סנו ספארק Spark,סנו ספארק,IL,סנו ספארק מלח למדיח,קילוגרמים,2.00,"ק""ג",false,,13.90,6.9500,true,1,30587
7290107280723,false,נוזל לניקוי כלים סנו ספארק Spark בניחוח לימון רענן,סנו כימיקלים,IL,סנו ספארק נוזל לניקו,מיליליטרים,700.00,"100 מ""ל",false,,9.90,1.4143,true,1,30588
7290107280730,false,נוזל לניקוי כלים סנו ספארק Spark בניחוח לבנדר,מיוצר עי קונדיטוריית,IL,סנו ספארק נוזל לניקו,מיליליטרים,700.00,"100 מ""ל",false,,9.90,1.4143,true,1,30590
7290107280747,false,נוזל לניקוי כלים סנו ספארק Spark קלאסי,סנו כימיקלים,IL,סנו ספארק נוזל לניקו,מיליליטרים,700.00,"100 מ""ל",false,,9.90,1.4143,true,1,30591
7290107280754,false,נוזל כלים סנו ספארק Spark היפואלרגני פריחת השקד,סנו ספארק,IL,ספארק נוזל לכלים עדי,מיליליטרים,700.00,"100 מ""ל",false,,9.90,1.4143,true,1,30592
7290107280761,false,נוזל לניקוי כלים בניחוח לימון רענן סנו ספארק Spark,מיוצר עי קונדיטוריית,IL,ספארק נוזל לכלים לימ,יחידה,0.00,יחידה,false,,12.90,0.0000,true,1,30593
7290107340243,false,מטען בית אייפון,,,מטען בית אייפון,יחידה,0.00,יחידה,false,,39.90,0.0000,true,1,251562
7290107341356,false,כבל אייפון IMX,,,כבל אייפון,יחידה,0.00,יחידה,false,,19.90,0.0000,true,1,245105
7290107341370,false,כבל טייפסי IMX,,,כבל טייפ סי,יחידה,0.00,יחידה,false,,19.90,0.0000,true,1,251543
7290107646383,false,סיף מטליות לחות לניקוי רצפות בניחוח לימו,עלבד משואות יצחק בעמ,IL,סיף מטליות לחות לניק,יחידה,0.00,יחידה,false,,14.90,0.0000,true,1,10620
7290107649100,false,בייגלה טבעות שומשום 300 גרם.,בייגל את בייגל מזון 198),IL,בייגלה טבעות שומשום,גרמים,300.00,100 גרם,false,,12.90,4.3000,true,1,10709
7290107871990,false,"פסטה צינורות 500 גרם ""אסם""",פסטה זארה,IT,פסטה צינורות אסם 500,גרמים,500.00,100 גרם,false,,6.90,1.3800,true,1,18997
7290107874502,false,ביסלי גריל קדמ. מארז אחיד 10 4*55 גרם,מיוצר עי קונדיטוריית,IL,ביסלי גריל 4*55 גרם,גרמים,220.00,100 גרם,false,,12.90,5.8636,true,1,19019
7290107875004,false,פופקורן חמאה ודבש מארז12*20גר',אסם,IL,פופקו חמאה ודבש מארז,גרמים,240.00,100 גרם,false,,20.90,8.7083,true,1,19024
7290107875271,false,ביסלי ברביקיו קדמ. מארז אחיד10 4*55 גרם,"אסם השקעות בע""\מ",IL,ביסלי ברבקיו מארז 4*,גרמים,220.00,100 גרם,false,,12.90,5.8636,true,1,19030
7290107875820,false,קרוטונים אפויים בתיבול ביתי אוסם 180 ג',עינת תעשיות מזון,IL,קרוטונים אפויים בתיב,גרמים,180.00,100 גרם,false,,13.90,7.7222,true,1,19035
7290107876889,false,אוסם - במבה במילוי קרם נוגט 45 גרם,"אסם השקעות בע""מ",IL,במבה במילוי קרם נוגט,גרמים,45.00,100 גרם,false,,4.90,10.8889,true,1,19056
7290107879132,false,פריכיות פיטנס מיני פריכיות שוקולד חלב 22 ג',כרמית,IL,מיני פריכיות שוקולד,גרמים,22.00,100 גרם,false,,7.90,35.9091,true,1,19946
7290107879521,false,קרחוני לה פרוטה La Frutta תות שדה - 5 יח',גלידות נסטלה )נגה גלידות,IL,לה פרוטה תות 5 יח,גרמים,350.00,100 גרם,false,,27.90,7.9714,true,1,16185
7290107879569,false,קרחון לה פרוטה שרבט מנגו מאגדת 5יח',גלידות נסטלה )נגה גלידות,IL,לה פרוטה מנגו 5 יח,גרמים,350.00,100 גרם,false,,27.90,7.9714,true,1,16186
7290107930321,false,קונפיטורת יד מרדכי דובדובן 340 גרם,"בית אל מזון בע""מ",IL,יד מרדכי קונפיטורה ד,גרמים,340.00,100 גרם,false,,14.90,4.3824,true,1,22694
7290107932080,false,חלב מועשר יוטבתה בבקבוק 3% 1 ליטר,מחלבת יטבתה,IL,יטבתה חלב בבקבוק 3%,ליטרים,1.00,ליטר,false,,7.90,7.9000,true,1,23616
7290107932134,false,חלב מועשר יוטבתה בבקבוק 1% 1 ליטר,מחלבת יטבתה,IL,יטבתה חלב בבקבוק 1%,ליטרים,1.00,ליטר,false,,7.90,7.9000,true,1,23618
7290107933155,false,לקט סלנובה שטראוס 200 גרם,שטראוס בריאות ירקות טריי,IL,לקט סלנובה 200 גרם,גרמים,200.00,100 גרם,false,,14.90,7.4500,true,1,23619
7290107934473,false,שמינייה יוגורט לבן אקטיביה 1.5% דנונה 150 גרם,"שטראוס גרופ בע""\מ",IL,אקטיביה מארז מיוחד 1,קילוגרמים,1.20,"ק""ג",false,,21.90,18.2500,true,1,23633
7290107936309,false,דנונה יוגורט 7% יווני לבן 130 ג',"שטראוס בריאות בע""מ",IL,דנונה יווני לבן 130,גרמים,130.00,100 גרם,false,,3.90,3.0000,true,1,23639
7290107936958,false,עד חצות ביסקוויט אצבעות שוקולד 125 גרם,ביסקוויטס טור ד'\אלבון,FR,עד חצות אצבעות 125 ג,גרמים,125.00,100 גרם,false,,10.90,8.7200,true,1,22739
7290107936965,false,עיגולים עד חצות עם שוקולד חלב 225 גר,ביסקווטרי עוגיות סנט,FR,עד חצות עיגולים 225,גרמים,125.00,100 גרם,false,,14.90,11.9200,true,1,22740
7290107937542,false,משקה יוגורט אקטיביה עם תות 1.2% שומן,מיוצר עי קונדיטוריית,IL,משקה אקטיביה תות 1.2,מיליליטרים,265.00,"100 מ""ל",false,,5.50,2.0755,true,1,23644
7290107937627,false,מסטיק מאסט Must קוביות ללא סוכר בטעם מנטה עדינה,אסקום קונפקשיין,DE,צנצנת קוביות ספירמינ,גרמים,58.00,100 גרם,false,,10.90,18.7931,true,1,22750
7290107937634,false,צנצנית מסטיק מאסט קוביות פפירמינט 58 ג' עלית,אסקום קונפקשיין,DE,צנצנת קוביות פפירמינ,גרמים,58.00,100 גרם,false,,10.90,18.7931,true,1,22751
7290107937641,false,צנצנת מסטיק בזוקה קוביות ללא סוכר,אסקום קונפקשיין,DE,צנצנת קוביות בזוקה 5,גרמים,58.00,100 גרם,false,,10.90,18.7931,true,1,22752
7290107937856,false,קפסולות 11חזק למכונות נספרסו עלית 10יח',הנסיך- מפעל לייצור ט,IL,עלית קפסולות בטעם נס,גרמים,50.00,100 גרם,false,,18.90,37.8000,true,1,22755
7290107939027,false,גזר דק דק שטראוס 250 גרם,שטראוס בריאות ירקות טריי,IL,גזרדק דק 250 גרם בד`,גרמים,250.00,100 גרם,false,,7.90,3.1600,true,1,23654
7290107940030,false,חומוס אחלה 650 גרם,שטראוס גרופ,IL,חומוס אחלה 650 גר,גרמים,650.00,100 גרם,false,,9.90,1.5231,true,1,23667
7290107940467,false,אקטיביה יוגורט 1.5% שומן 200 ג' דנונה,מיוצר עי קונדיטוריית,IL,דנונה אקטיביה יוגורט,גרמים,200.00,100 גרם,false,,4.50,2.2500,true,1,23673
7290107943192,false,"שמנת חמוצה מהערבה 27% שומן 200 מ""ל יטבתה",מחלבת יטבתה,IL,יטבתה שמנת 27% 200מ,מיליליטרים,200.00,"100 מ""ל",false,,4.50,2.2500,true,1,23711
7290107943369,false,קוואקר שיבולת שועל ללא גלוטן 511 גרם,היידי שוקולד בירונטי,US,שיבולת שועל ללא גלוט,גרמים,511.00,100 גרם,false,,20.90,4.0900,true,1,24346
7290107944472,false,סימפוניה גבינה במרקם שמנת 5% שום שמיר,"שטראוס בריאות בע""\מ",IL,סימפוניה 5% שום שמיר,גרמים,200.00,100 גרם,false,,12.50,6.2500,true,1,23718
7290107945165,false,קונפיטורת משמש יד מרדכי 340 גרם,אף.סי תבליני בגליל ב,IL,יד מרדכי קונפיטורת מ,גרמים,340.00,100 גרם,false,,14.90,4.3824,true,1,22823
7290107950190,false,מעדן חלב דל קלוריות בטעם שוקולד מריר 0.5% שומן,מיוצר עי קונדיטוריית,IL,מעדן דיאט שוקולד מרי,גרמים,130.00,100 גרם,false,,3.50,2.6923,true,1,23778
7290107950206,false,מעדן דיאט שוקולד שטראוס 130 גרם,מיוצר עי קונדיטוריית,IL,מעדן דיאט שוקולד % 0,גרמים,130.00,100 גרם,false,,3.50,2.6923,true,1,23779
7290107951104,false,בפלות ופלים ארוכים בטעם שוקולד,"שטראוס גרופ בע""\מ",IL,בפלות 200 גרם שוקולד,גרמים,200.00,100 גרם,false,,4.90,2.4500,true,1,22859
7290107951715,false,צנצנת מסטיק מאסט קוביות בטעם ענבים 58 ג' עלית,אסקום קונפקשיין,IL,מאסט צנצנת קוביות ענ,גרמים,58.00,100 גרם,false,,10.90,18.7931,true,1,22875
7290107953559,false,"מארז קפה טורקי עלית לדרך כשל""פ 168 גרם",הנסיך- מפעל לייצור ט,IL,קפה טורקי לדרך 168 ג,גרמים,168.00,100 גרם,false,,19.90,11.8452,true,1,22886
7290107954709,false,"קונפיטורת פירות יער ""יד מרדכי"" 340 גר'","ב.א. מזון בע""\מ",IL,יד מרדכי קונפיטורת פ,גרמים,340.00,100 גרם,false,,14.90,4.3824,true,1,22907
7290107956642,false,"תרסיס שמן זית 150 מ""ל יד מרדכי כשלפ",פארייפאבה אגרואינדוס,ES,תרסיס שמן זית יד מרד,מיליליטרים,150.00,"100 מ""ל",false,,18.90,12.6000,true,1,22942
7290107956901,false,קפסולות בטעם אגוזים למכונת נספרסו עלית 10 יחידות,שטראוס קפה בי.וי.,IL,עלית קפסולות אספרסו,גרמים,150.00,100 גרם,false,,18.90,12.6000,true,1,22949
7290107956925,false,קפסולות 13 אוגנדה למכונת נספרסו עלית 10יח',שטראוס קפה בי.וי.,IL,עלית קפסולות אוגנדה,גרמים,50.00,100 גרם,false,,18.90,37.8000,true,1,22950
7290107956932,false,קפסולות אספרסו אידונזיה למכונות 50 גר,שטראוס קפה בי.וי.,IL,עלית קפסולות אידונזי,גרמים,50.00,100 גרם,false,,18.90,37.8000,true,1,22951
7290107957069,false,"מסטיק ע""למה ""בטעם אוכניות 66 גרם צנצנת ""עלית""","שטראוס גרופ בע""\מ",IL,מסטיק עלמה בטעם אוכמ,גרמים,66.00,100 גרם,false,,10.90,16.5152,true,1,22956
7290107957076,false,"מסטיק ""עלמה"" בטעם ספירמנט 66 גרם צנצנת ""עלית""","שטראוס גרופ בע""\מ",IL,מסטיק עמלה בטעם ספיר,גרמים,66.00,100 גרם,false,,10.90,16.5152,true,1,22957
7290107958035,false,יוגורט במתיקות מעודנת 2% ללא תוספת סוכר- מארז 8 יח,"שטראוס בריאות בע""\מ",IL,8 דנונה מתיקות מעודנ,קילוגרמים,1.20,"ק""ג",false,,18.90,15.7500,true,1,23879
7290107958639,false,"מטבוחה מרוקאית חריפה 400 גרם ""אחלה""",מיוצר עי קונדיטוריית,IL,אחלה מטבוחה מרוקאית,גרמים,400.00,100 גרם,false,,16.90,4.2250,true,1,23885
7290107971751,false,מי פה קולגייט טוטל ללא אלכוהול פפרמינט,יבואן ומשווק: ש. שסט,PL,קולגייט מי פה טוטל כ,מיליליטרים,500.00,"100 מ""ל",false,,32.90,6.5800,true,1,21682
7290107973014,false,"סבון ידיים משאבה פלמוליב חלב ודבש 300 מ""ל",הנסיך- מפעל לייצור ט,TR,פלמוליב סבון ידיים ח,מיליליטרים,300.00,"100 מ""ל",false,,10.90,3.6333,true,1,21689
7290107973038,false,"סבון ידיים משאבה פלמוליב אקווריום 300 מ""ל",הנסיך- מפעל לייצור ט,IT,סבון ידיים אקווריום,מיליליטרים,300.00,"100 מ""ל",false,,10.90,3.6333,true,1,21691
7290107973809,false,שימורי עגבניות קוביות 400 ג' מאסטר שף,פראנו אריקו ופיגלי ס.פ.א,IT,קוביות עגבניות מאסטר,גרמים,400.00,100 גרם,false,,6.90,1.7250,true,1,21700
7290107973861,false,מאסטר שף עגבניות קצוצות דק שלישיה 400ג*3 כשלפ,קונסרזיו קאסאלאסקו ד,IT,עגבניות קצוצות דק מא,קילוגרמים,1.20,"ק""ג",false,,17.90,14.9167,true,1,21701
7290107974066,false,"עלי טורטיה קמח מלא 20ס""מ 8יח' מאסטר שף 320ג'",אלקאטי קורביישיסי גי,ES,עלי טורטיה קמח מלא מ,גרמים,320.00,100 גרם,false,,12.90,4.0313,true,1,21706
7290107974073,false,מנה עלי טורטיה קמח לבן מ.שף 20 סמ 320 גר,אלקאטי קורביישיסי גי,ES,עלי טורטיה קמח לבן מ,גרמים,320.00,100 גרם,false,,12.90,4.0313,true,1,21707
7290107976916,false,"סבון ידיים משאבה פלמוליב זיתים 300 מ""ל",קולגייט פלמוליב,IT,פלמוליב סבון ידיים ח,מיליליטרים,300.00,"100 מ""ל",false,,10.90,3.6333,true,1,21751
7290107978330,false,מאסטר שף איטריות דקות 400 גרם,הדקלאים אגודת שיתופי,PL,איטריות דקות מאסטר ש,גרמים,400.00,100 גרם,false,,6.90,1.7250,true,1,21756
7290107978347,false,איטריות בינוניות מאסטר שף 400 גרם,הדקלאים אגודת שיתופי,PL,איטריות בינוניות מאס,גרמים,400.00,100 גרם,false,,6.90,1.7250,true,1,21757
7290107978453,false,חטיף בטעם גריל קראנצ,קראנצ'וס,IL,קראנצו'ס גריל 55 גרם,גרמים,55.00,100 גרם,false,,3.90,7.0909,true,1,21760
7290107978460,false,חטיף חיטה בטעם פלאפל,קראנצ'וס,IL,קראנצו'ס פלאפל 55 גר,גרמים,55.00,100 גרם,false,,3.90,7.0909,true,1,21761
7290107979184,false,"תבניות אלומיניום פלוס נייר אפייה 32/26 ס""מ L",HAI PLASTIC,CN,קוקי תבנית אלומניום,יחידה,0.00,יחידה,false,,12.90,0.0000,true,1,21770
7290108070316,false,שקית 50בלונים פסטל מעורב,,IL,שקית 50 פסטל,יחידה,0.00,יחידה,false,,11.90,0.0000,true,1,33088
7290108350128,false,סנו סושי שקיות אשפה חזקות במיוחד 40 יח',מיוצר עי קונדיטוריית,IL,סנו סושי שקיות חזקות,יחידה,0.00,יחידה,false,,26.90,0.0000,true,1,30600
7290108350142,false,"שקיות רב שימושיות גדולות 25*35 ס""מ סנו סושי 270 יחידות",אשפלסט תעשיות,IL,סנו סושי שקיות רב שי,יחידה,0.00,יחידה,false,,15.90,0.0000,true,1,30602
7290108350180,false,סנו סושי מפיות מודפסות 100 יח',חי מוצרי נייר בעמ,IL,סנו סושי מפיות מודפס,יחידה,0.00,יחידה,false,,8.90,0.0000,true,1,30605
7290108350203,false,"סנו סושי כריות קרצוף+ספוג מקציף 6 יחידות 12X9 ס""מ",סנו סושי,US,כריות קרצוף עם ספוג,יחידה,0.00,יחידה,false,,9.90,0.0000,true,1,30607
7290108350258,false,נייר טואלט סנו סופט מוגדל סנו 12 יחידות,מפעלי ברונוס בעמ,IL,סופט נייר טואלט גליל,מטרים,180.00,מטר,false,,44.90,0.2494,true,1,30610
7290108350531,false,סנו ספארק נוזל כלים בניחוח קלאסי עם משאבה 1 ל',מיוצר עי קונדיטוריית,IL,סנו ספארק משאבה בניח,ליטרים,1.00,ליטר,false,,12.90,12.9000,true,1,30616
7290108350555,false,נוזל כלים סנו ספארק Spark היפואלרגני פריחת השקד,סנו ספארק,IL,סנו ספארק משאבה בניח,ליטרים,1.00,ליטר,false,,12.90,12.9000,true,1,30618
7290108350586,false,נוזל לניקוי כלים סנו ספארק Spark בניחוח לימון רענן,"סנו מפעלי ברונוס בע""\מ",IL,ספארק נוזל כלים בניח,ליטרים,1.50,ליטר,false,,15.90,10.6000,true,1,30620
7290108350616,false,סנו - מקסימה מרכך כביסה מרוכז פריחה כחולה 1 ליטר,"סנו מפעלי ברונוס בע""\מ",IL,מרכך כביסה מקסימה סו,יחידה,0.00,יחידה,false,,19.90,0.0000,true,1,30623
7290108350623,false,מרכך כביסה סופר מרוכז סופט סילק מקסימה 1 ל' סנו,"סנו מפעלי ברונוס בע""\מ",IL,מרכך כביסה מקסימה סו,יחידה,0.00,יחידה,false,,19.90,0.0000,true,1,30624
7290108350715,false,"סנו פורטה FREE נוזל מרוכז להסרת שומנים 750 מ""ל",סנו,IL,פורטה פרי 750 מ`ל,מיליליטרים,750.00,"100 מ""ל",false,,16.90,2.2533,true,1,30631
7290108350722,false,אורביטול גוניור משחת שיניים בוב ספוג 70ג,טרופיקל דגיל תעשיות קוסמ,IL,משחת שיניים אורביטול,גרמים,70.00,100 גרם,false,,8.90,12.7143,true,1,110857
7290108351149,false,ג'ל ניקוי כללי בתוספת אבקת סודה ריח כביסה סנו ג'ט 1.5 ליטר,"סנו מפעלי ברונוס בע""\מ",IL,סנו ג`ט פלוס לניקוי,יחידה,0.00,יחידה,false,,13.90,0.0000,true,1,30655
7290108351507,false,מרכך כביסה אינספרישיין סנו מקסימה 4 ליטר,סנו מקסימה,IL,מרכך כביסה סנו מקסימ,ליטרים,4.00,ליטר,false,,23.90,5.9750,true,1,30658
7290108351514,false,מרכך כביסה בלו בלוסום סנו מקסימה 4 ליטר,סנו מקסימה,IL,מרכך כביסה סנו מקסימ,ליטרים,4.00,ליטר,false,,23.90,5.9750,true,1,30659
7290108351552,false,"סנו - ג'ט לניקוי כללי בתוספת חומץ בניחוח לבנדר 750 מ""ל","סנו מפעלי ברונוס בע""\מ",IL,סנו ג'ט מתז חומץ 750,מיליליטרים,750.00,"100 מ""ל",false,,13.90,1.8533,true,1,30663
7290108351583,false,"סנו - ג'ט פלוס חומץ ג'ל לניקוי אסלות לבנדר 750 מ""ל",טרופיקל דגיל תעשיות,IL,סנו ג'ט+לניקוי אסלות,מיליליטרים,750.00,"100 מ""ל",false,,12.90,1.7200,true,1,30665
7290108351699,false,סנו - ג'ט מטליות לחות לניקוי כללי בתוספת חומץ לבנדר שלישיה,סנו מפעלי ברונוס על,IL,מגבונים ג'ט+חומץ מאר,יחידה,0.00,יחידה,false,,21.90,0.0000,true,1,30676
7290108351705,false,פניני בישום 275 גרם מקסימה,inc prodacts smart value,IL,פניני בישום לכביסה כ,גרמים,275.00,100 גרם,false,,21.90,7.9636,true,1,30677
7290108351712,false,פניני בישום לכביסה 275 ג' מקסימה,inc prodacts smart value,IL,פניני בישום LOVELY ו,גרמים,275.00,100 גרם,false,,21.90,7.9636,true,1,30678
7290108351729,false,נ.לניקוי אסלות סנו גרין פאוור אקולוגי750,מיוצר עי קונדיטוריית,IL,נוזל לניקוי אסלה 750,מיליליטרים,750.00,"100 מ""ל",false,,10.90,1.4533,true,1,69343
7290108351804,false,מרכך כביסה סופר מרוכז Gentl Breeze סנו מקסימה 1 ליטר,מיוצר עי קונדיטוריית,IL,סנו מקסימה מרכך כביס,יחידה,0.00,יחידה,false,,19.90,0.0000,true,1,30682
7290108351811,false,מרכך כביסה סופר מרוכז Floral touch סנו מקסימה 1 ליטר,מיוצר עי קונדיטוריית,IL,סנו מקסימה מרכך כביס,יחידה,0.00,יחידה,false,,19.90,0.0000,true,1,30683
7290108351835,false,מרכך כביסה Pure Sensation סנו מקסימה 4 ליטר,מיוצר עי קונדיטוריית,IL,מרכך כביסה סנו מקסימ,ליטרים,4.00,ליטר,false,,23.90,5.9750,true,1,30684
7290108351934,false,סנובון סבון אסלה מוצק RINGS בניחוח לימון שלישיה,החברה הדרומית,PL,סנובון סבון אסלה מוצ,יחידה,0.00,יחידה,false,,14.90,0.0000,true,1,30691
7290108351958,false,סנובון סבון אסלה מוצק RINGS בניחוח אוקיינוס שלישיה,סנו מפעלי ברונוס בעמ,PL,סנובון סבון אסלה מוצ,יחידה,0.00,יחידה,false,,14.90,0.0000,true,1,30693
7290108352054,false,אורביטול - צמד מברשות שיניים 980 + חוט דנטלי במתנה,החברה הדרומית,CN,אורביטול מברשת לניקו,יחידה,0.00,יחידה,false,,21.90,0.0000,true,1,232252
7290108352061,false,משחת שיניים Go White אורביט 145 גרם עם פחם,טרופיקל דגיל תעשיות קוסמ,IL,אורביטול משחת שיניים,גרמים,145.00,100 גרם,false,,15.90,10.9655,true,1,285955
7290108352207,false,מקסימה 40 קפסולות לכביסה בניחוח fresh burst,"גליל כימיקלים, א.ת. צפונ",IL,קפס' כביסה בניחוח פל,גרמים,840.00,100 גרם,false,,37.90,4.5119,true,1,68008
7290108352214,false,סנו - מקסימה קפסולות כביסה בניחוח בריזה מרעננת 40 יח',טרופיקל דגיל תעשיות,IL,קפסולות כביסה בניחוח,גרמים,840.00,100 גרם,false,,37.90,4.5119,true,1,68009
7290108352269,false,סנו מטליות לחיטוי ולניקוי בדלי 400 יחידו,החברה הדרומית,IL,מטליות לחיטוי ולניקו,יחידה,0.00,יחידה,false,,33.90,0.0000,true,1,64881
7290108352276,false,מגבונים לניקוי וחיטוי יסודי לרצפה 10 יח 99.9%,"סנו מפעלי ברונס בע""\מ",IL,מטליות לחיטוי ולניקו,יחידה,0.00,יחידה,false,,16.90,0.0000,true,1,58922
7290108352290,false,שלישיית מטליות לחיטוי ולניקוי יסודי לחדר האמבטיה סדרת 99.9%,מיוצר עי קונדיטוריית,IL,שלישיית מטליות לחיטו,יחידה,0.00,יחידה,false,,24.90,0.0000,true,1,58924
7290108352320,false,"מבשם אויר סנו פרש הום בניחוח כותנה מלטפת 350 מ""ל",מיוצר עי קונדיטוריית,IL,סנו פרש הום מלון בוט,מיליליטרים,350.00,"100 מ""ל",false,,12.90,3.6857,true,1,71428
7290108352337,false,"סנו - פרש מילוי למטהר אוויר מלון מפנק 250 מ""ל",מיוצר עי קונדיטוריית,IL,סנו פרש הום אוטומטיק,גרמים,250.00,100 גרם,false,,14.90,5.9600,true,1,71429
7290108352351,false,"סנו תרסיס לחיטוי משטחים 99.9% - 400 מ""ל","סנו מפעלי ברונס בע""\מ",IL,תרסיס לחיטוי משטחים,מיליליטרים,400.00,"100 מ""ל",false,,21.90,5.4750,true,1,68010
7290108352368,false,תוסף לחיטוי כביסה 99.9% סנו מקסימה 3 ל',סנו,IL,סנו מקסימה תוסף לחיט,ליטרים,3.00,ליטר,false,,32.90,10.9667,true,1,153355
7290108352399,false,ריצפז פרש הום בניחוח מרכך כביסה פלורל טאצ',"סנו מפעלי ברונוס בע""\מ",IL,ריצפז פרש הום פלורל,ליטרים,2.00,ליטר,false,,22.90,11.4500,true,1,213001
7290108352450,false,ריצפז פרש הום בניחוח מרכך כביסה בלו בלוסום,סנו מפעלי ברונוס בעמ,IL,ריצפז פרש הום בניחוח,ליטרים,2.00,ליטר,false,,22.90,11.4500,true,1,97997
7290108352535,false,סנו - מקסימה דפי בישום לחים למייבש הכביסה בניחוח מרכך כביסה,טרופיגל דגיל תעשיות קוסמ,IL,דפי בישום לחים למייב,יחידה,0.00,יחידה,false,,13.90,0.0000,true,1,188924
7290108352641,false,סנו סושי מטלית הפלא לניקוי כללי במארז שלישייה,סנו מפעלי ברונוס.,IL,סנו סושי מטלית הפלא,יחידה,0.00,יחידה,false,,15.90,0.0000,true,1,30705
7290108352672,false,צמד מטליות הפלא לרצפה מיקרפייבר סנו סושי,סנו מפעלי ברונוס.,CN,סנו סושי זוג מטלית ה,יחידה,0.00,יחידה,false,,20.90,0.0000,true,1,30708
7290108352689,false,כריות קרצוף ללכלוך קשה סנו סושי 9 יחידות,טרופיקל דגיל תעשיות,US,כריות קרצוף ללכלוך ק,יחידה,0.00,יחידה,false,,10.90,0.0000,true,1,30709
7290108352795,false,סנו סושי שקיות M זיפר 50 יחידות,פיין ונטג,CN,סנו סושי שקיות זיפר,יחידה,0.00,יחידה,false,,13.90,0.0000,true,1,30714
7290108352801,false,"שקיות אשפה לפחים קטנים 45 * 56 ס""מ סנו סושי 100 יחידות","סנו מפעלי ברונוס בע""מ",IL,סנו סושי 100 שקיות א,יח',100.00,יח',false,,22.90,0.2290,true,1,30715
7290108352825,false,ספוג הפלא נירוסטה סנו סושי 3יח',ltdn s.k.a.tסנו מפעלי בר,CN,סנו סושי-ספוג הפלא נ,יח',3.00,יח',false,,11.90,3.9667,true,1,30717
7290108352849,false,שלישיית מטליות הפלא לניקוי כללי דקור סנו סושי,טרופיקל דגיל תעשיות,CN,סנו סושי מטלית הפלא,יחידה,0.00,יחידה,false,,15.90,0.0000,true,1,97972
7290108353006,false,סנו סושי - שקיות אוכל נקשרות 250 יחידות XL,מיוצר עי קונדיטוריית,IL,סנו סושי 250 שקיות א,יחידה,0.00,יחידה,false,,14.90,0.0000,true,1,30734
7290108353075,false,מפיות אירוח גדולות ועבות סנו סושי 50 יחידות,האנק טישו,PL,סנו סושי 50 מפיות אי,יחידה,0.00,יחידה,false,,11.90,0.0000,true,1,30741
7290108353389,false,"אורביטול - מי פה ג'וניור לגילאי 8+ 250 מ""ל",קוסמופארם בעמ,IL,מי פה אורביטול ג'וני,מיליליטרים,250.00,"100 מ""ל",false,,11.90,4.7600,true,1,270194
7290108353501,false,"שקיות אשפה ענקיות עם ידיות ענקיות 75*90 ס""מ סנו סושי 25 יחידות",טרופיקל דגיל תעשיות,TR,שקיות אשפה עם ידיות,יחידה,0.00,יחידה,false,,20.90,0.0000,true,1,30753
7290108353532,false,"שקיות אשפה חזקות עם שרוך לארג' 54 * 65 ס""מ סנו סושי 100 יחידות",סנו סושי,IL,שקיות אשפה בגליל סנו,יחידה,0.00,יחידה,false,,33.90,0.0000,true,1,30756
7290108353549,false,נייר אפייה סנו סושי 100 יח,"טופ פלסט 2002 בע""\מ",IL,נייר אפיה סנו סושי 1,יחידה,0.00,יחידה,false,,21.90,0.0000,true,1,30757
7290108353556,false,נייר טואלט סנו סופט שלוש שכבות 32 גלילים,טרופיקל דגיל תעשיות,IL,נייר טואלט סנו סופט,יחידה,0.00,יחידה,false,,47.90,0.0000,true,1,69121
7290108353648,false,סנו סושי - שקיות אוכל מנייר 70 יחידות,איי טיי אריזות טורקיה,TR,סנו סושי 70 שקיות או,יחידה,0.00,יחידה,false,,11.90,0.0000,true,1,80214
7290108353655,false,"סנו סושי - 50 מפיות אירוח איכותיות גדולות ועבות 3 שכבות לבנות """,האנק טישו,IL,סנו סושי 50 מפיות אי,יחידה,0.00,יחידה,false,,11.90,0.0000,true,1,30758
7290108354065,false,קרמה מן גל רחצה פילינג 700 מל לגבר,קוסמופארם בע'\'\מ,IL,ג'ל רחצה פילינג קרמה,מיליליטרים,700.00,"100 מ""ל",false,,19.90,2.8429,true,1,214764
7290108354164,false,"כיף שלישיית אל סבון קטיפתי מועשר בשמנים 3*500 מ""ל",טרופיקל דגיל תעשיות,IL,כיף שלישיית אלסבון ק,ליטרים,1.50,ליטר,false,,20.90,13.9333,true,1,110858
7290108354270,false,מרכך כביסה מרוכז בבישום עוצמתי 1 ל' סנו מקסימה,מיוצר עי קונדיטוריית,IL,מרכך בבישום עוצמתי מ,ליטרים,1.00,ליטר,false,,19.90,19.9000,true,1,188840
7290108354355,false,סנו מגבוני היגיינים לניקוי הידיים 70 % אלכוהול 20 יח',דן - מור חומרי טבע וכימי,IL,סנו מדיק מגבונים לני,יחידה,0.00,יחידה,false,,10.90,0.0000,true,1,80215
7290108354416,false,"תחליב רחצה יוגה, בניחוח ברגמוט 600מ""ל קרימה","קוסמופארם בע""\מ",IL,קרמה תחליב רחצה ספא,מיליליטרים,600.00,"100 מ""ל",false,,20.90,3.4833,true,1,291039
7290108354591,false,"תחליב רחצה בניחוח מי קקטוס ושמן באבאסו 750 מ""ל נקה 7","אמיליה קוסמטיקס בע""מ",IL,תחליב רחצה ביו נקה,מיליליטרים,750.00,"100 מ""ל",false,,12.90,1.7200,true,1,269511
7290108354614,false,"מרכך בניחוח מי קקטוס ושמן באבאסו 750 מ""ל נקה 7","אמיליה קוסמטיקס בע""מ",IL,מרכך לשיער ביו נקה 7,מיליליטרים,750.00,"100 מ""ל",false,,12.90,1.7200,true,1,269512
7290108354621,false,"מסיכה לשיער לחות מוגברת עם אפרסק וחמאת מורומורו 500 מ""ל כיף",סנו,IL,מסכה לשיער עם אפרסק,מיליליטרים,500.00,"100 מ""ל",false,,26.90,5.3800,true,1,287895
7290108354706,false,"קרמה - תחליב רחצה מאסק 500 מ""ל","קוסמופארם בע""\מ",IL,תחליב רחצה מאסק קרמה,מיליליטרים,500.00,"100 מ""ל",false,,14.90,2.9800,true,1,188895
7290108354751,false,"סנו - ג'ט מרסס לניקוי כללי בתוספת אבקת סודה 750 מ""ל","סנו מפעלי ברונוס בע""\מ",IL,מתז JET+בתוספת סודה,מיליליטרים,750.00,"100 מ""ל",false,,13.90,1.8533,true,1,30759
7290108355147,false,"תחליב רחצה שמני הזנה נקה 7 750 מ""ל",טרופיקל דגיל תעשיות קוסמ,IL,תחליב רחצה שמני הזנה,מיליליטרים,750.00,"100 מ""ל",false,,12.90,1.7200,true,1,30777
7290108355161,false,"מרכך שיער שמני הזנה 750 מ""ל נקה 7","אמיליה קוסמטיקס בע""מ",IL,מרכך שמני הזנה נקה 7,מיליליטרים,750.00,"100 מ""ל",false,,12.90,1.7200,true,1,30779
7290108356090,false,קרמה תרחיץ גל לשטיפה אינטימית 220 מל,קוסמופארם בעמ,IL,קרמה תרחיץ ג'ל לשטיפ,מיליליטרים,220.00,"100 מ""ל",false,,19.90,9.0455,true,1,143848
7290108356113,false,כיף תחליב רחצה חלב ודבש 700 מל,קוסמופארם בעמ,IL,תחליב רחצה דבש כיף 7,מיליליטרים,700.00,"100 מ""ל",false,,13.90,1.9857,true,1,30815
7290108356144,false,כיף תחליב רחצה גואה-אמבר וגרדניה 700 מל,גוד פוד פרודקטס S.p,IL,ת.רחצה כיף בניחוח שמ,מיליליטרים,700.00,"100 מ""ל",false,,13.90,1.9857,true,1,65511
7290108356151,false,"תחליב רחצה כיף מאסק יסמין 700 מ""ל",גוד פוד פרודקטס S.p,IL,תחליב רחצה מאסק יסמי,מיליליטרים,700.00,"100 מ""ל",false,,13.90,1.9857,true,1,30818
7290108356168,false,"כיף - תחליב רחצה אוקיינוס 700 מ""ל",גוד פוד פרודקטס S.p,IL,תחליב רחצה אוקיינוס,מיליליטרים,700.00,"100 מ""ל",false,,13.90,1.9857,true,1,30819
7290108356533,false,קרוליין 10 שמפו לשיער מתולתל 700 מל,"קוסמופארם בע""\מ",IL,שמפו לשיער מתולתל קר,מיליליטרים,700.00,"100 מ""ל",false,,14.90,2.1286,true,1,213276
7290108356540,false,קרוליין 10 שמפו לשיער צבוע 700 מל,"קוסמופארם בע""\מ",IL,שמפו לשיער צבוע קרלי,מיליליטרים,700.00,"100 מ""ל",false,,14.90,2.1286,true,1,213277
7290108356564,false,"קרליין - מרכך 10 לשיער רגיל 700 מ""ל","קוסמופארם בע""\מn\",IL,מרכך לשיער רגיל קרלי,מיליליטרים,700.00,"100 מ""ל",false,,14.90,2.1286,true,1,213305
7290108356571,false,"קרליין - מרכך 10 לשיער יבש 700 מ""ל","קוסמופארם בע""\מ",IL,מרכך לשיער יבש קרליי,מיליליטרים,700.00,"100 מ""ל",false,,14.90,2.1286,true,1,213306
7290108356809,false,סבון בוטני ורד ומרווה לניקוי וטיפוח הידיים טבעוני 1 ל' כיף,קוסמופארם בע'\'\מ,IL,סבון בוטני לניקוי יד,ליטרים,1.00,ליטר,false,,16.90,16.9000,true,1,287910
7290108357004,false,כיף שמפו ורד ושמן קוקוי לרכות וברק,טרופיקל דגיל תעשיות,IL,כיף שמפו לשיער ורד ו,מיליליטרים,700.00,"100 מ""ל",false,,12.90,1.8429,true,1,30820
7290108357028,false,"תחליב רחצה כיף ורד ושמן קוקוי 700 מ""ל",קוסמופארם בעמ,IL,כיף תחליב רחצה ורד ו,מיליליטרים,700.00,"100 מ""ל",false,,13.90,1.9857,true,1,30822
7290108357226,false,"אוקסיגן POWER אבקה לכביסה לבנה והסרת כתמים 1.4 ק""ג סנו",החברה הדרומית,IL,אוקסיג'ן אבקה להסרת,קילוגרמים,1.40,"ק""ג",false,,32.90,23.5000,true,1,227598
7290108357240,false,סנו אוקסיג'ן אבקה לכביסה להסרת כתמים קשים,החברה הדרומית,IL,אוקסיג'ן אבקה תוסף ל,קילוגרמים,1.40,"ק""ג",false,,32.90,23.5000,true,1,227599
7290108357264,false,"פרש אוטומטי מילוי בניחוח מרכך הכביסה אולטרה 375 מ""ל סנו",סנו מפעלי ברונוס בעמ,IL,מבשם לבית בניחוח אול,גרמים,250.00,100 גרם,false,,14.90,5.9600,true,1,270222
7290108357288,false,אקונומיקה ז'אוול בניחוח פריחה לבנה 4 ל' סנו,סנו ז'אוול Javel,IL,סנו ז'אוול בניחוח פר,ליטרים,4.00,ליטר,false,,17.90,4.4750,true,1,229098
7290108357301,false,"סנו - K300 קוטל חרקים תיקנים ונמלים 300 מ""ל","סנו מפעלי ברונוס בע""\מ",IL,סנו קיי-301 צהוב 300,מיליליטרים,300.00,"100 מ""ל",false,,13.90,4.6333,true,1,269527
7290108357653,false,סנובון ג'ל לאסלה שלישיה בניחוח אוקיינוס,סנו סנובון,CZ,סנובון סבון ג'ל לאסל,גרמים,315.00,100 גרם,false,,18.90,6.0000,true,1,323898
7290108357660,false,סנובון Bubbles שלישיית כדוריות ג'ל אסלה ניחוח לבנדר,סנו סנובון,CZ,סנובון סבון ג'ל לאסל,גרמים,315.00,100 גרם,false,,18.90,6.0000,true,1,323899
7290108357707,false,"כיף שמפו לשיער רגיל- תפוח זרעי צ'יה 700 מ""ל",גוד פוד פרודקטס S.p,IL,שמפו לשיער רגיל תפוח,מיליליטרים,700.00,"100 מ""ל",false,,12.90,1.8429,true,1,30824
7290108357714,false,"כיף שמפו לשיער יבש -רימונים ושמן ארגן 700 מ""ל",גוד פוד פרודקטס S.p,IL,שמפו לשיער יבש רימונ,מיליליטרים,700.00,"100 מ""ל",false,,12.90,1.8429,true,1,30825
7290108357745,false,"כיף שמפו ומרכך 700 מ""ל 2ב-1 תאנה ומנטה",גוד פוד פרודקטס S.p,IL,שמפו ומרכך תאנה ומנט,מיליליטרים,700.00,"100 מ""ל",false,,12.90,1.8429,true,1,30827
7290108357868,false,"כיף - ג'ל רחצה אליקסיר אויל מועשר בשמן מקדמיה 700 מ""ל","קוסמופארם בע""\מ",IL,ג'ל רחצה מועשר בשמן,מיליליטרים,700.00,"100 מ""ל",false,,13.90,1.9857,true,1,213665
7290108358087,false,"תחליב רחצה קרמה מאסק 700 מ""ל",גוד פוד פרודקטס S.p,IL,קרמה תחליב רחצה מאסק,מיליליטרים,700.00,"100 מ""ל",false,,17.90,2.5571,true,1,99112
7290108358117,false,"סנו - פרש הום מקלות ריחניים בניחוח כביסה רעננה 100 מ""ל",החברה הדרומית,IL,מקלות ריחניים לבית ב,מיליליטרים,100.00,"100 מ""ל",false,,21.90,21.9000,true,1,227614
7290108358124,false,דפי בישום לחים למייבש הכביסה בניחוח מרכך כביסה 20 יח' מקסימה,טרופיגל דגיל תעשיות קוסמ,IL,דפי בישום לחים למייב,יחידה,0.00,יחידה,false,,13.90,0.0000,true,1,323869
7290108359008,false,סושי שקיות זיפר עם סליידר 15 יח לארג',החברה הדרומית,CN,שקיות זיפר עם סליידר,יחידה,0.00,יחידה,false,,14.90,0.0000,true,1,214661
7290108359060,false,סנו סושי כריות הפלא רב תכלתיות *4 לשבת,סנו מפעלי ברונו בעמ,IL,כריות ניקוי לשבת 4 י,יחידה,0.00,יחידה,false,,12.90,0.0000,true,1,190647
7290108359084,false,סנו סושי כיסוי ניילון עם גומי 30 יחידות M,תאיזו ווילד,IL,סנו סושי כיסוי ניילו,יחידה,0.00,יחידה,false,,12.90,0.0000,true,1,311989
7290108359145,false,סנו סושי דפי ספוג הפלא12,קריות זול,CN,סנו סושי דפי ספוג הפ,יחידה,0.00,יחידה,false,,12.90,0.0000,true,1,308025
7290108359152,false,"תבנית אלומיניום עגולה 25 ס""מ -6 יחי סנו סושי","אופל אריזות בע""\מ",IL,סנו סושי-6 תבניות אל,יחידה,0.00,יחידה,false,,12.90,0.0000,true,1,308818
7290108359169,false,"תבנית אלומיניום עגולה 628 ס""מ יחי סנו סושי","אופל אריזות בע""\מ",IL,סנו סושי-6 תבניות אל,יחידה,0.00,יחידה,false,,12.90,0.0000,true,1,308819
7290108359176,false,סופט ממחטות אף צמד בשקית לושן 3 שכבות,סנו סופט,EG,סנו סופט ממחטות אף ת,יח',200.00,יח',false,,14.90,0.0745,true,1,326532
7290108359190,false,סנו סושי מגבות נייר בגליל כפול פי 3,סנו סושי,IL,סנו סושי מגבות הפלא,יחידה,0.00,יחידה,false,,27.90,0.0000,true,1,326675
7290108359831,false,"כיף - בייבי כיף שמן 500 מ""ל","מיוצר ומשווק ע""י קוס",IL,שמן גוף בייבי כיף 50,מיליליטרים,500.00,"100 מ""ל",false,,22.90,4.5800,true,1,30834
7290108359862,false,בייבי כיף אל סבון 1 ליטר,בייבי כיף Baby,IL,אלסבון HYDROMOIST ב,ליטרים,1.00,ליטר,false,,19.90,19.9000,true,1,30837
7290108359893,false,"תחליב רחצה בייבי כיף+משאבה 750 מ""ל",גוד פוד פרודקטס S.p,IL,תחליב רחצה HYDROMOIS,מיליליטרים,750.00,"100 מ""ל",false,,16.90,2.2533,true,1,30840
7290108500271,false,שלישיית פטריות חתוך ויליפוד 290 גרם מהדרין,לוטס,NL,פטריות חתוך ויליפוד,גרמים,870.00,100 גרם,false,,13.00,1.4943,true,1,3037
7290108500677,false,כבד דג שיבוט בשמן דג וילי פוד 115 גרם,"איטיליאן פוד, אס.פי.",IS,כבד דג שיבוט בשמן וי,גרמים,115.00,100 גרם,false,,10.90,9.4783,true,1,3044
7290108501490,false,גבינת מוצרלה פרוסות 150גרם RO CHEESE,ג.וילי פוד אינטרנשיונל ב,IL,גבינה מוצרלה פרוסות,גרמים,150.00,100 גרם,false,,15.90,10.6000,true,1,3082
7290108501971,false,חטיף בוטנים ומשמש הפי נאטס מארז 35X4ג',ואמראליס,GR,חטיף שקדים ומשמש HAP,גרמים,140.00,100 גרם,false,,13.90,9.9286,true,1,3121
7290108502381,false,בסיסים להכנת פיצה קוטר 26 וילי פוד 480ג',מוטלוקל גידה סאנאי ט,TR,תחתיות לפיצה קוטר 26,יחידה,0.00,יחידה,false,,14.90,0.0000,true,1,3134
7290108502725,false,גבינת גאודה פרוסות ויליפוד 400 גרם,ג.וילי פוד אינטרנשיונל ב,IL,גבינת גאודה פרוסות 4,גרמים,400.00,100 גרם,false,,21.90,5.4750,true,1,3162
7290108502862,false,מלפפונים כבושים במלח 18-25 קטנים ויליפוד 600 גרם,זיתור סאן גידה סני וטיקר,TR,מלפפונים כבושים במלח,גרמים,600.00,100 גרם,false,,12.90,2.1500,true,1,3168
7290108503043,false,תפוחונים חטיף פלחים מיובשים מארז 22X4ג',הביי דונגפנג פוד קו. בעמ,CN,מארז רביעייה תפוחוני,גרמים,88.00,100 גרם,false,,15.90,18.0682,true,1,3179
7290108504699,false,רביעיית טונה בשמן קנולה פתח קל ויליפוד 4*160 גרם,גולדן פרייז קאנינג אל טי,TH,נתחי טונה בשמן קנולה,גרמים,640.00,100 גרם,false,,22.90,3.5781,true,1,3260
7290108504934,false,"דפי אורז למילוי 22 ס""מ ויליפוד 300 גרם",וילי פוד - מנת השף,VN,דפי אורז למילוי קוטר,גרמים,300.00,100 גרם,false,,10.90,3.6333,true,1,233268
7290108505719,false,גבינת מוצרלה מגורדת EURO CHEESE ויליפוד 200 גרם,סאסו פטוראגס קומטויס אף,TR,גבינת מוצרלה מגורדת,גרמים,200.00,100 גרם,false,,15.90,7.9500,true,1,70953
7290108505733,false,צמות-גבינה חצי קשה 25% שומן 200 גרם,סאסו פטוראגס קומטויס אף,TR,צמות גבינה חצי קשה 2,גרמים,200.00,100 גרם,false,,15.90,7.9500,true,1,70955
7290108505740,false,קשקבל גבינה חצי קשה EURO CHEESE ויליפוד 200 גרם,Euro יורו מחלבות אירופה,TR,גבינת קשקבל חצי קשה,גרמים,200.00,100 גרם,false,,15.90,7.9500,true,1,70956
7290108506495,false,"כנאפה מאפה בצק ""שערות"" קדאיף וגבינה",ארמה גרופ,TR,כנאפה קפוא 192.5 גרם,גרמים,192.50,100 גרם,false,,17.90,9.2987,true,1,64086
7290108507065,false,גבינת פרמג'אנו רגיאנו מגורדת ויליפוד 100 גרם,זנאתי,IT,גבינת פרמגיאנו רגיאנ,גרמים,100.00,100 גרם,false,,15.90,15.9000,true,1,130947
7290108507072,false,שבבי גבינת גרנה פדנו ויליפוד 100 גרם,זנאתי,IT,שבבי גבינת גרנה פדנו,גרמים,100.00,100 גרם,false,,10.90,10.9000,true,1,130934
7290108507645,false,ביסקוויט פריך בשוקולד מריר 100 גרם,מודרן צ'יקולטה,TR,ביסקויט פריך בשוקולד,גרמים,100.00,100 גרם,false,,7.90,7.9000,true,1,223257
7290108508543,false,אפונה מבושלת במי מלח 700 גר,,TR,אפונה מבושלת 700 גרם,גרמים,700.00,100 גרם,false,,10.90,1.5571,true,1,148155
7290108509106,false,גבינה בולגרית מעודנת בקוביות EUROויליפוד 200 גרם,"היצרן: קוליוס אס. איי, ג",TR,גבינה בולגרית מעודנת,גרמים,200.00,100 גרם,false,,13.90,6.9500,true,1,158201
7290108509137,false,גבינה בולגרית מעודנת EUROויליפוד 250 גרם,סוטאש,TR,גבינה בולגרית מעודנת,גרמים,250.00,100 גרם,false,,13.90,5.5600,true,1,158215
7290108509199,false,גבינת פטה 17% שומן יורו 500 ג',מבגל אס.איי,TR,גבינה פטה 500 גרם -,גרמים,500.00,100 גרם,false,,24.90,4.9800,true,1,152147
7290108509205,false,חטיף אורז בטעם טבעי לתינוקות ויליפוד 50 גרם,נמצ'או,TH,חטיף אורז אפוי לתינו,גרמים,50.00,100 גרם,false,,12.90,25.8000,true,1,209981
7290108509229,false,חטיף אורז בטעם בננה לתינוקות ויליפוד 50 גרם,נמצ'או,TH,חטיף אורז אפוי לתינו,גרמים,50.00,100 גרם,false,,12.90,25.8000,true,1,209983
7290108509267,false,ארוחת פסטה עם רוטב גבינה ויליפוד 206 גרם,הנסיך- מפעל לייצור ט,UA,ארוחת פסטה עם רוטב ג,גרמים,206.00,100 גרם,false,,8.90,4.3204,true,1,163106
7290108509618,false,זיתים ירוקים על הגריל מגולענים 730 גר,,TR,זיתים ירוקים על הגרי,גרמים,730.00,100 גרם,false,,24.90,3.4110,true,1,178225
7290108509625,false,זיתים ירוקים ופלפל על הגריל מגולענים במרינדה 730 גרם ויליפוד,,TR,זיתים ירוקים ופלפל,גרמים,730.00,100 גרם,false,,24.90,3.4110,true,1,178226
7290108509939,false,פרוסות פילה טונה בשמן זית כתית מעולה,וילי פוד,TH,פרוסות פילה טונה 120,גרמים,120.00,100 גרם,false,,13.90,11.5833,true,1,210063
7290108509960,false,נתחי טונה בהירה בשמן זית כתית מעולה - מארז 3 יח',וילי פוד,TH,שלישיית נתחי טונה בה,גרמים,240.00,100 גרם,false,,15.90,6.6250,true,1,210049
7290109351971,false,פריכיות דגנים פיטנס מצופות שוקולד חלב,פרח תעשיות,IL,בר פריכיות שוקולד חל,גרמים,84.00,100 גרם,false,,16.90,20.1190,true,1,19953
7290109352916,false,פריכיות דגנים פיטנס מצופות שוקולד לבן,פרח תעשיות,IL,בר פריכיות שוקולד לב,גרמים,84.00,100 גרם,false,,16.90,20.1190,true,1,19957
7290109354057,false,קרחוני לה פרוטה La Frutta בטעמי אננס תפוז- 5 יח',תות תעשיות מזון (201,IL,"מאגדת 5 י""ח לה פרוטה",גרמים,350.00,100 גרם,false,,27.90,7.9714,true,1,16199
7290109492414,false,סכיני מטבח שישייה שח,,,סכיני מטבח שישיה שח,יחידה,0.00,יחידה,false,,11.90,0.0000,true,1,117532
7290109580043,false,"שניצל תירס קלאסי זוגלובק 1.75 ק""ג",זוגלובק,IL,זוגלובק שניצל תירס 1,קילוגרמים,1.75,"ק""ג",false,,51.90,29.6571,true,1,100567
7290109580050,false,נקניקיות צ'וריסוס וונדרס 0% בשר טבעוני ללא גלוטן,"וונדרס ע""י זוגלובק 2000",IL,נקנקיות צ'וריסוס מן,גרמים,226.00,100 גרם,false,,35.90,15.8850,true,1,129338
7290109580067,false,"טחון וונדרס 0% בשר , טבעוני","וונדרס ע""י זוגלובק 2000",IL,טחון מן הצומח וונדרס,גרמים,340.00,100 גרם,false,,35.90,10.5588,true,1,129339
7290109580104,false,רוסטביף פרימיום זוגלובק 150 גרם,זוגלובק,IL,רוסטביף זוגלובק פרמי,גרמים,150.00,100 גרם,false,,26.90,17.9333,true,1,130720
7290109580135,false,קורנדביף פרימיום 180 גרם זוגלובק,זוגלובק,IL,קורנדביף זוגלובק פרמ,גרמים,180.00,100 גרם,false,,26.90,14.9444,true,1,130722
7290109580166,false,סרוולד קלאסי פרימיום זוגלובק 150 גרם,זוגלובק,IL,סרוולד קלאסי זוגלובק,גרמים,150.00,100 גרם,false,,26.90,17.9333,true,1,130724
7290109580210,false,נקנקיות ריינהולד'ס הצרפתיה זוגלובק 300 ג',זוגלובק,IL,נקנקיות ריינהולד'ס,גרמים,300.00,100 גרם,false,,22.90,7.6333,true,1,205822
7290109580227,false,נקניקיות עוף ובקר בסגנון ברלינאי קאריוורסט,זוגלובק,IL,נקנקיות ריינהולד'ס ק,גרמים,300.00,100 גרם,false,,22.90,7.6333,true,1,205823
7290109580241,false,נאגטס מן הצומח זוגלובק 500 גרם,זוגלובק טבע,IL,נאגטס מן הצומח זוגלו,גרמים,500.00,100 גרם,false,,19.90,3.9800,true,1,269412
7290109580319,false,"בורגר וונדרס 0% בשר , טבעוני",זוגלובק וונדרס Wonders,IL,בורגר מן הצומח וונדר,גרמים,280.00,100 גרם,false,,35.90,12.8214,true,1,213377
7290109580432,false,פסטרמה חזה הודו מעושן דק דק זוגלובק 120 גרם,זוגלובק,IL,פסטרמה אקסטרה מעושנת,גרמים,120.00,100 גרם,false,,14.90,12.4167,true,1,269627
7290109640198,false,מגורדת לפיצה ולאפיה 20% שומן 200 גרם - משומשו,וי גרדן,IL,מגורדת לפיצה ואפייה,גרמים,200.00,100 גרם,false,,19.90,9.9500,true,1,6162
7290109920580,false,"מרסס עם אקונומיקה 750 מ""ל אסטוניש",יעקובי אסטוניש,GB,אסטוניש מרסס עם אקונ,מיליליטרים,750.00,"100 מ""ל",false,,15.90,2.1200,true,1,11395
7290109920597,false,"אסטוניש - מרסס לניקוי המקלחון 750 מ""ל",יעקבי- אסטוניש Astonish,GB,אסטוניש מרסס למקלחון,מיליליטרים,750.00,"100 מ""ל",false,,15.90,2.1200,true,1,11396
7290109920627,false,"אסטוניש קרם ואקונומיקה לניקוי אמבטיות 500 מ""ל",יעקובי אסטוניש,GB,"אסטוניש קרם 500 מ""ל",מיליליטרים,500.00,"100 מ""ל",false,,15.90,3.1800,true,1,11398
7290109921334,false,אידיאל פרוטקט יעקבי 15 דפי כביסה,יעקובי,ES,יעקבי דפי כביסה אידא,יחידה,0.00,יחידה,false,,17.90,0.0000,true,1,11414
7290109921488,false,"דורגול לניקוי וחיטוי מכונת הכביסה יעקבי 500 מ""ל",יעקובי דורגול,DE,דורגול לניקוי וחיטוי,מיליליטרים,500.00,"100 מ""ל",false,,32.90,6.5800,true,1,11417
7290109921587,false,רצפות גרניט פורצלן ייבוש מהיר ללא סימנים,וונדפוט,BE,יעקבי רצפות גרניט פו,ליטרים,1.25,ליטר,false,,16.90,13.5200,true,1,11420
7290109923048,false,"אסטוניש מרסס פרימיום ארומטיק לכל הבית 750 מ""ל",יעקובי אסטוניש,GB,אסטוניש פרימיום ארומ,מיליליטרים,750.00,"100 מ""ל",false,,16.90,2.2533,true,1,242782
7290109923147,false,אסטוניש מהדורה פרימיום פלא של אקונומיקה,יעקבי- אסטוניש Astonish,GB,אסטוניש מרסס פלא של,מיליליטרים,750.00,"100 מ""ל",false,,15.90,2.1200,true,1,277599
7290110058814,false,שלישית ביצי שוקולד (חלב ישראל) סמיילי (3X24),מונדזיר,IT,שלישיית ביצי שוקולד,גרמים,60.00,100 גרם,false,,15.90,26.5000,true,1,33401
7290110110369,false,"שישייה בירה קרלסברג LUMA בקבוק 330 מ""ל",מבשלות בירה בינלאומיות ב,IL,שישיית בירה קרלסברג,ליטרים,1.98,ליטר,false,,37.70,19.0404,true,1,74421
7290110110659,false,"ספרייט לימון ליים פחית 330מ""ל",החברה המרכזית לייצור משק,IL,סליק ספרייט חדש 330,מיליליטרים,330.00,"100 מ""ל",false,,5.50,1.6667,true,1,7189
7290110113384,false,קוקה קולה זירו מארז רביעיה 1X4 ליטר,החברה המרכזית לייצור משק,IL,מארז רביעיות קוקה קו,ליטרים,4.00,ליטר,false,,28.90,7.2250,true,1,122149
7290110114787,false,נביעות+ מים מינרליים בטעם תפוח 1.5 ליטר,נביעות טבע הגליל בעמ,IL,נביעות + תפוח 1.5 לי,ליטרים,1.50,ליטר,false,,9.50,6.3333,true,1,193164
7290110114794,false,נביעות+ מים מינרליים בטעם אפרסק 1.5 ליטר,"נביעות טבע הגליל בע""\מ ,",IL,נביעות + אפרסק 1.5 ל,ליטרים,1.50,ליטר,false,,9.50,6.3333,true,1,193165
7290110114800,false,נביעות+ מים מינרליים בטעם ענבים 1.5 ליטר,"נביעות טבע הגליל בע""\מ",IL,נביעות + ענבים 1.5 ל,ליטרים,1.50,ליטר,false,,9.50,6.3333,true,1,193180
7290110114824,false,נביעות+רכיבי פרי אבטיח 1.5 ליטר פיקדון,"נביעות טבע הגליל בע""\מ",IL,נביעות+ פרי אבטיח 1.,ליטרים,1.50,ליטר,false,,9.50,6.3333,true,1,193341
7290110114855,false,"נביעות מים מינרליים, שישיה 6 * 1.5 ליטר פקדון",נביעות טבע הגליל בעמ,IL,מי נביעות שישייה 1.5,ליטרים,9.00,ליטר,false,,14.90,1.6556,true,1,193221
7290110114893,false,פריגת סחוט טרי תפוז 2 ליטר,פריגת מצוננים,IL,פריגת סחוט תפוזים 2,ליטרים,2.00,ליטר,false,,29.20,14.6000,true,1,193086
7290110114954,false,מיץ תפוזים מתקתקים פריגת 2 ליטר,פריגת מצוננים,IL,מיץ תפוזים מתקתק 100,ליטרים,2.00,ליטר,false,,22.20,11.1000,true,1,193104
7290110114961,false,משקה קל תפוזים פריגת 1.5 ליטר,מבשלות בירה בינלאומיות ב,IL,פריגת תפוזים 1.5 ליט,ליטרים,1.50,ליטר,false,,9.90,6.6000,true,1,193235
7290110114985,false,משקה קל אשכוליות פריגת 1.5 ליטר,מבשלות בירה בינלאומיות ב,IL,פריגת אשכולית 1.5 לי,ליטרים,1.50,ליטר,false,,9.90,6.6000,true,1,193250
7290110114992,false,משקה קל לייט אשכוליות פריגת 1.5 ליטר,מבשלות בירה בינלאומיות ב,IL,פריגת דיאט אשכולית 1,ליטרים,1.50,ליטר,false,,9.90,6.6000,true,1,193264
7290110115005,false,משקה קל ענבים פריגת 1.5 ליטר,מבשלות בירה בינלאומיות ב,IL,פריגת ענבים 1.5 ליטר,ליטרים,1.50,ליטר,false,,9.90,6.6000,true,1,193278
7290110115036,false,משקה קל מנגו פריגת 1.5 ליטר,מבשלות בירה בינלאומיות ב,IL,פריגת מנגו 1.5 ליטר,ליטרים,1.50,ליטר,false,,9.90,6.6000,true,1,193308
7290110115043,false,משקה קל לימונענע פריגת 1.5 ליטר,מבשלות בירה בינלאומיות ב,IL,פריגת לימונענע 1.5 ל,ליטרים,1.50,ליטר,false,,9.90,6.6000,true,1,193309
7290110115050,false,פריגת מיקס תות בננה 1.5 ליטר פיקדון,מבשלות בירה בינלאומיות ב,IL,פריגת מיקס תות בננה,ליטרים,1.50,ליטר,false,,9.90,6.6000,true,1,193310
7290110115067,false,פריגת אפרסק 1.5 ליטר פיקדון,מבשלות בירה בינלאומיות ב,IL,פריגת אפרסק 1.5 ליטר,ליטרים,1.50,ליטר,false,,9.90,6.6000,true,1,193358
7290110115074,false,פריגת תפוח דובדבן 1.5 ליטר פיקדון,מבשלות בירה בינלאומיות ב,IL,פריגת דובדבן 1.5 ליט,ליטרים,1.50,ליטר,false,,9.90,6.6000,true,1,193359
7290110115111,false,פריגת צלול אננס 1.5 ליטר פיקדון,"מבשלות בירה לישראל בע""\מ",IL,פריגת צלול אננס 1.5,ליטרים,1.50,ליטר,false,,9.90,6.6000,true,1,193377
7290110115128,false,פריגת צלול בטעם לימונענע 1.5 ליטר פיקדון,"מבשלות בירה לישראל בע""\מ",IL,פריגת צלול בטעם לימו,ליטרים,1.50,ליטר,false,,9.90,6.6000,true,1,193378
7290110115180,false,מים מינרלים נביעות 1.5 ליטר,"נביעות טבע הגליל בע""",IL,נביעות 1.5 ליטר,ליטרים,1.50,ליטר,false,,4.20,2.8000,true,1,208196
7290110115203,false,קוקה קולה 1.5 ליטר פיקדון,החברה המרכזית לייצור משק,IL,קוקה קולה 1.5 ליטר,ליטרים,1.50,ליטר,false,,8.90,5.9333,true,1,193398
7290110115210,false,דיאט קוקה קולה 1.5 ליטר פיקדון,החברה המרכזית לייצור משק,IL,דיאט קוקה קולה 1.5 ל,ליטרים,1.50,ליטר,false,,8.90,5.9333,true,1,193399
7290110115227,false,קוקה-קולה זירו בקבוק 1.5 ליטר,החברה המרכזית לייצור משק,IL,קוקה קולה זירו בקבוק,ליטרים,1.50,ליטר,false,,8.90,5.9333,true,1,193415
7290110115234,false,קוקה-קולה זירו נטול בקבוק 1.5 ליטר,החברה המרכזית לייצור משק,IL,קולה ZERO נטול 1.5 ל,ליטרים,1.50,ליטר,false,,8.90,5.9333,true,1,193416
7290110115241,false,קוקה-קולה זירו לימון בקבוק 1.5 ליטר,החברה המרכזית לייצור משק,IL,קולה ZERO לימון 1.5,ליטרים,1.50,ליטר,false,,8.90,5.9333,true,1,193417
7290110115265,false,ספרייט לימון ליים 1.5 ליטר-,החברה המרכזית לייצור משק,IL,ספרייט 1.5 ליטר LIME,ליטרים,1.50,ליטר,false,,8.90,5.9333,true,1,193490
7290110115272,false,ZERO ספרייט 1.5 ליטר פיקדון,החברה המרכזית לייצור משק,IL,ספרייט זירו 1.5 ליטר,ליטרים,1.50,ליטר,false,,8.90,5.9333,true,1,193491
7290110115289,false,ספרייט 19 קל' לימון-נענע 1.5 ליטר פיקדון,החברה המרכזית לייצור משק,IL,ספרייט 19 קלוריות לי,ליטרים,1.50,ליטר,false,,8.90,5.9333,true,1,193519
7290110115296,false,משקה מוגז אורנג' פאנטה 1.5 ליטר,החברה המרכזית לייצור משק,IL,פאנטה אורנג' 1.5 ליט,ליטרים,1.50,ליטר,false,,9.90,6.6000,true,1,193520
7290110115302,false,משקה מוגז אורנג' זירו פאנטה 1.5 ליטר,החברה המרכזית לייצור משק,IL,פאנטה זירו בטעם אורנ,ליטרים,1.50,ליטר,false,,9.90,6.6000,true,1,193521
7290110115319,false,פאנטה אקזוטיק 1.5 ליטר פיקדון,החברה המרכזית לייצור משק,IL,פאנטה אקזוטיק 1.5 לי,ליטרים,1.50,ליטר,false,,9.90,6.6000,true,1,193537
7290110115333,false,פאנטה תות 1.5 ליטר פיקדון,החברה המרכזית לייצור משק,IL,פאנטה תות 1.5 ליטר,ליטרים,1.50,ליטר,false,,9.90,6.6000,true,1,193553
7290110115357,false,קינלי סודה 1.5 ליטר פיקדון,החברה המרכזית לייצור משק,IL,קינלי סודה 1.5 ליטר,ליטרים,1.50,ליטר,false,,5.50,3.6667,true,1,193568
7290110115364,false,שישייה קוקה קולה 1.5 ליטר פיקדון,החברה המרכזית לייצור משק,IL,קוקה קולה 6*1.5 ליטר,ליטרים,9.00,ליטר,false,,49.90,5.5444,true,1,193433
7290110115388,false,ספרייט ליים שישיות 1.5 ליטר פיקדון,החברה המרכזית לייצור משק,IL,ספרייט 6*1.5 ליטר L,ליטרים,9.00,ליטר,false,,49.90,5.5444,true,1,193505
7290110115395,false,ZERO ספרייט שישיות 1.5 ליטר פיקדון,החברה המרכזית לייצור משק,IL,ספרייט זירו 6* 1.5 ל,ליטרים,9.00,ליטר,false,,49.90,5.5444,true,1,193522
7290110115401,false,קינלי סודה שישיה 1.5 ליטר פיקדון,החברה המרכזית לייצור משק,IL,קינלי סודה 6*1.5 ליט,ליטרים,9.00,ליטר,false,,14.90,1.6556,true,1,203731
7290110115418,false,מארז שישייה קוקה קולה זירו 1.5 ל',החברה המרכזית לייצור משק,IL,קוקה קולה זירו שישיי,ליטרים,9.00,ליטר,false,,49.90,5.5444,true,1,193435
7290110115449,false,אייס תה בטעם מנגו אננס 1.5ל' FUZE TEA,מבשלות בירה בינלאומיות ב,IL,פיוז טי מנגו אננס 1.,ליטרים,1.50,ליטר,false,,9.50,6.3333,true,1,193585
7290110115456,false,"תה קר בטעם אפרסק 19 קלוריות ב- 100 מ""ל",מבשלות בירה בינלאומיות ב,IL,פיוז טי אפרסק 19 קל,ליטרים,1.50,ליטר,false,,8.90,5.9333,true,1,193600
7290110115463,false,פיוז טי אפרסק 1.5 ליטר פיקדון,מבשלות בירה בינלאומיות ב,IL,פיוז טי אפרסק 1.5 לי,ליטרים,1.50,ליטר,false,,9.50,6.3333,true,1,193601
7290110115494,false,תה קר בטעם ענבים פיוז טי 1.5 ליטר,מבשלות בירה בינלאומית בע,IL,פיוז טי ענבים 1.5 לי,ליטרים,1.50,ליטר,false,,9.50,6.3333,true,1,193631
7290110115593,false,פריגת אשכוליות 40% פחות סוכר 1.5 ליטר פיקדון,מבשלות בירה בינלאומיות ב,IL,משקה קל בטעם אשכוליו,ליטרים,1.50,ליטר,false,,9.90,6.6000,true,1,193380
7290110115616,false,אייס תה בטעם גרין אננס 1.5ל' FUZE TEA,מבשלות בירה בינלאומיות ב,IL,פיוז טי ZERO גרין אנ,ליטרים,1.50,ליטר,false,,8.90,5.9333,true,1,219289
7290110115623,false,משקה פיוז טי זירו ZERO בטעם אפרסק,מבשלות בירה בינלאומיות ב,IL,פיוז טי ZERO בטעם אפ,ליטרים,1.50,ליטר,false,,8.90,5.9333,true,1,218122
7290110115869,false,קוקה קולה זירו 1.5 ליטר פיקדון,תות תעשיות מזון (201,IL,קוקה קולה זירו בקבוק,ליטרים,1.50,ליטר,false,,8.90,5.9333,true,1,315036
7290110116064,false,פאנטה ZERO פירות ירוק 1.5 ליטר פיקדון,החברה המרכזית לייצור משק,IL,פאנטה זירו 1.5 ליטר,ליטרים,1.50,ליטר,false,,9.90,6.6000,true,1,256319
7290110116125,false,"סירופ בטעם פטל פריגת 750 מ""ל",סירופ - גבעת חיים,IL,סירופ פריגת טעם פטל,מיליליטרים,750.00,"100 מ""ל",false,,21.90,2.9200,true,1,270165
7290110116132,false,"סירופ בטעם לימון פריגת 750 מ""ל",סירופ - גבעת חיים,IL,סירופ פריגת טעם לימו,מיליליטרים,750.00,"100 מ""ל",false,,21.90,2.9200,true,1,270166
7290110116149,false,"סירופ בטעם ענבים פריגת 750 מ""ל",סירופ - גבעת חיים,IL,סירופ פריגת טעם ענבי,מיליליטרים,750.00,"100 מ""ל",false,,21.90,2.9200,true,1,270167
7290110116156,false,נביעות+רכיבי פרי מנגו-פסיפלורה 1.5 ליטר-,"נביעות טבע הגליל בע""\מ",IL,נביעות+ פרי בטעם מנג,ליטרים,1.50,ליטר,false,,9.50,6.3333,true,1,285863
7290110116200,false,מים 0 קלוריות בטעם לימון-ליים 0.5 ל נביעות,"נביעות טבע הגליל בע""",TW,נביעות+ פרי בטעם מנג,מיליליטרים,500.00,"100 מ""ל",false,,7.20,1.4400,true,1,285924
7290110116217,false,נביעות+ סדרת 0 קלוריות אשכוליות 1.5 ליטר,"נביעות טבע הגליל בע""\מ",IL,נביעות+ אשכולית 0 קל,ליטרים,1.50,ליטר,false,,9.50,6.3333,true,1,285909
7290110116392,false,"סירופ בטעם תפוזים פריגת 750 מ""ל",סירופ - גבעת חיים,IL,סירופ בטעם תפוזים 75,מיליליטרים,750.00,"100 מ""ל",false,,21.90,2.9200,true,1,285940
7290110116491,false,פריגת סחוט מיקס אפרסק משמש 1ליטר,פריגת מצוננים,IL,פריגת סחוט MIX אפרסק,ליטרים,1.00,ליטר,false,,14.90,14.9000,true,1,306386
7290110116507,false,פריגת סחוט מיקס אננס בננה אגס 1ליטר,פריגת מצוננים,IL,פריגת סחוט MIX אננס,ליטרים,1.00,ליטר,false,,14.90,14.9000,true,1,306387
7290110116514,false,פריגת סחוט מיקס תות בננה 400מל,פריגת,IL,פריגת סחוט MIX תות ב,מיליליטרים,400.00,"100 מ""ל",false,,8.90,2.2250,true,1,323268
7290110116521,false,"פריגת סחוט מיקס אפרסק משמש 400 מ""ל",פריגת,IL,פריגת סחוט MIX אפרסק,מיליליטרים,400.00,"100 מ""ל",false,,8.90,2.2250,true,1,323253
7290110320591,false,גבינה בולגרית במרקם מעודן 16% פיראוס,תנובה חלב,IL,בולגרית 16% במרקם מע,גרמים,250.00,100 גרם,false,,22.90,9.1600,true,1,26164
7290110320683,false,שמיניית משקה יוגורט 1.5% טעם תות יופלה 107 גרם,מיוצר עי קונדיטוריית,IL,משקה יופלה שמיניה בט,מיליליטרים,856.00,"100 מ""ל",false,,17.90,2.0911,true,1,26170
7290110320850,false,פתיתים גבינה חצי קשה מגורדת 28% שומן,תנובה מרכז שיתופי לש,IL,עמק פתיתים 200 גרם,גרמים,200.00,100 גרם,false,,16.90,8.4500,true,1,26180
7290110320867,false,פתיתים גבינה חצי קשה מגורדת 28% שומן,תנובה מרכז שיתופי לש,IL,עמק פתיתים למאפים 28,גרמים,500.00,100 גרם,false,,35.90,7.1800,true,1,26181
7290110320935,false,גבינת מוצרלה תנובה 150ג' פרוסות,תנובה מרכז שיתופי לש,IL,פרוסות מוצרלה 150 גר,גרמים,150.00,100 גרם,false,,18.90,12.6000,true,1,26186
7290110321031,false,מעדן חלב GO יוגורט מועשר בחלבון טבעי 200 ג' יופלה,"תנובה, מחלבת אלון תב",IL,יופלה גו 200 גרם תנו,גרמים,200.00,100 גרם,false,,5.90,2.9500,true,1,26194
7290110321277,false,קוטג' בקטנה 5% תנובה 100 גרם מהדרין,פארייפאבה אגרואינדוס,IL,קוטג' תנובה בקטנה 5,גרמים,100.00,100 גרם,false,,2.90,2.9000,true,1,26212
7290110321284,false,קוטג' בקטנה 9% תנובה 100 גרם מהדרין,פארייפאבה אגרואינדוס,IL,קוטג' תנובה בקטנה 9,גרמים,100.00,100 גרם,false,,2.90,2.9000,true,1,26213
7290110321604,false,קוביות בולגרית מעודנת 5%+גרעינים,תנובה חלב,IL,פיראוס קוביות בולגרי,גרמים,200.00,100 גרם,false,,22.90,11.4500,true,1,26229
7290110321680,false,יוגורט GO בטעם תות 20 גרם חלבון בגביע,מיוצר עי קונדיטוריית,IL,יופלה גו בטעם תות 20,גרמים,200.00,100 גרם,false,,6.20,3.1000,true,1,26235
7290110321703,false,יוגורט עם פירות יער בתוספת חלבוני חלב 2% שומן,מיוצר עי קונדיטוריית,IL,יופלה גו בטעם פרות י,מיליליטרים,200.00,"100 מ""ל",false,,6.20,3.1000,true,1,26237
7290110321789,false,גבינת מסקרפונה 38% השף הלבן 250 גרם,תנובה חלב,IL,גבינת מסקרפונה 38% ש,גרמים,250.00,100 גרם,false,,21.90,8.7600,true,1,26243
7290110322014,false,טופו טבעי ALTERNATIVE 300 גרם,שוורצקוף& הנקל דיסלד,IL,טופו טבעי 300 גרם,גרמים,300.00,100 גרם,false,,13.90,4.6333,true,1,26256
7290110322038,false,טופו פיקנטי ALTERNATIVE 300 גרם,שוורצקוף& הנקל דיסלד,IL,טופו פיקנטי 300 גרם,גרמים,300.00,100 גרם,false,,13.90,4.6333,true,1,26258
7290110322946,false,יופלה טיוב יוגורט במרקם חלק בטעם תות בננה כשרות רבנות 348 ג',תנובה חלב,IL,יופלה טיוב יוגורט במ,מיליליטרים,348.00,"100 מ""ל",false,,12.90,3.7069,true,1,26280
7290110323097,false,מעדן גבינה עם תות 5% שומן 80 ג' תנובה,תנובה בעמ,IL,תאומים 80 גרם גביע ב,גרמים,80.00,100 גרם,false,,1.90,2.3750,true,1,26287
7290110323301,false,טל העמק בסגנון אמנטל 32% שומן 200 גרם,עמק - תנובה,IL,גבינת עמק טל 32% שומ,גרמים,200.00,100 גרם,false,,19.90,9.9500,true,1,26303
7290110323585,false,יופלה יוגורט עם דובדבן מופחת קלוריות 200 ג' GO,יופלה Yoplait,IL,יופלה GO לייט עם דוב,גרמים,200.00,100 גרם,false,,6.20,3.1000,true,1,26321
7290110323592,false,יופלה יוגורט עם אפרסק מופחת קלוריות 200 ג' GO,יופלה Yoplait,IL,יופלה GO לייט עם אפר,גרמים,200.00,100 גרם,false,,6.20,3.1000,true,1,26322
7290110323714,false,משקה קוקוס שקדים תנובה 1 ליטר,מיוצר עי קונדיטוריית,IL,תנובה משקה קוקוס שקד,יחידה,0.00,יחידה,false,,14.50,0.0000,true,1,26333
7290110324070,false,גבינת חלומי מחלב בקר תנובה 200 גרם,"תנובה בע""\מ",IL,גבינת חלומי מחלב בקר,גרמים,200.00,100 גרם,false,,19.90,9.9500,true,1,26357
7290110324353,false,יוגורט GO לייט בטעם אננס 20 גרם חלבון בגביע,מיוצר עי קונדיטוריית,IL,יופלה גו לייט בטעם א,גרמים,200.00,100 גרם,false,,6.20,3.1000,true,1,26374
7290110324551,false,יופלה טיוב יוגורט במרקם חלק תות כשרות מהדרין,"תנובה בע""\מ",IL,יופלה טיוב יוגורט במ,מיליליטרים,348.00,"100 מ""ל",false,,12.90,3.7069,true,1,26392
7290110324711,false,ממרח סויה 9% שומן בטעם טבעי תנובה 250 גרם,מיוצר עי קונדיטוריית,IL,ממרח סויה 9% בטעם טב,גרמים,250.00,100 גרם,false,,9.90,3.9600,true,1,26401
7290110324728,false,ממרח סויה 9% שומן עם שום שמיר תנובה 250 גרם,מיוצר עי קונדיטוריית,IL,ממרח סויה 9% עם שום,גרמים,250.00,100 גרם,false,,9.90,3.9600,true,1,26402
7290110324841,false,מעדן שקדים עם שוקולד מריר תנובה 125 גרם,מיוצר עי קונדיטוריית,IL,מעדן שקדים עם שוקולד,גרמים,125.00,100 גרם,false,,4.90,3.9200,true,1,26411
7290110324858,false,מעדן שקדים בטעם אגוזי לוז תנובה 125 גרם,מיוצר עי קונדיטוריית,IL,מעדן שקדים בטעם אגוז,גרמים,125.00,100 גרם,false,,4.90,3.9200,true,1,26412
7290110324872,false,פרוסות גבינה צהובה גלבוע 5%,גלבוע - תנובה,IL,גלבוע גבינה פרוסה 5%,גרמים,200.00,100 גרם,false,,19.90,9.9500,true,1,26413
7290110324926,false,משקה סויה ללא תוספת סוכר 1 ליטר,תנובה מרכז שיתופי לש,IL,משקה סויה ללא תוספת,יחידה,0.00,יחידה,false,,11.90,0.0000,true,1,26416
7290110325121,false,"משקה יוגורט יופלה גו לייט מנגו אננס 250 מ""ל","תנובה בע""\מ",IL,יופלה משקה יוגורט גו,מיליליטרים,250.00,"100 מ""ל",false,,6.90,2.7600,true,1,26429
7290110325305,false,יופלה GO סויה 20 גרם חלבון במתיקות מעודנת תנובה 200 גרם,מיוצר עי קונדיטוריית,IL,יופלה סויה גו 20 גרם,גרמים,200.00,100 גרם,false,,6.20,3.1000,true,1,26432
7290110325312,false,יופלה GO סויה 20 גרם חלבון בטעם תות תנובה 200 גרם,"תנובה בע""\מ",IL,יופלה סויה גו 20 גרם,גרמים,200.00,100 גרם,false,,6.20,3.1000,true,1,26433
7290110325619,false,אלטרנטיב משקה שיבולת שועל 1 ליטר,מיוצר עי קונדיטוריית,IL,תנובה משקה שיבולת שו,יחידה,0.00,יחידה,false,,14.50,0.0000,true,1,26442
7290110325701,false,פיראוס צזיקי יווני 9% שומן בשיטת יצור מסורתית על בסיס יוגורט,גוד פוד פרודקטס S.p,IL,פיראוס צזיקי יווני 9,גרמים,250.00,100 גרם,false,,14.90,5.9600,true,1,26448
7290110325893,false,משקה חלב GO מועשר בחלבון בטעם אייס קפה,מיוצר עי קונדיטוריית,IL,משקה תנובה GO אייס ק,גרמים,340.00,100 גרם,false,,7.90,2.3235,true,1,26461
7290110326173,false,שוקולד לבן yolo coocies קרם עוגיות בתוספת עוגיות ונטיפי שוקולד,תנובה חלב,IL,יולו קוקיז ש.לבן בטע,גרמים,120.00,100 גרם,false,,4.90,4.0833,true,1,68708
7290110326210,false,יופלה און טופ פצפוצים תנובה 157 גרם,מיוצר עי קונדיטוריית,IL,יופלה און טופ פצפוצי,גרמים,157.00,100 גרם,false,,5.90,3.7580,true,1,60975
7290110326227,false,יופלה און טופ קורנפלקס תנובה 157 גרם,מיוצר עי קונדיטוריית,IL,יופלה און טופ קורנפל,גרמים,157.00,100 גרם,false,,5.90,3.7580,true,1,60998
7290110326234,false,יופלה און טופ כוכבים תנובה 157 גרם,מיוצר עי קונדיטוריית,IL,יופלה און טופ כוכבים,גרמים,157.00,100 גרם,false,,5.90,3.7580,true,1,60999
7290110326333,false,פרוסות גבינה סקנדינבית תנובה 170 גרם,פ.פ.ח. שאביט,IL,פרוסות גבינה סקנדינב,גרמים,170.00,100 גרם,false,,18.90,11.1176,true,1,143902
7290110326982,false,משקה חלב עם שוקולד קלאסי YOLO 1 ליטר,תנובה מרכז שיתופי לש,IL,משקה חלב עם שוקולד ק,ליטרים,1.00,ליטר,false,,13.50,13.5000,true,1,87106
7290110327033,false,משקה סויה תנובה גו מועשר בחלבון במתיקות מופחתת,מיוצר עי קונדיטוריית,IL,משקה סויה תנובה GO מ,יחידה,0.00,יחידה,false,,14.50,0.0000,true,1,89777
7290110327514,false,alternative משקה שיבולת שועל בטעם אגוזי לוז תנובה 1 ליטר,תנובה מרכז שיתופי לש,IL,משקה שיבולת שועל בטע,יחידה,0.00,יחידה,false,,14.50,0.0000,true,1,159332
7290110327798,false,חטיף חלבון GO בטעם שוקולד 20 גרם חלבון,"בלמונט קונפקציות בע""\מ.",US,GO חטיף חלבון בטעם ש,גרמים,60.00,100 גרם,false,,12.90,21.5000,true,1,148369
7290110327811,false,חטיף חלבון GO בטעם קוקוס 20 גרם חלבון,"בלמונט קונפקציות בע""\מ.",US,GO חטיף חלבון עם קוק,גרמים,60.00,100 גרם,false,,12.90,21.5000,true,1,148371
7290110328016,false,משקה סויה מועשר בחלבון בטעם אגוזי לוז 250 גרם,תנובה מרכז שיתופי לש,IL,משקה סויה מעושר בחלב,גרמים,250.00,100 גרם,false,,6.90,2.7600,true,1,119823
7290110328023,false,משקה סויה מועשר בחלבון בטעם קפה 250 גרם,תנובה מרכז שיתופי לש,IL,משקה סויה מעושר בחלב,גרמים,250.00,100 גרם,false,,6.90,2.7600,true,1,119824
7290110328627,false,יוגורט יופלה GO במרקם סמיך בטעם בננה קרמל 0%,מיוצר עי קונדיטוריית,IL,יוגורט גו סמיך 0% בנ,גרמים,200.00,100 גרם,false,,6.20,3.1000,true,1,151711
7290110328641,false,alternative טופו טבעי תנובה 2*250 גרם,תנובה חלב,IL,טופו טבעי 2 יחידות,גרמים,500.00,100 גרם,false,,18.90,3.7800,true,1,165098
7290110328764,false,יוגורט יופלה GO במרקם סמיך עם תות 0%,מיוצר עי קונדיטוריית,IL,יוגורט גו סמיך 0% תו,גרמים,200.00,100 גרם,false,,6.20,3.1000,true,1,151712
7290110328771,false,יוגורט יופלה GO במרקם סמיך עם פירות יער 0%,מיוצר עי קונדיטוריית,IL,יוגורט גו סמיך 0% פי,גרמים,200.00,100 גרם,false,,6.20,3.1000,true,1,151713
7290110328788,false,יוגורט יופלה GO במרקם סמיך בטעם אפרסק 0%,תנובה מרכז שיתופי לש,IL,יוגורט גו סמיך 0% אפ,גרמים,200.00,100 גרם,false,,6.20,3.1000,true,1,151714
7290110328887,false,"חלב תנובה בקבוק 3%, כשרות מהדרין, 1 ליטר",תנובה מרכז שיתופי לש,IL,חלב תנובה בבקבוק 3%,ליטרים,1.00,ליטר,false,,6.23,6.2300,true,1,224520
7290110329136,false,מעדן חלב מעושר בחלבון בטעם שוקולד 120 ג' GO,תנובה מרכז שיתופי לש,IL,מעדן חלב גו בטעם שוק,גרמים,120.00,100 גרם,false,,4.90,4.0833,true,1,197561
7290110329143,false,מעדן חלב מעושר בחלבון בטעם וניל גביע 120 ג' GO,תנובה מרכז שיתופי לש,IL,מעדן חלב גו בטעם וני,גרמים,120.00,100 גרם,false,,4.90,4.0833,true,1,197547
7290110329266,false,יוגורט תנובה מחלב עיזים מלא תנובה 140 ג',קריות זול,IL,יוגורט מחלב עיזים מל,גרמים,140.00,100 גרם,false,,6.90,4.9286,true,1,165138
7290110329273,false,יוגורט תנובה מחלב עיזים מלא 750 גרם,תנובה,IL,יוגורט מחלב עיזים מל,גרמים,750.00,100 גרם,false,,19.90,2.6533,true,1,165191
7290110329716,false,משקה חלב קר בטעם קפוצ'ינו 230 גרם תנובה,תנובה מרכז שיתופי לש,IL,קפה קר בטעם קפוצ'ינו,מיליליטרים,230.00,"100 מ""ל",false,,7.90,3.4348,true,1,250410
7290110329792,false,יוגורט סויה BIO Alternative אפרסק 150 ג' תנובה,מיוצר עי קונדיטוריית,IL,סויה BIO אפרסק גביע,גרמים,150.00,100 גרם,false,,4.70,3.1333,true,1,219113
7290110329808,false,יוגורט סויה BIO Alternative תות 150 ג' תנובה,מיוצר עי קונדיטוריית,IL,סויה BIO תות גביע 15,גרמים,150.00,100 גרם,false,,4.70,3.1333,true,1,219114
7290110329815,false,סויה BIO מתיקות מעודנת גביע 150 גרם Alternative,מיוצר עי קונדיטוריית,IL,סויה BIO מתיקות מעוד,גרמים,150.00,100 גרם,false,,4.70,3.1333,true,1,219115
7290110329822,false,יוגורט סויה BIO Alternative פירות יער 150 ג' תנובה,מיוצר עי קונדיטוריית,IL,סויה BIO פירות יער ג,גרמים,150.00,100 גרם,false,,4.70,3.1333,true,1,219116
7290110329839,false,alternative פרוסות בטעם צהובה עם זיתים 200 גרם,מיוצר עי קונדיטוריית,IL,פרוסות צהובה בטעם זי,גרמים,200.00,100 גרם,false,,22.90,11.4500,true,1,197870
7290110329846,false,יוגורט סויה BIO Alternative בטעם טבעי 150 ג' תנובה,מיוצר עי קונדיטוריית,IL,סויה BIO טבעי גביע 1,גרמים,150.00,100 גרם,false,,4.70,3.1333,true,1,219117
7290110550370,false,משולשות קינואה ופלפל שחור אנרג'י 65 גרם,שטראוס גרופ,IL,אנרגי פריכיות משולשו,גרמים,65.00,100 גרם,false,,10.90,16.7692,true,1,313526
7290110550394,false,PERFECT BITE שוקולד חלב במילוי קרם ושברי אגוזי לוז 234 גרם,"שטראוס גרופ בע""\מ",IL,מיני חטיפי שוקולד PE,גרמים,234.00,100 גרם,false,,19.90,8.5043,true,1,185549
7290110552220,false,יוגורט PRO בטעם תות 0% סוכר לבן 20 גרם חלבון בגביע,"שטראוס בריאות בע""\מ",IL,דנונה PRO 20 גרם חלב,גרמים,200.00,100 גרם,false,,6.20,3.1000,true,1,213125
7290110552237,false,יוגורט פרו בטעם אפרסק מנגו ללא סוכר 200 ג' דנונה,"שטראוס בריאות בע""\מ",IL,דנונה PRO 20 גרם חלב,גרמים,200.00,100 גרם,false,,6.20,3.1000,true,1,213111
7290110553029,false,"אנרג'י קריספס-פריכיות חומוס, עדשים ואפונה עם קייל וסלק","פרח תעשיו מזון בע""מ",IL,פריכיות חלבון קייל ח,גרמים,60.00,100 גרם,false,,10.90,18.1667,true,1,215799
7290110553036,false,קריספס-פריכיות עם אפונה ובטטה סגולה בטעם בצל מקורמל,"פרח תעשיו מזון בע""מ",IL,פרכית חלבון בטטה סגו,גרמים,60.00,100 גרם,false,,10.90,18.1667,true,1,215800
7290110553098,false,מאגדת חטיפים אנרג'י מיקס צימוקים אגוזים 100X4 גרם,אנרג'י Energy - שטראוס,GB,מיקס מאגדת צימוקים א,גרמים,100.00,100 גרם,false,,18.90,18.9000,true,1,277132
7290110553104,false,נסקפה קפוצ'ינו סטיק קלאסי 130 ג' עלית,מוקטה אס.פי.,PL,נמס קפוצינו -אבקה לה,גרמים,130.00,100 גרם,false,,17.90,13.7692,true,1,321967
7290110553135,false,נסקפה קפוצ'ינו סטיק וניל 130 ג' עלית,מוקטה אס.פי.,PL,נמס קפוצינו -אבקה לה,גרמים,130.00,100 גרם,false,,17.90,13.7692,true,1,321891
7290110553173,false,אנרגי פריכיות אורז בטעם קרמל 50 גרם,סאנורייס בלגיום,IL,פריכיות אורז בטעם קר,גרמים,40.00,100 גרם,false,,6.90,17.2500,true,1,313691
7290110553180,false,אנרגי פריכיות אורז בטעם תפוח קינמון 50 ג,סאנורייס בלגיום,IL,פריכיות עם תפוח וקינ,גרמים,40.00,100 גרם,false,,6.90,17.2500,true,1,313692
7290110553425,false,קפה נמס 200 גרם +20% תוספת עלית,שטראוס קפה בי.וי,IL,קפה נמס עלית פחית מו,גרמים,240.00,100 גרם,false,,22.90,9.5417,true,1,217254
7290110553623,false,צ'יטוס קראנצ'י בטעם צ'דר חלפיניו - חלבי,"שטראוס פריטו ליי בע""\מ )",IL,ציטוס גבינה 80 גרם,גרמים,80.00,100 גרם,false,,4.90,6.1250,true,1,254595
7290110554101,false,"סירופ מייפל בפאוץ' יד מרדכי 125 מ""ל",ציטדל,CA,סירופ מייפל טבעי 125,מיליליטרים,125.00,"100 מ""ל",false,,17.90,14.3200,true,1,306303
7290110554262,false,חלבית מלבין קפה חלבי 350 ג' עלית,מוקטה אס.פי.,PL,מלבין קפה חלבי 350 ג,גרמים,350.00,100 גרם,false,,21.90,6.2571,true,1,227221
7290110554422,false,פומודורו רוטב עגבניות ופלפלים לשקשוקה לפסטה יד מרדכי 350 גרם,אמיליאנה קונסרב סוסייטה,IT,רוטב עגבניות ופלפלים,גרמים,350.00,100 גרם,false,,12.90,3.6857,true,1,227629
7290110554545,false,קפסולת אספרסו לאפוגטו טעם קוקוס 50 ג' עלית,שטראוס קפה בי.וי.,IL,קפסולות קפה עלית לאפ,גרמים,50.00,100 גרם,false,,18.90,37.8000,true,1,259000
7290110554583,false,מארז חטיפי צ'יטוס פאפס בטעם גבינה - 10 יחידות,"שטראוס פריטו ליי בע""\מ )",IL,מארז צ'יטוס PUFFS בט,גרמים,200.00,100 גרם,false,,13.90,6.9500,true,1,206588
7290110555092,false,לאבנה עם שמן זית וצ'ילי שטראוס 250 גרם,"מחלבות בר בכפר בע""\מ",IL,לאבנה עם שמן זית וצ',גרמים,250.00,100 גרם,false,,12.90,5.1600,true,1,258925
7290110555306,false,רבע לשבע טבעוני סינמון באן עלית 125 גרם,"הגביע מוצרי וופלים בע""\מ",IL,רבע לשבע טבעוני סינמ,גרמים,120.00,100 גרם,false,,11.90,9.9167,true,1,253962
7290110555665,false,קקאו דל שומן עלית בקופסא 220 גרם,"ג'אלוסיס י. בע""\מ",GR,אבקת קקאו דל שומן 22,גרמים,220.00,100 גרם,false,,18.90,8.5909,true,1,322027
7290110556242,false,עלית - שוקולד מריר פרווה בדץ 100 גרם,"שטראוס גרופ בע""מ.",FR,שוקולד מריר מעולה 10,גרמים,100.00,100 גרם,false,,5.70,5.7000,true,1,302053
7290110557027,false,חומוס עשיר 50% טחינה גולמית 400 ג' אחלה,מיוצר עי קונדיטוריית,IL,חומוס הסדרה עשיר ב50,גרמים,400.00,100 גרם,false,,15.90,3.9750,true,1,196799
7290110557102,false,מעדן חלב עם שוקולד מועשר בחלבון 150 ג' שטראוס,מיוצר עי קונדיטוריית,IL,מעדן פרו חלב עם שוקו,גרמים,150.00,100 גרם,false,,5.90,3.9333,true,1,182219
7290110557133,false,מעדן הגולן וניל 125 ג' שטראוס,מיוצר עי קונדיטוריית,IL,מעדן הגולן מעדן חלב,גרמים,125.00,100 גרם,false,,3.50,2.8000,true,1,191927
7290110557478,false,סלט חומוס גלילי אחלה 600 גרם,"שטראוס גרופ בע""\מ",IL,חומוס גלילי אחלה 60,גרמים,600.00,100 גרם,false,,13.90,2.3167,true,1,240970
7290110557645,false,מאגדת חטיפים אנרג'י מיקס צימוקים חמוציות 100X4 גרם,קונסרב איטליה,GB,מיקס מאגדת צימוקים ח,גרמים,100.00,100 גרם,false,,18.90,18.9000,true,1,277133
7290110558130,false,יוגורט אקטיביה עם שיבולת שועל ודבש 150 גרם,"שטראוס בריאות בע""\מ",IL,אקטיביה עם דבש ושיבו,גרמים,150.00,100 גרם,false,,4.90,3.2667,true,1,259189
7290110558154,false,דנונה לייט אנד פרי עוגת תפוחים 150ג דנונה,"שטראוס בריאות בע""\מ",IL,דנונה לייט אנד פרי ת,גרמים,150.00,100 גרם,false,,4.90,3.2667,true,1,276953
7290110558215,false,"דנונה קראנצ`פיסטוק עם פיצפוץ לבן קראנצי פיסטוק, 173 גרם","שטראוס בריאות בע""\מ",IL,דנונה קראנצ' בטעם פי,גרמים,173.00,100 גרם,false,,4.90,2.8324,true,1,304273
7290110558222,false,"וואו יוגורט עם שכבה בטעם בנופי פאי 5.4%, 150ג דנונה","שטראוס בריאות בע""\מ",IL,WOW יוגורט בטעם בנופ,גרמים,150.00,100 גרם,false,,4.90,3.2667,true,1,276923
7290110558253,false,דנונה שייק נונה ריפרש בננה אננס וצ'יה,"שטראוס בריאות בע""\מ",IL,יוגורט עם אננס בננה,גרמים,250.00,100 גרם,false,,5.90,2.3600,true,1,259203
7290110558284,false,דנונה ביו מולטי שטראוס 200 גרם,"שטראוס בריאות בע""\מ",IL,דנונה מולטי 3% שומן,מיליליטרים,200.00,"100 מ""ל",false,,4.50,2.2500,true,1,269440
7290110558307,false,יוגורט דנונה PRO עם שיבולת שועל במתיקות מעודנת,"שטראוס בריאות בע""\מ",IL,דנונה פרו עם שיבולת,מיליליטרים,200.00,"100 מ""ל",false,,6.90,3.4500,true,1,259740
7290110558314,false,דנונה פרו 20 גרם חלבון ללא סוכר פיסטוק 200 גרם,"שטראוס בריאות בע""\מ",IL,דנונה פרו ללא סוכר 2,גרמים,200.00,100 גרם,false,,6.20,3.1000,true,1,276954
7290110558338,false,דנונה פרו 25 ג' חלבון 200 ג' שטראוס,"שטראוס בריאות בע""\מ",IL,דנונה פרו 25 גרם חלב,מיליליטרים,200.00,"100 מ""ל",false,,6.90,3.4500,true,1,259726
7290110558666,false,מעדן גבינה בטעם תפוח 88 ג' דניאלה,"שטראוס בריאות בע""\מ",IL,דניאלה בטעם תפוח 88,גרמים,88.00,100 גרם,false,,4.30,4.8864,true,1,304243
7290110558918,false,עלי חסה קראנצ' שטופים,שטראוס בריאות ירקות טריי,IL,עלי חסה קראנצ שטופים,גרמים,150.00,100 גרם,false,,10.90,7.2667,true,1,303849
7290110559755,false,ריל מאגדת בוטנים פיסטוק וחמוציות שטראוס 105 גרם,"ואמואליס פודס אס.איי,",GR,מאגדת חטיף Real אנר,גרמים,105.00,100 גרם,false,,15.90,15.1429,true,1,277233
7290110560317,false,"הפריכיות הטעימות חומוס, עדשים שחורות, קינואה ומלח ים","פרח תעשיו מזון בע""מ",IL,פריכיות משולשות מלח,גרמים,30.00,100 גרם,false,,5.90,19.6667,true,1,22980
7290110560324,false,"הפריכיות הטעימות תפו""א, אורז, אפונה ומלח ים","פרח תעשיו מזון בע""מ",IL,פריכיות משולשות אפונ,גרמים,30.00,100 גרם,false,,5.90,19.6667,true,1,22981
7290110561352,false,דנונה יוגורט ביו פרוביוטי 3% דל לקטוז 150ג',"שטראוס בריאות בע""\מ",IL,דנונה ביו דל לקטוז ב,גרמים,200.00,100 גרם,false,,3.90,1.9500,true,1,23917
7290110561604,false,מארז 8 יחידות מעדן גמדים בטעם תות בננה,"שטראוס בריאות בע""\מ",IL,שמיניית גמדים תות בנ,גרמים,800.00,100 גרם,false,,18.90,2.3625,true,1,23926
7290110563448,false,"משקה קפה קר בסגנון מעודן 230 מ""ל 1.6% יוטבתה",האי נאם סי או אל.טי.,AT,יטבתה משקה קפה קר בס,מיליליטרים,230.00,"100 מ""ל",false,,7.90,3.4348,true,1,23931
7290110563462,false,חלב 2% דל לקטוז בבקבוק יטבתה 1 ליטר.,מחלבת יטבתה,IL,יטבתה חלב בבקבוק נטו,ליטרים,1.00,ליטר,false,,8.90,8.9000,true,1,23933
7290110564339,false,חומוס אחלה הסידרה המובחר 30% טחינה 400 גר',מיוצר עי קונדיטוריית,IL,חומוס הסדרה המובחרת,גרמים,400.00,100 גרם,false,,15.90,3.9750,true,1,23940
7290110564360,false,חומוס אחלה הסידרה המובחר 40% טחינה 400 גר',מיוצר עי קונדיטוריית,IL,חומוס אחלה עשיר ב 40,גרמים,400.00,100 גרם,false,,15.90,3.9750,true,1,23941
7290110564742,false,"משקה קפה קר בסגנון חזק 230 מ""ל 1.2% יוטבתה",האי נאם סי או אל.טי.,AT,יטבתה משקה קפה קר בס,מיליליטרים,230.00,"100 מ""ל",false,,7.90,3.4348,true,1,23951
7290110565527,false,יוגורט PRO פרו 1.5% 20 גרם חלבון בגביע,"שטראוס בריאות בע""מ",IL,דנונה PRO 20 גרם חלב,גרמים,200.00,100 גרם,false,,6.20,3.1000,true,1,23958
7290110566623,false,קפסולות קולומביה עלית 08 למכונת נספרסו מארז 5X10ג',שטראוס קפה בי.וי.,IL,עלית קפסולות קולומבי,גרמים,50.00,100 גרם,false,,18.90,37.8000,true,1,23028
7290110566975,false,דנונה פרו יוגורט 0% תות עשיר בחלבון 200ג',"שטראוס בריאות בע""\מ",IL,דנונה PRO 20 גרם חלב,גרמים,200.00,100 גרם,false,,6.20,3.1000,true,1,23968
7290110568238,false,"קצפת צמחית 21% שומן 250 מ""ל יוטבתה",מחלבת יטבתה,IL,קצפת צימחית 21% במתי,מיליליטרים,250.00,"100 מ""ל",false,,8.90,3.5600,true,1,23980
7290110568566,false,דוריטוס גריל עלית מארז 10 יח' *25 ג',"שטראוס פריטו ליי בע""מ )פ",IL,מארז דוריטוס גריל 10,גרמים,250.00,100 גרם,false,,14.90,5.9600,true,1,24370
7290110568627,false,פסק זמן רול שוקולד חלב קרם אגוזים 26 ג' עלית,שולן צ'\יקולטה גידה סאן.,TR,פסק זמן רול ש.חלב עם,גרמים,28.00,100 גרם,false,,4.90,17.5000,true,1,61388
7290110568924,false,פסק זמן רול שוקולד חלב עם קרם חלב וקוקוס 28 גרם,STRAUSS-ISRAEL,TR,פסק זמן רול ש.חלב עם,גרמים,26.00,100 גרם,false,,4.90,18.8462,true,1,64618
7290110570125,false,"משקה קפה קר בטעם אייריש קרים230 מ""ל יוטבתה",אנסטל מילק kg,AT,קפה קר אייריש קרים 2,מיליליטרים,230.00,"100 מ""ל",false,,7.90,3.4348,true,1,304199
7290110570224,false,"משקה קפה קר בטעם עוגיות יטבתה 230 מ""ל",אנסטל מילק kg,AT,משקה קפה קר בטעם עוג,מיליליטרים,230.00,"100 מ""ל",false,,7.90,3.4348,true,1,269599
7290110571382,false,מעדן חלב בטעם וניל מעושר בחלבון 150 ג' שטראוס,"שטראוס בריאות בע""\מ",IL,מעדן חלב מועשר בחלבו,גרמים,150.00,100 גרם,false,,5.50,3.6667,true,1,246044
7290110571405,false,עלית - מיני פינוקיות בגביע פסק זמן 180 גרם,"הגביע מוצרי ופלים בע""\מ",IL,מיני פינוקיות פסק זמ,גרמים,180.00,100 גרם,false,,11.90,6.6111,true,1,321861
7290110571412,false,עלית - מיני פינוקיות בגביע פאדג' 180 גרם,"הגביע מוצרי ופלים בע""\מ",IL,מיני פינוקיות בגביע,גרמים,180.00,100 גרם,false,,11.90,6.6111,true,1,321846
7290110571474,false,רבע לשבע טבעוני פופקורן עלית 125 גרם,"הגביע מוצרי וופלים בע""\מ",IL,רבע לשבע טבעוני פופק,גרמים,125.00,100 גרם,false,,11.90,9.5200,true,1,288924
7290110571481,false,פחית קפה נמס קמפיין משפטים 200 גרם 2022,שטראוס קפה בי.וי,IL,קפה נמס עלית 200 גרם,גרמים,200.00,100 גרם,false,,22.90,11.4500,true,1,269999
7290110571535,false,מארז קפה טורקי הל עלית 300 גרם,שטראוס קפה בי.וי.,IL,קפה עלית טורקי הל מא,גרמים,300.00,100 גרם,false,,27.90,9.3000,true,1,250751
7290110572969,false,כיף כף פצפצים עקרם לבן 40ג' עלית,שולן צ'\יקולטה גידה סאן.,TR,כיף כף פצפצים קרם לב,גרמים,40.00,100 גרם,false,,5.50,13.7500,true,1,277076
7290110572976,false,כיף כף פצפצים בגביע במילוי קרם בטעם שוקולד לבן,שולן צ'יקולטה גידה ס,TR,כיף כף פצפצים קרם לב,גרמים,135.00,100 גרם,false,,12.90,9.5556,true,1,276982
7290110574413,false,פופקורן בטעם טעמי עלית 70 גרם,סראנו בעבור שטראוס,קפריסין,נשנושי פופקורן מתוק,גרמים,70.00,100 גרם,false,,7.90,11.2857,true,1,328104
7290110574420,false,פופקורן בטעם פסק זמן עלית 70 גרם,סראנו בעבור שטראוס,קפריסין,נשנושי פופקורן מתוק,גרמים,70.00,100 גרם,false,,7.90,11.2857,true,1,328105
7290110576318,false,מאגדת שלישיית שוקולד אגוז לבן 300 ג' עלית,סמואה,FR,מארז שלישיית אגוז ל,גרמים,300.00,100 גרם,false,,26.90,8.9667,true,1,305225
7290110576370,false,מארז שלישייה שוקולד מריר חלבי עם אגוזי לוז,שטראוס,FR,מארז שלישיית אגוז מ,גרמים,300.00,100 גרם,false,,26.90,8.9667,true,1,305226
7290110576752,false,טבלאות שוקולד ספלנדיד מריר 70% 100 ג' עלית,קימ'\ס גריפלנן,BE,שוקולד ספלנדיד מריר,גרמים,100.00,100 גרם,false,,12.90,12.9000,true,1,322071
7290110576776,false,טבלאות שוקולד ספלנדיד מריר 85% 100 ג' עלית,קימ'\ס גריפלנן,BE,שוקולד ספלנדיד מריר,גרמים,100.00,100 גרם,false,,12.90,12.9000,true,1,322072
7290110576790,false,גבינת סקי 3% בטעם מוקה 125 גרם,"שטראוס בריאות בע""\מ",IL,מעדן גבינה בטעם מוקה,גרמים,125.00,100 גרם,false,,3.90,3.1200,true,1,304228
7290110576851,false,"שמיניית משקה גמדים סלט פירות 108 מ""ל","שטראוס בריאות בע""\מ",IL,מארז גמדים לשתייה ס,מיליליטרים,864.00,"100 מ""ל",false,,19.90,2.3032,true,1,305820
7290110577230,false,משקה חלב בטעם פיסטוק בבקבוק יטבתה 1 ליטר,שטראוס גרופ,IL,משקה חלב פיסטוק יטבת,יחידה,0.00,יחידה,false,,12.90,0.0000,true,1,304168
7290111093470,false,"קוויק מסיר הפלא ספוגית להסרת כתמים, 3 יחידות",,CN,קוויק מבריק פלא להסר,יחידה,0.00,יחידה,false,,11.90,0.0000,true,1,271493
7290111094248,false,"קוויק שקית אשפה חזקה וגדולה במיוחד (90*78), 20 יח'",,TR,שקיות אשפה XL עם שרו,יחידה,0.00,יחידה,false,,21.90,0.0000,true,1,29606
7290111094651,false,שקיות אשפה L עם ידית קוויק 40 יח',,TR,קוויק שקיות אשפה L ח,יחידה,0.00,יחידה,false,,13.90,0.0000,true,1,190688
7290111096921,false,קוויק מגבונים לניקוי כללי בתוספת חומץ ומלח לימון 50 יח',די.פי.אל,IL,מטליות לחות לניקוי ב,יחידה,0.00,יחידה,false,,9.90,0.0000,true,1,192219
7290111097041,false,מגבוני בייביסיטר מבושמים 66*8,קיבוץ עמיר dpl,IL,בייביסיטר מגבונים לח,יחידה,0.00,יחידה,false,,22.90,0.0000,true,1,157218
7290111097546,false,קוויק מגבונים 99.9% לניקוי כללי למשטחים בניחוח מרכך כביסה 50 יחידות,די.פי.אל,IL,קוויק מטליות לחות לנ,יחידה,0.00,יחידה,false,,9.90,0.0000,true,1,230521
7290111097836,false,קוויק מגבונים 99.9% דוחה אבק למשטחים בניחוח מרכך כביסה 50 יחידות,די.פי.אל,IL,קוויק מגבונים לניקוי,יחידה,0.00,יחידה,false,,9.90,0.0000,true,1,230506
7290111098536,false,מגבונים לחים לתינוק,,,מגבונים לחים לתינוק,יחידה,0.00,יחידה,false,,14.90,0.0000,true,1,244147
7290111285288,false,צלחת במבוק 23 סמ ספיידרמן,שמחה זה אנחנו,CN,צלחת במבוק 9 אנץ,יחידה,0.00,יחידה,false,,10.90,0.0000,true,1,33422
7290111340178,false,מטליות לחות ניקול לניקוי כללי בניחוח מרכך כביסה 50 יח',חוגלה קימברלי,IL,מטליות לחות לניקוי כ,יחידה,0.00,יחידה,false,,13.90,0.0000,true,1,9115
7290111340185,false,מטליות לחות רצפה ניחוח מרכך כביסה ניקול 10 יחידות,חוגלה קימברלי,IL,ניקול לחות לניקוי רצ,יחידה,0.00,יחידה,false,,18.90,0.0000,true,1,9116
7290111340956,false,ניקול מטליות לחות לרצפה בניחוח פריחה לבנה,חוגלה קימברלי,IL,מטליות לחות לרצפה מר,יחידה,0.00,יחידה,false,,18.90,0.0000,true,1,9125
7290111341540,false,קוטקס אקטיב טמפונים ללא מוליך נורמל 32יח,קימברלי קלארק צ'כיה,CZ,טמפונים קוטקס אקטיב,יחידה,0.00,יחידה,false,,29.90,0.0000,true,1,9135
7290111341731,false,טיטולים מידה 4+ - 32 יחידות,,,טיטולים פרימיום אריז,יח',32.00,יח',false,,25.90,0.8094,true,1,9141
7290111341984,false,לילי - מגבוני נייר טואלט לח פיור רביעייה,קימברלי,IL,לילי טואלט לח PURE מ,יחידה,0.00,יחידה,false,,21.90,0.0000,true,1,9146
7290111342004,false,נייר טואלט לילי לח קידס 56 דפים,חוגלה קימברלי,IL,לילי נייר טואלט לח ק,יחידה,0.00,יחידה,false,,8.90,0.0000,true,1,9148
7290111342059,false,50 מטליות מיקרופייבר לשטחים אנטיבקטריאלי ניקול,ניקול,IL,מטליות לחות אנטיבקטר,יחידה,0.00,יחידה,false,,14.90,0.0000,true,1,9150
7290111342523,false,מפיות אירוח לשימוש יומיומי ניקול 100 יח,חוגלה קימברלי,IL,מפיות צבעוני ניקול 1,יחידה,0.00,יחידה,false,,10.00,0.0000,true,1,9153
7290111342738,false,לילי - מגבוני נייר טואלט לח קידס רביעייה,לילי נייר טואלט חוגלה,IL,לילי טואלט לח KIDS מ,יחידה,0.00,יחידה,false,,21.90,0.0000,true,1,9155
7290111343117,false,"קלינקס לושן סופט פק זוגות 140 דף ""חדש""",קימברלי קלארק,IL,טישו לושן סופט קליני,יחידה,0.00,יחידה,false,,14.90,0.0000,true,1,102514
7290111343797,false,מטליות לחות לניקוי חלונות 48 יח' ניקול,חוגלה קימברלי,IL,ניקול מטליות לחות לנ,יח',50.00,יח',false,,10.90,0.2180,true,1,87945
7290111343827,false,ניקול מטליות רב שימושיות לניקוי וקרצוף 6 יח',ניקול,IL,ניקול מטליות רב שימו,יח',9.00,יח',false,,10.90,1.2111,true,1,87946
7290111344138,false,"מטליות ניקול רב""ש אנטיבקטריאליות 6 יח",נ.אורים,IL,מטליות לחות אנטיבקטר,יח',0.00,יח',false,,14.90,0.0000,true,1,75225
7290111344206,false,-מגבונים לחים לעור רגיש ללא בישום האגיס 4*64 יחידות,חוגלה קימברלי,IL,מגבוני האגיס נטורל ק,יחידה,0.00,יחידה,false,,20.90,0.0000,true,1,190347
7290111344527,false,ניקול שקיות אשפה XXL לפחים ענקיים 20 יחי,קימברלי קלארק,IL,שקיות אשפה ניקול XXL,יחידה,0.00,יחידה,false,,26.90,0.0000,true,1,139641
7290111344558,false,ניקול 100 שקיות אשפה גדול +שרוך,חוגלה קימברלי,IL,שקיות אשפה נשלפות לא,יח',100.00,יח',false,,32.90,0.3290,true,1,207243
7290111344732,false,קלינקס - טיישו אלרג'י קומפורט ניילון זוגות 140 דף,קימברלי קלארק,IL,קלינקס אלרג'י קומפור,יחידה,0.00,יחידה,false,,13.90,0.0000,true,1,182649
7290111344930,false,מטליות לחות לרצפה בניחוח כביסה ארומתרפיה ניקול 10 יח',ניקול,IL,מטליות לחות לניקוי ר,יח',10.00,יח',false,,18.90,1.8900,true,1,207244
7290111345982,false,ניקול דפי ספוגית הקסם 10 יחידות,חוגלה קימברלי,IL,דפי ספוגית הקסם ניקו,יחידה,0.00,יחידה,false,,13.90,0.0000,true,1,254935
7290111346118,false,האגיס מגבונים בישום עדין רביעייה מהדורה,ווטנאפס,IL,מגבוני האגיס מהדורה,יח',288.00,יח',false,,20.90,0.0726,true,1,279146
7290111350030,false,רסק תפוחי עץ טבעי בצנצנת 670 גרם קלית גת,"ג'י אנד ג'י בע""מ",IL,רסק תפוחי עץ טבעי קל,גרמים,670.00,100 גרם,false,,10.90,1.6269,true,1,12807
7290111350726,false,חטיף נאצוס הוטפופ בסגנון מקסיקני 322 גר,ליימן מותגים,US,הוטפופ נאצ'וס בסגנון,גרמים,322.00,100 גרם,false,,18.90,5.8696,true,1,12817
7290111352140,false,חמוציות מיובשות ברכז תפוחים קליית גת 150 גרם,קליית גת,IL,חמוציות מיובשות ברכז,גרמים,150.00,100 גרם,false,,11.90,7.9333,true,1,12831
7290111352973,false,יוגוטה קוביות חמוצות ממולאות בטעם פירות,יוגטה yogueta,TR,יוגטה קוביות חמוציות,גרמים,220.00,100 גרם,false,,6.90,3.1364,true,1,87759
7290111353079,false,יוגטה סוכריות גומי דובונים קופסא 180 גר,אפגאם תעשיות ממתקים,TR,סוכריות גומי דובונים,גרמים,180.00,100 גרם,false,,10.90,6.0556,true,1,113402
7290111353123,false,סוכריות גומי מסוכרות בטעמי פירות בצורת נחש,טופגם תעשיות ממתקים,IL,יוגטה סוכריות גומי נ,גרמים,200.00,100 גרם,false,,10.90,5.4500,true,1,102305
7290111353239,false,סוכריות גומי מסוכרות בטעמי פירות,טופגם תעשיות ממתקים,TR,יוגטה סוכריות גומי י,גרמים,200.00,100 גרם,false,,10.90,5.4500,true,1,102306
7290111353550,false,חמאת בוטנים טבעית קליית גת 300 גרם,J&G קיסריה,IL,חמאת בוטנים טבעית קל,גרמים,300.00,100 גרם,false,,14.90,4.9667,true,1,276787
7290111353680,false,גרעיני חמניה קליית גת 350 גרם,קליית גת,,גרעיני חמנייה 350 גר,גרמים,350.00,100 גרם,false,,12.90,3.6857,true,1,144515
7290111354748,false,כדורגל קליית גת מתנה,קליית גת,CN,כדורגל קליית גת מתנה,יחידה,0.00,יחידה,false,,0.01,0.0000,true,1,313084
7290111534010,false,פס גבינה שמנת פירורים קפולסקי 400 גרם,תופינים מקבוצת קפולסקי,IL,פס גבינה שמנת ופירור,גרמים,450.00,100 גרם,false,,41.90,9.3111,true,1,39957
7290111563492,false,סלטי צבר מטבוחה חריפה מרובע 6*400גרם,סלטי צבר,IL,צבר מרובע מטבוחה חר,גרמים,400.00,100 גרם,false,,13.50,3.3750,true,1,19997
7290111564239,false,שלגוני קראנץ' Crunch בטעם וניל - 5 יח',גלידות נסטלה )נגה גלידות,IL,קראנץ' מאגדת מיני ונ,גרמים,275.00,100 גרם,false,,30.90,11.2364,true,1,16218
7290111564277,false,פריכיות דקות ונימוחות 3 דגנים פיטנס Fitness,פרח תעשיות בעמ,IL,פריכיות 3 דגנים דקות,גרמים,120.00,100 גרם,false,,11.90,9.9167,true,1,19218
7290111564291,false,פריכיות דקות ונימוחות 3 דגנים וקינואה פיטנס Fitness,פרח תעשיות בעמ,IL,פריכיות קינואה דקות,גרמים,120.00,100 גרם,false,,11.90,9.9167,true,1,19219
7290111565038,false,"לה קרמריה וניל קוקילידה בד""צ 1.4 ל'",גלידות נסטלה )נגה גלידות,IL,לה קרמריה בטעם וניל,ליטרים,1.40,ליטר,false,,25.90,18.5000,true,1,16222
7290111566103,false,טבעול פלאפל מרכיבים ביתיים בלבד 590 גרם,עיצובים 2020 (4.8),IL,פלאפל מרכיבים ביתיים,גרמים,590.00,100 גרם,false,,35.90,6.0847,true,1,20007
7290111566240,false,שניצל דק מן הצומח בטעם צ'ילי חריף 700 גרם,עיצובים 2020 (4.8),IL,שניצל דק צמחוני בטע,גרמים,564.00,100 גרם,false,,35.90,6.3652,true,1,20009
7290111566271,false,חטיפי תירס טבעול 657 גרם,עיצובים 2020 (4.8),IL,חטיפי תירס טבעול 65,גרמים,657.00,100 גרם,false,,35.90,5.4642,true,1,20010
7290111566318,false,שניצל דק מן הצומח בטעם ביתי 700 גרם,עיצובים 2020 (4.8),IL,שניצל דק צמחוני בט,גרמים,564.00,100 גרם,false,,35.90,6.3652,true,1,20012
7290111566332,false,"נקניקיות וינר מן הצומח 680 גרם ""טבעול""",עיצובים 2020 (4.8),IL,נקניקיה וינר 680 גר,גרמים,680.00,100 גרם,false,,35.90,5.2794,true,1,20013
7290111566417,false,טבעול טחון מן הצומח משופר 400 גרם,עיצובים 2020 (4.8),IL,טחון מן הצומח 500,גרמים,500.00,100 גרם,false,,35.90,7.1800,true,1,20014
7290111566547,false,טבעול חזה בגריל צמחוני 99 קלוריות 560ג',עיצובים 2020 (4.8),IL,חזה בגריל מו הצומח,גרמים,560.00,100 גרם,false,,35.90,6.4107,true,1,20016
7290111566561,false,"שניצל ברוקולי 99 קלוריות 560 גר' ""טבעול""",עיצובים 2020 (4.8),IL,טבעול שניצל ברוקולי,גרמים,630.00,100 גרם,false,,35.90,5.6984,true,1,20017
7290111566585,false,"שניצל צמחוני 99 קלוריות 650 גר' ""טבעול""",עיצובים 2020 (4.8),IL,שניצל מן הצומח מופח,גרמים,650.00,100 גרם,false,,35.90,5.5231,true,1,20018
7290111566714,false,טבעול המבורגר צמחוני 99 קלוריות 600 גרם,עיצובים 2020 (4.8),IL,המבורגר מן הצומח 6,גרמים,600.00,100 גרם,false,,35.90,5.9833,true,1,20021
7290111566752,false,טבעול שניצל תירס 99 קלוריות 693 גרם,עיצובים 2020 (4.8),IL,שניצל תירס לייט טבעו,גרמים,693.00,100 גרם,false,,35.90,5.1804,true,1,20023
7290111566776,false,"נקניקיות קוקטייל מן הצומח 680 גרם ""טבעול""",עיצובים 2020 (4.8),IL,נקנקיות קוקטייל מן,גרמים,680.00,100 גרם,false,,35.90,5.2794,true,1,20024
7290111568206,false,ביסלי פארטי מיקס אסם 150 גר',פרו מן יו פתרונות אר,IL,ביסלי פארטי מיקס ברב,גרמים,150.00,100 גרם,false,,7.90,5.2667,true,1,19265
7290111568251,false,אטריות נודלס להקפצה אסם אסייתי 350 גר',תאי פרזידנטפוד,TH,נודלס אטריות להקפצה,גרמים,350.00,100 גרם,false,,10.90,3.1143,true,1,19266
7290111568275,false,אטריות נודלס אורז רחבות אסם אסייתי 300גרם,תאי פרזידנט,TH,נודלס אטריות אורז רח,גרמים,300.00,100 גרם,false,,10.90,3.6333,true,1,19267
7290111568466,false,רוטב אסייתי למוקפץ הסדרה האסייתית,"אסם השקעות בע""\מ",IL,אסם רוטב אסיאתי למוק,מיליליטרים,290.00,"100 מ""ל",false,,12.90,4.4483,true,1,19274
7290111879074,false,בקבוק טריטן מרובע 60,,,בקבוק טריטן מרובע 60,יחידה,0.00,יחידה,false,,24.90,0.0000,true,1,33430
7290111930805,false,קראנצ'וס טעם ברביקיו 55 גר',חברת מנה בעמ,IL,קראנצו'ס ברביקיו 55,גרמים,55.00,100 גרם,false,,3.90,7.0909,true,1,21778
7290111930850,false,קראנצ'וס טעם פיצה 55גר',חברת מנה בעמ,IL,קראנצו'ס פיצה 55 גרם,גרמים,55.00,100 גרם,false,,3.90,7.0909,true,1,21783
7290111930898,false,חטיף פוף כוכבים גריל אמריקאי 40 גרם,פוף POOF,IL,פוף כוכבים גריל אמרי,גרמים,40.00,100 גרם,false,,4.90,12.2500,true,1,21787
7290111930911,false,חטיף פוף לבבות קלאסי 40 גרם,פוף POOF,IL,פוף לבבות קלאסי 40 ג,גרמים,40.00,100 גרם,false,,4.90,12.2500,true,1,21789
7290111930928,false,חטיף פוף לבבות גריל 40 גרם,פוף POOF,IL,"פוף לבבות גריל 40 ג""",גרמים,40.00,100 גרם,false,,4.90,12.2500,true,1,21790
7290111931321,false,"קולגייט משחת שיניים ילדים 6+ מיניונים 50 מ""ל",קולגייט- פלמוליב,PL,קולגייט משחת שיניים,מיליליטרים,50.00,"100 מ""ל",false,,12.90,25.8000,true,1,21796
7290111933462,false,"רוטב צ'ילי מתוק מאסטר שף 300 מ""ל","סיטי פוד בע""מ",TH,רוטב צ'ילי מתוק 300,מיליליטרים,300.00,"100 מ""ל",false,,10.90,3.6333,true,1,21816
7290111933554,false,שלישייה עגבניות קוביות מאסטר שף 400 גרם,קונסוריזיו קאסאלסקו,IT,עגבניות קוביות מאסטר,קילוגרמים,1.20,"ק""ג",false,,17.90,14.9167,true,1,21821
7290111934827,false,"סבון ידיים משאבה פלמוליב היגיינה 300 מ""ל",פלמוליב Palmolive,TR,פלמוליב סבון ידיים ה,מיליליטרים,300.00,"100 מ""ל",false,,10.90,3.6333,true,1,21824
7290111936487,false,"קולגייט זוג משחת שיניים טוטל קלין להלבנה 100 מ""ל",קולגייט פלמוליב,PL,קולגייט טוטל הלבנה ז,מיליליטרים,200.00,"100 מ""ל",false,,29.90,14.9500,true,1,21845
7290111936647,false,"קולגייט מקס פרש כשל""פ מארז 2*100 מ""ל",קולגייט פלמוליב,PL,קולגייט מקס זוג 2*12,מיליליטרים,250.00,"100 מ""ל",false,,30.90,12.3600,true,1,21846
7290111937248,false,פרי מארז חטיפים 5 יחידות תמרים קשיו ונגיעות לוז כשלפ,"טבעית מוצרים מהטבע בע""\מ",IL,פרי מארז חטיפים תמרי,גרמים,125.00,100 גרם,false,,16.90,13.5200,true,1,21851
7290111938481,false,"רוטב סויה בהירה מאסטר שף 300 מ""ל",מאסטר שף,TH,רוטב סויה בהירה מ.שף,מיליליטרים,300.00,"100 מ""ל",false,,11.90,3.9667,true,1,74351
7290111939143,false,קוקי נייר אפייה עגול קוטר 28,,IL,קוקי נייר אפייה עגול,יחידה,0.00,יחידה,false,,7.90,0.0000,true,1,96301
7290112000736,false,פיניש טבליות aio 80 יח אריזת חסכון,רקיט בנקיזר,PL,פיניש הכל ב-1 80 טבל,יחידה,0.00,יחידה,false,,61.90,0.0000,true,1,21037
7290112001870,false,"סיליט באנג ספריי ניקוי אמבטיה 750 מ""ל",רקיט בנקיזר,PL,סיליט באנג ספריי לאמ,מיליליטרים,750.00,"100 מ""ל",false,,17.90,2.3867,true,1,21059
7290112002099,false,קולון גל כביסה מרוכז 2.5 ליטר קלאסי,רקיט בנקיזר,IL,קולון ג'ל 2.5 ליטר ב,ליטרים,2.50,ליטר,false,,26.90,10.7600,true,1,21065
7290112002105,false,קולון גל כביסה מרוכז 2.5 ליטר ניחוח לילך,רקיט בנקיזר,IL,קולון ג'ל 2.5 ליטר כ,ליטרים,2.50,ליטר,false,,26.90,10.7600,true,1,21066
7290112002136,false,ג'ל כביסה מרוכז קולון 101 קלאסי,רקיט בנקיזר,IL,קולון ג'ל 4 ליטר רגי,ליטרים,4.00,ליטר,false,,37.90,9.4750,true,1,21069
7290112002143,false,ג'ל כביסה מרוכז קולון 101 בניחוח לילך,רקיט בנקיזר,IL,קולון ג'ל 4 ליטר ליל,ליטרים,4.00,ליטר,false,,37.90,9.4750,true,1,21070
7290112002167,false,קולון ג'ל כביסה בניחוח פריחה מרענן ירוק 4 ליטר,רקיט בנקיזר,IL,קולון ג'ל 4 ליטר בני,ליטרים,4.00,ליטר,false,,37.90,9.4750,true,1,21072
7290112004185,false,"פיניש נוזל הברקה אקולוגי למדיח 400 מ""ל",רקיט בנקיזר,PL,פיניש נוזל הברקה אקו,מיליליטרים,400.00,"100 מ""ל",false,,15.90,3.9750,true,1,185698
7290112004192,false,פיניש טבליות אקולוגי 70יח 1 ALL IN,רקיט בנקיזר,PL,פיניש טבליות למדיח א,יחידה,0.00,יחידה,false,,60.90,0.0000,true,1,185684
7290112004413,false,"ספריי וניש קליה להסרת כתמים לבגדים לבנים 750 מ""ל",רקיט בנקיזר,PL,מסיר כתמים ספריי כבי,מיליליטרים,750.00,"100 מ""ל",false,,16.90,2.2533,true,1,237551
7290112004710,false,"ג'ל וניש שקוף לכביסה לבנה ועדינה 750 מ""ל",רקיט בנקיזר,IT,וניש מסיר כתמים ג'לי,ליטרים,750.00,100 ליטר,false,,21.90,2.9200,true,1,323945
7290112005045,false,וניש מסיר כתמים אבקה לכביסה לבנה 480 גרם,רקיט בנקיזר,IT,וניש אבקה לכביסה לבנ,מיליליטרים,480.00,"100 מ""ל",false,,17.90,3.7292,true,1,277654
7290112005052,false,וניש תוסף כביסה רב תכליתי לבגדים לבנים,קליה וניש Kalia Vanish,IT,וניש אבקה לכביסה לבנ,ליטרים,1500.00,100 ליטר,false,,42.90,2.8600,true,1,277640
7290112005076,false,אבקה להסרת כתמים לכביסה צבעונית וניש קליה 480 גרם,רקיט בנקיזר,IT,וניש אבקה לכביסה צבע,גרמים,480.00,100 גרם,false,,17.90,3.7292,true,1,277655
7290112005083,false,וניש תוסף כביסה רב תכליתי לכביסה צבעונית,קליה וניש Kalia Vanish,IT,וניש אבקה לכביסה צבע,ליטרים,1.50,100 ליטר,false,,42.90,2860.0000,true,1,277626
7290112192875,false,"סנסודיין - משחת שיניים רגישות וחניכיים 75 מ""ל",סנסודיין Sensodyne,GB,משחת שיניים סנסודיין,מיליליטרים,75.00,"100 מ""ל",false,,37.90,50.5333,true,1,4065
7290112193582,false,תערובת להכנת עוגה שוקולד 500 גר G FREE,,IL,תערובת לעוגה ללא גלו,גרמים,500.00,100 גרם,false,,19.90,3.9800,true,1,286320
7290112195227,false,אטריות ביצים דקיקות 500 גר,פ.פ.איץ טאביט ספ. ז.או.א,PL,אטריות ביצים דקיקות,גרמים,500.00,100 גרם,false,,14.90,2.9800,true,1,171178
7290112195579,false,שמן זית כתית מעולה 7,אסאס דל סור,ES,שמן זית איטליה 750 מ,מיליליטרים,750.00,"100 מ""ל",false,,30.90,4.1200,true,1,201559
7290112196514,false,חטיפי קרקר כוסמין 180 גר,,,חטיף קרקר מקור הכוסמ,גרמים,180.00,100 גרם,false,,10.40,5.7778,true,1,214871
7290112196804,false,קמח כוסמין 80% מנופה 1קג,,,קמח כוסמין 80% מנופה,קילוגרמים,1.00,"ק""ג",false,,18.90,18.9000,true,1,286927
7290112330352,false,"יוגורט PRO בטעם וניל 0% , 20 גרם חלבון בגביע","שטראוס בריאות בע""\מ",IL,דנונה פרו 20 גר וניל,גרמים,200.00,100 גרם,false,,6.20,3.1000,true,1,23990
7290112330390,false,דנונה פרו פירות יער 20 גרם חלבון 0% שומן 200 גרם,"שטראוס בריאות בע""\מ",IL,דנונה פרו 20 גר פירו,גרמים,200.00,100 גרם,false,,6.20,3.1000,true,1,23992
7290112330420,false,דנונה פרו לבן 2.9% שומן 150 גרם,מיוצר עי קונדיטוריית,IL,דנונה פרו לבן 2.9% 1,גרמים,150.00,100 גרם,false,,4.90,3.2667,true,1,23994
7290112332585,false,פריכיות משולש תפוא אורז בתיבול סלק ומלח ים אנרג'י 30 גרם,"פרח תעשיו מזון בע""מ",IL,"פריכיות הטעימות תפו""",גרמים,30.00,100 גרם,false,,5.90,19.6667,true,1,23081
7290112332691,false,פינוקיות עוגיות קרם פסק זמן אגוזים 200 גרם,"הגביע מוצרי וופלים בע""\מ",IL,פינוקיות עוגיית קרם,גרמים,200.00,100 גרם,false,,13.90,6.9500,true,1,23083
7290112334596,false,שוקולית 935 גר עלית,שטראוס קפה בי.וי.,IL,אבקה להכנת שוקו 850,גרמים,935.00,100 גרם,false,,18.90,2.0214,true,1,326634
7290112335487,false,הפריכיות הטעימות קצח ודגנים אנרג'י 135 גרם,אנרג'י Energy - שטראוס,IL,פריכיות הטעימות קצח,גרמים,135.00,100 גרם,false,,13.90,10.2963,true,1,23097
7290112335500,false,"פרכיות אנרג'י חומוס,אורז,עדשים שחורות וקינואה 135 גרם","פרח תעשיות מזון בע""\מ",IL,פריכיות הטעימות עשיר,גרמים,135.00,100 גרם,false,,13.90,10.2963,true,1,23099
7290112336637,false,סוכריות מאסט Must ללא סוכר יוגורט תות ואוכניות,שטראוס גרופ,PL,"סוכריות מאסט לל""ס יו",גרמים,80.00,100 גרם,false,,8.90,11.1250,true,1,23110
7290112336644,false,סוכריות מאסט ללא סוכר לימון 80 ג' עלית,שטראוס גרופ,PL,"סוכריות מאסט לל""ס לי",גרמים,80.00,100 גרם,false,,8.90,11.1250,true,1,23111
7290112336651,false,סוכריות מאסט ללא סוכר ריבת חלב 80 ג' עלית,שטראוס גרופ,PL,סוכריות מאסט ללא סוכ,גרמים,80.00,100 גרם,false,,8.90,11.1250,true,1,23112
7290112336712,false,יוגורט PRO לבן 0% 21 גרם חלבון בגביע,"שטראוס בריאות בע""מ",IL,דנונה פרו 21 0% שומן,גרמים,200.00,100 גרם,false,,6.20,3.1000,true,1,24022
7290112337474,false,סוכריות מאסט ללא סוכר פטל לימון 80 ג' עלית,שטראוס גרופ,PL,"סוכריות מאסט לל""ס פט",גרמים,80.00,100 גרם,false,,8.90,11.1250,true,1,23115
7290112337481,false,סוכריות מאסט ללא סוכר קפצ''ינו 80 ג' עלית,שטראוס גרופ,PL,"סוכריות מאסט לל""ס קפ",גרמים,80.00,100 גרם,false,,8.90,11.1250,true,1,23116
7290112338877,false,מעדן גבינה בטעם תות 3% 125ג' סקי,"שטראוס בריאות בע""\מ",IL,גבינת סקי תות 3% 125,גרמים,125.00,100 גרם,false,,3.90,3.1200,true,1,24024
7290112339171,false,מילקי מוס עם שוקולד וקצפת,מיוצר עי קונדיטוריית,IL,מילקי מוס 81 גרם.,גרמים,81.00,100 גרם,false,,3.90,4.8148,true,1,24031
7290112339362,false,דנונה לייט אנד פריי בטעם קפוצ'ינו 150 גרם,"שטראוס בריאות בע""\מ",IL,דנונה לייט אנד פריי,גרמים,150.00,100 גרם,false,,4.90,3.2667,true,1,24038
7290112339867,false,גמדים לדרך גבינה לבנה עם מחית תות,"שטראוס בריאות בע""\מ",IL,גמדים סקוויז בודד תו,גרמים,100.00,100 גרם,false,,6.50,6.5000,true,1,24051
7290112339874,false,גמדים לדרך גבינה לבנה עם מחיות תות ובננה,"שטראוס בריאות בע""\מ",IL,גמדים סקוויז בודד תו,גרמים,100.00,100 גרם,false,,6.50,6.5000,true,1,24052
7290112340122,false,הפריכיות הטעימות 3 דגנים אנרג'י 135 גרם,"פרח תעשיות מזון בע""\מ",IL,פריכיות הטעימות 3 דג,גרמים,135.00,100 גרם,false,,13.90,10.2963,true,1,23125
7290112340245,false,צנצנת מסטיק מאסט בטעם דובדבן 66 ג' עלית,"שטראוס גרופ בע""\מ",IL,צנצנת מאסט בטעם דובד,גרמים,66.00,100 גרם,false,,10.90,16.5152,true,1,23126
7290112340252,false,צנצנת מסטיק מאסט בטעם אבטיח מלון 66 ג' עלית,"שטראוס גרופ בע""\מ",IL,צנצנת מאסט בטעם אבטי,גרמים,66.00,100 גרם,false,,10.90,16.5152,true,1,23127
7290112340276,false,פינוקיות עוגיות קרם קפה 200 גרם,"הגביע מוצרי וופלים בע""\מ",IL,פינוקיות עוגיית קרם,גרמים,200.00,100 גרם,false,,13.90,6.9500,true,1,23129
7290112341556,false,יוגורט אקטיביה עם צ'יה ותות 150 גרם,"שטראוס בריאות בע""\מ",IL,אקטיביה עם צ'יה ותות,גרמים,150.00,100 גרם,false,,4.90,3.2667,true,1,24064
7290112341679,false,דנונה אקטיביה 3% שומן 200 גרם,מיוצר עי קונדיטוריית,IL,דנונה אקטיביה 3% 200,גרמים,200.00,100 גרם,false,,4.50,2.2500,true,1,24065
7290112341686,false,שמינייה יוגורט לבן אקטיביה 3% דנונה 150 גרם.,מיוצר עי קונדיטוריית,IL,אקטיביה מארז 3% 8*15,קילוגרמים,1.20,"ק""ג",false,,21.90,18.2500,true,1,24066
7290112342102,false,סימפוניה גבינה במרקם שמנת בצל מקורמל 5%,"שטראוס בריאות בע""\מ",IL,סימפוניה 5% בצל מקור,גרמים,200.00,100 גרם,false,,12.50,6.2500,true,1,24074
7290112342508,false,דוריטוס צ'יזי טוויסט 70 גרם,"שטראוס פריטו ליי בע""\מ",IL,דוריטוס קול ראנץ' 70,גרמים,70.00,100 גרם,false,,3.90,5.5714,true,1,24389
7290112343260,false,יטבתה רוטב שמנת עם פטריות 9% 250 גר,שטראוס גרופ,IL,יטבתה רוטב שמנת קלאס,גרמים,260.00,100 גרם,false,,11.50,4.4231,true,1,24081
7290112343499,false,חטיף צ'יטוס פאפס אפוי בטעם גבינה,"שטראוס פריטו ליי בע""\מ )",IL,ציטוס Puffs בטעם גבי,גרמים,55.00,100 גרם,false,,3.50,6.3636,true,1,184172
7290112344724,false,מעדן בטעם שוקולד בלונדי 170 ג' מילקי,מיוצר עי קונדיטוריית,IL,מילקי בטעם שוקולד בל,מיליליטרים,170.00,"100 מ""ל",false,,3.90,2.2941,true,1,24091
7290112344755,false,מילקי עם 26% פחות סוכר 135 גרם,מיוצר עי קונדיטוריית,IL,מילקי עם 26% פחות סו,מיליליטרים,135.00,"100 מ""ל",false,,2.90,2.1481,true,1,109740
7290112344786,false,קפה פלטינום קלאסיק עלית 200 גרם,הנסיך- מפעל לייצור ט,IL,פלטינום קלאסיק עלית,גרמים,200.00,100 גרם,false,,30.90,15.4500,true,1,23158
7290112346537,false,עוגיות פינוקיות בטעם טורטית 200 ג' עלית,"הגביע מוצרי ופלים בע""\מ",IL,פינוקיות עוגיות בטעם,גרמים,200.00,100 גרם,false,,13.90,6.9500,true,1,23170
7290112346629,false,"יוגורט עם קורנפלקס מצופה שוקולד חלב ולבן 172 מ""ל דנונה","שטראוס בריאות בע""\מ",IL,דנונה קראנצ' עם קורנ,מיליליטרים,172.00,"100 מ""ל",false,,4.90,2.8488,true,1,75337
7290112347008,false,גמדים לדרך גבינה לבנה עם מחית תות ושיבולת שועל,מיוצר עי קונדיטוריית,IL,גמדים ארוחת בוקר תות,גרמים,100.00,100 גרם,false,,6.50,6.5000,true,1,24116
7290112347473,false,מארז דנונה לייט אנד פריי תות ואפרסק 150 גרם 8 יחידות,מיוצר עי קונדיטוריית,IL,דנונה לייט אנד פריי,קילוגרמים,1.20,"ק""ג",false,,29.70,24.7500,true,1,24119
7290112348142,false,שעועית לבנה 380 ט.הטבע קופסה 380 גרם,שטראוס טעם הטבע,IT,שעועית לבנה טעם הטבע,גרמים,380.00,100 גרם,false,,6.90,1.8158,true,1,67716
7290112348999,false,הפריכיות הטעימות תירס דקות אנרג'י 135 גרם,פרח תעשיות,IL,פריכיות טעימות תירס,גרמים,135.00,100 גרם,false,,13.90,10.2963,true,1,114654
7290112349316,false,מסטיק בזוקה פופים ממולא בטעם תות ללא סוכר,אסקום קונפקשיין,DE,בזוקה ביג פופים בטעם,גרמים,86.00,100 גרם,false,,14.90,17.3256,true,1,62841
7290112349606,false,מעדן גבינה ויוגורט תות בננה 88 ג' דניאלה,"שטראוס בריאות בע""\מ",IL,דניאלה תות בננה 150,מיליליטרים,150.00,"100 מ""ל",false,,4.30,2.8667,true,1,213139
7290112349705,false,פומודורו רוטב עגבניות קלאסי לפסטה יד מרדכי 350 גרם,אמיליאנה קונסרב סוסייטה,IT,רוטב עגבניות פומודרו,גרמים,350.00,100 גרם,false,,12.90,3.6857,true,1,23177
7290112349736,false,בזיליקום רוטב עגבניות לפסטה יד מרדכי 350 גרם,אמיליאנה קונסרב סוסייטה,IT,רוטב עגבניות בזיליקו,גרמים,350.00,100 גרם,false,,12.90,3.6857,true,1,23178
7290112349743,false,ארביאטה רוטב עגבניות פיקנטי לפסטה 350 ג' יד מרדכי,אמיליאנה קונסרב סוסייטה,IT,רוטב עגבניות ארביאטה,גרמים,350.00,100 גרם,false,,12.90,3.6857,true,1,23179
7290112349750,false,פיצה רוטב עגבניות לפיצה יד מרדכי 350 גרם,אמיליאנה קונסרב סוסייטה,IT,רוטב עגבניות לפיצה 3,גרמים,350.00,100 גרם,false,,12.90,3.6857,true,1,23180
7290112349897,false,מסטיק מאסט Must קוביות בטעם מנטה ללא סוכר,אסקום קונפקשיין,DE,מאסט קוביות מנטה 86,גרמים,86.00,100 גרם,false,,14.90,17.3256,true,1,62842
7290112350275,false,קפסולות LUNGO למכונת נספרסו עלית 10 יחידות,שטראוס קפה בי.וי,IL,קפסולות LUNGO למכונו,גרמים,50.00,100 גרם,false,,18.90,37.8000,true,1,23181
7290112350312,false,קפסולות 15 קפה יותר למכונות נספרסו עלית 10יח',הנסיך- מפעל לייצור ט,IL,עלית קפסולות 15 למכ,גרמים,50.00,100 גרם,false,,18.90,37.8000,true,1,96206
7290112351067,false,סילאן טבעי 100% תמר מג'הול ללא תוספת סוכר,יד מרדכי,IL,סילאן טבעי לחיץ יד מ,גרמים,630.00,100 גרם,false,,24.90,3.9524,true,1,65750
7290112351104,false,שוקולד פרה ממולא פיצפוצי אורז 100 ג' עלית,"שטראוס גרופ בע""\מ",IL,שוקולד פרה פיצפוצי א,גרמים,100.00,100 גרם,false,,6.90,6.9000,true,1,72513
7290112351128,false,שוקולד פרה סוכריות קופצות וועסטהייים,"שטראוס גרופ בע""\מ",IL,שוקולד פרה חלב סוכרי,גרמים,100.00,100 גרם,false,,6.90,6.9000,true,1,151691
7290112351258,false,עוגיית קקאו פינוקיות שחור לבן 200 גר,"הגביע מוצרי ופלים בע""\מ",IL,פינוקיות עוגיית שחור,גרמים,200.00,100 גרם,false,,13.90,6.9500,true,1,89534
7290112351470,false,סוכריות ללא סוכר בטעם תות רימון מאסט פרש,"הליקון גידה בע""\מ",TR,שלישיית סוכריות FRES,גרמים,45.00,100 גרם,false,,8.90,19.7778,true,1,95182
7290112351524,false,עלי סלנובה 200 גר' שטראוס טעם הטבע,שטראוס בריאות ירקות טריי,IL,עלי סלנובה טעם הטבע,גרמים,200.00,100 גרם,false,,11.90,5.9500,true,1,79901
7290112353887,false,"משקה קפה קר בטעם אגוזים יטבתה 230 מ""ל",האי נאם סי או אל.טי.,AT,קפה קר יטבתה בטעם אג,מיליליטרים,230.00,"100 מ""ל",false,,7.90,3.4348,true,1,86594
7290112354969,false,תפוצ'יפס בטעם טבעי 200 גרם היתר מכירה,שטראוס פריטו ליי בע”,IL,תפוצ'יפס וויבי 200 ג,גרמים,200.00,100 גרם,false,,10.90,5.4500,true,1,325401
7290112355027,false,דנונה פרו 20 גרם חלבון בטעם קרמל מלוח 200 גרם,"שטראוס בריאות בע""\מ",IL,דנונה פרו 20 גר' בטע,גרמים,200.00,100 גרם,false,,6.20,3.1000,true,1,109783
7290112355102,false,גמדים סקוויז 100 גרם פאוץ סלט פירות 100 גרם,"שטראוס בריאות בע""\מ",IL,סקוויז גמדים לדרך סל,גרמים,100.00,100 גרם,false,,5.90,5.9000,true,1,115816
7290112355393,false,יטבתה רוטב שמנת עם בטטה 9% 250 גרם,שטראוס גרופ,IL,רוטב שמנת עם בטטה 9%,גרמים,257.00,100 גרם,false,,11.50,4.4747,true,1,305805
7290112356536,false,אבקת קקאו 150 גר 10% תוספת עלית,הנסיך- מפעל לייצור ט,IL,עלית קקאו 150 גרם +,גרמים,150.00,100 גרם,false,,9.90,6.6000,true,1,86392
7290112357045,false,עגבניות איטלקיות מרוסקות ט.הטבע קופסה 390 גר',שטראוס טעם הטבע,IT,עגבניות איטלקיות מרו,גרמים,390.00,100 גרם,false,,6.90,1.7692,true,1,67717
7290112357069,false,מחית עגבניות איטלקיות 500 גרם ט.הטבע קופסה,שטראוס טעם הטבע,IT,מחית עגבניות איטלקיו,גרמים,500.00,100 גרם,false,,7.90,1.5800,true,1,67718
7290112357083,false,טעם הטבע אפונה ירוקה 380 גרם קופסה,הדקלאים אגודת שיתופי,IT,אפונה ירוקה טעם הטבע,גרמים,380.00,100 גרם,false,,6.90,1.8158,true,1,176416
7290112357106,false,שעועית אדומה מבושלת טעם הטבע 380 ג',שטראוס טעם הטבע,IT,שעועית אדומה טעם הטב,גרמים,380.00,100 גרם,false,,6.90,1.8158,true,1,67719
7290112357175,false,קפסולות BOOST למכונת נספרסו עלית 10 יחידות,שטראוס קפה בי.וי,IL,קפסולות BOOST למכונו,גרמים,50.00,100 גרם,false,,18.90,37.8000,true,1,23182
7290112358004,false,פסק זמן קראנצ' עלית 32 גרם,שולן צ'\יקולטה גידה סאן.,TR,פסק זמן קראנץ' 32 גר,גרמים,32.00,100 גרם,false,,5.90,18.4375,true,1,124610
7290112358127,false,יוגורט PRO בטעם וניל עוגיות פלוס מגנזיום,מיוצר עי קונדיטוריית,IL,דנונה פרו 20 גר עם מ,גרמים,200.00,100 גרם,false,,6.50,3.2500,true,1,104580
7290112358219,false,רוטב צ'ילי מתוק יד מרדכי 300 גרם,אף.סי תבליני בגליל ב,IL,יד מורדכי רוטב צ'ילי,מיליליטרים,300.00,"100 מ""ל",false,,15.90,5.3000,true,1,86326
7290112358233,false,רוטב צ'ילי חריף יד מרדכי 300 גרם,"בית אל מזון בע""מ",IL,יד מורדכי רוטב צ'ילי,מיליליטרים,300.00,"100 מ""ל",false,,15.90,5.3000,true,1,123508
7290112358431,false,עד חצות דאבל ביסקוויט עם שוקולד חלב -8 אריזות אישיות,ביסקוויטס טור ד'\אלבון,FR,דאבל ביסקוויט עם שוק,גרמים,200.00,100 גרם,false,,14.90,7.4500,true,1,137908
7290112490650,false,קונפיטורה תות שדה 340 גרם-צנצנת,קונפיטורות לה-ארדניי,BE,קונפיטורה 778 תות שד,גרמים,340.00,100 גרם,false,,16.90,4.9706,true,1,10755
7290112490735,false,מרק עשיר עגבניות פסטה ר.טבעי קנור 105ג',יוניליוור ישראל מזון בעמ,IL,מרק היום מרק עגבניות,גרמים,105.00,100 גרם,false,,12.50,11.9048,true,1,182432
7290112492500,false,פינוק שמפו לשיער עם שמן קוקוס 700 מל,"יוניליור ישראל, טיפו",IL,פינוק שמפו שמן קוקוס,מיליליטרים,700.00,"100 מ""ל",false,,11.90,1.7000,true,1,58889
7290112492548,false,"מרכך פינוק עם שמן חוחובה 700 מ""ל",יוניליוור פארם,IL,פינוק מרכך לשיער יבש,מיליליטרים,700.00,"100 מ""ל",false,,11.90,1.7000,true,1,58891
7290112492579,false,פינוק מרכך בתוספת שמן קוקוס 700 מל-חדש,יוניליוור ישראל טיפוח אי,IL,פינוק מרכך שמן קוקוס,מיליליטרים,700.00,"100 מ""ל",false,,11.90,1.7000,true,1,58892
7290112493095,false,נמס בכוס מרק עגבניות חריף רכיבים טבעיים קנור 48 ג',אתר חיפה אבקות - Foo,IL,נמס בכוס מרק עגבניות,גרמים,48.00,100 גרם,false,,7.90,16.4583,true,1,10823
7290112493965,false,קרמיסימו חלבית בטעם מסטיק וניל 665 גר,"גלידת שטראוס בע""\מ, רחוב",IL,קרמיסימו מסטיגם 1.33,יחידה,1.33,יחידה,false,,21.90,16.4662,true,1,4409
7290112494153,false,תיבולית בניחוח צלי קנור 72 גרם,יוניליוור ישראל מזון בע\,IL,תיבוליות ניחוח צלי ק,גרמים,72.00,100 גרם,false,,10.90,15.1389,true,1,182364
7290112494351,false,תלמה קורנפלקס של אלופים 850 ג',"יוניליוור שפע ישראל בע""\",IL,קורנפלקס של אלופים ת,גרמים,850.00,100 גרם,false,,18.90,2.2235,true,1,56677
7290112494610,false,קנור רוטב עגבניות פיקנטי לדג 415 גרם,קונסורזיו קאסאלאסקו,IT,רוטב פיקנטי לדג קנור,מיליליטרים,415.00,"100 מ""ל",false,,13.90,3.3494,true,1,72461
7290112495006,false,כריות נוגט 686 גרם - קופסא,"יוניליוור ישראל מזון בע""",IL,"כריות נוגט תלמה בד""ץ",גרמים,686.00,100 גרם,false,,27.90,4.0671,true,1,10862
7290112495037,false,דגני בוקר בטעם שוקולד כדורים 375 ג' קוקומן,יוניליוור שפע ישראל בעמ,IL,קוקומן כדורים תלמה ב,גרמים,375.00,100 גרם,false,,23.90,6.3733,true,1,10865
7290112495808,false,"רטבי הלמנס לסלט 300 מ""ל חרדל ודבש",יוניליוור ישראל מזון בעמ,IL,הלמנס רוטב לסלט חרדל,מיליליטרים,305.00,"100 מ""ל",false,,11.90,3.9016,true,1,55201
7290112496270,false,"פתית צ'יפס תפו""א בתוספת עגבניות ועשבי תיבול 22 גרם",JLM גלובל פודסn37\ דרך א,GB,פתית צ'יפס עם תפוח א,גרמים,21.00,100 גרם,false,,5.90,28.0952,true,1,157010
7290112497031,false,רוטב עגבניות לקציצות קנור 415 גרם,יוניליוור מזון,IT,רוטב עגבניות לקציצות,גרמים,415.00,100 גרם,false,,12.90,3.1084,true,1,310608
7290112497994,false,"גרנולה תלמה פרוטאין בתוספת חלבון ואגוזים, 300 גרם","רפאלס בריא וטעים בע""\מ,",IL,גרנולה PROTEIN בתוספ,גרמים,300.00,100 גרם,false,,16.90,5.6333,true,1,166253
7290112498007,false,גרנולה פרוטאין בתוספת חלבון שקדים וחמוציות תלמה 300 ג',"רפאלס בריא וטעים בע""\מ,",IL,גרנולה PROTEIN בתוספ,גרמים,300.00,100 גרם,false,,16.90,5.6333,true,1,191363
7290112498526,false,"פתית צ'יפס עם בטטה סגולה בטעם שמנת ובצל, 22 גרם",JLM גלובל פודסn37\ דרך א,GB,פתית צ'יפס עם בטטה ס,גרמים,21.00,100 גרם,false,,5.90,28.0952,true,1,157012
7290112499196,false,גלידה בטעם החלב של הקורנפלקס 1.33 ל' קרמיסימו,"גלידת שטראוס בע""\מ, רחוב",IL,קרמיסימו בטעם החלב ש,ליטרים,1.33,ליטר,false,,21.90,16.4662,true,1,284407
7290112961266,false,בייגלה כפיות פיזור איטלקי אסם 300 גרם,"אסם תעשיות בע""מ",IL,בייגלה כפיות בסגנון,גרמים,300.00,100 גרם,false,,11.90,3.9667,true,1,19296
7290112961372,false,פיטנס חטיפי פריכיות דקות קינמון 60 גרם,"פרח תעשיות מזון בע""\מ",IL,חטיפי פריכיות דקות ק,גרמים,60.00,100 גרם,false,,8.90,14.8333,true,1,19299
7290112961464,false,פיטנס חטיפי פריכיות דגנים וחומוס מתובלות,"פרח תעשיות מזון בע""\מ",IL,חטיפי פריכיות דקות מ,גרמים,60.00,100 גרם,false,,8.90,14.8333,true,1,19302
7290112962287,false,טבעול שווארמה טבעונית 6*450 גרם,"טבעול תעשיות מזון בע""\מ",IL,שווארמה טבעונית טבעו,גרמים,450.00,100 גרם,false,,35.90,7.9778,true,1,56032
7290112962737,false,שניצל מן הצומח עם חלבון טבעול 664 גרם,"טבעול תעשיות מזון בע""\מ\",IL,טבעול שניצל מן הצומח,גרמים,664.00,100 גרם,false,,35.90,5.4066,true,1,20050
7290112963918,false,פיטנס חטיפי קרקר דק רוזמרין 140 גרם,נסטלה Nestle,IL,פיטנס חטיפי קרקר דק,גרמים,140.00,100 גרם,false,,13.90,9.9286,true,1,19328
7290112964410,false,אסם רוטב אלף האיים חדש לסלט 290 גרם,"אסם תעשיות בע""מ",IL,אסם רוטב אלף האיים ל,מיליליטרים,290.00,"100 מ""ל",false,,13.90,4.7931,true,1,19341
7290112964434,false,אסם רוטב קיסר חדש לסלט 295 גרם,"אסם תעשיות בע""מ",IL,אסם רוטב קיסר לסלט 2,מיליליטרים,295.00,"100 מ""ל",false,,13.90,4.7119,true,1,19342
7290112964472,false,אסם רוטב שום חדש לסלט 290 גרם,"אסם תעשיות בע""מ",IL,אסם רוטב שום לסלט 29,מיליליטרים,295.00,"100 מ""ל",false,,13.90,4.7119,true,1,19344
7290112964564,false,"רוטב אלף האיים לייט לסלט אסם 295 מ""ל","אסם תעשיות בע""מ",IL,אסם רוטב אלף האיים ל,מיליליטרים,295.00,"100 מ""ל",false,,13.90,4.7119,true,1,19347
7290112964625,false,אסם רוטב שום לייט חדש לסלט 310 גרם,"אסם תעשיות בע""מ",IL,אסם רוטב שום לייט לס,מיליליטרים,295.00,"100 מ""ל",false,,13.90,4.7119,true,1,19350
7290112964724,false,המבורגר צמחוני עם המון חלבון 580 גר,מיוצר עי קונדיטוריית,IL,טבעול המבורגר טבעוני,גרמים,580.00,100 גרם,false,,35.90,6.1897,true,1,20052
7290112965103,false,תבשיל קוסקוס עם ירקות אסם 146 גרם,אסם,IL,קוסקוס עם ירקות אסם,גרמים,146.00,100 גרם,false,,13.90,9.5205,true,1,19354
7290112965141,false,תבשיל פתיתים אפויים עם ירקות 130 גרם,"אסם תעשיות בע""מ",IL,פתיתים אפויים עם ירק,גרמים,130.00,100 גרם,false,,13.90,10.6923,true,1,19356
7290112965240,false,מרק נמס בטעם עגבניות זוג * 44 ג' אסם,"אסם תעשיות בע""מ",IL,זוג מרק נמס עגבניות,גרמים,60.00,100 גרם,false,,6.90,11.5000,true,1,19361
7290112965264,false,אבקת מרק נמס אפונה אסם בדצ 52 גרם מארז זוגי,"אסם תעשיות בע""מ",IL,זוג מרק נמס אפונה בד,גרמים,30.00,100 גרם,false,,6.90,23.0000,true,1,19362
7290112965288,false,מרק נמס ירקות אסם בדצ 56 גרם מארז זוגי,"אסם תעשיות בע""מ",IL,זוג מרק נמס ירקות בד,גרמים,30.00,100 גרם,false,,6.90,23.0000,true,1,19363
7290112965301,false,זוג מרק נמס בטעם עוף עם שקדי מרק רגע חם,"אסם תעשיות בע""מ",IL,זוג מרק נמס טעם עוף,גרמים,38.00,100 גרם,false,,6.90,18.1579,true,1,19364
7290112965325,false,תבשיל אורז ספרדי אוסם 140 גרם,"אסם תעשיות בע""מ",IL,אורז ספרדי אסם 140 ג,גרמים,140.00,100 גרם,false,,13.90,9.9286,true,1,19365
7290112965585,false,פרפקטו פסטה קסרצה אסם 500 גרם,אסם פרפקטו Perfecto,IT,פסטה קסרצה פרפקטו 50,גרמים,500.00,100 גרם,false,,7.90,1.5800,true,1,19370
7290112965660,false,פיטנס - חטיף מולטיגריין מלח פלפל 25 גרם,מיוצר עי קונדיטוריית,IL,פיטנס חטיף מולטיגריי,גרמים,25.00,100 גרם,false,,5.80,23.2000,true,1,109602
7290112965684,false,פיטנס - חטיף מולטיגריין עשבי תיבול 25 גרם,מיוצר עי קונדיטוריית,IL,פיטנס חטיף מולטיגריי,גרמים,25.00,100 גרם,false,,5.80,23.2000,true,1,109603
7290112965707,false,פיטנס - חטיף מולטיגריין צילי מעודן 25 גרם,"אסם השקעות בע""\מ",IL,פיטנס חטיף מולטיגריי,גרמים,25.00,100 גרם,false,,5.80,23.2000,true,1,109604
7290112965783,false,אוסם - ביסלי פריסטייל על האש 60 גרם,"אסם השקעות בע""\מ",IL,ביסלי פריסטייל על הא,גרמים,60.00,100 גרם,false,,4.90,8.1667,true,1,153396
7290112965806,false,אוסם - ביסלי פריסטייל חמוץ חריף 60 גרם,"אסם תעשיות בע""מ",IL,ביסלי פריסטייל חמוץ,גרמים,60.00,100 גרם,false,,4.90,8.1667,true,1,153397
7290112965905,false,בייגלה שמיניות במליחות מעודנת אסם 400 גרם,מיוצר עי קונדיטוריית,IL,אסם בייגלה שמיניות ב,גרמים,400.00,100 גרם,false,,11.90,2.9750,true,1,19376
7290112966094,false,עוגת הבית תפוז מופחת סוכר אסם 400 גרם,מיוצר עי קונדיטוריית,IL,עוגת הבית תפוז מופחת,גרמים,400.00,100 גרם,false,,14.90,3.7250,true,1,19380
7290112966780,false,צבר טחינה בלאדי עם חציל קלוי 350 גרם,שוורצקוף& הנקל דיסלד,IL,צבר טחינה בלאדי עם ח,גרמים,350.00,100 גרם,false,,16.90,4.8286,true,1,20058
7290112967138,false,בייגלה שמיניות ללא גלוטן אסם 250 גרם,מיוצר עי קונדיטוריית,IL,אסם בייגלה שמיניות ל,גרמים,250.00,100 גרם,false,,15.90,6.3600,true,1,19394
7290112967220,false,מארז ביסלי ברביקיו 20X10 גרם,"אסם השקעות בע""\מ",IL,ביסלי ברביקיו מארז 1,גרמים,200.00,100 גרם,false,,12.90,6.4500,true,1,72595
7290112968203,false,צבר סלט טחינה בלאדי 6*250גרם,שוורצקוף& הנקל דיסלד,IL,סלט טחינה בלאדי צבר,גרמים,250.00,100 גרם,false,,10.90,4.3600,true,1,20064
7290112968340,false,צבר חומוס גרוס גס גס 400 גרם,שוורצקוף& הנקל דיסלד,IL,חומוס גרוס גס גס צבר,גרמים,400.00,100 גרם,false,,15.90,3.9750,true,1,20065
7290112968449,false,סלט טחינה כרוב אדום 250 גרם,שוורצקוף& הנקל דיסלד,IL,סלט כרוב אדום צבר 25,גרמים,250.00,100 גרם,false,,10.90,4.3600,true,1,20067
7290112968708,false,"שניצל תירס עדה חרדית טבעול 1.3 ק""ג","טבעול תעשיות מזון בע""\מ",IL,שניצל תירס עדה חרדי,קילוגרמים,1.30,"ק""ג",false,,45.90,35.3077,true,1,60746
7290112968807,false,פיטנס - קרקר דק סלק 140 גרם,מפעל אסם יקנעם,IL,פיטנס קרקר דק סלק 14,גרמים,140.00,100 גרם,false,,13.90,9.9286,true,1,116474
7290112968821,false,פיטנס - קרקר דק בטטה 140 גרם,מפעל אסם יקנעם,IL,פיטנס קרקר דק בטטה 1,גרמים,140.00,100 גרם,false,,13.90,9.9286,true,1,116475
7290113100275,false,מגרדת משושת,,,מגרדת משושת,יחידה,0.00,יחידה,false,,25.90,0.0000,true,1,49956
7290113100282,false,פורס פיצה,,,פורס פיצה,יחידה,0.00,יחידה,false,,9.90,0.0000,true,1,49957
7290113100992,false,קרש חיתוך דגם יהלום,,,קרש חיתוך דגם יהלום,יחידה,0.00,יחידה,false,,11.90,0.0000,true,1,50029
7290113101760,false,סט 3 סכיני בשר,,,סט 3 סכיני בשר,יחידה,0.00,יחידה,false,,16.90,0.0000,true,1,50106
7290113190375,false,סילאן טבעי שקדיה 900 גרם,ג.מ. טעם הארץ,TR,סילאן סירופ תמרים טב,גרמים,900.00,100 גרם,false,,19.90,2.2111,true,1,173670
7290113190757,false,חלבה מסולסלת וניל שקדיה 300 גר,חיאל עמר שומרון,IL,חלבה תלתלים בטעם וני,גרמים,300.00,100 גרם,false,,14.90,4.9667,true,1,278972
7290113190771,false,חלבה מסולסלת שוקו וניל שקדיה 300 גר,חיאל עמר שומרון,IL,חלבה מסולסלת בטעם שו,גרמים,300.00,100 גרם,false,,14.90,4.9667,true,1,4934
7290113192300,false,זיתים מושחרים חרוזית 275 גרם בית השיטה,בית השיטה,IL,זיתים חרוזית מושחר ב,גרמים,275.00,100 גרם,false,,12.90,4.6909,true,1,19419
7290113192317,false,טבעות זיתים מושחרים 280 גרם בית השיטה,בית השיטה,IL,טבעות זיתים מושחרים,גרמים,280.00,100 גרם,false,,12.90,4.6071,true,1,19420
7290113192324,false,זיתים ירוקים שלמים בינוניים בית השיטה,בית-השיטה עסיס תעשיות מז,IL,זית ירוק בית השיטה 3,גרמים,340.00,100 גרם,false,,10.90,3.2059,true,1,19421
7290113192331,false,זיתים ירוקים מנזנילו 340 גר' בית השיטה,בית-השיטה עסיס תעשיות מז,IL,זיתים ירוק גדול בית,גרמים,340.00,100 גרם,false,,11.90,3.5000,true,1,19422
7290113192348,false,בית השיטה זיתים ירוקים גדול מאודבטעם שום,בית-השיטה עסיס תעשיות מז,IL,זית ירוק שום 17-19בי,גרמים,560.00,100 גרם,false,,11.90,2.1250,true,1,19423
7290113192355,false,חרוזית זיתים ירוקים ללא גלעין 275 ג' בית השיטה,בית-השיטה עסיס תעשיות מז,IL,זיתים חרוזית ירוק בי,גרמים,275.00,100 גרם,false,,10.90,3.9636,true,1,19424
7290113192362,false,זיתים ירוקים טבעות A2 בית השיטה 280 גרם,בית-השיטה עסיס תעשיות מז,IL,טבעות זיתים ירוקים ב,גרמים,280.00,100 גרם,false,,11.90,4.2500,true,1,19425
7290113192379,false,בית השיטה זיתים ירוקים מבוקעים א2 340גר',"בית-השיטה תעשיות בע""\מ",IL,זיתים ירוקים מבוקעים,גרמים,340.00,100 גרם,false,,11.90,3.5000,true,1,19426
7290113192386,false,בית השיטה זיתים ירוקים סורי מבוקע 340גרם,בית השיטה,IL,זית סורי מבוקע בית ה,גרמים,340.00,100 גרם,false,,12.90,3.7941,true,1,19427
7290113192393,false,בית השיטה קוקטייל זיתים א2 336 גרם,בית-השיטה עסיס תעשיות מז,IL,קוקטייל זיתים בית הש,גרמים,336.00,100 גרם,false,,12.90,3.8393,true,1,19428
7290113192478,false,מלפפונים במלח 10-12 בית השיטה 320 גרם,בית-השיטה עסיס תעשיות מז,IL,מלפפון במלח 10-12 בי,גרמים,320.00,100 גרם,false,,8.90,2.7813,true,1,19436
7290113192485,false,מלפפונים בחומץ 10-12 בית השיטה 290 גרם,בית-השיטה עסיס תעשיות מז,IL,מלפפון בחומץ 12-10 ב,גרמים,290.00,100 גרם,false,,8.90,3.0690,true,1,19437
7290113192492,false,מלפפונים בחומץ 13-17 בית השיטה 290 גרם,בית-השיטה עסיס תעשיות מז,IL,מלפפון בחומץ 13-17 ב,גרמים,290.00,100 גרם,false,,12.90,4.4483,true,1,19438
7290113192508,false,ב.השיטה מלפפון במלח ר.טבע א2 17-13 320 גרם,בית-השיטה עסיס תעשיות מז,IL,מלפפון במלח 13-17 בי,גרמים,320.00,100 גרם,false,,12.90,4.0313,true,1,19439
7290113192515,false,מלפפונים במלח 18-25 בית השיטה 320 גרם,בית-השיטה עסיס תעשיות מז,IL,מלפפון במלח 18-25 בי,גרמים,320.00,100 גרם,false,,14.90,4.6563,true,1,19440
7290113192522,false,מלפפונים בחומץ 18-25 בית השיטה 290 גרם,בית-השיטה עסיס תעשיות מז,IL,מלפפון בחומץ 18-25 ב,גרמים,290.00,100 גרם,false,,14.90,5.1379,true,1,19441
7290113192539,false,מלפפונים במלח 7-9 בית השיטה 320 גרם,בית-השיטה עסיס תעשיות מז,IL,מלפפון במלח 7-9 בית,גרמים,560.00,100 גרם,false,,7.90,1.4107,true,1,19442
7290113192546,false,"מלפפונים בחומץ רכיבים טבעיים 7-9 ""בית השיטה""",בית-השיטה עסיס תעשיות מז,IL,מלפפון בחומץ 7-9 בית,גרמים,560.00,100 גרם,false,,7.90,1.4107,true,1,19443
7290113192560,false,פלפל שיפקה A2 בית השיטה 230 גרם,בית-השיטה עסיס תעשיות מז,IL,פלפל שיפקה בית השיטה,גרמים,230.00,100 גרם,false,,8.90,3.8696,true,1,19445
7290113192577,false,בית השיטה כרוב כבוש א2 12*430גרם חדש,"בית-השיטה תעשיות בע""\מ",IL,כרוב כבוש בית השיטה,יחידה,430.00,יחידה,false,,8.90,0.0207,true,1,19446
7290113192881,false,"טורטיה חיטה מופחת קלוריות, קוטר 20 ס""מ - 6 יח'",דין שיווק,TR,טורטיה חיטה מופחתת ק,גרמים,270.00,100 גרם,false,,10.00,3.7037,true,1,173407
7290113193000,false,בית השיטה פלפל שיפקונית 230 גרם*,"בית השיטה תעשיות בע""\מ",IL,פלפל שיפקונית בית הש,גרמים,230.00,100 גרם,false,,12.90,5.6087,true,1,103523
7290113193017,false,בית השיטה חרוזית קוקטייל זיתים 275 גרם,"בית השיטה תעשיות בע""\מ",IL,בית השיטה קוקטייל זי,גרמים,275.00,100 גרם,false,,15.90,5.7818,true,1,103495
7290113193031,false,חרוזית קלמטה - זיתים שחורים ללא גלעין קלמטה,"בית השיטה תעשיות בע""\מ",IL,חרוזית קלמטה בית השי,גרמים,275.00,100 גרם,false,,15.90,5.7818,true,1,103496
7290113193321,false,"שמן זית כתית מעולה בית השיטה 750 מ""ל",אצטס אבסה אס. איי. יו.,IL,שמן זית כתית מעולה ב,מיליליטרים,750.00,"100 מ""ל",false,,30.90,4.1200,true,1,191983
7290113193406,false,"קוקטייל טבעות זיתים - זיתים ירוקים, שחורים מרינד","בית השיטה תעשיות בע""\מ",IL,טבעות קוקטיל זיתים ב,גרמים,560.00,100 גרם,false,,10.70,1.9107,true,1,103497
7290113194632,false,ממרח שקדים שקדיה 500 גרם,ג'\י אנד ג'\י פקאנס בעמ,IL,שקדיה ממרח 100% שקדי,גרמים,500.00,100 גרם,false,,49.90,9.9800,true,1,173684
7290113195042,false,מלפפון חמוץ במלח כבישה ביתית בית השיטה 750 גר',שוורצקוף& הנקל דיסלד,IL,מלפפון מלח כבישה בית,גרמים,750.00,100 גרם,false,,27.90,3.7200,true,1,153006
7290113195073,false,חלבה טורקית עם פיסטוק שקדיה 400 גרם,ח. אל עקר,IL,חלבה טורקית עם פיסטו,גרמים,400.00,100 גרם,false,,13.90,3.4750,true,1,173844
7290113195080,false,חלבה טורקית בטעם שוקו וניל שקדיה 400 גרם,ח. אל עקר,IL,חלבה טורקית בטעם שוק,גרמים,500.00,100 גרם,false,,12.90,2.5800,true,1,173829
7290113196414,false,"אורז בסמטי 1 ק""ג - שקדיה כחול מטאלי",דאבה סינג שאם סינג,IN,אורז בסמטי שקדיה 1 ק,קילוגרמים,1.00,"ק""ג",false,,10.50,10.5000,true,1,173474
7290113196759,false,בית השיטה ירקות מעורבים צנ.פלסטיק 6*750 גרם,בית השיטה עסיס תעשיו,IL,ירקות מעורבים צנצנת,גרמים,750.00,100 גרם,false,,34.90,4.6533,true,1,192736
7290113196919,false,מנה חמה אטריות אורז בטעם עוף שקדיה 70 גרם,טיאן האנג פוד ג'וינט,VN,מנה חמה אטריות אורז,גרמים,60.00,100 גרם,false,,7.90,13.1667,true,1,300446
7290113196926,false,מנה חמה אטריות אורז בטעם ירקות שקדיה 70 גרם,טיאן האנג פוד ג'וינט,VN,מנה חמה אטריות אורז,גרמים,60.00,100 גרם,false,,7.90,13.1667,true,1,300447
7290113196957,false,חטיפי תירס [טורטיה]בטעם ברביקיו 300 גרם,אן וי רוגר,BE,חטיפי תירס טורטיה בט,גרמים,300.00,100 גרם,false,,14.90,4.9667,true,1,269167
7290113197169,false,חמאת בוטנים טבעית 510 גר,סופר נוטרי פודס,IN,חמאת בוטנים טבעית שק,גרמים,510.00,100 גרם,false,,15.90,3.1176,true,1,300463
7290113198593,false,סוכריות גומי מסוכרות בטעם בננה 200 ג' שקדיה,טופגאם תעשיות ממתקים,IL,סוכריות גומי מסוכר ב,גרמים,200.00,100 גרם,false,,10.90,5.4500,true,1,232845
7290113198609,false,סוכריות גומי נחשים בטעמי פירות 200 ג' שקדיה,טופגאם תעשיות ממתקים,IL,סוכריות גומי נחשים,גרמים,200.00,100 גרם,false,,10.90,5.4500,true,1,232846
7290113199705,false,מוזלי פירות יבשים 500 גר' 500ג' שקדיה,,,מוזלי פירות יבשים 50,גרמים,500.00,100 גרם,false,,13.50,2.7000,true,1,279001
7290113199767,false,ממרח 100% שקדים שקדיה 300 גרם,פפויאנס,GR,ממרח 100% שקדים 300,גרמים,300.00,100 גרם,false,,28.90,9.6333,true,1,269223
7290113199774,false,ממרח בוטנים 300 גרם השקדיה,פפויאנס,GR,ממרח 100% בוטנים 300,גרמים,300.00,100 גרם,false,,15.90,5.3000,true,1,269208
7290113199781,false,ממרח אגוזים ובוטנים 100% 200 גרם,פפויאנס,GR,ממרח 100% אגוזים ובו,גרמים,200.00,100 גרם,false,,16.90,8.4500,true,1,269209
7290113199842,false,מגש אירוח סוכריות גומי 700 ג' שקדיה,טופגאם תעשיות ממתקים,IL,מגש אירוח סוכריות גו,גרמים,700.00,100 גרם,false,,32.90,4.7000,true,1,232873
7290113199910,false,סוכריות חמצוצים בטעם קולה 180 ג' שקדיה,טופגאם תעשיות ממתקים,IL,סוכריות חמצוצים בטעם,גרמים,180.00,100 גרם,false,,10.90,6.0556,true,1,232877
7290113199927,false,סוכריות חמצוצים בטעם פירות 180 ג' שקדיה,טופגאם תעשיות ממתקים,IL,סוכריות חמצוצים בטעם,גרמים,180.00,100 גרם,false,,10.90,6.0556,true,1,232878
7290113199934,false,סוכריות חמצוצים בטעם אוכמניות 180 ג' שקדיה,טופגאם תעשיות ממתקים,IL,סוכריות חמצוצים בטעם,גרמים,180.00,100 גרם,false,,10.90,6.0556,true,1,232879
7290113284517,false,נייר טואלט דו שכבתי,,,נייר טואלט דו שכבתי,יחידה,0.00,יחידה,false,,29.90,0.0000,true,1,331213
7290113289031,false,צלחות גדולות אלגנט כ,,,צלחות גדולות אלגנט כ,יחידה,0.00,יחידה,false,,13.90,0.0000,true,1,179734
7290113289048,false,WIZ צלחות קטנות אלגנט קרם 25 יח',,,צלחות קטנות אלגנט קר,יחידה,0.00,יחידה,false,,8.90,0.0000,true,1,179481
7290113289055,false,WIZ צלחות קטנות זהב 25 יח',,,צלחות קטנות אלגנט זה,יחידה,0.00,יחידה,false,,8.90,0.0000,true,1,179482
7290113289178,false,קערות ענקיות אלגנט ז,,,קערות ענקיות אלגנט ז,יחידה,0.00,יחידה,false,,10.90,0.0000,true,1,179585
7290113289215,false,צלחות מתכלות יהלום ע,,,צלחות מתכלות יהלום ע,יחידה,0.00,יחידה,false,,21.90,0.0000,true,1,201915
7290113289222,false,מרקיות מתכלות יהלום,,,מרקיות מתכלות יהלום,יחידה,0.00,יחידה,false,,13.90,0.0000,true,1,201942
7290113289239,false,קערות אובליות מתכלות,,,קערות אובליות מתכלות,יחידה,0.00,יחידה,false,,10.90,0.0000,true,1,201943
7290113289345,false,צלחות דקל מרובעות גד,,,צלחות דקל מרובעות גד,יחידה,0.00,יחידה,false,,16.90,0.0000,true,1,231343
7290113289352,false,צלחות דקל מרובעות קט,,,צלחות דקל מרובעות קט,יחידה,0.00,יחידה,false,,12.90,0.0000,true,1,231344
7290113289505,false,רדיד אלומיניום כוכבי,,,רדיד אלומיניום כוכבי,יחידה,0.00,יחידה,false,,34.90,0.0000,true,1,211680
7290113289543,false,כוסות שקופות 150 יחי,,,כוסות שקופות 150 יחי,יחידה,0.00,יחידה,false,,15.90,0.0000,true,1,231144
7290113289567,false,צלחות מתכלות קטנות ק,,,צלחות מתכלות קטנות ק,יחידה,0.00,יחידה,false,,21.90,0.0000,true,1,201900
7290113463646,false,פרוסות גבינה קשה מסו,,,פרוסות גבינה קשה מסו,גרמים,400.00,100 גרם,false,,13.60,3.4000,true,1,319832
7290113560109,false,פרודונטקס מ.שיניים בטעם צמחי 75 מל,פרודונטקס Parodontax,SK,משחת שיניים בטעם צמח,מיליליטרים,75.00,"100 מ""ל",false,,32.90,43.8667,true,1,112143
7290114310215,false,"שמנת מתוקה 38% רמת הגולן 250 מ""ל ווסטהיים - מוצר בפיקוח",מילקו תעשיות בעמ,IL,שמנת מתוקה 38% בקבוק,מיליליטרים,250.00,"100 מ""ל",false,,6.47,2.5880,true,1,68371
7290114310222,false,חלב מועשר בסידן וויטמין Dי 3% 1.5 ל' טרה,מילקו תעשיות בעמ,IL,חלב מועשר בסידן 1.5,ליטרים,1.50,ליטר,false,,12.90,8.6000,true,1,79619
7290114310239,false,חלב נטול לקטוז מועשר בוויטמין D י 2% 1.5 ל' טרה,מילקו תעשיות בעמ,IL,חלב נטול לקטוז 1.5,ליטרים,1.50,ליטר,false,,12.90,8.6000,true,1,79606
7290114310246,false,גרנה פדנו צ'אנק משק צוריאל 125 גרם,מחלבת משק צוריאל,IL,גרנה פדנו צ'אנק 125,גרמים,125.00,100 גרם,false,,20.90,16.7200,true,1,119982
7290114310338,false,צפתית מעודנת 5% בגביע 225 גרם משק צוריאל,מחלבת משק צוריאל,IL,צפתית מעודנת 5% משק,גרמים,225.00,100 גרם,false,,18.90,8.4000,true,1,112130
7290114310536,false,יוגורט לייט מעושר חלבון 25 גרם חלבון וניל MULLER ACTIVE,מולר Muller,IL,מולר אקטיב לייט יוגו,גרמים,25.00,100 גרם,false,,6.50,26.0000,true,1,136342
7290114310550,false,גבינת פטה עיזים מעודנת 5% משק צוריאל 200 גרם,מחלבת משק צוריאל,IL,פטה עיזים מעודנת 5%,גרמים,200.00,100 גרם,false,,23.90,11.9500,true,1,136315
7290114310574,false,גבינת קרם שמנת עיזים 5% 200 גר',מחלבת משק צוריאל,IL,גבינת קרם שמנת עיזים,גרמים,200.00,100 גרם,false,,14.90,7.4500,true,1,136241
7290114310611,false,"משקה חלב בננה בבקבוק פקק ספורט טרה 250 מ""ל",Unknown,IL,משקה חלב בננה בבקבוק,מיליליטרים,250.00,"100 מ""ל",false,,5.90,2.3600,true,1,151655
7290114310628,false,משקה חלב וניל ועוגיות בקבוק 1 ליטר,מילקו תעשיות בעמ,IL,משקה חלב וניל עוגיות,ליטרים,1.00,ליטר,false,,11.90,11.9000,true,1,141734
7290114310673,false,לאבנה מחלב בקר 9% 25,Unknown,IL,לאבנה מחלב בקר 9% 25,גרמים,250.00,100 גרם,false,,12.90,5.1600,true,1,136344
7290114310895,false,"סימפלי פרוט יוגורט עם מנגו תות, שמיניה 8 * 150 גרם",מולר Muller,IL,מאגדת שמינייה סימפלי,קילוגרמים,1.20,"ק""ג",false,,31.90,26.5833,true,1,182031
7290114311038,false,"שמנת מתוקה 32% עמידה בבקבוק טרה 250 מ""ל",מילקו תעשיות בעמ,IL,שמנת מתוקה 32% בקבוק,מיליליטרים,250.00,"100 מ""ל",false,,6.90,2.7600,true,1,254384
7290114311069,false,מעדן יוגורט בטעם טבעי חלבון 200 ג' מולר אקטיב,מולר Muller,IL,יוגורט בטעם טבעי 25,גרמים,200.00,100 גרם,false,,6.90,3.4500,true,1,234739
7290114311298,false,יוגורט מולר פרופ בטעם תות בננה מלון 150,מולר Muller,IL,מולר פרופ תות בננה מ,גרמים,150.00,100 גרם,false,,5.50,3.6667,true,1,278852
7290114311304,false,יוגורט קציפת מנגו פסיפלורה בננה 150 ג' מולר,מולר Muller,IL,מולר פרופ מנגו פסיפל,גרמים,150.00,100 גרם,false,,5.50,3.6667,true,1,278853
7290114311328,false,חלב מועשר דל לקטוז מעושר בויטמין Dי 2% שומן טרה 1 ליטר,ג'י.אר.אמ.גרופו אלימ,IL,חלב נטול לקטוז טרה 1,ליטרים,1.00,ליטר,false,,7.50,7.5000,true,1,289116
7290114311434,false,מולר אקטיב יוגורט חלבון קרמל מלוח 200 גרם,מולר Muller,IL,מולר אקטיב בטעם קרמל,גרמים,200.00,100 גרם,false,,6.90,3.4500,true,1,304576
7290114311441,false,מולר אקטיב יוגורט חלבון עוגיות חמאה 200 גרם,מולר Muller,IL,מולר אקטיב בטעם עוגי,גרמים,200.00,100 גרם,false,,6.90,3.4500,true,1,304591
7290114311458,false,קרטון חלב 3% מועשר ויטמין די 1ליטר,Unknown,IL,קרטון חלב מועשר ויטמ,ליטרים,1.00,ליטר,false,,8.90,8.9000,true,1,306432
7290114600927,false,עלי טורטייה חיטה מלאה מאסטר שף 320 גרם,אלקאטי קורביישיסי גי,ES,עלי טורטיה חיטה מלאה,גרמים,320.00,100 גרם,false,,12.90,4.0313,true,1,174455
7290114600941,false,מאסטר שף מיונז הולנדי לחיץ 435 גרם,קפה לנדוור,NL,מאסטר שף מאסטר שף מ,גרמים,435.00,100 גרם,false,,15.90,3.6552,true,1,83302
7290114600989,false,"רוטב אלף האיים מאסטר שף 250 מ""ל",קפה לנדוור,NL,מאסטר שף רוטב אלף הא,מיליליטרים,250.00,"100 מ""ל",false,,10.90,4.3600,true,1,83327
7290114600996,false,"רוטב שום מאסטר שף 250 מ""ל",קפה לנדוור,NL,מאסטר שף רוטב שום 25,מיליליטרים,250.00,"100 מ""ל",false,,10.90,4.3600,true,1,83328
7290114603508,false,"רוטב להקצפה מאסטר שף 300 מ""ל",סיטי פוד,TH,מאסטר שף רוטב להקפצה,מיליליטרים,300.00,"100 מ""ל",false,,9.90,3.3000,true,1,104190
7290114603515,false,"רוטב קארי אדום מאסטר שף 340 מ""ל",תאי סופרים,TH,מאסטר שף רוטב קארי א,גרמים,340.00,100 גרם,false,,15.90,4.6765,true,1,123455
7290114603768,false,"נוזל ניקוי שירותים אגקס 750 מ""ל*2 זוג",קולגייט פלמוליב,FR,אג'קס שירותים 750 מ',מיליליטרים,750.00,"100 מ""ל",false,,32.90,4.3867,true,1,83976
7290114604857,false,"דפי אורז מאסטר שף קוטר 22 ס""מ 400 גרם",לוק הונג טריידינג פר,VN,דפי אורז קוטר 22 כשל,גרמים,400.00,100 גרם,false,,9.90,2.4750,true,1,123204
7290114604895,false,ממרח ספייסי לחיץ מאסטר שף 446 גרם,מאסטר שף,NL,מאסטר שף ממרח ספייסי,גרמים,446.00,100 גרם,false,,15.90,3.5650,true,1,137632
7290114604901,false,ממרח שום לחיץ מאסטר שף 444 גרם,מאסטר שף,NL,מאסטר שף ממרח שום לח,גרמים,242.00,100 גרם,false,,15.90,6.5702,true,1,137633
7290114605533,false,משטח חיתוך חד פעמי 30 יח' קוקי,,CN,"משטח חיתוך חד""פ",יחידה,0.00,יחידה,false,,21.90,0.0000,true,1,252116
7290114606387,false,"משחת שיניים אופטיק וויט פחם מארז 75 מ""ל",קולגייט פלמוליב,PL,משחת שיניים אופטיק ו,מיליליטרים,150.00,"100 מ""ל",false,,45.90,30.6000,true,1,132411
7290114606530,false,רוטב בטעם מיונז וקטשופ מאסטר שף 515 גרם,מאסטר שף,NL,מאסטר שף רוטב בטעם מ,גרמים,515.00,100 גרם,false,,15.90,3.0874,true,1,137634
7290114606547,false,מיונז פטריות כמהין לחיץ מאסטר שף 242 גרם,מאסטר שף,NL,מאסטר שף מיונז עם כמ,גרמים,242.00,100 גרם,false,,15.90,6.5702,true,1,137635
7290114606554,false,מיונז מופחת קלוריות בקבוק לחיץ,מאסטר שף,NL,מאסטר שף מיונז לייט,גרמים,470.00,100 גרם,false,,15.90,3.3830,true,1,137619
7290114606561,false,מאסטר שף אטריות אורז דקות ורמיצ'לי 400 ג,לינג טונג רייס ורמיצ'ילי,TH,אטריות אורז דקות מאס,גרמים,400.00,100 גרם,false,,10.90,2.7250,true,1,241648
7290114607315,false,זוג משחת שיניים מקס וויט,קולגייט- פלמוליב,PL,מקס וויט מארז זוג 2*,מיליליטרים,250.00,"100 מ""ל",false,,30.90,12.3600,true,1,169341
7290114608664,false,סילאן לחיץ מאסטר שף 680 גרם,,AE,סילאן לחיץ 100% תמרי,גרמים,680.00,100 גרם,false,,18.90,2.7794,true,1,285468
7290115071535,false,מטבעות שוקולד ברשת מפרץ הרפתקאות 31 גר,,NL,מטבעות שוקולד ברשת 3,גרמים,31.00,100 גרם,false,,4.90,15.8065,true,1,115644
7290115073676,true,מארז מסכות 3 שכבות צ,,,מארז מסכות 3 שכבות צ,יחידה,0.00,יחידה,false,,14.90,0.0000,true,1,80988
7290115190014,false,סיגריות מרלבורו רד קצר בוקס,פיליפ מוריס,IL,סיגריות מרלבורו חפי,יחידה,0.00,יחידה,false,,36.50,0.0000,false,1,100429
7290115190083,false,מרלבורו גולד קצר פאקט,פיליפ מוריס,IL,מרלבורו גולד פאקט 1,יחידה,0.00,יחידה,false,,345.00,0.0000,false,1,100474
7290115190090,false,סיגריות מרלבורו קצר בוקס בודד,פיליפ מוריס,US,סיגריות מרלבורו חפי,יחידה,0.00,יחידה,false,,36.50,0.0000,false,1,100446
7290115190496,false,סיגריות נקסט ארוך בודד,פיליפ מוריס,IL,סיגריות נקסט (בודד),יחידה,0.00,יחידה,false,,31.50,0.0000,false,1,121809
7290115190519,false,סיגריות נקסט פיין חפ,פיליפ מוריס,PL,סיגריות נקסט (בודד),יחידה,0.00,יחידה,false,,31.50,0.0000,false,1,100398
7290115190595,false,סיגריות נקסט אוריגינ,פיליפ מוריס,PL,סיגריות נקסט(בודד),יחידה,0.00,יחידה,false,,31.50,0.0000,false,1,100382
7290115200003,false,פתי בר פינוקי וניל אסם 220 גרם,תאי פרזידנט פוד פאבל,PL,פתי בר פינוקי וניל 2,גרמים,220.00,100 גרם,false,,9.90,4.5000,true,1,109436
7290115200027,false,אסם פתי בר פינוקים שוקו 220 גרם,קריות זול,PL,פתי בר פינוקי שוקו 2,גרמים,220.00,100 גרם,false,,9.90,4.5000,true,1,109437
7290115200713,false,במבה קלאסי מארז אחיד 8 50*5 ג',"אסם השקעות בע""\מ",IL,מארז במבה קלאסי אסם,גרמים,250.00,100 גרם,false,,12.90,5.1600,true,1,111412
7290115201031,false,אסם פתי בר דובי שוקולד 175 גרם,טרופיקל דגיל תעשיות,PL,אסם פתיבר דובי שוקול,גרמים,175.00,100 גרם,false,,12.90,7.3714,true,1,136493
7290115201475,false,טבעול גורמה לביבות כרישה 434 גרם,טבעול )מקבוצת אסם השקעות,IL,טבעול גורמה לביבות כ,גרמים,434.00,100 גרם,false,,34.90,8.0415,true,1,279058
7290115201680,false,ביסלי בטעם ברביקיו אסם 70 גרם,"אסם השקעות בע""\מ",IL,ביסלי ברביקיו 70 גרם,גרמים,70.00,100 גרם,false,,4.90,7.0000,true,1,115815
7290115201741,false,ביסלי בטעם בצל אסם 70 גרם,"אסם השקעות בע""\מ",IL,ביסלי בצל 70 גרם,גרמים,70.00,100 גרם,false,,4.90,7.0000,true,1,110828
7290115202816,false,מנה חמה פאוץ נודלס אטריות טעם עוף 70 גרם,תאי פרזידנט,TH,מנה חמה פאוצ' נדלסאט,גרמים,70.00,100 גרם,false,,4.90,7.0000,true,1,136424
7290115202847,false,מנה חמה פאוצ' נדלס ספייסי אסם 70 ג',תאי פרזידנט,TH,מנה חמה פאוצ' נדלסאט,גרמים,70.00,100 גרם,false,,4.90,7.0000,true,1,136425
7290115202939,false,מנה חמה רייס נודלס עוף פטריות אסם 50 גרם,מיוצר עי קונדיטוריית,TH,מנה חמה רייס נודלס ע,גרמים,50.00,100 גרם,false,,8.90,17.8000,true,1,196443
7290115203134,false,פופקו פופקורן במבה אסם 80 גרם,"אסם השקעות בע""\מ",IL,פופקו פופקורן במבה 4,גרמים,80.00,100 גרם,false,,5.90,7.3750,true,1,151685
7290115203172,false,במבה PRO מכיל 18 גרם חלבון בשקית,"אסם השקעות בע""\מ",IL,במבה אסם 80 גרם PRO,גרמים,80.00,100 גרם,false,,4.90,6.1250,true,1,277075
7290115203486,false,פירורית בטעם ביסלי גריל אסם 200 גרם,עינת תעשיות מזון אגו,IL,אסם פירורית בטעם ביס,גרמים,200.00,100 גרם,false,,6.50,3.2500,true,1,142903
7290115204056,false,"קטשופ מופחת סוכר אסם 690 גרם כשל""פ","אסם תעשיות בע""מ",IL,אסם קטשופ מופחת סוכר,גרמים,690.00,100 גרם,false,,10.90,1.5797,true,1,144063
7290115204131,false,סחוג ירוק המעדנייה ש,פרסקו,IL,סחוג ירוק המעדנייה ש,גרמים,190.00,100 גרם,false,,11.90,6.2632,true,1,244337
7290115204186,false,"ממרח פסטו 190 גרם ""צבר""",פרסקו,IL,פסטו המעדינה של צבר,גרמים,190.00,100 גרם,false,,16.90,8.8947,true,1,235888
7290115204247,false,ממרח עגבניות מיובשות 190 ג' צבר,פרסקו,IL,עגבניות מיובשות המעד,גרמים,190.00,100 גרם,false,,16.90,8.8947,true,1,235889
7290115205176,false,פיטנס - קרקר דק כפרי פיטנס 140 גרם,נסטלה Nestle,IL,פיטנס קרקר THIN כפרי,גרמים,140.00,100 גרם,false,,13.90,9.9286,true,1,194872
7290115205312,false,קרקר פיטנס דק עם זיתי קלמטה ועשבי תיבול,"אסם השקעות בע""\מ",IL,פיטנס קרקר Thin Deli,גרמים,140.00,100 גרם,false,,13.90,9.9286,true,1,267466
7290115205527,false,פיטנס חטיף מולטיגריין עם עדשים 25 גרם,"אסם השקעות בע""\מ",IL,פיטנס חטיף מולטגריין,גרמים,25.00,100 גרם,false,,5.80,23.2000,true,1,269509
7290115205541,false,פיטנס חטיף מולטיגריין עם חומוס 25 גרם,"אסם השקעות בע""\מ",IL,פיטנס חטיף מולטיגריי,גרמים,25.00,100 גרם,false,,5.80,23.2000,true,1,269510
7290115205633,false,"טבעול סנסשיונל נקניקיות, 350 גרם","טבעול תעשיות מזון בע""\מ",IL,טבעול סנסשיונל נקנקי,גרמים,350.00,100 גרם,false,,34.90,9.9714,true,1,279074
7290115205978,false,"פתי בר אצבעות שוקולד אוסם, 180 גרם","t\ד""\ר ג'\רארד בע""\מn\",PL,פתי בר אצבעות שוקולד,גרמים,180.00,100 גרם,false,,9.90,5.5000,true,1,236987
7290115206135,false,טבעול גורמה ארוחת קינואה 450 גרם,טבעול (מקבוצת אסם הש,IL,טבעול גורמה ארוחת קי,גרמים,450.00,100 גרם,false,,34.90,7.7556,true,1,279089
7290115206531,false,אסם קרמוגית במילוי קרם בייגלה 12*200 גרם,אסם-נסטלה,IL,אסם קרמוגית במילוי ק,גרמים,200.00,100 גרם,false,,12.90,6.4500,true,1,202135
7290115207507,false,"סלט טורקי 330 גרם ""צבר""",ג'נרל מילס סאן אדריא,IL,צבר סלט טורקי 360 גר,גרמים,360.00,100 גרם,false,,17.90,4.9722,true,1,217083
7290115207620,false,"רוטב בסגנון סויה קלאסי 290 מ""ל אסם","אסם השקעות בע""\מ",IL,אסם רוטב בסגנון סויה,מיליליטרים,320.00,"100 מ""ל",false,,12.90,4.0313,true,1,267333
7290115207682,false,אסם רוטב בסגנון סויה סיני 9*290מל חדש,"אסם השקעות בע""\מ",IL,אסם רוטב בסגנון סויה,מיליליטרים,330.00,"100 מ""ל",false,,13.90,4.2121,true,1,267290
7290115207941,false,סירופ אננס ויטמינצ'יק 1 ליטר,בית-השיטה עסיס תעשיות מז,IL,ויטמינצ'יק אננס 1 לי,ליטרים,1.00,ליטר,false,,23.50,23.5000,true,1,224088
7290115207965,false,סירופ מנגו אפרסק ויטמינצ'יק 1 ליטר,בית-השיטה עסיס תעשיות מז,IL,ויטמינצ'יק מנגו 1 לי,ליטרים,1.00,ליטר,false,,23.50,23.5000,true,1,224105
7290115207989,false,סירופ לימון ויטמינצ'יק 1 ליטר,בית-השיטה עסיס תעשיות מז,IL,ויטמינצ'יק לימון 1 ל,ליטרים,1.00,ליטר,false,,23.50,23.5000,true,1,224089
7290115208009,false,סירופ ענבים ויטמינצ'יק 1 ליטר,בית-השיטה עסיס תעשיות מז,IL,ויטמינצ'יק ענבים 1 ל,ליטרים,1.00,ליטר,false,,23.50,23.5000,true,1,224106
7290115208047,false,סירופ פטל ויטמינצ'יק 1 ליטר,בית-השיטה עסיס תעשיות מז,IL,ויטמינצ'יק פטל 1 ליט,ליטרים,1.00,ליטר,false,,23.50,23.5000,true,1,224090
7290115208061,false,סירופ תפוח ויטמינצ'יק 1 ליטר,בית השיטה עסיס תעשיות מז,IL,ויטמינצ'יק תפוח 1 לי,ליטרים,1.00,ליטר,false,,23.50,23.5000,true,1,224091
7290115208320,false,אפרופו טעם ביסלי בצל אסם 50 גרם,"אסם השקעות בע""\מ",IL,אפרופו בטעם ביסלי בצ,גרמים,50.00,100 גרם,false,,5.50,11.0000,true,1,310579
7290115208344,false,בייגלה כפיות שמנת בצל אסם 300 גרם,"אסם השקעות בע""\מ",IL,אסם בייגלה כפיות שמנ,גרמים,300.00,100 גרם,false,,11.90,3.9667,true,1,280627
7290115208801,false,לחמית דבש ואגוזים אסם 190 גרם,לחמית,IL,לחמית דבש ואגוזים 19,גרמים,190.00,100 גרם,false,,11.90,6.2632,true,1,280656
7290115209136,false,טבעול חטיפי עוף צמחי העדה החרדית 6*1.2קג,"טבעול תעשיות מזון בע""\מ",IL,חטיפים צמחוניים בטעם,קילוגרמים,1.20,"100 ק""ג",false,,42.90,3575.0000,true,1,288997
7290115209174,false,במבה אורירית קלאסי 60 גר',אסם השקעות בעמ,IL,במבה אורירית 60 גרם,גרמים,80.00,100 גרם,false,,4.90,6.1250,true,1,292845
7290115209198,false,במבה אוורירית אסם 80 גרם,"אסם תעשיות בע""מ",IL,במבה אורירית 80 גרם,גרמים,80.00,100 גרם,false,,4.90,6.1250,true,1,269526
7290115209358,false,במבה במילוי בראוניז אסם 60 גרם,"אסם השקעות בע""\מ",IL,במבה במילוי בראוניז,גרמים,60.00,100 גרם,false,,4.90,8.1667,true,1,310277
7290115209372,false,במבה במילוי בראוניז 150ג' אסם,"אסם השקעות בע""\מ",IL,במבה במילוי בראוניז,גרמים,150.00,100 גרם,false,,11.90,7.9333,true,1,310292
7290115403282,false,עוגיות פיצפוצי שוקו 500,,IL,עוגיות פיצפוצי שוקו,גרמים,500.00,100 גרם,false,,17.90,3.5800,true,1,256514
7290115403299,false,עוגיות פרפריות 450 גרם,"שיבולים א.ד.ל ק""\א",IL,עוגיות פרפריות אדל 4,גרמים,450.00,100 גרם,false,,17.90,3.9778,true,1,256515
7290115403312,false,עוגיות מלוחות קריספי 450,,IL,עוגיות מלוחות קריספי,גרמים,450.00,100 גרם,false,,17.90,3.9778,true,1,256517
7290115403381,false,עוגיות פיצפוצים לבן 500,,IL,עוגיות פיצפוצים לבן,גרמים,500.00,100 גרם,false,,17.90,3.5800,true,1,256523
7290115403404,false,עוגיות פרפריות שוקו 450,"שיבולים א.ד.ל ק""\א",IL,עוגיות פרפריות שוקו,גרמים,450.00,100 גרם,false,,17.90,3.9778,true,1,256525
7290115403435,false,עוגיות מעמול תמר 500 גרם,שיבולים א.ד.ל )ק.א(,IL,עוגיות מעמול תמר אדל,גרמים,500.00,100 גרם,false,,17.90,3.5800,true,1,256528
7290115403459,false,עוגיות נסיכה בטעם תות 50,שיבולים א.ד.ל )ק.א(,IL,עוגיות נסיכה בטעם תו,גרמים,500.00,100 גרם,false,,17.90,3.5800,true,1,256530
7290115403466,false,עוגיות נסיכה מיקס 500 גר,שיבולים א.ד.ל )ק.א(,IL,עוגיות נסיכה מיקס אד,גרמים,500.00,100 גרם,false,,17.90,3.5800,true,1,256531
7290115403473,false,עוגיות עינוגי שוקולד,שיבולים א.ד.ל )ק.א(,IL,עוגיות עינוגי שוקולד,גרמים,500.00,100 גרם,false,,17.90,3.5800,true,1,256532
7290115403480,false,עוגיות בסגנון מרוקאי 500,,IL,עוגיות בסגנון מרוקאי,גרמים,500.00,100 גרם,false,,17.90,3.5800,true,1,256533
7290115403503,false,עוגיות פרסה תמרים 500 גר,,IL,עוגיות פרסה תמרים אד,גרמים,500.00,100 גרם,false,,17.90,3.5800,true,1,256534
7290115403527,false,עוגיות עינוגי תמרים 500ג,,IL,עוגיות עינוגי תמרים,גרמים,500.00,100 גרם,false,,17.90,3.5800,true,1,256536
7290115405088,false,קינוח אישי קדאיף קפולסקי 200 גרם,קפולסקי אדל בעמ,IL,קינוח אישי קדאיף-200,גרמים,200.00,100 גרם,false,,15.90,7.9500,true,1,65098
7290115405781,false,פחזניות ממולאות בטעם שוקולד קפולסקי 180 גרם,תופינים מקבוצת קפולס,IL,פחזניות בטעם שוקולד,גרמים,180.00,100 גרם,false,,16.90,9.3889,true,1,264789
7290115405798,false,פחזניות ממולאות בטעם ריבת חלב קפולסקי 180 גרם,קפולסקי אדל בעמ,IL,פחזניות בטעם ריבת חל,גרמים,180.00,100 גרם,false,,16.90,9.3889,true,1,264790
7290115410068,false,חציל במיונז סלטי היום 400 גרם,סלטי היום - קפוא זן,IL,חציל במיונז 400 גרם,גרמים,400.00,100 גרם,false,,10.90,2.7250,true,1,172676
7290115410075,false,טחינה סלטי היום 400 גרם,סלטי היום - קפוא זן,IL,טחינה 400 גרם סלטי ה,גרמים,400.00,100 גרם,false,,10.90,2.7250,true,1,172677
7290115410082,false,טורקי סלטי היום 400 גרם,סלטי היום - קפוא זן,IL,טורקי 400 גרם סלטי ה,גרמים,400.00,100 גרם,false,,10.90,2.7250,true,1,172678
7290115410099,false,מטבוחה סלטי היום 400 גרם,סלטי היום - קפוא זן,IL,מטבוחה 400 גרם סלטי,גרמים,400.00,100 גרם,false,,10.90,2.7250,true,1,172679
7290115410112,false,חומוס סלטי היום 400 גרם,סלטי היום - קפוא זן,IL,חומוס 400 גרם סלטי ה,גרמים,400.00,100 גרם,false,,10.90,2.7250,true,1,172662
7290115410150,false,כרוב אדום סלטי היום 400 גרם,סלטי היום - קפוא זן,IL,כרוב אדום 400 גרם סל,גרמים,400.00,100 גרם,false,,10.90,2.7250,true,1,229697
7290115410570,false,המעדניה - טחינה ירוקה 250 גרם,סלטי היום - קפוא זן,,טחינה ירוקה 250 גרם,גרמים,250.00,100 גרם,false,,10.90,4.3600,true,1,172627
7290115411928,false,סלט תפוחי אדמה סלטי היום 400 גרם,סלטי היום - קפוא זן,IL,"תפו""א 400 גרם סלטי ה",גרמים,400.00,100 גרם,false,,10.90,2.7250,true,1,172681
7290115671223,false,מסטיק מאסט פאן אבטיח מנגו צנצנת 58 גרם,אסקום קונפקשיין,DE,מסטיק קוביות ללא סוכ,גרמים,58.00,100 גרם,false,,10.90,18.7931,true,1,215894
7290115671308,false,מסטיק מאסט פאן תות דובדבן צנצנת 58 גרם,אסקום קונפשטיין,DE,מסטיק קוביות ללס במי,גרמים,58.00,100 גרם,false,,10.90,18.7931,true,1,215895
7290115671339,false,מיני פינוקיות בראוניז בייגל בוטן עלית 180 ג' עלית,"הגביע מוצרי ופלים בע""\מ",IL,מיני פינוקיות בראוני,גרמים,180.00,100 גרם,false,,11.90,6.6111,true,1,162587
7290115671346,false,מיני פינוקיות טופי קרמל מלוח עלית 180 גרם,"הגביע מוצרי ופלים בע""\מ",IL,מיני פינוקיות במילוי,גרמים,180.00,100 גרם,false,,11.90,6.6111,true,1,162601
7290115671353,false,מיני פינוקיות עוגיות קקאו במילוי קרם בטעם וניל,"הגביע מוצרי ופלים בע""\מ",IL,מיני פינוקיות שחור ל,גרמים,180.00,100 גרם,false,,11.90,6.6111,true,1,209749
7290115675559,false,מארז קפה טורקי לדרך 10 יחידות,שטראוס קפה בי.וי.,IL,מארז קפה טורקי לדרך,גרמים,70.00,100 גרם,false,,7.90,11.2857,true,1,116744
7290115675696,false,דגני בוקר קראנצ'ים שיבולת שועל עם אגוזים ושקדים,גלידות שטראוס,PL,דגני בוקר קוואקר שיב,גרמים,375.00,100 גרם,false,,21.90,5.8400,true,1,157055
7290115675719,false,דגני בוקר קראנצ'ים שיבולת שועל וחתיכות שוקולד מריר,BEVERAGES FOODS & SE,PL,דגני בוקר קוואקר שיב,גרמים,375.00,100 גרם,false,,21.90,5.8400,true,1,157041
7290115676037,false,דנונה ריפרש יוגורט עם תות ודומדמניות 1.6% שומן,מיוצר עי קונדיטוריית,IL,דנונה ריפרש יוגורט ע,גרמים,250.00,100 גרם,false,,5.90,2.3600,true,1,145274
7290115676051,false,"משקה אקטיביה שיבולת שועל במתיקות מעודנת 250 מ""ל",מיוצר עי קונדיטוריית,IL,משקה אקטיביה עם שיבו,גרמים,265.00,100 גרם,false,,5.50,2.0755,true,1,186033
7290115676082,false,משקה יוגורט בטעם תות פרו 20 דנונה 255 ג',"שטראוס בריאות בע""\מ.",IL,משקה יוגורט עם חלבון,גרמים,255.00,100 גרם,false,,7.50,2.9412,true,1,145301
7290115677089,false,קונפיטורת תפוח וקינמון יד מרדכי 340 גרם,"בית אל מזון בע""מ",IL,קונפיטורת תפוח וקינמ,גרמים,340.00,100 גרם,false,,14.90,4.3824,true,1,158255
7290115677966,false,ממרח אבוקדו טעם הטבע 200 גרם,ג'י. אר. סימפלוט,MX,ממרח אבוקדו אחלה 200,גרמים,200.00,100 גרם,false,,15.90,7.9500,true,1,179918
7290115678376,false,מעדן הגולן שוקולד 125 גרם,מיוצר עי קונדיטוריית,IL,מעדן הגולן מעדן חלב,גרמים,125.00,100 גרם,false,,3.50,2.8000,true,1,164193
7290115678383,false,מעדן הגולן שוקולד מריר 125 גרם,מיוצר עי קונדיטוריית,IL,מעדן הגולן מעדן חלב,גרמים,125.00,100 גרם,false,,3.50,2.8000,true,1,164194
7290115678598,false,חסה אייסברג שטראוס טעם הטבע,שטראוס בריאות ירקות טריי,IL,חסה אייסברג חיתוך גס,גרמים,300.00,100 גרם,false,,10.90,3.6333,true,1,187613
7290115678635,false,נשנושי גבינה -גבינת שמנת 16%+כעכים שטוחים עם מלח,"מחלבת טבע עז בע""\מ",IL,נשנושי גבינה 16% עם,גרמים,67.00,100 גרם,false,,11.90,17.7612,true,1,270291
7290115678642,false,נשנושי גבינה 16% עם חטיף אפוי עם זיתים 67 ג' שטראוס,"מחלבת טבע עז בע""\מ",IL,נשנושי גבינה עם חטיף,גרמים,67.00,100 גרם,false,,11.90,17.7612,true,1,270292
7290116244068,false,אצבעות שוקולד חלב 84 גר'-כוח פי גיי,סטילנד שוקולד,NL,אצבעות שוקולד חלב כו,גרמים,84.00,100 גרם,false,,8.90,10.5952,true,1,229294
7290116244075,false,סמי הכבאי אצבעות שוקולד חלב 84 גרם,סטילנד שוקולד,NL,אצבעות שוקולד חלב סמ,גרמים,84.00,100 גרם,false,,8.90,10.5952,true,1,229295
7290116270715,false,פילה ברבוניה ארוז בו,,,פילה ברבוניה ארוז בו,יחידה,0.00,יחידה,false,,29.90,0.0000,true,1,237467
7290116530185,false,"קורנפלקס דלישקד קרמל מלוח 400 גרם בד""ץ","יוניליוור שפע ישראל בע""\",IL,דגני בוקר דלישקד קרמ,גרמים,400.00,100 גרם,false,,24.90,6.2250,true,1,216847
7290116531090,false,בייגל בייגל דג דג במליחות עדינה 250 גרם,"דרך השוקולד ,1 צפת 13404",IL,דג דג חטיף אפוי במלי,גרמים,250.00,100 גרם,false,,12.90,5.1600,true,1,224897
7290116531762,false,דפים ריחניים למייבש כביסה בדין ורוד 40 יחידות,"קלינטסט - 3p ארה""ב",US,בדין דפי מייבש ורוד,יחידה,0.00,יחידה,false,,19.90,0.0000,true,1,216093
7290116531779,false,דפים ריחניים למייבש כביסה בדין כחול 40 יחידות,"קלינטסט - 3p ארה""ב",US,בדין דפי מייבש כחול,יחידה,0.00,יחידה,false,,19.90,0.0000,true,1,216107
7290116532769,false,גרנולה פרוטאין גרנולה חלבון תפוח וקינמון תלמה 300 גרם,חטיפי העמק,IL,גרנולה פרוטאין בתוספ,גרמים,300.00,100 גרם,false,,16.90,5.6333,true,1,269916
7290116532882,false,נישנושים איירביס בצל 155 גרם,"דרך השוקולד ,1 צפת 13404",IL,נשנושים איירביס חטיף,גרמים,155.00,100 גרם,false,,13.90,8.9677,true,1,320910
7290116532899,false,נשנושים איירביס טעם פלאפל 155 גרם,"דרך השוקולד ,1 צפת 13404",IL,נשנושים איירביס חטיף,גרמים,155.00,100 גרם,false,,13.90,8.9677,true,1,320911
7290116533063,false,דגני בוקר שוגי קרטיב ענבים 400 גרם,"יוניליוור שפע ישראל בע""\",IL,שוגי דגני בוקר בטעם,גרמים,400.00,100 גרם,false,,24.90,6.2250,true,1,269930
7290116533100,false,"פינוק - מרכך בניחוח ורדים לבנים 700 מ""ל",יוניליוור ישראל טיפוח אי,IL,פינוק מרכך בניחוח ור,מיליליטרים,700.00,"100 מ""ל",false,,11.90,1.7000,true,1,277340
7290116533216,false,"קנור מרק תיבול ירקות 235 מ""ל",יוניליוור,IL,מרק ירקות 100% רכיבי,גרמים,235.00,100 גרם,false,,20.90,8.8936,true,1,308954
7290116930015,false,GO חטיף חלבון חטיף בוטנים קריספי 20 גרם חלבון,"בלמונט קונפקציות בע""\מ.",US,חטיף חלבון בטעם קרמל,גרמים,60.00,100 גרם,false,,12.90,21.5000,true,1,241069
7290116930022,false,חטיף חלבון GO קרם עוגיות ציפוי קריספי 20 גרם,"בלמונט קונפקציות בע""\מ.",US,חטיף חלבון בטעם קרם,גרמים,60.00,100 גרם,false,,12.90,21.5000,true,1,249356
7290116930282,false,ארוחה בקטנה לאבנה עם קרקרים 150ג' תנובה,תנובה חלב,IL,לאבנה 9% שומן עם קרק,גרמים,150.00,100 גרם,false,,7.90,5.2667,true,1,278053
7290116930459,false,"יופלה שייק מנגו בננה אננס וקוקוס 230 מ""ל",קבוצת המזון אקטשלאר,IL,יופלה SHAKE בננה אנ,מיליליטרים,230.00,"100 מ""ל",false,,7.90,3.4348,true,1,278084
7290116930466,false,"משקה SHAKE בננה מנגן פסיפלורה והל 230 מ""ל יופלה",קבוצת המזון אקטשלאר,IL,יופלה SHAKE מנגו בנ,מיליליטרים,230.00,"100 מ""ל",false,,7.90,3.4348,true,1,278085
7290116930480,false,"משקה SHAKE בננה קיווי תפוח 230 מ""ל יופלה",קבוצת המזון אקטשלאר,IL,יופלה SHAKE בננה קי,מיליליטרים,230.00,"100 מ""ל",false,,7.90,3.4348,true,1,278086
7290116930626,false,ארוחה בקטנה ציזיקי עם קרקרים 150ג' תנובה,תנובה חלב,IL,ציזיקי עם קרקרים תנו,גרמים,150.00,100 גרם,false,,7.90,5.2667,true,1,278054
7290116930718,false,מעדן תנובה דיאט בטעם שוקולד וקרמל מלוח 0% 150ג' תנובה,"תנובה בע""\מ",IL,מעדן דיאט בטעם שוקו,גרמים,150.00,100 גרם,false,,4.50,3.0000,true,1,279597
7290116930954,false,יוגורט טעם פאי תפוחים 3% 150 ג' יופלה,"תנובה בע""\מ",IL,יופלה בטעם פאי תפוחי,מיליליטרים,150.00,"100 מ""ל",false,,5.50,3.6667,true,1,324441
7290116931012,false,יופלה דיאט 0% שומן תפוח וקינמון 150 גרם,תנובה מרכז שיתופי לש,IL,יופלה דיאט 0% שומן ת,מיליליטרים,150.00,"100 מ""ל",false,,5.50,3.6667,true,1,324471
7290116931074,false,פרוסות טל העמק 32% שומן 300 גרם,"תנובה בע""\מ",IL,גבינת טל העמק 32% שו,גרמים,300.00,100 גרם,false,,26.90,8.9667,true,1,288492
7290116931159,false,יופלה דיאט 0% שומן תות בננה 150 גרם,תנובה מרכז שיתופי לש,IL,יופלה דיאט 0% שומן ת,מיליליטרים,150.00,"100 מ""ל",false,,5.50,3.6667,true,1,324486
7290116931289,false,יופלה גו במרקם סמיך אלפחורס 200מל,תנובה מרכז שיתופי לש,IL,יוגורט גו סמיך 0% אל,גרמים,200.00,100 גרם,false,,6.20,3.1000,true,1,322419
7290117260098,false,חטיף גבינה לבנה בטעם וניל בציפוי שוקולד עם חלבון 120 גרם קפוא,ז'ייאסבי,LT,חטיף גבינה לבנה בטעם,גרמים,120.00,100 גרם,false,,14.90,12.4167,true,1,286972
7290117260104,false,חטיף גבינה לבנה בטעם תות שדה בציפוי שוקולד עם חלבון 120 גרם קפוא,ז'ייאסבי,LT,חטיף גבינה לבנה בטעם,גרמים,120.00,100 גרם,false,,14.90,12.4167,true,1,286957
7290117260111,false,חטיף גבינה לבנה בטעם קרם ברולה בציפוי שוקולד עם חלבון 120גרם קפוא,ז'ייאסבי,LT,חטיף גבינה לבנה בטעם,גרמים,120.00,100 גרם,false,,14.90,12.4167,true,1,286942
7290117260173,false,"קמח חיטה רב תכליתי 1 ק""ג",וילי פוד,IT,קמח חיטה רב תכליתי 1,קילוגרמים,1.00,"ק""ג",false,,8.90,8.9000,true,1,233282
7290117260890,false,פופקורן בציפוי בטעם קוקוס 90 גרם,אלאלסי,UA,פופקורן בטעם קוקוס ו,גרמים,90.00,100 גרם,false,,8.90,9.8889,true,1,228340
7290117261514,false,סלמון אטלנטי בשמן קנולה ולימון 120 גרם ויליפוד,קריות זול,LV,סלמון אטלנטי בשמן קנ,גרמים,120.00,100 גרם,false,,10.90,9.0833,true,1,306335
7290117261521,false,סלמון אטלנטי בשמן קנולה 120 גרם ויליפוד,קריות זול,LV,סלמון אטלנטי בשמן קנ,גרמים,120.00,100 גרם,false,,10.90,9.0833,true,1,306336
7290117261538,false,סלמון אטלנטי בשמן קנולה וצילי 120 גרם ויליפוד,קריות זול,LV,סלמון אטלנטי בשמן קנ,גרמים,120.00,100 גרם,false,,10.90,9.0833,true,1,306337
7290117261552,false,סלמון אטלנטי ברוטב עגבניות 120 גרם ויליפוד,קריות זול,LV,סלמון אטלנטי ברוטב ע,גרמים,120.00,100 גרם,false,,10.90,9.0833,true,1,306339
7290117261569,false,סלמון אטלנטי מעושן בשמן קנולה 120 גרם ויליפוד,קריות זול,LV,סלמון אטלנטי מעושן ב,גרמים,120.00,100 גרם,false,,10.90,9.0833,true,1,306340
7290117261576,false,סרדינים בריסלינג מעושנים ברוטב עגבניות 185 גרם צנצנת,קריות זול,LV,סרדינים בריסלינג מעו,גרמים,185.00,100 גרם,false,,13.90,7.5135,true,1,306318
7290117261583,false,סרדינים בריסלינג מעושנים בשמן קנולה 129 גרם (צנצנת),גולדן פרייז קאנינג אל.טי,LV,סרדינים בריסלינג מעו,גרמים,185.00,100 גרם,false,,13.90,7.5135,true,1,306319
7290117261590,false,סרדינים בריסלינג מעושנים בשמן זית 185 גרם צנצנת,גולדן פרייז קאנינג אל.טי,LV,סרדינים בריסלינג מעו,גרמים,185.00,100 גרם,false,,13.90,7.5135,true,1,306320
7290117380154,false,"מאסטר שף רוטב אסיאתי עם סויה 260 מ""ל",רמייה,NL,רוטב אסיאתי עם סויה,מיליליטרים,264.00,"100 מ""ל",false,,10.90,4.1288,true,1,256036
7290117380215,false,חטיף פוף קראנץ בטעם טאקו 60 גרם,מנה,IL,פוף קראנצ בטעם טאקו,גרמים,60.00,100 גרם,false,,4.90,8.1667,true,1,222269
7290117380857,false,"מרבה סלים דליס פייבר עוגות אישיות בטעם לימון, 120 גרם",שסטוביץ,NL,סלים דליס פייבר - עו,גרמים,120.00,100 גרם,false,,12.90,10.7500,true,1,269887
7290117380871,false,סלים דליס פייבר עוגות אישיות בטעם אוכמניות 120 גרם,הלמה הלום,NL,סלים דליס פייבר - עו,גרמים,120.00,100 גרם,false,,12.90,10.7500,true,1,269888
7290117381182,false,"רוטב סריראצה מאסטר שף 360 מ""ל",מנה,TH,רוטב סרירציה מאסטר ש,גרמים,360.00,100 גרם,false,,24.90,6.9167,true,1,327307
7290117381205,false,"מאסטר שף שמן שומשום 370 מ""ל",מנה,,מאסטר שף שמן שומשום,מיליליטרים,370.00,"100 מ""ל",false,,23.90,6.4595,true,1,322434
7290117383711,false,"מארז זוג תחליב רחצה חלב ודבש *750 מ""ל פלמוליב",קולגייט פלמוליב,TR,פלמוליב חלב ודבש 750,ליטרים,1500.00,100 ליטר,false,,30.00,2.0000,true,1,318307
7290117383728,false,"מארז זוג תחליב רחצה לומינוס  אבוקדו 750 מ""ל פלמוליב",קולגייט פלמוליב,TR,פלמוליב לומינוס אבוק,ליטרים,1500.00,100 ליטר,false,,30.00,2.0000,true,1,318308
7290117821411,false,ביצת הפתעה פלסטיק עם סוכריות קשות 10 גרם דינוזאור,PAZARLAMA GIDA GLOBAL,TR,ביצת הפתעה פלסטיק עם,גרמים,10.00,100 גרם,false,,5.90,59.0000,true,1,278511
7290117823798,false,בדיקה עצמית מהירה לזיהוי אנטיגן 5 יח,,CN,בדיקה עצמית מהירה לז,יחידה,0.00,יחידה,false,,39.90,0.0000,true,1,223064
7290117829585,false,צמר גפן מתוק בדלי מיניונים 50 גרם,קוטון קנדי,IL,צמר גפן מתוק בדלי 50,גרמים,50.00,100 גרם,false,,10.00,20.0000,true,1,323154
7290117829615,false,צמר גפן מתוק בדלי ריינבוקרן 50 גרם,,,צמר גפן מתוק בדלי 50,גרמים,50.00,100 גרם,false,,10.00,20.0000,true,1,323157
7290117860045,false,שמפו תמציות אלוורה ותה ירוק לשיער רגיל,"טרופיקל גליל בע""מ",IL,שמפו מטפח לשיער רגיל,מיליליטרים,700.00,"100 מ""ל",false,,15.90,2.2714,true,1,315658
7290117860090,false,מרכך תמציות אלוורה ותה ירוק לשיער רגיל,"טרופיקל דגיל בע""\מ",IL,מרכך מטפח לשיער רגיל,מיליליטרים,700.00,"100 מ""ל",false,,15.90,2.2714,true,1,315659
7290117860137,false,"הוואי קרם רחצה יוגורט בניחוח פרח הקמליה 700 מ""ל","טרופיקל גליל בע""מ",IL,תחליב רחצה בניחוח פר,מיליליטרים,700.00,"100 מ""ל",false,,15.90,2.2714,true,1,319067
7290117860144,false,הוואי שמפו פירות אקזוטיים וקלנדולה 700,"טרופיקל גליל בע""מ",IL,שמפו נגד קשקשים הווא,מיליליטרים,700.00,"100 מ""ל",false,,15.90,2.2714,true,1,315660
7290117860236,false,"הוואי - קרם רחצה בניחוח ויולה ורודה 700 מ""ל","טרופיקל דגיל בע""\מ",IL,תחליב רחצה בניחוח וי,מיליליטרים,700.00,"100 מ""ל",false,,15.90,2.2714,true,1,319069
7290117860281,false,"הוואי - ג'ל רחצה לגבר בניחוח עוצמתי 700 מ""ל","טרופיקל דגיל בע""\מ",IL,ג'ל רחצה לגבר בניחוח,מיליליטרים,700.00,"100 מ""ל",false,,15.90,2.2714,true,1,319070
7290117860298,false,שמפו קומפלקס קרטין לשיער עדין או חלש,"טרופיקל גליל בע""מ",IL,שמפו קרטין מחזק הווא,מיליליטרים,700.00,"100 מ""ל",false,,15.90,2.2714,true,1,320562
7290117860335,false,"הוואי ג'ל רחצה לגבר בניחוח מעורר 700 מ""ל","טרופיקל דגיל בע""\מ",IL,ג'ל רחצה לגבר בניחוח,מיליליטרים,700.00,"100 מ""ל",false,,15.90,2.2714,true,1,319071
7290117860342,false,מרכך קומפלקס קרטין לשיער עדין או חלש,"טרופיקל גליל בע""מ",IL,מרכך קרטין מחזק הווא,מיליליטרים,700.00,"100 מ""ל",false,,15.90,2.2714,true,1,320563
7290117860380,false,"תחליב רחצה יוגורט בניחוח אלוורה 700 מ""ל הוואי","טרופיקל דגיל בע""\מ",IL,תחליב רחצה יוגורט בנ,מיליליטרים,700.00,"100 מ""ל",false,,15.90,2.2714,true,1,319072
7290117860496,false,"הוואי שמפו + מרכך 2 ב-1 לגבר 700 מ""ל-חדש","טרופיקל גליל בע""מ",IL,שמפו לגבר + מרכך 2ב-,מיליליטרים,700.00,"100 מ""ל",false,,15.90,2.2714,true,1,315665
7290117860649,false,הוואי שמפו קרטין קיק ללא סולפטים 700 מל,"טרופיקל גליל בע""מ",IL,שמפו ללא סולפטים הוו,מיליליטרים,700.00,"100 מ""ל",false,,15.90,2.2714,true,1,320565
7290117860748,false,הוואי שמפו תמצית יסמין מעניק נפח 700 מל,"טרופיקל גליל בע""מ",IL,שמפו מעניק נפח הוואי,מיליליטרים,700.00,"100 מ""ל",false,,15.90,2.2714,true,1,320567
7290117860793,false,הוואי מרכך תמצית יסמין מעניק נפח 700 מל,"טרופיקל דגיל בע""\מ",IL,מרכך מעניק נפח הוואי,מיליליטרים,700.00,"100 מ""ל",false,,15.90,2.2714,true,1,320568
7290117860847,false,"הוואי רעננות מושלמת לגבר לשיער, גוף, פנים וזקן","טרופיקל גליל בע""מ",IL,שמפו 4 ב 1 לגבר רעננ,מיליליטרים,700.00,"100 מ""ל",false,,15.90,2.2714,true,1,320569
7290117860946,false,"תחליב רחצה יוגורט בניחוח קוקוס 700 מ""ל הוואי","טרופיקל דגיל בע""\מ",IL,תחליב רחצה יוגורט בנ,מיליליטרים,700.00,"100 מ""ל",false,,15.90,2.2714,true,1,319074
7290117860991,false,"תחליב רחצה יוגורט בניחוח שקדים 700 מ""ל הוואי","טרופיקל דגיל בע""\מ",IL,תחליב רחצה יוגורט בנ,מיליליטרים,700.00,"100 מ""ל",false,,15.90,2.2714,true,1,319075
7290117900932,false,גרעין אבטיח קלוי 130 גרם,דין שיווק וקלייה בעמ,IL,גרעיני אבטיח קלויים,גרמים,130.00,100 גרם,false,,10.90,8.3846,true,1,270932
7290117900949,false,בוטנים מצופים אמריקאים 250 גרם,"שקדיה גבע תעשיות בע""",IL,בוטנים מצופים אמריק,גרמים,250.00,100 גרם,false,,10.90,4.3600,true,1,270933
7290117900956,false,תערובת פיצוחים קלויים ששון הקולה 180 גרם,"שקדיה גבע תעשיות בע""",IL,תערובת פיצוחים קלויי,גרמים,180.00,100 גרם,false,,15.90,8.8333,true,1,270934
7290117900963,false,בוטנים קלויים ששון ה,דין שיווק וקלייה בעמ,IL,בוטנים קלויים 270 גר,גרמים,270.00,100 גרם,false,,10.90,4.0370,true,1,270935
7290117900970,false,שקדים קלויים ששון הקולה 180 גם,דין שיווק וקלייה בעמ,IL,שקד קלוי 180 גרם,גרמים,180.00,100 גרם,false,,15.90,8.8333,true,1,270936
7290117900987,false,אגוז פקאן קלוף ששון הקולה 140 גרם,"שקדיה גבע תעשיות בע""",IL,פקאן קלוף 140 גרם,גרמים,140.00,100 גרם,false,,15.90,11.3571,true,1,270937
7290117901007,false,פיסטוקים קלויים ששון הקולה 130 גרם,"שקדיה גבע תעשיות בע""",IL,פיסטוק קלוי 130 גרם,גרמים,130.00,100 גרם,false,,15.90,12.2308,true,1,270939
7290117901014,false,קשיו קלוי ששון הקולה 160 גרם,"שקדיה גבע תעשיות בע""",IL,קשיו קלוי 160 גרם,גרמים,160.00,100 גרם,false,,15.90,9.9375,true,1,270940
7290117901021,false,קבוקים בוטנים מצופים עם שומשום 220 גרם,"שקדיה גבע תעשיות בע""",IL,קבוקים בוטנים מצופים,גרמים,220.00,100 גרם,false,,10.90,4.9545,true,1,270941
7290117901038,false,אגוזי מלך קלופים ששון הקולה 190 גרם,"שקדיה גבע תעשיות בע""",IL,אגוז מלך קלוף 190 גר,גרמים,190.00,100 גרם,false,,15.90,8.3684,true,1,270942
7290117901052,false,שקדים קלופים ששון הק,"שקדיה גבע תעשיות בע""",IL,שקד קלוף 180 גרם,גרמים,180.00,100 גרם,false,,15.90,8.8333,true,1,270944
7290117901267,false,ממרח פלפלים אדומים וחצילים קלויים שקדיה 290 גרם,קרס סר-קאן גידה לטד,TR,ממרח חצילים קלויים ו,גרמים,290.00,100 גרם,false,,14.90,5.1379,true,1,324117
7290117901274,false,ממרח זיתים שקדיה 290 גרם,קרס סר-קאן גידה לטד,TR,ממרח זיתים גורמט 290,גרמים,290.00,100 גרם,false,,14.90,5.1379,true,1,324060
7290118420071,false,במבה ביסלי ברביקיו מיקס 80ג' אסם,"אסם השקעות בע""\מ",IL,במבה ביסלי ברביקיו מ,גרמים,80.00,100 גרם,false,,4.90,6.1250,true,1,310307
7290118420477,false,אסם בייגלה שטוחים בטעם ביסלי בצל 300 גרם,"אסם תעשיות בע""מ",IL,בייגלה שטוחים בטעם ב,גרמים,300.00,100 גרם,false,,11.90,3.9667,true,1,310563
7290118420514,false,אינסטנט פודינג בטעם נוגט אסם 75 גרם,"אסם תעשיות בע""מ",IL,אינסטנט פודינג נוגט,גרמים,80.00,100 גרם,false,,6.50,8.1250,true,1,308344
7290900010367,false,טורטייה שמינייה משקל נקי 360 ג' Avel,Turka Invest,PL,טורטייה אבאל 360 גרם,גרמים,360.00,100 גרם,false,,10.90,3.0278,true,1,48888
7296021131394,false,סכין מולטי משוננת מ,,,סכין מולטי משוננת מ,יחידה,0.00,יחידה,false,,19.90,0.0000,true,1,28470
7296021133572,false,כף ספגטי ידית שחורה,,,כף ספגטי ידית שחורה,יחידה,0.00,יחידה,false,,15.90,0.0000,true,1,45173
7296021133602,false,מועך תפוחי אדמה ידית שחורה,KIS CHINA,CN,מועך תפו'א ידית שחור,יחידה,0.00,יחידה,false,,15.90,0.0000,true,1,45176
7296021133688,false,תפוחון ידית שחורה נע,,,תפוחון ידית שחורה נע,יחידה,0.00,יחידה,false,,9.90,0.0000,true,1,45184
7296021137860,false,קולפן רחב חותך לרצועות כרוב,נעמן,,חותך רצועות כרוב קול,יחידה,0.00,יחידה,false,,17.90,0.0000,true,1,235948
7296021140990,false,כף בישול ידית משולבת,,,כף בישול ידית משולבת,יחידה,0.00,יחידה,false,,21.90,0.0000,true,1,236047
7296021269011,false,מאג ג'מבו 650 מל קרמ,,,"מאג ג'מבו 650 מ""ל רק",יחידה,0.00,יחידה,false,,19.90,0.0000,true,1,267305
7296021273643,false,סט סכיני ירקות פרפקט,,,סט סכיני ירקות פרפקט,יחידה,0.00,יחידה,false,,22.50,0.0000,true,1,236833
7296082000035,false,"ביצים ""פלוס"" 6 יחידות",המכון למיון ושיווק ב,IL,6 ביצים L אומגה ביצה,יחידה,0.00,יחידה,false,,14.90,0.0000,true,1,43372
7296102210727,false,סט 4 קופסאות עגול,,,סט 4 קופסאות עגול,יחידה,0.00,יחידה,false,,19.90,0.0000,true,1,221812
7296102266038,false,קרש חיתוך פלסטיק 26*,,,קרש חיתוך פלסטיק 26*,יחידה,0.00,יחידה,false,,18.90,0.0000,true,1,116996
7296102266113,false,קרש חיתוך פלסטיק ג',,,קרש חיתוך פלסטיק ג',יחידה,0.00,יחידה,false,,16.90,0.0000,true,1,123092
7296102521748,false,סט 4 קופסאות פלסטיק,,,סט 4 קופסאות פלסטיק,יחידה,0.00,יחידה,false,,19.90,0.0000,true,1,192967
7297094011002,false,שלישיית חיתולי טטרה בנים,,,חיתולי בד בנים מודפס,יחידה,0.00,יחידה,false,,29.90,0.0000,true,1,52634
7297395000026,false,בדית בדי טהרה שלישייה,חן המעין בעמ,IL,בדי בדיקה,יחידה,0.00,יחידה,false,,14.00,0.0000,true,1,34229
7297425473240,false,סט דיסני מיקרו 160/2,,,סט דיסני מיקרו 160/2,יחידה,0.00,יחידה,false,,169.90,0.0000,true,1,199290
7297488098152,false,דגש קמח חומוס ללא גל,אף.סי תבליני בגליל ב,IL,דגש קמח חומוס ללא גל,גרמים,500.00,100 גרם,false,,16.90,3.3800,true,1,105041
7297488098299,false,קמח טפיוקה ללא גלוטן500ג,אף סי תבליני הגליל ב,IL,דגש קמח טפיוקה 500 ג,גרמים,500.00,100 גרם,false,,6.90,1.3800,true,1,104996
7297488098688,false,דגש פצפוצי אורז מלא ללא תוספת סוכר ומלח 450 גרם,משובח תעשיות מזון,IL,דגש פצפוצי אורז מלא,גרמים,450.00,100 גרם,false,,22.90,5.0889,true,1,105057
7297488199620,false,פצפוצי אורז מלא תפוח ללא גלוטן,דגש- דוכן גן שמואל,FR,דגש פצפוצי אורז מלא,גרמים,450.00,100 גרם,false,,22.90,5.0889,true,1,105058
7297488199859,false,"מצות מקמח תפו""א 300 גרם","פסח בא בע""מ",FR,מצות מקמח תפוחי אדמה,גרמים,300.00,100 גרם,false,,25.90,8.6333,true,1,123002
7312040017683,false,"אבסולוט וודקה, 700 מ''ל",חברת אבסולוט,SE,אבסולוט וודקה 700 מל,מיליליטרים,700.00,"100 מ""ל",false,,75.90,10.8429,true,1,33771
7394376123337,false,"משקה שיבולת שועל אורגני מפוקח ע""י סקאל",טרנסומס פוד איי.בי,SE,משקה שיבולת שועל אור,ליטרים,1.00,ליטר,false,,16.90,16.9000,true,1,79517
7394376616778,false,אוטלי משקה שיבולת שועל להקצפה בריסטה 1 ליטר,טרנסומס פוד,SE,משקה שיבולת שועל להק,ליטרים,1.00,ליטר,false,,18.90,18.9000,true,1,79503
7501013101348,false,"נקטר בטעם מנגו 500 מ""ל JUMEX",חומקס קומר קומרסאליזדורה,MX,ג'ומקס נקטר מנגו 473,מיליליטרים,473.00,"100 מ""ל",false,,8.30,1.7548,true,1,39396
7501013101393,false,"נקטר בטעם אננס טבעי 500 מ""ל JUMEX",חומקס קומר קומרסאליזדורה,MX,ג'ומקס נקטר אננס 473,מיליליטרים,473.00,"100 מ""ל",false,,8.30,1.7548,true,1,39399
7501013122039,false,נקטר מנגו ג'ומקס בקרטונית 1 ליטר,חומקס קומר קומרסאליזדורה,MX,ג'ומקס נקטר מנגו קרט,ליטרים,1.00,ליטר,false,,10.90,10.9000,true,1,39403
7501013122114,false,"נקטר משקה אננס בקרטונית ג'ומקס, 1 ל'",חומקס קומר קומרסאליזדורה,MX,ג'ומקס נקטר אננס קרט,ליטרים,1.00,ליטר,false,,10.90,10.9000,true,1,39405
7501013122190,false,משקה תפוחים ג'ומקס בקרטונית 1 ליטר,חומקס קומר קומרסאליזדורה,MX,ג'ומקס משקה תפוחים ק,ליטרים,1.00,ליטר,false,,10.90,10.9000,true,1,39406
7501013122992,false,משקה קוקוס אננס ג'ומקס בקרטונית 1 ליטר,חומקס קומר קומרסאליזדורה,MX,ג'ומקס משקה קוקוס אנ,ליטרים,1.00,ליטר,false,,10.90,10.9000,true,1,39407
7501013138047,false,משקה רימונים יוניקו פרסקו ג'ומקס בקרטונית 1 ליטר,חומקס קומר קומרסאליזדורה,MX,יוניקו פרסקו משקה רי,ליטרים,1.00,ליטר,false,,11.90,11.9000,true,1,39413
7501049936945,false,"שישיית בירה סול בקבוק 330 מ""ל",היינקן,NL,מארז שישייה בירה סול,ליטרים,1.98,ליטר,false,,40.90,20.6566,true,1,67981
7501064191398,false,"שישיית בירה קורונה 355 מ""ל בקבוק",קריניציה ויטמינה אס,MX,קורונה מארז שישיה 6*,ליטרים,2.13,ליטר,false,,39.90,18.7324,true,1,29630
7503024460681,false,"שישיית בירה קורונה אקסטרה 355 מ""ל בקבוק",,,שישיית בירה קורונה 3,ליטרים,2.13,ליטר,false,,35.90,16.8545,true,1,330625
7509546663265,false,קולגייט זירו משחת שיניים מנטה עדינה 98 מ,CP-Poland swidnica,PL,קולגייט זירו משחת שי,מיליליטרים,75.00,"100 מ""ל",false,,35.90,47.8667,true,1,113798
7610008059110,false,טבלת שוקולד טורינו מריר 100 גר,קמיל בלוך,,טבלת טורינו מריר 100,גרמים,100.00,100 גרם,false,,16.90,16.9000,true,1,282804
7610100034084,false,מיונז טומי בשפורפרת 265 גרם,נסטלה שוויץ ס.א,CH,מיונז טומי 265 גרם,גרמים,265.00,100 גרם,false,,16.90,6.3774,true,1,12833
7610113011652,false,בריזר - משקה כוהלי מוגז בטעם תפוח,בקרדי בריזר Bacardi Breezer,BE,בקרדי בריזר תפוח 275,מיליליטרים,275.00,"100 מ""ל",false,,14.90,5.4182,true,1,79092
7610243004463,false,"דורגול - מרסס להסרת אבנית במקלחון 600 מ""ל",יעקבי- דורגול Durgol,CH,דורגול מסיר אבן מרסס,יחידה,0.00,יחידה,false,,27.70,0.0000,true,1,11424
7610400068505,false,לינדט לינדור בונבוניירה שוקולד חלב 200 גרם,לינדט ושפרונגלי קילשברג,CH,לינדור בונבוניירה חל,גרמים,200.00,100 גרם,false,,33.90,16.9500,true,1,13830
7610400068529,false,לינדט לינדור בונבוניירה כדורי שוקולד מטעמים 200 גרם,לינדט ושפרונגלי קילשברג,CH,לינדור בונבוניירה אס,גרמים,200.00,100 גרם,false,,33.90,16.9500,true,1,13831
7610400074155,false,לינדט לינדור קוביות במילוי קרם שוקולד 60% מוצקי קקאו 100 גרם,לינדט ושפרונגלי קילשברג,CH,לינדט לינדור 60% 100,גרמים,100.00,100 גרם,false,,18.90,18.9000,true,1,13834
7610400085946,false,לינדט לגרנד דארק אלמונד סולט 150 גרם,לינדט ושפרונגלי קילשברג,CH,לינדט לה גרנד ד.אלמו,גרמים,150.00,100 גרם,false,,24.90,16.6000,true,1,13840
7610400091060,false,שוקולד מריר לינדט אקסלנס בתוספת תפוז ושקדים,לינדט ושפרונגלי קילש,CH,לינדט מריר אקסלנס תפ,גרמים,100.00,100 גרם,false,,18.90,18.9000,true,1,70541
7613030979647,false,דגני בוקר טריקס פירות עולם היורה 480 ג',ג'נרל מילס סאן אדריא,CL,דגני בוקר טריקס 480,גרמים,480.00,100 גרם,false,,27.90,5.8125,true,1,19449
7613031608850,false,פיטנס דגנים מחיטה מלאה ואורז נסטלה 625 גרם,נסטלה צרפת איטנקורט,FR,דגני בוקר פיטנס נסטל,גרמים,625.00,100 גרם,false,,29.70,4.7520,true,1,19454
7613032045753,false,פיטנס - דגני בוקר שוקולד 375 גרם,נסטלה צרפת איטנקורט,FR,דגני פיטנס שוקולד נס,גרמים,375.00,100 גרם,false,,23.90,6.3733,true,1,19455
7613033548192,false,פיטנס - דגני בוקר שוקולד מריר 375 גרם,נסטלה צרפת איטנקורט,FR,דגני בוקר פיטנס שוקו,גרמים,375.00,100 גרם,false,,23.90,6.3733,true,1,19472
7613035548374,false,דגני בוקר גולדן מיניס מחיטה מלאה ותירס,נסטלה פולין דגני בוק,FR,דגני בוקר גולדן מיני,גרמים,570.00,100 גרם,false,,27.90,4.8947,true,1,19497
7613035622623,false,פיטנס - גרנולה שקדים ודבש 300 גרם,שוורצקוף& הנקל דיסלד,LT,פיטנס גרנולה שקדים ו,גרמים,300.00,100 גרם,false,,16.90,5.6333,true,1,19500
7613035635845,false,פיטנס גרנולה שוקולד 14*300 גרם,שוורצקוף& הנקל דיסלד,LT,פיטנס גרנולה שוקולד,גרמים,300.00,100 גרם,false,,16.90,5.6333,true,1,19501
7613035807778,false,פרפקטו רוטב עגבניות לבולונז אסם 400 גרם,אסם פרפקטו Perfecto,ES,פרפקטו רוטב עגבניות,גרמים,400.00,100 גרם,false,,10.90,2.7250,true,1,19504
7613035809109,false,פרפקטו רוטב עגבניות ובזיליקום אסם 400 גרם,אסם פרפקטו Perfecto,ES,פרפקטו רוטב עגבניות,גרמים,400.00,100 גרם,false,,10.90,2.7250,true,1,19505
7613035809857,false,פרפקטו רוטב עגבניות לפסטה ולבישול אסם 400 גרם,אסם פרפקטו Perfecto,ES,פרפקטו רוטב עגבניות,גרמים,400.00,100 גרם,false,,10.90,2.7250,true,1,19507
7613036105576,false,דוגלי עוף לכלבים בוגרים,נסטלה פורינה באק הונ,HU,"דוגלי בוגר עוף 3 ק""ג",קילוגרמים,3.00,"ק""ג",false,,55.90,18.6333,true,1,19515
7613036314114,false,נסקפה גולד Gold קפה נמס מיובש בתוספת קפה קלוי,נסקפה Nescafe,IL,נסקפה גולד 200 גרם,גרמים,200.00,100 גרם,false,,51.00,25.5000,true,1,19526
7613036387798,false,פיטנס דגנים מלאים ואורז פתיתים ויוגורט 350ג',נסטלה צרפת איטנקורט,FR,דגני פיטנס יוגורט נס,גרמים,375.00,100 גרם,false,,23.90,6.3733,true,1,19527
7613036520492,false,פרפקטו רוטב עגבניות לפיצה אסם 400 גרם,אסם פרפקטו Perfecto,ES,פרפקטו רוטב עגבניות,גרמים,400.00,100 גרם,false,,10.90,2.7250,true,1,19529
7613036710879,false,מארז מיני חטיפי קיט קט צ'אנקי Kit Kat Chanky,נסטלה גרמניה,DE,קיט קט צ'אנקי מיני 1,גרמים,194.00,100 גרם,false,,10.00,5.1546,true,1,42060
7613036737623,false,קראנץ' רולס נסטלה 410 גרם,"אסם תעשיות בע""מ",FR,דגני בוקר קראנץ מקס,גרמים,410.00,100 גרם,false,,27.90,6.8049,true,1,19532
7613037012095,false,פיטנס סופר גרנולה שוקולד קינואה ושקדים 300 גרם,NESTLE WATERS,BE,פיטנס גרנולה שוקולד,גרמים,300.00,100 גרם,false,,16.90,5.6333,true,1,19544
7613037012200,false,גרבר מחית תפוח גזר ומנגו 90 גרם פאוץ,"מפעל סברס, נסטלה ספרד ס.",PL,פאוץ' גרבר מחית בטעם,גרמים,90.00,100 גרם,false,,6.90,7.6667,true,1,19545
7613037276091,false,נסטלה מיקס מיני אריזות דגני בוקר 200 גרם,נסטלה Nestle,FR,מיקס מיני אריזות דגנ,גרמים,200.00,100 גרם,false,,20.90,10.4500,true,1,19547
7613037686906,false,פיטנס שקדים ודבש 355 גרם מופחת סוכר,נסטלה צרפת איטנקורט,FR,פיטנס שקדים ודבש נסט,גרמים,355.00,100 גרם,false,,23.90,6.7324,true,1,19548
7613037687132,false,דגני בוקר פיטנס שקדים ודבש 585 גרם,נסטלה צרפת איטנקורט,FR,דגני פיטנס שקדים ודב,גרמים,585.00,100 גרם,false,,28.90,4.9402,true,1,19549
7613037811629,false,דגני בוקר קורנפלקס גו פרי 500 גר',שוורצקוף& הנקל דיסלד,GB,קורנפלקס גו פרי 500,גרמים,500.00,100 גרם,false,,17.90,3.5800,true,1,53381
7613038268262,false,דגני בוקר צ'יריוס דבש ושקדים במתיקות מעודנת,נסטלה פולין דגני בוק,FR,האני נאט ציריוס מופח,גרמים,410.00,100 גרם,false,,20.90,5.0976,true,1,19550
7613038451954,false,דגני בוקר שוקולד מופחת סוכר 410 ג' קראנץ',נסטלה צרפת איטנקורט,FR,קראנץ שוקולד מופחת ס,גרמים,410.00,100 גרם,false,,23.90,5.8293,true,1,19551
7613039547632,false,גרבר מחית תפוח בננה ותות 90 גרם פאוץ,שוורצקוף& הנקל דיסלד,ES,פאוץ' גרבר מחית תפוח,גרמים,90.00,100 גרם,false,,6.90,7.6667,true,1,102700
7613039547731,false,גרבר מחית תפוח עץ ומשמש 90 גרם פאוץ,"מפעל סברס, נסטלה ספרד ס.",ES,פאוץ' גרבר מחית תפוח,גרמים,90.00,100 גרם,false,,6.90,7.6667,true,1,102730
7613039880807,false,גרבר מחית תפוח וגזר 190 גרם,נסטלה פולסקה אס.איי,PL,גרבר מחית תפוח גזר 1,גרמים,190.00,100 גרם,false,,6.90,3.6316,true,1,200500
7613287121783,false,סמארטיס מיני 16*187 גרם,נסטלה גרמניה,DE,סמרטיס מיני 187 גרם,גרמים,187.00,100 גרם,false,,10.00,5.3476,true,1,274331
7613287155832,false,גרבר מחית תפוחי עץ 90 גרם פאוץ,"מפעל סברס, נסטלה ספרד ס.",ES,מחית תפוח פאוץ גרבר,גרמים,90.00,100 גרם,false,,6.90,7.6667,true,1,127616
7613287155863,false,מטרנה מחית אגס פאוץ' 90 גר',"מפעל סברס, נסטלה ספרד ס.",ES,מחית בטעם אגס פאוץ ג,גרמים,90.00,100 גרם,false,,6.90,7.6667,true,1,127603
7613287181411,false,ויטמינציק מחית סלט פירות 110 גרם,"טרופיקל דגיל בע""מ אז",ES,פאוץ סלט פירות ויטמי,גרמים,110.00,100 גרם,false,,5.90,5.3636,true,1,170432
7613287182357,false,מחית אגס תפוח ופירות יער ויטמינצ'יק 110 ג',נסטלה,ES,פאוץ אגס תפוח ופירות,גרמים,110.00,100 גרם,false,,5.90,5.3636,true,1,170434
7613287325808,false,אוסם - דיפ אנד ספרד מטבל איולי שום 295 גרם,נסטלה פולין,PL,רוטב איולי שום לחיץ,גרמים,295.00,100 גרם,false,,15.90,5.3898,true,1,195185
7613287325853,false,אוסם - דיפ אנד ספרד מטבל איולי ספייסי 295 גרם,נסטלה פולין,PL,רוטב ספייסי איולי לח,גרמים,295.00,100 גרם,false,,15.90,5.3898,true,1,195186
7613287394323,false,דגני בוקר מולטי צ'יריוס 600 גרם,נסטלה פולין דגני בוק,GB,מולטי צ'יריוס 100% ד,גרמים,600.00,100 גרם,false,,22.90,3.8167,true,1,151689
7613287476678,false,דגני בוקר סינימיניס צ'ורוס נסטלה 360 ג',נסטלה אוונקה,PT,סינימיניס צ'ורוס 360,גרמים,360.00,100 גרם,false,,27.90,7.7500,true,1,159089
7622010001858,false,עוגיות אוראו ממולאות קרם וניל 176 גרם.,פי אר ג'\יי אס אי מנדלז,UA,עוגיות אוראו סנדביץ,גרמים,176.00,100 גרם,false,,9.90,5.6250,true,1,5123
7622201139278,false,גבינת שמנת 27% שומן 150 ג' פילדלפיה,מיודלז אספניה פרודוק,ES,פילדלפיה גבינת שמנת,גרמים,150.00,100 גרם,false,,16.90,11.2667,true,1,17212
7622201521493,false,גבינת פילדלפיה שום ועשבי תיבול 150 גרם,מיודלז אספניה פרודוק,ES,גבינת שמנת עם שום וע,גרמים,150.00,100 גרם,false,,16.90,11.2667,true,1,280275
7622201798154,false,גבינת שמנת לייט מופחתת שומן 13% שומן,מיודלז אספניה פרודוק,ES,פילדלפיה גבינת שמנת,גרמים,150.00,100 גרם,false,,16.90,11.2667,true,1,186515
7622201801809,false,מילקה שוקולד חלב עם אגוזים 100 גרם חדש,מנדלז דויצ'\לנד סנקס פרו,DE,מילקה שוקוד חלב עם א,גרמים,100.00,100 גרם,false,,6.90,6.9000,true,1,163923
7622201802394,false,שוקולד מילקה חלב מסרונים 100 גרם,מנדלז דויצ'\לנד סנקס פרו,DE,מילקה שוקולד חלב 100,גרמים,100.00,100 גרם,false,,6.90,6.9000,true,1,163909
7622201808631,false,אוראו מיני עוגיות ממולאות קרם וניל 67גרם,פי.טי. מונדלז אינדונ,ID,אוראו מיני כוסות בטע,גרמים,67.00,100 גרם,false,,9.90,14.7761,true,1,169183
7622201813390,false,עוגיות מילקה וואפל במילוי קרם קקאו 150 ג,מונדליז סי.אר. ביסקוויט,CZ,מילקה וואפל במילוי ק,גרמים,150.00,100 גרם,false,,15.90,10.6000,true,1,151517
7622210137234,false,עוגיות אוראו עם דאבל קרים וניל 170 גר,מונדלייז,ES,עוגיות סנדביץ אוראו,גרמים,170.00,100 גרם,false,,9.90,5.8235,true,1,5127
7622210453327,false,עוגיות שוקוצ'יפס במילוי שוקולד סנסיישן,מנדלז פולסקה פרודקשן,PL,מילקה סנסיישן 156 גר,גרמים,156.00,100 גרם,false,,15.90,10.1923,true,1,5131
7622300270506,false,מילקה גריינס - עוגיות שיבולת שועל מצופות שוקולד 168 ג',מונדלז פולסקה פרודקש,PL,מילקה גריינס עוגיות,גרמים,168.00,100 גרם,false,,15.90,9.4643,true,1,5151
7622300489427,false,עוגיות אוראו בציפוי בטעם שוקולד לבן 246 גרם,מנדלז אספנה גאלטס פר,ES,אוראו פאג שוקולד לבן,גרמים,246.00,100 גרם,false,,17.90,7.2764,true,1,5156
7622300489434,false,"עוגיות אוראו פאדג' בציפוי שוקולד חלב, 246 גרם",מנדלז אספנה גאלטס פר,ES,אוראו פאג שוקולד חלב,גרמים,246.00,100 גרם,false,,17.90,7.2764,true,1,5157
7622300503079,false,עוגיות ביסקוויט מצופה שוקולד חלב מילקה 200 גרם,מונדלז פולסקה פרודקש,PL,מילקה מוו - ביסקוויט,גרמים,200.00,100 גרם,false,,15.90,7.9500,true,1,5160
7630311507016,false,סטארבקס קפסולות קפה סאני דיי 10יח,נסטלה שוויץ - קפה,CH,סטארבקס קפסולות סאני,גרמים,57.00,100 גרם,false,,23.90,41.9298,true,1,269541
7630477891592,false,סטארבקס קפסולות קפה האוס בלנד 10 יחידות,נסטלה שוויץ - קפה,CH,קפסולות האוס בלנד סט,גרמים,57.00,100 גרם,false,,23.90,41.9298,true,1,107462
7630477891653,false,סטארבקס קפסולות קפה אספרסו נטול 10 יחידו,נסטלה שוויץ - קפה,CH,סטארבקס קפסולות אספר,גרמים,57.00,100 גרם,false,,23.90,41.9298,true,1,97692
7630477891677,false,סטארבקס קפסולות קפה פייק פלייס 10 יחידות,נסטלה שוויץ - קפה,CH,קפס' פייק פלייס סטאר,גרמים,53.00,100 גרם,false,,23.90,45.0943,true,1,107463
7630477891691,false,סטארבקס קפסולות קפה קולמביה 10 יחידות,נסטלה שוויץ - קפה,CH,סטארבקס קפסולות קולו,גרמים,57.00,100 גרם,false,,23.90,41.9298,true,1,97707
7630477891714,false,סטארבקס קפסולות קפה אספרסו 10 יחידות,נסטלה שוויץ - קפה,CH,קפסולות אספרסו סטארב,גרמים,57.00,100 גרם,false,,23.90,41.9298,true,1,107464
7630477891738,false,סטארבקס קפסולות קפה אספרסו בלונד 10 יחיד,נסטלה שוויץ - קפה,CH,סטארבקס קפסולות אספר,גרמים,53.00,100 גרם,false,,23.90,45.0943,true,1,97693
7638900248333,false,סוללות2025 אנרג'ייזר זוג,אנרג'יזר Energizer,CN,אנרג'ייזר סוללות 202,יחידה,0.00,יחידה,false,,19.90,0.0000,true,1,6084
7638900248357,false,סוללות אנרג'ייזר ליתיום 2032זוג ריפרש,אנרג'ייזר,CN,אנרג'ייזר סוללות 203,יחידה,0.00,יחידה,false,,19.90,0.0000,true,1,6085
7638900426823,false,סוללות מקס D אנרגייזר2יח,אנרג'ייזר,US,סוללת MAX אנרג'ייזר,יחידה,0.00,יחידה,false,,26.90,0.0000,true,1,111931
7702018441075,false,גילט מארז סכינים פיוזן ידני 12 יחידות,דיפלומט,PL,סכיני גילוח פיוזן יד,יחידה,0.00,יחידה,false,,150.90,0.0000,true,1,27345
7702018469383,false,גילט מארז סכיני גילוח פיוזן ידני 12 יחיד,דיפלומט,PL,מארז סכיני גילוח פיו,יחידה,0.00,יחידה,false,,150.90,0.0000,true,1,27348
7702024074625,false,פיטנס - חטיפי קרקר חיטה מלאה 234 גרם,קומסטיבלס לה רוזה אס.איי,CO,פיטנס חטיפי קרקר חיט,גרמים,234.00,100 גרם,false,,13.90,5.9402,true,1,19555
7702174066631,false,לקקן יוגטה פין פופ במילוי מסטיק 170 גר,הדקלאים אגודת שיתופי,EC,יוגטה פינפופ לקקן 10,גרמים,180.00,100 גרם,false,,12.90,7.1667,true,1,42063
7702174068833,false,יוגטה סוכריות קשות על מקל ממולאות טופי בטעמי גלידת פירות 12 יח' 204 גרם,הדקלאים אגודת שיתופי,CO,'לקקן יוגטה אייס קרי,גרמים,216.00,100 גרם,false,,12.90,5.9722,true,1,42067
7702174070201,false,יוגטה לקקן בטעם מסטיק ממולא טופי בטעם תות 12 יח' 204 גרם,הדקלאים אגודת שיתופי,CO,לקקן בטעם מסטיק ממול,גרמים,216.00,100 גרם,false,,12.90,5.9722,true,1,42068
7790580315986,false,סוכריות ממולאות תות 453ג' מהדרין,,AR,סוכריות ממולאות תות,גרמים,470.00,100 גרם,false,,16.90,3.5957,true,1,13313
7790580412654,false,מארז בון בון צהוב 270 גרם,ארקור,MX,בון בון צהוב 270 גרם,גרמים,270.00,100 גרם,false,,18.90,7.0000,true,1,13322
7790580419738,false,ביצי שוקולד במילוי קרם בוטנים,,,ביצי שוקולד בון בון,גרמים,156.00,100 גרם,false,,14.90,9.5513,true,1,119053
7791875005353,false,ריבת חלב הוואנה דוצה דה לצה 450 גרם,מיגה פוד קומרס,ES,הוואנה ריבת חלב 450,גרמים,450.00,100 גרם,false,,19.90,4.4222,true,1,216607
7792860006218,false,סוכריות לקקנים בייבי דול Baby Doll לריטר,גוד פוד פרודקטס S.p,AR,בייבי דול לקקן 20גר,גרמים,24.00,100 גרם,false,,2.90,12.0833,true,1,13842
7798109100075,false,אוכמניות,,,אוכמניות,גרמים,100.00,100 גרם,false,,11.90,11.9000,true,1,167891
7800601801104,false,נר הבדלה פירמידה דקורטיבי,,,נר הבדלה פירמידה דקו,יחידה,0.00,יחידה,false,,17.90,0.0000,true,1,13332
7800601801159,false,סביבון מכני אורות ברשת,,,סביבון מכני אורות בר,יחידה,0.00,יחידה,false,,9.90,0.0000,true,1,13334
7804414000860,false,יין דון חוליו קברנה סוביניון,צ'ילה לואיס פיליפה אדוארדס,CL,דון חוליו קברנה סובנ,מיליליטרים,750.00,"100 מ""ל",false,,30.90,4.1200,true,1,7361
7860001950123,false,מפזר סוכר רשת נירוסטא,,,מפזר סוכר רשת נירוסט,יחידה,0.00,יחידה,false,,14.90,0.0000,true,1,34284
7860001952370,false,סט סוגרי שקיות,,,סוגרים 15,יחידה,0.00,יחידה,false,,10.90,0.0000,true,1,34327
7860001953360,false,מזרק קרם פיקאסו,,,מזרק קרם פיקאסו,יחידה,0.00,יחידה,false,,14.90,0.0000,true,1,34341
7891024030974,false,"קולגייט משחת שיניים טריפל אקשן 75 מ""ל",הנסיך- מפעל לייצור ט,BR,משחת טריפל אקשן קולג,מיליליטרים,75.00,"100 מ""ל",false,,6.90,9.2000,true,1,21869
7891024179482,false,"שטיפת פה קולגייט אופטיק וייט 500מ""ל",יבואן ומשווק: ש. שסט,PL,קולגייט מי פה אופטיק,מיליליטרים,500.00,"100 מ""ל",false,,33.90,6.7800,true,1,21876
7897654496197,true,חנוכייה מתכת,,,חנוכייה מתכת,יחידה,0.00,יחידה,false,,19.90,0.0000,true,1,189528
8000040001106,false,קמפרי ביטר אפרטיף 700מל,דויד קמפרי,IT,"קמפרי 700 מ""ל כשל""פ",מיליליטרים,700.00,"100 מ""ל",false,,99.90,14.2714,true,1,51398
8000070003798,false,קפסולות אספרסו לוואצה דליסיוזו 8 16 יח,לאוג'י לוואצה אס.פי.אי,IT,קפסולת LAVAZZA DELIZ,גרמים,120.00,100 גרם,false,,29.90,24.9167,true,1,299286
8000070010680,false,קפסולות אספרסו לוואצה NCC מותאמות למכונו,לאוג'י לוואצה אס.פי.אי,IT,לוואצ'ה קפסולות קפה,גרמים,50.00,100 גרם,false,,18.90,37.8000,true,1,196589
8000070081000,false,קפסולות קפה אספרסו הרמוניקו 8 10 יחידות,לאוג'\י לוואצה אס.פי.אי,IT,לוואצ'ה קפסולות קפה,גרמים,50.00,100 גרם,false,,18.90,37.8000,true,1,42071
8000215204219,false,ויטריז משקה חלב אורז אורגני 1ל',בטר אנד דיפרנט,IT,משקה אורז אורגני 1 ל,ליטרים,1.00,ליטר,false,,14.90,14.9000,true,1,105086
8000215204240,false,ויטאריז משקה שקדים ואורז אורגני 1 ליטר,בטר אנד דיפרנט,IT,משקה שקדים ואורז אור,ליטרים,1.00,ליטר,false,,14.90,14.9000,true,1,105105
8000215204653,false,משקה סויה אורגני 1ליטר,בטר אנד דיפרנט,IT,משקה סויה 1 ליטר -,ליטרים,1.00,ליטר,false,,14.50,14.5000,true,1,105089
8000215204677,false,ויטריז - משקה שיבולת שועל בריסטה אורגני,בטר אנד דיפרנט,IT,משקה שיבולת שועל אור,ליטרים,1.00,ליטר,false,,14.90,14.9000,true,1,223050
8000215204714,false,משקה שיבולת שועל אורגני 1 ליטר PRIMAVENA,בטר אנד דיפרנט,IT,משקה שיבולת שועל אור,ליטרים,1.00,ליטר,false,,14.90,14.9000,true,1,105090
8000380003723,false,וופל אגוזים בציפוי שוקולד לואקר 100 גרם,קריניציה ויטמינה אס,IT,גרנד פטיסרי ופל אגוז,גרמים,100.00,100 גרם,false,,13.90,13.9000,true,1,12838
8000380003761,false,וופל גרנד פטיסרי שוקולד וקוקוס לואקר 100 גרם,קריניציה ויטמינה אס,IT,גרנד פטיסרי ופל קוקו,גרמים,100.00,100 גרם,false,,13.90,13.9000,true,1,12840
8000380004676,false,קוביות וופל סנדוויץ Sandwich עם וניל וחלב,"א. לואקר, קונפקט ג'י",AT,לואקר וופל קרם וניל,גרמים,200.00,100 גרם,false,,13.90,6.9500,true,1,12844
8000380004911,false,קוביות וופל קואדרטיני Quadratini קרם אגוזים,קריניציה ויטמינה אס,AT,וופל קואדרטיני אגוז,גרמים,250.00,100 גרם,false,,15.90,6.3600,true,1,12846
8000380004966,false,וופל קוארדטיני לואקר קוביות שוקולד 250ג',קריניציה ויטמינה אס,AT,וופל קואדרטיני קקאו,גרמים,250.00,100 גרם,false,,15.90,6.3600,true,1,12849
8000380007219,false,וופלים בטעם אגוזים לואקר 175 גרם,ליימן מותגים,AT,וופל לואקר אגוז 175,גרמים,175.00,100 גרם,false,,12.90,7.3714,true,1,12855
8000380007257,false,וופל גרדנה אגוזים לואקר 200 גרם,קריניציה ויטמינה אס,IT,.וופל מצופה שוקולד ג,גרמים,200.00,100 גרם,false,,15.90,7.9500,true,1,12857
8000380007264,false,וופלים בטעם קקאו לואקר 175 גרם,קריניציה ויטמינה אס,AT,וופל לואקר קקאו 175,גרמים,175.00,100 גרם,false,,12.90,7.3714,true,1,12858
8000380007271,false,וופל במילוי קרם חלב לואקר 175 גרם,ליימן מותגים,AT,וופל לואקר חלב 175 ג,גרמים,175.00,100 גרם,false,,12.90,7.3714,true,1,12859
8000380106028,false,טורטינה לואקר וופל שוקולד ואגוזים שישיה 125ג',קריניציה ויטמינה אס,IT,1/6 טורטינה אורגינל,גרמים,125.00,100 גרם,false,,18.90,15.1200,true,1,12861
8000380142484,false,קוביות וופל קואדרטיני Quadratini בטעם שוקולד מריר,"אינסטנטה בע""מ",AT,וופל קואדרטיני שוקול,גרמים,250.00,100 גרם,false,,15.90,6.3600,true,1,12862
8000380153534,false,מארז וופל שוקולד טורטינה Tortina שוקולד לבן,א. לואקר אס. פי. אי-אי.,IT,טורטינה לבן 125 גרם,גרמים,125.00,100 גרם,false,,18.90,15.1200,true,1,12874
8000380180721,false,לואקר וופל קקאו במילוי קרם חלבי 175 גר,קריניציה ויטמינה אס,AT,וופל לואקר קלאסיק שו,גרמים,175.00,100 גרם,false,,12.90,7.3714,true,1,12887
8000380180745,false,וופל קוביות קקאו במילוי קרם חלב לואקר 250 גרם,"א. לואקר, קונפקט ג'י",AT,וופל קואדרטיני לואקר,גרמים,250.00,100 גרם,false,,15.90,6.3600,true,1,12888
8000380187300,false,עוגיות חמאה עם שוקולד חלב לואקר 120 גר,לואקר Loacker,AT,עוגיות לואקר פתיתי ש,גרמים,120.00,100 גרם,false,,15.90,13.2500,true,1,101986
8000380192151,false,טורטינה טריפל שוקולד מריר לואקר 125 גרם,א. לואקר אס. פי. אי-אי.,IT,טורטינה טריפל שוקולד,גרמים,125.00,100 גרם,false,,18.90,15.1200,true,1,224911
8000380206896,false,וופל גרדנה חמאת בוטנים לואקר 200 גרם,ליימן מותגים,IT,לואקר גרדנה חמאת בוט,גרמים,200.00,100 גרם,false,,15.90,7.9500,true,1,275677
8000380207183,false,שוקולד לואקר טורטינה חמאת בוטנים 126 גר,ליימן מותגים,IT,טורטינה 1/6 חמאת בוט,גרמים,126.00,100 גרם,false,,18.90,15.0000,true,1,274537
8000500018828,false,שלישיית קינדר שוקולד חצי מטר 100 גרם,קדבורי,IT,שוקולד חצי מטר קינדר,גרמים,300.00,100 גרם,false,,20.90,6.9667,true,1,41450
8000500023976,false,בונבוניירת רפאלו פררו 150 גרם,פררו - אלבה,PL,בונבוניירת רפאלו 150,גרמים,150.00,100 גרם,false,,17.90,11.9333,true,1,41452
8000500026731,false,שוקולד ביצי הפתעה קינדר שלישייה,פררו אס.פי.אי,IT,קינדר ביצי שוקולד 3*,גרמים,60.00,100 גרם,false,,16.00,26.6667,true,1,41453
8000500029350,false,מארז קינדר בואנו Kinder Bueno שלוש יחידות,פררו - אלבה,PL,קינדר בואנו 3*43 גרם,גרמים,129.00,100 גרם,false,,10.50,8.1395,true,1,41454
8000500032237,false,בונבונרייה פררו רושר 375 גרם,פררו - אלבה,IT,רושר 375 גרם,גרמים,375.00,100 גרם,false,,45.90,12.2400,true,1,41455
8000500037874,false,בונבונרייה פררו רושר 200 גרם,פררו - אלבה,IT,בונבוניירת רושר 200ג,גרמים,200.00,100 גרם,false,,27.90,13.9500,true,1,41457
8000500071083,false,אצבעות שוקולד קינדר Kinder שש עשרה יחידות,פררו - אלבה,IT,קינדר אצבעות שוקולד,גרמים,200.00,100 גרם,false,,12.90,6.4500,true,1,41459
8000500126325,false,ביצי שוקולד הפתעה קינדר ג'וי ורוד בנות שלישיה,פררו - אלבה,ZA,קינדר גוי 1/3 ורוד 3,גרמים,60.00,100 גרם,false,,14.90,24.8333,true,1,41464
8000500172810,false,סוכריות בטעם תות שדה מנטה- מארז רביעייה,פררו - אלבה,EC,טיק טק תות שדה 4*16ג,גרמים,64.00,100 גרם,false,,10.90,17.0313,true,1,41471
8000500227848,false,נוטלה - בי רדי אצבעות ביסקוויט במילוי שוקולד 6 יח' * 22 גרם,פררו,IT,'וופל מלוח במילוי ממ,גרמים,132.00,100 גרם,false,,12.90,9.7727,true,1,41478
8000500249352,false,קינדר בואנו מיני מיקס שקית 205 ג',פררו - אלבה,PL,קינדר בואנו מיני מיק,יחידה,0.00,יחידה,false,,20.90,0.0000,true,1,41486
8000500256213,false,שוקולד מיני קינדר 120 גרם,פררו - אלבה,IT,פרר-קינדר שוקולד מינ,גרמים,120.00,100 גרם,false,,10.90,9.0833,true,1,41488
8000500267103,false,קינדר דליס עוגת ספוג קקאו במילוי חלבי*10,קינדר Kinder,IT,פררו-קינדר דליס עשיר,יחידה,0.00,יחידה,false,,22.90,0.0000,true,1,41492
8000500294345,false,רושר איש שלג שוקולד חלב ואגוזי לוז 90 גר,פררו,PL,פררו איש שלג 90 גרם,גרמים,90.00,100 גרם,false,,14.90,16.5556,true,1,36749
8000500353738,false,רביעיה סוכריות בטעם מנטה חזק 4 * 16 ג' טחק טק,פררו,ZA,טיק טק בטעם מנטה חזק,גרמים,64.00,100 גרם,false,,10.90,17.0313,true,1,268084
8000500360262,false,קינדר שוקולד דמויות חנוכה,צ'וקטה,PL,קינדר חנוכיה 135 גרם,גרמים,135.00,100 גרם,false,,17.90,13.2593,true,1,102075
8000500386941,false,"ממרח קקאו עם אגוזי לוז, 900 גרם",קדבורי,IT,ממרח קקאו עם אגוזי ל,גרמים,900.00,100 גרם,false,,33.90,3.7667,true,1,254491
8000798000925,false,מטאטא רך שיער איטלקי עבה,,IT,מטאטא יהלום,יחידה,0.00,יחידה,false,,12.90,0.0000,true,1,13598
8001003100164,false,יוגטה סוכריות ג'לי בטעמי פירות 450 גרם,יוגטה yogueta,IT,יוגטה סוכריות ג'לי פ,גרמים,450.00,100 גרם,false,,12.90,2.8667,true,1,42084
8001090222725,false,"הרבל אסנסס - שמפו שמן מורינגה 400 מ""ל",הרבל אסנס Herbal Essences,FR,שמפו שמן מורינגה הרב,מיליליטרים,400.00,"100 מ""ל",false,,14.90,3.7250,true,1,27397
8001090336446,false,פמפרס בייבי דריי חיתולים מידה 4 34 יח,פרוקטר אנד גמבל,DE,פמפרס בייבי דריי מיד,יחידה,0.00,יחידה,false,,33.90,0.0000,true,1,27404
8001090336491,false,פמפרס בייבי דריי חיתולים מידה +4 31 יח,פרוקטר אנד גמבל,DE,פמפרס בייבי דריי מיד,יחידה,0.00,יחידה,false,,33.90,0.0000,true,1,27405
8001090336521,false,פמפרס בייבי דריי חיתולים מידה 5 30 יח,פרוקטר אנד גמבל,DE,פמפרס בייבי דריי מיד,יחידה,0.00,יחידה,false,,33.90,0.0000,true,1,27406
8001090379337,false,פמפרס פרימיום קר חיתולים שלב 3 40 יח VP,פרוקטר אנד גמבל,PL,חיתולי פמפרס פרימיום,יחידה,0.00,יחידה,false,,35.90,0.0000,true,1,27416
8001090493637,false,"הד אנד שולדרס שמפו אולטרא טוטאל קר 450 מ""ל",פרוקטר אנד גמבל,RO,שמפו אולטרא טוטאל קר,מיליליטרים,450.00,"100 מ""ל",false,,19.90,4.4222,true,1,27429
8001090832450,false,"שמפו פנטן הנוסחה הקלאסית 660 מ""ל",פרוקטר אנד גמבל,RO,שמפו הנוסחה הקלאסית,מיליליטרים,660.00,"100 מ""ל",false,,21.90,3.3182,true,1,67196
8001090832535,false,"שמפו פנטן שמן מרוקאי משקם 660 מ""ל",פרוקטר אנד גמבל,RO,שמפו שמן מרוקאי משקם,מיליליטרים,660.00,"100 מ""ל",false,,21.90,3.3182,true,1,67197
8001090832573,false,"שמפו פנטן לחות מוגברת 660 מ""ל",פרוקטר אנד גמבל,RO,שמפו לחות מוגברת פנט,מיליליטרים,660.00,"100 מ""ל",false,,21.90,3.3182,true,1,67198
8001090832818,false,מרכך פנטן הנוסחה הקלאסית לשיער רגיל ומעורב,פרוקטר אנד גמבל,RO,מרכך נוסחה קלאסית פנ,מיליליטרים,660.00,"100 מ""ל",false,,21.90,3.3182,true,1,67199
8001090832894,false,מרכך לשיער חלש ופגום לחות מוגברת,פרוקטר אנד גמבל,RO,מרכך לחות מוגברת פנט,מיליליטרים,660.00,"100 מ""ל",false,,21.90,3.3182,true,1,67201
8001090899194,false,תחבושות אולוויז פלטינום נורמל 24 יחידות,פרוקטר אנד גמבל,DE,תחבושות פלטינום נורמ,יחידה,0.00,יחידה,false,,24.90,0.0000,true,1,27481
8001090899286,false,תחבושות אולוויז פלטינום לילה בטוח 14 יח',פרוקטר אנד גמבל,DE,תחבושות פלטינום לילה,יחידה,0.00,יחידה,false,,24.90,0.0000,true,1,27484
8001160001786,false,"משקה אנרגיה גטורייד ספורט כחול 500מ""ל",אקווה מינרלה סאן בנדטו,IT,גטורייד ספורט כחול 5,יחידה,500.00,יחידה,false,,10.40,0.0208,true,1,39418
8001505000306,false,נטורפוד מעדן פירות יער אורגני 250 גרם,פיור די פרוטה,IT,מעדן פירות יער אורגנ,גרמים,250.00,100 גרם,false,,21.90,8.7600,true,1,105121
8001505001105,false,ממרח אגוזי לוז פרווה אורגני 270 גרם,ריג'\וני דה אסינו,IT,ממרח אגוזי לוז אורגנ,גרמים,270.00,100 גרם,false,,21.90,8.1111,true,1,105496
8001561024131,false,גושי טונה בהירה עם פלפל צ'ילי חריף,גיאצינטו קליפו,IT,טונה עם צילי בשמן זי,גרמים,240.00,100 גרם,false,,30.90,12.8750,true,1,256473
8001561521708,false,גושי טונה במיי מלח זוגות 2*160 גר קליפו,גיאצינטו קליפו,IT,נתחי טונה בהירה במי,גרמים,320.00,100 גרם,false,,35.90,11.2187,true,1,256732
8001620011935,false,"סן בנדטו- מים מינרלים מוגז - מארז שישיית 500 מ""ל",אקווה מינרלה סאן בנד,IT,סאן בנדטו מוגז 6*500,ליטרים,3.00,ליטר,false,,14.90,4.9667,true,1,9556
8001620015636,false,"משקה פרוטה מיקס פירות 400 מ""ל",אקווה מינרלה סאן בנדטו ב,IT,סן בנדטו בטעם מיקס פ,מיליליטרים,400.00,"100 מ""ל",false,,7.50,1.8750,true,1,132274
8001620017456,false,"סן בנדטו ספורט, מים מינרלים טבעיים 500 מ""ל שישייה",אקווה מינרלה סאן בנדטו ב,IT,סאן בנדטו פקק ספורט,ליטרים,3.00,ליטר,false,,15.90,5.3000,true,1,9558
8001620018408,false,"משקה פירות בטעם מנגו תפוח 400 מ""ל פרוטה",אקווה מינרלה סאן בנדטו ב,IT,סן בנדטו מנגו תפוח פ,מיליליטרים,400.00,"100 מ""ל",false,,7.50,1.8750,true,1,216150
8001841053806,false,תחבושות היגייניות אולוויז מקסי עבה לילה,פרוקטר אנד גמבל,HU,תחבושות עבה לילה אול,יחידה,0.00,יחידה,false,,13.90,0.0000,true,1,27500
8001841104799,false,פמפרס פרימיום קר חיתולים שלב 2 46 יח VP,פרוקטר אנד גמבל,PL,חיתולי פמפרס פרימיום,יחידה,0.00,יחידה,false,,35.90,0.0000,true,1,27503
8001841400662,false,טייד א. כביסה קולור 10קג,פרוקטור אנד גמבל,TR,טייד אבקת כביסה קולו,קילוגרמים,10.00,"ק""ג",false,,62.90,6.2900,true,1,27512
8001841470252,false,נוזל ניקוי כלים פייר,,,נוזל ניקוי כלים פייר,מיליליטרים,500.00,"100 מ""ל",false,,10.90,2.1800,true,1,325491
8001841470290,false,נוזל ניקוי כלים פייר,,,נוזל ניקוי כלים פייר,מיליליטרים,750.00,"100 מ""ל",false,,14.90,1.9867,true,1,325447
8001841625461,false,סבון כלים פלטינום X3 פעולות להסרת שומנים,פרוקטר אנד גמבל,GB,פיירי נוזל כלים פלטי,מיליליטרים,515.00,"100 מ""ל",false,,10.90,2.1165,true,1,71544
8001841625508,false,"נוזל כלים פיירי פלטינום אורגינל 1.015 ליטר בד""צ",פרוקטר אנד גמבל,GB,פיירי נוזל כלים פלטי,ליטרים,1.01,ליטר,false,,19.90,19.7030,true,1,71558
8001841667782,false,שמפו שולדרס מנטול 40,,,שמפו הד ושולדרס 2 פע,מיליליטרים,400.00,"100 מ""ל",false,,15.90,3.9750,true,1,130589
8001841669519,false,קפסולות לכביסה ALL IN ONE אריאל 55 יחידות,פרוקטר אנד גמבל,FR,קפסולות ג'ל לכביסה א,יח',55.00,יח',false,,65.90,1.1982,true,1,74012
8001841941929,false,אולוויז וליו פק לילה בטוח אקסטרא 16 יחידות,פרוקטר אנד גמבל,DE,אולוויז וליו פק לילה,יחידה,0.00,יחידה,false,,24.90,0.0000,true,1,234183
8001841943961,false,לנור כדוריות בושם בניחוח אוקיינוס 210 גר,פרוקטר אנד גמבל,US,לנור כדוריות הבושם ב,גרמים,210.00,100 גרם,false,,32.90,15.6667,true,1,98723
8001943549122,false,"צ'וקטה מטבעות שוקולד חלב, 40 גרם",ואל קור קורסניני אס אנ ס,IT,צ`וקטה מטבעות שוקולד,גרמים,40.00,100 גרם,false,,4.90,12.2500,true,1,42090
8002267015263,false,שלישייה ביצת הפתעה מאשה והדוב צ'וקטה 20 גרם,צ'וקטה Chocketa,IT,צ'וקטה מארז 3 יח' בי,יח',60.00,יח',false,,13.90,0.2317,true,1,277930
8002267016475,false,ביצת שוקולד הפתעה בוב הבנאי שלישייה 60 ג,מולינו ניקולי s.p.a,IT,צ'וקטה ביצת הפתעה בו,יח',60.00,יח',false,,13.90,0.2317,true,1,42094
8002270436581,false,"שישיית מים סאן פלגרינו פלסט 500 מ""ל",סן-פלגרינו,IT,סאן פלגרינו מים מוגז,ליטרים,3.00,ליטר,false,,32.70,10.9000,true,1,9562
8002270846472,false,סן פלגרינו מים מינרליים טבעיים מוגזים,סן-פלגרינו,IT,סאן פלגרינו 500מל,מיליליטרים,500.00,"100 מ""ל",false,,4.90,0.9800,true,1,9565
8002270866524,false,סן פלגרינו מים מינרליים טבעיים מוגזים,סן פלגרינו San Pellegrino,IT,סאן פלנגרינו מים מינ,ליטרים,1.00,ליטר,false,,8.90,8.9000,true,1,9566
8002450201008,false,"רספברי ספרקלטיני 750 מ""ל",איטליה בוסקה,IT,ורדי ספרקלטיני כשר 7,מיליליטרים,750.00,"100 מ""ל",false,,31.90,4.2533,true,1,7378
8002450206003,false,ורדי רימונים ספרקלטיני,"איי, בי, אינבוו",IT,ורדי ספרקלטיני רימון,מיליליטרים,750.00,"100 מ""ל",false,,31.90,4.2533,true,1,7385
8003130129544,false,סאן קרלו חטיפי תפוחי אדמה פריכ.CROCCANTE,קנדי חשמל ונכסים,IT,חטיף ציפס 50 גרם,גרמים,50.00,100 גרם,false,,5.90,11.8000,true,1,277166
8003340091280,false,לינדט לינדור בונבוניירה 60% מוצקי קקאו 200 גרם,לינדט ושפרונגלי קילשברג,IT,בונבוניירות לינדור 6,גרמים,200.00,100 גרם,false,,33.90,16.9500,true,1,13845
8003477500044,false,"פרימלוצ'י ספגטי מ""ס",,,"פרימלוצ'י ספגטי מ""ס",גרמים,500.00,100 גרם,false,,5.90,1.1800,true,1,305178
8003477500051,false,"פרימלוצ'י ספגטי מ""ס",,,"פרימלוצ'י ספגטי מ""ס",גרמים,500.00,100 גרם,false,,5.90,1.1800,true,1,305179
8003477500327,false,פרימלוצ'י קורנטי 500,,,פרימלוצ'י קורנטי 500,גרמים,500.00,100 גרם,false,,5.90,1.1800,true,1,305180
8003477500365,false,פרימלוצ'י קונקילייה,,,פרימלוצ'י קונקילייה,גרמים,500.00,100 גרם,false,,5.90,1.1800,true,1,305181
8004030022010,false,ירקות גינה עם טונה ריו מרה אינסלטיסימי 160 ג',"בולטון אלימנטרי בע""\מ",IT,טונה וירקות גינה ריו,גרמים,160.00,100 גרם,false,,17.90,11.1875,true,1,21879
8004030026018,false,"מקסיקני עם טונה ריו מרה אינסלטיסימי, 160 ג'","בולטון אלימנטרי בע""\מ",IT,ריו מרה טונה עם שעוע,גרמים,160.00,100 גרם,false,,17.90,11.1875,true,1,21880
8004030044005,false,נתחי טונה בהירה בשמן זית ריו מרה 112גרם,"בולטון אלימנטרי בע""\מ",IT,נתחי טונה בשמן זית ר,גרמים,160.00,100 גרם,false,,18.90,11.8125,true,1,21881
8004030081024,false,נתחי טונה עם שום ופלפל אדום ריו מרה 160 ג',"בולטון אלימנטרי בע""\מ",IT,נתחי טונה שמן זית שו,גרמים,160.00,100 גרם,false,,18.90,11.8125,true,1,21882
8004030102033,false,טונה בשמן זית עם מיץ לימון ופלפל שחור - מארז 3 יח',בולטון אלימנטרי,IT,טונה בשמן עם לימון ו,גרמים,240.00,100 גרם,false,,28.90,12.0417,true,1,21883
8004030177000,false,טונה בשמן זית וצ'ילי ריו מרה מארז 80X3 גר',ריו מארה Rio Mare,IT,טונה בשמן זית עם צ'י,גרמים,240.00,100 גרם,false,,28.90,12.0417,true,1,21885
8004030180000,false,ריו מרה טונה בשמן זית כתית מעולה 3*80 גרם,"בולטון אלימנטרי בע""\מ",IT,ריו מרה טונה בשמן זי,גרמים,240.00,100 גרם,false,,28.90,12.0417,true,1,325158
8004030344938,false,"ריו מרה טונה בשמן זית 3X80 גרם מתכון חדש כשל""פ","בולטון אלימנטרי בע""\מ",IT,טונה בשמן זית ריו מר,גרמים,240.00,100 גרם,false,,28.90,12.0417,true,1,21888
8004030381681,false,ריו מרה נתחי טונה בהירה בשמן זית זוג 160 גר,BOLTON GROUP- RIO,IT,טונה בשמן זית ריו מר,גרמים,320.00,100 גרם,false,,34.90,10.9062,true,1,21891
8004030845046,false,טונה עם ירקות בתוספת עם אורז ריו מרה אינסלטיסימי 160 ג',בולטון אלימנטרי,IT,אינסלטיסימי אורז עם,גרמים,160.00,100 גרם,false,,17.90,11.1875,true,1,21892
8004030860001,false,ירקות עם קוקוס וטונה ריו מרה אינסלטיסימי 160 ג',"בולטון אלימנטרי בע""\מ",IT,קוסקוס וטונה ריו מרה,גרמים,160.00,100 גרם,false,,17.90,11.1875,true,1,21893
8005110002243,false,רכז עגבניות Doppio Concentr בשפופרת 185 ג' MUTTI,"איי, בי, אינבוו",IT,תרכיז MUTTI עגבניות,גרמים,185.00,100 גרם,false,,8.90,4.8108,true,1,95690
8005110060007,false,עגבניות מקולפות 400 גרם MUTTI,,IT,עגבניות MUTTI מקולפו,גרמים,400.00,100 גרם,false,,6.90,1.7250,true,1,51682
8005110170300,false,עגבניות חתוכות דק Polpa - מארז שלישייה,מוטי Mutti,IT,עגבניות MUTTI מרוסקו,קילוגרמים,1.20,"ק""ג",false,,17.90,14.9167,true,1,51683
8005200256587,false,נסטי - תה קר בטעם אפרסק 1.5 ליטר,מפעל סאנפלגרינו S.P.A,IT,נסטי אפרסק 1.5 ליטר,ליטרים,1.50,ליטר,false,,8.90,5.9333,true,1,194313
8005200286584,false,נסטי- תה קר - בטעם מנגו אננס 1.5 ליטר,מפעל סאנפלגרינו S.P.A,IT,נסטי מנגו אננס 1.5 ל,ליטרים,1.50,ליטר,false,,8.90,5.9333,true,1,194327
8005200316588,false,תה קר דיאט בטעם אפרסק נסטי 1.5 ליטר,מפעל סאנפלגרינו s.p.a,IT,נסטי דיאט אפרסק 1.5,ליטרים,1.50,ליטר,false,,11.50,7.6667,true,1,194328
8005803010357,false,גריסיני קלאסי - מקלות אפויים עם שמן זית ומלח,"אינסטנטה בע""מ",IT,גריסיני בטעם קלאסי 1,גרמים,125.00,100 גרם,false,,8.50,6.8000,true,1,12904
8005803010371,false,"גריסיני רוזמרין - מקלות אפויים עם שמן זית, מלח ורוזמרין","אינסטנטה בע""מ",IT,גריסיני עם רוזמרין 1,גרמים,125.00,100 גרם,false,,8.50,6.8000,true,1,12905
8006540106709,false,אולוויז - מגן תחתון נורמל 58 יח',,,מגן תחתון מגה פק נור,יחידה,0.00,יחידה,false,,18.90,0.0000,true,1,323658
8006540404898,false,אולוויז דיסקריט לבריחת שתן לונג פלוס 8יח,פרוקטר & גמבל,DE,תחבושות אולוויז דיסק,יח',8.00,יח',false,,18.90,2.3625,true,1,297940
8006540405031,false,דיסקריט תחבושות לבריחת שתן סמול פלוס 16,פרוקטר & גמבל,DE,תחבושות אולוויז דיסק,יח',16.00,יח',false,,18.90,1.1812,true,1,297942
8006540495186,false,לנור מרכך כביסה מרוכז רגיש בייבי 900 מל,פרוקטר אנד גמבל,FR,לנור מרכך כביסה בייב,מיליליטרים,900.00,"100 מ""ל",false,,16.90,1.8778,true,1,274757
8006540495216,false,"לנור מרכך כביסה מרוכז בניחוח אמאטיסט 900 מ""ל",פרוקטר אנד גמבל,FR,לנור מרכך מרוכז בניח,מיליליטרים,900.00,"100 מ""ל",false,,17.90,1.9889,true,1,274739
8006540628737,false,שמפו הד שולדרס קלאסי,,,שמפו הד שולדרס קלאסי,מיליליטרים,350.00,"100 מ""ל",false,,16.90,4.8286,true,1,299466
8008245004847,true,ממרח אגוזי לוז וקקאו,,,ממרח אגוזי לוז וקקאו,גרמים,300.00,100 גרם,false,,17.90,5.9667,true,1,118035
8008245004861,true,ממרח אגוזי לוז עם חל,,,ממרח אגוזי לוז עם חל,גרמים,300.00,100 גרם,false,,17.90,5.9667,true,1,118036
8008660210021,false,מעדן ריבה מנץ אנד גאססר דובדבן 300 גר,שוורצקוף& הנקל דיסלד,IT,מעדן דובדבן 300 גר`,גרמים,300.00,100 גרם,false,,18.90,6.3000,true,1,24851
8008660210038,false,מעדן ריבה מנץ אנד גאססר תות שדה 300 גר,קריניציה ויטמינה אס,IT,מעדן תות שדה 300 גר`,גרמים,300.00,100 גרם,false,,18.90,6.3000,true,1,24852
8008660210045,false,מעדן פירות יער מנז אנד גאסר ויסוצקי 300 גרם,שוורצקוף& הנקל דיסלד,IT,מעדן פירות יער 300 ג,גרמים,300.00,100 גרם,false,,18.90,6.3000,true,1,24853
8008660210052,false,מעדן פרי תפוז מנז אנד גאסר ויסוצקי 320 גרם,מנז אנד גאסר Menz&Gasser,IT,מעדן פרי תפוז 300 גר,גרמים,300.00,100 גרם,false,,18.90,6.3000,true,1,24854
8008660210069,false,מעדן פרי פסיפלורה מנז אנד גאסר ויסוצקי 320 גרם,מנז אנד גאסר ס.פ.א,IT,מעדן פרי אפרסק פסיפל,גרמים,300.00,100 גרם,false,,18.90,6.3000,true,1,24855
8008912010034,false,ליגורי- ספגטי מספר 3 500גר,מנז'\ אנד גאסר ס.פ.א,IT,פסטה ספגטי מספר 3 -,גרמים,500.00,100 גרם,false,,8.90,1.7800,true,1,269265
8008912010072,false,ליגורי- לינגוויני מספר 7 500גר,מנז'\ אנד גאסר ס.פ.א,IT,פסטה לינגוויני מספר,גרמים,500.00,100 גרם,false,,8.90,1.7800,true,1,269266
8008912010270,false,LIGUORI פסטה קסרצ'ה מספר 27 500 גרם,מנז'\ אנד גאסר ס.פ.א,IT,פסטה קסרצ'ה מספר 27,גרמים,500.00,100 גרם,false,,8.90,1.7800,true,1,269267
8008912010300,false,LIGUORI פסטה פרפלה 500 גרם מספר 30,מנז'\ אנד גאסר ס.פ.א,IT,פסטה פרפלה מספר 30 -,גרמים,500.00,100 גרם,false,,8.90,1.7800,true,1,269268
8008912010331,false,פסטה ניוקטי סרדי בצורת קונכיות LIGUORI,מנז'\ אנד גאסר ס.פ.א,IT,פסטה ניוקטי סרדי בצו,גרמים,500.00,100 גרם,false,,8.90,1.7800,true,1,316011
8008912010423,false,"ליגורי פסטה פנה ריגטה מספר 42, 500 גר'",מנז'\ אנד גאסר ס.פ.א,IT,פסטה פנה ריגטה מספר,גרמים,500.00,100 גרם,false,,8.90,1.7800,true,1,269270
8015997000911,false,מאריני- בישקוטים פריכים 200 גרם,Biscottificio Verona,,בישקוטים פריכים 200,גרמים,200.00,100 גרם,false,,6.90,3.4500,true,1,278754
8017938005122,false,חומץ תפוחים אורגני 750מל,מריה לוצ'יה מלצ'יורי,IT,חומץ תפוחים אורגני 7,מיליליטרים,750.00,"100 מ""ל",false,,20.80,2.7733,true,1,104982
8023788030610,false,שוקולד חלב 300 גרם,,,שוקולד חלב 300 גרם,גרמים,300.00,100 גרם,false,,18.90,6.3000,true,1,286449
8023788030627,false,שוקולד מריר מעולה 3,,,שוקולד מריר מעולה 3,גרמים,300.00,100 גרם,false,,18.90,6.3000,true,1,286434
8023788030658,false,עוגיות מלוחות בטעם ט,,,עוגיות מלוחות בטעם ט,גרמים,400.00,100 גרם,false,,12.90,3.2250,true,1,315019
8023788030665,false,עוגיות מלוחות בטעם ב,,,עוגיות מלוחות בטעם ב,גרמים,400.00,100 גרם,false,,12.90,3.2250,true,1,315020
8023788030672,false,עוגיות מלוחות בתוספת,,,עוגיות מלוחות בתוספת,גרמים,400.00,100 גרם,false,,12.90,3.2250,true,1,315021
8023788030689,false,עוגיות מלוחות בטעם ע,,,עוגיות מלוחות בטעם ע,גרמים,400.00,100 גרם,false,,12.90,3.2250,true,1,315397
8024985000086,false,נטורה נובה - מחית תפוח בננה אורגנית 100% פרי,"נטורפוד בע""מ",IT,נטורה נובה - מחית תפ,גרמים,200.00,100 גרם,false,,9.90,4.9500,true,1,105316
8024985000093,false,מחית תפוח שזיף 100% פרי 200 ג נטורה נובה,"נטורפוד בע""מ",IT,נטורה נובה - מחית תפ,גרמים,200.00,100 גרם,false,,9.90,4.9500,true,1,245817
8024985000109,false,נטורה נובה מחית אגס אורגנית 100% פרי 200 גרם,נטורה נובה,IT,נטורה נובה - מחית אג,גרמים,200.00,100 גרם,false,,9.90,4.9500,true,1,105317
8024985002783,false,סמוזי נטורה נובה גזר ודלעת 100 גרם,נטורה נובה,IT,נטורה נובה - סמוזי ג,גרמים,100.00,100 גרם,false,,5.90,5.9000,true,1,105297
8024985002943,false,סמוזי נטורה נובה תפוח אננס קוקוס 100 גרם,נטורה נובה,IT,נטורה נובה - סמוזי ת,גרמים,100.00,100 גרם,false,,5.90,5.9000,true,1,105298
8024985002950,false,נטורה נובה-סמוזי שזיף אורגני 100 גרם,נטורה נובה,IT,נטורה נובה - סמוזי ש,גרמים,100.00,100 גרם,false,,5.90,5.9000,true,1,245892
8024985005234,false,סמוזי נטורה נובה סמוצי תפוח מנגו 100 גרם,נטורה נובה,IT,נטורה נובה - סמוזי ת,גרמים,100.00,100 גרם,false,,5.90,5.9000,true,1,105318
8024985008037,false,סמוזי נטורה נובה סמוצי תפוח 100 גרם,"נטורפוד בע""מ",IT,נטורה נובה - סמוזי ת,גרמים,100.00,100 גרם,false,,5.90,5.9000,true,1,105300
8024985008044,false,נטורה משקה סמודי אגסים אורגני 100 גר,"נטורפוד בע""מ",IT,נטורה נובה - סמוזי א,גרמים,100.00,100 גרם,false,,5.90,5.9000,true,1,105301
8032804430471,false,פליסיה קופסא - סדניני עדשים אדומות 250 גרם,אף.סי תבליני בגליל ב,IT,פליסיה - סדניני עדשי,גרמים,250.00,100 גרם,false,,14.90,5.9600,true,1,105267
8032804430501,false,פליסיה פסטה פוזילי אפונה אורגני 250 גרם,אף.סי תבליני בגליל ב,IT,פליסיה - פוזילי אפונ,גרמים,250.00,100 גרם,false,,14.90,5.9600,true,1,105268
8032804430846,false,פליסיה פוזילי חומוס אורגני 250 גרם,אנדריאני,IT,חומוס אורגני בצורת א,גרמים,250.00,100 גרם,false,,14.90,5.9600,true,1,228974
8032880800243,false,פיקניק הפתעה - אגוזי לוז ומקלות אפויים,"הוסטה איטליה, ס.ר.ל.",IT,פיקניק הפתעה 50ג,גרמים,50.00,100 גרם,false,,9.90,19.8000,true,1,12912
8076800105056,false,"ברילה ספגטי 1 ק""ג קופסה",ברילה Barilla,IT,פסטה ספגטי בקופסה בר,קילוגרמים,1.00,"ק""ג",false,,12.90,12.9000,true,1,285483
8076800105735,false,"ברילה פנה ריגטה 1 ק""ג קופסה",ברילה Barilla,IT,פנה ריגטה בקופסה ברי,קילוגרמים,1.00,"ק""ג",false,,12.90,12.9000,true,1,285498
8076800195019,false,ברילה - צ.א ספגטי מס1 קפליני 500 גרם,ברילה גי.אי.אר פרטלי ס.פ,IT,ספגטי קפליני מס' 1 ב,גרמים,500.00,100 גרם,false,,6.90,1.3800,true,1,21896
8076800195033,false,ברילה - צ.א ספגטיני מס3 חדש 500 גרם,ברילה גי.אי.אר פרטלי ס.פ,IT,ספגטי מס' 3 ברילה 50,גרמים,500.00,100 גרם,false,,6.90,1.3800,true,1,21897
8076800195057,false,ברילה - צ.א ספגטי מס5 חדש 500 גרם,ברילה גי.אי.אר פרטלי ס.פ,IT,ספגטיני מס' 5 ברילה,גרמים,500.00,100 גרם,false,,6.90,1.3800,true,1,21898
8076802085738,false,ברילה צ.ק פנה רגטה מס' 73 500 גרם,ברילה גי.אי.אר פרטלי ס.פ,IT,פנה רגטה מס' 73 בריל,גרמים,500.00,100 גרם,false,,6.90,1.3800,true,1,21903
8076802085981,false,ברילה - צ.ק פוזילי חדש 500 גרם,ברילה גי.אי.אר פרטלי ס.פ,IT,פסטה פוזילי 98 ברילה,גרמים,500.00,100 גרם,false,,6.90,1.3800,true,1,21906
8076808060654,false,פסטה פרפלה מספר 65 ברילה 500 גרם,ברילה גי.אי.אר פרטלי ס.פ,IT,פסטה פרפלה 65 ברילה,גרמים,500.00,100 גרם,false,,6.90,1.3800,true,1,21908
8076808070882,false,קנלוני מספר 88 ברילה 250 גרם,פאסטיפיקו ריגו אס.אר,IT,קנלוני ברילה 250 גרם,גרמים,250.00,100 גרם,false,,14.90,5.9600,true,1,21909
8076808150072,false,ברילה - צ.א ספגטוני מס7 חדש 500 גרם,ברילה גי.אי.אר פרטלי ס.פ,IT,ספגטי מס' 7 ברילה 50,גרמים,500.00,100 גרם,false,,6.90,1.3800,true,1,21910
8076809501415,false,ברילה קנלוני/פנה 500 ג' מצה פנה טרקולור 500 גרם,"ש. שסטוביץ בע""\מ",IT,ברילה פסטה פנה טריקו,גרמים,500.00,100 גרם,false,,14.90,2.9800,true,1,21911
8076809512268,false,פסטה גירנדולה טורסדס מספר 34 ברילה 500 גרם,ברילה גי.אי.אר פרטלי ס.פ,IT,פסטה גירנדולה מס' 34,גרמים,500.00,100 גרם,false,,6.90,1.3800,true,1,21912
8076809513388,false,רוטב לפסטה ארביאטה ברילה 400 גרם,ברילה גי.אי.אר פרטלי ס.פ,IT,ברילה רוטב ארביאטה 4,גרמים,400.00,100 גרם,false,,16.90,4.2250,true,1,21913
8076809513395,false,ברילה פומודורו רוטב עגבניות קלאסי 400 גר,ברילה גי.אי.אר פרטלי ס.פ,IT,ברילה רוטב פורמודרו,גרמים,400.00,100 גרם,false,,16.90,4.2250,true,1,21914
8076809513654,false,בסיס רוטב עגבניות לבולונז ברילה 400 גרם,ברילה גי.אי.אר פרטלי ס.פ,IT,ברילה רוטב עגבניות ל,גרמים,400.00,100 גרם,false,,16.90,4.2250,true,1,21916
8076809513692,false,רוטב עגבניות נפולטנה בתוספת ירקות,ברילה גי.אי.אר פרטלי ס.פ,IT,ברילה רוטב נפוליטנה,גרמים,400.00,100 גרם,false,,16.90,4.2250,true,1,21917
8076809513739,false,ברילה רוטב עגבניות עם בזיליקום 400 גרם,ברילה גי.אי.אר פרטלי ס.פ,IT,ברילה רוטב בזיליקום,גרמים,400.00,100 גרם,false,,16.90,4.2250,true,1,21919
8076809523561,false,רוטב עגבניות עם עשבי תיבול 400 ג' ברילה,ברילה גי.אי.אר פרטלי ס.פ,IT,ברילה רוטב פסטה טוסק,גרמים,400.00,100 גרם,false,,16.90,4.2250,true,1,21924
8076809523738,false,דפי לזניה ברילה 500 גרם,ברילה גי.אי.אר פרטלי ס.פ,IT,לזניה ברילה 500 גרם,גרמים,500.00,100 גרם,false,,23.90,4.7800,true,1,21927
8076809529419,false,ספגטי מחיטה מלאה מס' 5 500 ג' ברילה,ברילה גי. אי. אר פרט,IT,ספגטי מחיטה מלאה ברי,גרמים,500.00,100 גרם,false,,14.00,2.8000,true,1,21928
8076809545440,false,ספגטי 5 ברילה ללא גלוטן 400 גרם,ברילה ג'.אי.אר פרטלי,IT,ברילה אטריות ללא גלו,גרמים,400.00,100 גרם,false,,15.90,3.9750,true,1,21932
8076809545457,false,ברילה אטריות ללא גלוטן 400 ג' צינורות 400 ג',ברילה ג'.אי.אר פרטלי,IT,ברילה צינורות עבה קמ,גרמים,400.00,100 גרם,false,,15.90,3.9750,true,1,21933
8121300206946,false,ממתיק סיטיביה טרוביה 80 שקיות אישיות,הרתסייד פוד,US,טרוביה - סטיביה ממתי,גרמים,80.00,100 גרם,false,,22.90,28.6250,true,1,111980
8410076600622,false,חטיפי גרנולה קראנצ'י עם שוקולד מריר נייצ'ר ואלי 210 גרם,ג'נרל מילס סאן אדריאן,ES,חטיף קראנצי שבבי שוק,גרמים,210.00,100 גרם,false,,19.90,9.4762,true,1,12917
8410076610386,false,נייטשר ואלי פרוטאין בוטנים עם ציפוי בטעם קרמל מלוח 160 ג',ג'\נרל מילס סאן אדריאן S,ES,נייטשר ואלי פרוטאין,גרמים,160.00,100 גרם,false,,26.90,16.8125,true,1,12925
8410076610492,false,חטיף שיבולת שועל מלאה ובוטנים בציפוי עם חמאת בוטנים,יבואן ומשווק: ש. שסט,GB,חטיף בוטנים ושיבולת,גרמים,150.00,100 גרם,false,,20.90,13.9333,true,1,12926
8410076621009,false,עוגות אישיות בטעם קרמל עם חתיכות בטעם קרמל מלוח,"גלאטס סירו בע""\מ",PT,חטיף פייבר 1 בטעם קר,גרמים,120.00,100 גרם,false,,14.90,12.4167,true,1,109665
8410076621047,false,עוגות אישיות בטעם שוקולד עם חתיכות בטעם שוקולד,"גלאטס סירו בע""\מ",ES,חטיף פייבר 1 בטעם שו,גרמים,120.00,100 גרם,false,,14.90,12.4167,true,1,109678
8410104045111,false,"פיניש מלח למדיח כלים 2ק""ג",רקיט בנקיזר,IL,"פיניש מלח למדיח 2 ק""",קילוגרמים,2.00,"ק""ג",false,,16.90,8.4500,true,1,21097
8410342003508,false,"טוראס- ממרח שוקולד ללת""ס 200 גרם",,ES,ממרח שוקולד ואגוזים,גרמים,200.00,100 גרם,false,,19.90,9.9500,true,1,278339
8410376011203,false,עוגיות מיני רולינו ג,,,עוגיות מיני רולינו ג,גרמים,100.00,100 גרם,false,,6.50,6.5000,true,1,261989
8410376017342,false,עוגיות גולון שוקו ציפס ללא גלוטן 200 גר,גולון,ES,עוגיות עם שבבי שוקול,גרמים,200.00,100 גרם,false,,17.70,8.8500,true,1,18315
8410628460612,false,טונה ספרדית בשמן זית ולימון 190 גרם,קונסורסיו ספרד,ES,טונה ספרדית בשמן זית,גרמים,190.00,100 גרם,false,,28.90,15.2105,true,1,25231
8410655001147,false,בירה סאן מיגל 500 מל פחית,SAN MIGUEL,,סן מיגל בירה 4.5% כה,מיליליטרים,500.00,"100 מ""ל",false,,8.90,1.7800,true,1,307935
8420708012822,false,"גבינת קשקבל ספרדי, 200 גרם",מיוצר עי קונדיטוריית,ES,קשקבל צאן ספרדי בשלה,גרמים,200.00,100 גרם,false,,22.90,11.4500,true,1,17225
8420708018817,false,גב.מנצ'גו כבשים36% 150גר,האי נאם סי או אל.טי.,ES,גבינה מנצ`גו 150 גר`,גרמים,150.00,100 גרם,false,,31.90,21.2667,true,1,17228
8420822130600,false,"ספריי סופר מסיר שומנים 750מ""ל יעקבי",קה לורדה,ES,ספריי סופר מסיר שומנ,מיליליטרים,750.00,"100 מ""ל",false,,18.90,2.5200,true,1,213473
8423207206488,false,סלים דליס חטיף דגנים מצופה שוקולד חלב מרבה 6*20 גרם,אף.סי תבליני בגליל ב,ES,סלים דליס חטיף דגנים,גרמים,120.00,100 גרם,false,,12.90,10.7500,true,1,21948
8423207206495,false,סלים דליס חטיף דגנים מצופה שוקולד מריר מרבה 6*20 גרם,אף.סי תבליני בגליל ב,ES,סלים דליס חטיף דגנים,גרמים,120.00,100 גרם,false,,12.90,10.7500,true,1,21949
8423207206501,false,סלים דליס חטיף דגנים עם שוקולד חלב מרבה 6*13 גרם,סלים דליס Slim Delis,ES,סלים דליס חטיף דגנים,גרמים,120.00,100 גרם,false,,12.90,10.7500,true,1,21950
8423207207362,false,חטיפי סלים דליס שוקולד לבן מרבה 6 יחידות,ביסנצ'ורי אס.אל.יו,ES,סלים דליס חטיף דגנים,גרמים,120.00,100 גרם,false,,12.90,10.7500,true,1,21952
8423207208260,false,מרבה סלים דליס 125 ג' ללא גלוטן שוקולד חלב,ביסנצ'ורי אס.אל.יו,ES,סלים דליס ללא גלוטן,גרמים,78.00,100 גרם,false,,12.90,16.5385,true,1,21955
8423207208680,false,חטיף דגנים שוקולד סלים דליס לילדים מרבה 6 יחידות,ביסנצ'ורי אס.אל.יו,ES,סלים דליס קידס בציפו,גרמים,121.00,100 גרם,false,,12.90,10.6612,true,1,21956
8423207208697,false,חטיפי סלים דליס לילדים שוקולד לבן מרבה 6 יחידות,ביסנצ'ורי אס.אל.יו,ES,סלים דליס קידס עוגיו,גרמים,120.00,100 גרם,false,,12.90,10.7500,true,1,21957
8423207208703,false,חטיפי סלים דליס שוקולד מריר מרבה 6 יחידות,ביסנצ'ורי אס.אל.יו,ES,סלים דליס אקסטרא חטי,גרמים,120.00,100 גרם,false,,12.90,10.7500,true,1,21958
8423207208871,false,פריכיות תירס בטעם טבעי סלים דליס 130 גרם,סלים דליס Slim Delis,ES,פריכיות תירס בטעם טב,גרמים,130.00,100 גרם,false,,10.90,8.3846,true,1,3703
8423207208888,false,פריכיות תירס בטעם עגבניות ועשבי תיבול סלים דליס 123 ג',סלים דליס Slim Delis,ES,פריכיות תירס בטעם עג,גרמים,123.00,100 גרם,false,,10.90,8.8618,true,1,3704
8423207209748,false,חטיף דגנים מלאים שוקולד מריר נגיעות תפוז,ביסנצ'ורי אס.אל.יו,ES,סלים דליס חטיף דגנים,גרמים,120.00,100 גרם,false,,11.90,9.9167,true,1,21959
8423207209885,false,מרבה חטיפי סלים דליס מהדורה מיוחדת שוקולד חלב,סלים דליס Slim Delis,ES,סלים דליס אקסטרא חטי,גרמים,120.00,100 גרם,false,,11.90,9.9167,true,1,21960
8423207210928,false,חטיף דגנים מצופה שוקולד חלב ואגוזי לוז - 5 במארז,נוטרישן אנד סנטה קוב,ES,סלים דליס טופינג בטע,גרמים,90.00,100 גרם,false,,12.90,14.3333,true,1,83520
8424842050016,false,צ'יפס בטעם כמהין 125 גרם רביו,רובין,FR,חטיף צ'יפס בטעם כמהי,גרמים,130.00,100 גרם,false,,13.90,10.6923,true,1,223760
8424842201340,false,צ'יפס בטעם מסורתי פרימיום 130 גרם רביו,,ES,חטיף צ'יפס רביו 130,גרמים,130.00,100 גרם,false,,13.90,10.6923,true,1,223763
8435495805168,false,"תינוקלין לכביסה לעור רגיש אולימפיק 1.25ק""ג",מולינו ניקולי s.p.a,PL,אבקת כביסה תינוקלין,קילוגרמים,1.25,"ק""ג",false,,21.90,17.5200,true,1,42099
8435495805199,false,"אבקת כביסה תינוקלין שקית 3 ק""ג.",מולינו ניקולי s.p.a,TR,אבקת כביסה תינוקלין,קילוגרמים,3.00,"ק""ג",false,,45.90,15.3000,true,1,42100
8435495807605,false,תינוקלין מרכך כביסה היפואלרגני מרוכז 1 ליטר,מולינו ניקולי s.p.a,TR,תינוקלין מרכך כביסה,ליטרים,1.00,ליטר,false,,22.90,22.9000,true,1,42103
8435495807636,false,ג'ל כביסה היפואלרגני 2 ל' תינוקלין,פרוקטר אנד גמבל,TR,תינוקלין ג'ל כביסה 2,ליטרים,2.00,ליטר,false,,38.90,19.4500,true,1,42104
8435495819363,false,תינוקלין מרכך כביסה היפואלרגני 1 ליטר,פרוקטר אנד גמבל,TR,תינוקלין מרכך כביסה,ליטרים,1.00,ליטר,false,,22.90,22.9000,true,1,175690
8437000906209,false,"טורטיה ספרדי קמח 25 ס""מ 325 גרם",Azteca foods europe,ES,8 טורטיות חיטה תומר,גרמים,325.00,100 גרם,false,,8.90,2.7385,true,1,25238
8485818700014,false,משקפיים בנרתיק,,,משקפיים,יחידה,0.00,יחידה,false,,19.90,0.0000,true,1,31541
8594403707977,false,"בירה באדוויזר לאגר פחית 500 מ""ל","מיוצר ע""\י מבשלת טוכרn\",CZ,"באדוויזר לאגר 500 מ""",מיליליטרים,330.00,"100 מ""ל",false,,8.90,2.6970,true,1,323530
8606018615827,false,גלידת וניל עם שברי עוגיות אוראו 480 גרם,פרונרי סרביה,RS,גלידת וניל עם שברי ע,מיליליטרים,300.00,"100 מ""ל",false,,13.90,4.6333,true,1,327208
8606018615841,false,גלידה וניל עם ליבת שוקולד חלב מעולה 480 גרם,פרונרי סרביה,RS,פיינט מילקה וניל ליב,מיליליטרים,300.00,"100 מ""ל",false,,13.90,4.6333,true,1,327192
8606018615865,false,פיינט מילקה קרמל ליבת שוקולד 480 גרם,פרונרי סרביה,RS,פיינט מילקה קרמל ליב,מיליליטרים,300.00,"100 מ""ל",false,,13.90,4.6333,true,1,327193
8606109023647,false,"פרוויטה - מיץ סלק ותפוחי עץ 750 מ""ל",פרובישקה,RS,מיץ פרוויטה מיץ סלק,מיליליטרים,750.00,"100 מ""ל",false,,12.30,1.6400,true,1,147474
8681863065300,false,מלח עם שום קלוי 280 גרם,שף סיזונס גידה סאן,TR,מלח עם שום קלוי 280,גרמים,110.00,100 גרם,false,,25.90,23.5455,true,1,273168
8683323063024,false,יוגטה שטיחים בטעם תותי פרוטי 220 גרם,ליימן מותגים,TR,יוגטה חיספוסים שטיחי,גרמים,220.00,100 גרם,false,,6.90,3.1364,true,1,42111
8686868600051,false,המותג אביזרי שיער,,CN,המותג אביזרי שיער,יחידה,0.00,יחידה,false,,7.90,0.0000,true,1,31039
8686868600068,false,המותג אביזרי שיער,,CN,המותג אביזרי שיער,יחידה,0.00,יחידה,false,,8.90,0.0000,true,1,31040
8686868600075,false,המותג אביזרי שיער,,CN,המותג אביזרי שיער,יחידה,0.00,יחידה,false,,9.90,0.0000,true,1,31041
8686868600129,false,המותג אביזרי שיער,,CN,המותג אביזרי שיער,יחידה,0.00,יחידה,false,,14.90,0.0000,true,1,31045
8686868600150,false,המותג אביזרי שיער,,CN,המותג אביזרי שיער,יחידה,0.00,יחידה,false,,17.90,0.0000,true,1,31046
8686868600235,false,אביזרי טיפוח שונים,,CN,המותג אביזרי שיער,יחידה,0.00,יחידה,false,,12.90,0.0000,true,1,31051
8690504081913,false,מקוויטיס טינס מצופה שוקולד חלב 150 גרם,שוורצקוף& הנקל דיסלד,TR,טינס מצופה שוקולד חל,גרמים,150.00,100 גרם,false,,9.90,6.6000,true,1,24862
8690504081920,false,מקוויטיס טינס מצופה שוקולד מריר 150 גרם,"אולקר ביסקווי סנאי, א.ס.",TR,טינס מצופה שוקולד מר,גרמים,150.00,100 גרם,false,,9.90,6.6000,true,1,24863
8690504153740,false,גודייבה שוקולד מריר במילוי קרם גנאש 86 גרם,ביסקוט ביסקווי סילבר,TR,טבלת שוקולד מריר עם,גרמים,86.00,100 גרם,false,,15.90,18.4884,true,1,24866
8690637073434,false,תה ליפטון ארל גריי 100 שקיקים,ליפטון Lipton,,תה ליפטון ארל גריי 1,גרמים,200.00,100 גרם,false,,24.90,12.4500,true,1,10901
8690637505607,false,בדין אקסטרה מרכך כביסה בניחוח פינוק כחול,יוניליוור סנאיי וי טיקאר,TR,מרכך כביסה אקסטרה כח,מיליליטרים,960.00,"100 מ""ל",false,,16.90,1.7604,true,1,164730
8690637704390,false,"מרכך שיער לטיפוח יום יומי דאב 600 מ""ל",יוניליוור טורקיה. אז,TR,מרכך יום יומי דאב 60,מיליליטרים,600.00,"100 מ""ל",false,,19.90,3.3167,true,1,10937
8690637858734,false,גל לנ.כללי סיף אקונומיקה בנ.לימון 750 מל,יוניליוור ניקיון,IL,סיף ג'ל אקונומיקה לי,מיליליטרים,750.00,"100 מ""ל",false,,12.90,1.7200,true,1,10952
8690637971310,false,"מרכך כביסה מרוכז אקסטרה בניחוח יערת הדבש בדין 960 מ""ל",יוניליוור סנאיי וי טיקאר,TR,בדין אקסטרא פריחת הת,מיליליטרים,960.00,"100 מ""ל",false,,16.90,1.7604,true,1,107490
8690766156367,false,גודייבה שוקולד חלב מעולה 90 גרם,"אולקר מקבוצת פלאדיס,",TR,גודייבה שוקולד חלב מ,גרמים,90.00,100 גרם,false,,15.90,17.6667,true,1,85411
8690766156374,false,גודייבה שוקולד מריר מעולה 72% מוצקי קקאו 72גרם,"אולקר מקבוצת פלאדיס,",TR,גודייבה שוקולד מריר,גרמים,90.00,100 גרם,false,,15.90,17.6667,true,1,75024
8690766156381,false,גודייבה שוקולד מריר 90% מוצקי קקאו 90 גרם,"אולקר מקבוצת פלאדיס,",TR,גודייבה ש.מריר מעולה,גרמים,90.00,100 גרם,false,,15.90,17.6667,true,1,70453
8690766156398,false,"שוקולד חלב מעולה בתוספת שברי שקדים קלויים,דבש ומלח 90 גרם","אולקר מקבוצת פלאדיס, ציק",TR,גודייבה שוקולד חלב ש,גרמים,90.00,100 גרם,false,,15.90,17.6667,true,1,85412
8690766156411,false,שוקולד מריר מעולה בטעם פלפל ורוד עם חתיכות תות מסוכר 90 גרם,"אולקר מקבוצת פלאדיס,",TR,גודייבה שוקולד מריר,גרמים,90.00,100 גרם,false,,15.90,17.6667,true,1,85398
8690777204071,false,פלפלים כבושים חריפים סרה 320 גרם,יוליניבר,TR,פלפל חריף סרה 640 גר,גרמים,640.00,100 גרם,false,,13.90,2.1719,true,1,3296
8690777206051,false,חציל קלוי על האש סרה ויליפוד 650 גרם,קוראהן פזלרמה וי דיס,TR,חציל קלוי על האש סרה,גרמים,650.00,100 גרם,false,,13.90,2.1385,true,1,3297
8690777221405,false,פלפל אדום קלוי סרה ויליפוד 650 גרם,קוראהן פזלרמה וי דיס,TR,פלפל אדום קלוי על הא,גרמים,650.00,100 גרם,false,,13.90,2.1385,true,1,3299
8690946270074,false,פסטה ספגטי 500 גרם B,,,פסטה ספגטי 500 גרם B,גרמים,500.00,100 גרם,false,,3.90,0.7800,true,1,316339
8690946270111,false,פסטה פוזלי 500 גרם B,,,פסטה פוזלי 500 גרם B,גרמים,500.00,100 גרם,false,,3.90,0.7800,true,1,316340
8690946270241,false,פסטה קונכיות גדולות,,,פסטה קונכיות גדולות,גרמים,500.00,100 גרם,false,,3.90,0.7800,true,1,316341
8691058141238,false,ערמונים שלמים קלויים וקלופים 100 ג' Avel,,,AVEL ערמונים שלמים ק,גרמים,100.00,100 גרם,false,,4.90,4.9000,true,1,48896
8691900174032,false,קוטקס תחבושות נורמל 24 יח,חוגלה קימברלי,CZ,תחבושות קוטקס נורמל,100 יח',24.00,100 יח',false,,17.90,74.5833,true,1,275102
8691900174056,false,קוטקס תחבושות אולטרה לילה 16 י',חוגלה קימברלי,CZ,תחבושות קוטקס לילה,100 יח',16.00,100 יח',false,,17.90,111.8750,true,1,275104
8693323099107,false,מרשמלו לבבות בטעם תות ווניל,ליימן שליסל,TR,יוגטה מרשמלו לבבות 1,גרמים,150.00,100 גרם,false,,8.90,5.9333,true,1,42149
8693495041461,false,קולגייט זוג מברשות שיניים סלים סופט פחם,הנסיך- מפעל לייצור ט,CN,קולגייט מברשת שיניים,יחידה,0.00,יחידה,false,,33.90,0.0000,true,1,21971
8693495052177,false,פלמוליב נטורלס תחליב רחצה זיתים 750 מל,קולגייט פלמוליב,TR,פלמוליב נטורלס תחליב,מיליליטרים,750.00,"100 מ""ל",false,,22.90,3.0533,true,1,21977
8697826469092,false,טורטיה קטנה שקדיה 540 גרם 12 יחידות,דין שיווק,TR,טורטיה 540 גרם tort,גרמים,540.00,100 גרם,false,,10.00,1.8519,true,1,4952
8698996000207,false,מגבות נייר 1/6,,,מגבות נייר 1/6,מטרים,0.00,מטר,false,,11.90,0.0000,true,1,318660
8710502064814,false,עוגיות מרבה שוקולד ציפס במרקם רך 175 גר,בנקטבקריי מרבה בי.וי,NL,מרבה עוגיות שוקוציפס,גרמים,175.00,100 גרם,false,,7.90,4.5143,true,1,21984
8710502139017,false,עוגיות מרבה טריפל שוקולד שוקוצ'יפס 180ג',בנקטבקריי מרבה בי.וי,NL,מרבה עוגיות טריפל שו,גרמים,180.00,100 גרם,false,,7.90,4.3889,true,1,21985
8710502231018,false,מרבה מיני עוגיות שוקולד צ'יפס 175 גרם,"מרבה בע""\מ",NL,מרבה עוגיות שוקולד צ,גרמים,175.00,100 גרם,false,,9.90,5.6571,true,1,119078
8710502279010,false,מרבה עוגיות שוקולד צ'יפס מצופות שוקולד 175 גרם,"י.מרבה ישראל בע""מ",NL,מרבה עוגיות שוקולד צ,גרמים,175.00,100 גרם,false,,7.90,4.5143,true,1,123190
8710502470028,false,עוגיות שוקולד צ'יפס ממולאות בקרם נוגט,קריניציה ויטמינה אס,NL,מרבה עוגיות נוגטלי 1,גרמים,160.00,100 גרם,false,,7.90,4.9375,true,1,21993
8710800961310,false,סוכריות בטעם תות מנטוס 4*375 גרם,פרפטי ואן מלה ברדה,NL,מנטוס 1/4 תות,גרמים,150.00,100 גרם,false,,11.90,7.9333,true,1,12943
8710847898853,false,"רקסונה - דאודורנט ספריי לגבר אקסטרא קול 150 מ""ל","יוניליוור אנגליה, דרך קו",GB,דאו' ספריי אקסטרה קו,מיליליטרים,150.00,"100 מ""ל",false,,15.90,10.6000,true,1,10999
8711000362747,false,קפסולות קפה תואמות נספרסו ריסטרטו 11 ל'אור 10 יחידות,גיקובס דאו אגברטס צרפת,FR,לור קפסולות קפה אספר,גרמים,52.00,100 גרם,false,,20.90,40.1923,true,1,5180
8711000371176,false,ג'ייקובס קפסולות קפה אספרסו קלאסיקו עוצמה 7,ג'ייקובס דאו אגברטס צרפת,FR,ג'ייקובס קפסולות קפה,גרמים,52.00,100 גרם,false,,19.90,38.2692,true,1,5181
8711000371183,false,ג'ייקובס קפסולות קפה אספרסו אינטסו עוצמה 10,ג'ייקובס דאו אגברטס צרפת,FR,ג'ייקובס קפסולות קפה,גרמים,52.00,100 גרם,false,,19.90,38.2692,true,1,5182
8711327475762,false,מגנום פיינט שוקולד לבן עוגיות 260 גרם,"מפעל גלידות בווספרם, רחו",HU,גלידת שמנת שוקולד לב,גרמים,260.00,100 גרם,false,,22.90,8.8077,true,1,143864
8712000051099,false,"שישיית בירה היינקן 0% אלכוהל בקבוק 330 מ""ל","מבשלת היינקן, ריטבלדנברג",NL,הייניקן בירה 0% בק',ליטרים,1.98,ליטר,false,,33.90,17.1212,true,1,9580
8712400802536,false,תרכובת מזון המשך לפעוטות על בסיס חלב שלב 3,נוטרישיה קאלק ב. ו.,NL,נוטרילון שלב 3- 800,גרמים,800.00,100 גרם,false,,69.90,8.7375,true,1,5209
8712561594608,false,"דאב תחליב רחיצה להזנה עמוקה 750 מ""ל","יוניליוור גרמניה, Gmbh &",DE,תחליב רחצה להזנה עמו,מיליליטרים,750.00,"100 מ""ל",false,,22.90,3.0533,true,1,11059
8712561611411,false,"תחליב רחצה בניחוח מלפפון ותה ירוק דאב 750 מ""ל","יוניליוור גרמניה, Gmbh &",DE,תחליב רחצה תה ירוק ו,מיליליטרים,750.00,"100 מ""ל",false,,22.90,3.0533,true,1,11061
8712561646024,false,"תחליב רחצה קרם פיסטוק ומגנוליה דאב 750 מ""ל","יוניליוור גרמניה, Gmbh &",DE,תחליב רחצה קרם פיסטו,מיליליטרים,750.00,"100 מ""ל",false,,22.90,3.0533,true,1,229402
8714599410530,false,גייקובס קרונינג שקית רפיל 200 גרם,ג'יי.די.אי.,UA,גייקובס קפה נמס 200ג,גרמים,200.00,100 גרם,false,,22.90,11.4500,true,1,5189
8714599513781,false,"קפה נמס מיובש בהקפאה זהב צנצנת ג'ייקובס 200 גרם לל""ס",אל.אל. סי ג''יקובס דאו א,RU,קפה ג'יקובס גולד 200,גרמים,200.00,100 גרם,false,,30.90,15.4500,true,1,5193
8714599513866,false,"קפה נמס מיובש בהקפאה קרונג צנצנת ג'ייקובס 200 גרם לל""ס",אל.אל.סי גייקובס דאו,DE,קפה ג'יקובס קרונונג,גרמים,200.00,100 גרם,false,,29.90,14.9500,true,1,5196
8714789177229,false,רבעיית מברשות שיניים קולגייט אקסטרה קלין 1 יחידה,הנסיך- מפעל לייצור ט,CN,מב.שיניים אקסטרא קלי,יחידה,0.00,יחידה,false,,11.90,0.0000,true,1,21999
8714789402918,false,נוזל לניקוי כללי ורצפות בניחוח פרחי בר אג'קס 1.5 ליטר,הנסיך- מפעל לייצור ט,GR,חגיגת הפרחים אדום אג,ליטרים,1.50,ליטר,false,,23.90,15.9333,true,1,22008
8714789402932,false,נוזל לניקוי כללי ורצפות בניחוח ורדי בוקר אג'קס 1.5 ליטר,הנסיך- מפעל לייצור ט,GR,אג'קס חגיגת הפרחים ו,ליטרים,1.50,ליטר,false,,23.90,15.9333,true,1,22009
8714789402970,false,נוזל לניקוי כללי ורצפות בניחוח פרחי אביב אגק'ס 1.5 ליטר,הנסיך- מפעל לייצור ט,GR,אג'קס חגיגת הפרחים י,ליטרים,1.50,ליטר,false,,23.90,15.9333,true,1,22010
8714789797786,false,"פלמוליב נוזל לניקוי כלים גריז בלסטר 750 מ""ל",יבואן ומשווק: ש. שסט,GR,פלמוליב לכלים 4ב1 כ,מיליליטרים,750.00,"100 מ""ל",false,,13.90,1.8533,true,1,22025
8714789834467,false,פלמוליב נוזל לניקוי כלים קלאסי 1.5 ליטר,קולגייט-פלמוליב,GR,פלמוליב נוזל כלים 1.,ליטרים,1.50,ליטר,false,,17.90,11.9333,true,1,22030
8714789930848,false,"משחת שיניים אופטיק וייט הלבנה מיידית קולגייט 75 מ""ל",הנסיך- מפעל לייצור ט,PL,משחת שיניים אופטיק ו,מיליליטרים,75.00,"100 מ""ל",false,,21.90,29.2000,true,1,22036
8715700110141,false,מיונז קרמי היינץ צנצנת 460ג',ה.י.היינץ הולדינג בי.וי,NL,מיונז היינץ אמיתי צנ,גרמים,460.00,100 גרם,false,,13.90,3.0217,true,1,5401
8715700110158,false,היינץ ממרח במרקם קרמי צנצנת 490 גרם,ה.י.היינץ הולדינג בי.וי,NL,מיונז היינץ לייט צנצ,גרמים,490.00,100 גרם,false,,13.90,2.8367,true,1,5402
8715700419732,false,מתבל עגבניות היינץ 700 גרם,ה.י. היינץ,NL,היינץ קטשופ 700 גרם,גרמים,700.00,100 גרם,false,,15.90,2.2714,true,1,5409
8715700423906,false,היינץ מתבל עגבניות מופחת סוכר ומלח 50/50 550 גרם,היינץ צפון אמריקה מק,NL,מתבל עגבניות היינץ 2,גרמים,555.00,100 גרם,false,,11.90,2.1441,true,1,5417
8717163655764,false,"רקסונה - דאודורנט ספריי לאישה שוואר פרש 150 מ""ל","קוסטר אירוסול, גבזה 4140",GB,רקסונה ספריי שאוורפר,מיליליטרים,150.00,"100 מ""ל",false,,15.90,10.6000,true,1,71457
8718114734484,false,מיונז מאילי 320 גר צ,יונילבר צרפת,FR,מיונז מיילי 320 גרם,גרמים,320.00,100 גרם,false,,17.90,5.5937,true,1,17245
8718951030169,false,"קולגייט סנסיטיב הלבנה המסייעת בהגנה לשיניים רגישות 75 מ""ל",קולגייט Colgate,PL,משחת קולגייט סנסטיב,מיליליטרים,75.00,"100 מ""ל",false,,19.90,26.5333,true,1,62769
8718951030206,false,"קולגייט סנסיטיב פרוטקשן משחת שיניים לשיניים רגישות 75 מ""ל",קולגייט-פלמוליב,PL,משחת קולגייט סנסטיב,מיליליטרים,75.00,"100 מ""ל",false,,19.90,26.5333,true,1,62770
8718951076402,false,"קולגייט משחת שיניים הרבל להלבנה 100 מ""ל",קולגייט פלמוליב,BR,משחת הרבל להלבנה קול,מיליליטרים,100.00,"100 מ""ל",false,,9.90,9.9000,true,1,51739
8718951093331,false,מרידול זוג מברשות שיניים אקסטרה סופט,קולגייט פלמוליב,CH,מברשת שיניים מרידול,יחידה,0.00,יחידה,false,,37.90,0.0000,true,1,22052
8718951144064,false,מרידול מברשת שיניים פרודונט אקספרט זוג,"ש. שסטוביץ בע""\מ",CH,זוג מברשות שיניים פר,יחידה,0.00,יחידה,false,,37.90,0.0000,true,1,22060
8718951159808,false,מברשות שיניים 360 מדיום- מארז שלישייה,קולגייט-פלמוליב,CN,מארז שלישייה מברשת 3,יחידה,0.00,יחידה,false,,35.90,0.0000,true,1,22061
8718951160897,false,ספריי אקונומיקה עוצמת ה7 טריגר אגקס 500מ,קולגייט-פלמוליב,GR,אגקס עוצמת ה 7 טריגר,מיליליטרים,500.00,"100 מ""ל",false,,16.90,3.3800,true,1,22062
8718951166288,false,"משחת שיניים קולגייט מקס וייט 125 מ""ל",הנסיך- מפעל לייצור ט,PL,קולגייט משחת שיניים,מיליליטרים,125.00,"100 מ""ל",false,,19.90,15.9200,true,1,22064
8718951166561,false,משחת שיניים לרעננות מוגברת max fresh cooling crystals,הנסיך- מפעל לייצור ט,PL,קולגייט משחת שיניים,מיליליטרים,125.00,"100 מ""ל",false,,19.90,15.9200,true,1,22065
8718951175600,false,"משחת שיניים קולגייט אוטאל קליין מינט 75 מ""ל",CP-Poland swidnica,PL,קולגייט משחת שיניים,מיליליטרים,75.00,"100 מ""ל",false,,14.90,19.8667,true,1,104719
8718951236790,false,"קולגייט טוטאל משחת שיניים קלין מינט לפה בריא 100 מ""ל",קולגייט פלמוליב,PL,משחת שיניים קלין מינ,מיליליטרים,100.00,"100 מ""ל",false,,18.90,18.9000,true,1,22080
8718951236806,false,"קולגייט טוטאל הלבנה משחת שיניים המסייעת בהסרת כתמים 100 מ""ל",קולגייט Colgate,PL,מש.שיניים להלבנה קול,מיליליטרים,100.00,"100 מ""ל",false,,18.90,18.9000,true,1,22081
8718951240742,false,"קולגייט טוטאל משחת שיניים פסים מרעננים 100 מ""ל",קולגייט פלמוליב,PL,מש.שיניים פסים מרעננ,גרמים,128.00,100 גרם,false,,18.90,14.7656,true,1,22083
8718951286733,false,"קולגייט אופטיק וייט לסטינג וייט משחת שיניים 75 מ""ל",קולגייט Colgate,PL,קולגייט אופטיק וייט,מיליליטרים,75.00,"100 מ""ל",false,,29.90,39.8667,true,1,183945
8718951315303,false,"קולגייט אדומה משחת שיניים להגנה מפני עששת 2*100 מ""ל",קולגייט-פלמוליב,PL,משחת שיניים קולגייט,מיליליטרים,200.00,"100 מ""ל",false,,20.90,10.4500,true,1,81936
8718951334120,false,"סופלין מרכך כביסה מרוכז לבנדר 650 מ""ל",סופלין Soupline,GR,סופלין מרכך כביסה מר,מיליליטרים,650.00,"100 מ""ל",false,,12.90,1.9846,true,1,62643
8718951334151,false,"סופלין מרכך כביסה מרוכז היפואלרגני 650 מ""ל",SAS-VA COLGATE-PALMOLIVE,FR,סופלין מרכך כביסה מר,מיליליטרים,650.00,"100 מ""ל",false,,12.90,1.9846,true,1,269641
8718951345119,false,נוזל לניקוי רצפות וכללי היביסקוס 2 ליטר,הנסיך- מפעל לייצור ט,GR,אג'קס ניקוי כללי עוצ,ליטרים,2.00,ליטר,false,,27.90,13.9500,true,1,113603
8718951365865,false,קולגייט זוג מברשות עם סיבי פחם בצפיפות ג,קולגייט פלמוליב,PL,קולגייט זוג מברשות ע,יחידה,0.00,יחידה,false,,36.90,0.0000,true,1,152312
8718951382787,false,"משחת שיניים אופטיק וויט חימר ומינרלים 75 מ""ל קולגייט",קולגייט Colgate,PL,משחת שיניים אופטיק ו,מיליליטרים,75.00,"100 מ""ל",false,,29.90,39.8667,true,1,226164
8718951466371,false,"משחת שיניים מרידול 75 מ""ל",קולגייט פלמוליב,PL,משחת שיניים מרידול 7,מיליליטרים,75.00,"100 מ""ל",false,,21.90,29.2000,true,1,286494
8718951477384,false,"קולגייט משחת שיניים טוטאל ג'ל מתקדם פיור 75 מ""ל",קולגייט פלמוליב,PL,משחת שיניים טוטל Pur,מיליליטרים,75.00,"100 מ""ל",false,,21.90,29.2000,true,1,226165
8719128117294,false,"סירופ דייט סבן אפ 440 מ""ל סודהסטרים",סודה סטרים,IL,סירופ  Free סבן אפ ס,מיליליטרים,440.00,"100 מ""ל",false,,22.90,5.2045,true,1,141789
8719200998001,false,מרגרינה לאפיה ובישול בלי מלח 200 ג' בלו בנד,יוניליוור ישראל מזון בע\,IL,בלו בנד ללא מלח 200,גרמים,200.00,100 גרם,false,,4.90,2.4500,true,1,11116
8719200998018,false,מחמאה מרגרינה בטעם חמאה בלובנד 200 גרם,"מיוצר ע""\י יוניליוור ישר",IL,מחמאה מרגרינה בטעם ח,גרמים,200.00,100 גרם,false,,5.50,2.7500,true,1,11117
8719200998032,false,"מרגרינה מזולה גלורי טעם חמאה 250גר 8 יחידות - כשל""פ","מיוצר ע""\י יוניליוור ישר",IL,מזולה בטעם חמאה 250,גרמים,250.00,100 גרם,false,,10.90,4.3600,true,1,11119
8719200998094,false,"מרגרינה מזולה לאפיה ללא תוספת מלח 200גר - 40 יח' -כשל""פ","מיוצר ע""\י יוניליוור ישר",IL,מזולה מרגרינה לאפייה,גרמים,200.00,100 גרם,false,,6.90,3.4500,true,1,11125
8719200998100,false,מרגרינה מזולה לאפיה טעם חמאה 200גר - 40 יח',פארייפאבה אגרואינדוס,IL,מזולה מרגרינה לאפייה,גרמים,200.00,100 גרם,false,,6.90,3.4500,true,1,11126
8720181046605,false,דאב - דאודורנט ספריי לאישה אורגינל כחול 150מל,"יוניליוור אנגליה, דרך קו",TR,דאו' ספריי אוריגינל,מיליליטרים,150.00,"100 מ""ל",false,,14.90,9.9333,true,1,107491
8721200060107,false,בקרסלנד-סטרופ וופל הולנדי 250 גרם,דה בנקט גרופ,NL,סטרופ וופל הולנדי 25,גרמים,250.00,100 גרם,false,,9.90,3.9600,true,1,18323
8723400756552,false,מארז סוכריות מנטוס Mentos ריינבואו,פרפטי ואן מלה ברדה,NL,RAINBOW רביעית סוכרי,גרמים,150.00,100 גרם,false,,11.90,7.9333,true,1,12946
8801055707966,false,קפה טייסטר צו'יס נס קפה בריסטה 180ג',נסטלה קוריאה - קפה,KR,נס קפה טייסטרס צ'ויס,גרמים,180.00,100 גרם,false,,32.90,18.2778,true,1,19571
8801055709427,false,קפה נמס טסטר'ס צ'ויס אלטה ריקה 100 גרם,נסטלה קוריאה - קפה,KR,נסקפה טייסטרס צ'ויס,גרמים,100.00,100 גרם,false,,25.90,25.9000,true,1,195126
8801055709434,false,קפה נמס טסטר'ס צ'ויס קולומביה 100 גרם,נסטלה קוריאה - קפה,KR,נסקפה טייסטרס צ'ויס,גרמים,100.00,100 גרם,false,,25.90,25.9000,true,1,195140
8801055709465,false,אבקה להכנת משקה קפה בטעם קפוצ'ינו וניל,נסטלה קוריאה - קפה,KR,נסקפה קפוצ'ינו וניל,גרמים,185.00,100 גרם,false,,20.50,11.0811,true,1,235859
8801055709472,false,נסטלה - נסקפה קפוצ'ינו קלאסי 12.50 גרם * 10,נסטלה קוריאה - קפה,KR,נסקפה קפוצ'ינו קלאסי,גרמים,185.00,100 גרם,false,,20.50,11.0811,true,1,235860
8803733180887,false,"קופסא 808 -850מ""ל L",,,"קופסא 808 -850מ""ל L",יחידה,0.00,יחידה,false,,29.90,0.0000,true,1,43120
8803733180986,false,קופסאת 809 1.3 ליטר,,,קופסאת 809 1.3 ליטר,יחידה,0.00,יחידה,false,,49.90,0.0000,true,1,43121
8803733182577,false,קופסא 2.3 ליטר 825 L,,,קופסא 2.3 ליטר 825 L,יחידה,0.00,יחידה,false,,61.90,0.0000,true,1,43130
8809168840471,false,חטיף אצות מיובשות 9*4.5 גרם,ג'י וואן גלובול נאט,KR,חטיף אצות מיובשות 9,גרמים,4.50,100 גרם,false,,24.90,553.3333,true,1,247829
8850006331699,false,שלישיית מברשת שיניים קולגייט סלים סופט,קולגייט פלמוליב,CN,מארז מברשות סלים סופ,יח',3.00,יח',false,,31.90,10.6333,true,1,22084
8850180040028,false,קמח טמפורה להכנת בלי,קרנחם אוטאי פחרה,TH,קמח טמפורה להכנת בלי,גרמים,500.00,100 גרם,false,,10.90,2.1800,true,1,47534
8850206250592,false,רוטב צ'ילי סריראצ'ה 540 גרם,יאן וואל יון קו.לטד,TH,רוטב צ'ילי סיראצ'ה מ,גרמים,540.00,100 גרם,false,,19.90,3.6852,true,1,247815
8850367992164,false,קרם קוקוס 250 מל 20-22% ללא חומר משמר,טאפאדונגפורן קוקנט,TH,קרם קוקוס ללא גלוטן,גרמים,250.00,100 גרם,false,,7.90,3.1600,true,1,47537
8850367994779,false,מחית קארי ירוקה 50 גרם,טאפאדונגפורן קוקינט,TH,מחית קארי ירוקה מזרח,גרמים,50.00,100 גרם,false,,5.90,11.8000,true,1,296712
8850367994786,false,מחית קארי אדומה 50 גרם,טאפאדונגפורן קוקינט,TH,מחית קארי אדומה מזרח,גרמים,50.00,100 גרם,false,,5.90,11.8000,true,1,296713
8850389103128,false,סאפי משקה אלוורה בטעם תפוח 300מל,סאפה פובליק קומפני ל,TH,סאפה משקה אלוורה תפו,מיליליטרים,300.00,"100 מ""ל",false,,7.90,2.6333,true,1,39424
8850389105825,false,משקה אלוורה בטעם ענבים סאפה 1 ליטר,סאפה פובליק קומפני לימיט,TH,סאפה משקה אלוורה ענב,ליטרים,1.00,ליטר,false,,13.90,13.9000,true,1,39427
8850389105832,false,סאפה משקה אלוורה בטעם תפוח עם קוביות אלוורה 1 ליטר,סאפה פובליק קומפני לימיט,TH,סאפה משקה אלוורה תפו,ליטרים,1.00,ליטר,false,,13.90,13.9000,true,1,39428
8850389105849,false,סאפה משקה אלוורה מופחת קלוריות בטעם אפרסק 1 ליטר,סאפה פובליק קומפני לימיט,TH,סאפה משקה אלוורה אפר,ליטרים,1.00,ליטר,false,,13.90,13.9000,true,1,39429
8850389115312,false,"סאפה אלוורה מלון בקבוק 300 מ""ל",סאפה פובליק קומפני ל,TH,"סאפה משקה מלון 300מ""",מיליליטרים,300.00,"100 מ""ל",false,,7.90,2.6333,true,1,39434
8850389115336,false,משקה אלוורה בטעם מלון סאפה 1 ליטר,סאפה פובליק קומפני לימיט,TH,סאפה משקה מלון 1ל,ליטרים,1.00,ליטר,false,,13.90,13.9000,true,1,39435
8850632604259,false,"יוגטה, חיספוסים, ממתק חמוץ בצורת מקלות בטעם תות שדה,50 גרם",ג'נרל קנדי בעמ,TH,יוגטה חיספוסים מקלות,גרמים,50.00,100 גרם,false,,4.90,9.8000,true,1,42159
8850632604266,false,"יוגטה, ממתק חמוץ בצורת מקלות בטעם קולה, 50 גרם",ג'נרל קנדי בעמ,TH,יוגטה חיספוסים מקלות,גרמים,50.00,100 גרם,false,,4.90,9.8000,true,1,42160
8850632604372,false,"יוגטה, חיספוסים בצורת שטיח בטעם תות שדה 50 גרם",ג'נרל קנדי בעמ,TH,יוגטה ממתק תות שדה ב,גרמים,50.00,100 גרם,false,,4.90,9.8000,true,1,42161
8850632604402,false,יוגטה חיספוסים בטעם מעורב תות שדה אבטיח ענבים בננה 50 גרם,"ג'נרל קנדי בע""מ",TH,יוגטה ממתק תות ענבים,גרמים,50.00,100 גרם,false,,4.90,9.8000,true,1,42162
8851613101378,false,"נוזל קוקוס ארוי די 250 מ""ל",תאי אגרי פוד פובליק קו'\,TH,משקה קוקוס ארוי-די,מיליליטרים,250.00,"100 מ""ל",false,,10.90,4.3600,true,1,3743
8858271002870,false,רוטב פאד תאי 250 מ'ל - מקסצ'אפ,"ייאן וואל יון בע""מ",TH,רוטב פאד תאי MAXCHUP,מיליליטרים,250.00,"100 מ""ל",false,,10.90,4.3600,true,1,47550
8858271003020,false,רוטב סויה פורמולה 1 - 700 מ'ל מקסצ'אפ,יאן ונזל יון,TH,רוטב סויה MAXCHUP מז,מיליליטרים,700.00,"100 מ""ל",false,,15.90,2.2714,true,1,47552
8858271003075,false,"רוטב סויה מתוקה מקסצ'אפ 700 מ""ל",דאנינג יוה פודס קו,TH,רוטב סויה מתוק MAXCH,מיליליטרים,700.00,"100 מ""ל",false,,16.90,2.4143,true,1,297088
8858271003938,false,רוטב קארי ירוק 250 מ'ל - מקסצ'אפ,"ייאן וואל יון בע""מ",TH,רוטב קארי ירוק MAXCH,מיליליטרים,250.00,"100 מ""ל",false,,11.90,4.7600,true,1,47558
8858271004034,false,רוטב צ'ילי חריף 700 מ'ל מקסצ'אפ,דאנינג יוה פודס קו,TH,רוטב צ'ילי חריף MAXC,מיליליטרים,700.00,"100 מ""ל",false,,15.90,2.2714,true,1,47559
8858271004126,false,רוטב חמוץ מתוק 700 מ'ל - מקסצ'אפ,יאן ונזל יון,TH,רוטב חמוץ מתוק MAXCH,מיליליטרים,700.00,"100 מ""ל",false,,15.90,2.2714,true,1,47560
8858271004300,false,רוטב טריאקי 700 מ'ל מקסצ'אפ,דאנינג יוה פודס קו,TH,רוטב טריאקי MAXCHUP,מיליליטרים,700.00,"100 מ""ל",false,,20.90,2.9857,true,1,47561
8858271004799,false,"רוטב צילי מתוק אל פורפסיס 700 מ""ל",יאן ונזל יון,TH,רוטב צ'ילי מתוק מזרח,מיליליטרים,700.00,"100 מ""ל",false,,12.90,1.8429,true,1,47563
8858271005451,false,"רוטב סויה פורמולה 1 - 250 מ""ל מקסצ'אפ",yan wal yun corpara,TH,רוטב סויה בהיר-פורמו,מיליליטרים,700.00,"100 מ""ל",false,,10.90,1.5571,true,1,297103
8858271005772,false,"רוטב סויה ללא גלוטן (תמרי)300 מ""ל (כ)",יאן ונזל יון,TH,רוטב סויה ללא גלוטן,מיליליטרים,300.00,"100 מ""ל",false,,16.90,5.6333,true,1,247801
8888021200256,false,סוללות אנרג'ייזר AA מקס 8 יחידות,יצרן: אנרג'ייזר סינג,SG,AAאנרג'ייזר סוללות מ,יחידה,0.00,יחידה,false,,29.90,0.0000,true,1,6133
8888021200720,false,סוללות אנרג'ייזר AAA מקס 8 יחידות,יצרן: אנרג'ייזר סינג,SG,AAAאנרג'ייזר סוללות,יחידה,0.00,יחידה,false,,29.90,0.0000,true,1,6134
8901537024014,false,DAAWAT אורז בסמטי מובחר ויליפוד 1 קג,הנסיך- מפעל לייצור ט,IN,וילי פוד אורז בסמטי,גרמים,1000.00,100 גרם,false,,14.90,1.4900,true,1,3313
8934868127130,false,"Sunlight נוזל כלים 750 מ""ל +משאבה",,,נוזל כלים סאן בניחוח,מיליליטרים,750.00,"100 מ""ל",false,,9.90,1.3200,true,1,141760
8934878081811,false,"דפי אורז 22 ס""מ 400 גר'(Trav) ללא גלוטן",דאנינג יוה פודס קו,VN,דפים על בסיס קמח טפי,גרמים,400.00,100 גרם,false,,11.90,2.9750,true,1,47567
8997206332016,false,סוכר קוקוס אורגני 454 גרם אינדונזיה,,,סוכר קוקוס אורגני 45,גרמים,454.00,100 גרם,false,,22.90,5.0441,true,1,104983
9000101372878,false,קפסולות דיסקס לניקוי כביסה לבנה וצבעונית Deep Clean,פרסיל Persil,HU,פרסיל דיסקס לכביסה ל,יח',22.00,יח',false,,36.90,1.6773,true,1,151735
9000101418163,false,"סבון אסלה בניחוח מתחלף תפוח ירוק נופר, 3 יחידות",ברף Bref,RS,ברף בניחוח מתחלף תפו,גרמים,150.00,100 גרם,false,,21.90,14.6000,true,1,265105
9000101511635,false,קפסולות ג'ל לכביסה פרסיל דיסקס לעור רגיש,פרסיל Persil,HU,פרסיל דיסקס סנסיטיב,יח',22.00,יח',false,,36.90,1.6773,true,1,265020
9000101512526,false,פרסיל - פאוור קאפס קפסולות ג'ל מרוכזות לכביסה 26 יח',קריות זול,RS,פרסיל פאוור קאפס לכב,יח',26.00,יח',false,,36.90,1.4192,true,1,265021
9000101515596,false,קפסולות ג'ל מרוכזות לכביסה צבעונית 56 יח' פרסיל,הנקל סוד,RS,פרסיל פאוור קאפס קפס,יחידה,0.00,יחידה,false,,67.90,0.0000,true,1,176983
9000101515817,false,קפסולות ג'ל כביסה לבנה וצבעונית 56 יח' פרסיל,הנקל סוד,IL,פרסיל פאוור קאפס קפס,יחידה,0.00,יחידה,false,,67.90,0.0000,true,1,176998
9000101521436,false,סבון אסלה בניחוח מתחלף לוטוס במבוק 50 ג' ברף,הנקל סוד,RS,כדוריות לאסלה Bref,גרמים,50.00,100 גרם,false,,10.90,21.8000,true,1,180054
9000101537550,false,פרסיל קאפסולות לכביסה לבנה וצבעונית 52 יח',הנקל סוד,HU,פרסיל פאוור קאפס קפס,יחידה,0.00,יחידה,false,,67.90,0.0000,true,1,260915
9002859036644,false,גונץ-שוק' חלב 100 גר' עם ק.טירמיסו 1/16(84479),,,גונץ שוקולד עם ק. טר,גרמים,100.00,100 גרם,false,,10.90,10.9000,true,1,281978
9002859042560,false,שוקולד מריר 100 גרם,,,שוקולד מריר 100 גרם,גרמים,100.00,100 גרם,false,,10.90,10.9000,true,1,281979
9002859050725,false,תפזורת סנטה ברשת 100 גר גונץ,GUNZ WARENHANDELS,DE,תפזורת סנטה ברשת 100,גרמים,100.00,100 גרם,false,,9.90,9.9000,true,1,282074
9002859053825,false,גונץ-שוקולד סטיקס מריר קפה 75 גרם,,,שוקולד סטיקס מריר קפ,גרמים,75.00,100 גרם,false,,11.90,15.8667,true,1,282334
9002859053849,false,גונץ-שוקולד סטיקס מריר תפוז 75 גרם,,,שוקולד סטיקס מריר תפ,גרמים,75.00,100 גרם,false,,11.90,15.8667,true,1,282335
9002859056963,false,אנשי שלג משוקולד ברשת 100 גר גונץ,GUNZ WARENHANDELS,DE,אנשי שלג משוקולד ברש,גרמים,100.00,100 גרם,false,,9.90,9.9000,true,1,282009
9002859077678,false,שוקולד לבן 100 גרם,,,שוקולד לבן 100 גרם,גרמים,100.00,100 גרם,false,,10.90,10.9000,true,1,281962
9002859105630,false,גונץ מרציפן מצופה שוקולד חלב ונוגט 75 גר,,AT,מרציפן מצופה שוקולד,גרמים,75.00,100 גרם,false,,10.90,14.5333,true,1,282262
9002859110412,false,שוקולד לבן-קפה גונץ,,,שוקולד לבן-קפה 100,גרמים,100.00,100 גרם,false,,10.90,10.9000,true,1,281963
9002975393843,false,סוכריות גילי הריבו גולדברס 70 גרם,"האריבו , ג'\י.אם.בי.אייץ",AT,סוכריות גומי בטעמי פ,גרמים,70.00,100 גרם,false,,7.90,11.2857,true,1,140688
9002975393850,false,סוכריות גילי הריבו וורמס 70 גרם,"האריבו , ג'\י.אם.בי.אייץ",AT,סוכריות גומי בטעמי פ,גרמים,70.00,100 גרם,false,,7.90,11.2857,true,1,140689
9005835312602,false,טבליות למדיח כלים קלרו 30 יחידות,קלרו,AT,קלרו טבליות למדיח כל,יחידה,0.00,יחידה,false,,33.90,0.0000,true,1,11441
9005835312732,false,"קלרו נוזל הברקה למדיח כלים 500 מ""ל CLARO",יעקובי,AT,קלרו נוזל הברקה למדי,מיליליטרים,500.00,"100 מ""ל",false,,16.90,3.3800,true,1,11445
9028800639962,false,"אדלוויס בירה לבנה בקבוק 500 מ""ל",מבשלת בראו יוניון,AT,אדלוויס הפרטובה בירת,מיליליטרים,330.00,"100 מ""ל",false,,10.90,3.3030,true,1,323531
9044400822320,false,מארז פז בובה + 10 סוכריות 85 גר,פז פרודוקשיין,HU,סוכריות פז שקית 85 ג,יחידה,0.00,יחידה,false,,15.90,0.0000,true,1,142629
9120025834723,false,חטיף אוראו מצונן 120 גרם,בובארד איטליה אס.פי.,IT,חטיף אוראו מצונן 120,גרמים,120.00,100 גרם,false,,14.90,12.4167,true,1,288549
9120025839896,false,חטיף מילקה מצונן 128 גרם,בובארד איטליה אס.פי.,IT,חטיף מילקה מצונן 128,גרמים,128.00,100 גרם,false,,14.90,11.6406,true,1,289201
9120097310583,false,חטיף שוקו בננה מיניונים מצונן 108 גרם,בובארד איטליה אס.פי.,IT,חטיף שוקו בננה מיניו,גרמים,108.00,100 גרם,false,,14.90,13.7963,true,1,288594
9310072028743,false,טים טם ביסקוויט במילוי שוקולד 200 גרם,"ארנוטס ביסקוויטס בע""",AU,טים טם אוריגינל 200,גרמים,200.00,100 גרם,false,,21.90,10.9500,true,1,13873
9310072028750,false,טים טם Tim Tam וופל שוקולד ציפוי כפול,"ארנוטס ביסקוויטס בע""",AU,טים טם קרם דאבל 200,גרמים,200.00,100 גרם,false,,21.90,10.9500,true,1,13874
9322969000015,false,פריכיות תירס בטעם אורגינל ריל פודס 150 ג',אף.סי תבליני בגליל ב,AU,פריכיות תירס בטעם או,גרמים,150.00,100 גרם,false,,14.90,9.9333,true,1,6139
9322969000022,false,"ריל פוד פריכיות תירס עם סויה וזרעי פשתן, ללא גלוטן 150 גרם",אף.סי תבליני בגליל ב,AU,פריכיות תירס עם סויה,גרמים,150.00,100 גרם,false,,14.90,9.9333,true,1,6140
9322969000039,false,פריכיות תירס 150 גרם עם 5 סוגי דגנים,ריאל פודס בעמ,AU,פריכיות תירס עם 4 דג,גרמים,150.00,100 גרם,false,,13.90,9.2667,true,1,6141
9322969000046,false,פריכיות תירס שומשום אורגני ריל פודס 150 ג',אף.סי תבליני בגליל ב,AU,פריכיות תירס אורגניו,גרמים,150.00,100 גרם,false,,14.90,9.9333,true,1,6142
9322969000053,false,פריכיות אורז מלא ריל פוד 150 גר,סנו מפעלי ברונוס.,IT,פריכיות אורז מלא ריל,גרמים,150.00,100 גרם,false,,14.90,9.9333,true,1,214828
9715690713642,false,שטיחון מחורר קטן 10,,,שטיחון מחורר קטן 10,יחידה,0.00,יחידה,false,,10.00,0.0000,true,1,38513
9720188050109,false,ממרח על בסיס סויה בסגנון גבינה טופוטי 225 גרם,טופוטי ברנדס אינק.ג',IL,טופוטי ממרח טופו בטע,גרמים,225.00,100 גרם,false,,23.90,10.6222,true,1,6755
9720188060108,false,ממרח על בסיס סויה בסגון שמנת טופוטי 340 גרם,טופוטי ברנדס אינק.ג',IL,טופוטי ממרח טופו בטע,גרמים,340.00,100 גרם,false,,23.90,7.0294,true,1,6756
9771565051066,false,עיתון ידיעות אחרונות,ידיעות אחרונות,,ידיעות אחרונות יום ו,יחידה,0.00,יחידה,false,,12.00,0.0000,true,1,10007
