code,internal_code,name,manufacturer_name,manufacture_country,manufacturer_item_description,unit_qty,quantity,unit_of_measure,weighted,qty_in_package,price,unit_of_measure_price,allow_discount,status,item_id
44,true,שווארמה בבגט/פיתה,,,שווארמה בבגט/פיתה,יחידה,0.00,יחידה,false,,30.00,0.0000,true,1,54570
301,true,בקבוק ריק חוזר בירה,,,בקבוק ריק חוזר בירה,יחידה,0.00,יחידה,false,,1.20,0.0000,true,1,7148
374,true,פטריות שמפניון,,,פטריות שמפניון,יח',1.00,יח',false,,9.90,9.9000,true,1,60578
1058,true,חלה רגילה/חלה ציפורי,,,חלה רגילה/חלה ציפורי,גרמים,500.00,100 גרם,false,,5.17,1.0340,true,1,5016
1073,true,סופגניה גדולה בודדת,,,סופגניה גדולה בודדת,יחידה,0.00,יחידה,false,,4.30,0.0000,true,1,117692
1091,true,צנונית בייבי,,,צנונית בייבי,גרמים,400.00,100 גרם,false,,6.90,1.7250,true,1,54717
1488,true,אשכולית אדומה,,,אשכולית אדומה,קילוגרמים,1.00,"ק""ג",true,,6.90,6.9000,true,1,54739
1494,true,תפו`א לבן תפזורת,,,תפו`א לבן תפזורת,קילוגרמים,1.00,"ק""ג",true,,5.90,5.9000,true,1,54745
1501,true,עגבניות,,,עגבניות,קילוגרמים,1.00,"ק""ג",true,,7.90,7.9000,true,1,54752
1502,true,מלפפונים,,,מלפפונים,קילוגרמים,1.00,"ק""ג",true,,7.90,7.9000,true,1,54753
1503,true,גזר ארוז,,,גזר ארוז,קילוגרמים,1.00,"ק""ג",true,,5.90,5.9000,true,1,54754
1505,true,כרוב לבן,,,כרוב לבן,קילוגרמים,1.00,"ק""ג",true,,5.90,5.9000,true,1,54756
1507,true,כרובית,,,כרובית,קילוגרמים,1.00,"ק""ג",true,,11.90,11.9000,true,1,54758
1510,true,קישואים,,,קישואים,קילוגרמים,1.00,"ק""ג",true,,8.90,8.9000,true,1,54760
1511,true,חצילים,,,חצילים,קילוגרמים,1.00,"ק""ג",true,,8.90,8.9000,true,1,54761
1515,true,פלפל חריף,,,פלפל חריף,קילוגרמים,1.00,"ק""ג",true,,9.90,9.9000,true,1,54764
1516,true,פלפל אדום,,,פלפל אדום,קילוגרמים,1.00,"ק""ג",true,,10.90,10.9000,true,1,54765
1517,true,פלפל רומרו,,,פלפל רומרו,קילוגרמים,1.00,"ק""ג",true,,12.90,12.9000,true,1,103824
1519,true,בצל יבש,,,בצל יבש,קילוגרמים,1.00,"ק""ג",true,,5.90,5.9000,true,1,54768
1522,true,חסה ערבית,,,חסה ערבית,יח',1.00,יח',false,,4.90,4.9000,true,1,54770
1535,true,תפו`א אדום ארוז,,,תפו`א אדום ארוז,קילוגרמים,1.00,"ק""ג",true,,5.90,5.9000,true,1,54782
1545,true,שום ארוז ייבוא יח',,,שום ארוז ייבוא יח',יח',1.00,יח',false,,5.90,5.9000,true,1,54792
1548,true,תות שדה ביח',,,תות שדה ביח',יח',1.00,יח',false,,21.90,21.9000,true,1,101481
1550,true,תפו`א לבן ארוז,,,תפו`א לבן ארוז,קילוגרמים,1.00,"ק""ג",true,,4.90,4.9000,true,1,54797
1551,true,לימון,,,לימון,קילוגרמים,1.00,"ק""ג",true,,8.90,8.9000,true,1,54798
1552,true,תפוז,,,תפוז,קילוגרמים,1.00,"ק""ג",true,,6.90,6.9000,true,1,54799
1553,true,ענב לבן,,,ענב לבן,קילוגרמים,1.00,"ק""ג",true,,29.90,29.9000,true,1,54800
1555,true,תפוז ארוז,,,תפוז ארוז,קילוגרמים,1.00,"ק""ג",true,,5.90,5.9000,true,1,54802
1556,true,בננה מובחרת,,,בננה מובחרת,קילוגרמים,1.00,"ק""ג",true,,6.90,6.9000,true,1,54803
1560,true,דלעת ארוזה,,,דלעת ארוזה,קילוגרמים,1.00,"ק""ג",true,,10.90,10.9000,true,1,54807
1561,true,תפוח עץ זהוב,,,תפוח עץ זהוב,קילוגרמים,1.00,"ק""ג",true,,10.90,10.9000,true,1,54808
1563,true,תפוח עץ חרמון,,,תפוח עץ חרמון,קילוגרמים,1.00,"ק""ג",true,,10.90,10.9000,true,1,54810
1564,true,תפוח עץ סמיט,,,תפוח עץ סמיט,קילוגרמים,1.00,"ק""ג",true,,10.90,10.9000,true,1,54811
1568,true,רימון,,,רימון,קילוגרמים,1.00,"ק""ג",true,,9.90,9.9000,true,1,54814
1570,true,קלמנטינה,,,קלמנטינה,קילוגרמים,1.00,"ק""ג",true,,6.90,6.9000,true,1,54816
1572,true,אבוקדו מובחר,,,אבוקדו מובחר,קילוגרמים,1.00,"ק""ג",true,,9.90,9.9000,true,1,54818
1573,true,מנגו,,,מנגו,קילוגרמים,1.00,"ק""ג",true,,26.90,26.9000,true,1,54819
1574,true,בטטה מתוקה,,,בטטה מתוקה,קילוגרמים,1.00,"ק""ג",true,,10.90,10.9000,true,1,54820
1576,true,אגס,,,אגס,קילוגרמים,1.00,"ק""ג",true,,13.90,13.9000,true,1,54821
1588,true,תירס ארוז,,,תירס ארוז,קילוגרמים,1.00,"ק""ג",true,,9.90,9.9000,true,1,54830
1604,true,אפרסמון,,,אפרסמון,קילוגרמים,1.00,"ק""ג",true,,15.90,15.9000,true,1,54843
1608,true,זנגוויל\גינגיר תפזור,,,זנגוויל\גינגיר תפזור,קילוגרמים,1.00,"ק""ג",true,,25.90,25.9000,true,1,54847
1613,true,דלורית,,,דלורית,קילוגרמים,1.00,"ק""ג",true,,6.90,6.9000,true,1,54851
1615,true,בצל אדום,,,בצל אדום,קילוגרמים,1.00,"ק""ג",true,,7.90,7.9000,true,1,54853
1708,true,גזר תפזורת,,,גזר תפזורת,קילוגרמים,1.00,"ק""ג",true,,5.90,5.9000,true,1,54913
8888,true,פיקדון זיכוי לקוח,,,פיקדון זיכוי לקוח,יחידה,0.00,יחידה,false,,0.30,0.0000,true,1,39509
9999,true,פיקדון בקבוקים,,,פיקדון בקבוקים,יחידה,0.00,יחידה,false,,0.30,0.0000,true,1,17
59455233,false,סיגריות ווג ליידי כח,Unknown,,ווג ליידי בלו קופסא,יחידה,0.00,יחידה,false,,39.00,0.0000,false,1,4641
72917367,false,טעמי חטיף במילוי קרם נוגט וקרמל,"שטראוס גרופ בע""מ",IL,טעמי 40 גר',גרמים,40.00,100 גרם,false,,4.90,12.2500,true,1,24008
72940754,false,מעדן מילקי בטעם וניל עם קצפת,"שטראוס גרופ בע""מ",IL,"מילקי וניל 170 מ""ל",מיליליטרים,170.00,"100 מ""ל",false,,2.90,1.7059,true,1,24741
72940761,false,מעדן מילקי בטעם שוקולד עם קצפת,מיוצר עי קונדיטוריית,IL,מילקי שוקולד מהדרין,מיליליטרים,170.00,"100 מ""ל",false,,2.90,1.7059,true,1,24742
72940952,false,מעדן מילקי בטעם שוקולד עם אקסטרה קצפת,"שטראוס גרופ בע""מ",IL,מילקי אקסטראה קצפת מ,מיליליטרים,110.00,"100 מ""ל",false,,4.10,3.7273,true,1,24743
72940983,false,חומוס אחלה 250 גרם,אחלה - שטראוס,IL,אחלה חומוס 250ג,גרמים,250.00,100 גרם,false,,7.90,3.1600,true,1,24745
72941041,false,מעדן מילקי מיני בטעם שוקולד עם קצפת,"שטראוס גרופ בע""מ",IL,מיני מילקי שוקולד 70,מיליליטרים,70.00,"100 מ""ל",false,,2.50,3.5714,true,1,24746
72961506,false,יוגורט עם תות 1.5% שומן 125 ג' פרילי,מיוצר עי קונדיטוריית,IL,פרילי תות 1.5% 125מל,מיליליטרים,125.00,"100 מ""ל",false,,4.10,3.2800,true,1,27100
72961520,false,יוגורט עם אננס 1.5% שומן 125 ג' פרילי,מיוצר עי קונדיטוריית,IL,פרילי אננס 1.5% 125מ,מיליליטרים,125.00,"100 מ""ל",false,,4.10,3.2800,true,1,27102
72961544,false,באדי יוגורט בטעם תות שדה 3%,מחלבת אלון תבור,IL,באדי תות 125מל,מיליליטרים,125.00,"100 מ""ל",false,,3.50,2.8000,true,1,27103
72964132,false,פרילי טבע עם גרנולה 1.5% 200מל,מיוצר עי קונדיטוריית,IL,פרילי טבע עם גרנולה,מיליליטרים,200.00,"100 מ""ל",false,,5.50,2.7500,true,1,27111
72964422,false,תנובה יוגורט פרחים 4.5% 200מל,מחלבת תנובה,IL,תנובה יוגורט פרחים 4,מיליליטרים,200.00,"100 מ""ל",false,,3.50,1.7500,true,1,27113
72986424,false,"גלידת בן & ג'ריס פיינטים קרם עוגיות 500מ""ל",מוצרי איכות אמריקאיי,IL,גלידת פיינטים קרם עו,מיליליטרים,420.00,"100 מ""ל",false,,24.90,5.9286,true,1,15009
72986448,false,"גלידת בן & ג'ריס פיינטים טופי קראנץ 500מ""ל",מוצרי איכות אמריקאיי,IL,גלידת טופי קרנץ,מיליליטרים,420.00,"100 מ""ל",false,,24.90,5.9286,true,1,15010
72991008,false,פסק זמן חלב מגדים 45גרם,"שטראוס גרופ בע""מ",IL,"פסק זמן קלאסי בד""צ",גרמים,45.00,100 גרם,false,,5.90,13.1111,true,1,24014
72991374,false,סיגריות טיים רד חפיס,דובק,,טיים רד,יחידה,0.00,יחידה,false,,29.90,0.0000,false,1,5139
72991886,false,"גלידת דולצ'ה בטעם ריבת חלב עם פאדג' בן וג'ירי 500 מ""ל",מוצרי איכות אמריקאיי,IL,גלידת בן&גריס פיינט,מיליליטרים,750.00,"100 מ""ל",false,,24.90,3.3200,true,1,15015
72993637,false,מעדן חלב בטעם שוקולד 125 ג' דני,מחלבת אחיהוד,IL,דני מהדרין שוקו בודד,מיליליטרים,125.00,"100 מ""ל",false,,2.90,2.3200,true,1,24750
72994061,false,חטיף פסק זמן Z Good ופל מגולגל,שולן צ'יקולטה גידה ס,TR,פסק זמן 36גר,גרמים,36.00,100 גרם,false,,5.50,15.2778,true,1,96876
76136184,false,סיגריות פאל מאל סלים כחול,Unknown,,פאל מאל בלו סופרסלימ,יחידה,0.00,יחידה,false,,31.00,0.0000,false,1,4643
80042556,false,עגבניות מרוסקות מוטי,"איי, בי, אינבוו",IT,עגבניות MUTTI מרוסקו,גרמים,400.00,100 גרם,false,,6.90,1.7250,true,1,330963
80176800,false,"ממרח שוקולד נוטלה, 750 גר",פררו תעשיות איטליה ס,IT,ממרח שוקולד נוטלה 75,גרמים,750.00,100 גרם,false,,29.00,3.8667,true,1,48556
80177173,false,ממרח אגוזי לוז עם קקאו,נוטלה Nutella,IT,ממרח נוטלה קקאו עם א,גרמים,350.00,100 גרם,false,,17.90,5.1143,true,1,48557
80177609,false,אצבעות שוקולד קינדר Kinder ארבע יחידות,קריות זול,IT,קינדר אצבעות שוק.חלב,גרמים,50.00,100 גרם,false,,5.50,11.0000,true,1,48558
80177616,false,אצבעות שוקולד קינדר Kinder שמונה יחידות,קריות זול,IT,אצבעות שוקולד קינדר,גרמים,100.00,100 גרם,false,,9.40,9.4000,true,1,48559
80718765,false,טונה במים בצנצנת קלי,קליפו קונסרב,IT,נתחי טונה בהירה במי,גרמים,160.00,100 גרם,false,,23.70,14.8125,true,1,74934
80761761,false,קינדר בואנו לבן בודד 39 גרם,קדבורי,PL,קינדר בואנו לבן 39ג,גרמים,43.00,100 גרם,false,,5.90,13.7209,true,1,48560
80773443,false,מסטיק מנטוס בבקבוק מעוגל בטעם מנטה מעודנת 60 ג',פרפטי ואן מלה הולנד,TR,מסטיק מנטוס בקבוק בט,גרמים,60.00,100 גרם,false,,10.90,18.1667,true,1,85029
80896081,false,מסטיק מנטוס פיור פרש בבקבוק בינוני בטעם אבטיח 60 ג',פרפטי ואן מלה הולנד,TR,מסטיק מנטוס בקבוק בט,גרמים,60.00,100 גרם,false,,10.90,18.1667,true,1,114454
80913467,false,מסטיק מנטו בבקבוק מעוגל בטעם מנטה 60 ג',פרפטי ואן מלה הולנד,TR,מסטיק מנטוס בקבוק בט,גרמים,60.00,100 גרם,false,,10.90,18.1667,true,1,85031
80995128,false,מנטוס - מסטיק בטעם הדרים בתוספת ויטמינים 60 גרם,פרפטי ואן מלה הולנד,TR,מסטיק מנטוס ויטמין ל,גרמים,60.00,100 גרם,false,,10.90,18.1667,true,1,505368
87108538,false,סוכריות מנטוס Mentos תות שדה,הדקלאים אגודת שיתופי,NL,מנטוס תות בגליל 37.5,גרמים,37.50,100 גרם,false,,4.50,12.0000,true,1,13690
87108651,false,מארז סוכריות מנטוס Mentos מנטה,הדקלאים אגודת שיתופי,NL,סוכריות מנטוס מנטה 1,גרמים,150.00,100 גרם,false,,11.90,7.9333,true,1,13691
87108712,false,מארז סוכריות מנטוס Mentos פירות,פרפטי ואן מלה ברדה,NL,סוכריות מנטוס פירות,גרמים,150.00,100 גרם,false,,11.90,7.9333,true,1,13692
90162602,false,משקה אנרגיה רד בול 250 מ''ל,רד בול ג'י.אם.בי. אץ,AT,משקה אנרגיה RED BULL,מיליליטרים,250.00,"100 מ""ל",false,,8.50,3.4000,true,1,11822
198888886,false,עיגול אגורות,,,עיגול אגורות,יחידה,0.00,יחידה,false,,1.00,0.0000,true,1,57486
16000423534,false,ניטשר ואלי חטיף שיבולת שועל שוקולד מריר קראנצי 210ג',ג'נרל מילס סאן אדריא,ES,חטיף קראנצי שיבולת ש,גרמים,210.00,100 גרם,false,,21.90,10.4286,true,1,13701
16000548404,false,ניטשר ואלי חטיף קראנצי גרנולה שיבולת שועל 210 ג',ג'נרל מילס סאן אדריא,ES,חטיף קראנצי גרנולה ש,גרמים,210.00,100 גרם,false,,21.90,10.4286,true,1,67533
16229924263,false,"קרם קוקוס 250 מ""ל.",ארוי די AROY-D,,"קרם קוקוס 250 מ""ל.",מיליליטרים,250.00,"100 מ""ל",false,,10.90,4.3600,true,1,110432
18000701223,false,תערובת להכנת עוגה בטעם שוקולד,הדקלאים אגודת שיתופי,IL,תערובת לעוגת שוק.דוי,גרמים,500.00,100 גרם,false,,19.90,3.9800,true,1,13710
22200956932,false,דאודורנט ג'ל לגבר Fresh Rush 24h,הנסיך- מפעל לייצור ט,US,דאו' ג'ל כחול ספיד ס,גרמים,85.00,100 גרם,false,,19.90,23.4118,true,1,23260
25675120044,false,סאוור סטיקס Sour Sticks בטעם תפוח,פשקז Paskesz,NL,חמצוצים מקלות תפוח ע,גרמים,100.00,100 גרם,false,,10.90,10.9000,true,1,4363
37600207188,false,חמאת בוטנים סקיפי קלאסי 462 גר',חברת המזון אלגוד,US,סקיפי חמאת בוטנים קל,גרמים,462.00,100 גרם,false,,20.90,4.5238,true,1,5812
37600207256,false,חמאת בוטנים סקיפי עם שברי בוטנים 462 גר',חברת המזון אלגוד,US,סקיפי חמאת בוטנים עם,גרמים,462.00,100 גרם,false,,20.90,4.5238,true,1,5813
38000232152,false,פרינגלס ברביקיו 158 גרם – חדש,פרינגלס מניופקצ'ורינ,US,פרינגלס ביג ברביקיו,גרמים,158.00,100 גרם,false,,10.90,6.8987,true,1,221188
38000232176,false,חטיף צ'יפס שמנת חמוצה ובצל,פרינגלס מניופקצ'ורינ,US,פרינגלס ביג שמנת בצל,גרמים,158.00,100 גרם,false,,10.90,6.8987,true,1,221189
38000232183,false,פרינגלס אורגינל 149 גרם,פרינגלס מניופקצ'ורינ,US,פרינגלס ביג אורגינל,גרמים,158.00,100 גרם,false,,10.90,6.8987,true,1,221190
38527591053,false,קוואקר מרובעים קינמון דגני בוקר 412 גרם,BEVERAGES FOODS & SE,US,דגני בוקר מרובעים קי,גרמים,412.00,100 גרם,false,,22.70,5.5097,true,1,25335
38527591060,false,דגני קוואקר מרובעים Quaker Squares עם סוכר חום,BEVERAGES FOODS & SE,US,דגני בוקר מרובעים קו,גרמים,412.00,100 גרם,false,,22.70,5.5097,true,1,25336
42400108153,false,דגני בוקר צבעוניים בטעם פירות טוטי פרוטיס,פוסט Post,US,דגני פרוטיס פוסט 354,גרמים,354.00,100 גרם,false,,26.90,7.5989,true,1,284437
46214382259,false,עוגיות בראוניס שוקולד 225 ג',בנקטבקריי מרבה בי.וי,NL,מרבה עוגיות בראוניס,גרמים,225.00,100 גרם,false,,11.90,5.2889,true,1,68802
46214731552,false,עוגיות שוקולד ציפס מובחרות 225 ג',קריניציה ויטמינה אס,NL,מרבה עוגיות שוקולד צ,גרמים,225.00,100 גרם,false,,11.90,5.2889,true,1,23270
50000084500,false,מזון יבש לחתול בטעם נתחי ברביקיו פריסקיז Friskies,נסטלה פורינה USA מק,US,פריסקיז מעדני השף מנ,קילוגרמים,1.43,"ק""ג",false,,39.90,27.9021,true,1,20977
50000170180,false,פריסקיז Friskies עוף ברוטב,פורינה Purina,US,פריסקיז פריים פילה ע,גרמים,156.00,100 גרם,false,,7.50,4.8077,true,1,20980
50000225224,false,פריסקיז Friskies הודו ברוטב,פורינה Purina,US,פריסקיז פריים פילה ה,גרמים,156.00,100 גרם,false,,7.50,4.8077,true,1,20981
50000238910,false,פריסקיז פרטי מיקס או,פורינה,US,פריסקיז פארטי מיקס א,גרמים,60.00,100 גרם,false,,13.90,23.1667,true,1,478383
50000429448,false,פנסי פיסט - מוס סלמון 85 גרם,נסטלה פורינה USA סט,US,פנסי פיסט פטה מוס סל,גרמים,85.00,100 גרם,false,,6.90,8.1176,true,1,20991
50000429646,false,פנסי פיסט - דג אוקיינוס 85 גרם,נסטלה פורינה USA ג',US,פנסי פיסט פטה דג אוק,גרמים,85.00,100 גרם,false,,6.90,8.1176,true,1,20992
54881000055,false,תה מיקס פירות יער והיביסקוס,תה אחמד Ahmad tea,,תה שחור מבחר פירות 2,גרמים,695.00,100 גרם,false,,10.90,1.5683,true,1,290492
54881000208,false,תה שחור לימון ןגינגר,תה אחמד Ahmad tea,,תה שחור לימון וגינג',גרמים,711.00,100 גרם,false,,10.90,1.5331,true,1,290494
55369902564,false,אפלסנקס רביעיות רסק תפוחי עץ ללא תוספת סוכר עברית,ליייהי אורצ'רדס,,אפלסנקס רסק תפוחי עץ,גרמים,452.00,100 גרם,false,,14.90,3.2965,true,1,39983
64144090013,false,תרסיס שמן טעם חמאה פאם 141 ג',קונאגרה פודס,US,תרסיס שמן פאם חמאה 1,מיליליטרים,148.00,"100 מ""ל",false,,21.00,14.1892,true,1,13736
70177077693,false,טווינינג אינגליש ברק,אר. טווינינגס אנד קו,PL,טווינינג אינגליש ברק,גרמים,50.00,100 גרם,false,,19.90,39.8000,true,1,129444
72600062320,false,הר חטיף גבינה בטעם פיצה 198 גרם,הר פודס,,הר חטיף גבינה בטעם פ,גרמים,198.00,100 גרם,false,,21.90,11.0606,true,1,320104
76840100156,false,"גלידה צרי גרסיה בן וג'ירי 500 מ""ל",מוצרי איכות אמריקאיי,IL,בן&גרי גלידה צרי גרס,גרמים,473.00,100 גרם,false,,24.90,5.2643,true,1,15023
77245110610,false,סוכריות מאסט ללא סוכר בטעם מנטה 80 ג'עלית,MIESZKO S.A - MS. JO,IL,סוכריות מאסט ללא סוכ,גרמים,80.00,100 גרם,false,,8.90,11.1250,true,1,24022
77975094761,false,שברי בייגלה בטעם צ'דר 340 גרם סניידרס,סניידרס Snyder's,US,סניידרס צ'דר 340 גרם,גרמים,340.00,100 גרם,false,,21.50,6.3235,true,1,307363
611745285685,true,אבוקדו בשל יח,,,אבוקדו בשל יח,גרמים,470.00,100 גרם,false,,9.90,2.1064,true,1,110180
634065859329,false,אוזניות שחור imx,,,אוזנייה שחורה,יחידה,0.00,יחידה,false,,29.90,0.0000,true,1,432840
645173911038,false,קורנישון מלפפוןן מיני 720 גרם - תומר,קלמן אינדיה,,מלפפונים קורנישון מי,גרמים,720.00,100 גרם,false,,11.90,1.6528,true,1,26282
649660432020,false,היל ויו שזיפים מיובשים מגולענים 567 גרם,היליו פאקינג קוסמי א,US,הייל ויו שזיפים מיוב,גרמים,567.00,100 גרם,false,,29.90,5.2734,true,1,334792
693493065641,false,טחינה הר כנען 500 גר,,,טחינת הר כנען 100% ש,גרמים,500.00,100 גרם,false,,15.90,3.1800,true,1,387275
710535495539,false,"אורז בסמטי 96% 1 ק""ג Avel",,,"אבאל אורז בסמטי 1 ק""",קילוגרמים,1.00,"ק""ג",false,,11.90,11.9000,true,1,252237
728229123613,false,חטיף על בסיס תפוח אדמה כחול בטעם טבעי,היין סלסטיאל גרופ,US,טרה צ'יפס חטיף ירקות,גרמים,50.00,100 גרם,false,,15.90,31.8000,true,1,6084
728229123811,false,חטיף על בסיס ירקות שורש בתיבול ים תיכוני,הונדורס צ'יפס יצור א,HN,טרה צ'יפס חטיף ים ת,גרמים,110.00,100 גרם,false,,15.90,14.4545,true,1,6085
728229124764,false,ציפס חטיף טרה בטטה מ,היין פיוצ'ור נטורל פ,US,טרה צ'יפס חטיף בטטה,גרמים,110.00,100 גרם,false,,15.90,14.4545,true,1,134962
728229130154,false,ציפס חטיף טרה בטטה ו,הונדורס צ'יפס יצור א,HN,טרה צ'יפס חטיף בטטה,גרמים,110.00,100 גרם,false,,15.90,14.4545,true,1,6087
768404001640,false,"גלידה בן&ג'ריס קפה משפחתית 500מ""ל",מוצרי איכות אמריקאיי,IL,גלידה פיינטס קפה 473,מיליליטרים,473.00,"100 מ""ל",false,,24.90,5.2643,true,1,15047
818570007066,false,תמצית וניל טהור וטקי,"ג'יי אר ווטקינס בע""מ",US,וטקינס וניל טהור 2,מיליליטרים,29.00,"100 מ""ל",false,,33.90,116.8966,true,1,109569
839762002379,false,משקה נקטר מנגו איילנד 350מל,"פאראגאלה,דה אג'יפשן",EG,איילנד משקה מנגו 350,מיליליטרים,350.00,"100 מ""ל",false,,6.90,1.9714,true,1,42982
884912365200,false,דגני בוקר אוראו הדור הבא 311 ג',פוסט לקיוויל,US,דגני בוקר עם פירורי,גרמים,311.00,100 גרם,false,,26.90,8.6495,true,1,479072
3010470155299,false,פריסקיז Friskies פטה בקר וירקות,ניו פטפוד איטליה,IT,פריסקיז פטה בקר וירק,גרמים,400.00,100 גרם,false,,10.90,2.7250,true,1,84514
3014260201753,false,סכיני גילוח ג'ילט בלו 2 להבים - מארז 5 יח',פרוקטר אנד גמבל,PL,סכיני גילוח חד פעמיי,יחידה,0.00,יחידה,false,,14.80,0.0000,true,1,28528
3068320055008,false,מים מינרלים טבעיים מ,קריניציה ויטמינה אס,FR,מים מינרלים טבעיים מ,מיליליטרים,500.00,"100 מ""ל",false,,7.90,1.5800,true,1,31772
3073781161663,false,גבינה מותכת 18.5% שומן לה וואש קירי,לה וואש קירי La Vache qui rit,FR,גבינת לה וואש קירי 8,גרמים,128.00,100 גרם,false,,13.90,10.8594,true,1,323794
3161911229199,false,אלוויר חמאה רכה 250ג',אלל אה וויר,FR,אלוויר חמאה רכה 250ג,גרמים,250.00,100 גרם,false,,23.90,9.5600,true,1,18171
3161911366429,false,חמאה רכה מלוחה אלווי,ארזינא,FR,אלוויר חמאה רכה מלוח,גרמים,250.00,100 גרם,false,,23.90,9.5600,true,1,18173
3162330060479,false,בירה SAER BRAU 6*250,,,בירה SAER BRAU 6*250,ליטרים,1.50,ליטר,false,,15.90,10.6000,true,1,506721
3245412211393,false,שוקולד חלב מעולה קרפ,,FR,שוקולד חלב מעולה קרפ,גרמים,300.00,100 גרם,false,,8.90,2.9667,true,1,450219
3245412211409,false,שוקולד חלב מעולה עם,,FR,שוקולד חלב מעולה עם,גרמים,300.00,100 גרם,false,,16.90,5.6333,true,1,450066
3270190128151,false,קרפור שוקולד חלב אור,,FR,קרפור שוקולד חלב אור,גרמים,100.00,100 גרם,false,,7.90,7.9000,true,1,522510
3270190151654,false,שוקולד מריר מעולה עם,,FR,שוקולד מריר מעולה עם,גרמים,100.00,100 גרם,false,,6.90,6.9000,true,1,455426
3270190174936,false,שוקולד חלב עם תכולת,,FR,שוקולד חלב עם תכולת,גרמים,100.00,100 גרם,false,,6.90,6.9000,true,1,450082
3387390320244,false,פיטנס Fitness דגנים מלאים עם פירות,נסטלה צרפת איטנקורט,FR,פיטנס פירות דגני עם,גרמים,375.00,100 גרם,false,,22.90,6.1067,true,1,21005
3387390525960,false,קראנץ' Crunch דגנים פריכים עם שוקולד,הנסיך- מפעל לייצור ט,FR,דגני קראנץ' נסטלה 50,גרמים,500.00,100 גרם,false,,26.90,5.3800,true,1,21006
3560070230778,false,קרפור-תה אנגלי שחור,,,קרפור-תה אנגלי שחור,גרמים,50.00,100 גרם,false,,7.90,15.8000,true,1,506978
3560070232963,false,קרפור-חליטת פירות יע,,,קרפור-חליטת פירות יע,גרמים,40.00,100 גרם,false,,7.90,19.7500,true,1,506897
3560070249343,false,קרפור- שוקולד חלב עם,,FR,קרפור- שוקולד חלב עם,גרמים,100.00,100 גרם,false,,6.90,6.9000,true,1,522401
3560070415755,false,קרפור-תה ירוק 25 יחי,,,קרפור-תה ירוק 25 יחי,גרמים,32.50,100 גרם,false,,8.90,27.3846,true,1,506817
3560070582884,false,קרפור סטייליס עם שוק,,,קרפור סטייליס עם שוק,גרמים,300.00,100 גרם,false,,9.90,3.3000,true,1,487273
3560070659517,false,קרפור-תה ארל גריי 20,,,קרפור-תה ארל גריי 20,גרמים,36.00,100 גרם,false,,10.90,30.2778,true,1,506801
3560070669981,false,שוקולד מריר מעולה 80,,FR,שוקולד מריר מעולה 80,גרמים,80.00,100 גרם,false,,5.90,7.3750,true,1,450051
3560070701407,false,שוקולד מריר מעולה עם,,FR,שוקולד מריר מעולה עם,גרמים,100.00,100 גרם,false,,6.90,6.9000,true,1,455458
3560070720859,false,שוקולד מריר מעולה 72,,FR,שוקולד מריר מעולה 72,גרמים,80.00,100 גרם,false,,5.90,7.3750,true,1,455459
3560070852086,false,קרפור-תה ירוק בטעם נ,,,קרפור-תה ירוק בטעם נ,גרמים,40.00,100 גרם,false,,7.90,19.7500,true,1,506929
3560070852116,false,קרפור-תה ירוק נענע 5,,,קרפור-תה ירוק נענע 5,גרמים,80.00,100 גרם,false,,9.90,12.3750,true,1,506913
3560070888108,false,קרפור-תה שחור בטעם ל,,,קרפור-תה שחור בטעם ל,גרמים,40.00,100 גרם,false,,7.90,19.7500,true,1,506961
3560070888115,false,קרפור-חליטת טיליה 25,,,קרפור-חליטת טיליה 25,גרמים,42.50,100 גרם,false,,7.90,18.5882,true,1,506850
3560070888139,false,קרפור-תה שחור בטעם פ,,,קרפור-תה שחור בטעם פ,גרמים,42.50,100 גרם,false,,7.90,18.5882,true,1,506945
3560070888153,false,קרפור-תה ירוק בטעם ל,,,קרפור-תה ירוק בטעם ל,גרמים,40.00,100 גרם,false,,7.90,19.7500,true,1,506962
3560070928194,false,קרפור-חליטת לואיזה 2,,,קרפור-חליטת לואיזה 2,גרמים,32.50,100 גרם,false,,7.90,24.3077,true,1,506834
3560071005191,false,קרפור -שוקולד לבן עם,,FR,קרפור -שוקולד לבן עם,גרמים,100.00,100 גרם,false,,6.90,6.9000,true,1,522417
3560071013127,false,קרפור סטייליס עם שוק,,,קרפור סטייליס עם שוק,גרמים,300.00,100 גרם,false,,9.90,3.3000,true,1,487290
3560071013196,false,קרפור סטייליס בטעם ט,,,קרפור סטייליס בטעם ט,גרמים,500.00,100 גרם,false,,10.90,2.1800,true,1,487291
3560071018566,false,קרפור-חטיף דגנים בוט,,,קרפור-חטיף דגנים בוט,גרמים,125.00,100 גרם,false,,6.90,5.5200,true,1,507059
3560071081256,false,קרפור-תה שחור 20 יחי,,,קרפור-תה שחור 20 יחי,גרמים,36.00,100 גרם,false,,10.90,30.2778,true,1,506753
3560071081263,false,קרפור-תה ירוק סיני 2,,,קרפור-תה ירוק סיני 2,גרמים,36.00,100 גרם,false,,10.90,30.2778,true,1,506785
3560071081270,false,קרפור-תה ירוק נענע 2,,,קרפור-תה ירוק נענע 2,גרמים,36.00,100 גרם,false,,10.90,30.2778,true,1,506769
3560071188689,false,בירה Walberg 6*250 מ,,,בירה Walberg 6*250 מ,ליטרים,1.50,ליטר,false,,19.90,13.2667,true,1,506705
3560071341947,false,שמן זית כתית מעולה ב,,FR,שמן זית כתית מעולה ב,מיליליטרים,750.00,"100 מ""ל",false,,11.50,1.5333,true,1,486282
3560071431914,false,קפסולות קפה קרפור עו,,FR,קפסולות קפה קרפור עו,גרמים,52.00,100 גרם,false,,7.90,15.1923,true,1,488300
3560071432034,false,קפסולות קפה נטול קרפ,,FR,קפסולות קפה נטול קרפ,גרמים,52.00,100 גרם,false,,7.90,15.1923,true,1,488334
3560071432065,false,קפסולות קפה קרפור עו,,FR,קפסולות קפה קרפור עו,גרמים,52.00,100 גרם,false,,7.90,15.1923,true,1,488335
3560071432096,false,קפסולות קפה קרפור עו,,FR,קפסולות קפה קרפור עו,גרמים,52.00,100 גרם,false,,7.90,15.1923,true,1,488336
3560071432157,false,קפסולות קפה וניל קרפ,,FR,קפסולות קפה וניל קרפ,גרמים,52.00,100 גרם,false,,7.90,15.1923,true,1,488337
3560071432188,false,קפסולות קפה קרמל קרפ,,FR,קפסולות קפה קרמל קרפ,גרמים,52.00,100 גרם,false,,7.90,15.1923,true,1,488338
3560071432249,false,קפסולות קפה ברזיל קר,,FR,קפסולות קפה ברזיל קר,גרמים,52.00,100 גרם,false,,7.90,15.1923,true,1,488340
3560071432270,false,קפסולות קפה קולומביה,,FR,קפסולות קפה קולומביה,גרמים,52.00,100 גרם,false,,7.90,15.1923,true,1,488341
3560071432331,false,קפסולות קפה לאוס קרפ,,FR,קפסולות קפה לאוס קרפ,גרמים,52.00,100 גרם,false,,7.90,15.1923,true,1,488343
3560071432362,false,קפסולות קפה קניה קרפ,,FR,קפסולות קפה קניה קרפ,גרמים,52.00,100 גרם,false,,7.90,15.1923,true,1,488344
3560071432515,false,קפסולות קפה קרפור עו,,FR,קפסולות קפה קרפור עו,גרמים,52.00,100 גרם,false,,7.90,15.1923,true,1,488346
3560071432690,false,קפסולות קפה קרפור עו,,FR,קפסולות קפה קרפור עו,גרמים,52.00,100 גרם,false,,7.90,15.1923,true,1,488347
3560071442545,false,בירה SAER BRAU 6*250,,,בירה SAER BRAU 6*250,ליטרים,1.50,ליטר,false,,15.90,10.6000,true,1,506737
3574661003924,false,שטיפת פה טוטאל קר בטעם מנטה צלול,ליסטרין Listerine,IT,מי פה טוטאל קאר ליסט,מיליליטרים,500.00,"100 מ""ל",false,,21.90,4.3800,true,1,31562
3574661012544,false,תחליב רחצה לה פטיט מ,,,LPM תחליב רחצה לונדר,מיליליטרים,650.00,"100 מ""ל",false,,19.90,3.0615,true,1,131669
3574661114637,false,"מי פה ליסטרין זירו מנטה עדין 500 מ""ל",ג'ונסון אנד ג'ונסון,IT,מי פה זירו ליסטרין 5,מיליליטרים,500.00,"100 מ""ל",false,,23.90,4.7800,true,1,31564
3574661552804,false,קרפרי מגן תחתון אלוורה 56 יח',הדקלאים אגודת שיתופי,IT,קרפרי מגן תחתן אלוור,יחידה,0.00,יחידה,false,,15.90,0.0000,true,1,233946
3574669907767,false,גונסונס בייבי שמפו קמומיל 750 מל,ג'ונסונס Johnson's,IT,ג'ונסונס בייבי שמפו,מיליליטרים,750.00,"100 מ""ל",false,,25.90,3.4533,true,1,146302
3608580730231,false,קונפיטורה בון ממאן תות שדה 370 גר',אף.סי תבליני בגליל ב,FR,קונפיטורה תות 370 גר,גרמים,370.00,100 גרם,false,,21.90,5.9189,true,1,22602
3616180424948,false,קרפור הום -30 מפיות,,,קרפור הום -30 מפיות,יחידה,0.00,יחידה,false,,6.90,0.0000,true,1,515031
3616180425099,false,קרפור הום -30 מפיות,,,קרפור הום -30 מפיות,יחידה,0.00,יחידה,false,,6.90,0.0000,true,1,515033
3616180425174,false,קרפור הום -30 מפיות,,,קרפור הום -30 מפיות,יחידה,0.00,יחידה,false,,6.90,0.0000,true,1,515037
3616180425198,false,קרפור הום -30 מפיות,,,קרפור הום -30 מפיות,יחידה,0.00,יחידה,false,,6.90,0.0000,true,1,515039
3800034954150,false,מארז 3 יחידות פריש דריי,,,עץ ריח איירון שלישיה,יחידה,0.00,יחידה,false,,10.50,0.0000,true,1,34248
4000417101211,false,גלילי וופל עם קרם אגוזי לוז בציפוי שוקולד חלב,אמיצ'לי Amicelli,AT,גלילי וופל עם קרם אג,גרמים,150.00,100 גרם,false,,19.90,13.2667,true,1,408974
4001518003800,false,מקלות פריכים עם פלפל ומלח 125ג' טורינוס,,DE,מקלות מאפים עם מלח ו,גרמים,125.00,100 גרם,false,,14.90,11.9200,true,1,319184
4002448019480,false,"סיליט באנג ספריי מסיר שומנים 750 מ""ל",סיליט באנג Cillit Bang,PL,סיליט באנג ספריי מסי,מיליליטרים,750.00,"100 מ""ל",false,,17.90,2.3867,true,1,22773
4005808670611,false,קרם לחות ויסאג ניווא,ביירסדורף,,קרם לחות ויסאג ניווא,מיליליטרים,50.00,"100 מ""ל",false,,44.90,89.8000,true,1,1078
4005900555540,false,לבלו שפתון כחול,,,לבלו כחול,יחידה,0.00,יחידה,false,,10.90,0.0000,true,1,379120
4008287905786,false,"קרומבאכר חיטה פחית בודד 500 מ""ל",מנדלז סי.אר. פרודקשן,DE,בירה קרומבכר חיטה בפ,מיליליטרים,500.00,"100 מ""ל",false,,11.20,2.2400,true,1,431976
4009300524588,false,תה פומפדור חליטת צמחים פירות יער 20 יח',פומפדור Pompadour,DE,פומפדור חליטת פירות,גרמים,60.00,100 גרם,false,,17.90,29.8333,true,1,23347
4009900403023,false,מסטיק אורביט בקבוקון דאבל white קלאסי 64ג',"ב.א מזון בע""מ",PL,אורביט וויט מנטה בקב,גרמים,64.00,100 גרם,false,,11.90,18.5938,true,1,48208
4009900479998,false,מסטיק אורביט בטעם אוכמניות ללא סוכר,ריגלי פולין,PL,אורביט מסטיק בקבוקון,גרמים,64.00,100 גרם,false,,11.90,18.5938,true,1,48234
4009900482417,false,מסטיק אורביט פירות מנטה בקבוקון באבל מינט 45יח,ריגלי פולין,PL,אורביט באבל מינט בקב,גרמים,64.00,100 גרם,false,,11.90,18.5938,true,1,48236
4009900531122,false,"מסטיק בטעם מנטה ספירמינט, 64 ג' פרופשיונל אורפיט",מרס נדרלנד,PL,אורביט פרופשייונל ספ,גרמים,64.00,100 גרם,false,,11.90,18.5938,true,1,137600
4009900534611,false,מסטיק איירוויבז בקבוקון בטעם מלון ומנטה,ריגלי,IL,איירוויבז בטעם מלון,גרמים,64.00,100 גרם,false,,11.90,18.5938,true,1,243019
4009900536486,false,מסטיק אורביט רפרשרס באבלמינט בקבוקון ללא סוכר 67 גר',מרס ריגלי קונפקשונרי,PL,מסטיק אורביט רפרשרס,גרמים,67.00,100 גרם,false,,12.90,19.2537,true,1,290602
4009900539685,false,"מסטיק פייב באונס בטעם מנטה בקבוקון, 61.8 גרם",ריגלי בעמ רוסיה,PL,מסטיק בטעם מנטה ללא,גרמים,61.80,100 גרם,false,,12.90,20.8738,true,1,414947
4011800630515,false,חטיף דגנים עם שוקולד חלב ובננה,מיוצר עי קונדיטוריית,DE,חטיף דגנים עם שוקולד,גרמים,150.00,100 גרם,false,,14.90,9.9333,true,1,6235
4011800636517,false,חטיף קורני Corny Free עם שוקולד חלב,מיוצר עי קונדיטוריית,DE,חטיף דגנים פרי עם שו,גרמים,120.00,100 גרם,false,,14.90,12.4167,true,1,66849
4014400903409,false,בונבוניירה טופיפי שוקולד 250 ג',קריניציה ויטמינה אס,DE,טופיפי 250גר',גרמים,250.00,100 גרם,false,,24.90,9.9600,true,1,13793
4014400904376,false,סוכריות טופי שוקולדן שטורק 325 ג',קריניציה ויטמינה אס,DE,סוכ.שטורק שוקולדן 32,גרמים,325.00,100 גרם,false,,18.80,5.7846,true,1,13797
4014400904390,false,סוכריות וולמילש ממולא ט.חלב 325גרם,קריניציה ויטמינה אס,DE,סוכריות וולמליש 325ג,גרמים,325.00,100 גרם,false,,18.80,5.7846,true,1,13798
4014400910063,false,סוכריות וורטר טופי חמאה 135ג',אוגוסט שטורק,DE,סוכריות חמאה וורטר 1,גרמים,135.00,100 גרם,false,,10.50,7.7778,true,1,13802
4014400914696,false,וורטר אורגינל סוכריות ללא סוכר 80 ג',אוגוסט שטורק,DE,80 סוכריות חמאה וורט,גרמים,80.00,100 גרם,false,,9.90,12.3750,true,1,13808
4014400914924,false,סוכריות וורטר אורגינל ללא סוכר קפה 80 ג',קריניציה ויטמינה אס,DE,80 סוכריות קפה וורטר,גרמים,80.00,100 גרם,false,,9.90,12.3750,true,1,13809
4014400920857,false,סוכריות וורטר Werther's בטעם שוקולד ללא סוכר,קריניציה ויטמינה אס,DE,וורטרס ללא סוכר טעם,גרמים,70.00,100 גרם,false,,9.90,14.1429,true,1,13812
4014400923711,false,טופיפי 125 גר' - חלב נוכרי,אוגוסט שטורק,DE,טופיפי בונבונירה שוק,גרמים,125.00,100 גרם,false,,13.90,11.1200,true,1,13813
4015400564454,false,מגני תחתון אולוויז לארג' עם ניחוח מגה פק,פרוקטר אנד גמבל,DE,מגן תחתון לארג מגה פ,יחידה,0.00,יחידה,false,,18.90,0.0000,true,1,28700
4015600762742,false,שמפו יומיומי למניעת קשקשים הנוסחה הקלאסית,פרוקטר אנד גמבל,RO,שמפו קלאסי הד&שולדרס,מיליליטרים,500.00,"100 מ""ל",false,,19.90,3.9800,true,1,28806
4017100364112,false,עוגיות היט Hit במילוי קרם בטעם שוקולד,הדקלאים אגודת שיתופי,PL,היט עוגיות סנדביץ בט,גרמים,220.00,100 גרם,false,,9.90,4.5000,true,1,121258
4025700001962,false,שוקולד מילקה לבן 100 גר',פי אר ג'יי אס סי מונ,UA,מילקה שוקולד לבן 100,גרמים,100.00,100 גרם,false,,7.90,7.9000,true,1,240485
4065698201159,false,זוג דונאטס אוראו,,,זוג דונאטס אוראו,גרמים,146.00,100 גרם,false,,17.90,12.2603,true,1,374643
4066600999614,false,"בירה פאולנר 500 מ""ל בקבוק",מבשלת פאולנר,DE,בירה פאולנר בקבוק 50,מיליליטרים,500.00,"100 מ""ל",false,,13.50,2.7000,true,1,67142
4210201262183,false,מברשת שיניים חשמלית ויטליטי Vitality נטענת,פרוקטר & גמבל,DE,אורל בי מברשת חשמלית,יחידה,0.00,יחידה,false,,100.90,0.0000,true,1,241928
4260147890513,false,אטריות ביצים דקות ורמיצ'לי 500ג',דין שיווק,PL,אטריות ביצים דקות במ,גרמים,500.00,100 גרם,false,,12.90,2.5800,true,1,118160
4603400000043,false,וודקה רוסקי סטנדרט ב,רוסקי סטנדרט וודקה,RU,רוסקי סטנדרט 700מ'ל,מיליליטרים,700.00,"100 מ""ל",false,,76.90,10.9857,true,1,67491
4640018993343,false,פיניש קואנטום קפסולות ג'יל רגיל 30 יחי,רקיט בנקיזר,PL,פיניש קוואנטום למדיח,יחידה,0.00,יחידה,false,,43.90,0.0000,true,1,237170
4710068001692,false,"מאסטר קפה לאטה פחית 240מ""ל",תאיט מרקטינג אנד דיס,,מאסטר קפה לאטה פחית,מיליליטרים,240.00,"100 מ""ל",false,,6.90,2.8750,true,1,10066
4710068002798,false,"מאסטר קפה ונילה פחית 240מ""ל",מאיטה פוד אינדוסטריא,,מאסטר קפה וונילה פחי,מיליליטרים,240.00,"100 מ""ל",false,,6.90,2.8750,true,1,146592
4800888190529,false,דאב דאו סטיק טאלק סו,,,דאו' סטיק טאלק סופט,גרמים,50.00,100 גרם,false,,19.90,39.8000,true,1,11076
4860019001346,false,מים מינרליים בורזומי,אי די אס בורגומי,,בורז'ומי מים מינרליי,מיליליטרים,500.00,"100 מ""ל",false,,8.90,1.7800,true,1,11856
4860019001414,false,מים מינירליים בורגומ,אי.די.אס בורג'יומי,,בורז'ומי מים מינרלים,מיליליטרים,750.00,"100 מ""ל",false,,8.90,1.1867,true,1,11858
4903001925784,false,סויה יאמאסה 500 מל דל נתרן,הדקלאים אגודת שיתופי,JP,רוטב סויה יאמאסה דל,מיליליטרים,500.00,"100 מ""ל",false,,18.90,3.7800,true,1,13832
4987176071545,false,אורל בי מברשות שיניים שישייה,,,שישיית מברשות שיניים,יחידה,0.00,יחידה,false,,15.90,0.0000,true,1,412431
5000157143365,false,מתבל בטעם מיונז וקטשופ היינץ 425 ג',היינץ Heinz,PL,מתבל בטעם מיונז וקטש,מיליליטרים,425.00,"100 מ""ל",false,,15.90,3.7412,true,1,215356
5000159376655,false,סוכריות סקיטלס 38 גר פירות 38 גרם,ריגלי ממתקים,,סוכריות סקיטלס פירות,גרמים,38.00,100 גרם,false,,3.90,10.2632,true,1,48266
5000159376792,false,סוכריות סקיטלס Skittles פירות חמוצים,ריגלי ממתקים,,סוכריות סקיטלס חמוץ,גרמים,38.00,100 גרם,false,,3.90,10.2632,true,1,48267
5000204196689,false,רייד קוטל יתושים חשמלי - 90 לילות,Zobele Bulgaria,BG,רייד מכשיר חשמלי + נ,יחידה,0.00,יחידה,false,,43.30,0.0000,true,1,423701
5010182997253,false,"רייד ארוסול קוטל ג''וקים - 300 מ""ל",אס.סי.ג'ונסון מידרכט,NL,רייד ארוסול קוטל ג'ו,מיליליטרים,300.00,"100 מ""ל",false,,17.90,5.9667,true,1,6282
5010182998847,false,"טואלט דאק נוזל לאסלה כחול 750 מ""ל",מיוצר עי קונדיטוריית,NL,דאק ג'ל נוזל לניקוי,מיליליטרים,750.00,"100 מ""ל",false,,11.90,1.5867,true,1,6289
5010677552387,false,"בקרדי בריזר אננס 275 מ""ל בקבוק",בקרדי בריזר Bacardi Breezer,BE,בקרדי בריזר אננס.,מיליליטרים,275.00,"100 מ""ל",false,,14.90,5.4182,true,1,10074
5010677554398,false,"בקרדי בריזר אבטיח 275 מ""ל בקבוק",בקרדי בריזר Bacardi Breezer,BE,בקרדי בריזר אבטיח,מיליליטרים,275.00,"100 מ""ל",false,,14.90,5.4182,true,1,67148
5011157630281,false,אורז לבן ארוך בסמטי טילדה Tilda,טילדה Tilda,GB,טילדה אורז הימשלי בס,קילוגרמים,1.00,"ק""ג",false,,25.90,25.9000,true,1,23382
5014271300429,false,סן דלפו מעדן משמש ללא סוכר 284גר,סנדלפור St.dalfour,FR,סאן דלפור מעדן משמש,גרמים,284.00,100 גרם,false,,22.90,8.0634,true,1,18213
5014271350424,false,מעדן סנט דלפור 4 פירות 284ג',המאפיה של הרמן,FR,סאן דלפור מעדן ארבע,גרמים,284.00,100 גרם,false,,22.90,8.0634,true,1,18216
5014271360423,false,סן דלפו מעדן תפוז ללא סוכר 284 ג',המאפיה של הרמן,FR,סאן דלפור מעדן תפוז,גרמים,284.00,100 גרם,false,,22.90,8.0634,true,1,18217
5014271370422,false,סן דלפו מעדן אפרסק ללא סוכר 284גר,סנדלפור St.dalfour,FR,סאן דלפור מעדן אפרסק,גרמים,284.00,100 גרם,false,,22.90,8.0634,true,1,18218
5014271400426,false,סן דלפו מעדן תות שדה ללא סוכר 284 ג',המאפיה של הרמן,FR,סאן דלפור מעדן תות ש,גרמים,284.00,100 גרם,false,,22.90,8.0634,true,1,18221
5029053002408,false,נייר טואלט קלינקס פרימיום לבן - מארז 9 גלילים,קימברלי קלארק ישראל,IL,נייר טואלט קליניקס ל,מטרים,275.00,מטר,false,,38.90,0.1415,true,1,9514
5029053039725,false,קופסת ממחטות נטורל פרש 72 דף קלינקס,עלבד,,טישו נטורל פרש קופסא,יחידה,0.00,יחידה,false,,10.90,0.0000,true,1,363661
5029053510811,false,קוטקס - תחבושות אולטרה נורמל + כנפיים 30 יח',קימברלי קלארק,,תחבושות אולטרה נורמל,יחידה,0.00,יחידה,false,,19.90,0.0000,true,1,9519
5029053523446,false,קוטקס - תחבושות אולטרה נייט + כנפיים 20 יח',קימברלי קלארק,,תחבושות אולטרה נייט+,יחידה,0.00,יחידה,false,,19.90,0.0000,true,1,9521
5029053578309,false,קופסת ממחטות אולטרה סופט 48 דף קלינקס,קימברלי,IL,טישו אולטרה סופט קוב,יחידה,0.00,יחידה,false,,7.90,0.0000,true,1,363677
5035766044673,false,"סיידר תפוחים סטרונגבאו 330 מ""ל בקבוק",סטרונגבאו Strongbow,BE,סטרונגבאו סיידר תפוח,מיליליטרים,330.00,"100 מ""ל",false,,8.90,2.6970,true,1,10077
5391523057936,false,סימילאק גולד שלב 2 תרכובת מזון על בסיס חלב,אבוט לבורטיז,IE,סימילאק גולד שלב 2,גרמים,700.00,100 גרם,false,,72.90,10.4143,true,1,123123
5391523058087,false,סימילאק אדבנס פלוס 2 תרכובת מזון על בסיס חלב,טרופיקל דגיל תעשיות,IE,סימילאק אדוואנס פלוס,גרמים,700.00,100 גרם,false,,65.90,9.4143,true,1,127255
5410076933129,false,אריאל שושן צחור שקית,פרוקטר אנד גמבל,TR,אריאל שושן צחור שקית,קילוגרמים,3.00,"ק""ג",false,,38.90,12.9667,true,1,29151
5410126666038,false,עוגיות לוטוס 18*2 279 גרם,לוטוס ביקרי,BE,עוגיות לוטוס 279 גרם,גרמים,279.00,100 גרם,false,,16.90,6.0573,true,1,130976
5410291021991,false,ממרח אגוזי לוז עם קקאו,צ'וקטה Chocketa,,צ`וקטה ממרח אגוזי לו,גרמים,700.00,100 גרם,false,,22.90,3.2714,true,1,49088
5410291022738,false,צ'וקטה ממרח חלב ואגוזי לוז עם קקאוי 350ג',צ'וקטה Chocketa,,צ`וקטה ממרח אגוזי לו,גרמים,350.00,100 גרם,false,,13.90,3.9714,true,1,49090
5410316983693,false,"אייס סמירנוף בודד 275 מ""ל",סמירנוף אייס Smirnoff ice,IT,סמירנוף אייס בודד,מיליליטרים,275.00,"100 מ""ל",false,,13.90,5.0545,true,1,66918
5411188110835,false,אלפרו חלב סויה שקדים וניל 1ל',הנסיך- מפעל לייצור ט,BE,אלפרו משקה שקדים 1 ל,ליטרים,1.00,ליטר,false,,16.80,16.8000,true,1,23390
5411188112709,false,משקה אלפרו שקדים ללא סוכר 1 ליטר,הנסיך- מפעל לייצור ט,BE,אלפרו משקה שקדים ללא,יחידה,0.00,יחידה,false,,16.80,0.0000,true,1,23394
5411188115366,false,אלפרו משקה שיבולת שועל 1 ליטר,הנסיך- מפעל לייצור ט,BE,אלפרו משקה שיבולת שו,יחידה,0.00,יחידה,false,,16.80,0.0000,true,1,23397
5411188115472,false,אלפרו משקה סויה 1 ליטר,הנסיך- מפעל לייצור ט,BE,אלפרו משקה סויה 1 לי,ליטרים,1.00,ליטר,false,,14.90,14.9000,true,1,261912
5411188121978,false,"משקה סויה בטעם שוקולד 3 * 250 מ""ל אלפרו",אלפרו C.V.A,BE,אלפרו סויה שוקו סיד,מיליליטרים,750.00,"100 מ""ל",false,,15.90,2.1200,true,1,109838
5411188124689,false,משקה שיבולת שועל ללא סוכר 1ל' אלפרו,אלפרו Alpro,BE,אלפרו משקה שיבולת שו,יחידה,0.00,יחידה,false,,16.80,0.0000,true,1,287062
5411188134985,false,אלפרו 3.5% NOT M*LK שיבולת שועל 1 ליטר בית יוסף,הנסיך- מפעל לייצור ט,BE,אלפרו 3.5% שומן NOT,ליטרים,1.00,ליטר,false,,14.90,14.9000,true,1,343364
5411188135005,false,אלפרו 1.8% NOT M*LK שיבולת שועל 1 ליטר בית יוסף,הנסיך- מפעל לייצור ט,BE,אלפרו 1.8% שומן NOT,ליטרים,1.00,ליטר,false,,14.90,14.9000,true,1,346613
5413149655522,false,"אבקת כביסה שושן צחור 1.25 ק""ג אריאל",פרוקטר אנד גמבל,,אריאל אבקת כביסה שוש,קילוגרמים,1.25,"ק""ג",false,,19.90,15.9200,true,1,29173
5420066370032,false,טראפל שוקולד בלגי מר,,,טראפל שוקולד בלגי מר,גרמים,150.00,100 גרם,false,,15.90,10.6000,true,1,463788
5420066370049,false,טראפל שוקולד בלגי תפ,,,טראפל שוקולד בלגי תפ,גרמים,150.00,100 גרם,false,,15.90,10.6000,true,1,463789
5601010111035,false,סרדינים בשמן זית רמי,רמירז קונסרב,PT,סרדינים בשמן זית רמי,גרמים,100.00,100 גרם,false,,13.90,13.9000,true,1,74582
5601010211070,false,סרדינים במי מלח רמיר,רמירז קונסרב,PT,סרדינים במי מלח רמיר,גרמים,100.00,100 גרם,false,,10.90,10.9000,true,1,74583
5601010211087,false,סרדינים פילה בשמן זי,רמירז קונסרב,PT,פילה סרדין בשמן זית,גרמים,100.00,100 גרם,false,,15.90,15.9000,true,1,74571
5701932026964,false,פופקורן להכנה במיקרוגל בטעם טבעי 6 שקיות,הוט פופ Hot pop,US,הוט פופ .פופקורן עם,גרמים,600.00,100 גרם,false,,16.90,2.8167,true,1,13841
5711953106583,false,גבינת שמנת בטעם טבעי 200 גרם ארלה,ארלה פודס אמבה,DK,ארלה גבינת שמנת טבעי,גרמים,200.00,100 גרם,false,,16.90,8.4500,true,1,197258
5711953106590,false,גבינת שמנת עם שום 200 גרם ארלה,ארלה פודס אמבה,DK,ארלה גבינת שמנת שום,גרמים,200.00,100 גרם,false,,16.90,8.4500,true,1,197259
5711953106606,false,גבינת שמנת עם תבלינים ועשבי תיבול 23.5%,ארלה פודס אמבה,DK,ארלה גבינת שמנת עשבי,גרמים,200.00,100 גרם,false,,16.90,8.4500,true,1,197260
5740900403215,false,ממרח לורפק חמאה עם מלח 250 ג',לורפאק Lurpak,,ממרח לורפק עם מלח 25,גרמים,250.00,100 גרם,false,,17.90,7.1600,true,1,134561
5740900403222,false,ממרח לורפק חמאה עם מלח מופחת שומן 250 ג,לורפאק Lurpak,,ממרח לורפק עם מלח מו,גרמים,250.00,100 גרם,false,,17.90,7.1600,true,1,134562
5740900403239,false,ממרח לורפק חמאה בלי מלח 250 ג',לורפאק Lurpak,,ממרח לורפק ללא מלח 2,גרמים,250.00,100 גרם,false,,17.90,7.1600,true,1,134563
5740900403246,false,ממרח לורפק חמאה בלי מלח 500 ג',לורפאק Lurpak,,ממרח לורפק ללא מלח 5,גרמים,500.00,100 גרם,false,,30.80,6.1600,true,1,134564
5740900403253,false,ממרח לורפק חמאה עם מלח 500 ג',לורפאק Lurpak,,ממרח לורפק עם מלח 50,גרמים,500.00,100 גרם,false,,30.80,6.1600,true,1,134565
5740900403864,false,חמאה +מלח 200 גרם לורפק כשרות או קיי,ארלה פודס אמבה,DK,חמאת לורפק עם מלח 20,גרמים,200.00,100 גרם,false,,12.90,6.4500,true,1,343424
5765220190171,false,עטרות נייר אפייה 5 -130 יחידות,,,עטרות נייר לאפייה 4,יח',130.00,יח',false,,5.90,0.0454,true,1,287671
5900020012814,false,דגני בוקר בטעם שוקולד נסקוויק Nesquik,מיוצר עי קונדיטוריית,PL,דגני בוקר נסקוויק נס,גרמים,500.00,100 גרם,false,,27.90,5.5800,true,1,21009
5900020018908,false,חטיף פיטנס דגנים עם עוגיות ופצפוצי שוקולד לבן,מיוצר עי קונדיטוריית,PL,פיטנס חטיף דגנים קרם,גרמים,141.00,100 גרם,false,,17.90,12.6950,true,1,21016
5900020026552,false,דגני בוקר האני נאט צ'יריוס בטעם דבש ושקדים,נסטלה צרפת איטנקורט,FR,האני נאט ציריוס נסטל,גרמים,625.00,100 גרם,false,,27.90,4.4640,true,1,21032
5900020034021,false,חטיף דגנים פיטנס שוקולד בננה,מיוצר עי קונדיטוריית,PL,פיטנס חטיף דגנים שוק,גרמים,141.00,100 גרם,false,,17.90,12.6950,true,1,139968
5900020036407,false,דגני בוקר ליון Lion בטעם שוקולד וקרמל,נסטלה פולין דגני בוק,,דגני בוקר שוקולד וקר,גרמים,480.00,100 גרם,false,,27.90,5.8125,true,1,235130
5900020037916,false,דגני בוקר שיבולת שועל צ'ריוס 375ג',ג'נרל מילס סאן אדריא,PL,צ'יריוס שיבולת שועל,גרמים,375.00,100 גרם,false,,17.90,4.7733,true,1,327141
5900627063233,false,טבליות למדיח AIO 50 יח פיניש,רקיט בנקיזר,PL,50 יח AIO טבליות פינ,גרמים,800.00,100 גרם,false,,41.90,5.2375,true,1,22854
5902198160403,false,"משקה אנרגיה XL TEN פחית לל""ס 250מ""ל","טמפו משקאות בע""מ",IL,אקס אל משקה אנרגיה ט,מיליליטרים,250.00,"100 מ""ל",false,,4.90,1.9600,true,1,83247
5906485301012,false,"משקה אנרגיה XL פחית 250 מ""ל","טמפו משקאות בע""מ",IL,אקס אל משקה אנרגיה 2,מיליליטרים,250.00,"100 מ""ל",false,,4.90,1.9600,true,1,10085
6008165274629,false,סיגריות פאל מאל כחול ארוך סטרים,יושלם,,פאל מאל כחול ארוך סט,יחידה,0.00,יחידה,false,,31.00,0.0000,false,1,4705
6102017501939,false,מצית לגז ארוך,,,מצת מהודר,יחידה,0.00,יחידה,false,,9.90,0.0000,true,1,124647
6111094000259,false,קוסקוס דארי בינוני ת,דארי Dari,,קוסקוס בינוני דארי 5,גרמים,500.00,100 גרם,false,,10.90,2.1800,true,1,120093
6534401901504,true,מחצלת להכנת סושי,,,מחצלת להכנת סושי,יחידה,0.00,יחידה,false,,5.90,0.0000,true,1,369385
6820180058110,false,כף אשפה פלסטיק,,,כף אשפה פלסטיק,יחידה,0.00,יחידה,false,,6.90,0.0000,true,1,404246
6900024600672,false,מברשת לסלה+כוס,,,מברשת לסלה+כוס,יחידה,0.00,יחידה,false,,8.90,0.0000,true,1,470404
6902019042061,false,מארז בלונים 50 יח קרביץ,,,מארז בלונים 50 יח,יחידה,0.00,יחידה,false,,10.90,0.0000,true,1,164157
6903132699705,false,מסחטת מיץ פרי הדר,,,מסחטת מיץ פרי הדר,יחידה,0.00,יחידה,false,,9.90,0.0000,true,1,470369
6905224059411,false,מחזיק כוסות למטבח 19,,,מחזיק כוסות למטבח 19,יחידה,0.00,יחידה,false,,11.90,0.0000,true,1,404261
6910191800287,false,אצות נורי בלו 10 דף (ננגטונג),ננטונג היידה אקווטוק,CN,אצות נורי לסושי מזרח,גרמים,25.00,100 גרם,false,,12.90,51.6000,true,1,15082
6918647655351,false,דבק דו צדדי זוג 1.7*,,,דבק דו צדדי זוג 1.7*,יחידה,0.00,יחידה,false,,9.90,0.0000,true,1,449765
6980531007713,false,מארז שלישיה פותחן שי,,,מארז שלישיה פותחן שי,יחידה,0.00,יחידה,false,,9.90,0.0000,true,1,470336
7262626058497,false,כובע צמר לגבר,,,כובע צמר לגבר,יחידה,0.00,יחידה,false,,29.90,0.0000,true,1,95463
7262626088173,false,גרבי אנגורה נשים,,,גרבי אנגורה נשים,יחידה,0.00,יחידה,false,,9.90,0.0000,true,1,284382
7262626088289,false,מטריה סיליקון נקודות,,,מטריה סיליקון נקודות,יחידה,0.00,יחידה,false,,39.90,0.0000,true,1,392147
7262626088296,false,מטריה סיליקון עם הדפ,,,מטריה סיליקון עם הדפ,יחידה,0.00,יחידה,false,,39.90,0.0000,true,1,392148
7271730901261,false,ווקי מאק ארוחת אטריות עם גבינה 156 גרם,ניו וורלד פסטה קומפנ,US,ארוחת אטריות וואקי מ,גרמים,156.00,100 גרם,false,,11.90,7.6282,true,1,70533
7290000004444,false,שקיות גופיה 20 מקרו,,,שקיות גופיה 20 מקרו,יחידה,0.00,יחידה,false,,0.10,0.0000,true,1,461181
7290000004991,false,מארז תרומה אגרות פתח,,,מארז תרומה אגרות פתח,יחידה,0.00,יחידה,false,,10.00,0.0000,true,1,340693
7290000023809,false,"יין ברקן קלאסיק קברנה סובניון 750מ""ל",יקבי ברקן שיווק והפצ,IL,קלאסיק קברנה סובניון,מיליליטרים,750.00,"100 מ""ל",false,,35.50,4.7333,true,1,10111
7290000023816,false,"יין ברקן קלאסיק אמרלד ריזלינג 750מ""ל",יקבי ברקן שיווק והפצ,IL,קלאסיק אמרלד ריזלינג,מיליליטרים,750.00,"100 מ""ל",false,,35.50,4.7333,true,1,10112
7290000023977,false,"יין ברקן קלאסיק מרלו 750 מ""ל",יקבי ברקן שיווק והפצ,IL,קלאסיק מרלו 750מל.,מיליליטרים,750.00,"100 מ""ל",false,,35.50,4.7333,true,1,10118
7290000024523,false,מיץ ענבים תירוש אדום,כרמי צבי - האחים סגל,IL,תירוש של סגל 1 ליטר,ליטרים,1.00,ליטר,false,,15.90,15.9000,true,1,10129
7290000032665,false,רוטב עגבניות 28% 580ג' פרי זה,,,רוטב עגבניות 28% ברי,גרמים,580.00,100 גרם,false,,8.50,1.4655,true,1,9291
7290000040042,false,יוגורט תות %3 גביע 150 ג' יופלה,תנובה בעמ,IL,יופלה תות שובב 3% 15,מיליליטרים,150.00,"100 מ""ל",false,,5.70,3.8000,true,1,27118
7290000040066,false,יוגורט דובדבן 3% שומן 150 ג' יופלה,תנובה מרכז שיתופי לש,IL,יופלה דובדבן פראי 3%,מיליליטרים,150.00,"100 מ""ל",false,,5.70,3.8000,true,1,27120
7290000040974,false,חלב תנובה קרטון דל לקטוז 2% 1ל,תנובה מרכז שיתופי לש,IL,חלב תנובה קרטון דל ל,ליטרים,1.00,ליטר,false,,7.50,7.5000,true,1,27128
7290000041445,false,קוטג' 5% תנובה מהדרין 250ג',מיוצר עי קונדיטוריית,IL,"קוטג' 5% תנובה בד""צ",גרמים,250.00,100 גרם,false,,5.70,2.2800,true,1,27130
7290000041858,false,"שמנת חמוצה 15% יטבתה 200 מ""ל מהדרין",שטראוס גרופ,IL,יטבתה שמנת חמוצה 15%,מיליליטרים,200.00,"100 מ""ל",false,,2.50,1.2500,true,1,24751
7290000042008,false,חלב תנובה טרי 3% שקית 1 ל',"תנובה, מחלבת רחובות",IL,חלב תנובה רבנות 3% ב,ליטרים,1.00,ליטר,false,,5.43,5.4300,true,1,27135
7290000042015,false,חלב טרי 3% תנובה שקית 1ל' מהדרין,תנובה מרכז שיתופי לש,IL,חלב תנובה טרי שקית,יחידה,0.00,יחידה,false,,5.43,0.0000,true,1,27136
7290000042404,false,חלב יוטבתה מועשר 3% שקית 1ל',מחלבת יטבתה,IL,יטבתה חלב מועשר שקית,ליטרים,1.00,ליטר,false,,5.90,5.9000,true,1,24754
7290000042435,false,חלב טרי 1% קרטון פקק 1ל' תנובה,תנובה מרכז שיתופי לש,IL,חלב תנובה בקרטון 1%,ליטרים,1.00,ליטר,false,,5.86,5.8600,true,1,27142
7290000042640,false,"חלב תנובה עמיד 3% קרטון 250 מ""ל",קריות זול,IL,חלב תנובה עמיד 3% מה,מיליליטרים,250.00,"100 מ""ל",false,,2.90,1.1600,true,1,27149
7290000042855,false,יוטבתה שוקו שקית 225מל,שטראוס גרופ,IL,יטבתה שוקו שקית 225,מיליליטרים,225.00,"100 מ""ל",false,,2.90,1.2889,true,1,24756
7290000043012,false,"שוקו עמיד 2% בקרטון 250 מ""ל תנובה",תנובה מרכז שיתופי לש,IL,שוק שוקו עמיד 2% בקר,מיליליטרים,250.00,"100 מ""ל",false,,4.90,1.9600,true,1,27152
7290000043814,false,"שמנת מתוקה להקצפה 38% 250 מ""ל תנובה",תנובה מרכז שיתופי לש,IL,שף לבן שמנת לקצפת עמ,מיליליטרים,250.00,"100 מ""ל",false,,6.47,2.5880,true,1,27155
7290000043890,false,רויון בקרטון 1 ליטר,תנובה מרכז שיתופי לש,IL,ריויון 1.5% 1ל,ליטרים,1.00,ליטר,false,,12.50,12.5000,true,1,27158
7290000043944,false,כד יוגורט תנובה 4% שומן 1.5 ליטר,מיוצר עי קונדיטוריית,IL,יוגורט כדים תנובה 1.,ליטרים,1.50,ליטר,false,,17.70,11.8000,true,1,27159
7290000044712,false,יוגורט עם תות 1.5% שומן 500 ג' פרילי,מיוצר עי קונדיטוריית,IL,פרילי תות 1.5% 500מל,מיליליטרים,500.00,"100 מ""ל",false,,10.90,2.1800,true,1,27165
7290000044880,false,באדי יוגורט תות 3% שומן 500 ג' תנובה,מיוצר עי קונדיטוריית,IL,באדי תות 3% 500מל,מיליליטרים,500.00,"100 מ""ל",false,,9.90,1.9800,true,1,27167
7290000045580,false,"גבינת מותכת נעמה חורש 25%, 240 ג'",תנובה מרכז שיתופי לש,IL,נעמה גבינת מותכת 25%,גרמים,240.00,100 גרם,false,,18.90,7.8750,true,1,27170
7290000046327,false,"גבינת גלבוע פרוס 22%, 200 ג' תנובה",תנובה מרכז שיתופי לש,IL,גלבוע גבינה פרוסה 22,גרמים,200.00,100 גרם,false,,13.30,6.6500,true,1,27175
7290000047546,false,כנען גבינה לבנה ללא מלח 5% 500 ג',תנובה מרכז שיתופי לש,IL,שף לבן כנען 5% 500ג,גרמים,500.00,100 גרם,false,,27.20,5.4400,true,1,27178
7290000048185,false,גבינה לבנה 5% שומן 250 ג' תנובה,מיוצר עי קונדיטוריית,IL,גבינה לבנה רכה 5% תנ,גרמים,250.00,100 גרם,false,,4.98,1.9920,true,1,27183
7290000048192,false,גבינה לבנה 9% שומן 250 ג' תנובה,מחלבת אלון תבור,IL,גבינה לבנה רכה 9% בד,גרמים,250.00,100 גרם,false,,5.00,2.0000,true,1,27184
7290000048307,false,קוטג' 5% וזיתים ירוקים 250ג' תנובה,מיוצר עי קונדיטוריית,IL,קוטג תנובה עם זיתים,גרמים,250.00,100 גרם,false,,5.90,2.3600,true,1,27186
7290000048437,false,גבינה צפתית 5% 200 ג' פיראוס,פארייפאבה אגרואינדוס,IL,פיראוס צפתית 5% 200,גרמים,200.00,100 גרם,false,,16.90,8.4500,true,1,27189
7290000050447,false,יוגורט תות 500 ג' יופלה,מיוצר עי קונדיטוריית,IL,יופלהYYY תות 3% 500מ,מיליליטרים,500.00,"100 מ""ל",false,,13.80,2.7600,true,1,27201
7290000050454,false,יוגורט אפרסק 500 ג' יופלה,מיוצר עי קונדיטוריית,IL,יופלהYYY אפרסק 3% 50,מיליליטרים,500.00,"100 מ""ל",false,,13.80,2.7600,true,1,27202
7290000051352,false,חלב מלא בטעם של פעם 3.4% תנובה קרטון 1 ל',תנובה מרכז שיתופי לש,IL,חלב תנובה של פעם בקר,ליטרים,1.00,ליטר,false,,7.40,7.4000,true,1,27221
7290000051376,false,יופלה דיאט אננס גביע 150 ג',תנובה מרכז שיתופי לש,IL,יופלה דיאט אננס ספור,מיליליטרים,150.00,"100 מ""ל",false,,5.60,3.7333,true,1,27222
7290000051710,false,לאבנה 9% עם שמן זית וזעתר 263 ג' פיראוס,"תנובה, מחלבת אלון תב",IL,פיראוס לאבנה עם שמן,גרמים,263.00,100 גרם,false,,14.50,5.5133,true,1,27225
7290000052311,false,גבינה צהובה לייט 15% 200 ג' עמק,תנובה מרכז שיתופי לש,IL,עמק מהדרין 15% 200 ג,גרמים,200.00,100 גרם,false,,16.90,8.4500,true,1,27238
7290000052717,false,קוטג' 5%עם שום שמיר 250 ג' תנובה,מיוצר עי קונדיטוריית,IL,קוטג תנובה עם שום שמ,גרמים,250.00,100 גרם,false,,5.90,2.3600,true,1,27248
7290000055343,false,יופלה משקה יוגורט טרופי 1.5% 250מל,תנובה מרכז שיתופי לש,IL,יופלה משקה יוגורט טר,מיליליטרים,250.00,"100 מ""ל",false,,6.50,2.6000,true,1,27296
7290000056845,false,חלב טרי 3% הומוגני קרטון 1.5 ל' תנובה,פארייפאבה אגרואינדוס,IL,חלב תנובה בקרטון 3%,ליטרים,1.50,ליטר,false,,9.34,6.2267,true,1,27320
7290000056906,false,מאגדת לבן טבעי 1.5% שומן 8 יח' * 150 ג' יופלה,מחלבת אלון תבור,IL,יופלה לבן 1.5% 8*150,ליטרים,1.20,ליטר,false,,19.50,16.2500,true,1,27324
7290000057088,false,גבינת דק דק 28% 200 ג' עמק,תנובה מרכז שיתופי לש,IL,עמק דק דק 28% 200גר,גרמים,200.00,100 גרם,false,,17.90,8.9500,true,1,27331
7290000057118,false,עמק סמי מעדנייה כשרות מהדרין,תנובה מרכז שיתופי לש,IL,עמק סמי 28% 400 גר,גרמים,400.00,100 גרם,false,,24.20,6.0500,true,1,27333
7290000057132,false,יוגורט טבעי 1.5% שומן 200 ג' תנובה,מחלבת אלון תבור,IL,תנובה יוגורט טבעי 1.,מיליליטרים,200.00,"100 מ""ל",false,,3.50,1.7500,true,1,27334
7290000057149,false,יוגורט טבעי 3% שומן 200 ג' תנובה,מיוצר עי קונדיטוריית,IL,תנובה יוגורט טבעי 3%,גרמים,200.00,100 גרם,false,,3.50,1.7500,true,1,27335
7290000057552,false,יופלה דיאט עוגת גבינה ותות 0% גביע 150ג',תנובה בעמ,IL,יופלה דיאט ע.גבינה ו,מיליליטרים,150.00,"100 מ""ל",false,,5.60,3.7333,true,1,27346
7290000058030,false,"יופלה שטוזים משקה יוגורט תות 8 יח' * 100 מ""ל",מיוצר עי קונדיטוריית,IL,יופלה שטוזים משקה יו,מיליליטרים,800.00,"100 מ""ל",false,,22.50,2.8125,true,1,27355
7290000058047,false,**שף לבן שמנת מתוקה מהדרין 38% פקק 500מ,תנובה מרכז שיתופי לש,IL,שף לבן שמנת מתוקה מה,מיליליטרים,500.00,"100 מ""ל",false,,12.94,2.5880,true,1,27356
7290000060088,false,בייגלה אסם מקלות מלוחים 400 גרם,מיוצר עי קונדיטוריית,IL,בייגלה אסם מקלות מלו,גרמים,400.00,100 גרם,false,,11.90,2.9750,true,1,68293
7290000060163,false,פסטה אסם אטריות דקות 400גר,"אסם השקעות בע""מ",IL,אטריות דקות אסם 400,גרמים,400.00,100 גרם,false,,7.90,1.9750,true,1,21041
7290000060200,false,פסטה אסם פתיתים אפויים קוסקוס 500גר,"אסם השקעות בע""מ",IL,פתיתים אפויים קוסקוס,גרמים,500.00,100 גרם,false,,7.90,1.5800,true,1,21042
7290000060217,false,פסטה אסם מקרוני 7 500 גר,קריות זול,IT,פסטה מקרוני אסם 500,גרמים,500.00,100 גרם,false,,6.90,1.3800,true,1,21043
7290000060248,false,פסטה אסם פתיתים תלתלים 500גר,קריות זול,IT,פסטה תלתלים אסם 500,גרמים,500.00,100 גרם,false,,6.90,1.3800,true,1,21044
7290000060408,false,פסטה אסם פתיתים אפויים טבעות 500 גר,"אסם השקעות בע""מ",IL,פתיתים אפויים טבעות,גרמים,500.00,100 גרם,false,,7.90,1.5800,true,1,21050
7290000060415,false,פסטה פרפקטו לזאניה אסם 500ג',קריות זול,IT,לזאניה פרפקטו 500 ג,גרמים,500.00,100 גרם,false,,15.40,3.0800,true,1,21051
7290000060781,false,פסטה אסם פתיתים מסולסלים 500גר,קריות זול,IT,פסטה מסולסלים אסם 50,גרמים,500.00,100 גרם,false,,6.90,1.3800,true,1,21057
7290000060828,false,פסטה קרניים בינוניות 500 ג' אסם,קריות זול,IT,פסטה קרניים בינוניות,גרמים,500.00,100 גרם,false,,6.90,1.3800,true,1,21058
7290000060842,false,פסטה אסם פתיתים צדפים גדולים 500גר,קריות זול,IT,פסטה צדפים גדולים אס,גרמים,500.00,100 גרם,false,,6.90,1.3800,true,1,21059
7290000060880,false,פסטה מס' 8 ספגטי אסם 500ג',קריות זול,IT,ספגטי אסם 500 גרם,גרמים,500.00,100 גרם,false,,6.90,1.3800,true,1,21061
7290000060903,false,פסטה אסם פתיתים אפויים אורז 500גר,"אסם השקעות בע""מ",IL,פתיתים אפויים אורז א,גרמים,500.00,100 גרם,false,,7.90,1.5800,true,1,21062
7290000060958,false,פסטה אסם אטריות בינוניות 400 גרם,"אסם השקעות בע""מ",IL,אטריות בינוניות אסם,גרמים,400.00,100 גרם,false,,7.90,1.9750,true,1,21064
7290000061061,false,קרקר בצל אסם 250 גרם,"אסם השקעות בע""מ",IL,אסם קרקר בצל 250גרם,גרמים,250.00,100 גרם,false,,11.60,4.6400,true,1,21067
7290000061085,false,"רוטב צ'ילי מתוק אסם 290מ""ל","אסם השקעות בע""מ",IL,אסם רוטב צ'ילי מתוק,מיליליטרים,290.00,"100 מ""ל",false,,12.90,4.4483,true,1,21068
7290000061214,false,פתיתים אפויים קוסקוס עם בצל אסם 500 גר',"אסם השקעות בע""מ",IL,פתיתים קוסקוס בצל אס,גרמים,500.00,100 גרם,false,,7.90,1.5800,true,1,68302
7290000061450,false,פתיתים אפויים קוסקוס צבעוני אסם 500 גר',"אסם השקעות בע""מ",IL,פתיתים קוסקוס 3 צבעי,גרמים,500.00,100 גרם,false,,7.90,1.5800,true,1,21073
7290000061764,false,נסקפה רד מאג טעם חדש 200ג',נסטלה ספרד קפה,ES,נס קפה רד מאג טעם חד,גרמים,200.00,100 גרם,false,,23.90,11.9500,true,1,21074
7290000062952,false,אוסם - מיני קרוטונים למרק ולסלט 250 גרם,עינת תעשיות מזון,IL,מיני קרוטונים למרק ו,גרמים,250.00,100 גרם,false,,16.90,6.7600,true,1,68305
7290000063102,false,קמח עוגה אסם תופח מאליו 350ג',"אסם השקעות בע""מ",IL,קמח תופח קטן אסם 350,גרמים,350.00,100 גרם,false,,5.80,1.6571,true,1,21083
7290000063133,false,אסם שקדי מרק רכיבים טבעיים 24*100גרם,"אסם השקעות בע""מ",IL,שקדי מרק רכיבים טבעי,גרמים,100.00,100 גרם,false,,6.90,6.9000,true,1,21084
7290000063140,false,שקדי מרק רכיבים טבעיים בשקית 400 ג' אסם,"אסם השקעות בע""מ",IL,שקדי מרק רכיבים טבעי,גרמים,400.00,100 גרם,false,,13.90,3.4750,true,1,21085
7290000063157,false,"קמח תופח מאליו אסם 1 ק""ג","אסם השקעות בע""מ",IL,קמח עוגה תופח מאליו,קילוגרמים,1.00,"ק""ג",false,,10.30,10.3000,true,1,21086
7290000064758,false,קוסקוס בינוני אמיתי אסם 350 ג',"מיוצר ע""י קוד יצרן K",IL,קוסקוס אמיתי אסם 350,גרמים,350.00,100 גרם,false,,8.90,2.5429,true,1,68308
7290000065335,false,אוסם - מנה חמה פירה עם ירקות 55 גרם,"אסם השקעות בע""מ",IL,מנה חמה פירה וירקות,גרמים,55.00,100 גרם,false,,6.90,12.5455,true,1,21100
7290000065557,false,אוסם - מנה חמה קוסקוס עם ירקות 84 גרם,"אסם תעשיות מזון בע""מ",IL,מנה חמה קוסקוס וירקו,גרמים,84.00,100 גרם,false,,6.90,8.2143,true,1,21102
7290000066141,false,ביסלי בטעם גריל אסם,"אסם השקעות בע""מ",IL,ביסלי גריל 70 גר'.,גרמים,70.00,100 גרם,false,,4.90,7.0000,true,1,21110
7290000066172,false,ביסלי בטעם פיצה אסם,"אסם השקעות בע""מ",IL,ביסלי פיצה 70גרם,גרמים,70.00,100 גרם,false,,4.90,7.0000,true,1,21113
7290000066196,false,ביסלי גדול בטעם גריל 200 ג' אסם,מיוצר עי קונדיטוריית,IL,ביסלי גריל 200גרם,גרמים,200.00,100 גרם,false,,7.90,3.9500,true,1,68312
7290000066226,false,ביסלי בטעם פיצה 200 ג' אסם,מיוצר עי קונדיטוריית,IL,ביסלי טעם פיצה 200גר,גרמים,200.00,100 גרם,false,,7.90,3.9500,true,1,21118
7290000066295,false,אסם במבה תות מחומרים טבעיים 30גר,מיוצר עי קונדיטוריית,IL,במבה מתוקה מחומרים ט,גרמים,30.00,100 גרם,false,,2.90,9.6667,true,1,21120
7290000066318,false,במבה קלאסי 80 גרם,"אסם השקעות בע""מ",IL,במבה קלאסי 80 גרם,גרמים,80.00,100 גרם,false,,4.90,6.1250,true,1,21122
7290000066332,false,אפרופו חטיף אסם 50ג',מיוצר עי קונדיטוריית,IL,אפרופו 50 גרם,גרמים,50.00,100 גרם,false,,5.80,11.6000,true,1,21123
7290000066431,false,פופקו חטיף תירס בטעם חמאה ודבש 80 גרם,מיוצר עי קונדיטוריית,IL,פופקו חמאה ודבש 80גר,גרמים,80.00,100 גרם,false,,5.90,7.3750,true,1,21125
7290000067407,false,פירורית מתובל שקית 200גר,עינת תעשיות מזון,IL,פירורית מתובל שקית 2,גרמים,200.00,100 גרם,false,,7.90,3.9500,true,1,68314
7290000067599,false,אוסם - מנה חמה ספגטי רוטב בולנז 65 גרם,"אסם השקעות בע""מ",IL,מנה חמה ספגטי בולונז,גרמים,65.00,100 גרם,false,,6.90,10.6154,true,1,68315
7290000068138,false,אסם פודינג אינסטנט וניל 80 גרם,מיוצר עי קונדיטוריית,IL,אסם פודינג אינסטנט ו,גרמים,80.00,100 גרם,false,,6.50,8.1250,true,1,21143
7290000068343,false,אוסם - פירכונים מאורז מלא 140 גרם,"מיוצר ע""י PT, משווק",IL,פריכונים מאורז מלא א,גרמים,140.00,100 גרם,false,,8.90,6.3571,true,1,21153
7290000068770,false,במבה יום הולדת אסם 8,"אסם השקעות בע""מ",IL,במבה יום הולדת 80גרם,גרמים,80.00,100 גרם,false,,4.90,6.1250,true,1,21155
7290000068787,false,במבה יום הולדת 25גרם,מיוצר עי קונדיטוריית,IL,במבה יום הולדת 25גרם,גרמים,25.00,100 גרם,false,,2.90,11.6000,true,1,21156
7290000069258,false,פסטה פרפקטו פנה ריגאטה 500ג' אסם,קריות זול,IT,פנה ריגאטה פרפקטו 50,גרמים,500.00,100 גרם,false,,7.90,1.5800,true,1,21162
7290000069364,false,פריכונים עגולים אורז דל נתרן אסם 140 גרם,"מיוצר ע""י PT, משווק",IL,פריכונים מאורז מלא ל,גרמים,140.00,100 גרם,false,,8.90,6.3571,true,1,21163
7290000070919,false,בייגלה אסם רשתות מלח 400 גרם,מיוצר עי קונדיטוריית,IL,בייגלה אסם רשתות מלח,גרמים,400.00,100 גרם,false,,14.90,3.7250,true,1,119483
7290000072623,false,אסם קטשופ בקבוק לחיץ,"אסם השקעות בע""מ",IL,אסם קטשופ בקבוק לחיץ,גרמים,750.00,100 גרם,false,,12.50,1.6667,true,1,21197
7290000072630,false,קטשופ חריף אוסם 750 ג',"אסם השקעות בע""מ",IL,אסם קטשופ חריף 750 ג,גרמים,750.00,100 גרם,false,,15.80,2.1067,true,1,21198
7290000072753,false,קפה טייסטר צ'ויס קפה מגורען 200ג',נסטלה קוריאה - קפה,IL,נס קפה טייסטרס צ'ויס,גרמים,200.00,100 גרם,false,,33.90,16.9500,true,1,21200
7290000072968,false,דגני בוקר סיני מיניס נסטלה 500 ג',נסטלה פולין דגני בוק,PL,סיני מיניס דגני נסטל,יחידה,500.00,יחידה,false,,27.90,0.0558,true,1,21208
7290000073125,false,אוסם - מנה חמה פסטה עם עגבניות 62 גרם,"אסם השקעות בע""מ",IL,מנה חמה פסטה עם עגבנ,גרמים,62.00,100 גרם,false,,6.90,11.1290,true,1,21209
7290000073415,false,אוסם - מנה חמה פסטה ברוטב פיצה 61 גרם,"אסם השקעות בע""מ",IL,מנה חמה פסטה ברוטב פ,גרמים,61.00,100 גרם,false,,6.90,11.3115,true,1,21210
7290000073699,false,סלט חומוס צבר 150 גר,סלטי צבר,IL,צבר חומוס חלק 150ג,גרמים,150.00,100 גרם,false,,5.90,3.9333,true,1,21996
7290000073767,false,אוסם - מנה חמה נודלס בטעם בקר 70 גרם,טאי רזידנט,CN,מנה חמה נודלס בטעם ב,גרמים,70.00,100 גרם,false,,6.90,9.8571,true,1,68327
7290000073774,false,אוסם - מנה חמה נודלס בטעם פיקנטי 70 גרם,טאי רזידנט,CN,מנה חמה נודלס בטעם פ,גרמים,70.00,100 גרם,false,,6.90,9.8571,true,1,21214
7290000074153,false,ביסקוויט פתיבר שוקו,מיוצר עי קונדיטוריית,IL,אסם פתי בר שוקו 500ג,גרמים,500.00,100 גרם,false,,15.50,3.1000,true,1,21219
7290000074184,false,אוסם - פתי בר בינוני 500 גרם,"אסם השקעות בע""מ",IL,אסם פתי בר 500גרם.,גרמים,500.00,100 גרם,false,,12.00,2.4000,true,1,21221
7290000074252,false,קרקר אסם שומשום 250 גרם,"אסם השקעות בע""מ",IL,אסם קרקר שומשום 250ג,גרמים,250.00,100 גרם,false,,11.20,4.4800,true,1,21223
7290000074276,false,קרקר פיקנטי טבעון 250 ג' אסם,"אסם השקעות בע""מ",IL,טבעון קרקר פיקנטי 25,גרמים,250.00,100 גרם,false,,11.90,4.7600,true,1,21224
7290000074375,false,אוסם - קרקר זהב 150 גרם,"אסם השקעות בע""מ",IL,אסם קרקר זהב 150גרם,גרמים,150.00,100 גרם,false,,8.50,5.6667,true,1,21227
7290000074696,false,"קרם קרקר 1 ק""ג אוסם","אסם השקעות בע""מ",IL,אסם קרם קרקר 1קג,קילוגרמים,1.00,"ק""ג",false,,24.90,24.9000,true,1,68273
7290000075204,false,אוסם - לחמית חיטה מלאה 250 גרם,"אסם השקעות בע""מ",IL,לחמית חיטה מלאה 250ג,גרמים,250.00,100 גרם,false,,9.90,3.9600,true,1,21238
7290000076126,false,אוסם - בייגלה שמיניות קטנות 80 גרם,"אסם השקעות בע""מ",IL,אסם בייגלה שמיניות ק,גרמים,80.00,100 גרם,false,,3.90,4.8750,true,1,21241
7290000076133,false,בייגלה שמיניות קטנות 400 גרם אסם,"אסם השקעות בע""מ",IL,בייגלה אסם שמיניות ק,גרמים,400.00,100 גרם,false,,11.90,2.9750,true,1,21242
7290000076645,false,אוסם - טוסטעים חיטה מלאה 100 גרם,ון דר מולן האלום,NL,טוסטעים חיטה מלאה אס,גרמים,100.00,100 גרם,false,,11.40,11.4000,true,1,21244
7290000077017,false,עוגיות קרמוגית וקרם שוקולד אסם 200 גרם,מיוצר עי קונדיטוריית,IL,אסם קרמוגית במילוי ש,גרמים,200.00,100 גרם,false,,11.90,5.9500,true,1,21245
7290000077253,false,אוסם - לחמית כפרית עם דגנים מלאים 190 גרם,"אסם השקעות בע""מ",IL,לחמית כפרית 190גרם,גרמים,190.00,100 גרם,false,,11.90,6.2632,true,1,21246
7290000078762,false,אוסם - חטיפי פריכונים מאורז מלא בטעם דבש 80גר,סנורייס בלגיום אן. ו,BE,חטיפי פריכונים אורז,גרמים,80.00,100 גרם,false,,8.90,11.1250,true,1,21251
7290000080758,false,אוסם - טוסטעים פת קלוי 100 גרם,ון דר מולן האלום,NL,טוסטעים פת קלוי אסם,גרמים,100.00,100 גרם,false,,11.40,11.4000,true,1,21254
7290000081663,false,בייגלה אסם טבעות שומשום 300 גרם,מיוצר עי קונדיטוריית,IL,בייגלה אסם טבעות שומ,גרמים,300.00,100 גרם,false,,11.90,3.9667,true,1,21257
7290000085180,false,פתי בר וניל 470 גר' גטניו,"אחים גטניו בע""מ",,גטניו - פתיבר וניל 4,גרמים,470.00,100 גרם,false,,9.90,2.1064,true,1,121393
7290000088888,false,סטנד ל 8 גלילי סימפט,,,סטנד ל 8 גלילי סימפט,יחידה,0.00,יחידה,false,,0.10,0.0000,true,1,102618
7290000100135,false,פירות קפואים דובדבן סנפרוסט 300 ג',סנפרוסט בעמ,IL,סדרת פירות קפואים-דו,גרמים,300.00,100 גרם,false,,19.90,6.6333,true,1,126334
7290000101927,false,אוכמניות כחולות מוקפאות סנפרוסט 300 גרם,"איי, בי, אינבוו",IL,אוכמניות כחולות מוקפ,גרמים,300.00,100 גרם,false,,18.90,6.3000,true,1,79381
7290000101941,false,אננס חתוך מוקפא סנפרוסט 300ג',"סנפרוסט בע""מ",IL,אננס מוקפא 300 גרם,גרמים,300.00,100 גרם,false,,18.90,6.3000,true,1,385295
7290000103846,false,מרק אפונה 570 ג' סנפרוסט,"סנפרוסט בע""מ",IL,סנפרוסט מרק אפונה קפ,גרמים,570.00,100 גרם,false,,19.90,3.4912,true,1,26852
7290000103860,false,מרק עדשים קפוא 570 ג' סנפרוסט,"איי, בי, אינבוו",IL,סנפרוסט מרק עדשים קפ,גרמים,572.00,100 גרם,false,,19.90,3.4790,true,1,26853
7290000103877,false,מרק שעועית קפוא 640 ג' סנפרוסט,"סנפרוסט בע""מ",IL,סנפרוסט מרק שעועית ק,גרמים,644.00,100 גרם,false,,19.90,3.0901,true,1,26854
7290000104201,false,סנפרוסט אפונה עדינה,"איי, בי, אינבוו",IL,אפונה עדינה סנפרוסט,גרמים,600.00,100 גרם,false,,19.90,3.3167,true,1,26861
7290000104287,false,לקט לפשטידה סנפרוסט,"סנפרוסט בע""מ",IL,לקט לפשטידה 800 גרם,גרמים,800.00,100 גרם,false,,23.90,2.9875,true,1,26864
7290000104676,false,אפונה קפואה סנפרוסט 800 גרם,"איי, בי, אינבוו",IL,אפונת גינה סנפרוסט 8,גרמים,800.00,100 גרם,false,,19.90,2.4875,true,1,26865
7290000104683,false,שעועית שלמה 800 ג' סנפרוסט,"סנפרוסט בע""מ",IL,שעועית שלמה סנפרוסט,גרמים,800.00,100 גרם,false,,23.90,2.9875,true,1,26866
7290000104690,false,תירס גרעינים 800 ג' סנפרוסט,"איי, בי, אינבוו",IL,תירס גרעינים 800גר,גרמים,800.00,100 גרם,false,,19.90,2.4875,true,1,26867
7290000104713,false,פול ירוק סנפרוסט 800 ג',"איי, בי, אינבוו",IL,פול ירוק 800גר,גרמים,800.00,100 גרם,false,,26.90,3.3625,true,1,26869
7290000104720,false,שעועית ירוקה סנפרוסט 800ג',"סנפרוסט בע""מ",IL,שעועית ירוקה חתוכה ס,גרמים,800.00,100 גרם,false,,20.80,2.6000,true,1,26870
7290000104737,false,שעועית צהובה חתוכה 800 ג' סנפרוסט,"סנפרוסט בע""מ",IL,שעועית צהובה חתוכה ס,גרמים,800.00,100 גרם,false,,20.90,2.6125,true,1,26871
7290000104744,false,כרובית סנפרוסט 800גר,"סנפרוסט בע""מ",IL,כרובית 800גר,גרמים,800.00,100 גרם,false,,27.90,3.4875,true,1,26872
7290000104751,false,כרוב ניצנים סנפרוסט 800 גרם,"איי, בי, אינבוו",IL,כרוב ניצנים 800גר,גרמים,800.00,100 גרם,false,,28.80,3.6000,true,1,114680
7290000104799,false,שעועית לבנה מבושלת סנפרוסט 800גר,"איי, בי, אינבוו",IL,שעועית לבנה מבושלת 8,גרמים,800.00,100 גרם,false,,21.70,2.7125,true,1,26876
7290000104805,false,גרגירי חומוס קפוא 800 ג' סנפרוסט,"איי, בי, אינבוו",IL,גרגירי חומוס קפוא 80,גרמים,800.00,100 גרם,false,,21.70,2.7125,true,1,26877
7290000104829,false,"קלחוני תירס 1 ק""ג סנפרוסט","סנפרוסט בע""מ",IL,"קלחוני תירס 1 ק""ג",קילוגרמים,1.00,"ק""ג",false,,19.90,19.9000,true,1,26878
7290000104836,false,שעועית עדינה שלמה סנפרוסט 600ג',"סנפרוסט בע""מ",IL,שעועית עדינה שלמה סנ,גרמים,600.00,100 גרם,false,,25.90,4.3167,true,1,26879
7290000104881,false,אפונה וגזר קפוא סנפרוסט 800ג',"איי, בי, אינבוו",IL,אפונה וגזר 800 גרם ס,גרמים,800.00,100 גרם,false,,17.90,2.2375,true,1,26882
7290000104911,false,לקט נורמנדי סנפרוסט 800ג',"איי, בי, אינבוו",IL,לקט נורמנדי 800גר,גרמים,800.00,100 גרם,false,,24.90,3.1125,true,1,26884
7290000106526,false,ירקות מעורבים מוקפאים חגיגה ירוקה להקפצה,"איי, בי, אינבוו",IL,סנפרוסט חגיגה ירוקה,גרמים,800.00,100 גרם,false,,27.40,3.4250,true,1,149743
7290000107295,false,תפרחות ברוקולי סנפרוסט 800 ג',"איי, בי, אינבוו",IL,תפרחות ברוקולי 800ג,גרמים,800.00,100 גרם,false,,29.90,3.7375,true,1,26890
7290000111186,false,מיונז אמיתי תלמה 500 ג',יוניליוור ישראל מזון,IL,מיונז אמיתי תלמה 500,גרמים,500.00,100 גרם,false,,10.50,2.1000,true,1,11088
7290000112220,false,טחינה גולמית 100%בארכה 500ג',רושדי תעשיות מזון בע,IL,בארכה טחינה 100% שומ,גרמים,500.00,100 גרם,false,,15.90,3.1800,true,1,21258
7290000116884,false,רוטב ברביקיו 350 ג' קנור,יוניליוור ישראל מזון,IL,רוטב ברביקיו קנור 20,מיליליטרים,200.00,"100 מ""ל",false,,13.90,6.9500,true,1,11110
7290000116921,false,רוטב צ'ילי מתוק 370ג'12x קנור,יוניליוור ישראל מזון,IL,רוטב צילי מתוק קנור,מיליליטרים,300.00,"100 מ""ל",false,,13.90,4.6333,true,1,11111
7290000121109,false,"גבינת מון בלאן זיתים, 120 ג'",האי נאם סי או אל.טי.,IL,מון בלאן זיתים 7% 12,גרמים,120.00,100 גרם,false,,12.90,10.7500,true,1,18236
7290000129457,false,אבקת רוטב פטריות קנור 28 ג' שקית,יוניליוור ישראל מזון,IL,רוטב פטריות 28גר,גרמים,28.00,100 גרם,false,,5.50,19.6429,true,1,11158
7290000134147,false,טעם וריח מוסקט טחון מיכל 40גר,תות ממתקי איכות,IL,טעם וריח מוסקט טחון,גרמים,40.00,100 גרם,false,,18.70,46.7500,true,1,49408
7290000134833,false,תבלין כמון טחון 100 גר',תות ממתקי איכות,IL,טעם וריח ת.כמון במיכ,גרמים,100.00,100 גרם,false,,12.80,12.8000,true,1,49423
7290000135045,false,"משקה אנרגיה XL TEN תפוח 250 מ""ל","טמפו משקאות בע""מ",IL,אקס אל TEN פחית תפוח,מיליליטרים,250.00,"100 מ""ל",false,,4.90,1.9600,true,1,145415
7290000135151,false,"סודה נגיעות לימון ליים 275 מ""ל",טמפו משקאות בעמ,IL,סודה נגיעות לימון 27,מיליליטרים,275.00,"100 מ""ל",false,,3.50,1.2727,true,1,289013
7290000135663,false,"פפסי מקס דובדבן פחית צרה מארז שישייה 330 מ""ל",Unknown,,פפסי מקס דובדבן פחית,ליטרים,1.98,ליטר,false,,18.70,9.4444,true,1,467384
7290000136141,false,משקה בטעם קולה 1.5ל' פפסי,פפסי Pepsi,IL,פפסי קולה 1.5 ליטר,ליטרים,1.50,ליטר,false,,8.50,5.6667,true,1,374199
7290000136158,false,פפסי מקס 1.5 ליטר פיקדון,פפסי Pepsi,IL,פפסי מקס 1.5 ליטר,ליטרים,1.50,ליטר,false,,8.50,5.6667,true,1,374215
7290000136165,false,מירינדה בקבוק 1.5 לי,מירינדה Mirinda,IL,מירינדה 1.5 ליטר,ליטרים,1.50,ליטר,false,,8.50,5.6667,true,1,374165
7290000136172,false,סבן אפ בקבוק 1.5 ליט,סבן אפ 7up,IL,סבן אפ 1.5 ליטר,ליטרים,1.50,ליטר,false,,8.50,5.6667,true,1,374166
7290000136455,false,משקה בטעם אשכוליות תריסר 1.5 ל' ג'אמפ,ג'אמפ,IL,ג`אמפ אשכול 1.5 ליטר,ליטרים,1.50,ליטר,false,,8.90,5.9333,true,1,373927
7290000136516,false,משקה בטעם מנגו פסיפלורה תריסר 1.5 ל' ג'אמפ,ג'אמפ,IL,ג`אמפ פסיפלורה 1.5 ל,ליטרים,1.50,ליטר,false,,8.90,5.9333,true,1,373928
7290000136561,false,משקה בטעם תות בננה תריסר 1.5 ל' ג'אמפ,ג'אמפ,IL,ג`אמפ תות בננה 1.5 ל,ליטרים,1.50,ליטר,false,,8.90,5.9333,true,1,373947
7290000136585,false,משקה בטעם תפוזים תריסר 1.5 ל' ג'אמפ,ג'אמפ,IL,ג`אמפ תפוז 1.5 ליטר,ליטרים,1.50,ליטר,false,,8.90,5.9333,true,1,373930
7290000136653,false,משקה מאלט דיאט תריסר 1.5 ל' נשר,טמפו,IL,נשר מאלט דיאט 1.5 לי,ליטרים,1.50,ליטר,false,,9.90,6.6000,true,1,373833
7290000136660,false,סודה טמפו ליטר וחצי,טמפו,IL,טמפו סודה 1.5 ליטר,ליטרים,1.50,ליטר,false,,4.50,3.0000,true,1,374058
7290000136684,false,פפסי מקס פיקדון 1.5 ליטר,טמפו,IL,פפסי מקס 1.5 ליטר,ליטרים,1.50,ליטר,false,,8.50,5.6667,true,1,374231
7290000136790,false,מארז סודה שישייה 1.5 ל' טמפו,טמפו,IL,טמפו סודה 6*1.5 ליטר,ליטרים,9.00,ליטר,false,,19.60,2.1778,true,1,373979
7290000136844,false,מארז מים מזוככים אקווה נובה שישיית 2 ליטר,אקווה נובה Aqua Nova,IL,אקווה נובה 6*2 ליטר,ליטרים,12.00,ליטר,false,,12.90,1.0750,true,1,373862
7290000136868,false,שישיית מים מינרלים סאן בנדטו,סאן בנדטו San Benedetto,IL,מים סאן בנדטו 6* 1.5,ליטרים,9.00,ליטר,false,,19.90,2.2111,true,1,373878
7290000136875,false,מארז מים מינרלים מוגז 6* 1.5 ל' סאן בנדטו,סאן בנדטו San Benedetto,IL,סאן בנדטו מים מינרלי,ליטרים,9.00,ליטר,false,,19.90,2.2111,true,1,373962
7290000137643,false,מאגדת שלגוני טעמקור 8 יח' שטראוס,"גלידת שטראוס בע""מ, ר",IL,שלגוני טעמקור 8יח,גרמים,416.00,100 גרם,false,,39.90,9.5913,true,1,4762
7290000143217,false,"הוואי שמפו יבש מסולסל 700 מ""ל",שוורצקוף& הנקל דיסלד,IL,שמפו לשיער יבש הוואי,מיליליטרים,700.00,"100 מ""ל",false,,10.90,1.5571,true,1,8638
7290000143286,false,"מרכך הוואי לשיער רגיל 700 מ""ל",שוורצקוף& הנקל דיסלד,IL,מרכך רגיל הוואי 700,מיליליטרים,700.00,"100 מ""ל",false,,10.90,1.5571,true,1,8642
7290000144467,false,שמן חמניות מועשר בנוגדי חמצון 1 ל' עץ הזית,"נארז ע""י : א.ג. גילר",GR,שמן חמניות בריאות מה,ליטרים,1.00,ליטר,false,,17.90,17.9000,true,1,31523
7290000144474,false,שמן קנולה בריאות מהטבע 1 ליטר,שמן תעשיות,EE,שמן קנולה בריאות עץ,ליטרים,1.00,ליטר,false,,17.90,17.9000,true,1,31524
7290000146645,false,הוואי - סבון מוצק שחור מסתורי 100 גרם רביעייה,טרופיקל דגיל,IL,סבון מוצק שחור מסתור,גרמים,400.00,100 גרם,false,,12.90,3.2250,true,1,8644
7290000146928,false,"טום וגרי משחת שיניים בטעם ענבים 50 מ""ל",שוורצקוף& הנקל דיסלד,IL,משחת שיניים טעם ענבי,מיליליטרים,50.00,"100 מ""ל",false,,7.90,15.8000,true,1,8652
7290000146997,false,"טום וג'רי - משחת שיניים מסטיק 50 מ""ל",שוורצקוף& הנקל דיסלד,IL,משחת שיניים טום וגרי,מיליליטרים,50.00,"100 מ""ל",false,,7.90,15.8000,true,1,8653
7290000148380,false,פיסטוקים קלויים קליי,"ג'י אנד ג'י בע""מ",IL,פיסטוק קלוי 200 גרם,גרמים,200.00,100 גרם,false,,21.90,10.9500,true,1,13848
7290000149851,false,סינטבון סבון מארז 460X2ג',יבואן ומשווק: ש. שסט,IL,סינטבון כפול 460גר,גרמים,460.00,100 גרם,false,,11.90,2.5870,true,1,31791
7290000149905,false,טקסטיל שמפו לכביסה ביד 1 ליטר,מיוצר עי קונדיטוריית,IL,טקסטיל שמפו-1 ליטר נ,ליטרים,1.00,ליטר,false,,15.90,15.9000,true,1,31792
7290000149943,false,"טקסטיל שמפו-שקית 1 ק""ג",קריות זול,IL,טקסטיל שמפו-שקית 1 ק,קילוגרמים,1.00,"ק""ג",false,,15.90,15.9000,true,1,31793
7290000152943,false,פסטרמה כפרית +סלמי כפרי עוף טוב 350X2ג',מולינו ניקולי s.p.a,IL,עוף טוב סלמי פסטרמה,גרמים,700.00,100 גרם,false,,30.90,4.4143,true,1,22024
7290000153445,false,קציצות בקר מתובלות עוף טוב 500 ג',מולינו ניקולי s.p.a,IL,עוף טוב קציצות בקר מ,גרמים,500.00,100 גרם,false,,34.90,6.9800,true,1,68542
7290000153469,false,עוף טוב קציצות עוף קלאסיות 600 גר',מוצרי עוף טוב (2001),IL,עוף טוב קציצות עוף ק,גרמים,600.00,100 גרם,false,,34.90,5.8167,true,1,22030
7290000166605,false,סיף פנטסטיק ניקיון כללי יסמין 4ליטר,סיף פנטסטיק Cif Fantastic,IL,סיף פנטסטיק כללי יסמ,ליטרים,4.00,ליטר,false,,26.10,6.5250,true,1,11234
7290000168173,false,ברנפלקס קרנצים 375 ג' תלמה,יוניליור ישראל מזון,IL,ברנפלקס קרנצים תלמה,גרמים,375.00,100 גרם,false,,27.00,7.2000,true,1,11261
7290000169538,false,"נמס בכוס עגבניות וקרוטונים מרק כשרות בד""ץ 62 ג' קנור",יוניליוור ישראל מזון,IL,נמס בכוס עגבניות וקר,גרמים,62.00,100 גרם,false,,7.90,12.7419,true,1,11285
7290000170053,false,שוקולד פרה 100 ג' חלב.,"תופינית בע""מ",IL,שוקולד חלב פרה 100 ג,גרמים,100.00,100 גרם,false,,6.00,6.0000,true,1,24026
7290000174723,false,אבקת שוקולית עלית קופסא 500ג',הנסיך- מפעל לייצור ט,IL,שוקולית 500 גרם,גרמים,500.00,100 גרם,false,,13.90,2.7800,true,1,24034
7290000176079,false,קפה טורקי עם היל עלית 100 ג',הנסיך- מפעל לייצור ט,IL,טורקי עלית קפה עם הל,גרמים,100.00,100 גרם,false,,10.50,10.5000,true,1,24037
7290000176116,false,"קפה טורקי עלית וואקום 1 ק""ג",הנסיך- מפעל לייצור ט,IL,טורקי עלית 1קג,קילוגרמים,1.00,"ק""ג",false,,80.90,80.9000,true,1,24039
7290000176413,false,קפה נמס אבקתי עלית 5,הנסיך- מפעל לייצור ט,IL,עלית נמס 50 גר',גרמים,50.00,100 גרם,false,,10.90,21.8000,true,1,24042
7290000176420,false,קפה נמס אבקתי 200ג עלית,שטראוס קפה בי.וי,IL,קפה נמס עלית פחית 20,גרמים,200.00,100 גרם,false,,21.90,10.9500,true,1,24043
7290000176468,false,קפה נמס נטול קפאין 50 ג' קפה האג,"איי, בי, אינבוו",IL,האג קפה נטול קפאין 5,גרמים,50.00,100 גרם,false,,10.90,21.8000,true,1,24044
7290000178707,false,חטיף תפוציפס טבעי 50,"שטראוס פריטו ליי בע""",IL,תפוציפס טבעי 50 גרם,גרמים,50.00,100 גרם,false,,4.50,9.0000,true,1,25339
7290000178721,false,חטיף תפוציפס טבעי 20,"שטראוס פריטו ליי בע""",IL,תפוציפס טבעי 200 גרם,גרמים,200.00,100 גרם,false,,10.90,5.4500,true,1,25341
7290000186535,false,נייר טואלט טריו לבן 32 גלילים לילי,קימברלי קלארק ישראל,IL,לילי נייר טואלט טריו,מטרים,537.00,מטר,false,,47.90,0.0892,true,1,9549
7290000187938,false,לילי - נייר טואולט נייר טואלט פסטל 32 יח',קימברלי קלארק,IL,"נייר טואלט ""לילי"" פס",מטרים,588.00,מטר,false,,41.90,0.0713,true,1,9561
7290000187952,false,נייר טואלט טריו לילי פרימיום 32גליל,קימברלי קלארק,IL,נייר טאולט לילי טריו,מטרים,537.00,מטר,false,,47.90,0.0892,true,1,9562
7290000188355,false,מגבות מטבח ניקול לבנה שישייה,קימברלי-קלארק,IL,מגבות מטבח ניקול לבנ,מטרים,64.80,מטר,false,,13.90,0.2145,true,1,9566
7290000188553,false,קוטקס - מגן תחתון סילק נורמל 60 יח',קימברלי קלארק,CN,מגן תחתון סילק נורמל,יחידה,0.00,יחידה,false,,17.90,0.0000,true,1,9571
7290000189079,false,"ניקול תבניות אינגליש חזקות ועבות מארז, 7 יח'",בראבו,CN,ניקול תבניות אינגליש,יחידה,0.00,יחידה,false,,12.90,0.0000,true,1,9578
7290000189192,false,מגבת רב שימושית סופר ניקול 64 דף,קימברלי קלארק,CO,ניקול מטלית חכמה יומ,יח',64.00,יח',false,,19.90,0.3109,true,1,9580
7290000189260,false,ניקול תבניות מלבניות 26*32*7,בראבו,,ניקול תבניות מלבניות,יחידה,0.00,יחידה,false,,12.90,0.0000,true,1,114617
7290000189659,false,מטליות לחות לרצפה ניקול 10 יח'-מרכז,עלבד משואות יצחק בעמ,IL,ניקול מטליות לחות לר,יחידה,0.00,יחידה,false,,12.50,0.0000,true,1,9596
7290000189734,false,מטליות לחות לפרקט 10יח' ניקול,עלבד משואות יצחק בעמ,IL,ניקול מטליות לחות לפ,יחידה,0.00,יחידה,false,,21.40,0.0000,true,1,9600
7290000191539,false,ממחטות טישו לילי צבעוני חמישיה,חוגלה קימברלי,IL,לילי צבעוני חמישיה-9,יחידה,0.00,יחידה,false,,16.90,0.0000,true,1,9627
7290000191645,false,האגיס חיתול רך נולד NB ארוז 36יח',קימברלי קלארק ארהב,IL,האגיס רך נולד NB יח',יחידה,0.00,יחידה,false,,34.90,0.0000,true,1,9631
7290000191652,false,קלינקס ממחטות טישו אולטרא סופט מארז 90X3יח',חוגלה קימברלי,IL,קלינקס קלאסיק ניילון,יחידה,0.00,יחידה,false,,12.90,0.0000,true,1,9632
7290000192581,false,מגבת נייר גליל כפול ניקול 12=6 גליל,,,מגבת כפולה ניקול 6=1,מטרים,129.70,מטר,false,,23.90,0.1843,true,1,126767
7290000193014,false,פדיות אינטרלוד מגיני יום לילי 50יח',חוגלה קימברלי,IL,מגן תחתון אינטרלוד ל,יחידה,0.00,יחידה,false,,11.90,0.0000,true,1,9637
7290000193083,false,לילי - תחבושות נובה לי 28 יח',חוגלה קימברלי,IL,תחבושות נובה לי לילי,יחידה,0.00,יחידה,false,,11.90,0.0000,true,1,9639
7290000193472,false,לילי מגני תחתון נטורל נורמל 60 יח',חוגלה קימברלי,IL,מגן תחתון נטורל נורמ,יחידה,0.00,יחידה,false,,18.50,0.0000,true,1,9644
7290000193540,false,לילי אינטימייט מגן תחתון לונג 52יח',חוגלה קימברלי,IL,מגן תחתון נטורל לונג,יחידה,0.00,יחידה,false,,18.50,0.0000,true,1,9646
7290000194288,false,משטחי החתלה האגיס פר,Ontex,,האגיס משטחי החתלה,יחידה,0.00,יחידה,false,,21.70,0.0000,true,1,9658
7290000195537,false,האגיס - מגבוני האגיס דיילי קר לא מבושם 64 יח' * 4,חוגלה קימברלי,IL,מגבוני האגיס דיילי ק,יחידה,0.00,יחידה,false,,21.90,0.0000,true,1,9669
7290000196039,false,"מפות שולחן איריס ח""פ ניקול 2 יח'",קריות זול,IL,ניקול מפות שולחן זוג,יחידה,0.00,יחידה,false,,14.30,0.0000,true,1,9675
7290000197470,false,שקיות רב שימושית 50 יח' ניקול,אשלפסט תעשיות בעמ,IL,"ניקול שקיות רב""ש 250",יחידה,0.00,יחידה,false,,15.20,0.0000,true,1,9700
7290000197548,false,האגיס - פרידום דריי שלב 5 36 יח',קימברלי קלארק ישראל,IL,האגיס פרידום דריי של,יחידה,0.00,יחידה,false,,48.90,0.0000,true,1,9703
7290000197654,false,ניקול אשפתון שקיות אשפה ענקיות 45 יח',קריות זול,IL,אשפתון שקיות אשפה ענ,יחידה,0.00,יחידה,false,,21.90,0.0000,true,1,9704
7290000201849,false,טיטולים פרימיום שלב 4 40 יח',חוגלה קימברלי,IL,טיטולים פרימיום שלב,יחידה,0.00,יחידה,false,,35.90,0.0000,true,1,9721
7290000201863,false,טיטולים פרימיום שלב 5 34 יח',חוגלה קימברלי,IL,טיטולים פרימיום שלב,יחידה,0.00,יחידה,false,,35.90,0.0000,true,1,9723
7290000201870,false,טיטולים פרימיום שלב 6 30 יח',חוגלה קימברלי,IL,טיטולים פרימיום שלב,יחידה,0.00,יחידה,false,,35.90,0.0000,true,1,9724
7290000204086,false,כרית קרצוף סקוטש ניקול 1+2,חוגלה קימברלי,US,ניקול כרית קרצוף,יחידה,0.00,יחידה,false,,12.90,0.0000,true,1,9746
7290000204253,false,מטליות ניקול רב שימושיות 9יח',נועם אורים-קיבוץ אור,IL,מטלית רב שימושית תשע,יחידה,0.00,יחידה,false,,11.90,0.0000,true,1,9750
7290000204307,false,ניקול מטליות רב שימושיות בגליל 40 יח',נועם אורים-קיבוץ אור,IL,מטליות ניקול 40 רב ש,יחידה,0.00,יחידה,false,,22.90,0.0000,true,1,9751
7290000204611,false,ספוגיות הקסם ניקול 6יח',קריות זול,US,ניקול ספוגית הקסם*6,יחידה,0.00,יחידה,false,,12.90,0.0000,true,1,9753
7290000207063,false,רסק עגבניות פריכוז 28% 240 גרם יכין,היינץ צפון אמריקה מק,IL,רוטב עגבניות פריכוז,גרמים,240.00,100 גרם,false,,4.90,2.0417,true,1,9294
7290000207162,false,רוטב עגבניות מרכיב טבעי 100 ג' יכין,"זנלכל בע""מ",IL,רוטב עגבניות 100 גרם,גרמים,100.00,100 גרם,false,,2.50,2.5000,true,1,9297
7290000207438,false,עגבניות קוביות יכין 800 גר,"זנלכל בע""מ",IL,עגבניות לקוביות יכין,גרמים,800.00,100 גרם,false,,10.90,1.3625,true,1,9298
7290000208022,false,עגבניות מרוסקות פריכוז 800 ג' יכין,"זנלכל בע""מ",IL,עגבניות מרוסקות יכין,גרמים,800.00,100 גרם,false,,10.90,1.3625,true,1,9301
7290000208077,false,אפונת גינה גדולה 550 גרם יכין,"זנלכל בע""מ",IL,אפונת גינה גדולה L י,גרמים,335.00,100 גרם,false,,9.90,2.9552,true,1,9303
7290000208114,false,אפונת גינה וגזר 550 ג' יכין,"זנלכל בע""מ",IL,אפונת גינה וגזר יכין,גרמים,330.00,100 גרם,false,,9.90,3.0000,true,1,9306
7290000208145,false,גרגרי תירס מתוק לייט A2 יכין 550 ג',"זנלכל בע""מ",IL,גרעיני תירס לייט יכי,גרמים,335.00,100 גרם,false,,9.90,2.9552,true,1,9309
7290000208213,false,שעועית לבנה אפויה A2 ברוטב עגבניות יכין 560ג',היינץ צפון אמריקה מק,IL,שעועית לבנה ברוטב עג,גרמים,355.00,100 גרם,false,,9.90,2.7887,true,1,9311
7290000208220,false,שעועית צילי חריף 550 ג' יכין,היינץ צפון אמריקה מק,IL,שעועית צילי חריף יכי,גרמים,355.00,100 גרם,false,,10.90,3.0704,true,1,9312
7290000208244,false,בסיס עגבניות לשקשוקה 570 ג' יכין,"זנלכל בע""מ",IL,A2 בסיס עגבניות לשקש,גרמים,570.00,100 גרם,false,,11.90,2.0877,true,1,9313
7290000208312,false,גרעיני תירס מתוק בואקום יכין 400 גר',"זנלכל בע""מ",IL,גרעיני תירס מתוק יכי,גרמים,400.00,100 גרם,false,,7.90,1.9750,true,1,9316
7290000208329,false,גרעיני תירס מתוק A2 יכין 550ג',"זנלכל בע""מ",IL,גרעיני תירס מתוק יכי,גרמים,335.00,100 גרם,false,,9.90,2.9552,true,1,9317
7290000208336,false,רסק עגבניות 22% יכין 240ג',"זנלכל בע""מ",IL,רוטב עגבניות יכין 24,גרמים,240.00,100 גרם,false,,5.50,2.2917,true,1,9318
7290000208404,false,A2 פול מצרי 550 גרם יכין,"זנלכל בע""מ",IL,פול מצרי יכין 550 גר,גרמים,350.00,100 גרם,false,,8.90,2.5429,true,1,9322
7290000208428,false,חומוס שלם יכין 550גר,"זנלכל בע""מ",IL,חומוס שלם יכין 550 ג,גרמים,290.00,100 גרם,false,,9.90,3.4138,true,1,9323
7290000208480,false,גרעיני תירס בטעם חמאה 550 ג' יכין,קריות זול,IL,גרעיני תירס בטעם חמא,גרמים,335.00,100 גרם,false,,11.90,3.5522,true,1,9326
7290000208534,false,גרעיני תירס ילדים 550 גרם יכין,"זנלכל בע""מ",IL,גרעיני תירס קיד מתוק,גרמים,335.00,100 גרם,false,,11.90,3.5522,true,1,9328
7290000208800,false,תירס קיד מתוק יכין 4,,,תירס קיד מתוק יכין 4,גרמים,400.00,100 גרם,false,,6.90,1.7250,true,1,9330
7290000208855,false,רוטב פסטה עגבניות יכין 240 ג',"זנלכל בע""מ",IL,רוטב לפסטה קלאסי יכי,גרמים,260.00,100 גרם,false,,6.50,2.5000,true,1,9331
7290000208893,false,תירס מתוק לייט יכין,היינץ צפון אמריקה מק,IL,תירס לייט יכין 400 ג,גרמים,400.00,100 גרם,false,,6.90,1.7250,true,1,9332
7290000208930,false,עגבניות מרוסקות בתוספת שום 240 ג' יכין,"זנלכל בע""מ",IL,עגבניות מרוסקות עם ש,גרמים,260.00,100 גרם,false,,6.50,2.5000,true,1,9333
7290000208947,false,עגבניות מרוסקות 240 גרם יכין,היינץ צפון אמריקה מק,IL,עגבניות מרוסקות יכין,יחידה,260.00,יחידה,false,,6.50,0.0250,true,1,9334
7290000208978,false,רסק עגבניות פריכוז 100 גרם,היינץ צפון אמריקה מק,IL,רוטב עגבניות פריכוז,גרמים,100.00,100 גרם,false,,3.90,3.9000,true,1,9335
7290000209012,false,חומץ הדרים יכין 1 לי,"זנלכל בע""מ",IL,חומץ הדרים 5% יכין 1,ליטרים,1.00,ליטר,false,,7.90,7.9000,true,1,9337
7290000209388,false,תירס גרגרים לייט וואקום מארז 60X3ג',יכין,,תירס לייט שלישיה יכי,גרמים,420.00,100 גרם,false,,15.90,3.7857,true,1,9350
7290000209524,false,סירופ דייאט פטל יכין,זנלכל,IL,סירופ דייאט פטל יכין,ליטרים,1.00,ליטר,false,,17.90,17.9000,true,1,9353
7290000209708,false,עגבניות מרוסקות עם בזיליקום 240 גרם יכין,היינץ צפון אמריקה מק,IL,עגבניות מרוסקות בזיל,גרמים,260.00,100 גרם,false,,6.50,2.5000,true,1,9359
7290000209722,false,רסק עגבניות 28% פריכוז 580 גרם יכין,"זנלכל בע""מ",IL,רוטב עגבניות מרוכז מ,גרמים,580.00,100 גרם,false,,10.90,1.8793,true,1,9361
7290000209913,false,עגבניות קוביות יכין 240 ג',"זנלכל בע""מ",IL,עגבניות לקוביות יכין,גרמים,260.00,100 גרם,false,,6.50,2.5000,true,1,9363
7290000209944,false,רוטב לעגבניות בסיס לשקשוקה 240 ג' יכין,"זנלכל בע""מ",IL,רוטב לעגבניות לשקשוק,גרמים,260.00,100 גרם,false,,6.50,2.5000,true,1,9364
7290000209951,false,רוטב עגבניות לפיצה 240 גרם יכין,"זנלכל בע""מ",IL,רוטב עגבניות לפיצה י,מיליליטרים,260.00,"100 מ""ל",false,,6.50,2.5000,true,1,9365
7290000211169,false,"אורז תאילנדי אחד אחד סוגת 1 ק""ג",האי נאם סי או אל.טי.,IL,אורז תאילנדי 1 ק'ג,קילוגרמים,1.00,"ק""ג",false,,7.90,7.9000,true,1,19381
7290000211442,false,"סוגת אורז פרסי קלאסי שקית 1 ק""ג",האי נאם סי או אל.טי.,IL,סוגת אורז פרסי קלאסי,קילוגרמים,1.00,"ק""ג",false,,11.90,11.9000,true,1,19385
7290000211503,false,סוכר לבן ארוז בשקית,"סוגת תעשיות בע""מ",IL,"סוכר סוגת לבן 1 ק""ג",קילוגרמים,1.00,"ק""ג",false,,4.90,4.9000,true,1,19386
7290000211985,false,"אורז ריזוטו עגול סוגת 1 ק""ג","סוגת תעשיות בע""מ",IL,סוגת אורז עגול 1קג,קילוגרמים,1.00,"ק""ג",false,,12.90,12.9000,true,1,19389
7290000212173,false,וופל טעם שוקולד מנעמים 500 ג',קריות זול,,ופל שוקו מנעמים 500,גרמים,500.00,100 גרם,false,,11.90,2.3800,true,1,26035
7290000212401,false,וופל מצופית מנעמים 400ג',קריות זול,,ופל מצופית מנעמים 40,גרמים,400.00,100 גרם,false,,11.90,2.9750,true,1,69105
7290000212579,false,וופל מצופה מנעמים מארז 40X20ג',מנעמים תעשיות מזון,IL,ופל מצופה שוקולד מנע,גרמים,800.00,100 גרם,false,,17.90,2.2375,true,1,26037
7290000212975,false,"ופל שוקו מנעמים 1 ק""",,,"ופל שוקו מנעמים 1 ק""",קילוגרמים,1.00,"ק""ג",false,,17.90,17.9000,true,1,69106
7290000238029,false,"בצק עלים צרפתי מרודד מעדנות 1ק""ג",מיוצר עי קונדיטוריית,IL,"בצק עלים 1ק""ג",קילוגרמים,1.00,"ק""ג",false,,24.90,24.9000,true,1,38984
7290000238036,false,מלאווח 6יח' מעדנות 700ג',מיוצר עי קונדיטוריית,IL,מעדנות מלווח 700גר,גרמים,700.00,100 גרם,false,,18.90,2.7000,true,1,38985
7290000238173,false,בורקס גבינה 800 ג' מעדנות,מיוצר עי קונדיטוריית,IL,בורקס גבינה מעדנות 8,גרמים,800.00,100 גרם,false,,22.90,2.8625,true,1,38986
7290000238180,false,בורקס תפוחי אדמה מעדנות 800ג',מיוצר עי קונדיטוריית,IL,"בורקס תפו""א 800גר",גרמים,800.00,100 גרם,false,,21.90,2.7375,true,1,38987
7290000243566,false,"שמן קנולה בריאות 750 מ""ל",שמן תעשיות,EE,שמן קנולה בריאות עץ,מיליליטרים,750.00,"100 מ""ל",false,,12.90,1.7200,true,1,31531
7290000244761,false,"ולוטה - קרם ידיים 100 מ""ל",תאי פרזידנט פוד פאבל,IL,"קרם ולוטה 80 מ""ל",מיליליטרים,100.00,"100 מ""ל",false,,7.90,7.9000,true,1,8661
7290000245270,false,"פרסיל אבקת כביסה סופרא 1.250 ק""ג","הנקל סוד בע""מ",IL,אבקת כביסה פרסיל סופ,קילוגרמים,1.25,"ק""ג",false,,15.90,12.7200,true,1,38208
7290000245478,false,"אבקת כביסה לבגדי תינוקות 1.25 ק""ג סוד","הנקל סוד בע""מ",IL,סוד א.כ בייבי 1.25קג,קילוגרמים,1.25,"ק""ג",false,,14.90,11.9200,true,1,38213
7290000245782,false,סוד סופט מרכך כביסה ורוד 4 ליטר,"הנקל סוד בע""מ",IL,מרכך כביסה סוד ורוד,ליטרים,4.00,ליטר,false,,18.90,4.7250,true,1,38221
7290000253220,false,שוקולד צ'יפס חום אופנהיימר 260 גר',אופנהיימר,IL,שוקולד צ'יפס אופנהיי,גרמים,260.00,100 גרם,false,,13.90,5.3462,true,1,14720
7290000253251,false,שוקולד צ'יפס לבן אופנהיימר 300ג',אופנהיימר,IL,שוקולד צ'יפס לבן אופ,גרמים,250.00,100 גרם,false,,13.90,5.5600,true,1,14721
7290000262031,false,נייר טואלט מולט לב 32 גליל,חוגלה קימברלי,,נייר טואלט מולט לב 3,מטרים,563.00,מטר,false,,30.90,0.0549,true,1,9757
7290000272696,false,עסיס מיץ לימון טבעי משומר 1 ל' אסם,בית-השיטה עסיס תעשיו,IL,מיץ לימון משומר עסיס,ליטרים,1.00,ליטר,false,,11.90,11.9000,true,1,21268
7290000272726,false,חומץ טבעי 5% עסיס 1 ל' אסם,בית השיטה עסיס תעשיו,IL,חומץ טבעי 5% עסיס 1,ליטרים,1.00,ליטר,false,,7.50,7.5000,true,1,21269
7290000287102,false,"סנו שמפו שטיחים אירוסול 600 מ""ל",מיוצר עי קונדיטוריית,IL,סנו שמפו שטיחים אירו,מיליליטרים,600.00,"100 מ""ל",false,,22.90,3.8167,true,1,31816
7290000287409,false,סנובון שלישיה תות 3 יח' *55 ג',סנו מפעלי ברונוס בעמ,IL,סנובון שלישיה תות 3*,גרמים,165.00,100 גרם,false,,12.90,7.8182,true,1,31819
7290000287621,false,"מנקה אסלות סנו אנטי קאלק 750 מ""ל,",מיוצר עי קונדיטוריית,IL,סנו אנטי קאלק W.C מנ,מיליליטרים,750.00,"100 מ""ל",false,,13.90,1.8533,true,1,114686
7290000288017,false,ז'אוול אקונומיקה 1ל'-לימון,"סנו מפעלי ברונוס בע""",IL,סנו זאוול 1ליטר לימו,ליטרים,1.00,ליטר,false,,8.90,8.9000,true,1,31832
7290000288048,false,סנו ז'אוול קצף לבנדר מרסס 1ל',"סנו מפעלי ברונוס בע""",IL,סנו ג'אוול מרסס אילנ,ליטרים,1.00,ליטר,false,,19.90,19.9000,true,1,31835
7290000288079,false,סנו - ז'אוול אקונומיקה לימון 2 ליטר,"סנו מפעלי ברונוס בע""",IL,סנו זאוול בריח לימון,ליטרים,2.00,ליטר,false,,13.90,6.9500,true,1,31836
7290000288253,false,משמיד מעופפים K400 ס,מיוצר עי קונדיטוריית,IL,400-K,מיליליטרים,630.00,"100 מ""ל",false,,26.90,4.2698,true,1,31839
7290000288352,false,"סנו K-300 חרקים ונמלים 630מ""ל","סנו מפעלי ברונוס בע""",IL,K - 300,מיליליטרים,630.00,"100 מ""ל",false,,23.50,3.7302,true,1,31842
7290000288727,false,"אבקת כביסה מקסימה מאסק 1.25 ק""ג סנו",קריות זול,IL,סנו מקסימה מאסק 1.25,קילוגרמים,1.25,"ק""ג",false,,15.90,12.7200,true,1,31851
7290000289069,false,סנו - ז'אוול מרסס קצף ניקוי בתוספת אקונומיקה בריח לימון 1 ליטר,"סנו מפעלי ברונוס בע""",IL,סנו ג'אוול מרסס לימו,ליטרים,1.00,ליטר,false,,19.90,19.9000,true,1,31855
7290000289380,false,"סנו - ז'אוול לניקוי אסלות לימון 750 מ""ל",סנו,IL,סנו ג'אוול לימון לני,מיליליטרים,750.00,"100 מ""ל",false,,12.90,1.7200,true,1,203757
7290000289472,false,סנו סושי שקיות 76*90 50 יח' XXL,מיוצר עי קונדיטוריית,IL,סנו סושי שקיות HD 76,יחידה,0.00,יחידה,false,,21.90,0.0000,true,1,31857
7290000289601,false,סנו ז'אוול בריח לבנדר 2 ל',"סנו מפעלי ברונוס בע""",IL,אקונומיקה LEVAJ לבנד,ליטרים,2.00,ליטר,false,,13.60,6.8000,true,1,136991
7290000289885,false,"סנו פרש ענק אושן כחול 375 מ""ל",קריות זול,IL,סנו פרש ענק אושן כחו,מיליליטרים,375.00,"100 מ""ל",false,,11.90,3.1733,true,1,31863
7290000291932,false,"סנובון לניקוי לבנדר 750מ""ל","איי, בי, אינבוו",IL,סנובון נוזלי בניחוח,מיליליטרים,750.00,"100 מ""ל",false,,10.90,1.4533,true,1,31867
7290000292533,false,ג'ל סנו כחול לניקוי כללי 1 ליטר,קריות זול,,סנו ג'ל לניקוי כללי,ליטרים,1.00,ליטר,false,,17.90,17.9000,true,1,31874
7290000292564,false,"סנו 2000-K דוחה חרקים ללא ריח 750 מ""ל",מיוצר עי קונדיטוריית,IL,K 2000 סנו ללא ריח,מיליליטרים,750.00,"100 מ""ל",false,,32.90,4.3867,true,1,31877
7290000293073,false,מרכך כביסה מקסימה ביו לבן 4 ל' סנו,"סנו מפעלי ברונוס בע""",IL,מרכך כביסה סנו מקסימ,ליטרים,4.00,ליטר,false,,23.90,5.9750,true,1,31881
7290000293820,false,"קרמה מן שמפו וג'ל גל רחצה אקטיב בלוק 700מ""ל",קוסמופארם בעמ,IL,שמפו וג'ל רחצה קרבון,מיליליטרים,700.00,"100 מ""ל",false,,19.90,2.8429,true,1,125608
7290000293943,false,סנו אנטי קאלק מסיר אבנית וחלודה 1ל',מיוצר עי קונדיטוריית,IL,סנו אנטי קאלק+מתז 1,ליטרים,1.00,ליטר,false,,20.90,20.9000,true,1,31887
7290000294780,false,סנו - ז'אוול אקונומיקה סמיכה מבושמת 4 ליטר,"סנו מפעלי ברונוס בע""",IL,סנו ז'אוול סמיכה 4 ל,ליטרים,4.00,ליטר,false,,17.90,4.4750,true,1,31894
7290000295121,false,מטליות זיגזג סנו סושי לניקוי רצפות 3יח',קריות זול,IL,מטלית זיגזג 3יח,יחידה,0.00,יחידה,false,,12.90,0.0000,true,1,31895
7290000295336,false,"סנו - מקסימה אבקת כביסה סנסטיב 1.25 ק""ג",סנו מפעלי ברונוס בעמ,IL,סנו מקסימה סנסיטיב 1,קילוגרמים,1.25,"ק""ג",false,,15.90,12.7200,true,1,31898
7290000295343,false,"אבקת כביסה מקסימה ביו 1.25 ק""ג סנו",קריות זול,IL,סנו מקסימה ביו 1.25,קילוגרמים,1.25,"ק""ג",false,,15.90,12.7200,true,1,31899
7290000295404,false,סנו סושי שקית אשפה חזקות 70*50 60 יח',מיוצר עי קונדיטוריית,IL,שקיות אשפה נשלפות סנ,יחידה,0.00,יחידה,false,,24.90,0.0000,true,1,31901
7290000295503,false,סנו סושי שקיות אוכל מתכלות זוג *150 יח',אשפלסט תעשיות,CN,סנו סושי צמד שקיות א,יחידה,0.00,יחידה,false,,15.90,0.0000,true,1,31902
7290000295558,false,רדיד אלומיניום סנו סושי זוגי 30X7.5מ',מולינו ניקולי s.p.a,CN,צמד רדיד אלומיניום ק,מטרים,15.00,מטר,false,,12.90,0.8600,true,1,31904
7290000300900,false,טבעול שניצל תירס 8*750גרם רכיבים טבעיים,עיצובים 2020 (4.8),IL,שניצל תירס טבעול רכי,גרמים,750.00,100 גרם,false,,27.90,3.7200,true,1,22070
7290000303581,false,פול מצרי A-2 פרי הגליל 560ג',"פרי הגליל בע""""מ",IL,פול מצרי פרי הגליל 5,גרמים,560.00,100 גרם,false,,6.90,1.2321,true,1,8836
7290000305882,false,יונה אס דגים עם ירק ברוטב 120ג,סטארקיסט פודור בעמ,IL,אס דגים עם ירקות ברו,גרמים,120.00,100 גרם,false,,6.90,5.7500,true,1,28427
7290000307220,false,גרעיני תירס מתוק בוואקום פרי גליל 340ג',"פרי הגליל בע""""מ",IL,גרעיני תירס מתוק פרי,גרמים,340.00,100 גרם,false,,6.90,2.0294,true,1,8841
7290000313160,false,עוגיות חברים זהבה ו-3 הדובים שוקו' אסם 250 גר',היינץ צפון אמריקה מק,IL,חברים זהבה ושלושת הד,גרמים,250.00,100 גרם,false,,9.50,3.8000,true,1,68343
7290000313184,false,עוגיות חברים גן חיות וניל אסם 250 גר',הגביע מוצרי וופלים ב,IL,חברים ביסקויט גן חיו,גרמים,250.00,100 גרם,false,,9.50,3.8000,true,1,21271
7290000313290,false,אסם נודלס נודלס אטריות מסולסלות 200גר,תאי פרזידנט פוד בנגק,TH,נודלס אטריות מסולסלו,יחידה,200.00,יחידה,false,,10.90,0.0545,true,1,119495
7290000334684,false,טבעות בצל 700 ג' תפוגן,"תעשיות תפוגן בע""מ",IL,טבעות בצל 700 גרם,גרמים,700.00,100 גרם,false,,19.90,2.8429,true,1,22083
7290000341071,false,בדין - מרכך כביסה בייבי לבן 2 ליטר,יוניליוור ישראל טיפו,IL,בייבי בדין לבן 2 ליט,ליטרים,2.00,ליטר,false,,19.90,9.9500,true,1,11318
7290000345215,false,תה ויסוצקי קלאסיק 100/1 כחול מעודן,מולינו ניקולי s.p.a,IL,תה ויסוצקי קלאסיק 10,גרמים,100.00,100 גרם,false,,20.90,20.9000,true,1,26045
7290000345277,false,תה ויסוצקי קלאסיק 50,מולינו ניקולי s.p.a,IL,תה ויסוצקי קלאסיק 1.,גרמים,75.00,100 גרם,false,,13.90,18.5333,true,1,26047
7290000345291,false,תה ארל גריי 25 שקיקים ויסוצקי,קריות זול,IL,תה ארל גריי 1.5/25,גרמים,37.50,100 גרם,false,,18.50,49.3333,true,1,26049
7290000345307,false,תה ארל גריי 50 שקיקים ויסוצקי,מולינו ניקולי s.p.a,IL,תה ארל גריי 1.5/50,גרמים,75.00,100 גרם,false,,33.90,45.2000,true,1,26050
7290000345536,false,תה נענע 25 שקיקים *1.5 ג',מולינו ניקולי s.p.a,IL,תה נענע 25 שקיות 1.5,גרמים,37.50,100 גרם,false,,19.90,53.0667,true,1,26051
7290000346120,false,תה ויסוצקי חליטת קסם הקינמון 25יח',קריות זול,IL,תה קסם הקנמון 25 שקי,גרמים,62.50,100 גרם,false,,19.90,31.8400,true,1,26058
7290000346137,false,תה הגן הקסום הילולי פירות 25 שקיקים,קריות זול,IL,תה הילולי פירות 25 ש,גרמים,62.50,100 גרם,false,,19.90,31.8400,true,1,26059
7290000346199,false,תה הגן הקסום תה פירות יער 25 יח',קריות זול,IL,תה פירות יער 25 שקיק,גרמים,67.50,100 גרם,false,,19.90,29.4815,true,1,26063
7290000347738,false,תה ירוק נענע 25 שקיקים 1.5 גרם,קריות זול,IL,תה ירוק נענע 25 שקיק,גרמים,37.50,100 גרם,false,,26.90,71.7333,true,1,26072
7290000363363,false,קבנוס מיוחד טירת צבי,הנסיך- מפעל לייצור ט,IL,קבנוס מיוחד 160 גרם,גרמים,160.00,100 גרם,false,,19.70,12.3125,true,1,26730
7290000364261,false,דקניקים סלסולי כתף בקר 120 ג' טירת צבי,הנסיך- מפעל לייצור ט,IL,סלסולי כתף בקר 120 ג,גרמים,120.00,100 גרם,false,,15.90,13.2500,true,1,26734
7290000364278,false,דקניקים סילסולי סלמי איטלקי 120 ג' טירת צבי,הנסיך- מפעל לייצור ט,IL,סלסולי סלמי איטלקי מ,גרמים,120.00,100 גרם,false,,15.90,13.2500,true,1,26735
7290000364292,false,דקניקים סלסולי פסטרמה הודו על גחלים 120 ג' טירת צבי,הנסיך- מפעל לייצור ט,IL,סלסולי פסטרמה גחלים,גרמים,120.00,100 גרם,false,,15.90,13.2500,true,1,26737
7290000364858,false,"נקניקיות עוף טרי 1 ק""ג טירת צבי",הנסיך- מפעל לייצור ט,IL,נקניקיות עוף טרי 1 ק,קילוגרמים,1.00,"ק""ג",false,,29.90,29.9000,true,1,26742
7290000364872,false,נקניקיות עוף טירת צבי 400 ג',טיב טירת צבי 2000,IL,נקניקיות עוף 400 גרם,גרמים,400.00,100 גרם,false,,13.90,3.4750,true,1,26743
7290000364957,false,נקנקיות מיני - מיני עוף טירת צבי 700 ג',הנסיך- מפעל לייצור ט,IL,נקנקיות מיני - מיני,גרמים,700.00,100 גרם,false,,27.90,3.9857,true,1,26744
7290000367590,false,צמד כפרי סלמי+פסטרמה 800 גרם טירת צבי,טיב טירת צבי 2000,IL,צמד כפרי נק.סלמי+פסט,גרמים,800.00,100 גרם,false,,29.90,3.7375,true,1,26746
7290000379258,false,חלת קונדיטורית ארוזה 500 ג' אנג'ל,מאפיית שלמה א. אנג'ל,IL,חלת קונדיטורית אנגל,גרמים,500.00,100 גרם,false,,15.90,3.1800,true,1,69751
7290000382210,false,שקיות גופיה ינות בית,,,שקיות גופיה ינות בית,יחידה,0.00,יחידה,false,,0.10,0.0000,true,1,43349
7290000382227,false,שקיות גופיה מגה בעיר,,,שקיות גופיה מגה בעיר,יחידה,0.00,יחידה,false,,0.10,0.0000,true,1,6
7290000408316,false,דנונה ביו יוגורט טבעי 3% 200 ג',מיוצר עי קונדיטוריית,IL,דנונה טבעי 3% 200מל,מיליליטרים,200.00,"100 מ""ל",false,,3.90,1.9500,true,1,24760
7290000408354,false,יוגורט עם אורז מצופה שוקולד קקאו 175 ג' דנונה,"שטראוס בריאות בע""מ",IL,דנונה קראנצ' פצפוצים,מיליליטרים,175.00,"100 מ""ל",false,,4.90,2.8000,true,1,24761
7290000412481,false,סנו - מנקה אסלות 00 1 ליטר,מיוצר עי קונדיטוריית,IL,מנקה אסלות 1 ליטר 00,ליטרים,1.00,ליטר,false,,8.90,8.9000,true,1,31913
7290000416021,false,ממרח שוקולד השחר חלבי 500 גר',השחר העולה,IL,ממרח שוקולד השחר 500,גרמים,500.00,100 גרם,false,,15.90,3.1800,true,1,31066
7290000416045,false,ממרח שוקולד השחר דלי,השחר העולה,IL,ממרח שוקולד השחר 1 ק,קילוגרמים,1.00,"ק""ג",false,,27.90,27.9000,true,1,31068
7290000419114,false,לנדוור כחול קפה טחון,קפה לנדוור,IL,לנדוור המקורי קפה טח,גרמים,200.00,100 גרם,false,,18.30,9.1500,true,1,21275
7290000419220,false,לנדוור כחול המקורי קפה טחון טורקי 3*100 גרם 16 יח',קפה לנדוור,IL,לנדוור כחול המקורי ק,גרמים,300.00,100 גרם,false,,19.90,6.6333,true,1,21276
7290000419374,false,לנדוור לבוקר קפה טחון טורקי 3*100 גרם 16 יח',קפה לנדוור,IL,לנדוור לבוקר קפה טחו,גרמים,300.00,100 גרם,false,,19.90,6.6333,true,1,21277
7290000420325,false,פופ קורן טבעי למיקרוגל 5 יח',קריות זול,US,פופסטאר פופקורן טבעי,גרמים,500.00,100 גרם,false,,17.50,3.5000,true,1,6343
7290000450209,false,נתחי טונה פוסידון בשמן 110 ג',"מיוצר עי וליגר בעמ,",IL,טונה בשמן פוסידון 1,גרמים,108.00,100 גרם,false,,6.90,6.3889,true,1,18244
7290000453125,false,שמרית שמרים טריים לאפייה +משפר אפייה 100ג,"פאקא תעשיות בע""מ",IL,שמרית שמרים טריים לא,גרמים,100.00,100 גרם,false,,8.50,8.5000,true,1,24763
7290000453415,false,בצק עלים מצונן ומוכן לאפייה שמרית,"פאקא תעשיות בע""מ",FR,שמרית בצק עלים מצונן,גרמים,300.00,100 גרם,false,,16.90,5.6333,true,1,203781
7290000453422,false,בצק פילו מצונן ומרודד מוכן לאפיה,"פאקא תעשיות בע""מ",GR,שמרית בצק פילו מוכן,גרמים,300.00,100 גרם,false,,16.90,5.6333,true,1,169080
7290000453866,false,נטורינה קוקוס לאפייה שמרית 200ג',גרונבאנג- גרונדנסק א,DK,נטורינה קוקוס שטראוס,גרמים,200.00,100 גרם,false,,8.50,4.2500,true,1,106088
7290000462141,false,סחוג אדום חריף מאוד (מכסה אדום) 150 גרם,קריניסה ויטמין אס אי,IL,סחוג אדום חריף מאוד,גרמים,150.00,100 גרם,false,,8.90,5.9333,true,1,24767
7290000474090,false,חלב הומוגני 1% קרטון טרה 1ל',מילקו תעשיות בעמ,IL,טרה חלב בקרטון 1% 1ל,ליטרים,1.00,ליטר,false,,5.86,5.8600,true,1,7063
7290000474502,false,גבינה לבנה 5% 250ג' טרה מהדרין,קריות זול,IL,טרה גבינה לבנה 5% 25,גרמים,250.00,100 גרם,false,,4.98,1.9920,true,1,7072
7290000474540,false,גבינה טוב טעם 3% טרה 250ג' מהדרין,קריות זול,IL,טוב טעם גבינה 3% 250,גרמים,250.00,100 גרם,false,,11.70,4.6800,true,1,7073
7290000474830,false,גבינה צהובה מגורדת 28% שומן 500 ג' נעם,מילקו תעשיות בעמ,IL,נעם גבינה צהובה מגור,גרמים,500.00,100 גרם,false,,33.60,6.7200,true,1,7074
7290000480107,false,קוואקר שיבולת שועל פחית 500 גר',וולקרס סנקס לימיטד,GB,"קוואקר מהיר אטוס לל""",גרמים,500.00,100 גרם,false,,15.90,3.1800,true,1,25344
7290000480442,false,קוואקר שיבולת שועל שקית 500 גר',פריטו ליי FRITO-LAY,IL,שיבולת שועל בשקית קו,גרמים,500.00,100 גרם,false,,14.90,2.9800,true,1,25345
7290000481029,false,עשיריית פיתות תנעמי,יוניליוור גרמניה Gm,IL,פיתות 10 יחידות בטעם,קילוגרמים,1.00,"ק""ג",false,,13.90,13.9000,true,1,225588
7290000481043,true,עשיריית פיתות כוסמין,,,עשיריית פיתות כוסמין,גרמים,700.00,100 גרם,false,,16.90,2.4143,true,1,302186
7290000481531,false,דגנית עין בר לחמניות אצבע מחיטה מלאה בשקית 750 ג',יוניליוור גרמניה Gm,IL,לחמניות 10 יחידות חי,גרמים,750.00,100 גרם,false,,14.90,1.9867,true,1,5055
7290000481883,false,דגנית עין בר מארז לחמניות 10 יח'*75 ג',יוניליוור גרמניה Gm,IL,10 לחמניות דגנית,גרמים,750.00,100 גרם,false,,14.90,1.9867,true,1,5059
7290000483139,false,חטיף מרציפן גולמי המ,"המרשלג פרלינס בע""מ",IL,המרשלג חטיף מרציפן ג,גרמים,100.00,100 גרם,false,,10.90,10.9000,true,1,14725
7290000490717,false,גלית מאגדת שמיניה 560 ג',הגלידות של פלדמן,IL,גלית שרבט בטעם תות 8,גרמים,560.00,100 גרם,false,,29.90,5.3393,true,1,39647
7290000493176,false,אבקת רוטב צלי לבשר 22ג' אסם,"אסם השקעות בע""מ",IL,אסם אבקת רוטב צלי לב,גרמים,22.00,100 גרם,false,,4.00,18.1818,true,1,21309
7290000493183,false,אבקת רוטב פיטריות 30 ג' אסם,"אסם השקעות בע""מ",IL,אסם אבקת רוטב פטריות,גרמים,30.00,100 גרם,false,,4.00,13.3333,true,1,21310
7290000496360,false,פילה בקלה דרום אפרי,,,פילה בקלה דרום אפרי,קילוגרמים,1.00,"ק""ג",true,,43.90,43.9000,true,1,354688
7290000504049,false,סוכרזית קנקן 1200 טבליות,אף.סי תבליני בגליל ב,IL,סוכרזית קנקן 1200 טב,גרמים,984.00,100 גרם,false,,21.90,2.2256,true,1,24067
7290000504278,false,סוכרזית - קלאסי פטנט 700 טבליות,אף.סי תבליני בגליל ב,IL,סוכרזית פטנט 700 טבל,גרמים,574.00,100 גרם,false,,16.90,2.9443,true,1,24070
7290000521008,false,"יין אדום יבש סגל 750 מ""ל",כרמי צבי - אחים סגל,IL,אדום יבש סגל.,מיליליטרים,750.00,"100 מ""ל",false,,22.90,3.0533,true,1,10176
7290000523811,false,"צנצנת מלח גס 1 ק""ג מלח הארץ",חברת מלח הארץ אילת ב,IL,מלח גס בצנצנת הארץ 1,קילוגרמים,1.00,"ק""ג",false,,7.50,7.5000,true,1,26081
7290000530086,false,נקניק סלמי מעושן 600 ג' זוגלובק,נקניק נהריה כשר זוגל,IL,סלמי מעושן 7000 א.מ.,גרמים,600.00,100 גרם,false,,38.90,6.4833,true,1,42479
7290000530468,false,נקניקיות וינר זוגלוב,,,נקניקיות וינר טרי 1ק,קילוגרמים,1.00,"ק""ג",false,,32.90,32.9000,true,1,42485
7290000530598,false,נקניקיות וינר 500 ג' טרי זוגלובק,נקניק נהריה כשר זוגל,IL,נקניקיות וינר טרי זו,גרמים,500.00,100 גרם,false,,16.90,3.3800,true,1,42488
7290000530703,false,זוג במארז חרמון הודו + סלמי תה זוגלובק 800 גר',נקניק נהריה כשר זוגל,IL,זוג תה 400 + חרמון 4,גרמים,800.00,100 גרם,false,,34.90,4.3625,true,1,42490
7290000533353,false,"בצק עלים צרפתי 1 ק""ג זוגלובק",מאפיית אריאל וגידרון,IL,זוגלובק בצק עלים 1קג,קילוגרמים,1.00,"ק""ג",false,,16.90,16.9000,true,1,42500
7290000537566,false,נקניקיות עוף טרי 400 ג' זוגלובק,נקניק נהריה כשר זוגל,IL,נקניקיות עוף טרי 400,גרמים,400.00,100 גרם,false,,13.90,3.4750,true,1,42514
7290000538709,false,סלמי תה מעושן 200 ג' זוגלובק,זוגלובק,IL,תה מעושן 200 גרם,גרמים,200.00,100 גרם,false,,16.00,8.0000,true,1,42522
7290000552194,false,קישקע קפוא 500 גרם,טיבון ויל אחזקות בעמ,IL,קישקע קפוא 500 גרם,גרמים,500.00,100 גרם,false,,17.90,3.5800,true,1,18249
7290000552989,false,בשר טחון מובחר טיבון 500 ג',"טיבון ויל אחזקות בע""",IL,בשר עגל טחון קפוא 50,גרמים,500.00,100 גרם,false,,22.90,4.5800,true,1,18255
7290000554402,false,מלבי 160גר מחלבות גד,"מיוצר ע""י קוד יצרן E",IL,"גד מלבי 160 מ""ל",מיליליטרים,160.00,"100 מ""ל",false,,7.00,4.3750,true,1,15387
7290000554471,false,גבינת מוצרלה 22% נקניק 180ג' גד,"מחלבות גד בע""מ",IL,גד מוצרלה נקניק טבעי,גרמים,180.00,100 גרם,false,,19.80,11.0000,true,1,15389
7290000554532,false,גבינה צפתית מעודנת במלח ים 5% 200 ג' גד,הנסיך- מפעל לייצור ט,IL,גד צפתית מעודנת במלח,גרמים,200.00,100 גרם,false,,16.90,8.4500,true,1,15390
7290000554624,false,ירח מתוק 3% 150 גרם רובין,"מיוצר ע""י קוד יצרן E",IL,גד ירח מתוק 150מל,גרמים,150.00,100 גרם,false,,7.00,4.6667,true,1,15392
7290000554686,false,לאבנה שמן זית וזעתר 5% 250 גרם - רבנות,מחלבות גד בעמ,IL,גד לאבנה בשמן זית וז,גרמים,250.00,100 גרם,false,,17.20,6.8800,true,1,15393
7290000554839,false,שמנת מתוקה קשה בסגנון איטלקי 40% שומן 250 ג' גד,מחלבות גד בעמ,IL,גד מסקרפונה 40% 250ג,גרמים,250.00,100 גרם,false,,23.40,9.3600,true,1,15395
7290000561097,false,תערובת פיצוחים מובחר,,,תערובת פיצוחים 150 ג,גרמים,150.00,100 גרם,false,,17.90,11.9333,true,1,130768
7290000561158,false,תערובת בריאות 150 גר,,,תערובת בריאות 150 גר,גרמים,150.00,100 גרם,false,,15.90,10.6000,true,1,117583
7290000561202,false,גרעיני חמנייה 200 גר,,,גרעין חמניה קלוי 200,גרמים,200.00,100 גרם,false,,7.90,3.9500,true,1,1599
7290000561561,false,פוסידון מנצ'יס 200ג,,,פוסידון מנצ'יס 200ג,גרמים,200.00,100 גרם,false,,9.90,4.9500,true,1,117584
7290000561585,false,קבוקים 200ג - חממה,,,קבוקים 200ג - חממה,גרמים,200.00,100 גרם,false,,6.50,3.2500,true,1,117586
7290000561981,false,אגוזי מלך 200 גר,,,אגוז מלך 200ג,גרמים,200.00,100 גרם,false,,23.90,11.9500,true,1,1622
7290000574035,false,לחם אחיד פרוס 750ג' דגנית עין בר,יוניליוור גרמניה Gm,IL,לחם אחיד פרוס דגנית,גרמים,750.00,100 גרם,false,,7.11,0.9480,true,1,5065
7290000574066,false,לחם מלא פלוס שיפון 750 ג' דגנית עין בר,יוניליוור גרמניה Gm,IL,לחם מלא עם שיפון דגנ,יחידה,0.00,יחידה,false,,15.90,0.0000,true,1,5068
7290000574141,false,לחם חיטה מלא 750ג' דגנית עין בר,דגנית עין בר תעשיות,IL,לחם חיטה מלאה דגנית,גרמים,750.00,100 גרם,false,,15.90,2.1200,true,1,5072
7290000574172,false,לחם קל מחיטה מלאה 750 ג' דגנית עין בר,יוניליוור גרמניה Gm,IL,לחם קל חיטה מלאה דגנ,גרמים,750.00,100 גרם,false,,15.90,2.1200,true,1,5074
7290000574455,false,לחם חיטה מלא פלוס כוסמין 750 ג' דגנית עין בר,דגנית עין בר,IL,לחם חיטה מלא+כוסמין,גרמים,750.00,100 גרם,false,,15.90,2.1200,true,1,5087
7290000604343,false,תמר דקל נור 400 גר,פרי וירק טמרה ושותפי,,תמר דקל נור 400גר,גרמים,400.00,100 גרם,false,,12.90,3.2250,true,1,55566
7290000611280,false,עוף טרי ארוז ע.עוז,,,עוף שלם טרי ארוז,קילוגרמים,1.00,"ק""ג",true,,19.90,19.9000,true,1,41500
7290000611839,false,שוקיים פטם ארוז ע.עוז,,,שוקיים עוף טרי ארוז,קילוגרמים,1.00,"ק""ג",true,,34.90,34.9000,true,1,41510
7290000611846,false,כרעיים עוף טרי ארוז ע.עוז,,,כרעיים עוף טרי ארוז.,קילוגרמים,1.00,"ק""ג",true,,29.90,29.9000,true,1,41511
7290000611853,false,כנפיים עוף טרי ארוז ע.עוז,,,כנפיים עוף טרי ארוז,קילוגרמים,1.00,"ק""ג",true,,12.90,12.9000,true,1,41512
7290000611860,false,חזה עוף טרי ארוז ע.עוז,,,חזה עוף שלם טרי ארוז,קילוגרמים,1.00,"ק""ג",true,,34.90,34.9000,true,1,41513
7290000611983,false,שניצל פרוס טרי ארוז ע.עוז,,,חזה עוף פרוס טרי ארו,קילוגרמים,1.00,"ק""ג",true,,38.90,38.9000,true,1,41519
7290000614559,false,שריר הזרוע מס' 8 חלק,,,שריר הזרוע מס' 8 חלק,קילוגרמים,1.00,"ק""ג",true,,34.90,34.9000,true,1,389283
7290000644783,false,נתחי פילה סלמון בואק,X MAK,DK,דגי תנובה נתחי פילה,קילוגרמים,1.00,"ק""ג",true,,89.90,89.9000,true,1,27989
7290000652542,false,פילה אמנון 5-7 100% דג,,CN,פילה אמנון 5-7 100%,קילוגרמים,1.00,"ק""ג",true,,39.90,39.9000,true,1,260833
7290000662817,false,סלמון מעושן 100 גרם נורבגי,,צ'ילה (TDE),סלמון מעושן פרוס 100,גרמים,100.00,100 גרם,false,,21.90,21.9000,true,1,301876
7290000663036,false,פילה אמנון ללא עור 100% דג,תנובה,IL,פילה אמנון ללא עור 1,קילוגרמים,1.00,"ק""ג",true,,44.90,44.9000,true,1,326624
7290000663166,false,פילה הייק דרום אפריק,,,פילה הייק דרום אפריק,קילוגרמים,1.00,"ק""ג",true,,49.90,49.9000,true,1,347537
7290000688084,false,מים מינרליים פקק ספו,מופק ממקור בזלתי עדן,IL,מי עדן 1/2 ליטר ספור,מיליליטרים,500.00,"100 מ""ל",false,,3.50,0.7000,true,1,12156
7290000688374,false,"מי עדן בייבי מארז 330X6 מ""ל","מי עדן בע""מ",,"מי עדן בייבי 330 מ""ל",ליטרים,1.98,ליטר,false,,16.90,8.5354,true,1,12159
7290000688381,false,מי עדן פקק ספורט 6*500 מל.,"מי עדן בע""מ",IL,מי עדן פקק ספורט 6*5,ליטרים,3.00,ליטר,false,,15.90,5.3000,true,1,12160
7290000688466,false,מי עדן GYM בקבוק ספו,מופק ממקור בזלתי עדן,IL,מי עדן ג'ים 750מל,מיליליטרים,750.00,"100 מ""ל",false,,3.90,0.5200,true,1,12161
7290000688503,false,מים מינרליים מי עדן,"מי עדן בע""מ",IL,מי עדן ג'ים 6*750מל,ליטרים,4.50,ליטר,false,,18.90,4.2000,true,1,12162
7290000835954,false,פילה אמנון 5-7 בוואק,,,פילה אמנון 5-7 בוואק,קילוגרמים,1.00,"ק""ג",true,,32.90,32.9000,true,1,239511
7290000835961,false,פילה אמנון 7-9 בוואק,,,פילה אמנון 7-9 בוואק,קילוגרמים,1.00,"ק""ג",true,,32.90,32.9000,true,1,239512
7290000909387,false,ניוקי אבאל תפוא 1 קג,Ciemme Alimentari SR,IT,"ניוקי אבאל 1 ק""ג",קילוגרמים,1.00,"ק""ג",false,,11.90,11.9000,true,1,81487
7290001041161,false,"שעועית לבנה יבשה מיה 1 ק""ג",מיה,IL,שעועית 1 ק'ג,קילוגרמים,1.00,"ק""ג",false,,15.90,15.9000,true,1,52400
7290001041215,false,"חיטה מיה 1 ק""ג",מיה,IL,חיטה 1 ק'ג,קילוגרמים,1.00,"ק""ג",false,,9.20,9.2000,true,1,52405
7290001041260,false,שומשום מיה 400 גרם,מיה תעשיות מזון בעמ,IL,שומשום מיה 400 גרם,גרמים,400.00,100 גרם,false,,13.90,3.4750,true,1,15590
7290001041840,false,"שקדים טחונים 250ג' מיה בד""ץ כשל""פ",מיה תעשיות מזון,IL,שקדים טחונים 250 גרם,גרמים,250.00,100 גרם,false,,19.90,7.9600,true,1,15603
7290001123775,false,שווארמה פרגיות 500 ג',"טיבול ויל אחזקות בע""",IL,שווארמה פרגיות 500 ג,גרמים,500.00,100 גרם,false,,26.90,5.3800,true,1,18261
7290001136287,false,"נקה 7 - שמפו רגיל ירוק 750 מ""ל","קוסמופארם בעמ, ח.פ 5",IL,שמפו רגיל ירוק נקה 7,מיליליטרים,750.00,"100 מ""ל",false,,12.90,1.7200,true,1,31916
7290001136294,false,"שמפו נקה 7 לשיער יבש אדום 750מ""ל",גוד פוד פרודקטס S.p,IL,שמפו יבש אדום נקה 7,מיליליטרים,750.00,"100 מ""ל",false,,12.90,1.7200,true,1,31917
7290001136362,false,נקה 7 תחליב רחצה אלוורה ארומה ירוק 1 ל',מיוצר בסין.יבוא ושיו,IL,תחליב רחצה אלוורה ות,יחידה,0.00,יחידה,false,,16.90,0.0000,true,1,31919
7290001136683,false,"מרכך לשיער רגיל ירוק 750 מ""ל נקה 7",אמיליה קוסמטיקס בעמ,IL,מרכך רגיל ירוק נקה 7,מיליליטרים,750.00,"100 מ""ל",false,,12.90,1.7200,true,1,31921
7290001136799,false,נקה 7 תחליב רחצה ארומה ורוד יסמין 1 ל',מיוצר בסין.יבוא ושיו,IL,תחליב רחצה ורד ויסמי,יחידה,0.00,יחידה,false,,16.90,0.0000,true,1,31922
7290001201589,false,ביצים 12 יח גדול לסר,לסר,IL,12 ביצים L מ.לסר,יחידה,0.00,יחידה,false,,12.05,0.0000,true,1,14584
7290001201596,false,ביצים 12 יח בינוני ל,לסר,IL,12 ביצים M מ.לסר,יחידה,0.00,יחידה,false,,11.15,0.0000,true,1,14585
7290001201855,false,ביצים לארג' אומגה 12 יח',לסר,IL,12ביצים L אומגה 3 מ,יחידה,0.00,יחידה,false,,22.90,0.0000,true,1,96598
7290001201893,false,12 ביצים M אומגה 3,,,12 ביצים M אומגה 3,יחידה,0.00,יחידה,false,,17.90,0.0000,true,1,96603
7290001216040,false,טחינת אל ארז 500 גרם,דולפין ספא,IL,טחינה אל ארז 100% שו,גרמים,500.00,100 גרם,false,,18.90,3.7800,true,1,38174
7290001216231,false,טחינה גולמית שומשום מלא אל ארז 500ג',דולפין ספא,IL,טחינה מלאה 100% שומש,גרמים,500.00,100 גרם,false,,19.90,3.9800,true,1,114699
7290001235938,false,סיגריות וינסטון כחול,Unknown,,וינסטון קופסא בודדת,יחידה,0.00,יחידה,false,,34.00,0.0000,false,1,4627
7290001245699,false,אקונומיקה סמיכה בניחוח לימון 4 ל' טאצ',,,ג'ל אקונומיקה סמיכה,ליטרים,4.00,ליטר,false,,13.90,3.4750,true,1,158404
7290001245712,false,אקונומיקה טאצ' 4 ליט,,,אקונומיקה טאצ' 4 ליט,ליטרים,4.00,ליטר,false,,10.90,2.7250,true,1,158406
7290001245972,false,מרכך כביסה לבן טאצ' 4 ליטר,,,מרכך כביסה טאצ' לבן,ליטרים,4.00,ליטר,false,,14.90,3.7250,true,1,158433
7290001246061,false,מרכך מרוכז פרפיום פנטזי טאצ 1ל',סאסאטק,IL,מרכך פרימיום פנטזי 1,ליטרים,1.00,ליטר,false,,13.90,13.9000,true,1,158436
7290001246078,false,מרכך מרוכז פרפיום סנשואל טאצ' 1 ל',סאסאטק,IL,מרכך פרימיום סנשואל,ליטרים,1.00,ליטר,false,,13.90,13.9000,true,1,158437
7290001246528,false,מרכך כביסה מרוכז פרפיום מיסטרי טאצ' 1 ל',סאסאטק,IL,מרכך כביסה מרוכז פרפ,ליטרים,1.00,ליטר,false,,13.90,13.9000,true,1,205293
7290001247068,false,נקטר ספרינג תות בננה קרטונית 1 ל',"יפאורה תבורי בע""מ",IL,ספרינג תות בננה קרטו,ליטרים,1.00,ליטר,false,,7.90,7.9000,true,1,12165
7290001247082,false,נקטר ספרינג עגבניות קרטונית 1 ל',"יפאורה תבורי בע""מ",IL,ספרינג עגבניות קרטונ,ליטרים,1.00,ליטר,false,,7.90,7.9000,true,1,12167
7290001247112,false,נקטר ספרינג לימונענע קרטונית 1 ל',"יפאורה תבורי בע""מ",IL,ספרינג לימונענע קרטו,ליטרים,1.00,ליטר,false,,7.90,7.9000,true,1,12170
7290001247129,false,נקטר ספרינג תפוזים קרטונית 1 ל',"יפאורה תבורי בע""מ",IL,ספרינג תפוז קרטונית,ליטרים,1.00,ליטר,false,,7.90,7.9000,true,1,12171
7290001247143,false,נקטר ספרינג תפוחים קרטונית 1 ל',"יפאורה תבורי בע""מ",IL,ספרינג תפוח קרטונית,ליטרים,1.00,ליטר,false,,7.90,7.9000,true,1,12173
7290001305188,false,פלמוליב כלים שקוף לימון 750 בקבוק חדש,יבואן ומשווק: ש. שסט,GR,פלמוליב לכלים פריחת,מיליליטרים,750.00,"100 מ""ל",false,,12.90,1.7200,true,1,23446
7290001407547,false,טחינה גולמית משומשום מלא פי 6 בארכה 500ג',רושדי תעשיות מזון בע,IL,בארכה טחינה שומשום מ,גרמים,500.00,100 גרם,false,,19.20,3.8400,true,1,21321
7290001407844,false,חלווה קלאסית וניל בארכה 350גר,רושדי תעשיות מזון בע,IL,חלבה קלאסית וניל באר,גרמים,350.00,100 גרם,false,,19.20,5.4857,true,1,21328
7290001459935,false,אפונה בלאדי 800 גר',,,אפונה בלדי 800 גרם,גרמים,800.00,100 גרם,false,,12.90,1.6125,true,1,483551
7290001485019,false,גבינת שמנת 5% טעם טבעי 200 ג' טרה,קריות זול,IL,טרה גבינת שמנת טבעי,גרמים,200.00,100 גרם,false,,11.90,5.9500,true,1,7087
7290001552025,false,קוסקוס של אמא קפוא 8,,,קוסקוס 800גר,גרמים,800.00,100 גרם,false,,16.80,2.1000,true,1,119089
7290001591703,false,קבב אנגוס עגול 500 ג' טיבון ויל,,,קבב בקר אנגוס עגול ט,גרמים,500.00,100 גרם,false,,24.90,4.9800,true,1,419085
7290001591710,false,המבורגר אנגוס 600 ג' טיבון ויל,,,המבורגר אנגוס טיבון,גרמים,600.00,100 גרם,false,,24.90,4.1500,true,1,419086
7290001594155,false,קוקה קולה בקבוק 500מ,החברה המרכזית לייצור,IL,קוקה קולה 500מל,מיליליטרים,500.00,"100 מ""ל",false,,7.90,1.5800,true,1,7098
7290001594230,false,"קינלי סודה בקבוק 250 מ""ל",החברה המרכזית לייצור,IL,סודה קינלי 250 מ'ל,מיליליטרים,250.00,"100 מ""ל",false,,3.90,1.5600,true,1,7101
7290001594377,false,פריגת משקה תפוזים 50,מבשלות בירה בינלאומי,IL,פריגת משקה תפוזים 50,מיליליטרים,500.00,"100 מ""ל",false,,7.90,1.5800,true,1,7564
7290001594520,false,"בירה טובורג בקבוק 330מ""ל",מבשלות בירה בינלאומי,IL,טובורג רד בקבוק פקדו,מיליליטרים,330.00,"100 מ""ל",false,,8.90,2.6970,true,1,66919
7290001594858,false,"בירה טובורג בקבוק 330X6מ""ל",קרלסברג ישראל,IL,טובורג רד בקבוק פקדו,ליטרים,1.98,ליטר,false,,44.90,22.6768,true,1,7576
7290001594865,false,"קרלסברג בירה בקבוק 6* 330 מ""ל",קרלסברג ישראל,IL,קרלסברג בירה בקבוק 6,ליטרים,1.98,ליטר,false,,44.90,22.6768,true,1,7577
7290001648643,false,מארז קפה טורקי כתר 3,רוני רג'ואן,IL,כתר קפה טורקי 3*100ג,גרמים,300.00,100 גרם,false,,13.90,4.6333,true,1,135986
7290001696620,false,מיקס פיצוחים 350 גר',,,מיקס פיצוחים 350 גר',גרמים,350.00,100 גרם,false,,12.90,3.6857,true,1,117202
7290001696736,false,פקאן סיני 100 גרם,,,פקאן סיני 100 גרם,גרמים,100.00,100 גרם,false,,18.90,18.9000,true,1,1630
7290001696989,false,בוטנת גרעינים שחורים,,,בוטנת גרעינים שחורים,גרמים,200.00,100 גרם,false,,7.50,3.7500,true,1,1632
7290001791349,false,אקונומיקה פסגה ריחנית 4ליטר,"סנו מפעלי ברונוס בע""",IL,אקונומיקה ריחנית פסג,ליטרים,4.00,ליטר,false,,12.90,3.2250,true,1,31988
7290001817728,false,צ'יטוס חטיף כאפה קטשופ 55 גרם,"שטראוס פריטו ליי בע""",IL,ציטוס כאפה 55 גרם,גרמים,55.00,100 גרם,false,,3.90,7.0909,true,1,25349
7290001901656,false,גפילטע פיש היימיש 7 קציצות כשלפ בדץ,דג טעים בעמ,IL,צנצנת דגים 7 יח היימ,גרמים,560.00,100 גרם,false,,11.90,2.1250,true,1,49936
7290001990094,false,"סוכר חום כהה צנצנת קלאסי סוגת 1ק""ג",האי נאם סי או אל.טי.,IL,סוכר חום בצנצנת קלאס,קילוגרמים,1.00,"ק""ג",false,,16.90,16.9000,true,1,19392
7290001990148,false,"סוכר גולדן קלאסי צנצנת 1ק""ג סוגת",האי נאם סי או אל.טי.,IL,סוכר גולדן קלאסי בצנ,קילוגרמים,1.00,"ק""ג",false,,14.50,14.5000,true,1,19394
7290001990278,false,"שעועית לבנה סוגת 1 ק""ג",סוגת,,סוגת שעועית לבנה 1 ק,קילוגרמים,1.00,"ק""ג",false,,19.90,19.9000,true,1,19396
7290001990421,false,"פופקורן גרעינים סוגת 1 ק""ג",,,"סוגת פופקורן 1 ק""ג",קילוגרמים,1.00,"ק""ג",false,,11.90,11.9000,true,1,19401
7290002026341,false,בטטה צ'יפס רגיל אריסטו קראנץ 500 ג',האי נאם סי או אל.טי.,CA,אריסטו קראנץ-ציפס בט,גרמים,500.00,100 גרם,false,,16.90,3.3800,true,1,136964
7290002026440,false,פרצלס בייגלה בראנץ אנד קראנץ 280 ג',מוצרי איכות אמריקאיי,IL,פרצלס קפוא 280 גרם,גרמים,280.00,100 גרם,false,,12.90,4.6071,true,1,67785
7290002057123,false,זיתים חרוזית ירוק A2 יבנה 540ג',קריות זול,IL,זיתים חרוזית ירוק קב,גרמים,275.00,100 גרם,false,,10.90,3.9636,true,1,30145
7290002057369,false,מלפפון במלח ‏12‏-‏10‏ 560 ג' יבנה,קבוצת יבנה,IL,מלפפון במלח 10-12 קב,גרמים,560.00,100 גרם,false,,8.90,1.5893,true,1,30155
7290002057437,false,שיפקונית קבוצת יבנה,קבוצת יבנה,IL,שיפקונית קבוצת יבנה,גרמים,560.00,100 גרם,false,,10.90,1.9464,true,1,285000
7290002057482,false,מלפפון חומץ ‏25‏-‏18‏ 560 ג' יבנה,קריות זול,IL,מלפפון בחומץ 18-25 ק,גרמים,560.00,100 גרם,false,,13.90,2.4821,true,1,30162
7290002065555,false,לחמניה אנג'ל ארוכה שקית 6יח,מאפיית שלמה א. אנג'ל,IL,6 לחמניות רכות אנגל,גרמים,450.00,100 גרם,false,,11.90,2.6444,true,1,69797
7290002065616,false,לחם שיפון גרעינים 750 ג' אנג'ל,מאפיית שלמה א. אנג'ל,IL,שיפון גרעינים אנגל 7,גרמים,750.00,100 גרם,false,,14.90,1.9867,true,1,69798
7290002065623,false,לחם שיפון כפרי 750 ג' אנג'ל,מאפיית שלמה א. אנג'ל,IL,לחם שיפון כפרי אנגל,גרמים,750.00,100 גרם,false,,14.90,1.9867,true,1,69799
7290002077725,false,סלומון נורווגי מצונן דלידג 100ג',וי קינג V King,IL,סלמון מעושן 100 גרם,גרמים,100.00,100 גרם,false,,22.90,22.9000,true,1,114646
7290002079033,false,לחם דגנים לייט פרוס 500 ג',מאפיית דוידוביץ ובני,IL,לחם דגנים לייט ללא ת,גרמים,500.00,100 גרם,false,,16.90,3.3800,true,1,509006
7290002079361,false,לחמניות המבורגר חתוך 6+2*60 ג',מאפיית אחדות חיפה,IL,8 לחמניות המבורגר בס,גרמים,480.00,100 גרם,false,,18.90,3.9375,true,1,509713
7290002079927,false,לחם דגנים מלא דוידוב,מאפיית אחדות חיפה(93,IL,לחם דגנים מלא דוידוב,גרמים,750.00,100 גרם,false,,15.90,2.1200,true,1,509184
7290002079996,false,לחם אחיד קל פרוס 750 גרם,הנסיך- מפעל לייצור ט,IL,לחם אחיד קל מאפיית ד,גרמים,750.00,100 גרם,false,,16.90,2.2533,true,1,509693
7290002107385,false,גבינת מה עיזים בגליל צוריאל 180 ג',מחלבת משק צוריאל,IL,צוריאל גליל גבינת עי,גרמים,180.00,100 גרם,false,,26.40,14.6667,true,1,7108
7290002107798,false,גבינה בולגרית מעודנת 5% צוריאל 250ג',מחלבת משק צוריאל,IL,צוריאל בולגרית מעודנ,גרמים,250.00,100 גרם,false,,22.90,9.1600,true,1,7113
7290002107965,false,טבורוג גבינה לאפייה 5% צוריאל 500 ג',מחלבת משק צוריאל,IL,צוריאל טבורוג גבינה,גרמים,500.00,100 גרם,false,,26.70,5.3400,true,1,7114
7290002111337,false,רסק עגבניות 22% 260 גר' פרי מבורך,זנלכל,IL,רוטב עגבניות 22% פרי,גרמים,240.00,100 גרם,false,,5.50,2.2917,true,1,114614
7290002130567,false,דבש טהור מפרחי בר בזכוכית 350 גרם,מכוורת יד מרדכי שטרא,IL,דבש טהור מפרחי בר בצ,גרמים,350.00,100 גרם,false,,21.90,6.2571,true,1,24086
7290002130574,false,דבש טהור מפרחי בר בזכוכית 500 ג' יד מרדכי,מכוורת יד מרדכי שטרא,IL,דבש טהור מפרחי בר בצ,גרמים,500.00,100 גרם,false,,29.60,5.9200,true,1,24087
7290002130581,false,דבש טהור מפרחי בר בצ,קריות זול,IL,דבש טהור מפרחי בר בצ,קילוגרמים,1.00,"ק""ג",false,,46.90,46.9000,true,1,24088
7290002204169,true,אגס נאשי מארז,,,אגס נאשי מארז,גרמים,500.00,100 גרם,false,,14.90,2.9800,true,1,488363
7290002255055,false,פלאפל חטיפי אלקיים 7,חטיפי אלקיים בעמ,IL,פלאפל חטיפי אלקיים 7,גרמים,700.00,100 גרם,false,,14.90,2.1286,true,1,67066
7290002255185,false,סמבוסק חומוס אלקיים,חטיפי אלקיים בעמ,IL,סמבוסק במילוי חומוס,גרמים,600.00,100 גרם,false,,23.90,3.9833,true,1,118537
7290002255215,false,"עלי סיגר מרובע בד""צ",חטיפי אלקיים בעמ,IL,עלים לסיגר 500ג,גרמים,500.00,100 גרם,false,,11.90,2.3800,true,1,67073
7290002259664,false,רדיד אלומיניום דיימונד גדול 60X0.60מ',ריינולדס מוצרי צריכה,US,רדיד אלומניום 30*60.,מטרים,60.90,מטר,false,,59.90,0.9836,true,1,4416
7290002277248,false,גבינת מון בלאן עם זעתר 120ג',,,גבינת מון בלאן זעתר,גרמים,120.00,100 גרם,false,,12.90,10.7500,true,1,518854
7290002317005,false,זיתים טבעות מושחר 560ג A2 מטולה,שימורי מוטולה,IL,טבעות זיתים מושחרים,גרמים,560.00,100 גרם,false,,12.50,2.2321,true,1,25678
7290002319092,false,קמח תפוחי אדמה מיה 500 גר',מיה תעשיות מזון,IL,קמח תפוחי אדמה מיה 5,גרמים,500.00,100 גרם,false,,5.90,1.1800,true,1,15612
7290002319160,false,אפונה ירוקה יבשה מיה 500 ג',מיה,IL,אפונה יבשה מיה 500 ג,גרמים,500.00,100 גרם,false,,5.90,1.1800,true,1,52429
7290002319207,false,כוסמת מיה 500 גרם,מיה,IL,כוסמת מיה 500 גרם,גרמים,500.00,100 גרם,false,,9.90,1.9800,true,1,52433
7290002319825,false,אבקת סוכר מיה 100גרם,מיה תעשיות מזון,IL,.אבקת סוכר 100 גר. ב,גרמים,100.00,100 גרם,false,,2.90,2.9000,true,1,52463
7290002327042,false,"בורקס תפו""א 800 גר' שלושת האופים קהילות",שלושת האופים,IL,"בורקס תפו""א 800 ג",גרמים,800.00,100 גרם,false,,22.90,2.8625,true,1,119196
7290002327059,false,"בצק עלים 1 ק""ג שלושת האופים קהילות",שלושת האופים,IL,בצק עלים 1 ק`ג,קילוגרמים,1.00,"ק""ג",false,,22.90,22.9000,true,1,67927
7290002327073,false,בורקס גבינה 800 גר' שלושת האופים קהילות,שלושת האופים,IL,בורקס גבינה 800 גרם,גרמים,800.00,100 גרם,false,,22.90,2.8625,true,1,67929
7290002331025,false,"מים מינרלים נביעות ספורט 500 מ""ל פקדון",נביעות טבע הגליל בעמ,IL,נביעות 1/2 ליטר ספור,מיליליטרים,500.00,"100 מ""ל",false,,4.90,0.9800,true,1,7117
7290002331094,false,"נביעות+ מים טעם ענבים 755מ""ל",נביעות טבע הגליל בעמ,IL,755מל מים מינרלים TO,מיליליטרים,755.00,"100 מ""ל",false,,5.50,0.7285,true,1,7118
7290002331421,false,"מים אישי נביעות מארז שישייה* 755 מ""ל",קריות זול,IL,נביעות 6*755מל,ליטרים,4.53,ליטר,false,,20.40,4.5033,true,1,7122
7290002331483,false,"נביעות בייבי מארז 320X6מ""ל",נביעות טבע הגליל בעמ,IL,נביעות בייבי 320*6 מ,ליטרים,1.92,ליטר,false,,15.90,8.2813,true,1,7123
7290002348061,false,פטריות שמפניון חתוכות 385 ג' וליגיר,גריניארד פריפרד,NL,פטריות חתוכות שמפניו,גרמים,400.00,100 גרם,false,,5.90,1.4750,true,1,18334
7290002360285,false,תה פומפדור חליטת צמחים קמומיל 20 שק,TEEKANNE- POMPADOU,DE,פומפדור חליטת קמומיל,גרמים,30.00,100 גרם,false,,17.90,59.6667,true,1,23452
7290002371854,false,"נקניקיות עוף מתובלות 1 ק""ג טירת צבי",הנסיך- מפעל לייצור ט,IL,נקניקיות עוף מתובלות,קילוגרמים,1.00,"ק""ג",false,,30.90,30.9000,true,1,26753
7290002374268,false,שמן חמניות מילומור 1 ליטר,שמן תעשיות,IL,שמן חמניות מילומור 1,ליטרים,1.00,ליטר,false,,13.90,13.9000,true,1,31537
7290002374312,false,שמן קנולה מילומור 1 ליטר,"נארז ע""י : א.ג. גילר",EE,שמן קנולה מילומור 1,ליטרים,1.00,ליטר,false,,12.90,12.9000,true,1,31538
7290002374640,false,שמן קנולה פלוס אומגה 3 1ל' עץ הזית,שמן תעשיות,IL,שמן קנולה פלוס אומגה,ליטרים,1.00,ליטר,false,,18.90,18.9000,true,1,31540
7290002407454,false,שמן זית כתית מעולה ס,,,שמן זית כתית מעולה ס,מיליליטרים,750.00,"100 מ""ל",false,,42.90,5.7200,true,1,5764
7290002512004,false,מלוואח צנעני 900 גרם,צנעני,IL,צנעני מלווח 900 גרם,גרמים,900.00,100 גרם,false,,21.90,2.4333,true,1,2632
7290002517375,false,תבלין בזיליקום 30 גר' שק',תות ממתקי איכות,IL,תבלין בזיליקום בשקית,גרמים,30.00,100 גרם,false,,6.90,23.0000,true,1,49444
7290002517726,false,תבלין מקלות קינמון 15ג',תות ממתקי איכות,IL,תבלין מקל קינמון טעם,גרמים,15.00,100 גרם,false,,6.90,46.0000,true,1,49458
7290002542506,false,"בירה קורונה בקבוק 355מ""ל",קריניציה ויטמינה אס,MX,קורונה בירה בקבוק 35,מיליליטרים,355.00,"100 מ""ל",false,,9.90,2.7887,true,1,31774
7290002543046,false,קלוגס פרוסטיס דגנים וסוכר 750ג',קלוג מנייופרטורינג א,ES,פרוסטיס דגני קלוגס 7,גרמים,750.00,100 גרם,false,,21.90,2.9200,true,1,66779
7290002543237,false,קלוגס קורנפלקס 750גר,קלוגס קומפני אוף גרי,DE,קורנפלקס קלוגס 750 ג,גרמים,750.00,100 גרם,false,,16.90,2.2533,true,1,5930
7290002551003,false,טונה בשמן בודד 160 ג' סטארקיסט,סטארקיסט,,טונה סטארקיסט בשמן 1,גרמים,160.00,100 גרם,false,,8.50,5.3125,true,1,28432
7290002628293,false,טחון עוף בלדי קפוא 5,,,טחון עוף קפוא 500 גר,גרמים,500.00,100 גרם,false,,11.90,2.3800,true,1,94294
7290002661023,false,לחם אחיד ברמן 750 גר,,,לחם אחיד ברמן 750 גר,גרמים,750.00,100 גרם,false,,5.10,0.6800,true,1,51245
7290002692393,false,שמן קנולה מועשר עץ ה,שמן תעשיות,IL,שמן קנולה מועשר עץ ה,ליטרים,1.00,ליטר,false,,17.90,17.9000,true,1,31543
7290002692478,false,"שמן זית כתית מעולה קלאסי מעודן 750 מ""ל עץ הזית","מרקאולאו, ספרד.אבסה,",IT,שמן זית כתית מעולה מ,מיליליטרים,750.00,"100 מ""ל",false,,37.90,5.0533,true,1,31545
7290002692782,false,"תרסיס מופחת קלוריות זית 200 מ""ל עץ הזית",י.ב טכנולוגיות אריזה,IL,תרסיס שמן זית עץ הזי,מיליליטרים,200.00,"100 מ""ל",false,,19.90,9.9500,true,1,31554
7290002703310,false,צנצנת דבש עין חרוד 5,,,צנצנת דבש עין חרוד 5,גרמים,500.00,100 גרם,false,,23.90,4.7800,true,1,39252
7290002703426,false,דבש לחיץ מכוורת 250,,,דבש לחיץ מכוורת 250,גרמים,250.00,100 גרם,false,,13.90,5.5600,true,1,39255
7290002730675,false,"קולגייט משחת שיניים אדומה משפחתי 100 מ""ל",קולגייט פלמוליב,PL,משחת שיניים משפחתי ק,מיליליטרים,100.00,"100 מ""ל",false,,11.90,11.9000,true,1,23462
7290002730941,false,בלונס צמר גפן פרוס 100גר',הנסיך- מפעל לייצור ט,GR,צמר גפן פרוס בלונס 1,גרמים,100.00,100 גרם,false,,7.90,7.9000,true,1,23467
7290002730958,false,פלמוליב סבון מוצק? ירוק זית רביעייה * 100 ג',הנסיך- מפעל לייצור ט,TR,סבון מוצק ירוק זית פ,גרמים,400.00,100 גרם,false,,17.90,4.4750,true,1,23468
7290002735014,false,מלוואח ארוז ינון 800 גר',ג'נרל מילס סאן אדריא,IL,ינון מלווח ארוז 800,גרמים,800.00,100 גרם,false,,14.90,1.8625,true,1,119758
7290002735021,false,ינון גחנון ארוז 750גר,ג'נרל מילס סאן אדריא,IL,ינון גחנון ארוז 750,גרמים,750.00,100 גרם,false,,14.90,1.9867,true,1,119759
7290002735113,false,בורקס גבינה ינון 800 גר,,,בורקס גבינה ינון 800,גרמים,800.00,100 גרם,false,,16.90,2.1125,true,1,119760
7290002735120,false,"בורקס תפו""א ינון 800 גר",,,"בורקס תפו""א ינון 800",גרמים,800.00,100 גרם,false,,14.90,1.8625,true,1,119761
7290002735274,false,ינון גחנון אפוי 600 גר,ג'נרל מילס סאן אדריא,IL,ינון גחנון אפוי 600,גרמים,600.00,100 גרם,false,,16.90,2.8167,true,1,119764
7290002752332,false,"סוכריות מנטוס פירות בגליל, 37.5 גרם",הדקלאים אגודת שיתופי,NL,מנטוס .סוכריות פירות,גרמים,37.50,100 גרם,false,,4.50,12.0000,true,1,13860
7290002757139,false,מלוואח 700 גר' שלושת האופים קהילות,שלושת האופים,IL,שלושת האופים מלוואח,גרמים,700.00,100 גרם,false,,14.90,2.1286,true,1,18384
7290002757535,false,בורקס פילו אצבעות גבינה 700 ג' שלושת האופים,שלושת האופים,IL,בורקס פילו אצבעות גב,גרמים,700.00,100 גרם,false,,21.90,3.1286,true,1,18389
7290002757542,false,אטריות קדאיף 400 גרם לנדא,שלושת האופים,IL,איטריות קדאיף 400 גר,גרמים,400.00,100 גרם,false,,21.90,5.4750,true,1,119228
7290002757672,false,המבורגר מזרחי טיבון ויל 400ג',טיבון ויל,,המבורגר 400גרם נטו,גרמים,400.00,100 גרם,false,,13.90,3.4750,true,1,18392
7290002787884,false,"בורקס מקלות פילו תפו""א 3.האופים 600 ג'",שגמור,IL,שלושת האופים מקלות פ,גרמים,600.00,100 גרם,false,,21.90,3.6500,true,1,119250
7290002793311,false,שירות והחלפה מילוי גז (60),סודה סטרים,,מילוי למכשיר 50,יחידה,0.00,יחידה,false,,60.00,0.0000,true,1,19568
7290002824183,false,גבינה לבנה 5% שומן 500 ג' שטראוס,מיוצר עי קונדיטוריית,IL,גבינה לבנה 5% סקי 50,גרמים,500.00,100 גרם,false,,9.50,1.9000,true,1,24781
7290002824466,false,דנונה יוגורט ביו 0% 200מל,"שטראוס בריאות בע""מ",IL,דנונה יוגורט ביו 0%,מיליליטרים,200.00,"100 מ""ל",false,,3.90,1.9500,true,1,24782
7290002824640,false,גבינה שטראוס 5% 250 ג',מיוצר עי קונדיטוריית,IL,גבינה 5% סקי 250 גרם,גרמים,250.00,100 גרם,false,,4.98,1.9920,true,1,24783
7290002825722,false,סלט כרוב אדום אחלה 5,מיוצר עי קונדיטוריית,IL,אחלה כרוב אדום 500ג,גרמים,500.00,100 גרם,false,,15.90,3.1800,true,1,24785
7290002868996,false,קוטג' 5% מועשר טרה 250ג' מהדרין,קריות זול,IL,טרה קוטג מועשר 5% 25,גרמים,250.00,100 גרם,false,,5.50,2.2000,true,1,7128
7290002871248,false,"בירה טובורג רד חוזר 500 מ""ל",מבשלות בירה בינלאומי,IL,בירה טובורג רד בקבוק,מיליליטרים,500.00,"100 מ""ל",false,,10.90,2.1800,true,1,7617
7290002871361,false,"קרלסברג בירה בק.חוזר 500 מ""ל",מבשלות בירה בינלאומי,IL,קרלסברג בירה בק.חוזר,מיליליטרים,500.00,"100 מ""ל",false,,10.90,2.1800,true,1,7618
7290002881018,false,סן מורנו מעדן תות שד,קריות זול,,סן מורנו מעדן תות שד,גרמים,284.00,100 גרם,false,,12.90,4.5423,true,1,26323
7290002881216,false,רסק תפוחי עץ בצנצנת 700 ג' תומר,Geurts conservenfabr,,"רסק תפו""ע דיאט תפוחי",גרמים,700.00,100 גרם,false,,12.90,1.8429,true,1,26338
7290002881261,false,ליצי שלם תומר 565 גר,גיבונג אינדסקיאלס,,ליצי שלם תומר 565 גר,גרמים,565.00,100 גרם,false,,11.80,2.0885,true,1,26342
7290002881278,false,חצאי אפרסק בסירופ קל,Elbak s.a - greek ca,,אפרסק חצאים תומר 820,גרמים,820.00,100 גרם,false,,10.90,1.3293,true,1,26343
7290002881414,false,נודלס עבה תומר 400גר,אופאל,,נודלס עבה תומר 400 ג,גרמים,400.00,100 גרם,false,,8.90,2.2250,true,1,120096
7290002881506,false,חמאת בוטנים תומר 510 ג',Niza s a,,חמאת בוטנים 510 גרם,גרמים,510.00,100 גרם,false,,10.90,2.1373,true,1,26354
7290002881513,false,חמאת בוטנים עם שברי בוטנים 510 ג' תומר,Niza s a,,חמאת בוטנים עם שברי,גרמים,510.00,100 גרם,false,,10.90,2.1373,true,1,26355
7290002881940,false,סרדינים מרוקאי בשמן חמניות 125ג' תומר,Union des pecheries,,סרדין מרוקאי בשמן תו,גרמים,125.00,100 גרם,false,,6.90,5.5200,true,1,26374
7290002881957,false,סרדינים מרוקאי חריף בשמן חמניות 125ג' תומר,Union des pecheries,,סרדין מרוקאי חריף תו,גרמים,125.00,100 גרם,false,,6.90,5.5200,true,1,26375
7290002904694,false,"טיטניום דאודורנט ספריי לגברים 150 מ""ל",אמיליה קוסמטיקס בעמ,IL,דאודורנט ספריי קלאסי,מיליליטרים,180.00,"100 מ""ל",false,,17.90,9.9444,true,1,32012
7290002909880,false,פולי סויה אדממה קפוא 400 גר',,,פולי סויה אדממה בלדי,גרמים,400.00,100 גרם,false,,12.90,3.2250,true,1,38627
7290002923466,false,טחון בקר 1 ק`ג,,,טחון בקר 1 ק`ג,קילוגרמים,1.00,"ק""ג",false,,24.90,24.9000,true,1,18436
7290002929642,false,טונה וילגר בשמן רביעיה * 140 ג',דיאמנט פוד פרודקט קו,TH,טונה בשמן ויליגר רבי,גרמים,560.00,100 גרם,false,,23.90,4.2679,true,1,18446
7290002971993,false,"קמח כוסמין מלא שטיבל 1 ק""ג",,,קמח כוסמין מלא ללא צ,קילוגרמים,1.00,"ק""ג",false,,15.90,15.9000,true,1,84552
7290002986652,false,פתי בר שוקו 470 ג' גטניו,"אחים גטניו בע""מ",,גטניו - פתיבר שוקו 4,גרמים,470.00,100 גרם,false,,9.90,2.1064,true,1,134965
7290002987963,false,"סלט חומוס אחלה 1 ק""ג",מיוצר עי קונדיטוריית,IL,אחלה חומוס 1קג,קילוגרמים,1.00,"ק""ג",false,,14.90,14.9000,true,1,24786
7290003009312,false,בוטן קלוי קלית גת 200 ג',הדקלאים אגודת שיתופי,IL,בוטן קלוי 200 גרם,גרמים,200.00,100 גרם,false,,8.90,4.4500,true,1,13865
7290003009640,false,מיץ סחוט תפוזים 1 ל' פריגת,קריות זול,IL,פריגת סחוט מיץ תפוזי,ליטרים,1.00,ליטר,false,,16.90,16.9000,true,1,7144
7290003029181,false,משקה יטבתה שוקו' בקבוק 1ל מהדרין,מחלבת יטבתה,IL,יטבתה שוקו בקבוק 1ל,ליטרים,1.00,ליטר,false,,12.50,12.5000,true,1,24790
7290003029372,false,משקה חלב בננה בקבוק 1ל' יוטבתה,מחלבת יטבתה,IL,יטבתה משקה חלב בננה,ליטרים,1.00,ליטר,false,,12.50,12.5000,true,1,24793
7290003029389,false,"משקה חלב בננה פקק ספורט 250 מ""ל יוטבתה",שטראוס גרופ,IL,יטבתה משקה חלב בננה+,מיליליטרים,250.00,"100 מ""ל",false,,5.90,2.3600,true,1,24794
7290003029433,false,"משקה יטבתה שוקו פקק 250 מ""ל מהדרין",מחלבת יטבתה,IL,יטבתה שוקו +פקק 250,מיליליטרים,250.00,"100 מ""ל",false,,5.90,2.3600,true,1,24795
7290003029532,false,מוקה בקבוק 1 ל' יוטבתה,מחלבת יטבתה,IL,יטבתה מוקה 1ל,ליטרים,1.00,ליטר,false,,12.50,12.5000,true,1,24797
7290003029815,false,חלב יוטבתה מועשר 3% בכד 2ל',מחלבת יטבתה,IL,חלב מועשר בכד2 ליטר,ליטרים,2.00,ליטר,false,,15.90,7.9500,true,1,24800
7290003029907,false,משקה יטבתה אייס קפה 1ליטר,מחלבת יטבתה,IL,יטבתה אייס קפה 1ל,ליטרים,1.00,ליטר,false,,12.50,12.5000,true,1,24802
7290003054657,false,חרדל דיזון אקסטרה פורטה 370 גרם,מרום את קונפינו,FR,חרדל דיג'ון אקסטרא פ,גרמים,370.00,100 גרם,false,,13.10,3.5405,true,1,29212
7290003072972,false,קבנוס בתיבול שום 120 גר',טירת- צבי,IL,קבנוס בתיבול שום 120,גרמים,120.00,100 גרם,false,,11.90,9.9167,true,1,299873
7290003107216,false,קמח 1 קג שימורי איכ,טחנות קמח דגן 2006,IL,"קמח לבן דגן 1 ק""ג",קילוגרמים,1.00,"ק""ג",false,,6.90,6.9000,true,1,121441
7290003107223,false,"סולת חיטה דגן 1 ק""ג",טחנות קמח דגן 2006,IL,"סולת חיטה דגן 1 ק""ג",קילוגרמים,1.00,"ק""ג",false,,6.90,6.9000,true,1,118574
7290003107247,false,שטיבל שמרים יבשים 33 גרם,,,שטיבל שמרים יבשים 33,גרמים,33.00,100 גרם,false,,5.90,17.8788,true,1,10009
7290003107315,false,"סולת דגן 1 ק""ג",,,"סולת דגן 1 ק""ג",קילוגרמים,1.00,"ק""ג",false,,4.90,4.9000,true,1,10010
7290003126712,false,יוגורט עיזים בגביע 3% צוריאל 150 ג',מחלבת משק צוריאל,IL,צוריאל יוגורט עיזים,מיליליטרים,150.00,"100 מ""ל",false,,6.90,4.6000,true,1,7151
7290003126958,false,טופו גבינה גוש בואקום צוריאל 300 ג',א.י.ן תעשיות מזון בע,IL,צוריאל גבינה גוש טופ,גרמים,300.00,100 גרם,false,,13.90,4.6333,true,1,7152
7290003133123,false,לחם זהב עגול אוקראיני 750 ג',מאפיית דוידוביץ ובני,IL,לחם אוקראיני מיוחד ע,גרמים,750.00,100 גרם,false,,14.90,1.9867,true,1,509087
7290003141159,false,מרשמלו יוגטה 180 גרם,סאדאט,IL,יוגטה מרשמלו 180 גר',גרמים,180.00,100 גרם,false,,8.90,4.9444,true,1,13871
7290003142422,false,קליית גת גרעינים שחורים ללא מלח 180ג,ג'י אנד ג'י,IL,גרעיני חמניה ללא מלח,גרמים,180.00,100 גרם,false,,6.90,3.8333,true,1,13877
7290003143276,false,יוגטה מרשמלו מגולגל 180גר,מוטקה החולב,TR,יוגטה מרשמלו מגולגל,גרמים,180.00,100 גרם,false,,8.90,4.9444,true,1,13896
7290003187843,false,טחון עגל 100% בשר 50,טיבון ויל אחזקות בעמ,IL,טחון עגל 100% בשר 50,גרמים,500.00,100 גרם,false,,29.90,5.9800,true,1,18471
7290003208586,false,וורמוט מרטיני ביאנקו,מרטיני ורוסי,IT,מרטיני ביאנקו 750 מל,מיליליטרים,750.00,"100 מ""ל",false,,46.90,6.2533,true,1,14303
7290003220533,false,"רוטב צ'ילי מתוק ווק 700 מ""ל",THAI COCONUT CO,,רוטב צ'ילי מתוק 700,מיליליטרים,700.00,"100 מ""ל",false,,11.90,1.7000,true,1,48413
7290003220595,false,אורז לסושי WOK שקית,"מיה תעשיות מזון בע""מ",IL,אורז לסושי 1 ק'ג WOK,קילוגרמים,1.00,"ק""ג",false,,14.40,14.4000,true,1,385539
7290003220717,false,אצות נורי סילבר 10 ג' WOK,JAEWON GLOBAL NET,,אצות נורי סילוור 10,גרמים,22.00,100 גרם,false,,12.90,58.6364,true,1,385544
7290003220830,false,ווק חומץ אורז יסמין,דיאמונד פריזרוד פודס,TH,חומץ אורז לסושי 500,מיליליטרים,500.00,"100 מ""ל",false,,18.70,3.7400,true,1,385548
7290003229109,false,פסטרמה בפפריקה טירת צבי 400 ג',הנסיך- מפעל לייצור ט,IL,א.מ .פסטרמה בפפריקה,גרמים,400.00,100 גרם,false,,30.90,7.7250,true,1,26764
7290003229123,false,פסטרמה על גחלים טירת צבי 400 ג',הנסיך- מפעל לייצור ט,IL,א.מ. פסטרמה על גחלים,גרמים,400.00,100 גרם,false,,30.90,7.7250,true,1,26766
7290003229147,false,נקניק סלמי איטלקי טירת צבי 300 ג',הנסיך- מפעל לייצור ט,IL,סלמי בסגנון איטלקי 3,גרמים,300.00,100 גרם,false,,33.90,11.3000,true,1,26767
7290003229154,false,סלמי קוניאק מובחר טירת צבי 300 ג',הנסיך- מפעל לייצור ט,IL,א.מ. סלמי קוניאק מוב,גרמים,300.00,100 גרם,false,,28.90,9.6333,true,1,26768
7290003229192,false,כתף בקר מעושן טירת צבי 400 ג' צבי,טיב טירת צבי 2000,IL,א.מ. כתף בקר מעושן 4,גרמים,400.00,100 גרם,false,,33.00,8.2500,true,1,26770
7290003229215,false,פסטרמה איטלקית טירת צבי 360 ג',טירת- צבי,IL,פסטרמה איטלקית 360 ג,גרמים,360.00,100 גרם,false,,34.90,9.6944,true,1,114676
7290003251308,false,"אציטון משובח 100 מ""",שוורץ,,"אציטון משובח 100 מ""",מיליליטרים,100.00,"100 מ""ל",false,,4.90,4.9000,true,1,23242
7290003268252,false,לחם חיטה מלא לילדים 750 ג' דגנית עין בר,יוניליוור גרמניה Gm,IL,לחם חיטה מלא ללא גרע,גרמים,750.00,100 גרם,false,,14.90,1.9867,true,1,5109
7290003268429,false,לחם ירוק מקמח מלא 750 ג' דגנית עין בר,מולינו ניקולי s.p.a,IL,לחם מקמח מלא דגנית 7,גרמים,750.00,100 גרם,false,,15.90,2.1200,true,1,5110
7290003318100,false,וופל בטעם שוקולד מנעמים 200 ג',מנעמים תעשיות מזון,IL,ופל שוקו מנעמים 200,גרמים,200.00,100 גרם,false,,4.90,2.4500,true,1,26087
7290003318131,false,ופל קלאסיק אגוז 200 גרם מנעמים,מנעמים תעשיות מזון,IL,ופל אגוז מנעמים 200,גרמים,200.00,100 גרם,false,,4.90,2.4500,true,1,120741
7290003318155,false,וופל טעם לימון מנעמים 200 ג',מנעמים תעשיות מזון,IL,ופל לימון מנעמים 200,גרמים,250.00,100 גרם,false,,4.90,1.9600,true,1,26089
7290003318599,false,וופל וניל 200 גרם מנעמים,מנעמים תעשיות מזון,IL,ופל וניל מנעמים 200,גרמים,200.00,100 גרם,false,,4.90,2.4500,true,1,120743
7290003321155,false,יוגורט בר עם פקאן מצופה שוקולד 183 ג' דנונה,"שטראוס בריאות בע""מ",IL,דנונה קראנצ' ששבי פק,מיליליטרים,183.00,"100 מ""ל",false,,4.90,2.6776,true,1,24803
7290003321292,false,גבינה לבנה 9% שומן 250 ג' שטראוס,מיוצר עי קונדיטוריית,IL,גבינה 9% סקי 250 גרם,גרמים,250.00,100 גרם,false,,4.80,1.9200,true,1,24804
7290003332014,false,קפה נחלה אדום עם הל,קפה נחלה,IL,קפה נחלה סובחי 500 ג,גרמים,500.00,100 גרם,false,,29.30,5.8600,true,1,37087
7290003332045,false,קפה נחלה אדום ללא הל 250ג',קפה אל נחלה,,קפה נחלה סובחי 250 ג,גרמים,250.00,100 גרם,false,,15.50,6.2000,true,1,37089
7290003427154,false,"שמן זית כתית מעולה זיתא 750 מ""ל",זיתא – י.ט.ב תעשיות,IL,שמן זית כתית מעולה ז,מיליליטרים,750.00,"100 מ""ל",false,,40.90,5.4533,true,1,26092
7290003438006,false,ממרח אולביה פסטו וצנובר איטלקי 190ג',מיוצר עי קונדיטוריית,IL,אוליביה ממרח פסטו אי,גרמים,180.00,100 גרם,false,,14.50,8.0556,true,1,4006
7290003438020,false,ממרח עגבניות מיובשות 190 ג' אוליביה,מיוצר עי קונדיטוריית,IL,אוליביה ממרח עגבניות,גרמים,190.00,100 גרם,false,,14.50,7.6316,true,1,4008
7290003450602,false,חרדל אמיתי צהוב בקבוק לחיץ 255 גר,היינץ צפון אמריקה -,US,חרדל אמיתי צהוב בקבו,גרמים,255.00,100 גרם,false,,11.90,4.6667,true,1,29216
7290003525904,false,סלט טונה פיקנטי שלישיה * 160 ג',,,סלט טונה פיקנטי וילי,גרמים,480.00,100 גרם,false,,17.90,3.7292,true,1,18485
7290003578108,false,אננס חתיכות ויליפוד 850 ג',טקרנג פינאפל אינדסטר,TH,אננס חתוך ויליפוד 85,גרמים,490.00,100 גרם,false,,9.90,2.0204,true,1,3546
7290003578177,false,תירס גמדי שלם ויליפוד 410 ג',מגסטיק פוד אידסטרי ק,TH,תירס גמדי שלם ויליפו,גרמים,210.00,100 גרם,false,,7.90,3.7619,true,1,3548
7290003643004,false,"אורז בסמטי קלאסי 1 ק""ג סוגת",האי נאם סי או אל.טי.,IL,"סוגת אורז בסמטי 1 ק""",קילוגרמים,1.00,"ק""ג",false,,14.90,14.9000,true,1,19403
7290003643387,false,"סוכר לבן בצנצנת 1 ק""ג סוגת",האי נאם סי או אל.טי.,IL,סוכר לבן בצנצנת סוגת,קילוגרמים,1.00,"ק""ג",false,,10.90,10.9000,true,1,19414
7290003643646,false,"סוכר דמררה קלאסי בצנצנת סוגת 1 ק""ג",האי נאם סי או אל.טי.,IL,סוכר דמררה בצנצנת חו,קילוגרמים,1.00,"ק""ג",false,,14.50,14.5000,true,1,19415
7290003643684,false,אפונה יבשה סוגת 500 גר',האי נאם סי או אל.טי.,IL,אפונה יבשה 500 גרם,גרמים,500.00,100 גרם,false,,7.90,1.5800,true,1,19416
7290003643714,false,חומוס סוגת 500 גרם,האי נאם סי או אל.טי.,IL,חומוס 500 גרם,גרמים,500.00,100 גרם,false,,8.90,1.7800,true,1,19418
7290003643738,false,סוגת חיטה 500 גרם,האי נאם סי או אל.טי.,IL,סוגת חיטה 500 גר,גרמים,500.00,100 גרם,false,,5.90,1.1800,true,1,19419
7290003643752,false,עדשים ירוקים יבש סוגת 500 גר',האי נאם סי או אל.טי.,IL,עדשים ירוקות 500 גרם,גרמים,500.00,100 גרם,false,,9.90,1.9800,true,1,19421
7290003643769,false,עדשים אדומים יבש סוגת 500 גר',"סוגת תעשיות בע""מ",IL,עדשים אדומות 500 גרם,גרמים,500.00,100 גרם,false,,9.90,1.9800,true,1,19422
7290003643776,false,"פופקורן גרעינים סוגת 500 ג' כשל""פ",האי נאם סי או אל.טי.,IL,סוגת פופקורן 500 גרם,גרמים,500.00,100 גרם,false,,5.90,1.1800,true,1,19423
7290003643783,false,קוקוס סוגת 100 גרם,האי נאם סי או אל.טי.,IL,קוקוס 100 גר,גרמים,100.00,100 גרם,false,,3.90,3.9000,true,1,19424
7290003643806,false,שעועית לבנה יבשה סוגת 500 ג',האי נאם סי או אל.טי.,IL,שעועית לבנה 500 גרם,גרמים,500.00,100 גרם,false,,11.90,2.3800,true,1,19425
7290003681365,false,סוכריות קישוט לעוגה צבעוני 70 גר' מיה,מיה תעשיות מזון,IL,70 סוכריות קישוט לעו,גרמים,70.00,100 גרם,false,,5.90,8.4286,true,1,52481
7290003681716,false,גריסי פנינה מיה 500 גר',מיה,IL,גריסי פנינה 500 גרם,גרמים,500.00,100 גרם,false,,6.40,1.2800,true,1,52488
7290003706167,false,בצל ירוק ארוז,,,בצל ירוק ארוז,יח',1.00,יח',false,,5.90,5.9000,true,1,78431
7290003718627,false,"פול ירוק 400 ג' בית יוסף כשל""פ",,,פול ירוק בלדי 400 גר,גרמים,400.00,100 גרם,false,,12.90,3.2250,true,1,483616
7290003726868,false,טופו חומוס בתוספת עגבניות מיובשות 300 ג' משק ויילר,משק וואיילר,IL,טופו חומוס עם עגבניו,גרמים,300.00,100 גרם,false,,13.90,4.6333,true,1,408731
7290003779499,false,גינגר ארוז 200 גרם,"מרינה פטריות הגליל בע""מ",IL,ג`ינג`ר יח` 200 גרם,יח',1.00,יח',false,,9.90,9.9000,true,1,75361
7290003804252,false,תיבולית בנוסח הודי 72 ג' קנור,יוניליוור ישראל מזון,IL,תיבולית בנוסח הודי ק,גרמים,72.00,100 גרם,false,,10.90,15.1389,true,1,11357
7290003807178,false,"רוטב סויה בסגנון סיני 300 מ""ל קנור",אתר חיפה 778,IL,רוטב סויה בסגנון סינ,מיליליטרים,300.00,"100 מ""ל",false,,13.90,4.6333,true,1,11415
7290003864485,false,סרדינים ברוטב עגבנ יות ויליפוד 110ג' פתח קל,גולדן פרייז קאנינג א,TH,סרדינים ברוטב עגבניו,גרמים,120.00,100 גרם,false,,6.50,5.4167,true,1,3562
7290003882922,false,עלי גפן ממולאים באורז ויליפוד 400ג',הזה פלאקספו פוד קו ב,CN,עלי גפן ממולאים באור,גרמים,360.00,100 גרם,false,,9.90,2.7500,true,1,3568
7290003976607,false,גל אקונומיקה סמיכה לבנדר טאצ' לבנדר 4 ל',סאסאטק,IL,ג'ל אקונומיקה סמיכה,ליטרים,4.00,ליטר,false,,13.90,3.4750,true,1,261884
7290003989096,false,סלט חציל פיקנטי אחלה,מיוצר עי קונדיטוריית,IL,אחלה חציל פיקנטי 500,גרמים,500.00,100 גרם,false,,15.90,3.1800,true,1,24805
7290003989539,false,לורנצו רביולי במילוי גבינה,מיוצר עי קונדיטוריית,IL,EAT GOOD רביולי גבינ,גרמים,400.00,100 גרם,false,,21.70,5.4250,true,1,24806
7290003989553,false,"פסטה טורטליני פטריות, 400 גרם",מיוצר עי קונדיטוריית,IL,שטראוס טורטליני פטרי,גרמים,400.00,100 גרם,false,,21.70,5.4250,true,1,69036
7290004011284,false,ריצ בסיס להכנת קצפת 25% 212מל,ריצ' פרודקטס קורפריי,IL,ריצ בסיס להכנת קצפת,מיליליטרים,212.00,"100 מ""ל",false,,9.30,4.3868,true,1,114649
7290004011338,false,"קצפת מתוקה מכונה 250 מ""ל ריץ'",האי נאם סי או אל.טי.,IT,ריצ קצפת במיכל 250מל,מיליליטרים,250.00,"100 מ""ל",false,,12.90,5.1600,true,1,18510
7290004030216,false,פריניב נקטר חמוציות 1ליטר,פריניב בעמ,IL,פריניב נקטר חמוציות,ליטרים,1.00,ליטר,false,,14.70,14.7000,true,1,42654
7290004043108,false,אמ&אמס אריזה בינונית,מרס,,M&M עדשי שוקולד 89 ג,גרמים,89.00,100 גרם,false,,7.50,8.4270,true,1,97834
7290004063016,false,מלח שולחן מעולה דק 1,האי נאם סי או אל.טי.,IL,"מלח שולחן סלית 1 ק""ג",קילוגרמים,1.00,"ק""ג",false,,2.07,2.0700,true,1,16299
7290004063115,false,"מלח מטבח עבה להמלחת בשר ובישול 1 ק""ג 1ק""ג",האי נאם סי או אל.טי.,IL,מלח מטבח גס לבישול כ,קילוגרמים,1.00,"ק""ג",false,,2.07,2.0700,true,1,16300
7290004064099,false,מטחנה מלח מהרי ההימלאיה 250 גרם,חברת מלח הארץ אילת ב,IL,מטחנה מלח מהרי ההימל,גרמים,250.00,100 גרם,false,,17.90,7.1600,true,1,26110
7290004064334,false,מלח פלוס שום מלחייה 175 ג' מלח הארץ,,,מלח פלוס שום מלחייה,גרמים,175.00,100 גרם,false,,11.00,6.2857,true,1,333580
7290004068035,false,"איירן יוגורט לשתייה 3% גד 500 מ""ל","מיוצר ע""י קוד יצרן M",IL,גד משקה איירן בסגנון,גרמים,500.00,100 גרם,false,,9.90,1.9800,true,1,15400
7290004119133,false,כד יוגורט תנובה 6.5% שומן 1.5 ליטר,מיוצר עי קונדיטוריית,IL,יוגורט כדים תנובה 7%,ליטרים,1.50,ליטר,false,,18.70,12.4667,true,1,27419
7290004119225,false,יוגורט אננס 3% שומן 150 ג' יופלה,תנובה מרכז שיתופי לש,IL,יופלה אננס 3% 150מל,גרמים,150.00,100 גרם,false,,5.70,3.8000,true,1,27420
7290004119928,false,מעדן וניל גביע 1.5% שומן 125 ג' קרלו,מחלבת אלון תבור,IL,קרלו וניל 3% 125מל,מיליליטרים,125.00,"100 מ""ל",false,,3.50,2.8000,true,1,27425
7290004120061,false,קרלו שוקולד וניל 125,תנובה מרכז שיתופי לש,IL,קרלו שוניל 3% 125מל,מיליליטרים,125.00,"100 מ""ל",false,,3.50,2.8000,true,1,27427
7290004120108,false,יופלה דיאט יוגורט דובדבן %0 גביע 150ג',תנובה מרכז שיתופי לש,IL,יופלה דיאט דובדבן 0%,מיליליטרים,150.00,"100 מ""ל",false,,5.60,3.7333,true,1,27430
7290004120566,false,גבינה בולגרית 24% 250 ג' פיראוס,קריות זול,IL,פיראוס בולגרית 24% 2,גרמים,250.00,100 גרם,false,,26.90,10.7600,true,1,27448
7290004120573,false,גבינה בולגרית %16 250 ג' פיראוס,תנובה מרכז שיתופי לש,IL,פיראוס בולגרית בקר 1,גרמים,250.00,100 גרם,false,,26.90,10.7600,true,1,27449
7290004121488,false,יופלה דיאט אפרסק 0% גביע 150 ג',תנובה מרכז שיתופי לש,IL,יופלה דיאט אפרסק 0%,מיליליטרים,150.00,"100 מ""ל",false,,5.60,3.7333,true,1,27457
7290004121525,false,יופלה מאגדת פרי 4 תות 4 אפרסק 3% 8 יח'*150 ג',תנובה מרכז שיתופי לש,IL,יופלה אפרסק תות 3% 8,קילוגרמים,1.20,"ק""ג",false,,34.90,29.0833,true,1,27458
7290004121853,false,גבינה בולגרית בקוביות %5 200 ג' פיראוס,תנובה מרכז שיתופי לש,IL,פיראוס בולגרית בקובי,גרמים,200.00,100 גרם,false,,22.90,11.4500,true,1,27464
7290004122119,false,פתיתי פרמזן לפסטה %23 100 ג' השף הלבן,פ.פ.ח. שאביט,IL,שף לבן פתיתי פרמזן ל,גרמים,100.00,100 גרם,false,,13.90,13.9000,true,1,27468
7290004122683,false,חטיף גבינת אצבעות 28% 172 ג' עמק,תנובה מרכז שיתופי לש,IL,עמק אצבעות 172ג,גרמים,172.00,100 גרם,false,,17.90,10.4070,true,1,27477
7290004124205,false,יוגורט דיאט תות %0 שומן 150 ג' יופלה,תנובה מרכז שיתופי לש,IL,יופלה דיאט תות 0% 15,מיליליטרים,150.00,"100 מ""ל",false,,5.60,3.7333,true,1,27492
7290004124847,false,"קצפת צמחית השף הלבן 500 מ""ל תנובה",תנובה מרכז שיתופי לש,IL,שף לבן קצפת צמחית 24,מיליליטרים,500.00,"100 מ""ל",false,,18.50,3.7000,true,1,27499
7290004125370,false,שמנת חמוצה מופחתת שומן 9%,תנובה מרכז שיתופי לש,IL,תנובה שמנת מופחתת 9%,מיליליטרים,200.00,"100 מ""ל",false,,4.10,2.0500,true,1,27503
7290004125400,false,"שלי אשל 4.5% תנובה 200מ""ל מהדרין",פארייפאבה אגרואינדוס,IL,"אשל 4.5% בד""צ מהדרין",מיליליטרים,200.00,"100 מ""ל",false,,1.69,0.8450,true,1,27504
7290004125417,false,"שלי גיל 3% תנובה 200מ""ל מהדרין",תנובה מרכז שיתופי לש,IL,"גיל 3% בד""צ מהדרין",מיליליטרים,200.00,"100 מ""ל",false,,1.51,0.7550,true,1,27505
7290004125455,false,**תנובה שמנת אורגינל מהדרין 15% 200מל,תנובה מרכז שיתופי לש,IL,תנובה שמנת אורגינל מ,מיליליטרים,200.00,"100 מ""ל",false,,2.40,1.2000,true,1,27506
7290004125462,false,"שמנת אורגינל 15% מהדרין 500 מ""ל",תנובה מרכז שיתופי לש,IL,תנובה שמנת חמוצה 15%,מיליליטרים,500.00,"100 מ""ל",false,,6.00,1.2000,true,1,27507
7290004125509,false,"שמנת 15% חצי מנה 100 מ""ל תנובה",תנובה מרכז שיתופי לש,IL,תנובה שמנת חצי מנה 1,מיליליטרים,100.00,"100 מ""ל",false,,1.80,1.8000,true,1,27508
7290004125585,false,משקה סויה וניל תנובה E אלטרנטיב,תנובה מרכז שיתופי לש,IL,סויה תנובה משקה סויה,ליטרים,1.00,ליטר,false,,12.50,12.5000,true,1,27510
7290004125721,false,"שמנת לבישול 15% שומן 250 מ""ל תנובה",תנובה מרכז שיתופי לש,IL,שף לבן שמנת לבישול 1,מיליליטרים,250.00,"100 מ""ל",false,,8.90,3.5600,true,1,27513
7290004125776,false,גבינה צהובה 28% שומן 400 ג' עמק,קריות זול,IL,עמק גבינה קשה פרוסה,גרמים,400.00,100 גרם,false,,31.90,7.9750,true,1,27517
7290004126872,false,משקאות חלב תנובה שוקו בקבוק 250מל,קריות זול,IL,משקאות חלב תנובה שוק,מיליליטרים,250.00,"100 מ""ל",false,,5.90,2.3600,true,1,27527
7290004127077,false,קוטג' 3% שומן 250 ג' תנובה,מיוצר עי קונדיטוריית,IL,קוטג תנובה 3% 250 ג,גרמים,250.00,100 גרם,false,,5.70,2.2800,true,1,27528
7290004127329,false,קוטג' 5% תנובה 250ג' מהדרין,מיוצר עי קונדיטוריית,IL,קוטג' 5% תנובה מהדרי,גרמים,250.00,100 גרם,false,,5.70,2.2800,true,1,27530
7290004127336,false,קוטג' 9% תנובה 250 ג' הדרין,מיוצר עי קונדיטוריית,IL,קוטג' תנובה מהדרין 9,גרמים,250.00,100 גרם,false,,5.70,2.2800,true,1,27531
7290004127800,false,גבינה לבנה 5% שומן 500 ג' תנובה,מיוצר עי קונדיטוריית,IL,תנובה גבינה לבנה 5%,גרמים,500.00,100 גרם,false,,9.96,1.9920,true,1,27535
7290004127817,false,גבינה לבנה 9% שומן 500 ג' תנובה,מיוצר עי קונדיטוריית,IL,תנובה גבינה לבנה 9%,גרמים,500.00,100 גרם,false,,9.50,1.9000,true,1,27536
7290004128333,false,לאבנה על בסיס יוגורט %9 שומן 500 ג' פיראוס,קריות זול,IL,פיראוס לאבנה גביע %9,גרמים,500.00,100 גרם,false,,21.90,4.3800,true,1,27547
7290004128432,false,פתיתים מיוחדים לפיצה על בסיס גבינה 500 ג',תנובה,IL,שף לבן פתיתי גבינה מ,גרמים,500.00,100 גרם,false,,22.50,4.5000,true,1,27550
7290004129101,false,גבינת שמנת 25% בטעם טבעי 225 ג' נפוליאון,תנובה מרכז שיתופי לש,IL,נפוליאון בטעם טבעי 2,גרמים,225.00,100 גרם,false,,15.90,7.0667,true,1,27553
7290004129118,false,גבינת שמנת 24% עם זיתים ירוקים 225 ג' נפוליאון,תנובה מרכז שיתופי לש,IL,נפוליאון בטעם זיתים,גרמים,225.00,100 גרם,false,,15.90,7.0667,true,1,27554
7290004129156,false,גבינת שמנת25% עם שום שמיר 225 ג' נפוליאון,תנובה מרכז שיתופי לש,IL,נפוליאון שום שמיר 25,גרמים,225.00,100 גרם,false,,15.90,7.0667,true,1,27555
7290004129736,false,יוגורט במתיקות מעודנת 1.5% שומן 200 ג' יופלה,תנובה מרכז שיתופי לש,IL,יופלה קרם יוגרט מעוד,מיליליטרים,200.00,"100 מ""ל",false,,4.90,2.4500,true,1,27558
7290004130794,false,משקה סויה טבעי במתיקות מופחתת 1 ליטר,תנובה מרכז שיתופי לש,IL,סויה תנובה טבעי במתי,ליטרים,1.00,ליטר,false,,12.50,12.5000,true,1,27566
7290004130916,false,יוגורט 3% פירות יער בשמנת 150 ג' יופלה,תנובה מרכז שיתופי לש,IL,יופלה בטעם פירות יער,גרמים,150.00,100 גרם,false,,5.70,3.8000,true,1,27568
7290004131074,false,**חלב תנובה טרי מהדרין קרטון 3% 1ל,תנובה מרכז שיתופי לש,IL,חלב תנובה הומוגני מה,ליטרים,1.00,ליטר,false,,6.23,6.2300,true,1,27573
7290004131814,false,גבינה צפתית 5% מעודנת 200 ג' פיראוס,פארייפאבה אגרואינדוס,IL,פיראוס צפתית מעודנת,גרמים,200.00,100 גרם,false,,16.90,8.4500,true,1,27591
7290004132552,false,משקה סויה לייט בטעם טבעי טרי 1 ליטר,תנובה מרכז שיתופי לש,IL,סויה תנובה לייט בטעם,ליטרים,1.00,ליטר,false,,12.50,12.5000,true,1,27600
7290004135225,false,מעדן תנובה דיאט שוקולדה 0% 150מל,תנובה מרכז שיתופי לש,IL,מעדן תנובה דיאט שוקו,מיליליטרים,150.00,"100 מ""ל",false,,4.50,3.0000,true,1,27643
7290004136598,false,מארז הפסקת אוכל עם קורנפלקס ומשקה חלב עמיד בטעם וניל,פארייפאבה אגרואינדוס,IL,מארז הפסקת אוכל חלב,גרמים,150.00,100 גרם,false,,10.30,6.8667,true,1,27667
7290004136857,false,מעדן גלי בטעם פטל 12,תנובה מרכז שיתופי לש,IL,ג'לי תנובה פטל 125מל,מיליליטרים,125.00,"100 מ""ל",false,,2.90,2.3200,true,1,27669
7290004136864,false,ג'לי תנובה אננס עם חתיכות אננס 125מל,קריות זול,IL,ג'לי תנובה אננס עם ח,מיליליטרים,125.00,"100 מ""ל",false,,2.90,2.3200,true,1,27670
7290004136871,false,ג'לי תנובה אפרסק עם חתיכות אפרסק 125מל,תנובה מרכז שיתופי לש,IL,ג'לי תנובה אפרסק עם,מיליליטרים,125.00,"100 מ""ל",false,,2.90,2.3200,true,1,27671
7290004137021,false,"שמנת לבישול 10% עמיד השף הלבן 250 מ""ל",תנובה מרכז שיתופי לש,IL,שף לבן שמנת לבישול 1,מיליליטרים,250.00,"100 מ""ל",false,,8.90,3.5600,true,1,27673
7290004137311,false,עמק לייט משפחתית 9% 400ג-ועדת מהדרין,תנובה,IL,עמק לייט משפחתית 9%,גרמים,400.00,100 גרם,false,,32.90,8.2250,true,1,27676
7290004230081,false,קציצות עוף ברוטב עגבניות 800 ג' שגב,קרלו,IL,שגב קציצות עוף ברוטב,גרמים,800.00,100 גרם,false,,32.90,4.1125,true,1,18540
7290004323882,false,טחון הודו אדום 500 ג,,,טחון הודו אדום 500 ג,גרמים,500.00,100 גרם,false,,13.90,2.7800,true,1,18577
7290004324858,false,קבב כבש500 גר טי,"טיבון ויל אחזקות בע""",IL,קבב כבש 500 גרם,גרמים,500.00,100 גרם,false,,23.90,4.7800,true,1,18580
7290004584306,false,רבעיית גמדים בטעם תות בננה * 100 ג' שטראוס,מיוצר עי קונדיטוריית,IL,גמדים תות בננה 4*100,מיליליטרים,400.00,"100 מ""ל",false,,11.90,2.9750,true,1,24808
7290004584351,false,גבינה במרקם שמנת 5% טבעי 200 ג' סימפוניה,"שטראוס בריאות בע""מ",IL,סימפוניה חמישית 200ג,גרמים,200.00,100 גרם,false,,12.90,6.4500,true,1,24809
7290004584528,false,דנונה ביו יוגורט טבעי 1.5% 200 ג',מיוצר עי קונדיטוריית,IL,דנונה יוגורט טבעי 1.,מיליליטרים,200.00,"100 מ""ל",false,,3.90,1.9500,true,1,24810
7290004585907,false,דני ועדן וניל 1.5% 125ג' שטראוס,מיוצר עי קונדיטוריית,IL,דני וניל מהדרין 130מ,מיליליטרים,130.00,"100 מ""ל",false,,2.90,2.2308,true,1,24811
7290004639006,false,קוסקוס טוניסאי קפוא,,,קוסקוס ביתי קפוא,גרמים,800.00,100 גרם,false,,16.80,2.1000,true,1,119092
7290004658946,false,יין פרייבט קולקשן שר,"כד בני דרום בע""מ",IL,יין P.C שרדונה לבן,מיליליטרים,750.00,"100 מ""ל",false,,44.90,5.9867,true,1,491
7290004731083,false,כיף - סבון ידיים ג'ינסנג 1 ליטר,טרופיקל דגיל תעשיות,IL,אלסבון ג'נסנג כיף 1,ליטרים,1.00,ליטר,false,,14.90,14.9000,true,1,32046
7290004731670,false,"סנו דואופרש פצ'ולי לבנדר 300 מ""ל","סנו מפעלי ברונוס בע""",IL,דואופרש פצ'ולי לבנדר,מיליליטרים,300.00,"100 מ""ל",false,,12.90,4.3000,true,1,32058
7290004762056,false,שקדי מרק חטיפים מן ה,,,שקדי מרק חטיפים מן ה,גרמים,400.00,100 גרם,false,,11.90,2.9750,true,1,489558
7290004829070,false,"מגב המלניום 40 ס""מ מליניום",,,מגב פטנט,יחידה,0.00,יחידה,false,,10.50,0.0000,true,1,14446
7290005174513,false,חציל במיונז 500 ג' אחלה,מיוצר עי קונדיטוריית,IL,חציל במיונז אחלה 500,גרמים,500.00,100 גרם,false,,16.90,3.3800,true,1,24812
7290005174568,false,חציל אחלה במיונז 125 גר',"שטראוס גרופ בע""מ",IL,אחלה חציל במיונז 125,גרמים,125.00,100 גרם,false,,5.90,4.7200,true,1,24814
7290005174575,false,טחינה אחלה יום יום משובחת 125ג',מיוצר עי קונדיטוריית,IL,אחלה טחינה 125גר,גרמים,125.00,100 גרם,false,,5.90,4.7200,true,1,24815
7290005197758,false,עוגיות חיוכים שוקו שוקו 150ג',אפיפית נצרת תעשיות ב,IL,חיוכים של שוקו,גרמים,150.00,100 גרם,false,,6.50,4.3333,true,1,68944
7290005199738,false,גומי מאסט בטעם פפרמינט ריח פה נעים פליפטופ 28 ג' עלית,"שטראוס גרופ בע""מ",IL,מאסט ריח פה נעים 28ג,גרמים,28.00,100 גרם,false,,4.90,17.5000,true,1,24109
7290005200786,false,תפוצ'יפס שמנת ובצל 50 גרם,"שטראוס פריטו ליי בע""",IL,תפוציפס שמנת ובצל 50,גרמים,50.00,100 גרם,false,,4.50,9.0000,true,1,25353
7290005201882,false,קפה טורקי קלוי וטחון,הנסיך- מפעל לייצור ט,IL,טורקי עלית 200 גר',גרמים,200.00,100 גרם,false,,17.90,8.9500,true,1,24113
7290005287206,false,טונה בשמן סטארקיסט 4*160 ג',"סטארקיסט פודור בע""מ",,טונה בשמן סטארקיסט ר,גרמים,640.00,100 גרם,false,,25.90,4.0469,true,1,28445
7290005287251,false,טונה במים סטארקיסט 4*160 ג',"איטיליאן פוד, אס.פי.",,טונה במים סטארקיסט ר,גרמים,640.00,100 גרם,false,,25.90,4.0469,true,1,28448
7290005403989,false,במיה קפואה 600 גרם ש,,,במיה קפואה 600 גרם ש,גרמים,600.00,100 גרם,false,,13.90,2.3167,true,1,110489
7290005423253,false,"סנו - מקסימה מרסס למייבש כביסה אולטרה פרש 750 מ""ל","סנו מפעלי ברונוס בע""",IL,סנו מקסימה למייבש או,מיליליטרים,750.00,"100 מ""ל",false,,19.90,2.6533,true,1,32077
7290005423734,false,סנו - מקסימה מרכך כביסה אולטרה פרש 4 ליטר,"סנו מפעלי ברונוס בע""",IL,מרכך כביסה סנו מקסימ,ליטרים,4.00,ליטר,false,,23.90,5.9750,true,1,32088
7290005424403,false,"אל סבון כיף אצות ים קטיפתי 1ליטר,",טרופיקל דגיל תעשיות,IL,אל סבון אצות ים כיף,ליטרים,1.00,ליטר,false,,14.90,14.9000,true,1,32097
7290005424700,false,סנו - פורטה פלוס מרסס מסיר שומנים 1 ליטר,סנו,IL,פורטה פלוס - קצף ברי,מיליליטרים,1.00,"100 מ""ל",false,,19.90,1990.0000,true,1,126730
7290005425646,false,סנו קליר ספריי אקדח לניקוי והברקת חלונות 1ל',"סנו מפעלי ברונוס בע""",IL,סנוקליר נוזל רב תכלי,יחידה,0.00,יחידה,false,,12.90,0.0000,true,1,32121
7290005426964,false,סנובון לאסלה לובר מוצק נתלה 55X3ג',קריות זול,IL,סנובון כחול שלישיה ב,גרמים,165.00,100 גרם,false,,18.90,11.4545,true,1,32147
7290005427633,false,"כיף גל לשיער לשיער חזק במיוחד 1 ק""ג",קוסמופארם,IL,ג'ל לשיער לשיער חזק,קילוגרמים,1.00,"ק""ג",false,,27.90,27.9000,true,1,32166
7290005431883,false,קינוח מלבי חלבי עדן,עדן קינוחים Eden,IL,עדן מלבי חלבי 165 גר,גרמים,165.00,100 גרם,false,,8.20,4.9697,true,1,211909
7290005559587,false,מאפה נקניקיה בבצק מעדנות 800ג',מיוצר עי קונדיטוריית,IL,מאפה נקניקיות 800גר,גרמים,800.00,100 גרם,false,,32.90,4.1125,true,1,38992
7290005559709,false,בורקס פיצה מעדנות 700 ג',"מעדנות בע""מ",IL,בורקס פיצה 700 גרם,גרמים,700.00,100 גרם,false,,29.90,4.2714,true,1,38994
7290005559907,false,פיצה משפחתית גבינה 500 ג' מעדנות,מיוצר עי קונדיטוריית,IL,פיצה משפחתית גבינה 5,גרמים,500.00,100 גרם,false,,24.90,4.9800,true,1,69945
7290005559914,false,פיצה משפחתית זיתים 550 ג' מעדנות,מיוצר עי קונדיטוריית,IL,פיצה משפחתית זיתים 5,גרמים,550.00,100 גרם,false,,27.70,5.0364,true,1,69946
7290005559990,false,בצק פילאס תורכי מעדנות 600 גרם,מיוצר עי קונדיטוריית,IL,בצק פילאס תורכי מעדנ,גרמים,600.00,100 גרם,false,,28.90,4.8167,true,1,39003
7290005838002,false,מעדן גבינה ויוגורט בטעם וניל 88 ג' דניאלה,"שטראוס בריאות בע""מ",IL,דניאלה מעדן גבינה 15,מיליליטרים,150.00,"100 מ""ל",false,,4.50,3.0000,true,1,24817
7290005838613,false,שטראוס גבינת וניל 3% 125ג,"שטראוס בריאות בע""מ",IL,גבינה וניל 3% סקי 12,גרמים,125.00,100 גרם,false,,3.90,3.1200,true,1,24818
7290005839078,false,"דנונה יוגורט ביו 3% לבן מארז 150X8מ""ל",מיוצר עי קונדיטוריית,IL,דנונה ביו מארז חסכון,קילוגרמים,1.20,"ק""ג",false,,17.90,14.9167,true,1,24820
7290005839108,false,סימפוניה 5% עם זיתים 200 ג' שטראוס,"שטראוס בריאות בע""מ",IL,סימפוניה עם זיתים 5%,גרמים,200.00,100 גרם,false,,12.90,6.4500,true,1,24821
7290005839313,false,"מילקי טופ שוקולד מגולגל 170 מ""ל",מיוצר עי קונדיטוריית,IL,מילקי טופ מגולגלת 14,מיליליטרים,142.00,"100 מ""ל",false,,5.00,3.5211,true,1,24822
7290005896439,false,"בירה מכבי בקבוק חוזר 500 מ""ל","טמפו משקאות בע""מ",IL,מכבי בקבוק חוזר 500,מיליליטרים,500.00,"100 מ""ל",false,,8.50,1.7000,true,1,10194
7290005896453,false,"בירה מכבי 7.9% בקבוק חוזר 500מ""ל",טמפו משקאות בע''מ,IL,בירה מכבי 7.9 בקבוק,מיליליטרים,500.00,"100 מ""ל",false,,8.90,1.7800,true,1,118593
7290005896620,false,מים מוגז ' סאן בנדטו ' יחידה,אקווה מינרלה סאן בנד,IT,סאן בנדטו מים מינרלי,ליטרים,1.50,ליטר,false,,5.50,3.6667,true,1,10195
7290005896637,false,מים סן בנדטו בודד 1.5 ליטר,אקווה מינרלה סאן בנד,IT,סאן בנדטו 1.5 ליטר,ליטרים,1.50,ליטר,false,,4.50,3.0000,true,1,10196
7290005901348,false,קבב כבש מעדני המנגל,,,קבב כבש מעדני המנגל,גרמים,400.00,100 גרם,false,,15.90,3.9750,true,1,140521
7290005901362,false,קבב רומני מעדני המנג,,,קבב רומני מעדני המנג,גרמים,400.00,100 גרם,false,,15.90,3.9750,true,1,140523
7290005901379,false,המבורגר מעדני המנגל,,,המבורגר מעדני המנגל,גרמים,400.00,100 גרם,false,,15.90,3.9750,true,1,140524
7290005901430,false,המבורגר מסעדות טעים,,,המבורגר מסעדות טעים,גרמים,480.00,100 גרם,false,,30.90,6.4375,true,1,140530
7290005938245,false,ממרח פסטו קלאסי פרסקו 220ג' מצונן,מיוצר עי פרסקו חצבה,IL,פרסקו ממרח מצונן פסט,גרמים,220.00,100 גרם,false,,19.90,9.0455,true,1,18587
7290005966088,false,"יין הר חרמון אדום עברית 750 מ""ל",יקב רמת הגולן,IL,יקבי רמת הגולן הר חר,מיליליטרים,750.00,"100 מ""ל",false,,39.90,5.3200,true,1,115504
7290005973017,false,גפרורים נור 10יחידות,סווידיש מטש,,10 קופסאות גפרורים,יחידה,0.00,יחידה,false,,3.50,0.0000,true,1,8427
7290005992018,false,יוגורט עיזים 3% שומן 500 ג' גד,"מיוצר ע""י קוד יצרן M",IL,גד יוגורט עיזים 3% 5,מיליליטרים,500.00,"100 מ""ל",false,,14.40,2.8800,true,1,15405
7290005992575,false,בולגרית למריחה 5% 250 גרם - רבנות,מחלבות גד בעמ,IL,גד בולגרית למריחה 5%,גרמים,250.00,100 גרם,false,,19.50,7.8000,true,1,15408
7290005992735,false,לאבנה טבעית 5% 250 גר' - רבנות,הנסיך- מפעל לייצור ט,IL,גד לאבנה 5% 250ג,גרמים,250.00,100 גרם,false,,13.90,5.5600,true,1,15410
7290006065049,false,בלו פיש פילה באס יפני 5-7 (לברק),,IL,פילה באס יפני 7-9 20,קילוגרמים,1.00,"ק""ג",true,,41.90,41.9000,true,1,340868
7290006065391,false,פילה דג נסיכת הנילו,,,פילה דג נסיכת הנילו,קילוגרמים,1.00,"ק""ג",true,,43.90,43.9000,true,1,340836
7290006065407,false,נתחי פילה נסיכת הני,,,נתחי פילה נסיכת הני,קילוגרמים,1.00,"ק""ג",true,,46.90,46.9000,true,1,340851
7290006065599,false,פילה בקלה מרלוזה ארג,,,פילה בקלה מרלוזה ארג,קילוגרמים,1.00,"ק""ג",true,,37.90,37.9000,true,1,340852
7290006185501,false,"פנינה רוזנבלום -אל סבון נוזלי ורוד,1 ליטר",,,אל סבון נוזלי ורוד פ,יחידה,0.00,יחידה,false,,10.90,0.0000,true,1,20446
7290006199027,false,שלגוני גלידל שמינייה,הגלידות של פלדמן,IL,גלידל מאגדת בטעם תות,גרמים,600.00,100 גרם,false,,34.90,5.8167,true,1,39652
7290006229427,false,"סאן בנדטו מים מהאלפים מארז 500X6מ""ל",קריות זול,,"סאן בנדטו 6*500 מ""ל",ליטרים,3.00,ליטר,false,,12.90,4.3000,true,1,10202
7290006251275,false,תה ויסוצקי ירוק סיני 25יח',קריות זול,IL,תה ירוק סיני,גרמים,37.50,100 גרם,false,,26.90,71.7333,true,1,26116
7290006251343,false,תה חליטה הגן הקסום פסיפלורה מנגו 25 שקיקים,קריות זול,IL,תה חליטה הגן הקסום פ,גרמים,62.50,100 גרם,false,,19.90,31.8400,true,1,26118
7290006251374,false,תה ירוק לימונית וגינגר 25 שקיקים ויסוצקי,קריות זול,IL,תה ירוק לימונית וג'י,גרמים,25.00,100 גרם,false,,26.90,107.6000,true,1,26119
7290006251589,false,תה ירוק עם עלי נענע 50 שקיקים ויסוצקי,בית ויסוצקי,IL,תה ירוק עם עלי נענע,גרמים,75.00,100 גרם,false,,49.50,66.0000,true,1,26120
7290006256102,false,יין גאטו נגרו מרלו 7,יושלם,,גאטו נגרו מרלו 750 מ,מיליליטרים,750.00,"100 מ""ל",false,,42.90,5.7200,true,1,203323
7290006271181,false,מעדנות גחנון אפוי 750 גרם,מיוצר עי קונדיטוריית,IL,מעדנות גחנון אפוי 75,גרמים,750.00,100 גרם,false,,29.70,3.9600,true,1,39005
7290006271648,false,"מיני בורקס תפו""א 800 ג' מעדנות","מעדנות בע""מ",IL,מיני בורקס תפו`א 800,גרמים,800.00,100 גרם,false,,24.90,3.1125,true,1,120692
7290006271655,false,מיני בורקס גבינה 800 ג' מעדנות,מיוצר עי קונדיטוריית,IL,מיני בורקס גבינה 800,גרמים,800.00,100 גרם,false,,27.90,3.4875,true,1,120693
7290006272072,false,חטיפי פיצה בשקית מעדנות 650ג',"מעדנות בע""מ",IL,חטיפי פיצה מעדנות 65,גרמים,650.00,100 גרם,false,,36.90,5.6769,true,1,120695
7290006322104,false,לחם ריחיים קל פרוס 500 ג',מאפיית דוידוביץ ובני,IL,לחם ריחיים מלא דוידו,גרמים,500.00,100 גרם,false,,16.90,3.3800,true,1,508990
7290006322111,false,לחמניות ריחיים שישיי,מאפיית דוידוביץ ובני,IL,6 לחמניות ריחיים מאפ,גרמים,450.00,100 גרם,false,,13.90,3.0889,true,1,509694
7290006322128,false,לחמניות קלות שישייה,מאפיית דוידוביץ ובני,IL,6 לחמניות קלות מאפיי,גרמים,450.00,100 גרם,false,,13.90,3.0889,true,1,509695
7290006322166,false,6 לחמניות רגילות לסנ,מאפיית דוידוביץ ובני,IL,6 לחמניות רגילות לסנ,גרמים,450.00,100 גרם,false,,11.90,2.6444,true,1,509899
7290006342065,false,בוטנים קלויים 200 ג ששון הקולה,,,בוטנים קלויים 200 ג,גרמים,200.00,100 גרם,false,,8.90,4.4500,true,1,5237
7290006342072,false,גרעין דלעת קלוי ששון,דין שיווק,IL,גרעין לבן 200 גרם,גרמים,200.00,100 גרם,false,,10.90,5.4500,true,1,5238
7290006374738,false,קונפיטורה תות 340 ג' יד מרדכי,אף.סי תבליני בגליל ב,IL,קונפיטורת תות יד מור,גרמים,340.00,100 גרם,false,,13.90,4.0882,true,1,24121
7290006449955,false,מלפפון בייבי מארז,"מרינה פטריות הגליל בע""מ",IL,מלפפון בייבי,יח',1.00,יח',false,,9.90,9.9000,true,1,338680
7290006492432,false,גבינת מוצרלה בייבי 18% 300 ג' גד,מחלבות גד בעמ,IL,גד בייבי מוצרלה 150ג,גרמים,170.00,100 גרם,false,,17.00,10.0000,true,1,15411
7290006492852,false,גבינת עיזים למריחה 5% שומן 250 ג' גד,קריות זול,IL,גד גבינת עיזים למריח,גרמים,250.00,100 גרם,false,,20.00,8.0000,true,1,15417
7290006511157,false,"פטריות שלמות ויליפוד 400 גרם בד""ץ",אוקצ'מפס אס.איי אויי,PL,פטריות שלמות שמפיניו,גרמים,230.00,100 גרם,false,,8.50,3.6957,true,1,3587
7290006532008,false,צ'יפס טעים טעים 1.8,,,צ'יפס טעים טעים 1.8,קילוגרמים,1.80,"ק""ג",false,,24.90,13.8333,true,1,183677
7290006567048,false,קוסקוס ישראלי מפתול אסם 350ג',"מיוצר ע""י קוד יצרן K",IL,קוסקוס ישראלי בשקית,גרמים,350.00,100 גרם,false,,8.90,2.5429,true,1,119501
7290006653819,false,קוסקוס דק בשקית אסם,"מיוצר ע""י קוד יצרן K",IL,קוסקוס דק בשקית אסם,גרמים,350.00,100 גרם,false,,8.90,2.5429,true,1,21342
7290006660602,false,מי קוקוס אורגני גרין,בן טרה ג'וינט סטוק,PH,גרין קוקו - מי קוקוס,ליטרים,1.00,ליטר,false,,20.90,20.9000,true,1,278452
7290006664051,false,"אקטימל לבן מארז 100X14 מ""ל",מיוצר עי קונדיטוריית,IL,אקטימל טבעי 14*100מל,ליטרים,1.40,ליטר,false,,33.90,24.2143,true,1,24828
7290006664402,false,גבינה 5% שומן 750 ג' שטראוס,מיוצר עי קונדיטוריית,IL,שטראוס גבינה 5% 750ג,גרמים,750.00,100 גרם,false,,14.25,1.9000,true,1,24833
7290006664532,false,יוגורט עם תות 3% שומן 150 ג' דנונה,מיוצר עי קונדיטוריית,IL,דנונה תות 3% 150מל,גרמים,150.00,100 גרם,false,,3.90,2.6000,true,1,24834
7290006664655,false,"אקטימל לבן טבעי מארז 100X8 מ""ל",מיוצר עי קונדיטוריית,IL,אקטימל טבעי 8*100מל,מיליליטרים,800.00,"100 מ""ל",false,,22.90,2.8625,true,1,24836
7290006664693,false,יוגורט עם אפרסק 3% שומן 150 ג' דנונה,מיוצר עי קונדיטוריית,IL,דנונה אפרסק 3% 150מל,גרמים,150.00,100 גרם,false,,3.90,2.6000,true,1,24837
7290006664990,false,דנונה ביו מארז חיסכון 1.5% 8 יח' *150 ג',מיוצר עי קונדיטוריית,IL,דנונה ביו מארז חיסכו,קילוגרמים,1.20,"ק""ג",false,,17.90,14.9167,true,1,24840
7290006704511,false,"תפו""א גמדי אדום למיקרו מרינה 750ג'","מרינה פטריות הגליל בע""מ",IL,תפוא ננסי מיקרוגל,גרמים,750.00,100 גרם,false,,7.90,1.0533,true,1,55743
7290006737878,false,מארז קרטונייה סביבון/נר חנוכה,,,מארז קרטוניה סביבון.,יחידה,0.00,יחידה,false,,6.90,0.0000,true,1,14207
7290006739346,false,נקניקיות פרגיות טרי 400 גרם זוגלובק,נקניק נהריה כשר זוגל,IL,נקניקיות פרגיות טרי,גרמים,400.00,100 גרם,false,,19.90,4.9750,true,1,42552
7290006739414,false,סלמי קוניאק 300 ג' זוגלובק,נקניק נהריה כשר זוגל,IL,סלמי קוניאק זוגלובק,גרמים,300.00,100 גרם,false,,33.70,11.2333,true,1,42555
7290006739445,false,שניצל תירס קלאסי 750 ג' זוגלובק,נקניק נהריה כשר זוגל,IL,שניצל תירס קלאסי 750,גרמים,750.00,100 גרם,false,,28.90,3.8533,true,1,70303
7290006739544,false,כתף בקר 300 ג' זוגלובק,זוגלובק,IL,כתף בקר זוגלובק 300,גרמים,300.00,100 גרם,false,,34.90,11.6333,true,1,42558
7290006764065,false,"בירה נשר מאלט בקבוק חוזר 500 מ""ל","טמפו משקאות בע""ם.",IL,נשר מאלט בקבוק פקדון,מיליליטרים,500.00,"100 מ""ל",false,,5.90,1.1800,true,1,10204
7290006764072,false,"גולדסטאר בירה בק חוזר 500 מ""ל","טמפו משקאות בע""מ",IL,גולדסטאר בירה בק חוז,מיליליטרים,500.00,"100 מ""ל",false,,7.90,1.5800,true,1,10205
7290006788443,false,"קרליין - נושם אוקסיג'ן דאודורנט רול און לאישה סגול 75 מ""ל",מולינו ניקולי s.p.a,IL,דאו' רולאון נושם אוק,גרמים,75.00,100 גרם,false,,14.90,19.8667,true,1,32240
7290006805355,false,תערובת להכנת כדורי שוקולד פילסברי 500ג',הדקלאים אגודת שיתופי,IL,תערובת כדורי שוקולד,גרמים,500.00,100 גרם,false,,19.90,3.9800,true,1,13966
7290006822192,false,מיץ חמוציות דיאט אושן ספריי 1 ליטר,מבשלות בירה בינלאומי,IL,אושן ספרי דיאט חמוצי,ליטרים,1.00,ליטר,false,,13.50,13.5000,true,1,7672
7290006908384,false,פיסטוק חלבי חממה 150,בוטנת,,פיסטוק חלבי 150 גרם,גרמים,150.00,100 גרם,false,,18.90,12.6000,true,1,128034
7290006908391,false,קשיו קלוי חממה 150 ג,בוטנת,,קשיו קלוי 150 גר` פי,גרמים,150.00,100 גרם,false,,17.90,11.9333,true,1,128035
7290006983763,false,עוגת הבית שוקולד 400 גרם אסם.,מיוצר עי קונדיטוריית,IL,עוגת הבית שוקולד 400,גרמים,400.00,100 גרם,false,,14.90,3.7250,true,1,21350
7290006983770,false,עוגת הבית שיש 400 ג' אסם,מיוצר עי קונדיטוריית,IL,עוגת הבית שיש 400גר,גרמים,400.00,100 גרם,false,,14.90,3.7250,true,1,21351
7290006983787,false,עוגת הבית שוקוציפס 400 גרם אסם,מיוצר עי קונדיטוריית,IL,עוגת הבית שוקוציפס 4,גרמים,400.00,100 גרם,false,,14.90,3.7250,true,1,68357
7290006983794,false,עוגת הבית תפוז 400 ג' אסם,מיוצר עי קונדיטוריית,IL,עוגת הבית תפוז 400גר,גרמים,400.00,100 גרם,false,,14.90,3.7250,true,1,21353
7290006992390,false,"מטרנה - דייסת וניל פרוביוטי כשל""פ 200 גרם",מולינו ניקולי s.p.a,IL,מטרנה דייסת וניל פרו,גרמים,200.00,100 גרם,false,,15.90,7.9500,true,1,21360
7290008101318,false,קריספ פירורי לחם זהוב 300 גרם,,,פירורי לחם זהוב קלאס,גרמים,300.00,100 גרם,false,,7.90,2.6333,true,1,443507
7290008116541,false,"שטיפת פה ליסטרין קול מינט 500 מ""ל",ג'ונסון אנד ג'ונסון,IT,מי פה ליסטרין בטעם מ,מיליליטרים,500.00,"100 מ""ל",false,,23.90,4.7800,true,1,31625
7290008116565,false,מי פה ליסטרין פרש בר,ג'ונסון אנד ג'ונסון,IT,מי פה פרש ליסטרין 50,מיליליטרים,500.00,"100 מ""ל",false,,23.90,4.7800,true,1,31627
7290008154222,false,שניצלונים עוף טוב 700 גרם,מולינו ניקולי s.p.a,IL,שניצלונים עוף טוב 70,גרמים,700.00,100 גרם,false,,21.90,3.1286,true,1,22134
7290008175210,false,גבינת פרמזן מגורדת 90ג' ויליפוד,זנטי אס.איי.,IT,וילי פוד פרמזן מגורד,גרמים,90.00,100 גרם,false,,18.20,20.2222,true,1,3592
7290008175814,false,וילי פוד פטריות שמפיניון חתוך בדץ 400ג,"אוקצ'מפ אס, איי אויי",PL,פטריות חתוכות שמפיני,גרמים,400.00,100 גרם,false,,5.90,1.4750,true,1,3596
7290008300551,false,שקיות אשפה 75*90 שחו,,,שקיות אשפה 75*90 שחו,יחידה,0.00,יחידה,false,,16.90,0.0000,true,1,51112
7290008300629,false,שקיות אוכל בקופסא של,,,שקיות אוכל בקופסא של,יחידה,0.00,יחידה,false,,12.90,0.0000,true,1,124853
7290008330381,false,דפי מרכך ורוד 40 דפים בדין,קריות זול,,בדין דפי מרכך ורוד 4,יחידה,0.00,יחידה,false,,21.70,0.0000,true,1,11452
7290008333115,false,אבקת ג'לטין טהור נטו 28 ג',ג'ליק פיניור,,.ג'לטין טהור 28 גר,גרמים,28.00,100 גרם,false,,11.50,41.0714,true,1,18599
7290008343558,false,"סיגרים בשר שלושת האופים 1 ק""ג",שלושת האופים,IL,סיגרים בשר 1 ק`ג שלו,קילוגרמים,1.00,"ק""ג",false,,17.90,17.9000,true,1,119290
7290008343602,false,"קובה בשר 1 ק""ג שלושת האופים",שלושת האופים,IL,קובה בשר 1 ק`ג שלושת,קילוגרמים,1.00,"ק""ג",false,,17.90,17.9000,true,1,119293
7290008343626,false,"כדורי פלאפל 1 ק""ג שלושת האופים",שלושת האופים,IL,כדורי פלאפל 1 ק`ג של,קילוגרמים,1.00,"ק""ג",false,,19.90,19.9000,true,1,119295
7290008344272,false,המבורגר 100% 400 ג' טיבון ויל,טיבון ויל אחזקות בעמ,IL,המבורגר 100% 400 ג'-,גרמים,400.00,100 גרם,false,,23.90,5.9750,true,1,18631
7290008345118,false,מקרל בשמן דלידג 240 ג',מיוצר על ידי קוד יצר,IL,מקרל בשמן דלידג 240,גרמים,240.00,100 גרם,false,,26.90,11.2083,true,1,220384
7290008345583,false,"סלט איקרה ורודה, 300 גרם דלידג",כלורוקס אוקלנד,IL,300 איקרה ביתית ורוד,גרמים,300.00,100 גרם,false,,20.90,6.9667,true,1,18639
7290008409100,false,אצבעות שניצל ציפוי שומשום 700 ג' מאמא עוף,תנובה גליל שותפות מו,IL,אצבעות שניצל ציפוי ש,גרמים,700.00,100 גרם,false,,38.90,5.5571,true,1,69322
7290008409124,false,מאמא עוף קפוא שניצל ג'ונגל פריך 700 גרם,תנובה גליל שותפות מו,IL,מאמא עוף קפוא שניצל,גרמים,700.00,100 גרם,false,,38.90,5.5571,true,1,28316
7290008409216,false,מאמא עוף קפוא שניצל דק פריך 700 גרם,תנובה גליל,IL,מאמא עוף קפוא שניצל,גרמים,700.00,100 גרם,false,,43.90,6.2714,true,1,28317
7290008409407,false,שניצל דק ציפס מאמא עוף 700 ג',תנובה גליל שותפות מו,IL,מאמא עוף שניצל דק צי,גרמים,700.00,100 גרם,false,,43.90,6.2714,true,1,69324
7290008409544,false,שניצל עוף אמיתי בציפ,תנובה גליל שותפות מו,IL,שניצל עוף אמיתי בציפ,גרמים,700.00,100 גרם,false,,44.50,6.3571,true,1,28327
7290008409551,false,שניצל עוף אמיתי בציפוי מעודן 700 ג' מאמא עוף,תנובה גליל שותפות מו,IL,שניצל עוף אמיתי בציפ,גרמים,700.00,100 גרם,false,,44.50,6.3571,true,1,69274
7290008409582,false,שניצל אמיתי בציפוי ביתי מאמא עוף 700 ג',תנובה גליל שותפות מו,IL,שניצל אמיתי בציפוי ב,גרמים,700.00,100 גרם,false,,44.50,6.3571,true,1,28331
7290008443616,false,"מרכך לשיער יבש אדום 750 מ""ל נקה 7",אמיליה קוסמטיקס בעמ,IL,מרכך לשיער יבש אדום,מיליליטרים,750.00,"100 מ""ל",false,,12.90,1.7200,true,1,32315
7290008462259,false,חרדל דיזון חריף מייל,יוניליוור צרפת,FR,חרדל דיזון חריף גרגי,גרמים,380.00,100 גרם,false,,19.90,5.2368,true,1,18650
7290008464024,false,בירה גולדסטאר לא מסונן פחית 500 מל,"טמפו משקאות בע""מ",IL,גולדסטאר לא מסונן פח,מיליליטרים,500.00,"100 מ""ל",false,,11.50,2.3000,true,1,67166
7290008464345,false,"בירה גולדסטאר בקבוק 330 מ""ל",טמפו משקאות בע''מ,IL,"גולדסטאר בירה ח""פ 33",יחידה,330.00,יחידה,false,,8.70,0.0264,true,1,67170
7290008464475,false,"בירה מכבי פחית 500 מ""ל","טמפו משקאות בע""מ",IL,"מכבי פחית 500מ""ל",מיליליטרים,500.00,"100 מ""ל",false,,8.80,1.7600,true,1,10234
7290008464611,false,"סודה טמפו בקבוק זכוכית 275 מ""ל",טמפו משקאות בעמ,IL,"מי סודה טמפו 275 מ""ל",מיליליטרים,275.00,"100 מ""ל",false,,3.50,1.2727,true,1,128615
7290008464741,false,"בירה גולדסטאר בק' מארז 330X6מ""ל",קריות זול,IL,"גולדסטאר ח""פ בקבוק 6",ליטרים,1.98,ליטר,false,,40.90,20.6566,true,1,10244
7290008644112,false,סלט מטבוחה יום יום אחלה 125 ג',"שטראוס גרופ בע""מ",IL,אחלה מטבוחה 125ג,גרמים,125.00,100 גרם,false,,5.90,4.7200,true,1,24842
7290008670142,false,"יין רקנאטי יסמין אדום 2019 750 מ""ל",יקב רקאנטי,IL,רקנאטי יסמין אדום 75,מיליליטרים,750.00,"100 מ""ל",false,,39.90,5.3200,true,1,8004
7290008690713,false,פריגת אושן ספריי חמוציות 1ל',מבשלות בירה בינלאומי,IL,אושן ספרי חמוציות 1ל,ליטרים,1.00,ליטר,false,,13.50,13.5000,true,1,7693
7290008693134,false,מעדן גבינה ויוגורט בטעם תות 5% שומן 88 ג' דניאלה,"שטראוס בריאות בע""מ",IL,דניאלה תות מעדן גבינ,מיליליטרים,150.00,"100 מ""ל",false,,4.50,3.0000,true,1,24847
7290008713900,false,לחם שיפון עגול 750 ג' אנג'ל,מאפיית אנג'ל אורנים,IL,לחם שיפון עגול אנגל,גרמים,750.00,100 גרם,false,,14.90,1.9867,true,1,69870
7290008745239,false,תפוצ'יפס אקסטרא טבעי 50 ג',"שטראוס פריטו ליי בע""",IL,תפוציפס קראנץ טבעי 5,גרמים,50.00,100 גרם,false,,4.50,9.0000,true,1,25356
7290008747547,false,תפוצ'יפס אקסטרא 200גר טבעי,"שטראוס פריטו ליי בע""",IL,תפוציפס קראנץ טבעי 2,גרמים,200.00,100 גרם,false,,10.90,5.4500,true,1,25358
7290008750264,false,גומי מאסט בטעם דובדבן 28 ג' עלית,"שטראוס גרופ בע""מ",IL,מאסט דובדבן 28ג,גרמים,28.00,100 גרם,false,,4.90,17.5000,true,1,24131
7290008752244,false,תפוצ'יפס אקסטרא גריל 50 גרם,"שטראוס פריטו ליי בע""",IL,תפוציפס קראנץ גריל 5,גרמים,50.00,100 גרם,false,,4.50,9.0000,true,1,25364
7290008753111,false,תפוציפס קראנץ מקסיקנ,"שטראוס פריטו ליי בע""",IL,תפוציפס מקסיקני 50גר,גרמים,50.00,100 גרם,false,,4.50,9.0000,true,1,25366
7290008754040,false,ממרח פרה שוקולד 850 גר - מגדים,STRAUSS-ISRAEL,IL,ממרח פרה שוקולד 850,גרמים,850.00,100 גרם,false,,17.90,2.1059,true,1,24139
7290008754415,false,גומי מאסט בטעם ספירמינט עדין פליפטופ 28 ג' עלית,"שטראוס גרופ בע""מ",IL,מאסט מנטה עדין 28 גר,גרמים,28.00,100 גרם,false,,4.90,17.5000,true,1,24140
7290008757034,false,"שוופס סודה זכוכית 250 מ""ל","יפאורה תבורי בע""מ",IL,"סודה שוופס 250 מ""ל ב",מיליליטרים,250.00,"100 מ""ל",false,,4.50,1.8000,true,1,12219
7290008775816,false,ערגליות שוקו חדש12*300גרם 2020,מיוצר עי קונדיטוריית,IL,ערגליות שוקולד 300 ג,גרמים,300.00,100 גרם,false,,11.90,3.9667,true,1,21362
7290008775823,false,ערגליות תות חדש12*300גרם 2020,מיוצר עי קונדיטוריית,IL,ערגליות תות שדה 300,גרמים,300.00,100 גרם,false,,11.90,3.9667,true,1,21363
7290008801522,false,"יין קינג דיויד קונקורד אדום 750 מ""ל",אגודת הכורמים הקואופ,IL,יין קונקורד קינג דיו,מיליליטרים,750.00,"100 מ""ל",false,,23.90,3.1867,true,1,502
7290008801850,false,"יין סלקטד אמרלד ריזלינג 750מ""ל",אגודת הכורמים הקואופ,IL,יין סלקטד אמרלד ריזל,מיליליטרים,750.00,"100 מ""ל",false,,32.90,4.3867,true,1,506
7290008802291,false,"יין מרלו פרייוט קולקשן 750 מ""ל",אגודת הכורמים הקואופ,IL,"יין P.C מרלו 750מ""",מיליליטרים,750.00,"100 מ""ל",false,,44.90,5.9867,true,1,507
7290008802512,false,"יין וינו אדום יבש 750 מ""ל","כד בני דרום בע""מ",IL,יין וינו אדום יבש,מיליליטרים,750.00,"100 מ""ל",false,,23.90,3.1867,true,1,508
7290008802529,false,"יין לבן חצי יבש וינו 750 מ""ל",קריות זול,IL,יין וינו לבן יבש,מיליליטרים,750.00,"100 מ""ל",false,,23.90,3.1867,true,1,509
7290008802895,false,יין קברנה סוביניון פרייוט קולקשן,אגודת הכורמים הקאופו,IL,יין P.C קברנה סובי,מיליליטרים,750.00,"100 מ""ל",false,,44.90,5.9867,true,1,510
7290008909853,false,קוקה קולה זירו בקבוק 500מל,החברה המרכזית לייצור,IL,קוקה קולה זירו 500 מ,מיליליטרים,500.00,"100 מ""ל",false,,7.90,1.5800,true,1,7192
7290008975551,false,מטרנה מהדרין חסכון שלב 3 700 גרם,מולינו ניקולי s.p.a,IL,מטרנה מהדרין שלב 3,גרמים,700.00,100 גרם,false,,55.90,7.9857,true,1,21369
7290009018004,false,פיקדון בקבוק/פחית בו,Unknown,,פיקדון בקבוק/פחית בו,יחידה,0.00,יחידה,false,,0.30,0.0000,true,1,49
7290009018011,false,פיקדון בקבוק/פחיות ש,,,פיקדון בקבוק/פחיות ש,יחידה,0.00,יחידה,false,,1.80,0.0000,true,1,844
7290009018264,false,פיקדון בקבוק/פחית רב,,,פיקדון בקבוק/פחית רב,יחידה,0.00,יחידה,false,,1.20,0.0000,true,1,615
7290009174397,false,כריך עובד מגה,,,כריך עובד מגה,יחידה,0.00,יחידה,false,,1.50,0.0000,true,1,57407
7290010002078,false,מימון פלפל שחור טחון,א.ל ייצור ושיווק תבל,IL,מימון פלפל שחור טחון,גרמים,100.00,100 גרם,false,,15.90,15.9000,true,1,154
7290010002092,false,פלפל שחור גרוס דק 90 גר',,,מימון פלפל שחור גרוס,גרמים,90.00,100 גרם,false,,15.90,17.6667,true,1,156
7290010002207,false,מימון קינמון טחון במ,א.ל ייצור ושיווק תבל,IL,מימון קינמון טחון במ,גרמים,100.00,100 גרם,false,,10.50,10.5000,true,1,164
7290010002382,false,מימון אורגנו במיכל 4,,,מימון אורגנו במיכל 4,גרמים,40.00,100 גרם,false,,10.50,26.2500,true,1,176
7290010002498,false,מימון שום גבישי 120,א.ל ייצור ושיווק תבל,IL,מימון שום גבישי 120,גרמים,120.00,100 גרם,false,,15.90,13.2500,true,1,184
7290010003709,false,מימון פלפל שחור טחון,TLV צ'יף,IL,מימון פלפל שחור טחון,גרמים,50.00,100 גרם,false,,8.70,17.4000,true,1,196
7290010003778,false,מימון תיבול לגריל עו,TLV צ'יף,IL,מימון תיבול לגריל עו,גרמים,80.00,100 גרם,false,,6.50,8.1250,true,1,199
7290010003792,false,מימון מלח לימון שקית,א.ל ייצור ושיווק תבל,IL,מימון מלח לימון שקית,גרמים,100.00,100 גרם,false,,6.50,6.5000,true,1,201
7290010003808,false,מימון זעתר ושומשום ש,TLV צ'יף,IL,מימון זעתר ושומשום ש,גרמים,80.00,100 גרם,false,,6.50,8.1250,true,1,202
7290010066575,false,נתחי טונה במים רביעיה *158ג' פילטונה,,,נתחי טונה במים פילטו,גרמים,632.00,100 גרם,false,,25.90,4.0981,true,1,28387
7290010116980,false,אבקת שוקולית שקית עלית 850 ג',הנסיך- מפעל לייצור ט,IL,שוקולית 850 גרם,גרמים,850.00,100 גרם,false,,18.90,2.2235,true,1,24153
7290010117864,false,דוריטוס בטעם חריף אש,שטראוס פריטו ליי בע,IL,דוריטוס חריף אש 70 ג,גרמים,70.00,100 גרם,false,,4.30,6.1429,true,1,25376
7290010118328,false,מארז תפוצ'יפס בטעם טבעי,שטראוס,IL,תפוצ'יפס טבעי 6*40 ג,גרמים,240.00,100 גרם,false,,13.90,5.7917,true,1,25380
7290010129003,false,עוגיות אוזן בצק עלים,קריניציה ויטמינה אס,IL,עוגיות אוזניים 600גר,גרמים,600.00,100 גרם,false,,21.90,3.6500,true,1,68619
7290010129010,false,עוגיות כתר ריבה 600,קריניציה ויטמינה אס,IL,עוגיות ריבה 600גר,גרמים,600.00,100 גרם,false,,21.90,3.6500,true,1,22352
7290010129027,false,עוגיות מרוקאיות 600,שיבולים א.ד.ל,IL,עוגיות מרוקאיות 600,גרמים,600.00,100 גרם,false,,21.90,3.6500,true,1,22353
7290010129553,false,עוגיות רולדה תמרים 6,שיבולים א.ד.ל,IL,עוגיות רולדה תמרים 6,גרמים,600.00,100 גרם,false,,21.90,3.6500,true,1,146342
7290010129652,false,עוגיות לקפה דולצ'ה ו,שיבולים א.ד.ל,IL,עוגיות לקפה דולצ'ה ו,גרמים,350.00,100 גרם,false,,19.90,5.6857,true,1,146454
7290010129720,false,עוגיות שמרים שניק קי,שיבולים א.ד.ל,IL,עוגיות שמרים שניק קי,גרמים,400.00,100 גרם,false,,13.90,3.4750,true,1,146459
7290010129942,false,עוגת קראנץ שמרים שוק,שיבולים א.ד.ל,IL,עוגת קראנץ' שמרים שו,גרמים,500.00,100 גרם,false,,14.90,2.9800,true,1,68634
7290010129959,false,עוגיות שמרים רוגלעך,שיבולים א.ד.ל,IL,עוגיות שמרים רוגלעך,גרמים,400.00,100 גרם,false,,13.90,3.4750,true,1,68635
7290010153510,false,בורגול יבש מיה 500 גר',מיה,IL,בורגול מיה 500 גרם,גרמים,500.00,100 גרם,false,,6.50,1.3000,true,1,15692
7290010153527,false,גריש מיה 500 גרם,מיה,IL,גריש 500 גרם,גרמים,500.00,100 גרם,false,,6.40,1.2800,true,1,15693
7290010153817,false,ריבת חלב אמיתי 400גרם,מיה תעשיות מזון בעמ,IL,ריבת חלב מיה 400 גרם,גרמים,400.00,100 גרם,false,,12.90,3.2250,true,1,15712
7290010154012,false,לימון בלאדי - סלט לימון כבוש,תבליני ביטון יוחאי,IL,לימון כבוש 250 ביטון,גרמים,250.00,100 גרם,false,,15.90,6.3600,true,1,18653
7290010154265,false,פלפל צ'ומה חריף פיקנטי,תבליני ביטון יוחאי,IL,פלפל צ`ומה ביטון 250,גרמים,250.00,100 גרם,false,,15.90,6.3600,true,1,18657
7290010154678,false,אריסה מרוקאית ביטון 250 ג' ביטון,תבליני ביטון יוחאי,IL,יוחאי ביטון אריסה מר,גרמים,250.00,100 גרם,false,,15.90,6.3600,true,1,122736
7290010154685,false,סלט שום כתוש 250 ג' ביטון יוחאי,תבליני ביטון יוחאי,IL,סלט שום כתוש 250 גר',גרמים,250.00,100 גרם,false,,15.90,6.3600,true,1,122737
7290010192007,false,פטרוזיליה,,,פטרוזיליה,יח',1.00,יח',false,,4.90,4.9000,true,1,55772
7290010192014,false,שמיר,,,שמיר,יח',1.00,יח',false,,4.90,4.9000,true,1,55773
7290010192021,false,כוסברה ארוז,,,כוסברה,יח',1.00,יח',false,,4.90,4.9000,true,1,55774
7290010192045,false,נענע יחידה,,,נענע יחידה,יח',1.00,יח',false,,4.90,4.9000,true,1,55776
7290010192052,false,סלרי עלים (אמריקאי),,,סלרי עלים (אמריקאי),יח',1.00,יח',false,,6.90,6.9000,true,1,55777
7290010237531,false,"פפסי קולה פלסטיק 500 מ""ל","טמפו משקאות בע""ם.",IL,פפסי קולה 500 מ'ל,מיליליטרים,500.00,"100 מ""ל",false,,5.90,1.1800,true,1,10253
7290010237562,false,מירינדה פלסטיק 500מל,"טמפו משקאות בע""מ",IL,מירנדה 500 מ'ל,מיליליטרים,500.00,"100 מ""ל",false,,5.90,1.1800,true,1,10255
7290010237579,false,סבן אפ פלסטיק 500מל,"טמפו משקאות בע""מ",IL,סבן אפ 500 מ'ל,מיליליטרים,500.00,"100 מ""ל",false,,5.90,1.1800,true,1,10256
7290010237890,false,"בירה הייניקן בקבוק 500 מ""ל חוזר",טמפו משקאות בע''מ,IL,הייניקן בירה בקבוק ח,מיליליטרים,500.00,"100 מ""ל",false,,11.50,2.3000,true,1,10269
7290010259823,false,מנת השף מרק עם נודלס טעם עוף בדץ 70ג,נמצ'או(תאילנד) בעמ,TH,נודלס בטעם עוף מנת ה,גרמים,70.00,100 גרם,false,,5.90,8.4286,true,1,3609
7290010259830,false,מנת השף נודלס בסגנון סיני פיקנטי,נמצ'או(תאילנד) בעמ,TH,נודלס בטעם סיני פיקנ,גרמים,70.00,100 גרם,false,,5.90,8.4286,true,1,3610
7290010259847,false,מנת השף מרק עם נודלס טעם תירס בדץ 70ג,קריות זול,TH,נודלס טעם תירס מנת ה,גרמים,70.00,100 גרם,false,,5.90,8.4286,true,1,66484
7290010259991,false,וילי פוד צנימים בדץ 250ג,קריות זול,PT,"צנימים בד""ץ וילי פוד",גרמים,250.00,100 גרם,false,,8.90,3.5600,true,1,118027
7290010429554,false,"שמן זית כתית מעולה יד מרדכי 2 קלאסי, 750 מ""ל",מכוורת יד מרדכי שטרא,IL,שמן זית כתית מעולה 2,מיליליטרים,750.00,"100 מ""ל",false,,38.90,5.1867,true,1,24158
7290010471669,false,יוגורט תות עם קורנפלקס מצופה שוקולד ללא גלוטן 3.9%,"שטראוס בריאות בע""מ",IL,דנונה קראנצ' יוגורט,מיליליטרים,175.00,"100 מ""ל",false,,4.90,2.8000,true,1,24848
7290010472390,false,מארז 8 יחידות מעדן דני בטעם שוקולד 1.5%,מיוצר עי קונדיטוריית,IL,מארז דני שוקולד 8*,מיליליטרים,1000.00,"100 מ""ל",false,,16.90,1.6900,true,1,24853
7290010711031,false,מברשת אבק גדולה 1522,מ.א. ייצור ויבוא מטליות,,מברשת אבק גדולה 1522,יחידה,0.00,יחידה,false,,14.90,0.0000,true,1,14455
7290010711123,false,"ננס רביעיה ""שייני"" ח",,,"ננס רביעיה ""שייני"" ח",יחידה,0.00,יחידה,false,,7.90,0.0000,true,1,14459
7290010711550,false,דלי שטיפה עם פיה ( 1,,,דלי שטיפה עם פיה ( 1,יחידה,0.00,יחידה,false,,11.90,0.0000,true,1,14476
7290010718634,false,"פנינה רוזנבלום -אל סבון נוזלי לבן,1 ליטר",,,אל סבון נוזלי לבן פנ,יחידה,0.00,יחידה,false,,10.90,0.0000,true,1,20455
7290010766697,false,רוטב שקשוקה אוליביה 415 ג',קריות זול,IL,אוליביה רוטב שקשוקה,גרמים,415.00,100 גרם,false,,14.90,3.5904,true,1,4130
7290010839865,false,רוטב רכז רימונים ויליפוד 320 ג',ניו ג'רסי סטאר סנקס,TR,רוטב רימונים 320 גרם,מיליליטרים,320.00,"100 מ""ל",false,,11.00,3.4375,true,1,3624
7290010883356,false,כפפות אלוורה רב שימושיות מרופדות גדול L,סנו סושי,CN,סנו סושי זוג כפפות א,יחידה,0.00,יחידה,false,,12.10,0.0000,true,1,32379
7290010883363,false,כפפות אלוורה רב שימושיות מרופדות קטן S,האי נאם סי או אל.טי.,CN,סנו סושי זוג כפפות א,יחידה,0.00,יחידה,false,,12.10,0.0000,true,1,32380
7290010931330,false,סלט מטבוחה אחלה 500ג,מיוצר עי קונדיטוריית,IL,אחלה מטבוחה 500ג,גרמים,500.00,100 גרם,false,,15.90,3.1800,true,1,24856
7290010945146,false,קוטג' 3% מועשר בסידן טרה 250 ג' מהדרין,קריות זול,IL,טרה קוטג מועשר 3% 25,גרמים,250.00,100 גרם,false,,5.50,2.2000,true,1,7196
7290010945450,false,טרה גבינה לבנה מהדרין 3% 250ג,קריות זול,IL,טרה גבינה לבנה מהדרי,גרמים,250.00,100 גרם,false,,4.98,1.9920,true,1,7200
7290010945481,false,גבינה לבנה 5% שומן 500 ג' טרה,קריות זול,IL,טרה גבינה לבנה 5% 50,גרמים,500.00,100 גרם,false,,9.96,1.9920,true,1,7201
7290011017866,false,קוקה קולה קלאסי בפחית,החברה המרכזית לייצור,IL,קוקה קולה פחית סליק,מיליליטרים,330.00,"100 מ""ל",false,,5.70,1.7273,true,1,7752
7290011017873,false,"קוקה קולה זירו פחית 330 מ""ל",החברה המרכזית לייצור,IL,ZERO קולה פחית סליק,מיליליטרים,330.00,"100 מ""ל",false,,5.50,1.6667,true,1,7753
7290011018368,false,שישיית בירה ויינשטפן,"ויינשטפן, ת.ד 1155 פ",DE,ויינשטפן בירה לבנה 6,ליטרים,1.98,ליטר,false,,76.70,38.7374,true,1,118415
7290011115166,false,נקה 7 ארומה סבון נוזלי לבנדר 1 ל',טרופיקל דגיל תעשיות,IL,תחליב רחצה לבנדר נקה,יחידה,0.00,יחידה,false,,16.90,0.0000,true,1,32448
7290011115289,false,אל סבון מוצק מבושם בניחוח עדין קלאסיק - מארז רביעיה,"גליל כימיכלים בע""מ",IL,סבון מוצק לילך נקה 7,גרמים,400.00,100 גרם,false,,15.00,3.7500,true,1,32456
7290011126209,false,תה הגן הקסום תפוח וקינמון - סיידר 25 שקיקים,קריות זול,IL,תה הגן הקסום תפוח וק,גרמים,55.00,100 גרם,false,,19.90,36.1818,true,1,26150
7290011126452,false,תה הגן הקסום קמומיל ונענע 25 יח',קריות זול,IL,תה קמומיל ונענע 1.5ג,גרמים,37.50,100 גרם,false,,19.90,53.0667,true,1,26158
7290011131050,false,גרנולה בתוספת פקאן וצימוקים,ויטליאה ניקולה דו,MK,גרנולה פקאן גרין 1 ק,קילוגרמים,1.00,"ק""ג",false,,28.70,28.7000,true,1,118995
7290011131395,false,מוזלי קראנצ'י 30% פירות,ויטליאה ניקולה דו,MK,מיזלי קראנצ' 30% פיר,קילוגרמים,1.00,"ק""ג",false,,27.90,27.9000,true,1,14752
7290011131968,false,גרנולה בתוספת שקדים ואגוזים,ויטליה ניקולא דו,MK,גרנולה אגוזים בתוספת,קילוגרמים,1.00,"ק""ג",false,,28.70,28.7000,true,1,119008
7290011133375,false,בירה שנדי בתוספת משקה אפרסק - שישייה,"טמפו משקאות בע""מ",IL,מכבי שנדי אפרסק בקבו,ליטרים,1.98,ליטר,false,,37.90,19.1414,true,1,67192
7290011133504,false,"מכבי שנדי אפרסק בקבוק בודד 330 מ""ל",טמפו משקאות בע''מ,IL,מכבי שנדי אפרסק בקבו,מיליליטרים,330.00,"100 מ""ל",false,,6.50,1.9697,true,1,118613
7290011194215,false,מעדן גבינה ויוגורט בטעם בננה 5% שומן 88 ג' דניאלה,"שטראוס בריאות בע""מ",IL,"דניאלה בננה 150 מ""ל",מיליליטרים,150.00,"100 מ""ל",false,,4.50,3.0000,true,1,24857
7290011194246,false,קוטג שטראוס 5% עם סידן 250ג,מיוצר עי קונדיטוריית,IL,קוטג שטראוס 5% עם סי,גרמים,250.00,100 גרם,false,,6.00,2.4000,true,1,24858
7290011239213,false,עמוס חטיפים מתוקים מ,ממתקי מחרום,,עמוס חטיפים מתוקים מ,גרמים,100.00,100 גרם,false,,5.90,5.9000,true,1,64880
7290011254773,false,שעועית ארגנטינאית 500גרם,מיה,IL,שעועית ארגנטינאית 50,גרמים,500.00,100 גרם,false,,12.40,2.4800,true,1,15773
7290011378028,false,חלבה קלאסית בטעם וניל ללא תוספת סוכר,רושדי תעשיות מזון בע,IL,בארכה חלבה וניל ללא,גרמים,350.00,100 גרם,false,,15.90,4.5429,true,1,21372
7290011378233,false,בארכה מאגדת חטיפי חלווה וניל ל.סוכר 120גר,רושדי תעשיות מזון בע,IL,בארכה בקטנה מאגדת ונ,גרמים,120.00,100 גרם,false,,14.50,12.0833,true,1,21374
7290011438142,false,"משקה יטבתה אייס קפה בבקבוק אישי 350 מ""ל",שטראוס גרופ,IL,יטבתה אייס קפה בבקבו,מיליליטרים,350.00,"100 מ""ל",false,,6.90,1.9714,true,1,24864
7290011447281,false,תרכובת מזון המשך לפעוטות שלב 2 חלבי,מטרנה תעשיות ש.מ,IL,מטרנה חלבי שלב 2 70,גרמים,700.00,100 גרם,false,,52.90,7.5571,true,1,21389
7290011499105,false,בולגרית מסורתית 5% 250 גרם -רבנות,ג'נרל מילס סאן אדריא,IL,גד בולגרית 5% 250ג,גרמים,250.00,100 גרם,false,,24.90,9.9600,true,1,15420
7290011499112,false,בולגרית מסורתית 16% 250 גרם - רבנות,"מיוצר ע""י dsh",IL,גד בולגרית 16% 250ג,גרמים,250.00,100 גרם,false,,24.90,9.9600,true,1,15421
7290011499129,false,בולגרית מעודנת קוביות קטנות 5% 200 גרם - רבנות,קוד יצרן DSH,IL,גד בולגרית מעודנת קו,גרמים,200.00,100 גרם,false,,25.30,12.6500,true,1,15422
7290011499341,false,קשקבל בוואקום 26% 200 גרם - רבנות,הנסיך- מפעל לייצור ט,IL,קשקבל מחלבות גד 200,גרמים,250.00,100 גרם,false,,37.60,15.0400,true,1,15430
7290011499365,false,גד חלומי 24% 200 גרם רובין,"מחלבות גד בע""מ",IL,גד חלומי 24% 200ג,גרמים,200.00,100 גרם,false,,23.40,11.7000,true,1,15432
7290011499419,false,גבינה במרקם שמנת בטעם טבעי 5% ניו יורק,מחלבות גד,IL,גבינה במרקם שמנת 5%,גרמים,200.00,100 גרם,false,,12.70,6.3500,true,1,116485
7290011499624,false,שמנת 30% ניו יורק טבעי 200 גרם רבנות,מחלבות גד,IL,גד ניו יורק גבינת שמ,גרמים,200.00,100 גרם,false,,14.70,7.3500,true,1,15438
7290011505806,false,קיסמי שיניים דנטאליים מפלסטיק 200 יחידות בחבית,הוסטס Hostess,,קיסמי שיניים פלסטיק,יחידה,0.00,יחידה,false,,10.90,0.0000,true,1,953
7290011518561,false,"אקטימל תות משפחתי מארז 14X100מ""ל",מיוצר עי קונדיטוריית,IL,אקטימל תות משפחתי 14,ליטרים,1.40,ליטר,false,,32.90,23.5000,true,1,24869
7290011553883,false,פרורים מוזהבים שקית,,,פרורים מוזהבים שקית,גרמים,800.00,100 גרם,false,,12.90,1.6125,true,1,512925
7290011570507,false,קמח רב תכליתי ללא גלוטן,כרגיל - אשבל,IL,קמח נטול גלוטן כרגיל,גרמים,450.00,100 גרם,false,,19.90,4.4222,true,1,64780
7290011587123,false,קרם קוקוס תומר 400 מ,Thai coconut co ltd,,קרם קוקוס תומר 400 מ,מיליליטרים,400.00,"100 מ""ל",false,,9.90,2.4750,true,1,26426
7290011598259,false,"סנו - פרש מילוי למטהר אוויר מאסק 250 מ""ל",סנו מפעלי ברונוס בעמ,IL,סנו פרש אוטומטיק מאס,מיליליטרים,250.00,"100 מ""ל",false,,16.90,6.7600,true,1,32486
7290011598402,false,מרכך כביסה מקסימה מאסק ורוד 4 ל' סנו,סנו מקסימה,IL,מרכך כביסה סנו מקסימ,ליטרים,4.00,ליטר,false,,23.90,5.9750,true,1,32489
7290011615260,false,עלי טורטיה 12X20יח' ויליפוד 540ג',מוטלוקל גידה סאנאי ט,TR,"עלי טורטיה בד""ץ וילי",גרמים,540.00,100 גרם,false,,8.90,1.6481,true,1,118031
7290011860271,false,ביסבול כדורי פירה בציפוי פריך,"תעשיות תפוגן בע""מ",IL,תפוגן ביס בול טבעי 7,גרמים,700.00,100 גרם,false,,17.90,2.5571,true,1,22157
7290011877088,false,"רדיד אלומיניום רוחב 30 ס""מ, 18 מיקרון - מארז זוג",בורסה פאזרי,TR,סנו סושי צמד רדידי א,מטרים,15.00,מטר,false,,17.90,1.1933,true,1,32512
7290011877446,false,"כיף - בייבי כיף קרם גירויים 100 מ""ל",קוסמופארם בע''מ,IL,קרם נגד גירויים בייב,גרמים,100.00,100 גרם,false,,12.90,12.9000,true,1,32517
7290011877859,false,סנו אינסטלטור חדש פותח סתימות 200ג',מיוצר עי קונדיטוריית,IL,סנו אינסטלטור פותח ס,מיליליטרים,200.00,"100 מ""ל",false,,16.90,8.4500,true,1,32524
7290011947309,false,זיתים מצוננים סורי מבוקע ולימון כבוש זיתא 230 ג',זיתא – י.ט.ב תעשיות,IL,זית סורי מבוקע עם לי,גרמים,215.00,100 גרם,false,,14.90,6.9302,true,1,26174
7290011947798,false,זית קלמטה ללא גלעין עם שמן זית כתית 190 ג',זיתא,IL,זית קלמטה ללא גלעין,גרמים,190.00,100 גרם,false,,15.90,8.3684,true,1,290336
7290012001994,false,חרדל דיז'ון גרעינים 350 ג' ריין דיזון,ריין דיז'ון reine dijon,FR,חרדל דיגון גרעינים 3,גרמים,350.00,100 גרם,false,,13.90,3.9714,true,1,5951
7290012019265,false,"רסק תפו""ע דיאט תומר מארז 113X4ג'",Cherry growers inc,,"מחית תפו""ע ללא סוכר",גרמים,452.00,100 גרם,false,,11.90,2.6327,true,1,26470
7290012086113,false,עגבניות שרי צימן קופסא 500ג',ירקט,IL,עגבניות שרי,גרמים,500.00,100 גרם,false,,9.90,1.9800,true,1,55855
7290012117350,false,ריצפז פרש 2 ליטר לילך לבנדר,"סנו מפעלי ברונוס בע""",IL,ריצפז פרש לילך לבנדר,ליטרים,2.00,ליטר,false,,19.90,9.9500,true,1,32560
7290012117541,false,מרכך כביסה מקסימה קומפקט צהוב 1 ל' סנו,סנו מקסימה,IL,סנו מקסימה מרכך קומפ,יחידה,0.00,יחידה,false,,18.90,0.0000,true,1,32569
7290012117565,false,כפפות לטקס 100 יח' - S סנו סושי,סנו סושי,IL,סנו סושי 100 כפפות ל,יחידה,0.00,יחידה,false,,44.90,0.0000,true,1,32571
7290012159275,false,מיונז אמיתי לינה 430,לינה,,מיונז לינה 430גר' כש,גרמים,430.00,100 גרם,false,,14.90,3.4651,true,1,11871
7290012159480,false,קאווה גוטה דה מרוויה,,,קאווה גוטה דה מרוויה,מיליליטרים,700.00,"100 מ""ל",false,,30.90,4.4143,true,1,11877
7290012191084,false,המנגליסט גפרורים עשי,,,המנגליסט גפרורים עשי,יחידה,0.00,יחידה,false,,3.50,0.0000,true,1,8429
7290012226021,false,סלמי מעושן פראג יבש 400 ג' זוגלובק,נקניק נהריה כשר זוגל,IL,סלמי מעושן פראג יבש,גרמים,400.00,100 גרם,false,,23.90,5.9750,true,1,42593
7290012226120,false,קבנוס זוגלובק 135גר,נקניק נהריה כשר זוגל,IL,זוגלובק קבנוס 135ג.,גרמים,135.00,100 גרם,false,,12.90,9.5556,true,1,42594
7290012226939,false,קבנוס עם צ'ילי חריף 135ג' זוגלובק,נקניק נהריה כשר זוגל,IL,זוגלובק קבנוס בטעם צ,גרמים,135.00,100 גרם,false,,12.90,9.5556,true,1,42601
7290012227325,false,סלמי דק דק מעושן איטלקי 120 ג' זוגלובק,זוגלובק,IL,זוגלובק סלמי מעושן ד,גרמים,120.00,100 גרם,false,,14.90,12.4167,true,1,108582
7290012227974,false,פסטרמה הודו בדבש טהור דק דק דק,זוגלובק,IL,זוגלובק פסטרמה בדבש,גרמים,120.00,100 גרם,false,,14.90,12.4167,true,1,108583
7290012227998,false,פסטרמה דק דק חזה בקר 120 ג' זוגלובק,זוגלובק,IL,זוגלובק חזה בקר 12,גרמים,120.00,100 גרם,false,,14.90,12.4167,true,1,108591
7290012228124,false,קבנוס סטיקס עם נגיעות מלח ים סדרת ריינהולד'ס,זוגלובק,IL,קבנוס סטיקס 50 גר'.,גרמים,50.00,100 גרם,false,,11.90,23.8000,true,1,107615
7290012309878,false,חלבה פיסטוק ששון הקולה 500 ג',דין שיווק,IL,חלבה פיסטוק שקדיה 50,גרמים,500.00,100 גרם,false,,13.90,2.7800,true,1,5282
7290012372247,false,"קמח כוסמין לבן 1 ק""ג רובינפלד",,,קמח כוסמין לבן רובינ,קילוגרמים,1.00,"ק""ג",false,,17.90,17.9000,true,1,425481
7290012404955,false,ספרינג קולקשן נקטר חמוציות 1.25 ל',"יפאורה תבורי בע""מ",IL,ספרינג נקטר חמוציות,ליטרים,1.25,ליטר,false,,13.50,10.8000,true,1,12304
7290012413636,false,תה ויסוצקי ירוק צ'אי מסאלה 25 יח',ויסוצקי ירוק,IL,תה ירוק צ'אי T.Tשמינ,גרמים,37.50,100 גרם,false,,26.90,71.7333,true,1,26189
7290012413643,false,תה ויסוצקי ירוק קמומיל 25 יח',ויסוצקי ירוק,IL,תה ירוק קמומיל T.Tשמ,גרמים,37.50,100 גרם,false,,26.90,71.7333,true,1,26190
7290012576607,false,"יין פרימייר אדום קברנה סובניון ומלבק 750 מ""ל","ברקן שיווק והפצה בע""",IL,ברקן יין פרמייר אדום,מיליליטרים,750.00,"100 מ""ל",false,,26.90,3.5867,true,1,10310
7290012645389,false,יוגורט עיזים טבעי חלב הארץ 1 ל',מחלבות סוסיא,IL,חלב הארץ יוגורט ביו,ליטרים,1.00,ליטר,false,,23.50,23.5000,true,1,24888
7290012823251,false,אל סבון כיף יסמין לבנדר 1 ליטר,קוסמופארם,IL,אל סבון יסמין לבנדר,ליטרים,1.00,ליטר,false,,14.90,14.9000,true,1,32614
7290012823947,false,"סנו - מרכך כביסה מרוכז פרפיום קריסטל נואר 750 מ""ל",מיוצר עי קונדיטוריית,IL,סנו מקסימה מרכך פרפי,מיליליטרים,750.00,"100 מ""ל",false,,19.90,2.6533,true,1,32641
7290012884986,false,תפוגן ציפס לתנור עד 4% שומן 1.5 קג,"תעשיות תפוגן בע""מ",IL,תפוגן ציפס לתנור עד,קילוגרמים,1.50,"ק""ג",false,,30.90,20.6000,true,1,22175
7290012901355,false,דודלס ארוחת אטריות עם גבינה 206 גרם,האי נאם סי או אל.טי.,US,דודלס ארוחת איטריות,גרמים,206.00,100 גרם,false,,11.90,5.7767,true,1,70153
7290012931062,false,אטבי הדור החדש 10יח,,,אטבי הדור החדש 10יח,יחידה,0.00,יחידה,false,,7.90,0.0000,true,1,146384
7290012931116,false,מגב חד להב סיליקון,מ.א. ייצור ויבוא מטליות,,"מגב חד להב 40 ס""מ SH",יחידה,0.00,יחידה,false,,23.90,0.0000,true,1,14490
7290012931611,false,שייני כריות ברזל שלשייה,,,כריות ברזל שלישייה,יחידה,0.00,יחידה,false,,7.90,0.0000,true,1,14498
7290012938580,false,"סנסודיין משחת שיניים להלבנה עדינה 75 מ""ל",גלקסוסמית'קליין קונס,GB,משחת שיניים הלבנה עד,מיליליטרים,75.00,"100 מ""ל",false,,22.70,30.2667,true,1,4490
7290012962448,false,"מדליק פחם נוזלי 250 מ""ל עם פקק ביטחון EASY LIGHT",איזי לייט Easy light,,מדליק פחם נוזלי 250,מיליליטרים,250.00,"100 מ""ל",false,,11.90,4.7600,true,1,959
7290012962936,false,כפפות ניטריל סייף טא,,,כפפות ניטריל סייף טא,יחידה,0.00,יחידה,false,,29.90,0.0000,true,1,429806
7290013027399,false,לחם קמח מלא קל בתוספת שיפון 750 ג' אנג'ל,מאפיית שלמה א. אנג'ל,IL,לחם 100 בתוספת שיפון,גרמים,750.00,100 גרם,false,,15.90,2.1200,true,1,69891
7290013038432,false,מים מזוככים אקווה נובה,אקווה נובה Aqua Nova,IL,אקווה נובה 2 ליטר,ליטרים,2.00,ליטר,false,,4.90,2.4500,true,1,10316
7290013083678,false,תרכובת מזון המשך לפעוטות שלב 2 Extra Care,מולינו ניקולי s.p.a,IL,מטרנה אקסטרה קר שלב,גרמים,700.00,100 גרם,false,,61.90,8.8429,true,1,21398
7290013083685,false,תרכובת מזון המשך לפעוטות שלב 3 Extra Care,מטרנה תעשיות ש.מ,IL,מטרנה אקסטרה קר שלב,גרמים,700.00,100 גרם,false,,61.90,8.8429,true,1,21399
7290013117212,false,בורקס פילו גבינה מעדנות מעדנות 600 ג',מיוצר עי קונדיטוריית,IL,בורקס פילו גבינה מעד,גרמים,600.00,100 גרם,false,,23.90,3.9833,true,1,39022
7290013117243,false,בורקס פילו בולגרית מעדנות 600 ג',מיוצר עי קונדיטוריית,IL,בורקס פילו בולגרית מ,גרמים,600.00,100 גרם,false,,23.90,3.9833,true,1,39025
7290013117410,false,בצק פריך מרודד למאפים מתוקים 900 ג' מעדנות,מיוצר עי קונדיטוריית,IL,מעדנות בצק פריך מרוד,גרמים,900.00,100 גרם,false,,27.40,3.0444,true,1,69968
7290013121127,false,לחמניות מיני ללא גלוטן,אביב קונדיטוריה מעול,IL,לחמניות מיני ללא גלו,גרמים,480.00,100 גרם,false,,19.90,4.1458,true,1,34283
7290013144393,false,"תמצית בטעם וניל מימונס 50 מ""ל",מיוצר עי קונדיטוריית,IL,תמצית בטעם וניל 50גר,גרמים,50.00,100 גרם,false,,5.50,11.0000,true,1,16211
7290013144751,false,מימונס סירופ בטעם מייפל 500 מל,,,מימונס סירופ בטעם מי,מיליליטרים,500.00,"100 מ""ל",false,,14.90,2.9800,true,1,16222
7290013144980,false,תרסיס שמן קנולה מימונס 170 ג',מולינו ניקולי s.p.a,FI,תרסיס שמן קונולה מימ,גרמים,170.00,100 גרם,false,,16.90,9.9412,true,1,16226
7290013145178,false,קוקוס טחון לבן מימונס 100 ג',,,קוקוס טחון לבן 100 ג,גרמים,100.00,100 גרם,false,,5.90,5.9000,true,1,16241
7290013145192,false,שומשום מימונס 100 ג',,,שומשום 100גר,גרמים,100.00,100 גרם,false,,6.90,6.9000,true,1,16242
7290013145444,false,שוקולד מריר מעולה ציפס 66% מימונס 250 ג',המאפיה של הרמן,IL,מימונס שוקולד ציפס 6,גרמים,250.00,100 גרם,false,,17.90,7.1600,true,1,16250
7290013145840,false,סוכר וניל מימונס 10* 10 ג',מיוצר עי קונדיטוריית,IL,מימונס סוכר וניל 10*,גרמים,100.00,100 גרם,false,,3.50,3.5000,true,1,16273
7290013145857,false,אבקת אפייה 10 יח' בצלופן,י. כהן בעמ,IL,אבקת אפיה 10* 10 גרם,גרמים,100.00,100 גרם,false,,3.50,3.5000,true,1,16274
7290013145901,false,סודה לשתיה מימונס 100 ג',,,סודה לשתיה 100 גרם,גרמים,100.00,100 גרם,false,,2.90,2.9000,true,1,16277
7290013145918,false,אבקת סוכר מימונס 100 גר',א.ל. ייצור ושיווק תב,IL,אבקת סוכר 100 גרם,גרמים,100.00,100 גרם,false,,2.90,2.9000,true,1,16278
7290013145963,false,שמרים יבשים בוואקום מימונוס 125 ג',,,מימונס שמרים יבשים ב,גרמים,125.00,100 גרם,false,,7.90,6.3200,true,1,16282
7290013146304,false,קורנפלור 500 גרם מימונס.,,,מימונס קורנפלור 500,גרמים,500.00,100 גרם,false,,7.90,1.5800,true,1,114641
7290013146663,false,סוכריות קונפטי לקישוט מימונס 55 ג',"מימונס אפיה בע""מ",IL,קונפטי לקישוט צבעוני,גרמים,55.00,100 גרם,false,,12.90,23.4545,true,1,234977
7290013220103,false,דובדבן קפוא 500 גרם,א.מ שרון,PL,דובדבן קפוא 500 גרם,גרמים,500.00,100 גרם,false,,24.90,4.9800,true,1,50420
7290013268020,false,סנו - מקסימה מרכך כביסה מרוכז אולטרה פרש 1 ליטר,"סנו מפעלי ברונוס בע""",IL,סנו מקסימה אולטרא פר,יחידה,0.00,יחידה,false,,18.90,0.0000,true,1,32643
7290013268037,false,סנו מקסימה מרכך כביסה פצ''ולי מרוכז סגול 1 ל',סנו מקסימה,IL,סנו מקסימה פצ'ולי מר,יחידה,0.00,יחידה,false,,18.90,0.0000,true,1,32644
7290013268884,false,ריצפז פרש בניחוח מאסק,מיוצר עי קונדיטוריית,IL,ריצפז פרש מאסק 2 ליט,ליטרים,2.00,ליטר,false,,19.90,9.9500,true,1,32679
7290013268938,false,סנובון סבון אסלה בניחוח מאסק - מארז 3 יח',סנו,IL,סנובון שלישיה מאסק 3,גרמים,195.00,100 גרם,false,,12.90,6.6154,true,1,32683
7290013268983,false,מרכך כביסה סופר מרוכז בבישום עוצמתי סנו מקסימה 1 ל',"סנו מפעלי ברונוס בע""",IL,מקסימה מרכך כביסה בב,יחידה,0.00,יחידה,false,,18.90,0.0000,true,1,328770
7290013269263,false,ג'ל כביסה מרוכז מקסימה בבישום קריסטל נואר,סנו מפעלי ברונוס בעמ,IL,מקסימה גל כביסה קריס,ליטרים,3.00,ליטר,false,,35.90,11.9667,true,1,32694
7290013269287,false,סנו - מקסימה ג'ל כביסה מרוכז מאסק 3 ליטר,"סנו מפעלי ברונוס בע""",IL,מקסימה מאסק גל כביסה,ליטרים,3.00,ליטר,false,,35.90,11.9667,true,1,32695
7290013269645,false,מטליות לחות לניקוי הרצפה בניחוח מאסק ריצפז פרש,סנו מפעלי ברונוס בעמ,IL,ריצפז פרש מטליות לחו,יחידה,0.00,יחידה,false,,12.90,0.0000,true,1,32703
7290013269669,false,ריצפז בניחוח פנטזיה לניקוי הרצפה,"סנו מפעלי ברונוס בע""",IL,ריצפז פנטזיה 3ל,ליטרים,3.00,ליטר,false,,13.90,4.6333,true,1,32705
7290013269850,false,סנו - סושי נייר אפייה אקולוגי 50 יח',מולינו ניקולי s.p.a,IL,סנו סושי נייר אפיה א,יחידה,0.00,יחידה,false,,17.90,0.0000,true,1,32712
7290013284310,false,רוטב פסטה לילדים 240 ג' פריניר,פריניר ( הדס 1987) ב,IL,רוטב לפסטה לילדים פר,גרמים,240.00,100 גרם,false,,6.50,2.7083,true,1,18690
7290013284662,false,רוטב פיצה פיתה לילדים 240 ג' פריניר,פריניר ( הדס 1987) ב,IL,רוטב פיצה פיתה פריני,גרמים,240.00,100 גרם,false,,6.50,2.7083,true,1,18698
7290013310163,false,מדליק פחם מוצק 40 יח' EASY LIGHT,הדקלאים אגודת שיתופי,DE,איזילייט מדליק פחם מ,יחידה,0.00,יחידה,false,,6.90,0.0000,true,1,987
7290013358356,false,מאסטר שף - פירורי לחם מוזהבים 320 גרם,מנה י.א בעמ,IL,מאסטר שף פירורי לחם,גרמים,350.00,100 גרם,false,,9.90,2.8286,true,1,23526
7290013358363,false,פירורי לחם פנקו מזוהבים מאסטר שף מנה 300 ג',קריניציה ויטמינה אס,IL,מאסטר שף פירורי לחם,גרמים,300.00,100 גרם,false,,10.90,3.6333,true,1,23527
7290013358417,false,"רוטב טיריאקי מאסטר שף אסייאתי 300 מ""ל",קריניציה ויטמינה אס,TH,מאסטר שף אסייאתי רוט,מיליליטרים,300.00,"100 מ""ל",false,,15.90,5.3000,true,1,23531
7290013358493,false,"קרם קוקוס מאסטר שף 400 מ""ל",תאי קוקונט פבליק קומ,TH,מאסטר שף אסייאתי קרם,מיליליטרים,400.00,"100 מ""ל",false,,9.90,2.4750,true,1,23537
7290013358530,false,מאסטר שף אסייאתי רוטב צ'ילי מתוק 700 מל,קריניציה ויטמינה אס,TH,מאסטר שף רוטב צ'ילי,מיליליטרים,700.00,"100 מ""ל",false,,15.90,2.2714,true,1,23541
7290013358547,false,מאסטר שף אסייאתי רוטב צ'ילי חריף 700 מל,קי אר אס ספייסי פוד,TH,מאסטר שף רוטב צ'ילי,מיליליטרים,700.00,"100 מ""ל",false,,15.90,2.2714,true,1,23542
7290013531117,false,רוטב פסטה לילדים 240 גרם יכין,"זנלכל בע""מ",IL,רוטב לפסטה לילדים יכ,גרמים,260.00,100 גרם,false,,6.50,2.5000,true,1,9422
7290013531759,false,שעועית אפויה במים 550 ג' יכין,"זנלכל בע""מ",IL,שעועית אפויה במים יכ,גרמים,550.00,100 גרם,false,,10.90,1.9818,true,1,9441
7290013581648,false,מינוט סטייק אל מטאד,,,מינוט סטייק אל מטאד,גרמים,250.00,100 גרם,false,,27.90,11.1600,true,1,273827
7290013585233,false,"ספרייט זירו פחית סליק 330 מ""ל",קוקה קולה Coca Cola,IL,פחית סליק 330 מל ZER,מיליליטרים,330.00,"100 מ""ל",false,,5.50,1.6667,true,1,7807
7290013585387,false,קוקה קולה זירו בקבוק,החברה המרכזית לייצור,IL,קולה זירו 1 ליטר,ליטרים,1.00,ליטר,false,,7.90,7.9000,true,1,7818
7290013585394,false,קוקה קולה קלאסי,החברה המרכזית לייצור,IL,קוקה קולה 1 ליטר,ליטרים,1.00,ליטר,false,,7.90,7.9000,true,1,7819
7290013608260,false,פרימור מיץ רימונים 100% סחוט טרי 1ל',"גניר (1992) בע""מ",IL,פרימור מיץ רימונים ס,יחידה,0.00,יחידה,false,,27.70,0.0000,true,1,24895
7290013675545,false,שניצל כלי תחבורה מאמא עוף 700 ג',,,שניצל כלי תחבורה 700,גרמים,700.00,100 גרם,false,,38.90,5.5571,true,1,122662
7290013677174,false,אורז מלא בוואקום מיה 500 גר',מיה תעשיות מזון בעמ,IL,אורז מלא סלקטד 500גר,גרמים,500.00,100 גרם,false,,11.10,2.2200,true,1,15832
7290013713049,false,בירה גמס חזקה בק 330,"אביר הבר בע""מ",IL,ג'מס בקבוקי 8.8 330,מיליליטרים,330.00,"100 מ""ל",false,,13.20,4.0000,true,1,149814
7290013724991,false,משוקולדים לוז חלב 160 גר' סקופסא,דין שיווק,IL,אגוזי לוז בציפוי שוק,גרמים,140.00,100 גרם,false,,11.90,8.5000,true,1,5297
7290013725820,false,משוקלדים לוז מריר 160 גר' קופסא,"דין שיווק וקליה בע""מ",IL,אגוזי לוז בציפוי שוק,גרמים,140.00,100 גרם,false,,11.90,8.5000,true,1,5300
7290013793102,false,ערכת נוזלי עטרת מלכו,,,ערכת נוזלי עטרת מלכו,יחידה,0.00,יחידה,false,,70.90,0.0000,true,1,108944
7290013793126,false,ערכת מוצק אור והדר,,,ערכת מוצק אור והדר,יחידה,0.00,יחידה,false,,60.90,0.0000,true,1,108946
7290013847102,false,נתחי טונה בהירה בשמן - מארז שלישיה,סטארקיסט Starkist,,טונה בשמן סטארקיסט ש,גרמים,240.00,100 גרם,false,,15.90,6.6250,true,1,28470
7290013848345,false,מארז מטליות לחיטוי וניקוי יסודי אנטיבקטריאלי 99.9%,סנו מפעלי ברונוס בעמ,IL,מטליות לחות לחיטוי י,יחידה,0.00,יחידה,false,,24.90,0.0000,true,1,139938
7290013848758,false,סנו - מקסימה ג'ל כביסה מרוכז בייבי 3 ליטר,"סנו מפעלי ברונוס בע""",IL,סנו מקסימה ג'ל כביסה,ליטרים,3.00,ליטר,false,,38.90,12.9667,true,1,32737
7290013861054,false,משוקלדים צימוק חלב 140 ג' קופסא,"דין שיווק וקליה בע""מ",IL,שקדיה צימוקים בשוק.ח,גרמים,140.00,100 גרם,false,,11.90,8.5000,true,1,5303
7290013861061,false,בוטנים בשוקולד חלב 160גר,שקדיה,,שקדיה בוטנים בשוק.חל,גרמים,140.00,100 גרם,false,,11.90,8.5000,true,1,5304
7290013906052,false,נקניקיות פרגיות טירת צבי 300 גר',הנסיך- מפעל לייצור ט,IL,טירת צבי נקניקיות פר,גרמים,300.00,100 גרם,false,,13.90,4.6333,true,1,26776
7290013906205,false,פסטרמה עם שום וצילי טירת צבי 400 ג',הנסיך- מפעל לייצור ט,IL,טירת צבי פסטרמה שום,גרמים,400.00,100 גרם,false,,30.90,7.7250,true,1,26777
7290013906236,false,סלמי גלבוע טירת צבי 400 ג',הנסיך- מפעל לייצור ט,IL,טירת צבי סלמי גלבוע,גרמים,400.00,100 גרם,false,,24.50,6.1250,true,1,26780
7290013906687,false,פסט' צמד כפרית ברביקיו ודבש 300X2ג' טירת צבי,הנסיך- מפעל לייצור ט,IL,טירת צבי צמד כפרית ב,גרמים,600.00,100 גרם,false,,28.90,4.8167,true,1,26797
7290013906694,false,נקניקיות שקית קילו וחצי טירת צבי,הנסיך- מפעל לייצור ט,IL,"נקניקיות עוף 1.5 ק""ג",קילוגרמים,1.50,"100 ק""ג",false,,37.90,2526.6667,true,1,406633
7290013906700,false,"נקניקיות הודו טירת צבי כשרות הרב מחפוד 1.5 ק""ג",טירת צבי,IL,"נקניקיות הודו 1.5 ק""",קילוגרמים,1.50,"100 ק""ג",false,,38.90,2593.3333,true,1,406618
7290014002197,false,ויסוצקי חליטת קמומיל ולימונית 25*1.5ג,ויסוצקי,IL,תה חליטת קמומיל ולימ,גרמים,37.50,100 גרם,false,,19.90,53.0667,true,1,26200
7290014002203,false,תה ויסוצקי חליטת לימונית ולואיזה 20יח',HIQ FOOD PRODUCTS,IL,תה חליטת לימונית ולו,גרמים,37.50,100 גרם,false,,19.90,53.0667,true,1,26201
7290014002944,false,גן קסום חליטת פירות וצמחים חמדת שקד 25 שקיקים,HIQ FOOD PRODUCTS,IL,תה גן קסום חליטת חמא,גרמים,62.50,100 גרם,false,,19.90,31.8400,true,1,26216
7290014079014,false,לבבות קיסר ארוז נספק,"מרינה פטריות הגליל בע""מ",IL,לבבות קיסר,גרמים,300.00,100 גרם,false,,10.90,3.6333,true,1,55926
7290014079854,false,זוג לבבות חסה ארץ הג,"מרינה פטריות הגליל בע""מ",IL,זוג לבבות חסה ארץ הג,יח',1.00,יח',false,,10.90,10.9000,true,1,55934
7290014083813,false,וילי פוד מריגה שפרוטים מעושנים בשמן 190ג,הנסיך- מפעל לייצור ט,LV,בריוולס וילניס שפרוט,גרמים,190.00,100 גרם,false,,10.90,5.7368,true,1,3678
7290014094352,false,אגוזי מלך בקופסא 200 ג',"דין שיווק וקליה בע""מ",,ששון הקולה אגוז מלך,גרמים,200.00,100 גרם,false,,16.90,8.4500,true,1,5318
7290014094376,false,שזיפים ללא גלעין ששו,"דין שיווק וקליה בע""מ",,שזיף ללא גלעין בקופס,גרמים,250.00,100 גרם,false,,25.90,10.3600,true,1,5320
7290014094383,false,משמש מיובש ששון הקול,"דין שיווק וקליה בע""מ",,שקדיה משמש מיובש 250,גרמים,250.00,100 גרם,false,,24.90,9.9600,true,1,5321
7290014094406,false,צימוק לבן 330 ג' בקופסא,"דין שיווק וקליה בע""מ",,צימוק בהיר בקופסא 2,גרמים,250.00,100 גרם,false,,17.90,7.1600,true,1,5323
7290014094826,false,שזיפים מיובשים מגולע,"דין שיווק וקליה בע""מ",,שזיפים ללא גלעין 300,גרמים,300.00,100 גרם,false,,21.90,7.3000,true,1,5346
7290014095960,false,שיבולת שועל עבה להכנה מהירה,"דין שיווק וקליה בע""מ",IL,שיבולת שועל עבה קווא,גרמים,500.00,100 גרם,false,,6.90,1.3800,true,1,5361
7290014217225,false,תבלין גריל עוף מיכל 120גר,תות ממתקי איכות,IL,טעם וריח גריל עוף מי,גרמים,120.00,100 גרם,false,,11.90,9.9167,true,1,49508
7290014218932,false,חטיפי פיצה בתוספת זיתים 710 ג' מעדנות,מיוצר עי קונדיטוריית,IL,חטיפי פיצה בתוספת זי,גרמים,710.00,100 גרם,false,,36.90,5.1972,true,1,145647
7290014325036,false,סוכריות ג'לי עטופות שמחות 600גרם,מיה תעשיות מזון בעמ,IL,ג'לי שמחות 600 גרם,גרמים,600.00,100 גרם,false,,20.90,3.4833,true,1,15879
7290014397279,false,שקיות מזון נשלפות XL גדולות במיוחד,אשפלסט תעשיות,IL,סנו סושי שקיות מזון,יחידה,0.00,יחידה,false,,14.90,0.0000,true,1,32762
7290014397286,false,מרכך כביסה מקסימה מרוכז חלב ודבש 1 ל' סנו,סנו מקסימה,IL,סנו מקסימה קר מרכך מ,ליטרים,1.00,ליטר,false,,18.90,18.9000,true,1,32763
7290014397514,false,"סנו פרש הום מבשם כותנה מלטפת 350מ""ל","סנו מפעלי ברונוס בע""",IL,סנו פרש הום כותנה מל,מיליליטרים,350.00,"100 מ""ל",false,,12.90,3.6857,true,1,32770
7290014397873,false,מרכך כביסה בבישום עוצמתי ג'נטל בריז,סנו מקסימה,IL,מרכך כביסה סנו מקסימ,ליטרים,4.00,ליטר,false,,23.90,5.9750,true,1,203644
7290014455245,false,גבינת גרנה פדנו משולש 29% 200 גרם בית יוסף,מחלבת סוציאלה מנטובה,IT,גד גרנה פדנו משולש כ,גרמים,200.00,100 גרם,false,,27.80,13.9000,true,1,15455
7290014455252,false,גבינה קשה מגורדת גרנה פדנו 29% שומן,מחלבות גד שיווק 1992,IT,גד גרנה פדנו מגורד כ,גרמים,100.00,100 גרם,false,,13.80,13.8000,true,1,15456
7290014455467,false,ירח מתוק מעדן חלב 2% ושיבולת שועל גד 150ג',מחלבות גד,IL,גד מעדן שיבולת שועל,מיליליטרים,150.00,"100 מ""ל",false,,7.00,4.6667,true,1,15464
7290014459137,false,"צ'יפס תפוגן סטייק 1.5 ק""ג","תעשיות תפוגן בע""מ",IL,תפוגן סטייק ציפס 1.5,קילוגרמים,1.50,"ק""ג",false,,28.90,19.2667,true,1,22186
7290014459472,false,"צ'יפס תפוגן קלאסי 2 ק""ג",עיצובים 2020 (4.5),,תפוגן צ`יפס קלאסי 2,קילוגרמים,2.00,"ק""ג",false,,30.90,15.4500,true,1,114659
7290014525290,false,חטיף קריספי עם מילוי בטעם תות שדה,סלים דליס Slim Delis,NL,חטיף מרבה קריספי תות,גרמים,125.00,100 גרם,false,,13.90,11.1200,true,1,119904
7290014636545,false,שלישית מגבות מטבח ג'קרד,,,שלישית מגבות מטבח פס,יחידה,0.00,יחידה,false,,19.90,0.0000,true,1,407606
7290014636675,false,מגבת גוף חלקה 550 גר,,,מגבת גוף מנהטן 70*13,יחידה,0.00,יחידה,false,,34.90,0.0000,true,1,124796
7290014673014,false,תבליני מימון פלפל אנ,,,תבליני מימון פלפל אנ,גרמים,90.00,100 גרם,false,,15.90,17.6667,true,1,260
7290014673403,false,פלפל שחור טחון 250 גרם,TLV צ'יף,IL,מימון פלפל שחור טחון,גרמים,250.00,100 גרם,false,,33.90,13.5600,true,1,269
7290014674004,false,קריספ פירורי לחם שומשום ומלח ים 300 גרם,,,פירורי לחם עם שומשום,גרמים,300.00,100 גרם,false,,8.90,2.9667,true,1,443523
7290014692305,false,גבינת קממבר 125ג' CASTELLO ויליפוד,הנסיך- מפעל לייצור ט,DK,גבינת קממבר 125 גרם,גרמים,125.00,100 גרם,false,,19.90,15.9200,true,1,3683
7290014731189,false,"כפיות ח""פ לבן 100 יח",,,כפיות P.P לבן 100 יח,יח',100.00,יח',false,,7.90,0.0790,true,1,58300
7290014731264,false,כוסות לשתייה קרה 100 יחי',,,כוסות לשתיה קרה חד פ,יח',100.00,יח',false,,7.90,0.0790,true,1,30236
7290014748613,false,דג טוב מקלוני דגים בציפוי ציפס 600גר,עיצובים 2020 (4.9),IL,דג טוב מקלוני דגים ב,גרמים,600.00,100 גרם,false,,35.90,5.9833,true,1,134462
7290014749245,false,ספיישל רצועות שניצל שומשום עוף טוב 600 גרם,מוצרי עוף טוב (2001),IL,רצועות שניצל שומשום,גרמים,600.00,100 גרם,false,,40.90,6.8167,true,1,234993
7290014749702,false,שניצל עוף ביתי שומשו,מוצרי עוף טוב (2001),IL,ש.עוף ביתי עם שומשום,גרמים,700.00,100 גרם,false,,45.90,6.5571,true,1,234978
7290014749764,false,עוף טוב שניצל עוף ביתי עדין 700,מוצרי עוף טוב (2001),IL,שניצל עוף ביתי כזה ע,גרמים,700.00,100 גרם,false,,45.90,6.5571,true,1,234944
7290014749849,false,שניצל דק ענק קריספי שומשום עוף טוב 720 גר',מולינו ניקולי s.p.a,IL,שניצל עוף דקיק בציפו,גרמים,720.00,100 גרם,false,,40.90,5.6806,true,1,317257
7290014758100,false,מאגדת יוגורט ביו 3% שומן 8 יח' *150ג' תנובה,מיוצר עי קונדיטוריית,IL,יוגורט תנובה 3% 8*15,קילוגרמים,1.20,"ק""ג",false,,17.50,14.5833,true,1,27745
7290014758162,false,חלב עיזים מלא 3.6% קרטון 1 ל' תנובה,תנובה מרכז שיתופי לש,IL,חלב תנובה עיזים מלא,ליטרים,1.00,ליטר,false,,16.70,16.7000,true,1,27748
7290014759978,false,"גבינת קצקבל פלח גלעד 27%, 200 ג'",תנובה,IL,גבינות תנובה קצקבל פ,גרמים,200.00,100 גרם,false,,29.50,14.7500,true,1,27788
7290014759985,false,"גבינת פרמזן גבע 23% פלח, 200 ג'",תנובה,IL,גבינה קשה מחלב בקר 2,גרמים,200.00,100 גרם,false,,28.50,14.2500,true,1,27789
7290014759992,false,גבינת רוקפור גליל פלח 140 ג' תנובה,"תנובה, מחלבת תל יוסף",IL,גבינות תנובה רוקפור,גרמים,140.00,100 גרם,false,,20.00,14.2857,true,1,27790
7290014760141,false,משקה שקדים תנובה E אלטרנטיב,תנובה Alternative,IL,תנובה משקה שקדים טרי,יחידה,0.00,יחידה,false,,15.50,0.0000,true,1,27792
7290014760912,false,פרוסות גבינה 28% שומן 400 ג' גוש חלב,תנובה מרכז שיתופי לש,IL,גוש חלב 28% מהדרין 4,גרמים,400.00,100 גרם,false,,27.90,6.9750,true,1,27813
7290014761056,false,מעדן שוקולד חלב מעולה 123 ג' יולו,מיוצר עי קונדיטוריית,IL,יולו שוקולד חלב מעול,גרמים,122.00,100 גרם,false,,5.70,4.6721,true,1,27817
7290014761063,false,מעדן שוקולד מריר מעולה 123 ג' יולו,מיוצר עי קונדיטוריית,IL,יולו שוקולד מריר מעו,גרמים,122.00,100 גרם,false,,5.70,4.6721,true,1,27818
7290014761070,false,מעדן שוקולד לבן מעולה 123 ג' יולו,מיוצר עי קונדיטוריית,IL,יולו שוקולד לבן מעול,גרמים,122.00,100 גרם,false,,5.70,4.6721,true,1,27819
7290014761193,false,יוגורט עם פירות יער 1.5% שומן 125 ג' פרילי,תנובה מרכז שיתופי לש,IL,פרילי פירות יער 1.5%,גרמים,125.00,100 גרם,false,,4.10,3.2800,true,1,27822
7290014761414,false,מעדן שכבות שוקולד חלב ולבן 123 ג' יולו,מיוצר עי קונדיטוריית,IL,יולו מעדן שכבות שוקו,גרמים,122.00,100 גרם,false,,5.70,4.6721,true,1,27836
7290014762909,false,פתיתי מוצרלה 20% שומן 200 ג' השף הלבן,"תנובה, מחלבת תל יוסף",IL,פתיתי מוצרלה 200 גר`,גרמים,200.00,100 גרם,false,,17.90,8.9500,true,1,27899
7290014763272,false,יוגורט סויה BIO לשתייה תות ובננה אלטרנטיב,תות תעשיות מזון (201,IL,משקה סויה ביו עם תות,מיליליטרים,250.00,"100 מ""ל",false,,7.20,2.8800,true,1,27912
7290014763418,false,"כד יוגרט תנובה 4% שומן 1.5 ליטר, מהדרין",תנובה מרכז שיתופי לש,IL,יוגורט כד תנובה 4% 1,ליטרים,1.50,ליטר,false,,16.90,11.2667,true,1,27922
7290014855434,false,מגבונים בייביסיטר פרפורמנס מבושם רביעיה,בייביסיטר Babysitter,,בייביסיטר פרפורמנס מ,יחידה,0.00,יחידה,false,,17.90,0.0000,true,1,31709
7290014855458,false,מגבוני בייביסיטר פרפורמנס ללא בישום מארז 72X4יח',בייביסיטר Babysitter,,מגבוני בייבי פרפורמנ,יחידה,0.00,יחידה,false,,17.90,0.0000,true,1,31710
7290014905733,false,"הפי - מרסס להברקת שמשות 750 מ""ל",יוליניבר,TR,הפי מרסס לניקוי חלונ,מיליליטרים,750.00,"100 מ""ל",false,,9.90,1.3200,true,1,12134
7290014910515,false,שפרוטים מעושנים רויא,,,שפרוטים מעושנים רויא,גרמים,250.00,100 גרם,false,,13.90,5.5600,true,1,108274
7290014940901,false,לחם פשוט מלא 750 ג' אנג'ל,מאפית אנגל,IL,לחם פשוט מלא אנגל 75,גרמים,750.00,100 גרם,false,,15.90,2.1200,true,1,69906
7290015033299,false,פרורי לחם קלאסי שקית,חטיפים מן הארץ,,פרורי לחם קלאסי שקית,גרמים,400.00,100 גרם,false,,5.90,1.4750,true,1,512909
7290015039246,false,נתחי טונה בשמן צמחי רביעיה * 160 ג' וילי פוד,וילי פוד,TH,טונה בהירה בשמן וילי,גרמים,640.00,100 גרם,false,,24.60,3.8438,true,1,3714
7290015039338,false,נתחי טונה במי מלח רביעיה * 160 ג' וילי פוד,וילי פוד,,טונה במי מלח ויליפוד,גרמים,640.00,100 גרם,false,,24.60,3.8438,true,1,3717
7290015150903,false,תה ירוק קינמון דבש 25 שקיקים,ויסוצקי ירוק,IL,תה ירוק קינמון ודבש,גרמים,37.50,100 גרם,false,,26.90,71.7333,true,1,26257
7290015251181,false,שלישיית ס.ידים כחול 500מל נובו,סאסאטק,IL,סבון ידיים כחול נובו,ליטרים,1.50,ליטר,false,,12.90,8.6000,true,1,41643
7290015251198,false,"סבון ידים נובו סגול מארז 500X3מ""ל",סאסאטק,IL,נובו סבון ידיים סגול,ליטרים,1.50,ליטר,false,,12.90,8.6000,true,1,41644
7290015253314,false,"פחם נמיביה אדום 4 ק""",,,"פחם נמיביה אדום 4 ק""",יחידה,0.00,יחידה,false,,27.90,0.0000,true,1,410202
7290015324014,false,תבלין פלפל שחור טחון 80 ג',תות ממתקי איכות,IL,טעם וריח פלפל שחור ט,גרמים,80.00,100 גרם,false,,12.90,16.1250,true,1,49519
7290015324038,false,פפריקה מרוקאית מתוקה בשמן,תות ממתקי איכות,IL,טעם וריח פפריקה בשמן,גרמים,80.00,100 גרם,false,,6.50,8.1250,true,1,49520
7290015324090,false,תבלין כמון טחון 80 ג',תות ממתקי איכות,IL,טעם וריח כמון שקית 8,גרמים,80.00,100 גרם,false,,8.90,11.1250,true,1,49525
7290015324106,false,תבלין כורכום טחון 80 גר',תות ממתקי איכות,IL,טעם וריח כורכום שקית,גרמים,80.00,100 גרם,false,,8.90,11.1250,true,1,49526
7290015324175,false,תבלין שווארמה תיבול 80 גר' שק',תבליני טעם וריח,IL,תערובת תיבול לשווארמ,גרמים,80.00,100 גרם,false,,6.80,8.5000,true,1,49531
7290015328531,false,להבונים 50 יח' 3 שעו,,,להבונים 50 יח' 3 שעו,יחידה,0.00,יחידה,false,,10.90,0.0000,true,1,114778
7290015328647,false,נר נשמה בפח 24 שעות,,,נר נשמה בפח 24 שעות,יחידה,0.00,יחידה,false,,1.90,0.0000,true,1,132298
7290015328791,false,נרות חנוכה צבעוניים,,,נרות חנוכה צבעוניים,יחידה,0.00,יחידה,false,,4.90,0.0000,true,1,133151
7290015347488,false,"סוכר דמררה חום שקית מיה 1 ק""ג",מיה תעשיות מזון בעמ,IL,סוכר דמררה בשקית מיה,קילוגרמים,1.00,"ק""ג",false,,10.90,10.9000,true,1,15920
7290015348089,false,"יין למברוסקו/קאווה ביאנקו לבן 750 מ""ל",vi.mo - גאטטיקו,IT,למברוסקו אמיליאנו לב,מיליליטרים,750.00,"100 מ""ל",false,,27.20,3.6267,true,1,10318
7290015366670,false,משחת שיניים הגנה משולשת מנטה מרענן,אקווה פרש Aquafresh,SK,מש.שיניים מנטה אקווה,גרמים,100.00,100 גרם,false,,7.90,7.9000,true,1,4579
7290015437431,false,רכז רימונים תומר 420,תומר,,רכז רימונים תומר 42,גרמים,420.00,100 גרם,false,,22.90,5.4524,true,1,264861
7290015596817,false,"ד""ר פישר - אפקטיב קר קרם גוף מועשר בשמן קוקוס 450 מ""ל",,,קרם גוף אפקטיב קר 4,מיליליטרים,450.00,"100 מ""ל",false,,25.90,5.7556,true,1,288220
7290015603584,false,גינגר לבן כבוש ללא מ,לאיווי איפנג פודס קו,CN,ג'ינג'ר לבן כבוש ללא,גרמים,160.00,100 גרם,false,,8.90,5.5625,true,1,15212
7290015644297,false,אנג'ל הלחמניה המלאה 6יח 450 ג',מאפיית שלמה א. אנג'ל,IL,6 לחמניות פשוט מלא א,יחידה,0.00,יחידה,false,,11.90,0.0000,true,1,120659
7290015652278,false,תערובת פיצוחים ששון,"דין שיווק וקליה בע""מ",IL,תערובת פיצוחים ששון,גרמים,250.00,100 גרם,false,,20.00,8.0000,true,1,64736
7290015652292,false,קבוקים עם שומשום 400גר,"דין שיווק וקליה בע""מ",IL,קבוקים עם שומשום ששו,גרמים,400.00,100 גרם,false,,10.00,2.5000,true,1,118208
7290015652308,false,מנצ'ס ששון הקולה 300,,,מנצ'ס ששון הקולה 300,גרמים,300.00,100 גרם,false,,10.00,3.3333,true,1,118209
7290015766005,false,עגבניות שרי וויטני,אראל תוצרת חקלאית בע,IL,שרי וויטני יחידה,גרמים,500.00,100 גרם,false,,10.90,2.1800,true,1,126253
7290015781091,false,"יין ויז'ן קברנה סובניון 750 מ""ל",יקב טפרברג 1870 בעמ,IL,ויז'ן קברנה סובניון,מיליליטרים,750.00,"100 מ""ל",false,,42.90,5.7200,true,1,12433
7290015821537,false,נרות חנוכה לוקס 45 יחידות,,,נרות חנוכה לוקס 1/2,יחידה,0.00,יחידה,false,,7.90,0.0000,true,1,524008
7290015865739,false,קונפיטורת לייט אוכמנ,,,קונפיטורה לייט אוכמנ,גרמים,400.00,100 גרם,false,,21.90,5.4750,true,1,386881
7290016006025,false,סודה שוופס בקבוק 500,יפאורה תבורי בעמ,IL,שוופס סודה 500מל,מיליליטרים,500.00,"100 מ""ל",false,,3.90,0.7800,true,1,12375
7290016006292,false,נקטר מנגו בננה מלון קרטונית 1 ל' ספרינג,"יפאורה תבורי בע""מ",IL,ספרינג מנגו בננה מלו,יחידה,0.00,יחידה,false,,7.90,0.0000,true,1,12382
7290016006322,false,מים מינרליים מי עדן,מופק ממקור בזלתי עדן,IL,מי עדן 1 ליטר,ליטרים,1.00,ליטר,false,,2.90,2.9000,true,1,12383
7290016006339,false,מים מינרלים - מארז רביעייה,מופק ממקור בזלתי עדן,IL,מי עדן רביעייה 1 ליט,ליטרים,4.00,ליטר,false,,11.90,2.9750,true,1,12384
7290016006346,false,שוופס סודה מארז שישייה * 0.5 ל',יפאורה תבורי בעמ,IL,שוופס סודה שישייה 0.,ליטרים,3.00,ליטר,false,,15.90,5.3000,true,1,12385
7290016096491,false,נתחי טונה בהירה בשמן צמחי שלישיה *80ג' פילטונה,,,נתחי טונה בשמן צמחי,גרמים,240.00,100 גרם,false,,11.90,4.9583,true,1,124019
7290016150117,false,סלק אדום מבושל 500 ג' בוואקום,חקלאי,IL,מעדן סלק בוואקום 500,גרמים,500.00,100 גרם,false,,6.90,1.3800,true,1,98688
7290016197488,false,מטליות מיקרופייבר למשטחים ניקול 3יח',UFO INC,CN,מטלית קסם לשיש מארז,יחידה,0.00,יחידה,false,,12.90,0.0000,true,1,9798
7290016197495,false,מטלית קסם מיקרופייבר לרצפה ניקול 2יח',חוגלה קימברלי,CN,מטלית קסם לרצפה מארז,יחידה,0.00,יחידה,false,,19.90,0.0000,true,1,9799
7290016233384,false,גפילטע פיש 7קציצות מהדרין 550ג',,,גפילטא פיש 7 קציצות,גרמים,555.00,100 גרם,false,,16.90,3.0450,true,1,91523
7290016246018,false,בארכה מיקס פינוקיות חלווה 10*20ג,רושדי תעשיות מזון בע,IL,בארכה מיקס פינוקיות,גרמים,200.00,100 גרם,false,,13.90,6.9500,true,1,21423
7290016270907,false,ברוקולי ארוז במגשית,,,ברוקולי,יח',1.00,יח',false,,9.90,9.9000,true,1,138890
7290016273090,false,סוכריה על מקל בטעם תות בננה 31 גרם,אוריגינל גורמה,US,סוכרית לוליפופ על מק,גרמים,31.00,100 גרם,false,,5.50,17.7419,true,1,145489
7290016304596,false,מארז 10 לחמניות בשקית,מאפית דוידוביץ ובניו,IL,10 לחמניות לסנדוויץ,גרמים,750.00,100 גרם,false,,17.90,2.3867,true,1,509962
7290016321661,false,מגבונים פרש וואנס סנסיטיב קר רביעיה,עלבד משואות יצחק,IL,מגבוני פרש וואנס רבי,יחידה,0.00,יחידה,false,,20.90,0.0000,true,1,149151
7290016372335,false,עגבניות חתוכות לקובי,,,עגבניות חתוכות לקובי,גרמים,400.00,100 גרם,false,,7.00,1.7500,true,1,334363
7290016509786,false,פרסיל - ג'ל כביסה ירוק 2.50 ליטר,פרסיל Persil,IL,פרסיל ג'ל 2.5 ליטר י,ליטרים,2.50,ליטר,false,,37.90,15.1600,true,1,125802
7290016509830,false,ג'ל כביסה לבגדי תינוקות ובעלי עור רגיש Sensitive,פרסיל Persil,IL,פרסיל ג'ל 2.5 ליטר ב,ליטרים,2.50,ליטר,false,,37.90,15.1600,true,1,125807
7290016510232,false,"תחליב רחצה הוואי יוגורט קוקוס 700 מ""ל",תאי פרזידנט פוד פאבל,IL,תחליב רחצה יוגורט קו,מיליליטרים,700.00,"100 מ""ל",false,,10.90,1.5571,true,1,126685
7290016510249,false,"הוואי - תחליב רחצה יוגורט שקדים 700 מ""ל",תאי פרזידנט פוד פאבל,IL,תחליב רחצה יוגורט שק,מיליליטרים,700.00,"100 מ""ל",false,,10.90,1.5571,true,1,126686
7290016564006,false,מבריקל הפלא ספוגית 3 יח',,,מבריקל הפלא,יחידה,0.00,יחידה,false,,10.90,0.0000,true,1,59765
7290016584011,false,חטיפוני גזר 350 גרם,"מרינה פטריות הגליל בע""מ",IL,חטיפוני גזר 350 גרם,גרמים,350.00,100 גרם,false,,12.90,3.6857,true,1,114584
7290016682328,false,מיץ תפוזים מרכז 2 ליטר,פריניב,IL,פרי ניב מיץ תפוזים ט,ליטרים,2.00,ליטר,false,,21.80,10.9000,true,1,373016
7290016717099,false,"יין כרמל סלקטד אדום חצי יבש, 750 מ""ל",יקבי כרמל Carmel Winery,IL,יין סלקטד אדום חצי י,מיליליטרים,750.00,"100 מ""ל",false,,32.90,4.3867,true,1,609
7290016717631,false,יין מוסקטו בעל חוזק אלכוהול נמוך פרייבט קולקשן,אגודת הכורמים הקואופ,IL,יין P.C מוסקטו יין,מיליליטרים,750.00,"100 מ""ל",false,,44.90,5.9867,true,1,122295
7290016867039,false,פיתות קלות כוסמין בתוספת מחמצת 6 יח',המאפה של דר מרק בריא,IL,פיתות קלות כוסמין בת,גרמים,324.00,100 גרם,false,,16.90,5.2160,true,1,360505
7290016867046,false,פיתות קלות כוסמין במתיקות מעודנת 6 יח',המאפה של דר מרק בריא,IL,פיתות קלות כוסמין במ,גרמים,303.00,100 גרם,false,,16.90,5.5776,true,1,360506
7290016867053,false,לחם קל כוסמין בתוספת מחמצת 450 גר',המאפה של דר מרק בריא,IL,לחם קל כוסמין בתוספת,גרמים,450.00,100 גרם,false,,20.90,4.6444,true,1,360457
7290016867114,false,לחם כוסמין קל מלא 500 גר',המאפה של דר מרק בריא,IL,לחם כוסמין קל מלא 50,גרמים,500.00,100 גרם,false,,19.90,3.9800,true,1,360440
7290016867138,false,לחמניות קלות כוסמין,,,לחמניות קלות כוסמין,גרמים,330.00,100 גרם,false,,13.90,4.2121,true,1,360489
7290016867152,false,"פיתות קלות כוסמין ד""ר מרק 5יח'",המאפה של דר מרק בריא,IL,פיתות קלות כוסמין 29,גרמים,292.00,100 גרם,false,,14.90,5.1027,true,1,360508
7290016867176,false,"לחמניות קלות כוסמין שומשום 6יח' ד""ר מרק",המאפה של דר מרק,IL,לחמניות ק. כוסמין שו,גרמים,300.00,100 גרם,false,,15.90,5.3000,true,1,360490
7290016867244,false,לחמניות מחמצת כוסמין 99 קלוריות מארז,המאפה של דר מרק בריא,IL,לחמניות מחמצת כוסמין,גרמים,321.00,100 גרם,false,,15.90,4.9533,true,1,360473
7290016883091,false,חרדל דיזון שקדיה 350,דין שיווק,FR,חרדל דיז'ון שקדיה 35,גרמים,350.00,100 גרם,false,,12.90,3.6857,true,1,458060
7290016967074,false,לחם אנג'ל 100 חיטה מלאה 750 גר',מאפיית שלמה א. אנג'ל,IL,חיטה מלאה אנגל 750 ג,גרמים,750.00,100 גרם,false,,17.90,2.3867,true,1,69743
7290017023229,false,רביעיית פחיות שוופס מוגז פירות תות ליים 330 מל.,יפאורה תבורי,IL,רביעיית משקה שוופס ב,ליטרים,1.32,ליטר,false,,14.90,11.2879,true,1,122579
7290017023236,false,רביעיית פחיות שוופס מוגז פירות ענבים 330 מל.,יפאורה תבורי,IL,רביעיית משקה שוופס ב,ליטרים,1.32,ליטר,false,,14.90,11.2879,true,1,122580
7290017023854,false,מי סודה בקבוקים אישיים - מארז 4 יח',יפאורה תבורי בעמ,IL,"שוופס סודה 250 מ""ל ר",ליטרים,1.00,ליטר,false,,12.90,12.9000,true,1,138003
7290017031705,false,"סנסודיין - משחת שיניים קלין&פרש 75 מ""ל",DE MICLEN,SK,משחת שיניים קלין&פרש,מיליליטרים,75.00,"100 מ""ל",false,,22.70,30.2667,true,1,134960
7290017040332,false,בסיס פיצה מכרובית לל,,,בסיס פיצה מכרובית לל,יחידה,0.00,יחידה,false,,23.90,0.0000,true,1,426871
7290017062693,false,מרכך כביסה מרוכז לבן טאצ 1ל',סאסאטק,IL,מרכך כביסה מרוכז טאצ,ליטרים,1.00,ליטר,false,,13.90,13.9000,true,1,284501
7290017062730,false,"נוזל כלים 36% לבנדר +משאבה 750 מ""ל",,,נוזל כלים לבנדר 36%,מיליליטרים,750.00,"100 מ""ל",false,,9.90,1.3200,true,1,275525
7290017062747,false,"נוזל כלים 36% תפוח +משאבה 750 מ""ל",,,נוזל כלים תפוח 36% 7,מיליליטרים,750.00,"100 מ""ל",false,,9.90,1.3200,true,1,275526
7290017065007,false,פרוסות גבינה מוצרלה חצי קשה 22% שומן 200 ג' גד,מחלבות גד בעמ,IL,מוצרלה פרוסה חצי קש,גרמים,200.00,100 גרם,false,,21.30,10.6500,true,1,76363
7290017065137,false,ריקוטה למריחה 5% טבעית 200 גרם - רובין,האי נאם סי או אל.טי.,IL,גבינה ריקוטה למריחה,גרמים,200.00,100 גרם,false,,11.50,5.7500,true,1,107853
7290017065236,false,גבינה בולגרית מעודנת 24% גד 250 ג',הנסיך- מפעל לייצור ט,IL,בולגרית מעודנת 24% 2,גרמים,250.00,100 גרם,false,,24.90,9.9600,true,1,122699
7290017065786,false,גבינת צ'דר אנגלית גד 210 ג',מחלבות גד,IL,גבינה אנגלית קשה צ'ד,גרמים,210.00,100 גרם,false,,25.10,11.9524,true,1,394713
7290017068978,false,שיבולת שועל מלאה להכנה מהירה 500 גר',,,שיבולת שועל מלאה להכ,קילוגרמים,1.00,"ק""ג",false,,11.90,11.9000,true,1,453051
7290017068985,false,שיבולת שועל מלאה עבה 500 גר',,,שיבולת שועל מלאה עבה,קילוגרמים,1.00,"ק""ג",false,,11.90,11.9000,true,1,453036
7290017088082,false,בייביסיטר - חיתולי סטנדרט מידה 5 - 36 יח',בייביסיטר Babysitter,,חיתולי ביייביסיטר סט,יח',36.00,יח',false,,37.90,1.0528,true,1,456481
7290017088693,false,קוויק מגבונים לניקוי וחיטוי רצפות בניחוח לוונדר 10 יחי',,,מגבונים לניקוי וחיטו,יח',10.00,יח',false,,12.90,1.2900,true,1,220313
7290017088815,false,BREEZE תחבושות לבריחת שתן נורמל(12 יח),בריז Breeze,,תחבושות Breeze לבריח,יח',12.00,יח',false,,19.90,1.6583,true,1,320387
7290017088914,false,מגבונים בייביסיטר מבושם 66X6 יח',,,מגבונים מבושם בייביס,יחידה,0.00,יחידה,false,,17.90,0.0000,true,1,269528
7290017105116,false,תורמוס OZ6 יכין 200,"זנלכל בע""מ",IL,תורמוס 6OZ יכין 200,גרמים,200.00,100 גרם,false,,4.90,2.4500,true,1,104077
7290017105468,false,שלישיית אפונה קטן -,קשקמט קונסרב הונגריה,HU,אפונה יכין 3*120 גרם,גרמים,360.00,100 גרם,false,,14.90,4.1389,true,1,218752
7290017121093,false,אריסה חריפה 250 גרם עללחם,"מדשא תעשיות מזון בע""",IL,ממרח אריסה חריפה עלל,גרמים,250.00,100 גרם,false,,15.90,6.3600,true,1,145268
7290017142012,false,שמן קוקוס אורגני כתית מכבישה קרה,עץ הזית,,שמן קוקוס אורגני כתי,מיליליטרים,500.00,"100 מ""ל",false,,42.90,8.5800,true,1,83777
7290017142111,false,טונה בהירה בשמן זית טו גו 85 ג',,,פתיתי טונה בהירה בשמ,גרמים,85.00,100 גרם,false,,10.90,12.8235,true,1,124212
7290017142128,false,"שמן זית כתית מעולה עץ הזית 750 מ""ל",שמן תעשיות,,שמן זית כתית מעולה ק,מיליליטרים,750.00,"100 מ""ל",false,,37.90,5.0533,true,1,109721
7290017142159,false,מארז נתחי טונה בהירה בשמן זית 3*80 ג' עץ הזית,הנסיך- מפעל לייצור ט,TH,נתחי טונה בהירה בשמן,גרמים,240.00,100 גרם,false,,24.90,10.3750,true,1,124213
7290017142364,false,שמן זרעי דלעת עץ הזי,עץ השדה,IL,שמן דלעת לא מזוכך עץ,מיליליטרים,250.00,"100 מ""ל",false,,39.90,15.9600,true,1,205310
7290017142388,false,שמן חמניות אומגה 3 פלוס 1 ליטר עץ הזית,עץ הזית,,שמן חמניות פלוס אומג,ליטרים,1.00,ליטר,false,,17.90,17.9000,true,1,159820
7290017232218,false,לחם כפרי דווידוביץ 4,,,לחם eatsane קלאסי דו,גרמים,430.00,100 גרם,false,,25.90,6.0233,true,1,509374
7290017232225,false,לחם גלילי דווידוביץ,,,לחם eatsane גלילי 45,גרמים,450.00,100 גרם,false,,25.90,5.7556,true,1,509390
7290017304885,false,לחם שיפון מחיטה מלאה ללא תוספת סוכר 750 ג' אנג'ל,מאפית אנגל,IL,לחם שיפון וחיטה מלאה,גרמים,750.00,100 גרם,false,,17.90,2.3867,true,1,158389
7290017457734,false,"סוד - מרכך כביסה מרוכז ווילד רוז 900 מ""ל",הנקל סוד,IL,מרכך כביסה מרוכז סוד,מיליליטרים,900.00,"100 מ""ל",false,,13.90,1.5444,true,1,141166
7290017477169,false,קשיו קלוי ששון הקולה,ששון,IL,קשיו קלוי ששון הקולה,גרמים,250.00,100 גרם,false,,20.00,8.0000,true,1,124563
7290017589565,false,יין קלאסיק Classic גוורצטרמינר,יקבי ברקן שיווק והפצ,IL,"קלאסיק גוורץ 750 מ""ל",מיליליטרים,750.00,"100 מ""ל",false,,35.50,4.7333,true,1,139029
7290017589633,false,יין רזרב קברנה סוביניון Gold Edition,יקבי ברקן Barkan,IL,יין רזרב קברנה גולד,מיליליטרים,750.00,"100 מ""ל",false,,49.90,6.6533,true,1,139030
7290017599274,false,סוכרזית סטיוויה 120 שקיות,ביסקול בע''מ,IL,סוכרזית סטיוויה ממת,גרמים,120.00,100 גרם,false,,26.90,22.4167,true,1,479538
7290017617046,false,נתחי טונה בשמן זית כתית מעולה רביעיה * 140 ג',דרדנל,TR,טונה בשמן זית סטארקי,גרמים,560.00,100 גרם,false,,30.90,5.5179,true,1,215361
7290017682099,false,מקל טיטניום 1.3 מטר,,,מקל טיטניום 1.3 מטר,יחידה,0.00,יחידה,false,,5.90,0.0000,true,1,208933
7290017715506,false,חומץ תומר 1 ליטר,,,חומץ תומר 1 ליטר,ליטרים,1.00,ליטר,false,,5.90,5.9000,true,1,234898
7290017746128,false,מארז 10 פיתות ביס לבן,,,פיתות ביס 10 יח' מאפ,גרמים,500.00,100 גרם,false,,13.90,2.7800,true,1,509883
7290017746135,false,מארז 10 פיתות ביס כוסמין,,,10 מיני פיתות כוסמין,גרמים,500.00,100 גרם,false,,14.90,2.9800,true,1,510025
7290017746272,false,4 יח' פיתה בצל מנקיש,,,4 יח' פיתה בצל מנקיש,גרמים,480.00,100 גרם,false,,21.90,4.5625,true,1,518618
7290017746289,false,4 יח' פיתה זעתר מנקי,,,4 יח' פיתה זעתר מנקי,גרמים,480.00,100 גרם,false,,21.90,4.5625,true,1,517126
7290017812380,false,תירוש מיץ ענבים אדום,,,תירוש מיץ ענבים אדום,מיליליטרים,750.00,"100 מ""ל",false,,12.90,1.7200,true,1,166710
7290017812571,false,מיץ ענבים אדום 100% טבעי 1 ליטר,יקבי כרמל Carmel Winery,IL,תירוש מיץ ענבים אדום,ליטרים,1.00,ליטר,false,,22.90,22.9000,true,1,221710
7290017888248,false,תרומה מי עדן 1 ל' פ,,,תרומה מי עדן 1 ל' פ,ליטרים,1.00,ליטר,false,,5.00,5.0000,true,1,296319
7290017888729,false,שוופס סודה בקבוק 1 ל',"יפאורה תבורי בע""מ",IL,שוופס סודה 1 ליטר,ליטרים,1.00,ליטר,false,,4.90,4.9000,true,1,239665
7290017888972,false,מי עדן 1 ליטר פקק ספורט בודד,מופק ממקור בזלתי עדן,IL,מי עדן פקק ספורט 1 ל,ליטרים,1.00,ליטר,false,,4.90,4.9000,true,1,245206
7290017894096,false,ממרח בטעם מיונז טבעו,אף.סי תבליני בגליל ב,DE,נטורפוד - ממרח בטעם,גרמים,350.00,100 גרם,false,,25.90,7.4000,true,1,278879
7290017928432,false,מאיר בייגל גריסיני קראנץ פרג 175 גר',מאיר בייגל,,גריסיני קראנץ' פרג מ,גרמים,175.00,100 גרם,false,,12.90,7.3714,true,1,216948
7290017941219,false,כפות 40 יח' עבה במיו,,,כפות 40 יח' עבה במיו,יחידה,0.00,יחידה,false,,8.90,0.0000,true,1,300366
7290017941226,false,מזלגות 40 יח' עבה במ,,,מזלגות 40 יח' עבה במ,יחידה,0.00,יחידה,false,,8.90,0.0000,true,1,300385
7290017941288,false,נר נשמה 24 שעות,,,נר נשמה 24 שעות,יחידה,0.00,יחידה,false,,2.50,0.0000,true,1,337456
7290017941370,false,להבונים 50 יח' 3 שעו,,,להבונים 50 יח' 3 שעו,יחידה,0.00,יחידה,false,,10.90,0.0000,true,1,337474
7290017941455,false,כוסות 9oz לשתיה חמה,,,כוסות 9oz לשתיה חמה,יחידה,0.00,יחידה,false,,14.90,0.0000,true,1,315354
7290017941462,false,50 כוסות שתייה חמה 8B,,,כוסות שתיה חמה 8B י,יחידה,0.00,יחידה,false,,10.90,0.0000,true,1,307404
7290017941516,false,שקיות זיפר S לאחסון-,,,שקיות זיפר S לאחסון-,יחידה,0.00,יחידה,false,,7.90,0.0000,true,1,323756
7290017941707,false,WIZ זוג מפות ארוח 180*120,,,זוג מפות אירוח 120*1,יחידה,0.00,יחידה,false,,8.90,0.0000,true,1,337476
7290017941912,false,שיפודי במבוק עובי 5,,,שיפודי במבוק עובי 5,יחידה,0.00,יחידה,false,,6.90,0.0000,true,1,302517
7290017946368,false,סוד סבון 4 כדוריות לאסלה אוקיינוס 3*50 ג,,,סוד כדוריות לאסלה P.,גרמים,150.00,100 גרם,false,,19.90,13.2667,true,1,287589
7290017947105,false,לחם בסגנון אמריקה 500 גר',מאפיית שלמה א. אנג'ל,IL,לחם בסגנון אמריקה אנ,גרמים,500.00,100 גרם,false,,15.90,3.1800,true,1,218753
7290017947464,false,מארז 8 פיתות מקמח כוסמין מלא 400ג',"איטיליאן פוד, אס.פי.",IL,שמיניית פיתות כוסמין,גרמים,400.00,100 גרם,false,,17.90,4.4750,true,1,266600
7290017947891,false,לחם כוסמין וחיטה מלאה 750 ג' אנג'ל,מאפיית שלמה א. אנג'ל,IL,לחם כוסמין וחיטה מלא,גרמים,750.00,100 גרם,false,,17.90,2.3867,true,1,217632
7290017947921,true,מארז לחמניות המבורגר,,,מארז לחמניות המבורגר,גרמים,450.00,100 גרם,false,,15.90,3.5333,true,1,241632
7290017947938,false,מיני לחמניות המבורגר בסגנון אמריקה 400 ג' אנג'ל,מאפיית שלמה א. אנג'ל,IL,8 לחמניות המבורגר בס,גרמים,4000.00,100 גרם,false,,15.90,0.3975,true,1,282460
7290018043844,false,חטיף חלבון בוטנים קרמל קראנץ 60 ג' פראוד,פראוד PROUD,NL,חטיף חלבון בטעם בוטנ,גרמים,60.00,100 גרם,false,,14.90,24.8333,true,1,425273
7290018045312,false,ספוג ניקוי סקראב דד,,,ספוגים SCOUR DADDY,יחידה,0.00,יחידה,false,,18.90,0.0000,true,1,506051
7290018045503,false,דגני חיטה ואורז בטעם,,,דגני חיטה ואורז בטעם,גרמים,311.00,100 גרם,false,,26.90,8.6495,true,1,515231
7290018045893,false,דגנים במילוי קרם נוגט 480ג' BON & BON,,DE,דגנים במילוי קרם נוג,גרמים,480.00,100 גרם,false,,23.90,4.9792,true,1,393584
7290018131879,false,אקסטרים טילון ריבת חלב בדצ 6*72 גר',גלידות נסטלה (נגה גל,IL,אקסטרים מאגדת טילון,גרמים,432.00,100 גרם,false,,39.90,9.2361,true,1,319937
7290018165447,false,"יין רזרב גולד מרלו 750 מ""ל",יקבי ברקן שיווק והפצ,IL,יין רזרב גולד מרלו 7,מיליליטרים,750.00,"100 מ""ל",false,,49.90,6.6533,true,1,286382
7290018192023,true,סלרי מקלות ליח,,,סלרי מקלות ליח,יח',1.00,יח',false,,6.90,6.9000,true,1,203433
7290018198056,false,"קוביות תפוחי אדמה תפוגן 1.5 ק""ג",עיצובים 2020 (4.5),,תפוגן קוביות תפוח אד,קילוגרמים,1.50,"ק""ג",false,,29.90,19.9333,true,1,253220
7290018213414,false,מפה מהודרת מוטבעת 27,,,מפה מהודרת מוטבעת 27,יחידה,0.00,יחידה,false,,10.90,0.0000,true,1,471427
7290018237922,false,שניצלונים ציפוי ציפס עוף טוב 700 גר',עיצובים 2020 (4.9),IL,שניצלונים ציפוי ציפס,גרמים,700.00,100 גרם,false,,21.90,3.1286,true,1,457915
7290018237939,false,שניצלונים ציפוי שומשום עוף טוב 700 גר',עיצובים 2020 (4.9),IL,שניצלונים ציפוי שומש,גרמים,700.00,100 גרם,false,,21.90,3.1286,true,1,457930
7290018237960,false,עוף טוב כתף בקר עסיסי 265גרם,עיצובים 2020 (4.9),,כתף בקר עסיסי עוף טו,גרמים,265.00,100 גרם,false,,27.90,10.5283,true,1,477393
7290018249802,false,ממתיק סוויטאנגו צנצנת 280 גרם,סוויטאנגו Sweetango,IL,כמו סוכר באריזת צנצנ,קילוגרמים,280.00,"ק""ג",false,,29.90,0.1068,true,1,249809
7290018294192,false,"יין בלנד היינן אדום יבש 750 מ""ל p.c",קריות זול,IL,יין בלנד היינן פרייב,מיליליטרים,750.00,"100 מ""ל",false,,44.90,5.9867,true,1,429518
7290018294918,false,מונלייט מוסקטו רוזה מתוק מבעבע 750מל,יקבי כרמל Carmel Winery,IL,יין מונלייט סמוק מבע,מיליליטרים,750.00,"100 מ""ל",false,,39.90,5.3200,true,1,459687
7290018343364,false,"ד""ר פישר - מסכת הזנה משקמת לאחר החלקה ללא תוספת מלח 300 מ""ל",,,מסכה הזנה משקמת לאחר,מיליליטרים,300.00,"100 מ""ל",false,,42.90,14.3000,true,1,288283
7290018359495,false,תירס מהשדה בלי תוספת סוכר יכין 550 גר',היינץ צפון אמריקה מק,IL,תירס מהשדה בלי תוספת,גרמים,550.00,100 גרם,false,,10.90,1.9818,true,1,271846
7290018359686,false,יכין חומוס ענק 550 גר,היינץ צפון אמריקה מק,IL,חומוס ענק יכין 550 ג,גרמים,550.00,100 גרם,false,,10.90,1.9818,true,1,352698
7290018359716,false,רוטב פיצה טוסקנה יכין 240 גר',"זנלכל בע""מ",IL,רוטב פיצה טוסקנה יכי,גרמים,240.00,100 גרם,false,,6.50,2.7083,true,1,307872
7290018359860,false,רסק עגבניות ליקופן - מארז זוג,יכין,,רסק עגבניות ליקופן י,גרמים,400.00,100 גרם,false,,17.90,4.4750,true,1,397723
7290018359884,false,פולפה ליקופן טבעית 400*2ג,,,פולפה ליקופן טבעית י,גרמים,800.00,100 גרם,false,,17.90,2.2375,true,1,397693
7290018400470,false,כרישה חתוכה קפואה סנ,,,כרישה חתוכה קפואה סנ,גרמים,600.00,100 גרם,false,,16.90,2.8167,true,1,470690
7290018468401,false,"פסטרמה צמחונית בטעם גריל, 120 גרם",טיב טירת צבי 2000,IL,פסטרמה צמחונית בטעם,גרמים,120.00,100 גרם,false,,16.90,14.0833,true,1,494661
7290018468432,false,"נקניק טבעוני בטעם מעושן, 100 גרם",טיב טירת צבי 2000,IL,נקניק טבעוני בטעם פי,גרמים,100.00,100 גרם,false,,16.90,16.9000,true,1,494645
7290018471463,false,תפוזינה נקטר תפוז מנגו קרטונית 1 ליטר,"יפאורה תבורי בע""מ",IL,נקטר תפוזינה ENJOY ב,ליטרים,1.00,ליטר,false,,7.90,7.9000,true,1,319578
7290018471470,false,תפוזינה נקטר תפוז פסיפלורה קרטונית 1 ליטר,"יפאורה תבורי בע""מ",IL,נקטר תפוזינה ENJOY ב,ליטרים,1.00,ליטר,false,,7.90,7.9000,true,1,319579
7290018471487,false,תפוזינה נקטר תפוז אננס קרטונית 1 ליטר,"יפאורה תבורי בע""מ",IL,נקטר תפוזינה ENJOY ב,ליטרים,1.00,ליטר,false,,7.90,7.9000,true,1,319580
7290018471494,false,תפוזינה משקה תפוז גזר קרטונית 1 ליטר,"יפאורה תבורי בע""מ",IL,נקטר תפוזינה ENJOY ב,ליטרים,1.00,ליטר,false,,7.90,7.9000,true,1,319581
7290018471616,false,שוופס אינדיאן טוניק 1 ל',"יפאורה תבורי בע""מ",IL,שוופס טוניק קלאסי 1,ליטרים,1.00,ליטר,false,,10.80,10.8000,true,1,321987
7290018471913,false,שוופס מוגז פירות תפוחים 1.5 ל',"יפאורה תבורי בע""מ",IL,שוופס פרוטס תפוחים 1,ליטרים,1.50,ליטר,false,,9.90,6.6000,true,1,374279
7290018471920,false,שוופס מוגז פירות ענבים 1.5 ליטר פיקדון,"יפאורה תבורי בע""מ",IL,שוופס ענבים מוגז 1.5,ליטרים,1.50,ליטר,false,,9.90,6.6000,true,1,374280
7290018471937,false,שוופס מוגז פירות תות ליים 1.5 ליטר פיקדון,"יפאורה תבורי בע""מ",IL,שוופס מוגז פירות תות,ליטרים,1.50,ליטר,false,,9.90,6.6000,true,1,374281
7290018471944,false,שוופס מוגז פירות לימונייד 1.5 ליטר פיקדון,"יפאורה תבורי בע""מ",IL,שוופס מוגז למונייד 1,ליטרים,1.50,ליטר,false,,9.90,6.6000,true,1,374296
7290018500361,false,לחם אנג'ל אחיד פרוס 900 גר',מאפיית שלמה א. אנג'ל,IL,לחם אחיד פרוס מאפיית,גרמים,900.00,100 גרם,false,,8.53,0.9478,true,1,457318
7290018500385,true,חלה רגילה אנגל 650 ג,,,חלה רגילה אנגל 650 ג,גרמים,650.00,100 גרם,false,,6.50,1.0000,true,1,480002
7290018500392,true,חלה קלועה אנגל 650 ג,,,חלה קלועה אנגל 650 ג,גרמים,650.00,100 גרם,false,,6.50,1.0000,true,1,480003
7290018540329,false,שקית פיתה פיתה בלדי 800 ג' אנג'ל,מאפיית שלמה א. אנג'ל,IL,פיתה פיתה אנגל 880 ג,יח',10.00,יח',false,,13.90,1.3900,true,1,296730
7290018571712,false,"אורז פרסי 1 ק""ג מיה.",,,"אורז פרסי 1 ק""ג",קילוגרמים,1.00,"ק""ג",false,,11.90,11.9000,true,1,452975
7290018571729,false,"אורז ריזוטו עגול 1 ק""ג מיה.",,,אורז ריזווטו עגול 1,קילוגרמים,1.00,"ק""ג",false,,9.90,9.9000,true,1,453020
7290018571736,false,אורז בסמטי הודי 1ק''ג,,,"אורז בסמטי 1 ק""ג",קילוגרמים,1.00,"ק""ג",false,,12.90,12.9000,true,1,453005
7290018626085,false,לפתניות 4.5 שקוף 50,,,לפתניות 4.5 שקוף 50,יחידה,0.00,יחידה,false,,9.90,0.0000,true,1,299808
7290018626108,false,קערות אובליות שקוף 5,,,קערות אובליות שקוף 5,יחידה,0.00,יחידה,false,,11.90,0.0000,true,1,299810
7290018626283,false,פיצה מרגריטה אדום גר,,,פיצה מרגריטה 350 גרם,גרמים,350.00,100 גרם,false,,12.90,3.6857,true,1,342132
7290018626306,false,פיצה מרגריטה פיטריות,,,פיצה מרגריטה פיטריות,גרמים,400.00,100 גרם,false,,12.90,3.2250,true,1,346662
7290018626405,false,צלחות וינטג' ענקיות,,,צלחות וינטג' ענקיות,יחידה,0.00,יחידה,false,,22.90,0.0000,true,1,311719
7290018626481,false,"כוסות בירה 330 מ""ל",,,"כוסות בירה 330 מ""ל",יחידה,0.00,יחידה,false,,10.90,0.0000,true,1,304646
7290018626542,false,שקיות אשפה לפחים גדו,,,שקיות אשפה לפחים גדו,יחידה,0.00,יחידה,false,,13.90,0.0000,true,1,325643
7290018626801,false,מגש עגול מחולק ל-6 ק,,,מגש עגול מחולק ל-6 ק,יחידה,0.00,יחידה,false,,9.90,0.0000,true,1,363498
7290018652671,false,גלידה קרמריה שוקולד ווניל 1.4 ליטר,נסטלה,IL,גלידת שוקו וניל מופח,גרמים,0.00,100 גרם,false,,25.90,0.0000,true,1,409265
7290018703311,false,חטיף חלבון קרם עוגיות קראנץ 60 ג' פראוד,v.s.i,NL,חטיף חלבון בטעם קרם,גרמים,60.00,100 גרם,false,,14.90,24.8333,true,1,427625
7290018792841,false,אבקת קקאו טבעי 150ג גאנה,גאנס לודרס,IL,אבקת קקאו דל שומן 15,גרמים,150.00,100 גרם,false,,11.90,7.9333,true,1,490549
7290018886106,false,מפיות תלת שכבתיות 20,,,מפיות תלת שכבתיות 20,יחידה,0.00,יחידה,false,,5.90,0.0000,true,1,358782
7290018886229,false,מזלגות עבות 50 יח',,,מזלגות עבות 50 יח',יחידה,0.00,יחידה,false,,10.90,0.0000,true,1,342950
7290018886236,false,כפות עבות 50 יח' שק,,,כפות עבות 50 יח' שק,יחידה,0.00,יחידה,false,,10.90,0.0000,true,1,342951
7290018886250,false,מגש איכותי מחולק ל 4,,,מגש איכותי מחולק ל 4,יחידה,0.00,יחידה,false,,9.90,0.0000,true,1,389744
7290018886304,false,פת דגנים סגנון שוודי,סונקו,PL,פת דגנים סגנון שוודי,גרמים,340.00,100 גרם,false,,12.90,3.7941,true,1,362717
7290018886311,false,פת דגנים סגנון שוודי,,,פת דגנים סגנון שוודי,גרמים,170.00,100 גרם,false,,8.90,5.2353,true,1,362718
7290018886410,false,מזלגות מהודרים פנינה,,,מזלגות מהודרים פנינה,יחידה,0.00,יחידה,false,,7.90,0.0000,true,1,389609
7290018893111,false,צ'וקטה שוקולד מריר בלגי 70% 100 גרם משולש K,צ'וקטה Chocketa,BE,צ'וקטה שוקולד מריר מ,גרמים,100.00,100 גרם,false,,9.90,9.9000,true,1,459333
7290018893135,false,מקלות אפויים בתוספת מלח Salty,צ'וקטה Chocketa,,צ'וקטה גריסיני מלח 1,גרמים,120.00,100 גרם,false,,10.00,8.3333,true,1,459185
7290018893142,false,מקלות אפויים בתוספת שמן זית Salty,צ'וקטה Chocketa,,צ'וקטה גריסיני שמן ז,גרמים,120.00,100 גרם,false,,10.00,8.3333,true,1,459186
7290018893340,false,מקלות אפויים בתוספת שומשום Salty,צ'וקטה Chocketa,,צ'וקטה גריסיני שומשו,גרמים,120.00,100 גרם,false,,10.00,8.3333,true,1,459187
7290018893500,false,צ'וקטה עוגיות סנדביץ שוקו 180 גרם חלב נכרי,,,צ'וקטה עוגיות סנדביץ,גרמים,180.00,100 גרם,false,,5.90,3.2778,true,1,435738
7290018893937,false,לוקיטוס סוכריות ג'לי בטעמי פירות 300 גרם,,,לוקיטוס סוכריות ג'לי,גרמים,300.00,100 גרם,false,,10.90,3.6333,true,1,505556
7290018894019,false,עוגות אישיות במילוי קרם חלבי ובציפוי קרם קקאו,בלקוני Balconi,IT,עוגות אישיות מיקס מק,גרמים,350.00,100 גרם,false,,15.90,4.5429,true,1,439669
7290018894217,false,עוגות אישיות במילוי קרם קקאו ובציפוי קרם קקאו,בלקוני Balconi,IT,עוגות אישיות מיקס מק,גרמים,350.00,100 גרם,false,,15.90,4.5429,true,1,439699
7290018925089,false,פרימור מיץ תפוח עץ צלול 2 ליטר,גניר,IL,פרימור מיץ תפוחים צל,ליטרים,2.00,ליטר,false,,28.90,14.4500,true,1,381531
7290018989005,false,יכין פולפה טבעית 400*3 גר,זנלכל,IL,פולפה טבעית יכין 3*,קילוגרמים,1.20,"ק""ג",false,,17.90,14.9167,true,1,397708
7290019014447,false,"מבשם לכביסה ולבית כחול פלירוסול 500 מ""ל טאצ",,,מבשם עוצמתי לכביסה ו,מיליליטרים,500.00,"100 מ""ל",false,,31.90,6.3800,true,1,408843
7290019031000,false,WIZ מארז חמישיית ניי,,,WIZ מארז חמישיית ניי,יחידה,0.00,יחידה,false,,11.90,0.0000,true,1,392117
7290019031062,false,תבנית R-2 מלבנית 7 י,,,תבנית R-2 מלבנית 7 י,יחידה,0.00,יחידה,false,,9.90,0.0000,true,1,415363
7290019031079,false,תבנית R-29 מרובעת קט,,,תבנית R-29 מרובעת קט,יחידה,0.00,יחידה,false,,9.90,0.0000,true,1,415364
7290019031086,false,תבנית R-31 גדולה 7 י,,,תבנית R-31 גדולה 7 י,יחידה,0.00,יחידה,false,,9.90,0.0000,true,1,415365
7290019031116,false,תבנית R-99 ענקית 3 י,,,תבנית R-99 ענקית 3 י,יחידה,0.00,יחידה,false,,9.90,0.0000,true,1,415368
7290019031192,false,כפפות לטקס 100 יח' L,,,כפפות לטקס 100 יח' L,יחידה,0.00,יחידה,false,,32.90,0.0000,true,1,405822
7290019031307,false,לפתניות לבנות 25 יח',,,לפתניות לבנות 25 יח',יחידה,0.00,יחידה,false,,6.90,0.0000,true,1,410168
7290019031314,false,קערות אובליות לבנות,,,קערות אובליות לבנות,יחידה,0.00,יחידה,false,,7.90,0.0000,true,1,410169
7290019031352,false,"צלחות ענקיות 10"" לבנ",,,"צלחות ענקיות 10"" לבנ",יחידה,0.00,יחידה,false,,24.90,0.0000,true,1,410172
7290019031369,false,"צלחות גדולות 9"" קרם",,,"צלחות גדולות 9"" קרם",יחידה,0.00,יחידה,false,,15.90,0.0000,true,1,410187
7290019031406,false,רביעיית מגבונים לחים,,,רביעיית מגבונים לחים,יחידה,0.00,יחידה,false,,10.90,0.0000,true,1,421272
7290019031413,false,נייר טואלט לח שלישיי,,,נייר טואלט לח שלישיי,יחידה,0.00,יחידה,false,,12.90,0.0000,true,1,421243
7290019031420,false,אל סבון נוזלי שלישיי,,,אל סבון נוזלי שלישיי,מיליליטרים,500.00,"100 מ""ל",false,,12.90,2.5800,true,1,421228
7290019031444,false,אשפתון 65X54 XL חזקו,,,אשפתון 65X54 XL חזקו,יחידה,0.00,יחידה,false,,19.90,0.0000,true,1,433946
7290019031512,false,WIZ צלחות מתכלות גדו,,,WIZ צלחות מתכלות גדו,יחידה,0.00,יחידה,false,,10.90,0.0000,true,1,469487
7290019031543,false,שמן זית כתית מעולה א,,,שמן זית כתית מעולה א,מיליליטרים,750.00,"100 מ""ל",false,,32.90,4.3867,true,1,421185
7290019031604,false,מארז 5 מכלים + מכסים,,,מארז 5 מכלים + מכסים,ליטרים,1.00,ליטר,false,,10.90,10.9000,true,1,416116
7290019031680,false,WIZ קערות אובליות שק,,,WIZ קערות אובליות שק,יחידה,0.00,יחידה,false,,9.90,0.0000,true,1,469525
7290019031697,false,WIZ לפתניות שקופות 2,,,WIZ לפתניות שקופות 2,יחידה,0.00,יחידה,false,,6.90,0.0000,true,1,469542
7290019056027,false,שוופס מוגז פירות תפוחים ללא סוכר 1.5 ליטר פיקדון,"יפאורה תבורי בע""מ",IL,שוופס מוגז פירות תפו,ליטרים,1.50,ליטר,false,,8.90,5.9333,true,1,374312
7290019056041,false,שוופס מוגז פירות לימונייד ללא סוכר 1.5 ליטר פיקדון,"יפאורה תבורי בע""מ",IL,שוופס מוגז פירות ללא,ליטרים,1.50,ליטר,false,,8.90,5.9333,true,1,374314
7290019056058,false,שוופס מוגז עדין תפוח ליים 1.5 ליטר פיקדון,"יפאורה תבורי בע""מ",IL,שוופס מוגז עדין תפוח,ליטרים,1.50,ליטר,false,,8.90,5.9333,true,1,373963
7290019056065,false,שוופס מוגז עדין פירות יער 1.5 ליטר פיקדון,"יפאורה תבורי בע""מ",IL,שוופס מוגז עדין פירו,ליטרים,1.50,ליטר,false,,8.90,5.9333,true,1,373980
7290019056072,false,שוופס מוגז עדין אננס 1.5 ליטר פיקדון,"יפאורה תבורי בע""מ",IL,שוופס מוגז עדין אננס,ליטרים,1.50,ליטר,false,,8.90,5.9333,true,1,373981
7290019056089,false,שוופס מוגז עדין ענבי ריזלינג 1.5 ליטר פיקדון,"יפאורה תבורי בע""מ",IL,שוופס מוגז עדין טעם,ליטרים,1.50,ליטר,false,,8.90,5.9333,true,1,373998
7290019056096,false,שוופס מוגז עדין אפרסק 1.5 ליטר פיקדון,"יפאורה תבורי בע""מ",IL,שוופס מוגז עדין אפרס,ליטרים,1.50,ליטר,false,,8.90,5.9333,true,1,373999
7290019056119,false,שוופס סודה 1.5 ליטר פיקדון,"יפאורה תבורי בע""מ",IL,שוופס סודה 1.5ליטר,ליטרים,1.50,ליטר,false,,4.50,3.0000,true,1,373863
7290019056164,false,שוופס סודה 1.5 ליטר רביעייה פיקדון,"יפאורה תבורי בע""מ",IL,שוופס סודה 4*1.5ליטר,ליטרים,6.00,ליטר,false,,13.10,2.1833,true,1,373879
7290019056171,false,שוופס סודה לימון 1.5 ליטר רביעייה פיקדון,"יפאורה תבורי בע""מ",IL,שוופס סודה לימון 4*1,ליטרים,6.00,ליטר,false,,13.10,2.1833,true,1,373895
7290019056188,false,שוופס סודה נענע ליים 1.5 ליטר רביעייה פיקדון,"יפאורה תבורי בע""מ",IL,שוופס סודה נענע ליים,ליטרים,6.00,ליטר,false,,13.10,2.1833,true,1,373896
7290019056201,false,שוופס סודה פירות יער 1.5 ליטר רביעייה פיקדון,"יפאורה תבורי בע""מ",IL,שוופס פירות יער סודה,ליטרים,6.00,ליטר,false,,13.10,2.1833,true,1,373931
7290019056249,false,שוופס מים בטעמים ענבים 1.5 ליטר פיקדון,"יפאורה תבורי בע""מ",IL,שוופס וואטר ענבים 1.,ליטרים,1.50,ליטר,false,,9.50,6.3333,true,1,373801
7290019056270,false,שוופס מים בטעמים פירות יער 1.5 ליטר פיקדון,"יפאורה תבורי בע""מ",IL,שוופס וואטר פירות יע,ליטרים,1.50,ליטר,false,,9.50,6.3333,true,1,375872
7290019056300,false,משקה בטעם ביטר לימון 1.5 ל' שוויפס,"יפאורה תבורי בע""מ",IL,שוופס ביטר לימון 1.5,ליטרים,1.50,ליטר,false,,12.90,8.6000,true,1,374347
7290019056317,false,שוופס ראשן 1.5 ליטר פיקדון,"יפאורה תבורי בע""מ",IL,שוופס ראשן 1.5 ליטר,ליטרים,1.50,ליטר,false,,12.90,8.6000,true,1,374348
7290019056331,false,שוופס טוניק ללא סוכר 1.5 ליטר פיקדון,"יפאורה תבורי בע""מ",IL,שוופס טוניק ללא סוכר,ליטרים,1.50,ליטר,false,,11.90,7.9333,true,1,374364
7290019056355,false,משקה בטעם לימונענע עם חתיכות פרי,"יפאורה תבורי בע""מ",IL,תפוזינה לימונדה נענע,ליטרים,1.50,ליטר,false,,9.50,6.3333,true,1,373352
7290019056362,false,תפוזינה ענבים 1.5 ליטר פיקדון,"יפאורה תבורי בע""מ",IL,תפוזינה ענבים 1.5 לי,ליטרים,1.50,ליטר,false,,9.50,6.3333,true,1,373445
7290019056379,false,תפוזינה תפוזים 1.5 ליטר פיקדון,"יפאורה תבורי בע""מ",IL,תפוזינה תפוזים 1.5 ל,ליטרים,1.50,ליטר,false,,9.50,6.3333,true,1,373495
7290019056386,false,פתוזינה אשכולית 1.5 ליטר פיקדון,"יפאורה תבורי בע""מ",IL,תפוזינה אשכוליות 1.5,ליטרים,1.50,ליטר,false,,9.50,6.3333,true,1,373515
7290019056393,false,תפוזינה תות בננה 1.5 ליטר פיקדון,"יפאורה תבורי בע""מ",IL,תפוזינה תות בננה 1.5,ליטרים,1.50,ליטר,false,,9.50,6.3333,true,1,373516
7290019056423,false,מיץ בטעם תפוח רענן 1.5ל' תפוזינה,"יפאורה תבורי בע""מ",IL,תפוזינה תפוח רענן 1.,ליטרים,1.50,ליטר,false,,9.50,6.3333,true,1,373576
7290019056508,false,פרוט ווטר ענבים 1.5 ליטר פיקדון,"יפאורה תבורי בע""מ",IL,פרוט ווטר ענבים 1.5,ליטרים,1.50,ליטר,false,,9.50,6.3333,true,1,373711
7290019056515,false,פרוט ווטר אננס 1.5 ליטר פיקדון,"יפאורה תבורי בע""מ",IL,פרוט ווטר אננס 1.5 ל,ליטרים,1.50,ליטר,false,,9.50,6.3333,true,1,373741
7290019056522,false,פרוט ווטר תות 1.5 ליטר פיקדון,"יפאורה תבורי בע""מ",IL,פרוט ווטר תות 1.5 לי,ליטרים,1.50,ליטר,false,,9.50,6.3333,true,1,373770
7290019056539,false,פרוט ווטר אפרסק 1.5 ליטר פיקדון,"יפאורה תבורי בע""מ",IL,פרוט ווטר אפרסק 1.5,ליטרים,1.50,ליטר,false,,9.50,6.3333,true,1,373771
7290019056546,false,פרוט ווטר אבטיח 1.5 ליטר פיקדון,"יפאורה תבורי בע""מ",IL,פרוט ווטר אבטיח 1.5,ליטרים,1.50,ליטר,false,,9.50,6.3333,true,1,373772
7290019056553,false,עין גדי מים מינרלים 2 ליטר*6 יח',עין גדי מים מינרליים,IL,עין גדי מים מינרלים,ליטרים,12.00,ליטר,false,,13.80,1.1500,true,1,374496
7290019056560,false,עין גדי 2 ליטר בק' בודד פיקדון,יפאורה תבורי,IL,עין גדי מים מינרלים,ליטרים,2.00,ליטר,false,,4.50,2.2500,true,1,374497
7290019056584,false,ספרינג תפוזים 1.5 ליטר פיקדון,"יפאורה תבורי בע""מ",IL,ספרינג תפוזים 1.5 לי,ליטרים,1.50,ליטר,false,,9.50,6.3333,true,1,373234
7290019056591,false,ספרינג ענבים 1.5 ליטר פיקדון,"יפאורה תבורי בע""מ",IL,ספרינג ענבים 1.5 ליט,ליטרים,1.50,ליטר,false,,9.50,6.3333,true,1,373235
7290019056607,false,ספרינג תפוחים 1.5 ליטר פיקדון,"יפאורה תבורי בע""מ",IL,ספרינג תפוחים 1.5 לי,ליטרים,1.50,ליטר,false,,9.50,6.3333,true,1,373236
7290019056614,false,ספרינג אפרסק 1.5 ליטר פיקדון,"יפאורה תבורי בע""מ",IL,ספרינג אפרסק 1.5 ליט,ליטרים,1.50,ליטר,false,,9.50,6.3333,true,1,373251
7290019056621,false,ספרינג פירות טרופיים 1.5 ליטר פיקדון,"יפאורה תבורי בע""מ",IL,ספרינג פירות טרופיים,ליטרים,1.50,ליטר,false,,9.50,6.3333,true,1,373252
7290019056638,false,ספרינג תות בננה 1.5 ליטר פיקדון,"יפאורה תבורי בע""מ",IL,ספרינג תות בננה 1.5,ליטרים,1.50,ליטר,false,,9.50,6.3333,true,1,373253
7290019056645,false,ספרחנג אגס תפוח סברס 1.5 ליטר פיקדון,"יפאורה תבורי בע""מ",IL,ספרינג אגס סברס תפוח,ליטרים,1.50,ליטר,false,,9.50,6.3333,true,1,373273
7290019056652,false,ספרינג אננס בננה 1.5 ליטר פיקדון,"יפאורה תבורי בע""מ",IL,ספרינג אננס בננה 1.5,ליטרים,1.50,ליטר,false,,9.50,6.3333,true,1,373295
7290019056669,false,ספרינג תפוחים גיאט 1.5 ליטר פיקדון,"יפאורה תבורי בע""מ",IL,ספרינג תפוחים דיאט 1,ליטרים,1.50,ליטר,false,,8.90,5.9333,true,1,373312
7290019056720,false,קריסטל מיץ ענבים 2 ליטר פיקדון,יפאורה תבורי,IL,קריסטל מיץ ענבים 2 ל,ליטרים,2.00,ליטר,false,,8.50,4.2500,true,1,374365
7290019056812,false,קריסטל מוגז מנטה 2 ליטר פיקדון,יפאורה תבורי,IL,קריסטל מנטה 2 ליטר,ליטרים,2.00,ליטר,false,,8.50,4.2500,true,1,374430
7290019056959,false,מי עדן 1.5 ליטר בק' בודד פיקדון,מופק ממקור בזלתי עדן,IL,מי עדן 1.5 ליטר,ליטרים,1.50,ליטר,false,,3.90,2.6000,true,1,385266
7290019056973,false,מי עדן 1.5 ליטר שישייה פיקדון,מופק ממקור בזלתי עדן,IL,מי עדן 6*1.5 ליטר,ליטרים,9.00,ליטר,false,,14.90,1.6556,true,1,374464
7290019153344,false,"תפוזינה סנגרייה, 1.5 ליטר","יפאורה תבורי בע""מ",IL,תפוזינה סנגריה 1.5 ל,ליטרים,1.50,ליטר,false,,9.50,6.3333,true,1,445780
7290019153351,false,מיץ בטעם פינק אוזו 1.5 ל' תפוזינה,"יפאורה תבורי בע""מ",IL,תפוזינה פינק אוזו 1.,ליטרים,1.50,ליטר,false,,9.50,6.3333,true,1,445781
7290019153375,false,מיץ בטעם מוחיטו 1.5 ל' תפוזינה,"יפאורה תבורי בע""מ",IL,תפוזינה מוחיטו 1.5 ל,ליטרים,1.50,ליטר,false,,9.50,6.3333,true,1,445782
7290019204305,false,חזה הודו פסטרמה ברביקיו 350 גר',עיצובים 2020 (4.9),,פסטרמה ברביקיו עוף ט,גרמים,350.00,100 גרם,false,,27.90,7.9714,true,1,477362
7290019245001,false,שמן קנולה אלומות 1 ל,סקנולה,EE,שמן קנולה אלומות 1 ל,ליטרים,1.00,ליטר,false,,12.90,12.9000,true,1,432509
7290019297239,false,צימוק חום 250 גרם בק,"דין שיווק וקליה בע""מ",,צימוק כהה 250 גרם,גרמים,250.00,100 גרם,false,,14.90,5.9600,true,1,5507
7290019297628,false,שקד טבעי 150 גרם ששון הקולה שקית,דין שיווק,IL,שקד טבעי 150 גרם ששו,גרמים,150.00,100 גרם,false,,15.90,10.6000,true,1,5528
7290019303657,false,פינוקיות שומשום מיקס אנרג'י 220 גרם,טבע ירוק,IL,פינוקיות שומשום מיקס,גרמים,220.00,100 גרם,false,,19.90,9.0455,true,1,488459
7290019303701,false,פינוקיות שומשום מיקס ישראלי 250 ג',טבע ירוק,IL,פינוקיות שומשום מיקס,גרמים,220.00,100 גרם,false,,19.90,9.0455,true,1,488475
7290022005562,false,קריספ פירורי לחם שום 300 גרם,,,פירורי לחם עם שום קר,גרמים,300.00,100 גרם,false,,8.90,2.9667,true,1,443524
7290100243671,false,מרכך כביסה אקסטרא בניחוח יסמין מרענן,יוניליוור סנאיי וי ט,TR,בדין אקסטרא כחול-960,מיליליטרים,960.00,"100 מ""ל",false,,17.90,1.8646,true,1,11501
7290100411278,false,בי -לאב מחית אגס ותפוח ללא סוכר 190ג,NOVOFRUCHT SK S.R.O,SK,תפוח ואגס 190גרם BEL,גרמים,190.00,100 גרם,false,,5.90,3.1053,true,1,31732
7290100412343,false,קוויק מגבונים לניקוי כללי בניחוח לימון 50 יח',,,מגבונים לניקוי וחיטו,יחידה,0.00,יחידה,false,,8.90,0.0000,true,1,31742
7290100572702,false,אביזרי מטבח ב-11.00,,,אביזרי מטבח ב-11.00,יחידה,0.00,יחידה,false,,10.90,0.0000,true,1,37814
7290100573402,false,אביזרי מטבח,,,אביזרי מטבח,יחידה,0.00,יחידה,false,,14.90,0.0000,true,1,37817
7290100680711,false,פירורית זהב אסם זהב 350ג',עינת תעשיות מזון,IL,אסם פירורית זהב 350,גרמים,350.00,100 גרם,false,,9.90,2.8286,true,1,21430
7290100680728,false,פירורית רגילה שקית 350 גרם,מיוצר עי קונדיטוריית,IL,פירורית רגילה שקית 3,גרמים,350.00,100 גרם,false,,8.90,2.5429,true,1,68361
7290100681138,false,מארז אפרופו חטיף תירס 3 יחידות,"אסם השקעות בע""מ",IL,אפרופו מאח 3*50 גר',גרמים,150.00,100 גרם,false,,13.50,9.0000,true,1,21435
7290100685136,false,"מרק בטעם עוף 1 ק""ג אסם","אסם השקעות בע""מ",IL,מרק בטעם עוף אסם 1 ק,קילוגרמים,1.00,"ק""ג",false,,16.90,16.9000,true,1,21457
7290100685334,false,אבקת מרק עוף אמיתי ר.טבעיים 400ג' אסם,"אסם השקעות בע""מ",IL,מרק עוף מרכיבים טבעי,גרמים,400.00,100 גרם,false,,26.70,6.6750,true,1,21459
7290100685341,false,מרק בטעם עוף זך רכיבים טבעיים 400 ג' אסם,"אסם השקעות בע""מ",IL,מרק זך טעם עוף רכיבי,גרמים,400.00,100 גרם,false,,18.90,4.7250,true,1,21460
7290100686164,false,ביסלי ברביקיו מארז 6 יח' * 35 ג' אסם,מיוצר עי קונדיטוריית,IL,ביסלי ברביקיו מאח.8,גרמים,210.00,100 גרם,false,,14.50,6.9048,true,1,21468
7290100686171,false,ביסלי גריל מארז 6 יח' * 35 ג' אסם,אסם תעשיות,IL,ביסלי גריל מאח.8 6*3,גרמים,210.00,100 גרם,false,,14.50,6.9048,true,1,21469
7290100689301,false,אבקת מרק עוף זך עדיף אסם 400 גר',"אסם השקעות בע""מ",IL,מרק בטעם עוף זך אסם,גרמים,400.00,100 גרם,false,,15.90,3.9750,true,1,21479
7290100700020,false,סוגת גריסי פנינה 500גרם,האי נאם סי או אל.טי.,IL,סוגת גריסי פנינה 500,גרמים,500.00,100 גרם,false,,6.90,1.3800,true,1,19436
7290100700273,false,קינואה סוגת 500 גרם,האי נאם סי או אל.טי.,IL,קינואה סוגת 500 גרם,גרמים,500.00,100 גרם,false,,15.90,3.1800,true,1,19440
7290100700310,false,"כוסמת 1ק""ג סוגת",,,כוסמת 1 ק'ג,קילוגרמים,1.00,"ק""ג",false,,16.90,16.9000,true,1,19442
7290100700396,false,"סוגת אורז יסמין קלאסי 1 ק""ג",האי נאם סי או אל.טי.,IL,סוגת אורז יסמין קלאס,קילוגרמים,1.00,"ק""ג",false,,13.90,13.9000,true,1,19448
7290100701157,false,אורז להכנת סושי סוגת,Unknown,,אורז סושי 1 קג,קילוגרמים,1.00,"ק""ג",false,,14.80,14.8000,true,1,19456
7290100701331,false,קמח רב תכליתי שטיבל קמח חיטה לבן בהיר,"שטיבל בע""מ - טחנות ק",IL,קמח רב תכליתי סוגת,קילוגרמים,1.00,"ק""ג",false,,8.90,8.9000,true,1,119307
7290100701348,false,"קמח שיפון מלא 1ק""ג סוגת",טחנות קמח שטיבל באר,IL,קמח שיפון מלא סוגת,קילוגרמים,1.00,"ק""ג",false,,8.90,8.9000,true,1,68054
7290100701409,false,קמח תירס סוגת 500 גר,,,קמח תירס סוגת 500 גר,גרמים,500.00,100 גרם,false,,7.90,1.5800,true,1,19463
7290100701454,false,גרישה - בורגול דק,"סוגת תעשיות בע""מ",IL,גרישה 500 גרם,גרמים,500.00,100 גרם,false,,6.90,1.3800,true,1,19465
7290100701874,false,"קמח כוסמין 1 ק""ג סוגת",טחנות קמח שטיבל באר,IL,"קמח כוסמין סוגת 1 ק""",קילוגרמים,1.00,"ק""ג",false,,14.00,14.0000,true,1,119313
7290100702277,false,קוסקוס עבה סוגת 350 גר',סוגת,IL,קוסקוס עבה סוגת 350,גרמים,350.00,100 גרם,false,,5.90,1.6857,true,1,19476
7290100702383,false,"קמח תופח סוגת 1 ק""ג",שטיבל טחנות קמח,IL,"קמח תופח סוגת 1 ק""ג",קילוגרמים,1.00,"ק""ג",false,,8.90,8.9000,true,1,19480
7290100702611,false,פתיתים אפויים אורז סוגת 500 ג',אסיף,,פתיתים אפויים אורז ס,גרמים,500.00,100 גרם,false,,5.20,1.0400,true,1,68071
7290100702994,false,סוגת סוכר דמררה קלאסי בשקית 500 גרם,"סוגת תעשיות בע""מ",IL,סוכר דמררה בשקית סוג,גרמים,500.00,100 גרם,false,,6.90,1.3800,true,1,19517
7290100703533,false,קמח קסם תערובת קמח עם שמרים,"שטיבל בע""מ",IL,קמח קסם רב תכליתי סו,קילוגרמים,1.00,"ק""ג",false,,8.90,8.9000,true,1,119336
7290100703564,false,פתיתי שיבולת שועל עבה סוגת 500 ג',,,שיבולת שועל עבה סוגת,גרמים,500.00,100 גרם,false,,7.90,1.5800,true,1,119338
7290100703625,false,קמח חיטה לבן ללא צורך בניפוי,סוגת,,קמח לבן ללא ניפוי סו,קילוגרמים,1.00,"ק""ג",false,,8.90,8.9000,true,1,68092
7290100703632,false,קמח חיטה מלא ללא צורך בניפוי,סוגת,,קמח מלא ללא ניפוי סו,קילוגרמים,1.00,"ק""ג",false,,8.90,8.9000,true,1,68093
7290100703915,false,פופקורן להכנה במיקרוגל בטעם חמאה - מארז 6 שקיות,סוגת,,מארז פופקורן למיקרוג,גרמים,540.00,100 גרם,false,,14.90,2.7593,true,1,117341
7290100704608,false,שעועית לבנה עדינה סוגת 500 גר',,,שעועית לבנה עדינה 50,גרמים,500.00,100 גרם,false,,8.90,1.7800,true,1,336826
7290100704615,false,סוכר לבן דק דק בצנצנת 500 ג',סוגת,,סוכר לבן דק דק בצנצנ,גרמים,500.00,100 גרם,false,,8.90,1.7800,true,1,370915
7290100850909,false,דוריטוס בטעם נאצ'ו מקסיקני,שטראוס פריטו ליי בע,IL,דוריטוס נאצו מקסיקני,גרמים,70.00,100 גרם,false,,4.30,6.1429,true,1,25384
7290100850916,false,דוריטוס בטעם חמוץ חריף,"שטראוס פריטו ליי בע""",IL,דוריטוס חמוץ חריף 70,גרמים,70.00,100 גרם,false,,4.30,6.1429,true,1,25385
7290100850923,false,דוריטוס גריל 70 גרם,שטראוס פריטו ליי בע,IL,דוריטוס גריל 70 גרם,גרמים,70.00,100 גרם,false,,4.30,6.1429,true,1,25386
7290100850930,false,דוריטוס דיפ טבעי 70ג,שטראוס פריטו ליי בע,IL,דוריטוס טבעי 70 גרם,גרמים,70.00,100 גרם,false,,4.30,6.1429,true,1,25387
7290100858592,false,אבקת קקאו עלית שקית 150 ג',הנסיך- מפעל לייצור ט,IL,עלית קקאו 150ג,גרמים,150.00,100 גרם,false,,10.50,7.0000,true,1,24210
7290100921623,false,מנקה אסלה סוד 4 כדוריות נתלה אקונומיקה נתלה 50 ג',"הנקל סוד בע""מ",HU,סוד סבון 4 כדוריות ל,גרמים,50.00,100 גרם,false,,10.20,20.4000,true,1,38257
7290100924457,false,כדוריות סבון נתלה לאסלה לימון רענן - 3 יח',הנקל סוד,HU,סוד סבון 4 כדוריות ל,גרמים,150.00,100 גרם,false,,19.90,13.2667,true,1,38276
7290100924631,false,מרכך כביסה מרוכז לבגדי תינוקות ובעלי עור רגיש,"הנקל סוד בע""מ",IL,מרכך כביסה סוד מרוכז,מיליליטרים,900.00,"100 מ""ל",false,,13.90,1.5444,true,1,38286
7290101113751,false,מאגדת שלגון קרמל ושוקולד בלונדי רביעיה * 50 ג' יולו,הגלידות של פלדמן,IL,מאגדת רביעייה שלגון,גרמים,200.00,100 גרם,false,,21.90,10.9500,true,1,413448
7290101113805,false,מאגדת קרחון שייק פרי תות 70% פרי 5*70 ג' יופלה,הגלידות של פלדמן,IL,מאגדת יופלה שייק פרי,גרמים,350.00,100 גרם,false,,24.90,7.1143,true,1,411155
7290101113904,false,מנבו בטעם וניל 12 יח,הגלידות של פלדמן,IL,מנבו וניל 12 יח 288,גרמים,288.00,100 גרם,false,,24.90,8.6458,true,1,495639
7290101459880,false,נרות אותיות- יום הול,,,נרות אותיות- יום הול,יחידה,0.00,יחידה,false,,9.90,0.0000,true,1,35437
7290101551027,false,קפסולות קפה אספרסו חזק במיוחד 14 עלית 10 יח',הנסיך- מפעל לייצור ט,IL,קפסולות אספרסו 14 למ,גרמים,50.00,100 גרם,false,,18.90,37.8000,true,1,138041
7290101551539,false,יוגורט PRO בטעם אפרסק 0% 20 גרם חלבון בגביע,דנונה - שטראוס,IL,דנונה פרו 20 אפרסק 2,גרמים,200.00,100 גרם,false,,6.50,3.2500,true,1,134444
7290101551584,false,תפוצ'יפס קידס מארז 10 יח' * 20 ג',"שטראוס פריטו ליי בע""",IL,מארז תפוצ'יפס קידס 1,גרמים,200.00,100 גרם,false,,15.90,7.9500,true,1,133154
7290101551638,false,חטיף צ'יטוס כאפה בטעם קטשופ - מארז 10 יח',"שטראוס פריטו ליי בע""",IL,מארז צ'יטוס כאפה 10*,גרמים,200.00,100 גרם,false,,13.90,6.9500,true,1,132227
7290101863410,false,"סיליט ניקוי עוצמתי מכיל אקונומיקה 750 מ""ל",סיליט באנג Cillit Bang,PL,סיליט באנג ספריי אקו,מיליליטרים,750.00,"100 מ""ל",false,,17.90,2.3867,true,1,22908
7290101864127,false,"ספריי להסרת כתמים 750 מ""ל וניש קליה",קליה וניש Kalia Vanish,IL,קליה אוקסי ספריי 750,מיליליטרים,750.00,"100 מ""ל",false,,19.90,2.6533,true,1,22913
7290101866633,false,ווניש קליה ג`ל להסרת כתמים 3 ל',קליה וניש Kalia Vanish,IL,וניש קליה ג'ל 3 ליטר,ליטרים,3.00,ליטר,false,,31.90,10.6333,true,1,22938
7290102030330,false,תפוצ'יפס קראנצ' בטעם מקסיקני,"שטראוס פריטו ליי בע""",IL,תפוצ'יפס קראנץ מקסיק,גרמים,200.00,100 גרם,false,,10.90,5.4500,true,1,25395
7290102031276,false,מארז 8 יחידות אקטימל משקה יוגורט בטעם תות בננה,מיוצר עי קונדיטוריית,IL,אקטימל תות בננה 8*10,מיליליטרים,800.00,"100 מ""ל",false,,22.90,2.8625,true,1,24905
7290102032334,false,אבקה להכנת משקה קפה בטעם וניל,STRAUSS-ISRAEL,IL,קפה נמס עלית בטעם ונ,גרמים,200.00,100 גרם,false,,30.90,15.4500,true,1,24220
7290102390427,false,יוגורט ביו עם קציפת תות 3% שומן 150 ג' מולר,מולר Muller,IL,מולר פרופ תות 3% 150,גרמים,150.00,100 גרם,false,,5.50,3.6667,true,1,7241
7290102390465,false,יוגורט ביו עם קציפת אפרסק ופסיפלורה 3% שומן 150 ג' מולר,מולר Muller,IL,מולר פרופ אפרסק פסיפ,גרמים,150.00,100 גרם,false,,5.50,3.6667,true,1,7242
7290102391844,false,יוגורט ביו עם קציפת פירות יער3% שומן 150 ג' מולר,מולר Muller,IL,מולר פרופ לבן+קציפת,גרמים,150.00,100 גרם,false,,5.50,3.6667,true,1,7262
7290102392049,false,גבינה תבור לאפייה 5% 500 ג' צוריאל,מחלבת משק צוריאל,IL,צוריאל תבור 5% 500ג,גרמים,500.00,100 גרם,false,,27.80,5.5600,true,1,7266
7290102392094,false,חלב עיזים 4.1% צוריאל 1 ל' קרטון,מילקו תעשיות בעמ,IL,צוריאל חלב עיזים 1ל,ליטרים,1.00,ליטר,false,,16.90,16.9000,true,1,7270
7290102393169,false,סימפלי פרוט יוגורט תות 3% שומן 150 ג' מולר,מולר Muller,IL,מולר סימפלי פרוט תות,גרמים,150.00,100 גרם,false,,5.50,3.6667,true,1,7307
7290102393176,false,סימפלי פרוט יוגורט אפרסק 3% שומן 150 ג' מולר,מילקו תעשיות בעמ,IL,מולר סימפלי פרוט אפר,גרמים,150.00,100 גרם,false,,5.50,3.6667,true,1,7308
7290102393190,false,סימפלי פרוט פירות היער 3% שומן 150 ג' מולר,מילקו תעשיות בעמ,IL,מולר סימפלי פרוט פיר,גרמים,150.00,100 גרם,false,,5.50,3.6667,true,1,7310
7290102393268,false,**טרה גבינה לבנה אריזת חיסכון 5% 750ג,טרה,IL,טרה גבינה לבנה אריזת,גרמים,750.00,100 גרם,false,,14.90,1.9867,true,1,7311
7290102393299,false,יוגורט עיזים לשתייה 3% שומן 500 ג' צוריאל,מיוצר עי קוד יצרן HG,IL,צוריאל יוגורט עיזים,מיליליטרים,500.00,"100 מ""ל",false,,13.50,2.7000,true,1,7312
7290102393855,false,יוגורט עיזים 2.5% אפרסק צוריאל 150ג',מחלבת משק צוריאל,IL,צוריאל יוגורט עיזים,מיליליטרים,150.00,"100 מ""ל",false,,6.70,4.4667,true,1,7325
7290102394081,false,מולר מיקס יוגורט קרמי עם קורנפלקס מצופה שוקולד,מילקו תעשייה בעמ,IL,מולר מיקס קורנפקלס מ,גרמים,170.00,100 גרם,false,,5.90,3.4706,true,1,7332
7290102394463,false,נעם גבינה צהובה וואקום 28% 500גרם,Unknown,IL,נעם גבינה צהובה וואק,גרמים,500.00,100 גרם,false,,28.00,5.6000,true,1,7344
7290102394845,false,פרוסות גבינת נעם מופחתת שומן 9%,מילקו תעשיות בעמ,IL,נעם גבינה צהובה דק ד,גרמים,200.00,100 גרם,false,,17.00,8.5000,true,1,7351
7290102395101,false,גבינה עם ממרח שוקולד 200ג' טרה,מילקו תעשיות בעמ,IL,מוו ממרח גבינה ושוקו,גרמים,200.00,100 גרם,false,,11.90,5.9500,true,1,7358
7290102395217,false,מאגדת שמיניה מולר במתיקות מעודנת 1.2% 8*150 ג',מולר Muller,IL,מולר ביאנקו במתיקות,קילוגרמים,1.20,"ק""ג",false,,19.90,16.5833,true,1,7362
7290102395262,false,מארז 8 גביעים יוגורט בטעם תות שדה ואפרסק 3% Simply Fruit,מולר Muller,IL,מולר תות שדה ואפרסק,קילוגרמים,1.20,"ק""ג",false,,32.40,27.0000,true,1,7365
7290102395439,false,מארז 8 גביעים יוגורט בטעם פירות יער וקיווי 3% Simply Fruit,מילקו תעשיות בעמ,IL,מולר סימפלי פירות יע,קילוגרמים,1.20,"ק""ג",false,,32.40,27.0000,true,1,7372
7290102395446,false,מעדן חלב בטעם וניל עם קצפת 123 ג' טרה,טרה,IL,מוו וניל קצפת 123מל,מיליליטרים,123.00,"100 מ""ל",false,,3.50,2.8455,true,1,7373
7290102395477,false,מעדן חלב בטעם שוקולד עם קצפת 123 ג' טרה,Unknown,IL,מוו שוקולד קצפת 123מ,מיליליטרים,123.00,"100 מ""ל",false,,3.50,2.8455,true,1,7376
7290102396405,false,מארז 8 יחידות מעדן חלב בטעם וניל 1.5%,טרה,IL,מוו מעדן וניל 100*8,גרמים,800.00,100 גרם,false,,13.90,1.7375,true,1,7413
7290102396580,false,מעדן שוקולד ומוס שוקולד 123 ג' טרה,טרה,IL,מוו מעדן שוקולד ומוס,גרמים,118.00,100 גרם,false,,3.50,2.9661,true,1,7424
7290102396672,false,גבינה צהובה נעם 9% דק דק 360ג',טרה,,נעם צהובה דק דק 9% 3,גרמים,360.00,100 גרם,false,,28.90,8.0278,true,1,7430
7290102397204,false,פרוסות גבינה 22% שומן 200 ג' נעם,מילקו תעשיות בעמ,IL,נעם צהובה דק דק 22%,גרמים,200.00,100 גרם,false,,16.20,8.1000,true,1,7461
7290102397464,false,יוגורט ביו בתוספת גרעינים אגוזים וחמוציות 170 ג' מולר,מולר Muller,IL,מולר יוגורט נטורל +,גרמים,150.00,100 גרם,false,,5.90,3.9333,true,1,74546
7290102397600,false,מיקס יוגורט בתוספת שקדים ובוטנים מקורמלים 170 ג' מולר,מילקו תעשייה בעמ,IL,מולר מיקס שקדים ובוט,גרמים,168.00,100 גרם,false,,5.90,3.5119,true,1,7486
7290102397617,false,יוגורט ביו קרמי עם כדורים מצופים שוקולד חום לבן,מולר Muller,IL,מולר מיקס קליק 168 ג,גרמים,168.00,100 גרם,false,,5.90,3.5119,true,1,7487
7290102397730,false,פרוסות גבינה אמנטל חצי קשה 30% שומן 200 ג' נעם,Unknown,IL,גבינת אמנטל נעם פתיח,גרמים,200.00,100 גרם,false,,17.90,8.9500,true,1,81880
7290102397747,false,פרוסות גבינת מוצרלה נעם מחלב בקר 22%,טרה,IL,מוצרלה נעם רכיבים ט,גרמים,200.00,100 גרם,false,,19.90,9.9500,true,1,107325
7290102397891,false,גבינת מותכת 18% צוריאל 100ג',משק צוריאל,IL,רביעייה גבינה מותכת,גרמים,100.00,100 גרם,false,,7.90,7.9000,true,1,74541
7290102398065,false,**חלב בקרטון 2 ליטר 3% מהדרין - טרה,Unknown,IL,טרה חלב קרטון 3% מהד,יחידה,0.00,יחידה,false,,12.46,0.0000,true,1,89736
7290102398331,false,חלב דל לקטוז 2% מועשר בויטמין D,Unknown,IL,חלב מועשר 1 ליטר דל,ליטרים,1.00,ליטר,false,,8.50,8.5000,true,1,110479
7290102398560,false,שוקו מעושר בבקבוק 1ל' טרה,מילקו תעשיות בעמ,IL,שוקו טרה מועשר בבקבו,ליטרים,1.00,ליטר,false,,12.50,12.5000,true,1,126063
7290102398577,false,משקה חלב בטעם שוקו 2% בבקבוק אישי,מילקו תעשיות בעמ,IL,שוקו טרה מועשר בבקבו,מיליליטרים,250.00,"100 מ""ל",false,,5.90,2.3600,true,1,134554
7290102398669,false,משקה חלב עם קפה אייס קפוצ'ינו 1.5%,מילקו תעשיות בעמ,IL,אייס קפוצ'ינו מווו ט,ליטרים,1.00,ליטר,false,,12.50,12.5000,true,1,249995
7290102398782,false,משקה סויה קלאסי צוריאל 1 ל',משק צוריאל,IT,משקה סויה קלאסי משק,ליטרים,1.00,ליטר,false,,11.90,11.9000,true,1,202781
7290102398805,false,משקה סויה - וניל 1 ליטר משק צוריאל,משק צוריאל,IT,משקה סויה בטעם וניל,ליטרים,1.00,ליטר,false,,11.90,11.9000,true,1,202783
7290102398836,false,משקה שקדים קלאסי 1 ליטר משק צוריאל,משק צוריאל,IT,משקה שקדים קלאסי משק,ליטרים,1.00,ליטר,false,,12.90,12.9000,true,1,202785
7290102399048,false,פרוסות גבינת קשקבל נעם 200 ג' טרה,טרה,IL,קשקבל נעם פתיחה חוזר,גרמים,200.00,100 גרם,false,,24.90,12.4500,true,1,146133
7290102399772,false,ממרח חמאת מולר ושמן לפתית במליחות עדינה,Molkerei Weihensteph,DE,מולר ממרח חמאה במליח,גרמים,250.00,100 גרם,false,,18.90,7.5600,true,1,247881
7290102399802,false,יוגורט עם תות מולר אקטיב מועשר בחלבון 200 גר',מולר Muller,IL,יוגורט חלבון תות 20,גרמים,200.00,100 גרם,false,,6.90,3.4500,true,1,243595
7290102399819,false,יוגורט עם פירות יער מולר אקטיב מועשר בחלבון 200 גר',מולר Muller,IL,יוגורט חלבון פ.יער 2,גרמים,200.00,100 גרם,false,,6.90,3.4500,true,1,243596
7290103401429,false,עלית אוריגינס קצב ברזילאי 200ג,הנסיך- מפעל לייצור ט,IL,קפה אוריגינס קצב ברז,גרמים,200.00,100 גרם,false,,29.90,14.9500,true,1,24234
7290103404758,false,כרוב אדום במיונז אחל,מיוצר עי קונדיטוריית,IL,אחלה כרוב אדום 120ג,גרמים,120.00,100 גרם,false,,5.90,4.9167,true,1,24915
7290103700393,false,טאצ' כריות יפניות עבות עם תעלות 4 יח',"שניב תעשיות נייר בע""",,טאצ' כריות יפניות עב,יחידה,0.00,יחידה,false,,9.90,0.0000,true,1,25759
7290103700997,false,נייר טואלט לובלי 40 גליל,,,לאבלי נייר טואלט 40,מטרים,716.00,מטר,false,,43.90,0.0613,true,1,25763
7290103701093,false,טאצ' מטליות מיקרופייבר לרצפה 2 יח',"שניב תעשיות נייר בע""",,טאצ מטליות מקרופייבר,יחידה,0.00,יחידה,false,,14.90,0.0000,true,1,25767
7290103702229,false,מפות שולחן עבות במיו,"שניב תעשיות נייר בע""",,טאצ מפות עבות במיוחד,יחידה,0.00,יחידה,false,,9.80,0.0000,true,1,25777
7290103702298,false,טאצ' אשפתון עבה בגליל 77*90 50 יח',"שניב תעשיות נייר בע""",,טאצ אשפתון בגליל 50,יחידה,0.00,יחידה,false,,16.90,0.0000,true,1,25783
7290103702540,false,נייר טואלט מהדרות כדור פורח 30 גלילים טאצ',טאץ' Touch,,נייר טואלט 30 יח' מ,יחידה,0.00,יחידה,false,,24.90,0.0000,true,1,234265
7290103702779,false,מפיות שולחן טאצ 150 יח כשלפ,,,מפיות אירוח טאצ` 15,יחידה,0.00,יחידה,false,,9.90,0.0000,true,1,25794
7290103703219,false,דלי מטליות לחות לניקוי כללי בניחוח לימון טאצ',,,טאצ' מטליות לחות לני,יחידה,0.00,יחידה,false,,20.90,0.0000,true,1,113313
7290103703578,false,נייר טואלט לובלי תלת,,,לובלי נייר טואלט תלת,יחידה,0.00,יחידה,false,,42.90,0.0000,true,1,135049
7290103704162,false,נייר טואלט טאצ' פרימיום 32 גלילים,"שניב תעשיות נייר בע""",IL,נייר טואלט טאצ' 32 ג,יח',0.00,יח',false,,32.90,0.0000,true,1,308594
7290103704575,false,נייר טואלט טאצ' פרימיום 48 גלילים,,,נייר טואלט טאצ' 48 י,יחידה,0.00,יחידה,false,,41.90,0.0000,true,1,308609
7290103704766,false,נייר טואלט 24 גליל כפול מהדורת פרח סגול,,,נייר טואלט 24 גליל,יחידה,0.00,יחידה,false,,43.90,0.0000,true,1,444775
7290103746001,false,ממחטות טאצ' 5*100 צץ רץ (19*195),"שניב תעשיות נייר בע""",,ממחטות טאצ' חמישייה,יחידה,0.00,יחידה,false,,12.90,0.0000,true,1,25804
7290104061417,false,חומוס טחינה אחלה 400 ג',"שטראוס גרופ בע""מ",IL,אחלה חומוס טחינה 400,גרמים,400.00,100 גרם,false,,11.90,2.9750,true,1,24922
7290104061424,false,חומוס אחלה עם זעתר 400 ג',מיוצר עי קונדיטוריית,IL,אחלה חומוס זעתר 400,גרמים,400.00,100 גרם,false,,11.90,2.9750,true,1,24923
7290104061448,false,חומוס עם חריף 400 ג' אחלה,מיוצר עי קונדיטוריית,IL,אחלה חומוס חריף 400ג,גרמים,400.00,100 גרם,false,,11.90,2.9750,true,1,24925
7290104062599,false,מארז 8 יחידות מעדן גמדים בטעמי תות ובננה,STRAUSS-ISRAEL,IL,גמדים תות בננה 8*100,מיליליטרים,800.00,"100 מ""ל",false,,18.90,2.3625,true,1,24926
7290104066566,false,טחינה שומשום מלא אחלה 500 גר',מיוצר עי קונדיטוריית,IL,אחלה טחינה 500ג,גרמים,500.00,100 גרם,false,,15.90,3.1800,true,1,24931
7290104067693,false,אחלה חומוס עם חריף 150 גרם,מיוצר עי קונדיטוריית,IL,אחלה חומוס עם חריף 1,גרמים,150.00,100 גרם,false,,5.90,3.9333,true,1,24934
7290104504228,false,מארז אריזות מיני חטיף דובונים - 5 יח',"אסם השקעות בע""מ",IL,דובונים קדמ.מארז אחי,גרמים,100.00,100 גרם,false,,14.90,14.9000,true,1,21492
7290104508202,false,גביעי גלידה אמריקאים 24 יח' אסם 120 ג',"גילרו בע""מ",IL,גביעי גלידה אמריקאים,גרמים,120.00,100 גרם,false,,13.90,11.5833,true,1,68384
7290104508943,false,במבה אריזת חסכון 200 גרם,"אסם השקעות בע""מ",IL,במבה קלאסי 18*200 גר,גרמים,200.00,100 גרם,false,,9.50,4.7500,true,1,21503
7290104570131,false,תמר מג'הול הדקלאים,,,"תמר מג'הול 1 ק""ג",קילוגרמים,1.00,"ק""ג",false,,18.90,18.9000,true,1,60691
7290104721533,false,רצועות פלפלים קלויים אחלה 400 ג',מיוצר עי קונדיטוריית,IL,אחלה פלפלים קלויים 4,גרמים,400.00,100 גרם,false,,16.90,4.2250,true,1,24940
7290104721762,false,קפה טורקי עלית מארז 85X3ג',,,טורקי עלית 3*85 גר'.,גרמים,255.00,100 גרם,false,,19.90,7.8039,true,1,24277
7290104722530,false,תפוצ'יפס בטעם שמנת ובצל,"שטראוס פריטו ליי בע""",IL,תפוציפס שמנת בצל 200,גרמים,200.00,100 גרם,false,,10.90,5.4500,true,1,25436
7290104726262,false,מארז 4 יחידות דני לשתייה בטעם שוקולד + קשים,מיוצר עי קונדיטוריית,IL,דני שוקולד לשתייה מא,מיליליטרים,500.00,"100 מ""ל",false,,11.90,2.3800,true,1,24950
7290104726712,false,מארז 8 יחידות מעדן מילקי בטעם שוקולד עם קצפת,"שטראוס גרופ בע""מ",IL,מילקי שמינייה מארז 8,קילוגרמים,1.06,"ק""ג",false,,21.90,20.6604,true,1,24952
7290104960246,false,"נקה 7 - תחליב רחצה ורד ויסמין 750 מ""ל",אמיליה קוסמטיקס,IL,תחליב רחצה ורד ויסמי,מיליליטרים,750.00,"100 מ""ל",false,,12.90,1.7200,true,1,32805
7290104964350,false,אל סבון עשיר בלחות בניחוח פרחי מים - מארז 3 יח',נקה 7,,סבון נוזלי פרחי מים,ליטרים,1.50,ליטר,false,,22.90,15.2667,true,1,32888
7290105360755,false,שמן זית כתית מעולה חזק 3,מכוורת יד מרדכי שטרא,IL,שמן זית 3 חזק כתית י,מיליליטרים,750.00,"100 מ""ל",false,,38.90,5.1867,true,1,24303
7290105360878,false,תפוצ'יפס מארז 4 יח' *50ג',"שטראוס פריטו ליי בע""",IL,תפוציפס מארז 4*50ג,גרמים,200.00,100 גרם,false,,12.90,6.4500,true,1,25450
7290105364289,false,כיף כף - מקלות פצפוצים 40 גרם,"איי, בי, אינבוו",TR,כיף כף מקלות פצפוצים,גרמים,40.00,100 גרם,false,,5.90,14.7500,true,1,24315
7290105364302,false,"עלית חטיף שוקולד כיף כף מקלות אגוזים, 40 גרם","איי, בי, אינבוו",TR,כיף כף מקלות אגוזים,גרמים,42.00,100 גרם,false,,5.90,14.0476,true,1,24316
7290105366023,false,חציל אחלה בטעם כבד 400 גר' אחלה,מיוצר עי קונדיטוריית,IL,אחלה חציל בטעם כבד 4,גרמים,400.00,100 גרם,false,,16.90,4.2250,true,1,24965
7290105366047,false,טחינה אחלה לבנה 400 גר',מיוצר עי קונדיטוריית,IL,אחלה טחינה לבנה 400ג,גרמים,400.00,100 גרם,false,,16.90,4.2250,true,1,24967
7290105366993,false,סימפוניה גבינה במרקם שמנת פלפל שיפקה חריף 5%,"שטראוס בריאות בע""מ",IL,סימפוניה פלפל שיפקה,גרמים,200.00,100 גרם,false,,12.90,6.4500,true,1,24973
7290105368331,false,מעדן מילקי בטעם תות עם קצפת,מחלבת אחיהוד,IL,"מילקי תות 170 מ""ל",מיליליטרים,170.00,"100 מ""ל",false,,2.90,1.7059,true,1,24985
7290105369130,false,סימפוניה גבינה במרקם שמנת בצל ירוק 5%,"שטראוס בריאות בע""מ",IL,סימפוניה שטראוס בצל,גרמים,200.00,100 גרם,false,,12.90,6.4500,true,1,24999
7290105434050,false,ספיד סטיק - דאודורנט סטיק לגבר XL ירוק רגיולר 85 גרם,ספיד סטיק Speed Stick,,דאו' ירוק רגיולר ספי,גרמים,85.00,100 גרם,false,,15.90,18.7059,true,1,23679
7290105439499,false,מיונז הולנדי 481 ג' מאסטר שף,רמיה סי.וי. הולנד,NL,מיונז הולנדי מאסטר ש,גרמים,480.00,100 גרם,false,,12.90,2.6875,true,1,23693
7290105691224,false,פריכונים חטיפי טורטיה שום בצל 60 ג' אוסם,"מיוצר ע""י PT, משווק",IL,חטיפי פריכונים טורטי,גרמים,60.00,100 גרם,false,,8.10,13.5000,true,1,21525
7290105691248,false,פריכונים חטיפי טורטיה תירס 60 ג' אוסם,"מיוצר ע""י PT, משווק",IL,חטיפי פריכונים טורטי,גרמים,60.00,100 גרם,false,,8.10,13.5000,true,1,21526
7290105691934,false,"קמח שמרים 1ק""ג אוסם",תאי פרזידנט פוד פאבל,IL,"קמח שמרים אסם 1 ק""ג",קילוגרמים,1.00,"ק""ג",false,,10.90,10.9000,true,1,21534
7290105693341,false,במבה מארז 10 יח' * 25 ג' אסם,"אסם השקעות בע""מ",IL,במבה מאח.15 10*25גרם,גרמים,250.00,100 גרם,false,,17.90,7.1600,true,1,21543
7290105693457,false,עוגת הבית דמקה שוקו וניל 320 ג' אסם,מיוצר עי קונדיטוריית,IL,עוגת הבית דמקה שוקו,גרמים,320.00,100 גרם,false,,14.90,4.6563,true,1,21544
7290105695024,false,אסם פתיתים אפויים אורז עם אטריות 500 גר,"אסם השקעות בע""מ",IL,פתיתים אפויים אורז ע,גרמים,500.00,100 גרם,false,,7.90,1.5800,true,1,21554
7290105695321,false,עוגת שוקולד בראוניז פאדג' 380 ג',מיוצר עי קונדיטוריית,IL,הבית עוגות בראוניס פ,גרמים,380.00,100 גרם,false,,19.50,5.1316,true,1,21557
7290105962331,false,זחוק אדום תימני מקורי חריף מאוד,קריניסה ויטמין אס אי,IL,סחוג חריף מאוד זהבי,גרמים,220.00,100 גרם,false,,12.40,5.6364,true,1,25001
7290105963864,false,חזרת אחלה 220 גרם,"שטראוס גרופ בע""מ",IL,חזרת אחלה 220 גרם,גרמים,220.00,100 גרם,false,,12.90,5.8636,true,1,25005
7290105964564,false,אחלה חומוס אחלה 400ג,מיוצר עי קונדיטוריית,IL,אחלה חומוס אחלה 400ג,גרמים,400.00,100 גרם,false,,9.90,2.4750,true,1,25006
7290105965738,false,יוגורט לשתיה בטעם תות בננה267 ג' דנונה,מיוצר עי קונדיטוריית,IL,דנונה משקה תות בננה,גרמים,267.00,100 גרם,false,,5.50,2.0599,true,1,25014
7290105968098,false,סלט קולסלאו אחלה 500 ג',אחלה - שטראוס,IL,אחלה קולסלאו 500ג,גרמים,500.00,100 גרם,false,,16.90,3.3800,true,1,25026
7290106520066,false,רבע לשבע במילוי קרם אגוזים ובציפוי שוקולד חלב,הגביע מוצרי וופלים ב,IL,רבע לשבע 160 גרם,גרמים,160.00,100 גרם,false,,12.90,8.0625,true,1,24363
7290106520912,false,"שמנת לבישול 9% 250 מ""ל יטבתה",מחלבת יטבתה,IL,יטבתה שמנת לבישול 9%,מיליליטרים,250.00,"100 מ""ל",false,,8.90,3.5600,true,1,25039
7290106521049,false,קוביות סלק אחלה 400 גר',מיוצר עי קונדיטוריית,IL,אחלה קוביות סלק 400,גרמים,400.00,100 גרם,false,,16.90,4.2250,true,1,25041
7290106521926,false,שקית קפה טורקי 150 ג' עלית,עלית,,קפה טורקי עלית 150 ג,גרמים,150.00,100 גרם,false,,13.90,9.2667,true,1,89559
7290106524439,false,תפוצ'יפס טבעי פופס 60גר',"שטראוס פריטו ליי בע""",IL,תפוציפס פופס 60 גרם,גרמים,60.00,100 גרם,false,,4.50,7.5000,true,1,110774
7290106528567,false,דוריטוס גריל עלית 185 ג',הנסיך- מפעל לייצור ט,IL,דוריטוס גריל 185 גר`,גרמים,185.00,100 גרם,false,,8.50,4.5946,true,1,25480
7290106528628,false,דוריטוס טבעי עלית 185 ג',"שטראוס פריטו ליי בע""",IL,דוריטוס טבעי 185 גר`,גרמים,185.00,100 גרם,false,,8.50,4.5946,true,1,25481
7290106571921,false,עוגיות פיטנס עוגיות חמוציות 180 גר',מיוצר עי קונדיטוריית,IL,פיטנס עוגיות חמוציות,גרמים,180.00,100 גרם,false,,12.70,7.0556,true,1,119535
7290106572027,false,אוסם - לחמית חמישה דגנים 190 גרם,"אסם השקעות בע""מ",IL,לחמית חמישה דגנים אס,גרמים,190.00,100 גרם,false,,9.90,5.2105,true,1,21574
7290106572959,false,מארז אפרופו חטיף תירס 5 יחידות,אסם תעשיות,IL,אפרופו קלאסי מאח.8 5,גרמים,75.00,100 גרם,false,,13.90,18.5333,true,1,21582
7290106573598,false,צבר חומוס לבנוני 400גרם,סלטי צבר,IL,צבר חומוס לבנוני 400,גרמים,400.00,100 גרם,false,,12.90,3.2250,true,1,22240
7290106573642,false,צבר חומוס צנובר 400גרם,סלטי צבר,IL,צבר חומוס צנובר 400,גרמים,400.00,100 גרם,false,,12.90,3.2250,true,1,22242
7290106574953,false,בייגלה שטוחים כעכים שטוחים עם שומשום,מיוצר עי קונדיטוריית,IL,אסם בייגלה שטוחים שו,גרמים,300.00,100 גרם,false,,11.90,3.9667,true,1,21609
7290106574977,false,בייגלה שטוחים כעכים שטוחים עם מלח,מיוצר עי קונדיטוריית,IL,אסם בייגלה שטוחים עם,גרמים,300.00,100 גרם,false,,11.90,3.9667,true,1,21610
7290106575011,false,פתיתים אפויים פלוס חיטה מלאה 400 ג' אסם,מיוצר עי קונדיטוריית,IL,פתיתים אפויים חיטה מ,גרמים,400.00,100 גרם,false,,7.90,1.9750,true,1,21611
7290106575257,false,עוגת הבית סופלה בטעם שוקולד 340 ג' אסם,מיוצר עי קונדיטוריית,IL,עוגת הבית סופלה בטעם,גרמים,340.00,100 גרם,false,,14.90,4.3824,true,1,68424
7290106575431,false,עוגת הבית סופלה בטעם שוקוניל 340 ג' אסם,מיוצר עי קונדיטוריית,IL,עוגת הבית סופלה בטעם,גרמים,340.00,100 גרם,false,,14.90,4.3824,true,1,21618
7290106576513,false,סלט חומוס צבר 400 גר,סלטי צבר,IL,צבר חומוס 400 גרם,גרמים,400.00,100 גרם,false,,10.90,2.7250,true,1,22246
7290106576537,false,צבר חומוס מסעדה 700 גר,סלטי צבר,IL,צבר חומוס מסעדה 700,גרמים,700.00,100 גרם,false,,12.90,1.8429,true,1,22247
7290106576971,false,גלידה לה קרמריה שוקולד בלגי 1.4 ל' נסטלה,תות תעשיות מזון (201,IL,לה קרמריה שוקולד בלג,ליטרים,1.40,ליטר,false,,25.90,18.5000,true,1,17043
7290106577282,false,צבר טחינה מרובע 400גרם,סלטי צבר,IL,צבר מרובע טחינה 400ג,גרמים,400.00,100 גרם,false,,14.90,3.7250,true,1,22248
7290106577527,false,סלט קולסלאו כרוב לבן וגזר 400 ג' צבר,סלטי צבר,IL,צבר מרובע קולסלו 400,גרמים,400.00,100 גרם,false,,14.90,3.7250,true,1,22253
7290106577541,false,כרוב אדום מרובע 400 ג' צבר,סלטי צבר,IL,צבר מרובע כרוב אדום,גרמים,400.00,100 גרם,false,,13.50,3.3750,true,1,22254
7290106577572,false,צבר מטבוחה מרובע 400גרם,סלטי צבר,IL,צבר מרובע מטבוחה 40,גרמים,400.00,100 גרם,false,,14.90,3.7250,true,1,22255
7290106652996,false,כיף כף מקלות קוקוס חלבי 40 גר',SOLEN CIKOLATA GIDA,TR,כיף כף מקלות קוקוס 4,גרמים,40.00,100 גרם,false,,5.90,14.7500,true,1,504111
7290106656734,false,עוגיות חיוכים וניל 600 ג'רם,אפיפית נצרת,IL,"חיוכים וניל בד""צ 600",גרמים,600.00,100 גרם,false,,21.70,3.6167,true,1,119985
7290106658479,false,עלית וופל בטעם טורטית אגוזים 360גר,"שטראוס גרופ בע""מ",IL,עלית וופל בטעם טורטי,גרמים,40.00,100 גרם,false,,4.90,12.2500,true,1,24446
7290106662025,false,תפוצ'יפס טבעי מלח פלפל 50 ג',"שטראוס פריטו ליי בע""",IL,תפוציפס טבעי מלח פלפ,גרמים,50.00,100 גרם,false,,4.50,9.0000,true,1,25517
7290106663558,false,"רוטב טריאקי ורימון יד מרדכי 280מ""ל",אף.סי תבליני בגליל ב,IL,יד מרדכי רוטב טריאקי,מיליליטרים,280.00,"100 מ""ל",false,,14.90,5.3214,true,1,24490
7290106666788,false,עלית - סוכריות נוסטלגיה דבש ממולאות 80 גרם,פלזנסקי,IL,סוכריות נוסטלגיה דבש,גרמים,80.00,100 גרם,false,,7.90,9.8750,true,1,24507
7290106667266,false,דוריטוס חמוץ חריף עלית 185 ג',הנסיך- מפעל לייצור ט,IL,דוריטוס חמוץ חריף 18,גרמים,185.00,100 גרם,false,,8.50,4.5946,true,1,25556
7290106668577,false,"מיץ לימון טבעי יד מרדכי 250 מ""ל",האי נאם סי או אל.טי.,IT,מיץ לימון טבעי יד מר,מיליליטרים,250.00,"100 מ""ל",false,,8.90,3.5600,true,1,24517
7290106668713,false,יוגורט עם פירות יער 3% שומן 150 ג' דנונה,מיוצר עי קונדיטוריית,IL,דנונה פירות יער3% 15,מיליליטרים,150.00,"100 מ""ל",false,,3.90,2.6000,true,1,25130
7290106720626,false,צ'יטוס קראנצ' בטעם גבינה - חלבי,"שטראוס פריטו ליי בע""",IL,ציטוס גבינה 80 גרם,גרמים,80.00,100 גרם,false,,5.50,6.8750,true,1,77090
7290106721920,false,צנצנת מסטיק מאסט בטעם ספירמינט עדין 66 ג' עלית,"שטראוס גרופ בע""מ.",IL,מאסט צנצנת ספירמינט,גרמים,66.00,100 גרם,false,,11.90,18.0303,true,1,24553
7290106727984,false,כיף כף פצפוצים ושוקולד 135 ג',שולן צ'יקולטה גידה ס,TR,כיף כף פצפצים 135 גר,גרמים,135.00,100 גרם,false,,11.90,8.8148,true,1,24610
7290106729650,false,יוגורט עם תות מאגדת 8 יח' * 150ג' דנונה,דנונה - שטראוס,,דנונה יוגורט תות 8יח,קילוגרמים,1.20,"ק""ג",false,,27.00,22.5000,true,1,25172
7290107280112,false,נייר טואלט סופט סילק 24 גליל,Unknown,,סנו סופט נייר טואלט,מטרים,441.00,מטר,false,,27.90,0.0633,true,1,106069
7290107280341,false,ריצפז מטליות לחות לניקוי הרצפה בניחוח מלון מפנק,"סנו מפעלי ברונוס סע""",IL,ריצפז מטליות לחות לנ,יחידה,0.00,יחידה,false,,12.90,0.0000,true,1,205138
7290107280563,false,אוקסיג'ן ג'ל לכביסה בייבי 3ל',"איי, בי, אינבוו",IL,סנו ג'ל אוקסיג'ן ביי,ליטרים,3.00,ליטר,false,,32.90,10.9667,true,1,32912
7290107280570,false,סנו - מקסימה ג'ל כביסה מרוכז לכביסה צבעונית 3 ליטר,מיוצר עי קונדיטוריית,IL,מקסימה ג'ל כביסה מיק,ליטרים,3.00,ליטר,false,,35.90,11.9667,true,1,32913
7290107280730,false,נוזל לניקוי כלים סנו ספארק Spark בניחוח לבנדר,מיוצר עי קונדיטוריית,IL,סנו ספארק נוזל לניקו,מיליליטרים,700.00,"100 מ""ל",false,,11.90,1.7000,true,1,32924
7290107280747,false,נוזל לניקוי כלים סנו ספארק Spark קלאסי,סנו כימיקלים,IL,סנו ספארק נוזל לניקו,מיליליטרים,700.00,"100 מ""ל",false,,11.90,1.7000,true,1,32925
7290107341356,false,כבל אייפון imx,,,כבל אייפון,יחידה,0.00,יחידה,false,,19.90,0.0000,true,1,426269
7290107646154,false,חטיף דגנים קוקומן פצפוצים טעם שוקו שישיה* 21 ג',יוניליוור ישראל מזון,IL,חטיף קוקומן פצפוצים,גרמים,126.00,100 גרם,false,,13.90,11.0317,true,1,118799
7290107647854,false,"שוגי מופחת סוכר תלמה 500 ג' בד""צ",יוניליוור ישראל מזון,IL,שוגי 20% סוכר תלמה ב,גרמים,500.00,100 גרם,false,,24.10,4.8200,true,1,118816
7290107871990,false,פסטה צינורות 500 ג' אסם,פסטה זארה,IT,פסטה צינורות אסם 500,גרמים,500.00,100 גרם,false,,6.90,1.3800,true,1,21671
7290107874502,false,ביסלי גריל מארז 4 יח' * 55 ג' אסם,מיוצר עי קונדיטוריית,IL,ביסלי גריל 4*55 גרם,גרמים,220.00,100 גרם,false,,12.90,5.8636,true,1,21700
7290107875271,false,ביסלי ברביקיו מארז 4 יח' * 55 ג' אסם,,,ביסלי ברבקיו מארז 4*,גרמים,220.00,100 גרם,false,,12.90,5.8636,true,1,68462
7290107879132,false,פריכיות פיטנס מיני פריכיות שוקולד חלב 22 ג',CA,IL,מיני פריכיות שוקולד,גרמים,22.00,100 גרם,false,,6.50,29.5455,true,1,68492
7290107931397,false,כיף כף פצפוצים ביסקוויט 40ג',שולן צ'יקולטה גידה ס,TR,כיף כף פצפצים 40גר`,גרמים,40.00,100 גרם,false,,5.90,14.7500,true,1,24641
7290107932080,false,חלב בבקבוק 3% שומן 1 ל' יוטבתה,מחלבת יטבתה,IL,יטבתה חלב בבקבוק 3%,ליטרים,1.00,ליטר,false,,7.90,7.9000,true,1,25185
7290107932134,false,חלב בבקבוק 1% שומן 1 ל' יוטבתה,מחלבת יטבתה,IL,יטבתה חלב בבקבוק 1%,ליטרים,1.00,ליטר,false,,7.90,7.9000,true,1,25187
7290107934473,false,מארז 8 יח' אקטיביה יוגורט קרמי 1.5% שומן,דנונה - שטראוס,IL,אקטיביה מארז מיוחד 1,קילוגרמים,1.20,"ק""ג",false,,21.90,18.2500,true,1,25203
7290107936309,false,דנונה יוגורט 7% יווני לבן 130 ג',"שטראוס בריאות בע""מ",IL,דנונה יווני לבן 130,גרמים,130.00,100 גרם,false,,3.50,2.6923,true,1,25213
7290107936958,false,עד חצות ביסקוויט אצבעות שוקולד 125 גרם,הדקלאים אגודת שיתופי,FR,עד חצות אצבעות 125 ג,גרמים,125.00,100 גרם,false,,11.50,9.2000,true,1,101883
7290107937542,false,משקה יוגורט אקטיביה עם תות 1.2% שומן,מיוצר עי קונדיטוריית,IL,משקה אקטיביה תות 1.2,מיליליטרים,265.00,"100 מ""ל",false,,5.50,2.0755,true,1,25221
7290107937627,false,מסטיק מאסט Must קוביות ללא סוכר בטעם מנטה עדינה,אסקום קונפקשיין,DE,צנצנת קוביות ספירמינ,גרמים,58.00,100 גרם,false,,11.90,20.5172,true,1,24683
7290107938396,false,"אקטימל משקה פרוביוטי תות 100X8 מ""ל",מיוצר עי קונדיטוריית,IL,דנונה Actimel בנים ב,גרמים,864.00,100 גרם,false,,22.90,2.6505,true,1,25227
7290107940030,false,חומוס אחלה 650 גר',,,חומוס אחלה 650 גר,גרמים,650.00,100 גרם,false,,10.90,1.6769,true,1,25246
7290107943192,false,"שמנת חמוצה מהערבה 27% שומן 200 מ""ל יטבתה",יטבתה,,יטבתה שמנת 27% 200מ,מיליליטרים,200.00,"100 מ""ל",false,,4.50,2.2500,true,1,101919
7290107944243,false,"וופל אפיפית ללא גלוטן 200ג' בד""צ","שטראוס גרופ בע""מ",IL,"אפיפית ללא גלוטן בד""",גרמים,200.00,100 גרם,false,,7.90,3.9500,true,1,96895
7290107944472,false,סימפוניה גבינה במרקם שמנת 5% שום שמיר,"שטראוס בריאות בע""מ",IL,סימפוניה 5% שום שמיר,גרמים,200.00,100 גרם,false,,12.90,6.4500,true,1,25286
7290107945165,false,קונפיטורה משמש יד מרדכי 340 ג',אף.סי תבליני בגליל ב,IL,יד מרדכי קונפיטורת מ,גרמים,340.00,100 גרם,false,,13.90,4.0882,true,1,61802
7290107951715,false,צנצנת מסטיק מאסט קוביות בטעם ענבים 58 ג' עלית,אסקום קונפקשיין,IL,מאסט צנצנת קוביות ענ,גרמים,58.00,100 גרם,false,,11.90,20.5172,true,1,60572
7290107953559,false,קפה טורקי עלית לדרך שקיות 24X7ג',הנסיך- מפעל לייצור ט,IL,קפה טורקי לדרך 168 ג,גרמים,168.00,100 גרם,false,,19.90,11.8452,true,1,24737
7290107954709,false,קונפיטורה יד מרדכי פירות יער 340 ג',יד מרדכי,IL,יד מרדכי קונפיטורת פ,גרמים,340.00,100 גרם,false,,13.90,4.0882,true,1,86959
7290107957069,false,צנצנת מסטיק בטעם אוכמניות 66 ג' עלמה,"שטראוס גרופ בע""מ",IL,מסטיק עלמה בטעם אוכמ,גרמים,66.00,100 גרם,false,,11.90,18.0303,true,1,101891
7290107957076,false,צנצנת מסטיק בטעם ספירמינט 66 ג' עלמה,"שטראוס גרופ בע""מ",IL,מסטיק עמלה בטעם ספיר,גרמים,66.00,100 גרם,false,,11.90,18.0303,true,1,101892
7290107957113,false,סימפוניה 5% זיתים פיקנטיים 200 ג' שטראוס,קריות זול,IL,סימפוניה עם זיתים פי,גרמים,200.00,100 גרם,false,,12.90,6.4500,true,1,134472
7290107957991,false,מילקי CAKE מיניס קרם חלב בציפוי שוקולד חלב שקית 16X9ג',בובארד איטליה אס.פי.,IT,"מילקי מייניס 9*16 מ""",גרמים,144.00,100 גרם,false,,15.50,10.7639,true,1,129714
7290107958035,false,יוגורט במתיקות מעודנת 2% ללא תוספת סוכר- מארז 8 יח,דנונה - שטראוס,IL,8 דנונה מתיקות מעודנ,קילוגרמים,1.20,"ק""ג",false,,19.50,16.2500,true,1,106887
7290107973861,false,מאסטר שף - עגבניות קצוצות דק שלישיה 400 גרם * 3,קונסרזיו קאסאלאסקו ד,IT,עגבניות קצוצות דק מא,קילוגרמים,1.20,"ק""ג",false,,17.90,14.9167,true,1,23746
7290107974066,false,"עלי טורטיה קמח מלא 20ס""מ 8יח' מאסטר שף 320ג'",אלקטי קורביישיסי,DE,עלי טורטיה קמח מלא מ,גרמים,320.00,100 גרם,false,,11.90,3.7188,true,1,68857
7290107974080,false,טורטיות קמח לבן מנה 840 ג',הדקלאים אגודת שיתופי,DE,עלי טורטיה קמח לבן מ,גרמים,820.00,100 גרם,false,,18.90,2.3049,true,1,23753
7290107974806,false,"מאסטר שף - אורז בסמטי 1 ק""ג",דווה סינג שיהם,,אורז בסמטי מאסטר שף,קילוגרמים,1.00,"ק""ג",false,,14.90,14.9000,true,1,23760
7290107974813,false,"אורז יסמין 1 ק""ג מאסטר שף",מאסטר שף,,אורז יסמין מאסטר שף,קילוגרמים,1.00,"ק""ג",false,,14.90,14.9000,true,1,23761
7290107974820,false,ממרח מתובל ספייסי מאסטר שף 248 ג',מאסטר שף,,מאסטר שף ממרח מתובל,גרמים,252.00,100 גרם,false,,8.90,3.5317,true,1,23762
7290107978323,false,אטריות דקיקות 400 גרם מאסטר שף,הדקלאים אגודת שיתופי,PL,איטריות דקיקות מאסטר,גרמים,400.00,100 גרם,false,,6.90,1.7250,true,1,88285
7290107978637,false,"מרידול משחת שיניים 75 מ""ל כשל""פ-מרכז",מרידול Meridol,,משחת שיניים מרידול 7,מיליליטרים,75.00,"100 מ""ל",false,,21.90,29.2000,true,1,78678
7290108350258,false,נייר טואלט סנו סופט גליל ארוך 12=36 יח',מפעלי ברונוס בעמ,IL,סופט נייר טואלט גליל,מטרים,180.00,מטר,false,,44.90,0.2494,true,1,32945
7290108350616,false,סנו - מקסימה מרכך כביסה מרוכז פריחה כחולה 1 ליטר,"סנו מפעלי ברונוס בע""",IL,מרכך כביסה מקסימה סו,יחידה,0.00,יחידה,false,,18.90,0.0000,true,1,32956
7290108350715,false,"סנו פורטה FREE נוזל מרוכז להסרת שומנים 750 מ""ל",,,פורטה פרי 750 מ`ל,מיליליטרים,750.00,"100 מ""ל",false,,16.90,2.2533,true,1,32962
7290108351156,false,סנו - ג'ט לניקוי כללי ורצפות בתוספת חומץ 1.5 ליטר,"סנו מפעלי ברונוס בע""",IL,סנו ג`ט פלוס לניקוי,יחידה,0.00,יחידה,false,,14.90,0.0000,true,1,32979
7290108351507,false,מרכך כביסה מקסימה סופט סילק 4 ל' סנו,סנו מקסימה,IL,מרכך כביסה סנו מקסימ,ליטרים,4.00,ליטר,false,,23.90,5.9750,true,1,32981
7290108351736,false,ניקוי חלונות אקולוגי Green Power,סנו,,"נוזל חלונות 750 מ""ל",מיליליטרים,750.00,"100 מ""ל",false,,12.90,1.7200,true,1,239581
7290108351811,false,מקסימה מרכך כביסה סופר מרוכז פלור טאצ' 1 ליטר,מיוצר עי קונדיטוריית,IL,סנו מקסימה מרכך כביס,יחידה,0.00,יחידה,false,,18.90,0.0000,true,1,167736
7290108352214,false,סנו - מקסימה קפסולות כביסה בניחוח בריזה מרעננת 40 יח',טרופיקל דגיל תעשיות,IL,קפסולות כביסה בניחוח,גרמים,840.00,100 גרם,false,,44.90,5.3452,true,1,238215
7290108352269,false,דלי מטליות לחיטוי ולניקוי 99.9 % 400 יח' סנו,הורביץ סחר,IL,מטליות לחיטוי ולניקו,יחידה,0.00,יחידה,false,,33.90,0.0000,true,1,234476
7290108352337,false,"סנו - פרש מילוי למטהר אוויר מלון מפנק 250 מ""ל",מיוצר עי קונדיטוריית,IL,סנו פרש הום אוטומטיק,גרמים,250.00,100 גרם,false,,16.90,6.7600,true,1,241822
7290108352344,false,"סנו - פרש מילוי למטהר אוויר מלון בוטיק 250 מ""ל",מיוצר עי קונדיטוריית,IL,סנו פרש הום אוטומטיק,גרמים,250.00,100 גרם,false,,16.90,6.7600,true,1,241823
7290108352399,false,ריצפז פרש הום בניחוח מרכך כביסה פלורל טאצ',"סנו מפעלי ברונוס בע""",IL,ריצפז פרש הום פלורל,ליטרים,2.00,ליטר,false,,24.90,12.4500,true,1,393713
7290108352450,false,ריצפז פרש הום בניחוח מרכך כביסה בלו בלוסום,סנו מפעלי ברונוס בעמ,IL,ריצפז פרש הום בניחוח,ליטרים,2.00,ליטר,false,,24.90,12.4500,true,1,271148
7290108352498,false,מכשיר אוטומטי מעוצב ואלגנטי עם מילוי מלון בוטיק סנו פרש,"יצרן מכשיר: זובלה,",IL,מכשיר אוטומטי לבישום,מיליליטרים,250.00,"100 מ""ל",false,,47.90,19.1600,true,1,336208
7290108352672,false,מטלית הפלא לריצפה זוג סנו סושי,סנו מפעלי ברונוס.,CN,סנו סושי זוג מטלית ה,יחידה,0.00,יחידה,false,,20.90,0.0000,true,1,90475
7290108352689,false,סנו סושי כריות קרצוף ללכלוך קשה 9 יח',טרופיקל דגיל תעשיות,US,כריות קרצוף ללכלוך ק,יחידה,0.00,יחידה,false,,10.90,0.0000,true,1,32987
7290108353549,false,נייר אפיה סנו סושי 100 יח',"טופ פלסט 2002 בע""מ",IL,נייר אפיה סנו סושי 1,יחידה,0.00,יחידה,false,,22.90,0.0000,true,1,207728
7290108353556,false,נייר טואלט סופט שלוש שכבות 32 גלילים סנו,טרופיקל דגיל תעשיות,IL,נייר טואלט סנו סופט,יחידה,0.00,יחידה,false,,47.90,0.0000,true,1,239327
7290108354591,false,"תחליב רחצה בניחוח מי קקטוס ושמן באבאסו 750 מ""ל נקה 7",סנו,IL,תחליב רחצה ביו נקה,מיליליטרים,750.00,"100 מ""ל",false,,12.90,1.7200,true,1,451005
7290108355048,false,קרליין - מגבונים להסרת איפור שלשה,,,מגבונים רכים להסרת א,100 יח',75.00,100 יח',false,,25.90,34.5333,true,1,418912
7290108356113,false,"כיף תחליב רחצה דבש 700 מ""ל-מרכז",קוסמופארם בעמ,IL,תחליב רחצה דבש כיף 7,מיליליטרים,700.00,"100 מ""ל",false,,12.90,1.8429,true,1,136360
7290108356151,false,"תחליב רחצה כיף מאסק יסמין 700 מ""ל",גוד פוד פרודקטס S.p,IL,תחליב רחצה מאסק יסמי,מיליליטרים,700.00,"100 מ""ל",false,,12.90,1.8429,true,1,136363
7290108356182,false,כיף אל סבון תאנה ותה ירוק 1 ליטר,סנו,IL,אלסבון כיף תאנה ותה,ליטרים,1.00,ליטר,false,,14.90,14.9000,true,1,251689
7290108356229,false,ג'ל גילוח לכל סוגי העור מועשר בפחם פעיל,טרופיקל דגיל תעשיות,TR,גל גילוח קרמה מן קרב,מיליליטרים,200.00,"100 מ""ל",false,,16.90,8.4500,true,1,251704
7290108356526,false,"קרליין - שמפו 10 לשיער יבש 700 מ""ל",קרליין Careline,IL,שמפו לשיער יבש קרליי,מיליליטרים,700.00,"100 מ""ל",false,,14.90,2.1286,true,1,393965
7290108357059,false,"קרליין - נושם ביו דאודורנט רול און 75 מ""ל Secret Garden לאישה",קרליין Careline,IL,דיאודורנט רול און בנ,מיליליטרים,75.00,"100 מ""ל",false,,14.90,19.8667,true,1,422335
7290108357240,false,"אוקסיג'ן פאוור תוסף להסרת כתמים קשים 1.4 ק""ג",סנו,IL,אוקסיג'ן אבקה תוסף ל,קילוגרמים,1.40,"ק""ג",false,,32.90,23.5000,true,1,408620
7290108357288,false,אקונומיקה ז'אוול בניחוח פריחה לבנה 4 ל' סנו,סנו ז'אוול Javel,IL,סנו ז'אוול בניחוח פר,ליטרים,4.00,ליטר,false,,17.90,4.4750,true,1,410153
7290108359190,false,סושי מגבת הפלא 4 יח' = 12 גליל ארוך פי 3,סנו,IL,סנו סושי מגבות הפלא,יחידה,0.00,יחידה,false,,27.90,0.0000,true,1,510487
7290108359985,false,סנו - ז'אוול מרסס קצף לניקוי וחינו בניחוח פריחה לבנה 1 ליטר,סנו ז'אוול Javel,IL,אקונומיקה מרסס עם ממ,ליטרים,1.00,ליטר,false,,19.90,19.9000,true,1,410249
7290108500677,false,כבד דג שיבוט מעושן בשמן הדג,"איטיליאן פוד, אס.פי.",IT,כבד דג שיבוט בשמן וי,גרמים,115.00,100 גרם,false,,10.90,9.4783,true,1,3762
7290108501490,false,גבינה מוצרלה פרוסות ו.פוד 150ג',,,גבינה מוצרלה פרוסות,גרמים,150.00,100 גרם,false,,15.90,10.6000,true,1,107989
7290108502763,false,גבינת קממבר 200 גרם,,,גבינה קממבר 200 גרם,גרמים,200.00,100 גרם,false,,21.90,10.9500,true,1,129643
7290108503043,false,תפוחונים חטיף פלחים מיובשים מארז 22X4ג',ינטאי זונגקאן פוד קו,CN,מארז רביעייה תפוחוני,גרמים,88.00,100 גרם,false,,14.70,16.7045,true,1,136086
7290108504699,false,נתחי טונה בשמן קנולה רביעיה * 160 ג' וילי פוד,וילי פוד,,נתחי טונה בשמן קנולה,גרמים,640.00,100 גרם,false,,24.60,3.8438,true,1,218984
7290108504934,false,"דפי אורז למילוי 22 ס""מ 300 גרם בית יוסף",וילי פוד - מנת השף,,דפי אורז למילוי קוטר,גרמים,300.00,100 גרם,false,,12.90,4.3000,true,1,414523
7290108505160,false,יוגורט+אגסים 150 גרם 4% שומן - דלתא,Euro יורו מחלבות אירופה,GR,יוגורט יווני עם אגסי,גרמים,150.00,100 גרם,false,,5.90,3.9333,true,1,241547
7290108505177,false,יוגורט+אננס 150 גרם 0% שומן - דלתא,Euro יורו מחלבות אירופה,GR,יוגורט יווני עם אננס,גרמים,150.00,100 גרם,false,,5.90,3.9333,true,1,241548
7290108505184,false,יוגורט עם קוקוס 5% שומן 150 ג',Euro יורו מחלבות אירופה,GR,יוגורט יווני עם קוקו,גרמים,150.00,100 גרם,false,,5.90,3.9333,true,1,241549
7290108505719,false,גבינת מוצרלה מגורדת 25%,יורו צ'יז Euro Cheese,TR,גבינת מוצרלה מגורדת,גרמים,200.00,100 גרם,false,,16.90,8.4500,true,1,241329
7290108505733,false,צמות - גבינה חצי קשה 25% שומן 200 ג',אונטד גידה,TR,צמות גבינה חצי קשה 2,גרמים,200.00,100 גרם,false,,16.90,8.4500,true,1,241331
7290108506501,false,אצבעות בצק פילו ממולאות גבינה 500 ג' ויליפוד,וילי פוד,,אצבעות בצק פילו ממול,גרמים,500.00,100 גרם,false,,18.90,3.7800,true,1,418066
7290108507010,false,מאפה בורקס מים תורכי - תרד וגבינה 300 ג',וילי פוד,TR,מ.בורקס מים תורכי תר,גרמים,300.00,100 גרם,false,,16.90,5.6333,true,1,241289
7290108508499,false,"איירן משקה יוגורט בסגנון טורקי יורו 293 מ""ל",Euro יורו מחלבות אירופה,TR,משקה יוגורט בסגנון ט,גרמים,293.00,100 גרם,false,,5.90,2.0137,true,1,306415
7290108508901,false,יוגורט עם דובדבנים ושקדים 0.6 %שומן דלתא 150 ג',Euro יורו מחלבות אירופה,GR,יוגורט עם דובדבנים ו,גרמים,150.00,100 גרם,false,,5.90,3.9333,true,1,325225
7290108509571,false,גבינה מלוחה עם צ'ילי ופפריקה 24% 153גרם,,GR,גבינה מלוחה עם צ'לי,גרמים,153.00,100 גרם,false,,17.90,11.6993,true,1,515622
7290108509755,false,גבינת חלומי 23% 250גרם,,קפריסין,גבינת חלומי יורו 25,גרמים,250.00,100 גרם,false,,25.90,10.3600,true,1,510153
7290108970692,false,מטריה מתקפלת אוטומטי,,,מטריה מתקפלת אוטומטי,גרמים,421.00,100 גרם,false,,39.90,9.4774,true,1,268566
7290109071985,false,כפפות גבר,,,כפפות גבר,יחידה,0.00,יחידה,false,,29.90,0.0000,true,1,33790
7290109351025,false,מלך החומוס חומוסטחינה 40% טחינה גולמית,סלטי צבר,IL,מלך החומוס חומוס טחי,גרמים,400.00,100 גרם,false,,14.20,3.5500,true,1,22266
7290109351971,false,פריכיות דגנים פיטנס מצופות שוקולד חלב,נסטלה Nestle,IL,בר פריכיות שוקולד חל,גרמים,84.00,100 גרם,false,,14.90,17.7381,true,1,22270
7290109352916,false,פריכיות דגנים פיטנס מצופות שוקולד לבן,נסטלה Nestle,IL,בר פריכיות שוקולד לב,גרמים,84.00,100 גרם,false,,14.90,17.7381,true,1,22273
7290109354101,false,לחמית ללא גלוטן 200 ג' אסם,אסם,IL,לחמית ללא גלוטן 200,גרמים,200.00,100 גרם,false,,11.90,5.9500,true,1,84505
7290109354972,false,אוסם - פתי בר וניל חלבי ללא גלוטן 200 גרם,מיוצר עי קונדיטוריית,IL,אסם פתי בר ללא גלוטן,גרמים,200.00,100 גרם,false,,11.90,5.9500,true,1,21829
7290109580111,false,"צלעות אסאדו מעושנות פרימיום, 120 גרם",זוגלובק,IL,צלעות אסאדו מעושנות,גרמים,180.00,100 גרם,false,,27.90,15.5000,true,1,408136
7290109580166,false,פרימיום סרוולד קלאסי זוגלובק 150 ג',זוגלובק,IL,סרוולד קלאסי זוגלובק,גרמים,150.00,100 גרם,false,,27.90,18.6000,true,1,306234
7290110110369,false,בירה קרלסברג לומה LUMA שישייה,מבשלות בירה בינלאומי,IL,שישיית בירה קרלסברג,ליטרים,1.98,ליטר,false,,37.70,19.0404,true,1,244992
7290110113384,false,קוקה קולה זירו מארז רביעיה 1X4 ליטר,Unknown,,מארז רביעיות קוקה קו,ליטרים,4.00,ליטר,false,,28.90,7.2250,true,1,297061
7290110113421,false,בירה קרלסברג לומה 33,מבשלות בירה בינלאומי,IL,בירה קרלסברג לומה 33,מיליליטרים,330.00,"100 מ""ל",false,,6.20,1.8788,true,1,360145
7290110114787,false,נביעות + תפוח 1.5 ליטר פיקדון,נביעות טבע הגליל בעמ,IL,נביעות + תפוח 1.5 לי,ליטרים,1.50,ליטר,false,,10.90,7.2667,true,1,373076
7290110114794,false,נביעות + אפרסק 1.5 ליטר פיקדון,"נביעות טבע הגליל בע""",IL,נביעות + אפרסק 1.5 ל,ליטרים,1.50,ליטר,false,,10.90,7.2667,true,1,373093
7290110114824,false,נביעות+רכיבי פרי אבטיח 1.5 ליטר פיקדון,"נביעות טבע הגליל בע""",IL,נביעות+ פרי אבטיח 1.,ליטרים,1.50,ליטר,false,,10.90,7.2667,true,1,373268
7290110114855,false,"נביעות מים מינרליים, שישיה 6 * 1.5 ליטר פקדון",נביעות טבע הגליל בעמ,IL,מי נביעות שישייה 1.5,ליטרים,9.00,ליטר,false,,14.90,1.6556,true,1,373138
7290110114893,false,מיץ סחוט תפוז 2 ל' פריגת,פריגת,IL,פריגת סחוט תפוזים 2,ליטרים,2.00,ליטר,false,,30.30,15.1500,true,1,372980
7290110114954,false,מיץ תפוזים מתקתקים 100% 2 ל' פריגת,פריגת,IL,מיץ תפוזים מתקתק 100,ליטרים,2.00,ליטר,false,,24.20,12.1000,true,1,372999
7290110114961,false,מיץ בטעם תפוזים 1.5ל' פריגת,מבשלות בירה בינלאומי,IL,פריגת תפוזים 1.5 ליט,ליטרים,1.50,ליטר,false,,9.90,6.6000,true,1,373153
7290110114985,false,פריגת אשכולית 1.5 ליטר פיקדון,מבשלות בירה בינלאומי,IL,פריגת אשכולית 1.5 לי,ליטרים,1.50,ליטר,false,,9.90,6.6000,true,1,373155
7290110114992,false,פריגת light אשכולית 1.5 ליטר פיקדון,מבשלות בירה בינלאומי,IL,פריגת דיאט אשכולית 1,ליטרים,1.50,ליטר,false,,9.90,6.6000,true,1,373170
7290110115005,false,פריגת ענבים 1.5 ליטר פיקדון,מבשלות בירה בינלאומי,IL,פריגת ענבים 1.5 ליטר,ליטרים,1.50,ליטר,false,,9.90,6.6000,true,1,373199
7290110115012,false,מיץ ענבים בניחוח מרלו 1.5 ל' פריגת,פריגת,IL,פריגת ענבים בניחוח מ,ליטרים,1.50,ליטר,false,,9.90,6.6000,true,1,373200
7290110115036,false,פריגת מנגו 1.5 ליטר פיקדון,מבשלות בירה בינלאומי,IL,פריגת מנגו 1.5 ליטר,ליטרים,1.50,ליטר,false,,9.90,6.6000,true,1,373216
7290110115043,false,פריגת לימונענע 1.5 ליטר פיקדון,מבשלות בירה בינלאומי,IL,פריגת לימונענע 1.5 ל,ליטרים,1.50,ליטר,false,,9.90,6.6000,true,1,373232
7290110115050,false,פריגת מיקס תות בננה 1.5 ליטר פיקדון,מבשלות בירה בינלאומי,IL,פריגת מיקס תות בננה,ליטרים,1.50,ליטר,false,,9.90,6.6000,true,1,373233
7290110115074,false,פריגת תפוח דובדבן 1.5 ליטר פיקדון,מבשלות בירה בינלאומי,IL,פריגת דובדבן 1.5 ליט,ליטרים,1.50,ליטר,false,,9.90,6.6000,true,1,373271
7290110115081,false,פריגת צלול ענבים 1.5 ליטר פיקדון,מבשלות בירה לישראל ב,IL,פריגת צלול ענבים 1.5,ליטרים,1.50,ליטר,false,,9.90,6.6000,true,1,373288
7290110115104,false,פריגת צלול אפרסק 1.5 ליטר פיקדון,מבשלות בירה בינלאומי,IL,פריגת צלול אפרסק 1.5,ליטרים,1.50,ליטר,false,,9.90,6.6000,true,1,373290
7290110115128,false,פריגת צלול בטעם לימונענע 1.5 ליטר פיקדון,מבשלות בירה לישראל ב,IL,פריגת צלול בטעם לימו,ליטרים,1.50,ליטר,false,,9.90,6.6000,true,1,373292
7290110115180,false,מים מינרליים נביעות,"נביעות טבע הגליל בע""",IL,נביעות 1.5 ליטר,ליטרים,1.50,ליטר,false,,4.20,2.8000,true,1,388371
7290110115203,false,קוקה קולה 1.5 ליטר פיקדון,קוקה קולה Coca Cola,IL,קוקה קולה 1.5 ליטר,ליטרים,1.50,ליטר,false,,9.50,6.3333,true,1,373328
7290110115210,false,דיאט קוקה קולה 1.5 ליטר פיקדון,קוקה קולה Coca Cola,IL,דיאט קוקה קולה 1.5 ל,ליטרים,1.50,ליטר,false,,9.90,6.6000,true,1,373329
7290110115227,false,קולה ZERO 1.5 ליטר פיקדון,קוקה קולה Coca Cola,IL,קוקה קולה זירו בקבוק,ליטרים,1.50,ליטר,false,,9.90,6.6000,true,1,373330
7290110115234,false,קולה ZERO נטול 1.5 ליטר פיקדון,החברה המרכזית לייצור,IL,קולה ZERO נטול 1.5 ל,ליטרים,1.50,ליטר,false,,9.90,6.6000,true,1,373331
7290110115241,false,קוקה קולה זירו לימון 1.5 ליטר,החברה המרכזית לייצור,IL,קולה ZERO לימון 1.5,ליטרים,1.50,ליטר,false,,9.90,6.6000,true,1,373346
7290110115265,false,ספרייט 1.5 ליטר LIME פיקדון,החברה המרכזית לייצור,IL,ספרייט 1.5 ליטר LIME,ליטרים,1.50,ליטר,false,,9.00,6.0000,true,1,373396
7290110115272,false,ZERO ספרייט זירו 1.5 ליטר פיקדון,החברה המרכזית לייצור,IL,ספרייט זירו 1.5 ליטר,ליטרים,1.50,ליטר,false,,9.90,6.6000,true,1,373397
7290110115289,false,ספרייט 19 קל' לימון-נענע 1.5 ליטר פיקדון,החברה המרכזית לייצור,IL,ספרייט 19 קלוריות לי,ליטרים,1.50,ליטר,false,,9.90,6.6000,true,1,373442
7290110115296,false,פאנטה אורנג' 1.5 ליטר פיקדון,החברה המרכזית לייצור,IL,פאנטה אורנג' 1.5 ליט,ליטרים,1.50,ליטר,false,,10.50,7.0000,true,1,373443
7290110115302,false,פאנטה ZERO אורנג' 1.5 ליטר פיקדון,החברה המרכזית לייצור,IL,פאנטה זירו בטעם אורנ,ליטרים,1.50,ליטר,false,,10.50,7.0000,true,1,373444
7290110115333,false,פאנטה תות 1.5 ליטר פיקדון,החברה המרכזית לייצור,IL,פאנטה תות 1.5 ליטר,ליטרים,1.50,ליטר,false,,10.50,7.0000,true,1,373477
7290110115364,false,קוקה קולה שישיות 1.5 ליטר פיקדון,החברה המרכזית לייצור,IL,קוקה קולה 6*1.5 ליטר,ליטרים,9.00,ליטר,false,,52.90,5.8778,true,1,373348
7290110115401,false,קינלי סודה שישייה 1.5 ליטר פיקדון,החברה המרכזית לייצור,IL,קינלי סודה 6*1.5 ליט,ליטרים,9.00,ליטר,false,,16.90,1.8778,true,1,383822
7290110115418,false,מארז שישייה קוקה קולה זירו 1.5 ל',החברה המרכזית לייצור,IL,קוקה קולה זירו שישיי,ליטרים,9.00,ליטר,false,,49.90,5.5444,true,1,373350
7290110115425,false,FUZE TEA גרין לימונענע -נענע 1.5 ליטר פיקדון,מבשלות בירה בינלאומי,IL,פיוז טי לימון נענע 1,ליטרים,1.50,ליטר,false,,10.50,7.0000,true,1,373494
7290110115449,false,אייס תה בטעם מנגו אננס 1.5ל' FUZE TEA,מבשלות בירה בינלאומי,IL,פיוז טי מנגו אננס 1.,ליטרים,1.50,ליטר,false,,10.50,7.0000,true,1,373511
7290110115456,false,"תה קר בטעם אפרסק 19 קלוריות ב- 100 מ""ל",מבשלות בירה בינלאומי,IL,פיוז טי אפרסק 19 קל,ליטרים,1.50,ליטר,false,,10.50,7.0000,true,1,373512
7290110115463,false,אייס תה בטעם אפרסק 1.5ל' FUZE TEA,מבשלות בירה בינלאומי,IL,פיוז טי אפרסק 1.5 לי,ליטרים,1.50,ליטר,false,,10.50,7.0000,true,1,373513
7290110115494,false,אייס תה בטעם ענבים 1.5ל' FUZE TEA,מבשלות בירה בינלאומי,IL,פיוז טי ענבים 1.5 לי,ליטרים,1.50,ליטר,false,,10.50,7.0000,true,1,373531
7290110115616,false,FUZE tea zero גרין אננס 1.5 ליטר פיקדון,מבשלות בירה בינלאומי,IL,פיוז טי ZERO גרין אנ,ליטרים,1.50,ליטר,false,,10.50,7.0000,true,1,400067
7290110115869,false,קוקה קולה זירו 1.5 ליטר פיקדון,תות תעשיות מזון (201,IL,קוקה קולה זירו בקבוק,ליטרים,1.50,ליטר,false,,9.90,6.6000,true,1,497204
7290110116156,false,נביעות+ רכיבי פרי מנגו פסיפלורה 1.5 ליטר,נביעות,IL,נביעות+ פרי בטעם מנג,ליטרים,1.50,ליטר,false,,10.90,7.2667,true,1,467538
7290110116194,false,"מים לימון ליים 0 קלוריות, 1.5 ל נביעות","נביעות טבע הגליל בע""",IL,נביעות+ לימון ליים 0,ליטרים,1.50,ליטר,false,,9.90,6.6000,true,1,467586
7290110320850,false,פתיתים גבינה חצי קשה מגורדת 28% שומן,תנובה מרכז שיתופי לש,IL,עמק פתיתים 200 גרם,גרמים,200.00,100 גרם,false,,15.90,7.9500,true,1,102765
7290110320867,false,פתיתים גבינה חצי קשה מגורדת 28% שומן,תנובה מרכז שיתופי לש,IL,עמק פתיתים למאפים 28,גרמים,500.00,100 גרם,false,,36.90,7.3800,true,1,98656
7290110320935,false,גבינת מוצרלה תנובה 150ג' פרוסות,תנובה מרכז שיתופי לש,IL,פרוסות מוצרלה 150 גר,גרמים,150.00,100 גרם,false,,18.90,12.6000,true,1,98657
7290110321031,false,מעדן חלב GO יוגורט מועשר בחלבון טבעי 200 ג' יופלה,"תנובה, מחלבת אלון תב",IL,יופלה גו 200 גרם תנו,גרמים,200.00,100 גרם,false,,6.30,3.1500,true,1,98600
7290110321277,false,קוטג' בקטנה % 5 100 ג' תנובה,פארייפאבה אגרואינדוס,IL,קוטג' תנובה בקטנה 5,גרמים,100.00,100 גרם,false,,2.70,2.7000,true,1,107999
7290110321284,false,קוטג' בקטנה 9% 100 ג' תנובה,פארייפאבה אגרואינדוס,IL,קוטג' תנובה בקטנה 9,גרמים,100.00,100 גרם,false,,2.70,2.7000,true,1,108000
7290110321680,false,יוגורט GO בטעם תות 20 גרם חלבון בגביע,מיוצר עי קונדיטוריית,IL,יופלה גו בטעם תות 20,גרמים,200.00,100 גרם,false,,6.20,3.1000,true,1,111561
7290110321703,false,יוגורט GO בטעם פירות יער 20 גרם חלבון בגביע,מיוצר עי קונדיטוריית,IL,יופלה גו בטעם פרות י,מיליליטרים,200.00,"100 מ""ל",false,,6.20,3.1000,true,1,125138
7290110323714,false,משקה קוקוס שקדים תנובה E אלטרנטיב,מיוצר עי קונדיטוריית,IL,תנובה משקה קוקוס שקד,יחידה,0.00,יחידה,false,,15.50,0.0000,true,1,137983
7290110324926,false,משקה סויה ללא תוספת סוכר E אלטרנטיב,תנובה מרכז שיתופי לש,IL,משקה סויה ללא תוספת,יחידה,0.00,יחידה,false,,12.50,0.0000,true,1,199500
7290110325305,false,מעדן סויה GO מועשר בחלבון במתיקות מעודנת,מיוצר עי קונדיטוריית,IL,יופלה סויה גו 20 גרם,גרמים,200.00,100 גרם,false,,6.20,3.1000,true,1,203944
7290110325312,false,מעדן סויה GO מועשר בחלבון בטעם תות,"תנובה בע""מ",IL,יופלה סויה גו 20 גרם,גרמים,200.00,100 גרם,false,,6.20,3.1000,true,1,203945
7290110325619,false,משקה שיבולת שועל תנובה E אלטרנטיב,מיוצר עי קונדיטוריית,IL,תנובה משקה שיבולת שו,יחידה,0.00,יחידה,false,,15.50,0.0000,true,1,214732
7290110325893,false,משקה חלב GO מועשר בחלבון בטעם אייס קפה,מיוצר עי קונדיטוריית,IL,משקה תנובה GO אייס ק,גרמים,340.00,100 גרם,false,,7.90,2.3235,true,1,214716
7290110326173,false,יולו COOKIES שוקולדלבן בטעם קרם עוגיות+עוגיות ונטיפי שוקולד 120 ג',תנובה,IL,יולו קוקיז ש.לבן בטע,גרמים,120.00,100 גרם,false,,5.60,4.6667,true,1,238855
7290110326210,false,יופלה און טופ פצפוצים 157 גרם.,מיוצר עי קונדיטוריית,IL,יופלה און טופ פצפוצי,גרמים,157.00,100 גרם,false,,5.90,3.7580,true,1,230217
7290110326234,false,יוגורט און טופ כוכבים 157 ג' יופלה,מיוצר עי קונדיטוריית,IL,יופלה און טופ כוכבים,גרמים,157.00,100 גרם,false,,5.90,3.7580,true,1,230240
7290110326241,false,יופלה און טופ גרנולה 157 גרם.,מיוצר עי קונדיטוריית,IL,יופלה און טופ גרנולה,יחידה,157.00,יחידה,false,,5.90,0.0376,true,1,230241
7290110327514,false,משקה שיבולת שועל בטעם אגוזי לוז 1 ליטר אלטרנטיב,תנובה מרכז שיתופי לש,IL,משקה שיבולת שועל בטע,יחידה,0.00,יחידה,false,,15.50,0.0000,true,1,338695
7290110327798,false,חטיף חלבון GO - שוקולד 60 ג' חלב נוכרי - רבנות,"בלמונט קונפקציות בע""",US,GO חטיף חלבון בטעם ש,גרמים,60.00,100 גרם,false,,14.90,24.8333,true,1,324766
7290110327804,false,חטיף חלבון GO - עוגיות 60 ג' חלב נוכרי - רבנות,"בלמונט קונפקציות בע""",US,GO חטיף חלבון בטעם ב,גרמים,60.00,100 גרם,false,,14.90,24.8333,true,1,324767
7290110327828,false,חטיף חלבון GO - חמאת בוטנים 60 ג' חלב נוכרי - רבנות,"בלמונט קונפקציות בע""",US,GO חטיף חלבון עם חמא,גרמים,60.00,100 גרם,false,,14.90,24.8333,true,1,324769
7290110328092,false,פיראוס פטה יוונית קוביות 21% שומן 150 ג',דודוני תעשיית החלב ה,GR,פיראוס פטה יוונית קו,גרמים,150.00,100 גרם,false,,19.90,13.2667,true,1,344909
7290110328627,false,יוגורט יופלה GO במרקם סמיך בטעם בננה קרמל 0%,מיוצר עי קונדיטוריית,IL,יוגורט גו סמיך 0% בנ,גרמים,200.00,100 גרם,false,,6.20,3.1000,true,1,328320
7290110328764,false,יוגורט יופלה GO במרקם סמיך עם תות 0%,מיוצר עי קונדיטוריית,IL,יוגורט גו סמיך 0% תו,גרמים,200.00,100 גרם,false,,6.20,3.1000,true,1,328321
7290110328771,false,יוגורט יופלה GO במרקם סמיך עם פירות יער 0%,מיוצר עי קונדיטוריית,IL,יוגורט גו סמיך 0% פי,גרמים,200.00,100 גרם,false,,6.20,3.1000,true,1,328322
7290110328788,false,יוגורט יופלה GO במרקם סמיך בטעם אפרסק 0%,תנובה מרכז שיתופי לש,IL,יוגורט גו סמיך 0% אפ,גרמים,200.00,100 גרם,false,,6.20,3.1000,true,1,328305
7290110329266,false,יוגורט תנובה מחלב עיזים מלא תנובה 140 ג',קריות זול,IL,יוגורט מחלב עיזים מל,גרמים,140.00,100 גרם,false,,6.90,4.9286,true,1,344443
7290110329273,false,יוגורט מחלב עיזים מלא תנובה 750 ג',תנובה,IL,יוגורט מחלב עיזים מל,גרמים,750.00,100 גרם,false,,20.90,2.7867,true,1,344500
7290110329303,false,פרוסות צהובה 200 גרם אלטרנטיב אלטרנטיב,תנובה Alternative,IL,פרוסות צהובה קלאסית,גרמים,200.00,100 גרם,false,,22.90,11.4500,true,1,377596
7290110329716,false,משקה קפה קר בטעם קפוצ'ינו 230 ג' תנובה,תנובה מרכז שיתופי לש,IL,קפה קר בטעם קפוצ'ינו,מיליליטרים,230.00,"100 מ""ל",false,,7.90,3.4348,true,1,431739
7290110329723,false,משקה קפה קר בטעם לאטה 230 ג' תנובה,תנובה מרכז שיתופי לש,IL,קפה קר בטעם לאטה תנו,מיליליטרים,230.00,"100 מ""ל",false,,7.90,3.4348,true,1,432267
7290110329792,false,יוגורט סויה BIO Alternative אפרסק 150 ג' תנובה,מיוצר עי קונדיטוריית,IL,סויה BIO אפרסק גביע,גרמים,150.00,100 גרם,false,,5.50,3.6667,true,1,399906
7290110329808,false,יוגורט סויה BIO Alternative תות 150 ג' תנובה,מיוצר עי קונדיטוריית,IL,סויה BIO תות גביע 15,גרמים,150.00,100 גרם,false,,5.50,3.6667,true,1,399907
7290110329839,false,פרוסות צהובה בטעם זיתים 200 ג' אלטרנטיב אלטרנטיב,מיוצר עי קונדיטוריית,IL,פרוסות צהובה בטעם זי,גרמים,200.00,100 גרם,false,,22.90,11.4500,true,1,377911
7290110329846,false,יוגורט סויה BIO Alternative בטעם טבעי 150 ג' תנובה,תנובה Alternative,IL,סויה BIO טבעי גביע 1,גרמים,150.00,100 גרם,false,,5.50,3.6667,true,1,399910
7290110552220,false,יוגורט PRO בטעם תות 0% סוכר לבן 20 גרם חלבון בגביע,"שטראוס בריאות בע""מ",IL,דנונה PRO 20 גרם חלב,גרמים,200.00,100 גרם,false,,6.50,3.2500,true,1,393860
7290110552237,false,יוגורט פרו בטעם אפרסק מנגו ללא סוכר 200 ג' דנונה,"שטראוס בריאות בע""מ",IL,דנונה PRO 20 גרם חלב,גרמים,200.00,100 גרם,false,,6.50,3.2500,true,1,393845
7290110552817,false,צנצנת מסטיק - גלידה לימון 58 גרם וועסטהיים,STRAUSS-ISRAEL,,מסטיק ללא סוכר בטעם,גרמים,66.00,100 גרם,false,,11.90,18.0303,true,1,451525
7290110553173,false,אנרג'י - פריכיות בטעם קרמל 40 גרם,סאנורייס בלגיום,IL,פריכיות אורז בטעם קר,גרמים,40.00,100 גרם,false,,8.90,22.2500,true,1,495783
7290110553180,false,אנרג'י - פריכיות בטעם תפוח קינמון 40 גרם,סאנורייס בלגיום,IL,פריכיות עם תפוח וקינ,גרמים,40.00,100 גרם,false,,8.90,22.2500,true,1,495784
7290110553425,false,קפה נמס עלית פחית מו,STRAUSS-ISRAEL,PL,קפה נמס עלית פחית מו,גרמים,240.00,100 גרם,false,,21.90,9.1250,true,1,398178
7290110554422,false,רוטב עגבניות ופלפלים לשקשוקה 350 גר' יד מרדכי,אימילאנה,IT,רוטב עגבניות ופלפלים,גרמים,350.00,100 גרם,false,,11.90,3.4000,true,1,408666
7290110554583,false,מארז חטיפי צ'יטוס פאפס בטעם גבינה - 10 יחידות,שטראוס,IL,מארז צ'יטוס PUFFS בט,גרמים,200.00,100 גרם,false,,13.90,6.9500,true,1,386715
7290110555009,false,מארז זוג רוטב פסאטה 2* 350 ג' יד מרדכי,אימילאנה,IT,פסאטה זוגות 700 גרם,גרמים,700.00,100 גרם,false,,13.90,1.9857,true,1,479506
7290110555078,false,לאבנה עם שמן זית ועשבי תיבול 250 גר',"מחלבות בר בכפר בע""מ",IL,לאבנה עם עשבי תיבול,גרמים,250.00,100 גרם,false,,12.90,5.1600,true,1,440033
7290110555092,false,לאבנה+שמן זית וצ'ילי 250 גרם,"מחלבות בר בכפר בע""מ",IL,לאבנה עם שמן זית וצ',גרמים,250.00,100 גרם,false,,12.90,5.1600,true,1,440048
7290110556242,false,"שוקולד מריר פרווה 100 גר' בד""ץ תוצרת חוץ","שטראוס גרופ בע""מ.",IL,שוקולד מריר מעולה 10,גרמים,100.00,100 גרם,false,,6.00,6.0000,true,1,483786
7290110557102,false,מעדן חלב עם שוקולד מועשר בחלבון 150 ג' שטראוס,מיוצר עי קונדיטוריית,IL,מעדן פרו חלב עם שוקו,גרמים,150.00,100 גרם,false,,5.90,3.9333,true,1,361892
7290110557133,false,מעדן הגולן וניל 125 ג' שטראוס,מיוצר עי קונדיטוריית,IL,מעדן הגולן מעדן חלב,גרמים,125.00,100 גרם,false,,3.50,2.8000,true,1,371821
7290110558130,false,אקטיביה עם שיבולת שועל ודבש 150 ג' דנונה,"שטראוס בריאות בע""מ",IL,אקטיביה עם דבש ושיבו,גרמים,150.00,100 גרם,false,,4.90,3.2667,true,1,440330
7290110558253,false,"דנונה ריפרש בננה אננס וצ`יה, 250 גרם","שטראוס בריאות בע""מ",IL,יוגורט עם אננס בננה,גרמים,250.00,100 גרם,false,,5.90,2.3600,true,1,440346
7290110558284,false,יוגורט ביו מולטי 200 ג' דנונה,"שטראוס בריאות בע""מ",IL,דנונה מולטי 3% שומן,מיליליטרים,200.00,"100 מ""ל",false,,4.50,2.2500,true,1,450928
7290110558666,false,מעדן גבינה בטעם תפוח 88 ג' דניאלה,"שטראוס בריאות בע""מ",IL,דניאלה בטעם תפוח 88,גרמים,88.00,100 גרם,false,,4.50,5.1136,true,1,485923
7290110561352,false,דנונה יוגורט ביו פרוביוטי 3% דל לקטוז 150ג',"שטראוס בריאות בע""מ",IL,דנונה ביו דל לקטוז ב,גרמים,200.00,100 גרם,false,,3.90,1.9500,true,1,124631
7290110563448,false,"משקה קפה קר בסגנון מעודן 230 מ""ל 1.6% יוטבתה",האי נאם סי או אל.טי.,AT,יטבתה משקה קפה קר בס,מיליליטרים,230.00,"100 מ""ל",false,,7.90,3.4348,true,1,139094
7290110563462,false,חלב בבקבוק נטול לקטוז 2% יטבתה 1 ל',מחלבת יטבתה,IL,יטבתה חלב בבקבוק נטו,ליטרים,1.00,ליטר,false,,8.90,8.9000,true,1,140494
7290110564339,false,חומוס אחלה הסידרה המובחר 30% טחינה 400 גר',מיוצר עי קונדיטוריית,IL,חומוס הסדרה המובחרת,גרמים,400.00,100 גרם,false,,15.20,3.8000,true,1,113016
7290110564360,false,חומוס אחלה הסידרה המובחר 40% טחינה 400 גר',מיוצר עי קונדיטוריית,IL,חומוס אחלה עשיר ב 40,גרמים,400.00,100 גרם,false,,15.20,3.8000,true,1,113017
7290110564414,false,חומוס אחלה הסידרה המובחר 30% טחינה 600 גר',מיוצר עי קונדיטוריית,IL,חומוס הסדרה המובחרת,גרמים,600.00,100 גרם,false,,15.90,2.6500,true,1,113097
7290110565435,false,ג'לי לימבו פטל חלבי שטראוס 125ג',STRAUSS-ISRAEL,,לימבו בטעם פטל 0% שו,גרמים,125.00,100 גרם,false,,2.50,2.0000,true,1,110915
7290110565527,false,יוגורט PRO פרו 1.5% 20 גרם חלבון בגביע,"שטראוס בריאות בע""מ",IL,דנונה PRO 20 גרם חלב,גרמים,200.00,100 גרם,false,,6.50,3.2500,true,1,106880
7290110566975,false,דנונה פרו יוגורט 0% תות עשיר בחלבון 200ג',"שטראוס בריאות בע""מ",IL,דנונה PRO 20 גרם חלב,גרמים,200.00,100 גרם,false,,6.50,3.2500,true,1,124675
7290110567057,false,צנצנת מסטיק מאסט קוביות מנטה חזקה 66 ג' עלית,STRAUSS-ISRAEL,,בוקסי מאסט מנטה אקלי,גרמים,66.00,100 גרם,false,,10.90,16.5152,true,1,136189
7290110568559,false,דוריטוס עלית מארז חמוץ חריף 10 יח' *25 ג',שטראוס פריטוליי,IL,מארז דוריטוס חמוץ חר,גרמים,250.00,100 גרם,false,,14.90,5.9600,true,1,128309
7290110568627,false,עלית - פסק זמן רול שוקולד חלב עם קרם אגוזים 26 גרם,STRAUSS-ISRAEL,,פסק זמן רול ש.חלב עם,גרמים,28.00,100 גרם,false,,4.50,16.0714,true,1,230714
7290110571405,false,עלית - מיני פינוקיות בגביע פסק זמן 180 גרם,עלית,IL,מיני פינוקיות פסק זמ,גרמים,180.00,100 גרם,false,,11.90,6.6111,true,1,504079
7290110571412,false,מיני פינוקיות - פאדג' שוקולד בגביע 180 גרם,עלית,IL,מיני פינוקיות בגביע,גרמים,180.00,100 גרם,false,,11.90,6.6111,true,1,504080
7290110571481,false,קפה נמס קמפיין משפטי,STRAUSS-ISRAEL,PL,קפה נמס עלית 200 גרם,גרמים,200.00,100 גרם,false,,21.90,10.9500,true,1,451541
7290110571535,false,מארז קפה טורקי הל 3*100 ג' עלית,שטראוס קפה בי.וי,IL,קפה עלית טורקי הל מא,גרמים,300.00,100 גרם,false,,27.90,9.3000,true,1,432062
7290110572129,false,כיף כף מקלות שוקולד לבן 40 ג' עלית,עלית,,כיף כף מקלות שוקולד,גרמים,40.00,100 גרם,false,,5.90,14.7500,true,1,506643
7290110572969,false,כיף כף פצפצים עקרם לבן 40ג' עלית,שולן צ'יקולטה גידה ס,TR,כיף כף פצפצים קרם לב,גרמים,40.00,100 גרם,false,,5.90,14.7500,true,1,458356
7290110574420,false,עלית - פופקורן בטעם פסק זמן 70 גרם,סראנו עבור שטראוס,קפריסין,נשנושי פופקורן מתוק,גרמים,70.00,100 גרם,false,,8.90,12.7143,true,1,512154
7290110576752,false,טבלאות שוקולד ספלנדיד מריר 70% 100 ג' עלית,קימ'ס גריפלנן,BE,שוקולד ספלנדיד מריר,גרמים,100.00,100 גרם,false,,12.90,12.9000,true,1,504304
7290110576776,false,טבלאות שוקולד ספלנדיד מריר 85% 100 ג' עלית,קימ'ס גריפלנן,BE,שוקולד ספלנדיד מריר,גרמים,100.00,100 גרם,false,,12.90,12.9000,true,1,504305
7290110577230,false,משקה חלב בטעם פיסטוק יטבתה 1 ליטר,מחלבת יטבתה,IL,משקה חלב פיסטוק יטבת,יחידה,0.00,יחידה,false,,12.50,0.0000,true,1,485843
7290111093005,false,"I-CARE מג'להסרת איפור, 25 יח בפלופק",די פי אל,IL,מגבונים להסרת איפור,יחידה,0.00,יחידה,false,,8.90,0.0000,true,1,138161
7290111093470,false,"קוויק מסיר הפלא ספוגית להסרת כתמים, 3 יחידות",,,קוויק מבריק פלא להסר,יחידה,0.00,יחידה,false,,11.90,0.0000,true,1,453169
7290111097041,false,בייביסיטר מגבונים לח,,,בייביסיטר מגבונים לח,יחידה,0.00,יחידה,false,,22.90,0.0000,true,1,336664
7290111098536,false,מגבונים לחים לתינוק,,,מגבונים לחים לתינוק,יחידה,0.00,יחידה,false,,14.90,0.0000,true,1,425348
7290111341366,false,מפיות אירוח חד שכבתי 30/30 150 יח',חוגלה קימברלי,SK,ניקול מפיות לאירוח 1,יח',150.00,יח',false,,10.90,0.0727,true,1,127688
7290111342042,false,כריות יפניות לניקוי וקרצוף אנטיבקטריאלי,פלסטו פוליש,IL,כריות יפניות אנטיבקט,יחידה,0.00,יחידה,false,,13.90,0.0000,true,1,217917
7290111343117,false,זוג ממחטות לושן סופט קלינקס -140 דף,קימברלי,IL,טישו לושן סופט קליני,יחידה,0.00,יחידה,false,,13.90,0.0000,true,1,275593
7290111344206,false,האגיס נטורל קר מגבונים לחים בבישום עדין רביעייה,חוגלה קימברלי,IL,מגבוני האגיס נטורל ק,יחידה,0.00,יחידה,false,,21.90,0.0000,true,1,370207
7290111344855,false,קוטקס - מגיני יום אקסטרא פרוטקט לארג' ביג 52 יח',חוגלה קימברלי,CN,מגיני תחתון סופר פרו,יחידה,0.00,יחידה,false,,17.90,0.0000,true,1,387245
7290111345814,false,נייר טואולט 30 גלילים לילי נטורל קר,קימברלי קלארק,IL,נייר טואלט נטורל קר,יח',30.00,יח',false,,34.90,1.1633,true,1,387318
7290111352973,false,יוגוטה קוביות חמוצות ממולאות בטעם פירות,יוגטה yogueta,TR,יוגטה קוביות חמוציות,גרמים,220.00,100 גרם,false,,7.90,3.5909,true,1,259631
7290111563492,false,סלט מטבוחה חריפה מרובע 400 ג' צבר,סלטי צבר,IL,צבר מרובע מטבוחה חר,גרמים,400.00,100 גרם,false,,14.90,3.7250,true,1,121684
7290111564239,false,שלגוני קראנץ' Crunch בטעם וניל - 5 יח',גלידות נסטלה (נגה גל,IL,קראנץ' מאגדת מיני ונ,גרמים,275.00,100 גרם,false,,31.90,11.6000,true,1,112575
7290111566271,false,טבעול חטיפי תירס 657 גר',עיצובים 2020 (4.8),IL,חטיפי תירס טבעול 65,גרמים,657.00,100 גרם,false,,34.90,5.3120,true,1,119711
7290111566318,false,טבעול שניצל דק מן הצומח 564 גר',עיצובים 2020 (4.8),IL,שניצל דק צמחוני בט,גרמים,564.00,100 גרם,false,,35.90,6.3652,true,1,119713
7290111566332,false,טבעול נקניקיות וינר צמחוניות 680 גר',עיצובים 2020 (4.8),IL,נקניקיה וינר 680 גר,גרמים,680.00,100 גרם,false,,35.90,5.2794,true,1,112865
7290111566714,false,טבעול המבורגר צמחוני 99 קלוריות 600 גר',עיצובים 2020 (4.8),IL,המבורגר מן הצומח 6,גרמים,600.00,100 גרם,false,,35.90,5.9833,true,1,119720
7290111568275,false,אטריות נודלס אורז רחבות אסם אסייתי 300גרם,תאי פרזידנט,TH,נודלס אטריות אורז רח,גרמים,300.00,100 גרם,false,,10.90,3.6333,true,1,126401
7290111930911,false,פוף חטיף לבבות קלאסי 40 ג',פוף POOF,IL,פוף לבבות קלאסי 40 ג,גרמים,40.00,100 גרם,false,,4.40,11.0000,true,1,102181
7290111930928,false,פוף חטיף לבבות גריל 40 ג',פוף POOF,IL,"פוף לבבות גריל 40 ג""",גרמים,40.00,100 גרם,false,,4.40,11.0000,true,1,102182
7290111932502,false,"קולגייט משחת שיניים אופטיק וייט אקספרט 75 מ""ל",קולגייט Colgate,MX,מש.שיניים אופטיק ויי,מיליליטרים,75.00,"100 מ""ל",false,,29.90,39.8667,true,1,131685
7290111933462,false,"רוטב צ'ילי מתוק מאסטר שף 300 מ""ל",סיטי פוד,,רוטב צ'ילי מתוק 300,מיליליטרים,300.00,"100 מ""ל",false,,10.90,3.6333,true,1,116497
7290111933554,false,עגבניות איטלקיות קוביות - מארז שלישיה,פראנו אנריקו ופיגלי,IT,עגבניות קוביות מאסטר,קילוגרמים,1.20,"ק""ג",false,,17.90,14.9167,true,1,134424
7290112002105,false,ג'ל כביסה מרוכז קולון 101 בניחוח לילך,זוהר דליה,IL,קולון ג'ל 2.5 ליטר כ,ליטרים,2.50,ליטר,false,,29.90,11.9600,true,1,196763
7290112003140,false,"אירוויק ספרי אוטמטי מילוי מנגו מרענן 250 מ""ל",,,איירוויק פרשמטיק מיל,מיליליטרים,250.00,"100 מ""ל",false,,14.90,5.9600,true,1,241960
7290112003188,false,קולון קפסולות ג'ל כביסה 60יח,רקיט בנקיזר,IT,קולון קפסולות למכונת,יחידה,0.00,יחידה,false,,60.00,0.0000,true,1,273025
7290112003997,false,אבקה להסרת כתמים לבג,,,אבקה להסרת כתמים לבג,קילוגרמים,1.62,"ק""ג",false,,34.90,21.5432,true,1,414874
7290112004413,false,"אבקה מסיר כתמים לכביסה לבנה 750 מ""ל וניש",רקיט בנקיזר,PL,מסיר כתמים ספריי כבי,מיליליטרים,750.00,"100 מ""ל",false,,19.90,2.6533,true,1,418897
7290112004611,false,"וניש קליה ג'ל מרוכז לטיפול נקודתי בכתמים 200 מ""ל",רקיט בנקיזר,PT,ג'ל מרוכז מולטי פאוו,מיליליטרים,200.00,"100 מ""ל",false,,18.90,9.4500,true,1,409329
7290112005045,false,וניש תוסף כביסה רב תכליתי לבגדים לבנים,קליה וניש Kalia Vanish,IT,וניש אבקה לכביסה לבנ,מיליליטרים,480.00,"100 מ""ל",false,,17.90,3.7292,true,1,458935
7290112005052,false,וניש תוסף כביסה רב תכליתי לבגדים לבנים,קליה וניש Kalia Vanish,IT,וניש אבקה לכביסה לבנ,ליטרים,1500.00,100 ליטר,false,,42.90,2.8600,true,1,458920
7290112005076,false,וניש תוסף כביסה רב תכליתי לכביסה צבעונית,קליה וניש Kalia Vanish,IT,וניש אבקה לכביסה צבע,גרמים,480.00,100 גרם,false,,17.90,3.7292,true,1,458936
7290112330352,false,"יוגורט PRO בטעם וניל 0% , 20 גרם חלבון בגביע","שטראוס בריאות בע""מ",IL,דנונה פרו 20 גר וניל,גרמים,200.00,100 גרם,false,,6.50,3.2500,true,1,146514
7290112330390,false,יוגורט PRO בטעם פירות יער 0% 20 גרם חלבון בגביע,"שטראוס בריאות בע""מ",IL,דנונה פרו 20 גר פירו,גרמים,200.00,100 גרם,false,,6.50,3.2500,true,1,146515
7290112332691,false,עוגיות קרם אגוזים פסק זמן 200 ג' עלית,הגביע מוצרי ופלים בע,IL,פינוקיות עוגיית קרם,גרמים,200.00,100 גרם,false,,12.90,6.4500,true,1,152071
7290112332899,false,עלית - צנצנת בזוקה פופים קלאסי 58 גרם,רוג'ר אנד רוג'ר,DE,מאסט בזוקה פופים קלא,גרמים,58.00,100 גרם,false,,11.90,20.5172,true,1,149283
7290112335500,false,"הפריכיות הטעימות חומוס, אורז, עדשים שחורות וקינואה",אנרג'י Energy - שטראוס,IL,פריכיות הטעימות עשיר,גרמים,135.00,100 גרם,false,,13.90,10.2963,true,1,149322
7290112336712,false,יוגורט PRO לבן 0% 21 גרם חלבון בגביע,"שטראוס בריאות בע""מ",IL,דנונה פרו 21 0% שומן,גרמים,200.00,100 גרם,false,,6.50,3.2500,true,1,140498
7290112337474,false,סוכריות מאסט ללא סוכר פטל לימון 80 ג' עלית,MIESZKO S.A - MS. JO,PL,"סוכריות מאסט לל""ס פט",גרמים,80.00,100 גרם,false,,8.90,11.1250,true,1,197630
7290112337481,false,סוכריות מאסט ללא סוכר קפצ''ינו 80 ג' עלית,MIESZKO S.A - MS. JO,PL,"סוכריות מאסט לל""ס קפ",גרמים,80.00,100 גרם,false,,8.90,11.1250,true,1,197636
7290112338877,false,מעדן גבינה בטעם תות 3% 125ג' סקי,"שטראוס בריאות בע""מ",IL,גבינת סקי תות 3% 125,גרמים,125.00,100 גרם,false,,3.90,3.1200,true,1,137502
7290112339171,false,מעדן מילקי מוס שוקול,מיוצר עי קונדיטוריית,IL,מילקי מוס 81 גרם.,גרמים,81.00,100 גרם,false,,3.90,4.8148,true,1,137504
7290112339867,false,גמדים לדרך גבינה לבנה עם מחית תות,שטראוס,IL,גמדים סקוויז בודד תו,גרמים,100.00,100 גרם,false,,5.90,5.9000,true,1,139102
7290112339874,false,גמדים לדרך גבינה לבנה עם מחיות תות ובננה,שטראוס,IL,גמדים סקוויז בודד תו,גרמים,100.00,100 גרם,false,,5.90,5.9000,true,1,139103
7290112340245,false,צנצנת מסטיק מאסט בטעם דובדבן 66 ג' עלית,"שטראוס גרופ בע""מ",IL,צנצנת מאסט בטעם דובד,גרמים,66.00,100 גרם,false,,11.90,18.0303,true,1,141284
7290112340252,false,צנצנת מסטיק מאסט בטעם אבטיח מלון 66 ג' עלית,"שטראוס גרופ בע""מ",IL,צנצנת מאסט בטעם אבטי,גרמים,66.00,100 גרם,false,,11.90,18.0303,true,1,141285
7290112341556,false,אקטיביה עם צ'יה ותות 150 ג' דנונה,דנונה - שטראוס,IL,אקטיביה עם צ'יה ותות,גרמים,150.00,100 גרם,false,,4.90,3.2667,true,1,196730
7290112341679,false,אקטיביה 3% שומן 200 ג' דנונה,מיוצר עי קונדיטוריית,IL,דנונה אקטיביה 3% 200,גרמים,200.00,100 גרם,false,,4.50,2.2500,true,1,196735
7290112341686,false,מארז שמיניה אקטיביה 3% 150 ג',מיוצר עי קונדיטוריית,IL,אקטיביה מארז 3% 8*15,קילוגרמים,1.20,"ק""ג",false,,21.90,18.2500,true,1,196736
7290112342102,false,סימפוניה גבינה במרקם שמנת בצל מקורמל 5%,"שטראוס בריאות בע""מ",IL,סימפוניה 5% בצל מקור,גרמים,200.00,100 גרם,false,,12.90,6.4500,true,1,217363
7290112342270,false,קפה פלטינום אינטנס מחוזק ב- 10% אספרסו,שטראוס קפה בי.וי,IL,קפה פלטינום אינטנס 1,גרמים,125.00,100 גרם,false,,21.90,17.5200,true,1,199018
7290112342508,false,דוריטוס קול ראנץ Cool Ranch,STRAUSS-ISRAEL,IL,דוריטוס קול ראנץ' 70,גרמים,70.00,100 גרם,false,,4.30,6.1429,true,1,205116
7290112343499,false,חטיף צ'יטוס פאפס אפוי בטעם גבינה,"שטראוס פריטו ליי בע""",IL,ציטוס Puffs בטעם גבי,גרמים,55.00,100 גרם,false,,3.90,7.0909,true,1,363869
7290112344724,false,מעדן בטעם שוקולד בלונדי 170 ג' מילקי,מיוצר עי קונדיטוריית,IL,מילקי בטעם שוקולד בל,מיליליטרים,170.00,"100 מ""ל",false,,3.90,2.2941,true,1,205685
7290112344755,false,מילקי שוקולד 26% פחות סוכר 135 גרם,מיוצר עי קונדיטוריית,IL,מילקי עם 26% פחות סו,מיליליטרים,135.00,"100 מ""ל",false,,2.90,2.1481,true,1,283395
7290112344786,false,קפה פלטינום קלאסיק 200 ג' עלית,שטראוס קפה בי.וי.,IL,פלטינום קלאסיק עלית,גרמים,200.00,100 גרם,false,,29.90,14.9500,true,1,218451
7290112347008,false,גמדים לדרך גבינה לבנה עם מחית תות ושיבולת שועל,מיוצר עי קונדיטוריית,IL,גמדים ארוחת בוקר תות,גרמים,100.00,100 גרם,false,,5.90,5.9000,true,1,205687
7290112348142,false,שעועית לבנה 380 גר' בקופסה טעם הטבע,שטראוס טעם הטבע,,שעועית לבנה טעם הטבע,גרמים,380.00,100 גרם,false,,7.90,2.0789,true,1,237806
7290112349606,false,מעדן גבינה ויוגורט תות בננה 88 ג' דניאלה,"שטראוס בריאות בע""מ",IL,דניאלה תות בננה 150,מיליליטרים,150.00,"100 מ""ל",false,,4.50,3.0000,true,1,393875
7290112349736,false,בזיליקום רוטב עגבניות לפסטה 350 גר' יד מרדכי,אמיליאנה קונסרב סוסי,IT,רוטב עגבניות בזיליקו,גרמים,350.00,100 גרם,false,,11.90,3.4000,true,1,218576
7290112349750,false,פיצה רוטב עגבניות לפיצה 350 גר' יד מרדכי,אימילאנה,IL,רוטב עגבניות לפיצה 3,גרמים,350.00,100 גרם,false,,11.90,3.4000,true,1,218578
7290112351104,false,שוקולד פרה ממולא פיצפוצי אורז 100 ג' עלית,STRAUSS-ISRAEL,IL,שוקולד פרה פיצפוצי א,גרמים,100.00,100 גרם,false,,6.90,6.9000,true,1,242977
7290112351128,false,שוקולד פרה סוכריות קופצות 100 ג' עלית,"שטראוס גרופ בע""מ",IL,שוקולד פרה חלב סוכרי,גרמים,100.00,100 גרם,false,,6.90,6.9000,true,1,330431
7290112351470,false,סוכריות ללא סוכר בטעם תות רימון מאסט פרש,עלית,,שלישיית סוכריות FRES,גרמים,45.00,100 גרם,false,,9.50,21.1111,true,1,267988
7290112354204,false,ארוחה אישית ספגטי עגבניות,גסטרונומיה פרוסט אס.,IT,ספגטי עגבניות שטראוס,גרמים,280.00,100 גרם,false,,22.90,8.1786,true,1,370006
7290112354945,false,תפוצ'יפס wavy טבעי 50ג היתר מכירה,שטראוס פריטו ליי בע”,IL,תפוצ'יפס wavy 50 גר,גרמים,50.00,100 גרם,false,,4.50,9.0000,true,1,507580
7290112355027,false,יוגורט פרו בטעם קרמל מלוח 200 ג' דנונה,"שטראוס בריאות בע""מ",IL,דנונה פרו 20 גר' בטע,גרמים,200.00,100 גרם,false,,6.50,3.2500,true,1,283428
7290112355102,false,גמדים פאוץ סלט פירות 100 ג' שטראוס,"שטראוס בריאות בע""מ",IL,סקוויז גמדים לדרך סל,גרמים,100.00,100 גרם,false,,5.90,5.9000,true,1,290026
7290112357045,false,עגבניות איטלקיות מרוסקות 390 גר' בקופסה טעם הטבע,שטראוס טעם הטבע,IT,עגבניות איטלקיות מרו,גרמים,390.00,100 גרם,false,,6.90,1.7692,true,1,237807
7290112357069,false,מחית עגבניות איטלקיות בקופסה 500 גר' טעם הטבע,שטראוס טעם הטבע,IT,מחית עגבניות איטלקיו,גרמים,500.00,100 גרם,false,,7.90,1.5800,true,1,237808
7290112357083,false,אפונת גינה טעם הטבע 380 גר' בקופסה,שטראוס טעם הטבע,,אפונה ירוקה טעם הטבע,גרמים,380.00,100 גרם,false,,7.90,2.0789,true,1,356126
7290112357113,false,גרגרי חומוס בקופסה 380 גר' טעם הטבע,שטראוס טעם הטבע,IT,גרגרי חומוס טעם הטבע,גרמים,380.00,100 גרם,false,,7.90,2.0789,true,1,237810
7290112358004,false,חטיף שוקולד פסק זמן,שולן צ'יקולטה גידה ס,TR,פסק זמן קראנץ' 32 גר,גרמים,32.00,100 גרם,false,,5.30,16.5625,true,1,299727
7290112358431,false,עד חצות דאבל ביסקוויט עם שוקולד חלב -8 אריזות אישיות,הדקלאים אגודת שיתופי,FR,דאבל ביסקוויט עם שוק,גרמים,200.00,100 גרם,false,,14.90,7.4500,true,1,314170
7290112490209,false,נמס בכוס מרק עגבניות עם קרוטונים רכיבים טבעיים,יוניליוור,,נמס בכוס מרק עגבניות,גרמים,56.00,100 גרם,false,,7.90,14.1071,true,1,132684
7290112491770,false,בייגלה דקים דקים מלח ב.בייגל 300 גר',בייגל את בייגל מזון,IL,בייגלה דקים דקים עם,גרמים,300.00,100 גרם,false,,11.90,3.9667,true,1,136921
7290112491787,false,בייגלה דקים דקים שומשום ב.בייגל 300 גר',בייגל בייגל BB,IL,בייגלה דקים דקים עם,גרמים,300.00,100 גרם,false,,11.90,3.9667,true,1,136922
7290112492463,false,"שמפו ומרכך לשיער רגיל 700 מ""ל פינוק",יוניליוור ישראל טיפו,IL,פינוק 2ב1 לשיער רגיל,מיליליטרים,700.00,"100 מ""ל",false,,11.90,1.7000,true,1,227801
7290112492500,false,"פינוק - שמפו שמן קוקוס 700 מ""ל","יוניליור ישראל, טיפו",IL,פינוק שמפו שמן קוקוס,מיליליטרים,700.00,"100 מ""ל",false,,11.90,1.7000,true,1,227803
7290112492531,false,"מרכך לשיער רגיל 700 מ""ל פינוק",יוניליוור,IL,פינוק מרכך לשיער רגי,מיליליטרים,700.00,"100 מ""ל",false,,11.90,1.7000,true,1,227804
7290112492579,false,"פינוק - מרכך שמן קוקוס 700 מ""ל",יוניליוור,IL,פינוק מרכך שמן קוקוס,מיליליטרים,700.00,"100 מ""ל",false,,11.90,1.7000,true,1,227805
7290112493095,false,נמס בכוס מרק עגבניות חריף רכיבים טבעיים קנור 48 ג',יוניליוור,IL,נמס בכוס מרק עגבניות,גרמים,48.00,100 גרם,false,,7.90,16.4583,true,1,164274
7290112493927,false,גלידה בטעם ריבת חלב 1.33ל' קרמיסימו,"גלידת שטראוס בע""מ, ר",IL,קרמיסימו ריבת חלב 1.,ליטרים,1.33,ליטר,false,,21.90,16.4662,true,1,215664
7290112494153,false,תיבולית בטעם צלי קנור 72 ג',יוניליוור ישראל מזון,IL,תיבוליות ניחוח צלי ק,גרמים,72.00,100 גרם,false,,10.90,15.1389,true,1,362006
7290112494351,false,תלמה קורנפלקס של אלופים 850 ג',יוניליוור שפע ישראל,IL,קורנפלקס של אלופים ת,גרמים,850.00,100 גרם,false,,18.90,2.2235,true,1,225377
7290112495006,false,כריות - כריות נוגט 686 גרם,יוניליוור שפע ישראל,IL,"כריות נוגט תלמה בד""ץ",גרמים,686.00,100 גרם,false,,27.90,4.0671,true,1,203227
7290112495150,false,נשנושי קרקר עיגולים מלוחים 300 גר',בייגל את בייגל מזון,IL,נשנושים עגול מלוח 30,גרמים,300.00,100 גרם,false,,14.90,4.9667,true,1,203243
7290112495235,false,קורנפלקס וניל 448 ג' תלמה,יוניליוור שפע ישראל,IL,קורנפלקס וניל תלמה 4,גרמים,448.00,100 גרם,false,,19.70,4.3973,true,1,203235
7290112495761,false,רוטב אלף האיים לייט חמץ הלמנס 305 ג',יוניליוור ישראל מזון,IL,רוטב אלף האיים לייט,גרמים,305.00,100 גרם,false,,13.90,4.5574,true,1,492627
7290112496027,false,"סירופ שוקולד 580 מ""ל אפיכל",יוניליוור ישראל מזון,IL,"סירופ שוקולד 600 מ""ל",מיליליטרים,600.00,"100 מ""ל",false,,14.90,2.4833,true,1,219715
7290112497000,false,סיף - פנטסטיק ניקוי רב תכליתי 1 ליטר,"זוהר דליה, קיבוץ דלי",IL,סיף פנטסטיק ניקוי כל,יחידה,0.00,יחידה,false,,13.90,0.0000,true,1,232289
7290112497031,false,רוטב עגבניות לקציצות קנור 415 ג',יוניליוור,IT,רוטב עגבניות לקציצות,גרמים,415.00,100 גרם,false,,12.90,3.1084,true,1,492611
7290112497123,false,תערובת להכנת מעדן בטעם סחלב,יוניליוור ישראל מזון,IL,קנור סחלב 112 גרם,גרמים,112.00,100 גרם,false,,12.90,11.5179,true,1,280040
7290112499844,false,מאגדת מיני מגנום דואט שוקולד עם נוגט 5 יח' שטראוס,"מיוצר ע""י גלידת שטרא",IL,מגנום מיני דואט מאגד,גרמים,310.00,100 גרם,false,,30.90,9.9677,true,1,215669
7290112499943,false,מאגדת מיני מגנום קלאסיק שוקולד 5 יח' שטראוס,"מיוצר ע""י גלידת שטרא",IL,מגנום מאגדת מיני שוק,גרמים,250.00,100 גרם,false,,30.90,12.3600,true,1,215650
7290112961464,false,פיטנס חטיפי פריכיות דגנים וחומוס מתובלות,"פרח תעשיות מזון בע""מ",IL,חטיפי פריכיות דקות מ,גרמים,60.00,100 גרם,false,,8.90,14.8333,true,1,138716
7290112962287,false,טבעול שווארמה טבעונית 6*450 גרם,מיוצר עי קונדיטוריית,IL,שווארמה טבעונית טבעו,גרמים,450.00,100 גרם,false,,32.90,7.3111,true,1,224656
7290112962546,false,ארטיק לה פרוטה מלון תפוח מאגדת 443 גר',שוורצקוף& הנקל דיסלד,IL,לה פרוטה מלון תפוח 5,גרמים,350.00,100 גרם,false,,29.90,8.5429,true,1,138872
7290112963918,false,חטיפי קרקר דק רוזמרין 140 ג' פיטנס,נסטלה Nestle,IL,פיטנס חטיפי קרקר דק,גרמים,140.00,100 גרם,false,,13.90,9.9286,true,1,159750
7290112964410,false,רוטב אוסם אלף האיים לסלט 290 ג' אסם,Unknown,IL,אסם רוטב אלף האיים ל,מיליליטרים,290.00,"100 מ""ל",false,,12.90,4.4483,true,1,152426
7290112964434,false,רוטב לסלט קיסר 295 ג' אוסם,אסם,IL,אסם רוטב קיסר לסלט 2,מיליליטרים,295.00,"100 מ""ל",false,,12.90,4.3729,true,1,152418
7290112964472,false,רוטב שום לסלט 290 ג' אסם,Unknown,IL,אסם רוטב שום לסלט 29,מיליליטרים,295.00,"100 מ""ל",false,,12.90,4.3729,true,1,152433
7290112965264,false,אוסם - מרק נמס אפונה זוג 26 גרם * 2,Unknown,,זוג מרק נמס אפונה בד,גרמים,30.00,100 גרם,false,,6.90,23.0000,true,1,159755
7290112965301,false,זוג מרק נמס בטעם עוף עם שקדי מרק רגע חם,Unknown,IL,זוג מרק נמס טעם עוף,גרמים,38.00,100 גרם,false,,6.90,18.1579,true,1,159744
7290112965684,false,פיטנס - חטיף מולטיגריין עשבי תיבול 25 גרם,מיוצר עי קונדיטוריית,IL,פיטנס חטיף מולטיגריי,גרמים,25.00,100 גרם,false,,5.80,23.2000,true,1,283273
7290112965783,false,אוסם - ביסלי פריסטייל על האש 60 גרם,"אסם השקעות בע""מ",IL,ביסלי פריסטייל על הא,גרמים,60.00,100 גרם,false,,4.90,8.1667,true,1,332857
7290112965806,false,אוסם - ביסלי פריסטייל חמוץ חריף 60 גרם,Unknown,IL,ביסלי פריסטייל חמוץ,גרמים,60.00,100 גרם,false,,4.90,8.1667,true,1,332858
7290112965905,false,בייגלה שמיניות במליחות מעודנת אסם 400 גר',מיוצר עי קונדיטוריית,IL,אסם בייגלה שמיניות ב,גרמים,400.00,100 גרם,false,,11.90,2.9750,true,1,205827
7290112966094,false,עוגת הבית בטעם תפוז - פחות סוכר,מיוצר עי קונדיטוריית,IL,עוגת הבית תפוז מופחת,גרמים,400.00,100 גרם,false,,14.90,3.7250,true,1,204950
7290112966780,false,טחינה באלדי עם חציל קלוי צבר 350 גר',שוורצקוף& הנקל דיסלד,IL,צבר טחינה בלאדי עם ח,גרמים,350.00,100 גרם,false,,15.90,4.5429,true,1,199109
7290112966803,false,פודינג אינסטנט שוקולד 88 ג' אסם,"אסם השקעות בע""מ",IL,אסם פודינג אינסטנט ש,גרמים,88.00,100 גרם,false,,6.50,7.3864,true,1,204943
7290112967138,false,בייגלה שמיניות ללא גלוטן 250 גר' אסם,מיוצר עי קונדיטוריית,IL,אסם בייגלה שמיניות ל,גרמים,250.00,100 גרם,false,,14.90,5.9600,true,1,205046
7290112968340,false,חומוס תבלינים צבר 400 גרם,שוורצקוף& הנקל דיסלד,IL,חומוס גרוס גס גס צבר,גרמים,400.00,100 גרם,false,,14.20,3.5500,true,1,218646
7290112968708,false,"טבעול שניצל תירס 1.3ק""ג בד""ץ",טבעול ישראל,IL,שניצל תירס עדה חרדי,קילוגרמים,1.30,"ק""ג",false,,45.90,35.3077,true,1,229970
7290113100565,false,מחבת 20 ס`מ אינדוקצי,,,מחבת 20 ס`מ אינדוקצי,יחידה,0.00,יחידה,false,,219.90,0.0000,true,1,128154
7290113190771,false,חלבה תלתלים בטעם שוק,,,חלבה מסולסלת בטעם שו,גרמים,300.00,100 גרם,false,,16.90,5.6333,true,1,164309
7290113192218,false,תערובת להכנת מלבי 500 גרם,דין שיווק,IL,תערובת להכנת מלבי 50,גרמים,500.00,100 גרם,false,,14.90,2.9800,true,1,408272
7290113192300,false,זיתים חרוזית מושחר A2 בית השיטה 275 גר',בית השיטה,IL,זיתים חרוזית מושחר ב,גרמים,275.00,100 גרם,false,,12.90,4.6909,true,1,212511
7290113192331,false,זיתים ירוק גדול A2 בית השיטה 340ג',בית השיטה,IL,זיתים ירוק גדול בית,גרמים,340.00,100 גרם,false,,11.50,3.3824,true,1,211382
7290113192348,false,זיתים ירוקים שלמים גדולים מאוד בטעם שום,בית השיטה,IL,זית ירוק שום 17-19בי,גרמים,560.00,100 גרם,false,,11.90,2.1250,true,1,211383
7290113192355,false,חרוזית זיתים ירוקים ללא גלעין 275 ג' בית השיטה,בית השיטה,IL,זיתים חרוזית ירוק בי,גרמים,275.00,100 גרם,false,,10.90,3.9636,true,1,211384
7290113192362,false,טבעות זיתים ירוקים 280 ג' בית השיטה,בית השיטה,IL,טבעות זיתים ירוקים ב,גרמים,280.00,100 גרם,false,,11.90,4.2500,true,1,211385
7290113192478,false,בית השיטה מלפפונים במלח בינוני 10-12 320 גרם,בית השיטה,IL,מלפפון במלח 10-12 בי,גרמים,320.00,100 גרם,false,,8.90,2.7813,true,1,211593
7290113192485,false,בית השיטה מלפפונים בחומץ בינוני 10-12 290 גרם,בית השיטה,IL,מלפפון בחומץ 12-10 ב,גרמים,290.00,100 גרם,false,,8.90,3.0690,true,1,211594
7290113192492,false,בית השיטה מלפפונים בחומץ קטנים 1317 290 גרם,בית השיטה,IL,מלפפון בחומץ 13-17 ב,גרמים,290.00,100 גרם,false,,11.90,4.1034,true,1,211595
7290113192508,false,בית השיטה מלפפונים במלח קטן 1317 320 גרם,בית השיטה,IL,מלפפון במלח 13-17 בי,גרמים,320.00,100 גרם,false,,11.90,3.7188,true,1,211596
7290113192515,false,בית השיטה מלפפונים במלח קטן מאוד 1825 320 גרם,בית השיטה,IL,מלפפון במלח 18-25 בי,גרמים,320.00,100 גרם,false,,13.90,4.3438,true,1,211597
7290113192522,false,בית השיטה מלפפונים בחומץ קטן מאוד 1825 290 גרם,בית השיטה,IL,מלפפון בחומץ 18-25 ב,גרמים,290.00,100 גרם,false,,13.90,4.7931,true,1,211598
7290113192539,false,בית השיטה מלפפונים במלח גדול 79 320 גרם,בית השיטה,IL,מלפפון במלח 7-9 בית,גרמים,560.00,100 גרם,false,,7.90,1.4107,true,1,211612
7290113192546,false,בית השיטה מלפפונים בחומץ גדול 79 290 גרם,בית השיטה,IL,מלפפון בחומץ 7-9 בית,גרמים,560.00,100 גרם,false,,7.90,1.4107,true,1,211613
7290113192553,false,בית השיטה מלפפונים במלח 13-17 בלדי 320 גר',בית השיטה,IL,מלפפון במלח בלדי 13-,גרמים,320.00,100 גרם,false,,12.90,4.0313,true,1,211627
7290113192577,false,בית השיטה כרוב כבוש חתוך 430 גרם,בית השיטה,IL,כרוב כבוש בית השיטה,יחידה,430.00,יחידה,false,,8.90,0.0207,true,1,211629
7290113193406,false,"קוקטייל טבעות זיתים - זיתים ירוקים, שחורים מרינד",בית השיטה,IL,טבעות קוקטיל זיתים ב,גרמים,560.00,100 גרם,false,,11.90,2.1250,true,1,276760
7290113193888,false,חצילים מוחמצים בית השיטה 320 גר',שוורצקוף& הנקל דיסלד,IL,בית השיטה חצילים מוח,גרמים,320.00,100 גרם,false,,11.90,3.7188,true,1,332438
7290113195066,false,חלבה טורקית בטעם וניל 400 גרם,,,חלבה טורקית בטעם וני,גרמים,400.00,100 גרם,false,,12.90,3.2250,true,1,353587
7290113196902,false,מנה חמה אטריות אורז בטעם בקר 70 ג' סו שף,קריות זול,,מנה חמה אטריות אורז,גרמים,60.00,100 גרם,false,,9.90,16.5000,true,1,482218
7290113196919,false,מנה חמה אטריות אורז בטעם עוף70 ג' סו שף,קריות זול,,מנה חמה אטריות אורז,גרמים,60.00,100 גרם,false,,9.90,16.5000,true,1,482219
7290113196926,false,מנה חמה אטריות אורז בטעם ירקות 70 ג' סו שף,קריות זול,,מנה חמה אטריות אורז,גרמים,60.00,100 גרם,false,,9.90,16.5000,true,1,482220
7290113196933,false,מנה חמה אטריות אורז בטעם טום יאס70 ג' סו שף,קריות זול,,מנה חמה אטריות אורז,גרמים,60.00,100 גרם,false,,9.90,16.5000,true,1,482221
7290113198050,false,פקאן מצופה בייגלה מל,דין שיווק,IL,פקאן מצופה בייגלה מל,גרמים,150.00,100 גרם,false,,15.90,10.6000,true,1,353679
7290113199927,false,סוכריות חמצוצים בטעם פירות 180 ג' שקדיה,דין שיווק,IL,סוכריות חמצוצים בטעם,גרמים,180.00,100 גרם,false,,10.90,6.0556,true,1,414145
7290113199934,false,סוכריות חמצוצים בטעם אוכמניות 180 ג' שקדיה,,,סוכריות חמצוצים בטעם,גרמים,180.00,100 גרם,false,,10.90,6.0556,true,1,414146
7290113284517,false,נייר טואלט דו שכבתי,,,נייר טואלט דו שכבתי,יחידה,0.00,יחידה,false,,29.90,0.0000,true,1,515293
7290113289215,false,צלחות מתכלות יהלום ע,,,צלחות מתכלות יהלום ע,יחידה,0.00,יחידה,false,,21.90,0.0000,true,1,382138
7290113289239,false,קערות אובליות מתכלות,,,קערות אובליות מתכלות,יחידה,0.00,יחידה,false,,10.90,0.0000,true,1,382154
7290113289338,false,צלחות דקל מרובעות ענ,,,צלחות דקל מרובעות ענ,יחידה,0.00,יחידה,false,,17.90,0.0000,true,1,412446
7290113289376,false,קערות דקל מרובעות 10,,,קערות דקל מרובעות 10,יחידה,0.00,יחידה,false,,16.90,0.0000,true,1,412499
7290114310222,false,חלב 1.5 ליטר 3% מועשר בסידן וויטמין D.,מילקו תעשיות בעמ,IL,חלב מועשר בסידן 1.5,ליטרים,1.50,ליטר,false,,11.90,7.9333,true,1,251066
7290114310383,false,מולר קציפת יוגורט בטעם וניל צרפתי 97 גרם,מולר Muller,IL,יוגורט מוקצף בטעם ונ,גרמים,97.00,100 גרם,false,,5.50,5.6701,true,1,486298
7290114310390,false,"מולר פרופ קציפת יוגורט בננה לוטי 5% 150 מ""ל",מולר Muller,IL,יוגורט מוקצף בטעם בנ,גרמים,97.00,100 גרם,false,,5.50,5.6701,true,1,486299
7290114310406,false,"מולר פרופ קציפת יוגורט תות 5% 150 מ""ל",מולר Muller,IL,יוגורט מוקצף בטעם תו,גרמים,97.00,100 גרם,false,,5.50,5.6701,true,1,486315
7290114311021,false,משקה חלב בטעם וניל עוגיות 1.5% שומן,Unknown,IL,משקה חלב וניל עוגיות,מיליליטרים,250.00,"100 מ""ל",false,,5.90,2.3600,true,1,435603
7290114311076,false,"חמאת מולר צהובה עם שום, 200 גרם",מולר Muller,IL,חמאה צהובה עם שום מו,גרמים,200.00,100 גרם,false,,11.90,5.9500,true,1,432236
7290114311304,false,יוגורט קציפת מנגו פסיפלורה בננה 150 ג' מולר,מולר Muller,IL,מולר פרופ מנגו פסיפל,גרמים,150.00,100 גרם,false,,5.50,3.6667,true,1,460175
7290114311328,false,חלב נטול לקטוז 2% שומן מועשר בויטמין D,ג'י.אר.אמ.גרופו אלימ,IL,חלב נטול לקטוז טרה 1,ליטרים,1.00,ליטר,false,,7.90,7.9000,true,1,470771
7290114311434,false,"מולר אקטיב בטעם קרמל מלוח 0% שומן, 200 גרם",מולר Muller,IL,מולר אקטיב בטעם קרמל,גרמים,200.00,100 גרם,false,,6.90,3.4500,true,1,486264
7290114311441,false,"מולר אקטיב בטעם עוגיות חמאה 0% שומן, 200 גרם",מולר Muller,IL,מולר אקטיב בטעם עוגי,גרמים,200.00,100 גרם,false,,6.90,3.4500,true,1,486280
7290114311458,false,"חלב מועשר 3% וויטמין קרטון, 1 ל טרה",Unknown,IL,קרטון חלב מועשר ויטמ,ליטרים,1.00,ליטר,false,,9.90,9.9000,true,1,488252
7290114311502,false,"משקה חלב בקבוק בטעם סחלב, 1 ליטר",מילקו תעשיות בעמ,IL,משקה חלב בטעם סחלב 1,ליטרים,1.00,ליטר,false,,12.50,12.5000,true,1,523346
7290114600941,false,מיונז מאסטר שף מיונז לחיץ 435 ג',קפה לנדוור,NL,מאסטר שף מאסטר שף מ,גרמים,435.00,100 גרם,false,,15.90,3.6552,true,1,254935
7290114604840,false,דפי אורז קוטר 16 מאסטר שף 400 ג',מאסטר שף,,דפי אורז קוטר 16 כשל,גרמים,400.00,100 גרם,false,,10.90,2.7250,true,1,298141
7290114604857,false,דפי אורז קוטר 22 מאסטר שף 400 ג',מאסטר שף,,דפי אורז קוטר 22 כשל,גרמים,400.00,100 גרם,false,,10.90,2.7250,true,1,298142
7290114604932,false,רוטב ברביקיו דבש מאסטר שף 520 ג',רמיה סי.וי. הולנד,NL,מאסטר שף רוטב ברביקי,מיליליטרים,520.00,"100 מ""ל",false,,13.90,2.6731,true,1,313830
7290114606554,false,מיונז מופחת קלוריות בקבוק לחיץ,מאסטר שף,NL,מאסטר שף מיונז לייט,גרמים,470.00,100 גרם,false,,15.90,3.3830,true,1,313847
7290114606578,false,מאסטר שף שקדי מרק 400 גר,,,שקדי מרק מאסטר שף 40,גרמים,400.00,100 גרם,false,,11.90,2.9750,true,1,358148
7290114608695,false,מיונז עם ווסאבי 241 ג' מאסטר שף,רמיה סי.וי,NL,מיונז עם ווסאבי מאסט,גרמים,241.00,100 גרם,false,,15.90,6.5975,true,1,406603
7290115075182,false,מטבעות שוקולד ברשת 3,,,מטבעות שוקולד ברשת 3,גרמים,31.00,100 גרם,false,,4.90,15.8065,true,1,289829
7290115190014,false,סיגריות מרלבורו רד קצר בוקס,פיליפ מוריס,,סיגריות מרלבורו חפי,יחידה,0.00,יחידה,false,,36.50,0.0000,false,1,273736
7290115190090,false,סיגריות מרלבורו גולד קצר בוקס,פיליפ מוריס,,סיגריות מרלבורו חפי,יחידה,0.00,יחידה,false,,36.50,0.0000,false,1,273754
7290115190151,false,סיגריות מרלבורו טאץP,פיליפ מוריס,,מרלבורו גולד טאצ בוד,יחידה,0.00,יחידה,false,,32.50,0.0000,false,1,273720
7290115190250,false,סיגריות פרלמנט נייטP,פיליפ מוריס,,סיגריות פרלמנט (חפיס,יחידה,0.00,יחידה,false,,42.00,0.0000,false,1,266749
7290115190335,false,ל.מ כחול לייבל ארוך,פיליפ מוריס,,אל אם בלו ארוך,יחידה,0.00,יחידה,false,,33.00,0.0000,false,1,318763
7290115190342,false,אל אם כחול קצר לייבל,פיליפ מוריס,,אל אם בלו קצר פאקט,יחידה,0.00,יחידה,false,,320.00,0.0000,false,1,266729
7290115190359,false,סיגריות ל.מ בלוPP חפ,פיליפ מוריס,,אל אם בלו לייבל קצר,יחידה,0.00,יחידה,false,,33.00,0.0000,false,1,266730
7290115190465,false,סיגריות נקסט פיין אד,פיליפ מוריס,,נקסט פיין אדג` (פקט),יחידה,0.00,יחידה,false,,263.00,0.0000,false,1,286966
7290115190472,false,סיגריות נקסט פיין אדג',פיליפ מוריס,,נקסט פיין אדג` בודד,יחידה,0.00,יחידה,false,,27.00,0.0000,false,1,286967
7290115190519,false,סיגריות נקסט פיין חפ,פיליפ מוריס,,סיגריות נקסט (בודד),יחידה,0.00,יחידה,false,,31.50,0.0000,false,1,273704
7290115200003,false,פתי בר פינוקי וניל 220 גר' אסם,תאי פרזידנט פוד פאבל,PL,פתי בר פינוקי וניל 2,גרמים,220.00,100 גרם,false,,11.90,5.4091,true,1,283106
7290115200188,false,אוסם - מרק נמס עגבניות פיקנטי 25 גרם * 2,Unknown,IL,זוג מרק נמס עגבניות,גרמים,50.00,100 גרם,false,,6.90,13.8000,true,1,282059
7290115200713,false,מארז במבה קלאסי 5*50 ג' אסם,אסם,IL,מארז במבה קלאסי אסם,גרמים,250.00,100 גרם,false,,12.90,5.1600,true,1,285068
7290115201031,false,אסם פתיבר דובי שוקולד 175 גר',טרופיקל דגיל תעשיות,PL,אסם פתיבר דובי שוקול,גרמים,175.00,100 גרם,false,,12.30,7.0286,true,1,312436
7290115201741,false,ביסלי בטעם בצל אסם 7,"אסם השקעות בע""מ",IL,ביסלי בצל 70 גרם,גרמים,70.00,100 גרם,false,,4.90,7.0000,true,1,284465
7290115202816,false,מנה חמה פאוצ' נדלס טעם עוף 70 ג' אסם,Unknown,,מנה חמה פאוצ' נדלסאט,גרמים,70.00,100 גרם,false,,4.90,7.0000,true,1,312375
7290115202847,false,מנה חמה פאוצ' נדלס ספייסי אסם 70 ג',Unknown,,מנה חמה פאוצ' נדלסאט,גרמים,70.00,100 גרם,false,,4.90,7.0000,true,1,312376
7290115202939,false,מנה חמה רייס נודלס עוף פטריות 50 ג' אסם,מיוצר עי קונדיטוריית,TH,מנה חמה רייס נודלס ע,גרמים,50.00,100 גרם,false,,8.90,17.8000,true,1,376310
7290115203134,false,פופקו פופקורן במבה - פופקורן בציפוי קרמל ובוטנים,"אסם השקעות בע""מ",IL,פופקו פופקורן במבה 4,גרמים,80.00,100 גרם,false,,5.90,7.3750,true,1,328217
7290115203172,false,במבה PRO מכיל 18 גרם חלבון בשקית,"אסם השקעות בע""מ",IL,במבה אסם 80 גרם PRO,גרמים,80.00,100 גרם,false,,4.90,6.1250,true,1,458371
7290115203486,false,פירורית בטעם ביסלי גריל אסם 200 גר',קיבוץ עינת,IL,אסם פירורית בטעם ביס,גרמים,200.00,100 גרם,false,,7.90,3.9500,true,1,319258
7290115204056,false,אסם קטשופ מופחת סוכר 690 גר',קריות זול,IL,אסם קטשופ מופחת סוכר,גרמים,690.00,100 גרם,false,,11.90,1.7246,true,1,320443
7290115205176,false,פיטנס - קרקר דק כפרי פיטנס 140 גרם,נסטלה Nestle,IL,פיטנס קרקר THIN כפרי,גרמים,140.00,100 גרם,false,,13.90,9.9286,true,1,374761
7290115205978,false,פתיבר ואצבעות שוקולד 180 גרם - רבנות,"ד""ר ג'רארד בע""מ",PL,פתי בר אצבעות שוקולד,גרמים,180.00,100 גרם,false,,11.90,6.6111,true,1,418233
7290115207507,false,צבר סלט טורקי 6*360גרם,ג'נרל מילס סאן אדריא,IL,צבר סלט טורקי 360 גר,גרמים,360.00,100 גרם,false,,17.90,4.9722,true,1,398008
7290115208009,false,סירופ ענבים 1ל' ויטמינצ'יק,בית-השיטה עסיס תעשיו,IL,ויטמינצ'יק ענבים 1 ל,ליטרים,1.00,ליטר,false,,23.50,23.5000,true,1,404880
7290115208047,false,סירופ פטל 1 ל' ויטמינצ'יק,בית-השיטה עסיס תעשיו,IL,ויטמינצ'יק פטל 1 ליט,ליטרים,1.00,ליטר,false,,23.50,23.5000,true,1,404864
7290115208061,false,סירופ תפוח 1ל' ויטמינצ'יק,בית השיטה עסיס תעשיו,IL,ויטמינצ'יק תפוח 1 לי,ליטרים,1.00,ליטר,false,,23.50,23.5000,true,1,404881
7290115208320,false,אפרופו חטיף בטעם ביסלי בצל 50 גרם,"אסם השקעות בע""מ",IL,אפרופו בטעם ביסלי בצ,גרמים,50.00,100 גרם,false,,5.80,11.6000,true,1,492580
7290115208344,false,בייגלה כפיות שמנת בצל 300ג אסם,אסם,IL,אסם בייגלה כפיות שמנ,גרמים,300.00,100 גרם,false,,11.90,3.9667,true,1,462027
7290115209174,false,במבה אורירית קלאסי 60 גר',אסם השקעות בעמ,IL,במבה אורירית 60 גרם,גרמים,80.00,100 גרם,false,,4.90,6.1250,true,1,474592
7290115209198,false,במבה אורירית 80 ג' אסם,אסם השקעות בעמ,IL,במבה אורירית 80 גרם,גרמים,80.00,100 גרם,false,,4.90,6.1250,true,1,451020
7290115209358,false,במבה במילוי קרם בטעם בראוניז,"אסם השקעות בע""מ",IL,במבה במילוי בראוניז,גרמים,60.00,100 גרם,false,,5.90,9.8333,true,1,492243
7290115209372,false,במבה במילוי בראוניז 150ג' אסם,"אסם השקעות בע""מ",IL,במבה במילוי בראוניז,גרמים,150.00,100 גרם,false,,11.90,7.9333,true,1,492259
7290115403404,false,עוגיות פרפריות שוקו,,,עוגיות פרפריות שוקו,גרמים,450.00,100 גרם,false,,18.90,4.2000,true,1,437574
7290115403442,false,עוגיות ממולאות בטעם,,,עוגיות ממולאות בטעם,גרמים,500.00,100 גרם,false,,18.90,3.7800,true,1,437578
7290115403459,false,עוגיות נסיכה בטעם תו,,,עוגיות נסיכה בטעם תו,גרמים,500.00,100 גרם,false,,18.90,3.7800,true,1,437579
7290115403466,false,עוגיות נסיכה מיקס אד,,,עוגיות נסיכה מיקס אד,גרמים,500.00,100 גרם,false,,18.90,3.7800,true,1,437580
7290115403510,false,עוגיות מגולגלות תמרי,,,עוגיות מגולגלות תמרי,גרמים,500.00,100 גרם,false,,18.90,3.7800,true,1,437584
7290115410068,false,סלט חציל במיונז 400 גר',סלטי היום,IL,חציל במיונז 400 גרם,גרמים,400.00,100 גרם,false,,13.90,3.4750,true,1,352533
7290115410075,false,טחינה 400 גרם סלטי ה,סלטי היום,IL,טחינה 400 גרם סלטי ה,גרמים,400.00,100 גרם,false,,13.90,3.4750,true,1,352517
7290115410082,false,סלט טורקי סלטי היום,סלטי היום,IL,טורקי 400 גרם סלטי ה,גרמים,400.00,100 גרם,false,,13.90,3.4750,true,1,352534
7290115410112,false,חומוס 400 גרם סלטי ה,סלטי היום,IL,חומוס 400 גרם סלטי ה,גרמים,400.00,100 גרם,false,,13.90,3.4750,true,1,352518
7290115410556,false,המעדניה חומוס מסבחה ירוק 250 גר',סלטי היום,IL,חומוס מסבחה 250 גרם,גרמים,250.00,100 גרם,false,,11.90,4.7600,true,1,352464
7290115410600,false,המעדניה חציל במיונז 250 גר',סלטי היום,IL,חציל במיונז 250 גרם-,גרמים,250.00,100 גרם,false,,11.90,4.7600,true,1,352483
7290115410631,false,המעדניה חציל בטעם כבד 250 גר',,,חציל בטעם כבד 250 גר,גרמים,250.00,100 גרם,false,,11.90,4.7600,true,1,352501
7290115671339,false,מיני פינוקיות בראוניז בייגל בוטן עלית 180 ג' עלית,הגביע מוצרי ופלים בע,IL,מיני פינוקיות בראוני,גרמים,180.00,100 גרם,false,,11.90,6.6111,true,1,341925
7290115671346,false,מיני פינוקיות טופי קרמל מלוח 180 ג' עלית,הגביע מוצרי ופלים בע,IL,מיני פינוקיות במילוי,גרמים,180.00,100 גרם,false,,11.90,6.6111,true,1,341940
7290115671353,false,מיני פינוקיות עוגיות קקאו במילוי קרם בטעם וניל,עלית,IL,מיני פינוקיות שחור ל,גרמים,180.00,100 גרם,false,,11.90,6.6111,true,1,390064
7290115675559,false,מארז קפה טורקי לדרך 70ג' עלית,שטראוס קפה בי.וי.,IL,מארז קפה טורקי לדרך,גרמים,70.00,100 גרם,false,,8.90,12.7143,true,1,291012
7290115675986,false,יוגורט עם אגוזי לוז ושקדים בקרמל מלוח 4.5%,"שטראוס בריאות בע""מ",IL,דנונה קראנצ' אגוזים,גרמים,173.00,100 גרם,false,,4.90,2.8324,true,1,290421
7290115676051,false,"אקטיביה משקה+שיבולת שועל במתיקות מעודנת 250 מ""ל",מיוצר עי קונדיטוריית,IL,משקה אקטיביה עם שיבו,גרמים,265.00,100 גרם,false,,5.50,2.0755,true,1,365817
7290115676082,false,משקה דנונה פרו 20 יוגורט תות 255 ג' רבנות,"שטראוס בריאות בע""מ.",IL,משקה יוגורט עם חלבון,גרמים,255.00,100 גרם,false,,7.50,2.9412,true,1,321572
7290115676273,false,קקאו 500גר' +10% תוספת,שטראוס גרופ,IL,עלית קקאו 500 גרם +1,גרמים,500.00,100 גרם,false,,26.90,5.3800,true,1,314101
7290115676341,false,אריזות דבש אישיות טו גו 18 * 162 ג' יד מרדכי,קריות זול,IL,דבש טהור באריזות איש,גרמים,162.00,100 גרם,false,,21.90,13.5185,true,1,486982
7290115677089,false,קונפיטורה תפוח וקינמון יד מרדכי 340 ג',"ב.א מזון בע""מ",IL,קונפיטורת תפוח וקינמ,גרמים,340.00,100 גרם,false,,13.90,4.0882,true,1,337748
7290115677409,false,אורז קארי צהוב עם ירקות ברוטב קארי וקרם קוקוס,אוכל ביתי ניר עציון,IL,אורז קארי צהוב שטראו,גרמים,350.00,100 גרם,false,,28.90,8.2571,true,1,370024
7290115677430,false,אורז צ'אזה ברוטב מתק,,,אורז צ'אזה ברוטב מתק,גרמים,350.00,100 גרם,false,,28.90,8.2571,true,1,370026
7290115678376,false,מעדן הגולן שוקולד 125 גרם,מיוצר עי קונדיטוריית,IL,מעדן הגולן מעדן חלב,גרמים,125.00,100 גרם,false,,3.50,2.8000,true,1,343511
7290115678383,false,מעדן הגולן שוקולד מריר 125 גר,מיוצר עי קונדיטוריית,IL,מעדן הגולן מעדן חלב,גרמים,125.00,100 גרם,false,,3.50,2.8000,true,1,343512
7290115678635,false,נשנושי גבינה -גבינת שמנת 16%+כעכים שטוחים עם מלח,"מחלבת טבע עז בע""מ",IL,נשנושי גבינה 16% עם,גרמים,67.00,100 גרם,false,,11.90,17.7612,true,1,451867
7290116244044,false,אצבעות שוקולד חלב 84 גר'-מיניונים,,,אצבעות שוקולד חלב מי,גרמים,84.00,100 גרם,false,,8.90,10.5952,true,1,410346
7290116244068,false,אצבעות שוקולד חלב 84 גר'-כוח פי גיי,,,אצבעות שוקולד חלב כו,גרמים,84.00,100 גרם,false,,8.90,10.5952,true,1,410348
7290116532219,false,קורנפלקס תות 448 גרם תלמה רבנות,אתר שפע,,קורנפלקס תות תלמה 44,גרמים,448.00,100 גרם,false,,19.90,4.4420,true,1,456656
7290116930015,false,חטיף חלבון GO קרמל ח.בוטנים קריספי 20 גרם חלבון,תנובה,IL,חטיף חלבון בטעם קרמל,גרמים,60.00,100 גרם,false,,14.90,24.8333,true,1,422617
7290116930022,false,חטיף חלבון GO קרם עוגיות ציפוי קריספי 20 גרם,תנובה,IL,חטיף חלבון בטעם קרם,גרמים,60.00,100 גרם,false,,14.90,24.8333,true,1,430732
7290116930466,false,"משקה SHAKE בננה מנגן פסיפלורה והל 230 מ""ל יופלה",יופלה Yoplait,IL,יופלה SHAKE מנגו בנ,מיליליטרים,230.00,"100 מ""ל",false,,8.50,3.6957,true,1,459411
7290116930657,false,"משקה חלב GO בננה תמר שיבולת שועל 340 מ""ל",תנובה מרכז שיתופי לש,IL,משקה GO בננה תמר עם,מיליליטרים,340.00,"100 מ""ל",false,,7.90,2.3235,true,1,506644
7290116930954,false,יוגורט טעם פאי תפוחים 3% 150 ג' יופלה,"תנובה בע""מ",IL,יופלה בטעם פאי תפוחי,מיליליטרים,150.00,"100 מ""ל",false,,5.70,3.8000,true,1,506594
7290116931289,false,יוגורט GO סמיך אלפחורס 200 גרם,תנובה מרכז שיתופי לש,IL,יוגורט גו סמיך 0% אל,גרמים,200.00,100 גרם,false,,6.20,3.1000,true,1,504631
7290117260593,false,חטיף קראנצ'י על בסיס קמח עדשים בטעם צ'דר 80 ג',וילי פוד,,חטיף קראנצ'י על בסיס,גרמים,80.00,100 גרם,false,,8.50,10.6250,true,1,490645
7290117261101,false,זוג קינוחים בטעם שוקולד ואגוזי לוז 140ג',,,זוג קינוחים בטעם שוק,גרמים,140.00,100 גרם,false,,12.90,9.2143,true,1,468581
7290117261118,false,זוג קינוחים בטעם שוקולד בציפוי שוקולד חלב 140ג',Euro יורו מחלבות אירופה,,זוג קינוחים בטעם שוק,גרמים,140.00,100 גרם,false,,12.90,9.2143,true,1,468582
7290117261132,false,זוג קינוחים בטעם קרמל מלוח 70*2 גרם יור,,,זוג קינוחים בטעם קרמ,גרמים,140.00,100 גרם,false,,12.90,9.2143,true,1,468549
7290117261378,false,גבינת קשקבל לייט 250 גר 8% שומן,סאסו פטוראגס קומטויס,TR,גבינת קשקבל לייט 8%,גרמים,250.00,100 גרם,false,,15.90,6.3600,true,1,458430
7290117380857,false,עוגות אישיות בטעם לימון 120 ג' סלים דליס פייבר,מרבה,,סלים דליס פייבר - עו,גרמים,120.00,100 גרם,false,,13.90,11.5833,true,1,451450
7290117380871,false,עוגות אישיות בטעם אוכמניות 120 ג' סלים דליס פייבר,הלמה הלום,NL,סלים דליס פייבר - עו,גרמים,120.00,100 גרם,false,,13.90,11.5833,true,1,451435
7290117821435,false,ביצת הפתעה פלסטיק עם סוכריות קשות 10 גרם חד קרן,שמחה,IL,ביצת הפתעה פלסטיק עם,גרמים,10.00,100 גרם,false,,6.50,65.0000,true,1,459840
7290117823798,false,בדיקה עצמית מהירה לז,,,בדיקה עצמית מהירה לז,יחידה,0.00,יחידה,false,,39.90,0.0000,true,1,403693
7290117860090,false,מרכך תמציות אלוורה ותה ירוק לשיער רגיל,"טרופיקל גליל בע""מ",IL,מרכך מטפח לשיער רגיל,מיליליטרים,700.00,"100 מ""ל",false,,15.90,2.2714,true,1,497900
7290117860182,false,"הוואי - תחליב רחצה בניחוח מגנוליה ושמן שקדים 700 מ""ל",הוואי,,תחליב רחצה בניחוח מג,מיליליטרים,700.00,"100 מ""ל",false,,15.90,2.2714,true,1,501514
7290117860199,false,שמפו שמן ורד הבר ושמן מקדמיה לשיער יבש,קריות זול,,שמפו לשיער יבש הוואי,מיליליטרים,700.00,"100 מ""ל",false,,15.90,2.2714,true,1,497902
7290117860243,false,"הוואי - מרכך מעניק לחות לשיער יבש 700 מ""ל","טרופיקל גליל בע""מ",IL,מרכך לשיער יבש הוואי,מיליליטרים,700.00,"100 מ""ל",false,,15.90,2.2714,true,1,497903
7290117860281,false,"הוואי - ג'ל רחצה לגבר בניחוח עוצמתי 700 מ""ל",הוואי,,ג'ל רחצה לגבר בניחוח,מיליליטרים,700.00,"100 מ""ל",false,,15.90,2.2714,true,1,501516
7290117860298,false,שמפו קומפלקס קרטין לשיער עדין או חלש,הוואי,,שמפו קרטין מחזק הווא,מיליליטרים,700.00,"100 מ""ל",false,,15.90,2.2714,true,1,502919
7290117860946,false,"תחליב רחצה יוגורט בניחוח קוקוס 700 מ""ל הוואי",הוואי,,תחליב רחצה יוגורט בנ,מיליליטרים,700.00,"100 מ""ל",false,,15.90,2.2714,true,1,501520
7290117860991,false,"תחליב רחצה יוגורט בניחוח שקדים 700 מ""ל הוואי",,,תחליב רחצה יוגורט בנ,מיליליטרים,700.00,"100 מ""ל",false,,15.90,2.2714,true,1,501521
7290117900956,false,תערובת פיצוחים קלויי,,,תערובת פיצוחים קלויי,גרמים,180.00,100 גרם,false,,15.90,8.8333,true,1,452598
7290118420071,false,במבה ביסלי ברביקיו מיקס 80ג' אסם,"אסם השקעות בע""מ",IL,במבה ביסלי ברביקיו מ,גרמים,80.00,100 גרם,false,,5.90,7.3750,true,1,492275
7290118420378,false,פתיבר פינוקים בטעם תותים בשמנת - חלבי,קריות זול,IL,פתי בר פינוקים תותים,גרמים,220.00,100 גרם,false,,11.90,5.4091,true,1,492547
7290900010367,false,טורטייה שמינייה משקל נקי 360 ג' Avel,Turka Invest,PL,טורטייה אבאל 360 גרם,גרמים,360.00,100 גרם,false,,10.90,3.0278,true,1,81488
7291008084915,false,תמר מג'הול 500גר,,,תמר מג'הול 500גר,גרמים,500.00,100 גרם,false,,10.00,2.0000,true,1,420855
7293556389962,true,שום לבן (סולו) ארוז,,,שום לבן (סולו) ארוז,גרמים,250.00,100 גרם,false,,11.90,4.7600,true,1,252671
7296021131394,false,סכין מולטי משוננת מ,,,סכין מולטי משוננת מ,יחידה,0.00,יחידה,false,,19.90,0.0000,true,1,30600
7296021266836,false,סט כף ותרווד עץ פרפק,,,סט כף ותרווד עץ פרפק,יחידה,0.00,יחידה,false,,12.90,0.0000,true,1,417865
7297028161582,false,קרסוליות נשים (10 )שחור/לבן/מעורב,,,עשיריית גרבי נשים,יחידה,0.00,יחידה,false,,29.90,0.0000,true,1,363320
7297461004316,false,שמיכת כבש זוגית,,,שמיכת כבש זוגית,יחידה,0.00,יחידה,false,,149.90,0.0000,true,1,388417
7450014901320,false,נעלי בית חורף נשים,,,נעלי בית חורף נשים,יחידה,0.00,יחידה,false,,39.90,0.0000,true,1,200362
7450014901344,false,נעלי בית חורף נשים צ,,,נעלי בית חורף נשים צ,יחידה,0.00,יחידה,false,,39.90,0.0000,true,1,516045
7450014901351,false,נעלי בית חורף נשים -,,,נעלי בית חורף נשים -,יחידה,0.00,יחידה,false,,39.90,0.0000,true,1,200363
7501013122039,false,ג'ומקס מיץ מנגו קרטונית ליטר תריסר,חומקס קומר קומרסאליז,MX,ג'ומקס נקטר מנגו קרט,ליטרים,1.00,ליטר,false,,11.00,11.0000,true,1,197263
7501013122114,false,"נקטר משקה אננס בקרטונית ג'ומקס, 1 ל'",חומקס קומר קומרסאליז,MX,ג'ומקס נקטר אננס קרט,ליטרים,1.00,ליטר,false,,11.00,11.0000,true,1,197265
7501013122190,false,ג'ומקס מיץ תפוחים קרטונית ליטר תריסר,חומקס קומר קומרסאליז,MX,ג'ומקס משקה תפוחים ק,ליטרים,1.00,ליטר,false,,11.00,11.0000,true,1,197266
7501013122992,false,ג'ומקס מיץ קוקוס אננס קרטונית ליטר תריסר,חומקס קומר קומרסאליז,MX,ג'ומקס משקה קוקוס אנ,ליטרים,1.00,ליטר,false,,11.00,11.0000,true,1,197267
7509546663265,false,קולגייט זירו משחת שיניים מנטה עדינה 98 מ,CP UK,MX,קולגייט זירו משחת שי,מיליליטרים,75.00,"100 מ""ל",false,,35.90,47.8667,true,1,287745
7610100034084,false,מיונז טומי בשפורפרת,נסטלה שוויץ ס.א,US,מיונז טומי 265 גרם,גרמים,265.00,100 גרם,false,,15.90,6.0000,true,1,77757
7610243004463,false,"דורגול - מרסס להסרת אבנית במקלחון 600 מ""ל",יעקבי- דורגול Durgol,CH,דורגול מסיר אבן מרסס,יחידה,0.00,יחידה,false,,27.70,0.0000,true,1,12150
7610400014649,false,שוקולד חלב במילוי קרם רך,לינדט ושפרונגלי,CH,לינדט לינדור שוק.חלב,גרמים,100.00,100 גרם,false,,18.00,18.0000,true,1,14762
7610400068505,false,בונבוניירת לינדור Lindor שוקולד חלב,לינדט ושפרונגלי,CH,לינדור בונבוניירה חל,גרמים,200.00,100 גרם,false,,33.90,16.9500,true,1,14765
7613030979647,false,דגני בוקר טריקס פירות עולם היורה 480 ג',ג'נרל מילס סאן אדריא,IL,דגני בוקר טריקס 480,גרמים,480.00,100 גרם,false,,27.90,5.8125,true,1,121793
7613032045753,false,פיטנס - דגני בוקר שוקולד 375 גרם,נסטלה צרפת איטנקורט,FR,דגני פיטנס שוקולד נס,גרמים,375.00,100 גרם,false,,22.90,6.1067,true,1,21853
7613033548192,false,פיטנס - דגני בוקר שוקולד מריר 375 גרם,נסטלה צרפת איטנקורט,FR,דגני בוקר פיטנס שוקו,גרמים,375.00,100 גרם,false,,22.90,6.1067,true,1,68534
7613034146656,false,מזון לכלבים קטנים בטעם בקר פורינה ONE,פורינה Purina,US,פורינה ONE כלב מיני,קילוגרמים,1.50,"ק""ג",false,,59.90,39.9333,true,1,203172
7613035758834,false,גרנולה חומציות 300 ג' פיטנס,שוורצקוף& הנקל דיסלד,LT,פיטנס גרנולה חמוציות,גרמים,300.00,100 גרם,false,,15.90,5.3000,true,1,68539
7613036105545,false,דוגלי בטעם בקר גזע ק,נסטלה פורינה באק הונ,HU,דוגלי בטעם בקר גזע ק,קילוגרמים,3.00,"ק""ג",false,,53.60,17.8667,true,1,92207
7613036314114,false,נסקפה גולד Gold קפה נמס מיובש בתוספת קפה קלוי,נסקפה Nescafe,,נסקפה גולד 200 גרם,גרמים,200.00,100 גרם,false,,50.90,25.4500,true,1,138665
7613036710879,false,מארז מיני חטיפי קיט קט צ'אנקי Kit Kat Chanky,נסטלה Nestle,,קיט קט צ'אנקי מיני 1,גרמים,194.00,100 גרם,false,,10.90,5.6186,true,1,133158
7613036880534,false,גרבר מחית ירקות מעורבים מטרנה 190 גר',נסטלה פולסקה אס.איי,PL,גרבר מחית מרק ירקות,גרמים,190.00,100 גרם,false,,6.90,3.6316,true,1,199472
7613036976671,false,פריסקיז - פאוץ עוף ברוטב 85 גרם,יו פי אף,FR,פריסקיז פאוצ' עוף 85,גרמים,85.00,100 גרם,false,,5.90,6.9412,true,1,217872
7613036976695,false,פריסקיז - פאוץ בקר ברוטב 85 גרם,נסטלה פורינה הונגריה,HU,פריסקיז פאוצ' בקר 85,גרמים,85.00,100 גרם,false,,5.90,6.9412,true,1,217873
7613036976718,false,פריסקיז - פאוץ ברווז ברוטב 85 גרם,יו פי אף,FR,פריסקיז פאוצ' ברווז,גרמים,85.00,100 גרם,false,,5.90,6.9412,true,1,217874
7613037276091,false,נסטלה מיקס מיני אריזות דגני בוקר 200 ג',נסטלה Nestle,FR,מיקס מיני אריזות דגנ,גרמים,200.00,100 גרם,false,,19.90,9.9500,true,1,152479
7613039547632,false,גרבר מחית תפוח בננה תות פאוץ' 90 גר',שוורצקוף& הנקל דיסלד,ES,פאוץ' גרבר מחית תפוח,גרמים,90.00,100 גרם,false,,6.90,7.6667,true,1,275810
7613039879382,false,גרבר - מחית תפוחי עץ 190 גרם,מטרנה,PL,גרבר מחית תפוחי עץ 1,גרמים,190.00,100 גרם,false,,6.90,3.6316,true,1,341096
7613287121783,false,חטיף סמרטיס מיני מאר,נסטלה Nestle,,סמרטיס מיני 187 גרם,גרמים,187.00,100 גרם,false,,15.90,8.5027,true,1,463468
7613287181411,false,מחית סלט פירות ויטמינצ'יק 110 ג',"טרופיקל דגיל בע""מ אז",IL,פאוץ סלט פירות ויטמי,גרמים,110.00,100 גרם,false,,5.90,5.3636,true,1,350177
7613287182357,false,מחית אגס תפוח ופירות יער ויטמינצ'יק 110 ג',נסטלה,ES,פאוץ אגס תפוח ופירות,גרמים,110.00,100 גרם,false,,5.90,5.3636,true,1,350179
7613287182425,false,מחית בננה תפוח ותות ויטמינצ'יק 110 ג',"טרופיקל דגיל בע""מ אז",IL,פאוץ תפוח בננה ותות,גרמים,110.00,100 גרם,false,,5.90,5.3636,true,1,350180
7613287182456,false,מחית אגס תפוח בננה ויטמינצ'יק 110 ג',"נסטלה ספרד ס.א, מפעל",ES,פאוץ אגס תפוח בננה ו,גרמים,110.00,100 גרם,false,,5.90,5.3636,true,1,350181
7613287325808,false,אוסם - דיפ אנד ספרד מטבל איולי שום 295 גרם,נסטלה פולין,PL,רוטב איולי שום לחיץ,גרמים,295.00,100 גרם,false,,15.90,5.3898,true,1,375068
7613287394323,false,אסם מולטי צ'יריוס 14*600 גרם 2021,פרומבראפ - אנגליה,GB,מולטי צ'יריוס 100% ד,גרמים,600.00,100 גרם,false,,23.90,3.9833,true,1,329807
7613287476678,false,דגני בוקר סינימיניס צ'ורוס נסטלה 360 ג',נסטלה אוונקה,PT,סינימיניס צ'ורוס 360,גרמים,360.00,100 גרם,false,,27.90,7.7500,true,1,338447
7622010001858,false,עוגיות אוראו ממולאות קרם וניל 176 ג',פי אר ג'יי אס אי מנד,UA,עוגיות אוראו סנדביץ,גרמים,176.00,100 גרם,false,,10.50,5.9659,true,1,5850
7622201139278,false,גבינת שמנת 27% שומן 150 ג' פילדלפיה,מיודלז אספניה פרודוק,ES,פילדלפיה גבינת שמנת,גרמים,150.00,100 גרם,false,,15.90,10.6000,true,1,218322
7622201521493,false,גבינת שמנת עם שום ועשבי תיבול 12% שומן,מיודלז אספניה פרודוק,ES,גבינת שמנת עם שום וע,גרמים,150.00,100 גרם,false,,15.90,10.6000,true,1,461648
7622201798154,false,גבינת שמנת לייט מופחתת שומן 13% שומן,מיודלז אספניה פרודוק,ES,פילדלפיה גבינת שמנת,גרמים,150.00,100 גרם,false,,15.90,10.6000,true,1,366335
7622201801809,false,מילקה- שוק' חלב עם אגוזים 100 גר' חדש,מנדלז דויצ'לנד סנקס,DE,מילקה שוקוד חלב עם א,גרמים,100.00,100 גרם,false,,7.90,7.9000,true,1,343262
7622201808631,false,מיני עוגיות אוראו במילוי קרם בטעם וניל,פי.טי. מונדלז אינדונ,ID,אוראו מיני כוסות בטע,גרמים,67.00,100 גרם,false,,10.90,16.2687,true,1,348865
7622201809188,false,עוגיות מילקה ביסקווי,מונדלז פרנס ביסקוויט,FR,מילקה ביסקויט 150 גר,גרמים,150.00,100 גרם,false,,14.90,9.9333,true,1,337646
7622201813390,false,וופל במילוי קרם קקאו בציפוי שוקולד חלב,מונדליז סי.אר. ביסקו,,מילקה וואפל במילוי ק,גרמים,150.00,100 גרם,false,,14.90,9.9333,true,1,331149
7622210637994,false,מיני עוגיות אוראו קראנצ'י בייטס אורגינל,מונדלז אספניה ג'לאטס,ES,קראנצ'י בייטס אוראו,גרמים,110.00,100 גרם,false,,10.90,9.9091,true,1,374948
7622300270506,false,מילקה גריינס - עוגיות שיבולת שועל מצופות שוקולד 168 ג',מונדלז פולסקה פרודקש,PL,מילקה גריינס עוגיות,גרמים,168.00,100 גרם,false,,14.90,8.8690,true,1,5862
7622300489434,false,"עוגיות אוראו פאדג' בציפוי שוקולד חלב, 246 גרם",מנדלז אספנה גאלטס פר,ES,אוראו פאג שוקולד חלב,גרמים,246.00,100 גרם,false,,21.90,8.9024,true,1,118273
7622300503079,false,מילקה מוו - ביסקוויט מצופה שוקולד חלב 200 ג',מונדלז פולסקה פרודקש,PL,מילקה מוו - ביסקוויט,גרמים,200.00,100 גרם,false,,14.90,7.4500,true,1,5869
7622300617820,false,שוקלד מילקה טבלת חלב אוראו 100ג',מנדלז דויצ'לנד סנקס,DE,מילקה שוקולד אוראו 1,גרמים,100.00,100 גרם,false,,7.90,7.9000,true,1,5870
7630477891653,false,סטארבקס - קפסולות אספרסו נטול 57 גרם * 10,נסטלה שוויץ - קפה,IL,סטארבקס קפסולות אספר,גרמים,57.00,100 גרם,false,,22.90,40.1754,true,1,270819
7702018441075,false,סכיני גילוח פיוזן יד,,,סכיני גילוח פיוזן יד,יחידה,0.00,יחידה,false,,140.90,0.0000,true,1,134627
7702024074625,false,פיטנס - חטיפי קרקר חיטה מלאה 234 גרם,קומסטיבלס לה רוזה אס,CO,פיטנס חטיפי קרקר חיט,גרמים,234.00,100 גרם,false,,13.90,5.9402,true,1,130950
7702174066631,false,לקקן פין פופ 10 יח' 170 גר' וסטהיים,הדקלאים אגודת שיתופי,CO,יוגטה פינפופ לקקן 10,גרמים,180.00,100 גרם,false,,11.90,6.6111,true,1,13990
7702174068826,false,סוכריות לקקן במילוי טופי בטעמי יוגורט פירות,יוגטה yogueta,CO,יוגטה לקקן חדש 12יח,גרמים,216.00,100 גרם,false,,11.90,5.5093,true,1,13992
7702174070201,false,סוכריות לקקן במילוי טופי בטעם מסטיק,יוגטה yogueta,CO,לקקן בטעם מסטיק ממול,גרמים,216.00,100 גרם,false,,11.90,5.5093,true,1,13996
7790040420076,false,בונבון מיני אלפחורס 117 גר',,,אלפחורס עוגיות סנדבי,גרמים,117.00,100 גרם,false,,9.90,8.4615,true,1,279112
7790580412654,false,בונבוניירה בון בון צ,ארקור,AR,בון בון צהוב 270 גרם,גרמים,270.00,100 גרם,false,,18.90,7.0000,true,1,138135
7790580419738,false,ביצי שוקולד בון בון 156 גרם,,,ביצי שוקולד בון בון,גרמים,156.00,100 גרם,false,,13.90,8.9103,true,1,293487
7790580421663,false,"בון בון ריבת חלב וקרמל, 288 גרם",ארקור,AR,בון בון ריבת חלב וקר,גרמים,288.00,100 גרם,false,,21.90,7.6042,true,1,481309
7792860006218,false,סוכריות לקקנים בייבי דול Baby Doll לריטר,גוד פוד פרודקטס S.p,AR,בייבי דול לקקן 20גר,גרמים,24.00,100 גרם,false,,2.90,12.0833,true,1,14773
7800601801012,false,פלסטרים בצבע עור 100יח,,,פלסטרים 100 יח' - לי,יחידה,0.00,יחידה,false,,8.90,0.0000,true,1,269499
7891024027998,false,"קולגייט מי פה טוטאל אנטי טרטר 500 מ""ל",קולגייט פלמוליב,,קולגייט מי פה טוטל ס,מיליליטרים,500.00,"100 מ""ל",false,,32.90,6.5800,true,1,456220
8000380004676,false,קוביות וופל סנדוויץ Sandwich עם וניל וחלב,"א. לואקר, קונפקט ג'י",AT,לואקר וופל קרם וניל,גרמים,200.00,100 גרם,false,,13.90,6.9500,true,1,67584
8000380007257,false,וופל גרנדה מצופה שוקולד 200ג',קריניציה ויטמינה אס,IT,.וופל מצופה שוקולד ג,גרמים,200.00,100 גרם,false,,14.90,7.4500,true,1,14017
8000380007271,false,וופל לואקר קרם חלב 175ג',לואקר Loacker,AT,וופל לואקר חלב 175 ג,גרמים,175.00,100 גרם,false,,12.90,7.3714,true,1,67596
8000380187119,false,עוגיות אגוזי לוז 100 ג'-לואקר,לואקר Loacker,AT,עוגיות לואקר אגוזי ל,גרמים,100.00,100 גרם,false,,15.90,15.9000,true,1,275022
8000500029350,false,מארז וופל מצופה 3יח' *43 גרם קינדר בואנו,קינדר Kinder,PL,קינדר בואנו 3*43 גרם,גרמים,129.00,100 גרם,false,,12.90,10.0000,true,1,48573
8000500037874,false,בונבוניירה פררו רושה 200ג',קריות זול,IT,בונבוניירת רושר 200ג,גרמים,200.00,100 גרם,false,,29.90,14.9500,true,1,48575
8000500071083,false,אצבעות שוקולד קינדר Kinder שש עשרה יחידות,קינדר Kinder,IT,קינדר אצבעות שוקולד,גרמים,200.00,100 גרם,false,,15.90,7.9500,true,1,48576
8000500121436,false,מארז קינדר בואנו Kinder Bueno לבן שלוש יחידות,קינדר Kinder,PL,קינדר בואנו לבן 3*43,גרמים,117.00,100 גרם,false,,12.90,11.0256,true,1,48578
8000500249352,false,קינדר בואנו מיני מיקס שקית 205 ג',קינדר Kinder,PL,קינדר בואנו מיני מיק,יחידה,0.00,יחידה,false,,20.90,0.0000,true,1,94713
8000500256213,false,קינדר שוקולד מיני בשקית.,קדבורי,IT,פרר-קינדר שוקולד מינ,גרמים,120.00,100 גרם,false,,11.90,9.9167,true,1,140080
8000500366073,true,ביסקוויטים במילוי נו,,,ביסקוויטים במילוי נו,גרמים,276.00,100 גרם,false,,22.90,8.2971,true,1,517220
8001003100164,false,יוגטה סוכריות ג'לי בטעמי פירות,יוגטה yogueta,,יוגטה סוכריות ג'לי פ,גרמים,450.00,100 גרם,false,,13.90,3.0889,true,1,130185
8001090336606,false,טיטולי פמפרס בייבי דריי מידה 6 26 יח',פרוקטר אנד גמבל,DE,פמפרס בייבי דריי מיד,יחידה,0.00,יחידה,false,,33.90,0.0000,true,1,202596
8001620011935,false,מים מינרלים מוגזים שישייה בקבוק אישי,אקווה מינרלה סאן בנד,IT,סאן בנדטו מוגז 6*500,ליטרים,3.00,ליטר,false,,12.90,4.3000,true,1,10329
8001841470252,false,נוזל ניקוי כלים פייר,,,נוזל ניקוי כלים פייר,מיליליטרים,500.00,"100 מ""ל",false,,10.90,2.1800,true,1,507583
8001841470290,false,נוזל ניקוי כלים פייר,,,נוזל ניקוי כלים פייר,מיליליטרים,750.00,"100 מ""ל",false,,14.90,1.9867,true,1,507533
8001943549122,false,"צ'וקטה מטבעות שוקולד חלב, 40 גרם",צ'וקטה Chocketa,,צ`וקטה מטבעות שוקולד,גרמים,40.00,100 גרם,false,,4.90,12.2500,true,1,96726
8002205319903,false,מזון לחתולים בוגרים בטעם עוף פורינה ONE,פורינה Purina,US,פורינה ONE חתול בוגר,גרמים,800.00,100 גרם,false,,46.90,5.8625,true,1,203166
8002270436581,false,סאן פלגרינו מים מוגז,סן-פלגרינו,,סאן פלגרינו מים מוגז,ליטרים,3.00,ליטר,false,,35.70,11.9000,true,1,152442
8002270866524,false,סאן פלנגרינו מים מינ,סן פלגרינו San Pellegrino,IT,סאן פלנגרינו מים מינ,ליטרים,1.00,ליטר,false,,8.90,8.9000,true,1,10336
8003477500365,false,פרימלוצ'י קונקילייה,,,פרימלוצ'י קונקילייה,גרמים,500.00,100 גרם,false,,6.90,1.3800,true,1,486916
8003477500594,false,פרימלוצ'י פנה ריגאטה,,,פרימלוצ'י פנה ריגאטה,גרמים,500.00,100 גרם,false,,6.90,1.3800,true,1,487242
8003753900438,false,קפה טחון לאספרסו קליה בינונית,קפה לנדוור,IL,אילי אספרסו טחון בפח,גרמים,250.00,100 גרם,false,,49.90,19.9600,true,1,21905
8004030177000,false,טונה בשמן זית וצ'ילי ריו מרה מארז 80X3 גר',ריו מארה Rio Mare,,טונה בשמן זית עם צ'י,גרמים,240.00,100 גרם,false,,32.90,13.7083,true,1,127283
8004030860001,false,ירקות עם קוקוס וטונה ריו מרה אינסלטיסימי 160 ג',"בולטון אלימנטרי בע""מ",IT,קוסקוס וטונה ריו מרה,גרמים,160.00,100 גרם,false,,18.90,11.8125,true,1,23795
8005200256587,false,משקה תה בטעם אפרסק 1.5ל' NESTEA,מפעל סאנפלגרינו S.P.,IT,נסטי אפרסק 1.5 ליטר,ליטרים,1.50,ליטר,false,,9.90,6.6000,true,1,374247
8005200286584,false,משקה תה בטעם מנגו אננס 1.5 ל' NESTEA,מפעל סאנפלגרינו S.P.,IT,נסטי מנגו אננס 1.5 ל,ליטרים,1.50,ליטר,false,,9.90,6.6000,true,1,374248
8006540106709,false,אולוויז - מגן תחתון נורמל 58 יח',,,מגן תחתון מגה פק נור,יחידה,0.00,יחידה,false,,18.90,0.0000,true,1,505790
8008620009290,false,קריץ-קרקר חיטה מלאה 500 ג',,,קרקר חיטה מלאה 500 ג,גרמים,500.00,100 גרם,false,,21.90,4.3800,true,1,43174
8008660210038,false,מעדן פרי תות שדה 100% רכיבי פרי,קריניציה ויטמינה אס,IT,מעדן תות שדה 300 גר`,גרמים,300.00,100 גרם,false,,17.90,5.9667,true,1,26267
8008660210069,false,מעדן פרי אפרסק פסיפל,מנז אנד גאסר,IT,מעדן פרי אפרסק פסיפל,גרמים,300.00,100 גרם,false,,17.90,5.9667,true,1,146634
8008857601052,false,פסטה לזניה דפים רג'יה 500ג',פסטה רג'יה Pasta Reggia,,לזניה רג'יה 105 500,גרמים,500.00,100 גרם,false,,10.90,2.1800,true,1,130763
8008912010034,false,ספגטי ליגורי 500 גר',,,פסטה ספגטי מספר 3 -,גרמים,500.00,100 גרם,false,,8.90,1.7800,true,1,450769
8008912010072,false,ספגטי לינגוויני 500ג ליגורי,,,פסטה לינגוויני מספר,גרמים,500.00,100 גרם,false,,8.90,1.7800,true,1,450770
8010024006003,false,חמאת שקדים השקד 100%,,,השקד - 100% חמאת שקד,גרמים,250.00,100 גרם,false,,35.90,14.3600,true,1,278895
8023788030610,false,שוקולד חלב 300 גרם,,,שוקולד חלב 300 גרם,גרמים,300.00,100 גרם,false,,19.90,6.6333,true,1,468073
8023788030627,false,שוקולד מריר מעולה 3,,,שוקולד מריר מעולה 3,גרמים,300.00,100 גרם,false,,18.90,6.3000,true,1,468074
8023788030672,false,עוגיות מלוחות בתוספת,,,עוגיות מלוחות בתוספת,גרמים,400.00,100 גרם,false,,14.90,3.7250,true,1,497188
8076800105056,false,פסטה ספגטי בקופסה בר,ברילה Barilla,,פסטה ספגטי בקופסה בר,קילוגרמים,1.00,"ק""ג",false,,14.90,14.9000,true,1,467162
8076800195132,false,ברילה - צ.א בבטה מס13 500 גרם,ברילה גי.אי.אר פרטלי,IT,ספגטי בבטה מס' 13 בר,גרמים,500.00,100 גרם,false,,8.90,1.7800,true,1,119924
8076802085738,false,ברילה - צ.ק פנה רגטה חדש 500 גרם,ברילה גי.אי.אר פרטלי,IT,פנה רגטה מס' 73 בריל,גרמים,500.00,100 גרם,false,,8.90,1.7800,true,1,23803
8076802085981,false,ברילה - צ.ק פוזילי חדש 500 גרם,ברילה גי.אי.אר פרטלי,IT,פסטה פוזילי 98 ברילה,גרמים,500.00,100 גרם,false,,8.90,1.7800,true,1,23806
8076808060654,false,ברילה - צ.ק פרפלה חדש 500 גרם,ברילה גי.אי.אר פרטלי,IT,פסטה פרפלה 65 ברילה,גרמים,500.00,100 גרם,false,,8.90,1.7800,true,1,23808
8076809512268,false,ברילה - צ.ק גירנדולה חדש 500 גרם,ברילה גי.אי.אר פרטלי,IT,פסטה גירנדולה מס' 34,גרמים,500.00,100 גרם,false,,8.90,1.7800,true,1,23812
8076809513654,false,בסיס רוטב עגבניות לבולונז 400 ג' ברילה,ברילה גי.אי.אר פרטלי,IT,ברילה רוטב עגבניות ל,גרמים,400.00,100 גרם,false,,16.90,4.2250,true,1,23815
8076809513692,false,רוטב פסטה ברילה נפוליטנה 400ג',ברילה גי.אי.אר פרטלי,IT,ברילה רוטב נפוליטנה,גרמים,400.00,100 גרם,false,,16.90,4.2250,true,1,23816
8076809513739,false,רוטב פסטה ברילה בזיליקום 400 ג',ברילה גי.אי.אר פרטלי,IT,ברילה רוטב בזיליקום,גרמים,400.00,100 גרם,false,,16.90,4.2250,true,1,23817
8076809514774,false,ברילה איטריות ביצים פפרדלה 250ג',ברילה גי.אי.אר פרטלי,IT,ברילה פפרדלה ביצים 2,גרמים,250.00,100 גרם,false,,18.90,7.5600,true,1,119930
8076809529433,false,ברילה פנטה רגטה מחיטה מלאה 500ג',"ש. שסטוביץ בע""מ",IT,פנה רגטה מחיטה מלאה,גרמים,500.00,100 גרם,false,,18.90,3.7800,true,1,119934
8410104035112,false,"פיניש - נוזל הברקה 400 מ""ל",רקיט בנקיזר,PL,פיניש נוזל הברקה 400,מיליליטרים,400.00,"100 מ""ל",false,,9.90,2.4750,true,1,23048
8410104045111,false,"פיניש מלח למדיח כלים 2ק""ג",פ.פ.ח. שאביט,IL,"פיניש מלח למדיח 2 ק""",קילוגרמים,2.00,"ק""ג",false,,17.90,8.9500,true,1,23051
8410182420114,false,בצלצלי פנינה בחומץ ד,דליסיאס,,בצלצלי פנינה בחומץ ד,גרמים,370.00,100 גרם,false,,12.90,3.4865,true,1,74853
8423207208680,false,מרבה סלים דליס לילדים עם שוקולד חלב,ביסנצ'ורי אס.אל.יו,ES,סלים דליס קידס בציפו,גרמים,121.00,100 גרם,false,,13.90,11.4876,true,1,23852
8423207210928,false,חטיף דגנים מצופה שוקולד חלב ואגוזי לוז - 5 במארז,ביסנצ'ורי אס.אל.יו,ES,סלים דליס טופינג בטע,גרמים,90.00,100 גרם,false,,13.90,15.4444,true,1,255170
8423453905692,false,בירה ווילדר לאגר פחי,ווילדר,ES,בירה ווילדר לאגר פחי,מיליליטרים,500.00,"100 מ""ל",false,,6.90,1.3800,true,1,139340
8424842201340,false,חטיף צ'יפס רביו 130,,,חטיף צ'יפס רביו 130,גרמים,130.00,100 גרם,false,,13.90,10.6923,true,1,404513
8435495805199,false,"תינוקלין אבקת כביסה 3 ק""ג",מולינו ניקולי s.p.a,TR,אבקת כביסה תינוקלין,קילוגרמים,3.00,"ק""ג",false,,45.90,15.3000,true,1,125109
8606018615865,false,גלידת קרמל ליבת שוקולד 480 ג' מילקה,נסטלה,IL,פיינט מילקה קרמל ליב,מיליליטרים,300.00,"100 מ""ל",false,,13.90,4.6333,true,1,511225
8683323063024,false,ממתק בטעם תותי פרוטי בצורת שטיח,מוטקה החולב,TR,יוגטה חיספוסים שטיחי,גרמים,220.00,100 גרם,false,,7.90,3.5909,true,1,121270
8690637842399,false,מאגדת מגנום מיני דאבל פרי יער שוקולד 6 יח' נסטלה,יוניליוור סנאי וי סי,TR,מיני מגנום דאבל פרי,גרמים,329.00,100 גרם,false,,33.90,10.3040,true,1,116580
8690637858734,false,"סיף - ג'ל אקונומיקה לימון 750 מ""ל",יונילוור טורקיה,TR,סיף ג'ל אקונומיקה לי,מיליליטרים,750.00,"100 מ""ל",false,,14.90,1.9867,true,1,127799
8690637946301,false,"בדין - מרכך כביסה אקסטרא בייביי כחול 960 מ""ל",יוניליוור סנאיי וי ט,TR,בדין אקסטרה בייבי כ,מיליליטרים,960.00,"100 מ""ל",false,,17.90,1.8646,true,1,223777
8690777206051,false,חצילים קלויים על האש סארה 650 גר',קוראהן פזלרמה וי דיס,TR,חציל קלוי על האש סרה,גרמים,650.00,100 גרם,false,,14.90,2.2923,true,1,3799
8690946270074,false,פסטה ספגטי 500 גרם B,,,פסטה ספגטי 500 גרם B,גרמים,500.00,100 גרם,false,,4.90,0.9800,true,1,498596
8690946270111,false,פסטה פוזלי 500 גרם B,,,פסטה פוזלי 500 גרם B,גרמים,500.00,100 גרם,false,,4.90,0.9800,true,1,498597
8690946270241,false,פסטה קונכיות גדולות,,,פסטה קונכיות גדולות,גרמים,500.00,100 גרם,false,,4.90,0.9800,true,1,498598
8690946272207,false,פסטה פנה 500 גרם BAH,,,פסטה פנה 500 גרם BAH,גרמים,500.00,100 גרם,false,,4.90,0.9800,true,1,498599
8690946272320,false,פסטה מקרוני 500 גרם,,,פסטה מקרוני 500 גרם,גרמים,500.00,100 גרם,false,,4.90,0.9800,true,1,498600
8691058141238,false,ערמונים שלמים קלויים וקלופים 100 ג' Avel,,,AVEL ערמונים שלמים ק,גרמים,100.00,100 גרם,false,,4.90,4.9000,true,1,135061
8697530910743,false,סיגריות פאל מאל כחול קצר מטאליק,Unknown,,פאל מאל בלו,יחידה,0.00,יחידה,false,,31.00,0.0000,false,1,4722
8710502064814,false,עוגיות שוקולד ציפס במרקם רך 175 ג',בנקטבקריי מרבה בי.וי,NL,מרבה עוגיות שוקוציפס,גרמים,175.00,100 גרם,false,,11.90,6.8000,true,1,23881
8710502139017,false,עוגיות מרבה טריפל שוקולד שוקוצ'יפס 180ג',בנקטבקריי מרבה בי.וי,NL,מרבה עוגיות טריפל שו,גרמים,180.00,100 גרם,false,,11.90,6.6111,true,1,119942
8710502470028,false,עוגיות שוקולד צ'יפס ממולאות בקרם נוגט,קריניציה ויטמינה אס,NL,מרבה עוגיות נוגטלי 1,גרמים,160.00,100 גרם,false,,11.90,7.4375,true,1,68928
8711327475618,false,פיינט וניל קלאסיק 260 ג' מגנום,"מפעל גלידות בווספרם,",HU,גלידת שמנת בטעם וניל,מיליליטרים,304.00,"100 מ""ל",false,,23.90,7.8618,true,1,320277
8711327475717,false,מגנום פיינט וניל שקדים 440X8מל,"מפעל גלידות בווספרם,",HU,גלידת שמנת בטעם וניל,גרמים,260.00,100 גרם,false,,23.90,9.1923,true,1,320279
8712561594608,false,"דאב תחליב רחיצה להזנה עמוקה 750 מ""ל","יוניליוור גרמניה, Gm",DE,תחליב רחצה להזנה עמו,מיליליטרים,750.00,"100 מ""ל",false,,21.90,2.9200,true,1,11778
8712561611411,false,תחליב רחצה מזין בניחוח מלפפון ותה ירוק,"יוניליוור גרמניה, Gm",DE,תחליב רחצה תה ירוק ו,מיליליטרים,750.00,"100 מ""ל",false,,21.90,2.9200,true,1,11780
8712561626286,false,"דאב תחליב רחצה זוהר כמשי 750 מ""ל",יוניליוור,DE,תחליב רחצה זוהר כמשי,מיליליטרים,750.00,"100 מ""ל",false,,21.90,2.9200,true,1,11782
8714599412336,false,קפה נמס בריסטה אמריקנו קלוי וטחון 160 ג' ג'ייקובס,ג'ייקובס דאו אגברטס,RU,ג'ייקובס בריסטה אמרי,גרמים,160.00,100 גרם,false,,30.90,19.3125,true,1,375977
8714599513781,false,קפה נמס גולד מיובש בהקפאה 200 ג' ג'ייקובס,אל.אל. סי ג''יקובס ד,RU,קפה ג'יקובס גולד 200,גרמים,200.00,100 גרם,false,,30.90,15.4500,true,1,5880
8714599513866,false,"ג'ייקובס קרוננג מיובש בהקפאה כשל""פ 200 ג'",אל.אל.סי גייקובס דאו,UA,קפה ג'יקובס קרונונג,גרמים,200.00,100 גרם,false,,30.90,15.4500,true,1,5882
8714789834467,false,פלמוליב נ.כלים 1.5 ליטר-מרכז,פלמוליב Palmolive,GR,פלמוליב נוזל כלים 1.,ליטרים,1.50,ליטר,false,,16.90,11.2667,true,1,23929
8715700110141,false,מיונז קרמי היינץ צנצנת 460ג',ה.י.היינץ הולדינג בי,NL,מיונז היינץ אמיתי צנ,גרמים,460.00,100 גרם,false,,12.90,2.8043,true,1,102109
8715700419732,false,מתבל עגבניות היינץ 7,ה.י. היינץ,NL,היינץ קטשופ 700 גרם,גרמים,700.00,100 גרם,false,,14.90,2.1286,true,1,5989
8715700423906,false,קטשופ מתובל עגבניות 50% פחות סוכר 555ג' היינץ,היינץ צפון אמריקה מק,NL,מתבל עגבניות היינץ 2,גרמים,555.00,100 גרם,false,,11.90,2.1441,true,1,116247
8717163714850,false,"דאב - דאודורנט ספריי לאישה קוקוס ויסמין 150 מ""ל",דאב Dove,,דאו' ספריי אוריגינל,מיליליטרים,150.00,"100 מ""ל",false,,14.90,9.9333,true,1,381934
8718951166288,false,משחת שיניים Max White קריסטלים לבנים,הנסיך- מפעל לייצור ט,PL,קולגייט משחת שיניים,מיליליטרים,125.00,"100 מ""ל",false,,19.90,15.9200,true,1,135070
8719200997998,false,מרגרינה למריחה בישול וטיגון 200 ג' בלו בנד,יוניליוור,IL,בלו בנד לבישול וטיגו,גרמים,200.00,100 גרם,false,,4.90,2.4500,true,1,203685
8719200998018,false,מחמאה מרגרינה בטעם חמאה 200 ג' בלו בנד,פארייפאבה אגרואינדוס,IL,מחמאה מרגרינה בטעם ח,גרמים,200.00,100 גרם,false,,5.50,2.7500,true,1,203687
8719200998032,false,מזולה גלורי טעם חמאה 250ג',פארייפאבה אגרואינדוס,IL,מזולה בטעם חמאה 250,גרמים,250.00,100 גרם,false,,10.90,4.3600,true,1,203713
8722700197508,false,גלייז חומץ בלסמי 250,,,גלייז חומץ בלסמי 250,מיליליטרים,250.00,"100 מ""ל",false,,46.90,18.7600,true,1,467067
8723400756552,false,מארז סוכריות מנטוס Mentos ריינבואו,פרפטי ואן מלה ברדה,NL,RAINBOW רביעית סוכרי,גרמים,150.00,100 גרם,false,,11.90,7.9333,true,1,14138
8850389103111,false,"סאפה אלוורה ענבים 300מ""ל",סאפה פובליק קומפני ל,TH,סאפה משקה אלוורה ענב,מיליליטרים,300.00,"100 מ""ל",false,,7.90,2.6333,true,1,43023
8850389103128,false,"סאפה אלוורה תפוח 300מ""ל",סאפה פובליק קומפני ל,TH,סאפה משקה אלוורה תפו,מיליליטרים,300.00,"100 מ""ל",false,,7.90,2.6333,true,1,43024
8850389103159,false,"משקה ליצ'י עם חתיכות גלי קוקוס 320 מ""ל מוגו מוגו",סאפה פובליק קומפני ל,TH,ליצי' משקה עם חתיכות,מיליליטרים,320.00,"100 מ""ל",false,,7.90,2.4687,true,1,416020
8850389105849,false,משקה אלוורה בטעם אפרסק,סאפה פובליק קומפני ל,TH,סאפה משקה אלוורה אפר,ליטרים,1.00,ליטר,false,,14.50,14.5000,true,1,10346
8850389115336,false,סאפה מלון בקבוק תריסר 1ל',סאפה פובליק קומפני ל,TH,סאפה משקה מלון 1ל,ליטרים,1.00,ליטר,false,,14.50,14.5000,true,1,114573
8888021200720,false,סוללת אנרגייזר שמיני,יצרן: אנרג'ייזר סינג,SG,AAAאנרג'ייזר סוללות,יחידה,0.00,יחידה,false,,29.90,0.0000,true,1,6740
8901314525055,false,רביעיית מברשת שיניים,,,רביעיית מברשת שיניים,יחידה,0.00,יחידה,false,,14.90,0.0000,true,1,415272
8901537024014,false,"אורז בסמטי מובחר 1 ק""ג - דוואט) יורה דיעה",הנסיך- מפעל לייצור ט,IN,וילי פוד אורז בסמטי,גרמים,1000.00,100 גרם,false,,14.90,1.4900,true,1,3808
9000101380255,false,דיסקס לכביסה ניקיון הגייני 22 יח' פרסיל,פרסיל Persil,,פרסיל דיסקס לכביסה ל,יח',22.00,יח',false,,36.90,1.6773,true,1,346457
9000101418163,false,"סבון אסלה בניחוח מתחלף תפוח ירוק נופר, 3 יחידות",ברף Bref,,ברף בניחוח מתחלף תפו,גרמים,150.00,100 גרם,false,,21.90,14.6000,true,1,446568
9000101512526,false,פרסיל - פאוור קאפס קפסולות ג'ל מרוכזות לכביסה 26 יח',קריות זול,,פרסיל פאוור קאפס לכב,יח',26.00,יח',false,,36.90,1.4192,true,1,446479
9000101515817,false,קפסולות ג'ל כביסה לבנה וצבעונית 56 יח' פרסיל,,,פרסיל פאוור קאפס קפס,יחידה,0.00,יחידה,false,,67.90,0.0000,true,1,356679
9000101521436,false,סבון אסלה בניחוח מתחלף לוטוס במבוק 50 ג' ברף,,,כדוריות לאסלה Bref,גרמים,50.00,100 גרם,false,,10.90,21.8000,true,1,359693
9002859050725,false,תפזורת סנטה ברשת 100,GUNZ WARENHANDELS,,תפזורת סנטה ברשת 100,גרמים,100.00,100 גרם,false,,10.90,10.9000,true,1,463639
9002859056963,false,אנשי שלג משוקולד ברש,GUNZ WARENHANDELS,,אנשי שלג משוקולד ברש,גרמים,100.00,100 גרם,false,,10.90,10.9000,true,1,463569
9002859058172,false,גונץ-בננה ציפוי שוקולד מריר 300ג',GUNZ WARENHANDELS,AT,בננה ציפוי שוקולד מר,גרמים,300.00,100 גרם,false,,15.90,5.3000,true,1,463806
9002975393843,false,סוכריות הריבו גולדבר,"האריבו , ג'י.אם.בי.א",AT,סוכריות גומי בטעמי פ,גרמים,70.00,100 גרם,false,,7.90,11.2857,true,1,316966
9044400851672,false,סוכריות פז סוגים שונים + 3 מילויים,פז פרודוקשיין,HU,פז דמויות מתחלפות 25,גרמים,25.50,100 גרם,false,,11.90,46.6667,true,1,452874
9120025839896,false,חטיף מילקה מצונן 128 גר',בובארד איטליה אס.פי.,IT,חטיף מילקה מצונן 128,גרמים,128.00,100 גרם,false,,15.90,12.4219,true,1,470832
9771565051066,false,ידיעות אחרונות יום ו,,,ידיעות אחרונות יום ו,יחידה,0.00,יחידה,false,,12.00,0.0000,true,1,11004
