code,internal_code,name,manufacturer_name,manufacture_country,manufacturer_item_description,unit_qty,quantity,unit_of_measure,weighted,qty_in_package,price,unit_of_measure_price,allow_discount,status,item_id
42138105,false,וינסטון סופר סלימס כחול,jti,CH,וינסטון סופר חפ.,יחידה,1.00,יחידה,false,0,31.00,31.00,false,1,
42188889,false,מסטיק פייב אבטיח סטיקס40,ריגלי צרפת,FR,מסטיק 5 אבטיח,גרמים,40.00,100 גרם,false,0,7.40,18.50,true,1,
46024817,false,נקסט חפיסה,פיליפ מוריס,,נקסט יח',יחידה,1.00,יחידה,false,0,29.00,29.00,false,1,
72940761,false,"מילקי בטעם שוקולד 170מ""ל","שטראוס גרופ בע""\מ",IL,מילקי טעם שוקולד,מיליליטרים,170.00,"100 מ""ל",false,0,2.90,1.71,true,1,
72986370,false,"גל.וניל צרפתי כשל""פ",מוצרי איכות אמריקאיים,IL,גלידה בן & ג'ריס,מיליליטרים,500.00,"100 מ""ל",false,0,24.90,4.98,true,1,
72986479,false,"גל.צ'אנקי מאנקי כשל""פ",מוצרי איכות אמריקאיים,US,גלידה בן & ג'ר,מיליליטרים,500.00,"100 מ""ל",false,0,24.90,4.98,true,1,
72994252,false,סיגריות נקסט לילך חפ.,פיליפ מוריס,IL,סיגריות נקסט,יחידה,1.00,יחידה,false,0,29.00,29.00,false,1,
80042556,false,עגבניות חתוכות,,IT,עגבניות חתוכות,גרמים,400.00,100 גרם,false,0,6.80,1.70,true,1,
80050780,false,סוכריות טיק טק נענע 16גר,פררו,ZA,טיק טק נענע,גרמים,16.00,100 גרם,false,1,3.50,21.88,true,1,
77975088210,false,שברי בייגל גבינת צ'דר340,סניידרס,US,שברי בייגל,גרמים,340.00,100 גרם,false,0,17.70,5.21,true,1,
839762002386,false,איילנד גויאבה,,EG,איילנד גויאבה,מיליליטרים,350.00,"100 מ""ל",false,0,5.70,1.63,true,1,
884912301642,false,דגני בוקר אוראו פוסט311ג,---,US,דגני בוקר אוראו,גרמים,311.00,100 גרם,false,1,25.90,8.33,true,1,
3045140105502,false,שוקולד חלב מילקה 100 גרם,מונדלייז,DE,שוקולד חלב מילקה,גרמים,100.00,100 גרם,false,0,7.90,7.90,true,1,
3179732348913,false,מים מינרלים מוגז פרייה1ל,נסטלה ווטרס ספלאי,FR,פרייה מים מוגז,ליטרים,1.00,ליטר,false,1,9.90,9.90,true,1,
4009900426039,false,מסטיק איירוויבז מנטה64ג,ריגלי,PL,מסטיק איירוויבז,גרמים,64.00,100 גרם,false,1,11.90,18.59,true,1,
4009900426121,false,מסטיק איירוויבז אוכמנ64ג,ריגלי,PL,מסטיק איירוויבז,גרמים,64.00,100 גרם,false,1,11.90,18.59,true,1,
4009900479998,false,אורביט אוכמניות בקבוק64ג,ריגלי,PL,אורביט בקבוקון,גרמים,64.00,100 גרם,false,0,11.90,18.59,true,1,
4009900482417,false,אורביט באבל מינט בקבוק64,ריגלי,PL,אורביט באבל מינט,גרמים,64.00,100 גרם,false,0,11.90,18.59,true,1,
4009900514996,false,מסטיק אורביט תות 64 גרם,ריגלי,IL,אורביט בקבוקון,גרמים,64.00,100 גרם,false,1,11.90,18.59,true,1,
5000159376792,false,סוכריות סקיטלס חמוץ 38 ג,ריגלי ממתקים,CZ,סוכריות סקיטלס,גרמים,38.00,100 גרם,false,0,3.40,8.95,true,1,
5000159407236,false,חטיף מרס 51 גרם,מרס,NL,חטיף מרס,גרמים,51.00,100 גרם,false,0,4.60,9.02,true,1,
5000159459228,false,חטיף טוויקס 50 גרם,מרס,NL,חטיף טוויקס,גרמים,50.00,100 גרם,false,0,4.60,9.20,true,1,
5000394018846,false,2+6סוללות דורסל AAA,פרוקטר & גמבל,IL,8 סוללות דורסל,יחידה,1.00,יחידה,false,1,20.90,20.90,true,1,
5017818800116,false,"ד""ר פפר 330 מ""ל",,FR,"ד""ר פפר",מיליליטרים,330.00,"100 מ""ל",false,1,5.80,1.76,true,1,
5060319120153,false,תה קמומיל וניל אורגני30ג,אונלי נטורל פרודרטס,GB,תה קמומיל וניל,גרמים,30.00,100 גרם,false,1,17.20,57.33,true,1,
5413548040479,false,בונ.רפאלו 240 גרם,פררו,PL,בונבוניירה רפאלו,גרמים,240.00,100 גרם,false,0,15.90,6.62,true,1,
5601045300022,false,גאורנה אנטארטיקה פח330מל,סומול וקומפל אס איי,PT,גאורנה אנטארטיקה,מיליליטרים,330.00,"100 מ""ל",false,0,5.80,1.76,true,1,
7290000000022,true,עגבניה,קטיף.,IL,עגבניה,קילוגרמים,0.00,"ק""ג",true,0,7.90,7.90,true,1,
7290000000046,true,מלפפון,קטיף.,IL,מלפפונים,קילוגרמים,0.00,"ק""ג",true,0,7.90,7.90,true,1,
7290000000121,true,גזר ארוז,קטיף.,IL,גזר ארוז,קילוגרמים,0.00,"ק""ג",true,0,4.90,4.90,true,1,
7290000000411,true,שום מארז יחידה,קטיף.,XX,שום מארז יחידה,יחידה,1.00,יחידה,false,0,8.90,8.90,true,1,
7290000000480,true,בצל יבש,קטיף.,IL,בצל יבש,קילוגרמים,0.00,"ק""ג",true,0,4.90,4.90,true,1,
7290000000596,true,תפוח אדמה לבן תפזורת,קטיף.,IL,תפוח אדמה תפזורת,קילוגרמים,0.00,"ק""ג",true,0,5.90,5.90,true,1,
7290000002040,true,חלה רגילה 500 גרם,מאפית ברמן,IL,חלה רגילה,גרמים,500.00,100 גרם,false,0,5.17,1.03,true,1,
7290000002354,true,לחמנ.רגילה 75ג 235,מאפית ברמן,IL,לחמניה רגילה,יחידה,1.00,יחידה,false,0,2.00,2.00,true,1,
7290000042435,false,חלב מפוסטר 1% בקרטון 1 ל,תנובה,IL,חלב %1 בקרטון,ליטרים,1.00,ליטר,false,0,5.59,5.59,true,1,
7290000042855,false,"שוקו בשקית יוטבתה 225מ""ל",יטבתה,IL,שוקו בשקית,מיליליטרים,225.00,"100 מ""ל",false,0,2.60,1.16,true,1,
7290000043814,false,שמנת עמידה לקצפת38% 250מ,תנובה,IL,שמנת עמידה לקצפת,מיליליטרים,250.00,"100 מ""ל",false,0,6.18,2.47,true,1,
7290000048185,false,גב.לבנה רכה 5% שומן 250ג,מחלבת אלון תבור,IL,גבינה לבנה 5%,גרמים,250.00,100 גרם,false,0,4.75,1.90,true,1,
7290000048192,false,גב.לבנה רכה 9% 250 גרם,מחלבת אלון תבור,IL,גבינה לבנה 9%,גרמים,250.00,100 גרם,false,0,4.80,1.92,true,1,
7290000050447,false,יופלה תות 500 גרם,תנובה,IL,יופלה תות,גרמים,500.00,100 גרם,false,0,13.80,2.76,true,1,
7290000050454,false,יופלה אפרסק 500 גרם,תנובה בעמ,IL,יופלה אפרסק,גרמים,500.00,100 גרם,false,0,13.80,2.76,true,1,
7290000051710,false,לבנה+שמן זית וזעתר 263גר,תנובה,IL,לאבנה פיראוס,גרמים,263.00,100 גרם,false,0,14.30,5.44,true,1,
7290000052250,false,יופלהYYYפירות יער3% 500ג,תנובה בעמ,IL,יופלה YYY פ.יער,גרמים,500.00,100 גרם,false,0,13.80,2.76,true,1,
7290000056845,false,חלב טרי הומוגני3% 1.5ל',תנובה,IL,חלב תנובה 3%,ליטרים,1.50,ליטר,false,0,8.91,5.94,true,1,
7290000056906,false,יופלה לבן 1.5% 150*8גרם,מחלבת אלון תבור,IL,יופלה לבן 1.5%,קילוגרמים,1.20,"ק""ג",false,0,18.40,15.33,true,1,
7290000057477,false,חלב טרי הומוגני3% 1.5ל',---,IL,חלב טרי הומוגני,ליטרים,1.50,ליטר,false,0,8.91,5.94,true,1,
7290000060972,false,אטריות דקיקות אסם 400 גר,פסטה זארה,IT,אטריות דקיקות,גרמים,400.00,100 גרם,false,0,7.50,1.88,true,1,
7290000063102,false,קמח תופח מאליו 350 גרם,"אסם השקעות בע""\מ",IL,קמח תופח מאליו,גרמים,350.00,100 גרם,false,0,5.80,1.66,true,1,
7290000063140,false,שקדי מרק רכיבים טבעי400ג,"אסם השקעות בע""מ",IL,שקדי מרק אסם,גרמים,400.00,100 גרם,false,0,10.00,2.50,true,1,
7290000066141,false,ביסלי גריל 70 גרם,"אסם השקעות בע""\מ",IL,ביסלי גריל,גרמים,70.00,100 גרם,false,0,4.50,6.43,true,1,
7290000066165,false,ביסלי ברביקיו 67 גרם,"אסם השקעות בע""\מ",IL,ביסלי ברביקיו,גרמים,67.00,100 גרם,false,0,4.50,6.72,true,1,
7290000066264,false,דובונים-חטיפים מלוחים40ג,"אסם השקעות בע""\מ",IL,חטיפי דובונים,גרמים,40.00,100 גרם,false,0,4.90,12.25,true,1,
7290000066318,false,במבה 80 גרם,"אסם השקעות בע""\מ",IL,במבה,גרמים,80.00,100 גרם,false,0,4.90,6.13,true,1,
7290000066431,false,פופקו בטעם חמאה ודבש80גר,"אסם השקעות בע""\מ",IL,חטיף פופקו,גרמים,80.00,100 גרם,false,0,5.50,6.88,true,1,
7290000072227,false,"רוטב סויה סיני 290 מ""ל","אסם השקעות בע""\מ",IL,רוטב סויה,מיליליטרים,290.00,"100 מ""ל",false,0,10.00,3.45,true,1,
7290000074184,false,ביסקוויט פתי בר 500 גרם,"אסם השקעות בע""\מ",IL,ביסקוויט פתי בר,גרמים,500.00,100 גרם,false,0,12.00,2.40,true,1,
7290000074375,false,קרקר זהב 150 גרם,"אסם השקעות בע""\מ",IL,קרקר זהב אסם,גרמים,150.00,100 גרם,false,0,8.10,5.40,true,1,
7290000104690,false,תירס גרעינים מוקפא 800 ג,"סנפרוסט בע""\מ",IL,גרעיני תירס קפוא,גרמים,800.00,100 גרם,false,0,16.90,2.11,true,1,
7290000112220,false,טחינה גולמית 100% 500 גר,"רושדי תעשיות מזון בע""\מ",IL,טחינה גולמית,גרמים,500.00,100 גרם,false,0,17.20,3.44,true,1,
7290000120874,false,מיונז הלמנס לייט 424 גרם,יוניליוור,US,מיונז הלמנס,גרמים,424.00,100 גרם,false,0,10.00,2.36,true,1,
7290000144467,false,שמן חמניות+נוגדי חמצון1ל,שמן תעשיות,IL,שמן חמניות,ליטרים,1.00,ליטר,false,0,17.20,17.20,true,1,
7290000144474,false,שמן קנולה מועשר 1 ליטר,שמן תעשיות,IL,שמן קנולה,ליטרים,1.00,ליטר,false,0,16.50,16.50,true,1,
7290000148298,false,מיץ תפוזים סחוט קלאסי2ל,גת,IL,מיץ תפוזים סחוט,ליטרים,2.00,ליטר,false,0,24.90,12.45,true,1,
7290000170053,false,שוקולד פרה חלב 100 גרם,עלית,IL,שוקולד פרה חלב,גרמים,100.00,100 גרם,false,0,6.00,6.00,true,1,
7290000176079,false,קפה טורקי עם הל 100 גרם,עלית,IL,קפה טורקי עם הל,גרמים,100.00,100 גרם,false,0,9.90,9.90,true,1,
7290000176413,false,קפה נמס 50 גרם,עלית,IL,קפה נמס,גרמים,50.00,100 גרם,false,0,10.90,21.80,true,1,
7290000178707,false,תפוצ'יפס בטעם טבעי 50 גר,"שטראוס פריטו ליי בע""\מ )",IL,חטיף תפוצ'יפס,גרמים,50.00,100 גרם,false,0,4.30,8.60,true,1,
7290000260839,false,ספרינג משקה תפוזים 1.5ל',"יפאורה תבורי בע""\מ",IL,ספרינג תפוזים,ליטרים,1.50,ליטר,false,0,6.90,4.60,true,1,
7290000284316,false,קוקה קולה בקבוק 1.5 ליטר,החברה המרכזית לייצור משק,IL,קוקה קולה,ליטרים,1.50,ליטר,false,0,6.90,4.60,true,1,
7290000288024,false,סנו ג'אוול לימון 4 ליטר,"סנו מפעלי ברונוס בע""מ",IL,סנו JAVEL אקונומ,ליטרים,4.00,ליטר,false,0,17.50,4.38,true,1,
7290000288079,false,סנו ג'אוול לימון 2 ליטר,"סנו מפעלי ברונוס בע""מ",IL,סנו JAVEL מלבין,ליטרים,2.00,ליטר,false,0,13.60,6.80,true,1,
7290000292687,false,סנובון כחול שלישיה55*3גר,סנו מפעלי ברונו בעמ,IL,סנובון כחול 3 יח,גרמים,165.00,100 גרם,false,0,17.90,10.85,true,1,
7290000294780,false,סנו ג'אול אקונומ.סמיכה4ל,"סנו מפעלי ברונוס בע""מ",IL,סנו ג'אוול 4 ל,ליטרים,4.00,ליטר,false,0,17.50,4.38,true,1,
7290000318479,false,פרושוטו עגל 100 גרם,מעדני יחיעם,IL,פרושוטו,גרמים,100.00,100 גרם,false,0,29.90,29.90,true,1,
7290000364278,false,סלסולי סלמי איטלקי 120גר,טיב טירת צבי 2000,IL,דקניקים סלמי דק,גרמים,120.00,100 גרם,false,0,14.90,12.42,true,1,
7290000364285,false,סלסולי פסטרמה הודו 120גר,טיב טירת צבי 2000,IL,דקניקים פסטרמה,גרמים,120.00,100 גרם,false,0,14.90,12.42,true,1,
7290000408316,false,יוגורט ביו 3% דנונה 200ג,"שטראוס בריאות בע""\מ",IL,יוגורט ביו 3%,גרמים,200.00,100 גרם,false,0,3.70,1.85,true,1,
7290000468167,false,פלפל שיפקה 560 גרם,בית השיטה,IL,פלפל שיפקה,גרמים,560.00,100 גרם,false,0,8.10,1.45,true,1,
7290000480107,false,קוואקר ש.שועל פח 500גרם,עלית,GB,קוואקר שיבולת,גרמים,500.00,100 גרם,false,0,15.60,3.12,true,1,
7290000497204,false,פיתות בשקית 100*5 גרם,"י.את.א.ברמן בע""\מ",IL,פיתות ברמן 5 יח,גרמים,500.00,100 גרם,false,0,8.80,1.76,true,1,
7290000498102,false,לחמניה שמיניה מתוקה,מאפית ברמן,IL,לחמניה מתוקה,יחידה,1.00,יחידה,false,0,3.10,3.10,true,1,
7290000523224,false,מלח ים דק 500 גרם,תעשיות מלח לישראל,IL,מלח ים דק,גרמים,500.00,100 גרם,false,0,8.40,1.68,true,1,
7290000571386,false,יוגורמה מחלב כבשים5% 850,תנובה,IL,יוגורמה 5%,גרמים,850.00,100 גרם,false,0,27.90,3.28,true,1,
7290000659312,false,פילה סלמון ממותג קפוא קג,תנובה,IL,פילה סלמון,קילוגרמים,0.00,"ק""ג",true,0,73.90,73.90,true,1,
7290000692302,false,אג'קס נוז.נ.כללי כחול 2ל,קולגייט פלמוליב,GR,אג'קס ניקוי כללי,ליטרים,2.00,ליטר,false,0,24.90,12.45,true,1,
7290000963280,true,תפוח עץ סטרקינג 70,קטיף.,XX,תפוח עץ סטרקינג,קילוגרמים,0.00,"ק""ג",true,0,10.90,10.90,true,1,
7290000964300,true,תפוז,קטיף.,IL,תפוז,קילוגרמים,0.00,"ק""ג",true,0,5.90,5.90,true,1,
7290000964379,true,אשכולית לבנה,קטיף.,IL,אשכולית לבנה,קילוגרמים,0.00,"ק""ג",true,0,6.90,6.90,true,1,
7290000964492,true,לימון תפזורת,קטיף.,IL,לימון,קילוגרמים,0.00,"ק""ג",true,0,7.90,7.90,true,1,
7290000964560,true,קלמנטינה,קטיף.,IL,קלמנטינה,קילוגרמים,0.00,"ק""ג",true,0,5.90,5.90,true,1,
7290000964775,true,בננה,קטיף.,IL,בננה,קילוגרמים,0.00,"ק""ג",true,0,7.90,7.90,true,1,
7290000964980,true,אבוקדו,קטיף.,IL,אבוקדו,קילוגרמים,0.00,"ק""ג",true,0,16.90,16.90,true,1,
7290000966564,true,רימון,קטיף.,IL,רימון,קילוגרמים,0.00,"ק""ג",true,0,7.90,7.90,true,1,
7290000998251,true,תות שדה ארוז,קטיף.,IL,תות שדה ארוז,גרמים,0.00,"ק""ג",true,1,25.00,25.00,true,1,
7290001045220,false,מיץ תפוזים סחוט 2 ליטר,גניר,IL,מיץ תפוזים סחוט,ליטרים,2.00,ליטר,false,0,25.90,12.95,true,1,
7290001230234,false,כאמל סופט חפיסה,jti,CH,כאמל סופט יח',יחידה,1.00,יחידה,false,0,31.00,31.00,false,1,
7290001230739,false,כאמל כחול חפיסה חפיסה,jti,CH,כאמל כחול יח',יחידה,1.00,יחידה,false,0,31.00,31.00,false,1,
7290001305058,false,סב.נוז.פלמול.חלב דבש500מ,קולגייט פלמוליב,TR,סב.נוזלי פלמוליב,מיליליטרים,500.00,"100 מ""ל",false,0,20.70,4.14,true,1,
7290001594155,false,"קוקה קולה בפלסטיק500 מ""ל",החברה המרכזית לייצור משק,IL,קוקה קולה,מיליליטרים,500.00,"100 מ""ל",false,0,7.90,1.58,true,1,
7290001598122,false,לחם מיוחד שיפון מלא 550ג,מאפית יוסף בראון,IL,לחם מיוחד שיפון,גרמים,550.00,100 גרם,false,1,14.90,2.71,true,1,
7290001875315,false,שניצל דק טרי פרימיום קג,עוף עוז,IL,שניצל דק פרימיום,קילוגרמים,0.00,"ק""ג",true,1,44.90,44.90,true,1,
7290002008750,false,אבקת אפיה 10*10 גרם,הנמל,IL,אבקת אפיה,גרמים,100.00,100 גרם,false,0,3.50,3.50,true,1,
7290002037125,false,חלה פרוסה 500 גרם,מאפית ודש,IL,חלה פרוסה,גרמים,500.00,100 גרם,false,0,10.60,2.12,true,1,
7290002331124,false,נביעות טעם תפוח עדין500מ,נביעות טבע הגליל בעמ,IL,נביעות תפוח,מיליליטרים,500.00,"100 מ""ל",false,0,7.00,1.40,true,1,
7290002331148,false,נביעות+טעם תפוח 1.5 ליטר,נביעות טבע הגליל בעמ,IL,נביעות+תפוח,ליטרים,1.50,ליטר,false,0,8.80,5.87,true,1,
7290002331179,false,נביעות+טעם אפרסק 1.5ליטר,נביעות טבע,IL,נביעות+אפרסק,ליטרים,1.50,ליטר,false,0,8.80,5.87,true,1,
7290002371533,false,סלסולי פסטרמה דבש 120 גר,טיב טירת צבי 2000,IL,סלסולי פסטרמה,גרמים,120.00,100 גרם,false,0,14.90,12.42,true,1,
7290002439998,false,קלאסיקו קבב בקר וכבש אלג,---,IL,קלאסיקו קבב,גרמים,400.00,100 גרם,false,1,25.90,6.48,true,1,
7290002541370,false,משקה סויה אלפרו 1 ליטר,אלפרו,BE,משקה סויה אלפרו,ליטרים,1.00,ליטר,false,0,14.90,14.90,true,1,
7290002661924,false,לחמניות מזונות ברמן 540ג,מאפית ברמן,IL,לחמניות מזונות,גרמים,540.00,100 גרם,false,1,12.90,2.39,true,1,
7290002663829,false,שוופס ביטר לימון 1.5ליטר,"יפאורה תבורי בע""\מ",IL,שוופס ביטר לימון,ליטרים,1.50,ליטר,false,0,10.30,6.87,true,1,
7290002752349,false,סוכ. מנטוס מנטה 37.5 גרם,פרפטי ואן מלה,NL,סוכריות מנטוס,גרמים,37.00,100 גרם,false,0,4.00,10.81,true,1,
7290002812522,false,פרלמנט ארוך RCB חפיסה,פיליפ מוריס,,פרלמנט ארוך יח,יחידה,1.00,יחידה,false,0,38.90,38.90,false,1,
7290002814928,false,פרלמנט קצר בודד,פיליפ מוריס,IL,פרלמנט קצר בודד,יחידה,1.00,יחידה,false,0,38.90,38.90,false,1,
7290002824183,false,גב.סקי משפחתי5%שומן500ג,"שטראוס בריאות בע""\מ",IL,גבינת סקי 5%,גרמים,500.00,100 גרם,false,0,9.50,1.90,true,1,
7290002824640,false,גב.סקי5%לבנה מעודנת250ג,"שטראוס בריאות בע""\מ",IL,גבינת סקי 5%,גרמים,250.00,100 גרם,false,0,4.75,1.90,true,1,
7290002827029,false,מרלבורו גולדן רד KS חפ.,פיליפ מוריס,IL,מרלבורו גולדן חפ,יחידה,1.00,יחידה,false,0,33.50,33.50,false,1,
7290002871477,false,פריגת אשכוליות 1.5 ליטר,מבשלות בירה בינלאומיות ב,IL,פריגת אשכוליות,ליטרים,1.50,ליטר,false,0,7.80,5.20,true,1,
7290002881920,false,מרלבורו גולד 100 בוקס,פיליפ מוריס,IL,מרלבורו גולד,יחידה,1.00,יחידה,false,0,33.50,33.50,false,1,
7290002886925,false,מרלבורו גולד קצר בוקס,פיליפ מוריס,US,מרלבורו גולד קצר,יחידה,1.00,יחידה,false,0,33.50,33.50,false,1,
7290003029181,false,שוקו יטבתה בבקבוק 1 ליטר,מחלבת יטבתה,IL,שוקו יטבתה,ליטרים,1.00,ליטר,false,0,12.00,12.00,true,1,
7290003072750,false,נתחוני עוף בתיבול שוארמה,טיב טירת צבי 2000,IL,נתחוני עוף שוארמ,גרמים,300.00,100 גרם,false,1,34.90,11.63,true,1,
7290003643387,false,"סוכר לבן צנצנת 1 ק""ג","סוגת תעשיות בע""מ",IL,סוכר לבן צנצנת,קילוגרמים,1.00,"ק""ג",false,0,8.90,8.90,true,1,
7290003864485,false,סרדינים ברוטב,,TH,סרדינים ברוטב,גרמים,110.00,100 גרם,false,0,6.30,5.73,true,1,
7290004030025,false,מיץ תפוזים סחוט שמוטי2ל,פרי ניב,IL,מיץ תפוזים סחוט,ליטרים,2.00,ליטר,false,0,25.90,12.95,true,1,
7290004030032,false,מיץ תפוזים סחוט ולנסיה2ל,פרי ניב,IL,מיץ תפוזים סחוט,ליטרים,2.00,ליטר,false,0,25.90,12.95,true,1,
7290004122195,false,גוש חלב פרוס28% 200מהדרי,תנובה,IL,גבינה גוש חלב,גרמים,200.00,100 גרם,false,0,14.60,7.30,true,1,
7290004125370,false,שמנת חמוצה 9% שומן 200מל,תנובה,IL,שמנת חמוצה 9%,מיליליטרים,200.00,"100 מ""ל",false,0,3.70,1.85,true,1,
7290004125509,false,שמנת חמוצה15% חצי מנה100,תנובה,IL,שמנת חמוצה 15%,מיליליטרים,100.00,"100 מ""ל",false,0,1.70,1.70,true,1,
7290004125721,false,שמנת בישול-15%שף לבן250מ,תנובה,IL,שמנת לבישול15%,מיליליטרים,250.00,"100 מ""ל",false,0,8.30,3.32,true,1,
7290004126872,false,"שוקו תנובה בקבוק 250 מ""ל",תנובה,IL,שוקו בקבוק,מיליליטרים,250.00,"100 מ""ל",false,0,5.80,2.32,true,1,
7290004127077,false,קוטג' תנובה 3% שומן 250,מחלבת אלון תבור,IL,קוטג' 3% שומן,גרמים,250.00,100 גרם,false,0,5.70,2.28,true,1,
7290004127329,false,קוטג' 5% 250 גרם בעלז,מחלבת אלון תבור,IL,קוטג' תנובה 5%,גרמים,250.00,100 גרם,false,0,5.70,2.28,true,1,
7290004127336,false,קוטג' תנובה 9% שומן 250ג,מחלבת אלון תבור,IL,קוטג' תנובה 9%,גרמים,250.00,100 גרם,false,0,5.70,2.28,true,1,
7290004127817,false,גב.לבנה 9% שומן 500 גרם,מחלבת אלון תבור,IL,גבינה לבנה 9%,גרמים,500.00,100 גרם,false,0,9.50,1.90,true,1,
7290004129156,false,גב.נפולאון שום-שמיר 225ג,מחלבת אלון תבור,IL,גבינת נפוליאון,גרמים,225.00,100 גרם,false,0,15.00,6.67,true,1,
7290004129668,false,יופלה+מכסה פצפוצי שוק167,תנובה בעמ,IL,יופלה+פצפוצי שוק,גרמים,167.00,100 גרם,false,0,6.00,3.59,true,1,
7290004131074,false,חלב בקרטון 3% שומן 1 ל',---,IL,חלב בקרטון 3%,ליטרים,1.00,ליטר,false,0,5.94,5.94,true,1,
7290004134198,false,"משקה בננה בקבוק 250 מ""ל",תנובה,IL,משקה בננה בקבוק,מיליליטרים,250.00,"100 מ""ל",false,0,5.80,2.32,true,1,
7290004136130,false,"שוקו תנובה בקבוק 340 מ""ל",תנובה,IL,שוקו תנובה בקבוק,מיליליטרים,340.00,"100 מ""ל",false,0,7.00,2.06,true,1,
7290004137021,false,שמנת לבישול 10%שומן250מ,תנובה,IL,שמנת לבישול10%,מיליליטרים,250.00,"100 מ""ל",false,0,8.30,3.32,true,1,
7290004485788,false,שניצל טבעוף טרי ארוז קג,טבעוף,IL,שניצל טבעוף טרי,קילוגרמים,0.00,"ק""ג",true,1,46.90,46.90,true,1,
7290004485801,false,כרעיים טבעוף טרי ארוז קג,טבעוף,IL,כרעיים טבעוף טרי,קילוגרמים,0.00,"ק""ג",true,1,39.90,39.90,true,1,
7290004485818,false,שוקיים טבעוף טרי ארוז קג,טבעוף,IL,שוקיים טבעוף טרי,קילוגרמים,0.00,"ק""ג",true,1,44.90,44.90,true,1,
7290004554781,false,אסקימו לימון יח,שטראוס,IL,אסקימו לימון יח,יחידה,1.00,יחידה,false,0,3.00,3.00,true,1,
7290004584528,false,יוגורט ביו 1.7%דנונה200ג,"שטראוס בריאות בע""\מ",IL,יוגורט ביו 1.7%,גרמים,200.00,100 גרם,false,0,3.70,1.85,true,1,
7290004685010,false,לחם 100% שיפון קל 500 גר,"י.את.א.ברמן בע""\מ",IL,לחם שיפון קל,גרמים,500.00,100 גרם,false,0,16.90,3.38,true,1,
7290004685430,false,לחם הארץ כוסמין100% 500ג,"י.את.א.ברמן בע""\מ",IL,לחם הארץ כוסמין,גרמים,500.00,100 גרם,false,1,16.90,3.38,true,1,
7290005008191,false,פלמולי.נוז.ארומה-סגול500,קולגייט פלמוליב,TR,סב.נוזלי פלמוליב,מיליליטרים,500.00,"100 מ""ל",false,0,20.70,4.14,true,1,
7290005200786,false,תפוצ'יפס ט.שמנת ובצל50גר,"שטראוס פריטו ליי בע""\מ )",IL,תפוצ'יפס שמנת,גרמים,50.00,100 גרם,false,0,4.30,8.60,true,1,
7290005271687,false,ביצים אומגהL 3,,IL,ביצים אומגהL 3,יחידה,1.00,יחידה,false,0,21.90,21.90,true,1,
7290005287251,false,טונה סטארקיסט במים160*4ג,סטארקיסט,IL,טונה סטארקיסט4יח,גרמים,640.00,100 גרם,false,0,25.90,4.05,true,1,
7290005423253,false,"מקסימה למייבש פרש 750מ""ל","סנו מפעלי ברונוס בע""\מ",IL,מקסימה למייבש,מיליליטרים,750.00,"100 מ""ל",false,0,17.90,2.39,true,1,
7290005423543,false,משחת אורביטול להלבנה145ג,קוסמופארם,IL,משחת שיניים,גרמים,145.00,100 גרם,false,0,15.10,10.41,true,1,
7290005610509,false,צנונית יחידה,קטיף.,IL,צנונית -יח',יחידה,1.00,יחידה,false,0,5.90,5.90,true,1,
7290005992575,false,גב.בולגרית למריחה5% 250ג,מחלבות גד,IL,בולגרית למריחה,גרמים,250.00,100 גרם,false,0,18.20,7.28,true,1,
7290006459503,false,"כוסות ח""פ שתיה קרה 330CC",,CN,"כוסות ח""פ 40 יח",יחידה,1.00,יחידה,false,1,6.90,6.90,true,1,
7290006764065,false,בירה נשר מאלט בק.חוזר500,טמפו,IL,בירה נשר מאלט,מיליליטרים,500.00,"100 מ""ל",false,0,4.90,0.98,true,1,
7290008021111,false,מרכ.פינוק יבש מאוד 700מל,יוניליוור ישראל טיפוח אי,IL,מרכך שיער פינוק,מיליליטרים,700.00,"100 מ""ל",false,0,12.90,1.84,true,1,
7290008464611,false,"הסודה של טמפו 275 מ""ל",טמפו משקאות בעמ,IL,הסודה של טמפו,מיליליטרים,275.00,"100 מ""ל",false,1,3.90,1.42,true,1,
7290008690713,false,אושן ספריי חמוציות 1ליטר,---,IL,אושן ספריי,ליטרים,1.00,ליטר,false,0,9.90,9.90,true,1,
7290008693134,false,דניאלה תות מוקצף5% 150מ,"שטראוס גרופ בע""\מ",IL,דניאלה תות מוקצף,מיליליטרים,150.00,"100 מ""ל",false,0,4.30,2.87,true,1,
7290008745239,false,תפוצ'יפס קראנצ' טעם טבעי,"שטראוס פריטו ליי בע""\מ )",IL,תפוצ'יפס קראנצ',גרמים,50.00,100 גרם,false,0,4.30,8.60,true,1,
7290008801850,false,אמרלד ריזלינג סלקטד750מל,יקבי כרמל,IL,אמרלד ריזלינג,מיליליטרים,750.00,"100 מ""ל",false,0,29.90,3.99,true,1,
7290009955019,true,משקה מצונן,,IL,משקה מצונן,ליטרים,1.50,ליטר,false,0,9.90,6.60,true,1,
7290010237623,false,בירה נשר מאלט 1.5 ליטר,"טמפו משקאות בע""מ",IL,נשר מאלט,ליטרים,1.50,ליטר,false,0,7.90,5.27,true,1,
7290010237890,false,בירה הייניקן בק.חוזר500מ,היינקן,IL,בירה הייניקן,מיליליטרים,500.00,"100 מ""ל",false,0,10.00,2.00,true,1,
7290010569120,false,פסק זמן קרנץ יח,שטראוס,IL,פסק זמן קרנץ יח,יחידה,1.00,יחידה,false,0,10.00,10.00,true,1,
7290011051396,false,שוופס מוגז עדין אפרסק,"יפאורה תבורי בע""\מ",IL,שוופס אפרסק,ליטרים,1.50,ליטר,false,0,7.10,4.73,true,1,
7290011051488,false,תה ספרינג אפרסק 1.5 ליטר,"יפאורה תבורי בע""\מ",IL,ספרינג תה אפרסק,ליטרים,1.50,ליטר,false,0,7.10,4.73,true,1,
7290011051525,false,"ספרינג תה אפרסק 500 מ""ל",יפאורה תבורי בעמ,IL,ספרינג תה,מיליליטרים,500.00,"100 מ""ל",false,0,5.50,1.10,true,1,
7290011051532,false,ספרינג תה לימ/לואיז500מל,יפאורה שותפות מובגלת לשי,IL,ספרינג תה,מיליליטרים,500.00,"100 מ""ל",false,0,7.10,1.42,true,1,
7290011607180,false,א.כביסה קולון 1.25 קג,רקיט בנקיזר,IL,אבקת כביסה קולון,קילוגרמים,1.25,"ק""ג",false,0,14.90,11.92,true,1,
7290011765446,false,משחה אורביטול ענבים 70 ג,טרופיקל דגיל תעשיות קוסמ,IL,משחת שיניים,גרמים,70.00,100 גרם,false,0,8.90,12.71,true,1,
7290012030499,false,ל.מ. בלו לייבל קצר בוקס,פיליפ מוריס,TR,ל.מ. בלו לייבל,יחידה,1.00,יחידה,false,1,30.50,30.50,false,1,
7290012086113,false,עגבניה שרי אשכולות מובחר,---,IL,שרי אשכולות יח,יחידה,1.00,יחידה,false,0,10.90,10.90,true,1,
7290012117435,false,קרמה ג'ל רחצה אלוורה700מ,קוסמופארם,IL,קרמה ג'ל רחצה,מיליליטרים,700.00,"100 מ""ל",false,0,19.70,2.81,true,1,
7290012117558,false,מרכ.מקסימה ס.מרוכז מסק1ל,"סנו מפעלי ברונוס בע""\מ",IL,מקסימה ס.מרוכז,ליטרים,1.00,ליטר,false,0,17.90,17.90,true,1,
7290012227974,false,פסטרמה בדבש דק דק דק,זוגלובק,IL,פסטרמה בדבש דק,גרמים,120.00,100 גרם,false,1,14.90,12.42,true,1,
7290012404146,false,שוופס מוגז תפוחים1.5ל',"יפאורה תבורי בע""\מ",IL,שוופס תפוחים,ליטרים,1.50,ליטר,false,0,7.20,4.80,true,1,
7290012759529,false,טראפלס שקדים וטחינה280ג,,IL,טראפלס שקדים,גרמים,280.00,100 גרם,false,1,31.90,11.39,true,1,
7290013702036,false,שוופס מים ט.אפרסק 500 מל,יפאורה תבורי בעמ,IL,שוופס מים אפרסק,מיליליטרים,500.00,"100 מ""ל",false,0,5.50,1.10,true,1,
7290014759985,false,קולאז' פרמזן,,IL,קולאז' פרמזן,גרמים,200.00,100 גרם,false,0,27.50,13.75,true,1,
7290014762800,false,מעדן סויה טעם שוקולד125ג,סוי מג'יק,IL,מעדן סויה ט.שוקו,גרמים,125.00,100 גרם,false,1,4.70,3.76,true,1,
7290014763272,false,משקה סויה ביו תות בנ250מ,סוי מג'יק,IL,משקה סויה ביו,מיליליטרים,250.00,"100 מ""ל",false,1,6.90,2.76,true,1,
7290014763579,false,מעדן סויה ביו פ.יער125גר,---,IL,מעדן סויה ביו,גרמים,125.00,100 גרם,false,1,4.70,3.76,true,1,
7290014791787,false,פרוט ווטר אננס 1.5 ליטר,"יפאורה תבורי בע""\מ",IL,פרוט ווטר אננס,ליטרים,1.50,ליטר,false,1,7.70,5.13,true,1,
7290014860094,false,מקלוני אורז,,TH,מקלוני אורז,גרמים,454.00,100 גרם,false,0,9.80,2.16,true,1,
7290015597876,false,סולרו בוסט מנגו פסיפלורה,שטראוס,IL,סולרו מנגו פסיפ,יחידה,1.00,יחידה,false,1,8.00,8.00,true,1,
7290016509809,false,פרסיל ג'ל קולור2.5 ליטר,"הנקל סוד בע""\מ",IL,פרסיל ג'ל כביסה,ליטרים,2.50,ליטר,false,1,35.90,14.36,true,1,
7290016509830,false,פרסיל ג'ל בייבי 2.5 ליטר,"הנקל סוד בע""\מ",IL,פרסיל ג'ל בייבי,ליטרים,2.50,ליטר,false,1,35.90,14.36,true,1,
7290016682038,false,מיץ תפוזים100% סחוט 400מ,פריניב,IL,מיץ תפוזים סחוט,מיליליטרים,400.00,"100 מ""ל",false,1,8.90,2.23,true,1,
7290017142388,false,שמן חמניות+אומגה 3 1ליטר,שמן תעשיות בעמ,IL,חמניות פלוס,ליטרים,1.00,ליטר,false,1,17.70,17.70,true,1,
7290017888620,false,שוופס מי טוניק 4 * 250 מ,יפאורה תבורי בעמ,IL,4שוופס מי טוניק,ליטרים,1.00,ליטר,false,1,16.00,16.00,true,1,
7290018038000,false,פיצה מרגריטה טבעונית380ג,פרוזן פקטורי,IL,פיצה מרגריטה,גרמים,380.00,100 גרם,false,1,20.00,5.26,true,1,
7290100243671,false,"בדין אקסטרה כחול 960 מ""ל",יוניליוור,TR,מרכך כביסה בדין,מיליליטרים,960.00,"100 מ""ל",false,0,17.90,1.86,true,1,
7290100243688,false,"בדין אקסטרה ורוד 960 מ""ל",יוניליוור,TR,מרכך כביסה בדין,מיליליטרים,960.00,"100 מ""ל",false,0,17.90,1.86,true,1,
7290100680711,false,פירורית זהב 350 גרם,עינת תעשיות,IL,פירורית זהב אסם,גרמים,350.00,100 גרם,false,0,9.50,2.71,true,1,
7290100687109,false,במבה נוגט 60 גרם,"אסם השקעות בע""\מ",IL,במבה נוגט,גרמים,60.00,100 גרם,false,0,5.50,9.17,true,1,
7290100703007,false,עדשים שחורות בלוגה 500ג,"סוגת תעשיות בע""מ",IL,עדשים שחורות,גרמים,500.00,100 גרם,false,1,9.90,1.98,true,1,
7290100850916,false,דוריטוס חמוץ חריף 70 גרם,"שטראוס פריטו ליי בע""\מ )",IL,דוריטוס חמוץ ח,גרמים,70.00,100 גרם,false,0,4.10,5.86,true,1,
7290101864127,false,מסיר כתמים קליה 750,רקיט בנקיזר,IL,קליה ספריי,מיליליטרים,750.00,"100 מ""ל",false,0,19.90,2.65,true,1,
7290101866633,false,מסיר כתמים ג'ל וניש קליה,רקיט בנקיזר,IL,מסיר כתמים וניש,ליטרים,3.00,ליטר,false,0,27.90,9.30,true,1,
7290102390465,false,יוג.קציפת אפרסק+פסיפל150,טרה,IL,יוגורט מולר,מיליליטרים,150.00,"100 מ""ל",false,0,5.20,3.47,true,1,
7290102396979,false,יוגורט סימפלי אננס0% 150,טרה,IL,יוגורט אננס,גרמים,150.00,100 גרם,false,1,5.00,3.33,true,1,
7290105500151,false,וודקה פינלנדיה,,FI,וודקה פינלנדיה,מיליליטרים,700.00,"100 מ""ל",false,0,59.90,8.55,true,1,
7290105500236,false,וויסקי ג'ק דניאל,,US,וויסקי ג'ק דניאל,מיליליטרים,700.00,"100 מ""ל",false,0,109.90,15.70,true,1,
7290105695024,false,פתיתים אורז ואטריות500ג,"אסם השקעות בע""\מ",IL,פתיתים אפויים,גרמים,500.00,100 גרם,false,0,7.80,1.56,true,1,
7290106571921,false,עוגיות חמוציות פיטנס180ג,אסם,IL,עוגיות פיטנס,גרמים,180.00,100 גרם,false,0,12.90,7.17,true,1,
7290107647823,false,ברנפלקס תלמה 500 גרם,יוניליוור ישראל מזון בעמ,IL,ברנפלקס תלמה,גרמים,500.00,100 גרם,false,1,26.00,5.20,true,1,
7290107932080,false,חלב מועשר3% בקבוק 1ליטר,מחלבת יטבתה,IL,חלב מועשר 3%,ליטרים,1.00,ליטר,false,1,7.90,7.90,true,1,
7290107944472,false,סימפוניה שום שמיר5% 200ג,"שטראוס בריאות בע""\מ",IL,גבינת סימפוניה,גרמים,200.00,100 גרם,false,1,12.40,6.20,true,1,
7290107976855,false,סב.נוזלי לומינוס אבק500מ,קולגייט פלמוליב,TR,סבון נוזלי,מיליליטרים,500.00,"100 מ""ל",false,1,20.70,4.14,true,1,
7290110320775,false,משקה יוגורט קלאסי 107*8ג,מחלבת אלון תבור,IL,משקה יוגורט 8 יח,גרמים,856.00,100 גרם,false,1,17.40,2.03,true,1,
7290110322038,false,טופו פיקנטי 300 גרם,א.י.ן תעשיות,IL,טופו פיקנטי,גרמים,300.00,100 גרם,false,1,12.90,4.30,true,1,
7290110323585,false,יופלה GO דובדבן0.7% 200ג,תנובה בעמ,IL,יופלה GO דובדבן,גרמים,200.00,100 גרם,false,1,5.90,2.95,true,1,
7290110323608,false,יופלה GO פ.יער0.7% 200גר,תנובה בעמ,IL,יופלה GO פ.יער,גרמים,200.00,100 גרם,false,1,5.90,2.95,true,1,
7290110324636,false,יוגורט2%פירות יער+קש200ג,"תנובה בע""\מ",IL,יוגורט עם קש,גרמים,200.00,100 גרם,false,1,6.90,3.45,true,1,
7290111350368,false,לקקן צ'ופה בטעם פירות1יח,צ'ופה צ'ופס,ES,לקקן צ'ופה,יחידה,1.00,יחידה,false,1,1.50,1.50,true,1,
7290111351327,false,תערובת אגוזים קלויים 100,פרומניו,IL,תערובת אגוזים,גרמים,100.00,100 גרם,false,1,10.00,10.00,true,1,
7290111568275,false,נודלס אטריות אורז רחב300,אסם,TH,נודלס אטריות,גרמים,300.00,100 גרם,false,1,11.90,3.97,true,1,
7290112336620,false,רבע לשבע שלוק שוק.חלב120,"הגביע מוצרי וופלים בע""\מ",IL,רבע לשבע,גרמים,120.00,100 גרם,false,1,10.00,8.33,true,1,
7290112346889,false,דנונה פרו 15גר+אפרסק205ג,"שטראוס בריאות בע""\מ",IL,דנונה פרו אפרסק,גרמים,205.00,100 גרם,false,1,6.20,3.02,true,1,
7290112494276,false,קליק כריות 65 גרם,יוניליוור,IL,קליק כריות,גרמים,65.00,100 גרם,false,1,6.40,9.85,true,1,
7290112494313,false,קליק קורנפלקס 65 גרם,יוניליוור,IL,קליק קורנפלקס,גרמים,65.00,100 גרם,false,1,6.40,9.85,true,1,
7290112495013,false,כריות נוגט פחות סוכר686ג,יוניליוור שפע ישראל בעמ,IL,כריות נוגט,גרמים,686.00,100 גרם,false,1,27.90,4.07,true,1,
7296073005841,false,אפונה ירוקה שופרסל500גרם,מיה,IL,אפונה ירוקה,גרמים,500.00,100 גרם,false,0,6.50,1.30,true,1,
7296073005865,false,גריסי פנינה שופרסל500גרם,מיה,IL,גריסי פנינה,גרמים,500.00,100 גרם,false,0,5.90,1.18,true,1,
7296073005872,false,חומוס גדול שופרסל 500גרם,מיה,IL,חומוס גדול,גרמים,500.00,100 גרם,false,0,6.90,1.38,true,1,
7296073058991,false,מוזלי שופרסל 500 גרם,בריגן קי ג'י,DE,מוזלי שופרסל,גרמים,500.00,100 גרם,false,0,12.90,2.58,true,1,
7296073074441,false,פתי בר שוקו גדול שופר500,שופרסל,IL,פתי בר שוקו,גרמים,500.00,100 גרם,false,0,9.50,1.90,true,1,
7296073079019,false,פריכיות דק.קצח 100ג שופר,פרח,IL,פריכיות דקות,גרמים,100.00,100 גרם,false,0,7.40,7.40,true,1,
7296073079866,false,עגבניות מרוסקות שופר800ג,פריניר,IL,עגבניות מרוסקות,גרמים,800.00,100 גרם,false,0,6.80,0.85,true,1,
7296073079903,false,רסק עגבניות 22%שופר100ג,פריניר,IL,רסק עגבניות,גרמים,100.00,100 גרם,false,0,1.90,1.90,true,1,
7296073080497,false,שעועית אפויה שופרסל 570ג,פרי גליל,IL,שעועית אפויה,גרמים,570.00,100 גרם,false,0,6.60,1.16,true,1,
7296073080510,false,חומוס שלם שופרסל 560 גרם,פרי גליל,IL,חומוס שלם,גרמים,560.00,100 גרם,false,0,6.10,1.09,true,1,
7296073080534,false,תירס מתוק שופרסל 550 גרם,פרי גליל,IL,תירס גרעינים,גרמים,550.00,100 גרם,false,0,6.30,1.15,true,1,
7296073080558,false,תירס לייט שופרסל 550 גרם,פרי גליל,IL,תירס לייט,גרמים,550.00,100 גרם,false,0,7.50,1.36,true,1,
7296073091585,false,שקדים קלופים טבעיים,ששון,IL,שקד קלוף טבעי,גרמים,200.00,100 גרם,false,0,18.90,9.45,true,1,
7296073103820,false,תפוח אדמה לטיגון ארוז,---,IL,"תפו""א לטיגון",קילוגרמים,0.00,"ק""ג",true,0,5.90,5.90,true,1,
7296073108269,false,עלי חסה ערבית שטופים,פרסקו,IL,עלי חסה ערבית,גרמים,250.00,100 גרם,false,0,9.90,3.96,true,1,
7296073108344,false,לקט קלאסי שטוף350גרם,פרסקו,IL,לקט קלאסי שטוף,גרמים,350.00,100 גרם,false,0,10.50,3.00,true,1,
7296073118770,false,עלי בייבי שטופים 300גרם,פרסקו,IL,עלי בייבי שטופים,גרמים,300.00,100 גרם,false,0,13.90,4.63,true,1,
7296073121176,false,תמר חלאוי 400ג שופרסל,הדיקלאים,IL,תמר חלאוי400גרם,גרמים,400.00,100 גרם,false,0,13.90,3.48,true,1,
7296073123729,false,"תמצית וניל שופרסל 50 מ""ל",מיה,IL,תמצית וניל,מיליליטרים,50.00,"100 מ""ל",false,0,4.40,8.80,true,1,
7296073124382,false,ספגטיני מספר 3 שופרסל500,שופרסל,IT,ספגטיני מס' 3,גרמים,500.00,100 גרם,false,0,4.90,0.98,true,1,
7296073125822,false,שמן חמניות שופרסל 1 ליטר,NV AOR,BE,שמן חמניות,ליטרים,1.00,ליטר,false,0,12.90,12.90,true,1,
7296073141006,false,24 תחבושות סופר+ שופרסל,קוראטקס,DE,תחבושות שופרסל,יחידה,1.00,יחידה,false,0,9.90,9.90,true,1,
7296073151463,false,פריכיות דקות דל נתרן100ג,שופרסל,IL,פריכיות דקות,גרמים,100.00,100 גרם,false,0,7.40,7.40,true,1,
7296073151470,false,פריכיות קטנות 3דגנים 50ג,שופרסל,IL,פריכיות קטנות,גרמים,50.00,100 גרם,false,0,8.50,17.00,true,1,
7296073153849,false,זוג רדידי אלומיניום 7.2X,שופרסל,IL,זוג רדידי אלומינ,מטרים,30.00,מטר,false,0,9.90,0.33,true,1,
7296073161721,false,נייר אפיה 50 יח' 42X38 ס,שופרסל,IL,נייר אפיה,יחידה,1.00,יחידה,false,0,9.90,9.90,true,1,
7296073170891,false,צ'יפס זיגזג שופרסל 1.5קג,תפוגן,IL,צ'יפס זיגזג,קילוגרמים,1.50,"ק""ג",false,0,27.90,18.60,true,1,
7296073173229,false,שעועית ירוקה חתוכה שופרס,ARDO,BE,שעועית ירוקה,גרמים,800.00,100 גרם,false,0,17.90,2.24,true,1,
7296073180203,false,עלי רוקט שטופים 150גרם,פרסקו,IL,עלי רוקט150ג',גרמים,150.00,100 גרם,false,0,9.50,6.33,true,1,
7296073215967,false,שוםגבישי,,IL,שוםגבישי,גרמים,100.00,100 גרם,false,0,11.00,11.00,true,1,
7296073219347,false,לחם אחיד פרוס750ג שופרסל,מאפית ברמן,IL,לחם אחיד פרוס,גרמים,750.00,100 גרם,false,0,7.11,0.95,true,1,
7296073221326,false,"כפית קרם 100 יח,' 1.4גרם",,IL,"כפית קרם ח""פ",יחידה,1.00,יחידה,false,0,8.90,8.90,true,1,
7296073223993,false,מזון חתולים,,IL,מזון חתולים,גרמים,400.00,100 גרם,false,0,8.00,2.00,true,1,
7296073224815,false,מרכך מרוכז כחול,,IL,מרכך מרוכז כחול,ליטרים,1.00,ליטר,false,0,11.90,11.90,true,1,
7296073225249,false,גרעין חמניה לא תוספת מלח,ששון,IL,גרעין חמניה,גרמים,200.00,100 גרם,false,0,7.80,3.90,true,1,
7296073225454,false,פטל שחור קפוא שופרסל 300,d.o.o Lukowa,RS,פטל שחור קפוא,גרמים,300.00,100 גרם,false,0,16.90,5.63,true,1,
7296073225508,false,כוס שתיה חמה גדולה 300מל,,CN,כוסות קפה גדולות,יחידה,1.00,יחידה,false,0,12.90,12.90,true,1,
7296073230410,false,כוס שתיה חמה,,IL,כוס שתיה חמה,יחידה,1.00,יחידה,false,0,8.90,8.90,true,1,
7296073230656,false,מגבות נייר שופרסל 6 גל.,שניב תעשיות נייר,IL,מגבות נייר,מטרים,63.00,מטר,false,0,9.90,0.16,true,1,
7296073231547,false,חלב 1% בקרטון שופרסל 1ל,מחלבות רמת הגולן,IL,חלב 1% קרטון 1ל',ליטרים,1.00,ליטר,false,1,5.40,5.40,true,1,
7296073232391,false,"סוכר לבן שופרסל 1 ק""ג","אגרנה צוקר בע""מ",PL,סוכר לבן,קילוגרמים,1.00,"ק""ג",false,1,4.80,4.80,true,1,
7296073237556,false,ממחטות אף 100*5 יח',שניב תעשיות נייר,IL,ממחטות אף100*5יח,יחידה,1.00,יחידה,false,1,12.90,12.90,true,1,
7296073237747,false,חמאה הולנדית 200 גרם,SPRL MATHOT,BE,חמאה הולנדית,גרמים,200.00,100 גרם,false,1,7.60,3.80,true,1,
7296073241324,false,אננס פרוסות 850 גרם,CANNING FRUIT KUIBURI,TH,אננס פרוסות,גרמים,850.00,100 גרם,false,1,9.60,1.13,true,1,
7296073241935,false,נייר טואלט סופר דיל 48גל,שניב,IL,נ.טואלט סופר דיל,מטרים,860.00,100 מטר,false,1,41.90,4.87,true,1,
7296073242581,false,מארז סיכות תיקתק,שופרסל,IL,סיכן ראש,יחידה,1.00,יחידה,false,1,9.90,9.90,true,1,
7296073243359,false,ביצים M שופרסל 12 יחידות,גליקסמן,IL,ביצים 12יחידות M,יחידה,1.00,יחידה,false,1,10.40,10.40,true,1,
7296073243366,false,ביצים L שופרסל 12 יחידות,גליקסמן,IL,ביצים 12 יחידותL,יחידה,1.00,יחידה,false,1,11.30,11.30,true,1,
7296073243694,false,ביצים XL שופרסל 10יחידות,גליקסמן,IL,ביצים 10 יח' XL,יחידה,1.00,יחידה,false,1,10.33,10.33,true,1,
7296073246367,false,תות שדה קפוא,,RS,תות שדה קפוא,גרמים,300.00,100 גרם,false,12,16.90,5.63,true,1,
7296073254096,false,טונה במי מלח 160*4 גרם,אסיאן אליאנס,TH,טונה במי מלח 4יח,גרמים,640.00,100 גרם,false,1,19.90,3.11,true,1,
7296073254270,false,"אל סבון ירוק 500*3 מ""ל",שופרסל,TR,אל סבון נוזלי3יח,ליטרים,1.50,ליטר,false,1,10.00,6.67,true,1,
7296073261384,false,"אל סבון  מעורב 500*3 מ""ל",שופרסל,IL,אל סבון נוזלי3יח,ליטרים,1.50,ליטר,false,1,10.00,6.67,true,1,
7296073263845,false,קינואה שופרסל 500 גרם,הנמל,IL,קינואה שופרסל,גרמים,500.00,100 גרם,false,1,15.90,3.18,true,1,
7296073270300,false,תבנית אלומיניום קטנה 15י,,IL,תבנית קטנה,יחידה,1.00,יחידה,false,1,12.90,12.90,true,1,
7296073271642,false,סב.נוזלי קוביה שמנת500,שופרסל,TR,סבון נוזלי,מיליליטרים,500.00,"100 מ""ל",false,1,9.90,1.98,true,1,
7296073283430,false,ביצי חופש אורגניM גרין12,גליקסמן,IL,ביצי חופש אורגני,יחידה,1.00,יחידה,false,1,21.90,21.90,true,1,
7296073284475,false,מסיר לק ללא אצטון ע.רגיש,אמיליה קוסמטיקס,IL,מסיר לק,מיליליטרים,175.00,"100 מ""ל",false,1,9.90,5.66,true,1,
7296073286011,false,אורז פרסי זיפר שופרסל1קג,ltd co produce Uthai,TH,אורז פרסי,קילוגרמים,1.00,"ק""ג",false,1,6.90,6.90,true,1,
7296073286417,false,60שקיות אשפה 52/65,אשפלסט,IL,שקיות אשפה,יחידה,1.00,יחידה,false,1,19.90,19.90,true,1,
7296073289586,false,נייר סנדוויץ 100 יחידות,שניב,IL,נייר סנדוויץ,יחידה,1.00,יחידה,false,1,13.90,13.90,true,1,
7296073292906,false,פירורי לחם מוזהב.זיפר350,חטיפים מן הטבע,IL,פירורי לחם מוזהב,גרמים,350.00,100 גרם,false,1,6.90,1.97,true,1,
7296073320395,false,עלי תרד בייבי 200גרם,---,IL,עלי תרד בייבי,גרמים,200.00,100 גרם,false,1,9.90,4.95,true,1,
7296073321637,false,"מיץ ענבים שופרסל 750 מ""ל",יקבי ירושלים,IL,מיץ ענבים,מיליליטרים,750.00,"100 מ""ל",false,1,13.90,1.85,true,1,
7296073322979,false,בוטן אמריקאי 50גרם,ששון ושות'\ )ש.ת. תעשיות,IL,בוטן אמריקאי,גרמים,50.00,100 גרם,false,1,2.50,5.00,true,1,
7296073344421,false,מרגרינה ללא תוספת מלח200,---,TR,מרגרינה,גרמים,200.00,100 גרם,false,1,3.90,1.95,true,1,
7296073345732,false,טופו אורגני גרין 300 גרם,כפרי בריא משק ויילר,IL,טופו אורגני,גרמים,300.00,100 גרם,false,1,12.90,4.30,true,1,
7296073345794,false,בייגלה אצבעות שומשום200ג,---,IL,בייגלה אצבעות,גרמים,200.00,100 גרם,false,1,4.90,2.45,true,1,
7296073347453,false,פטרוזליה יחידה,תנובות לכיש,IL,פטרוזליה,יחידה,1.00,יחידה,false,1,4.90,4.90,true,1,
7296073359234,false,גרעיני תירס מתוק 340 גרם,---,HU,גרעיני תירס מתוק,גרמים,340.00,100 גרם,false,1,5.90,1.74,true,1,
7296073364399,false,עדשים ירוקות זיפר 500גרם,---,IL,עדשים ירוקות,גרמים,500.00,100 גרם,false,1,6.50,1.30,true,1,
7296073366348,false,טונה בשמן זית 160*4 גרם,---,TH,טונה בשמן זית4יח,גרמים,640.00,100 גרם,false,1,24.90,3.89,true,1,
7296073367031,false,טונה בשמן סויה 80*3 גרם,---,TH,טונה שמן סויה3יח,גרמים,240.00,100 גרם,false,1,12.90,5.38,true,1,
7296073373438,false,נ.טואלט תלת שכבתי 32גל,---,IL,נ.טואלט ת.שכבתי,יחידה,1.00,יחידה,false,1,39.90,39.90,true,1,
7296073386018,false,אגוזי מלך קלוף טבעי 150ג,פיצוחי ציון,IL,אגוזי מלך טבעי,גרמים,150.00,100 גרם,false,1,13.90,9.27,true,1,
7296073389163,false,מטבעות שוקולד חלב 36 גרם,---,IL,מטבעות שוקולד,גרמים,36.00,100 גרם,false,1,3.90,10.83,true,1,
7296073392934,false,נייר טואלט 24 גליל כפול,---,IL,נייר טואלט 24 גל,מטרים,860.00,100 מטר,false,1,38.90,4.52,true,1,
7312040017683,false,וודקה אבסולוט,,SE,וודקה אבסולוט,מיליליטרים,700.00,"100 מ""ל",false,0,59.90,8.55,true,1,
7622210645999,false,שוקו.מילקה דארק שקדים85ג,מונדלייז,DE,שוקולד מילקה,גרמים,85.00,100 גרם,false,1,8.50,10.00,true,1,
7622210646026,false,שוק.מילקה דארק קרמל85גרם,מונדלייז,DE,שוקולד מילקה,גרמים,85.00,100 גרם,false,1,8.50,10.00,true,1,
7622300503079,false,ביסקוויט מצופה שוקו200גר,מונדלייז,PL,ביסקוויט מצופה,גרמים,200.00,100 גרם,false,0,9.90,4.95,true,1,
7891024124826,false,קולגייט אופטיק וייט 75מל,קולגייט פלמוליב,BR,משחת קולגייט,מיליליטרים,75.00,"100 מ""ל",false,0,16.90,22.53,true,1,
8000215204219,false,משקה אורז אורגני,,IT,משקה אורז אורגני,ליטרים,1.00,ליטר,false,0,14.90,14.90,true,1,
8001505000184,false,מ.אוכמניות אורגנ,,IT,מ.אוכמניות אורגנ,גרמים,250.00,100 גרם,false,0,17.90,7.16,true,1,
8002230000012,false,אפרול 1 ליטר,דויד קמפרי,IT,אפרול,ליטרים,1.00,ליטר,false,1,99.90,99.90,true,1,
8014515330738,false,קוביות עגבניות פומו400גר,שופרסל-ייבוא,IT,קוביות עגבניות,גרמים,400.00,100 גרם,false,0,6.70,1.68,true,1,
8024985002783,false,סמוזי גזר ודלעת אורגנ100,נטורה נובה,IT,סמוזי גזר ודלעת,גרמים,100.00,100 גרם,false,1,5.50,5.50,true,1,
8076800195033,false,ספגטיני מס' 3 500 גרם,ברילה,IT,ספגטיני מס' 3,גרמים,500.00,100 גרם,false,0,7.90,1.58,true,1,
8076800315097,false,ספגטי בוקטיני מס9' 500גר,ברילה,IT,ספגטי בוקטיני,גרמים,500.00,100 גרם,false,0,7.90,1.58,true,1,
8076802085936,false,קונצ'יליה ריגטי 500 גרם,ברילה,IT,קונצ'יליה,גרמים,500.00,100 גרם,false,0,7.90,1.58,true,1,
8076809513692,false,רוטב לפסטה נפוליטנה400גר,ברילה,IT,רוטב לפסטה,גרמים,400.00,100 גרם,false,0,15.90,3.98,true,1,
8076809523561,false,רוטב עגבניות טוסקנה400ג,ברילה,IT,רוטב עגבניות,גרמים,400.00,100 גרם,false,0,15.90,3.98,true,1,
8410644611203,false,קאווה אימבריקה,,ES,קאווה אימבריקה,מיליליטרים,750.00,"100 מ""ל",false,0,34.60,4.61,true,1,
8690637879395,false,מגנום דאבל פיסטוק 72 גרם,שטראוס,IL,מגנום דאבל פיסטו,יחידה,1.00,יחידה,false,1,11.00,11.00,true,1,
8715700110158,false,ממרח מיונז במרקם קרמי490,היינץ,NL,ממרח מיונז,גרמים,490.00,100 גרם,false,1,12.90,2.63,true,1,
8715700419732,false,מתבל עגבניות היינץ700גרם,היינץ,NL,מתבל עגבניות,גרמים,700.00,100 גרם,false,0,13.90,1.99,true,1,
8718951076402,false,קולגייט הרבל הלבנה 100 מ,קולגייט פלמוליב,BR,משחת שיניים הרבל,מיליליטרים,100.00,"100 מ""ל",false,1,14.80,14.80,true,1,
8850161161247,false,מי קוקוס קוקו מקס 1 ליטר,טויו סייקאן,TH,מי קוקוס קוקו,ליטרים,1.00,ליטר,false,1,18.90,18.90,true,1,
8850180040028,false,טמפורה,,TH,טמפורה,גרמים,500.00,100 גרם,false,0,9.80,1.96,true,1,
