code,internal_code,name,manufacturer_name,manufacture_country,manufacturer_item_description,unit_qty,quantity,unit_of_measure,weighted,qty_in_package,price,unit_of_measure_price,allow_discount,status,item_id
42138105,false,סיגריות וינסטון סלימס כחול בודד,גיי טי אינטרנשיונל,CH,וינסטון סופר חפ.,יחידה,1.00,יחידה,false,0,32.00,32.00,false,1,
42212119,false,מסטיק אורביט פרופשיויל פפרמינט מעטפה,ריגלי צרפת,FR,אורביט מעטפה,גרמים,27.00,100 גרם,false,1,6.70,24.81,true,1,
42247821,false,פייב אסנשיאל מנטה19גרם,ריגלי,FR,מסטיק פייב,גרמים,19.00,100 גרם,false,0,5.00,26.32,true,1,
42268246,false,פייב אסנשיאל פירות יער19,ריגלי,FR,מסטיק פייב,גרמים,19.00,100 גרם,false,1,5.00,26.32,true,1,
46024817,false,נקסט אוריגינלPP חפיס,פיליפ מוריס,,נקסט יח',יחידה,1.00,יחידה,false,0,30.00,30.00,false,1,
46024824,false,סיגריות נקסט לייט,פיליפ מוריס,,נקסט יח',יחידה,1.00,יחידה,false,0,30.00,30.00,false,1,
54051157,false,מעדן סויה טעם שוקו אלפרו רביעיה 125 ג',קריות זול,BE,מעדן סויה 4יח',גרמים,500.00,100 גרם,false,0,19.80,3.96,true,1,
59039549,false,סיגריות ווג פריזון מנטה בודד,Unknown,PL,ווג פריזון מנטול,יחידה,1.00,יחידה,false,0,36.90,36.90,false,1,
59455240,false,סיגריות ווג ליידי לילך בודד,Unknown,PL,ווג ליידי חפיסה,יחידה,1.00,יחידה,false,0,36.90,36.90,false,1,
72940761,false,"מילקי מעדן שוקולד עם קצפת שטראוס 133 מ""ל",מיוצר עי קונדיטוריית,IL,מילקי טעם שוקולד,מיליליטרים,170.00,"100 מ""ל",false,0,2.80,1.65,true,1,
72963104,false,חמאה מפוסטרת תנובה 1,תנובה,IL,חמאה,גרמים,100.00,100 גרם,false,0,3.80,3.80,true,1,
72964422,false,יוגורט פרחים 4.5% שומן 200 גרם,מחלבת תנובה,IL,יוגורט תנובה4.5%,מיליליטרים,200.00,"100 מ""ל",false,0,2.80,1.40,true,1,
72983416,false,ל.מ. בלו ארוך בוקס חפ,פיליפ מוריס,,ל.מ בלו חפ.,יחידה,1.00,יחידה,false,0,34.00,34.00,false,1,
72983928,false,קופסה גולף סלימס מנטה,דובק,,גולף חפיסה,יחידה,1.00,יחידה,false,0,29.00,29.00,false,1,
72986448,false,"גלידת בן & ג'ריס פיינטים טופי קראנץ 500מ""ל",מוצרי איכות אמריקאיים בע,US,גלידה בן & ג'ר,מיליליטרים,500.00,"100 מ""ל",false,0,29.90,5.98,true,1,
72986455,false,"גלידה בן& ג'ריס ניו יורק סופר פאדג' צ'אנק 500 מ""ל",מוצרי איכות אמריקאיים בע,US,גלידה בן & ג'ר,מיליליטרים,500.00,"100 מ""ל",false,0,29.90,5.98,true,1,
72991374,false,סיגריות טיים רד חפיס,דובק,IL,טיים RED יחידה,יחידה,1.00,יחידה,false,0,28.00,28.00,false,1,
72991381,false,סיגריות טיים 100 RED בודד,דובק,IL,טיים RED 100,יחידה,1.00,יחידה,false,0,28.00,28.00,false,1,
72991886,false,"גלידת דולצ'ה בטעם ריבת חלב עם פאדג' בן וג'ירי 500 מ""ל",מוצרי איכות אמריקאיים בע,US,גלידה בן & ג'ר,מיליליטרים,500.00,"100 מ""ל",false,0,29.90,5.98,true,1,
72993477,false,ל.מ וייב סלימס חפיסה,פיליפ מוריס,,ל.מ וייב חפ.,יחידה,1.00,יחידה,false,0,34.00,34.00,false,1,
72993637,false,מעדן חלב בטעם שוקולד 125 ג' דני,"שטראוס גרופ בע""\מ",IL,דני שוקולד 1.5%,גרמים,125.00,100 גרם,false,0,2.70,2.16,true,1,
72993927,false,סיגריות נקסט (בודד),פיליפ מוריס,,נקסט 100 חפיסה,יחידה,1.00,יחידה,false,0,30.00,30.00,false,1,
72994252,false,סיגריות נקסט לילך חפ.,פיליפ מוריס,IL,סיגריות נקסט,יחידה,1.00,יחידה,false,0,30.00,30.00,false,1,
72994269,false,מרלבורו גולד טאצ' חפיסה,פיליפ מוריס,,מרלבורו גולד חפ.,יחידה,1.00,יחידה,false,0,32.90,32.90,false,1,
72994313,false,סיגריות רויאל כחול בודד,דובק,IL,רויאל כחול חפיסה,יחידה,1.00,יחידה,false,0,23.00,23.00,false,1,
76136184,false,סיגריות פאל מל סלימס כחול בודד,Unknown,CH,פאל מאל חפיסה,יחידה,1.00,יחידה,false,0,29.00,29.00,false,1,
80042556,false,POLPA עגבניות חתוכות דק 400 גרם MUTTI,"איי, בי, אינבוו",,עגבניות מרוסקות,גרמים,400.00,100 גרם,false,0,6.80,1.70,true,1,
80042563,false,רסק עגבניות 700 ג' (צהוב) MUTTI,"איי, בי, אינבוו",,רסק עגבניות,גרמים,700.00,100 גרם,false,0,12.80,1.83,true,1,
80050124,false,סוכריות טיק טק מנטה 16 גרם,פררו - אלבה,EC,סוכריות טיק טק,גרמים,16.00,100 גרם,false,0,3.50,21.88,true,1,
80052760,false,קינדר בואנו Kinder Bueno עם חלב ואגוזי לוז,פררו - אלבה,IT,קינדר בואנו זוג,גרמים,43.00,100 גרם,false,0,4.90,11.40,true,1,
80176800,false,נוטלה ממרח שוקולד 750 גרם,פררו תעשיות איטליה ס,PL,ממרח נוטלה,גרמים,750.00,100 גרם,false,0,25.90,3.45,true,1,
80177173,false,ממרח שוקולד נוטלה 350 גרם,פררו - אלבה,IT,ממרח נוטלה,גרמים,350.00,100 גרם,false,0,14.90,4.26,true,1,
80177616,false,אצבעות שוקולד קינדר Kinder שמונה יחידות,פררו - אלבה,IT,שוקולד קינדר,גרמים,100.00,100 גרם,false,0,8.90,8.90,true,1,
80769699,false,מסטיק מנטוס וייט פירות-מנטה 60 גרם,הדקלאים אגודת שיתופי,TR,מנטוס וויט,גרמים,60.00,100 גרם,false,0,11.50,19.17,true,1,
80773443,false,מנטוס בקבוק מעוגל - מסטיק ללא סוכר בטעם מנטה 60 גרם,"פרפטי ואן מלה ג'\ידה,סאן",TR,מסטיק מנטוס,גרמים,60.00,100 גרם,false,1,10.90,18.17,true,1,
80790990,false,מסטיק מנטוס בבקבוק מעוגל בטעם פירות -מנטה 60 ג',"פרפטי ואן מלה ג'\ידה,סאן",TR,מסטיק מנטוס,גרמים,60.00,100 גרם,false,1,10.90,18.17,true,1,
80828174,false,מסטיק מנטוס וויט סוויטמינט 60 ג',"פרפטי ואן מלה ג'ידה,סאן",TR,מנטוס וויט,גרמים,60.00,100 גרם,false,0,11.50,19.17,true,1,
80831792,false,מסטיק מנטוס מעטפה מנטה33,פרפטי ואן מלה,TR,מסטיק מנטוס מעטפ,גרמים,33.00,100 גרם,false,1,8.90,26.97,true,1,
80859741,false,מסטיק מנטוס בקב.פירות60ג,פרפטי ואן מלה,TR,מנטוס בקבוק,גרמים,60.00,100 גרם,false,1,10.90,18.17,true,1,
80927679,false,מסטיק מנטוס בקבוק מנטה60,פרפטי ואן מלה,TR,מנטוס בקבוק,גרמים,60.00,100 גרם,false,1,10.90,18.17,true,1,
80936848,false,סוכריות טיק טק תות שדה 24 יח',ליימן-שליסל,EC,טיק טק תות שדה,גרמים,16.00,100 גרם,false,0,3.50,21.88,true,1,
80949466,false,מנטוס בקבוק פירות מנטה60,פרפטי ואן מלה,TR,מנטוס בקבוק,גרמים,60.00,100 גרם,false,1,10.90,18.17,true,1,
80991052,false,מ.מנטוס מעטפ.מנטה עדין33,פרפטי ואן מלה,TR,מסטיק מנטוס מעטפ,גרמים,33.00,100 גרם,false,1,8.90,26.97,true,1,
87108651,false,סוכריות בטעם מנטה מנטוס 4*37.5 גרם,הדקלאים אגודת שיתופי,NL,מנטוס מנטה 4 יח',גרמים,150.00,100 גרם,false,0,11.90,7.93,true,1,
88801124,false,מצת קליפר יח,קליפר,ES,מצת קליפר,יחידה,1.00,יחידה,false,1,5.00,5.00,false,1,
90162602,true,רד בול משקה אנרגיה פח250,רד בול ג'\י.אם.בי. אץ'\,AT,רד בול,מיליליטרים,250.00,"100 מ""ל",false,0,9.20,3.68,true,1,
11210000094,false,"רוטב ""טבסקו"" על בסיס פלפל אדום 60 מ""ל",מקאילהייני אייבורי,US,רוטב טבסקו,מיליליטרים,60.00,"100 מ""ל",false,0,12.80,21.33,true,1,
13495113520,false,קליק קורנפלקס 75 גרם,יוניליוור ישראל מזון בע\,IL,קליק קורנפלקס,גרמים,75.00,100 גרם,false,0,6.40,8.53,true,1,
16000177710,false,נייצ'ר וואלי פירות+שקד5י,ג'נרל מילס,US,חטיף נייצ'ר ואלי,גרמים,175.00,100 גרם,false,0,21.90,12.51,true,1,
16000548404,false,חטיפי גרנולה קראנצ'י עם שיבולת שועל ודבש נייצ'ר ואלי 5*42 גרם,ג'נרל מילס סאן אדריאן,US,חטיף נייטשר ואלי,גרמים,210.00,100 גרם,false,0,21.90,10.43,true,1,
18000701223,false,"פילסברי, עוגה בטעם שוקולד, תערובת להכנת עוגה בטעם שוקולד. 500 גרם",הדקלאים אגודת שיתופי,IL,תערובת לעוגה,גרמים,500.00,100 גרם,false,0,19.90,3.98,true,1,
18000766413,false,"פילסברי, עוגה בטעם שוקולד, תערובת להכנת עוגה בטעם שוקולד. 550 גרם.",הדקלאים אגודת שיתופי,IL,תערובת לעוגה,גרמים,550.00,100 גרם,false,0,19.90,3.62,true,1,
33617322616,false,פת פריכה מקמח שיפון ואזה 270 גרם,כלורוקס אוקלנד,IL,פת פריכה קלה,גרמים,270.00,100 גרם,false,0,14.40,5.33,true,1,
36000258660,false,קלינקס לושן אלוורה 120יח,קלינקס,IL,קלינקס לושן,יחידה,1.00,יחידה,false,0,14.90,14.90,true,1,
37600207256,false,חמאת בוטנים עם שברי בוטנים סקיפי 462 גרם,חברת המזון אלגוד,US,חמאת בוטנים,גרמים,462.00,100 גרם,false,0,19.90,4.31,true,1,
38000138416,false,פרינגלס אורגינל 149 גרם,פרינגלס מנופקצ'ורינג קונ,US,פרינגלס אורגינל,גרמים,149.00,100 גרם,false,1,10.60,7.11,true,1,
38000138546,false,פרינגלס ברביקיו 158 גרם,פרינגלס מנופקצ'ורינג קונ,US,פרינגלס ברביקיו,גרמים,158.00,100 גרם,false,1,10.60,6.71,true,1,
38000138638,false,חטיף צ'יפס פרינגלס פיצה 158 גרם,פרינגלס מנופקצ'ורינג קונ,US,פרינגלס פיצה,גרמים,158.00,100 גרם,false,1,10.60,6.71,true,1,
38527591053,false,קואקר דגנים מרובעים שיבולת שועל וקינמון,קוואקר אוטס קומפני,,דגנים מרובעים,גרמים,412.00,100 גרם,false,0,22.70,5.51,true,1,
44600311784,false,"פחם קינגספורד 3.49 ק""ג",כלורקס,US,פחם קינגספורד,קילוגרמים,3.49,"ק""ג",false,1,49.10,14.07,true,1,
46214372250,false,"עוגיות שטרודל פריכות תפו""ע וצימוקים",קריות זול,NL,עוגיות שטרודל,גרמים,218.00,100 גרם,false,0,12.00,5.50,true,1,
49508006206,false,בייגל דק פריך מתובל204גר,סנק פקטורי,US,בייגל דק פריך,גרמים,204.00,100 גרם,false,1,11.90,5.83,true,1,
49508100010,false,בייגל דק חרדל דבש בצל204,סנק פקטורי,US,בייגל דק,גרמים,204.00,100 גרם,false,1,11.90,5.83,true,1,
64144090020,false,"ספריי שמן PAM בטעם שמן זית 141 מ""ל",קונאגרה פודס,IL,תרסיס שמן זית,מיליליטרים,148.00,"100 מ""ל",false,0,21.00,14.19,true,1,
76840101542,false,בן&גריס פיינטים קרמל סוטרא 500 גרם,מוצרי איכות אמריקאיים בע,US,גל.קרמל,גרמים,428.00,100 גרם,false,0,29.90,6.99,true,1,
76840529872,false,"גלידת בראוני באטר 473מ""ל",בן & ג'ריס,US,גלידת בראוני,מיליליטרים,473.00,"100 מ""ל",false,1,29.90,6.32,true,1,
80686926870,false,"וודקה פינקל אפרסק 750מ""ל",BEAM,US,וודקה פינקל,מיליליטרים,750.00,"100 מ""ל",false,1,119.90,15.99,true,1,
80686929369,false,"וודקה פינקל אננס 750 מ""ל",BEAM,US,וודקה פינקל,מיליליטרים,750.00,"100 מ""ל",false,1,119.90,15.99,true,1,
482562200560,false,מסיר שומנים אסטוניש 750,אסטוניש -לידס,GB,מסיר שומנים,מיליליטרים,750.00,"100 מ""ל",false,0,13.90,1.85,true,1,
801541500055,false,חליטת קמומיל+דבש,,IN,חליטת קמומיל+דבש,גרמים,30.00,100 גרם,false,0,17.80,59.33,true,1,
810607023100,false,חטיף פופקורן ציפס מלח85,פיירבנקס,US,פופקורנרס מלח,גרמים,85.00,100 גרם,false,1,5.00,5.88,true,1,
856591000116,false,עוגיות מזרחיות שומשום350,עבאדי,IL,עוגיות מזרחיות,גרמים,350.00,100 גרם,false,1,13.80,3.94,true,1,
3014260022082,false,2מברשת פרו אקספורט מס40',פרוקטר & גמבל,IL,מברשת אורל בי,יחידה,1.00,יחידה,false,0,47.60,47.60,true,1,
3046920028004,false,לינדט שוקולד אקסלנס מריר 70% 100 גר,לינדט ושפרונגלי קילשברג,FR,שוקולד אקסלנס,גרמים,100.00,100 גרם,false,0,18.20,18.20,true,1,
3046920029674,false,אקסלנס עם שבבי מלח לינדט (100 גרם),לינדט ושפרונגלי קילשברג,FR,שוקולד לינדט,גרמים,100.00,100 גרם,false,0,18.20,18.20,true,1,
3161911364531,false,"חמאת ""נורמנדי אלוויר",אלוויר,FR,חמאה צרפתית,גרמים,200.00,100 גרם,false,0,15.80,7.90,true,1,
3228022910023,false,חמאה צרפתית פריזידאן פרזידנט (200 גרם),סוסייטה בארייר דה אי,FR,חמאה פרזידנט,גרמים,200.00,100 גרם,false,0,15.80,7.90,true,1,
3412242508027,false,נאוטיקה בלו אדט גבר100מל,סופטאץ בישום,IL,נאוטיקה בלו אדט,מיליליטרים,100.00,"100 מ""ל",false,0,49.90,49.90,true,1,
3451790550324,false,ממרח חמאה לייט אלווי,אלוויר,BE,ממרח חמאה רכה,גרמים,250.00,100 גרם,false,0,16.80,6.72,true,1,
3523230026888,false,"גבינת עיזים שום ועשבי תיבול למריחה פירמידה, 140 גרם",א. סיימן סחר בעמ,FR,גבינת עיזים,גרמים,140.00,100 גרם,false,1,18.90,13.50,true,1,
3574661018201,false,תח.גוף ניוטרוג'ינה מ400,ג'ונסון,IL,תחליב גוף,מיליליטרים,400.00,"100 מ""ל",false,0,25.00,6.25,true,1,
3574661069456,false,שמפו גונסונס משאבה750מ,CILAG GMBH INTERNATI,IL,שמפו גונסונס,מיליליטרים,750.00,"100 מ""ל",false,0,26.90,3.59,true,1,
3574661325590,false,"ג'ונסונס מתיר קשר200מ""ל",גונסון אנד גונסון,GR,ג'ונסונס מתיר קש,מיליליטרים,200.00,"100 מ""ל",false,1,22.90,11.45,true,1,
3574661329765,false,מרכך טיפות של ברק ג'ונסונס 750 גרם,גונסון אנד גונסון,IT,מרכך ג'ונסונס,מיליליטרים,500.00,"100 מ""ל",false,1,24.90,4.98,true,1,
3608580730231,false,קונפיטורה בון ממאן תות שדה 370 גר',אף.סי תבליני בגליל ב,FR,קונפיטורת תות,גרמים,370.00,100 גרם,false,1,15.90,4.30,true,1,
3608580730323,false,קונפיטורה בטעם פטל 370 גר BONNE MAMAN,אנדורס,FR,קונפיטורת פטל,גרמים,370.00,100 גרם,false,1,15.90,4.30,true,1,
3661163990781,false,דאו.אדידס A3 פרולול 200מ,COLEPCCL,GB,דאודורנט אדידס,מיליליטרים,200.00,"100 מ""ל",false,0,16.90,8.45,true,1,
4009900412087,false,אורביט פפרמינט בקבוק64ג,ריגלי,PL,אורביט בקבוקון,גרמים,64.00,100 גרם,false,1,10.90,17.03,true,1,
4009900412117,false,אורביט ספירמינט בקבוק64ג,ריגלי,PL,אורביט בקבוקון,גרמים,64.00,100 גרם,false,1,10.90,17.03,true,1,
4009900426039,false,מסטיק מנטה אקליפטוס בקבוקון איירווייבס 64 גרם,"מרס ריגלי ישראל בע""מ",PL,מסטיק איירוויבז,גרמים,64.00,100 גרם,false,1,10.90,17.03,true,1,
4009900484008,false,אורביט בקבוקMאקליפטוס84ג,ריגלי,PL,אורביט בקבוק,גרמים,84.00,100 גרם,false,0,10.00,11.90,true,1,
4011800567613,false,מאגדת קורני מילק דרק & ואיט 120 גרם,מיוצר עי קונדיטוריית,IL,קורני סנדוויץ,גרמים,120.00,100 גרם,false,0,12.90,10.75,true,1,
4011800630515,false,חטיף קורני שוקולד חלב ובננה 6 יח 150 גר,מיוצר עי קונדיטוריית,DE,קורני חטיף דגנים,גרמים,150.00,100 גרם,false,0,12.90,8.60,true,1,
4014400901405,false,בונבונריית מרסי מבחר ממתקי שוקולד חלב 250 גרם,קריניציה ויטמינה אס,DE,מרסי שוקולד חלב,גרמים,250.00,100 גרם,false,0,29.90,11.96,true,1,
4014400901412,false,מרסי בונבוניירה שוק`מריר 250 גר כשלפ,ליימן שליסל בע`מ,DE,מרסי מריר,גרמים,250.00,100 גרם,false,0,29.90,11.96,true,1,
4015000941013,false,מסיכה גליס אולטימייטריפר,הנקל סוד,DE,מסיכה גליס,מיליליטרים,200.00,"100 מ""ל",false,0,14.90,7.45,true,1,
4015400269762,false,טמפונים פרל רגולר טמפקס) (20,דיפלומט מפיצים (1968) בעמ,HU,טמפקס פרל,יחידה,1.00,יחידה,false,0,24.90,24.90,true,1,
4015400564034,false,מגן תחתון אולוויז מגה פק לונג פלוס 58 יחידות,דיפלומט מפיצים (1986) בע`מ,IL,מגן תחתון אולויז,יחידה,1.00,יחידה,false,0,19.90,19.90,true,1,
4015400681670,false,תחבושות אולוויז וליו פק לילה בטוח 18 יחידות,דיפלומט מפיצים (1986) בע`מ,,תחבושות אולוייז,יחידה,1.00,יחידה,false,0,19.90,19.90,true,1,
4015400746812,false,מגני תחתון אולוויז נורמל עם ניחוח מגה פק,דיפלומט מפיצים (1986) בע`מ,DE,מגן תחתון אולויז,יחידה,1.00,יחידה,false,1,19.90,19.90,true,1,
4015400746843,false,78מגני תח.אולוויז מגה פר,פרוקטר & גמבל,DE,מגן תחתון אולווי,יחידה,1.00,יחידה,false,1,19.90,19.90,true,1,
4015600763411,false,שמפו הד&שולדרס מנטול 600 מל,דיפלומט מפיצים (1968) בעמ,IL,שמפו הד&שולדרס,מיליליטרים,600.00,"100 מ""ל",false,0,19.90,3.32,true,1,
4015600763534,false,שמפו הד&שולדרס מגע משי 600 מל,דיפלומט מפיצים (1968) בעמ,IL,שמפו הד&שולדרס,מיליליטרים,600.00,"100 מ""ל",false,0,19.90,3.32,true,1,
4015600815318,false,שמפו פנטן מגע קטיפתי600מ,פרוקטר & גמבל,FR,שמפו פנטן,מיליליטרים,600.00,"100 מ""ל",false,0,25.90,4.32,true,1,
4015600815516,false,שמפ.פנטן נוסחה קלאסית600,פרוקטר & גמבל,FR,שמפו פנטן,מיליליטרים,600.00,"100 מ""ל",false,0,25.90,4.32,true,1,
4015600815592,false,שמפו+מרכך פנטן קלאסי600מ,פרוקטר & גמבל,FR,שמפו + מרכך פנטן,מיליליטרים,600.00,"100 מ""ל",false,0,25.90,4.32,true,1,
4017100198151,false,בלזן היט ביסקוויט עם מלית קרם בטעם וניל (41%) 220 גרם,הדקלאים אגודת שיתופי,PL,עוגיות סנדוויץ,גרמים,220.00,100 גרם,false,1,9.90,4.50,true,1,
4017100214219,false,גלילי וופל בטעם קקאו75גר,בלזן,DE,גלילי וופל,גרמים,75.00,100 גרם,false,1,9.90,13.20,true,1,
4033100014529,false,סיגריות אל די סלים בודד,גלוברנדס בעמ - שיווק סיגריות,TR,אל די סלימס חפ.,יחידה,1.00,יחידה,false,0,27.00,27.00,false,1,
4033100024146,false,סיגריות ווינסטון קוד בודד,גלוברנדס בעמ - שיווק סיגריות,CH,סיגריות ווינסטון,יחידה,1.00,יחידה,false,0,32.00,32.00,false,1,
4046234767650,false,קפה צ'יבו גולד סלקשין200,דוידוף,PL,קפה צ'יבו,גרמים,200.00,100 גרם,false,1,20.80,10.40,true,1,
4056800943739,false,קרם חמצן וולוקסון Welloxon 6%,דיפלומט מפיצים (1986) בע`מ,FR,חמצן וולה 6%,מיליליטרים,60.00,"100 מ""ל",false,0,5.90,9.83,true,1,
4084500088917,false,נוזל לניקוי כלים לימון פיירי (650 מל),דיפלומט מפיצים (1986) בע`מ,IL,פיירי נוזל לכלים,מיליליטרים,650.00,"100 מ""ל",false,0,10.90,1.68,true,1,
4084500853898,false,"נוזל כלים פיירי אלוורה ומלפפונים 515 מ""ל בד""צ",דיפלומט מפיצים (1986) בע`מ,GB,פיירי נוזל לכלים,מיליליטרים,515.00,"100 מ""ל",false,1,12.50,2.43,true,1,
4101730040024,false,שוקולד פיסטוק מוצרט100ג,רייבר,DE,שוקולד מוצרט,גרמים,100.00,100 גרם,false,1,15.90,15.90,true,1,
4101730040048,false,שוקולד נוגט מוצרט 100גרם,רבר,DE,שוקולד מוצרט,גרמים,100.00,100 גרם,false,1,15.90,15.90,true,1,
4603400000043,false,וודקה רוסקי יורוסטנדרט (700 מל),רוסקי סטנדרט וודקה,,וודקה רוסקי,מיליליטרים,700.00,"100 מ""ל",false,0,64.90,9.27,true,1,
4607026530212,false,כוסמת כפרי וביתי (900 גרם),יורוסטנדרט בעמ,,כוסמת,גרמים,900.00,100 גרם,false,0,19.40,2.16,true,1,
4710068001692,false,מאסטר קפה בטעם לאטה בפחית 240מ`ל,תאיט מרקטינג אנד דיסטריב,IL,מאסטר קפה,מיליליטרים,240.00,"100 מ""ל",false,0,6.50,2.71,true,1,
4710068001715,false,משקה בטעם טירמיסו מאסטר קפה (240 מל),יוני פרזינדנט אנטרפר,IL,מאסטר קפה,מיליליטרים,240.00,"100 מ""ל",false,0,6.50,2.71,true,1,
4710068001739,false,מאסטר קפה בטעם קולומביאני בפחית 240מ`ל,יוני פרזינדנט אנטרפר,IL,מאסטר קפה,מיליליטרים,240.00,"100 מ""ל",false,0,6.50,2.71,true,1,
4751005700704,false,פילה מקרל במיץ טבעי170ג,PIEJURA,LV,פילה מקרל במיץ,גרמים,170.00,100 גרם,false,1,10.90,6.41,true,1,
4771173209403,false,גרעין חמנייה רוסי 300גרם,זיידרונו מרקסקו,PL,ג.חמנייה רוסי,גרמים,300.00,100 גרם,false,1,11.90,3.97,true,1,
5000204658187,false,משחת נעליים קראון שחור קיווי (75 מל),אס' סי' ג'ונסון במה,FR,קיווי נוזל,מיליליטרים,75.00,"100 מ""ל",false,0,17.30,23.07,true,1,
5010622010795,false,מברשת אורל בי גילאי 7-5,פרוקטר אנד גמבל,IE,מברשת שיניים,יחידה,1.00,יחידה,false,0,18.50,18.50,true,1,
5010677552387,false,"בקרדי בריזר אננס 275 מ""ל בקבוק",בקרדי בריזר Bacardi Breezer,DE,בקרדי בריזר,מיליליטרים,275.00,"100 מ""ל",false,0,16.80,6.11,true,1,
5011417549193,false,טבליות למדיח כלים קוואנטום פיניש) (20,רקיט בנקיזר (ניר איסט) בעמ,PL,פיניש קטבליות,יחידה,1.00,יחידה,false,1,24.90,24.90,true,1,
5014271400426,false,"מעדן בטעם תות שדה לל""ס סאן דלפור 284 גרם",סאן דלפור - שמבור,FR,מעדן תות שדה,גרמים,284.00,100 גרם,false,0,20.90,7.36,true,1,
5035766044673,false,"סטרונגבואו גולד, סיידר תפוחים אלכוהולי, בקבוק 330 מ''ל",האי נאם סי או אל.טי.,BE,סיידר תפוח,מיליליטרים,330.00,"100 מ""ל",false,0,7.40,2.24,true,1,
5099864006704,false,סימילאק אדבנס+שלב 1 900ג,אבוט,IE,סימילאק אדבנס,גרמים,900.00,100 גרם,false,0,81.90,9.10,true,1,
5099864006728,false,סימילאק אדבנס+שלב 3 900ג,אבוט,IE,סימילאק אדבנס,גרמים,900.00,100 גרם,false,0,81.90,9.10,true,1,
5202300014496,false,ספריי לשיער חזק במיוחד וולה פלקס Wella flex,דיפלומט מפיצים (1968) בעמ,DE,וולהפלקס ספריי,מיליליטרים,250.00,"100 מ""ל",false,0,37.70,15.08,true,1,
5400265024226,false,קופידו-פרלינים בלגים במילוי קוואנטרו 150,HAMLET NV,IL,בונבונ.קופידון,גרמים,150.00,100 גרם,false,0,14.90,9.93,true,1,
5400265024240,false,קופידו - פרלינים בלגים במילוי איירש קרים,HAMLET NV,IL,בונבונ.קופידון,גרמים,150.00,100 גרם,false,0,14.90,9.93,true,1,
5400265027265,false,המלט-אריזת מתנה צסטרפילד אדום 125 גר,HAMLET NV,BE,בונבוניירה,גרמים,125.00,100 גרם,false,1,29.60,23.68,true,1,
5400265030074,false,בונבוניירת המלט אימא,HAMLET NV,IL,בונבוניירה,גרמים,125.00,100 גרם,false,0,29.60,23.68,true,1,
5410033851459,false,תה ליפטון יילו ליבל 150 גרם-קופסא,יוניליוור,IN,תה ליפטון מעטפה,גרמים,150.00,100 גרם,false,0,20.60,13.73,true,1,
5410126106183,false,עוגיות לוטוס 50 יחידות ארוזות בנפרד 312 גרם,דיפלומט מפיצים (1968) בעמ**,BE,ביסקוויט לוטוס,גרמים,312.00,100 גרם,false,0,13.90,4.46,true,1,
5410126716016,false,"עוגיות לוטוס ביסקויט קרמל בד""צ 250 גרם",דיפלומט מפיצים (1968) בעמ**,BE,ביסקויט לוטוס,גרמים,250.00,100 גרם,false,0,12.70,5.08,true,1,
5411188094159,false,רביעיית מעדן סויה שוקו מריר אלפרו 125 גרם,הנסיך- מפעל לייצור ט,IL,מעדן סויה 4יח',גרמים,500.00,100 גרם,false,0,19.80,3.96,true,1,
5411188110835,false,אלפרו חלב סויה שקדים וניל 1ל',הנסיך- מפעל לייצור ט,BE,אלפרו משקה שקדים,ליטרים,1.00,ליטר,false,0,16.80,16.80,true,1,
5413121359769,false,לבבות וצדפי שוקולד 195ג' בלגיאן,בי סי ג'י אולן,BE,בונבוניירה צדפים,גרמים,195.00,100 גרם,false,0,17.70,9.08,true,1,
5413548280189,false,קינדר שוקו בון 1 יחידות 125 גרם,פרימיום-חברה לדברי מתיקה ולמסח,BE,קינדר שוקובון,גרמים,125.00,100 גרם,false,0,10.00,8.00,true,1,
5601008200468,false,עוגיות גודיס טבעות מצופות שוקולד לבו מרבה 150 גרם,קריניציה ויטמינה אס,PT,עוגיות גודיס,גרמים,150.00,100 גרם,false,0,9.80,6.53,true,1,
5601010211070,false,סרדין במים רמירז 125 גרם,רמירז אנד קה פילהאוס,PT,סרדינים במים,גרמים,125.00,100 גרם,false,0,11.00,8.80,true,1,
5900020026552,false,דגני בוקר האני נאט צ'יריוס בטעם דבש ושקדים,קבוצת אוסם סחר שותפות מוגבלת,PL,האני נאט צ'יריוס,גרמים,625.00,100 גרם,false,1,19.90,3.18,true,1,
5900627027259,false,ויט 12 רצועות שעווה רגיש,רקיט בנקיזר,FR,רצועות שעווה ויט,יחידה,1.00,יחידה,false,0,24.90,24.90,true,1,
5901414203870,false,עוגיות דגנים מצופים143ג,באלסן,PL,עוגיות דגנים,גרמים,143.00,100 גרם,false,1,6.90,4.83,true,1,
5901414203887,false,עוגיות טבעות מצופים155ג,באלסן,PL,עוגיות טבעות,גרמים,155.00,100 גרם,false,1,6.90,4.45,true,1,
5901414203993,false,עוגיות לבבות מצופים143ג,באלסן,PL,עוגיות לבבות,גרמים,143.00,100 גרם,false,1,6.90,4.83,true,1,
6008165003984,false,סיגריות פאל מאל כחול סטרים פילט בודד,גלוברנדס בעמ - שיווק סיגריות,TR,סיגריות פאל מאל,יחידה,1.00,יחידה,false,0,29.00,29.00,false,1,
6008165274629,false,פאל מאל כחול ארוך סטרים פילטר חפיסה,גלוברנדס בעמ - שיווק סיגריות,TR,פאל מאל כחול,יחידה,1.00,יחידה,false,1,29.00,29.00,false,1,
6924421202017,false,פטריות שי-מג'י -יחידה,חוות פטריות תקוע,IL,פטריות שי מגי,יחידה,1.00,יחידה,false,0,13.00,13.00,true,1,
6935325410118,false,שום יבוא יחידה,קטיף.,XX,שום יבוא יחידה,יחידה,1.00,יחידה,false,0,8.90,8.90,true,1,
6943186163678,false,ספוג פודרה רביעיה יח,מ.ח.ט,CN,ספוג פודרה רביעי,יחידה,1.00,יחידה,false,1,5.00,5.00,true,1,
7290000000022,true,עגבניות חממה,קטיף.,IL,עגבניות חממה,קילוגרמים,0.00,"ק""ג",true,0,7.90,7.90,true,1,
7290000000046,true,מלפפונים,קטיף.,IL,מלפפונים,קילוגרמים,0.00,"ק""ג",true,0,7.90,7.90,true,1,
7290000000053,true,קישואים,קטיף.,IL,קשואים,קילוגרמים,0.00,"ק""ג",true,0,10.90,10.90,true,1,
7290000000091,true,פלפל אדום,קטיף.,IL,פלפל אדום,קילוגרמים,0.00,"ק""ג",true,0,11.90,11.90,true,1,
7290000000121,true,גזר ארוז,קטיף.,IL,גזר ארוז,קילוגרמים,0.00,"ק""ג",true,0,4.90,4.90,true,1,
7290000000138,true,כרוב לבן,קטיף.,IL,כרוב לבן,קילוגרמים,0.00,"ק""ג",true,0,5.90,5.90,true,1,
7290000000220,true,קולורבי,קטיף.,IL,קולורבי,קילוגרמים,0.00,"ק""ג",true,0,9.90,9.90,true,1,
7290000000282,true,חסה ערבית יחידה,קטיף,IL,חסה ערבית,יחידה,1.00,יחידה,false,0,5.90,5.90,true,1,
7290000000435,true,סלרי עלים יחידה,קטיף,IL,סלרי עלים,יחידה,1.00,יחידה,false,0,6.90,6.90,true,1,
7290000000442,true,נבטים סיניים יחידה,קטיף,IL,נבטי סיניים יח',יחידה,1.00,יחידה,false,0,7.50,7.50,true,1,
7290000000466,true,בצל ירוק יחידה,קטיף.,IL,בצל ירוק,יחידה,1.00,יחידה,false,0,6.90,6.90,true,1,
7290000000480,true,בצל יבש,קטיף.,IL,בצל יבש,קילוגרמים,0.00,"ק""ג",true,0,4.90,4.90,true,1,
7290000000510,true,פטרוזיליה יחידה,קטיף.,IL,פטרוזיליה,יחידה,1.00,יחידה,false,0,4.90,4.90,true,1,
7290000000527,true,שמיר יחידה,קטיף,IL,שמיר,יחידה,1.00,יחידה,false,0,4.90,4.90,true,1,
7290000000534,true,סלרי ראש יחידה,קטיף,IL,סלרי ראש,יחידה,1.00,יחידה,false,0,6.90,6.90,true,1,
7290000000558,true,כוסברה יחידה,קטיף.,IL,כוסברה,יחידה,1.00,יחידה,false,0,4.90,4.90,true,1,
7290000000565,true,נענע יחידה,קטיף,IL,נענע,יחידה,1.00,יחידה,false,0,4.90,4.90,true,1,
7290000000572,true,שומר,קטיף.,IL,שומר,קילוגרמים,0.00,"ק""ג",true,0,9.90,9.90,true,1,
7290000000596,true,תפוח אדמה לבן תפזורת,קטיף.,IL,תפוח אדמה תפזורת,קילוגרמים,0.00,"ק""ג",true,0,6.90,6.90,true,1,
7290000000619,true,פלפל חריף,שותפות מזרחי,IL,פלפל חריף,קילוגרמים,0.00,"ק""ג",true,0,10.90,10.90,true,1,
7290000000732,true,דלורית,קטיף.,IL,דלורית,קילוגרמים,0.00,"ק""ג",true,0,6.90,6.90,true,1,
7290000001036,true,בצל יבש אדום,קטיף.,XX,בצל יבש אדום,קילוגרמים,0.00,"ק""ג",true,0,5.90,5.90,true,1,
7290000001661,true,גזר תפזורת,קטיף.,IL,גזר תפזורת,קילוגרמים,0.00,"ק""ג",true,0,5.90,5.90,true,1,
7290000001715,true,תפוח אדמה לבן ארוז,קטיף.,IL,תפוח אדמה לבן,קילוגרמים,0.00,"ק""ג",true,0,4.90,4.90,true,1,
7290000001722,true,תפוח אדמה אדום תפזורת,קטיף.,IL,"תפו""א אדום תפז'",קילוגרמים,0.00,"ק""ג",true,0,6.90,6.90,true,1,
7290000016030,true,גבינה עזים קשה,,IL,גבינה עזים קשה,קילוגרמים,0.00,"ק""ג",true,0,148.00,148.00,true,1,
7290000018089,true,חלבה מחרום במשקל,מחרום,IL,חלבה מחרום,קילוגרמים,0.00,"ק""ג",true,0,49.00,49.00,true,1,
7290000023809,false,קלאסיק קברנה סובניון יקבי ברקן (750 מל),יקבי ברקן שיווק והפצה בע,IL,קברנה קלאסיק,מיליליטרים,750.00,"100 מ""ל",false,0,27.90,3.72,true,1,
7290000023847,false,קלאסיק שרדונה יקבי ברקן (750 מל),יקבי ברקן שיווק והפצה בע,IL,יין לבן שרדונה,מיליליטרים,750.00,"100 מ""ל",false,0,27.90,3.72,true,1,
7290000040974,false,חלב 2% דל לקטוז בקרטון תנובה (1 ליטר),תנובה מרכז שיתופי לש,IL,חלב טרי דל לקטוז,ליטרים,1.00,ליטר,false,0,7.10,7.10,true,1,
7290000042244,false,חלב 3% תנובה (2 ליטר)פיקו,"תנובה, מחלבת רחובות",IL,חלב 3% כד 2 ליטר,ליטרים,2.00,ליטר,false,0,11.50,5.75,true,1,
7290000042442,false,"חלב תנובה טרי 3% ""תנובה"" - מוצר בפיקוח",תנובה בעמ ***,IL,חלב תנובה 3%,ליטרים,1.00,ליטר,false,0,5.75,5.75,true,1,
7290000042855,false,"שוקו בשקית 250 מ""ל ""יטבתה""",שטראוס גרופ בעמ/מצונן,IL,שוקו בשקית,מיליליטרים,225.00,"100 מ""ל",false,0,2.60,1.16,true,1,
7290000043111,false,תנובה חמאה 200 גרם - מוצר בפיקוח,תנובה מרכז שיתופי לש,IL,חמאה תנובה,גרמים,200.00,100 גרם,false,0,7.60,3.80,true,1,
7290000043890,false,תנובה רויון לבן מחלב מפסוטר 1.5%,תנובה מרכז שיתופי לש,IL,רויון בקרטון1.5%,ליטרים,1.00,ליטר,false,0,10.90,10.90,true,1,
7290000044880,false,יוגורט בטעם תות שדה 3% באדי (500 גרם),מיוצר עי קונדיטוריית,IL,מעדן באדי תות 3%,גרמים,500.00,100 גרם,false,0,9.10,1.82,true,1,
7290000046549,false,גבינת מוצרלה 20% במשקל,תנובה מרכז שיתופי לש,IL,גבינת מוצרלה,קילוגרמים,0.00,"ק""ג",true,0,79.00,79.00,true,1,
7290000046563,false,קולאג 23% פרמזן חריץ תנובה,תנובה מרכז שיתופי לש,IL,גבינת פרמזן,גרמים,0.00,"ק""ג",true,0,110.00,110.00,true,1,
7290000047485,false,גבינה בולגרית במשקל,תנובה מרכז שיתופי לש,IL,גבינה בולגרית,קילוגרמים,0.00,"ק""ג",true,0,59.00,59.00,true,1,
7290000048185,false,גבינה לבנה 5% תנובה 250 גרם מהדרין,מיוצר עי קונדיטוריית,IL,גבינה לבנה 5%,גרמים,250.00,100 גרם,false,0,4.60,1.84,true,1,
7290000050300,false,גבינה תנובה 5% 125 ג,,IL,גבינה לבנה 5%,גרמים,125.00,100 גרם,false,0,2.30,1.84,true,1,
7290000051352,false,חלב מלא בטעם של פעם 3.4% תנובה קרטון 1 ל',תנובה מרכז שיתופי לש,IL,חלב של פעם מלא,ליטרים,1.00,ליטר,false,0,7.40,7.40,true,1,
7290000052311,false,גבינה צהובה עמק לייט 15% שומן 200 גרם,תנובה מרכז שיתופי לש,IL,עמק 15% פרוס,גרמים,200.00,100 גרם,false,0,15.80,7.90,true,1,
7290000055350,false,גבינה צהובה חריץ עמק 28% במשקל,תנובה מרכז שיתופי לש,IL,גבינת עמק 28%,קילוגרמים,0.00,"ק""ג",true,1,41.30,41.30,true,1,
7290000056845,false,תנובה חלב טרי 3% שומן 1.5 ליטר - מוצר בפיקוח,פארייפאבה אגרואינדוס,,חלב תנובה 3%,ליטרים,1.50,ליטר,false,0,8.62,5.75,true,1,
7290000056968,false,"שמנת עמידה מתוקה לקצפת 38% תנובה 500מ""ל",תנובה,,שמנת38%,מיליליטרים,500.00,"100 מ""ל",false,0,11.90,2.38,true,1,
7290000057149,false,יוגורט תנובה טבעי 3% גביע 200 גרם,מיוצר עי קונדיטוריית,,יוגורט תנובה 3%,גרמים,200.00,100 גרם,false,0,3.10,1.55,true,1,
7290000058030,false,"שמיניית יופלה שטוזים משקה יוגורט תות 100 מ""ל",מיוצר עי קונדיטוריית,IL,8שטוזים משקה תות,מיליליטרים,800.00,"100 מ""ל",false,0,20.90,2.61,true,1,
7290000058283,false,פיראוס גבינת עיזים ל,,,גבינת עיזים 5%,גרמים,240.00,100 גרם,false,0,15.00,6.25,true,1,
7290000060071,false,אוסם - חטיפי פריכונים מאורז מלא קלוי 80גר,קבוצת אוסם סחר שותפות מוגבלת,IL,חטיפי פריכונים,גרמים,80.00,100 גרם,false,0,8.20,10.25,true,1,
7290000060200,false,פסטה אסם פתיתים אפויים קוסקוס 500גר,קבוצת אוסם סחר שותפות מוגבלת,IL,פתיתים אפויים,גרמים,500.00,100 גרם,false,0,7.80,1.56,true,1,
7290000060316,false,פרפקטו ספגטי מס' 8 אסם 500 גרם,קבוצת אוסם סחר שותפות מוגבלת,IT,ספגטי פרפקטו,גרמים,500.00,100 גרם,false,0,7.60,1.52,true,1,
7290000060415,false,"פסטה פרפקטו לאזניה 500 ג' ""אסם""",קבוצת אוסם סחר שותפות מוגבלת,IT,לזניה פרפקטו,גרמים,500.00,100 גרם,false,0,15.40,3.08,true,1,
7290000060491,false,פסטה קיפרי ריגאטי פרפקטו 500 ג' אסם,קריות זול,IT,פסטה קיפרי ריגטי,גרמים,500.00,100 גרם,false,0,7.60,1.52,true,1,
7290000060576,false,פתיתים אפויים כוכבים אסם (500 גרם),קבוצת אוסם סחר שותפות מוגבלת,IL,פתיתים אפויים,גרמים,500.00,100 גרם,false,0,7.80,1.56,true,1,
7290000060842,false,פסטה אסם פתיתים צדפים גדולים 500גר,קבוצת אוסם סחר שותפות מוגבלת,IT,פסטה צדפים אסם,גרמים,500.00,100 גרם,false,0,6.20,1.24,true,1,
7290000060859,false,פסטה אסם פתיתים צדפים קטנים 500גר,קבוצת אוסם סחר-שות.מוגבלת,IT,פסטה צדפים,גרמים,500.00,100 גרם,false,0,6.20,1.24,true,1,
7290000060880,false,פסטה ספגטי מספר 8 אסם 500 גרם,קבוצת אוסם סחר שותפות מוגבלת,IT,ספגטי מס' 8,גרמים,500.00,100 גרם,false,0,6.20,1.24,true,1,
7290000060903,false,פסטה אסם פתיתים אפויים אורז 500גר,קבוצת אוסם סחר שותפות מוגבלת,IL,פתיתים אפויים,גרמים,500.00,100 גרם,false,0,7.80,1.56,true,1,
7290000061061,false,קרקר חיטה עם בצל אסם,קבוצת אוסם סחר שותפות מוגבלת,IL,קרקר בטעם בצל,גרמים,250.00,100 גרם,false,0,11.60,4.64,true,1,
7290000061450,false,פתיתים אפויים קוסקוס 3 צבעים אסם 500 גרם,קבוצת אסם סחר שות. מוגבלת,IL,פתיתים אפויים,גרמים,500.00,100 גרם,false,0,7.80,1.56,true,1,
7290000061764,false,קפה נמס מגורען רד מאג 200 גרם,קבוצת אוסם סחר שותפות מוגבלת,ES,נסקפה רד מאג,גרמים,200.00,100 גרם,false,0,23.90,11.95,true,1,
7290000062242,false,דובנים שמנת בצל 40 ג' אסם,"אסם השקעות בע""\מ",IL,דובונים שמנת בצל,גרמים,40.00,100 גרם,false,0,4.90,12.25,true,1,
7290000062952,false,אוסם - מיני קרוטונים למרק ולסלט 250 גרם,קבוצת אוסם סחר שותפות מוגבלת,IL,מיני קרוטונים,גרמים,250.00,100 גרם,false,0,16.20,6.48,true,1,
7290000063102,false,קמח עוגה תופח מאליו אסם 350 גרם,קבוצת אוסם סחר שותפות מוגבלת,IL,קמח תופח מאליו,גרמים,350.00,100 גרם,false,0,5.80,1.66,true,1,
7290000063133,false,אסם שקדי מרק רכיבים טבעיים 24*100גרם,קבוצת אוסם סחר שותפות מוגבלת,IL,שקדי מרק אסם,גרמים,100.00,100 גרם,false,0,6.70,6.70,true,1,
7290000063157,false,"קמח עוגה תופח מאליו אסם 1 ק""ג",קבוצת אוסם סחר שותפות מוגבלת,IL,קמח תופח מאליו,קילוגרמים,1.00,"ק""ג",false,0,10.30,10.30,true,1,
7290000064758,false,קוסקוס בינוני אמיתי אסם 350 ג',קבוצת אוסם סחר שותפות מוגבלת,IL,קוסקוס בינוני,גרמים,350.00,100 גרם,false,0,8.80,2.51,true,1,
7290000065090,false,מיני קרוטונים מתובלים למרק ולסלט אסם 400 גרם,קבוצת אוסם סחר שותפות מוגבלת,IL,מיני קרוטונים,גרמים,400.00,100 גרם,false,0,26.50,6.63,true,1,
7290000065663,false,"רוטב לסלט קיסר 290 מ""ל",אסם,IL,רוטב לסלט,מיליליטרים,290.00,"100 מ""ל",false,0,12.10,4.17,true,1,
7290000066134,false,ביסלי חטיף בטעם פלאפל אסם (70 גרם),קבוצת אוסם סחר שותפות מוגבלת,IL,ביסלי פלאפל,גרמים,70.00,100 גרם,false,0,4.50,6.43,true,1,
7290000066141,false,ביסלי חטיף בטעם גריל אסם (70 גרם),קבוצת אוסם סחר שותפות מוגבלת,IL,ביסלי גריל,גרמים,70.00,100 גרם,false,0,4.50,6.43,true,1,
7290000066158,false,ביסלי בצל 67 גרם,מיוצר עי קונדיטוריית,IL,ביסלי בטעם בצל,גרמים,67.00,100 גרם,false,0,4.50,6.72,true,1,
7290000066165,false,ביסלי טעם ברביקיו 70,מיוצר עי קונדיטוריית,IL,ביסלי ברביקיו,גרמים,67.00,100 גרם,false,0,4.50,6.72,true,1,
7290000066202,false,ביסלי ג.ט.בצל 190 גר,מיוצר עי קונדיטוריית,IL,ביסלי בטעם בצל,גרמים,190.00,100 גרם,false,0,7.90,4.16,true,1,
7290000066264,false,דובונים חטיף תפוחי אדמה אסם (40 גרם),קבוצת אוסם סחר שותפות מוגבלת,IL,חטיפי דובונים,גרמים,40.00,100 גרם,false,0,4.90,12.25,true,1,
7290000066295,false,במבה מתוקה מחומרים טבעיים 30 גרם,קבוצת אוסם סחר שותפות מוגבלת,IL,במבה מתוקה,גרמים,30.00,100 גרם,false,0,2.90,9.67,true,1,
7290000066318,false,במבה חטיף בוטנים אסם 80 גרם,קבוצת אוסם סחר שותפות מוגבלת,IL,במבה,גרמים,80.00,100 גרם,false,0,4.90,6.13,true,1,
7290000066332,false,אפרופו חטיף תירס אסם (50 גרם),קבוצת אוסם סחר שותפות מוגבלת,IL,חטיף אפרופו,גרמים,50.00,100 גרם,false,0,5.80,11.60,true,1,
7290000066349,false,אפרופו חטיף תירס אסם (100 גרם),קבוצת אוסם סחר-שות.מוגבלת,IL,אפרופו חטיף תירס,גרמים,100.00,100 גרם,false,0,9.30,9.30,true,1,
7290000066943,false,סירופ ענבים ויטמינצ`יק (1 ליטר),קבוצת אסם סחר שות. מוגבלת,IL,ויטמינצ'יק ענבים,ליטרים,1.00,ליטר,false,0,13.90,13.90,true,1,
7290000067735,false,פרפקטו ניוקי בצקיות תפוחי אדמה 500 ג' אסם,קבוצת אוסם סחר שותפות מוגבלת,IT,ניוקי פרפקטו,גרמים,500.00,100 גרם,false,0,12.80,2.56,true,1,
7290000068138,false,אינסטנט פודינג בטעם וניל אסם 80 גרם,קבוצת אוסם סחר שותפות מוגבלת,IL,אינסטנט פודינג,גרמים,80.00,100 גרם,false,0,5.70,7.13,true,1,
7290000068169,false,אינסטנט פודינג שוקולד95ג,"אסם השקעות בע""מ",IL,אינסטנט פודינג,גרמים,95.00,100 גרם,false,0,5.70,6.00,true,1,
7290000068770,false,במבה יום הולדת חטיף בוטנים אסם 80 גרם,קבוצת אוסם סחר שותפות מוגבלת,IL,במבה יום הולדת,גרמים,80.00,100 גרם,false,0,4.90,6.13,true,1,
7290000068787,false,במבה יום הולדת חטיף בוטנים אסם 25 גרם,קבוצת אוסם סחר שותפות מוגבלת,IL,במבה יום הולדת,גרמים,25.00,100 גרם,false,0,2.50,10.00,true,1,
7290000070322,false,אבקת מרק פטריות רכיבים טבעיים אסם 400 גרם,קבוצת אוסם סחר שותפות מוגבלת,IL,מרק פטריות אסם,גרמים,400.00,100 גרם,false,0,28.90,7.23,true,1,
7290000072227,false,רוטב סויה בסגנון סיני אסם (290 מל),קבוצת אוסם סחר-שות.מוגבלת,IL,רוטב סויה,מיליליטרים,290.00,"100 מ""ל",false,0,11.90,4.10,true,1,
7290000072753,false,קפה נמס מגורען טסטרס צ'ויס 200 גרם-,קבוצת אוסם סחר שותפות מוגבלת,KR,נסקפה טסטרס צויס,גרמים,200.00,100 גרם,false,0,36.90,18.45,true,1,
7290000072777,false,קפה נמס מגורען נטול קפאין טסטרס צ'ויס 200 גרם,קבוצת אוסם סחר שותפות מוגבלת,KR,קפה טסטרס צויס,גרמים,200.00,100 גרם,false,0,39.60,19.80,true,1,
7290000073415,false,אוסם - מנה חמה פסטה ברוטב פיצה 61 גרם,קבוצת אוסם סחר שותפות מוגבלת,IL,מנה חמה פסטה,גרמים,61.00,100 גרם,false,0,6.90,11.31,true,1,
7290000073774,false,מנה חמה נודלס אטר+ירקות טעם צילי 70 גרם,קבוצת אוסם סחר שותפות מוגבלת,TH,מנה חמה נודלס,גרמים,70.00,100 גרם,false,0,7.80,11.14,true,1,
7290000074153,false,ביסקוויט פתי בר שוקולד אסם (500 גרם),קבוצת אוסם סחר שותפות מוגבלת,IL,פתי בר שוקו,גרמים,500.00,100 גרם,false,0,15.00,3.00,true,1,
7290000074184,false,ביסקוויט פתי בר אסם (500 גרם),קבוצת אוסם סחר שותפות מוגבלת,IL,ביסקוויט פתי בר,גרמים,500.00,100 גרם,false,0,12.00,2.40,true,1,
7290000074252,false,קרקר שומשום אסם (250 גרם),קבוצת אוסם סחר שותפות מוגבלת,IL,קרקר שומשום אסם,גרמים,250.00,100 גרם,false,0,11.20,4.48,true,1,
7290000074337,false,לחמית ח.מלאה דל נתרן250ג,אסם,IL,לחמית דל נתרן,גרמים,250.00,100 גרם,false,0,11.60,4.64,true,1,
7290000076775,false,מאגדת לייט יוגורט חמוציו,נסטלה,IL,מאגדת לייט יוגור,גרמים,258.00,100 גרם,false,0,27.90,10.81,true,1,
7290000077017,false,עוגיות קרמוגית במילוי קרם שוקולד אסם 200 גרם,קבוצת אוסם סחר שותפות מוגבלת,IL,קרמוגית שוקולד,גרמים,200.00,100 גרם,false,0,12.70,6.35,true,1,
7290000077925,false,אסם טוסטים צנימים עגולים חטה.מלא 125 גרם,קבוצת אסם סחר שות. מוגבלת,NL,טוסטעים צנימים,גרמים,125.00,100 גרם,false,0,11.40,9.12,true,1,
7290000080758,false,פת קלויה טוסטעים אסם (100 גרם),קבוצת אוסם סחר שותפות מוגבלת,NL,טוסטעים פת קלוי,גרמים,100.00,100 גרם,false,0,11.40,11.40,true,1,
7290000103808,false,לקט להקפצה סיני 800גרם,סנפרוסט,IL,לקט להקפצה,גרמים,800.00,100 גרם,false,0,26.40,3.30,true,1,
7290000103822,false,לקט מוקפא לעוף סנפרוסט (800 גרם),תנובה מרכז שיתופי לשיווק תוצרת,IL,לקט לעוף 800גרם,גרמים,800.00,100 גרם,false,0,25.20,3.15,true,1,
7290000103860,false,מרק עדשים עשיר בירקות סנפרוסט (572 גרם),תנובה מרכז שיתופי לשיווק תוצרת,IL,מרק עדשים,גרמים,572.00,100 גרם,false,0,19.90,3.48,true,1,
7290000104072,false,עדשים ירוקות מבושלות מוקפאות 800 ג' סנפרוסט,תנובה מרכז שיתופי לשיווק תוצרת,IL,עדשים ירוקות,גרמים,800.00,100 גרם,false,0,21.70,2.71,true,1,
7290000104201,false,אפונה עדינה מוקפאת סנפרוסט (600 גרם),תנובה ענף ב.ע.ד,IL,אפונה עדינה קפוא,גרמים,600.00,100 גרם,false,0,19.90,3.32,true,1,
7290000104683,false,שעועית ירוקה שלמה סנפרוסט (800 גרם),תנובה מרכז שיתופי לשיווק תוצרת,IL,שעועית שלמה-קפוא,גרמים,800.00,100 גרם,false,0,23.90,2.99,true,1,
7290000104720,false,שעועית ירוקה חתוכה סנפרוסט (800 גרם),תנובה מרכז שיתופי לשיווק תוצרת,IL,שעועית ירוקה,גרמים,800.00,100 גרם,false,0,20.90,2.61,true,1,
7290000104744,false,כרובית מוקפאת סנפרוסט (800 גרם),תנובה מרכז שיתופי לשיווק תוצרת,IL,כרובית מוקפאת,גרמים,800.00,100 גרם,false,0,28.00,3.50,true,1,
7290000106175,false,לקט כפרי מוקפא סנפרוסט (2 קג),תנובה קפואים,IL,לקט כפרי קפוא,קילוגרמים,2.00,"ק""ג",false,0,42.80,21.40,true,1,
7290000107677,false,שעועית עדינה צהובה שלמה 600 גרם,תנובה מרכז שיתופי לשיווק תוצרת,IL,שעועית צהובה,גרמים,600.00,100 גרם,false,0,25.20,4.20,true,1,
7290000110059,false,"מרגרינה בלובנד ללת""ס200ג",יוניליוור ישראל מזון בע\,IL,מרגרינה בלו-בנד,גרמים,200.00,100 גרם,false,0,4.70,2.35,true,1,
7290000110073,false,מרגרינה בטעם חמאה 200גר,אתר חיפה מרגרינה,IL,מחמאה מרגרינה,גרמים,200.00,100 גרם,false,0,5.00,2.50,true,1,
7290000110851,false,כיפלי חטיף בטעם בצל מהדרין תלמה (70 גרם),יוניליוור ישראל שיווק בע`מ,IL,כיפלי בטעם בצל,גרמים,70.00,100 גרם,false,0,4.90,7.00,true,1,
7290000112510,false,מרק עשיר קנור-פטריות ויטליטי 83 ג',אתר חיפה אבקות - Foo,IL,מרק פטריות,גרמים,83.00,100 גרם,false,0,10.20,12.29,true,1,
7290000112770,false,מרק עשיר אפונה קנור117גר,אתר חיפה אבקות - Foo,IL,מרק אפונה קנור,גרמים,117.00,100 גרם,false,0,10.20,8.72,true,1,
7290000117386,false,מארז 8 חטיפי דגנים שוגי,יוניליוור ישראל מזון,IL,חטיפי דגנים 8 יח,גרמים,208.00,100 גרם,false,0,15.90,7.64,true,1,
7290000117393,false,חט.דגנים שוקו שוגי 26X8ג,יוניליוור,IL,חטיפי דגנים 8 יח,גרמים,208.00,100 גרם,false,0,15.90,7.64,true,1,
7290000117430,false,חטיפי דגנים קוקומן 21X8ג,יוניליוור,IL,חטיפי דגנים 8 יח,גרמים,168.00,100 גרם,false,0,15.90,9.46,true,1,
7290000120874,false,מיונז הלמנס לייט מופחת קלוריות 424ג,"יוניליוור ישראלשיווק בע""מ",US,מיונז הלמנס,גרמים,424.00,100 גרם,false,0,10.00,2.36,true,1,
7290000121093,false,גבינה מותכת לייט בטעם שוויצרי 7% מון בלאן 120 גר',נטו מלינדה סחר בע`מ,IL,גבינת מון בלאן,גרמים,120.00,100 גרם,false,0,10.00,8.33,true,1,
7290000121154,false,גבינה מותכת לייט עם סלמון 7% מון בלאן 120 גרם,נטו מלינדה סחר בע`מ,IL,גבינת מון בלאן,גרמים,120.00,100 גרם,false,0,10.00,8.33,true,1,
7290000121376,false,778 קונפ' אוכמניות לייט 300 גרם,יוניליוור,IL,קונפיטורה 778,גרמים,300.00,100 גרם,false,0,11.90,3.97,true,1,
7290000123158,false,מרגרינה למריחה בטעם חמאה מזולה (250 גרם),יוניליוור ישראל שיווק בעמ,IL,מזולה טעם חמאה,גרמים,250.00,100 גרם,false,0,10.90,4.36,true,1,
7290000134673,false,זנגויל טחון מיכל 30 גרם,"תבליני טעם וריח בע""מ",IL,זנגויל טחון,גרמים,30.00,100 גרם,false,0,7.80,26.00,true,1,
7290000134826,false,זעתר מעורב בקופ' 100 גר' טעם וריח,"תבליני טעם וריח בע""מ",IL,זעתר מעורב,גרמים,100.00,100 גרם,false,0,12.80,12.80,true,1,
7290000134840,false,כורכום טחון בקופ' 100 גר' טעם וריח,"תבליני טעם וריח בע""מ",IL,כורכום טחון,גרמים,100.00,100 גרם,false,0,12.50,12.50,true,1,
7290000134857,false,פפריקה מתוקה בקופ' 100 גר' טעם וריח,"תבליני טעם וריח בע""מ",IL,פפריקה במיכל,גרמים,100.00,100 גרם,false,0,12.80,12.80,true,1,
7290000136721,false,ג'אמפ תפוזים 1.5 ליטר,טמפו 7.5%,IL,ג'אמפ תפוזים,ליטרים,1.50,ליטר,false,0,6.80,4.53,true,1,
7290000136738,false,ג'אמפ אשכוליות 1.5 ליטר,טמפו 7.5%,IL,ג'אמפ אשכוליות,ליטרים,1.50,ליטר,false,0,6.80,4.53,true,1,
7290000136745,false,ג'אמפ תות בננה 1.5 ליטר,"טמפו משקאות בע""מ",IL,ג'אמפ תות בננה,ליטרים,1.50,ליטר,false,0,6.80,4.53,true,1,
7290000143200,false,"הוואי - מרכך לשיער יבש 700 מ""ל",שוורצקוף& הנקל דיסלד,IL,מרכך שיער הוואי,מיליליטרים,700.00,"100 מ""ל",false,0,8.90,1.27,true,1,
7290000143255,false,הוואי שמפו לשיער רגיל 700 מל ירוק,שוורצקוף& הנקל דיסלד,IL,שמפו הוואי,מיליליטרים,700.00,"100 מ""ל",false,0,8.90,1.27,true,1,
7290000143286,false,הוואי מרכך לשיער רגיל 700 מל ירוק,טרופיקל דגיל קוסמטיק,IL,מרכך הוואי,מיליליטרים,700.00,"100 מ""ל",false,0,8.90,1.27,true,1,
7290000144467,false,שמן חמניות מועשר בנוגדי חמצון 1 ל' עץ הזית,"נארז ע""י : א.ג. גילר",IL,שמן חמניות,ליטרים,1.00,ליטר,false,0,17.20,17.20,true,1,
7290000148298,false,מיץ תפוזים סחוט קלאסי2ל,פריגת,IL,מיץ תפוזים סחוט,ליטרים,2.00,ליטר,false,0,26.70,13.35,true,1,
7290000149851,false,סבון לניקוי והסרת כתמים סינטבון 460 גרם,החברה הדרומית לשיווק בעמ,IL,סינטבון נקה כפול,גרמים,460.00,100 גרם,false,0,10.80,2.35,true,1,
7290000153469,false,קציצות עוף קלאסיות 100% רכיבים טבעיים,קבוצת אסם סחר שות. מוגבלת,IL,קציצות עוף,גרמים,600.00,100 גרם,false,0,32.00,5.33,true,1,
7290000158235,false,שניצל עוף דקיק צ'יפס שמח,"מוצרי עוף טוב (2001) בע""",IL,שניצל דק בציפוי,גרמים,700.00,100 גרם,false,0,42.90,6.13,true,1,
7290000160467,false,עוף ולתנור גריל 49 גרם,יוניליוור,IL,עוף ולתנור גריל,גרמים,49.00,100 גרם,false,0,7.30,14.90,true,1,
7290000160771,false,"כריות וניל בד""צ 750 גרם",יוניליוור ישראל מזון בע\,,כריות וניל,גרמים,750.00,100 גרם,false,0,29.90,3.99,true,1,
7290000161358,false,מיונז אמיתי משמן קנולה תלמה (500 גרם),"יוניליוור ישראל שיווק בע""מ",IL,מיונז אמיתי תלמה,גרמים,500.00,100 גרם,false,0,14.90,2.98,true,1,
7290000162829,false,מיקספלקס פלוס אגוזים400ג,דליסר,,מיקספלקס פלוס,גרמים,400.00,100 גרם,false,0,16.90,4.23,true,1,
7290000165219,false,קרם קרקר 210 גרם,תות תעשיות מזון (201,IL,קרם קרקר,גרמים,210.00,100 גרם,false,0,9.30,4.43,true,1,
7290000166414,false,מזולה לאפיה ללא מלח200ג,יוניליוור,IL,מזולה ללא מלח,גרמים,200.00,100 גרם,false,0,6.50,3.25,true,1,
7290000166421,false,מזולה לאפיה טעם חמאה200ג,אתר חיפה מרגרינה,IL,מזולה טעם חמאה,גרמים,200.00,100 גרם,false,0,6.50,3.25,true,1,
7290000167756,false,קינמונים 500 גרם,דליסר,IL,קינמונים,גרמים,500.00,100 גרם,false,0,17.90,3.58,true,1,
7290000168173,false,"ברנפלקס קרנצ'ים תלמה בד""ץ 375 גרם",יוניליוור ישראל שיווק בעמ,IL,ברנפלקס קרנצ'ים,גרמים,375.00,100 גרם,false,0,17.90,4.77,true,1,
7290000170053,false,שוקולד פרה חלב 100 גרם,"שטראוס גרופ בע""\מ.",IL,שוקולד פרה חלב,גרמים,100.00,100 גרם,false,0,6.00,6.00,true,1,
7290000170077,false,שוקולד פרה מריר פרווה עלית (100 גרם),"שטראוס גרופ בע""\מ.",IL,שוקולד מריר,גרמים,100.00,100 גרם,false,0,6.00,6.00,true,1,
7290000170275,false,שוקולד ממולא קרם נוגט100,STRAUSS-ISRAEL,IL,שוקולד ממולא,גרמים,100.00,100 גרם,false,0,6.60,6.60,true,1,
7290000174723,false,שוקולית אבקה להכנת משקה שוקו 500 גרם,הנסיך- מפעל לייצור ט,IL,שוקולית,גרמים,500.00,100 גרם,false,0,13.90,2.78,true,1,
7290000175027,false,ממרח בטעם שוקולד ממר,STRAUSS-ISRAEL,IL,ממרחית שוקולד,גרמים,500.00,100 גרם,false,0,10.70,2.14,true,1,
7290000176062,false,קפה טורקי בשקית 100 ג' עלית,שטראוס קפה בי.ויn\.,IL,קפה טורקי בצלופן,גרמים,100.00,100 גרם,false,0,9.50,9.50,true,1,
7290000176079,false,קפה טורקי עם הל עלית (100 גרם),הנסיך- מפעל לייצור ט,IL,קפה טורקי עם הל,גרמים,100.00,100 גרם,false,0,9.90,9.90,true,1,
7290000176420,false,קפה נמס פחית עלית 200 גרם,פיקסל אם.גי.אם בעמ,IL,קפה נמס,גרמים,200.00,100 גרם,false,0,19.90,9.95,true,1,
7290000178707,false,חטיף צ`יפס בטעם טבעי תפוצ`יפס (50 גרם),"שטראוס פריטו ליי בע""\מ )",IL,חטיף תפוצ'יפס,גרמים,50.00,100 גרם,false,0,4.10,8.20,true,1,
7290000180212,false,שוקולד מריר אגוז 100 גרם,שטראוס גרופ בעמ,IL,שוקולד מריר,גרמים,100.00,100 גרם,false,0,6.60,6.60,true,1,
7290000181103,false,ביסקויט עד חצות חלב200גר,STRAUSS-ISRAEL,IL,ביסקויט מצופה,גרמים,200.00,100 גרם,false,0,14.80,7.40,true,1,
7290000188355,false,ניקול מגבות נייר לבנות 6 גלילים,קימברלי קלארק ישראל שיווק בעמ,IL,מגבות ניקול,מטרים,65.00,מטר,false,0,11.90,0.18,true,1,
7290000189550,false,"שקיות אשפה ענקיות עם שרוך 78 * 90 ס""מ ניקול 2 * 10 יחידות",קימברלי קלארק ישראל שיווק בעמ,IL,זוג אשפתון ענק,יחידה,1.00,יחידה,false,0,28.50,28.50,true,1,
7290000190174,false,מפיות חד שכבתי זוג 85 יח,חוגלה קימברלי,IL,מפיות חד שכבתי,יחידה,1.00,יחידה,false,0,13.70,13.70,true,1,
7290000190563,false,מפיות חד שכבתי מודפס זוג,חוגלה קימברלי,,מפיות ניקול זוג,יחידה,1.00,יחידה,false,0,13.70,13.70,true,1,
7290000191652,false,שלישיית ממחטות אולטרה סופט קלינקס 90 יחידות,קימברלי קלארק ישראל שיווק בעמ,,קלינקס מעוצב 3יח,יחידה,1.00,יחידה,false,0,9.90,9.90,true,1,
7290000195537,false,האגיס - מגבוני האגיס דיילי קר לא מבושם 64 יח' * 4,קימברלי קלארק ישראל שיווק בעמ,IL,מגבוני האגיס 4יח,יחידה,1.00,יחידה,false,0,19.90,19.90,true,1,
7290000195544,false,האגיס מגבונים רביעייה מילוי נטורל מבושם,חוגלה קימברלי,IL,מגבוני האגיס 4יח,יחידה,1.00,יחידה,false,0,19.90,19.90,true,1,
7290000195773,false,האגיס - מגבוני האגיס סנסטיב קר לא מבושם 64 יח' * 4,קימברלי קלארק ישראל שיווק בעמ,IL,מגבוני האגיס 4יח,יחידה,1.00,יחידה,false,0,19.90,19.90,true,1,
7290000196763,false,"שקיות אשפה חזקות במיוחד עם שרוך 52 * 65 ס""מ ניקול 40 יחידות",קימברלי קלארק ישראל שיווק בעמ,,שקיות אשפה,יחידה,1.00,יחידה,false,0,28.50,28.50,true,1,
7290000197432,false,שקיות אוכל סנדביצ'ון ניקול מארז 150X2יח',קימברלי קלארק ישראל שיווק בעמ,IL,סנדוויצ'ון זוג,יחידה,1.00,יחידה,false,0,14.50,14.50,true,1,
7290000197456,false,חיתולים פרידום דריי שלב 4 האגיס 44 יחידות,קימברלי קלארק ישראל שיווק בעמ,IL,חיתולי האגיס,יחידה,1.00,יחידה,false,0,43.90,43.90,true,1,
7290000197463,false,חיתולים פרידום דריי שלב +4 האגיס 40 יחידות,קימברלי קלארק ישראל שיווק בעמ,IL,חיתולי האגיס,יחידה,1.00,יחידה,false,0,43.90,43.90,true,1,
7290000197654,false,שקיות אשפה ענקיות נשלפות 75*90 ניקול 50 יחידות,קימברלי קלארק ישראל שיווק בעמ,IL,שקיות אשפה,יחידה,1.00,יחידה,false,0,24.00,24.00,true,1,
7290000197678,false,חיתולי האגיס פרידום דריי שלב 6 30 יחידות,קימברלי קלארק ישראל שיווק בעמ,IL,חיתולי האגיס,יחידה,1.00,יחידה,false,0,43.90,43.90,true,1,
7290000204512,false,מטליות לחות לניקוי רצפה בריח לימון ניקול 10 יחידות,קימברלי קלארק ישראל שיווק בעמ,IL,מטליות רצפה לחות,יחידה,1.00,יחידה,false,1,12.50,12.50,true,1,
7290000205915,false,חיתולי האגיס אקסטרה קייר מידה 4 40 יחידות,קימברלי קלארק ישראל שיווק בעמ,IL,חיתולי האגיס,יחידה,1.00,יחידה,false,1,55.90,55.90,true,1,
7290000208022,false,עגבניות 2.5 A מרוסקות 850 גרם יכין,זנלכול יכין,IL,עגבניות מרוסקות,גרמים,800.00,100 גרם,false,0,8.50,1.06,true,1,
7290000208091,false,אפונה קטנה עדינה יכין 550 גרם,"זנלכל בע""\מ",IL,אפונת גינה קטנה,גרמים,550.00,100 גרם,false,0,7.50,1.36,true,1,
7290000208312,false,גרעיני תירס מתוק בואקום יכין 400 גר',"זנלכל בע""\מ",IL,תירס ואקום,גרמים,400.00,100 גרם,false,0,6.60,1.65,true,1,
7290000208329,false,גרעיני תירס מתוק יכין (550 גרם),זנלכול יכין,IL,גרעיני תירס מתוק,גרמים,550.00,100 גרם,false,0,6.90,1.25,true,1,
7290000208336,false,רסק יכין 240גר 22% יכין בית יוסף,"זנלכל בע""\מ",IL,רוטב עגבניות,גרמים,260.00,100 גרם,false,0,4.60,1.77,true,1,
7290000208404,false,A2 פול מצרי 550 גרם יכין,זנלכול יכין,IL,פול מצרי,גרמים,550.00,100 גרם,false,0,6.30,1.15,true,1,
7290000208428,false,גרגרי חומוס שלם 550 גרם יכין,היינץ צפון אמריקה מק,IL,חומוס שלם,גרמים,560.00,100 גרם,false,0,6.60,1.18,true,1,
7290000208947,false,עגבניות מרוסקות יכין (240 גרם),היינץ צפון אמריקה מק,IL,עגבניות מרוסקות,גרמים,260.00,100 גרם,false,0,5.60,2.15,true,1,
7290000209722,false,רוטב עגבניות 28% יכין (580 גרם)פריכוז,"זנלכל בע""\מ",IL,רוטב עגבניות,גרמים,580.00,100 גרם,false,0,8.50,1.47,true,1,
7290000211374,false,"קמח חיטה מלא סוגת 1 ק""ג",טחנת קמח דגן-שטיבל,IL,קמח חיטה מלא,קילוגרמים,1.00,"ק""ג",false,0,7.90,7.90,true,1,
7290000211442,false,אורז בסגנון פרסי קלאסי סוגת (1 קג),האי נאם סי או אל.טי.,IL,אורז פרסי קלאסי,קילוגרמים,1.00,"ק""ג",false,0,9.40,9.40,true,1,
7290000211985,false,אורז עגול ריזוטו אחד אחד 1 קג,"סוגת תעשיות בע""\מ",IL,אורז עגול סוגת,קילוגרמים,1.00,"ק""ג",false,0,9.60,9.60,true,1,
7290000212401,false,וופל שוקו מנעמים מצופית 400 גרם*,ח.כהן סוכנות מזון ומשקאות,IL,מצופית 400 גרם,גרמים,400.00,100 גרם,false,0,9.70,2.43,true,1,
7290000238036,false,מלאווח מעדנות 6 יח`700 גרם קפוא,תנובה מרכז שיתופי לשיווק תוצרת,IL,מלווח מעדנית,גרמים,700.00,100 גרם,false,0,18.90,2.70,true,1,
7290000240558,false,עלים בלינצ'ס/קרפ סוזט700,"מעדנות בע""מ",IL,עלי בלינצ'ס,גרמים,700.00,100 גרם,false,0,30.10,4.30,true,1,
7290000244143,false,קרם הוואי לאחר גילוח+ לחות 120 מ``ל,טרופיקל דגיל קוסמטיק,IL,קרם לאחר גילוח,גרמים,120.00,100 גרם,false,0,24.70,20.58,true,1,
7290000267029,false,שקדים מולבנים חצויים השף 100 גרם,דין שיווק וקליה 2021 בעמ,IL,שקד מולבן חצוי,גרמים,100.00,100 גרם,false,0,13.80,13.80,true,1,
7290000267500,false,קליפות הדר מצופות שוקולד מריר שקדיה 200 גרם,"דין שיווק וקלייה בע""",IL,קליפות הדר בשוק,גרמים,200.00,100 גרם,false,0,15.80,7.90,true,1,
7290000267548,false,אגוזי מלך טחונים השף 100 גרם,דין שיווק וקליה 2021 בעמ,IL,אגוז מלך טחון,גרמים,100.00,100 גרם,false,0,13.80,13.80,true,1,
7290000284347,false,קינלי סודה בקבוק 1.5,החברה המרכזית להפצת משקאות בעמ,IL,קינלי סודה,ליטרים,1.50,ליטר,false,0,4.60,3.07,true,1,
7290000285849,false,שוופס מי סודה 1.5 ליטר,יפאורה שותפות מובגלת לשיווק,IL,שוופס מי סודה,ליטרים,1.50,ליטר,false,0,4.10,2.73,true,1,
7290000286761,false,ניילון נצמד סנו סושי פלסטיק מארז 30X2 מ',החברה הדרומית לשיווק בעמ,IL,צמד ניילון נצמד,מטרים,60.00,מטר,false,0,10.00,0.17,true,1,
7290000286921,false,סנוקל רסס וכבס תרסיס אקדח 750 מ``ל,החברה הדרומית לשיווק בעמ,IL,סנוקל רסס וכבס,מיליליטרים,750.00,"100 מ""ל",false,0,10.00,1.33,true,1,
7290000287102,false,סנו שטיחים קצף לניקוי שטיחים 600 סמק,החברה הדרומית לשיווק בעמ,IL,סנו שמפו לשטיחים,גרמים,540.00,100 גרם,false,0,20.90,3.87,true,1,
7290000287409,false,"שלישיית סנובון תות לאסלה ""סנו""",החברה הדרומית לשיווק בעמ,IL,סנובון לאסלה 3יח,גרמים,165.00,100 גרם,false,0,11.90,7.21,true,1,
7290000288031,false,"אקונומיקה תו תקן 4 ליטר ""סנו""",החברה הדרומית לשיווק בעמ,IL,סנו אקונמיקה,ליטרים,4.00,ליטר,false,0,12.60,3.15,true,1,
7290000288352,false,"קוטל חרקים וזוחלים K-300 סנו 630 מ""ל",החברה הדרומית לשיווק בעמ,IL,300-K קוטל חרק,מיליליטרים,630.00,"100 מ""ל",false,0,21.90,3.48,true,1,
7290000289069,false,סנו - ז'אוול מרסס קצף ניקוי בתוספת אקונומיקה בריח לימון 1 ליטר,החברה הדרומית לשיווק בעמ,IL,סנו ג'אוול מרסס,ליטרים,1.00,ליטר,false,0,18.90,18.90,true,1,
7290000292311,false,פוליויקס נוזל רצפות בניחוח סחלבים סנו 2 ליטר,החברה הדרומית לשיווק בעמ,IL,סנו פוליויקס,ליטרים,2.00,ליטר,false,0,20.00,10.00,true,1,
7290000292687,false,סנובון מוצק לניקוי אסלה קלאסיק כחול סנו 3 יחידות,החברה הדרומית לשיווק בעמ,IL,סנובון כחול 3 יח,גרמים,165.00,100 גרם,false,0,15.00,9.09,true,1,
7290000292915,false,רסס ונגב לניקוי כללי תרסיס סנו (750 מל),החברה הדרומית לשיווק בעמ,IL,סנו רסס נגב מרסס,מיליליטרים,750.00,"100 מ""ל",false,0,11.90,1.59,true,1,
7290000293530,false,שקית מילוי לסנו סופג לחות ומונע עובש,החברה הדרומית לשיווק בעמ,IL,סנו סופג לחות,גרמים,340.00,100 גרם,false,0,12.80,3.76,true,1,
7290000293561,false,"תרסיס להסרת כתמי עובש עם אקונומיקה סנו 750 מ""ל",החברה הדרומית לשיווק בעמ,IL,סנו מסיר עובש,מיליליטרים,750.00,"100 מ""ל",false,0,15.90,2.12,true,1,
7290000295336,false,סנו מקסימה אבקת כביסה סנסטיב מילוי1.25,החברה הדרומית לשיווק בעמ,IL,אבקת כביסה,קילוגרמים,1.25,"ק""ג",false,0,12.90,10.32,true,1,
7290000300900,false,שניצל תירס מרכיבים טבעיים טבעול 750 גרם,קבוצת אוסם סחר שותפות מוגבלת,IL,שניצל תירס טבעול,גרמים,750.00,100 גרם,false,0,27.70,3.69,true,1,
7290000301655,false,חטיפי תירס 600 גרם,טבעול,IL,חטיפי תירס טבעול,גרמים,600.00,100 גרם,false,0,27.60,4.60,true,1,
7290000301778,false,כרובית בציפוי פריך 500גר,טבעול ישראל,IL,כרובית בציפוי,גרמים,500.00,100 גרם,false,0,31.10,6.22,true,1,
7290000302041,false,פאקט טיים ארוך אדום,"דובק בע""מ",IL,טיים 100 חבילה,יחידה,1.00,יחידה,false,0,275.00,275.00,false,1,
7290000307220,false,גרעיני תירס מתוק בואקום פרי הגליל 285 גרם,ויטה- פרי גליל (החדשה) בעמ,IL,גרעיני תירס,גרמים,340.00,100 גרם,false,0,6.60,1.94,true,1,
7290000319520,false,נקניק סלמי צרפתי יחיעם 100 גרם,מעדני יחיעם (1993) בעמ,IL,סלמי צרפתי,גרמים,100.00,100 גרם,false,0,22.90,22.90,true,1,
7290000319803,false,קבנוס קלאסי יחיעם (125 גרם),מעדני יחיעם ( 1993 ) בע`מ,IL,קבנוס קלאסי,גרמים,125.00,100 גרם,false,5,15.90,12.72,true,1,
7290000334981,false,"אמריקן צ'יפס 1,2,3 750גר","תעשיות תפוגן בע""\מ",IL,אמריקן צ'יפס,גרמים,750.00,100 גרם,false,0,26.50,3.53,true,1,
7290000336053,false,תרכיז סיידר הגליל מיץ תפוחים מרוכז 330 מל,טמפו משקאות בע`מ,IL,סיידר תרכיז טב,מיליליטרים,330.00,"100 מ""ל",false,0,11.00,3.33,true,1,
7290000339566,false,מרכך כביסה ורוד בדין (4 ליטר),יוניליוור ישראל שיווק בע`מ,IL,מרכך כביסה בדין,ליטרים,4.00,ליטר,false,0,19.90,4.98,true,1,
7290000345277,false,תה קלאסיק מעטפות ויסוצקי 50 יחידות,תה ויסוצקי (ישראל)בעמ,IL,תה ויסוצקי 50 שק,גרמים,75.00,100 גרם,false,0,13.80,18.40,true,1,
7290000345536,false,תה נענע 1.5/ 25 שקיקים ויסוצקי,תה ויסוצקי (ישראל) בעמ,IL,תה נענע,גרמים,37.00,100 גרם,false,0,18.60,50.27,true,1,
7290000346137,false,חליטת הילולי פירות הגן הקסום ויסוצקי 25 יחידות,תה ויסוצקי (ישראל) בעמ,IL,חליטת פירות,גרמים,62.00,100 גרם,false,0,18.90,30.48,true,1,
7290000356730,false,רסק עגבניות 330X2 גרם,מילוז,IL,רסק עגבניות 2 יח,גרמים,660.00,100 גרם,false,0,11.20,1.70,true,1,
7290000363462,false,סלמי איטלקי מעושן ט.צבי,תנובה בשר,IL,מעושן איטלקי,קילוגרמים,0.00,"ק""ג",true,0,79.00,79.00,true,1,
7290000365107,false,כתף בקר מפולפל{טירת צבי},תנובה קפואים,IL,כתף מפולפל,קילוגרמים,0.00,"ק""ג",true,0,107.00,107.00,true,1,
7290000379142,false,לחם עינן מחיטה מלאה פרוס 750 גרם(מרובע),מאפיית שלמה א. אנג'\ל בע,IL,לחם עינן פרוס,גרמים,750.00,100 גרם,false,0,17.20,2.29,true,1,
7290000379203,false,לחם עינן קל פרוס מחיטה מלאה אנג'ל 500 גרם,מאפיית שלמה א. אנג'\ל בע,IL,לחם עינן קל 500 גרם,גרמים,500.00,100 גרם,false,0,16.90,3.38,true,1,
7290000408316,false,יוגורט דנונה דל לקטוז 200 גרם,שטראוס גרופ בעמ/מצונן,IL,יוגורט ביו 3%,גרמים,200.00,100 גרם,false,0,3.70,1.85,true,1,
7290000412481,false,נוזל לניקוי אסלות 00 סנו (1 ליטר),החברה הדרומית לשיווק בעמ,IL,"מנקה אסלות 00""",ליטרים,1.00,ליטר,false,0,6.90,6.90,true,1,
7290000416021,false,ממרח בטעם שוקולד השחר העולה (500 גרם),השחר העולה תעשית ממתקים בעמ,IL,ממרח השחר,גרמים,500.00,100 גרם,false,0,13.90,2.78,true,1,
7290000416045,false,ממרח בטעם שוקולד השחר העולה (1 קג),השחר העולה תעשית ממתקים בעמ,IL,ממרח השחר,קילוגרמים,1.00,"ק""ג",false,0,24.70,24.70,true,1,
7290000416618,false,"ממרח שוקולד פרווה השחר 400 גרם כשל""פ",השחר העולה תעשית ממתקים בעמ,IL,ממרח בטעם שוקולד,גרמים,400.00,100 גרם,false,0,13.50,3.38,true,1,
7290000419114,false,קפה טחון שחור לנדוור 200 גר,"קפה לנדוור בע""\מ",IL,קפה שחור לנדוור,גרמים,200.00,100 גרם,false,0,18.30,9.15,true,1,
7290000419367,false,קפה לנדוור מקורי 70*4גרם,קפה לנדוור,,קפה לנדוור 4 יח',גרמים,280.00,100 גרם,false,0,22.30,7.96,true,1,
7290000420332,false,פופסטאר פופקורן למיקרוגל בטעם חמאה 5 יחידות 500 גרם,פרסטון פארמס,US,פופקורן למיקרו,גרמים,500.00,100 גרם,false,0,11.90,2.38,true,1,
7290000432663,false,נרות חימום 10 קוד,פאלאס תעשיות נטו (2014) בעמ,IL,נרות שבת,יחידה,1.00,יחידה,false,0,4.70,4.70,true,1,
7290000433684,false,פפסי קולה 1.5 ליטר,"טמפו משקאות בע""מ",IL,פפסי קולה,ליטרים,1.50,ליטר,false,0,5.90,3.93,true,1,
7290000433974,false,פפסי מקס 1.5 ליטר,"טמפו משקאות בע""מ",IL,פפסי מקס,ליטרים,1.50,ליטר,false,0,6.30,4.20,true,1,
7290000450209,false,נתחי טונה בהירה בשמן פוסידון (108 גרם),נטו מלינדה סחר בע`מ,IL,טונה פוסידון,גרמים,108.00,100 גרם,false,0,6.70,6.20,true,1,
7290000453385,false,שמרים יבשים פארא אינסטנט 500 גרם עלית,שטראוס גרופ בע`מ,,שמרים יבשים פאקא,גרמים,500.00,100 גרם,false,0,14.90,2.98,true,1,
7290000461656,false,בייגלה מקלות מלוחים בייגל בייגל 400 גרם,יוניליוור ישראל שיווק בע`מ,IL,בייגלה מקלות,גרמים,400.00,100 גרם,false,0,8.90,2.23,true,1,
7290000463377,false,זיתים חרוזית 560 גרם,בית-השיטה עסיס תעשיות מז,IL,זיתים חרוזית,גרמים,560.00,100 גרם,false,0,9.90,1.77,true,1,
7290000463490,false,טבעות זיתים ירוקים 560ג,בית השיטה,IL,טבעות זית ירוק,גרמים,560.00,100 גרם,false,0,10.90,1.95,true,1,
7290000466163,false,מלפ.גולן מלח 7-9 560 גרם,בית-השיטה עסיס תעשיות מז,IL,מלפפונים במלח,גרמים,560.00,100 גרם,false,0,7.30,1.30,true,1,
7290000467160,false,מלפפון בחומץ גדול7-9 560,בית השיטה,IL,מלפפונים בחומץ,גרמים,560.00,100 גרם,false,0,7.30,1.30,true,1,
7290000467177,false,מלפפון 12-10 בחומץ 560גר,בית השיטה,IL,מלפפונים בחומץ,גרמים,560.00,100 גרם,false,0,7.90,1.41,true,1,
7290000468006,false,כרוב כבוש בית השיטה 560ג,בית-השיטה עסיס תעשיו,IL,כרוב כבוש,גרמים,560.00,100 גרם,false,0,8.50,1.52,true,1,
7290000474021,false,חלב 3% בשקית טרה (1 ליטר)פיקוח,*החברה המרכזית להפצת משקאותבעמ,IL,חלב 3% בשקית 1 ל,ליטרים,1.00,ליטר,false,0,5.00,5.00,true,1,
7290000474373,false,"שמנת חמוצה 15% שומן 200 מ""ל טרה",החברה המרכזית טלהפצת משקאות בע,IL,שמנת חמוצה15%,מיליליטרים,200.00,"100 מ""ל",false,0,2.20,1.10,true,1,
7290000474410,false,טרה חמאה מהדרין 100ג,Unknown,IL,חמאה טרה,גרמים,100.00,100 גרם,false,0,3.80,3.80,true,1,
7290000474502,false,גבינה לבנה טרה 5% מרכיבים טבעיים,החברה המרכזית טלהפצת משקאות בע,IL,גבינה לבנה 5%,גרמים,250.00,100 גרם,false,0,4.60,1.84,true,1,
7290000474540,false,טוב טעם גבינה לבנה 3% טרה 250 גרם,החברה המרכזית טלהפצת משקאות בע,IL,גבינת טוב טעם3%,גרמים,250.00,100 גרם,false,0,11.10,4.44,true,1,
7290000490311,false,מנבו וניל פלדמן 6 יחידות,פלקו בעמ,IL,מנבו וניל,גרמים,144.00,100 גרם,false,0,11.90,8.26,true,1,
7290000490397,false,מנבו וניל פלדמן 20 יחידות,הגלידות של פלדמן,IL,מנבו 20 יחידות,גרמים,480.00,100 גרם,false,0,24.90,5.19,true,1,
7290000490625,false,שלגונים ציפוי שוקו מאגדת שמינייה 560 ג',פלקו בעמ חברה ישראלית,IL,מאגדת בטעם שוקו,יחידה,1.00,יחידה,false,1,23.60,23.60,true,1,
7290000490779,false,קרמבו מנבו מוקה 6 יח`,פלקו בעמ,IL,מנבו בטעם מוקה,גרמים,144.00,100 גרם,false,0,11.90,8.26,true,1,
7290000493176,false,אסם אבקת רוטב צלי לבשר 22 ג',קבוצת אוסם סחר שותפות מוגבלת,IL,רוטב צלי לבשר,גרמים,22.00,100 גרם,false,0,4.70,21.36,true,1,
7290000497044,false,לחם אקטיב ברמן (750 גרם),מאפית י את א ברמן בע,IL,לחם ברמן אקטיב,גרמים,750.00,100 גרם,false,0,10.90,1.45,true,1,
7290000497228,false,לחמניה רגילה בשקית ברמן 6יח',מאפית י את א ברמן בע,IL,6 לחמניות בשקית,גרמים,450.00,100 גרם,false,0,12.50,2.78,true,1,
7290000497273,false,לחמניות אקטיב ברמן שישייה 450 גרם,מאפית י את א ברמן בע,IL,6 לחמניות אקטיב,גרמים,450.00,100 גרם,false,1,13.90,3.09,true,1,
7290000497303,false,"שישיית לחמניות מקמח מלא ""ברמן""",מאפית י את א ברמן בע,IL,6לחמניות קמח מלא,גרמים,450.00,100 גרם,false,0,12.50,2.78,true,1,
7290000497426,false,לחם ברמן לענין פלוס 500 גרם,מאפית י את א ברמן בע,IL,לחם ברמן קל,גרמים,500.00,100 גרם,false,0,15.80,3.16,true,1,
7290000497532,false,לחם ברמן לעניין פרוס ברמן (750 גרם),מאפית י את א ברמן בע,IL,לחם ברמן לענין,גרמים,750.00,100 גרם,false,0,15.80,2.11,true,1,
7290000497570,false,לחם דגנים פלוס ברמן 500 גרם,מאפית י את א ברמן בע,IL,לחם דגני קלות,גרמים,500.00,100 גרם,false,0,10.90,2.18,true,1,
7290000518169,false,ממתיק מתוק וקל 1000 טבליות,מתוק וקל בע`מ,IL,מתוק וקל,גרמים,80.00,100 גרם,false,0,10.90,13.63,true,1,
7290000521008,false,יין אדום יבש של סגל (750 מל),"כרמי צבי - אחים סגל בע""\",IL,יין סגל אדום,מיליליטרים,750.00,"100 מ""ל",false,0,19.90,2.65,true,1,
7290000521015,false,יין לבן יבש של סגל (750 מל),"מיוצר ע""י כרמי צבי-",IL,יין לבן של סגל,מיליליטרים,750.00,"100 מ""ל",false,0,19.90,2.65,true,1,
7290000522159,false,חלב הרים טהור-עמיד- קרטון 1 לי 1%,"מחלבות רמת הגולן בע""",IL,חלב הרים טהור,מיליליטרים,1000.00,"100 מ""ל",false,0,9.40,0.94,true,1,
7290000525969,false,מיץ תפוזים סחוט רכיבים טבעיים פרימור 1 ליטר,שטראוס גרופ בעמ/מצונן,IL,מיץ תפוזים סחוט,ליטרים,1.00,ליטר,false,0,16.30,16.30,true,1,
7290000530031,false,סלמי פיין צר זוגלובק,זוגלובק,IL,פיין סלמי צר,קילוגרמים,0.00,"ק""ג",true,0,70.00,70.00,true,1,
7290000530062,false,נקניק מעושן איטלקי במשקל,זוגלובק שיווק בעמ,IL,נקניק איטלקי,קילוגרמים,0.00,"ק""ג",true,0,87.00,87.00,true,1,
7290000530109,false,קבנוס זוגי בואקום זוגלובק 180ג',נקניק נהריה כשר זוגל,IL,זוג קבנוס בואקום,גרמים,360.00,100 גרם,false,0,28.70,7.97,true,1,
7290000530178,false,קוניאק זוגלובק שקילה,זוגלובק שיווק בעמ,IL,נקניק קוניאק,קילוגרמים,0.00,"ק""ג",true,0,92.00,92.00,true,1,
7290000530260,false,נקניק מרטדלה רחב במשקל,זוגלובק שיווק בעמ,IL,נקניק מרטדלה,קילוגרמים,0.00,"ק""ג",true,0,40.00,40.00,true,1,
7290000530413,false,המבורגר זהב זוגלובק 400 גרם,נקניק נהריה כשר זוגל,IL,המבורגר זהב,גרמים,400.00,100 גרם,false,0,22.90,5.73,true,1,
7290000530598,false,נקניקיות עוף וינר זוגלובק 500 גרם,נקניק נהריה כשר זוגל,IL,נקניקיות וינר,גרמים,500.00,100 גרם,false,0,18.30,3.66,true,1,
7290000530703,false,פסטרמה חרמון כפרית ונקניק תה מעושן זוגלובק 2*400 גרם,נקניק נהריה כשר זוגל,IL,מארז חרמון+תה,גרמים,800.00,100 גרם,false,0,34.40,4.30,true,1,
7290000531410,false,פסטרממיה בדבש טהור במשקל,נקניק זוגלובק נהריה,IL,פסטרממיה בדבש,קילוגרמים,0.00,"ק""ג",true,0,91.00,91.00,true,1,
7290000531601,false,סטייק בורגר בקר זהב 400 גרם קפוא,נקניק נהריה כשר זוגל,IL,סטייק בורגר 00,גרמים,400.00,100 גרם,false,0,22.90,5.73,true,1,
7290000531977,false,בורקס במילוי גבינה זוגלובק 800 גרם,נקניק נהריה כשר זוגל,IL,בורקס גבינה,גרמים,800.00,100 גרם,false,0,19.70,2.46,true,1,
7290000532400,false,פסטרמה חזה הודו ברביקיו זוגלובק,נקניק זוגלובק נהריה,IL,חזה הודו ברבקי,קילוגרמים,0.00,"ק""ג",true,0,89.00,89.00,true,1,
7290000533353,false,"בצק עלים צרפתי 1 ק""ג זוגלובק",מאפיית אריאל וגידרון,IL,בצק עלים,גרמים,1000.00,100 גרם,false,0,16.60,1.66,true,1,
7290000534718,false,פסטרמה הודו תבור 1% שומן זוגלובק,נקניק זוגלובק נהריה,IL,חזה הודו תבור,קילוגרמים,0.00,"ק""ג",true,0,90.00,90.00,true,1,
7290000537566,false,נקניקיות עוף טרי 400 ג' זוגלובק,נקניק נהריה כשר זוגל,IL,נקניקיות עוף,גרמים,400.00,100 גרם,false,0,15.90,3.98,true,1,
7290000537603,false,נקניקיות עוף זוגלובק (1 קג),זוגלובק שיווק בעמ,IL,נקניקיות עוף,קילוגרמים,1.00,"ק""ג",false,0,30.90,30.90,true,1,
7290000540245,false,דובשניות דבש טבעי 400גרם,האחים,IL,דובשניות,גרמים,400.00,100 גרם,false,1,12.90,3.23,true,1,
7290000551098,false,בשר שריר מס8' מוכשר קג,פריגוצאקו / פרגוואי,XX,בשר זרוע מוכשר,קילוגרמים,0.00,"ק""ג",true,0,47.90,47.90,true,1,
7290000552194,false,קישקע קפוא טיבון ויל (500 גרם),טיבון ויל אחזקות בעמ,IL,קישקע,גרמים,500.00,100 גרם,false,0,17.90,3.58,true,1,
7290000552927,false,בשר עוף קפוא טחון טיבון ויל (500 גרם),"טיבון ויל אחזקות בע""\מ",IL,טחון עוף,גרמים,500.00,100 גרם,false,0,16.50,3.30,true,1,
7290000554006,false,גבינה קשקבלו משולשים,מחלבות גד,IL,גבינת קשקבל,קילוגרמים,0.00,"ק""ג",true,0,130.00,130.00,true,1,
7290000554600,false,מוצרלה מגורדת 22 אחוז 300גרם גד מהדרין,מחלבות גד שיווק 1992 בעמ,IL,מוצרלה מגורדת,גרמים,300.00,100 גרם,false,0,24.70,8.23,true,1,
7290000554686,false,גבינת לאבנה בתוספת שמן זית וזעתר 5% גד 250 גרם,מחלבות גד שיווק 1992 בעמ,IL,לאבנה בשמן זית5%,גרמים,250.00,100 גרם,false,0,15.00,6.00,true,1,
7290000554792,false,גבינה בולגרית 5%במשקל,מחלבות גד,IL,גבינה בולגרית 5%,גרמים,0.00,"ק""ג",true,0,62.00,62.00,true,1,
7290000554822,false,ריקוטה גבינה לבנה בסגנון איטלקי 5% גד 250 גרם,מחלבות גד שיווק 1992 בעמ,IL,גבינת ריקוטה 5%,גרמים,250.00,100 גרם,false,0,10.90,4.36,true,1,
7290000571188,false,גבינת גאודה תום עיזים במשקל,מחלבות גד שיווק 1992 בעמ,IL,גבינת עיזים,קילוגרמים,0.00,"ק""ג",true,0,159.00,159.00,true,1,
7290000616803,false,כרעים עוף טרי ארוז שלי ל,עוף עוז,IL,כרעיים עוף טרי,קילוגרמים,0.00,"ק""ג",true,1,27.90,27.90,true,1,
7290000631035,false,כבד עוף קפוא עטרה מחיר ל,שונות,IL,כבד עוף קפוא,קילוגרמים,0.00,"ק""ג",true,0,35.50,35.50,true,1,
7290000632391,false,כרעיים עוף קפוא עטרה מחי,נטו מלינדה סחר בעמ,IL,כרעיים עוף קפוא,קילוגרמים,0.00,"ק""ג",true,0,33.90,33.90,true,1,
7290000632599,false,ירכיים פטם קפוא עטרה מחי,נטו מלינדה סחר בעמ,IL,ירכיים פטם קפוא,קילוגרמים,0.00,"ק""ג",true,0,33.90,33.90,true,1,
7290000688114,false,מים מינרלים מי עדן 1.5 ליטר,יפאורה שותפות מוגבלת לשיווק,IL,מי-עדן מים מינרלים 1.5 ל,ליטרים,1.50,ליטר,false,0,5.20,3.47,true,1,
7290000688381,false,מים מינרלים פקק ספורט מי עדן (500x6 מל),יפאורה שותפות מוגבלת לשיווק,IL,מי עדן אישי 6 בק,ליטרים,3.00,ליטר,false,0,14.60,4.87,true,1,
7290000688732,false,שישיית מי עדן 1.5 ליטר משפחתי,"מופק ממקור בזלתי עדן ,1",IL,מי עדן 6 יח,ליטרים,9.00,ליטר,false,0,12.90,1.43,true,1,
7290000692227,false,נוזל לניקוי כלים קלאסי פלמוליב (1 ליטר),יבואן ומשווק: ש. שסט,GR,פלמוליב לכלים,ליטרים,1.00,ליטר,false,0,14.60,14.60,true,1,
7290000692302,false,אג'קס נוז.נ.כללי כחול 2ל,קולגייט-פלמוליב,GR,אג'קס ניקוי כללי,ליטרים,2.00,ליטר,false,0,24.90,12.45,true,1,
7290000802909,false,עדינול משחה לתינוק 100גר,מיוצר עי קונדיטוריית,IL,עדינול לתינוק,גרמים,100.00,100 גרם,false,0,12.90,12.90,true,1,
7290000805795,false,"חול חתולים יורוקיטי 10 ק""ג",דיפלומט מפיצים (1968) בעמ**,IL,חול לחתולים,קילוגרמים,10.00,"ק""ג",false,0,24.90,2.49,true,1,
7290000928241,true,סלמון פרוס לא מעובד שופר,ויליגר תעשיות בעמ,IL,סלמון פרוס,קילוגרמים,0.00,"ק""ג",true,0,79.90,79.90,true,1,
7290000961606,true,שורש ג'ינגר במשקל,קטיף.,XX,שורש גינגר במשקל,קילוגרמים,0.00,"ק""ג",true,0,31.90,31.90,true,1,
7290000961804,true,דלעת ארוזה,קטיף.,IL,דלעת ארוזה,קילוגרמים,0.00,"ק""ג",true,0,10.90,10.90,true,1,
7290000963136,true,תפוח עץ מוזהב 65,קטיף.,XX,תפוח עץ מוזהב,קילוגרמים,0.00,"ק""ג",true,0,10.90,10.90,true,1,
7290000963228,true,תפוח עץ יונתן 65,קטיף.,XX,תפוח יונתן,קילוגרמים,0.00,"ק""ג",true,0,11.90,11.90,true,1,
7290000963310,true,תפוח עץ קנזי יבוא,קטיף.,XX,"תפו""ע קנזי",קילוגרמים,0.00,"ק""ג",true,0,15.90,15.90,true,1,
7290000963365,true,תפוח עץ פינקריספי 65,קטיף.,XX,"תפו""ע פינקריספי",קילוגרמים,0.00,"ק""ג",true,0,13.90,13.90,true,1,
7290000963419,true,תפוח עץ גאלה 65,קטיף.,XX,תפוח עץ גאלה,קילוגרמים,0.00,"ק""ג",true,0,10.90,10.90,true,1,
7290000963563,true,תפוח עץ סמיט65,קטיף.,XX,תפוח עץ סמיט,קילוגרמים,0.00,"ק""ג",true,0,10.90,10.90,true,1,
7290000964300,true,תפוז,קטיף.,IL,תפוז,קילוגרמים,0.00,"ק""ג",true,0,6.90,6.90,true,1,
7290000964379,true,אשכולית לבנה,קטיף.,IL,אשכולית לבנה,קילוגרמים,0.00,"ק""ג",true,0,8.90,8.90,true,1,
7290000964393,true,אשכולית אדומה,קטיף.,IL,אשכולית אדומה,קילוגרמים,0.00,"ק""ג",true,0,7.90,7.90,true,1,
7290000964461,true,פומלית,קטיף.,IL,פומלית,קילוגרמים,0.00,"ק""ג",true,0,7.90,7.90,true,1,
7290000964492,true,לימון תפזורת,קטיף.,IL,לימון,קילוגרמים,0.00,"ק""ג",true,0,8.90,8.90,true,1,
7290000964560,true,קלמנטינה,קטיף.,IL,קלמנטינה,קילוגרמים,0.00,"ק""ג",true,0,6.90,6.90,true,1,
7290000964775,true,בננות,קטיף.,IL,בננה,קילוגרמים,0.00,"ק""ג",true,0,8.90,8.90,true,1,
7290000964829,true,אגס ספדונה 55,קטיף.,IL,אגס ספדונה,קילוגרמים,0.00,"ק""ג",true,0,10.90,10.90,true,1,
7290000964980,true,אבוקדו,קטיף.,IL,אבוקדו,קילוגרמים,0.00,"ק""ג",true,0,12.90,12.90,true,1,
7290000965055,true,מלון מובחר,קטיף.,IL,מלון מובחר,קילוגרמים,0.00,"ק""ג",true,0,6.90,6.90,true,1,
7290000966205,true,ענב אוטם בלק,,IL,ענב אוטם בלק,קילוגרמים,0.00,"ק""ג",true,0,13.90,13.90,true,1,
7290000966328,true,אפרסמון סיני65,קטיף.,IL,אפרסמון סיני,קילוגרמים,0.00,"ק""ג",true,0,13.90,13.90,true,1,
7290000979700,true,לבבות חסה יחידה,קטיף.,IL,חסה לבבות,יחידה,1.00,יחידה,false,0,9.50,9.50,true,1,
7290001012123,false,פרש וואנס קייר כחול 72*4,על בד,IL,פרש וואנס,יחידה,1.00,יחידה,false,0,17.90,17.90,true,1,
7290001045237,false,משקה לימון עם נענע 2ליטר,"גניר (1992) בע""מ",IL,משקה לימון נענע,ליטרים,2.00,ליטר,false,0,25.90,12.95,true,1,
7290001121054,false,צמד חמד פסטרמה וסלמי יחיעם 700 גרם,מעדני יחיעם ( 1993 ) בע`מ,IL,צמד חמד,גרמים,700.00,100 גרם,false,0,30.60,4.37,true,1,
7290001121788,false,נקניקיות עוף טבעיות400גר,מעדני יחיעם,IL,נקניקיות עוף,גרמים,400.00,100 גרם,false,0,17.00,4.25,true,1,
7290001136973,false,נקה 7 תחליב רחצה ארומה קמומיל לבן 1 ל',החברה הדרומית לשיווק בעמ,IL,תחליב רחצה נקה 7,ליטרים,1.00,ליטר,false,0,15.40,15.40,true,1,
7290001230331,false,סיגריות כאמל בוקס חפ,Unknown,CH,כאמל בוקס יח',יחידה,1.00,יחידה,false,0,32.00,32.00,false,1,
7290001231233,false,סיגריות וינסטון בוקס,Unknown,CH,ווינסטון בוקס,יחידה,1.00,יחידה,false,0,32.00,32.00,false,1,
7290001231932,false,ווינסטון כחול בוקס חפיסה,Unknown,CH,ווינסטון כחול,יחידה,1.00,יחידה,false,0,32.00,32.00,false,1,
7290001234133,false,סיגריות כאמל כתום חפ,Unknown,CH,כאמל כתום,יחידה,1.00,יחידה,false,0,32.00,32.00,false,1,
7290001247082,false,מיץ עגבניות רכיבים טבעיים ספרינג 1 ליטר,יפאורה שותפות מוגבלת לשיווק,IL,נקטר עגבניות,ליטרים,1.00,ליטר,false,0,5.90,5.90,true,1,
7290001247099,false,קרטונית נקטר ספרינג מנגו 1 ליטר,יפאורה שותפות מוגבלת לשיווק,IL,נקטר ספרינג מנגו,ליטרים,1.00,ליטר,false,0,5.90,5.90,true,1,
7290001247105,false,קרטונית נקטר ספרינג אפרסק 1 ליטר,יפאורה שותפות מוגבלת לשיווק,IL,נקטר אפרסק,ליטרים,1.00,ליטר,false,0,5.90,5.90,true,1,
7290001247112,false,קרטונית נקטר ספרינג לימונענע 1 ליטר,יפאורה שותפות מוגבלת לשיווק,IL,משקה לימונענע,ליטרים,1.00,ליטר,false,0,5.90,5.90,true,1,
7290001247129,false,נקטר ספרינג תפוזים קרטונית 1 ל',יפאורה שותפות מוגבלת לשיווק,IL,נקטר ספרינג תפוז,ליטרים,1.00,ליטר,false,0,5.90,5.90,true,1,
7290001327029,false,מאגדת מיקס 7 יחידות,שטראוס,IL,מאגדת מיקס,גרמים,440.00,100 גרם,false,0,39.20,8.91,true,1,
7290001485019,false,גבינת קרם שמנת טבעי 5% טרה 200 גרם,החברה המרכזית טלהפצת משקאות בע,IL,גבינת שמנת 5%,גרמים,200.00,100 גרם,false,0,10.80,5.40,true,1,
7290001485026,false,גבינת קרם שמנת 5% עם זיתים טרה (200 גרם),*החברה המרכזית להפצת משקאותבעמ,IL,גבינת שמנת+זיתים,גרמים,200.00,100 גרם,false,0,10.80,5.40,true,1,
7290001491010,false,תה ירוק יסמין ויסוצקי 25 יחידות,תה ויסוצקי (ישראל) בעמ,IL,תה ירוק יסמין,גרמים,37.00,100 גרם,false,0,26.90,72.70,true,1,
7290001648643,false,מארז קפה טורקי כתר 100X3 גרם,רוני רג'ואן ושות,IL,מארז טורקי כתר,גרמים,300.00,100 גרם,false,0,14.70,4.90,true,1,
7290001710869,false,"שניצל עוף קפוא לק""ג",מעדני הטלה,IL,שניצל עוף קפוא,קילוגרמים,0.00,"ק""ג",true,1,49.90,49.90,true,1,
7290001779965,false,שלגוני ויטמינצ'יק כשלפ,נסטלה,IL,שלגוני ויטמינצ,גרמים,800.00,100 גרם,false,0,24.60,3.08,true,1,
7290001791349,false,אקונומיקה פיסגה ריחנית סנו (4 ליטר),החברה הדרומית לשיווק בעמ,IL,אקונומיקה פיסגה,ליטרים,4.00,ליטר,false,0,10.00,2.50,true,1,
7290001814222,false,שוקולד חלב עם עדשים 100ג,STRAUSS-ISRAEL,IL,שוקולד עדשים,גרמים,100.00,100 גרם,false,0,6.60,6.60,true,1,
7290001817377,false,צ`יטוס איקס עיגול בטעם פיצה 60 גרם,"שטראוס פריטו ליי בע""\מ )",IL,צ'יטוס איקס,גרמים,60.00,100 גרם,false,0,3.60,6.00,true,1,
7290001817728,false,צ'יטוס אפוי כאפה בטעם קטשופ 55 גרם,"שטראוס פריטו ליי בע""\מ )",IL,צ'יטוס כפאה,גרמים,55.00,100 גרם,false,0,3.60,6.55,true,1,
7290001929889,false,מגש פ.יבשים600גרם-שקדיה,דין שיווק וקלייה בעמ,IL,מגש פ.יבשים,גרמים,600.00,100 גרם,false,0,40.50,6.75,true,1,
7290001990094,false,"סוכר חום כהה צנצנת קלאסי סוגת 1ק""ג",האי נאם סי או אל.טי.,IL,סוכר חום קלאסי,קילוגרמים,1.00,"ק""ג",false,0,12.80,12.80,true,1,
7290001990148,false,"סוכר גולדן קלאסי בצנצנת סוגת 1 ק""ג",האי נאם סי או אל.טי.,IL,סוכר גולדן,קילוגרמים,1.00,"ק""ג",false,0,12.10,12.10,true,1,
7290002000143,false,"חדש -פנג'ל ק.ידיים קלאסיק 80מ""ל",מיוצר עי קונדיטוריית,IL,קרם ידיים פנג'ל,מיליליטרים,80.00,"100 מ""ל",false,0,6.90,8.63,true,1,
7290002007371,false,פירורי לחם הנמל 500 ג',הנמל אריזות ושיווק 1984 בע`מ,IL,פירורי לחם,גרמים,500.00,100 גרם,false,0,6.50,1.30,true,1,
7290002007395,false,דובדבנים מסוכרים 100 ג' הנמל,הנמל אריזות ושווק בעמ,IL,דובדבנים מסוכרים,גרמים,100.00,100 גרם,false,0,6.80,6.80,true,1,
7290002007500,false,קיסמי שיניים הנמל במבוק 500 יחידות,הנמל אריזות ושיווק 1984 בע`מ,IL,קיסמי שיניים,יחידה,1.00,יחידה,false,0,3.50,3.50,true,1,
7290002008040,false,שיפודי במבוק הנמל 100 יחידות,הנמל אריזות ושיווק (1984) בעמ,IL,מקלות לשיפודים,יחידה,1.00,יחידה,false,0,3.50,3.50,true,1,
7290002008187,false,קשים מתקפלים לשתיה הנמל 40 יחידות,הנמל אריזות ושיווק 1984 בע`מ,IL,קשים מתקפלים,יחידה,1.00,יחידה,false,0,1.00,1.00,true,1,
7290002008224,false,סוכריות לקישוט צבעונית הנמל 100 ג',הנמל אריזות ושיווק 1984 בע`מ,IL,סוכריות לקישוט,גרמים,100.00,100 גרם,false,0,6.20,6.20,true,1,
7290002013037,false,פסטרמה פרגיות זוגלובג,נקניק זוגלובק נהריה,IL,פסטרמה פרגיות,קילוגרמים,0.00,"ק""ג",true,0,90.00,90.00,true,1,
7290002016830,false,שימורי דרום כרוב כבוש 560גר,בני דרום,IL,כרוב כבוש,גרמים,550.00,100 גרם,false,0,7.90,1.44,true,1,
7290002019114,false,רוטב עגבניות מרוכז מאד 28-30BX פריניר,ח.כהן סוכנות מזון ומשקאות בע,IL,תרכיז עגבניות,גרמים,580.00,100 גרם,false,0,6.70,1.16,true,1,
7290002019787,false,רוטב עגבניות מרוכז מאוד 260 גרם פריניר,ח.כהן סוכנות מזון ומשקאות בע,IL,רסק עגבניות,גרמים,260.00,100 גרם,false,0,4.00,1.54,true,1,
7290002026341,false,אריסטו קראנץ ציפס בטטה טוגנים 500גר,מוצרי איכות אמריקאיים בעמ,IL,ציפס בטטה,גרמים,500.00,100 גרם,false,12,19.90,3.98,true,1,
7290002026358,false,אריסטו קראנץ צ`יפס בטטה זיגזג טוגנים 500,מוצרי איכות אמריקאיים בעמ,IL,ציפס בטטה זיג זג,גרמים,500.00,100 גרם,false,1,19.90,3.98,true,1,
7290002026891,false,"מאגדת גלידת בן& ג'ריס קוקי מיקס 400מ""ל",מוצרי איכות אמריקאיים בע,IL,מאגדת קוקי מיקס,יחידה,1.00,יחידה,false,1,29.90,29.90,true,1,
7290002037057,false,"לחם לבן פרוס ארוז ""ברמן"" - מוצר בפיקוח",מאפית י את א ברמן בע,IL,לחם פרוס לבן 500 גרם,גרמים,500.00,100 גרם,false,0,6.04,1.21,true,1,
7290002037309,false,לחמניות המבורגר מאפיית ודש 8),מאפית י את א ברמן בע,IL,8לחמניות המבורגר,גרמים,400.00,100 גרם,false,0,11.80,2.95,true,1,
7290002037637,false,לחמניות הבית מתוקות מאפיית ודש) (4,מאפית י את א ברמן בע,IL,חליות מתוקות 4יח,גרמים,350.00,100 גרם,false,0,13.10,3.74,true,1,
7290002040064,false,קוסקוס דק להכנה מהירה בשקית 350 גרם,הנמל אריזות ושיווק (1984) בעמ,IL,קוסקוס דק,גרמים,350.00,100 גרם,false,0,5.50,1.57,true,1,
7290002040088,false,קוסקוס מלא מזון קוסקוס (350 גרם),הנמל אריזות ושיווק (1984) בעמ,IL,קוסקוס מלא,גרמים,350.00,100 גרם,false,0,6.60,1.89,true,1,
7290002057017,false,זיתים ירוקים נובו קבוצת יבנה (540 גרם),קבוצת יבנה מוצרי מזון אגודה שי,IL,זיתים ירוקים,גרמים,560.00,100 גרם,false,1,11.30,2.02,true,1,
7290002057055,false,זית סורי שלם בטעם שום יבנה 340 גרם,קבוצת יבנה מוצרי מזון בעמ,IL,זית סורי ירוק,גרמים,540.00,100 גרם,false,0,11.90,2.20,true,1,
7290002057369,false,מלפפונים במלח ‏12‏-‏10‏ קבוצת יבנה 320 גרם,"קבוצת יבנה מוצרי מזון בע""מ",IL,מלפפונים במלח,גרמים,540.00,100 גרם,false,0,8.50,1.57,true,1,
7290002057376,false,מלפפונים במלח ‏17‏-‏13‏ קבוצת יבנה 320 גרם,"קבוצת יבנה מוצרי מזון בע""מ",IL,מלפפונים במלח,גרמים,540.00,100 גרם,false,0,10.50,1.94,true,1,
7290002065555,false,שישיית לחמנייה הכי רכה בהפסקה אנג'ל 450 גרם,מאפיית שלמה א. אנג'\ל בע,IL,6 לחמניות בשקית,גרמים,450.00,100 גרם,false,0,11.90,2.64,true,1,
7290002065616,false,לחם שיפון גרעינים פרוס אחדות (750 גרם),מאפיית שלמה א. אנג'\ל בע,IL,לחם שיפון,גרמים,750.00,100 גרם,false,0,13.50,1.80,true,1,
7290002107071,false,גבינת פטה עיזים מעודנת 16% משק צוריאל 200 גרם,החברה המרכזית טלהפצת משקאות בע,IL,גבינת פטה עיזים,גרמים,200.00,100 גרם,false,0,24.60,12.30,true,1,
7290002107422,false,בולגרית גלילית 5% במשקל,משק צוריאל תבור,IL,בולגרית גלילית5%,קילוגרמים,0.00,"ק""ג",true,0,59.00,59.00,true,1,
7290002107965,false,גבינת טבורוג לאפייה ומילוי %5 500גרם,*החברה המרכזית להפצת משקאותבעמ,IL,גבינת טבורוג,גרמים,500.00,100 גרם,false,0,25.70,5.14,true,1,
7290002157182,false,אבקת ג'לטין טהור נטו,גואנגדונג מיניאנג,CN,ג'לטין,גרמים,28.00,100 גרם,false,1,11.50,41.07,true,1,
7290002253006,false,שום טרי כתוש צנצנת דורות 200 גרם,קבוצת אוסם סחר-שות.מוגבלת,IL,שום טרי כתוש,גרמים,200.00,100 גרם,false,0,17.90,8.95,true,1,
7290002253105,false,שום במגשית 20 שיניים כתושות קפוא 80,קבוצת אוסם סחר-שות.מוגבלת,IL,שום כתוש קפוא,גרמים,80.00,100 גרם,false,0,14.90,18.63,true,1,
7290002277804,false,פילה נסיכת נילוס קפוא לק,דלידג,IL,פילה נסיכת נילוס,קילוגרמים,0.00,"ק""ג",true,1,44.90,44.90,true,1,
7290002323198,false,ספרינג מיץ תפוחים 1.5 ל',יפאורה שותפות מובגלת לשיווק,IL,ספרינג תפוחים,ליטרים,1.50,ליטר,false,0,6.90,4.60,true,1,
7290002331360,false,"נביעות מים מינרליים טו גו מארז 500X6מ""ל",החברה המרכזית להפצת משקאות בעמ,IL,נביעות ספורט 6יח,ליטרים,3.00,ליטר,false,0,13.90,4.63,true,1,
7290002332251,false,פילה אמנון ישראלי קפוא ר,דגת הארץ,IL,פילה אמנון רמבו,קילוגרמים,0.00,"ק""ג",true,0,35.90,35.90,true,1,
7290002371571,false,פסטרמה פרגיות לבאגט במשקלטירת צבי,טירת- צבי,IL,פסטרמה פרגיות,קילוגרמים,0.00,"ק""ג",true,0,91.00,91.00,true,1,
7290002385431,false,גבינה בולגרית 16% רכ,דשן,IL,בולגרית מסורתית,קילוגרמים,0.00,"ק""ג",true,0,62.00,62.00,true,1,
7290002385455,false,בולגרית מעודנת 24% במשקל,מחלבות גד,IL,בולגרית מעודנת,קילוגרמים,0.00,"ק""ג",true,1,59.00,59.00,true,1,
7290002439080,false,פיצה ביס 100%גבינה 700גר,נטו,IL,פיצה ביס 100%גבי,גרמים,700.00,100 גרם,false,8,28.70,4.10,true,1,
7290002507369,false,צהובה מגורדת ריצ' 500 גר,שלושת האופים,IL,צהובה מגורדת,גרמים,500.00,100 גרם,false,1,20.90,4.18,true,1,
7290002515371,false,"קמיל בלו אל סבון לתינוקות ד""ר פישר 1 ליטר","פישר תעשיות פרמצביטות בע""מ",IL,קמיל בלו לתינוק,ליטרים,1.00,ליטר,false,0,19.90,19.90,true,1,
7290002517290,false,תבלין קינמון טחון 40 גר' מיכל,"תבליני טעם וריח בע""מ",IL,קינמון טחון,גרמים,40.00,100 גרם,false,0,7.90,19.75,true,1,
7290002541370,false,משקה סויה אלפרו 1 ליטר,הנסיך- מפעל לייצור ט,IL,משקה סויה טבעי,ליטרים,1.00,ליטר,false,0,14.90,14.90,true,1,
7290002543381,false,קלוג'ס ספיישל K 375 גרם,קלוג'ס,GB,קלוג'ס ספיישל,גרמים,375.00,100 גרם,false,0,15.00,4.00,true,1,
7290002577973,false,נתחי עוף בצי'לי מתוק450ג,שגב,IL,נתחי עוף בצי'לי,גרמים,450.00,100 גרם,false,1,34.90,7.76,true,1,
7290002596448,false,חזה בקר כבוש קורנדבי,מעדני הטלה והעגל,IL,חזה בקר כבוש,קילוגרמים,0.00,"ק""ג",true,0,59.90,59.90,true,1,
7290002661177,false,לחם כנעני 750גר ברמן,מאפית י את א ברמן בע,IL,לחם כנעני 750 גרם,גרמים,750.00,100 גרם,false,0,10.90,1.45,true,1,
7290002661214,false,ברמן לחם גליל קל מהדרין 750 גרם,מאפית י את א ברמן בע,IL,לחם גלילי קל 750 גרם,גרמים,750.00,100 גרם,false,0,10.90,1.45,true,1,
7290002663522,false,תפוזינה משקה קל תפוז1.5ל,יפאורה שותפות מובגלת לשיווק,IL,תפוזינה תפוזים,ליטרים,1.50,ליטר,false,0,6.50,4.33,true,1,
7290002757139,false,מלוואח 700 גר' שלושת האופים קהילות,נטו מלינדה סחר בע`מ,IL,מלווח 700 גרם,גרמים,700.00,100 גרם,false,0,15.80,2.26,true,1,
7290002757535,false,בורקס פילו אצבעות גבינה שלושת האופים 700 גרם,שלושת האופים שגמור,IL,פילו אצבעות,גרמים,700.00,100 גרם,false,0,22.30,3.19,true,1,
7290002766056,false,עגבניות שרי לב אדום יח',רון שרי,IL,עגבניה שרי תמר,יחידה,1.00,יחידה,false,1,10.90,10.90,true,1,
7290002771104,false,קפה עם הל אל נחלה 500 גרם,קפה אל נחלה בני רפיק,IL,קפה עם הל,גרמים,500.00,100 גרם,false,0,35.00,7.00,true,1,
7290002771111,false,קפה עם הל אל נחלה 250 גרם,קפה אל נחלה בני רפיק,IL,קפה עם הל,גרמים,250.00,100 גרם,false,0,18.50,7.40,true,1,
7290002775010,false,מיני בורקס פילו גבינה שלושת האופים מהדרין 650 ג',שלושת האופים שגמור,IL,מיני בורקס פילו,גרמים,650.00,100 גרם,false,0,22.30,3.43,true,1,
7290002812522,false,סיגריות פרלמנט (חפיס,פיליפ מוריס,,פרלמנט ארוך יח,יחידה,1.00,יחידה,false,0,38.50,38.50,false,1,
7290002814078,false,סנט מוריץ נוזל לניקוי אמבט אנטרטיק 1ל',קומפלקס כימיקלסבעמ ~~~,IL,אנטרטיק לאמבט,ליטרים,1.00,ליטר,false,0,5.00,5.00,true,1,
7290002814214,false,קצף ניקוי כלים סינטריים סנט מוריץ 750מל,קומפלקס כימיקלים,IL,קצף ניקוי,מיליליטרים,750.00,"100 מ""ל",false,0,7.90,1.05,true,1,
7290002827029,false,מרלבורו פלייבור מיקס חפ,פיליפ מוריס,IL,מרלבורו גולדן חפ,יחידה,1.00,יחידה,false,0,36.00,36.00,false,1,
7290002833525,false,מרלבורו רד קצר בוקס חפ.,פיליפ מוריס,,מרלבורו רד חפיסה,יחידה,1.00,יחידה,false,0,36.00,36.00,false,1,
7290002842002,false,פתיתי שיבולת שועל קוואקר אנגלי מורנפלייק,ליימן שליסל בעמ,GB,קואקר אנגלי,גרמים,500.00,100 גרם,false,0,12.50,2.50,true,1,
7290002845122,false,ל.מ. סילבר לייבל חפיסה,פיליפ מוריס,,ל.מ. סילבר ליי,יחידה,1.00,יחידה,false,0,34.00,34.00,false,1,
7290002852724,false,ל.מ. בלו לייבל קצר,פיליפ מוריס,US,ל.מ. בלו לייבל,יחידה,1.00,יחידה,false,0,34.00,34.00,false,1,
7290002868996,false,"קוטג' 5% שומן, רכיבים טבעיים, 250 גרם",החברה המרכזית טלהפצת משקאות בע,IL,קוטג' 5% 250גרם,גרמים,250.00,100 גרם,false,0,5.50,2.20,true,1,
7290002871248,false,"בירה טובורג רד בקבוק 500 מ""ל חוזר",החברה המרכזית להפצת משקאות בעמ,IL,בירה טובורג רד,מיליליטרים,500.00,"100 מ""ל",false,0,6.90,1.38,true,1,
7290002871446,false,פריגת ענבים 1.5 ליטר,מבשלות בירה בינלאומיות ב,IL,פריגת ענבים,ליטרים,1.50,ליטר,false,0,7.50,5.00,true,1,
7290002871477,false,פריגת אשכוליות 1.5 ליטר,מבשלות בירה בינלאומיות ב,IL,פריגת אשכוליות,ליטרים,1.50,ליטר,false,0,7.50,5.00,true,1,
7290002871484,false,דיאט פריגת תפוזים 1.5 ל',מבשלות בירה בינלאומיות ב,IL,פריגת תפוזים,ליטרים,1.50,ליטר,false,0,7.50,5.00,true,1,
7290002881254,false,קוקטייל פירות טרופיים בסירופ קל תומר 825 גרם,תומר יבוא ושיווק מוצרי מזון (1,VN,קוקטייל פירות,גרמים,820.00,100 גרם,false,1,9.90,1.21,true,1,
7290002886925,false,מרלבורו גולד קצר בוקס,פיליפ מוריס,US,מרלבורו גולד קצר,יחידה,1.00,יחידה,false,0,36.00,36.00,false,1,
7290002904694,false,"טיטניום דאודורנט ספריי לגברים 150 מ""ל",החברה הדרומית לשיווק בעמ,,דאודורנט טיטניום,מיליליטרים,180.00,"100 מ""ל",false,0,14.90,8.28,true,1,
7290002929512,false,שלושת האופים פלאפל 5,האי נאם סי או אל.טי.,IL,פלאפל,גרמים,500.00,100 גרם,false,0,13.80,2.76,true,1,
7290002958192,false,רויאל אדום - פאקט,Unknown,IL,רויאל אדום פאקט,יחידה,1.00,יחידה,false,0,225.00,225.00,false,1,
7290002958208,false,סיגריות רויאל כחול פ,דובק,IL,רויאל כחול,יחידה,1.00,יחידה,false,0,225.00,225.00,false,1,
7290003015627,false,"נוזל רצפות אפרסק 2 ליטר ""ריצפז פרש""",החברה הדרומית לשיווק בעמ,IL,ריצפז פרש,ליטרים,2.00,ליטר,false,0,15.90,7.95,true,1,
7290003029389,false,"משקה חלב בננה פקק ספורט 250 מ""ל יוטבתה",שטראוס גרופ בעמ/מצונן,IL,משקה בננה,מיליליטרים,250.00,"100 מ""ל",false,0,5.40,2.16,true,1,
7290003029532,false,מוקה בבקבוק יטבתה 1 ליטר מהדרין,שטראוס גרופ בעמ/מצונן,IL,מוקה יטבתה בקבוק,ליטרים,1.00,ליטר,false,0,12.00,12.00,true,1,
7290003047642,false,תה שחור יילו לייבל 100*1.5 ג' שקיק ליפטון,"יוניליוור ישראלשיווק בע""מ",IN,תה ילו לייבל,גרמים,150.00,100 גרם,false,0,11.90,7.93,true,1,
7290003107216,false,קמח לבן בהיר 1 קג דגן מוביל,טחנות קמח דגן (2006) בעמ,IL,קמח לבן,קילוגרמים,1.00,"ק""ג",false,0,5.90,5.90,true,1,
7290003119165,false,דיאט קוקה- קולה מארז שישייה,החברה המרכזית לייצור משקאות,IL,קולה דיאט 6 יח,ליטרים,9.00,ליטר,false,0,38.90,4.32,true,1,
7290003143146,false,ממרח תמרים קליית גת (450 גרם),הדקלאים אגודת שיתופי,IL,ממרח תמרים,גרמים,450.00,100 גרם,false,0,6.40,1.42,true,1,
7290003144082,false,עוגות אישיות צ'וקטה300גר,קונדיטוריה אס.פי.אי,IT,עוגות אישיות,גרמים,300.00,100 גרם,false,1,9.90,3.30,true,1,
7290003145324,false,תערובת אגוז שקד ואננס80ג,פרו מן יו,IL,תע' אגוז שקד ואנ,גרמים,80.00,100 גרם,false,1,12.90,16.13,true,1,
7290003145379,false,תערובת אגוז וחמוציות 80ג,פרו מן יו,IL,תע אגוזים וחמניו,גרמים,80.00,100 גרם,false,1,12.90,16.13,true,1,
7290003185719,false,קבב רומני טיבון ויל 500 גרם,טיבון ויל אחזקות בעמ,IL,קבב רומני,גרמים,500.00,100 גרם,false,0,21.90,4.38,true,1,
7290003189274,false,בנוסח מעושנת גליל26%משקל,צי תעשיות מזון יבנה,IL,בנוסח מעושנת,קילוגרמים,0.00,"ק""ג",true,0,46.00,46.00,true,1,
7290003220519,false,"קרם קוקוס גולד 400 מ""ל",אזיאטיק אגרו אינדסטרי,TH,קרם קוקוס גולד,מיליליטרים,400.00,"100 מ""ל",false,0,11.40,2.85,true,1,
7290003229123,false,פסטרמה הודו על גחלים 2% טירת צבי 400 גרם,תנובה מרכז שיתופי לשיווק תוצרת,IL,פסטרמה על גחלים,גרמים,400.00,100 גרם,false,0,35.90,8.98,true,1,
7290003231607,false,מרכך פינוק עם קרטין 700,יוניליוור ישראל טיפוח אי,IL,מרכך פינוק,מיליליטרים,700.00,"100 מ""ל",false,0,9.90,1.41,true,1,
7290003321292,false,גבינה לבנה 9% שומן 250 ג' שטראוס,שטראוס גרופ בעמ/מצונן,IL,גבינת סקי 9%,גרמים,250.00,100 גרם,false,0,4.60,1.84,true,1,
7290003438006,false,ממרח אולביה פסטו וצנובר איטלקי 190ג',תה ויסוצקי (ישראל) בעמ,IL,רוטב פסטו,גרמים,180.00,100 גרם,false,0,14.50,8.06,true,1,
7290003438013,false,7290003אוליביה ממרח זיתים ירוקים 190 גרם,תה ויסוצקי (ישראל) בעמ,IL,ממרח זיתים,גרמים,190.00,100 גרם,false,0,14.50,7.63,true,1,
7290003438020,false,אוליביה ממרח עגבניות מיובשות (190 גרם),תה ויסוצקי (ישראל) בעמ,IL,ממרח עגבניות,גרמים,190.00,100 גרם,false,0,14.50,7.63,true,1,
7290003450602,false,חרדל אמיתי צהוב בקבוק לחיץ 255 גר,היינץ צפון אמריקה מקבוצת ה.י.היינץ,US,חרדל אמיתי,גרמים,255.00,100 גרם,false,0,7.90,3.10,true,1,
7290003457991,false,טילון קורנטו וניל עם וופל ואגוזי לוז מסוכרים,"גלידת שטראוס בע""\מ, רחוב",IL,חטיפי קורנטו,גרמים,300.00,100 גרם,false,0,37.90,12.63,true,1,
7290003514045,false,קראנצ'וס ברביקיו 70 גרם,מנה,IL,קראנצ'וס ברביקיו,גרמים,70.00,100 גרם,false,0,1.90,2.71,true,1,
7290003514557,false,ציפסונים קלאסי 40 גרם,מנה,IL,ציפסונים קלאסי,גרמים,40.00,100 גרם,false,0,4.50,11.25,true,1,
7290003514571,false,מנה פריכיות אורז עם מלח 100 גר`כשלפ,ש. שסטוביץ בע`מ,IL,פריכיות אורז,גרמים,100.00,100 גרם,false,0,5.80,5.80,true,1,
7290003521197,false,"ד""ר פישר - סרקל תרסיס מתיר קשרים 340 מ""ל","פישר תעשיות פרמצביטות בע""מ",IL,סרקל מתיר קשרים,מיליליטרים,340.00,"100 מ""ל",false,0,25.90,7.62,true,1,
7290003524297,false,אספרגוס לבן שלם בצנצנת ויליגר 330 גרם,צ'אמפהאוס טרידייג קו,IL,אספרגוס לבן שלם,גרמים,330.00,100 גרם,false,0,10.40,3.15,true,1,
7290003525478,false,סלט טונה ויליגר 160 גרם,נטו מילנדה סחר בעמ*,IL,סלט טונה,גרמים,160.00,100 גרם,false,0,6.30,3.94,true,1,
7290003539161,false,תפוח עץ יבש 200גרם,שקדיה,IL,תפוח עץ יבש,גרמים,200.00,100 גרם,false,0,15.80,7.90,true,1,
7290003608546,false,תפוזינה תות בננה 1.5ליטר,יפאורה שותפות מובגלת לשיווק,IL,תפוזינה תות בננה,ליטרים,1.50,ליטר,false,0,6.50,4.33,true,1,
7290003643813,false,שעועית אדומה יבשה סוגת 500 גר',האי נאם סי או אל.טי.,IL,שעועית אדומה,גרמים,500.00,100 גרם,false,0,12.80,2.56,true,1,
7290003667369,false,פריגת מיקס תות-בננה1.5ל,מבשלות בירה בינלאומיות ב,IL,פריגת תות בננה,ליטרים,1.50,ליטר,false,0,7.50,5.00,true,1,
7290003726141,false,טופו אמיתי כפרי בריא 300 גרם,מחלבות גד שיווק 1992 בעמ,IL,טופו אמיתי כפרי,גרמים,300.00,100 גרם,false,0,12.90,4.30,true,1,
7290003744428,false,אובלטים מלוחים דקדקים קימל ברט (300 גרם),שוקוטרייד בעמ,IL,אובלטים מלוחים,גרמים,300.00,100 גרם,false,0,12.50,4.17,true,1,
7290003804368,false,תיבוליות בזיליקום קנור (8 יח`- 72 גרם),יוניליוור ישראל שיווק בע`מ,IL,תיבוליות קנור,גרמים,72.00,100 גרם,false,0,10.40,14.44,true,1,
7290003806607,false,דאו.דאב לאישה ביוטי150מל,יוניליוור,GB,דאודורנט דאב,מיליליטרים,150.00,"100 מ""ל",false,1,22.90,15.27,true,1,
7290003806836,false,"בדין אקסטרא לילך 960 מ""ל",יוניליוור,TR,מרכך בדין אקסטרא,מיליליטרים,960.00,"100 מ""ל",false,0,15.90,1.66,true,1,
7290003864478,false,סרדינים בשמן צמחי פתח קל ויליפוד 110 גרם,ג.וילי-פוד אינטרנשיונל בעמ,PH,סרדין בשמן צמח,גרמים,110.00,100 גרם,false,0,4.00,3.64,true,1,
7290003882922,false,עלי גפן ממולאים באורז וילי פוד 360 גרם,ג. וילי-פוד אינטרנשיונל בע`מ,IL,עלי גפן ממולאים,גרמים,400.00,100 גרם,false,0,9.90,2.48,true,1,
7290003905331,false,שוק.חלב+שברי אגוזים100גר,STRAUSS-ISRAEL,IL,שוק.חלב אגוזים,גרמים,100.00,100 גרם,false,0,6.60,6.60,true,1,
7290004030018,false,"פריניב מיץ לימון סחוט פרי לתיבול 500 מ""ל",הנסיך- מפעל לייצור ט,IL,מיץ לימון לתיבול,מיליליטרים,500.00,"100 מ""ל",false,0,7.80,1.56,true,1,
7290004030612,false,"מיץ תפוח, קיווי אגס ללא תוספת סוכר 1 ליטר פרי ניב",הנסיך- מפעל לייצור ט,IL,משקה תפוח קיווי,ליטרים,1.00,ליטר,false,0,12.90,12.90,true,1,
7290004030667,false,מיץ סחוט מצונן2ל,,IL,מיץ סחוט מצונן2ל,ליטרים,2.00,ליטר,false,0,19.90,9.95,true,1,
7290004064099,false,מטחנה מלח ים מהרי ההימלאיה מלח הארץ 100 גרם,"חברת מלח הארץ אילת בע""\מ",IL,מטחנה מלח,גרמים,250.00,100 גרם,false,1,17.90,7.16,true,1,
7290004068332,false,קממבר בקר משולשים במשקל,מחלבות גד,IL,גבינת קממבר בקר,קילוגרמים,0.00,"ק""ג",true,0,118.00,118.00,true,1,
7290004121488,false,יוגורט ביו דיאט 0% אפרסק יופלה (150 גרם),תנובה מרכז שיתופי לש,IL,יופלה דיאט אפרסק,גרמים,150.00,100 גרם,false,0,5.20,3.47,true,1,
7290004121754,false,יוגורט ביו עוגת גבינה ותות 3% יופלה 150 גרם,תנובה בעמ ***,IL,יופלה קרם גבינה,גרמים,150.00,100 גרם,false,0,5.20,3.47,true,1,
7290004121853,false,גבינה בולגרית קוביות (2005% גרם)פיראוס,תנובה מרכז שיתופי לש,IL,קוביות בולגרית5%,גרמים,200.00,100 גרם,false,0,22.10,11.05,true,1,
7290004122089,false,פתיתי גבינת עמק 200 גרם,תנובה,IL,פתיתי גבינת עמק,גרמים,200.00,100 גרם,false,0,14.20,7.10,true,1,
7290004124205,false,יופלה דיאט יוגורט תות %0 גביע 150 גרם,תנובה מרכז שיתופי לש,IL,יופלה דיאט תות0%,גרמים,150.00,100 גרם,false,0,5.20,3.47,true,1,
7290004124847,false,"קצפת צמחית השף הלבן 500 מ""ל תנובה",תנובה מרכז שיתופי לש,IL,קצפת צמחית,מיליליטרים,500.00,"100 מ""ל",false,0,17.60,3.52,true,1,
7290004125370,false,"שמנת חמוצה 9% מופחתת שומן תנובה 200 מ""ל מהדרין",תנובה מרכז שיתופי לש,IL,שמנת חמוצה 9%,מיליליטרים,200.00,"100 מ""ל",false,0,3.60,1.80,true,1,
7290004125400,false,"אשל שלי מהדרין 200 מ""ל 4.5% ""תנובה""- מוצר בפיקוח",פארייפאבה אגרואינדוס,IL,אשל 4.5% שומן,מיליליטרים,200.00,"100 מ""ל",false,0,1.55,0.78,true,1,
7290004125417,false,"גיל 3% שלי 200 מ""ל ""תנובה"" -מוצר בפיקוח",תנובה מרכז שיתופי לש,IL,גיל לבן 3%שומן,מיליליטרים,200.00,"100 מ""ל",false,0,1.40,0.70,true,1,
7290004125455,false,"שמנת חמוצה 200 מ""ל 15% ""תנובה"" -מוצר בפיקוח",תנובה מרכז שיתופי לש,IL,שמנת תנובה 15%,מיליליטרים,200.00,"100 מ""ל",false,0,2.20,1.10,true,1,
7290004125509,false,"שמנת חמוצה 15% מועשרת תנובה 100 מ""ל",תנובה מרכז שיתופי לש,IL,שמנת חמוצה 15%,מיליליטרים,100.00,"100 מ""ל",false,0,1.70,1.70,true,1,
7290004127077,false,קוטג תנובה 3% גביע 250 גרם מהדרין,מיוצר עי קונדיטוריית,IL,קוטג' 3% שומן,גרמים,250.00,100 גרם,false,0,5.70,2.28,true,1,
7290004127329,false,קוטג תנובה גביע 250 גרם %5 ו.מהדרין,מיוצר עי קונדיטוריית,IL,קוטג' תנובה 5%,גרמים,250.00,100 גרם,false,0,5.70,2.28,true,1,
7290004129668,false,יופלה+מכסה פצפוצי שוק167,תנובה מרכז שיתופי לש,IL,יופלה+פצפוצי שוק,גרמים,167.00,100 גרם,false,0,5.90,3.53,true,1,
7290004129736,false,יופלה לבן מעודן 1.5% גביע 200 גרם,תנובה מרכז שיתופי לש,IL,יופלהלבן מעודן,גרמים,200.00,100 גרם,false,0,4.20,2.10,true,1,
7290004130916,false,יוגורט יופלה פירות יער בשמנת 3% 150 גרם,תנובה מרכז שיתופי לש,IL,יופלה פירות יער,גרמים,150.00,100 גרם,false,0,5.20,3.47,true,1,
7290004131432,false,יוגורט יופלה לבן ביו 3% 200 גרם,מיוצר עי קונדיטוריית,IL,יופלה לבן 3%,גרמים,200.00,100 גרם,false,0,3.90,1.95,true,1,
7290004131456,false,יוגורט ביו 1.5% שומן 200 ג' יופלה,מיוצר עי קונדיטוריית,IL,יופלה לבן 1.5%,גרמים,200.00,100 גרם,false,0,3.90,1.95,true,1,
7290004135324,false,פיראוס בולגרית מע5%משקל,תנובה מרכז שיתופי לש,IL,פיראוס בולגרית,קילוגרמים,0.00,"ק""ג",true,0,50.00,50.00,true,1,
7290004135614,false,גבינה בולגרית מעודנת 5% פיראוס 250 גרם,"תנובה בע""מ ***",IL,בולגרית פיראוס5%,גרמים,250.00,100 גרם,false,0,18.90,7.56,true,1,
7290004137809,false,לאבנה אסלית 5% גביע (250 גרם)פיראוס תנו,"תנובה, מחלבת אלון תב",IL,לבנה פיראוס5%,גרמים,250.00,100 גרם,false,0,13.50,5.40,true,1,
7290004199166,false,כפפות לאטקס קטן איזי טאצ` (100),הדקלאים אגודת שיתופי,IL,כפפות לטקס S,יחידה,1.00,יחידה,false,0,27.90,27.90,true,1,
7290004199180,false,כפפות לאטקס לארג` איזי טאצ` (100),הדקלאים אגודת שיתופי,TH,כפפות לטקס L,יחידה,1.00,יחידה,false,0,27.90,27.90,true,1,
7290004219819,false,קומפלטה מלבין קפה הולנדי 200ג,ג. וילי-פוד אינטרנשיונל בע`מ,NL,מלבין קפה,גרמים,200.00,100 גרם,false,0,11.20,5.60,true,1,
7290004225278,false,בסגנון דנבלו 28% במשקל,נטו מלינדה סיימן,IL,בסגנון דנבלו,קילוגרמים,0.00,"ק""ג",true,0,79.00,79.00,true,1,
7290004230364,false,שגב מקלות בורקס פילו גבינה צרפתי 600 גר,שלושת האופים שגמור,IL,מקלות בורקס פילו,גרמים,600.00,100 גרם,false,0,22.20,3.70,true,1,
7290004324858,false,קבב כבש טיבון ויל 500 גרם,"טיבון ויל אחזקות בע""",IL,קבב בטעם כבש,גרמים,500.00,100 גרם,false,0,21.90,4.38,true,1,
7290004492779,false,נישנושים זעתר 300 גרם,גוצ'מולר,IL,נישנושים זעתר,גרמים,300.00,100 גרם,false,0,13.90,4.63,true,1,
7290004584351,false,גבינה לבנה סימפוניה עם תוספות 200 ג' חמישית 200,שטראוס גרופ בעמ/מצונן,IL,גבינת סימפוניה,גרמים,200.00,100 גרם,false,0,12.40,6.20,true,1,
7290004584528,false,יוגורט דנונה ביו לבן 1.7% שומן 200 גרם,שטראוס גרופ בעמ/מצונן,IL,יוגורט ביו 1.7%,גרמים,200.00,100 גרם,false,0,3.70,1.85,true,1,
7290004586171,false,תירוש אדום 650מל כרמ,יקבי כרמל,,תירוש אדום,מיליליטרים,650.00,"100 מ""ל",false,0,14.90,2.29,true,1,
7290004658625,false,מיץ ענבים תירוש אדום 1ל',יקבי כרמל,IL,מיץ תירוש אדום,ליטרים,1.00,ליטר,false,0,18.80,18.80,true,1,
7290004725600,false,גבינה סקנדינבית31% משקל,תנובה חלב,IL,גבינה סקנדינבית,קילוגרמים,0.00,"ק""ג",true,1,75.00,75.00,true,1,
7290004731298,false,קרמה ספא אלסבון וניל500מ,קוסמופארם,IL,קרמה ספא אלסבו,מיליליטרים,500.00,"100 מ""ל",false,0,10.00,2.00,true,1,
7290004923099,false,שישיית מים עין גדי 2 ליטר,עין גדי מיים מינרלים,IL,מים עין גדי 6 יח,ליטרים,12.00,ליטר,false,0,12.00,1.00,true,1,
7290004982355,false,גבינת צדר טריפל במשק,א. סיימן סחר בעמ,GB,גבינת צ'דר,קילוגרמים,0.00,"ק""ג",true,1,125.00,125.00,true,1,
7290005008191,false,"סבון נוזלי ארומה בניחוח לבנדר פטצ'ולי וילנג ילנג פלמוליב 500 מ""ל",הנסיך- מפעל לייצור ט,IT,סב.נוזלי פלמוליב,מיליליטרים,500.00,"100 מ""ל",false,0,13.90,2.78,true,1,
7290005079221,false,בולגרית מעודנת5% משקל,החברה המרכזית טלהפצת משקאות בע,IL,בולגרית מעודנת5%,קילוגרמים,0.00,"ק""ג",true,0,45.00,45.00,true,1,
7290005079320,false,בולגרית גלילית 24% במשקל,החברה המרכזית טלהפצת משקאות בע,IL,גבינה בולגרית,קילוגרמים,0.00,"ק""ג",true,1,49.00,49.00,true,1,
7290005095597,false,נרות יום הולדת,,CN,נרות יום הולדת,יחידה,1.00,יחידה,false,0,8.00,8.00,true,1,
7290005199622,false,עד חצות ביסקוויט פרי,STRAUSS-ISRAEL,IL,עד חצות מריר,גרמים,200.00,100 גרם,false,0,14.80,7.40,true,1,
7290005287060,false,טונה סטארקיסט במים 120גר-`בי.,דיפלומט מפיצים (1968) בעמ**,IL,טונה סטארקיסט,גרמים,120.00,100 גרם,false,0,6.90,5.75,true,1,
7290005287206,false,רביעיית טונה בשמן סטארקיסט 160 גרם,דיפלומט מפיצים (1968) בעמ**,IL,טונה סטארקיסט4יח,גרמים,640.00,100 גרם,false,0,24.90,3.89,true,1,
7290005287251,false,רביעיית טונה במים סטארקיסט 160 גרם,דיפלומט מפיצים (1968) בעמ**,IL,טונה סטארקיסט4יח,גרמים,640.00,100 גרם,false,0,24.90,3.89,true,1,
7290005287602,false,טונה סטארכיסט בשמן קנולה 160 גר`בדצ עד,סטארקיסט דיפלומט היינץ,IL,טונה סטארקיסט,גרמים,160.00,100 גרם,false,0,8.40,5.25,true,1,
7290005423833,false,פוליוויקס נוזל לניקוי פרקט סנו (2 ליטר).,החברה הדרומית לשיווק בעמ,IL,פוליויקס פרקט,ליטרים,2.00,ליטר,false,0,20.00,10.00,true,1,
7290005423871,false,שלישיית משחת שיניים מנטול אורביטול 145 גרם,טרופיקל דגיל תעשיות קוסמ,IL,משחת שיניים,גרמים,435.00,100 גרם,false,0,15.00,3.45,true,1,
7290005424311,false,סנו k רב קוטל זוחלים ומעופפים 475 סמ,החברה הדרומית לשיווק בעמ,IL,סנו K רב קוטל,מיליליטרים,500.00,"100 מ""ל",false,0,21.90,4.38,true,1,
7290005428982,false,בייבי כיף ק.גוף תינוק500,קוסמופארם,IL,קרם גוף לתינוק,מיליליטרים,500.00,"100 מ""ל",false,0,27.70,5.54,true,1,
7290005509445,false,עוגיות מיני קוקיס חמאה בצנצנת כרמית 600 גרם,כרמית תעשיות ממתקים בעמ,IL,מיני קוקיס,גרמים,600.00,100 גרם,false,0,15.90,2.65,true,1,
7290005559907,false,פיצה משפחתית 100% גבינה מעדנות 500 גרם,תנובה מרכז שיתופי לשיווק תוצרת,IL,פיצה משפחתית,גרמים,500.00,100 גרם,false,0,24.70,4.94,true,1,
7290005559983,false,חטיפי פיצה גבינה 650 גרם,"מעדנות בע""מ",IL,חטיפי פיצה גבינה,גרמים,650.00,100 גרם,false,0,36.90,5.68,true,1,
7290005559990,false,בצק עלים פילאס תורכי 600 גרם קפוא,תנובה מרכז שיתופי לשיווק תוצרת,IL,בצק פילאס תורכי,גרמים,600.00,100 גרם,false,0,28.20,4.70,true,1,
7290005564680,false,תפוזינה לימונדה ורודה1.5,יפאורה שותפות מובגלת לשיווק,IL,תפוזינה לימונדה,ליטרים,1.50,ליטר,false,0,6.50,4.33,true,1,
7290005604133,false,פריגת מנגו 1.5 ליטר,מבשלות בירה בינלאומיות ב,IL,פריגת מנגו,ליטרים,1.50,ליטר,false,0,7.50,5.00,true,1,
7290005610059,false,תפוח אדמה לבן ארוז,קטיף,IL,תפוח אדמה לבן,קילוגרמים,0.00,"ק""ג",true,0,4.90,4.90,true,1,
7290005610066,false,תפוח אדמה אדום ארוז,קטיף.,IL,תפוח אדמה אדום,קילוגרמים,0.00,"ק""ג",true,0,6.50,6.50,true,1,
7290005610509,false,צנונית ארוז דוד משה 500ג',תוצרת הנגב אגודה שיתופית חקלאי,IL,צנונית -יח',יחידה,1.00,יחידה,false,0,5.50,5.50,true,1,
7290005678400,false,ענב רד גלוב,מושב לכיש,IL,ענב רד גלוב,קילוגרמים,0.00,"ק""ג",true,0,15.90,15.90,true,1,
7290005678585,false,ענבים אדומים סקרלוטה טלי,"בכורי השדה צפון1994 ג.ד. בע""מ",IL,ענב סקרלוטה,קילוגרמים,0.00,"ק""ג",true,0,19.90,19.90,true,1,
7290005839078,false,שמיניית יוגורט לבן 3% ביו דנונה 150 גרם,שטראוס גרופ בעמ/מצונן,IL,דנונה ביו 8 יח,קילוגרמים,1.20,"ק""ג",false,0,15.90,13.25,true,1,
7290005839108,false,גבינה לבנה סימפוניה עם תוספות 200 ג'+זיתים 5%,שטראוס גרופ בעמ/מצונן,IL,גבינת סימפוניה,גרמים,200.00,100 גרם,false,0,12.40,6.20,true,1,
7290005896439,false,"בירה מכבי, בקבוק חוזר 500 מ''ל","טמפו משקאות בע""מ",IL,בירה מכבי,מיליליטרים,500.00,"100 מ""ל",false,0,6.90,1.38,true,1,
7290005896965,false,פפסי מקס 1.5ל 6+2 במארז,טמפו,IL,פפסי מקס 6+2,ליטרים,12.00,ליטר,false,0,34.90,2.91,true,1,
7290005938245,false,ממרח פסטו קלאסי פרסקו 220ג' מצונן,מיוצר עי פרסקו חצבה,IL,פסטו קלאסי,גרמים,220.00,100 גרם,false,0,21.10,9.59,true,1,
7290005966361,false,"יין רמת הגולן גמלא שרדונה, 750 מ""ל י יקב רמת הגולן",יקבי רמת הגולן קצרין,IL,יין גמלא שרדונ,מיליליטרים,750.00,"100 מ""ל",false,0,47.60,6.35,true,1,
7290005992018,false,"יוגורט עיזים לשתיה 3% מחלבות גד 500 מ""ל",מחלבות גד שיווק 1992 בעמ,IL,יוגורט חלב עיזים,מיליליטרים,500.00,"100 מ""ל",false,0,12.80,2.56,true,1,
7290005992575,false,גבינה בולגרית למריחה 5% גד (250 גרם),מחלבות גד שיווק 1992 בעמ,IL,בולגרית למריחה,גרמים,250.00,100 גרם,false,0,17.60,7.04,true,1,
7290006199867,false,קרמבו]פלדמן[מוקה] [20,פלקו בעמ,IL,מנבו מוקה 20 יח',גרמים,480.00,100 גרם,false,0,24.90,5.19,true,1,
7290006229069,false,ג`אמפ ענבים 1.5 ליטר,טמפו 7.5%,IL,ג'אמפ ענבים,ליטרים,1.50,ליטר,false,0,6.80,4.53,true,1,
7290006251268,false,תה ירוק בטעם תפוח וקינמון ויסוצקי 25 יחידות,תה ויסוצקי (ישראל)בעמ,IL,תה ירוק תפוח,גרמים,37.00,100 גרם,false,0,26.90,72.70,true,1,
7290006251343,false,חליטת פסיפלורה מנגו הגן הקסום ויסוצקי 25 יחידות,תה ויסוצקי (ישראל) בעמ,IL,חליטת פסיפלורה,גרמים,62.00,100 גרם,false,0,18.90,30.48,true,1,
7290006251374,false,תה ירוק לימונית וג'ינג'ר ויסוצקי 25 יחידות,תה ויסוצקי (ישראל) בעמ,IL,תה ירוק לימונית,גרמים,37.00,100 גרם,false,0,26.90,72.70,true,1,
7290006267733,false,פנינים תבור לבן מבעבע750,יקב תבור,IL,פנינים לבן מבעבע,מיליליטרים,750.00,"100 מ""ל",false,0,39.90,5.32,true,1,
7290006271280,false,מיני בורקס גבינה 800 גרם,"מעדנות בע""מ",IL,מיני בורקס גבינה,גרמים,800.00,100 גרם,false,0,28.90,3.61,true,1,
7290006272430,false,בצק עלים חמאה חלבי מעדנות (600 גרם),מיוצר עי קונדיטוריית,IL,בצק עלים חמאה,גרמים,600.00,100 גרם,false,0,31.60,5.27,true,1,
7290006306326,false,רביולי במילוי פטריות וגבינת פרמזן פסטה נונה 400 ג',דורום תעשיות מזון ופסטה,IL,רביולי פטריות,גרמים,400.00,100 גרם,false,0,25.90,6.48,true,1,
7290006492616,false,גבינה בולגרית מעודנת פרוסות 5% גד 250 גרם,מחלבות גד שיווק 1992 בעמ,IL,גבינה בולגרית,גרמים,250.00,100 גרם,false,0,26.60,10.64,true,1,
7290006618146,false,"מדליק פחמים נוזלי הפי יעקבי 500 מ""ל","יעקב יעקבי ובניו בע""מ",CH,הפי מדליק פחם,מיליליטרים,500.00,"100 מ""ל",false,0,20.30,4.06,true,1,
7290006644626,false,ספרינג פירות טרופיים1.5ל,יפאורה שותפות מובגלת לשיווק,IL,משקה ספרינג,ליטרים,1.50,ליטר,false,0,6.90,4.60,true,1,
7290006644732,false,ספרינג פירות טרופיים 1 ל,יפאורה שותפות מובגלת לשיווק,IL,נקטר ספרינג,ליטרים,1.00,ליטר,false,0,5.90,5.90,true,1,
7290006652027,false,במבה חטיף בוטנים אסם 20*15 גרם,קבוצת אוסם סחר שותפות מוגבלת,IL,במבה 20 יח',גרמים,300.00,100 גרם,false,0,25.90,8.63,true,1,
7290006653857,false,"ארנבונים חטיף תפו""א 40גר","אסם השקעות בע""\מ",IL,חטיף ארנבונים,גרמים,40.00,100 גרם,false,0,4.90,12.25,true,1,
7290006664310,false,גבינה לבנה 3% שומן 250 ג' שטראוס,שטראוס גרופ בעמ/מצונן,IL,גבינת סקי 3%,גרמים,250.00,100 גרם,false,0,4.60,1.84,true,1,
7290006738110,false,פסטרמה ברביקיו דק דק150ג,זוגלובק,IL,פסטרמה ברביקיו,גרמים,150.00,100 גרם,false,0,16.40,10.93,true,1,
7290006738530,false,דק דק פסטרמה חזה עוף150ג,זוגלובק,IL,דק דק פסטרמה,גרמים,150.00,100 גרם,false,0,16.40,10.93,true,1,
7290006742292,false,פסטרמה הודו בדבש 330 ג' זוגלובק,נקניק נהריה כשר זוגל,IL,פסטרמה בדבש,גרמים,330.00,100 גרם,false,0,32.90,9.97,true,1,
7290006755469,false,שניצל תירס לייט 630 גרם,טבעול,IL,שניצל תירס לייט,גרמים,630.00,100 גרם,false,0,29.90,4.75,true,1,
7290006764065,false,בירה שחורה נשר מאלט חוזר (500 מל),"טמפו משקאות בע""\ם.",IL,בירה נשר מאלט,מיליליטרים,500.00,"100 מ""ל",false,0,4.90,0.98,true,1,
7290006764072,false,"בירה גולדסטאר בקבוק 500 מ""ל חוזר","טמפו משקאות בע""\מ",IL,בירה גולדסטאר,מיליליטרים,500.00,"100 מ""ל",false,0,7.40,1.48,true,1,
7290006869128,false,לרוויה-לבן 1.5% שומן 1ל',טרה,IL,לרוויה-לבן 1.5%,ליטרים,1.00,ליטר,false,0,11.10,11.10,true,1,
7290006983152,false,קרוטונים מתובלים למרק אסם (400 גרם),קבוצת אוסם סחר שותפות מוגבלת,IL,קרוטונים מתובלים,גרמים,400.00,100 גרם,false,0,20.80,5.20,true,1,
7290006983176,false,קרקר לחמית שיפון אסם (230 גרם),קבוצת אוסם סחר שותפות מוגבלת,IL,לחמית שיפון אסם,גרמים,230.00,100 גרם,false,0,9.90,4.30,true,1,
7290006983787,false,עוגת הבית שוקולד צ'יפס אסם 400 גרם,קבוצת אוסם סחר שותפות מוגבלת,IL,עוגת שוקוצ'יפס,גרמים,400.00,100 גרם,false,0,13.40,3.35,true,1,
7290006983794,false,עוגת הבית בטעם תפוז אסם 400 גרם,קבוצת אוסם סחר שותפות מוגבלת,IL,עוגת תפוז,גרמים,400.00,100 גרם,false,0,13.40,3.35,true,1,
7290008018654,false,"שמפו פינוק לילדים 700מ""ל",יוניליוור ישראל טיפוח אי,IL,שמפו פינוק,מיליליטרים,700.00,"100 מ""ל",false,0,9.90,1.41,true,1,
7290008021050,false,שמפו פינוק יבש מאוד700מל,יוניליוור ישראל טיפוח אי,IL,שמפו פינוק,מיליליטרים,700.00,"100 מ""ל",false,0,9.90,1.41,true,1,
7290008021135,false,"שמפו פינוק 2 ב1 לשיער רגיל 700מ""ל",יוניליוור ישראל טיפוח אי,IL,שמפו+מרכך פינוק,מיליליטרים,700.00,"100 מ""ל",false,0,9.90,1.41,true,1,
7290008175210,false,גבינת פרמזן מגורדת 90ג' ויליפוד,ג.וילי-פוד אינטרנשיונל **גבינו,,פרמזנו מגורדת,גרמים,90.00,100 גרם,false,0,18.20,20.22,true,1,
7290008175487,false,ממרח לורפק בלי מלח 250ג,ארלה,,לורפק ממרח חמאה,גרמים,250.00,100 גרם,false,0,17.60,7.04,true,1,
7290008175814,false,וילי פוד פטריות שמפיניון חתוך בדץ 400ג,ג.וילי-פוד אינטרנשיונל בעמ,IL,פטריות חתוכות,גרמים,400.00,100 גרם,false,0,4.00,1.00,true,1,
7290008213493,false,משחה קולגייט להלבנה 100מ,הנסיך- מפעל לייצור ט,PL,משחה קולגייט להלבנה 100מ,מיליליטרים,100.00,"100 מ""ל",false,0,12.90,12.90,true,1,
7290008333115,false,אבקת ג'לטין טהור נטו 28 גרם,נטו מלינדה סחר בע`מ,IL,אבקת ג'לטין,גרמים,28.00,100 גרם,false,0,11.10,39.64,true,1,
7290008335553,false,קובה בשר וצנובר 600ג שלושת האופים,נטו מילנדה סחר בעמ*,IL,קובה בשר 600גר,גרמים,600.00,100 גרם,false,0,16.80,2.80,true,1,
7290008343503,false,גחנון אפוי 650 גר' שלושת האופים קהילות,נטו מלינדה סחר בעמ,IL,ג'חנון אפוי,גרמים,650.00,100 גרם,false,0,25.00,3.85,true,1,
7290008409049,false,שניצלונים בציפוי שומשום מיני מיני דק מאמא עוף 500 גרם,תנובה מרכז שיתופי לשיווק תוצרת,IL,שניצל מיני דק,גרמים,500.00,100 גרם,false,0,29.50,5.90,true,1,
7290008409100,false,אצבעות שניצל בציפוי שומשום מאמא עוף 700 גרם,תנובה גליל שותפות מוגבלת,IL,אצבעות שניצל,גרמים,700.00,100 גרם,false,0,37.90,5.41,true,1,
7290008409582,false,שניצל עוף אמיתי בציפוי ביתי מאמא עוף 700 גרם,תנובה מרכז שיתופי לשיווק תוצרת,IL,שניצל אמיתי ביתי,גרמים,700.00,100 גרם,false,0,44.50,6.36,true,1,
7290008464376,false,"מרינדה תפוז פחית 330 מ""ל",טמפו,IL,מירנדה בפחית,מיליליטרים,330.00,"100 מ""ל",false,0,6.40,1.94,true,1,
7290008464383,false,"פחית סבן אפ 330 מ""ל",טמפו משקאות בעמ,IL,סבנ אפ בפחית,מיליליטרים,330.00,"100 מ""ל",false,0,6.40,1.94,true,1,
7290008464406,false,פפסי מקס – משקה מוגז דל קלוריות פחיות 300 מל' שישייה,טמפו משקאות בע`מ,IL,פפסי מקס פחית,מיליליטרים,330.00,"100 מ""ל",false,0,6.40,1.94,true,1,
7290008464697,false,"בירה מכבי 7.9%, בירה חזקה, מארז שישייה, בקבוק 330 מ""ל",טמפו משקאות בעמ,IL,בירה מכבי 6 יח,ליטרים,1.98,ליטר,false,0,34.90,17.63,true,1,
7290008464703,false,"שישיית בירה מכבי בקבוק 330 מ""ל",טמפו משקאות בע''מ,IL,בירה מכבי 6 בקב.,ליטרים,1.98,ליטר,false,0,29.90,15.10,true,1,
7290008464734,false,"שישיית בירה גולדסטאר לאגר SLOW BREW בקבוק 330 מ""ל",טמפו משקאות בע''מ,IL,בירה גולדסטאר6יח,מיליליטרים,1980.00,"100 מ""ל",false,1,49.90,2.52,true,1,
7290008464741,false,"בירה גולדסטאר, מארז שישייה, בקבוק 330 מ''ל","טמפו משקאות בע""\מ",IL,גולדסטאר 6 יח',ליטרים,1.98,ליטר,false,0,39.90,20.15,true,1,
7290008464796,false,"בירה היינקן, מארז שישייה, בקבוק 330 מ''ל",טמפו משקאות בע''מ,IL,בירה הייניקן 6יח,ליטרים,1.98,ליטר,false,0,39.90,20.15,true,1,
7290008493499,false,בייגלה שטוחל'ה מלח350גרם,מאיר את ביגל,IL,בייגלה שטוחל'ה,גרמים,350.00,100 גרם,false,0,10.50,3.00,true,1,
7290008493505,false,בייגלה שטוחל'ה שומשום300,מאיר את ביגל,IL,בייגלה שטוחלה,גרמים,300.00,100 גרם,false,0,10.50,3.50,true,1,
7290008711845,false,קליאו ק.גוף סקין קר מועשר באבקת פנינה - ורוד,"ביסקול בע""מ",IL,קרם גוף קליאו,מיליליטרים,400.00,"100 מ""ל",false,0,15.60,3.90,true,1,
7290008713696,false,הלחמניה המלאה 75*6 גרם,מאפיית שלמה א. אנג'ל,IL,הלחמניה המלאה 75*6 גרם,גרמים,450.00,100 גרם,false,0,14.90,3.31,true,1,
7290008713900,false,לחם שיפון עגול פרוס אחדות (750 גרם),מאפיית אנג'\ל אורנים מאפ,IL,לחם שיפון עגול 750 גרם,גרמים,750.00,100 גרם,false,0,13.50,1.80,true,1,
7290008713917,false,לחם שיפון כהה פרוס מאפיית אחדות 750 גרם,מאפיית שלמה א. אנג'\ל בע,IL,לחם שיפון כהה,גרמים,750.00,100 גרם,false,0,13.50,1.80,true,1,
7290008753982,false,שוקולד חלב אוורירי 85גרם,STRAUSS-ISRAEL,IL,שוקולד אוורירי,גרמים,85.00,100 גרם,false,0,6.60,7.76,true,1,
7290008754422,false,גומי מאסט בטעם פפרמינט קלאסי פליפטופ 28 ג' עלית,שטראוס גרופ בע`מ,IL,מסטיק LL MUST,גרמים,28.00,100 גרם,false,0,4.60,16.43,true,1,
7290008775823,false,ערגליות עוגיות תות שדה אסם 300 גרם,קבוצת אוסם סחר שותפות מוגבלת,IL,ערגליות תות,גרמים,300.00,100 גרם,false,0,11.50,3.83,true,1,
7290008775892,false,פסטה פרפקטו לינגוויני (11) 500 גרם,קבוצת אוסם סחר-שות.מוגבלת,IT,ספגטי לינגויני,גרמים,500.00,100 גרם,false,0,7.60,1.52,true,1,
7290008801843,false,סלקטד קברנה סובניון יקבי כרמל (750 מל),אגודת הכורמים בעמ,,קברנה סוביניון,מיליליטרים,750.00,"100 מ""ל",false,0,24.90,3.32,true,1,
7290008804745,false,"יין כרמל הסדרה האזורית גוורצטרמינר, 750 מ""ל",אגודת הכורמים הקואופרטיב,IL,גוורצטרמינר אזור,מיליליטרים,750.00,"100 מ""ל",false,1,54.90,7.32,true,1,
7290008804752,false,ברוט מבעבע לבן יבש 750מל,יקבי כרמל,IL,ברוט יין מבעבע,מיליליטרים,750.00,"100 מ""ל",false,0,34.90,4.65,true,1,
7290008909853,false,"קוקה קולה זירו בקבוק 500 מ""ל.",החברה המרכזית להפצת משקאות בעמ,IL,קוקה קולה ZERO,מיליליטרים,500.00,"100 מ""ל",false,0,7.90,1.58,true,1,
7290008909860,false,קוקה קולה זירו בקבוק 1.5ל,החברה המרכזית לייצור משקאות,IL,קוקה קולה ZERO,ליטרים,1.50,ליטר,false,0,7.60,5.07,true,1,
7290008909877,false,קוקה קולה זירו בקבוק 6*1.5ל,החברה המרכזית לייצור משקאות,IL,קולה זירו 1.5*6ל,ליטרים,9.00,ליטר,false,0,39.90,4.43,true,1,
7290008945172,false,"שקיות אשפה עם שרוך 52 * 65 ס""מ גלילונית 40 יחידות","אשפלסט תעשיות בע""מ",IL,גלילונית לפח,יחידה,1.00,יחידה,false,0,19.40,19.40,true,1,
7290009011043,true,פילה אמנון טרי שופרסל קג,דגת הארץ,IL,פילה אמנון טרי,קילוגרמים,0.00,"ק""ג",true,1,86.90,86.90,true,1,
7290009011111,true,דניס שלם טרי שופרסל לקג,דגת הארץ,IL,דניס שלם טרי,קילוגרמים,0.00,"ק""ג",true,1,89.90,89.90,true,1,
7290009011128,true,פילה סלמון טרי שופרסל לק,דגת הארץ,IL,פילה סלמון טרי,קילוגרמים,0.00,"ק""ג",true,1,119.90,119.90,true,1,
7290009168112,true,המבורגר ריב אנטריקוט640ג,טיבון ויל אחזקות בעמ,IL,המבורגר ריבאנטרי,גרמים,640.00,100 גרם,false,1,39.90,6.23,true,1,
7290009393453,true,שריר מס8' קפוא חלק שופרס,.,,שריר מס8',קילוגרמים,0.00,"ק""ג",true,0,47.50,47.50,true,1,
7290009952063,true,מים מינרליים מצוננים500מ,,,מים מינרליים500מ,מיליליטרים,500.00,"100 מ""ל",false,0,5.90,1.18,true,1,
7290009952704,true,משקה מצונן 1.5 ליטר,,,משקה מצונן 1.5 ליטר,ליטרים,1.50,ליטר,false,0,8.90,5.93,true,1,
7290009952995,true,מים מינרליים 1.5 ליטר,,,מים מינרליים 1.5 ליטר,ליטרים,1.50,ליטר,false,0,5.10,3.40,true,1,
7290009954234,true,נועם גב.צהובה9%חריץ משקל,טרה,IL,גבינת נועם 9%,קילוגרמים,0.00,"ק""ג",true,0,70.00,70.00,true,1,
7290009954357,true,גב.עמק מגורדת במשקל,,IL,גבינת עמק מגורדת,קילוגרמים,0.00,"ק""ג",true,0,41.30,41.30,true,1,
7290009955743,true,גבינת צהובה28%פולין משקל,MLEKOVITA,PL,גבינת צהובה 28%,קילוגרמים,0.00,"ק""ג",true,1,29.90,29.90,true,1,
7290009956139,true,גבינת גאודה 31.2% במשקל,ROUVEEN,NL,גבינת גאודה,קילוגרמים,0.00,"ק""ג",true,1,69.00,69.00,true,1,
7290009956146,true,פסטו ירוק הולנד32% במשקל,ROUVEEN,NL,גבינת פסטו,קילוגרמים,0.00,"ק""ג",true,1,89.00,89.00,true,1,
7290009956153,true,פסטו אדום הולנד32% במשקל,ROUVEEN,NL,גבינת פסטו אדום,קילוגרמים,0.00,"ק""ג",true,1,89.00,89.00,true,1,
7290009956184,true,גאודה עגבנ+זיתים32% משקל,ROUVEEN,NL,גבינת גאודה,קילוגרמים,0.00,"ק""ג",true,1,89.00,89.00,true,1,
7290009956344,true,גבינה בתיבול פלפלים משקל,VANDERSTERRE,NL,גבינה מתובלת,קילוגרמים,0.00,"ק""ג",true,1,139.00,139.00,true,1,
7290009956351,true,גבינה גרע.דלעת וגזר משקל,VANDERSTERRE,NL,גבינה עם תוספות,קילוגרמים,0.00,"ק""ג",true,1,139.00,139.00,true,1,
7290009956368,true,גאודה מיושנת במשקל,ואנדרסטרה,NL,גאודה מיושנת,קילוגרמים,0.00,"ק""ג",true,1,89.00,89.00,true,1,
7290010002214,false,תבלין צ'ילי גרוס תבליני מימון 80 גרם,א.ל. ייצור ושיווק תבלינים בע`מ,IL,צ'ילי מקסיקני,גרמים,70.00,100 גרם,false,0,11.30,16.14,true,1,
7290010002313,false,תבלין ראס אל חנות תבליני מימון 100 גרם,א.ל. ייצור ושיווק תבלינים בע`מ,IL,תבלין לקציצות,גרמים,100.00,100 גרם,false,0,11.30,11.30,true,1,
7290010003051,false,פפריקה הונגרית מתוקה תבליני מימון 400 גרם,א.ל. ייצור ושיווק תבלינים בע`מ,IL,פפריקה הונגרית,גרמים,400.00,100 גרם,false,0,27.70,6.93,true,1,
7290010045037,false,עוגיות שוקולד צ'יפס220גר,לחמי,IL,עוגיות ש.צ'יפס,גרמים,220.00,100 גרם,false,0,20.90,9.50,true,1,
7290010049806,false,"עוג.סנדויץ ללת""ס וניל150",מגדנית הדר,IL,עוגיות סנדוויץ,גרמים,150.00,100 גרם,false,0,8.40,5.60,true,1,
7290010116348,false,מיקס חטיפים מגדים 390 גר,"שטראוס גרופ בע""מ",IL,מיקס חטיפים עלית,גרמים,390.00,100 גרם,false,0,23.90,6.13,true,1,
7290010154418,false,סחוג אדום תבליני ביטון 130 גרם,תבליני יוחאי ביטון,IL,סחוג אדום,גרמים,130.00,100 גרם,false,0,9.40,7.23,true,1,
7290010237630,false,בירה נשר מאלט דיאט 1.5 ל,"טמפו משקאות בע""מ",IL,נשר מאלט דיאט,ליטרים,1.50,ליטר,false,0,7.90,5.27,true,1,
7290010259045,false,לורפק לייט ממרח חמאה250ג,ארלה,DK,לורפק לייט,גרמים,250.00,100 גרם,false,0,20.40,8.16,true,1,
7290010259823,false,מנת השף נודלס בטעם עוף וילי פוד (70 גרם),ג. וילי-פוד אינטרנשיונל בע`מ,IL,מנת השף נודלס,גרמים,70.00,100 גרם,false,0,5.20,7.43,true,1,
7290010259830,false,מנת השף נודלס בסגנון סיני פיקנטי וילי פוד 70 גרם,ג. וילי-פוד אינטרנשיונל בע`מ,IL,מנת השף נודלס,גרמים,70.00,100 גרם,false,0,5.20,7.43,true,1,
7290010314140,false,חזה בגריל מן הצומח 630גר,טבעול,IL,חזה בגריל,גרמים,630.00,100 גרם,false,0,41.50,6.59,true,1,
7290010328819,false,"ממרח טחינה עם שוקולד לל""ס 400 ג' אחדות!.",אחדות ביחר לטחינה חל,IL,ממרח טחינה,גרמים,400.00,100 גרם,false,1,13.90,3.48,true,1,
7290010627004,false,טחינה גולמית מסורתית ירושלים 500 ג',תה ויסוצקי (ישראל) בעמ,IL,טחינה ירושלים,גרמים,500.00,100 גרם,false,0,13.90,2.78,true,1,
7290010650019,false,אנדיב בלגי אמיתי חוות תקוע,חוות פטריות תקוע בעמ*קונסיגנצי,IL,עולש,יחידה,1.00,יחידה,false,0,12.90,12.90,true,1,
7290010650224,false,פטריות מלך היער-יחידה,חוות פטריות תקוע,IL,פטריותמלך היער,יחידה,1.00,יחידה,false,0,15.00,15.00,true,1,
7290010740512,false,שניצל דק מהצומח ביתי 700,טבעול,IL,שניצל דק ביתי,גרמים,700.00,100 גרם,false,0,39.60,5.66,true,1,
7290010748860,false,"ד""ר פישר - אפקטיב קר קרם ידיים אינטנסיב 150 מ""ל","פישר תעשיות פרמצביטות בע""מ",IL,קרם ידיים,מיליליטרים,150.00,"100 מ""ל",false,0,9.90,6.60,true,1,
7290010748891,false,אפקטיב קר קרם גוף מולטי ויטמין לעור רגיל יבש ח 7,פישר תעשיות פרמצבטיות בעמ,IL,קרם גוף,מיליליטרים,700.00,"100 מ""ל",false,0,19.90,2.84,true,1,
7290010838424,false,ג'ל לניקוי מתקדם בניחוח רענן - מארז זוג,"איטיליאן פוד, אס.פי.",NL,דאק לאסלה זוג,ליטרים,1.50,ליטר,false,0,17.90,11.93,true,1,
7290010883370,false,כפפות אלוורה רב שימושיות בינוניות M סנו סושי,החברה הדרומית לשיווק בעמ,,סנו סוש כפפות,יחידה,1.00,יחידה,false,0,12.10,12.10,true,1,
7290010970261,false,טעמים-חומץ תפוחי עץ,"ג.מ טעם הארץ בע""\ם",IL,חומץ תפוחי עץ,מיליליטרים,500.00,"100 מ""ל",false,0,17.60,3.52,true,1,
7290011017873,false,פחית זירו סליק קוקה-קולה (330 מל),החברה המרכזית להפצת משקאות בעמ,IL,קוקה זירו,מיליליטרים,330.00,"100 מ""ל",false,0,6.00,1.82,true,1,
7290011018252,false,פיוז טי תה קר בטעם מנגו אננס,FUZE TEA,IL,תה מנגו אננס,ליטרים,1.50,ליטר,false,0,7.90,5.27,true,1,
7290011018276,false,פיוז תה אקזוטי 1.5ל',,IL,תה אקזוטי,ליטרים,1.50,ליטר,false,0,7.90,5.27,true,1,
7290011018443,false,משקה מוגז אורנג` פאנטה (330 מל),החברה המרכזית להפצת משקאות בעמ,IL,פאנטה אורנג',מיליליטרים,330.00,"100 מ""ל",false,0,6.00,1.82,true,1,
7290011018474,false,"סומרסבי סיידר תפוחים אלכוהולי 300 מ""ל",החברה המרכזית להפצת משקאות בעמ,DK,סיידר תפוחים,מיליליטרים,330.00,"100 מ""ל",false,1,9.90,3.00,true,1,
7290011018580,false,משקה פיוז תה ענבים 1,FUZE TEA,IL,פיוז טי ענבים,ליטרים,1.50,ליטר,false,0,7.90,5.27,true,1,
7290011051136,false,שוופס סודה 1.5 ל'- רביעייה,יפאורה שותפות מובגלת לשיווק,IL,שוופס סודה 4 יח',ליטרים,6.00,ליטר,false,0,11.90,1.98,true,1,
7290011051372,false,שוופס תפוח ליים מוגז1.5ל,יפאורה שותפות מובגלת לשיווק,IL,שוופס תפוח ליים,ליטרים,1.50,ליטר,false,0,6.90,4.60,true,1,
7290011051389,false,שוופס פירות יער מוגז1.5ל,יפאורה שותפות מובגלת לשיווק,IL,שוופס מוגז עדין,ליטרים,1.50,ליטר,false,0,6.90,4.60,true,1,
7290011051488,false,תה ספרינג אפרסק 1.5 ליטר,יפאורה שותפות מובגלת לשיווק,IL,ספרינג תה אפרסק,ליטרים,1.50,ליטר,false,0,6.50,4.33,true,1,
7290011051495,false,תה ספרינג ירוק לימון1.5ל,יפאורה שותפות מובגלת לשיווק,IL,תה ספרינג ירוק,ליטרים,1.50,ליטר,false,0,6.50,4.33,true,1,
7290011081492,false,גלידה בטעם שלושה שוקולדים 1.33ל' קרמיסימו,"גלידת שטראוס בע""\מ, רחוב",IL,קרמיסימו שוקולדי,ליטרים,1.33,ליטר,false,0,21.90,16.47,true,1,
7290011126957,false,תה ירוק ויסוצקי ארל גריי 25 שקיקים,תה ויסוצקי (ישראל) בעמ,IL,תה ירוק ארל גריי,גרמים,37.00,100 גרם,false,0,26.90,72.70,true,1,
7290011239404,false,חטיפים מתוקים טעמים שונים 330גר,סוכנויות עמוס ממתקים בעמ,IL,חטיפים ארוזים,גרמים,330.00,100 גרם,false,0,14.90,4.52,true,1,
7290011468347,false,טחינה הנסיך10%תוספת 550ג,הנסיך,IL,טחינה הנסיך,גרמים,550.00,100 גרם,false,1,8.90,1.62,true,1,
7290011468354,false,טחינה הנסיך שומש.מלא10%ת,הנסיך,IL,טחינה הנסיך,גרמים,550.00,100 גרם,false,1,8.90,1.62,true,1,
7290011499129,false,גבינה בולגרית מעודנת קוביות קטנות 5% גד 200 גרם,מחלבות גד שיווק 1992 בעמ,IL,קוביות בולגרית,גרמים,200.00,100 גרם,false,0,22.60,11.30,true,1,
7290011499327,false,גבינה בולגרית מעודנת 5% 250 גרם - רבנות,מחלבות גד שיווק 1992 בעמ,,בולגרית מעודנת5%,גרמים,250.00,100 גרם,false,0,22.90,9.16,true,1,
7290011499846,false,גבינת ריקוטה פרסקה 9% גד (300 גרם),מחלבות גד שיווק 1992 בעמ,,ריקוטה פרסקה 9%,גרמים,300.00,100 גרם,false,0,18.50,6.17,true,1,
7290011499853,false,שמנת 30% ניו יורק זיתים מחלבות גד,מחלבות גד שיווק 1992 בעמ,,גבינת שמנת,גרמים,200.00,100 גרם,false,0,13.40,6.70,true,1,
7290011501617,false,חמוציות ברכז תפוחים ללא תוספת סוכר 250 גרם,דין שיווק וקליה 2021 בעמ,IL,חמוציות דל סוכר,גרמים,250.00,100 גרם,false,0,20.70,8.28,true,1,
7290011515683,false,מאגדת טילון אקסטרים וניל נסטלה 6 יחידות,נגה גלידות שותפות מוגבלת,IL,מאגדת אקסטרים,גרמים,432.00,100 גרם,false,0,38.00,8.80,true,1,
7290011515911,false,שלגוני לייט ריבת חלב עם סירופ 6*52 גרם,נגה גלידות שותפות מוגבלת,IL,מאגדת לייט,גרמים,312.00,100 גרם,false,0,31.20,10.00,true,1,
7290011570644,false,קמח רב תכליתי ללא גלוטן אשבל 450 גרם,תומר יבוא ושיווק מוצרי מזון (1,IL,קמח לחם,גרמים,500.00,100 גרם,false,1,19.70,3.94,true,1,
7290011607180,false,"אבקת כביסה קולון 101 1.25 ק""ג",רקיט בנקיזר (ניר איסט) בעמ,IL,אבקת כביסה קולון,קילוגרמים,1.25,"ק""ג",false,0,10.90,8.72,true,1,
7290011615277,false,"עלי טורטיוה קמח חיטה 25ס""מ 12יח' ויליפוד 840 ג'",ג.וילי-פוד אינטרנשיונל בעמ,TR,עלי טורטייה,גרמים,840.00,100 גרם,false,0,19.70,2.35,true,1,
7290011618025,false,בייבי ביס הוט קידס נגיסי אורז לתינוק,גואנז'ו יונג וואנט פ,CN,בייבי ביס,גרמים,50.00,100 גרם,false,0,12.90,25.80,true,1,
7290011668570,false,בריא מהטבע גרנולה פירות יבשים 450 גרם פנינה רוזנבלום,בריא מהטבע פנינה רוזנבלום,IL,חגיגת גרנולה,גרמים,500.00,100 גרם,false,0,30.30,6.06,true,1,
7290011800703,false,פלפלים קלויים רפי כהן400,סלטי צבר,IL,סלט פלפלים,גרמים,400.00,100 גרם,false,0,17.50,4.38,true,1,
7290011877927,false,אורביטול טריפלאקשיין בטעם סמוז מינט,קוסמופארם בע'\'\מ,IL,מי פה אורביטול,מיליליטרים,500.00,"100 מ""ל",false,0,20.00,4.00,true,1,
7290011947262,false,זית ירוק בתיבול גלילי217,זיתא - י.ט.ב תעשיות,,זית ירוק בתיבול,גרמים,217.00,100 גרם,false,0,11.50,5.30,true,1,
7290011947316,false,זיתא זיתי קלמטה בשמן זית כתית מעולה 215ג,תה ויסוצקי (ישראל) בעמ,IL,זיתי קלמטה,גרמים,215.00,100 גרם,false,1,14.90,6.93,true,1,
7290012019265,false,"מחית תפו""ע ללא תוספת סוכר 4*113גר",תומר ייבוא ושיווק מוצרי מזון [,US,"רסק תפו""ע ללת""ס",גרמים,454.00,100 גרם,false,0,11.00,2.42,true,1,
7290012028441,false,טבק לגלגול מרלבורו גולד,פיליפ מוריס,IL,טבק לגלגול,יחידה,1.00,יחידה,false,0,40.50,40.50,false,1,
7290012028717,false,טבק צ'סטרפילד פיין יח,פיליפ מוריס,PL,טבק צ'סטרפילד,יחידה,1.00,יחידה,false,1,33.80,33.80,false,1,
7290012086113,false,עגבניות שרי אשכולות מארז,ביכורי השדה הצפון בעמ` 1964,IL,שרי אשכולות יח,יחידה,1.00,יחידה,false,0,10.90,10.90,true,1,
7290012117275,false,"קליר שקית מילוי לניקוי חלונות סנו 750 מ""ל",החברה הדרומית לשיווק בעמ,IL,סנוקליר מילוי,מיליליטרים,750.00,"100 מ""ל",false,0,6.90,0.92,true,1,
7290012159404,false,לבבות דקל שלמים 400,ECUACONSERVAS,IL,לבבות דקל שלם,גרמים,400.00,100 גרם,false,0,10.30,2.58,true,1,
7290012193286,false,פרש וואנס SENSITIVE מגבונים ללא בישום רביעייה 72 יחידות,על בד,IL,פרש וואנס,יחידה,1.00,יחידה,false,0,17.90,17.90,true,1,
7290012226021,false,נקניק סלמי מעושן פראג זוגלובק (400 גרם),נקניק נהריה כשר זוגל,IL,סלמי מעושן פראג,גרמים,400.00,100 גרם,false,0,22.90,5.73,true,1,
7290012226120,false,קבנוס זוגלובק (45x3 גרם),נקניק נהריה כשר זוגל,IL,קבנוס,גרמים,135.00,100 גרם,false,0,12.90,9.56,true,1,
7290012226922,false,קבנוס בטעם שום זוגלובק (45x3 גרם),נקניק נהריה כשר זוגל,IL,קבנוס בטעם שום,גרמים,135.00,100 גרם,false,0,12.90,9.56,true,1,
7290012226939,false,קבנוס עם צ'ילי חריף זוגלובק 135 גרם,נקניק נהריה כשר זוגל,IL,קבנוס בטעם צ'ילי,גרמים,135.00,100 גרם,false,0,12.90,9.56,true,1,
7290012226946,false,קבנוס בטעם בצל זוגלו,נקניק נהריה כשר זוגל,IL,קבנוס בטעם בצל,גרמים,135.00,100 גרם,false,0,12.90,9.56,true,1,
7290012313653,false,בצל קצוץ מטוגן בשמן425ג,אירוסיבולס,ES,בצל קצוץ מטוגן,גרמים,425.00,100 גרם,false,1,14.80,3.48,true,1,
7290012317507,false,קובה ירושלמי מוכן 400 גר,יסמין,IL,קובה ירושלמי,גרמים,400.00,100 גרם,false,0,23.90,5.98,true,1,
7290012367717,false,קרם ידיים וציפורניים Intensive relief לעור יבש ומגורה,"פישר תעשיות פרמצביטות בע""מ",,קרם ידיים,מיליליטרים,150.00,"100 מ""ל",false,0,9.90,6.60,true,1,
7290012404146,false,שוופס מוגז תפוחים1.5ל',יפאורה שותפות מובגלת לשיווק,IL,שוופס תפוחים,ליטרים,1.50,ליטר,false,0,7.00,4.67,true,1,
7290012404238,false,שוופס ראש'ן 1.5 ליטר,יפאורה שותפות מובגלת לשיווק,IL,שוופס ראש'ן,ליטרים,1.50,ליטר,false,0,9.90,6.60,true,1,
7290012404320,false,ספרינג ענבים 1.5 ליטר,יפאורה שותפות מובגלת לשיווק,IL,ספרינג ענבים,ליטרים,1.50,ליטר,false,0,6.90,4.60,true,1,
7290012404863,false,ספרינג תה מנגו אפרסק1.5ל,יפאורה שותפות מובגלת לשיווק,IL,ספרינג תה מנגו,ליטרים,1.50,ליטר,false,0,6.50,4.33,true,1,
7290012576607,false,"יין קברנה סוביניון פרמייר מלבק אדום ברקן 750 מ""ל","ברקן שיווק והפצה בע""",IL,פרמייר קברנה,מיליליטרים,750.00,"100 מ""ל",false,0,22.90,3.05,true,1,
7290012665066,false,רביולי במילוי גבינה 400,"אדריה בע""מ",IL,רביולי במילוי גב,גרמים,400.00,100 גרם,false,0,14.90,3.73,true,1,
7290012697081,false,סוכרזית מהטבע סטיוויה 100שקיות 100גרם,שטראוס גרופ בע`מ,IL,סוכרזית סטיוויה,גרמים,100.00,100 גרם,false,0,33.50,33.50,true,1,
7290012823800,false,תח.רחצה כיף חלב קוקוס750,קוסמופארם,IL,תחליב רחצה כיף,מיליליטרים,750.00,"100 מ""ל",false,0,12.50,1.67,true,1,
7290012884986,false,צ`יפס לתנור עד 4% שומן תפוגן (1.5 קג),קבוצת אוסם סחר שותפות מוגבלת,IL,ציפס לתנור,קילוגרמים,1.50,"ק""ג",false,0,29.90,19.93,true,1,
7290012938740,false,"משחת שיניים פרש מינט מנטה 75מ""ל סנסודיין",גלקסו סמית קליין,GB,משחת סנסודיין,מיליליטרים,75.00,"100 מ""ל",false,0,17.90,23.87,true,1,
7290013027399,false,לחם קמח מלא קל בתוספת שיפון 750 ג' אנג'ל,מאפיית שלמה א. אנג'\ל בע,IL,לחם מלא+100%שיפון-קל750ג,גרמים,750.00,100 גרם,false,0,15.90,2.12,true,1,
7290013038234,false,מים אקווה נובה 2*6 ליטר,"טמפו משקאות בע""\מ",IL,אקווה נובה 6 בקב,ליטרים,12.00,ליטר,false,0,9.90,0.83,true,1,
7290013144980,false,תרסיס שמן קנולה מימונס 170 גרם,א.ל. ייצור ושיווק תבלינים בע`מ,TR,תרסיס שמן קנולה,גרמים,170.00,100 גרם,false,1,15.90,9.35,true,1,
7290013144997,false,מימונס תרסיס שמן זית,א.ל.יצור ושיווקתבלינים בעמ,IL,תרסיס שמן זית,גרמים,140.00,100 גרם,false,1,15.90,11.36,true,1,
7290013153425,false,מיץ סחוט לימון נענע 2ל,פריגת מצוננים,IL,סחוט לימון נענע,ליטרים,2.00,ליטר,false,1,26.70,13.35,true,1,
7290013153593,false,תפוזים מתקתק 100% פריגת 1 ליטר,החברה המרכזית טלהפצת משקאות בע,IL,מיץ תפוזים מתקתק,ליטרים,1.00,ליטר,false,1,12.20,12.20,true,1,
7290013268891,false,אוקסיג'ן ג'ל ללא אקונומיקה עם חמצן פעיל סנו 3 ליטר,החברה הדרומית לשיווק בעמ,,אוקסיג'ן ג'ל,ליטרים,3.00,ליטר,false,0,25.00,8.33,true,1,
7290013268990,false,מרכך כביסה מרוכז לבן ביו סנו מקסימה 1 ליטר,החברה הדרומית לשיווק בעמ,,מקסימה מרכך,ליטרים,1.00,ליטר,false,0,15.00,15.00,true,1,
7290013269003,false,מרכך כביסה סופר מרוכז בייבי לתינוקות ולעור רגיש,החברה הדרומית לשיווק בעמ,IL,מקסימה מרכך,ליטרים,1.00,ליטר,false,0,17.90,17.90,true,1,
7290013269263,false,ג'ל כביסה מרוכז מקסימה בבישום קריסטל נואר,החברה הדרומית לשיווק בעמ,IL,מקסימה ג'ל,ליטרים,3.00,ליטר,false,0,29.90,9.97,true,1,
7290013269560,false,קרמה תחליב רחצה מאסק750מ,קוסמופארם,,קרמה תחליב רחצה,מיליליטרים,750.00,"100 מ""ל",false,0,14.90,1.99,true,1,
7290013284150,false,פריניר מלפפונים במלח 13-17 560ג,אבאל יזמות בעמ,,מלפפונים במלח,גרמים,560.00,100 גרם,false,0,10.20,1.82,true,1,
7290013284167,false,פריניר מלפפון במלח 18-25,אבאל יזמות בעמ,,מלפפונים במלח,גרמים,560.00,100 גרם,false,0,13.30,2.38,true,1,
7290013358356,false,פירורי לחם מוזהבים מאסטר שף (320גרם),ש. שסטוביץ בע`מ,IL,פירורי לחם,גרמים,350.00,100 גרם,false,0,8.90,2.54,true,1,
7290013358424,false,רוטב סויה מאסטר שף (500 מל),קי.אר.אס. ספייסי פוד,TH,רוטב סויה,מיליליטרים,500.00,"100 מ""ל",false,1,10.00,2.00,true,1,
7290013358530,false,מאסטר שף אסייאתי רוטב צ'ילי מתוק 700 מל כשלפ,קריניציה ויטמינה אס,TH,רוטב צ'ילי מתוק,מיליליטרים,700.00,"100 מ""ל",false,1,10.00,1.43,true,1,
7290013474063,false,בייגלה שמיניות 60 גרם,יוניליוור,IL,בייגלה שמיניות,גרמים,60.00,100 גרם,false,0,3.50,5.83,true,1,
7290013531797,false,אפונה קטנה 200*3 גרם,KFT KECSKEMET,HU,אפונה קטנה 3 יח,גרמים,600.00,100 גרם,false,1,11.50,1.92,true,1,
7290013584113,false,"ספרייט פחית סליק 330 מ""ל",החברה המרכזית להפצת משקאות בעמ,IL,ספרייט,מיליליטרים,330.00,"100 מ""ל",false,0,6.00,1.82,true,1,
7290013585233,false,"ספרייט זירו פחית סליק 330 מ""ל",החברה המרכזית להפצת משקאות בעמ,IL,ספרייט זירו,מיליליטרים,330.00,"100 מ""ל",false,1,6.00,1.82,true,1,
7290013585387,false,בקבוק זירו קוקה-קולה (1 ליטר),החברה המרכזית להפצת משקאות בעמ,IL,קולה זירו,ליטרים,1.00,ליטר,false,1,6.10,6.10,true,1,
7290013585493,false,פריגת אננס פסיפלורה1.5ל,מבשלות בירה בינלאומיות,IL,"משק""ל פריגת",ליטרים,1.50,ליטר,false,1,7.50,5.00,true,1,
7290013585851,false,פריגת תפוז מנדרינה 1.5 ל,מבשלות בירה בינלאומיות,IL,פריגת תפוז,ליטרים,1.50,ליטר,false,1,7.50,5.00,true,1,
7290013586551,false,פיוז תה הרבל אגס מרווה,מבשלות בירה בינלאומיות,IL,פיוז תה,ליטרים,1.50,ליטר,false,1,7.90,5.27,true,1,
7290013608260,false,מיץ רימונים 100%מיץ סחוט טרי מצונן 1ליט,שטראוס גרופ בעמ/מצונן,IL,מיץ רימונים,ליטרים,1.00,ליטר,false,0,25.80,25.80,true,1,
7290013675408,false,שניצל קריספי 700 גרם,תנובה,IL,שניצל קריספי,גרמים,700.00,100 גרם,false,1,44.50,6.36,true,1,
7290013702029,false,שוופס מים טעם אפרסק 1.5ל,יפאורה שותפות מובגלת לשיווק,IL,שוופס מים אפרסק,ליטרים,1.50,ליטר,false,0,7.20,4.80,true,1,
7290013702043,false,שוופס מים טעם ענבים 1.5ל,יפאורה שותפות מובגלת לשיווק,IL,מים בטעם ענבים,ליטרים,1.50,ליטר,false,0,7.20,4.80,true,1,
7290013702470,false,שוופס מוגז לימונדה ורודה,יפאורה שותפות מובגלת לשיווק,IL,שוופס לימונדה,ליטרים,1.50,ליטר,false,0,7.00,4.67,true,1,
7290013724939,false,משוקלדים חמוציות מריר 140 גר' קופסא,דין שיווק וקליה 2021 בעמ,IL,חמוציות בשוקולד,גרמים,160.00,100 גרם,false,0,15.80,9.88,true,1,
7290013848895,false,דאו.קרמה רול און מאסק75מ,קוסמופארם,IL,דאודורנט קרמה,מיליליטרים,75.00,"100 מ""ל",false,0,10.00,13.33,true,1,
7290014083813,false,וילי פוד מריגה שפרוטים מעושנים בשמן 190ג,ג. וילי-פוד אינטרנשיונל בע`מ,IL,שפרוטים,גרמים,190.00,100 גרם,false,0,10.90,5.74,true,1,
7290014086470,false,"מפיץ ריח לבית ""יוקרתי"" בקבוק מרובע 150 מ""ל",מרינה,IL,תפוח אדמה מבושל,יחידה,1.00,יחידה,false,1,10.90,10.90,true,1,
7290014094062,false,גרעין שחור קלוי 200גרם,שקדיה,IL,גרעין שחור קלוי,גרמים,200.00,100 גרם,false,0,7.80,3.90,true,1,
7290014094260,false,שיני שום קלוף קמעונאי,קונס`-מרינה פטריות הגליל בעמ*ש,CN,שיני שום קלופות,יחידה,1.00,יחידה,false,1,9.90,9.90,true,1,
7290014095922,false,"דבש מפרחי הדר 1 ק""ג",שקדיה,IL,דבש מפרחי הדר,קילוגרמים,1.00,"ק""ג",false,0,41.90,41.90,true,1,
7290014204867,false,תערובת מזונות על 340 גרם,פוליבה,IL,תערובת מזונות,גרמים,340.00,100 גרם,false,1,36.90,10.85,true,1,
7290014256897,false,יין BUZZ קריאנזה 750 מל שביעית,יקבי כרמל,IL,קריניאנו באזז,מיליליטרים,750.00,"100 מ""ל",false,1,27.90,3.72,true,1,
7290014455580,false,גב.שמנת ניו יורק 12% 200,מחלבות גד,IL,גבינת שמנת,גרמים,200.00,100 גרם,false,1,13.40,6.70,true,1,
7290014459007,false,צ'יפס קוביות תפוחי א,"תעשיות תפוגן בע""\מ",IL,"קוביות ת""א",גרמים,700.00,100 גרם,false,0,16.80,2.40,true,1,
7290014459267,false,פרוסות צ`יפס תפוגן (1.5 קג),קבוצת אסם סחר שות. מוגבלת,IL,תפוגן פרוסות,קילוגרמים,1.50,"ק""ג",false,10,28.90,19.27,true,1,
7290014692299,false,גבינת ברי EURO CHEESE ויליפוד 125 גרם,ג.וילי-פוד אינטרנשיונל **גבינו,DK,גבינת ברי קסטלו,גרמים,125.00,100 גרם,false,0,17.90,14.32,true,1,
7290014692305,false,גבינת קממבר EURO CHEESE ויליפוד 125 גרם,ג.וילי-פוד אינטרנשיונל **גבינו,DK,קממבר קסטלו,גרמים,125.00,100 גרם,false,0,17.90,14.32,true,1,
7290014758100,false,מאגדת יוגורט ביו 3% שומן 8 יח' *150ג' תנובה,מיוצר עי קונדיטוריית,IL,יוגורט ביו 8 יח,קילוגרמים,1.20,"ק""ג",false,0,16.10,13.42,true,1,
7290014762756,false,גבינת שמנת נפוליאון 16% עם בצל תנובה 225 גרם,תנובה - חלב,IL,גבינת נפוליאון,גרמים,225.00,100 גרם,false,1,14.50,6.44,true,1,
7290014763586,false,ממ.סויה סגנ.גב.טוסקנה250,תנובה,IL,ממרח סויה,גרמים,250.00,100 גרם,false,1,11.90,4.76,true,1,
7290014791077,false,ספרינג תה ענבים 1.5 ליטר,יפאורה שותפות מובגלת לשיווק,IL,ספרינג תה ענבים,ליטרים,1.50,ליטר,false,0,6.50,4.33,true,1,
7290014791558,false,שוופס סודה נענע 1.5 ל'- רביעייה,יפאורה שותפות מובגלת לשיווק,IL,שוופס סודה 4 יח,ליטרים,6.00,ליטר,false,0,11.90,1.98,true,1,
7290014791565,false,שוופס מוגז ענבים 1.5ליטר,יפאורה שותפות מובגלת לשיווק,IL,שוופס ענבים,ליטרים,1.50,ליטר,false,1,7.00,4.67,true,1,
7290014791800,false,פרוט ווטר אפרסק 1.5 ליטר,יפאורה שותפות מובגלת לשיווק,IL,פרוט ווטר אפרסק,ליטרים,1.50,ליטר,false,1,7.50,5.00,true,1,
7290014875074,false,שווארמה מן הצומח טיבעול,טבעול,IL,שווארמה מן הצומח,גרמים,400.00,100 גרם,false,0,25.90,6.48,true,1,
7290014940901,false,לחם פשוט מלא לילדים פרוס אנג`ל (750 גרם),מאפיית שלמה א. אנג'\ל בע,IL,לחם מלא,גרמים,750.00,100 גרם,false,1,15.00,2.00,true,1,
7290015025942,false,"קרם ידיים קלאסי עם שמן שקדים פנג'ל 80 מ""ל",מיוצר עי קונדיטוריית,IL,קרם ידיים פנג'ל,מיליליטרים,80.00,"100 מ""ל",false,1,6.90,8.63,true,1,
7290015139533,false,חופשי ופל לימון ללא ציפוי ללא גלוטן כרמית 200 גרם,כרמית תעשיות ממתקים בעמ,IL,וופל לימון,גרמים,200.00,100 גרם,false,1,10.90,5.45,true,1,
7290015150583,false,תה ירוק בתוספת לימון ודבש ויסוצקי) (25,תה ויסוצקי (ישראל) בעמ,IL,תה ירוק ויסוצקי,גרמים,37.00,100 גרם,false,1,26.90,72.70,true,1,
7290015324038,false,פפריקה מתוקה בשמן 100 גרם טעם וריח,"תבליני טעם וריח בע""מ",IL,פפריקה בשמן,גרמים,80.00,100 גרם,false,0,8.80,11.00,true,1,
7290015324052,false,פפריקה מתוקה 80 גר' טעם וריח,"תבליני טעם וריח בע""מ",IL,פפריקה מתוקה,גרמים,80.00,100 גרם,false,0,6.10,7.63,true,1,
7290015324090,false,כמון טחון 80 גר' טעם וריח,"תבליני טעם וריח בע""מ",IL,כמון,גרמים,80.00,100 גרם,false,0,8.80,11.00,true,1,
7290015348072,false,"למברוסקו אדום 750 מ""ל ""אמיליאנו""",טמפו משקאות בעמ,IT,למברוסקו,מיליליטרים,750.00,"100 מ""ל",false,1,27.90,3.72,true,1,
7290015348089,false,"למברוסקו אדום ביאנקו 750 מ""ל ""אמיליאנו""",טמפו משקאות בעמ,IT,למברוסקו,מיליליטרים,750.00,"100 מ""ל",false,1,27.90,3.72,true,1,
7290015395045,false,"קינואה בשקית שקדיה 400 גרם בד""ץ",דין שיווק וקליה 2021 בעמ,IL,קינואה,גרמים,400.00,100 גרם,false,0,18.70,4.68,true,1,
7290015470391,false,קרם ידיים מועשר בשמן זית לעור רגיל עד יבש,"דנשר (1963) בע,מ",IL,קרם ידיים פנג'ל,מיליליטרים,100.00,"100 מ""ל",false,1,8.90,8.90,true,1,
7290015597555,false,קרמיסימו וניל פירות טרופיים סולרו,גלידות שטראוס בעמ,IL,קרמיסימו וניל ופ,יחידה,1.00,יחידה,false,1,21.90,21.90,true,1,
7290015626460,false,שקד קלוף טבעי 250גרם,ששון מלוינסקי,IL,שקד קלוף טבעי,גרמים,250.00,100 גרם,false,1,31.90,12.76,true,1,
7290015626712,false,צימוקים מזן מידנייט 500ג,ששון,IL,צימוקים מידנייט,גרמים,500.00,100 גרם,false,1,22.90,4.58,true,1,
7290015626804,false,גרעין אבטיח קלוי 200גרם,ששון,IL,גרעין אבטיח קלוי,גרמים,200.00,100 גרם,false,1,14.90,7.45,true,1,
7290015644297,false,שישיית לחמניות פשוט מלא אנג'ל 450 גרם,מאפיית שלמה א. אנג'\ל בע,IL,לחמניות 6 יח',גרמים,450.00,100 גרם,false,1,11.50,2.56,true,1,
7290015726559,false,עוגת דבש תפוח ואגוזים 50,גידרון,IL,עוגת דבש תפוח,גרמים,500.00,100 גרם,false,1,24.90,4.98,true,1,
7290016006735,false,שוופס מוגז פירות תפוז 1.5ל',יפאורה שותפות מובגלת לשיווק,IL,שוופס גזוז תפוז,ליטרים,1.50,ליטר,false,1,7.00,4.67,true,1,
7290016006865,false,ספרינג אננס בננה1.5 ליטר,"יפאורה תבורי בע""\מ",IL,ספרינג אננס בננה,ליטרים,1.50,ליטר,false,1,6.90,4.60,true,1,
7290016096460,false,מארז טונה בשמן זית שלישייה 80 גרם,תעשיות פילטונה בעמ,IL,טונה בשמן זית3יח,גרמים,240.00,100 גרם,false,1,10.00,4.17,true,1,
7290016188288,false,"יין ישן נושן 650מ""ל",יקבי כרמל,IL,יין ישן נושן,מיליליטרים,650.00,"100 מ""ל",false,1,18.10,2.78,true,1,
7290016188660,false,"יין אדום יבש סלקטד750מ""ל",יקבי כרמל,IL,יין אדום סלקטד,מיליליטרים,750.00,"100 מ""ל",false,1,24.90,3.32,true,1,
7290016320442,false,מינלרליק מארז מרענן,אינטרקוסמא,IL,מינלרליק מארז,יחידה,1.00,יחידה,false,1,39.90,39.90,true,1,
7290016372212,false,תה ירוק נענע 15 שקיקים,ויסוצקי,IL,תה ירוק,גרמים,22.00,100 גרם,false,1,13.90,63.18,true,1,
7290016497779,false,לחם חיטה מלאה פרוס 600 ג,מאפ גדרון,IL,לחם חיטה מלאה,גרמים,600.00,100 גרם,false,1,12.90,2.15,true,1,
7290016584011,false,חטיפוני גזר 350 גרם גיזרונים,קונס`-מרינה פטריות הגליל בעמ*ש,IL,חטיפוני גזר,גרמים,350.00,100 גרם,false,1,10.00,2.86,true,1,
7290016584073,false,גזר צבעוני מובחר,גיזרונים קיבוץ שלוחות,IL,גזר צבעוני מובחר,יחידה,1.00,יחידה,false,1,8.90,8.90,true,1,
7290016619003,false,מלפפון בייבי יחידה,קטיף.,IL,מלפפון בייבי,יחידה,1.00,יחידה,false,1,9.90,9.90,true,1,
7290016823004,false,בזיליקום יח freshlid,"מרינה פטריות הגליל בע""מ",IL,בזיליקום יחידה,יחידה,1.00,יחידה,false,1,6.90,6.90,true,1,
7290016823080,false,פטרוזיליה FRESHLID מרינה,חקלאי,IL,פטרוזליה יחידה,יחידה,1.00,יחידה,false,1,5.90,5.90,true,1,
7290016823097,false,כוסברה קופסא,קטיף.,IL,כוסברה יחידה,יחידה,1.00,יחידה,false,1,5.90,5.90,true,1,
7290016823103,false,שמיר קופסא,קטיף,IL,שמיר יחידה,יחידה,1.00,יחידה,false,1,5.90,5.90,true,1,
7290016823110,false,נענע קופסא,קטיף.,IL,נענע יחידה,יחידה,1.00,יחידה,false,1,5.90,5.90,true,1,
7290016967074,false,לחם חיטה מלאה עם גרעינים ודגנים,מאפיית שלמה א. אנג'\ל בע,IL,אנג'ל חיטה מלאה,גרמים,750.00,100 גרם,false,1,15.90,2.12,true,1,
7290019297222,false,פולי סויה אדממה 450גרם,שקדיה,IL,פולי סויה אדממה,גרמים,450.00,100 גרם,false,0,9.90,2.20,true,1,
7290100243688,false,"בדין אקסטרא ורוד- 960 מ""ל",יונילוור - תורכיה,TR,מרכך כביסה בדין,מיליליטרים,960.00,"100 מ""ל",false,0,15.90,1.66,true,1,
7290100247051,false,תח.רחצה פינוק קלאסי 700מ,יוניליוור ישראל טיפוח אי,IL,תחליב רחצה פינוק,מיליליטרים,700.00,"100 מ""ל",false,0,9.90,1.41,true,1,
7290100249376,false,מרק בצל 400 גרם,יוניליוור,IL,מרק בצל,גרמים,400.00,100 גרם,false,0,27.70,6.93,true,1,
7290100249475,false,מרק נמס בכוס תירס22.5*2ג,יוניליוור,IL,נמס בכוס תירס,גרמים,45.00,100 גרם,false,0,7.80,17.33,true,1,
7290100249932,false,"דליפקאן בד""ץ 400 גרם",יוניליוור,IL,דליפקאן,גרמים,400.00,100 גרם,false,0,22.70,5.68,true,1,
7290100613603,false,גרעין אבטיח קלוי 200גרם,א.ע.ש. קליית ציון,IL,גרעין אבטיח קלוי,גרמים,200.00,100 גרם,false,0,14.90,7.45,true,1,
7290100658338,false,"נוזל לניקוי כלים אוקסי פלוס פלמוליב 750 מ""ל",הנסיך- מפעל לייצור ט,GR,פלמוליב לכלים,מיליליטרים,750.00,"100 מ""ל",false,0,9.90,1.32,true,1,
7290100680711,false,פירורית זהב אסם זהב 350ג',קבוצת אוסם סחר שותפות מוגבלת,IL,פירורית זהב אסם,גרמים,350.00,100 גרם,false,0,9.50,2.71,true,1,
7290100680728,false,פירורית רגילה שקית 350 גרם,קבוצת אוסם סחר שותפות מוגבלת,IL,פירורית אסם,גרמים,350.00,100 גרם,false,0,8.10,2.31,true,1,
7290100680889,false,קרם קרקר חיטה מלאה 300גר,אסם,IL,קרקר חיטה מלאה,גרמים,300.00,100 גרם,false,0,11.60,3.87,true,1,
7290100681015,false,אינסטנט פודינג בטעם ריבת חלב אסם 84 גרם,קבוצת אוסם סחר שותפות מוגבלת,IL,אינסטנט פודינג,גרמים,84.00,100 גרם,false,0,5.70,6.79,true,1,
7290100681138,false,מארז אפרופו חטיף תירס 3 יחידות,קבוצת אוסם סחר שותפות מוגבלת,IL,אפרופו 3יח במארז,גרמים,150.00,100 גרם,false,0,13.10,8.73,true,1,
7290100685136,false,"אבקת מרק טעם עוף 1 ק""ג 1/8 אסם",קבוצת אוסם סחר שותפות מוגבלת,IL,מרק טעם עוף,קילוגרמים,1.00,"ק""ג",false,0,16.90,16.90,true,1,
7290100686171,false,מארז מולטיפק ביסלי גריל 6 יח 35 גר ליח,קבוצת אוסם סחר שותפות מוגבלת,IL,ביסלי מארז 6 יח,גרמים,210.00,100 גרם,false,0,14.50,6.90,true,1,
7290100687109,false,במבה במילוי קרם נוגט 60ג' אסם,קבוצת אוסם סחר-שות.מוגבלת,IL,במבה נוגט,גרמים,60.00,100 גרם,false,0,5.50,9.17,true,1,
7290100700389,false,"אורז אדום 1 ק""ג ""סוגת""","סוגת תעשיות בע""\מ",IL,אורז אדום סוגת,קילוגרמים,1.00,"ק""ג",false,0,10.00,10.00,true,1,
7290100700587,false,בורגול סוגת (500 גרם),האי נאם סי או אל.טי.,IL,בורגול 500 גרם,גרמים,500.00,100 גרם,false,0,4.90,0.98,true,1,
7290100702611,false,פתיתים אפויים אורז סוגת 500 גרם,"אסיף תעשיות מזון בע""\מ",IL,פתיתים סוגת,גרמים,500.00,100 גרם,false,0,5.20,1.04,true,1,
7290100850008,false,שוקולד חלב+סוכ.קופצות85ג,STRAUSS-ISRAEL,IL,שוקולד וסוכריות,גרמים,85.00,100 גרם,false,0,6.60,7.76,true,1,
7290100850411,false,חטיף מיני מיקס מעורב,שטראוס גרופ,IL,מיקס חטיפים,גרמים,190.00,100 גרם,false,0,17.50,9.21,true,1,
7290100850909,false,חטיף תירס נאצ`ו מקסיקני דוריטוס (70 גרם),"שטראוס פריטו ליי בע""\מ",IL,דוריטוס נאצ'ו,גרמים,70.00,100 גרם,false,0,4.10,5.86,true,1,
7290100850916,false,דוריטוס חמוץ חריף מעודן 70 גרם כשר לפסח,"שטראוס פריטו ליי בע""\מ )",IL,דוריטוס חמוץ ח,גרמים,70.00,100 גרם,false,0,4.10,5.86,true,1,
7290100850923,false,חטיף תירס גריל דוריטוס (70 גרם),"שטראוס פריטו ליי בע""\מ )",IL,דוריטוס גריל,גרמים,70.00,100 גרם,false,0,4.10,5.86,true,1,
7290100854266,false,שוקולד מריר 60%קקאו100ג,שטראוס גרופ בעמ,IL,שוקולד מריר,גרמים,100.00,100 גרם,false,0,9.10,9.10,true,1,
7290100858592,false,אבקת קקאו עלית שקית 150 ג',הנסיך- מפעל לייצור ט,IL,קקאו עלית,גרמים,150.00,100 גרם,false,0,10.20,6.80,true,1,
7290100922699,false,אל סבון הוואי לבנות 750,טרופיקל דגיל,IL,אל סבון הוואי,מיליליטרים,750.00,"100 מ""ל",false,1,9.90,1.32,true,1,
7290100925126,false,מרכך SOFT&OIL זהב 750מל,הנקל סוד,DE,מרכך סוד זהב,מיליליטרים,750.00,"100 מ""ל",false,1,14.90,1.99,true,1,
7290100925539,false,פרסיל ג'ל 2.7 ליטר,הנקל סוד,IL,פרסיל ג'ל,ליטרים,2.70,ליטר,false,1,35.90,13.30,true,1,
7290100925546,false,פרסיל ג'ל קולור2.7ליטר,הנקל סוד,IL,פרסיל ג'ל,ליטרים,2.70,ליטר,false,1,35.90,13.30,true,1,
7290100925577,false,פרסיל ג'ל בייבי 2.7 ליטר,הנקל סוד,IL,פרסיל ג'ל בייבי,ליטרים,2.70,ליטר,false,1,35.90,13.30,true,1,
7290100925775,false,נוזל כלים רימון ותאנים סוד (650 מל),גורי שיווק בעמ,IL,נוזל כלים רימון,מיליליטרים,650.00,"100 מ""ל",false,1,6.90,1.06,true,1,
7290101110460,false,גלידה בליסימו וניל צרפתי 1.3 ל' פלדמן,פלקו בעמ חברה ישראלית,IL,גל.פלדמן,ליטרים,1.30,ליטר,false,0,23.90,18.38,true,1,
7290101111429,false,גל.שוק.וניל דובדבן1.3כשל,גלידות פלדמן,IL,גל.פלדמן,ליטרים,1.30,ליטר,false,0,23.90,18.38,true,1,
7290101111573,false,מאגדת פרוזן יוגורט מנגו,גלידות פלדמן,IL,מאגדת פרוזן,גרמים,420.00,100 גרם,false,0,26.30,6.26,true,1,
7290101112686,false,מאגדת קוקטייל מרגריטה,פלקו,IL,מאגדת קוקטייל,גרמים,480.00,100 גרם,false,1,31.90,6.65,true,1,
7290101487470,false,לייד ס.סטיק אלוורה כחול,קולגייט-פלמוליב,US,דאודורנט סטיק,גרמים,45.00,100 גרם,false,0,19.90,44.22,true,1,
7290101864127,false,ספריי להסרת כתמים וניש קליה (750 מל),רקיט בנקיזר (ניר איסט) בעמ,PL,וניש קליה ספריי,מיליליטרים,750.00,"100 מ""ל",false,0,15.00,2.00,true,1,
7290101869771,false,א.ויק מילוי מ.אויר אוטומטי חטאים מתוקים,רקיט בנקיזר (ניר איסט) בעמ,PL,אירוויק מילוי,מיליליטרים,250.00,"100 מ""ל",false,1,21.90,8.76,true,1,
7290102300822,false,גבינת צ`דר אנגלית כתומה 200 גרם,דאולי צ'יסמייקרס,GB,צ'דר אנגלי כתום,גרמים,200.00,100 גרם,false,0,24.90,12.45,true,1,
7290102302246,false,גבינת גאודה הולנדית 200 גרם,מיוצר עי קונדיטוריית,NL,גבינת גאודה,גרמים,200.00,100 גרם,false,1,24.90,12.45,true,1,
7290102390489,false,יוגורט ביו עם קציפת לימון 3% שומן 150 ג' מולר,החברה המרכזית טלהפצת משקאות בע,IL,יוגורט לימון,מיליליטרים,150.00,"100 מ""ל",false,0,5.20,3.47,true,1,
7290102392636,false,שמנת מתוקה עמידה38% 250מ,מילקו תעשיות בעמ,IL,שמנת מתוקה עמידה,מיליליטרים,250.00,"100 מ""ל",false,0,5.95,2.38,true,1,
7290102392711,false,מולר יוגורט לבן טבעי,Unknown,IL,יוגורט ביאנקו,גרמים,200.00,100 גרם,false,0,4.00,2.00,true,1,
7290102392728,false,מולר ביאנקו נטורל יוגורט טבעי 2.8%,*החברה המרכזית להפצת משקאותבעמ,IL,יוגורט לבן ביו,גרמים,200.00,100 גרם,false,0,4.00,2.00,true,1,
7290102394258,false,גליל גבינת עיזים מה עז 9% משק צוריאל 180 גרם,*החברה המרכזית להפצת משקאותבעמ,IL,מה עז9%שומן,גרמים,180.00,100 גרם,false,0,24.60,13.67,true,1,
7290102395231,false,שמיניית יוגורט ביו ביאנקו 2.8% מולר 150 גרם,*החברה המרכזית להפצת משקאותבעמ,IL,יוגורט ביאנקו 8י,קילוגרמים,1.20,"ק""ג",false,0,18.50,15.42,true,1,
7290102395521,false,"שמנת לבישול 15% שומן 500 מ""ל טרה",החברה המרכזית טלהפצת משקאות בע,IL,שמנת לבישול,מיליליטרים,500.00,"100 מ""ל",false,0,15.70,3.14,true,1,
7290102396269,false,יוג.נטורל3% בננה תמר150ג,טרה,IL,יוגורט נטורל,גרמים,150.00,100 גרם,false,1,4.20,2.80,true,1,
7290102396436,false,מעדן בטעם שוקולד 1.5% שומן מוו (125 גרם),החברה המרכזית טלהפצת משקאות בע,IL,מעדן שוקולד,גרמים,125.00,100 גרם,false,0,2.90,2.32,true,1,
7290102396474,false,יוג.פרופ מלון בננ.תמר150,טרה,IL,יוגורט פרופ פרי,גרמים,150.00,100 גרם,false,0,5.20,3.47,true,1,
7290102396672,false,גבינה צהובה נעם דק דק 9% פתח סגור 360 ג,החברה המרכזית טלהפצת משקאות בע,IL,גבינה צהובה נעם,גרמים,360.00,100 גרם,false,1,26.80,7.44,true,1,
7290102396764,false,שוקו מוו קרטון 2 ליטר,טרה,IL,שוקו מוו 2 ליטר,ליטרים,2.00,ליטר,false,0,17.90,8.95,true,1,
7290102397358,false,יוגורט מולר סימפלי פ,טרה,IL,יוגורט אגס 1.5%,גרמים,150.00,100 גרם,false,1,4.90,3.27,true,1,
7290102397532,false,גבינה לבנה 9% 250 גרם,טרה,IL,גבינה לבנה 9%,גרמים,250.00,100 גרם,false,1,4.60,1.84,true,1,
7290102397600,false,מיקס יוגורט בתוספת שקדים ובוטנים מקורמלים 170 ג' מולר,החברה המרכזית טלהפצת משקאות בע,IL,מולר מיקס,גרמים,168.00,100 גרם,false,1,5.90,3.51,true,1,
7290102397730,false,פרוסות גבינה אמנטל חצי קשה 30% שומן 200 ג' נעם,החברה המרכזית טלהפצת משקאות בע,IL,גבינת אמנטל נועם,גרמים,200.00,100 גרם,false,1,16.90,8.45,true,1,
7290102397853,false,מיני פצפוצים צבעוני102*3,טרה,IL,מיני מיקס 3 יח',גרמים,306.00,100 גרם,false,1,10.90,3.56,true,1,
7290102397860,false,משקה יוגSIP. תמר בננה250,טרה,IL,משקה יוגורט מולר,מיליליטרים,250.00,"100 מ""ל",false,1,5.40,2.16,true,1,
7290102397891,false,גבינה ניו יורק מותכת %16 4*25 גרם,החברה המרכזית טלהפצת משקאות בע,IL,גבינה מותכת,גרמים,100.00,100 גרם,false,1,7.50,7.50,true,1,
7290102398065,false,חלב טרה בקרטון 2 ליטר מהדרין 3% - מוצר בפיקוח,החברה המרכזית טלהפצת משקאות בע,IL,חלב 3% בקרטון,ליטרים,2.00,ליטר,false,1,11.50,5.75,true,1,
7290102398072,false,"חלב קרטון 3%-1 ליטר "" טרה"" -מוצר פיקוח",החברה המרכזית טלהפצת משקאות בע,IL,חלב 3% בקרטון,ליטרים,1.00,ליטר,false,1,5.75,5.75,true,1,
7290103124588,false,"סבון נוזלי ארומה בניחוח לבנדר פטצ'ולי פלמוליב 750 מ""ל",הנסיך- מפעל לייצור ט,TH,סבון פלמוליב,מיליליטרים,750.00,"100 מ""ל",false,0,15.90,2.12,true,1,
7290103401429,false,קפה קצב ברזילאי אוריגינס 200 גר,הנסיך- מפעל לייצור ט,IL,קפה נמס ברזילאי,גרמים,200.00,100 גרם,false,0,24.90,12.45,true,1,
7290103402839,false,אצבעות שוקולד+עדשים96גרם,שטראוס,IL,אצבעות שוקולד,גרמים,96.00,100 גרם,false,0,8.10,8.44,true,1,
7290104500572,false,אפרופו חטיף תירס איטליאנו אסם 50 גרם,קבוצת אוסם סחר-שות.מוגבלת,IL,אפרופו איטליאנו,גרמים,50.00,100 גרם,false,0,5.80,11.60,true,1,
7290104570162,false,תמרים ללא חרצנים תמר כבוש 500 גרם,מ.ד אטיאס סוכנויות מזון בע`מ,IL,תמר כבוש500גרם,גרמים,500.00,100 גרם,false,0,17.90,3.58,true,1,
7290104726712,false,מארז 8 יחידות מעדן מילקי בטעם שוקולד עם קצפת,שטראוס גרופ בעמ/מצונן,IL,מארז מילקי 8 יח',ליטרים,1.36,ליטר,false,0,21.20,15.59,true,1,
7290104728310,false,"שמנת מתוקה עמידה 38% שומן ""יטבתה"" -מוצר בפיקוח",שטראוס גרופ בעמ/מצונן,IL,שמנת עמידה לקצפת,גרמים,250.00,100 גרם,false,0,5.95,2.38,true,1,
7290104729492,false,מאגדת שוקולד פרה עלי,"שטראוס גרופ בע""\מ.",IL,מארז שוקולד חלב,גרמים,500.00,100 גרם,false,0,24.90,4.98,true,1,
7290104729539,false,אנרג'י אגוזים+שוק.חלב6יח,שטראוס,IL,חטיפי אנרג'י,גרמים,180.00,100 גרם,false,0,12.90,7.17,true,1,
7290104960239,false,תחליב רחצה בניחוח קמומיל נקה (7507 מל),טרופיקל דגיל תעשיות קוסמ,IL,תחליב רחצה נקה 7,מיליליטרים,750.00,"100 מ""ל",false,0,10.00,1.33,true,1,
7290104960253,false,נקה 7 ארומה תחליב רחצה לבנדר ענוג 750,טרופיקל דגיל תעשיות קוסמ,IL,תחליב רחצה נרה 7,מיליליטרים,750.00,"100 מ""ל",false,0,10.00,1.33,true,1,
7290104960970,false,דאודורנט ספריי טיטניום מטאל Titanium Metal,אמיליה קוסמטיקס בעמ,,דאו.טיטניום,מיליליטרים,150.00,"100 מ""ל",false,0,14.90,9.93,true,1,
7290104961892,false,מסכת קרטין טהור לשיער שעבר החלקה או עיצוב בחום,החברה הדרומית לשיווק בעמ,IL,מסכת קרטין,מיליליטרים,350.00,"100 מ""ל",false,0,40.10,11.46,true,1,
7290104962073,false,דאודורנט ספריי גוף טיטניום גולד Titanium Gold,החברה הדרומית לשיווק בעמ,IL,דאו.טיטניום,מיליליטרים,180.00,"100 מ""ל",false,0,14.90,8.28,true,1,
7290104962110,false,דאודורנט קרליין ספריי נושם לנערות ללא אלומיניום,החברה הדרומית לשיווק בעמ,IL,ספריי נושם,מיליליטרים,150.00,"100 מ""ל",false,0,11.90,7.93,true,1,
7290104962868,false,"מסכת אמפולה לטיפול אינטנסיבי לשיער יבש, צבוע ופגום",נטורל פורמולה Natural Formula,IL,מסכת אמפולה,מיליליטרים,350.00,"100 מ""ל",false,1,40.10,11.46,true,1,
7290104964084,false,"קרליין - מולטי אפקט קרם יום 50 מ""ל 25SPF",@@@ החב הדרומית לשיווק בעמ,IL,קרם יום,מיליליטרים,50.00,"100 מ""ל",false,1,49.90,99.80,true,1,
7290104964138,false,מי קלאסיק אדט+דאו ספריי,קרליין,IL,סט מי קלאסיק,יחידה,1.00,יחידה,false,1,64.90,64.90,true,1,
7290105360342,false,קפסולות קפוצינו 50גרם,עלית,IL,קפסולות מס' 8,גרמים,50.00,100 גרם,false,0,19.10,38.20,true,1,
7290105360755,false,שמן זית כתית מעולה חזק750 מל,מכוורת יד מרדכי שטראוס ב,IL,שמו זית 3 חזק,מיליליטרים,750.00,"100 מ""ל",false,0,39.90,5.32,true,1,
7290105360762,false,"שמן זית 1 עדין 750 מ""ל יד מרדכי",מכוורת יד מרדכי שטראוס ב,IL,שמן זית 1 עדין,מיליליטרים,750.00,"100 מ""ל",false,0,39.90,5.32,true,1,
7290105360878,false,תפוציפס טבעי 50 גרם מארז רביעייה,"שטראוס פריטו ליי בע""\מ )",IL,תפוצ'יפס 4 יח,גרמים,200.00,100 גרם,false,0,12.50,6.25,true,1,
7290105364883,false,ביסקוויט עד חצות לבן200ג,STRAUSS-ISRAEL,IL,ביסקוויט עד חצות,גרמים,200.00,100 גרם,false,0,14.80,7.40,true,1,
7290105430489,false,ליידי ספיד סטיק 24/7 רול און סטיין גארד,הנסיך- מפעל לייצור ט,IL,ליידי ספיד סטיק,מיליליטרים,50.00,"100 מ""ל",false,0,15.00,30.00,true,1,
7290105434067,false,ספיד סטיק - דאודורנט סטיק לגבר XL אושן סרף 85 גרם,קולגייט פלמוליב,,דאו. ספיד סטיק,יחידה,1.00,יחידה,false,0,19.90,19.90,true,1,
7290105500151,false,וודקה פינלנדיה רגיל 700,"אלטיה קורפ, הלסינקי,",IL,וודקה פינלנדיה,מיליליטרים,700.00,"100 מ""ל",false,0,64.90,9.27,true,1,
7290105690692,false,מרק נמס ירקות 28*2גר,אסם,IL,מרק נמס ירקות,גרמים,56.00,100 גרם,false,0,6.50,11.61,true,1,
7290105690777,false,מרק נמס פטריות 24*2ג,אסם,IL,מרק נמס פטריות,גרמים,48.00,100 גרם,false,0,6.50,13.54,true,1,
7290105693341,false,מארז עשיריית במבה אסם 25*10 גרם,קבוצת אוסם סחר שותפות מוגבלת,IL,במבה 10 יח,גרמים,250.00,100 גרם,false,0,17.60,7.04,true,1,
7290105693457,false,עוגת הבית דמקה שוקו וניל 320 גר`בחושות,קבוצת אוסם סחר שותפות מוגבלת,IL,עוגת הבית,גרמים,320.00,100 גרם,false,0,13.40,4.19,true,1,
7290105694904,false,אבקת מרק פטריות רכיבים טבעיים 220 ג' אסם,קבוצת אסם סחר שות. מוגבלת,IL,מרק פטריות,גרמים,220.00,100 גרם,false,0,14.90,6.77,true,1,
7290105961525,false,שוק.ספלנדיד מריר85% 100ג,"שטראוס גרופ בע""\מ",IL,שוקולד ספלנדיד,גרמים,100.00,100 גרם,false,0,12.50,12.50,true,1,
7290105961822,false,תפוציפס קראנצ',,IL,תפוציפס קראנצ',גרמים,200.00,100 גרם,false,0,9.00,4.50,true,1,
7290106520066,false,"רבע לשבע שוקולד חלב במילוי אגוזים עלית 160 גרם בד""צ","הגביע מוצרי וופלים בע""\מ",IL,רבע לשבע 160 גרם,גרמים,160.00,100 גרם,false,0,10.00,6.25,true,1,
7290106520127,false,שוק.ספלנדיד חלב36% 100ג,שטראוס,IL,שוקולד ספלנדיד,גרמים,100.00,100 גרם,false,0,12.50,12.50,true,1,
7290106520462,false,עוגיות אישיות מילקי,TSC,IT,מילקי קייק 4יח,גרמים,136.00,100 גרם,false,1,11.40,8.38,true,1,
7290106525320,false,אבקת שוקולית לאפייה קופסא 500ג' עלית,הנסיך- מפעל לייצור ט,IL,שוקולית לאפיה,גרמים,500.00,100 גרם,false,0,16.50,3.30,true,1,
7290106571907,false,פיטנס עוגיות שוקולד ציפס,מיוצר עי קונדיטוריית,IL,עוגיות פיטנס,גרמים,180.00,100 גרם,false,0,12.90,7.17,true,1,
7290106572027,false,קרקר לחמית חמישה דגנים אסם (190 גרם),קבוצת אוסם סחר-שות.מוגבלת,IL,לחמית 5 דגנים,גרמים,190.00,100 גרם,false,0,9.90,5.21,true,1,
7290106572652,false,דובונים גן חיות 40 גרם,קבוצת אוסם סחר-שות.מוגבלת,IL,דובונים גן חיות,גרמים,40.00,100 גרם,false,0,4.90,12.25,true,1,
7290106572997,false,קמח שמרים לפיצה ופוקצ`ה אסם 1 קג`,קבוצת אוסם סחר שותפות מוגבלת,IL,קמח שמרים לפיצה,קילוגרמים,1.00,"ק""ג",false,0,10.80,10.80,true,1,
7290106573086,false,קוסקוס בינוני אמיתי 350X2ג' אסם,"מיוצר ע""י קוד יצרן K",IL,קוסקוס 2 יח,גרמים,700.00,100 גרם,false,0,10.00,1.43,true,1,
7290106576797,false,"לה קרמריה גלידת וניל איטלקי כשל""פ 1.4ל'",נגה גלידות שותפות מוגבלת,IL,לה קרמריה,ליטרים,1.40,ליטר,false,0,23.00,16.43,true,1,
7290106576810,false,גלידה לה קרמריה ריבת חלב 1.4 ל' נסטלה,נגה גלידות שותפות מוגבלת,IL,לה קרמריה צמחי,ליטרים,1.40,ליטר,false,0,23.00,16.43,true,1,
7290106576896,false,לה קרמריה וניל קוק. כשלפ,נסטלה,IL,לה קרמריה,ליטרים,1.40,ליטר,false,0,23.00,16.43,true,1,
7290106576926,false,לה קרמריה שוקו וניל לייט,נסטלה,IL,לה קרמריה לייט,ליטרים,1.40,ליטר,false,0,23.00,16.43,true,1,
7290106576971,false,גלידה לה קרמריה שוקולד בלגי 1.4 ל' נסטלה,נגה גלידות שותפות מוגבלת,IL,לה קרמריה,ליטרים,1.40,ליטר,false,0,23.00,16.43,true,1,
7290106664562,false,רוטב שמנת עם פטריות 9% שומן 258 ג' יוטבתה,שטראוס גרופ בעמ/מצונן,IL,רוטב שמנת פטריות,מיליליטרים,250.00,"100 מ""ל",false,1,11.00,4.40,true,1,
7290106667266,false,חטיף תירס חמוץ חריף דוריטוס (185 גרם),"שטראוס פריטו ליי בע""\מ )",IL,דוריטוס,גרמים,185.00,100 גרם,false,1,8.40,4.54,true,1,
7290106669970,false,דוריטוס טאקו 70 גרם,שטראוס,IL,דוריטוס טאקו,גרמים,70.00,100 גרם,false,1,4.10,5.86,true,1,
7290106720626,false,חטיף תירס בטעם גבינה צ`יטוס (80 גרם),"שטראוס פריטו ליי בע""\מ )",IL,ציטוס גבינה,גרמים,80.00,100 גרם,false,1,5.40,6.75,true,1,
7290106722101,false,באגט קראנצ טבעי 300 גרם,עלית,IL,באגט קראנצ טבעי,גרמים,300.00,100 גרם,false,0,9.90,3.30,true,1,
7290106725522,false,"רוטב שזיף רימון 280 מ""ל",בית אל מזון,IL,רוטב שזיף רימון,מיליליטרים,280.00,"100 מ""ל",false,1,16.60,5.93,true,1,
7290106727984,false,"כיף כף פצפצים בגביע 135 גרם ""עלית""",שולן צ'\יקולטה גידה סאן.,TR,כיף כף פצפצים,גרמים,135.00,100 גרם,false,1,11.50,8.52,true,1,
7290106728127,false,חלב טבעי 3.6% יטבתה (1 ליטר),שטראוס גרופ בעמ/מצונן,IL,חלב טבעי בקבוק,ליטרים,1.00,ליטר,false,1,7.90,7.90,true,1,
7290107280099,false,שלישיית מגובנים נשטפים באסלה סופט סוד 48 יחידות,החברה הדרומית לשיווק בעמ,IL,מגבוני נייר לחים,יחידה,1.00,יחידה,false,0,15.90,15.90,true,1,
7290107280495,false,סבון אסלה מוצק לימון,swrzedz dramers,IL,סנובון WAVE,גרמים,45.00,100 גרם,false,0,10.20,22.67,true,1,
7290107280501,false,סנובון מוצק בניחוח אורנים,סנו,PL,סנובון WAVE,גרמים,45.00,100 גרם,false,0,10.20,22.67,true,1,
7290107280723,false,נוזל לניקוי כלים סנו ספארק Spark בניחוח לימון רענן,החברה הדרומית לשיווק בעמ,IL,נוזל לכלים לימון,מיליליטרים,700.00,"100 מ""ל",false,0,11.80,1.69,true,1,
7290107280761,false,נוזל לניקוי כלים בניחוח לימון רענן סנו ספארק Spark,החברה הדרומית לשיווק בעמ,IL,נוזל כלים לימון,ליטרים,1.00,ליטר,false,0,10.00,10.00,true,1,
7290107536042,false,מארז גיפט קארד מרובע ניי,.,IL,מארז גיפטקארד,יחידה,1.00,יחידה,false,1,6.00,6.00,true,1,
7290107644365,false,תיק צידנית יח,שטראוס,IL,תיק צידנית,יחידה,1.00,יחידה,false,1,10.00,10.00,true,1,
7290107871532,false,מאגדת קרחוני מלון דובדבן נסטלה 10 יחידות,נגה גלידות שותפות מוגבלת,IL,מאגדת קרח,גרמים,750.00,100 גרם,false,7,19.70,2.63,true,1,
7290107873239,false,פתי בר קרמל 500גרם,אסם,IL,פתיבר קרמל,גרמים,500.00,100 גרם,false,1,12.00,2.40,true,1,
7290107877527,false,מרק נמס עגבניות 30*2גרם,אסם,IL,מרק נמס עגבניות,גרמים,60.00,100 גרם,false,1,6.50,10.83,true,1,
7290107877541,false,מרק נמס טעם עוף 26*2 גרם,אסם,IL,מרק נמס טעם עוף,גרמים,52.00,100 גרם,false,1,6.50,12.50,true,1,
7290107932127,false,חלב מועשר2% בקבוק 1ליטר,STRAUSS-ISRAEL,IL,חלב מועשר 2%,ליטרים,1.00,ליטר,false,1,7.90,7.90,true,1,
7290107932226,false,שוקולד אקסטרה חלב 100גרם,שטראוס,IL,שוקולד אקסטרה,גרמים,100.00,100 גרם,false,1,7.10,7.10,true,1,
7290107932233,false,שוק.אקסטרה צימוק+אגוז100,שטראוס,IL,שוקולד אקסטרה,גרמים,100.00,100 גרם,false,1,7.10,7.10,true,1,
7290107932240,false,שוק.אקסטרה וניל+עוג100גר,שטראוס,IL,שוקולד אקסטרה,גרמים,100.00,100 גרם,false,1,7.10,7.10,true,1,
7290107932271,false,שוק.אקסטרה תות+עוגיות100,שטראוס,IL,שוקולד אקסטרה,גרמים,100.00,100 גרם,false,1,7.10,7.10,true,1,
7290107937856,false,קפסולות 11חזק למכונות נספרסו עלית 10יח',הנסיך- מפעל לייצור ט,IL,קפסולות עלית,גרמים,50.00,100 גרם,false,1,19.10,38.20,true,1,
7290107944564,false,פתיבר מהדורת אביב 500גרם,עלית,IL,פתיבר אביב,גרמים,500.00,100 גרם,false,1,11.30,2.26,true,1,
7290107954006,false,דנונה פרו תפוח2.4% 150ג,שטראוס,IL,דנונה פרו תפוח,גרמים,150.00,100 גרם,false,1,4.90,3.27,true,1,
7290107974813,false,מאסטר שף אורז יסמין 1 קג`,טאומי אינטרפרייד,TH,אורז יסמין,קילוגרמים,1.00,"ק""ג",false,1,11.90,11.90,true,1,
7290107974844,false,פריכיות אורז כוסמת 90גרם,מנה,IL,פריכיות אורז,גרמים,90.00,100 גרם,false,1,9.90,11.00,true,1,
7290107976855,false,סב.נוזלי לומינוס אבק500מ,קולגייט-פלמוליב,TR,סבון נוזלי,מיליליטרים,500.00,"100 מ""ל",false,1,13.90,2.78,true,1,
7290107976862,false,פלמוליב ס.נוזלי 500 מקדמיה לומינוס,הנסיך- מפעל לייצור ט,TR,סבון נוזלי,מיליליטרים,500.00,"100 מ""ל",false,1,13.90,2.78,true,1,
7290108201017,false,סטריפים לכביסה קולון 16 יח,רקיט בנקיזר (ניר איסט) בעמ,CA,קולון טבליות,יחידה,1.00,יחידה,false,1,10.00,10.00,true,1,
7290108350258,false,נייר טואלט דו שכבתי ארוך פי 3 - מארז 12 גלילים,החברה הדרומית לשיווק בעמ,IL,נייר טואלט סופט,מטרים,662.00,100 מטר,false,1,26.90,4.06,true,1,
7290108350531,false,סנו ספארק נוזל כלים בניחוח קלאסי עם משאבה 1 ל',מיוצר עי קונדיטוריית,IL,ספארק לכלים,ליטרים,1.00,ליטר,false,1,10.00,10.00,true,1,
7290108350555,false,נוזל כלים סנו ספארק Spark היפואלרגני פריחת השקד,החברה הדרומית לשיווק בעמ,IL,ספארק לכלים,ליטרים,1.00,ליטר,false,1,10.00,10.00,true,1,
7290108352603,false,מגבוני אף תלת שכבתיים בוב ספוג סנו סופט 56 יח',סנו,IL,ממחטות טישו לאף,יחידה,1.00,יחידה,false,1,6.90,6.90,true,1,
7290108500820,false,חמאה ללא תוספת מלח 250גר,מולקרי אלרלנד,DE,חמאה,גרמים,250.00,100 גרם,false,1,9.50,3.80,true,1,
7290109352244,false,מרק טעם עוף זך25%תוס500ג,אסם,IL,מרק טעם עוף,גרמים,500.00,100 גרם,false,1,16.90,3.38,true,1,
7290109354651,false,סלט קרם פלפלים 240 גרם,צבר,IL,סלט קרם פלפלים,גרמים,240.00,100 גרם,false,1,10.90,4.54,true,1,
7290109354675,false,סלט קרם חצילים 240 גרם,צבר,IL,סלט קרם חצילים,גרמים,220.00,100 גרם,false,1,10.90,4.95,true,1,
7290109357508,false,קריספי ברוסקטה אורגנו120,דולפין ספא,IL,קריספי ברוסקטה,גרמים,120.00,100 גרם,false,1,8.90,7.42,true,1,
7290109358765,false,דגני בוקר קראנץ' רולס נוגט 450 גרם,קבוצת אוסם סחר-שות.מוגבלת,IL,קראנץ' רולס,גרמים,450.00,100 גרם,false,1,19.90,4.42,true,1,
7290110110154,false,פיוז תה אפרסק רימון1.5ל,מבשלות בירה בינלאומיות,IL,פיוז תה,ליטרים,1.50,ליטר,false,1,7.90,5.27,true,1,
7290110320140,false,ממרח סויה סגנ.גב.טבעי250,תנובה,IL,ממרח סויה,גרמים,250.00,100 גרם,false,1,11.90,4.76,true,1,
7290110320683,false,שמיניית משקה יוגורט 1.5% טעם תות יופלה 107 גרם,מיוצר עי קונדיטוריית,IL,משקה יוגורט 8 יח,גרמים,856.00,100 גרם,false,1,17.20,2.01,true,1,
7290110320775,false,משקה יוגורט קלאסי 107*8ג,מיוצר עי קונדיטוריית,IL,משקה יוגורט 8 יח,גרמים,856.00,100 גרם,false,1,17.20,2.01,true,1,
7290110321031,false,מעדן חלב GO יוגורט מועשר בחלבון טבעי 200 ג' יופלה,"תנובה, מחלבת אלון תב",IL,יופלה GO יוגורט,גרמים,200.00,100 גרם,false,1,6.30,3.15,true,1,
7290111563515,false,מרק נמס ירקות כתומים22*2,אסם,IL,מרק נמס אסם,גרמים,44.00,100 גרם,false,1,6.50,14.77,true,1,
7290111563607,false,מרק עוף אמיתי25%תוספ500ג,אסם,IL,מרק עוף אמיתי,גרמים,500.00,100 גרם,false,1,21.70,4.34,true,1,
7290111563645,false,מרק טעם עוף10%תוספת1.1קג,אסם,IL,מרק טעם עוף,קילוגרמים,1.10,"ק""ג",false,1,16.90,15.36,true,1,
7290111564314,false,סלט כרוב אדום 7% 250 גרם,צבר,IL,סלט כרוב אדום,גרמים,250.00,100 גרם,false,1,9.90,3.96,true,1,
7296073002574,false,50 שקיות אשפה ענק.שופרסל,שופרסל,HK,שקיות אשפה,יחידה,1.00,יחידה,false,0,14.80,14.80,true,1,
7296073005742,false,עוג.סנדוויץ וניל שופרסל,"אחים פפושדו ובניהם בע""\מ",IL,עוגיות סנדוויץ,גרמים,150.00,100 גרם,false,0,4.60,3.07,true,1,
7296073005858,false,בורגול שופרסל 500 גרם,מיה,IL,בורגול,גרמים,500.00,100 גרם,false,0,5.60,1.12,true,1,
7296073005865,false,גריסי פנינה שופרסל500גרם,מיה,IL,גריסי פנינה,גרמים,500.00,100 גרם,false,0,5.90,1.18,true,1,
7296073006121,false,"עדשים אדומות שופרסל 1ק""ג",מיה,IL,עדשים אדומות,קילוגרמים,1.00,"ק""ג",false,0,12.10,12.10,true,1,
7296073006176,false,"סוכר שופרסל 1 ק""ג","סוגת תעשיות בע""\מ",IL,סוכר לבן,קילוגרמים,1.00,"ק""ג",false,0,4.80,4.80,true,1,
7296073006374,false,חרוזי זיתים ירוק.שופר560,שופרסל,,חרוזי זיתים,גרמים,560.00,100 גרם,false,0,9.80,1.75,true,1,
7296073006404,false,מלפפונים במלח גדולים 7-9,בני דרום,IL,מלפפון במלח,גרמים,560.00,100 גרם,false,0,7.50,1.34,true,1,
7296073006435,false,מלפפונים במלח קטנים מאוד,שופרסל,IL,מלפפון במלח,גרמים,560.00,100 גרם,false,0,12.30,2.20,true,1,
7296073009771,false,מים מינרליים שופרסל1.5*6,שופרסל,IT,מים שופרסל 6 יח,ליטרים,9.00,ליטר,false,0,11.90,1.32,true,1,
7296073011101,false,קוסקוס עבה שופרסל 350גרם,"אסיף תעשיות מזון בע""\מ",IL,קוסקוס עבה,גרמים,350.00,100 גרם,false,0,5.20,1.49,true,1,
7296073011194,false,פסטה טריקולור שופרסל500ג,שופרסל,IT,פסטה טריקולורי,גרמים,500.00,100 גרם,false,0,6.80,1.36,true,1,
7296073011217,false,פסטה פנה ריגטה31שופר500ג,שופרסל,IT,פסטה פנה ריגטה,גרמים,500.00,100 גרם,false,0,4.90,0.98,true,1,
7296073020356,false,150כוס שתייה קרה בייסיק,שופרסל,,"כוסות ח""פ",יחידה,1.00,יחידה,false,0,8.90,8.90,true,1,
7296073020400,false,"קעריות ח""פ אובלית שופרסל",שופרסל,IL,"קעריות ח""פ",יחידה,1.00,יחידה,false,0,8.90,8.90,true,1,
7296073021568,false,"קמח חיטה לבן בהיר 1 ק""ג",שופרסל,IL,קמח לבן,קילוגרמים,1.00,"ק""ג",false,0,3.80,3.80,true,1,
7296073021582,false,"סולת חיטה שופרסל 1 ק""ג",שופרסל,IL,סולת חיטה,קילוגרמים,1.00,"ק""ג",false,0,4.20,4.20,true,1,
7296073027713,false,מפיות חד שכבתי 180 יח,שופרסל,IL,מפיות חד שכבתי,יחידה,1.00,יחידה,false,0,9.90,9.90,true,1,
7296073033752,false,שמן קנולה שופרסל 1 ליטר,NV AOR,BE,שמן קנולה 1 ל',ליטרים,1.00,ליטר,false,0,7.90,7.90,true,1,
7296073048992,false,פסטרמה בדבש שופרסל 300גר,מעדני יחיעם,IL,פסטרמה בדבש,גרמים,300.00,100 גרם,false,0,22.90,7.63,true,1,
7296073049029,false,כתף בקר שופרסל 300 גרם,מעדני יחיעם,IL,כתף בקר,גרמים,300.00,100 גרם,false,0,29.60,9.87,true,1,
7296073049043,false,פסטרמה ברבקיו שופרסל300ג,שופרסל,IL,פסטרמה ברבקיו,גרמים,300.00,100 גרם,false,0,22.90,7.63,true,1,
7296073049074,false,סלמי קוניאק שופרסל 300גר,מעדני יחיעם,IL,סלמי קוניאק,גרמים,300.00,100 גרם,false,0,23.60,7.87,true,1,
7296073057604,false,מפת שולחן דמוי בד זוג 2,שופרסל,IL,מפת שולחן זוג,יחידה,1.00,יחידה,false,0,7.90,7.90,true,1,
7296073058991,false,מוזלי שופרסל 500 גרם,בריגן קי ג'י,DE,מוזלי שופרסל,גרמים,500.00,100 גרם,false,0,16.90,3.38,true,1,
7296073059059,false,ברנפלקס שופרסל 500 גרם,בריגן קי. ג'י,DE,ברנפלקס שופרסל,גרמים,500.00,100 גרם,false,0,17.70,3.54,true,1,
7296073059097,false,25 מגבונים להסרת איפור,שופרסל,IL,מגבונים לאיפור,יחידה,1.00,יחידה,false,0,9.90,9.90,true,1,
7296073059691,false,"50 צלחות גדול ח""פ שופרסל",שופרסל,IL,"צלחות ח""פ גדולות",יחידה,1.00,יחידה,false,0,11.40,11.40,true,1,
7296073059998,false,מפיות מודפסות שופרסל 20,שופרסל,IL,מפיות מודפסות,יחידה,1.00,יחידה,false,0,8.90,8.90,true,1,
7296073064367,false,"בורקס תפו""א שופרסל 800 ג",שופרסל,IL,"800 בורקס תפו""א",גרמים,800.00,100 גרם,false,0,15.80,1.98,true,1,
7296073064398,false,בורקס גבינה שופרסל 800 ג,מאפ גדרון,,בורקס גבינה800,גרמים,800.00,100 גרם,false,0,15.80,1.98,true,1,
7296073074434,false,פתי בר גדול שופרסל500גרם,שופרסל,IL,פתי בר שופרסל,גרמים,500.00,100 גרם,false,0,9.50,1.90,true,1,
7296073074441,false,פתי בר שוקו גדול שופר500,שופרסל,IL,פתי בר שוקו,גרמים,500.00,100 גרם,false,0,9.50,1.90,true,1,
7296073078395,false,תפוח אדמה נשיקות תפזורת,קטיף.,IL,תפוח אדמה נשיקות,קילוגרמים,0.00,"ק""ג",true,0,4.90,4.90,true,1,
7296073079002,false,פריכ.דקות אורז מלא ש100.,"פרח תעשיות מזון בע""\מ",IL,פריכיות דקות,גרמים,100.00,100 גרם,false,0,7.40,7.40,true,1,
7296073079019,false,פריכיות דק.קצח 100ג שופר,"פרח תעשיות מזון בע""\מ",IL,פריכיות דקות,גרמים,100.00,100 גרם,false,0,7.40,7.40,true,1,
7296073079040,false,פריכיות זעתר שופרסל 50גר,"פרח תעשיות מזון בע""\מ",IL,פריכיות אורז,גרמים,50.00,100 גרם,false,0,8.50,17.00,true,1,
7296073079880,false,רסק עגבניות 22%שופר570ג,פריניר,IL,רוטב עגבניות,גרמים,570.00,100 גרם,false,0,6.10,1.07,true,1,
7296073079903,false,רוטב עגבניות 22%שופר100ג,פריניר,IL,רסק עגבניות,גרמים,100.00,100 גרם,false,0,1.90,1.90,true,1,
7296073080541,false,אפונה וגזר שופרסל 550 גר,פרי גליל,IL,אפונה וגזר,גרמים,550.00,100 גרם,false,0,6.10,1.11,true,1,
7296073080558,false,תירס לייט שופרסל 550 גרם,פרי גליל,IL,תירס לייט,גרמים,550.00,100 גרם,false,0,7.50,1.36,true,1,
7296073081449,false,פירורי לחם מוזהב שופר200,"חטיפים מן הטבע בע""\מ",IL,פירורי לחם,גרמים,200.00,100 גרם,false,0,4.20,2.10,true,1,
7296073081456,false,פירורי לחם לבן שופרסל200,"חטיפים מן הטבע בע""\מ",IL,פירורי לחם לבן,גרמים,200.00,100 גרם,false,0,5.40,2.70,true,1,
7296073082293,false,"100כוסות לבנות ח""פ שופר.",שופרסל,IL,"כוסות ח""פ",יחידה,1.00,יחידה,false,0,6.80,6.80,true,1,
7296073087205,false,ריבת אוכמניות שופרסל370ג,LTD 99 CIMA,BG,ריבת אוכמניות,גרמים,370.00,100 גרם,false,0,11.00,2.97,true,1,
7296073091189,false,פופקורן למיקרו ט.חמאה600,שופרסל,IL,פופקורן למיקרו,גרמים,600.00,100 גרם,false,0,14.80,2.47,true,1,
7296073091394,false,גרעין לבן קלוי400גשופרסל,ששון,IL,גרעין לבן קלוי,גרמים,400.00,100 גרם,false,0,21.90,5.48,true,1,
7296073091493,false,גרעין שחור קלוי200גשופרס,ששון,IL,גרעין שחור קלוי,גרמים,200.00,100 גרם,false,0,7.80,3.90,true,1,
7296073091530,false,שזיף מיובש400גרם שופרסל,ששון,IL,שזיף מיובש,גרמים,400.00,100 גרם,false,0,23.90,5.98,true,1,
7296073091554,false,צימוקים כהים 400 גרם,ששון,IL,צימוק כהה,גרמים,400.00,100 גרם,false,0,18.90,4.73,true,1,
7296073091585,false,שקד קלוף טבעי200ג שופרסל,ששון,IL,שקד קלוף טבעי,גרמים,200.00,100 גרם,false,0,18.90,9.45,true,1,
7296073091608,false,אגוזי קשיו קלופים טבעיים,ששון,IL,אגוזי קשיו טבעי,גרמים,200.00,100 גרם,false,0,23.90,11.95,true,1,
7296073091653,false,בננה צ'יפס 250ג שופרסל,ששון,IL,בננה צ'יפס,גרמים,250.00,100 גרם,false,0,11.50,4.60,true,1,
7296073094753,false,חלווה וניל שופרסל 500 גר,"אחדות בע""מ א.ת. ברקן",IL,חלווה וניל,גרמים,500.00,100 גרם,false,0,13.90,2.78,true,1,
7296073098294,false,ברוקולי מוקפא שופרסל 800,פרי גליל,IL,ברוקולי 800 גר,גרמים,800.00,100 גרם,false,0,23.80,2.98,true,1,
7296073103820,false,תפוח אדמה לטיגון ארוז,שופרסל,IL,"תפו""א לטיגון",קילוגרמים,0.00,"ק""ג",true,0,6.50,6.50,true,1,
7296073106074,false,טליאטלה שופרסל 500 גרם,שופרסל,IT,פסטה טליאטלה,גרמים,500.00,100 גרם,false,0,10.90,2.18,true,1,
7296073107408,false,גרנולה שוקו.פקאן שופר400,בריגן קי ג'י,DE,גרנולה שוקולד,גרמים,400.00,100 גרם,false,0,16.90,4.23,true,1,
7296073108443,false,"קמח מלא שופרסל 1 ק""ג",שופרסל,IL,קמח חיטה מלא,קילוגרמים,1.00,"ק""ג",false,0,7.20,7.20,true,1,
7296073108498,false,תבניות עגולות שופרסל 5 י,שופרסל,IL,תבניות עגולות,יחידה,1.00,יחידה,false,0,9.90,9.90,true,1,
7296073109464,false,עוג.ממולאות תות שופר300ג,שופרסל,IL,עוגיות ממולאות,גרמים,300.00,100 גרם,false,0,8.80,2.93,true,1,
7296073109822,false,תמר מג'הול מעולה 400 גרם,הדיקלאים,IL,תמר מג'הול 400ג,גרמים,400.00,100 גרם,false,0,13.90,3.48,true,1,
7296073112471,false,ספגטי חיטה מלאה שופר500ג,שופרסל,IT,ספגטי שופרסל,גרמים,500.00,100 גרם,false,0,8.70,1.74,true,1,
7296073113263,false,חרדל צרפתי שופרסל 370גרם,שופרסל,FR,חרדל צרפתי,גרמים,370.00,100 גרם,false,0,7.50,2.03,true,1,
7296073115724,false,אבקת אפיה שופרסל10*10 גר,שופרסל,IL,אבקת אפיה 10יח,גרמים,100.00,100 גרם,false,0,3.10,3.10,true,1,
7296073115731,false,אבקת סוכר שופרסל 100 גרם,שופרסל,IL,אבקת סוכר,גרמים,100.00,100 גרם,false,0,2.20,2.20,true,1,
7296073115748,false,סוכר וניל שופרסל 10X10גר,שופרסל,IL,סוכר וניל 10 יח,גרמים,100.00,100 גרם,false,0,3.30,3.30,true,1,
7296073115762,false,קורנפלור שופרסל 200 גרם,שופרסל,IL,קורנפלור,גרמים,200.00,100 גרם,false,0,4.00,2.00,true,1,
7296073116769,false,קוקוס טחון שופרסל 100גרם,מיה,IL,קוקוס טחון,גרמים,100.00,100 גרם,false,0,4.40,4.40,true,1,
7296073116783,false,שומשום שופרסל 100 גרם,מיה,IL,שומשום שופרסל,גרמים,100.00,100 גרם,false,0,4.20,4.20,true,1,
7296073116820,false,"קמח תפו""א שופרסל 500 גרם",מיה,IL,"קמח תפו""א",גרמים,500.00,100 גרם,false,0,6.90,1.38,true,1,
7296073116837,false,קוואקר שופרסל קופסא500ג,בריגן קי ג'י,DE,קוואקר שופרסל,גרמים,500.00,100 גרם,false,0,10.80,2.16,true,1,
7296073117094,false,שוק.צ'יפס מריר שופרסל300,אופנהיימר,IL,שוקולד צ'יפס,גרמים,300.00,100 גרם,false,0,12.00,4.00,true,1,
7296073120018,false,100 נרות חימום בלוק,שופרסל,IL,נרות חימום,יחידה,1.00,יחידה,false,0,20.40,20.40,true,1,
7296073121183,false,תמר דקל נור 400ג שופרסל,ערדום תמרים,IL,תמר דקל נור 400ג,גרמים,400.00,100 גרם,false,0,13.90,3.48,true,1,
7296073121190,false,תמר אמרי 400גרם שופרסל,הדיקלאים,IL,תמר אמרי 400 גרם,גרמים,400.00,100 גרם,false,0,13.90,3.48,true,1,
7296073122296,false,פסטרמה מסורתית שופר300.ג,שופרסל,IL,פסטרמה מסורתית,גרמים,300.00,100 גרם,false,0,22.70,7.57,true,1,
7296073123729,false,"תמצית וניל שופרסל 50 מ""ל",מיה,IL,תמצית וניל,מיליליטרים,50.00,"100 מ""ל",false,0,4.40,8.80,true,1,
7296073125327,false,מלפפונים בינוני בחומץ560,קבוצת יבנה מוצרי מזון,IL,מלפפונים בחומץ,גרמים,540.00,100 גרם,false,0,8.00,1.48,true,1,
7296073125334,false,מלפפונים קטנים בחומץ560ג,קבוצת יבנה מוצרי מזון,IL,מלפפונים בחומץ,גרמים,540.00,100 גרם,false,0,10.90,2.02,true,1,
7296073125822,false,שמן חמניות שופרסל 1 ליטר,NV AOR,BE,שמן חמניות,ליטרים,1.00,ליטר,false,0,12.90,12.90,true,1,
7296073128236,false,מעדן משמש שופרסל 284 גרם,LTD 99 CIMA,BG,מעדן מישמש,גרמים,284.00,100 גרם,false,0,10.00,3.52,true,1,
7296073128243,false,מעדן דובדבנים שופרסל284ג,LTD 99 CIMA,BG,מעדן דובדבנים,גרמים,284.00,100 גרם,false,0,10.00,3.52,true,1,
7296073129479,false,פתיתים כוכבים שופרסל500ג,אסיף תעשיות מזון,IL,פתיתים כוכבים,גרמים,500.00,100 גרם,false,0,5.20,1.04,true,1,
7296073129516,false,נר נשמה 24 שעות שופרסל,שופרסל,IL,נר נשמה,יחידה,1.00,יחידה,false,0,2.40,2.40,true,1,
7296073129530,false,נרות חימום בשקית 50 יח',שופרסל,IL,נרות חימום,יחידה,1.00,יחידה,false,0,10.90,10.90,true,1,
7296073132448,false,שמן תירס שופרסל 1 ליטר,NV AOR,BE,שמן תירס שופרסל,ליטרים,1.00,ליטר,false,0,14.80,14.80,true,1,
7296073132820,false,סלק בואקום 500 גרם,שופרסל,XX,סלק בואקום 500ג,גרמים,500.00,100 גרם,false,0,9.00,1.80,true,1,
7296073132974,false,צלחות גדולות לבן שופרסל,שופרסל,IL,צלחות ענק,יחידה,1.00,יחידה,false,0,14.90,14.90,true,1,
7296073134541,false,קפה טורקי שופרסל 100*3גר,שופרסל,IL,קפה טורקי 3 יח',גרמים,300.00,100 גרם,false,0,16.60,5.53,true,1,
7296073140672,false,ממרח קרם קקאו שופרסל750ג,שופרסל,,ממרח קרם קקאו,גרמים,750.00,100 גרם,false,0,14.90,1.99,true,1,
7296073140986,false,52מגן תחתון לארג' שופרסל,שופרסל,IL,מגן תחתון שופרסל,יחידה,1.00,יחידה,false,0,9.00,9.00,true,1,
7296073140993,false,28 תחבושות נורמל+ שופרסל,קוראטקס,DE,תחבושות שופרסל,יחידה,1.00,יחידה,false,0,9.00,9.00,true,1,
7296073141006,false,24 תחבושות סופר+ שופרסל,קוראטקס,DE,תחבושות שופרסל,יחידה,1.00,יחידה,false,0,9.00,9.00,true,1,
7296073141082,false,נרות חימום בשקית,,IL,נרות חימום בשקית,יחידה,1.00,יחידה,false,0,19.90,19.90,true,1,
7296073143437,false,"ברנפלקס ללת""ס שופרסל 500",בריגן קי. ג'י,,"ברנפלקס ללת""ס",גרמים,500.00,100 גרם,false,0,18.10,3.62,true,1,
7296073146933,false,שוק.אוורירי מריר שופר100,"שוקולד פריי בע""מ",CH,שוקולד אוורירי,גרמים,100.00,100 גרם,false,0,6.20,6.20,true,1,
7296073146940,false,שוק.אוורירי חלב שופר100ג,"שוקולד פריי בע""מ",CH,שוקולד אוורירי,גרמים,100.00,100 גרם,false,0,6.20,6.20,true,1,
7296073151470,false,פריכיות קטנות 3דגנים 50ג,שופרסל,IL,פריכיות קטנות,גרמים,50.00,100 גרם,false,0,8.50,17.00,true,1,
7296073151487,false,פריכיות מיני תפוח 50 גרם,פרח תעשיות מזון,IL,פריכיות תפוח,גרמים,50.00,100 גרם,false,0,8.50,17.00,true,1,
7296073151548,false,מלח בישול גס שופרסל 1 קג,מלח הארץ אילת,IL,מלח בישול גס,קילוגרמים,1.00,"ק""ג",false,0,2.07,2.07,true,1,
7296073151555,false,מלח שולחן דק שופרסל 1 קג,מלח הארץ אילת,IL,מלח שולחן דק,קילוגרמים,1.00,"ק""ג",false,0,2.07,2.07,true,1,
7296073153238,false,גזר ארוז שופרסל,,IL,גזר ארוז שופרסל,קילוגרמים,0.00,"ק""ג",true,0,4.90,4.90,true,1,
7296073153894,false,ניילון נצמד שופרסל 30*2מ,שופרסל,IL,זוג ניילון נצמד,מטרים,60.00,מטר,false,0,9.80,0.16,true,1,
7296073156611,false,שוקולד מריר 60% קקאו100ג,"שוקולד פריי בע""מ",,שוקולד מריר 60%,גרמים,100.00,100 גרם,false,0,7.40,7.40,true,1,
7296073161479,false,פריכיות דקות תירס 100 גר,"פרח תעשיות מזון בע""\מ",IL,פריכיות תירס,גרמים,100.00,100 גרם,false,0,7.40,7.40,true,1,
7296073161721,false,נייר אפיה שופרסל 50 דפים,שופרסל,NO,נייר אפיה שופרסל,יחידה,1.00,יחידה,false,0,9.90,9.90,true,1,
7296073161783,false,קבוקים שומשום400ג שופרסל,שופרסל,CN,קבוקים עם שומשום,גרמים,400.00,100 גרם,false,0,14.90,3.73,true,1,
7296073163084,false,נקניקיות וינר שופרסל400ג,מעדני יחיעם,IL,נקניקיות וינר,גרמים,400.00,100 גרם,false,0,11.90,2.98,true,1,
7296073169543,false,40 מטליות רב שימושיות,שופרסל,IL,"מטליות רב""ש",יחידה,1.00,יחידה,false,0,21.30,21.30,true,1,
7296073169833,false,"שוק.מריר 72%ללת""ס 100 גר",שופרסל,,שוקולד ללא סוכר,גרמים,100.00,100 גרם,false,0,10.90,10.90,true,1,
7296073170839,false,שוקולד לבן שוויצרי 100גר,"שוקולד פריי בע""מ",,שוקולד לבן,גרמים,100.00,100 גרם,false,0,5.60,5.60,true,1,
7296073170938,false,44 מגני תחתון לונג +,קוראטקס,IL,מגני תחתון,יחידה,1.00,יחידה,false,0,9.00,9.00,true,1,
7296073173199,false,אפונה ירוקה עדינה שופרסל,שופרסל,IL,אפונה עדינה,גרמים,600.00,100 גרם,false,0,18.70,3.12,true,1,
7296073173205,false,שעועית ירוקה עדינה שופרס,ARDO,BE,שעועית ירוקה,גרמים,600.00,100 גרם,false,0,20.70,3.45,true,1,
7296073173212,false,שעועית ירוקה שלמה שופרסל,ARDO,BE,שעועית ירוקה,גרמים,800.00,100 גרם,false,0,18.50,2.31,true,1,
7296073174721,false,אטבי כביסה שופרסל 48 יח',שופרסל,,אטבי כביסה,יחידה,1.00,יחידה,false,0,20.90,20.90,true,1,
7296073180425,false,רוטב פסטה שום+אורגנו350ג,,,רוטב לפסטה,גרמים,350.00,100 גרם,false,0,9.90,2.83,true,1,
7296073188520,false,נייר סנדביץ,,PL,נייר סנדביץ,יחידה,1.00,יחידה,false,0,13.90,13.90,true,1,
7296073189589,false,פקאן טבעי 200גרם שופרסל,שקרצי,IL,פקאן טבעי 200גרם,גרמים,200.00,100 גרם,false,0,26.90,13.45,true,1,
7296073189596,false,חצאי בוטן מטוגן וממולח,שקרצי,IL,בוטן מטוגן200גרם,גרמים,200.00,100 גרם,false,0,9.80,4.90,true,1,
7296073189602,false,בוטן מטוגן 400גרם שופרסל,שקרצי,IL,בוטן מטוגן,גרמים,400.00,100 גרם,false,0,15.90,3.98,true,1,
7296073195252,false,פריכיות אורז מלא גרין100,"פרח תעשיות מזון בע""\מ",IL,פריכיות אורז מלא,גרמים,100.00,100 גרם,false,0,7.00,7.00,true,1,
7296073200987,false,פטריות חתוכות 3 * 400 גר,פרוצ'אמפ,DE,פטריות חתוכות3יח,קילוגרמים,1.20,"ק""ג",false,0,13.60,11.33,true,1,
7296073201427,false,סילאן 350 גרם,,IL,סילאן 350 גרם,גרמים,350.00,100 גרם,false,0,10.20,2.91,true,1,
7296073202493,false,שוק.חלב שופרסל 100*6 גרם,"שוקולד פריי בע""מ",CH,שוקולד חלב 6 יח,גרמים,600.00,100 גרם,false,0,19.90,3.32,true,1,
7296073205081,false,מיונז,,IL,מיונז,גרמים,500.00,100 גרם,false,0,6.90,1.38,true,1,
7296073205708,false,רוט.פסט.בזיליקום אורג350,אלת'אה אס.פי.איי,IT,רוטב פסטה,גרמים,350.00,100 גרם,false,0,14.90,4.26,true,1,
7296073207023,false,שמפו לתינוק שופרסל 750 מ,אמיליה קוסמטיקס,IL,שמפו לתינוק,מיליליטרים,750.00,"100 מ""ל",false,0,10.00,1.33,true,1,
7296073209249,false,ספגיות קירצוף 6 יחידות,פלסטו פוליש,IL,ספוגיות קירצוף,יחידה,1.00,יחידה,false,0,5.70,5.70,true,1,
7296073209928,false,בייגלה שטוח,,IL,בייגלה שטוח,גרמים,300.00,100 גרם,false,0,8.90,2.97,true,1,
7296073211693,false,לחם ללא גלוטן,,IL,לחם ללא גלוטן,יחידה,1.00,יחידה,false,0,14.80,14.80,true,1,
7296073211952,false,סירופ מייפל אורג.גרין250,,CA,סירופ מייפל,מיליליטרים,250.00,"100 מ""ל",false,0,31.90,12.76,true,1,
7296073213949,false,ג'ל כביסה מרוכז,,IL,ג'ל כביסה מרוכז,ליטרים,3.00,ליטר,false,0,24.70,8.23,true,1,
7296073214144,false,פלחי אפרסקים,,IL,פלחי אפרסקים,גרמים,312.00,100 גרם,false,0,5.90,1.89,true,1,
7296073215899,false,כמון טחון,,IL,כמון טחון,גרמים,100.00,100 גרם,false,0,12.00,12.00,true,1,
7296073215974,false,שום גבישי,,IL,שום גבישי,גרמים,120.00,100 גרם,false,0,12.00,10.00,true,1,
7296073216001,false,תערובת תיבול עוף,,IL,תערובת תיבול עוף,גרמים,100.00,100 גרם,false,0,7.90,7.90,true,1,
7296073216049,false,תערוב תיבול,,IL,תערוב תיבול,גרמים,100.00,100 גרם,false,0,7.30,7.30,true,1,
7296073216070,false,פטרוזיליה תבלין,,IL,פטרוזיליה תבלין,גרמים,20.00,100 גרם,false,0,7.40,37.00,true,1,
7296073216186,false,פלפל שחור,,IL,פלפל שחור,גרמים,40.00,100 גרם,false,0,10.50,26.25,true,1,
7296073216230,false,פפריקה מתוקה,,IL,פפריקה מתוקה,גרמים,40.00,100 גרם,false,0,7.90,19.75,true,1,
7296073216292,false,פפריקה חריפה,,IL,פפריקה חריפה,גרמים,80.00,100 גרם,false,0,5.50,6.88,true,1,
7296073216308,false,פפריקה חריפה,,IL,פפריקה חריפה,גרמים,100.00,100 גרם,false,0,12.00,12.00,true,1,
7296073218234,false,סוכר חום אורגני גרין 1 ק,,IL,סוכר חום אורגני,קילוגרמים,1.00,"ק""ג",false,0,12.80,12.80,true,1,
7296073218333,false,פופקורן מופחת,,US,פופקורן מופחת,גרמים,510.00,100 גרם,false,0,14.80,2.90,true,1,
7296073218661,false,מטליות לרצפה 3יח,,CN,מטליות לרצפה 3יח,יחידה,1.00,יחידה,false,0,23.90,23.90,true,1,
7296073218753,false,פתי בר שופרסל 500 גרם,BV BISCUIT PALLY,NL,פתי בר,גרמים,500.00,100 גרם,false,0,9.90,1.98,true,1,
7296073218807,false,בישקוטים,,IT,בישקוטים,גרמים,200.00,100 גרם,false,0,8.20,4.10,true,1,
7296073218920,false,לחם אחיד פרוס שופרסל 750,מאפיית שלמה א. אנג'\ל בע,IL,לחם אחיד פרוס,גרמים,750.00,100 גרם,false,0,6.79,0.91,true,1,
7296073219156,false,פירורי לחם לבן,,IL,פירורי לחם לבן,גרמים,350.00,100 גרם,false,0,6.70,1.91,true,1,
7296073219255,false,קפה נמס,,IL,קפה נמס,גרמים,200.00,100 גרם,false,0,14.90,7.45,true,1,
7296073219347,false,לחם אחיד פרוס750ג שופרסל,מאפית ברמן,IL,לחם אחיד פרוס,גרמים,750.00,100 גרם,false,0,6.79,0.91,true,1,
7296073219606,false,כדורי דגנים,,IL,כדורי דגנים,גרמים,500.00,100 גרם,false,0,13.90,2.78,true,1,
7296073219927,false,ג'לי תות,,IL,ג'לי תות,גרמים,85.00,100 גרם,false,0,5.80,6.82,true,1,
7296073219941,false,חטיף דגנים שוקו+שוק23*6ג,back and Snack,AT,חטיף דגנים,גרמים,138.00,100 גרם,false,0,9.90,7.17,true,1,
7296073220008,false,ממתיק על בסיס סוכרלוז100,"ביסקול בע""מ",IL,ממתיק סוכרלוז,גרמים,100.00,100 גרם,false,0,17.90,17.90,true,1,
7296073220022,false,אבקת קקאו,,IL,אבקת קקאו,גרמים,150.00,100 גרם,false,0,8.50,5.67,true,1,
7296073220121,false,חטיפי קרח,,IL,חטיפי קרח,ליטרים,2.10,ליטר,false,0,11.50,5.48,true,1,
7296073220282,false,וופלים ט.לימון שופרסל500,"מנעמים תעשיות מזון בע""\מ",IL,וופל טעם לימון,גרמים,500.00,100 גרם,false,0,9.90,1.98,true,1,
7296073220442,false,דובדבן קפוא שופרסל 300גר,d.o.o Lukowa,YU,דובדבן,גרמים,300.00,100 גרם,false,0,16.90,5.63,true,1,
7296073221333,false,מארז מזלגות בצבע קרם,.,IL,"מזלג קרם ח""פ",יחידה,1.00,יחידה,false,0,8.90,8.90,true,1,
7296073221340,false,מארז סכינים בצבע קרם,.,IL,"סכין קרם ח""פ",יחידה,1.00,יחידה,false,0,8.90,8.90,true,1,
7296073221791,false,ופלים בטעם אגוזים 400 גר,"מנעמים תעשיות מזון בע""\מ",IL,וופל אגוזים,גרמים,400.00,100 גרם,false,0,9.90,2.48,true,1,
7296073222255,false,סלמי מעושן שופרסל 400 גר,מעדני יחיעם,IL,סלמי מעושן,גרמים,400.00,100 גרם,false,0,22.90,5.73,true,1,
7296073222323,false,מלווח קפוא שופרסל700ג,אופרה,IL,מלווח קפוא שופרס,גרמים,700.00,100 גרם,false,0,13.90,1.99,true,1,
7296073223078,false,תה ירוק,,LK,תה ירוק,גרמים,37.00,100 גרם,false,0,16.50,44.59,true,1,
7296073223115,false,תה קלאסי,,LK,תה קלאסי,גרמים,150.00,100 גרם,false,0,10.80,7.20,true,1,
7296073224594,false,סלט חציל במיונז שופר400ג,סלטי שמיר,IL,סלט חצילים מיונז,גרמים,400.00,100 גרם,false,0,8.90,2.23,true,1,
7296073224600,false,"חומוס שופרסל 1 ק""ג",סלטי שמיר,IL,סלט חומוס,קילוגרמים,1.00,"ק""ג",false,0,11.50,11.50,true,1,
7296073224631,false,"אורז פרסי שופרסל 1 ק""ג",ltd co produce Uthai,TH,אורז פרסי,קילוגרמים,1.00,"ק""ג",false,0,6.80,6.80,true,1,
7296073224693,false,ביציםM שופרסל 12,,IL,ביציםM שופרסל 12,יחידה,1.00,יחידה,false,0,10.55,10.55,true,1,
7296073224709,false,ביציםL שופרסל 12,,IL,ביציםL שופרסל 12,יחידה,1.00,יחידה,false,0,11.45,11.45,true,1,
7296073224839,false,מרכך מרוכז לבן,,IL,מרכך מרוכז לבן,ליטרים,1.00,ליטר,false,0,9.90,9.90,true,1,
7296073224907,false,אפונה וגזר שופרסל 800גרם,ARDO,BE,אפונה וגזר,גרמים,800.00,100 גרם,false,0,14.80,1.85,true,1,
7296073225072,false,לחמניות שופרסל 6יח75*גר,מאפיית שלמה א. אנג'\ל בע,IL,לחמניות 6 יחידות,גרמים,450.00,100 גרם,false,0,9.90,2.20,true,1,
7296073225195,false,שמ.זית אורג.כתית גרין750,OLIVENSA,ES,שמן זית אורגני,ליטרים,0.75,ליטר,false,1,46.90,62.53,true,1,
7296073225218,false,משמש מיובש 200גרם שופרסל,SA AKCA OSMAN,IL,משמש מארז 200גרם,גרמים,200.00,100 גרם,false,0,13.90,6.95,true,1,
7296073225249,false,גרעין חמניה לא תוספת מלח,ששון,IL,גרעין חמנייה,גרמים,200.00,100 גרם,false,0,7.80,3.90,true,1,
7296073225256,false,גרעין חמנייה קליית עפולה,ששון,IL,גרעין חמנייה,גרמים,200.00,100 גרם,false,0,7.80,3.90,true,1,
7296073225492,false,רוטב עגבני.מרוכז22% 260ג,פריניר,IL,רסק עגבניות,גרמים,260.00,100 גרם,false,0,3.60,1.38,true,1,
7296073225560,false,"ופלים שוקולד ללת""ס200גרם","מנעמים תעשיות מזון בע""\מ",IL,וופל שוקולד ללתס,גרמים,200.00,100 גרם,false,0,7.90,3.95,true,1,
7296073225577,false,"וופל בלגי שוקו.ללת""ס200ג",גילרו,IL,וופל בלגי שוקולד,גרמים,200.00,100 גרם,false,0,8.80,4.40,true,1,
7296073225607,false,חטיפי קרקר,,IT,חטיפי קרקר,גרמים,150.00,100 גרם,false,0,8.80,5.87,true,1,
7296073225614,false,חטיפי קרקר,,IT,חטיפי קרקר,גרמים,150.00,100 גרם,false,0,8.80,5.87,true,1,
7296073225768,false,סלט מטבוחה שופרסל 400גרם,סלטי שמיר,IL,סלט מטבוחה,גרמים,400.00,100 גרם,false,0,8.90,2.23,true,1,
7296073226154,false,ביסקוויט שוקולד מריר125,.,DE,ביסקוויט מצופה,גרמים,125.00,100 גרם,false,0,8.80,7.04,true,1,
7296073226321,false,חיתולים שופרסל,,IL,חיתולים שופרסל,יחידה,1.00,יחידה,false,0,29.90,29.90,true,1,
7296073229650,false,סירופ טעם שוקולד,,IL,סירופ טעם שוקולד,גרמים,600.00,100 גרם,false,0,12.50,2.08,true,1,
7296073229674,false,פטוצ'יני ללינגויני 500 ג,.,IT,פטוצ'יני ללינגוי,גרמים,500.00,100 גרם,false,1,4.90,0.98,true,1,
7296073229711,false,ג'ל רח.פסיפלורה שופרס750,"טרופיקל דגיל תעשיות קוסמטיקה בע""מ",IL,ג'ל רחצה,מיליליטרים,750.00,"100 מ""ל",false,0,8.80,1.17,true,1,
7296073229735,false,תחליב רח.קלאסי שופרסל750,"טרופיקל דגיל תעשיות קוסמטיקה בע""מ",IL,תחליב רחצה,מיליליטרים,750.00,"100 מ""ל",false,0,9.20,1.23,true,1,
7296073229940,false,"אורז בסמטי בצנצנת 1 ק""ג",.,IN,אורז בסמטי,קילוגרמים,1.00,"ק""ג",false,0,14.90,14.90,true,1,
7296073230038,false,מנקה רצפות ורוד 2 ליטר,קליר כימיקלים,IL,מנקה רצפות,ליטרים,2.00,ליטר,false,0,10.00,5.00,true,1,
7296073230106,false,"סלט תפו""א שופרסל 400 גרם",סלטי שמיר,IL,"סלט תפו""א",גרמים,400.00,100 גרם,false,0,8.90,2.23,true,1,
7296073230410,false,"כוסות קפה ח""פ",,IL,"כוסות קפה ח""פ",יחידה,1.00,יחידה,false,0,7.90,7.90,true,1,
7296073230656,false,מגבות נייר שופרסל 6 גל.,"שניב תעשיות נייר בע""\מ",IL,מגבות נייר,מטרים,63.00,מטר,false,0,10.80,0.17,true,1,
7296073230700,false,אקונומיקה מבושמת 4 ליטר,קליר כימיקלים,IL,אקונומיקה מבושמת,ליטרים,4.00,ליטר,false,0,9.90,2.48,true,1,
7296073230977,false,קרקר+שומשום רוזמרין גרין,נובה אינדסטריה,IT,קרקר שומשום,גרמים,250.00,100 גרם,false,1,12.90,5.16,true,1,
7296073231547,false,חלב 1% בקרטון שופרסל 1ל,מחלבות רמת הגולן,IL,חלב 1% קרטון 1ל',ליטרים,1.00,ליטר,false,1,5.20,5.20,true,1,
7296073231554,false,חלב 3% בקרטון שופרסל 1ל,מחלבות רמת הגולן,IL,חלב 3% קרטון 1ל',ליטרים,1.00,ליטר,false,1,5.40,5.40,true,1,
7296073231561,false,שמנת עמידה לקצפת38% 250ג,מחלבות רמת הגולן,IL,שמנת עמידה 38%,מיליליטרים,250.00,"100 מ""ל",false,1,5.80,2.32,true,1,
7296073232124,false,גב.פרמז'ן קשה27%שופר200ג,.,IT,משולש פרמז'ן,גרמים,200.00,100 גרם,false,1,22.90,11.45,true,1,
7296073232636,false,מרגרינה בטעם חמאה 200 גר,בסלר גידה וה קימייה סאן,TR,מרגרינה ט.חמאה,גרמים,200.00,100 גרם,false,1,4.00,2.00,true,1,
7296073235767,false,ג'ל ניקוי אסלות 750מל,קליר כימיקלים,IL,ג'ל לאסלות,מיליליטרים,750.00,"100 מ""ל",false,1,6.90,0.92,true,1,
7296073236313,false,ג'ל אקונומיקה שופרסל 4ל,קליר כימיקלים,IL,ג'ל אקונומיקה,ליטרים,4.00,ליטר,false,1,12.80,3.20,true,1,
7296073236771,false,סירופ בטעם תפוחים 1 ליטר,"פרי נטו משקאות בע""מ",IL,סירופ תפוחים,ליטרים,1.00,ליטר,false,1,8.90,8.90,true,1,
7296073236818,false,גרנולה פירות יבשים 90גרם,ויטליה,MK,גרנולה פירות יבש,גרמים,90.00,100 גרם,false,1,6.80,7.56,true,1,
7296073236887,false,סלט גזר מרוקאי 400 גרם,סלטי שמיר,IL,סלט גזר מרוקאי,גרמים,400.00,100 גרם,false,1,8.90,2.23,true,1,
7296073236931,false,קליונז מופחת קלוריות500ג,מיטב,IL,קליונז,גרמים,500.00,100 גרם,false,1,9.80,1.96,true,1,
7296073237464,false,תרכובת מזון לתינוק שלב 3,פריגו,US,תרכובת מזון,גרמים,700.00,100 גרם,false,1,39.90,5.70,true,1,
7296073237525,false,קוקטייל פירות בסירופ קל,CANNED QIWWEI LINYI,CN,קוקטייל פירות,גרמים,820.00,100 גרם,false,1,8.90,1.09,true,1,
7296073237556,false,ממחטות אף 100*5 יח',שניב תעשיות נייר,IL,ממחטות אף100*5יח,יחידה,1.00,יחידה,false,1,9.90,9.90,true,1,
7296073237655,false,שוק.מריר 72% קקאו 100 גר,"שוקולד פריי בע""מ",CH,שוקולד מריר 72%,גרמים,100.00,100 גרם,false,1,10.90,10.90,true,1,
7296073237662,false,שוק72%. מריר תפוז 100גרם,פריי )שוקולד(,CH,שוקולד מריר תפוז,גרמים,100.00,100 גרם,false,1,10.90,10.90,true,1,
7296073237686,false,שוקולד חלב+אגוזי לוז100ג,פריי )שוקולד(,CH,שוקולד אגוזי לוז,גרמים,100.00,100 גרם,false,1,10.90,10.90,true,1,
7296073237747,false,חמאה הולנדית 200 גרם,SPRL MATHOT,BE,חמאה הולנדית,גרמים,200.00,100 גרם,false,1,6.80,3.40,true,1,
7296073237846,false,"אורז פרסי שופרסל 1 ק""ג",THEPTHUNGATIP,TH,אורז פרסי,קילוגרמים,1.00,"ק""ג",false,1,6.80,6.80,true,1,
7296073237877,false,קפסולות קפה שופרסל זהב,רוני רג'ואן ושות,IL,קפסולות קפה,גרמים,50.00,100 גרם,false,1,15.90,31.80,true,1,
7296073238515,false,ספוג לטקס משולש 4 יח,TECHONGGIES TAIKONE,CN,ספוג לטקס משולש,יחידה,1.00,יחידה,false,1,14.90,14.90,true,1,
7296073238591,false,פינצטה 2011 שחורה/כסופה,TECHONGGIES TAIKONE,CN,פינצטה שחור/כסוף,יחידה,1.00,יחידה,false,1,14.90,14.90,true,1,
7296073239109,false,מספריים לגבות יח,TECHONGGIES TAIKONE,CN,מספריים לגבות,יחידה,1.00,יחידה,false,1,39.90,39.90,true,1,
7296073239994,false,משקה סויה אורגני גרין 1,ביוסלים,IT,משקה סויה,ליטרים,1.00,ליטר,false,1,12.90,12.90,true,1,
7296073240006,false,משקה סויה שוקו אורגני 1,ביוסלים,IT,משקה סויה שוקו,ליטרים,1.00,ליטר,false,1,12.90,12.90,true,1,
7296073240013,false,משקה סויה אורגני וניל 1,ביוסלים,IT,משקה סויה וניל,ליטרים,1.00,ליטר,false,1,12.90,12.90,true,1,
7296073240020,false,משקה אורז אורגני גרין 1,ביוסלים,IT,משקה אורז,ליטרים,1.00,ליטר,false,1,12.90,12.90,true,1,
7296073240037,false,משקה אורז/שקד אורגני1ל,ביוסלים,IT,משקה אורז ושקדים,ליטרים,1.00,ליטר,false,1,12.90,12.90,true,1,
7296073240051,false,משקה שקדים אורגני גרין 1,ביוסלים,IT,משקה שקדים,ליטרים,1.00,ליטר,false,1,12.90,12.90,true,1,
7296073240846,false,אורז בסמטי מלא אורגני1קג,קוהינו,IN,אורז בסמטי,קילוגרמים,1.00,"ק""ג",false,1,15.90,15.90,true,1,
7296073241539,false,ממחטות אף בקופסא 100 יח,שניב תעשיות נייר,IL,ממחטות אף בקופסא,יחידה,1.00,יחידה,false,1,8.90,8.90,true,1,
7296073242277,false,תאנים מיובשות300ג שופרסל,SA AKCA OSMAN,TR,תאנים יבשות 300ג,גרמים,300.00,100 גרם,false,1,13.90,4.63,true,1,
7296073243397,false,ביצים M שופרסל 12 יחידות,.,IL,ביצים 12יחידות M,יחידה,1.00,יחידה,false,1,10.55,10.55,true,1,
7296073243403,false,ביצים L שופרסל 12 יחידות,.,IL,ביצים 12יחידות L,יחידה,1.00,יחידה,false,1,11.45,11.45,true,1,
7296073243731,false,ריבת חלב שופרסל 400 גרם,מיה,IL,ריבת חלב שופרסל,גרמים,400.00,100 גרם,false,1,9.90,2.48,true,1,
7296073244066,false,אבקת הבהרה לשיער 10גרם,שופרסל,IL,אבקת הבהרה לשיער,גרמים,10.00,100 גרם,false,1,4.90,49.00,true,1,
7296073245414,false,שעועית לבנה בצנצנת570ג,לגומברס פנלאס,ES,שעועית לבנה,גרמים,570.00,100 גרם,false,1,9.90,1.74,true,1,
7296073245469,false,מסטיק ספירמינט 64 גרם,פריי )שוקולד(,CH,מסטיק ספירמינט,גרמים,64.00,100 גרם,false,1,9.90,15.47,true,1,
7296073247494,false,רביולי גבינה ותרד 300 גר,פסטה נונה,IL,רביולי גבינה תרד,גרמים,300.00,100 גרם,false,1,13.90,4.63,true,1,
7296073247524,false,רביולי גבינה ופטריות300ג,פסטה נונה,IL,רביולי גבינה,גרמים,300.00,100 גרם,false,1,13.90,4.63,true,1,
7296073252245,false,עוג.דגנים פירות יער40*4ג,"קסטלין בע""מ",HR,עוגיות דגנים,גרמים,160.00,100 גרם,false,1,10.90,6.81,true,1,
7296073252276,false,עוג.דגנים שזיף+צימוק40*4,"קסטלין בע""מ",HR,עוגיות דגנים,גרמים,160.00,100 גרם,false,1,10.90,6.81,true,1,
7296073254133,false,"שמן זית פרימיום 750 מ""ל",אליעד בית בד בגולן,IL,שמן זית פרימיום,מיליליטרים,750.00,"100 מ""ל",false,1,36.90,4.92,true,1,
7296073254256,false,ערמונים אורגניים גרין100,CO FOODS LIYUAN HEBEI,CN,ערמונים אורגניים,גרמים,100.00,100 גרם,false,1,8.90,8.90,true,1,
7296073254522,false,אל סבון יסמין שופרסל 1 ל,אס קפקס קימיה,IL,אל סבון שופרסל,ליטרים,1.00,ליטר,false,1,11.90,11.90,true,1,
7296073258902,false,קפסולות נ.קופאין ירוק50ג,רוני רג'ואן ושות,IL,קפסולות קפה,גרמים,50.00,100 גרם,false,1,15.90,31.80,true,1,
7296073261179,false,200 קסמי אוזניים פלסטיק,PRODUC UES DAILY JIEYANG,CN,קסמי אוזניים,יחידה,1.00,יחידה,false,1,7.50,7.50,true,1,
7296073261247,false,"חומץ בלסמי שופרסל 500מ""ל",פונטי,IT,חומץ בלסמי,מיליליטרים,500.00,"100 מ""ל",false,1,17.90,3.58,true,1,
7296073262008,false,עוגות אישיות קרם שוקו350,קסליני,IT,עוגות אישיות,גרמים,350.00,100 גרם,false,1,14.90,4.26,true,1,
7296073262015,false,עוגות אישיות קרם חלב350ג,קסליני,IT,עוגות אישיות,גרמים,350.00,100 גרם,false,1,14.90,4.26,true,1,
7296073262152,false,גרעיני תירס מתוק 340גרם,סזאטמרי קונזרוגיאר,HU,גרעיני תירס מתוק,גרמים,340.00,100 גרם,false,1,5.90,1.74,true,1,
7296073262831,false,דבש עם מזון מלכות 350ג,מכוורת עמק חפר,IL,דבש + מזון מלכות,גרמים,350.00,100 גרם,false,1,32.90,9.40,true,1,
7296073262909,false,תרסיס שמן קנול.ללא גז150,S.L AEROLS FOOD,ES,תרסיס שמן קנולה,מיליליטרים,150.00,"100 מ""ל",false,1,11.90,7.93,true,1,
7296073262916,false,תרסיס שמן זית כתית 150מל,S.L AEROLS FOOD,ES,תרסיס שמן זית,מיליליטרים,150.00,"100 מ""ל",false,1,11.90,7.93,true,1,
7296073262923,false,תרסיס שמן קנולה ט.חמא150,S.L AEROLS FOOD,ES,תרסיס שמן,מיליליטרים,150.00,"100 מ""ל",false,1,11.90,7.93,true,1,
7296073262947,false,פסטה קזרצ'ה 400 גרם,שופרסל,IT,פסטה קזרצ'ה,גרמים,400.00,100 גרם,false,1,7.90,1.98,true,1,
7296073262961,false,גרנולה דואט שוקו אגוז400,בריגן קי ג'י,DE,גרנולה פרימיום,גרמים,400.00,100 גרם,false,1,17.90,4.48,true,1,
7296073262978,false,גרנולה טריפל אגוזים 400ג,בריגן קי ג'י,DE,גרנולה פרימיום,גרמים,400.00,100 גרם,false,1,17.90,4.48,true,1,
7296073262985,false,גרנולה טריפל שוקולד 400ג,בריגן קי ג'י,DE,גרנולה פרימיום,גרמים,400.00,100 גרם,false,1,17.90,4.48,true,1,
7296073263517,false,שקיות אוכל שופרסל 150*2,WEIFANG,CN,שקיות אוכל זוג,יחידה,1.00,יחידה,false,1,11.50,11.50,true,1,
7296073266112,false,מפות שולחן עבות מניילון,.,IL,מפות שולחן 8 יח,יחידה,1.00,יחידה,false,1,9.90,9.90,true,1,
7296073266266,false,קוקטייל בסירופ קל 113*4ג,FOODS HUIXANG JIANGSU,CN,קיקטייל פירות,גרמים,452.00,100 גרם,false,1,9.90,2.19,true,1,
7296073266600,false,גרעיני תירס וואקום160*3ג,KFT KONZERVGYAR SZATMARI,HU,גרעיני תירס 3 יח,גרמים,480.00,100 גרם,false,1,9.90,2.06,true,1,
7296073267195,false,צמר גפן רפואי שופרס100*2,SANAVI A.P,TR,זוג צמר גפן,גרמים,200.00,100 גרם,false,1,10.00,5.00,true,1,
7296073267355,false,ממת.בסיס סטיביה שופר100ג,"ביסקול בע""מ",IL,ממתיק סטיביה,גרמים,100.00,100 גרם,false,1,25.90,25.90,true,1,
7296073267843,false,תרסיס בסיס תמצית צ'ילי40,FIRENZE TURCI,IT,תמצית תבלין,מיליליטרים,40.00,"100 מ""ל",false,1,7.90,19.75,true,1,
7296073267867,false,תרסיס על בסיס בזיליקום40,FIRENZE TURCI,IT,תמצית תבלין,מיליליטרים,40.00,"100 מ""ל",false,1,7.90,19.75,true,1,
7296073270300,false,תבניות אלומיניום קטנות15,.,IL,תבנית קטנה,יחידה,1.00,יחידה,false,1,12.90,12.90,true,1,
7296073270317,false,תבניות אלומיניום עגולות,.,IL,תבנית עגולה,יחידה,1.00,יחידה,false,1,12.90,12.90,true,1,
7296073271420,false,שוק.מריר תאנים+אגוז מלך,פריי )שוקולד(,CH,שוקולד מריר,גרמים,100.00,100 גרם,false,1,10.90,10.90,true,1,
7296073271444,false,שוקולד מריר מנדרינה100ג,פריי )שוקולד(,CH,שוקולד מריר,גרמים,100.00,100 גרם,false,1,10.90,10.90,true,1,
7296073271550,false,ממרח עגבניות מיובשות190ג,SPA POLLI F.LLI,IT,ממרח עגבניות,גרמים,190.00,100 גרם,false,1,11.90,6.26,true,1,
7296073271628,false,סב.נוזלי קוביה ירקרק500,שופרסל,IL,סבון נוזלי,מיליליטרים,500.00,"100 מ""ל",false,1,9.90,1.98,true,1,
7296073271635,false,סב.נוזלי קוביה סגלגל500,אקסן קוסמטיק,IL,סבון נוזלי,מיליליטרים,500.00,"100 מ""ל",false,1,9.90,1.98,true,1,
7296073271642,false,סב.נוזלי קוביה שמנת500,שופרסל,IL,סבון נוזלי,מיליליטרים,500.00,"100 מ""ל",false,1,9.90,1.98,true,1,
7296073272236,false,קפסולות בטעם קרמל 50 גרם,רוני רג'ואן ושות,IL,קפסולות קרמל,גרמים,50.00,100 גרם,false,1,15.90,31.80,true,1,
7296073273394,false,גבינת פסטו ירוק שופר200ג,ROUVEEN,NL,גבינת פסטו,גרמים,200.00,100 גרם,false,1,19.90,9.95,true,1,
7296073273400,false,גבינת פסטו אדום שופר200ג,ROUVEEN,NL,גבינת פסטו,גרמים,200.00,100 גרם,false,1,19.90,9.95,true,1,
7296073273431,false,גב.גאודה זיתים+עגבנ200.ג,ROUVEEN,NL,גבינת גאודה,גרמים,200.00,100 גרם,false,1,19.90,9.95,true,1,
7296073274414,false,קולה שופרסל 1.5 ליטר,אולקר,TR,קולה שופרסל,ליטרים,1.50,ליטר,false,1,4.30,2.87,true,1,
7296073274438,false,קולה שופרסל 1.5*4 ליטר,אולקר,TR,קולה שופרסל 4 יח,ליטרים,6.00,ליטר,false,1,14.90,2.48,true,1,
7296073275046,false,עלי גפן ממולאים אורז400ג,הזה אמבה פודס,CN,עלי גפן שופרסל,גרמים,400.00,100 גרם,false,1,8.70,2.18,true,1,
7296073275152,false,שלישיית רדידי אלומיניום,.,CN,רדיד אלומיניום,מטרים,22.00,מטר,false,1,13.90,0.63,true,1,
7296073276906,false,ספוג לניקיון מופלא יחידה,הנמל,IL,ספוגית הפלא שופר,יחידה,1.00,יחידה,false,1,6.90,6.90,true,1,
7296073277255,false,מארז מגבונים לחים 6 יח,דינמיק,IL,מגבונים לחים 6יח,יחידה,1.00,יחידה,false,1,24.90,24.90,true,1,
7296073277477,false,כפפות לטקס S 100 יחידות,LTD T.G.C,TH,כפפות לטקס S,יחידה,1.00,יחידה,false,1,17.90,17.90,true,1,
7296073277491,false,כפפות לטקס L 100 יחידות,LTD T.G.C,TH,כפפות לטקס L,יחידה,1.00,יחידה,false,1,17.90,17.90,true,1,
7296073281641,false,"סבון קצף ירוק 400 מ""ל",שופרסל,IL,סבון קצף,מיליליטרים,400.00,"100 מ""ל",false,1,9.90,2.48,true,1,
7296073281658,false,"סבון קצף ורוד 400 מ""ל",שופרסל,IL,סבון קצף,מיליליטרים,400.00,"100 מ""ל",false,1,9.90,2.48,true,1,
7296073283737,false,נקניקיות עוף ובקר פרימיו,זוגלובק,IL,נקניקיות הודו בק,גרמים,310.00,100 גרם,false,1,19.90,6.42,true,1,
7296073284963,false,"משק""ל בטעם תפוז 1.5 ליטר",גניר,IL,"משק""ל בטעם תפוז",ליטרים,1.50,ליטר,false,1,6.50,4.33,true,1,
7296073284970,false,"משק""ל בטעם אשכוליות1.5ל",גניר,IL,"משק""ל בטעם אשכול",ליטרים,1.50,ליטר,false,1,6.50,4.33,true,1,
7296073285007,false,"משק""ל בטעם ענבים 1.5ליטר",גניר,IL,"משק""ל בטעם ענבים",ליטרים,1.50,ליטר,false,1,6.50,4.33,true,1,
7296073285021,false,"משק""ל ט.אשכוליות דיאט1.5",גניר,IL,"משק""ל אשכוליות",ליטרים,1.50,ליטר,false,1,6.50,4.33,true,1,
7296073286196,false,מיקס ופליםשופרסל400ג25%+,FRITAG HANS,DE,וופלים מיקס,גרמים,500.00,100 גרם,false,1,10.00,2.00,true,1,
7296073286493,false,צמד פטריות פורטובלה ושמפ,מרינה פטריות,IL,פטריות משפחתי,יחידה,1.00,יחידה,false,1,17.90,17.90,true,1,
7296073287155,false,יעה פס גומי יחידה,המברשת רוחמה,IL,יעה פס גומי,יחידה,1.00,יחידה,false,1,4.90,4.90,true,1,
7296073288756,false,תירס ארוז,קטיף.,IL,תירס ארוז,קילוגרמים,0.00,"ק""ג",true,1,10.90,10.90,true,1,
7296073289180,false,שוקולד 2יח חלב+ 1יח אגוז,פריי )שוקולד(,CH,שוקולד 3 יחידות,גרמים,300.00,100 גרם,false,1,14.90,4.97,true,1,
7296073289746,false,50 מגבונים לניקוי כללי,דינמיק תעשיות מגבונים,IL,מגבונים לניקוי,יחידה,1.00,יחידה,false,1,9.90,9.90,true,1,
7296073290209,false,עוגת דבש שופרסל 450 גרם,גידרון,IL,עוגת מאפין דבש,גרמים,450.00,100 גרם,false,1,12.90,2.87,true,1,
7296073290803,false,חציל קלוי על האש שופרסל,בלו גלו,TR,חציל קלוי,גרמים,650.00,100 גרם,false,1,10.00,1.54,true,1,
7296073290810,false,פלפל אדום קלוי על האש650,בלו גלו,TR,פלפל אדום קלוי,גרמים,650.00,100 גרם,false,1,10.00,1.54,true,1,
7296073290919,false,אל סבון דבש שופרסל 500מ,אקסן קוזמטיק,IL,אל סבון שופרסל,מיליליטרים,500.00,"100 מ""ל",false,1,5.90,1.18,true,1,
7296073292012,false,אננס ראש שישיות שקיל,קטיף.,IL,אננס ראש,קילוגרמים,0.00,"ק""ג",true,1,29.90,29.90,true,1,
7296073294580,false,בצל יבש ארוז שקיל,קטיף,IL,בצל יבש ארוז,קילוגרמים,0.00,"ק""ג",true,1,5.90,5.90,true,1,
7296107000033,false,פרי חן מלפפונים בחומץ 600 גרם +תוספת,פרי חן,IL,מלפפונים בחומץ,גרמים,670.00,100 גרם,false,1,5.90,0.88,true,1,
7613032045753,false,פיטנס דגנים מחיטה מלאה שוקולד 375גרם,קבוצת אוסם סחר שותפות מוגבלת,FR,פיטנס שוקולד,גרמים,375.00,100 גרם,false,0,18.90,5.04,true,1,
7613033548192,false,פיטנס - דגני בוקר שוקולד מריר 375 גרם,קבוצת אוסם סחר שותפות מוגבלת,FR,פיטנס שוקולד,גרמים,375.00,100 גרם,false,0,18.90,5.04,true,1,
7613035241534,false,מולטי צ'יריוס 375 גרם,סי.פי אנגליה,GB,מולטי צ'יריוס,גרמים,375.00,100 גרם,false,1,10.00,2.67,true,1,
7616500642584,false,שוקולד מריר פריי 300 גרם,"שוקולד פריי בע""מ",IL,שוקולד מריר 300ג,גרמים,300.00,100 גרם,false,0,10.00,3.33,true,1,
7617014149293,false,קפסולות קפה,,,קפסולות קפה,גרמים,96.00,100 גרם,false,0,25.00,26.04,true,1,
7622010001858,false,עוגיות אוראו ממולאות קרם וניל 176 גרם.,דיפלומט מפיצים (1968) בעמ**,CZ,עוגיות אוראו,גרמים,176.00,100 גרם,false,1,10.20,5.80,true,1,
7622300356767,false,מילקה - עוגיות עם גרנולה וחתיכות של שוקולד חלב,דיפלומט מפיצים (1968) בעמ**,PL,עוגיות שוקוצ'יפס,גרמים,168.00,100 גרם,false,0,10.00,5.95,true,1,
7622400005190,false,שוקולד חלב נגיעות שוקולד לבן מילקה 100 ג,מנדלז דויצ'\לנד סנקס פרו,DE,שוקולד מילקה,גרמים,100.00,100 גרם,false,0,7.90,7.90,true,1,
7702018366088,false,מכשיר פרוגלייד פלקס+סכין,פרוקטר & גמבל,IL,מכשיר פרוגלייד,יחידה,1.00,יחידה,false,1,69.30,69.30,true,1,
7702018413560,false,סכיני פיוז'ן פרושילד רענ,פרוקטר & גמבל,IL,סכיני גילוח,יחידה,1.00,יחידה,false,1,169.00,169.00,true,1,
8000380003761,false,וופל גרנד פטיסרי שוקולד וקוקוס לואקר 100 גרם,קריניציה ויטמינה אס,IT,גראנד פטיסרי,גרמים,100.00,100 גרם,false,0,13.40,13.40,true,1,
8000380004911,false,קוביות וופל קואדרטיני Quadratini קרם אגוזים,קריניציה ויטמינה אס,IT,ופל קואדרטיני,גרמים,250.00,100 גרם,false,0,15.20,6.08,true,1,
8000380007257,false,וופל גרדנה במילוי קרם אגוזים מצופה,קריניציה ויטמינה אס,IT,ופלים גרדנה,גרמים,200.00,100 גרם,false,0,15.10,7.55,true,1,
8000380106028,false,טורטינה לואקר וופל שוקולד ואגוזים שישיה 125ג',קריניציה ויטמינה אס,IT,וופל טורטינה,גרמים,125.00,100 גרם,false,0,13.90,11.12,true,1,
8000380156849,false,שוקולד מריר במילוי קרם קקאו וופל לואקר 87 גרם,ליימן שליסל בעמ,IT,שוקולד לואקר,גרמים,87.00,100 גרם,false,0,6.90,7.93,true,1,
8000380180837,false,וופל גרנד פטיסרי קוקוס לבן מצופה שוקולד לבן לואקר 100 גרם,ליימן שליסל בע`מ,IT,גרנד פטיסרי,גרמים,100.00,100 גרם,false,1,13.40,13.40,true,1,
8000500023624,false,חטיפי הפי היפו Happy Hippo במילוי קרם חלב וקקאו,פרימיום-חברה לדברי מתיקה ולמסח,IT,קינדר הפי היפו,גרמים,102.00,100 גרם,false,0,10.00,9.80,true,1,
8000500026731,false,ביצי שוקולד קינדר מארז 3 יח סופרייז,פרימיום-חברה לדברי מתיקה ולמסח,IT,ביצי הפתעה קינדר,גרמים,60.00,100 גרם,false,1,15.50,25.83,true,1,
8000500029350,false,מארז וופל מצופה 3יח' *43 גרם קינדר בואנו,פרימיום-חברה לדברי מתיקה ולמסח,IT,קינדר בואנו,גרמים,129.00,100 גרם,false,0,8.90,6.90,true,1,
8000500071083,false,אצבעות שוקולד קינדר Kinder שש עשרה יחידות,פרימיום-חברה לדברי מתיקה ולמסח,IT,שוקולד חלב קינדר,גרמים,200.00,100 גרם,false,0,10.00,5.00,true,1,
8000500121436,false,מארז קינדר בואנו Kinder Bueno לבן שלוש יחידות,פרימיום-חברה לדברי מתיקה ולמסח,PL,קינדר בואנו לבן,גרמים,117.00,100 גרם,false,0,8.90,7.61,true,1,
8000500126325,false,ביצי שוקולד הפתעה קינדר ג'וי ורוד בנות שלישיה,פרימיום-חברה לדברי מתיקה ולמסח,PL,קינדר ג'וי ורוד,גרמים,60.00,100 גרם,false,0,12.90,21.50,true,1,
8000500244906,false,סוכ.טיק טק דובדבן-קולה29,פררו קנדה,CA,סוכריות טיק טק,גרמים,29.00,100 גרם,false,1,4.90,16.90,true,1,
8000500244920,false,סוכ.טיק טק אפרסק-לימונ29,פררו קנדה,CA,סוכריות טיק טק,גרמים,29.00,100 גרם,false,1,4.90,16.90,true,1,
8001090016003,false,טבליות למדיח קלאסי הכל באחד פיירי,דיפלומט מפיצים (1968) בעמ,BE,פיירי טבליות,יחידה,1.00,יחידה,false,1,49.90,49.90,true,1,
8001090184375,false,"נוזל כלים פיירי 900 מ""ל ירוק אורגינל",דיפלומט מפיצים (1968) בעמ,GB,פיירי לכלים,מיליליטרים,900.00,"100 מ""ל",false,1,12.50,1.39,true,1,
8001160000949,false,"גטורייד ספורט לימון 500 מ""ל",,IL,גטורייד לימון,מיליליטרים,500.00,"100 מ""ל",false,0,7.90,1.58,true,1,
8001943543458,false,צ'וקטה ביצת שוקולד שלישיה,ואל קור קורסניני אס אנ ס,IT,ביצי שוקולד 3 יח,גרמים,60.00,100 גרם,false,1,8.90,14.83,true,1,
8002450206003,false,משקה כהלי ורדי רימונים ספרקלטיני 750מ,הכרם - משקאות חריפים בעמ,IT,ורדי רימונים,מיליליטרים,750.00,"100 מ""ל",false,0,24.90,3.32,true,1,
8002816805987,false,חטיף דגנים פלפל צילי70ג,למרי אס פי איי ויה,IT,חטיף דגנים,גרמים,70.00,100 גרם,false,1,6.90,9.86,true,1,
8004030044005,false,נתחי טונה בהירה בשמן זית ריו מרה 112גרם,"בולטון אלימנטרי בע""\מ",IT,טונה בשמן זית,גרמים,160.00,100 גרם,false,0,18.70,11.69,true,1,
8005110060007,false,עגבניות מקולפות MUTTI 400 גרם,רסטרטו יבוא ושיווק בעמ,,עגבניות מקולפות,גרמים,400.00,100 גרם,false,0,7.20,1.80,true,1,
8005110120015,false,רסק עגבניות מרוכז 200גרם,מוטי,IT,רסק עגבניות,גרמים,200.00,100 גרם,false,1,8.90,4.45,true,1,
8005110551215,false,רוטב לפיצה 400 גר MU,מוטי פארמה,IT,רוטב לפיצה,גרמים,400.00,100 גרם,false,1,9.90,2.48,true,1,
8005120211956,false,שזיף חצי מיובש 200גרם,NOBERASCO,IT,שזיף חצי מיובש,גרמים,200.00,100 גרם,false,1,19.90,9.95,true,1,
8005200496525,false,נסטי בטעם אפרסק 1.5 ליטר,סן-פלגרינו,IT,נסטי בטעם אפרסק,ליטרים,1.50,ליטר,false,0,6.90,4.60,true,1,
8005200516520,false,נסטי דיאט טעם אפרסק 1.5ל,סן-פלגרינו,IT,נסטי דיאט אפרסק,ליטרים,1.50,ליטר,false,0,6.90,4.60,true,1,
8005200536528,false,נסטי מנגו אננס 1.5 ליטר,סן-פלגרינו,IT,נסטי מנגו אננס,ליטרים,1.50,ליטר,false,0,6.90,4.60,true,1,
8005217176557,false,משקה נסטי ענבים מלון,פארייפאבה אגרואינדוס,IT,נסטי ענבים,ליטרים,1.50,ליטר,false,0,6.90,4.60,true,1,
8010445003308,false,שמן זית כתית מעולה 750 מ,CLEMENTE OLEARIA,IT,שמן זית,גרמים,750.00,100 גרם,false,0,38.60,5.15,true,1,
8014515330059,false,עגבניות שלמות מקולפות400,שופרסל-ייבוא,IT,עגבניות שלמות,גרמים,400.00,100 גרם,false,0,6.70,1.68,true,1,
8014515330196,false,עגבניות מרוסקות 400 גרם,אמיליאנה קונסרב סוסייטה,IT,עגבניות מרוסקות,גרמים,400.00,100 גרם,false,1,6.70,1.68,true,1,
8015565030234,false,חטיף קרקר עם שום 175 גרם,לוריארי אס אל אר,IT,קרקר עם שום,גרמים,175.00,100 גרם,false,1,9.90,5.66,true,1,
8015565030258,false,חטיף קרקר טעם פיצה 175 ג,לוריארי אס אל אר,IT,קרקר טעם פיצה,גרמים,175.00,100 גרם,false,1,9.90,5.66,true,1,
8032880800243,false,פיקניק הפתעה - אגוזי לוז ומקלות אפויים,"הוסטה איטליה, ס.ר.ל.",IT,פיקניק הפתעה,גרמים,50.00,100 גרם,false,0,8.30,16.60,true,1,
8076800195019,false,ברילה - צ.א ספגטי מס1 קפליני 500 גרם,ברילה גי.אי.אר פרטלי ס.פ,IT,ספגטי ברילה,גרמים,500.00,100 גרם,false,0,7.90,1.58,true,1,
8076800195057,false,ברילה - צ.א ספגטי מס5 חדש 500 גרם,ברילה גי.אי.אר פרטלי ס.פ,IT,ספגטי מס 5 ברילה,גרמים,500.00,100 גרם,false,0,7.90,1.58,true,1,
8076800315479,false,פסטה דיטלוני ריגוטוני500,ברילה,IL,פסטה מיסטה,גרמים,500.00,100 גרם,false,0,7.90,1.58,true,1,
8076808050440,false,פסטה מקרוני מספר 44 ברילה 500 גרם,ש. שסטוביץ בע`מ,IT,מקרוני ברילה,גרמים,500.00,100 גרם,false,0,7.90,1.58,true,1,
8076809513395,false,ברילה פומודורו רוטב עגבניות קלאסי 400 גר,ברילה גי.אי.אר פרטלי ס.פ,IT,רוטב עגבניות,גרמים,400.00,100 גרם,false,0,10.00,2.50,true,1,
8076809513692,false,רוטב עגבניות נפולטנה בתוספת ירקות,ברילה גי.אי.אר פרטלי ס.פ,IT,רוטב לפסטה,גרמים,400.00,100 גרם,false,0,10.00,2.50,true,1,
8076809523714,false,איטריות טליאטלה ברילה 500 גרם,"ש. שסטוביץ בע""\מ",IT,טליאטלה אטריות,גרמים,500.00,100 גרם,false,0,27.50,5.50,true,1,
8076809523738,false,דפי לזניה ברילה 500 גרם,ברילה גי.אי.אר פרטלי ס.פ,IT,לזניה ברילה,גרמים,500.00,100 גרם,false,0,25.70,5.14,true,1,
8076809529419,false,ספגטי מחיטה מלאה מס' 5 500 ג' ברילה,ברילה גי. אי. אר פרט,IT,ספגטי חיטה מלא,גרמים,500.00,100 גרם,false,0,10.00,2.00,true,1,
8410076610508,false,"חטיף שיבולת שועל מלאה עם בוטנים, שקדים ושוקולד מריר בציפוי בטעם שוקולד",נייצ'ר ואלי Nature Valley,ES,חטיפי צ'ואי 5 יח,גרמים,150.00,100 גרם,false,1,21.90,14.60,true,1,
8410104044916,false,אבקה למדיח כלים פיניש (2.7 קג),רקיט בנקיזר (ניר איסט) בעמ,IL,"פיניש אבקה למדיח 2.7 ק""ג",קילוגרמים,2.70,"ק""ג",false,0,53.40,19.78,true,1,
8410104045111,false,"פיניש מלח למדיח כלים 2ק""ג",רקיט בנקיזר (ניר איסט) בעמ,IL,מלח למדיח,קילוגרמים,2.00,"ק""ג",false,0,16.80,8.40,true,1,
8410179004501,false,שמן חמניות+ E ויטמין 1ל,PONTU BORGES ACEITES,ES,שמן חמניות,ליטרים,1.00,ליטר,false,1,13.90,13.90,true,1,
8410179014814,false,שמן צמחיE+ויטמין 1ליטר,PONTU BORGES ACEITES,ES,שמן צמחי מועשר,ליטרים,1.00,ליטר,false,1,13.90,13.90,true,1,
8410179014821,false,שמן קנולה + E ויטמין 1ל,PONTU BORGES ACEITES,ES,שמן קנולה,ליטרים,1.00,ליטר,false,1,13.90,13.90,true,1,
8410179100043,false,שמן זית בורחס מעולה750מל,PONTU BORGES ACEITES,ES,שמן זית בורחס,מיליליטרים,750.00,"100 מ""ל",false,0,39.90,5.32,true,1,
8410644611203,false,יין קאווה איבריקה לבן יבש Cava Iberica,טמפו משקאות בע`מ,ES,קאווה אימבריקה,מיליליטרים,750.00,"100 מ""ל",false,0,24.90,3.32,true,1,
8423207206488,false,סלים דליס חטיף דגנים מצופה שוקולד חלב מרבה 6*20 גרם,אף.סי תבליני בגליל ב,ES,חטיפי דגנים מרבה,גרמים,120.00,100 גרם,false,0,10.90,9.08,true,1,
8423207208260,false,מרבה סלים דליס 125 ג' ללא גלוטן שוקולד חלב,ביסנצ'ורי אס.אל.יו,ES,חטיף דגנים,גרמים,78.00,100 גרם,false,1,10.90,13.97,true,1,
8690637538858,false,"דאו.אקס שוקולד 150 מ""ל",יוניליוור,TR,דאודורנט אקס,מיליליטרים,150.00,"100 מ""ל",false,0,13.90,9.27,true,1,
8690637543494,false,דאו.אקס ספריי 150AFRICAמ,יוניליוור,TR,דאודורנט אקס,מיליליטרים,150.00,"100 מ""ל",false,0,13.90,9.27,true,1,
8690637577512,false,דאו.אקס ספריי אקסייט150מ,יוניליוור,TR,דאודורנט אקס,מיליליטרים,150.00,"100 מ""ל",false,0,13.90,9.27,true,1,
8690637611698,false,דאו.אקס לגבר אנרכי 150 מ,יוניליוור,TR,דאודורנט אקס,מיליליטרים,150.00,"100 מ""ל",false,0,13.90,9.27,true,1,
8690637631009,false,אקס בודי ספריי אפולו 150,יוניליוור,IL,אקס בודי ספריי,מיליליטרים,150.00,"100 מ""ל",false,0,13.90,9.27,true,1,
8693323003906,false,ג'לי בצורת דובנים 250,סאאדת,IL,ג'לי דובונים,גרמים,250.00,100 גרם,false,0,7.90,3.16,true,1,
8693323006907,false,ג'לי בצורת לבבות 250 גרם,סאאדת,IL,ג'לי לבבות,גרמים,250.00,100 גרם,false,0,7.90,3.16,true,1,
8693495045643,false,פלמוליב ספא אפרסק500מ,קולגייט-פלמוליב,TR,סבון פלמוליב,מיליליטרים,500.00,"100 מ""ל",false,1,13.90,2.78,true,1,
8697530910750,false,סיגריות פאל מאל כחול ארוך האוס,גלוברנדס בעמ - שיווק סיגריות,TR,פאל מאל חפ.,יחידה,1.00,יחידה,false,0,29.00,29.00,false,1,
8710908148293,false,אקס ספריי בלאק נייט 150מ,יוניליוור,GB,אקס ספריי גוף,מיליליטרים,150.00,"100 מ""ל",false,1,13.90,9.27,true,1,
8712400802536,false,תרכובת מזון המשך לפעוטות על בסיס חלב שלב 3,דיפלומט מפיצים (1968) בעמ**,NL,נוטרילון שלב3-,גרמים,800.00,100 גרם,false,0,77.90,9.74,true,1,
8713276001177,false,פופקורן טבסקו 90 גרם,גימי פרודוכטס בי וי,NL,פופקורן טבסקו,גרמים,90.00,100 גרם,false,1,6.50,7.22,true,1,
8713276001207,false,פופקורן פפריקה 90 גרם,גימי פרודוכטס בי וי,NL,פופקורן פפריקה,גרמים,90.00,100 גרם,false,1,6.50,7.22,true,1,
8714599513835,false,גי'קובס קרונונג נייט אנד דיי - נטול קופיאין,דיפלומט מפיצים (1968) בעמ**,RU,קפה ג'קובס נטול,גרמים,200.00,100 גרם,false,1,42.90,21.45,true,1,
8714599513866,false,"קפה נמס מיובש בהקפאה קרונג צנצנת ג'ייקובס 200 גרם לל""ס",דיפלומט מפיצים (1968) בעמ**,RU,קפה נמס ג'קובס,גרמים,200.00,100 גרם,false,1,25.90,12.95,true,1,
8715700419732,false,מתבל עגבניות היינץ (700 גרם),דיפלומט מפיצים (1968) בעמ**,NL,מתבל עגבניות,גרמים,700.00,100 גרם,false,0,10.00,1.43,true,1,
8801055706440,false,מנות אישיות קפה נמס טייסטרס צ'ויס Taster's Choice,קבוצת אוסם סחר-שות.מוגבלת,KR,קפה טסטרס צ'וייס,גרמים,36.00,100 גרם,false,0,11.60,32.22,true,1,
8801055707966,false,קפה טייסטרס צ`ויס בריסטה נסקפה (180 גרם),קבוצת אוסם סחר שותפות מוגבלת,KR,טסטרס צ'וייס,גרמים,180.00,100 גרם,false,1,42.90,23.83,true,1,
8888021200720,false,סוללות אנרג'ייזר AAA מקס 8 יחידות,יצרן: אנרג'ייזר סינג,US,8 סוללות AAA,יחידה,1.00,יחידה,false,0,24.90,24.90,true,1,
8901537024014,false,"אורז בסמטי מובחר 1 ק""ג - דוואט) יורה דיעה",ג. וילי-פוד אינטרנשיונל בע`מ,IN,אורז בסמטי,קילוגרמים,1.00,"ק""ג",false,0,14.90,14.90,true,1,
9002859042799,false,גונץ - מוצרט כדורים בשקית 300 גר,GUNZ WARENHANDELS,AT,בונבוניירת מוצרט,גרמים,300.00,100 גרם,false,0,30.00,10.00,true,1,
9002859054099,false,גונץ- מוצרט משושה 300 גרם,GUNZ WARENHANDELS,AT,בונבוניירת מוצרט,גרמים,300.00,100 גרם,false,0,30.00,10.00,true,1,
9002859087271,false,גונץ-בןנבונירה פרליניםאדום 180 ג',גונץ,AT,פרלינים שוקולד,גרמים,180.00,100 גרם,false,1,14.90,8.28,true,1,
9310072028743,false,טים טם ביסקוויט במילוי שוקולד 200 גרם,"ארנוטס ביסקוויטס בע""",AU,טים טם אורגינל,גרמים,200.00,100 גרם,false,1,21.70,10.85,true,1,
9322969000015,false,פריכיות תירס בטעם אורגינל ריל פודס 150 ג',אף.סי תבליני בגליל ב,AU,פריכיות תירס,גרמים,150.00,100 גרם,false,0,14.00,9.33,true,1,
9720188050109,false,ממרח על בסיס סויה בסגנון גבינה טופוטי 225 גרם,החברה המרכזית טלהפצת משקאות בע,US,ממרח טופו גבינה,גרמים,225.00,100 גרם,false,0,23.60,10.49,true,1,
9720188060108,false,ממרח על בסיס סויה בסגון שמנת טופוטי 340 גרם,החברה המרכזית טלהפצת משקאות בע,US,ממרח טופו שמנת,גרמים,340.00,100 גרם,false,0,23.60,6.94,true,1,
