code,internal_code,name,manufacturer_name,manufacture_country,manufacturer_item_description,unit_qty,quantity,unit_of_measure,weighted,qty_in_package,price,unit_of_measure_price,allow_discount,status,item_id
7,true,עגבניות צבעוניות,חקלאי,IL,עגבניות כתום צהוב,לא מנהל יחידת מידה,0.00,לא מנהל יחידת מידה,false,1,9.90,0.0000,true,1,16158
9,true,עגבניה שרי עין הנמר,חקלאי,IL,שרי עין הנמר,לא מנהל יחידת מידה,0.00,לא מנהל יחידת מידה,false,1,35.00,0.0000,true,1,19960
12,true,מארז עגבניות שרי מינ,חקלאי,IL,עגבנית שרי מיניפלאם,לא מנהל יחידת מידה,0.00,לא מנהל יחידת מידה,false,1,12.80,0.0000,true,1,12319
17,true,עגבניה,חקלאי,IL,עגבניה,קילוגרמים,1.00,"ק""ג",true,,8.90,8.9000,true,1,12951
31,true,גזר ארוז,חקלאי,IL,גזר ארוז,קילוגרמים,1.00,"ק""ג",true,,7.90,7.9000,true,1,12417
40,true,סלק,חקלאי,IL,סלק,קילוגרמים,1.00,"ק""ג",true,,9.90,9.9000,true,1,12448
45,true,כרוב לבן,חקלאי,IL,כרוב לבן,קילוגרמים,1.00,"ק""ג",true,,7.90,7.9000,true,1,12455
50,true,כרוב אדום,חקלאי,IL,כרוב אדום,קילוגרמים,1.00,"ק""ג",true,,7.90,7.9000,true,1,12469
60,true,כרובית,חקלאי,IL,כרובית,Unknown,0.00,Unknown,false,,19.90,0.0000,true,1,12501
90,true,בצל יבש,חקלאי,IL,בצל יבש,קילוגרמים,1.00,"ק""ג",true,,6.80,6.8000,true,1,12536
95,true,בצל ירוק ארוז,חקלאי,IL,בצל ירוק ארוז,Unknown,0.00,Unknown,false,1,6.90,0.0000,true,1,12538
97,true,בצל  אדום,חקלאי,IL,בצל  אדום,קילוגרמים,1.00,"ק""ג",true,,9.90,9.9000,true,1,12539
98,true,תבלין עירית,חקלאי,IL,תבלין עירית,Unknown,0.00,Unknown,false,1,6.90,0.0000,true,1,12540
110,true,בטטה,חקלאי,IL,בטטה,קילוגרמים,1.00,"ק""ג",true,,12.80,12.8000,true,1,12314
113,true,ירק כוסברה ארוזה,חקלאי,IL,ירק כוסברה ארוזה,לא מנהל יחידת מידה,0.00,לא מנהל יחידת מידה,false,1,5.90,0.0000,true,1,12316
114,true,ירק נענע ארוזה,חקלאי,IL,ירק נענע ארוזה,Unknown,0.00,Unknown,false,1,5.90,0.0000,true,1,12317
130,true,דלעת ארוזה,חקלאי,IL,דלעת ארוזה,קילוגרמים,1.00,"ק""ג",true,,19.90,19.9000,true,1,12321
135,true,דלורית,חקלאי,IL,דלורית,קילוגרמים,1.00,"ק""ג",true,,12.80,12.8000,true,1,12322
140,true,חצילים,חקלאי,IL,חצילים,קילוגרמים,1.00,"ק""ג",true,,7.90,7.9000,true,1,12323
158,true,פלפל חריף ירוק,חקלאי,IL,פלפל חריף ירוק,קילוגרמים,1.00,"ק""ג",true,,16.80,16.8000,true,1,12330
160,true,פלפל אדום,חקלאי,IL,פלפל אדום,קילוגרמים,1.00,"ק""ג",true,,16.90,16.9000,true,1,12332
163,true,פלפל צהוב,חקלאי,IL,פלפל צהוב,קילוגרמים,1.00,"ק""ג",true,,16.90,16.9000,true,1,12333
167,true,פלפל כתום,חקלאי,IL,פלפל כתום,קילוגרמים,1.00,"ק""ג",true,,16.80,16.8000,true,1,12335
170,true,קולורבי,חקלאי,IL,קולורבי,קילוגרמים,1.00,"ק""ג",true,,9.90,9.9000,true,1,12336
180,true,קשואים,חקלאי,IL,קשואים,קילוגרמים,1.00,"ק""ג",true,,8.80,8.8000,true,1,12338
185,true,קישוא זוקיני,חקלאי,IL,קישוא זוקיני,קילוגרמים,1.00,"ק""ג",true,,9.90,9.9000,true,1,12340
201,true,תירס ארוז,חקלאי,IL,תירס ארוז,קילוגרמים,1.00,"ק""ג",true,,14.90,14.9000,true,1,12347
270,true,"לוף לק""ג",חקלאי,IL,לוף לקג,קילוגרמים,1.00,"ק""ג",true,,17.80,17.8000,true,1,12388
286,true,שום ישראלי,חקלאי,IL,שום ישראלי,Unknown,0.00,Unknown,false,1,9.90,0.0000,true,1,68951
290,true,תפוח אדמה אדום,חקלאי,IL,תפוח אדמה אדום,קילוגרמים,1.00,"ק""ג",true,,8.90,8.9000,true,1,12399
295,true,3תפוח אדמה לבן,חקלאי,IL,תפוח אדמה לבן,קילוגרמים,1.00,"ק""ג",true,,7.90,7.9000,true,1,12403
297,true,ירק פטרוזליה ארוזה,חקלאי,IL,ירק פטרוזליה ארוזה,לא מנהל יחידת מידה,0.00,לא מנהל יחידת מידה,false,1,5.90,0.0000,true,1,12405
298,true,ירק שמיר ארוז,חקלאי,IL,ירק שמיר ארוז,Unknown,0.00,Unknown,false,1,4.90,0.0000,true,1,12406
306,true,ירק סלרי אמריקאי,חקלאי,IL,ירק סלרי אמריקאי,יחידה,1.00,יחידה,false,1,6.90,6.9000,true,1,12413
307,true,תבלין זנגויל,חקלאי,IL,תבלין זנגויל,קילוגרמים,1.00,"ק""ג",true,1,39.90,39.9000,true,1,12414
312,true,מלון,חקלאי,IL,מלון גליה,קילוגרמים,1.00,"ק""ג",true,,9.90,9.9000,true,1,12419
370,true,שומר,חקלאי,IL,שומר,קילוגרמים,1.00,"ק""ג",true,,9.90,9.9000,true,1,12434
374,true,פטריות שמפניון יחידה,חקלאי,IL,פטריות שמפניון יחידה,גרמים,250.00,100 גרם,false,1,9.90,3.9600,true,1,12435
482,true,אשכולית לבנה,חקלאי,IL,אשכולית לבנה,קילוגרמים,1.00,"ק""ג",true,,9.90,9.9000,true,1,12464
486,true,לימון,חקלאי,IL,לימון,קילוגרמים,1.00,"ק""ג",true,,14.80,14.8000,true,1,12468
500,true,תפוז מובחר,חקלאי,IL,תפוז מובחר,קילוגרמים,1.00,"ק""ג",true,,9.80,9.8000,true,1,12470
504,true,תפוז למיץ ארוז,חקלאי,IL,תפוז למיץ ארוז,קילוגרמים,1.00,"ק""ג",true,,9.80,9.8000,true,1,12471
510,true,קלמנטינה,חקלאי,IL,קלמנטינה,קילוגרמים,1.00,"ק""ג",true,,12.80,12.8000,true,1,15544
555,true,בננות,חקלאי,IL,בננות,קילוגרמים,1.00,"ק""ג",true,,19.90,19.9000,true,1,12482
560,true,אבוקדו,חקלאי,IL,אבוקדו,קילוגרמים,1.00,"ק""ג",true,,19.90,19.9000,true,1,12484
570,true,תאנים,חקלאי,IL,תאנים,קילוגרמים,1.00,"ק""ג",true,,39.90,39.9000,true,1,13112
579,true,נקטרינה,חקלאי,IL,נקטרינה                             6.5,קילוגרמים,1.00,"ק""ג",true,,24.90,24.9000,true,1,50910
586,true,אפרסק,חקלאי,IL,אפרסק                                 6,קילוגרמים,1.00,"ק""ג",true,,24.90,24.9000,true,1,12499
604,true,אגס,חקלאי,IL,אגס                                   6,קילוגרמים,1.00,"ק""ג",true,,22.90,22.9000,true,1,12502
623,true,אפרסמון,חקלאי,IL,אפרסמון                             6.5,קילוגרמים,1.00,"ק""ג",true,,24.80,24.8000,true,1,17892
636,true,קיווי,חקלאי,IL,קיווי,קילוגרמים,1.00,"ק""ג",true,,44.90,44.9000,true,1,12515
656,true,תפוח עץ סמיט,חקלאי,IL,תע סמיט                            6.5,קילוגרמים,1.00,"ק""ג",true,,14.90,14.9000,true,1,22395
686,true,תפוח עץ מוזהב,חקלאי,IL,תע מוזהב                             7,קילוגרמים,1.00,"ק""ג",true,,10.90,10.9000,true,1,13041
700,true,תפוח עץ סטארקינג,חקלאי,IL,תפוח עץ סטארקינג,קילוגרמים,1.00,"ק""ג",true,,14.90,14.9000,true,1,13042
742,true,ענב לבן,חקלאי,IL,ענב לבן,קילוגרמים,1.00,"ק""ג",true,,39.90,39.9000,true,1,52889
1990,true,קובו טרופי,חקלאי,IL,קובו טרופי,קילוגרמים,1.00,"ק""ג",true,,29.90,29.9000,true,1,41327
3993,true,בגט מקמח מלא,"גידרון תעשיות בע""מ",,בגט מקמח מלא,גרמים,330.00,100 גרם,false,1,4.90,1.4848,true,1,15059
4432,true,חמוצים,יושלם,,חמוצים,קילוגרמים,1.00,"ק""ג",true,,45.00,45.0000,true,1,60313
5485,true,מאפה במשקל גדרון,גדרון,IL,מאפה במשקל גדרון,קילוגרמים,1.00,"ק""ג",true,,39.90,39.9000,true,1,113271
7220,true,מאפה שקיל ארוז,"גידרון תעשיות בע""מ",,מאפה שקיל ארוז,קילוגרמים,1.00,"ק""ג",true,,39.90,39.9000,true,1,146824
8066,true,תפוח קריספ פינק,מרינה,IL,תפוח קריספ פינק,קילוגרמים,1.00,"ק""ג",true,,22.90,22.9000,true,1,49032
8216,true,בלון בודד קטן -גומי,גמר,,בלון בודד קטן -גומי מטאלי +הליום,יחידה,1.00,יחידה,false,1,5.90,5.9000,true,1,117754
8714,true,זיתים ירוקים במשקל,יושלם,יושלם,זיתים ירוקים =מעדניה,קילוגרמים,1.00,"ק""ג",true,1,49.00,49.0000,true,1,10576
9174,true,פלפל שושקה,חקלאי,IL,פלפל שושקה,קילוגרמים,1.00,"ק""ג",true,,25.00,25.0000,true,1,116688
9195,true,שעועית ירוקה,חקלאי,IL,שעועית ירוקה,קילוגרמים,1.00,"ק""ג",true,,24.90,24.9000,true,1,83031
9525,true,פומלה,חקלאי,IL,פומלה,קילוגרמים,1.00,"ק""ג",true,,12.90,12.9000,true,1,83095
37554,true,כרעים עוף נקי וחצוי,קצביית פרימיום,IL,כרעים עוף נקי וחצוי,קילוגרמים,1.00,"ק""ג",true,,39.90,39.9000,false,1,147914
37578,true,פרגית לתנור,קצביית פרימיום,IL,פרגית לתנור,קילוגרמים,1.00,"ק""ג",true,,49.90,49.9000,true,1,147916
37608,true,עוף טחון,קצביית פרימיום,IL,עוף טחון,קילוגרמים,1.00,"ק""ג",true,,39.90,39.9000,true,1,147919
37615,true,שיפודי פרגית וטלה,קצביית פרימיום,IL,שיפודי פרגית וטלה,קילוגרמים,1.00,"ק""ג",true,,99.90,99.9000,true,1,147920
37622,true,פרגיות קצר,קצביית פרימיום,IL,פרגיות קצר,קילוגרמים,1.00,"ק""ג",true,,69.90,69.9000,true,1,147921
37677,true,סטיק דנוור,קצביית פרימיום,IL,סטיק דנוור,קילוגרמים,1.00,"ק""ג",true,,149.90,149.9000,true,1,147927
37707,true,מח עצם,קצביית פרימיום,IL,מח עצם,קילוגרמים,1.00,"ק""ג",true,,39.90,39.9000,true,1,147930
38872,true,פקניה,קצביית פרימיום,IL,פקניה,קילוגרמים,1.00,"ק""ג",true,,149.90,149.9000,true,1,148309
40264,true,עגבניית אשכולות,חקלאי,IL,עגבניית אשכולות,קילוגרמים,1.00,"ק""ג",true,,14.90,14.9000,true,1,154963
40363,true,מלפפון,חקלאי,IL,מלפפון,קילוגרמים,1.00,"ק""ג",true,,9.90,9.9000,true,1,154966
40387,true,סלק,חקלאי,IL,סלק,קילוגרמים,1.00,"ק""ג",true,,4.90,4.9000,true,1,154968
40394,true,ענב ירוק איכות מעולה,חקלאי,IL,ענב ירוק איכות מעולה,קילוגרמים,1.00,"ק""ג",true,,39.90,39.9000,true,1,154969
40417,true,כרוב לבן,חקלאי,IL,כרוב לבן,קילוגרמים,1.00,"ק""ג",true,,7.90,7.9000,true,1,154970
40424,true,כרובית ארוזה,חקלאי,IL,כרובית ארוזה,גרמים,550.00,100 גרם,false,1,14.90,2.7091,true,1,154971
40486,true,בצל יבש,חקלאי,IL,בצל לבן,קילוגרמים,1.00,"ק""ג",true,,6.80,6.8000,true,1,154975
40493,true,שרי צבעוני 3 צבעים,חקלאי,IL,שרי צבעוני 3 צבעים,קילוגרמים,1.00,"ק""ג",true,1,29.90,29.9000,true,1,154976
40509,true,שרי תמר בקבוקים,חקלאי,IL,שרי תמר בקבוקים,קילוגרמים,1.00,"ק""ג",true,,29.90,29.9000,true,1,154977
40516,true,בצל ירוק,חקלאי,IL,בצל ירוק,גרמים,200.00,100 גרם,false,1,6.90,3.4500,true,1,154978
40523,true,בצל סגול,חקלאי,IL,בצל סגול,קילוגרמים,1.00,"ק""ג",true,,9.90,9.9000,true,1,154979
40530,true,עירית,חקלאי,IL,עירית,יחידה,1.00,יחידה,false,1,5.90,5.9000,true,1,154980
41896,true,"קוקיס מריר מחיר לק""ג","גידרון תעשיות בע""מ",,קוקיס מריר מחיר לקג-גדרון,קילוגרמים,1.00,"ק""ג",true,,49.90,49.9000,true,1,13138
41926,true,קוקיס שוקו,"גידרון תעשיות בע""מ",,קוקיס שוקו,קילוגרמים,1.00,"ק""ג",true,,49.90,49.9000,true,1,14524
42053,true,תאנים,חקלאי,IL,תאנים,קילוגרמים,1.00,"ק""ג",true,,34.90,34.9000,true,1,155296
42220,true,גינגר,חקלאי,IL,גינגר,קילוגרמים,1.00,"ק""ג",true,,39.90,39.9000,true,1,155471
43746,true,ירק סלרי אמריקאי,חקלאי,IL,ירק סלרי אמריקאי,יחידה,1.00,יחידה,false,1,9.90,9.9000,true,1,156969
90030,true,"באגט נפוליאון 1 ק""ג","גידרון תעשיות בע""מ",,"באגט נפוליאון 1 ק""ג גידרון",קילוגרמים,1.00,"ק""ג",true,,42.90,42.9000,true,1,12226
90832,true,בייגל רגיל 85גר,"גידרון תעשיות בע""מ",,בייגל רגיל 85גר,גרמים,150.00,100 גרם,false,1,3.90,2.6000,true,1,13173
91211,true,לחמנית חלה מתוקה,גדרון,IL,לחמנית חלה מתוקה,לא מנהל יחידת מידה,0.00,לא מנהל יחידת מידה,false,1,5.90,0.0000,true,1,74058
91808,true,בייגל שמיניה פרצל,"גידרון תעשיות בע""מ",,בייגל שמיניה פרצל,גרמים,150.00,100 גרם,false,1,3.90,2.6000,true,1,15062
92218,true,מאפה ביס תפוע,"גידרון תעשיות בע""מ",,מאפה ביס תפוע       מחיר לקג-גידרון,קילוגרמים,1.00,"ק""ג",true,,39.90,39.9000,true,1,12229
92614,true,בורקס טורקי פיטריות,"גידרון תעשיות בע""מ",,בורקס טורקי פיטריות מחיר לקג-גדרון,קילוגרמים,1.00,"ק""ג",true,,39.90,39.9000,true,1,12231
93031,true,לחם גבטה -ג.דגון,"גידרון תעשיות בע""מ",,לחם גבטה -ג.דגון,גרמים,300.00,100 גרם,false,1,6.90,2.3000,true,1,12232
94083,true,לחמנית גידרון 150גר-,"גידרון תעשיות בע""מ",,לחמנית גידרון 150גר-ג.דגון,גרמים,150.00,100 גרם,false,1,3.90,2.6000,true,1,13170
94168,true,בייגל כפרי -ג.דגון,"גידרון תעשיות בע""מ",,בייגל כפרי -ג.דגון,גרמים,150.00,100 גרם,false,1,3.90,2.6000,true,1,13176
94199,true,חצי גאבטה-ג.דגון,"גידרון תעשיות בע""מ",,חצי גאבטה-ג.דגון,גרמים,150.00,100 גרם,false,1,3.90,2.6000,true,1,13166
94274,true,חצי בגט גדרון א.ק,גדרון,IL,חצי בגט גדרון א.ק,לא מנהל יחידת מידה,0.00,לא מנהל יחידת מידה,false,1,3.90,0.0000,true,1,14404
94663,true,לחמניה כפרית,"גידרון תעשיות בע""מ",,לחמניה כפרית,גרמים,150.00,100 גרם,false,1,2.90,1.9333,true,1,13171
96018,true,שנייק קינמון מחיר לק,"גידרון תעשיות בע""מ",,שנייק קינמון מחיר לקג-גדרון,קילוגרמים,1.00,"ק""ג",true,,39.90,39.9000,true,1,12234
96032,true,חצי בגט,"גידרון תעשיות בע""מ",,חצי בגט,גרמים,165.00,100 גרם,false,1,2.50,1.5152,true,1,14574
97237,true,באגט 45 סמ -גדרון,"גידרון תעשיות בע""מ",,באגט 45 סמ -גדרון,גרמים,330.00,100 גרם,false,1,4.90,1.4848,true,1,12237
97282,true,קוראסון שוקולד ענק 1,"גידרון תעשיות בע""מ",,קוראסון שוקולד ענק 1 יח-גדרון,יחידה,1.00,יחידה,false,1,7.90,7.9000,true,1,13144
97633,true,לחמנית קשר עם פרג 85,"גידרון תעשיות בע""מ",,לחמנית קשר עם פרג 85גר,גרמים,85.00,100 גרם,false,1,2.50,2.9412,true,1,13167
97657,true,לחמנית חלה 125גר קפו,"גידרון תעשיות בע""מ",,לחמנית חלה 125גר קפוא-ג.דגון,גרמים,150.00,100 גרם,false,1,3.90,2.6000,true,1,12238
98296,true,לחמנית אצבע,"גידרון תעשיות בע""מ",,לחמנית אצבע,גרמים,70.00,100 גרם,false,1,1.50,2.1429,true,1,14326
99248,true,בורקס גבינה,"גידרון תעשיות בע""מ",,בורקס גבינה            מחיר לקג גידרון,קילוגרמים,1.00,"ק""ג",true,,39.90,39.9000,true,1,12240
99255,true,בורקס תפוא,"גידרון תעשיות בע""מ",,בורקס תפוא              מחיר לקג -גידרון,קילוגרמים,1.00,"ק""ג",true,,39.90,39.9000,true,1,12241
99385,true,גביניות,"גידרון תעשיות בע""מ",,גביניות               מחיר לקג-גידרון,קילוגרמים,1.00,"ק""ג",true,,39.90,39.9000,true,1,12243
99415,true,רוגלך,"גידרון תעשיות בע""מ",,רוגלך                    מחיר לקג-גידרון,קילוגרמים,1.00,"ק""ג",true,,39.90,39.9000,true,1,12245
99439,true,"קוראסון קטן מחיר לק""","גידרון תעשיות בע""מ",,קוראסון קטן מחיר לקג-גידרון,קילוגרמים,1.00,"ק""ג",true,,39.90,39.9000,true,1,12246
99477,true,ק.ביס שוקולד,"גידרון תעשיות בע""מ",,ק.ביס שוקולד             מחיר לקג-גידרון,קילוגרמים,1.00,"ק""ג",true,,39.90,39.9000,true,1,12247
99514,true,מאפה צימוקים,"גידרון תעשיות בע""מ",,מאפה צימוקים,קילוגרמים,1.00,"ק""ג",true,,39.90,39.9000,true,1,12248
99927,true,בורקס בולגרי,"גידרון תעשיות בע""מ",,בורקס בולגרי            מחיר לקג-גידרון,קילוגרמים,1.00,"ק""ג",true,,39.90,39.9000,true,1,12249
209524,true,סירופ דיאט פטל יכין,"זנלכל בע""מ",IL,יכין סירופ דיאט בטעם פטל 1 ליטר,ליטרים,1.00,ליטר,false,1,15.90,15.9000,true,1,105019
209531,true,סירופ דיאט אשכוליות,"זנלכל בע""מ",IL,סירופ דיאט אשכוליות 1 ליטר,ליטרים,1.00,ליטר,false,1,15.90,15.9000,true,1,105116
453781,true,שמרים יבשים 125 גרם,ללמנ איבריה,PT,שמרית שמרים יבשים 125 גרם,גרמים,125.00,100 גרם,false,1,6.90,5.5200,true,1,122581
522180,true,שוקו חלב הרים 250 מל,,,שוקו חלב הרים 250 מל,Unknown,0.00,Unknown,false,1,4.90,0.0000,true,1,136725
522272,true,שמנת עמידה 10% לקפה,,,שמנת עמידה 10% לקפה,Unknown,0.00,Unknown,false,1,10.00,0.0000,true,1,103051
900698,true,לחם מחמצת כוסמין,מאפה הבלקן,IL,לחם מחמצת כוסמין,יחידה,1.00,יחידה,false,1,19.90,19.9000,true,1,125988
900797,true,לחם אגוזים צימוקים,מאפה הבלקן,IL,לחם אגוזים צימוקים,יחידה,1.00,יחידה,false,1,19.90,19.9000,true,1,125940
920764,true,מקלות סלרי,חקלאי,IL,מקלות סלרי,Unknown,0.00,Unknown,false,1,4.90,0.0000,true,1,139927
932033,true,אמנון ענק,,,אמנון ענק,קילוגרמים,1.00,"ק""ג",true,,34.00,34.0000,true,1,135859
932064,true,בס,,,בס,קילוגרמים,1.00,"ק""ג",true,,59.90,59.9000,true,1,135862
932071,true,דניס גדול,,,דניס גדול,קילוגרמים,1.00,"ק""ג",true,,65.00,65.0000,true,1,135863
932200,true,לברק,,,לברק,קילוגרמים,1.00,"ק""ג",true,,79.90,79.9000,true,1,135872
932279,true,בורי ענק,,,בורי ענק,קילוגרמים,1.00,"ק""ג",true,1,52.90,52.9000,true,1,135874
932378,true,סלמון טרי,,,סלמון טרי,קילוגרמים,1.00,"ק""ג",true,,134.90,134.9000,true,1,135877
1160720,true,אבטיח גולי,,,אבטיח גולי,קילוגרמים,1.00,"ק""ג",true,,8.90,8.9000,true,1,156495
1567937,true,איטלקי מפולפל 200 ג,,,איטלקי מפולפל 200 ג,לא מנהל יחידת מידה,0.00,לא מנהל יחידת מידה,false,1,15.90,0.0000,true,1,119210
1713648,true,מרכך כביסה פיור ביי,טרסאן,TR,מרכך כביסה פיור בייבי ורוד 1 ליטר,ליטרים,1.00,ליטר,false,1,11.90,11.9000,true,1,155440
2128311,true,נר נשמה מנורה בכוס ש,מנורה,IL,נר נשמה מנורה בכוס שבועי,יחידה,1.00,יחידה,false,1,13.90,13.9000,true,1,116078
2128410,true,נרות שבת אורה מספר 6,מנורה,IL,נרות שבת אורה מספר 6,יחידה,1.00,יחידה,false,1,3.90,3.9000,true,1,156690
2128946,true,נר נשמה מנורה  בכוס,מנורה,IL,נר נשמה מנורה  בכוס 84 שעות,יחידה,1.00,יחידה,false,1,5.90,5.9000,true,1,156691
2603504,true,פיצת השף שגב עגבניות,,,פיצת השף שגב עגבניות,Unknown,0.00,Unknown,false,1,14.90,0.0000,true,1,139017
2814412,true,סנט מוריץ נוזל כלים,ארבה כימיקלים,TR,סנט מוריץ נוזל כלים לימון ליים 1.6 ליטר,ליטרים,1.60,ליטר,false,1,11.90,7.4375,true,1,155438
2814436,true,סנט מוריץ נוזל כלים,ארבה כימיקלים,TR,סנט מוריץ נוזל כלים לימון 1.6 ליטר 18%,ליטרים,1.60,ליטר,false,1,11.90,7.4375,true,1,155437
2814597,true,טורנדו נוזל לפתיחת ס,קומפלקס כימיקלים,IL,טורנדו נוזל לפתיחת סתימות 1 ליטר,ליטרים,1.00,ליטר,false,1,18.90,18.9000,true,1,120630
2814603,true,מסיר שומנים מבושם 75,קומפלקס כימיקלים,IL,מסיר שומנים מבושם 750 מל,מיליליטרים,750.00,"100 מ""ל",false,1,13.90,1.8533,true,1,155443
2881469,true,עג מיובשות בשמן עם ז,,,עג מיובשות בשמן עם ז,Unknown,0.00,Unknown,false,1,12.90,0.0000,true,1,130848
3072804,true,פסטרמה של פעם  200גר,הנסיך- מפעל לייצור ט,IL,"טירת צבי, פסטרמה של פעם, 200 גרם, ללא גלוטן",Unknown,0.00,Unknown,false,1,26.90,0.0000,true,1,141343
3143337,true,סילאן לחיץ טבעי 350,"טעמי הגליל בע""מ",IL,קליית גת סילאן טבעי לחיץ 350 גרם,גרמים,350.00,100 גרם,false,1,16.90,4.8286,true,1,122937
3996506,true,כרוב לבן חסלט,,,כרוב לבן חסלט,,0.00,,false,,19.90,0.0000,true,1,156670
3996513,true,כרוב סגול חסלט,,,כרוב סגול חסלט,,0.00,,false,,19.90,0.0000,true,1,156671
3996551,true,.כרוב לבן,,,.כרוב לבן,,0.00,,false,,19.90,0.0000,true,1,156669
4170141,true,בורקס גבינה גדול איש,"גידרון תעשיות בע""מ",,בורקס גבינה גדול אישי גידרון,קילוגרמים,1.70,"ק""ג",false,1,7.90,4.6471,true,1,143863
4199074,true,פלסטרים 50 יח,הדקלאים אגודת שיתופי,CN,סאני פלסטר 50 פלסטרים בגדלים שונים סטריליים,Unknown,0.00,Unknown,false,1,5.90,0.0000,true,1,136691
4343354,true,מספריים גרמניה לעור,,,מספריים אל חלד לעור,יחידה,1.00,יחידה,false,1,39.90,39.9000,true,1,151066
5505027,true,חטיף רביולי,,,חטיף רביולי,קילוגרמים,1.00,"ק""ג",true,,80.00,80.0000,true,1,141622
5505058,true,בוטן אמריקאי,,,בוטן אמריקאי,קילוגרמים,1.00,"ק""ג",true,,29.00,29.0000,true,1,141623
5588976,true,גביע טחינה מי ומי,קלאס פוד,IL,גביע טחינה מי ומי,גרמים,500.00,100 גרם,false,1,21.90,4.3800,true,1,121306
5588983,true,גביע חומוס מי ומי,קלאס פוד,IL,גביע חומוס מי ומי,גרמים,500.00,100 גרם,false,1,21.90,4.3800,true,1,121305
6256775,true,יין גאטו נגרו מלבק 7,פינקל פודס,AR,יין גאטו נגרו מלבק 750 מל,מיליליטרים,750.00,"100 מ""ל",false,1,36.90,4.9200,true,1,32005
6784322,true,תרסיס לניקוי נירוסטה,קומפלקס כימיקלים,IL,תרסיס לניקוי נירוסטה 400 מל,מיליליטרים,400.00,"100 מ""ל",false,1,18.90,4.7250,true,1,155444
8403191,true,"גבינת קשקבל בשלה לק""",,,"גבינת קשקבל בשלה לק""ג",קילוגרמים,1.00,"ק""ג",true,,119.00,119.0000,true,1,102682
8403238,true,ברי איסיני לקגג,,,ברי איסיני לקגג,קילוגרמים,1.00,"ק""ג",true,1,149.00,149.0000,true,1,120459
8403443,true,גבינת קברה עיזים,סאן ויסנטה,ES,גבינת קברה עיזים,קילוגרמים,1.00,"ק""ג",true,,169.00,169.0000,true,1,121022
8425193,true,זיתים נאבלי,,,זיתים נאבלי,גרמים,400.00,100 גרם,false,1,21.90,5.4750,true,1,131102
10163069,false,צנובר  100 גר,"דין שיווק וקליה בע""מ",,צנובר  100 גר,גרמים,150.00,100 גרם,false,1,24.90,16.6000,false,1,152163
30107014,false,נייר גלגול גדול +פיל,,,נייר גלגול גדול +פילטר בודד,יחידה,1.00,יחידה,false,1,10.00,10.0000,false,1,100623
30112902,false,נייר גלגול קטן+פילטר,,,נייר גלגול קטן+פילטר בודד,יחידה,1.00,יחידה,false,1,8.90,8.9000,false,1,103962
30112919,false,נ.ג. בינוני+פילטר בו,,,נ.ג. בינוני+פילטר בודד,Unknown,0.00,Unknown,false,1,8.90,0.0000,false,1,100627
32147230,false,מיץ לימון משומר לימו,ג'נרל מילס סאן אדריא,,סיצילה מיץ לימון משומר לימונית 200 מל,מיליליטרים,200.00,"100 מ""ל",false,1,8.50,4.2500,true,1,48947
40084077,false,קינדר מקסי,קדבורי,DE,קינדר מקסי,יחידה,1.00,יחידה,false,1,3.50,3.5000,true,1,111020
40084107,false,ביצת הפתעה קינדר בוד,פררו,IT,ביצת הפתעה - עשיר בחלב,גרמים,20.00,100 גרם,false,1,6.00,30.0000,true,1,13333
40111216,false,חטיף שוקולד באונטי 5,"נארז ע""י : א.ג. גילר",NL,חטיף שוקולד באונטי 57 גרם,גרמים,57.00,100 גרם,false,1,4.90,8.5965,true,1,4113
40144016,false,סוכריות חמאה וורטר 5,קריניציה ויטמינה אס,DE,וורטר 24 גליל'(ב-(3,גרמים,50.00,100 גרם,false,1,4.90,9.8000,true,1,12184
41001356,false,"בירה בקס פחית 500 מ""",יבואן ומשווק: ש. שסט,DE,בירה בק'ס בפחית 500 מל,מיליליטרים,500.00,"100 מ""ל",false,1,11.90,2.3800,true,1,56153
42061939,false,בירה בקס בקבוק 500 מ,"איי, בי, אינבוו",DE,בירה בקס 500 מל,מיליליטרים,500.00,"100 מ""ל",false,1,8.90,1.7800,true,1,121570
42138105,false,סיגריות וינסטון סלימ,גיי טי אינטרנשיונל,,סיגריות וינסטון סלימס כחול חפיסה בודד,לא מנהל יחידת מידה,0.00,לא מנהל יחידת מידה,false,1,34.30,0.0000,false,1,59101
42138129,false,סיגריות וינסטון סלימ,JTI,,סיגריות וינסטון סלימס מנטול חפיסה בודד,לא מנהל יחידת מידה,0.00,לא מנהל יחידת מידה,false,1,34.30,0.0000,false,1,59102
59039549,false,סיגריות ווג פריזון מ,BAT,,סיגריות ווג פריזון מנטול חפיסה בודד,Unknown,0.00,Unknown,false,1,40.00,0.0000,false,1,73931
59068907,false,סיגריות פאל מאל כחול,גלוברנס,,סיגריות פאל מאל כחול דמי סלימס בודד,לא מנהל יחידת מידה,0.00,לא מנהל יחידת מידה,false,1,27.30,0.0000,false,1,120845
59068914,false,סיגריות פאל מאל סילב,,,סיגריות פאל מאל סילבר דמני סלימס בודד,לא מנהל יחידת מידה,0.00,לא מנהל יחידת מידה,false,1,27.30,0.0000,false,1,120847
59455233,false,סיגריות ווג ליידי כח,BAT,,סיגריות ווג ליידי כחול חפיסה בודד,לא מנהל יחידת מידה,0.00,לא מנהל יחידת מידה,false,1,40.00,0.0000,false,1,79066
59455240,false,סיגריות ווג ליידי לי,BAT,,סיגריות ווג ליידי לילך חפיסה בודד,Unknown,0.00,Unknown,false,1,40.00,0.0000,false,1,79067
72940754,false,מילקי וניל 133 גרם,"שטראוס גרופ בע""מ",IL,מילקי בטעם וניל,גרמים,133.00,100 גרם,false,1,3.00,2.2556,true,1,8026
72940761,false,מילקי שוקולד 133 גרם,מיוצר עי קונדיטוריית,IL,מילקי בטעם שוקולד,גרמים,133.00,100 גרם,false,1,3.00,2.2556,true,1,8027
72940976,false,סלט כרוב אדום 250 גר,מיוצר עי קונדיטוריית,IL,סלט כרוב אדום במיונז 250 גרם,גרמים,250.00,100 גרם,false,1,9.30,3.7200,true,1,13484
72941041,false,מילקי מיני שוקולד,"שטראוס גרופ בע""מ",IL,מילקי מיני שוקולד,מיליליטרים,90.00,"100 מ""ל",false,1,2.20,2.4444,true,1,8032
72945308,false,שמרים טריים לאפייה ש,קדבורי,IL,שמרית שמרים טריים לאפייה 50 גרם,גרמים,50.00,100 גרם,false,1,4.50,9.0000,true,1,8124
72961506,false,פרילי תות בגביע 125,מיוצר עי קונדיטוריית,IL,פרילי תות בגביע 125 גרם,מיליליטרים,125.00,"100 מ""ל",false,1,3.50,2.8000,true,1,8327
72961520,false,פרילי אננס בגביע 125,מיוצר עי קונדיטוריית,IL,פרילי אננס בגביע 125 גרם,מיליליטרים,125.00,"100 מ""ל",false,1,3.50,2.8000,true,1,8328
72961544,false,באדי תות 125 גרם,מחלבת אלון תבור,IL,באדי תות 125 גרם,גרמים,125.00,100 גרם,false,1,3.40,2.7200,true,1,8334
72964132,false,טבעגורט יוגורט עם גר,מיוצר עי קונדיטוריית,IL,טבעגורט יוגורט עם גרנולה 200 גרם,גרמים,200.00,100 גרם,false,1,4.90,2.4500,true,1,8372
72983997,false,סיגריות גולף גולד 10,דובק,,סיגריות גולף גולד 100בוקס חפיסה בודד,לא מנהל יחידת מידה,0.00,לא מנהל יחידת מידה,false,1,32.00,0.0000,false,1,36659
72984000,false,סיגריות גולף סילבר ח,דובק,,סיגריות גולף סילבר חפיסה בודד,Unknown,0.00,Unknown,false,1,32.00,0.0000,false,1,36660
72986233,false,באדי וניל בדצ,מחלבת אלון תבור,IL,באדי מעדן וניל גביע 125גרם 2% בדצ,מיליליטרים,125.00,"100 מ""ל",false,1,3.20,2.5600,true,1,19426
72986240,false,באדי שוקו בדצ,מחלבת אלון תבור,IL,"באדי שוקו 125 מל מהדרין בד""צ",מיליליטרים,125.00,"100 מ""ל",false,1,3.20,2.5600,true,1,13044
72986370,false,"גלידה וניל 500 מ""ל",המאפיה של הרמן,IL,פיינט וניל FT,מיליליטרים,500.00,"100 מ""ל",false,1,23.90,4.7800,true,1,9156
72986424,false,גלידה קרם עוגיות 500,המאפיה של הרמן,IL,"פיינט קרם עוגיות בד""ץ",מיליליטרים,500.00,"100 מ""ל",false,1,23.90,4.7800,true,1,9157
72986448,false,גלידה טופי קראנץ 500,המאפיה של הרמן,IL,גלידת  וניל עם חתיכות טופי  מצופות שוקולד,מיליליטרים,500.00,"100 מ""ל",false,1,23.90,4.7800,true,1,9158
72986455,false,גלידה ניו יורק סופר,המאפיה של הרמן,IL,פיינט ניו-יורק סופר FT,מיליליטרים,500.00,"100 מ""ל",false,1,23.90,4.7800,true,1,9159
72986479,false,גלידה צינקי מונקי 50,המאפיה של הרמן,IL,פיינט צאנקי מנקי FT,מיליליטרים,500.00,"100 מ""ל",false,1,23.90,4.7800,true,1,9160
72989425,false,גלידה שוקולד בראוניס,המאפיה של הרמן,IL,"גלידה שוקולד בראוניס 500 מ""ל",מיליליטרים,500.00,"100 מ""ל",false,1,23.90,4.7800,true,1,21394
72991374,false,סיגריות טיים רד חפיס,דובק,,סיגריות טיים רד חפיסה בודד,Unknown,0.00,Unknown,false,1,30.60,0.0000,false,1,9163
72991381,false,סיגריות טיים 100  רד,דובק,,סיגריות טיים 100  רד חפיסה בודד,לא מנהל יחידת מידה,0.00,לא מנהל יחידת מידה,false,1,30.60,0.0000,false,1,9164
72991398,false,סיגריות טיים  בלו לי,דובק,,סיגריות טיים  בלו לייט חפיסה בודד,לא מנהל יחידת מידה,0.00,לא מנהל יחידת מידה,false,1,30.60,0.0000,false,1,9165
72991404,false,סיגריות אירופה חפיסה,דובק,,סיגריות אירופה חפיסה בודד,לא מנהל יחידת מידה,0.00,לא מנהל יחידת מידה,false,1,31.00,0.0000,false,1,9166
72991497,false,סיגריות נובלס פילטר,דובק,,סיגריות נובלס פילטר חפיסה בודד,יחידה,0.00,יחידה,false,1,30.60,0.0000,false,1,9174
72991886,false,גלידה דולצה דה לצה 5,המאפיה של הרמן,IL,פיינט דולצ'ה דה לצ'ה,מיליליטרים,500.00,"100 מ""ל",false,1,23.90,4.7800,true,1,9180
72993637,false,דני שוקולד מהדרין,מחלבת אחיהוד,IL,דני שוקולד,גרמים,125.00,100 גרם,false,1,2.90,2.3200,true,1,47757
72994061,false,חטיף פסק זמן 2GOOD מ,אף.סי תבליני בגליל ב,TR,פסק זמן 2GOOD,גרמים,36.00,100 גרם,false,1,5.90,16.3889,true,1,72076
76136184,false,סיגריות פאל מל סלימס,BAT,,סיגריות פאל מל סלימס כחול חפיסה בודד,לא מנהל יחידת מידה,0.00,לא מנהל יחידת מידה,false,1,31.40,0.0000,false,1,42219
76136191,false,סיגריות פאל מל סלימס,BAT,,סיגריות פאל מל סלימס כתום חפיסה בודד,לא מנהל יחידת מידה,0.00,לא מנהל יחידת מידה,false,1,30.00,0.0000,false,1,41133
80001027,false,חטיף טורטינה חלב,לואקר,IT,וופל בציפוי שוקולד חלב וממלוא בקרם אגוזים,גרמים,21.00,100 גרם,false,1,4.60,21.9048,true,1,13329
80001287,false,חטיף גרדנה אגוז,לואקר,AT,חטיף גרדנה אגוז 38 גרם,גרמים,38.00,100 גרם,false,1,4.50,11.8421,true,1,9501
80001461,false,חטיף גרדנה שוקולד,"א. לואקר קונפקט בע""מ",AT,חטיף גרדנה שוקולד 38 גרם,גרמים,38.00,100 גרם,false,1,4.50,11.8421,true,1,43065
80001485,false,גרדנה קוקוס,א. לואקר,IT,לואקר גרדנה קוקוס,גרמים,38.00,100 גרם,false,1,4.50,11.8421,true,1,43066
80001799,false,חטיף טורטינה לבן 21,לואקר,IT,וופל בציפוי שוקולד חלב וממלוא בקרם אגוזים,גרמים,21.00,100 גרם,false,1,4.50,21.4286,true,1,106784
80042556,false,עגבניות מרוסקות MUTT,"איי, בי, אינבוו",IT,עגבניות מרוסקות POLPA MUTTI,גרמים,400.00,100 גרם,false,1,6.90,1.7250,true,1,122956
80042563,false,מחית רסק עגבניות  פא,"איי, בי, אינבוו",IT,רסק עגבניות 700 גרם (צהוב) MUTTI,גרמים,700.00,100 גרם,false,1,11.90,1.7000,true,1,112963
80043638,true,כורכום טחון אורגני 4,בנומנולי,IT,סנומאלה כורכום טחון אורגני 47 גרם,גרמים,47.00,100 גרם,false,1,14.90,31.7021,true,1,119788
80043645,true,קארי טחון אורגני,בנומנולי,IT,סנומאלה קארי טחון אורגני 52 גרם,גרמים,32.00,100 גרם,false,1,14.90,46.5625,true,1,119789
80043775,true,צלי טחון אורגני,האי נאם סי או אל.טי.,IT,סנומאלה צ'ילי טחון אורגני 50 גרם,גרמים,50.00,100 גרם,false,1,14.90,29.8000,true,1,119790
80043874,true,פלפל שחור במטחנה,בונומלי,IT,פלפל שחור אורגני במטחנה 28 גרם,גרמים,32.00,100 גרם,false,1,14.90,46.5625,true,1,119791
80044062,true,ציפורן אורגני,בנומנולי,IT,סנומאלה ציפורן אורגני 32 גרם,גרמים,32.00,100 גרם,false,1,14.90,46.5625,true,1,119792
80044079,true,קינמון טחון אורגני,בנומנולי,IT,סנומאלה קינמון טחון אורגני 42 גרם,גרמים,42.00,100 גרם,false,1,14.90,35.4762,true,1,119793
80050025,false,סוכריות טיק טק תפוז,פררו,ZA,דחוסות בטעם תפוז,גרמים,16.00,100 גרם,false,1,4.50,28.1250,true,1,9700
80050124,false,סוכריות טיק טק מנטה,פררו,ZA,טיק טק מנטה,גרמים,16.00,100 גרם,false,1,4.50,28.1250,true,1,9701
80050278,false,פררו רושה שלישייה,פררו,IT,פררו רושה שלישייה,גרמים,38.00,100 גרם,false,1,6.50,17.1053,true,1,15380
80052487,false,רפאלו  30 גרי שלישיי,פררו,PL,רפאלו  30 גרי שלישייה,גרמים,30.00,100 גרם,false,1,4.50,15.0000,true,1,73288
80052760,false,חטיף וופל קינדר בואנ,פררו,PL,קינדר בואנו,גרמים,43.00,100 גרם,false,1,5.00,11.6279,true,1,9705
80136194,false,קינדר הפי היפו אגוזי,פררו,DE,"הפי היפו קקאו, וופל במילוי קרם חלבי וקרם אגוזי לוז",לא מנהל יחידת מידה,0.21,לא מנהל יחידת מידה,false,1,14.90,70.9524,true,1,118379
80176732,false,קינדר הפי היפו,פררו,DE,"הפי היפו קקאו, וופל במילוי קרם חלבי וקרם קקאו",גרמים,21.00,100 גרם,false,1,3.50,16.6667,true,1,47113
80176800,false,ממרח שוקולד נוטלה 75,פררו תעשיות איטליה ס,IT,ממרח שוקולד נוטלה 750 גרם,גרמים,750.00,100 גרם,false,1,27.90,3.7200,true,1,9767
80177173,false,ממרח שוקולד נוטלה,פררו,IT,ממרח שוקולד נוטלה אגוזים 350 גרם,גרמים,350.00,100 גרם,false,1,15.90,4.5429,true,1,9768
80177180,false,שוקולד קינדר קאנטרי,פררו,IT,שוקולד קינדר קאנטרי 23.5 גרם,גרמים,24.00,100 גרם,false,1,3.50,14.5833,true,1,74528
80177609,false,שוקולד קינדר אצבעות,פררו,IT,שוקולד חלב עם תכולת חלב גבוהה במילוי קרם חלבי,גרמים,50.00,100 גרם,false,1,5.90,11.8000,true,1,9769
80177616,false,שוקולד חלב ממולא קינ,פררו,IT,שוקולד חלב עם תכולת חלב גבוהה במילוי קרם חלבי,גרמים,100.00,100 גרם,false,1,9.50,9.5000,true,1,9770
80273561,false,פלפל שחור במטחנה 45,DROGHERIA E ALIMENTA,,פלפל שחור במטחנה 45 גרם,גרמים,45.00,100 גרם,false,1,12.90,28.6667,true,1,9808
80273592,false,פלפל 4 העונות במטחנה,DROGHERIA E ALIMENTA,,פלפל 4 העונות במטחנה 35 גרם,גרמים,35.00,100 גרם,false,1,12.90,36.8571,true,1,9810
80273639,false,מלח ים במטחנה 90 גרם,DROGHERIA E ALIMENTA,,מלח ים במטחנה 90 גרם,גרמים,90.00,100 גרם,false,1,12.90,14.3333,true,1,9812
80273660,false,שום במטחנה 50 גרם,DROGHERIA E ALIMENTA,,שום במטחנה 50 גרם,גרמים,50.00,100 גרם,false,1,12.90,25.8000,true,1,9815
80273677,false,"צ""ילי במטחנה 20 גרם",DROGHERIA E ALIMENTA,,"צ""ילי במטחנה 20 גרם",גרמים,20.00,100 גרם,false,1,12.90,64.5000,true,1,9816
80273684,false,תערובת עשבי פרובנס,ארומה דה טוסקנה,,תערובת עשבי פרובנס במטחנה20 גר,גרמים,45.00,100 גרם,false,1,14.90,33.1111,true,1,9817
80310549,false,הפי היפו אגוזים בודד,פררו,DE,"הפי היפו קקאו, וופל במילוי קרם חלבי וקרם אגוזי לוז",לא מנהל יחידת מידה,0.00,לא מנהל יחידת מידה,false,1,3.00,0.0000,true,1,117489
80310891,false,"ביצת קינדר ג""וי",פררו,ZA,"ביצת קינדר ג""וי 20 גרם",גרמים,20.00,100 גרם,false,1,6.00,30.0000,true,1,156601
80473206,true,פפריקה מתוקה קנהמלה,קנהמלה,IT,פפריקה מתוקה אורגנית,גרמים,50.00,100 גרם,false,1,14.90,29.8000,true,1,119804
80473213,true,כמון אורגני קנהמלה 3,קנהמלה,IT,כמון טחון אורגני,גרמים,32.00,100 גרם,false,1,14.90,46.5625,true,1,119805
80473336,true,פלפל שחור טחון אורגנ,בונומלי,IT,פלפל שחור טחון אורגני 50 גרם,גרמים,50.00,100 גרם,false,1,14.90,29.8000,true,1,119806
80541776,false,אורגנו אורגני,האי נאם סי או אל.טי.,IT,אורגנו אורגני,גרמים,14.00,100 גרם,false,1,14.90,106.4286,true,1,141737
80651000,false,"שום וצ""ילי במטחנה 30",DROGHERIA E ALIMENTA,,"שום וצ""ילי במטחנה 30 גרם",גרמים,30.00,100 גרם,false,1,12.90,43.0000,true,1,9865
80651017,false,תערובת עשבי טוסקנה,ארומה דה טוסקנה,,תערובת עשבי טוסקנה במטחנה16 גר,גרמים,16.00,100 גרם,false,1,11.90,74.3750,true,1,9866
80655404,true,שום גבישי אורגני,בנומנולי,IT,סנומאלה שום גבישי אורגני 70 גרם,גרמים,70.00,100 גרם,false,1,14.90,21.2857,true,1,119807
80655428,true,בזיליקום אורגני קנהמ,בנומנולי,IT,סנומאלה בזיליקום אורגני 15 גרם,גרמים,15.00,100 גרם,false,1,14.90,99.3333,true,1,119808
80718758,false,טונה בשמן זית בצנצנת,קליפו קונסרב,IT,גושי טונה בהירה בשמן זית,גרמים,160.00,100 גרם,false,1,21.90,13.6875,true,1,56747
80761761,false,חטיף וופל קינדר בואנ,פררו,PL,חטיף וופל קינדר בואנו שוקולד לבן 39 גרם,גרמים,39.00,100 גרם,false,1,5.00,12.8205,true,1,75816
80773429,false,מסטיק מנטוס פיור פרש,פרפטי ואן מלה ברדה,TR,מסטיק מנטוס פיור פרש בטעם תות מעוגל,גרמים,60.00,100 גרם,false,1,9.90,16.5000,true,1,119195
80773443,false,מסטיק מנטוס מנטה פיר,פרפטי ואן מלה ברדה,TR,מנטוס גומי לעיסה ללא סוכר בטעם מנטה,גרמים,60.00,100 גרם,false,1,9.90,16.5000,true,1,116099
80790990,false,מסטיק מנטוס מנטה עדי,פרפטי ואן מלה ברדה,TR,מסטיק מנטוס מנטה עדינה בקבוק מעוגל 60 גר,גרמים,60.00,100 גרם,false,1,9.90,16.5000,true,1,116101
80820956,false,לואקר חטיף פטיסרי אג,לואקר,IT,לואקר חטיף פטיסרי אגוז 21 גרם,גרמים,21.00,100 גרם,false,1,4.50,21.4286,true,1,151722
80833468,false,לואקר חטיף פטיסרי קו,לואקר,IT,לואקר חטיף פטיסרי קוקוס 21 גרם,גרמים,21.00,100 גרם,false,1,4.50,21.4286,true,1,151723
80843184,false,מסטיק בקבוקון פיור ע,פרפטי ואן מלה,TR,מסטיק בקבוקון פיור ענבים 60 גרם,גרמים,60.00,100 גרם,false,1,9.90,16.5000,true,1,152100
80854753,false,סוכרית מנטוס מנטה לל,קדבורי,NL,סוכרית מנטוס מנטה ללא סוכר,לא מנהל יחידת מידה,0.00,לא מנהל יחידת מידה,false,1,6.90,0.0000,true,1,145761
80864059,false,גרדנה חמאת בוטנים 38,לואקר,IT,גרדנה חמאת בוטנים 38 גרם,גרמים,38.00,100 גרם,false,1,4.50,11.8421,true,1,155140
80864295,false,מסטיק בקבקון מ.עדינה,פרפטי ואן מלה,TR,מסטיק בקבקון מ.עדינה pure white 60 גרם,גרמים,60.00,100 גרם,false,1,9.90,16.5000,true,1,152479
80874652,false,קינדר קארדס 25.6 גרם,פררו,IT,קינדר קארדס 25.6 גרם,גרמים,26.00,100 גרם,false,1,4.90,18.8462,true,1,156299
80896081,false,מסטיק מנטוס פיור פרש,פרפטי ואן מלה ברדה,TR,מנטוס גומי לעיסה ללא סוכר בטעם אבטיח,גרמים,60.00,100 גרם,false,1,9.90,16.5000,true,1,119196
80913467,false,מסטיק מנטוס מנטה בקב,"אינסטנטה בע""מ",TR,mentos - pure fresh,גרמים,60.00,100 גרם,false,1,9.90,16.5000,true,1,116100
80945468,false,מסטיק בקבקון מ.מתוקה,פרפטי ואן מלה,TR,מסטיק בקבקון מ.מתוקה pure white 60 גרם,גרמים,60.00,100 גרם,false,1,9.90,16.5000,true,1,152480
80974482,false,ביצת קינדר גוי כחול,פררו,ZA,קינדר ג'וי כחול,גרמים,20.00,100 גרם,false,1,6.00,30.0000,true,1,98645
80979128,false,מסטיק בקבוקון פיור ד,פרפטי ואן מלה,TR,מסטיק בקבוקון פיור דובדובן 60 גרם,גרמים,60.00,100 גרם,false,1,9.90,16.5000,true,1,152101
80982470,false,מסטיק מנטוס פיור מנט,פרפטי ואן מלה ברדה,TR,מסטיק מנטוס פיור מנטה חזקה 60 ג,גרמים,60.00,100 גרם,false,1,9.90,16.5000,true,1,149474
80986348,false,מסטיק בקבקון מנטה pu,פרפטי ואן מלה,TR,מסטיק בקבקון מנטה pure white 60 גרם,גרמים,60.00,100 גרם,false,1,9.90,16.5000,true,1,152481
85942677,false,נייר קצר כולל פילטר,,,נייר קצר כולל פילטר,Unknown,0.00,Unknown,false,1,6.00,0.0000,false,1,86369
85951730,false,120 פילטרים SLIM PAR,,,120 פילטרים SLIM PARTY,Unknown,0.00,Unknown,false,1,6.50,0.0000,false,1,80234
85966611,false,נייר גלגול גדול כולל,,,נייר גלגול גדול כולל פילטר PIH,יחידה,1.00,יחידה,false,1,7.50,7.5000,false,1,144229
87108538,false,סוכריות מנטוס תות גל,הדקלאים אגודת שיתופי,NL,מנטוס תות 40 גלילים,גרמים,38.00,100 גרם,false,1,3.90,10.2632,true,1,41854
87311396,false,סוכריות מנטוס ריינבא,קדבורי,NL,מנטוס  ריינבאוו סוכריות לעיסה בטעמי פירות 37.5 גרם,גרמים,38.00,100 גרם,false,1,3.90,10.2632,true,1,86819
90087974,false,חומץ תפוחים,ראוך פרוכטסאפה,,חומץ תפוחים 750 מל,מיליליטרים,750.00,"100 מ""ל",false,1,14.90,1.9867,true,1,75598
90162602,false,משקה אנרגיה רד בול,רד בול ג'י.אם.בי. אץ,AT,"משקה אנרגיה רד בול 250 מ""ל",מיליליטרים,250.00,"100 מ""ל",false,1,8.00,3.2000,true,1,42148
90162800,false,משקה אנרגיה רד בול,רד בול ג'י.אם.בי. אץ,AT,רד בול,מיליליטרים,250.00,"100 מ""ל",false,1,8.00,3.2000,true,1,42149
8421361472,false,בובת TY עיניים גדולו,TY,,בובת TY עיניים גדולות הזהבה,Unknown,0.00,Unknown,false,1,29.90,0.0000,true,1,109065
9800800056,false,נוטלה גו בייגלה מלוח,פררו,DE,נוטלה גו בייגלה מלוח,גרמים,52.00,100 גרם,false,1,6.90,13.2692,true,1,112943
11210000094,false,"רוטב טבסקו 60 מ""ל",מקאילהייני אייבורי,,"רוטב טבסקו 60 מ""ל",מיליליטרים,60.00,"100 מ""ל",false,1,11.90,19.8333,true,1,117
11210007253,false,רוטב טבסקו שום ופלפל,מקאילהייני אייבורי,,"רוטב טבסקו שום ופלפל 60 מ""ל",מיליליטרים,60.00,"100 מ""ל",false,1,11.90,19.8333,true,1,118
11210009387,false,רוטב טבסקו פלפל ירוק,מקאילהייני אייבורי,,"רוטב טבסקו פלפל ירוק 60 מ""ל",מיליליטרים,60.00,"100 מ""ל",false,1,11.90,19.8333,true,1,119
12300119139,false,סיגריות וינסטון כחול,JTI,,סיגריות וינסטון כחול בוקס פקט 10 יח,Unknown,0.00,Unknown,false,1,312.00,0.0000,false,1,15394
14100074120,false,עוגיות מילאנו פפרידג,פפרדג פארם,,עוגיות מילאנו פפרידג 198 גרם,גרמים,198.00,100 גרם,false,1,22.90,11.5657,true,1,41475
14100082033,false,עוגיות קאפטיבה רכות,פפרדג פארם,,עוגיות קאפטיבה רכות פפרידג 244 גרם,גרמים,244.00,100 גרם,false,1,22.90,9.3852,true,1,46554
16000185517,false,דגני פייבר 1 555גרם,בטר אנד דיפרנט,US,דגני פייבר 1 555גרם,גרמים,555.00,100 גרם,false,1,29.90,5.3874,true,1,152778
16000423534,false,חטיפי גרנולה קראנצי,ג'נרל מילס סאן אדריא,ES,חטיפי גרנולה קראנצי שיבולת שועל מריר 210,גרמים,210.00,100 גרם,false,1,14.90,7.0952,true,1,76501
16000548602,false,חטיפי גרנולה קראנצי,ג'נרל מילס סאן אדריא,ES,חטיפי גרנולה קראנצי קינמון 210 גרם,גרמים,210.00,100 גרם,false,1,14.90,7.0952,true,1,805
16229924263,true,קרם קוקוס 250 מל,,,קרם קוקוס 250 מל,Unknown,0.00,Unknown,false,1,9.90,0.0000,true,1,127391
18000701223,false,תערובת להכנת עוגת שו,הדקלאים אגודת שיתופי,IL,תערובת להכנת עוגת שוקולד פילסברי 500 גרם,גרמים,500.00,100 גרם,false,1,17.90,3.5800,true,1,920
18000766413,false,תערובת לעוגת בראוניס,הדקלאים אגודת שיתופי,IL,תערובת לעוגת בראוניס פלסברי 550 גרם,גרמים,550.00,100 גרם,false,1,17.90,3.2545,true,1,924
22200956949,false,דאודורנט ספיד סטיק ג,COLGATE ($) -PALMOLI,,"דאודורנט ספיד סטיק ג""ל כחול 85 גרם",מיליליטרים,85.00,"100 מ""ל",false,1,21.90,25.7647,true,1,1613
25700005650,false,זיפלוק שקיות הקפאה ג,אס.סי גונוסון,US,זיפלוק שקיות הקפאה גדולות 14 יח,יחידה,1.00,יחידה,false,1,13.90,13.9000,true,1,147882
25700005698,false,זיפלוק שקיות אחסון ב,אס.סי גונוסון,US,זיפלוק שקיות אחסון בינוניות 24יח,יחידה,1.00,יחידה,false,1,13.90,13.9000,true,1,147881
30000315958,false,קוואקר פרוטאין בננה,קוואקר אוטס קומפני,US,קוואקר פרוטאין בננה אגוזים 366 גרם,גרמים,366.00,100 גרם,false,1,26.90,7.3497,true,1,125851
30000315989,false,קוואקר פרוטאין חמוצי,קוואקר אוטס קומפני,US,קוואקר פרוטאין חמוציות ושקדים 372 גרם,גרמים,372.00,100 גרם,false,1,26.90,7.2312,true,1,125852
31200001597,false,חמוציות מומתקים  גת,,,חמוציות מומתקים ומיובשים170 גר,גרמים,170.00,100 גרם,false,1,13.90,8.1765,true,1,15478
33617322616,false,פת פריכה ואזה מקמח ש,כלורוקס אוקלנד,DE,ווזה פת פריכה קלה מקמח שיפון 270 גרם,גרמים,270.00,100 גרם,false,1,13.90,5.1481,true,1,80560
34000446001,false,חטיפי שוקולד חלב,הרשי,,חטיפי שוקולד חלב במילוי 150 גר,גרמים,150.00,100 גרם,false,1,10.90,7.2667,true,1,96244
34000470228,false,שוקולד חלב מיני ריזס,הרשי,,שוקולד חלב מיני ריזס 70 גרם,גרמים,70.00,100 גרם,false,1,6.90,9.8571,true,1,95784
34000544028,false,טוויזלרס  ממתק בטעם,הרשי,,טוויזלרס  ממתק בטעם תות 198 גרם,גרמים,198.00,100 גרם,false,1,8.90,4.4949,true,1,22270
36000183399,false,חיתולי האגיס שחיה מי,KC Czech,,חיתולי האגיס שחיה מידה S/M,לא מנהל יחידת מידה,0.00,לא מנהל יחידת מידה,false,1,40.90,0.0000,true,1,3432
36000516876,false,קלינקס לושן 75 - 3 ש,קימברלי,GB,קלינקס לושן 75 - 3 שכבות,יחידה,27.00,יחידה,false,1,11.90,0.4407,true,1,143371
37600207188,false,חמאת בוטנים סקיפי קל,פלזנסקי,US,חמאת בוטנים סקיפי קלאסיק 462 גרם,גרמים,462.00,100 גרם,false,1,20.90,4.5238,true,1,100845
37600207256,false,חמאת בוטנים סקיפי בו,פלזנסקי,US,חמאת בוטנים סקיפי עם שברי בוטנים 462 גרם,גרמים,462.00,100 גרם,false,1,24.90,5.3896,true,1,100969
37600207287,false,חמאת בוטנים עם דבש ס,כלורוקס אוקלנד,US,חמאת בוטנים סקיפי עם דבש 462 גרם,גרמים,462.00,100 גרם,false,1,25.60,5.5411,true,1,100970
37600297943,false,439גרם  CHI-CHISמטבל,,US,439גרם  CHI-CHISמטבל סלסה חריף,גרמים,439.00,100 גרם,false,1,16.90,3.8497,true,1,156494
37600297967,false,CHI-CHIS מטבל סלסה ב,,US,CHI-CHIS מטבל סלסה בחריפות עדינה 439 גרם,גרמים,439.00,100 גרם,false,1,16.90,3.8497,true,1,156493
38000138607,false,פרינגלס חומץ מלח 158,מנופקצורי קטמפני,US,פרינגלס חומץ מלח 158 גרם,גרמים,158.00,100 גרם,false,1,9.90,6.2658,true,1,126038
38000138638,false,פרינגלס פיצה 158 גרם,לני אנד לארי,US,פרינגלס פיצה 158 גרם,גרמים,158.00,100 גרם,false,1,9.90,6.2658,true,1,114640
38000138720,false,פרינגלס ראנץ 158 גרם,פרינגלס מניופקצ'ורינ,US,פרינגלס ראנץ 158 גרם,גרמים,158.00,100 גרם,false,1,9.90,6.2658,true,1,122098
38000138874,false,פרינגלס חלפיניו 158,לני אנד לארי,US,פרינגלס  פלפל חריף חלפיניו 158 גרם,גרמים,158.00,100 גרם,false,1,9.90,6.2658,true,1,114639
38000183690,true,פרינגלס ברביקיו מידי,פרינגלס מניופקצ'ורינ,US,פרינגלס ברביקיו מידי חלבי 74 גרם,גרמים,74.00,100 גרם,false,1,5.90,7.9730,true,1,123130
38000183928,false,פרינגלס חרדל ודבש 15,פרינגלס מניופקצ'ורינ,US,פרינגלס חרדל ודבש 158 גרם,גרמים,158.00,100 גרם,false,1,9.90,6.2658,true,1,147057
38000197840,false,פרינגלס גלי חריף מתו,פרינגלס מניופקצ'ורינ,US,פרינגלס גלי חריף מתוק 137 גרם,גרמים,137.00,100 גרם,false,1,9.90,7.2263,true,1,147056
38000202278,false,פרינגלס גלי  אורגינל,פרינגלס מניופקצ'ורינ,US,פרינגלס גלי  אורגינל 130 גרם,גרמים,130.00,100 גרם,false,1,9.90,7.6154,true,1,147055
38000232152,false,פרינגלס ברביקיו 158ג,פרינגלס מניופקצ'ורינ,US,פרינגלס ברביקיו 158גרם,גרמים,158.00,100 גרם,false,1,9.90,6.2658,true,1,143857
38000232169,false,פרינגלס מידי אורגינל,פרינגלס מניופקצ'ורינ,US,פרינגלס מידי אורגינל 67גרם,גרמים,67.00,100 גרם,false,1,5.90,8.8060,true,1,143858
38000232176,false,פרינגלס שמנת בצל 158,פרינגלס מניופקצ'ורינ,US,פרינגלס שמנת בצל 158גרם,גרמים,158.00,100 גרם,false,1,9.90,6.2658,true,1,143856
38000232183,false,פרינגלס אורגינל 149,פרינגלס מניופקצ'ורינ,US,פרינגלס אורגינל 149 גרם,גרמים,149.00,100 גרם,false,1,9.90,6.6443,true,1,143855
38000845253,false,פרינגלס מידי שמנת בצ,פרינגלס מנופקצורינג,US,פרינגלס מידי שמנת בצל 71 גרם,גרמים,71.00,100 גרם,false,1,5.90,8.3099,true,1,117106
38527591053,false,דגני קוואקר מרובעים,BEVERAGES FOODS & SE,,דגני קוואקר מרובעים קינמון 411 גרם,גרמים,411.00,100 גרם,false,1,21.90,5.3285,true,1,82003
38527591060,false,דגני קוואקר מרובעים,BEVERAGES FOODS & SE,,דגני קוואקר מרובעים סוכר חום 411 גרם,גרמים,411.00,100 גרם,false,1,21.90,5.3285,true,1,82613
39000008006,false,אורטגה טאקו מקסיקני,בי אנד גי,US,אורטגה טאקו מקסיקני 12 יחידות 164 גרם,גרמים,164.00,100 גרם,false,1,22.90,13.9634,true,1,62335
39000008051,false,אורטגה קיט ארוחת טאק,בי אנד גי,US,אורטגה קיט ארוחת טאקו 283 גרם,גרמים,283.00,100 גרם,false,1,29.90,10.5654,true,1,66840
40000513568,false,m&m שוקולד 156 גרם,מארס,US,m&m שוקולד 156 גרם,גרמים,156.00,100 גרם,false,1,12.90,8.2692,true,1,125255
40000513582,false,m&m בוטנים 156 גרם,מארס,US,m&m בוטנים 156 גרם,גרמים,156.00,100 גרם,false,1,12.90,8.2692,true,1,125256
40000513629,false,m&m חמאת בוטנים 142,מארס,US,m&m חמאת בוטנים 142 גרם,גרמים,142.00,100 גרם,false,1,12.90,9.0845,true,1,125294
40000514480,false,סוכריות M&M בטעם שוק,מרס נדרלנד,,סוכריות M&M בטעם שוקולד 48 גרם,גרמים,48.00,100 גרם,false,1,5.80,12.0833,true,1,113277
40000514510,false,סוכריות שוקולד M&M,מרס נדרלנד,,סוכריות שוקולד M&M  בוטנים 49 גרם,גרמים,49.00,100 גרם,false,1,5.80,11.8367,true,1,112687
41224468108,false,עגבניות מיובשות בשמן,סיגס גיטה,,עגבניות מיובשות בשמן זית 283 גרם,גרמים,283.00,100 גרם,false,1,22.90,8.0919,true,1,58153
41390000058,false,רוטב טריאקי קיקומן 2,קדבורי,US,"רוטב טריאקי קיקומן 296 מ""ל",מיליליטרים,296.00,"100 מ""ל",false,1,23.90,8.0743,true,1,4340
41421177452,false,רייטס רוטב היקורי מע,בי אנד גי,US,רייטס רוטב היקורי מעושן מרוכז 103 מל,מיליליטרים,103.00,"100 מ""ל",false,1,13.90,13.4951,true,1,90317
44600300580,false,כלורקס קלין אפ פרש 9,כלורוקס אוקלנד,US,כלורקס קלין אפ פרש 946 מל,מיליליטרים,946.00,"100 מ""ל",false,1,19.90,2.1036,true,1,149552
46214731552,false,עוגיות שוקולד ציפס מ,קריניציה ויטמינה אס,NL,מרבה עוגיות  37% שוקולד ציפס,גרמים,225.00,100 גרם,false,1,9.90,4.4000,true,1,4797
47800175477,false,רייטס רוטב מסקיט מעו,בי אנד גי,US,רייטס רוטב מסקיט מעושן מרוכז 103 מל,מיליליטרים,103.00,"100 מ""ל",false,1,13.90,13.4951,true,1,95468
50000015474,false,פריסקיז דגים 1.42 קג,פורינה,US,פריסקיז דגים 1.42 קג,קילוגרמים,1.42,"ק""ג",false,1,35.90,25.2817,true,1,25363
50000084500,false,פריסקיז מעדני השף 1.,פורינה,US,פריסקיז מעדני השף 1.42 קג,קילוגרמים,1.42,"ק""ג",false,1,35.90,25.2817,true,1,28419
50000168583,false,פריסקיז אקסטרא קראנץ,פורינה,US,פריסקיז אקסטרא קראנץ 1.47 קג,קילוגרמים,1.47,"ק""ג",false,1,35.90,24.4218,true,1,149484
50000238910,false,פריסקיז פארטי מיקס א,פורינה,US,פריסקיז פארטי מיקס אוריגינל קראנץ10 60ג,גרמים,60.00,100 גרם,false,1,11.90,19.8333,true,1,154954
50000292615,true,פנסי פיסט לבבות עוף,פורינה,US,פנסי פיסט לבבות עוף וכבד,גרמים,85.00,100 גרם,false,1,5.90,6.9412,true,1,136564
50000426942,true,פנסי פיסט צאנקי בשר,פורינה,US,פנסי פיסט צאנקי בשר ועוף,גרמים,85.00,100 גרם,false,1,5.90,6.9412,true,1,155988
50000429646,false,מזון חתולים לח דגים,פורינה,US,מזון חתולים לח דגים פנסי פיסט 85 גרם,גרמים,85.00,100 גרם,false,1,5.90,6.9412,true,1,5207
50000503896,false,פנסי פיסט גרילד סלמו,פורינה,US,פנסי פיסט גרילד סלמון,גרמים,85.00,100 גרם,false,1,5.90,6.9412,true,1,156026
50000571987,false,מזון חתולים נתחי עוף,פורינה,US,מזון חתולים נתחי עוף ברוטב פריסקיז 156 ג,גרמים,156.00,100 גרם,false,1,6.50,4.1667,true,1,85729
50000574414,false,פריסקיז פארטי מיקס פ,פורינה,US,פריסקיז פארטי מיקס פיקניק קרנץ 59.500ג,גרמים,60.00,100 גרם,false,1,11.90,19.8333,true,1,154957
50000836123,true,פנסי פיסט גריל טונה,פורינה,US,פנסי פיסט גריל טונה,גרמים,85.00,100 גרם,false,1,5.90,6.9412,true,1,156027
51500255162,false,JIF חמאת בוטנים 454,ג'י.אס.קיי קונסיומר,US,JIF חמאת בוטנים 454 גרם,גרמים,454.00,100 גרם,false,1,17.90,3.9427,true,1,152064
52100004488,false,פפריקה 60 גרם,מקרומיק,US,פפריקה 60 גרם,גרמים,60.00,100 גרם,false,1,21.90,36.5000,true,1,123069
52100006260,false,אבקת שום 88 גרם,מקרומיק,US,אבקת שום 88 גרם,גרמים,88.00,100 גרם,false,1,26.90,30.5682,true,1,123072
52100030043,false,פלפל שחור טחון גס 42,מקרומיק,US,פלפל שחור טחון גס 42 גרם,גרמים,42.00,100 גרם,false,1,19.90,47.3810,true,1,123068
52100070865,false,תמצית וניל טהור מקור,מקורמיק,US,תמצית וניל טהור מקורמיק 28 גרם,גרמים,28.00,100 גרם,false,1,29.90,106.7857,true,1,5536
55369901673,false,מחית אפרסק ללא סוכר,ליייהי אורצ'רדס,,מחית אפרסק ללא סוכר אפלסנקס רביעייה,גרמים,113.00,100 גרם,false,1,14.90,13.1858,true,1,63535
55369901703,false,מחית תות שדה ללא סוכ,ליייהי אורצ'רדס,,מחית תות שדה ללא סוכר אפלסנקס רביעייה,גרמים,113.00,100 גרם,false,1,14.90,13.1858,true,1,61688
55369902342,false,רסק תפוחי עץ אפלסנק,לייהי אורצרדס,CA,רסק תפוחי עץ אפלסנקס    680 גרם,גרמים,680.00,100 גרם,false,1,14.90,2.1912,true,1,83678
55369902564,false,מחית תפוחי עץ ללא סו,ליייהי אורצ'רדס,,מחית תפוחי עץ ללא סוכר אפלסנקס רביעייה,גרמים,113.00,100 גרם,false,1,14.90,13.1858,true,1,60203
58449860020,false,דגני גורילה מאנצ אור,נייצר וואלי,,דגני גורילה מאנצ אורגני 284 גרם,גרמים,284.00,100 גרם,false,1,28.90,10.1761,true,1,34134
58449860037,false,דגני קואלה קריספ,נייטשר פאת',US,פצפוצי אורז מלא בטעם שוקולד 325 גרם,גרמים,325.00,100 גרם,false,1,28.90,8.8923,true,1,34135
58449870241,false,דגני  שוקו שימפס כדו,ניישר פאט',US,דגני  שוקו שימפס כדורוני תירס  קקאו ללג,גרמים,284.00,100 גרם,false,1,28.90,10.1761,true,1,148604
64144090013,false,תרסיס PAM שמן חמאה 1,קונאגרה פודס,,"תרסיס PAM שמן חמאה 148 מ""ל",מיליליטרים,148.00,"100 מ""ל",false,1,18.90,12.7703,true,1,84428
64144090020,false,PAM תרסיס שמן זית 14,קונאגרה פודס,,"PAM תרסיס שמן זית 148 מ""ל",מיליליטרים,148.00,"100 מ""ל",false,1,18.90,12.7703,true,1,84433
64144090051,false,PAM תרסיס שמן קנולה,קונאגרה פודס,,"PAM תרסיס שמן קנולה 148 מ""ל",מיליליטרים,148.00,"100 מ""ל",false,1,18.90,12.7703,true,1,104102
71570001667,false,גלי בלי סוכריות גלי,ג'לי בלי קינדי,TH,גלי בלי סוכריות גלי 20טעמים 70 גרם,גרמים,70.00,100 גרם,false,1,11.90,17.0000,true,1,141974
71570001841,false,גלי בלי סוכריות גליב,ג'לי בלי קינדי,TH,גלי בלי סוכריות גליבטעם חמוצים 70 גרם,גרמים,70.00,100 גרם,false,1,11.90,17.0000,true,1,141976
71570001858,false,גלי בלי סוכריות גליב,ג'לי בלי קינדי,TH,גלי בלי סוכריות גליבטעם פירות 70 גרם,גרמים,70.00,100 גרם,false,1,11.90,17.0000,true,1,141975
71570010119,false,גלי בלי בטעם דובדבן,ג'לי בלי קינדי,TH,גלי בלי בטעם דובדבן 70 גרם,גרמים,70.00,100 גרם,false,1,11.90,17.0000,true,1,155562
74299018060,true,הוט ויילס חמישיה,,,הוט ויילס חמישיה,יחידה,1.00,יחידה,false,1,59.90,59.9000,true,1,85229
74570004003,false,גלידת שמנת משובחת ונ,האגן דאז,,"גלידת שמנת משובחת וניל 473 מ""ל",מיליליטרים,473.00,"100 מ""ל",false,1,22.90,4.8414,true,1,9284
74570024001,false,גלידת שמנת תות שדה 4,האגן דאז,,"גלידת שמנת תות שדה 473 מ""ל",מיליליטרים,473.00,"100 מ""ל",false,1,22.90,4.8414,true,1,9285
76840001767,false,גלידה בן&גרי wake &,מוצרי איכות אמריקאים,IL,"גלידה בן&גרי wake & no bake core 500 מ""ל",גרמים,500.00,100 גרם,false,1,23.90,4.7800,true,1,144687
76840001774,false,בצק עוגות שוקולד ציפ,מוצרי איכות אמריקאים,IL,"גלידה בן&גרי שוקולד צפס קור 500מ""ל",גרמים,500.00,100 גרם,false,1,23.90,4.7800,true,1,144686
76840002351,false,"פיינט בן &גרי 500 מ""",בן & ג'ריס,IL,"פיינט בן &גרי 500 מ""לGimme smore",מיליליטרים,500.00,"100 מ""ל",false,1,23.90,4.7800,true,1,150174
76840002542,false,פיינט נטפליקס וצילד,מוצרי איכות אמריקאים,IL,פיינט נטפליקס וצילד,גרמים,500.00,100 גרם,false,1,23.90,4.7800,true,1,145858
76840100583,false,גלידה בצק עוגיות 473,מוצרי איכות אמריקאיי,,"גלידה בצק עוגיות 473 מ""ל",מיליליטרים,473.00,"100 מ""ל",false,1,23.90,5.0529,true,1,68938
76840100811,false,גלידה חמאת בוטנים 47,מוצרי איכות אמריקאיי,,"גלידה חמאת בוטנים 473 מ""ל",מיליליטרים,473.00,"100 מ""ל",false,1,23.90,5.0529,true,1,90118
76840100989,false,גלידת שוקולד עם מרשמ,בן & ג'ריס,IL,גלידת שוקולד עם מרשמלו קרמל וחתיכות פאדג,מיליליטרים,473.00,"100 מ""ל",false,1,23.90,5.0529,true,1,64213
76840400218,false,גלידה עוגת גבינה ותו,מוצרי איכות אמריקאיי,,"גלידה עוגת גבינה ותות שדה 473 מ""ל",מיליליטרים,473.00,"100 מ""ל",false,1,23.90,5.0529,true,1,96795
76840620029,false,"גלידה תות שדה 500 מ""",מוצרי איכות אמריקאיי,,"גלידה תות שדה 500 מ""ל",מיליליטרים,500.00,"100 מ""ל",false,1,23.90,4.7800,true,1,9347
76840620036,false,גלידה שוקולד ציפס וב,מוצרי איכות אמריקאים,,גלידה שוקולד ציפס ובראוניס עם בצק 500 מל,גרמים,500.00,100 גרם,false,1,23.90,4.7800,true,1,117584
77245110610,false,סוכריות מאסט מנטה לל,MIESZKO S.A - MS. JO,,סוכריות מאסט מנטה ללא סוכר 80 גרם,גרמים,80.00,100 גרם,false,1,8.90,11.1250,true,1,14248
77343000233,false,נרות חימום אורה 50,מנורה,IL,נרות חימום אורה 50,יחידה,1.00,יחידה,false,1,12.90,12.9000,true,1,112172
77975036976,false,מטבל עגבניות בחריפות,סניידרס,,מטבל עגבניות בחריפות מעודנת 439 גרם,גרמים,439.00,100 גרם,false,1,16.90,3.8497,true,1,115242
77975094624,false,שברי בייגלה סניידרס,סניידרס,US,שברי בייגלה סניידרס חמאת בוטנים 283 גרם,גרמים,284.00,100 גרם,false,1,17.90,6.3028,true,1,146803
77975094631,false,בייגלה סניידרס סנדבי,סיינדרס,,"בייגלה סניידרס סנדביץ גבינה צ""דר 226 גרם",גרמים,226.00,100 גרם,false,1,17.90,7.9204,true,1,146802
77975094761,false,סניידרס בטעם צדר 340,סניידרס,US,סניידרס בטעם צדר 340 גרם,גרמים,340.00,100 גרם,false,1,17.90,5.2647,true,1,149364
77975094778,false,סניידרס דבש חרדל ובצ,סניידרס,US,סניידרס דבש חרדל ובצל 340 גרם,גרמים,340.00,100 גרם,false,1,17.90,5.2647,true,1,149779
78300098393,false,פלייטקס סופר פלוס סמ,אנרג'ייזר,,פלייטקס סופר פלוס סמפלי גנטל גלייד18,יחידה,1.00,יחידה,false,1,26.90,26.9000,true,1,125008
79927110116,false,יוניק פרצל בייגלה ספ,יוניק פרצל בייקרי,US,יוניק פרצל בייגלה ספליטס אוריגינל 312גרם,גרמים,312.00,100 גרם,false,1,22.90,7.3397,true,1,122899
80432402931,false,וויסקי שיבאס ריגאל,"איי, בי, אינבוו",GB,"וויסקי סקוטי, שיבאס ריגאל 12 שנה, 700 מ''ל",מיליליטרים,700.00,"100 מ""ל",false,1,139.90,19.9857,true,1,101585
80518532743,false,שקית בלון 50 בלונים,NORTHERN,,שקית בלון 50 בלונים,מיליליטרים,0.00,"100 מ""ל",false,1,15.90,0.0000,true,1,9830
80518532897,false,10 בלונים נקניק,יושלם,,בלוני דיסני                        10 X,Unknown,0.00,Unknown,false,1,5.90,0.0000,true,1,9833
84213017420,false,מיסלי אורגני אגוזים,מסטמכר,DE,מיסלי אורגני אגוזים וצימוקים 500 גרם,גרמים,500.00,100 גרם,false,1,19.90,3.9800,true,1,10274
87000006928,false,"קפטן מורגן 700 מ""ל ש",DIAGEO,,"קפטן מורגן 700 מ""ל שחור",מיליליטרים,700.00,"100 מ""ל",false,1,114.90,16.4143,true,1,114019
93133737325,false,מייקי רוטב טריאקי שו,קיוטה קיצ'ן,US,מייקי רוטב טריאקי שומשום 566 גרם,מיליליטרים,566.00,"100 מ""ל",false,1,37.90,6.6961,true,1,76262
305210256712,false,וזלין מיני לשפתיים א,"יוניליוור ג'ונסבורו,",US,וזלין  מיני לשפתיים אורגינל 7 גרם,יחידה,1.00,יחידה,false,1,14.90,14.9000,true,1,148551
305210416383,true,וזלין קרם גוף לגבר 6,"יוניליוור, ג'פרסון ס",US,VASELINE עור הידיים והגוף 600 ML,מיליליטרים,600.00,"100 מ""ל",false,1,27.90,4.6500,true,1,122127
305213079004,true,וזלין תחליב גוף צהוב,"יוניליוור, ג'פרסון ס",US,וזלין תחליב גוף להזנה עמוקה 600 מל,מיליליטרים,600.00,"100 מ""ל",false,1,29.90,4.9833,true,1,122138
413900010558,false,רוטב סויה קיקומן ליי,קיקומן פודז אינק,,"רוטב סויה קיקומן לייט 296 מ""ל",מיליליטרים,296.00,"100 מ""ל",false,1,22.90,7.7365,true,1,4341
613008742348,false,אריזונה גנסנג ודבש ב,"נטורלה גטרנק בע""מ",DE,אריזונה גנסנג ודבש בקבוק 1 ליטר,ליטרים,1.00,ליטר,false,1,12.90,12.9000,true,1,146112
613008742409,false,אריזונה אפרסק בקבוק,"נטורלה גטרנק בע""מ",DE,אריזונה אפרסק בקבוק 1 ליטר,ליטרים,1.00,ליטר,false,1,12.90,12.9000,true,1,146111
613008753382,false,אריזונה אוכמניות 450,לני אנד לארי,BG,אריזונה אוכמניות 450 מל,מיליליטרים,450.00,"100 מ""ל",false,1,8.50,1.8889,true,1,124944
613008755461,false,אריזונה אוכמניות בקב,"נטורלה גטרנק בע""מ",DE,אריזונה אוכמניות בקבוק 1 ליטר,ליטרים,1.00,ליטר,false,1,12.90,12.9000,true,1,146110
633824111838,false,וודקה ואן גוך אננס ב,מזקקת דירקזוואכר סכי,,"וודקה ואן גוך אננס בקבוק 750 מ""ל",מיליליטרים,750.00,"100 מ""ל",false,1,149.90,19.9867,true,1,115104
633824913432,false,וודקה ואן גוך אסאי ב,מזקקת דירקזוואכר סכי,,"וודקה ואן גוך אסאי בלוברי בקבוק 750 מ""ל",מיליליטרים,750.00,"100 מ""ל",false,1,149.90,19.9867,true,1,93628
644209405923,false,דנקן היינס ציפוי מוק,רוזקםבייקינג קומפני,US,דנקן היינס ציפוי מוקצף וניל 397 גרם,גרמים,397.00,100 גרם,false,1,19.90,5.0126,true,1,123786
644209405930,false,דנקן היינס ציפוי מוק,רוזקםבייקינג קומפני,US,דנקן היינס ציפוי מוקצף שוקולד 397 גרם,גרמים,397.00,100 גרם,false,1,19.90,5.0126,true,1,123787
645692555942,false,פפושדו מצה עשירה מרו,TLV צ'יף,IL,מצה עשירה עוגיות יין לפסח 400 גרם,גרמים,400.00,100 גרם,false,1,10.90,2.7250,true,1,53434
649660432020,false,שזיפים מיובשים מגולע,"היל ויו בע""מ",,שזיפים מיובשים מגולענים 567 גרם,גרמים,567.00,100 גרם,false,1,31.90,5.6261,true,1,111673
649870166135,false,נייטיב טונה ברוטב  ל,נייטיב,TH,נייטיב טונה ברוטב  לחתול 85 גרם,גרמים,85.00,100 גרם,false,1,4.90,5.7647,true,1,155727
651080161510,false,קיסמים לשיניים פלאקר,מיוצר עי קונדיטוריית,CN,"פלקרס קיסם עם חוט, 35 יחידות",יחידה,1.00,יחידה,false,1,11.90,11.9000,true,1,116208
651080647519,false,קיסמים לשיניים פלאקר,המאפיה של הרמן,US,פלאקרס פלוסר חוט דנטלי ירוק -מנטה,יחידה,1.00,יחידה,false,1,11.90,11.9000,true,1,116209
653694000117,false,רוטב AH חזרת 454 גרם,GALLO,US,רוטב AH חזרת 454 גרם,גרמים,454.00,100 גרם,false,1,21.90,4.8238,true,1,146563
686412282984,false,טונה לבנה בשמן זית (,אורטיז,ES,טונה לבנה בשמן זית (צנצנת)220 גרם ORTIZ,גרמים,220.00,100 גרם,false,1,41.90,19.0455,true,1,146916
693493010788,false,נאצוס בטעם ברביקיו 2,או. קיי סניקס,DK,נאצוס בטעם ברביקיו 200 גרם,גרמים,200.00,100 גרם,false,1,13.90,6.9500,true,1,155458
693493010818,false,נאצוס בטעם טבעי 200,או. קיי סניקס,DK,נאצוס בטעם טבעי 200 גרם,גרמים,200.00,100 גרם,false,1,13.90,6.9500,true,1,155459
693493054997,false,עוגיות מקרון מארז 9,נטלי פלוס בעמ,IL,עוגיות מקרון מארז 9 יח מעורב חלבי 144 גר,גרמים,144.00,100 גרם,false,1,50.00,34.7222,true,1,152629
693493055680,false,גליליות גוני במילוי,"נטלי פלוס בע""מ",IL,גליליות גוני במילוי קרם וניל אישי חלבי,גרמים,0.00,100 גרם,false,1,25.00,0.0000,true,1,152630
693493075442,false,עוגיות זיו שוקוציפס,זיו,IL,עוגיות זיו שוקוציפס ללס 220גרם,גרמים,220.00,100 גרם,false,1,34.90,15.8636,true,1,154406
693493075497,false,עוגיות זיו דיסקיות צ,זיו,IL,עוגיות זיו דיסקיות צומה 250גרם,גרמים,250.00,100 גרם,false,1,34.90,13.9600,true,1,154410
693493075572,false,עוגיות זיו רול תמרים,זיו,IL,עוגיות זיו רול תמרים טבעוני 250גרם,גרמים,250.00,100 גרם,false,1,34.90,13.9600,true,1,154417
693493075602,false,עוגיות זיו חטיף שוקו,זיו,IL,עוגיות זיו חטיף שוקולד טבעוני 220גרם,גרמים,220.00,100 גרם,false,1,34.90,15.8636,true,1,154418
693493075619,false,עוגיות זיו כדורי תמר,זיו,IL,עוגיות זיו כדורי תמרים טבעוני 350גרם,גרמים,350.00,100 גרם,false,1,34.90,9.9714,true,1,154419
693493075640,false,עוגיות זיו בראוניז 3,זיו,IL,עוגיות זיו בראוניז 300גרם,גרמים,300.00,100 גרם,false,1,34.90,11.6333,true,1,150221
693493075695,false,עוגיות זיו אלפחורס 3,זיו,IL,עוגיות זיו אלפחורס 320גרם,גרמים,320.00,100 גרם,false,1,34.90,10.9062,true,1,154423
698929000395,false,גין מרטין מילרס קלאס,,GB,"גין מרטין מילרס קלאסיק   700 מ""ל",מיליליטרים,700.00,"100 מ""ל",false,1,159.90,22.8429,true,1,142167
721733000739,false,פטרון סילבר 700 מל,פטרון דיסטרליס,MX,טקילה פטרון סילבר 700 מל,מיליליטרים,700.00,"100 מ""ל",false,1,169.90,24.2714,true,1,140565
728229123590,false,טרה ירקות בטעם טבעי,הונדורס צ'יפס יצור א,HN,טרה חטיף על בסיס ירקות שורש בטעם טבעי 110 גרם,גרמים,110.00,100 גרם,false,1,14.90,13.5455,true,1,36817
728229123811,false,טרה ירקות ים תיכוני,הונדורס צ'יפס יצור א,HN,טרה ירקות ים תיכוני 110 גרם,גרמים,110.00,100 גרם,false,1,14.90,13.5455,true,1,36819
728229124771,false,טרה בטטה טעם ברביקיו,היין פיוצ'ור נטורל פ,IN,טרה חטיף על בסיס בטטה בטעם ברביקיו 110 גרם,גרמים,110.00,100 גרם,false,1,14.90,13.5455,true,1,112145
728229130154,false,טרה בטטה וסלק טבעי 1,הונדורס צ'יפס יצור א,HN,טרה חטיף על בסיס בטטה וסלק בטעם טבעי 110 גרם,גרמים,110.00,100 גרם,false,1,14.90,13.5455,true,1,62415
728229130444,false,טרה ירק תפוא כחול סל,היין סלסטיאל גרופ,US,טרה ירק תפוא כחול סלק  110 גרם,גרמים,110.00,100 גרם,false,1,14.90,13.5455,true,1,69803
729005302090,false,קישקע הונגרי,קצביית פרימיום,IL,קישקע הונגרי,גרמים,500.00,100 גרם,false,1,24.90,4.9800,true,1,153185
753182231761,false,משקה אנרגיה BLU ללא,אקו - ביט,PL,בלו משקה אנרגיה מוגז 250 מל,מיליליטרים,250.00,"100 מ""ל",false,1,5.00,2.0000,true,1,69183
768404001640,false,"גלידה קפה 500 מ""ל",מוצרי איכות אמריקאיי,,"פיינט בטעם קפה בן אנד גרי 500 מ""ל",מיליליטרים,500.00,"100 מ""ל",false,1,23.90,4.7800,true,1,58803
782588945446,false,ערק קורדו אשכולית אד,שי חזן 7 ח.ש,IL,"ערק קורדו אשכולית אדומה 750 מ""ל",מיליליטרים,750.00,"100 מ""ל",false,1,69.90,9.3200,true,1,150327
782588945453,false,ערק קורדו פסיפלורה 7,שי חזן 7 ח.ש,IL,"ערק קורדו פסיפלורה 750 מ""ל",מיליליטרים,750.00,"100 מ""ל",false,1,59.90,7.9867,true,1,150325
833949000264,false,סירופ מייפל אורגני 3,כפרי בריא,CA,סירופ מייפל אורגני 330 גרם,גרמים,330.00,100 גרם,false,1,34.90,10.5758,true,1,84275
835811005940,false,מגש הכסף תבנית אלומ`,,IL,מגש הכסף תבנית אלומ` גדולה + מכסה 8 יח`,יחידה,1.00,יחידה,false,1,11.90,11.9000,true,1,87433
835811005957,false,מגש הכסף תבנית אלומ`,כלורוקס אוקלנד,IL,"הנמל תבנית אלומניום מלבנית, 8 יחידות",לא מנהל יחידת מידה,0.00,לא מנהל יחידת מידה,false,1,11.90,0.0000,true,1,88384
835811005964,false,תבנית אלומיניום אינג,ווינפאק,,תבנית אלומיניום אינגליש 20 יחידות,לא מנהל יחידת מידה,0.00,לא מנהל יחידת מידה,false,1,12.90,0.0000,true,1,88031
835811006527,false,קשיות שתיה למילקשייק,שיווק: הנמל אריזות ו,IL,הנמל קשיות שתיה למילקשייק 125 יח',Unknown,0.00,Unknown,false,1,9.90,0.0000,true,1,95044
835811006770,false,תבנית עגול 5 יחידות,,,"תבנית אלומיניום עגול 5 יח              """,Unknown,0.00,Unknown,false,1,12.90,0.0000,true,1,91232
835811007494,false,גלטין טהור הנמל 28 ג,ג'ליס פיוניר,,"הנמל ג'לטין טהור מדגים 28 גרם, 2 יח'",גרמים,28.00,100 גרם,false,1,11.90,42.5000,true,1,23772
835811008958,false,כפיות עבה,הנמל אריזות.,,"כפיות עבה במיוחד 50 יח                 """,יחידה,1.00,יחידה,false,1,16.90,16.9000,true,1,49465
839762000641,false,נקטר איילנד מנגו 1 ל,פארייפאבה אגרואינדוס,EG,איילנד מנגו 1 ליטר,ליטרים,1.00,ליטר,false,1,11.50,11.5000,true,1,21076
839762000658,false,נקטר איילנד גויאבה 1,The Egyptian Co. for,EG,איילנד גויאבה המשקה של חופי סיני 1 ליטר,ליטרים,1.00,ליטר,false,1,11.50,11.5000,true,1,20560
839762002379,false,נקטר איילנד מנגו 350,פארייפאבה אגרואינדוס,EG,"איילנד מנגו  350 מ""ל",מיליליטרים,350.00,"100 מ""ל",false,1,6.90,1.9714,true,1,68486
842387000736,false,מטען רכב לגלקסי פרמי,,,מטען רכב לגלקסי פרמיום 2A,יחידה,1.00,יחידה,false,1,39.90,39.9000,true,1,142629
850004207789,false,מיטבולס ביונד מיט 29,תאי פרזידנט פוד פאבל,US,מיטבולס ביונד מיט 290 גרם,גרמים,290.00,100 גרם,false,1,39.90,13.7586,true,1,152000
852629004774,false,רביעיית נקניקיות ביו,תאי פרזידנט פוד פאבל,US,רביעיית נקניקיות ביונד מיט4000 גרם,גרמים,400.00,100 גרם,false,1,44.90,11.2250,true,1,151998
856591000055,true,עוגיות עבאדי קריספי,קריניציה ויטמינה אס,IL,"עבאדי עוגיות מזרחיות קריספי, 400 גרם",Unknown,0.00,Unknown,false,1,19.90,0.0000,true,1,125028
856591000062,false,עוגיות מזרחיות עבאדי,מאפיית יוסף ושמחה עב,IL,מזרח. מלח 400ג 856591000062,גרמים,400.00,100 גרם,false,1,19.90,4.9750,true,1,22258
856591000109,false,עוגיות מזרחיות עבאדי,מאפיית יוסף ושמחה עב,IL,עבאדי עוגיות מזרחיות פריך במיוחד 400 גרם,גרמים,400.00,100 גרם,false,1,19.90,4.9750,true,1,66973
884912002372,false,דגני פוסט סלקט קרנבר,post consumer brands,US,דגני פוסט סלקט קרנברי 396 גרם,גרמים,396.00,100 גרם,false,1,27.90,7.0455,true,1,103226
884912102102,false,דגני גרייט גריינס או,הנסיך- מפעל לייצור ט,US,דגני בוקר עם שקדים ואוכמניות,גרמים,382.00,100 גרם,false,1,27.90,7.3037,true,1,127336
884912116505,false,דגני פוסט גרייט גריי,post consumer brands,US,דגני פוסט גרייט גריינס בננה נאט 439 גרם,גרמים,439.00,100 גרם,false,1,27.90,6.3554,true,1,112651
884912117625,false,דגני פוסט גולדן קריס,הנסיך- מפעל לייצור ט,US,חטיף חיטה ממותק,גרמים,418.00,100 גרם,false,1,22.90,5.4785,true,1,146196
897581000365,false,מרשמלו טבעוני  ווגה,גוד פוד פרודקטס S.p,US,מרשמלו טבעוני דנדיס 283גרם,גרמים,283.00,100 גרם,false,1,23.90,8.4452,true,1,148605
1230000068314,false,בשר טחון ביונד מיט 3,זנברגן וורלד פינסט מ,NL,בשר טחון ביונד מיט 300 גרם,גרמים,300.00,100 גרם,false,1,34.90,11.6333,true,1,151997
1230000116022,false,המבורגר ביונד מיט  ז,ביונד מיט קליפורניה,US,המבורגר ביונד מיט  זוג  226גרם,גרמים,226.00,100 גרם,false,1,34.90,15.4425,true,1,154587
1724826034511,false,יין סטון וואלי שרדונ,יקב,US,יין סטון וואלי שרדונה 750מל,מיליליטרים,750.00,"100 מ""ל",false,1,59.90,7.9867,true,1,149426
3014260201753,false,סכיני גילוח גילט בלו,קדבורי,PL,ג'ילט  סכיני בלו 2 חמישייה,קילוגרמים,100.00,"ק""ג",false,1,11.90,0.1190,true,1,12981
3014260262693,false,מכשיר ונוס,קדבורי,PL,מכשיר גילוח ונוס+ 2 סכינים,קילוגרמים,0.00,"ק""ג",false,1,33.90,0.0000,true,1,61627
3014260262709,false,סכיני גילוח ונוס לאש,קדבורי,DE,סכיני גילוח ג'ילט ונוס לנשים 4 יחידות,יחידה,1.00,יחידה,false,1,44.90,44.9000,true,1,2656
3014260287030,false,סכיני גילוח חד פעמי,פרוטקר אנד גמבל,MD,סכיני גילוח חד פעמי גילט 5 יחידות,לא מנהל יחידת מידה,0.00,לא מנהל יחידת מידה,false,1,7.90,0.0000,true,1,38073
3014260289287,false,סכיני גילוח בלו 2 לנ,קדבורי,RU,ג'ילט  סכיני בלו 2 לנשים חמישייה,יחידה,1.00,יחידה,false,1,14.90,14.9000,true,1,78674
3046920010801,false,שוקולד לינדט אקסלנס,לינדט ושפרונגלי אס.א,FR,שוקולד לינדט אקסלנס הזלנט 100 גרם,גרמים,100.00,100 גרם,false,1,14.90,14.9000,true,1,115882
3046920027281,false,שוקולד לינדט אקסלנס,לינדט ושפרונגלי,FR,שוקולד לינדט אקסלנס קרמלסולט 100 גרם,גרמים,100.00,100 גרם,false,1,14.90,14.9000,true,1,108674
3046920028004,false,שוקולד לינדט אקסלנס,לינדט ושפרונגלי,FR,לינדט אקסלנס 70% שוקולד מריר 100 גר,גרמים,100.00,100 גרם,false,1,14.90,14.9000,true,1,2741
3046920028363,false,שוקולד לינדט אקסלנס,לינדט ושפרונגלי,FR,שוקולד לינדט אקסלנס 85%  100 גרם,גרמים,100.00,100 גרם,false,1,14.90,14.9000,true,1,24795
3046920028721,false,שוקולד לינדט אקסלנס,לינדט ושפרונגלי,FR,שוקולד לינדט אקסלנס 99%  50 גרם,גרמים,50.00,100 גרם,false,1,14.90,29.8000,true,1,114990
3046920028752,false,שוקולד לינדט אקסלנס,לינדט ושפרונגלי,FR,לינדט אקסלנס שוקולד מריר שוויצרי עם מלח ים 100 גרם,גרמים,100.00,100 גרם,false,1,14.90,14.9000,true,1,45931
3046920029674,false,שוקולד לינדט אקסלנס,לינדט ושפרונגלי,DE,לינדט אקסלנס שוקולד מריר עם נגיעות מלח ים 100 גרם,גרמים,100.00,100 גרם,false,1,14.90,14.9000,true,1,58781
3046920029759,false,שוקולד לינדט אקסלנס,לינדט ושפרונגלי ג'י.,DE,שוקולד לינדט אקסלנס 90% 100 גרם,גרמים,100.00,100 גרם,false,1,14.90,14.9000,true,1,108672
3068320014067,false,מים מינרליים אוויאן,קריניציה ויטמינה אס,FR,"מים מינרליים אוויאן ספורט 750 מ""ל",מיליליטרים,750.00,"100 מ""ל",false,1,12.20,1.6267,true,1,155605
3068320055008,false,מים מינרלים אוויאן,קריניציה ויטמינה אס,FR,"מים מינרלים אוויאן  500 מ""ל",מיליליטרים,500.00,"100 מ""ל",false,1,9.20,1.8400,true,1,155606
3073781161663,false,גבינת לבש קירי כשר12,בל,FR,גבינת לבש קירי כשר128 גר,גרמים,128.00,100 גרם,false,1,13.90,10.8594,true,1,150667
3073781161687,false,גבינת לבש קירי כשר 2,בל,FR,כשר גבינת לבש קירי כשר 256 גר,גרמים,256.00,100 גרם,false,1,25.90,10.1172,true,1,150668
3073781162790,false,גבינת בייבי בל אדום,מחלבות בל,FR,גבינת בייבי בל אדום 120 גרם,גרמים,120.00,100 גרם,false,1,22.90,19.0833,true,1,154144
3073781177220,false,בייבי בל ספיירול 85ג,בל,FR,בייבי בל ספיירול 85גרם,גרמים,85.00,100 גרם,false,1,22.90,26.9412,true,1,155604
3120581456267,false,יין שבלי מ.דה ליני ל,,FR,"יין שבלי מ.דה ליני לבן יבש 750 מ""ל",מיליליטרים,750.00,"100 מ""ל",false,1,99.90,13.3200,true,1,147749
3120581458490,false,שאטו טרבון רוזה יבש,שאטו בלוו,FR,"שאטו טרבון רוזה יבש 750 מ""ל",מיליליטרים,750.00,"100 מ""ל",false,1,89.90,11.9867,true,1,154203
3120581458759,false,יין מ דה ליני בורגונ,,FR,"יין מ דה ליני בורגונדי שרדונה 750 מ""ל",מיליליטרים,750.00,"100 מ""ל",false,1,79.90,10.6533,true,1,154200
3161911229199,false,חמאה רכה אלוויר 250,אלל אה וויר,FR,חמאה רכה אלוויר 250 גרם,גרמים,250.00,100 גרם,false,1,22.90,9.1600,true,1,2885
3161911366429,false,חמאה רכה מלוחה אלווי,ארזינא,FR,חמאה רכה מלוחה אלוויר 250 גרם,גרמים,250.00,100 גרם,false,1,22.90,9.1600,true,1,2887
3161911393210,false,חמאת אלוויר עם מלח,אלוויר,FR,חמאת אלוויר עם מלח   200גרם,גרמים,200.00,100 גרם,false,1,17.90,8.9500,true,1,154209
3175460000017,false,גבינה בורסאן שום,השחר,FR,גבינה בורסאן שום 150 גרם,גרמים,150.00,100 גרם,false,1,22.90,15.2667,true,1,46213
3175460000062,false,גבינה בורסאן פלפל,השחר,FR,גבינה בורסאן פלפל 150 גרם,גרמים,150.00,100 גרם,false,1,22.90,15.2667,true,1,32800
3175460000864,false,גבינה בורסאן טבעי,"בל,",FR,גבינה בורסאן טבעי 150 גרם,גרמים,150.00,100 גרם,false,1,22.90,15.2667,true,1,125122
3175460030083,false,גבינה בורסאן בצל עיר,השחר,FR,גבינה בורסאן בצל עירית 150 גרם,גרמים,150.00,100 גרם,false,1,22.90,15.2667,true,1,21791
3178530402353,false,מיני מדלן 175גרם,סאן מישל,FR,מיני מדלן 175גרם,גרמים,175.00,100 גרם,false,1,10.90,6.2286,true,1,154609
3178530407938,false,מיני מדלן עם פצפוצי,סאן מישל,FR,מיני מדלן עם פצפוצי שוקולד 175גרם,גרמים,175.00,100 גרם,false,1,10.90,6.2286,true,1,154611
3179730011024,false,מים מינרלים פרייה,נסטלה ווטרס ספלאי,FR,פרייה מים מינרלים מבעבעים טבעיים 330 מל,מיליליטרים,330.00,"100 מ""ל",false,1,6.90,2.0909,true,1,69458
3228022910023,false,פרזידנט חמאה 200 גרם,גוד פוד פרודקטס S.p,FR,פרזידנט חמאה 200 גרם,גרמים,200.00,100 גרם,false,1,15.50,7.7500,true,1,3001
3252560903384,false,פול רובייר קרם דה קס,גבריאל בודייר,,פול רובייר קרם דה קסיס כשר 700 מל,מיליליטרים,700.00,"100 מ""ל",false,1,56.90,8.1286,true,1,100119
3254550033279,false,קממבר איסני 250 גרם,איזיני סנט מר,FR,קממבר איסני 250 גרם,גרמים,250.00,100 גרם,false,1,36.90,14.7600,true,1,125129
3272770003148,false,שברו טבעי 150 גרם,מיוצר עי קונדיטוריית,FR,שברו טבעי 150 גרם,גרמים,150.00,100 גרם,false,1,25.90,17.2667,true,1,3072
3296324219007,false,יין לגנד בורדו רוטשי,יקבי רמת הגולן,IL,יין לגנד בורדו רוטשילד 750 מל,מיליליטרים,750.00,"100 מ""ל",false,1,109.90,14.6533,true,1,151180
3299790211018,false,ערק פניקס אניס 1 ליט,טייב,FR,ערק פניקס אניס 1 ליטר,ליטרים,1.00,ליטר,false,1,139.90,139.9000,true,1,54327
3328640121976,false,ויסקי היילנד קווין ב,פונט סלאם וולנסיה,ES,ויסקי היילנד קווין בלנדד  0.7,יחידה,1.00,יחידה,false,1,86.90,86.9000,true,1,143240
3379810116483,false,"יין שאבלי 750 מ""ל",houshiclean,FR,"יין שאבלי 750 מ""ל",מיליליטרים,750.00,"100 מ""ל",false,1,109.90,14.6533,true,1,142844
3387390320244,false,דגני פיטנס פירות 375,סי. פי. צרפת,FR,דגני פיטנס פירות 375 גרם,גרמים,375.00,100 גרם,false,1,21.90,5.8400,true,1,28301
3387390525960,false,דגני קראנץ נסטלה 500,הנסיך- מפעל לייצור ט,FR,דגני קראנץ נסטלה 500 גרם,גרמים,500.00,100 גרם,false,1,26.90,5.3800,true,1,50545
3415581114126,false,גלידת שמנת קרמל מתוק,השחר,FR,"גלידת שמנת קרמל מתוק מלוח 500 מ""ל",מיליליטרים,500.00,"100 מ""ל",false,1,22.90,4.5800,true,1,96475
3415581187113,false,גלידת שמנת קרמל בראו,האגן דאז,FR,"גלידת שמנת קרמל בראוניס 473 מ""ל",מיליליטרים,473.00,"100 מ""ל",false,1,22.90,4.8414,true,1,3209
3415587149924,false,האגן דאז בראוני מקיא,השחר,FR,האגן דאז בראוני מקיאטו  386 גרם,גרמים,386.00,100 גרם,false,1,22.90,5.9326,true,1,145508
3500610150500,false,שאטו הו פורה מרלו 75,,FR,"שאטו הו פורה מרלו 750 מ""ל",מיליליטרים,750.00,"100 מ""ל",false,1,79.90,10.6533,true,1,154201
3500610150517,false,שאטו טימברליי בורדו,שאטו בלוו,FR,"שאטו טימברליי בורדו 750 מ""ל",מיליליטרים,750.00,"100 מ""ל",false,1,89.90,11.9867,true,1,154202
3500610150524,false,שאטו הו פוטו סובינ.ב,שאטו בלוו,FR,"שאטו הו פוטו סובינ.בלאן 750 מ""ל",מיליליטרים,750.00,"100 מ""ל",false,1,89.90,11.9867,true,1,154204
3523230025638,false,גבינת עיזים בושה,השחר,FR,גבינת בושה עיזים טבעית 125 גרם,גרמים,125.00,100 גרם,false,1,24.90,19.9200,true,1,85051
3523230025652,true,בושה עיזים שום 125 ג,השחר,FR,בושה עיזים שום 125 גרם נני,גרמים,125.00,100 גרם,false,1,24.90,19.9200,true,1,125107
3523230026826,false,גבינת עיזים פרימדה ס,השחר,FR,גבינת עיזים פרימדה סואניון 140 גרם,גרמים,140.00,100 גרם,false,1,26.90,19.2143,true,1,125133
3523230026888,false,פירמידה עיזים  שום14,אוריאל,FR,גבינת עיזים  שום פרימדה סואניון 140 גרם,גרמים,140.00,100 גרם,false,1,26.90,19.2143,true,1,120614
3523230038959,false,בושה מפוחם של נני 12,השחר,FR,בושה מפוחם של נני 125 גרם,גרמים,125.00,100 גרם,false,1,25.90,20.7200,true,1,144569
3523230045827,false,סנט מור 160 גרם,השחר,FR,סנט מור 160 גרם,גרמים,160.00,100 גרם,false,1,27.90,17.4375,true,1,125131
3574660026788,true,גונסונס בייבי טלק 20,גונסון,IT,גונסונס בייבי טלק 200 גרם חדש,Unknown,0.00,Unknown,false,1,18.90,0.0000,true,1,125355
3574660057706,false,גונסון שמן תינוקות 3,גונסון,IT,גונסון שמן תינוקות 300 מל,ליטרים,300.00,ליטר,false,1,12.90,0.0430,true,1,154757
3574660089547,false,טמפוני O.B קלאסי נור,ג'ונסון אנד ג'ונסון,GR,טמפוני O.B קלאסי נורמל 32 יח,יחידה,1.00,יחידה,false,1,24.90,24.9000,true,1,43078
3574660115154,false,טמפוני O.B סופר 32 י,CILAG GMBH INTERNATI,,טמפוני O.B סופר 32 יח,יחידה,1.00,יחידה,false,1,24.90,24.9000,true,1,43080
3574660333466,false,טמפוני O.B קומפורט מ,הנסיך- מפעל לייצור ט,DE,אובה מיני טמפונים ללא מוליך 32 יחידות,ליטרים,0.00,ליטר,false,1,24.90,0.0000,true,1,85124
3574660649895,false,ליסטרין מי פה זירו מ,גונסון אנד גונסון,,"ליסטרין מי פה זירו מעודן 500 מ""ל",מיליליטרים,500.00,"100 מ""ל",false,1,17.90,3.5800,true,1,113215
3574661141022,true,וניה מקסי לילה 12 יח,,,וניה מקסי לילה 12 יח,Unknown,0.00,Unknown,false,1,24.90,0.0000,true,1,127613
3574661419435,false,וניה מקסי לילה 12 יח,גונסון,BE,וניה מקסי לילה 12 יחידות,יחידה,12.00,יחידה,false,1,24.90,2.0750,true,1,156246
3574661425696,true,גונסונס בייבי תחליב,גונסון,IT,גונסונס בייבי תחליב 500 חדש,Unknown,0.00,Unknown,false,1,26.90,0.0000,true,1,125358
3574661487328,false,קרפרי מגן תחתון רגיל,ג'ויה מעבדות לקוסמטי,IT,קרפרי מגן תחתון רגיל 56 יח,יחידה,1.00,יחידה,false,1,19.90,19.9000,true,1,142340
3574661487625,false,קרפרי מגן תחתון מקסי,ג'ויה מעבדות לקוסמטי,IT,קרפרי מגן תחתון מקסי לארג 48 יח,יחידה,1.00,יחידה,false,1,19.90,19.9000,true,1,142341
3574661500355,false,קרפרי מקסי לונג רגיל,ג'ויה מעבדות לקוסמטי,IT,קרפרי מקסי לונג רגיל 40 יח,יחידה,1.00,יחידה,false,1,19.90,19.9000,true,1,142343
3574661552576,false,קרפרי מגן תחתון רגיל,ג'ונסון אנד ג'ונסון,GR,קרפרי מגן תחתון אוורירי טנגה 58 יחידות,יחידה,1.00,יחידה,false,1,19.90,19.9000,true,1,144901
3574661552804,false,קרפרי מגן תחתון אלוו,ג'ונסון אנד ג'ונסון,GR,קרפרי מגן תחתון אלוורה קרפרי 58 יחידות,יחידה,1.00,יחידה,false,1,19.90,19.9000,true,1,146768
3574669907767,true,גונסונס בייבי שמפו ק,גונסון,IT,גונסונס בייבי שמפו קמומיל 750 מל חדש,Unknown,0.00,Unknown,false,1,19.90,0.0000,true,1,125360
3574669908481,true,גונסונס בייבי אל סבו,גונסון,IT,גונסונס בייבי אל סבון אמבט 750 מל חדש,Unknown,0.00,Unknown,false,1,19.90,0.0000,true,1,125362
3574669908665,false,גונסון בייבי אל סבון,גונסון,IT,גונסון בייבי אל סבון לפני שינה 750 חדש,מיליליטרים,750.00,"100 מ""ל",false,1,19.90,2.6533,true,1,125354
3600522344070,false,אלביב מסיכה לשיער צב,פאפרוג'י,FR,אלביב מסיכה לשיער צבוע 300 מל,מיליליטרים,300.00,"100 מ""ל",false,1,25.90,8.6333,true,1,153970
3600523642489,false,אלביב מסכה 300 מל 6,לוריאל,DE,אלביב מסכה 300 מל 6 שמנים,מיליליטרים,300.00,"100 מ""ל",false,1,25.90,8.6333,true,1,125220
3600523652242,false,אלביב שמפו קולור פרו,,,אלביב שמפו קולור פרוטקט,יחידה,1.00,יחידה,false,1,16.90,16.9000,true,1,148491
3600523652259,false,לוריאל אלביב מרכך קו,לוריאל,TR,לוריאל אלביב מרכך קולור פרוטקט 550 מל,מיליליטרים,550.00,"100 מ""ל",false,1,16.90,3.0727,true,1,125062
3600523652297,false,אלביב מרכך 6 שמנים,,,אלביב מרכך 6 שמנים,יחידה,1.00,יחידה,false,1,16.90,16.9000,true,1,148503
3600523782567,false,אלביב שמפו דרים לום,,,אלביב שמפו דרים לום,יחידה,1.00,יחידה,false,1,16.90,16.9000,true,1,148498
3600523782574,false,אלביב דרים לונג מסכה,פאפרוג'י,FR,אלביב דרים לונג מסכה לשיער ארוך ופגום 30,מיליליטרים,300.00,"100 מ""ל",false,1,25.90,8.6333,true,1,153972
3600523782581,true,מרכך דרים לונג אלביב,,,מרכך דרים לונג אלביב,יחידה,1.00,יחידה,false,1,16.90,16.9000,true,1,151149
3607343817547,false,אדידס דאו ספריי לגבר,COLEPCCL,PT,"אדידס דאו ספריי לגבר קליימקול 150 מ""ל",מיליליטרים,150.00,"100 מ""ל",false,1,14.90,9.9333,true,1,146817
3607345264912,false,"פיוז""ן ספריי אייס",המאפיה של הרמן,ES,אדידס בודי ספריי לגבר אייס דייב 96 גרם,מיליליטרים,150.00,"100 מ""ל",false,1,19.90,13.2667,true,1,74118
3607345265117,false,פיוזן טים פורס,מיוצר עי קונדיטוריית,PL,אדידס בודי ספריי לגבר טים פורס 150 מל,לא מנהל יחידת מידה,0.00,לא מנהל יחידת מידה,false,1,19.90,0.0000,true,1,136660
3614223736003,false,אדידס דאו ספריי לגבר,איגפק אס.איי,ES,"אדידס דאו ספריי לגבר אדיפיור 150 מ""ל",מיליליטרים,150.00,"100 מ""ל",false,1,14.90,9.9333,true,1,146818
3614224050986,false,אדידס דאו ספריי לגבר,COLEPCCL PORTUGAL,PT,"אדידס דאו ספריי לגבר אדיפאוור 150 מ""ל",מיליליטרים,150.00,"100 מ""ל",false,1,14.90,9.9333,true,1,146819
3661163970448,false,ספרי גברים דריי מקס,מיוצר עי קונדיטוריית,PT,200 מל דאודורנט ספריי דריי פאוור לגבר פרש,מיליליטרים,200.00,"100 מ""ל",false,1,19.90,9.9500,true,1,68044
3661163991146,false,ספרי נשים דריי מקס פ,מיוצר עי קונדיטוריית,PT,אדידס דאודורנט ספריי לאישה פרש 150 מל,מיליליטרים,200.00,"100 מ""ל",false,1,19.90,9.9500,true,1,68045
3661163991344,false,ספריי נשים דרי מקס פ,מיוצר עי קונדיטוריית,PT,"ספריי נשים דרי מקס פרו קליר 150 מ""ל",מיליליטרים,150.00,"100 מ""ל",false,1,19.90,13.2667,true,1,82372
3661163991580,false,ספרי נשים דריי מקס א,מיוצר עי קונדיטוריית,PT,אדידס דאודורנט ספריי לאישה 6 ב-1 150 מל,מיליליטרים,200.00,"100 מ""ל",false,1,19.90,9.9500,true,1,68371
3760125946719,false,רוזה אור פרובאנס 750,ג'נרל מילס סאן אדריא,FR,יין רוזה יבש 750 מל,מיליליטרים,750.00,"100 מ""ל",false,1,59.90,7.9867,true,1,148572
4000417019004,false,שוקולד ריטר ספורט חל,מולינו ניקולי s.p.a,DE,ריטר ספורט שוקולד חלב עם אגוזי לוז שלמים,גרמים,100.00,100 גרם,false,1,11.20,11.2000,true,1,75641
4000417022004,false,שוקולד ריטר ספורט חל,מולינו ניקולי s.p.a,DE,שוקולד ריטר ספורט חלב צימוק אגוזים 100 ג,גרמים,100.00,100 גרם,false,1,11.20,11.2000,true,1,75642
4000417023001,false,שוקולד ריטר ספורט חל,מולינו ניקולי s.p.a,DE,ריטר ספורט שוקולד חלב מעולה עם שקדים שלמים,גרמים,100.00,100 גרם,false,1,11.90,11.9000,true,1,75643
4000417025005,false,שוקולד ריטר ספורט מר,מולינו ניקולי s.p.a,DE,ריטר ספורט שוקולד מריר ממולא מרציפן,גרמים,100.00,100 גרם,false,1,11.20,11.2000,true,1,75644
4000417026002,false,שוקולד ריטר ספורט נו,מולינו ניקולי s.p.a,DE,שוקולד ריטר ספורט נוגט פרלין 100 גרם,גרמים,100.00,100 גרם,false,1,11.20,11.2000,true,1,75645
4000417101211,false,אמיצלי גלילי וופל 15,קימס,AT,אמיצלי גלילי וופל 150 גרם,גרמים,150.00,100 גרם,false,1,17.90,11.9333,true,1,153483
4000417211002,false,שוקולד ריטר ספורט מו,מולינו ניקולי s.p.a,DE,שוקולד ריטר ספורט מוס קרמל ושברי שקדים,גרמים,100.00,100 גרם,false,1,11.20,11.2000,true,1,113203
4000417222008,false,שוקולד ריטר שברי אגו,מולינו ניקולי s.p.a,DE,שוקולד ריטר שברי אגוזים  100 גרם,גרמים,100.00,100 גרם,false,1,11.20,11.2000,true,1,112381
4000417224002,false,שוקולד ריטר ספורט מר,מולינו ניקולי s.p.a,DE,שוקולד ריטר ספורט מריר אגוזים 100 גרם,גרמים,100.00,100 גרם,false,1,11.90,11.9000,true,1,107203
4000417294005,false,שוקולד ריטר קרם קקאו,מולינו ניקולי s.p.a,DE,שוקולד ריטר קרם קקאו מוקצף 100 ג,גרמים,100.00,100 גרם,false,1,11.20,11.2000,true,1,107202
4000417298003,false,שוקולד רייטר קוקוס 1,מולינו ניקולי s.p.a,DE,שוקולד רייטר קוקוס 100 ג,גרמים,100.00,100 גרם,false,1,11.20,11.2000,true,1,106822
4000539280726,false,שוקולד לינדט אקסלנס,לינדט ושפרונגלי,DE,שוקולד לינדט אקסלנס 70% מילד 100 גרם,גרמים,100.00,100 גרם,false,1,14.90,14.9000,true,1,155163
4000539280740,true,לינדט אקסלנס 78% 100,לינדט ושפרונגלי אס.א,DE,לינדט אקסלנס 78% 100 גרם,גרמים,100.00,100 גרם,false,1,14.90,14.9000,true,1,155297
4001432775036,false,יין גולדן פיק לבן,גולדן פיק,DE,יין גולדן פיק לבן,מיליליטרים,750.00,"100 מ""ל",false,1,39.90,5.3200,true,1,126145
4002448019480,false,מסיר שומנים סיליט,רקיט בנקיזר,PL,"ספריי מסיר שומנים סיליט באנג 750 מ""ל",מיליליטרים,750.00,"100 מ""ל",false,1,14.90,1.9867,true,1,31394
4002575016253,false,מרציפן מצופה שוקולד,"זנטוס, ג'ולישר 177",DE,מרציפן מצופה שוקולד 100 גר             .,גרמים,100.00,100 גרם,false,1,9.90,9.9000,true,1,3994
4002590000022,false,סוכ.קלפני בפחית פירו,קדבורי,DE,קלפני פירות יער 150 גר',גרמים,150.00,100 גרם,false,1,12.00,8.0000,true,1,20999
4002590000046,false,סוכריות מרעננות,קדבורי,DE,קלפני מנטה מרענן 150 גר',גרמים,150.00,100 גרם,false,1,12.00,8.0000,true,1,12183
4002590000633,false,סוכריות קלפני בפחית,קדבורי,DE,סוכריות קלפני בפחית פירות           150,גרמים,150.00,100 גרם,false,1,12.00,8.0000,true,1,21001
4002590703541,false,קלפני תות,קדבורי,DE,קלפני בטעם תות 150 גר',גרמים,150.00,100 גרם,false,1,12.00,8.0000,true,1,106783
4004666042004,false,משמיד עובש מרסס מלרו,פרח,DE,יעקבי מלרוד ספריי משמיד עובש 500 מל,מיליליטרים,500.00,"100 מ""ל",false,1,29.90,5.9800,true,1,22504
4004666107819,false,מלרוד מרסס לניקוי וט,פרח,DE,מלרוד ניקוי וטיהור מזגן 500 מל,מיליליטרים,500.00,"100 מ""ל",false,1,27.90,5.5800,true,1,126327
4004715020755,false,קישוטי עוגה פרינס,היינץ צפון אמריקה מק,DE,3 סוגי קישוט צבעוני לעוגה 75 גרם,גרמים,75.00,100 גרם,false,1,16.90,22.5333,true,1,60828
4005808890507,false,קרם ניוואה סופט 200,ביירסדורף,IT,קרם ניוואה סופט 200 מל,מיליליטרים,200.00,"100 מ""ל",false,1,16.90,8.4500,true,1,4027
4007745058811,false,חרדל אמיתי אורגני 20,הורלין,DE,נטורפוד חרדל אמיתי אורגני 200 גרם,גרמים,200.00,100 גרם,false,1,15.90,7.9500,true,1,119819
4007745058828,true,חרדל גרגירים אמיתי א,הורלין,DE,נטורפוד חרדל גרגרים אמיתי אורגני 200 גרם,גרמים,200.00,100 גרם,false,1,15.90,7.9500,true,1,119760
4008239313393,false,מעדן ויטקראפט  דגים,,,מעדן ויטקראפט  דגים בעגבניות 85 גרם,גרמים,85.00,100 גרם,false,1,5.90,6.9412,true,1,156528
4009309022399,true,כרוב כבוש אורגני 670,נטורפוד,DE,כרוב כבוש אורגני 670 גרם,גרמים,670.00,100 גרם,false,1,16.90,2.5224,true,1,119761
4009309114346,true,מלפפונים אורגנים בחו,סטאר סנקס,DE,מלפפונים אורגנים בחומץ ללא סוכר 670 גרם,גרמים,670.00,100 גרם,false,1,24.90,3.7164,true,1,119762
4009309114407,true,נטורפוד מלפפון כבוש,נטורפוד,DE,מלפפון כבוש אורגני,גרמים,670.00,100 גרם,false,1,24.90,3.7164,true,1,119763
4009309456453,true,סלק אדום אורגני 670,נטורפוד,DE,סלק אדום אורגני,גרמים,670.00,100 גרם,false,1,15.90,2.3731,true,1,119764
4009309740422,true,רסק תפוחים אורגני,אלפרד פאולסן,DE,נטור פוד רסק תפוחים אורגני 700 גרם,גרמים,700.00,100 גרם,false,1,18.90,2.7000,true,1,119765
4009309742426,true,רסק תפוח מנגו אורגני,נטורפוד,DE,רסק תפוח מנגו אורגני,גרמים,700.00,100 גרם,false,1,18.90,2.7000,true,1,119766
4009900379564,false,הובה בובה טייפ פירות,ריגלי,,הובה בובה טייפ פירות,לא מנהל יחידת מידה,0.00,לא מנהל יחידת מידה,false,1,7.90,0.0000,true,1,35539
4009900402965,false,מסטיק אורביט וויט פי,ריגלי,,מסטיק אורביט וויט פירות בקבוקון,Unknown,0.00,Unknown,false,1,9.90,0.0000,true,1,88508
4009900403023,false,מסטיק אורביט וויט מנ,ריגלי,,מסטיק אורביט וויט מנטה בקבוקון,גרמים,64.00,100 גרם,false,1,9.90,15.4688,true,1,88509
4009900406918,false,הובה בובה טייפ טריפל,ריגלי,,הובה בובה טייפ טריפל מיקס,Unknown,0.00,Unknown,false,1,7.90,0.0000,true,1,42278
4009900420129,false,אורביט פרופשיונל פפר,מרס נדרלנד,PL,אורביט פרופשיונל פפרמינט בקבוקון,לא מנהל יחידת מידה,0.00,לא מנהל יחידת מידה,false,1,9.90,0.0000,true,1,123604
4009900426039,false,מסטיק איירווייבס מנט,ריגלי,,מסטיק איירווייבס מנטה אקליפטוס בקבוקון,גרמים,64.00,100 גרם,false,1,9.90,15.4688,true,1,113701
4009900455299,false,סקיטלס פירות 174 גרם,ריגלי,CZ,סקיטלס פירות 174 גרם,גרמים,174.00,100 גרם,false,1,9.90,5.6897,true,1,101647
4009900465304,false,סקיטלס חמוץ 174 גרם,ריגלי,CZ,סקיטלס חמוץ 174 גרם,גרמים,174.00,100 גרם,false,1,9.90,5.6897,true,1,101648
4009900479998,false,מסטיק אורביט אוכמניו,ריגלי,,מסטיק אורביט אוכמניות בקבוקון,Unknown,0.00,Unknown,false,1,9.90,0.0000,true,1,101649
4009900482417,false,מסטיק אורביט בבאבל מ,ריגלי,,מסטיק אורביט בבאבל מינט בקבוקון,Unknown,0.00,Unknown,false,1,9.90,0.0000,true,1,93429
4009900500166,false,סוכריות סקיטלס פירות,מארס,,סוכריות סקיטלס פירות בקבוקון 125 גרם,גרמים,125.00,100 גרם,false,1,10.90,8.7200,true,1,114540
4009900525138,false,מסטיק אורביט  וויט ת,ריגלי,,מסטיק אורביט  וויט תות בקבוקון,יחידה,1.00,יחידה,false,1,9.90,9.9000,true,1,143016
4009900531122,false,אורביט פרופשיונל ספי,מרס נדרלנד,PL,אורביט פרופשיונל ספירמינט בקבוקון,לא מנהל יחידת מידה,0.00,לא מנהל יחידת מידה,false,1,9.90,0.0000,true,1,123605
4009900536257,false,מסטיק אורביט רפרשרס,מרס ריגלי קונפקשונרי,PL,מסטיק אורביט רפרשרס ספירמנט 67 ג,גרמים,67.00,100 גרם,false,1,10.90,16.2687,true,1,149475
4009900536288,false,מסטיק אורביט רפרשרס,מרס ריגלי קונפקשונרי,PL,מסטיק אורביט רפרשרס פפרמ 67 ג,גרמים,67.00,100 גרם,false,1,10.90,16.2687,true,1,149476
4009900536486,false,מסטיק אורביט רפרשרס,מרס ריגלי קונפקשונרי,PL,מסטיק אורביט רפרשרס באבלמ 67 ג,גרמים,67.00,100 גרם,false,1,10.90,16.2687,true,1,149477
4009900539340,false,סקיטלס גיינט סאוור 1,מרס ריגלי קונפקשונרי,PL,סקיטלס גיינט סאוור 141 גר,גרמים,141.00,100 גרם,false,1,9.90,7.0213,true,1,153422
4009900539685,false,מסטיק פייב מנטה בקבו,מרס נדרלנד,PL,מסטיק פייב מנטה בקבוקון 61.8גרם,גרמים,62.00,100 גרם,false,1,11.90,19.1935,true,1,153873
4009900539746,false,מסטיק פייב אבטיח בקב,מרס נדרלנד,PL,מסטיק פייב אבטיח בקבוקון 61.8גרם,גרמים,62.00,100 גרם,false,1,11.90,19.1935,true,1,153874
4009900540551,false,אורביט ריפרשרס טרופי,מרס פולין,PL,אורביט ריפרשרס טרופיקל,גרמים,67.00,100 גרם,false,1,10.90,16.2687,true,1,153868
4011800567613,false,חטיף קורני סנדוויץ ש,שוורטאוור וורקה,DE,חטיף קורני סנדוויץ שחור לבן מארז 4 יח,גרמים,120.00,100 גרם,false,1,12.90,10.7500,true,1,100613
4011800628512,false,חטיף קורני שוקולד חל,שוורטאוור וורקה,DE,קורני חטיף דגנים עם שוקולד חלב 6 יחידות 150 גרם,גרמים,150.00,100 גרם,false,1,12.90,8.6000,true,1,97691
4011800630515,false,קורני בייס שוק בננה,שוורטאוור וורקה,DE,קורני חטיף דגנים עם שוקולד חלב ובננה 175 גרם,גרמים,150.00,100 גרם,false,1,12.90,8.6000,true,1,97693
4011800632519,false,חטיף קורני שוקולד חל,שוורטאוור וורקה,DE,חטיף קורני שוקולד חלב וקוקוס מארז 6 יח,גרמים,150.00,100 גרם,false,1,12.90,8.6000,true,1,97810
4011800633516,false,חטיף קורני שוקולד מר,שוורטאוור וורקה,DE,חטיף קורני שוקולד מריר מארז 6 יח,גרמים,138.00,100 גרם,false,1,12.90,9.3478,true,1,97100
4011800636517,false,חטיף קורני FREE שוקו,שוורטאוור וורקה,DE,חטיף קורני FREE שוקולד חלב מארז 6 יח,גרמים,120.00,100 גרם,false,1,12.90,10.7500,true,1,97102
4014400901191,false,בונבוניירה מרסי 250,אוגוסט שטורק,DE,בונבוניירה מרסי 250 גרם,גרמים,250.00,100 גרם,false,1,29.90,11.9600,true,1,4131
4014400901405,false,בונבוניירה מרסי חלב,קריניציה ויטמינה אס,DE,"בונבוניירה מרסי חלב 250 גר             """,גרמים,250.00,100 גרם,false,1,29.90,11.9600,true,1,36173
4014400904277,false,סוכריות אייס פרש,תות ממתקי איכות,DE,אייספרש 425 גרם (15 בקרטון),גרמים,425.00,100 גרם,false,1,19.90,4.6824,true,1,16838
4014400904307,false,סוכריות קליפורניה 42,קריניציה ויטמינה אס,DE,קליפורניה שקית 425 גר',גרמים,425.00,100 גרם,false,1,19.90,4.6824,true,1,111429
4014400904376,false,סוכריות שוקולדן,קריניציה ויטמינה אס,DE,סוכ.שטורק שוקולדן 325 גר,גרמים,326.00,100 גרם,false,1,19.90,6.1043,true,1,4133
4014400904390,false,סוכריות שטורק וולמיל,קריניציה ויטמינה אס,DE,וולמילש 325 גר',גרמים,325.00,100 גרם,false,1,19.90,6.1231,true,1,4134
4014400907902,false,סוכריות ללא סוכר,שטורק,DE,ורטרס אורגינל 42 גרם,גרמים,42.00,100 גרם,false,1,6.90,16.4286,true,1,69106
4014400910063,false,סוכריות חמאה וורטר1,אוגוסט שטורק,DE,וורטרס אורגינל סוכריות חמאה 135 גרם,גרמים,135.00,100 גרם,false,1,10.90,8.0741,true,1,69930
4014400914696,false,סוכריות חמאה וורטר ל,אוגוסט שטורק,DE,סוכריות חמאה וורטר ללא סוכר 80 גרם,גרמים,80.00,100 גרם,false,1,10.90,13.6250,true,1,73183
4014400914924,false,סוכריות קפה וורטר לל,אוגוסט שטורק,DE,סוכריות חמאה וורטרס ללא סוכר בטעם קפוצ'ינו,גרמים,80.00,100 גרם,false,1,11.90,14.8750,true,1,73184
4014400920857,false,וורטר שוקולד ללא סוכ,קריניציה ויטמינה אס,DE,וורטרס סוכריות חמאה בטעם שוקולד ללא סוכר,Unknown,0.00,Unknown,false,1,11.90,0.0000,true,1,107093
4014400923711,false,בונבוניירה טופיפי שו,אוגוסט שטורק,DE,בונבוניירה טופיפי שוקולד 125 גרם,גרמים,125.00,100 גרם,false,1,13.90,11.1200,true,1,114221
4014400925319,false,וורטר פופקורן קרמל 1,שטורק,DE,חטיף פופקורן בציפוי קרמל,גרמים,140.00,100 גרם,false,1,14.90,10.6429,true,1,147865
4015400363002,false,טמפקס סופר 20 יח,פרוקטר & גמבל,DE,טמפקס סופר 20 יח,יחידה,20.00,יחידה,false,1,25.90,1.2950,true,1,155219
4015400363064,false,טמפקס סופר פלוס 20 י,פרוקטר & גמבל,DE,טמפקס סופר פלוס 20 יח,יחידה,20.00,יחידה,false,1,25.90,1.2950,true,1,155221
4015400498124,false,תחבושות אולוויז אולט,פרוקטל אנד גמבל,DE,תחבושות אולוויז אולטרה לילה 18 יח,יחידה,18.00,יחידה,false,1,18.90,1.0500,true,1,156711
4015400755487,false,תחבושות אולווייז ולי,פרוקטר אנד גמבל,UA,תחבושות אולווייז וליו פק לונג 24 יחידות,לא מנהל יחידת מידה,0.00,לא מנהל יחידת מידה,false,1,18.90,0.0000,true,1,112625
4015600762742,false,שמפו הד אנד שולדרס ק,קדבורי,RO,"הד אנד שולדרס שמפו קלאסי  500 מ""ל",מיליליטרים,500.00,"100 מ""ל",false,1,24.90,4.9800,true,1,112947
4015600762780,false,שמפו הד אנד שולדרס 2,קדבורי,RO,"הד אנד שולדרס 2 ב 1 קלאסי 500  מ""ל",מיליליטרים,500.00,"100 מ""ל",false,1,24.90,4.9800,true,1,107649
4015600762902,false,שמפו הד אנד שולדרס מ,קדבורי,RO,"הד אנד שולדרס שמפו מנטול  500 מ""ל",מיליליטרים,500.00,"100 מ""ל",false,1,24.90,4.9800,true,1,107650
4015600762940,false,שמפו הד אנד שולדרס ת,קדבורי,RO,"הד אנד שולדרס שמפו תפוח 500 מ""ל",מיליליטרים,500.00,"100 מ""ל",false,1,24.90,4.9800,true,1,115115
4015600763022,false,שמפו הד אנד שולדרס ל,קדבורי,RO,"שמפו הד אנד שולדרס למניעת קשקשים 500 מ""ל",מיליליטרים,500.00,"100 מ""ל",false,1,24.90,4.9800,true,1,107660
4015600766900,false,שמפו הד אנד שולדרס 2,קדבורי,RO,"הד אנד שולדרס שמפו 2 ב1 מנטול 500 מ""ל",מיליליטרים,500.00,"100 מ""ל",false,1,24.90,4.9800,true,1,107659
4015600810849,false,Gillette Clear Gel A,פרוקטר אנד גמבל,PL,Gillette Clear Gel AP Deo Stick Power Ru,מיליליטרים,70.00,"100 מ""ל",false,1,16.90,24.1429,true,1,101062
4017100198151,false,בלזן היט וניל 220גרם,בלזן,PL,בלזן היט וניל 220גרם,גרמים,220.00,100 גרם,false,1,8.90,4.0455,true,1,109482
4017100210105,false,וופלטן וופל מגולגל מ,באלסן,DE,וופלטן וופל מגולגל מריר 100 גרם,גרמים,100.00,100 גרם,false,1,13.90,13.9000,true,1,109483
4017100364112,false,עוגיות היט קקאו 220,הדקלאים אגודת שיתופי,PL,עוגיות היט קקאו 220 גרם,גרמים,220.00,100 גרם,false,1,8.90,4.0455,true,1,106453
4018722100157,false,פסטה פוזילי כוסמין מ,האחים פלם הגפן,DE,פסטה פוזילי כוסמין מלא 250 גרם,גרמים,250.00,100 גרם,false,1,13.90,5.5600,true,1,119830
4018722102632,true,ספגטי כוסמין מלא אור,אלב גולד,DE,כוסמין פסטה אורגנית,גרמים,500.00,100 גרם,false,1,17.90,3.5800,true,1,119831
4018722102656,true,ספגטי כוסמין אורגני,אלב גולד,DE,אלב גולד - ספגטי כוסמין אורגני 500 גרם,גרמים,500.00,100 גרם,false,1,17.90,3.5800,true,1,119832
4018722303459,true,מקרוני כוסמין אורגני,אלב גולד,DE,אלב גולד - מקרוני כוסמין אורגני,גרמים,250.00,100 גרם,false,1,13.90,5.5600,true,1,119833
4022025001752,true,יין בלו נאן מבעבע כש,,,"יין בלו נאן מבעבע כשר 750 מ""ל",מיליליטרים,750.00,"100 מ""ל",false,1,54.90,7.3200,true,1,126689
4022025001790,false,יין בלו נאן 24K גולד,היי סישל סוהן טראבן,DE,"יין בלו נאן 24K גולד מבעבע כשר 750 מ""ל",מיליליטרים,750.00,"100 מ""ל",false,1,54.90,7.3200,true,1,125674
4022025002025,false,24K יין בלו נאן גולד,בלו נאן,DE,"24K יין בלו נאן גולד כשר 200 מ""ל",מיליליטרים,200.00,"100 מ""ל",false,1,25.90,12.9500,true,1,153491
4022025002087,false,24K יין בלו נאן רוזה,בלו נאן,DE,"24K יין בלו נאן רוזה מבעבע כשר 750 מ""ל",מיליליטרים,750.00,"100 מ""ל",false,1,54.90,7.3200,true,1,153289
4022025002254,false,24K יין בלו נאן רוזה,בלו נאן,DE,"24K יין בלו נאן רוזה כשר 200 מ""ל",מיליליטרים,200.00,"100 מ""ל",false,1,25.90,12.9500,true,1,153492
4022025262009,false,יין בלו נאן גוורצטרמ,לנגוט טראבן,,"יין בלו נאן גוורצטרמינר כשר  750 מ""ל",מיליליטרים,750.00,"100 מ""ל",false,1,49.90,6.6533,true,1,118838
4022025262436,false,יין בלו נאן גוורצטרמ,בלו נאן,DE,"יין בלו נאן גוורצטרמינר כשר 250מ""ל",מיליליטרים,250.00,"100 מ""ל",false,1,25.90,10.3600,true,1,153493
4022025290309,false,יין בלו נאן פינק רוז,בלו נאן,DE,"יין בלו נאן פינק רוזה כשר 750 מ""ל",מיליליטרים,750.00,"100 מ""ל",false,1,49.90,6.6533,true,1,153288
4022025773000,false,בלו נאן מוסקטו כשר 7,בלו נאן,DE,"בלו נאן מוסקטו כשר 750 מ""ל",מיליליטרים,750.00,"100 מ""ל",false,1,49.90,6.6533,true,1,153287
4023800531648,false,בונ מוצרט 200 ג CARS,Erasmi & Carstens Gm,DE,בונ מוצרט 200 ג CARSTENS,גרמים,200.00,100 גרם,false,1,19.90,9.9500,true,1,155188
4025700001962,false,שוקולד מילקה לבן,תאי פרזידנט פוד פאבל,UA,מילקה שוקולד לבן 100 גרם,גרמים,100.00,100 גרם,false,1,6.90,6.9000,true,1,64416
4032900111292,false,סיגריות ווינסטון קומ,JTI,UA,סיגריות ווינסטון קומפקט כחול בודד,לא מנהל יחידת מידה,0.00,לא מנהל יחידת מידה,false,1,29.80,0.0000,false,1,125051
4032900111308,false,סיגריות ווינסטון קומ,JTI,UA,סיגריות ווינסטון קומפקט סילבר בודד,לא מנהל יחידת מידה,0.00,לא מנהל יחידת מידה,false,1,29.80,0.0000,false,1,125053
4032900124254,false,וינסטון  קומפקט ברי,,,וינסטון  קומפקט ברי PP בודד,יחידה,1.00,יחידה,false,1,29.80,29.8000,false,1,146167
4033100014468,false,סיגריות אל די אדום ח,JTI,,סיגריות אל די אדום חפיסה בודד,לא מנהל יחידת מידה,0.00,לא מנהל יחידת מידה,false,1,30.20,0.0000,false,1,68047
4033100014499,false,סיגריות אל די כחול ח,JTI,,סיגריות אל די כחול חפיסה בודד,Unknown,0.00,Unknown,false,1,30.20,0.0000,false,1,68046
4033100014529,false,סיגריות אל די סלים ח,JTI,,סיגריות אל די סלים חפיסה בודד,יחידה,1.00,יחידה,false,1,29.00,29.0000,false,1,68049
4033100024146,false,סיגריות וינסטון קוד,JTI,,סיגריות וינסטון קוד חפיסה בודד,לא מנהל יחידת מידה,0.00,לא מנהל יחידת מידה,false,1,32.00,0.0000,false,1,87601
4033100024252,false,סיגריות וינסטון אקוו,JTI,,סיגריות וינסטון אקווה חפיסה בודד,יחידה,0.00,יחידה,false,1,32.00,0.0000,false,1,87603
4033100038914,false,טבק לגלגול קאמל צהוב,JTI,,טבק לגלגול קאמל צהוב חפיסה30 גרם,גרמים,30.00,100 גרם,false,1,81.20,270.6667,false,1,96132
4033100047350,false,טבק לגלגול קאמל כחול,JTI,,טבק לגלגול קאמל כחול חפיסה30 גרם,גרמים,30.00,100 גרם,false,1,81.20,270.6667,false,1,96133
4033100064036,false,טבק לגלגול וינסטון כ,JTI,,טבק לגלגול וינסטון כחול חפיסה30 גרם,גרמים,30.00,100 גרם,false,1,81.20,270.6667,false,1,108636
4043058008778,false,טבק לגלגול אמריקן ספ,jti,,טבק לגלגול אמריקן ספיריט כחול חבילה30גר,גרמים,30.00,100 גרם,false,1,88.20,294.0000,false,1,105956
4043058010412,false,טבק לגלגול אמריקן ספ,jti,,טבק לגלגול אמריקן ספיריט צהוב חבילה30גר,גרמים,30.00,100 גרם,false,1,88.20,294.0000,false,1,107446
4052197000017,false,בירה בנדיקטינר בקבוק,בנדיקטינר וויצבראו,DE,בנדיקטינר בירה 500 מל,מיליליטרים,500.00,"100 מ""ל",false,1,10.90,2.1800,true,1,92843
4052197000352,false,בירה בנדיקטינ,בנדקטינר,,"בירה בנדיקטינר חיטה בקבוק 330 מ""ל",מיליליטרים,330.00,"100 מ""ל",false,1,9.20,2.7879,true,1,119599
4052197000369,false,בירה בנדיקטינר שישיי,benediktiner,DE,"בירה בנדיקטינר שישייה בקבוק 330 מ""ל",ליטרים,1.98,ליטר,false,1,55.90,28.2323,true,1,119598
4052197002806,false,בירה בנדיקטינר פחית,בנדקטינר,,בירה בנדיקטינר פחית מארז רביעייה,ליטרים,2.00,ליטר,false,1,37.90,18.9500,true,1,106275
4052197003254,false,בירה בנדיקטינר לאגר,בנדיקטינר וויצבראו,DE,בנדיקטינר בירה לאגר בהירה אוריגינל 500 מל,מיליליטרים,500.00,"100 מ""ל",false,1,10.90,2.1800,true,1,119601
4062400543125,false,טקילה סיירה זהב רפוס,Sierra Unidas,MX,סיארה טקילה רפוסאדו 700 מל,מיליליטרים,700.00,"100 מ""ל",false,1,94.90,13.5571,true,1,110089
4066600612049,false,פאולנר אוקטובר פייס,"איי, בי, אינבוו",DE,"בירה פאולנר אוקטוברפסט,  בקבוק 500 מ""ל",מיליליטרים,500.00,"100 מ""ל",false,1,12.90,2.5800,true,1,146823
4066600999614,false,בירה פאולנר בקבוק 50,"איי, בי, אינבוו",DE,"בירה פאולנר, בירת חיטה מעוננת, בקבוק 500 מ""ל",מיליליטרים,500.00,"100 מ""ל",false,1,12.90,2.5800,true,1,114960
4067700014849,false,"ייגרמייסטר 700 מ""ל",פארייפאבה אגרואינדוס,DE,"ייגרמייסטר 700 מ""ל",מיליליטרים,700.00,"100 מ""ל",false,1,99.90,14.2714,true,1,113018
4072700001188,false,בירה פרנסיסקאנר בהיר,"איי, בי, אינבוו",DE,בירה פרנסיסקאנר כהה 500 מל,מיליליטרים,500.00,"100 מ""ל",false,1,11.90,2.3800,true,1,57937
4072700001775,false,בירה פרנסיסקאנר בהיר,"איי, בי, אינבוו",DE,"בירה פרנסיסקאנר בהירה פחית 500 מ""ל",מיליליטרים,500.00,"100 מ""ל",false,1,11.90,2.3800,true,1,70969
4072700003649,false,בירה פרנסיסקאנר בקבו,"איי, בי, אינבוו",DE,בירה פרנסיסקאנר בהירה 500 מל,מיליליטרים,500.00,"100 מ""ל",false,1,11.90,2.3800,true,1,57161
4084500065536,false,קרם לחות פנטן,קדבורי,FR,קרם לחות פנטן,לא מנהל יחידת מידה,0.00,לא מנהל יחידת מידה,false,1,19.90,0.0000,true,1,127061
4100130937163,false,בירה בקס 6 יחידות 1.,"איי, בי, אינבוו",DE,בירה בקס 6 יחידות 1.65 ליטר,מיליליטרים,275.00,"100 מ""ל",false,1,34.90,12.6909,true,1,109365
4105120623941,false,בירה וויינשטפן בקבוק,"ויינשטפן, ת.ד 1155 פ",DE,"ויינשטפן בק ח""פ 500 מ""ל",מיליליטרים,500.00,"100 מ""ל",false,1,12.90,2.5800,true,1,147631
4260334140193,false,ממרח אגוזי לוז וקקאו,גוד פוד פרודקטס S.p,DE,ממרח אגוזי לוז קקאו אורגני 200 גרם עם כוס זכוכית,גרמים,200.00,100 גרם,false,1,26.90,13.4500,true,1,124308
4260334140605,false,שוקולד גנדויה טבעוני,האי נאם סי או אל.טי.,IT,שוקולד גנדויה טבעוני עם אגוזי לוז 150גרם,גרמים,150.00,100 גרם,false,1,20.90,13.9333,true,1,146684
4600659010854,false,וודקה סטולי בקבוק 70,פארייפאבה אגרואינדוס,LV,"וודקה סטולי בקבוק 700 מ""ל",מיליליטרים,700.00,"100 מ""ל",false,1,69.90,9.9857,true,1,16391
4602486002071,false,וודקה בלנקאיה גולד 7,מזקקת גאורגייבסקי קר,RU,וודקה בלנקאיה גולד 700 מל,מיליליטרים,770.00,"100 מ""ל",false,1,59.90,7.7792,true,1,143229
4603400000043,false,וודקה רוסקי סטנדרט ב,האי נאם סי או אל.טי.,RU,"וודקה רוסקי סטנדרט בקבוק 700 מ""ל",מיליליטרים,700.00,"100 מ""ל",false,1,69.90,9.9857,true,1,110195
4603514009277,false,גין באריסטר יבש 700מ,לדוגה,RU,גין באריסטר יבש 700מל,מיליליטרים,700.00,"100 מ""ל",false,1,89.90,12.8429,true,1,152392
4603514009390,false,גין באריסטר אולד טום,לדוגה,RU,גין באריסטר אולד טום סמול באטש 700מל,מיליליטרים,700.00,"100 מ""ל",false,1,119.90,17.1286,true,1,152393
4603514011027,false,גין באריסטר ראשין סמ,לדוגה,RU,גין באריסטר ראשין סמול באטש 700מל,מיליליטרים,700.00,"100 מ""ל",false,1,144.90,20.7000,true,1,152394
4603928000976,false,"וודקה בלוגה 700 מ""ל",מרינסקי ליקרו-וודאצ',RU,"וודקה בלוגה 700 מ""ל",מיליליטרים,700.00,"100 מ""ל",false,1,139.90,19.9857,true,1,93089
4610028130052,false,וודקה  לגנד אוף קרמל,מפעל משקאות,,וודקה  לגנד אוף קרמלין 0.70,יחידה,1.00,יחידה,false,1,119.90,119.9000,true,1,143241
4640018993343,false,פיניש קוואנטום 30 יח,רקיט בנקיזר,PL,פיניש קוואנטום קפסולות למדיח 30 טבליות,גרמים,375.00,100 גרם,false,1,39.90,10.6400,true,1,148070
4640018993350,false,פיניש קוואנטום 30 יח,רקיט בנקיזר,PL,פיניש קוואנטום 30 יח קפסולות גיל לימון,גרמים,375.00,100 גרם,false,1,39.90,10.6400,true,1,148071
4710068001692,false,מאסטר קפה לאטה 240 מ,תאיט מרקטינג אנד דיס,,מאסטר קפה לאטה פחית,מיליליטרים,240.00,"100 מ""ל",false,1,7.50,3.1250,true,1,99535
4710068001715,false,מאסטר קפה טירמיסו 24,"איי, בי, אינבוו",,מאסטר קפה טרמיסו פחית 240 מל,מיליליטרים,240.00,"100 מ""ל",false,1,7.50,3.1250,true,1,99598
4710068001739,false,מאסטר קפה קולומביאני,"איי, בי, אינבוו",,מאסטר קפה משקה קפה קר קלאסיקו 240 מל,מיליליטרים,240.00,"100 מ""ל",false,1,7.50,3.1250,true,1,99536
4710068002798,false,מאסטר קפה וונילה פחי,מאיטה פוד אינדוסטריא,,מאסטר קפה לאטה פחית,מיליליטרים,240.00,"100 מ""ל",false,1,7.50,3.1250,true,1,126095
4770179109991,false,PERGALבונבונירה שוקו,PERGALE,LT,PERGALבונבונירה שוקולד עם וודקה 190גרם,גרמים,190.00,100 גרם,false,1,17.90,9.4211,true,1,151816
4770179998090,false,PERGALE ROSבונ רוזס,BARILLA G.E.R.,BE,PERGALE ROS,גרמים,348.00,100 גרם,false,1,34.90,10.0287,true,1,155560
4770179998311,false,PERGALE GOLDבונ גולד,BARILLA G.E.R.,BE,PERGALE GOLDבונ גולד שוקולד חלב 348 ג,גרמים,348.00,100 גרם,false,1,34.90,10.0287,true,1,155561
4796019790013,false,שמן קוקוס אורגני גרי,גרין קוקו,,שמן קוקוס אורגני,מיליליטרים,300.00,"100 מ""ל",false,1,23.90,7.9667,true,1,115512
4820229031311,false,וודקה חורטיצה פלטינו,Global Gourmet Produ,UA,וודקה חורטיצה פלטינום 700 מל,מיליליטרים,700.00,"100 מ""ל",false,1,69.90,9.9857,true,1,155127
4820229032219,false,וודקה חורטיצה אייס 7,Global Gourmet Produ,UA,וודקה חורטיצה אייס 700 מל,מיליליטרים,700.00,"100 מ""ל",false,1,74.90,10.7000,true,1,155128
4891228308032,false,שיק אינטואיישן ידית+,ארץ ייצור סכינים: אר,US,schick - Hydro 5 - sense,יחידה,1.00,יחידה,false,1,69.90,69.9000,true,1,145092
4891228308049,false,שיק היידרו 5 ידית+7,ארץ ייצור סכינים: אר,US,schick - Hydro 5 - sense,יחידה,1.00,יחידה,false,1,69.90,69.9000,true,1,145091
4891228430047,false,שיק אקזקטה 2ירוק 10י,שיק,CN,שיק אקזקטה סכיני גילוח חד פעמי לעור רגיש 10 יחידות,לא מנהל יחידת מידה,0.00,לא מנהל יחידת מידה,false,1,31.60,0.0000,true,1,31193
4891228430061,false,סכיני גילוח 10 יח,"ש. שסטוביץ בע""מ",CN,שיק אקזקטה2 סכיני גילוח לנשים 10 יח',לא מנהל יחידת מידה,0.00,לא מנהל יחידת מידה,false,1,29.90,0.0000,true,1,42139
4902430751483,false,מכשיר גילוח גילט מאך,פרוקטר אנד גמבל,PL,מכשיר גילוח גילט מאך 3 סכין,יחידה,1.00,יחידה,false,1,19.90,19.9000,true,1,121018
5000054353300,false,פריסקיז פטה סלמון 15,פורינה,US,פריסקיז פטה סלמון 156 גרם,גרמים,156.00,100 גרם,false,1,6.90,4.4231,true,1,155651
5000054359500,false,פריסקיז פטה כבד ועוף,פורינה,US,פריסקיז פטה כבד ועוף 156גרם,גרמים,156.00,100 גרם,false,1,6.90,4.4231,true,1,155653
5000111001007,false,"רוטב HP255 מ""ל",HP,,"רוטב HP255 מ""ל",גרמים,250.00,100 גרם,false,1,23.90,9.5600,true,1,89993
5000111041065,false,רוטב וויטרשייר 150 מ,תאי פרזידנט פוד פאבל,,היינץ ווורסטרשייר 150 מל,מיליליטרים,150.00,"100 מ""ל",false,1,12.90,8.6000,true,1,142319
5000111047364,true,HP ברביקיו דבש,יוניליוור גרמניה  Gm,NL,HP  ברביקיו דבש 465 גרם,גרמים,465.00,100 גרם,false,1,16.90,3.6344,true,1,128849
5000111047371,true,HP ברביקיו קלאסי,כלורוקס אוקלנד,NL,465 גרםHP  ברביקיו קלאסי,גרמים,465.00,100 גרם,false,1,16.90,3.6344,true,1,119977
5000157143365,true,מתבל בטעם מיונז וקטש,תאי פרזידנט פוד פאבל,PL,מתבל בטעם מיונז וקטשופ היינץ 425 מל,מיליליטרים,425.00,"100 מ""ל",false,1,15.90,3.7412,true,1,144329
5000159376655,false,סוכריות סקיטלס פירות,ריגלי ממתקים,,סוכריות סקיטלס פירות 38 גרם,גרמים,38.00,100 גרם,false,1,4.50,11.8421,true,1,89876
5000159376792,false,סוכריות סקיטלס חמוץ,ריגלי ממתקים,,סוכריות סקיטלס חמוץ 38 גרם,גרמים,38.00,100 גרם,false,1,4.50,11.8421,true,1,89877
5000159407236,false,חטיף מרס,מרס נדרלנד,,חטיף מרס 51 גרם,גרמים,51.00,100 גרם,false,1,4.90,9.6078,true,1,49581
5000159459228,false,חטיף טויקס שוקולד,"נארז ע""י : א.ג. גילר",NL,חטיף טויקס 50 גרם,גרמים,50.00,100 גרם,false,1,4.90,9.8000,true,1,91609
5000159461122,false,חטיף סניקרס שוקולד,"נארז ע""י : א.ג. גילר",NL,חטיף סניקרס שוקולד 50 גרם,גרמים,50.00,100 גרם,false,1,4.90,9.8000,true,1,91610
5000159474771,false,שקית שוקולד מרס 170ג,מרסי,NL,שקית שוקולד מרס 170גרם,גרמים,170.00,100 גרם,false,1,11.90,7.0000,true,1,147325
5000159500845,true,סלבריישן מארז מתנה 1,מארס,NL,סלבריישן מארז מתנה 196 גרם,גרמים,196.00,100 גרם,false,1,22.90,11.6837,true,1,156280
5000168199245,false,שוקולד גודייבה פיור,"אולקר מקבוצת פלאדיס,",TR,שוקולד חלב מעולה בתוספת חתיכות קרם קרמל מלוח,גרמים,90.00,100 גרם,false,1,14.90,16.5556,true,1,152090
5000204048711,false,קיווי להגנת נעלי ספו,ג'ונסון אנד ג'ונסון,PL,"קיווי להגנת נעלי ספורט 200 מ""ל",מיליליטרים,200.00,"100 מ""ל",false,1,17.90,8.9500,true,1,152674
5000204048803,false,קיווי לניקוי נעלי ספ,ג'ונסון אנד ג'ונסון,PL,"קיווי לניקוי נעלי ספורט 75 מ""ל",מיליליטרים,75.00,"100 מ""ל",false,1,17.90,23.8667,true,1,152675
5000204151053,false,פלדג אירוסול  לניקוי,יורופרייטס,NL,פלדג לניקוי רהיטי עץ טבעי,מיליליטרים,250.00,"100 מ""ל",false,1,14.90,5.9600,true,1,145623
5000204196689,false,רייד מכשיר + נוזל מי,Zobele Bulgaria,BG,רייד מכשיר + נוזל מילוי 90לילות 36 מל,מיליליטרים,72.00,"100 מ""ל",false,1,44.90,62.3611,true,1,151373
5000204196924,false,רייד נוזל מילוי זוג,Zobele Bulgaria,BG,רייד נוזל מילוי זוג 90 לילות 36 מל,מיליליטרים,72.00,"100 מ""ל",false,1,39.90,55.4167,true,1,151374
5000204657883,false,משחת נעליים קיוי חום,המאפיה של הרמן,ID,משחת נעליים בצבע חום,יחידה,0.00,יחידה,false,1,6.80,0.0000,true,1,89228
5000204657913,false,משחת נעליים קווי שחו,המאפיה של הרמן,ID,קיווי משחת נעליים בקופסא שחור 35 גרם,יחידה,1.00,יחידה,false,1,6.80,6.8000,true,1,89229
5000204658064,false,משחת נעליים קיוי אקס,המאפיה של הרמן,HN,קיווי ספוג ייחודי לצחצוח והברקת נעליים 6 מל,מיליליטרים,0.00,"100 מ""ל",false,1,16.20,0.0000,true,1,89230
5000204658125,false,משחת נעליים קיוי קרא,המאפיה של הרמן,PL,קיווי משחת נעליים נוזלית לנעלי עור-צבע חום 75 מל,מיליליטרים,75.00,"100 מ""ל",false,1,13.90,18.5333,true,1,89231
5000204658187,false,משחת נעליים קיווי קר,המאפיה של הרמן,PL,קיווי נוזל לניקוי נעליים שחור 75 מל,מיליליטרים,75.00,"100 מ""ל",false,1,13.90,18.5333,true,1,89232
5000204660159,false,משחת נעליים קיוי אקס,המאפיה של הרמן,HN,קיווי ספוג ייחודי לצחצוח והברקת נעליים,גרמים,750.00,100 גרם,false,1,16.20,2.1600,true,1,89233
5000204661392,false,משחת נעליים קיוי אקס,המאפיה של הרמן,ID,קיווי משחת נעליים שחור 65 גרם,יחידה,0.00,יחידה,false,1,10.90,0.0000,true,1,89234
5000213014905,false,בירה גינס פחית 440 מ,פארייפאבה אגרואינדוס,IE,בירה גינס 330 מל,מיליליטרים,440.00,"100 מ""ל",false,1,15.90,3.6136,true,1,118858
5000219009295,false,סיגריות פאל מל אדום,BAT,,סיגריות פאל מל אדום ארוך פקט 10 יח,לא מנהל יחידת מידה,0.00,לא מנהל יחידת מידה,false,1,289.00,0.0000,false,1,92921
5000219120112,false,סיגריות פאל מאל כחול,BAT,,סיגריות פאל מאל כחול ארוך סטרים פקט 10 י,לא מנהל יחידת מידה,0.00,לא מנהל יחידת מידה,false,1,289.00,0.0000,false,1,109588
5000267014234,false,ויסקי גוני ווקר אדום,ג'ון ווקר ובניו,,"גוני ווקר אדום 700 מ""ל",מיליליטרים,700.00,"100 מ""ל",false,1,99.90,14.2714,true,1,105345
5000267024233,false,"ויסקי ג""וני ווקר שחו",ג'וני ווקר ובניו,,"גוני ווקר שחור 700 מ""ל",מיליליטרים,700.00,"100 מ""ל",false,1,139.90,19.9857,true,1,53858
5000289925440,false,גין גורדון בקבוק 700,אלכסנדר גורדון ושות',,"ג'ין גורדון לונדון דריי ג'ין, 700 מל",מיליליטרים,700.00,"100 מ""ל",false,1,109.90,15.7000,true,1,109082
5000291020706,false,גין טנקרי 750מל,מנדלז סי.אר. פרודקשן,GB,טנקרי ג'ין יבש 750 מל,מיליליטרים,750.00,"100 מ""ל",false,1,149.90,19.9867,true,1,149070
5000299223031,false,רום קפטן מורגן ספייס,יבואן ומשווק: ש. שסט,,קפטן מורגן ספייסד גולד 750 מל,מיליליטרים,700.00,"100 מ""ל",false,1,114.90,16.4143,true,1,114018
5000329002193,false,גין,"איי, בי, אינבוו",,"ג'ין ביפאיטר, 700 מ''ל",מיליליטרים,1.00,"100 מ""ל",false,1,119.90,11990.0000,true,1,109081
5000394019171,false,סוללות דורסל D פלוס,יוליניבר,US,דורסל סוללות D|2,יחידה,1.00,יחידה,false,1,28.90,28.9000,true,1,116884
5010038454831,false,בירה בלו מון בקבוק 3,"איי, בי, אינבוו",,"בירה בלו מון 5.4% כוהל 330 מ""ל",מיליליטרים,330.00,"100 מ""ל",false,1,13.90,4.2121,true,1,142502
5010103800259,false,ויסקי J&B בקבוק 700,גסטוריני אנד ברוקס,,"ויסקי J&B בקבוק 700 מ""ל",מיליליטרים,700.00,"100 מ""ל",false,1,109.90,15.7000,true,1,41831
5010182996805,false,רייד מונע עש זוג,כצט,IT,רייד נגד עש בניחוח עץ לבנדר,Unknown,0.00,Unknown,false,1,13.80,0.0000,true,1,5305
5010182997680,false,תרסיס רייד קוטל נמלי,אס.סי.ג'ונסון מידרכט,NL,"תרסיס רייד קוטל נמלים אדום 300 מ""ל",מיליליטרים,300.00,"100 מ""ל",false,1,19.90,6.6333,true,1,5310
5010182998847,false,נוזל לאסלה כחול ים,מיוצר עי קונדיטוריית,NL,ניקוי נוזל לאסלה,מיליליטרים,750.00,"100 מ""ל",false,1,12.90,1.7200,true,1,73358
5010182998861,false,נוזל לניקוי אסלה ירו,מיוצר עי קונדיטוריית,NL,דאק נוזל לניקוי אסלה ירוק בניחוח רענן- בודד  750 מ,מיליליטרים,750.00,"100 מ""ל",false,1,12.90,1.7200,true,1,73359
5010296169249,false,בלום לונדון דריי גין,קווניט אסנשל,GB,בלום לונדון דריי גין 700 מל,מיליליטרים,700.00,"100 מ""ל",false,1,169.90,24.2714,true,1,144898
5010327000046,false,"ויסקי גרנטס 700 מ""ל","איי, בי, אינבוו",,"ויסקי גרנטס 700 מ""ל",מיליליטרים,700.00,"100 מ""ל",false,1,89.90,12.8429,true,1,5319
5010327105215,false,ויסקי מנקי שולדר 700,וויליאם גרנט,GB,"ויסקי מנקי שולדר 700 מ""ל",מיליליטרים,700.00,"100 מ""ל",false,1,149.90,21.4143,true,1,152118
5010327399614,false,גלנפידיך 12 שנה 700,,GB,גלנפידיך 12 שנה 700 מל,מיליליטרים,700.00,"100 מ""ל",false,1,219.90,31.4143,true,1,155122
5010327755014,false,"גין הנדריקס 700 מ""ל",וויליאם גרנט,GB,"גין הנדריקס 700 מ""ל",מיליליטרים,700.00,"100 מ""ל",false,1,149.90,21.4143,true,1,152120
5010677551281,false,בקרדי בריזר לימון בק,"בקרדי בע""מ",BE,"בריזר - משקה כוהלי מוגז בטעם לימון 275 מ""ל",מיליליטרים,275.00,"100 מ""ל",false,1,14.90,5.4182,true,1,5322
5010677551397,false,בקרדי בריזר ליים בקב,"ברקדי בע""מ",BE,"בקרדי בריזר ליים בקבוק 275 מ""ל",מיליליטרים,275.00,"100 מ""ל",false,1,14.90,5.4182,true,1,104982
5010677552387,false,בקרדי בריזר אננס בקב,בקרדי בעמ,BE,"בריזר - משקה כוהלי מוגז בטעם אננס 275 מ""ל",מיליליטרים,275.00,"100 מ""ל",false,1,14.90,5.4182,true,1,5323
5010677554398,false,בקרדי בריזר אבטיח בק,בקרדי בעמ,BE,"בריזר - משקה כוהלי מוגז בטעם אבטיח 275 מ""ל",מיליליטרים,275.00,"100 מ""ל",false,1,14.90,5.4182,true,1,5325
5010677714006,false,גין בומביי ספייר 700,בומביי ספיריטס,ES,ג'ין בומביי ספייר,מיליליטרים,700.00,"100 מ""ל",false,1,129.90,18.5571,true,1,147747
5010677850100,false,וודקה גריי גוס בקבוק,גריי גוס,FR,"וודקה גריי גוס 750 מ""ל",מיליליטרים,700.00,"100 מ""ל",false,1,139.90,19.9857,true,1,124684
5011007003005,false,ויסקי גיימסון בקבוק,"איי, בי, אינבוו",IE,"וויסקי אירי, ג'יימסון, 700 מ''ל",מיליליטרים,700.00,"100 מ""ל",false,1,114.90,16.4143,true,1,58029
5011026108033,false,טולמור דיו וויסקי 70,פארייפאבה אגרואינדוס,IE,טולמור דיו וויסקי אירי 700 מל,מיליליטרים,700.00,"100 מ""ל",false,1,94.90,13.5571,true,1,148203
5014271300429,false,מעדן משמש,פלזנסקי,FR,"מעדן משמש 284 גר                       """,גרמים,284.00,100 גרם,false,1,21.90,7.7113,true,1,5341
5014271310428,false,מעדן דובדבנים שחורים,המאפיה של הרמן,FR,מעדן דובדבנים שחורים סן דלפור 284 גרם,גרמים,284.00,100 גרם,false,1,21.90,7.7113,true,1,5342
5014271330426,false,מעדן אוכמניות כחולות,פלזנסקי,FR,מעדן אוכמניות כחולות סן דלפור 284 גרם,גרמים,284.00,100 גרם,false,1,21.90,7.7113,true,1,5343
5014271350424,false,מעדן ארבע פירות סן ד,המאפיה של הרמן,FR,מעדן ארבע פירות סן דלפור 284 גרם,גרמים,284.00,100 גרם,false,1,21.90,7.7113,true,1,14217
5014271360423,false,מעדן תפוז,המאפיה של הרמן,FR,מעדן סנדלפור תפוז 284 גרם,גרמים,284.00,100 גרם,false,1,21.90,7.7113,true,1,5344
5014271370422,false,מעדן אפרסק סן דלפור,סנט דלפור,FR,מעדן אפרסק סן דלפור 284 גרם,גרמים,284.00,100 גרם,false,1,21.90,7.7113,true,1,5345
5014271400426,false,מעדן תות שדה סן דלפו,המאפיה של הרמן,FR,מעדן תות שדה סן דלפור 284 גרם,גרמים,284.00,100 גרם,false,1,21.90,7.7113,true,1,5347
5014271795980,false,מעדן חמוציות אוכמניו,סנדלפור,FR,סנדלפור מעדן חמוציות ואוכמניות 284 גרם,גרמים,284.00,100 גרם,false,1,21.90,7.7113,true,1,22216
5014379009972,false,בירה באדוויזר  פחית,"איי, בי, אינבוו",,בירה באדוויזר,מיליליטרים,500.00,"100 מ""ל",false,1,11.90,2.3800,true,1,141836
5024546366609,false,"ויסקי לאודרס 700 מ""ל",מקדוף אינטרנשנל דיסט,,לאודרס וויסקי סקוטי 700 מל,גרמים,700.00,100 גרם,false,1,89.90,12.8429,true,1,71866
5026489483955,false,חטיף חומוס סיסולט 45,קופרש סנק פודס,GB,חטיף חומוס סיסולט 45 גרם,גרמים,45.00,100 גרם,false,1,7.90,17.5556,true,1,120945
5029053002408,false,נייר טואלט קלינקס לב,קימברלי קלארק ישראל,IL,"קלינקס נייר טואלט דו שכבתי לבן, 9 גלילים",מטרים,27500.00,מטר,false,1,34.90,0.0013,true,1,5361
5029053510811,false,קוטקס תחבושות נורמל+,קימברלי קלארק,,קוטקס תחבושות עם כנפיים נורמל פלוס 30 יחידות,Unknown,0.00,Unknown,false,1,15.90,0.0000,true,1,5370
5029053510828,false,קוטקס תחבושות סופר+כ,קימברלי קלארק,,קוטקס תחבושות  עם כנפיים סופר פלוס 22 יחידות,Unknown,0.00,Unknown,false,1,15.90,0.0000,true,1,5371
5029053523446,false,קוטקס תחבושות נייט 2,קימברלי קלארק,,קוטקס תחבושות עם כנפיים נייט 20 יחידות,לא מנהל יחידת מידה,0.00,לא מנהל יחידת מידה,false,1,15.90,0.0000,true,1,5381
5029053527604,false,ת.ספיגה דריי נייטס,KC Czech,,תחתון ספיגה דריי נייטס             15-8,Unknown,0.00,Unknown,false,1,34.90,0.0000,true,1,31682
5029053538426,false,חיתולי האגיס שחיה L,KC Czech,,ח.האגיס שחיה 11 L יח,לא מנהל יחידת מידה,0.00,לא מנהל יחידת מידה,false,1,40.90,0.0000,true,1,97947
5035766044673,false,סיידר תפוחים 5% אלכו,האי נאם סי או אל.טי.,BE,סיידר תפוחים 5% אלכוהול סטרונגבאו 330 מל,מיליליטרים,330.00,"100 מ""ל",false,1,9.00,2.7273,true,1,103975
5035766060253,false,בירה מרפיס סטאוט,"איי, בי, אינבוו",,"בירה מרפיס, בירת סטאוט, פחית 500 מ""ל",מיליליטרים,500.00,"100 מ""ל",false,1,14.80,2.9600,true,1,59016
5038342162419,false,וויסקי סקוטי מק-איוו,קמבל מאייר,GB,וויסקי סקוטי מק-איוור 700מל,מיליליטרים,700.00,"100 מ""ל",false,1,64.90,9.2714,true,1,144899
5038483574386,false,קונדומים דורקס פדרלי,רקיט בנקיזר הלת'קר,,קונדומים דורקס פדרלייט 3 * 12 יח,לא מנהל יחידת מידה,0.00,לא מנהל יחידת מידה,false,1,19.90,0.0000,true,1,58926
5038483574416,false,קונדומים דורקס אקסטר,רקיט בנקיזר הלת'קר,,קונדומים דורקס אקסטרא 3 יחידות,לא מנהל יחידת מידה,0.00,לא מנהל יחידת מידה,false,1,19.90,0.0000,true,1,87832
5038483578780,false,קונדומים דורקס עלית,רקיט בנקיזר הלת'קר,,קונדומים דורקס עלית  3 יחידות,לא מנהל יחידת מידה,0.00,לא מנהל יחידת מידה,false,1,19.90,0.0000,true,1,59357
5050895246835,false,גלי בלי מפיץ ריח מוח,יוניליוור,CN,גלי בלי מפיץ ריח מוחיטו מקלות 30 מל,ליטרים,30.00,ליטר,false,1,13.90,0.4633,true,1,154765
5050895247351,false,גלי בלי מפיץ ריח דוב,יוניליוור,CN,גלי בלי מפיץ ריח דובדבן מקלות 30 מל,ליטרים,30.00,ליטר,false,1,13.90,0.4633,true,1,154766
5050895247412,false,גלי בלי מפיץ ריח תות,יוניליוור,CN,גלי בלי מפיץ ריח תותי פרוטי מקלות 30 מל,ליטרים,30.00,ליטר,false,1,13.90,0.4633,true,1,154767
5056357900925,false,סניקרס חמאת בוטנים 5,מרס נדרלנד,US,סניקרס חמאת בוטנים 57 גרם,גרמים,59.00,100 גרם,false,1,16.90,28.6441,true,1,148340
5056357901427,false,חטיף חלבון m&m בטעם,מארס,GB,חטיף חלבון m&m בטעם שוקולד,גרמים,51.00,100 גרם,false,1,16.90,33.1373,true,1,152687
5056357901441,false,חטיף חלבון בוטנים 15,מארס,GB,חטיף חלבון בוטנים 15 חלבון 51 גרם m&m,גרמים,51.00,100 גרם,false,1,16.90,33.1373,true,1,152688
5056357903834,false,חטיף  באונטי 18גרם ח,מארס יורק אנגליה,GB,חטיף  באונטי 18גרם חלבון  52גרם,גרמים,52.00,100 גרם,false,1,16.90,32.5000,true,1,153290
5060045588128,false,"גים בים לבן 700 מ""ל","איי, בי, אינבוו",US,ג'ים בים וויסקי קנטאקי ברבן ג'ים בים 700 מל,מיליליטרים,700.00,"100 מ""ל",false,1,84.90,12.1286,true,1,136171
5060221201391,false,chaosגרנייד בטעם קרמ,גרנייה,NL,chaosגרנייד בטעם קרמל60  גרם,גרמים,60.00,100 גרם,false,1,16.90,28.1667,true,1,154056
5060221201810,false,גרנייד  שוקולד לבן ע,גרנייה,NL,גרנייד  שוקולד לבן עוגיות 60גרם,גרמים,60.00,100 גרם,false,1,16.90,28.1667,true,1,154058
5060221203753,false,חטיף חלבון גרנייד  ח,,GB,חטיף חלבון גרנייד  חמאת בוטנים 21 חלבון,גרמים,60.00,100 גרם,false,1,16.90,28.1667,true,1,152814
5060221206860,false,חטיף חלבון גרנייד  ק,,GB,חטיף חלבון גרנייד  קרמל מלוח 20 חלבון 60,גרמים,60.00,100 גרם,false,1,16.90,28.1667,true,1,152817
5060402908248,false,סניקרס פרוטאין 55 גר,מרס נדרלנד,US,סניקרס פרוטאין 55 גרם,גרמים,59.00,100 גרם,false,1,16.90,28.6441,true,1,148341
5060402908286,false,מארס פרוטאין 59 גרם,מרס נדרלנד,US,מארס פרוטאין 59 גרם,גרמים,59.00,100 גרם,false,1,16.90,28.6441,true,1,148338
5060402909542,false,מארס קרמל מלוח 59 גר,מרס נדרלנד,US,מארס קרמל מלוח 59 גרם,גרמים,59.00,100 גרם,false,1,16.90,28.6441,true,1,148339
5060517886486,false,משקה אנרגיה מונסטר פ,Monster energy סרביה,RU,"מונסטר אנרג'י פח 500 מ""ל",מיליליטרים,500.00,"100 מ""ל",false,1,8.90,1.7800,true,1,143367
5060517886516,false,משקה אנרגיה מונסטר ז,Monster energy סרביה,RU,"מונסטר אנרג'י זירו פח 500 מ""ל",מיליליטרים,500.00,"100 מ""ל",false,1,8.90,1.7800,true,1,143368
5060639128051,false,מונסטר ULTRA פח 500,Monster energy סרביה,RS,"מונסטר ULTRA פח 500 מ""ל",מיליליטרים,500.00,"100 מ""ל",false,1,8.90,1.7800,true,1,146134
5060639129102,false,משקה אנרגיה מונסטר M,Monster energy סרביה,RS,"מונסטר Mango Loco פח 500 מ""ל",מיליליטרים,500.00,"100 מ""ל",false,1,8.90,1.7800,true,1,148204
5060751218173,false,משקה אנרגיה מונסטר פ,Monster energy סרביה,IE,"מונסטר פייפליין פאנץ' פח 500 מ""ל",מיליליטרים,500.00,"100 מ""ל",false,1,8.90,1.7800,true,1,154474
5060751219033,false,משקה אנרגיה מונסטר א,Monster energy סרביה,IE,"מונסטר  ULTRA PARADISE פח 500 מ""ל",מיליליטרים,500.00,"100 מ""ל",false,1,8.90,1.7800,true,1,154475
5060756343702,false,WARRIORחטיף חלבון קר,תעשיות מזון בלאבאן,US,WARRIORחטיף חלבון קראנץ פטל שוקולד מריר,גרמים,64.00,100 גרם,false,1,13.90,21.7188,true,1,156721
5099873017623,false,גק דניאלס תפוח 700 מ,מזקקת ג'ק דניאלס,BE,ליקר טנסי קינמון על בסיס ג'ק דניאל'ס,מיליליטרים,700.00,"100 מ""ל",false,1,124.90,17.8429,true,1,148205
5099873038758,false,וויסקי גנטלמן גק 700,ג'ק דניאלס,US,"ג'נטלמן ג'ק 700 מ""ל",מיליליטרים,700.00,"100 מ""ל",false,1,149.90,21.4143,true,1,147635
5099873210642,false,וויסקי גק דניאלס דבש,,US,וויסקי גק דניאלס דבש כוס 700 מל,מיליליטרים,700.00,"100 מ""ל",false,1,124.90,17.8429,true,1,154476
5200133120476,false,גליליות וופלים 400 ג,יוניליוור גרמניה  Gm,GR,גליליות וופלים 400 גרם אגוזים וקקאו,גרמים,400.00,100 גרם,false,1,18.90,4.7250,true,1,140056
5200133120483,false,גליליות וופלים 400 ג,יוניליוור גרמניה  Gm,GR,"גליליות וופלים ממולאות קרם בטעם וניל, 400 גרם",גרמים,400.00,100 גרם,false,1,18.90,4.7250,true,1,141852
5201004020338,false,קפריס רולס קלאסיק 40,פפדופולוס,GR,קפריס רולס קלאסיק 400 גרם,גרמים,400.00,100 גרם,false,1,19.90,4.9750,true,1,141255
5201484021009,false,אוזו סאן ריבל,san rival,GR,"אוזו סאן ריבל 700 מ""ל",מיליליטרים,700.00,"100 מ""ל",false,1,89.90,12.8429,true,1,97377
5201940040117,false,זיתים ירוקים במלח דב,סוילה,GR,זיתים ירוקים במלח דברים טובים סגל 700 גר,גרמים,700.00,100 גרם,false,1,18.90,2.7000,true,1,156713
5201940050123,false,זיתים ירוקים במלח לל,סוילה,GR,זיתים ירוקים במלח ללא גלעין  דברים טובים סגל 700 ג,גרמים,700.00,100 גרם,false,1,18.90,2.7000,true,1,156714
5202390014222,false,צהובה עגבניות בזיל ט,פרוטרופיק סיה.,GR,צהובה עגבניות בזיל טבעוני 200 גרם ויוליף,גרמים,200.00,100 גרם,false,1,23.90,11.9500,true,1,119029
5202390014239,false,צהובה עשבי תיבול טבע,פרוטרופיק סיה.,GR,צהובה עשבי תיבול טבעוני 200 גרם ויולייף,גרמים,200.00,100 גרם,false,1,23.90,11.9500,true,1,119030
5202390015618,false,צהובה אורגינל טבעוני,פרוטרופיק סיה.,GR,צהובה אורגינל טבעוני 200 גרם ויולייף,גרמים,200.00,100 גרם,false,1,23.90,11.9500,true,1,98985
5202390016325,false,צהובה מעושנת טבעוני,"אריביה אס.אי., יוון",GR,צהובה מעושנת טבעוני 200 גרם ויולייף,גרמים,200.00,100 גרם,false,1,23.90,11.9500,true,1,124314
5202390016967,false,צהובה עם פטריות טבעו,פרוטרופיק סיה.,GR,צהובה עם פטריות טבעוני 200 גרם ויולייף,גרמים,200.00,100 גרם,false,1,23.90,11.9500,true,1,124313
5202390020407,false,יוונית בסגנון פטה טב,פרוטרופיק סיה.,GR,יוונית בסגנון פטה טבעוני 200 גרם ויולייף,גרמים,200.00,100 גרם,false,1,27.90,13.9500,true,1,123319
5202390021121,false,קרמי אורגינל טבעוני,וויטרוס אס.אי.,GR,ויולייף קרמית טבעונית בסגנון אורגינלי 150 גרם,גרמים,150.00,100 גרם,false,1,20.90,13.9333,true,1,123318
5208049001452,false,גולדן ירוק 30 ג+ ניי,BAT,,גולדן ירוק 30 ג+ נייר PP פקט חפיסה,יחידה,1.00,יחידה,false,1,70.00,70.0000,false,1,142593
5208049001483,false,גולדן וירגיניה לבן30,,,גולדן וירגיניה לבן30 גר+ נייר גלגול P,גרמים,30.00,100 גרם,false,1,70.00,233.3333,false,1,142289
5208049001513,false,גולדן וירגיניה צהוב,,,גולדן וירגיניה צהוב 30 גר+ נייר גלגול P,גרמים,30.00,100 גרם,false,1,70.00,233.3333,true,1,142288
5208049001841,false,פאל מאל דמי קפסולה ב,גלוברנס,,פאל מאל דמי קפסולה בודד,יחידה,1.00,יחידה,false,1,27.30,27.3000,false,1,142003
5208049002473,false,סיגריות קנט ארוך חפי,BAT,,סיגריות קנט ארוך חפיסה בודד PP,יחידה,1.00,יחידה,false,1,38.40,38.4000,false,1,142296
5208049004781,false,סיגריות פאל מאל ברי,,,סיגריות,יחידה,1.00,יחידה,false,1,27.30,27.3000,false,1,147431
5208049006594,false,פאל מאל אקסטרה כחול,BAT,DE,פאל מאל אקסטרה כחול חפיסה,יחידה,1.00,יחידה,false,1,30.20,30.2000,true,1,155549
5208049006624,false,פאל מאל אקסטרה סילבר,BAT,DE,פאל מאל אקסטרה סילבר חפיסה,יחידה,1.00,יחידה,false,1,30.20,30.2000,true,1,155551
5208049006655,false,סיגריות פלמל אקסטרה,,RO,סיגריות פלמל אקסטרה מנדרינה חפיסה,יחידה,1.00,יחידה,false,1,30.20,30.2000,true,1,156898
5410126006087,false,ביסקוויט לוטוס,כלורוקס אוקלנד,BE,ביסקוויט לוטוס בטעם קרמל700 גר,גרמים,700.00,100 גרם,false,1,29.90,4.2714,true,1,97930
5410126006360,false,לוטוס עוגיות סנדוויץ,מונדלייז,BE,לוטוס עוגיות סנדוויץ במילוי לוטוס 150 גר,גרמים,150.00,100 גרם,false,1,9.90,6.6000,true,1,152693
5410126006377,false,לוטוס עוגיות סנדוויץ,מונדלייז,BE,לוטוס עוגיות סנדוויץ במילוי וניל 150 גרם,גרמים,150.00,100 גרם,false,1,9.90,6.6000,true,1,152694
5410126106022,false,מארז חגים לוטוס 2 25,לוטוס בייקרי,BE,מארז חגים לוטוס 2 250 גרם,גרמים,250.00,100 גרם,false,1,23.90,9.5600,true,1,156069
5410126106183,false,ביסקוויט קרמל לוטוס,כלורוקס אוקלנד,BE,"ביסקויט קרמל 312 גרם בד""צ 50 יח ארוז בנפ",גרמים,312.00,100 גרם,false,1,19.90,6.3782,true,1,14377
5410126116953,false,ממרח לוטוס עוגיות קר,כלורוקס אוקלנד,BE,לוטוס ממרח עוגיות קרמל 400 גרם,גרמים,400.00,100 גרם,false,1,22.90,5.7250,true,1,89171
5410126126020,false,מארז שבועות עוגיות ל,,,מארז שבועות עוגיות לוטוס250גרם,גרמים,250.00,100 גרם,false,1,23.90,9.5600,true,1,149635
5410126716016,false,ביסקוויט לוטוס טעם ק,לוטוס ביקרי בלגיה,BE,"ביסקויט בטעם קרמל לוטוס 250 גרם בד""צ",גרמים,250.00,100 גרם,false,1,12.90,5.1600,true,1,5851
5410126726947,false,ממרח לוטוס עוגיות קר,כלורוקס אוקלנד,BE,ממרח עוגיות לוטוס קראנץ',גרמים,380.00,100 גרם,false,1,22.90,6.0263,true,1,99442
5410228142089,false,בירה לף בלונד בקבוק,אינבב,,"בירה לף בלונד בקבוק 330 מ""ל",מיליליטרים,330.00,"100 מ""ל",false,1,9.90,3.0000,true,1,154906
5410228217732,false,סטלה ארטואה - פחית 4,מנדלז סי.אר. פרודקשן,BE,בירה סטלה ארטואה בפחית 440 מל,מיליליטרים,440.00,"100 מ""ל",false,1,12.90,2.9318,true,1,148206
5410228267508,false,בירה באדוויזר בקבוק,"איי, בי, אינבוו",,בירה באדוויזר,מיליליטרים,330.00,"100 מ""ל",false,1,8.90,2.6970,true,1,141835
5410228267515,false,בירה באדוויזר שישייה,"איי, בי, אינבוו",,בירה באדוויזר,ליטרים,1.98,ליטר,false,1,43.90,22.1717,true,1,141829
5410316983693,false,סמירנוף אייס בקבוק .,דיאג'ו אופריישנס,IT,סמירנוף אייס בודד,מיליליטרים,275.00,"100 מ""ל",false,1,12.90,4.6909,true,1,13104
5410769100081,false,בירה לה שוף בקבוק 33,"איי, בי, אינבוו",BE,לה שוף בירה חזקה ומעוננת 330 מל,מיליליטרים,330.00,"100 מ""ל",false,1,15.90,4.8182,true,1,70519
5410769200088,false,בירה מק שוף בקבוק 33,פארייפאבה אגרואינדוס,BE,"בירה מק שוף בקבוק 330 מ""ל",מיליליטרים,330.00,"100 מ""ל",false,1,15.90,4.8182,true,1,70521
5410769800097,false,בירה צרי שוף 8% בקבו,פארייפאבה אגרואינדוס,BE,"בירה צרי שוף 8% בקבוק 330 מ""ל",מיליליטרים,330.00,"100 מ""ל",false,1,15.90,4.8182,true,1,118067
5410850413304,false,BARONI DE LUXEבונ צד,BARILLA G.E.R.,BE,BARONI DE LUXEבונ צדפות בלגיים  250 ג,גרמים,250.00,100 גרם,false,1,19.90,7.9600,true,1,155558
5411081003654,false,בירה קסטל רוזי 330,יושלם,,בירה קסטל רוזי                     330,מיליליטרים,330.00,"100 מ""ל",false,1,12.90,3.9091,true,1,123816
5411188081852,false,משקה סויה אלפרו וניל,הנסיך- מפעל לייצור ט,BE,משקה סויה אלפרו וניל 1 ליטר,ליטרים,1.00,ליטר,false,1,14.90,14.9000,true,1,99490
5411188096108,false,שמנת לבישול אלפרו 25,אלפרו C.V.A,BE,"שמנת לבישול אלפרו 250 מ""ל",מיליליטרים,250.00,"100 מ""ל",false,1,9.90,3.9600,true,1,65939
5411188106159,false,משקה סויה לייט,הנסיך- מפעל לייצור ט,BE,אלפרו משקה סויה מופחת שומן 1ל,ליטרים,1.00,ליטר,false,1,14.90,14.9000,true,1,99491
5411188110835,false,משקה אלפרו חלב שקדים,הנסיך- מפעל לייצור ט,BE,אלפרו משקה שקדים 1ל,ליטרים,1.00,ליטר,false,1,14.90,14.9000,true,1,91584
5411188112549,false,משקה אלפרו אורז 1 לי,הנסיך- מפעל לייצור ט,BE,אלפרו משקה אורז 1ל,ליטרים,1.00,ליטר,false,1,14.90,14.9000,true,1,98518
5411188112709,false,אלפרו משקה שקדים ללא,הנסיך- מפעל לייצור ט,BE,אלפרו משקה שקדים ללס 1ל,ליטרים,1.00,ליטר,false,1,14.90,14.9000,true,1,102172
5411188115472,false,משקה סויה אלפרו 1ל,אלפרו C.V.A,BE,אלפרו משקה סויה  1ל,ליטרים,1.00,ליטר,false,1,14.90,14.9000,true,1,146623
5411188120742,false,משקה אלפרו שקדים בטע,הנסיך- מפעל לייצור ט,BE,אלפרו משקה שקדים וניל 1ל,ליטרים,1.00,ליטר,false,1,14.90,14.9000,true,1,111045
5411188121923,false,משקה סויה אלפרו סידן,הנסיך- מפעל לייצור ט,BE,אלפרו משקה סויה 3*250מל,מיליליטרים,750.00,"100 מ""ל",false,1,14.90,1.9867,true,1,118107
5411188124726,false,משקה אלפרו שיבולת שו,הדקלאים אגודת שיתופי,BE,אלפרו משקה ש.שועל שקדים1ל,ליטרים,1.00,ליטר,false,1,14.90,14.9000,true,1,117622
5411188127697,false,משקה בריסטה שיבולת ש,הנסיך- מפעל לייצור ט,BE,אלפרו בריסטה שיבולת שועל 1ל,ליטרים,1.00,ליטר,false,1,14.90,14.9000,true,1,146625
5411188129899,false,משקה בריסטה שקדים א,הנסיך- מפעל לייצור ט,BE,אלפרו בריסטה שקדים 1ל,ליטרים,1.00,ליטר,false,1,14.90,14.9000,true,1,146626
5411188133490,false,אלפרו משקה סויה קפה,אלפרו,BE,"אלפרו משקה סויה קפה קרמל עם חלבון 250 מ""",מיליליטרים,250.00,"100 מ""ל",false,1,7.50,3.0000,true,1,150655
5411188134985,false,3.5%שומן  NOT MILK א,הנסיך- מפעל לייצור ט,BE,3.5%שומן  NOT MILK אלפרו שבולת שועל 1 לי,ליטרים,1.00,ליטר,false,1,13.90,13.9000,true,1,150658
5411188135005,false,1.8%שומן  NOT MILK א,הנסיך- מפעל לייצור ט,BE,1.8%שומן  NOT MILK אלפרו שבולת שועל 1 לי,ליטרים,1.00,ליטר,false,1,13.90,13.9000,true,1,150657
5411188300328,false,משקה סויה שוקו,הנסיך- מפעל לייצור ט,BE,אלפרו משקה סויה שוקו 1ל,ליטרים,1.00,ליטר,false,1,14.90,14.9000,true,1,99493
5411188513483,false,אלפרו סויה לבישול 14,אלפרו,BE,אלפרו סויה לבישול 14% שומן 250מל,מיליליטרים,250.00,"100 מ""ל",false,1,9.90,3.9600,true,1,153380
5411188543398,false,משקה סויה  אלפרו ללא,הנסיך- מפעל לייצור ט,BE,אלפרו משקה סויה ללא סוכר 1 ליטר,ליטרים,1.00,ליטר,false,1,14.90,14.9000,true,1,146627
5411616002190,false,בירה מרטנס סטרונג 8.,שוורצקוף& הנקל דיסלד,BE,"בירה Strong מרטנס 500 מ""ל 8.5%",מיליליטרים,500.00,"100 מ""ל",false,1,6.90,1.3800,true,1,116324
5411616133245,false,בירה מרטנס לאגר פחית,שוורצקוף& הנקל דיסלד,BE,"בירה מרטנס ירוק פרימיום 500 מ""ל 5%",מיליליטרים,500.00,"100 מ""ל",false,1,6.90,1.3800,true,1,99057
5411616148546,false,בירה מרטנס גולד פחית,מיוצר בסין.יבוא ושיו,BE,בירה מרטנס גולד  500מל 6.5%,מיליליטרים,500.00,"100 מ""ל",false,1,6.90,1.3800,true,1,111183
5411681014005,false,בירה דובל בקבוק 330,פארייפאבה אגרואינדוס,IL,"בירה דובל בקבוק 330 מ""ל",מיליליטרים,330.00,"100 מ""ל",false,1,15.90,4.8182,true,1,5871
5411681038001,false,בירה מרדסו בקבוק 330,"איי, בי, אינבוו",BE,בירה מרדסו 10% כוהל 330 מל,מיליליטרים,330.00,"100 מ""ל",false,1,15.90,4.8182,true,1,111102
5412956214519,false,טב שוקולד מריר עם תפ,Kim's Chocolates NV,BE,טב שוקולד מריר עם תפוז ושקדים 100 ג CACHET,גרמים,100.00,100 גרם,false,1,9.90,9.9000,true,1,155185
5412956214526,false,טב שוקולד מריר עם אג,Kim's Chocolates NV,BE,טב שוקולד מריר עם אגס ושקדים 100 ג CACHET,גרמים,100.00,100 גרם,false,1,9.90,9.9000,true,1,155186
5412956214533,false,טב שוקולד מריר עם לי,Kim's Chocolates NV,BE,טב שוקולד מריר עם לימון ופלפל שחור 100 ג CACHET,גרמים,100.00,100 גרם,false,1,9.90,9.9000,true,1,155184
5412956214540,false,טב שוקולד מריר עם גי,Kim's Chocolates NV,BE,טב שוקולד מריר עם גינגר ואוכמניות 100 ג CACHET,גרמים,100.00,100 גרם,false,1,9.90,9.9000,true,1,155187
5412956214649,false,טב שוקולד מריר 85% ק,Kim's Chocolates NV,BE,טב שוקולד מריר 85% קקאו 100 ג CACHET,גרמים,100.00,100 גרם,false,1,9.90,9.9000,true,1,155182
5413149655522,false,אבקת כביסה אריאל שוש,פרוקטר אנד גמבל,,איראל אבקת כביסה שושן צחור 1.25 קג,קילוגרמים,1.25,"ק""ג",false,1,18.90,15.1200,true,1,50645
5413149922938,false,"אריאל שושן צחור 5 ק""",פרוקטר אנד גמבל,,"אריאל שושן צחור 5 ק""ג",קילוגרמים,6.00,"ק""ג",false,1,49.90,8.3167,true,1,110331
5413548040479,false,רפאלו T24,פררו,PL,כדור וופל בציפוי קוקוס פריך במילוי קרם ושקד שלם,גרמים,240.00,100 גרם,false,1,25.90,10.7917,true,1,78679
5600286004072,false,תפוחונים אורגניים מת,נטורפוד,PT,תפוחונים אורגניים מתקתק 40 גרם נטורפוד,גרמים,40.00,100 גרם,false,1,8.90,22.2500,true,1,145816
5600286004089,false,תפוחונים אורגניים חמ,נטורפוד,PT,תפוחונים אורגניים חמצמץ 40 גרם נטורפוד,גרמים,40.00,100 גרם,false,1,8.90,22.2500,true,1,145817
5601010111035,false,סרדינים בשמן זית 125,רמירז קונסרב,PT,שימורי סרדינים בשמן זית,גרמים,125.00,100 גרם,false,1,12.80,10.2400,true,1,78014
5601010211070,false,סרדינים במים 125 גרם,רמירז קונסרב,PT,שימורי סרדינים במי מלח 100 גרם,גרמים,125.00,100 גרם,false,1,11.20,8.9600,true,1,74462
5601010211087,false,סרדינים פילה בשמן זי,רמירז קונסרב,PT,שימורי סרדינים(פילה)בשמן זית,גרמים,100.00,100 גרם,false,1,13.20,13.2000,true,1,73133
5601045300022,false,משקה גוארנה אנטרטיקה,"איי, בי, אינבוו",PT,"גוארנה אנטרטיקה פחית צרה  330 מ""ל",מיליליטרים,330.00,"100 מ""ל",false,1,7.00,2.1212,true,1,48255
5604912415041,false,סרדינים בשמן חמניה פ,קונסרבס פורטוגל נורט,PT,סרדינים בשמן חמניה 125 גרם,גרמים,125.00,100 גרם,false,1,6.90,5.5200,true,1,141809
5604912415058,false,סרדינים בשמן חמניה ח,,PT,סרדינים בשמן חמניה חריף פורטוס 125 גרם,גרמים,125.00,100 גרם,false,1,6.90,5.5200,true,1,141810
5604912425057,false,מקרלים בשמן חמניה חר,תאי פרזידנט פוד פאבל,PT,מקרלים קטנים בשמן חמניות חריף 125 גרם,גרמים,125.00,100 גרם,false,1,6.90,5.5200,true,1,141812
5608933004369,false,בירה עלמה לאגר כהה ב,פונטסאלם,PT,בירה עלמה לאגר כהה בקבוק 330 מל,מיליליטרים,330.00,"100 מ""ל",false,1,6.90,2.0909,true,1,145037
5701932026964,false,פופקורן עם מלח הוטפו,פופז בעמ,US,פופקורן עם מלח הוטפופ  600 גרם,גרמים,600.00,100 גרם,false,1,15.90,2.6500,true,1,6232
5701932026971,false,פופקורן עם חמאה הוטפ,"פופז בע""מ",US,הוט חמאה 600 ג') ב(12,גרמים,600.00,100 גרם,false,1,15.90,2.6500,true,1,6233
5701932026995,false,פופקורן לייט טבעי הו,פופז בעמ,US,פופקורן לייט טבעי הוטפופ 510 גרם,גרמים,510.00,100 גרם,false,1,15.90,3.1176,true,1,6234
5710840209437,false,באלי נטוראל 40 גר,,,באלי נטוראל 40 גר,גרמים,40.00,100 גרם,false,1,100.00,250.0000,false,1,142868
5710840210013,false,באלי לבן 40 גר,,,באלי לבן 40 גר,גרמים,40.00,100 גרם,false,1,100.00,250.0000,false,1,142867
5711953106583,false,ארלה גבינת שמנת טבעי,ארזינא,DK,ארלה גבינת שמנת טבעי,גרמים,200.00,100 גרם,false,1,16.90,8.4500,true,1,142140
5711953106590,false,ארלה גבינת שמנת שום,ארזינא,DK,ארלה גבינת שמנת שום,גרמים,200.00,100 גרם,false,1,16.90,8.4500,true,1,142141
5711953106606,false,ארלה גבינת שמנת עשבי,ארזינא,DK,ארלה גבינת שמנת עשבי תיבול,גרמים,200.00,100 גרם,false,1,16.90,8.4500,true,1,142142
5740900403215,true,ממרח לורפק עם מלח 25,ארזינא,DK,ממרח לורפק עם מלח 250,גרמים,250.00,100 גרם,false,1,18.90,7.5600,true,1,122582
5740900403239,true,ממרח לורפק ללא מלח 2,ארזינא,DK,ממרח לורפק בלי מלח 250,גרמים,250.00,100 גרם,false,1,19.90,7.9600,true,1,122584
5900020012814,false,דגני בוקר נסקוויק 50,מיוצר עי קונדיטוריית,PL,דגני בוקר נסקוויק 500 גרם,גרמים,500.00,100 גרם,false,1,26.90,5.3800,true,1,63462
5900020024817,false,פיטנס בר דליס שוקולד,סי. פי. פולין,PL,פיטנס בר דליס שוקולד לבן 135 גרם,גרמים,135.00,100 גרם,false,1,16.90,12.5185,true,1,108824
5900020026552,false,דגני האני נאט ציריוס,סי. פי. צרפת,FR,דגני האני נאט ציריוס  625 גרם,גרמים,625.00,100 גרם,false,1,26.90,4.3040,true,1,112086
5900020033314,false,חטיף דגנים ליון מאגד,סי.פי. פולין,PL,חטיף דגנים ליון מאגדת 8*25 גרם,גרמים,200.00,100 גרם,false,1,14.90,7.4500,true,1,123073
5900020034991,false,דגני קראנץ צדפים בטע,סי. פי. פולין,PL,דגני קראנץ צדפים בטעם שוקולד450גרםN9,גרמים,450.00,100 גרם,false,1,26.90,5.9778,true,1,143635
5900020036407,true,ליון דגני בוקר שוקול,סי.פי פולין,PL,ליון דגני בוקר שוקולד וקרמל 480גרם,גרמים,480.00,100 גרם,false,1,26.90,5.6042,true,1,145846
5900627063233,false,פיניש טבליות AIO 50,רקיט בנקיזר,PL,פיניש טבליות AIO 50 יחידות,יחידה,1.00,יחידה,false,1,37.90,37.9000,true,1,125579
5900907000217,false,פלפל אדום בחומץ 680,אורבנק,PL,פלפל אדום בחומץ 680 גרם,גרמים,680.00,100 גרם,false,1,16.90,2.4853,true,1,146053
5900907000347,false,פטריות בתחמיץ 500 גר,אורבנק,PL,פטריות בתחמיץ 500 גרם,גרמים,500.00,100 גרם,false,1,19.90,3.9800,true,1,53941
5900907000583,false,מלפפונים בחומץ 920גר,ברצה אורבנק,,מלפפונים בחומץ 920גרם,גרמים,920.00,100 גרם,false,1,16.90,1.8370,true,1,46077
5900907000828,false,לטשו פטריות 680 גרם,אורבנק,PL,לטשו פטריות 680 גרם,גרמים,680.00,100 גרם,false,1,15.90,2.3382,true,1,146055
5900907000965,false,פטיסון בחומץ 910 גרם,אורבנק,PL,פטיסון בחומץ 910 גרם,גרמים,910.00,100 גרם,false,1,21.90,2.4066,true,1,146059
5900907001429,false,אסורטי 920 גרםURBAN,יושלם,,אסורטי 910גרם,גרמים,910.00,100 גרם,false,1,16.90,1.8571,true,1,46586
5900907001450,false,מלפפון במלח 910 גרם,אורבנק,PL,מלפפון במלח 910 גרם,גרמים,910.00,100 גרם,false,1,16.90,1.8571,true,1,146057
5900907001474,false,עגבניות אדומות בחומץ,,,עגבניות אדומות בחומץ 920 גרם,גרמים,920.00,100 גרם,false,1,16.90,1.8370,true,1,106852
5900907001597,false,כרוב כבוש עם גזר 900,אורבנק,PL,כרוב כבוש עם גזר 900 גרם,גרמים,900.00,100 גרם,false,1,16.90,1.8778,true,1,146060
5900907001719,false,תערובת מלפפונים ועגב,סגל דברים טובים,IL,תערובת מלפפונים ועגבניות,גרמים,910.00,100 גרם,false,1,16.90,1.8571,true,1,146049
5900907003393,false,עגבניות שרי 930 גרם,אורבנק,PL,עגבניות שרי 930 גרם,גרמים,930.00,100 גרם,false,1,16.90,1.8172,true,1,146058
5900951283963,false,dro סניקרס קרימי ח.ב,סנו מפעלי ברונוס.,PL,dro סניקרס קרימי ח.בוטנים 36.5,גרמים,37.00,100 גרם,false,1,4.90,13.2432,true,1,153423
5901414200411,false,עוגיות היט מיני קקאו,בלזן,PL,עוגיות היט מיני קקאו 130 גרם,גרמים,130.00,100 גרם,false,1,6.90,5.3077,true,1,23822
5902198160403,false,משקה אנרגיה XL TEN,"טמפו משקאות בע""מ",IL,"משקה אנרגיה XL TEN  פחית 250 מ""ל",מיליליטרים,250.00,"100 מ""ל",false,1,4.50,1.8000,true,1,115645
5904941750312,false,משקה אנרגיה BLU דיי,אקו - ביט,PL,בלו משקה אנרגיה מוגז 250 מל,מיליליטרים,250.00,"100 מ""ל",false,1,5.00,2.0000,true,1,91156
5904941751241,false,משקה אנרגיה בלו דיי,אקו - ביט,PL,בלו משקה אנרגיה מוגז 250 מל,מיליליטרים,250.00,"100 מ""ל",false,1,5.00,2.0000,true,1,146142
5904941751302,false,משקה אנרגיה BLU  פחי,אקו - ביט,PL,בלו משקה אנרגיה מוגז 250 מל,מיליליטרים,250.00,"100 מ""ל",false,1,5.00,2.0000,true,1,49876
5904941751524,false,משקה אנרגיה BLU דיי,אקו - ביט,PL,בלו משקה אנרגיה מוגז 250 מל,מיליליטרים,250.00,"100 מ""ל",false,1,5.00,2.0000,true,1,91157
5904941751920,false,משקה אנרגיה BLU דיי,אקו - ביט,PL,בלו משקה אנרגיה מוגז 250 מל,מיליליטרים,250.00,"100 מ""ל",false,1,5.00,2.0000,true,1,85325
5904941752262,false,משקה אנרגיה בלו 6 קל,הנסיך- מפעל לייצור ט,PL,בלו משקה אנרגיה מוגז 250 מל,מיליליטרים,250.00,"100 מ""ל",false,1,5.00,2.0000,true,1,146141
5905643070845,false,חמוציות בסירופ קל 40,,PL,חמוציות בסירופ קל 400 גרם,גרמים,400.00,100 גרם,false,1,11.90,2.9750,true,1,127202
5905643070852,false,פטל בסירופ קל 400 גר,,PL,פטל בסירופ קל 400 גרם,גרמים,400.00,100 גרם,false,1,11.90,2.9750,true,1,127200
5905643070869,false,אוכ כחולות בסירופ קל,"קזברוק,ג'.א. קסול",PL,אוכ כחולות בסירופ קל 400 גרם,גרמים,400.00,100 גרם,false,1,11.90,2.9750,true,1,142895
5905643070876,false,פטל שחור בסירופ קל 4,,PL,פטל שחור בסירופ קל 400 גרם,גרמים,400.00,100 גרם,false,1,11.90,2.9750,true,1,126461
5905643070883,false,סירופ תות שדה,,PL,תות שדה בסירופ קל 400 גרם,גרמים,400.00,100 גרם,false,1,11.90,2.9750,true,1,126459
5905643070906,false,תערובת פירות בסירופ,העידן האורגני,,תערובת פירות בסירופ קל 400 גרם,גרמים,400.00,100 גרם,false,1,11.90,2.9750,true,1,119057
5905643071644,false,סירופ אוכמניות שחורו,,PL,אוכ שחורות בסירופ קל 400 גרם,גרמים,400.00,100 גרם,false,1,11.90,2.9750,true,1,119058
5906485301012,false,משקה אנרגיה XL פחית,"טמפו משקאות בע""מ",IL,אקס אל אנרג'י דרינק משקה אנרגיה מוגז,מיליליטרים,250.00,"100 מ""ל",false,1,4.50,1.8000,true,1,25560
5998623526739,false,יין גוורצטרמינר סי ג,דנוביאנה,HU,"יין גוורצטרמינר סי גראס 750 מ""ל",מיליליטרים,750.00,"100 מ""ל",false,1,44.90,5.9867,true,1,145464
5998623530637,false,אדלמה קברנה סובוניון,אדלמה,HU,אדלמה קברנה סובוניון יין אדום 750 מל,מיליליטרים,750.00,"100 מ""ל",false,1,49.90,6.6533,true,1,153974
5998623530644,false,יין רוזה יבש אדלמה פ,אדלמה,HU,יין רוזה יבש אדלמה פינו גרגיו סמוק 750 מ,מיליליטרים,750.00,"100 מ""ל",false,1,49.90,6.6533,true,1,153975
5998749108550,true,ויסקס טמפציקן,מארס,HU,ויסקס טמפציקן,גרמים,60.00,100 גרם,false,1,13.90,23.1667,true,1,155995
6001067001485,false,מברשת שיניים קולגייט,קולגייט פלמוליב,CN,מברשת שיניים קולגייט 360,יחידה,1.00,יחידה,false,1,9.90,9.9000,true,1,154768
6001067027324,false,קולגייט מברשת שיניים,קולגייט - פלמוליב,CN,קולגייט מברשת ילדים בארבי-ספייד חשמלית,יחידה,1.00,יחידה,false,1,54.90,54.9000,true,1,150069
6008165003984,false,סיגריות פאל מל כחול,אמריקן גרדן,,סיגריות פאל מל כחול סטרים חפיסה בודד,לא מנהל יחידת מידה,0.00,לא מנהל יחידת מידה,false,1,31.40,0.0000,false,1,94560
6008165271192,false,סיגריות פאל מל ארוך,אמריקן גרדן,,סיגריות פאל מל ארוך אדום חפיסה בודד,לא מנהל יחידת מידה,0.00,לא מנהל יחידת מידה,false,1,31.40,0.0000,false,1,92922
6008165274629,false,סיגריות פאל מאל כחול,יושלם,,סיגריות פאל מאל כחול ארוך סטרים חפיסה בו,לא מנהל יחידת מידה,0.00,לא מנהל יחידת מידה,false,1,31.40,0.0000,false,1,109589
6111094000259,true,קוסקוס דארי 500 ג,,,קוסקוס דארי בינוני  500 ג,קילוגרמים,0.50,"ק""ג",false,1,8.90,17.8000,true,1,136751
6253017300012,false,טחינה קראוון המקורית,אחדות ביחר לטחינה  ח,IL,טחינה קראוון המקורית 500 גרם,גרמים,500.00,100 גרם,false,1,15.90,3.1800,true,1,86849
6253341100029,false,טחינה עאייש 100% שומ,עומר עאייש שכם,PS,טחינה עאייש 100% שומשום 450 גרם,גרמים,450.00,100 גרם,false,1,15.90,3.5333,true,1,141399
6908235694404,false,אוזניות מיקרופון אונ,,,אוזניות מיקרופון אוניברסליות,יחידה,1.00,יחידה,false,1,29.90,29.9000,true,1,142604
6974706640027,false,סיגריה אלקטרונית סמא,shenzhen hot technol,CN,סיגריה אלקטרונית סמארט אבטיח אייס 3000 שאיפות,יחידה,1.00,יחידה,false,1,99.90,99.9000,true,1,156343
7038516140357,false,מברשת שיניים גורדן ט,פרוטרופיק סיה.,NO,ג'ורדן מברשת שיניים רביעייה סופט,Unknown,0.00,Unknown,false,1,16.90,0.0000,true,1,95372
7070646288653,false,מקס 100בטעם קרמל מלו,הרת'סייד פוד סולושיי,GB,מקס 100בטעם קרמל מלוח,גרמים,100.00,100 גרם,false,1,18.90,18.9000,true,1,150140
7070646289629,false,מקס 100בטעם קרמל קשי,הרת'סייד פוד סולושיי,GB,מקס 100בטעם קרמל קשיו,גרמים,100.00,100 גרם,false,1,18.90,18.9000,true,1,150138
7271730901261,false,פסטה עם גבינה 156 גר,נטו מלינדה-בשר,US,ארוחת אטריות עם רוטב גבינה,גרמים,156.00,100 גרם,false,1,11.90,7.6282,true,1,90377
7290000023007,false,ברנדי שטוק 84  750 מ,"יקבי ברקן בע""ם",IL,"ברנדי שטוק 84  750 מ""ל",מיליליטרים,750.00,"100 מ""ל",false,1,79.90,10.6533,true,1,1759
7290000023083,false,ערק אשקלון 40% בקבוק,"איי, בי, אינבוו",IL,"ערק אשקלון 700 מ""ל",מיליליטרים,700.00,"100 מ""ל",false,1,69.90,9.9857,true,1,101728
7290000023427,false,ליקר אמרטו,ברקן סגל,,ליקר שטוק אמרטו 750 מל,מיליליטרים,750.00,"100 מ""ל",false,1,59.90,7.9867,true,1,1876
7290000023809,false,יין ברקן קלאסיק קברנ,"איי, בי, אינבוו",IL,ברקן קלאסיק קברנה סוביניון יין אדום יבש 2015,מיליליטרים,750.00,"100 מ""ל",false,1,32.90,4.3867,true,1,1942
7290000023816,false,יין ברקן קלאסיק אמרל,"איי, בי, אינבוו",IL,ברקן קלאסיק אמרלד ריזלינג יין לבן חצי יבש 2016,מיליליטרים,750.00,"100 מ""ל",false,1,32.90,4.3867,true,1,1943
7290000023823,false,יין סוביניון בלאן,ברקן סגל,,יין קלאסיק סוביניון בלאן750 מל,Unknown,0.00,Unknown,false,1,32.90,0.0000,true,1,1946
7290000023847,false,יין ברקן קלאסיק שרדו,יקבי ברקן שיווק והפצ,IL,"יין ברקן קלאסיק שרדונה 750 מ""ל",מיליליטרים,750.00,"100 מ""ל",false,1,32.90,4.3867,true,1,1948
7290000023977,false,יין ברקן קלאסיק מרלו,"איי, בי, אינבוו",IL,ברקן קלאסיק מרלו יין אדום יבש 2015 750 מל,מיליליטרים,750.00,"100 מ""ל",false,1,32.90,4.3867,true,1,1953
7290000024202,false,יין ברקן רזרב קברנה,ברקן שיווק והפצה בעמ,IL,"יין ברקן רזרב קברנה סובניון 750 מ""ל",מיליליטרים,750.00,"100 מ""ל",false,1,49.90,6.6533,true,1,1985
7290000024240,false,יין רזרב שרדונה 750,,,יין רזרב שרדונה 750 מל,מיליליטרים,750.00,"100 מ""ל",false,1,52.90,7.0533,true,1,1989
7290000024264,false,יין ברקן רזרב מרלו 7,כרמי צבי - אחים סגל,IL,ברקן רזרב מרלו,מיליליטרים,750.00,"100 מ""ל",false,1,49.90,6.6533,true,1,1990
7290000024523,false,מיץ ענבים תירוש סגל,כרמי צבי - האחים סגל,IL,מיץ ענבים תירוש סגל 1 ליטר,ליטרים,1.00,ליטר,false,1,14.90,14.9000,true,1,103335
7290000024530,false,"יין מתוק סגל 750 מ""ל",יקב סגל,,"יין מתוק סגל 750 מ""ל",מיליליטרים,750.00,"100 מ""ל",false,1,16.30,2.1733,true,1,68888
7290000031570,false,תירס קלוי,אוליבלס SA,,תירס קלוי,קילוגרמים,1.00,"ק""ג",true,,59.00,59.0000,true,1,142476
7290000032931,false,עוגות פס,עזרא שיווק,IL,עוגות פס,לא מנהל יחידת מידה,0.00,לא מנהל יחידת מידה,false,,49.00,0.0000,true,1,125295
7290000034638,false,בשר לגולש,,,בשר לגולש,קילוגרמים,1.00,"ק""ג",true,,89.00,89.0000,true,1,117883
7290000034737,false,בשר שריר מוזה,,,בשר שריר מוזה,קילוגרמים,1.00,"ק""ג",true,,69.00,69.0000,true,1,115749
7290000034904,false,שפונדרה,קצביית פרימיום,IL,שפונדרה,קילוגרמים,1.00,"ק""ג",true,,69.90,69.9000,true,1,145193
7290000035062,false,שיפודי אנטריקוט,קצביית פרימיום,IL,שיפודי אנטריקוט,קילוגרמים,1.00,"ק""ג",true,,179.90,179.9000,true,1,145194
7290000035130,false,כתף מרכזי,קצביית פרימיום,IL,כתף מרכזי,קילוגרמים,1.00,"ק""ג",true,,79.90,79.9000,false,1,145195
7290000035208,false,צלי כתף,קצביית פרימיום,IL,צלי כתף,קילוגרמים,1.00,"ק""ג",true,,99.90,99.9000,true,1,145196
7290000035376,false,פילה מדומה,קצביית פרימיום,IL,פילה מדומה,קילוגרמים,1.00,"ק""ג",true,,79.90,79.9000,false,1,145197
7290000035444,false,פילה עגל,קצביית פרימיום,IL,פילה עגל,קילוגרמים,1.00,"ק""ג",true,,249.90,249.9000,true,1,145198
7290000035611,false,ירכיים עוף טרי,,,ירכיים עוף טרי,קילוגרמים,1.00,"ק""ג",true,,34.90,34.9000,true,1,127272
7290000035826,false,מינוט סטייק,קצביית פרימיום,IL,מינוט סטייק,קילוגרמים,1.00,"ק""ג",true,,149.90,149.9000,true,1,145202
7290000036328,false,אנטריקוט עגלה,קצביית פרימיום,IL,אנטריקוט עגלה,קילוגרמים,1.00,"ק""ג",true,,169.90,169.9000,true,1,145206
7290000036335,false,טחון טרי,קצביית פרימיום,IL,טחון טרי,קילוגרמים,1.00,"ק""ג",true,,69.90,69.9000,false,1,145207
7290000036359,false,אסאדו עם עצם,קצביית פרימיום,IL,אסאדו עם עצם,קילוגרמים,1.00,"ק""ג",true,,59.90,59.9000,true,1,145209
7290000036366,false,אנטריקוט עם עצם,קצביית פרימיום,IL,אנטריקוט עם עצם,קילוגרמים,1.00,"ק""ג",true,,99.90,99.9000,true,1,145210
7290000036373,false,אנטריקוט עגל,קצביית פרימיום,IL,אנטריקוט עגל,קילוגרמים,1.00,"ק""ג",true,,149.90,149.9000,false,1,145211
7290000036397,false,אוסובוקו עגל,קצביית פרימיום,IL,אוסובוקו עגל,קילוגרמים,1.00,"ק""ג",true,,69.90,69.9000,false,1,145213
7290000036410,false,בלק אנגוס סינטה נברס,קצביית פרימיום,IL,בלק אנגוס סינטה נברסקו,קילוגרמים,1.00,"ק""ג",true,,189.90,189.9000,true,1,145215
7290000036496,false,המבורגר טרי,קצביית פרימיום,IL,המבורגר טרי,קילוגרמים,1.00,"ק""ג",true,,99.90,99.9000,true,1,145224
7290000036786,false,גרונות הודו,קצביית פרימיום,IL,גרונות הודו,קילוגרמים,1.00,"ק""ג",true,,32.90,32.9000,true,1,145262
7290000036854,false,חזה הודו,קצביית פרימיום,IL,חזה הודו,קילוגרמים,1.00,"ק""ג",true,,39.90,39.9000,true,1,145265
7290000036861,false,חזה עוף,קצביית פרימיום,IL,חזה עוף,קילוגרמים,1.00,"ק""ג",true,,39.90,39.9000,false,1,145266
7290000036878,false,ירך הודו עם עצם,קצביית פרימיום,IL,ירך הודו עם עצם,קילוגרמים,1.00,"ק""ג",true,,54.90,54.9000,true,1,145267
7290000036885,false,כבד עוף,קצביית פרימיום,IL,כבד עוף,קילוגרמים,1.00,"ק""ג",true,,29.90,29.9000,true,1,145268
7290000036892,false,כנפיים הודו,קצביית פרימיום,IL,כנפיים הודו,קילוגרמים,1.00,"ק""ג",true,,19.90,19.9000,true,1,145269
7290000036908,false,כנפיים עוף חצוי,קצביית פרימיום,IL,כנפיים עוף חצוי,קילוגרמים,1.00,"ק""ג",true,,17.90,17.9000,true,1,145270
7290000036915,false,כנפיים עוף מובחר,קצביית פרימיום,IL,כנפיים עוף מובחר,קילוגרמים,1.00,"ק""ג",true,,14.90,14.9000,true,1,145271
7290000036946,false,כרעיים עוף שלם,קצביית פרימיום,IL,כרעיים עוף שלם,קילוגרמים,1.00,"ק""ג",true,,29.90,29.9000,false,1,145274
7290000036953,false,לבבות עוף,קצביית פרימיום,IL,לבבות עוף,קילוגרמים,1.00,"ק""ג",true,,34.90,34.9000,true,1,145275
7290000036960,false,סטייק פרגית,קצביית פרימיום,IL,סטייק פרגית,קילוגרמים,1.00,"ק""ג",true,,69.90,69.9000,false,1,145276
7290000036977,false,עוף שלם,קצביית פרימיום,IL,עוף שלם,קילוגרמים,1.00,"ק""ג",true,,22.90,22.9000,true,1,145223
7290000036991,false,פילה עוף,קצביית פרימיום,IL,פילה עוף,קילוגרמים,1.00,"ק""ג",true,,55.00,55.0000,true,1,145278
7290000037011,false,שווארמה הודו,קצביית פרימיום,IL,שווארמה הודו,קילוגרמים,1.00,"ק""ג",true,,79.90,79.9000,true,1,145280
7290000037028,false,שוקיים הודו,קצביית פרימיום,IL,שוקיים הודו,קילוגרמים,1.00,"ק""ג",true,,29.90,29.9000,true,1,145281
7290000037035,false,שוקיים עוף,קצביית פרימיום,IL,שוקיים עוף,קילוגרמים,1.00,"ק""ג",true,,39.90,39.9000,true,1,145282
7290000037042,false,שיפודי פרגית טרי,קצביית פרימיום,IL,שיפודי פרגית טרי,קילוגרמים,1.00,"ק""ג",true,,79.90,79.9000,true,1,145283
7290000037059,false,שישליק הודו,קצביית פרימיום,IL,שישליק הודו,קילוגרמים,1.00,"ק""ג",true,,54.90,54.9000,true,1,145284
7290000037073,false,שניצל עוף,קצביית פרימיום,IL,שניצל עוף,קילוגרמים,1.00,"ק""ג",true,,48.90,48.9000,false,1,145286
7290000037097,false,צוואר בלי עצם,קצביית פרימיום,IL,צוואר בלי עצם,קילוגרמים,1.00,"ק""ג",true,,69.90,69.9000,true,1,145251
7290000037172,false,צלעות טלה,קצביית פרימיום,IL,צלעות טלה,קילוגרמים,1.00,"ק""ג",true,,189.90,189.9000,true,1,145260
7290000037189,false,שיפודי טלה טרי,קצביית פרימיום,IL,שיפודי טלה טרי,קילוגרמים,1.00,"ק""ג",true,,149.90,149.9000,true,1,145259
7290000037226,false,צוואר צלעות עגל,קצביית פרימיום,IL,צוואר צלעות עגל,קילוגרמים,1.00,"ק""ג",true,,59.90,59.9000,true,1,145621
7290000037769,false,אנטריקוט אנגוס פרימי,קצביית פרימיום,IL,אנטריקוט אנגוס פרימיום  איתן,קילוגרמים,1.00,"ק""ג",true,,229.90,229.9000,true,1,147778
7290000038575,false,חציל תאילנדי  משקל,קלאס פוד,IL,חציל תאילנדי  משקל,קילוגרמים,1.00,"ק""ג",true,,63.00,63.0000,true,1,148266
7290000038629,false,ממרח אבוקדו משקל,קלאס פוד,IL,ממרח אבוקדו משקל,קילוגרמים,1.00,"ק""ג",true,,95.00,95.0000,true,1,148279
7290000038643,false,סלט ביצים משקל,קלאס פוד,IL,סלט ביצים משקל,קילוגרמים,1.00,"ק""ג",true,,79.00,79.0000,true,1,148283
7290000039336,false,מיני המבורגר,קצביית פרימיום,IL,מיני המבורגר,קילוגרמים,1.00,"ק""ג",true,,79.90,79.9000,true,1,117843
7290000039343,false,קבב על מקל  קינמון,קצביית פרימיום,IL,קבב על מקל  קינמון,קילוגרמים,1.00,"ק""ג",true,,79.90,79.9000,true,1,121083
7290000039367,false,נקנקיות אנטריקוט,קצביית פרימיום,IL,נקנקיות אנטריקוט,קילוגרמים,1.00,"ק""ג",true,,79.90,79.9000,true,1,151325
7290000039374,false,נקניקיות אסדו,קצביית פרימיום,IL,נקניקיות אסדו,קילוגרמים,1.00,"ק""ג",true,,79.90,79.9000,true,1,151326
7290000039466,false,קבבוני טלה,קצביית פרימיום,IL,קבבוני טלה,קילוגרמים,1.00,"ק""ג",true,,79.90,79.9000,true,1,117840
7290000040042,false,יוגורט יופלה תות 3%,תנובה בעמ,IL,יופלה יוגורט תות %3 גביע 150 גרם,גרמים,150.00,100 גרם,false,1,4.90,3.2667,true,1,3997
7290000040066,false,יוגורט יופלה דובדבן,תנובה בעמ,IL,יופלה יוגורט דובדבן %3 גביע 150 גרם,גרמים,150.00,100 גרם,false,1,4.90,3.2667,true,1,4047
7290000040080,false,יוגורט יופלה אפרסק 3,תנובה בעמ,IL,יופלה יוגורט אפרסק %3 גביע 150 גרם,גרמים,150.00,100 גרם,false,1,4.90,3.2667,true,1,4052
7290000040271,false,פילה דניס גדול,,IL,פילה דניס גדול,קילוגרמים,1.00,"ק""ג",true,,119.00,119.0000,true,1,154744
7290000040301,false,גבינה קולאז קממבר 12,תנובה,IL,קממבר 24%,גרמים,125.00,100 גרם,false,1,20.50,16.4000,true,1,4179
7290000040318,false,גבינת ברי קולאז 125,תנובה,IL,גבינת ברי קולאז 125 גרם קולקשיין,גרמים,125.00,100 גרם,false,1,20.50,16.4000,true,1,4181
7290000040578,false,בצלצלי שאלוט,חקלאי,IL,בצלצלי שאלוט,יחידה,1.00,יחידה,false,1,14.90,14.9000,true,1,154984
7290000040592,false,בטטה,חקלאי,IL,בטטה,קילוגרמים,1.00,"ק""ג",true,,12.80,12.8000,true,1,154986
7290000040608,false,כוסברה,חקלאי,IL,כוסברה,גרמים,100.00,100 גרם,false,1,5.90,5.9000,true,1,154987
7290000040615,false,נענע,חקלאי,IL,נענע,יחידה,1.00,יחידה,false,1,5.90,5.9000,true,1,154988
7290000040622,false,דלעת ארוזה,חקלאי,IL,דלעת ארוזה,קילוגרמים,1.00,"ק""ג",true,1,14.90,14.9000,true,1,154989
7290000040639,false,דלורית,חקלאי,IL,דלורית,קילוגרמים,1.00,"ק""ג",true,1,9.90,9.9000,true,1,154990
7290000040646,false,דלעת ערמונים,חקלאי,IL,דלעת ערמונים,קילוגרמים,1.00,"ק""ג",true,1,18.80,18.8000,true,1,154991
7290000040653,false,חצילים,חקלאי,IL,חצילים,קילוגרמים,1.00,"ק""ג",true,1,9.90,9.9000,true,1,154992
7290000040691,false,פלפל חריף,חקלאי,IL,פלפל חריף,קילוגרמים,1.00,"ק""ג",true,1,19.90,19.9000,true,1,154996
7290000040707,false,פלפל אדום,חקלאי,IL,פלפל אדום,קילוגרמים,1.00,"ק""ג",true,1,16.90,16.9000,true,1,154997
7290000040714,false,פלפל צהוב,חקלאי,IL,פלפל צהוב,קילוגרמים,1.00,"ק""ג",true,1,16.90,16.9000,true,1,154998
7290000040721,false,פלפל כתום,חקלאי,IL,פלפל כתום,קילוגרמים,1.00,"ק""ג",true,1,14.90,14.9000,true,1,154999
7290000040738,false,קולורבי,חקלאי,IL,קולורבי,קילוגרמים,1.00,"ק""ג",true,1,9.90,9.9000,true,1,155000
7290000040752,false,קישוא,חקלאי,IL,קישוא,קילוגרמים,1.00,"ק""ג",true,1,12.90,12.9000,true,1,155002
7290000040776,false,אפרסק,חקלאי,IL,אפרסק,קילוגרמים,1.00,"ק""ג",true,1,24.90,24.9000,true,1,155004
7290000040783,false,קישוא זוקיני,חקלאי,IL,קישוא זוקיני,קילוגרמים,1.00,"ק""ג",true,1,16.90,16.9000,true,1,155005
7290000040813,false,אוכמניות ליחידה,חקלאי,IL,אוכמניות ליחידה,יחידה,1.00,יחידה,false,1,12.90,12.9000,true,1,155008
7290000040882,false,תפוא אדום ארוז,חקלאי,IL,תפוא אדום ארוז,קילוגרמים,1.00,"ק""ג",true,1,8.90,8.9000,true,1,155015
7290000040905,false,תפוא  לבן ארוז,חקלאי,IL,תפוא  לבן ארוז,קילוגרמים,1.00,"ק""ג",true,1,7.90,7.9000,true,1,155017
7290000040912,false,שורש פטרוזיליה,חקלאי,IL,שורש פטרוזיליה,יחידה,1.00,יחידה,false,1,5.90,5.9000,true,1,155018
7290000040929,false,פטרוזליה,חקלאי,IL,פטרוזליה,יחידה,1.00,יחידה,false,1,5.90,5.9000,true,1,155019
7290000040936,false,סלרי ראש,חקלאי,IL,סלרי ראש,יחידה,1.00,יחידה,false,1,4.90,4.9000,true,1,155020
7290000040943,false,סלרי עלים,חקלאי,IL,סלרי עלים,יחידה,1.00,יחידה,false,1,4.90,4.9000,true,1,155021
7290000040974,false,חלב דל לקטוז 2% בקרט,"תנובה, מחלבת רחובות",IL,חלב תנובה דל לקטוז 2% שומן 1 ליטר,ליטרים,1.00,ליטר,false,1,7.20,7.2000,true,1,75327
7290000040981,false,גזר ארוז,חקלאי,IL,גזר ארוז,קילוגרמים,1.00,"ק""ג",true,1,8.90,8.9000,true,1,155024
7290000040998,false,מלון,חקלאי,IL,מלון,קילוגרמים,1.00,"ק""ג",true,1,9.90,9.9000,true,1,155025
7290000041001,false,אבטיח,חקלאי,IL,אבטיח,קילוגרמים,1.00,"ק""ג",true,1,9.90,9.9000,true,1,155026
7290000041025,false,פטריות פורטובלו,חקלאי,IL,פטריות פורטובלו,קילוגרמים,1.00,"ק""ג",true,1,39.90,39.9000,true,1,155028
7290000041032,false,פטריות שמפיניון,חקלאי,IL,פטריות שמפיניון,יחידה,1.00,יחידה,false,1,10.00,10.0000,true,1,155029
7290000041056,false,שומר,חקלאי,IL,שומר,קילוגרמים,1.00,"ק""ג",true,1,9.90,9.9000,true,1,155031
7290000041063,false,ארטישוק,חקלאי,IL,ארטישוק,קילוגרמים,1.00,"ק""ג",true,1,39.90,39.9000,true,1,155032
7290000041070,false,סלק וואקום,חקלאי,IL,סלק וואקום,יחידה,1.00,יחידה,false,1,11.90,11.9000,true,1,155033
7290000041087,false,לימון,חקלאי,IL,לימון,קילוגרמים,1.00,"ק""ג",true,1,14.80,14.8000,true,1,155034
7290000041094,false,תפוז,חקלאי,IL,תפוז,קילוגרמים,1.00,"ק""ג",true,1,12.90,12.9000,true,1,155035
7290000041100,false,תפוז ברשת,חקלאי,IL,תפוז ברשת,קילוגרמים,1.00,"ק""ג",true,1,9.90,9.9000,true,1,155036
7290000041117,false,קלמנטינה איכות מעולה,חקלאי,IL,קלמנטינה איכות מעולה,קילוגרמים,1.00,"ק""ג",true,1,12.90,12.9000,true,1,155037
7290000041124,false,אשכולית לבנה אדומה,חקלאי,IL,אשכולית לבנה אדומה,קילוגרמים,1.00,"ק""ג",true,1,9.90,9.9000,true,1,155038
7290000041148,false,בננה,חקלאי,IL,בננה,קילוגרמים,1.00,"ק""ג",true,1,9.90,9.9000,true,1,155040
7290000041155,false,סברס,חקלאי,IL,סברס,קילוגרמים,1.00,"ק""ג",true,1,29.90,29.9000,true,1,155041
7290000041162,false,אבוקדו,חקלאי,IL,אבוקדו,קילוגרמים,1.00,"ק""ג",true,1,19.90,19.9000,true,1,155042
7290000041179,false,נקטרינה,חקלאי,IL,נקטרינה,קילוגרמים,1.00,"ק""ג",true,1,24.90,24.9000,true,1,155043
7290000041186,false,אגס,חקלאי,IL,אגס,קילוגרמים,1.00,"ק""ג",true,1,22.90,22.9000,true,1,155044
7290000041193,false,גויאבה,חקלאי,IL,גויאבה,קילוגרמים,1.00,"ק""ג",true,1,29.90,29.9000,true,1,155045
7290000041216,false,אננס,חקלאי,IL,אננס,קילוגרמים,1.20,"ק""ג",false,1,19.90,16.5833,true,1,155047
7290000041223,false,קיווי,חקלאי,IL,קיווי,קילוגרמים,1.00,"ק""ג",true,1,44.90,44.9000,true,1,155048
7290000041230,false,תפוח עץ סמיט,חקלאי,IL,תפוח עץ סמיט,קילוגרמים,1.00,"ק""ג",true,1,14.90,14.9000,true,1,155049
7290000041247,false,תפוח עץ זהוב,חקלאי,IL,תפוח עץ זהוב,קילוגרמים,1.00,"ק""ג",true,1,14.90,14.9000,true,1,155050
7290000041254,false,תפוח עץ סטרקינג,חקלאי,IL,תפוח עץ סטרקינג,קילוגרמים,1.00,"ק""ג",true,1,14.90,14.9000,true,1,155051
7290000041278,false,ברוקולי ארוז,חקלאי,IL,ברוקולי ארוז,גרמים,400.00,100 גרם,false,1,15.00,3.7500,true,1,155053
7290000041292,false,שמיר,חקלאי,IL,שמיר,יחידה,1.00,יחידה,false,1,4.90,4.9000,true,1,155055
7290000041308,false,כרוב אדום,חקלאי,IL,כרוב אדום,קילוגרמים,1.00,"ק""ג",true,1,7.90,7.9000,true,1,155056
7290000041315,false,תפוח פינק לידי,חקלאי,IL,תפוח פינק לידי,קילוגרמים,1.00,"ק""ג",true,1,22.90,22.9000,true,1,155057
7290000041377,false,תירס,חקלאי,IL,תירס,קילוגרמים,1.00,"ק""ג",true,,12.90,12.9000,true,1,155061
7290000041445,false,קוטג 5% תנובה 250 גר,מחלבת אלון תבור,IL,קוטג תנובה גביע 250 גרם 5% בדצ,גרמים,250.00,100 גרם,false,1,5.70,2.2800,true,1,4343
7290000041476,false,פילה בס מפולט,,,פילה בס מפולט,קילוגרמים,1.00,"ק""ג",true,,119.00,119.0000,true,1,154751
7290000041735,false,תות שדה 500 גרם,חקלאי,IL,תות שדה,גרמים,500.00,100 גרם,false,1,35.00,7.0000,true,1,155069
7290000041742,false,ענב שחור אדום מובחר,חקלאי,IL,ענב שחור אדום מובחר,קילוגרמים,1.00,"ק""ג",true,,34.90,34.9000,true,1,155070
7290000041803,false,שזיף אדום,חקלאי,IL,שזיף אדום,קילוגרמים,1.00,"ק""ג",true,,29.90,29.9000,true,1,155071
7290000041858,false,שמנת יטבתה מעושרת 20,,IL,שמנת חמוצה 15% מועשרת מהדרין,מיליליטרים,200.00,"100 מ""ל",false,1,2.40,1.2000,true,1,4390
7290000041964,false,מנגו,חקלאי,IL,מנגו,קילוגרמים,1.00,"ק""ג",true,,19.90,19.9000,true,1,155074
7290000042015,false,"חלב 3% שקית בד""ץ פיק",תנובה,IL,"חלב 3% שקית בד""ץ פיקוח 1 ליטר",ליטרים,1.00,ליטר,false,1,5.43,5.4300,true,1,4414
7290000042091,false,לימון ליים איכות מעו,חקלאי,IL,לימון ליים איכות מעולה,קילוגרמים,1.00,"ק""ג",true,,14.90,14.9000,true,1,155225
7290000042114,false,כרישה לוף,חקלאי,IL,כרישה לוף,קילוגרמים,1.00,"ק""ג",true,1,19.90,19.9000,true,1,155291
7290000042152,false,שום בודד,חקלאי,IL,שום בודד,יחידה,1.00,יחידה,false,1,9.90,9.9000,true,1,155294
7290000042206,false,רימון,חקלאי,IL,רימון,קילוגרמים,1.00,"ק""ג",true,,12.90,12.9000,true,1,155470
7290000042275,false,אגס נאשי,חקלאי,IL,אגס נאשי,קילוגרמים,1.00,"ק""ג",true,,19.90,19.9000,true,1,155573
7290000042282,false,אפרסמון,חקלאי,IL,אפרסמון,קילוגרמים,1.00,"ק""ג",true,,24.90,24.9000,true,1,155574
7290000042312,false,פומילה,חקלאי,IL,פומילה,קילוגרמים,1.00,"ק""ג",true,,10.00,10.0000,true,1,155577
7290000042336,false,פטאיה,חקלאי,IL,פטאיה,קילוגרמים,1.00,"ק""ג",true,,10.00,10.0000,true,1,155579
7290000042350,false,תמר אמרי,חקלאי,IL,תמר אמרי,קילוגרמים,1.00,"ק""ג",true,,34.90,34.9000,true,1,155581
7290000042428,false,גבניות מגי,חקלאי,IL,עגבניות מגי,קילוגרמים,1.00,"ק""ג",true,,22.80,22.8000,true,1,155584
7290000042435,false,חלב 1% קרטון פיקוח 1,תנובה,IL,תנובה חלב טרי 1% שומן,ליטרים,1.00,ליטר,false,1,5.86,5.8600,true,1,4451
7290000042497,false,פלפל שושקה,חקלאי,IL,פלפל שושקה,קילוגרמים,1.00,"ק""ג",true,,19.90,19.9000,true,1,156074
7290000042503,false,חלב עמיד3% קרטון 1 ל,פ.פ.ח. שאביט,IL,תנובה חלב עמיד 3% שומן 1 ליטר,ליטרים,1.00,ליטר,false,1,7.20,7.2000,true,1,4454
7290000042640,false,"חלב עמיד 250 מ""ל",תנובה,IL,תנובה חלב עמיד 3% שומן 250 מל,מיליליטרים,250.00,"100 מ""ל",false,1,2.90,1.1600,true,1,12185
7290000042855,false,שוקו יטבתה בשקית 225,שטראוס גרופ,,"שוקו יטבתה בשקית 225 מ""ל",מיליליטרים,225.00,"100 מ""ל",false,1,2.60,1.1556,true,1,4478
7290000043012,false,שוקו עמיד 2% בקרטון,תנובה,IL,תנובה שוקו עמיד 2% שומן 250 מל,מיליליטרים,250.00,"100 מ""ל",false,1,4.90,1.9600,true,1,4486
7290000043111,false,חמאה תנובה 200 גרם,"תנובה, מחלבת תל יוסף",IL,חמאה תנובה 200 גרם,גרמים,200.00,100 גרם,false,1,7.90,3.9500,true,1,4487
7290000043166,false,בצל יבש,חקלאי,IL,בצל יבש,קילוגרמים,1.00,"ק""ג",true,,6.80,6.8000,true,1,156084
7290000043173,false,תפוח עץ ענה,חקלאי,IL,תפוח עץ ענה,קילוגרמים,1.00,"ק""ג",true,,14.90,14.9000,true,1,156087
7290000043814,false,שמנת מתוקה עמידה 38%,תנובה,IL,השף הלבן שמנת להקצפה 38% שומן 250 מל,מיליליטרים,250.00,"100 מ""ל",false,1,6.47,2.5880,true,1,4635
7290000043890,false,רויון בקרטון 1 ליטר,תנובה,IL,תנובה רויון לבן מחלב מפסוטר 1.5% 1 ליטר,ליטרים,1.00,ליטר,false,1,10.90,10.9000,true,1,4657
7290000043944,false,יוגורט 4.5% בכד תנוב,מחלבת אלון תבור,IL,יוגורט 4.5% בכד תנובה 1.5 ליטר,ליטרים,1.50,ליטר,false,1,16.80,11.2000,true,1,4670
7290000044712,false,"פרילי תות 500 מ""ל",מיוצר עי קונדיטוריית,IL,"פרילי תות 500 מ""ל",מיליליטרים,500.00,"100 מ""ל",false,1,10.90,2.1800,true,1,4694
7290000044880,false,"באדי תות 3%  500 מ""ל",מחלבת אלון תבור,IL,"באדי תות 3%  500 מ""ל",מיליליטרים,500.00,"100 מ""ל",false,1,9.40,1.8800,true,1,4697
7290000045573,false,גבינה מותכת נעמה 200,תנובה,IL,נעמה גבינה מותכת משולשים 25% שומן,גרמים,200.00,100 גרם,false,1,14.90,7.4500,true,1,4751
7290000045580,false,גבינה מותכת חורש 240,תנובה,IL,נעמה גבינה מותכת משולשים 25% שומן,גרמים,240.00,100 גרם,false,1,19.90,8.2917,true,1,4752
7290000045917,false,גבינה צאן פרומעז גלי,תנובה,IL,תנובה פרומעז גבינה מותכת מחלב עיזים 23% שומן,גרמים,200.00,100 גרם,false,1,26.60,13.3000,true,1,4770
7290000046006,false,גבינה עמק       28%,תנובה מרכז שיתופי לש,,"עמק חריץ ק""ג פיקוח                  28%",קילוגרמים,1.00,"ק""ג",true,,44.79,44.7900,true,1,4771
7290000046020,false,גבינה גלבוע     22%,תנובה מרכז שיתופי לש,,גלבוע חריץ פיקוח                    22%,קילוגרמים,1.00,"ק""ג",true,,42.58,42.5800,true,1,4773
7290000046327,false,גבינה צהובה גלבוע פר,"תנובה, מחלבת תל יוסף",IL,גלבוע גבינה צהובה חצי קשה פרוס 22% שומן,גרמים,200.00,100 גרם,false,1,13.20,6.6000,true,1,4804
7290000046563,false,גבינה קשה פרמזן 23%,תנובה מרכז שיתופי לש,,גבינה קשה פרמזן חריץ קג             23%.,קילוגרמים,1.00,"ק""ג",true,,119.00,119.0000,true,1,4826
7290000047485,false,גבינה בולגרית   24%,תנובה מרכז שיתופי לש,,בולגרית-24% קג  מיכל3קג,קילוגרמים,1.00,"ק""ג",true,,59.90,59.9000,true,1,4922
7290000047546,false,גבינה כנען 5% שומן,תנובה,IL,גבינה כנען500 גרם 5% שומן,גרמים,500.00,100 גרם,false,1,24.90,4.9800,true,1,4930
7290000048185,false,גבינה למריחה 5% תנוב,מחלבת אלון תבור,IL,גבינה למריחה 5% תנובה פיקוח 250 גרם,גרמים,250.00,100 גרם,false,1,4.98,1.9920,true,1,4964
7290000048192,false,גבינה למריחה 9% תנוב,מחלבת אלון תבור,IL,גבינה למריחה 9% תנובה 250 גרם,גרמים,250.00,100 גרם,false,1,4.80,1.9200,true,1,4965
7290000048413,false,גבינת חמד פיראוס בשק,תנובה,IL,פיראוס חמד גבינה כפרית מלוחה 16% שומן,גרמים,250.00,100 גרם,false,1,18.90,7.5600,true,1,4986
7290000048437,false,גבינה צפתית 5% פיראו,פארייפאבה אגרואינדוס,IL,גבינה צפתית 5% שומן,גרמים,200.00,100 גרם,false,1,15.50,7.7500,true,1,4995
7290000049458,false,גבינת פטה עזים 16% פ,תנובה,IL,פיראוס פטה עיזים 16% שומן,גרמים,250.00,100 גרם,false,1,27.90,11.1600,true,1,5125
7290000050447,false,יופלה תות 500 גרם,מיוצר עי קונדיטוריית,IL,יופלה תות 3% גביע 500 גרם,גרמים,500.00,100 גרם,false,1,13.80,2.7600,true,1,56329
7290000050454,false,יופלה אפרסק 500 גרם,מיוצר עי קונדיטוריית,IL,יופלה אפרסק 3% גביע 500 גרם,גרמים,500.00,100 גרם,false,1,13.80,2.7600,true,1,56330
7290000051307,false,מארז הפסקת אוכל,"תנובה, מחלבת טנא נוג",IL,מארז הפסקת אוכל חלב+דגני עוגי,לא מנהל יחידת מידה,0.00,לא מנהל יחידת מידה,false,1,9.30,0.0000,true,1,59624
7290000051352,false,חלב של פעם 3.5% /3.8,הרדוף תוצרת מזון אור,IL,חלב מלא בטעם של פעם 3.8% שומן 1 ליטר,ליטרים,1.00,ליטר,false,1,7.50,7.5000,true,1,59625
7290000051710,false,גבינת לאבנה שמן זית,"תנובה, מחלבת אלון תב",IL,פיראוס לאבנה אסלית עם שמן זית וזעתר על בסיס יוגורט,גרמים,263.00,100 גרם,false,1,14.20,5.3992,true,1,62175
7290000052304,false,משקה מוקה בקבוק 340,תנובה,IL,תנובה משקה על בסיס חלב בטעם מוקה,מיליליטרים,340.00,"100 מ""ל",false,1,6.90,2.0294,true,1,67855
7290000052311,false,גבינה עמק 15% פרוס 2,תנובה,IL,עמק פרוסות גבינה צהובה חצי קשה 15% מופחתת שומן,גרמים,200.00,100 גרם,false,1,15.90,7.9500,true,1,69317
7290000052717,false,קוטג 5% עם שום שמיר,מחלבת אלון תבור,IL,קוטג 5% עם שום שמיר 250 גרם,גרמים,250.00,100 גרם,false,1,6.10,2.4400,true,1,88115
7290000053219,false,טל העמק 31%,תנובה מרכז שיתופי לש,,טל העמק 31%,קילוגרמים,1.00,"ק""ג",true,,65.00,65.0000,true,1,113590
7290000055015,false,גבינה פטה כבשים 5% פ,תנובה מחלבת טנא נוגה,IL,פיראוס פטה כבשים גבינה מלוחה 5% שומן,גרמים,250.00,100 גרם,false,1,27.90,11.1600,true,1,75654
7290000055206,false,גבינה לבנה 5% בצל מט,מחלבת אלון תבור,IL,גבינה לבנה 5% בצל מטוגן 250 גרם,גרמים,250.00,100 גרם,false,1,5.80,2.3200,true,1,81445
7290000055329,false,משקה יוגורט יופלה תו,תנובה בעמ,IL,"משקה יוגורט יופלה תות מלון 250 מ""ל",מיליליטרים,250.00,"100 מ""ל",false,1,5.90,2.3600,true,1,77639
7290000055336,false,משקה יוגורט יופלה בנ,תנובה בעמ,IL,"משקה יוגורט יופלה בננה אפרסק 250 מ""ל",מיליליטרים,250.00,"100 מ""ל",false,1,5.90,2.3600,true,1,77640
7290000055343,false,משקה יוגורט יופלה טר,תנובה בעמ,IL,"משקה יוגורט יופלה טרופי 250 מ""ל",מיליליטרים,250.00,"100 מ""ל",false,1,5.90,2.3600,true,1,77641
7290000055350,false,חריץ עמק 28%,תנובה מרכז שיתופי לש,,חריץ עמק 28%,קילוגרמים,1.00,"ק""ג",true,,44.79,44.7900,true,1,110163
7290000055893,false,חמאה תנובה 200 גרם,תנובה,IL,חמאה תנובה 200 גרם,גרמים,200.00,100 גרם,false,1,7.90,3.9500,true,1,92983
7290000056081,false,מאגדת יוגורט פרילי ט,מיוצר עי קונדיטוריית,IL,מאגדת יוגורט פרילי טבע          25% 1/6,קילוגרמים,1.20,"ק""ג",false,1,23.60,19.6667,true,1,78666
7290000056272,false,גבינה לבנה 5% זיתים,מחלבת אלון תבור,IL,גבינה לבנה 5% זיתים 250 גרם,גרמים,250.00,100 גרם,false,1,5.80,2.3200,true,1,81456
7290000056784,false,גבינה פטה כבשים  5%,תנובה מרכז שיתופי לש,,גבינה פטה כבשים 5% למעדניה,קילוגרמים,1.00,"ק""ג",true,,119.00,119.0000,true,1,92528
7290000056845,false,חלב 3% קרטון פיקוח 1,"תנובה, מחלבת רחובות",IL,תנובה חלב טרי 3% שומן אריזת נוחות,ליטרים,1.50,ליטר,false,1,9.34,6.2267,true,1,82580
7290000056883,false,מאגדת יופלה טעמים שו,תנובה בעמ,IL,מאגדת יופלה טעמים שונים שמיניי,קילוגרמים,1.20,"ק""ג",false,1,31.90,26.5833,true,1,80540
7290000056906,false,מאגדת יופלה לבן 1.5%,מחלבת אלון תבור,IL,מאגדת יופלה לבן 1.5% שמינייה,קילוגרמים,1.20,"ק""ג",false,1,18.90,15.7500,true,1,80583
7290000057088,false,גבינה עמק 28% דק 200,פ.פ.ח. שאביט,IL,גבינה עמק 28% דק 200 גרם,גרמים,200.00,100 גרם,false,1,15.90,7.9500,true,1,82314
7290000057118,false,גבינה צהובה עמק קלאס,פ.פ.ח. שאביט,IL,גבינת עמק קלאסית חצי קשה פרוסות 28% שומן,גרמים,400.00,100 גרם,false,1,22.90,5.7250,true,1,82424
7290000057132,false,יוגורט ביו 1.5% תנוב,מחלבת אלון תבור,IL,יוגורט ביו 1.5% תנובה 200 גרם,גרמים,200.00,100 גרם,false,1,3.20,1.6000,true,1,82315
7290000057149,false,יוגורט ביו  3% תנובה,מחלבת אלון תבור,IL,יוגורט ביו  3% תנובה 200 גרם,גרמים,200.00,100 גרם,false,1,3.20,1.6000,true,1,82316
7290000057552,false,יוגורט יופלה דיאט ע.,תנובה בעמ,IL,יוגורט יופלה דיאט ע.גבינה ותות 150 גרם,גרמים,150.00,100 גרם,false,1,4.90,3.2667,true,1,87612
7290000058030,false,משקה יוגורט יופלה שט,מחלבת אלון תבור,IL,יופלה  משקה יוגורט תות 800 מל,מיליליטרים,800.00,"100 מ""ל",false,1,21.30,2.6625,true,1,84750
7290000058580,false,קוקילידה 80 גרם,תות תעשיות מזון (201,IL,נסטלה קוקילידה 28*80גרם,גרמים,80.00,100 גרם,false,1,10.50,13.1250,true,1,13203
7290000060071,false,חטיפי פריכונים טבעי,"מיוצר ע""י PT, משווק",IL,אסם חטיפי פריכונים טבעי 12*80גרם,גרמים,80.00,100 גרם,false,1,7.90,9.8750,true,1,6651
7290000060088,false,בייגלה מקלות מלוחים,מיוצר עי קונדיטוריית,IL,אסם בייגלה מקלות מלוחים 12*400גרם,גרמים,400.00,100 גרם,false,1,11.90,2.9750,true,1,56410
7290000060156,false,אטריות ביצים דקות 20,"אסם השקעות בע""מ",IL,אסם אטריות ביצים דקות 12*200גרם,גרמים,200.00,100 גרם,false,1,7.90,3.9500,true,1,6670
7290000060163,false,אטריות דקות 400 גרם,"אסם השקעות בע""מ",IL,אסם אטריות דקות 12*400גרם,גרמים,400.00,100 גרם,false,1,7.90,1.9750,true,1,6672
7290000060200,false,פתיתים אפויים קוסקוס,"אסם השקעות בע""מ",IL,פתיתים אפויים קוסקוס 500 גרם,גרמים,500.00,100 גרם,false,1,6.90,1.3800,true,1,6675
7290000060217,false,פסטה מקרוני מספר  7,פסטה זארה,IT,אסם פסטה מקרוני אטלקי 24*500גרם,גרמים,500.00,100 גרם,false,1,6.90,1.3800,true,1,23011
7290000060248,false,פסטה תלתלים,פסטה זארה,IT,אסם פסטה תלתלים 12*500גרם,גרמים,500.00,100 גרם,false,1,6.90,1.3800,true,1,6679
7290000060316,false,ספגטי פרפקטו 500 גרם,פסטה זארה,IT,פרפקטו פסטה ספגטי אטלקי 24*500גרם,גרמים,500.00,100 גרם,false,1,7.90,1.5800,true,1,6684
7290000060330,false,פסטה פרפקטו ספירלי 5,פסטה זארה,IT,פרפקטו ספירלי 12*500גרם-חדש,גרמים,500.00,100 גרם,false,1,7.90,1.5800,true,1,6686
7290000060408,false,פתיתים אפויים טבעות,"אסם השקעות בע""מ",IL,אסם פתיתים אפויים טבעות 12*500גרם,גרמים,500.00,100 גרם,false,1,6.90,1.3800,true,1,6689
7290000060415,false,לזניה פרפקטו 500 גרם,פסטה לנסי,IT,פרפקטו לזניה 12*500גרם 2016,גרמים,500.00,100 גרם,false,1,14.90,2.9800,true,1,6690
7290000060781,false,פסטה מסולסלים אסם 50,פסטה זארה,IT,אסם פסטה מסולסלים לאחר הפסח 12*500גרם,גרמים,500.00,100 גרם,false,1,6.90,1.3800,true,1,6709
7290000060811,false,טילון אקסטרים ענק מט,תות תעשיות מזון (201,IL,אקסטרים ענק מטבע שוקולד 18*120גרם,גרמים,141.00,100 גרם,false,1,10.50,7.4468,true,1,89299
7290000060828,false,פסטה קרניים בינוניות,פסטה זארה,IT,אסם פסטה קרניים בינוניות 12*500גרם,גרמים,500.00,100 גרם,false,1,6.90,1.3800,true,1,6711
7290000060842,false,פסטה צדפים גדולים,פסטה זארה,IT,אסם פסטה צדפים גדולים 12*500גרם,גרמים,500.00,100 גרם,false,1,6.90,1.3800,true,1,6714
7290000060880,false,ספגטי אסם 500 גרם,פסטה זארה,IT,ספגטי אסם 500 גרם,גרמים,500.00,100 גרם,false,1,6.90,1.3800,true,1,6717
7290000060903,false,פתיתים אפויים אורז 5,"אסם השקעות בע""מ",IL,אסם פתיתים אפויים אורז 12*500גרם,גרמים,500.00,100 גרם,false,1,6.90,1.3800,true,1,6718
7290000060958,false,אטריות בינוניות 400,"אסם השקעות בע""מ",IL,אסם אטריות בינוניות 12*400גרם,גרמים,400.00,100 גרם,false,1,7.90,1.9750,true,1,6722
7290000060965,false,אטריות רחבות 400 גרם,"אסם השקעות בע""מ",IL,אסם אטריות רחבות 12*400גרם,גרמים,400.00,100 גרם,false,1,7.90,1.9750,true,1,6723
7290000061061,false,קרקר בצל 250 גרם,"אסם השקעות בע""מ",IL,אסם קרקר בצל 12*250גרם,גרמים,250.00,100 גרם,false,1,10.90,4.3600,true,1,6727
7290000061245,false,עוגיות שוקוציפס משהו,מיוצר עי קונדיטוריית,IL,אסם עוגיות שוקוצ'יפס ממולאות 12*220גרם,גרמים,220.00,100 גרם,false,1,11.90,5.4091,true,1,6788
7290000063140,false,שקדי מרק אסם בשקית 4,"אסם השקעות בע""מ",IL,אסם שקדי מרק רכיבים טבעיים 12*400גרם,גרמים,400.00,100 גרם,false,1,12.90,3.2250,true,1,7008
7290000063157,false,"קמח תופח מאליו 1 ק""ג","אסם השקעות בע""מ",IL,"קמח תופח מאליו 1 ק""ג אסם",קילוגרמים,1.00,"ק""ג",false,1,9.70,9.7000,true,1,7010
7290000064758,false,קוסקוס אמיתי אסם 350,"מיוצר ע""י קוד יצרן K",IL,אסם קוסקוס אמיתי 12*350גרם,גרמים,350.00,100 גרם,false,1,7.90,2.2571,true,1,15300
7290000064871,false,מנה חמה פירה עם בצל,"אסם השקעות בע""מ",IL,מנה חמה פירה תפוא.ובצל 12*56גרם,גרמים,56.00,100 גרם,false,1,6.90,12.3214,true,1,7125
7290000065090,false,קרוטונים למרק ולסלט,עינת תעשיות,IL,אסם מיני קרוטונים למרק וסלט 12*400גרם,גרמים,400.00,100 גרם,false,1,25.90,6.4750,true,1,7160
7290000065335,false,פירה תפוח אדמה+ירקות,"אסם השקעות בע""מ",IL,מנה חמה פירה וירקות 12*55גרם,גרמים,55.00,100 גרם,false,1,6.90,12.5455,true,1,7176
7290000065540,false,מנה חמה פסטה מוקרמת,"אסם השקעות בע""מ",IL,מנה חמה פסטה מוקרמת בדץ 12*55גרם,גרמים,55.00,100 גרם,false,1,6.90,12.5455,true,1,7181
7290000065557,false,מנה חמה קוסקוס עם יר,"אסם תעשיות מזון בע""מ",IL,מנה חמה קוסקוס וירקות בדצ 12*84גרם,גרמים,84.00,100 גרם,false,1,6.90,8.2143,true,1,7182
7290000065977,false,אסם חטיפי פריכונים ת,"מיוצר ע""י פרח, משווק",IL,אסם חטיפי פריכונים תירס 12*80גרם,גרמים,80.00,100 גרם,false,1,7.90,9.8750,true,1,67901
7290000066141,false,ביסלי גריל,"אסם השקעות בע""מ",IL,ביסלי גריל 48*70גרם,גרמים,70.00,100 גרם,false,1,4.70,6.7143,true,1,7280
7290000066196,false,ביסלי גריל 200 גרם,מיוצר עי קונדיטוריית,IL,ביסלי גריל 25*200גרם,גרמים,200.00,100 גרם,false,1,7.90,3.9500,true,1,7285
7290000066226,false,ביסלי פיצה 200 גרם,מיוצר עי קונדיטוריית,IL,ביסלי פיצה 25*200גרם,גרמים,200.00,100 גרם,false,1,7.90,3.9500,true,1,7288
7290000066295,false,במבה תות 30 גרם,מיוצר עי קונדיטוריית,IL,במבה מתוקה מחומרים טבעיים 40*30גרם,גרמים,30.00,100 גרם,false,1,3.00,10.0000,true,1,7333
7290000066318,false,במבה 80 גרם,"אסם השקעות בע""מ",IL,במבה קלאסי 40*80גרם,גרמים,80.00,100 גרם,false,1,5.90,7.3750,true,1,7335
7290000066332,false,אפרופו 50 גרם,"אסם השקעות בע""מ",IL,אפרופו 36*50גרם,גרמים,50.00,100 גרם,false,1,5.20,10.4000,true,1,7336
7290000066349,false,אפרופו 100 גרם,מיוצר עי קונדיטוריית,IL,אפרופו 20*100גרם,גרמים,100.00,100 גרם,false,1,8.90,8.9000,true,1,7337
7290000066431,false,חטיף פופקו תירס חמאה,מיוצר עי קונדיטוריית,IL,פופקו חמאה ודבש 40*80גרם,גרמים,80.00,100 גרם,false,1,5.20,6.5000,true,1,7339
7290000067544,false,פירורית זהב 200 גרם,לחמנו,IL,אסם פירורית פירורי לחם זהב 12*200גרם,גרמים,200.00,100 גרם,false,1,6.90,3.4500,true,1,7464
7290000067599,false,מנה חמה ספגטי בולונז,"אסם השקעות בע""מ",IL,מנה חמה ספגטי בולונז 12*65גרם,גרמים,65.00,100 גרם,false,1,6.90,10.6154,true,1,7470
7290000067735,false,ניוקי בצקיות מתפוח א,גרנדי פסטי,IT,ניוקי בצקיות מתפוח אדמה בואקום 500 גרם,גרמים,500.00,100 גרם,false,1,13.90,2.7800,true,1,7494
7290000068138,false,פודינג אינסטנט וניל,מיוצר עי קונדיטוריית,IL,אסם פודינג אינסטנט וניל 12*80גרם,גרמים,80.00,100 גרם,false,1,5.90,7.3750,true,1,7556
7290000068152,false,"רוטב צלי לבשר כשל""פ",אסם,,"רוטב צלי לבשר כשל""פ 22 גרם",גרמים,22.00,100 גרם,false,1,3.90,17.7273,true,1,55289
7290000068190,false,"ג""לי בזק טעם תות שדה",מיוצר עי קונדיטוריית,IL,אסם ג'לי תות שדה צבעים טבעיים 12*90גרם,גרמים,90.00,100 גרם,false,1,6.90,7.6667,true,1,7568
7290000068206,false,"ג""לי בזק טעם משמש 85",מיוצר עי קונדיטוריית,IL,אסם ג'לי משמש צבעים טבעיים 12*85גרם,גרמים,85.00,100 גרם,false,1,6.90,8.1176,true,1,7569
7290000068237,false,"ג""לי בזק טעם פטל 85",מיוצר עי קונדיטוריית,IL,אסם ג'לי פטל צבעים טבעיים 12*85גרם,גרמים,85.00,100 גרם,false,1,6.90,8.1176,true,1,7572
7290000068251,false,גלי  בזק טעם אננס,מיוצר עי קונדיטוריית,IL,אסם גלי אננס צבעים טבעיים 12*85גרם,גרמים,85.00,100 גרם,false,1,6.90,8.1176,true,1,7581
7290000068343,false,אסם פריכונים מאורז מ,"מיוצר ע""י PT, משווק",IL,אסם פריכונים מאורז מלא 12*140גרם,גרמים,140.00,100 גרם,false,1,8.90,6.3571,true,1,7587
7290000068787,false,במבה יום הולדת 25 גר,מיוצר עי קונדיטוריית,IL,במבה יום הולדת כלפ.108*25גרם,גרמים,25.00,100 גרם,false,1,2.50,10.0000,true,1,7612
7290000069258,false,פסטה פרפקטו פנה ריגא,פסטה זארה,IT,פרפקטו פנה ריגאטה 12*500גרם-חדש,גרמים,500.00,100 גרם,false,1,7.90,1.5800,true,1,7715
7290000069364,false,"פריכונים 140 גר ""דל","מיוצר ע""י PT, משווק",IL,אסם פריכונים עגול אורז דל נת.12*140ג,גרמים,140.00,100 גרם,false,1,8.90,6.3571,true,1,16202
7290000070308,false,מרק עוף אמיתי 400 גר,"אסם השקעות בע""מ",IL,אסם מרק עוף אמיתי חתם סופר כלפ.6*400גרם,גרמים,400.00,100 גרם,false,1,21.90,5.4750,true,1,7801
7290000070353,false,"מרק בצל כשל""פ 400 גר","אסם השקעות בע""מ",IL,"מרק בצל כשל""פ 400 גרם",גרמים,400.00,100 גרם,false,1,28.90,7.2250,true,1,7803
7290000070919,false,"בייגלה רשתות בד    """,מיוצר עי קונדיטוריית,IL,אסם בייגלה רשתות מלח 9*400גרם,גרמים,400.00,100 גרם,false,1,14.50,3.6250,true,1,72792
7290000071008,false,בייגלה שטוחים עם מלח,"אסם השקעות בע""מ",IL,אסם בייגלה שטוחים מלח 24*60גרם,גרמים,60.00,100 גרם,false,1,3.70,6.1667,true,1,72793
7290000072241,false,אסם רוטב לפיצה בקבוק,"אסם השקעות בע""מ",IL,אסם רוטב פיצה 9*290מל,מיליליטרים,290.00,"100 מ""ל",false,1,12.90,4.4483,true,1,7847
7290000072623,false,קטשופ לחיץ רגיל,"אסם השקעות בע""מ",IL,אסם קטשופ בקבוק לחיץ 9*750גרם-חדש,גרמים,750.00,100 גרם,false,1,11.90,1.5867,true,1,7858
7290000072630,false,קטשופ לחיץ חריף,"אסם השקעות בע""מ",IL,אסם קטשופ חריף כלפ.9*750גרם 2015,גרמים,750.00,100 גרם,false,1,15.80,2.1067,true,1,7859
7290000072753,false,קפה טסטרצויס 200 גרם,לוטה נסטלה קוריאה,,טייסטרס צ'וייס 12*200גרם,גרמים,200.00,100 גרם,false,1,31.90,15.9500,true,1,7862
7290000072777,false,קפה טסטרצויס נטול קפ,לוטה נסטלה קוריאה,,טייסטרס צוייס נטול קופאין 12*200גרם,גרמים,200.00,100 גרם,false,1,39.90,19.9500,true,1,7864
7290000072968,false,דגני סיני מיניס קינמ,סי. פי. פולין,PL,דגני סיני מיניס קינמון 500 גרם,גרמים,500.00,100 גרם,false,1,26.90,5.3800,true,1,8376
7290000073125,false,מנה חמה פסטה ברוטב ע,"אסם השקעות בע""מ",IL,מנה חמה פסטה עם עגבניות ר.טבע. בדץ12*62ג,גרמים,62.00,100 גרם,false,1,6.90,11.1290,true,1,9200
7290000073699,false,סלט חומוס צבר 150 גר,לחמנו,IL,סלטי צבר חומוס חלק 6*150גרם,גרמים,150.00,100 גרם,false,1,4.90,3.2667,true,1,88968
7290000074184,false,ביסקוויט פתיבר 500 ג,"אסם השקעות בע""מ",IL,ביסקוויט פתיבר 500 גרם,גרמים,500.00,100 גרם,false,1,9.90,1.9800,true,1,9275
7290000074245,false,קרם קרקר 250 גרם,"אסם השקעות בע""מ",IL,אסם קרם קרקר 12*250גרם,גרמים,250.00,100 גרם,false,1,10.90,4.3600,true,1,9277
7290000074252,false,קרקר שומשום 250 גרם,"אסם השקעות בע""מ",IL,אסם קרקר שומשום 12*250גרם,גרמים,250.00,100 גרם,false,1,10.90,4.3600,true,1,9278
7290000074276,false,קרקר פיקנטי 250 גרם,"אסם השקעות בע""מ",IL,אסם קרקר פיקנטי 12*250גרם,גרמים,250.00,100 גרם,false,1,10.90,4.3600,true,1,9279
7290000074375,false,קרקר זהב,"אסם השקעות בע""מ",IL,אסם קרקר זהב 12*150גרם,גרמים,150.00,100 גרם,false,1,6.90,4.6000,true,1,9283
7290000074481,false,לחמית אגוזים,"אסם השקעות בע""מ",IL,לחמית אגוזים 12*160גרם,גרמים,160.00,100 גרם,false,1,10.90,6.8125,true,1,80979
7290000074696,false,קרם קרקר,"אסם השקעות בע""מ",IL,אסם קרם קרקר 4*1קג חדש,קילוגרמים,1.00,"ק""ג",false,1,29.50,29.5000,true,1,9294
7290000075204,false,לחמית קרקר חיטה מלאה,"אסם השקעות בע""מ",IL,לחמית חיטה מלאה 10*250גרם חדש,גרמים,250.00,100 גרם,false,1,10.90,4.3600,true,1,9305
7290000076126,false,בייגלה שמיניות קטנות,"אסם השקעות בע""מ",IL,אסם בייגלה שמיניות קטנות 24*80גרם,גרמים,80.00,100 גרם,false,1,3.70,4.6250,true,1,9330
7290000076133,false,בייגלה שמיניות קטנות,"אסם השקעות בע""מ",IL,אסם בייגלה שמיניות קטנות 12*400גרם,גרמים,400.00,100 גרם,false,1,11.90,2.9750,true,1,9331
7290000076645,false,טוסטעים חיטה מלאה,ון דר מולן האלום,NL,אסם טוסטעים חיטה מלאה 14*100גרם,גרמים,100.00,100 גרם,false,1,11.30,11.3000,true,1,66926
7290000077017,false,עוגיות משהו קרמוגית,מיוצר עי קונדיטוריית,IL,אסם קרמוגית במילוי שוקולד 12*200גרם,גרמים,200.00,100 גרם,false,1,11.90,5.9500,true,1,9358
7290000077253,false,לחמית כפרית,"אסם השקעות בע""מ",IL,לחמית כפרית 12*190גרם,גרמים,190.00,100 גרם,false,1,10.90,5.7368,true,1,68594
7290000077925,false,טוסטעים צנימים עגולי,ון דר מולן האלום,NL,אסם טוסטעים צנימים עגולים חטה.מלא12*125ג,גרמים,125.00,100 גרם,false,1,11.30,9.0400,true,1,66970
7290000080765,false,פת טוסטעים עם שומשום,ון דר מולן האלום,NL,אסם טוסטעים עם שומשום 14*100גרם,גרמים,100.00,100 גרם,false,1,11.30,11.3000,true,1,9873
7290000081663,false,בייגלה טבעות שומשום,מיוצר עי קונדיטוריית,IL,אסם בייגלה טבעות שומשום 12*300גרם,גרמים,300.00,100 גרם,false,1,11.90,3.9667,true,1,9942
7290000085159,false,פירורי ביסקויט וניל,מגדנית הדר,,פירורי ביסקויט וניל 300 גר,גרמים,300.00,100 גרם,false,1,5.80,1.9333,true,1,149736
7290000085180,false,ביסקוויט פתיבר וניל,"אחים גטניו בע""מ",,ביסקוויט פתיבר וניל גטניו 470 גרם,גרמים,470.00,100 גרם,false,1,9.90,2.1064,true,1,34771
7290000100128,false,פירות קפואים תות,סנפרוסט בעמ,IL,פירות קפואים תות,גרמים,300.00,100 גרם,false,1,19.90,6.6333,true,1,121291
7290000100135,false,פירות קפואים דובדבן,סנפרוסט בעמ,IL,פירות קפואים דובדבן,גרמים,300.00,100 גרם,false,1,19.90,6.6333,true,1,121292
7290000101927,false,אוכמניות כחולות מוקפ,"סנפרוסט בע""מ",IL,אוכמניות כחולות מוקפאות 300 גרם,גרמים,300.00,100 גרם,false,1,19.90,6.6333,true,1,115734
7290000101941,false,אננס מוקפא 300 גרם,"סנפרוסט בע""מ",IL,אננס מוקפא 300 גרם,גרמים,300.00,100 גרם,false,1,19.90,6.6333,true,1,115809
7290000101958,false,מנגו מוקפא 300 גרם,"סנפרוסט בע""מ",IL,מנגו מוקפא 300 גרם,גרמים,300.00,100 גרם,false,1,19.90,6.6333,true,1,115793
7290000103365,false,מרק ירקות קפוא 560 ג,"סנפרוסט בע""מ",IL,מרק ירקות סנפרוסט 550 גרם,גרמים,550.00,100 גרם,false,1,19.90,3.6182,true,1,87031
7290000103433,false,לקט ירקות לתנור 800,"איי, בי, אינבוו",IL,פסטיבל ירקות לתנור 800 גרם סנפרוסט,גרמים,800.00,100 גרם,false,1,24.90,3.1125,true,1,113130
7290000103488,false,ארטישוק ירושלמי 400,"סנפרוסט בע""מ",IL,ארטישוק ירושלמי 400 גרם,גרמים,400.00,100 גרם,false,1,24.90,6.2250,true,1,112305
7290000103815,false,לקט להקפצה תאילנדי 8,"סנפרוסט בע""מ",IL,לקט להקפצה תאילנדי 800 גרם סנפרוסט,גרמים,800.00,100 גרם,false,1,24.90,3.1125,true,1,81674
7290000103839,false,מרק כתום 570 גרם,"סנפרוסט בע""מ",IL,מרק כתום סנפרוסט 570 גרם,גרמים,570.00,100 גרם,false,1,19.90,3.4912,true,1,80288
7290000103846,false,מרק אפונה קפוא 572 ג,"סנפרוסט בע""מ",IL,מרק אפונה קפוא סנפרוסט 572 גרם,גרמים,572.00,100 גרם,false,1,19.90,3.4790,true,1,80360
7290000103860,false,מרק עדשים 570 גרם,"סנפרוסט בע""מ",IL,מרק עדשים סנפרוסט 570 גרם,גרמים,570.00,100 גרם,false,1,19.90,3.4912,true,1,80290
7290000104201,false,אפונה עדינה סנפרוסט,"סנפרוסט בע""מ",IL,אפונה עדינה סנפרוסט 600 גרם,גרמים,600.00,100 גרם,false,1,19.90,3.3167,true,1,17
7290000104218,false,במיה 600 גרם,"איי, בי, אינבוו",IL,במיה 600 גרם,גרמים,600.00,100 גרם,false,1,19.90,3.3167,true,1,18
7290000104225,false,בצל קצוץ סנפרוסט 600,"סנפרוסט בע""מ",IL,בצל קצוץ סנפרוסט 600 גרם,גרמים,600.00,100 גרם,false,1,19.90,3.3167,true,1,19
7290000104676,false,אפונת גינה 800 גרם ס,"איי, בי, אינבוו",IL,אפונת גינה 800 גרם סנפרוסט,גרמים,800.00,100 גרם,false,1,19.90,2.4875,true,1,36
7290000104683,false,שעועית ירוקה שלמה סנ,"סנפרוסט בע""מ",IL,שעועית ירוקה שלמה סנפרוסט 800גרם,גרמים,800.00,100 גרם,false,1,21.90,2.7375,true,1,37
7290000104690,false,תירס גרעינים סנפרוסט,"סנפרוסט בע""מ",IL,תירס גרעינים סנפרוסט 800גרם,גרמים,800.00,100 גרם,false,1,19.90,2.4875,true,1,38
7290000104706,false,גזר גמדי 800 גרם,"סנפרוסט בע""מ",IL,גזר גמדי 800 גרם,גרמים,800.00,100 גרם,false,1,19.90,2.4875,true,1,39
7290000104720,false,שעועית ירוקה חתוכה ס,"סנפרוסט בע""מ",IL,שעועית ירוקה חתוכה סנפרוסט 800גרם,גרמים,800.00,100 גרם,false,1,20.90,2.6125,true,1,41
7290000104744,false,כרובית 800 גרם,"סנפרוסט בע""מ",IL,כרובית 800 גרם סנפרוסט,גרמים,800.00,100 גרם,false,1,26.90,3.3625,true,1,43
7290000104751,false,כרוב ניצנים 800-גר,"סנפרוסט בע""מ",IL,כרוב ניצנים 800-גר                     .,גרמים,800.00,100 גרם,false,1,26.90,3.3625,true,1,44
7290000104768,false,תרד עלים,"איי, בי, אינבוו",IL,תרד עלים 800-גר                        .,גרמים,800.00,100 גרם,false,1,27.90,3.4875,true,1,45
7290000104775,false,מדליוני תרד 800 גרם,"סנפרוסט בע""מ",IL,מדליוני תרד 800 גרם,גרמים,800.00,100 גרם,false,1,27.90,3.4875,true,1,46
7290000104799,false,שעועית לבנה מבושלת ק,"סנפרוסט בע""מ",IL,שעועית לבנה מבושלת קפואה 800 גרם,גרמים,800.00,100 גרם,false,1,21.90,2.7375,true,1,47
7290000104805,false,גרגרי חומוס מבושלים,"סנפרוסט בע""מ",IL,גרגרי חומוס מבושלים קפואים 800 גרם,גרמים,800.00,100 גרם,false,1,21.90,2.7375,true,1,48
7290000104836,false,שעועית עדינה שלמה,"סנפרוסט בע""מ",IL,שעועית עדינה שלמה 600 גרם סנפרוסט,גרמים,600.00,100 גרם,false,1,24.90,4.1500,true,1,20828
7290000104874,false,לקט לקוסקוס 800 גרם,"סנפרוסט בע""מ",IL,ירקות לקוסקוס של אמא 800 גרם סנפרוסט,גרמים,800.00,100 גרם,false,1,24.90,3.1125,true,1,51
7290000104881,false,לקט אפונה וגזר 800 ג,"סנפרוסט בע""מ",IL,לקט אפונה וגזר 800 גרם,גרמים,800.00,100 גרם,false,1,19.90,2.4875,true,1,52
7290000104904,false,לקט ירקות מעורבים 80,"איי, בי, אינבוו",IL,לקט ירקות מעורבים 800 גרם סנפרוסט,גרמים,800.00,100 גרם,false,1,24.90,3.1125,true,1,54
7290000104911,false,לקט נורמנדי 800 גרם,"איי, בי, אינבוו",IL,לקט נורמנדי 800 גרם סנפרוסט,גרמים,800.00,100 גרם,false,1,24.90,3.1125,true,1,55
7290000106175,false,לקט כפרי,"סנפרוסט בע""מ",IL,לקט כפרי 2 קג                          .,קילוגרמים,2.00,"ק""ג",false,1,42.80,21.4000,true,1,58
7290000107165,false,חטיף פולי סויה אדממה,"סנפרוסט בע""מ",IL,חטיף פולי סויה אדממה 400 גרם סנפרוסט,גרמים,400.00,100 גרם,false,1,13.90,3.4750,true,1,33322
7290000107189,false,תחתיות ארטישוק 400 ג,"איי, בי, אינבוו",IL,תחתיות ארטישוק 400 גרם סנפרוסט,גרמים,400.00,100 גרם,false,1,24.90,6.2250,true,1,60
7290000107295,false,ברוקולי מוקפא 800 גר,"איי, בי, אינבוו",IL,ברוקולי מוקפא 800 גרם סנפרוסט,גרמים,800.00,100 גרם,false,1,27.90,3.4875,true,1,63
7290000107615,false,ירקות מנה אסייתית צב,"סנפרוסט בע""מ",IL,לקט מנה אסייתית צבעונית ועשירה 800גרם,גרמים,800.00,100 גרם,false,1,26.90,3.3625,true,1,125849
7290000107622,false,פסטה וירקות אלה איטל,"איי, בי, אינבוו",IL,לקט פסטה וירקות א-לה איטליה  800גרם,גרמים,800.00,100 גרם,false,1,26.90,3.3625,true,1,125850
7290000110844,false,חטיף כיפלי גריל 70 ג,יוניליור ישראל מזון,IL,כיפלי חטיף בטעם גריל,גרמים,70.00,100 גרם,false,1,6.50,9.2857,true,1,16216
7290000110851,false,חטיף כיפלי בצל 70 גר,אתר שפע - Food,IL,כיפלי חטיף בטעם בצל,גרמים,70.00,100 גרם,false,1,6.50,9.2857,true,1,16217
7290000111117,false,מרכך כביסה בדין לבן,יוניליור ישראל טיפוח,IL,מרכך כביסה בדין לבן,ליטרים,4.00,ליטר,false,1,24.90,6.2250,true,1,80
7290000111186,false,מיונז אמיתי תלמה 500,יוניליוור ישראל מזון,IL,תלמה  מיונז אמיתי 500 גרם,גרמים,500.00,100 גרם,false,1,10.90,2.1800,true,1,82
7290000111353,false,מיונז אמיתי תלמה 1 ק,יוניליוור ישראל מזון,IL,תלמה  מיונז  1 קג,קילוגרמים,1.00,"ק""ג",false,1,19.90,19.9000,true,1,85
7290000111360,false,חרדל אמיתי תלמה 250,יוניליוור  ישראל מזו,IL,חרדל אמיתי תלמה,גרמים,250.00,100 גרם,false,1,7.90,3.1600,true,1,86
7290000111384,false,חרדל אמיתי תלמה 550,יוניליוור  ישראל מזו,IL,חרדל אמיתי תלמה,גרמים,550.00,100 גרם,false,1,10.90,1.9818,true,1,87
7290000112220,false,טחינה קלאסית בארכה 5,רושדי תעשיות מזון בע,IL,בארכה טחינה 100% שומשום 12*500גרם,גרמים,500.00,100 גרם,false,1,14.90,2.9800,true,1,127
7290000112497,false,מרק עשיר עוף עם אטרי,יוניליוור ישראל מזון,IL,מרק עוף עם אטריות,גרמים,68.00,100 גרם,false,1,12.90,18.9706,true,1,145
7290000112503,false,מרק עשיר ירקות קנור,יוניליוור ישראל מזון,IL,מרק עשיר ירקות קנור 61 גרם,גרמים,61.00,100 גרם,false,1,12.90,21.1475,true,1,146
7290000112619,false,מרק עוף אמיתי לתיבול,יוניליוור ישראל מזון,IL,קנור מרק עוף אמיתי 400 גרם,גרמים,400.00,100 גרם,false,1,22.90,5.7250,true,1,160
7290000116204,false,"מרק דגש שקית 1 ק""ג",יוניליוור ישראל מזון,IL,קנור מרק דגש זך בטעם עוף 1 קג,קילוגרמים,1.00,"ק""ג",false,1,19.70,19.7000,true,1,267
7290000116884,false,רוטב ברביקיו קנור 30,יוניליוור ישראל מזון,IL,רוטב ברביקיו קנור,מיליליטרים,300.00,"100 מ""ל",false,1,12.90,4.3000,true,1,13949
7290000116921,false,רוטב צילי מתוק קנור,יוניליוור ישראל מזון,IL,רוטב צ'ילי מתוק קנור,מיליליטרים,300.00,"100 מ""ל",false,1,12.90,4.3000,true,1,13950
7290000116945,false,רוטב סויה קנור,יוניליוור ישראל מזון,IL,רוטב סויה קלאסי קנור,מיליליטרים,300.00,"100 מ""ל",false,1,13.90,4.6333,true,1,13951
7290000117171,false,מרק נמס בכוס דל קלור,יוניליוור ישראל מזון,IL,קנור מרק נמס בכוס בטעם עוף 48 גרם,גרמים,48.00,100 גרם,false,1,8.60,17.9167,true,1,271
7290000117720,false,מרק נמס בכוס פטריות,יוניליוור ישראל מזון,IL,קנור נמס בכוס פטריות 43 גרם,גרמים,43.00,100 גרם,false,1,7.50,17.4419,true,1,276
7290000118277,false,קניידלך קנור 130 גרם,יוניליוור ישראל מזון,IL,קנור  קניידל  130 גרם,גרמים,130.00,100 גרם,false,1,12.90,9.9231,true,1,284
7290000120836,false,מיונז הלמנס 394 גרם,קונפקו אינק' די.בי.א,CA,hellmanns real  מיונז אמיתי הלמנס,גרמים,394.00,100 גרם,false,1,12.90,3.2741,true,1,309
7290000120874,false,מיונז הלמנס לייט 424,"שד' קילבורן 2816, שי",US,hellmanns light ממרח מופחת קלוריות,גרמים,424.00,100 גרם,false,1,12.90,3.0425,true,1,310
7290000121093,false,גבינה מותכת מון בלאן,האי נאם סי או אל.טי.,IL,גבינה מותכת מון בלאן 7% לייט 120 גרם,גרמים,120.00,100 גרם,false,1,11.90,9.9167,true,1,314
7290000121109,false,גבינה מותכת 7% מון ב,האי נאם סי או אל.טי.,IL,גבינה מותכת 7% מון בלאן זיתים לייט 120 ג,גרמים,120.00,100 גרם,false,1,11.90,9.9167,true,1,315
7290000121147,false,גבינה מותכת 7%פיקנטי,"שלושת האופים בע""מ",IL,גבינה מותכת 7%פיקנטי120 גר,גרמים,120.00,100 גרם,false,1,11.90,9.9167,true,1,21123
7290000121154,false,גבינה מותכת 7% מון ב,האי נאם סי או אל.טי.,IL,גבינה מותכת 7% מון בלאן סלמון לייט 120 ג,גרמים,120.00,100 גרם,false,1,11.90,9.9167,true,1,316
7290000125251,false,שמפו בדין לכביסה ביד,"זוהר דליה, קיבוץ דלי",IL,בדין  שמפו לכביסה עדינה 2 ליטר,ליטרים,2.00,ליטר,false,1,28.60,14.3000,true,1,22681
7290000129457,false,רוטב פטריות,יוניליוור ישראל מזון,IL,קנור רוטב פטריות 28 גרם,גרמים,28.00,100 גרם,false,1,5.00,17.8571,true,1,31462
7290000134147,false,מוסקט טחון 40 גרם,תות ממתקי איכות,IL,"תבליני טעם וריח, מוסקט טחון 100%, 40 גרם",גרמים,40.00,100 גרם,false,1,14.90,37.2500,true,1,16909
7290000134307,false,קינמון טחון שקית 50,תות ממתקי איכות,IL,"תבליני טעם וריח, 100% קינמון טחון, 50 גרם",גרמים,50.00,100 גרם,false,1,5.90,11.8000,true,1,21541
7290000134314,false,תיבול לפיצה,תות ממתקי איכות,IL,תבליני טעם וריח תערובת תיבול לפיצה 120 גרם,גרמים,120.00,100 גרם,false,1,9.90,8.2500,true,1,21589
7290000134338,false,תב.אבקת שום 90 גר מי,תבליני טעם וריח,IL,תבליני טעם וריח אבקת שום 90 גרם,גרמים,90.00,100 גרם,false,1,9.90,11.0000,true,1,16238
7290000134352,false,תבלין קינמון טחון,תות ממתקי איכות,IL,"תבליני טעם וריח, 100% קינמון טחון, 90 גרם",גרמים,80.00,100 גרם,false,1,9.90,12.3750,true,1,16023
7290000134376,false,תב.פפריקה מתוקה בשמן,תות ממתקי איכות,IL,תבלין פפריקה מתוקה בשמן 90 מיכ,גרמים,90.00,100 גרם,false,1,9.90,11.0000,true,1,17908
7290000134550,false,עלי דפנה בשקית 20 גר,תות ממתקי איכות,IL,"תבליני טעם וריח, 100% עלי דפנה, 20 גרם",גרמים,20.00,100 גרם,false,1,5.90,29.5000,true,1,16024
7290000134666,false,רוזמרין 15 גרם,תות ממתקי איכות,IL,"תבליני טעם וריח, 100% רוזמרין, 15 גרם",גרמים,15.00,100 גרם,false,1,6.90,46.0000,true,1,42101
7290000134673,false,זנגביל 30 גרם,תות ממתקי איכות,IL,"תבליני טעם וריח, 100% זנגביל טחון, 30 גרם",גרמים,30.00,100 גרם,false,1,6.90,23.0000,true,1,42102
7290000134680,false,קימל שלם 40 מיכל קטן,תות ממתקי איכות,IL,"תבליני טעם וריח, 100% מקלות קינמון, 15 גרם",גרמים,40.00,100 גרם,false,1,6.90,17.2500,true,1,42103
7290000134758,false,תיבול לתפוא  מיכל,תות ממתקי איכות,IL,"תבליני טעם וריח, תערובת תיבול לתפוחי אדמה, 100 גרם",גרמים,100.00,100 גרם,false,1,9.90,9.9000,true,1,42104
7290000134826,false,תבלין זעתר 100 גרם,תות ממתקי איכות,IL,"תבליני טעם וריח, תערובת תיבול זעתר , 100 גרם",גרמים,100.00,100 גרם,false,1,9.90,9.9000,true,1,16170
7290000134833,false,תבלין כמון 100  גר,תות ממתקי איכות,IL,"תבליני טעם וריח, 100% כמון מזרחי",גרמים,100.00,100 גרם,false,1,9.90,9.9000,true,1,16171
7290000134840,false,תבלין כורכום   מיכל,תות ממתקי איכות,IL,"תבליני טעם וריח, 100% כורכום, 100 גרם",גרמים,100.00,100 גרם,false,1,9.90,9.9000,true,1,16312
7290000134857,false,תבלין פפריקה מתוקה 1,תות ממתקי איכות,IL,"תבליני טעם וריח, פפריקה מתוקה 100%, 100 גרם",גרמים,100.00,100 גרם,false,1,9.90,9.9000,true,1,16313
7290000134864,false,תבלין פפריקה חריפה,יוליניבר,IL,תבליני טעם וריח פפריקה חריפה 100% 100 גרם,גרמים,100.00,100 גרם,false,1,9.90,9.9000,true,1,16172
7290000134871,false,פלפל שחור טחון 100 ג,תות ממתקי איכות,IL,"תבליני טעם וריח, 100% פלפל שחור טחון, 100 גרם",גרמים,100.00,100 גרם,false,1,12.90,12.9000,true,1,16352
7290000134970,false,תבלין חאוויגי מיכל,תות ממתקי איכות,IL,"תבליני טעם וריח, חוויאג' למרק, 100 גרם",גרמים,100.00,100 גרם,false,1,9.90,9.9000,true,1,16282
7290000134987,false,פלפל שחור גרוס מיכל,תבליני טעם וריח,,"פלפל שחור גרוס 90 גר  ""מכיל",גרמים,90.00,100 גרם,false,1,12.90,14.3333,true,1,16025
7290000134994,false,טימין 20 גרם,תות ממתקי איכות,IL,"תבליני טעם וריח, 100% טימין, 20 גרם",גרמים,20.00,100 גרם,false,1,6.90,34.5000,true,1,42105
7290000135045,false,XL TEN משקה אנרגיה ב,"טמפו משקאות בע""מ",IL,XL TEN משקה אנרגיה בטעם תפוח250מל,מיליליטרים,250.00,"100 מ""ל",false,1,4.50,1.8000,true,1,96745
7290000135052,false,משקה אנרגיה XL TEN מ,"טמפו משקאות בע""מ",IL,משקה אנרגיה XL TEN מנגו פחית 250 מל,מיליליטרים,250.00,"100 מ""ל",false,1,4.50,1.8000,true,1,124913
7290000135151,false,סודה נגיעות לימון בק,טמפו משקאות בעמ,IL,"סודה נגיעות למון ליים 275 מ""ל",מיליליטרים,275.00,"100 מ""ל",false,1,3.90,1.4182,true,1,145346
7290000135182,false,דיאט סבן אפ  פחית צר,"טמפו משקאות בע""מ",IL,דיאט סבן אפ  פחית צרה 330 שישייה,ליטרים,1.98,ליטר,false,6,22.90,11.5657,true,1,156091
7290000136240,false,מי סודה 1.5 ליטר,טמפו,IL,מי סודה 1.5 ליטר,ליטרים,1.50,ליטר,false,1,3.80,2.5333,true,1,152845
7290000136646,false,בירה נשר מאלט בקבוק,טמפו,IL,בירה נשר מאלט בקבוק 1.5 ליטר,ליטרים,1.50,ליטר,false,1,8.90,5.9333,true,1,152855
7290000136653,false,בירה נשר מאלט דיאט ב,טמפו,IL,בירה נשר מאלט דיאט בקבוק 1.5 ליטר,ליטרים,1.50,ליטר,false,1,8.90,5.9333,true,1,152856
7290000136660,false,מי סודה 1.5 ליטר,טמפו,IL,מי סודה 1.5 ליטר,ליטרים,1.50,ליטר,false,1,3.80,2.5333,true,1,153140
7290000136677,false,פפסי קולה בקבוק 1.5,טמפו,IL,פפסי קולה בקבוק 1.5 ליטר,ליטרים,1.50,ליטר,false,1,8.50,5.6667,true,1,153145
7290000136684,false,פפסי קולה מקס ללא סו,טמפו,IL,פפסי קולה מקס ללא סוכר בקבוק 1.5 ליטר,ליטרים,1.50,ליטר,false,1,8.50,5.6667,true,1,153146
7290000136691,false,סבן אפ שישייה בקבוק,טמפו,IL,סבן אפ שישייה בקבוק 1.5 ליטר,ליטרים,9.00,ליטר,false,6,49.90,5.5444,true,1,152857
7290000136707,false,מירינדה בקבוק 1.5 לי,טמפו,IL,מירינדה בקבוק 1.5 ליטר,ליטרים,1.50,ליטר,false,1,8.50,5.6667,true,1,153143
7290000136783,false,שישיית מירינדה,טמפו,IL,שישיית מירינדה,ליטרים,9.00,ליטר,false,6,49.90,5.5444,true,1,152860
7290000136790,false,מי סודה שישייה בקבוק,טמפו,IL,מי סודה שישייה בקבוק 1.5 ליטר,ליטרים,9.00,ליטר,false,6,17.90,1.9889,true,1,152861
7290000136851,false,סבן אפ בקבוק 1.5 ליט,טמפו,IL,סבן אפ בקבוק 1.5 ליטר,ליטרים,1.50,ליטר,false,1,8.50,5.6667,true,1,153144
7290000136868,false,מים סן בנדטו שישייה,טמפו,IL,מים סן בנדטו שישייה בקבוק 1.5 ליטר,ליטרים,9.00,ליטר,false,6,19.90,2.2111,true,1,152865
7290000136875,false,שישיית סןבנדטו מוגז,טמפו,IL,שישיית סןבנדטו מוגז בקבוק 1.5 ליטר,ליטרים,9.00,ליטר,false,6,19.90,2.2111,true,1,153233
7290000136936,false,סבן אפ דיאט בקבוק 1.,טמפו,IL,סבן אפ דיאט בקבוק 1.5 ליטר,ליטרים,1.50,ליטר,false,1,8.50,5.6667,true,1,153142
7290000137513,false,גלידונית קרמיסימו  1,"גלידת שטראוס בע""מ, ר",IL,גלידונית קרמיסימו  1/60  630 גרם,גרמים,630.00,100 גרם,false,1,41.90,6.6508,true,1,518
7290000137643,false,גלידה טעמקור משפחתי,,IL,"שטראוס טעמקור 880 מ""ל",גרמים,500.00,100 גרם,false,1,42.90,8.5800,true,1,519
7290000139104,false,חיטה תפוחה מתוקה,"אשב""ל בע""מ",,.חיטה תפוחה מתוקה 250 גרם,גרמים,250.00,100 גרם,false,1,9.90,3.9600,true,1,52901
7290000139227,false,דגן תפוח ממותק 150 ג,"אשב""ל בע""מ",,דגן תפוח ממותק 150 גרם,גרמים,150.00,100 גרם,false,1,9.90,6.6000,true,1,52935
7290000139258,false,חיטה תפוחה+סוכר חום,"אשב""ל בע""מ",,חיטה תפוחה עם סוכר חום ודבש          200,גרמים,200.00,100 גרם,false,1,10.90,5.4500,true,1,52895
7290000144160,false,שמן זית כתית מעולה ב,"מרקאולאו, ספרד.אבסה,",IT,שמן זית ארומתי,מיליליטרים,750.00,"100 מ""ל",false,1,36.90,4.9200,true,1,68139
7290000144474,false,שמן קנולה מועשר בנוג,סקנולה,EE,שמן קנולה מועשר בנוגדי חמצון 1 ליטר,ליטרים,1.00,ליטר,false,1,15.90,15.9000,true,1,576
7290000148380,false,פיסטוקים קלויים קליי,קרלו,IL,קליית גת פיסטוק קלויים 200 גרם,גרמים,200.00,100 גרם,false,1,21.90,10.9500,true,1,12250
7290000148489,false,גרעיני דלעת קליית גת,קרלו,IL,"קליית גת גרעיני דלעת קלויים,200 גרם",גרמים,200.00,100 גרם,false,1,10.30,5.1500,true,1,14557
7290000148618,false,אגוזי קשיו מטוגנים ק,קרלו,IL,קליית גת קשיו מטוגן 200 גרם,גרמים,200.00,100 גרם,false,1,19.90,9.9500,true,1,12251
7290000148748,false,גרעיני חמנייה קליית,קרלו,IL,"קליית גת חמנייה קלויים, 200 גרם",גרמים,200.00,100 גרם,false,1,6.90,3.4500,true,1,12170
7290000148939,false,שקדים קלויים קליית ג,קרלו,IL,שקד קלוי 200 גר' שקית,גרמים,200.00,100 גרם,false,1,21.90,10.9500,true,1,12252
7290000149615,false,סבון מוצק  תינוק,גליל כימיקלים בעממשו,IL,נקה 7 סבון מוצק  תינוק              1/4,גרמים,400.00,100 גרם,false,1,12.90,3.2250,true,1,35427
7290000149905,false,שמפו נוזלי לכביסה טק,מיוצר עי קונדיטוריית,IL,טקסטיל שמפו 1 ליטר,ליטרים,1.00,ליטר,false,1,14.90,14.9000,true,1,682
7290000150352,false,"פסטרמה איטלקית לק""ג",עוף טוב,,"פסטרמה איטלקית לק""ג",קילוגרמים,1.00,"ק""ג",true,,79.00,79.0000,true,1,727
7290000150468,false,"פסטרמה רומנית לק""ג",עוף טוב,,"פסטרמה רומנית לק""ג",קילוגרמים,1.00,"ק""ג",true,,79.00,79.0000,true,1,729
7290000150956,false,מקלוני קבנוס 160 גרם,מולינו ניקולי s.p.a,IL,עוף טוב מקלוני קבנוס 12*160גרם,גרמים,160.00,100 גרם,false,1,10.90,6.8125,true,1,75056
7290000151106,false,פסטרמה אמריקאית,עוף טוב,,"פסטרמה אמריקאית לק""ג",קילוגרמים,1.00,"ק""ג",true,,79.00,79.0000,true,1,738
7290000155524,false,"פסטרמה פולנית לק""ג",עוף טוב,,"פסטרמה פולנית לק""ג",קילוגרמים,1.00,"ק""ג",true,,79.00,79.0000,true,1,33482
7290000158105,false,שניצל עוף דינוזאור 7,מולינו ניקולי s.p.a,IL,ע.ט.שניצל עוף מיני דינוזאור ר.טבע12*700ג,גרמים,700.00,100 גרם,false,1,34.90,4.9857,true,1,86155
7290000168173,false,ברנפלקס קרנצים 375 ג,יוניליור ישראל מזון,IL,ברנפלקס קרנצים 375 גרם,גרמים,375.00,100 גרם,false,1,25.90,6.9067,true,1,100458
7290000169538,false,מרק נמס בכוס עגבניות,יוניליוור ישראל מזון,IL,מרק נמס בכוס עגבניות קרוטונים קנור 62 גר,גרמים,62.00,100 גרם,false,1,7.50,12.0968,true,1,94288
7290000169798,false,דגני עוגי מופחת 20%,יוניליוור שפע ישראל,IL,תלמה דגני בוקר עוגי  500 גרם,גרמים,500.00,100 גרם,false,1,24.90,4.9800,true,1,94517
7290000174723,false,שוקולית עלית 500 גרם,הנסיך- מפעל לייצור ט,IL,שוקולית קופסא 500  / 12 קופ'/ 500ג',גרמים,500.00,100 גרם,false,1,13.90,2.7800,true,1,862
7290000176062,false,קפה טורקי בצלופן 100,שטראוס קפה בי.וי.,IL,עלית טורקי שקית 100ג/1שק'/100גר',גרמים,100.00,100 גרם,false,1,8.90,8.9000,true,1,872
7290000176079,false,קפה עם הל 100 גרם,שטראוס קפה בי.וי.,IL,עלית טורקי עם הל 00/1שק'/100גר',גרמים,100.00,100 גרם,false,1,10.20,10.2000,true,1,873
7290000176116,false,קפה טורקי וואקום,שטראוס קפה בי.וי.,IL,"עלית טורקי ואקום  1 ק""ג",קילוגרמים,1.00,"ק""ג",false,1,88.00,88.0000,true,1,12954
7290000176413,false,קפה נמס עלית 50 גרם,הנסיך- מפעל לייצור ט,IL,קפה נמס עלית 50 גרם,גרמים,50.00,100 גרם,false,1,10.80,21.6000,true,1,878
7290000176420,false,קפה נמס עלית פחית 20,שטראוס קפה בי.וי,IL,קפה נמס עלית פחית 200 גרם,גרמים,200.00,100 גרם,false,1,19.90,9.9500,true,1,879
7290000176468,false,קפה נמס האג עלית 50,"איי, בי, אינבוו",,האג נמס אבקתי פחית 50 גר חדש,גרמים,50.00,100 גרם,false,1,13.10,26.2000,true,1,880
7290000178707,false,תפוציפס מלוח 50 גרם,"שטראוס פריטו ליי בע""",IL,תפו טבעי 50 גר 48 יח - שמיטה,גרמים,50.00,100 גרם,false,1,3.90,7.8000,true,1,916
7290000178721,false,תפוציפס מלוח 200 גרם,"שטראוס פריטו ליי בע""",IL,תפו טבעי 200 גר 12 יח,גרמים,200.00,100 גרם,false,1,9.90,4.9500,true,1,918
7290000187860,false,מגבוני טואלט לח לילי,עלבד משואות יצחק בעמ,IL,מגבוני טואלט לח לילי,לא מנהל יחידת מידה,0.00,לא מנהל יחידת מידה,false,1,7.90,0.0000,true,1,1004
7290000187938,false,נייר טואלט לילי פסטל,חוגלה קימברלי,,נייר טואלט לילי פסטל 32 גלילים,מטרים,58880.00,מטר,false,1,38.90,0.0007,true,1,48943
7290000187952,false,נייר טואלט לילי טריו,חוגלה קימברלי,,נייר טואלט לילי טריו 32 גלילים,מטרים,53470.00,מטר,false,1,44.90,0.0008,true,1,48945
7290000189550,false,שקיות אשפה זוג 20 יח,אשפלסט,IL,שקיות אשפה זוג 20 יחידות,לא מנהל יחידת מידה,0.00,לא מנהל יחידת מידה,false,1,23.90,0.0000,true,1,30109
7290000189598,false,מטליות לחות לניקוי כ,עלבד משואות יצחק בעמ,IL,מטליות לחות לניקוי כללי 50 יח ניקול,Unknown,0.00,Unknown,false,1,11.90,0.0000,true,1,56263
7290000189659,false,מטליות לחות לרצפה,עלבד משואות יצחק בעמ,IL,ניקול מטליות לחות לניקוי הרצפה 10 יחידות,Unknown,0.00,Unknown,false,1,11.80,0.0000,true,1,62832
7290000189734,false,מטליות לחות לניקוי פ,עלבד משואות יצחק בעמ,IL,ניקול מטליות לחות לניקוי פרקט 10 יחידות,גרמים,0.00,100 גרם,false,1,14.90,0.0000,true,1,76881
7290000189871,false,שקיות אשפה עם שרוך נ,אשפלסט,IL,שקיות אשפה עם שרוך ניקול 60 יחידות,לא מנהל יחידת מידה,0.00,לא מנהל יחידת מידה,false,1,21.90,0.0000,true,1,50138
7290000190198,false,מטליות לניקוי וחיטוי,עלבד משואות יצחק בעמ,IL,מטליות לחות לניקוי חיטוי ניקול,יחידה,1.00,יחידה,false,1,11.90,11.9000,true,1,96198
7290000191546,false,ממחטות טישיו לילי צב,חוגלה קימברלי,,ממחטות טישיו לילי צבעוני בניילון שלישייה,Unknown,0.00,Unknown,false,1,11.90,0.0000,true,1,1038
7290000191652,false,ממחטות טישיו קלינקס,חוגלה קימברלי,,ממחטות טישיו קלינקס ניילון מארז שלישייה,לא מנהל יחידת מידה,0.00,לא מנהל יחידת מידה,false,1,11.90,0.0000,true,1,45929
7290000195537,false,מגבונים לחים האגיס ל,ווטנפס בעמ,IL,האגיס מגבונים לחים לתינוק ללא בישום מארז רביעייה,יחידה,1.00,יחידה,false,1,18.90,18.9000,true,1,15303
7290000196763,false,שקיות אשפה השקית החז,אשפלסט,IL,שקיות אשפה השקית החזקה ניקול 40 יח,Unknown,0.00,Unknown,false,1,22.90,0.0000,true,1,80157
7290000197012,false,שקיות ריצרץ 19*18 ני,סין,CN,שקיות ריצרץ 19*18 ניקול בקופסא 15 שקיות,לא מנהל יחידת מידה,0.00,לא מנהל יחידת מידה,false,1,14.90,0.0000,true,1,35327
7290000197029,false,שקיות ריצרץ 26*28 בק,קילת,,שקיות ריצרץ 26*28 בקופסא 12 שקיות,לא מנהל יחידת מידה,0.00,לא מנהל יחידת מידה,false,1,16.90,0.0000,true,1,35328
7290000197326,false,רדיד אלומיניום זוג ק,אופל,IL,זוג רדיד אלומיניום קצר עובי משופר 15 מיקרון,מטרים,1500.00,מטר,false,1,11.90,0.0079,true,1,1109
7290000197425,false,חיתולים פרידום דריי,קימברלי קלארק ישראל,IL,חיתולים פרידום דריי שלב 3,יחידה,1.00,יחידה,false,1,42.90,42.9000,true,1,103043
7290000197432,false,שקיות סנדוויצון 19*2,אשלפסט תעשיות בעמ,IL,סנדוויצון זוגות,לא מנהל יחידת מידה,0.00,לא מנהל יחידת מידה,false,1,13.90,0.0000,true,1,1116
7290000197456,false,חיתולים פרידום דריי,קימברלי קלארק ישראל,IL,חיתולים פרידום דריי שלב 4,יחידה,1.00,יחידה,false,1,42.90,42.9000,true,1,103044
7290000197463,false,חיתולי פרידום דריי ש,קימברלי קלארק ישראל,IL,חיתולי פרידום דריי שלב  +4,יחידה,1.00,יחידה,false,1,42.90,42.9000,true,1,103301
7290000197548,false,חיתולי האגיס פרידום,קימברלי קלארק ישראל,IL,חיתולי האגיס פרידום דריי שלב 5,לא מנהל יחידת מידה,0.00,לא מנהל יחידת מידה,false,1,42.90,0.0000,true,1,103045
7290000197678,false,חיתולים פרידום דריי,קימברלי קלארק ישראל,IL,חיתולים פרידום דריי שלב 6,יחידה,1.00,יחידה,false,1,42.90,42.9000,true,1,103046
7290000197883,false,תבנית אלומיניום גדול,ארץ ייצור: סין,CN,תבנית אלומיניום גדול 4 יחידות,לא מנהל יחידת מידה,0.00,לא מנהל יחידת מידה,false,1,9.90,0.0000,true,1,16284
7290000197951,false,תבנית אלומיניום ענק,פאלאס,,תבנית אלומיניום ענק 2 יחידות,לא מנהל יחידת מידה,0.00,לא מנהל יחידת מידה,false,1,9.90,0.0000,true,1,16176
7290000204512,false,מטליות לחות ניקול בר,עלבד משואות יצחק בעמ,IL,מטליות לחות ניקול בריח לימון,לא מנהל יחידת מידה,0.00,לא מנהל יחידת מידה,false,1,13.90,0.0000,true,1,130106
7290000207063,false,רסק עגבניות פריכוז 2,היינץ צפון אמריקה מק,IL,רסק עגבניות פריכוז 260 גרם יכין,גרמים,260.00,100 גרם,false,1,4.90,1.8846,true,1,28950
7290000207162,false,רסק עגבניות 22% 100,"זנלכל בע""מ",IL,יכין רוטב עגבניות מרוכז 100 גרם,גרמים,100.00,100 גרם,false,1,2.50,2.5000,true,1,1386
7290000207438,false,קוביות עגבניות יכין,"זנלכל בע""מ",IL,קוביות עגבניות יכין A2.5 800 ג,גרמים,800.00,100 גרם,false,1,8.90,1.1125,true,1,40683
7290000208022,false,עגבניות מרוסקות יכין,"זנלכל בע""מ",IL,עגבניות מרוסקות יכין 800 גרם,גרמים,800.00,100 גרם,false,1,8.90,1.1125,true,1,40770
7290000208077,false,אפונה גדולה 550 גר .,"זנלכל בע""מ",IL,אפונה גדולה 550 גר .יכין,גרמים,550.00,100 גרם,false,1,7.90,1.4364,true,1,16030
7290000208091,false,אפונה קטנה,"זנלכל בע""מ",IL,אפונה קטנה 560 גרם יכין,גרמים,560.00,100 גרם,false,1,8.90,1.5893,true,1,25022
7290000208114,false,אפונה וגזר,"זנלכל בע""מ",IL,יכין אפונת גינה וגזר 550 גרם,גרמים,550.00,100 גרם,false,1,7.90,1.4364,true,1,1430
7290000208138,false,סירופ דיאט ענבים יכי,"זנלכל בע""מ",IL,יכין סירופ בטעם ענבים דיאט 1 ליטר,ליטרים,1.00,ליטר,false,1,15.90,15.9000,true,1,106707
7290000208213,false,שעועית לבנה ברוטב עג,היינץ צפון אמריקה מק,IL,יכין שעועית לבנה ברוטב עגבניות 580 גרם,גרמים,580.00,100 גרם,false,1,7.90,1.3621,true,1,104875
7290000208220,false,צילי שעועית יכין,היינץ צפון אמריקה מק,IL,יכין שעועית צ'ילי בנוסח מקסיקני חריף 580 גרם,גרמים,0.00,100 גרם,false,1,8.90,0.0000,true,1,107193
7290000208312,false,תירס גרעינים יכין  3,"זנלכל בע""מ",IL,תירס גרעינים יכין  340 גרם,גרמים,340.00,100 גרם,false,1,4.90,1.4412,true,1,12260
7290000208329,false,תירס גרעינים מתוק יכ,"זנלכל בע""מ",IL,תירס גרעינים מתוק יכין 560 גרם,גרמים,560.00,100 גרם,false,1,7.90,1.4107,true,1,12174
7290000208336,false,רסק עגבניות 240 גרם,"זנלכל בע""מ",IL,יכין רוטב עגבניות מרוכז 240 גרם,גרמים,240.00,100 גרם,false,1,4.50,1.8750,true,1,37787
7290000208404,false,פול מצרי 560 גרם A2,"זנלכל בע""מ",IL,פול מצרי 560 גרם A2 יכין,גרמים,560.00,100 גרם,false,1,7.50,1.3393,true,1,15546
7290000208428,false,חומוס שלם יכין 560 ג,"זנלכל בע""מ",IL,יכין חומוס שלם 550 גרם,גרמים,560.00,100 גרם,false,1,7.90,1.4107,true,1,16032
7290000208534,false,תירס קיד עם ויטמינים,"זנלכל בע""מ",IL,יכין תירס קיד גרעיני תירס מתוק 550 גרם משקל נקי,גרמים,550.00,100 גרם,false,1,8.90,1.6182,true,1,16319
7290000208855,false,רוטב פסטה,"זנלכל בע""מ",IL,רוטב פסטה 240גר,גרמים,240.00,100 גרם,false,1,5.50,2.2917,true,1,37859
7290000208947,false,עגבניות מרוסקות יכין,"זנלכל בע""מ",IL,יכין עגבניות מרוסקות 260 גרם,גרמים,240.00,100 גרם,false,1,5.50,2.2917,true,1,37789
7290000209517,false,סירופ דיאט לימון יכי,"זנלכל בע""מ",IL,יכין סירופ בטעם לימון דיאט 1 ליטר,ליטרים,1.00,ליטר,false,1,15.90,15.9000,true,1,104548
7290000209579,false,סירופ דיאט אננס יכין,"זנלכל בע""מ",IL,יכין סירופ בטעם אננס דיאט 1 ליטר,ליטרים,1.00,ליטר,false,1,15.90,15.9000,true,1,104538
7290000209722,false,תרכיז עגבניות פריכוז,"זנלכל בע""מ",IL,רסק עגבניות פריכוז 580 יכין,גרמים,580.00,100 גרם,false,1,9.90,1.7069,true,1,12175
7290000209913,false,קוביות עגבניות,"זנלכל בע""מ",IL,קוביות עגבניות 240גרם,גרמים,240.00,100 גרם,false,1,5.50,2.2917,true,1,71643
7290000209944,false,רוטב עגבניות לשקשוקה,"זנלכל בע""מ",IL,רוטב עגבניות לשקשוקה יכין 240גרם,גרמים,240.00,100 גרם,false,1,5.50,2.2917,true,1,47766
7290000209951,false,רוטב פיצה,"זנלכל בע""מ",IL,רוטב פיצה 240גרם יכין,גרמים,240.00,100 גרם,false,1,5.50,2.2917,true,1,47767
7290000209968,false,רוטב לזניה,"זנלכל בע""מ",IL,רוטב לזניה 240גרם,גרמים,240.00,100 גרם,false,1,5.50,2.2917,true,1,47768
7290000210896,false,רוטב בולנז 260 גרם י,"זנלכל בע""מ",IL,רוטב בולנז 240גרם יכין,גרמים,240.00,100 גרם,false,1,5.50,2.2917,true,1,107488
7290000211169,false,"אורז תאילנדי 1 ק""ג","סוגת תעשיות בע""מ",IL,"אורז תאילנדי 1 ק""ג",קילוגרמים,1.00,"ק""ג",false,1,7.90,7.9000,true,1,16122
7290000211312,false,אורז מלא אחד אחד סוג,"סוגת תעשיות בע""מ",IL,"אורז מלא ארוך 1 ק""ג",קילוגרמים,1.00,"ק""ג",false,1,10.90,10.9000,true,1,1470
7290000211442,false,אורז פרסי אחד אחד סו,האי נאם סי או אל.טי.,IL,"אורז פרסי 1 ק""ג",קילוגרמים,1.00,"ק""ג",false,1,12.90,12.9000,true,1,1475
7290000211503,false,סוכר לבן ארוז בשקית,"סוגת תעשיות בע""מ",IL,"סוכר לבן ארוז בשקית סוגת 1 ק""ג",קילוגרמים,1.00,"ק""ג",false,1,5.30,5.3000,true,1,1476
7290000211985,false,אורז ריזוטו עגול סוג,"סוגת תעשיות בע""מ",IL,"אורז עגול 1 ק""ג",קילוגרמים,1.00,"ק""ג",false,1,11.90,11.9000,true,1,1485
7290000238029,false,"בצק עלים 1 ק""ג","מעדנות בע""מ",IL,"בצק עלים 1 ק""ג",קילוגרמים,1.00,"ק""ג",false,1,25.90,25.9000,true,1,1940
7290000238036,false,מלווח 700 גרם,מיוצר עי קונדיטוריית,IL,מלווח 700 גרם מעדנות,גרמים,700.00,100 גרם,false,1,19.90,2.8429,true,1,1941
7290000238173,false,בורקס גבינה מעדנות 8,"מעדנות בע""מ",IL,בורקס גבינה מעדנות 800 גרם,גרמים,800.00,100 גרם,false,1,24.90,3.1125,true,1,1944
7290000238180,false,"בורקס תפו""א מעדנות 8","מעדנות בע""מ",IL,"בורקס תפו""א מעדנות 800 גרם",גרמים,800.00,100 גרם,false,1,24.90,3.1125,true,1,1945
7290000253220,false,שוקולד ציפס חום אופנ,אופנהיימר,IL,שוקולד ציפס חום אופנהיימר 260גרם,גרמים,260.00,100 גרם,false,1,12.90,4.9615,true,1,2102
7290000253251,false,שוקולד ציפס אופנהיימ,אופנהיימר,IL,שוקולד ציפס אופנהיימר לבן260גר,גרמים,260.00,100 גרם,false,1,12.90,4.9615,true,1,2103
7290000253374,false,שוקולד ציפס 66%מוצקי,אופנהיימר,IL,שוקולד ציפס 66%מוצקי קקאו 250גרם,גרמים,250.00,100 גרם,false,1,14.90,5.9600,true,1,149706
7290000263359,false,חיתולים האגיס מידה 1,קימברלי קלארק שיווק,IL,חיתולים האגיס מידה 1 ליטל בייביז,יחידה,1.00,יחידה,false,1,38.90,38.9000,true,1,69663
7290000267012,false,שקד טבעי מולבן שלם 1,,IL,שקד טבעי מולבן שלם 100 גרם שקדיה,גרמים,100.00,100 גרם,false,1,11.90,11.9000,false,1,2208
7290000267029,false,שקד טבעי מולבן חצוי,,IL,שקד טבעי מולבן חצוי 100 גרם שקדיה,גרמים,100.00,100 גרם,false,1,11.90,11.9000,true,1,152280
7290000267036,false,שקד טבעי מולבן משובב,,IL,שקד טבעי מולבן משובב 100 גרם שקדיה,גרמים,100.00,100 גרם,false,1,11.90,11.9000,true,1,152281
7290000267043,false,שקד טבעי מולבן פרוס,,IL,שקד טבעי מולבן פרוס 100 גרם שקדיה,גרמים,100.00,100 גרם,false,1,11.90,11.9000,false,1,152282
7290000267050,false,שקדים טחונים 100 גרם,,IL,שקדים טחונים 100 גרם שקדיה,גרמים,100.00,100 גרם,false,1,11.90,11.9000,false,1,2212
7290000267104,false,שקד מולבן מרוסק 100,,IL,שקד מולבן מרוסק 100 גרם שקדיה,גרמים,100.00,100 גרם,false,1,11.90,11.9000,true,1,152166
7290000267548,false,אגוז גרוס 100 גרם,,IL,אגוז גרוס 100 גרם שקדיה,גרמים,100.00,100 גרם,false,1,10.70,10.7000,true,1,152167
7290000272467,false,סירופ עסיס דיאט פטל,בית-השיטה עסיס תעשיו,IL,עסיס סירופ פטל דיאט צבעים טב.12*1ליטר,ליטרים,1.00,ליטר,false,1,21.90,21.9000,true,1,2271
7290000272696,false,מיץ לימון משומר 1 לי,בית-השיטה עסיס תעשיו,IL,עסיס מיץ לימון משומר 12*1ליטר,ליטרים,1.00,ליטר,false,1,12.90,12.9000,true,1,2274
7290000286228,false,כרית יפנית סנו סושי,סנו מפעלי ברונו בעמ,IL,כרית יפנית סנו סושי                 1/6,גרמים,70.00,100 גרם,false,1,10.90,15.5714,true,1,2404
7290000286549,false,מטליות לניקוי כללי ס,סנו מפעלי ברונו בעמ,IL,"סנו סושי מטליות לניקוי כללי, 9 יחידות",לא מנהל יחידת מידה,0.00,לא מנהל יחידת מידה,false,1,9.90,0.0000,true,1,2413
7290000286761,false,ניילון נצמד סנו זוג,"מיוצר בהונג קונג, סי",CN,סנו סושי - צמד ניילון נצמד+,מטרים,3000.00,מטר,false,1,11.90,0.0040,true,1,2416
7290000286921,false,סנוקל רסס וכבס,סנו מפעלי ברונוס בעמ,IL,סנו קל BIO,מיליליטרים,750.00,"100 מ""ל",false,1,15.90,2.1200,true,1,64978
7290000286945,false,סנו רהיט מרסס,"סנו מפעלי ברונוס בע""",IL,סנו רהיט נוזל מנקה ומבריק רהיטים 500 מל,מיליליטרים,500.00,"100 מ""ל",false,1,26.90,5.3800,true,1,2428
7290000287102,false,סנו ספריי לשטיחים 60,סנו מפעלי ברונוס בעמ,IL,"סנו ספריי לשטיחים 600 מ""ל",מיליליטרים,600.00,"100 מ""ל",false,1,22.40,3.7333,true,1,2430
7290000287195,false,סנורהיט ספריי  לרהיט,סנו מפעלי ברונוס בעמ,IL,"סנו רהיט אירוסול מנקה, מבריק, מגן ודוחה אבק 300 מל",מיליליטרים,305.00,"100 מ""ל",false,1,16.90,5.5410,true,1,2438
7290000288017,false,אקונומיקה סנו JAVEL,"סנו מפעלי ברונוס בע""",IL,אקונומיקה סנו JAVEL לימון 1 ליטר,ליטרים,1.00,ליטר,false,1,8.90,8.9000,true,1,2450
7290000288024,false,אקונומיקה סנו JAVEL,"סנו מפעלי ברונוס בע""",IL,אקונומיקה סנו JAVEL לימון 4 ליטר,ליטרים,4.00,ליטר,false,1,16.90,4.2250,true,1,2451
7290000288109,false,אבקת כביסה קומפקט מק,סנו,,"אבקת כביסה קומפקט מקסימה 1.25 ק""ג",קילוגרמים,1.25,"ק""ג",false,1,14.90,11.9200,true,1,2454
7290000288253,false,משמיד מעופפים K400 ס,סנו,,"משמיד מעופפים K400 סמ""ק             630",מיליליטרים,630.00,"100 מ""ל",false,1,23.90,3.7937,true,1,2456
7290000288291,false,סנומט טבליות 30 מילו,TRENTO,IT,סנומט לוחיות אידוי למכשיר חשמלי דוחה יתושים,Unknown,0.00,Unknown,false,1,13.90,0.0000,true,1,2457
7290000288352,false,משמיד חרקים K300 סנו,"סנו מפעלי ברונוס בע""",IL,K-300,מיליליטרים,630.00,"100 מ""ל",false,1,23.90,3.7937,true,1,2460
7290000288383,false,משמיד זוחלים K500  ס,סנו מפעלי ברונוס בעמ,IL,"משמיד זוחלים K500  סנו 400 מ""ל",מיליליטרים,400.00,"100 מ""ל",false,1,23.90,5.9750,true,1,2461
7290000288413,false,סנו די דוחה יתושים כ,קוסמופארם בעמ,IL,"סנו די דוחה יתושים כדורי 50 מ""ל",מיליליטרים,50.00,"100 מ""ל",false,1,19.90,39.8000,true,1,2463
7290000288642,false,מרכך כביסה מקסימה,טרופיקל דגיל תעשיות,IL,מרכך 4 ליטר,ליטרים,4.00,ליטר,false,1,22.90,5.7250,true,1,2467
7290000289069,false,קצף ניקוי JAVEL מרסס,"סנו מפעלי ברונוס בע""",IL,קצף ניקוי JAVEL מרסס בריח לימון סנו 1 ל,ליטרים,1.00,ליטר,false,1,16.90,16.9000,true,1,2476
7290000289236,false,סנו K3 פתיון נמלים ג,"סנו מפעלי ברונוס בע""",IL,סנו K3 קוטל נמלים פיתיון ג'ל 12 גרם,יחידה,1.00,יחידה,false,1,49.90,49.9000,true,1,144864
7290000289472,false,שקיות אשפה 76*90 סנו,סנו מפעלי ברונוס בעמ,IL,סושי 50 ש.אשפה גדולות במיוחד,לא מנהל יחידת מידה,0.00,לא מנהל יחידת מידה,false,1,22.70,0.0000,true,1,12976
7290000289748,false,מסיר שומנים פורטה פל,"סנו מפעלי ברונוס בע""",IL,סנו פורטה פלוס 750 מ''ל,מיליליטרים,750.00,"100 מ""ל",false,1,15.90,2.1200,true,1,2481
7290000292557,false,סנומט נוזל מילוי,trento,IT,"סנומט מילוי נוזלי למכשיר חשמלי, דוחה יתושים",Unknown,0.00,Unknown,false,1,17.90,0.0000,true,1,2515
7290000292564,false,משמיד חרקים K2000 לל,סנו מפעלי ברונוס בעמ,IL,תכשיר מיקרוקפסורי,מיליליטרים,750.00,"100 מ""ל",false,1,34.60,4.6133,true,1,2516
7290000292687,false,סנובון לאסלה כחול של,סנו מפעלי ברונו בעמ,IL,"סנובון סבון אסלה כחול קלאסיק, 3 יחידות",גרמים,165.00,100 גרם,false,1,19.90,12.0606,true,1,2518
7290000292915,false,רסס ונגב לניקוי כללי,"סנו מפעלי ברונוס בע""",IL,"רסס ונגב לניקוי כללי 750 מ""ל",מיליליטרים,750.00,"100 מ""ל",false,1,13.90,1.8533,true,1,2519
7290000293073,false,מרכך כביסה מקסימה בי,סאנו,IL,מרכך 4 ליטר,ליטרים,4.00,ליטר,false,1,22.90,5.7250,true,1,2521
7290000293820,false,קרמה מן - CARBON POW,גוד פוד פרודקטס S.p,IL,קרמה מן שמפו וג'ל רחצה 2in1 קרבון פאוור,לא מנהל יחידת מידה,0.00,לא מנהל יחידת מידה,false,1,18.90,0.0000,true,1,121134
7290000293837,false,קרמה מן דאודורנט גל,קוסמופארם בעמ,IL,קרמה מן דאודורנט ג'ל קרבון פאוור,לא מנהל יחידת מידה,0.00,לא מנהל יחידת מידה,false,,16.90,0.0000,true,1,121135
7290000293943,false,מסיר אבנית אנטיקאלק,סנו מפעלי ברונוס בעמ,IL,אנטי קאלק מסיר אבנית וחלודה לשימוש כללי 1 ליטר,ליטרים,1.00,ליטר,false,1,17.90,17.9000,true,1,2527
7290000295336,false,אבק.כביסה מקסימה,סנו,,אבק.כביסה מקסימה סנסטיב1.25 קג,קילוגרמים,1.25,"ק""ג",false,1,14.90,11.9200,true,1,2540
7290000295343,false,אבק.כביסה קומ MAXIMA,סנו,,אבק.כביסה קומ MAXIMA ביו1.25קג,קילוגרמים,1.25,"ק""ג",false,1,14.90,11.9200,true,1,2541
7290000295404,false,שקיות אשפה 54*65 סנו,סנו מפעלי ברונוס בעמ,IL,שקיות אשפה 54*65 סנו סושי 60 שקיות,לא מנהל יחידת מידה,0.00,לא מנהל יחידת מידה,false,1,23.70,0.0000,true,1,2543
7290000295503,false,שקיות אוכל 19*25 סנו,הורביץ סחר,CN,שקיות אוכל 19*25 סנו סושי 150 שקיות,לא מנהל יחידת מידה,0.00,לא מנהל יחידת מידה,false,1,14.90,0.0000,true,1,2545
7290000295541,false,רב מגבת גמבו,סנו מפעלי ברונוס בעמ,IL,"סנו סושי, רב מגבת ג'מבו, 398 גרם",מטרים,2100.00,מטר,false,1,19.90,0.0095,true,1,2547
7290000295558,false,רדיד אלומיניום זוג 1,סנו סושי,CN,"רדיד אלומיניום זוג 15 מ רוחב 30 ס""מ",מטרים,1500.00,מטר,false,1,12.90,0.0086,true,1,16126
7290000300900,false,שניצל תירס טבעול 750,כצט,IL,שניצל תירס טבעול 750 גרם,גרמים,750.00,100 גרם,false,1,29.90,3.9867,true,1,2623
7290000311128,false,עוגיות בטעם חמאה,תות ממתקי איכות,IL,עוגיות מובחרות בטעם חמאה,גרמים,300.00,100 גרם,false,1,8.50,2.8333,true,1,60541
7290000311203,false,ופלים מן בטעם שוקולד,תות ממתקי איכות,IL,ופלים מן בטעם שוקולד 200 גרם,גרמים,200.00,100 גרם,false,1,5.50,2.7500,true,1,2824
7290000311425,false,וופל מצופה עשיריות מ,תות ממתקי איכות,IL,מאגדת ופל מצופה כחול-עשיריה,גרמים,220.00,100 גרם,false,1,9.90,4.5000,true,1,108561
7290000311708,false,עוג.מובחרות חיטה מלא,תות ממתקי איכות,IL,"מן, עוגיות חיטה מלאה עם סיבים תזונתיים 300 גרם",גרמים,300.00,100 גרם,false,1,8.50,2.8333,true,1,2826
7290000311715,false,עוג.מובחרות שוקולד,תות ממתקי איכות,IL,"מן, עוגיות כוכבים בטעם שוקולד 300 גרם",גרמים,300.00,100 גרם,false,1,8.50,2.8333,true,1,2827
7290000311722,false,עוג.מובחרות עםכוכבים,תות ממתקי איכות,IL,"מן,  עוגיות כוכבים בטעם וניל 300 גרם",גרמים,300.00,100 גרם,false,1,8.50,2.8333,true,1,2828
7290000311869,false,ופל מן ללא סוכר 180,תות ממתקי איכות,IL,ופל מן ללא סוכר 180 גרם,גרמים,180.00,100 גרם,false,1,9.90,5.5000,true,1,90423
7290000311890,false,וופל מן ללא סוכר לימ,"רוקחמן בע""מ",IL,וופל מן ללא סוכר לימון 180גרם,גרמים,180.00,100 גרם,false,1,9.90,5.5000,true,1,156255
7290000313160,false,עוגיות ביסקוויט זהבה,היינץ צפון אמריקה מק,IL,עוגיות ביסקוויט זהבה ו 3 הדובים 250 גרם,גרמים,250.00,100 גרם,false,1,9.70,3.8800,true,1,16127
7290000313290,false,נודלס אטריות מסולסלת,תאי פרזידנט פוד בנגק,TH,אסם נודלס אטריות מסולסלות 12*200גרם,גרמים,200.00,100 גרם,false,1,10.90,5.4500,true,1,2862
7290000315126,false,ציר עוף קנור 300 גרם,יוניליוור ישראל מזון,IL,קנור ציר עוף 300 גרם,גרמים,300.00,100 גרם,false,1,30.60,10.2000,true,1,33940
7290000315133,false,ציר בקר קנור 300 גרם,יוניליוור ישראל מזון,IL,קנור ציר בקר 300 גרם,גרמים,300.00,100 גרם,false,1,30.60,10.2000,true,1,33941
7290000318127,false,נקניקיות ביס 380 גרם,יחיעם,IL,יחיעם נקניקיות ביס 380 גרם,גרמים,380.00,100 גרם,false,1,12.90,3.3947,true,1,2898
7290000318479,false,פרושוטו עגל   100 גר,מעדני יחיעם (1993) ב,IL,"יחיעם, פרושוטו , 100 גרם",גרמים,100.00,100 גרם,false,1,25.90,25.9000,true,1,24275
7290000318493,false,כתף בקר מפולפל,יושלם,,"כתף בקר מפולפל לק""ג",קילוגרמים,1.00,"ק""ג",true,,119.00,119.0000,true,1,42151
7290000318530,false,צלי בקר,יושלם,,"צלי בקר  רוסטביף  ק""ג",קילוגרמים,1.00,"ק""ג",true,,119.00,119.0000,true,1,2912
7290000318677,false,סלמי סרוולט 150 גרם,יחיעם,IL,סלמי סרוולט,גרמים,150.00,100 גרם,false,1,25.90,17.2667,true,1,43121
7290000318707,false,סלמי מעושן 500 גרם,יחיעם,IL,יחיעם סלמי מעושן 500 גרם,גרמים,500.00,100 גרם,false,1,35.20,7.0400,true,1,2929
7290000318806,false,סלמי סרוולד,יושלם,,"סלמי סרוולד לק""ג",קילוגרמים,1.00,"ק""ג",true,,148.00,148.0000,true,1,2941
7290000318837,false,קורנדביף,מעדני יחיעם,IL,"קורנדביף פסטרמי בקר לק""ג",קילוגרמים,1.00,"ק""ג",true,,119.00,119.0000,true,1,119367
7290000318929,false,סלמי צרפתי,יושלם,,סלמי צרפתי לקג,קילוגרמים,1.00,"ק""ג",true,,148.00,148.0000,true,1,2951
7290000318943,false,פסטרמה של פעם,מעדני יחיעם (1993) ב,IL,"יחיעם, פסטרמה של פעם, 200 גרם",גרמים,200.00,100 גרם,false,1,24.90,12.4500,true,1,43123
7290000319131,false,נקניקיות עוף,פ.פ.ח. שאביט,IL,נקניקיות עוף 400 גר יחיעם,גרמים,400.00,100 גרם,false,1,11.90,2.9750,true,1,2958
7290000319339,false,סלמי פרח,מעדני יחיעם,IL,סלמי פרח לקג,קילוגרמים,1.00,"ק""ג",true,,100.00,100.0000,true,1,87775
7290000319520,false,סלמי צרפתי,פ.פ.ח. שאביט,IL,סלמי צרפתי 100 גרם יחיעם,גרמים,100.00,100 גרם,false,1,22.90,22.9000,true,1,24276
7290000319704,false,כתף בקר מעושן,יושלם,,"כתף בקר מעושן לק""ג",קילוגרמים,1.00,"ק""ג",true,,119.00,119.0000,true,1,2963
7290000319728,false,"איטלקי מפולפל לק""ג",מעדני יחיעם,IL,"איטלקי מפולפל לק""ג",קילוגרמים,1.00,"ק""ג",true,,59.00,59.0000,true,1,101252
7290000319803,false,קבנוס קלאסי 125 גרם,מעדני יחיעם (1993) ב,IL,"יחיעם, קבנוס קלאסי 125 גרם",גרמים,125.00,100 גרם,false,1,12.90,10.3200,true,1,108273
7290000319834,false,קבנוס פפרוני קלאסי 1,מעדני יחיעם (1993) ב,IL,"יחיעם, קבנוס פפרוני , 125 גרם",גרמים,125.00,100 גרם,false,1,12.90,10.3200,true,1,107656
7290000319971,false,צלעות בקר על האש,יושלם,,"צלעות בקר על האש לק""ג",קילוגרמים,1.00,"ק""ג",true,,119.00,119.0000,true,1,91938
7290000327020,false,פפסי פחית צרה 330 שי,פפסיקו ניורק,IL,פפסי פחית צרה 330 שישייה,ליטרים,1.98,ליטר,false,6,22.90,11.5657,true,1,154432
7290000327037,false,מירינדה פחית צרה 330,פפסיקו ניורק,IL,מירינדה פחית צרה 330 שישייה,ליטרים,1.98,ליטר,false,6,22.90,11.5657,true,1,154431
7290000327044,false,סבן אפ פחית צרה 330,פפסיקו ניורק,IL,סבן אפ פחית צרה 330 שיישיה,ליטרים,1.98,ליטר,false,6,22.90,11.5657,true,1,154433
7290000334684,false,טבעות בצל תפוגן 700,"תעשיות תפוגן בע""מ",IL,תפוגן טבעות בצל 10*700גרם,גרמים,700.00,100 גרם,false,1,18.90,2.7000,true,1,3143
7290000336053,false,סיידר הגליל תרכיז טב,"טמפו משקאות בע""מ",IL,סיידר תרכיז 330 בקבוק,מיליליטרים,330.00,"100 מ""ל",false,1,13.60,4.1212,true,1,3150
7290000336282,false,סיידר הגליל תפוח צלו,טמפו משקאות בעמ,IL,סיידר תפוח צלול 330 בקבוק,מיליליטרים,330.00,"100 מ""ל",false,1,8.50,2.5758,true,1,13322
7290000339566,false,מרכך כביסה בדין ורוד,יוניליור ישראל טיפוח,IL,מרכך כביסה בדין ורוד,ליטרים,4.00,ליטר,false,1,24.90,6.2250,true,1,3180
7290000341071,false,מרכך כביסה בייבי בדי,יוניליוור ישראל טיפו,IL,בדין  מרכך כביסה בייבי 2 ליטר,ליטרים,2.00,ליטר,false,1,20.70,10.3500,true,1,3199
7290000342856,false,מרכך כביסה בדין כחול,יוניליור ישראל טיפוח,IL,מרכך כביסה בדין כחול,ליטרים,4.00,ליטר,false,1,24.90,6.2250,true,1,3217
7290000345260,false,תה קלאסיק 1.5 גרם,מולינו ניקולי s.p.a,IL,תה קלאסיק 1.5 גרם 25 שקיקים,גרמים,37.00,100 גרם,false,1,8.10,21.8919,true,1,3261
7290000345284,false,תה קלאסיק  100שקיקים,מולינו ניקולי s.p.a,IL,100/1.5במעטפה,יחידה,1.00,יחידה,false,1,17.90,17.9000,true,1,3263
7290000345291,false,תה ארל גריי 1.5 גרם,ויסוצקי,IL,ארל גריי TEAR TAPE - 25,גרמים,38.00,100 גרם,false,1,17.70,46.5789,true,1,3264
7290000345307,false,תה ארל גריי 1.5 גרם,תה ויסוצקי,IL,50/1.5א.ג - TEAR TAPE,גרמים,75.00,100 גרם,false,1,29.90,39.8667,true,1,3265
7290000345536,false,תה נענע ויסוצקי  25,מולינו ניקולי s.p.a,IL,תה נענע,גרמים,37.00,100 גרם,false,1,18.90,51.0811,true,1,3268
7290000346120,false,חליטת תה צמחים קינמו,HIQ FOOD PRODUCTS,IL,קסם הקינמון-הגן הקסום,גרמים,62.00,100 גרם,false,1,19.90,32.0968,true,1,3287
7290000346137,false,חליטת תה צמחים הילול,HIQ FOOD PRODUCTS,IL,"הילולי פירות-""הגן הקסום """,גרמים,62.00,100 גרם,false,1,19.90,32.0968,true,1,3288
7290000346199,false,חליטת תה צמחים פירות,HIQ FOOD PRODUCTS,IL,"פירות היער-""הגן הקסום """,גרמים,67.00,100 גרם,false,1,19.90,29.7015,true,1,3291
7290000346205,false,חליטת תה צמחים קמומי,HIQ FOOD PRODUCTS,IL,"קמומיל-""הגן הקסוםC24 ?",גרמים,37.00,100 גרם,false,1,19.90,53.7838,true,1,3292
7290000347738,false,תה ירוק נענע 25 שקיק,HIQ FOOD PRODUCTS,IL,תה ירוק עם נענע T.T,גרמים,37.00,100 גרם,false,1,25.90,70.0000,true,1,3319
7290000347752,false,תה ירוק לימונית ולוא,ויסוצקי,IL,תה ירוק עם לימונית/לואיזה T.T,גרמים,37.00,100 גרם,false,1,25.90,70.0000,true,1,3321
7290000363202,false,נקניק גליל,הנסיך- מפעל לייצור ט,IL,סלמי גליל מעושן נקניק מעושן חצי יבש 600 גרם,גרמים,600.00,100 גרם,false,1,38.90,6.4833,true,1,3457
7290000363486,false,סלמי תה,טירת צבי,,"סלמי תה לק""ג",קילוגרמים,1.00,"ק""ג",true,,59.00,59.0000,true,1,3462
7290000364100,false,סלמי פריזר טירת צבי,תנובה,IL,"סלמי פריזר טירת צבי  לק""ג",קילוגרמים,1.00,"ק""ג",true,,55.00,55.0000,true,1,154727
7290000364261,false,דקניקים סלסולי כתף ב,הנסיך- מפעל לייצור ט,IL,דקניקים סלסולי כתף בקר 120 גרם,גרמים,120.00,100 גרם,false,1,15.90,13.2500,true,1,67935
7290000364278,false,דקניקים סלסולי סלמי,הנסיך- מפעל לייצור ט,IL,דקניקים סלסולי סלמי איטלקי משובח 120 גרם,גרמים,120.00,100 גרם,false,1,15.90,13.2500,true,1,67936
7290000364285,false,דקניקים סלסולי פסטרמ,הנסיך- מפעל לייצור ט,IL,דקניקים סלסולי פסטרמה הודו 120 גרם,גרמים,120.00,100 גרם,false,1,15.90,13.2500,true,1,67937
7290000364292,false,דקניקים סלסולי פסטרמ,הנסיך- מפעל לייצור ט,IL,דקניקים סלסולי פסטרמה גחלים 120 גרם,גרמים,120.00,100 גרם,false,1,15.90,13.2500,true,1,73003
7290000364759,false,נקניקיות קרנץ הודו,הנסיך- מפעל לייצור ט,IL,נקניקיות וינר 500 גרם,גרמים,500.00,100 גרם,false,1,19.50,3.9000,true,1,3487
7290000364803,false,נקניקיות אמריקאיות,הנסיך- מפעל לייצור ט,IL,"טירת צבי, נקניקיות בקר בסגנון אמריקאי, 500 גרם",גרמים,500.00,100 גרם,false,1,29.90,5.9800,true,1,3492
7290000364858,false,נקניקיות עוף       .,הנסיך- מפעל לייצור ט,IL,"טירת צבי - נקניקיות עוף 1 ק""ג",קילוגרמים,1.00,"ק""ג",false,1,28.90,28.9000,true,1,3510
7290000364872,false,נקניקיות עוף 400 גרם,טיב טירת צבי 2000,IL,נקניקיות עוף 400 גרם,גרמים,400.00,100 גרם,false,1,13.90,3.4750,true,1,3512
7290000365749,false,פסטרמה הודו מעושנת,טירת צבי,,פסטרמה הודו מעושנת דלת שומן קג,קילוגרמים,1.00,"ק""ג",true,,87.00,87.0000,true,1,3522
7290000365954,false,פסטרמה על גחלים,טירת צבי,,"פסטרמה על גחלים לק""ג",קילוגרמים,1.00,"ק""ג",true,,79.00,79.0000,true,1,3527
7290000369037,false,סלט קוביות בולגרית 2,מחלבות ניצן,IL,סלט קוביות בולגרית 200 גרם,גרמים,200.00,100 גרם,false,1,17.90,8.9500,true,1,119608
7290000369341,false,לבנה אבו גוש ירוק,יושלם,,"לבנה אבו גוש ירוק 1 ק""ג",קילוגרמים,1.00,"ק""ג",true,,49.00,49.0000,true,1,45746
7290000369365,false,גבינה בולגרית למריחה,"ניצן מותגי מזון בע""מ",,גבינה בולגרית למריחה וחציל 200 גרם,גרמים,200.00,100 גרם,false,1,14.40,7.2000,true,1,40343
7290000369617,false,כדורי גבינת פטה,"ניצן מותגי מזון בע""מ",,כדורי גבינת פטה בשמן 150 גרם,גרמים,150.00,100 גרם,false,1,19.70,13.1333,true,1,40324
7290000369709,false,חמאה מתובלת 100 גרם,"ניצן מותגי מזון בע""מ",,חמאה מתובלת 100 גרם,גרמים,100.00,100 גרם,false,1,13.40,13.4000,true,1,40279
7290000377209,false,בוטנים מטוגנים קליית,"ג'י אנד ג'י  בע""מ",IL,בוטנים מטוגנים קליית גת 200 גרם,גרמים,200.00,100 גרם,false,1,7.90,3.9500,true,1,15187
7290000377445,false,"חטיפי נשצ""אנס קליית",קרלו,IL,נש צ'אנס 200 גר' ב 12,גרמים,200.00,100 גרם,false,1,8.90,4.4500,true,1,15188
7290000377452,false,גרעיני אבטיח קליית ג,הדקלאים אגודת שיתופי,IL,גרעיני אבטיח שק'200 גר',גרמים,200.00,100 גרם,false,1,11.50,5.7500,true,1,12267
7290000377612,false,מיץ תפוזים סחוט פריג,מיוצר עי קונדיטוריית,IL,פריגת סחוט תפוזים קלאסי,מיליליטרים,400.00,"100 מ""ל",false,1,9.50,2.3750,true,1,3583
7290000408316,false,יוגורט דנונה 3% 200,מיוצר עי קונדיטוריית,IL,דנונה ביו  3% 200 גרם,גרמים,200.00,100 גרם,false,1,3.70,1.8500,true,1,4215
7290000408354,false,דנונה בר דגנים שוקול,"שטראוס בריאות בע""מ",IL,בר דנונה פצפוצים,גרמים,175.00,100 גרם,false,1,4.80,2.7429,true,1,4216
7290000412481,false,מנקה אסלות 00 סנו 1,סנו מפעלי ברונוס בעמ,IL,מנקה אסלות 00 סנו 1 ליטר,ליטרים,1.00,ליטר,false,1,8.90,8.9000,true,1,4272
7290000416021,false,ממרח שוקולד השחר 500,השחר העולה,IL,ממרח השחר העולה חלבי 500 גרם,גרמים,500.00,100 גרם,false,1,13.90,2.7800,true,1,4369
7290000416045,false,ממרח שוקולד השחר דלי,השחר העולה,IL,ממרח שוקולד השחר דלי1 קג,קילוגרמים,1.00,"ק""ג",false,1,25.90,25.9000,true,1,106981
7290000419893,false,קפה לנדוור טחון לבוק,מולינו ניקולי s.p.a,IL,לנדוור לבוקר טחון טורקי 100גרם,גרמים,100.00,100 גרם,false,1,8.90,8.9000,true,1,49099
7290000419909,false,קפה לנדוור בטעם אספר,מולינו ניקולי s.p.a,IL,לנדוור חזק קפה טחון טורקי 100גרם,גרמים,100.00,100 גרם,false,1,8.90,8.9000,true,1,49100
7290000420325,false,פופקורן פופ סטאר טעם,TLV צ'יף,US,"פופסטאר פופקורן למקירוגל בטעם טבעי 5 שקיות,500 גרם",גרמים,500.00,100 גרם,false,1,13.90,2.7800,true,1,4419
7290000420332,false,פופקורן פופ סטאר חמא,TLV צ'יף,US,פופקורן פופ סטאר חמאה 500 גרם,גרמים,500.00,100 גרם,false,1,13.90,2.7800,true,1,4420
7290000420417,false,שקיות אשפה 52*65 גלי,"איטיליאן פוד, אס.פי.",TH,שקיות אשפה 52*65 גלילונית 60 שקיות,לא מנהל יחידת מידה,0.00,לא מנהל יחידת מידה,false,1,21.90,0.0000,true,1,4421
7290000430102,false,קוביות קרח בשקית,אייס קיוב,,קוביות קרח בשקית,יחידה,1.00,יחידה,false,1,14.90,14.9000,true,1,15230
7290000449128,false,פנטסטיק לניקוי כללי,יוניליוור ישראל טיפו,IL,פנטסטיק תרכיז ניקוי רב תכליתי בניחוח לימון 4 ליטר,ליטרים,4.00,ליטר,false,1,27.60,6.9000,true,1,4699
7290000450209,false,טונה בשמן פוסידון 10,"מיוצר עי וליגר בעמ,",IL,פוסידון נתחי טונה בהירה בשמן 108 גרם,גרמים,108.00,100 גרם,false,1,5.90,5.4630,true,1,4719
7290000453019,false,שמרים טריים לאפייה ש,קדבורי,IL,שמרית שמרים טריים לאפייה 50 גרם,גרמים,50.00,100 גרם,false,1,4.90,9.8000,true,1,4730
7290000453309,false,בצק פיצה תמי ללג 280,תמי,IL,בצק פיצה תמי ללג 230גרם,גרמים,230.00,100 גרם,false,1,21.90,9.5217,true,1,152012
7290000453316,false,בצק עלים תמי ללג 280,תמי,IL,בצק עלים תמי ללג 280גרם,גרמים,280.00,100 גרם,false,1,21.90,7.8214,true,1,152011
7290000453323,false,קמח תמי עמילן חיטה ל,תמי,IL,קמח תמי עמילן חיטה ללא גלוטן 500 גרם,גרמים,500.00,100 גרם,false,1,18.90,3.7800,true,1,154545
7290000453408,false,בצק פיצה דק מצונן ומ,"פאקא תעשיות בע""מ",GR,בצק פיצה דק מצונן ומוכן לאפייה - שמרית,גרמים,150.00,100 גרם,false,1,17.90,11.9333,true,1,142105
7290000453415,false,בצק עלים מצונן ומוכן,"פאקא תעשיות בע""מ",FR,בצק עלים מצונן ומוכן לאפייה - שמרית,גרמים,150.00,100 גרם,false,1,17.90,11.9333,true,1,142103
7290000453422,false,בצק פילו מוכן לאפייה,"פאקא תעשיות בע""מ",GR,בצק פילו מוכן לאפייה - שמרית,גרמים,150.00,100 גרם,false,1,17.90,11.9333,true,1,142104
7290000453439,false,בצק פריך מתוקמצונן ו,"פאקא תעשיות בע""מ",FR,בצק פריך מתוקמצונן ומוכן לאפייה- שמרית,גרמים,150.00,100 גרם,false,1,17.90,11.9333,true,1,142102
7290000461625,false,בייגלה שמיניות 400 ג,בייגל את בייגל מזון,IL,כעכים עם מלח בייגל בייגל,גרמים,400.00,100 גרם,false,1,11.90,2.9750,true,1,4783
7290000461656,false,בייגלה מקלות מלוחים,בייגל את בייגל מזון,IL,כעכים בצורת מקלות עם מלח בייגל בייגל,גרמים,400.00,100 גרם,false,1,11.90,2.9750,true,1,4785
7290000461793,false,בייגלה ארוך ארוך דל,בייגל את בייגל מזון,IL,כעכים בצורת מקלות עם מלח  בייגל בייגל,גרמים,150.00,100 גרם,false,1,7.90,5.2667,true,1,4790
7290000462141,false,סחוג אדום חריף,אף.סי תבליני בגליל ב,IL,"זהבי הכרם זחוק תמני חריף, 150 גרם",גרמים,150.00,100 גרם,false,1,9.90,6.6000,true,1,57171
7290000462172,false,סחוג ירוק בצנצנת 150,אף.סי תבליני בגליל ב,IL,זחוק זהבי ירוק חריף 150 גרם,גרמים,150.00,100 גרם,false,1,9.90,6.6000,true,1,4798
7290000467320,false,חומוס אבו מרוואן מלך,לחמנו,IL,צבר חומוס אבו מרוואן 6*400גרם,גרמים,400.00,100 גרם,false,1,14.90,3.7250,true,1,97668
7290000467511,false,ביסלי ברביקיו,אסם,,ביסלי ברביקיו 55 גרם,גרמים,55.00,100 גרם,false,1,4.00,7.2727,true,1,100220
7290000467887,false,ביסלי פיצה,אסם,,ביסלי פיצה 55 גרם,גרמים,55.00,100 גרם,false,1,4.00,7.2727,true,1,100221
7290000468747,false,ביסלי גריל,אסם,,ביסלי גריל 55 גרם,גרמים,55.00,100 גרם,false,1,4.00,7.2727,true,1,100222
7290000469638,false,לגיהוץ מריטו ספריי,BOLTON MANITOBA S.P.,,לגיהוץ מריטו ספריי 500 סמק,מיליליטרים,500.00,"100 מ""ל",false,1,22.70,4.5400,true,1,4873
7290000474090,false,חלב 1% קרטון פיקוח 1,מילקו תעשיות בעמ,IL,"חלב בקרטון 1%- 1 ליטר בד""צ",ליטרים,1.00,ליטר,false,1,5.86,5.8600,true,1,4908
7290000474502,false,גבינה לבנה 5% פיקוח,טרה,IL,גבינה לבנה 5% פיקוח 250 גרם,גרמים,250.00,100 גרם,false,1,4.98,1.9920,true,1,4917
7290000474540,false,גבינה טוב טעם 3% 250,טרה,IL,"טרה, טוב טעם, גבינה לבנה  3% ,  250 גרם",גרמים,250.00,100 גרם,false,1,11.90,4.7600,true,1,4919
7290000480107,false,שיבולת שועל קוואקר פ,וולקרס סנקס לימיטד,,שיבולת שועל קוואקר פחית 500 גרם,גרמים,500.00,100 גרם,false,1,15.00,3.0000,true,1,4946
7290000480442,false,שיבולת שועל קוואקר ש,שטראוס גרופ,IL,שיבולת שועל קוואקר שקית 500 גרם,גרמים,500.00,100 גרם,false,1,12.90,2.5800,true,1,4951
7290000481029,false,10 פיתות בטעם ביתי,יוניליוור גרמניה  Gm,IL,10 פיתות בטעם ביתי,יחידה,0.00,יחידה,false,1,11.90,0.0000,true,1,144339
7290000481531,false,לחמניות אצבע חיטה מל,יוניליוור גרמניה  Gm,IL,לחמניות אצבע חיטה מלאה 10 יח,גרמים,750.00,100 גרם,false,1,14.90,1.9867,true,1,101333
7290000481883,false,לחמניות אצבע בשקית 1,יוניליוור גרמניה  Gm,IL,לחמניות אצבע בשקית 10 יח,גרמים,750.00,100 גרם,false,1,14.90,1.9867,true,1,101334
7290000482019,false,שקיות קוקי לצליה,"ש. שסטוביץ בע""מ",IL,שקיות לצליה קוקי 10 יחידות,לא מנהל יחידת מידה,0.00,לא מנהל יחידת מידה,false,1,14.20,0.0000,true,1,4968
7290000482033,false,שקיות קוקי ענק,הנסיך- מפעל לייצור ט,IL,קוקי שקיות לצליה מהירה ענק 5 יחידות,Unknown,0.00,Unknown,false,1,12.90,0.0000,true,1,4970
7290000484747,false,עלית הארק 40% בקבוק,יקבי הגליל יוסף,,"עלית הארק 40% בקבוק 700 מ""ל",מיליליטרים,700.00,"100 מ""ל",false,1,59.90,8.5571,true,1,112228
7290000493176,false,רוטב צלי בשר 22 גרם,"אסם השקעות בע""מ",IL,רוטב צלי בשר 22 גרם,גרמים,22.00,100 גרם,false,1,4.50,20.4545,true,1,5112
7290000493183,false,רוטב פטריות לבשר 30,"אסם השקעות בע""מ",IL,אסם אבקת רוטב פטריות 3 12*30גרם,גרמים,30.00,100 גרם,false,1,4.90,16.3333,true,1,5113
7290000497044,false,לחם ברמן אקטיב 750 ג,יוליניבר,IL,לחם ברמן אקטיב 750 גרם,גרמים,750.00,100 גרם,false,1,15.90,2.1200,true,1,98631
7290000497228,false,לחמניות רגילות  1/6,יוליניבר,IL,ברמן 6 לחמניות 450 גרם,גרמים,450.00,100 גרם,false,1,10.90,2.4222,true,1,5145
7290000497303,false,לחמניות מקמח מלא,יוליניבר,IL,מאפיית ברמן שש לחמניות מקמח חיטה מלא 450 גרם,גרמים,450.00,100 גרם,false,1,13.90,3.0889,true,1,33660
7290000504025,false,ממתיק סוכרזית פיטריה,אף.סי תבליני בגליל ב,IL,סוכרזית קלאסי 300,גרמים,25.00,100 גרם,false,1,9.80,39.2000,true,1,5385
7290000504278,false,ממתיק סוכרזית פטנט 7,אף.סי תבליני בגליל ב,IL,ממתיק סוכרזית פטנט 700 טבליות,גרמים,57.00,100 גרם,false,1,17.90,31.4035,true,1,5389
7290000518220,false,סוכרה דיאט 100 שקיות,פתח תקווה,IL,סוכרה להמתקה לבישול ואפייה 100 יח,גרמים,100.00,100 גרם,false,1,28.90,28.9000,true,1,115190
7290000518336,false,מוש  צמר גפן מתוק מס,מתוק וקל בעמ,IL,מוש  צמר גפן מתוק מסיבים תזונתיים 10 גרם,גרמים,10.00,100 גרם,false,1,4.90,49.0000,true,1,156286
7290000518398,false,סוכרה דיאט טיפות 150,פתח תקווה,IL,סוכרה דיאט ממתיק נוזלי 150 מל,מיליליטרים,150.00,"100 מ""ל",false,1,23.90,15.9333,true,1,142257
7290000521008,false,יין של סגל אדום יבש,פארייפאבה אגרואינדוס,IL,יין אדום יבש של סגל 750 מל,מיליליטרים,750.00,"100 מ""ל",false,1,21.90,2.9200,true,1,5549
7290000521015,false,יין של סגל לבן יבש 7,פארייפאבה אגרואינדוס,IL,סגל יין לבן יבש 2016  750 מל,מיליליטרים,750.00,"100 מ""ל",false,1,21.90,2.9200,true,1,5550
7290000521022,false,יין של סגל לבן חצי י,פארייפאבה אגרואינדוס,IL,סגל לבן חצי יבש 2015 750 מל,מיליליטרים,750.00,"100 מ""ל",false,1,21.90,2.9200,true,1,5551
7290000523125,false,מלח ים יבש 250 גרם,מולינו ניקולי s.p.a,IL,מלח הארץ מהים האדום מלח ים דק 250 גרם,גרמים,250.00,100 גרם,false,1,5.90,2.3600,true,1,5623
7290000523224,false,מלח ים יבש 500 גרם,מולינו ניקולי s.p.a,IL,מלח הארץ מהים האדום מלח ים דק,גרמים,500.00,100 גרם,false,1,7.90,1.5800,true,1,5628
7290000523514,false,מלח ים יבש מופחת נתר,חברת מלח הארץ אילת ב,IL,מלח הארץ 50% מכמות נתרן 250 גרם,גרמים,250.00,100 גרם,false,1,10.90,4.3600,true,1,5631
7290000523521,false,מלח ים הארץ מועשר בי,חברת מלח הארץ אילת ב,IL,מלח מועשר ביוד מלחיה 250 גרם,גרמים,250.00,100 גרם,false,1,5.90,2.3600,true,1,5632
7290000523804,false,מלח הים האדום דק בצנ,חברת מלח הארץ אילת ב,IL,מלח הים האדום עדין צנצנת 1 קג,קילוגרמים,1.00,"ק""ג",false,1,7.20,7.2000,true,1,49174
7290000523811,false,מלח הים האדום גס בצנ,מולינו ניקולי s.p.a,IL,מלח הים האדום גס בצנצנת 1 קג,קילוגרמים,1.00,"ק""ג",false,1,7.20,7.2000,true,1,49175
7290000525969,false,מיץ תפוזים סחוט פרימ,השחר,IL,פרימור מיץ תפוזים 1 ליטר,ליטרים,1.00,ליטר,false,1,16.00,16.0000,true,1,5645
7290000530024,false,תה מעושן רחב,כצט,IL,תה מעושן רחב,קילוגרמים,1.00,"ק""ג",true,,59.40,59.4000,true,1,5663
7290000530048,false,סלמי פפרוני,כצט,IL,סלמי פפרוני,קילוגרמים,1.00,"ק""ג",true,,59.40,59.4000,true,1,46527
7290000530062,false,מעושן איטלקי,כצט,IL,סלמי מעושן איטלקי,קילוגרמים,1.00,"ק""ג",true,,86.10,86.1000,true,1,5665
7290000530178,false,סלמי קוניאק,כצט,IL,סלמי קוניאק,קילוגרמים,1.00,"ק""ג",true,,95.00,95.0000,true,1,5671
7290000530369,false,חזה הודו מעושן גולן,כצט,IL,גולן חזה מעושן עם עור,קילוגרמים,1.00,"ק""ג",true,,89.00,89.0000,true,1,5677
7290000530413,false,המבורגר זהב זוגלובק,זוגלובק,IL,זוגלובק המבורגר זהב 400 גרם,גרמים,400.00,100 גרם,false,1,21.90,5.4750,true,1,5678
7290000530598,false,נקניקיות וינר זוגלוב,כצט,IL,נקניקיות וינר 500 גרם זוגלובק,גרמים,500.00,100 גרם,false,1,17.90,3.5800,true,1,5684
7290000530703,false,נקניק תה מעושן +פסטר,כצט,IL,זוגלובק זוג חרמון הודו ועוף 400+סלמי תה 400 גרם,גרמים,800.00,100 גרם,false,1,31.40,3.9250,true,1,5685
7290000531410,false,פסטרממיה בדבש טהור,כצט,IL,"פסטרממיה בדבש טהור לק""ג",קילוגרמים,1.00,"ק""ג",true,,89.00,89.0000,true,1,5698
7290000531601,false,סטייק בורגר,כצט,IL,זוגלובק סטייק בורגר זהב 400 גרם,גרמים,400.00,100 גרם,false,1,21.90,5.4750,true,1,5703
7290000532400,false,ברביקיו חזה הודו,כצט,IL,ברביקיו חזה הודו מעושן צלוי לק,קילוגרמים,1.00,"ק""ג",true,,89.00,89.0000,true,1,5716
7290000533681,false,פסטרממיה מעושנת,כצט,IL,"פסטרממיה מעושנת הבית ק""ג",קילוגרמים,1.00,"ק""ג",true,,89.00,89.0000,true,1,5730
7290000534718,false,התבור חזה הודו,כצט,IL,פסטרמה תבור,קילוגרמים,1.00,"ק""ג",true,,89.00,89.0000,true,1,5739
7290000537566,false,נקניקיות עוף זגלובק,זוגלובק,IL,נקניקיות עוף זגלובק 400 גרם,גרמים,400.00,100 גרם,false,1,15.90,3.9750,true,1,5766
7290000537603,false,נקניקיות עוף,זוגלובק,IL,זוגלובק נקניקיות עוף 1 קג,קילוגרמים,1.00,"ק""ג",false,1,29.60,29.6000,true,1,5767
7290000538099,false,פסטרמה כפרית,כצט,IL,"פסטרמה כפרית לק""ג",קילוגרמים,1.00,"ק""ג",true,,89.00,89.0000,true,1,112845
7290000538709,false,תה מעושן,זוגלובק,IL,זוגלובק סלמי תה מעושן 200 גרם,Unknown,0.00,Unknown,false,1,11.50,0.0000,true,1,54932
7290000554006,false,גבינה קשקבלו משולשים,מחלבות גד,,גבינה קשקבלו משולשים 26% במשקל גד,קילוגרמים,1.00,"ק""ג",true,,129.00,129.0000,true,1,6059
7290000554402,false,מלבי מעדן חלב גד 170,"מיוצר ע""י קוד יצרן E",IL,מלבי מעדן חלב גד 170 גרם,גרמים,170.00,100 גרם,false,1,6.20,3.6471,true,1,6106
7290000554457,false,גבינה צפתית 5% מיני,"מחלבות גד בע""מ",IL,גד צפתית גבינה מלוחה במליחות עדינה 5% 350 גרם,גרמים,350.00,100 גרם,false,1,22.90,6.5429,true,1,6107
7290000554471,false,גבינת מוצרלה 22% צמה,"מחלבות גד בע""מ",IL,גבינת מוצרלה 22% צמה 180 גרם,גרמים,180.00,100 גרם,false,1,18.90,10.5000,true,1,6108
7290000554532,false,גבינה צפתית 5% מעודנ,הנסיך- מפעל לייצור ט,IL,גד צפתית מעודנת 5% שומן,גרמים,200.00,100 גרם,false,1,15.90,7.9500,true,1,55356
7290000554600,false,גבינת מוצרלה מגורדת,מחלבות גד בעמ,IL,גד מוצרלה מגורדת מחלב בקר 22% 300 גרם,גרמים,300.00,100 גרם,false,1,25.90,8.6333,true,1,6109
7290000554624,false,מעדן חלב 3% עם אורז,"מיוצר ע""י קוד יצרן E",IL,"ירח מתוק ,מעדן חלב עם אורז 3% , 150 גרם",גרמים,150.00,100 גרם,false,1,6.20,4.1333,true,1,6110
7290000554686,false,גבינת לאבנה 5% בשמן,מחלבות גד בעמ,IL,גד לאבנה בתוספת שמן זית וזעתר 5%,גרמים,250.00,100 גרם,false,1,15.90,6.3600,true,1,6112
7290000554754,false,גבינה מוצרלה כדורקטן,יושלם,,גבינה מוצרלה כדור קטן במשקל גד,קילוגרמים,1.00,"ק""ג",true,,105.00,105.0000,true,1,6115
7290000554792,false,גבינה בולגרית    5%,יושלם,,בולגרית 5% במשקל פח                    X,קילוגרמים,1.00,"ק""ג",true,,64.00,64.0000,true,1,6116
7290000554815,false,גבינה מוצרלה נקניק,יושלם,,גב.מוצרלה נקניק צמה גד לקג,קילוגרמים,1.00,"ק""ג",true,,87.00,87.0000,true,1,6117
7290000554822,false,גבינה ריקוטה גד 250,מחלבות גד בעמ,IL,גבינה ריקוטה גד 250 גרם,גרמים,250.00,100 גרם,false,1,15.90,6.3600,true,1,6118
7290000554839,false,גבינה מוקצפת מסקרפונ,מחלבות גד בעמ,IL,גבינה מוקצפת מסקרפונה 250 גרם גד,גרמים,250.00,100 גרם,false,1,22.90,9.1600,true,1,6119
7290000554891,false,גבינה בולגרית   16%,יושלם,,בולגרית16%במשקל פח                     X,קילוגרמים,1.00,"ק""ג",true,,64.00,64.0000,true,1,6120
7290000554921,false,גבינת אורדה4.5% משקל,יושלם,,גבינה אורדה 4.5% ריקוטה קג  גד,קילוגרמים,1.00,"ק""ג",true,,62.00,62.0000,true,1,6123
7290000554969,false,גבינת שמנת גד 30% לק,יושלם,,גבינת שמנת גד 30% לקג,קילוגרמים,1.00,"ק""ג",true,,49.00,49.0000,true,1,6126
7290000554976,false,גבינה שמנה זיתים30%,יושלם,,גבינה שמנת זיתים במשקל              30%,קילוגרמים,1.00,"ק""ג",true,,49.00,49.0000,true,1,6127
7290000560021,false,אדג גל נגד חתכים,המאפיה של הרמן,US,200 מל גל גילוח נגד חתכים אדג,מיליליטרים,200.00,"100 מ""ל",false,1,20.90,10.4500,true,1,16544
7290000560533,false,"ג""ל גילוח אדג רגיל 2",המאפיה של הרמן,US,200 מל גל גילוח אדג בתוספת אלוורה,מיליליטרים,200.00,"100 מ""ל",false,1,17.90,8.9500,true,1,6182
7290000560540,false,"ג""ל גילוח אדג לעור ר",המאפיה של הרמן,US,אדג ג'ל גילוח לעור רגיש עם אלוורה 200 מל,מיליליטרים,200.00,"100 מ""ל",false,1,17.90,8.9500,true,1,6183
7290000560557,false,"ג""ל גילוח אדג ריכוך",אס.סי ג'ונסון ובניו,US,"ג""ל גילוח אדג ריכוך עור 200 מ""ל",מיליליטרים,200.00,"100 מ""ל",false,1,17.90,8.9500,true,1,6184
7290000571119,false,גבינה גאודה טבעי,תנובה מרכז שיתופי לש,,גבינה גאודה טבעי במשקל המחלבה,קילוגרמים,1.00,"ק""ג",true,,119.00,119.0000,true,1,6244
7290000571126,false,גבינה גאודה כמון,תנובה מרכז שיתופי לש,,גבינה גאודה כמון במשקל המחלבה,קילוגרמים,1.00,"ק""ג",true,,119.00,119.0000,true,1,6245
7290000571232,false,גבינה גאודה פרוס 150,גבינות משק אחים מאיר,IL,גבינה גאודה פרוס המחלבה 150 גרם,גרמים,150.00,100 גרם,false,1,25.90,17.2667,true,1,15600
7290000571294,false,גבינת גאודה מעושנת,,,גבינת גאודה מעושנת במשקל המחלבה,קילוגרמים,1.00,"ק""ג",true,,119.00,119.0000,true,1,93693
7290000571300,false,גבינה גאודה מעושנת 1,גבינות משק אחים מאיר,IL,גבינה גאודה מעושנת המחלבה 150 גרם,גרמים,150.00,100 גרם,false,1,25.90,17.2667,true,1,114232
7290000571478,false,גבינה עיזים תום פרוס,גבינות משק אחים מאיר,IL,גאודה-תום פרוסה 200 גרם,גרמים,150.00,100 גרם,false,1,38.90,25.9333,true,1,68395
7290000571485,false,משקה יוגורט יוגורמה,גבינות משק אחים מאיר,IL,המחלבה משקה יוגורט עזים 1 קג,ליטרים,1.00,ליטר,false,1,25.90,25.9000,true,1,73733
7290000571812,false,גבינת פרמזן מגורדת 2,גבינות משק אחים מאיר,IL,גבינת פרמזן מגורדת המחלבה 200 גרם,גרמים,200.00,100 גרם,false,1,23.90,11.9500,true,1,104297
7290000571881,false,משקה יוגורט המחלבה מ,גבינות משק אחים מאיר,IL,"משקה יוגורט המחלבה מחלב עזים 500 מ""ל",מיליליטרים,500.00,"100 מ""ל",false,1,13.90,2.7800,true,1,123341
7290000572208,false,חלבה אחוה 100 גרם,שוורצקוף& הנקל דיסלד,IL,אחוה חלוה בטעם וניל 100 גרם,גרמים,100.00,100 גרם,false,1,2.90,2.9000,true,1,6249
7290000572222,false,חלבה בלוק,שוורצקוף& הנקל דיסלד,IL,אחווה חלוה בטעם וניל 500 גרם,גרמים,500.00,100 גרם,false,1,12.90,2.5800,true,1,6250
7290000572536,false,חלבה אחוה וניל במגש,אף.סי תבליני בגליל ב,IL,אחוה חלוה בטעם וניל 400 גרם,גרמים,400.00,100 גרם,false,1,13.90,3.4750,true,1,41506
7290000574035,false,לחם אחיד פרוס 750 גר,יוניליוור גרמניה  Gm,IL,לחם אחיד פרוס -דגנית,גרמים,750.00,100 גרם,false,1,7.11,0.9480,true,1,6307
7290000574066,false,לחם מלא שיפון פרוס 7,יוניליוור גרמניה  Gm,IL,לחם  מלא פלוס שיפון,גרמים,750.00,100 גרם,false,1,14.50,1.9333,true,1,99303
7290000574141,false,לחם חיטה מלא,דגנית עין בר תעשיות,IL,לחם חיטה מלא 750 גרם,גרמים,750.00,100 גרם,false,1,13.90,1.8533,true,1,41821
7290000574165,false,חלה מעודנת פרוסה 500,מולינו ניקולי s.p.a,IL,חלה מעודנת פרוסה 500 גרם,גרמים,500.00,100 גרם,false,1,8.90,1.7800,true,1,6313
7290000574172,false,לחם קל מחיטה מלאה 75,יוניליוור גרמניה  Gm,IL,לחם קל מחיטה מלאה 750 גרם,גרמים,750.00,100 גרם,false,1,14.90,1.9867,true,1,57893
7290000574257,false,לחם שחור פרוס קל 750,דגנית עין בר,,לחם שחור פרוס קל 750 גרם,גרמים,750.00,100 גרם,false,1,15.90,2.1200,true,1,6315
7290000574370,false,לחם שיפון אמיתי קל 7,יוניליוור גרמניה  Gm,IL,לחם שיפון קל. מועשר בסיבים תזונתיים.,גרמים,750.00,100 גרם,false,1,17.50,2.3333,true,1,80741
7290000574455,false,לחם חיטה מלאה פלוס כ,דגנית עין בר,IL,לחם חיטה מלאה פלוס כוסמין 750 גרם,גרמים,750.00,100 גרם,false,1,14.90,1.9867,true,1,107091
7290000644783,false,נתחי פילה סלמון בואק,X MAK,,"נתחי פילה סלמון בואקום לק""ג",קילוגרמים,1.00,"ק""ג",true,,105.00,105.0000,true,1,70740
7290000646299,false,פילה נסיכת הנילוס קפ,,ZA,פילה נסיכת הנילוס קפוא 100% דג לקג,קילוגרמים,1.00,"ק""ג",true,1,60.00,60.0000,true,1,143935
7290000652542,false,פילה אמנון קפוא 5-7,,CN,פילה אמנון קפוא 5-7  100% דג לקג,קילוגרמים,1.00,"ק""ג",true,,38.00,38.0000,true,1,143936
7290000659312,false,פילה סלמון בואקום לק,PEQUERA DEL,,"פילה סלמון בואקום לק""ג",קילוגרמים,1.00,"ק""ג",true,,95.00,95.0000,true,1,24595
7290000663036,false,פילה אמנון ללא עור 1,תנובה,IL,"פילה אמנון ללא עור 100% דג   לק""ג",קילוגרמים,1.00,"ק""ג",true,,38.00,38.0000,true,1,149507
7290000663135,false,קוביות סלמון קפוא  1,תנובה,IL,קוביות סלמון קפוא  100% דג 300גרם,גרמים,300.00,100 גרם,false,1,36.00,12.0000,true,1,152047
7290000688084,false,מי עדן בקבוק ספורט 5,מופק ממקור בזלתי עדן,IL,"מי עדן בקבוק ספורט 500 מ""ל",מיליליטרים,500.00,"100 מ""ל",false,1,3.90,0.7800,true,1,7613
7290000688381,false,מי עדן בקבוק אישי שי,"מי עדן בע""מ",,"מי עדן בקבוק אישי שישייה  500 מ""ל",ליטרים,3.00,ליטר,false,1,12.90,4.3000,true,1,7617
7290000688466,false,מי עדן GYM בקבוק ספו,מופק ממקור בזלתי עדן,IL,"מי עדן GYM בקבוק ספורט 750 מ""ל",מיליליטרים,750.00,"100 מ""ל",false,1,5.20,0.6933,true,1,7618
7290000688503,false,מי עדן ספורט שישייה,"מי עדן בע""מ",,"מי עדן ספורט שישייה בקבוק 750 מ""ל",ליטרים,4.50,ליטר,false,1,19.90,4.4222,true,1,14072
7290000692203,false,לניקוי כללי איגקס,הנסיך- מפעל לייצור ט,GR,אג'קס נוזל לניקוי כללי ורצפות בניחוח לימון 2 ליטר,ליטרים,2.00,ליטר,false,1,22.90,11.4500,true,1,7704
7290000692210,false,נוזל לניקוי כללי ורצ,הנסיך- מפעל לייצור ט,GR,אג'קס נוזל לניקוי כללי ורצפות בניחוח לבנדר 2 ליטר,ליטרים,2.00,ליטר,false,1,22.90,11.4500,true,1,7705
7290000805900,false,לה קט 2.85 קג עוף,ביופט בעמ,FR,לה קט עוף 2.85 קג,קילוגרמים,2.85,"ק""ג",false,1,59.90,21.0175,true,1,9849
7290000805924,false,מזון חתולים לה קט דג,פורינה,FR,לה קט מזון יבש לחתול דגי אוקיינוס 2.85 קג,קילוגרמים,2.85,"ק""ג",false,1,59.90,21.0175,true,1,9851
7290000941004,false,עגבניות מגי,חקלאי,IL,עגבניות מגי,קילוגרמים,1.00,"ק""ג",true,1,22.80,22.8000,true,1,126299
7290000995410,false,נבטים סינים,חקלאי,IL,נבטים סינים,גרמים,370.00,100 גרם,false,1,7.90,2.1351,true,1,55390
7290001019047,false,סינטה פרוס לה דליקטס,לה דליקטס ארט,IL,סינטה פרוס לה דליקטס 100 גרם,גרמים,100.00,100 גרם,false,1,37.90,37.9000,true,1,151643
7290001019078,false,סלמי קרקובר לה דליקס,לה דליקטס ארט,IL,סלמי קרקובר לה דליקסט  150 גרם,גרמים,150.00,100 גרם,false,1,26.90,17.9333,true,1,151647
7290001019368,false,שיפונד פרוס לה דליקט,לה דליקטס ארט,IL,שיפונד פרוס לה דליקטס 100 גרם,גרמים,100.00,100 גרם,false,1,37.90,37.9000,true,1,151644
7290001019757,false,מיקס נקניקים דליקטס,מונטה קרלו,IL,מיקס נקניקים דליקטס דליקטס 100 גרם,גרמים,100.00,100 גרם,false,1,36.90,36.9000,true,1,156368
7290001019825,false,פיקל מעושן לה דליקטס,לה דליקטס ארט,IL,פיקל מעושן לה דליקטס 120 גרם,גרמים,120.00,100 גרם,false,1,26.90,22.4167,true,1,151646
7290001019832,false,קורנדביף אמריקאי  לה,,,קורנדביף אמריקאי  לה דליקטס  120גרם,גרמים,120.00,100 גרם,false,1,36.90,30.7500,true,1,156577
7290001019894,false,פסטרמי לה דליקטס  12,לה דליקטס ארט,IL,פסטרמי לה דליקטס  120 גרם,גרמים,120.00,100 גרם,false,1,26.90,22.4167,true,1,152087
7290001019917,false,אנטריקוט פרוס לה דלי,לה דליקטס ארט,IL,אנטריקוט פרוס לה דליקטס 100 גרם,גרמים,100.00,100 גרם,false,1,37.90,37.9000,true,1,151638
7290001019924,false,נקניק צרפתי לה דליקט,לה דליקטס ארט,IL,נקניק צרפתי לה דליקטס 100 גרם,גרמים,100.00,100 גרם,false,1,37.90,37.9000,true,1,151639
7290001019955,false,נקניק רוזט לה  דליקט,לה דליקטס ארט,IL,נקניק רוזט לה  דליקטס 100 גרם,גרמים,100.00,100 גרם,false,1,37.90,37.9000,true,1,151851
7290001019962,false,כופה איטלקית לה דליק,לה דליקטס ארט,IL,כופה איטלקית לה דליקטס 100 גרם,גרמים,100.00,100 גרם,false,1,37.90,37.9000,true,1,151642
7290001041123,false,שקדים מולבנים פרוסים,מיה,IL,שקדים מולבנים פרוסים  מיה 100 גרם,גרמים,100.00,100 גרם,false,1,11.90,11.9000,true,1,156209
7290001045633,false,לימון עם נענע,השחר,IL,פרימור משקה קל לימונים ונענע 400 מל,מיליליטרים,400.00,"100 מ""ל",false,1,8.50,2.1250,true,1,13335
7290001045657,false,מיץ תפוחים צלול פרימ,השחר,IL,פרימור מיץ תפוחים 100% מיץ צלול מיוצר מרכז 400 מל,מיליליטרים,400.00,"100 מ""ל",false,1,8.50,2.1250,true,1,12167
7290001045688,false,מיץ תפוזים סחוט פרימ,השחר,IL,פרימור מיץ תפוזים סחוט 400 מל,מיליליטרים,400.00,"100 מ""ל",false,1,8.50,2.1250,true,1,13332
7290001121023,false,פסטרמה של פעם לקג,יושלם,,"פסטרמה של פעם לק""ג",קילוגרמים,1.00,"ק""ג",true,,79.00,79.0000,true,1,121
7290001121054,false,צמד חמד,מעדני יחיעם (1993) ב,IL,צמד חמד סלמי+פסטרמה 700 גר יחיעם,גרמים,700.00,100 גרם,false,1,26.90,3.8429,true,1,123
7290001121092,false,פסטרמה עוף בגריל,יושלם,,פסטרמה עוף בגריל דלת שומן,קילוגרמים,1.00,"ק""ג",true,,79.00,79.0000,true,1,124
7290001121238,false,קורנדביף,יחיעם,IL,יחיעם קורנד ביף 180 גרם,גרמים,180.00,100 גרם,false,1,25.90,14.3889,true,1,64170
7290001121849,false,פסטרמה ברביקיו  יחיע,פ.פ.ח. שאביט,IL,פסטרמה ברביקיו  יחיעם 100% חומרים טבעיים,גרמים,250.00,100 גרם,false,1,25.90,10.3600,true,1,100154
7290001121979,false,סלמי הרץ 150 גרם,מעדני יחיעם (1993) ב,IL,"יחיעם, סלמי הרץ, 150 גרם",גרמים,150.00,100 גרם,false,1,25.90,17.2667,true,1,85043
7290001123775,false,שווארמה פרגיות,גוד פוד פרודקטס S.p,IL,טיבון ויל שווארמה פרגיות מוכן 500 גרם,גרמים,500.00,100 גרם,false,1,29.90,5.9800,true,1,134
7290001123782,false,שווארמה הודו,טיבון ויל,IL,שווארמה הודו טיבון ויל 500 גרם,גרמים,500.00,100 גרם,false,1,29.90,5.9800,true,1,135
7290001124536,false,תבשילמגיק אטריותבכוס,טאט הוי פוד בעמ,SG,מג'יק ארוחת נודלס בטעם תירס 70 גרם,גרמים,70.00,100 גרם,false,1,4.60,6.5714,true,1,120767
7290001136294,false,שמפו נקה 7 יבש/צבוע,קוסמופארם בעמ,IL,נקה 7-שמפו לשיער יבש,מיליליטרים,750.00,"100 מ""ל",false,1,11.90,1.5867,true,1,209
7290001136683,false,מרכך לשיער נקה    7,אמיליה קוסמטיקס בעמ,IL,"נקה 7 מרכך שיער רגיל ירוק 750 מ""ל",מיליליטרים,750.00,"100 מ""ל",false,1,11.90,1.5867,true,1,218
7290001201510,false,ארוז 30/M בינוני ביצ,,,ארוז 30/M בינוני ביצים,לא מנהל יחידת מידה,0.00,לא מנהל יחידת מידה,false,1,27.80,0.0000,true,1,151182
7290001201589,false,ביצים ארוזות      L,,,ביצים ארוזות12 יח                     L,לא מנהל יחידת מידה,0.00,לא מנהל יחידת מידה,false,1,12.05,0.0000,true,1,149544
7290001201596,false,ביצים ארוזות12 יח M,,,ביצים ארוזות12 יח                     M,לא מנהל יחידת מידה,0.00,לא מנהל יחידת מידה,false,1,11.15,0.0000,true,1,149545
7290001201824,false,אורגני L/12  ביצים,,,אורגני L/12  ביצים,יחידה,12.00,יחידה,false,1,20.90,1.7417,true,1,149548
7290001201855,false,אומגה L/12 ביצים,,,אומגה L/12 ביצים,לא מנהל יחידת מידה,0.00,לא מנהל יחידת מידה,false,1,18.90,0.0000,true,1,149550
7290001201862,false,חופש 12/L ביצים,,,חופש 12/L ביצים,לא מנהל יחידת מידה,0.00,לא מנהל יחידת מידה,false,1,19.90,0.0000,true,1,149549
7290001216040,false,טחינת אל ארז 500 גרם,דולפין ספא,IL,טחינת אל ארז 500 גרם,גרמים,500.00,100 גרם,false,1,16.90,3.3800,true,1,64885
7290001216231,false,טחינה מלאה אל ארז 50,דולפין ספא,IL,טחינה מלאה אל ארז 500 גרם,גרמים,500.00,100 גרם,false,1,17.90,3.5800,true,1,65201
7290001230331,false,סיגריות כאמל בוקס חפ,JTI,,סיגריות כאמל בוקס חפיסה בודד,יחידה,0.00,יחידה,false,1,32.00,0.0000,false,1,14556
7290001230739,false,סיגריות קאמל כחול,JTI,,סיגריות כאמל כחול חפיסה בודד,יחידה,0.00,יחידה,false,1,32.00,0.0000,false,1,20118
7290001231233,false,סיגריות וינסטון בוקס,JTI,,סיגריות וינסטון בוקס חפיסה בודד,Unknown,0.00,Unknown,false,1,34.30,0.0000,false,1,14544
7290001231932,false,סיגריות וינסטון כחול,JTI,,סיגריות וינסטון כחול בוקס חפיסה בודד,לא מנהל יחידת מידה,0.00,לא מנהל יחידת מידה,false,1,34.30,0.0000,false,1,14545
7290001235938,false,סיגריות וינסטון כחול,JTI,,סיגריות וינסטון כחול 100 חפיסה בודד,לא מנהל יחידת מידה,0.00,לא מנהל יחידת מידה,false,1,34.30,0.0000,false,1,48072
7290001247068,false,נקטר ספרינג תות בננה,"כד בני דרום בע""מ",IL,ספרינג קרטוניות תות בננה 1 ל',ליטרים,1.00,ליטר,false,1,8.60,8.6000,true,1,361
7290001247082,false,נקטר ספרינג עגבניות,"כד בני דרום בע""מ",IL,ספרינג קרטוניות עגבניות 1 ל',ליטרים,1.00,ליטר,false,1,8.20,8.2000,true,1,363
7290001247099,false,נקטר ספרינג מנגו קרט,"כד בני דרום בע""מ",IL,ספרינג קרטוניות מנגו 1 ל',ליטרים,1.00,ליטר,false,1,8.60,8.6000,true,1,364
7290001247112,false,נקטר ספרינג לימונענע,"כד בני דרום בע""מ",IL,ספרינג קרטוניות לימונענע 1 ל',ליטרים,1.00,ליטר,false,1,8.60,8.6000,true,1,366
7290001247129,false,נקטר ספרינג תפוזים ק,"כד בני דרום בע""מ",IL,ספרינג קרטוניות תפוזים 1 ל',ליטרים,1.00,ליטר,false,1,8.60,8.6000,true,1,367
7290001247143,false,נקטר ספרינג תפוחים ק,"כד בני דרום בע""מ",IL,ספרינג קרטוניות תפוחים 1 ל',ליטרים,1.00,ליטר,false,1,8.60,8.6000,true,1,369
7290001247723,false,נקטר ספרינג תות פחית,יפאורה תבורי בעמ,IL,"ספרינג נקטר תות בננה פחית 330 מ""ל",מיליליטרים,330.00,"100 מ""ל",false,1,5.50,1.6667,true,1,22853
7290001247730,false,נקטר ספרינג מנגו פחי,יפאורה תבורי בעמ,IL,"ספרינג נקטר מנגו פחית 330 מ""ל",מיליליטרים,330.00,"100 מ""ל",false,1,5.50,1.6667,true,1,22854
7290001258576,false,משק יעקבס גבינה גאוד,בטר אנד דיפרנט,IL,גאודה 200 גרם,גרמים,200.00,100 גרם,false,1,21.90,10.9500,true,1,60408
7290001258804,false,גבינה קשקבל צאן,גבינות משק יעקבס,IL,קשקבל 180 גרם,גרמים,180.00,100 גרם,false,1,23.90,13.2778,true,1,83582
7290001258958,false,גבינה מוצרלה מגורדת,בטר אנד דיפרנט,IL,גבינה מוצרלה מגורדת 24% 200 גרם יעקבס,גרמים,200.00,100 גרם,false,1,24.90,12.4500,true,1,102980
7290001258972,false,משק יעקבס חלומי200 ג,בטר אנד דיפרנט,IL,חלומי 200 גרם,גרמים,200.00,100 גרם,false,1,22.90,11.4500,true,1,102981
7290001258989,false,קממבר בקר בייבי,משק יעקבס,,קממבר בקר בייבי,קילוגרמים,1.00,"ק""ג",true,,129.00,129.0000,true,1,114971
7290001302279,false,במבה קלאסי,מיוצר עי קונדיטוריית,IL,במבה קלאסי כלפ.48*60גרם,גרמים,60.00,100 גרם,false,1,4.90,8.1667,true,1,100218
7290001305188,false,סבון כלים פלמוליב לי,יבואן ומשווק: ש. שסט,GR,פלמוליב נוזל לניקוי כלים בריח לימון (כתום) 750 מל,מיליליטרים,750.00,"100 מ""ל",false,1,11.90,1.5867,true,1,441
7290001327180,false,גלידה קרמיסימו וניל,"גלידת שטראוס בע""מ",IL,גלידה קרמיסימו וניל צ'יפ 1.33 ל',ליטרים,1.33,ליטר,false,1,26.90,20.2256,true,1,456
7290001327791,false,קרמיסימו עוגיות,,IL,גלידה קרמיסימו וניל עוגיות 1.33 ל',ליטרים,1.33,ליטר,false,1,26.90,20.2256,true,1,460
7290001342091,false,טונה אלבקור-אל דג לק,אלדג,IL,"טונה אלבקור-אל דג לק""ג",קילוגרמים,1.00,"ק""ג",true,,253.00,253.0000,true,1,152614
7290001342183,false,סלמון אפוי על גחלים-,אלדג,IL,"סלמון אפוי על גחלים-אל דג לק""ג",קילוגרמים,1.00,"ק""ג",true,,220.00,220.0000,true,1,152613
7290001361009,false,עוגת טורט קייבסקי,האי נאם סי או אל.טי.,IL,עוגת טורט קייבסקי 700 גרם,גרמים,700.00,100 גרם,false,1,79.90,11.4143,true,1,505
7290001361016,false,עוגת גינגי שכבות בצק,GS עבור נטו מלינדה ס,IL,עוגת גינגי שכבות בצק דבש וקרם פטיסייר,גרמים,600.00,100 גרם,false,1,39.90,6.6500,true,1,506
7290001361054,false,פחזניות אקלרים 600 ג,אף.סי תבליני בגליל ב,IL,פחזניות אקלרים 600 גרם,גרמים,600.00,100 גרם,false,1,42.90,7.1500,true,1,508
7290001361061,false,אקלרים שוקולד 600 גר,"נטלי פלוס בע""מ",IL,אקלרים שוקולד 600 גר,גרמים,600.00,100 גרם,false,1,42.90,7.1500,true,1,152622
7290001361085,false,עוגת נפוליאון 600 גר,אף.סי תבליני בגליל ב,IL,נטלי קרם שניט נפוליאון 600 גרם,גרמים,600.00,100 גרם,false,1,42.90,7.1500,true,1,510
7290001361092,false,עוגה פיצוץ 400 גרם,יוליניבר,IL,נטלי עוגת פיצוץ 400 גרם,גרמים,400.00,100 גרם,false,1,42.90,10.7250,true,1,511
7290001361177,false,עוגת דובדבנים,יושלם,,עוגת דובדבנים 650 ג,גרמים,650.00,100 גרם,false,1,49.90,7.6769,true,1,57100
7290001361207,false,עוגת אוכמניות,,,"עוגת אוכמניות 650 ג                    """,גרמים,650.00,100 גרם,false,1,49.90,7.6769,true,1,50471
7290001361436,false,פס שמנת סמטניק 550 ג,נטלי פלוס בעמ,IL,פס שמנת סמטניק 550 גר,גרמים,550.00,100 גרם,false,1,44.90,8.1636,true,1,152625
7290001361450,false,עוגת מותק - ריבת חלב,,,עוגת מותק - ריבת חלב (650 גרם),גרמים,650.00,100 גרם,false,1,82.00,12.6154,true,1,59679
7290001361580,false,פס היער השחור נטלי 5,"נטלי פלוס בע""מ",IL,פס היער השחור נטלי 550 גר,גרמים,550.00,100 גרם,false,1,44.90,8.1636,true,1,152626
7290001361894,false,פס טראפלס שוקולד (45,,,פס טראפלס שוקולד (450 גרם),גרמים,450.00,100 גרם,false,1,42.90,9.5333,true,1,121792
7290001361924,false,עוגת פס מוס גבינה 45,נטלי,,עוגת פס מוס גבינה 450 גרם,גרמים,450.00,100 גרם,false,1,39.90,8.8667,true,1,90856
7290001361931,false,פחזניות במילוי גבינה,האי נאם סי או אל.טי.,IL,פחזניות במילוי גבינה 350 גרם,גרמים,350.00,100 גרם,false,1,36.90,10.5429,true,1,111445
7290001407769,false,טחינה משומשום מלא בא,רושדי תעשיות מזון בע,IL,בארכה טחינה עם שומשום מלא 12*500גרם,גרמים,500.00,100 גרם,false,1,17.90,3.5800,true,1,38205
7290001407813,false,בארכה חלבה שאמית פיס,HIQ FOOD PRODUCTS,IL,בארכה חלבה שאמית וניל עם פסטק.כלפ8*350ג,גרמים,350.00,100 גרם,false,1,15.90,4.5429,true,1,38297
7290001407820,false,בארכה חלבה שאמית קלא,רושדי תעשיות מזון בע,IL,בארכה חלבה שאמית קלאסית 350 גרם,גרמים,350.00,100 גרם,false,1,15.90,4.5429,true,1,38298
7290001407837,false,חלבה שאמית קקאו,HIQ FOOD PRODUCTS,IL,בארכה חלבה שאמית שוקו פולי קקאוכלפ8*350ג,גרמים,350.00,100 גרם,false,1,15.90,4.5429,true,1,38299
7290001407844,false,חלבה קלאסית וניל,HIQ FOOD PRODUCTS,IL,בארכה חלבה קלאסית וניל 350 גרם,גרמים,350.00,100 גרם,false,1,15.90,4.5429,true,1,38300
7290001419779,false,ופלים שוקולד עלמה 20,"גילרו בע""מ",,ופלים שוקולד עלמה 200 גרם,גרמים,200.00,100 גרם,false,1,3.90,1.9500,true,1,36902
7290001419793,false,גביעי גלידה מגולגלים,"גילרו בע""מ",,גביעי גלידה מגולגלים 12 יח,גרמים,132.00,100 גרם,false,1,11.90,9.0152,true,1,47927
7290001419892,false,ופלים לימון עלמה 200,"גילרו בע""מ",,ופלים לימון עלמה 200 גרם,גרמים,200.00,100 גרם,false,1,3.90,1.9500,true,1,49307
7290001476208,false,גבינה ברי משולש כבשי,יושלם,,"גבינה ברי משולש כבשים פקאן 1 ק""ג גד",קילוגרמים,1.00,"ק""ג",true,,150.00,150.0000,true,1,618
7290001482186,false,אננס חתוך567 גר    .,הנסיך- מפעל לייצור ט,TH,ויליפוד חתיכות אננס בסירופ קל 565 גרם,גרמים,567.00,100 גרם,false,1,5.90,1.0406,true,1,109824
7290001482384,false,לפתן אננס חתוך פתחקל,,TH,לפתן אננס חתוך פתח קל 227 גרם,גרמים,227.00,100 גרם,false,1,4.50,1.9824,true,1,55339
7290001482506,false,חומץ בלסמי ממודנה,,IT,"חומץ בלסמי ממודנה 500 מ""ל",מיליליטרים,500.00,"100 מ""ל",false,1,19.90,3.9800,true,1,627
7290001485019,false,גבינת קרם שמנת 5% טב,טרה,IL,גבינת קרם שמנת טבעי 200 גרם 5%,גרמים,200.00,100 גרם,false,1,13.50,6.7500,true,1,33369
7290001491010,false,תה ירוק יסמין 25 שקי,HIQ FOOD PRODUCTS,IL,תה ירוק עם יסמין T.T,גרמים,37.00,100 גרם,false,1,25.90,70.0000,true,1,658
7290001507360,false,אובלטים כוסמין 100 ג,אם החיטה,IL,אובלטים כוסמין בתוספת שומשום,גרמים,100.00,100 גרם,false,1,12.90,12.9000,true,1,115941
7290001548011,false,טחינה ירוקה,מונטה קרלו,IL,טחינה ירוקה מונטה קרלו 250 גרם,גרמים,250.00,100 גרם,false,1,14.90,5.9600,true,1,90057
7290001548035,false,סלט טורקי  מונטה קרל,מונטה קרלו,IL,סלט טורקי  מונטה קרלו 250גרם,גרמים,250.00,100 גרם,false,1,14.90,5.9600,true,1,149584
7290001548042,false,סלט ביצים,יושלם,,סלט ביצים   מונטה קרלו 250 גרם,גרמים,250.00,100 גרם,false,,21.90,8.7600,true,1,79984
7290001548110,false,חציל סלוניקי 250גרם,יושלם,,חציל סלוניקי 250גרם,גרמים,250.00,100 גרם,false,1,16.90,6.7600,true,1,78922
7290001548134,false,כרוב לבן שום שמיר מו,מונטה קרלו,IL,כרוב לבן שום שמיר מונטה קרלו 250גרם,גרמים,250.00,100 גרם,false,1,14.90,5.9600,true,1,149576
7290001548202,false,סלק רצועות  מונטה קר,מונטה קרלו,IL,סלק רצועות  מונטה קרלו 250גרם,גרמים,250.00,100 גרם,false,1,14.90,5.9600,true,1,149568
7290001548226,false,סלט פטריות מקסיקני,מונטה קרלו,IL,פטריות ספרדי מונטה קרלו 250 גרם,גרמים,250.00,100 גרם,false,1,20.90,8.3600,true,1,112627
7290001548233,false,חציל מחנה יהודה  פיק,מונטה קרלו,IL,חציל מחנה יהודה  פיקנטי  250גרם,גרמים,250.00,100 גרם,false,1,16.90,6.7600,true,1,151649
7290001548271,false,כרוב לבן עם גזר  250,מונטה קרלו,IL,כרוב לבן עם גזר  250 גרם,גרמים,250.00,100 גרם,false,1,14.90,5.9600,true,1,151651
7290001548288,false,מסבחה פיקנטי מונטה ק,מונטה קרלו,IL,מסבחה פיקנטי מונטה קרלו 250גרם,גרמים,250.00,100 גרם,false,1,14.90,5.9600,true,1,149572
7290001548295,false,מטבוחה מונטה קרלו 25,מונטה קרלו,IL,מטבוחה מונטה קרלו 250גרם,גרמים,250.00,100 גרם,false,1,14.90,5.9600,true,1,149583
7290001548325,false,טונה ירקות מונטה קרל,מונטה קרלו,IL,טונה ירקות מונטה קרלו 250גרם,גרמים,250.00,100 גרם,false,1,23.90,9.5600,true,1,149587
7290001548349,false,סלט תפוא במיונז,מונטה קרלו,IL,"תפו""א במיונז בייתי מונטה קרלו  250 גרם",גרמים,250.00,100 גרם,false,1,14.90,5.9600,true,1,81710
7290001548370,false,טבולה,מונטה קרלו,IL,טבולה  מונטה קרלו  250 גרם,גרמים,250.00,100 גרם,false,1,16.90,6.7600,true,1,78701
7290001548387,false,כרוב סיני  מונטה קרל,מונטה קרלו,IL,כרוב סיני  מונטה קרלו 250גרם,גרמים,250.00,100 גרם,false,1,14.90,5.9600,true,1,149578
7290001548400,false,חומוס זהב מונטה קרלו,מונטה קרלו,IL,חומוס זהב מונטה קרלו 250גרם,גרמים,250.00,100 גרם,false,1,14.90,5.9600,true,1,149573
7290001548424,false,כרוב קולסלאו   מונטה,מונטה קרלו,IL,כרוב קולסלאו   מונטה קרלו 250 גרם,גרמים,250.00,100 גרם,false,1,14.90,5.9600,true,1,156360
7290001548431,false,סחוג ירוק מונטה קרלו,מונטה קרלו,IL,סחוג ירוק מונטה קרלו 250גרם,גרמים,250.00,100 גרם,false,1,14.90,5.9600,true,1,149588
7290001548462,false,פלפל רצועות חריף  25,מונטה קרלו,,פלפל רצועות חריף  250גרם,גרמים,250.00,100 גרם,false,1,20.90,8.3600,true,1,80871
7290001548523,false,חציל בתחמיץ  מונטה ק,,,חציל בתחמיץ  מונטה קרלו 250 גרם,גרמים,250.00,100 גרם,false,1,16.90,6.7600,true,1,149590
7290001548530,false,מסבחה פטרוזיליה מונט,מונטה קרלו,IL,מסבחה פטרוזיליה מונטה קרלו 250גרם,גרמים,250.00,100 גרם,false,1,14.90,5.9600,true,1,149574
7290001548561,false,גזר חריף בלימון מונט,מונטה קרלו,IL,גזר חריף בלימון מונטה קרלו 250 גרם,גרמים,250.00,100 גרם,false,1,14.90,5.9600,true,1,149582
7290001548592,false,טחינה עמבה  250 גרם,מונטה קרלו,IL,טחינה עמבה  250 גרם,גרמים,250.00,100 גרם,false,1,14.90,5.9600,true,1,151657
7290001548622,false,חציל טבעי פקנטי מונט,מונטה קרלו,IL,חציל טבעי פקנטי מונטה קרלו 250גרם,גרמים,250.00,100 גרם,false,1,16.90,6.7600,true,1,149570
7290001548639,false,חציל מונטה קרלו  מונ,מונטה קרלו,IL,חציל מונטה קרלו  מונטה קרלו 250גרם,גרמים,250.00,100 גרם,false,1,16.90,6.7600,true,1,80874
7290001548691,false,כרוב אדום במיונז מונ,מונטה קרלו,IL,כרוב אדום במיונז מונטה קרלו 250גרם,גרמים,250.00,100 גרם,false,1,14.90,5.9600,true,1,149577
7290001548714,false,איקרה ורודה מונטה קר,מונטה קרלו,IL,איקרה ורודה מונטה קרלו 250גרם,גרמים,250.00,100 גרם,false,1,21.90,8.7600,true,1,149625
7290001548738,false,חציל מרוקאי מונטה קר,מונטה קרלו,,חציל מרוקאי מונטה קרלו 250 גרם,גרמים,250.00,100 גרם,false,1,16.90,6.7600,true,1,82612
7290001548745,false,איקרה לבנה מונטה קרל,מונטה קרלו,IL,איקרה לבנה מונטה קרלו 250גרם,גרמים,250.00,100 גרם,false,1,21.90,8.7600,true,1,149624
7290001548752,false,טחינה לבנה מונטה קרל,מונטה קרלו,IL,טחינה לבנה מונטה קרלו 250גרם,גרמים,250.00,100 גרם,false,1,14.90,5.9600,true,1,149575
7290001548783,false,פלפל אש טוניסאי מונט,מונטה קרלו,IL,פלפל אש טוניסאי מונטה קרלו 250גרם,גרמים,250.00,100 גרם,false,1,20.90,8.3600,true,1,149585
7290001548875,false,חמוצים יפניים דלי מו,מונטה קרלו,IL,חמוצים יפניים דלי מונטה קרלו 450גרם,גרמים,450.00,100 גרם,false,1,23.90,5.3111,true,1,149580
7290001548950,false,פלפל חריף מונטה 250ג,,,פלפל חריף מונטה 250גרם,גרמים,250.00,100 גרם,false,1,20.90,8.3600,true,1,149591
7290001548967,false,חציל תאילנדי צילי 25,קלאס פוד,IL,חציל תאילנדי צילי 250גרם,גרמים,250.00,100 גרם,false,1,16.90,6.7600,true,1,113133
7290001548998,false,חומוס זהב  500 גרם,מונטה קרלו,IL,חומוס זהב  500 גרם,גרמים,500.00,100 גרם,false,1,20.90,4.1800,true,1,154586
7290001567814,false,סלמי מעושן איטלקי 30,יחיעם,IL,יחיעם סלמי מעושן בסגנון איטלקי 300 גרם,גרמים,300.00,100 גרם,false,1,22.90,7.6333,true,1,112119
7290001591673,false,"קניידלך מקמח תפו""א",שלושת האופים,IL,"קניידלך מקמח תפו""א  שלושת האופים 500  גר",גרמים,500.00,100 גרם,false,1,19.90,3.9800,true,1,154082
7290001591680,false,קניידלך מקמח מצה  של,שלושת האופים,IL,קניידלך מקמח מצה  שלושת האופים 500  גרם,גרמים,500.00,100 גרם,false,1,19.90,3.9800,true,1,154081
7290001594155,false,קוקה קולה בקבוק 500,"אינסטנטה בע""מ",IL,"קוקה קולה 500 מ""ל",מיליליטרים,500.00,"100 מ""ל",false,1,7.50,1.5000,true,1,783
7290001594179,false,פאנטה אורנג בקבוק 50,"אינסטנטה בע""מ",IL,"פאנטה אורנג' 500 מ""ל",מיליליטרים,500.00,"100 מ""ל",false,1,7.50,1.5000,true,1,785
7290001594186,false,קוקה קולה דיאט בקבוק,תות תעשיות מזון (201,IL,"דיאט קוקה קולה 500 מ""ל",מיליליטרים,500.00,"100 מ""ל",false,1,7.50,1.5000,true,1,786
7290001594230,false,"סודה קינלי 250 מ""ל",החברה המרכזית לייצור,IL,"קינלי סודה 250 מ""ל",מיליליטרים,250.00,"100 מ""ל",false,1,5.90,2.3600,true,1,788
7290001594377,false,משקל פריגת תפוזים 50,מולינו ניקולי s.p.a,IL,פריגת משקה קל תפוזים 500 מל,מיליליטרים,500.00,"100 מ""ל",false,1,7.90,1.5800,true,1,789
7290001594384,false,משקל פריגת אשכוליות,מולינו ניקולי s.p.a,IL,"פריגת משק""ל אשכוליות 0.5 ליטר",מיליליטרים,500.00,"100 מ""ל",false,1,7.90,1.5800,true,1,790
7290001594391,false,משקל פריגת ענבים 500,מבשלות בירה בינלאומי,IL,"משקל פריגת ענבים 500 מ""ל",מיליליטרים,500.00,"100 מ""ל",false,1,7.90,1.5800,true,1,791
7290001594520,false,בירה טובורג 330 מל,מולינו ניקולי s.p.a,IL,"טובורג בק 330 מ""ל פקדון",מיליליטרים,330.00,"100 מ""ל",false,1,9.50,2.8788,true,1,12253
7290001594568,false,בירה קרלסברג פחית 50,מולינו ניקולי s.p.a,IL,קלסברג בירה 500 מל,מיליליטרים,500.00,"100 מ""ל",false,1,9.90,1.9800,true,1,794
7290001594575,false,בירה טובורג פחית 500,מולינו ניקולי s.p.a,IL,"טובורג רד פחית 500 מ""ל",מיליליטרים,500.00,"100 מ""ל",false,1,9.90,1.9800,true,1,795
7290001594858,false,בירה טובורג רד שישיי,קרלסברג ישראל,,"בירה טובורג רד שישייה בקבוק 330 מ""ל",ליטרים,1.98,ליטר,false,1,36.90,18.6364,true,1,801
7290001594865,false,בירה קרלסברג מארז שי,קרלסברג ישראל,,"בירה קרלסברג מארז שישייה בקבוק 330 מ""ל",ליטרים,1.98,ליטר,false,1,36.90,18.6364,true,1,802
7290001670057,false,כפיות חד פעמי 100 יח,"איטיליאן פוד, אס.פי.",IL,הנמל כפיות לבן  100 יחידות,Unknown,0.00,Unknown,false,1,12.90,0.0000,true,1,17838
7290001670224,false,מלית פרג 400 גרם,"פוליבה בע""מ",IL,פוליבה מלית פרג 400 גרם,גרמים,400.00,100 גרם,false,1,13.90,3.4750,true,1,17843
7290001670842,false,מלית חלבה,"פוליבה בע""מ",IL,פוליבה מלית חלבה 400 גרם,גרמים,400.00,100 גרם,false,1,13.90,3.4750,true,1,826
7290001713020,false,עלמה שקיות אשפה 25 י,אסיר פלסט,TR,עלמה שקיות אשפה 25 יחידות 75 85,יחידה,25.00,יחידה,false,1,7.90,0.3160,true,1,155369
7290001713105,false,עלמה נייר אפייה 50 י,קומפלקס כימיקלים,IL,עלמה נייר אפייה 50 יחידות,יחידה,50.00,יחידה,false,1,8.90,0.1780,true,1,155370
7290001713150,false,אקונומיקה קצף לניקוי,קומפלקס כימיקלים,IL,אקונומיקה קצף לניקוי לימון סנט מוריץ 1 ל,ליטרים,1.00,ליטר,false,1,12.90,12.9000,true,1,155371
7290001713167,false,קצף לניקוי 1 ליטר,קומפלקס כימיקלים,IL,קצף לניקוי 1 ליטר,ליטרים,1.00,ליטר,false,1,12.90,12.9000,true,1,155372
7290001713242,false,עלמה שקיות אשפה 25 י,אסיר פלסט,TR,עלמה שקיות אשפה 25 יחידות 75 90 עם ידית,יחידה,25.00,יחידה,false,1,12.90,0.5160,true,1,155376
7290001713501,false,עלמה רדיד אלומיניום,קומפלקס כימיקלים,IL,עלמה רדיד אלומיניום עלמה עבה 45 סמ 50 מ,יחידה,1.00,יחידה,false,1,38.90,38.9000,true,1,155586
7290001713921,false,אקונומיקה מבושמת סנט,קומפלקס כימיקלים,IL,אקונומיקה מבושמת סנט מוריץ 4 ליטר,ליטרים,4.00,ליטר,false,1,11.90,2.9750,true,1,155387
7290001713938,false,עלמה ניילון נצמד 150,קומפלקס כימיקלים,IL,עלמה ניילון נצמד 150 מטר,מטרים,150.00,מטר,false,1,18.90,0.1260,true,1,155587
7290001780428,false,גלידיאט שוקו עם סירו,המאפיה של הרמן,IL,נסטלה שלגון לייט שוקולד מאח בדצ.6 6*52ג,גרמים,312.00,100 גרם,false,1,27.90,8.9423,true,1,16723
7290001780800,false,שלגון קראנץ ליבת נוג,נגה גלידות,,שלגון קראנץ ליבת נוגט,Unknown,0.00,Unknown,false,1,10.50,0.0000,true,1,22340
7290001791349,false,אקונומיקה ריחנית פיס,"סנו מפעלי ברונוס בע""",IL,אקונומיקה ריחנית פיסגה 4 ליטר,ליטרים,4.00,ליטר,false,1,11.90,2.9750,true,1,42106
7290001791776,false,סנו די רולאון+אלוורה,קוסמופארם בעמ,IL,סנו די פלוס אלוורה כדורית 50 מל,מיליליטרים,50.00,"100 מ""ל",false,1,19.90,39.8000,true,1,41791
7290001817377,false,"חטיף צ""יטוס איקס עיג",הנסיך- מפעל לייצור ט,IL,ציטוס איקס עיגול 60 גר 40 יח,גרמים,60.00,100 גרם,false,1,3.50,5.8333,true,1,956
7290001817728,false,חטיף ציטוס כאפה,"שטראוס פריטו ליי בע""",IL,"חטיף צ""יטוס כאפה 55 גר",גרמים,55.00,100 גרם,false,1,3.50,6.3636,true,1,957
7290001865439,false,אל סבון נוזלי וניל,אף.סי תבליני בגליל ב,IL,פמילי אל סבון נוזלי בניחוח וניל טהור 1 ליטר,ליטרים,1.00,ליטר,false,1,14.90,14.9000,true,1,995
7290001865453,false,פמילי אלסבון נוזלי ל,מיוצר עי קונדיטוריית,TR,פמילי אל סבון נוזלי לבנדר ארומטי 1 ליטר,ליטרים,1.00,ליטר,false,1,14.90,14.9000,true,1,997
7290001873458,false,סטייק בורגר,מולינו ניקולי s.p.a,IL,סטייק בורגר black angus 320 גרם,גרמים,320.00,100 גרם,false,1,29.90,9.3437,true,1,144655
7290001873489,false,קרפציו BLACK ANGOS 3,מולינו ניקולי s.p.a,IL,קרפציו BLACK ANGOS 320 גרם,גרמים,320.00,100 גרם,false,1,24.90,7.7812,true,1,144892
7290001902028,false,לחם זיתים,"גידרון תעשיות בע""מ",,לחם זיתים,גרמים,550.00,100 גרם,false,1,9.90,1.8000,true,1,15486
7290001902059,false,לחם בצל,"גידרון תעשיות בע""מ",,לחם בצל,גרמים,550.00,100 גרם,false,1,11.90,2.1636,true,1,15091
7290001902110,false,לחם רוסי,"גידרון תעשיות בע""מ",,לחם רוסי,גרמים,550.00,100 גרם,false,1,11.90,2.1636,true,1,15097
7290001902134,false,לחם איטלקי,"גידרון תעשיות בע""מ",,לחם איטלקי,גרמים,350.00,100 גרם,false,1,4.90,1.4000,true,1,15098
7290001902301,false,חלה מתוקה קלועה,"גידרון תעשיות בע""מ",,חלה מתוקה קלועה,גרמים,560.00,100 גרם,false,1,11.90,2.1250,true,1,15103
7290001902318,false,חלה מתוקה קלועה צימו,"גידרון תעשיות בע""מ",,חלה מתוקה קלועה צימוקים-ג.דגון,גרמים,560.00,100 גרם,false,1,9.90,1.7679,true,1,13161
7290001902325,false,חלת גידרון טריה,"גידרון תעשיות בע""מ",,חלת גידרון טריה,גרמים,560.00,100 גרם,false,1,11.90,2.1250,true,1,13160
7290001902776,false,לחמנית בריאות,"גידרון תעשיות בע""מ",,לחמנית בריאות,גרמים,150.00,100 גרם,false,1,3.90,2.6000,true,1,14575
7290001902783,false,לחמנית המבורגר,"גידרון תעשיות בע""מ",,לחמנית המבורגר,גרמים,100.00,100 גרם,false,1,1.50,1.5000,true,1,15114
7290001975992,false,בירה ויינשטפן בקבוק,יושלם,,"בירה ויינשטפן בקבוק 330 מ""ל",מיליליטרים,330.00,"100 מ""ל",false,1,14.90,4.5152,true,1,90569
7290001990094,false,סוכר חום בצנצנת סוגת,האי נאם סי או אל.טי.,IL,"סוכר חום בצנצנת סוגת 1 ק""ג",קילוגרמים,1.00,"ק""ג",false,1,15.90,15.9000,true,1,16316
7290001990117,false,שומשום סוגת 100 גרם,"סוגת תעשיות בע""מ",IL,שומשום 100 גר',גרמים,100.00,100 גרם,false,1,4.20,4.2000,true,1,41844
7290002000136,false,שעווה למיקרו מגע משי,המאפיה של הרמן,IL,551שעווה למיקרו מגע משי הדבש 500 גרם,גרמים,500.00,100 גרם,false,1,21.70,4.3400,true,1,1146
7290002000143,false,"קרם ידיים פנג""ל קלאס",מיוצר עי קונדיטוריית,IL,פנג'ל קרם ידיים קלאסיק 80 מל,מיליליטרים,80.00,"100 מ""ל",false,1,8.80,11.0000,true,1,1147
7290002000266,false,שעווה למיקרו התפוח,המאפיה של הרמן,IL,מגע המשי התפוח- שעווה לחימום במיקרוגל 500 גרם,גרמים,500.00,100 גרם,false,1,21.70,4.3400,true,1,1148
7290002002611,false,שעווה קרה מגע המשי,"ש. שוורץ (ב""ש) בע""מ",IL,שעווה קרה מגע משי הדבש,גרמים,500.00,100 גרם,false,1,19.90,3.9800,true,1,1169
7290002002635,false,שעווה מגע משי לפנים,"ש. שוורץ (ב""ש) בע""מ",IL,שעווה מגע משי הדבש -לפנים,גרמים,80.00,100 גרם,false,1,15.90,19.8750,true,1,1172
7290002002857,false,נייר להסרת שיער50 יח,"איטיליאן פוד, אס.פי.",IL,נייר מגע המשי להסרת שיער 50 יח,יחידה,1.00,יחידה,false,1,21.90,21.9000,true,1,1173
7290002007180,false,קמח תירס 500 ג הנמל,הנמל אריזות ושיווק ב,IL,הנמל קמח תירס 500 גר' - מרובע,גרמים,500.00,100 גרם,false,1,5.90,1.1800,true,1,54297
7290002007623,false,כוסות ליין 50 יחידות,"איטיליאן פוד, אס.פי.",IL,הנמל כוסות יין 50 יחידות,לא מנהל יחידת מידה,0.00,לא מנהל יחידת מידה,false,1,5.90,0.0000,true,1,16353
7290002007890,false,כוסות חד פעמי 100 יח,,IL,כוס שתיה קרה 100 יח,יחידה,100.00,יחידה,false,1,11.90,0.1190,true,1,1192
7290002008040,false,"שיפודי עץ 30 ס""מ",הנמל אריזות ושיווק ב,IL,הנמל שיפודי במבוק 100 יחידות,Unknown,0.00,Unknown,false,1,4.50,0.0000,true,1,1194
7290002008071,false,גביעי נייר מס 1.5 הנ,הנמל אריזות ושיווק ב,IL,הנמל עטרות נייר אפייה מספר 2 130 יחידות,לא מנהל יחידת מידה,0.00,לא מנהל יחידת מידה,false,1,4.90,0.0000,true,1,1196
7290002008149,false,מדליק פחם מוצק,"איטיליאן פוד, אס.פי.",,"הנמל מדליק פחם מוצק, 40 יחידות",Unknown,0.00,Unknown,false,1,7.90,0.0000,true,1,1198
7290002008224,false,סוכריות לקישוט צבעונ,ממתקי עלה בעמ,IL,הנמל סוכריות לקישוט צבעוני 100 גרם,גרמים,100.00,100 גרם,false,1,5.50,5.5000,true,1,1201
7290002008309,false,גביעי נייר מס 4 הנמל,"איטיליאן פוד, אס.פי.",IL,"הנמל עטרות נייר אפייה מספר 4 , 130 יח'",לא מנהל יחידת מידה,0.00,לא מנהל יחידת מידה,false,1,5.90,0.0000,true,1,1203
7290002008507,false,נייר אפיה הנמל 50 יח,"איטיליאן פוד, אס.פי.",IL,הנמל נייר אפייה 50 יח,לא מנהל יחידת מידה,0.00,לא מנהל יחידת מידה,false,1,10.90,0.0000,true,1,16445
7290002013006,false,פסטרמה מקסיקנית,כצט,IL,פסטרמה מקסיקנית,קילוגרמים,1.00,"ק""ג",true,,89.00,89.0000,true,1,64171
7290002013037,false,פסטרמה פרגיות,כצט,IL,פסטרמה פרגיות על לבנים,קילוגרמים,1.00,"ק""ג",true,,89.00,89.0000,true,1,64172
7290002019787,false,רסק עגבניות 22% פרי,פריניר ( הדס 1987) ב,IL,רוטב עגבניות מרוכז,גרמים,260.00,100 גרם,false,1,4.90,1.8846,true,1,1246
7290002019794,false,רסק עגבניות 22% פרי,פריניר ( הדס 1987) ב,IL,רסק עגבניות 22% פרי ניר 100 גרם,גרמים,100.00,100 גרם,false,1,1.75,1.7500,true,1,1247
7290002020189,false,מיני סופגניה עם מילו,"גידרון תעשיות בע""מ",,מיני סופגניה עם מילוי ריבה 40 גרם,גרמים,40.00,100 גרם,false,1,2.90,7.2500,true,1,49594
7290002020455,false,חלה קלועה גדרון,"גידרון תעשיות בע""מ",,חלה קלועה גדרון,לא מנהל יחידת מידה,0.00,לא מנהל יחידת מידה,false,1,14.90,0.0000,true,1,73828
7290002020493,false,שבלול פילו תרד,"גידרון תעשיות בע""מ",,שבלול פילו תרד,קילוגרמים,1.00,"ק""ג",true,,49.90,49.9000,true,1,61897
7290002020981,false,סופגניה מיני ללא ריב,"גידרון תעשיות בע""מ",,מיני סופגניה ללא ריבה כ 40 גר,גרמים,40.00,100 גרם,false,1,2.90,7.2500,true,1,62146
7290002022152,false,מרשמלו כרמית 100 גרם,"כרמית מזון בע""מ",IL,מרשמלו ורוד לבן וסטהיים 100ג36X שקיות בקרטון,גרמים,100.00,100 גרם,false,1,4.90,4.9000,true,1,124828
7290002022923,false,סוכריות לקקנים תות,דורקן סקרלמה סאן. וי,TR,סוכריות על מקל בטעם תות,גרמים,450.00,100 גרם,false,1,17.90,3.9778,true,1,17935
7290002026365,false,טבעות בצל אריסטו קרא,היידי שוקולד בירונטי,BE,טבעות בצל אריסטו קראנץ 500 גרם,גרמים,500.00,100 גרם,false,1,10.90,2.1800,true,1,106246
7290002026402,false,בלינצס גבינה 350 גרם,המאפיה של הרמן,IL,בלינצס גבינה חם-בראנצ,גרמים,350.00,100 גרם,false,1,13.90,3.9714,true,1,92054
7290002026440,false,פרצלס בראנץ 280 גרם,המאפיה של הרמן,IL,פרצלס בראנץ 280 גרם,גרמים,280.00,100 גרם,false,1,13.90,4.9643,true,1,90631
7290002026778,false,גלידה שמנת עם וניל ק,המאפיה של הרמן,IL,פיינט-CONE SWEET CONE,מיליליטרים,500.00,"100 מ""ל",false,1,23.90,4.7800,true,1,111936
7290002035138,false,מקרל מעושן בוואקום,אלדג,IL,"מקרל מעושן בוואקום- אל דג לק""ג",קילוגרמים,1.00,"ק""ג",true,,105.00,105.0000,true,1,81126
7290002035169,false,פילה מקרושקה בוואקום,אלדג,IL,"פילה מקרושקה בוואקום אל דג לק""ג",קילוגרמים,1.00,"ק""ג",true,,160.00,160.0000,true,1,152617
7290002035312,false,טונה מעושנת אל דג לק,אלדג,IL,"טונה מעושנת אל דג לק""ג",קילוגרמים,1.00,"ק""ג",true,,220.00,220.0000,true,1,126559
7290002037309,false,לחמניות המבורגר 1/6,יוליניבר,IL,8 לחמניות המבורגר,גרמים,300.00,100 גרם,false,1,13.90,4.6333,true,1,1274
7290002037637,false,לחמניות הבית    1/4,סטאר סנקס,IL,לחמניות הבית של ודש 4 בשקית,גרמים,350.00,100 גרם,false,1,13.90,3.9714,true,1,1283
7290002057017,false,זיתים נובו ענק 540ג,קדבורי,IL,"קבוצת יבנה, זיתים ירוקים נובו ענק",גרמים,540.00,100 גרם,false,1,10.90,2.0185,true,1,107111
7290002057031,false,זיתים מבוקעים פיקנטי,קדבורי,IL,קבוצת יבנה זיתים מבוקעים 540 גרם,גרמים,540.00,100 גרם,false,1,8.90,1.6481,true,1,1331
7290002057048,false,זית סורי מבוקע - A2י,קדבורי,IL,זית סורי מבוקע - A2יבנה ח,גרמים,540.00,100 גרם,false,1,11.50,2.1296,true,1,1332
7290002057093,false,זית מנסנילו גדול,קדבורי,IL,זיתים מנזנילו ירוק יבנה,גרמים,540.00,100 גרם,false,1,9.90,1.8333,true,1,1335
7290002057123,false,זיתים ירוקים מנזנילו,קדבורי,IL,זיתים ירוקים מנזנילו ללא גלעין 540 יבנה,גרמים,540.00,100 גרם,false,1,9.50,1.7593,true,1,1336
7290002057185,false,טבעות זיתים ירוקים 5,קדבורי,IL,טבעות זיתים ירוקים 540 גרם יבנה,גרמים,540.00,100 גרם,false,1,9.90,1.8333,true,1,1339
7290002057352,false,מלפפונים במלח גדול 7,קבוצת יבנה מוצרי מזו,IL,קבוצת יבנה מלפפונים גדולים במלח 560 גרם,גרמים,540.00,100 גרם,false,1,6.80,1.2593,true,1,1343
7290002057376,false,מלפפונים במלח קטן 13,קדבורי,IL,13-17 מלפפונים במלח קטן,גרמים,540.00,100 גרם,false,1,10.90,2.0185,true,1,1345
7290002057383,false,מלפפונים במלח קטן 18,קדבורי,IL,מלפפונים במלח קטן 18-25 540 גרם,גרמים,540.00,100 גרם,false,1,12.30,2.2778,true,1,1346
7290002057437,false,2Aשיפקונית יבנה 540ג,קבוצת יבנה,IL,2Aשיפקונית יבנה 540גרם,גרמים,540.00,100 גרם,false,1,10.90,2.0185,true,1,152067
7290002057451,false,מלפפונים בחומץ גדול,אף.סי תבליני בגליל ב,IL,קבוצת יבנה מלפפונים גדולים בחומץ 7-9 גדול 560 גרם,גרמים,540.00,100 גרם,false,1,6.80,1.2593,true,1,1348
7290002057468,false,מלפפונים בחומץ יבנה1,קדבורי,IL,מלפפונים בחומץ יבנה10-12 540 גרם,גרמים,540.00,100 גרם,false,1,8.50,1.5741,true,1,15288
7290002057475,false,מלפפון קטן בחומץ 13-,קדבורי,IL,מלפפון קטן בחומץ 13-17 540גרם יבנה,גרמים,540.00,100 גרם,false,1,10.90,2.0185,true,1,15298
7290002057482,false,מלפפון בחומץA2 18-2,קדבורי,IL,מלפפון קטן בחומץ 18-25 יבנה 540גרם,גרמים,540.00,100 גרם,false,1,11.90,2.2037,true,1,15475
7290002057604,false,פלפל חריף שיפקה 540,קדבורי,IL,קבוצת יבנה פלפל חריף שיפקה 560 גרם,גרמים,540.00,100 גרם,false,1,6.30,1.1667,true,1,1349
7290002057628,false,זיתים מושחרים טבעות,קדבורי,IL,"קבוצת יבנה, זיתים מושחרים טבעות",גרמים,540.00,100 גרם,false,1,9.90,1.8333,true,1,1350
7290002107071,false,גבינת פטה עיזים 16%,מחלבת משק צוריאל,,בולגרית עיזים מעודנת צוריאל  16%   200גר,גרמים,200.00,100 גרם,false,1,26.90,13.4500,true,1,24561
7290002107385,false,גבינת עיזים גליל,משק צוריאל,IL,משק צוריאל מה-עז מחלב עיזים 20% שומן 180 גרם,גרמים,180.00,100 גרם,false,1,24.90,13.8333,true,1,48391
7290002107491,false,גבינת עיזים 5% למריח,משק צוריאל,IL,משק צוריאל גבינת עיזים 5% למריחה 250 גרם,גרמים,250.00,100 גרם,false,1,16.50,6.6000,true,1,1456
7290002107965,false,גבינה טבורוג     5%,משק צוריאל,IL,משק צוריאל טבורוג 5% שומן גבינה מחלב בקר 500 גרם,גרמים,500.00,100 גרם,false,1,27.50,5.5000,true,1,1465
7290002128083,false,נרות חנוכה בקופסא 44,,,נרות חנוכה בקופסא 44 יחידות,יחידה,1.00,יחידה,false,1,5.90,5.9000,true,1,119968
7290002128205,false,נרות חנוכה לוקס,,,נרות חנוכה לוקס,יחידה,1.00,יחידה,false,1,11.90,11.9000,true,1,21029
7290002128335,false,כוסות שתייה חמה50 יח,טיי פרידה,CN,כוסות שתייה חמה50 יח OZ8,יחידה,1.00,יחידה,false,1,13.90,13.9000,true,1,145997
7290002128434,false,נרות שבת אורה מספר 1,מנורה,IL,נרות שבת אורה מספר 10,יחידה,1.00,יחידה,false,1,3.90,3.9000,true,1,68236
7290002128854,false,כוסות לשתיה חמה (12,טיי פרידה,IL,"כוסות לשתיה חמה (12 יח) 340 מ""ל",יחידה,1.00,יחידה,false,1,21.90,21.9000,true,1,146806
7290002130567,false,דבש דבורים טהור יד מ,תות תעשיות מזון (201,IL,דבש דבורים טהור יד מרדכי 350 גרם,גרמים,350.00,100 גרם,false,1,19.90,5.6857,true,1,1514
7290002130574,false,דבש דבורים טהור 500,תות תעשיות מזון (201,IL,דבש דבורים טהור 500 גרם,גרמים,500.00,100 גרם,false,1,26.60,5.3200,true,1,1515
7290002132011,false,עוגיות מזרחיות עבאדי,קריניציה ויטמינה אס,IL,"עבאדי עוגיות מזרחיות שומשום, 400 גרם",גרמים,400.00,100 גרם,false,1,19.90,4.9750,true,1,1518
7290002157953,false,נתחי טונה בהירה בשמן,דיאמנט פוד פרודקט,TH,ויליגר נתחי טונה בהירה בשמן קנולה 560 גרם,לא מנהל יחידת מידה,0.00,לא מנהל יחידת מידה,false,1,21.90,0.0000,true,1,127109
7290002190141,false,ריבת חלב,קרלו,IL,ריבת חלב 450  גרם,גרמים,450.00,100 גרם,false,1,14.90,3.3111,true,1,16323
7290002198031,false,"פסטרמה פרגיות לק""ג",זוגלובק,IL,"פסטרמה פרגיות לק""ג",קילוגרמים,1.00,"ק""ג",true,,89.00,89.0000,true,1,148198
7290002198048,false,פסטרמה הודו בתיבול ש,זוגלובק,IL,"פסטרמה הודו בתיבול שווארמה לק""ג",קילוגרמים,1.00,"ק""ג",true,,89.00,89.0000,true,1,148199
7290002198079,false,סלמי כמהין זוגלובק ל,זוגלובק,IL,"סלמי כמהין זוגלובק לק""ג",קילוגרמים,1.00,"ק""ג",true,,149.00,149.0000,true,1,154789
7290002198116,false,פסטרמה ברזילאית זוגל,זוגלובק,IL,"פסטרמה ברזילאית זוגלובק לק""ג",קילוגרמים,1.00,"ק""ג",true,,109.00,109.0000,true,1,154790
7290002208013,false,קשקבל כבשים,משק לין,IL,קשקבל כבשים,קילוגרמים,1.00,"ק""ג",true,,149.00,149.0000,true,1,94275
7290002208181,false,גבינת תום כבשים*שקיל,נטו,IL,גבינת תום כבשים*שקיל,קילוגרמים,1.00,"ק""ג",true,,149.00,149.0000,true,1,91529
7290002232995,false,ציפוי פז דגש 500 גרם,תירפז בעמ,IL,בריאות וטבע ציפוי פז מתובל 500 גרם,גרמים,500.00,100 גרם,false,1,27.90,5.5800,true,1,75752
7290002253006,false,שום כתוש דורות בצנצנ,,IL,דורות שום כתוש טרי2 12*200גרם,גרמים,200.00,100 גרם,false,1,19.90,9.9500,true,1,1693
7290002253105,false,שום כתוש מגשית 80 גר,דורות,IL,שום כתוש מגשית 80 גרם,גרמים,80.00,100 גרם,false,1,12.90,16.1250,true,1,1694
7290002253150,false,בזיליקום קצוץ במגשית,,IL,בזיליקום קצוץ במגשית דורות 70 גרם,גרמים,70.00,100 גרם,false,1,9.90,14.1429,true,1,1695
7290002253167,false,פטרוזיליה טריה קצוץ,,IL,דורות פטרוזיליה קצוצה 32*70גרם,גרמים,70.00,100 גרם,false,1,9.90,14.1429,true,1,1696
7290002253174,false,שמיר קצוץ,דורות,IL,דורות שמיר קצוץ 32*70גרם,גרמים,70.00,100 גרם,false,1,11.10,15.8571,true,1,16538
7290002253181,false,כוסברה טריה קצוצה 70,,IL,דורות כוסברה קצוצה 32*70גרם,גרמים,70.00,100 גרם,false,1,11.10,15.8571,true,1,1697
7290002253198,false,"גינג""ר כתוש קפוא מגש",,IL,דורות ג'ינג'ר טרי כתוש2 16*70גרם,גרמים,70.00,100 גרם,false,1,12.40,17.7143,true,1,20732
7290002253259,false,רוטב עגבניות בזיליקו,דורות,IL,רוטב עגבניות בזיליקום קפוא דורות 160 גרם,גרמים,160.00,100 גרם,false,1,14.90,9.3125,true,1,107291
7290002253310,false,דורות שום צילי חריף,,IL,דורות שום צילי חריף קוביות תערובת 32*80ג,גרמים,80.00,100 גרם,false,1,13.90,17.3750,true,1,123327
7290002253495,false,דורות תבלינים לטחינה,,IL,דורות תבל.לטחינה ביתית תערב.קוביות32*70ג,גרמים,70.00,100 גרם,false,1,10.90,15.5714,true,1,123328
7290002281498,false,ריץ מגורדת 500 ג בסי,האי נאם סי או אל.טי.,PL,"ריץ', צהובה מגורדת, לפיצה, אפייה ובישול ועוד",גרמים,500.00,100 גרם,false,1,24.90,4.9800,true,1,124316
7290002287681,false,לחם מחמצת כוסמין,מאפה הבלקן,IL,לחם מחמצת כוסמין,גרמים,600.00,100 גרם,false,1,19.90,3.3167,true,1,122455
7290002319016,false,אבקת אפיה מיה  עשירי,מיה,IL,אבקת אפיה מיה  עשיריות 100גרם,גרמים,100.00,100 גרם,false,1,2.90,2.9000,true,1,156165
7290002319023,false,סוכר וניל מיה עשיריו,מיה,IL,סוכר וניל מיה עשיריות 100גרם,גרמים,100.00,100 גרם,false,1,2.90,2.9000,true,1,156166
7290002319054,false,פרג טחון מיה 100 גרם,מיה,IL,פרג טחון מיה 100 גרם,גרמים,100.00,100 גרם,false,1,6.90,6.9000,true,1,156155
7290002319078,false,שומשום  מיה 100 גרם,מיה,IL,שומשום  מיה 100 גרם,גרמים,100.00,100 גרם,false,1,3.90,3.9000,true,1,156179
7290002319122,false,גריסים  מיה 500 גרם,מיה,IL,גריסים  מיה 500 גרם,גרמים,500.00,100 גרם,false,1,5.90,1.1800,true,1,156167
7290002319139,false,שעועית לבנה מיה  500,מיה,IL,שעועית לבנה מיה  500 גרם,גרמים,500.00,100 גרם,false,1,9.90,1.9800,true,1,156174
7290002319160,false,אפונה   מיה 500 גרם,מיה,IL,אפונה   מיה 500 גרם,גרמים,500.00,100 גרם,false,1,4.90,0.9800,true,1,156184
7290002319177,false,פופקורן  מיה  500 גר,מיה,IL,פופקורן  מיה  500 גרם,גרמים,500.00,100 גרם,false,1,4.90,0.9800,true,1,156185
7290002319184,false,עדשים אדומות מיה  50,מיה,IL,עדשים אדומות מיה  500 גרם,גרמים,500.00,100 גרם,false,1,6.90,1.3800,true,1,156159
7290002319191,false,עדשים ירוקות מיה  50,מיה,IL,עדשים ירוקות מיה  500 גרם,גרמים,500.00,100 גרם,false,1,6.90,1.3800,true,1,156186
7290002319207,false,כוסמת מיה  500 גרם,מיה,IL,כוסמת מיה  500 גרם,גרמים,500.00,100 גרם,false,1,7.90,1.5800,true,1,156187
7290002319221,false,חיטה  מיה 500 גרם,מיה,IL,חיטה  מיה 500 גרם,גרמים,500.00,100 גרם,false,1,4.90,0.9800,true,1,156193
7290002319375,false,קורנפלור מיה  200 גר,מיה,IL,קורנפלור מיה  200 גרם,גרמים,200.00,100 גרם,false,1,3.90,1.9500,true,1,156156
7290002319610,false,שקדים טחונים מיה 100,מיה,IL,שקדים טחונים מיה 100 גרם,גרמים,100.00,100 גרם,false,1,11.90,11.9000,true,1,156211
7290002319771,false,תמצית אפיה וניל מיה,מיה,IL,תמצית אפיה וניל מיה 50 מל,מיליליטרים,50.00,"100 מ""ל",false,1,3.90,7.8000,true,1,156157
7290002319788,false,תמצית אפיה רום מיה 5,מיה,IL,תמצית אפיה רום מיה 50מל,מיליליטרים,50.00,"100 מ""ל",false,1,3.90,7.8000,true,1,156158
7290002319795,false,תמצית אפיה שקדים מיה,מיה,IL,תמצית אפיה שקדים מיה  60גרם,גרמים,60.00,100 גרם,false,1,4.90,8.1667,true,1,156213
7290002319825,false,אבקת סוכר  מיה 100 ג,מיה,IL,אבקת סוכר  מיה 100 גרם,גרמים,100.00,100 גרם,false,1,2.50,2.5000,true,1,156214
7290002327066,false,קונכיות            .,TLV צ'יף,IL,שלושת האופים קונכיות בצק למילוי 625 גרם,גרמים,625.00,100 גרם,false,1,23.90,3.8240,true,1,1836
7290002331018,false,מים נביעות פקק רגיל,תות תעשיות מזון (201,IL,נביעות 500 פ.שטוח פיקדון,מיליליטרים,500.00,"100 מ""ל",false,1,3.90,0.7800,true,1,14375
7290002331025,false,מים נביעות ספורט בקב,נביעות טבע הגליל בעמ,IL,נביעות 500 TO GO פקדון,מיליליטרים,500.00,"100 מ""ל",false,1,3.90,0.7800,true,1,1841
7290002331094,false,מים נביעות TO-GO בקב,נביעות טבע הגליל בעמ,IL,"מים נביעות TO-GO בקבוק 755 מ""ל",מיליליטרים,755.00,"100 מ""ל",false,1,4.90,0.6490,true,1,1842
7290002331124,false,מי נביעות +בטעם תפוח,תות תעשיות מזון (201,IL,נביעות+ בטעם תפוח 500 מל,מיליליטרים,500.00,"100 מ""ל",false,1,8.90,1.7800,true,1,33899
7290002331360,false,מים נביעות TO GO  שי,נביעות,,"מים נביעות TO GO  שישייה בקבוק 500 מ""ל",ליטרים,3.00,ליטר,false,1,15.90,5.3000,true,1,1847
7290002331490,false,מים נביעות בקבוק 1 ל,תות תעשיות מזון (201,IL,נביעות 1 ליטר,ליטרים,1.00,ליטר,false,1,4.90,4.9000,true,1,97762
7290002331711,false,מי נביעות +בטעם ענבי,תות תעשיות מזון (201,IL,"נביעות + בטעם ענבים 500 מ""ל",מיליליטרים,500.00,"100 מ""ל",false,1,8.90,1.7800,true,1,43071
7290002333500,false,עדשים אדומות אורגני,אול אורגני,IL,עדשים אדומות,גרמים,500.00,100 גרם,false,1,13.90,2.7800,true,1,22319
7290002333838,false,כוסמת אורגני הרדוף 5,אול אורגני,IL,כוסמת אורגני,גרמים,500.00,100 גרם,false,1,11.90,2.3800,true,1,22323
7290002333951,false,עדשים ירוקים אורגני,אול אורגני,IL,עדשים ירוקות,גרמים,500.00,100 גרם,false,1,13.90,2.7800,true,1,22325
7290002333999,false,גרעיני חמניות אורגני,אול אורגני,IL,גרעיני חמניה קלופים,גרמים,300.00,100 גרם,false,1,13.90,4.6333,true,1,22328
7290002345060,false,מאסדם חצי גלגל,,NL,מאסדם חצי גלגל,קילוגרמים,1.00,"ק""ג",true,,99.00,99.0000,true,1,121015
7290002345282,false,נתחי פילה סלמון נורו,דלידג,,נתחי פילה סלמון נורווגי קפוא 100% דג,קילוגרמים,1.00,"ק""ג",true,,89.90,89.9000,true,1,118009
7290002348061,false,פטריות חתוכות הודו ו,גריניארד פריפרד,NL,פטריות חתוכות ויליגר400גר,גרמים,400.00,100 גרם,false,1,5.90,1.4750,true,1,1879
7290002353249,false,ממרח דיזונז 345 גרם,מיוצר עי קונדיטוריית,FR,ממרח דיזונז 345 גרם,גרמים,345.00,100 גרם,false,1,21.90,6.3478,true,1,152689
7290002353836,false,סרדין רוברט בשמן זית,כצט,PT,סרדינים בשמן זית רוברט 115 גרם,גרמים,115.00,100 גרם,false,1,8.90,7.7391,true,1,1885
7290002371533,false,סלסולי פסטרמה דבש 12,הנסיך- מפעל לייצור ט,IL,סלסולי פסטרמה דבש 120 גרם,גרמים,120.00,100 גרם,false,1,15.90,13.2500,true,1,95370
7290002371540,false,קורנדביף 120 גרם,הנסיך- מפעל לייצור ט,IL,טירת צבי דקניקים קורנדביף 120 גרם,גרמים,120.00,100 גרם,false,1,15.90,13.2500,true,1,95293
7290002371571,false,פסטרמה פרגיות לבאגט,טירת צבי,,"פסטרמה פרגיות לבאגט לק""ג",קילוגרמים,1.00,"ק""ג",true,,79.00,79.0000,true,1,62361
7290002371939,false,סרוולד צרפתי 120 גרם,הנסיך- מפעל לייצור ט,IL,סרוולד צרפתי 120 גרם,גרמים,120.00,100 גרם,false,1,26.90,22.4167,true,1,47964
7290002385196,false,רוקפור דייניש בלו,קסטלו,,רוקפור דייניש בלו גד,קילוגרמים,1.00,"ק""ג",true,,149.00,149.0000,true,1,111310
7290002385455,false,בולגרית מעודנת 24%,,,"בולגרית מעודנת 24% לק""ג",קילוגרמים,1.00,"ק""ג",true,,67.00,67.0000,true,1,101500
7290002385639,false,גבינת מנצגו כבשים גל,מחלבת גד,IL,גבינת מנצגו כבשים גלגל,קילוגרמים,1.00,"ק""ג",true,,140.00,140.0000,true,1,101501
7290002385738,false,משולשי מנצגו,יושלם,,"גבינה משולשי מנצגו לק""ג גד",קילוגרמים,1.00,"ק""ג",true,,165.00,165.0000,true,1,90584
7290002385745,false,משולשי פיקורינו,יושלם,,"גבינה משולשי פיקורינו לק""ג גד",קילוגרמים,1.00,"ק""ג",true,,165.00,165.0000,true,1,84098
7290002395423,false,גבינה צהובה 22% נועם,,,גבינה צהובה 22% נועם-טרה,קילוגרמים,1.00,"ק""ג",true,,42.58,42.5800,true,1,92126
7290002439998,false,קלאסיקו קבב בקר וכבש,טיבון ויל - נטו,IL,קלאסיקו קבב בקר וכבש אל גאוצו 400גרם,גרמים,400.00,100 גרם,false,1,23.90,5.9750,true,1,130815
7290002453383,false,מרגז טלה קצביית פרימ,קצביית פרימיום,IL,מרגז טלה קצביית פרימיום,קילוגרמים,1.00,"ק""ג",true,,69.90,69.9000,false,1,147756
7290002453529,false,אנטריקוטבוגר קצביית,קצביית פרימיום,IL,אנטריקוטבוגר קצביית פרימיום,קילוגרמים,1.00,"ק""ג",true,,69.90,69.9000,true,1,147757
7290002453680,false,נקניקיות אסדו ארגנטנ,קצביית פרימיום,IL,נקניקיות אסדו ארגנטנאי קצביית פרימיום,קילוגרמים,1.00,"ק""ג",true,,69.90,69.9000,false,1,147755
7290002453697,false,קבב אנטריקוט קצבים,קצביית פרימיום,IL,קבב אנטריקוט קצבים,קילוגרמים,1.00,"ק""ג",true,,69.90,69.9000,true,1,147754
7290002453802,false,קבב אסלי,קצביית פרימיום,IL,קבב אסלי,קילוגרמים,1.00,"ק""ג",true,,59.90,59.9000,false,1,148316
7290002472087,false,עוגת קצפת,"גידרון תעשיות בע""מ",,עוגת קצפת,גרמים,600.00,100 גרם,false,1,39.90,6.6500,true,1,14578
7290002472094,false,עוגת קרם שניט,"גידרון תעשיות בע""מ",,עוגת קרם שניט,גרמים,600.00,100 גרם,false,1,39.90,6.6500,true,1,14874
7290002472117,false,עוגת קצפת קפוצינו,"גידרון תעשיות בע""מ",,עוגת קצפת קפוצינו,גרמים,600.00,100 גרם,false,1,39.90,6.6500,true,1,14327
7290002472148,false,עוגת בלק פורסט,"גידרון תעשיות בע""מ",,עוגת בלק פורסט,גרמים,600.00,100 גרם,false,1,39.90,6.6500,true,1,14876
7290002472186,false,מאפין שוקו ציפס 550ג,"גידרון תעשיות בע""מ",,מאפין שוקו ציפס 550גר-גדרון,גרמים,560.00,100 גרם,false,1,24.90,4.4464,true,1,13150
7290002472193,false,מאפין שוקו 550גר-גדר,"גידרון תעשיות בע""מ",,מאפין שוקו 550גר-גדרון,גרמים,560.00,100 גרם,false,1,14.90,2.6607,true,1,13151
7290002472209,false,מאפין שוקו וניל 550ג,"גידרון תעשיות בע""מ",,מאפין שוקו וניל 550גר-גדרון,גרמים,560.00,100 גרם,false,1,14.90,2.6607,true,1,13149
7290002472223,false,עוגת מאפין תפוז,"גידרון תעשיות בע""מ",,עוגת מאפין תפוז,גרמים,560.00,100 גרם,false,1,14.90,2.6607,true,1,14879
7290002472254,false,מאפין אגוזים 550גר-ג,"גידרון תעשיות בע""מ",,מאפין אגוזים 550גר-גדרון,גרמים,560.00,100 גרם,false,1,14.90,2.6607,true,1,13155
7290002472261,false,"מאפין תפו""ע 550גר-גד","גידרון תעשיות בע""מ",,מאפין תפוע 550גר-גדרון,גרמים,560.00,100 גרם,false,1,14.90,2.6607,true,1,13153
7290002472629,false,עוגת שמרים ושוקולד,"גידרון תעשיות בע""מ",,עוגת שמרים ושוקולד,גרמים,540.00,100 גרם,false,1,14.90,2.7593,true,1,14582
7290002472841,false,עוגת סבתא שוקולד-גדר,"גידרון תעשיות בע""מ",,עוגת סבתא שוקולד-גדרון,גרמים,820.00,100 גרם,false,1,19.90,2.4268,true,1,13146
7290002507277,false,קציצות דג  700 גרם,אף.סי תבליני בגליל ב,IL,קציצות דג  700 גרם,גרמים,700.00,100 גרם,false,1,27.90,3.9857,true,1,117988
7290002507284,false,שניצל דג מצופה 700 ג,האי נאם סי או אל.טי.,IL,"דלידג - שניצל דג מצופה, מפילה מרלוזה וקרפיון",גרמים,700.00,100 גרם,false,1,27.90,3.9857,true,1,117989
7290002517108,false,אורגנו 10 גרם,תות ממתקי איכות,IL,תבליני טעם וריח מיכל קטן אורגנו 10 גרם,גרמים,10.00,100 גרם,false,1,6.90,69.0000,true,1,41834
7290002517269,false,פלפל שחור שלם 35 גרם,תות ממתקי איכות,IL,תבליני טעם וריח פלפל שחור שלם 35 גרם,גרמים,35.00,100 גרם,false,1,9.90,28.2857,true,1,42112
7290002517276,false,פלפל אנגלי שלם 25 גר,תות ממתקי איכות,IL,תבליני טעם וריח מיכל קטן פלפל אנגלי שלם 25 גרם,גרמים,25.00,100 גרם,false,1,6.90,27.6000,true,1,41758
7290002517290,false,קינמון טחון 40 גרם,תות ממתקי איכות,IL,"תבליני טעם וריח, 100% קינמון טחון, 40 גרם",גרמים,40.00,100 גרם,false,1,6.90,17.2500,true,1,41759
7290002517337,false,תבלין אורגנו בשקית 2,תות ממתקי איכות,IL,תבליני טעם וריח 100% אורגנו 20 גרם,גרמים,20.00,100 גרם,false,1,5.90,29.5000,true,1,40205
7290002517375,false,תיבול בזילקום שקית,תות ממתקי איכות,IL,"תבליני טעם וריח, 100% בזיליקום (ריחן), 30 גרם",גרמים,30.00,100 גרם,false,1,5.90,19.6667,true,1,42114
7290002517566,false,תערובת תיבול לדג,תות ממתקי איכות,IL,תבליני טעם וריח דג תערובת תיבול 80 גרם,גרמים,80.00,100 גרם,false,1,9.90,12.3750,true,1,42124
7290002517580,false,תערובת תיבול לעוף,תות ממתקי איכות,IL,"תבליני טעם וריח, תערובת תיבול לעוף, 80 גרם",גרמים,80.00,100 גרם,false,1,9.90,12.3750,true,1,42126
7290002517603,false,בזיליקום ריחן 10 גרם,תות ממתקי איכות,IL,"תבליני טעם וריח בזיליקום (ריחן), 10 גרם",גרמים,10.00,100 גרם,false,1,6.90,69.0000,true,1,40773
7290002517634,false,כוסברה 30 גר,תות ממתקי איכות,IL,תבליני טעם וריח כוסברה 30 גרם,גרמים,30.00,100 גרם,false,1,6.90,23.0000,true,1,40776
7290002517689,false,אבקת קרי 40 גרם,תות ממתקי איכות,IL,תבליני טעם וריח אבקת קרי 40 גרם,גרמים,40.00,100 גרם,false,1,6.90,17.2500,true,1,40781
7290002517726,false,מקלות קינמון 15 גרם,תות ממתקי איכות,IL,תבליני טעם וריח מקלות קינמון 100%,גרמים,15.00,100 גרם,false,1,6.90,46.0000,true,1,40785
7290002517733,false,קצח,תות ממתקי איכות,IL,"תבליני טעם וריח, 100% קצח, 40 גרם",גרמים,40.00,100 גרם,false,1,6.90,17.2500,true,1,40786
7290002517801,false,"צ""ילי כתוש חריף 30 ג",תות ממתקי איכות,IL,"תבליני טעם וריח, 100% צ'ילי כתוש חריף, 30 גרם",גרמים,30.00,100 גרם,false,1,6.90,23.0000,true,1,40793
7290002517825,false,פלפל לבן טחון 40 גרם,תות ממתקי איכות,IL,"תבליני טעם וריח, 100% פלפל לבן טחון, 40 גרם",גרמים,40.00,100 גרם,false,1,9.90,24.7500,true,1,40795
7290002517849,false,שום גבישי 50 גרם,תות ממתקי איכות,IL,תבליני טעם וריח מיכל קטן שום גבישי 50 גרם,גרמים,50.00,100 גרם,false,1,6.90,13.8000,true,1,40797
7290002517863,false,ציפורן טחון 40 גרם,תות ממתקי איכות,IL,"תבליני טעם וריח, ציפורן טחון 100%, 40 גרם",גרמים,40.00,100 גרם,false,1,9.90,24.7500,true,1,40799
7290002542506,false,בירה קורונה בקבוק 35,קריניציה ויטמינה אס,MX,בירה קורונה אקסטרה 355 מל,מיליליטרים,355.00,"100 מ""ל",false,1,10.90,3.0704,true,1,69022
7290002542773,false,סטלה ארטואה - בק 330,סטלה,BE,סטלה ארטואה בק 330 מל,מיליליטרים,330.00,"100 מ""ל",false,1,9.90,3.0000,true,1,148207
7290002542780,false,סטלה ארטואה - שישיה,סטלה,BE,סטלה ארטואה שישיה  6 בק*330 מל,ליטרים,1.32,ליטר,false,1,39.90,30.2273,true,1,148208
7290002543046,false,דגני קלוגס פרוסטיס 7,כלורוקס אוקלנד,ES,דגני קלוגס פרוסטיס 750 גרם,גרמים,750.00,100 גרם,false,1,23.90,3.1867,true,1,2120
7290002543237,false,קורנפלקס קלוגס 750 ג,כלורוקס אוקלנד,,קלוגס קורנפלקס 750 גרם,גרמים,750.00,100 גרם,false,1,19.90,2.6533,true,1,2128
7290002551003,false,טונה בשמן סטארקיסט,סטארקיסט,,טונה בשמן סטארקיסט  160 גרם,גרמים,160.00,100 גרם,false,1,8.50,5.3125,true,1,2136
7290002551010,false,טונה במים סטארקיסט 1,"איטיליאן פוד, אס.פי.",TR,ס.ק  טונה במים 160גרם-בי,גרמים,160.00,100 גרם,false,1,8.50,5.3125,true,1,2137
7290002577492,false,פילה דג הרינג מלוח ב,דולפין ספא,IL,פילה דג הרינג מלוח בשמן דלידג 240 גרם,גרמים,240.00,100 גרם,false,1,25.90,10.7917,true,1,113821
7290002577508,false,פילה דג הרינג מלוח ב,דולפין ספא,IL,פילה דג הרינג מלוח בשמן ובצל דלידג 240גר,גרמים,240.00,100 גרם,false,1,25.90,10.7917,true,1,113820
7290002603474,false,פיצת השף פטריות בטעם,סוילה אס.אר.אל,IT,שגב פיצת השף רוטב פטריות בטעם כמהין 220 גרם,גרמים,220.00,100 גרם,false,1,14.90,6.7727,true,1,119258
7290002603498,false,פיצת השף שגב אנטיפסט,האי נאם סי או אל.טי.,IT,שגב פיצת השף אנטיפסטי 220 גרם,גרמים,220.00,100 גרם,false,1,14.90,6.7727,true,1,119257
7290002627210,false,גפילטע פיש  דלידג  ב,האי נאם סי או אל.טי.,IL,גפילטע פיש  דלידג  בצנצנת 560 גרם,גרמים,560.00,100 גרם,false,1,14.90,2.6607,true,1,141644
7290002657866,false,פילה אמנון דלידג,גואנדונג יוג'יה סיפו,,פילה אמנון דלידג,קילוגרמים,1.00,"ק""ג",true,,34.90,34.9000,true,1,94289
7290002692478,false,שמן זית כתית מעולה מ,"מרקאולאו, ספרד.אבסה,",IT,"שמן זית כתית מעולה מעודן עץ הזית 750 מ""ל",מיליליטרים,750.00,"100 מ""ל",false,1,36.90,4.9200,true,1,32835
7290002692768,false,תרסיס שמן קנולה 200,קומפניה,IT,"תרסיס שמן קנולה 200 מ""ל עץ הזית",מיליליטרים,200.00,"100 מ""ל",false,1,15.90,7.9500,true,1,67966
7290002692782,false,תרסיס שמן זית 148 מל,קומפניה,IT,תרסיס שמן זית כ.מעולה,מיליליטרים,148.00,"100 מ""ל",false,1,15.90,10.7432,true,1,67967
7290002715504,false,תבשיל מגיק בכוס עוף,טאט הוי פוד בעמ,SG,ארוחת ירקות - בטעם עוף,גרמים,70.00,100 גרם,false,1,5.00,7.1429,true,1,2244
7290002715511,false,תבשיל מגיק בכוס בקר,טאט הוי פוד בעמ,SG,ארוחת ירקות - בטעם בשר,גרמים,70.00,100 גרם,false,1,5.00,7.1429,true,1,2245
7290002715528,false,תבשיל מגיק ירקות כוס,טאט הוי פוד בעמ,SG,ארוחת ירקות - בטעם ירקות,גרמים,70.00,100 גרם,false,1,5.00,7.1429,true,1,2246
7290002715580,false,תבשיל מגיק בכוס ירקו,טאט הוי פוד בעמ,SG,מג'יק ארוחת נודלס טעם סיני 70 גרם,גרמים,70.00,100 גרם,false,1,5.00,7.1429,true,1,2248
7290002730262,false,סבון כלים פלמוליב קל,יבואן ומשווק: ש. שסט,GR,פלמוליב נוזל לניקוי כלים קלאסי 750 מל,מיליליטרים,750.00,"100 מ""ל",false,1,11.90,1.5867,true,1,2281
7290002730675,false,משחת שיניים קולגייט,קולגייט פלמוליב,PL,"משחת שיניים קולגייט אדומה 100 מ""ל",מיליליטרים,100.00,"100 מ""ל",false,1,9.90,9.9000,true,1,2286
7290002730811,false,משחת שניים קולגיט גל,קולגייט פלמוליב,PL,משחת שניים קולגיט גל משפחתי,מיליליטרים,100.00,"100 מ""ל",false,1,11.90,11.9000,true,1,2288
7290002735014,false,מלווח ינון  800 גר,ג'נרל מילס סאן אדריא,IL,מלווח ינון  800 גר,גרמים,800.00,100 גרם,false,1,14.90,1.8625,true,1,61583
7290002735021,false,גחנון 750 גר ינון,ג'נרל מילס סאן אדריא,IL,גחנון 700 גר ינון,גרמים,700.00,100 גרם,false,1,14.90,2.1286,true,1,61530
7290002735274,false,גחנון אפוי ינון 600ג,ג'נרל מילס סאן אדריא,IL,גחנון אפוי ינון 600גרם,גרמים,750.00,100 גרם,false,1,16.90,2.2533,true,1,61121
7290002752332,false,סוכריות מנטוס פירות,הדקלאים אגודת שיתופי,NL,מנטוס סוכריות לעיסה בטעם פירות 37.5 גרם,גרמים,38.00,100 גרם,false,1,3.90,10.2632,true,1,2296
7290002752349,false,סוכריות מנטוס מנטה ג,קדבורי,NL,גליל מנטוס סוכריות לעיסה בטעם מנטה,גרמים,38.00,100 גרם,false,1,3.90,10.2632,true,1,12176
7290002752493,false,סוכריות טיק טק מנטה,פררו,ZA,סוכריות טיק טק 64 1/4 גר.מנטה,גרמים,64.00,100 גרם,false,1,12.90,20.1563,true,1,2297
7290002753223,false,סוכריות טיק טק תפוז,פררו,ZA,טיק טק סוכריות דחוסות בטעם תפוז 64 גרם,גרמים,64.00,100 גרם,false,1,12.90,20.1563,true,1,2298
7290002768074,false,דרמפון סבון נוזלי1 ל,קוסמופארם בע''מ,IL,דרמפון סבון ללא סבון 1 ליטר,ליטרים,1.00,ליטר,false,1,19.70,19.7000,true,1,2304
7290002768159,false,קצף אמבט בתאורן,פארק תעשיות עמק חפרמ,IL,בת אורן סבון אמבט נוזלי בניחוח אורנים 500מל,מיליליטרים,500.00,"100 מ""ל",false,1,20.70,4.1400,true,1,2305
7290002771104,false,קפה נחלה הל 500 גרם,מולינו ניקולי s.p.a,IL,אל נחל'ה קפה קלוי וטחון עם הל 500 גרם,גרמים,500.00,100 גרם,false,1,34.90,6.9800,true,1,15309
7290002771111,false,קפה נחלה הל 250 גרם,מולינו ניקולי s.p.a,IL,אל נחל'ה קפה קלוי וטחון עם הל 250 גרם,גרמים,250.00,100 גרם,false,1,17.90,7.1600,true,1,2306
7290002771128,false,קפה תורכי נחלה 250 ג,מולינו ניקולי s.p.a,IL,קפה תורכי נחלה 250 גרם,גרמים,250.00,100 גרם,false,1,17.90,7.1600,true,1,15310
7290002793311,false,שרות החלפה גז    60,סודה סטרים,,שרות החלפה מילוי גז                  60,יחידה,0.00,יחידה,false,1,59.00,0.0000,true,1,69546
7290002805151,false,שמפו רצפות,יוניליוור ישראל טיפו,IL,cif  פנטסטיק שמפו רצפות בניחוח סחלבים,ליטרים,4.00,ליטר,false,1,21.90,5.4750,true,1,2341
7290002814016,false,מסיר שומנים 750 מל,קומפלקס כימיקלים,IL,מסיר שומנים 750 מל,מיליליטרים,750.00,"100 מ""ל",false,1,16.90,2.2533,true,1,2348
7290002814054,false,אנטרטיק ספריי מסיר א,קומפלקס כימיקלים,IL,אנטרטיק ספריי מסיר אבנית סנט מוריץ 1 ליט,ליטרים,1.00,ליטר,false,1,12.90,12.9000,true,1,155388
7290002814122,false,fashion no9 ספריי או,סורה קוסמטיקס,TR,fashion no9 ספריי אוויר 250 מל,מיליליטרים,250.00,"100 מ""ל",false,1,13.90,5.5600,true,1,155389
7290002814290,false,בלאנקו קצף אקונומיקה,קומפלקס כימיקלים,IL,בלאנקו קצף אקונומיקה מרוכז 7% חומר פעיל,ליטרים,1.00,ליטר,false,1,12.90,12.9000,true,1,155393
7290002814351,false,fashion sweetie מילו,סורה קוסמטיקס,TR,fashion sweetie מילוי מכשיר אוויר 250 מל,מיליליטרים,250.00,"100 מ""ל",false,1,13.90,5.5600,true,1,155394
7290002814481,false,עלמה שקיות מזון 150,קומפלקס כימיקלים,IL,עלמה שקיות מזון 150 3,יחידה,1.00,יחידה,false,1,11.90,11.9000,true,1,155395
7290002814498,false,וזל לניקוי כללי בתוס,ארבה כימיקלים,TR,וזל לניקוי כללי בתוספת מתז חומץ 750 מל,מיליליטרים,750.00,"100 מ""ל",false,1,11.90,1.5867,true,1,155396
7290002814504,false,סנט מוריץ מגבונים לר,קומפלקס כימיקלים,IL,סנט מוריץ מגבונים לרצפה 10 יחידות  מלון,יחידה,1.00,יחידה,false,1,10.90,10.9000,true,1,155588
7290002814528,false,נוזל לניקוי אסלות 1,קומפלקס כימיקלים,IL,נוזל לניקוי אסלות 1 ליטר,ליטרים,1.00,ליטר,false,1,6.90,6.9000,true,1,2350
7290002814542,false,עלמה שקיות אשפה 25 י,אסיר פלסט,TR,עלמה שקיות אשפה 25 יחידות 75 90,יחידה,25.00,יחידה,false,1,10.90,0.4360,true,1,155397
7290002814580,false,טורנדו גרגירים לפתיח,קומפלקס כימיקלים,IL,טורנדו גרגירים לפתיחת סתימות גרם 200 מל,מיליליטרים,200.00,"100 מ""ל",false,1,14.90,7.4500,true,1,155398
7290002814665,false,מתז מסיר עובש 1 ליטר,קומפלקס כימיקלים,IL,מתז מסיר עובש 1 ליטר,ליטרים,1.00,ליטר,false,1,12.90,12.9000,true,1,155402
7290002814719,false,נוזל רצפות מאסק סנט,קומפלקס כימיקלים,IL,נוזל רצפות מאסק סנט מוריץ לאסלות 4 ליטר,ליטרים,4.00,ליטר,false,1,15.90,3.9750,true,1,155404
7290002814726,false,מסיר אבנית סנט מוריץ,קומפלקס כימיקלים,IL,מסיר אבנית סנט מוריץ 1 ליטר,ליטרים,1.00,ליטר,false,1,10.90,10.9000,true,1,155405
7290002814832,false,כדורי סבון לאסלה לבנ,גורקה,TR,כדורי סבון לאסלה לבנדר 3 יחידות,יחידה,3.00,יחידה,false,1,11.90,3.9667,true,1,155407
7290002814887,false,סנט מוריץ מגבונים לח,,IL,סנט מוריץ מגבונים לחים לרצפה 10 יחידות,יחידה,10.00,יחידה,false,1,10.90,1.0900,true,1,155408
7290002814900,false,סבון אסלה כדוריות לי,גורקה,TR,סבון אסלה כדוריות לימון שלישיה,יחידה,3.00,יחידה,false,1,11.90,3.9667,true,1,155410
7290002814917,false,תכשיר מרוכז לניקוי ר,קומפלקס כימיקלים,IL,תכשיר מרוכז לניקוי רצפות לבנדר 4 ליטר,ליטרים,4.00,ליטר,false,1,15.90,3.9750,true,1,100186
7290002814948,false,סנט מוריץ מגבוני דלי,קומפלקס כימיקלים,IL,סנט מוריץ מגבוני דלי לרצפה 50 יחידות,יחידה,50.00,יחידה,false,1,29.90,0.5980,true,1,155589
7290002814986,false,סנט מוריץ מגבונים לנ,קומפלקס כימיקלים,IL,סנט מוריץ מגבונים לניקוי כללי בדלי 400 י,יחידה,400.00,יחידה,false,1,21.90,0.0547,true,1,155590
7290002824183,false,גבינה סקי 5%  פיקוח,מיוצר עי קונדיטוריית,IL,סקי משפחתי 5%,גרמים,500.00,100 גרם,false,1,9.96,1.9920,true,1,2364
7290002824466,false,יוגורט דנונה 0% טבעי,"שטראוס בריאות בע""מ",IL,דנונה ביו  0% 200 גרם,גרמים,200.00,100 גרם,false,1,3.70,1.8500,true,1,2365
7290002824640,false,גבינה סקי 5% פיקוח 2,מיוצר עי קונדיטוריית,IL,סקי 5% 250 גרם,גרמים,250.00,100 גרם,false,1,4.98,1.9920,true,1,2367
7290002830184,false,דג פילה לברק נטו,יושלם,,דג פילה לברק נטו,קילוגרמים,1.00,"ק""ג",true,,54.90,54.9000,true,1,94804
7290002868996,false,קוטג מועשר 5% טרה 25,טרה,,קוטג מועשר 5% טרה 250 גרם,גרמים,250.00,100 גרם,false,1,6.20,2.4800,true,1,31550
7290002871248,false,בירה טובורג בקבוק חו,מולינו ניקולי s.p.a,IL,"טובורג מלא חוזר חדש 500 מ""ל",מיליליטרים,500.00,"100 מ""ל",false,1,9.50,1.9000,true,1,2431
7290002871361,false,בירה קרלסברג בקבוק ח,מבשלות בירה בינלאומי,IL,קלסברג בירה 500 מל,מיליליטרים,500.00,"100 מ""ל",false,1,9.50,1.9000,true,1,2432
7290002879299,false,מלפפונים גדולים בחומ,דדוש דניאל,,מלפפונים גדולים בחומץ 860 גרם,גרמים,860.00,100 גרם,false,1,19.90,2.3140,true,1,62074
7290002879305,false,מלפפונים קטנים בחומץ,דדוש דניאל,,מלפפונים קטנים בחומץ 860 גרם,גרמים,860.00,100 גרם,false,1,20.70,2.4070,true,1,58004
7290002879411,false,מלפפונים חמוץ מתוק 6,פולן,,מלפפונים חמוץ מתוק 680 גרם,גרמים,680.00,100 גרם,false,1,17.70,2.6029,true,1,58944
7290002879435,false,כרוב כבוש 900 גרם,פולן,,כרוב כבוש 900 גרם,גרמים,900.00,100 גרם,false,1,18.70,2.0778,true,1,54834
7290002879633,false,וופל בלגי 1/10 550 ג,הרטו בלגיה,BE,וופל בלגי 1/10 550 גרם,גרמים,550.00,100 גרם,false,1,24.90,4.5273,true,1,151704
7290002879886,false,מלפפונים רצועות בחומ,פולן,,מלפפונים רצועות בחומץ  680 גרם,גרמים,680.00,100 גרם,false,1,20.90,3.0735,true,1,59113
7290002881063,false,מעדן תפוז 284ג,,,מעדן תפוז 284ג,גרמים,284.00,100 גרם,false,1,12.90,4.5423,true,1,130844
7290002881261,false,ליצי שלם567 גרם,זהנגזהו אנגבה,,ליצי שלם567 גרם,גרמים,567.00,100 גרם,false,1,9.90,1.7460,true,1,75832
7290002881506,false,חמאת בוטנים,,,חמאת בוטנים,יחידה,0.51,יחידה,false,1,12.90,25.2941,true,1,67750
7290002881513,false,חמאת בוטנים חתיכות,,,חמאת בוטנים חתיכות,גרמים,500.00,100 גרם,false,1,12.90,2.5800,true,1,73218
7290002881551,false,עלי גפן ממולאים באור,אסמא קונסרב,,עלי גפן ממולאים באורז תומר 400 גרם,גרמים,400.00,100 גרם,false,1,10.90,2.7250,true,1,109600
7290002881940,false,סרדינים בשמן חמניות,,,סרדינים בשמן חמניות תומר 125 גרם,גרמים,125.00,100 גרם,false,1,4.90,3.9200,true,1,61721
7290002881957,false,סרדינים בשמן חמניות,,,סרדינים בשמן חמניות חריף תומר 125 גרם,גרמים,125.00,100 גרם,false,1,4.90,3.9200,true,1,69628
7290002881964,false,סרדינים ברוטב עגבניו,,,סרדינים ברוטב עגבניות תומר 125 גרם,גרמים,125.00,100 גרם,false,1,4.90,3.9200,true,1,110433
7290002881988,false,סרדין מרוקאי,,,סרדין מרוקאי,יחידה,1.00,יחידה,false,1,5.40,5.4000,true,1,70870
7290002900566,false,פסטרמה ברביקיו דש,הנסיך- מפעל לייצור ט,IL,פסטרמה ברביקיו דל שומן טירת צבי 360 גרם,גרמים,360.00,100 גרם,false,1,30.90,8.5833,true,1,32843
7290002904694,false,"דאו ""ספריי לגבר",אמיליה קוסמטיקס בעמ,IL,"טיטניום דאודורנט ספריי קלאסי 180 מ""ל",מיליליטרים,180.00,"100 מ""ל",false,1,18.90,10.5000,true,1,2490
7290002920311,false,קממבר צאן,יושלם,,"קממבר צאן 25% לק""ג גד",קילוגרמים,1.00,"ק""ג",true,,145.00,145.0000,true,1,2501
7290002921165,false,ספריי הזלין למוצרי ע,יוליניבר,,יעקבי הזלין קונדישינר חלב שקוף לרהיטי עור 400 מל,מיליליטרים,400.00,"100 מ""ל",false,1,39.50,9.8750,true,1,2503
7290002921240,false,שמפוזר לרפוד עם מברש,יוליניבר,MX,יעקבי קרבונה מסיר כתמים מריפוד ושטיחים 650 מל,מיליליטרים,650.00,"100 מ""ל",false,1,27.90,4.2923,true,1,2504
7290002921332,false,סבון הפלא אסטוניש,פרח,,יעקבי אסטוניש סבון הפלא מסיר כתמים 75 גרם,גרמים,75.00,100 גרם,false,1,18.90,25.2000,true,1,2505
7290002921349,false,דבק סופר גלו לוקטיט,הנקל,,דבק סופר גלו לוקטיט,גרמים,100.00,100 גרם,false,1,11.90,11.9000,true,1,2506
7290002922117,false,עוגיות פרימיום 200-3,אקלר,,עוגיות פרימיום 200-300 גרם,גרמים,300.00,100 גרם,false,1,23.90,7.9667,true,1,52917
7290002929536,false,קובה למרק,האי נאם סי או אל.טי.,IL,"קובה למרק 600 גר                       """,גרמים,600.00,100 גרם,false,1,17.90,2.9833,true,1,97804
7290002929635,false,טונה  וילגר בשמן 140,"ויליגר תעשיות בע""מ",IL,ויליגר נתחי טונה בהירה בשמן 140 גרם,גרמים,140.00,100 גרם,false,1,5.90,4.2143,true,1,106789
7290002929642,false,טונה ויליגר בשמן140,יבואן ומשווק: ש. שסט,TH,טונה ויליגר בשמן 140 גרם 1\4,גרמים,560.00,100 גרם,false,1,21.90,3.9107,true,1,99409
7290002929734,false,גפילטע פיש דלידג 570,דלידג,,"גפליטע פיש דלידג בד""ץ  560 גרם",גרמים,570.00,100 גרם,false,1,14.90,2.6140,true,1,111405
7290003006021,false,סלט בסגנון פטה,גבינות ניצן,,סלט בסגנון פטה,קילוגרמים,1.00,"ק""ג",true,,85.00,85.0000,true,1,40484
7290003006120,false,טאפס עירוני פלפל ממו,גבינות ניצן,,"טאפס עירוני פלפל ממולא 1 ק""ג",קילוגרמים,1.00,"ק""ג",true,,159.00,159.0000,true,1,71685
7290003009183,false,סירופ דיאט פריגת תפו,גת,IL,"סירופ דיאט פריגת תפוחים 750 מ""ל",מיליליטרים,750.00,"100 מ""ל",false,1,24.60,3.2800,true,1,31364
7290003009312,false,בוטנים קלויים קליית,הדקלאים אגודת שיתופי,IL,בוטן קלוי 200 גר' שק',גרמים,200.00,100 גרם,false,1,7.90,3.9500,true,1,12265
7290003009329,false,בוטנים אמריקאיים קלי,ששון ושות' (ש.ת. תעש,IL,בוטן אמריק'200 גר'שק (ב(24,גרמים,200.00,100 גרם,false,1,6.90,3.4500,true,1,12178
7290003009336,false,קבוקים מצופים קליית,קוד יצרן JG,IL,קבוקים 200 גר'שק'ב24,גרמים,200.00,100 גרם,false,1,6.90,3.4500,true,1,13873
7290003009596,false,סירופ דיאט אשכוליות,גת,IL,"סירופ דיאט אשכוליות 750 מ""ל",מיליליטרים,750.00,"100 מ""ל",false,1,24.60,3.2800,true,1,31345
7290003009640,false,מיץ תפוזים סחוט פריג,גת,IL,סחוט תפוזים קלאסי 1 ליטר,ליטרים,1.00,ליטר,false,1,16.50,16.5000,true,1,2632
7290003015627,false,ריצפז סנופרש אפרסק 2,"סנו מפעלי ברונוס בע""",IL,ריצפז סנופרש אפרסק 2 ליטר,ליטרים,2.00,ליטר,false,1,18.90,9.4500,true,1,34788
7290003029181,false,שוקו יטבתה בקבוק 1 ל,מחלבת יטבתה,IL,שוקו 1 ליטר,ליטרים,1.00,ליטר,false,1,12.90,12.9000,true,1,2721
7290003029372,false,משקה חלב בננה יטבתה,מחלבת יטבתה,IL,בננה 1 ליטר,ליטרים,1.00,ליטר,false,1,12.90,12.9000,true,1,2725
7290003029389,false,משקה חלב בננה פקק ספ,,IL,"בננה פקק 250 מ""ל",מיליליטרים,250.00,"100 מ""ל",false,1,5.50,2.2000,true,1,2726
7290003029433,false,שוקו יטבתה פקק ספורט,,IL,"שוקו יטבתה פקק ספורטאים 250 מ""ל",מיליליטרים,250.00,"100 מ""ל",false,1,5.50,2.2000,true,1,2728
7290003029532,false,מוקה יטבתה בקבוק 1 ל,מחלבת יטבתה,IL,מוקה 1 ליטר,ליטרים,1.00,ליטר,false,1,12.90,12.9000,true,1,2730
7290003029815,false,חלב מועשר 3% בכד יטב,מחלבת יטבתה,IL,חלב מועשר 3% בכד יטבתה 2 ליטר,ליטרים,2.00,ליטר,false,1,15.60,7.8000,true,1,31923
7290003029907,false,קפה יטבתה בקבוק 1 לי,מחלבת יטבתה,IL,אייס קפה 1 ליטר,ליטרים,1.00,ליטר,false,1,12.90,12.9000,true,1,34015
7290003047642,false,תה ליפטון אנגלי 100,"יונילוור רוסייה בע""מ",RU,תה שחור יילו לייבל,גרמים,150.00,100 גרם,false,1,18.90,12.6000,true,1,2750
7290003054657,false,"חרדל דיז""ון אקסטרא פ",כלורוקס אוקלנד,FR,חרדל דיז'ון אקסטרא פורטה 370 גרם,גרמים,370.00,100 גרם,false,1,12.90,3.4865,true,1,2776
7290003060009,false,"קמח חיטה לבן 1 ק""ג ס",טחנות ישראל,,"קמח חיטה לבן 1 ק""ג סוגת",קילוגרמים,1.00,"ק""ג",false,1,5.90,5.9000,true,1,2794
7290003060023,false,"סולת חיטה 1 ק""ג טחנו",טחנות ישראל,,"סולת חיטה 1 ק""ג טחנות ישראליות",קילוגרמים,1.00,"ק""ג",false,1,5.70,5.7000,true,1,2795
7290003060276,true,קמח בהיר מנופה,,,קמח בהיר מנופה,קילוגרמים,1.00,"ק""ג",false,1,8.90,8.9000,true,1,130864
7290003069590,false,"סול ואקום 1 ק""ג",דאליאן גואופו אקאטיק,CN,סול ואקום 1 קג,קילוגרמים,1.00,"ק""ג",false,1,36.90,36.9000,true,1,76474
7290003072859,false,רוסטביף 120 גרם,הנסיך- מפעל לייצור ט,IL,טירת צבי דלקטיב רוסטביף 120 גרם,מיליליטרים,120.00,"100 מ""ל",false,1,26.90,22.4167,true,1,143135
7290003072972,false,קבנוס טירת צבי תיבול,טירת צבי,IL,קבנוס טירת צבי תיבול שום 120 גרם,גרמים,120.00,100 גרם,false,1,11.90,9.9167,true,1,148596
7290003102136,false,צמר גפן COTTON SOFT,הדקלאים אגודת שיתופי,TR,צמר גפן מכותנה טבעית 100 גרם,גרמים,100.00,100 גרם,false,1,4.90,4.9000,true,1,80627
7290003102976,false,צימרוני אוזניים פלסט,הדקלאים אגודת שיתופי,CN,צימרוני פלסטיק צבעוניים 200 יחידות,יחידה,1.00,יחידה,false,1,4.90,4.9000,true,1,82673
7290003126712,false,יוגורט עיזים 3.9%  1,משק צוריאל,IL,יוגורט עיזים 3.9%  150 גרם צוריאל,גרמים,150.00,100 גרם,false,1,6.90,4.6000,true,1,35308
7290003126958,false,טופו גולמי וואקום 30,א.י.ן תעשיות מזון בע,IL,טופו גולמי וואקום 300 גרם צוריאל,גרמים,300.00,100 גרם,false,1,13.50,4.5000,true,1,2854
7290003131266,false,גרעין שחור קלוי,אוליבלס SA,,גרעין שחור קלוי במשקל,קילוגרמים,1.00,"ק""ג",true,,39.00,39.0000,true,1,118108
7290003131341,false,אלמונדוס,אוליבלס SA,,אלמונדוס במשקל,קילוגרמים,1.00,"ק""ג",true,,59.00,59.0000,true,1,118119
7290003131563,false,פקאן קלוי,,,פקאן קלוי,קילוגרמים,1.00,"ק""ג",true,,120.00,120.0000,true,1,143242
7290003141159,false,מרשמלו יוגטה 180 גרם,מוטקה החולב,TR,מרשמלו ממתק מוקצף בטעמי תות שדה ווניל 180 גרם,גרמים,180.00,100 גרם,false,1,8.90,4.9444,true,1,89936
7290003143139,false,סילאן קליית גת  900,"טעמי הגליל בע""מ",IL,סילאן קליית גת 900 גר,גרמים,900.00,100 גרם,false,1,14.90,1.6556,true,1,107471
7290003144310,false,תערובת אגוזים וחמוצי,J&G PECANS,IL,תע'אגוזים וחמוציות 150 גר,גרמים,150.00,100 גרם,false,1,19.90,13.2667,true,1,118081
7290003145751,false,אגוזי קשיו קלויים קל,הדקלאים אגודת שיתופי,IL,"קליית גת אגוזי קלויים, 200 גרם",גרמים,200.00,100 גרם,false,1,19.90,9.9500,true,1,50461
7290003145959,false,פקאן,קוד יצרן JG,IL,פקאן טבעי 150 גרם,יחידה,150.00,יחידה,false,1,23.90,0.1593,true,1,60887
7290003158973,false,פיתה פרנה גדרון א.ק,יושלם,,פיתה פרנה גדרון א.ק,יחידה,1.00,יחידה,false,1,4.90,4.9000,true,1,82334
7290003192014,false,פקאן טיבעי במשקל,אוליבלס SA,,פקאן טיבעי במשקל,קילוגרמים,1.00,"ק""ג",true,,130.00,130.0000,true,1,118176
7290003192021,false,אפונה קלוי במשקל,אוליבלס SA,,אפונה קלוי במשקל,קילוגרמים,1.00,"ק""ג",true,,50.00,50.0000,true,1,118231
7290003192022,false,בוטנים אמריקאים במשק,אוליבלס SA,,בוטנים אמריקאים במשקל,קילוגרמים,1.00,"ק""ג",true,,39.00,39.0000,true,1,118230
7290003192028,false,חטיף סויה,אוליבלס SA,,חטיף סויה,קילוגרמים,1.00,"ק""ג",true,,100.00,100.0000,true,1,118199
7290003208586,false,מרטיני לבן בקבוק 750,מרטיני ורוסי,IT,"מרטיני ביאנקו וורמוט לבן מתוק 750 מ""ל",מיליליטרים,750.00,"100 מ""ל",false,1,54.90,7.3200,true,1,68600
7290003208609,false,מרטיני אדום 750 מל,מרטיני ורוסי,IT,"מרטיני רוסו וורמוט אדום מתוק 750 מ""ל",מיליליטרים,750.00,"100 מ""ל",false,1,54.90,7.3200,true,1,70488
7290003211227,false,משמש מיובש,אוליבלס SA,,משמש מיובש במשקל,קילוגרמים,1.00,"ק""ג",true,,59.00,59.0000,true,1,118095
7290003211319,false,קבוקים,אוליבלס SA,,קבוקים במשקל,קילוגרמים,1.00,"ק""ג",true,,39.00,39.0000,true,1,118118
7290003211975,false,קשיו קלוי,אוליבלס SA,,קשיו קלוי במשקל,קילוגרמים,1.00,"ק""ג",true,,109.00,109.0000,true,1,118236
7290003211982,false,מנציס,אוליבלס SA,,מנציס במשקל,קילוגרמים,1.00,"ק""ג",true,,69.00,69.0000,true,1,118111
7290003211999,false,פקאן סיני,אוליבלס SA,,פקאן סיני במשקל,קילוגרמים,1.00,"ק""ג",true,,120.00,120.0000,true,1,118120
7290003213016,false,חטיף אורז חריף,אוליבלס SA,,חטיף אורז חריף במשקל,קילוגרמים,1.00,"ק""ג",true,,69.00,69.0000,true,1,118112
7290003213030,false,גרעין אבטיח קלוי,אוליבלס SA,,גרעין אבטיח קלוי במשקל,קילוגרמים,1.00,"ק""ג",true,,68.00,68.0000,true,1,118110
7290003213108,false,פול קליפה קלוי מטוגן,אוליבלס SA,,פול קליפה קלוי מטוגן,קילוגרמים,1.00,"ק""ג",true,,59.00,59.0000,true,1,118113
7290003213375,false,שקד טבעי במשקל,אוליבלס SA,,שקד טבעי במשקל,קילוגרמים,1.00,"ק""ג",true,,89.00,89.0000,true,1,118174
7290003213450,false,תמר מגהול במשקל,אוליבלס SA,IL,תמר מגהול במשקל,קילוגרמים,1.00,"ק""ג",true,,59.00,59.0000,true,1,118089
7290003213696,false,בוטנים קלוים,אוליבלס SA,,בוטנים קלוים במשקל,קילוגרמים,1.00,"ק""ג",true,,39.00,39.0000,true,1,118114
7290003213740,false,שקד קלוי,אוליבלס SA,,שקד קלוי במשקל,קילוגרמים,1.00,"ק""ג",true,,109.00,109.0000,true,1,118106
7290003213825,false,פיסטוק קלוי במשקל,אוליבלס SA,,פיסטוק קלוי במשקל,קילוגרמים,1.00,"ק""ג",true,,109.00,109.0000,true,1,118235
7290003220380,false,מעדני מלך סנדוויץ שו,אחים פפושדו,IL,מעדני מלך סנדוויץ שוקו 150ג,גרמים,150.00,100 גרם,false,1,4.50,3.0000,true,1,152088
7290003220397,false,מעדני מלך סנדוויץ ונ,אחים פפושדו,IL,מעדני מלך סנדוויץ וניל 150ג,גרמים,150.00,100 גרם,false,1,4.50,3.0000,true,1,152089
7290003220526,false,רוטב WOK  צילי חריף,THAI PREEDA TRADING,,"רוטב WOK  צילי חריף 700 מ""ל",מיליליטרים,700.00,"100 מ""ל",false,1,13.90,1.9857,true,1,79879
7290003220533,false,רוטב WOK צילי מתוק 7,THAI COCONUT CO,,"רוטב WOK צילי מתוק 700 מ""ל",מיליליטרים,700.00,"100 מ""ל",false,1,13.90,1.9857,true,1,70487
7290003220588,false,רוטב צילי  מתוקWOK,תאי פרידה אינדסטרי ב,,"רוטב צילי  מתוק דיאט 700 מ""ל          W",מיליליטרים,700.00,"100 מ""ל",false,1,15.90,2.2714,true,1,77547
7290003220595,false,אורז לסושי WOK  שקית,"מיה תעשיות מזון בע""מ",,"אורז לסושי WOK  שקית 1 ק""ג",קילוגרמים,1.00,"ק""ג",false,1,13.90,13.9000,true,1,80145
7290003220649,false,שמן שומשום WOK טהור,או שין הינג,SG,"ווק שמן שומשום 100% 150 מ""ל",מיליליטרים,150.00,"100 מ""ל",false,1,13.90,9.2667,true,1,110223
7290003220717,false,אצות נורי סילוור 10,JAEWON GLOBAL NET,,אצות נורי סילוור 10 דפים 25 גרם,גרמים,25.00,100 גרם,false,1,11.90,47.6000,true,1,79702
7290003220748,false,רוטב סויה בהירה 640,LINGHANG INDUSTRIA,,"רוטב סויה בהירה 640 מ""ל",מיליליטרים,640.00,"100 מ""ל",false,1,14.90,2.3281,true,1,83841
7290003220755,false,רוטב סויה כהה,ליאנג סאנג האנד הואד,,"רוטב סויה כהה 640 מ""ל",מיליליטרים,640.00,"100 מ""ל",false,1,14.90,2.3281,true,1,83842
7290003220779,false,ווק אטריות אורז עובי,THAI COCONUT CO,TH,"ווק אטריות אורז עובי 3 מ""מ 400 גרם",גרמים,400.00,100 גרם,false,1,9.90,2.4750,true,1,103076
7290003220786,false,מקלות אורז מס 5 400,ASIAN SUPERIOR FOODS,,מקלות אורז מס 5 400 גרם,גרמים,400.00,100 גרם,false,1,9.90,2.4750,true,1,98508
7290003220830,false,ווק חומץ אורז יסמין,דיאמונד פריזרוד פודס,TH,"ווק חומץ אורז יסמין 500מ""ל WOK",מיליליטרים,500.00,"100 מ""ל",false,1,15.90,3.1800,true,1,98486
7290003220878,false,ווק רוטב מירין לתיבו,דיאמונד פריזרוד פודס,,"ווק רוטב מירין לתיבול 500מ""ל WOK",מיליליטרים,500.00,"100 מ""ל",false,1,18.90,3.7800,true,1,97324
7290003220939,false,מקלוני אורז דקים 400,אסיאן סופירה פודס חב,,מקלוני אורז דקים 400 גרם,גרמים,400.00,100 גרם,false,1,9.90,2.4750,true,1,103077
7290003220946,false,"דפי אורז קוטר 22 ס""מ",אסיאן סופירה פודס חב,,"דפי אורז קוטר 22 ס""מ 300 גרם WOK",גרמים,300.00,100 גרם,false,1,12.90,4.3000,true,1,112346
7290003220977,false,עוגיות מצופות מעדני,אפיפית,,עוגיות מצופות מעדני המלך 175 גר,גרמים,175.00,100 גרם,false,1,7.90,4.5143,true,1,149530
7290003229109,false,פסטרמה בפפריקה,הנסיך- מפעל לייצור ט,IL,פסטרמה בפפריקה טירת צבי 400 גרם,גרמים,400.00,100 גרם,false,1,30.90,7.7250,true,1,3006
7290003229116,false,פסטרמה בדבש 400 גרם,הנסיך- מפעל לייצור ט,IL,פסטרמה בדבש טירת צבי 400 גרם,גרמים,400.00,100 גרם,false,1,30.90,7.7250,true,1,3007
7290003229123,false,פסטרמה על גחלים 400,הנסיך- מפעל לייצור ט,IL,פסטרמה על גחלים טירת צבי 400 גרם,גרמים,400.00,100 גרם,false,1,30.90,7.7250,true,1,3008
7290003229147,false,נקניק סלמי איטלקי 30,הנסיך- מפעל לייצור ט,IL,נקניק סלמי איטלקי טירת צבי 300 גרם,גרמים,300.00,100 גרם,false,1,31.90,10.6333,true,1,3009
7290003229154,false,נקניק סלמי קוניאק מו,הנסיך- מפעל לייצור ט,IL,נקניק סלמי קוניאק מובחר טירת צבי 300 גרם,גרמים,300.00,100 גרם,false,1,31.90,10.6333,true,1,3010
7290003229192,false,כתף בקר מעושן טירת צ,טיב טירת צבי 2000,IL,"טירת צבי, פסטרמה כתף בקר מעושנת  400 גרם",גרמים,400.00,100 גרם,false,1,34.90,8.7250,true,1,3011
7290003229222,false,סלמי תה 300גרם,הנסיך- מפעל לייצור ט,IL,סלמי תה 300גרם,גרמים,300.00,100 גרם,false,1,23.90,7.9667,true,1,76482
7290003260102,false,נייר טואלט משי,שניר תעשיות,,נייר טואלט משי קומפקט 12 יח,מטרים,70700.00,מטר,false,1,37.90,0.0005,true,1,49633
7290003268252,false,לחם חיטה מלאה לילדים,יוניליוור גרמניה  Gm,IL,לחם ילדים,גרמים,750.00,100 גרם,false,1,14.90,1.9867,true,1,108884
7290003268429,false,לחם ירוק מקמח מלא 75,מולינו ניקולי s.p.a,IL,לחם ירוק,גרמים,750.00,100 גרם,false,1,15.90,2.1200,true,1,99301
7290003268641,false,חלה מתוקה 500 גרם,מולינו ניקולי s.p.a,IL,חלה מתוקה 500 גרם,גרמים,500.00,100 גרם,false,1,14.90,2.9800,true,1,116763
7290003268740,false,לחם אחיד 750 גרם,דגנית עין בר,,לחם אחיד 750 גרם,גרמים,750.00,100 גרם,false,1,5.12,0.6827,true,1,24605
7290003268764,false,חלה רגילה 500 גרם,מולינו ניקולי s.p.a,IL,חלה רגילה 500 גרם,גרמים,500.00,100 גרם,false,1,5.17,1.0340,true,1,24607
7290003268795,false,לחמניה 75 גרם,דגנית עין בר,,לחמניה 75 גרם,גרמים,75.00,100 גרם,false,1,1.90,2.5333,true,1,24254
7290003275014,false,חציל אפוי,קלאס פוד,,חציל אפוי,קילוגרמים,1.00,"ק""ג",true,,34.00,34.0000,true,1,78287
7290003275021,false,עלי גפן,כרמל,,עלי גפן  2 קג,קילוגרמים,1.00,"ק""ג",true,,48.00,48.0000,true,1,81230
7290003321155,false,דנונה בר דגנים פקאן,"שטראוס בריאות בע""מ",IL,דנונה בר פקאן,גרמים,175.00,100 גרם,false,1,4.80,2.7429,true,1,3115
7290003387205,false,דאודורנט ספיד סטיק י,קולגייט פלמוליב,US,דאודורנט ספיד סטיק רגולר 56.6 גרם,גרמים,70.00,100 גרם,false,1,21.90,31.2857,true,1,3171
7290003400500,false,שוקולד ריזס קרמל עם,הרשי,,שוקולד ריזס קרמל עם בוטנים 47 גרם,גרמים,47.00,100 גרם,false,1,4.90,10.4255,true,1,95785
7290003401369,false,קרם לחות לשיער חוחוב,מיוצר עי אמיליה קוסמ,IL,קרם לחות קלאסי חוחובה,מיליליטרים,400.00,"100 מ""ל",false,1,21.70,5.4250,true,1,3186
7290003401376,false,קרם לחות לשיער אלוור,מיוצר עי אמיליה קוסמ,IL,קרם לחות קלאסי אלוורה,מיליליטרים,400.00,"100 מ""ל",false,1,21.70,5.4250,true,1,3187
7290003401420,false,קרם לחות לשיער סיליק,מיוצר עי אמיליה קוסמ,IL,קרם לחות קלאסי סיליקון,מיליליטרים,400.00,"100 מ""ל",false,1,21.70,5.4250,true,1,3188
7290003401635,false,לחות לפתיחת תלתלים,מיוצר עי אמיליה קוסמ,IL,נטורל לחות מעצבת לפתיחת תלתלים 400 מל,מיליליטרים,400.00,"100 מ""ל",false,1,26.00,6.5000,true,1,16128
7290003401642,false,קרם לחות לתלתול,מיוצר עי אמיליה קוסמ,IL,נטורל לחות מעצבת לתלתול טבעי 400 מל,מיליליטרים,400.00,"100 מ""ל",false,1,22.90,5.7250,true,1,16542
7290003402809,false,שוקולד ריזס לבן 39 ג,,,שוקולד ריזס לבן 39 ג,גרמים,39.00,100 גרם,false,1,4.90,12.5641,true,1,144486
7290003411276,false,עמבה 500 גר,טרופיקל דגיל תעשיות,IL,הנמל עמבה 500 גרם,גרמים,500.00,100 גרם,false,1,10.90,2.1800,true,1,52922
7290003411313,false,מפת שולחן רב פעמית 1,שיווק: הנמל אריזות ו,IL,הנמל מפת שולחן אל בד 180X120 סמ,Unknown,0.00,Unknown,false,1,5.90,0.0000,true,1,18770
7290003411405,false,נר נשמה 24 שעות,מיוצר בסין.יבוא ושיו,CN,הנמל נר נשמה פח 24 שעות,יחידה,1.00,יחידה,false,1,1.90,1.9000,true,1,107135
7290003411528,false,מלית קינמון,"פוליבה בע""מ",IL,פוליבה מלית קינמון 450 גרם,גרמים,450.00,100 גרם,false,1,13.90,3.0889,true,1,16388
7290003411696,false,מרקיות חד פעמי הנמל,,IL,הנמל מרקיות לבן 25 יחידות,יחידה,0.00,יחידה,false,1,10.90,0.0000,true,1,12988
7290003411993,false,גפרורים הנמל 10 יחיד,"איטיליאן פוד, אס.פי.",SE,הנמל גפרורים 10 יחידות,לא מנהל יחידת מידה,0.00,לא מנהל יחידת מידה,false,1,3.90,0.0000,true,1,24228
7290003423909,false,שוקולד הרשיז קוקיז א,הרשי,,שוקולד הרשיז קוקיז אנד קרים 43 גרם,גרמים,43.00,100 גרם,false,1,4.90,11.3953,true,1,113614
7290003427154,false,שמן זית זיתא כתית מע,זיתא,IL,"זיתא שמן זית כתית מעולה, טעם מעודן 750 מל",מיליליטרים,750.00,"100 מ""ל",false,1,34.90,4.6533,true,1,16224
7290003438006,false,ממרח פסטו וצנובר אול,אוליביה גורמה (1996),IL,ממרח פסטו וצנובר אוליביה 180 גרם,גרמים,180.00,100 גרם,false,1,13.90,7.7222,true,1,3225
7290003438020,false,ממרח עגבניות מיובשות,מיוצר עי קונדיטוריית,IL,ממרח עגבניות מיובשות אוליביה 190 גרם,גרמים,190.00,100 גרם,false,1,13.90,7.3158,true,1,3227
7290003438075,false,חרוסת אוליביה מצונן,מיוצר עי קונדיטוריית,IL,אוליביה חרוסת 210 גרם,גרמים,210.00,100 גרם,false,1,10.90,5.1905,true,1,111107
7290003438709,false,ממרח זיתים שחורים או,גוד פוד פרודקטס S.p,IL,ממרח זיתים שחורים אוליביה190 גרם,גרמים,190.00,100 גרם,false,1,13.90,7.3158,true,1,3232
7290003444009,false,שוקולד ריזס חלב 42 ג,הרשי,,שוקולד ריזס חלב 42 גרם,גרמים,42.00,100 גרם,false,1,4.90,11.6667,true,1,113615
7290003450602,false,חרדל היינץ לחיץ 255,כלורוקס אוקלנד,US,היינץ חרדל לחיץ 255 גרם,גרמים,255.00,100 גרם,false,1,10.90,4.2745,true,1,3245
7290003457861,false,שלגון סולרו טרופי,שטראוס גלידות,,שלגון סולרו פירות טרופיים,גרמים,85.00,100 גרם,false,1,10.90,12.8235,true,1,3283
7290003457991,false,טילון קורנטו קלאסיקו,,IL,טילון קורנטו קלאסיקו משפחתי 6 יחידות,גרמים,418.00,100 גרם,false,1,34.90,8.3493,true,1,3286
7290003495030,false,מאפה שקדים פרווה,"גידרון תעשיות בע""מ",,מאפה שקדים פרווה,קילוגרמים,1.00,"ק""ג",true,,44.90,44.9000,true,1,83183
7290003495078,false,באגט רוסטיק קמח מלא,"גידרון תעשיות בע""מ",IL,באגט רוסטיק קמח מלא,לא מנהל יחידת מידה,0.00,לא מנהל יחידת מידה,false,1,6.50,0.0000,true,1,102531
7290003495085,false,באגט רוסטיק,"גידרון תעשיות בע""מ",IL,באגט רוסטיק,לא מנהל יחידת מידה,0.00,לא מנהל יחידת מידה,false,1,6.50,0.0000,true,1,102528
7290003495337,false,בייגל רומני,"גידרון תעשיות בע""מ",,בייגל רומני,גרמים,1.00,100 גרם,false,1,3.90,390.0000,true,1,89348
7290003525478,false,סלט טונה ויליגר 160,"ויליגר, תעשיות בע""מ",IL,סלט טונה ויליגר 160 גרם,גרמים,160.00,100 גרם,false,1,4.90,3.0625,true,1,14119
7290003550753,false,טונה בשמן פוסידון מא,ויליגר,IL,טונה בשמן פוסידון מארז רביעייה 432 גרם,גרמים,432.00,100 גרם,false,1,23.90,5.5324,true,1,101646
7290003578078,false,לפתן קוקטייל טרופי,יוליניבר,CN,לפתן קוקטייל טרופי 820 גר,גרמים,820.00,100 גרם,false,1,10.90,1.3293,true,1,3403
7290003578153,false,טונה בשמן צמחי וילי,גולדן פרייז קאנינג א,TH,וילי פוד נתחי טונה בשמן צמחי 160 גרם,גרמים,160.00,100 גרם,false,1,5.90,3.6875,true,1,3404
7290003578177,false,תירס גמדי שלם,מגסטיק פוד אידסטרי ק,TH,תירס גמדי 410 גרם,גרמים,410.00,100 גרם,false,1,6.50,1.5854,true,1,3406
7290003578313,false,לפתן דודדבן ללא חרצן,דל מונטה היילס אס.אי,HU,דובדבנים חמוצים מגולענים בסירופ 680 ג,גרמים,680.00,100 גרם,false,1,10.90,1.6029,true,1,3410
7290003643004,false,אורז בסמטי קלאסי סוג,"סוגת תעשיות בע""מ",IL,"אורז בסמטי קלאסי 1 ק""ג",קילוגרמים,1.00,"ק""ג",false,1,14.90,14.9000,true,1,3478
7290003643127,false,אבקת אפיה סוגת 1/10,גוד פוד פרודקטס S.p,IL,אבקת אפיה סוגת 10 גרם,Unknown,0.00,Unknown,false,1,3.00,0.0000,true,1,106984
7290003643158,false,קורנפלור סוגת,המאפיה של הרמן,IL,סוגת קורנפלור 200 גרם,גרמים,200.00,100 גרם,false,1,4.50,2.2500,true,1,3479
7290003643172,false,אבקת סוכר סוגת 100 ג,TLV צ'יף,IL,אבקת סוכר 100 גרם,גרמים,100.00,100 גרם,false,1,2.50,2.5000,true,1,106986
7290003643387,false,סוכר לבן בצנצנת פלסט,"סוגת תעשיות בע""מ",IL,"סוכר 1 ק""ג בצנצנת",קילוגרמים,1.00,"ק""ג",false,1,9.90,9.9000,true,1,3482
7290003643646,false,סוכר דמררה צנצנת סוג,האי נאם סי או אל.טי.,IL,"סוכר דמררה צנצנת סוגת 1 ק""ג",קילוגרמים,1.00,"ק""ג",false,1,12.90,12.9000,true,1,3483
7290003643684,false,אפונה סוגת 500 גרם,"סוגת תעשיות בע""מ",IL,אפונה 500 גרם,גרמים,500.00,100 גרם,false,1,7.50,1.5000,true,1,36435
7290003643707,false,גריסים 500 גרם סוגת,סוגת,IL,גריסים 500 גרם סוגת,גרמים,500.00,100 גרם,false,1,5.90,1.1800,true,1,122799
7290003643714,false,חומוס סוגת 500 גרם,"סוגת תעשיות בע""מ",IL,חומוס 500 גרם,גרמים,500.00,100 גרם,false,1,8.90,1.7800,true,1,41841
7290003643738,false,חיטה סוגת 500 גרם,"סוגת תעשיות בע""מ",IL,חיטה 500 גרם,גרמים,500.00,100 גרם,false,1,5.90,1.1800,true,1,41842
7290003643745,false,כוסמת סוגת 500 גרם,"סוגת תעשיות בע""מ",IL,כוסמת 500 גרם,גרמים,500.00,100 גרם,false,1,8.90,1.7800,true,1,75103
7290003643752,false,עדשים ירוקות סוגת 50,"סוגת תעשיות בע""מ",IL,עדשים ירוקות 500 גר',גרמים,500.00,100 גרם,false,1,8.50,1.7000,true,1,42098
7290003643769,false,עדשים אדומות סוגת 50,"סוגת תעשיות בע""מ",IL,עדשים אדומות סוגת 500 גרם,גרמים,500.00,100 גרם,false,1,7.90,1.5800,true,1,21066
7290003643776,false,פופקורן סוגת 500 גרם,"סוגת תעשיות בע""מ",IL,פופקורן 500 גרם,גרמים,500.00,100 גרם,false,1,6.50,1.3000,true,1,41840
7290003643783,false,קוקוס סוגת 100 גרם,"סוגת תעשיות בע""מ",IL,קוקוס 100 גרם,גרמים,100.00,100 גרם,false,1,4.20,4.2000,true,1,30068
7290003643806,false,שעועית לבנה סוגת 500,"סוגת תעשיות בע""מ",IL,שעועית לבנה 500 גרם,גרמים,500.00,100 גרם,false,1,12.90,2.5800,true,1,38757
7290003643813,false,שעועית אדומה סוגת 50,"סוגת תעשיות בע""מ",IL,שעועית אדומה סוגת 500 גרם,גרמים,500.00,100 גרם,false,1,12.90,2.5800,true,1,41843
7290003681365,false,קישוט לעוגה צבעוני מ,מיה,IL,קישוט לעוגה צבעוני מיה 70גרם,גרמים,70.00,100 גרם,false,1,5.90,8.4286,true,1,156169
7290003681532,false,דובדבנים מסוכרים מיה,מיה,IL,דובדבנים מסוכרים מיה 80 גרם,גרמים,80.00,100 גרם,false,1,7.90,9.8750,true,1,156217
7290003681693,false,חומוס לבן ענק  מיה,מיה,IL,חומוס לבן ענק  מיה  500 גרם,גרמים,500.00,100 גרם,false,1,9.90,1.9800,true,1,156195
7290003681716,false,גריסי פנינה מיה 500,מיה,IL,גריסי פנינה מיה 500 גרם,גרמים,500.00,100 גרם,false,1,4.90,0.9800,true,1,156160
7290003713929,false,טרס פסוס סלסה פהיטה,,,טרס פסוס סלסה פהיטה 200גרם,גרמים,200.00,100 גרם,false,1,17.90,8.9500,true,1,149421
7290003713943,false,טרס פסוס מחית צפטולה,,,טרס פסוס מחית צפטולה 200גרם,גרמים,200.00,100 גרם,false,1,21.90,10.9500,true,1,149418
7290003713950,false,טרס פסוס סלסה מקסיקנ,,,טרס פסוס סלסה מקסיקנה 200גרם,גרמים,200.00,100 גרם,false,1,16.90,8.4500,true,1,149422
7290003718993,false,סלמון פילה נורבגי 1.,LEROY,NO,"סלמון פילה נורבגי 1.4-1.8 ק""ג - בד""ץ העדה החרדית",קילוגרמים,1.00,"ק""ג",true,,89.90,89.9000,true,1,156581
7290003726141,false,טופו משק גאיה 300גרם,כפרי בריא משק ויילר,IL,טופו הבית בשיטת הייצור המסורתית,גרמים,300.00,100 גרם,false,1,13.90,4.6333,true,1,3552
7290003726615,false,טופו ויילר 300 גרם,הדקלאים אגודת שיתופי,IL,טופו ויילר 300 גרם,גרמים,300.00,100 גרם,false,1,12.90,4.3000,true,1,126015
7290003726776,false,טופו שניצל בטעם עוף,משק ויילר,IL,טופו שניצל בטעם עוף ויילר   420 גרם,גרמים,420.00,100 גרם,false,1,27.90,6.6429,true,1,156041
7290003726783,false,טופו שניצל בתוספת תי,משק ויילר,IL,טופו שניצל בתוספת תירס   420גרם,גרמים,420.00,100 גרם,false,1,27.90,6.6429,true,1,156042
7290003726790,false,טופו שניצל בטעם פיקנ,משק ויילר,IL,טופו שניצל בטעם פיקנטי  420 גרם,גרמים,420.00,100 גרם,false,1,27.90,6.6429,true,1,156043
7290003726806,false,טופו שניצל בתוספת בר,משק ויילר,IL,טופו שניצל בתוספת ברוקולי  420 גרם,גרמים,420.00,100 גרם,false,1,27.90,6.6429,true,1,156044
7290003781652,false,צלפים במי מלח 350 גר,סוסיטס,TR,צלפים במי מלח 350 גרם,גרמים,350.00,100 גרם,false,1,9.90,2.8286,true,1,3589
7290003781850,false,גבינת קשקבל  יורו פר,,ES,גבינת קשקבל  יורו פרוסות 200גרם,גרמים,200.00,100 גרם,false,1,21.90,10.9500,true,1,152239
7290003804252,false,תיבולית קנור הודי,יוניליוור ישראל מזון,IL,קנור תיבוליות בסגנון הודי 72 גרם,גרמים,72.00,100 גרם,false,1,10.30,14.3056,true,1,3644
7290003804320,false,תיבולית קנור שום ופט,יוניליוור ישראל מזון,IL,קנור תיבוליות שום ופטרוזיליה 72 גרם,גרמים,72.00,100 גרם,false,1,10.30,14.3056,true,1,3645
7290003804368,false,תיבולית קנור בזיליקו,יוניליוור ישראל מזון,IL,קנור תיבוליות בזיליקום 72 גרם,גרמים,72.00,100 גרם,false,1,10.30,14.3056,true,1,3648
7290003804382,false,תיבולית קנור פטריות,יוניליוור ישראל מזון,IL,קנור תיבוליות בטעם פטריות 72 גרם,גרמים,72.00,100 גרם,false,1,10.30,14.3056,true,1,3650
7290003805501,false,פתית שוודי 300 גרם,יוניליוור ישראל מזון,IL,פתית שוודי קרקר דגנים פריך בסגנון שוודי,גרמים,300.00,100 גרם,false,1,18.20,6.0667,true,1,66351
7290003805587,false,פתית חיטה מלאה 250 ג,יוניליוור ישראל מזון,IL,פתיתי חיטה מלאה קרקר פריך עם חיטה מלאה,גרמים,250.00,100 גרם,false,1,18.20,7.2800,true,1,70387
7290003864485,false,סרדין ברוטב עגבניות,גולדן פרייז קאנינג א,TH,סרדין ברוטב עגבניות 110גרם פתח קל,גרמים,110.00,100 גרם,false,1,4.90,4.4545,true,1,3775
7290003864492,false,סרדין בשמן צמחי חריף,גולדן פרייז קאנינג א,TH,סרדין בשמן צמחי חריף 110גרם,גרמים,110.00,100 גרם,false,1,4.90,4.4545,true,1,3776
7290003882922,false,עלי גפן ממולאים באור,הזה פלאקספו פוד קו ב,CN,ויליפוד עלי גפן ממולאים באורז 400 גרם,גרמים,400.00,100 גרם,false,1,9.90,2.4750,true,1,56749
7290003896141,false,אלמנדוס ספרדי קליית,קוד יצרן JG,IL,אלמנדוס 200 גרם (ב(12,גרמים,200.00,100 גרם,false,1,8.90,4.4500,true,1,92804
7290003989096,false,סלט חציל פיקנטי אחלה,מיוצר עי קונדיטוריית,IL,חציל פיקנטי 500,גרמים,500.00,100 גרם,false,1,15.70,3.1400,true,1,3971
7290003989539,false,רביולי גבינה 400 EAT,מיוצר עי קונדיטוריית,IL,רביולי גבינה 400 EAT GOOD,גרמים,400.00,100 גרם,false,1,19.90,4.9750,true,1,3972
7290003989553,false,פסטה שטראוס טורטלוני,מיוצר עי קונדיטוריית,IL,טרטוליני פטריות 400 פרווה EAT GOOD,גרמים,400.00,100 גרם,false,1,19.90,4.9750,true,1,3973
7290004011284,false,בסיס להכנת קצפת,האי נאם סי או אל.טי.,US,בסיס להכנת קצפת על בסיס צמחי ללא כולסטרול,מיליליטרים,212.00,"100 מ""ל",false,1,9.20,4.3396,true,1,64086
7290004011338,false,קצפת ריץ חלבי במיכל,האי נאם סי או אל.טי.,IT,קצפת ריץ חלבי במיכל 250 גרם,גרמים,250.00,100 גרם,false,1,14.90,5.9600,true,1,66899
7290004011802,false,"צ""וריסוס אל גאוצ""ו",מולינו ניקולי s.p.a,IL,אל גאוצ'ו נקניות צ'וריסוס 400 גרם,גרמים,400.00,100 גרם,false,1,23.90,5.9750,true,1,69669
7290004014407,false,סוכריות שוקולדM&M חמ,מרס נדרלנד,,סוכריות שוקולדM&M חמאת בוטנים 46 גרם,גרמים,46.00,100 גרם,false,1,5.80,12.6087,true,1,110545
7290004030612,false,מיץ קיווי אגס ללא סו,הנסיך- מפעל לייצור ט,IL,"פריניב, מיץ קיווי אגס תפוח ללא תוספת סוכר 1 ליטר",ליטרים,1.00,ליטר,false,1,17.50,17.5000,true,1,109866
7290004046002,false,עוגיות הקסטר,אקסטר,,עוגיות הקסטר,גרמים,250.00,100 גרם,false,1,24.90,9.9600,true,1,61962
7290004048525,false,פילה אמנון,,,"פילה אמנון 5-7 לק""ג",קילוגרמים,1.00,"ק""ג",true,,34.90,34.9000,true,1,55353
7290004063016,false,מלח שולחן מעולה דק 1,האי נאם סי או אל.טי.,IL,מלח שולחן,קילוגרמים,1.00,"ק""ג",false,1,2.07,2.0700,true,1,4199
7290004063115,false,"מלח בישול 1 ק""ג פיקו",האי נאם סי או אל.טי.,IL,מלח מטבח,קילוגרמים,1.00,"ק""ג",false,1,2.07,2.0700,true,1,4200
7290004064082,false,מטחנה מלח ים טבעי  2,חברת מלח הארץ אילת ב,IL,מטחנת מלח ים 250 גרם,גרמים,250.00,100 גרם,false,1,13.90,5.5600,true,1,111932
7290004064099,false,מטחנה מלח מהרי ההימל,מולינו ניקולי s.p.a,IL,מטחנה מלח מהרי ההימלאי 300 גרם,גרמים,250.00,100 גרם,false,1,15.90,6.3600,true,1,111930
7290004064181,false,מלח ההימלאיה גס בצנצ,חברת מלח הארץ אילת ב,,מלח הימלאיה גס בצנצנת,קילוגרמים,1.00,"ק""ג",false,1,17.90,17.9000,true,1,116948
7290004064280,false,מלח מופחת נתרן בצנצנ,חברת מלח הארץ אילת ב,IL,מופחת נתרן בצנצנת 600 גרם,גרמים,600.00,100 גרם,false,1,16.90,2.8167,true,1,125336
7290004068011,false,יוגורט כבשים 5% בדלי,"מיוצר ע""י קוד יצרן M",IL,גד יוגורט מחלב כבשים מעודן בסגנון בלקני 5% שומן,גרמים,600.00,100 גרם,false,1,18.90,3.1500,true,1,87703
7290004068028,false,"משקה צזיקי 500 מ""ל",מיוצר על ידי קוד יצר,IL,"משקה צזיקי 500 מ""ל גד",מיליליטרים,500.00,"100 מ""ל",false,1,10.90,2.1800,true,1,90108
7290004068035,false,משקה יוגורט איירן בל,"מיוצר ע""י קוד יצרן M",IL,"משקה יוגורט איירן בלקני 500 מ""ל גד",מיליליטרים,500.00,"100 מ""ל",false,1,8.90,1.7800,true,1,90109
7290004068172,false,יוגורט עיזים 5%  600,קוד יצרן MKN,IL,גד יוגורט חלב עיזים 2.8% 600 גרם,גרמים,600.00,100 גרם,false,1,18.90,3.1500,true,1,90222
7290004068332,false,גבינת קממבר בקר משול,מחלבת גד,,"גבינת קממבר בקר משולשים לק""ג גד",קילוגרמים,1.00,"ק""ג",true,,126.00,126.0000,true,1,96662
7290004068424,false,גבינת גאודה גלגל גד,מחלבת גד,,גבינת גאודה גלגל גד לקג,קילוגרמים,1.00,"ק""ג",true,,122.00,122.0000,true,1,97755
7290004068585,false,גבינה גאודה עיזים גל,מחלבות גד,,גבינה גאודה עיזים גלגל גד לקג,קילוגרמים,1.00,"ק""ג",true,,150.00,150.0000,true,1,110219
7290004078225,false,מי פה פלאקס ירוק,קולגייט- פלמוליב,PL,"מי פה פלאקס ירוק 500 מ""ל",מיליליטרים,500.00,"100 מ""ל",false,1,31.90,6.3800,true,1,4205
7290004078690,false,"ג""ל לניקוי אסלה אג""ק",הנסיך- מפעל לייצור ט,FR,אג'קס נוזל לניקוי אסלות ג'ל עם אקונומיקה  750 מל,מיליליטרים,750.00,"100 מ""ל",false,1,15.90,2.1200,true,1,4210
7290004078942,false,דאו  ליידי ספיד סטיק,קולגייט פלמוליב,US,"ליידי ספיד סטיק ג""ל כתום",גרמים,63.00,100 גרם,false,1,19.90,31.5873,true,1,4214
7290004119225,false,יוגורט יופלה אננס 3%,תנובה בעמ,IL,יופלה יוגורט אננס 3% גביע 150 גרם,גרמים,150.00,100 גרם,false,1,4.90,3.2667,true,1,4229
7290004119928,false,מעדן קרלו וניל 3%  1,מחלבת אלון תבור,IL,מעדן קרלו וניל 3%  125 גרם,גרמים,125.00,100 גרם,false,1,3.20,2.5600,true,1,4231
7290004119973,false,מעדן קרלו שוקו 3%  1,מחלבת אלון תבור,IL,קרלו מעדן שוקו רביעיה גביע 125 גרם 1.5%,גרמים,125.00,100 גרם,false,1,3.20,2.5600,true,1,4232
7290004120061,false,מעדן קרלו שוניל 1.5%,מחלבת אלון תבור,IL,קרלו שוניל 1.5% שומן 125 גרם,גרמים,125.00,100 גרם,false,1,3.20,2.5600,true,1,4233
7290004120108,false,יוגורט יופלה דיאט דו,תנובה בעמ,IL,יופלה דיאט יוגורט דובדבן %0 גביע 150גרם,גרמים,150.00,100 גרם,false,1,4.90,3.2667,true,1,4234
7290004120566,false,גבינה בולגרית פיראוס,תנובה,IL,פיראוס בולגרית 24% שומן 250 גרם,גרמים,250.00,100 גרם,false,1,23.90,9.5600,true,1,4238
7290004120573,false,גבינה בולגרית פיראוס,תנובה,IL,גבינה בולגרית מלוחה 16% שומן,גרמים,250.00,100 גרם,false,1,23.90,9.5600,true,1,4239
7290004120634,false,גבינה בולגרית פיראוס,פ.פ.ח. שאביט,IL,פיראוס גבינה בולגרית 5% שומן,גרמים,250.00,100 גרם,false,1,23.90,9.5600,true,1,4240
7290004120832,false,חלב 3% בכד,תנובה,IL,חלב 2 3% ליטר בכד מהדרין,ליטרים,2.00,ליטר,false,1,12.46,6.2300,true,1,74826
7290004121525,false,מאגדת יופלה אפרסק,תנובה בעמ,IL,מאגדת יופלה אפרסק תות שמיניה,קילוגרמים,1.20,"ק""ג",false,1,31.90,26.5833,true,1,31570
7290004121754,false,יוגורט יופלה 3% עוגת,תנובה בעמ,IL,יופלה יוגורט עוגת גבינה ותות %3 150 גרם,גרמים,150.00,100 גרם,false,1,4.90,3.2667,true,1,4251
7290004121839,false,פטה פיראוס      20%,תנובה,IL,פיראוס פטה כבשים 20% שומן,גרמים,250.00,100 גרם,false,1,27.90,11.1600,true,1,4252
7290004121853,false,גבינה בולגרית קוביות,תנובה,IL,פירוס בולגרית קוביות 5% 200 גרם,גרמים,200.00,100 גרם,false,1,21.90,10.9500,true,1,4253
7290004122119,false,השף הלבן פתיתי גבע פ,תנובה,IL,תנובה השף הלבן פתיתי גבע פרמזן 23% שומן,גרמים,100.00,100 גרם,false,1,12.90,12.9000,true,1,16046
7290004122195,false,גבינה קשה גוש חלב פר,תנובה,IL,גוש חלב פרוסות גבינה צהובה חצי קשה 28% שומן מהדרין,גרמים,200.00,100 גרם,false,1,14.50,7.2500,true,1,15601
7290004122270,false,גבינה עמק פרוס פתיחה,תנובה,IL,עמק קלאסית פרוסות גבינה חצי קשה 28% 200 גרם,גרמים,200.00,100 גרם,false,1,15.90,7.9500,true,1,4254
7290004122348,false,גבינה קשה עמק לייט 9,תנובה,IL,עמק גבינה צהובה חצי קשה 9% מופחתת שומן,גרמים,200.00,100 גרם,false,1,16.80,8.4000,true,1,4256
7290004122676,false,גבינה חמד לייט   5%,גוד פוד פרודקטס S.p,IL,פיראוס לייט חמד גבינה כפרית מלוחה 5% שומן,גרמים,250.00,100 גרם,false,1,18.90,7.5600,true,1,38303
7290004122683,false,אצבעות גבינה עמק 172,תנובה,IL,עמק חטיף אצבעות גבינה חצי קשה 28% שומן,גרמים,172.00,100 גרם,false,1,16.90,9.8256,true,1,43308
7290004124205,false,יוגורט יופלה דיאט תו,תנובה בעמ,IL,יופלה דיאט יוגורט תות %0 גביע 150 גרם,גרמים,150.00,100 גרם,false,1,4.90,3.2667,true,1,4268
7290004125370,false,שמנת 9%  תנובה 200 מ,פ.פ.ח. שאביט,IL,תנובה שמנת חמוצה מופחתת שומן,מיליליטרים,200.00,"100 מ""ל",false,1,3.70,1.8500,true,1,4275
7290004125400,false,"שלי אשל פיקוח 200 מ""",פארייפאבה אגרואינדוס,IL,תנובה אשל לבן 4.5% שומן,מיליליטרים,200.00,"100 מ""ל",false,1,1.69,0.8450,true,1,4276
7290004125417,false,"שלי גיל פיקוח 200 מ""",פ.פ.ח. שאביט,IL,תנובה גיל לבן 3% 206 גרם,מיליליטרים,200.00,"100 מ""ל",false,1,1.51,0.7550,true,1,4277
7290004125455,false,שמנת 15% תנובה פיקוח,תנובה,IL,שמנת אורגינל 15% שומן 200 מל,מיליליטרים,200.00,"100 מ""ל",false,1,2.40,1.2000,true,1,4278
7290004125509,false,שמנת תנובה 15% חצי מ,תנובה,IL,תנובה שמנת 15% חצי מנה 100 מל,מיליליטרים,100.00,"100 מ""ל",false,1,1.70,1.7000,true,1,4279
7290004125578,false,משקה סויה מועשר בסיד,סוי מג'יק,IL,משקה סויה מועשר בסידן 1 ליטר,ליטרים,1.00,ליטר,false,1,11.50,11.5000,true,1,4280
7290004125585,false,משקה סויה על הבוקר ו,סוי מג'יק,IL,משקה סויה על הבוקר וניל 1 ליטר,ליטרים,1.00,ליטר,false,1,10.90,10.9000,true,1,4281
7290004125721,false,שמנת לבישול 15%  250,תנובה,IL,"השף הלבן שמנת לבישול ,שמנת עמידה לבישול 15% 250 מל",מיליליטרים,250.00,"100 מ""ל",false,1,8.30,3.3200,true,1,4283
7290004125738,false,שמנת להקצפה 32%  250,תנובה,IL,"שמנת להקצפה 32%  250 מ""ל",מיליליטרים,250.00,"100 מ""ל",false,1,6.90,2.7600,true,1,4284
7290004125776,false,גבינה קשה עמק 28% פר,כצט,IL,עמק פרוס 28% 400 גרם בקופסא,גרמים,400.00,100 גרם,false,1,29.90,7.4750,true,1,33293
7290004126674,false,גבינה צהובה טל העמק,כצט,IL,גבינה צהובה טל העמק 9% לייט 200 גרם,גרמים,200.00,100 גרם,false,1,18.90,9.4500,true,1,4288
7290004126759,false,יוגורט יופלה דיאט פי,תנובה בעמ,IL,יופלה דיאט פירות יער %0 גביע  150 גרם,גרמים,150.00,100 גרם,false,1,4.90,3.2667,true,1,4289
7290004126872,false,שוקו תנובה בקבוק 250,תנובה,IL,"שוקו תנובה בקבוק 250 מ""ל",מיליליטרים,250.00,"100 מ""ל",false,1,5.90,2.3600,true,1,35041
7290004127329,false,קוטג 5% תנובה 250 גר,מחלבת אלון תבור,IL,קוטג 5% תנובה 250 גרם,גרמים,250.00,100 גרם,false,1,5.70,2.2800,true,1,4296
7290004127336,false,קוטג 9% תנובה 250 גר,מחלבת אלון תבור,IL,קוטג 9% תנובה 250 גרם,גרמים,250.00,100 גרם,false,1,5.70,2.2800,true,1,4297
7290004127800,false,גבינה למריחה 5% פיקו,מחלבת אלון תבור,IL,גבינה למריחה 5% פיקוח 500 גרם,גרמים,500.00,100 גרם,false,1,9.96,1.9920,true,1,4306
7290004127817,false,גבינה למריחה     9%,מחלבת אלון תבור,IL,גבינה למריחה 500 9% גרם,גרמים,500.00,100 גרם,false,1,9.50,1.9000,true,1,4307
7290004127862,false,גבינה למריחה     5%,מחלבת אלון תבור,IL,גבינה למריחה 750 5% גרם,גרמים,750.00,100 גרם,false,1,14.94,1.9920,true,1,4308
7290004128340,false,גבינת קרם שמנת 5% טב,תנובה,IL,קרם גבינת שמנת 5% בטעם טבעי 200 גרם,גרמים,200.00,100 גרם,false,1,11.90,5.9500,true,1,4313
7290004128401,false,גבינת פטה כבשים במשק,תנובה,,גבינת פטה כבשים במשקל,קילוגרמים,1.00,"ק""ג",true,,105.00,105.0000,true,1,30005
7290004128432,false,פתיתים מיוחדים לפיצה,תנובה,IL,פתיתים מיוחדים לפיצה על בסיס גבינה,גרמים,500.00,100 גרם,false,1,22.20,4.4400,true,1,48325
7290004129101,false,גבינת שמנת נפוליאון,מחלבת אלון תבור,IL,גבינת שמנת נפוליאון טבעי 225 גרם,גרמים,225.00,100 גרם,false,1,13.90,6.1778,true,1,4320
7290004129118,false,גבינת שמנת נפוליאון,מחלבת אלון תבור,IL,גבינת שמנת נפוליאון זיתים 225 גרם,גרמים,225.00,100 גרם,false,1,13.90,6.1778,true,1,4321
7290004129156,false,גבינת שמנת נפוליאון,מחלבת אלון תבור,IL,גבינת שמנת נפוליאון שום שמיר 225 גרם,גרמים,225.00,100 גרם,false,1,13.90,6.1778,true,1,4323
7290004129736,false,יוגורט יופלה לבן 1.5,תנובה,IL,יוגורט,גרמים,200.00,100 גרם,false,1,4.30,2.1500,true,1,20839
7290004129767,false,מאגדת יופלה לבן  3%,מחלבת אלון תבור,IL,מאגדת יופלה לבן 3% שמינייה,קילוגרמים,1.20,"ק""ג",false,1,18.90,15.7500,true,1,20840
7290004130794,false,משקה סויה מועשר מופח,סוי מג'יק,IL,משקה סויה מועשר מופחת מתיקות 1 ליטר,ליטרים,1.00,ליטר,false,1,11.50,11.5000,true,1,14143
7290004130916,false,יוגורט יופלה פירות י,תנובה בעמ,IL,יוגורט יופלה פירות יער שמנת 150 גרם,גרמים,150.00,100 גרם,false,1,4.90,3.2667,true,1,32850
7290004131074,false,חלב 3% קרטון מהדרין,תנובה,IL,חלב 3% קרטון מהדרין פיקוח 1 ליטר,ליטרים,1.00,ליטר,false,1,6.23,6.2300,true,1,4336
7290004131227,false,גבינה למריחה,מחלבת אלון תבור,IL,גבינה למריחה 500 3% גרם,גרמים,500.00,100 גרם,false,1,9.50,1.9000,true,1,22818
7290004131432,false,יוגורט יופלה 3% לבן,מחלבת אלון תבור,IL,יופלה לבן 3% גביע 200 גרם,גרמים,200.00,100 גרם,false,1,3.80,1.9000,true,1,20841
7290004131456,false,יוגורט יופלה 1.5% לב,מחלבת אלון תבור,IL,יופלה לבן 1.5% גביע 200 גרם,גרמים,200.00,100 גרם,false,1,3.80,1.9000,true,1,20842
7290004131814,false,גבינה צפתית מעודנת 5,תנובה מחלבת טנא נוגה,IL,פיראוס צפתית 5% מעודנת 200 גרם,גרמים,200.00,100 גרם,false,1,15.30,7.6500,true,1,23583
7290004132552,false,משקה סויה דיאט 1 ליט,סוי מג'יק,IL,משקה סויה דיאט 1 ליטר,ליטרים,1.00,ליטר,false,1,10.90,10.9000,true,1,25059
7290004132712,false,אצבעות עמק 172 גרם,תנובה,IL,עמק חטיף אצבעות גבינת מוצרלה 172 גרם 20%,גרמים,172.00,100 גרם,false,1,16.90,9.8256,true,1,22624
7290004133511,false,מאג.יופלה לבן מעוד,מחלבת אלון תבור,IL,יופלה שמיניה לבן מעודן 1.5%,קילוגרמים,1.20,"ק""ג",false,1,20.50,17.0833,true,1,23231
7290004135058,false,מאג.קרלו מיני שוקו,מחלבת אלון תבור,IL,"מארז קרלו מיני בטעם  שוקולד, 8 יחידות, 800 גרם",גרמים,800.00,100 גרם,false,1,13.90,1.7375,true,1,46633
7290004135072,true,מאגדת מיני קרלו 1/8,,,מאגדת מיני קרלו 1/8,,0.00,,false,,13.90,0.0000,true,1,156745
7290004135225,false,מעדן דיאט שוקולד 150,מחלבת אלון תבור,IL,מעדן דיאט שוקולד 150 גרם,גרמים,150.00,100 גרם,false,1,4.20,2.8000,true,1,39815
7290004135324,false,גבינה בולגרית מעודנת,תנובה מרכז שיתופי לש,,"בולגרית מעודנת 1 5% ק""ג",קילוגרמים,1.00,"ק""ג",true,,49.00,49.0000,true,1,37690
7290004135614,false,גבינה בולגרית מעודנת,תנובה,IL,פיראוס גבינה בולגרית מעודנת 5% שומן,גרמים,250.00,100 גרם,false,1,22.70,9.0800,true,1,46808
7290004136154,false,משקה אייס קפה תנובה,מחלבת רחובות,IL,"משקה אייס קפה תנובה בקבוק 340 מ""ל",מיליליטרים,340.00,"100 מ""ל",false,1,6.90,2.0294,true,1,47377
7290004136598,false,מארז הפסקת אוכל חלב,"תנובה, מחלבת טנא נוג",IL,מארז הפסקת אוכל חלב+דגנים,לא מנהל יחידת מידה,0.00,לא מנהל יחידת מידה,false,1,9.30,0.0000,true,1,45074
7290004136857,false,גלי בטעם פטל 125 גרם,סוי מג'יק,IL,גלי בטעם פטל 125 גרם,גרמים,125.00,100 גרם,false,1,2.30,1.8400,true,1,44292
7290004136864,false,גלי אננס וחתיכות פרי,סוי מג'יק,IL,גלי אננס וחתיכות פרי 125 גרם,גרמים,125.00,100 גרם,false,1,2.70,2.1600,true,1,44293
7290004136871,false,מעדן גלי אפרסק חתיכו,סוי מג'יק,IL,מעדן גלי אפרסק חתיכות פרי           125,גרמים,125.00,100 גרם,false,1,2.70,2.1600,true,1,44294
7290004137021,false,שמנת לבישול 10% מופח,תנובה,IL,תנובה השף הלבן שמנת לבישול עם סיבים 10% שומן,מיליליטרים,250.00,"100 מ""ל",false,1,8.30,3.3200,true,1,48254
7290004137311,false,גבינה עמק 9% לייט 40,תנובה,IL,עמק גבינה צהובה חצי קשה 9% שומן,גרמים,400.00,100 גרם,false,1,30.50,7.6250,true,1,47588
7290004137809,false,גבינת לאבנה פיראוס 5,"תנובה, מחלבת אלון תב",IL,פיראוס לאבנה אסלית 5% שומן 250 גרם,גרמים,250.00,100 גרם,false,1,13.20,5.2800,true,1,48173
7290004161019,false,סלמון  מונטה קרלו 10,מונטה קרלו,IL,סלמון  מונטה קרלו 100 גרם,גרמים,100.00,100 גרם,false,1,26.90,26.9000,true,1,149626
7290004170097,false,עוגת קרנץ במילוי דה,גדרון,IL,עוגת קרנץ במילוי דה לה קרם בטעם שוקולד,יחידה,1.00,יחידה,false,1,19.90,19.9000,true,1,143471
7290004170462,false,ריבועי פיצה עם זיתים,גדרון,IL,ריבועי פיצה עם זיתים,קילוגרמים,1.00,"ק""ג",true,,49.90,49.9000,true,1,151404
7290004170479,false,באגט אותנטי  כפרי גי,גדרון,IL,באגט אותנטי  כפרי גידרון  חצי אפוי,לא מנהל יחידת מידה,0.00,לא מנהל יחידת מידה,false,1,9.90,0.0000,true,1,115227
7290004170882,false,שליש באגט אותנטי,גדרון דגון,IL,שליש באגט אותנטי,יחידה,1.00,יחידה,false,1,5.90,5.9000,true,1,121272
7290004170899,false,שליש באגט כפרי אותנט,גדרון דגון,IL,שליש באגט כפרי אותנטי,יחידה,1.00,יחידה,false,1,5.90,5.9000,true,1,121273
7290004199180,false,כפפות לטקס איזי טאצ,הדקלאים אגודת שיתופי,TH,EASY TOUCH כפפות לטקס גודל: Large,יחידה,1.00,יחידה,false,1,34.90,34.9000,true,1,62769
7290004199203,false,קיסמיי שיניים מבמבוק,הדקלאים אגודת שיתופי,CN,קיסמי שיניים מבמבוק מלחייה 300 יח',Unknown,0.00,Unknown,false,1,2.90,0.0000,true,1,65315
7290004200930,false,"זיקוק זוג 15 ס""מ בשק",F.T.I,,זיקוק זוג 15 סמ בשקית,יחידה,1.00,יחידה,false,1,6.80,6.8000,true,1,92254
7290004219819,false,מלבין קפה קומפלטה 20,פריזלנד פודס קיוויט,NL,קומפלטה מלבין קפה הולנדי 200 גרם,גרמים,200.00,100 גרם,false,1,11.90,5.9500,true,1,4442
7290004225285,false,דאנאבול דנית 100 ג,האי נאם סי או אל.טי.,DK,רכיבי חלב ושומן צמחי בסגנון דנאבלו 100 גרם,גרמים,100.00,100 גרם,false,1,12.40,12.4000,true,1,88161
7290004230081,false,קציצות עוף ברוטב עגב,קרלו,IL,קציצות עוף ברוטב עגבניות שגב 800 גרם,גרמים,800.00,100 גרם,false,1,33.90,4.2375,true,1,88825
7290004255428,false,נר נשמה מנורה בפחית,מנורה,IL,נר נשמה מנורה בפחית  24 שעות,יחידה,1.00,יחידה,false,1,2.50,2.5000,true,1,144715
7290004256371,false,גבינת ריץ פרוסה 400,כלורוקס אוקלנד,PL,גבינה צהובה פרוסה על בסיס חלב,גרמים,400.00,100 גרם,false,1,18.90,4.7250,true,1,125838
7290004343460,false,צבת אל חלד לעור סולי,,,צבת אל חלד לעור סולינגן,יחידה,1.00,יחידה,false,1,59.90,59.9000,true,1,63405
7290004344603,false,צבת אל חלד לציפורניי,,,צבת אל חלד לצפורניים סולינגן,יחידה,1.00,יחידה,false,1,59.90,59.9000,true,1,63404
7290004344627,false,קשת פשוטה זוג טאצ,,,קשת פשוטה זוג טאצ,יחידה,1.00,יחידה,false,1,12.90,12.9000,true,1,151673
7290004480219,false,צדר גד לקג,מחלבות גד,IL,צדר גד לקג גד,קילוגרמים,1.00,"ק""ג",true,,135.00,135.0000,true,1,153430
7290004480332,false,גאודה בקר משולש גד ל,מחלבת גד,IL,"גאודה בקר משולש גד לק""ג",קילוגרמים,1.00,"ק""ג",true,,115.00,115.0000,true,1,153583
7290004480349,false,גאודה עיזים משולש גד,מחלבת גד,IL,"גאודה עיזים משולש גד לק""ג",קילוגרמים,1.00,"ק""ג",true,,140.00,140.0000,true,1,153584
7290004492274,false,בייגלה טבעות מלוחות,אתר בייגל - Food,IL,כעכים בצורת טבעות עם מלח בייגל בייגל,גרמים,400.00,100 גרם,false,1,11.90,2.9750,true,1,4700
7290004494131,false,יין דלתון קברנה סובנ,"איי, בי, אינבוו",IL,דלתון קברנה סוביניון 2019 יין אדום יבש,מיליליטרים,750.00,"100 מ""ל",false,1,64.90,8.6533,true,1,53095
7290004494148,false,יין דלתון מרלו 750 מ,"איי, בי, אינבוו",IL,דלתון יין 15% אדום יבש מרלו 2014,מיליליטרים,750.00,"100 מ""ל",false,1,64.90,8.6533,true,1,53023
7290004494179,false,יין דלתון שרדונה 750,"איי, בי, אינבוו",IL,יין דלתון שרדונה 750 מל,מיליליטרים,750.00,"100 מ""ל",false,1,64.90,8.6533,true,1,152352
7290004494353,false,יין דלתון עלמה לבן 2,יקב דלתון בעמ,IL,יין דלתון עלמה אייבורי 750מל,מיליליטרים,750.00,"100 מ""ל",false,1,79.90,10.6533,true,1,92948
7290004494377,false,יין דלתון שיראז 750,"איי, בי, אינבוו",IL,יין דלתון אדום יבש שיראז 2020 13.5% 750 מל,מיליליטרים,750.00,"100 מ""ל",false,1,64.90,8.6533,true,1,53328
7290004494599,false,יין דלתון עלמה,,IL,עלמה קרימזון דלתון 750 מל 2018,מיליליטרים,750.00,"100 מ""ל",false,1,79.90,10.6533,true,1,53932
7290004494919,false,כנען אדום קברנה שירא,כצט,IL,כנען אדום קברנה שיראז דלתון 750מל,מיליליטרים,750.00,"100 מ""ל",false,1,49.90,6.6533,true,1,118977
7290004504632,false,מאפה יווני גבינה ותר,גדרון,IL,מאפה יווני גבינה ותרד,קילוגרמים,1.00,"ק""ג",true,,49.90,49.9000,true,1,121265
7290004504649,false,בורקס גבינה יווני,גדרון סהרון,IL,בורקס גבינה יווני,קילוגרמים,1.00,"ק""ג",true,,49.90,49.9000,true,1,121264
7290004504700,false,מאפה יווני פיצה,גדרון,IL,מאפה יווני פיצה,קילוגרמים,1.00,"ק""ג",true,,49.90,49.9000,true,1,121268
7290004504731,false,לחם רוסי קפוא,גדרון,IL,לחם רוסי קפוא,יחידה,1.00,יחידה,false,1,9.90,9.9000,true,1,125565
7290004504748,false,לחם עם בצל קפוא,גדרון,IL,לחם עם בצל קפוא,לא מנהל יחידת מידה,0.00,לא מנהל יחידת מידה,false,1,9.90,0.0000,true,1,125655
7290004554798,false,שלגון מטרה,"מיוצר ע"" גלידת שטראו",IL,שטראוס מטרה שלגון בטעמי פטל ולימון 80 גרם,גרמים,90.00,100 גרם,false,1,6.90,7.6667,true,1,13198
7290004584306,false,גמדים תות בננה רביעי,מיוצר עי קונדיטוריית,IL,4 גמדים תות בננה,גרמים,400.00,100 גרם,false,1,11.90,2.9750,true,1,4760
7290004584351,false,גבינה במרקם שמנת סימ,"שטראוס בריאות בע""מ",IL,סימפוניה החמישית,גרמים,200.00,100 גרם,false,1,11.90,5.9500,true,1,4761
7290004584528,false,יוגורט דנונה ביו 1.7,מיוצר עי קונדיטוריית,IL,דנונה ביו  1.7% 200 גרם,גרמים,200.00,100 גרם,false,1,3.70,1.8500,true,1,4762
7290004585907,false,מעדן דני וניל 125 גר,"שטראוס בריאות בע""מ",IL,דני וניל,גרמים,125.00,100 גרם,false,1,2.90,2.3200,true,1,4767
7290004658953,false,יין סוביניון,"כד בני דרום בע""מ",IL,"יין P.C סוביניון בלאן 750 מ""ל",מיליליטרים,750.00,"100 מ""ל",false,1,39.90,5.3200,true,1,17757
7290004658960,false,יין P.C אמרלד ריזלינ,אגודת הכורמים הקואופ,IL,"יין P.C אמרלד ריזלינג 750 מ""ל",מיליליטרים,750.00,"100 מ""ל",false,1,39.90,5.3200,true,1,4839
7290004685089,false,לחם הארץ חמניות,יוליניבר,IL,לחם הארץ חמניות,גרמים,500.00,100 גרם,false,1,15.90,3.1800,true,1,85131
7290004685157,false,לחם שיפון 100%  750,יוליניבר,IL,לחם שיפון 100%  750 גרם,גרמים,750.00,100 גרם,false,1,16.50,2.2000,true,1,23586
7290004685195,false,לחם 10 דגנים לחם האר,יוליניבר,IL,לחם 10 דגנים לחם הארץ 750 גרם,גרמים,750.00,100 גרם,false,1,16.90,2.2533,true,1,15584
7290004685201,false,לחם אגוזים לחם הארץ,יוליניבר,IL,הארץ שיפון אגוזים,גרמים,500.00,100 גרם,false,1,15.90,3.1800,true,1,4869
7290004685430,false,לחם כוסמין 500 גרם,יוליניבר,IL,לחם כוסמין 500 גרם,גרמים,500.00,100 גרם,false,1,15.90,3.1800,true,1,116533
7290004685447,false,לחמניות כוסמין מארז,מאפיות ברמן,IL,לחמניות כוסמין מארז שישייה,גרמים,750.00,100 גרם,false,1,14.90,1.9867,true,1,149522
7290004725600,false,גבינה סקנדינבית,,,גבינה סקנדינבית,קילוגרמים,1.00,"ק""ג",true,,74.30,74.3000,true,1,113679
7290004731083,false,אלסבון כיף גנסנג,קוסמופארם בע''מ,IL,כיף 1 ליטר ג'נסינג,ליטרים,1.00,ליטר,false,1,15.90,15.9000,true,1,23965
7290004731410,false,כרית קרצוף סנו סושי,סנו,,כרית קרצוף סנו סושי ירוק שלישייה,יחידה,0.00,יחידה,false,1,9.90,0.0000,true,1,24104
7290004731472,false,מארז אלסבון כיף צבעו,קוסמופארם בע''מ,IL,כיף שלישיה צבעוני,ליטרים,1.50,ליטר,false,1,18.90,12.6000,true,1,23967
7290004731564,false,מבשם ומרכך כביסה למי,סנו,IL,מבשם ומרכך כביסה למייבש BLUE BLOSSOM,יחידה,1.00,יחידה,false,1,18.90,18.9000,true,1,116416
7290004731984,false,אורביטול משחת שיניים,קוסמופארם,IL,אורביטול משחת שיניים גו וויט 145 גרם,גרמים,145.00,100 גרם,false,1,15.90,10.9655,true,1,146213
7290004737719,false,אספרגוס שלם בצנצנת 3,יוליניבר,CN,אספרגוס שלם בצנצנת 330 גרם,גרמים,330.00,100 גרם,false,1,9.90,3.0000,true,1,4894
7290004737900,false,חלב מרוכז הולנדי ויל,יו.איי.בי מאריג'אמפו,LT,חלב מרוכז הולנדי ויליפוד 397 גרם,גרמים,397.00,100 גרם,false,1,10.90,2.7456,true,1,4896
7290004846695,false,קבבוני השוק 800 גרם,קצביית פרימיום,IL,קבבוני השוק 800 גרם,גרמים,800.00,100 גרם,false,1,59.90,7.4875,true,1,156957
7290004846763,false,מרגז קפוא 400 גרם,קצביית פרימיום,IL,מרגז קפוא 400 גרם,גרמים,400.00,100 גרם,false,1,32.90,8.2250,true,1,156958
7290004846923,false,קבב אסאדו 400 גרם קפ,קצביית פרימיום,IL,קבב אסאדו 400 גרם קפוא,גרמים,400.00,100 גרם,false,1,32.90,8.2250,true,1,156961
7290004872021,false,קרחון רמזור,המאפיה של הרמן,IL,נסטלה קרחון רמזור בדצ 48*80גרם,Unknown,0.00,Unknown,false,1,2.90,0.0000,true,1,13208
7290004872069,false,קרחון לימון,המאפיה של הרמן,IL,שלגון קרח לימון,Unknown,0.00,Unknown,false,1,2.90,0.0000,true,1,12284
7290004872359,false,קרחון דובדבן,המאפיה של הרמן,IL,שלגון קרח דובדבן,Unknown,0.00,Unknown,false,1,2.90,0.0000,true,1,12198
7290004872731,false,טילון אקסטרים וניל,נגה גלידות,,טילון אקסטרים וניל,Unknown,0.00,Unknown,false,1,9.50,0.0000,true,1,13217
7290004943301,false,ברוקולי מילוטל  800,משק ויילר,IL,ברוקולי מילוטל  800גרם,גרמים,800.00,100 גרם,false,1,12.90,1.6125,true,1,156061
7290004943806,false,כרובית מילוטל  800ג,משק ויילר,IL,כרובית מילוטל  800גרם,גרמים,800.00,100 גרם,false,1,12.90,1.6125,true,1,156045
7290004952778,false,טופו אורגני,כפר בריא בעמ,IL,טופו אורגני 300 גרם הרדוף,גרמים,300.00,100 גרם,false,1,15.90,5.3000,true,1,21051
7290004982379,false,גבינה פול אפי במשקל,,,"גבינה פול אפי במשקל 3 ק""ג",קילוגרמים,1.00,"ק""ג",true,,178.00,178.0000,true,1,5178
7290004982393,false,גבינה ברס בלו במשקל1,ברס,,גבינה ברס בלו במשקל1 קג                .,קילוגרמים,1.00,"ק""ג",true,,175.00,175.0000,true,1,5180
7290005008481,false,"דאו ג""ל ספורט ספיד ס",קולגייט פלמוליב,US,דאודורנט גל ספיד סטיק ספורט 85 גרם,מיליליטרים,85.00,"100 מ""ל",false,1,21.90,25.7647,true,1,5291
7290005020162,false,ויסקי בלנטיין בקבוק,פרנו,,וויסקי סקוטי בלנטייס פיינסט,מיליליטרים,700.00,"100 מ""ל",false,1,99.90,14.2714,true,1,41161
7290005020346,false,בקרדי לבן 750,ג'נרל מילס סאן אדריא,US,"בקרדי לבן 750 מ""ל",מיליליטרים,750.00,"100 מ""ל",false,1,119.90,15.9867,true,1,22594
7290005082979,false,חלת דגנים,"גידרון תעשיות בע""מ",,חלת דגנים,יחידה,1.00,יחידה,false,1,11.90,11.9000,true,1,102831
7290005084355,false,סנסודין דואלקר משחה,DE MICLEN,,סנסודיין משחת שיניים הגנה כפולה 75 מל,מיליליטרים,75.00,"100 מ""ל",false,1,21.90,29.2000,true,1,5411
7290005111761,false,מזון לכלבים בונזו מז,united pet food,FR,"בונזו בשר 3 ק""ג",קילוגרמים,3.00,"ק""ג",false,1,45.90,15.3000,true,1,5419
7290005113222,false,מיקס זיתים A2יבנה ח,קדבורי,IL,קבוצת יבנה מיקס זיתים 560 גרם,גרמים,540.00,100 גרם,false,1,10.90,2.0185,true,1,49713
7290005174551,false,סלט חומוס יום יום 12,מיוצר עי קונדיטוריית,IL,סלט חומוס יום יום 125  גרם,גרמים,125.00,100 גרם,false,1,5.50,4.4000,true,1,5448
7290005174568,false,סלט חציל במיונז יום,מיוצר עי קונדיטוריית,IL,סלט חציל במיונז יום יום 125 גרם,גרמים,125.00,100 גרם,false,1,5.50,4.4000,true,1,5449
7290005174575,false,סלט טחינה יום יום 12,מיוצר עי קונדיטוריית,IL,סלט טחינה יום יום 125 גרם,גרמים,125.00,100 גרם,false,1,4.90,3.9200,true,1,5450
7290005175589,false,"קמח תירס 1 ק""ג",,,"קמח תירס 1 ק""ג",קילוגרמים,1.00,"ק""ג",false,1,9.90,9.9000,true,1,5456
7290005200786,false,תפוציפס טעם שמנת ובצ,"שטראוס פריטו ליי בע""",IL,תפו שמנת בצל 50 גר 48 יח - שמיטה,גרמים,50.00,100 גרם,false,1,3.90,7.8000,true,1,5486
7290005201882,false,קפה טורקי 200 גרם,הנסיך- מפעל לייצור ט,IL,קפה טורקי 200 גרם,גרמים,200.00,100 גרם,false,1,15.90,7.9500,true,1,5525
7290005287510,false,טונה סטארקיסט פלפל ח,כלורוקס אוקלנד,TH,ס.ק עם פלפל חריף 160 גרם,גרמים,160.00,100 גרם,false,1,8.90,5.5625,true,1,46267
7290005287527,false,טונה סטארקיסט שמן עם,כלורוקס אוקלנד,TH,ס.ק  בטעם לימון 160גרם,גרמים,160.00,100 גרם,false,1,8.90,5.5625,true,1,46268
7290005287534,false,טונה בשמן בעישון סטא,כלורוקס אוקלנד,TH,סטארקיסט טונה בשמן בטעם מעושן,גרמים,160.00,100 גרם,false,1,8.90,5.5625,true,1,46269
7290005296260,false,אסטוניש רסס נגב לניק,פרח,,יעקבי אסטוניש ספריי ניקוי נגב 750 מל,מיליליטרים,750.00,"100 מ""ל",false,1,15.90,2.1200,true,1,15419
7290005326585,false,פסטו בזיליקום  אוליב,גוד פוד פרודקטס S.p,IL,פסטו בזיליקום  אוליביה180גרם,גרמים,180.00,100 גרם,false,1,12.90,7.1667,true,1,121282
7290005384851,false,"מיץ לימון 200 מ""ל",יורופוד,IT,"מיץ לימון 200 מ""ל",מיליליטרים,200.00,"100 מ""ל",false,1,5.90,2.9500,true,1,20737
7290005423567,false,מטליות לניקוי כללי ב,סנו סושי,IL,סנו סושי - 40 מטליות לניקוי כללי בגליל,לא מנהל יחידת מידה,0.00,לא מנהל יחידת מידה,false,1,23.90,0.0000,true,1,5905
7290005423635,false,ריצפז דוחה תיקנים 2,סנו מפעלי ברונוס בעמ,IL,סנו ריצפז פלוס,ליטרים,2.00,ליטר,false,1,22.90,11.4500,true,1,5907
7290005423734,false,מרכך כביסה מקסימה או,סאנו,IL,מרכך 4 ליטר,ליטרים,4.00,ליטר,false,1,22.90,5.7250,true,1,5909
7290005423833,false,נוזל לרצפה פוליויקס,"סנו מפעלי ברונוס בע""",IL,סנו פוליויקס מנקה מבריק פרקט 2 ליטר,ליטרים,2.00,ליטר,false,1,22.90,11.4500,true,1,5910
7290005424113,false,מטלית רצפה,עופרטקס,,"מטלית רצפה סנו סושי 4 יח               """,Unknown,0.00,Unknown,false,1,13.10,0.0000,true,1,5913
7290005424403,false,אלסבון כיף אצות ים,קוסמופארם בע''מ,IL,כיף אל סבון קטיפתי מועשר בלחות 1 ליטר,ליטרים,1.00,ליטר,false,1,15.90,15.9000,true,1,5917
7290005424755,false,ריצפז פלוס מטליות לח,סנו מפעלי ברונו בעמ,IL,סנו ריצפז פלוס דוחה תיקנים ניחוח לימון,לא מנהל יחידת מידה,0.00,לא מנהל יחידת מידה,false,1,16.90,0.0000,true,1,121126
7290005424847,false,מפיות נייר סנו סושי,איפק,,מפיות נייר סנו סושי 150 יח,Unknown,0.00,Unknown,false,1,9.90,0.0000,true,1,5925
7290005425646,false,סנוקליר חלונות 1 ליט,"סנו מפעלי ברונוס בע""",IL,סנוקליר חלונות 1 ליטר,ליטרים,1.00,ליטר,false,1,11.90,11.9000,true,1,5934
7290005426230,false,מטלית הפלא לרצפה,N.S.,,מטלית הפלא לרצפה סנו סושי,Unknown,0.00,Unknown,false,1,11.90,0.0000,true,1,5943
7290005427107,false,מגבת נייר סנו סושי 6,סנו מפעלי ברונוס בעמ,IL,"סנו סושי 6 מגבות הפלא, 700 גרם",מטרים,6350.00,מטר,false,1,12.90,0.0020,true,1,16841
7290005427978,false,קרמה תרחיץ פנים 180,גוד פוד פרודקטס S.p,IL,קרמה תחליב רחצה לפנים 180 מל,מיליליטרים,180.00,"100 מ""ל",false,1,15.90,8.8333,true,1,28271
7290005428845,false,סנו סופט מפיות 100 י,,,סנו סופט מפיות 100 יח צבעוני,מיליליטרים,750.00,"100 מ""ל",false,1,9.90,1.3200,true,1,109273
7290005428852,false,מגבוני טישו צבעוני 5,ישרפייפר,,מגבוני טישו צבעוני סנו סופט          1/5,יחידה,1.00,יחידה,false,1,15.90,15.9000,true,1,16091
7290005429286,false,א.כביסה מקסימה ביו,סנו,,"אבק.כביסה מקסימה ביו 6 ק""ג",קילוגרמים,6.00,"ק""ג",false,1,49.90,8.3167,true,1,30390
7290005430480,false,מטלית הפלא,N.S.,,מטלית הפלא סנו סושי למשטח,Unknown,0.00,Unknown,false,1,9.90,0.0000,true,1,36264
7290005430602,false,"מסיר כתמים אוקסיג""ן",סנו,IL,"מסיר כתמים אוקסיג""ן מרסס 750 מ""ל",מיליליטרים,750.00,"100 מ""ל",false,1,18.90,2.5200,true,1,5979
7290005431883,false,מלבי חלבי 165 גרם,לחמנו,IL,עדן מלבי 165 גרם,גרמים,165.00,100 גרם,false,1,6.90,4.1818,true,1,143124
7290005431890,false,בוואריה 95 גרם,לחמנו,IL,עדן בוואריה  95 גרם,גרמים,95.00,100 גרם,false,1,6.90,7.2632,true,1,143128
7290005431906,false,קדאיף 82 גרם,תנובה,IL,קדאיף 82 גרם,גרמים,82.00,100 גרם,false,1,6.90,8.4146,true,1,143127
7290005431913,false,עוגת גבינה פירורים 9,תנובה,IL,עוגת גבינה פירורים 92 גרם,גרמים,92.00,100 גרם,false,1,6.90,7.5000,true,1,143125
7290005431920,false,עוגת גבינה פירורים ל,תנובה,IL,עוגת גבינה פירורים לייט 78 גרם,גרמים,78.00,100 גרם,false,1,6.90,8.8462,true,1,143126
7290005431937,false,טירמיסו 82 גרם,תנובה,IL,טירמיסו 82 גרם,גרמים,82.00,100 גרם,false,1,6.90,8.4146,true,1,143123
7290005431968,false,מלבי שמנת 150גרם,תנובה,IL,מלבי שמנת 150גרם,גרמים,150.00,100 גרם,false,1,7.90,5.2667,true,1,145866
7290005509445,false,עוג.מיני קוקיס חמאה,HIQ FOOD PRODUCTS,IL,עוג.מיני קוקיס חמאה 600 גרם,גרמים,600.00,100 גרם,false,1,23.90,3.9833,true,1,13027
7290005559587,false,מאפה נקניקיה 800 גרם,"מעדנות בע""מ",IL,מאפה נקניקיה 800 גרם,גרמים,800.00,100 גרם,false,1,33.60,4.2000,true,1,6137
7290005559709,false,בורקס פיצה,"מעדנות בע""מ",IL,בורקס פיצה מעדנות 700 גרם,גרמים,700.00,100 גרם,false,1,25.90,3.7000,true,1,6142
7290005559907,false,פיצה משפחתית גבינה מ,מיוצר עי קונדיטוריית,IL,פיצה משפחתית גבינה מעדנות 500גרם,גרמים,500.00,100 גרם,false,1,25.90,5.1800,true,1,6145
7290005559990,false,בצק פילאס תורכי 600,"מעדנות בע""מ",IL,בצק פילאס תורכי 600 גרם,גרמים,600.00,100 גרם,false,1,22.90,3.8167,true,1,6150
7290005588976,true,גביע טחינה מי ומי,קלאס פוד,IL,גביע טחינה מי ומי,Unknown,0.00,Unknown,false,1,19.90,0.0000,true,1,124556
7290005588983,true,גביע חומוס מי ומי,קלאס פוד,IL,גביע חומוס מי ומי,גרמים,500.00,100 גרם,false,1,19.90,3.9800,true,1,122964
7290005591761,false,דבש פרחי בר בקבוק לח,תות תעשיות מזון (201,IL,דבש טהור לחיץ 400 גרם,גרמים,400.00,100 גרם,false,1,24.90,6.2250,true,1,6164
7290005610509,false,צנונית בייבי ארוז,חקלאי,IL,צנונית בייבי ארוז,לא מנהל יחידת מידה,0.00,לא מנהל יחידת מידה,false,1,11.90,0.0000,true,1,61786
7290005678318,false,ענב לבן,חקלאי,IL,ענב לבן,קילוגרמים,1.00,"ק""ג",true,,39.90,39.9000,true,1,152066
7290005680052,false,טמפוני O.B סופר פלוס,גונסון אנד גונסון,GR,טמפוני O.B סופר פלוס 32 יח,יחידה,32.00,יחידה,false,1,24.90,0.7781,true,1,6224
7290005686436,false,תפוח עץ מיובש 200 גר,"דין שיווק וקליה בע""מ",,תפוח עץ מיובש 200 גרם,גרמים,200.00,100 גרם,false,1,11.90,5.9500,false,1,151989
7290005718021,false,שטורדל גבינה,"גידרון תעשיות בע""מ",,שטורדל גבינה,גרמים,600.00,100 גרם,false,1,24.90,4.1500,true,1,14585
7290005718038,false,"שטרודל תפו""ע","גידרון תעשיות בע""מ",,שטרודל תפוע,גרמים,600.00,100 גרם,false,1,24.90,4.1500,true,1,14586
7290005838002,false,מעדן דניאלה גבינה ונ,"שטראוס בריאות בע""מ",IL,דניאלה וניל,גרמים,88.00,100 גרם,false,1,4.40,5.0000,true,1,6451
7290005838613,false,סקי וניל 125 גרם,"שטראוס בריאות בע""מ",IL,סקי וניל 125 גרם,גרמים,125.00,100 גרם,false,1,3.90,3.1200,true,1,6453
7290005839078,false,מארז דנונה ביו 1.200,מיוצר עי קונדיטוריית,IL,מארז 8 חסכון - ביו 3% 150 גרם,קילוגרמים,1.20,"ק""ג",false,1,17.60,14.6667,true,1,6459
7290005839108,false,גבינה במרקם שמנת סימ,"שטראוס בריאות בע""מ",IL,סימפוניה 5% עם זתים,גרמים,200.00,100 גרם,false,1,11.90,5.9500,true,1,6461
7290005839313,false,מילקי טופ מגולגלת 14,מיוצר עי קונדיטוריית,IL,מילקי טופ מגולגלת 140 גרם,גרמים,140.00,100 גרם,false,1,4.90,3.5000,true,1,6463
7290005854040,false,שלגון אסקימו משמש,יושלם,,שלגון אסקימו משמש,לא מנהל יחידת מידה,0.00,לא מנהל יחידת מידה,false,1,3.00,0.0000,true,1,57755
7290005854606,false,שלגון אסקימו אננס,יושלם,,שלגון אסקימו אננס,לא מנהל יחידת מידה,0.00,לא מנהל יחידת מידה,false,1,2.90,0.0000,true,1,13706
7290005854613,false,תותי פרוטי,יושלם,,תותי פרוטי,לא מנהל יחידת מידה,0.00,לא מנהל יחידת מידה,false,1,2.90,0.0000,true,1,12202
7290005896439,false,בירה מכבי בקבוק חוזר,"איי, בי, אינבוו",IL,"בירה מכבי, בקבוק חוזר 500 מ''ל",מיליליטרים,500.00,"100 מ""ל",false,1,6.90,1.3800,true,1,85793
7290005896453,false,בירה מכבי 7.9% בקבוק,פארייפאבה אגרואינדוס,IL,"בירה מכבי 7.9%, בירה חזקה, בקבוק חוזר 500 מ''ל",מיליליטרים,500.00,"100 מ""ל",false,1,7.90,1.5800,true,1,113980
7290005938238,false,"צ""ימצ""ורי 220 גרם",כלורוקס אוקלנד,IL,פרסקו צ'ימיצ'ורי ממרח בסגנון ארגנטינאי 220 גרם,גרמים,220.00,100 גרם,false,1,17.50,7.9545,true,1,25259
7290005938245,false,פסטו קלאסי 220 גרם,כלורוקס אוקלנד,IL,פרסקו פסטו קלאסי ממרח בזיליקום וצנובר 220 גרם,גרמים,220.00,100 גרם,false,1,19.90,9.0455,true,1,25162
7290005938627,false,פרסקו ממרח עגבניות,כלורוקס אוקלנד,IL,פרסקו ממרח עגבניות מיובשות 220 גרם,גרמים,220.00,100 גרם,false,1,19.90,9.0455,true,1,70482
7290005966033,false,יין הר חרמון לבן,דולפין ספא,IL,"הר חרמון יין לבן יבש 2020 750 מ""ל",מיליליטרים,750.00,"100 מ""ל",false,1,33.90,4.5200,true,1,6559
7290005992018,false,"יוגורט עיזים 500 מ""ל","מיוצר ע""י קוד יצרן M",IL,"יוגורט עיזים 500 מ""ל גד",מיליליטרים,500.00,"100 מ""ל",false,1,13.90,2.7800,true,1,6615
7290005992247,false,חלומי מעדניה שקיל,מחלבת גד,IL,חלומי מעדניה שקיל גד,קילוגרמים,1.00,"ק""ג",true,,110.00,110.0000,true,1,124533
7290005992575,false,גבינה בולגרית למריחה,יוליניבר,IL,גד גבינה בולגרית מלוחה למריחה 5% שומן,גרמים,250.00,100 גרם,false,1,18.90,7.5600,true,1,6622
7290005992667,false,בולגרית          5%,יושלם,,"בולגרית 1 5% ק""ג",קילוגרמים,1.00,"ק""ג",true,,64.00,64.0000,true,1,6627
7290005992735,false,גבינת לאבנה 5% 250 ג,הנסיך- מפעל לייצור ט,IL,גבינת לאבנה 5% 250 גרם גד,גרמים,250.00,100 גרם,false,1,12.90,5.1600,true,1,6629
7290005992872,false,גבינה צפתית 5% במים,יושלם,,גבינה צפתית 5% במים במשקל,קילוגרמים,1.00,"ק""ג",true,,65.00,65.0000,true,1,6634
7290005992889,false,גד גבינת שמנת שמיר 3,יושלם,,גבינה שמנת שום שמיר במשקל           30%,קילוגרמים,1.00,"ק""ג",true,,49.00,49.0000,true,1,6635
7290005992902,false,גבינה שמנת ירקות,יושלם,,גבינה שמנת ירקות במשקל,קילוגרמים,1.00,"ק""ג",true,,49.00,49.0000,true,1,6636
7290005992957,false,פטה עיזים מסורתית 20,,,פטה עיזים מסורתית 20% מהדרין גד,קילוגרמים,1.00,"ק""ג",true,,125.00,125.0000,true,1,6638
7290005996054,false,סרוולט הונגרי לקג,מעדני יחיעם,IL,סרוולט הונגרי לקג,קילוגרמים,1.00,"ק""ג",true,,162.90,162.9000,true,1,144367
7290005996078,false,סלמי סרוולט הונגרי 1,יחיעם,IL,סלמי סרוולט הונגרי 125 ג',גרמים,125.00,100 גרם,false,1,29.90,23.9200,true,1,144366
7290005996153,false,נקניקיות צרפתיות  28,יחיעם,IL,נק' בסגנון צרפתי 280 גרם,גרמים,280.00,100 גרם,false,1,23.90,8.5357,true,1,143636
7290005996221,false,פסטרמה של פעם דק דק,יחיעם,IL,פסט' של פעם דק דק 120 גרם,גרמים,120.00,100 גרם,false,1,10.90,9.0833,true,1,145363
7290005996276,false,פסטרמה ברביקיו דק דק,יחיעם,IL,פסט' ברבקיו דק דק 140גר',גרמים,120.00,100 גרם,false,1,10.90,9.0833,true,1,145364
7290005996740,false,סלמי פפרוני יחיעם 30,יחיעם,IL,סלמי פפרוני יחיעם 300 גרם,גרמים,300.00,100 גרם,false,1,25.90,8.6333,true,1,150084
7290005996825,false,נקניקיות בקר אמריקאי,מעדני יחיעם,IL,נקניקיות בקר אמריקאיות יחיעם 280גרם,גרמים,280.00,100 גרם,false,1,23.90,8.5357,true,1,149807
7290006229427,false,מים סן בנדטו שישייה,טמפו,,"מים סן בנדטו שישייה בקבוק 500 מ""ל",ליטרים,3.00,ליטר,false,1,15.90,5.3000,true,1,12508
7290006241214,false,שקד טבעי 200 גרם,הדקלאים אגודת שיתופי,IL,שקד טבעי שקית 200 גרם,גרמים,200.00,100 גרם,false,1,21.90,10.9500,true,1,15192
7290006241504,false,פריגת תפוזים קפוא 34,גת,IL,"פריגת תפוזים קפוא 340 מ""ל",מיליליטרים,340.00,"100 מ""ל",false,1,14.90,4.3824,true,1,6920
7290006241511,false,פריגת לימונענע קפוא,היינץ צפון אמריקה מק,IL,פריגת לימונענע קפוא 340 מל             .,מיליליטרים,340.00,"100 מ""ל",false,1,14.90,4.3824,true,1,6921
7290006241689,false,פריגת לימון קפוא,היינץ צפון אמריקה מק,IL,פריגת לימון קפוא 340 גרם,מיליליטרים,340.00,"100 מ""ל",false,1,14.90,4.3824,true,1,6929
7290006251107,false,"תה מסאלה צ""אי 25 שקי",מולינו ניקולי s.p.a,IL,מסאלה צ'אי,גרמים,50.00,100 גרם,false,1,19.90,39.8000,true,1,6942
7290006251275,false,תה ירוק סיני קלאסי 2,HIQ FOOD PRODUCTS,IL,תה ירוק סיני T.T,גרמים,37.00,100 גרם,false,1,25.90,70.0000,true,1,6944
7290006251374,false,תה ירוק לימונית וגינ,HIQ FOOD PRODUCTS,IL,תה ירוק לימונית וג'ינג'ר T.T,גרמים,37.00,100 גרם,false,1,25.90,70.0000,true,1,14199
7290006256089,false,יין גאטו נגרו קברנה,יושלם,,יין גאטו נגרו קברנה סוביניון750מל,מיליליטרים,750.00,"100 מ""ל",false,1,36.90,4.9200,true,1,6956
7290006256102,false,יין גאטו נגרו מרלו 7,יושלם,,יין גאטו נגרו מרלו 750 מל              .,מיליליטרים,750.00,"100 מ""ל",false,1,36.90,4.9200,true,1,6957
7290006265500,false,פטריות שמפיניון  יחי,מרינה,IL,פטריות שמפיניון  יחידה,גרמים,250.00,100 גרם,false,1,10.90,4.3600,true,1,55392
7290006271174,false,גחנון לאפיה מעדנות 7,מיוצר עי קונדיטוריית,IL,גחנון לאפיה מעדנות 700 גרם,גרמים,700.00,100 גרם,false,1,19.90,2.8429,true,1,6966
7290006271181,false,גחנון אפוי 750 גרם,"מעדנות בע""מ",IL,"ג""חנון אפוי 750 גרם מעדנות",גרמים,750.00,100 גרם,false,1,26.90,3.5867,true,1,6967
7290006271648,false,מיני בורקס תפוא,"מעדנות בע""מ",IL,מיני בורקס תפוא מעדנות 800גרם,גרמים,800.00,100 גרם,false,1,26.90,3.3625,true,1,55559
7290006271655,false,מיני בורקס גבינה,"מעדנות בע""מ",IL,מיני בורקס גבינה מעדנות 800גרם,גרמים,800.00,100 גרם,false,1,28.90,3.6125,true,1,55560
7290006272072,false,חטיפי פיצה מעדנות 65,"מעדנות בע""מ",IL,חטיפי פיצה מעדנות 650 גרם,גרמים,650.00,100 גרם,false,1,34.90,5.3692,true,1,121263
7290006272430,false,בצק עלים חמאה 600 גר,"מעדנות בע""מ",IL,בצק עלים חמאה 600 גרם,גרמים,600.00,100 גרם,false,1,27.90,4.6500,true,1,46062
7290006306296,false,רביולי גבינה לילדים,קרלו,IL,רביולי במילוי גבינה במיוחד לילדים,גרמים,400.00,100 גרם,false,1,29.90,7.4750,true,1,75878
7290006306326,false,רביולי פטריות ופרמזן,קרלו,IL,רביולי במילוי פטריות וגבינת פרמזן,גרמים,400.00,100 גרם,false,1,29.90,7.4750,true,1,31272
7290006306340,false,"ניוקי תפו""א 400 גרם",דורום תעשיות מזון ופ,IL,ניוקי תפוח אדמה,גרמים,400.00,100 גרם,false,1,29.90,7.4750,true,1,31274
7290006306357,false,רביולי גבינת עיזים,קרלו,IL,רביולי במילוי גבינת עיזים 400 גרם,גרמים,400.00,100 גרם,false,1,30.90,7.7250,true,1,31506
7290006342065,false,בוטנים קלויים 200גרם,,,בוטנים קלויים 200גרם,גרמים,200.00,100 גרם,false,1,7.90,3.9500,true,1,151969
7290006342072,false,גרעין שחור קלוי 150ג,דין שיווק,IL,גרעין לבן 200גרם,גרמים,200.00,100 גרם,false,1,10.90,5.4500,true,1,151975
7290006342447,false,גרעין אבטיח,,,גרעין אבטיח 200גרם,גרמים,200.00,100 גרם,false,1,15.90,7.9500,true,1,151970
7290006342515,false,"מנצ""ס  200 גרם",יושלם,,"מנצ""ס  200 גרם",גרמים,200.00,100 גרם,false,1,7.90,3.9500,true,1,151971
7290006342553,false,קבוקים200 גר,יושלם,,קבוקים200 גר,גרמים,200.00,100 גרם,false,1,5.90,2.9500,true,1,151972
7290006342560,false,בוטן אמריקאי 200גרם,דין שיווק,IL,בוטן אמריקאי 200גרם,גרמים,200.00,100 גרם,false,1,5.90,2.9500,true,1,151950
7290006342645,false,עלי טורטייה גדולה 84,מוטלוקל,TR,עלי טורטייה גדולה 840 גרם,גרמים,840.00,100 גרם,false,1,16.90,2.0119,true,1,152577
7290006346018,false,הבולגרית של דורית  2,מונטה קרלו,,הבולגרית של דורית  250גרם,גרמים,250.00,100 גרם,false,1,30.90,12.3600,true,1,75698
7290006346025,false,ציזיקי יווני מונטה ק,קלאס פוד,IL,ציזיקי יווני מונטה קרלו  250גרם,גרמים,250.00,100 גרם,false,1,19.90,7.9600,true,1,78699
7290006346063,false,לאבנה שמן זית זעתר מ,מונטה קרלו,IL,לאבנה שמן זית זעתר מונטה קרלו 250 גרם,גרמים,250.00,100 גרם,false,1,19.90,7.9600,true,1,156367
7290006346117,false,מלפפון כבוש ביתי דלי,מונטה קרלו,IL,מלפפון כבוש ביתי דלי מונטה קרלו 330גרם,גרמים,330.00,100 גרם,false,1,23.90,7.2424,true,1,149581
7290006346148,false,גבינה בולגרית בצל יר,מונטה קרלו,IL,גבינה בולגרית בצל ירוק  מונטה קרלו   250,גרמים,250.00,100 גרם,false,1,24.90,9.9600,true,1,80879
7290006346162,false,טורשי ירקות דלי מונט,מונטה קרלו,IL,טורשי ירקות דלי מונטה קרלו 330גרם,גרמים,330.00,100 גרם,false,1,23.90,7.2424,true,1,149579
7290006346247,false,קוביות בולגרית בפסטו,,,קוביות בולגרית בפסטו 250 גרם,גרמים,250.00,100 גרם,false,1,26.90,10.7600,true,1,149592
7290006346308,false,ארטישוק דיזון   250,מונטה קרלו,IL,ארטישוק דיזון   250 גרם,גרמים,250.00,100 גרם,false,1,19.90,7.9600,true,1,151650
7290006346315,false,משוויה חציל חריף 250,מונטה קרלו,IL,משוויה חציל חריף 250 גרם,גרמים,250.00,100 גרם,false,1,16.90,6.7600,true,1,151655
7290006346377,false,חציל בולגרית  מונטה,מונטה קרלו,IL,חציל בולגרית  מונטה קרלו   250 גרם,גרמים,250.00,100 גרם,false,1,19.90,7.9600,true,1,156363
7290006346414,false,סלט אבוקדו 250גרם,קלאס פוד,IL,סלט אבוקדו 250גרם,גרמים,250.00,100 גרם,false,1,21.90,8.7600,true,1,123279
7290006346421,false,הרינג כבוש בבצל מונט,מונטה קרלו,IL,הרינג כבוש בבצל מונטה קרלו 250גרם,גרמים,250.00,100 גרם,false,1,24.90,9.9600,true,1,149622
7290006346452,false,טונה זיתים ללא מיונז,מונטה קרלו,IL,טונה זיתים ללא מיונז   250 גרם,גרמים,250.00,100 גרם,false,1,23.90,9.5600,true,1,151653
7290006346575,false,כדורי גבינה בשמן זית,מונטה קרלו,IL,כדורי גבינה בשמן זית וזעתר  מונטה קרלו 3,גרמים,300.00,100 גרם,false,1,33.90,11.3000,true,1,156364
7290006346612,false,גבינת שמנת קלמטה מונ,מונטה קרלו,IL,גבינת שמנת קלמטה מונטה קרלו   250 גרם,גרמים,250.00,100 גרם,false,1,19.90,7.9600,true,1,156365
7290006346834,false,פלפלית בלימון חריף מ,מונטה קרלו,IL,פלפלית בלימון חריף מונטה קרלו 250גרם,גרמים,250.00,100 גרם,false,1,14.90,5.9600,true,1,149586
7290006346858,false,בולגרית קוביות עם פס,מונטה קרלו,,בולגרית קוביות עם פסטו 2 קג,קילוגרמים,1.00,"ק""ג",true,,89.00,89.0000,true,1,93513
7290006346865,false,גבינת שמנת חלקה מונט,מונטה קרלו,IL,גבינת שמנת חלקה מונטה קרלו  250 גרם,גרמים,250.00,100 גרם,false,1,19.90,7.9600,true,1,156366
7290006346896,false,כרובית בטחינה    250,מונטה קרלו,IL,כרובית בטחינה    250 גרם,גרמים,250.00,100 גרם,false,1,29.90,11.9600,true,1,151652
7290006346926,false,ארטישוק בלימון     2,מונטה קרלו,IL,ארטישוק בלימון     250גרם,גרמים,250.00,100 גרם,false,1,19.90,7.9600,true,1,151656
7290006346971,false,חציל אפוי במיונז מונ,מונטה קרלו,IL,חציל אפוי במיונז מונטה קרלו 250גרם,גרמים,250.00,100 גרם,false,1,16.90,6.7600,true,1,149569
7290006346995,false,חציל בטעם כבד  מונטה,מונטה קרלו,IL,חציל בטעם כבד  מונטה קרלו 250גרם,גרמים,250.00,100 גרם,false,1,20.90,8.3600,true,1,149571
7290006374738,false,קונפיטורה תות 340 גר,אף.סי תבליני בגליל ב,IL,קונפיטורה תות 340 גרם יד מרדכי,גרמים,340.00,100 גרם,false,1,14.90,4.3824,true,1,15269
7290006385154,false,לחם מחמצת עם דגנים,"גידרון תעשיות בע""מ",,לחם מחמצת עם דגנים,גרמים,600.00,100 גרם,false,1,19.90,3.3167,true,1,41231
7290006385178,false,לחם שיאור אגוזים צימ,"גידרון תעשיות בע""מ",,לחם שיאור אגוזים צימוקים,גרמים,600.00,100 גרם,false,1,19.90,3.3167,true,1,14954
7290006390745,false,לחמנית שבלול,"גידרון תעשיות בע""מ",,לחמנית שבלול,גרמים,150.00,100 גרם,false,1,3.90,2.6000,true,1,14588
7290006390752,false,חלה מתוקה עגולה,"גידרון תעשיות בע""מ",,חלה מתוקה עגולה,גרמים,500.00,100 גרם,false,1,10.90,2.1800,true,1,15128
7290006390806,false,חצי גאבטה לבן,גדרון,IL,חצי גאבטה לבן,גרמים,150.00,100 גרם,false,1,2.80,1.8667,true,1,14570
7290006390813,false,גאבטה 150 גר,גדרון,IL,גאבטה 150 גר,גרמים,150.00,100 גרם,false,1,4.90,3.2667,true,1,14981
7290006391025,false,בייגלה ירושלמי קפוא,"גידרון תעשיות בע""מ",,בייגלה ירושלמי קפוא,גרמים,220.00,100 גרם,false,1,5.90,2.6818,true,1,32758
7290006396836,false,בייגלה טוסט לבן,"גידרון תעשיות בע""מ",,בייגלה טוסט לבן,גרמים,150.00,100 גרם,false,1,3.80,2.5333,true,1,36344
7290006451170,false,שנייק פיצה מחיר לקג-,"גידרון תעשיות בע""מ",IL,שנייק פיצה מחיר לקג-גידרון,קילוגרמים,1.00,"ק""ג",true,,39.90,39.9000,true,1,152015
7290006451996,false,לחמנית כוסמין,גדרון,IL,לחמנית כוסמין,יחידה,1.00,יחידה,false,1,2.90,2.9000,true,1,154143
7290006461834,false,קרפציו אנגוס פידלוט,קצביית פרימיום,IL,קרפציו אנגוס פידלוט,יחידה,1.00,יחידה,false,1,29.90,29.9000,true,1,147770
7290006461940,false,דנוור סטייק אנגוס,קצביית פרימיום,IL,דנוור סטייק אנגוס,קילוגרמים,1.00,"ק""ג",true,,169.90,169.9000,true,1,147936
7290006492432,false,גבינה מוצרלה בייבי,מחלבות גד בעמ,IL,גבינה מוצרלה בייבי 150 גרם,גרמים,150.00,100 גרם,false,1,15.90,10.6000,true,1,7127
7290006492616,false,גבינה בולגרית 5% פרו,DSH עבור מחלבות גד ב,IL,פרוסות בולגרית מעודנת 5%,גרמים,250.00,100 גרם,false,1,28.90,11.5600,true,1,23909
7290006492630,false,גבינת עיזים גד עז גל,יוליניבר,IL,מחלבות גד גדעז גבינת שמנת מחלב עיזים 20%,גרמים,180.00,100 גרם,false,1,25.90,14.3889,true,1,25172
7290006492647,false,מטבעות עיזים 150ג,"מיוצר ע""י קוד יצרן t",IL,גד מטבעות גבינת עיזים 22% שומן,גרמים,150.00,100 גרם,false,1,26.90,17.9333,true,1,25173
7290006492685,false,גבינת לאבנה עיזים 5%,מחלבות גד בעמ,IL,גבינת לאבנה עיזים 5% 250 גרם גד,גרמים,250.00,100 גרם,false,1,18.90,7.5600,true,1,31622
7290006492852,false,גבינה לבנה עיזים 5%,מחלבות גד,IL,גבינה לבנה עיזים 5% 250 גרם גד,גרמים,250.00,100 גרם,false,1,18.90,7.5600,true,1,34999
7290006492913,false,ציזיקי למריחה 250 גר,מחלבות גד בעמ,IL,ציזיקי למריחה 250 גרם גד,גרמים,250.00,100 גרם,false,1,14.90,5.9600,true,1,35169
7290006511157,false,פטריות שמפניון שלמות,אוקצ'מפס אס.איי אויי,PL,ויליפוד פטריות שמפניון שלמות 400 גרם,גרמים,400.00,100 גרם,false,1,8.50,2.1250,true,1,16511
7290006515926,false,מארז אפרול 700 + פרו,IBBLS,IT,מארז אפרול שפריץ,מיליליטרים,1450.00,"100 מ""ל",false,1,104.90,7.2345,true,1,141253
7290006554017,false,עוגיות מרוקאיות 500,"ארקד מוצרי אפיה בע""מ",,עוגיות מרוקאיות 500 גרם,גרמים,500.00,100 גרם,false,1,18.90,3.7800,true,1,52902
7290006554024,false,עוגיות ממרח תמרים 40,"ארקד מוצרי אפיה בע""מ",,עוגיות ממרח תמרים 400 גרם,גרמים,400.00,100 גרם,false,1,18.90,4.7250,true,1,52928
7290006554031,false,עוגיות ממרח תמרים עם,"ארקד מוצרי אפיה בע""מ",,עוגיות ממרח תמרים עם אגוזים 400 גרם,גרמים,400.00,100 גרם,false,1,18.90,4.7250,true,1,52906
7290006554062,false,עוגיות גרנולה 250 גר,"ארקד מוצרי אפיה בע""מ",,עוגיות גרנולה 250 גרם,גרמים,250.00,100 גרם,false,1,18.90,7.5600,true,1,79840
7290006554079,false,עוגיות גרנולה ללא תו,"ארקד מוצרי אפיה בע""מ",,עוגיות גרנולה ללא תוספת סוכר 250 גרם,גרמים,250.00,100 גרם,false,1,19.00,7.6000,true,1,81699
7290006554093,false,עוגיות סהרונים 300 ג,"ארקד מוצרי אפיה בע""מ",,עוגיות סהרונים 300 גרם,גרמים,300.00,100 גרם,false,1,16.90,5.6333,true,1,53416
7290006554123,false,עוגיות פריכות עם שקד,"ארקד מוצרי אפיה בע""מ",,עוגיות פריכות עם שקדים 250 גרם,גרמים,250.00,100 גרם,false,1,18.00,7.2000,true,1,78573
7290006554307,false,עוגיות מרוקאיות ללא,"ארקד מוצרי אפיה בע""מ",,עוגיות מרוקאיות ללא תוספת סוכר 350,גרמים,350.00,100 גרם,false,1,16.90,4.8286,true,1,53502
7290006554345,false,עוגיות ממרח תמרים לל,"ארקד מוצרי אפיה בע""מ",,עוגיות ממרח תמרים ללא תוספת סוכר 250 גרם,גרמים,250.00,100 גרם,false,1,17.90,7.1600,true,1,117686
7290006554413,false,עוגיות מרוקאיות ללא,"ארקד מוצרי אפיה בע""מ",,עוגיות מרוקאיות ללא תוספת סוכר מקמח מלא,גרמים,300.00,100 גרם,false,1,18.50,6.1667,true,1,58919
7290006567048,false,פתיתי קוסקוס 350 גרם,"מיוצר ע""י קוד יצרן K",IL,אסם פתיתי קוסקוס ישראלי 12*350גרם,גרמים,350.00,100 גרם,false,1,7.90,2.2571,true,1,20696
7290006578068,false,גבינת פיור פרפקשן,,FR,גבינת פיור פרפקשן   הנרי וויליך,קילוגרמים,1.00,"ק""ג",true,,179.00,179.0000,true,1,153793
7290006578303,false,ברי כמהין   איסיני ס,,FR,"ברי כמהין   איסיני סנט מר לק""ג",קילוגרמים,1.00,"ק""ג",true,,260.00,260.0000,true,1,153796
7290006578464,false,"רוקפור פאפיון לק""ג",,FR,"רוקפור פאפיון לק""ג",קילוגרמים,1.00,"ק""ג",true,,229.00,229.0000,true,1,153797
7290006578648,false,בושה מפוחם לקג,איסיני סנט מר,FR,בושה מפוחם לקג,קילוגרמים,1.00,"ק""ג",true,,189.00,189.0000,true,1,154040
7290006578853,false,גבינת טרמנדס כמהין ה,,FR,גבינת טרמנדס כמהין הנרי וויליך,קילוגרמים,1.00,"ק""ג",true,,199.00,199.0000,true,1,153792
7290006618078,false,אסטוניש לניקוי כללי,פרח,,יעקבי אסטוניש ספריי ניקוי למטבח 750 מל,מיליליטרים,750.00,"100 מ""ל",false,1,15.90,2.1200,true,1,18085
7290006618085,false,אסטוניש לניקוי אמבטי,פרח,,יעקבי אסטוניש ספריי ניקוי לחדר האמבטיה 750 מל,מיליליטרים,750.00,"100 מ""ל",false,1,15.90,2.1200,true,1,18086
7290006639004,true,שום מקולף בצנצנת,,,שום מקולף בצנצנת,,0.00,,false,,17.80,0.0000,true,1,156954
7290006653765,false,פסטה פרפקטו פטוציני,פסטה זארה,IT,פרפקטו פסטה פטוציני איטלקי 24*500גרם,גרמים,500.00,100 גרם,false,1,7.90,1.5800,true,1,12575
7290006653819,false,קוסקוס דק בשקית 350,"מיוצר ע""י קוד יצרן K",IL,אסם קוסקוס דק 12*350גרם,גרמים,350.00,100 גרם,false,1,7.90,2.2571,true,1,16064
7290006660596,false,קמח עדשים אדומות דגש,אף.סי תבליני בגליל ב,IL,דוכן גן שמואל קמח אורז מלא 500 גרם,גרמים,500.00,100 גרם,false,1,20.90,4.1800,true,1,123296
7290006660602,false,מי קוקוס אורגני גרין,תות תעשיות מזון (201,PH,מי קוקוס אורגני גרין קוקו 1 ליטר,ליטרים,1.00,ליטר,false,1,19.90,19.9000,true,1,123307
7290006664402,false,גבינה סקי        5%,מיוצר עי קונדיטוריית,IL,סקי% 5 750 גרם,גרמים,750.00,100 גרם,false,1,14.94,1.9920,true,1,7400
7290006664532,false,יוגורט דנונה 3% תות,מיוצר עי קונדיטוריית,IL,דנונה תות 3%,גרמים,150.00,100 גרם,false,1,3.90,2.6000,true,1,13095
7290006664655,false,משקה יוגורט אקטימל מ,מיוצר עי קונדיטוריית,IL,אקטימל לבן שמינייה,מיליליטרים,864.00,"100 מ""ל",false,1,20.90,2.4190,true,1,20423
7290006664990,false,מארז דנונה ביו 1.7%,מיוצר עי קונדיטוריית,IL,מארז דנונה ביו 1.7% שמינייה,קילוגרמים,1.20,"ק""ג",false,1,17.60,14.6667,true,1,21677
7290006681003,false,גלידה סורבה תות לימו,,IL,גלידה קרמיסימו סורבה שרבט תות לימון 1.33 ל',ליטרים,1.33,ליטר,false,1,26.90,20.2256,true,1,7403
7290006681065,false,שלגון טעמקור  XL,שטראוס גלידות,,שלגון טעמקור  XL,גרמים,75.00,100 גרם,false,1,9.90,13.2000,true,1,15275
7290006681553,false,קרמבו וניל מארז 8 יח,"גלידת שטראוס בע""מ",IL,"שטראוס קרמבו 80 מ""ל",גרמים,200.00,100 גרם,false,1,15.90,7.9500,true,1,20687
7290006681560,false,קרמבו מוקה מארז 8 יח,"גלידת שטראוס בע""מ",IL,"שטראוס קרמבו 80 מ""ל",גרמים,200.00,100 גרם,false,1,15.90,7.9500,true,1,20688
7290006681577,false,קרחוני אסקימו לימון,"מיוצר ע""י גלידת שטרא",IL,קרחוני אסקימו לימון דובדבן  מארז  2+8,גרמים,700.00,100 גרם,false,1,24.90,3.5571,true,1,14474
7290006707383,false,שוקיים עוף טרי ארוז,עוף טוב,,שוקיים עוף טרי ארוז,קילוגרמים,1.00,"ק""ג",true,,44.90,44.9000,true,1,76907
7290006707734,false,שניצל דק דק עוף טוב,"עוף טוב שאן בע""מ",IL,שניצל דק דק,קילוגרמים,1.00,"ק""ג",true,,55.00,55.0000,true,1,145051
7290006738615,false,קבב זהב זוגלובק  400,זוגלובק,IL,זוגלובק קבב זהב 400 גרם,גרמים,400.00,100 גרם,false,1,21.90,5.4750,true,1,47692
7290006739247,false,פסטרמה איטלקית,כצט,IL,פסטרמה איטלקית,קילוגרמים,1.00,"ק""ג",true,,89.00,89.0000,true,1,48098
7290006739346,false,נקניקיות פרגיות,כצט,IL,זוגלובק נקניקיות מבשר פרגיות 400 גרם,גרמים,400.00,100 גרם,false,1,15.90,3.9750,true,1,15629
7290006739445,false,שניצל תירס קלאסי 750,זוגלובק,IL,שניצל תירס קלאסי 750 גרם זוגלובק,גרמים,750.00,100 גרם,false,1,28.90,3.8533,true,1,57078
7290006742278,false,פסטרמה הודו צלויה על,כצט,IL,זוגלובק פסטרמה הודו בטעם צלייה על לבנים 330 גר,גרמים,330.00,100 גרם,false,1,30.90,9.3636,true,1,61733
7290006742292,false,פסטרמה הודו בדבש טהו,כצט,IL,זוגלובק פסטרמה הודו בדבש טהור 330 גר,גרמים,330.00,100 גרם,false,1,30.90,9.3636,true,1,61735
7290006764058,false,בירה נשר לבן בקבוק ח,"טמפו משקאות בע""מ",IL,נשר לבן חוזר 500 בקבוק 20 יח',מיליליטרים,500.00,"100 מ""ל",false,1,6.40,1.2800,true,1,7473
7290006764065,false,בירה נשר מאלט בקבוק,"איי, בי, אינבוו",IL,בירה מאלט ללא אלכוהול 500 מל,מיליליטרים,500.00,"100 מ""ל",false,1,5.80,1.1600,true,1,7474
7290006764072,false,בירה גולדסטאר בקבוק,"טמפו משקאות בע""מ",IL,"בירה גולדסטאר בקבוק חוזר 500 מ""ל",מיליליטרים,500.00,"100 מ""ל",false,1,7.90,1.5800,true,1,7475
7290006764096,false,בירה איגל 3.8% בקבוק,"איי, בי, אינבוו",IL,"בירה איגל, בקבוק חוזר 500 מ""ל",מיליליטרים,500.00,"100 מ""ל",false,1,7.00,1.4000,true,1,113923
7290006764157,false,גולדסטאר לא מסונן בק,פארייפאבה אגרואינדוס,IL,"בירה גולדסטאר Unfiltered, בקבוק חוזר 500 מ""ל",מיליליטרים,500.00,"100 מ""ל",false,1,8.50,1.7000,true,1,124714
7290006764478,false,בירה שחורה מאלט בקבו,"איי, בי, אינבוו",IL,"בירה נשר מאלט, בקבוק זכוכית 330 מל",Unknown,0.00,Unknown,false,1,4.90,0.0000,true,1,15961
7290006764485,false,בירה נשר מאלט . 1/6,טמפו,,בירה נשר מאלט בקבוק                 1/6,ליטרים,1.98,ליטר,false,1,31.90,16.1111,true,1,7482
7290006764737,false,בירה נשר דיאט מאלט ב,"איי, בי, אינבוו",IL,בירה מאלט דלת קלוריות ללא אלכוהול 500 מל,מיליליטרים,500.00,"100 מ""ל",false,1,5.80,1.1600,true,1,7485
7290006765000,false,טורטייה מקמח מלא 540,מוטלוקל,TR,טורטייה מקמח מלא 540 גרם,גרמים,540.00,100 גרם,false,1,11.90,2.2037,true,1,152575
7290006765895,false,בוטן קליפה קלוי 200,דין שיווק,IL,בוטן קליפה קלוי 200,גרמים,200.00,100 גרם,false,1,6.90,3.4500,true,1,151990
7290006775047,false,עוגת שוקולד 450גרם,"אחדות ביח""ר לטחינה",IL,אחווה עוגה בטעם שוקולד 450 גרם,גרמים,450.00,100 גרם,false,1,10.90,2.4222,true,1,66382
7290006775078,false,ע,אחווה,,עוגת דבש אחוה 400 גרם,גרמים,400.00,100 גרם,false,1,8.90,2.2250,true,1,108976
7290006775085,false,עוגת שמרים שוקולד 40,אחדות בעמ,IL,אחוה עוגת שמרים בטעם שוקולד 400 גרם,גרמים,400.00,100 גרם,false,1,10.90,2.7250,true,1,66380
7290006775337,false,עוגת שמרים פרג 400גר,אחדות בעמ,IL,אחוה עוגת שמרים במילוי פרג 400 גרם,גרמים,400.00,100 גרם,false,1,10.90,2.7250,true,1,61758
7290006775344,false,עוגת שמרים קינמון 40,אחדות בעמ,IL,עוגת שמרים קינמון 400 גרם,גרמים,400.00,100 גרם,false,1,10.90,2.7250,true,1,61191
7290006775764,false,עוגת שוקולד ציפס,אחדות ביחר לטחינה חל,IL,עוגת שוקולד ציפס ללא סוכר          400,גרמים,400.00,100 גרם,false,1,13.90,3.4750,true,1,61192
7290006784025,false,עלמה ספוג הפלא להסרת,קומפלקס כימיקלים,IL,עלמה ספוג הפלא להסרת כתמים קשים,יחידה,1.00,יחידה,false,1,6.90,6.9000,true,1,155413
7290006784063,false,מרכך כביסה פיור נטור,טרסאן,TR,מרכך כביסה פיור נטור ורוד 1 ליטר,ליטרים,1.00,ליטר,false,1,11.90,11.9000,true,1,155415
7290006784070,false,עלמה כריות קרצוף 2+1,קומפלקס כימיקלים,IL,עלמה כריות קרצוף 2+1  יחידות,יחידה,3.00,יחידה,false,1,8.90,2.9667,true,1,155416
7290006784186,false,עלמה כפפות ניטריל שח,קומפלקס כימיקלים,CN,עלמה כפפות ניטריל שחור ללא אבקה L,יחידה,1.00,יחידה,false,1,21.90,21.9000,true,1,155417
7290006784193,false,עלמה כפפות ניטריל שח,קומפלקס כימיקלים,CN,עלמה כפפות ניטריל שחור ללא אבקה M,יחידה,1.00,יחידה,false,1,21.90,21.9000,true,1,155418
7290006784230,false,עלמה כפפות ניטריל שח,קומפלקס כימיקלים,CN,עלמה כפפות ניטריל שחור ללא אבקה S,יחידה,1.00,יחידה,false,1,21.90,21.9000,true,1,155419
7290006784339,false,תרסיס לניקוי רהיטים,קומפלקס כימיקלים,IL,תרסיס לניקוי רהיטים 300 מל,מיליליטרים,300.00,"100 מ""ל",false,1,11.90,3.9667,true,1,155441
7290006784346,false,קצף לניקוי שטיחים ור,קומפלקס כימיקלים,IL,קצף לניקוי שטיחים וריפוד 630 מל,מיליליטרים,630.00,"100 מ""ל",false,1,16.90,2.6825,true,1,124661
7290006784360,false,חלונית נוזל רב תכלתי,קומפלקס כימיקלים,IL,חלונית נוזל רב תכלתי 1 ליטר,ליטרים,1.00,ליטר,false,1,6.90,6.9000,true,1,116019
7290006784438,false,מרכך כביסה פיור מרוכ,טרסאן,TR,מרכך כביסה פיור מרוכז לבן 1 ליטר,ליטרים,1.00,ליטר,false,1,11.90,11.9000,true,1,155424
7290006784452,false,פיור מבשם כביסה בניח,טרסאן,TR,פיור מבשם כביסה בניחוח בית מלון רויאל 50,מיליליטרים,500.00,"100 מ""ל",false,1,13.90,2.7800,true,1,155426
7290006784506,false,מסיר כתמים אוקסי פאו,קומפלקס כימיקלים,IL,מסיר כתמים אוקסי פאוור 750 מל,מיליליטרים,750.00,"100 מ""ל",false,1,11.90,1.5867,true,1,155427
7290006784582,false,fashion no6 מילוי מכ,סורה קוסמטיקס,TR,fashion no6 מילוי מכשיר אוויר 250 מל,מיליליטרים,250.00,"100 מ""ל",false,1,13.90,5.5600,true,1,155429
7290006784599,false,fashion yoyo boss מי,סורה קוסמטיקס,TR,fashion yoyo boss מילוי מכשיר אוויר 250,מיליליטרים,250.00,"100 מ""ל",false,1,13.90,5.5600,true,1,155430
7290006784636,false,fashion meduza ספריי,סורה קוסמטיקס,TR,fashion meduza ספריי אוויר 250 מל,מיליליטרים,250.00,"100 מ""ל",false,1,13.90,5.5600,true,1,155432
7290006784773,false,fashion 102 ספריי או,סורה קוסמטיקס,TR,fashion 102 ספריי אוויר 250 מל,מיליליטרים,250.00,"100 מ""ל",false,1,13.90,5.5600,true,1,155434
7290006784780,false,fashion black  ספריי,סורה קוסמטיקס,TR,fashion black  ספריי אוויר 250 מל,מיליליטרים,250.00,"100 מ""ל",false,1,13.90,5.5600,true,1,155435
7290006784865,false,מטבחים ספריי לניקוי,קומפלקס כימיקלים,IL,מטבחים ספריי לניקוי של כל משטחי המטבח 1,ליטרים,1.00,ליטר,false,1,12.90,12.9000,true,1,155436
7290006788429,false,דאו.רול און כתום מס4,אמיליה קוסמטיקס בעמ,IL,"קרליין, דיאורדורנט נושם רול און כתום  SUNRISE75 מל",גרמים,119.00,100 גרם,false,1,13.90,11.6807,true,1,16343
7290006788436,false,דאו.רול און ורוד מס5,משווק: קוסמופארם בעמ,IL,קרליין דיאודורנט נושם+ רול און וורוד PURE 75 מל,גרמים,119.00,100 גרם,false,1,13.90,11.6807,true,1,16817
7290006788450,false,דאו תרסיס סנסטיב,מיוצר עי : אמיליה קו,IL,דאו תרסיס סנסטיב,מיליליטרים,200.00,"100 מ""ל",false,1,13.90,6.9500,true,1,16819
7290006805850,false,תערובת להכנת פנקייקס,הדקלאים אגודת שיתופי,IL,תערובת קלת הכנה לפנקייק ביתי וטעים 450 גרם,גרמים,500.00,100 גרם,false,1,17.90,3.5800,true,1,23239
7290006866967,false,נקטר חמוציות,סטאר סנקס,IL,נקטר חמוציות 1 ליטר,ליטרים,1.00,ליטר,false,1,11.90,11.9000,true,1,66542
7290006875327,false,טונה עם ירקות,קלאס פוד,,טונה עם ירקות,קילוגרמים,1.00,"ק""ג",true,,69.00,69.0000,true,1,62007
7290006875419,false,חומוס מסעדות,פרי הגליל בעמ,,חומוס מסעדות,קילוגרמים,1.00,"ק""ג",true,,25.00,25.0000,true,1,58062
7290006875587,false,תפוא במיונז,פרי הגליל בעמ,,תפוא במיונז במשקל,קילוגרמים,1.00,"ק""ג",true,,38.00,38.0000,true,1,58019
7290006983152,false,קרוטונים מתובלים,עינת תעשיות,IL,אסם קרוטונים מתובלים 12*400גרם,גרמים,400.00,100 גרם,false,1,19.90,4.9750,true,1,20069
7290006983176,false,לחמית עם שיפון,"אסם השקעות בע""מ",IL,לחמית שיפון 10*230גרם,גרמים,230.00,100 גרם,false,1,10.90,4.7391,true,1,7743
7290006983206,false,תערובת להכנת פלאפל 1,"אסם השקעות בע""מ",IL,אסם פלאפל בקלי קלות 8*180גרם,גרמים,180.00,100 גרם,false,1,9.10,5.0556,true,1,20697
7290007144729,false,בגט שלם גדרון א.ק,"גידרון תעשיות בע""מ",,בגט שלם גדרון א.ק,גרמים,330.00,100 גרם,false,1,5.90,1.7879,true,1,12206
7290008104050,false,לקטופיל פמינה לשטיפה,כצט נוביס סעמ,IL,פמינה תחליב רחצה אינטימי קלאסיק 220 מל,מיליליטרים,220.00,"100 מ""ל",false,1,21.90,9.9545,true,1,9925
7290008154222,false,שניצלונים ילדודס עוף,מולינו ניקולי s.p.a,IL,שניצלונים ילדודס עוף טוב 700גרם,גרמים,700.00,100 גרם,false,1,19.90,2.8429,true,1,21429
7290008175173,false,200  גרםvalio-חמאה,יוליניבר,FI,200  גרםvalio-חמאה  מלח,גרמים,200.00,100 גרם,false,1,13.90,6.9500,true,1,9950
7290008175210,false,פרמזנו מגורדת 90 גרם,זנטי אס.איי.,IT,פרמזנו מגורדת 90 גרם,גרמים,90.00,100 גרם,false,1,17.90,19.8889,true,1,9951
7290008175814,false,פטריות חתוכות שמפניו,"אוקצ'מפ אס, איי אויי",PL,פטריות חתוך 400גרם- בד'צ,גרמים,400.00,100 גרם,false,1,5.50,1.3750,true,1,55336
7290008190909,false,מיני קוקיס שוקולד צי,כרמית,IL,מיני קוקיס שוקולד ציפס 600 גר,גרמים,600.00,100 גרם,false,1,23.90,3.9833,true,1,23490
7290008190985,false,סוכריות לקקנים,דורקן סקרלמה סאן. וי,TR,סוכריות על מקל בטעמי גלידה,גרמים,450.00,100 גרם,false,1,17.90,3.9778,true,1,41561
7290008263047,false,ספגטי אורגני הרדוף 5,פסטיפיסוי פליצ'טי,IT,ספגטי אורגני מחיטת דורום,גרמים,500.00,100 גרם,false,1,11.90,2.3800,true,1,10020
7290008263054,false,ספגטי אורגני מלא הרד,פסטיפיסוי פליצ'טי,IT,ספגטי אורגני מחיטת דורום מלאה,גרמים,500.00,100 גרם,false,1,11.90,2.3800,true,1,10021
7290008263214,false,הרדוף ממרח חרובים או,ברינקס פוד,NL,ממרח חרובים אורגני,גרמים,350.00,100 גרם,false,1,25.90,7.4000,true,1,38478
7290008263481,false,פסטה פנה מקמח לבן הר,פסטיפיסוי פליצ'טי,IT,פסטה פנה אורגני,גרמים,500.00,100 גרם,false,1,11.90,2.3800,true,1,15431
7290008263597,false,קוואקר אורגני 500 גר,אול אורגני,IL,"קוואקר, שבבי שיבולת שועל אורגניים",גרמים,500.00,100 גרם,false,1,11.90,2.3800,true,1,41829
7290008263641,false,קוואקר עדין אורגני 5,אול אורגני,IL,קוואקר אורגני עדין,גרמים,500.00,100 גרם,false,1,11.90,2.3800,true,1,38579
7290008263719,false,הרדוף טחינה אורגנית,אחדות,IL,טחינה אורנית,גרמים,400.00,100 גרם,false,1,19.90,4.9750,true,1,22235
7290008330107,false,מרכך כביסה מרענן,יוניליור ישראל טיפוח,IL,"מרכך כביסה בדין מרענן 4 ל              """,ליטרים,4.00,ליטר,false,1,24.90,6.2250,true,1,10132
7290008335560,false,סיגרים במילוי בשר,האי נאם סי או אל.טי.,IL,סיגרים במילוי בשר 600 גרם,גרמים,600.00,100 גרם,false,1,15.90,2.6500,true,1,10153
7290008335584,false,"סיגרים במילוי תפו""א",האי נאם סי או אל.טי.,IL,"סיגרים במילוי תפו""א 600 גרם",גרמים,600.00,100 גרם,false,1,15.90,2.6500,true,1,10155
7290008340618,false,סלמון מעושן מצונן 10,ויליגר תעשיות בעמ,IL,פרלינג סלומון מעושן 100 גרם,גרמים,100.00,100 גרם,false,1,21.90,21.9000,true,1,14249
7290008343466,false,בצק פילו שלושת האופי,כלורוקס אוקלנד,IL,בצק פילו,גרמים,500.00,100 גרם,false,1,19.90,3.9800,true,1,29746
7290008343503,false,גחנון אפוי 650 גרם,TLV צ'יף,IL,גחנון אפוי 650 גרם,גרמים,650.00,100 גרם,false,1,21.90,3.3692,true,1,17720
7290008345132,false,הרינג כבוש דלידג 240,כלורוקס אוקלנד,IL,הרינג כבוש דלידג 240,גרמים,240.00,100 גרם,false,1,25.90,10.7917,true,1,10173
7290008345156,false,פילה מקרוסקה ואקום ד,נטו מלינדה סיימן,,"פילה מקרוסקה ואקום דלידג 1 ק""ג",קילוגרמים,1.00,"ק""ג",true,,119.00,119.0000,true,1,10175
7290008345170,false,מקרל חצאים דלידג 1 ק,נטו מלינדה סיימן,,"מקרל חצאים דלידג 1 ק""ג",קילוגרמים,1.00,"ק""ג",true,,95.00,95.0000,true,1,10176
7290008345576,false,סלט איקרה לבנה דלידג,כלורוקס אוקלנד,IL,סלט איקרה לבנה דלידג 300 גרם,גרמים,300.00,100 גרם,false,1,21.90,7.3000,true,1,14315
7290008345583,false,סלט איקרה ורודה דליד,כלורוקס אוקלנד,IL,סלט איקרה ורודה דלידג 300 גרם,גרמים,300.00,100 גרם,false,1,21.90,7.3000,true,1,14316
7290008347211,false,אצבעות דג מצופות נטו,אף.סי תבליני בגליל ב,IL,דלידג אצבעות דג מצופות 700 גרם,גרמים,700.00,100 גרם,false,1,23.90,3.4143,true,1,21479
7290008347730,false,סלמון הילטון,דלידג ק.מלאכי,,"סלמון הילטון 1 ק""ג",קילוגרמים,1.00,"ק""ג",true,,199.00,199.0000,true,1,34592
7290008403030,false,פאבה דאיסיני לקג,איסיני סנט מר,FR,פאבה דאיסיני לקג,קילוגרמים,1.00,"ק""ג",true,,169.00,169.0000,true,1,154255
7290008403535,false,פרימדונה*חצי גלגל5קג,הנרי ויליך,NL,פרימדונה חצי גלגל5קג,קילוגרמים,1.00,"ק""ג",true,,169.00,169.0000,true,1,154708
7290008403900,false,גאודה עגבניות וזיתים,מיוצר עי קונדיטוריית,NL,גאודה עגבניות וזיתים לקג,קילוגרמים,1.00,"ק""ג",true,,129.00,129.0000,true,1,144611
7290008403917,false,גאודה פסטו ירוק לקג,הנרי ויליך,NL,גאודה פסטו ירוק לקג,קילוגרמים,1.00,"ק""ג",true,,159.00,159.0000,true,1,144612
7290008403924,false,גאודה פסטו אדום לקג,מיוצר עי קונדיטוריית,FR,גאודה פסטו אדום לקג,קילוגרמים,1.00,"ק""ג",true,,159.00,159.0000,true,1,144613
7290008409124,false,שניצל גונגל מאמא עוף,תנובה גליל שותפות מו,IL,שניצל גונגל מאמא עוף 700 גרם,גרמים,700.00,100 גרם,false,1,38.90,5.5571,true,1,25193
7290008409216,false,שניצל דק דק פריך,תנובה גליל,IL,מאמא עוף שניצל דק פריך 700 גרם,גרמים,700.00,100 גרם,false,1,44.90,6.4143,true,1,57719
7290008409223,false,שניצל דק דק מתובל,תנובה גליל שותפות מו,IL,שניצל דק דק מתובל 700 גרם,גרמים,700.00,100 גרם,false,1,44.90,6.4143,true,1,60645
7290008409315,false,מיני שניצלונים ציפוי,תנובה גליל,IL,מיני שניצלונים ציפוי פריך 500 גרם,גרמים,500.00,100 גרם,false,1,29.90,5.9800,true,1,12840
7290008409407,false,"שניצל דק בציפוי צ""יפ",תנובה גליל שותפות מו,IL,"שניצל דק בציפוי צ""יפס 700 גרם",גרמים,700.00,100 גרם,false,1,44.90,6.4143,true,1,71729
7290008409551,false,שניצל עוף אמיתי בציפ,תנובה גליל שותפות מו,IL,שניצל אמיתי מעודן,גרמים,700.00,100 גרם,false,1,44.90,6.4143,true,1,10199
7290008409582,false,שניצל אמיתי ביתי מאמ,תנובה גליל שותפות מו,IL,שניצל אמיתי ביתי מאמא עוף  700 גרם,גרמים,700.00,100 גרם,false,1,44.90,6.4143,true,1,10202
7290008409773,false,קציצות עוף והודו אמי,תנובה גליל שותפות מו,IL,מאמא עוף קציצות עוף והודו 700 גרם,גרמים,700.00,100 גרם,false,1,34.90,4.9857,true,1,10206
7290008415071,false,סלט חומוס וטחינה 150,לחמנו,IL,סלטי צבר חומוס עם טחינה 12*150גרם,גרמים,150.00,100 גרם,false,1,5.90,3.9333,true,1,10255
7290008415514,false,סלט חומוס וחריף 150,לחמנו,IL,סלטי צבר חומוס עם חריף 12*150גרם,גרמים,150.00,100 גרם,false,1,5.90,3.9333,true,1,10260
7290008425575,true,נאות סמדר סילאן אורג,,,נאות סמדר סילאן אורג,גרמים,710.00,100 גרם,false,1,41.90,5.9014,true,1,131105
7290008425681,true,זיתים אורגנים ברנע,,,זיתים אורגנים ברנע,גרמים,400.00,100 גרם,false,1,21.90,5.4750,true,1,131106
7290008443630,false,שמפו נקה 7מתולתל,אמיליה קוסמטיקס בע'',IL,נקה 7 שמפו שיער מתולתל צהוב          750,מיליליטרים,750.00,"100 מ""ל",false,1,11.90,1.5867,true,1,10295
7290008443647,false,נקה 7 מרכך שיער סגול,אמיליה קוסמטיקס בעמ,IL,נקה 7-מרכך לשיער מתולתל,מיליליטרים,750.00,"100 מ""ל",false,1,11.90,1.5867,true,1,10296
7290008461221,false,סרדינים בשמן חמניות,יוליניבר,PT,סרדינים בשמן חמניות 115 גרם,גרמים,115.00,100 גרם,false,1,6.90,6.0000,true,1,10305
7290008461238,false,סרדינים בשמן חמניות,יוליניבר,PT,סרדינים בשמן חמניות חריף 115 גר,גרמים,115.00,100 גרם,false,1,6.90,6.0000,true,1,10306
7290008461283,false,גבינה טריפל צדר נני,יוליניבר,,גבינה טריפל צדר נני  200 גרם,גרמים,200.00,100 גרם,false,1,24.90,12.4500,true,1,117738
7290008462204,false,חרדל דיזון מיילי מקו,יוליניבר,FR,חרדל דיזון מיילי מקורי 380 גרם,גרמים,380.00,100 גרם,false,1,15.90,4.1842,true,1,16305
7290008462259,false,חרדל דיזון חריף מייל,כצט,FR,חרדל דיזון חריף מיילי גרגירים 380 גר,גרמים,380.00,100 גרם,false,1,16.90,4.4474,true,1,72554
7290008462310,false,סיימן סנט מור,,,סיימן סנט מור לקג,קילוגרמים,1.00,"ק""ג",true,,169.00,169.0000,true,1,24273
7290008464024,false,בירה גולדסטאר לא מסו,"איי, בי, אינבוו",IL,"בירה גולדסטאר לא מסונן פחית 500 מ""ל",מיליליטרים,500.00,"100 מ""ל",false,1,9.90,1.9800,true,1,96929
7290008464109,false,בירה גולדסטאר ל.מסונ,"איי, בי, אינבוו",IL,"בירה גולדסטאר ל.מסונן בקבוק 330 מ""ל",מיליליטרים,330.00,"100 מ""ל",false,1,7.90,2.3939,true,1,90316
7290008464130,false,בירה גולדסטאר ל.מסונ,טמפו,,בירה גולדסטאר ל.מסונן שישייה בקבוק 330 מ,ליטרים,1.98,ליטר,false,1,39.90,20.1515,true,1,90261
7290008464208,false,בירה מכבי 7.9% בקבוק,פארייפאבה אגרואינדוס,IL,"בירה מכבי 7.9%, בירה חזקה, בקבוק 330 מ''ל",מיליליטרים,330.00,"100 מ""ל",false,1,8.90,2.6970,true,1,101738
7290008464222,false,בירה מכבי 7.9%  פחית,"איי, בי, אינבוו",IL,"בירה מכבי 7.9%, בירה חזקה, פחית 500 מ""ל",מיליליטרים,500.00,"100 מ""ל",false,1,8.90,1.7800,true,1,106464
7290008464338,false,בירה מכבי בקבוק 330,בירה מכבי,IL,בירה מכבי בקבוק 330 מל לאגר בהירה,מיליליטרים,330.00,"100 מ""ל",false,1,7.90,2.3939,true,1,10326
7290008464468,false,בירה גולדסטאר פחית 5,פארייפאבה אגרואינדוס,IL,"בירה גולדסטאר, פחית 500 מ""ל",מיליליטרים,500.00,"100 מ""ל",false,1,8.90,1.7800,true,1,10330
7290008464475,false,בירה מכבי פחית 500 מ,"איי, בי, אינבוו",IL,"בירה מכבי, פחית 500 מ""ל",מיליליטרים,500.00,"100 מ""ל",false,1,8.90,1.7800,true,1,10331
7290008464505,false,מים מינרלים סן בנדטו,אקווה מינרלה סאן בנד,IT,סן בנדטו 500 מל שישייה,מיליליטרים,500.00,"100 מ""ל",false,1,4.20,0.8400,true,1,12294
7290008464604,false,בירה הייניקן פחית 50,טמפו משקאות בע''מ,NL,"בירה היינקן, פחית 500 מ""ל",מיליליטרים,500.00,"100 מ""ל",false,1,13.90,2.7800,true,1,12217
7290008464611,false,"מי סודה טמפו 275 מ""ל",טמפו משקאות בעמ,IL,"הסודה של טמפו, מי סודה בגיזוז חזק, 275 מל",מיליליטרים,275.00,"100 מ""ל",false,1,3.90,1.4182,true,1,121513
7290008464642,false,סודה גינגר אייל  275,"איי, בי, אינבוו",IL,"טמפו ג'ינג'ר אייל ,275 מל",מיליליטרים,250.00,"100 מ""ל",false,1,5.50,2.2000,true,1,121724
7290008464703,false,בירה מכבי מארז שישיי,טמפו,,"בירה מכבי מארז שישייה בקבוק 330 מ""ל",ליטרים,1.98,ליטר,false,1,32.90,16.6162,true,1,10332
7290008464734,false,בירה גולדסטאר SLOW B,טמפו משקאות בע''מ,IL,בירה גולדסטאר SLOW BREW שישייה בקבוק 330,ליטרים,1.98,ליטר,false,1,39.90,20.1515,true,1,99049
7290008464741,false,בירה גולדסטאר שישייה,טמפו,,"בירה גולדסטאר שישייה בקבוק 330 מ""ל",ליטרים,1.98,ליטר,false,1,36.90,18.6364,true,1,10335
7290008464796,false,בירה הייניקן שישייה,טמפו,,"בירה הייניקן שישייה בקבוק 330 מ""ל",ליטרים,1.98,ליטר,false,1,39.90,20.1515,true,1,10337
7290008466240,false,עוגות דבש 450 גרם,אנטיקוביץ,IL,עוגות דבש 450 גרם,גרמים,450.00,100 גרם,false,1,16.90,3.7556,true,1,146612
7290008466318,false,מיני רוגלך ירושלמי 3,דין שיווק,IL,מיני רוגלך ירושלמי 300 גר,גרמים,300.00,100 גרם,false,1,22.90,7.6333,true,1,152482
7290008466677,false,עוגיות פרימיום ללא ס,דין שיווק,IL,עוגיות פרימיום ללא סוכר 250גר,גרמים,250.00,100 גרם,false,1,22.90,9.1600,true,1,155452
7290008466707,false,עוגיות פרימיום 250 ג,דין שיווק,IL,עוגיות פרימיום 250 גרם,גרמים,250.00,100 גרם,false,1,22.90,9.1600,true,1,152491
7290008493413,false,פירורי גריסיני 200 ג,מאיר בייגל,IL,מאיר בייגל פירורי גריסיני 200 גרם,גרמים,200.00,100 גרם,false,1,6.90,3.4500,true,1,40601
7290008535212,false,תפוגן ציפס בזיגוג 80,"תעשיות תפוגן בע""מ",IL,תפוגן טוגן זיג זג 12*800גרם,גרמים,800.00,100 גרם,false,1,11.90,1.4875,true,1,16072
7290008590129,false,שעועית ירוקה שלמה שף,משק ויילר,BE,שעועית ירוקה שלמה שף הטבע 800גרם,גרמים,800.00,100 גרם,false,1,11.90,1.4875,true,1,156056
7290008590136,false,שעועית צהובה חתוכה,משק ויילר,BE,שעועית צהובה חתוכה  שף הטבע 800 גרם,גרמים,800.00,100 גרם,false,1,11.90,1.4875,true,1,156057
7290008590150,false,אפונת גינה קטנה שף,משק ויילר,BE,אפונת גינה קטנה שף הטבע   800גרם,גרמים,800.00,100 גרם,false,1,11.90,1.4875,true,1,156058
7290008590198,false,שעועית ירוקה חתוכה ש,משק ויילר,BE,שעועית ירוקה חתוכה שף הטבע   800גרם,גרמים,800.00,100 גרם,false,1,11.90,1.4875,true,1,156060
7290008634045,false,פלסטר לילדים סאני 30,,,פלסטר לילדים סאני 30 יחידות,יחידה,1.00,יחידה,false,1,6.90,6.9000,true,1,92479
7290008644112,false,סלט מטבוחה יום יום 1,"שטראוס גרופ בע""מ",IL,סלט מטבוחה יום יום 125 גרם,גרמים,125.00,100 גרם,false,1,5.50,4.4000,true,1,10400
7290008644235,false,מבחר עלי בייבי 120 ג,שטראוס בריאות ירקות,IL,מבחר עלי בייבי 120 גרם שטופים שטראוס,גרמים,120.00,100 גרם,false,1,12.60,10.5000,true,1,10401
7290008644945,false,סלט המושבה שטופים שט,תות תעשיות מזון (201,IL,סלט המושבה שטופים שטראוס,גרמים,450.00,100 גרם,false,1,14.90,3.3111,true,1,10418
7290008645935,false,חומוס אחלה 750 גרם,"שטראוס גרופ בע""מ",IL,חומוס 750 אחלה,גרמים,750.00,100 גרם,false,1,10.90,1.4533,true,1,24225
7290008670012,false,יין רקנאטי קברנה סוב,תות ממתקי איכות,IL,רקנטי - קברנה סוביניון 2017 750 מל,מיליליטרים,750.00,"100 מ""ל",false,1,52.90,7.0533,true,1,10427
7290008670029,false,יין רקנאטי מרלו 750,תות ממתקי איכות,IL,רקנטי - מרלו 2017 750 מל,מיליליטרים,750.00,"100 מ""ל",false,1,52.90,7.0533,true,1,10428
7290008670142,false,יין יסמין אדום רקנאט,תות ממתקי איכות,IL,רקנטי - יסמין אדום 2017,מיליליטרים,750.00,"100 מ""ל",false,1,34.90,4.6533,true,1,16018
7290008670159,false,יין יסמין לבן רקנאטי,קריניציה ויטמינה אס,IL,"יין יסמין לבן רקנאטי 750 מ""ל",מיליליטרים,750.00,"100 מ""ל",false,1,34.90,4.6533,true,1,16019
7290008670210,false,יין רקנאטי שיראז 750,תות ממתקי איכות,IL,רקנטי - שיראז 2017 750 מל,מיליליטרים,750.00,"100 מ""ל",false,1,52.90,7.0533,true,1,25724
7290008690713,false,נקטר אושן ספריי חמוצ,מולינו ניקולי s.p.a,IL,פריגת אושן ספריי חמוציות 1 ליטר,ליטרים,1.00,ליטר,false,1,15.50,15.5000,true,1,10468
7290008693134,false,מעדן דניאלה גבינה תו,"שטראוס בריאות בע""מ",IL,דניאלה תות,גרמים,88.00,100 גרם,false,1,4.40,5.0000,true,1,10495
7290008745239,false,תפוציפס קראנץ,"שטראוס פריטו ליי בע""",IL,תפו קראנצ טבעי 50 גר 48 יח - שמיטה,גרמים,50.00,100 גרם,false,1,3.90,7.8000,true,1,10590
7290008747547,false,תפוציפס קראנץ טבעי 2,"שטראוס פריטו ליי בע""",IL,תפו קראנצ טבעי 200 גר 12 יח - שמיטה,גרמים,200.00,100 גרם,false,1,9.90,4.9500,true,1,10601
7290008752244,false,תפוציפס קראנץ גריל,"שטראוס פריטו ליי בע""",IL,תפו קראנצ גריל 50 גר 48 יח - שמיטה,גרמים,50.00,100 גרם,false,1,3.90,7.8000,true,1,10642
7290008753111,false,תפוציפס קראנץ מקסיקנ,"שטראוס פריטו ליי בע""",IL,תפו קראנצ מקסיקני 50 גר 48 יח- שמיטה,גרמים,50.00,100 גרם,false,1,3.90,7.8000,true,1,10655
7290008757034,false,סודה שוופס בקבוק 250,יפאורה תבורי בעמ,IL,"שוופס סודה 250 מ""ל זכוכית",מיליליטרים,250.00,"100 מ""ל",false,1,4.50,1.8000,true,1,10688
7290008757980,false,נקטר ספרינג רימונים,"כד בני דרום בע""מ",IL,ספרינג קרטוניות רימונים 1 ל',ליטרים,1.00,ליטר,false,1,8.60,8.6000,true,1,25324
7290008775816,false,ערגליות שוקו 300 גרם,מיוצר עי קונדיטוריית,IL,ערגליות שוקולד 6*300גרם,גרמים,300.00,100 גרם,false,1,10.90,3.6333,true,1,10704
7290008775823,false,ערגליות תות 300 גרם,מיוצר עי קונדיטוריית,IL,ערגליות תות שדה 6*300גרם,גרמים,300.00,100 גרם,false,1,10.90,3.6333,true,1,10705
7290008801010,false,יין P.C קברנה מרלו,אגודת הכורמים הקאופו,IL,"יין P.C קברנה מרלו 750 מ""ל",מיליליטרים,750.00,"100 מ""ל",false,1,39.90,5.3200,true,1,10716
7290008801119,false,יין סלקטד סוביניון ב,אגודת הכורמים הקואופ,IL,כרמל סלקטד סוביניון בלאן יין לבן יבש  750 מל,מיליליטרים,750.00,"100 מ""ל",false,1,29.90,3.9867,true,1,10718
7290008801157,false,יין סלקטד מרלו 750 מ,יקבי כרמל,,"יין סלקטד מרלו 750 מ""ל",מיליליטרים,750.00,"100 מ""ל",false,1,29.90,3.9867,true,1,10722
7290008801843,false,יין סלקטד קברנה סובנ,"כד בני דרום בע""מ",IL,כרמל סלקטד קברנה סוביניון יין אדום יבש 2017 750 מל,מיליליטרים,750.00,"100 מ""ל",false,1,29.90,3.9867,true,1,10732
7290008801850,false,יין סלקטד אמרלד ריזל,אגודת הכורמים הקואופ,IL,כרמל סלקטד אמרלד ריזלינג-קולומברד 2018,מיליליטרים,750.00,"100 מ""ל",false,1,29.90,3.9867,true,1,10733
7290008802291,false,"יין מרלו P.C 750 מ""ל",אגודת הכורמים הקואופ,IL,כרמל פרייבט קולקשן מרלו 2018 יין אדום יבש 750 מל,מיליליטרים,750.00,"100 מ""ל",false,1,39.90,5.3200,true,1,10739
7290008802895,false,יין קברנה סוביניון,אגודת הכורמים הקאופו,IL,"יין P.C קברנה סוביניון 750 מ""ל",מיליליטרים,750.00,"100 מ""ל",false,1,39.90,5.3200,true,1,10747
7290008804332,false,יין שיראז      P.C.,אגודת הכורמים הקואופ,IL,יין שיראז פרייבט קולקשן יקבי כרמל,מיליליטרים,750.00,"100 מ""ל",false,1,39.90,5.3200,true,1,35249
7290008804462,false,יין P.C מוסקט לבן 50,אגודת הכורמים הקואופ,IL,"יין P.C מוסקט לבן 500 מ""ל",מיליליטרים,500.00,"100 מ""ל",false,1,39.90,7.9800,true,1,40276
7290008804745,false,יין ס.א גוורצטרמינר,אגודת הכורמים הקואופ,IL,יין ס.א גוורצטרמינר,מיליליטרים,750.00,"100 מ""ל",false,1,59.90,7.9867,true,1,119016
7290008805520,false,יין קברנה מרלו סלקטד,"כד בני דרום בע""מ",IL,"יין קברנה מרלו סלקטד 750 מ""ל",מיליליטרים,750.00,"100 מ""ל",false,1,29.90,3.9867,true,1,31896
7290008806305,false,שלגון פצפצים,"מיוצר ע"" גלידת שטראו",IL,שלגון פצפצים תות בננה עם סוכרי,גרמים,97.00,100 גרם,false,1,6.90,7.1134,true,1,10796
7290008806961,false,גלידה קרמיסימו שוקול,"גלידת שטראוס בע""מ",IL,גלידה קרמיסימו שוקולד צ'יפ פרה 1.33 ל',ליטרים,1.33,ליטר,false,1,26.90,20.2256,true,1,10802
7290008806985,false,גלידונית קרמיסימו 1/,שטראוס גלידות,,גלידונית קרמיסימו 1/60  630 גרם פרווה,גרמים,630.00,100 גרם,false,1,41.90,6.6508,true,1,10803
7290008849609,false,אוליביה רוטב לכרעיים,אוליביה גורמה (1996),IL,אוליביה רוטב שום דבש לעוף,גרמים,330.00,100 גרם,false,1,14.90,4.5152,true,1,154496
7290008849661,false,ממרח עגבניות מיובשות,"אוליביה גרומה בע""מ",IL,ממרח עגבניות מיובשות פקנטי אוליביה,גרמים,180.00,100 גרם,false,1,12.90,7.1667,true,1,121280
7290008849845,false,אריסה פקנטית  אוליבי,"אוליביה גרומה בע""מ",IL,אריסה פקנטית  אוליביה 185גרם,גרמים,185.00,100 גרם,false,1,12.90,6.9730,true,1,121281
7290008866019,false,ברי עיזים בייבי יעקו,משק יעקבס,IL,"ברי עיזים בייבי יעקובס לק""ג",קילוגרמים,1.00,"ק""ג",true,,149.00,149.0000,true,1,152686
7290008866033,false,גאודה עיזים יעקובס ל,משק יעקבס,IL,"גאודה עיזים יעקובס לק""ג",קילוגרמים,1.00,"ק""ג",true,,159.00,159.0000,true,1,152685
7290008880112,false,מצת קליפר,Flamagas SA Barcelon,,מצת קליפר,לא מנהל יחידת מידה,0.00,לא מנהל יחידת מידה,false,1,6.00,0.0000,false,1,106310
7290008909853,false,קוקה קולה זירו,פארייפאבה אגרואינדוס,IL,"קולה ZERO בקבוק 500 מ""ל",מיליליטרים,500.00,"100 מ""ל",false,1,7.50,1.5000,true,1,47188
7290008921015,false,יין קברנה פטיט סירא,"יקבי הבארון בע""מ",,"יין קברנה פטיט סירא 750 מ""ל",מיליליטרים,750.00,"100 מ""ל",false,1,34.90,4.6533,true,1,67251
7290008921022,false,יין פרנץ ריזלינג 750,"יקבי הבארון בע""מ",,"יין פרנץ ריזלינג 750 מ""ל",מיליליטרים,750.00,"100 מ""ל",false,1,34.90,4.6533,true,1,67252
7290008921121,false,יין סוביניון בלאן 75,יקבי הבארון – תשבי,IL,"יין סוביניון בלאן 750 מ""לתישבי",מיליליטרים,750.00,"100 מ""ל",false,1,48.90,6.5200,true,1,146570
7290008921138,false,"יין כחול לבן 750 מ""ל","יקבי הבארון בע""מ",,"יין כחול לבן 750 מ""ל",מיליליטרים,750.00,"100 מ""ל",false,1,34.90,4.6533,true,1,136572
7290008921152,false,יין תישבי אסטייט רוב,יקבי הבארון – תשבי,,"יין תישבי אסטייט רובי קברנה 750 מ""ל",מיליליטרים,750.00,"100 מ""ל",false,1,139.90,18.6533,true,1,98785
7290008921169,false,יין תשבי ויניארדס קב,"יקבי הבארון בע""מ",,"יין תשבי ויניארדס קברנה 750 מ""ל",מיליליטרים,750.00,"100 מ""ל",false,1,48.90,6.5200,true,1,67253
7290008921176,false,יין תשבי ויניארדס מר,"יקבי הבארון בע""מ",,"יין תשבי ויניארדס מרלו 750 מ""ל",מיליליטרים,750.00,"100 מ""ל",false,1,48.90,6.5200,true,1,67256
7290008921190,false,יין תשבי ויניארדס,יושלם,,יין תשבי ויניארדס ריזלינג           750,Unknown,0.00,Unknown,false,1,34.90,0.0000,true,1,113863
7290008921213,false,יין תשבי אסטייט ויונ,יקבי תישבי,IL,"יין תשבי אסטייט ויונייה 750 מ""ל",מיליליטרים,750.00,"100 מ""ל",false,1,56.90,7.5867,true,1,94952
7290008921251,false,יין קברנה פראנק 750,יושלם,,"יין קברנה פראנק 750 מ""ל תישבי",מיליליטרים,750.00,"100 מ""ל",false,1,48.90,6.5200,true,1,99361
7290008921268,false,יין תשבי אסטייט קברנ,יקבי הבארון – תשבי,,"יין תשבי אסטייט קברנה פרנק 750 מ""ל",מיליליטרים,750.00,"100 מ""ל",false,1,139.90,18.6533,true,1,106124
7290008921275,false,"יין שיראז 750 מ""ל תי",יושלם,,"יין שיראז 750 מ""ל תישבי",מיליליטרים,750.00,"100 מ""ל",false,1,48.90,6.5200,true,1,86136
7290008921336,false,יין שרדונה  אסטייט 7,"יקבי הבארון בע""מ",,"יין שרדונה  אסטייט 750 מ""ל",מיליליטרים,750.00,"100 מ""ל",false,1,56.90,7.5867,true,1,67272
7290008921442,false,יין תישבי אסטייט מלב,יושלם,,"יין תישבי אסטייט מלבק 750 מ""ל",מיליליטרים,750.00,"100 מ""ל",false,1,139.90,18.6533,true,1,92687
7290008921459,false,יין שיראז אסטייט 750,יקב תישבי יקבי הברון,,"יין שיראז אסטייט 750 מ""ל תישבי",מיליליטרים,750.00,"100 מ""ל",false,1,84.90,11.3200,true,1,118995
7290008921572,false,ויוניה גוורצטרמינר 7,יקבי תישבי,,"ויוניה גוורצטרמינר 750 מ""ל",מיליליטרים,750.00,"100 מ""ל",false,1,48.90,6.5200,true,1,136176
7290008921633,false,יין אסטיין פינק סובי,יקבי הבארון,IL,"יין אסטיין פינק סוביניון 750 מ""ל",מיליליטרים,750.00,"100 מ""ל",false,1,56.90,7.5867,true,1,154825
7290008921718,false,תישבי גוורצטרימנר,יושלם,,תישבי גוורצטרימנר,מיליליטרים,750.00,"100 מ""ל",false,1,56.90,7.5867,true,1,89164
7290008945172,false,גלילונית אשפה,"קינג באג בע""מ",TH,שקיות אשפה עם שרוך,Unknown,0.00,Unknown,false,1,16.90,0.0000,true,1,10960
7290008945202,false,גלילונית רב שימושית,"איטיליאן פוד, אס.פי.",TH,גלילונית שקיות רב שימושית לפח ענק 50 יח',Unknown,0.00,Unknown,false,1,16.70,0.0000,true,1,10961
7290009397420,false,בייגל קל קפוא,"גידרון תעשיות בע""מ",,בייגל קל קפוא,לא מנהל יחידת מידה,0.00,לא מנהל יחידת מידה,false,1,3.50,0.0000,true,1,16398
7290009398113,false,חלה מתוקה,"גידרון תעשיות בע""מ",,חלה מתוקה                            ח א,גרמים,560.00,100 גרם,false,1,11.90,2.1250,true,1,25103
7290009398786,false,פיתות אסלית,יושלם,,פיתות אסלית,לא מנהל יחידת מידה,0.00,לא מנהל יחידת מידה,false,1,7.90,0.0000,true,1,47090
7290009399790,false,לחמניית קשר קלה,"גידרון תעשיות בע""מ",,לחמניית קשר קלה,לא מנהל יחידת מידה,0.00,לא מנהל יחידת מידה,false,1,2.90,0.0000,true,1,74111
7290009957792,false,לחמנית שמיניה פרצל א,גדרון,IL,לחמנית שמיניה פרצל אפוי קפוא,יחידה,1.00,יחידה,false,1,4.90,4.9000,true,1,149803
7290009957808,false,פרצל אפוי גדרון א.ק,גדרון,IL,פרצל אפוי גדרון א.ק,יחידה,1.00,יחידה,false,1,5.90,5.9000,true,1,149804
7290010003075,false,פפריקה מרוקאית מתוקה,TLV צ'יף,IL,תבליני מימון פפריקה מרוקאית מתוקה בצנצנת 400 גרם,גרמים,400.00,100 גרם,false,1,24.90,6.2250,true,1,7912
7290010003761,false,כורכום טחון 80 גרם,א.ל ייצור ושיווק תבל,IL,תבליני מימון תבלין בשקית כורכום טחון 80 גרם,גרמים,400.00,100 גרם,false,1,5.50,1.3750,true,1,38609
7290010003778,false,תיבול לגריל עוף 80 ג,TLV צ'יף,IL,תבליני מימון תיבול גריל עוף 80 גרם,Unknown,0.00,Unknown,false,1,5.90,0.0000,true,1,87970
7290010003822,false,פפריקה חריפה 80 גרם,א.ל ייצור ושיווק תבל,IL,תבליני מימון פפריקה חריפה שקית 80 גרם,Unknown,0.00,Unknown,false,1,5.90,0.0000,true,1,87973
7290010023141,false,חליטת תה צמחים לימונ,HIQ FOOD PRODUCTS,IL,לימונענע - הגן הקסום,גרמים,55.00,100 גרם,false,1,19.90,36.1818,true,1,14223
7290010116980,false,שוקולית שקית,הנסיך- מפעל לייצור ט,IL,שוקולית 850 גרם 6 יח,גרמים,850.00,100 גרם,false,1,19.70,2.3176,true,1,15635
7290010117864,false,דוריטוס חריף אש 70 ג,שטראוס פריטו ליי  בע,IL,דוריטוס חריף אש 70 גרם,גרמים,70.00,100 גרם,false,1,3.90,5.5714,true,1,95870
7290010133574,false,סיגריה אלקטרונית סמא,shenzhen hot technol,CN,סיגריה אלקטרונית סמארט אוכמניות אייס 3000 שאיפות,יחידה,1.00,יחידה,false,1,99.90,99.9000,true,1,156344
7290010133604,false,סיגריה אלקטרונית סמא,shenzhen hot technol,CN,סיגריה אלקטרונית סמארט ענבים אייס 3000 שאיפות,יחידה,1.00,יחידה,false,1,99.90,99.9000,true,1,156340
7290010133611,false,סיגריה אלקטרונית סמא,shenzhen hot technol,CN,סיגריה אלקטרונית סמארט פירות אייס 3000 ש,יחידה,1.00,יחידה,false,1,99.90,99.9000,true,1,156339
7290010153503,false,שעועית בובס  מיה  40,מיה,IL,שעועית בובס  מיה  400 גרם,גרמים,400.00,100 גרם,false,1,11.90,2.9750,true,1,156176
7290010153510,false,בורגול מיה 500 גרם,מיה,IL,בורגול מיה 500 גרם,גרמים,500.00,100 גרם,false,1,4.90,0.9800,true,1,156170
7290010153695,false,פול גדול   מיה  400,מיה,IL,פול גדול   מיה  400 גרם,גרמים,400.00,100 גרם,false,1,8.90,2.2250,true,1,156189
7290010154005,false,סחוג תימני 250 גרם,המאפיה של הרמן,IL,סחוג תימני 250 גרם,גרמים,250.00,100 גרם,false,1,14.90,5.9600,true,1,7939
7290010154012,false,לימון כבוש בלאדי 250,המאפיה של הרמן,IL,לימון כבוש בלאדי 250 גרם,גרמים,250.00,100 גרם,false,1,16.00,6.4000,true,1,7940
7290010154036,false,עמבה 250 גרם,המאפיה של הרמן,IL,ביטון יוחאי המקורי עמבה סלט מנגו וחילבה 250 גרם,גרמים,250.00,100 גרם,false,1,14.90,5.9600,true,1,23950
7290010154241,false,חזרת 250 גרם,המאפיה של הרמן,IL,ביטון יוחאי המקורי סלט חזרת 250 גרם,גרמים,250.00,100 גרם,false,1,15.00,6.0000,true,1,16403
7290010154265,false,"פלפל צ""ומה 250 גרם",המאפיה של הרמן,IL,"פלפל צ""ומה 250 גרם",גרמים,250.00,100 גרם,false,1,14.90,5.9600,true,1,35501
7290010154678,false,אריסה מרוקאית 250 גר,המאפיה של הרמן,IL,אריסה מרוקאית 250 גרם,גרמים,250.00,100 גרם,false,1,14.90,5.9600,true,1,120930
7290010154685,false,שום כתוש 250 גרם,המאפיה של הרמן,IL,ביטון יוחאי המקורי סלט שום כתוש 250 גרם,גרמים,250.00,100 גרם,false,1,14.90,5.9600,true,1,120931
7290010163069,false,צנובר 100 גרם,אף.סי תבליני בגליל ב,IL,צנובר 100 גרם,גרמים,100.00,100 גרם,false,1,24.90,24.9000,true,1,37980
7290010173044,false,יין הרי גליל מרלו 75,"כד בני דרום בע""מ",IL,"הרי גליל מרלו יין אדום יבש, 750 מל",מיליליטרים,750.00,"100 מ""ל",false,1,33.90,4.5200,true,1,14423
7290010173068,false,יין הרי גליל קברנה ס,"כד בני דרום בע""מ",IL,יקבי הרי גליל קברנה סוביניון 750 מל,מיליליטרים,750.00,"100 מ""ל",false,1,33.90,4.5200,true,1,14478
7290010173174,false,יין גליל אלון 750 מל,,IL,יין גליל אלון 750 מל,מיליליטרים,750.00,"100 מ""ל",false,1,59.90,7.9867,true,1,118912
7290010173181,false,יין גליל אלה 750 מל,,IL,יין גליל אלה 750 מל,מיליליטרים,750.00,"100 מ""ל",false,1,59.90,7.9867,true,1,118971
7290010195268,false,פופקורן פופסטאר מופח,TLV צ'יף,US,פופקורן פופסטאר מופחת שומן טבע,גרמים,425.00,100 גרם,false,1,13.90,3.2706,true,1,78202
7290010195275,false,פופקורן פופסטאר מופח,TLV צ'יף,US,פופקורן פופסטאר מופחת שומן חמא,גרמים,425.00,100 גרם,false,1,13.90,3.2706,true,1,78203
7290010237531,false,פפסי קולה בקבוק 500,סנו מפעלי ברונוס.,IL,פפסי 500 מל בקבוק,מיליליטרים,500.00,"100 מ""ל",false,1,5.50,1.1000,true,1,24616
7290010237562,false,"מירינדה בקבוק 500 מ""","טמפו משקאות בע""מ",IL,מירינדה 500 בקבוק 24 יח',מיליליטרים,500.00,"100 מ""ל",false,1,5.50,1.1000,true,1,58045
7290010237579,false,סבן אפ          500,"איי, בי, אינבוו",IL,סבן אפ 500 בקבוק,מיליליטרים,500.00,"100 מ""ל",false,1,5.50,1.1000,true,1,24618
7290010237685,false,בירה הייניקן בקבוק,טמפו משקאות בע''מ,IL,"בירה היינקן, בקבוק 330 מ''ל",מיליליטרים,330.00,"100 מ""ל",false,1,9.60,2.9091,true,1,24300
7290010237777,false,שנדי למון ליים בודד,פארייפאבה אגרואינדוס,IL,"בירה שנדי, בירה בטעם לימון ליים, בקבוק 330 מ""ל",מיליליטרים,330.00,"100 מ""ל",false,1,6.50,1.9697,true,1,23810
7290010237890,false,בירה הייניקן בקבוק ח,טמפו משקאות בע''מ,IL,"בירה היינקן, בקבוק חוזר 500 מ""ל",מיליליטרים,500.00,"100 מ""ל",false,1,8.90,1.7800,true,1,24339
7290010328093,false,ממרח חלבה  אחווה,אחדות בית חרושת לטחי,IL,אחוה ממרח חלוה  400 גרם,גרמים,400.00,100 גרם,false,1,12.90,3.2250,true,1,39004
7290010328468,false,חלבה אחוה מיני בטעמי,שוורצקוף& הנקל דיסלד,IL,"אחוה חטיפי מיני חלוה פיסטוק, וניל וקקאו 18 יחידות",גרמים,216.00,100 גרם,false,1,10.90,5.0463,true,1,98857
7290010328505,false,חלבה אחוה מיני ללא ס,אחווה,,חלבה אחוה מיני ללא סוכר 150 גרם,גרמים,150.00,100 גרם,false,1,10.90,7.2667,true,1,98858
7290010472307,false,גמד .שתיה תות בננה,"שטראוס בריאות בע""מ",IL,גמדים לשתיה שמינייה תות בננה,מיליליטרים,800.00,"100 מ""ל",false,1,20.70,2.5875,true,1,24652
7290010561360,false,באגט ברילי אקסטרהקמח,קרלו,IL,באגט ברילי אקסטרהקמח טף 360גרם,גרמים,360.00,100 גרם,false,1,18.90,5.2500,true,1,149397
7290010561407,false,לחם פרוס EXTRA ויטמי,קרלו,IL,לחם פרוס EXTRA ויטמינים,גרמים,500.00,100 גרם,false,1,21.90,4.3800,true,1,144833
7290010561421,false,לחם כפרי מקמח טף,אשבל מזון פונקציונלי,IL,לחם כפרי ברילי אקסטרה מקמח טף500גרם,גרמים,500.00,100 גרם,false,1,21.90,4.3800,true,1,144824
7290010561452,false,מאפה ביס ויטמינים בר,קרלו,IL,מאפה ביס ויטמינים ברילי,גרמים,360.00,100 גרם,false,1,18.90,5.2500,true,1,146347
7290010561643,false,פירורי לחם ברילי ללא,אשבל מזון פונקציונלי,IL,פירורי לחם ברילי ללא גלוטן 250 גרם,גרמים,250.00,100 גרם,false,1,18.90,7.5600,true,1,144845
7290010609734,false,שלוקים אייס לי 800 מ,הדיל,IL,"שלוקים אייס לי 800 מ""ל",מיליליטרים,800.00,"100 מ""ל",false,1,5.90,0.7375,true,1,125962
7290010627004,false,טחינה ירושלים 500 גר,"בראשית ירושלים בע""מ",IL,טחינה ירושלים 500 גרם,גרמים,500.00,100 גרם,false,1,15.90,3.1800,true,1,112482
7290010632787,false,צימרוני אוזניים מעץ,הדקלאים אגודת שיתופי,CN,צימרוני אוזניים עץ 300 יח' בשקית,Unknown,0.00,Unknown,false,1,4.90,0.0000,true,1,83738
7290010657100,false,ליצי שלם,FOOD,,ליצי שלמים בסירופ קל 567גרם FOOD,גרמים,567.00,100 גרם,false,1,9.90,1.7460,true,1,62565
7290010657254,false,סרדינים בשמן צמחי 12,יוניון דה פחריס,,סרדינים בשמן צמחי 125 גרם,גרמים,125.00,100 גרם,false,1,5.50,4.4000,true,1,63152
7290010657490,false,סרדינים בשמן חריף 12,יוניון דה פחריס,,סרדינים בשמן חריף 125 גרם,גרמים,125.00,100 גרם,false,1,6.50,5.2000,true,1,87303
7290010657834,false,מי ורדים,יושלם,,מי ורדים 500מל FOOD1,מיליליטרים,500.00,"100 מ""ל",false,1,18.90,3.7800,true,1,73219
7290010777099,false,פיתה  עבודת יד שמיני,מגוון שיווק והפצת מא,,מארז שמיניית פיתות,גרמים,800.00,100 גרם,false,1,11.90,1.4875,true,1,111453
7290010777150,false,פיתה מיוחדת,מגוון שיווק והפצת מא,,פיתה מיוחדת חיטה מלאה 8 יחידות,גרמים,800.00,100 גרם,false,1,15.90,1.9875,true,1,88008
7290010777242,false,פיתה קריצה מחמצת 10י,מאפיית ביכורים  מזון,IL,פיתה קריצה מחמצת 10יח,גרמים,1100.00,100 גרם,false,1,16.90,1.5364,true,1,154735
7290010777297,false,פיתות מיוחדת,מגוון שיווק והפצת מא,,פיתה מיוחדת עשירייה,גרמים,600.00,100 גרם,false,1,13.90,2.3167,true,1,88012
7290010777358,false,פיתה כוסמין 8 יח בש,מגוון שיווק והפצת מא,,פיתה כוסמין 8 יח בשקית  400 גרם,גרמים,400.00,100 גרם,false,1,16.90,4.2250,true,1,111450
7290010777488,false,פיתות מחמצת 100%  קמ,מאפיית ביכורים  מזון,IL,פיתות מחמצת 100%  קמח מלא 10 יח,גרמים,420.00,100 גרם,false,1,16.90,4.0238,true,1,154734
7290010777525,false,פיתות 100% כוסמין דק,מאפיית ביכורים  מזון,IL,פיתות 100% כוסמין דק 99 קל 6 יח,גרמים,300.00,100 גרם,false,1,16.90,5.6333,true,1,154733
7290010778058,false,פטוציני לבן/ טריקולו,פסטה דיאורו,IL,פטוציני לבן/ טריקולור,גרמים,500.00,100 גרם,false,1,19.90,3.9800,true,1,55554
7290010778065,false,ניוקי תפוח אדמה,פסטה דיאורו,IL,ניוקי תפוח אדמה,גרמים,500.00,100 גרם,false,1,19.90,3.9800,true,1,55556
7290010778089,false,טורטלוני גבינה,פסטה דיאורו,IL,טורטלוני גבינה,גרמים,500.00,100 גרם,false,1,32.90,6.5800,true,1,55558
7290010778119,false,רוטב עגבניות,פסטה דיאורו,IL,רוטב עגבניות,גרמים,240.00,100 גרם,false,1,13.90,5.7917,true,1,53939
7290010778126,false,רוטב פסטו,פסטה דיאורו,IL,רוטב פסטו,גרמים,240.00,100 גרם,false,1,21.90,9.1250,true,1,53215
7290010778157,false,רביולי ריקוטה ותרד,פסטה דיאורו,IL,רביולי ריקוטה ותרד,גרמים,500.00,100 גרם,false,1,29.90,5.9800,true,1,74403
7290010778164,false,רביולי ריקוטה ופטריו,פסטה דיאורו,IL,רביולי ריקוטה ופטריות,גרמים,500.00,100 גרם,false,1,29.90,5.9800,true,1,74404
7290010778171,false,רביולי בטטה,פסטה דיאורו,IL,רביולי בטטה,גרמים,500.00,100 גרם,false,1,29.90,5.9800,true,1,74415
7290010778188,false,רביולי 4 גבינות,פסטה דיאורו,IL,רביולי 4 גבינות,גרמים,500.00,100 גרם,false,1,29.90,5.9800,true,1,74413
7290010778201,false,רוטב אלפרדו,פסטה דיאורו,IL,רוטב אלפרדו,גרמים,240.00,100 גרם,false,1,19.90,8.2917,true,1,74421
7290010778218,false,רוטב שמנת פטריות,פסטה דיאורו,IL,רוטב שמנת פטריות,גרמים,240.00,100 גרם,false,1,19.00,7.9167,true,1,114520
7290010778225,false,רוטב שמנת עגבניות,פסטה דיאורו,IL,רוטב שמנת עגבניות,גרמים,240.00,100 גרם,false,1,19.90,8.2917,true,1,74423
7290010778256,false,רביולי ריקוטה ופרמזן,פסטה דיאורו,IL,רביולי ריקוטה ופרמזן,גרמים,500.00,100 גרם,false,1,29.90,5.9800,true,1,74402
7290010778263,false,רביולי גבינות צאן,פסטה דיאורו,IL,רביולי גבינות צאן,גרמים,500.00,100 גרם,false,1,29.90,5.9800,true,1,74414
7290010778300,false,רביולי מוצרלה,פסטה דיאורו,IL,רביולי מוצרלה,גרמים,500.00,100 גרם,false,1,29.90,5.9800,true,1,74417
7290010778324,false,ניוקי בטטה,פסטה דיאורו,IL,ניוקי בטטה,גרמים,500.00,100 גרם,false,1,19.90,3.9800,true,1,74398
7290010778362,true,רביולי גבינות עיזים,פסטה דיאורו,IL,רביולי גבינות עיזים ובזיליקום,גרמים,500.00,100 גרם,false,1,29.90,5.9800,true,1,74409
7290010778485,false,רוטב שמנת בטטה,פסטה דיאורו,IL,רוטב שמנת בטטה,גרמים,240.00,100 גרם,false,1,19.90,8.2917,true,1,74424
7290010778492,false,רוטה שמנת תרד,פסטה דיאורו,IL,רוטה שמנת תרד,גרמים,240.00,100 גרם,false,1,19.90,8.2917,true,1,74425
7290010778553,false,ניוקי סלק ממולא גבינ,פסטה דיאורו,IL,ניוקי סלק ממולא גבינה,גרמים,500.00,100 גרם,false,1,29.90,5.9800,true,1,118675
7290010791545,false,מזון חתולים דליקטס פ,"הייקיו, תאילנד",TH,לה קט דליקטס פטה כבד עוף 85גרם,גרמים,85.00,100 גרם,false,1,5.90,6.9412,true,1,38962
7290010791552,false,מזון חתולים דליקטס נ,"הייקיו, תאילנד",TH,לה קט דליקטס טונה ברוטב 85 גרם,גרמים,85.00,100 גרם,false,1,5.90,6.9412,true,1,38963
7290010791576,false,מזון חתולים דליקטס מ,"הייקיו, תאילנד",TH,לה קט דליקטס אוצרות הים 85 גרם,גרמים,85.00,100 גרם,false,1,5.90,6.9412,true,1,38964
7290010814244,false,שוקולד מריר,"כד בני דרום בע""מ",IL,שלשות שוקולד מריר 44% 85 גר*3*18 בקרטון,גרמים,300.00,100 גרם,false,1,13.90,4.6333,true,1,91611
7290010814251,false,שוקולד חלב,כרמית תעשיות ממתקים,IL,שלשות שוקולד חלב 85 גר*3 בלמינט * 18 בקרט בדצ,גרמים,225.00,100 גרם,false,1,13.90,6.1778,true,1,91612
7290010814695,false,"שוקולד מריר לל""ס 85",כרמית תעשיות ממתקים,IL,שוקולד מריר ללא תוספת סוכר אגו 85 גרם,גרמים,85.00,100 גרם,false,1,6.90,8.1176,true,1,71371
7290010814701,false,שוקולד חלב,כרמית תעשיות ממתקים,IL,"שוקולד חלב לל""ס 85ג*12בדיס*2בקרט",גרמים,85.00,100 גרם,false,1,6.90,8.1176,true,1,71372
7290010838219,false,ממתיק על בסיס סטיביה,תות ממתקי איכות,IL,ממתיק על בסיס סטיביה 100 שקיות,גרמים,100.00,100 גרם,false,1,32.90,32.9000,true,1,93385
7290010849505,false,למברוסקו די לואיגי א,פארייפאבה אגרואינדוס,IT,"למברוסקו די לואיגי אדום 750 מ""ל",מיליליטרים,750.00,"100 מ""ל",false,1,34.90,4.6533,true,1,65060
7290010849512,false,למברוסקו די לואיגי ר,פארייפאבה אגרואינדוס,IT,"למברוסקו די לואיגי רוזה 750 מ""ל",מיליליטרים,750.00,"100 מ""ל",false,1,34.90,4.6533,true,1,69322
7290010849529,false,למברוסקו די לואיגי ב,פארייפאבה אגרואינדוס,IT,"למברוסקו די לואיגי ביאנקו 750 מ""ל",מיליליטרים,750.00,"100 מ""ל",false,1,34.90,4.6533,true,1,77706
7290010880003,false,ליקר שוקולד מריר,"יקב לביא, גוש עציון",,ליקר שוקולד מריר 500,מיליליטרים,500.00,"100 מ""ל",false,1,79.90,15.9800,true,1,119011
7290010880065,false,ליקר אוכמניות,"יקב לביא, גוש עציון",,ליקר אוכמניות 500,מיליליטרים,500.00,"100 מ""ל",false,1,79.90,15.9800,true,1,119010
7290010882632,false,ליקר אספרסו,"יקב לביא, גוש עציון",,ליקר אספרסו 500,מיליליטרים,500.00,"100 מ""ל",false,1,79.90,15.9800,true,1,119014
7290010883356,false,כפפות אלוורה,Z.H.RUBBER,CN,L-סושי כפפות אלוורה,לא מנהל יחידת מידה,0.00,לא מנהל יחידת מידה,false,1,10.80,0.0000,true,1,39869
7290010883363,false,כפפות אלוורה סנו סוש,האי נאם סי או אל.טי.,CN,סושי כפפות אלוורה רב שימושיות - S,Unknown,0.00,Unknown,false,1,10.80,0.0000,true,1,39904
7290010883370,false,כפפות אלוורה בינוני,האי נאם סי או אל.טי.,CN,סושי כפפות אלוורה  רב שימושיות - M,Unknown,0.00,Unknown,false,1,10.80,0.0000,true,1,39905
7290010931330,false,סלט מטבוחה 500 גרם,מיוצר עי קונדיטוריית,IL,מטבוחה 500,גרמים,500.00,100 גרם,false,1,15.90,3.1800,true,1,33745
7290010945146,false,קוטג מועשר 3% טרה 25,טרה,,קוטג מועשר 3% טרה 250 גרם,גרמים,250.00,100 גרם,false,1,6.20,2.4800,true,1,31436
7290010945481,false,גבינה לבנה       5%,טרה,,גבינה לבנה 500 5% גרם מהדרין,גרמים,500.00,100 גרם,false,1,9.96,1.9920,true,1,33309
7290010965236,true,עציץ,,,עציץ,,0.00,,false,,11.90,0.0000,true,1,156301
7290011015862,false,סירופ דיאט לימונענע,גת,IL,"סירופ דיאט לימונענע 750 מ""ל",מיליליטרים,750.00,"100 מ""ל",false,1,24.60,3.2800,true,1,68942
7290011017866,false,קוקה קולה פחית סליק,תות תעשיות מזון (201,IL,"סליק קוקה קולה 330 מ""ל מבצע",מיליליטרים,330.00,"100 מ""ל",false,1,5.90,1.7879,true,1,85762
7290011017873,false,קוקה קולה זירו פחית,תות תעשיות מזון (201,IL,"סליק קולה ZERO 330 מ""ל מבצע",מיליליטרים,330.00,"100 מ""ל",false,1,5.90,1.7879,true,1,85763
7290011017880,false,קוקה קולה דיאט פחית,תות תעשיות מזון (201,IL,"סליק דק""ק 330 מ""ל מבצע",מיליליטרים,330.00,"100 מ""ל",false,1,5.90,1.7879,true,1,85764
7290011018184,false,תה קר FUZE TEA אפרסק,מולינו ניקולי s.p.a,IL,FUZE tea אפרסק 0.5 ליטר,מיליליטרים,500.00,"100 מ""ל",false,1,8.50,1.7000,true,1,85413
7290011018214,false,תה קר FUZE TEA מנגו,פארייפאבה אגרואינדוס,IL,פיוזטי מנגו אננס 0.5 ליטר,מיליליטרים,500.00,"100 מ""ל",false,1,8.50,1.7000,true,1,85416
7290011018368,false,בירה ויינשטפן מארז ש,"ויינשטפן, ת.ד 1155 פ",DE,Weihenstephan - בירת חיטה מעוננת,ליטרים,1.98,ליטר,false,1,74.90,37.8283,true,1,90499
7290011018474,false,סיידר סומרסבי,"קרלסברג קרואטיה , יב",HR,"סומרסבי סיידר בקבוק 330 מ""ל",מיליליטרים,330.00,"100 מ""ל",false,1,9.90,3.0000,true,1,101341
7290011018832,false,קוקה קולה מארז שישיי,תות תעשיות מזון (201,IL,"ק""ק 6 FRIDGE-PACK מבצע",ליטרים,1.98,ליטר,false,1,24.90,12.5758,true,1,91298
7290011018917,false,קוקה קולה זירו מארז,תות תעשיות מזון (201,IL,"מארז ק""ק ZERO 6 פח FRIDGE-PACK מבצע",ליטרים,1.98,ליטר,false,1,24.90,12.5758,true,1,91329
7290011018924,false,קוקה קולה דיאט מארז,תות תעשיות מזון (201,IL,דקק 6 פח FRIDGE Pack מבצע,ליטרים,1.98,ליטר,false,1,24.90,12.5758,true,1,91299
7290011051358,false,סודה שוופס לימון 250,מיוצר עי קונדיטוריית,IL,"שוופס סודה לימון 250 מ""ל זכוכית",מיליליטרים,250.00,"100 מ""ל",false,1,4.50,1.8000,true,1,114313
7290011064020,false,גבינה בולגרית בעיר 2,גבינות ניצן,,גבינה בולגרית בעיר 200  גרם,גרמים,200.00,100 גרם,false,1,14.90,7.4500,true,1,39206
7290011064075,false,גבינת לאבנה אבו גוש,גבינות ניצן,,גבינת לאבנה אבו גוש פלוס 200 גרם,גרמים,200.00,100 גרם,false,1,14.90,7.4500,true,1,120138
7290011064099,false,טאפס שכונתי 125 גרם,"ניצן מותגי מזון בע""מ",,טאפס שכונתי 125 גרם,גרמים,125.00,100 גרם,false,1,20.30,16.2400,true,1,79827
7290011081492,false,גלידה קרמיסימו שלושה,"גלידת שטראוס בע""מ",IL,מעדן קפוא קרמיסימו 3 שוקולדים 1.33 ל',ליטרים,1.33,ליטר,false,1,26.90,20.2256,true,1,41661
7290011113926,false,"דאו ""ספריי בלאק לגבר",משווק: וסמופארם בעממ,IL,"טיטניום דאודורנט ספריי בלק 180 מ""ל",מיליליטרים,180.00,"100 מ""ל",false,1,18.90,10.5000,true,1,40974
7290011115203,false,נקה 7 ורוד/4,קוסמופארם בע''מ,IL,נקה 7 סבון מוצק  ורוד              1/4,גרמים,400.00,100 גרם,false,1,10.90,2.7250,true,1,35442
7290011115289,false,נקה 7 סבון מוצק לילך,"גליל כימיכלים בע""מ",IL,נקה 7 סבון מוצק לילך - רביעיה,גרמים,400.00,100 גרם,false,1,12.90,3.2250,true,1,41998
7290011126209,false,תפוח וקינמון-סיידר,HIQ FOOD PRODUCTS,IL,תפוח וקינמון- סיידר - הגן הקסום,גרמים,67.00,100 גרם,false,1,19.90,29.7015,true,1,37868
7290011131371,false,מוזלי קרנצי שקדים וא,ויטליאה ניקולה דו,MK,מוזלי פלוס אגוזים ושקדים 1 קג,קילוגרמים,1.00,"ק""ג",false,1,25.90,25.9000,true,1,59772
7290011131395,false,מוזלי קראנצי פירות 1,ויטליאה ניקולה דו,MK,גרין מוזלי קראנצ'י בתוספת 30% פירות 1 קג,קילוגרמים,1.00,"ק""ג",false,1,25.90,25.9000,true,1,59771
7290011131654,false,מיזלי ביג מיקס,ויטליה ניקולא דו,MK,"גרין מוזלי קראנצ'י עם פירות ואגוזים, 1.1 קג",קילוגרמים,1.00,"ק""ג",false,1,25.90,25.9000,true,1,103084
7290011132507,false,מים סן בנדטו מוגז עד,אקווה מינרלה סאן בנד,IT,סן בנדטו מוגז 500 מל,מיליליטרים,500.00,"100 מ""ל",false,1,6.00,1.2000,true,1,77614
7290011133498,false,מכבי שנדי תפוח,"איי, בי, אינבוו",IL,"בירה שנדי, בירה בטעם תפוח, בקבוק 330 מ""ל",מיליליטרים,330.00,"100 מ""ל",false,1,6.50,1.9697,true,1,63682
7290011148911,false,פלפל טינקרבל יחידה,חקלאי,IL,פלפל טינקרבל יחידה,גרמים,500.00,100 גרם,false,1,9.90,1.9800,true,1,105740
7290011148935,false,מלפפון מיני ארוז,חקלאי,IL,מלפפון טעם ארוז,לא מנהל יחידת מידה,0.00,לא מנהל יחידת מידה,false,1,13.90,0.0000,true,1,94976
7290011153885,false,נייר אכיל ממותג,גילרוי,,נייר אכיל ממותג                       .,Unknown,0.00,Unknown,false,1,22.60,0.0000,true,1,38044
7290011194215,false,דניאלה מעדן בננה,"שטראוס בריאות בע""מ",IL,דניאלה מעדן בננה 88 גרם,גרמים,88.00,100 גרם,false,1,4.40,5.0000,true,1,31785
7290011194246,false,קוטג 5% סקי 250 גרם,מיוצר עי קונדיטוריית,IL,קוטג' 5% 250 גרם,גרמים,250.00,100 גרם,false,1,5.90,2.3600,true,1,32203
7290011223038,false,עלים לקרמשניט בונומי,דולפין ספא,IT,עלים לקרמשניט בונומי 300 גרם,גרמים,300.00,100 גרם,false,1,16.90,5.6333,true,1,73892
7290011223045,false,בישקוטים בונומי 200,דולפין ספא,IT,בונמי בישקוטים 200 גרם,גרמים,200.00,100 גרם,false,1,7.90,3.9500,true,1,71746
7290011223243,false,"ג""ל לאסלה בניחוח לבנ","איטיליאן פוד, אס.פי.",IT,ג'ל נוזלי לאסלה בניחוח לבנדר 55 מל,מיליליטרים,55.00,"100 מ""ל",false,1,11.90,21.6364,true,1,33473
7290011249748,false,ופל גלילית שוקולד גי,גילרו,,ופל גלילית שוקולד גילרו 100 גרם,גרמים,100.00,100 גרם,false,1,3.90,3.9000,true,1,99529
7290011249755,false,ופלים גלילית אגוזים,"גילרו בע""מ",,ופלים גלילית אגוזים 100 גרם,גרמים,100.00,100 גרם,false,1,3.90,3.9000,true,1,99528
7290011254001,true,פשתן מיה  450 גרם,מיה,IL,פשתן מיה  450 גרם,גרמים,450.00,100 גרם,false,1,8.90,1.9778,true,1,156208
7290011254025,false,דוחן  מיה 500 גרם,מיה,IL,דוחן  מיה 500 גרם,גרמים,500.00,100 גרם,false,1,8.90,1.7800,true,1,156190
7290011254049,false,סובין שבולת שועל   מ,מיה,IL,סובין שבולת שועל   מיה 400 גרם,גרמים,400.00,100 גרם,false,1,12.90,3.2250,true,1,156219
7290011254605,true,תערובת קדירה לקט לחמ,מיה,IL,תערובת קדירה לקט לחמין מיה 600 גרם,גרמים,600.00,100 גרם,false,1,12.90,2.1500,true,1,156204
7290011254766,false,שעועית לוביה  מיה 40,מיה,IL,שעועית לוביה  מיה 400 גרם,גרמים,400.00,100 גרם,false,1,9.90,2.4750,true,1,156181
7290011254773,false,שעועית ארגנטינאית מי,מיה,IL,שעועית ארגנטינאית מיה  500 גרם,גרמים,500.00,100 גרם,false,1,11.90,2.3800,true,1,156191
7290011276324,true,"באק צ""וי",,,"באק צ""וי",,0.00,,false,,12.90,0.0000,true,1,156506
7290011435226,false,דבש מפרחי בר לחיץ 65,תות תעשיות מזון (201,IL,דבש לחיץ 650 גרם,גרמים,650.00,100 גרם,false,1,38.90,5.9846,true,1,59535
7290011438142,false,משקה אייס קפה יטבתה,,IL,"אייס קפה 350 מ""ל",מיליליטרים,350.00,"100 מ""ל",false,1,6.50,1.8571,true,1,41209
7290011447267,false,מטרנה פרימיום חלבי1,מטרנה תעשיות ש.מ,IL,מטרנה פרימיום חלבי שלב            1 700,גרמים,700.00,100 גרם,false,1,59.90,8.5571,true,1,47047
7290011447281,false,מטרנה פרימיום שלב 2,מולינו ניקולי s.p.a,IL,מטרנה חלבי שלב 2 חיסכון 12*700גרם,גרמים,700.00,100 גרם,false,1,59.90,8.5571,true,1,47049
7290011447748,false,מזון לחתולים יבש עם,ביופט,IL,סופר קט 3 קג - דגי אוקיאנוס וטונה,קילוגרמים,3.00,"ק""ג",false,1,47.90,15.9667,true,1,101745
7290011499051,false,גבינה פטה כבשים 250,MKN עבור מחלבות גד ב,IL,פטה כבשים גבינה מלוחה במי מלח,גרמים,250.00,100 גרם,false,1,28.90,11.5600,true,1,36940
7290011499105,false,גבינה בולגרית 5%  25,ג'נרל מילס סאן אדריא,IL,גבינה בולגרית 5%  250 גרם,גרמים,250.00,100 גרם,false,1,26.90,10.7600,true,1,39846
7290011499112,false,גבינה בולגרית 16% בש,"מיוצר ע""י dsh",IL,בולגריות מיוצרת בשיטה מסורתית 16% 250 גרם,גרמים,250.00,100 גרם,false,1,26.90,10.7600,true,1,39847
7290011499129,false,גבינה בולגרית קוביות,קוד יצרן DSH,IL,קוביות בולגרית מעודנת,גרמים,200.00,100 גרם,false,1,23.90,11.9500,true,1,40459
7290011499303,false,גבינה בולגרית 5% עזי,ג'נרל מילס סאן אדריא,IL,גד בולגרית עיזים מעודנת 5% שומן,גרמים,250.00,100 גרם,false,1,31.90,12.7600,true,1,48336
7290011499327,false,גבינה בולגרית 5% מעו,מיוצר על ידי DSH עבו,IL,גד גבינת בולגרית מעודנת מחלב בקר במי מלח 5% שומן,גרמים,250.00,100 גרם,false,1,26.90,10.7600,true,1,48338
7290011499341,false,גבינת קאשקבל 200 גרם,מחלבת גד,,גבינת קאשקבל 200 גרם,גרמים,200.00,100 גרם,false,1,28.90,14.4500,true,1,48868
7290011499358,false,גבינה פטה עיזים 200,ג'נרל מילס סאן אדריא,IL,מחלבות גד גבינת פטה עיזים 20% שומן,גרמים,200.00,100 גרם,false,1,28.90,14.4500,true,1,48869
7290011499365,false,גבינה חלומי נענע גד,"מחלבות גד בע""מ",IL,גד גבינת חלומי קשה מחלב בקר 24% שומן 200 גרם,גרמים,200.00,100 גרם,false,1,22.90,11.4500,true,1,48870
7290011499419,false,גבינת ניו יורק במקרם,מחלבות גד,IL,גד מרקם שמנת ניו יורק 5% 200 גרם,גרמים,200.00,100 גרם,false,1,12.90,6.4500,true,1,56338
7290011499525,false,גבינת לאבנה 9% דרוזי,מחלבות גד בעמ,IL,גבינת לאבנה דרוזית מחלב בקר 9% 500 גרם,גרמים,500.00,100 גרם,false,1,21.90,4.3800,true,1,60577
7290011499624,false,גבינת שמנת ניו יורק,מחלבות גד,IL,"גד, גבינת שמנת בטעם טבעי 30% , 200 גרם",גרמים,200.00,100 גרם,false,1,13.90,6.9500,true,1,69760
7290011499846,false,גבינת ריקוטה פרסקה 9,יוליניבר,IL,גבינת ריקוטה פרסקה 9%  300 גרם גד,גרמים,300.00,100 גרם,false,1,18.90,6.3000,true,1,75576
7290011499853,false,גבינת שמנת ניו יורק,מחלבות גד (שיווק 199,IL,גד ניו יורק גבינת שמנת זיתים 30% 200 גרם,גרמים,200.00,100 גרם,false,1,13.90,6.9500,true,1,77016
7290011501617,false,חמוציות ברכז תפוחים,אף.סי תבליני בגליל ב,IL,חמוציות ברכז תפוחים ללא סוכר 250 גרם,גרמים,250.00,100 גרם,false,1,16.90,6.7600,true,1,152752
7290011502867,false,גרנולה אגוזים 500 גר,"דין שיווק וקליה בע""מ",,גרנולה אגוזים 500 גרם שקדיה,גרמים,500.00,100 גרם,false,1,14.90,2.9800,true,1,47425
7290011502874,false,גרנולה פירות יבשים 5,"דין שיווק וקליה בע""מ",,גרנולה פירות יבשים 500 גרם שקדיה,גרמים,500.00,100 גרם,false,1,14.90,2.9800,true,1,47426
7290011505493,false,כפות מהודר עבה במיוח,F.T.I,,כפות מהודר עבה במיוחד 50 יחידות,לא מנהל יחידת מידה,0.00,לא מנהל יחידת מידה,false,1,11.90,0.0000,true,1,122954
7290011505509,false,מזלגות מהודר עבה במי,F.T.I,,מזלגות מהודר עבה במיוחד 50 יחידות,לא מנהל יחידת מידה,0.00,לא מנהל יחידת מידה,false,1,11.90,0.0000,true,1,122566
7290011505516,false,סכינים מהודר עבה במי,F.T.I,,סכינים מהודר עבה במיוחד 50 יחידות,לא מנהל יחידת מידה,0.00,לא מנהל יחידת מידה,false,1,11.90,0.0000,true,1,122663
7290011505776,true,שפודי במבוק 75 יח,הדקלאים אגודת שיתופי,CN,שיפודי במבוק 75 יחידות,לא מנהל יחידת מידה,0.00,לא מנהל יחידת מידה,false,1,3.90,0.0000,true,1,120441
7290011515683,false,טילון וניל אקסטרים מ,תות תעשיות מזון (201,IL,אקסטרים טילון וניל בדצ מאח.5 6*72גרם,גרמים,432.00,100 גרם,false,1,32.90,7.6157,true,1,41075
7290011515911,false,גלידה לייט ריבת חלב,המאפיה של הרמן,IL,נסטלה שלג.לייט ריבת חלב בדצ מאח.6 6*52ג,גרמים,312.00,100 גרם,false,1,27.90,8.9423,true,1,54877
7290011570088,false,ריבת חלב ללא תוספת .,קרלו,IL,ריבת חלב ללא תוספת סוכר,גרמים,0.00,100 גרם,false,1,20.90,0.0000,true,1,70016
7290011570798,true,קמח כרגיל בטעם שוקול,קרלו,IL,קמח כרגיל בטעם שוקול,גרמים,450.00,100 גרם,false,1,17.90,3.9778,true,1,131271
7290011575755,true,סופר גלו גל 3 גרם,,,סופר גלו גל 3 גרם,Unknown,0.00,Unknown,false,1,12.90,0.0000,true,1,131272
7290011587444,true,מוזלי קראנצי +פירות,,,מוזלי קראנצי +פירות,לא מנהל יחידת מידה,0.00,לא מנהל יחידת מידה,false,1,14.90,0.0000,true,1,127033
7290011587468,true,מוזלי קראנץ,,,מוזלי קראנץ,לא מנהל יחידת מידה,0.00,לא מנהל יחידת מידה,false,1,14.90,0.0000,true,1,127037
7290011587598,false,אנשובי פחיות 46 גרם,אינוורסיונס פריסקו,,אנשובי פחיות 46 גרם,גרמים,46.00,100 גרם,false,1,6.90,15.0000,true,1,107629
7290011587833,false,עגבניות מיובשות בשמן,יושלם,,עגבניות מיובשות בשמן 340 גרם,גרמים,340.00,100 גרם,false,1,11.90,3.5000,true,1,102176
7290011587857,false,עגבניות מיובשות בשמן,יושלם,,עגבניות מיובשות בשמן חמניות,גרמים,250.00,100 גרם,false,1,10.90,4.3600,true,1,102202
7290011593087,false,שמן זית כתית מעולה ס,סאן אויל עיבוד ושיוו,IL,"שמן זית כתית מעולה סבא חביב 750 מ""ל",מיליליטרים,750.00,"100 מ""ל",false,1,29.90,3.9867,true,1,77623
7290011598211,false,מנקה כללי אנטיקאלק,סנו מפעלי ברונוס בעמ,IL,אנטי קאלק מרסס כללי רב שימושי  4 ב 1 700 מל,מיליליטרים,700.00,"100 מ""ל",false,1,19.90,2.8429,true,1,45724
7290011598372,false,מטלית רצפה מיקרופייב,N.S.,,מטלית רצפה מיקרופייבר,Unknown,0.00,Unknown,false,1,12.90,0.0000,true,1,42144
7290011598402,false,מרכך מקסימה מסק,סאנו,IL,"מרכך כביסה מקסימה מסק 4 ל              """,ליטרים,4.00,ליטר,false,1,22.90,5.7250,true,1,40389
7290011607197,false,אבקת כביסה קולון 101,,,"אבקת כביסה קולון 101 5 ק""ג",קילוגרמים,5.00,"ק""ג",false,1,34.90,6.9800,true,1,39011
7290011615260,false,טורטיה 540 גרם,מוטלוקל גידה סאנאי ט,TR,ויליפוד עלי טורטיה 540 ג 12 יחידות,גרמים,540.00,100 גרם,false,1,11.90,2.2037,true,1,58494
7290011615277,false,טורטיה 840גרם,מוטלוקל גידה סאנאי ט,TR,"ויליפוד עלי טורטיה 840 גרם, 12 יחידות",גרמים,840.00,100 גרם,false,1,18.90,2.2500,true,1,121359
7290011723200,false,טחינת הר ברכה 500גרם,הר ברכה תעשיות,,טחינת הר ברכה 500גרם,גרמים,500.00,100 גרם,false,1,18.90,3.7800,true,1,94972
7290011728298,false,טרס פסוס חלפניו ירוק,,,טרס פסוס חלפניו ירוק עם בצל 195גרם,גרמים,195.00,100 גרם,false,1,24.90,12.7692,true,1,149417
7290011728724,false,טרס פסוס סלסה עגבניו,,,טרס פסוס סלסה עגבניות חתוכות חרוכות 200ג,גרמים,200.00,100 גרם,false,1,19.90,9.9500,true,1,149420
7290011765088,false,קרמה גל גילוח קול,אביאפ,TR,קרמה מן ג'ל גילוח לעור רגיל מנטול 200 מל,מיליליטרים,200.00,"100 מ""ל",false,1,11.90,5.9500,true,1,46840
7290011765095,false,קרמה גל גילוח דליקט,אביאפ,TR,קרמה מן ג'ל גילוח ירוק אלוורה,מיליליטרים,200.00,"100 מ""ל",false,1,11.90,5.9500,true,1,46841
7290011800642,false,צבר מטבוחה מרוקאית 4,סלטי צבר,IL,צבר מטבוחה מרוקאית 400גרם,גרמים,400.00,100 גרם,false,1,17.90,4.4750,true,1,59677
7290011800840,false,טחינה לבנה   400 גרם,לחמנו,IL,טחינה לבנה   400 גרם,גרמים,400.00,100 גרם,false,1,17.90,4.4750,true,1,59543
7290011830007,false,סוכר חום אורגני,כפרי בריא,IN,"סוכר חום אורגני 1 ק""ג השדה",קילוגרמים,1.00,"ק""ג",false,1,16.90,16.9000,true,1,41927
7290011830168,true,פרורי לחם אורג כוסמי,המאפיה של הרמן,IL,פירורי לחם מקמח כוסמין,גרמים,200.00,100 גרם,false,1,13.90,6.9500,true,1,57696
7290011830236,true,בייגלה מקמח כוסמין+מ,מאיר בייגל,IL,בייגלה כוסמין אורגני עם שומשום ומלח,גרמים,200.00,100 גרם,false,1,18.90,9.4500,true,1,77849
7290011830564,false,פתיבר כוסמין אורגני,דולפין ספא,IL,פתיבר כוסמין אורגני 200 גרם השדה,גרמים,200.00,100 גרם,false,1,12.90,6.4500,true,1,115060
7290011830991,true,חטיף ציקי מאנקי 60 ג,סנקי,IL,צ'יקי מאנקי 60 גרם,גרמים,60.00,100 גרם,false,1,6.90,11.5000,true,1,80028
7290011860271,false,ביסבול תפוגן,"תעשיות תפוגן בע""מ",IL,תפוגן ביסבול טבעי 9*700גרם,גרמים,700.00,100 גרם,false,1,16.90,2.4143,true,1,47983
7290011870225,false,סוללות פוזיקום  4AAA,פוג'יקום,,סוללות פוזיקום  4AAA,יחידה,1.00,יחידה,false,1,9.90,9.9000,true,1,68698
7290011870249,false,סוללות פוזיקום 12AAA,פוג'יקום,,סוללות פוזיקום 12AAA,לא מנהל יחידת מידה,0.00,לא מנהל יחידת מידה,false,1,19.90,0.0000,true,1,115619
7290011870256,false,מארז 4 פוגיקום AA,פוג'יקום,,מארז 4 פוגיקום AA,יחידה,1.00,יחידה,false,1,9.90,9.9000,true,1,68697
7290011870270,false,סוללות פוזיקום 12AA,פוג'יקום,,סוללות פוזיקום 12AA,לא מנהל יחידת מידה,0.00,לא מנהל יחידת מידה,false,1,19.90,0.0000,true,1,115620
7290011870737,false,סוללות פוזיקום  C,פוג'יקום,,סוללות פוזיקום  C,יחידה,1.00,יחידה,false,1,21.90,21.9000,true,1,115615
7290011870744,false,סוללות פוזיקום 9V,פוג'יקום,,סוללות פוזיקום 9V,יחידה,1.00,יחידה,false,1,19.90,19.9000,true,1,68703
7290011877088,false,רדיד אלומיניום סנו ז,סנו,,רדיד אלומיניום סנו זוג 18*45,מטרים,1500.00,מטר,false,1,18.70,0.0125,true,1,46136
7290011877859,false,פותח סתימות,סנו מפעלי ברונוס בעמ,IL,"פותח סתימות אינסטלטור 200 גר           """,גרמים,200.00,100 גרם,false,1,14.90,7.4500,true,1,48969
7290011878351,true,תמר מגהול אורגני 400,,,תמר מגהול אורגני 400,Unknown,0.00,Unknown,false,1,29.90,0.0000,true,1,131290
7290011947309,false,זית ירוק עם לימון כב,זיתא – י.ט.ב תעשיות,IL,זית ירוק עם לימון כבוש זיתא 230 גרם,גרמים,230.00,100 גרם,false,1,13.90,6.0435,true,1,95387
7290011947316,false,זיתי קלמטה זיתא 217,סטאר סנקס,IL,זית קלמטה בשמן זית כתית מעולה,גרמים,217.00,100 גרם,false,1,13.90,6.4055,true,1,99257
7290011947781,false,זית ירוק קלמטה ללא ג,זיתא,IL,זית ירוק קלמטה ללא גלעין מיקס זיתא190גרם,גרמים,190.00,100 גרם,false,1,13.90,7.3158,true,1,147278
7290011947798,false,זית קלמטה ללא גלעין,זיתא,IL,זית קלמטה ללא גלעין זיתא 190 גרם,גרמים,190.00,100 גרם,false,1,13.90,7.3158,true,1,147277
7290011947866,false,מיקס זיתים זיתא  בפח,זיתא,GR,מיקס זיתים בפח,גרמים,440.00,100 גרם,false,1,15.90,3.6136,true,1,149272
7290011947873,false,זיתי קלמטה זיתא בפח,זיתא,GR,זיתי קלמטה בפח,גרמים,440.00,100 גרם,false,1,15.90,3.6136,true,1,149273
7290011947903,false,זיתים מיקס יווני זית,זיתא,IL,זיתים מיקס יווני זיתא 215 גרם,גרמים,215.00,100 גרם,false,1,13.90,6.4651,true,1,149404
7290011964344,false,שום גבישי במיכל,תות ממתקי איכות,IL,תבליני טעם וריח מיכל שום גבישי 120 גרם,גרמים,120.00,100 גרם,false,1,9.90,8.2500,true,1,47465
7290011964658,false,מלח לימון,תות ממתקי איכות,IL,תבליני טעם וריח מלח לימון 100% 170 גרם,גרמים,170.00,100 גרם,false,1,9.90,5.8235,true,1,59275
7290011964689,false,תבלין על האש מיכל,תות ממתקי איכות,IL,"תבליני טעם וריח תערובת תיבול על האש, 100 גרם",Unknown,0.00,Unknown,false,1,9.90,0.0000,true,1,67973
7290011964702,false,תבלין לשווארמה מיכל,תות ממתקי איכות,IL,"תבליני טעם וריח תערובת תיבול לשווארמה, 100 גרם",גרמים,110.00,100 גרם,false,1,9.90,9.0000,true,1,67975
7290011971694,false,ספגטי טריקולור,פסטיפיסוי פליצ'טי,IT,ספגטי טריקולור אורגני,גרמים,500.00,100 גרם,false,1,15.90,3.1800,true,1,64427
7290011996000,false,אטריות עגבניות 454 ג,פוקולוקו,,אטריות עגבניות 454 גרם,גרמים,454.00,100 גרם,false,1,7.50,1.6520,true,1,54185
7290011996017,false,אטריות תרד 454 גרם,קסימאן,,אטריות תרד 454 גרם,גרמים,454.00,100 גרם,false,1,7.50,1.6520,true,1,54088
7290011996031,false,אטריות ביצים 454 גרם,מזרח מערב,,אטריות ביצים 454 גרם,גרמים,454.00,100 גרם,false,1,7.50,1.6520,true,1,54099
7290011996062,false,"אורז לסושי 1 ק""ג",דדוש דניאל,,"אורז לסושי 1 ק""ג",קילוגרמים,1.00,"ק""ג",false,1,13.90,13.9000,true,1,53972
7290011996123,false,דפי אצות ים נורי 10,דדוש דניאל,,דפי אצות ים נורי 10 יח,גרמים,25.00,100 גרם,false,1,10.90,43.6000,true,1,54924
7290011996178,false,רוטב סויה 280 מל,יושלם,,רוטב סויה 280 מל,מיליליטרים,280.00,"100 מ""ל",false,1,9.90,3.5357,true,1,54305
7290011996185,false,"חומץ אורז 250 מ""ל",דדוש דניאל,,"חומץ אורז 250 מ""ל",מיליליטרים,250.00,"100 מ""ל",false,1,7.90,3.1600,true,1,54200
7290011996222,false,חלב קוקוס אסיה 400 מ,פוקולוקו,,"חלב קוקוס אסיה 400 מ""ל",מיליליטרים,400.00,"100 מ""ל",false,1,5.90,1.4750,true,1,57862
7290011996277,false,מחצלת לסושי אסיה,פוקולוקו,,מחצלת לסושי אסיה,יחידה,1.00,יחידה,false,1,3.90,3.9000,true,1,54625
7290011996499,false,מקלוני אורז דקים 400,אסיה,,מקלוני אורז דקים 400 גרם,גרמים,400.00,100 גרם,false,1,7.90,1.9750,true,1,54409
7290011996512,false,"מקלוני אורז 3 מ""מ",להיאן תאי רייס,,מקלוני אורז 3 ממ,גרמים,400.00,100 גרם,false,1,8.50,2.1250,true,1,56980
7290011996529,false,"אטריות אורז 5 מ""מ 40",להיאן תאי רייס,,"אטריות אורז 5 מ""מ 400 גרם",גרמים,400.00,100 גרם,false,1,8.50,2.1250,true,1,54518
7290011996567,false,רוטב סאטה 240,יושלם,,רוטב סאטה 240,מיליליטרים,160.00,"100 מ""ל",false,1,12.90,8.0625,true,1,57849
7290011996581,false,רוטב חמוץ מתוק 300 מ,פוקולוקו,,"רוטב חמוץ מתוק 300 מ""ל",מיליליטרים,300.00,"100 מ""ל",false,1,9.90,3.3000,true,1,54335
7290011996604,false,רוטב פאד תאי 300 מל,דדוש,,רוטב פאד תאי 300 מל,מיליליטרים,300.00,"100 מ""ל",false,1,15.90,5.3000,true,1,56491
7290011996642,false,שומשום שחור קלוי,אסיה,,שומשום שחור קלוי 100 גרם,גרמים,100.00,100 גרם,false,1,12.90,12.9000,true,1,54221
7290011996703,false,אצות וואקאמה מיובשות,פוקולוקו,,אצות וואקאמה מיובשות 100 גרם,גרמים,100.00,100 גרם,false,1,14.90,14.9000,true,1,64876
7290011996758,false,קמח טמפורה 500 גרם,אסיה,,קמח טמפורה 500 גרם,גרמים,500.00,100 גרם,false,1,9.90,1.9800,true,1,71889
7290011996765,false,וואסבי שפורפרת 43 גר,פוקולוקו,,וואסבי שפורפרת 43 גרם,גרמים,43.00,100 גרם,false,1,8.90,20.6977,true,1,58482
7290011996789,false,פירורי לחם יפניים פנ,שנחאי אנגאנה פוד,,פירורי לחם יפניים פנקו 200 גרם,גרמים,200.00,100 גרם,false,1,7.90,3.9500,true,1,58905
7290011996802,false,אבקת ווסאבי 70 גרם,פוקולוקו,,אבקת ווסאבי 70 גרם,גרמים,70.00,100 גרם,false,1,13.90,19.8571,true,1,57228
7290011996819,false,אטריות סיניות מקלוני,מזרח מערב,,אטריות סיניות מקלוני שעועית 250 גרם,גרמים,250.00,100 גרם,false,1,5.90,2.3600,true,1,57129
7290011996888,false,רוטב טריאקי 300 כשר,אסיה,,רוטב טריאקי 300 כשר,מיליליטרים,300.00,"100 מ""ל",false,1,9.90,3.3000,true,1,57736
7290012001994,false,"חרדל דיז""ון גרגירים",כלורוקס אוקלנד,FR,חרדל דיגון גרעינים 350 גרם כפ,גרמים,350.00,100 גרם,false,1,12.90,3.6857,true,1,67978
7290012019258,false,מחית תפוחי עץ רביעיי,Cherry growers inc,,מחית תפוחי עץ רביעייה 452 גרם,גרמים,452.00,100 גרם,false,1,12.90,2.8540,true,1,85770
7290012019265,false,מחית תפוחי עץ דיאט ר,Cherry growers inc,,מחית תפוחי עץ דיאט רביעייה 452 גרם,גרמים,452.00,100 גרם,false,1,12.90,2.8540,true,1,85771
7290012040542,false,יחידות טבק לחימום צה,פיליפ מוריס,,יחידות טבק לחימום צהוב PP חפיסה,יחידה,1.00,יחידה,false,1,31.30,31.3000,false,1,142705
7290012052316,false,גרנולה תענוג - שפע פ,פוקה,IL,"תענוג שפע פירות 1 ק""ג רפאל'ס",קילוגרמים,1.00,"ק""ג",false,1,28.90,28.9000,true,1,111382
7290012052323,false,מוזלי תענוג מיקס לא,רפאלס,IL,"תענוג מוזלי 1 ק""ג רפאל'ס",קילוגרמים,1.00,"ק""ג",false,1,28.90,28.9000,true,1,83392
7290012052460,false,צוקולומומו - מיקס זר,רפאלס,IL,צ'וקולומומו אורגינל 250 ג' רפאל'סם,גרמים,250.00,100 גרם,false,1,18.90,7.5600,true,1,109557
7290012052477,false,צוקולומומו - מיקס זר,רפאלס,IL,צ'וקולומומו עשבי תיבול 250 ג' רפאל'ס,גרמים,250.00,100 גרם,false,1,18.90,7.5600,true,1,109558
7290012116360,false,פוליוויקס גרניט,סנו כימיקלים,IL,ניקוי רצפות לטיפול בגרנטי פורצלן וקרמיקה,ליטרים,2.00,ליטר,false,1,22.90,11.4500,true,1,48751
7290012116612,false,מברשות שיניים,Z.H.T plastics China,CN,אורביטול מברשת שיניים               1/4,לא מנהל יחידת מידה,0.00,לא מנהל יחידת מידה,false,1,12.90,0.0000,true,1,86740
7290012116629,false,סנו די תינוקות/ילדים,סנו מפעלי ברונוס בעמ,IL,סנו די תחליב דוחה יתושים לתינוקות ולילדים 50 מל,מיליליטרים,50.00,"100 מ""ל",false,1,19.90,39.8000,true,1,58712
7290012116681,false,דאו גל קרמה קאלם,קוסמופארם בעמ,IL,קרמה מן דאודורנט,מיליליטרים,75.00,"100 מ""ל",false,1,16.90,22.5333,true,1,58927
7290012116735,false,נ ט סופט גליל גמבו 2,סנו מפעלי ברונוס בעמ,IL,נ ט סופט גליל גמבו 24 יחידות,מטרים,90000.00,מטר,false,1,42.90,0.0005,true,1,78527
7290012117091,false,אבקת כביסה סנסטיב,סנו,IL,אבקת כביסה מרוכזת SENSITIVE,קילוגרמים,6.00,"ק""ג",false,1,49.90,8.3167,true,1,64957
7290012117275,false,סנוקליר חלונות,סנו מפעלי ברונו בעמ,IL,"סנוקליר חלונות 750 מ""ל מילוי",מיליליטרים,750.00,"100 מ""ל",false,1,8.90,1.1867,true,1,62373
7290012117350,false,ריצפז פרש לילך לבנדר,"סנו מפעלי ברונוס בע""",IL,ריצפז פרש לילך 2 ליטר,ליטרים,2.00,ליטר,false,1,18.90,9.4500,true,1,62374
7290012117428,false,"ג""ל רחצה ושמפו קרמה",קוסמופארם בע''מ,IL,קרמה מן שמפו וג'ל 2 ב-1 מנטה 700 מ''ל,מיליליטרים,700.00,"100 מ""ל",false,1,18.90,2.7000,true,1,58791
7290012117435,false,קרמה גל רחצה אלוורה,טרופיקל דגיל תעשיות,IL,קרמה מן שמפו וג'ל רחצה 2 ב-1 אלוורה 700 מ''ל,מיליליטרים,700.00,"100 מ""ל",false,1,18.90,2.7000,true,1,58792
7290012117558,false,מרכך כביסה מקסימה מר,"סנו מפעלי ברונוס בע""",IL,מרכך מרוכז מאסק 1ליטר 40 כביסות,ליטרים,1.00,ליטר,false,1,18.90,18.9000,true,1,69023
7290012117916,false,אינסטלטור נוזלי,"סנו מפעלי ברונוס בע""",IL,אינסטלטור נוזלי סנו,ליטרים,1.00,ליטר,false,1,28.90,28.9000,true,1,87206
7290012193125,false,סוכרלוז מרמולייט 150,מיוצר עי קונדיטוריית,CN,מרמולייט ממתיק על בסיס סוכרלוז 150 טבליות,לא מנהל יחידת מידה,0.00,לא מנהל יחידת מידה,false,1,26.90,0.0000,true,1,50198
7290012226021,false,סלמי מעושן פראג זוגל,זוגלובק,IL,זוגלובק סלמי מעושן פראג 400 גרם א.מ.,גרמים,400.00,100 גרם,false,1,22.90,5.7250,true,1,65382
7290012226120,false,קבנוס 135 גרם,כצט,IL,זוגלובק קבנוס 135 גרם,גרמים,135.00,100 גרם,false,1,12.50,9.2593,true,1,70814
7290012226922,false,קבנוס עם שום 135 גרם,כצט,IL,זוגלובק קבנוס עם שום 135 גרם,גרמים,135.00,100 גרם,false,1,12.50,9.2593,true,1,75236
7290012226939,false,"קבנוס עם צ""לי חריף 1",זוגלובק,IL,זוגלובק קבנוס עם צ'ילי חריף 135 גרם,גרמים,135.00,100 גרם,false,1,12.50,9.2593,true,1,75237
7290012227974,false,פסטרמה בדבש דק דק 12,כצט,IL,זוגלובק פסטרמה בדבש 120 גרם דק דק דק,גרמים,120.00,100 גרם,false,1,14.90,12.4167,true,1,118471
7290012227981,false,פסטרמה ברביקיו דק דק,כצט,IL,זוגלובק פסטרמה ברביקיו 120 גרם דק דק דק,גרמים,120.00,100 גרם,false,1,14.90,12.4167,true,1,118472
7290012228278,false,נקנקיות בוקוורסט הוד,כצט,IL,זוגלובק נקניקיות הודו -בקר (בוקוורסט) ריינהולדס,גרמים,310.00,100 גרם,false,1,20.00,6.4516,true,1,114529
7290012245176,false,CHIPS  וופל ציפס קרי,אגריסטו,BE,CHIPS  וופל ציפס קריספי 700גרם,גרמים,700.00,100 גרם,false,1,13.90,1.9857,true,1,153967
7290012245183,false,CHIPS  ציפס  קריספי,אגריסטו,BE,CHIPS  ציפס  קריספי קלאסי700גרם,גרמים,700.00,100 גרם,false,1,11.90,1.7000,true,1,153968
7290012245275,false,CHIPS ציפס בטטה קריס,אגריסטו,BE,"CHIPS ציפס בטטה קריספי  1 ק""ג",קילוגרמים,1.00,"ק""ג",false,1,27.90,27.9000,true,1,153969
7290012245312,false,גולד ציפס אמריקאי 1.,יוליניבר,BE,ציפס אמריקאי 1.5 קג,קילוגרמים,1.50,"ק""ג",false,1,20.90,13.9333,true,1,118553
7290012245329,false,גולד ציפס קלאסיק 1.5,יוליניבר,BE,ציפס בחיתוך קלאסי 1.5 קג,קילוגרמים,1.50,"ק""ג",false,1,20.90,13.9333,true,1,118565
7290012245336,false,סטייק ציפס גולד 1.5,אגריסטו,NL,"סטייק ציפס גולד 1.5 ק""ג",קילוגרמים,1.50,"ק""ג",false,1,20.90,13.9333,true,1,154585
7290012309311,false,ערמונים מקולפים,"דין שיווק וקליה בע""מ",,ערמונים מקולפים 105 גרם,גרמים,105.00,100 גרם,false,1,6.90,6.5714,true,1,55473
7290012309939,false,חלבה מסולסלת 500 גרם,אף.סי תבליני בגליל ב,IL,חלבה מסולסלת 500 גרם ששון הקולה,גרמים,500.00,100 גרם,false,1,14.90,2.9800,true,1,97857
7290012313264,false,כרוב כבוש 560 גרם יב,קדבורי,IL,כרוב כבוש 560 גרם יבנה,גרמים,560.00,100 גרם,false,1,8.90,1.5893,true,1,119206
7290012349409,false,מסיכת שיער שמן קיק מ,ש.שוורץ,IL,מסיכת שיער שמן קיק מועשר בספירולינה 450,מיליליטרים,450.00,"100 מ""ל",false,1,45.90,10.2000,true,1,156693
7290012349454,false,"תחליב רחצה מלון, חומ",ש.שוורץ,IL,"תחליב רחצה מלון, חומצה הילרונית ושמן קיק",מיליליטרים,450.00,"100 מ""ל",false,1,32.90,7.3111,true,1,156694
7290012349508,false,"תחליב רחצה אביב, חומ",ש.שוורץ,IL,"תחליב רחצה אביב, חומצה הילרונית ושמן קיק",מיליליטרים,450.00,"100 מ""ל",false,1,32.90,7.3111,true,1,156695
7290012404177,false,שוופס מוגז פירות תפו,יפאורה תבורי בעמ,IL,"שוופס מוגז פירות תפוחים 330 מ""ל זכוכית",מיליליטרים,330.00,"100 מ""ל",false,1,6.90,2.0909,true,1,62718
7290012404955,false,נקטר ספרינג חמוציות,"כד בני דרום בע""מ",IL,ספרינג Collection נקטר חמוציות 1.25 ל',ליטרים,1.25,ליטר,false,1,14.00,11.2000,true,1,72151
7290012413643,false,תה ירוק קמומיל 25 שק,ארזינא,IL,תה ירוק קמומיל T.T,גרמים,37.00,100 גרם,false,1,25.90,70.0000,true,1,87046
7290012454578,false,קישוט לעוגה לבן מיה,מיה,IL,קישוט לעוגה לבן מיה  70גרם,גרמים,70.00,100 גרם,false,1,5.90,8.4286,true,1,156222
7290012525452,false,טילון אקסטרים שוקו ו,המאפיה של הרמן,IL,אקסטרים טילון שוקו וניל בדצ 24*70גרם-חדש,גרמים,70.00,100 גרם,false,1,9.50,13.5714,true,1,66673
7290012561337,false,דורות כורכום טרי כתו,גוד פוד פרודקטס S.p,IL,דורות כורכום טרי כתוש 32*70גרם,גרמים,70.00,100 גרם,false,1,11.90,17.0000,true,1,125348
7290012561405,false,בצל חצי מטוגן,,IL,בצל חצי מטוגן 180 גרם,גרמים,180.00,100 גרם,false,1,12.40,6.8889,true,1,62402
7290012576591,false,יין גוורצטרמינר רזרב,יקבי ברקן,IL,"יין גוורצטרמינר רזרב 750  מ""ל",מיליליטרים,750.00,"100 מ""ל",false,1,49.90,6.6533,true,1,123005
7290012642562,true,מיץ שזיפים 946 מל,,,מיץ שזיפים 946 מל,מיליליטרים,946.00,"100 מ""ל",false,1,22.90,2.4207,true,1,127038
7290012642814,true,פלפל מעורב בחומץ חרי,,,פלפל מעורב בחומץ חרי,לא מנהל יחידת מידה,0.00,לא מנהל יחידת מידה,false,1,12.90,0.0000,true,1,127040
7290012642876,false,פלפלים מעורבים,יושלם,,פלפלים מעורבים כבושים 530   גר,גרמים,530.00,100 גרם,false,1,12.90,2.4340,true,1,102180
7290012645075,false,יוגורט כבשים יווני ח,חלב הארץ,IL,יוגורט כבשים יווני חלב הארץ 350גרם,גרמים,350.00,100 גרם,false,1,11.90,3.4000,true,1,149688
7290012645112,false,"יוגורט עיזים 750 מ""ל",פרח,IL,"יוגורט עיזים 750 מ""ל",מיליליטרים,750.00,"100 מ""ל",false,1,19.90,2.6533,true,1,117974
7290012645280,false,יוגורט כבשים בסגנון,מחלבות סוסיא,IL,יוגורט כבשים בסגנון יווני חלב הארץ 150 ג,גרמים,150.00,100 גרם,false,1,5.90,3.9333,true,1,152233
7290012645297,false,יוגורט עיזים בטעם טב,פרח,IL,חלב הארץ גביע יוגורט עיזים טבעי 150 גרם,גרמים,150.00,100 גרם,false,1,5.90,3.9333,true,1,117960
7290012759253,false,טרפלס תמרים וקקאו 28,ממה חטיפי אנרגיה,,טרפלס תמרים וקקאו 280 גרם,גרמים,280.00,100 גרם,false,1,32.90,11.7500,true,1,91389
7290012759444,false,טרפלס חמאת בוטנים 28,ממה חטיפי אנרגיה,,טרפלס חמאת בוטנים 280 גרם,גרמים,280.00,100 גרם,false,1,32.90,11.7500,true,1,110533
7290012759659,false,עוגיות בראוניז קוקוס,ממה חטיפי אנרגיה,IL,עוגיות בראוניז קוקוס ואגוז מלך 240 גרם,גרמים,240.00,100 גרם,false,1,27.90,11.6250,true,1,126317
7290012803215,false,ופל בלגי בטעם שוקולד,בטר אנד דיפרנט,IL,ופל בלגי בטעם שוקולד 200 גרם,גרמים,200.00,100 גרם,false,1,10.80,5.4000,true,1,84308
7290012803222,false,ופל בלגי בטעם לימון,בטר אנד דיפרנט,IL,ופל בלגי בטעם לימון 200 גרם,גרמים,200.00,100 גרם,false,1,10.80,5.4000,true,1,84011
7290012803314,false,סוכרלוז 300 טבליות,מיוצר עי קונדיטוריית,CN,מרמולייט סוכרלוז ממתיק 300 טבליות,Unknown,0.00,Unknown,false,1,48.40,0.0000,true,1,64650
7290012803765,false,שוקולד מריר ללא סוכר,האי נאם סי או אל.טי.,TR,טוסו שוקולד מריר ללא תוספת סוכר 100 גרם,גרמים,100.00,100 גרם,false,1,11.90,11.9000,true,1,84099
7290012803772,false,שוקולד חלב ללא סוכר,האי נאם סי או אל.טי.,TR,טוסו שוקולד חלב ללא תוספת סוכר 100 גרם,גרמים,100.00,100 גרם,false,1,11.90,11.9000,true,1,84100
7290012803789,false,שוקולד מריר,האי נאם סי או אל.טי.,TR,טוסו שוקולד מריר עם אגוזים ללא תוספת סוכר  100 גרם,גרמים,100.00,100 גרם,false,1,11.90,11.9000,true,1,84101
7290012823381,false,מרכך כביסה סנסטיב,"סנו מפעלי ברונוס בע""",IL,מרכך מרוכז סנסטיב 1 ליטר 40 כביסות,ליטרים,1.00,ליטר,false,1,18.90,18.9000,true,1,67276
7290012823602,false,נייר טואלט סופט 32 ג,טרופיקל דגיל תעשיות,IL,נייר טואלט סופט 32 גלילים,מטרים,58800.00,מטר,false,1,33.90,0.0006,true,1,74130
7290012864032,false,נבטוטים,חקלאי,IL,נבטוטים,לא מנהל יחידת מידה,0.00,לא מנהל יחידת מידה,false,1,9.90,0.0000,true,1,100825
7290012864155,false,מיקס נבטים,חקלאי,IL,מיקס נבטים,יחידה,1.00,יחידה,false,1,12.90,12.9000,true,1,125541
7290012884986,false,תפוגן לתנור 4% שומן,,IL,תפוגן צ'יפס לתנור עד 4%שומן בלבד 8*1.5קג,קילוגרמים,1.50,"ק""ג",false,1,26.90,17.9333,true,1,92064
7290012901355,false,אטריות מקרוני עם גבי,האי נאם סי או אל.טי.,US,ארוחת מקרוני עם רוטב על בסיס גבינה,גרמים,206.00,100 גרם,false,1,11.90,5.7767,true,1,103764
7290012911088,false,רוטב סויה בהירה,,,"רוטב סויה בהירה 500 מ""ל",מיליליטרים,500.00,"100 מ""ל",false,1,10.90,2.1800,true,1,64320
7290012911170,false,"מיסו כהה אסיה 500 מ""",פוקולוקו,,"מיסו כהה אסיה 500 מ""ל",מיליליטרים,500.00,"100 מ""ל",false,1,11.90,2.3800,true,1,70681
7290012911187,false,מיסו בהיר אסיה 500 מ,אסיה,,"מיסו בהיר אסיה 500 מ""ל",מיליליטרים,500.00,"100 מ""ל",false,1,11.90,2.3800,true,1,71219
7290012911293,false,"דפי אורז 22 ס""מ 300",אסיה,,"דפי אורז 22 ס""מ 300  גרם",גרמים,300.00,100 גרם,false,1,11.90,3.9667,true,1,68991
7290012911415,false,ממרח קארי ירוק 400 ג,קיי אר אס ספייסי פוד,,ממרח קארי ירוק 400 גרם,גרמים,400.00,100 גרם,false,1,17.90,4.4750,true,1,80909
7290012911422,false,ממרח קארי אדום 400 ג,מזרח ומערב,,ממרח קארי אדום 400 גרם,גרמים,400.00,100 גרם,false,1,17.90,4.4750,true,1,80406
7290012911439,false,ממרח קארי צהוב 400 ג,מזרח ומערב,,ממרח קארי צהוב 400 גרם,גרמים,400.00,100 גרם,false,1,17.90,4.4750,true,1,80796
7290012911477,false,קרם קוקוס גולד 400 ג,אסיה,,קרם קוקוס גולד 400 גרם,גרמים,400.00,100 גרם,false,1,7.90,1.9750,true,1,77420
7290012911583,false,רצועות דלעת כבושה קנ,מזרח מערב,,רצועות דלעת כבושה קנפיו 100 גרם,גרמים,100.00,100 גרם,false,1,9.90,9.9000,true,1,79472
7290012911613,false,צנון יפני כבוש,,,צנון יפני כבוש,גרמים,100.00,100 גרם,false,1,8.90,8.9000,true,1,80784
7290012911675,false,פטריות שיטאקה אסיה 8,מזרח מערב,IL,פטריות שיטאקה אסיה 85 גרם,גרמים,85.00,100 גרם,false,1,17.90,21.0588,true,1,87468
7290012911729,false,גינגר לסושי אסיה 250,פוקולוקו,,גינגר לסושי אסיה 250 גרם,גרמים,250.00,100 גרם,false,1,7.50,3.0000,true,1,86803
7290012911804,false,שמן שומשום אסיה 150,מזרח מערב,,"שמן שומשום אסיה 150 מ""ל",מיליליטרים,150.00,"100 מ""ל",false,1,11.90,7.9333,true,1,76704
7290012911866,false,דפי אורז מרובעים 300,פוקולוקו,,דפי אורז מרובעים 300 גרם,גרמים,300.00,100 גרם,false,1,11.90,3.9667,true,1,89899
7290012911965,false,גינגר כבוש 250 גר מז,יושלם,,גינגר כבוש 250 גר מזרח ומערב,גרמים,250.00,100 גרם,false,1,8.90,3.5600,true,1,92072
7290012921025,false,בירה מלכה בהירה בקבו,"איי, בי, אינבוו",IL,בירה מלכה בהירה 6.5% כוהל 330 מל,מיליליטרים,330.00,"100 מ""ל",false,1,13.90,4.2121,true,1,81370
7290012921032,false,בירה מלכה אדמונית בק,"איי, בי, אינבוו",IL,בירה מלכה אדמונית 5.5% כוהל 330 מל,מיליליטרים,330.00,"100 מ""ל",false,1,13.90,4.2121,true,1,81369
7290012921049,false,בירה מלכה ככה 330 (6,"איי, בי, אינבוו",IL,"בירה מלכה, כהה, 330 מל",מיליליטרים,330.00,"100 מ""ל",false,1,13.90,4.2121,true,1,83524
7290012921056,false,בירה מלכה חיטה בקבוק,"איי, בי, אינבוו",IL,"בירה מלכה חיטה, 330 מל",מיליליטרים,330.00,"100 מ""ל",false,1,13.90,4.2121,true,1,88521
7290012921063,false,בירה מלכה הינדי  330,"איי, בי, אינבוו",IL,"בירה מלכה הינדי, 330 מל",מיליליטרים,330.00,"100 מ""ל",false,1,13.90,4.2121,true,1,140695
7290012938580,false,סנסודיין משחת שיניים,גלקסוסמית'קליין קונס,,סנסודיין משחת שיניים הלבנה עדינה 75 מל,מיליליטרים,75.00,"100 מ""ל",false,1,21.90,29.2000,true,1,77597
7290012938740,false,סנסודיין מנטה,DE MICLEN,,סנסודיין משחת שיניים מנטה מרענן 75 מל,מיליליטרים,75.00,"100 מ""ל",false,1,21.90,29.2000,true,1,85232
7290012962974,false,כפית מהודרת עבה במיו,F.T.I,,כפית מהודרת עבה במיוחד 50 יחידות,לא מנהל יחידת מידה,0.00,לא מנהל יחידת מידה,false,1,8.90,0.0000,true,1,122953
7290012983153,false,סילאן טבעי לחיץ 400,מנדלז סי.אר. פרודקשן,IL,סילאן טבעי 400 לחיץ,גרמים,400.00,100 גרם,false,1,16.90,4.2250,true,1,95490
7290012983320,false,מלית תמרים כנרת בגבי,מנדלז סי.אר. פרודקשן,IL,מלית תמרים 450 גר',גרמים,450.00,100 גרם,false,1,6.60,1.4667,true,1,107342
7290013068361,false,שמן זית אליעד כתית מ,קרלו,IL,שמן זית אליעד כתית מעולה 750 מל,מיליליטרים,750.00,"100 מ""ל",false,1,36.90,4.9200,true,1,126908
7290013083661,false,אקסטרה קייר שלב   1,מולינו ניקולי s.p.a,IL,מטרנה אקסטרה קייר שלב 1 חיסכון,גרמים,700.00,100 גרם,false,1,64.90,9.2714,true,1,70075
7290013083678,false,מטרנה אקסטרה קייר של,מולינו ניקולי s.p.a,IL,מטרנה אקסטרה קייר שלב 2  700 גרם,גרמים,700.00,100 גרם,false,1,64.90,9.2714,true,1,70076
7290013083685,false,מטרנה אקסטרה קייר של,מולינו ניקולי s.p.a,IL,מטרנה אקסטרה קר שלב 3 חסכון 12*700גרם,גרמים,700.00,100 גרם,false,1,64.90,9.2714,true,1,70077
7290013117212,false,בורקס פילו במילוי גב,מיוצר עי קונדיטוריית,IL,בורקס פילו במילוי גבינה 600 גרם,גרמים,600.00,100 גרם,false,1,22.50,3.7500,true,1,64202
7290013117229,false,בורקס פילו במילוי תפ,מיוצר עי קונדיטוריית,IL,"בורקס פילו במילוי תפו""א 600 גרם",גרמים,600.00,100 גרם,false,1,22.50,3.7500,true,1,64203
7290013117236,false,בורקס פילו פיצה 600,מיוצר עי קונדיטוריית,IL,בורקס פילו פיצה 600 גרם,גרמים,600.00,100 גרם,false,1,22.50,3.7500,true,1,64204
7290013117243,false,בורקס פילו בולגרית 6,מיוצר עי קונדיטוריית,IL,בורקס פילו בולגרית 600 גרם,גרמים,600.00,100 גרם,false,1,22.50,3.7500,true,1,64205
7290013117410,false,מארז בצק פריך מתוק,"מעדנות בע""מ",IL,מארז בצק פריך מתוק 450 גר            2*,גרמים,900.00,100 גרם,false,1,25.40,2.8222,true,1,75015
7290013117427,false,מארז בצק פריך מלוח *,"מעדנות בע""מ",IL,מארז בצק פריך מלוח *2  450 גרם,גרמים,900.00,100 גרם,false,1,25.40,2.8222,true,1,75016
7290013117526,false,בצק שמרים למאפים,"מעדנות בע""מ",IL,בצק שמרים למאפים מתוקים 900 גר,גרמים,900.00,100 גרם,false,1,25.40,2.8222,true,1,77008
7290013121028,false,לחם לבן ללא גלוטן 50,דולפין ספא,IL,לחם לבן ללא גלוטן 500 גרם,גרמים,500.00,100 גרם,false,1,20.90,4.1800,true,1,74288
7290013121103,false,שליש בגט 4 יחידות  4,דולפין ספא,IL,שליש בגט 4 יחידות  400 גרם,גרמים,400.00,100 גרם,false,1,20.90,5.2250,true,1,74289
7290013121127,false,"לחמניות מיני 6 יח  """,דולפין ספא,IL,לחמניות מיני 6 יח ללא גלוטן,גרמים,420.00,100 גרם,false,1,20.90,4.9762,true,1,74290
7290013121158,false,לחמניות סנדוויץ ללא,דולפין ספא,IL,לחמניות סנדוויץ ללא גלוטן רביעייה 460 גר,גרמים,460.00,100 גרם,false,1,19.90,4.3261,true,1,87428
7290013121165,false,לחמניות ללא גלוטן שי,דולפין ספא,IL,לחמניות ללא גלוטן שישייה 460 גרם,גרמים,460.00,100 גרם,false,1,20.90,4.5435,true,1,87429
7290013121752,false,לחם לבן בייתי 700 גר,,,לחם לבן בייתי ללא גלוטן 700 גר,גרמים,700.00,100 גרם,false,1,23.90,3.4143,true,1,87430
7290013151209,false,קורנישון מלפפון בחומ,יוניקורן פיקלס,,קורנישון מלפפון בחומץ 690 גרם,גרמים,690.00,100 גרם,false,1,11.90,1.7246,true,1,90834
7290013153432,false,מיץ סחוט לימונענע 40,היינץ צפון אמריקה מק,IL,"סחוט לימונענע 400 מ""ל",מיליליטרים,400.00,"100 מ""ל",false,1,9.50,2.3750,true,1,110581
7290013153593,false,מיץ תפוזים מתקתק 100,"גת גבעת חיים,",IL,"פריגת, 100% מיץ תפוזים עשוי מרכז מקורר, 1 ליטר",ליטרים,1.00,ליטר,false,1,11.90,11.9000,true,1,154394
7290013153623,false,סחוט RELAX גזר וגינג,גת,IL,"סחוט RELAX גזר וג'ינג'ר 400 מ""ל",מיליליטרים,400.00,"100 מ""ל",false,1,10.00,2.5000,true,1,126102
7290013215017,false,פטריות שמפניון צמד ח,מרינה,IL,פטריות שמפניון צמד חמד מארז זוג,יחידה,0.00,יחידה,false,1,18.90,0.0000,true,1,127016
7290013267665,false,מיני סולרו פירות טרו,שטראוס גלידות,,מיני סולרו פירות טרופים מאגדת 325 גרם,גרמים,408.00,100 גרם,false,1,26.90,6.5931,true,1,81870
7290013268020,false,מרכך כביסה מקסימה מר,"סנו מפעלי ברונוס בע""",IL,מרכך מרוכז א.פרש 1ל' 40 כביסות,ליטרים,1.00,ליטר,false,1,18.90,18.9000,true,1,67525
7290013268884,false,סנופרש מאסק,סנו מפעלי ברונוס בעמ,IL,ריצפז פרש ניחוח מאסק 2 ליטר,ליטרים,2.00,ליטר,false,1,18.90,9.4500,true,1,71281
7290013269287,false,"ג""ל כביסה מקסימה בני",סנו,IL,"ג""ל כביסה מקסימה בניחוח מאסק 3 ליטר",ליטרים,3.00,ליטר,false,1,29.90,9.9667,true,1,82432
7290013269645,false,ריצפז מטליות לחות לר,סנו מפעלי ברונוס בעמ,IL,מטליות רצפז מאסק,Unknown,0.00,Unknown,false,1,14.90,0.0000,true,1,93034
7290013269751,false,מטליות לחות לרצפה בנ,"סנו, ח.צ 520032988",IL,"סנו רצפז, מטליות לחות לניקוי הרצפה.",לא מנהל יחידת מידה,7.50,לא מנהל יחידת מידה,false,1,14.90,1.9867,true,1,123255
7290013269850,false,נייר אפיה אקלוגי סנו,סנו סושי,IL,סושי אפיה אק - עשוי מהצומח,לא מנהל יחידת מידה,0.00,לא מנהל יחידת מידה,false,1,16.70,0.0000,true,1,79193
7290013269867,false,סנו סושי זוג מפות שו,מיוצר עי קונדיטוריית,IL,סושי זוג מפות ארוח,Unknown,0.00,Unknown,false,1,8.90,0.0000,true,1,101563
7290013269911,false,ספריי סנו K333 קוטל,"סנו מפעלי ברונוס בע""",IL,K-333,מיליליטרים,750.00,"100 מ""ל",false,1,27.60,3.6800,true,1,84741
7290013276124,false,בירה נגב אמבר אייל ב,"איי, בי, אינבוו",IL,"נגב, אמבר אייל, בירה, 330 מל",מיליליטרים,330.00,"100 מ""ל",false,1,14.90,4.5152,true,1,117990
7290013284310,false,רוטב פסטה לילדים,פריניר ( הדס 1987) ב,IL,פריניר רוטב פסטה טעים לילדים 240 גרם,גרמים,240.00,100 גרם,false,1,5.90,2.4583,true,1,89963
7290013284662,false,רוטב פיצה פיתה,פריניר ( הדס 1987) ב,IL,פריניר רוטב פיצה פיתה 240 גרם,גרמים,240.00,100 גרם,false,1,5.90,2.4583,true,1,102364
7290013310101,false,שיפודי במבוק גמבו 50,הדקלאים אגודת שיתופי,CN,שיפודי במבוק ג'מבו 50 יחידות,Unknown,0.00,Unknown,false,1,5.90,0.0000,true,1,105792
7290013310170,false,כוסות נייר משובחות ל,,,כוסות נייר משובחות לשתיה חם/קר 50 יחידות,Unknown,0.00,Unknown,false,1,13.90,0.0000,true,1,94168
7290013310187,false,כוסות נייר 50 יח לשת,,,כוסות נייר 50 יח לשתיה חמה קרה,יחידה,1.00,יחידה,false,1,8.90,8.9000,true,1,126167
7290013310576,false,כוסות נייר 8 לשתייה,ACSP,CN,כוסות נייר 8 לשתייה חמה 50יח 240מל,יחידה,1.00,יחידה,false,1,10.90,10.9000,true,1,115696
7290013358356,false,פירורי לחם מוזהבים,מנה י.א בעמ,IL,פירורי לחם מוזהבים 350 גרם מאסטר שף,גרמים,300.00,100 גרם,false,1,7.90,2.6333,true,1,81450
7290013358363,false,פירורי לחם יפנים פנק,קריניציה ויטמינה אס,IL,פירורי לחם יפנים פנקו 300 גרם,גרמים,300.00,100 גרם,false,1,9.90,3.3000,true,1,81404
7290013358370,false,פירורי לחם יפנים טעם,"מיוצר ע""י מנה י.א בע",IL,פירורי לחם יפנים טעם שום 300 גרם,גרמים,300.00,100 גרם,false,1,9.90,3.3000,true,1,81405
7290013358486,false,פירורי לחם ללא צורך,"מיוצר ע""י מנה י.א בע",IL,פירורי לחם ללא צורך בביצה 300 גרם,גרמים,300.00,100 גרם,false,1,8.90,2.9667,true,1,100137
7290013358493,false,קרם קוקוס מאסטר שף פ,קריניציה ויטמינה אס,TH,מאסטר שף קרם קוקוס 400 מל,מיליליטרים,400.00,"100 מ""ל",false,1,9.90,2.4750,true,1,109419
7290013358509,false,מיקסלט 200 גרם,בטר אנד דיפרנט,IL,מיקסלט 200 גרם,גרמים,200.00,100 גרם,false,1,14.80,7.4000,true,1,101242
7290013358516,false,מיקסלט עם חמוציות 20,המאפיה של הרמן,IL,מיקסלט עם חמוציות 200 גרם,גרמים,200.00,100 גרם,false,1,14.80,7.4000,true,1,101243
7290013358523,false,שבבי בצל מטוגן,קריניציה ויטמינה אס,NL,מאסטר שף שבבי בצל מטוגן 150 גרם,גרמים,150.00,100 גרם,false,1,14.80,9.8667,true,1,101952
7290013358530,false,רוטב צילי מתוק מאסטר,קריניציה ויטמינה אס,TH,מאסטר שף רוטב צ'ילי מתוק 700 מל,מיליליטרים,700.00,"100 מ""ל",false,1,13.90,1.9857,true,1,109347
7290013358578,false,אטריות אורז רחבות מא,קריניציה ויטמינה אס,TH,מאסטר שף אטריות אורז רחבות 400 גרם,גרמים,400.00,100 גרם,false,1,9.80,2.4500,true,1,107498
7290013358585,false,נודלס אטריות ביצים מ,הנסיך- מפעל לייצור ט,CN,מאסטר שף נודלס אטריות ביצים 400 גרם,גרמים,400.00,100 גרם,false,1,9.80,2.4500,true,1,109221
7290013366108,false,אספרגוס,חקלאי,IL,אספרגוס,לא מנהל יחידת מידה,0.00,לא מנהל יחידת מידה,false,1,40.00,0.0000,true,1,127250
7290013389176,true,תומר חומץ בלסמי ממוד,,,תומר חומץ בלסמי ממוד,Unknown,0.00,Unknown,false,1,18.90,0.0000,true,1,131526
7290013430083,false,בירה אלכסנדר בלונד ב,מנדלז סי.אר. פרודקשן,IL,אלכסנדר בירה ישראלית מעולה בלונד 330 מל,מיליליטרים,330.00,"100 מ""ל",false,1,13.90,4.2121,true,1,92839
7290013430090,false,בירה אלכסנדר אמבר בק,מנדלז סי.אר. פרודקשן,IL,אלכסנדר בירה ישראלית מעולה ענברי 330 מל,מיליליטרים,330.00,"100 מ""ל",false,1,13.90,4.2121,true,1,92840
7290013430304,false,אלכסנדר גרין,מנדלז סי.אר. פרודקשן,IL,אלכסנדר בירה ישראלית מעולה גרין 330 מל,מיליליטרים,330.00,"100 מ""ל",false,1,13.90,4.2121,true,1,131531
7290013440648,false,שלגוני אבטיח מארז 5,המאפיה של הרמן,IL,שלגוני אבטיח מארז 5 יחידות,גרמים,540.00,100 גרם,false,1,25.90,4.7963,true,1,83462
7290013442284,false,גבינה ברי 22% 140 גר,מוטק'ה החולב,IL,גבינה ברי 22% 140 גרם,גרמים,140.00,100 גרם,false,1,27.90,19.9286,true,1,154505
7290013442291,false,גבינה קממבר 22 % 140,מוטק'ה החולב,IL,גבינה קממבר 22 % 140 גרם,גרמים,140.00,100 גרם,false,1,27.90,19.9286,true,1,154506
7290013442307,false,גבינה קממבר פקאן 23%,מוטק'ה החולב,IL,גבינה קממבר פקאן 23% 140 גרם,גרמים,140.00,100 גרם,false,1,27.90,19.9286,true,1,154507
7290013442314,false,גבינה סנט מור 22% 15,מוטק'ה החולב,IL,גבינה סנט מור 22% 150 גרם,גרמים,150.00,100 גרם,false,1,30.90,20.6000,true,1,154508
7290013442345,false,ארוטן כמהין 23% 150ג,מוטק'ה החולב,IL,ארוטן כמהין 23% 150גרם,גרמים,150.00,100 גרם,false,1,31.90,21.2667,true,1,154511
7290013472199,false,ערמונים קלופים 105 ג,בייג'גג פוינונג,CN,ערמונים קלופים 105 גרם,גרמים,105.00,100 גרם,false,1,5.90,5.6190,true,1,77478
7290013492005,false,"תפו""א זעיר למיקרו יח",מרינה,IL,תפוא זעיר למיקרו יח,יחידה,0.00,יחידה,false,1,9.90,0.0000,true,1,105773
7290013493057,false,בירה בזלת דבל בוק בק,מברשת הגולן א.ח.ר 20,IL,"בירה בזלת דבל בוק בקבוק 330 מ""ל",מיליליטרים,330.00,"100 מ""ל",false,1,18.90,5.7273,true,1,96159
7290013520067,false,10 לחמניות אצבע אגמי,מאפיית אגמי,,10 לחמניות אצבע אגמי,גרמים,750.00,100 גרם,false,1,13.90,1.8533,true,1,101045
7290013520111,false,לחמניית המבורגר,מאפיית אגמי,IL,לחמניית המבורגר אמריקאי 6 יח,גרמים,600.00,100 גרם,false,1,14.90,2.4833,true,1,125226
7290013520463,true,כוסמין לחם בריאות,,,כוסמין לחם בריאות,גרמים,600.00,100 גרם,false,1,16.90,2.8167,true,1,124838
7290013520500,true,8 לחמניות מקמח כוסמי,,,8 לחמניות מקמח כוסמי,גרמים,400.00,100 גרם,false,1,17.90,4.4750,true,1,120645
7290013521101,false,פטוציני כוסמין תרד50,רדיי 97 בעמ,HU,פטוציני כוסמין תרד350 גרם השדה,גרמים,350.00,100 גרם,false,1,21.90,6.2571,true,1,115071
7290013521309,false,מיונז אורגני 330 גרם,מחנדל,NL,מיונז אורגני,גרמים,330.00,100 גרם,false,1,23.90,7.2424,true,1,112729
7290013521408,false,אבקת מרק ירקות  אורג,מחנדל,NL,אבקת מרק ירקות,גרמים,200.00,100 גרם,false,1,25.90,12.9500,true,1,115236
7290013521415,false,אבקת מרק אורגנית בטע,מחנדל,NL,אבקת מרק אורגנית בטעם עוף,גרמים,200.00,100 גרם,false,1,25.90,12.9500,true,1,115235
7290013521491,false,קטשופ אורגני 567 גרם,שוורצקוף& הנקל דיסלד,US,"קטשופ אורגני 567 גרם לל""ג השדה",גרמים,567.00,100 גרם,false,1,18.90,3.3333,true,1,122135
7290013521828,true,פסטה כוסמין פטוצני ס,רדיי 97 בעמ,HU,פסטה כוסמין פטוצני ספירולינה השדה 300גרם,גרמים,300.00,100 גרם,false,1,21.90,7.3000,true,1,122140
7290013521842,false,ציפס תפוח אדמה אפוי,"סיבי, נובי פריס",SK,ציפס תפוח אדמה אפוי  השדה 65 גרם,גרמים,65.00,100 גרם,false,1,12.90,19.8462,true,1,153449
7290013521859,false,ציפס תפוח אדמה אפוי,"סיבי, נובי פריס",SK,ציפס תפוח אדמה אפוי  ירקות השדה 65 גרם,גרמים,65.00,100 גרם,false,1,12.90,19.8462,true,1,153450
7290013521965,false,עוגיות חצי ירח אורגנ,דולפין ספא,IL,עוגיות חצי ירח אורגניות קמח כוסמין מלא,גרמים,180.00,100 גרם,false,1,17.90,9.9444,true,1,123791
7290013531117,false,רוטב פסטה לילדים,"זנלכל בע""מ",IL,רוטב פסטה לילדים יכין 260 גרם,גרמים,260.00,100 גרם,false,1,5.90,2.2692,true,1,116059
7290013585233,false,ספרייט זירו פחית סלי,גוד פוד פרודקטס S.p,IL,"גזוז בטעם לימון ליים דל קלוריות 330 מ""ל",מיליליטרים,330.00,"100 מ""ל",false,1,5.90,1.7879,true,1,106397
7290013585257,false,ספרייט זירו בקבוק 50,"אינסטנטה בע""מ",IL,"ZERO ספרייט 500 מ""ל",מיליליטרים,500.00,"100 מ""ל",false,1,7.50,1.5000,true,1,106395
7290013585387,false,קוקה קולה זירו בקבוק,פארייפאבה אגרואינדוס,IL,ZERO תריסר 1 ליטר,ליטרים,1.00,ליטר,false,1,8.00,8.0000,true,1,104885
7290013585394,false,קוקה קולה 1 ליטר,פארייפאבה אגרואינדוס,IL,קוקה קולה 1 ליטר תריסר,ליטרים,1.00,ליטר,false,1,8.00,8.0000,true,1,104884
7290013585653,false,משקל פריגת EXTRA אננ,מבשלות בירה בינלאומי,IL,"פריגת EXTRA אננס 420 מ""ל",מיליליטרים,420.00,"100 מ""ל",false,1,8.90,2.1190,true,1,115139
7290013608260,false,מיץ רימונים פרימור ס,השחר,IL,7290068700001,ליטרים,1.00,ליטר,false,1,26.00,26.0000,true,1,99888
7290013608550,false,נקטר תפוז פרימור,סטאר סנקס,IL,נקטר תפוזים,לא מנהל יחידת מידה,0.00,לא מנהל יחידת מידה,false,1,8.90,0.0000,true,1,125821
7290013608635,false,נקטר לימונים עם נענע,סטאר סנקס,IL,נקטר לימונים עם נענע פרימור,לא מנהל יחידת מידה,0.00,לא מנהל יחידת מידה,false,1,8.90,0.0000,true,1,125823
7290013608673,false,נקטר תפוח פרימור,סטאר סנקס,IL,נקטר תפוחי עץ ‏1‏ל,לא מנהל יחידת מידה,0.00,לא מנהל יחידת מידה,false,1,8.90,0.0000,true,1,125825
7290013608680,false,נקטר עגבניות פרימור,סטאר סנקס,IL,פרימור מיץ עגבניות 1 ליטר,לא מנהל יחידת מידה,0.00,לא מנהל יחידת מידה,false,1,8.90,0.0000,true,1,114080
7290013675194,false,שניצל אמיתי ביתי ללא,זנטי אס. אי לאלין,IL,שניצל אמיתי ביתי ללא גלוטן,גרמים,700.00,100 גרם,false,1,43.90,6.2714,true,1,110248
7290013675828,false,לקט חגיגה אסייתית לה,"איי, בי, אינבוו",IL,לקט חגיגה אסייתית להקפצה  450גרם,גרמים,450.00,100 גרם,false,1,24.90,5.5333,true,1,143940
7290013675835,false,לקט ירוק גלילי להקפצ,"סנפרוסט בע""מ",IL,לקט ירוק גלילי להקפצה  450גרם,גרמים,450.00,100 גרם,false,1,24.90,5.5333,true,1,143941
7290013677563,true,קינואה אדומה  מיה  5,מיה,IL,קינואה אדומה  מיה  500 גרם,גרמים,500.00,100 גרם,false,1,12.90,2.5800,true,1,156207
7290013683595,false,עוגת פס שביל חלב,"גידרון תעשיות בע""מ",,עוגת פס שביל חלב,יחידה,1.00,יחידה,false,1,39.90,39.9000,true,1,82511
7290013713001,false,בירה גמס אמבר אייל ב,גמס מפעלי בירה,,"בירה גמס אמבר אייל בקבוק 330 מ""ל",מיליליטרים,330.00,"100 מ""ל",false,1,13.90,4.2121,true,1,127229
7290013713025,false,בירה גמס פילס בקבוק,קרלו,IL,"בירה ג'מס, בירה pils",מיליליטרים,330.00,"100 מ""ל",false,1,13.90,4.2121,true,1,127228
7290013713032,false,בירה גמס חיטה בקבוק,קרלו,IL,"בירה ג'מס, בירת חיטה מעוננת",מיליליטרים,330.00,"100 מ""ל",false,1,13.90,4.2121,true,1,127230
7290013713049,false,בירה גמס חזקה 8.8% ב,קרלו,IL,"בירה ג'מס, בירה 8.8 חזקה במיוחד",מיליליטרים,330.00,"100 מ""ל",false,1,13.90,4.2121,true,1,127231
7290013724939,false,משוקלדים חמוציות מרי,דין שיווק,IL,משוקלדים חמוציות מריר 140 גר קופסא,גרמים,140.00,100 גרם,false,1,10.90,7.7857,true,1,88869
7290013724977,false,משוקלדים צימוק מריר,דין שיווק,IL,משוקלדים צימוק מריר 140 גר קופסא,גרמים,140.00,100 גרם,false,1,10.90,7.7857,true,1,97610
7290013725820,false,אגוזי לוז בציפוי שוק,"דין שיווק וקליה בע""מ",IL,אגוזי לוז בציפוי שוקולד מריר 140 גרם,גרמים,140.00,100 גרם,false,1,10.90,7.7857,true,1,66863
7290013787156,false,רוטב שמנת גראנה פדאנ,קריניסה ויטמין אס אי,IL,רוטב שמנת וגראנה פדנו  200 גרם,גרמים,200.00,100 גרם,false,1,12.90,6.4500,true,1,151978
7290013787163,false,רוטב רוזה ריקו 200 ג,תנובה,IL,רוטב רוזה ריקו 200 גרם,גרמים,200.00,100 גרם,false,1,12.90,6.4500,true,1,151979
7290013787170,false,רוטב שמנת פטריות ריק,תנובה,IL,רוטב שמנת פטריות ריקו 200 גרם,גרמים,200.00,100 גרם,false,1,12.90,6.4500,true,1,151980
7290013787392,false,רביולי ריקו גבינות ק,יוניליוור גרמניה  Gm,IL,פסטה רביולי במילוי גבינות   100% חיטת דורום 330 גר,גרמים,330.00,100 גרם,false,1,27.90,8.4545,true,1,146176
7290013787415,false,רביולי ריקו ריקוטה ת,יוניליוור גרמניה  Gm,IL,פסטה רביולי ותרד 100% חיטת דורום 330 גר,גרמים,330.00,100 גרם,false,1,27.90,8.4545,true,1,146178
7290013847409,true,טונה סטרקיסט לייט 4%,"סטארקיסט פודור בע""מ",TH,טונה סטרקיסט לייט 4% שומן עם לימון,גרמים,140.00,100 גרם,false,1,8.50,6.0714,true,1,123056
7290013847553,false,טונה במים דל נתרן סט,"איטיליאן פוד, אס.פי.",TH,טונה במים דל נתרן,גרמים,640.00,100 גרם,false,1,27.90,4.3594,true,1,117251
7290013847645,false,סטארקיסט טונה בשמן ז,סטארקיסט,TR,סטארקיסט טונה בשמן זית 3 יח 80 גרם,גרמים,240.00,100 גרם,false,1,16.90,7.0417,true,1,126216
7290013848345,false,מטליות לחות שלישייה,סנו מפעלי ברונוס בעמ,IL,מטליות לחות שלישייה לניקוי 99%,לא מנהל יחידת מידה,0.00,לא מנהל יחידת מידה,false,1,21.90,0.0000,true,1,124300
7290013848420,false,קרמה מן דאו אקטיב,גוד פוד פרודקטס S.p,IL,קרמה מן דאודורנט ג'ל אקטיב בלוק 70 מל,Unknown,0.00,Unknown,false,1,16.90,0.0000,true,1,90874
7290013883407,false,דזיטול מחטא ומשמיד ח,קרלו,ES,יעקבי דזיטול ספריי מחטא ומשמיד חיידקים 750 מל,מיליליטרים,500.00,"100 מ""ל",false,1,19.90,3.9800,true,1,85172
7290013906236,false,סלמי גלבוע 400 גר,הנסיך- מפעל לייצור ט,IL,סלמי גלבוע 400 גר,גרמים,400.00,100 גרם,false,1,24.90,6.2250,true,1,95380
7290013906441,false,קבנוס 120 גרם,הנסיך- מפעל לייצור ט,IL,קבנוס נקניק מעושן יבש 120 גרם,גרמים,120.00,100 גרם,false,1,11.90,9.9167,true,1,93929
7290013906458,false,קבנוס בטעם פיקנטי 12,הנסיך- מפעל לייצור ט,IL,טירת צבי קבנוס פיקנטי נקניק מעושן יבש 120 גרם,גרמים,120.00,100 גרם,false,1,11.90,9.9167,true,1,97521
7290013906489,false,חטיפי מיני קבנוס 120,הנסיך- מפעל לייצור ט,IL,טירת צבי חטיפי מיני קבנוס 120 גרם,גרמים,120.00,100 גרם,false,1,11.90,9.9167,true,1,97522
7290013906496,false,פסטרמה עגל רומנית 12,הנסיך- מפעל לייצור ט,IL,פסטרמה עגל בסגנון רומני 120 גרם,גרמים,120.00,100 גרם,false,1,15.90,13.2500,true,1,101842
7290013906519,false,פרושוטו בקר 100 גרם,הנסיך- מפעל לייצור ט,IL,פרושוטו בקר 100 גרם,גרמים,100.00,100 גרם,false,1,26.90,26.9000,true,1,101843
7290013927637,false,חלווה אחווה ללס 400ג,אחדות בעמ,IL,אחוה חלוה ללא תוספת סוכר 400 גרם,גרמים,400.00,100 גרם,false,1,14.90,3.7250,true,1,152801
7290013971555,false,מארז פוגיקום 8+4,פוג'יקום,,מארז פוגיקום 8+4,לא מנהל יחידת מידה,0.00,לא מנהל יחידת מידה,false,1,19.90,0.0000,true,1,96580
7290013994042,false,זרעי פשתן אורגני300.,אול אורגני,IL,זרעי פשתן אורגניים 300 גרם הרדוף,גרמים,300.00,100 גרם,false,1,8.90,2.9667,true,1,100714
7290013994318,false,קינואה טריקולור אורג,אול אורגני,IL,הרדוף קינואה מעורבת - טריקולור אורגנית 500 גרם,גרמים,500.00,100 גרם,false,1,20.90,4.1800,true,1,113801
7290013994585,false,גרעיני דלעת קלופים א,אול אורגני,IL,גרעיני דלעת קלופים אורגני,גרמים,300.00,100 גרם,false,1,18.90,6.3000,true,1,112698
7290013994653,false,קינואה רויאל אורגני,אול אורגני,IL,קינואה לבנה רויאל אורגנית,גרמים,500.00,100 גרם,false,1,17.90,3.5800,true,1,113800
7290013994677,false,עדשים שחורות אורגני,אול אורגני,IL,עדשים שחורות אורגניות,גרמים,500.00,100 גרם,false,1,17.90,3.5800,true,1,115075
7290014002203,false,חליטת צמחים לימונית,HIQ FOOD PRODUCTS,IL,חליטת לימונית לואיזה - הגן הקסום,גרמים,37.00,100 גרם,false,1,19.90,53.7838,true,1,87470
7290014002944,false,חליטת הגן הקסום,HIQ FOOD PRODUCTS,IL,"תה ויסוצקי,חליטת חמדת השקד - ""הגן הקסום""",גרמים,50.00,100 גרם,false,1,19.90,39.8000,true,1,100536
7290014046436,false,נשנושי קבנוס 125 גרם,יחיעם,IL,יחיעם נשנושי קבנוס 125 גרם,גרמים,125.00,100 גרם,false,1,12.90,10.3200,true,1,90876
7290014046474,false,נקניקיות עוף,יחיעם,IL,יחיעם נקניקיות עוף 1.5 קג,קילוגרמים,1.50,"ק""ג",false,1,33.90,22.6000,true,1,100160
7290014046580,false,פסטרמה הודו מעושנת ע,פ.פ.ח. שאביט,IL,פסטרמה הודו מעושנת על האש מעדני יחיעם 30,גרמים,300.00,100 גרם,false,1,22.90,7.6333,true,1,117602
7290014056008,false,בירה שפירא פייל אייל,שפירא,IL,"בירה שפירא פייל אייל 330 מ""ל",מיליליטרים,330.00,"100 מ""ל",false,1,14.90,4.5152,true,1,154190
7290014056039,false,בירה שפירא חיטה 330,שפירא,IL,"בירה שפירא חיטה 330 מ""ל",מיליליטרים,330.00,"100 מ""ל",false,1,14.90,4.5152,true,1,154191
7290014056046,false,בירה שפירא לאגר 330,שפירא,IL,"בירה שפירא לאגר 330 מ""ל",מיליליטרים,330.00,"100 מ""ל",false,1,14.90,4.5152,true,1,154193
7290014056053,false,IPA בירה שפירא 330 מ,שפירא,IL,"IPA בירה שפירא 330 מ""ל",מיליליטרים,330.00,"100 מ""ל",false,1,14.90,4.5152,true,1,154192
7290014059085,false,סנסודיין משחה לשיקום,DE MICLEN,,סנסודיין משחת שיניים לשיקום והגנה 75 מל,מיליליטרים,75.00,"100 מ""ל",false,1,21.90,29.2000,true,1,84283
7290014066380,false,קפסולות אספרסו לנדוו,לנדוור,IL,קפסולות אספרסו לנדוור סופרימו 10יח,גרמים,50.00,100 גרם,false,1,17.90,35.8000,true,1,120938
7290014066441,false,לנדוור-קפסולות אספרס,לנדוור,IL,לנדוור-קפסולות אספרסו נטול קפאין 10 יח,יחידה,10.00,יחידה,false,1,17.90,1.7900,true,1,142032
7290014066526,false,לנדוור-קפסולות אספרס,לנדוור,IL,לנדוור-קפסולות אספרסו תערובת הבית,יחידה,10.00,יחידה,false,1,17.90,1.7900,true,1,142030
7290014066533,false,לנדוור-קפסולות אספרס,לנדוור,IL,לנדוור-קפסולות אספרסו קלייה כפול  10 יח,יחידה,10.00,יחידה,false,1,17.90,1.7900,true,1,142031
7290014083479,false,גבינה פרוסה גאודה 15,ג.וילי פוד אינטרנשיו,IL,גבינת גאודה פרוסות 150גרם 27%,גרמים,150.00,100 גרם,false,1,12.90,8.6000,true,1,87974
7290014083813,false,שפורטים 190 גרם,בריואוס וילניס,LV,שפורטים 190 גרם,גרמים,190.00,100 גרם,false,1,9.90,5.2105,true,1,87795
7290014094338,false,דלעת מקולפת 250 גרם,"דין שיווק וקליה בע""מ",,דלעת מקולפת 250 גרם,גרמים,250.00,100 גרם,false,1,14.90,5.9600,true,1,152578
7290014094345,false,חמניות קלופות 300 גר,"דין שיווק וקליה בע""מ",,חמניות קלופות 300 גרם,גרמים,300.00,100 גרם,false,1,11.90,3.9667,true,1,152579
7290014094352,false,אגוז מלך טבעי בקופסא,"דין שיווק וקליה בע""מ",,אגוז מלך טבעי בקופסא  200 גרם,גרמים,200.00,100 גרם,false,1,17.90,8.9500,true,1,151991
7290014094369,false,שקד טבעי בקופסא  200,"דין שיווק וקליה בע""מ",,שקד טבעי בקופסא  200 גרם,גרמים,200.00,100 גרם,false,1,21.90,10.9500,true,1,151986
7290014094376,false,שזיפים ללא גלעין בקו,"דין שיווק וקליה בע""מ",,שזיפים ללא גלעין בקופסא  250 גרם,גרמים,250.00,100 גרם,false,1,19.90,7.9600,true,1,152750
7290014094383,false,משמש מיובש בקופסא 33,"דין שיווק וקליה בע""מ",,משמש מיובש בקופסא 250 גרם,גרמים,250.00,100 גרם,false,1,19.90,7.9600,true,1,97602
7290014094390,false,חמוציות בקופסא  330,"דין שיווק וקליה בע""מ",,חמוציות בקופסא  250 גרם,גרמים,250.00,100 גרם,false,1,13.90,5.5600,true,1,97603
7290014094406,false,צימוק לבן בקופסא  33,"דין שיווק וקליה בע""מ",,צימוק לבן בקופסא  330 גרם,גרמים,330.00,100 גרם,false,1,14.90,4.5152,true,1,152751
7290014094628,false,פקאן טבעי 200 קופסא,חקלאי,,פקאן טבעי 200 קופסא,גרמים,200.00,100 גרם,false,1,26.90,13.4500,true,1,152754
7290014094642,false,קשיו טבעי בקופסא  25,"דין שיווק וקליה בע""מ",,קשיו טבעי בקופסא  250 גרם,גרמים,250.00,100 גרם,false,1,23.90,9.5600,true,1,151993
7290014094659,false,אגוזי לוז טבעיים 250,דין שיווק,IL,אגוזי לוז טבעיים 250 גרם,גרמים,250.00,100 גרם,false,1,27.90,11.1600,true,1,152580
7290014094857,false,פקאן סיני מסוכר 150,דין שיווק,IL,פקאן סיני מסוכר 150 גרם,גרמים,150.00,100 גרם,false,1,17.90,11.9333,true,1,151925
7290014094864,false,פיסטוק קלוי 170גרם,דין שיווק,IL,פיסטוק קלוי 170גרם,גרמים,170.00,100 גרם,false,1,18.90,11.1176,true,1,151951
7290014094895,true,אגוזים קלופים 150 גר,דין שיווק,IL,אגוזים קלופים 150 גרם,גרמים,150.00,100 גרם,false,1,11.90,7.9333,true,1,151936
7290014094901,false,פקאן טבעי 150גרם,דין שיווק,IL,פקאן טבעי 150גרם,גרמים,150.00,100 גרם,false,1,19.90,13.2667,true,1,151949
7290014095861,false,שיבולת שועל דקה,"דין שיווק וקליה בע""מ",,שיבולת שועל דקה 500 גרם שקדיה,גרמים,500.00,100 גרם,false,1,6.90,1.3800,true,1,101322
7290014095946,true,משוקלדים פקאן מריר 1,"שקדיה גבע בע""מ",IL,אגוז פקאן בציפוי שוקולד מריר,גרמים,140.00,100 גרם,false,1,10.90,7.7857,true,1,152117
7290014095953,false,משוקלדים פקאן חלב 14,שקדיה גבע בתעשיות עמ,IL,שקדיה פקאן בציפוי שוקולד חלב 160 גרם,גרמים,140.00,100 גרם,false,1,10.90,7.7857,true,1,152091
7290014126428,false,סטיביה 150 טבליות,מיוצר עי קונדיטוריית,CN,סטיביה 150 טבליות 150 גרם,גרמים,150.00,100 גרם,false,1,26.90,17.9333,true,1,102519
7290014217003,false,פפריקה מעושנת מיכל,תות ממתקי איכות,IL,"תבליני טעם וריח, פפריקה בטעם מעושן,  90 גרם",גרמים,90.00,100 גרם,false,1,9.90,11.0000,true,1,86713
7290014217010,false,תיבול לדגים,תבליני טעם וריח,IL,"תבליני טעם וריח T-BUL תערובת תיבול לדגים, 90 גרם",גרמים,90.00,100 גרם,false,1,13.90,15.4444,true,1,86284
7290014217027,false,תיבול עוף 120 גרם,תות ממתקי איכות,IL,"תבליני טעם וריח T-BUL תערובת תיבול לעוף, 120 גרם",גרמים,120.00,100 גרם,false,1,13.90,11.5833,true,1,87734
7290014217065,false,אורגנו 30 גרם,תות ממתקי איכות,IL,תבליני טעם וריח אורגנו 100% 30 גרם,Unknown,0.00,Unknown,false,1,9.90,0.0000,true,1,86166
7290014217119,false,ציפס מיכל 100 גר,תות ממתקי איכות,IL,"תבליני טעם וריח תערובת תיבול לצ'יפס, 100 גרם",Unknown,0.00,Unknown,false,1,9.90,0.0000,true,1,103095
7290014217140,false,ראס אל חנות מיכל100,תות ממתקי איכות,IL,תבליני טעם וריח ראס אל חנות 100 גרם,גרמים,100.00,100 גרם,false,1,9.90,9.9000,true,1,103098
7290014217157,false,טוסקנה 120 גר,תות ממתקי איכות,IL,תבליני טעם וריח תערובת תיבול טוסקנה 120 גרם,גרמים,120.00,100 גרם,false,1,9.90,8.2500,true,1,103099
7290014217164,false,פטרוזיליה מיכל 20 גר,תות ממתקי איכות,IL,תבליני טעם וריח פטרוזיליה 100% 20 גרם,גרמים,20.00,100 גרם,false,1,9.90,49.5000,true,1,103100
7290014217171,false,גריל דג מיכל 100 גר,תות ממתקי איכות,IL,תבליני טעם וריח תערובת תיבול גריל דג 100 גרם,Unknown,0.00,Unknown,false,1,9.90,0.0000,true,1,103101
7290014217201,false,תערובת תיבול סומק מי,תות ממתקי איכות,IL,תבליני טעם וריח מיכל קטן סומק 45 גרם,גרמים,45.00,100 גרם,false,1,6.90,15.3333,true,1,122664
7290014217225,false,תערובת תיבול גריל עו,תות ממתקי איכות,IL,"תבליני טעם וריח, תערובת תיבול גריל עוף, 120 גרם",גרמים,120.00,100 גרם,false,1,9.90,8.2500,true,1,99130
7290014217263,false,תערובת תיבול לפרגיות,תות ממתקי איכות,IL,"תבליני טעם וריח תערובת תיבול לפרגיות, 100 גרם",גרמים,100.00,100 גרם,false,1,9.90,9.9000,true,1,111548
7290014217348,false,צילי כתוש במיכל,תות ממתקי איכות,IL,תבליני טעם וריח צ'ילי גרוס חריף 70 גרם,גרמים,0.00,100 גרם,false,1,9.90,0.0000,true,1,99465
7290014217355,false,אבקת קרי,תות ממתקי איכות,IL,"תבליני טעם וריח, אבקת קארי, 100 גרם",Unknown,0.00,Unknown,false,1,9.90,0.0000,true,1,99466
7290014217362,false,תיבול לקציצות,תות ממתקי איכות,IL,תבליני טעם וריח תערובת תיבול לקציצות 100 גרם,Unknown,0.00,Unknown,false,1,9.90,0.0000,true,1,99467
7290014217386,false,מרינדת צילי חריף לעו,תבליני טעם וריח,IL,תבליני טעם וריח תערובת תיבול למרינדת עוף 80 גרם,גרמים,80.00,100 גרם,false,1,11.90,14.8750,true,1,148618
7290014217478,false,עשבי תיבול איטלקי ים,תות ממתקי איכות,IL,עשבי תיבול איטלקי ים תיכוני 30 גרם,גרמים,30.00,100 גרם,false,1,9.90,33.0000,true,1,111995
7290014217485,false,תיבול קייגון 100 גר,תות ממתקי איכות,IL,"תבליני טעם וריח, קיי'גון",גרמים,100.00,100 גרם,false,1,9.90,9.9000,true,1,124851
7290014217492,false,תיבול פילדלפיה 100 ג,תות ממתקי איכות,IL,תבליני טעם וריח תערובת תיבול פילדלפיה 100 גרם,גרמים,100.00,100 גרם,false,1,9.90,9.9000,true,1,124852
7290014217515,false,ציפוי מאפה מלוח מיכל,תות ממתקי איכות,IL,ציפוי מאפה מלוח מיכל 90 גרם,גרמים,90.00,100 גרם,false,1,11.90,13.2222,true,1,121598
7290014217522,false,לחם שום תערובת מיכל,תות ממתקי איכות,IL,לחם שום תערובת מיכל 100 גרם,גרמים,100.00,100 גרם,false,1,11.90,11.9000,true,1,121596
7290014218932,false,חטיפי פיצה בתוספת זי,מיוצר עי קונדיטוריית,IL,חטיפי פיצה בתוספת זיתים בשקית 710 גרם,גרמים,710.00,100 גרם,false,1,34.90,4.9155,true,1,125041
7290014256460,true,יין ויניארד סובניון,,,יין ויניארד סובניון בלאן,לא מנהל יחידת מידה,0.00,לא מנהל יחידת מידה,false,1,69.90,0.0000,true,1,126447
7290014256620,false,יין BUZZ קריניאנו 75,"כד בני דרום בע""מ",IL,"יין BUZZ קריניאנו 750 מ""ל",מיליליטרים,750.00,"100 מ""ל",false,1,31.90,4.2533,true,1,102662
7290014256637,false,יין BUZZ  מוסקטו 750,"כד בני דרום בע""מ",IL,"יין BUZZ  מוסקטו 750 מ""ל",מיליליטרים,750.00,"100 מ""ל",false,1,31.90,4.2533,true,1,102663
7290014321199,false,LESS&MOR קרקר פשתן צ,"ל.ב. סחר ושיווק בע""מ",IL,LESS&MOR קרקר פשתן צילי פיקנטי  125גרם,גרמים,125.00,100 גרם,false,1,24.90,19.9200,true,1,154544
7290014321205,false,LESS&MORE  קרקר גרעי,"ל.ב. סחר ושיווק בע""מ",IL,LESS&MORE  קרקר גרעיני פשתן  125  גרם,גרמים,125.00,100 גרם,false,1,24.90,19.9200,true,1,154542
7290014321212,false,LESS&MOREקרקר פשתן ו,"ל.ב. סחר ושיווק בע""מ",IL,LESS&MOREקרקר פשתן ושום  125גרם,גרמים,125.00,100 גרם,false,1,24.90,19.9200,true,1,154543
7290014343450,false,עוגת פס גבינה פירורי,נטלי,,עוגת פס גבינה פירורים בן עמי,יחידה,1.00,יחידה,false,1,62.90,62.9000,true,1,142913
7290014343498,false,פס מוס גבינה פירורים,נטלי פלוס בעמ,IL,פס מוס גבינה פירורים ללא תוספת סוכר חלבי,גרמים,600.00,100 גרם,false,1,62.90,10.4833,true,1,152813
7290014343542,false,עוגת פס טריקולד בן ע,נטלי,,עוגת פס טריקולד בן עמי,יחידה,1.00,יחידה,false,1,62.90,62.9000,true,1,142914
7290014343559,false,עוגת פס רפאלה בן עמי,נטלי,,עוגת פס רפאלה בן עמי,יחידה,1.00,יחידה,false,1,62.90,62.9000,true,1,142915
7290014343573,false,עוגת פס פררה בן עמי,נטלי,,עוגת פס פררה בן עמי,יחידה,1.00,יחידה,false,1,62.90,62.9000,true,1,142919
7290014343580,false,עוגת פס אלפחורס בן ע,נטלי,,עוגת פס אלפחורס בן עמי,יחידה,1.00,יחידה,false,1,62.90,62.9000,true,1,142916
7290014343641,false,עוגת פס  מוס אוראו ב,נטלי,,עוגת פס  מוס אוראו בן עמי,יחידה,1.00,יחידה,false,1,62.90,62.9000,true,1,142917
7290014343658,false,עוגת פס  מוס לוטוס ב,נטלי,IL,עוגת פס  מוס לוטוס בן עמי,יחידה,1.00,יחידה,false,1,62.90,62.9000,true,1,142920
7290014343764,false,סברינה מנה אישית חלב,"נטלי פלוס בע""מ",IL,סברינה מנה אישית חלבי,גרמים,340.00,100 גרם,false,1,19.90,5.8529,true,1,152633
7290014397514,false,מבשם אויר נטול גז כו,"סנו מפעלי ברונוס בע""",IL,פרש הום מבשם לבית כותנה מלטפת 350 מל,מיליליטרים,350.00,"100 מ""ל",false,1,15.90,4.5429,true,1,88679
7290014397538,false,מבשם אויר נטול גז בו,סנו מפעלי ברונוס בעמ,IL,פרש הום מבשם לבית סבון מפנק 350 מל,מיליליטרים,350.00,"100 מ""ל",false,1,15.90,4.5429,true,1,88681
7290014397835,false,סמארט מכשיר+מילוי45,ZOBELE,IT,סמארט מכשיר+מילוי 45 לילות,לא מנהל יחידת מידה,0.00,לא מנהל יחידת מידה,false,1,39.90,0.0000,true,1,104018
7290014435704,false,סלמון מעושן 100 גרם,"סלטי שמיר 2006 בע""מ",,סלמון מעושן 100 גרם,גרמים,100.00,100 גרם,false,1,26.90,26.9000,true,1,97388
7290014435803,false,מטיאס הולנדי עם בצל,"סלטי שמיר 2006 בע""מ",,מטיאס הולנדי עם בצל בשמן 180 גרם,גרמים,180.00,100 גרם,false,1,20.90,11.6111,true,1,96828
7290014435872,false,סלט הרינג עם מיונז 1,"סלטי שמיר 2006 בע""מ",,סלט הרינג עם מיונז 180 גרם,גרמים,180.00,100 גרם,false,1,20.90,11.6111,true,1,96832
7290014435889,false,סלט מטיאס עם מיונז 1,"סלטי שמיר 2006 בע""מ",,סלט מטיאס עם מיונז 180 גרם,גרמים,180.00,100 גרם,false,1,20.90,11.6111,true,1,96833
7290014455245,false,גבינת פדנו משולש 200,יבואן ומשווק: ש. שסט,IT,גבינת פדנו משולש 200 גרם גד,גרמים,200.00,100 גרם,false,1,27.90,13.9500,true,1,110184
7290014455252,false,גבינת גרנה פדנו מגור,מחלבות גד,IT,גד גרנה פדנו גבינה קשה מגוררדת 29% שומן,גרמים,100.00,100 גרם,false,1,13.90,13.9000,true,1,110186
7290014455320,false,כדור מוצרלה פרסקה גד,מחלבות גד בעמ,IL,גד מוצרלה פרסקה מחלב בקר 18% שומן,גרמים,100.00,100 גרם,false,1,9.90,9.9000,true,1,106411
7290014455467,false,מעדן שיבולת שועל וחל,מחלבות גד,IL,גד מעדן שיבולת שועל וחלב 2% שומן,גרמים,150.00,100 גרם,false,1,6.20,4.1333,true,1,110519
7290014459137,false,סטייק ציפס      1.5,,IL,תפוגן סטייק צ'יפס 8*1.5קג,קילוגרמים,1.50,"ק""ג",false,1,26.90,17.9333,true,1,95121
7290014466128,false,יין הר חרמון אינדיגו,קרלו,IL,"יין הר חרמון אינדיגו 750 מ""ל",מיליליטרים,750.00,"100 מ""ל",false,1,33.90,4.5200,true,1,87913
7290014466463,false,יין הר חרמון מוסקטו,"כד בני דרום בע""מ",IL,"הר חרמון מוסקטו 2020 750 מ""ל",מיליליטרים,750.00,"100 מ""ל",false,1,33.90,4.5200,true,1,93711
7290014466609,false,יין גמלא מרלו 2012,"כד בני דרום בע""מ",IL,"גמלא השמורה מרלו 2016 יין אדום יבש, 750 מל",מיליליטרים,750.00,"100 מ""ל",false,1,64.90,8.6533,true,1,110525
7290014472136,false,גרעין שחור קלוי 150ג,דין שיווק,IL,גרעין שחור קלוי 150גרם,גרמים,150.00,100 גרם,false,1,5.90,3.9333,true,1,152057
7290014472228,false,תאנים בקופסא  330 גר,"דין שיווק וקליה בע""מ",,תאנים בקופסא  330 גרם,גרמים,330.00,100 גרם,false,1,22.90,6.9394,true,1,151992
7290014472235,false,פקאן סיני 200 גרם,שקרצי,,פקאן סיני 200 גרם,גרמים,200.00,100 גרם,false,1,27.90,13.9500,true,1,115988
7290014472471,false,גרעין שחור ענק פרימי,דין שיווק,IL,גרעין שחור ענק פרימיום 200גרם,גרמים,200.00,100 גרם,false,1,6.90,3.4500,true,1,151964
7290014472488,false,שקד קלוי ענק 250גרם,דין שיווק,IL,שקד קלוי ענק 250גרם פרימיום,גרמים,250.00,100 גרם,false,1,25.90,10.3600,true,1,151967
7290014472495,false,קשיו קלוי ענק 250גרם,דין שיווק,IL,קשיו קלוי ענק 250גרם פרימיום,גרמים,250.00,100 גרם,false,1,23.90,9.5600,true,1,151966
7290014472501,false,פיסטוק קלוי ענק פרימ,דין שיווק,IL,פיסטוק קלוי ענק פרימיום 250גרם,גרמים,250.00,100 גרם,false,1,25.90,10.3600,true,1,151965
7290014472518,false,בוטן קלוי ענק פרימיו,דין שיווק,IL,בוטן קלוי ענק פרימיום 250גרם,גרמים,250.00,100 גרם,false,1,9.90,3.9600,true,1,151963
7290014472525,false,תערובת פיצוחים 250 ג,דין שיווק,IL,תערובת פיצוחים 250 גרם פרימיום,גרמים,250.00,100 גרם,false,1,22.90,9.1600,true,1,151968
7290014503137,false,יין דלתון כנען אדום,"איי, בי, אינבוו",IL,"יין דלתון כנען אדום 750 מ""ל",מיליליטרים,750.00,"100 מ""ל",false,1,49.90,6.6533,true,1,114168
7290014503144,false,יין דלתון כנען לבן 7,"איי, בי, אינבוו",IL,"יין דלתון כנען לבן 750 מ""ל",מיליליטרים,750.00,"100 מ""ל",false,1,49.90,6.6533,true,1,114170
7290014525665,false,עוגיות על חלל קקאו ע,"מרבה בע""מ",NL,מרבה עוגיות עם סוכריות שוקולד חלב צבעוניות 140 גרם,גרמים,140.00,100 גרם,false,1,9.90,7.0714,true,1,149095
7290014525672,false,עוגיות על חלל עם סוכ,"מרבה בע""מ",NL,מרבה עוגיות עם סוכריות שוקולד חלב צבעוניות,גרמים,140.00,100 גרם,false,1,9.90,7.0714,true,1,149546
7290014581036,false,פחמים,,,"פחם להבה 2 ק""ג",קילוגרמים,2.00,"ק""ג",false,1,14.90,7.4500,true,1,107087
7290014692299,false,גבינת ברי קסטלו יורו,"ארלה פודס אמבא,",DK,גבינת ברי קסטלו יורו 125 גרם,גרמים,125.00,100 גרם,false,1,22.90,18.3200,true,1,92536
7290014692305,false,גבינת קממבר סטלו יור,הנסיך- מפעל לייצור ט,DK,גבינת קממבר סטלו יורו 125 גרם,גרמים,125.00,100 גרם,false,1,22.90,18.3200,true,1,92537
7290014692541,false,גבינה מגורדת אמה 500,ג.וילי פוד אינטרנשיו,IL,צהובה מגורדת,גרמים,500.00,100 גרם,false,1,19.90,3.9800,true,1,103036
7290014692565,false,גרעיני תירס מתוק ויל,אקו קונסרויפרי קי.אפ,HU,ויליפוד גרעיני תירס מתוק 320 גרם,גרמים,320.00,100 גרם,false,1,5.90,1.8438,true,1,109357
7290014692817,false,גבינת מוצרלה מגורדת,ג. וילי פוד אינטרנשי,IL,גבינת מוצרלה מגורדת 200גרם E,גרמים,200.00,100 גרם,false,1,16.90,8.4500,true,1,93269
7290014749078,false,עוף טוב מקלוני קבנוס,קדבורי,IL,עוף טוב מקלוני קבנוס 12*200גרם,גרמים,200.00,100 גרם,false,1,17.90,8.9500,true,1,142118
7290014749245,false,עוף טוב צונגו רצועות,מולינו ניקולי s.p.a,IL,עוף טוב ספיישל רצועות שניצל שמשם.12*600ג,גרמים,600.00,100 גרם,false,1,36.90,6.1500,true,1,143641
7290014749764,false,עוף טוב שניצל עוף בי,מולינו ניקולי s.p.a,IL,עוף טוב שניצל עוף ביתי עדין כזה  700גרם,לא מנהל יחידת מידה,0.00,לא מנהל יחידת מידה,false,1,44.90,0.0000,true,1,144582
7290014749863,false,שניצל דקענק קריספי,מולינו ניקולי s.p.a,IL,שניצל דקענק קריספי ציפס עוף טוב  720גרם,גרמים,720.00,100 גרם,false,1,39.90,5.5417,true,1,149432
7290014749887,false,שניצל דקענק קריספי,מולינו ניקולי s.p.a,IL,שניצל דקענק קריספי קלאסי עוף טוב  720גר,גרמים,720.00,100 גרם,false,1,39.90,5.5417,true,1,149433
7290014758100,false,מאגדת יוגורט     3%,מחלבת אלון תבור,IL,מאגדת יוגורט ביו 3% תנובה 8*150 גרם,קילוגרמים,1.20,"ק""ג",false,1,16.90,14.0833,true,1,89483
7290014758117,false,מאגדת יוגורט   1.5%,מחלבת אלון תבור,IL,מאגדת יוגורט ביו  1.5% תנובה 8*150 גרם,קילוגרמים,1.20,"ק""ג",false,1,16.90,14.0833,true,1,89484
7290014759084,false,גבינת שמנת נפוליאון,הרדוף חלב,IL,גבינת שמנת נפוליאון בסגנון צרפתי 225 גרם,גרמים,225.00,100 גרם,false,1,13.90,6.1778,true,1,94794
7290014759909,false,פטה עיזים 5% פיראוס,"תנובה, מחלבת טנא נוג",IL,פטה עיזים 5% גבינה מלוחה מחלב עיזים במי מלח,גרמים,250.00,100 גרם,false,1,29.90,11.9600,true,1,97375
7290014759978,false,קצקבל פלח 200 גר,תנובה,IL,"קצ""קבל פלח 200 גרם קולקשיין",גרמים,200.00,100 גרם,false,1,27.40,13.7000,true,1,95815
7290014759985,false,פרמזן פלח 200 גר,תנובה,IL,פרמזן פלח 200 גרם קולקשיין,גרמים,200.00,100 גרם,false,1,26.40,13.2000,true,1,95816
7290014759992,false,גבינת רוקפור פלח 140,"תנובה, מחלבת תל יוסף",IL,גבינת רוקפור פלח 140 גרם קולקשיין,גרמים,140.00,100 גרם,false,1,19.90,14.2143,true,1,95407
7290014760134,false,מעדן סויה ביו בטעם ו,תנובה,IL,מעדן סויה ביו בטעם וניל  125 גרם,גרמים,125.00,100 גרם,false,1,3.90,3.1200,true,1,119299
7290014760141,true,משקה שקדים טרי 1 ליט,סוי מג'יק,IL,משקה שקדים טרי 1 ליטר,ליטרים,1.00,ליטר,false,1,12.90,12.9000,true,1,108719
7290014761056,false,YOLO מעדן שוקולד חלב,מחלבת אלון תבור,IL,YOLO מעדן שוקולד חלב מעולה 123 גרם,גרמים,123.00,100 גרם,false,1,4.50,3.6585,true,1,102827
7290014761063,false,YOLO מעדן שוקולד מרי,מחלבת אלון תבור,IL,YOLO מעדן שוקולד מריר מעולה 123 גרם,גרמים,123.00,100 גרם,false,1,4.50,3.6585,true,1,102828
7290014761070,false,YOLO מעדן שוקולד לבן,מחלבת אלון תבור,IL,YOLO מעדן שוקולד לבן מעולה 123 גרם,גרמים,123.00,100 גרם,false,1,4.50,3.6585,true,1,102829
7290014761193,true,יוגורט פירות יער,מיוצר עי קונדיטוריית,IL,פרילי פירות יער,גרמים,125.00,100 גרם,false,1,3.50,2.8000,true,1,115799
7290014761414,false,YOLO מעדן שכבות שוקו,מחלבת אלון תבור,IL,YOLO מעדן שכבות שוקולד חלב ולבן 122 גרם,גרמים,123.00,100 גרם,false,1,4.50,3.6585,true,1,102830
7290014762756,false,גבינת שמנת נפוליאון,הרדוף חלב,IL,גבינת שמנת נפוליאון בצל 200 גרם,גרמים,200.00,100 גרם,false,1,13.90,6.9500,true,1,111034
7290014762800,false,מעדן סויה בטעם שוקול,סוי מג'יק,IL,תנובה מעדן סויה שוקולד 2% שומן 125 גרם,גרמים,125.00,100 גרם,false,1,3.90,3.1200,true,1,116426
7290014762831,false,גבינת נפוליאון 24% ח,הרדוף חלב,IL,גבינת נפוליאון 24% חלפיניו 225 גרם,גרמים,225.00,100 גרם,false,1,13.90,6.1778,true,1,116435
7290014762909,false,פתיתי מוצרלה 10% תוס,"תנובה, מחלבת תל יוסף",IL,פתיתי מוצרלה 10% תוספת  השף הלבן,גרמים,200.00,100 גרם,false,1,17.90,8.9500,true,1,111660
7290014763098,false,גבינת קרם שמנת 5% טו,תנובה,IL,קרם גבינת שמנת 5% בניחוח טוסקנה 200 גרם,גרמים,200.00,100 גרם,false,1,11.90,5.9500,true,1,111641
7290014763272,false,משקה סויה ביו עם תות,תות תעשיות מזון (201,IL,"משקה סויה ביו עם תות ובננה 250 מ""ל",מיליליטרים,250.00,"100 מ""ל",false,1,5.90,2.3600,true,1,112077
7290014785007,false,פניני טפיוקה 500 גר,יושלם,,פניני טפיוקה 500 גר,גרמים,500.00,100 גרם,false,1,8.90,1.7800,true,1,89693
7290014785052,false,רוטב פטריות צמחוני ל,יושלם,,רוטב פטריות צמחוני למוקפצים 500 מל,מיליליטרים,500.00,"100 מ""ל",false,1,10.90,2.1800,true,1,97003
7290014785069,false,"מירין 250 מ""ל משובח",יושלם,,מירין 250 מל משובח מזרח,מיליליטרים,250.00,"100 מ""ל",false,1,11.90,4.7600,true,1,93647
7290014785991,true,רוטב סויה אסיה ללא ג,,,רוטב סויה אסיה ללא גלוטן,לא מנהל יחידת מידה,0.00,לא מנהל יחידת מידה,false,1,13.90,0.0000,true,1,126579
7290014791336,false,מים,יושלם,,מים מי עדן 1 ליטר,ליטרים,1.00,ליטר,false,1,4.90,4.9000,true,1,104495
7290014791572,false,שוופס מוגז פירות ענב,יפאורה תבורי בעמ,IL,"שוופס מוגז פירות ענבים 330 מ""ל זכוכית",מיליליטרים,330.00,"100 מ""ל",false,1,6.90,2.0909,true,1,114483
7290014821057,false,כבל AUX - אלומניום,,,כבל AUX - אלומניום,לא מנהל יחידת מידה,0.00,לא מנהל יחידת מידה,false,1,29.90,0.0000,true,1,142611
7290014821064,false,כבל גלקסי 2 מטר,,,כבל גלקסי 2 מטר,יחידה,1.00,יחידה,false,1,29.90,29.9000,true,1,142646
7290014821095,false,מטען רכב אייפון מאוש,,,מטען רכב אייפון מאושר אפל 2.1,יחידה,1.00,יחידה,false,1,79.90,79.9000,true,1,142638
7290014821347,false,אוזניות PURE-METAL,,,אוזניות PURE-METAL,יחידה,1.00,יחידה,false,1,49.90,49.9000,true,1,142635
7290014890152,false,שמנת זיתים 225 גרם,בטר אנד דיפרנט,IL,שמנת זיתים 225 גרם משק יעקבס,גרמים,225.00,100 גרם,false,1,12.90,5.7333,true,1,117327
7290014890237,false,קממבר בקר בייבי  יעק,בטר אנד דיפרנט,IL,קממבר בקר בייבי  יעקובס 125גרם,גרמים,125.00,100 גרם,false,1,18.90,15.1200,true,1,120802
7290014890572,false,יוגורט עיזים  יעקובס,משק יעקבס,IL,"יוגורט עיזים  יעקובס 850מ""ל",מיליליטרים,850.00,"100 מ""ל",false,1,24.90,2.9294,true,1,153786
7290014890589,false,יוגורט יוני  יעקובס,משק יעקבס,IL,"יוגורט יוני  יעקובס 850מ""ל",מיליליטרים,850.00,"100 מ""ל",false,1,23.90,2.8118,true,1,153787
7290014890602,false,קממבר בקר אגוזים ביי,משק יעקבס,IL,קממבר בקר אגוזים בייבי יעקובס 125גרם,גרמים,125.00,100 גרם,false,1,19.90,15.9200,true,1,153784
7290014905498,false,מטלית דו צדדית גם וג,ג'נרל מילס סאן אדריא,TR,יעקבי מטלית דו צדדית,לא מנהל יחידת מידה,0.00,לא מנהל יחידת מידה,false,1,12.70,0.0000,true,1,106762
7290014974593,false,גביע גלידריה ללא גלו,גילרו,IL,גביע גלידריה ללא גלוטן 12 יח עלמה,יחידה,1.00,יחידה,false,1,16.50,16.5000,true,1,120616
7290014974869,false,רולים ללא גלוטן בטעם,גילרו,IL,רולים ללא גלוטן בטעם שוקו 100 גרם,גרמים,100.00,100 גרם,false,1,7.50,7.5000,true,1,120649
7290014974876,true,רולים ללא גלוטן בטעם,גילרו,IL,רולים ללא גלוטן בטעם אגוז 40,גרמים,40.00,100 גרם,false,1,7.50,18.7500,true,1,120644
7290015009003,false,חומץ בן יין לבן 500,מנדלז סי.אר. פרודקשן,ES,דניאל חומץ בן יין לבן 500 מל,מיליליטרים,500.00,"100 מ""ל",false,1,14.90,2.9800,true,1,97458
7290015009010,false,חומץ בן יין אדום 500,מנדלז סי.אר. פרודקשן,ES,חומץ בן יין אדום 5%,מיליליטרים,500.00,"100 מ""ל",false,1,14.90,2.9800,true,1,97459
7290015009027,false,"חומץ בלסמי 500 מ""ל",אקובינל,ES,חומץ בלסמי חומציות 6%,מיליליטרים,500.00,"100 מ""ל",false,1,21.90,4.3800,true,1,98320
7290015009041,false,"חומץ תפוחים 500 מ""ל",מנדלז סי.אר. פרודקשן,ES,דניאל חומץ תפוחים 500 מל,מיליליטרים,500.00,"100 מ""ל",false,1,15.90,3.1800,true,1,100392
7290015009225,false,ריבת חלב מקורית דניא,קארו,,ריבת חלב מקורית דניאל 450 גרם,גרמים,450.00,100 גרם,false,1,19.90,4.4222,true,1,114924
7290015009393,false,זיתים מגולענים קלמטה,אידיאל ס.א,GR,זיתים שחורים מגולענים  קלמטהIDEAL גרם250,גרמים,250.00,100 גרם,false,1,16.90,6.7600,true,1,142375
7290015009409,false,זיתים שחורים טאטוס ב,אדיאל ס.א,GR,זיתים שחורים טאסוס  IDEALגרם 250,גרמים,250.00,100 גרם,false,1,16.90,6.7600,true,1,142376
7290015009478,false,שעועית אדומה קונסרב,יורקום סרל,IT,שעועית אדומה קונסרב 400גרם,גרמים,400.00,100 גרם,false,1,7.90,1.9750,true,1,146963
7290015025942,false,"פנג""ל פלוס לכף הרגל",מיוצר עי קונדיטוריית,IL,פנג'ל קרם ידיים קלאסי מועשר בשמן שקדים  80 מל,מיליליטרים,100.00,"100 מ""ל",false,1,9.90,9.9000,true,1,110211
7290015027021,false,עוגות קראנץ ברליס,קונדיטורית ברלים,,עוגות קראנץ ברליס500,גרמים,500.00,100 גרם,false,1,24.90,4.9800,true,1,100684
7290015039246,true,נתחי טונה בשמן ויליפ,גולדן פרייז קאנינג א,TH,נתחי טונה בשמן ויליפוד רביעייה 640 גרם,גרמים,640.00,100 גרם,false,1,21.90,3.4219,true,1,109848
7290015039338,true,נתחי טונה ויליפוד רב,גולדן פרייז קאנינג א,TH,נתחי טונה ויליפוד רביעייה 640 גרם,גרמים,640.00,100 גרם,false,1,21.90,3.4219,true,1,111088
7290015039499,false,עוגיות איטלקיות מובח,דן קייק,IT,"עוגיות איטלקיות מובחרות 1 ק""ג",קילוגרמים,1.00,"ק""ג",false,1,14.90,14.9000,true,1,121363
7290015129121,false,סקיני פסטה נודלס270,סצ'ואן סנטאיואן,CN,סקיני פסטה- בצורת אטריות פטוצ'יני 200 גרם,גרמים,270.00,100 גרם,false,1,12.90,4.7778,true,1,99910
7290015129145,false,סקיני פסטה ספגטי270,סצ'ואן סנטאיואן,CN,סקיני פסטה- בצורת אטריות ספגטי 200 גרם,גרמים,270.00,100 גרם,false,1,12.90,4.7778,true,1,99912
7290015129312,false,תבשיל מרק בטעם עוף ס,סצ'ואן סנטאיואן,CN,תבשיל מרק בטעם עוף סקיני סופ 234גרם,גרמים,234.00,100 גרם,false,1,19.90,8.5043,true,1,151323
7290015129411,false,מאגדת סקיני צימוקים,סקיניפסטה,IL,מאגדת סקיני צימוקים וחמוציות 375גרם,גרמים,375.00,100 גרם,false,1,27.90,7.4400,true,1,150041
7290015129428,false,מאגדת סקיני אגוזי לו,סקיניפסטה,IL,מאגדת סקיני אגוזי לוז וקינמון 375גרם,גרמים,375.00,100 גרם,false,1,27.90,7.4400,true,1,150042
7290015129435,false,מאגדת סקיני שוקולד 3,סקיניפסטה,IL,מאגדת סקיני שוקולד 375גרם,גרמים,375.00,100 גרם,false,1,27.90,7.4400,true,1,150043
7290015139267,false,אגו שוקולד מריר עם ש,כרמית תעשיות ממתקים,IL,"שוקולד מריר ושקדים לל""ס 85ג*12בדיס*2בקרט",גרמים,85.00,100 גרם,false,1,6.90,8.1176,true,1,107537
7290015139526,false,ופל בציפוי שוקולד 12,כרמית,IL,ופל בציפוי שוקולד 125ג לאא גלוטן אגו,גרמים,125.00,100 גרם,false,1,11.90,9.5200,true,1,119406
7290015139571,false,וופל שוקולד ללא גלוט,כרמית תעשיות ממתקים,IL,וופל שוקולד ללא גלוטן 125 גרם,גרמים,125.00,100 גרם,false,1,11.90,9.5200,true,1,114421
7290015150088,false,מחית עגבניות בלה איט,שוורצקוף& הנקל דיסלד,IT,מחית עגבניות קלה 700 גרם,גרמים,700.00,100 גרם,false,1,11.90,1.7000,true,1,104688
7290015150118,false,עגבניות חתוכות דק בל,אמיליאנה קונסרב ס.פ.,IT,עגבניות חתוכות דק בלה איטליה *3 400 גר,קילוגרמים,1.20,"ק""ג",false,1,17.90,14.9167,true,1,104700
7290015155847,false,חטיפטף סלט פירות 120,כלורוקס אוקלנד,CZ,"פרינוק חטיפטף מחית סלט פירות 100% פרי, 120 גרם",גרמים,120.00,100 גרם,false,1,5.50,4.5833,true,1,126760
7290015161244,false,קרם קוקוס אורגני   נ,NARA COCOLAND,LK,"קרם קוקוס אורגני   נטרוזן 400 מ""ל",מיליליטרים,400.00,"100 מ""ל",false,1,9.90,2.4750,true,1,118764
7290015161329,true,תערובת להכנת לחמניות,HELSINKI MILLS,FI,תערובת להכנת לחמניות ללג על בסיס שיבולת,גרמים,500.00,100 גרם,false,1,29.90,5.9800,true,1,126642
7290015161534,false,קוואקר עבה ללא גלוטן,Dalby Molle,DK,קוואקר עבה ללא גלוטן400 גרם,גרמים,400.00,100 גרם,false,1,21.90,5.4750,true,1,118787
7290015161541,false,קוואקר דק ללא גלוטן,DALBEY MOLLE,DK,שיבולת שועל מלאה ללא גלוטן (דק) אינסטנט 400 גרם,גרמים,400.00,100 גרם,false,1,21.90,5.4750,true,1,118788
7290015161558,false,קוואקר שיבולת שועל מ,DALBY MOLLE,DK,קוואקר שיבולת שועל מלאה ללא גלוטן500גרם,גרמים,500.00,100 גרם,false,1,21.90,4.3800,true,1,118786
7290015161923,false,קרם קוקוס אורגני 400,NARA COCOLAND,LK,"קרם קוקוס אורגני 400 מ""ל 22%",גרמים,400.00,100 גרם,false,1,12.90,3.2250,true,1,144870
7290015176361,false,מברשת שיניים חשמלים,פוג'יקום,,מברשת שיניים חשמלית פוגיקום כחול,יחידה,1.00,יחידה,false,1,39.90,39.9000,true,1,114675
7290015176378,false,מברשת שיניים חשמלית,פוג'יקום,,מברשת שיניים חשמלית סגולה,יחידה,1.00,יחידה,false,1,39.90,39.9000,true,1,114672
7290015176385,false,מברשת שיניים חשמלית,פוג'יקום,,מברשת שיניים חשמלית פוגיקום,יחידה,1.00,יחידה,false,1,39.90,39.9000,true,1,114676
7290015176392,false,מברשת שיניים חשמלית,פוג'יקום,,מברשת שיניים חשמלית ילדות פוגיקום,יחידה,1.00,יחידה,false,1,39.90,39.9000,true,1,114674
7290015178174,false,ממרח פסטו בטעם פרמזן,יוניליוור גרמניה  Gm,IL,פסטו בטעם פרמזן,גרמים,180.00,100 גרם,false,1,12.90,7.1667,true,1,147889
7290015178181,false,ממרח ארטישוק ברוזמרי,יוניליוור גרמניה  Gm,IL,ממרח ארטישוק עם רוזמרין,גרמים,180.00,100 גרם,false,1,12.90,7.1667,true,1,147888
7290015193559,false,אובלטים דקיקים מלוחי,אם החיטה,,אובלטים דקיקים מלוחים 300 גרם,גרמים,300.00,100 גרם,false,1,12.90,4.3000,true,1,115164
7290015193566,false,אובלטים דקיקים שומשו,אם החיטה,,אובלטים דקיקים שומשום 300 גרם,גרמים,300.00,100 גרם,false,1,12.90,4.3000,true,1,115165
7290015193573,false,ווק אטריות אורז עובי,THAI COCONUT CO,TH,"ווק אטריות אורז עובי 2מ""מ 400גרם",גרמים,400.00,100 גרם,false,1,8.90,2.2250,true,1,141690
7290015193634,false,אובלטים קימל 300 גרם,אם החיטה,,אובלטים קימל 300 גרם,גרמים,300.00,100 גרם,false,1,12.90,4.3000,true,1,117209
7290015193665,false,קמח מצה מעדני המלך 5,אם החיטה,,קמח מצה מעדני המלך 500 גרם,גרמים,500.00,100 גרם,false,1,7.50,1.5000,true,1,117711
7290015193849,false,קרקר עם מלח ארומה 30,פפושדו,IL,קרקר עם מלח ארומה 300 גרם,גרמים,300.00,100 גרם,false,1,7.50,2.5000,true,1,125341
7290015282017,false,פרוסות טונה מעושנת 1,"סלטי שמיר 2006 בע""מ",,פרוסות טונה מעושנת 100 גרם,גרמים,100.00,100 גרם,false,1,26.90,26.9000,true,1,105971
7290015282390,false,סלט טורקי 200,"סלטי שמיר 2006 בע""מ",IL,סלט תורכי-גורמה,גרמים,200.00,100 גרם,false,1,13.90,6.9500,true,1,119355
7290015282635,false,חומוס מסבחה 200 גרם,"סלטי שמיר 2006 בע""מ",IL,חומוס מסבחה 200 גרם,גרמים,200.00,100 גרם,false,1,12.90,6.4500,true,1,119337
7290015282642,false,חומוס אבו גוש 200 גר,"סלטי שמיר 2006 בע""מ",IL,חומוס אבו גוש 200 גרם,גרמים,200.00,100 גרם,false,1,12.90,6.4500,true,1,119340
7290015282673,false,חציל במיונז ביתי 200,"סלטי שמיר 2006 בע""מ",IL,חציל במיונז ביתי 200 גרם,גרמים,200.00,100 גרם,false,1,12.90,6.4500,true,1,115960
7290015282710,false,קוביות סלק 200 גרם,"סלטי שמיר 2006 בע""מ",IL,קוביות סלק 200 גרם,גרמים,200.00,100 גרם,false,1,12.90,6.4500,true,1,119357
7290015282734,false,מטבוחה ביתית 200 גר,"סלטי שמיר 2006 בע""מ",IL,מטבוחה ביתית-גורמה,גרמים,200.00,100 גרם,false,1,13.90,6.9500,true,1,119356
7290015282741,false,חציל תאילנדי 200 גרם,"סלטי שמיר 2006 בע""מ",IL,חציל תאילנדי 200 גרם,גרמים,200.00,100 גרם,false,1,13.90,6.9500,true,1,119343
7290015289009,false,בירה הרצל שש אחוז כפ,ג'נרל מילס סאן אדריא,IL,הרצל בירה חזקה Xחוז כפרה 330 מל,גרמים,330.00,100 גרם,false,1,13.90,4.2121,true,1,132014
7290015289016,false,בירה הרצל דולצה דה ע,ג'נרל מילס סאן אדריא,IL,בירה הרצל דולצה דה עסל 330 מל,מיליליטרים,330.00,"100 מ""ל",false,1,13.90,4.2121,true,1,132015
7290015289054,false,בירה הרצל לבנה 330 מ,ג'נרל מילס סאן אדריא,IL,בירה הרצל לבנה 330 מל,מיליליטרים,330.00,"100 מ""ל",false,1,13.90,4.2121,true,1,132018
7290015324007,false,פלפל שחור גרוס,תות ממתקי איכות,IL,"תבליני טעם וריח, 100% פלפל שחור גרוס, 80 גרם",גרמים,80.00,100 גרם,false,1,9.90,12.3750,true,1,97730
7290015324014,false,פלפל שחור טחון 80 גר,תות ממתקי איכות,IL,"תבליני טעם וריח, 100% פלפל שחור טחון, 80 גרם",גרמים,80.00,100 גרם,false,1,9.90,12.3750,true,1,97731
7290015324038,false,פפריקה בשמן 80 גרם,תות ממתקי איכות,IL,פפריקה בשמן 80 גרם,גרמים,80.00,100 גרם,false,1,5.90,7.3750,true,1,97732
7290015324045,false,פפריקה חריפה 80 גרם,תות ממתקי איכות,IL,"תבליני טעם וריח, 100% פפריקה חריפה, 80 גרם",גרמים,80.00,100 גרם,false,1,5.90,7.3750,true,1,97733
7290015324052,false,פפריקה מתוקה 80 גרם,תות ממתקי איכות,IL,"תבליני טעם וריח, 100% פפריקה מתוקה, 80 גרם",גרמים,80.00,100 גרם,false,1,5.90,7.3750,true,1,97734
7290015324069,false,גריל עוף טעם וריח 80,תות ממתקי איכות,IL,"תבליני טעם וריח, תערובת תיבול גריל עוף, 80 גרם",גרמים,80.00,100 גרם,false,1,5.90,7.3750,true,1,97735
7290015324076,false,זעתר 80 גרם,תות ממתקי איכות,IL,"תבליני טעם וריח, תערובת תיבול זעתר, 80 גרם",גרמים,80.00,100 גרם,false,1,5.90,7.3750,true,1,97760
7290015324083,false,מלח לימון טעם וריח 8,תות ממתקי איכות,IL,"תבליני טעם וריח, 100% מלח לימון, 80 גרם",גרמים,80.00,100 גרם,false,1,5.90,7.3750,true,1,97736
7290015324090,false,כמון 80 גרם,תות ממתקי איכות,IL,"תבליני טעם וריח, 100% כמון מזרחי, 80 גרם",גרמים,80.00,100 גרם,false,1,5.90,7.3750,true,1,97737
7290015324106,false,כורכום 80 גרם,תות ממתקי איכות,IL,"תבליני טעם וריח, 100% כורכום, 80 גרם",גרמים,80.00,100 גרם,false,1,5.90,7.3750,true,1,97738
7290015324113,false,בהרט,תות ממתקי איכות,IL,"תבליני טעם וריח, תערובת תיבול בהרט לבישול, 80 גרם",גרמים,80.00,100 גרם,false,1,5.90,7.3750,true,1,97739
7290015324120,false,שום גבישי,תות ממתקי איכות,IL,תבליני טעם וריח שום גבישי 80 גרם,גרמים,80.00,100 גרם,false,1,5.90,7.3750,true,1,97740
7290015324151,false,חוויאג למרק 80 גרם,תות ממתקי איכות,IL,חוויאג למרק 80 גרם,גרמים,80.00,100 גרם,false,1,5.90,7.3750,true,1,97741
7290015324168,false,תערובת תיבול על האש,תות ממתקי איכות,IL,"תבליני טעם וריח, תערובת תיבול על האש, 80 גרם",גרמים,80.00,100 גרם,false,1,5.90,7.3750,true,1,97742
7290015324175,false,תבלין שווארמה,יוליניבר,IL,תבליני טעם וריח תערובת תיבול לשווארמה 80 גרם,גרמים,0.00,100 גרם,false,1,5.90,0.0000,true,1,97743
7290015324281,false,בצל מטוגן בשקית 200,תות תעשיות מזון (201,NL,תבליני טעם וריח שבבי בצל מטוגן 200 גרם,גרמים,200.00,100 גרם,false,1,11.90,5.9500,true,1,114132
7290015324427,false,סודה לשתייה שקית 80,תבליני טעם וריח,IL,סודה לשתייה שקית 80 גרם,גרמים,80.00,100 גרם,false,1,4.50,5.6250,true,1,122667
7290015324519,false,תערובת לפיצה שקית 80,יוליניבר,IL,תערובת תיבול לפיצה 80 גרם,גרמים,80.00,100 גרם,false,1,5.90,7.3750,true,1,141963
7290015324533,false,רוזמרין מיכל גדול 55,יוליניבר,IL,תבליני טעם וריח רוזמרין 55 גרם,גרמים,55.00,100 גרם,false,1,9.90,18.0000,true,1,141965
7290015324540,false,טימין  מיכל גדול 30,יוליניבר,IL,תבליני טעם וריח טימין (קורנית) 30 גרם,גרמים,30.00,100 גרם,false,1,9.90,33.0000,true,1,141967
7290015324557,false,בהרט לבישול מיכל גדו,,,בהרט לבישול מיכל גדו,גרמים,0.00,100 גרם,false,1,9.90,0.0000,true,1,141968
7290015324564,false,כוסברה טחונה מיכל גד,יוליניבר,IL,תבליני טעם וריח כוסברה טחונה 70 גרם,גרמים,70.00,100 גרם,false,1,9.90,14.1429,true,1,141966
7290015324571,false,פפריקה מתוקה בשמן בס,יוליניבר,IL,תבליני טעם וריח פפריקה מתוקה בשמן 400 גרם,גרמים,400.00,100 גרם,false,1,18.90,4.7250,true,1,143288
7290015324588,false,פלפל לבן 100 גר,תות ממתקי איכות,IL,"תבליני טעם וריח מיכל פלפל לבן טחון 100% , 100 גרם",גרמים,100.00,100 גרם,false,1,12.90,12.9000,true,1,145420
7290015324601,false,פפריקה מתוקה בשמן בס,יוליניבר,IL,תבליני טעם וריח פפריקה חריפה בשמן 400 גרם,גרמים,400.00,100 גרם,false,1,18.90,4.7250,true,1,146590
7290015324656,false,זעפרן 500 גרם,תבליני טעם וריח,ES,תבליני טעם וריח זעפרן 0.5 גרם,גרמים,500.00,100 גרם,false,1,18.90,3.7800,true,1,148616
7290015324663,false,צילי גרוס חריף אש במ,תבליני טעם וריח,IL,תבליני טעם וריח צ'ילי גרוס חריף אש 70 גרם,גרמים,70.00,100 גרם,false,1,9.90,14.1429,true,1,148069
7290015347358,false,סודה לשתיה מיה  50 ג,מיה,IL,סודה לשתיה מיה  50 גרם בקרטונית,גרמים,50.00,100 גרם,false,1,2.90,5.8000,true,1,156224
7290015347457,true,קינואה שחורה  מיה 40,מיה,IL,קינואה שחורה  מיה 400 גרם,גרמים,400.00,100 גרם,false,1,14.90,3.7250,true,1,156205
7290015347464,true,קינואה מעורבת  מיה,מיה,IL,קינואה מעורבת  מיה  400 גרם,גרמים,400.00,100 גרם,false,1,14.90,3.7250,true,1,156206
7290015350150,false,יין של סגל אדום חצי,פארייפאבה אגרואינדוס,IL,של סגל אדום חצי יבש,מיליליטרים,750.00,"100 מ""ל",false,1,21.90,2.9200,true,1,145933
7290015366663,false,משחת שיניים מנטה עדי,DE MICLEN,SK,"משחת שיניים מנטה עדין אקווה פרש 100 מ""ל",מיליליטרים,100.00,"100 מ""ל",false,1,6.90,6.9000,true,1,111387
7290015366670,false,משחת שיניים אקווה פר,DE MICLEN,SK,אקווה פרש משחת שיניים מנטה מרענן  100 מל,מיליליטרים,100.00,"100 מ""ל",false,1,6.90,6.9000,true,1,111386
7290015395939,false,חטיף יפני  150גרם,דין שיווק,IL,חטיף יפני  150גרם,גרמים,150.00,100 גרם,false,1,14.90,9.9333,true,1,151958
7290015395960,false,בוטן רביולי 150גרם,דין שיווק,IL,בוטן רביולי 150גרם,גרמים,150.00,100 גרם,false,1,14.90,9.9333,true,1,151957
7290015437585,true,מוזלי קראנצי צימוק ו,,,מוזלי קראנצי צימוק ו,לא מנהל יחידת מידה,0.00,לא מנהל יחידת מידה,false,1,14.90,0.0000,true,1,127031
7290015446488,false,אול אין חטיף חלבון ו,,,אול אין חטיף חלבון וסיבים חמאת בוטנים,גרמים,60.00,100 גרם,false,1,13.90,23.1667,true,1,124222
7290015446495,false,אול אין חטיף חלבון ב,,,אול אין חטיף חלבון בטעם שוקולד פאדג100גר,גרמים,100.00,100 גרם,false,1,19.90,19.9000,true,1,124221
7290015446525,false,חטיף אול אין חלבון ק,,,חטיף אול אין חלבון קרמל מלוח100 גרם,גרמים,100.00,100 גרם,false,1,19.90,19.9000,true,1,124225
7290015446891,false,אול אין קוקי קראנץ 1,הרת'סייד פוד סולושיי,US,אול אין קוקי קראנץ 100 גרם,גרמים,100.00,100 גרם,false,1,18.90,18.9000,true,1,144299
7290015446914,false,חטיף חלבון בטעם שוקו,הרת'סייד פוד סולושיי,NL,חטיף חלבון בטעם שוקולד ציפ  100 גרם,גרמים,100.00,100 גרם,false,1,19.90,19.9000,true,1,153309
7290015446921,false,חטיף חלבון בטעם קרמל,,,חטיף חלבון בטעם קרמל מלוח- 60 גרם,גרמים,60.00,100 גרם,false,1,13.90,23.1667,true,1,153305
7290015470094,true,שוקולד מריר תפוז לס,האי נאם סי או אל.טי.,TR,שוקולד מריר תפוז לס,Unknown,0.00,Unknown,false,1,11.90,0.0000,true,1,132067
7290015470391,false,פנגל קרם ידיים מועשר,TLV צ'יף,IL,קרם ידיים מטפח מועשר בשמן זית.,Unknown,0.00,Unknown,false,1,11.90,0.0000,true,1,109415
7290015519144,false,מטען קיר לגלקסי פרימ,,,מטען קיר לגלקסי פרימיום 2A,יחידה,1.00,יחידה,false,1,49.90,49.9000,true,1,142630
7290015597210,false,מאגדת טילון קורנטו 3,"גלידת שטראוס בע""מ, ר",IL,מאגדת טילון קורנטו 378 גרם,גרמים,378.00,100 גרם,false,1,34.90,9.2328,true,1,118605
7290015597326,false,מאגדת קרחוני שרבט אי,,IL,מאגדת קרחוני שרבט אייס לייט בטעמים 710 ג,גרמים,710.00,100 גרם,false,1,26.90,3.7887,true,1,110261
7290015597937,false,קורנטו קלאסיק,שטראוס גלידות,,קורנטו קלאסיק,גרמים,70.00,100 גרם,false,1,9.90,14.1429,true,1,118602
7290015599023,false,צהובה טבעונית בטעם ק,אריויה ס.א.,GR,צהובה טבעונית בטעם קלאסי 200 גרם,גרמים,200.00,100 גרם,false,1,23.90,11.9500,true,1,112954
7290015599061,false,צהובה טבעונית בטעם מ,אריויה ס.א.,GR,צהובה טבעונית בטעם מוצרלה 200 גרם ווגה,גרמים,200.00,100 גרם,false,1,23.90,11.9500,true,1,112658
7290015599191,false,ממרח שמנת טבעונית בס,ביוט איילנד פודס,,ממרח שמנת טבעונית בסגנון קלאסי 170 גרם,גרמים,170.00,100 גרם,false,1,19.90,11.7059,true,1,113873
7290015599306,false,ממרח שמנת טבעונית עם,ביוט איילנד פודס,,ממרח שמנת טבעונית עם עירית  170גרם,גרמים,170.00,100 גרם,false,1,19.90,11.7059,true,1,113968
7290015599504,false,וגה ממרח בטעם חמאה א,גוד פוד פרודקטס S.p,DK,וגה ממרח בטעם חמאה אורגני 225 גרם,גרמים,225.00,100 גרם,false,1,19.90,8.8444,true,1,124302
7290015652070,false,קשיו קלוי 150 גרם,דין שיווק,IL,קשיו קלוי 150 גרם,גרמים,150.00,100 גרם,false,1,13.90,9.2667,true,1,151926
7290015652087,false,תערובת פיצוחים 150 ג,דין שיווק,IL,תערובת פיצוחים 150 גרם,גרמים,150.00,100 גרם,false,1,14.90,9.9333,true,1,151927
7290015670029,false,טבעוניות פירות יבשים,מרסי,IL,טבעוניות פירות יבשים - ללא קמח250,גרמים,250.00,100 גרם,false,1,32.90,13.1600,true,1,121397
7290015670036,false,טבעוני קראנץ  - ללא,מרסי,IL,טבעוני קראנץ  - ללא קמח 250,גרמים,250.00,100 גרם,false,1,32.90,13.1600,true,1,127353
7290015670043,false,עוגיות מטבעות תמר אג,מרסי,IL,עוגיות מטבעות תמרים ואגוזים 230 גרם,גרמים,230.00,100 גרם,false,1,32.90,14.3043,true,1,137922
7290015670050,false,טבעוני - גינגר שוקול,מרסי,IL,טבעוני - גינגר שוקולד 250,גרמים,250.00,100 גרם,false,1,32.90,13.1600,true,1,121396
7290015670128,false,קשיו ושומשום מלא - ל,מרסי,IL,קשיו ושומשום מלא - ללא סוכר/קמח225,גרמים,225.00,100 גרם,false,1,32.90,14.6222,true,1,121393
7290015670203,false,מטבעות פיצוחים - ללא,מרסי,IL,מטבעות פיצוחים - ללא קמח225,גרמים,225.00,100 גרם,false,1,32.90,14.6222,true,1,132102
7290015670210,true,עוגיות חמניה ושקדים,מרסי,IL,עוגיות חמניה ושקדים - ללא קמח225,גרמים,225.00,100 גרם,false,1,32.90,14.6222,true,1,121401
7290015670227,false,מטבעות ופירות יער -,מרסי,IL,מטבעות ופירות יער - ללא קמח225,גרמים,225.00,100 גרם,false,1,32.90,14.6222,true,1,121402
7290015670234,false,מטבעות שומשום דלעת -,מרסי,IL,מטבעות שומשום דלעת - ללא קמח225,גרמים,225.00,100 גרם,false,1,32.90,14.6222,true,1,121403
7290015670258,true,שקד פרוס ותפוז מסוכר,מרסי,IL,שקד פרוס ותפוז מסוכר - ללא קמח210,גרמים,210.00,100 גרם,false,1,32.90,15.6667,true,1,127354
7290015670425,false,פרחי ריבה 240,מרסי,IL,פרחי ריבה 240,גרמים,240.00,100 גרם,false,1,26.90,11.2083,true,1,141262
7290015670456,false,רולדה תמרים ואגוזים,מרסי,IL,רולדה תמרים ואגוזים 240,גרמים,240.00,100 גרם,false,1,26.90,11.2083,true,1,140096
7290015670463,false,שוקולד ציפס 240,מרסי,IL,שוקולד ציפס 240,גרמים,240.00,100 גרם,false,1,26.90,11.2083,true,1,141276
7290015670555,false,שקד חמאה - ללא סוכר,מרסי,IL,שקד חמאה - ללא סוכר 240,גרמים,240.00,100 גרם,false,1,26.90,11.2083,true,1,141275
7290015670616,false,עוגיות ביסקוטים פירו,מרסי,IL,עוגיות ביסקוטים פירות יבשים 240 גרם,גרמים,240.00,100 גרם,false,1,27.90,11.6250,true,1,137924
7290015670623,false,ביסקוטי פירות יבשים,מרסי,IL,ביסקוטי פירות יבשים - קמח מלא 300,גרמים,300.00,100 גרם,false,1,26.90,8.9667,true,1,132104
7290015670647,false,עוגיות מרוקאיות 280,מרסי,IL,עוגיות מרוקאיות   280 גרם,גרמים,280.00,100 גרם,false,1,27.90,9.9643,true,1,141279
7290015670654,false,שוקולדים 240,מרסי,IL,שוקולדים 240,גרמים,240.00,100 גרם,false,1,26.90,11.2083,true,1,141274
7290015670708,false,כעכי שומשום 300,מרסי,IL,כעכי שומשום 300,גרמים,300.00,100 גרם,false,1,26.90,8.9667,true,1,132105
7290015670715,false,כעכי קצח שומשום 300,מרסי,IL,כעכי קצח שומשום 300,גרמים,300.00,100 גרם,false,1,26.90,8.9667,true,1,136831
7290015670807,false,עוגת שוקולד-בלגי 600,מרסי,IL,עוגת שוקולד-בלגי 600 גרם,גרמים,600.00,100 גרם,false,1,31.90,5.3167,true,1,141265
7290015670814,false,עוגת שוקולד בניחוח-ת,מרסי,IL,עוגת שוקולד בניחוח-תפוז 600 גרם,גרמים,600.00,100 גרם,false,1,31.90,5.3167,true,1,141266
7290015670821,false,עוגת שיש 600 גרם,מרסי,IL,עוגת שיש 600 גרם,גרמים,600.00,100 גרם,false,1,31.90,5.3167,true,1,141264
7290015670838,false,עוגת תפוזים 600 גרם,מרסי,IL,עוגת תפוזים 600 גרם,גרמים,600.00,100 גרם,false,1,31.90,5.3167,true,1,141282
7290015670845,false,עוגת סולת-תפוז 600 ג,מרסי,IL,עוגת סולת-תפוז 600 גרם,גרמים,600.00,100 גרם,false,1,31.90,5.3167,true,1,141281
7290015670852,false,עוגת תפוחים-אגוזים 6,מרסי,IL,עוגת תפוחים-אגוזים 600 גרם,גרמים,600.00,100 גרם,false,1,31.90,5.3167,true,1,141283
7290015670869,false,עוגת מייפל-אגוזים 60,מרסי,IL,עוגת מייפל-אגוזים 600 גרם,גרמים,600.00,100 גרם,false,1,31.90,5.3167,true,1,141280
7290015670876,false,עוגת בננות-אגוזים 60,מרסי,IL,עוגת בננות-אגוזים 600 גרם,גרמים,600.00,100 גרם,false,1,31.90,5.3167,true,1,141267
7290015670883,false,עוגת גזר-אגוזים 600,מרסי,IL,עוגת גזר-אגוזים 600 גרם,גרמים,600.00,100 גרם,false,1,31.90,5.3167,true,1,141268
7290015670890,false,עוגת לימונים 600 גרם,מרסי,IL,עוגת לימונים 600 גרם,גרמים,600.00,100 גרם,false,1,31.90,5.3167,true,1,141269
7290015670906,false,עוגת וניל ברוטב פירו,מרסי,IL,עוגת וניל ברוטב פירות יער 600 גרם,גרמים,600.00,100 גרם,false,1,31.90,5.3167,true,1,141270
7290015670968,false,עוגת דבש טבעי  600 ג,מרסי,IL,עוגת דבש טבעי  600 גרם,גרמים,600.00,100 גרם,false,1,31.90,5.3167,true,1,146607
7290015726085,false,לחם שאור שיפון,גדרון,,לחם שאור שיפון,יחידה,1.00,יחידה,false,1,19.90,19.9000,true,1,112462
7290015726108,false,לחם שאור תמרים,גדרון,,לחם שאור תמרים,גרמים,500.00,100 גרם,false,1,19.90,3.9800,true,1,112460
7290015726115,false,לחם שאור חיטה מלאה,גדרון,,לחם שאור חיטה מלאה,גרמים,500.00,100 גרם,false,1,19.90,3.9800,true,1,112461
7290015726504,false,עוגת פס מוס ריבת חלב,גדרון,IL,עוגת פס מוס ריבת חלב חלבי,יחידה,1.00,יחידה,false,1,59.90,59.9000,true,1,112609
7290015781008,false,יין ויזאן מרלו,יקב טפרברג 1870,,יין ויזאן מרלו,מיליליטרים,750.00,"100 מ""ל",false,1,39.90,5.3200,true,1,107510
7290015781046,false,יין ויזאן לבן חצי יב,יקב טפרברג,,יין ויזאן לבן חצי יבש,מיליליטרים,75000.00,"100 מ""ל",false,1,39.90,0.0532,true,1,108938
7290015781053,false,יין טפרברג וייזן לבן,יקב טפרברג,,"VISION לבן יבש 750 מ""ל",מיליליטרים,750.00,"100 מ""ל",false,1,39.90,5.3200,true,1,127164
7290015781091,false,קברנה סובניון,יקב טפרברג 1870,,קברנה סובניון,מיליליטרים,750.00,"100 מ""ל",false,1,39.90,5.3200,true,1,107174
7290015781107,false,IMPRESSION סאנגובזה,יקב טפרברג 1870,,"IMPRESSION סאנגובזה 750 מ""ל",מיליליטרים,750.00,"100 מ""ל",false,1,49.90,6.6533,true,1,108942
7290015781114,false,יין מרלו אימפרשן יקב,יקב טפרברג 1870,,"יין מרלו אימפרשן יקב טפרברג 750 מ""ל",מיליליטרים,750.00,"100 מ""ל",false,1,49.90,6.6533,true,1,108944
7290015781121,false,יין ק.סובניון אימפרש,יקב טפרברג,,"יין ק.סובניון אימפרשן יקב טפרברג 750 מ""ל",מיליליטרים,750.00,"100 מ""ל",false,1,49.90,6.6533,true,1,108939
7290015781138,false,יין שרדונה אימפריישן,יקב טפרברג 1870,,"IMPRESSION שרדונה  750 מ""ל.",מיליליטרים,750.00,"100 מ""ל",false,1,49.90,6.6533,true,1,107169
7290015781145,false,IMPRESSION  ריזלינג-,יקב טפרברג,,IMPRESSION  ריזלינג- יין לבן בציר מאוחר,מיליליטרים,750.00,"100 מ""ל",false,1,49.90,6.6533,true,1,121688
7290015781152,false,יין רוזה אימפרשן יקב,יקב טפרברג,,"יין רוזה אימפרשן יקב טפרברג 750 מ""ל",מיליליטרים,750.00,"100 מ""ל",false,1,49.90,6.6533,true,1,117308
7290015781169,false,אימפרשיין קברנה סובנ,יקב טפרברג 1870,,אימפרשיין קברנה סובניון,מיליליטרים,750.00,"100 מ""ל",false,1,49.90,6.6533,true,1,107171
7290015781220,false,INSPIRE DESTITAGE  ו,יקב טפרברג 1870,,INSPIRE DESTITAGE  ויונייה סוביניון בלא,מיליליטרים,750.00,"100 מ""ל",false,1,79.90,10.6533,true,1,118997
7290015781268,false,יין מוסקטו אדום יקב,יקב טפרברג,,"מוסקטו אדום 750 מ""ל טפרברג",מיליליטרים,750.00,"100 מ""ל",false,1,39.90,5.3200,true,1,116741
7290015781275,false,יין מוסקטו לבן יקב ט,יקב טפרברג,,"יין מוסקטו לבן יקב טפרברג 750 מ""ל",מיליליטרים,750.00,"100 מ""ל",false,1,39.90,5.3200,true,1,108937
7290015781282,false,גוורצטרימינר אימפריי,יקב טפרברג 1870,,"IMPRESSION גוורצטרמינר 750 מ""ל",מיליליטרים,750.00,"100 מ""ל",false,1,49.90,6.6533,true,1,107170
7290015781299,false,יין שיראז אדום טפמבר,יקב טפרברג 1870,,יין שיראז אדום טפמברג,מיליליטרים,750.00,"100 מ""ל",false,1,39.90,5.3200,true,1,119012
7290015781305,false,יין IMPRESSUON סירה,יקב טפרברג 1870,,"IMPRESSION סירה 750 מ""ל",מיליליטרים,750.00,"100 מ""ל",false,1,49.90,6.6533,true,1,119005
7290015781657,false,למברוסקו אלגרו אדום,דונאלי ויני,IT,אלגרו למברוסקו אדום 750,מיליליטרים,750.00,"100 מ""ל",false,1,29.90,3.9867,true,1,125677
7290015781664,false,למברוסקו אלגרו לבן,דונאלי ויני,IT,אלגרו למברוסקו לבן 750,מיליליטרים,750.00,"100 מ""ל",false,1,29.90,3.9867,true,1,125678
7290015790017,false,פלחי פומלה קלופים,חקלאי,IL,פלחי פומלה קלופים 250 גרם,גרמים,250.00,100 גרם,false,1,24.90,9.9600,true,1,127325
7290015839013,false,פרסבורג גבינה נתי קפ,נתי שטרודל וינאי בעמ,IL,שטרודל גבינה במארז500,גרמים,500.00,100 גרם,false,1,26.90,5.3800,true,1,127371
7290015839082,false,שטרודל גבינה אוכמניו,נתי שטרודל וינאי בעמ,IL,שטרודל גבינה אוכמניות במארז 500 גר,גרמים,500.00,100 גרם,false,1,26.90,5.3800,true,1,148935
7290015858113,false,ממרח עגבניות מיובשות,רוג'ר אנד רוג'ר,IL,"עללחם ממרח עגבניות מיובשות, 180 גרם",גרמים,180.00,100 גרם,false,1,19.90,11.0556,true,1,117762
7290015858243,false,ממרח צימיצורי 180 גר,זאביק יצור ושיווק מז,,ממרח צימיצורי 180 גרם,גרמים,180.00,100 גרם,false,1,19.90,11.0556,true,1,117582
7290015859028,false,תרד בקופסא,חקלאי,IL,תרד בקופסא,יחידה,1.00,יחידה,false,1,11.90,11.9000,true,1,108835
7290015859042,false,לבבות קיסר,חקלאי,IL,לבבות קיסר,יחידה,1.00,יחידה,false,1,12.90,12.9000,true,1,108885
7290015859073,false,רוזמרין בכור,חקלאי,IL,רוזמרין בכור,יחידה,1.00,יחידה,false,1,6.90,6.9000,true,1,123955
7290015859080,false,קורנית ירקות,חקלאי,IL,קורנית ירקות,יחידה,1.00,יחידה,false,1,5.90,5.9000,true,1,109257
7290015859202,false,בזיליקום,עטרה,,בזיליקום,יחידה,1.00,יחידה,false,1,5.90,5.9000,true,1,109256
7290015859356,false,פטריות שמפניון,חקלאי,IL,פטריות שמפניון,יחידה,1.00,יחידה,false,1,10.90,10.9000,true,1,146421
7290015859479,false,נבטים סינים,חקלאי,IL,נבטים סינים,יחידה,1.00,יחידה,false,1,7.90,7.9000,true,1,150618
7290015859486,false,נבטוטים,חקלאי,IL,נבטוטים,יחידה,1.00,יחידה,false,1,6.00,6.0000,true,1,150168
7290015859493,true,חסה באטר קראנץ,,,חסה באטר קראנץ,,0.00,,false,,12.90,0.0000,true,1,155295
7290015859509,false,חסה סלנובלה,חקלאי,IL,חסה סלנובלה,יחידה,1.00,יחידה,false,1,14.90,14.9000,true,1,122295
7290015865692,false,תענוג פרי תות שדה ע,ענבי ציון,IL,תענוג פרי תות שדה ענבי ציון  400 גרם,גרמים,400.00,100 גרם,false,1,17.90,4.4750,true,1,156637
7290015865708,false,תענוג פרי אוכמניות,ענבי ציון,IL,תענוג פרי אוכמניות ענבי ציון  400 גרם,גרמים,400.00,100 גרם,false,1,17.90,4.4750,true,1,156638
7290015865715,false,תענוג פרי פירות יער,ענבי ציון,IL,תענוג פרי פירות יער ענבי ציון  400 גרם,גרמים,400.00,100 גרם,false,1,17.90,4.4750,true,1,156639
7290015865722,false,קונפיטורה לייט תות,ענבי ציון,IL,קונפיטורה לייט תות שדה ענבי ציון   400,גרמים,400.00,100 גרם,false,1,17.90,4.4750,true,1,156640
7290015951227,false,יין גמלא סירה 750 מל,יקבי רמת הגולן,IL,יין גמלא סירה 750 מל,מיליליטרים,750.00,"100 מ""ל",false,1,64.90,8.6533,true,1,147638
7290015951869,false,יין הר חרמון רוזה 75,קרלו,IL,הר חרמון רוזה,מיליליטרים,750.00,"100 מ""ל",false,1,33.90,4.5200,true,1,121542
7290015968461,false,כוסות פלסטיק משובחות,F.T.I,,"כוסות פלסטיק משובחות 330 מ""ל 40 יחי",לא מנהל יחידת מידה,0.00,לא מנהל יחידת מידה,false,1,9.90,0.0000,true,1,122505
7290015968508,false,"כוסות 180 מ""ל פלסטיק",,TR,"כוסות 180 מ""ל פלסטיק לשתיה קרה",יחידה,1.00,יחידה,false,1,8.90,8.9000,true,1,144242
7290015968713,false,צלחת קריסטל מעוטרת ב,J.E&W.Inc,,צלחת קריסטל מעוטרת בינונית 10 יח,לא מנהל יחידת מידה,0.00,לא מנהל יחידת מידה,false,1,14.90,0.0000,true,1,116461
7290015968782,true,מארז פדים להסרת איפו,הדקלאים אגודת שיתופי,CN,מארז שלישיה פדים להסרת איפור 3*80,Unknown,0.00,Unknown,false,1,16.90,0.0000,true,1,132187
7290016006025,false,סודה שוופס בקבוק 500,יפאורה תבורי בעמ,IL,שוופס מי סודה 0.5 ליטר,מיליליטרים,500.00,"100 מ""ל",false,1,3.90,0.7800,true,1,122465
7290016006322,false,מי עדן בקבוק 1 ליטר,מופק ממקור בזלתי עדן,IL,מי עדן בקבוק 1 ליטר,ליטרים,1.00,ליטר,false,1,5.90,5.9000,true,1,114583
7290016077759,true,רוטב ברביקיו קלאסי,,NL,היינץ רוטב ברביקיו קלאסי 480 גרם,יחידה,1.00,יחידה,false,1,17.90,17.9000,true,1,141760
7290016077766,false,שעועית לבנה אפויה בר,הייבורי קנקו,CA,היינץ שעועית אפויה 453 גרם,גרמים,410.00,100 גרם,false,1,10.90,2.6585,true,1,122388
7290016080551,true,מתבל עגבניות אורגני,היינץ צפון אמריקה מק,NL,היינץ מתבל עגבניות אורגני 580 גרם,Unknown,0.00,Unknown,false,1,17.90,0.0000,true,1,132226
7290016081619,false,RETRACTABLE - שלט BT,,,RETRACTABLE - שלט BT עם אוזניה - צבע שחו,יחידה,1.00,יחידה,false,1,109.00,109.0000,true,1,142621
7290016081626,false,RETRACTABLE - שלט BT,,,RETRACTABLE - שלט BT עם אוזניה -  צבע לב,יחידה,1.00,יחידה,false,1,109.00,109.0000,true,1,142620
7290016087147,true,פריניר מרגריטה 240 ג,פריניר ( הדס 1987) ב,IL,פריניר רוטב פיצה מרגריטה 240 ג,Unknown,0.00,Unknown,false,1,5.90,0.0000,true,1,122276
7290016087222,false,רוטב עגבניות מרוכז ל,פריניר ( הדס 1987) ב,IL,פריניר רוטב עגבניות מרוכז לשקשוקה 230 גרם,גרמים,230.00,100 גרם,false,1,5.90,2.5652,true,1,118627
7290016094817,false,אולטרסול ספריי שמן ג,הדקלאים אגודת שיתופי,IL,"ספריי שמן, שמן גזר",מיליליטרים,200.00,"100 מ""ל",false,1,39.90,19.9500,true,1,124335
7290016102437,false,מזלג הגשה חד פעמי יח,,CN,מזלג הגשה חד פעמי יחידה,Unknown,0.00,Unknown,false,1,2.90,0.0000,true,1,146866
7290016144000,false,קמח חיטה 80 נפלאות 1,קמח מלכים,IL,"קמח חיטה 80 נפלאות 1 ק""ג",קילוגרמים,1.00,"ק""ג",false,1,8.90,8.9000,true,1,152833
7290016144017,false,קמח חיטה 100 נפלאות,קמח מלכים,IL,"קמח חיטה 100 נפלאות 1 ק""ג",קילוגרמים,1.00,"ק""ג",false,1,8.90,8.9000,true,1,152834
7290016144024,false,קמח נפלאות כוסמין 10,,,"קמח נפלאות כוסמין 100%  1 ק""ג",קילוגרמים,1.00,"ק""ג",false,1,14.90,14.9000,true,1,150223
7290016144031,false,קמח נפלאות חיטה לבן,,,"קמח נפלאות חיטה לבן 1 ק""ג",קילוגרמים,1.00,"ק""ג",false,1,6.90,6.9000,true,1,150222
7290016144048,false,קמח נפלאות כוסמין לב,,,"קמח נפלאות כוסמין לבן  1 ק""ג",קילוגרמים,1.00,"ק""ג",false,1,16.90,16.9000,true,1,150224
7290016188592,false,למברוסקו גקובזי אדום,"כד בני דרום בע""מ",IT,למברוסקו גקובזי אדום,יחידה,1.00,יחידה,false,1,36.90,36.9000,true,1,110355
7290016217742,false,חציל אש +טחינה 200,"סלטי שמיר 2006 בע""מ",IL,חציל אש +טחינה 200,גרמים,200.00,100 גרם,false,1,12.90,6.4500,true,1,119353
7290016217988,false,גרבדלקס סלמון 100 גר,"סלטי שמיר 2006 בע""מ",,גרבדלקס סלמון 100 גרם,גרמים,100.00,100 גרם,false,1,26.90,26.9000,true,1,121751
7290016230888,false,סוללה 3V 5 יחידות,,,סוללה 3V 5 יחידות,יחידה,1.00,יחידה,false,1,19.90,19.9000,true,1,119931
7290016233384,true,גפילטע פיש 7 קציצות,,,גפילטע פיש 7 קציצות,לא מנהל יחידת מידה,0.00,לא מנהל יחידת מידה,false,1,14.90,0.0000,true,1,123685
7290016245608,false,"לחם משפחתי שחור1.2ק""",,,"לחם משפחתי שחור 1.2 ק""ג",קילוגרמים,1.20,"ק""ג",false,1,20.90,17.4167,true,1,142472
7290016245615,false,לחם שיפון 100% עם אג,מאפיית טעמי הכפר 201,,לחם שיפון 100% עם אגוזים מצופה גרעינים,גרמים,900.00,100 גרם,false,1,19.90,2.2111,true,1,96311
7290016245653,false,לחם שיפון מלא חצי קס,מאפיית טעמי הכפר 201,,לחם שיפון מלא חצי קסטן,גרמים,600.00,100 גרם,false,1,17.90,2.9833,true,1,97674
7290016245769,true,לחם כוסמין מחמצת בתו,,,לחם כוסמין מחמצת בתוספת פשתן,לא מנהל יחידת מידה,0.00,לא מנהל יחידת מידה,false,1,17.90,0.0000,true,1,121749
7290016245806,false,לחמניות המבורגר 4 יח,,,מארז לחמניות המבורגר,יחידה,1.00,יחידה,false,1,15.90,15.9000,true,1,142474
7290016246445,true,טחינה גולמית מעודנ,רושדי תעשיות מזון בע,IL,בארכה טחנ.גולמית מעודנת שמשם.מלא12*310ג,גרמים,310.00,100 גרם,false,1,13.90,4.4839,true,1,122593
7290016246452,true,טחינה .גולמית מעוד,רושדי תעשיות מזון בע,IL,בארכה טחנ.גולמית מעודנת לימון שום12*310ג,גרמים,310.00,100 גרם,false,1,13.90,4.4839,true,1,122594
7290016246773,false,בארכה טחינה גולמית מ,רושדי תעשיות מזון בע,IL,בארכה טחינה גולמית מעודנת זעתר310גרם,גרמים,310.00,100 גרם,false,1,13.90,4.4839,true,1,147866
7290016277647,false,בננה מסוכרת 250 גרם,דין שיווק,IL,בננה מסוכרת 250 גרם,גרמים,250.00,100 גרם,false,1,9.90,3.9600,true,1,152582
7290016277654,false,פיסטוק קלוף טבעי 150,דין שיווק,IL,פיסטוק קלוף טבעי 150 גרם,גרמים,150.00,100 גרם,false,1,39.80,26.5333,true,1,152581
7290016319118,false,מגע הדבש שעווה מתקלפ,VIOXOX,ES,מגע הדבש שעווה מתקלפת לפנים 100גרם,גרמים,100.00,100 גרם,false,1,27.90,27.9000,true,1,149423
7290016319309,false,פמילי אלסבון נוזלי מ,הנסיך- מפעל לייצור ט,TR,אל סבון מאסק קלאסי,ליטרים,1.00,ליטר,false,1,14.90,14.9000,true,1,113539
7290016321531,false,רצועות שעווה מוכנות,שוורצקוף& הנקל דיסלד,ES,מגע הדבש רצועות שעווה 12+3 אלוורה,יחידה,1.00,יחידה,false,1,26.90,26.9000,true,1,145625
7290016321548,false,רצועות שעווה מוכנות,VIOKOX,ES,מגע הדבש רצועות שעווה 12+3 קמומיל,יחידה,1.00,יחידה,false,1,26.90,26.9000,true,1,145627
7290016321555,false,רצועות שעווה מוכנות,VIOKOX,ES,מגע הדבש רצועות שעווה 16+4 ביקיני ובית שחי,יחידה,1.00,יחידה,false,1,26.90,26.9000,true,1,145626
7290016321661,false,פרש וואנס מגבונים סנ,המאפיה של הרמן,IL,פרש וואנס רביעייה סנסטיב SENSITIVE קייר,לא מנהל יחידת מידה,0.00,לא מנהל יחידת מידה,false,4,18.90,0.0000,true,1,125626
7290016321678,false,מגבונים פרש וואנס רב,המאפיה של הרמן,IL,פרש וואנס רביעייה נטורל NATURAL קייר,לא מנהל יחידת מידה,0.00,לא מנהל יחידת מידה,false,4,18.90,0.0000,true,1,125625
7290016321777,false,רצועות שעווה מוכנות,שוורצקוף& הנקל דיסלד,ES,מגע הדבש רצועות שעווה לפנים 20+5,יחידה,1.00,יחידה,false,1,26.90,26.9000,true,1,145628
7290016321883,false,פרשואנס נייר טואלט מ,המאפיה של הרמן,IL,פרשוואנס נייר טואלט מתכלה לילדים -מארז שלישייה,יחידה,1.00,יחידה,false,1,15.90,15.9000,true,1,126306
7290016321890,false,פרשואנס נייר טואלט מ,המאפיה של הרמן,IL,פרשוואנס נייר טואלט מתכלה לילדים -מארז שלישייה,יחידה,1.00,יחידה,false,1,15.90,15.9000,true,1,126305
7290016372342,true,עגבניות קוביות שלישי,שוורצקוף& הנקל דיסלד,IT,בלה איטליה עגבניות חתוכות לקוביות במיץ 1.2 קג,Unknown,0.00,Unknown,false,1,16.90,0.0000,true,1,124395
7290016372373,true,רסק עגבניות בלה איטל,שוורצקוף& הנקל דיסלד,IT,בלה איטליה רסק עגבניות 280 גרם,גרמים,280.00,100 גרם,false,1,7.90,2.8214,true,1,122651
7290016372397,false,תה ירוק תפוז גינגר ו,HIQ FOOD PRODUCTS,IL,תה ירוק תפוז גינגר וכורכום 25 שקיקים,גרמים,48.00,100 גרם,false,1,25.90,53.9583,true,1,116912
7290016408294,false,מרשמלו ורוד לבן 150,"כרמית מזון בע""מ",IL,"מרשמלו ורוד לבן וסטהיים 150 ג', 26 בקרטון",גרמים,150.00,100 גרם,false,1,5.90,3.9333,true,1,113441
7290016408416,false,חטיף קרקר עם צילי 13,תות תעשיות מזון (201,LT,חטיף קרקר עם צילי 130 גרם,גרמים,130.00,100 גרם,false,1,6.90,5.3077,true,1,113594
7290016408423,false,חטיף קרקר עם זיתים ש,APULIA FOOD SRL,LT,קרקר דגנים עם זיתים שחורים ושום,גרמים,130.00,100 גרם,false,1,6.90,5.3077,true,1,113592
7290016408430,false,חטיף קרקר עם תערובת,דנוויטה ג'יי. אס. סי,LT,קרקר דגנים עם קמח שיפון מלא ותערובת תבינים 130 גרם,גרמים,130.00,100 גרם,false,1,6.90,5.3077,true,1,113597
7290016408447,false,קרקר דגנים עם עגבניו,דנוויטה ג'יי. אס. סי,LT,קרקר דגנים עם עגבניות,לא מנהל יחידת מידה,0.00,לא מנהל יחידת מידה,false,1,6.90,0.0000,true,1,113593
7290016408980,false,מטבעות שוקולד חלב 36,כרמית,IL,מטבעות שוקולד חלב 36 גרם,גרמים,36.00,100 גרם,false,1,3.90,10.8333,true,1,117173
7290016437645,false,מיכנסוני האגיס 5,קימברלי,CZ,האגיס פרידום דריי פנטס מידה 5,לא מנהל יחידת מידה,0.00,לא מנהל יחידת מידה,false,1,44.90,0.0000,true,1,119692
7290016437652,false,האגיס פרידום דריי פנ,קימברלי,CZ,האגיס פרידום דריי פנטס מידה 6,לא מנהל יחידת מידה,0.00,לא מנהל יחידת מידה,false,1,44.90,0.0000,true,1,119694
7290016497243,false,בייגל בסגנון רומני ק,גדרון,IL,בייגל בסגנון רומני קפוא,לא מנהל יחידת מידה,0.00,לא מנהל יחידת מידה,false,1,5.90,0.0000,true,1,112572
7290016497526,false,באגט אותנטי  לבן  גי,גדרון,IL,באגט אותנטי  לבן  גידרון  חצי אפוי,לא מנהל יחידת מידה,0.00,לא מנהל יחידת מידה,false,1,9.90,0.0000,true,1,115226
7290016509809,true,פרסיל גל קולור 2.5 ל,"הנקל סוד בע""מ",IL,ג'ל מרוכז לכביסה במכונה - צבעונית,ליטרים,2.50,ליטר,false,1,34.90,13.9600,true,1,121609
7290016564006,true,מבריקל הפלא 3 יח,מבריקל,CN,מבריקל הפלא 3 יח,יחידה,3.00,יחידה,false,1,9.90,3.3000,true,1,156692
7290016564266,false,כיסוי הפלא 30 יח,מבריקל,CN,כיסוי הפלא 30 יח,יחידה,30.00,יחידה,false,1,9.90,0.3300,true,1,156696
7290016567007,false,אסאי ריבאר      100ג,בלהאיסה,BR,מחית אסאי ריבר 100גרם,גרמים,100.00,100 גרם,false,1,10.90,10.9000,true,1,118784
7290016584011,false,חטיפוני גזר 350 גרם,חקלאי,IL,חטיפוני גזר 350 גרם,גרמים,350.00,100 גרם,false,1,14.90,4.2571,true,1,121667
7290016607772,false,יין רוזה גליל דלתון,"איי, בי, אינבוו",IL,דלתון יין גליל רוזה יבש 2020 12.5% כהל 750 מל,מיליליטרים,750.00,"100 מ""ל",false,1,64.90,8.6533,true,1,146661
7290016682038,false,מיץ תפוזים פריניב 40,פריניב,IL,"מיץ תפוזים פריניב 400 מ""ל",מיליליטרים,400.00,"100 מ""ל",false,1,8.50,2.1250,true,1,115021
7290016682199,false,שייק תות בננה מופחת,הנסיך- מפעל לייצור ט,IL,שייק תות בננה מופחת סוכר 1 ליטר,ליטרים,1.00,ליטר,false,1,17.50,17.5000,true,1,122812
7290016682335,false,מיץ תפוזים פריניב 2,פריניב,IL,מיץ תפוזים פריניב 2 ליטר,ליטרים,2.00,ליטר,false,1,21.50,10.7500,true,1,152866
7290016682380,false,מיץ לימונדה לואיזה ו,פריניב,IL,מיץ לימונדה לואיזה ולימון פריניב 2 ליטר,ליטרים,2.00,ליטר,false,1,21.50,10.7500,true,1,152870
7290016682397,false,מיץ חמוציות  2 ליטר,פריניב,IL,מיץ חמוציות  2 ליטר,ליטרים,2.00,ליטר,false,1,21.50,10.7500,true,1,152871
7290016717099,false,יין סלקטד אדום חצי י,"כד בני דרום בע""מ",IL,כרמל סלקטד אדום חצי יבש 2018 750 מל,מיליליטרים,750.00,"100 מ""ל",false,1,29.90,3.9867,true,1,119054
7290016717631,false,יין מוסקטו P.C,אגודת הכורמים הקואופ,IL,יקבי כרמל פרייבט קולקשן מוסקטו 2017 750 מל,מיליליטרים,750.00,"100 מ""ל",false,1,39.90,5.3200,true,1,142594
7290016717754,false,"יין ישן נושן 750 מ""ל",אגודת הכורמים הקואופ,IL,כרמל יין ישן נושן יין אדום ממותק 750 מל,מיליליטרים,750.00,"100 מ""ל",false,1,22.90,3.0533,true,1,120719
7290016809008,false,מלפפון בייבי,חקלאי,IL,מלפפון בייבי,יחידה,1.00,יחידה,false,1,10.90,10.9000,true,1,123681
7290016809015,false,פלפלוני טינקרבל,חקלאי,IL,פלפלוני טינקרבל,יחידה,1.00,יחידה,false,1,10.90,10.9000,true,1,124822
7290016809046,false,פלפל חלפיניו ארוז 80,חקלאי,IL,פלפל חלפיניו ארוז 80 גר ליח,גרמים,80.00,100 גרם,false,1,12.90,16.1250,false,1,150389
7290016818352,false,טורטליני ארבע גבינות,פסטה נונה,IL,טורטליני ארבע גבינות פסטה נונה 400גרם,גרמים,400.00,100 גרם,false,1,29.90,7.4750,true,1,154345
7290016829785,false,רביעיית קליפסים חום/,,,רביעיית קליפסים חום/,יחידה,1.00,יחידה,false,1,9.90,9.9000,true,1,151680
7290016866643,false,משחת פרודונטקס פרש 7,DE MICLEN,SK,"פרודונטקס משחת שיניים אקסטרה פרש 75 מ""ל",מיליליטרים,75.00,"100 מ""ל",false,1,29.90,39.8667,true,1,121648
7290016866650,false,משחת פרודונטקס אוריג,DE MICLEN,SK,"פרודונטקס משחת שיניים אוריג'ינל 75 מ""ל",מיליליטרים,75.00,"100 מ""ל",false,1,29.90,39.8667,true,1,121649
7290016866667,false,משחת פרודונטקס פלאור,DE MICLEN,SK,"פרודונטקס משחת שיניים ללא פלאוריד 75 מ""ל",מיליליטרים,75.00,"100 מ""ל",false,1,29.90,39.8667,true,1,121650
7290016866674,false,משחת פרודונטקס מלבינ,DE MICLEN,SK,"פרודונטקס משחת שיניים מלבינה 75 מ""ל",מיליליטרים,75.00,"100 מ""ל",false,1,29.90,39.8667,true,1,121651
7290017023854,false,"שוופס סודה 250מ""ל בק",יפאורה תבורי בעמ,IL,שוופס סודה 250 מל רביעיה,ליטרים,1.00,ליטר,false,1,14.60,14.6000,true,1,123828
7290017023861,false,שוופס סודה לימון 250,יפאורה תבורי בעמ,IL,שוופס סודה לימון 250 מל רביעיה,ליטרים,1.00,ליטר,false,1,14.60,14.6000,true,1,123829
7290017023878,false,שוופס סודה נענע ליים,יפאורה תבורי בעמ,IL,שוופס סודה בטעם נענע ליים 250 מל רביעיה,ליטרים,1.00,ליטר,false,1,14.60,14.6000,true,1,123830
7290017031705,false,"סנסודיין 75 מ""ל בסיס",DE MICLEN,SK,"סנסודיין משחת שיניים ניקיון ורעננות, 75 מל",מיליליטרים,75.00,"100 מ""ל",false,1,21.90,29.2000,true,1,142210
7290017031859,false,"פרודונטקס 75 מ""ל אקס",סמיתקליין ביצ'ם בעמ,SK,"סנסודיין משחת שיניים אולטרה קלין, 75 מל",מיליליטרים,75.00,"100 מ""ל",false,1,29.90,39.8667,true,1,142212
7290017065007,false,גבינה מוצרלה פרוסה ג,מחלבות גד בעמ,IL,גבינה מוצרלה פרוסה גד 150 גרם,גרמים,150.00,100 גרם,false,1,18.90,12.6000,true,1,114943
7290017065137,false,גבינה ריקוטה למריחה,האי נאם סי או אל.טי.,IL,גד ריקוטה למריחה 5% שומן 200 גרם,גרמים,200.00,100 גרם,false,1,10.90,5.4500,true,1,117643
7290017065144,false,גבינה ריקוטה למריחה,האי נאם סי או אל.טי.,IL,"גד ריקוטה למריחה, בזיליקום 5% שומן 200 גרם",גרמים,200.00,100 גרם,false,1,10.90,5.4500,true,1,117645
7290017065168,false,גבינה כחולה גד 100 ג,St Clemens,DK,גבינה כחולה 30% שומן,גרמים,100.00,100 גרם,false,1,18.90,18.9000,true,1,119303
7290017065175,false,מנצגו פרוס150 גרם גד,הנסיך- מפעל לייצור ט,ES,מנצגו פרוס150 גרם גד,גרמים,150.00,100 גרם,false,1,21.90,14.6000,true,1,119304
7290017065212,false,גבינת  קרם מסקרפונה,קרלו,IL,גבינת  קרם מסקרפונה 250 גרם גד,גרמים,250.00,100 גרם,false,1,21.90,8.7600,true,1,119697
7290017065236,false,גבינה בולגרית מעודנת,הנסיך- מפעל לייצור ט,IL,בולגרית מעודנת 24%,גרמים,250.00,100 גרם,false,1,26.90,10.7600,true,1,119305
7290017065311,false,גבינת מוצרלה מעושנת,יוליניבר,IL,גבינת מוצרלה מעושנת פרוסות 200 גרם,גרמים,200.00,100 גרם,false,1,18.90,9.4500,true,1,119307
7290017065434,false,פרוסות גאודה הולנדית,יוליניבר,NL,גד פרוסות פרוסות גאודה בקר 200 גרם,גרמים,200.00,100 גרם,false,1,20.90,10.4500,true,1,124856
7290017065441,false,פרוסות גאודה עיזים ה,מחלבות גד,NL,פרוסות גאודה עיזים 200 גרם,גרמים,200.00,100 גרם,false,1,32.90,16.4500,true,1,124857
7290017065526,false,קוואטרו פורמאגי 300ג,יוליניבר,IL,גד קוואטרו פורמאג'י  300 גרם,גרמים,300.00,100 גרם,false,1,29.90,9.9667,true,1,124864
7290017065588,false,יוגורט יווני 10% מחל,מחלבת גד,IL,גד יוגורט יווני 10% שומן,גרמים,600.00,100 גרם,false,1,17.90,2.9833,true,1,144363
7290017065649,false,קרם פטיסייר מחלבות ג,קרלו,IL,קרם מסקרפונה 38%,גרמים,250.00,100 גרם,false,1,21.90,8.7600,true,1,144360
7290017065663,false,פטה עיזים מעודנת 16%,ג'נרל מילס סאן אדריא,IL,גד בולגרית עיזים מעודנת 16% שומן,גרמים,250.00,100 גרם,false,1,31.90,12.7600,true,1,146633
7290017065731,false,גבינת שמנת עם כמהין,פ.פ.ח. שאביט,IL,גבינת שמנת עם כמהין 30%  גד   200גרם,גרמים,200.00,100 גרם,false,1,13.90,6.9500,true,1,149437
7290017065786,false,גבינת צדר גד 210 גרם,מחלבות גד,IL,גבינת צדר גד 210 גרם,גרמים,210.00,100 גרם,false,1,21.90,10.4286,true,1,152242
7290017065854,false,רוטב ביאנקה לפיצה לב,מחלבות גד,IL,רוטב ביאנקה לפיצה לבנה גד 200גרם,גרמים,200.00,100 גרם,false,1,18.90,9.4500,true,1,154349
7290017068350,false,עדשים שחורות בלוגה,מיה,IL,עדשים שחורות בלוגה  מיה 500 גרם,גרמים,500.00,100 גרם,false,1,8.90,1.7800,true,1,156226
7290017068367,false,שמרים יבשים 125 גרם,מיה,IL,שמרים יבשים 125 גרם,גרמים,125.00,100 גרם,false,1,4.90,3.9200,true,1,156227
7290017068848,false,קישוט לעוגה צבעוני,מיה,IL,קישוט לעוגה צבעוני  מיה 200 גרם,גרמים,200.00,100 גרם,false,1,8.90,4.4500,true,1,156229
7290017105369,false,סירופ דיאט אייס טי א,זנלכל,IL,סירופ+דיאט,ליטרים,1.00,ליטר,false,1,15.90,15.9000,true,1,149280
7290017105895,false,גרגרי חומוס מסעדות י,זנלכל,IL,גרגרי חומוס להכנת חומוס משובח,גרמים,550.00,100 גרם,false,1,9.50,1.7273,true,1,146670
7290017121048,false,פלפל צומה 250ג עללחם,"מדשא תעשיות מזון בע""",IL,פלפל צומה 250ג עללחם,גרמים,250.00,100 גרם,false,1,14.90,5.9600,true,1,141946
7290017121086,false,אריסה מתוקה   עללחם,"מדשא תעשיות מזון בע""",IL,אריסה מתוקה   עללחם 250גרם,גרמים,250.00,100 גרם,false,1,14.90,5.9600,true,1,153381
7290017121093,false,ממרח אריסה חריפה בפי,רוג'ר אנד רוג'ר,IL,עללחם בפיתה אריסה חריפה 250 גרם,גרמים,250.00,100 גרם,false,1,14.90,5.9600,true,1,119138
7290017129754,false,שוקולד פרימיום 70% ב,"כד בני דרום בע""מ",IL,שוקולד פרימיום 70% קלאסי 100ג*12בדיס*2בקרט,גרמים,100.00,100 גרם,false,1,8.90,8.9000,true,1,123174
7290017129761,false,שוקולד פרימיום 70%,כרמית תעשיות ממתקים,IL,שוקולד מריר אגו 70% בטעם תפוז 100 גרם,גרמים,100.00,100 גרם,false,1,8.90,8.9000,true,1,123177
7290017129778,false,שוקולד פרימיום 70%,כרמית תעשיות ממתקים,IL,שוקולד מריר אגו 70% בטעם קפה 100 גרם,גרמים,100.00,100 גרם,false,1,8.90,8.9000,true,1,123175
7290017129839,false,שוקולד פרימיום 70%,כרמית תעשיות ממתקים,IL,שוקולד פרימיום 70% בטעם פטל 100גר,גרמים,100.00,100 גרם,false,1,8.90,8.9000,true,1,123176
7290017129846,false,מיני קוקיס טעם קרמל,כרמית,IL,מיני קוקיס טעם קרמל 600 גר,גרמים,600.00,100 גרם,false,1,23.90,3.9833,true,1,121759
7290017129877,false,מיקס לקקנים שטוחים,דורקן סקרלמה סאן. וי,TR,סוכריות על מקל שטוחות בטעמי פירות 40 יח'*7.5 גרם,לא מנהל יחידת מידה,0.00,לא מנהל יחידת מידה,false,1,14.90,0.0000,true,1,123188
7290017142159,false,מארז שלישייה טונה בה,יוניקורד ח.צ בעמ,TH,נתחי טונה בהירה בשמן זית 80*3 גרם עץ-הזית,גרמים,240.00,100 גרם,false,1,22.90,9.5417,true,1,119842
7290017142166,false,פילה טונה פרוס שמן ז,יוניקורד ח.צ בעמ,TH,עץ הזית פילה פרוס עם שמן זית 120 גרם,גרמים,120.00,100 גרם,false,1,14.90,12.4167,true,1,142790
7290017142340,false,שמן זרעי ענבים מזוכך,עץ השדה,IL,שמן זרעי ענבים מזוכך עץ הזית   1 ליטר,ליטרים,1.00,ליטר,false,1,29.90,29.9000,true,1,152711
7290017142364,false,שמן זרעי דלעת עץ הזי,עץ השדה,IL,"שמן זרעי דלעת עץ הזית 250  מ""ל",מיליליטרים,250.00,"100 מ""ל",false,1,34.90,13.9600,true,1,152710
7290017142401,false,ארוחה אישית קינואה ל,יוניקורד בעמ,TH,קינואה לבנה ואדומה עם טונה 160 גרם,גרמים,160.00,100 גרם,false,1,13.90,8.6875,true,1,148176
7290017142418,false,ארוחה אישית אורז עדש,יוניקורד ח.צ בעמ,TH,אורז ועדשים עם טונה בשמן זית,גרמים,160.00,100 גרם,false,1,13.90,8.6875,true,1,148177
7290017142500,false,תרסיס שמן זית בטעם ש,קומטמפ קומפניה פורטו,IT,"תרסיס שמן זית בטעם שום עץ הזית  150מ""ל",מיליליטרים,150.00,"100 מ""ל",false,1,19.90,13.2667,true,1,155263
7290017217680,false,כפפות משק בית עם אלו,איזיטאצ,CN,כפפות משק בית עם אלוורה גודלM,יחידה,1.00,יחידה,false,1,4.90,4.9000,true,1,148147
7290017266060,false,"וופלים קראנצ לל""ס בט",עלמה,,"וופלים קראנצ לל""ס בטעם שוקולד עלמה 175 ג",גרמים,175.00,100 גרם,false,1,6.90,3.9429,true,1,118480
7290017291123,false,שום ייבוא ליח,עטרה,,שום ייבוא ליח,יחידה,1.00,יחידה,false,1,9.90,9.9000,true,1,150822
7290017325453,false,משקדה שקדים אורגני 1,ליקואטס,ES,משקדה שקדים אורגני 1 ליטר ללס ללג הרדוף,ליטרים,1.00,ליטר,false,1,15.90,15.9000,true,1,144238
7290017325460,false,משקדה שקדים אורגני 1,ליקואטס,ES,משקדה שקדים אורגני 1 ליטר ללג הרדוף,ליטרים,1.00,ליטר,false,1,15.90,15.9000,true,1,144237
7290017325477,false,רסק עגבניות אורגני 1,פריניר (הדס 1987) בע,IL,רסק עגבניות אורגני 22BX הרדוף 100גרם,גרמים,100.00,100 גרם,false,1,3.90,3.9000,true,1,148598
7290017325606,false,משקה אורז אורגני 1 ל,ליקואטס,ES,משקה אורז אורגני 1 ליטר הרדוף,ליטרים,1.00,ליטר,false,1,13.90,13.9000,true,1,146594
7290017325613,false,משקה שיבולת שועל אור,סוי מג'יק,ES,משקה שיבולת שועל אורגני1 ליטר הרדוף,ליטרים,1.00,ליטר,false,1,13.90,13.9000,true,1,146593
7290017325729,false,קמח כוסמת ירוקה  אור,טחנת קמח דגן לישראל,IL,קמח כוסמת ירוקה  אורגני 500 גרם הרדוף ללא גלוטן,גרמים,500.00,100 גרם,false,1,20.90,4.1800,true,1,153479
7290017325866,false,דפי אורז לבן אורגני,"בטר אנד דיפרנט בע""מ",VN,דפי אורז לבן אורגני 200 גרם הרדוף ללג,גרמים,200.00,100 גרם,false,1,19.90,9.9500,true,1,153984
7290017325897,false,משקה סויה במתיקות מע,ליקואטס,ES,משקה סויה במתיקות מעודנת הרדוף  1 ליטר,גרמים,375.00,100 גרם,false,1,13.90,3.7067,true,1,156097
7290017334448,false,שמן קנולה מזוכך OLEO,א.ד.מ . אנטוורפן,BE,שמן קנולה מזוכך OLEO 1   ליטר,ליטרים,1.00,ליטר,false,1,11.90,11.9000,true,1,148197
7290017334455,false,"אורז פרסי  זיפר 1ק""ג",,TH,"אורז פרסי  זיפר 1ק""ג",קילוגרמים,1.00,"ק""ג",false,1,9.90,9.9000,true,1,152799
7290017334462,false,אורז יסמין  זיפר  1,,TH,"אורז יסמין  זיפר  1 ק""ג",קילוגרמים,1.00,"ק""ג",false,1,11.90,11.9000,true,1,152800
7290017389011,false,שקדיה מנגו מיובש ללא,שקדיה,IL,שקדיה מנגו מיובש ללא סוכר 160 גר קופסא,גרמים,160.00,100 גרם,false,1,19.90,12.4375,true,1,152755
7290017406794,false,אורז בסמטי קינג קראו,פונט סלאם וולנסיה,IN,"אורז בסמטי קינג קראוון 1 ק""ג",קילוגרמים,1.00,"ק""ג",false,1,10.90,10.9000,true,1,153601
7290017477596,false,תמר מגהול ענק פרמיום,דין שיווק,IL,תמר מגהול ענק פרמיום  400ג שקדיה,גרמים,400.00,100 גרם,false,1,19.90,4.9750,true,1,152356
7290017478005,false,מלבי שמנת מתוקינוחים,,,מלבי שמנת מתוקינוחים 100 גרם,גרמים,100.00,100 גרם,false,1,9.90,9.9000,true,1,149593
7290017513485,false,מחית עגבניות רוסטיקה,גרנדי איטליאני,IT,מחית עגבניות רוסטיקה בלה איטליה 680 גר,גרמים,680.00,100 גרם,false,1,11.90,1.7500,true,1,142843
7290017513775,false,פליפז בייגלה מצופה ש,אולקר מקבוצת פלאדיס,TR,"Flipz, חטיף בייגלה אפוי בציפוי שוקולד חלב, 140 גרם",גרמים,140.00,100 גרם,false,1,8.90,6.3571,true,1,143621
7290017513782,false,פליפז  בייגלה מצופה,אולקר מקבוצת פלאדיס,TR,פליפז בייגלה מצופה שוקולד מריר 140 ג,גרמים,140.00,100 גרם,false,1,8.90,6.3571,true,1,143620
7290017589633,false,קברנה סוביניון מהדור,,IL,"קברנה סוביניון מהדורת רזרב גולד 750 מ""ל",מיליליטרים,750.00,"100 מ""ל",false,1,52.90,7.0533,true,1,154596
7290017599229,false,סוכרזית סוכרלוז 200,,IL,סוכרזית סוכרלוז 200 טבליות,גרמים,0.00,100 גרם,false,1,24.90,0.0000,true,1,152244
7290017599236,false,סוכרזית סטיוויה 200,,IL,סוכרזית סטיוויה 200 טבליות,גרמים,0.00,100 גרם,false,1,25.90,0.0000,true,1,152245
7290017617084,false,סטארקיסט מיקס טוגו ט,דרדנל אוננטאס גידה,TR,סטארקיסט מיקס טוגו טונה עם שעועית 185גרם,גרמים,185.00,100 גרם,false,1,12.90,6.9730,true,1,149048
7290017617091,false,סטארקיסט מיקס טוגו ט,דרדנל אוננטאס גידה,TR,סטארקיסט מיקס טוגו טונה עם פתיתים  185גר,גרמים,185.00,100 גרם,false,1,12.90,6.9730,true,1,149049
7290017617107,false,סטארקיסט מיקס טוגו ט,דרדנל,TR,סטארקיסט מיקס טוגו טונה עם דגנים 185גרם,גרמים,185.00,100 גרם,false,1,12.90,6.9730,true,1,149050
7290017617411,false,מיקס סלמון  עם אורז,גראאל אס איי,PL,מיקס סלמון  עם אורז מלא סטארקיסט 160גרם,גרמים,160.00,100 גרם,false,1,14.90,9.3125,true,1,156257
7290017617435,false,מיקס סלמון  עם עדשים,גראאל אס איי,PL,מיקס סלמון  עם עדשים וקינואה סטארקיסט 16,גרמים,160.00,100 גרם,false,1,14.90,9.3125,true,1,156258
7290017617459,false,רביעיית טונה סטארקיס,dalmore distilleries,TH,רביעיית טונה סטארקיסט בשמן צמחי 480גרם,גרמים,480.00,100 גרם,false,1,21.90,4.5625,true,1,154898
7290017617466,false,רביעיית טונה סטארקיס,dalmore distilleries,TH,רביעיית טונה סטארקיסט במים  480גרם,גרמים,480.00,100 גרם,false,1,21.90,4.5625,true,1,154899
7290017641096,false,שוקולד מריר פרימיום,כרמית תעשיות ממתקים,IL,שוקולד מריר אגו 70% ללא תוספת סוכר 100 גרם,גרמים,100.00,100 גרם,false,1,9.90,9.9000,true,1,124278
7290017641102,false,שוקולד אגו 70% קקאו,כרמית תעשיות ממתקים,IL,"שוקולד אגו 70% קקאו תפוז  לל""ס 100גרם",גרמים,100.00,100 גרם,false,1,9.90,9.9000,true,1,124279
7290017641119,false,שוקולד אגו 85% קקאו,אף.סי תבליני בגליל ב,IL,שוקולד אגו 85% קקאו   100גרם,גרמים,100.00,100 גרם,false,1,8.90,8.9000,true,1,142148
7290017641188,false,חטיף קרקר עם שיפון מ,דנוויטה ג'יי. אס. סי,LT,קרקר דגנים עם שיפון מלא וסלק 130 גר',גרמים,130.00,100 גרם,false,1,6.90,5.3077,true,1,124585
7290017641409,false,טופי בטעם תות 800 גר,שוגבי סקרלמה גידה אי,TR,טופי בטעם תות 800 גרם* 12בקר' בדצ,גרמים,800.00,100 גרם,false,1,13.90,1.7375,true,1,143897
7290017641720,false,טבלאות שוקולד אגו 70,"כד בני דרום בע""מ",IL,טבלאות שוקולד אגו 70% שברי שקד כשלפ 100,גרמים,100.00,100 גרם,false,1,8.90,8.9000,true,1,143904
7290017641737,false,טבלאות שוקולד70% אגו,"כד בני דרום בע""מ",IL,שוקולד פרימיום 70% אגוז 100ג*12בדיס*2בקרט,גרמים,100.00,100 גרם,false,1,8.90,8.9000,true,1,143905
7290017641997,false,שוקולד מריר מעולה עם,כרמית,IL,שוקולד מריר מעולה עם שברי אגוז לוז  70%,גרמים,100.00,100 גרם,false,1,9.90,9.9000,true,1,154158
7290017647425,false,גמלא קברנה סוביניון,יקב רמת הגולן,,גמלא קברנה סוביניון - בציר 2018,מיליליטרים,750.00,"100 מ""ל",false,1,65.90,8.7867,true,1,146051
7290017647708,false,יין גמלא גוורצטרמינר,רמת הגולן,IL,יין גמלא גוורצטרמינר 750 מל,מיליליטרים,750.00,"100 מ""ל",false,1,64.90,8.6533,true,1,152469
7290017647722,false,יין גמלא בלאנקו 750,רמת הגולן,IL,יין גמלא בלאנקו 750 מל,מיליליטרים,750.00,"100 מ""ל",false,1,64.90,8.6533,true,1,152470
7290017677811,false,רוטב סויה קיקומן 296,קדבורי,NL,"רוטב קיקומן סויה ללא תוספת חומרים משמרים  296 מ""ל",מיליליטרים,296.00,"100 מ""ל",false,1,18.90,6.3851,true,1,126380
7290017712208,false,פרמיו  נתחי פילה עוף,סאטורן,DE,פרמיו  נתחי פילה עוף וברווז ברוטב לחתול,גרמים,85.00,100 גרם,false,1,4.90,5.7647,true,1,155800
7290017712260,false,פרמיו פטה סלמון לכלב,סאטורן,DE,פרמיו פטה סלמון לכלב 150 ג,גרמים,150.00,100 גרם,false,1,5.90,3.9333,true,1,155805
7290017712659,false,הוריזן עוף לגור כלבי,סאטורן,DE,הוריזן עוף לגור כלבים ננסי 100 ג,גרמים,100.00,100 גרם,false,1,4.90,4.9000,true,1,155822
7290017724119,false,עוגיות אוזניים200 גר,אקלר,IL,עוגיות אוזניים200 גרם,גרמים,200.00,100 גרם,false,1,23.90,11.9500,true,1,152269
7290017791142,false,קרקר כוסמין מלא אורג,פת במלח,IL,קרקר כוסמין מלא אורגינל 225 גרם,גרמים,225.00,100 גרם,false,1,22.90,10.1778,true,1,140826
7290017791203,false,קרקר כוסמין מלא סלק,פת במלח,IL,קרקר כוסמין מלא סלק 225 גרם,גרמים,225.00,100 גרם,false,1,22.90,10.1778,true,1,145812
7290017812052,false,יין אקסלנס שיראז קבר,"כד בני דרום בע""מ",IL,אקסלנס שיראז/קברנה - יין אדום יבש,מיליליטרים,750.00,"100 מ""ל",false,1,29.90,3.9867,true,1,142595
7290017812342,false,יין מוגו ספארקלינג א,"כד בני דרום בע""מ",IL,יין מוגו ספארקלינג אדום 750 מל,מיליליטרים,750.00,"100 מ""ל",false,1,39.90,5.3200,true,1,143690
7290017812571,false,תירוש ליטר אדום 100%,"כד בני דרום בע""מ",IL,תירוש ליטר אדום 100% טבעי,ליטרים,1.00,ליטר,false,1,19.90,19.9000,true,1,144233
7290017812656,false,תירוש מבעבע אדום,אגודת הכורמים,IL,תירוש מבעבע אדום,מיליליטרים,750.00,"100 מ""ל",false,1,21.90,2.9200,true,1,151947
7290017812830,false,"יין רוזה P.C 750 מ""ל","כד בני דרום בע""מ",IL,"יין רוזה P.C 750 מ""ל",מיליליטרים,750.00,"100 מ""ל",false,1,39.90,5.3200,true,1,148577
7290017812847,false,יין סלקטד פרנץ גוורצ,"כד בני דרום בע""מ",IL,יין פרנץ גוורצטרמינר סלקטד יקבי כרמל,מיליליטרים,750.00,"100 מ""ל",false,1,29.90,3.9867,true,1,148578
7290017812885,false,"יין ס.בלאן 750 מ""ל ג",אגודת הכורמים א.ת אל,IL,כרמל יין גוורצטרמינר לבן חצי יבש 2020 750 מל,מיליליטרים,750.00,"100 מ""ל",false,1,39.90,5.3200,true,1,151842
7290017872063,false,פמילי אלסבון שלישייה,אברנסל קוסמטיקס,TR,"פמלי אל סבון בניחוח ארומתרפי- מארז שלישייה 500 מ""ל",מיליליטרים,500.00,"100 מ""ל",false,1,15.90,3.1800,true,1,145631
7290017872070,false,פרש וואנס מגבונים נט,ווטנאפס,IL,פרש וואנס מגבונים נטורל קר שלישייה,יחידה,1.00,יחידה,false,1,9.90,9.9000,true,1,151280
7290017888019,false,פרוט & ווג תפוח רימו,מיוצר עי קונדיטוריית,IL,"FRUIT&VEG תפוח סלק רימון ג'ינג'ר 350 מ""ל",מיליליטרים,350.00,"100 מ""ל",false,1,9.50,2.7143,true,1,125413
7290017888026,false,פרוט אננס תפוח גזר 3,יפאורה תבורי בעמ,IL,"FRUIT&VEG אננס תפוח גזר 350 מ""ל",מיליליטרים,350.00,"100 מ""ל",false,1,9.50,2.7143,true,1,125303
7290017888033,false,פרוט בננה מלון נענע,יפאורה תבורי בעמ,IL,"FRUIT&VEG בננה מלון נענע 350 מ""ל",מיליליטרים,350.00,"100 מ""ל",false,1,9.50,2.7143,true,1,125304
7290017888644,false,פרוט אנד וג אננס בננ,"יפאורה תבורי בע""מ",IL,"FRUIT&VEG אננס בננה כורכום 350 מ""ל",לא מנהל יחידת מידה,3.30,לא מנהל יחידת מידה,false,1,9.50,2.8788,true,1,145159
7290017888729,false,שוופס סודה בקבוק 1 ל,"יפאורה תבורי בע""מ",IL,שוופס סודה 1 ל' גיזוז חזק,ליטרים,1.00,ליטר,false,1,4.90,4.9000,true,1,145160
7290017888972,false,מי עדן פקק ספורט 1 ל,מופק ממקור בזלתי עדן,IL,מי עדן פקק ספורט 1 ליטר,ליטרים,1.00,ליטר,false,1,5.50,5.5000,true,1,145800
7290017907208,false,קמח תמי רב תכליתי לל,מנדלז סי.אר. פרודקשן,IL,קמח תמי רב תכליתי ללג 500גרם,גרמים,500.00,100 גרם,false,1,18.90,3.7800,true,1,149389
7290017907215,false,קמח תמי למאפי שמרים,פוראטוס ישראל,IL,קמח תמי למאפי שמרים ללג 500גרם,גרמים,500.00,100 גרם,false,1,18.90,3.7800,true,1,149391
7290017907222,false,קמח תמי תופח ללג 500,פוראטוס ישראל,IL,קמח תמי תופח ללג 500גרם,גרמים,500.00,100 גרם,false,1,18.90,3.7800,true,1,149390
7290017907246,false,תמי סולת ללג 300גרם,פוראטוס ישראל,IL,תמי סולת ללג 300גרם,גרמים,300.00,100 גרם,false,1,15.90,5.3000,true,1,149395
7290017907253,false,תמי פתיתים ללג 300גר,פוראטוס ישראל,IL,תמי פתיתים ללג 300גרם,גרמים,300.00,100 גרם,false,1,15.90,5.3000,true,1,149394
7290017907260,false,תמי פלאפל ללג 300גרם,פוראטוס ישראל,IL,תמי פלאפל ללג 300גרם,גרמים,300.00,100 גרם,false,1,15.90,5.3000,true,1,149393
7290017928036,true,מקלות גריסיני שומשום,HIQ FOOD PRODUCTS,IL,מאיר בייגל מקלות גריסיני שומשום 175 גרם,גרמים,175.00,100 גרם,false,1,11.90,6.8000,true,1,143344
7290017928043,true,גריסיני קראנץ מלח 17,HIQ FOOD PRODUCTS,IL,מאיר בייגל גריסיני קראנץ' עם מלח 175 גרם,יחידה,0.00,יחידה,false,1,11.90,0.0000,true,1,143345
7290017928210,true,בייגלה גדול שומשום 2,HIQ FOOD PRODUCTS,IL,בייגלה גדול שומשום 250 גרם מאיר בייגל,גרמים,250.00,100 גרם,false,1,11.90,4.7600,true,1,143347
7290017928227,true,שטוחלה פינוקים 300 ג,מאיר בייגל,IL,שטוחלה פינוקים,גרמים,300.00,100 גרם,false,1,11.90,3.9667,true,1,143348
7290017928432,true,גריסיני קראנץ פרג 17,HIQ FOOD PRODUCTS,IL,מאיר בייגל גריסיני קראנץ' עם פרג 175 גרם,גרמים,175.00,100 גרם,false,1,11.90,6.8000,true,1,143353
7290017928609,true,טבעות שומשום 300 גרם,מאיר בייגל,IL,מאיר בייגל טבעות שומשום 300 גרם,גרמים,300.00,100 גרם,false,1,11.90,3.9667,true,1,143355
7290017928616,true,שטוחלה שומשום 300 גר,מאיר בייגל,IL,שטוחלה שומשום 300 גרם מאיר בייגל,גרמים,300.00,100 גרם,false,1,11.90,3.9667,true,1,143356
7290017928630,true,גריסיני קראנץ פינוקי,HIQ FOOD PRODUCTS,IL,מאיר בייגל גריסיני קראנץ' פינוקים 175 גרם,גרמים,0.00,100 גרם,false,1,11.90,0.0000,true,1,143357
7290017928685,false,שמיניות מלח מאיר ביי,מאיר בייגל,IL,מאיר בייגל בייגלה עם מלח 400 גרם,גרמים,400.00,100 גרם,false,1,11.90,2.9750,true,1,152148
7290017928807,true,אצבעות שומשום 300 גר,HIQ FOOD PRODUCTS,IL,אצבעות שומשום 300 גרם מאיר בייגל,גרמים,300.00,100 גרם,false,1,11.90,3.9667,true,1,143359
7290017928821,true,מקלות גריסיני קלאסי,HIQ FOOD PRODUCTS,IL,מקלות גריסיני קלאסי 200 גרם מאיר בייגל,גרמים,200.00,100 גרם,false,1,11.90,5.9500,true,1,143361
7290018043110,false,אול אין אקסטרא קרם ק,הרת'סייד פוד סולושיי,NL,אול אין אקסטרא קרם קשיו קרמל,גרמים,60.00,100 גרם,false,1,13.90,23.1667,true,1,152160
7290018043134,false,אול אין אקסטרא קרם ש,הרת'סייד פוד סולושיי,NL,אול אין אקסטרא קרם ש לבן,גרמים,60.00,100 גרם,false,1,13.90,23.1667,true,1,152159
7290018043301,false,חטיף חלבון בטעם וניל,הרת'סייד פוד סולושיי,NL,חטיף חלבון בטעם ונילה קראנץ- 60 גרם,גרמים,60.00,100 גרם,false,1,13.90,23.1667,true,1,153306
7290018043899,false,חטיף חלבון בטעם בוטנ,הרת'סייד פוד סולושיי,NL,חטיף חלבון בטעם בוטנים קרמל- 60 גרם,גרמים,60.00,100 גרם,false,1,13.90,23.1667,true,1,153308
7290018071137,false,צלחות מתכלות קנה סוכ,,CN,צלחות מתכלות קנה סוכר 17 סמ 25 יח,יחידה,1.00,יחידה,false,1,11.90,11.9000,true,1,149355
7290018071144,false,צלחות מתכלות קנה סוכ,,CN,צלחות מתכלות קנה סוכר 23 סמ 25 יח,יחידה,1.00,יחידה,false,1,21.90,21.9000,true,1,149356
7290018071151,false,צלחות מתכלות קנה סוכ,,CN,צלחות מתכלות קנה סוכר 26 סמ 25 יח,יחידה,1.00,יחידה,false,1,26.90,26.9000,true,1,149357
7290018071205,false,כפפות נטרו V ללא אבק,איזיטאצ,CN,כפפות נטרו V ללא אבקה S כחול 100 יח,יחידה,1.00,יחידה,false,1,29.90,29.9000,true,1,149775
7290018071212,false,כפפות נטרו V ללא אבק,איזיטאצ,CN,כפפות נטרו V ללא אבקה M כחול 100 יח,יחידה,1.00,יחידה,false,1,29.90,29.9000,true,1,149776
7290018071229,false,כפפות נטרו V ללא אבק,איזיטאצ,CN,כפפות נטרו V ללא אבקה L כחול 100 יח,יחידה,1.00,יחידה,false,1,29.90,29.9000,true,1,149777
7290018071236,false,כפפות נטרו V ללא אבק,איזיטאצ,CN,כפפות נטרו V ללא אבקה XL כחול 100 יח,יחידה,1.00,יחידה,false,1,29.90,29.9000,true,1,149778
7290018071250,false,כפפות פלסטיק שחורות,Z.P.T.P.Co.Ltd,CN,כפפות פלסטיק שחורות M ללא אבקה 100 יח,יחידה,1.00,יחידה,false,1,14.90,14.9000,true,1,148806
7290018077597,false,בייגל רומני אפוי קפו,גדרון,IL,בייגל רומני אפוי קפוא עם שומשום,יחידה,1.00,יחידה,false,1,5.90,5.9000,true,1,143453
7290018077603,false,בייגל רומני עם זעתר,גדרון,IL,בייגל רומני עם זעתר א.ק,יחידה,1.00,יחידה,false,1,5.90,5.9000,true,1,143452
7290018077665,false,בייגל רומני גדרון א.,גדרון,IL,בייגל רומני גדרון א.ק,יחידה,1.00,יחידה,false,1,5.90,5.9000,true,1,143819
7290018091876,false,מאפה פילו גבינה 320,"מעדנות בע""מ",IL,מאפה פילו גבינה 320 גרם מעדנות,גרמים,320.00,100 גרם,false,1,22.90,7.1562,true,1,154219
7290018131077,false,שלגון מילקה עם ריפל,פרונרי פולין,PL,שלגון מילקה עם ריפל שוקולד 71 גרם,גרמים,71.00,100 גרם,false,1,11.50,16.1972,true,1,149084
7290018131251,false,אקסטרים מטבע שוקולד,המאפיה של הרמן,IL,אקסטרים מ.שקלד.לבן וליבת ק.עוג. 18*115ג,גרמים,128.00,100 גרם,false,1,10.50,8.2031,true,1,143873
7290018131336,false,שלגון ליון קרמל 66גר,פרונרי פולין,PL,שלגון ליון קרמל 66גרם,גרמים,66.00,100 גרם,false,1,11.50,17.4242,true,1,149085
7290018131558,false,מאגדת מיני בייטס אור,שוורצקוף& הנקל דיסלד,PL,מאגדת מיני בייטס אוראו 240 גרם,גרמים,240.00,100 גרם,false,1,21.90,9.1250,true,1,143882
7290018131756,false,מאגדת 1/8 שלגונים ונ,נסטלה,IL,מאגדת 1/8 שלגונים וניל מצופה תות 440 גרם,גרמים,440.00,100 גרם,false,8,29.90,6.7955,true,1,148584
7290018131770,false,שלגון וניל מצופה תות,נסטלה,IL,שלגון וניל מצופה תות 55 גרם,גרמים,55.00,100 גרם,false,1,5.90,10.7273,true,1,148581
7290018131954,false,מאגדת ל.פרוטה מצופה,נסטלה,IL,מאגדת ל.פרוטה מצופה תות שוקולד 350 גרם,גרמים,350.00,100 גרם,false,5,29.90,8.5429,true,1,148582
7290018131978,false,טילון אוראו 68.5גרם,פרונרי פולין,PL,טילון אוראו 68.5גרם,גרמים,69.00,100 גרם,false,1,5.90,8.5507,true,1,149086
7290018165010,false,יין רזרב גולד גוורצט,יקבי ברקן שיווק והפצ,IL,יין רזרב גולד גוורצטרמינר 750 מל,מיליליטרים,750.00,"100 מ""ל",false,1,52.90,7.0533,true,1,154598
7290018165027,false,גולד אדישיין רוזה750,יקבי ברקן שיווק והפצ,IL,גולד אדישיין רוזה750 מל,מיליליטרים,750.00,"100 מ""ל",false,1,52.90,7.0533,true,1,154599
7290018165447,false,יין רזרב גולד מרלו 7,יקבי ברקן שיווק והפצ,IL,"רזרב גולד מרלו 750 מ""ל",מיליליטרים,750.00,"100 מ""ל",false,1,52.90,7.0533,true,1,154600
7290018192658,false,פטריות שמפניון צמד ח,מרינה,IL,פטריות שמפניון צמד חמד איטלקי מארז זוג,גרמים,500.00,100 גרם,false,1,16.00,3.2000,true,1,147550
7290018194454,false,ערק סאפי לימונארק  7,הנסיך- מפעל לייצור ט,IL,"לימונארק סאפי  700 מ""ל",מיליליטרים,700.00,"100 מ""ל",false,1,59.90,8.5571,true,1,146662
7290018198209,false,תפוגן ציפס בטטה קראנ,תפוגן,IL,תפוגן ציפס בטטה קראנצי  500גרם,גרמים,500.00,100 גרם,false,1,19.90,3.9800,true,1,152773
7290018237328,false,פסטרמה במעשנה עוף טו,מולינו ניקולי s.p.a,IL,פסטרמה במעשנה עוף טוב 200גרם,גרמים,200.00,100 גרם,false,1,19.90,9.9500,true,1,152074
7290018237335,false,פסטרמה מהגריל עוף טו,מולינו ניקולי s.p.a,IL,פסטרמה מהגריל עוף טוב 200גרם,גרמים,200.00,100 גרם,false,1,19.90,9.9500,true,1,152075
7290018237373,false,פסטרמה צרובה על הגרי,עוף טוב,IL,פסטרמה צרובה על הגריל פרוס עוף טוב 300גר,גרמים,300.00,100 גרם,false,1,26.90,8.9667,true,1,152072
7290018237397,false,פסטרמה מקורמלת נתח ש,עוף טוב,IL,פסטרמה מקורמלת נתח שלם פרוס עוף טוב 300ג,גרמים,300.00,100 גרם,false,1,26.90,8.9667,true,1,152071
7290018237410,false,פסטרמה במעשנה מנתח ש,עוף טוב,IL,פסטרמה במעשנה מנתח שלם פרוס עוף טוב 300ג,גרמים,300.00,100 גרם,false,1,26.90,8.9667,true,1,152070
7290018237489,false,פסטרמה ברביקיו דק-דק,עוף טוב,IL,פסטרמה ברביקיו דק-דק עוף טוב 220 גרם,גרמים,220.00,100 גרם,false,1,22.90,10.4091,true,1,153217
7290018237502,false,כתף בקר דק-דק עוף טו,עוף טוב,IL,כתף בקר דק-דק עוף טוב 200 גרם,גרמים,200.00,100 גרם,false,1,22.90,11.4500,true,1,153219
7290018249123,false,אינסטנט פודינג וניל,מתבל תעשיות מזון,IL,אינסטנט פודינג וניל סוויטאנגו ללס 50גרם,גרמים,50.00,100 גרם,false,1,12.90,25.8000,true,1,147386
7290018249444,false,סוויטאנגו אבקת שוקו,קרלו,EG,סוויטאנגו אבקת שוקו 400 גרם,גרמים,400.00,100 גרם,false,1,39.90,9.9750,true,1,152077
7290018249550,false,סווטיאנגו אינסטנד פו,מתבל תעשיות מזון,IL,סווטיאנגו אינסטנד פודינג שוקלד 50 גרם,גרמים,50.00,100 גרם,false,1,12.90,25.8000,true,1,147951
7290018249802,false,ממתיק סויטאנגו 280גר,מתבל,IL,ממתיק סויטאנגו 280גרם,גרמים,280.00,100 גרם,false,1,29.90,10.6786,true,1,148571
7290018249994,false,סוויטאנגו ממתיק בצנצ,מתבל תעשיות מזון,IL,סוויטאנגו ממתיק בצנצנת 700 גרם,גרמים,700.00,100 גרם,false,1,59.90,8.5571,true,1,146357
7290018294208,false,סלקטד אדום ישראלי 75,"כד בני דרום בע""מ",IL,יין אדום ישראלי יבש סלקטד יקבי הכרמל 2020 750 מל,מיליליטרים,750.00,"100 מ""ל",false,1,29.90,3.9867,true,1,151841
7290018294895,false,"מונלייט לבן 750 מ""ל",אגודת הכורמים,IL,"מונלייט לבן 750 מ""ל",מיליליטרים,750.00,"100 מ""ל",false,1,39.90,5.3200,true,1,155273
7290018294901,false,"מונלייט אדום 750 מ""ל",אגודת הכורמים,IL,"מונלייט אדום 750 מ""ל",מיליליטרים,750.00,"100 מ""ל",false,1,39.90,5.3200,true,1,155272
7290018296042,false,לחם טוסט אמריקה 500ג,מאפיית אגמי,IL,לחם טוסט אמריקה 500גרם,גרמים,500.00,100 גרם,false,1,14.90,2.9800,true,1,152039
7290018296448,false,לחם בריוש 500 גרם,מאפיית אגמי,IL,לחם בריוש 500 גרם,גרמים,500.00,100 גרם,false,1,16.90,3.3800,true,1,153510
7290018296608,false,לחם בריאות ושובע 9 ד,מאפיית אגמי,IL,לחם בריאות ושובע 9 דגנים,גרמים,600.00,100 גרם,false,1,14.90,2.4833,true,1,144818
7290018296615,false,פיתה כוסמין ביס,"מאפיית אגמי בע""מ",,פיתה כוסמין ביס,גרמים,500.00,100 גרם,false,1,17.90,3.5800,true,1,144803
7290018296646,false,חלת כוסמין תחתית קרט,מאפיית אגמי,IL,חלת כוסמין תחתית קרטון,יחידה,1.00,יחידה,false,1,19.90,19.9000,true,1,147786
7290018296806,false,לחם בריאות מעושר,מאפיית אגמי,IL,לחם בריאות מעושר,גרמים,600.00,100 גרם,false,1,14.90,2.4833,true,1,144783
7290018296813,false,פיתה קלה ביס,"מאפיית אגמי בע""מ",,פיתה קלה ביס,גרמים,500.00,100 גרם,false,1,14.90,2.9800,true,1,144784
7290018333693,false,גרנולה רפאלס פרו קשי,רפאלס,IL,גרנולה רפאלס פרו 600 גר קשיו ופירות יבשים*6 בקר',גרמים,600.00,100 גרם,false,1,28.90,4.8167,true,1,148179
7290018333945,false,מאגדת אגוזים רפאלס ש,כרמית,IL,מאגדת אגוזים רפאלס שקד ווניל *5 150גרם,גרמים,150.00,100 גרם,false,1,14.90,9.9333,true,1,151565
7290018333952,false,מאגדת אגוזים רפאלס ו,כרמית,IL,מאגדת אגוזים רפאלס וחמוציות *5  150 גרם,גרמים,150.00,100 גרם,false,1,14.90,9.9333,true,1,151566
7290018333969,false,מאגדת  גרנולה רפאלס,כרמית,IL,מאגדת  גרנולה רפאלס שקדים וטחינה*5   150 גרם,גרמים,150.00,100 גרם,false,1,14.90,9.9333,true,1,151567
7290018344095,false,חטיף חלבון VEG PROTE,טבע ירוק,IL,חטיף חלבון VEG PROTEIN בוטנים מלח 50 גרם,גרמים,50.00,100 גרם,false,1,10.90,21.8000,true,1,156641
7290018359495,false,תירס מהשדה ללס יכין,היינץ צפון אמריקה מק,IL,יכין תירס לייט מופחת קלוריות 550 גרם,גרמים,550.00,100 גרם,false,1,8.90,1.6182,true,1,147286
7290018359716,false,רוטב פיצה טוסקנה יכי,"זנלכל בע""מ",IL,רוטב פיצה טוסקנה יכין 240 ג,גרמים,240.00,100 גרם,false,1,5.50,2.2917,true,1,149664
7290018359853,false,עדשים שחורות יכין 40,"זנלכל בע""מ",IL,עדשים שחורות יכין 400גרם,גרמים,400.00,100 גרם,false,1,6.90,1.7250,true,1,152389
7290018371008,false,חטיף טורטייה  אורגני,קואקספרה,PE,חטיף טורטייה  אורגני תירס סגול צילי השדה,גרמים,70.00,100 גרם,false,1,14.90,21.2857,true,1,153452
7290018371480,false,וופל קמח כוסמין חרוב,"רוקחמן בע""מ",IL,וופל קמח כוסמין חרובים 200 גרם,גרמים,200.00,100 גרם,false,1,15.90,7.9500,true,1,153459
7290018371503,false,וופל קמח כוסמין אגוז,"רוקחמן בע""מ",IL,וופל קמח כוסמין אגוזים 200 גרם,גרמים,200.00,100 גרם,false,1,15.90,7.9500,true,1,153461
7290018371534,false,וופל קוביות קמח כוסמ,"רוקחמן בע""מ",IL,וופל קוביות קמח כוסמין חרובים 200 גרם,גרמים,200.00,100 גרם,false,1,16.90,8.4500,true,1,153464
7290018440193,false,פליפז בייגלה מצופה ח,אולקר מקבוצת פלאדיס,TR,פליפז בייגלה מצופה חמאת בוטנים 140 ג,גרמים,140.00,100 גרם,false,1,8.90,6.3571,true,1,148195
7290018440209,false,פליפז בייגלה מצופה פ,אולקר מקבוצת פלאדיס,TR,"Flipz, חטיף בייגלה אפוי בציפוי שוקולד חלב, 140 גרם",גרמים,140.00,100 גרם,false,1,8.90,6.3571,true,1,148196
7290018440223,false,צאי מסאלה עוצמתי 25,ויסוצקי,IL,צאי מסאלה עוצמתי 25 גרם,לא מנהל יחידת מידה,0.00,לא מנהל יחידת מידה,false,1,19.90,0.0000,true,1,152226
7290018440230,false,צאי ורדים 25 גרם,ויסוצקי,IL,צאי ורדים 25 גרם,לא מנהל יחידת מידה,0.00,לא מנהל יחידת מידה,false,1,19.90,0.0000,true,1,152228
7290018440247,false,צאי שקדים 25 גרם,ויסוצקי,IL,צאי שקדים 25 גרם,לא מנהל יחידת מידה,0.00,לא מנהל יחידת מידה,false,1,19.90,0.0000,true,1,152227
7290018440254,false,צאי קרמל מלוח 25 גרם,ויסוצקי,IL,צאי קרמל מלוח 25 גרם,לא מנהל יחידת מידה,0.00,לא מנהל יחידת מידה,false,1,19.90,0.0000,true,1,152229
7290018440384,false,תה ירוק מאטה לימון נ,ויסוצקי,IL,תה ירוק מאטה בטעם לימון ונענע,גרמים,25.00,100 גרם,false,1,25.90,103.6000,true,1,152224
7290018440391,false,תה ירוק מאטה נענע גו,ויסוצקי,IL,"תה ירוק מאטה, נענע וגוארנה",גרמים,25.00,100 גרם,false,1,25.90,103.6000,true,1,152225
7290018440407,false,תה ירוק מאטה קקאו לו,ויסוצקי,IL,תה ירוק מאטה בטעם קקאו ואגוזי לוז,גרמים,25.00,100 גרם,false,1,25.90,103.6000,true,1,152223
7290018440476,false,פליפז בייגלה מצופה ב,אולקר מקבוצת פלאדיס,TR,פליפז בייגלה מצופה בקרם עוגת גבינה 140 ג,גרמים,140.00,100 גרם,false,1,8.90,6.3571,true,1,152649
7290018440483,false,פליפז בייגלה מצופה ב,שוורצקוף& הנקל דיסלד,TR,פליפז בייגלה מצופה בקרמל מלוח ושוקולד 14,גרמים,140.00,100 גרם,false,1,8.90,6.3571,true,1,150674
7290018441626,false,פיינט בן&גריס מנטה ע,בן & ג'ריס,IL,פיינט בן&גריס מנטה עוגיות 430גרם,גרמים,430.00,100 גרם,false,1,23.90,5.5581,true,1,153300
7290018468401,false,פסטרמה צמחונית בטעם,טיב טירת צבי 2000,IL,פסטרמה צמחונית בטעם גריל  טירת צבי  120ג,גרמים,120.00,100 גרם,false,1,20.90,17.4167,true,1,156259
7290018468418,false,פסטרמה צמחונית בטעם,טיב טירת צבי 2000,IL,פסטרמה צמחונית בטעם מפולפל  טירת צבי 120,גרמים,120.00,100 גרם,false,1,20.90,17.4167,true,1,156260
7290018471029,false,שישיית שוופס סודה לי,יפאורה תבורי בעמ,IL,שוופס סודה לימון 0.5 ליטר שישייה,ליטרים,3.00,ליטר,false,1,16.20,5.4000,true,1,147787
7290018471036,false,שוופס סודה לימון 500,"יפאורה תבורי בע""מ",IL,שוופס סודה לימון 500מל,מיליליטרים,500.00,"100 מ""ל",false,1,3.90,0.7800,true,1,147788
7290018471043,false,ספרינג פירות טרופים,מיוצר עי קונדיטוריית,IL,"ספרינג פירות טרופיים פחית 330 מ""ל",מיליליטרים,330.00,"100 מ""ל",false,1,5.50,1.6667,true,1,149782
7290018471050,false,ספרינג אגס תפוח סברס,מיוצר עי קונדיטוריית,IL,"ספרינג אגס תפוח סברס פחית 330 מ""ל",מיליליטרים,330.00,"100 מ""ל",false,1,5.50,1.6667,true,1,149802
7290018471111,false,שוופס ליים מוחיטו 33,יפאורה שותפות מובגלת,IL,שוופס ליים מוחיטו 330 מל,ליטרים,1.50,ליטר,false,1,6.90,4.6000,true,1,149076
7290018471180,false,פרוט & ווג אננס תפוח,מיוצר עי קונדיטוריית,IL,FRUIT&VEG אננס תפוח גזר 1 ליטר,ליטרים,1.00,ליטר,false,1,14.90,14.9000,true,1,149783
7290018471197,false,פרוט & ווג תפוח בננה,מיוצר עי קונדיטוריית,IL,FRUIT&VEG תפוח בננה מלון נענע 1 ליטר,ליטרים,1.00,ליטר,false,1,14.90,14.9000,true,1,149784
7290018471302,false,"שוופס טוניק 250 מ""ל",מיוצר עי קונדיטוריית,IL,שוופס מי טוניק 250 מל רביעיה,ליטרים,1.00,ליטר,false,1,23.90,23.9000,true,1,148575
7290018471319,false,שוופס ביטר למון 250,מיוצר עי קונדיטוריית,IL,שוופס ביטר למון 250 מל רביעיה,ליטרים,1.00,ליטר,false,1,23.90,23.9000,true,1,148574
7290018471401,false,פרוט & ווג אננס בננה,מיוצר עי קונדיטוריית,IL,FRUIT&VEG אננס בננה כורכום 1 ליטר,ליטרים,1.00,ליטר,false,1,14.90,14.9000,true,1,149787
7290018471463,false,תפוזינה enjoy נקטר ת,"כד בני דרום בע""מ",IL,תפוזינה קרטונית תפוז מנגו 1 ל',ליטרים,1.00,ליטר,false,1,8.60,8.6000,true,1,149788
7290018471470,false,תפוזינה enjoy נקטר ת,"כד בני דרום בע""מ",IL,תפוזינה קרטוניות תפוז-פסיפלורה 1 ל',ליטרים,1.00,ליטר,false,1,8.60,8.6000,true,1,149789
7290018471487,false,תפוזינה enjoy נקטר ת,"כד בני דרום בע""מ",IL,תפוזינה קרטוניות תפוז-אננס 1 ל',ליטרים,1.00,ליטר,false,1,8.60,8.6000,true,1,149790
7290018471494,false,תפוזינה enjoy משקה ת,"כד בני דרום בע""מ",IL,תפוזינה קרטוניות תפוז-גזר 1 ל',ליטרים,1.00,ליטר,false,1,8.60,8.6000,true,1,149791
7290018471906,false,שוופס מוגז לימונדה ו,"כד בני דרום בע""מ",IL,שוופס מוגז פירות לימונדה ורודה 1.5 ל',ליטרים,1.50,ליטר,false,1,10.50,7.0000,true,1,152872
7290018471913,false,שוופס מוגז פירות תפו,"יפאורה תבורי בע""מ",IL,שוופס משקה תפוחים מוגז 1.5 ליטר,ליטרים,1.50,ליטר,false,1,10.50,7.0000,true,1,152873
7290018471920,false,שוופס מוגז פירות ענב,"יפאורה תבורי בע""מ",IL,שוופס מוגז פירות ענבים 1.5 ל',ליטרים,1.50,ליטר,false,1,10.50,7.0000,true,1,152874
7290018471937,false,שוופס מוגז פירות תות,"כד בני דרום בע""מ",IL,שוופס מוגז פירות תות ליים 1.5 ליטר,ליטרים,1.50,ליטר,false,1,10.50,7.0000,true,1,152875
7290018471944,false,שוופס מוגז לימונייד,"כד בני דרום בע""מ",IL,שוופס מוגז פירות לימונייד 1.5 ליטר,ליטרים,1.50,ליטר,false,1,10.50,7.0000,true,1,152876
7290018471951,false,שוופס מוגז פירות אשכ,"כד בני דרום בע""מ",IL,שוופס מוגז פירות אשכולית אדומה 1.5 ל',ליטרים,1.50,ליטר,false,1,10.50,7.0000,true,1,152877
7290018516256,false,פרמיו גור עוף 150 ג,סאטורן,DE,פרמיו גור עוף 150 ג,גרמים,150.00,100 גרם,false,1,5.90,3.9333,true,1,155839
7290018516393,false,פרמיו מיקס לחתול  3,סאטורן,DE,פרמיו מיקס לחתול  3 קג,קילוגרמים,3.00,"ק""ג",false,1,59.90,19.9667,true,1,155841
7290018516942,false,פרמיו סופרים מועשר ב,,,פרמיו סופרים מועשר בעוף לכלב בוגר 3קג,קילוגרמים,3.00,"ק""ג",false,1,49.90,16.6333,true,1,156536
7290018516959,false,פרמיו סופרים מועשר ב,,,פרמיו סופרים מועשר בעוף לכלב מגזע ננסי 3,קילוגרמים,3.00,"ק""ג",false,1,49.90,16.6333,true,1,156537
7290018571149,false,שקדים מולבנים פרוסים,מיה,IL,שקדים מולבנים פרוסים מיה 200 גרם,גרמים,200.00,100 גרם,false,1,19.90,9.9500,true,1,156230
7290018571569,false,תמצית וניל טהורה  מ,מיה,IL,תמצית וניל טהורה  מיה30 מל,מיליליטרים,30.00,"100 מ""ל",false,1,27.90,93.0000,true,1,156232
7290018641439,false,ערק פלוס אשכוליות 33,,IL,ערק פלוס אשכוליות 330 מל,מיליליטרים,330.00,"100 מ""ל",false,1,12.90,3.9091,true,1,152471
7290018641446,false,ערק פלוס לימודה 330,,IL,ערק פלוס לימודה 330 מל,מיליליטרים,330.00,"100 מ""ל",false,1,12.90,3.9091,true,1,152472
7290018652015,false,סופרולר 75גרם,פרונרי פולין,PL,סופרולר 75גרם,גרמים,75.00,100 גרם,false,1,7.90,10.5333,true,1,149087
7290018652039,false,לה קרמריה קרמל מלוח,נגה גלידות,IL,לה קרמריה קרמל מלוח ונוגט 1.4 ליטר,ליטרים,1.40,ליטר,false,1,21.90,15.6429,true,1,149908
7290018652053,false,ביסקולידה קסטרה 95 ג,נגה גלידות,IL,ביסקולידה קסטרה 95 גרם,גרמים,95.00,100 גרם,false,1,5.90,6.2105,true,1,149082
7290018652770,false,טילון גולדה 115גרם,גלידות נסטלה,IL,טילון גולדה 115גרם,גרמים,115.00,100 גרם,false,1,10.50,9.1304,true,1,153727
7290018652909,false,מאגדת קפה שוקולד פקא,נסטלה,IL,מאגדת קפה שוקולד פקאן 225גרם,גרמים,225.00,100 גרם,false,1,27.90,12.4000,true,1,153733
7290018652923,false,מאגדת תות שוקולד עוג,נסטלה,IL,מאגדת תות שוקולד עוגיות 225גרם,גרמים,225.00,100 גרם,false,1,27.90,12.4000,true,1,153734
7290018652947,false,שלגון קראנץ פיסטוק 1,גלידות נסטלה,IL,שלגון קראנץ פיסטוק 100 גרם,גרמים,100.00,100 גרם,false,1,10.50,10.5000,true,1,154393
7290018677070,false,קרם קוקוס 18%אורגני,ש.ר רגע בטבע,IL,קרם קוקוס 18%אורגני טטרה פק 330מל,מיליליטרים,330.00,"100 מ""ל",false,1,11.90,3.6061,true,1,150162
7290018677124,false,גרנולה קראנצי  חמוצי,נוטרה זון,CZ,גרנולה קראנצי  חמוציות ודובדבנים ללא גלוטן וללא תו,גרמים,300.00,100 גרם,false,1,22.90,7.6333,true,1,152832
7290018677131,false,גרנולה קראנצי  אגוזי,נוטרה זון,CZ,גרנולה קראנצי  אגוזים ושקדים ללג וללס נ,גרמים,300.00,100 גרם,false,1,22.90,7.6333,true,1,152831
7290018677155,false,PANERIA תערובת קמחים,נוטרה זון,IT,PANERIA תערובת קמחים רב תכליתי ללג 500גר,גרמים,500.00,100 גרם,false,1,23.90,4.7800,true,1,150158
7290018677162,false,PANERIA תערובת רב תכ,נוטרה זון,IT,PANERIA תערובת רב תכליתית ללג בסיס עמילן,גרמים,500.00,100 גרם,false,1,24.90,4.9800,true,1,150159
7290018703076,false,חטיף חלבון בטעם דאבל,הרת'סייד פוד סולושיי,NL,חטיף חלבון בטעם דאבל שוקולד- 60 גרם,גרמים,60.00,100 גרם,false,1,13.90,23.1667,true,1,153307
7290018703304,false,אול אין חטיף חלבון ק,,,אול אין חטיף חלבון קרם עוגיות,גרמים,60.00,100 גרם,false,1,13.90,23.1667,true,1,154260
7290018703489,false,אול אין  חטיף חלבון,,,אול אין  חטיף חלבון  בננה טופי אקסטרה 60 גרם,גרמים,60.00,100 גרם,false,1,13.90,23.1667,true,1,154261
7290018704233,false,חציל תאילנדי  משקל,קלאס פוד,IL,חציל תאילנדי  משקל,קילוגרמים,1.00,"ק""ג",true,,63.00,63.0000,true,1,147843
7290018704806,false,סלט ביצים משקל,קלאס פוד,IL,סלט ביצים משקל,קילוגרמים,1.00,"ק""ג",true,,79.00,79.0000,true,1,147849
7290018704813,false,ממרח אבוקדו משקל,קלאס פוד,IL,ממרח אבוקדו משקל,קילוגרמים,1.00,"ק""ג",true,,95.00,95.0000,true,1,147847
7290018704974,false,סלסה עגבניות משקל,קלאס פוד,IL,סלסה עגבניות משקל,קילוגרמים,1.00,"ק""ג",true,,52.00,52.0000,true,1,147850
7290018705391,false,חומוס ירושלמי,קלאס פוד,IL,חומוס ירושלמי,קילוגרמים,1.00,"ק""ג",true,,30.00,30.0000,true,1,147941
7290018708132,false,בארכה חלבה מסולסלת ש,בארכה,IL,בארכה חלבה מסולסלת שוקו וניל 250גרם,גרמים,250.00,100 גרם,false,1,17.90,7.1600,true,1,153278
7290018720004,false,מעדני מלך סנדוויץ תו,אחים פפושדו,IL,מעדני מלך סנדוויץ תות 150ג,גרמים,150.00,100 גרם,false,1,4.50,3.0000,true,1,152095
7290018720011,false,ביסקוויט קרנבל חיות,הגביע מוצרי וופלים,IL,ביסקוויט קרנבל חיות 250 גרם,גרמים,250.00,100 גרם,false,1,5.90,2.3600,true,1,150332
7290018720028,false,ביסקוויט קרנבל אותיו,הגביע מוצרי וופלים,IL,ביסקוויט קרנבל אותיות 250 גרם,גרמים,250.00,100 גרם,false,1,5.90,2.3600,true,1,150334
7290018724408,false,דגני בוקר נוגט ללג נ,"נטורלה גטרנק בע""מ",IL,דגני בוקר נוגט ללג נטורלה 375 גרם,גרמים,375.00,100 גרם,false,1,19.90,5.3067,true,1,156732
7290018724415,false,דגני בוקר בראוניז לל,"נטורלה גטרנק בע""מ",IL,"דגני בוקר בראוניז ללג ""נטורלה"" 375 גרם",גרמים,375.00,100 גרם,false,1,19.90,5.3067,true,1,156733
7290018724422,false,דגני בוקר קינמון ללג,"נטורלה גטרנק בע""מ",IL,"דגני בוקר קינמון ללג ""נטורלה"" 375 גרם",גרמים,375.00,100 גרם,false,1,19.90,5.3067,true,1,156734
7290018724552,false,קמח שקדים נטורלה ללא,השקד אומנות ומסחר,IL,קמח שקדים נטורלה ללא גלוטן 250 גרם,גרמים,250.00,100 גרם,false,1,23.90,9.5600,true,1,152450
7290018732205,true,אוכמניות,,,אוכמניות,,0.00,,false,,30.00,0.0000,true,1,154473
7290018777275,false,חטיף חלבון VEG PROTE,טבע ירוק,IL,חטיף חלבון VEG PROTEINעוגיות וניל 50 גרם,גרמים,50.00,100 גרם,false,1,10.90,21.8000,true,1,156645
7290018792841,false,אבקת קקאו טבעי גאנה,גאנס לודרס,IL,אבקת קקאו טבעי גאנה 150  גרם,גרמים,150.00,100 גרם,false,1,10.90,7.2667,true,1,155571
7290018825020,false,תפוחי אדמה גורמה,חקלאי,IL,תפוחי אדמה גורמה,קילוגרמים,1.00,"ק""ג",true,,9.90,9.9000,true,1,156076
7290018848005,false,יין רוזה בפחית 250 מ,דונלי ויני,IT,"יין רוזה בפחית 250 מ""ל",מיליליטרים,250.00,"100 מ""ל",false,1,14.90,5.9600,true,1,153487
7290018878071,false,שלשות שוקולד מריר 47,כרמית,IL,שלשות שוקולד מריר 47% כשלפ 85 גרם,גרמים,3.00,100 גרם,false,3,13.90,463.3333,true,1,154156
7290018889244,false,עוגת פס רד וולוט חלב,בן עמי פלסט,IL,עוגת פס רד וולוט חלבי בן עמי,יחידה,1.00,יחידה,false,1,62.90,62.9000,true,1,153587
7290018894040,false,שוקולד חלב צוקטה 5,נטרה,FR,שוקולד חלב צוקטה 5   100 גרם,גרמים,500.00,100 גרם,false,1,21.90,4.3800,true,1,156287
7290018894606,false,בלקוני וופל קקאו 175,בלקוני,IT,בלקוני וופל קקאו 175 ג,גרמים,175.00,100 גרם,false,1,8.90,5.0857,true,1,154124
7290018894804,false,בלקוני וופל אגוזי לו,בלקוני,IT,בלקוני וופל אגוזי לוז 175 ג,גרמים,175.00,100 גרם,false,1,8.90,5.0857,true,1,154125
7290018925065,false,מיץ תפוזים סחוט פרימ,השחר,IL,פרימור סחוט מיץ תפוזים 100% 2 ליטר,ליטרים,2.00,ליטר,false,1,28.50,14.2500,true,1,153096
7290018925096,false,משקה קל תפוזים פרימו,השחר,IL,פרימור משקה קל תפוזים ‏5‏.‏1‏ ליטר,ליטרים,1.50,ליטר,false,1,9.50,6.3333,true,1,152880
7290018925102,false,משקה קל ענבים פרימור,השחר,IL,פרימור משקה קל ענבים ‏5‏.‏1‏ ליטר,ליטרים,1.50,ליטר,false,1,9.50,6.3333,true,1,152881
7290018925126,false,משקה קל תפוע פרימור,השחר,IL,פרימור משקה קל תפוחי עץ ‏5‏.‏1‏ ליטר,ליטרים,1.50,ליטר,false,1,9.50,6.3333,true,1,152883
7290018925133,false,משקה קל מנגו פרימור,השחר,IL,פרימור משקה קל מנגו ‏5‏.‏1‏ ליטר,ליטרים,1.50,ליטר,false,1,9.50,6.3333,true,1,152884
7290018925140,false,משקה קל אשכולית פרימ,השחר,IL,פרימור משקה קל אשכולית ‏5‏.‏1‏ ליטר,ליטרים,1.50,ליטר,false,1,9.50,6.3333,true,1,152885
7290018925157,false,משקה קל לימונים פרימ,השחר,IL,פרימור משקה קל לימונים 1.5 ליטר,ליטרים,1.50,ליטר,false,1,9.50,6.3333,true,1,152886
7290018925409,false,מיץ לימון ואננס פרימ,"גניר בע""מ",IL,מיץ לימון ואננס פרימור 400 מל,מיליליטרים,400.00,"100 מ""ל",false,1,8.50,2.1250,true,1,155570
7290018949009,false,משקה קל מוגז גרופר ת,,IL,משקה קל מוגז גרופר תפוזזה 330 מל,מיליליטרים,330.00,"100 מ""ל",false,1,7.90,2.3939,true,1,152473
7290018949016,false,משקה קל מוגז גרופר ת,,IL,משקה קל מוגז גרופר תפוחחה 330 מל,מיליליטרים,330.00,"100 מ""ל",false,1,7.90,2.3939,true,1,152474
7290018949023,false,משקה קל מוגז גרופר ל,,IL,משקה קל מוגז גרופר לימוננדה 330 מל,מיליליטרים,330.00,"100 מ""ל",false,1,7.90,2.3939,true,1,152475
7290018989005,false,עגבניות פולפה טבעית,יכין,IL,עגבניות פולפה טבעית  יכין שלישיה400גרם,גרמים,1200.00,100 גרם,false,1,15.90,1.3250,true,1,153367
7290019056027,false,שוופס מוגז פירות ללס,"כד בני דרום בע""מ",IL,שוופס מוגז פירות NO SUGAR תפוח 1.5 ל',ליטרים,1.50,ליטר,false,1,10.50,7.0000,true,1,152888
7290019056034,false,שוופס מוגז פירות אננ,יפאורה תבורי,IL,שוופס מוגז פירות NO SUGAR אננס 1.5 ל',ליטרים,1.50,ליטר,false,1,10.50,7.0000,true,1,152889
7290019056041,false,שוופס מ.פירות לימוני,יפאורה תבורי,IL,שוופס ללא סוכר לימונייד 1.5 ליטר,ליטרים,1.50,ליטר,false,1,10.50,7.0000,true,1,152890
7290019056058,false,שוופס מוגז עדין תפוח,"כד בני דרום בע""מ",IL,שוופס מוגז עדין תפוח ליים 1.5 ל',ליטרים,1.50,ליטר,false,1,10.50,7.0000,true,1,152891
7290019056065,false,שוופס מוגז עדין פירו,"יפאורה תבורי בע""מ",IL,שוופס מוגז עדין פירות יער 1.5 ל',ליטרים,1.50,ליטר,false,1,10.00,6.6667,true,1,152892
7290019056072,false,שוופס מוגז עדין אננס,מיוצר עי קונדיטוריית,IL,שוופס מוגז עדין אננס 1.5 ל',ליטרים,1.50,ליטר,false,1,10.50,7.0000,true,1,152893
7290019056089,false,שוופס מוגז עדין ענבי,"כד בני דרום בע""מ",IL,שוופס מוגז עדין ריזלינג 1.5 ל',ליטרים,1.50,ליטר,false,1,10.50,7.0000,true,1,152894
7290019056096,false,שוופס מוגז עדין אפרס,"כד בני דרום בע""מ",IL,שוופס מוגז עדין אפרסק 1.5 ל',ליטרים,1.50,ליטר,false,1,10.50,7.0000,true,1,152895
7290019056119,false,סודה שוופס 1.5 ליטר,"יפאורה תבורי בע""מ",IL,סודה שוופס 1.5 ליטר,ליטרים,1.50,ליטר,false,1,4.20,2.8000,true,1,152896
7290019056126,false,סודה שוופס לימון 1.5,"כד בני דרום בע""מ",IL,שוופס סודה לימון 1.5 ל',ליטרים,1.50,ליטר,false,1,4.20,2.8000,true,1,152897
7290019056133,false,סודה שוופס נענע ליים,"כד בני דרום בע""מ",IL,שוופס סודה נענע ליים 1.5 ל',ליטרים,1.50,ליטר,false,1,4.20,2.8000,true,1,152898
7290019056164,false,סודה שוופס רביעייה ב,"יפאורה תבורי בע""מ",IL,סודה שוופס רביעייה בקבוק 1.5 ליטר,ליטרים,6.00,ליטר,false,4,11.10,1.8500,true,1,152900
7290019056171,false,סודה שוופס לימון מאר,"יפאורה תבורי בע""מ",IL,סודה שוופס לימון מארז רביעייה 1.5 ליטר,ליטרים,6.00,ליטר,false,4,12.20,2.0333,true,1,152901
7290019056188,false,סודה שוופס נענע ליים,"כד בני דרום בע""מ",IL,סודה שוופס נענע ליים רביעייה 1.5 ליטר,ליטרים,6.00,ליטר,false,4,12.20,2.0333,true,1,152902
7290019056232,false,שוופס ליים מוחיטו 1.,"כד בני דרום בע""מ",IL,שוופס מוחיטו 1.5 ל',ליטרים,1.50,ליטר,false,1,10.50,7.0000,true,1,152905
7290019056249,false,מים שוופס בטעם ענבים,מיוצר עי קונדיטוריית,IL,שוופס water ענבים 1.5 ל',ליטרים,1.50,ליטר,false,1,9.90,6.6000,true,1,152906
7290019056256,false,מים שוופס בטעם תפוח,מיוצר עי קונדיטוריית,IL,שוופס water תפוח 1.5 ל',ליטרים,1.50,ליטר,false,1,9.90,6.6000,true,1,152907
7290019056263,false,מים שוופס בטעם אפרסק,מיוצר עי קונדיטוריית,IL,שוופס water אפרסק 1.5 ל',ליטרים,1.50,ליטר,false,1,9.90,6.6000,true,1,152908
7290019056270,false,מים שוופס בטעם פירות,"כד בני דרום בע""מ",IL,שוופס water פירות יער 1.5 ל',ליטרים,1.50,ליטר,false,1,9.90,6.6000,true,1,152909
7290019056294,false,שוופס גינגר בקבוק 1.,"כד בני דרום בע""מ",IL,שוופס ג'ינג'ר אייל 1.5 ל',ליטרים,1.50,ליטר,false,1,15.90,10.6000,true,1,152911
7290019056300,false,שוופס ביטר לימון בקב,"כד בני דרום בע""מ",IL,שוופס ביטר למון 1.5 ל',ליטרים,1.50,ליטר,false,1,15.90,10.6000,true,1,152912
7290019056317,false,שוופס ראשן בקבוק 1.5,"כד בני דרום בע""מ",IL,שוופס ראשן 1.5 ל',ליטרים,1.50,ליטר,false,1,15.90,10.6000,true,1,152913
7290019056324,false,שוופס מי טוניק בקבוק,"כד בני דרום בע""מ",IL,שוופס טוניק 1.5 ל',ליטרים,1.50,ליטר,false,1,15.90,10.6000,true,1,152914
7290019056331,false,שוופס טוניק ללא סוכר,מיוצר עי קונדיטוריית,IL,שוופס מי טוניק ללא סוכר 1.5 ליטר,ליטרים,1.50,ליטר,false,1,15.90,10.6000,true,1,152915
7290019056355,false,תפוזינה לימונענע 1.5,"כד בני דרום בע""מ",IL,תפוזינה לימונענע 1.5 ל',ליטרים,1.50,ליטר,false,1,11.50,7.6667,true,1,152916
7290019056362,false,תפוזינה ענבים 1.5 לי,"יפאורה תבורי בע""מ",IL,תפוזינה ענבים 1.5 ל',ליטרים,1.50,ליטר,false,1,11.50,7.6667,true,1,152917
7290019056379,false,תפוזינה תפוזים 1.5 ל,"יפאורה תבורי בע""מ",IL,תפוזינה תפוזים 1.5 ל',ליטרים,1.50,ליטר,false,1,11.50,7.6667,true,1,152918
7290019056508,false,משקה פרוט ווטר ענבים,"יפאורה תבורי בע""מ",IL,Fruit Water ענבים 1.5 ל',ליטרים,1.50,ליטר,false,1,10.90,7.2667,true,1,152930
7290019056515,false,משקה פרוט ווטר אננס,"כד בני דרום בע""מ",IL,Fruit Water אננס 1.5 ל',ליטרים,1.50,ליטר,false,1,10.90,7.2667,true,1,152931
7290019056522,false,משקה פרוט ווטר תות 1,"יפאורה תבורי בע""מ",IL,Fruit Water תות 1.5 ל',ליטרים,1.50,ליטר,false,1,10.90,7.2667,true,1,152932
7290019056539,false,משקה פרוט ווטר אפרסק,"יפאורה תבורי בע""מ",IL,Fruit Water אפרסק 1.5 ל',ליטרים,1.50,ליטר,false,1,10.90,7.2667,true,1,152933
7290019056546,false,משקה פרוט ווטר אבטיח,"יפאורה תבורי בע""מ",IL,Fruit Water אבטיח 1.5 ל',ליטרים,1.50,ליטר,false,1,10.90,7.2667,true,1,152934
7290019056553,false,מים עין גדי שישייה 2,עין גדי מים מינרליים,IL,מים עין גדי שישייה 2 ליטר,ליטרים,12.00,ליטר,false,6,13.80,1.1500,true,1,152935
7290019056560,false,מים עין גדי בקבוק 2,יפאורה,IL,מים עין גדי בקבוק 2 ליטר,ליטרים,2.00,ליטר,false,1,4.20,2.1000,true,1,152936
7290019056577,false,ספרינג מנגו 1.5 ליטר,"כד בני דרום בע""מ",IL,ספרינג מנגו 1.5 ל',ליטרים,1.50,ליטר,false,1,11.50,7.6667,true,1,152937
7290019056584,false,ספרינג תפוזים 1.5 לי,"כד בני דרום בע""מ",IL,ספרינג תפוזים 1.5 ל',ליטרים,1.50,ליטר,false,1,11.50,7.6667,true,1,152938
7290019056591,false,ספרינג ענבים 1.5 ליט,"כד בני דרום בע""מ",IL,ספרינג ענבים 1.5 ל',ליטרים,1.50,ליטר,false,1,11.50,7.6667,true,1,152939
7290019056607,false,ספרינג תפוחים 1.5 לי,"כד בני דרום בע""מ",IL,ספרינג תפוחים 1.5 ל',ליטרים,1.50,ליטר,false,1,11.50,7.6667,true,1,152940
7290019056614,false,ספרינג אפרסק 1.5 ליט,"כד בני דרום בע""מ",IL,ספרינג אפרסקים 1.5 ל',ליטרים,1.50,ליטר,false,1,11.50,7.6667,true,1,152941
7290019056621,false,ספרינג פירות קיץ טרו,"יפאורה תבורי בע""מ",IL,ספרינג פירות טרופיים 1.5 ל',ליטרים,1.50,ליטר,false,1,11.50,7.6667,true,1,152942
7290019056638,false,ספרינג תות בננה 1.5,"כד בני דרום בע""מ",IL,ספרינג תות בננה 1.5 ל',ליטרים,1.50,ליטר,false,1,11.50,7.6667,true,1,152943
7290019056645,false,ספרינג אגס סברס תפוח,"יפאורה תבורי בע""מ",IL,ספרינג תפוח אגס סברס 1.5 ל',ליטרים,1.50,ליטר,false,1,11.50,7.6667,true,1,152944
7290019056898,false,סודה שוופס לימון 1.5,"כד בני דרום בע""מ",IL,סודה שוופס לימון 1.5 ליטר,ליטרים,1.50,ליטר,false,1,4.20,2.8000,true,1,153135
7290019056959,false,מי עדן בקבוק 1.5 ליט,יפאורה,IL,מי עדן בקבוק 1.5 ליטר,ליטרים,1.50,ליטר,false,1,3.20,2.1333,true,1,152949
7290019056966,false,מי עדן בקבוק 1.5 ליט,יפאורה,IL,מי עדן בקבוק 1.5 ליטר,ליטרים,1.50,ליטר,false,1,3.20,2.1333,true,1,153139
7290019056973,false,מי עדן שישייה בקבוק,מופק ממקור בזלתי עדן,IL,מי עדן שישייה בקבוק 1.5 ליטר,ליטרים,9.00,ליטר,false,6,14.90,1.6556,true,1,152950
7290019068037,false,המבוגר אנגוס 100קפוא,קצביית פרימיום,IL,המבוגר אנגוס 100קפוא 600 גרם איתן,גרמים,600.00,100 גרם,false,1,49.90,8.3167,true,1,152105
7290019068044,false,קציצות עירקיות 800 ג,,,קציצות עירקיות 800 גרם קפוא איתן,גרמים,800.00,100 גרם,false,1,64.90,8.1125,true,1,152106
7290019068068,false,קבבון סלוניקי קפוא 5,,IL,קבבון סלוניקי קפוא 570 גרם איתן,גרמים,570.00,100 גרם,false,1,44.90,7.8772,true,1,152108
7290019068129,false,קבב עגל טלה 650 גרם,,IL,קבב עגל טלה 650 גרם קפוא איתן,גרמים,650.00,100 גרם,false,1,54.90,8.4462,true,1,152114
7290019153313,false,פרוט אנד ווג תפוח חמ,יפאורה תבורי בעמ,IL,פרוט אנד ווג תפוח חמוציות אוכמניות 350,מיליליטרים,350.00,"100 מ""ל",false,1,8.90,2.5429,true,1,154565
7290019153344,false,תפוזינה סנגרייה 1.5,יפאורה,IL,תפוזינה סנגרייה 1.5 ליטר,ליטרים,1.50,ליטר,false,1,11.50,7.6667,true,1,154833
7290019153375,false,תפוזינה מוחיטו 1.5 ל,יפאורה,IL,תפוזינה מוחיטו 1.5 ליטר,ליטרים,1.50,ליטר,false,1,11.50,7.6667,true,1,154835
7290019196204,false,רביעיית טונה הספן בש,תעשיות פילטונה,IL,רביעיית טונה הספן בשמן קנולה   540גרם,גרמים,540.00,100 גרם,false,4,19.90,3.6852,true,1,154160
7290019232155,false,ויסוצקי לילה טוב קמו,ויסוצקי,IL,ויסוצקי לילה טוב קמומיל לבנדר 25 שקיקים,גרמים,25.00,100 גרם,false,1,25.90,103.6000,true,1,156520
7290019232162,false,ויסוצקי לילה טוב קמו,ויסוצקי,IL,ויסוצקי לילה טוב קמומיל מליסה 25 שקיקים,גרמים,25.00,100 גרם,false,1,25.90,103.6000,true,1,156521
7290019232179,false,ויסוצקי STEY WELL נע,ויסוצקי,IL,ויסוצקי STEY WELL נענע 25 שקיקים,גרמים,25.00,100 גרם,false,1,25.90,103.6000,true,1,156517
7290019232186,false,ויסוצקי STEY WELL לי,ויסוצקי,IL,ויסוצקי STEY WELL לימונית לואיזה 25 שקיקים,גרמים,25.00,100 גרם,false,1,25.90,103.6000,true,1,156518
7290019232193,false,ויסוצקי STEY WELL לי,ויסוצקי,IL,ויסוצקי STEY WELL לימונית גינגר 25 שקיקים,גרמים,25.00,100 גרם,false,1,25.90,103.6000,true,1,156519
7290019232803,false,הולגריין ביסקוויט עם,פלאדיס,TR,הולגריין ביסקוויט עם קרם חלב ושוקולד חלב,גרמים,300.00,100 גרם,false,1,12.90,4.3000,true,1,155449
7290019232827,false,הולגריין ביסקוויט במ,פלאדיס,TR,הולגריין ביסקוויט במילוי אגוזי לוז 300 גרם,גרמים,300.00,100 גרם,false,1,12.90,4.3000,true,1,155451
7290019232834,false,בייגלה מצופה קרם עוג,אולקר מקבוצת פלאדיס,TR,בייגלה מצופה קרם עוגיות ושוקולד 140 גרם,גרמים,140.00,100 גרם,false,1,8.90,6.3571,true,1,154561
7290019233008,false,שקשוקה ארטישוק רוטב,זיתא,IT,שקשוקה ארטישוק רוטב עגבניות עם קוביות 420 גרם,גרמים,420.00,100 גרם,false,1,12.90,3.0714,true,1,155268
7290019233022,false,שקשוקה חצילים רוטב ע,זיתא,IT,שקשוקה חצילים רוטב עגבניות עם קוביות צלויים 420 גר,גרמים,420.00,100 גרם,false,1,12.90,3.0714,true,1,155267
7290019233039,false,שקשוקה קלאסית רוטב ע,זיתא,IT,שקשוקה קלאסית רוטב עגבניות עם קוביות פלפלים צלויים,גרמים,420.00,100 גרם,false,1,12.90,3.0714,true,1,155269
7290019233046,false,זית קלמטה בלונד קלמט,זיתא,IL,זית קלמטה בלונד קלמטה מרינד זיתא 215 גרם,גרמים,215.00,100 גרם,false,1,13.90,6.4651,true,1,153362
7290019297239,false,צימוק כהה 330 גרם,"דין שיווק וקליה בע""מ",,צימוק כהה 330 גרם,גרמים,330.00,100 גרם,false,1,12.90,3.9091,true,1,152753
7290019297451,false,"מי ורדים 500 מ""ל",אף.סי תבליני בגליל ב,BE,שקדיה מי ורדים 500 מל,מיליליטרים,500.00,"100 מ""ל",false,1,15.90,3.1800,true,1,115177
7290019297550,false,בוטנים מטוגנים  185,קריניציה ויטמינה אס,IL,בוטנים מטוגנים,גרמים,185.00,100 גרם,false,1,7.90,4.2703,true,1,102635
7290019297628,false,שקד טבעי  150 גרם,דין שיווק,IL,שקד טבעי  150 גרם,גרמים,150.00,100 גרם,false,1,15.90,10.6000,true,1,151928
7290019297635,false,שקדים קלויים ששון הק,דין שיווק,IL,שקדים קלויים ששון הקולה 150 גרם,גרמים,150.00,100 גרם,false,1,17.90,11.9333,true,1,151929
7290019297642,false,גרעין שחור קלוי ללא,דין שיווק,IL,גרעין שחור קלוי ללא מלח 150 גר ששון,גרמים,150.00,100 גרם,false,1,5.90,3.9333,true,1,151985
7290019303008,false,שמפו קיק מועשר בתמצי,ש.שוורץ,IL,שמפו קיק מועשר בתמצית ספירולינה 450 מל,מיליליטרים,450.00,"100 מ""ל",false,1,27.90,6.2000,true,1,156697
7290019303053,false,מרכך קיק מועשר בספיר,ש.שוורץ,IL,מרכך קיק מועשר בספירולינה 450 מל,מיליליטרים,450.00,"100 מ""ל",false,1,27.90,6.2000,true,1,156698
7290019303657,false,פינוקיות שומשום -  מ,טבע ירוק,IL,פינוקיות שומשום -  מיקס בריאות 250 גרם,גרמים,250.00,100 גרם,false,1,17.90,7.1600,true,1,156646
7290019303701,false,פינוקיות שומשום - מי,טבע ירוק,IL,פינוקיות שומשום - מיקס ישראלי 250 גרם,גרמים,250.00,100 גרם,false,1,17.90,7.1600,true,1,156647
7290019303756,false,פינוקיות שומשום וגרע,טבע ירוק,IL,פינוקיות שומשום וגרעינים  250 גרם,גרמים,250.00,100 גרם,false,1,17.90,7.1600,true,1,156648
7290019303800,false,פינוקיות שומשום עם ש,טבע ירוק,IL,פינוקיות שומשום עם שקדים וחמוציות 250 גר,גרמים,250.00,100 גרם,false,1,17.90,7.1600,true,1,156649
7290019393016,false,קמח חיטה לבן ללא צו,טבע ירוק,IL,קמח חיטה לבן ללא צורך בניפוי האופה1 קג,קילוגרמים,1.00,"ק""ג",false,1,6.90,6.9000,true,1,156650
7290019443124,false,בירה נגב אואזיס 330,בירה מלכה בעמ,IL,בירה נגב אואזיס 330 מל,מיליליטרים,330.00,"100 מ""ל",false,1,14.90,4.5152,true,1,155463
7290055090702,false,איגלו שלוקים,"כרמית מזון בע""מ",IL,"איגלו שלוקים 70 יח ""ווסטהיים",מיליליטרים,29.00,"100 מ""ל",false,1,12.90,44.4828,true,1,91363
7290067642005,false,בירה גולדסטאר SLOW B,טמפו,IL,גולדסטאר 10% בירה לאגר חזקה מאוד,מיליליטרים,330.00,"100 מ""ל",false,1,9.50,2.8788,true,1,115114
7290100240144,false,למייבש כביסה בדין,"זוהר דליה, קיבוץ דלי",IL,בדין  תרסיס ריחני למייבש כביסה ורוד 500 מל,מיליליטרים,500.00,"100 מ""ל",false,1,19.90,3.9800,true,1,80801
7290100240632,false,פתית 6 דגנים 250 גרם,יוניליוור ישראל מזון,IL,פתיתי 6 דגנים קרקר פריך מ6 דגנים,גרמים,250.00,100 גרם,false,1,18.20,7.2800,true,1,72426
7290100240656,false,פתית שיפון,יוניליוור ישראל מזון,IL,פתית שיפון קרקר פריך משיפון ללא תוספת מלח וסוכר,גרמים,300.00,100 גרם,false,1,18.20,6.0667,true,1,76078
7290100243671,false,מרכך כביסה בדין אקסט,יוניליוור סנאיי וי ט,TR,בדין  מרכך כביסה מרוכז בדין אקסטרה כחול 960 מל,מיליליטרים,960.00,"100 מ""ל",false,1,19.90,2.0729,true,1,50571
7290100245231,false,מרק נמס בכוס ועוד עו,יוניליוור ישראל מזון,IL,קנור נמס בכוס טעם עוף עם שקדי מרק ואטריות 50 גרם,גרמים,50.00,100 גרם,false,1,7.50,15.0000,true,1,61460
7290100658338,false,סבון כלים פלמוליב כח,הנסיך- מפעל לייצור ט,GR,"פלמוליב נוזל כלים אוקסי פלוס 750 מ""ל",מיליליטרים,750.00,"100 מ""ל",false,1,11.90,1.5867,true,1,29294
7290100659090,false,מאגדת חטיף דגנים תמר,"כד בני דרום בע""מ",IL,FRמאגדת חטיף דגנים תמרים וקינמון 110 גרם,גרמים,110.00,100 גרם,false,1,16.90,15.3636,true,1,31628
7290100680650,false,מנה חמה נודלס תאילנד,THAI PRESIDENT FOODS,TH,מנה חמה נודל.+ירקות תאילנדי6 6*76גרם,גרמים,76.00,100 גרם,false,1,6.90,9.0789,true,1,24266
7290100680667,false,מנה חמה נודלס סצואן,THAI PRESIDENT FOODS,TH,מנה חמה נודלס+ירקות ט.סצ'ואן6 6*76גרם,גרמים,76.00,100 גרם,false,1,6.90,9.0789,true,1,24267
7290100680711,false,פירורית זהב 350 גר,לחמנו,IL,אסם פירורית זהב 12*350גרם,גרמים,350.00,100 גרם,false,1,8.90,2.5429,true,1,31200
7290100680728,false,פירורית רגילה,מיוצר עי קונדיטוריית,IL,אסם פירורית 20*350גרם,גרמים,350.00,100 גרם,false,1,7.60,2.1714,true,1,31201
7290100681015,false,פודינג ריבת חלב,מיוצר עי קונדיטוריית,IL,פודינג ריבת חלב 84 גרם,גרמים,84.00,100 גרם,false,1,5.90,7.0238,true,1,57916
7290100681503,false,סירופ עסיס דיאט לימו,בית-השיטה עסיס תעשיו,IL,עסיס לימונענע דיאט 12*1ליטר,ליטרים,1.00,ליטר,false,1,21.90,21.9000,true,1,23916
7290100681510,false,סירופ אשכולית אדומה,בית-השיטה עסיס תעשיו,IL,עסיס אשכולית אדומה דיאטטי 12*1ליטר,ליטרים,1.00,ליטר,false,1,21.90,21.9000,true,1,23917
7290100683880,false,תבשיל פירה 260 גרם,"אסם השקעות בע""מ",IL,אסם פירה 6*260גרם,גרמים,260.00,100 גרם,false,1,15.20,5.8462,true,1,32360
7290100684139,false,פסטה אסם מיני מקרוני,פסטה זארה,IT,אסם מיני מקרוני 12*500גרם,גרמים,500.00,100 גרם,false,1,6.90,1.3800,true,1,31251
7290100685136,false,מרק טעם עוף,"אסם השקעות בע""מ",IL,אסם מרק טעם עוף 8*1קג,קילוגרמים,1.00,"ק""ג",false,1,16.20,16.2000,true,1,34009
7290100685242,false,במבה תות על סרט 30 ג,"אסם השקעות בע""מ",IL,במבה מתוקה מחומרים טבעיים סרט 6 8*30גרם,גרמים,30.00,100 גרם,false,1,3.00,10.0000,true,1,34514
7290100685334,false,מרק עוף אמיתי ר.טבעי,"אסם השקעות בע""מ",IL,אסם מרק עוף רכיבים טבעיים בדצ6*400גרם,גרמים,400.00,100 גרם,false,1,27.90,6.9750,true,1,42283
7290100685341,false,אבקת מרק טעם עוף 400,"אסם השקעות בע""מ",IL,אסם מרק זך טעם עוף רכיבים טבעים 6*400ג,גרמים,400.00,100 גרם,false,1,19.90,4.9750,true,1,34988
7290100685600,false,פירורית זהב חיטה מלא,לחמנו,IL,אסם פירורית זהב חיטה מלאה 12*200גרם,גרמים,200.00,100 גרם,false,1,7.50,3.7500,true,1,37673
7290100687109,false,במבה במילוי נוגט,"אסם השקעות בע""מ",IL,במבה במילוי נוגט 60 גרם,גרמים,60.00,100 גרם,false,1,4.90,8.1667,true,1,47717
7290100700020,false,גריסי פנינה 500 גרם,"סוגת תעשיות בע""מ",IL,גריסי פנינה 500 גרם,גרמים,500.00,100 גרם,false,1,5.90,1.1800,true,1,24144
7290100700075,false,פירורי לחם מוזהבים ס,"סוגת תעשיות בע""מ",IL,פירורי לחם מוזהבים סוגת 200 גרם,גרמים,200.00,100 גרם,false,1,4.20,2.1000,true,1,97368
7290100700242,false,"אורז עגול מלא 1 ק""ג","סוגת תעשיות בע""מ",IL,"אורז עגול מלא 1 ק""ג",קילוגרמים,1.00,"ק""ג",false,1,12.90,12.9000,true,1,84485
7290100700273,false,קינואה סוגת 500 גרם,"סוגת תעשיות בע""מ",IL,קינואה 500 גרם,גרמים,500.00,100 גרם,false,1,15.90,3.1800,true,1,61463
7290100700372,false,אורז בסמטי מלא סוגת,"סוגת תעשיות בע""מ",IL,אורז בסמטי מלא 1 קג,קילוגרמים,1.00,"ק""ג",false,1,16.90,16.9000,true,1,70939
7290100700396,false,"אורז יסמין סוגת 1 ק""","סוגת תעשיות בע""מ",IL,אורז יסמין קלאסי,קילוגרמים,1.00,"ק""ג",false,1,13.90,13.9000,true,1,84297
7290100700587,false,בורגול סוגת 500 גרם,"סוגת תעשיות בע""מ",IL,בורגול 500 גרם,גרמים,500.00,100 גרם,false,1,5.90,1.1800,true,1,68983
7290100701454,false,גרישה 500 גרם,"סוגת תעשיות בע""מ",IL,גרישה 500 גרם,גרמים,500.00,100 גרם,false,1,5.90,1.1800,true,1,74253
7290100702994,false,סוכר דמררה בשקית 500,"סוגת תעשיות בע""מ",IL,סוכר דמררה 500 גרם,גרמים,500.00,100 גרם,false,1,6.90,1.3800,true,1,118529
7290100703007,false,עדשים שחורות בלוגה 5,האי נאם סי או אל.טי.,IL,עדשים שחורות בלוגה,גרמים,500.00,100 גרם,false,1,8.90,1.7800,true,1,113619
7290100703533,false,קמח קסם שמרים סוגת 1,"שטיבל בע""מ",IL,"קמח קסם שמרים סוגת 1 ק""ג",קילוגרמים,1.00,"ק""ג",false,1,9.90,9.9000,true,1,119222
7290100703861,false,קמח קסם לחלה סוגת 1,סוגת,IL,"קמח קסם לחלה סוגת 1 ק""ג",קילוגרמים,1.00,"ק""ג",false,1,9.90,9.9000,true,1,123579
7290100704066,false,עדשים צהובות 500 גרם,"סוגת תעשיות בע""מ",IL,עדשים צהובות 500 גרם,גרמים,500.00,100 גרם,false,1,8.90,1.7800,true,1,121603
7290100704141,false,סודה לשתייה 100 גרם,א.ל. ייצור ושיווק תב,IL,סודה לשתיה 100 גרם,גרמים,100.00,100 גרם,false,1,3.30,3.3000,true,1,123272
7290100704493,false,קמח שמרים פיצה  סוגת,"שטיבל בע""מ - טחנת קמ",IL,קמח שמרים פיצה,קילוגרמים,1.00,"ק""ג",false,1,9.90,9.9000,true,1,150351
7290100704660,false,קינואה מיקס  סוגת 50,"סוגת תעשיות בע""מ",IL,קינואה מיקס  סוגת 500גרם,גרמים,500.00,100 גרם,false,1,15.90,3.1800,true,1,151358
7290100850909,false,דוריטוס נאצו 70 גרם,שטראוס,IL,דוריטוס נאצו 70 גרם,גרמים,70.00,100 גרם,false,1,3.90,5.5714,true,1,22397
7290100850916,false,דוריטוס חמוץ חריף 70,"שטראוס פריטו ליי בע""",IL,דוריטוס חמוץ חריף 70 גר 48 יח,גרמים,70.00,100 גרם,false,1,3.90,5.5714,true,1,22398
7290100850923,false,דוריטוס גריל 70 גרם,שטראוס פריטו ליי  בע,IL,דוריטוס גריל 70 גר 48 יח,גרמים,70.00,100 גרם,false,1,3.90,5.5714,true,1,22399
7290100850930,false,דוריטוס טבעי 70 גרם,שטראוס פריטו ליי  בע,IL,דוריטוס טבעי 70 גר 48 יח,גרמים,70.00,100 גרם,false,1,3.90,5.5714,true,1,22400
7290100858592,false,אבקת קקאו עלית 150 ג,הנסיך- מפעל לייצור ט,IL,שקית קקאו 150גרם/20שק/150גר,גרמים,150.00,100 גרם,false,1,11.80,7.8667,true,1,38972
7290100858608,false,אבקת קקאו,שטראוס גרופ,,אבקת קקאו 500 גרם,גרמים,500.00,100 גרם,false,1,26.90,5.3800,true,1,38973
7290100890554,false,גביע  מטיאס הולנדי ב,קלאס פוד,IL,גביע  מטיאס הולנדי בבצל ירוק,גרמים,200.00,100 גרם,false,1,30.90,15.4500,true,1,103909
7290100890721,true,גביע עלי גפן,קלאס פוד,IL,גביע עלי גפן,גרמים,230.00,100 גרם,false,1,14.90,6.4783,true,1,122960
7290100891230,false,מגשית גפילטע ( 4 יח,קלאס פוד,IL,מגשית גפילטע,לא מנהל יחידת מידה,0.00,לא מנהל יחידת מידה,false,1,35.00,0.0000,true,1,96479
7290100893104,true,גביע קוביות בולגרית,קלאס פוד,IL,גביע קוביות בולגרית ופסטו,גרמים,250.00,100 גרם,false,1,24.90,9.9600,true,1,122961
7290101453901,false,נר מספר  3,סודי,,נר מספר  3,Unknown,0.00,Unknown,false,1,4.50,0.0000,true,1,103465
7290101486688,false,מאגדת חטיף דגנים עם,"כד בני דרום בע""מ",IL,FREEמאגדת חטיף דגנים עם שוקולד 100 גרם,גרמים,100.00,100 גרם,false,1,16.90,16.9000,true,1,43344
7290101501237,false,עגבניה מגי,חקלאי,IL,עגבניה מגי,קילוגרמים,1.00,"ק""ג",true,,14.90,14.9000,true,1,148274
7290101551027,false,קפסולות קפה אספרסו 1,שטראוס קפה בי.וי,IL,קפסולות קפה אספרסו 14,גרמים,50.00,100 גרם,false,1,16.90,33.8000,true,1,124319
7290101551263,false,סילאן טבעי יד מרדכי,"פוליבה בע""מ",IL,סילאן טבעי יד מרדכי 700 גרם,גרמים,700.00,100 גרם,false,1,21.90,3.1286,true,1,123749
7290101551300,false,סילאן לחיץ יד מרדכי,"פוליבה בע""מ",IL,סילאן טבעי לחיץ 380 גרם,גרמים,380.00,100 גרם,false,1,16.90,4.4474,true,1,123748
7290101551539,true,דנונה פרו 20 גרם בטע,"שטראוס בריאות בע""מ",IL,דנונה פרו 20 גר אפרסק 0% שומן,גרמים,200.00,100 גרם,false,1,5.90,2.9500,true,1,122599
7290101551584,false,מארז תפוציפס קידס 10,הנסיך- מפעל לייצור ט,IL,מ. תפו קידס 10*20 גר 9 יח,גרמים,200.00,100 גרם,false,1,14.90,7.4500,true,1,122785
7290101551614,false,מארז ציטוס קראנצ גבי,הנסיך- מפעל לייצור ט,IL,מ. ציטוס גבינה 8*30 גר 15 יח רבנות,גרמים,240.00,100 גרם,false,1,14.90,6.2083,true,1,122787
7290101551638,false,מארז ציטוס כאפה 10*,הנסיך- מפעל לייצור ט,IL,מ. ציטוס כאפה 10*20 גר 9 יח,גרמים,200.00,100 גרם,false,1,13.90,6.9500,true,1,122783
7290101864127,false,קליה אוקסי ספריי,רקיט בנקיזר,IL,"ספריי מסיר כתמים וניש קליה 750 מ""ל",מיליליטרים,750.00,"100 מ""ל",false,1,17.90,2.3867,true,1,59555
7290101865261,false,נוזל הברקה למדיח,פיניש,,"פיניש נוזל הברקה למדיח 800 מ""ל",מיליליטרים,800.00,"100 מ""ל",false,1,22.90,2.8625,true,1,89475
7290101866633,false,"ג""ל להסרת כתמים קליה",קליה,,"ג""ל להסרת כתמים קליה וניש 3 ליטר",ליטרים,3.00,ליטר,false,1,26.90,8.9667,true,1,80381
7290101869702,true,גל למדיח,,,"פיניש AIO ג""ל 600 מל",מיליליטרים,600.00,"100 מ""ל",false,1,29.90,4.9833,true,1,107112
7290101869719,false,גל למדיח,רקיט בנקיזר,,"פיניש AIO ג""ל 600 מל לימון",מיליליטרים,600.00,"100 מ""ל",false,1,29.90,4.9833,true,1,106914
7290101980919,false,ביצי שוקולד מארז שלי,זאיני,,ביצי שוקולד מארז שלישייה 60 גרם,גרמים,60.00,100 גרם,false,1,12.90,21.5000,true,1,46817
7290101984412,false,זיקוק מספר,F.T.I,,זיקוק מספר,Unknown,0.00,Unknown,false,1,4.90,0.0000,true,1,97349
7290101985433,false,הפתעות לימי הולדת,NOVELTY,,הפתעות לימי הולדת,Unknown,0.00,Unknown,false,1,6.70,0.0000,true,1,93299
7290101987598,false,חרב בועות סבון דורה,סודי,,חרב בועות סבון דורה,Unknown,0.00,Unknown,false,1,9.90,0.0000,true,1,90568
7290102030330,false,תפוציפס קראנץ מקסיקנ,"שטראוס פריטו ליי בע""",IL,תפו קראנצ מקסיקני 200 גר 12 יח - שמיטה,גרמים,200.00,100 גרם,false,1,9.90,4.9500,true,1,42479
7290102031276,false,אקטימל תות בננה  1/8,מיוצר עי קונדיטוריית,IL,אקטימל 8 תות בננה,מיליליטרים,800.00,"100 מ""ל",false,1,20.90,2.6125,true,1,42250
7290102060764,false,מרידול מברשת שיניים,Colgate (Euro)-Palmo,,מרידול זוג מברשות שיניים עדין 2 יחידות,Unknown,0.00,Unknown,false,1,33.90,0.0000,true,1,47370
7290102300822,false,גבינת צדר אנגלית כתו,יוליניבר,,גבינת צדר אנגלית כתומה 200 גרם נני,גרמים,200.00,100 גרם,false,1,24.90,12.4500,true,1,87700
7290102300860,false,גבינת צדר אנגלית 200,יוליניבר,,גבינת צדר אנגלית 200 גרם נני,גרמים,200.00,100 גרם,false,1,24.90,12.4500,true,1,88981
7290102302246,false,גבינת גאודה 200 גרם,מיוצר עי קונדיטוריית,NL,גבינת גאודה נני 200 גרם,גרמים,200.00,100 גרם,false,1,27.90,13.9500,true,1,117739
7290102302260,false,גבינה גרנה פדנה 200,הנסיך- מפעל לייצור ט,IT,גבינת גראנה פדנו 200 גרם,גרמים,200.00,100 גרם,false,1,32.90,16.4500,true,1,117733
7290102302840,false,גבינת גאודה עיזים פר,מיוצר עי קונדיטוריית,NL,גבינת גאודה עיזים פרוסה  של נני 150 גרם,גרמים,150.00,100 גרם,false,1,31.90,21.2667,true,1,144586
7290102302864,false,גאודה פסטו ירוק 200,הנרי ויליך,NL,גאודה פסטו ירוק 200 גרם,גרמים,200.00,100 גרם,false,1,34.90,17.4500,true,1,144588
7290102302888,false,גאודה כמון 200 גרם,מיוצר עי קונדיטוריית,NL,גאודה כמון 200 גרם,גרמים,200.00,100 גרם,false,1,33.90,16.9500,true,1,144590
7290102302994,false,גאיה בסגנון פטה במי,ZIEGLER,GR,גאיה גבינה טבעונית בסגנון פטה 200 גרם,גרמים,200.00,100 גרם,false,1,29.90,14.9500,true,1,147820
7290102304745,false,גבינת פיור גולד 180,הנרי ויליך,NL,גבינת פיור גולד 180 גרם,גרמים,180.00,100 גרם,false,1,45.90,25.5000,true,1,154224
7290102390427,false,יוגורט מולר פרופ תות,טרה,,יוגורט מולר פרופ תות 150 גרם,גרמים,150.00,100 גרם,false,1,5.50,3.6667,true,1,47056
7290102390465,false,יוגורט מולר פרופ אפר,טרה,,יוגורט מולר פרופ אפרסק פסיפלורה 150 גרם,גרמים,150.00,100 גרם,false,1,5.50,3.6667,true,1,47059
7290102390489,false,יוגורט מולר פרופ לימ,טרה,,יוגורט מולר פרופ לימון 150 גרם,גרמים,150.00,100 גרם,false,1,5.50,3.6667,true,1,47061
7290102391844,false,יוגורט מולר פרופ פיר,טרה,,יוגורט מולר פרופ פירות יער 150 גרם,גרמים,150.00,100 גרם,false,1,5.50,3.6667,true,1,49544
7290102392049,false,גבינה תבור       5%,משק צוריאל,IL,משק צוריאל תבור 5% שומן גבינה מחלב בקר 500 גרם,גרמים,500.00,100 גרם,false,1,27.50,5.5000,true,1,55307
7290102392094,false,חלב עיזים 1 ליטר קרט,מילקו תעשיות בעמ,IL,חלב עיזים בקרטון 1 ליטר,ליטרים,1.00,ליטר,false,1,17.90,17.9000,true,1,55311
7290102392728,false,יוגרוט מולר ביאנקו 2,"טרה, פארק תעשיות בע""",IL,"מולייר, יוגורט bio 2.8%  שומן",גרמים,200.00,100 גרם,false,1,4.20,2.1000,true,1,62307
7290102393039,false,יוגורט מולר מיקס פצפ,טרה,IL,יוגורט מולר מיקס פצפוצי שוקולד 170 גרם,גרמים,170.00,100 גרם,false,1,6.50,3.8235,true,1,66316
7290102393060,false,יוגורט קרם אגוזים מו,טרה,IL,Muller mix גליליות קרם אגוזים,גרמים,170.00,100 גרם,false,1,6.50,3.8235,true,1,66317
7290102393169,false,יוגורט מולר סימפלי פ,טרה,IL,מולר יוגורט ביו עם תות שדה 3% שומן 150 גרם,גרמים,150.00,100 גרם,false,1,5.50,3.6667,true,1,72298
7290102393176,false,יוגורט מולר סימפלי פ,מילקו תעשיות בעמ,IL,יוגורט מולר סימפלי פרוט אפרסק 3% 150 גרם,גרמים,150.00,100 גרם,false,1,5.50,3.6667,true,1,72299
7290102393190,false,יוגורט מולר סימפלי פ,מילקו תעשיות בעמ,IL,Muller Simply fruit יוגורט BIO פירות יער,גרמים,150.00,100 גרם,false,1,5.50,3.6667,true,1,72301
7290102393299,false,יוגורט עיזים לשתיה 5,מיוצר עי קוד יצרן HG,IL,יוגורט עיזים לשתייה 3% שומן - 500 גרם,מיליליטרים,500.00,"100 מ""ל",false,1,13.90,2.7800,true,1,69486
7290102393855,false,יוגורט עיזים אפרסק 1,מחלבת משק צוריאל,,יוגורט עיזים אפרסק 150 גרם צוריאל,גרמים,150.00,100 גרם,false,1,6.90,4.6000,true,1,75888
7290102393947,false,יוגורט מולר סימפלי פ,מילקו תעשיות בעמ,IL,יוגורט מולר סימפלי פרוט קיווי 3% 150 גרם,גרמים,150.00,100 גרם,false,1,5.50,3.6667,true,1,76891
7290102394081,false,יוגורט קורנפלקס מולר,מילקו תעשייה בעמ,IL,Muller mix קורנפלקס מצופה,גרמים,170.00,100 גרם,false,1,6.50,3.8235,true,1,76893
7290102394821,false,גבינה צהובה דק דק 28,מילקו תעשיות בעמ,IL,גבנצ 28% דק דק 200 ג',גרמים,200.00,100 גרם,false,1,17.90,8.9500,true,1,83151
7290102394845,false,גבינה צהובה דק דק 9%,מילקו תעשיות בעמ,IL,גבנצ 9% דק דק 200 ג',גרמים,200.00,100 גרם,false,1,16.90,8.4500,true,1,83152
7290102395224,false,מאגדת מולר ביאנקו,טרה,,מאגדת 1/8 ביאנקו 1.7% נטורל,קילוגרמים,1.20,"ק""ג",false,1,19.90,16.5833,true,1,87850
7290102395231,false,מאגדת ביאנקו   2.8%,טרה,,מאגדת 1/8 ביאנקו 2.8% נטורל,קילוגרמים,1.20,"ק""ג",false,1,19.90,16.5833,true,1,87851
7290102395262,false,מארז 1\8 סימפלי פרוט,טרה,IL,מארז 1\8 סימפלי פרוט תות אפרסק,קילוגרמים,1.20,"ק""ג",false,1,32.90,27.4167,true,1,89324
7290102395378,false,גבינה צהובה 28% נעם,טרה,IL,צהובה נעם 28% ואקום 360 פרוס,גרמים,360.00,100 גרם,false,1,22.50,6.2500,true,1,88688
7290102395422,false,נעם 22%  שמנה גלבוע,,,נעם 22%  שמנה גלבוע למעדניה,קילוגרמים,1.00,"ק""ג",true,,42.58,42.5800,true,1,92081
7290102395439,false,מארז 1\8 סימפלי פרוט,מילקו תעשיות בעמ,IL,מארז 1\8 סימפלי פרוט יער וקיוי,קילוגרמים,1.20,"ק""ג",false,1,32.90,27.4167,true,1,89325
7290102395446,false,מעדן מוו וניל קצפת,טרה,IL,מעדן בטעם וניל קצפת,גרמים,123.00,100 גרם,false,1,3.30,2.6829,true,1,88693
7290102395477,false,מעדן מו שוקולד וקצפת,טרה,IL,מעדן בטעם שוקולד קצפת,גרמים,123.00,100 גרם,false,1,3.30,2.6829,true,1,88696
7290102396580,false,מעדן מוס שוקולד מוו,טרה,IL,מעדן חלב ומוס בטעם שוקולד 118 גרם,גרמים,123.00,100 גרם,false,1,3.30,2.6829,true,1,100165
7290102396719,false,יוגורט מולר סימפלי פ,טרה,IL,יוגורט BIO עם חתיכת פרי,גרמים,150.00,100 גרם,false,1,5.50,3.6667,true,1,102205
7290102396733,false,יוגורט מולר סימפלי פ,מילקו תעשיות בעמ,IL,יוגורט BIO עם פירות יער 0% שומן,גרמים,150.00,100 גרם,false,1,5.50,3.6667,true,1,153607
7290102397334,false,גבינה בולגרית צוריאל,מחלבת משק צוריאל,IL,בולגרית 5% 250 גרם,גרמים,250.00,100 גרם,false,1,23.90,9.5600,true,1,112014
7290102397341,false,גבינה בולגרית צוריאל,משק צוריאל,IL,בולגרית 24% שומן 250 גרם,גרמים,250.00,100 גרם,false,1,23.90,9.5600,true,1,112015
7290102397464,false,יוגורט מולר נטורל פק,טרה,IL,מולר ביאנקו פלוס + פקאן וגרעינים,גרמים,168.00,100 גרם,false,1,6.50,3.8690,true,1,114953
7290102397600,false,מולר מיקס שקדים ובוט,מילקו תעשייה בעמ,IL,Muller mix שקדים ובוטנים בקרמל,גרמים,168.00,100 גרם,false,1,6.50,3.8690,true,1,112299
7290102397617,false,יוגורט מולר מיקס קלי,טרה,IL,Muller mix כדורי דגנים בציפוי שוקולד,גרמים,168.00,100 גרם,false,1,6.50,3.8690,true,1,112300
7290102397730,false,גבינת אמנטל נעם פתיח,טרה,IL,טרה נועם אמנטל פרוסות גבינה חצי קשה 30% 200 גרם,גרמים,200.00,100 גרם,false,1,18.90,9.4500,true,1,115551
7290102397747,false,גבינה מוצרלה נעם רכי,טרה,IL,"מוצרלה נעם 22% שומן, 200 גרם",גרמים,200.00,100 גרם,false,1,20.90,10.4500,true,1,117826
7290102397891,false,גבינה מותכת צוריאל 1,משק צוריאל,IL,גבינה מותכת 100 גרם צוריאל,גרמים,100.00,100 גרם,false,1,7.90,7.9000,true,1,114956
7290102398065,false,חלב 2 3% ליטר קרטון,טרה,IL,טרה חלב בקרטון 2 ליטר 3% שומן,ליטרים,2.00,ליטר,false,1,12.46,6.2300,true,1,116240
7290102398072,false,חלב 3% קרטון מהדרין,טרה,IL,חלב בקרטון 1 ליטר 3% שומן,ליטרים,1.00,ליטר,false,1,6.23,6.2300,true,1,116239
7290102398331,false,חלב מועשר דל לקטוז 1,טרה,IL,"טרה חלב מועשר דל לקטוז 2% שומן, 1 ליטר",ליטרים,1.00,ליטר,false,1,5.70,5.7000,true,1,117828
7290102398560,false,שוקו טרה מועשר בקבוק,מילקו תעשיות בעמ,IL,שוקו טרה מועשר בקבוק 1ליטר,ליטרים,1.00,ליטר,false,1,13.90,13.9000,true,1,122413
7290102398577,false,שוקו טרה מועשר בקבוק,מילקו תעשיות בעמ,IL,"שוקו250 מ""ל בקבוק",מיליליטרים,250.00,"100 מ""ל",false,1,6.50,2.6000,true,1,122416
7290102398638,false,משקה חלב בטעם מוקה,מילקו תעשיות בעמ,IL,משקה חלב בטעם מוקה 1 ליטר,ליטרים,1.00,ליטר,false,1,13.90,13.9000,true,1,122414
7290102398669,false,אייס קפוצינו טרה 1 ל,מילקו תעשיות בעמ,IL,"אייס קפוצ'ינו 1 ליטר בד""צ",ליטרים,1.00,ליטר,false,1,13.90,13.9000,true,1,144934
7290102398782,false,משקה סויה קלאסי משק,ואל סויה,IT,משקה סויה קלאסי משק צוריאל,ליטרים,1.00,ליטר,false,1,12.50,12.5000,true,1,143978
7290102398799,false,משקה סויה במתיקות מו,ואל סויה,IT,משקה סויה במתיקות מופחתת,ליטרים,1.00,ליטר,false,1,12.50,12.5000,true,1,143980
7290102399048,false,קשקבל נעם פתיחה חוזר,טרה,IL,קשקבל נעם פתיחה חוזרת - 200 גרם,גרמים,200.00,100 גרם,false,1,26.90,13.4500,true,1,125106
7290102399635,false,מולר פרופ קוקוס ואננ,טרה,IL,מולר פרופ TROPICAL קוקוס ואננס 3.9% שומן,גרמים,150.00,100 גרם,false,1,5.50,3.6667,true,1,144928
7290102399697,false,יוגורט מולר סימפלי,מילקו,IL,יוגורט מולר סימפלי  פרוט מנגו 150גרם,גרמים,150.00,100 גרם,false,1,5.20,3.4667,true,1,144020
7290102399772,false,ממרח חמאה מולר במליח,Molkerei Weihensteph,DE,ממרח חמאת Muller במליחות עדינה 250 גרם,גרמים,250.00,100 גרם,false,1,16.50,6.6000,true,1,147300
7290102399789,false,ממרח חמאת מולר ללא מ,Molkerei Weihensteph,DE,ממרח חמאת Muller ללא מלח 250 גרם,גרמים,250.00,100 גרם,false,1,16.50,6.6000,true,1,147301
7290102399796,false,מולר אקטיב יוגורט25,טרה,IL,Muller Active יוגורט BIO מועשר חלבון,גרמים,200.00,100 גרם,false,1,6.50,3.2500,true,1,144924
7290102399802,false,מולר אקטיב יוגורט25,טרה,IL,Muller Active יוגורט תות מועשר חלבון 20 גרם,גרמים,200.00,100 גרם,false,1,6.50,3.2500,true,1,144927
7290102399819,false,מולר אקטיב יוגורט25,טרה,IL,Muller Active יוגורט פירות יער מועשר חלבון 20 גרם,גרמים,200.00,100 גרם,false,1,6.50,3.2500,true,1,144926
7290103124601,false,פלמוליב סבון נוזלי ח,הנסיך- מפעל לייצור ט,TR,"פלמוליב סבון נוזלי חלב ודבש 750 מ""ל",מיליליטרים,750.00,"100 מ""ל",false,1,21.90,2.9200,true,1,97062
7290103129378,false,ספיד סטיק דאו X5 גל,קולגייט פלמוליב,US,דאודורנט גל ספיד סטיק X5 85 גרם,גרמים,0.00,100 גרם,false,1,21.90,0.0000,true,1,87263
7290103400194,false,"כרוב לבן 400 גרם בד""","טרופיקל דגיל בע""מ אז",IL,כרוב לבן 400 גרם בדצ שטופים שטראוס,גרמים,400.00,100 גרם,false,1,9.90,2.4750,true,1,66856
7290103400231,false,"גזר מגורד בד""צ",תות תעשיות מזון (201,IL,גזר שטראוס טעם הטבע בדצ 400 גרם,גרמים,400.00,100 גרם,false,1,9.90,2.4750,true,1,66858
7290103401429,false,קפה פלטינום קצב ברזי,שטראוס קפה בי.וי,IL,פלטינום ברזילאי 200 גרם,גרמים,200.00,100 גרם,false,1,27.90,13.9500,true,1,58846
7290103404758,false,סלט כרוב אדום יום יו,מיוצר עי קונדיטוריית,IL,כרוב 120,גרמים,120.00,100 גרם,false,1,5.50,4.5833,true,1,56392
7290103408206,false,עלי חסה בקופסא250 גר,שטראוס בריאות ירקות,IL,עלי חסה בקופסא250 גר שטופים שטראוס,גרמים,250.00,100 גרם,false,1,12.90,5.1600,true,1,65356
7290103681197,false,יין תבור סדרת הר שיר,מיוצר על ידי יקב תבו,IL,"הר שיראז יין אדום יבש, 750 מל",מיליליטרים,750.00,"100 מ""ל",false,1,46.90,6.2533,true,1,124007
7290103681210,false,"יין שרדונה 750 מ""ל ס",מיוצר על ידי יקב תבו,IL,תבור הר שרדונה 750 מל,מיליליטרים,750.00,"100 מ""ל",false,1,46.90,6.2533,true,1,124006
7290103681227,false,יין גוורצטרמינר חצי,מיוצר על ידי יקב תבו,IL,הר גוורצטרמינר 750 מל,מיליליטרים,750.00,"100 מ""ל",false,1,46.90,6.2533,true,1,124010
7290103681241,false,"הר מוסקטו  750 מ""ל",תבור,IL,"תבור הר מוסקטו  750 מ""ל",מיליליטרים,750.00,"100 מ""ל",false,1,46.90,6.2533,true,1,125632
7290104061417,false,סלט חומוס וטחינה,"שטראוס גרופ בע""מ",IL,סלט חומוס וטחינה 400 גרם,גרמים,400.00,100 גרם,false,1,12.20,3.0500,true,1,62183
7290104061424,false,סלט חומוס וזעתר,מיוצר עי קונדיטוריית,IL,חומוס בתוספת זעתר 400 גרם,גרמים,400.00,100 גרם,false,1,12.20,3.0500,true,1,62184
7290104061431,false,סלט חומוס וצנובר,"שטראוס גרופ בע""מ",IL,סלט חומוס וצנובר 400 גרם,גרמים,400.00,100 גרם,false,1,12.20,3.0500,true,1,62185
7290104065934,false,עלי רוקט 150 גרם שטו,שטראוס בריאות ירקות,IL,עלי רוקט 150 גרם שטופים שטראוס,גרמים,150.00,100 גרם,false,1,12.90,8.6000,true,1,67113
7290104066566,false,טחינה משומשום מלא,מיוצר עי קונדיטוריית,IL,טחינה 500 גרם,גרמים,500.00,100 גרם,false,1,15.60,3.1200,true,1,67738
7290104067679,false,טחינה אחלה 400 גרם,מיוצר עי קונדיטוריית,IL,טחינה 400,גרמים,400.00,100 גרם,false,1,10.90,2.7250,true,1,109882
7290104260940,false,שלישיית כובעי ניילון,,,שלישיית כובעי ניילון,יחידה,1.00,יחידה,false,1,14.90,14.9000,true,1,151681
7290104500572,false,אפרופו איטליאנו,"אסם השקעות בע""מ",IL,אפרופו איטלקי 36*50גרם,גרמים,50.00,100 גרם,false,1,5.20,10.4000,true,1,75997
7290104501661,false,פודינג אינסטנט וניל,מיוצר עי קונדיטוריית,IL,אסם פודינג בטעם וניל צרפתי 12*80גרם,גרמים,80.00,100 גרם,false,1,5.90,7.3750,true,1,71801
7290104508189,false,גביעי גלידה,בטר אנד דיפרנט,IL,אסם 24 גביעי גלידה ממותקים 12*95גרם,Unknown,0.00,Unknown,false,1,12.90,0.0000,true,1,78593
7290104508943,false,במבה קלאסי 200 גרם,"אסם השקעות בע""מ",IL,במבה קלאסי 200 גרם,גרמים,200.00,100 גרם,false,1,9.90,4.9500,true,1,80936
7290104570513,false,"תמר מג""הול 1 ק""ג",חקלאי,IL,"תמר מג""הול 1 ק""ג",קילוגרמים,1.00,"ק""ג",false,1,14.90,14.9000,true,1,155364
7290104721953,false,לקט מסולסלים,תות תעשיות מזון (201,IL,לקט מסולסלים 350 גרם,גרמים,350.00,100 גרם,false,1,13.90,3.9714,true,1,70202
7290104722530,false,תפוציפס שמנת בצל200,"שטראוס פריטו ליי בע""",IL,תפו שמנת בצל 200 גר 12 יח - שמיטה,גרמים,200.00,100 גרם,false,1,9.90,4.9500,true,1,70647
7290104726262,false,מארז דני לשתייה רביע,מיוצר עי קונדיטוריית,IL,דני שלוק שוקולד רביעייה,גרמים,500.00,100 גרם,false,1,11.90,2.3800,true,1,73837
7290104726712,false,מארז מילקי שמיניה,"שטראוס גרופ בע""מ",IL,מארז 8 מילקי בטעם שוקולד,קילוגרמים,1.06,"ק""ג",false,1,22.90,21.6038,true,1,81036
7290104728310,false,שמנת עמידה לקצפת 38%,מחלבת יטבתה,IL,שמנת להקצפה 38% מהדרין,מיליליטרים,250.00,"100 מ""ל",false,1,6.47,2.5880,true,1,76491
7290104729003,false,שמן זית כתית מעולה י,תות תעשיות מזון (201,IL,שמן זית כתית מעולה יד מרדכי,מיליליטרים,750.00,"100 מ""ל",false,1,34.90,4.6533,true,1,122957
7290104960970,false,דאו ספריי טיטניום,אמיליה קוסמטיקס בעמ,IL,"טיטניום דאודורנט ספריי מטאל 180 מ""ל",מיליליטרים,180.00,"100 מ""ל",false,1,18.90,10.5000,true,1,82569
7290104961540,false,טיטניום דאו ספריי,אמיליה קוסמטיקס,,טיטניום דאו ספריי גוף מטאל          150,מיליליטרים,150.00,"100 מ""ל",false,1,15.90,10.6000,true,1,85175
7290104961878,false,קרטין אינטנס שמפו,קוסמופארם בע''מ,IL,קרטין אינטנס- שמפו לשיער,מיליליטרים,400.00,"100 מ""ל",false,1,29.90,7.4750,true,1,88340
7290104961885,false,קרטין אינטנס מרכך,קוסמופארם בע''מ,IL,קרטין אינטנס- מרכך לשיער,מיליליטרים,400.00,"100 מ""ל",false,1,29.90,7.4750,true,1,88341
7290104961892,false,קרטין אינטנס מסיכה,טרופיקל דגיל תעשיות,IL,קרטין אינטנס- מסכה לשיער,מיליליטרים,350.00,"100 מ""ל",false,1,29.90,8.5429,true,1,88342
7290104962080,false,טיטניום גולד ספריי,משווק: קוסמופארם בעמ,IL,טיטניום גולד ספריי גוף לגבר,מיליליטרים,150.00,"100 מ""ל",false,1,15.90,10.6000,true,1,94861
7290104964008,false,סקינגארד ספריי תחליב,מיוצר עי : אמיליה קו,IL,"סקין גארד ספריי תחליב ילדים משפחתי SPF30 -300 מ""ל",מיליליטרים,300.00,"100 מ""ל",false,1,39.90,13.3000,true,1,114970
7290105360250,false,קפסולות מקיאטו 10 יח,שטראוס קפה בי.וי.,IL,קפסולות 09 למכונות NESPRESSO,גרמים,50.00,100 גרם,false,1,16.90,33.8000,true,1,89550
7290105360328,false,קפסולות קפה אספרסו 1,שטראוס קפה בי.וי.,IL,קפסולות 10 למכונות NESPRESSO,גרמים,50.00,100 גרם,false,1,16.90,33.8000,true,1,89580
7290105360335,false,קפסולות אספרסו 10 יח,שטראוס קפה בי.וי.,IL,קפסולות 07 למכונות NESPRESSO,גרמים,50.00,100 גרם,false,1,16.90,33.8000,true,1,89581
7290105360878,false,מארז תפוציפס,"שטראוס פריטו ליי בע""",IL,מארז תפוציפס 50*4 גרם,גרמים,200.00,100 גרם,false,1,12.90,6.4500,true,1,100870
7290105362339,false,שמנת לבישול     15%,מחלבת יטבתה,IL,"שמנת לבישול 15% מהדרין 250 מ""ל",מיליליטרים,250.00,"100 מ""ל",false,1,8.60,3.4400,true,1,83623
7290105363602,false,מקלות כיף כף קלאסי,"איי, בי, אינבוו",TR,כיף כף מקלות קלאסי,גרמים,40.00,100 גרם,false,1,5.90,14.7500,true,1,87518
7290105364289,false,מקלות כיף כף פצפוצים,"איי, בי, אינבוו",TR,כיף כף מקלות פצפוצים,גרמים,40.00,100 גרם,false,1,5.90,14.7500,true,1,87519
7290105364302,false,מקלות כיף כף אגוזים,"איי, בי, אינבוו",TR,כיף כף מקלות אגוזים,גרמים,40.00,100 גרם,false,1,5.90,14.7500,true,1,87520
7290105364678,false,משקה יוגורט אקטיביה,"שטראוס בריאות בע""מ",IL,משקה אקטיביה אפרסק 1.2% בודד,מיליליטרים,250.00,"100 מ""ל",false,1,5.90,2.3600,true,1,78055
7290105366023,false,חציל בטעם כבד 400 גר,מיוצר עי קונדיטוריית,IL,חציל בטעם כבד 400 גרם,גרמים,400.00,100 גרם,false,1,15.90,3.9750,true,1,79616
7290105366993,false,גבינת סימפוניה פלפל,"שטראוס בריאות בע""מ",IL,סימפוניה פילפל שיפקה חריף,גרמים,200.00,100 גרם,false,1,11.90,5.9500,true,1,95341
7290105368331,false,מילקי תות 133 גרם,מחלבת אחיהוד,IL,מילקי בטעם תות,גרמים,133.00,100 גרם,false,1,3.00,2.2556,true,1,84176
7290105368904,false,שמנת מתוקה 250 32% מ,מחלבת יטבתה,IL,שמנת מתוקה להקצפה 32% מהדרין-ח,מיליליטרים,250.00,"100 מ""ל",false,1,7.80,3.1200,true,1,86197
7290105369130,false,גבינת סימפוניה 5% בצ,"שטראוס בריאות בע""מ",IL,סימפוניה בצל ירוק 2022,גרמים,200.00,100 גרם,false,1,11.90,5.9500,true,1,88699
7290105431516,false,מאגדת חטיף תמרים,טבעית מוצרים מן הטבע,IL,"FREE חטיף תמרים ובוטנים, 5 חטיפים, 125 גרם",גרמים,125.00,100 גרם,false,1,16.90,13.5200,true,1,90043
7290105436382,false,מאגדת חטיף תמרים,"כד בני דרום בע""מ",IL,מאגדת חטיף תמרים קשיו,גרמים,125.00,100 גרם,false,1,16.90,13.5200,true,1,100671
7290105500151,false,וודקה פינלנדיה בקבוק,"אלטיה קורפ, הלסינקי,",FI,"וודקה פינלנדיה בקבוק 700 מ""ל",מיליליטרים,700.00,"100 מ""ל",false,1,74.90,10.7000,true,1,85283
7290105500236,false,ויסקי גק דניאלס 700,ג'ק דניאלס,US,טנסי וויסקי,מיליליטרים,700.00,"100 מ""ל",false,1,124.90,17.8429,true,1,99498
7290105500953,false,ויסקי גק דניאלס דבש,ג'ק דניאל'ס,BE,ליקר טנסי דבש על בסיס ג'ק דניאל'ס,מיליליטרים,700.00,"100 מ""ל",false,1,124.90,17.8429,true,1,99499
7290105501547,false,מארז גריי גוס 700 פל,בקרדי מרטיני,FR,מארז גריי גוס 700 פלוס כוס,מיליליטרים,700.00,"100 מ""ל",false,1,139.90,19.9857,true,1,152695
7290105691224,false,טורטייה שום בצל 60 ג,,IL,אסם חטיפי פריכונים טורטיה שום בצל 12*60ג,גרמים,60.00,100 גרם,false,1,7.90,13.1667,true,1,81037
7290105691248,false,טורטייה תירס 60 גרם,,IL,אסם חטיפי פריכונים טורטיה תירס 12*60גרם,גרמים,60.00,100 גרם,false,1,7.90,13.1667,true,1,81038
7290105691712,false,עוגיות הפסקת קפה,היינץ צפון אמריקה מק,IL,עוגיות הפסקת קפה דגנים מלאים          2,גרמים,230.00,100 גרם,false,1,11.90,5.1739,true,1,83852
7290105691934,false,"קמח שמרים 1 ק""ג",תאי פרזידנט פוד פאבל,IL,"קמח שמרים 1 ק""ג אסם",קילוגרמים,1.00,"ק""ג",false,1,10.80,10.8000,true,1,87060
7290105693341,false,מארז במבה 25*10 גרם,"אסם השקעות בע""מ",IL,מארז במבה 25*10 גרם,גרמים,250.00,100 גרם,false,1,15.90,6.3600,true,1,95566
7290105693952,false,פירורית זהב שומשום 2,מיוצר עי קונדיטוריית,IL,פירורית זהב שומשום 200 גרם,גרמים,200.00,100 גרם,false,1,6.90,3.4500,true,1,83633
7290105694928,false,אבקת מרק בצל 220 גרם,"אסם השקעות בע""מ",IL,אבקת מרק בצל 220 גרם,גרמים,220.00,100 גרם,false,1,17.90,8.1364,true,1,86230
7290105695895,false,עוגת הבית דמקה דבש 3,"אסם השקעות בע""מ",IL,הבית עוגת דמקה דבש 8*320גרם,גרמים,320.00,100 גרם,false,1,14.90,4.6563,true,1,85097
7290105962980,false,כרוב אדום 400 גרם,מיוצר עי קונדיטוריית,IL,כרוב אדום 400,גרמים,400.00,100 גרם,false,1,10.90,2.7250,true,1,109881
7290105962997,false,חציל במיונז 400 גרם,"שטראוס גרופ בע""מ",IL,חציל במיונז 400 גרם,גרמים,400.00,100 גרם,false,1,10.90,2.7250,true,1,109880
7290105963000,false,מטבוחה  400 גרם,מיוצר עי קונדיטוריית,IL,מטבוחה 400,גרמים,400.00,100 גרם,false,1,10.90,2.7250,true,1,109876
7290105965738,false,משקה יוגורט דנונה תו,מיוצר עי קונדיטוריית,IL,"משקה יוגורט דנונה תות בננה 267מ""ל",מיליליטרים,267.00,"100 מ""ל",false,1,5.30,1.9850,true,1,97257
7290105966469,false,חומץ בלסמי יד מרדכי,אצטייה ג'וזפה קרמוני,IT,חומץ בלסמי יד מרדכי,מיליליטרים,250.00,"100 מ""ל",false,1,15.90,6.3600,true,1,89888
7290105968654,false,רביולי בטטה פרווה 40,"שטראוס גרופ בע""מ",IL,רביולי בטטה פרווה 400 EAT GOOD,גרמים,400.00,100 גרם,false,1,19.90,4.9750,true,1,86224
7290105968777,false,פריכיות 5 דגנים עם ש,"טחנת האבן תעשיות בע""",IL,פריכיות אנרגי תחתית ש.מריר OS,גרמים,70.00,100 גרם,false,1,8.80,12.5714,true,1,90743
7290106520066,false,רבע לשבע אגוזים  160,הגביע מוצרי וופלים ב,IL,רבע לשבע (ירוק) 160 גר',גרמים,160.00,100 גרם,false,1,12.90,8.0625,true,1,87912
7290106520288,false,WOW יוגורט דנונה תות,"שטראוס בריאות בע""מ",IL,WOW יוגורט דנונה תות 150 גרם,גרמים,150.00,100 גרם,false,1,4.90,3.2667,true,1,111023
7290106520912,false,שמנת לבישול      9%,,IL,"שמנת לבישול 250 9% מ""ל",מיליליטרים,250.00,"100 מ""ל",false,1,8.60,3.4400,true,1,90899
7290106521049,false,קוביות סלק 400,מיוצר עי קונדיטוריית,IL,קוביות סלק 400,גרמים,400.00,100 גרם,false,1,15.90,3.9750,true,1,94255
7290106524439,false,תפוציפס פופס 60 גרם,"שטראוס פריטו ליי בע""",IL,תפו פופס 60 גר 40 יח,גרמים,60.00,100 גרם,false,1,3.90,6.5000,true,1,117624
7290106525320,false,שוקולית לאפיה 500 גר,הנסיך- מפעל לייצור ט,IL,שוקולית לאפיה,גרמים,500.00,100 גרם,false,1,17.70,3.5400,true,1,100873
7290106528567,false,דוריטוס גריל 185 גרם,הנסיך- מפעל לייצור ט,IL,דוריטוס גריל 185 גר 12 יח,גרמים,185.00,100 גרם,false,1,8.00,4.3243,true,1,111603
7290106528628,false,דוריטוס טבעי 185 גרם,הנסיך- מפעל לייצור ט,IL,דוריטוס טבעי 185 גרם,גרמים,185.00,100 גרם,false,1,8.00,4.3243,true,1,111604
7290106528949,false,לקט ערוגות 450 גרם ש,תות תעשיות מזון (201,IL,לקט ערוגות 450 גרם שטופים שטראוס,גרמים,450.00,100 גרם,false,1,13.90,3.0889,true,1,98638
7290106571792,false,ויטמינציק ענבים,המאפיה של הרמן,IL,ויטמינצ'יק קרחון ענבים 48*80גרם,גרמים,80.00,100 גרם,false,1,2.90,3.6250,true,1,89158
7290106571921,false,עוגיות בטעם חמוציות,מיוצר עי קונדיטוריית,IL,פיטנס עוגיות חמוציות 12*180גרם,גרמים,180.00,100 גרם,false,1,12.80,7.1111,true,1,98222
7290106572027,false,לחמית חמישה דגנים,"אסם השקעות בע""מ",IL,לחמית חמישה דגנים 12*190גרם,גרמים,190.00,100 גרם,false,1,10.90,5.7368,true,1,87858
7290106572065,false,חטיפי טורטיה תירס,,IL,אסם חטיפי פרכ.טורטיה תר.חמוץ מתוק 12*60ג,גרמים,60.00,100 גרם,false,1,7.90,13.1667,true,1,87803
7290106573086,false,קוסקוס אמיתי מארז 2,"מיוצר ע""י קוד יצרן K",IL,אסם קוסקוס אמיתי קדמ.מארז זוגות12 2*350ג,גרמים,700.00,100 גרם,false,1,10.90,1.5571,true,1,93835
7290106573628,false,סלט חומוס טחינה 400,לחמנו,IL,צבר חומוס עם טחינה 12*400גרם,גרמים,400.00,100 גרם,false,1,12.90,3.2250,true,1,91350
7290106574120,false,שלגון גומיגם,המאפיה של הרמן,IL,גומיגם קרחון שרבט עם סוכריות בפנים42*90ג,גרמים,90.00,100 גרם,false,1,7.00,7.7778,true,1,95970
7290106574953,false,בייגלה שטוחים עם שומ,מיוצר עי קונדיטוריית,IL,אסם בייגלה שטוחים שומשום 9*300גרם,גרמים,300.00,100 גרם,false,1,11.90,3.9667,true,1,93056
7290106574977,false,בייגלה שטוחים עם מלח,מיוצר עי קונדיטוריית,IL,אסם בייגלה שטוחים עם מלח 9*300גרם,גרמים,300.00,100 גרם,false,1,11.90,3.9667,true,1,93057
7290106575431,false,עוגת הבית סופלה,מיוצר עי קונדיטוריית,IL,הבית עוגת סופלה בטעם שוקו וניל 8*340גרם,גרמים,340.00,100 גרם,false,1,15.90,4.6765,true,1,94264
7290106576513,false,סלט חומוס צבר 400 גר,סלטי צבר,IL,צבר חומוס 12*400גרם,גרמים,400.00,100 גרם,false,1,11.90,2.9750,true,1,94370
7290106576537,false,חומוס מסעדה צבר 700,סלטי צבר,IL,צבר חומוס מסעדה 6*700גרם,גרמים,700.00,100 גרם,false,1,12.90,1.8429,true,1,94490
7290106576834,false,גלידה לה קרמריה פונט,תות תעשיות מזון (201,IL,גלידה לה קרמריה פונטש בננה 1.4 ליטר,ליטרים,1.40,ליטר,false,1,21.90,15.6429,true,1,95986
7290106576858,false,גלידה לה קרמריה תותי,המאפיה של הרמן,IL,לה קרמריה תותים בשמנת כלפ.6*1.4ליטר,ליטרים,1.40,ליטר,false,1,21.90,15.6429,true,1,95981
7290106576957,false,גלידה לה קרמריה שוקו,תות תעשיות מזון (201,IL,לה קרמריה שוקו וניל פליק פרווה בדצ6*1.4ל,לא מנהל יחידת מידה,0.00,לא מנהל יחידת מידה,false,1,21.90,0.0000,true,1,95990
7290106576971,false,גלידה לה קרמריה שוקו,תות תעשיות מזון (201,IL,לה קרמריה גלידת שוקולד 6*1.4ל,ליטרים,1.40,ליטר,false,1,21.90,15.6429,true,1,95980
7290106576995,false,גלידה לה קרמריה תות,המאפיה של הרמן,IL,לה קרמריה סורבה לייט תות מנגו 6*1.4ליטר,ליטרים,1.40,ליטר,false,1,21.90,15.6429,true,1,95987
7290106577039,false,גלידה לה קרמריה שוקו,תות תעשיות מזון (201,IL,לה קרמריה שוקו וניל פליק חלבי בדצ 6*1.4ל,לא מנהל יחידת מידה,0.00,לא מנהל יחידת מידה,false,1,21.90,0.0000,true,1,95982
7290106577282,false,טחינה אמיתית צבר 400,לחמנו,IL,צבר טחינה מרובע 6*400גרם,גרמים,400.00,100 גרם,false,1,13.60,3.4000,true,1,94682
7290106577503,false,חציל במיונז צבר 400,לחמנו,IL,צבר חציל במיונז מרובע 6*400גרם,גרמים,400.00,100 גרם,false,1,13.60,3.4000,true,1,94686
7290106577527,false,קולסלו צבר 400 גרם,לחמנו,IL,צבר קולסלו מרובע 6*400גרם,גרמים,400.00,100 גרם,false,1,13.60,3.4000,true,1,94687
7290106577541,false,כרוב אדום צבר 400 גר,לחמנו,IL,צבר כרוב אדום מרובע 6*400גרם,גרמים,400.00,100 גרם,false,1,13.60,3.4000,true,1,94688
7290106577572,false,מטבוחה 400 גר,לחמנו,IL,צבר מטבוחה מרובע 6*400גרם,גרמים,400.00,100 גרם,false,1,13.90,3.4750,true,1,94689
7290106578692,false,במבה ביסלי מיקס 80 ג,אסם,IL,במבה ביסלי מיקס 36*80גרם,גרמים,80.00,100 גרם,false,1,5.90,7.3750,true,1,97702
7290106578821,false,עוגת הבית שמרים שוקו,מיוצר עי קונדיטוריית,IL,הבית עוגת שמרים שוקולד קלאסית 8*350ג,גרמים,350.00,100 גרם,false,1,19.90,5.6857,true,1,97924
7290106653689,false,לקט לסלט אסייתי 350,תות תעשיות מזון (201,IL,לקט לסלט אסייתי 350 שטראוס גרם,גרמים,350.00,100 גרם,false,1,11.90,3.4000,true,1,116886
7290106660410,false,רביולי תרד וגבינה 40,מיוצר עי קונדיטוריית,IL,רביולי תרד וגבינה 400 EAT GOOD,גרמים,400.00,100 גרם,false,1,19.90,4.9750,true,1,100798
7290106662025,false,תפוציפס מלח פלפל 50,"שטראוס פריטו ליי בע""",IL,תפו מלח פלפל 50 גר 48 יח - שמיטה,גרמים,50.00,100 גרם,false,1,3.90,7.8000,true,1,114903
7290106663121,false,עוגת מילקי CAKE אישי,בובארד איטליה אס.פי.,IT,עוגת מילקי CAKE אישית 34 גרם,גרמים,34.00,100 גרם,false,1,3.90,11.4706,true,1,108252
7290106663503,false,קונפיטורה לייט תות ש,אף.סי תבליני בגליל ב,IL,קונפיטורת תות שדה לייט,גרמים,230.00,100 גרם,false,1,15.70,6.8261,true,1,101955
7290106663558,false,רוטב טריאקי רימון 28,אף.סי תבליני בגליל ב,IL,רוטב טריאקי 320 גרם,מיליליטרים,280.00,"100 מ""ל",false,1,14.90,5.3214,true,1,107494
7290106664067,false,גבינת לאבנה 10% שמן,הדקלאים אגודת שיתופי,IL,גבינת לאבנה 10% שמן זית וזעתר 400 גרם,גרמים,400.00,100 גרם,false,1,17.90,4.4750,true,1,110293
7290106667266,false,דוריטוס חמוץ חריף 18,הנסיך- מפעל לייצור ט,IL,דוריטוס חמוץ חריף 185 גרם,גרמים,185.00,100 גרם,false,1,8.00,4.3243,true,1,111601
7290106668577,false,מיץ לימון טבעי יד מר,יורופוד ס.ר.ל,IT,"מיץ לימון טבעי 250 מ""ל",מיליליטרים,250.00,"100 מ""ל",false,1,8.90,3.5600,true,1,107495
7290106669857,false,קפסולות אספרסו וניל,שטראוס קפה בי.וי.,IL,קפסולות אספרסו וניל 50 גרם,גרמים,50.00,100 גרם,false,1,16.90,33.8000,true,1,114501
7290106720626,false,חטיף ציטוס גבינה 80,"שטראוס פריטו ליי בע""",IL,ציטוס גבינה 80 גר 48 יח רבנות,גרמים,80.00,100 גרם,false,1,4.90,6.1250,true,1,115202
7290106721913,false,מסטיק מאסט ריח פה צי,"שטראוס גרופ בע""מ",IL,"צנצנת מאסט מנטה מרעננת לל""ס 66 גרם",גרמים,66.00,100 גרם,false,1,9.90,15.0000,true,1,107476
7290106721920,false,מסטיק מאסט ספירמינט,"שטראוס גרופ בע""מ.",IL,"צנצנת ספירמינט לל""ס 66 גרם",גרמים,66.00,100 גרם,false,1,9.90,15.0000,true,1,107477
7290106723689,false,עלי תרד ביבי,שטראוס בריאות ירקות,IL,עלי תרד בייבי שטראוס 200 גרם,גרמים,200.00,100 גרם,false,1,12.90,6.4500,true,1,111312
7290106724488,true,דנונה טבעי     1.7%,,,דנונה טבעי 1.7% פרוק,גרמים,150.00,100 גרם,false,1,3.50,2.3333,true,1,106372
7290106725867,false,סירופ מייפל טבעי 189,ציטדל,CA,"סירופ מייפל טבעי 189 מ""ל",מיליליטרים,189.00,"100 מ""ל",false,1,34.90,18.4656,true,1,110281
7290106727984,false,כיף כף פצפצים 135 גר,שולן צ'יקולטה גידה ס,TR,גביע פצפצים 135 ג' 2016,גרמים,135.00,100 גרם,false,1,13.90,10.2963,true,1,113112
7290106728127,false,חלב טבעי 3.6%  יטבתה,מחלבת יטבתה,IL,חלב טבעי 3.6%  יטבתה 1 ליטר,ליטרים,1.00,ליטר,false,1,7.90,7.9000,true,1,110236
7290107280020,false,שלישיה מטליות לחות ל,טרופיקל דגיל- תעשיות,IL,שלישיה מטליות לחות לניקוי כללי,לא מנהל יחידת מידה,0.00,לא מנהל יחידת מידה,false,1,25.60,0.0000,true,1,92301
7290107280075,true,תבניות אלומיניום לאפ,מיוצר עי קונדיטוריית,CN,"סנו סושי, תבניות אלומיניום מידה L, 130 גרם",Unknown,0.00,Unknown,false,1,9.80,0.0000,true,1,107319
7290107280099,false,מגבוני נייר טואלט,טרופיקל דגיל- תעשיות,IL,"סנו סופט מגבוני טואלט לחים, מארז שלישייה",Unknown,0.00,Unknown,false,1,19.90,0.0000,true,1,99268
7290107280341,false,ריצפז מטליות לחות לר,"סנו מפעלי ברונוס סע""",IL,ריצפז מטליות לחות מלון מפנק,יחידה,1.00,יחידה,false,1,14.90,14.9000,true,1,142985
7290107280570,false,גל כביסה מקסימה,סנו מפעלי ברונוס בעמ,IL,ג'ל כביסה 3 ל' MIX&WASH לכביסה צבעונית,ליטרים,3.00,ליטר,false,1,29.90,9.9667,true,1,101581
7290107280716,true,מלח למדיח,"מלח הארץ אילת בע""מ",IL,סנו ספארק מלח למדיח 2 קג,קילוגרמים,2.00,"ק""ג",false,1,12.90,6.4500,true,1,107313
7290107280723,false,נוזל כלים ספארק לימו,סנו כימיקלים,IL,סנו ספארק נוזל לניקוי כלים בניחוח לימון רענן,מיליליטרים,700.00,"100 מ""ל",false,1,9.90,1.4143,true,1,103152
7290107280730,false,נ .כלים ספארק לבנדר,סנו מפעלי ברונוס בעמ,IL,סנו נוזל לניקוי כלים בניחוח לבנדר עדין 700 מל,מיליליטרים,700.00,"100 מ""ל",false,1,9.90,1.4143,true,1,103153
7290107280747,false,נ .כלים ספארק קלאסי,סנו כימיקלים,IL,סנו ספארק נוזל לניקוי כלים קלאסי,מיליליטרים,700.00,"100 מ""ל",false,1,9.90,1.4143,true,1,103154
7290107280754,false,נוזל כלים ספארק שקד,סנו,,נוזל כלים ספארק שקד 700 מל,מיליליטרים,700.00,"100 מ""ל",false,1,9.90,1.4143,true,1,103155
7290107645584,false,מרק קנור עוף אמיתי ר,יוניליוור ישראל מזון,IL,קנור מרק עוף אמיתי 100% רכיבים טבעיים 400 גרם,גרמים,400.00,100 גרם,false,1,21.90,5.4750,true,1,119287
7290107645591,false,מרק טעם עוף קנור רכי,יוניליוור ישראל מזון,IL,קנור מרק טעם עוף 100% רכיבים טבעיים 400 גרם,גרמים,400.00,100 גרם,false,1,16.90,4.2250,true,1,119286
7290107646062,false,מרק בצל קנור רכיבים,יוניליוור ישראל מזון,IL,מרק בצל,גרמים,400.00,100 גרם,false,1,21.90,5.4750,true,1,119285
7290107647656,false,שלגון מיני סולרו קוק,,IL,שלגון מיני סולרו קוקוס אננס 245גרם,גרמים,245.00,100 גרם,false,1,26.90,10.9796,true,1,123858
7290107647816,false,ברנפלקס ללא תוספת סו,יוניליוור ישראל מזון,IL,ברנפלקס ללא תוספת סוכר 500 גרם,גרמים,500.00,100 גרם,false,1,25.90,5.1800,true,1,116868
7290107648943,false,ברנפלקס קרנציס בטעם,יוניליוור שפע ישראל,IL,תלמה דגני בוקר ברנפלקס קרנצ'ים בטעם מייפל 375 גרם,גרמים,375.00,100 גרם,false,1,25.90,6.9067,true,1,119289
7290107649681,false,קורנטו פסק זמן 64 גר,יוניליוור גרמניה  Gm,IL,קורנטו פסק זמן 64 גרם,גרמים,64.00,100 גרם,false,1,9.90,15.4688,true,1,124922
7290107649858,false,טילון מגנום לבן גליד,"מיוצר ע""י גלידת שטרא",IL,מגנום  טילון שוקולד לבן 100 גרם,גרמים,100.00,100 גרם,false,1,10.90,10.9000,true,1,125534
7290107871532,false,קרחונים דובדבן מלון,המאפיה של הרמן,IL,נסטלה מאגדת קרח דובדבן מלון 7 10*75גרם,גרמים,750.00,100 גרם,false,1,16.90,2.2533,true,1,103900
7290107871990,false,פסטה צינורות אסם 500,פסטה זארה,IT,אסם פסטה צינורות איטלקי 12*500גרם,גרמים,500.00,100 גרם,false,1,6.90,1.3800,true,1,104214
7290107874502,false,ביסלי גריל מארז 4*55,מיוצר עי קונדיטוריית,IL,ביסלי גריל קדמ. מארז אחיד 10 4*55גרם,גרמים,22000.00,100 גרם,false,1,12.90,0.0586,true,1,107148
7290107875271,true,מארז ביסלי ברביקיו,מיוצר עי קונדיטוריית,IL,ביסלי ברביקיו קדמ.מארז אחיד 10 4*55גרם,גרמים,220.00,100 גרם,false,1,12.90,5.8636,true,1,133099
7290107875400,false,גלידה לה קרמריה מוקה,המאפיה של הרמן,IL,לה קרמריה פיסטוק מוקה פרווה בדצ6*1.4ליטר,ליטרים,1.40,ליטר,false,1,21.90,15.6429,true,1,102872
7290107876889,false,במבה במילוי קרם נוגט,"אסם השקעות בע""מ",IL,במבה במילוי קרם נוגט 48*45גרם,גרמים,45.00,100 גרם,false,1,4.90,10.8889,true,1,110242
7290107879569,false,לה פרוטה מנגו 5 יח,המאפיה של הרמן,IL,לה פרוטה מאגדת מנגו 8 5*70גרם,גרמים,350.00,100 גרם,false,1,24.90,7.1143,true,1,111555
7290107879668,false,קרחון שרבט לה פרוטה,המאפיה של הרמן,IL,לה פרוטה תות 36*70גרם,גרמים,70.00,100 גרם,false,1,6.90,9.8571,true,1,110983
7290107879699,false,קרחון שרבט לה פרוטה,המאפיה של הרמן,IL,לה פרוטה מנגו 36*70גרם,גרמים,70.00,100 גרם,false,1,6.90,9.8571,true,1,110984
7290107932080,false,חלב בקבוק 3% מועשר 1,,IL,חלב בקבוק 3% מועשר 1 ליטר,ליטרים,1.00,ליטר,false,1,7.90,7.9000,true,1,110234
7290107932134,false,חלב בקבוק 1% מועשר 1,,IL,חלב בקבוק 1% מועשר 1 ליטר,ליטרים,1.00,ליטר,false,1,7.90,7.9000,true,1,110235
7290107933155,false,לקט סלנובה ירקות  20,תות תעשיות מזון (201,IL,לקט סלנובה ירקות  200גר שטופים שטראוס,גרמים,200.00,100 גרם,false,1,15.90,7.9500,true,1,111361
7290107933193,false,סלק מבושל 500 גרם שט,הורקסה 5 גאמא ס.א.,ES,סלק מבושל 500 גרם שטראוס,גרמים,500.00,100 גרם,false,1,9.90,1.9800,true,1,111043
7290107933315,false,חלב דל לקטוז 2% בקבו,מחלבת יטבתה,IL,חלב בבקבוק דל לקטוז 2%- מהדרין,ליטרים,1.00,ליטר,false,1,7.90,7.9000,true,1,110237
7290107936309,false,יוגורט דנונה יווני ל,"שטראוס בריאות בע""מ",IL,דנונה יוגורט יווני לבן,גרמים,130.00,100 גרם,false,1,3.40,2.6154,true,1,113549
7290107936958,false,ביסקוויט עד חצות אצב,הדקלאים אגודת שיתופי,FR,ביסקוויט עד חצות אצבעות 125 גרם,גרמים,125.00,100 גרם,false,1,14.90,11.9200,true,1,117157
7290107936965,false,ביסקוויט עיגולים עד,"איי, בי, אינבוו",FR,עד חצות עיגולים,גרמים,225.00,100 גרם,false,1,14.90,6.6222,true,1,117156
7290107937542,false,משקה אקטיביה תות 1.2,מיוצר עי קונדיטוריית,IL,משקה אקטיביה תות 1.2% 250 גרם,גרמים,250.00,100 גרם,false,1,5.90,2.3600,true,1,112092
7290107937627,false,מסטיק מאסט קוביות ספ,רוג'ר אנד רוג'ר,DE,צנצנת קוביות מנטה עדינה 58 גרם,גרמים,58.00,100 גרם,false,1,9.90,17.0690,true,1,113531
7290107937634,false,מסטיק מאסט קוביות פפ,רוג'ר אנד רוג'ר,DE,צנצנת קוביות מנטה 58 גרם,גרמים,58.00,100 גרם,false,1,9.90,17.0690,true,1,113425
7290107937641,false,מסטיק מאסט קוביות בז,רוג'ר אנד רוג'ר,DE,צנצנת קוביות בזוקה 58 גרם,גרמים,58.00,100 גרם,false,1,9.90,17.0690,true,1,113533
7290107937856,false,קפסולות קפה מספר 11,שטראוס קפה בי.וי,IL,קפסולות 11 גואטמלה למכונות NESPRESSO,גרמים,50.00,100 גרם,false,1,16.90,33.8000,true,1,113385
7290107938396,false,משקה יוגורט אקטימל ת,"שטראוס בריאות בע""מ",IL,אקטימל שמיניה תות,מיליליטרים,864.00,"100 מ""ל",false,1,20.90,2.4190,true,1,112294
7290107940467,false,יוגורט אקטיביה 1.5%,מיוצר עי קונדיטוריית,IL,אקטיביה 200 גרם 1.5%,גרמים,200.00,100 גרם,false,1,4.20,2.1000,true,1,112287
7290107941259,false,עדשים ירוקות מבושלות,הורקסה לס לגונס דה ס,IL,עדשים ירוקות מבושלות 475 גרם,גרמים,475.00,100 גרם,false,1,13.90,2.9263,true,1,113742
7290107941266,false,שעועית אדומה שטראוס,הורקסה לס לגונס דה ס,IL,שעועית אדומה שטראוס מבושלת 475 גרם,גרמים,475.00,100 גרם,false,1,13.90,2.9263,true,1,113744
7290107941273,false,חומוס מבושל שטראוס 4,הורקסה לס לגונס דה ס,IL,חומוס מבושל שטראוס 475 גרם,גרמים,475.00,100 גרם,false,1,13.90,2.9263,true,1,113743
7290107942355,false,תפוציפס מקלות בטעם ט,"שטראוס פריטו ליי בע""",IL,תפו מקלות טבעי 60 גר 56 יח,גרמים,60.00,100 גרם,false,1,3.90,6.5000,true,1,113731
7290107943369,false,קוואקר שיבולת שועל ל,היידי שוקולד בירונטי,US,קוואקר שיבולת שועל ללא גלוטן 511 גרם,גרמים,511.00,100 גרם,false,1,19.90,3.8943,true,1,116931
7290107944472,false,גבינת סימפוניה שום ש,"שטראוס בריאות בע""מ",IL,סימפוניה שום שמיר 5%,גרמים,200.00,100 גרם,false,1,11.90,5.9500,true,1,113741
7290107945165,false,קונפיטורה משמש 340 ג,"ב.א. מזון בע""מ",IL,קונפיטורה משמש 340 גרם יד מרדכי,גרמים,340.00,100 גרם,false,1,14.90,4.3824,true,1,114664
7290107950190,false,מעדן דיאט שוקולד מרי,מיוצר עי קונדיטוריית,IL,מעדן שטראוס דיאט מריר,גרמים,130.00,100 גרם,false,1,3.50,2.6923,true,1,113555
7290107950206,false,מעדן דיאט שוקולד 0%,מיוצר עי קונדיטוריית,IL,מעדן שטראוס דיאט שוקולד,גרמים,130.00,100 גרם,false,1,3.50,2.6923,true,1,113553
7290107951104,false,בפלות שוקולד 200 גרם,"א.ג. גילרו בע""מ",IL,בפלות שוקולד 200 גרם,גרמים,200.00,100 גרם,false,1,5.10,2.5500,true,1,113834
7290107951111,false,בפלות לימון 200 גרם,"א.ג. גילרו בע""מ",IL,בפלות לימון 200 גרם,גרמים,200.00,100 גרם,false,1,5.10,2.5500,true,1,113852
7290107951715,false,מסטיק מאסט קוביות ענ,רוג'ר אנד רוג'ר,DE,צנצנת קוביות ענבים 58 גרם,גרמים,58.00,100 גרם,false,1,9.90,17.0690,true,1,114658
7290107953559,false,מארז טורקי לדרך 168,הנסיך- מפעל לייצור ט,IL,מארז טורקי לדרך 168 גר,גרמים,200.00,100 גרם,false,1,19.90,9.9500,true,1,119269
7290107956642,false,"תרסיס שמן זית 150 מ""",סובנה ספרד אס.איי.יו,ES,"תרסיס שמן זית 150 מ""ל",מיליליטרים,150.00,"100 מ""ל",false,1,19.90,13.2667,true,1,117813
7290107956901,true,קפסולות אגוזי לוז למ,שטראוס קפה בי.וי.,IL,קפסולות אגוזי לוז למכונות NESPRESSO,לא מנהל יחידת מידה,0.00,לא מנהל יחידת מידה,false,1,16.90,0.0000,true,1,119957
7290107956925,true,קפסולות קפה אספרסו 1,שטראוס קפה בי.וי.,IL,קפסולות 13 אוגנדה למכונות NESPRESSO,לא מנהל יחידת מידה,0.00,לא מנהל יחידת מידה,false,1,16.90,0.0000,true,1,122434
7290107956932,true,קפסולות אינדונזיה,הנסיך- מפעל לייצור ט,IL,קפסולות 12 אינדונזיה למכונות NESPRESSO,Unknown,0.00,Unknown,false,1,16.90,0.0000,true,1,121664
7290107957137,true,גבינת  סימפוניה עשבי,שטראוס,IL,גבינת  סימפוניה עשבי תיבול 200גרם,גרמים,200.00,100 גרם,false,1,11.90,5.9500,true,1,122605
7290107957991,false,מילקי מינייס 144 גרם,בובארד איטליה אס.פי.,IT,מילקי מינייס,גרמים,144.00,100 גרם,false,1,14.90,10.3472,true,1,121727
7290107958035,true,מארז דנונה במתיקות מ,מיוצר עי קונדיטוריית,IL,מארז 8 דנונה מתיקות מעודנת ללא סוכר וממת,Unknown,0.00,Unknown,false,1,18.90,0.0000,true,1,133159
7290107973014,false,פלמוליב סבון ידיים ח,הנסיך- מפעל לייצור ט,TR,"פלמוליב סבון ידיים חלב ודבש 300 מ""ל",מיליליטרים,300.00,"100 מ""ל",false,1,9.90,3.3000,true,1,116158
7290107973038,false,פלמוליב סבון ידיים א,קולגייט פלמוליב,IT,פלמוליב סבון ידיים אקווריום 300 מל,מיליליטרים,300.00,"100 מ""ל",false,1,9.90,3.3000,true,1,116157
7290107973311,false,קולגייט מברשת שיניים,קולגייט פלמוליב,,קולגייט 360 מברשת שיניים גולד 2 יח',לא מנהל יחידת מידה,0.00,לא מנהל יחידת מידה,false,1,33.90,0.0000,true,1,112016
7290107977456,false,פלמוליב סבון נוזלי ס,CP UK,TR,"פלמוליב סבון נוזלי ספורט לגבר 750 מ""ל",מיליליטרים,750.00,"100 מ""ל",false,1,21.90,2.9200,true,1,142422
7290107978637,true,משחת שיניים מרידול ח,קולגייט פלמוליב,PL,מרידול משחת שיניים למניעת בעיות חנייכים 75 מל,מיליליטרים,1.00,"100 מ""ל",false,1,19.90,1990.0000,true,1,123325
7290108350623,false,מרכך כביסה מקסימה So,"סנו מפעלי ברונוס בע""",IL,מרכך מרוכז סופט סילק 1ליטר,ליטרים,1.00,ליטר,false,1,18.90,18.9000,true,1,112468
7290108351507,false,מרכך כביסה מקסימה 4ל,הורביץ סחר,IL,מרכך כביסה מקסימה 4ליטר SOFT SILK,ליטרים,4.00,ליטר,false,1,22.90,5.7250,true,1,113910
7290108351552,false,סנו גט פלוס לניקוי כ,"סנו מפעלי ברונוס בע""",IL,גט לניקוי כללי - בתוספת חומץ לניקוי והברקה בקלות,מיליליטרים,750.00,"100 מ""ל",false,1,13.90,1.8533,true,1,117667
7290108351569,false,מבשם ומרכך כביסה למי,"איי, בי, אינבוו",IL,"מקסימה למייבש הכביסה בייבי 750 מ""ל",Unknown,0.00,Unknown,false,1,18.90,0.0000,true,1,116415
7290108351910,false,טבליות למדיח 30 יחיד,גרופה אינקו,PL,טבליות למדיח 30 יחידות,לא מנהל יחידת מידה,0.00,לא מנהל יחידת מידה,false,1,25.90,0.0000,true,1,123807
7290108352092,false,אורביטול משחת שיניים,ג'נרל מילס סאן אדריא,IL,אורביטול PROTECTIVE SALT בטעם מנטה 145 גרם,גרמים,145.00,100 גרם,false,1,18.90,13.0345,true,1,146212
7290108352108,false,אורביטול משחת שיניים,ג'נרל מילס סאן אדריא,IL,אורביטול SHOCKING FRESH חריפה ועוצמתית 145 גרם,גרמים,145.00,100 גרם,false,1,15.90,10.9655,true,1,146214
7290108352337,false,סנו פרש אוטומטיק מלו,סנו מפעלי ברונוס בעמ,IL,מבשם לבית בניחוח מלון מפנק 250 מל,מיליליטרים,250.00,"100 מ""ל",false,1,17.90,7.1600,true,1,145804
7290108352498,false,סנו פרש מכשיר אוטומט,"יצרן מכשיר: זובלה,",CN,סנו פרש מכשיר אוטומטי + מילוי מלון בוטיק,לא מנהל יחידת מידה,0.00,לא מנהל יחידת מידה,false,1,44.90,0.0000,true,1,151538
7290108352801,false,סנו סושי - שקיות אשפ,"סנו מפעלי ברונוס בע""",IL,שקיות אשפה לפחים קטנים,לא מנהל יחידת מידה,0.00,לא מנהל יחידת מידה,false,1,21.90,0.0000,true,1,121131
7290108352825,false,ספוג הפלא נירוסטה,s.k.a.t ltdסנו מפעלי,CN,ספוג הפלא נירוסטה,גרמים,44.00,100 גרם,false,1,10.90,24.7727,true,1,121833
7290108352863,false,שקיות צלייה L 20 יחי,סנו מפעלי ברונוס בעמ,TR,"סנו סושי- שקיות צלייה, 20 יחידות",יחידה,0.00,יחידה,false,1,9.90,0.0000,true,1,122561
7290108352870,false,שקיות צלייה XL 10 יח,סנו מפעלי ברונוס בעמ,TR,"סנו סושי- שקיות צלייה, 10 יחידות",יחידה,0.00,יחידה,false,1,9.90,0.0000,true,1,122560
7290108352887,false,זוג מפות שולחן לבנות,מיוצר עי קונדיטוריית,CN,סנו סושי זוג מפות שולחן עשויות מבד בלתי ארוג 2 יח',לא מנהל יחידת מידה,7.50,לא מנהל יחידת מידה,false,1,8.90,1.1867,true,1,123256
7290108352894,false,סושי מפת שולחן חגיגי,שואוגאנג,CN,סנו סושי מפת שולחן חגיגית XL,לא מנהל יחידת מידה,7.00,לא מנהל יחידת מידה,false,1,7.90,1.1286,true,1,124272
7290108353013,false,סנו סושי תבניות אפיה,גיינגין נייס,CN,סנו סושי תבניות אפיה מנייר 5 יח - אינגל,יחידה,1.00,יחידה,false,1,11.90,11.9000,true,1,141738
7290108353020,false,סנו סושי תבניות אפיה,גיינגין נייס,CN,סנו סושי- תבניות אפייה מנייר,יחידה,1.00,יחידה,false,1,11.90,11.9000,true,1,141739
7290108353037,false,סנו סושי תבנית אפייה,מיוצר עי קונדיטוריית,CN,סנו סושי- תבניות אפייה מנייר,יחידה,1.00,יחידה,false,1,11.90,11.9000,true,1,141740
7290108353082,false,סנו סופט ממחטות אף ב,סנו מפעלי ברונוס בעמ,IL,סנו סופט 120 ממחטות אף דו שכבתיות,יחידה,1.00,יחידה,false,1,9.90,9.9000,true,1,141743
7290108353099,false,סנו סופט ממחטות אף 1,איימי פייפר,CN,סנו סופט - 500 ממחטות אף דו שכבתיות נשלפות אחת אחת,יחידה,1.00,יחידה,false,1,15.90,15.9000,true,1,141744
7290108353433,false,שטיפת מי פה אורביטול,"קוסמופארם בע""מ",IL,שטיפת מי פה אורביטול,מיליליטרים,500.00,"100 מ""ל",false,1,24.70,4.9400,true,1,123257
7290108353501,false,שקיות אשפה סנו סושי,"סנאט גרופ, טורקיה",TR,שקיות אשפה סנו סושי עם ידית - 25 יח,יחידה,1.00,יחידה,false,1,19.90,19.9000,true,1,143179
7290108353532,false,שקיות אשפה סנו סושי,Elif,TR,שקיות אשפה סנו סושי עם שרוך - 100 יח,יחידה,1.00,יחידה,false,1,29.90,29.9000,true,1,143180
7290108353983,false,קרם גוף קרמה קלאסי 5,קוסמופארם בע''מ,IL,קרמה קרם גוף קלאסי  500 מל,מיליליטרים,500.00,"100 מ""ל",false,1,24.90,4.9800,true,1,148123
7290108353990,false,קרם גוף קרמה מאסק 50,קוסמופארם בע''מ,IL,קרמה קרם גוף מאסק 500 מל,מיליליטרים,500.00,"100 מ""ל",false,1,24.90,4.9800,true,1,148122
7290108354270,false,מרכך כביסה מקסימה CA,סנו,IL,מרכך כביסה מקסימה CALM מרוכז 1 ליטר,ליטרים,1.00,ליטר,false,1,18.90,18.9000,true,1,152605
7290108354485,false,קרליין מרכך 10 לשיער,סנו,IL,קרליין מרכך 10 לשיערשמן ארגן 700 מל,מיליליטרים,700.00,"100 מ""ל",false,1,13.90,1.9857,true,1,154095
7290108354492,false,קרליין שמפו 10 לשיער,סנו,IL,קרליין שמפו 10 לשיער שמן ארגן 700 מל,מיליליטרים,700.00,"100 מ""ל",false,1,13.90,1.9857,true,1,154096
7290108354706,false,תחליב רחצה מאסק קרמה,קוסמופארם,IL,"תחליב רחצה מאסק קרמה 500 מ""ל",מיליליטרים,500.00,"100 מ""ל",false,1,12.90,2.5800,true,1,152608
7290108354713,false,תחליב רחצה קרמה קלאס,קוסמופארם,IL,"תחליב רחצה קרמה קלאסי 500 מ""ל",מיליליטרים,500.00,"100 מ""ל",false,1,12.90,2.5800,true,1,152609
7290108354768,false,קרם גוף קרמה דבש 500,קוסמופארם,IL,"קרם גוף קרמה דבש 500 מ""ל",מיליליטרים,500.00,"100 מ""ל",false,1,24.90,4.9800,true,1,152607
7290108354829,false,קרמה קרם ידיים 100 מ,קוסמופארם,IL,קרמה קרם ידיים 100 מל ורד ווניל,מיליליטרים,100.00,"100 מ""ל",false,1,9.90,9.9000,true,1,146700
7290108354911,false,קרמה מן שמפו גל רחצה,"קוסמופארם בע""מ",IL,"קרמה מן שמפו, ג'ל רחצה וגילוח 700 מל",מיליליטרים,700.00,"100 מ""ל",false,1,18.90,2.7000,true,1,144979
7290108355178,false,קרמה קרם ידיים 100 מ,קוסמופארם,IL,קרמה קרם ידיים 100 מל חמאת שיאה,Unknown,0.00,Unknown,false,1,9.90,0.0000,true,1,146704
7290108355185,false,מסכת קרטין אינטנס למ,"קוסמופארם בעמ, ח.פ 5",IL,מסכת קרטין טהור,מיליליטרים,350.00,"100 מ""ל",false,1,39.90,11.4000,true,1,118622
7290108356113,false,כיף תחליב רחצה מילק,קוסמופארם בעמ,IL,"כיף תחליב רחצה חלב ודבש, 700 מל",מיליליטרים,700.00,"100 מ""ל",false,1,12.90,1.8429,true,1,123264
7290108356151,false,כיף תחליב רחצה מילק,קוסמופארם בעמ,IL,"כיף תחליב רחצה מאסק ויסמין, 700 מל",מיליליטרים,700.00,"100 מ""ל",false,1,12.90,1.8429,true,1,123267
7290108356489,false,כיף תחליב רחצה אפרסק,קוסמופארם,IL,כיף תחליב רחצה אפרסק 700 מל,מיליליטרים,700.00,"100 מ""ל",false,1,12.90,1.8429,true,1,154097
7290108356526,false,קרליין שמפו 10 לשיער,סנו,IL,קרליין שמפו 10 לשיער יבש 700 מל,מיליליטרים,700.00,"100 מ""ל",false,1,13.90,1.9857,true,1,154099
7290108356564,false,קרליי מרכך 10 לשיער,סנו,IL,קרליי מרכך 10 לשיער רגיל 700 מל,מיליליטרים,700.00,"100 מ""ל",false,1,13.90,1.9857,true,1,154100
7290108356571,false,קרליין מרכך 10 לשיער,סנו,IL,קרליין מרכך 10 לשיער יבש 700 מל,מיליליטרים,700.00,"100 מ""ל",false,1,13.90,1.9857,true,1,154101
7290108357004,false,שמפו כיף ורד ושמן קו,טרופיקל דגיל תעשיות,IL,"כיף שמפו ורד ושמן קוקוי לרכות וברק 700 מ""ל",מיליליטרים,700.00,"100 מ""ל",false,1,12.90,1.8429,true,1,142987
7290108357011,false,מרכך כיף ורד ושמן קו,טרופיקל דגיל תעשיות,IL,"כיף מרכך ורד ושמן קוקוי לרכות וברק 700 מ""ל",מיליליטרים,700.00,"100 מ""ל",false,1,12.90,1.8429,true,1,142988
7290108357028,false,תחליב רחצה כיף ורד ו,קוסמופארם בעמ,IL,"תחליב רחצה כיף ורד ושמן קוקוי 700 מ""ל",מיליליטרים,700.00,"100 מ""ל",false,1,12.90,1.8429,true,1,142989
7290108357042,false,קרליין דאודורנט רול,קוסמופארם,IL,קרליין דאודורנט רול און ביו סיטריס 75 מל,מיליליטרים,75.00,"100 מ""ל",false,1,13.90,18.5333,true,1,154102
7290108357073,false,נושם BIO דיאודורנט,קוסמופארם,IL,נושם BIO דיאודורנט ספריי Citrus Blossom,מיליליטרים,150.00,"100 מ""ל",false,1,13.90,9.2667,true,1,154104
7290108357080,false,נושם BIO דיאודורנט ס,קוסמופארם,IL,נושם BIO דיאודורנט ספריי Secret Garden 1,מיליליטרים,150.00,"100 מ""ל",false,1,13.90,9.2667,true,1,154105
7290108357189,false,מבשם מקסימה למייבש F,"איי, בי, אינבוו",IL,מבשם מקסימה למייבש FLORAL TOUCH,יחידה,1.00,יחידה,false,1,18.90,18.9000,true,1,143189
7290108357233,false,מגבונים לחים לניקוי,סנו,IL,מגבונים לחים לניקוי חלונות סנו קליר 50 ד,יחידה,1.00,יחידה,false,1,11.90,11.9000,true,1,154106
7290108357257,false,סנו פרש מכשיר + מילו,סנו,IL,סנו פרש מכשיר + מילוי בניחוח מרכך,יחידה,1.00,יחידה,false,1,44.90,44.9000,true,1,156319
7290108357301,false,סנו K300 קוטל חרקים,סנו,IL,סנו K300 קוטל חרקים 300 מל,מיליליטרים,300.00,"100 מ""ל",false,1,12.90,4.3000,true,1,154109
7290108357707,false,כיף שמפו לשיער רגיל,גוד פוד פרודקטס S.p,IL,כיף שמפו לשיער רגיל תפוח זרעי ציה 700 מ,מיליליטרים,700.00,"100 מ""ל",false,1,12.90,1.8429,true,1,124094
7290108357714,false,כיף שמפו לשיער יבש ר,גוד פוד פרודקטס S.p,IL,כיף שמפו לשיער יבש רימונים ושמן ארג700 מ,מיליליטרים,700.00,"100 מ""ל",false,1,12.90,1.8429,true,1,124096
7290108357769,false,כיף מרכך לשיער רגיל,גוד פוד פרודקטס S.p,IL,כיף מרכך לשיער רגיל תפוח זרעי ציה 700 מ,מיליליטרים,700.00,"100 מ""ל",false,1,12.90,1.8429,true,1,124095
7290108357776,false,כיף מרכך לשיער יבש ר,גוד פוד פרודקטס S.p,IL,כיף מרכך לשיער יבש רימונים ושמן ארג700 מ,מיליליטרים,700.00,"100 מ""ל",false,1,12.90,1.8429,true,1,124386
7290108357875,false,כיף שמפו לחות מוגברת,קוסמופארם,IL,כיף שמפו לחות מוגברת אפרסק 700 מל,מיליליטרים,700.00,"100 מ""ל",false,1,12.90,1.8429,true,1,154112
7290108357882,false,כיף מרכך לחות מוגברת,קוסמופארם,IL,כיף מרכך לחות מוגברת אפרסק 700 מל,מיליליטרים,700.00,"100 מ""ל",false,1,12.90,1.8429,true,1,154113
7290108359831,false,שמן גוף  בייבי כיף 5,"מיוצר ומשווק ע""י קוס",IL,בייבי כיף שמן גוף עם לחות מועשרת 500 מל,מיליליטרים,500.00,"100 מ""ל",false,1,25.90,5.1800,true,1,123262
7290108359855,false,שמפו אל דמע בייבי כי,קוסמופארם בעמ,IL,"בייבי כיף שמפו אל דמע, 750 מל",מיליליטרים,750.00,"100 מ""ל",false,1,18.90,2.5200,true,1,123261
7290108359893,false,תחליב רחצה בייבי כיף,קוסמופארם בעמ,IL,"בייבי כיף תחליב רחצה לעור רגיש, 750 מל",מיליליטרים,750.00,"100 מ""ל",false,1,18.90,2.5200,true,1,123260
7290108501650,false,רביעיית חתיכות אננס,טקרנג פיאפל אינדוסטר,CN,רביעיית חתיכות אננס בסירופ קל,לא מנהל יחידת מידה,0.00,לא מנהל יחידת מידה,false,4,12.90,0.0000,true,1,121349
7290108502305,false,גבינת גרנה פדנו משול,זאיני,IT,גבינת גרנה פדנו משולש 150 גרם,גרמים,200.00,100 גרם,false,1,22.90,11.4500,true,1,142771
7290108502329,true,נתחי טונה בשמן זית 6,ארזינא,TH,נתחי טונה בשמן זית 640 גרם ויליפוד 1/4,גרמים,640.00,100 גרם,false,1,30.90,4.8281,true,1,122611
7290108502381,false,תחתיות לפיצה קוטר 26,מוטלוקל גידה סאנאי ט,TR,מנת השף בסיסים להכנת פיצה 480 גרם,גרמים,480.00,100 גרם,false,1,13.90,2.8958,true,1,145764
7290108502763,true,גבינת קממבר יורו 200,הנסיך- מפעל לייצור ט,FR,גבינת קממבר יורו 200גרם,גרמים,200.00,100 גרם,false,1,23.90,11.9500,true,1,122230
7290108503043,false,תפוחונים מיובשים מאר,הביי דונגפנג פוד קו.,CN,תפוחונים מיובשים מארז 3+1 88 גרם,גרמים,88.00,100 גרם,false,1,14.90,16.9318,true,1,124301
7290108503159,false,גבינה כחולה עם עובש,קסוס אל פסטור,ES,גבינה כחולה עם עובש 100 גרם EURO,גרמים,100.00,100 גרם,false,1,15.90,15.9000,true,1,123095
7290108503975,false,קנלוני 250 גרם   PAS,ויליפוד,IT,קנלוני 250 גרם   PASTA ITALIANA,גרמים,250.00,100 גרם,false,1,11.90,4.7600,true,1,124703
7290108504279,false,קשקבל צאנק 150גרם,ג.וילי פוד אינטרנשיו,ES,קשקבל צאנק 150גרם,גרמים,150.00,100 גרם,false,1,18.90,12.6000,true,1,145767
7290108504286,false,איבריקו צאנק 150גרם,ג.וילי פוד אינטרנשיו,ES,איבריקו צאנק 150גרם,גרמים,150.00,100 גרם,false,1,18.90,12.6000,true,1,145768
7290108504293,false,מנצגו צאנק 150גרם,ג.וילי פוד אינטרנשיו,ES,מנצגו צאנק 150גרם,גרמים,150.00,100 גרם,false,1,18.90,12.6000,true,1,145769
7290108505177,false,דלתא  יוגורט עם אננס,דלתא,GR,דלתא  יוגורט עם אננס  0%    150גרם,גרמים,150.00,100 גרם,false,1,5.50,3.6667,true,1,145771
7290108505191,false,דלתא יוגורט עם פצפוצ,דלתא,GR,דלתא יוגורט עם פצפוצי שוקולד  5% 150גר,גרמים,150.00,100 גרם,false,1,5.50,3.6667,true,1,145772
7290108505207,false,דלתא  יוגורט עם אוכמ,דלתא,GR,דלתא  יוגורט עם אוכמניות  0% 150גרם,גרמים,150.00,100 גרם,false,1,5.50,3.6667,true,1,145773
7290108506495,false,כנאפה קפוא 192.5גרם,ארמה גרופ,TR,כנאפה קפוא 192.5גרם,גרמים,193.00,100 גרם,false,1,14.90,7.7202,true,1,145070
7290108506624,false,עיזים צאנק 150גרם,אל פסטור,ES,עיזים צאנק 150גרם,גרמים,150.00,100 גרם,false,1,18.90,12.6000,true,1,145781
7290108506709,false,גבינת פרמגאנו רגיאנו,זנתי,IT,גבינת פרמגאנו רגיאנו 150 גרם,גרמים,150.00,100 גרם,false,1,28.90,19.2667,true,1,144966
7290108509113,false,גבינה בולגרית מעודנת,,TR,גבינה בולגרית מעודנת יורו  18%  250 גרם,גרמים,250.00,100 גרם,false,1,11.90,4.7600,true,1,154226
7290108509267,false,פסטה עם רוטב גבינה 2,אלסקה,UA,פסטה עם רוטב גבינה 206 גרם,גרמים,206.00,100 גרם,false,1,9.90,4.8058,true,1,153061
7290108509700,false,"אורז פרסי  1 ק""ג DAA",אל טי פוד,IN,"אורז פרסי  1 ק""ג DAAWAT",קילוגרמים,1.00,"ק""ג",false,1,10.90,10.9000,true,1,156347
7290109351025,false,חומוסטחינה חלק מלך ה,לחמנו,IL,צבר חומוסטחינה 6*400גרם,גרמים,400.00,100 גרם,false,1,14.90,3.7250,true,1,110677
7290109351209,false,קרחון שרבט לה פרוטה,תות תעשיות מזון (201,IL,קרחון שרבט לה פרוטה אננס תפוז 70 גרם,גרמים,70.00,100 גרם,false,1,6.90,9.8571,true,1,110988
7290109353494,false,פרפקטו פארפאלה 500 ג,פסטה זארה,IT,פרפקטו פסטה פארפלה 12*500גרם,גרמים,500.00,100 גרם,false,1,7.90,1.5800,true,1,112556
7290109354972,false,ביסקוויט פתיבר ללא ג,מיוצר עי קונדיטוריית,IL,אסם פתי בר ללא גלוטן קלאסי 12*200גרם,גרמים,200.00,100 גרם,false,1,11.90,5.9500,true,1,113418
7290109358482,false,קרמוגית אסם במילוי ח,היינץ צפון אמריקה מק,IL,אסם קרמוגית במילוי חלבה 12*200גרם,גרמים,200.00,100 גרם,false,1,11.90,5.9500,true,1,123841
7290109580050,false,צוריסו וונדרס 226 גר,זוגלובק 2000,IL,צוריסו וונדרס 226 גרם,גרמים,226.00,100 גרם,false,1,34.90,15.4425,true,1,149513
7290109580098,false,קבנוס בטעם סרירצה 13,זוגלובק,IL,קבנוס בטעם סרירצה 135 גרם,גרמים,135.00,100 גרם,false,1,12.50,9.2593,true,1,153799
7290109580111,false,צלעות אסאדו מעושנות,זוגלובק,IL,צלעות אסאדו מעושנות פרימיום 120 גרם,גרמים,120.00,100 גרם,false,1,23.90,19.9167,true,1,153798
7290109580135,false,קורנדביף זוגלובק פר,זוגלובק,IL,קורנדביף זוגלובק פרימיום 180 גרם,גרמים,180.00,100 גרם,false,1,25.90,14.3889,true,1,149068
7290109580166,false,סרוולד קלאסי זוגלוב,זוגלובק,IL,סרוולד קלאסי זוגלובק פרימיום 150 גרם,גרמים,150.00,100 גרם,false,1,25.90,17.2667,true,1,149069
7290109580210,false,נקניקיות ריינהולדס ה,זוגלובק,IL,נקניקיות ריינהולדס הצרפתיה 300 גרם,גרמים,300.00,100 גרם,false,1,18.90,6.3000,true,1,152248
7290109580227,false,נקניקיות ריינהולדס ק,זוגלובק,IL,נקניקיות ריינהולדס קאריוורסט 300 גרם,גרמים,300.00,100 גרם,false,1,18.90,6.3000,true,1,152249
7290109580234,false,נקניקיות מרגז וונדרס,זוגלובק,IL,נקניקיות מרגז וונדרס   226 גרם,גרמים,226.00,100 גרם,false,1,34.90,15.4425,true,1,153058
7290109580241,false,נאגטס מן הצומח זוגלו,זוגלובק,IL,נאגטס מן הצומח זוגלובק  500 גרם,גרמים,500.00,100 גרם,false,1,24.90,4.9800,true,1,156092
7290109580319,false,בורגר וונדרס   280 ג,זוגלובק,IL,בורגר וונדרס   280 גרם,גרמים,280.00,100 גרם,false,1,34.90,12.4643,true,1,153059
7290109920146,false,מסיר אבן דורגול לקומ,פרח,,יעקבי דורגול מסיר אבן ללא הרתחה 750 מל,מיליליטרים,750.00,"100 מ""ל",false,1,20.90,2.7867,true,1,115307
7290109920597,true,אסטוניש מרסס למקלחון,פרח,,אסטוניש תרסיס למקלחון 750 מל,Unknown,0.00,Unknown,false,1,15.90,0.0000,true,1,133667
7290109920603,true,אסטוניש קרם מטבח חדש,פרח,,יעקבי אסטוניש הלוגן לכיריים מזכוכית קרמית 500 מל,Unknown,0.00,Unknown,false,1,11.90,0.0000,true,1,122887
7290109920658,true,אסטוניש מרסס אנטי בק,פרח,,אסטוניש אנטיבקטריאלי מטבח 750 מל,Unknown,0.00,Unknown,false,1,15.90,0.0000,true,1,133668
7290109920849,true,אסטוניש מרסס רב תכלי,פרח,,אסטוניש מרסס רב תכלי,Unknown,0.00,Unknown,false,1,15.90,0.0000,true,1,121017
7290109921334,false,אידיאל דפי בד לכביסה,מרקה,ES,"אידיאל דפי בד לכביסה 15 יח             """,לא מנהל יחידת מידה,0.00,לא מנהל יחידת מידה,false,1,12.90,0.0000,true,1,124309
7290109921372,false,אסטוניש משחה לתנור+ס,אסטוניש,GB,אסטוניש משחה לניקוי תנור וגריל +ספוג,גרמים,250.00,100 גרם,false,1,19.90,7.9600,true,1,125264
7290110110277,false,סיידר סומרסבי רביעיי,"קרלסברג קרואטיה , יב",HR,סומרסבי סיידר 4 בק 330,ליטרים,1.32,ליטר,false,1,35.90,27.1970,true,1,119696
7290110110352,false,קרלסברג 0.0 בק 330 מ,קרלסברג רומניהיבואן:,RO,"קרלסברג 0.0 בק 330 מ""ל ייבוא",מיליליטרים,330.00,"100 מ""ל",false,1,4.90,1.4848,true,1,143617
7290110110369,false,בירה קרלסברג LUMA שי,מולינו ניקולי s.p.a,IL,"קרלסברג LUMA שישייה 330 מ""ל",ליטרים,1.98,ליטר,false,6,49.90,25.2020,true,1,145790
7290110110574,false,פחית קולהZERO לימון,תות תעשיות מזון (201,IL,"סליק קולה ZERO לימון 330 מ""ל מבצע",מיליליטרים,330.00,"100 מ""ל",false,1,5.90,1.7879,true,1,120812
7290110110635,false,"ספרייט בקבוק 500 מ""ל",כלורוקס אוקלנד,IL,"ספרייט בקבוק 500 מ""ל",מיליליטרים,500.00,"100 מ""ל",false,1,7.50,1.5000,true,1,119193
7290110110659,false,ספרייט פחית סליק 330,תות תעשיות מזון (201,IL,"סליק ספרייט LIME 330 מ""ל מבצע",מיליליטרים,330.00,"100 מ""ל",false,1,5.90,1.7879,true,1,119192
7290110110765,false,FUZE TEA לימון נענע,מולינו ניקולי s.p.a,IL,פיוזטי גרין לימון נענע 0.5 ליטר,מיליליטרים,500.00,"100 מ""ל",false,1,8.50,1.7000,true,1,120817
7290110111557,false,פאוורייד ספורט500מל,Caslino al Piano pla,IT,פאוורייד ספורט500מל בטעם פירות,מיליליטרים,500.00,"100 מ""ל",false,1,9.90,1.9800,true,1,123141
7290110111564,false,פאוורייד ספורט 500מל,Caslino al Piano pla,IT,פאוורייד ספורט 500מל איזוטוני בטעם הדרים,מיליליטרים,500.00,"100 מ""ל",false,1,9.90,1.9800,true,1,123142
7290110111809,false,מארז שישיות פאנטה או,תות תעשיות מזון (201,IL,"ק""ק 6 FRIDGE-PACK מבצע",ליטרים,1.98,ליטר,false,1,24.90,12.5758,true,1,149745
7290110113421,false,בירה קרלסברד LUMA בק,מולינו ניקולי s.p.a,IL,קרלסברג LUMA בק 330 בודד,מיליליטרים,330.00,"100 מ""ל",false,1,9.90,3.0000,true,1,145791
7290110113902,false,בירה טובורג פחית סלי,מולינו ניקולי s.p.a,IL,"טובורג רד פחית 330 מ""ל",מיליליטרים,330.00,"100 מ""ל",false,1,7.90,2.3939,true,1,152119
7290110113926,false,פאנטה ZERO אורנג 500,החברה המרכזית לייצור,IL,פאנטה ZERO אורנג 500 מל,מיליליטרים,500.00,"100 מ""ל",false,1,7.50,1.5000,true,1,151726
7290110114183,false,פריגת יוניקורן אננס,גת,IL,פריגת יוניקורן אננס אגס קווי תרד וספירול,מיליליטרים,400.00,"100 מ""ל",false,1,10.00,2.5000,true,1,154595
7290110114787,false,מי נביעות +בטעם תפוח,תות תעשיות מזון (201,IL,נביעות+ בטעם תפוח 1.5 ליטר,ליטרים,1.50,ליטר,false,1,9.90,6.6000,true,1,152951
7290110114794,false,מי נביעות +בטעם אפרס,"איטיליאן פוד, אס.פי.",IL,מי נביעות +בטעם אפרסק 1.5 ליטר,ליטרים,1.50,ליטר,false,1,9.90,6.6000,true,1,152952
7290110114800,false,מי נביעות +בטעם ענבי,פארייפאבה אגרואינדוס,IL,נביעות + בטעם ענבים 1.5 ליטר,ליטרים,1.50,ליטר,false,1,9.90,6.6000,true,1,152953
7290110114855,false,מים נביעות שישייה בק,תות תעשיות מזון (201,IL,מים נביעות שישייה בקבוק 1.5 ליטר,ליטרים,9.00,ליטר,false,6,13.90,1.5444,true,1,152958
7290110114886,false,מיץ סחוט קלמנטינה 2,גת,IL,סחוט קלמנטינה,ליטרים,2.00,ליטר,false,1,26.90,13.4500,true,1,152960
7290110114893,false,מיץ תפוזים סחוט פריג,היינץ צפון אמריקה מק,IL,סחוט תפוזים קלאסי 2 ליטר,ליטרים,2.00,ליטר,false,1,26.90,13.4500,true,1,152961
7290110114916,false,פריגת סחוט למונענע 2,גת,IL,פריגת סחוט למונענע 2 ליטר,ליטרים,2.00,ליטר,false,1,26.90,13.4500,true,1,152963
7290110114961,false,משקל פריגת תפוזים 1.,מולינו ניקולי s.p.a,IL,"פריגת תפוזים, 1.5 ליטר",ליטרים,1.50,ליטר,false,1,9.90,6.6000,true,1,152965
7290110114985,false,משקל פריגת אשכוליות,מולינו ניקולי s.p.a,IL,פריגת בטעם אשכוליות 1.5 ליטר,ליטרים,1.50,ליטר,false,1,9.90,6.6000,true,1,152967
7290110114992,false,משקל פריגת דיאט אשכו,מולינו ניקולי s.p.a,IL,פריגת טעם אשכוליות דל קלוריות 1.5 ליטר,ליטרים,1.50,ליטר,false,1,9.90,6.6000,true,1,152968
7290110115005,false,משקל פריגת ענבים 1.5,מולינו ניקולי s.p.a,IL,משקה קל פירות ענבים תפוחים,ליטרים,1.50,ליטר,false,1,9.90,6.6000,true,1,152969
7290110115029,false,משקל פריגת תפוחים 1.,מולינו ניקולי s.p.a,IL,משקל פריגת תפוחים 1.5 ליטר,ליטרים,1.50,ליטר,false,1,9.90,6.6000,true,1,152971
7290110115036,false,משקל פריגת מנגו 1.5,מולינו ניקולי s.p.a,IL,משקל פריגת מנגו 1.5 ליטר,ליטרים,1.50,ליטר,false,1,9.90,6.6000,true,1,152972
7290110115043,false,משקל פריגת לימונענע,מולינו ניקולי s.p.a,IL,משקה קל פירות לימונענע,ליטרים,1.50,ליטר,false,1,9.90,6.6000,true,1,152973
7290110115050,false,משקל פריגת תות בננה,מולינו ניקולי s.p.a,IL,משקל פריגת תות בננה 1.5 ליטר,ליטרים,1.50,ליטר,false,1,9.90,6.6000,true,1,152974
7290110115081,false,משקל פריגת צלול ענבי,תות תעשיות מזון (201,IL,פריגת צלול משקה קל ענבים תפוחים,ליטרים,1.50,ליטר,false,1,9.90,6.6000,true,1,152976
7290110115128,false,פריגת צלול בטעם לימו,תות תעשיות מזון (201,IL,פריגת צלול משקה קל לימונענע,ליטרים,1.50,ליטר,false,1,9.90,6.6000,true,1,152980
7290110115234,false,קולה ZERO נטול 1.5 ל,תות תעשיות מזון (201,IL,קוקה קולה ZERO נטול 1.5 ליטר,ליטרים,1.50,ליטר,false,1,8.90,5.9333,true,1,152989
7290110115241,false,קולה ZERO לימון 1.5,תות תעשיות מזון (201,IL,קוקה קולה ZERO לימון 1.5 ליטר,ליטרים,1.50,ליטר,false,1,8.90,5.9333,true,1,152990
7290110115258,false,קולה ZERO מנגו 1.5 ל,תות תעשיות מזון (201,IL,קולה ZERO מנגו 1.5 ליטר,ליטרים,1.50,ליטר,false,1,8.90,5.9333,true,1,152991
7290110115289,false,ספרייט 19 קל לימון-נ,תות תעשיות מזון (201,IL,ספרייט 19 קל' לימון-נענע 1.5 ליטר,ליטרים,1.50,ליטר,false,1,8.90,5.9333,true,1,152994
7290110115296,false,פאנטה אורנג בקבוק 1.,תות תעשיות מזון (201,IL,פאנטה אורנג' 1.5 ליטר,ליטרים,1.50,ליטר,false,1,8.90,5.9333,true,1,152995
7290110115302,false,פאנטה ZERO אורנג 1.5,תות תעשיות מזון (201,IL,פאנטה ZERO אורנג' 1.5 ליטר,ליטרים,1.50,ליטר,false,1,8.90,5.9333,true,1,152996
7290110115319,false,פאנטה אקזוטיק בקבוק,פארייפאבה אגרואינדוס,IL,פאנטה אקזוטיק 1.5 ליטר,ליטרים,1.50,ליטר,false,1,8.90,5.9333,true,1,152997
7290110115333,false,פאנטה תות בקבוק 1.5,"אינסטנטה בע""מ",IL,פאנטה גזוז בטעם תות 1.5 ליטר,ליטרים,1.50,ליטר,false,1,8.90,5.9333,true,1,152999
7290110115364,false,קוקה קולה שישייה בקב,תות תעשיות מזון (201,IL,קוקה קולה שישיות 1.5 ליטר,ליטרים,9.00,ליטר,false,6,49.90,5.5444,true,1,153001
7290110115371,false,קוקה קולה דיאט שישיי,תות תעשיות מזון (201,IL,דיאט קוקה קולה שישיות 1.5 ליטר,ליטרים,9.00,ליטר,false,6,47.90,5.3222,true,1,153002
7290110115395,false,ספרייט זירו שישייה ב,"אינסטנטה בע""מ",IL,ZERO ספרייט שישיות 1.5 ליטר,ליטרים,9.00,ליטר,false,6,47.90,5.3222,true,1,153004
7290110115401,false,סודה קינלי שישייה  ב,החברה המרכזית לייצור,IL,סודה קינלי שישייה  בקבוק 1.5 ליטר,ליטרים,9.00,ליטר,false,6,22.90,2.5444,true,1,153005
7290110115418,false,קוקה קולה זירו שישיי,תות תעשיות מזון (201,IL,קולה ZERO שישיות 1.5 ליטר,ליטרים,9.00,ליטר,false,6,47.90,5.3222,true,1,153006
7290110115425,false,FUZE TEA לימון נענע,מולינו ניקולי s.p.a,IL,פיוזטי גרין לימון נענע 1.5 ליטר,ליטרים,1.50,ליטר,false,1,9.90,6.6000,true,1,153007
7290110115449,false,תה קר FUZE TEA מנגו,מולינו ניקולי s.p.a,IL,פיוזטי מנגו אננס 1.5 ליטר,ליטרים,1.50,ליטר,false,1,9.90,6.6000,true,1,153009
7290110115456,false,תה קר פיוזתה אפרסק 1,מולינו ניקולי s.p.a,IL,FUZE tea אפרסק 19 קל' 1.5 ליטר,ליטרים,1.50,ליטר,false,1,9.90,6.6000,true,1,153010
7290110115463,false,תה קר FUZE TEA אפרסק,מולינו ניקולי s.p.a,IL,פיוזטי אפרסק 1.5 ליטר,ליטרים,1.50,ליטר,false,1,9.90,6.6000,true,1,153011
7290110115494,false,תה קר FUZE TEA ענבים,תות תעשיות מזון (201,IL,פיוזטי ענבים 1.5 ליטר,ליטרים,1.50,ליטר,false,1,9.90,6.6000,true,1,153014
7290110115623,false,ZERO פיוז טי אפרסק 1,מולינו ניקולי s.p.a,IL,פיוזטי ZERO אפרסק 1.5 ליטר,ליטרים,1.50,ליטר,false,1,9.90,6.6000,true,1,153086
7290110115661,false,ZERO פיוז טי אפרסק 5,מולינו ניקולי s.p.a,IL,פיוזטי ZERO אפרסק 0.5 ליטר,מיליליטרים,500.00,"100 מ""ל",false,1,8.50,1.7000,true,1,153083
7290110115777,false,מים נביעות בקבוק 1.5,נביעות,,מים נביעות בקבוק 1.5 ליטר,ליטרים,1.50,ליטר,false,1,4.20,2.8000,true,1,153107
7290110115821,false,ספרייט בקבוק 1.5 ליט,כלורוקס אוקלנד,IL,ספרייט בקבוק 1.5 ליטר,ליטרים,1.50,ליטר,false,1,8.90,5.9333,true,1,152992
7290110115838,false,ספרייט זירו בקבוק 1.,"אינסטנטה בע""מ",IL,ספרייט זירו בקבוק 1.5 ליטר,ליטרים,1.50,ליטר,false,1,8.90,5.9333,true,1,152993
7290110115845,false,קוקה קולה בקבוק  1.5,"אינסטנטה בע""מ",IL,קוקה קולה בקבוק  1.5 ליטר,ליטרים,1.50,ליטר,false,1,8.90,5.9333,true,1,152986
7290110115852,false,קוקה קולה דיאט בקבוק,תות תעשיות מזון (201,IL,קוקה קולה דיאט בקבוק  1.5 ליטר,ליטרים,1.50,ליטר,false,1,8.90,5.9333,true,1,152987
7290110115869,false,קוקה קולה זירו בקבוק,תות תעשיות מזון (201,IL,קוקה קולה זירו בקבוק 1.5 ליטר,ליטרים,1.50,ליטר,false,1,8.90,5.9333,true,1,152988
7290110115876,false,סודה קינלי 1.5 ליטר,"אינסטנטה בע""מ",IL,סודה קינלי 1.5 ליטר,ליטרים,1.50,ליטר,false,1,5.20,3.4667,true,1,153000
7290110115890,true,מיםמינרלים טבעיים 50,,,מיםמינרלים טבעיים 50,,0.00,,false,,3.90,0.0000,true,1,156735
7290110116064,false,ZERO  פאנטה פירות יר,החברה המרכזית למשקאו,IL,ZERO,ליטרים,1.50,ליטר,false,1,8.90,5.9333,true,1,154740
7290110116125,false,סירופ בטעם פטל 750 מ,פריגת,IL,סירופ בטעם פטל 750 מל,מיליליטרים,750.00,"100 מ""ל",false,1,24.90,3.3200,true,1,156614
7290110116132,false,סירופ בטעם לימון 750,פריגת,IL,סירופ בטעם לימון 750 מל,מיליליטרים,750.00,"100 מ""ל",false,1,24.90,3.3200,true,1,156615
7290110116149,false,סירופ בטעם ענבים 750,פריגת,IL,סירופ בטעם ענבים 750 מל,מיליליטרים,750.00,"100 מ""ל",false,1,24.90,3.3200,true,1,156616
7290110116194,false,נביעות + לימון ליים,החברה המרכזית למשקאו,IL,נביעות + לימון ליים 0 קלוריות 1.5 ליטר,ליטרים,1.50,ליטר,false,1,9.90,6.6000,true,1,156243
7290110116200,false,נביעות + לימון ליים,החברה המרכזית למשקאו,IL,"נביעות + לימון ליים 0 קלוריות 500 מ""ל",מיליליטרים,500.00,"100 מ""ל",false,1,7.00,1.4000,true,1,156245
7290110116217,false,נביעות +0 קלוריות אש,החברה המרכזית למשקאו,IL,נביעות +0 קלוריות אשכולית 1.5 ליטר,ליטרים,1.50,ליטר,false,1,9.90,6.6000,true,1,156242
7290110116224,false,נביעות +0 קלוריות אש,החברה המרכזית למשקאו,IL,"נביעות +0 קלוריות אשכולית 500 מ""ל",מיליליטרים,500.00,"100 מ""ל",false,1,7.00,1.4000,true,1,156244
7290110116385,false,קולה קולה  זירו סטאפ,החברה המרכזית למשקאו,IL,קולה קולה  זירו סטאפני 330 מל,מיליליטרים,330.00,"100 מ""ל",false,1,7.50,2.2727,true,1,155265
7290110116392,false,סירופ בטעם תפוזים 75,פריגת,IL,סירופ בטעם תפוזים 750 מל,מיליליטרים,750.00,"100 מ""ל",false,1,24.90,3.3200,true,1,156617
7290110116576,false,ספרייט זירו למון היט,החברה המרכזית למשקאו,IL,"ספרייט זירו למון היט 500 מ""ל",מיליליטרים,500.00,"100 מ""ל",false,1,7.50,1.5000,true,1,156689
7290110320591,false,גבינה בולגרית 16% במ,תנובה,IL,פיראוס בולגרית 16% שומן במרקם מעודן,גרמים,250.00,100 גרם,false,1,22.70,9.0800,true,1,115522
7290110320850,false,פתיתי עמק בשקית 200,"תנובה, מחלבת תל יוסף",IL,עמק פתיתים 28% שומן 200 גרם,גרמים,200.00,100 גרם,false,1,15.50,7.7500,true,1,117169
7290110320867,false,פתיתי עמק למאפים 28%,מולינו ניקולי s.p.a,IL,עמק פתיתים 28% שומן 500 גרם,גרמים,500.00,100 גרם,false,1,34.90,6.9800,true,1,116967
7290110320935,false,פרוסות מוצרלה 150 גר,תנובה מחלבת תל יוסף,IL,פרוסות מוצרלה קולקשיין 150 גרם,גרמים,150.00,100 גרם,false,1,17.40,11.6000,true,1,116997
7290110321031,false,GO יוגורט יופלה שומן,"תנובה, מחלבת אלון תב",IL,GO יוגורט יופלה שומן 20 וחלבון 200 גרם,גרמים,200.00,100 גרם,false,1,5.90,2.9500,true,1,116942
7290110321277,false,קוטג בקטנה 5% 100 גר,"תנובה, מחלבת אלון תב",IL,תנובה קוטג' 5% בקטנה 100 גרם,גרמים,100.00,100 גרם,false,1,2.70,2.7000,true,1,118437
7290110321284,false,קוטג בקטנה 9% 100 גר,"תנובה, מחלבת אלון תב",IL,תנובה קוטג' 9% בקטנה 100 גרם,גרמים,100.00,100 גרם,false,1,2.70,2.7000,true,1,118438
7290110321680,false,יוגורט יופלה GO תות,מחלבת אלון תבור,IL,יוגורט עם תות בתוספת חלבוני חלב,גרמים,200.00,100 גרם,false,1,5.90,2.9500,true,1,119301
7290110321697,false,יוגורט יופלה GO אפרס,מחלבת אלון תבור,IL,יוגורט עם אפרסק בתוספת חלבוני חלב,גרמים,200.00,100 גרם,false,1,5.90,2.9500,true,1,119302
7290110321703,false,יוגורט יופלה GO פירו,"תנובה בע""מ",IL,יוגורט עם פירות יער מועשר בחלבון,גרמים,200.00,100 גרם,false,1,5.90,2.9500,true,1,120912
7290110322014,false,טופו טבעי 300 גרם,סוי מג'ק,IL,טופו טבעי 300 גרם,גרמים,300.00,100 גרם,false,1,12.50,4.1667,true,1,121285
7290110322021,false,טופו בזיליקום 300 גר,סוי מג'ק,IL,טופו בטעם בזיליקום,גרמים,300.00,100 גרם,false,1,12.50,4.1667,true,1,121284
7290110322038,false,טופו פקנטי 300 גרם,סוי מג'ק,IL,טופו פקנטי 300 גרם,גרמים,300.00,100 גרם,false,1,12.50,4.1667,true,1,121283
7290110322946,true,יופלה טיוב יוגורט במ,תנובה בעמ,IL,יופלה טיוב יוגורט במרקם חלק בטעם תות בננ,גרמים,350.00,100 גרם,false,1,12.50,3.5714,true,1,123030
7290110323073,false,משקה יוגורט  יופלה G,תנובה בעמ,IL,משקה יוגורט  יופלה GO 20 מועשר בחלבון תו,מיליליטרים,236.00,"100 מ""ל",false,1,6.50,2.7542,true,1,123033
7290110323301,false,גבינה צהובה טל העמק,תנובה,IL,גבינה צהובה טל העמק 32% שומן 200 גרם,גרמים,200.00,100 גרם,false,1,18.90,9.4500,true,1,123790
7290110323585,true,יוגורט עם דובדבן מופ,תנובה בעמ,IL,יוגורט עם דובדבן מופחת קולוריות GO200גרם,גרמים,200.00,100 גרם,false,1,5.90,2.9500,true,1,123377
7290110323714,false,משקה קוקוס שקדים תנו,תנובה בעמ,IL,משקה קוקוס שקדים תנובה 1 ליטר,ליטרים,1.00,ליטר,false,1,12.90,12.9000,true,1,124109
7290110324070,false,גבינת חלומי מחלב בקר,"תנובה בע""מ",IL,גבינת חלומי מחלב בקר 22% שומן 200 גרם,גרמים,200.00,100 גרם,false,1,20.90,10.4500,true,1,126235
7290110324711,false,ממרח סויה 9% בטעם טב,"תנובה בע""מ",IL,ממרח סויה 9% בטעם טבעי,גרמים,250.00,100 גרם,false,1,9.50,3.8000,true,1,125884
7290110324728,false,ממרח סויה 9% עם שום,"תנובה בע""מ",IL,ממרח סויה 9% עם שום שמיר,גרמים,250.00,100 גרם,false,1,9.50,3.8000,true,1,125885
7290110324841,false,מעדן שקדים עם שוקולד,תנובה בעמ,IL,מעדן שקדים עם שוקולד מריר אלטרנטיב 125גר,גרמים,125.00,100 גרם,false,1,4.30,3.4400,true,1,142797
7290110324858,false,מעדן שקדים בטעם אגוז,תנובה בעמ,IL,מעדן שקדים בטעם אגוזי לוז אלטרנטיב 125 ג,גרמים,125.00,100 גרם,false,1,4.30,3.4400,true,1,142798
7290110324926,false,משקה סויה ללא תוספת,"תנובה בע""מ",IL,משקה סויה ללא תוספת סוכר  1 ליטר,ליטרים,1.00,ליטר,false,1,11.50,11.5000,true,1,142807
7290110325114,false,משקה יוגורטGO לייט ת,מיוצר עי קונדיטוריית,IL,משקה יוגורטGO לייט תות בננה 250 מל,מיליליטרים,250.00,"100 מ""ל",false,1,6.50,2.6000,true,1,141335
7290110325121,false,משקה יוגורטGO  לייט,"תנובה בע""מ",IL,משקה יוגורטGO  לייט מנגו אננס 250מל,מיליליטרים,250.00,"100 מ""ל",false,1,6.50,2.6000,true,1,141334
7290110325169,false,פרוסות גאודה 170 גרם,תנובה,IL,פרוסות גאודה קולקשיין  170 גרם,גרמים,170.00,100 גרם,false,1,22.90,13.4706,true,1,144380
7290110325305,false,מעדן סויהGO 20 גרם ח,"תנובה בע""מ",IL,מעדן סויהGO 20 גרם חלבון במתיקות מעודנת 200גרם,גרמים,200.00,100 גרם,false,1,5.90,2.9500,true,1,142801
7290110325312,false,מעדן סויה GO 20 גרם,"תנובה בע""מ",IL,מעדן סויה GO 20 גרם חלבון בטעם תות  200גרם,גרמים,200.00,100 גרם,false,1,5.90,2.9500,true,1,142800
7290110325619,false,משקה שיבולת שועל  1ל,"תנובה בע""מ",IL,משקה שיבולת שועל  1ליטר,ליטרים,1.00,ליטר,false,1,12.90,12.9000,true,1,143644
7290110325701,false,צזיקי יווני  פיראוס,מחלבת הרדוף,IL,צזיקי יווני  פיראוס 9% על בסיס יוגורט,גרמים,250.00,100 גרם,false,1,12.50,5.0000,true,1,143945
7290110325879,false,פתיתי גאודה 200 גרם,תנובה,IL,פתיתי גאודה 200 גרם,גרמים,200.00,100 גרם,false,1,18.90,9.4500,true,1,144381
7290110325893,false,תנובה GO אייס קפה 34,"תנובה בע""מ",IL,תנובה GO אייס קפה 340 מל,מיליליטרים,340.00,"100 מ""ל",false,1,8.50,2.5000,true,1,143649
7290110326210,false,יופלה און טופ פצפוצי,מחלבת אלון תבור,IL,יופלה און טופ פצפוצים 157 גרם,גרמים,157.00,100 גרם,false,1,4.90,3.1210,true,1,144382
7290110326227,false,יופלה און טופ קורנפל,מחלבת אלון תבור,IL,יופלה און טופ קורנפלקס  157 גרם,גרמים,157.00,100 גרם,false,1,4.90,3.1210,true,1,144384
7290110326234,false,יופלה און טופ כוכבים,מחלבת אלון תבור,IL,יופלה און טופ כוכבים 157 גרם,גרמים,157.00,100 גרם,false,1,4.90,3.1210,true,1,144383
7290110326241,false,יופלה און טופ גרנולה,מחלבת אלון תבור,IL,יופלה און טופ גרנולה 157 גרם,גרמים,157.00,100 גרם,false,1,4.90,3.1210,true,1,144385
7290110326333,false,פרוסות גבינה סקנדינב,פ.פ.ח. שאביט,IL,פרוסות גבינה סקנדינבית קולקשיין 170 גרם,גרמים,200.00,100 גרם,false,1,18.90,9.4500,true,1,146929
7290110327033,false,משקהמועשר בחלבון במת,מיוצר עי קונדיטוריית,IL,משקהמועשר בחלבון במתיקות מופחתת GO,לא מנהל יחידת מידה,0.00,לא מנהל יחידת מידה,false,1,12.90,0.0000,true,1,146640
7290110327064,false,משקה קפה שיבולת שועל,תנובה,IL,משקה קפה שיבולת שועל בטעם קרמל 1 ליטר,ליטרים,1.00,ליטר,false,1,12.60,12.6000,true,1,146180
7290110327514,false,משקה שיבולת שועל  אל,תנובה,IL,משקה שיבולת שועל  אלטרנטיב אגוזי לוז 1 ל,ליטרים,1.00,ליטר,false,1,12.90,12.9000,true,1,152655
7290110327798,false,חטיף חלבון גו בטעם ש,"בלמונט קונפקציות בע""",US,חטיף חלבון גו בטעם שוקולד 20גרם חלבון 60,גרמים,60.00,100 גרם,false,1,12.90,21.5000,true,1,149886
7290110327804,false,חטיף חלבון גו בצק עו,"בלמונט קונפקציות בע""",US,חטיף חלבון גו בצק עוגיות 20גרם חלבון 60,גרמים,60.00,100 גרם,false,1,12.90,21.5000,true,1,149887
7290110327811,false,חטיף חלבון גו קוקוס,"בלמונט קונפקציות בע""",US,חטיף חלבון גו קוקוס 20גרם חלבון 60,גרמים,60.00,100 גרם,false,1,12.90,21.5000,true,1,149888
7290110327828,false,חטיף חלבון גו חמאת ב,"בלמונט קונפקציות בע""",US,חטיף חלבון גו חמאת בוטנים 20גרם חלבון 60,גרמים,60.00,100 גרם,false,1,12.90,21.5000,true,1,149889
7290110328016,false,משקה סויה מועשר בחלב,סוי מג'ק,IL,"משקה סויה מועשר בחלבון בטעם אגוזי לוז 250 מ""ל",מיליליטרים,250.00,"100 מ""ל",false,1,6.50,2.6000,true,1,148899
7290110328221,false,יוגורט תנובה נטול לק,תנובה בעמ,IL,יוגורט תנובה נטול לקטוז 3% 200 גרם,גרמים,200.00,100 גרם,false,1,3.90,1.9500,true,1,148822
7290110328504,false,מיקס גבינות מוצרלה ס,מיוצר עי קונדיטוריית,IL,מיקס גבינות מוצרלה סקנדינבית וגאודה השף,גרמים,300.00,100 גרם,false,1,27.90,9.3000,true,1,149460
7290110328610,false,משקה אורז ושקדים ברי,תנובה בעמ,IL,משקה אורז ושקדים בריסטה אלטרנטיב 1 ליטר,ליטרים,1.00,ליטר,false,1,12.90,12.9000,true,1,151288
7290110328627,false,יוגורט GO סמיך 0% בנ,תנובה בעמ,IL,יוגורט GO סמיך 0% בננה קרמל 200 גרם,גרמים,200.00,100 גרם,false,1,5.90,2.9500,true,1,149919
7290110328764,false,יוגורט GO סמיך 0% תו,תנובה בעמ,IL,יוגורט GO סמיך 0% תות 200 גרם,גרמים,200.00,100 גרם,false,1,5.90,2.9500,true,1,149918
7290110328771,false,יוגורט GO סמיך 0% פ.,מיוצר עי קונדיטוריית,IL,יוגורט GO סמיך 0% פ. יער 200 גרם,גרמים,200.00,100 גרם,false,1,5.90,2.9500,true,1,149917
7290110328788,false,יוגורט GO סמיך 0% אפ,תנובה בעמ,IL,יוגורט GO סמיך 0% אפרסק 200 גרם,גרמים,200.00,100 גרם,false,1,5.90,2.9500,true,1,149916
7290110328887,false,חלב 3% מהדרין 1 ליטר,תנובה,IL,חלב 3% מהדרין 1 ליטר פיקוח בבקבוק,ליטרים,1.00,ליטר,false,1,6.23,6.2300,true,1,153588
7290110328955,false,קוביות גבינת עזים בש,דודוני תעשיית החלב ה,GR,קוביות גבינת עזים בשמן פיראוס 350 גרם,גרמים,350.00,100 גרם,false,1,27.90,7.9714,true,1,154149
7290110329136,false,מעדן חלב גו בטעם שוק,"תנובה בע""מ",IL,מעדן חלב גו בטעם שוקולד 12 חלבון 120גרם,גרמים,120.00,100 גרם,false,1,4.80,4.0000,true,1,152657
7290110329143,false,מעדן חלב גו בטעם וני,"תנובה בע""מ",IL,מעדן חלב גו בטעם וניל  12 חלבון  120גרם,גרמים,120.00,100 גרם,false,1,4.80,4.0000,true,1,152658
7290110329266,false,יוגורט תנובה מחלב עי,תנובה,IL,יוגורט תנובה מחלב עיזים  140 גרם,גרמים,140.00,100 גרם,false,1,5.90,4.2143,true,1,152035
7290110329303,false,פרוסות בטעם צהובה קל,תנובה,IL,פרוסות בטעם צהובה קלאסית אלטרנטיב 200 גר,גרמים,200.00,100 גרם,false,1,21.90,10.9500,true,1,152661
7290110329624,false,OLALAיופלה וניל טארט,"תנובה בע""מ",IL,OLALAיופלה וניל טארט טאטן   150 גרם,גרמים,150.00,100 גרם,false,1,4.90,3.2667,true,1,153125
7290110329686,false,משקה חלב GO בטעם עוג,תנובה,IL,משקה חלב GO בטעם עוגיות 340 מל,מיליליטרים,340.00,"100 מ""ל",false,1,8.50,2.5000,true,1,152662
7290110329716,false,משקה חלב עם קפה קפוצ,"תנובה בע""מ",IL,"משקה חלב עם קפה קפוצינו 230  מ""ל",מיליליטרים,230.00,"100 מ""ל",false,1,7.90,3.4348,true,1,154539
7290110329723,false,משקה חלב עם קפה לאטה,"תנובה בע""מ",IL,"משקה חלב עם קפה לאטה 230 מ""ל",מיליליטרים,230.00,"100 מ""ל",false,1,7.90,3.4348,true,1,154540
7290110329730,false,משקה חלב עם קפה  שוק,"תנובה בע""מ",IL,"משקה חלב עם קפה  שוקולד  230 מ""ל",מיליליטרים,230.00,"100 מ""ל",false,1,7.90,3.4348,true,1,154541
7290110329792,false,סויה אלטרנטיב  ביו א,תנובה,IL,סויה אלטרנטיב  ביו אפרסק150 גרם,גרמים,150.00,100 גרם,false,1,4.50,3.0000,true,1,153149
7290110329808,false,סויה אלטרנטיב  ביו ת,תנובה,IL,סויה אלטרנטיב  ביו תות 150 גרם,גרמים,150.00,100 גרם,false,1,4.90,3.2667,true,1,153148
7290110329815,false,סויה אלטרנטיב  ביו מ,תנובה,IL,סויה אלטרנטיב  ביו מתיקות מעודנת150 גרם,גרמים,150.00,100 גרם,false,1,4.90,3.2667,true,1,153147
7290110329822,false,סויה אלטרנטיב  ביו פ,מיוצר עי קונדיטוריית,IL,סויה אלטרנטיב  ביו פירות יער   150 גרם,גרמים,150.00,100 גרם,false,1,4.90,3.2667,true,1,153255
7290110329839,false,פרוסות צהובה בטעם זי,תנובה,IL,פרוסות צהובה בטעם זיתים אלטרנטיב  200 גר,גרמים,200.00,100 גרם,false,1,21.90,10.9500,true,1,152665
7290110329846,false,סויה אלטרנטיב  ביו ט,תנובה,IL,סויה אלטרנטיב  ביו טבעי150 גרם,גרמים,150.00,100 גרם,false,1,4.90,3.2667,true,1,153150
7290110329914,false,מאגדת משקה שיבולת שו,תנובה בעמ,IL,מאגדת משקה שיבולת שועל ושקדים ביו אלטרנט,גרמים,600.00,100 גרם,false,6,18.90,3.1500,true,1,153369
7290110472016,false,כבל 2 מטר - TYPE C,,,כבל 2 מטר - TYPE C,יחידה,1.00,יחידה,false,1,39.90,39.9000,true,1,142837
7290110473433,false,אוזניות JUST BASS אפ,,,אוזניות JUST BASS אפור,יחידה,1.00,יחידה,false,1,49.90,49.9000,true,1,142632
7290110473440,false,אוזניות JUST BASS זה,,,אוזניות JUST BASS זהב,יחידה,1.00,יחידה,false,1,49.90,49.9000,true,1,142634
7290110474256,false,כבל aux iron man,,,כבל aux iron man,יחידה,1.00,יחידה,false,1,49.90,49.9000,true,1,142619
7290110474430,false,מתאם AUX מאושר אפל,,,מתאם AUX מאושר אפל,יחידה,1.00,יחידה,false,1,79.90,79.9000,true,1,142609
7290110474560,false,אוזניות מיקרופון NEW,,,אוזניות מיקרופון NEW AGE SOUND,יחידה,1.00,יחידה,false,1,49.90,49.9000,true,1,142627
7290110474577,false,אוזניות מיקרופון DOU,,,אוזניות מיקרופון DOUBLE OUT LOUD,יחידה,1.00,יחידה,false,1,79.90,79.9000,true,1,142626
7290110474690,false,כבל USB C  לחיבור LI,,,כבל USB C  לחיבור LIGHTNING מאושר אפל,יחידה,1.00,יחידה,false,1,69.90,69.9000,true,1,142618
7290110474911,false,סוללת גיבוי 20000MAH,,,סוללת גיבוי 20000MAH SOLID POWER,יחידה,1.00,יחידה,false,1,99.90,99.9000,true,1,142600
7290110476267,false,מטען קיר מאושר אפל 2,,,מטען קיר מאושר אפל 2,יחידה,1.00,יחידה,false,1,119.00,119.0000,true,1,148810
7290110552220,false,דנונה פרו 20 חלבון,"שטראוס בריאות בע""מ",IL,'דנונה פרו 20גר' ללא סוכר תות,גרמים,200.00,100 גרם,false,1,5.90,2.9500,true,1,153221
7290110552237,false,דנונה פרו 20 חלבון,"שטראוס בריאות בע""מ",IL,דנונה פרו 20גר' ללא סוכר אפרסק מנגו,גרמים,200.00,100 גרם,false,1,5.90,2.9500,true,1,153222
7290110553029,false,אנרגי פריכיות חלבון,שטראוס,IL,אנרגי פריכיות חלבון קייל חומוס ומלח 60,גרמים,60.00,100 גרם,false,1,10.90,18.1667,true,1,153489
7290110553036,false,אנרגי פריכיות חלבון,שטראוס,IL,אנרגי פריכיות חלבון בטטה סגולה ואפונה 60 גרם,גרמים,60.00,100 גרם,false,1,10.90,18.1667,true,1,153490
7290110553623,false,ציטוס קראנץ צדר חלפי,שטראוס,IL,ציטוס קראנץ צדר חלפיניו 80 גרם,גרמים,80.00,100 גרם,false,1,4.90,6.1250,true,1,155446
7290110553876,false,סלט גזר דליקטס 250 ג,שטראוס,IL,סלט גזר דליקטס 250 גרם,גרמים,250.00,100 גרם,false,1,11.90,4.7600,true,1,154208
7290110554699,false,קפסולות קפה אספרסו ע,שטראוס קפה בי.וי.,IL,קפסולות קפה אספרסו עולה 50 גרם,גרמים,50.00,100 גרם,false,1,16.90,33.8000,true,1,155271
7290110554705,false,קפסולות קפה אספרסו י,שטראוס קפה בי.וי.,IL,קפסולות קפה אספרסו יוניקו 50 גרם,גרמים,50.00,100 גרם,false,1,16.90,33.8000,true,1,155270
7290110555306,false,רבע לשבע טבעוני סינמ,הגביע מוצרי וופלים ב,IL,רבע לשבע טבעוני סינמון באן 125 גרם,גרמים,125.00,100 גרם,false,1,12.90,10.3200,true,1,156333
7290110556242,false,שוקולד פרה מריר 100,"שטראוס גרופ בע""מ.",IL,שוקולד פרה מריר 100 גרם,גרמים,100.00,100 גרם,false,1,5.90,5.9000,true,1,156146
7290110557027,false,חומוס הסדרה 50% טחינ,שטראוס,IL,חומוס הסדרה 50% טחינה 400גרם,גרמים,400.00,100 גרם,false,1,14.90,3.7250,true,1,152782
7290110557102,false,מעדן חלב עם שוקולד פ,מיוצר עי קונדיטוריית,IL,מעדן חלב עם שוקולד פרו 11 חלבון 150גרם,גרמים,150.00,100 גרם,false,1,5.00,3.3333,true,1,152004
7290110557133,false,מעדן הגולן וניל 125,מיוצר עי קונדיטוריית,IL,מעדן הגולן וניל 125 גרם,גרמים,125.00,100 גרם,false,1,3.20,2.5600,true,1,152253
7290110557393,false,מארז מילקי שלוק  איי,"שטראוס גרופ בע""מ",IL,מארז מילקי שלוק  אייס קפה 276 מל,מיליליטרים,276.00,"100 מ""ל",false,1,9.50,3.4420,true,1,154897
7290110558130,false,אקטיביה עם שיבולת שו,שטראוס,IL,אקטיביה עם שיבולת שועל ודבש 150 גרם,גרמים,150.00,100 גרם,false,1,5.00,3.3333,true,1,154577
7290110558154,false,דנונה לייט אנד פרי ע,שטראוס,IL,דנונה לייט אנד פרי עוגת תפוחים   150גרם,גרמים,150.00,100 גרם,false,1,4.90,3.2667,true,1,155247
7290110558222,false,WOW  דנונה בנופי 150,שטראוס,IL,WOW  דנונה בנופי 150 גרם,גרמים,150.00,100 גרם,false,1,4.90,3.2667,true,1,154901
7290110558284,false,דנונה ביו מולטי 200,שטראוס,IL,דנונה ביו מולטי 200 גרם,מיליליטרים,200.00,"100 מ""ל",false,1,4.50,2.2500,true,1,154896
7290110558307,false,דנונה פרו 20 גר עם ש,"שטראוס בריאות בע""מ",IL,דנונה פרו 20 גר עם שיבולת שועל 200גרם,גרמים,200.00,100 גרם,false,1,6.50,3.2500,true,1,154235
7290110558314,false,דנונה פרו 20 גרםללא,שטראוס,IL,דנונה פרו 20 גרםללא סוכר בטעם פיסטוק,גרמים,200.00,100 גרם,false,1,5.90,2.9500,true,1,154902
7290110558666,false,דניאלה בטעם תפוח 88ג,שטראוס,IL,דניאלה בטעם תפוח 88גרם,גרמים,88.00,100 גרם,false,1,4.40,5.0000,true,1,156511
7290110559038,false,מילקשייק שוקו עם סיר,שטראוס,IL,מילקשייק שוקו עם סירופ שוקולד 300 מל,מיליליטרים,300.00,"100 מ""ל",false,1,7.90,2.6333,true,1,154894
7290110559045,false,מילקשייק וניל עם סיר,שטראוס,IL,מילקשייק וניל עם סירופ שוקולד 300 מל,מיליליטרים,300.00,"100 מ""ל",false,1,7.90,2.6333,true,1,154895
7290110560300,false,פריכיות משולשות-פלפל,פרח,IL,פריכיות משולשות- פלפל שחור,גרמים,30.00,100 גרם,false,1,5.90,19.6667,true,1,123113
7290110560317,false,פריכיות משולשות- מלח,פרח,IL,פריכיות משולשות- מלח ים,גרמים,30.00,100 גרם,false,1,5.90,19.6667,true,1,123114
7290110560324,false,פריכיות משולשות אפונ,פרח,IL,פריכיות משולשות- אפונה ירוקה,גרמים,30.00,100 גרם,false,1,5.90,19.6667,true,1,123115
7290110561352,false,יוגורט דנונה דל לקטו,"שטראוס בריאות בע""מ",IL,דנונה דל לקטוז בתוספת סידן,גרמים,200.00,100 גרם,false,1,3.70,1.8500,true,1,119848
7290110563431,false,משקה קפה קר   קלאסי,האי נאם סי או אל.טי.,AT,משקה קפה קר בסגנון קלאסי 1.6%,מיליליטרים,230.00,"100 מ""ל",false,1,7.90,3.4348,true,1,124281
7290110563448,false,משקה קפה קר  מעודן 1,האי נאם סי או אל.טי.,AT,"משקה קפה קר בסגנון מעודן  230 מ""ל",מיליליטרים,230.00,"100 מ""ל",false,1,7.90,3.4348,true,1,124282
7290110563462,false,חלב בבקבוק נטול לקטו,מחלבת יטבתה,IL,חלב בבקבוק נטול לקטוז 2%,ליטרים,1.00,ליטר,false,1,8.20,8.2000,true,1,124574
7290110564339,false,חומוס עשיר ב30% טחינ,מיוצר עי קונדיטוריית,IL,חומוס עשיר ב30% טחינה הסדרה המובחרת400,גרמים,400.00,100 גרם,false,1,14.90,3.7250,true,1,118461
7290110564360,false,חומוס עשיר ב40% טחינ,מיוצר עי קונדיטוריית,IL,חומוס עשיר ב40% טחינה הסדרה המובחרת400 d,גרמים,400.00,100 גרם,false,1,14.90,3.7250,true,1,118462
7290110564742,false,משקה קפה קר   חזק 1.,האי נאם סי או אל.טי.,AT,משקה קפה קר בסגנון חזק -חדש,מיליליטרים,230.00,"100 מ""ל",false,1,7.90,3.4348,true,1,124283
7290110565527,false,דנונה פרו 20 גרם חלב,"שטראוס בריאות בע""מ",IL,דנונה פרו 20 גר 1.5% שומן,גרמים,200.00,100 גרם,false,1,5.90,2.9500,true,1,117774
7290110566975,false,דנונה פרו 20גרם תות,"שטראוס בריאות בע""מ",IL,דנונה פרו 20 גר תות 0% שומן,גרמים,200.00,100 גרם,false,1,5.90,2.9500,true,1,119550
7290110568238,false,קצפת צמחית 21%  250,,IL,קצפת צמחית 21%  250 גרם,גרמים,250.00,100 גרם,false,1,8.50,3.4000,true,1,121322
7290110568276,false,משקה יטבתה פרו וניל,,IL,"משקה יטבתה פרו וניל 350 מ""ל",מיליליטרים,350.00,"100 מ""ל",false,1,6.50,1.8571,true,1,120907
7290110568498,false,קונפיטורת תות במתיקו,"אינסטנטה בע""מ",FR,קונפיטורת תות במתיקות מעודנת 265 ג יד מר,גרמים,265.00,100 גרם,false,1,14.90,5.6226,true,1,124869
7290110568559,false,מארז דוריטוס 10   25,שטראוס פריטוליי,IL,מארז דוריטוס 10   25 גר חמוץ חריף,גרמים,250.00,100 גרם,false,1,14.90,5.9600,true,1,154753
7290110570224,false,משקה קפה קר בטעם עוג,תנובה,IL,משקה קפה קר בטעם עוגיות 230מל,מיליליטרים,230.00,"100 מ""ל",false,1,7.90,3.4348,true,1,154892
7290110571382,false,מעדן חלב בטעם וניל פ,"שטראוס בריאות בע""מ",IL,מעדן חלב בטעם וניל מועשר בחלבון,גרמים,150.00,100 גרם,false,1,5.00,3.3333,true,1,154240
7290110576318,false,מארז שלישיית שוקולד,שטראוס,IL,מארז שלישיית אגוז לבן 3*100 גרם,גרמים,300.00,100 גרם,false,3,27.90,9.3000,true,1,156375
7290110576363,false,ספלנדיד שוקולד מריר,קימ'ס גריפלנן,BE,ספלנדיד שוקולד מריר אוגנדה 80%,גרמים,100.00,100 גרם,false,1,8.90,8.9000,true,1,156499
7290110576370,false,מארז שלישיית שוקולד,שטראוס,IL,מארז שלישיית שוקולד  אגוז מריר 100 גרם,גרמים,300.00,100 גרם,false,3,27.90,9.3000,true,1,156376
7290110576387,false,מארז שלישיית שוקולד,שטראוס,IL,מארז שלישיית שוקולד אגוז חלב 100 גרם,גרמים,300.00,100 גרם,false,3,27.90,9.3000,true,1,156374
7290110576752,false,ספלנדיד מריר 70% 100,קימ'ס גריפלנן,BE,ספלנדיד מריר 70% 100 גרם,גרמים,100.00,100 גרם,false,1,9.90,9.9000,true,1,156746
7290110576776,false,ספלנדיד מריר 85% 100,קימ'ס גריפלנן,BE,ספלנדיד מריר 85% 100 גרם,גרמים,100.00,100 גרם,false,1,9.90,9.9000,true,1,156747
7290110576868,false,גמדים רביעיית סלט פי,שטראוס,IL,גמדים רביעיית סלט פירות 400גרם,גרמים,400.00,100 גרם,false,1,11.90,2.9750,true,1,156589
7290110856250,false,ציל סיגריה אלקטרונית,AB,CN,ציל סיגריה אלקטרונית 2800 שאיפות תפוח,יחידה,1.00,יחידה,false,1,89.90,89.9000,false,1,154723
7290110856267,false,ציל סיגריה אלקטרונית,AB,CN,ציל סיגריה אלקטרונית 2800 שאיפות אבטיח,יחידה,1.00,יחידה,false,1,89.90,89.9000,false,1,154722
7290111268670,false,פרצל אפוי,גדרון,IL,פרצל אפוי,לא מנהל יחידת מידה,0.00,לא מנהל יחידת מידה,false,1,4.90,0.0000,true,1,146969
7290111341984,false,לילי לח רביעייה,קימברלי,GB,לילי לח רביעייה,יחידה,1.00,יחידה,false,1,22.90,22.9000,true,1,142767
7290111343117,false,קלינקס לושן סופט זוג,קימברלי,IL,קלינקס טישו לושן סופט פק זוגות - 140 דף,לא מנהל יחידת מידה,0.00,לא מנהל יחידת מידה,false,1,13.90,0.0000,true,1,147577
7290111344206,false,האגיס מגבונים לחים מ,קימברלי,IL,מגבוני האגיס נטורל קייר מבושם 4*64,לא מנהל יחידת מידה,0.00,לא מנהל יחידת מידה,false,1,18.90,0.0000,true,1,152721
7290111344824,false,קוטקס מגן תחתון אנטי,,CN,קוטקס מגן תחתון אנטיבקטרי 52 יחידות,יחידה,1.00,יחידה,false,1,22.90,22.9000,true,1,153190
7290111344831,false,מגן תחתון קוטקס נורמ,,CN,מגן תחתון קוטקס נורמל 60 יחידות,יחידה,1.00,יחידה,false,1,22.90,22.9000,true,1,153191
7290111344879,false,מגן תחתון קוטקס 2ב1,,CN,מגן תחתון קוטקס 2ב1 44 יחידות,יחידה,1.00,יחידה,false,1,22.90,22.9000,true,1,153192
7290111345753,false,תחבושת קוטקס כותנה נ,,CN,תחבושת קוטקס כותנה נורמל 24 יחידות,לא מנהל יחידת מידה,0.00,לא מנהל יחידת מידה,false,1,15.90,0.0000,true,1,154041
7290111345760,false,תחבושת קוטקס כותנה ס,,CN,תחבושת קוטקס כותנה סופר 18 יחידות,לא מנהל יחידת מידה,0.00,לא מנהל יחידת מידה,false,1,15.90,0.0000,true,1,154042
7290111345777,false,תחבושת קוטקס כותנה ל,,CN,תחבושת קוטקס כותנה לילה 16 יחידות,לא מנהל יחידת מידה,0.00,לא מנהל יחידת מידה,false,1,15.90,0.0000,true,1,154043
7290111345814,false,נייר טואלט לילי נטור,קימברלי,IL,נייר טואלט לילי נטורל קר 30 גלילים,יחידה,1.00,יחידה,false,1,34.90,34.9000,true,1,153193
7290111346293,false,מגבת נייר ניקול שישי,חוגלה,IL,מגבת נייר ניקול שישייה מהדורה,יחידה,6.00,יחידה,false,1,12.90,2.1500,true,1,154652
7290111350719,false,נאצוס הוטפופ מסעדות,פופז,US,נאצוס הוטפופ מסעדות 332 גרם,גרמים,332.00,100 גרם,false,1,14.90,4.4880,true,1,124912
7290111350726,false,נאצוס הוטפופ מקסיקני,פופז,US,נאצוס הוטפופ מקסיקני 332 גרם,גרמים,332.00,100 גרם,false,1,14.90,4.4880,true,1,124911
7290111352973,false,קוביות חמוצות 220 גר,סאדאט,TR,קוביות חמוצות ממולאות בטעם פירות,גרמים,220.00,100 גרם,false,1,8.90,4.0455,true,1,146009
7290111563492,false,מטבוחה חריפה צבר 400,לחמנו,IL,סלטי צבר מטבוחה חריפה מרובע 6*400גרם,גרמים,400.00,100 גרם,false,1,13.60,3.4000,true,1,119278
7290111564239,false,מאגדת מיני קראנץ וני,המאפיה של הרמן,IL,קראנץ מאגדת מיני וניל 6 5*55גרם,גרמים,275.00,100 גרם,false,1,33.90,12.3273,true,1,117795
7290111564277,false,פיטנס פריכיות 3 דגני,PT,IL,פיטנס פריכיות 3 דגנים דקות 12*120גרם,גרמים,120.00,100 גרם,false,1,10.90,9.0833,true,1,116115
7290111564291,false,פריכיות דקות עם קינו,PT,IL,פיטנס פריכיות דקות עם קינואה 12*120גרם,גרמים,120.00,100 גרם,false,1,10.90,9.0833,true,1,116116
7290111564727,false,קרמוגית במילוי קרם א,מיוצר עי קונדיטוריית,IL,קרמוגית במילוי קרם אגוזים,גרמים,200.00,100 גרם,false,1,11.90,5.9500,true,1,118257
7290111565038,false,לה קרמריה וניל קוקיל,המאפיה של הרמן,IL,לה קרמריה וניל קוקילידה בדצ6*1.4ליטר חדש,ליטרים,1.40,ליטר,false,1,21.90,15.6429,true,1,119951
7290111565502,false,גלידה סנדויץ אוריאו,ג'נרל מילס סאן אדריא,IT,גלידה סנדויץ אוריאו 80 גרם,גרמים,80.00,100 גרם,false,1,10.50,13.1250,true,1,118348
7290111566103,false,פלאפל טבעול מרכיבים,טבעול,IL,פלאפל טבעול מרכיבים ביתיים בלבד 590 גרם,גרמים,590.00,100 גרם,false,1,32.90,5.5763,true,1,118800
7290111566127,false,גלידה אוראו סנדביץ מ,ג'נרל מילס סאן אדריא,IT,אוראו מאגדת סנדביץ 8 6*33ג 12364441,גרמים,198.00,100 גרם,false,1,27.60,13.9394,true,1,118346
7290111566271,false,חטיפי תירס טבעול 657,כצט,IL,טבעול חטיפי תירס 6*657גרם,גרמים,657.00,100 גרם,false,1,32.90,5.0076,true,1,118418
7290111566332,false,נקניקיות וינר טבעול,טבעול,IL,נקניקיות וינר טבעול צמחוניות 680 גרם,גרמים,680.00,100 גרם,false,1,32.90,4.8382,true,1,118799
7290111566547,false,חזה בגריל טבעול צמחו,כצט,IL,טבעול חזה בגריל צמחוני 6*560גרם,גרמים,560.00,100 גרם,false,1,32.90,5.8750,true,1,118795
7290111566561,false,שניצל ברוקולי טבעול,כצט,IL,טבעול שניצל ברוקולי 99 קלוריות 6*560ג,גרמים,560.00,100 גרם,false,1,31.90,5.6964,true,1,118805
7290111566585,false,שניצל צמחוני טבעול 9,כצט,IL,טבעול שניצל צמחוני 99 קלוריות 6*650גרם,גרמים,650.00,100 גרם,false,1,32.90,5.0615,true,1,118808
7290111566660,false,טבעול קציצות עדשים,כצט,IL,טבעול קציצות עדשים כתומות 6*530גרם,גרמים,530.00,100 גרם,false,1,32.90,6.2075,true,1,118801
7290111566691,false,טבעול שניצל ברוקולי,טבעול,IL,טבעול שניצל ברוקולי 99,גרמים,560.00,100 גרם,false,1,32.90,5.8750,true,1,118810
7290111566714,false,טבעול המבורגר צמחוני,טבעול,IL,טבעול המבורגר צמחוני 99,גרמים,600.00,100 גרם,false,1,32.90,5.4833,true,1,118794
7290111566752,false,שניצל תירס טבעול 99,כצט,IL,טבעול שניצל תירס 99 קלוריות 6*693גרם,גרמים,693.00,100 גרם,false,1,32.90,4.7475,true,1,118809
7290111566776,false,נקניקיות קוקטייל טבע,כצט,IL,טבעול נקניקיות קוקטייל צמחוניות6*680גרם,גרמים,680.00,100 גרם,false,1,32.90,4.8382,true,1,118417
7290111568206,false,ביסלי פארטי מיקס 150,פרו מן יו פתרונות אר,IL,ביסלי פארטי מיקס 24*150גרם,גרמים,150.00,100 גרם,false,1,8.90,5.9333,true,1,119595
7290111935824,false,ליידי ספיד סטיק דרמה,CP UK,US,ליידי ספיד סטיק דרמה אומגה 3 - 45 גר,מיליליטרים,45.00,"100 מ""ל",false,1,19.90,44.2222,true,1,142421
7290111936296,true,פלמוליב ארומה סנסייש,COLGATE ($) -PALMOLI,TR,פלמוליב ארומה סנסיישן מסאז 750,Unknown,0.00,Unknown,false,1,21.90,0.0000,true,1,125377
7290111937712,false,קוקי רדיד אלומיניום,קוקי,CN,קוקי רדיד אלומיניום עטוף בנייר אפייה 2 ב,יחידה,1.00,יחידה,false,1,11.90,11.9000,true,1,143728
7290111939174,false,קוקי ניילון נצמד עם,קוקי,CN,קוקי ניילון נצמד עם גומי L,יחידה,1.00,יחידה,false,1,9.90,9.9000,true,1,143729
7290112002099,false,קולון גל 2.5 ליטר רג,רקיט בנקיזר,IL,ג'ל כביסה קולון קלאסי 2.5 ליטר,ליטרים,2.50,ליטר,false,1,28.90,11.5600,true,1,142909
7290112003966,false,וניש אבקה אוקסי אקשן,רקיט בנקיזר,IT,וניש אבקה אוקסי אקשן לבן בוהק 470 גרם,גרמים,470.00,100 גרם,false,1,17.90,3.8085,true,1,153195
7290112004963,false,פיניש אולטימייט קפסו,רקיט בנקיזר,PL,פיניש אולטימייט קפסולות למדיח 25 יח,יחידה,25.00,יחידה,false,1,39.90,1.5960,true,1,156514
7290112005045,false,וניש אבקה חדש לבן 48,רקיט בנקיזר,IT,וניש אבקה חדש לבן 480 גרם,גרמים,480.00,100 גרם,false,1,17.90,3.7292,true,1,156509
7290112005076,false,וניש אבקה חדש ורוד 4,רקיט בנקיזר,IT,וניש אבקה חדש ורוד 480 גרם,גרמים,480.00,100 גרם,false,1,17.90,3.7292,true,1,156508
7290112330352,false,דנונה פרו 20גרם וניל,"שטראוס בריאות בע""מ",IL,דנונה פרו 20 גר וניל 0% שומן,גרמים,200.00,100 גרם,false,1,5.90,2.9500,true,1,125320
7290112330390,false,דנונה פרו 20גרם פירו,"שטראוס בריאות בע""מ",IL,דנונה פרו 20 גר פירות יער 0% שומן,גרמים,200.00,100 גרם,false,1,5.90,2.9500,true,1,125321
7290112330970,false,שייק חלבון מי גבינה,,IL,"שייק חלבון מי גבינה עם פירות יער 350 מ""ל",מיליליטרים,350.00,"100 מ""ל",false,1,7.50,2.1429,true,1,124106
7290112330987,false,שייק חלבון מי גבינה,,IL,שייק חלבון מי גבינה עם אפרסק ומנגו 350 מ,מיליליטרים,350.00,"100 מ""ל",false,1,7.50,2.1429,true,1,124105
7290112332585,false,פרכיות משולשות תפוא,פרח,IL,פריכיות משולשות-סלק,גרמים,30.00,100 גרם,false,1,5.90,19.6667,true,1,125888
7290112332691,false,עוגיית קרם פסק זמן א,תות תעשיות מזון (201,IL,.עוגיית קרם פסק זמן אגוזים,גרמים,200.00,100 גרם,false,1,11.90,5.9500,true,1,126025
7290112332899,false,בזוקה פופים קלאסי 58,רוג'ר אנד רוג'ר,DE,בזוקה פופים קלאסי 58 ג,גרמים,58.00,100 גרם,false,1,9.90,17.0690,true,1,126027
7290112334749,false,קפה טורקי עלית 200גר,שטראוס קפה בי.וי,IL,עלית טורקי שקית 200 ג 10% תוספת,גרמים,200.00,100 גרם,false,1,15.90,7.9500,true,1,141612
7290112335043,false,מרשמלו בזוקה 150 גרם,תות תעשיות מזון (201,IL,מרשמלו בזוקה 150גר וועסטהיים,גרמים,150.00,100 גרם,false,1,7.90,5.2667,true,1,125537
7290112335487,false,פריכיות טעימות קצח ו,פרח תעשיות,IL,פריכיות טעימות קצח ודגנים 135 גרם,גרמים,135.00,100 גרם,false,1,13.90,10.2963,true,1,125315
7290112335500,false,פריכיות טעימות חלבון,פרח,IL,פריכיות טעימות חלבון 19,גרמים,135.00,100 גרם,false,1,13.90,10.2963,true,1,125317
7290112336637,false,סוכריות ללס תות אוכמ,מיישקו,PL,סוכריות ללס יוגורט תות אוכמניות,גרמים,80.00,100 גרם,false,1,8.90,11.1250,true,1,143598
7290112336644,false,סוכריות ללס לימון 80,פלזנסקי,PL,סוכריות ללס לימון 80 ג חדש,גרמים,80.00,100 גרם,false,1,8.90,11.1250,true,1,143599
7290112336651,false,סוכריות ללס ריבת חלב,פלזנסקי,PL,סוכריות ללס ריבת חלב 80 ג חדש,גרמים,80.00,100 גרם,false,1,8.90,11.1250,true,1,143600
7290112336712,false,דנונה פרו 21   0%  2,"שטראוס בריאות בע""מ",IL,דנונה פרו 21 גר 0% שומן,גרמים,200.00,100 גרם,false,1,5.90,2.9500,true,1,124581
7290112337474,false,סוכריות ללס פטל לימו,פלזנסקי,PL,סוכריות ללס פטל לימון  80 גר,גרמים,80.00,100 גרם,false,1,8.90,11.1250,true,1,143601
7290112337481,false,סוכריות ללס קפוצינו,פלזנסקי,PL,סוכריות ללס קפוצ'ינו 80 גר' אריזה חדשה,גרמים,80.00,100 גרם,false,1,8.90,11.1250,true,1,143602
7290112339362,false,דנונה לייט אנד פריי,שטראוס,IL,דנונה לייט אנד פריי בטעם קפוצינו 150גרם,גרמים,150.00,100 גרם,false,1,4.90,3.2667,true,1,149056
7290112339867,true,גמדים סקוויז  תות 10,שטראוס,IL,גמדים סקוויז  תות 100 גרם,גרמים,100.00,100 גרם,false,1,5.70,5.7000,true,1,146649
7290112339874,true,גמדים סקוויז תות בננ,שטראוס,IL,גמדים סקוויז תות בננה 100,גרמים,100.00,100 גרם,false,1,5.70,5.7000,true,1,146650
7290112340122,false,פריכיות טעימות 3 דגנ,פרח תעשיות,IL,פריכיות טעימות 3 דגנים 135 גרם,גרמים,135.00,100 גרם,false,1,13.90,10.2963,true,1,125318
7290112340276,false,עוגיית קרם קפה נמס,הגביע מוצרי ופלים בע,IL,פינוקיות קרם קפה נמס,גרמים,200.00,100 גרם,false,1,11.90,5.9500,true,1,126034
7290112340900,false,קפה טורקי האג 200 גר,הנסיך- מפעל לייצור ט,IL,קפה טורקי האג 200 גרם,גרמים,200.00,100 גרם,false,1,29.90,14.9500,true,1,146579
7290112341679,false,אקטיביה  3% 200גרם,מיוצר עי קונדיטוריית,IL,אקטיביה  3% 200ג',גרמים,200.00,100 גרם,false,1,4.20,2.1000,true,1,142132
7290112341686,false,מארז אקטיביה 3% שמינ,מיוצר עי קונדיטוריית,IL,מארז אקטיביה 3% שמיניה  1200גרם,גרמים,1200.00,100 גרם,false,1,19.90,1.6583,true,1,142133
7290112342102,false,גבינת סימפוניה בצל מ,"שטראוס בריאות בע""מ",IL,סימפוניה בצל מקורמל,גרמים,200.00,100 גרם,false,1,11.90,5.9500,true,1,143651
7290112342195,false,תפוציפס  מקלות 200 ג,"שטראוס פריטו ליי בע""",IL,תפו מקלות טבעי 200 גר 15 יח,גרמים,200.00,100 גרם,false,1,9.90,4.9500,true,1,143366
7290112342508,false,דוריטוס קול ראנצ 70,שטראוס,IL,דוריטוס קול ראנצ 70 גרם,גרמים,70.00,100 גרם,false,1,3.90,5.5714,true,1,156282
7290112343420,false,יטבתה פרו ארוחת בוקר,מחלבת יטבתה,IL,יטבתה פרו ארוחת בוקר 350 מל,מיליליטרים,350.00,"100 מ""ל",false,1,7.40,2.1143,true,1,142980
7290112343499,false,ציטוס פאף 55 גרם,"שטראוס פריטו ליי בע""",IL,צ'יטוס PUFFS בטעם גבינה 55 ג 48 יח,גרמים,55.00,100 גרם,false,1,4.90,8.9091,true,1,152190
7290112343512,false,ציטוס פאף 160 גרם,הנסיך- מפעל לייצור ט,IL,צ'יטוס PUFFS בטעם גבינה 160 ג 9 יח,גרמים,160.00,100 גרם,false,1,9.90,6.1875,true,1,152191
7290112344724,false,מילקי בטעם שוקולד בל,שטראוס,IL,מילקי בטעם שוקולד בלונדי  170גרם,גרמים,170.00,100 גרם,false,1,3.50,2.0588,true,1,142977
7290112344755,false,מלקי מופחת 26%סוכר 1,מיוצר עי קונדיטוריית,IL,מילקי עם 26% פחות סוכר,גרמים,135.00,100 גרם,false,1,3.00,2.2222,true,1,148165
7290112344786,false,קפה פלטינום קלאסיק 2,הנסיך- מפעל לייצור ט,IL,קפה פלטינום קלאסיק 200 גרם,גרמים,200.00,100 גרם,false,1,27.90,13.9500,true,1,143947
7290112344953,false,גבינת סימפוניה חציל,"שטראוס בריאות בע""מ",IL,סימפוניה חציל קלוי,גרמים,200.00,100 גרם,false,1,11.90,5.9500,true,1,147442
7290112346773,false,דנונה לייט  וניל עם,מיוצר עי קונדיטוריית,IL,דנונה לייט אנד פרי וניל עם חלבון,גרמים,150.00,100 גרם,false,1,4.90,3.2667,true,1,148318
7290112346797,false,אקטיביה שיבולת שועל,מיוצר עי קונדיטוריית,IL,אקטיביה עם שיבולת שועל ושזיף,Unknown,0.00,Unknown,false,1,4.90,0.0000,true,1,144600
7290112347008,false,גמדים ארוחת בוקר תות,"שטראוס בריאות בע""מ",IL,גמדים ארוחת בוקר תות סקוויז,גרמים,100.00,100 גרם,false,1,5.70,5.7000,true,1,142972
7290112347473,false,דנונה לייט אנד פריי,מיוצר עי קונדיטוריית,IL,מארז לייט אנד פריי תות ואפרסק,יחידה,1.00,יחידה,false,1,29.90,29.9000,true,1,142459
7290112348043,false,סלט חציל במיונז דליק,שטראוס,IL,סלט חציל במיונז דליקטס 250 גרם,גרמים,250.00,100 גרם,false,1,11.90,4.7600,true,1,149328
7290112349316,false,בזוקה ביג פופים בטעם,רוג'ר אנד רוג'ר,DE,בזוקה ביג פופים בטעם תות 86 גר,גרמים,86.00,100 גרם,false,1,15.90,18.4884,true,1,144695
7290112349606,false,דניאלה תות בננה88גרם,"שטראוס בריאות בע""מ",IL,דניאלה תות בננה,גרמים,88.00,100 גרם,false,1,4.40,5.0000,true,1,153225
7290112349705,false,רוטב עגבניות קלאסי פ,"אינסטנטה בע""מ",IT,רוטב עגבניות קלאסי פומודורו יד מרדכי350ג,גרמים,350.00,100 גרם,false,1,12.90,3.6857,true,1,143848
7290112349736,false,רוטב עגבניות לפסטה ב,אמיליאנה קונסרב סוסי,IT,רוטב עגבניות לפסטה בזיליקום יד מרדכי350ג,גרמים,350.00,100 גרם,false,1,12.90,3.6857,true,1,143849
7290112349750,false,רוטב עגבניות לפיצה 3,יד מרדכי,IL,רוטב עגבניות לפיצה 350 גרם,גרמים,350.00,100 גרם,false,1,12.90,3.6857,true,1,152516
7290112349897,false,מאסט קוביות מנטה  86,רוג'ר אנד רוג'ר,DE,מאסט קוביות מנטה  86 ג וועסטהיים,גרמים,86.00,100 גרם,false,1,15.90,18.4884,true,1,144697
7290112350312,false,קפסולות אספרסו 15 שט,שטראוס קפה בי.וי,IL,קפסולות 15 למכונות NESPRESSO,גרמים,50.00,100 גרם,false,1,16.90,33.8000,true,1,146581
7290112353412,false,פריכיות משולשות-תפוא,פרח,IL,"פריכיות משולשות-תפוא,תירס,אפונה,סלק ומלח",גרמים,30.00,100 גרם,false,1,5.90,19.6667,true,1,146695
7290112353566,false,סלט טחינה דליקטס 250,שטראוס,IL,סלט טחינה דליקטס 250 גרם,גרמים,250.00,100 גרם,false,1,11.90,4.7600,true,1,149330
7290112353887,false,משקה קפה קר בטעם אגו,האי נאם סי או אל.טי.,AT,"משקה קפה קר בטעם אגוזים 230 מ""ל",מיליליטרים,230.00,"100 מ""ל",false,1,7.90,3.4348,true,1,145589
7290112354174,false,פסטה רוזה דלישס 280ג,"טרופיקל דגיל בע""מ אז",IT,פסטה רוזה דלישס 280גרם,גרמים,280.00,100 גרם,false,1,24.90,8.8929,true,1,152286
7290112354204,false,ספגטי עגבניות  דלישס,"טרופיקל דגיל בע""מ אז",IT,ספגטי עגבניות  דלישס 280 גרם,גרמים,280.00,100 גרם,false,1,24.90,8.8929,true,1,152288
7290112354211,false,פיצה מרגריטה  דלישס,סקרלינפיצה אס. אר. א,IT,פיצה מרגריטה  דלישס 400 גרם,גרמים,400.00,100 גרם,false,1,26.90,6.7250,true,1,152289
7290112354747,false,דנונה בר בננה עם קור,"שטראוס בריאות בע""מ",IL,דנונה בר בננה עם קורנפלקס,גרמים,172.00,100 גרם,false,1,4.80,2.7907,true,1,146932
7290112354945,false,תפוציפס טבעי 50 גרם,שטראוס,IL,תפוציפס טבעי 50 גרם wavy,גרמים,50.00,100 גרם,false,1,3.90,7.8000,true,1,156674
7290112354952,false,תפוציפס פפריקה 50 גר,שטראוס,IL,תפוציפס פפריקה 50 גרם wavy,גרמים,50.00,100 גרם,false,1,3.90,7.8000,true,1,156675
7290112354969,false,תפוציפס טבעי 200 גרם,שטראוס,IL,תפוציפס טבעי 200 גרם wavy,גרמים,200.00,100 גרם,false,1,9.90,4.9500,true,1,156672
7290112355027,false,דנונה פרו20 גרם חלבו,"שטראוס בריאות בע""מ",IL,דנונה פרו 20 גרם בטעם קרמל מלוח,גרמים,200.00,100 גרם,false,1,5.90,2.9500,true,1,148163
7290112355102,false,גמדים פאוץ סלט פירות,"שטראוס בריאות בע""מ",IL,סקוויז גמדים לדרך סלט פירות 100 גרם,גרמים,100.00,100 גרם,false,1,5.70,5.7000,true,1,148322
7290112355393,false,רוטב שמנת עם בטטה 25,יטבתה,IL,רוטב שמנת עם בטטה 257 מל,מיליליטרים,257.00,"100 מ""ל",false,1,11.90,4.6304,true,1,156592
7290112355720,false,דנונה WOW קרמל מלוח,"שטראוס בריאות בע""מ",IL,דנונה WOW קרמל מלוח,גרמים,150.00,100 גרם,false,1,4.90,3.2667,true,1,148321
7290112355775,false,גבינת סימפוניה עירית,שטראוס,IL,גבינת סימפוניה עירית 200 גרם,גרמים,200.00,100 גרם,false,1,11.90,5.9500,true,1,155248
7290112355805,false,גמדים ארוחת בוקר בטע,"שטראוס בריאות בע""מ",IL,גמדים ארוחת בוקר בטעם ענבים סקוויז,גרמים,100.00,100 גרם,false,1,5.70,5.7000,true,1,154579
7290112355867,false,מילקי קצפת טופ פיצפו,"שטראוס גרופ בע""מ",IL,מילקי קצפת טופ פיצפוץ 88 גרם,גרמים,88.00,100 גרם,false,1,4.40,5.0000,true,1,152255
7290112356536,false,קקאו 150גרם + 10%,הנסיך- מפעל לייצור ט,IL,קקאו 150גרם + 10%,גרמים,150.00,100 גרם,false,1,11.80,7.8667,true,1,146182
7290112358004,false,פסק זמן קראנץ 32גרם,המאפיה של הרמן,TR,פסק זמן קראנץ' 32 גר,גרמים,32.00,100 גרם,false,1,5.90,18.4375,true,1,147793
7290112358127,false,דנונה פרו 20גרם עם מ,"שטראוס בריאות בע""מ",IL,דנונה פרו 20 גר עם מגנזיום,גרמים,200.00,100 גרם,false,1,6.50,3.2500,true,1,147444
7290112358219,false,רוטב צילי מתוק 300 ג,אף.סי תבליני בגליל ב,IL,רוטב צילי מתוק 300 גר יד מרדכי,גרמים,300.00,100 גרם,false,1,14.90,4.9667,true,1,146438
7290112358431,false,עד חצות דאבל 200 גרם,שטראוס,IL,עד חצות דאבל 200 גרם,גרמים,200.00,100 גרם,false,1,14.90,7.4500,true,1,149795
7290112359353,false,קפה טורקי אלדין 200,שטראוס,IL,קפה טורקי אלדין 200 גרם,גרמים,200.00,100 גרם,false,1,22.90,11.4500,true,1,153390
7290112490032,true,מרק נמס בכוס תירס 43,יוניליוור ישראל מזון,IL,קנור נמס בכוס מרק תירס 45 גרם,גרמים,43.00,100 גרם,false,1,7.50,17.4419,true,1,122364
7290112490209,true,נמס בכוס עגבניות קרו,יוניליוור ישראל מזון,IL,נמס בכוס עגבניות קרוטונים ר.טבעי 64 גרם,גרמים,64.00,100 גרם,false,1,7.50,11.7188,true,1,122367
7290112490230,true,נמס בכוס אפונה ר.טבע,יוניליוור ישראל מזון,IL,נמס בכוס מרק אפונה - 100% רכיבים טבעיים,גרמים,50.00,100 גרם,false,1,7.50,15.0000,true,1,122368
7290112490650,false,קונפיטורה תות שדה778,קונפיטורות לה-ארדניי,BE,778 קונפיטורת תות שדה 340 גרם,גרמים,340.00,100 גרם,false,1,13.90,4.0882,true,1,122198
7290112490667,false,קונפיטורה משמשים 778,,BE,778 קונפיטורת משמש 340 גרם,גרמים,340.00,100 גרם,false,1,15.90,4.6765,true,1,122201
7290112490674,false,קונפיטורה דובדבנים 7,,BE,778 קונפיטורת דובדבנים 340 גרם,גרמים,340.00,100 גרם,false,1,13.90,4.0882,true,1,122199
7290112490698,false,קונפיטורה תות שדה לי,,BE,קונפיטורה תות שדה לייט 300 גרם,גרמים,300.00,100 גרם,false,1,14.90,4.9667,true,1,122317
7290112490728,false,מרק עשיר ירקות עם בו,יוניליוור ישראל מזון,IL,מרק עשיר ירקות עם בורגול100%רכיבים טבעיי,גרמים,104.00,100 גרם,false,1,12.90,12.4038,true,1,122417
7290112490742,true,מרק עשיר פטריות עם ג,יוניליוור ישראל מזון,IL,מרק עשיר פטריות עם גריסים – 100% רכיבים,גרמים,104.00,100 גרם,false,1,12.90,12.4038,true,1,122371
7290112490759,true,מרק עשיר עוף עם אטרי,יוניליוור ישראל מזון,IL,מרק עשיר עוף עם אטריות – 100% רכיבים טבע,גרמים,74.00,100 גרם,false,1,12.90,17.4324,true,1,122372
7290112490896,true,קנור רוטב צילי חריף,יניליוור ישראל מזון,IL,קנור רוטב צילי חריף 370  גרם,גרמים,370.00,100 גרם,false,1,12.90,3.4865,true,1,123057
7290112491497,false,קנור מרק פטריות  כשל,יונליוור ישראל מזון,IL,קנור מרק פטריות  כשלפ  400 גרם,גרמים,400.00,100 גרם,false,1,24.90,6.2250,true,1,143554
7290112491701,false,בררנפלקס חיטה מלאה ו,יוניליוור ישראל מזון,IL,ברנפלקס חיטה מלאה ושיבולת שועל מלאה375,גרמים,375.00,100 גרם,false,1,25.90,6.9067,true,1,125026
7290112492449,false,פינוק שמפו לשיער רגי,יוניליוור ישראל טיפו,IL,PINUK שמפו 2IN1 700 ML,מיליליטרים,700.00,"100 מ""ל",false,1,12.90,1.8429,true,1,145108
7290112492456,false,פינוק שמפו לשיער יבש,יוניליוור ישראל טיפו,IL,PINUK שמפו 2IN1 700 ML,מיליליטרים,700.00,"100 מ""ל",false,1,12.90,1.8429,true,1,145109
7290112492463,false,פינוק שמפו ומרכך 2ב1,יוניליוור ישראל טיפו,IL,PINUK שמפו 2IN1 700 ML,מיליליטרים,700.00,"100 מ""ל",false,1,12.90,1.8429,true,1,145110
7290112492487,false,פינוק שמפו שמן מרוקא,יוניליוור ישראל טיפו,IL,PINUK שמפו 2IN1 700 ML,מיליליטרים,700.00,"100 מ""ל",false,1,12.90,1.8429,true,1,145111
7290112492500,false,פינוק שמפו שמן קוקוס,"יוניליור ישראל, טיפו",IL,PINUK שמפו 2IN1 700 ML,מיליליטרים,700.00,"100 מ""ל",false,1,12.90,1.8429,true,1,145112
7290112492531,true,פינוק מרכך שיער רגיל,יוניליוור ישראל טיפו,IL,PINUK מרכך 700 ML,מיליליטרים,700.00,"100 מ""ל",false,1,12.90,1.8429,true,1,143264
7290112492548,true,פינוק מרכך שיער יבש,יוניליוור ישראל טיפו,IL,PINUK מרכך שיער 700 ML,מיליליטרים,700.00,"100 מ""ל",false,1,12.90,1.8429,true,1,143265
7290112492579,true,פינוק מרכך שמן קוקוס,יוניליוור ישראל טיפו,IL,PINUK מרכך שיער 700 ML,מיליליטרים,700.00,"100 מ""ל",false,1,12.90,1.8429,true,1,145113
7290112492593,true,פינוק תחליב רחצה בני,יוניליוור ישראל טיפו,IL,PINUK סבון נוזלי 700 ML,גרמים,700.00,100 גרם,false,1,12.90,1.8429,true,1,143267
7290112492609,true,פינוק תחליב רחצה לבנ,יוניליוור ישראל טיפו,IL,PINUK סבון נוזלי 700 ML,מיליליטרים,700.00,"100 מ""ל",false,1,12.90,1.8429,true,1,143268
7290112492630,true,פינוק שמפו 3 ב-1 לגב,יוניליוור ישראל טיפו,IL,PINUK סבון נוזלי 700 ML,מיליליטרים,700.00,"100 מ""ל",false,1,12.90,1.8429,true,1,143270
7290112492982,false,קנור מרק פטריות רכיב,יוניליוור ישראל מזון,IL,קנור מרק פטריות 100% רכיבים טבעיים 400 גרם,גרמים,400.00,100 גרם,false,1,21.90,5.4750,true,1,143218
7290112492999,false,קנור מרק טעם עוף 400,יוניליוור ישראל מזון,IL,קנור מרק טעם עוף 400 גרם,גרמים,400.00,100 גרם,false,1,17.50,4.3750,true,1,143217
7290112493088,true,קנור מרק נמס בכוס עד,יוניליוור ישראל מזון,IL,קנור מרק נמס בכוס עדשים   50 גרם- 100% ר,Unknown,0.00,Unknown,false,1,7.50,0.0000,true,1,141362
7290112493095,true,קנור מרק נמס בכוס עג,יוניליוור ישראל מזון,IL,קנור מרק נמס בכוס עגבניות חריף  48 גרם -,גרמים,48.00,100 גרם,false,1,7.50,15.6250,true,1,141363
7290112493293,true,קנור מרק נמס בכוס יר,יוניליוור ישראל מזון,IL,קנור מרק נמס בכוס ירקות 44גרם - 100% רכי,גרמים,44.00,100 גרם,false,1,7.50,17.0455,true,1,141364
7290112493316,true,מרק היום אפונה קנור,יוניליוור ישראל מזון,IL,מרק היום אפונה קנור  117גרם  100% רכיבים,גרמים,117.00,100 גרם,false,1,12.90,11.0256,true,1,141365
7290112493903,false,ננסים בדצ מעדן קפוא,,IL,"מאגדת ננסים בטעמים תות, לימון, קולה ומשמש",גרמים,87.00,100 גרם,false,1,10.90,12.5287,true,1,141075
7290112493927,false,גלידה קרמיסימו ריבת,,IL,גלידה קרמיסימו ריבת חלב 1.33 ליטר,ליטרים,1.33,ליטר,false,1,26.90,20.2256,true,1,143497
7290112493934,false,גלידה קרמיסימו וניל,,IL,גלידה קרמיסימו וניל צרפתי 1.33 ליטר,ליטרים,1.33,ליטר,false,1,26.90,20.2256,true,1,143496
7290112493965,false,גלידה קרמיסימו מסטיג,,IL,גלידה קרמיסימו מסטיגם 1.33 ליטר,ליטרים,1.33,ליטר,false,1,26.90,20.2256,true,1,143498
7290112494153,false,תיבולית ניחוח צלי 72,יוניליוור ישראל מזון,IL,קנור תיבוליות ניחוח צלי 72 גרם,גרמים,72.00,100 גרם,false,1,10.30,14.3056,true,1,143484
7290112494221,false,קליק שקית ביסקוויט 6,יוניליוור ישראל מזון,IL,קליק   ביסקוויט 65 גרם,גרמים,65.00,100 גרם,false,1,7.90,12.1538,true,1,142332
7290112494238,false,קליק שקית  כדורים חל,יוניליוור ישראל מזון,IL,קליק  קליק כדורים 65 גרם,גרמים,65.00,100 גרם,false,1,7.90,12.1538,true,1,142335
7290112494276,false,קליק שקית  כריות 65,יוניליוור ישראל מזון,IL,קליק  קליק כריות 65 גרם,גרמים,65.00,100 גרם,false,1,7.90,12.1538,true,1,142336
7290112494283,false,קליק שקית  מעורב חום,יוניליוור ישראל מזון,IL,קליק   חום לבן 65 גרם,גרמים,65.00,100 גרם,false,1,7.90,12.1538,true,1,142334
7290112494313,false,קליק שקית קורנפלקס 6,יוניליוור ישראל מזון,IL,קליק  קליק קורנפלקס 65 גרם,גרמים,65.00,100 גרם,false,1,7.90,12.1538,true,1,142339
7290112494344,false,קורנפלקס תלמה 850  ג,יוניליוור שפע ישראל,IL,תלמה קורנפלקס של אלופים דגני בוקר 850 גרם,גרמים,850.00,100 גרם,false,1,21.90,2.5765,true,1,144224
7290112494351,false,קורנפלקס תלמה 850 גר,יוניליוור שפע ישראל,IL,תלמה  קורנפלקס של אלופים 850 גרם,גרמים,850.00,100 גרם,false,1,21.90,2.5765,true,1,144225
7290112494382,false,קנור פירה ביתי 260 ג,יוניליוור ישראל מזון,IL,פירה בטעם ביתי מוכן ברגע קנור,גרמים,260.00,100 גרם,false,1,14.90,5.7308,true,1,143015
7290112494993,false,כריות וניל 686 גרם,יוניליוור שפע ישראל,IL,תלמה דגני בוקר כריות וניל 686 גרם,גרמים,686.00,100 גרם,false,1,29.90,4.3586,true,1,142411
7290112495006,false,כריות נוגט 686 גרם,יוניליוור שפע ישראל,IL,תלמה דגני בוקר כריות נוגט 686 גרם,גרמים,686.00,100 גרם,false,1,29.90,4.3586,true,1,142413
7290112495105,false,נשנושים חטיף אפוי בט,בייגל את בייגל מזון,IL,נשנושים חטיף אפוי בטעם שמנת בצל 260 גרם,גרמים,260.00,100 גרם,false,1,14.90,5.7308,true,1,142531
7290112495143,false,נשנושי קרקר קוקטייל,בייגל את בייגל מזון,IL,נשנושי קרקר קוקטייל מלוח 300 גרם,גרמים,300.00,100 גרם,false,1,15.50,5.1667,true,1,142528
7290112495150,false,נשנושי קרקר עיגולים,בייגל את בייגל מזון,IL,נשנושי קרקר עיגולים מלוחים 300 גרם,גרמים,300.00,100 גרם,false,1,15.50,5.1667,true,1,142532
7290112495167,false,נשנושי קרקר משולשי ש,בייגל את בייגל מזון,IL,נשנושי קרקר משולשי שומשום 300 גרם,גרמים,300.00,100 גרם,false,1,15.50,5.1667,true,1,142527
7290112495174,false,נשנושי קרקר קוקטייל,בייגל את בייגל מזון,IL,נשנושי קרקר קוקטייל שומשום 300 גרם,גרמים,300.00,100 גרם,false,1,15.50,5.1667,true,1,142529
7290112495228,false,קורנפלקס בנגיעות דבש,יוניליוור שפע ישראל,IL,תלמה קורנפלקס דבש 448 גרם,גרמים,448.00,100 גרם,false,1,18.90,4.2187,true,1,142417
7290112495433,false,תלמה דליפקאן 400 גרם,יוניליור שפע ישראל ב,IL,TELMA דגני מבוגרים 400 GR,גרמים,400.00,100 גרם,false,1,25.90,6.4750,true,1,141329
7290112495662,false,קרקר חיטה מלאה ופשתן,"מיוצר ע""י קוד יצרן A",IL,B&B חיטה מלאה עם פשתן 300 GR,גרמים,300.00,100 גרם,false,1,9.90,3.3000,true,1,144948
7290112495747,false,רוטב צילי מתוק כ70%,יוניליוור ישראל מזון,IL,קנור רוטב צ'ילי מתוק כ-75% פחות סוכר 340 גרם,גרמים,340.00,100 גרם,false,1,12.90,3.7941,true,1,143512
7290112495754,false,הלמנס אלף האיים  305,יוניליוור ישראל מזון,IL,הלמנ'ס רוטב אלף האיים 305 גרם,גרמים,305.00,100 גרם,false,1,12.90,4.2295,true,1,143513
7290112495761,false,הלמנס אלף האיים לייט,יוניליוור ישראל מזון,IL,הלמנ'ס רוטב אלף האיים לייט 305 גרם,גרמים,305.00,100 גרם,false,1,12.90,4.2295,true,1,143514
7290112495785,false,הלמנס רוטב שום 300 ג,יוניליוור ישראל מזון,IL,הלמנ'ס רוטב שום 300 גרם,גרמים,300.00,100 גרם,false,1,12.90,4.3000,true,1,143515
7290112495808,false,הלמנס רוטב חרדל ודבש,יוניליוור ישראל מזון,IL,הלמנ'ס רוטב חרדל ודבש 305 מל,גרמים,305.00,100 גרם,false,1,12.90,4.2295,true,1,144941
7290112495815,false,הלמנס רוטב חרדל ודבש,יוניליוור ישראל מזון,IL,הלמנ'ס רוטב חרדל ודבש לייט 305 גרם,גרמים,305.00,100 גרם,false,1,12.90,4.2295,true,1,144942
7290112495822,false,כריות בלאק 686 גרם,יוניליוור שפע ישראל,IL,תלמה דגני בוקר כריות בלאק 686 גרם,גרמים,686.00,100 גרם,false,1,29.90,4.3586,true,1,143660
7290112495938,false,קרקר 6 דגנים בייגל ב,"מיוצר ע""י קוד יצרן A",IL,B&B חטיפים שונים 250 GR,גרמים,250.00,100 גרם,false,1,9.90,3.9600,true,1,144950
7290112496027,false,אפיכל סירופ בטעם שוק,יוניליוור ישראל מזון,IL,EFICOL קינוחים שונים 580 GR,גרמים,580.00,100 גרם,false,1,15.50,2.6724,true,1,143556
7290112496034,false,אפיכל סירופ בטעם מיי,יוניליוור ישראל מזון,IL,EFICOL קינוחים שונים 580 GR,גרמים,580.00,100 גרם,false,1,15.50,2.6724,true,1,143555
7290112496430,false,נמס בכוס אקסטרה מרק,יוניליוור ישראל מזון,IL,נמס בכוס אקסטרה מרק עגבניות 37 גרם,גרמים,37.00,100 גרם,false,1,4.50,12.1622,true,1,152373
7290112496461,false,נמס בכוס אקסטרה ירקו,יוניליוור ישראל מזון,IL,נמס בכוס מרק אקסטרה ירקות עם המון אטריות,גרמים,32.00,100 גרם,false,1,4.50,14.0625,true,1,152429
7290112496584,false,קליק כריות בלאק לבן,"דרך השוקולד 1, צפת 1",IL,קליק קליק כריות בלאק ושוקולד לבן 65 גרם,גרמים,65.00,100 גרם,false,1,6.90,10.6154,true,1,146116
7290112497123,false,סחלב להכנה 2 שקיות ב,יוניליוור ישראל מזון,IL,קנור סחלב 112 גרם,גרמים,112.00,100 גרם,false,1,12.90,11.5179,true,1,147934
7290112498298,false,פינוק אל סבון לידיים,קוסטר אירוסול ולף סנ,TR,פינוק אל סבון לידיים בתוספת שמן מרוקאי 950 מל,מיליליטרים,950.00,"100 מ""ל",false,1,12.90,1.3579,true,1,152187
7290112498533,false,פתית ציפס עם חומוס א,JLM גלובל פודס37 דרך,GB,"פתית פתית צ'יפס עם חומוס,אפונה ושעועית 21 גרם",גרמים,21.00,100 גרם,false,1,4.90,23.3333,true,1,152459
7290112498748,false,מאגדת 1/5 מיני סולרו,יוניליוור,IL,מאגדת סולרו מיני תות,גרמים,350.00,100 גרם,false,5,26.90,7.6857,true,1,148586
7290112498878,false,קורנטו פסק זמן 69 גר,"מיוצר ע""י גלידת שטרא",IL,קורנטו פסק זמן 69 גרם,גרמים,69.00,100 גרם,false,1,8.90,12.8986,true,1,149093
7290112498885,false,מאגד גודיז תותים ושו,"גלידת שטראוס בע""מ, ר",IL,מאגד גודיז תותים ושוקלד לבן 235גרם,גרמים,235.00,100 גרם,false,1,26.90,11.4468,true,1,149089
7290112498915,false,מאגדת מגנום שוקולד ש,"מיוצר ע""י גלידת שטרא",IL,מגנום מאגדת מיני מגנום שקדים מובחרים 5 יחידות,גרמים,250.00,100 גרם,false,1,32.90,13.1600,true,1,150065
7290112498922,false,מאגדת מגנום שוקולד ל,"מיוצר ע""י גלידת שטרא",IL,מגנום מאגדת מיני מגנום לבן 5 יחידות,גרמים,250.00,100 גרם,false,1,32.90,13.1600,true,1,150066
7290112498939,false,בומבה 84גרם,"מיוצר ע""י גלידת שטרא",IL,שטראוס שלגון בומבה בטעם וניל 80 גרם,גרמים,84.00,100 גרם,false,1,9.90,11.7857,true,1,149092
7290112498946,false,ארטיק ילדים קשת בענן,שטראוס גרופ גלידות,IL,ארטיק ילדים קשת בענן 47גרם,גרמים,47.00,100 גרם,false,1,6.90,14.6809,true,1,153496
7290112499097,false,מאגדת מיני מגנום מרי,"מיוצר ע""י גלידת שטרא",IL,מגנום  מאגדת מיני מגנום מריר 5 יחידות,גרמים,240.00,100 גרם,false,1,32.90,13.7083,true,1,153497
7290112499103,false,קורנטו קליק וניל עוג,שטראוס גרופ גלידות,IL,קורנטו קליק וניל עוגיות 72 גרם,גרמים,72.00,100 גרם,false,1,9.90,13.7500,true,1,154074
7290112499110,false,קורנטו קליק שוקולד ח,שטראוס גרופ גלידות,IL,קורנטו קליק שוקולד חזק 72 גרם,גרמים,72.00,100 גרם,false,1,9.90,13.7500,true,1,154075
7290112499127,false,שלגון שמנת בטעם וניל,"מיוצר ע""י גלידת שטרא",IL,מגנום  שלגון גלידה שוקולד לבן ותות 77 גרם,גרמים,77.00,100 גרם,false,1,11.90,15.4545,true,1,153494
7290112499141,false,סולרו וניל ותפוח ירו,שטראוס גרופ גלידות,IL,סולרו וניל ותפוח ירוק 76 גרם,גרמים,74.00,100 גרם,false,1,10.90,14.7297,true,1,154073
7290112499189,false,קרמיסימו חד קרן בטעמ,שטראוס גרופ גלידות,IL,קרמיסימו חד קרן בטעמי וניל תות ובננה 1.3,ליטרים,1.33,ליטר,false,1,23.90,17.9699,true,1,154931
7290112499196,false,קרמיסימו החלב של הקו,שטראוס גרופ גלידות,IL,קרמיסימו החלב של הקורנפלקס 1.33 ליטר,ליטרים,1.33,ליטר,false,1,23.90,17.9699,true,1,154932
7290112499219,false,גודיז פיסטוק ושוקולד,"גלידת שטראוס בע""מ, ר",IL,גודיז  מאגדת גלידה בטעמי פיסטוק ושוקולד 5 יחידות,גרמים,235.00,100 גרם,false,1,26.90,11.4468,true,1,154076
7290112499226,false,גלידונית כמה כמה בטע,שטראוס גרופ גלידות,IL,גלידונית כמה כמה בטעמי פיסטוק ובננה 950,מיליליטרים,950.00,"100 מ""ל",false,1,41.90,4.4105,true,1,156676
7290112499462,false,תחליב רחצה פינוק שמן,יוניליוור ישראל טיפו,IL,פינוק תחליב רחצה בתוספת שמן קוקוס 700 מל,מיליליטרים,700.00,"100 מ""ל",false,1,12.90,1.8429,true,1,151530
7290112499639,false,טילון סופר מגנום וני,"מיוצר ע""י גלידת שטרא",IL,קורנטו מגנום טילון וניל צ'יפ שוקולד 110 גרם,גרמים,110.00,100 גרם,false,1,10.90,9.9091,true,1,143508
7290112499646,false,קורנטו סופר פקאן 108,"מיוצר ע""י גלידת שטרא",IL,קורנטו טילון קורנטו סופר פקאן 108 גרם,גרמים,108.00,100 גרם,false,1,10.90,10.0926,true,1,144649
7290112499677,false,מגנום שוקולד לבן 85,"מיוצר ע""י גלידת שטרא",IL,מגנום  שלגון שוקולד לבן 85 גרם,גרמים,85.00,100 גרם,false,1,11.90,14.0000,true,1,143502
7290112499738,false,שלגון מלון 90 גרם,"מיוצר ע""י גלידת שטרא",IL,מקס  שלגון מלון  90 גרם,גרמים,90.00,100 גרם,false,1,6.90,7.6667,true,1,143609
7290112499776,false,מאגדת גודיז שלגון אי,"גלידת שטראוס בע""מ",IL,GOODIZ חבילות בית 350 ML,גרמים,297.00,100 גרם,false,1,26.90,9.0572,true,1,144643
7290112499837,false,מגנום דואט שוקולד עם,"גלידות שטראוס בע""מ,",IL,Magnum יחידתיות 134 ML,גרמים,90.00,100 גרם,false,1,11.90,13.2222,true,1,143503
7290112499844,false,מיני מגנום דואט שוקו,"רחוב החרושת 1, עכו",IL,מגנום מאגדת מיני מגנום דואט שוקולד נוגט 5 יחידות,גרמים,310.00,100 גרם,false,1,32.90,10.6129,true,1,143501
7290112499905,false,קורנטו קליק מרשמלו 7,"מיוצר ע""י גלידת שטרא",IL,קורנטו טילון קורנטו קליק בטעם מרשמלו 72 גרם,גרמים,72.00,100 גרם,false,1,9.90,13.7500,true,1,145850
7290112499929,false,מגנום שוקולד 85 גרם,"מיוצר ע""י גלידת שטרא",IL,מגנום  שלגון מגנום שוקולד 85 גרם,גרמים,85.00,100 גרם,false,1,11.90,14.0000,true,1,143504
7290112499936,false,מגנום שקדים 85 גרם,"מיוצר ע""י גלידת שטרא",IL,מגנום  שלגון מגנום שקדים 85 גרם,גרמים,85.00,100 גרם,false,1,11.90,14.0000,true,1,143505
7290112499943,false,מיני מגנום קלאסיק שו,"גלידות שטראוס בע""מ,",IL,מיני מגנום קלאסיק שוקולד  250 גרם,גרמים,250.00,100 גרם,false,1,32.90,13.1600,true,1,143500
7290112499974,false,מאגדת מיני פסק זמ 1/,"גלידת שטראוס בע""מ, ר",IL,מאגדת מיני פסק זמ 1/5 280 גרם,גרמים,280.00,100 גרם,false,1,29.90,10.6786,true,1,145926
7290112960856,false,טילון אקסטרים מטבע ש,שוורצקוף& הנקל דיסלד,IL,נסטל.אקסטרים ליבת ריבת חלב ומטבע 18*115ג,גרמים,128.00,100 גרם,false,1,10.50,8.2031,true,1,124361
7290112961372,false,פיטנס חטיפי פריכיות,"פרח תעשיות מזון בע""מ",IL,פיטנס חטיפי פריכיות דקות קינמון12*60ג,גרמים,60.00,100 גרם,false,1,8.90,14.8333,true,1,123753
7290112961464,false,פיטנס חטיפי פריכיות,"פרח תעשיות מזון בע""מ",IL,פיטנס חטיפי פריכיות דקות מתובלות 12*60ג,גרמים,60.00,100 גרם,false,1,8.90,14.8333,true,1,123752
7290112961754,false,שוקוציפס אסם קרם אגו,מיוצר עי קונדיטוריית,IL,אסם עוגיות שוקוצ'יפס קרם אגוזים 12*220ג,גרמים,220.00,100 גרם,false,1,11.90,5.4091,true,1,123842
7290112962003,false,שלגון בשומן צמחי טעם,שוורצקוף& הנקל דיסלד,IL,שלגון בשומן צמחי טעם וניל עוגיות,לא מנהל יחידת מידה,0.00,לא מנהל יחידת מידה,false,1,10.50,0.0000,true,1,123850
7290112962522,false,בסלי שום בצל 60 גרם,"אסם השקעות בע""מ",IL,ביסלי שום בצל 24*60גרם,גרמים,60.00,100 גרם,false,1,4.00,6.6667,true,1,147870
7290112962737,true,טבעול שניצל מן הצומח,טבעול תעשיות מזון בע,IL,טבעול שניצל מן הצומח עם חלבון6*664ג,גרמים,1.00,100 גרם,false,1,32.90,3290.0000,true,1,123062
7290112962751,false,אוראו שלגון אימפלס 6,שוורצקוף& הנקל דיסלד,IL,אוראו שלגון אימפלס 20*65גרם,גרמים,65.00,100 גרם,false,1,11.50,17.6923,true,1,124366
7290112963321,false,גרטיפי בייגלה שטוח ה,מיוצר עי קונדיטוריית,IL,"גרטיפי בייגלה שטוח הכל לל""ג 300גרם",גרמים,300.00,100 גרם,false,1,15.90,5.3000,true,1,145647
7290112963918,false,פיטנס קרקר דק רוזמרי,אסם,IL,פיטנס קרקר דק רוזמרין 12*140גרם,גרמים,140.00,100 גרם,false,1,12.90,9.2143,true,1,126192
7290112964410,false,אסם רוטב אלף האיים ח,אסם,IL,אסם רוטב אלף האיים חדש לסלט 9*290גרם,גרמים,290.00,100 גרם,false,1,11.90,4.1034,true,1,125899
7290112964434,false,אסם רוטב קיסר חדש לס,אסם,IL,אסם רוטב קיסר חדש לסלט 9*295גרם,גרמים,295.00,100 גרם,false,1,11.90,4.0339,true,1,125900
7290112964458,false,אסם רוטב ויניגרט חדש,אסם,IL,אסם רוטב ויניגרט חדש לסלט 9*295גרם,גרמים,295.00,100 גרם,false,1,11.90,4.0339,true,1,125901
7290112964472,false,אסם רוטב שום חדש לסל,אסם,IL,אסם רוטב שום חדש לסלט 9*290גרם,גרמים,290.00,100 גרם,false,1,11.90,4.1034,true,1,125902
7290112964502,false,אסם רוטב אלף האיים ל,אסם,IL,אסם רוטב אלף האיים לסלט חדש 6*600גרם,גרמים,600.00,100 גרם,false,1,17.90,2.9833,true,1,125903
7290112964564,false,אסם רוטב אלף האיים ל,אסם,IL,אסם רוטב אלף האיים לייט לסלט חדש 9*310ג,גרמים,295.00,100 גרם,false,1,11.90,4.0339,true,1,125904
7290112964601,false,רוטב בנוסח סצואן אסם,"אסם השקעות בע""מ",IL,אסם רוטב בנוסח סצואן 9*290מל,מיליליטרים,290.00,"100 מ""ל",false,1,13.90,4.7931,true,1,125345
7290112964625,false,אסם רוטב שום לייט חד,אסם,IL,אסם רוטב שום לייט חדש לסלט 9*310גרם,גרמים,310.00,100 גרם,false,1,11.90,3.8387,true,1,125905
7290112965165,true,מרק נמס פטריות   34,אסם,IL,אסם זוג מרק נמס פטריות בדצ14*48גרם,גרמים,34.00,100 גרם,false,1,5.90,17.3529,true,1,141372
7290112965240,true,מרק נמס עגבניות   *,אסם,IL,אסם זוג מרק נמס עגבניות בדצ 12*60גרם,גרמים,88.00,100 גרם,false,1,5.90,6.7045,true,1,141375
7290112965264,true,מרק נמס אפונה   *30,אסם,IL,אסם זוג מרק נמס אפונה בדצ 14*30גרם,גרמים,60.00,100 גרם,false,1,5.90,9.8333,true,1,141376
7290112965288,true,מרק נמס ירקות    30,אסם,IL,אסם זוג מרק נמס ירקות בדצ14*30גרם,גרמים,60.00,100 גרם,false,1,5.90,9.8333,true,1,141377
7290112965301,true,מרק טעם עוף    38גר,אסם,IL,אסם זוג מרק נמס טעם עוף בדצ 10*52גרם,גרמים,38.00,100 גרם,false,1,5.90,15.5263,true,1,141378
7290112965684,false,פיטנס חטיף מולטיגריי,מיוצר עי קונדיטוריית,IL,פיטנס חטיף מולטיגריין עשבי תיבול  25גרם,גרמים,25.00,100 גרם,false,1,5.50,22.0000,true,1,147874
7290112965905,false,אסם בייגלה שמיניות ב,מיוצר עי קונדיטוריית,IL,אסם בייגלה שמיניות במליחות מעודנת12*400ג,גרמים,400.00,100 גרם,false,1,11.90,2.9750,true,1,143117
7290112965929,false,אסם בייגלה דובלה 250,"אסם השקעות בע""מ",IL,אסם דובלה 12*250גרם,גרמים,250.00,100 גרם,false,1,11.90,4.7600,true,1,143111
7290112965967,false,נאגטס ירקות כתומים ט,טבעול תעשיות מזון בע,IL,טבעול נאגטס ירקות כתומים 6*500גרם,ליטרים,500.00,ליטר,false,1,32.90,0.0658,true,1,147826
7290112965981,false,טבעול גורמה ארוחת דג,טבעול,IL,טבעול גורמה ארוחת דגנים  450 גרם,גרמים,450.00,100 גרם,false,1,33.90,7.5333,true,1,153439
7290112966001,false,טבעול גורמה ארוחת יר,טבעול,IL,טבעול גורמה ארוחת ירוקים   450 גרם,גרמים,450.00,100 גרם,false,1,33.90,7.5333,true,1,153440
7290112966025,false,אסם בייגלה כפיות כפר,,IL,אסם בייגלה כפיות כפרי טוגו 24*60גרם,גרמים,60.00,100 גרם,false,1,3.70,6.1667,true,1,143110
7290112966124,false,אסם פתי בר פחות סוכר,מיוצר עי קונדיטוריית,IL,אסם פתי בר פחות סוכר 12*500גרם,גרמים,500.00,100 גרם,false,1,9.90,1.9800,true,1,143761
7290112966247,false,לחמית כוסמין 200 גרם,אסם יקנעם,IL,לחמית כוסמין 200 גרם,גרמים,200.00,100 גרם,false,1,10.90,5.4500,true,1,146097
7290112966728,false,צבר טחינה בלאדי פלפל,שוורצקוף& הנקל דיסלד,IL,צבר טחינה בלאדי פלפלים חריפים 6*350גרם,גרמים,350.00,100 גרם,false,1,16.90,4.8286,true,1,142117
7290112966803,false,אסם פודינג אינסטנט ש,"אסם השקעות בע""מ",IL,אסם פודינג אינסטנט שוקולד  88 גרם,גרמים,88.00,100 גרם,false,1,5.90,6.7045,true,1,143150
7290112966841,false,אסם פודינג בטעם שוקו,מיוצר עי קונדיטוריית,IL,אסם פודינג בטעם שוקולד מריר  90גרם,גרמים,90.00,100 גרם,false,1,5.90,6.5556,true,1,143151
7290112967114,false,פיטנס חטיפי פריכיות,"פרח תעשיות מזון בע""מ",IL,פיטנס חטיפי פריכיות קטניות ופלפל 60 גר,גרמים,60.00,100 גרם,false,1,8.90,14.8333,true,1,146091
7290112967138,false,אסם בייגלה שמיניות ל,מיוצר עי קונדיטוריית,IL,אסם בייגלה שמיניות ללא גלוטן חדש 6*250ג,גרמים,250.00,100 גרם,false,1,14.90,5.9600,true,1,143119
7290112967381,false,פיטנס חטיפי פריכיות,"פרח תעשיות מזון בע""מ",IL,פיטנס חטיפי פריכיות קטניות ומלח ים 60 ג,גרמים,60.00,100 גרם,false,1,8.90,14.8333,true,1,146090
7290112967404,false,רוטב אלף האיים לסלט,,IL,אסם רוטב אלף האיים לסלט כלפ 9*290גרם חדש,מיליליטרים,290.00,"100 מ""ל",false,1,11.90,4.1034,true,1,144240
7290112967572,false,אסם רוטב ברביקיו 290,אסם,IL,אסם רוטב ברביקיו 9*290מל חדש,מיליליטרים,290.00,"100 מ""ל",false,1,12.90,4.4483,true,1,143149
7290112968340,false,צבר חומוס גרוס גס גס,שוורצקוף& הנקל דיסלד,IL,צבר חומוס גרוס גס גס  400גרם,גרמים,400.00,100 גרם,false,1,14.90,3.7250,true,1,144196
7290112968401,false,צבר חומוס גרגרים רכי,שוורצקוף& הנקל דיסלד,IL,צבר חומוס גרגרים רכים  400גרם,גרמים,400.00,100 גרם,false,1,14.90,3.7250,true,1,144198
7290112968807,false,פיטנס קרקר דק סלק 14,מפעל אסם יקנעם,IL,פיטנס קרקר דק סלק 12*140גרם,גרמים,140.00,100 גרם,false,1,12.90,9.2143,true,1,146693
7290112968821,false,פיטנס קרקר דק בטטה 1,מפעל אסם יקנעם,IL,פיטנס קרקר דק בטטה 12*140גרם,גרמים,140.00,100 גרם,false,1,12.90,9.2143,true,1,146694
7290112969903,false,נאגטס ירקות לבנים טב,טבעול תעשיות מזון בע,IL,טבעול נאגטס ירקות לבנים 6*500גרם,ליטרים,500.00,ליטר,false,1,32.90,0.0658,true,1,147827
7290113154612,false,מסננת נירוסטה קטנה ע,,,מסננת נירוסטה קטנה ע,יחידה,1.00,יחידה,false,1,12.90,12.9000,true,1,144063
7290113192171,false,מיקס אגוזים שקדים וח,דין שיווק,IL,מיקס אגוזים שקדים וחמוציות 150 גרם,גרמים,150.00,100 גרם,false,1,14.90,9.9333,true,1,151930
7290113192300,true,חרוזית מושחר בית הש,בית השיטה,IL,חרוזית מושחר בית השיטה   275גר,יחידה,0.00,יחידה,false,1,10.90,0.0000,true,1,143305
7290113192317,true,טבעות זיתים מושחרים,בית השיטה,IL,טבעות זיתים מושחרים בית השיטה   280גר,גרמים,280.00,100 גרם,false,1,12.90,4.6071,true,1,143306
7290113192324,true,זית ירוק  בית השיטה,הנסיך- מפעל לייצור ט,IL,זית ירוק  בית השיטה  340גר,גרמים,340.00,100 גרם,false,1,9.80,2.8824,true,1,143307
7290113192331,true,זית ירוק גדול בית ה,הנסיך- מפעל לייצור ט,IL,זית ירוק גדול בית השיטה 340גר,גרמים,0.00,100 גרם,false,1,11.90,0.0000,true,1,143308
7290113192348,true,זית ירוק ט.שום בית ה,הנסיך- מפעל לייצור ט,IL,זית ירוק ט.שום בית השיטה 340גר,Unknown,0.00,Unknown,false,1,10.90,0.0000,true,1,143309
7290113192355,true,חרוזית ירוק בית השיט,בית-השיטה עסיס תעשיו,IL,חרוזית ירוק בית השיטה   275גר,גרמים,275.00,100 גרם,false,1,11.90,4.3273,true,1,143310
7290113192362,true,טבעות זיתים ירק בית,הנסיך- מפעל לייצור ט,IL,טבעות זיתים ירק בית השיטה 280גר,גרמים,280.00,100 גרם,false,1,11.90,4.2500,true,1,143311
7290113192379,true,זיתים ירוקים מבוקעים,שוורצקוף& הנקל דיסלד,IL,זיתים ירוקים מבוקעים  בית השיטה 340גר,גרמים,340.00,100 גרם,false,1,9.90,2.9118,true,1,143312
7290113192386,true,זית סורי מבוקע בית,הנסיך- מפעל לייצור ט,IL,זית סורי מבוקע בית השיטה  340גר,גרמים,340.00,100 גרם,false,1,11.90,3.5000,true,1,143313
7290113192393,true,קוקטייל זיתים בית ה,בית-השיטה עסיס תעשיו,IL,קוקטייל זיתים בית השיטה 336גר,גרמים,336.00,100 גרם,false,1,12.90,3.8393,true,1,143314
7290113192478,true,מלפפונים במלח 10-12,בית-השיטה עסיס תעשיו,IL,מלפפונים במלח 10-12 בית השיטה 320גר,גרמים,320.00,100 גרם,false,1,9.50,2.9688,true,1,143322
7290113192485,true,מלפפונים בחומץ 10-12,בית-השיטה עסיס תעשיו,IL,מלפפונים בחומץ 10-12בית השיטה  290גר,גרמים,290.00,100 גרם,false,1,9.50,3.2759,true,1,143323
7290113192492,true,מלפפונים בחומץ 17-13,הנסיך- מפעל לייצור ט,IL,מלפפונים בחומץ 17-13בית השיטה  290גר,גרמים,290.00,100 גרם,false,1,11.90,4.1034,true,1,143324
7290113192508,true,מלפפונים במלח 17-13ב,הנסיך- מפעל לייצור ט,IL,מלפפונים במלח 17-13בית השיטה  320גר,גרמים,320.00,100 גרם,false,1,11.90,3.7188,true,1,143325
7290113192515,true,מלפפונים במלח 18 -25,הנסיך- מפעל לייצור ט,IL,מלפפונים במלח 18 -25בית השיטה  320גר,גרמים,0.00,100 גרם,false,1,12.90,0.0000,true,1,143326
7290113192522,true,מלפפונים בחומץ בית ה,הנסיך- מפעל לייצור ט,IL,מלפפונים בחומץ בית השיטה 18-25 290גר,גרמים,290.00,100 גרם,false,1,12.90,4.4483,true,1,143327
7290113192539,true,מלפפונים במלח  7-9 ב,הנסיך- מפעל לייצור ט,IL,מלפפונים במלח  7-9 בית השיטה 320גר,לא מנהל יחידת מידה,0.00,לא מנהל יחידת מידה,false,1,6.90,0.0000,true,1,143328
7290113192546,true,מלפפונים בחומץ 7-9 ב,הנסיך- מפעל לייצור ט,IL,מלפפונים בחומץ 7-9 בית השיטה 290גר,גרמים,290.00,100 גרם,false,1,6.90,2.3793,true,1,143329
7290113192553,true,מלפפונים באלדי 13-17,בית-השיטה עסיס תעשיו,IL,ב.הש.מלפ.מלח.בלדי א2 13-17 12*320ג חדש,גרמים,320.00,100 גרם,false,1,10.90,3.4063,true,1,143330
7290113192560,true,פלפל שיפקה בית השיטה,הנסיך- מפעל לייצור ט,IL,פלפל שיפקה בית השיטה  230גר,גרמים,230.00,100 גרם,false,1,7.50,3.2609,true,1,143331
7290113192577,true,כרוב כבוש בית השיטה,שוורצקוף& הנקל דיסלד,IL,כרוב כבוש בית השיטה 430גר,גרמים,430.00,100 גרם,false,1,8.50,1.9767,true,1,143332
7290113192881,false,טורטיה חיטה מופחתת ק,דין שיווק,IL,טורטיה חיטה מופחתת קלוריות 270 גרם,גרמים,270.00,100 גרם,false,1,9.90,3.6667,true,1,152583
7290113193000,false,פלפל שיפקונית בית הש,שוורצקוף& הנקל דיסלד,IL,פלפל שיפקונית בית השיטה 230  גרם,גרמים,230.00,100 גרם,false,1,11.90,5.1739,true,1,144463
7290113193031,false,זית חרוזית קלמטה בית,שוורצקוף& הנקל דיסלד,IL,זית חרוזית קלמטה בית השיטה 275גרם,גרמים,275.00,100 גרם,false,1,14.90,5.4182,true,1,145620
7290113193888,false,חצילים מוחמצים בית ה,"בית השיטה תעשיות בע""",IL,חצילים מוחמצים בית השיטה 320גרם,גרמים,320.00,100 גרם,false,1,11.90,3.7188,true,1,147829
7290113194649,false,מלפפון במלח קוביות ב,בית-השיטה עסיס תעשיו,IL,מלפפון במלח קוביות בית השיטה 320גרם,גרמים,320.00,100 גרם,false,1,11.90,3.7188,true,1,147832
7290113195042,false,מלפפון במלח כבישה בי,שוורצקוף& הנקל דיסלד,IL,מלפפון במלח כבישה ביתיתבית השיטה 750גרם,גרמים,215.00,100 גרם,false,1,33.90,15.7674,true,1,147831
7290113198029,false,פקאן מצופה חלבה 150ג,דין שיווק,IL,פקאן מצופה חלבה 150גרם,גרמים,150.00,100 גרם,false,1,14.90,9.9333,true,1,151959
7290113198036,false,פקאן מצופה  בטעם קרמ,"דין שיווק וקליה בע""מ",IL,פקאן מצופה  בטעם קרמל 150 גרם,גרמים,150.00,100 גרם,false,1,14.90,9.9333,true,1,151988
7290113198043,false,פקאן מצופה שוקולד וע,דין שיווק,IL,פקאן מצופה שוקולד ועוגיות 150גרם,גרמים,150.00,100 גרם,false,1,14.90,9.9333,true,1,151961
7290113198050,false,פקאן מצופה בייגלה מל,דין שיווק,IL,פקאן מצופה בייגלה מלוח 150גרם,גרמים,150.00,100 גרם,false,1,14.90,9.9333,true,1,151960
7290113198067,false,פקאן מצופה שוקולד לב,"דין שיווק וקליה בע""מ",IL,פקאן מצופה שוקולד לבן 150 גרם,גרמים,150.00,100 גרם,false,1,14.90,9.9333,true,1,151987
7290113198074,false,פקאן מצופה שוקולד שי,דין שיווק,IL,פקאן מצופה שוקולד שיש 150גרם,גרמים,150.00,100 גרם,false,1,14.90,9.9333,true,1,151962
7290113198562,false,סוכריות גומי בטעם תו,טופ גלוב,IL,סוכריות גומי בטעם תות שדה 200גרם,גרמים,200.00,100 גרם,false,1,9.90,4.9500,true,1,152141
7290113198579,false,סוכריות גומי דובונים,טופ גלוב,IL,סוכריות גומי דובונים 200 גרם,גרמים,200.00,100 גרם,false,1,9.90,4.9500,true,1,152142
7290113198586,false,סוכריות גומי מצופות,טופ גלוב,IL,סוכריות גומי מצופות סוכר בטעם אפרסק 200 גרם,גרמים,200.00,100 גרם,false,1,9.90,4.9500,true,1,152143
7290113198593,false,סוכריות גומי מצופות,טופ גלוב,IL,סוכריות גומי מצופות סוכר בטעם בננה 200 גרם,גרמים,200.00,100 גרם,false,1,9.90,4.9500,true,1,152144
7290113198609,false,סוכריות גומי נחשים 2,טופ גלוב,IL,סוכריות גומי נחשים 200 גרם,גרמים,200.00,100 גרם,false,1,9.90,4.9500,true,1,152145
7290113199897,false,סוכריות חמצוצים בטעם,דין שיווק,IL,סוכריות חמצוצים בטעם תות שדה 180 גרם,גרמים,180.00,100 גרם,false,1,9.90,5.5000,true,1,153869
7290113199927,false,סוכריות חמצוצים בטעמ,דין שיווק,IL,סוכריות חמצוצים בטעמי פירות 180 גרם,גרמים,180.00,100 גרם,false,1,9.90,5.5000,true,1,153870
7290113300354,false,לה קט סטיק עוף 30 גר,,,לה קט סטיק עוף 30 גרם,גרמים,30.00,100 גרם,false,1,9.90,33.0000,true,1,156542
7290113302273,false,חטיף בונזו עצם קלציו,שינייה פט פוד,CN,חטיף בונזו עצם קלציום עוף 80 גר,גרמים,80.00,100 גרם,false,1,12.90,16.1250,true,1,155877
7290113302310,false,בונזו בטטה רול 80 גר,שינייה פט פוד,CN,בונזו בטטה רול 80 גרם,גרמים,80.00,100 גרם,false,1,12.90,16.1250,true,1,155881
7290113302341,false,חטיפי בנוזו עוף ואור,לנגי,CN,חטיפי בנוזו עוף ואורז 80 גר,גרמים,80.00,100 גרם,false,1,12.90,16.1250,true,1,155884
7290113302358,false,חטיפי בנוזו עוף צורת,לנגי,CN,חטיפי בנוזו עוף צורת סושי 80 גר,גרמים,80.00,100 גרם,false,1,12.90,16.1250,true,1,155885
7290113303591,false,חטיף בונזו סוויצוני,שינייה פט פוד,CN,חטיף בונזו סוויצוני עוף 80 גר,גרמים,80.00,100 גרם,false,1,12.90,16.1250,true,1,155890
7290113303614,false,חטיף בונזו ברווז 80,שינייה פט פוד,CN,חטיף בונזו ברווז 80 גר,גרמים,80.00,100 גרם,false,1,12.90,16.1250,true,1,155892
7290113452848,false,קטי גומי אבטיח 200 ג,טופגם,IL,קטי גומי אבטיח 200 גרם,גרמים,200.00,100 גרם,false,1,10.90,5.4500,true,1,155142
7290113452855,false,סוכריות גומי יין ארו,טופגם,IL,סוכריות גומי יין ארוז 200 גרם,גרמים,200.00,100 גרם,false,1,10.90,5.4500,true,1,152651
7290113452862,false,סוכריות גומי נחש מוב,טופגם,IL,סוכריות גומי נחש מוברק ארוז 200 גרם,גרמים,200.00,100 גרם,false,1,10.90,5.4500,true,1,152585
7290113452879,false,סוכריות גומי בננה אר,טופגם,IL,סוכריות גומי בננה ארוז 200 גרם,גרמים,200.00,100 גרם,false,1,10.90,5.4500,true,1,152586
7290113452886,false,סוכריות גומי נחש חמו,טופגם,IL,סוכריות גומי נחש חמוץ ארוז 200 גרם,גרמים,200.00,100 גרם,false,1,10.90,5.4500,true,1,152588
7290113452916,false,סוכריות גומי קולה קט,טופגם,IL,סוכריות גומי קולה קטן ארוז 200 גרם,גרמים,200.00,100 גרם,false,1,10.90,5.4500,true,1,152584
7290113452923,false,סוכריות גומי לב אפרס,טופגם,IL,סוכריות גומי לב אפרסק ארוז 200 גרם,גרמים,200.00,100 גרם,false,1,10.90,5.4500,true,1,152652
7290113452930,false,סוכריות גומי דובי מו,טופגם,IL,סוכריות גומי דובי מוברק ארוז 200 גרם,גרמים,200.00,100 גרם,false,1,10.90,5.4500,true,1,152587
7290113452985,false,קטי תות ממולא 150 גר,טופגם,IL,קטי תות ממולא 150 גרם,גרמים,150.00,100 גרם,false,1,10.90,7.2667,true,1,155143
7290113453043,false,סוכריות גומי תות קטן,טופגם,IL,סוכריות גומי תות קטן  200 גרם,גרמים,200.00,100 גרם,false,1,10.90,5.4500,true,1,152653
7290113453050,false,סוכריות גומי תות קטן,טופגם,IL,סוכריות גומי תות קטן מסוכר 200 גרם,גרמים,200.00,100 גרם,false,1,10.90,5.4500,true,1,152654
7290114151566,false,שמפו לכל סוגי השיער,בוטני,IL,שמפו לכל סוגי השיער בוטני 500 מל,מיליליטרים,500.00,"100 מ""ל",false,1,23.90,4.7800,true,1,151315
7290114151597,false,בוטני שמפו לשיער רגי,אף.סי תבליני בגליל ב,IL,שמפו לשיער רגיל - יבש  500 מל,מיליליטרים,500.00,"100 מ""ל",false,1,23.90,4.7800,true,1,146735
7290114151603,false,מרכך לכל סוגי השיער,בוטני,IL,מרכך לכל סוגי השיער בוטני 500 מל,מיליליטרים,500.00,"100 מ""ל",false,1,23.90,4.7800,true,1,151316
7290114310215,false,שמנת מתוקה טרה 38%,מילקו תעשיות בעמ,IL,"שמנת מתוקה 38% 250 מ""ל בבקבוק - בד""צ",מיליליטרים,250.00,"100 מ""ל",false,1,6.47,2.5880,true,1,144992
7290114310222,false,חלב מועשר בסידן וויט,מילקו תעשיות בעמ,IL,חלב מועשר בסידן וויטמין D טרה 3% 1.5 ל',ליטרים,1.50,ליטר,false,1,12.90,8.6000,true,1,147302
7290114310239,false,חלב נטול לקטוז 1.5 ל,מילקו תעשיות בעמ,IL,חלב נטול לקטוז מועשר בויטמיןD טרה 2% 1.5,ליטרים,1.50,ליטר,false,1,12.90,8.6000,true,1,147303
7290114310338,false,צפתית מעודנת 5%  צור,משק צוריאל,IL,צפתית מעודנת 5% 225 גרם,גרמים,225.00,100 גרם,false,1,18.90,8.4000,true,1,149251
7290114310550,false,פטה עיזים מעודנת 5%מ,משק צוריאל,IL,בולגרית עיזים מעודנת 16% בגביע - 200 גר',גרמים,200.00,100 גרם,false,1,26.90,13.4500,true,1,150087
7290114310567,false,לאבנה עיזים 5% צוריא,משק צוריאל,IL,לאבנה עיזים 5% צוריאל250 גרם,גרמים,200.00,100 גרם,false,1,16.90,8.4500,true,1,151322
7290114310574,false,גבינת קרם שמנת עיזים,משק צוריאל,IL,גבינת קרם שמנת עיזים 5% 200 גרם,גרמים,200.00,100 גרם,false,1,16.90,8.4500,true,1,150035
7290114310628,false,משקה  וניל עוגיות טר,מילקו תעשיות בעמ,IL,משקה חלב וניל עוגיות 1 ליטר,ליטרים,1.00,ליטר,false,1,13.90,13.9000,true,1,150225
7290114310673,false,לאבנה 9%  טרה 250 גר,טרה,IL,לאבנה 9% 250 גרם,גרמים,250.00,100 גרם,false,1,13.90,5.5600,true,1,149465
7290114310895,false,מארז 1/8 סימפלי פרוט,טרה,IL,מאגדת שמינייה סימפלי 1.5% שומן מנגו ותות,גרמים,1200.00,100 גרם,false,1,32.90,2.7417,true,1,152256
7290114310901,false,גבינה לבנה 5% 250 גר,טרה,IL,גבינה לבנה 250 גרם 5% ווסטהיים,גרמים,250.00,100 גרם,false,1,4.98,1.9920,true,1,151660
7290114311069,false,מולר לייט  אקטיב וני,טרה,IL,Muller Active יוגורט BIO מועשר חלבון,גרמים,200.00,100 גרם,false,1,6.50,3.2500,true,1,148569
7290114311076,false,חמאת מולר צהובה עם ש,טרה,IL,חמאת מולר צהובה עם שום 200 גרם,גרמים,200.00,100 גרם,false,1,12.50,6.2500,true,1,154732
7290114311106,false,מולר נטורל 1.7% גרנו,טרה,IL,מולר נטורל + 1.7% שומן בתוספת גרנולה וסירופ סילאן,גרמים,177.00,100 גרם,false,1,7.50,4.2373,true,1,153280
7290114311328,false,D חלב נטול לקטוז 2%ט,טרה,IL,D חלב נטול לקטוז 2%טרה מועשר בוויטמין,ליטרים,1.00,ליטר,false,1,8.50,8.5000,true,1,156335
7290114311458,false,Dחלב 3% מועשר וויטמי,טרה,IL,D,ליטרים,1.00,ליטר,false,1,7.90,7.9000,true,1,156379
7290114311496,false,חלב מועשר 1% טרה1 לי,טרה,IL,חלב מועשר 1% טרה1 ליטר,ליטרים,1.00,ליטר,false,1,7.90,7.9000,true,1,156378
7290114604895,false,מאסטר שף ממרח ספייסי,Remia,NL,מאסטר שף ממרח ספייסי לחיץ 446 גר,גרמים,446.00,100 גרם,false,1,13.90,3.1166,true,1,149903
7290114604901,false,מאסטר שף ממרח שום לח,Remia,NL,מאסטר שף ממרח שום לחיץ 444 גרם,גרמים,444.00,100 גרם,false,1,13.90,3.1306,true,1,149904
7290114604925,false,קרם קוקוס לייט מאסטר,"תאי קוקונאט חברה בע""",TH,קרם קוקוס לייט מאסטר שף 400 מל,מיליליטרים,400.00,"100 מ""ל",false,1,9.90,2.4750,true,1,152388
7290114606530,false,מאסטר שף רוטב מיונז,Remia,NL,מאסטר שף רוטב מיונז וקטשופ 515 גר,גרמים,515.00,100 גרם,false,1,13.90,2.6990,true,1,149906
7290114606547,false,מאסטר שף מיונז פטריו,Remia,NL,מאסטר שף מיונז פטריות כמהין 242 גרם,גרמים,242.00,100 גרם,false,1,13.90,5.7438,true,1,149905
7290114606554,false,מאסטר שף מיונז לייט,Remia,NL,מאסטר שף מיונז לייט לחיץ 470 גרם,גרמים,470.00,100 גרם,false,1,13.90,2.9574,true,1,149907
7290114606608,false,מאסטר שף סויה  דל נת,קריניציה ויטמינה אס,TH,"מאסטר שף סויה  דל נתרן 620  מ""ל",מיליליטרים,620.00,"100 מ""ל",false,1,15.90,2.5645,true,1,151303
7290114607391,false,משחת שיניים לילדים ב,CP UK,MX,"משחת שיניים לילדים בטעם פירות ברבי, 75 מ""ל",מיליליטרים,75.00,"100 מ""ל",false,1,15.90,21.2000,true,1,152184
7290114608695,false,מיונז עם וואסבי מאסט,רמיה סי.וי,NL,מיונז עם וואסבי מאסטר שף 241 גרם,גרמים,241.00,100 גרם,false,1,13.90,5.7676,true,1,152387
7290114720625,false,מטען נייד למוצרי USB,,,מטען נייד למוצרי USB,יחידה,1.00,יחידה,false,1,79.90,79.9000,true,1,146826
7290114720878,false,75w מארז זוג נורות ל,,,75w מארז זוג נורות לבן,יחידה,1.00,יחידה,false,1,29.90,29.9000,true,1,149560
7290114720885,false,75w מארז זוג נורות צ,,,75w מארז זוג נורות צהוב,יחידה,1.00,יחידה,false,1,29.90,29.9000,true,1,149561
7290115073676,false,מסכות מנתח שחורות 50,מ.פאנג,CN,מסכות מנתח שחורות 50 יח שמחה זה אנחנו,יחידה,1.00,יחידה,false,1,9.90,9.9000,true,1,146559
7290115180251,false,יחידות טבק לחימום אמ,פיליפ מוריס,,יחידות טבק לחימום אמבר PP חפיסה,יחידה,1.00,יחידה,false,1,27.90,27.9000,false,1,148328
7290115180275,false,יחידות טבק לחימום טו,פיליפ מוריס,IL,יחידות טבק לחימום טורקיז PP בודד,יחידה,1.00,יחידה,false,1,27.90,27.9000,false,1,147895
7290115180282,false,יחידות טבק לחימום בר,פיליפ מוריס,IL,יחידות טבק לחימום ברונז PP בודד,יחידה,1.00,יחידה,false,1,27.90,27.9000,false,1,147896
7290115180688,false,יחידות טבק לחימום סג,,,יחידות טבק לחימום סגול PPבודד,יחידה,1.00,יחידה,false,1,27.90,27.9000,false,1,147634
7290115181500,false,הייטס לגונה סוויפט P,פיליפ מוריס,,הייטס לגונה סוויפט PP בודד,יחידה,1.00,יחידה,false,10,27.90,27.9000,false,1,153321
7290115190007,false,סיגריות PPמרלבורו רד,פיליפ מוריס,,סיגריות PPמרלבורו רד  פאקט,יחידה,1.00,יחידה,false,1,342.00,342.0000,false,1,147256
7290115190014,false,סיגריות PPמרלבורו רד,פיליפ מוריס,,סיגריות PPמרלבורו רד חפיסה,יחידה,1.00,יחידה,false,1,36.70,36.7000,false,1,147255
7290115190038,false,סיגריות PPמרלבורו רד,פיליפ מוריס,,סיגריות PPמרלבורו רד סופט חפיסה,יחידה,1.00,יחידה,false,1,34.50,34.5000,false,1,147241
7290115190052,false,סיגריות מרלבורו פליי,פיליפ מוריס,,סיגריות מרלבורו פלייבור מיקסPP חפיסה בוד,יחידה,1.00,יחידה,false,1,36.70,36.7000,false,1,146979
7290115190076,false,סיגריות מרלבורו גולד,פיליפ מוריס,,סיגריות מרלבורו גולד  100בודד,יחידה,1.00,יחידה,false,1,36.70,36.7000,false,1,147905
7290115190083,false,סיגריות מרלבורו גולד,פיליפ מוריס,,סיגריות מרלבורו גולדPP פאקט,יחידה,1.00,יחידה,false,10,342.00,342.0000,false,1,147228
7290115190090,false,סיגריות מרלבורו גולד,פיליפ מוריס,,סיגריות מרלבורו גולדPP חפיסה,יחידה,1.00,יחידה,false,1,36.70,36.7000,false,1,147227
7290115190137,false,סיגריות מרלבורו פיין,פיליפ מוריס,,סיגריות מרלבורו פיין טאץPP חפיסה,יחידה,1.00,יחידה,false,1,32.90,32.9000,false,1,147251
7290115190144,false,סיגריות מרלבורו טאץP,פיליפ מוריס,,סיגריות מרלבורו טאץPP פאקט,יחידה,1.00,יחידה,false,10,292.00,292.0000,false,1,147244
7290115190151,false,סיגריות מרלבורו טאץP,פיליפ מוריס,,סיגריות מרלבורו טאץPP חפיסה,יחידה,1.00,יחידה,false,1,32.90,32.9000,false,1,147243
7290115190175,false,סיגריות פרלמנט סופר,פיליפ מוריס,,סיגריות פרלמנט סופר סלימסPP חפיסה בודד,יחידה,1.00,יחידה,false,1,41.70,41.7000,false,1,146975
7290115190199,false,פרלמנט נייט 100PP חפ,פיליפ מוריס,,פרלמנט נייט 100PP חפיסה,יחידה,1.00,יחידה,false,1,41.70,41.7000,false,1,149659
7290115190205,false,סיגריות פרלמנט בלו 1,פיליפ מוריס,,סיגריות פרלמנט בלו 100PP פאקט,יחידה,1.00,יחידה,false,10,382.00,382.0000,false,1,147234
7290115190212,false,סיגריות פרלמנט בלו 1,פיליפ מוריס,,סיגריות פרלמנט בלו 100PPחפיסה,יחידה,1.00,יחידה,false,1,41.70,41.7000,false,1,147233
7290115190236,false,סיגריות פרלמנט בלוPP,פיליפ מוריס,,סיגריות פרלמנט בלוPP חפיסה,יחידה,1.00,יחידה,false,1,41.70,41.7000,false,1,147229
7290115190250,false,סיגריות פרלמנט נייטP,פיליפ מוריס,,סיגריות פרלמנט נייטPP חפיסה בודד,יחידה,1.00,יחידה,false,1,41.70,41.7000,false,1,146981
7290115190274,false,סיגריות פרלמנט סילבר,פיליפ מוריס,,סיגריות פרלמנט סילברPP חפיסה,יחידה,1.00,יחידה,false,1,41.70,41.7000,false,1,147245
7290115190328,false,ל.מ בלו 100PP פאקט,פיליפ מוריס,,ל.מ בלו 100PP פאקט,יחידה,1.00,יחידה,false,10,302.00,302.0000,false,1,149759
7290115190335,false,ל.מ בלו 100PP חפיסה,פיליפ מוריס,,ל.מ בלו 100PP חפיסה,יחידה,1.00,יחידה,false,1,32.20,32.2000,false,1,149758
7290115190359,false,סיגריות ל.מ בלוPP חפ,פיליפ מוריס,,סיגריות ל.מ בלוPP חפיסה בודד,יחידה,1.00,יחידה,false,1,32.20,32.2000,false,1,146977
7290115190373,false,סיגריות ל.מ. קפסולהP,פיליפ מוריס,,סיגריות ל.מ. קפסולהPP חפיסה,יחידה,1.00,יחידה,false,1,32.20,32.2000,false,1,147247
7290115190380,false,ל.מ רדPP פאקט סיגריו,פיליפ מוריס,,ל.מ רדPP פאקט סיגריות,יחידה,1.00,יחידה,false,10,302.00,302.0000,false,1,146971
7290115190397,false,ל.מ רדPP חפיסה בודד,פיליפ מוריס,,ל.מ רדPP חפיסה בודד סיגריות,יחידה,1.00,יחידה,false,1,32.20,32.2000,false,1,146972
7290115190410,false,סיגריות ל.מ סילברPP,פיליפ מוריס,,סיגריות ל.מ סילברPP חפיסה,יחידה,1.00,יחידה,false,1,32.20,32.2000,false,1,147235
7290115190434,false,סיגריות ל.מ וייבPP ח,פיליפ מוריס,IL,סיגריות ל.מ וייבPP חפיסה בודד,יחידה,1.00,יחידה,false,1,32.20,32.2000,false,1,146983
7290115190458,false,סיגריות נקסט אדג בוד,פיליפ מוריס,,סיגריות נקסט אדג בודד,יחידה,1.00,יחידה,false,1,25.00,25.0000,false,1,147802
7290115190465,false,סיגריות נקסט פיין אד,פיליפ מוריס,,סיגריות נקסט פיין אדגPP פאקט,יחידה,1.00,יחידה,false,1,250.00,250.0000,false,1,148231
7290115190472,false,סיגריות נקסט פיין אד,פיליפ מוריס,,סיגריות נקסט פיין אדגPP חפיסה,יחידה,1.00,יחידה,false,1,25.00,25.0000,false,1,148230
7290115190496,false,סיגריות נקסט פיין 10,פיליפ מוריס,IL,סיגריות נקסט פיין 100PP חפיסה,יחידה,1.00,יחידה,false,1,31.20,31.2000,false,1,148880
7290115190502,false,סיגריות נקסט פייןPP,פיליפ מוריס,,סיגריות נקסט פייןPP פאקט,יחידה,1.00,יחידה,false,10,282.00,282.0000,false,1,147238
7290115190519,false,סיגריות נקסט פיין חפ,פיליפ מוריס,,סיגריות נקסט פיין חפיסה,יחידה,1.00,יחידה,false,1,31.20,31.2000,false,1,147237
7290115190533,false,סיגריות נקסט ריסס 10,פיליפ מוריס,,סיגריות נקסט ריסס 100בודד,יחידה,1.00,יחידה,false,1,26.00,26.0000,false,1,147902
7290115190557,false,סיגריות נקסט ריסס קצ,פיליפ מוריס,,סיגריות נקסט ריסס קצרPP חפיסה,יחידה,1.00,יחידה,false,1,26.00,26.0000,false,1,147239
7290115190564,false,סיגריות נקסט לילךPP,פיליפ מוריס,,סיגריות נקסט לילךPP פאקט,יחידה,1.00,יחידה,false,10,282.00,282.0000,false,1,146973
7290115190571,false,סיגריות נקסט לילךPP,פיליפ מוריס,,סיגריות נקסט לילךPP חפיסה בודד,יחידה,1.00,יחידה,false,1,31.20,31.2000,false,1,146974
7290115190595,false,סיגריות נקסט אוריגינ,פיליפ מוריס,,סיגריות נקסט אוריגינלPP חפיסה,יחידה,1.00,יחידה,false,1,31.20,31.2000,false,1,147225
7290115190618,false,טבק מרלבורו רדPP חפי,,,טבק מרלבורו רדPP חפיסה,יחידה,1.00,יחידה,false,1,82.40,82.4000,false,1,148323
7290115190632,false,טבק  מרלבורו גולד חפ,פיליפ מוריס,,טבק  מרלבורו גולד חפיסה 30 גרם,גרמים,30.00,100 גרם,false,1,82.40,274.6667,false,1,148232
7290115190656,false,טבק נקסט פייןPP  חפי,פיליפ מוריס,,טבק נקסט פייןPP  חפיסה,יחידה,1.00,יחידה,false,1,87.30,87.3000,false,1,148056
7290115190670,false,טבק נקסט אוריגינל בו,פיליפ מוריס,,טבק נקסט אוריגינל בודד,יחידה,1.00,יחידה,false,1,87.30,87.3000,false,1,147907
7290115190892,false,סיגריות מרלבורו פיוז,פיליפ מוריס,IL,סיגריות מרלבורו פיוזן קפסולה בודד,יחידה,1.00,יחידה,false,1,27.00,27.0000,false,1,150176
7290115190939,false,סיגריות ל.מ קליק קפס,פיליפ מוריס,,סיגריות ל.מ קליק קפסולה בודד,יחידה,1.00,יחידה,false,1,25.00,25.0000,false,1,152601
7290115190960,false,מרלבורו טאץ אדום פאק,פיליפ מוריס,TR,מרלבורו טאץ אדום פאקט,יחידה,10.00,יחידה,false,10,290.00,29.0000,false,1,155147
7290115191035,false,מרלבורו סאמר ספלאש ח,פיליפ מוריס,RS,מרלבורו סאמר ספלאש חפיסה בודד,יחידה,1.00,יחידה,false,1,29.00,29.0000,false,1,154498
7290115191073,false,נקסט ריץ ריסס חפיסה,פיליפ מוריס,RS,נקסט ריץ ריסס חפיסה,יחידה,1.00,יחידה,false,1,26.00,26.0000,true,1,156749
7290115200003,false,אסם פתי בר פינוקי ונ,תאי פרזידנט פוד פאבל,PL,אסם פתי בר פינוקי וניל 220 גרם,גרמים,220.00,100 גרם,false,1,11.90,5.4091,true,1,146423
7290115200676,false,קרמוגית קרמל מלוח200,היינץ צפון אמריקה מק,IL,קרמוגית קרמל מלוח200 גרם,גרמים,200.00,100 גרם,false,1,11.90,5.9500,true,1,148824
7290115201031,false,אסם פתיבר דובי שוקול,טרופיקל דגיל תעשיות,PL,אסם פתיבר דובי שוקולד 175גרם,גרמים,175.00,100 גרם,false,1,11.90,6.8000,true,1,149558
7290115201475,false,טבעול גורמה לביבות כ,טבעול,IL,טבעול גורמה לביבות כרישה  434גרם,גרמים,455.00,100 גרם,false,1,33.90,7.4505,true,1,155205
7290115201703,false,בסלי ברביקיו 200גרם,מיוצר עי קונדיטוריית,IL,בסלי ברביקיו 200גרם,גרמים,200.00,100 גרם,false,1,7.90,3.9500,true,1,147726
7290115201727,false,בסלי בצל 200גרם,מיוצר עי קונדיטוריית,IL,בסלי בצל 200גרם,גרמים,200.00,100 גרם,false,1,7.90,3.9500,true,1,147725
7290115202434,false,צבר חומוס עם זעתר 37,צבר,IL,צבר חומוס עם זעתר 375 גרם,גרמים,375.00,100 גרם,false,1,12.90,3.4400,true,1,149054
7290115202687,false,צבר חומוס עם חריף 37,צבר,IL,צבר חומוס עם חריף 375 גרם,גרמים,375.00,100 גרם,false,1,12.90,3.4400,true,1,149055
7290115202939,false,מנה חמה רייס נודלס ע,מיוצר עי קונדיטוריית,TH,מנה חמה רייס נודלס עוף פטריות 50 גרם,גרמים,50.00,100 גרם,false,1,8.90,17.8000,true,1,152722
7290115202953,false,מנה חמה רייס נודלס ק,מיוצר עי קונדיטוריית,TH,מנה חמה רייס נודלס קארי צהוב 55 גרם,גרמים,50.00,100 גרם,false,1,8.90,17.8000,true,1,152724
7290115203134,false,פופקו פופקורן במבה 8,"אסם השקעות בע""מ",IL,פופקו פופקורן במבה 80 גרם,גרמים,80.00,100 גרם,false,1,5.90,7.3750,true,1,150075
7290115203172,false,במבה פרו 80גרם,אסם,IL,במבה פרו 80גרם,גרמים,80.00,100 גרם,false,1,5.90,7.3750,true,1,155447
7290115203806,false,אסם רוטב בסיס לבישול,"אסם השקעות בע""מ",IL,אסם רוטב בסיס לבישול 290 גרם,גרמים,290.00,100 גרם,false,1,13.90,4.7931,true,1,152151
7290115204056,false,אסם קטשופ פחות 56% ס,אסם,IL,אסם קטשופ פחות 56% סוכר 690 גרם,גרמים,690.00,100 גרם,false,1,11.90,1.7246,true,1,148831
7290115205176,false,פיטנס קרקר דק כפרי 1,אסם יקנעם,IL,פיטנס קרקר דק כפרי 150 גרם,גרמים,150.00,100 גרם,false,1,12.90,8.6000,true,1,153329
7290115205312,false,קרקר דק פיטנס זיתים,"אסם השקעות בע""מ",IL,קרקר דק פיטנס זיתים 140 גרם,גרמים,140.00,100 גרם,false,1,12.90,9.2143,true,1,154196
7290115205480,false,צבר לאבנה עם פלפל חר,צבר,IL,צבר לאבנה עם פלפל חריף וגרגרי חומוס 220ג,גרמים,220.00,100 גרם,false,1,17.90,8.1364,true,1,153275
7290115205503,false,צבר לאבנה עם קרם פלפ,צבר,IL,צבר לאבנה עם קרם פלפלים220גרם,גרמים,220.00,100 גרם,false,1,17.90,8.1364,true,1,153276
7290115205541,false,פיטנס חטיף מולטיגריי,פיטנס,IL,פיטנס חטיף מולטיגריין עם חומוס 25 גרם,גרמים,25.00,100 גרם,false,1,5.50,22.0000,true,1,154726
7290115205978,false,אסם פתי בר אצבעות שו,"ד""ר ג'רארד בע""מ",PL,אסם פתי בר אצבעות שוקולד 180גרם,גרמים,180.00,100 גרם,false,1,11.90,6.6111,true,1,153598
7290115206135,false,טבעול גורמה ארוחת קי,טבעול,IL,טבעול גורמה ארוחת קינואה  450 גרם,גרמים,450.00,100 גרם,false,1,33.90,7.5333,true,1,153441
7290115206890,false,ביסלי המבורגר חדש 70,אסם,IL,ביסלי המבורגר חדש 70גרם,גרמים,70.00,100 גרם,false,1,4.90,7.0000,true,1,155240
7290115207361,false,אסם פתי בר פיסטוק 50,אסם,IL,אסם פתי בר פיסטוק 12*500גרם,גרמים,500.00,100 גרם,false,1,14.90,2.9800,true,1,154342
7290115207484,false,צבר חציל על האש  400,צבר,IL,צבר חציל על האש  400גרם,גרמים,360.00,100 גרם,false,1,17.90,4.9722,true,1,153283
7290115207965,false,ויטמינציק מנגו אפרסק,בית-השיטה עסיס תעשיו,IL,ויטמינציק מנגו אפרסק 1 ליטר,ליטרים,1.00,ליטר,false,1,23.90,23.9000,true,1,154141
7290115207989,false,סירופ ויטמינציק לימו,בית-השיטה עסיס תעשיו,IL,סירופ ויטמינציק לימון 1 ליטר,ליטרים,1.00,ליטר,false,1,23.90,23.9000,true,1,153399
7290115208009,false,סירופ ויטמינציק ענבי,בית-השיטה עסיס תעשיו,IL,סירופ ויטמינציק ענבים 1 ליטר,ליטרים,1.00,ליטר,false,1,23.90,23.9000,true,1,153400
7290115208047,false,סירופ ויטמינציק פטל,בית-השיטה עסיס תעשיו,IL,סירופ ויטמינציק פטל 1 ליטר,ליטרים,1.00,ליטר,false,1,23.90,23.9000,true,1,153398
7290115208061,false,ויטמינציק תפוח 1 ליט,בית השיטה עסיס תעשיו,IL,ויטמינציק תפוח 1 ליטר,ליטרים,1.00,ליטר,false,1,23.90,23.9000,true,1,153401
7290115209174,false,במבה אורירית 60גרם,אסם,IL,במבה אורירית 60גרם,גרמים,60.00,100 גרם,false,1,4.90,8.1667,true,1,155448
7290115209358,false,במבה במילוי בראוניז,אסם,IL,במבה במילוי בראוניז 60גרם,גרמים,60.00,100 גרם,false,1,4.90,8.1667,true,1,156678
7290115209372,false,במבה במילוי בראוניז,אסם,IL,במבה במילוי בראוניז 150גרם,גרמים,150.00,100 גרם,false,1,9.90,6.6000,true,1,156679
7290115250503,false,קרקר כוסמין שום ועשב,פת במלח,IL,קרקר כוסמין שום ועשבי תיבול  225 גרם,גרמים,225.00,100 גרם,false,1,21.90,9.7333,true,1,145813
7290115670691,false,גרנולה  אנרגי פירות,אמקו ספול אס. אר.או,CZ,גרנולה  אנרגי פירות יער 400 גרם,גרמים,400.00,100 גרם,false,1,15.90,3.9750,true,1,153312
7290115671339,false,מיני פינוקיות בראוני,תות תעשיות מזון (201,IL,מיני פינוקיות בראוניז בייגל בוטן 180 ג,גרמים,180.00,100 גרם,false,1,11.90,6.6111,true,1,151715
7290115671346,false,מיני פינוקיות טופי ק,תות תעשיות מזון (201,IL,מיני פינוקיות טופי קרמל מלוח 180 ג,גרמים,180.00,100 גרם,false,1,11.90,6.6111,true,1,151716
7290115674712,false,BREADZ קרקר סריראצה,סנו מפעלי ברונוס.,US,BREADZ קרקר סריראצה 170 גרם,גרמים,170.00,100 גרם,false,1,13.90,8.1765,true,1,153030
7290115674774,false,BREADZ קרקר קינואה ו,סנו מפעלי ברונוס.,US,BREADZ קרקר קינואה וציה 170 גרם,גרמים,170.00,100 גרם,false,1,13.90,8.1765,true,1,153029
7290115675559,false,מארז טורקי לדרך 70 ג,שטראוס קפה בי.וי.,IL,מארז טורקי לדרך 70 גרם,גרמים,70.00,100 גרם,false,1,9.90,14.1429,true,1,156712
7290115675696,false,קוואקר אגוזים 375 גר,שטראוס,IL,קוואקר אגוזים 375 גרם  Cruesli,גרמים,375.00,100 גרם,false,1,20.90,5.5733,true,1,151570
7290115675702,false,קוואקר פירות 375 גרם,שטראוס,IL,קוואקר פירות 375 גרם  Cruesli,גרמים,375.00,100 גרם,false,1,20.90,5.5733,true,1,151571
7290115676051,false,משקה אקטיביה עם שש מ,שטראוס,IL,משקה אקטיביה עם שש מתיקות מעודנת 265 מל,מיליליטרים,265.00,"100 מ""ל",false,1,5.90,2.2264,true,1,152259
7290115676082,false,משקה דנונה פרו 20 תו,"שטראוס בריאות בע""מ.",IL,משקה דנונה פרו 20 תות,מיליליטרים,255.00,"100 מ""ל",false,1,6.90,2.7059,true,1,149930
7290115676099,false,משקה דנונה פרו 20 ונ,"שטראוס בריאות בע""מ.",IL,משקה דנונה פרו 20 וניל,מיליליטרים,255.00,"100 מ""ל",false,1,6.90,2.7059,true,1,149929
7290115676273,false,אבקת קקאו 500 גרם +1,שטראוס גרופ,IL,אבקת קקאו 500 גרם +10% תוספת כשלפ,גרמים,500.00,100 גרם,false,1,26.90,5.3800,true,1,154088
7290115676389,false,חרוסת  יד מרדכי 250,פוליבה,IL,חרוסת  יד מרדכי 250 גרם,גרמים,250.00,100 גרם,false,1,16.90,6.7600,true,1,148889
7290115676693,false,תפוציפס מלח חומץ 50,"שטראוס פריטו ליי בע""",IL,תפוציפס מלח חומץ 50 גרם,גרמים,50.00,100 גרם,false,1,3.90,7.8000,true,1,154817
7290115677089,false,קונפיטורה יד מרדכי ת,"ב.א מזון בע""מ",IL,קונפיטורה יד מרדכי תפוח וקינמון 340 גר,גרמים,340.00,100 גרם,false,1,14.90,4.3824,true,1,151580
7290115677140,false,תפוציפס פפריקה 200 ג,שטראוס,IL,תפוציפס פפריקה 200 גרם wavy,גרמים,200.00,100 גרם,false,1,9.90,4.9500,true,1,156673
7290115677843,false,דנונה WOW מלבי 150גר,"שטראוס גרופ בע""מ",IL,דנונה WOW מלבי,גרמים,150.00,100 גרם,false,1,4.90,3.2667,true,1,149467
7290115678222,false,דנונה יווני  1.040,שטראוס,IL,דנונה יווני  1.040   שמינייה,קילוגרמים,1.04,"ק""ג",false,1,26.90,25.8654,true,1,153327
7290115678376,false,מעדן הגולן שוקולד  1,שטראוס,IL,מעדן הגולן שוקולד  125גרם,גרמים,125.00,100 גרם,false,1,3.20,2.5600,true,1,150653
7290115678383,false,מעדן הגולן שוקולד מר,מיוצר עי קונדיטוריית,IL,מעדן הגולן שוקולד מריר 125גרם,גרמים,125.00,100 גרם,false,1,3.20,2.5600,true,1,150652
7290115678598,false,חסה אייברג חיתוך גס,חקלאי,,חסה אייברג חיתוך גס 300 גרם,גרמים,300.00,100 גרם,false,1,13.90,4.6333,true,1,152432
7290115678888,false,שוקולית טופי קרמל 50,שטראוס,IL,שוקולית טופי קרמל 500 גרם,גרמים,500.00,100 גרם,false,1,15.90,3.1800,true,1,153026
7290115679885,false,פיצה מבצק עם כרובית,גסטרונומיה פרוסט אס.,IT,פיצה מבצק עם כרובית  320 גרם,גרמים,320.00,100 גרם,false,1,29.90,9.3437,true,1,152299
7290116530895,false,בדין תרסיס למייבש כב,"זוהר דליה, קיבוץ דלי",IL,"בדין תרסיס למייבש כביסה פינוק 500 מ""ל",מיליליטרים,500.00,"100 מ""ל",false,1,19.90,3.9800,true,1,151555
7290116531069,false,קנור אבקת מרק בצל רכ,יוניליוור ישראל מזון,IL,קנור  מרק בצל 100% רכיבים טבעיים 225 גרם,גרמים,235.00,100 גרם,false,1,18.90,8.0426,true,1,153196
7290116531090,false,דגדג במליחות מעודנת,"דרך השוקולד 1, צפת 1",IL,דגדג במליחות מעודנת 250 גרם,גרמים,250.00,100 גרם,false,1,10.90,4.3600,true,1,153198
7290116531281,false,קליק מיקס 65 גרם,יוניליוור ישראל מזון,IL,קליק  קליק מיקס 65 גרם,גרמים,65.00,100 גרם,false,1,7.90,12.1538,true,1,152698
7290116531656,false,פינוק מרכך בניחוח תפ,יוניליוור ישראל טיפו,IL,פינוק  מרכך בניחוח תפוח 700 מל,מיליליטרים,700.00,"100 מ""ל",false,1,12.90,1.8429,true,1,152464
7290116531762,false,בדין דפי מרכך למייבש,,US,בדין  דפי מרכך למייבש כביסה ורוד 40 יחידות,יחידה,1.00,יחידה,false,1,18.90,18.9000,true,1,154479
7290116531779,false,בדין דפי מרכך למייבש,,US,בדין  דפי מרכך למייבש כביסה כחול 40 יחידות,יחידה,1.00,יחידה,false,1,18.90,18.9000,true,1,154480
7290116531793,false,הלמנס רוטב קיסר 295,יוניליוור ישראל מזון,IL,הלמנס  רוטב לסלט קיסר 295 גרם,גרמים,295.00,100 גרם,false,1,12.90,4.3729,true,1,153199
7290116531885,false,ממרח טבעוני ויגן 500,יוניליוור ישראל מזון,IL,הלמנס  ממרח טבעוני ויגן  500 גרם,גרמים,500.00,100 גרם,false,1,14.90,2.9800,true,1,155567
7290116532264,false,גודיז פרי אפרסק 300,שטראוס גרופ גלידות,IL,גודיז פרי אפרסק 300 גרם,גרמים,300.00,100 גרם,false,1,26.90,8.9667,true,1,154077
7290116532462,false,פיינט קליק שוקולד בנ,"גלידת שטראוס בע""מ, ר",IL,פיינט קליק שוקולד בננה,מיליליטרים,520.00,"100 מ""ל",false,1,24.90,4.7885,true,1,154455
7290116532479,false,פיינט קליק שוקולד לב,"גלידת שטראוס בע""מ, ר",IL,"פיינט קליק שוקולד לבן קרם עוגיות 520 מ""ל",מיליליטרים,520.00,"100 מ""ל",false,1,24.90,4.7885,true,1,154454
7290116532486,false,פיינט קליק וניל קרמל,"גלידת שטראוס בע""מ, ר",IL,פיינט קליק וניל קרמל מלוח,מיליליטרים,520.00,"100 מ""ל",false,1,24.90,4.7885,true,1,154456
7290116914527,false,מארז סוכריות על מקל,,CN,מארז סוכריות על מקל 600 גרם,גרמים,600.00,100 גרם,false,1,22.90,3.8167,true,1,154905
7290116930015,false,GO  חטיף חלבון קרמל,תנובה,IL,GO  חטיף חלבון קרמל מלוח חמאת בוטנים 60ג,גרמים,60.00,100 גרם,false,1,12.90,21.5000,true,1,154537
7290116930022,false,GO חטיף חלבון בטעם ק,תנובה,IL,GO חטיף חלבון בטעם קרם עוגיות 60גרם,גרמים,60.00,100 גרם,false,1,12.90,21.5000,true,1,154538
7290116930282,false,ארוחה בקטנה לאבנה עם,תנובה,IL,ארוחה בקטנה לאבנה עם קרקרים 150 גרם,גרמים,150.00,100 גרם,false,1,7.50,5.0000,true,1,155256
7290116930435,false,יוגורט גו סמיך 0% דו,תנובה,IL,יוגורט גו סמיך 0% דובדבן,גרמים,150.00,100 גרם,false,1,5.90,3.9333,true,1,154253
7290116930442,false,SHAKE יופלה בננה מנג,תנובה בעמ,IL,SHAKE יופלה בננה מנגו תפוז גזר וציה 230,מיליליטרים,230.00,"100 מ""ל",false,1,8.90,3.8696,true,1,154881
7290116930459,false,SHAKE יופלה בננה אננ,תנובה,IL,SHAKE יופלה בננה אננס וקוקוס 230 מל,מיליליטרים,230.00,"100 מ""ל",false,1,8.90,3.8696,true,1,154884
7290116930466,false,SHAKE יופלה מנגו בננ,תנובה,IL,SHAKE יופלה מנגו בננה פסיפלורה והל 230 מ,מיליליטרים,230.00,"100 מ""ל",false,1,8.90,3.8696,true,1,154883
7290116930480,false,SHAKE יופלה בננה קיו,תנובה,IL,SHAKE יופלה בננה קיווי תפוח 230 מל,מיליליטרים,230.00,"100 מ""ל",false,1,8.90,3.8696,true,1,154882
7290116930626,false,ארוחה בקטנה ציזיקי ע,תנובה,IL,ארוחה בקטנה ציזיקי עם קרקרים 150 גרם,גרמים,150.00,100 גרם,false,1,7.50,5.0000,true,1,155257
7290116930633,false,יולו שוקולד בלונדי ע,תנובה,IL,יולו שוקולד בלונדי עם שברי בייגלה 120 גרם,גרמים,120.00,100 גרם,false,1,5.50,4.5833,true,1,154887
7290116930701,false,GOמעדן חלב בטעם קרמל,תנובה,IL,GOמעדן חלב בטעם קרמל מלוח  120גרם,גרמים,120.00,100 גרם,false,1,4.80,4.0000,true,1,154885
7290116930725,false,BIO מעדן  סויה קוקוס,תנובה,IL,מעדן  סויה BIO קוקוס אלטרנטיב   150 גרם,גרמים,150.00,100 גרם,false,1,4.90,3.2667,true,1,155602
7290116931081,false,מעדן סויה בטעם טופי,תנובה,IL,מעדן סויה בטעם טופי קרמל 125 גרם,גרמים,125.00,100 גרם,false,1,3.90,3.1200,true,1,155601
7290116931104,false,יופלה גו במרקם סמיך,תנובה,IL,יופלה גו במרקם סמיך עם אננס 0%  200גרם,גרמים,200.00,100 גרם,false,1,5.90,2.9500,true,1,155603
7290117261354,false,גבינת ריקוטה יורו 20,באלבן גידה סנאי,TR,גבינת ריקוטה יורו 200 גרם 5%שומן,גרמים,200.00,100 גרם,false,1,10.90,5.4500,true,1,154694
7290117261378,false,גבינת קשקבל לייט 8%,באלבן גידה סנאי,TR,גבינת קשקבל לייט 8% יורו  250גרם,גרמים,250.00,100 גרם,false,1,15.90,6.3600,true,1,154695
7290117262290,false,פרלינים אגוזים במילו,עלית,TR,פרלינים אגוזים במילוי פצפוצי דגנים מצופי,גרמים,50.00,100 גרם,false,1,6.90,13.8000,true,1,156750
7290117262306,false,קורנפלקס מצופים שוקו,עלית,TR,קורנפלקס מצופים שוקולד חלב 50גרם,גרמים,50.00,100 גרם,false,1,6.90,13.8000,true,1,156751
7290117262320,false,ביסקוויט מצופה שוקול,עלית,TR,ביסקוויט מצופה שוקולד חלב 40גרם,גרמים,40.00,100 גרם,false,1,6.90,17.2500,true,1,156753
7290117380192,false,פוף חטיף קראנץ גריל,מנה,IL,פוף חטיף קראנץ גריל 60 גרם,גרמים,60.00,100 גרם,false,1,3.50,5.8333,true,1,153297
7290117380208,false,פוף חטיף קראנץ חמוץ,מנה,IL,פוף חטיף קראנץ חמוץ חריף 60 גרם,גרמים,60.00,100 גרם,false,1,3.50,5.8333,true,1,153298
7290117380215,false,פוף חטיף קראנץ טאקו,מנה,IL,פוף חטיף קראנץ טאקו 60 גרם,גרמים,60.00,100 גרם,false,1,3.50,5.8333,true,1,153299
7290117380871,false,סלים דליס  עוגות ברא,הלמה הלום,NL,סלים דליס  עוגות בראוניס אישיות אוכמניות 120גרם,גרמים,120.00,100 גרם,false,1,13.90,11.5833,true,1,154575
7290117382318,false,חטיף  סלים דליס פרו,andros snc,IT,חטיף  סלים דליס פרו  מצופה שוקולד מריר 6,גרמים,60.00,100 גרם,false,1,12.90,21.5000,true,1,155260
7290117382325,false,חטיף  סלים דליס פרו,andros snc,IT,חטיף  סלים דליס פרו  מצופה שוקולד חלב  6,גרמים,60.00,100 גרם,false,1,12.90,21.5000,true,1,155259
7290117382332,false,חטיף  סלים דליס פרו,andros snc,IT,חטיף  סלים דליס פרו  מצופה שוקולד עוגיות,גרמים,60.00,100 גרם,false,1,12.90,21.5000,true,1,155261
7296021004711,false,שקית זילוף 30סמ לעוג,,,שקית זילוף 30סמ לעוגה,יחידה,1.00,יחידה,false,1,10.90,10.9000,true,1,71723
7296021131394,false,"סכין מולטי 1.5 ס""מ",,,"סכין מולטי 1.5 ס""מ",יחידה,1.00,יחידה,false,1,19.90,19.9000,true,1,120126
7296021133558,false,כף מסננת ידית שחורה,KIS CHINA,CN,כף מסננת ידית שחורה נעמן  בייסיק ידית שח,יחידה,1.00,יחידה,false,1,21.90,21.9000,true,1,120116
7296021133565,false,תרווד מחורץ ידית שחו,KIS CHINA,CN,תרווד מחורץ ידית שחורה נעמן  בייסיק ידית,יחידה,1.00,יחידה,false,1,16.90,16.9000,true,1,120121
7296021133572,false,כף ספגטי ידית שחורה,,,כף ספגטי ידית שחורה נעמן  בייסיק ידית שח,יחידה,1.00,יחידה,false,1,16.90,16.9000,true,1,120682
7296021133589,false,כף מחורצת ידית שחורה,KIS CHINA,CN,כף מחורצת ידית שחורה נעמן  בייסיק ידית ש,יחידה,1.00,יחידה,false,1,16.90,16.9000,true,1,120117
7296021133596,false,כף בישול ידית שחורה,KIS CHINA,CN,כף בישול ידית שחורה נעמן  בייסיק ידית שח,יחידה,1.00,יחידה,false,1,16.90,16.9000,true,1,120119
7296021133602,false,"מועך תפו""א ידית שחור",KIS CHINA,CN,"מועך תפו""א ידית שחורה נעמן  בייסיק ידית",יחידה,1.00,יחידה,false,1,16.90,16.9000,true,1,120120
7296021133732,false,כף עוגה ידית שחורה,KIS CHINA,CN,כף עוגה ידית שחורה נעמן  בייסיק ידית שחו,יחידה,1.00,יחידה,false,1,11.90,11.9000,true,1,120156
7296021133749,false,מסננת קטנה ידית שחור,KIS CHINA,CN,מסננת קטנה ידית שחורה נעמן  בייסיק ידית,יחידה,1.00,יחידה,false,1,9.90,9.9000,true,1,120157
7296021166273,false,"קערה אובלית 25*31 ס""",,,"קערה אובלית 25*31 ס""מ פלסטיק",יחידה,1.00,יחידה,false,1,18.90,18.9000,true,1,145856
7296021170645,true,פותחן  יין מלצרים תו,,,פותחן  יין מלצרים תוכי  אביזרי מטבח,יחידה,1.00,יחידה,false,1,15.90,15.9000,true,1,126721
7296021170676,false,פותחן שימורים  פרפר,KIS CHINA,CN,פותחן שימורים  פרפר ידית שחורה  אביזרי מטבח,יחידה,1.00,יחידה,false,1,31.90,31.9000,true,1,142382
7296021273162,false,סט שישיית סכינים לחי,,,סט שישיית סכינים לחיתוך ירקות אדום,יחידה,1.00,יחידה,false,1,14.90,14.9000,true,1,153245
7296021273254,false,מארז מגבות 40/60 סמ,,,מארז מגבות 40/60 סמ תכלת כותנה 100%,יחידה,1.00,יחידה,false,1,28.90,28.9000,true,1,154736
7296021273261,false,מארז מגבות 40/60 סמ,,,מארז מגבות 40/60 סמ סגול כותנה 100%,יחידה,1.00,יחידה,false,1,28.90,28.9000,true,1,154728
7296021273650,false,סט שישיית סכינים לחי,,,סט שישיית סכינים לחיתוך ירקות שחור,יחידה,1.00,יחידה,false,1,14.90,14.9000,true,1,153246
7296073431862,true,מאפין שוקו וניל,גדרון,IL,מאפין שוקו וניל,גרמים,500.00,100 גרם,false,1,18.90,3.7800,true,1,150774
7296073431879,true,מאפין שוקו צ יפס,גדרון,IL,מאפין שוקו צ יפס,גרמים,500.00,100 גרם,false,1,18.90,3.7800,true,1,150732
7296073431886,true,מאפין שוקולד,גדרון,IL,מאפין שוקולד,גרמים,500.00,100 גרם,false,1,18.90,3.7800,true,1,150775
7296073431893,true,מאפין אגוזים 550גר-ג,גדרון,IL,מאפין אגוזים 550גר-גדרון,גרמים,500.00,100 גרם,false,1,18.90,3.7800,true,1,151131
7296073431909,true,עוגת תפוח עץ,,,עוגת תפוח עץ,גרמים,500.00,100 גרם,false,1,18.90,3.7800,true,1,151134
7296073431916,true,עוגת מאפין תפוז,,,עוגת מאפין תפוז,גרמים,500.00,100 גרם,false,1,18.90,3.7800,true,1,148879
7296082000134,false,ביצים 12 גדול  L,המכון למיון ושיווק ב,IL,ביצי רמות השבים 12 L,יחידה,1.00,יחידה,false,1,12.05,12.0500,true,1,58139
7296150000028,false,עלי גפן ממולאים באור,אקמר,,עלי גפן ממולאים באורז 425 גרם,גרמים,425.00,100 גרם,false,1,10.90,2.5647,true,1,58027
7297488097995,false,גרנולה דבש דגש 250 ג,תגלית הטעם,IL,בריאות וטבע גרנולה דבש 250 גרם,גרמים,250.00,100 גרם,false,1,15.90,6.3600,true,1,85103
7297488098015,false,גרנולה קרנצי שוקו דג,תגלית הטעם,IL,גרנולה קרנצי שוקו דגש 250 גרם,גרמים,250.00,100 גרם,false,1,15.90,6.3600,true,1,85105
7297488098152,false,קמח חומוס דגש 500 גר,אף. סי תבליני הגליל,IL,דוכן גן שמואל קמח חומוס 500 גרם,גרמים,500.00,100 גרם,false,1,16.90,3.3800,true,1,79201
7297488098169,false,קמח תירס ללא גלוטן 5,תבליני העליון 2007 ב,IL,קמח תירס ללא גלוטן 500 גרם,גרמים,500.00,100 גרם,false,1,9.80,1.9600,true,1,77084
7297488098183,false,קמח אורז ללא גלוטן 5,תבליני העליון 2007 ב,IL,דוכן גן שמואל קמח אורז 500 גרם,גרמים,500.00,100 גרם,false,1,11.90,2.3800,true,1,84080
7297488098282,false,אבקת מרק בטעם עוף 50,אף.סי. תבליני הגליל,IL,בריאות וטבע אבקת מרק בטעם עוף 500 גרם,גרמים,500.00,100 גרם,false,1,21.90,4.3800,true,1,84087
7297488098305,false,קמח שקדים דגש 250 גר,תבליני העליון 2007 ב,IL,דוכן גן שמואל קמח שקדים 500 גרם,גרמים,250.00,100 גרם,false,1,27.90,11.1600,true,1,84477
7297488098688,true,פצפוצי אורז מלא ללא,תירפז בעמ,IL,פצפוצי אורז מלא ללא תוספת סוכר ומלח,גרמים,450.00,100 גרם,false,1,23.90,5.3111,true,1,119782
7297488099753,false,עוגיות בטעם שוקולד ו,תגלית הטעם,IL,עוגיות בטעם שוקולד וקוקוס 250 גרם,גרמים,250.00,100 גרם,false,1,27.90,11.1600,true,1,118451
7297488099760,true,עוגיות בטעם חלבה 250,תגלית הטעם,IL,בריאות וטבע עוגיות מובחרות עם חלווה 250 גרם,גרמים,250.00,100 גרם,false,1,27.90,11.1600,true,1,119783
7297488099784,false,עוגיות בטעם קינמון,תגלית הטעם,IL,בריאות וטבע עוגיות מובחרות עם קינמון 250 גרם,גרמים,250.00,100 גרם,false,1,27.90,11.1600,true,1,118452
7297488099821,false,גרנולה ללא תוספת סוכ,תגלית הטעם,IL,בריאות וטבע גרנולה 250 גרם,גרמים,250.00,100 גרם,false,1,16.90,6.7600,true,1,118453
7297488199590,false,"פצפוצי אורז לל""ג 450",תירפז בעמ,IL,פצפוצי אורז לבן תפוח,גרמים,450.00,100 גרם,false,1,23.90,5.3111,true,1,118448
7297488199682,false,קמח כוסמת דגש,תות תעשיות מזון (201,IL,דוכן גן שמואל קמח קינואה 500 גרם,גרמים,500.00,100 גרם,false,1,15.90,3.1800,true,1,119751
7297603011080,false,קערת עירבוב נירוסטה,,,קערת עירבוב נירוסטה,יחידה,1.00,יחידה,false,1,29.90,29.9000,true,1,149995
7297603011097,false,קערת עירבוב נירוסטה,,,קערת עירבוב נירוסטה,יחידה,2.00,יחידה,false,1,19.90,9.9500,true,1,149996
7297603011110,false,קערת עירבוב נירוסטה,,,קערת עירבוב נירוסטה,יחידה,1.00,יחידה,false,1,27.90,27.9000,true,1,149998
7297603014388,false,מלקחיים סיליקון 22 ס,,,מלקחיים סיליקון 22 ס,יחידה,1.00,יחידה,false,1,19.90,19.9000,true,1,151780
7297603015750,false,כף עץ במבוק 30 סמ,,,כף עץ במבוק 30 סמ,יחידה,1.00,יחידה,false,1,11.90,11.9000,true,1,152540
7297603015767,false,כף עץ מחוררת במבוק 3,,,כף עץ מחוררת במבוק 3,יחידה,1.00,יחידה,false,1,11.90,11.9000,true,1,152541
7297603015774,false,כף עץ מחוררת במבוק 3,,,כף עץ מחוררת במבוק 3,יחידה,1.00,יחידה,false,1,11.90,11.9000,true,1,152542
7297603015781,false,כף עץ במבוק 30 סמ,,,כף עץ במבוק 30 סמ,יחידה,1.00,יחידה,false,1,12.90,12.9000,true,1,152543
7297603015798,false,כף עץ לפסטה במבוק 30,,,כף עץ לפסטה במבוק 30,יחידה,1.00,יחידה,false,1,11.90,11.9000,true,1,152544
7297603015804,false,כף עץ מחוררת במבוק 3,,,כף עץ מחוררת במבוק 3,יחידה,1.00,יחידה,false,1,11.90,11.9000,true,1,152545
7297603027500,false,מלחיה זכוכית  נירוסט,,,מלחיה זכוכית  נירוסט,יחידה,1.00,יחידה,false,1,11.90,11.9000,true,1,153911
7297603030593,false,כף גלידה מנירוסטה,,,כף גלידה מנירוסטה,יחידה,1.00,יחידה,false,1,29.90,29.9000,true,1,154711
7312040017683,false,וודקה אבסולוט בקבוק,"איי, בי, אינבוו",SE,"אבסולוט וודקה, 700 מ''ל",מיליליטרים,700.00,"100 מ""ל",false,1,69.90,9.9857,true,1,91236
7350041950110,false,ליקר שרי הרינג (דובד,siebrand,NL,"ליקר שרי הרינג (דובדבנים) 700 מ""ל",מיליליטרים,700.00,"100 מ""ל",false,1,114.90,16.4143,true,1,142568
7394376123337,false,משקה שיבולת שועל אור,טרנסומס פוד איי.בי,SE,משקה שיבולת שועל אורגני אוטלי  1 ליטר,ליטרים,1.00,ליטר,false,1,14.90,14.9000,true,1,146083
7394376615825,false,אוטלי משקה שבולת שוע,,SE,אוטלי משקה שבולת שועל מועשר 1 ליטר,ליטרים,1.00,ליטר,false,1,14.90,14.9000,true,1,146082
7394376615832,false,משקה שיבולת שועל בטע,,SE,משקה שיבולת שועל בטעם שוקולד אוטלי 1 לי,ליטרים,1.00,ליטר,false,1,15.90,15.9000,true,1,146081
7394376620294,false,משקה שיבולת שועל וני,איי אם פי אס איי תעש,NL,משקה שיבולת שועל וניל אוטלי 1 ליטר,ליטרים,1.00,ליטר,false,1,15.90,15.9000,true,1,156388
7441000720599,false,לבבות דקל פח 400 גרם,אינקופלמיטו,EC,שימורי לבבות דקל שלמים(פחית),גרמים,400.00,100 גרם,false,1,14.90,3.7250,true,1,114320
7441000720605,false,לבבות דקל בצנצנת 410,אינקופלמיטו אס. אי,EC,לה קימה שימורי לבבות דקל שלמים 410 גרם,גרמים,410.00,100 גרם,false,1,18.90,4.6098,true,1,114321
7500162900000,false,בירה סול בודד בקבוק,פארייפאבה אגרואינדוס,NL,"סול ח""פ 330 בקבוק בודד",מיליליטרים,330.00,"100 מ""ל",false,1,9.90,3.0000,true,1,144996
7501013101348,false,גומקס מנגו בקבוק 473,חומקס קומר קומרסאליז,MX,"גומקס מנגו בקבוק 473 מ""ל",מיליליטרים,473.00,"100 מ""ל",false,1,8.50,1.7970,true,1,141752
7501013101355,false,גומקס אפרסק בקבוק 47,פארייפאבה אגרואינדוס,MX,"ג'ומקס אפרסק בקבוק 473 מ""ל תריסר",מיליליטרים,473.00,"100 מ""ל",false,1,8.50,1.7970,true,1,141751
7501013101393,false,גומקס אננס בקבוק 473,פארייפאבה אגרואינדוס,MX,"ג'ומקס אננס  בקבוק 473 מ""ל תריסר",מיליליטרים,473.00,"100 מ""ל",false,1,8.50,1.7970,true,1,141750
7501013122039,false,גומקס מיץ מנגו קרטונ,חומקס קומר קומרסאליז,MX,ג'ומקס מנגו קרטונית  ליטר תריסר,ליטרים,1.00,ליטר,false,1,9.90,9.9000,true,1,141747
7501013122053,false,גומקס מיץ אפרסק קרטו,חומקס קומר קומרסאליז,MX,ג'ומקס אפרסק קרטונית  ליטר תריסר,ליטרים,1.00,ליטר,false,1,9.90,9.9000,true,1,141746
7501013122114,false,גומקס מיץ אננס קרטונ,חומקס קומר קומרסאליז,MX,ג'ומקס אננס קרטונית  ליטר תריסר,ליטרים,1.00,ליטר,false,1,9.90,9.9000,true,1,141745
7501013122190,false,גומקס מיץ תפוחים קרט,חומקס קומר קומרסאליז,MX,ג'ומקס  תפוחים קרטונית ליטר  תריסר,ליטרים,1.00,ליטר,false,1,9.90,9.9000,true,1,141749
7501013122992,false,גומקס מיץ קוקוס אננס,חומקס קומר קומרסאליז,MX,ג'ומקס קוקוס אננס קרטונית  ליטר תריסר,ליטרים,1.00,ליטר,false,1,9.90,9.9000,true,1,141748
7501013138184,false,יוניקו פרסקו חמוציות,חומקס קומר קומרסאליז,MX,ג'ומקס פרסקו חמוציות קרטונית  ליטר תריסר,ליטרים,1.00,ליטר,false,1,12.60,12.6000,true,1,150335
7501064191398,false,שישיית בירה קורונה ב,קריניציה ויטמינה אס,MX,בשישיית בירה קורונה אקסטרה 2.13 ל',ליטרים,2.13,ליטר,false,6,39.90,18.7324,true,1,125209
7501064196690,false,פחית בירה קורונה 355,סרבסריה מידלו,MX,"פחית בירה קורונה 355 מ""ל",מיליליטרים,355.00,"100 מ""ל",false,1,10.90,3.0704,true,1,149531
7503012779306,false,סירופ אגבה כחולה – נ,נוטריגבאס דה מקסיקו,MX,נטור פוד סירופ אגבה כחולה אורגני 330 גרם,גרמים,330.00,100 גרם,false,1,21.90,6.6364,true,1,84872
7509546061160,false,משחת שיניים לילדים מ,CP UK,MX,"משחת שיניים לילדים מיניונים 75 מ""ל",מיליליטרים,75.00,"100 מ""ל",false,1,15.90,21.2000,true,1,152183
7509546666846,false,קולגייט טוטל משחת שי,CP UK,MX,קולגייט טוטל משחת שיניים פחם 75 מל,מיליליטרים,75.00,"100 מ""ל",false,1,19.90,26.5333,true,1,150022
7610100034084,false,מיונז טומי 265 גרם,נסטלה שוויץ ס.א,,טומי מיונז אמיתי מביצי חופש 265 גרם,גרמים,265.00,100 גרם,false,1,16.90,6.3774,true,1,122935
7610113000175,false,בקרדי מוחיטו 700מל,בקרדי מרטיני,DE,בקרדי מוחיטו 700מל,מיליליטרים,700.00,"100 מ""ל",false,1,79.90,11.4143,true,1,147748
7610113011652,false,בקרדי בריזר תפוח 275,בקרדי בעמ,BE,"בריזר - משקה כוהלי מוגז בטעם תפוח 275 מ""ל",מיליליטרים,275.00,"100 מ""ל",false,1,14.90,5.4182,true,1,145937
7610113013250,false,פחית בקרדי מוחיטו 25,בקרדי מרטיני,BE,פחית בקרדי מוחיטו 250 מל,מיליליטרים,250.00,"100 מ""ל",false,1,14.90,5.9600,true,1,150322
7610400014649,false,שוקולד לינדור חלב 10,לינדט ושפרונגלי,,שוקולד לינדור חלב 100 גרם,גרמים,100.00,100 גרם,false,1,17.50,17.5000,true,1,9319
7610400068369,false,שוקולד לינדור אגוזים,לינדט ושפרונגלי,,לינדט לינדור שוקולד חלב שוויצרי ואגוזים 100 גר',גרמים,100.00,100 גרם,false,1,17.50,17.5000,true,1,58801
7610400068505,false,בונבוניירה לינדור מי,לינדט ושפרונגלי,,בונבוניירה לינדור מילק 200 גרם,גרמים,200.00,100 גרם,false,1,34.90,17.4500,true,1,60636
7610400068529,false,בונבוניירה לינדור קו,לינדט ושפרונגלי,,בונבוניירה לינדור קורנה 200 גרם,גרמים,200.00,100 גרם,false,1,34.90,17.4500,true,1,42737
7610400074155,false,שוקולד לינדור מריר 6,"לינדט ושפרונגלי, CH-",,שוקולד לינדור מריר 60%  100 גרם,גרמים,100.00,100 גרם,false,1,17.50,17.5000,true,1,58802
7610400075770,false,לינדט לגרנד דארק הזל,לינדט ושפרונגלי,CH,לינדט לגרנד דארק הזלנט 150 גרם,גרמים,150.00,100 גרם,false,1,24.90,16.6000,true,1,156383
7610400075787,false,לינדט לגרנד מילק הזל,"לינדט ושפרונגלי, קיל",CH,לינדט לה גרנד - שוקולד חלב עם אגוזי לוז 150 גר',גרמים,150.00,100 גרם,false,1,24.90,16.6000,true,1,156384
7610400091060,false,שוקולד לינדט אקסלנס,לינדט ושפרונגלי,,שוקולד לינדט אקסלנס תפוז 100 גרם,גרמים,100.00,100 גרם,false,1,14.90,14.9000,true,1,145315
7613030979647,false,דגני בוקר טריקס 480,ג'נרל מילס סאן אדריא,IL,טריקס 12*480גרם 2018,גרמים,480.00,100 גרם,false,1,26.90,5.6042,true,1,119272
7613032045753,false,דגני פיטנס שוקולד 37,הנסיך- מפעל לייצור ט,FR,פיטנס שוקולד 16*375גרם 2017,גרמים,375.00,100 גרם,false,1,21.90,5.8400,true,1,48657
7613033548192,false,דגני בוקר פיטנס שוקו,הנסיך- מפעל לייצור ט,FR,פיטנס שוקולד מריר 16*375גרם 2017,גרמים,375.00,100 גרם,false,1,21.90,5.8400,true,1,79951
7613034146502,false,ONE מיני אקטיב עוף 1,פורינה,US,ONE מיני אקטיב עוף 1.5קג,קילוגרמים,1.50,"ק""ג",false,1,51.90,34.6000,true,1,142310
7613034146656,false,ONE מיני אקטיב בקר 1,פורינה,US,ONE מיני אקטיב בקר 1.5קג,קילוגרמים,1.50,"ק""ג",false,1,51.90,34.6000,true,1,142311
7613035379817,false,דנטלייף גזע קטן115גר,פורינה,US,דנטלייף גזע קטן115גרם,גרמים,115.00,100 גרם,false,1,14.90,12.9565,true,1,152358
7613035514430,false,ONE חתול בוגר סלמון,פורינה,US,ONE חתול בוגר סלמון 3קג,קילוגרמים,3.00,"ק""ג",false,1,114.90,38.3000,true,1,142308
7613035618794,false,ONE   חתול בוגר עוף,פורינה,US,ONE  3קג חתול בוגר עוף,קילוגרמים,3.00,"ק""ג",false,1,114.90,38.3000,true,1,142307
7613035619050,false,חמשושים מפלצות,שוורצקוף& הנקל דיסלד,ES,חמשושים מפלצות 18*75מל,גרמים,80.00,100 גרם,false,1,7.90,9.8750,true,1,112106
7613035807778,false,רוטב עגבניות לבולונז,נסטלה ספרד,ES,פרפקטו רוטב עגבניות לבולונז 6*400גרם,גרמים,400.00,100 גרם,false,1,10.90,2.7250,true,1,113127
7613035809109,false,רוטב עגבניות ובזיליק,נסטלה ספרד,ES,פרפקטו רוטב עגבניות ובזיליקום 6*400גרם,גרמים,400.00,100 גרם,false,1,10.90,2.7250,true,1,113128
7613035809123,false,רוטב עגבניות עם פלפל,נסטלה ספרד,ES,פרפקטו רוטב עגבניות עם פלפלים 6*400גרם,גרמים,400.00,100 גרם,false,1,10.90,2.7250,true,1,113129
7613035809857,false,רוטב עגבניות לפסטה פ,נסטלה ספרד,ES,פרפקטו רוטב עגבניות לפסטה ולבישול 6*400ג,גרמים,400.00,100 גרם,false,1,10.90,2.7250,true,1,113126
7613036520492,false,פרפקטו רוטב עגבניות,ביוטוני ספרד,ES,פרפקטו רוטב עגבניות לפיצה 6*400גרם,גרמים,400.00,100 גרם,false,1,10.90,2.7250,true,1,148065
7613036576734,false,חמישייה קרחוני שרבט,פרונרי איבריה ס.ל,ES,נסטלה חמשושים חדש 18*60גרם,גרמים,60.00,100 גרם,false,1,7.90,13.1667,true,1,122075
7613036976657,false,פאוץ פריסקיז הודו 85,יו פי אף,FR,פאוץ פריסקיז הודו 85גר,גרמים,85.00,100 גרם,false,1,4.90,5.7647,true,1,155910
7613036976671,false,פאוץ פריסקיז עוף 85,יו פי אף,FR,פאוץ פריסקיז עוף 85 גר,גרמים,85.00,100 גרם,false,1,4.90,5.7647,true,1,155911
7613036976695,false,פאוץ פריסקיז בקר 85,יו פי אף,FR,פאוץ פריסקיז בקר 85 גר,גרמים,85.00,100 גרם,false,1,4.90,5.7647,true,1,155912
7613036976718,false,פאוץ פריסקיז ברווז 8,יו פי אף,FR,פאוץ פריסקיז ברווז 85 גר,גרמים,85.00,100 גרם,false,1,4.90,5.7647,true,1,155913
7613037012200,false,גרבר מחית תפוח מנגו,כלורוקס אוקלנד,ES,גרבר מחית תפוח מנגו גזר פאוץ 16*90גרם,גרמים,90.00,100 גרם,false,1,6.90,7.6667,true,1,147877
7613037686906,false,פיטנס שקדים ודבש 14*,הנסיך- מפעל לייצור ט,FR,פיטנס שקדים ודבש 14*355גרם,גרמים,355.00,100 גרם,false,1,21.90,6.1690,true,1,143847
7613038451954,false,דגני קראנץ שוקולד מו,סי. פי. צרפת,FR,דגני קראנץ שוקולד מופחת סוכר 410ג N9LEM,גרמים,410.00,100 גרם,false,1,21.90,5.3415,true,1,143667
7613287181411,false,ויטמינציק סלט פירות,אסם,IL,"ויטמינציק סלט פירות, 110 גרם",גרמים,110.00,100 גרם,false,1,5.90,5.3636,true,1,151735
7613287182326,false,ויטמינציק פאוץ בננה,נסטלה,ES,ויטמינציק פאוץ בננה תפוח כשלפ 110 גרם,גרמים,110.00,100 גרם,false,1,5.90,5.3636,true,1,151732
7613287325822,false,רוטב מיקס לחיץ 295 ג,אסם,PL,רוטב מיקס לחיץ 295 גרם,גרמים,295.00,100 גרם,false,1,14.90,5.0508,true,1,152383
7613287325952,false,רוטב ברביקיו אסם לחי,דפטונה פולין,PL,רוטב ברביקיו אסם לחיץ 295 גרם,גרמים,295.00,100 גרם,false,1,14.90,5.0508,true,1,152386
7613287394323,false,דגני מולטי צירייס נ,CPU,GB,דגני מולטי צירייס נסטלה 600גרם,גרמים,600.00,100 גרם,false,1,26.90,4.4833,true,1,149468
7613287476494,false,מיונז אסם לחיץ 295 ג,נסטלה פולין,PL,מיונז אסם לחיץ 295 גרם,גרמים,295.00,100 גרם,false,1,14.90,5.0508,true,1,152384
7613287476678,false,סינימיניס צורוס  360,נסטלה אוונקה,PT,סינימיניס צורוס  360גרם,גרמים,360.00,100 גרם,false,1,26.90,7.4722,true,1,151600
7616500553460,false,פריי שוקולד מריר תפו,פריי,CH,פריי שוקולד מריר תפוז 100 גרם,גרמים,100.00,100 גרם,false,1,9.90,9.9000,true,1,46535
7616500646087,false,פריי שוקולד עם שברי,פריי,CH,פריי שוקולד עם שברי אגוזים 100 גרם,גרמים,100.00,100 גרם,false,1,9.90,9.9000,true,1,99167
7616500647268,false,פריי מריר אגוזים 180,פריי,CH,פריי שוקולד מריר אגוז 180 גרם,גרמים,180.00,100 גרם,false,1,14.90,8.2778,true,1,126870
7616500666092,false,פריי חלב פיסטוק 200,פריי,CH,פריי חלב פיסטוק 200 גרם,גרמים,200.00,100 גרם,false,1,14.90,7.4500,true,1,154614
7622010001858,false,עוגיות אוראו ממולאות,פי אר ג'יי אס אי מנד,UA,עוגיות אוראו ממולאות קרם וניל 176 גר',גרמים,176.00,100 גרם,false,1,9.90,5.6250,true,1,111379
7622201127206,false,ממרח שוקולד מילקה  3,"נטרה מלה אנ.וי,",BE,ממרח שוקולד מילקה 350 גרם,גרמים,350.00,100 גרם,false,1,17.90,5.1143,true,1,150206
7622201137052,false,מילקה מיני קוקיז 110,מנדלז סי.אר. פרודקשן,ES,מילקה מיני קוקיז 110 גרם,גרמים,110.00,100 גרם,false,1,8.90,8.0909,true,1,149072
7622201401900,false,עוגיות מילקה סנסיישן,גוד פוד פרודקטס S.p,PL,עוגיות מילקה סנסיישן אוראו 156 גרם,גרמים,156.00,100 גרם,false,1,13.90,8.9103,true,1,147630
7622201502515,false,מילקה קוקי לופ 132 ג,מונדלייז,,מילקה קוקי לופ 132 גרם,גרמים,132.00,100 גרם,false,1,13.90,10.5303,true,1,152702
7622201801809,false,שוקולד חלב אגוזים מי,מונדלייז,DE,שוקולד חלב אגוזים מילקה 100 גרם,גרמים,100.00,100 גרם,false,1,6.90,6.9000,true,1,151534
7622201802363,false,שוקולד חלב אגוז וצימ,תאי פרזידנט פוד פאבל,DE,שוקולד חלב אגוז וצימוק מילקה 100 גרם,גרמים,100.00,100 גרם,false,1,6.90,6.9000,true,1,151533
7622201802394,false,שוקולד חלב מילקה 100,מונדלייז,DE,שוקולד חלב מילקה 100 גרם,גרמים,100.00,100 גרם,false,1,6.90,6.9000,true,1,151532
7622201808631,false,אוראו מיני כוסות בטע,"איטיליאן פוד, אס.פי.",ID,אוראו מיני כוסות בטעם וניל 67 גרם,גרמים,67.00,100 גרם,false,1,6.90,10.2985,true,1,151536
7622201813390,false,מילקה וואפל במילוי ק,מונדליז סי.אר. ביסקו,,מילקה וואפל במילוי קרם קקאו 150 גרם,גרמים,150.00,100 גרם,false,1,16.90,11.2667,true,1,149027
7622201819552,false,מילקה דארק 85 גרם חד,מונדלייז,DE,מילקה דארק 85 גרם חדש,גרמים,85.00,100 גרם,false,1,8.50,10.0000,true,1,152705
7622210078131,false,מילקה דיים 100 גרם ח,תאי פרזידנט פוד פאבל,DE,מילקה דיים 100 גרם,גרמים,100.00,100 גרם,false,1,6.90,6.9000,true,1,121684
7622210163899,false,מילקה שוקולד חלב עם,מונדלייז,DE,מילקה שוקולד חלב עם עדשים 100 גר',גרמים,100.00,100 גרם,false,1,6.90,6.9000,true,1,121685
7622210453327,false,עוגיות מילקה סנסיישן,מנדלז פולסקה פרודקשן,PL,עוגיות מילקה סנסיישן 156 גרם,גרמים,156.00,100 גרם,false,1,13.90,8.9103,true,1,141045
7622210637994,false,אוראו ביס קראנצי אור,"איטיליאן פוד, אס.פי.",ES,אוראו קראנצי בייטס 110 גרם,גרמים,110.00,100 גרם,false,1,8.90,8.0909,true,1,148421
7622210638021,false,אוראו ביס קראנצי בצי,"איטיליאן פוד, אס.פי.",ES,אוראו קראנצ'י בייטס מצופים 110 גרם,גרמים,110.00,100 גרם,false,1,8.90,8.0909,true,1,148422
7622210826053,false,ט שוקולד מילקה אוראו,גיאורי קאקסז קייאףטי,HU,שוקולד מילקה אוראו סנדביץ 92 גרם,גרמים,92.00,100 גרם,false,1,6.90,7.5000,true,1,148107
7622210835338,false,עוגיות אוראו בראוניז,"איטיליאן פוד, אס.פי.",ES,עוגיות אוראו בראוניז 176 גרם,גרמים,176.00,100 גרם,false,1,9.90,5.6250,true,1,122888
7622300200237,false,מילקה שוקולד חלב 250,תאי פרזידנט פוד פאבל,AT,מילקה שוקולד חלב 250 גר',גרמים,250.00,100 גרם,false,1,12.90,5.1600,true,1,83188
7622300270506,false,עוגיות שיבולת שועל מ,"איטיליאן פוד, אס.פי.",PL,עוגיות שיבולת שועל מצופות 168 גרם,גרמים,168.00,100 גרם,false,1,13.90,8.2738,true,1,79870
7622300340285,false,פילדלפיה 22% שומן 17,דולפין ספא,DE,גבינת שמנת 21% שומן,גרמים,175.00,100 גרם,false,1,14.90,8.5143,true,1,119990
7622300340292,false,פילדלפיה מופחת שומן,דולפין ספא,DE,גבינת שמנת מופחתת שומן 11% שומן,גרמים,175.00,100 גרם,false,1,14.90,8.5143,true,1,119991
7622300489427,false,עוגיות אוראו פאדג שו,"איטיליאן פוד, אס.פי.",ES,עוגיות אוראו בציפוי בטעם שוקולד לבן 246 גר',גרמים,246.00,100 גרם,false,1,17.90,7.2764,true,1,119383
7622300489434,false,עוגיות אוראו פאדג שו,"איטיליאן פוד, אס.פי.",ES,עוגיות אוראו פאדג שוקולד חלב 246 גרם,גרמים,246.00,100 גרם,false,1,17.90,7.2764,true,1,119384
7622300503079,false,ביסקוויט מצופה שוקול,"איטיליאן פוד, אס.פי.",PL,מילקה מו עוגיות ביסקוויט בציפוי שוקולד 200 גר',גרמים,200.00,100 גרם,false,1,13.90,6.9500,true,1,79957
7622300617820,false,שוקולד חלב אוראו מיל,מונדלייז,DE,שוקולד חלב אוראו מילקה 100 גרם,גרמים,100.00,100 גרם,false,1,6.90,6.9000,true,1,88373
7622300756413,false,פילדלפיה 20% שומן עם,דולפין ספא,DE,פילדלפיה גבינת שמנת עם עשבי תיבול 20% שומן 175 גרם,גרמים,175.00,100 גרם,false,1,14.90,8.5143,true,1,119992
7622300761363,false,עוגיות אוראו מיני קר,"איטיליאן פוד, אס.פי.",ID,אוראו מיני כוסות בטעם שוקולד 61.3 גרם,גרמים,67.00,100 גרם,false,1,6.90,10.2985,true,1,104421
7630477891592,false,סטארבקס קפסולות האוס,נסטלה נספרסו,CH,סטארבקס קפסולות האוס בלנד 57 גרם,גרמים,57.00,100 גרם,false,1,21.90,38.4211,true,1,151558
7630477891639,false,סטארבקס קפסולות ורונ,נסטלה נספרסו,CH,סטארבקס קפסולות ורונה 55 גרם,גרמים,55.00,100 גרם,false,1,21.90,39.8182,true,1,151559
7630477891714,false,סטארבקס קפסולות אספר,נסטלה נספרסו,CH,סטארבקס קפסולות אספרסו 57 גרם,גרמים,57.00,100 גרם,false,1,21.90,38.4211,true,1,150612
7630477891738,false,סטארבקס קפסולות אספר,נסטלה נספרסו,CH,סטארבקס קפסולות אספרסו בלונד 53 גרם,גרמים,53.00,100 גרם,false,1,21.90,41.3208,true,1,151557
7640175743451,false,פחית גין בומביי   טו,בקרדי מרטיני,BE,פחית גין בומביי   טוניק 250 מל,מיליליטרים,250.00,"100 מ""ל",false,1,14.90,5.9600,true,1,151512
7702018271788,false,Gillette Clear Gel A,פרוקטר אנד גמבל,PL,Gillette Clear Gel AP Deo Stick Triumph,ליטרים,70.00,ליטר,false,1,16.90,0.2414,true,1,89824
7702018462032,false,גילט מאך 3 רביעיות ס,פרוקטור אנד גמבל,DE,גילט מאך 3 רביעיות סטארט,יחידה,1.00,יחידה,false,1,29.90,29.9000,true,1,145190
7702018471423,false,גילט פיוזן רביעיות ס,פרןקטר אנד גמבל ברלי,PL,גילט פיוזן רביעיות סטארט,יחידה,1.00,יחידה,false,1,39.90,39.9000,true,1,145191
7702018978106,false,Gillette Clear Gel A,פרוקטר אנד גמבל,PL,Gillette Clear Gel AP Deo Stick Arctic I,ליטרים,70.00,ליטר,false,1,16.90,0.2414,true,1,57258
7702018978120,false,Gillette Clear Gel A,פרוקטר אנד גמבל,PL,Gillette Clear Gel AP Deo Stick Cool Wav,מיליליטרים,70.00,"100 מ""ל",false,1,16.90,24.1429,true,1,57259
7702018980925,false,קצף גילוח גילט לעור,קימברלי,GB,"קצף גילוח גילט לעור רגיל 200 מ""ל",מיליליטרים,200.00,"100 מ""ל",false,1,9.90,4.9500,true,1,156252
7702018980932,false,קצף גילוח גילט לעור,קימברלי,GB,"קצף גילוח גילט לעור רגיש 200 מ""ל",מיליליטרים,200.00,"100 מ""ל",false,1,9.90,4.9500,true,1,156253
7702174066631,false,לקקן פיפופ,הדקלאים אגודת שיתופי,CO,לקקן פיןפופ 10 יח'180  גר',גרמים,180.00,100 גרם,false,1,10.90,6.0556,true,1,73758
7702174068826,false,לקקן יוגטה בטעם פירו,הדקלאים אגודת שיתופי,CO,"לקקן יוגטה בטעם פירות 12 יח            """,גרמים,216.00,100 גרם,false,1,10.90,5.0463,true,1,88235
7702174068833,false,לקקן יוגטה אייס קרים,הדקלאים אגודת שיתופי,CO,לקקן יוגטה אייס קרים 12 יח,גרמים,216.00,100 גרם,false,1,10.90,5.0463,true,1,85353
7702174070201,false,לקקן בטעם מסטיק טופי,קומסטיבלס אלדור,CO,לקקן בטעם מסטיק ממולא טופי בטעם תות 216 גרם,גרמים,216.00,100 גרם,false,1,10.90,5.0463,true,1,88542
7702174073783,false,לקקן פינפופ קולה 10,הדקלאים אגודת שיתופי,CO,לקקן פין פופ קולה 10 יח' 180  גר',גרמים,180.00,100 גרם,false,1,10.90,6.0556,true,1,119984
7792860006218,false,סוכריות לקקן בייבי ד,לריטייר,AR,"סוכריות בייבי דול, 24 גרם",גרמים,20.00,100 גרם,false,1,2.60,13.0000,true,1,9397
7798141877829,false,גאטו נגרו פינו גריגי,,AR,גאטו נגרו פינו גריגיו 750 מל,מיליליטרים,750.00,"100 מ""ל",false,1,36.90,4.9200,true,1,152477
7798141877836,false,גאטו נגרו סוביניון ב,,AR,גאטו נגרו סוביניון בלאן  750 מל,מיליליטרים,750.00,"100 מ""ל",false,1,36.90,4.9200,true,1,152478
7798304600011,false,אוכמניות ארוז,מרינה,IL,אוכמניות ארוז,גרמים,125.00,100 גרם,false,1,12.90,10.3200,true,1,152357
7798378440018,true,אוכמניות ארוז,,,אוכמניות ארוז,,0.00,,false,,9.90,0.0000,true,1,156580
7804414000860,false,יין דון חוליו קברנה,,,דון חוליו יין 13.5% אדום יבש קברנה סובניון 2016,מיליליטרים,750.00,"100 מ""ל",false,1,32.90,4.3867,true,1,9400
7804414000877,false,יין דון חוליו מרלו 7,,,דון חוליו יין אדום יבש מרלו 2019,מיליליטרים,750.00,"100 מ""ל",false,1,32.90,4.3867,true,1,9401
7804414000884,false,יין דון חוליו שרדונה,יקב,,דון חוליו יין 12% לבן יבש שרדונה 2017,מיליליטרים,750.00,"100 מ""ל",false,1,32.90,4.3867,true,1,9402
7804414001614,false,יין דון חוליו שיראז,,,דון חוליו יין 13% אדום חצי יבש שיראז 2017,מיליליטרים,750.00,"100 מ""ל",false,1,32.90,4.3867,true,1,31442
7804414001621,false,יין קאזה די לואיגי ש,יקב,,"יין קאזה די לואיגי שיראז 750 מ""ל",מיליליטרים,750.00,"100 מ""ל",false,1,31.90,4.2533,true,1,31443
7804414012344,false,יין דון חוליו סובניו,,,דון חוליו סוביניון בלאן 750 מל,מיליליטרים,750.00,"100 מ""ל",false,1,32.90,4.3867,true,1,115871
7804414012351,false,יין דון חוליו מלבק 7,,,דון חוליו מלבק 750 מל,מיליליטרים,750.00,"100 מ""ל",false,1,32.90,4.3867,true,1,115872
7804414012368,false,יין דון חוליו רוזה 7,יקב סאנטרו,,"יין דון חוליו רוזה 750 מ""ל",מיליליטרים,750.00,"100 מ""ל",false,1,32.90,4.3867,true,1,119151
7804414017127,false,יין מונטסאו שרדונה 7,מונטסאו,צ'ילה (TDE),יין מונטסאו שרדונה 750 מל,מיליליטרים,750.00,"100 מ""ל",false,1,34.90,4.6533,true,1,147801
7804414017134,false,יין מונטסאו קברנה סו,מונטסאו,צ'ילה (TDE),יין מונטסאו קברנה סוביניון 750 מל,מיליליטרים,750.00,"100 מ""ל",false,1,34.90,4.6533,true,1,147800
7804414017141,false,יין מרלו מונטסאו 750,מונטסאו,צ'ילה (TDE),יין מרלו מונטסאו 750 מל,מיליליטרים,750.00,"100 מ""ל",false,1,34.90,4.6533,true,1,147799
7890557502491,false,כפכפי הווייאנס סלים,אלפרגאטאס,,כפכפי הוויאנס סלים זהב חלק 39-4,יחידה,1.00,יחידה,false,1,49.90,49.9000,true,1,119603
7891024179482,false,שטיפת פה אופטיק וייט,קולגייט- פלמוליב,PL,קולגייט מי פה אופטיק וייט 500 מל,מיליליטרים,500.00,"100 מ""ל",false,1,31.90,6.3800,true,1,88702
7893249567082,false,כפכפי הווייאנס סלים,אלפרגאטאס,,כפכפי הוויאנס סלים חלק בלט 37-8,יחידה,1.00,יחידה,false,1,49.90,49.9000,true,1,119388
7896002100441,false,קסאשה 51 700 מל,קומפני לה פרוניה,BR,"רום קשאסה 51  700 מ""ל",מיליליטרים,700.00,"100 מ""ל",false,1,109.90,15.7000,true,1,126667
8000040001106,false,"קמפרי 700 מ""ל",קמפרי,,"קמפרי 700 מ""ל",מיליליטרים,700.00,"100 מ""ל",false,1,109.90,15.7000,true,1,102807
8000040500012,false,וויילד טרקי 81 בורבו,קמפרי,,"וויילד טרקי 81 בורבון 700 מ""ל",מיליליטרים,700.00,"100 מ""ל",false,1,134.90,19.2714,true,1,114020
8000215202406,false,מעדן אורז אורגני ויט,בטר אנד דיפרנט,IT,מעדן אורז אורגני ויטריז שוקו 400 גרם,גרמים,400.00,100 גרם,false,1,16.90,4.2250,true,1,123295
8000215202413,false,מעדן אורז אורגני ויט,אלינור,IT,מעדן אורז אורגני ויטריז וניל 400 גרם,גרמים,400.00,100 גרם,false,1,16.90,4.2250,true,1,123294
8000215204219,false,משקה אורז אורגני ויט,אלינור,IT,משקה אורז אורגני 1 ליטר,ליטרים,1.00,ליטר,false,1,13.90,13.9000,true,1,71102
8000215204240,false,משקה שקדים ואורז אור,אלינור,IT,משקה שקדים ואורז אורגני 1 ליטר,ליטרים,1.00,ליטר,false,1,13.90,13.9000,true,1,71103
8000215204264,false,משקה אורז אורגני ויט,אלינור,IT,ויטריז משקה אורז אישי 200 מל,מיליליטרים,200.00,"100 מ""ל",false,1,4.90,2.4500,true,1,119827
8000215204271,false,משקה אורז ושקדים ויט,"נטורפוד בע""מ",IT,"משקה אורז ושקדים ויטריז 200 מ""ל",מיליליטרים,200.00,"100 מ""ל",false,1,4.90,2.4500,true,1,102214
8000215204363,false,VITASIמשקה קוקוס אור,אלינור,IT,VITASIמשקה קוקוס אורגני 1 ליטר,ליטרים,1.00,ליטר,false,1,16.90,16.9000,true,1,150044
8000215204394,false,משקה אגוזי לוז ואורז,אלינור,US,משקה אגוזי לוז ואורז אורגני 1 ליטר,ליטרים,1.00,ליטר,false,1,17.90,17.9000,true,1,99612
8000215204554,true,משקה אורז קוקוס אורג,אלינור,IT,ויטאריז אורז עם קוקוס אורגני 1 ליטר,ליטרים,1.00,ליטר,false,1,13.90,13.9000,true,1,119826
8000215204561,false,משקה שקדים אורגני VI,אלינור,IT,ויטאסי משקה שקדים אורגני 1 ליטר,ליטרים,1.00,ליטר,false,1,16.90,16.9000,true,1,123302
8000215204653,false,ויטסי - משקה סויה או,אלינור,IT,ויטסי - משקה סויה אורגני 1 ליטר,ליטרים,1.00,ליטר,false,1,11.90,11.9000,true,1,142327
8000215204677,false,ויטריז משקה שיבולת ש,ויטריז,IT,ויטריז משקה שיבולת שועל בריסטה אורגני 1ל,ליטרים,1.00,ליטר,false,1,13.90,13.9000,true,1,153291
8000215204714,false,משקה שיבולת שועל אור,אלינור,IT,פרימאבנה משקה שיבולת שועל אורגני 1 ליטר,ליטרים,1.00,ליטר,false,1,13.90,13.9000,true,1,99613
8000350001186,false,וישנזי מבחר עוגיות ב,Vicenzi S.p.A.,IT,וישנזי מבחר עוגיות במילואים וטעמים שונים 300 ג VIC,גרמים,300.00,100 גרם,false,1,19.90,6.6333,true,1,155198
8000350003821,false,וישנזי עוגיות שקדים,Vicenzi S.p.A.,IT,וישנזי עוגיות שקדים קנטונציני 225 ג VICENZI,גרמים,225.00,100 גרם,false,1,18.90,8.4000,true,1,155197
8000380003723,false,ופל גרנד פטיסרי אגוז,קריניציה ויטמינה אס,IT,ופל גרנד פטיסרי אגוזים 100 גרם,גרמים,100.00,100 גרם,false,1,12.90,12.9000,true,1,9510
8000380003761,false,ופל גרנד פטיסרי קוקו,קריניציה ויטמינה אס,IT,לואקר גרנד פטיסרי קוקוס 100 גרם,גרמים,100.00,100 גרם,false,1,12.90,12.9000,true,1,9511
8000380004669,false,ופל סנדויץ קקאו לואק,"א. לואקר, קונפקט ג'י",AT,ופל סנדויץ קקאו לואקר 200 גרם,גרמים,200.00,100 גרם,false,1,14.90,7.4500,true,1,60814
8000380004676,false,ופל סנדויץ קרם וניל,"א. לואקר, קונפקט ג'י",AT,ופל סנדויץ קרם וניל לואקר 200 גרם,גרמים,200.00,100 גרם,false,1,14.90,7.4500,true,1,9512
8000380004911,false,ופל קואדרטיני אגוז 2,א. לואקר,AT,קוארדטיני אגוז 250 גר',גרמים,250.00,100 גרם,false,1,14.90,5.9600,true,1,9513
8000380004966,false,ופל קואדרטיני קקאו 2,קריניציה ויטמינה אס,AT,קוארדטיני שוקולד 250 גר',גרמים,250.00,100 גרם,false,1,14.90,5.9600,true,1,9514
8000380007219,false,ופל אגוזים לואקר 175,א. לואקר,AT,לואקר קלאסיק אגוז 175 גרם,גרמים,175.00,100 גרם,false,1,10.90,6.2286,true,1,9515
8000380007264,false,ופל קקאו לואקר 175 ג,קריניציה ויטמינה אס,AT,לואקר קלאסיק קקאו 175 גרם,גרמים,175.00,100 גרם,false,1,10.90,6.2286,true,1,12710
8000380152728,false,לואקר אצבעות גרדנה ב,"אינסטנטה בע""מ",IT,לואקר אצבעות גרדנה בשקית-שוקולד 125 גרם,גרמים,125.00,100 גרם,false,1,18.90,15.1200,true,1,85248
8000380153442,false,ופל אגוז לואקר 90 גר,לואקר,,ופל אגוז לואקר 90 גרם,גרמים,90.00,100 גרם,false,1,7.90,8.7778,true,1,89621
8000380153466,false,ופל שוקולד לואקר 90,קריניציה ויטמינה אס,IT,ופל שוקולד לואקר 90 גרם,גרמים,90.00,100 גרם,false,1,7.90,8.7778,true,1,89615
8000380154791,false,טורטינה אורגינל שליש,קריניציה ויטמינה אס,IT,טורטינה אורגינל 21גר,גרמים,63.00,100 גרם,false,1,12.90,20.4762,true,1,106785
8000380155699,false,טורטינה לבן,קריניציה ויטמינה אס,IT,טורטינה 1/3 לבן,גרמים,63.00,100 גרם,false,1,12.90,20.4762,true,1,101673
8000380180721,false,ופל לואקר קלאסיק שוק,א. לואקר,AT,לואקר קלאסיק שוקו-חלב 175 גרם,גרמים,175.00,100 גרם,false,1,10.90,6.2286,true,1,112888
8000380180745,false,ופל קואדרטיני שושו ל,"א. לואקר, קונפקט ג'י",AT,ופל קואדרטיני שושו לבן 250 גרם,גרמים,250.00,100 גרם,false,1,14.90,5.9600,true,1,111889
8000380180837,false,גרנד פטיסרי במילוי ק,"אינסטנטה בע""מ",IT,גרנד פטיסרי במילוי קרם קוקוס ובציפוי שוק,גרמים,100.00,100 גרם,false,1,12.90,12.9000,true,1,112755
8000380187119,false,עוגיות לואקר אגוזי ל,לואקר,AT,עוגיות לואקר אגוזי לוז,גרמים,100.00,100 גרם,false,1,15.90,15.9000,true,1,147321
8000380187249,false,עוגיות לואקר שקדים,לואקר,AT,עוגיות לואקר שקדים  100גרם,גרמים,100.00,100 גרם,false,1,15.90,15.9000,true,1,147322
8000380187300,false,עוגיות לואקר פתיתי ש,לואקר,AT,עוגיות לואקר פתיתי שלג 120גרם,גרמים,120.00,100 גרם,false,1,15.90,13.2500,true,1,147323
8000380205523,false,לואקר חמאת בוטנים 17,לואקר,IT,לואקר חמאת בוטנים 175 גרם,גרמים,175.00,100 גרם,false,1,10.90,6.2286,true,1,154929
8000500009673,false,בונבוניירה רושר 300,פררו,IT,בונבוניירה רושר 300 גרם,גרמים,300.00,100 גרם,false,1,49.90,16.6333,true,1,25402
8000500023624,false,קינדר הפי היפו קקאו,קדבורי,DE,קינדר הפי היפו קקאו 105 גר,גרמים,102.00,100 גרם,false,1,14.90,14.6078,true,1,46138
8000500023976,false,בונבוניירה רפאלו 150,פררו,PL,כדור וופל בציפוי קוקוס פריך במילוי קרם ושקד שלם,גרמים,150.00,100 גרם,false,1,19.90,13.2667,true,1,9517
8000500026731,false,ביצי הפתעה מצופה שוק,פררו,IT,ביצת הפתעה  קינדר שלישייה,גרמים,64.00,100 גרם,false,1,15.90,24.8438,true,1,9518
8000500037874,false,בונבוניירה רושר אריז,פררו,IT,בונבוניירה רושר אריזה דקורטיבית 200 גרם,גרמים,200.00,100 גרם,false,1,29.90,14.9500,true,1,9521
8000500071083,false,שוקולד קינדר אריזה ד,קדבורי,IT,אצבעות שוקולד קינדר 200 גר,גרמים,200.00,100 גרם,false,1,12.90,6.4500,true,1,9522
8000500075708,false,שלישיית קינדר גוי כח,פררו,ZA,שלישיית קינדר גוי כחול 60 גרםT3X32,גרמים,60.00,100 גרם,false,1,15.90,26.5000,true,1,98642
8000500160466,false,פררו רושה מארז חג,גוד פוד פרודקטס S.p,IT,פררו רושה מארז חג,גרמים,75.00,100 גרם,false,1,15.90,21.2000,true,1,117195
8000500164242,false,רפאלו  70 גרם,קדבורי,PL,רפאלו  70 גרם,גרמים,70.00,100 גרם,false,1,12.90,18.4286,true,1,122401
8000500227848,true,נוטלה בי רדי שישיה 1,קדבורי,IT,נוטלה בי רדי שישיה 132 גרם,גרמים,132.00,100 גרם,false,1,13.90,10.5303,true,1,120788
8000500247167,false,פררו קולקשין269 גרם,פררו,DE,בונבוניירה פררו קולקשין 269  גרם,גרמים,269.00,100 גרם,false,1,49.90,18.5502,true,1,116236
8000500249352,false,חטיפי בואנו מיני מיק,פררו,PL,קינדר בואנו מיני מיקס,גרמים,205.00,100 גרם,false,1,21.90,10.6829,true,1,117190
8000500256213,false,שוקולד קינדר מיני 12,פררו,IT,קינדר שוקולד מיני 120 גרם,גרמים,120.00,100 גרם,false,1,12.90,10.7500,true,1,143922
8000500267103,true,קינדר דליס עשיריה,פררו,IT,קינדר דליס עוגת ספוג קקאו במילוי חלבי 390 גרם,גרמים,390.00,100 גרם,false,1,20.90,5.3590,true,1,121827
8000500269169,false,קינדר קארדס חמישיה 1,פררו,IT,קינדר קארדס חמישיה 128 גרם,גרמים,128.00,100 גרם,false,1,13.90,10.8594,true,1,156290
8000500374429,false,מעטפת שוקולד חלב אגו,פררו,IT,מעטפת שוקולד חלב אגוזי לוז 100 גר,גרמים,100.00,100 גרם,false,1,14.90,14.9000,true,1,151721
8000500386941,false,ממרח אגוזי לוז  עם ק,קדבורי,IT,ממרח אגוזי לוז  עם קקאו נוטלה  900גרם,גרמים,900.00,100 גרם,false,1,33.90,3.7667,true,1,154467
8000700000050,false,סבון מוצק לבן  דאב ר,יוניליוור גרמניה (מנ,DE,סבון מוצק לבן  דאב רביעייה,גרמים,400.00,100 גרם,false,1,13.90,3.4750,true,1,9533
8001010033721,false,רוטב פסטו חדש 135 גר,,,רוטב פסטו חדש 135 גרם PONTI,גרמים,135.00,100 גרם,false,1,13.90,10.2963,true,1,124600
8001090336354,false,פמפרס בייבי דריי מיד,קדבורי,DE,פמפרס בייבי דריי מידה 2 46 יחידות,לא מנהל יחידת מידה,0.00,לא מנהל יחידת מידה,false,1,35.90,0.0000,true,1,143291
8001090336408,false,פמפרס בייבי דריי מיד,קדבורי,DE,פמפרס בייבי דריי מידה 3 38 יחידות,לא מנהל יחידת מידה,0.00,לא מנהל יחידת מידה,false,1,35.90,0.0000,true,1,143292
8001090336491,false,פמפרס בייבי דריי מיד,קדבורי,DE,פמפרס בייבי דריי מידה 4+ 31 יחידות,לא מנהל יחידת מידה,0.00,לא מנהל יחידת מידה,false,1,35.90,0.0000,true,1,143294
8001090336521,false,פמפרס בייבי דריי מיד,קדבורי,DE,פמפרס בייבי דריי מידה 5 30 יחידות,לא מנהל יחידת מידה,0.00,לא מנהל יחידת מידה,false,1,35.90,0.0000,true,1,143295
8001090336606,false,פמפרס בייבי דריי מיד,קדבורי,DE,פמפרס בייבי דריי מידה 6 26 יחידות,לא מנהל יחידת מידה,0.00,לא מנהל יחידת מידה,false,1,35.90,0.0000,true,1,143296
8001090375186,true,פנטן מרכך 200 לצבע מ,קדבורי,FR,"פנטן מרכך הקסם 200 מ""ל לצבע מלא חיים",Unknown,0.00,Unknown,false,1,21.90,0.0000,true,1,134808
8001090705600,false,טמפקס קומפאק רגולר 1,פרוקטל אנד גמבל,HU,טמפקס קומפאק רגולר 18 יח,יחידה,18.00,יחידה,false,1,25.90,1.4389,true,1,156708
8001090705662,false,טמפקס קומפאק סופר 18,פרוקטל אנד גמבל,HU,טמפקס קומפאק סופר 18 יח,יחידה,18.00,יחידה,false,1,25.90,1.4389,true,1,156709
8001090705723,false,טמפקס קומפאק סופר פל,פרוקטל אנד גמבל,HU,טמפקס קומפאק סופר פלוס 18 יח,יחידה,18.00,יחידה,false,1,25.90,1.4389,true,1,156710
8001090721099,false,אריאל קפסולות לכביסה,פרוקטר אנד גמבל,FR,אריאל קפסולות 27 יח,יחידה,1.00,יחידה,false,1,39.90,39.9000,true,1,125544
8001090721129,false,אריאל קפסולות לכביסה,פרוקטר אנד גמבל,FR,אריאל קפסולות לכביסה צבעונית,יחידה,1.00,יחידה,false,1,39.90,39.9000,true,1,123544
8001090810083,false,פנטן קונדישנר נוסחה,פרוקטר אנד גמבל,,"פנטן קונדישנר נוסחה קלאסית 500 מ""ל",מיליליטרים,500.00,"100 מ""ל",false,1,18.90,3.7800,true,1,122162
8001090810120,false,פנטן קונדישנר מרוקאי,פרוקטר אנד גמבל,,"פנטן קונדישנר מרוקאי משקם 500 מ""ל",מיליליטרים,500.00,"100 מ""ל",false,1,18.90,3.7800,true,1,122168
8001090810205,false,פנטן שמפו נוסחה קלאס,פרוקטר אנד גמבל,,"פנטן שמפו נוסחה קלאסית 500 מ""ל",מיליליטרים,500.00,"100 מ""ל",false,1,18.90,3.7800,true,1,122161
8001090810281,false,פנטן שמפו שמן מרוקאי,פרוקטר אנד גמבל,,"פנטן שמפו שמן מרוקאי משקם 500 מ""ל",מיליליטרים,500.00,"100 מ""ל",false,1,18.90,3.7800,true,1,122167
8001090810403,false,פנטן שמפו למגע רך כמ,פרוקטר אנד גמבל,,"פנטן שמפו למגע רך כמשי 500 מ""ל",מיליליטרים,500.00,"100 מ""ל",false,1,18.90,3.7800,true,1,122159
8001090833167,false,אריאל גל כביסה ניחוח,פרוקטור אנד גמבל,FR,אריאל גל כביסה ניחוח הרים 2.365 ליטר,ליטרים,2.37,ליטר,false,1,36.90,15.5696,true,1,123203
8001090988362,false,פנטן שמפו לחות מוגבר,מנדלז סי.אר. פרודקשן,RO,"פנטן שמפו לחות מוגברת 500 מ""ל",מיליליטרים,500.00,"100 מ""ל",false,1,18.90,3.7800,true,1,122157
8001090988768,false,פנטן שמפו הזנת קרטין,פרוקטר אנד גמבל,,"פנטן שמפו הזנת קרטין 500 מ""ל",מיליליטרים,500.00,"100 מ""ל",false,1,18.90,3.7800,true,1,122169
8001090988843,false,פנטן קונדישנר לחות מ,פרוקטר אנד גמבל,,"פנטן קונדישנר לחות מוגברת 500 מ""ל",מיליליטרים,500.00,"100 מ""ל",false,1,18.90,3.7800,true,1,122158
8001090988881,false,פנטן קונדישנר למגע ר,פרוקטר אנד גמבל,,"פנטן קונדישנר למגע רך כמשי 500 מ""ל",מיליליטרים,500.00,"100 מ""ל",false,1,18.90,3.7800,true,1,122160
8001090989000,false,פנטן מרכך הזנת קרטין,פרוקטר אנד גמבל,,"פנטן מרכך הזנת קרטין 500 מ""ל",מיליליטרים,500.00,"100 מ""ל",false,1,18.90,3.7800,true,1,122170
8001160001786,false,משקה גטורייד ספורט כ,פארייפאבה אגרואינדוס,IT,"משקה גטורייד ספורט כחול 500 מ""ל",מיליליטרים,500.00,"100 מ""ל",false,1,10.90,2.1800,true,1,87735
8001160001892,false,משקה גטורייד ספורט ת,פארייפאבה אגרואינדוס,IT,גטורייד ספורט תפוז אדום בקבוק 500 תריסר,מיליליטרים,500.00,"100 מ""ל",false,1,10.90,2.1800,true,1,88977
8001505000160,true,מעדן דובדבנים אורגני,אף.סי תבליני בגליל ב,IT,פיור די פרוטה מעדן דובדבנים 250 גרם,גרמים,250.00,100 גרם,false,1,20.90,8.3600,true,1,126173
8001505000177,true,מעדן משמש אורגני ללא,אף.סי תבליני בגליל ב,IT,אורגניכ פארמינג מעדן משמש 250 גרם,גרמים,250.00,100 גרם,false,1,20.90,8.3600,true,1,126174
8001505000184,false,מעדן אוכמניות אורגני,אף.סי תבליני בגליל ב,IT,אורגניכ פארמינג מעדן אוכמניות 260 גרם,גרמים,250.00,100 גרם,false,1,20.90,8.3600,true,1,98096
8001505000306,true,מעדן פירות יער אורגנ,אף.סי תבליני בגליל ב,IT,אורגניכ פארמינג מעדן פירות יער 250 גרם,גרמים,250.00,100 גרם,false,1,20.90,8.3600,true,1,126175
8001505000313,false,ממרח אגוזי לוז אורגנ,ריג'וני דה אסינו,IT,ממרח אגוזי לוז אורגני 270 גרם ניקולטה,גרמים,270.00,100 גרם,false,1,22.90,8.4815,true,1,98098
8001505000320,false,מעדן תותים ותותי בר,אף.סי תבליני בגליל ב,IT,מעדן תותים ותותי בר אורגני ללא סוכר 250,גרמים,250.00,100 גרם,false,1,21.90,8.7600,true,1,98097
8001505000498,true,מעדן לימון אורגני,ריג'וני דה אסיאגו,IT,מעדן לימון אורגני 250 גרם,גרמים,250.00,100 גרם,false,1,21.90,8.7600,true,1,126176
8001505001105,true,ממרח אגוזי לוז אורגנ,אף.סי תבליני בגליל ב,IT,ממרח אגוזי לוז אורגני לא חלבי 270 גרם ני,גרמים,270.00,100 גרם,false,1,22.90,8.4815,true,1,119747
8001505001785,false,נוציולטה ביאנקה ממרח,אף.סי תבליני בגליל ב,IT,ממרח 30% אגוזי לוז,גרמים,270.00,100 גרם,false,1,21.90,8.1111,true,1,142298
8001620011935,false,מים סן בנדטו מוגז עד,אקווה מינרלה סאן בנד,IT,מים סן בנדטו מוגז עדין מארז שישייה,ליטרים,3.00,ליטר,false,1,15.90,5.3000,true,1,78618
8001620015636,false,סן בנדטו מיקס פירות,"איי, בי, אינבוו",IT,משקה פירות פרוטה בטעם מיקס פירות,מיליליטרים,400.00,"100 מ""ל",false,1,8.50,2.1250,true,1,149479
8001620019160,false,סן בנדטו אפרסק 400 מ,טמפו,IL,"סן בנדטו אפרסק 400 מ""ל",מיליליטרים,400.00,"100 מ""ל",false,1,8.50,2.1250,true,1,156064
8001620019177,false,סן בנדטו ענבים 400 מ,טמפו,IL,"סן בנדטו ענבים 400 מ""ל",מיליליטרים,400.00,"100 מ""ל",false,1,8.50,2.1250,true,1,156065
8001780499307,false,דובדבני אמרנה 230 גר,FABRRI,IT,דובדבני אמרנה 230 גרם FABBRI,גרמים,230.00,100 גרם,false,1,23.90,10.3913,true,1,142832
8001841062624,false,פמפרס מגבונים רביעיי,פרוקטר & גמבל,DE,פמפרס מגבונים רביעייה ללא בישום,יחידה,4.00,יחידה,false,4,17.90,4.4750,true,1,156839
8001841077949,false,פמפרס מגבונים רביעיי,פרוקטר & גמבל,DE,פמפרס מגבונים רביעייה עם בישום,יחידה,4.00,יחידה,false,4,17.90,4.4750,true,1,156838
8001841137179,false,הד אנד שולדרס מרכך ק,קדבורי,RO,"הד אנד שולדרס מרכך קלאסי 275  מ""ל",מיליליטרים,275.00,"100 מ""ל",false,1,16.90,6.1455,true,1,144130
8001841237657,false,מגן תחתון אולוויז פר,פרוקטר & גמבל,DE,מגן תחתון אולוויז פרש נורמל 72 יח,יחידה,72.00,יחידה,false,1,18.90,0.2625,true,1,155461
8001841669465,false,אריאל קפסולות 24 יח,קדבורי,FR,אריאל קפסולות 24 יח בניחוח לנור,יחידה,1.00,יחידה,false,1,39.90,39.9000,true,1,150177
8001841722481,false,מגן תחתון אולוויז פר,פרוקטר & גמבל,DE,מגן תחתון אולוויז פרש נורמל 54 יח,יחידה,54.00,יחידה,false,1,14.90,0.2759,true,1,155462
8001841958460,false,פיירי טבליות למדיח 4,פרוקטר & גמבל,BE,פיירי טבליות למדיח 48 יחידות,לא מנהל יחידת מידה,0.00,לא מנהל יחידת מידה,false,1,44.90,0.0000,true,1,150671
8001841960081,false,פיירי טבליות למדיח פ,פרוקטר & גמבל,BE,פיירי טבליות למדיח פלטינום 37 יחידות,לא מנהל יחידת מידה,0.00,לא מנהל יחידת מידה,false,1,44.90,0.0000,true,1,150672
8002205319835,false,ONE חתול בוגר סלמון,פורינה,US,ONE חתול בוגר סלמון 800,גרמים,800.00,100 גרם,false,1,34.90,4.3625,true,1,142305
8002230000012,false,ליקר אפרול בקבוק 1 ל,קמפרי,,ליקר אפרול בקבוק 1 ליטר,ליטרים,1.00,ליטר,false,1,114.90,114.9000,true,1,113246
8002270846472,false,סן פלגרינו פלאסטיק ב,"איי, בי, אינבוו",IT,"סן פלגרינו מוגז פלסטיק 500 מ""ל 24 יחידות",מיליליטרים,500.00,"100 מ""ל",false,1,6.20,1.2400,true,1,90379
8002450206508,false,יין קאזה די לואיגי ק,יקב,,"יין קאזה די לואיגי ק.סוביניון 750 מ""ל",מיליליטרים,750.00,"100 מ""ל",false,1,31.90,4.2533,true,1,9557
8002450206522,false,יין קאזה די לואיגי מ,יקב,,"יין קאזה די לואיגי מרלו 750 מ""ל",מיליליטרים,750.00,"100 מ""ל",false,1,31.90,4.2533,true,1,9559
8002450409206,false,ורדי אפרסק כשר לפסח,"איי, בי, אינבוו",IT,"ורדי אפרסק כשר לפסח 750 מ""ל",מיליליטרים,750.00,"100 מ""ל",false,1,29.90,3.9867,true,1,144227
8002450609200,false,ורדי רימונים כשר לפס,"איי, בי, אינבוו",IT,"ורדי רימונים כשר לפסח 750 מ""ל",מיליליטרים,750.00,"100 מ""ל",false,1,29.90,3.9867,true,1,144226
8002920016903,false,LADORIA עגבניות מרוס,,IT,LADORIA עגבניות מרוסקות  שלישיה 400גרם,גרמים,400.00,100 גרם,false,3,15.90,3.9750,true,1,154070
8003207997878,false,יין גובאני קיאנטי קש,יקב,IT,יין גובאני קיאנטי קש 750מל,מיליליטרים,750.00,"100 מ""ל",false,1,79.90,10.6533,true,1,149425
8003340091280,false,בונבוניירה לינדור 60,לינדוט ושופרונגלי אי,IT,לינדט לינדור כדורי שוקולד מריר 200 ג',גרמים,200.00,100 גרם,false,1,34.90,17.4500,true,1,60637
8003385310667,false,אנטונלה עגבניות פסאט,אנטונלה,IT,אנטונלה עגבניות פסאטה 680 גרם,גרמים,680.00,100 גרם,false,1,12.90,1.8971,true,1,152793
8003753158648,false,קפסולות אספרסו אינטנ,ג'ייקובס דאו אגרבטס,FR,קפסולות קפה אינטנסו,גרמים,57.00,100 גרם,false,1,19.90,34.9123,true,1,144206
8004030022010,false,טונה אינסלטיסימי ירק,"בולטון אלימנטרי בע""מ",IT,ריו מר ירקות גינה עם טונה 160 גרם,גרמים,160.00,100 גרם,false,1,18.50,11.5625,true,1,110555
8004030026018,false,טונה אינסלטיסימי מקס,"בולטון אלימנטרי בע""מ",IT,ריו מרה ירקות בנוסח מקסיקני עם טונה 160 גרם,גרמים,160.00,100 גרם,false,1,18.50,11.5625,true,1,110554
8004030044005,false,טונה בשמן זית ריו מר,"איטיליאן פוד, אס.פי.",IT,ריו מרה טונה בשמן זית 160 ג,גרמים,160.00,100 גרם,false,1,18.50,11.5625,true,1,9652
8004030081024,false,טונה בשמן זית שום ופ,"איטיליאן פוד, אס.פי.",IT,ריו מר נתחי טונה בהירה בשמן זית ופלפל 160 גרם,גרמים,160.00,100 גרם,false,1,18.50,11.5625,true,1,9654
8004030102033,false,ריו מרה טונה בשמן עם,בולטון אלימנטרי,IT,ריו מרה טונה בשמן עם לימון ופלפל 80*3 ג,גרמים,240.00,100 גרם,false,3,27.90,11.6250,true,1,124293
8004030180000,false,טונה בשמן זית ריו מר,בולטון אלימנטרי,IT,טונה בשמן זית ריו מרה שלישיה 240גרם,גרמים,240.00,100 גרם,false,3,27.90,11.6250,true,1,156389
8004030344938,false,טונה בשמן ריו מרה מא,"איטיליאן פוד, אס.פי.",IT,ריו מרה נתחי טונה בהירה בשמן זית 240 גרם,גרמים,240.00,100 גרם,false,1,27.90,11.6250,true,1,113591
8004030845046,false,טונה ריו מרה ירקות ו,בולטון אלימנטרי,IT,טונה ריו מרה ירקות ו אינסלטיסימי 160 גרם,גרמים,160.00,100 גרם,false,1,18.50,11.5625,true,1,125772
8004123004893,true,Basso-שמן מתובל בטעם,באסו,IT,Basso-שמן מתובל בטעם פטריות כמהין 250 מל,מיליליטרים,250.00,"100 מ""ל",false,1,29.90,11.9600,true,1,122678
8004160660304,false,ליקר פרנגליקו,יבואן ומשווק: ש. שסט,IT,פרנג'ליקו ליקר אגוזים 700 מל,מיליליטרים,700.00,"100 מ""ל",false,1,114.90,16.4143,true,1,56385
8004690050507,false,פסטה איטלקית פטוציני,למוליזנה,IT,פסטה איטלקית פטוציני 500 גרם LM,גרמים,500.00,100 גרם,false,1,8.90,1.7800,true,1,141658
8004690050620,false,למוליזנה לינגווין,למוליזנה,IT,פסטה איטלקית לינגוויני 500 גרם LM,גרמים,500.00,100 גרם,false,1,8.90,1.7800,true,1,99847
8004690051573,false,ספגטי למוליזנה,למוליזנה,IT,ספגטי למוליזנה 500 גרם,גרמים,500.00,100 גרם,false,1,8.90,1.7800,true,1,99848
8004690052044,false,פסטה פנה למוליזנה,למוליזנה,IT,פסטה איטלקית פנה זיטי ריגטה 500 גרם LM,גרמים,500.00,100 גרם,false,1,8.90,1.7800,true,1,99849
8004690052846,false,פסטה פוסילי למוליזנה,למוליזנה,IT,פסטה איטלקית פוזילי 500 גרם LM,גרמים,500.00,100 גרם,false,1,8.90,1.7800,true,1,99850
8004690053195,false,למוליזנה ריגאטוני,למוליזנה,IT,פסטה איטלקית ריגטוני 500 גרם LM,גרמים,500.00,100 גרם,false,1,8.90,1.7800,true,1,99851
8004690106600,false,למוליזנה פארפאליה,למוליזנה,IT,פסטה איטלקית פרפאלה 500 גרם LM,גרמים,500.00,100 גרם,false,1,8.90,1.7800,true,1,100551
8004690470022,false,פסטה ספגטי  ללג LM ג,למוליזנה,IT,פסטה ספגטי  ללג LM גרם401,גרמים,400.00,100 גרם,false,1,12.90,3.2250,true,1,147148
8004690470039,false,פסטה פנה  ללג LM גרם,למוליזנה,IT,פסטה פנה  ללג LM גרם400,גרמים,400.00,100 גרם,false,1,12.90,3.2250,true,1,147147
8004708018987,false,מלח ורוד הימלאיה מטח,יושלם,,מלח ורוד הימלאיה מטחנה 90 גרם,Unknown,0.00,Unknown,false,1,11.90,0.0000,true,1,69632
8004708036516,false,אורגנו ים תיכוני מטח,יושלם,,אורגנו ים תיכוני מטחנה 35 גר,Unknown,0.00,Unknown,false,1,15.00,0.0000,true,1,93501
8004800005502,false,לאגו מיני רול גלילי,לאגו,IT,לאגו מיני רול גלילי ופל במילוי קרם קקאו,גרמים,125.00,100 גרם,false,1,11.90,9.5200,true,1,156296
8004800005519,false,לאגו מיני רול גלילי,לאגו,IT,לאגו מיני רול גלילי ופל במילוי קרם אגוזי,גרמים,125.00,100 גרם,false,1,11.90,9.5200,true,1,156297
8004800005526,false,לאגו מיני רול גלילי,לאגו,IT,לאגו מיני רול גלילי ופל במילוי קרם קוקוס,גרמים,125.00,100 גרם,false,1,11.90,9.5200,true,1,156298
8005110001413,false,רסק עגבניות  זוג280,מוטי אס.פי.איי,IT,MUTTI רסק עגבניות מארז זוג 140X2 גרם,גרמים,280.00,100 גרם,false,1,8.90,3.1786,true,1,142831
8005110002243,false,רכז עגבניות בשפורפרת,Mutti,IT,רכז עגבניות בשפורפרת  Doppio MUTTI   185,גרמים,185.00,100 גרם,false,1,7.50,4.0541,true,1,146807
8005110170300,false,שלישיית עגבניות מרוס,Mutti,IT,שלישיית עגבניות מרוסקות 400 גר MUTTI,גרמים,400.00,100 גרם,false,1,17.90,4.4750,true,1,113220
8005110171215,false,עגבניות חתוכות MUTTI,"איי, בי, אינבוו",IT,קוביות עגבניות מקולפות במיץ,גרמים,690.00,100 גרם,false,1,14.90,2.1594,true,1,124597
8005110191015,false,רסק עגבניות ובזיליקו,"איי, בי, אינבוו",IT,מחית עגבניות קלה עם בזיליקום בתוספת מלח,גרמים,700.00,100 גרם,false,1,14.90,2.1286,true,1,121678
8005110200014,false,רכז עגבניות 210 גרםm,"איי, בי, אינבוו",IT,רסק עגבניות בתוספת מלח 22Bx ללא תוספת סוכר,גרמים,210.00,100 גרם,false,1,7.90,3.7619,true,1,112965
8005110550508,true,שימורי עגבניות שרי,,,שימורי עגבניות שרי,Unknown,0.00,Unknown,false,1,9.90,0.0000,true,1,124598
8005110551253,false,רוטב לפיצה MUTTI 400,Mutti,IT,רוטב לפיצה 400 גרם MUTTI,גרמים,400.00,100 גרם,false,1,8.90,2.2250,true,1,145359
8005200256587,false,נסטי אפרסק 1.5 ליטר,פארייפאבה אגרואינדוס,IT,נסטי אפרסק 1.5 ליטר,ליטרים,1.50,ליטר,false,1,11.50,7.6667,true,1,153021
8005200286584,false,נסטי מנגו אננס 1.5 ל,פארייפאבה אגרואינדוס,IT,נסטי מנגו אננס 1.5 ליטר,ליטרים,1.50,ליטר,false,1,11.50,7.6667,true,1,153022
8005200316588,false,נסטי דיאט אפרסק 1.5,פארייפאבה אגרואינדוס,IT,נסטי דיאט אפרסק 1.5 ליטר,ליטרים,1.50,ליטר,false,1,11.50,7.6667,true,1,153023
8005469981602,false,פילה אנשובי איטלקי ש,,,פילה אנשובי איטלקי שמן חמניות 75 גרם,גרמים,75.00,100 גרם,false,1,15.90,21.2000,true,1,110340
8006050090239,false,חומץ בלסמי ממודנה מא,יבואן ומשווק: ש. שסט,IT,מאצטי אורגינל חומץ בלסמי ממודנה 500 מל,מיליליטרים,500.00,"100 מ""ל",false,1,27.90,5.5800,true,1,119837
8006227001372,false,סמנצאטו לחם מחמצת לב,רו. מאר ס.ר.ל,IT,סמנצאטו לחם מחמצת לבן משמן זית 400 גרם ל,גרמים,250.00,100 גרם,false,1,18.90,7.5600,true,1,152348
8006227001389,false,סמנצאטו לחם מחמצת קמ,רו. מאר ס.ר.ל,IT,סמנצאטו לחם מחמצת קמח לבן משמן זית 400 ג,גרמים,250.00,100 גרם,false,1,18.90,7.5600,true,1,152349
8006540019672,false,נוזל כלים פיירי פלטי,פרוקטר & גמבל,GB,נוזל כלים פיירי פלטינום 700 מל,מיליליטרים,700.00,"100 מ""ל",false,1,11.90,1.7000,true,1,156247
8006540112823,false,לנור מרכך מרוכז אוקי,פרוקטר & גמבל,FR,לנור מרכך מרוכז אוקיינוס 900מל,מיליליטרים,900.00,"100 מ""ל",false,1,16.90,1.8778,true,1,150178
8006540221068,false,מגן תחתון אולוויז לו,פרוקטר,DE,מגן תחתון אולוויז וליופק לונג פלוס 40 יחידות,יחידה,40.00,יחידה,false,1,19.90,0.4975,true,1,156332
8006540221341,false,מגן תחתון אולוויז לא,,DE,מגן תחתון אולוויז לארג 48 יח,יחידה,1.00,יחידה,false,1,19.90,19.9000,true,1,153983
8006540425930,false,אריאל קפסולות לכביסה,פרוקטר & גמבל,FR,אריאל קפסולות לכביסה לכמים קשים 24 יחיד,לא מנהל יחידת מידה,0.00,לא מנהל יחידת מידה,false,1,39.90,0.0000,true,1,153024
8006540592434,true,תחבושות אולוויז נורמ,פרוקטר,DE,תחבושות אולוויז נורמל פלוס 28 יח,יחידה,28.00,יחידה,false,1,18.90,0.6750,true,1,154780
8007178120310,false,"חומץ בלסמי ג""קובזי 5",פארייפאבה אגרואינדוס,IT,"חומץ בלסמי ממודנה 500 מ""ל",מיליליטרים,500.00,"100 מ""ל",false,1,21.90,4.3800,true,1,9708
8007178223547,false,קרם בלסמי מצומצם 250,פארייפאבה אגרואינדוס,IT,קרם בלסמי מצומצם  ממודנה 250 מל,מיליליטרים,250.00,"100 מ""ל",false,1,24.90,9.9600,true,1,106501
8007520024426,false,מור  יוניקו  מונופרו,,,מור  יוניקו  מונופרוטאין עגל לכלב 150 גר,גרמים,150.00,100 גרם,false,1,5.90,3.9333,true,1,156568
8008245004847,false,ממרח אגוזי לוז וקקאו,נאטקו,IT,מובנפיק ממרח שוקולד ואגוזי לוז 300 גרם,גרמים,300.00,100 גרם,false,1,15.90,5.3000,true,1,149245
8008245004861,false,ממרח אגוזי לוז עם חל,יבואן ומשווק: ש. שסט,IT,מובנפיק ממרח חלב עם אגוזי לוז 300 גרם,גרמים,300.00,100 גרם,false,1,15.90,5.3000,true,1,149246
8008440222008,false,בירה פרוני בירה בקבו,מבשל שיכר פרוני,IT,"בירה פרוני בקבוק 330 מ""ל",מיליליטרים,330.00,"100 מ""ל",false,1,11.90,3.6061,true,1,58113
8008660210014,false,מאנז גאסר מעדן ריבה,קריניציה ויטמינה אס,IT,מעדן משמש מנז אנד גאסר,גרמים,300.00,100 גרם,false,1,15.90,5.3000,true,1,111741
8008660210021,false,מאנז גאסר מעדן ריבה,שוורצקוף& הנקל דיסלד,IT,מנז אנד גאסר מעדן דובדבן 320 גרם,גרמים,300.00,100 גרם,false,1,15.90,5.3000,true,1,111742
8008660210038,false,מאנס גאסר מעדן ריבה,קריניציה ויטמינה אס,IT,מאנס גאסר מעדן ריבה תות שדה 300 גרם,גרמים,300.00,100 גרם,false,1,15.90,5.3000,true,1,111739
8008660210045,false,מאנז גאסר מעדן ריבה,שוורצקוף& הנקל דיסלד,IT,"מנז אנד גאסר, מעדן פירות יער 300 גרם",גרמים,300.00,100 גרם,false,1,15.90,5.3000,true,1,111740
8008698003503,false,קרקר אפוי ללא גלוטן,"דר שר ס.ר.ל פוסטל, א",IT,"ליב, קרקר ללא גלוטן",גרמים,210.00,100 גרם,false,1,25.90,12.3333,true,1,115272
8008698024140,false,פאן מולטי גראנו 250,schar,IT,פאן מולטי גראנו 250 גרם שר,גרמים,250.00,100 גרם,false,1,18.90,7.5600,true,1,123774
8008920114069,false,יין וילה גובאני,,,"יין וילה גובאני מוסקטו 750 מ""ל",מיליליטרים,750.00,"100 מ""ל",false,1,39.90,5.3200,true,1,78157
8008920150104,false,למברוסקו אמראדורי אד,דונלי גאטטיקו,,"למברוסקו אמראדורי אדום חצי יבש 750 מ""ל",מיליליטרים,750.00,"100 מ""ל",false,1,26.90,3.5867,true,1,68166
8009470016063,false,סימבה עוף לחתול 2 קג,מונג,IT,סימבה עוף לחתול 2 קג,קילוגרמים,2.00,"ק""ג",false,1,34.90,17.4500,true,1,155983
8010024006010,false,חמאת שקדים 100% השקד,תות תעשיות מזון (201,IT,חמאת שקדים,גרמים,350.00,100 גרם,false,1,39.90,11.4000,true,1,115392
8017938005122,false,חומץ תפוחים אורגני,מריה לוצ'יה מלצ'יורי,IT,חומץ תפוחים אורגני 750 מל,מיליליטרים,750.00,"100 מ""ל",false,1,19.90,2.6533,true,1,98105
8017938005764,false,מיץ תפוחים אורגני נט,יבואן ומשווק: ש. שסט,IT,מיץ תפוחים אורגני נטרופוד 1 ליטר,ליטרים,1.00,ליטר,false,1,22.20,22.2000,true,1,110193
8023492000237,false,סטיק נוגט טורונה עם,Dg3 dolciaria,IT,סטיק נוגט טורונה עם שקדים ופיסטוקים 150 ג DG3,גרמים,150.00,100 גרם,false,1,15.90,10.6000,true,1,155169
8023492000671,false,סטיק שוקולד מריר עם,Dg3 dolciaria,IT,סטיק שוקולד מריר עם אגוזים וקוביות תפוז 150 ג DG3,גרמים,150.00,100 גרם,false,1,15.90,10.6000,true,1,155172
8023492004495,false,טב שוק חלב עם אגוזי,Dg3 dolciaria,IT,טב שוק חלב עם אגוזי לוז 225 ג DG3,גרמים,225.00,100 גרם,false,1,13.90,6.1778,true,1,155164
8023492004501,false,טב שוק מריר עם אגוזי,Dg3 dolciaria,IT,טב שוק מריר עם אגוזי לוז 225 ג DG3,גרמים,225.00,100 גרם,false,1,13.90,6.1778,true,1,155165
8023492004518,false,טב שוק מריר עם שקדים,Dg3 dolciaria,IT,טב שוק מריר עם שקדים  225 ג DG3,גרמים,225.00,100 גרם,false,1,13.90,6.1778,true,1,155167
8023492004525,false,טב שוק מריר עם חמוצי,Dg3 dolciaria,IT,טב שוק מריר עם חמוציות 225 ג DG3,גרמים,225.00,100 גרם,false,1,13.90,6.1778,true,1,155166
8024985002783,true,מחית סמוזי גזר דלעת,נטורה נובה,IT,מחית סמוזי גזר דלעת 100 גרם,גרמים,100.00,100 גרם,false,1,5.90,5.9000,true,1,119838
8024985002950,false,נטורה נובה סמוזי שזי,כפרי בריא,IT,סמוצ'י תפוח בננה תרד אורגניים,גרמים,100.00,100 גרם,false,1,5.90,5.9000,true,1,126202
8024985005234,false,מחית סמוזי תפוח אפרס,נטורה נובה,IT,סמוצ'י תפוח אפרסק מנגו אורגניים 100 גרם,גרמים,100.00,100 גרם,false,1,5.90,5.9000,true,1,115516
8024985008044,false,מחית סמוזי אגס נטורה,כפרי בריא,IT,סמוצ'י אגסים אורגניים 100 גרם,גרמים,100.00,100 גרם,false,1,6.20,6.2000,true,1,102617
8024985008051,false,מחית סמוזי פירות אדו,נטורה נובה,IT,סמוצ'י פירות אדומים אורגניים 100 גרם,גרמים,100.00,100 גרם,false,1,6.20,6.2000,true,1,102616
8024985011204,false,נטורה נובה  סמוזי תפ,B&D,IL,נטורה נובה - סמוזי תפוח תות בננה 100 גרם,גרמים,350.00,100 גרם,false,1,5.90,1.6857,true,1,153991
8032573170035,false,יין לבן מתוק מוסקטו,יקב היוצר,,"יין לבן מתוק מוסקטו היוצר 750 מ""ל",מיליליטרים,750.00,"100 מ""ל",false,1,35.90,4.7867,true,1,91749
8032804430914,false,פליסיה - פנה שיבולת,אף.סי תבליני בגליל ב,IT,פליסיה - פנה שיבולת שועל ללא גלוטן  340ג,גרמים,340.00,100 גרם,false,1,17.90,5.2647,true,1,142328
8032880800243,false,פיקניק הפתעה 50 גרם,"אינסטנטה בע""מ",IT,פיקניק הפתעה - אגוזי לוז ומקלות אפויים,גרמים,50.00,100 גרם,false,1,10.50,21.0000,true,1,45925
8033020445973,false,"קמח\ Antigrumi  1 ק""",PIVETTI,IT,"קמח\ Antigrumi  1 ק""ג PIVETTI",קילוגרמים,1.00,"ק""ג",false,1,7.90,7.9000,true,1,142833
8033020445980,false,קמח לפסטה 1 pasta fr,PIVETTI,IT,"קמח לפסטה 1 pasta fresca ק""ג 00 PIVETTI",קילוגרמים,1.00,"ק""ג",false,1,12.90,12.9000,true,1,142836
8033020445997,false,קמח איטלקי ללחמים 1,PIVETTI,IT,"קמח איטלקי ללחמים 1 ק""ג 0 PIVETTI",קילוגרמים,1.00,"ק""ג",false,1,11.50,11.5000,true,1,142835
8033020446000,false,קמח איטלקי לפיצה ופו,PIVETTI,IT,"קמח איטלקי לפיצה ופוקצה 1 ק""ג 00 PIVETTI",קילוגרמים,1.00,"ק""ג",false,1,10.90,10.9000,true,1,142834
8033275522368,false,"יין קיאנטי 750 מ""ל",דולפין ספא,IT,קיאנטי,מיליליטרים,750.00,"100 מ""ל",false,1,49.90,6.6533,true,1,142848
8076800195019,false,ספגטי             1,ברילה גי.אי.אר פרטלי,IT,ברילה קפליני ספגטי מס' 1 500 גרם,גרמים,500.00,100 גרם,false,1,6.90,1.3800,true,1,21996
8076800195033,false,ספגטי ברילה מס 3  50,ברילה גי.אי.אר פרטלי,IT,ברילה ספגטי מספר 3 500 גרם,גרמים,500.00,100 גרם,false,1,6.90,1.3800,true,1,9874
8076800195057,false,פסטה ברילה ספגטיני מ,"איטיליאן פוד, אס.פי.",IT,ברילה ספגטי מס' 5 500 גרם,גרמים,500.00,100 גרם,false,1,6.90,1.3800,true,1,9875
8076802085738,false,פסטה ברילה פנה רגטה,"איטיליאן פוד, אס.פי.",IT,ברילה פנה רגטה מס 73 500 גרם,גרמים,500.00,100 גרם,false,1,6.90,1.3800,true,1,9881
8076802085837,false,פסטה ברילה טורטיליונ,"ש. שסטוביץ בע""מ",IT,פסטה ברילה טורטיליוני מס 83 500 גרם,גרמים,500.00,100 גרם,false,1,6.90,1.3800,true,1,9882
8076802085936,false,פסטה ברילה קונציליה,ברילה גי.אי.אר פרטלי,IT,ברילה פסטה פתיתים - קונצילה ריגטה 500 גרם,גרמים,500.00,100 גרם,false,1,6.90,1.3800,true,1,9884
8076802085981,false,פסטה ברילה פוזילי מס,"איטיליאן פוד, אס.פי.",IT,ברילה פסטה פתיתים פוזילי 500 גרם,גרמים,500.00,100 גרם,false,1,6.90,1.3800,true,1,9885
8076808050440,true,ברילה מקרוני 44,גי. אי. אר. פרטלי ס.,IT,פסטה מקרוני 500 גרם,Unknown,0.00,Unknown,false,1,6.90,0.0000,true,1,136971
8076808060654,false,פסטה ברילה פרפלה מס,"איטיליאן פוד, אס.פי.",IL,ברילה פסטה פתיתים פרפלה 500 גרם,גרמים,500.00,100 גרם,false,1,6.90,1.3800,true,1,9888
8076808070882,false,פסטה ברילה קנלוני מס,פאסטיפיקו ריגו אס.אר,IT,פסטה ברילה קנלוני מס 88 250 גרם,גרמים,250.00,100 גרם,false,1,14.90,5.9600,true,1,9889
8076808150072,false,ספגטי ברילה מס 7 500,"איטיליאן פוד, אס.פי.",IT,ברילה ספגטי מספר 7 500 גרם,גרמים,500.00,100 גרם,false,1,6.90,1.3800,true,1,9890
8076809512268,false,פסטה ברילה גירנדולה,"איטיליאן פוד, אס.פי.",IT,ברילה פסטה פתיתים- גירנדולה 500 גרם,גרמים,500.00,100 גרם,false,1,6.90,1.3800,true,1,9893
8076809513395,false,רוטב פסטה ברילה פומו,BARILLA G.E.R.,IT,ברילה רוטב עגבניות קלאסי 400 גרם,גרמים,400.00,100 גרם,false,1,13.90,3.4750,true,1,9895
8076809513654,false,בסיס רוטב ברילה עגבנ,ברילה גי.אי.אר פרטלי,IT,ברילה רוטב בסיס לפסטה בולונז 400 גרם,גרמים,400.00,100 גרם,false,1,13.90,3.4750,true,1,21997
8076809513692,false,רוטב פסטה ברילה נפול,ברילה גי.אי.אר פרטלי,IT,ברילה רוטב עגבניות עם ירקות שורש לפסטה 400 גרם,גרמים,400.00,100 גרם,false,1,13.90,3.4750,true,1,9896
8076809513739,false,רוטב פסטה ברילה בזיל,ברילה גי.אי.אר פרטלי,IT,ברילה רוטב עגבניות עם בזיליקום לפסטה 400 גרם,גרמים,400.00,100 גרם,false,1,13.90,3.4750,true,1,35110
8076809514774,false,פסטה ברילה פרפנדלה,ברילה גי.אי.אר פרטלי,IT,"פסטה ברילה פרפנדלה 250 גר              """,גרמים,250.00,100 גרם,false,1,17.90,7.1600,true,1,9898
8076809523561,false,רוטב פסטה ברילה בטעם,"איטיליאן פוד, אס.פי.",IT,ברילה רוטב טוסקנה לפסטה 400 גרם,גרמים,400.00,100 גרם,false,1,13.90,3.4750,true,1,57490
8076809523714,false,פסטה ברילה טליאטלה 5,"ש. שסטוביץ בע""מ",IT,פסטה ברילה טליאטלה 500 גרם,גרמים,500.00,100 גרם,false,1,24.90,4.9800,true,1,22293
8076809523738,false,לזניה ברילה,ברילה גי.אי.אר פרטלי,IT,לזניה ברילה 500 גרם,גרמים,500.00,100 גרם,false,1,23.90,4.7800,true,1,14482
8076809529419,false,ספגטי ברילה חיטה מלא,ברילה גי. אי. אר פרט,IT,ספגטי מחיטה מלאה 500 גרם,גרמים,500.00,100 גרם,false,1,13.90,2.7800,true,1,36532
8076809529433,false,פסטה ברילה פנה רגטה,"ש. שסטוביץ בע""מ",IT,פסטה ברילה פנה רגטה מחיטה מלאה 500 גרם,גרמים,500.00,100 גרם,false,1,13.90,2.7800,true,1,36533
8076809547956,false,פסטה ברילה קיפרי 500,ברילה סורג,IT,פסטה ברילה קיפרי 500 גרם,גרמים,500.00,100 גרם,false,1,6.90,1.3800,true,1,144480
8076809576352,false,ברילה לזניה ללא גלוט,ברילה גי.אי.אר פרטלי,IT,ברילה לזניה ללא גלוטן 250 גרם,גרמים,250.00,100 גרם,false,1,22.90,9.1600,true,1,149515
8410076601865,false,מארז חטיפי נייטצר וא,סאן אדריאן,ES,מארז חטיפי נייטצר ואלי דבש 420גרם  20,גרמים,420.00,100 גרם,false,20,24.90,5.9286,true,1,155298
8410076601872,false,מארז חטיפי נייטצר וא,סאן אדריאן,ES,מארז חטיפי נייטצר ואלי שוקולד 420 גרם,גרמים,420.00,100 גרם,false,20,24.90,5.9286,true,1,155299
8410076610386,false,מאגדת חטיף פרוטאין ב,סריילטו ספיין פודס,ES,נייטשר ואלי פרוטאין בוטנים בטעם קרמל מלוח,גרמים,120.00,100 גרם,false,1,17.90,14.9167,true,1,113200
8410076801067,false,חטיף נייטצר ואלי דבש,סאן אדריאן,ES,חטיף נייטצר ואלי דבש 21 גרם,גרמים,21.00,100 גרם,false,1,2.90,13.8095,true,1,155300
8410076801074,false,חטיף נייטצר ואלי שוק,סאן אדריאן,ES,חטיף נייטצר ואלי שוקולד  21 גרם,גרמים,21.00,100 גרם,false,1,2.90,13.8095,true,1,155301
8410104039134,false,פיניש ניקוי וחידוש,רקיט בנקיזר,PL,"מנקה מדיח כלים פיניש 250 מ""ל",מיליליטרים,250.00,"100 מ""ל",false,1,14.90,5.9600,true,1,10220
8410104045111,false,פיניש מלח למדיח,מלח הארץ,IL,פיניש מלח למדיח כלים 2 קג,קילוגרמים,2.00,"ק""ג",false,1,14.90,7.4500,true,1,10222
8410109003178,false,VALORשוקולד מריר ללס,VALOR,ES,VALORשוקולד מריר ללס עם שקדים 150גרם,גרמים,150.00,100 גרם,false,1,19.90,13.2667,true,1,151818
8410109056532,false,VALOR שוקולד מריר מי,LAVDAS,ES,VALOR שוקולד מריר מילוי טרפלס ללס 100גרם,גרמים,100.00,100 גרם,false,1,13.90,13.9000,true,1,151808
8410179100043,false,BORGES שמן זית כתית,פוד טים,ES,"BORGES שמן זית כתית מעולה 750  מ""ל",מיליליטרים,750.00,"100 מ""ל",false,1,36.90,4.9200,true,1,126905
8410182420114,false,בצלצלי פנינה בחומץ 3,דליסיאס,,בצלצלי פנינה בחומץ 370 גרם,גרמים,370.00,100 גרם,false,1,11.90,3.2162,true,1,68533
8410793262936,false,בירה אסטרייה דאם דאו,"סי סי דאם, אס.אל, בר",ES,"דאורה דאם ללא גלוטן בקבוק בודד 330 מ""ל",מיליליטרים,330.00,"100 מ""ל",false,1,13.90,4.2121,true,1,85177
8410793282934,false,בירה אסטרייה דאם בקב,"סי סי דאם, אס.אל, בר",ES,"אסטרייה דאם בקבוק בודד 330 מ""ל",מיליליטרים,330.00,"100 מ""ל",false,1,11.90,3.6061,true,1,69085
8411277063049,false,קאווה גום סרה ברוט מ,ג'אום סרה,,"קאווה גום סרה ברוט מבעבע 750 מ""ל",מיליליטרים,750.00,"100 מ""ל",false,1,29.90,3.9867,true,1,75897
8411277205654,false,קאווה גום סרה זהב 75,ג'אום סרה,,"קאווה גום סרה זהב 750 מ""ל",מיליליטרים,750.00,"100 מ""ל",false,1,29.90,3.9867,true,1,122805
8411277350118,false,קאווה גום סרה חצי יב,ג'אום סרה,,"קאווה גום סרה חצי יבש 750 מ""ל",מיליליטרים,750.00,"100 מ""ל",false,1,29.90,3.9867,true,1,75898
8411320105108,false,פילה אנשובי בשמן זית,אורטיז,ES,פילה אנשובי בשמן זית צנצנת 95 גרם ORTI,גרמים,95.00,100 גרם,false,1,47.90,50.4211,true,1,141664
8411320382967,false,טונה צהובה בשמן זית,אורטיז,ES,טונה צהובה בשמן זית (צנצנת)220 גרם ORTIZ,גרמים,220.00,100 גרם,false,1,33.90,15.4091,true,1,141663
8412168002529,false,עראק מחייה 13 בטעם ל,מנדלז סי.אר. פרודקשן,ES,מחייה 13 משקה אלכוהולי בטעם לימונים 700 מל,מיליליטרים,700.00,"100 מ""ל",false,1,54.90,7.8429,true,1,112621
8412168008903,false,מחייה 13 בטעם אשכולי,מנדלז סי.אר. פרודקשן,ES,מחייה 13 משקה כוהלי בטעם אשכולית אדומה 700 מל,מיליליטרים,700.00,"100 מ""ל",false,1,54.90,7.8429,true,1,112620
8413376022965,true,גבינת עיזים רכה 110,היחוס דה סאלבאדור אס,ES,"וילי פוד גבינת עיזים רכה 29% שומן, 110 גרם",גרמים,110.00,100 גרם,false,1,18.90,17.1818,true,1,119590
8421401301206,false,פפריקה חריפה מעושנת,lachinata,ES,פפריקה מעושנת חריפה 70 גרם,גרמים,70.00,100 גרם,false,1,14.90,21.2857,true,1,146745
8423207206488,false,חטיף דגנים סלים דליס,אף.סי תבליני בגליל ב,ES,חטיף דגנים סלים דליס שוקולד חלב 120  גרם,גרמים,120.00,100 גרם,false,1,13.90,11.5833,true,1,101679
8423207206495,false,חטיף דגנים סלים דליס,אף.סי תבליני בגליל ב,ES,חטיף דגנים סלים דליס שוקולד מריר 120 גרם,גרמים,120.00,100 גרם,false,1,13.90,11.5833,true,1,101680
8423207207362,false,סלים דליס,ביסנצ'ורי אס.אל.יו,ES,סלים דליס שוקולד לבן 120  גרם,גרמים,120.00,100 גרם,false,1,13.90,11.5833,true,1,101682
8423207208703,false,סלים דליס מריר כשלפ,ביסנצ'ורי אס.אל.יו,ES,סלים דליס חטיף דגנים שוקולד מריר 120 גרם,גרמים,182.00,100 גרם,false,1,13.90,7.6374,true,1,111054
8423371002312,false,סאליסול פיצוחים בפחי,סאליסול,ES,סאליסול פיצוחים בפחית בוטנים צילי 150 ג,גרמים,150.00,100 גרם,false,1,9.90,6.6000,true,1,152683
8423371002725,false,בוטנים  קוקטייל מיקס,,ES,סאליסול משפחתי קוקטיל מיקס,גרמים,100.00,100 גרם,false,1,9.90,9.9000,true,1,145502
8423371005085,false,בוטנים מיקס פיקנטי ס,,ES,סאליסול טו גו מיקס פיקנטי,גרמים,100.00,100 גרם,false,1,9.90,9.9000,true,1,145504
8423371007089,false,בוטנים מלוחים בדבש ס,,ES,סאליסול משפחתי בוטנים עם דבש ומלח,גרמים,150.00,100 גרם,false,1,9.90,6.6000,true,1,145505
8423453905739,false,בירה ווילדר לאגר שיש,פונט סאלם וולנסיה ספ,ES,בירה ווילדר לאגר 4.5%,מיליליטרים,0.00,"100 מ""ל",false,1,33.90,0.0000,true,1,143226
8436575292205,false,נסטלה חמשושים מאגדת,שוורצקוף& הנקל דיסלד,IL,נסטלה חמשושים מאגדת חדש 6 15*12גרם,לא מנהל יחידת מידה,0.00,לא מנהל יחידת מידה,false,1,22.90,0.0000,true,1,124367
8593868006014,false,בירה בלו מון פחית 50,"איי, בי, אינבוו",CZ,"בירה בלומון 5.4% כוהל בפחית 500 מ""ל",מיליליטרים,500.00,"100 מ""ל",false,1,12.90,2.5800,true,1,148573
8595134503975,false,נייר בינוני כולל פיל,,,נייר בינוני כולל פילטר,לא מנהל יחידת מידה,0.00,לא מנהל יחידת מידה,false,1,6.00,0.0000,false,1,144194
8606018615827,false,פיינט אוראו 480גרם,נסטלה,IL,פיינט אוראו 480גרם,גרמים,480.00,100 גרם,false,1,22.90,4.7708,true,1,153738
8606018615841,false,פיינט מילקה וניל ליב,נסטלה,IL,פיינט מילקה וניל ליבת שוקולד 480גרם,גרמים,480.00,100 גרם,false,1,22.90,4.7708,true,1,153739
8606018615865,false,פיינט מילקה קרמל ליב,נסטלה,IL,פיינט מילקה קרמל ליבת שוקולד 480גרם,גרמים,480.00,100 גרם,false,1,22.90,4.7708,true,1,153740
8606109023609,false,מיץ פרוויטה תפוחי עץ,,IL,מיץ פרוויטה תפוחי עץ ודובדבנים  750 מל,מיליליטרים,750.00,"100 מ""ל",false,1,11.90,1.5867,true,1,146137
8680659333746,false,חול קט אקספרט ריחני,אם סי אל,TR,חול קט אקספרט ריחני,ליטרים,8.00,ליטר,false,1,49.90,6.2375,true,1,155941
8680659333753,false,חול קט אקספרט נטורל,אם סי אל,TR,חול קט אקספרט נטורל,ליטרים,8.00,ליטר,false,1,49.90,6.2375,true,1,155942
8680659333760,false,חול קט אקספרט פחם,אם סי אל,TR,חול קט אקספרט פחם,ליטרים,8.00,ליטר,false,1,49.90,6.2375,true,1,155943
8681692200095,false,מייפוד גורי חתול 1 ק,רקסי,TR,מייפוד גורי חתול 1 קג,קילוגרמים,1.00,"ק""ג",false,1,22.90,22.9000,true,1,155954
8682151531637,false,בונ שחורה עם מבחר שו,EGK  GIDA ITHALAT IH,TR,בונ שחורה עם מבחר שוקולדים 401 ג FOREVA,גרמים,401.00,100 גרם,false,1,69.90,17.4314,true,1,155200
8683130008355,false,מיונז הלמנס שום לחיץ,יוניליוור ישראל שיוו,TR,הלמנס מיונז עם שום 400 גרם,גרמים,400.00,100 גרם,false,1,15.90,3.9750,true,1,152467
8683130012666,false,מגנום דאבל לבן עוגיו,שטראוס גרופ גלידות,IL,מגנום דאבל לבן עוגיות 74 גרם,גרמים,74.00,100 גרם,false,1,11.90,16.0811,true,1,154072
8683323063024,false,יוגטה תותי פרוטי שטי,מוטקה החולב,TR,יוגוטה ממתק בטעם תותי פרוטי בצורת שטיח 220 גרם,גרמים,220.00,100 גרם,false,1,8.90,4.0455,true,1,121660
8690504081913,false,עוגיות טינס מצופה שו,שוורצקוף& הנקל דיסלד,TR,עוגיות טינס מצופה שוקולד חלב 150 גרם,גרמים,150.00,100 גרם,false,1,10.90,7.2667,true,1,119173
8690504081920,false,טינס מצופה שוקולד מר,שוורצקוף& הנקל דיסלד,TR,טינס מצופה שוקולד מריר 150 גרם,גרמים,150.00,100 גרם,false,1,10.90,7.2667,true,1,119172
8690504081937,false,טינס חלב וקפוצינו,שוורצקוף& הנקל דיסלד,TR,טינס חלב וקפוצינו,גרמים,150.00,100 גרם,false,1,10.90,7.2667,true,1,119174
8690504153740,false,שוקולד מריר במילוי ק,שוורצקוף& הנקל דיסלד,TR,שוקולד מריר במילוי קרם בטעם גנאש שוקולד מריר,גרמים,86.00,100 גרם,false,1,13.90,16.1628,true,1,143737
8690637007705,false,שלגון מסטיגם 80 גרם,"מיוצר ע""י יוניליוור",TR,שלגון מסטיגם 80 גרם,גרמים,80.00,100 גרם,false,1,6.90,8.6250,true,1,123397
8690637073373,false,תה ארל גריי טעם ברגמ,,TR,"תה ליפטון תה שחור ארל גריי 2 גרם, 25 יחידות",גרמים,50.00,100 גרם,false,1,8.80,17.6000,true,1,50436
8690637505607,false,מרכך בדין אקסטרה פינ,יוניליוור סנאיי וי ט,TR,"מרכך בדין אקסטרה פינוק קלאסי960 מ""ל",מיליליטרים,960.00,"100 מ""ל",false,1,19.90,2.0729,true,1,151552
8690637555084,false,מרכך כביסה בדין אקסט,יוניליוור סנאיי וי ט,TR,בדין מרכך כביסה אקסטרה פריחת התפוז,מיליליטרים,960.00,"100 מ""ל",false,1,19.90,2.0729,true,1,64740
8690637842382,false,מגנום וניל פירות יער,שטראוס גרופ גלידות,,מגנום וניל פירות יער,גרמים,85.00,100 גרם,false,1,11.90,14.0000,true,1,118590
8690637842399,false,מאגדת מיני מגנום 1/6,שטראוס גרופ גלידות,TR,מאגדת מיני מגנום 1/6 329 גרם דאבל פרי יע,גרמים,379.00,100 גרם,false,1,32.90,8.6807,true,1,118591
8690637871085,true,הלמנס רוטב ברביקיו 2,יוניליוור גידה סאנ.,TR,הלמנס רוטב ברביקיו 285 גר,גרמים,285.00,100 גרם,false,1,13.90,4.8772,true,1,141383
8690637871245,true,הלמנס מיונז אמיתי לח,יוניליוור גידה סאנ.,TR,הלמנס מיונז אמיתי לחיץ 395 גר,גרמים,395.00,100 גרם,false,1,13.90,3.5190,true,1,141385
8690637890666,false,מגנום דאבל פיסטוק מא,שטראוס גלידות,TR,מאגדת מיני מגנום 1/6 329 גרם דאבל פיסטוק,גרמים,282.00,100 גרם,false,1,29.90,10.6028,true,1,124916
8690637971310,false,מרכך בדין אקסטרה יער,יוניליוור סנאיי וי ט,TR,בדין אקסטרה מרכך כביסה יערת הדבש 960 מל,מיליליטרים,960.00,"100 מ""ל",false,1,19.90,2.0729,true,1,148153
8690637989612,false,מגנום מיני דאבל דולצ,יוניליוור,TR,מגנום מיני דאבל דולצה גולד 246גרם,גרמים,246.00,100 גרם,false,1,32.90,13.3740,true,1,149506
8690637989629,false,מגנום דאבל דולצה גול,יוניליוור,TR,מגנום שלגון מגנום דאבל דולצ'ה גולד 63 גרם,גרמים,63.00,100 גרם,false,1,11.90,18.8889,true,1,149090
8690637997914,false,מגנום כוס אישי שמנת,יונילוור,IL,מגנום כוס אישי שמנת ונ.שקדים 76גרם,גרמים,76.00,100 גרם,false,1,7.90,10.3947,true,1,151724
8690637997921,false,מגנום כוס אישי שמנת,יונילוור,IL,מגנום כוס אישי שמנת וניל 81 גרם,גרמים,81.00,100 גרם,false,1,7.90,9.7531,true,1,151725
8690766156367,false,טבלאת שוקולד גודאייב,"אולקר מקבוצת פלאדיס,",TR,טבלת שוקולד חלב מעולה,גרמים,90.00,100 גרם,false,1,14.90,16.5556,true,1,144372
8690766156374,false,טבלאת שוקולד מריר 72,"אולקר מקבוצת פלאדיס,",TR,טבלת שוקולד מריר מעולה 72% מוצקי קקאו,גרמים,90.00,100 גרם,false,1,14.90,16.5556,true,1,144375
8690766156381,false,טבלאת שוקולד גודאייב,"אולקר מקבוצת פלאדיס,",TR,טבלת שוקולד מריר מעולה 90% מוצקי קקאו,גרמים,90.00,100 גרם,false,1,14.90,16.5556,true,1,144373
8690766156398,false,שוקולד חלב מעולה בתו,"אולקר מקבוצת פלאדיס,",TR,שוקולד חלב מעולה בתוספת שברי שקדים קלויי,גרמים,90.00,100 גרם,false,1,14.90,16.5556,true,1,146407
8690766156404,false,שוקולד מריר מעולה בט,גודייבה,TR,שוקולד מריר מעולה בטעם תפוז אדום,גרמים,90.00,100 גרם,false,1,14.90,16.5556,true,1,146406
8690766156411,false,טבלאת שוקולד גודאייב,"אולקר מקבוצת פלאדיס,",TR,טבלאת שוקולד גודאייבה מריר בטעם פלפל 90,גרמים,90.00,100 גרם,false,1,14.90,16.5556,true,1,144374
8690777203012,false,פלפל ירוק כבוש לא חר,יוליניבר,TR,פלפל ירוק כבוש לא חריף 600 גרם,גרמים,600.00,100 גרם,false,1,12.90,2.1500,true,1,72904
8690777204071,false,פלפל חריף 640גרם SER,יוליניבר,TR,פלפל חריף 640גרם SERA,גרמים,640.00,100 גרם,false,1,12.90,2.0156,true,1,72905
8690777221405,false,פלפלים אדומים קלויים,קוראהן פזלרמה וי דיס,TR,סרה פלפלים אדומים קלויים על האש 650 גרם,גרמים,650.00,100 גרם,false,1,12.90,1.9846,true,1,72906
8690784516778,false,דאק גל עם אקונומיקה,,NL,דאק גל עם אקונומיקה,לא מנהל יחידת מידה,0.00,לא מנהל יחידת מידה,false,1,12.90,0.0000,true,1,121140
8691530924670,false,סירופ רימונים נטורסא,רמירז,,סירופ רימונים נטורסאן 345 גרם,גרמים,345.00,100 גרם,false,1,19.90,5.7681,true,1,85226
8691900172854,false,תחבושות קוטקס סופר 2,קימברלי,GB,תחבושות קוטקס סופר 20 יח,יחידה,20.00,יחידה,false,1,15.90,0.7950,true,1,156251
8693357179882,true,ז PS-VELA וג מאג,,,ז PS-VELA וג מאג,יחידה,2.00,יחידה,false,1,15.90,7.9500,true,1,126640
8697418280333,false,שערות קדאיף 500 גרם,פרנסס און וה,TR,שערות קדאיף 500 גרם,גרמים,500.00,100 גרם,false,1,22.90,4.5800,true,1,102120
8697530910743,false,סיגריות פאל מל כחול,BAT,,סיגריות פאל מל כחול חפיסה בודד,יחידה,1.00,יחידה,false,1,31.40,31.4000,false,1,46641
8697530910750,false,סיגריות פאל מל כחול,BAT,,סיגריות פאל מל כחול ארוך חפיסה בודד,יחידה,0.00,יחידה,false,1,31.40,0.0000,false,1,46642
8697530910781,false,סיגריות פאל מל אדום,BAT,,סיגריות פאל מל אדום חפיסה בודד,יחידה,1.00,יחידה,false,1,31.40,31.4000,false,1,46643
8697530911276,false,סיגריות קנט קצר חפיס,BAT,,סיגריות קנט קצר חפיסה בודד,יחידה,1.00,יחידה,false,1,38.40,38.4000,false,1,47870
8697826469092,false,עלי טורטייה 540 גרם,מוטלוקל,TR,עלי טורטייה 540 גרם,גרמים,540.00,100 גרם,false,1,9.90,1.8333,true,1,152576
8710447275306,true,קרם ידיים עם שמן אבו,"יוניליוור פולין, רחו",PL,דאב  קרם ידיים אבוקדו ותמצית קלנדולה 75 מל,Unknown,0.00,Unknown,false,1,10.90,0.0000,true,1,125379
8710447275313,true,קרם ידיים עם שמן קוק,"יוניליוור פולין, רחו",PL,דאב  קרם ידיים שמן קוקוס וחלב שקדים 75 מל,לא מנהל יחידת מידה,0.00,לא מנהל יחידת מידה,false,1,10.90,0.0000,true,1,125380
8710502060021,false,מרבה פטיסרי עוגיות מ,מרבה,NL,מרבה פטיסרי עוגיות מאפין רכות 200 גרם,גרמים,200.00,100 גרם,false,1,11.90,5.9500,true,1,155455
8710502100864,false,מרבה פטיסרי עוגיות ד,מרבה,NL,מרבה פטיסרי עוגיות דאבל שוקולד 200 גרם,גרמים,200.00,100 גרם,false,1,11.90,5.9500,true,1,155454
8710502194801,false,עוגיות שוקולד ציפס פ,קרלו,NL,מרבה עוגיות שוקולד צ'יפס במרקם רך עם פירות יער,גרמים,175.00,100 גרם,false,1,9.90,5.6571,true,1,112339
8710502470028,false,עוגיות שוקולד ציפס נ,קריניציה ויטמינה אס,NL,עוגיות שוקולד ציפס נוגטלי מרבה 160 גרם,גרמים,160.00,100 גרם,false,1,9.90,6.1875,true,1,72259
8710502470035,false,מרבה פטיסרי עוגיות נ,מרבה,NL,מרבה פטיסרי עוגיות נוגטלי במילוי קרם אגו,גרמים,200.00,100 גרם,false,1,11.90,5.9500,true,1,155456
8711327475618,false,פיינט מגנום וניל קלא,יוניליוור,HU,מגנום גלידת שמנת בטעם וניל 440 מל,גרמים,260.00,100 גרם,false,1,25.90,9.9615,true,1,148298
8711327475663,false,פיינט מגנום וניל שוק,יוניליוור,HU,גלידת שמנת בטעם וניל עם שוקולד לבן,גרמים,260.00,100 גרם,false,1,25.90,9.9615,true,1,148297
8711327475717,false,פיינט מגנום וניל שקד,יוניליוור,HU,מגנום גלידת שמנת בטעם וניל עם שקדים 440 מל,גרמים,260.00,100 גרם,false,1,25.90,9.9615,true,1,148299
8711327475762,false,פיינט מגנום שוקולד ל,יוניליוור,HU,מגנום גלידת שמנת שוקולד לבן ועוגיות 440 מל,גרמים,260.00,100 גרם,false,1,25.90,9.9615,true,1,148300
8712000050146,false,בירה הייניקן בקבוק 3,טמפו,IL,"בירה הייניקן ללא אלכוהול בקבוק 330 מ""ל",מיליליטרים,330.00,"100 מ""ל",false,1,6.90,2.0909,true,1,125536
8712400802512,false,נוטרילון שלב      2,פרוטרופיק סיה.,NL,נוטרילון שלב 800 2 גרם,גרמים,800.00,100 גרם,false,1,62.90,7.8625,true,1,115629
8712400802536,false,נוטרילון שלב      3,פרוטרופיק סיה.,NL,נוטרילון 3- 800 גרם,גרמים,800.00,100 גרם,false,1,62.90,7.8625,true,1,115630
8712561594240,false,תחליב רחצה דאב להזנה,"יוניליוור גרמניה, Gm",DE,דאב  תחליב רחצה להזנה עמוקה 500 מל,מיליליטרים,500.00,"100 מ""ל",false,1,17.90,3.5800,true,1,108248
8712561611183,false,תחליב רחצה דאב מלפפו,"יוניליוור גרמניה, Gm",DE,דאב  תחליב רחצה מלפפון ותה ירוק 500 מל,מיליליטרים,500.00,"100 מ""ל",false,1,17.90,3.5800,true,1,108247
8714443620030,false,מרק ירקות אורגני,תות תעשיות מזון (201,NL,מרק ירקות,גרמים,200.00,100 גרם,false,1,31.90,15.9500,true,1,135446
8714599512159,false,גייקובס מגורען 190 ג,"אל.אל.סי ""גייקובס דא",RU,גייקובס מגורען 190 גרם,גרמים,190.00,100 גרם,false,1,28.90,15.2105,true,1,153391
8714789177229,false,מברשת שיניים אקסטרא,קולגייט פלמוליב,CN,מברשת שיניים אקסטרא קלין 4 יח,יחידה,1.00,יחידה,false,1,14.90,14.9000,true,1,21573
8714789303925,false,מברשת שיניים 360 זוג,קולגייט- פלמוליב,,קולגייט מב.שיניים 360 סנסטיב ז,Unknown,0.00,Unknown,false,1,33.90,0.0000,true,1,47499
8714789797786,false,פלמוליב כלים גריס בל,יבואן ומשווק: ש. שסט,GR,פלמוליב כלים גריס בלסטר 750 מל,מיליליטרים,750.00,"100 מ""ל",false,1,11.90,1.5867,true,1,86548
8714789930848,false,משחת שיניים אופטיק,קולגייט פלמוליב,PL,קולגייט משחת שיניים אופטיק הלבנה מיידית 75 מל,מיליליטרים,75.00,"100 מ""ל",false,1,23.90,31.8667,true,1,98646
8715035150300,false,רוטב סויה קיקומן ללא,קיקומן פודז יורופ בי,NL,רוטב סויה קיקומן ללא גלוטן 250 מל,מיליליטרים,250.00,"100 מ""ל",false,1,19.90,7.9600,true,1,124294
8715035520301,false,רוטב סויה ולימון פונ,קיקומן פודז יורופ בי,NL,קיקומן פונזו רוטב יפני על בסיס סויה ולימן,מיליליטרים,250.00,"100 מ""ל",false,1,19.90,7.9600,true,1,125326
8715700110141,false,מיונז אמיתי היינץ 43,ה.י.היינץ הולדינג בי,NL,SG היינץ מיונז צנצנת 460 גרם,גרמים,460.00,100 גרם,false,1,11.90,2.5870,true,1,117607
8715700110158,false,מיונז לייט היינץ 430,ה.י.היינץ הולדינג בי,NL,SG היינץ מיונז לייט צנצנת 490,גרמים,490.00,100 גרם,false,1,11.90,2.4286,true,1,117608
8715700419695,true,רוטב ברביקיו מתוק,יוניליוור גרמניה  Gm,NL,היינץ רוטב ברביקיו מתוק 500 גרם,גרמים,500.00,100 גרם,false,1,17.90,3.5800,true,1,141762
8715700419732,false,מתבל עגבניות היינץ 7,ה.י. היינץ,NL,היינץ מתבל עגבניות 700 גרם,גרמים,700.00,100 גרם,false,1,9.90,1.4143,true,1,98341
8715700421322,true,רוטב ברביקיו צילי,ה.י היינץ הולדינג בי,NL,היינץ רוטב ברביקיו צ'ילי 490 גרם,יחידה,1.00,יחידה,false,1,17.90,17.9000,true,1,141761
8715700422473,false,מיונז היינץ ללא חומר,ה.י.היינץ,NL,היינץ ממרח לחיץ ללא חומרים משמרים,גרמים,395.00,100 גרם,false,1,15.90,4.0253,true,1,127203
8715700423906,false,מתבל עגבניות 50% פחו,היינץ צפון אמריקה מק,NL,היינץ מתבל עגבניות 50/50 550 גרם,גרמים,555.00,100 גרם,false,1,9.90,1.7838,true,1,119602
8717038900562,false,וודקה פורטי בקבוק 75,מפעל משקאות,,"וודקה פורטי בקבוק 750 מ""ל",מיליליטרים,750.00,"100 מ""ל",false,1,89.90,11.9867,true,1,106204
8717038900586,false,וודקה מידנייט אסאי ב,מפעל משקאות,,"וודקה מידנייט אסאי בקבוק 750 מ""ל",מיליליטרים,750.00,"100 מ""ל",false,1,89.90,11.9867,true,1,106205
8717163607305,false,דאב סבון מוצק   1/4,יוניליוור גרמניה  Gm,DE,"דאב  סבון מוצק עם גרגרים 400 גרם, 4 יחידות",גרמים,400.00,100 גרם,false,1,18.70,4.6750,true,1,10582
8717163658314,true,תחליב רחצה דאב sensi,יוניליוור גרמניה Gmb,DE,תחליב רחצה דאב sensitive skin עם מים מיס,Unknown,0.00,Unknown,false,1,17.90,0.0000,true,1,125383
8717163842669,false,תחליב רחצה דאב חימר,יוניליוור,DE,DOVE ג'ל רחצה 500 ML,מיליליטרים,500.00,"100 מ""ל",false,1,17.90,3.5800,true,1,143682
8717163842676,false,תחליב רחצה דאב חימר,יוניליוור גרמניה Gmb,DE,DOVE ג'ל רחצה 500 ML,מיליליטרים,500.00,"100 מ""ל",false,1,17.90,3.5800,true,1,143454
8717677336616,false,שוקולד מריר עם שקדים,אלפרד ריטר,NL,שוקולד מריר עם שקדים ומלח טוניס,גרמים,180.00,100 גרם,false,1,19.90,11.0556,true,1,153319
8717677336630,false,שוקולד חלב עם שקדים,אלפרד ריטר,NL,שוקולד חלב עם שקדים ודבש טוניס,גרמים,180.00,100 גרם,false,1,19.90,11.0556,true,1,153317
8717677336654,false,שוקולד חלב מעולה עם,,NL,שוקולד חלב מעולה עם שברי קרמל מלוח 180 ג,גרמים,180.00,100 גרם,false,1,19.90,11.0556,true,1,156300
8717677336661,false,שוקולד מריר 70% 180,אלפרד ריטר,NL,טוניס' שוקולונלי - שוקולד מריר מעולה 70%,גרמים,180.00,100 גרם,false,1,19.90,11.0556,true,1,153318
8717677338436,false,שוקולד חלב עם אגוזי,אלפרד ריטר,NL,שוקולד חלב עם אגוזי לוז קצוצים טוניס,גרמים,180.00,100 גרם,false,1,19.90,11.0556,true,1,153316
8718114724485,false,מיונז הלמנס לחיץ 750,יוניליוור,GB,מיונז הלמנס לחיץ 750 גרם,גרמים,750.00,100 גרם,false,1,23.90,3.1867,true,1,156892
8718951093331,true,2 מבר.מרידול אקסטרה,קולגייט פלמוליב,,2 מבר.מרידול אקסטרה,Unknown,0.00,Unknown,false,1,33.90,0.0000,true,1,135470
8718951144064,true,מרידול פרדונט זוג,"ש. שסטוביץ בע""מ",,מרידול מברשת שיניים פרודונט אקספרט זוג,Unknown,0.00,Unknown,false,1,33.90,0.0000,true,1,135472
8718951166288,false,משחת שיניים קולגייט,קולגייט פלמוליב,PL,קולגייט משחת שיניים מקס וייט 125 מל,מיליליטרים,100.00,"100 מ""ל",false,1,15.90,15.9000,true,1,122570
8718951166561,false,משחת שיניים קולגייט,קולגייט פלמוליב,PL,קולגייט משחת שיניים מקס פרש COOL MINT 125 מל,מיליליטרים,125.00,"100 מ""ל",false,1,15.90,12.7200,true,1,122571
8718951236790,false,משחת שיניים קולגייט,Colgate (Euro)-Palmo,PL,"משחת שיניים קולגייט טוטל משפחתי 100 מ""ל",מיליליטרים,100.00,"100 מ""ל",false,1,17.90,17.9000,true,1,125083
8718951264618,false,קולגייט אופטיק וייט,קולגייט-פלמוליב,PL,"קולגייט אופטיק וייט פחם פעיל 75 מ""ל",מיליליטרים,75.00,"100 מ""ל",false,1,27.90,37.2000,true,1,144917
8718951312722,false,משחת שיניים קולגייט,קולגייט פלמוליב,PL,משחת שיניים קולגייט מקסווייט 100 מל,מיליליטרים,100.00,"100 מ""ל",false,1,11.90,11.9000,true,1,154777
8718951313927,false,פלמוליב סבון ידיים ח,CP UK,TR,"פלמוליב סבון ידיים חימר טונוס 300 מ""ל",מיליליטרים,300.00,"100 מ""ל",false,1,9.90,3.3000,true,1,146989
8718951319806,false,פלמוליב לגבר גל רחצה,CP UK,TR,פלמוליב לגבר גל רחצה ושמפו פיור ארקטיק,מיליליטרים,750.00,"100 מ""ל",false,1,21.90,2.9200,true,1,143732
8718951381292,false,קולגייט מקס דיטוקס פ,CP UK,PL,"קולגייט מקס דיטוקס פואם 125 מ""ל",מיליליטרים,125.00,"100 מ""ל",false,1,15.90,12.7200,true,1,148611
8718951382640,false,פלמוליב גל רחצה חימר,CP UK,TR,"פלמוליב גל רחצה חימר דיטוקס 750 מ""ל",מיליליטרים,750.00,"100 מ""ל",false,1,21.90,2.9200,true,1,146990
8718951382718,false,פלמוליב גל רחצה חימר,CP UK,TR,"פלמוליב גל רחצה חימר התחדשות 750 מ""ל",מיליליטרים,750.00,"100 מ""ל",false,1,21.90,2.9200,true,1,146991
8718951415836,false,קולגייט מי פה פלאקס,קולגייט,PL,קולגייט מי פה פלאקס פחם 500 מל,מיליליטרים,500.00,"100 מ""ל",false,1,31.90,6.3800,true,1,150018
8719200998001,false,בלו בנד עם מלח 200 ג,מיוצר עי קונדיטוריית,IL,בלו בנד עם מלח 200 גרם,גרמים,200.00,100 גרם,false,1,4.70,2.3500,true,1,143491
8719200998018,false,מרגרינה בטעם חמאה מח,פארייפאבה אגרואינדוס,IL,מרגרינה בטעם חמאה מחמאה 200 גרם,גרמים,200.00,100 גרם,false,1,4.90,2.4500,true,1,72
8720181114489,false,ספריי אקס שחור 150 מ,יוניליוור,GB,"ספריי אקס שחור 150 מ""ל",מיליליטרים,150.00,"100 מ""ל",false,1,13.90,9.2667,true,1,154903
8720181114496,false,ספרי גוף אקס שוקולד,יוניליוור,GB,"ספרי גוף אקס שוקולד 150 מ""ל",מיליליטרים,150.00,"100 מ""ל",false,1,13.90,9.2667,true,1,154904
8720182990396,false,תה ליפטון שחור קלאסי,ליפטון,GB,"תה ליפטון שחור קלאסיק, 180 גרם",גרמים,180.00,100 גרם,false,1,12.90,7.1667,true,1,156707
8723400782520,false,מנטוס תפזורת בשקית פ,קדבורי,NL,מנטוס סוכריות לעיסה בטעמי פירות 160 גרם,לא מנהל יחידת מידה,0.00,לא מנהל יחידת מידה,false,1,12.90,0.0000,true,1,117710
8723400782544,false,מנטוס תפזורת בשקית מ,קדבורי,NL,מנטוס תפזורת בשקית מנטה,לא מנהל יחידת מידה,0.00,לא מנהל יחידת מידה,false,1,12.90,0.0000,true,1,121177
8801055707966,false,נסקפה טייסטר צויס בר,לוטה נסטלה קוריאה,,נסקפה טייסטרס צ'ויס בריסטה 12*180גרם,גרמים,180.00,100 גרם,false,1,32.90,18.2778,true,1,112173
8801055708772,false,נסקפה טייסטרס צויס מ,לוטה נסטלה קוריאה,IL,טייסטרס צויס מארז 8*200ג'+50ג',גרמים,250.00,100 גרם,false,1,31.90,12.7600,true,1,143583
8802241131664,true,חטיף אצות ים,,,חטיף אצות ים,גרמים,195.00,100 גרם,false,1,22.90,11.7436,true,1,116055
8802241132821,false,חטיף אצות 3 יח,"מאן גו'ן פוד בע""מ",,חטיף אצות 3 יח,גרמים,14.00,100 גרם,false,1,9.90,70.7143,true,1,119557
8850161166204,false,"קרם קוקוס 500 מ""ל AM",הנסיך- מפעל לייצור ט,TH,"אמפווה קרם קוקוס 500 מ""ל",מיליליטרים,500.00,"100 מ""ל",false,1,11.90,2.3800,true,1,141665
8850161167041,false,חלב  קוקוס קוקו וואי,פארייפאבה אגרואינדוס,TH,"קוקו וואי משקה קוקוס 270 מ""ל",מיליליטרים,270.00,"100 מ""ל",false,1,9.50,3.5185,true,1,142765
8850389103111,false,משקה סאפה אלוורה ענב,פארייפאבה אגרואינדוס,TH,"סאפה אלוורה ענבים בקבוק 300 מ""ל",מיליליטרים,300.00,"100 מ""ל",false,1,8.50,2.8333,true,1,43289
8850389103128,false,משקה סאפה אלוורה תפו,פארייפאבה אגרואינדוס,TH,"סאפה תפוח בקבוק 300 מ""ל 24 יח",מיליליטרים,300.00,"100 מ""ל",false,1,8.50,2.8333,true,1,43290
8850389103159,false,משקה ליצי עם חתיכות,סאפה פובליק קומפני ל,TH,"משקה ליצי עם חתיכות גלי קוקוס 320 מ""ל",מיליליטרים,320.00,"100 מ""ל",false,1,8.50,2.6563,true,1,153484
8850389104637,false,משקה סאפה אלוורה אפר,פארייפאבה אגרואינדוס,TH,"סאפה אלוורה אפרסק בקבוק 300 מ""ל",מיליליטרים,300.00,"100 מ""ל",false,1,8.50,2.8333,true,1,62148
8850389105825,false,משקה סאפה אלוורה ענב,פארייפאבה אגרואינדוס,TH,סאפה משקה אלוורה בטעם ענבים,ליטרים,1.00,ליטר,false,1,13.50,13.5000,true,1,70925
8850389105832,false,משקה סאפה אלוורה תפו,פארייפאבה אגרואינדוס,TH,סאפה תפוח אלוורה בקבוק ליטר,ליטרים,1.00,ליטר,false,1,13.50,13.5000,true,1,73477
8850389105849,false,משקה סאפה אלוורה אפר,פארייפאבה אגרואינדוס,TH,סאפה אפרסק אלוורה בקבוק ליטר,ליטרים,1.00,ליטר,false,1,13.50,13.5000,true,1,70926
8850389111352,false,מוגו מוגו ליצי 320 מ,סאפה פובליק קומפני ל,TH,"מוגו מוגו ליצי 320 מ""ל",מיליליטרים,320.00,"100 מ""ל",false,1,8.50,2.6563,true,1,153485
8850389115312,false,משקה סאפה אלוורה מלו,סאפה פובליק קומפני ל,TH,"סאפה אלוורה מלון בקבוק 300 מ""ל",מיליליטרים,330.00,"100 מ""ל",false,1,8.50,2.5758,true,1,119166
8850389115336,false,משקה סאפה אלוורה מלו,פארייפאבה אגרואינדוס,TH,סאפה משקה אלוורה בטעם מלון,ליטרים,1.00,ליטר,false,1,13.50,13.5000,true,1,119167
8850632604259,false,ממתק תות שדה בצורת מ,ג'נרל קנדי בעמ,TH,ממתק תות שדה בצורת מקלות יוגטה 50 גרם,גרמים,50.00,100 גרם,false,1,4.90,9.8000,true,1,67552
8850632604266,false,ממתק קולה בצורת מקלו,ג'נרל קנדי בעמ,TH,"יוגטה, ממתק חמוץ בצורת מקלות בטעם קולה, 50 גרם",גרמים,50.00,100 גרם,false,1,4.90,9.8000,true,1,67553
8850632604372,false,ממתק תות שדה בצורת ש,ג'נרל קנדי בעמ,TH,ממתק תות שדה בצורת שטיח יוגטה 50 גרם,גרמים,50.00,100 גרם,false,1,4.90,9.8000,true,1,67554
8850632604402,false,ממתק תות ענבים בצורת,"ג'נרל קנדי בע""מ",TH,ממתק תות ענבים בצורת שטיח יוגטה 50 גרם,גרמים,50.00,100 גרם,false,1,4.90,9.8000,true,1,67555
8850632605201,false,יוגטה חיספוסים בטעם,הדקלאים אגודת שיתופי,TH,יוגטה חיספוסים בטעם מעורב תות,גרמים,50.00,100 גרם,false,1,4.90,9.8000,true,1,73290
8850632606390,false,חיספוסים בטעם אבטיח,ג'נרל קנדי בעמ,TH,יוגטה חיספוסים בטעם אבטיח,גרמים,50.00,100 גרם,false,1,4.90,9.8000,true,1,93164
8851613101378,false,חלב קוקוס 250 מל,כלורוקס אוקלנד,TH,"חלב קוקוס 250 מ""ל",מיליליטרים,250.00,"100 מ""ל",false,1,9.90,3.9600,true,1,91145
8852633119039,false,אסיה רוטב דגים 300 מ,,,"אסיה רוטב דגים 300 מ""ל",מיליליטרים,300.00,"100 מ""ל",false,1,7.50,2.5000,true,1,113947
8857101301008,false,רוטב צילי מתוק 700 מ,יוליניבר,TH,רוטב צ'ילי מתוק 700 מל,גרמים,80.00,100 גרם,false,1,11.90,14.8750,true,1,109692
8858744800019,false,ממרח קארי ירוק 50 גר,קנוקוואן פוד פרודקטס,,ממרח קארי ירוק 50 גר,גרמים,50.00,100 גרם,false,1,4.90,9.8000,true,1,100281
8858744800057,false,ממרח טום יאם 30 גר,קנוקוואן פוד פרודקטס,,ממרח טום יאם 30 גר,גרמים,30.00,100 גרם,false,1,4.90,16.3333,true,1,100286
8858744800064,false,ממרח קארי אדום 50 גר,קנוקוואן פוד פרודקטס,,ממרח קארי אדום 50 גר,גרמים,50.00,100 גרם,false,1,4.90,9.8000,true,1,100282
8858744800088,false,ממרח קארי מסאמן 50 ג,קנוקוואן פוד פרודקטס,,ממרח קארי מסאמן 50 גר,גרמים,50.00,100 גרם,false,1,4.90,9.8000,true,1,100283
8888021200256,false,"סוללות אנרג""יזר  AA",,SG,סוללת אנרג'ייזר AA,Unknown,0.00,Unknown,false,1,28.90,0.0000,true,1,24321
8888021200720,false,סוללות AAA שמיניה,,SG,סוללת אנרג'ייזר AAA,Unknown,0.00,Unknown,false,1,28.90,0.0000,true,1,14262
8901537024014,false,אורז בסמטי מובחר דוו,אל.טי.פודס בעמ,IN,אורז בסמטי 1 DAAWAT קג,קילוגרמים,1.00,"ק""ג",false,1,13.90,13.9000,true,1,73139
8901537076679,false,אורז בסמטי חום מלא ד,האי נאם סי או אל.טי.,IN,"אורז בסמטי חום מלא דאווט 1 ק""ג",קילוגרמים,1.00,"ק""ג",false,1,16.90,16.9000,true,1,121355
9002975393836,false,הריבו האפי קולה 70 ג,"האריבו , ג'י.אם.בי.א",AT,סוכריות גומי בטעם קולה 70 גרם,גרמים,70.00,100 גרם,false,1,6.90,9.8571,true,1,149797
9002975393843,false,הריבו גולדברס 70 גרם,"האריבו , ג'י.אם.בי.א",AT,סוכריות גומי בטעמי פירות דובונים 70 גרם,גרמים,70.00,100 גרם,false,1,6.90,9.8571,true,1,149798
9002975393850,false,הריבו וורמס 70 גרם,"האריבו , ג'י.אם.בי.א",AT,סוכריות גומי בטעמי פירות נחשים 70 גרם,גרמים,70.00,100 גרם,false,1,6.90,9.8571,true,1,149799
9008700111546,true,HAPPY DAY דובדבן חמו,,,HAPPY DAY דובדבן חמו,Unknown,0.00,Unknown,false,1,11.60,0.0000,true,1,59846
9044400841000,false,סוכריות פז בליסטר,פז,HU,סוכריות פז בובה,גרמים,26.00,100 גרם,false,1,12.90,49.6154,true,1,11553
9120025834723,false,חטיפי אוראו מצונן 12,בובארד איטליה אס.פי.,IT,חטיפי אוראו מצונן 120גרם מאגדת,גרמים,120.00,100 גרם,false,1,14.90,12.4167,true,1,156277
9120025839896,false,חטיפי מילקה מצונן 12,בובארד איטליה אס.פי.,IT,חטיפי מילקה מצונן 128גרם מאגדת,גרמים,128.00,100 גרם,false,1,14.90,11.6406,true,1,156278
9120097310583,false,חטיפי  שוקו בננה מינ,בובארד איטליה אס.פי.,IT,חטיפי  שוקו בננה מיניונים מצונן 108גרם מ,גרמים,108.00,100 גרם,false,1,14.90,13.7963,true,1,156279
9310072028743,false,טים טם מצופה שוקולד,"ארנוטס ביסקוויטס בע""",AU,טים טם אורגינל 200 גר,גרמים,200.00,100 גרם,false,1,19.90,9.9500,true,1,111474
9310072028750,false,טים טם מצופה שוקולד,"ארנוטס ביסקוויטס בע""",AU,טים טם דאבל 200 גר,גרמים,200.00,100 גרם,false,1,19.90,9.9500,true,1,111070
9322969000015,false,פריכיות תירס טעם טבע,אף.סי תבליני בגליל ב,AU,רילפוד- פריכיות תירס בטעם טבעי 150 גר',גרמים,150.00,100 גרם,false,1,13.90,9.2667,true,1,70466
9322969000022,false,פריכיות תירס עם סויה,אף.סי תבליני בגליל ב,AU,פריכיות תירס עם סויה וזרעי פשת 150 גרם,גרמים,150.00,100 גרם,false,1,13.90,9.2667,true,1,70678
9322969000039,true,פריכיות תירס עם 4 דג,אף.סי תבליני בגליל ב,AU,פריכיות תירס עם 4 דגנים מלאים,גרמים,150.00,100 גרם,false,1,13.90,9.2667,true,1,122253
9322969000046,false,פריכיות תירס אורגניו,אף.סי תבליני בגליל ב,AU,ריל פוד פריכיות תירס עם שומשום 150 גרם,גרמים,150.00,100 גרם,false,1,13.90,9.2667,true,1,70679
9322969000053,false,פריכיות אורז מלא 150,ריל פוד,IT,פריכיות אורז מלא 150 גרם,גרמים,150.00,100 גרם,false,1,13.90,9.2667,true,1,153057
9421018071508,false,יין מד האוס 750,יוליניבר,NZ,מאד האוס כשר סוביניון בלאן כשר,מיליליטרים,750.00,"100 מ""ל",false,1,54.90,7.3200,true,1,142849
9720188050109,false,טופוטי ממרח על בסיס,טופוטי ברנדס אינק.ג',IL,טופוטי - ממרח טופו בטעם גבינה - 225 גר,גרמים,225.00,100 גרם,false,1,22.90,10.1778,true,1,12011
