code,internal_code,name,manufacturer_name,manufacture_country,manufacturer_item_description,unit_qty,quantity,unit_of_measure,weighted,qty_in_package,price,unit_of_measure_price,allow_discount,status,item_id
54051140,false,מעדן סויה טעם וניל אלפרו רביעיה * 125 ג',הנסיך- מפעל לייצור ט,BE,מארז מעדן סויה וניל,גרמים,500.00,100 גרם,false,,15.90,0.0318,true,1,12484
54051157,false,מעדן סויה טעם שוקו אלפרו רביעיה 125 ג',קריות זול,BE,מארז מעדן סויה שוקול,גרמים,500.00,100 גרם,false,,15.90,0.0318,true,1,12485
72917367,false,טעמי חטיף במילוי קרם נוגט וקרמל,"שטראוס גרופ בע""מ",IL,טעמי 40 גרם,גרמים,40.00,100 גרם,false,,3.90,0.0975,true,1,12487
72940754,false,מעדן מילקי בטעם וניל עם קצפת,"שטראוס גרופ בע""מ",IL,מילקי וניל 133 גרם,גרמים,133.00,100 גרם,false,,2.80,0.0211,true,1,12136
72940761,false,מעדן מילקי בטעם שוקולד עם קצפת,מיוצר עי קונדיטוריית,IL,מילקי שוקולד 133 גרם,מיליליטרים,133.00,"100 מ""ל",false,,2.80,0.0211,true,1,12137
72940952,false,מעדן מילקי בטעם שוקולד עם אקסטרה קצפת,"שטראוס גרופ בע""מ",IL,מילקי אקסטרה קצפת 17,מיליליטרים,170.00,"100 מ""ל",false,,3.50,0.0206,true,1,12138
72945308,false,קוביות שמרים לאפיה שמרית 2*25 ג',"פאקא תעשיות בע""מ",IL,קוביות שמרים טריים ש,גרמים,50.00,100 גרם,false,,3.30,0.0660,true,1,12139
72961209,false,**תנובה שמנת חמוצה 15% 200מל,תנובה מרכז שיתופי לש,IL,שמנית חמוצה 15% תנוב,מיליליטרים,200.00,"100 מ""ל",false,,2.40,0.0120,true,1,13769
72961223,false,"גילה גדול 200 מ""ל",תנובה מרכז שיתופי לש,IL,"גיל תנובה 200 מ""ל",מיליליטרים,200.00,"100 מ""ל",false,,1.50,0.0075,true,1,13771
72961520,false,יוגורט עם אננס 1.5% שומן 125 ג' פרילי,מיוצר עי קונדיטוריית,IL,פרילי אננס 125 גרם,מיליליטרים,125.00,"100 מ""ל",false,,3.40,0.0272,true,1,13774
72963753,false,שמנת אורגינל של פעם 27% שומן 200 ג' תנובה,תנובה מרכז שיתופי לש,IL,שמנת חמוצה 27% תנובה,מיליליטרים,200.00,"100 מ""ל",false,,3.90,0.0195,true,1,13778
72986370,false,"גלידת בן & ג'ריס פיינטים וניל 500מ""ל",מוצרי איכות אמריקאים,IL,גלידת שמנת בן אנד גר,מיליליטרים,500.00,"100 מ""ל",false,,16.90,0.0338,true,1,7867
72986424,false,"גלידת בן & ג'ריס פיינטים קרם עוגיות 500מ""ל",מוצרי איכות אמריקאיי,IL,גלידת שמנת בן אנד גר,מיליליטרים,500.00,"100 מ""ל",false,,16.90,0.0338,true,1,7868
72989425,false,"גלידת בן & ג'ריס פיינטים שוקולד בראוניז 500מ""ל",מוצרי איכות אמריקאיי,IL,גלידת שמנת בן אנד גר,מיליליטרים,500.00,"100 מ""ל",false,,16.90,0.0338,true,1,7871
72991008,false,פסק זמן חלב מגדים 45גרם,"שטראוס גרופ בע""מ",IL,פסק זמן קלאסיק מגדים,גרמים,45.00,100 גרם,false,,4.90,0.1089,true,1,29018
72991886,false,"גלידת דולצ'ה בטעם ריבת חלב עם פאדג' בן וג'ירי 500 מ""ל",מוצרי איכות אמריקאיי,IL,גלידת שמנת בן אנד גר,מיליליטרים,500.00,"100 מ""ל",false,,16.90,0.0338,true,1,7872
80773429,false,מסטיק מנטוס פיור פרש בבקבוק בינוני בטעם תות 60 ג',פרפטי ואן מלה הולנד,TR,מסטיק מנטוס צנצנת בט,גרמים,60.00,100 גרם,false,,8.90,0.1483,true,1,6625
80773443,false,מסטיק מנטוס בבקבוק מעוגל בטעם מנטה מעודנת 60 ג',פרפטי ואן מלה הולנד,TR,מסטיק מנטוס ספרמנט ב,גרמים,60.00,100 גרם,false,,8.90,0.1483,true,1,6626
80790990,false,מסטיק מנטוס בבקבוק מעוגל בטעם פירות -מנטה 60 ג',פרפטי ואן מלה הולנד,TR,מסטיק מנטוס בבלפרש ב,גרמים,60.00,100 גרם,false,,8.90,0.1483,true,1,6627
80913467,false,מסטיק מנטו בבקבוק מעוגל בטעם מנטה 60 ג',פרפטי ואן מלה הולנד,TR,מסטיק מנטוס מנטה בבק,גרמים,60.00,100 גרם,false,,8.90,0.1483,true,1,6633
80995128,false,מנטוס - מסטיק בטעם הדרים בתוספת ויטמינים 60 גרם,פרפטי ואן מלה הולנד,TR,מסטיק מנטוס צנצנת בט,גרמים,60.00,100 גרם,false,,8.90,0.1483,true,1,28095
87108651,false,מארז סוכריות מנטוס Mentos מנטה,הדקלאים אגודת שיתופי,NL,מנטוס מנטה 4 יח,גרמים,150.00,100 גרם,false,,9.90,0.0660,true,1,6638
87108712,false,מארז סוכריות מנטוס Mentos פירות,פרפטי ואן מלה ברדה,NL,מנטוס טעם פירות 4 יח,גרמים,150.00,100 גרם,false,,9.90,0.0660,true,1,6639
10700529831,false,ג'ולי ראנצר בייטס בטעם תפוח ואבטיח 226 גרם,,,ג'ולי ראנצר בייטס בט,גרמים,226.00,100 גרם,false,,19.90,0.0881,true,1,8107
11210000155,false,"רוטב טבסקו על בסיס פלפל אדום 150 מ""ל",ניצן,US,רוטב טבסקו אדום 150,מיליליטרים,150.00,"100 מ""ל",false,,17.90,0.1193,true,1,10200
11210002500,false,טבסקו רוטב כנפי באפא,"ניצן מותגי מזון בע""מ",US,רוטב טבסקו באפלו 150,מיליליטרים,150.00,"100 מ""ל",false,,17.90,0.1193,true,1,10201
11210007352,false,רוטב טבסקו שום 150 מ,ניצן,US,רוטב טבסקו שום 150 מ,מיליליטרים,150.00,"100 מ""ל",false,,17.90,0.1193,true,1,10202
11210007703,false,רוטב טבסקו צ'יפוטלי,ניצן,US,רוטב טבסקו צ'יפוטלי,מיליליטרים,150.00,"100 מ""ל",false,,17.90,0.1193,true,1,10203
11210009219,false,רוטב טבסקו ירוק 150,ניצן,US,רוטב טבסקו ירוק 150,מיליליטרים,150.00,"100 מ""ל",false,,17.90,0.1193,true,1,10204
16000185517,false,דגני בוקר פייבר וואן עתירי סובין FIBRE1,בטר אנד דיפרנט,US,דגני בוקר פייבר וואן,גרמים,555.00,100 גרם,false,,24.90,0.0449,true,1,478
18000701223,false,תערובת להכנת עוגה בטעם שוקולד,הדקלאים אגודת שיתופי,IL,תערובת לעוגת שוקולד,גרמים,500.00,100 גרם,false,,15.90,0.0318,true,1,6640
18000703494,false,תערובת עוגת וניל פיסברי 500 גר',הדקלאים אגודת שיתופי,IL,תערובת לעוגת וניל 50,גרמים,500.00,100 גרם,false,,15.90,0.0318,true,1,6641
18000703517,false,תערובת עוגת שיש פילסברי 500 גר',הדקלאים אגודת שיתופי,IL,תערובת לעוגת שיש פרו,גרמים,550.00,100 גרם,false,,15.90,0.0289,true,1,6642
18000766413,false,תערובת בראוניס פילסברי 500 גר',הדקלאים אגודת שיתופי,IL,תערובת לעוגה בראוניס,גרמים,550.00,100 גרם,false,,15.90,0.0289,true,1,6643
18176785508,false,שוקולד טורינו חלב 10,שוקולה קמיל בלוך,CH,שוקולד טורינו חלב 10,גרמים,100.00,100 גרם,false,,9.90,0.0990,true,1,5073
18176787007,false,שוקולד טורינו מריר פרווה 100 גר',שוקולה קמיל בלוך,,שוקולד טורינו 100 גר,גרמים,100.00,100 גרם,false,,9.90,0.0990,true,1,5074
21248165894,false,תערובת תבלינים לבייג,קוסקו הולסייל,US,תערובת תבלינים לבייג,גרמים,326.00,100 גרם,false,,34.90,0.1071,true,1,11750
21723339994,false,רוטב דגים מזרח ומערב,טאנג סאנג ראר קי,TH,רוטב דגים מזרח ומערב,מיליליטרים,300.00,"100 מ""ל",false,,9.50,0.0317,true,1,20732
21859046209,false,"דגני בוקר קריספי רייס ""קמח"" 368 גרם",KEMOCH FOOD,US,דגני בוקר קירספי ריי,גרמים,369.00,100 גרם,false,,27.90,0.0756,true,1,8116
21859046308,false,דגני בוקר קינמון קמח,KEMOCH FOOD,US,דגני בוקר קינמון קמח,גרמים,346.00,100 גרם,false,,27.90,0.0806,true,1,8118
22200956932,false,דאודורנט ג'ל לגבר Fresh Rush 24h,הנסיך- מפעל לייצור ט,US,דאו גל ספיד סטיק כחו,גרמים,85.00,100 גרם,false,,18.90,0.2224,true,1,12961
25675094703,false,לקקן טופי דובדבן פשק,DORI ALIMENTOS LTDA,NL,לקקן טופי דובדבן פשק,גרמים,540.00,100 גרם,false,,15.90,0.0294,true,1,5099
25675094710,false,לקקן טופי יוגורט פשק,DORI ALIMENTOS LTDA,NL,לקקן טופי יוגורט פשק,גרמים,540.00,100 גרם,false,,15.90,0.0294,true,1,5100
25675094727,false,לקקן טופי תות 50 יח,DORI ALIMENTOS LTDA,NL,לקקן טופי תות 50 יח,גרמים,540.00,100 גרם,false,,15.90,0.0294,true,1,5101
25675094741,false,לקקן טופי פטל פשקס 5,DORI ALIMENTOS LTDA,NL,לקקן טופי פטל פשקס 5,גרמים,540.00,100 גרם,false,,15.90,0.0294,true,1,5102
25675705654,false,בצל מטוגן פריך בשקית פשקז 400ג',TOP TASTE B.V.,NL,בצל מטוגן פריך שקית,גרמים,400.00,100 גרם,false,,11.90,0.0298,true,1,5112
25675950313,false,סוכריות אודלס תות פשקס 224 גר',ג'ודילינג פודס קומפנ,CN,סוכריות אודלס פשקס ב,גרמים,224.00,100 גרם,false,,12.90,0.0576,true,1,5118
25675950351,false,סוכריות אודלס דובדבן פשקס 224 גר',ג'ודילינג פודס קומפנ,CN,סוכריות אודלס פשקס ב,גרמים,224.00,100 גרם,false,,12.90,0.0576,true,1,5120
25675950382,false,סוכריות אודלס פטל פשקס 224 גר',ג'ודילינג פודס קומפנ,CN,סוכריות אודלס פשקס ב,גרמים,224.00,100 גרם,false,,12.90,0.0576,true,1,5121
25675950429,false,סביבון אודלס מאגדת שקיות מיקס 192 גרם,,,סוכריות אודלס סביבון,גרמים,192.00,100 גרם,false,,12.90,0.0672,true,1,5122
34000544028,false,סוכריות ארוכות בטעם תות טוויזלרס Twizzlers,הרשי שוקולד,US,טוויזלרס ממתק בטעם ת,גרמים,198.00,100 גרם,false,,6.90,0.0348,true,1,6644
34000544431,false,טוויזלרס ממתק בטעם דובדבן 172 ג',הרשי שוקולד,US,טוויזלרס ממתק בטעם ד,גרמים,170.00,100 גרם,false,,6.90,0.0406,true,1,6645
35000458476,false,קולגייט מברשת שיניים ילדים מארז רביעייה,קולגייט פלמוליב,VN,מברשת קולגייט ילדים,Unknown,0.00,יחידה,false,,19.90,0.0000,true,1,12963
36000183399,false,האגיס - ליטל סווימרס סמול 12 יח',חוגלה קימברלי,IL,חיתולי שחייה האגיס ל,Unknown,0.00,יחידה,false,,29.90,0.0000,true,1,25300
37600207188,false,חמאת בוטנים סקיפי קלאסי 462 גר',חברת המזון אלגוד,US,חמאת בוטנים קלאסי סק,גרמים,462.00,100 גרם,false,,17.90,0.0387,true,1,2523
37600207256,false,חמאת בוטנים סקיפי עם שברי בוטנים 462 גר',חברת המזון אלגוד,US,חמאת בוטנים עם שברי,גרמים,462.00,100 גרם,false,,17.90,0.0387,true,1,2524
38000232183,false,פרינגלס אורגינל 149 גרם,פרינגלס מניופקצ'ורינ,US,פרינגלס אורגינל 149,גרמים,149.00,100 גרם,false,,7.90,0.0530,true,1,2529
41190007097,false,"שופרייט חומץ תפוחים 946 מ""ל",,,חומץ תפוחים שופרייט,מיליליטרים,946.00,"100 מ""ל",false,,11.90,0.0126,true,1,26023
41390001451,false,רוטב סויה קיקומן 1.2,קיקומן פודז אינק,US,רוטב סויה קיקומן 1.2,קילוגרמים,1.20,ליטר,false,,29.90,24.9167,true,1,26742
43427004619,false,"רוטב ברווז חצוץ מתוק כשל""פ ליברס",ווברס קומפני,US,רוטב ברווז חמוץ מתוק,גרמים,793.00,100 גרם,false,,19.90,0.0251,true,1,8149
43427007887,false,"חומץ יין אדום כשל""פ 500 מ""ל",אקובינאל,ES,חומץ יין אדום ליברס,מיליליטרים,500.00,"100 מ""ל",false,,13.90,0.0278,true,1,8172
43427022378,false,"תערובת לקניידלך 125 גר' ֿֿֿֿ""ליברסֿֿֿֿ""",אימפריאל פודס אינק,US,תערובת לקניידלך ליבר,גרמים,125.00,100 גרם,false,,9.90,0.0792,true,1,8186
43427030328,false,עוגיות מיני חיות חצי,פרימרט,PL,עוגיות מיני חיות חצי,גרמים,290.00,100 גרם,false,,9.90,0.0341,true,1,8188
43427111898,false,"מלפפונים חמוצים קטן מאוד ""ליברס"" 720 מ""ל",ליברס,US,מלפפון חמוץ קטן מאוד,גרמים,670.00,100 גרם,false,,17.90,0.0267,true,1,27239
43427130516,false,"קרקר מלוח סנקרס ""ליברס"" 388 גרם",ביי ואלי פודס,US,קרקר מלוח ליברס 388,גרמים,388.00,100 גרם,false,,21.90,0.0564,true,1,8208
43427160407,false,"שימורי מחית דובדבנים לפאי 595 גרם ""ליברס""",בורנייט פודס,US,מחית דובדבנים לפאי ל,גרמים,595.00,100 גרם,false,,24.90,0.0418,true,1,8211
43427171137,false,עוגיות סנדוויץ דופלקס 368 גרם ליברס,טרי האוז פוד,US,עוגיות סנדוויץ דופלק,גרמים,368.00,100 גרם,false,,12.90,0.0351,true,1,8213
43427171144,false,עוגיות סנדוויץ בטעם שוקולד 368 גרם ליברס,טרי האוז פוד,US,עוגיות סנדוויץ שוקול,גרמים,368.00,100 גרם,false,,12.90,0.0351,true,1,8214
43427176002,false,"שמן אבוקדו 500 מ""ל ליברס",ליברס,US,שמן אבוקדו ליברס 500,גרמים,500.00,100 גרם,false,,39.90,0.0798,true,1,8215
43427195157,false,אבקת מרק בצל ליברס 7,אימפריאל פודס אינק,US,אבקת מרק בצל ליברס 7,גרמים,78.00,100 גרם,false,,11.90,0.1526,true,1,8228
43427199001,false,"חומץ תפוחים אורגני 500 מ""ל ""ליברס""",אקווינאל אס. אל.,ES,חומץ תפוחים אורגני,מיליליטרים,500.00,"100 מ""ל",false,,16.90,0.0338,true,1,8236
43427199407,false,מיונז ליברס 950 גרם,צ'פלר פודס,US,מיונז ליברס 950 גרם,גרמים,950.00,100 גרם,false,,27.90,0.0294,true,1,27146
43427221528,false,"מיץ תפוחים טבעי כשל""פ 1.89 ליטר ליברס",ליברס,US,מיץ תפוחים ליברס 1.8,קילוגרמים,1.89,ליטר,false,,26.90,14.2328,true,1,8258
43427245005,false,"מחית תפוחים ממותק פאוץ 4*90 גרם ֿֿֿֿ""ליברסֿֿֿֿ""",ליברס,US,"מחית תפו""ע עם פקק לי",גרמים,360.00,100 גרם,false,,11.90,0.0331,true,1,8267
43427247009,false,מחית תפוחים ממותק פאוץ 4*90 גרם ליברס,ליברס,US,"מחית תפו""ע ותות עם פ",גרמים,360.00,100 גרם,false,,11.90,0.0331,true,1,26255
43427721103,false,"רוטב אלף האיים כשל""פ 473 מ""ל ""ליברס""",ליברס,US,רוטב אלף האיים ליברס,מיליליטרים,473.00,"100 מ""ל",false,,12.90,0.0273,true,1,8290
44164102453,false,נרונים 72 יחידות 6 שעות - שרגא,שרגא שווק ויצור נרות,IL,נרונים 6 שעות שרגא 7,Unknown,0.00,יחידה,false,,31.90,0.0000,true,1,5124
44164234345,false,שמן פראפין למאור סגו,שרגא שווק ויצור נרות,IL,שמן פראפין למאור סגו,קילוגרמים,1.00,ליטר,false,,19.90,19.9000,true,1,5125
44164236950,false,שמן פראפין למאור כחו,שרגא שווק ויצור נרות,IL,שמן פראפין למאור כחו,קילוגרמים,1.00,ליטר,false,,19.90,19.9000,true,1,5126
44164267695,false,שמן פראפין למאור אדו,שרגא שווק ויצור נרות,IL,שמן פראפין למאור אדו,קילוגרמים,1.00,ליטר,false,,19.90,19.9000,true,1,5127
44164290907,false,שמן פראפין למאור צהו,שרגא שווק ויצור נרות,IL,שמן פראפין למאור צהו,קילוגרמים,1.00,ליטר,false,,19.90,19.9000,true,1,5129
46676133116,false,גושי טונה לבני בשמן סויה 142 גרם Dagim,דיאמוד פוד פרודקט סי,TH,טונה לבנה בשמן דגים,גרמים,142.00,100 גרם,false,,12.90,0.0908,true,1,8300
46676182121,false,גושי טונה לבנה במי מלח 142 גרם Dagim,דיאמוד פוד פרודקט סי,TH,טונה לבנה במים דגים,גרמים,142.00,100 גרם,false,,12.90,0.0908,true,1,8301
48256297164,false,תרסיס אסטוניש לניקוי,יעקב יעקובי,IL,תרסיס אסטוניש לניקוי,מיליליטרים,750.00,"100 מ""ל",false,,9.90,0.0132,true,1,11764
48256299557,false,תרסיס אסטוניש מסיר ע,יעקב יעקובי,IL,תרסיס אסטוניש מסיר ע,מיליליטרים,750.00,"100 מ""ל",false,,9.90,0.0132,true,1,11765
64144090013,false,תרסיס שמן טעם חמאה פאם 141 ג',קונאגרה פודס,US,תרסיס שמן קנולה בטעם,מיליליטרים,148.00,"100 מ""ל",false,,13.90,0.0939,true,1,6646
64144090020,false,תרסיס שמן שמן זית פאם 141 ג',קונאגרה פודס,US,תרסיס שמן זית פאם 14,מיליליטרים,148.00,"100 מ""ל",false,,13.90,0.0939,true,1,6647
64144090051,false,"תרסיס שמן קנולה פאם 148 מ""ל",קונאגרה פודס,US,תרסיס שמן קנולה פאם,מיליליטרים,148.00,"100 מ""ל",false,,13.90,0.0939,true,1,6648
70227501192,false,אבקה להכנת רוטב פטרי,סטרייטס,US,אבקה להכנת רוטב פטרי,גרמים,119.00,100 גרם,false,,12.90,0.1084,true,1,8314
70227501208,false,אבקה להכנת רוטב לצלי,סטרייטס,US,אבקה להכנת רוטב לצלי,גרמים,119.00,100 גרם,false,,12.90,0.1084,true,1,8315
70227504124,false,אבקה להכנת רוטב לעוף,אופנהיימר,IL,אבקה להכנת רוטב לעוף,גרמים,119.00,100 גרם,false,,12.90,0.1084,true,1,8317
70227504131,false,אבקה להכנת רוטב להוד,אופנהיימר,IL,אבקה להכנת רוטב להוד,גרמים,119.00,100 גרם,false,,12.90,0.1084,true,1,8318
70970471278,false,מייק לייק - סוכריות ג'לי בינס קרטונית פירות יער כחול 141 גרם,גאסט בורן,US,סוכריות ג'לי אוכמניו,גרמים,141.00,100 גרם,false,,8.90,0.0631,true,1,21161
70970471308,false,"סוכריות מייק אייק רד רייג'רס, 141 ג'",ג'אסט בורן,US,סוכריות ג'לי ענבים מ,גרמים,141.00,100 גרם,false,,8.90,0.0631,true,1,21163
70970473562,false,מייק לייק - סוכריות ג'לי בינס קרטונית מגה מיקס 141 גרם,ג'אסט בורן,US,סוכריות ג'לי מגה מיק,גרמים,141.00,100 גרם,false,,8.90,0.0631,true,1,21164
73490153419,false,מיץ ענבים קדם גאולה קונקורד 1.89 ליטר,קדם,IL,מיץ ענבים קדם 1.89 ל,קילוגרמים,1.89,ליטר,false,,27.20,14.3915,true,1,5383
73490154027,false,מיץ ענבים גאולה 2.84,קדם,IL,מיץ ענבים גאולה 2.84,קילוגרמים,2.84,ליטר,false,,38.90,13.6972,true,1,5385
73490154317,false,מיץ ענבים גאולה לבן 1.89 ל קדם,,,מיץ ענבים לבן גאולה,קילוגרמים,1.89,ליטר,false,,27.20,14.3915,true,1,5386
75442100229,false,בונבוניירה פרוגרס דו,תות ממתקי איכות,IL,בונבוניירה פרוגרס דו,גרמים,135.00,100 גרם,false,,7.90,0.0585,true,1,23560
77245110610,false,סוכריות מאסט ללא סוכר בטעם מנטה 80 ג'עלית,MIESZKO S.A - MS. JO,IL,סוכריות מאסט מנטה 80,גרמים,80.00,100 גרם,false,,6.90,0.0863,true,1,12491
77975036976,false,מטבל עגבניות בחריפות עדינה סניידרס 439 ג',סניידרס Snyder's,US,מטבל עגבניות סלסה בח,גרמים,439.00,100 גרם,false,,16.90,0.0385,true,1,6649
80432400432,false,וויסקי שיבאס רגאל 12,מזקקת האחים שיבאס,,ויסקי שיבאס 12 שנה 1,קילוגרמים,1.00,ליטר,false,,119.90,119.9000,true,1,5387
82184090442,false,ויסקי טנסי ג'ק דניאל,ג'ק דניאלס,US,ויסקי טנסי ג'ק דניאל,קילוגרמים,1.00,ליטר,false,,139.90,139.9000,true,1,11774
87752005644,false,"יין מוסקטו ברטנורה 750 מ""ל",מיסזקו אס.איי,IT,יין ברטנורא מוסקטו,מיליליטרים,750.00,"100 מ""ל",false,,44.90,0.0599,true,1,11330
87752006474,false,יין JOYVIN אדום תוס,ארלדיקה קסטלברו אס.ס,IT,יין JOYVIN אדום תוס,מיליליטרים,750.00,"100 מ""ל",false,,49.90,0.0665,true,1,11331
87752006481,false,יין JOYVIN לבן תוסס,ארלדיקה קסטלברו אס.ס,IT,יין JOYVIN לבן תוסס,מיליליטרים,750.00,"100 מ""ל",false,,49.90,0.0665,true,1,11332
87752017159,false,ליקר וולדרס וודקה ונ,ולדרס,NL,ליקר וולדרס וודקה ונ,מיליליטרים,750.00,"100 מ""ל",false,,99.90,0.1332,true,1,11341
87752017173,false,ליקר וולדרס סקוטש וק,ולדרס,NL,ליקר וולדרס סקוטש וק,מיליליטרים,750.00,"100 מ""ל",false,,99.90,0.1332,true,1,11342
87752017227,false,ליקר שמרלינג שוקולד,שמרלינג,IT,ליקר שמרלינג שוקולד,מיליליטרים,750.00,"100 מ""ל",false,,89.90,0.1199,true,1,11343
87752017234,false,ליקר שמרלינג קפה 750,ביקלס,IT,ליקר שמרלינג קפה 750,מיליליטרים,750.00,"100 מ""ל",false,,89.90,0.1199,true,1,11344
87752028551,false,יין אביר יעקב בלנד א,יקב שילה,IL,יין אביר יעקב בלנד א,מיליליטרים,750.00,"100 מ""ל",false,,139.90,0.1865,true,1,11348
96619016273,false,סירופ מייפל 1 ליטר ק,קיקומן פודז אינק,US,סירופ מייפל 1 ליטר ק,קילוגרמים,1.00,ליטר,false,,79.90,79.9000,true,1,27675
96619084104,false,רוטב סלסה אורגניק קי,קוסקו הולסייל,US,רוטב סלסה אורגניק קי,פריט,1.08,"ק""ג",false,,9.90,9.1667,true,1,11775
96619112098,false,מלח דק הימלאיה ורוד,קוסקו הולסייל,US,מלח דק הימלאיה ורוד,פריט,2.27,"ק""ג",false,,39.90,17.5771,true,1,11777
96619115471,false,קפסולות ג'ל כביסה או,מקברייד,BE,קפסולות ג'ל כביסה או,גרמים,882.00,100 גרם,false,,39.90,0.0452,true,1,27406
96619164998,false,פלפל שחור גרוס קירקל,קוסקו הולסייל,US,פלפל שחור גרוס קירקל,גרמים,359.00,100 גרם,false,,19.90,0.0554,true,1,11784
96619199914,false,וודקה קירקלנד 1.75 ל,,,וודקה קירקלנד 1.75 ל,קילוגרמים,1.75,ליטר,false,,99.90,57.0857,true,1,11790
96619206841,false,תרסיס שמן קנולה קירק,,,תרסיס שמן קנולה קירק,מיליליטרים,394.00,"100 מ""ל",false,,22.90,0.0581,true,1,11791
96619215645,false,שקיות אשפה ענק קירקל,,,שקיות אשפה ענק קירקל,Unknown,0.00,יחידה,false,,99.90,0.0000,true,1,1057
96619316809,false,נייר אלומניום עבה 30,,,נייר אלומניום עבה 30,מטרים,304.00,מטר,false,,129.90,0.4273,true,1,1060
96619316861,false,דפי נייר אלומניום קי,,,דפי נייר אלומניום קי,Unknown,0.00,יחידה,false,,69.90,0.0000,true,1,7818
96619332700,false,מלח גס הימלאיה ורוד,קוסקו הולסייל,US,מלח גס הימלאיה ורוד,גרמים,737.00,100 גרם,false,,34.90,0.0474,true,1,11797
96619332717,false,מלח גס ים תיכוני עם,קוסקו הולסייל,US,מלח גס ים תיכוני עם,גרמים,737.00,100 גרם,false,,9.90,0.0134,true,1,11798
96619332724,false,פלפל שחור שלם עם מטח,קוסקו הולסייל,US,פלפל שחור שלם עם מטח,גרמים,356.00,100 גרם,false,,9.90,0.0278,true,1,11799
96619338696,false,קמח שקדים קירקלנד 1.,הוגסטון נט אי אן סי,US,קמח שקדים קירקלנד 1.,פריט,1.36,"ק""ג",false,,79.90,58.7500,true,1,27295
96619679133,false,סירופ מייפל אורגני 1,קיקומן פודז אינק,US,סירופ מייפל אורגני 1,קילוגרמים,1.00,ליטר,false,,79.90,79.9000,true,1,1067
96619713165,false,מטלית מיקרופייבר קיר,,,מטלית מיקרופייבר קיר,Unknown,0.00,יחידה,false,,99.90,0.0000,true,1,1068
97643044546,false,שוקולד טבלה שוויצרי 72% מריר 100ג',,,שוקולד שמרלינג מריר,גרמים,100.00,100 גרם,false,,11.50,0.1150,true,1,11382
97643044560,false,שוקולד טבלה שוויצרי מריר מנטה 72% 100 גר',,,שוקולד שמרלינג מריר,גרמים,100.00,100 גרם,false,,11.50,0.1150,true,1,11383
97643044584,false,שמרלינגס שוקולד מריר+חמאת שקדים 100ג,,,שוקולד שמרלינג מריר,גרמים,100.00,100 גרם,false,,11.50,0.1150,true,1,11384
97643051445,false,שוקולד רוזמרי מוקה שויצרי 100 גרם,,,שוקולד שמרלינג פרלין,גרמים,100.00,100 גרם,false,,11.50,0.1150,true,1,11385
97643070040,false,שוקולד טבלה לבן ושקדים שמרלינג 100ג',,,שוקולד שמרלינג לבן ש,גרמים,100.00,100 גרם,false,,11.50,0.1150,true,1,11386
97643070248,false,שוקולד שמרלינגס הרמוני רוזמרי לבן 100ג',מסטרני,CH,שוקולד שמרלינג לבן פ,גרמים,100.00,100 גרם,false,,11.50,0.1150,true,1,11388
97643082142,false,שוקולד רוזמרי לילדים 100 גר',,,שוקולד שמרלינג קידס,גרמים,100.00,100 גרם,false,,11.50,0.1150,true,1,11390
97643082449,false,שמרלינגס שוקולד רוזמרי 100ג,מסטרני,CH,שוקולד שמרלינג פרלין,גרמים,100.00,100 גרם,false,,11.50,0.1150,true,1,11391
97643082548,false,שמרלינגס שוקולד מריר רוזמרי 100ג,מסטרני,CH,שוקולד שמרלינג מריר,גרמים,100.00,100 גרם,false,,11.50,0.1150,true,1,11392
97643083040,false,שוקולד שמרלינגס רוזמרי חלב 100ג',מסטרני,CH,שוקולד שמרלינג פרלין,גרמים,100.00,100 גרם,false,,11.50,0.1150,true,1,11393
97643083859,false,שוקולד טבלה שוויצרי רוזמרי קרמל 100 גר',,,שוקולד שמרלינג קרמל,גרמים,100.00,100 גרם,false,,11.50,0.1150,true,1,11394
97643084047,false,שוקולד ספליט חלב 100 גרם.,,,שוקולד שמרלינג פרלין,גרמים,100.00,100 גרם,false,,11.50,0.1150,true,1,11395
97643090444,false,שוקולד רוזמרי פרווה ללא סוכר 100 גר',,,שוקולד שמרלינג פרווה,גרמים,100.00,100 גרם,false,,13.90,0.1390,true,1,11397
194961000404,false,ביסקוויט בציפוי שוקו,שניידרס,FR,ביסקוויט בציפוי שוקו,גרמים,150.00,100 גרם,false,,12.90,0.0860,true,1,21168
194961000411,false,ממרח שוקולד וניל שני,SHNEIDER'S,NL,ממרח שוקולד וניל שני,גרמים,700.00,100 גרם,false,,21.90,0.0313,true,1,21169
194961001500,false,עוגיות חמאה שניידס 1,שניידרס,FR,עוגיות חמאה שניידס 1,גרמים,125.00,100 גרם,false,,12.90,0.1032,true,1,25680
194961001517,false,עוגיות סבלה חמאה שני,שניידרס,FR,עוגיות סבלה חמאה שני,גרמים,130.00,100 גרם,false,,12.90,0.0992,true,1,25681
194961001524,false,"מחית פרי תפו""ע לל""ס",שניידרס,FR,"מחית פרי תפו""ע לל""ס",גרמים,360.00,100 גרם,false,,12.90,0.0358,true,1,25846
194961001647,false,עוגיות חמאה שוקולד צ,שניידרס,FR,עוגיות חמאה שוקולד צ,גרמים,167.00,100 גרם,false,,12.90,0.0772,true,1,26187
305215251002,false,צמרוני אוזניים קיו ט,יוניליוור,US,צמרוני אוזניים קיו ט,Unknown,0.00,יחידה,false,,19.90,0.0000,true,1,1076
308910525744,false,אטריות אורז דקות מזר,ליאן תאי רייס,TH,אטריות אורז דקות מזר,מיליליטרים,454.00,"100 מ""ל",false,,10.50,0.0231,true,1,20733
633016004108,false,פרחי כרובית באגן 680,בסט מייסטר,EC,פרחי כרובית באגן 680,גרמים,680.00,100 גרם,false,,21.90,0.0322,true,1,28410
659824938089,false,כפפות לטקס 100 יח',,TH,כפפות לטקס 100 יח',Unknown,0.00,יחידה,false,,27.90,0.0000,true,1,1077
675470000142,false,נייר אפיה קשת 72 יח,טופ פלסט 2002 בעמ,IL,נייר אפיה קשת 72 יח,Unknown,0.00,יחידה,false,,9.90,0.0000,true,1,4186
681131129855,false,"בירה שלוס קרון פחית 500 מ""ל",מבשלת מרטנס,BE,בירה פילזנר שלוס קרו,מיליליטרים,500.00,"100 מ""ל",false,,5.90,0.0118,true,1,5458
689076444668,false,"פסטה ספגטי אורז חום מלא ללא גלוטן ""גולדבא"" 454 ג",ריזופיה פוד פרודקטס,CA,פסטה ספגטי אורז חום,גרמים,454.00,100 גרם,false,,16.90,0.0372,true,1,25630
693493001007,false,גאון בניקיון תרסיס 350 מל',אריסטוקרט,IL,תרסיס ניקוי גאון בני,מיליליטרים,350.00,"100 מ""ל",false,,18.90,0.0540,true,1,231
693493008686,false,פרוביוטיקה 50B,,,פרוביוטיקה 50B,Unknown,0.00,יחידה,false,,59.90,0.0000,true,1,25951
693493034470,false,פילה מקרל בשמן סויה,,,פילה מקרל בשמן סויה,גרמים,125.00,100 גרם,false,,5.90,0.0472,true,1,19147
693493034487,false,פילה סרדין בשמן זית,אטלנטיק הום סרדינס א,MA,פילה סרדין בשמן זית,גרמים,125.00,100 גרם,false,,6.50,0.0520,true,1,19148
693493034494,false,פילה אנשובי בשמן חמנ,פטינה פוד,MA,פילה אנשובי בשמן חמנ,גרמים,100.00,100 גרם,false,,14.90,0.1490,true,1,19149
693493034524,false,מארז פילה אנשובי בשמ,פאטינה פוד,MA,מארז פילה אנשובי בשמ,גרמים,200.00,100 גרם,false,,21.90,0.1095,true,1,19152
693493057844,false,חלה כוסמין ארוזה ביי,ספיישל בייקרי,IL,חלה כוסמין 500 גרם,גרמים,500.00,100 גרם,false,,15.90,0.0318,true,1,20596
693493083669,false,ויטמין D3 בשמן מרווה,,,ויטמין D3 בשמן מרווה,Unknown,0.00,יחידה,false,,84.90,0.0000,true,1,25883
693493089272,false,אבץ בתוספת ויטמין C,,,אבץ בתוספת ויטמין C,Unknown,0.00,יחידה,false,,33.90,0.0000,true,1,24945
693493089357,false,"סידן ציטראט 500 מ""ג",,,"סידן ציטראט 500 מ""ג",Unknown,0.00,יחידה,false,,59.90,0.0000,true,1,24949
693493089364,false,מגנזיום ציטראט 400 מ,,,מגנזיום ציטראט 400 מ,Unknown,0.00,יחידה,false,,59.90,0.0000,true,1,24950
693493089371,false,ויטמין C לא חומצי 10,,,ויטמין C לא חומצי 10,Unknown,0.00,יחידה,false,,59.90,0.0000,true,1,24951
693493089395,false,"ויטמין B12 מק""ג 1000",,,"ויטמין B12 מק""ג 1000",Unknown,0.00,יחידה,false,,59.90,0.0000,true,1,24953
693493089425,false,פרוביוטיקה אקסטרה פא,,,פרוביוטיקה אקסטרה פא,Unknown,0.00,יחידה,false,,59.90,0.0000,true,1,24956
693493089463,false,דובוני ויטמין D לילד,,,דובוני ויטמין D לילד,Unknown,0.00,יחידה,false,,39.90,0.0000,true,1,24957
693493089470,false,דובוני ויטמין C לילד,,,דובוני ויטמין C לילד,Unknown,0.00,יחידה,false,,39.90,0.0000,true,1,24958
693493089487,false,דובוני מולטי ויטמין,,,דובוני מולטי ויטמין,Unknown,0.00,יחידה,false,,39.90,0.0000,true,1,24959
693493089494,false,דגי אומגה 3 לילדים א,,,דגי אומגה 3 לילדים א,Unknown,0.00,יחידה,false,,39.90,0.0000,true,1,24960
693493089562,false,דובונים+ויטמין D אקס,,,דובונים+ויטמין D אקס,Unknown,0.00,יחידה,false,,39.90,0.0000,true,1,25884
693493089586,false,מולטי ויטמין + ברזל,,,מולטי ויטמין + ברזל,Unknown,0.00,יחידה,false,,39.90,0.0000,true,1,24965
693493113687,false,מארז פילה אנשובי וצל,,,מארז פילה אנשובי וצל,גרמים,200.00,100 גרם,false,,21.90,0.1095,true,1,28136
693493142892,false,פוקצ'ה פרימיום זעתר 460 גר,פיתא,IL,פוקצ'ה פרימיום עם זע,גרמים,480.00,100 גרם,false,,16.90,0.0352,true,1,28883
693493142908,false,פוקצות פרמיום עם בצל 4 יח',פיתא,IL,פוקצ'ה פרימיום עם בצ,גרמים,480.00,100 גרם,false,,16.90,0.0352,true,1,28882
693493180771,false,פסטרמה חזה בקר ONEG,דליקטס,IL,פסטרמה חזה בקר ONEG,גרמים,150.00,100 גרם,false,,24.90,0.1660,true,1,27400
693493186902,false,מיני פרנה עשירייה 500 גר',,,לחם מיני פרנה מרוקאי,גרמים,500.00,100 גרם,false,,14.90,0.0298,true,1,25946
693493186926,false,לחם פרנה מרוקאי פיתא,פיתא,IL,לחם פרנה מרוקאי פיתא,גרמים,480.00,100 גרם,false,,14.90,0.0310,true,1,28884
693493192514,false,אבקת חלבון בטעם וניל,,,אבקת חלבון בטעם וניל,גרמים,400.00,100 גרם,false,,69.00,0.1725,true,1,27423
693493192521,false,אבקת חלבון בטעם שוקו,,,אבקת חלבון בטעם שוקו,גרמים,400.00,100 גרם,false,,69.00,0.1725,true,1,27424
701197351820,false,תמצית וניל טהור 473,קוסקו הולסייל,US,תמצית וניל טהור 473,גרמים,473.00,100 גרם,false,,149.90,0.3169,true,1,11818
710069082236,false,חרדל גפן 454 גרם,,,חרדל גפן 454 גרם,גרמים,454.00,100 גרם,false,,9.90,0.0218,true,1,5152
710069127401,false,מיץ שזיפים גפן 896 מ,גולדס פיור פודס,US,מיץ שזיפים גפן 896 מ,מיליליטרים,896.00,"100 מ""ל",false,,24.90,0.0278,true,1,5165
710069305168,false,רסק תפוחים תות גפן 112X6ג',,,רסק תפוחים תות גפן 6,גרמים,672.00,100 גרם,false,,15.90,0.0237,true,1,5171
710069305175,false,רסק תפוחים פטל גפן 6,,,רסק תפוחים פטל גפן 6,גרמים,672.00,100 גרם,false,,15.90,0.0237,true,1,5172
710069812000,false,רוטב פסטה קלאסיק מרינדה 737 גרם,,,רוטב עגבניות לפסטה ג,גרמים,680.00,100 גרם,false,,13.90,0.0204,true,1,5189
710069812017,false,רוטב פסטה בזיליקום גפן 737 גרם,,,רוטב עגבניות ובזילקו,גרמים,680.00,100 גרם,false,,13.90,0.0204,true,1,5190
710069812031,false,רוטב פיצה רגיל גפן 7,,,רוטב פיצה רגיל גפן 7,גרמים,737.00,100 גרם,false,,13.90,0.0189,true,1,5191
710069812048,false,רוטב עגבניות בזיליקום גפן 737ג',,,רוטב פיצה אורגנו גפן,גרמים,737.00,100 גרם,false,,13.90,0.0189,true,1,5192
710069812147,false,"רסק תפו""ע גפן 1.36 ק",,,"רסק תפו""ע גפן 1.36 ק",פריט,1.36,"ק""ג",false,,19.90,14.6324,true,1,5195
710069812154,false,"רסק תפו""ע גפן ללא סו",,,"רסק תפו""ע גפן ללא סו",פריט,1.36,"ק""ג",false,,19.90,14.6324,true,1,5196
710069812161,false,רסק תפוחים גפן 6*112,,,רסק תפוחים גפן 6*112,גרמים,672.00,100 גרם,false,,15.90,0.0237,true,1,5197
710069812178,false,"רסק תפו""ע טבעי 112*6 גר'",,,רסק תפוחים ללא סוכר,גרמים,672.00,100 גרם,false,,15.90,0.0237,true,1,5198
712963001801,false,שוקולד מריר עלים עם שברי אגוזים 125 גר',,,עלי שוקולד מריר גרוס,גרמים,125.00,100 גרם,false,,16.90,0.1352,true,1,7885
712963001832,false,"גרוס עלי שוקולד בד""צ חלב 125גר",,,עלי שוקולד חלב גרוס,גרמים,125.00,100 גרם,false,,16.90,0.1352,true,1,7887
712963001849,false,גרוס עלי שוקולד חלב אגוזים 125 גרם,,,עלי שוקולד חלב אגוזי,גרמים,125.00,100 גרם,false,,16.90,0.1352,true,1,7888
712963001856,false,"גרוס עלי שוקולד בד""צ קרמל 125ג",,,עלי שוקולד חלב קרמל,גרמים,125.00,100 גרם,false,,16.90,0.1352,true,1,7889
712963003799,false,שוקולד חטיף נוגט וקרמל 40 גר',,,חטיף שוקולד קרמל 40,גרמים,40.00,100 גרם,false,,3.60,0.0900,true,1,27747
712963003805,false,"חטיף שוקולד מאי וואי 40 גר בד""ץ",,,חטיף שוקולד מאי 40 ג,גרמים,40.00,100 גרם,false,,3.60,0.0900,true,1,27748
712963003812,false,חטיף שוקולד קרמל ובוטנים 40ג',,,חטיף שוקולד קראנץ בו,גרמים,40.00,100 גרם,false,,3.60,0.0900,true,1,27749
712963003836,false,מאגדת מיני שוקולד נוגט וקרמל 250 גרם,,,חטיף שוקולד עם קרמל,גרמים,250.00,100 גרם,false,,17.90,0.0716,true,1,7905
712963003843,false,מאגדת מיני שוקולד צאי ווי נוגט 250 גרם,,,חטיף שוקולד חלבי גרו,גרמים,250.00,100 גרם,false,,17.90,0.0716,true,1,7906
712963003850,false,מאגדת מיני שוקולד קרמל ובוטנים 250 גרם,,,חטיף שוקולד עם בוטני,גרמים,250.00,100 גרם,false,,17.90,0.0716,true,1,7907
712963004482,false,שוקולד עלים חלב קרמל ומלח ים 125 גר',,,עלי שוקולד חלב קרמל,גרמים,125.00,100 גרם,false,,16.90,0.1352,true,1,7911
712963004505,false,חטיף קראנץ' אגוזים 40 גרם,,,חטיף שוקולד אגוזי קר,גרמים,40.00,100 גרם,false,,3.60,0.0900,true,1,27752
712963004529,false,אגוזי חטיף מיני קראנץ' אגוזים מארז 250 גר',,,חטיף שוקולד עם אגוזי,גרמים,250.00,100 גרם,false,,17.90,0.0716,true,1,7912
712963004925,false,נפוליטנים חלב גרוס 1,,,נפוליטנים חלב גרוס 1,גרמים,150.00,100 גרם,false,,15.90,0.1060,true,1,7913
712963005557,false,"שוקולד חלב לל""ס 100 גר'",גרוסליין,HR,"שוקולד גרוס חלב ללת""",גרמים,100.00,100 גרם,false,,14.90,0.1490,true,1,25893
712963005564,false,"שוקולד לבן עם שקדים לל""ס 100 גר'",גרוסליין,HR,שוקולד גרוס לבן עם ש,גרמים,100.00,100 גרם,false,,14.90,0.1490,true,1,25894
712963005601,false,"שוקולד חלב עם אגוזים לל""ס 100 גר'",גרוסליין,HR,שוקולד גרוס חלב עם ש,גרמים,100.00,100 גרם,false,,14.90,0.1490,true,1,25896
712963005618,false,שוקולד גרוס חלב במיל,גרוסליין,HR,שוקולד גרוס חלב במיל,גרמים,100.00,100 גרם,false,,14.90,0.1490,true,1,25897
718122911400,false,"פסטה מסולסל אורז חום מלא ללא גלוטן ""גולדבאו 454ג",ריזופיה פוד פרודקטס,CA,פסטה מסולסל אורז חום,גרמים,454.00,100 גרם,false,,16.90,0.0372,true,1,25631
718122911509,false,"פסטה קרניים אורז חום מלא ללא גלוטן ""גולדב"" 454 ג",ריזופיה פוד פרודקטס,CA,פסטה קרניים אורז חום,גרמים,454.00,100 גרם,false,,16.90,0.0372,true,1,25633
718122912902,false,"פסטה שלז אורז חום מלא ללא גלוטן ""גולדבאומ"" 454 ג",ריזופיה פוד פרודקטס,CA,פסטה שלז אורז חום מל,גרמים,454.00,100 גרם,false,,16.90,0.0372,true,1,25632
722776002445,false,מארז ממתיק ספלנדה שק,,,מארז ממתיק ספלנדה שק,גרמים,715.00,100 גרם,false,,89.90,0.1257,true,1,1079
732973006009,false,דג וייטפיש 624 גר' קפוא,Ocean Gourmet,US,קציצות דג וויט פיש א,גרמים,624.00,100 גרם,false,,34.90,0.0559,true,1,1575
744664093083,false,תערובת לחלות 227 גר' פרימה,פרימה,US,תערובת לחלות פרימה 2,גרמים,227.00,100 גרם,false,,18.90,0.0833,true,1,8399
768404001640,false,"גלידה בן&ג'ריס קפה משפחתית 500מ""ל",מוצרי איכות אמריקאיי,IL,גלידת שמנת בן אנד גר,מיליליטרים,500.00,"100 מ""ל",false,,16.90,0.0338,true,1,7878
782706222398,false,פסטרמה הודו גחלים ON,דליקטס,IL,פסטרמה הודו גחלים ON,גרמים,250.00,100 גרם,false,,24.90,0.0996,true,1,27536
782706222404,false,פסטרמה הודו בדבש ONE,דליקטס,IL,פסטרמה הודו בדבש ONE,גרמים,250.00,100 גרם,false,,24.90,0.0996,true,1,27537
783495814269,false,רוטב פיצה ליברס 680,פי.אל פודס,US,רוטב פיצה ליברס 680,גרמים,680.00,100 גרם,false,,14.90,0.0219,true,1,8409
811146030307,false,מארז סוכריות אודלס ס,JUNDILONG FOODS COMP,CN,מארז סוכריות אודלס ס,גרמים,384.00,100 גרם,false,,14.90,0.0388,true,1,28116
811146030314,false,אודלס סביבון פטל בשקית 12 יחי',,CN,סוכריות אודלס סביבון,גרמים,192.00,100 גרם,false,,12.90,0.0672,true,1,5211
811146030390,false,סוכריות קשות לקקן בצורת שבשבת 12 יחי',פרימיום פודס,CN,סוכריות קשות בצורת ש,גרמים,180.00,100 גרם,false,,11.90,0.0661,true,1,5213
811146030666,false,לקקן טוויסטי פופ בור,פרימיום פודס,CN,לקקן טוויסטי פופ בור,גרמים,408.00,100 גרם,false,,14.90,0.0365,true,1,27455
811146030697,false,לקקן טוויסטי פופ כוכ,פרימיום פודס,CN,לקקן טוויסטי פופ כוכ,Unknown,0.00,יחידה,false,,14.90,0.0000,true,1,27457
811146030741,false,לקקן בטעם פירות לוליפופ פשקס 6 יח,גואנגדונג צאואן פוד,CN,לקקן בטעם פירות לילו,גרמים,150.00,100 גרם,false,,11.90,0.0793,true,1,5218
811146031007,false,לקקן טוויסטי פופ לב,פרימיום פודס,CN,לקקן טוויסטי פופ לב,גרמים,408.00,100 גרם,false,,14.90,0.0365,true,1,27539
811146031328,false,לקקן טוויסטי פופ סבי,קואנזו שנגואון פוד ק,CN,לקקן טוויסטי פופ סבי,Unknown,0.00,יחידה,false,,14.90,0.0000,true,1,28137
811146031359,false,לקקן טוויסטי פופ סבי,קואנזו שנגואון פוד ק,CN,לקקן טוויסטי פופ סבי,Unknown,0.00,יחידה,false,,14.90,0.0000,true,1,28138
835811000068,false,מגבוני טואלט קשת 3*4,עלבד משואות יצחק,IL,מגבוני טואלט קשת 3*4,Unknown,0.00,יחידה,false,,11.90,0.0000,true,1,4187
835811000075,false,עדשים ירוקות הנמל 1.,הנמל,IL,עדשים ירוקות הנמל 1.,פריט,1.20,"ק""ג",false,,13.90,11.5833,true,1,4188
835811000099,false,עדשים אדומות הנמל 1.,הנמל,IL,עדשים אדומות הנמל 1.,פריט,1.20,"ק""ג",false,,13.90,11.5833,true,1,4189
835811000112,false,שעועית לחמין הנמל 1.,הנמל,IL,שעועית לחמין הנמל 1.,פריט,1.20,"ק""ג",false,,14.90,12.4167,true,1,4190
835811000136,false,"כוסמת הנמל 1.2 ק""ג",הנמל,IL,"כוסמת הנמל 1.2 ק""ג",פריט,1.20,"ק""ג",false,,12.90,10.7500,true,1,4191
835811000143,false,מפת ניילון בגליל 40 מטר הנמל,,IL,מפת ניילון בגליל 1.5,Unknown,0.00,יחידה,false,,29.90,0.0000,true,1,4192
835811000150,false,"בורגול הנמל 1.2 ק""ג",הנמל,IL,"בורגול הנמל 1.2 ק""ג",פריט,1.20,"ק""ג",false,,8.90,7.4167,true,1,4193
835811000174,false,שעועית לבנה הנמל 1.2,הנמל,IL,שעועית לבנה הנמל 1.2,פריט,1.20,"ק""ג",false,,13.90,11.5833,true,1,4195
835811000204,false,צמרוני אזניים עץ הנמ,גרנג יוניברס,CN,צמרוני אזניים עץ הנמ,Unknown,0.00,יחידה,false,,4.90,0.0000,true,1,4196
835811000228,false,"חומוס הנמל 1.2 ק""ג",הנמל,IL,"חומוס הנמל 1.2 ק""ג",פריט,1.20,"ק""ג",false,,13.90,11.5833,true,1,4197
835811000280,false,גריסי פנינה הנמל 1.2,הנמל,IL,גריסי פנינה הנמל 1.2,פריט,1.20,"ק""ג",false,,9.90,8.2500,true,1,4199
835811000303,false,"אפונה הנמל 1.2 ק""ג",הנמל,IL,"אפונה הנמל 1.2 ק""ג",פריט,1.20,"ק""ג",false,,8.90,7.4167,true,1,4200
835811000310,false,ספוג לניקוי קשת 4 יח,,IL,ספוג לניקוי קשת 4 יח,Unknown,0.00,יחידה,false,,10.90,0.0000,true,1,4201
835811000327,false,חומוס ענק הנמל 1.2 ק,הנמל,IL,חומוס ענק הנמל 1.2 ק,פריט,1.20,"ק""ג",false,,21.90,18.2500,true,1,4202
835811000334,false,ספוגיות לניקוי קשת 1,סדובסקי,IL,ספוגיות לניקוי קשת 1,Unknown,0.00,יחידה,false,,10.90,0.0000,true,1,4203
835811000341,false,"חיטה הנמל 1.2 ק""ג",הנמל,IL,"חיטה הנמל 1.2 ק""ג",פריט,1.20,"ק""ג",false,,8.90,7.4167,true,1,4204
835811000358,false,מטליות לניקוי כללי מ,סדובסקי,IL,מטליות לניקוי כללי מ,Unknown,0.00,יחידה,false,,19.90,0.0000,true,1,4205
835811000365,false,מטליות רצפה מיקרופיי,סדובסקי,IL,מטליות רצפה מיקרופיי,Unknown,0.00,יחידה,false,,29.90,0.0000,true,1,4206
835811000372,false,שקיות הקפאה למזון נשלף 100 יח',זמזמ תעשיות פלסטיק,IL,שקיות הקפאה עבות הנמ,Unknown,0.00,יחידה,false,,9.90,0.0000,true,1,4207
835811000389,false,שקיות אוכל למזון נשלף 200 יח',זמזמ תעשיות פלסטיק,IL,שקיות אוכל עבות הנמל,Unknown,0.00,יחידה,false,,9.90,0.0000,true,1,4208
835811000396,false,נייר אפיה לתבנית מוארכת - מארז 30 ניירות,הנמל,CN,נייר אפיה לתבנית מאו,Unknown,0.00,יחידה,false,,9.90,0.0000,true,1,4209
835811000464,false,"תמצית מטעם רום 250 מ""ל הנמל",,IL,תמצית רום הנמל 250 מ,מיליליטרים,250.00,"100 מ""ל",false,,8.90,0.0356,true,1,4210
835811000471,false,"תמצית מטעם וניל 250 מ""ל",,IL,תמצית בטעם וניל הנמל,מיליליטרים,250.00,"100 מ""ל",false,,8.90,0.0356,true,1,4211
835811000501,false,סירופ מייפל טהור 100% 250 גר',פרסטייל מייפל,CA,סירופ מייפל 100% דלי,גרמים,250.00,100 גרם,false,,21.90,0.0876,true,1,27282
835811000518,false,תמצית וניל טהור הנמל,,IL,תמצית וניל טהור הנמל,מיליליטרים,29.00,"100 מ""ל",false,,21.90,0.7552,true,1,27390
835811000549,false,מגבוני טואלט מועשר ב,עלבד משואות יצחק,IL,מגבוני טואלט מועשר ב,Unknown,0.00,יחידה,false,,11.90,0.0000,true,1,27837
835811000693,false,כוסיות לחיים מרובעות,ביירט,CN,כוסיות לחיים מרובעות,Unknown,0.00,יחידה,false,,17.90,0.0000,true,1,4217
835811000709,false,מטליות לניקוי רצפה ק,,,מטליות לניקוי רצפה ק,Unknown,0.00,יחידה,false,,6.90,0.0000,true,1,4218
835811000723,false,נרות חימום 100 יח הנ,מולר פבריקה נרות,PL,נרות חימום 100 יח הנ,Unknown,0.00,יחידה,false,,17.90,0.0000,true,1,4219
835811000730,false,גליליות וופל למילוי 15 יח` 150 גר`**ללא החזרות**,גילרו,IL,מארז גליליות הנמל למ,גרמים,150.00,100 גרם,false,,14.90,0.0993,true,1,4220
835811000747,false,מזלגות איכותיות קרם,מיקרו,TR,מזלגות איכותיות קרם,Unknown,0.00,יחידה,false,,26.90,0.0000,true,1,4221
835811000754,false,כפות איכותיות קרם בל,מיקרו,TR,כפות איכותיות קרם בל,Unknown,0.00,יחידה,false,,26.90,0.0000,true,1,4222
835811000761,false,כפיות איכותיות קרם ב,מיקרו,TR,כפיות איכותיות קרם ב,Unknown,0.00,יחידה,false,,26.90,0.0000,true,1,4223
835811000778,false,סכינים איכותיים קרם,מיקרו,TR,סכינים איכותיים קרם,Unknown,0.00,יחידה,false,,26.90,0.0000,true,1,4224
835811000785,false,מזלגות איכותיות שקוף,מיקרו,TR,מזלגות איכותיות שקוף,Unknown,0.00,יחידה,false,,26.90,0.0000,true,1,4225
835811000792,false,כפות איכותיות שקוף ב,מיקרו,TR,כפות איכותיות שקוף ב,Unknown,0.00,יחידה,false,,26.90,0.0000,true,1,4226
835811000808,false,כפיות איכותיות שקוף,מיקרו,TR,כפיות איכותיות שקוף,Unknown,0.00,יחידה,false,,26.90,0.0000,true,1,4227
835811000815,false,סכינים איכותיים שקוף,מיקרו,TR,סכינים איכותיים שקוף,Unknown,0.00,יחידה,false,,26.90,0.0000,true,1,4228
835811000907,false,כוסות כסף מעוטרות 50 יח' 90 CC,,TR,כוסות יין מעוטרות כס,Unknown,0.00,יחידה,false,,7.90,0.0000,true,1,4231
835811001096,false,סוכריות לקישוט מיני,ממתקי עלה,IL,סוכריות לקישוט מיני,גרמים,400.00,100 גרם,false,,17.90,0.0447,true,1,4233
835811001232,false,"נייר אפיה לתבנית עגולה 26 ס""מ - מארז 10 ניירות",האנג טונג,CN,נייר אפיה לתבנית עגו,Unknown,0.00,יחידה,false,,9.90,0.0000,true,1,4234
835811001317,false,סט צלחות שטוחות נצנצ,מיקרון מקינה,TR,סט צלחות שטוחות נצנצ,Unknown,0.00,יחידה,false,,36.90,0.0000,true,1,4237
835811001355,false,כוסות מרובעות בלו שי,בי רייט,CN,כוסות מרובעות בלו שי,Unknown,0.00,יחידה,false,,29.90,0.0000,true,1,4240
835811001409,false,"תבנית ח""פ עבה רוסטר",אופל אריזות בעמ,IL,"תבנית ח""פ עבה רוסטר",Unknown,0.00,יחידה,false,,19.90,0.0000,true,1,4241
835811001416,false,"תבנית ח""פ עבה לחלה 1",אופל אריזות בעמ,IL,"תבנית ח""פ עבה לחלה 1",Unknown,0.00,יחידה,false,,19.90,0.0000,true,1,4242
835811001423,false,"תבנית ח""פ עבה רוסטר",אופל אריזות בעמ,IL,"תבנית ח""פ עבה רוסטר",Unknown,0.00,יחידה,false,,19.90,0.0000,true,1,4243
835811001430,false,"תבנית ח""פ עבה רוסטר",אופל אריזות בעמ,IL,"תבנית ח""פ עבה רוסטר",Unknown,0.00,יחידה,false,,19.90,0.0000,true,1,4244
835811001454,false,גפרורים ארוך מאוד הנ,נור,SE,גפרורים ארוך מאוד הנ,Unknown,0.00,יחידה,false,,9.90,0.0000,true,1,4245
835811001461,false,גפרורים בינוני הנרות,,IL,גפרורים בינוני הנרות,Unknown,0.00,יחידה,false,,5.90,0.0000,true,1,4246
835811001621,false,"קינואה הנמל 1.2 ק""ג",הנמל,IL,"קינואה הנמל 1.2 ק""ג",פריט,1.20,"ק""ג",false,,14.90,12.4167,true,1,4247
835811001713,false,"נילון נצמד 150 מ' רוחב 30 ס""מ",ווינפאק סחר בעמ,IL,ניילון נצמד הנמל 150,מטרים,150.00,מטר,false,,14.90,0.0993,true,1,4249
835811001782,false,זוג מזלגות הגשה מפלס,מיקרון מקינה,TR,זוג מזלגות הגשה מפלס,Unknown,0.00,יחידה,false,,2.90,0.0000,true,1,4252
835811001805,false,כוס קינוח אלגנטית 12 יח' +מכסה 120 CC,מיקרו,CN,כוס קינוח אלגנטית +,Unknown,0.00,יחידה,false,,11.90,0.0000,true,1,26536
835811001928,false,קוקטים לאפייה 50 יח 3 אונז (מקרטון צבעוני),בי רייט,CN,תבניות אישיות לאפיה,Unknown,0.00,יחידה,false,,6.90,0.0000,true,1,4254
835811001935,false,קוקטים לאפיה 5.5 אוז 50 יח',בי רייט,CN,תבניות אישיות לאפיה,Unknown,0.00,יחידה,false,,6.90,0.0000,true,1,4255
835811002215,false,מאפינס צבעוני מס' 4 הנמל 200 יח',יונק,,מאפינס צבעוני 200 יח,Unknown,0.00,יחידה,false,,9.90,0.0000,true,1,4261
835811002239,false,מאפינס צבעוני מס' 3 הנמל 200 יח',יונק,,מאפינס צבעוני 200 יח,Unknown,0.00,יחידה,false,,8.90,0.0000,true,1,4262
835811002246,false,מאפינס צבעוני מס' 2 הנמל 200 יח',יונק,,מאפינס צבעוני 200 יח,Unknown,0.00,יחידה,false,,7.90,0.0000,true,1,4263
835811002253,false,מאפינס צבעוני מס' 1.5 הנמל 200 יח',יונק,,מאפינס צבעוני 200 יח,Unknown,0.00,יחידה,false,,6.90,0.0000,true,1,4264
835811002277,false,"שיפודים במבוק עבים 35 ס""מ 50 יח'",גרנג יוניברס,CN,שיפודי במבוק עבים הנ,Unknown,0.00,יחידה,false,,5.90,0.0000,true,1,4265
835811002406,false,מטליות רצפה מותאם למ,עופרטקס תעשיות 1997,IL,מטליות רצפה מותאם למ,Unknown,0.00,יחידה,false,,19.90,0.0000,true,1,4266
835811002451,false,נרות צבעוני 6 שעות 2,מולר פבריקה נרות,PL,נרות צבעוני 6 שעות 2,Unknown,0.00,יחידה,false,,12.90,0.0000,true,1,4268
835811002628,false,ופל קראנץ עלמה 60 יח,גילרו,IL,ופל קראנץ עלמה 60 יח,גרמים,720.00,100 גרם,false,,17.90,0.0249,true,1,4269
835811002703,false,סט אירוח צלחות ונציה,מיקרון מקינה,TR,סט אירוח צלחות ונציה,Unknown,0.00,יחידה,false,,36.90,0.0000,true,1,4270
835811002710,false,סט מרקיות ולפתניות צ,מיקרון מקינה,TR,סט מרקיות ולפתניות צ,Unknown,0.00,יחידה,false,,34.90,0.0000,true,1,4271
835811002970,false,סט אירוח צלחות ונציה,מיקרון מקינה,TR,סט אירוח צלחות ונציה,Unknown,0.00,יחידה,false,,36.90,0.0000,true,1,4272
835811002994,false,סט מרקיות ולפתניות צ,מיקרון מקינה,TR,סט מרקיות ולפתניות צ,Unknown,0.00,יחידה,false,,34.90,0.0000,true,1,4274
835811003090,false,מזלגות הגשה שקוף 10 יח' הנמל,מיקרון מקינה,TR,מזלגות הגשה מפלסטיק,Unknown,0.00,יחידה,false,,12.90,0.0000,true,1,4276
835811003106,false,כפות הגשה שקוף 10 יח' הנמל,מיקרון מקינה,TR,כפות הגשה מפלסטיק שק,Unknown,0.00,יחידה,false,,12.90,0.0000,true,1,4277
835811003113,false,מזלגות איכותיות שקוף,מיקרו,TR,מזלגות איכותיות שקוף,Unknown,0.00,יחידה,false,,26.90,0.0000,true,1,4278
835811003120,false,כפות איכותיות שקוף נ,מיקרו,TR,כפות איכותיות שקוף נ,Unknown,0.00,יחידה,false,,26.90,0.0000,true,1,4279
835811003137,false,כפיות איכותיות שקוף,מיקרו,TR,כפיות איכותיות שקוף,Unknown,0.00,יחידה,false,,26.90,0.0000,true,1,4280
835811003144,false,סכינים איכותיים שקוף,מיקרו,TR,סכינים איכותיים שקוף,Unknown,0.00,יחידה,false,,26.90,0.0000,true,1,4281
835811003199,false,נייר אפיה לתבנית מרובע 6X32 16 יח',,CN,נייר אפיה לתבנית מלב,Unknown,0.00,יחידה,false,,17.90,0.0000,true,1,4282
835811003328,false,"תבנית ח""פ עבות במיוח",,IL,"תבנית ח""פ עבות במיוח",Unknown,0.00,יחידה,false,,44.90,0.0000,true,1,4283
835811003601,false,מקלוני כותנה לתינוק 90 יח`,ספה,TR,צמרוני אוזניים לתינו,Unknown,0.00,יחידה,false,,5.90,0.0000,true,1,4288
835811003670,false,סירופ בטעם שוקולד 60,O.S,,סירופ בטעם שוקולד 60,גרמים,600.00,100 גרם,false,,9.90,0.0165,true,1,4293
835811003694,false,מזוודה טישו משי הנמל 140*10 יח',לילה,TR,טישו הנמל 10*140 יח,Unknown,0.00,יחידה,false,,23.90,0.0000,true,1,4294
835811003700,false,סודה לשתייה הנמל 250,"פוליבה בע""מ",IL,סודה לשתייה הנמל 250,גרמים,250.00,100 גרם,false,,5.90,0.0236,true,1,4295
835811003878,false,"שקיות אשפה עם ידיות 50*70 ס""מ 40 יח'",זמזמ תעשיות פלסטיק,IL,שקיות אשפה עם ידיות,Unknown,0.00,יחידה,false,,11.90,0.0000,true,1,4296
835811004189,false,פרורי לחם מוזהבים בתוספת שומשום 800 גר',הנמל,IL,פירורי לחם מוזהבים ה,גרמים,800.00,100 גרם,false,,9.90,0.0124,true,1,27910
835811004226,false,מפת ניילון בגליל 45 מטר,,IL,מפת ניילון בגליל 45,Unknown,0.00,יחידה,false,,29.90,0.0000,true,1,4299
835811004233,false,מפות ניילון 18 יח ה,זמזמ תעשיות פלסטיק,IL,מפות ניילון 18 יח ה,Unknown,0.00,יחידה,false,,16.90,0.0000,true,1,4300
835811004240,false,מפות ניילון 22 יח הנ,זמזמ תעשיות פלסטיק,IL,מפות ניילון 22 יח הנ,Unknown,0.00,יחידה,false,,16.90,0.0000,true,1,4301
835811004257,false,"רדיד אלומיניום 45 ס""מ 30 מטר 16 מיקרון",גי.טי,CN,נייר אלומיניום הנמל,מטרים,30.00,מטר,false,,23.90,0.7967,true,1,4302
835811004271,false,סלטינה אמריקאית 100 יח',ביירט,CN,צלחות סלטינה אמריקאי,Unknown,0.00,יחידה,false,,20.90,0.0000,true,1,4303
835811004417,false,ריבת חלב הנמל 340 גר,,,ריבת חלב הנמל 340 גר,גרמים,340.00,100 גרם,false,,11.90,0.0350,true,1,4306
835811004424,false,חלב מרוכז 340 גר פוליבה,פוליבה בעמ,IL,חלב מרוכז הנמל 340 ג,גרמים,340.00,100 גרם,false,,11.90,0.0350,true,1,4307
835811004523,false,קשים מיוחדים לשייק 75 יח הנמל,,CN,קשים לשייק הנמל 75 י,Unknown,0.00,יחידה,false,,6.90,0.0000,true,1,4308
835811004653,false,"תבנית אלומ` עבה משפחתית4 יח` 32X26 ס""מ",,,"תבניות ח""פ הנמל 4 יח",Unknown,0.00,יחידה,false,,8.90,0.0000,true,1,4309
835811005025,false,סיר אלומיניום בינוני+מכסה 2יח 3.85 ליטר,קינפויל גאנגזו,CN,סיר אלומיניום בינוני,Unknown,0.00,יחידה,false,,14.90,0.0000,true,1,4318
835811005421,false,"שיפודים עבים 25 ס""מ 75 יח` הנמל",שוורצקוף& הנקל דיסלד,IN,"שיפודים עבים 25 ס""מ",Unknown,0.00,יחידה,false,,2.50,0.0000,true,1,4321
835811005728,false,עלים לקרמשניט 400 גר`,רונית מאפים בעמ,IL,עלים לקרמשניט 400 גר,גרמים,400.00,100 גרם,false,,14.90,0.0373,true,1,4324
835811005735,false,כריות לכלים הנמל 12,סדובסקי,IL,כריות לכלים הנמל 12,Unknown,0.00,יחידה,false,,9.90,0.0000,true,1,4325
835811005803,false,שקיות אשפה עם ידיות 25 יח' X90-מרכז,תעשיות והשקעה אל רסא,IL,שקיות אשפה עם ידיות,Unknown,0.00,יחידה,false,,11.90,0.0000,true,1,4327
835811006046,false,ליפתן אמרקאיות 5 אונז` 100 יח`,בי רייט,CN,לפתניות אמריקאיות 10,Unknown,0.00,יחידה,false,,17.90,0.0000,true,1,4333
835811006176,false,כוס קינוח קריסטל 24 יח' 60 CC,מיקרון מקינה,TR,כוס קינוח קריסטלי 60,Unknown,0.00,יחידה,false,,14.90,0.0000,true,1,4335
835811006183,false,כוס קינוח קריסטל 24 יח` 120 C,מיקרון מקינה,TR,כוס קינוח קריסטלי 12,Unknown,0.00,יחידה,false,,14.90,0.0000,true,1,4336
835811006497,false,אבקת סוכר הנמל 500גר,ר.ס. חברה ליבוא ויצו,IL,אבקת סוכר הנמל 500 ג,גרמים,500.00,100 גרם,false,,6.90,0.0138,true,1,4338
835811006534,false,"כוסות קרטון לשתיה חמה 475 מ""ל",הנמל,CN,כוסות נייר 50 יח 16,Unknown,0.00,יחידה,false,,22.90,0.0000,true,1,4339
835811006596,false,לפתן הגשה 6 אונז + מ,מיקרון מקינה,TR,לפתן הגשה 6 אונז + מ,Unknown,0.00,יחידה,false,,11.90,0.0000,true,1,4340
835811006763,false,הנמל תבניות אלומיניום לאפייה אישיות 20 יח,האנוי ואיוין אינטרנש,CN,"תבניות ח""פ לאפיה איש",Unknown,0.00,יחידה,false,,5.90,0.0000,true,1,4341
835811007166,false,כוסות חד פעמיות מקרטון עם מכסה פלסטיק,הנג טונג,IL,כוסות לקפה + מכסה 16,Unknown,0.00,יחידה,false,,12.90,0.0000,true,1,4348
835811007494,false,גלטין טהור מדגים 2 יח` 14 X גר`,ג'ליס פיוניר,IL,אבקת גלטין טהור הנמל,גרמים,28.00,100 גרם,false,,8.90,0.3179,true,1,4349
835811007562,false,תבניות קרטון אינגליש קייק 6יח` ארוז 29X9X6,דוקרט תעשיית אריזות,IL,תבניות קרטון אינגליש,Unknown,0.00,יחידה,false,,8.90,0.0000,true,1,4350
835811007661,false,שקיות הקפאה 200 יחידות,סאם גלובל תורכיה,CN,שקיות הקפאה הנמל 200,Unknown,0.00,יחידה,false,,6.90,0.0000,true,1,4351
835811007678,false,שקיות אוכל הנמל 200 יח',סאם גלובל תורכיה,CN,שקיות אוכל הנמל 200,Unknown,0.00,יחידה,false,,2.80,0.0000,true,1,4352
835811008132,false,כריות מתכת בגליל 6יח,שוורצקוף& הנקל דיסלד,CN,ספוג מתכת הנמל 6 יח,Unknown,0.00,יחידה,false,,9.90,0.0000,true,1,4354
835811008606,false,"סיר אלומיניום ומכסה ח""פ הנמל 3 יח'",קינפויל/גאנגזו,CN,סיר אלומיניום 3 יחיד,Unknown,0.00,יחידה,false,,12.90,0.0000,true,1,4358
835811008729,false,צלחות ענק אמריקאיות הנמל 100 יח,בי רייט,CN,צלחות אמריקאיות ענק,Unknown,0.00,יחידה,false,,59.90,0.0000,true,1,4359
835811008736,false,"צלחות אמרקאיות גדול ח""פ 100 יח'",בי רייט,CN,צלחות אמריקאיות גדול,Unknown,0.00,יחידה,false,,48.90,0.0000,true,1,4360
835811008774,false,"צלחות אמריקאיות 7"" קטן ח""פ 100 יח'",בי רייט,CN,צלחות אמריקאיות קטנו,Unknown,0.00,יחידה,false,,29.90,0.0000,true,1,4363
835811008781,false,"מרקיות אמריקאיות 12OZ ח""פ 100 יח'",בי רייט,CN,"מרקיות אמריקאיות ח""פ",Unknown,0.00,יחידה,false,,29.90,0.0000,true,1,4364
835811008910,false,לפתניות הגשה 8 יח',בי רייט,CN,לפתניות הגשה 8 יח',Unknown,0.00,יחידה,false,,7.90,0.0000,true,1,4365
835811008927,false,כוס ויסקי הנמל 10 יח,בי רייט,CN,כוס ויסקי הנמל 10 יח,Unknown,0.00,יחידה,false,,11.50,0.0000,true,1,27911
835811008996,false,"כוסות חד פעמי קרטון 295 מ""ל",הנמל,CN,כוסות נייר 50 יח 300,Unknown,0.00,יחידה,false,,13.90,0.0000,true,1,4366
835811009016,false,"כוסות אספרסו 120 מ""ל",הנמל,CN,כוסות נייר 50 יח 120,Unknown,0.00,יחידה,false,,6.90,0.0000,true,1,4367
835811009139,false,"לפתניות מרובעות ח""פ הנמל 10 יח'",בי רייט,CN,לפתניות מרובע קטן 10,Unknown,0.00,יחידה,false,,9.90,0.0000,true,1,4368
838948000048,false,ממרח שוקולד אגוזים ש,SHNEIDER'S,NL,ממרח שוקולד אגוזים ש,גרמים,700.00,100 גרם,false,,21.90,0.0313,true,1,21175
838948002271,false,עוגיות שוקולד ציפס ק,SHNEIDER'S,FR,עוגיות שוקולד ציפס ק,גרמים,200.00,100 גרם,false,,8.90,0.0445,true,1,21183
838948008969,false,קרקר יו מרובע שניידר,שניידרס,FR,קרקר יו מרובע שניידר,גרמים,300.00,100 גרם,false,,9.90,0.0330,true,1,26583
844510012111,false,יין רמת יהודה קברנה,אגדת,IL,יין רמת יהודה קברנה,מיליליטרים,750.00,"100 מ""ל",false,,69.90,0.0932,true,1,983
844510013101,false,יין ירושלים הילס קבר,אגדת,IL,יין ג'רוזלם הילז קבר,מיליליטרים,750.00,"100 מ""ל",false,,39.90,0.0532,true,1,987
844510013125,false,יין ירושלים הילס מרל,אגדת,IL,יין ג'רוזלם הילז מרל,מיליליטרים,750.00,"100 מ""ל",false,,39.90,0.0532,true,1,988
850008847257,false,יין טברנקל קברנה סוב,יקב טרנקבל,IL,יין טברנקל קברנה סוב,מיליליטרים,750.00,"100 מ""ל",false,,89.90,0.1199,true,1,24864
854928007067,false,שוקולד מריר 41% רוקה,מאונטיין צוקולט ק.פ.,HK,שוקולד מריר 41% רוקה,גרמים,600.00,100 גרם,false,,14.90,0.0248,true,1,1292
856591000055,false,עוגיות מזרחיות קריספי שרוף במיוחד,עבאדי,IL,עוגיות מזרחיות קריספ,גרמים,400.00,100 גרם,false,,15.80,0.0395,true,1,14063
856591000062,false,עוגיות מזרחיות מלח 400 ג' עבאדי,מאפיית יוסף ושמחה עב,IL,עוגיות מזרחיות מלח ע,גרמים,400.00,100 גרם,false,,15.80,0.0395,true,1,14064
856591000109,false,עבאדי עוגיות מזרחיות פריכות 400ג',מאפיית יוסף ושמחה עב,IL,עוגיות מזרחיות פריכו,גרמים,400.00,100 גרם,false,,15.80,0.0395,true,1,14065
856591000512,false,עוגיות עבאדי מיני מזרחי מקלות 400ג',מאפיית יוסף ושמחה עב,IL,עוגיות מזרחיות מקלונ,גרמים,400.00,100 גרם,false,,16.90,0.0422,true,1,14066
856591000949,false,עבאדי קטנטנים מאפה חיטה מלוח 350ג גר',עבאדי,IL,עוגיות קטנטנים עבאדי,גרמים,350.00,100 גרם,false,,16.90,0.0483,true,1,14067
856591000956,false,עבאדי מאפה חיטה גריל קטנטנים 350 גר',עבאדי,IL,עוגיות קטנטנים בטעם,גרמים,350.00,100 גרם,false,,16.90,0.0483,true,1,26759
856591000970,false,מאפה חיטה מקלונים - חריף 400 גרם,עבאדי,IL,עוגיות מזרחיות מקלונ,גרמים,400.00,100 גרם,false,,16.90,0.0422,true,1,26758
859844005432,false,משקה שיבולת שועל גול,ליקואטס וג'טאלס,ES,משקה שיבולת שועל גול,מיליליטרים,946.00,"100 מ""ל",false,,12.90,0.0136,true,1,28287
884912117625,false,דגני שלווה מצופים בדבש Golden Crisp,הנסיך- מפעל לייצור ט,US,דגני בוקר גולדן קריס,גרמים,418.00,100 גרם,false,,19.90,0.0476,true,1,26617
884912359155,false,דגני בוקר האני באנצס רוסטד 340 ג' POST,פוסט לקיוויל,US,דגני בוקר האני בנצ',גרמים,340.00,100 גרם,false,,17.90,0.0526,true,1,26621
884912359414,false,דגני בוקר האני באנצס קינמון 340 ג' POST,פוסט לקיוויל,US,דגני בוקר האני בנצ',גרמים,340.00,100 גרם,false,,17.90,0.0526,true,1,26623
884912365200,false,דגני בוקר אוראו הדור הבא 311 ג',פוסט לקיוויל,US,דגני בוקר עם פירורי,גרמים,311.00,100 גרם,false,,19.90,0.0640,true,1,26749
884912377142,false,דגני בוקר האני באנצס וניל 340 ג' POST,פוסט לקיוויל,US,דגני בוקר האני בנצ',גרמים,340.00,100 גרם,false,,17.90,0.0526,true,1,28841
1025675950121,false,מארז סוכריות אודלס ס,JUNDILONG FOODS COMP,CN,מארז סוכריות אודלס ס,גרמים,384.00,100 גרם,false,,14.90,0.0388,true,1,28117
3059944021197,false,"ויט קרם הסרת שיער לעור רגיש - 400 מ""ל",רקיט בנקיזר,FR,קרם להסרת שיער ויט 4,מיליליטרים,400.00,"100 מ""ל",false,,39.90,0.0997,true,1,11635
3141360054405,false,פיניש מפיץ ריח למדיח בניחוח לימון וליים,הדקלאים אגודת שיתופי,PL,מפיג ריח פיניש לימון,Unknown,0.00,יחידה,false,,12.90,0.0000,true,1,11637
3387390320244,false,פיטנס Fitness דגנים מלאים עם פירות,נסטלה צרפת איטנקורט,FR,דגני בוקר פיטנס עם פ,גרמים,375.00,100 גרם,false,,19.90,0.0531,true,1,479
3387390525960,false,קראנץ' Crunch דגנים פריכים עם שוקולד,הנסיך- מפעל לייצור ט,FR,דגני בוקר קראנצ 500,גרמים,500.00,100 גרם,false,,19.90,0.0398,true,1,480
3566761006127,false,יין דומיין בורגון שר,,IL,יין דומיין בורגון שר,מיליליטרים,750.00,"100 מ""ל",false,,119.90,0.1599,true,1,25765
3574660058857,false,"שמן לתינוק גונסון 500 מ""ל",גונסון אנד גונסון,IT,שמן גונסונס בייבי 50,גרמים,500.00,100 גרם,false,,29.90,0.0598,true,1,12965
3574660089547,false,או-בה טמפונים קלאסי נורמל 32יח',ג'ונסון אנד ג'ונסון,GR,טמפונים אובה פרוקומפ,Unknown,0.00,יחידה,false,,19.90,0.0000,true,1,12966
3574660115154,false,או-בה טמפונים קלאסי סופר 32יח',ג'ונסון אנד ג'ונסון,IT,טמפונים אובה פרוקומפ,Unknown,0.00,יחידה,false,,19.90,0.0000,true,1,12967
3574660239829,false,ניוטרגינה ס.נורבגית קרם ידיים קל 75מל,ניוטרוג'ינה Neutrogena,FR,קרם ידיים ניוטרוג'ינ,מיליליטרים,75.00,"100 מ""ל",false,,19.90,0.2653,true,1,27770
3574660464337,false,מגני תחתון קרפרי נורמל אוורירי מבושם,ג'ונסון אנד ג'ונסון,IT,מגן תחתון קרפרי נורמ,Unknown,0.00,יחידה,false,,19.90,0.0000,true,1,12969
3574660464368,false,קרפרי מגן תחתון אוורירי אלוורה 76 יח'',גונסון אנד גונסון,IT,מגן תחתון קרפרי אלוו,Unknown,0.00,יחידה,false,,19.90,0.0000,true,1,12970
3574660514643,false,נוטרוגינה קרם לחות עשיר 300 מל,ניוטרוג'ינה Neutrogena,FR,קרם לחות מרגיע ניוטר,מיליליטרים,300.00,"100 מ""ל",false,,19.90,0.0663,true,1,27779
3574660520132,false,ליסטרין מי פה קולמינט 1 ליטר-מרכז,גונסון אנד גונסון,IT,מי פה ליסטרין מנטה 1,קילוגרמים,1.00,ליטר,false,,29.90,29.9000,true,1,11826
3574661098531,false,ניוטרוגינה תחליב גוף מועשר לעור יבש/רגיש,ניוטרוג'ינה Neutrogena,GR,תחליב גוף ניוטרוג'ינ,מיליליטרים,400.00,"100 מ""ל",false,,19.90,0.0497,true,1,27773
3574661098937,false,ניוטריגינה ת.גוף עור יבש משאבה 400מל,ניוטרוג'ינה Neutrogena,GR,תחליב גוף ניוטרוג'ינ,מיליליטרים,400.00,"100 מ""ל",false,,19.90,0.0497,true,1,27774
3574661226491,false,ליסטרין - מי פה טוטאל קר 1 ליטר,גונסון אנד גונסון,IT,מי פה ליסטרין טוטאל,קילוגרמים,1.00,ליטר,false,,29.90,29.9000,true,1,11831
3574661487632,false,מגני תחתון פלוס לארג' בניחוח עדין L,קרפרי Carefree,IT,מגן תחתון קרפרי לארג,Unknown,0.00,יחידה,false,,19.90,0.0000,true,1,12971
3574661491950,false,מי פה ליסטרין הלבנה,גונסון אנד גונסון,IT,מי פה ליסטרין הלבנה,קילוגרמים,1.00,ליטר,false,,34.90,34.9000,true,1,9997
3574669907682,false,גונסונס בייבי טלק 500 ג',גונסון אנד גונסון,IT,טלק גונסונס בייבי 50,גרמים,500.00,100 גרם,false,,29.90,0.0598,true,1,12972
3574669907729,false,"גונסונס בייבי שמפו גולד 750 מ""ל",גונסון אנד גונסון,IT,שמפו גונסונס בייבי ג,מיליליטרים,750.00,"100 מ""ל",false,,23.90,0.0319,true,1,12973
3574669908665,false,גונסון בייבי אל סבון לפני שינה 750 חדש,גונסון אנד גונסון,IT,אל סבון לפני השינה ג,מיליליטרים,750.00,"100 מ""ל",false,,19.90,0.0265,true,1,12975
3574669908948,false,גונסון בייבי אל סבון לרחצה עדינה 750 חדש,גונסון אנד גונסון,IT,תחליב רחצה עדין גונס,מיליליטרים,750.00,"100 מ""ל",false,,19.90,0.0265,true,1,12976
3607343817547,false,"אדידס - דאודורנט ספריי לגבר קליימקול 150 מ""ל",קולפ,PT,דאו אדידס ספריי לגבר,מיליליטרים,150.00,"100 מ""ל",false,,11.90,0.0793,true,1,27164
3607349687458,false,"דאו' ספריי לגבר קול דריי פרש 150מ""ל",קולפ,PT,דאו אדידס ספריי לגבר,מיליליטרים,150.00,"100 מ""ל",false,,11.90,0.0793,true,1,27165
3614223736003,false,"אדידס - דאודורנט ספריי לגבר אדיפיור 150 מ""ל",איגפק אס.איי,PT,דאו אדידס ספריי לגבר,מיליליטרים,150.00,"100 מ""ל",false,,11.90,0.0793,true,1,27166
3661163991146,false,"אדידס - דאודורנט ספריי לאישה קול אנד קר פרש 150 מ""ל",מיוצר עי קונדיטוריית,PT,דאו אדידס ספריי לאיש,מיליליטרים,150.00,"100 מ""ל",false,,11.90,0.0793,true,1,27162
3661163991344,false,"אדידס דאודורנט ספריי מקס פרו-קליר לאישה 150 מ""ל",מיוצר עי קונדיטוריית,PT,דאו אדידס ספריי לאיש,מיליליטרים,150.00,"100 מ""ל",false,,11.90,0.0793,true,1,27163
4001432773230,false,יין בלו נאן בלו וויי,יקב רמת הגולן,DE,יין בלו ווין מוסקטו,מיליליטרים,750.00,"100 מ""ל",false,,49.90,0.0665,true,1,4638
4002448017684,false,"סיליט באנג ספריי רב שימושי כתום 750 מ""ל",הדקלאים אגודת שיתופי,PL,תרסיס סיליט באנג 750,מיליליטרים,750.00,"100 מ""ל",false,,12.50,0.0167,true,1,11638
4002448019480,false,"סיליט באנג ספריי מסיר שומנים 750 מ""ל",סיליט באנג Cillit Bang,PL,תרסיס סיליט באנג מסי,מיליליטרים,750.00,"100 מ""ל",false,,12.50,0.0167,true,1,11639
4008287051032,false,"פחית בירה קרומבאכר פילס 500 מ""ל",מנדלז סי.אר. פרודקשן,DE,בירה קרומבאכר פילס פ,מיליליטרים,500.00,"100 מ""ל",false,,9.90,0.0198,true,1,6231
4008287058161,false,בירה קרומבאכר פילס 4.8% שישיה 6 * 330 מל,מנדלז סי.אר. פרודקשן,DE,מארז בירה קרומבאכר פ,קילוגרמים,1.98,ליטר,false,,29.90,15.1010,true,1,6232
4008287762020,false,"בירה קרומבאכר חיטה 500 מ""ל",קרומבכר Krombacher,IL,בירה קרומבאכר חיטה ב,מיליליטרים,500.00,"100 מ""ל",false,,9.90,0.0198,true,1,6233
4008287905786,false,"קרומבאכר חיטה פחית בודד 500 מ""ל",מנדלז סי.אר. פרודקשן,DE,בירה קרומבאכר חיטה פ,מיליליטרים,500.00,"100 מ""ל",false,,9.90,0.0198,true,1,6234
4008496884896,false,מארז 10 סוללות ורטה,,,מארז 10 סוללות ורטה,Unknown,0.00,יחידה,false,,14.90,0.0000,true,1,18108
4008496927364,false,מארז 10 סוללות VARTA AAA -חדש,,,מארז 10 סוללות ורטה,Unknown,0.00,יחידה,false,,14.90,0.0000,true,1,18109
4008535095351,false,בננית מצופה שוקולד ש,שקדיה,IL,בננית מצופה שוקולד ש,גרמים,300.00,100 גרם,false,,12.90,0.0430,true,1,16814
4009300522935,false,תה פומפדור תה ירוק לימונית ולואיזה 20 יח',"איטיליאן פוד, אס.פי.",DE,תה ירוק פומפדור לימו,גרמים,30.00,100 גרם,false,,14.90,0.4967,true,1,12977
4009300522966,false,פומפדור תה ירוק נענע 20 שקיקים,"איטיליאן פוד, אס.פי.",DE,תה ירוק פומפדור נענע,גרמים,30.00,100 גרם,false,,14.90,0.4967,true,1,12978
4009300524588,false,תה פומפדור חליטת צמחים פירות יער 20 יח',פומפדור Pompadour,DE,חליטת צמחים פומפדור,גרמים,60.00,100 גרם,false,,11.90,0.1983,true,1,12979
4009300524625,false,תה פומפדור צאי מסאלה 20 שקיקים,פומפדור Pompadour,DE,תה פומפדר צאי מסאלה,גרמים,40.00,100 גרם,false,,10.90,0.2725,true,1,12980
4009300525684,false,חליטת צמחים ג'ינג'ר לימונית,פומפדור Pompadour,DE,חליטת פירות פומפדור,גרמים,35.00,100 גרם,false,,11.90,0.3400,true,1,12982
4009300526438,false,פומפדור תה ירוק קלאסי 30 ג',"איטיליאן פוד, אס.פי.",DE,תה ירוק פומפדור קלאס,גרמים,30.00,100 גרם,false,,14.90,0.4967,true,1,12983
4009900402965,false,מסטיק אורביט וויט בטעם פירות ללא סוכר,ריגלי פולין,PL,מסטיק אורביט בבקבוק,גרמים,64.00,100 גרם,false,,9.40,0.1469,true,1,11612
4009900403023,false,מסטיק אורביט בקבוקון דאבל white קלאסי 64ג',"ב.א מזון בע""מ",PL,מסטיק אורביט בבקבוק,גרמים,64.00,100 גרם,false,,9.40,0.1469,true,1,11613
4009900420129,false,מסטיק אורביט פרופשנל פפרמינט בקבוקון 64 גר',מרס נדרלנד,PL,מסטיק אורביט בבקבוק,גרמים,64.00,100 גרם,false,,9.40,0.1469,true,1,11614
4009900465304,false,סוכריות סקיטלס פירות חמוצים 174 גרם,סקיטלס Skittles,CZ,סוכריות סקיטלס פירות,גרמים,174.00,100 גרם,false,,7.90,0.0454,true,1,11618
4009900479998,false,מסטיק אורביט בטעם אוכמניות ללא סוכר,ריגלי פולין,PL,מסטיק אורביט בבקבוק,גרמים,64.00,100 גרם,false,,9.40,0.1469,true,1,11619
4009900482417,false,מסטיק אורביט פירות מנטה בקבוקון באבל מינט 45יח,ריגלי פולין,PL,מסטיק אורביט בבקבוק,גרמים,64.00,100 גרם,false,,9.40,0.1469,true,1,11621
4009900531122,false,"מסטיק בטעם מנטה ספירמינט, 64 ג' פרופשיונל אורפיט",מרס נדרלנד,PL,מסטיק אורביט בבקבוק,גרמים,64.00,100 גרם,false,,9.40,0.1469,true,1,11629
4012273123009,false,"קרם ידיים ניטרוגינה 50 מ""ל",גונסון אנד גונסון,FR,קרם ידיים ניוטרוג'ינ,מיליליטרים,50.00,"100 מ""ל",false,,19.90,0.3980,true,1,27771
4015400564034,false,מגני תחתון אולוויז לונג פלוס עם ניחוח,פרוקטר אנד גמבל,TR,מגן תחתון אולדייז מג,Unknown,0.00,יחידה,false,,16.90,0.0000,true,1,28960
4015400598381,false,תחבושות היגייניות אולטרה לונג - מארז קוואטרו 48 יח',פרוקטר אנד גמבל,HU,תחבושות אלוויז קוואט,Unknown,0.00,יחידה,false,,29.90,0.0000,true,1,2620
4015400695677,false,חיתולי פמפרס בייבי ד,פרוקטר & גמבל,TR,חיתולי פמפרס בייבי ד,Unknown,0.00,יחידה,false,,64.90,0.0000,true,1,2622
4015400695691,false,חיתולי פמפרס בייבי ד,פרוקטר & גמבל,TR,חיתולי פמפרס בייבי ד,Unknown,0.00,יחידה,false,,64.90,0.0000,true,1,2623
4015400990543,false,"אבקת כביסה קולור 8 ק""ג אריאל",פרוקטר & גמבל,FR,אבקת כביסה צבעונית א,פריט,8.00,"ק""ג",false,,54.90,6.8625,true,1,2629
4015600762742,false,שמפו יומיומי למניעת קשקשים הנוסחה הקלאסית,פרוקטר אנד גמבל,RO,שמפו הד&שולדרס קלאסי,מיליליטרים,500.00,"100 מ""ל",false,,14.90,0.0298,true,1,2630
4015600762780,false,שמפו וקונדישינר יומיומי למניעת קשקשים הנוסחה הקלאסית 2in1,פרוקטר אנד גמבל,RO,שמפו ומרכך הד&שולדרס,מיליליטרים,500.00,"100 מ""ל",false,,14.90,0.0298,true,1,2631
4015600762902,false,"שמפו מנטול הד אנד שולדרס 500 מ""ל",פרוקטר אנד גמבל,RO,שמפו הד&שולדרס מנטול,מיליליטרים,500.00,"100 מ""ל",false,,14.90,0.0298,true,1,2632
4015600762940,false,שמפו יומיומי למניעת קשקשים בניחוח תפוח,פרוקטר אנד גמבל,RO,שמפו הד&שולדרס תפוח,מיליליטרים,500.00,"100 מ""ל",false,,14.90,0.0298,true,1,2633
4015600763022,false,שמפו יומיומי למניעת קשקשים לשיער יבש/פגום לשיער רך כמשי,פרוקטר אנד גמבל,RO,שמפו הד&שולדרס מגע מ,מיליליטרים,500.00,"100 מ""ל",false,,14.90,0.0298,true,1,2634
4015600810849,false,דאודורנט ג'ל לגבר Sport power rush 48h,פרוקטר אנד גמבל,PL,דאו גל גילט קליר פאו,גרמים,70.00,100 גרם,false,,17.90,0.2557,true,1,2635
4022025002100,false,"בלו ווין מבעבע רוזה כשר 750 מ""ל",היי סישל סוהן טראבן,IL,יין בלו ווין רוזה 24,מיליליטרים,750.00,"100 מ""ל",false,,49.90,0.0665,true,1,4641
4022025261002,false,יין בלו ווין גוורצטרמינר 750 מל,לנגוט טראבן,DE,יין לבן בלו ווין גוו,מיליליטרים,750.00,"100 מ""ל",false,,44.90,0.0599,true,1,4642
4053700292455,false,ויט רצועות שעווה תמצית צמחים לעור רגיל,רקיט בנקיזר,FR,רצועות שעווה לעור רג,Unknown,0.00,יחידה,false,,19.90,0.0000,true,1,11640
4062400115483,false,טקילה סיירה סילבר 70,אגדת,IL,טקילה סיירה סילבר 70,מיליליטרים,700.00,"100 מ""ל",false,,79.90,0.1141,true,1,1000
4062400543125,false,טקילה סיירה זהב רפסדו,סיארה Sierra,MX,טקילה סיירה זהב רפוס,מיליליטרים,700.00,"100 מ""ל",false,,79.90,0.1141,true,1,1001
4066600999614,false,"בירה פאולנר 500 מ""ל בקבוק",מבשלת פאולנר,DE,בירה מעוננת פאולנר 5,מיליליטרים,500.00,"100 מ""ל",false,,10.90,0.0218,true,1,5388
4084500371422,false,"אריאל לכביסה שושן צחור 8 ק""ג",פרוקטר & גמבל,FR,אבקת כביסה אריאל שוש,פריט,8.00,"ק""ג",false,,54.90,6.8625,true,1,2638
4105120623941,false,"בירה ויינשטפן בק' ח""פ 500 מ""ל",ווינשטפן Weihenstephaner,DE,בירה ויינשטפן 5.4% 5,מיליליטרים,500.00,"100 מ""ל",false,,10.90,0.0218,true,1,4011
4105120624412,false,"בירה וינשטפן ויטוס 500 מ""ל",קרלסברג ישראל,IL,בירה ויינשטפן 7.7% 5,מיליליטרים,500.00,"100 מ""ל",false,,10.90,0.0218,true,1,4012
4210201176688,false,אורל בי ראש חשמלי סנסיטיב 4 יח',פרוקטר & גמבל,IE,ראש חשמלי למברשת שינ,Unknown,0.00,יחידה,false,,69.90,0.0000,true,1,2643
4210201245193,false,מברשת חשמלית נטענת לילדים +3 פרוזן D100,פרוקטר & גמבל,DE,מברשת שיניים חשמלית,Unknown,0.00,יחידה,false,,69.90,0.0000,true,1,2647
4210201262183,false,מברשת שיניים חשמלית ויטליטי Vitality נטענת,פרוקטר & גמבל,DE,מברשת שיניים חשמלית,Unknown,0.00,יחידה,false,,69.90,0.0000,true,1,2648
4210201320111,false,מברשת שיניים ויטליטי ספיידרמן אורל בי,פרוקטר & גמבל,DE,מברשת שיניים חשמלית,Unknown,0.00,יחידה,false,,69.90,0.0000,true,1,2649
4210201360742,false,אורל בי ראש חשמלי לניקוי יסודי 4 יח',פרוקטר & גמבל,IE,ראש חשמלי למברשת שינ,Unknown,0.00,יחידה,false,,69.90,0.0000,true,1,2651
4210201365334,false,אורל בי ראש מילוי חשמלי פחם 4 יחידות,פרוקטר & גמבל,IE,ראש חשמלי למברשת שינ,Unknown,0.00,יחידה,false,,69.90,0.0000,true,1,2652
4260147890551,false,איטריות ביצים רצועות,דין שיווק,PL,אטריות ביצים רצועות,גרמים,500.00,100 גרם,false,,9.90,0.0198,true,1,16817
4260147890711,false,אטריות ביצים מגולגול 500 ג',דין שיווק,PL,אטריות ביצים מגולגלו,גרמים,500.00,100 גרם,false,,9.90,0.0198,true,1,16818
4603400000067,false,וודקה רוסקי סטנדרט 1,רוסקי סטנדרט,RU,וודקה רוסקי סטנדרט 1,קילוגרמים,1.00,ליטר,false,,89.90,89.9000,true,1,14339
4603400000203,false,וודקה רוסקי סטנדרט 1 ליטר,,,וודקה רוסקי סטנדרט 1,קילוגרמים,1.00,ליטר,false,,89.90,89.9000,true,1,14340
4603514009277,false,גין באריסטר יבש 700מ,לדוגה,IL,ג'ין יבש באריסטר 700,מיליליטרים,700.00,"100 מ""ל",false,,79.90,0.1141,true,1,1004
4603928000983,false,וודקה בלוגה 1 ליטר,מרינסק דיסטילרי,,וודקה בלוגה 1 ליטר,קילוגרמים,1.00,ליטר,false,,129.90,129.9000,true,1,25035
4610028130014,false,וודקה לג'נד אוף קרמל,טולה פקטורי 1911,RU,וודקה לג'נד אוף קרמל,קילוגרמים,1.00,ליטר,false,,129.90,129.9000,true,1,25853
4640018993398,false,קפסולות ג'יל רגיל קואנטום 60 יח' פיניש,רקיט בנקיזר,PL,טבליות פיניש קוואנטו,Unknown,0.00,יחידה,false,,54.90,0.0000,true,1,11642
4710964104916,false,שמן שומשום טהור מזרח,פלייבור פול פודס טיי,TW,שמן שומשום טהור מזרח,מיליליטרים,370.00,"100 מ""ל",false,,22.50,0.0608,true,1,20734
4710964170799,false,שומשום שחור קלוי 91 גרם,פלייבור פול פודס טיי,TH,שומשום שחור קלוי מזר,גרמים,91.00,100 גרם,false,,16.50,0.1813,true,1,20735
4751007730938,false,שפרוטים מעושנים בשמן,karavela,LV,שפורט מעושן בשמן דבר,גרמים,240.00,100 גרם,false,,7.90,0.0329,true,1,2840
4791021002789,false,תה ירוק אימפרה 100 ש,IMPERIAL TEA EXPORT,,תה ירוק 100 שקיקים,גרמים,200.00,100 גרם,false,,19.90,0.0995,true,1,2841
4791021003588,false,תה שחור אימפרה 100 ש,IMPERIAL TEA EXPORT,LK,תה שחור אימפרה 100 ש,גרמים,150.00,100 גרם,false,,9.90,0.0660,true,1,2842
4791021006695,false,תה ירוק יסמין 25 שקי,IMPERIAL TEA EXPORT,,תה ירוק יסמין 25 שקי,גרמים,50.00,100 גרם,false,,9.90,0.1980,true,1,2845
4791021009399,false,תה ירוק קלאסי 25 שקי,IMPERIAL TEA EXPORT,,תה ירוק קלאסי 25 שקי,גרמים,50.00,100 גרם,false,,9.90,0.1980,true,1,2846
4791021901969,false,תה ירוק חמוציות 25 ש,IMPERIAL TEA EXPORT,,תה ירוק חמוציות 25 ש,גרמים,50.00,100 גרם,false,,9.90,0.1980,true,1,2847
4791021901983,false,תה ירוק צאי מסלה 25,IMPERIAL TEA EXPORT,,תה ירוק צאי מסלה 25,גרמים,50.00,100 גרם,false,,9.90,0.1980,true,1,2848
4791021904861,false,תה ירוק גינגר 25 שקי,IMPERIAL TEA EXPORT,,תה ירוק גינגר 25 שקי,גרמים,50.00,100 גרם,false,,9.90,0.1980,true,1,2849
4791021944720,false,תה ארל גריי ספיישל 1,IMPERIAL TEA EXPORT,,תה ארל גריי שחור 10,גרמים,200.00,100 גרם,false,,19.90,0.0995,true,1,2850
4815087000111,false,שמן קנולה מזוכך 1 לי,"אגרופודוקט בע""מ",BY,שמן קנולה אוליס 1 לי,קילוגרמים,1.00,ליטר,false,,8.90,8.9000,true,1,6543
4891228430054,false,סכיני גילוח שיק אקזקטה 2 ורוד 5 יח',שיק,CN,סכיני גילוח לנשים שי,Unknown,0.00,יחידה,false,,9.90,0.0000,true,1,12986
4891228430092,false,שיק אקסטרים 3 קומפורט +לנשים 4 יחידות,אנרג'יזר Energizer,CN,סכיני גילוח לנשים שי,Unknown,0.00,יחידה,false,,14.90,0.0000,true,1,12987
4891228460242,false,סכיני גילוח שיק קוואטרו נשים 3 יח',אנרג'יזר Energizer,CN,סכיני גילוח לנשים 4,Unknown,0.00,יחידה,false,,19.90,0.0000,true,1,12988
4902430864596,false,מברשת שיניים אורל בי מארז שישייה,פרוקטר & גמבל,IN,מברשת שיניים אורל בי,Unknown,0.00,יחידה,false,,9.90,0.0000,true,1,233
4903001904192,false,"רוטב סויה יאמסה פרימיום 500 מ""ל",הדקלאים אגודת שיתופי,JP,רוטב סויה יאמאסה 500,גרמים,500.00,100 גרם,false,,9.90,0.0198,true,1,25399
4903001925784,false,סויה יאמאסה 500 מל דל נתרן,הדקלאים אגודת שיתופי,JP,רוטב סויה מופחת נתרן,גרמים,500.00,100 גרם,false,,9.90,0.0198,true,1,25396
4903001930993,false,רוטב טריאקי יאמאסה 5,יאמאסה yamasa,JP,רוטב טריאקי יאמאסה 5,גרמים,500.00,100 גרם,false,,9.90,0.0198,true,1,25400
4987176128188,false,מברשת שיניים אורל בי מארז שישייה,פרוקטר & גמבל,IN,מברשת שיניים אורל בי,Unknown,0.00,יחידה,false,,9.90,0.0000,true,1,27256
5000157143365,false,מתבל בטעם מיונז וקטשופ היינץ 425 ג',היינץ Heinz,PL,רוטב בטעם מיונז וקטש,גרמים,425.00,100 גרם,false,,14.90,0.0351,true,1,2530
5000299225004,false,וויסקי שיבאס רגאל 18,מזקקת האחים שיבאס,,ויסקי שיבאס ריגל 18,מיליליטרים,700.00,"100 מ""ל",false,,219.90,0.3141,true,1,26984
5000299295021,false,ויסקי גלנליווט 15 שנ,גורג וגיי גי סמית,,ויסקי גלנליווט 15 שנ,מיליליטרים,700.00,"100 מ""ל",false,,199.90,0.2856,true,1,5390
5000299607091,false,ויסקי סקוטי סקאפה 70,,IS,ויסקי סקוטי סקאפה 70,מיליליטרים,700.00,"100 מ""ל",false,,229.90,0.3284,true,1,11846
5000299609347,false,וויסקי גלנליווט Glenlivet,גורג וגיי גי סמית,GB,ויסקי גלנליווט פאונד,מיליליטרים,700.00,"100 מ""ל",false,,129.90,0.1856,true,1,5391
5000394093812,false,סוללות דורסל סימפלי,דורסל,,סוללות דורסל סימפלי,Unknown,0.00,יחידה,false,,19.90,0.0000,true,1,2657
5000394093836,false,סוללות דורסל סימפלי,דורסל,,סוללות דורסל סימפלי,Unknown,0.00,יחידה,false,,19.90,0.0000,true,1,2658
5010106111956,false,וויסקי בלנטיין Ballantines,בלנטיינ'ס Ballantines,US,ויסקי בלנטיינס 1 ליט,קילוגרמים,1.00,ליטר,false,,99.90,99.9000,true,1,5392
5010327105215,false,וויסקי מאנקי שולדר Monkey Shoulder,וויליאם גרנט ובניו,GB,ויסקי מאנקי שולדר 70,מיליליטרים,700.00,"100 מ""ל",false,,109.90,0.1570,true,1,11849
5010391101007,false,ליקר דרמבוי 1 ליטר,גלזגו,GB,ליקר דרמבוי 1 ליטר,קילוגרמים,1.00,ליטר,false,,139.90,139.9000,true,1,11853
5010496003565,false,ויסקי אוכנטושן קלאסי,מוריסון בואומור,GB,ויסקי אוכנטושן 700 מ,מיליליטרים,700.00,"100 מ""ל",false,,119.90,0.1713,true,1,11855
5010677551281,false,"בקרדי בריזר לימון 275 מ""ל",בקרדי בריזר Bacardi Breezer,BE,בקרדי בריזר לימון 27,מיליליטרים,275.00,"100 מ""ל",false,,12.90,0.0469,true,1,5394
5010677551397,false,"בקרדי בריזר ליים 275 מ""ל בקבוק",בקרדי בריזר Bacardi Breezer,BE,בקרדי בריזר ליים 275,מיליליטרים,275.00,"100 מ""ל",false,,12.90,0.0469,true,1,5395
5010677552387,false,"בקרדי בריזר אננס 275 מ""ל בקבוק",בקרדי בריזר Bacardi Breezer,BE,בקרדי בריזר אננס 275,מיליליטרים,275.00,"100 מ""ל",false,,12.90,0.0469,true,1,5396
5010677554398,false,"בקרדי בריזר אבטיח 275 מ""ל בקבוק",בקרדי בריזר Bacardi Breezer,BE,בקרדי בריזר אבטיח 27,מיליליטרים,275.00,"100 מ""ל",false,,12.90,0.0469,true,1,5397
5010677716000,false,ג'ין יבש בומביי 1 ל,,,ג'ין יבש בומביי 1 ל,קילוגרמים,1.00,ליטר,false,,119.90,119.9000,true,1,26994
5011007003227,false,ויסקי גיימסון 1 ליטר,אייריש דיסטלריז,,ויסקי גיימסון 1 ליטר,קילוגרמים,1.00,ליטר,false,,99.90,99.9000,true,1,5398
5014271001210,false,מעדן פרי סנדלפור 4 פ,סנדלפור St.dalfour,FR,מעדן 4 פירות סנט דלפ,גרמים,500.00,100 גרם,false,,24.90,0.0498,true,1,21199
5014271001227,false,מעדן פרי סנדלפור משמ,סנדלפור St.dalfour,FR,מעדן משמש סנט דלפור,גרמים,500.00,100 גרם,false,,24.90,0.0498,true,1,21200
5014271001234,false,מעדן פרי דובדבנים שחורים,סנדלפור St.dalfour,FR,מעדן דובדבן סנט דלפו,גרמים,500.00,100 גרם,false,,24.90,0.0498,true,1,21201
5014271001241,false,מעדן פרי סנדלפור תות,סנדלפור St.dalfour,FR,מעדן תות סנט דלפור 5,גרמים,500.00,100 גרם,false,,24.90,0.0498,true,1,21202
5024546366630,false,ויסקי סקוטש לאודרס 1,אגדת,IL,ויסקי לאודרס סקוטי 1,קילוגרמים,1.00,ליטר,false,,79.90,79.9000,true,1,1009
5050083559761,false,קלוגס קוקו פופס שוקו 500ג',קלוגס מניופקטורינג א,ES,קלוגס קוקו פופס שוקו,גרמים,500.00,100 גרם,false,,14.90,0.0298,true,1,2531
5053827215862,false,קלוגס קוקו פופס שוקו 500ג',קלוגס Kellogg's,GB,קלוגס קוקו פופס שוקו,גרמים,500.00,100 גרם,false,,14.90,0.0298,true,1,2532
5060060210219,false,תרסיס אסטוניש מבריק,יעקב יעקובי,IL,תרסיס אסטוניש מבריק,מיליליטרים,750.00,"100 מ""ל",false,,9.90,0.0132,true,1,11857
5060060211605,false,קרם אסטוניש לניקוי ב,יעקב יעקובי,IL,קרם אסטוניש לניקוי ב,מיליליטרים,500.00,"100 מ""ל",false,,9.90,0.0198,true,1,11858
5060060211612,false,קרם אסטוניש לניקוי ע,יעקב יעקובי,IL,קרם אסטוניש לניקוי ע,מיליליטרים,500.00,"100 מ""ל",false,,9.90,0.0198,true,1,11859
5060809351395,false,כפפות ויניל 100 יח מ,,,כפפות ויניל 100 יח מ,Unknown,0.00,יחידה,false,,14.90,0.0000,true,1,25038
5060809351401,false,כפפות ויניל 100 יח מ,,,כפפות ויניל 100 יח מ,Unknown,0.00,יחידה,false,,14.90,0.0000,true,1,25039
5060809354747,false,כפפות ניטריל 100 יחי,,,כפפות ניטריל 100 יחי,Unknown,0.00,יחידה,false,,21.90,0.0000,true,1,25040
5060809354761,false,כפפות ניטריל 100 יחי,,,כפפות ניטריל 100 יחי,Unknown,0.00,יחידה,false,,21.90,0.0000,true,1,25042
5060809354778,false,כפפות ניטריל 100 יחי,,,כפפות ניטריל 100 יחי,Unknown,0.00,יחידה,false,,21.90,0.0000,true,1,25043
5099864006377,false,סימילאק למהדרין שלב 1 אריזת חיסכון 900 ג.,אבוט מעבדות רפואיות,NL,סימילאק מהדרין שלב 1,גרמים,900.00,100 גרם,false,,69.90,0.0777,true,1,9998
5099864006384,false,סימילאק למהדרין שלב 2 אריזת חיסכון 900 ג.,אבוט מעבדות רפואיות,NL,סימילאק מהדרין שלב 2,גרמים,900.00,100 גרם,false,,69.90,0.0777,true,1,9999
5099864006391,false,סימילאק למהדרין שלב 3 אריזת חיסכון 900 ג,אבוט מעבדות רפואיות,NL,סימילאק מהדרין שלב 3,גרמים,900.00,100 גרם,false,,69.90,0.0777,true,1,10000
5099873088654,false,ויסקי ג'ק דניאלס סינ,ג'ק דניאלס,US,ויסקי ג'ק דניאלס סינ,מיליליטרים,700.00,"100 מ""ל",false,,179.90,0.2570,true,1,11861
5201085540084,false,סוכריות ג'ילי מיקס שקית 800 גר',אולמפיק,GR,סוכריות גילו מיקס 70,גרמים,700.00,100 גרם,false,,13.90,0.0199,true,1,2035
5201246002215,false,בירה פילס היילס Pils Hellas,הלניק בריויריס אוף א,GR,בירה פילס היילס 3.8%,מיליליטרים,500.00,"100 מ""ל",false,,4.90,0.0098,true,1,28319
5201347400545,false,רצועות שעווה מוכנות לשימוש לפנים ולאזורים רגישים,רקיט בנקיזר,FR,רצועות שעווה פנים וי,Unknown,0.00,יחידה,false,,19.90,0.0000,true,1,11644
5202175001515,false,נאצ'וס בטעם מלוח 225 גרם,אל סבור מקסיקן פוד,TW,נאצ'וס בטעם מלוח אל,גרמים,225.00,100 גרם,false,,10.50,0.0467,true,1,20736
5202175001546,false,נאצ'וס בטעם ברביקיו 225 גרם,אל סבור מקסיקן פוד,TW,נאצ'וס בטעם ברביקיו,גרמים,225.00,100 גרם,false,,10.50,0.0467,true,1,20737
5290074002962,false,מיץ אננס ומנגו 100% פאן 1 ליטר,ניו סיויגיפ אלטידי,קפריסין,מיץ אננס ומנגו FONT,קילוגרמים,1.00,ליטר,false,,9.90,9.9000,true,1,29053
5290074003198,false,מיץ תפוזים 100% 1 ליטר 'פאן',קהאן,קפריסין,מיץ תפוזים 100% פאן,קילוגרמים,1.00,ליטר,false,,9.90,9.9000,true,1,26704
5290074003211,false,מיץ אננס 100% 1 ליטר 'פאן',קהאן,קפריסין,מיץ אננס 100% פאן 1,קילוגרמים,1.00,ליטר,false,,9.90,9.9000,true,1,26706
5290074003228,false,מיץ תפוחים 100% 1 ליטר 'פאן',קהאן,קפריסין,מיץ תפוחים 100% פאן,קילוגרמים,1.00,ליטר,false,,9.90,9.9000,true,1,26707
5290074004225,false,מיץ מיקס תפוזים תפוח,קהאן,קפריסין,מיץ מיקס תפוזים תפוח,קילוגרמים,1.00,ליטר,false,,9.90,9.9000,true,1,26708
5391523062152,false,סימילאק שלב 1 למהדרין 400 גרם,אבוט,IE,סימילאק מהדרין שלב 1,גרמים,400.00,100 גרם,false,,29.90,0.0747,true,1,26743
5410126006087,false,לוטוס עוגיות קרמל 700 גרם,כלורוקס אוקלנד,BE,ביסקוויט קרמל לוטוס,גרמים,700.00,100 גרם,false,,19.90,0.0284,true,1,2540
5410126006360,false,לוטוס עוגיות סנדוויץ' במילוי לוטוס 150 גר',לוטוס ביקרי בלגיה נ.,BE,עוגיות סנדוויץ בטעם,גרמים,150.00,100 גרם,false,,8.90,0.0593,true,1,2542
5410126006377,false,לוטוס עוגיות סנדוויץ במילוי וניל 150 גרם,לוטוס ביקרי בלגיה נ.,BE,עוגיות סנדוויץ בטעם,גרמים,150.00,100 גרם,false,,8.90,0.0593,true,1,2543
5410126116953,false,ממרח עוגיות קרמל 400 ג' לוטוס,לוטוס בייקרי בלגיה נ,BE,ממרח עוגיות לוטוס 40,גרמים,400.00,100 גרם,false,,19.90,0.0497,true,1,2544
5410126666038,false,עוגיות לוטוס 18*2 279 גרם,לוטוס ביקרי,BE,ביסקוויט קרמל לוטוס,גרמים,279.00,100 גרם,false,,9.90,0.0355,true,1,2545
5410126726947,false,ממרח עוגיות לוטוס קראנץ' 380 גרם,לוטוס בייקרי בלגיה נ,BE,ממרח עוגיות קראנצ לו,גרמים,380.00,100 גרם,false,,19.90,0.0524,true,1,2546
5410228142089,false,בירה לף לונד בלונד 3,קרלסברג יבוא יצוא,,בירה לף בלונד 6.6%,מיליליטרים,330.00,"100 מ""ל",false,,6.90,0.0209,true,1,25323
5410228144755,false,מארז בירה סטלה ארטוא,קרלסברג יבוא יצוא,IL,מארז בירה סטלה ארטוא,קילוגרמים,1.98,ליטר,false,,24.90,12.5758,true,1,11866
5410228146162,false,בירה לף לונד בראון 3,קרלסברג יבוא יצוא,BE,בירה לף בראון 6.5% 3,מיליליטרים,330.00,"100 מ""ל",false,,6.90,0.0209,true,1,4013
5410228217732,false,פחית בירה סטלה ארטואה,מנדלז סי.אר. פרודקשן,BE,בירה סטלה ארטואה 5.2,מיליליטרים,440.00,"100 מ""ל",false,,3.90,0.0089,true,1,26077
5410316442930,false,וודקה סמירנוף אדום 1,,,וודקה סמירנוף אדום 1,קילוגרמים,1.00,ליטר,false,,74.90,74.9000,true,1,20492
5410316983693,false,"אייס סמירנוף בודד 275 מ""ל",סמירנוף אייס Smirnoff ice,IT,"סמירנוף אייס 275 מ""ל",מיליליטרים,275.00,"100 מ""ל",false,,12.90,0.0469,true,1,4014
5411081003654,false,בירה קסטיל רוז 330 מ,מבשלת קסטל ואן הונסב,BE,בירה קסטיל רוז 330 מ,מיליליטרים,330.00,"100 מ""ל",false,,11.90,0.0361,true,1,25679
5411188080268,false,משקה סויה אורגני 1 ל' אלפרי,הנסיך- מפעל לייצור ט,BE,משקה סויה אורגני אלפ,קילוגרמים,1.00,ליטר,false,,11.90,11.9000,true,1,12492
5411188081852,false,אלפרו משקה סויה בטעם וניל 1 ל',הנסיך- מפעל לייצור ט,BE,משקה סויה וניל אלפרו,קילוגרמים,1.00,ליטר,false,,11.90,11.9000,true,1,12493
5411188094159,false,מעדן סויה שוקולד בלגי אלפרו 4*125 ג',הנסיך- מפעל לייצור ט,BE,מארז מעדן סויה שוקול,גרמים,500.00,100 גרם,false,,15.90,0.0318,true,1,12494
5411188096108,false,"אלפרו סויה לבישול ואפייה 250 מ""ל",אלפרו C.V.A,BE,סויה לבישול 4.7% אלפ,מיליליטרים,250.00,"100 מ""ל",false,,7.90,0.0316,true,1,12495
5411188110835,false,אלפרו חלב סויה שקדים וניל 1ל',הנסיך- מפעל לייצור ט,BE,משקה שקדים אלפרו 1 ל,קילוגרמים,1.00,ליטר,false,,11.90,11.9000,true,1,12497
5411188112549,false,אלפרו משקה אורז 1 ליטר,הנסיך- מפעל לייצור ט,BE,משקה אורז ללא סוכר א,קילוגרמים,1.00,ליטר,false,,11.90,11.9000,true,1,12499
5411188112709,false,משקה אלפרו שקדים ללא סוכר 1 ליטר,הנסיך- מפעל לייצור ט,BE,משקה שקדים לא ממותק,קילוגרמים,1.00,ליטר,false,,11.90,11.9000,true,1,12500
5411188115366,false,אלפרו משקה שיבולת שועל 1 ליטר,הנסיך- מפעל לייצור ט,BE,משקה שיבולת שועל אלפ,קילוגרמים,1.00,ליטר,false,,12.90,12.9000,true,1,12501
5411188115434,false,משקה אלפרו בריסטה סויה 1 ליטר,אלפרו Alpro,BE,משקה בריסטה סויה אלפ,קילוגרמים,1.00,ליטר,false,,12.90,12.9000,true,1,12502
5411188115472,false,אלפרו משקה סויה 1 ליטר,הנסיך- מפעל לייצור ט,BE,משקה סויה אלפרו 1 לי,קילוגרמים,1.00,ליטר,false,,11.90,11.9000,true,1,12503
5411188118732,false,אלפרו חלב משקה קוקוס שקדים 1 ל',הנסיך- מפעל לייצור ט,BE,משקה קוקוס שקדים אלפ,קילוגרמים,1.00,ליטר,false,,12.90,12.9000,true,1,12504
5411188120742,false,אלפרו חלב משקה שקדים בטעם וניל 1 ל',הנסיך- מפעל לייצור ט,BE,משקה שקדים וניל אלפר,קילוגרמים,1.00,ליטר,false,,12.90,12.9000,true,1,12505
5411188120957,false,"אלפרו תערובת לבישול על בסיס קוקוס 250 מ""ל",אלפרו Alpro,IL,קוקוס לבישול 14% אלפ,מיליליטרים,250.00,"100 מ""ל",false,,9.90,0.0396,true,1,12142
5411188124689,false,משקה שיבולת שועל ללא סוכר 1ל' אלפרו,אלפרו Alpro,BE,משקה שיבולת שועל ללא,קילוגרמים,1.00,ליטר,false,,12.90,12.9000,true,1,12506
5411188127697,false,משקה בריסטה שיבולת שועל 1ל' אלפרו,הנסיך- מפעל לייצור ט,BE,משקה בריסטה שיבולת ש,קילוגרמים,1.00,ליטר,false,,12.90,12.9000,true,1,12507
5411188134985,false,אלפרו 3.5% NOT M*LK שיבולת שועל 1 ליטר בית יוסף,הנסיך- מפעל לייצור ט,BE,משקה שיבולת שועל 3.5,קילוגרמים,1.00,ליטר,false,,13.90,13.9000,true,1,12143
5411188135005,false,אלפרו 1.8% NOT M*LK שיבולת שועל 1 ליטר בית יוסף,הנסיך- מפעל לייצור ט,BE,משקה שיבולת 1.8% שו,קילוגרמים,1.00,ליטר,false,,13.90,13.9000,true,1,12144
5411188300328,false,"אלפרו משקה סויה שוקו 500מ""ל",הנסיך- מפעל לייצור ט,BE,משקה סויה שוקו אלפרו,קילוגרמים,1.00,ליטר,false,,11.90,11.9000,true,1,12510
5411188513483,false,"משקה סויה לבישול 14% 250 מ""ל אלפרו",אלפרו C.V.A,BE,סויה לבישול 14% אלפר,מיליליטרים,250.00,"100 מ""ל",false,,9.90,0.0396,true,1,12145
5411188543398,false,משקה סויה ללא סוכר 1 ל' אלפרו,הנסיך- מפעל לייצור ט,BE,משקה סויה ללא תוספת,קילוגרמים,1.00,ליטר,false,,11.90,11.9000,true,1,12512
5604912415041,false,סרדינים בשמן חמניה פורטוס 125 ג',קונסרבס פורטוגל נורט,PT,סרדין בשמן חמניות פו,גרמים,125.00,100 גרם,false,,5.90,0.0472,true,1,2548
5604912415058,false,סרדינים בשמן חמניה חריף פורטוס 125 ג',פורטוס Porthos,PT,סרדין בשמן חמניות חר,גרמים,125.00,100 גרם,false,,5.90,0.0472,true,1,2549
5604912425057,false,מקרלים בשמן חמניה חריף 125 ג' פורטוס,קונסרבס פורטוגל נורט,PT,מקרל בשמן חמניות חרי,גרמים,125.00,100 גרם,false,,5.90,0.0472,true,1,2551
5711953106583,false,גבינת שמנת בטעם טבעי 200 גרם ארלה,ארלה פודס אמבה,DK,גבינת שמנת טבעי 24.5,גרמים,200.00,100 גרם,false,,13.90,0.0695,true,1,12146
5711953106590,false,גבינת שמנת עם שום 200 גרם ארלה,ארלה פודס אמבה,DK,גבינת שמנת שום 24% א,גרמים,200.00,100 גרם,false,,13.90,0.0695,true,1,12147
5711953106606,false,גבינת שמנת עם תבלינים ועשבי תיבול 23.5%,ארלה פודס אמבה,DK,גבינת שמנת עשבי תיבו,גרמים,200.00,100 גרם,false,,13.90,0.0695,true,1,12148
5900020026552,false,דגני בוקר האני נאט צ'יריוס בטעם דבש ושקדים,נסטלה צרפת איטנקורט,FR,דגני בוקר האני נאט צ,גרמים,625.00,100 גרם,false,,19.90,0.0318,true,1,482
5900020039590,false,פיטנס חטיף דגנים קלאסי פרווה 6 יח',נסטלה פולין דגני בוק,IL,חטיף דגנים קלאסי פיט,גרמים,141.00,100 גרם,false,,9.60,0.0681,true,1,484
5900020039620,false,פיטנס חטיף דגנים שקדים ודבש פרווה,נסטלה פולין ברים,IL,חטיף דגנים שקדים ודב,גרמים,141.00,100 גרם,false,,9.60,0.0681,true,1,485
5900020041142,false,קורנפלקס פיטנס 500 ג' אסם,נסטלה צרפת איטנקורט,PL,קורנפלקס פיטנס 500 ג,גרמים,500.00,100 גרם,false,,12.90,0.0258,true,1,28167
5900907000583,false,מלפפון בחומץ בצנצנת,ברצה אורבנק,PL,מלפפון בחומץ בצנצנת,גרמים,920.00,100 גרם,false,,13.90,0.0151,true,1,2852
5900907000835,false,מלפפון בחומץ אורבנק,אורבנק,PL,מלפפון בחומץ אורבנק,פריט,2.55,"ק""ג",false,,29.90,11.7255,true,1,2853
5901483010102,false,"חליטת תפו""ע פירות יע",bifix,,"חליטת תפו""ע פירות יע",גרמים,50.00,100 גרם,false,,7.90,0.1580,true,1,2854
5901483020309,false,חליטת פירות יער 25 ש,bifix,,חליטת פירות יער 25 ש,גרמים,50.00,100 גרם,false,,7.90,0.1580,true,1,2855
5901483060022,false,חליטת עלי מרווה ביופ,bifix,,חליטת עלי מרווה 20 ש,גרמים,40.00,100 גרם,false,,7.90,0.1975,true,1,2856
5901483060060,false,חליטת שומר 20 שקיקים,bifix,,חליטת שומר 20 שקיקים,גרמים,40.00,100 גרם,false,,7.90,0.1975,true,1,2857
5901483060206,false,חליטת מנטה 20 שקיקים,bifix,,חליטת מנטה 20 שקיקים,גרמים,40.00,100 גרם,false,,7.90,0.1975,true,1,2858
5901483060404,false,חליטת בבונג 20 שקיקי,bifix,,חליטת בבונג 20 שקיקי,גרמים,35.00,100 גרם,false,,7.90,0.2257,true,1,2859
5901483081027,false,חליטת לואיזה 20 שקיק,bifix,,חליטת לואיזה 20 שקיק,גרמים,35.00,100 גרם,false,,7.90,0.2257,true,1,2860
5902198160403,false,"משקה אנרגיה XL TEN פחית לל""ס 250מ""ל","טמפו משקאות בע""מ",IL,משקה אנרגיה אקסל ללא,מיליליטרים,250.00,"100 מ""ל",false,,3.90,0.0156,true,1,5399
5904941751302,false,"משקה אנרגיה בלו 250 מ""ל- בודד",אקו - ביט,PL,משקה אנרגיה בלו 250,מיליליטרים,250.00,"100 מ""ל",false,,4.50,0.0180,true,1,2039
5904941751920,false,בלו משקה אנרגיה דיי חצי מכמות הקלו250 מל,אקו - ביט,PL,משקה אנרגיה בלו דיי,מיליליטרים,250.00,"100 מ""ל",false,,4.50,0.0180,true,1,2040
5904941752262,false,"משקה אנרגיה BLU לימון סיקס ללא סוכר 250 מ""ל",אקווה ויט,PL,משקה אנרגיה בלו סיקס,מיליליטרים,250.00,"100 מ""ל",false,,4.50,0.0180,true,1,2041
5906485301012,false,"משקה אנרגיה XL פחית 250 מ""ל","טמפו משקאות בע""מ",IL,משקה אנרגיה אקסל 250,מיליליטרים,250.00,"100 מ""ל",false,,3.90,0.0156,true,1,5400
5997321770307,false,Veet רצועות שעווה לעור רגיש (12 יח'),רקיט בנקיזר,FR,רצועות שעווה לעור רג,Unknown,0.00,יחידה,false,,19.90,0.0000,true,1,11646
6009606260218,false,דגני בוקר וויטביקס 430 גרם,ויטביקס,GB,דגני בוקר וויטביקס 4,גרמים,450.00,100 גרם,false,,21.90,0.0487,true,1,25409
6009684861000,false,חטיף דגנים דבש בוטנים 168ג',דין שיווק,MK,חטיף דגנים בטעם דבש,גרמים,125.00,100 גרם,false,,9.90,0.0792,true,1,16819
6086143094056,false,יין וייס קברנה סובינ,יקב וייס,IL,יין וייס קברנה סובינ,מיליליטרים,750.00,"100 מ""ל",false,,149.90,0.1999,true,1,27054
6102020000948,false,מארז 24 סוללות פאואר,,,מארז 24 סוללות פאואר,Unknown,0.00,יחידה,false,,29.90,0.0000,true,1,18333
6102021100869,false,מארז 19 סוללות כפתור פאואר,,,מארז 19 סוללות כפתור,Unknown,0.00,יחידה,false,,9.90,0.0000,true,1,18422
6102022100202,false,מארז 12 סוללות אלקלי,,,מארז 12 סוללות אלקלי,Unknown,0.00,יחידה,false,,11.90,0.0000,true,1,25816
6111049000150,false,סרדין בשמן סויה לימו,אטלנטיק הום סרדינס א,MA,סרדין בשמן ולימון 12,גרמים,125.00,100 גרם,false,,4.90,0.0392,true,1,19163
6111049003106,false,מארז סרדין מרוקאי בש,אטלנטיק הום סרדינס א,MA,מארז סרדין מרוקאי בש,גרמים,500.00,100 גרם,false,,14.90,0.0298,true,1,19166
6111049003113,false,מארז סרדין מרוקאי בש,אטלנטיק הום סרדינס א,MA,מארז סרדין מרוקאי בש,גרמים,500.00,100 גרם,false,,14.90,0.0298,true,1,19167
6111119000011,false,קוסקוס מרוקאי פרידה,,,קוסקוס מרוקאי פרידה,פריט,1.00,"ק""ג",false,,12.90,12.9000,true,1,19168
6111119000028,false,קוסקוס פרידה 500 גרם,,,קוסקוס פרידה 500 גרם,גרמים,500.00,100 גרם,false,,5.90,0.0118,true,1,28423
6111251700138,false,מארז פילה אנשובי וצל,,,מארז פילה אנשובי וצל,גרמים,200.00,100 גרם,false,,21.90,0.1095,true,1,19172
6112014100301,false,נר הבדלה פמוט פירמיד,,,נר הבדלה פמוט פירמיד,Unknown,0.00,יחידה,false,,14.90,0.0000,true,1,15171
6112014100318,false,נר הבדלה דלוקס,,,נר הבדלה דלוקס,Unknown,0.00,יחידה,false,,5.90,0.0000,true,1,15172
6112015100072,false,ליפה חבלים,,,ליפה חבלים,Unknown,0.00,יחידה,false,,14.90,0.0000,true,1,15175
6112017100513,false,נר הבדלה דגם מס 7,,,נר הבדלה דגם מס 7,Unknown,0.00,יחידה,false,,12.90,0.0000,true,1,15221
6112017103996,false,שקיות הקפאה פסגור או,יואן קאי יון,CN,שקיות הקפאה פסגור או,Unknown,0.00,יחידה,false,,14.90,0.0000,true,1,15298
6112017104016,false,שקיות אוכל פסגור אול,,,שקיות אוכל פסגור אול,Unknown,0.00,יחידה,false,,14.90,0.0000,true,1,15299
6112017104030,false,ספוג מסאג אמבטיה 2 י,,,ספוג מסאג אמבטיה 2 י,Unknown,0.00,יחידה,false,,13.90,0.0000,true,1,15300
6112017105358,false,שקיות הקפאה 30 יח,,,שקיות הקפאה 30 יח,Unknown,0.00,יחידה,false,,14.90,0.0000,true,1,15342
6112017105556,false,כריות קרצוף זוג מסיל,,,כריות קרצוף זוג מסיל,Unknown,0.00,יחידה,false,,16.90,0.0000,true,1,15351
6112017105723,false,חוט דנטלי זוג,,,חוט דנטלי זוג,Unknown,0.00,יחידה,false,,9.90,0.0000,true,1,15363
6112017105860,false,אטבי כביסה מסיליקון,,,אטבי כביסה מסיליקון,Unknown,0.00,יחידה,false,,17.90,0.0000,true,1,15369
6112017105877,false,אטבי כביסה אולינהום,,,אטבי כביסה אולינהום,Unknown,0.00,יחידה,false,,17.90,0.0000,true,1,15370
6112017106256,false,אטבי כביסה אולינהום,,,אטבי כביסה אולינהום,Unknown,0.00,יחידה,false,,17.90,0.0000,true,1,15394
6112017106782,false,ספוג למקלחת זוג,,,ספוג למקלחת זוג,Unknown,0.00,יחידה,false,,19.90,0.0000,true,1,15410
6112017106881,false,כפפות גומי 4 יח' S א,,,כפפות גומי 4 יח' S א,Unknown,0.00,יחידה,false,,8.90,0.0000,true,1,15417
6112017106898,false,כפפות גומי 4 יח' M א,,,כפפות גומי 4 יח' M א,Unknown,0.00,יחידה,false,,8.90,0.0000,true,1,15418
6224009175062,false,תחתיות ארטישוק קפוא,O.K FRUIT,EG,תחתיות ארטישוק קפוא,פריט,1.00,"ק""ג",false,,14.90,14.9000,true,1,1529
6224009175123,false,פול קפוא אינדירה 1,O.K FRUIT,EG,פול קפוא אינדירה 1,פריט,1.00,"ק""ג",false,,13.90,13.9000,true,1,1530
6224009175147,false,"במיה קפואה 1 ק""ג",O.K FRUIT,EG,"במיה קפואה 1 ק""ג",פריט,1.00,"ק""ג",false,,11.90,11.9000,true,1,1531
6224009175192,false,"תות שדה 1 ק""ג קפוא ב",O.K FRUIT,EG,"תות שדה קפוא 1 ק""ג",פריט,1.00,"ק""ג",false,,14.90,14.9000,true,1,1532
6412700021027,false,וודקה פינלנדיה 1 ליט,,,וודקה פינלנדיה 1 ליט,קילוגרמים,1.00,ליטר,false,,89.90,89.9000,true,1,11867
6910191800287,false,אצות נורי בלו 10 דף (ננגטונג),ננטונג היידה אקווטוק,CN,אצות נורי לסושי מזרח,גרמים,25.00,100 גרם,false,,10.90,0.4360,true,1,20741
6912977000140,false,אטריות שעועית 250 גר' ( Yantai)ללא גלוטן,יאנטאי ינסידה לנוגקא,CN,אטריות שעועית מזרח ו,גרמים,250.00,100 גרם,false,,8.90,0.0356,true,1,20742
6921052701001,false,אצות ווקאמה מיובשות,ננטונג הידה אקוטיק פ,CN,אצות ווקאמה מיובשות,גרמים,40.00,100 גרם,false,,8.50,0.2125,true,1,27973
6922276100083,false,מחית וואסבי -חזרת 43 גרם (דליאן),דליאן ג'ינדה קונדימנ,CN,מחית וואסבי חזרת מזר,גרמים,43.00,100 גרם,false,,9.90,0.2302,true,1,20743
6923634954621,false,ממתק סטיקס בטעם פטל,שנטו גאבט פודס' ושו,CN,ממתק סטיקס בטעם פטל,גרמים,390.00,100 גרם,false,,19.90,0.0510,true,1,26598
6923634954850,false,ממתק סטיקס בטעם תות,שנטו גאבט פודס' ושו,CN,ממתק סטיקס בטעם תות,גרמים,390.00,100 גרם,false,,19.90,0.0510,true,1,26600
6934930849016,false,שמן חמניות אורו 1 לי,גומא,RU,שמן חמניות אורו 1 לי,קילוגרמים,1.00,ליטר,false,,8.90,8.9000,true,1,26266
6934931807268,false,פסטרמה איטלקית ONEG,דליקטס,IL,פסטרמה איטלקית ONEG,גרמים,200.00,100 גרם,false,,24.90,0.1245,true,1,27395
6934931807336,false,כתף בקר מפולפל ONEG,דליקטס,IL,כתף בקר מפולפל ONEG,גרמים,150.00,100 גרם,false,,24.90,0.1660,true,1,27396
6934931807404,false,קורנביף ONEG 150 גרם,דליקטס,IL,קורנביף ONEG 150 גרם,גרמים,150.00,100 גרם,false,,24.90,0.1660,true,1,27401
6934931807572,false,רוסטביף ONEG 150 גרם,דליקטס,IL,רוסטביף ONEG 150 גרם,גרמים,150.00,100 גרם,false,,24.90,0.1660,true,1,27402
6935487561246,false,מסיכה כירורגית שחורה מארז 50 יח',,,מסכות כירורגיות 50 י,Unknown,0.00,יחידה,false,,5.90,0.0000,true,1,22199
6936745600462,false,רוטב מירין לתיבול מז,דאנינג יוה פודס קו,CN,מירין מזרח ומערב 500,מיליליטרים,500.00,"100 מ""ל",false,,17.90,0.0358,true,1,20744
6936745600783,false,"חומץ אורז 500 מ""ל (דאניינג)",דאנינג יוה פודס קו,CN,חומץ אורז מזרח ומערב,מיליליטרים,500.00,"100 מ""ל",false,,14.90,0.0298,true,1,20745
6939456721983,false,מסכות כירורגיות לנוע,,,מסכות כירורגיות לנוע,Unknown,0.00,יחידה,false,,6.90,0.0000,true,1,22201
6952379521317,false,ספוג רחצה 3 יח',,,ספוג רחצה 3 יח',Unknown,0.00,יחידה,false,,12.90,0.0000,true,1,15466
6974800740104,false,"טבעות תפו""ע טבעי עם",היאגואן,CN,"טבעות תפו""ע טבעי עם",גרמים,88.00,100 גרם,false,,12.90,0.1466,true,1,26734
6974800740203,false,"טבעות תפו""ע טבעי עם",היאגואן,CN,"טבעות תפו""ע טבעי עם",גרמים,88.00,100 גרם,false,,12.90,0.1466,true,1,26735
6974800740302,false,"טבעות תפו""ע טבעי מיו",היאגואן,CN,"טבעות תפו""ע טבעי מיו",גרמים,88.00,100 גרם,false,,12.90,0.1466,true,1,26736
6985425120165,false,ליפה לרחצה,,,ליפה לרחצה,Unknown,0.00,יחידה,false,,7.90,0.0000,true,1,15469
7162203029004,false,שמיכת פוך יחיד אינדי,,,שמיכת פוך יחיד אינדי,Unknown,0.00,יחידה,false,,79.90,0.0000,true,1,28330
7162203029011,false,שמיכת פוך זוגי אינדי,,,שמיכת פוך זוגי אינדי,Unknown,0.00,יחידה,false,,99.90,0.0000,true,1,28331
7290000000282,false,שום 12 ראשים,אראל תוצרת חקלאית בע,IL,שום 12 ראשים,Unknown,12.00,יחידה,false,,17.90,1.4917,true,1,14679
7290000000411,false,שום ייבוא ליח,אראל תוצרת חקלאית בע,IL,שום 4 ראשים,Unknown,4.00,יחידה,false,,7.90,1.9750,true,1,14680
7290000000978,false,חסה גלאט ברכת קטיף,ברכת קטיף,IL,חסה גלאט ברכת קטיף,Unknown,0.00,יחידה,false,,5.90,0.0000,true,1,19716
7290000000985,false,פטרוזיליה גלאט ברכת,ברכת קטיף,IL,פטרוזיליה גלאט ברכת,Unknown,0.00,יחידה,false,,5.90,0.0000,true,1,19717
7290000001043,false,כרוב לבן ברכת קטיף,ברכת קטיף,IL,כרוב לבן ברכת קטיף,קילוגרמים,1.00,"ק""ג",true,,19.90,19.9000,true,1,19718
7290000001074,false,כרוב אדום ברכת קטיף,קרלברג ייצור ושיווק,IL,כרוב אדום ברכת קטיף,קילוגרמים,1.00,"ק""ג",true,,19.90,19.9000,true,1,19720
7290000001524,false,מולוצנייה בייבי,מעדני מניה תעשיות בש,IL,בצל ירוק,Unknown,0.00,יחידה,false,,5.90,0.0000,true,1,19721
7290000001579,false,סלרי גלאט ברכת קטיף,ברכת קטיף,IL,סלרי גלאט ברכת קטיף,Unknown,0.00,יחידה,false,,5.90,0.0000,true,1,19722
7290000001593,false,נענע גלאט ברכת קטיף,ברכת קטיף,IL,נענע גלאט ברכת קטיף,Unknown,0.00,יחידה,false,,5.90,0.0000,true,1,19724
7290000001609,false,סלק עלים גלאט,ברכת קטיף,IL,עלי סלק גלאט,Unknown,0.00,יחידה,false,,5.90,0.0000,true,1,19725
7290000001616,false,כוסברה גלאט ברכת קטי,ברכת קטיף,IL,כוסברה גלאט ברכת קטי,Unknown,0.00,יחידה,false,,5.90,0.0000,true,1,19726
7290000001982,false,אפרסמון,אראל תוצרת חקלאית בע,IL,אפרסמון,קילוגרמים,1.00,"ק""ג",true,,9.90,9.9000,true,1,14688
7290000023007,false,"ברנדי שטוק 84 40% 750 מ""ל","יקבי ברקן בע""ם",IL,"ברנדי שטוק 84 750 מ""",מיליליטרים,750.00,"100 מ""ל",false,,64.90,0.0865,true,1,5282
7290000023083,false,ערק אשקלון 40% בקבוק,"יקבי ברקן בע""מ",IL,ארק אשקלון 40% 700 מ,מיליליטרים,700.00,"100 מ""ל",false,,46.90,0.0670,true,1,5283
7290000023410,false,ליקר סטוק גלה קפה 75,יקבי ברקן,,ליקר סטוק גלה קפה 75,מיליליטרים,750.00,"100 מ""ל",false,,49.90,0.0665,true,1,26866
7290000023427,false,ליקר שטוק אמרטו 750מ,"יקבי ברקן בע""מ",IL,ליקר סטוק אמרטו 750,מיליליטרים,750.00,"100 מ""ל",false,,49.90,0.0665,true,1,26867
7290000023441,false,ליקר שטוק בטעם שוקול,קריות זול,,ליקר בטעם שוקולד שטו,מיליליטרים,750.00,"100 מ""ל",false,,49.90,0.0665,true,1,26275
7290000023809,false,"יין ברקן קלאסיק קברנה סובניון 750מ""ל",יקבי ברקן שיווק והפצ,IL,יין קלאסיק קברנה,מיליליטרים,750.00,"100 מ""ל",false,,27.90,0.0372,true,1,5284
7290000023816,false,"יין ברקן קלאסיק אמרלד ריזלינג 750מ""ל",יקבי ברקן שיווק והפצ,IL,יין קלאסיק אמרלד ריז,מיליליטרים,750.00,"100 מ""ל",false,,27.90,0.0372,true,1,5285
7290000023977,false,"יין ברקן קלאסיק מרלו 750 מ""ל",יקבי ברקן שיווק והפצ,IL,יין קלאסיק מרלו,מיליליטרים,750.00,"100 מ""ל",false,,27.90,0.0372,true,1,5286
7290000024202,false,"יין ברקן רזרב קברנה סובניון 750 מ""ל",ברקן שיווק והפצה בעמ,IL,יין רזרב קברנה סובני,מיליליטרים,750.00,"100 מ""ל",false,,38.90,0.0519,true,1,5287
7290000024264,false,"יין ברקן רזרב מרלו 750 מ""ל",כרמי צבי - אחים סגל,IL,יין רזרב מרלו,מיליליטרים,750.00,"100 מ""ל",false,,38.90,0.0519,true,1,5288
7290000024523,false,מיץ ענבים תירוש אדום,כרמי צבי - האחים סגל,IL,מיץ ענבים תירוש אדום,קילוגרמים,1.00,ליטר,false,,11.90,11.9000,true,1,5289
7290000024554,false,יין אסמבלאז ריחן 200,יקבי ברקן,IL,יין ריחן אסמבלאז,מיליליטרים,750.00,"100 מ""ל",false,,49.90,0.0665,true,1,5290
7290000024561,false,ברקן אסמבלאז' איתן 7,יקבי ברקן,IL,יין אסמבלאז איתן,מיליליטרים,750.00,"100 מ""ל",false,,49.90,0.0665,true,1,5291
7290000024905,false,וודקה קגלביץ קלאסיקה,"יקבי ברקן בע""מ",IL,וודקה קגלביץ קלאסיקה,מיליליטרים,700.00,"100 מ""ל",false,,49.90,0.0713,true,1,5293
7290000040318,false,גבינת ברי 24% קולאז עדי תנובה 125 ג',תנובה מרכז שיתופי לש,IL,גבינת עדי/ברי תנובה,גרמים,125.00,100 גרם,false,,17.90,0.1432,true,1,13604
7290000041407,false,"גיל לבן 3% תנובה 125 מ""ל בד""צ",תנובה מרכז שיתופי לש,IL,"גיל תנובה 125 מ""ל",מיליליטרים,125.00,"100 מ""ל",false,,0.90,0.0072,true,1,13607
7290000041858,false,"שמנת חמוצה 15% יטבתה 200 מ""ל מהדרין",שטראוס גרופ,IL,שמנת חמוצה 15% יטבתה,מיליליטרים,200.00,"100 מ""ל",false,,2.50,0.0125,true,1,12080
7290000042671,false,חלב תנובה עמיד בדץ קרטון 3% 1ל,תנובה מרכז שיתופי לש,IL,חלב עמיד 3% תנובה 1,קילוגרמים,1.00,ליטר,false,,6.90,6.9000,true,1,13613
7290000042855,false,יוטבתה שוקו שקית 225מל,שטראוס גרופ,IL,שוקו שקית יטבתה 225,מיליליטרים,225.00,"100 מ""ל",false,,2.50,0.0111,true,1,12081
7290000043012,false,"שוקו עמיד 2% בקרטון 250 מ""ל תנובה",תנובה מרכז שיתופי לש,IL,שוקו עמיד תנובה 250,מיליליטרים,250.00,"100 מ""ל",false,,4.40,0.0176,true,1,13615
7290000043814,false,"שמנת מתוקה להקצפה 38% 250 מ""ל תנובה",תנובה מרכז שיתופי לש,IL,שמנת להקצפה 38% השף,מיליליטרים,250.00,"100 מ""ל",false,,6.40,0.0256,true,1,13617
7290000043890,false,רויון בקרטון 1 ליטר,תנובה מרכז שיתופי לש,IL,רויון 1.5% תנובה 1 ל,קילוגרמים,1.00,ליטר,false,,9.90,9.9000,true,1,13618
7290000044712,false,יוגורט עם תות 1.5% שומן 500 ג' פרילי,מיוצר עי קונדיטוריית,IL,פרילי תות 500 גרם,מיליליטרים,500.00,"100 מ""ל",false,,9.90,0.0198,true,1,13620
7290000044880,false,באדי יוגורט תות 3% שומן 500 ג' תנובה,מיוצר עי קונדיטוריית,IL,"באדי תות 500 מ""ל",מיליליטרים,500.00,"100 מ""ל",false,,8.90,0.0178,true,1,13622
7290000045399,false,ניר גבינה מותכת 26% 200ג,תנובה מרכז שיתופי לש,IL,גבינה מותכת 26% ניר,גרמים,200.00,100 גרם,false,,13.40,0.0670,true,1,13623
7290000045771,false,יוגורט 4% שומן 3 ל' תנובה,תנובה מרכז שיתופי לש,IL,משקה יוגורט 4% תנובה,קילוגרמים,3.00,ליטר,false,,26.90,8.9667,true,1,13624
7290000047546,false,כנען גבינה לבנה ללא מלח 5% 500 ג',תנובה מרכז שיתופי לש,IL,גבינת כנען 5% 500 גר,גרמים,500.00,100 גרם,false,,19.90,0.0398,true,1,13626
7290000047621,false,גבינה לבנה רכה 5% תנובה 250ג' מהדרין,מיוצר עי קונדיטוריית,IL,גבינה 5% תנובה 250 ג,גרמים,250.00,100 גרם,false,,4.90,0.0196,true,1,13627
7290000047942,false,**תנובה גבינה לבנה מהדרין 9% 250ג,תנובה מרכז שיתופי לש,IL,גבינה 9% תנובה 250 ג,גרמים,250.00,100 גרם,false,,4.90,0.0196,true,1,13628
7290000048185,false,גבינה לבנה 5% שומן 250 ג' תנובה,מיוצר עי קונדיטוריית,IL,גבינה 5% תנובה 250 ג,גרמים,250.00,100 גרם,false,,4.90,0.0196,true,1,13629
7290000048413,false,גבינה חמד %16 שקית 250 ג' פיראוס,תנובה מרכז שיתופי לש,IL,גבינת חמד 16% פיראוס,גרמים,250.00,100 גרם,false,,17.50,0.0700,true,1,13631
7290000048437,false,גבינה צפתית 5% 200 ג' פיראוס,פארייפאבה אגרואינדוס,IL,גבינה צפתית 5% פיראו,גרמים,200.00,100 גרם,false,,13.90,0.0695,true,1,13632
7290000050447,false,יוגורט תות 500 ג' יופלה,מיוצר עי קונדיטוריית,IL,יופלה תות 3% 500 גרם,מיליליטרים,500.00,"100 מ""ל",false,,12.60,0.0252,true,1,13635
7290000050966,false,גבינה לבנה 5% תנובה 850ג' מהדרין,תנובה מרכז שיתופי לש,IL,גבינה 5% תנובה 850 ג,גרמים,850.00,100 גרם,false,,15.90,0.0187,true,1,13637
7290000051376,false,יופלה דיאט אננס גביע 150 ג',תנובה מרכז שיתופי לש,IL,יופלה דיאט 0% אננס 1,גרמים,150.00,100 גרם,false,,4.70,0.0313,true,1,13639
7290000052311,false,גבינה צהובה לייט 15% 200 ג' עמק,תנובה מרכז שיתופי לש,IL,גבינה עמק מופחת שומן,גרמים,200.00,100 גרם,false,,14.90,0.0745,true,1,13642
7290000052649,false,גבינת לאבנה 5% שומן 500 ג' פיראוס,תנובה מרכז שיתופי לש,IL,לאבנה על בסיס יוגורט,גרמים,500.00,100 גרם,false,,18.90,0.0378,true,1,13643
7290000052946,false,"יופלה לבן מעודן מאגדת שמינייה בד""צ",תנובה מרכז שיתופי לש,IL,מארז יופלה וניל במתי,גרמים,800.00,100 גרם,false,,19.90,0.0249,true,1,13646
7290000053998,false,"יופלה לבן ביו 1.5% טבעי מארז 150X8מ""ל בד""צ",תנובה מרכז שיתופי לש,IL,מארז יוגורט ביו יופל,קילוגרמים,1.20,ליטר,false,,17.20,14.3333,true,1,13648
7290000055756,false,גבינה לבנה 5% תנובה מארז 850X2ג' בדץ,תנובה מרכז שיתופי לש,IL,מארז גבינה 5% תנובה,פריט,1.70,"ק""ג",false,,21.90,12.8824,true,1,13658
7290000055893,false,חמאה משמנת מפוסטרת 200ג' כ.מהדרין,תנובה מרכז שיתופי לש,IL,חמאה תנובה 200 גרם,גרמים,200.00,100 גרם,false,,7.60,0.0380,true,1,13659
7290000056760,false,"עמק פרוס בקופסא בד""צ",תנובה מרכז שיתופי לש,IL,גבינה עמק 28% 400 גר,גרמים,400.00,100 גרם,false,,28.90,0.0722,true,1,13663
7290000057088,false,גבינת דק דק 28% 200 ג' עמק,תנובה מרכז שיתופי לש,IL,גבינה עמק דק דק 28%,גרמים,200.00,100 גרם,false,,14.90,0.0745,true,1,13671
7290000057118,false,עמק סמי מעדנייה כשרות מהדרין,תנובה מרכז שיתופי לש,IL,גבינה עמק 28% 400 גר,גרמים,400.00,100 גרם,false,,19.90,0.0497,true,1,28986
7290000058979,false,גיל בטעם תות 3% שומן 125 ג' תנובה,תנובה מרכז שיתופי לש,IL,גיל בטעם תות תנובה 1,גרמים,125.00,100 גרם,false,,1.30,0.0104,true,1,13679
7290000060071,false,אוסם - חטיפי פריכונים מאורז מלא קלוי 80גר,"מיוצר ע""י PT, משווק",IL,פריכונים אורז מלא 80,גרמים,80.00,100 גרם,false,,6.90,0.0863,true,1,335
7290000060088,false,בייגלה אסם מקלות מלוחים 400 גרם,מיוצר עי קונדיטוריית,IL,בייגלה מקלות מלח אסם,גרמים,400.00,100 גרם,false,,7.50,0.0188,true,1,336
7290000060163,false,פסטה אסם אטריות דקות 400גר,"אסם השקעות בע""מ",IL,אטריות דקות אסם 400,גרמים,400.00,100 גרם,false,,4.90,0.0123,true,1,337
7290000060200,false,פסטה אסם פתיתים אפויים קוסקוס 500גר,"אסם השקעות בע""מ",IL,פתיתים קוסקוס אסם 50,גרמים,500.00,100 גרם,false,,4.90,0.0098,true,1,338
7290000060217,false,פסטה אסם מקרוני 7 500 גר,קריות זול,IT,מקרוני 7 אסם 500 גרם,גרמים,500.00,100 גרם,false,,4.90,0.0098,true,1,339
7290000060248,false,פסטה אסם פתיתים תלתלים 500גר,קריות זול,IT,פסטה תלתלים אסם 500,גרמים,500.00,100 גרם,false,,4.90,0.0098,true,1,340
7290000060408,false,פסטה אסם פתיתים אפויים טבעות 500 גר,"אסם השקעות בע""מ",IL,פתיתים טבעות אסם 500,גרמים,500.00,100 גרם,false,,4.90,0.0098,true,1,343
7290000060415,false,פסטה פרפקטו לזאניה אסם 500ג',קריות זול,IT,לזניה פרפקטו 500 גרם,גרמים,500.00,100 גרם,false,,9.90,0.0198,true,1,344
7290000060576,false,פסטה אסם פתיתים אפוי כוכב 500גר,"אסם השקעות בע""מ",IL,פתיתים כוכבים אסם 50,גרמים,500.00,100 גרם,false,,4.90,0.0098,true,1,346
7290000060781,false,פסטה אסם פתיתים מסולסלים 500גר,קריות זול,IT,פסטה מסולסלת אסם 500,גרמים,500.00,100 גרם,false,,4.90,0.0098,true,1,347
7290000060828,false,פסטה קרניים בינוניות 500 ג' אסם,קריות זול,IT,פסטה קרניים אסם 500,גרמים,500.00,100 גרם,false,,4.90,0.0098,true,1,348
7290000060842,false,פסטה אסם פתיתים צדפים גדולים 500גר,קריות זול,IT,פסטה צדפים גדולים אס,גרמים,500.00,100 גרם,false,,4.90,0.0098,true,1,349
7290000060880,false,פסטה מס' 8 ספגטי אסם 500ג',קריות זול,IT,ספגטי אסם 500 גרם,גרמים,500.00,100 גרם,false,,4.90,0.0098,true,1,351
7290000060903,false,פסטה אסם פתיתים אפויים אורז 500גר,"אסם השקעות בע""מ",IL,פתיתים אורז אסם 500,גרמים,500.00,100 גרם,false,,4.90,0.0098,true,1,352
7290000060958,false,פסטה אסם אטריות בינוניות 400 גרם,"אסם השקעות בע""מ",IL,אטריות בינוניות אסם,גרמים,400.00,100 גרם,false,,4.90,0.0123,true,1,353
7290000060965,false,פסטה אסם אטריות רחבות 400גר,"אסם השקעות בע""מ",IL,אטריות רחבות אסם 400,גרמים,400.00,100 גרם,false,,4.90,0.0123,true,1,354
7290000061061,false,קרקר בצל אסם 250 גרם,"אסם השקעות בע""מ",IL,קרקר בצל אסם 250 גרם,גרמים,250.00,100 גרם,false,,8.90,0.0356,true,1,356
7290000061085,false,"רוטב צ'ילי מתוק אסם 290מ""ל",אסם תעשיות,IL,רוטב צילי מתוק אסם 2,מיליליטרים,290.00,"100 מ""ל",false,,9.90,0.0341,true,1,28425
7290000061108,false,"רוטב טריאקי 290 מ""ל אסם","אסם השקעות בע""מ",IL,רוטב טריאקי אסם 360,גרמים,360.00,100 גרם,false,,8.90,0.0247,true,1,357
7290000061214,false,פתיתים אפויים קוסקוס עם בצל אסם 500 גר',"אסם השקעות בע""מ",IL,פתיתים עם בצל אסם 50,גרמים,500.00,100 גרם,false,,4.90,0.0098,true,1,358
7290000061245,false,עוגיות שוקוצ'יפס ממולאו שוקו' אסם 220ג',מיוצר עי קונדיטוריית,IL,עוגיות שוקולד ציפס מ,גרמים,220.00,100 גרם,false,,9.90,0.0450,true,1,359
7290000061450,false,פתיתים אפויים קוסקוס צבעוני אסם 500 גר',"אסם השקעות בע""מ",IL,פתיתים אפויים קוסקוס,גרמים,500.00,100 גרם,false,,4.90,0.0098,true,1,26471
7290000062129,false,"פודינג אינסטנט טעם וניל 1ק""ג אסם","אסם השקעות בע""מ",IL,פודינג אינסטנט וניל,פריט,1.00,"ק""ג",false,,19.90,19.9000,true,1,363
7290000063140,false,שקדי מרק רכיבים טבעיים בשקית 400 ג' אסם,"אסם השקעות בע""מ",IL,שקדי מרק אסם 400 גרם,גרמים,400.00,100 גרם,false,,9.60,0.0240,true,1,366
7290000063157,false,"קמח תופח מאליו אסם 1 ק""ג","אסם השקעות בע""מ",IL,"קמח תופח אסם 1 ק""ג",פריט,1.00,"ק""ג",false,,7.90,7.9000,true,1,367
7290000065090,false,מיני קרוטונים למרק ולסלט 400 ג' אסם,עינת תעשיות מזון,IL,מיני קרוטונים למרק/ס,גרמים,400.00,100 גרם,false,,20.90,0.0522,true,1,372
7290000065335,false,אוסם - מנה חמה פירה עם ירקות 55 גרם,"אסם השקעות בע""מ",IL,מנה חמה פירה עם ירקו,גרמים,55.00,100 גרם,false,,4.90,0.0891,true,1,373
7290000065540,false,אוסם - מנה חמה פסטה מוקרמת בטעם עוף 55 גרם,"אסם השקעות בע""מ",IL,מנה חמה פסטה מוקרמת,גרמים,55.00,100 גרם,false,,4.90,0.0891,true,1,374
7290000065557,false,אוסם - מנה חמה קוסקוס עם ירקות 84 גרם,"אסם תעשיות מזון בע""מ",IL,מנה חמה קוסקוס וירקו,גרמים,84.00,100 גרם,false,,4.90,0.0583,true,1,375
7290000065977,false,חטיפי פריכונים תירס שומשום 80 ג' אוסם,"מיוצר ע""י פרח, משווק",IL,פריכונים תירס 80 גרם,גרמים,80.00,100 גרם,false,,6.90,0.0863,true,1,378
7290000066134,false,ביסלי בטעם פלאפל אסם,"אסם השקעות בע""מ",IL,ביסלי פלאפל 70 גרם,גרמים,70.00,100 גרם,false,,3.90,0.0557,true,1,379
7290000066141,false,ביסלי בטעם גריל אסם,"אסם השקעות בע""מ",IL,ביסלי גריל 70 גרם,גרמים,70.00,100 גרם,false,,3.90,0.0557,true,1,380
7290000066189,false,ביסלי גדול בטעם פלאפל 200 ג' אסם,"אסם השקעות בע""מ",IL,ביסלי פלאפל 200 גרם,גרמים,200.00,100 גרם,false,,6.50,0.0325,true,1,384
7290000066196,false,ביסלי גדול בטעם גריל 200 ג' אסם,מיוצר עי קונדיטוריית,IL,ביסלי גריל 200 גרם,גרמים,200.00,100 גרם,false,,6.50,0.0325,true,1,385
7290000066226,false,ביסלי בטעם פיצה 200 ג' אסם,מיוצר עי קונדיטוריית,IL,ביסלי פיצה 200 גרם,גרמים,200.00,100 גרם,false,,6.50,0.0325,true,1,388
7290000066318,false,במבה קלאסי 80 גרם,"אסם השקעות בע""מ",IL,במבה 80 גרם,גרמים,80.00,100 גרם,false,,3.90,0.0487,true,1,390
7290000066332,false,אפרופו חטיף אסם 50ג',מיוצר עי קונדיטוריית,IL,אפרופו 50 גרם,גרמים,50.00,100 גרם,false,,4.50,0.0900,true,1,391
7290000066349,false,אפרופו חטיף תירס אסם,מיוצר עי קונדיטוריית,IL,אפרופו 100 גרם,גרמים,100.00,100 גרם,false,,7.90,0.0790,true,1,28430
7290000066431,false,פופקו חטיף תירס בטעם חמאה ודבש 80 גרם,מיוצר עי קונדיטוריית,IL,פופקו 80 גרם,גרמים,80.00,100 גרם,false,,4.50,0.0563,true,1,392
7290000067599,false,אוסם - מנה חמה ספגטי רוטב בולנז 65 גרם,"אסם השקעות בע""מ",IL,מנה חמה ספגטי בולונז,גרמים,65.00,100 גרם,false,,4.90,0.0754,true,1,399
7290000068138,false,אסם פודינג אינסטנט וניל 80 גרם,מיוצר עי קונדיטוריית,IL,פודינג אינסטנט וניל,גרמים,80.00,100 גרם,false,,4.90,0.0613,true,1,402
7290000068190,false,ג'לי תות שדה צבע טבעי 85 ג',מיוצר עי קונדיטוריית,IL,גלי בטעם תות אסם 85,גרמים,85.00,100 גרם,false,,5.90,0.0694,true,1,404
7290000068206,false,ג'לי משמש אסם צבע טבעי 85 ג',מיוצר עי קונדיטוריית,IL,גלי בטעם משמש אסם 80,גרמים,85.00,100 גרם,false,,5.90,0.0694,true,1,405
7290000068251,false,ג'לי אננס אסם צבע טבעי 85 ג',מיוצר עי קונדיטוריית,IL,גלי בטעם אננס אסם 85,גרמים,85.00,100 גרם,false,,5.90,0.0694,true,1,406
7290000068343,false,אוסם - פירכונים מאורז מלא 140 גרם,"מיוצר ע""י PT, משווק",IL,פריכונים מאורז מלא א,גרמים,140.00,100 גרם,false,,6.90,0.0493,true,1,409
7290000069364,false,פריכונים עגולים אורז דל נתרן אסם 140 גרם,"מיוצר ע""י PT, משווק",IL,פריכונים אורז דל נתר,גרמים,140.00,100 גרם,false,,6.90,0.0493,true,1,412
7290000069739,false,אוסם - חטיפי קרקר שומשום 300 גרם,מיוצר עי קונדיטוריית,IL,חטיפי קרקר שומשום אס,גרמים,300.00,100 גרם,false,,9.90,0.0330,true,1,28667
7290000070308,false,אבקת מרק עוף אמיתי במיכל 400 גרם,"אסם השקעות בע""מ",IL,מרק עוף אמיתי אסם 40,גרמים,400.00,100 גרם,false,,14.90,0.0373,true,1,416
7290000070322,false,אבקת מרק פטריות רכיבים טבעיים אוסם 400 ג',"אסם השקעות בע""מ",IL,מרק פטריות ר.טבעיים,גרמים,400.00,100 גרם,false,,19.90,0.0497,true,1,417
7290000070353,false,אבקת מרק בצל רכיבים טבעיים 400 ג' אסם,"אסם השקעות בע""מ",IL,מרק בצל ר.טבעיים אסם,גרמים,400.00,100 גרם,false,,19.90,0.0497,true,1,418
7290000072241,false,אסם רוטב לפיצה בקבוק,"אסם השקעות בע""מ",IL,רוטב לפיצה אסם 320 מ,מיליליטרים,320.00,"100 מ""ל",false,,8.90,0.0278,true,1,422
7290000072623,false,אסם קטשופ בקבוק לחיץ,"אסם השקעות בע""מ",IL,קטשופ לחיץ אסם 750 ג,גרמים,750.00,100 גרם,false,,8.70,0.0116,true,1,423
7290000072630,false,קטשופ חריף אוסם 750 ג',"אסם השקעות בע""מ",IL,קטשופ חריף אסם 750 ג,גרמים,750.00,100 גרם,false,,11.90,0.0159,true,1,424
7290000072753,false,קפה טייסטר צ'ויס קפה מגורען 200ג',נסטלה קוריאה - קפה,IL,קפה נמס טסטרס צויס 2,גרמים,200.00,100 גרם,false,,29.90,0.1495,true,1,425
7290000072777,false,קפה טייסטר צ'ויס מגור' נ.קפאין 200ג',נסטלה קוריאה - קפה,IL,קפה נמס טסטרס צויס נ,גרמים,200.00,100 גרם,false,,35.90,0.1795,true,1,426
7290000073415,false,אוסם - מנה חמה פסטה ברוטב פיצה 61 גרם,"אסם השקעות בע""מ",IL,מנה חמה פסטה רוטב פי,גרמים,61.00,100 גרם,false,,4.90,0.0803,true,1,427
7290000073750,false,אוסם - מנה חמה נודלס בטעם עוף 70 גרם,טאי רזידנט,CN,מנה חמה נודלס בטעם ע,גרמים,70.00,100 גרם,false,,4.90,0.0700,true,1,428
7290000073767,false,אוסם - מנה חמה נודלס בטעם בקר 70 גרם,טאי רזידנט,CN,מנה חמה נודלס בטעם ב,גרמים,71.00,100 גרם,false,,4.90,0.0690,true,1,429
7290000073774,false,אוסם - מנה חמה נודלס בטעם פיקנטי 70 גרם,טאי רזידנט,CN,מנה חמה נודלס פיקנטי,גרמים,70.00,100 גרם,false,,4.90,0.0700,true,1,430
7290000074153,false,ביסקוויט פתיבר שוקו,מיוצר עי קונדיטוריית,IL,פתיבר שוקו אסם 500 ג,גרמים,500.00,100 גרם,false,,8.90,0.0178,true,1,431
7290000074184,false,אוסם - פתי בר בינוני 500 גרם,"אסם השקעות בע""מ",IL,פתיבר אסם 500 גרם,גרמים,500.00,100 גרם,false,,8.90,0.0178,true,1,432
7290000074245,false,אוסם - קרם קרקר אסם 250 גרם,"אסם השקעות בע""מ",IL,קרם קרקר 250 גרם,גרמים,250.00,100 גרם,false,,7.80,0.0312,true,1,433
7290000074252,false,קרקר אסם שומשום 250 גרם,"אסם השקעות בע""מ",IL,קרקר שומשום אסם 250,גרמים,250.00,100 גרם,false,,7.90,0.0316,true,1,434
7290000074276,false,קרקר פיקנטי טבעון 250 ג' אסם,"אסם השקעות בע""מ",IL,קרקר קלאסי אסם 250 ג,גרמים,250.00,100 גרם,false,,8.90,0.0356,true,1,435
7290000074375,false,אוסם - קרקר זהב 150 גרם,"אסם השקעות בע""מ",IL,קרקר זהב 150 גרם,גרמים,150.00,100 גרם,false,,6.50,0.0433,true,1,436
7290000074481,false,לחמית אגוזים אסם 160 ג',"אסם השקעות בע""מ",IL,לחמית אגוזים 160 גרם,גרמים,160.00,100 גרם,false,,8.90,0.0556,true,1,437
7290000074696,false,"קרם קרקר 1 ק""ג אוסם","אסם השקעות בע""מ",IL,"קרם קרקר 1 ק""ג",פריט,1.00,"ק""ג",false,,19.90,19.9000,true,1,438
7290000074764,false,קרקר זהב אסם 900 גרם,אסם תעשיות,IL,קרקר זהב 900 גרם,גרמים,900.00,100 גרם,false,,19.90,0.0221,true,1,441
7290000075204,false,אוסם - לחמית חיטה מלאה 250 גרם,"אסם השקעות בע""מ",IL,לחמית חיטה מלאה 250,גרמים,250.00,100 גרם,false,,7.90,0.0316,true,1,444
7290000075693,false,עוגת הבית שמרים בריוש שוקולד 360ג',מיוצר עי קונדיטוריית,IL,עוגת שמרים בריוש שוק,גרמים,360.00,100 גרם,false,,14.90,0.0414,true,1,445
7290000076133,false,בייגלה שמיניות קטנות 400 גרם אסם,"אסם השקעות בע""מ",IL,בייגלה שמיניות מלח א,גרמים,400.00,100 גרם,false,,7.50,0.0188,true,1,447
7290000077017,false,עוגיות קרמוגית וקרם שוקולד אסם 200 גרם,מיוצר עי קונדיטוריית,IL,עוגיות ממולאות שוקול,גרמים,200.00,100 גרם,false,,9.90,0.0495,true,1,448
7290000077253,false,אוסם - לחמית כפרית עם דגנים מלאים 190 גרם,"אסם השקעות בע""מ",IL,לחמית כפרית 190 גרם,גרמים,190.00,100 גרם,false,,8.90,0.0468,true,1,449
7290000078762,false,אוסם - חטיפי פריכונים מאורז מלא בטעם דבש 80גר,סנורייס בלגיום אן. ו,BE,פריכונים אורז מלא וד,גרמים,80.00,100 גרם,false,,6.90,0.0863,true,1,452
7290000081663,false,בייגלה אסם טבעות שומשום 300 גרם,מיוצר עי קונדיטוריית,IL,בייגלה טבעות שומשום,גרמים,300.00,100 גרם,false,,7.50,0.0250,true,1,454
7290000100197,false,לקט אפונה תירס וגזר סנפרוסט 700 גר',סנפרוסט בעמ,IL,לקט אפונה תירס וגזר,גרמים,700.00,100 גרם,false,,14.90,0.0213,true,1,13524
7290000100265,false,"ברוקולי קפוא בד""צ סנפרוסט 600 גר'",תנובה,IL,ברוקולי סנפרוסט 600,גרמים,600.00,100 גרם,false,,29.90,0.0498,true,1,13525
7290000100289,false,"לקט השדה קפוא סנפרוסט 600 גר' בד""צ",סנפרוסט בעמ,IL,לקט ירקות השדה סנפרו,גרמים,700.00,100 גרם,false,,19.90,0.0284,true,1,13527
7290000100975,false,שעועית ירוקה עדינה סנפרוסט 600ג',סנפרוסט בעמ,IL,שעועית ירוקה עדינה ש,גרמים,600.00,100 גרם,false,,19.90,0.0332,true,1,13531
7290000103495,false,סנפרוסט אפונת גינה בדצ 700גר,סנפרוסט בעמ,IL,אפונת גינה סנפרוסט 7,גרמים,700.00,100 גרם,false,,15.90,0.0227,true,1,13534
7290000103501,false,"שעועית ירוקה חתוכה סנפרוסט 700 גר' בד""צ",סנפרוסט בעמ,IL,שעועית ירוקה חתוכה ס,גרמים,700.00,100 גרם,false,,15.90,0.0227,true,1,13535
7290000103525,false,"סנפרוסט גזר גמדי בד""ץ 700גר",סנפרוסט בעמ,IL,גזר גמדי סנפרוסט 700,גרמים,700.00,100 גרם,false,,15.90,0.0227,true,1,13537
7290000103532,false,"סנפרוסט גרעיני תירס בד""ץ 700גר",סנפרוסט בעמ,IL,גרעיני תירס סנפרוסט,גרמים,700.00,100 גרם,false,,15.90,0.0227,true,1,13538
7290000103556,false,גרגירי חומוס מבושל סנפרוסט 700ג' בדצ,סנפרוסט בעמ,IL,גרגירי חומוס מבושלים,גרמים,700.00,100 גרם,false,,15.90,0.0227,true,1,13540
7290000104218,false,במיה סנפרוסט 600 גרם,"איי, בי, אינבוו",IL,במיה סנפרוסט 600 גרם,גרמים,600.00,100 גרם,false,,14.90,0.0248,true,1,13545
7290000104713,false,פול ירוק סנפרוסט 800 ג',"איי, בי, אינבוו",IL,פול ירוק סנפרוסט 800,גרמים,800.00,100 גרם,false,,21.90,0.0274,true,1,13549
7290000104768,false,תרד עלים סנפרוסט 800 ג ',"איי, בי, אינבוו",IL,עלי תרד סנפרוסט 800,גרמים,800.00,100 גרם,false,,19.90,0.0249,true,1,13552
7290000104775,false,תרד מדליונים סנפרוסט,"איי, בי, אינבוו",IL,מדליוני תרד סנפרוסט,גרמים,800.00,100 גרם,false,,19.90,0.0249,true,1,13553
7290000104799,false,שעועית לבנה מבושלת סנפרוסט 800גר,"איי, בי, אינבוו",IL,שעועית לבנה סנפרוסט,גרמים,800.00,100 גרם,false,,14.90,0.0186,true,1,13554
7290000107189,false,תחתיות ארטישוק סנפרוסט 400גר,"איי, בי, אינבוו",IL,תחתיות ארטישוק סנפרו,גרמים,400.00,100 גרם,false,,19.90,0.0497,true,1,13562
7290000111353,false,"מיונז אמיתי תלמה 1 ק""ג",יוניליוור ישראל מזון,IL,"מיונז תלמה 1 ק""ג",פריט,1.00,"ק""ג",false,,16.90,16.9000,true,1,5641
7290000112237,false,"בארכה טחינה גולמית, 1 ק""ג",רושדי תעשיות מזון בע,IL,"טחינה בארכה 1 ק""ג",פריט,1.00,"ק""ג",false,,19.90,19.9000,true,1,455
7290000121079,false,גבינה מון בלאן 9% שום שמיר 120ג',שלושת האופים,IL,גבינה מותכת שום שמיר,גרמים,120.00,100 גרם,false,,10.90,0.0908,true,1,8481
7290000121093,false,גבינה מון בלאן שוויצרית 120ג',האי נאם סי או אל.טי.,IL,גבינה מותכת שוויצרי,גרמים,120.00,100 גרם,false,,10.90,0.0908,true,1,8482
7290000121109,false,"גבינת מון בלאן זיתים, 120 ג'",האי נאם סי או אל.טי.,IL,גבינה מותכת זיתים 7%,גרמים,120.00,100 גרם,false,,10.90,0.0908,true,1,8483
7290000133645,false,אורביטול משחת שיניים סודה שלישיה* 145 ג',טרופיקל דגיל,IL,משחת אורביטול הלבנה,גרמים,435.00,100 גרם,false,,15.90,0.0366,true,1,3665
7290000135045,false,"משקה אנרגיה XL TEN תפוח 250 מ""ל","טמפו משקאות בע""מ",IL,משקה אנרגיה אקסל תן,מיליליטרים,250.00,"100 מ""ל",false,,3.90,0.0156,true,1,5295
7290000135113,false,משקה אנרגיה XL TEN ללא סוכר בטעם נענע ליים,אקסל XL,IL,משקה אנרגיה אקסל נענ,מיליליטרים,250.00,"100 מ""ל",false,,3.90,0.0156,true,1,5297
7290000135311,false,פפסי מקס ליים 1.5 ליטר בודד,"טמפו משקאות בע""מ",IL,פפסי מקס ליים 1.5 לי,קילוגרמים,1.50,ליטר,false,,6.90,4.6000,true,1,26360
7290000135465,false,"מי סודה 500 מ""ל - מארז 12 בקבוקים",טמפו,IL,מארז סודה טמפו 12*50,קילוגרמים,6.00,ליטר,false,,24.90,4.1500,true,1,5301
7290000135595,false,פפסי מקס בטעם דובדבן 1.5 ליטר,"איי, בי, אינבוו",IL,פפסי מקס דובדבן 1.5,קילוגרמים,1.50,ליטר,false,,6.90,4.6000,true,1,26359
7290000136141,false,משקה בטעם קולה 1.5ל' פפסי,פפסי Pepsi,IL,פפסי קולה 1.5 ליטר,קילוגרמים,1.50,ליטר,false,,6.90,4.6000,true,1,5309
7290000136158,false,פפסי מקס 1.5 ליטר פיקדון,פפסי Pepsi,IL,פפסי מקס 1.5 ליטר,קילוגרמים,1.50,ליטר,false,,6.90,4.6000,true,1,5310
7290000136165,false,מירינדה בקבוק 1.5 לי,מירינדה Mirinda,IL,מירינדה 1.5 ליטר,קילוגרמים,1.50,ליטר,false,,6.90,4.6000,true,1,5311
7290000136172,false,סבן אפ בקבוק 1.5 ליט,סבן אפ 7up,IL,סבן אפ 1.5 ליטר,קילוגרמים,1.50,ליטר,false,,6.90,4.6000,true,1,5312
7290000136189,false,דיאט סבן אפ 1.5 ליטר FREE,סבן אפ 7up,IL,סבן אפ דיאט 1.5 ליטר,קילוגרמים,1.50,ליטר,false,,6.90,4.6000,true,1,5313
7290000136240,false,סודה 1.5 ליטר שישייה בודד,טמפו,IL,סודה טמפו 1.5 ליטר,קילוגרמים,1.50,ליטר,false,,2.90,1.9333,true,1,5314
7290000136455,false,משקה בטעם אשכוליות תריסר 1.5 ל' ג'אמפ,ג'אמפ,IL,גאמפ אשכוליות 1.5 לי,קילוגרמים,1.50,ליטר,false,,6.90,4.6000,true,1,5315
7290000136486,false,משקה בטעם אשכוליות דיאט תריסר 1.5 ל' ג'אמפ,ג'אמפ,IL,גאמפ אשכוליות דיאט 1,קילוגרמים,1.50,ליטר,false,,6.90,4.6000,true,1,5316
7290000136516,false,משקה בטעם מנגו פסיפלורה תריסר 1.5 ל' ג'אמפ,ג'אמפ,IL,גאמפ מנגו פסיפלורה 1,קילוגרמים,1.50,ליטר,false,,6.90,4.6000,true,1,5317
7290000136523,false,משקה בטעם ענבים תריסר 1.5 ל' ג'אמפ,ג'אמפ,IL,גאמפ ענבים 1.5 ליטר,קילוגרמים,1.50,ליטר,false,,6.90,4.6000,true,1,5318
7290000136561,false,משקה בטעם תות בננה תריסר 1.5 ל' ג'אמפ,ג'אמפ,IL,גאמפ תות בננה 1.5 לי,קילוגרמים,1.50,ליטר,false,,6.90,4.6000,true,1,5319
7290000136585,false,משקה בטעם תפוזים תריסר 1.5 ל' ג'אמפ,ג'אמפ,IL,גאמפ תפוז 1.5 ליטר,קילוגרמים,1.50,ליטר,false,,6.90,4.6000,true,1,5320
7290000136608,false,משקה בטעם תפוח צלול תריסר 1.5 ל' ג'אמפ,ג'אמפ,IL,גאמפ תפוח 1.5 ליטר,קילוגרמים,1.50,ליטר,false,,6.90,4.6000,true,1,5321
7290000136646,false,משקה מאלט תריסר 1.5 ל' נשר,טמפו,IL,בירה נשר מאלט 1.5 לי,קילוגרמים,1.50,ליטר,false,,7.90,5.2667,true,1,5322
7290000136653,false,משקה מאלט דיאט תריסר 1.5 ל' נשר,טמפו,IL,בירה נשר מאלט דיאט 1,קילוגרמים,1.50,ליטר,false,,7.90,5.2667,true,1,5323
7290000136752,false,סבן אפ דיאט מארז שישייה 1.5 ל' FREE,"טמפו משקאות בע""מ",IL,מארז סבן אפ דיאט 6*,קילוגרמים,9.00,ליטר,false,,35.90,3.9889,true,1,5325
7290000136776,false,מארז פפסי מקס שישיה 1.5ל',פפסי Pepsi,IL,מארז פפסי מקס 6*1.5,קילוגרמים,9.00,ליטר,false,,35.90,3.9889,true,1,5327
7290000136790,false,מארז סודה שישייה 1.5 ל' טמפו,טמפו,IL,מארז סודה טמפו 6*1.5,קילוגרמים,9.00,ליטר,false,,15.90,1.7667,true,1,5329
7290000136806,false,מארז סודה רביעייה לימון ליים 1.5 ל' טמפו,טמפו,IL,מארז סודה לימון ליים,קילוגרמים,6.00,ליטר,false,,10.90,1.8167,true,1,5330
7290000136813,false,סודה בטעם אננס מארז רביעייה 1.5 ל' טמפו,טמפו,IL,מארז סודה אננס טמפו,קילוגרמים,6.00,ליטר,false,,10.90,1.8167,true,1,5331
7290000136820,false,סודה בטעם פירות יער מארז ריבעיה * 1.5 ל' טמפו,טמפו,IL,מארז סודה פירות יער,קילוגרמים,6.00,ליטר,false,,10.90,1.8167,true,1,5332
7290000136837,false,גזוז בנגיעות טעם אפרסק - מארז רביעייה,טמפו,IL,מארז סודה אפרסק טמפו,קילוגרמים,6.00,ליטר,false,,10.90,1.8167,true,1,5333
7290000136844,false,מארז מים מזוככים אקווה נובה שישיית 2 ליטר,אקווה נובה Aqua Nova,IL,מים אקווה נובה 6*2 ל,קילוגרמים,12.00,ליטר,false,,10.90,0.9083,true,1,5334
7290000136868,false,שישיית מים מינרלים סאן בנדטו,סאן בנדטו San Benedetto,IL,מים סאן בנדטו 6*1.5,קילוגרמים,9.00,ליטר,false,,16.90,1.8778,true,1,5335
7290000136875,false,מארז מים מינרלים מוגז 6* 1.5 ל' סאן בנדטו,סאן בנדטו San Benedetto,IL,מים מוגז סאן בנדטו 6,קילוגרמים,9.00,ליטר,false,,18.90,2.1000,true,1,5336
7290000139104,false,שלווה חיטה תפוחה ומת,"אשב""ל בע""מ",IL,שלווה חיטה תפוחה ומת,גרמים,230.00,100 גרם,false,,8.70,0.0378,true,1,4979
7290000139227,false,דגן לבן משפחתי אשבול 150ג',אשבול בעמ,IL,תירס תפוח מתוק אשבול,גרמים,150.00,100 גרם,false,,8.70,0.0580,true,1,4980
7290000143286,false,"מרכך הוואי לשיער רגיל 700 מ""ל",שוורצקוף& הנקל דיסלד,IL,מרכך הוואי לשיער רגי,מיליליטרים,700.00,"100 מ""ל",false,,8.90,0.0127,true,1,4405
7290000144467,false,שמן חמניות מועשר בנוגדי חמצון 1 ל' עץ הזית,"נארז ע""י : א.ג. גילר",GR,שמן חמניות בריאות עץ,קילוגרמים,1.00,ליטר,false,,13.90,13.9000,true,1,10209
7290000144474,false,שמן קנולה בריאות מהטבע 1 ליטר,שמן תעשיות,EE,שמן קנולה בריאות עץ,קילוגרמים,1.00,ליטר,false,,14.90,14.9000,true,1,10210
7290000149615,false,נקה 7 סבון מוצק לתינוק רביעיה * 100 ג',גליל כימיקלים בעממשו,IL,סבון מוצק נקה 7 לתינ,גרמים,400.00,100 גרם,false,,10.90,0.0273,true,1,3667
7290000149851,false,סינטבון סבון מארז 460X2ג',יבואן ומשווק: ש. שסט,IL,סינטבון כפול לנקיון,גרמים,460.00,100 גרם,false,,9.90,0.0215,true,1,3668
7290000149905,false,טקסטיל שמפו לכביסה ביד 1 ליטר,מיוצר עי קונדיטוריית,IL,טקסטיל שמפו נוזלי 1,קילוגרמים,1.00,ליטר,false,,12.90,12.9000,true,1,3669
7290000151885,false,נקניק הודו יחידה עוף טוב 700ג',עוף טוב,IL,נקניק הודו עוף טוב 7,גרמים,700.00,100 גרם,false,,14.90,0.0213,true,1,255
7290000152943,false,פסטרמה כפרית +סלמי כפרי עוף טוב 350X2ג',מולינו ניקולי s.p.a,IL,מארז פסטרמה/סלמי כפר,גרמים,700.00,100 גרם,false,,18.90,0.0270,true,1,258
7290000153469,false,עוף טוב קציצות עוף קלאסיות 600 גר',מוצרי עוף טוב (2001),IL,קציצות עוף קלאסיות ע,גרמים,600.00,100 גרם,false,,24.90,0.0415,true,1,259
7290000170053,false,שוקולד פרה 100 ג' חלב.,"תופינית בע""מ",IL,שוקולד פרה חלב 100 ג,גרמים,100.00,100 גרם,false,,5.90,0.0590,true,1,12429
7290000174723,false,אבקת שוקולית עלית קופסא 500ג',הנסיך- מפעל לייצור ט,IL,שוקולית 500 גרם,גרמים,500.00,100 גרם,false,,11.90,0.0238,true,1,12434
7290000176079,false,קפה טורקי עם היל עלית 100 ג',הנסיך- מפעל לייצור ט,IL,קפה טורקי הל עלית 10,גרמים,100.00,100 גרם,false,,8.90,0.0890,true,1,12435
7290000176420,false,קפה נמס אבקתי 200ג עלית,שטראוס קפה בי.וי,IL,קפה נמס 200 גרם,גרמים,200.00,100 גרם,false,,18.90,0.0945,true,1,12439
7290000176475,false,קפה נמס האג נטול קפאין 200 ג',קריות זול,IL,קפה נמס האג נטול קפא,גרמים,200.00,100 גרם,false,,33.90,0.1695,true,1,12440
7290000178707,false,חטיף תפוציפס טבעי 50,"שטראוס פריטו ליי בע""",IL,תפוציפס טבעי 50 גרם,גרמים,50.00,100 גרם,false,,3.50,0.0700,true,1,12877
7290000178721,false,חטיף תפוציפס טבעי 20,"שטראוס פריטו ליי בע""",IL,תפוציפס מלוח 200 גרם,גרמים,200.00,100 גרם,false,,9.90,0.0495,true,1,12878
7290000180212,false,שוקולוד פרה מריר אגוזים 100ג' עלית,"שטראוס גרופ בע""מ",IL,שוקולד פרה מריר אגוז,גרמים,100.00,100 גרם,false,,5.90,0.0590,true,1,12444
7290000186337,false,ניקול שלשיית מטליות לחות לניקוי כללי,עלבד משואות יצחק,IL,מטליות לחות לניקוי כ,Unknown,0.00,יחידה,false,,21.90,0.0000,true,1,4833
7290000187921,false,נייר טואלט לבן 32 גלילים לילי,קימברלי קלארק ישראל,IL,נייר טואלט לבן לילי,מטרים,588.00,מטר,false,,41.50,0.0706,true,1,4835
7290000187938,false,לילי - נייר טואולט נייר טואלט פסטל 32 יח',קימברלי קלארק,IL,נייר טואלט פסטל לילי,מטרים,588.00,מטר,false,,38.90,0.0662,true,1,4836
7290000187952,false,נייר טואלט טריו לילי פרימיום 32גליל,קימברלי קלארק,IL,נייר טואלט לילי טריפ,מטרים,537.00,מטר,false,,37.90,0.0706,true,1,4837
7290000188386,false,מגבות נייר ניקול 12,חוגלה קימברלי,IL,מגבות נייר ניקול 12,מטרים,129.00,מטר,false,,22.40,0.1736,true,1,4839
7290000188553,false,קוטקס - מגן תחתון סילק נורמל 60 יח',קימברלי קלארק,CN,מגן תחתון קוטקס נורמ,Unknown,0.00,יחידה,false,,18.50,0.0000,true,1,4840
7290000188591,false,קוטקס - מגן תחתון סילק יאנג 60 יח',קימברלי קלארק,CN,מגן תחתון קוטקס יאנג,Unknown,0.00,יחידה,false,,18.50,0.0000,true,1,4841
7290000189680,false,מארז זוג מטליות לחות לריצפה,חוגלה קימברלי,IL,מטליות לחות לרצפה ני,Unknown,0.00,יחידה,false,,19.90,0.0000,true,1,4842
7290000191225,false,האגיס - רך נולד מידה 2 מוקטן 44 יח',קימברלי קלארק שיווק,IL,חיתולי האגיס 44 יח ש,Unknown,0.00,יחידה,false,,31.50,0.0000,true,1,4843
7290000191539,false,ממחטות טישו לילי צבעוני חמישיה,חוגלה קימברלי,IL,טישו צבעוני לילי 5*9,Unknown,450.00,יחידה,false,,13.70,0.0304,true,1,4844
7290000191645,false,האגיס חיתול רך נולד NB ארוז 36יח',קימברלי קלארק ארהב,US,חיתולי האגיס 36 יח נ,Unknown,0.00,יחידה,false,,31.50,0.0000,true,1,4846
7290000191652,false,קלינקס ממחטות טישו אולטרא סופט מארז 90X3יח',חוגלה קימברלי,IL,טישו קלינקס 3*90 יח,Unknown,270.00,יחידה,false,,10.70,0.0396,true,1,4847
7290000193014,false,פדיות אינטרלוד מגיני יום לילי 50יח',חוגלה קימברלי,IL,מגן תחתון לילי אינטר,Unknown,0.00,יחידה,false,,9.90,0.0000,true,1,4848
7290000193083,false,לילי - תחבושות נובה לי 28 יח',חוגלה קימברלי,IL,תחבושות לילי נובה לי,Unknown,0.00,יחידה,false,,8.90,0.0000,true,1,4849
7290000193472,false,לילי מגני תחתון נטורל נורמל 60 יח',חוגלה קימברלי,IL,מגן תחתון לילי נטורל,Unknown,0.00,יחידה,false,,14.90,0.0000,true,1,4850
7290000193540,false,לילי אינטימייט מגן תחתון לונג 52יח',חוגלה קימברלי,IL,מגן תחתון לילי נטורל,Unknown,0.00,יחידה,false,,14.90,0.0000,true,1,4851
7290000193953,false,תחבושות ללי נורמל עם,אונטקס,ES,תחבושות ללי נורמל עם,Unknown,0.00,יחידה,false,,24.90,0.0000,true,1,4852
7290000193960,false,תחבושות לילי סופר +,אונטקס,ES,תחבושות לילי סופר +,Unknown,0.00,יחידה,false,,24.90,0.0000,true,1,4853
7290000194172,false,חטיפי ממתקים ללא סוכ,ממתקי השלום,IL,חטיפים מעורב 250 גרם,גרמים,300.00,100 גרם,false,,12.90,0.0430,true,1,7672
7290000195537,false,האגיס - מגבוני האגיס דיילי קר לא מבושם 64 יח' * 4,חוגלה קימברלי,IL,מגבונים האגיס ללא בי,Unknown,0.00,יחידה,false,,20.70,0.0000,true,1,4854
7290000195773,false,האגיס - מגבוני האגיס סנסטיב קר לא מבושם 64 יח' * 4,חוגלה קימברלי,IL,מגבונים האגיס ללא בי,Unknown,0.00,יחידה,false,,20.70,0.0000,true,1,4856
7290000197425,false,האגיס - פרידום דריי שלב 3 52 יח',קימברלי קלארק ישראל,IL,חיתולי האגיס פרידום,Unknown,0.00,יחידה,false,,43.90,0.0000,true,1,4857
7290000197456,false,האגיס - פרידום דריי שלב 4 44 יח',קימברלי קלארק ישראל,IL,חיתולי האגיס פרידום,Unknown,0.00,יחידה,false,,43.90,0.0000,true,1,4858
7290000197463,false,האגיס - פרידום דריי שלב 4+ 40 יח',קימברלי קלארק ישראל,IL,חיתולי האגיס פרידום,Unknown,0.00,יחידה,false,,43.90,0.0000,true,1,4859
7290000197548,false,האגיס - פרידום דריי שלב 5 36 יח',קימברלי קלארק ישראל,IL,חיתולי האגיס פרידום,Unknown,0.00,יחידה,false,,43.90,0.0000,true,1,4860
7290000197678,false,האגיס - פרידום פלוס שלב 6 30 יח',קימברלי קלארק ישראל,IL,חיתולי האגיס פרידום,Unknown,0.00,יחידה,false,,43.90,0.0000,true,1,4861
7290000201818,false,טיטולים פרימיום שלב 2 64 יח',חוגלה קימברלי,IL,חיתולי טיטולים פרימי,Unknown,0.00,יחידה,false,,31.90,0.0000,true,1,4869
7290000201832,false,טיטולים פרימיום שלב 3 52 יח',חוגלה קימברלי,IL,חיתולי טיטולים פרימי,Unknown,0.00,יחידה,false,,31.90,0.0000,true,1,4870
7290000201849,false,טיטולים פרימיום שלב 4 40 יח',חוגלה קימברלי,IL,חיתולי טיטולים פרימי,Unknown,0.00,יחידה,false,,31.90,0.0000,true,1,4871
7290000201856,false,טיטולים פרימיום שלב 4 + 40יח',חוגלה קימברלי,IL,חיתולי טיטולים פרימי,Unknown,0.00,יחידה,false,,31.90,0.0000,true,1,4872
7290000201863,false,טיטולים פרימיום שלב 5 34 יח',חוגלה קימברלי,IL,חיתולי טיטולים פרימי,Unknown,0.00,יחידה,false,,31.90,0.0000,true,1,4873
7290000201870,false,טיטולים פרימיום שלב 6 30 יח',חוגלה קימברלי,IL,חיתולי טיטולים פרימי,Unknown,0.00,יחידה,false,,31.90,0.0000,true,1,4874
7290000204086,false,כרית קרצוף סקוטש ניקול 1+2,חוגלה קימברלי,US,כריות קרצוף ניקול 3,Unknown,0.00,יחידה,false,,9.90,0.0000,true,1,4876
7290000204215,false,ניקול כריות יפניות 6 יח',פלסטו פוליש (ברקן),IL,כריות יפניות ניקול 6,Unknown,0.00,יחידה,false,,9.90,0.0000,true,1,4877
7290000204253,false,מטליות ניקול רב שימושיות 9יח',נועם אורים-קיבוץ אור,IL,מטליות לניקוי כללי נ,Unknown,0.00,יחידה,false,,9.90,0.0000,true,1,4878
7290000205762,false,חיתולי האגיס אקסטרה קייר מידה 3 48 יח',חוגלה קימברלי,IL,חיתולי האגיס אקסטרא,Unknown,0.00,יחידה,false,,54.90,0.0000,true,1,28466
7290000208077,false,אפונת גינה גדולה 550 גרם יכין,"זנלכל בע""מ",IL,אפונה גדולה יכין 550,גרמים,550.00,100 גרם,false,,6.90,0.0125,true,1,4699
7290000208114,false,אפונת גינה וגזר 550 ג' יכין,"זנלכל בע""מ",IL,אפונה וגזר יכין 550,גרמים,550.00,100 גרם,false,,6.90,0.0125,true,1,4700
7290000208138,false,סירופ ענבים דיאט 1 ליטר יכין,"זנלכל בע""מ",IL,סירופ יכין ענבים דיא,קילוגרמים,1.00,ליטר,false,,16.70,16.7000,true,1,4701
7290000208213,false,שעועית לבנה אפויה A2 ברוטב עגבניות יכין 560ג',היינץ צפון אמריקה מק,IL,שעועית לבנה ברוטב יכ,גרמים,560.00,100 גרם,false,,6.90,0.0123,true,1,4702
7290000208220,false,שעועית צילי חריף 550 ג' יכין,היינץ צפון אמריקה מק,IL,שעועית צילי חריף יכי,גרמים,580.00,100 גרם,false,,9.50,0.0164,true,1,4703
7290000208329,false,גרעיני תירס מתוק A2 יכין 550ג',"זנלכל בע""מ",IL,תירס גרעינים יכין 55,גרמים,550.00,100 גרם,false,,6.90,0.0125,true,1,4705
7290000208428,false,גרגרי חומוס שלם 550 גרם יכין,"זנלכל בע""מ",IL,חומוס שלם יכין 550 ג,גרמים,550.00,100 גרם,false,,6.90,0.0125,true,1,4710
7290000209012,false,חומץ הדרים יכין 1 לי,"זנלכל בע""מ",IL,חומץ 5% יכין 1 ליטר,קילוגרמים,1.00,ליטר,false,,6.90,6.9000,true,1,4711
7290000209043,false,מיץ לימון משומר 1 ל' יכין,היינץ צפון אמריקה מק,IL,רוטב לימון משומר יכי,קילוגרמים,1.00,ליטר,false,,5.90,5.9000,true,1,4712
7290000209524,false,סירופ דייאט פטל יכין,זנלכל,IL,סירופ יכין פטל דיאט,קילוגרמים,1.00,ליטר,false,,16.70,16.7000,true,1,4715
7290000209555,false,סירופ יכין דיאט בטעם תפוח 1ל',זנלכל,IL,סירופ יכין תפוע דיאט,קילוגרמים,1.00,ליטר,false,,16.70,16.7000,true,1,4716
7290000209579,false,סירופ דיאט אננס 1 ליטר,"זנלכל בע""מ",IL,סירופ יכין אננס דיאט,קילוגרמים,1.00,ליטר,false,,16.70,16.7000,true,1,4717
7290000209722,false,רסק עגבניות 28% פריכוז 580 גרם יכין,"זנלכל בע""מ",IL,תרכיז עגבניות פריכוז,גרמים,580.00,100 גרם,false,,9.90,0.0171,true,1,4719
7290000211442,false,"סוגת אורז פרסי קלאסי שקית 1 ק""ג",האי נאם סי או אל.טי.,IL,"אורז פרסי סוגת 1 ק""ג",פריט,1.00,"ק""ג",false,,8.90,8.9000,true,1,10211
7290000211503,false,סוכר לבן ארוז בשקית,"סוגת תעשיות בע""מ",IL,"סוכר סוגת 1 ק""ג",פריט,1.00,"ק""ג",false,,4.90,4.9000,true,1,10212
7290000211985,false,"אורז ריזוטו עגול סוגת 1 ק""ג","סוגת תעשיות בע""מ",IL,אורז ריזוטו עגול סוג,פריט,1.00,"ק""ג",false,,7.90,7.9000,true,1,10213
7290000226514,false,עוגת דובוש ריבת חלב 400 גר',קפולסקי שיווק וקמעונ,IL,עוגת דובוש ריבת חלב,גרמים,450.00,100 גרם,false,,38.90,0.0864,true,1,11471
7290000226545,false,עוגת טורט היער השחור,קפולסקי שיווק וקמעונ,IL,עוגת טורט היער השחור,פריט,1.00,"ק""ג",false,,63.90,63.9000,true,1,11472
7290000226552,false,"עוגת טורט ריבת חלב קוקוס 1 ק""ג",קפולסקי שיווק וקמעונ,IL,עוגת טורט בטעם ריבת,פריט,1.00,"ק""ג",false,,63.90,63.9000,true,1,11473
7290000226569,false,עוגת טורט קצפת שוקולד 1 קג',קפולסקי שיווק וקמעונ,IL,עוגת טורט קצפת בטעם,פריט,1.00,"ק""ג",false,,63.90,63.9000,true,1,11474
7290000226613,false,עוגות דובוש מצופה שוקולד 400 גר',קפולסקי שיווק וקמעונ,IL,עוגת דובוש מצופה שוק,גרמים,400.00,100 גרם,false,,38.90,0.0972,true,1,11477
7290000238029,false,"בצק עלים צרפתי מרודד מעדנות 1ק""ג",מיוצר עי קונדיטוריית,IL,בצק עלים מרודד מעדנו,פריט,1.00,"ק""ג",false,,17.90,17.9000,true,1,13568
7290000238036,false,מלאווח 6יח' מעדנות 700ג',מיוצר עי קונדיטוריית,IL,מלוואח מעדנות 700 גר,גרמים,700.00,100 גרם,false,,12.90,0.0184,true,1,13569
7290000238173,false,בורקס גבינה 800 ג' מעדנות,מיוצר עי קונדיטוריית,IL,בורקס גבינה מעדנות 8,גרמים,800.00,100 גרם,false,,17.90,0.0224,true,1,13570
7290000238180,false,בורקס תפוחי אדמה מעדנות 800ג',מיוצר עי קונדיטוריית,IL,בורקס תפוא מעדנות 80,גרמים,800.00,100 גרם,false,,16.90,0.0211,true,1,13571
7290000245089,false,סוד סופט מרכך כביסה סגול 4 ליטר,"הנקל סוד בע""מ",IL,מרכך סוד סגול 4 ליטר,קילוגרמים,4.00,ליטר,false,,16.90,4.2250,true,1,2480
7290000245157,false,סוד סופט מרכך כביסה סנסיישן 4 ליטר,"הנקל סוד בע""מ",IL,מרכך סוד לבן 4 ליטר,קילוגרמים,4.00,ליטר,false,,16.90,4.2250,true,1,2481
7290000245782,false,סוד סופט מרכך כביסה ורוד 4 ליטר,"הנקל סוד בע""מ",IL,מרכך סוד ורוד 4 ליטר,קילוגרמים,4.00,ליטר,false,,16.90,4.2250,true,1,2482
7290000245799,false,סוד סופט מרכך כביסה כחול 4 ליטר,"הנקל סוד בע""מ",IL,מרכך סוד כחול 4 ליטר,קילוגרמים,4.00,ליטר,false,,16.90,4.2250,true,1,2483
7290000253084,false,שוקולד ציפס חום לבן,אופנהיימר,IL,שוקולד ציפס חום לבן,גרמים,750.00,100 גרם,false,,19.90,0.0265,true,1,1153
7290000253107,false,צמקאו לבישול ואפיה א,אופנהיימר,IL,צמקאו לבישול ואפיה א,גרמים,900.00,100 גרם,false,,16.90,0.0188,true,1,1155
7290000253206,false,שוקולד ציפס אופנהיימ,אופנהיימר,IL,שוקולד ציפס אופנהיימ,גרמים,680.00,100 גרם,false,,19.90,0.0293,true,1,1157
7290000253251,false,שוקולד צ'יפס לבן אופנהיימר 300ג',אופנהיימר,IL,שוקולד ציפס לבן אופנ,גרמים,250.00,100 גרם,false,,9.90,0.0396,true,1,1158
7290000253329,false,צמקאו חום/לבן לבישול,אופנהיימר,IL,צמקאו חום/לבן לבישול,גרמים,900.00,100 גרם,false,,16.90,0.0188,true,1,1160
7290000253565,false,מזרה צבעוני ארוך אופ,אופנהיימר,IL,מזרה צבעוני ארוך אופ,גרמים,170.00,100 גרם,false,,6.90,0.0406,true,1,1163
7290000253589,false,מזרה חום ארוך אופנהי,אופנהיימר,IL,מזרה חום ארוך אופנהי,גרמים,200.00,100 גרם,false,,6.90,0.0345,true,1,1164
7290000253596,false,מזרה צבעוני עגול אופ,אופנהיימר,IL,מזרה צבעוני עגול אופ,גרמים,200.00,100 גרם,false,,6.90,0.0345,true,1,1165
7290000262161,false,נייר טואלט לב אדום 40 גלילים מולט,חוגלה קימברלי,IL,נייר טואלט מולט 40 ג,מטרים,704.00,מטר,false,,34.50,0.0490,true,1,4880
7290000262413,false,חיתולי האגיס אקסטרה קייר מידה 5 34יח,חוגלה קימברלי,IL,חיתולי האגיס אקסטרא,Unknown,0.00,יחידה,false,,54.90,0.0000,true,1,28468
7290000263359,false,האגיס - פיור נטורל שלב 1 ניו בורן 40 יח',קימברלי קלארק שיווק,IL,חיתולי האגיס 40 יח ש,Unknown,0.00,יחידה,false,,31.50,0.0000,true,1,4883
7290000267425,false,שמן זית שקדיה כתית מעולה 750מל,,ES,שמן זית כתית שקדיה 7,מיליליטרים,750.00,"100 מ""ל",false,,29.90,0.0399,true,1,16779
7290000272467,false,סירופ עסיס דיאט פטל 1ל,בית-השיטה עסיס תעשיו,IL,סירופ עסיס פטל דיאט,קילוגרמים,1.00,ליטר,false,,15.90,15.9000,true,1,457
7290000272696,false,עסיס מיץ לימון טבעי משומר 1 ל' אסם,בית-השיטה עסיס תעשיו,IL,מיץ לימון משומר עסיס,קילוגרמים,1.00,ליטר,false,,8.30,8.3000,true,1,458
7290000272726,false,חומץ טבעי 5% עסיס 1 ל' אסם,בית השיטה עסיס תעשיו,IL,חומץ 5% עסיס 1 ליטר,קילוגרמים,1.00,ליטר,false,,5.90,5.9000,true,1,459
7290000286228,false,כרית קרצוף לכלים סנו סושי 6יח',סנו מפעלי ברונו בעמ,IL,ספוגיות סנו סושי 6 י,Unknown,0.00,יחידה,false,,9.90,0.0000,true,1,3670
7290000286297,false,"סנו אנטי קאלק מסיר אבן מקומקום 700 מ""ל",סנו מפעלי ברונוס בעמ,IL,נוזל אנטי קאלק מסיר,מיליליטרים,700.00,"100 מ""ל",false,,9.90,0.0141,true,1,3671
7290000286488,false,ספוג רחצה כיף פיראט,קוסמופארם,IL,ספוג כיף פיראט,Unknown,0.00,יחידה,false,,6.90,0.0000,true,1,3672
7290000286525,false,ספוג כייף פרינה רחצה 1יח',קוסמופארם,IL,ספוג כיף רחצה פרינה,Unknown,0.00,יחידה,false,,9.90,0.0000,true,1,3673
7290000286549,false,סנו סושי מטליות לניקוי כללי 9 יח',טרופיקל דגיל תעשיות,IL,מטליות לניקוי כללי ס,Unknown,0.00,יחידה,false,,9.90,0.0000,true,1,3674
7290000286761,false,ניילון נצמד סנו סושי פלסטיק מארז 30X2 מ',מיוצר עי קונדיטוריית,CN,ניילון נצמד סנו סושי,מטרים,60.00,מטר,false,,9.90,0.1650,true,1,3675
7290000286921,false,"סנוקל רסס וכבס 750 מ""ל",סנו מפעלי ברונוס בעמ,IL,תרסיס רסס כבס סנוקל,מיליליטרים,750.00,"100 מ""ל",false,,10.90,0.0145,true,1,3676
7290000287102,false,"סנו שמפו שטיחים אירוסול 600 מ""ל",מיוצר עי קונדיטוריית,IL,תרסיס סנו שטיחים איר,מיליליטרים,600.00,"100 מ""ל",false,,19.70,0.0328,true,1,3677
7290000287195,false,"סנו רהיט ספריי עשיר בווקס להברקה 305 מ""ל",מיוצר עי קונדיטוריית,IL,תרסיס סנו רהיט 305 מ,מיליליטרים,305.00,"100 מ""ל",false,,13.70,0.0449,true,1,3678
7290000287409,false,סנובון שלישיה תות 3 יח' *55 ג',סנו מפעלי ברונוס בעמ,IL,סבון אסלה סנובון תות,גרמים,165.00,100 גרם,false,,10.70,0.0648,true,1,3679
7290000287430,false,סנובון צבעוני לאסלה בריח לימון שלישייה,סנו מפעלי ברונו בעמ,IL,סבון אסלה סנובון צבע,גרמים,165.00,100 גרם,false,,10.70,0.0648,true,1,3680
7290000287485,false,סנובון לובר לאסלה 3 יח' * 55 ג',סנו מפעלי ברונו בעמ,IL,סבון אסלה סנובון לוב,גרמים,165.00,100 גרם,false,,10.70,0.0648,true,1,3681
7290000287492,false,"סנו - סנובון נוזלי לימון 750 מ""ל","איי, בי, אינבוו",IL,סנובון נוזלי לימון 7,מיליליטרים,750.00,"100 מ""ל",false,,8.90,0.0119,true,1,3682
7290000288024,false,סנו - ז'אוול אקונומיקה בריח לימון 4 ליטר,"סנו מפעלי ברונוס בע""",IL,אקונומיקה סנו גאוול,קילוגרמים,4.00,ליטר,false,,16.90,4.2250,true,1,3683
7290000288048,false,סנו ז'אוול קצף לבנדר מרסס 1ל',קריות זול,IL,תרסיס ניקוי סנו ז'או,קילוגרמים,1.00,ליטר,false,,16.90,16.9000,true,1,3684
7290000288086,false,"סנו ז'אוול אבקת ואקונומיקה לימון 600 מ""ל",מיוצר עי קונדיטוריית,IL,אבקת ניקוי סנו גאוול,גרמים,600.00,100 גרם,false,,9.90,0.0165,true,1,3685
7290000288352,false,"סנו K-300 חרקים ונמלים 630מ""ל","סנו מפעלי ברונוס בע""",IL,"קוטל K300 סנו 630 מ""",מיליליטרים,630.00,"100 מ""ל",false,,19.90,0.0316,true,1,3687
7290000288383,false,"סנו K-500 נמלים ותיקנים 630מ""ל",מיוצר עי קונדיטוריית,IL,קוטל K500 נמלים סנו,מיליליטרים,400.00,"100 מ""ל",false,,19.90,0.0497,true,1,3688
7290000288390,false,"סנו K-600 מעופפים 500מ""ל","סנו מפעלי ברונוס בע""",IL,"קוטל K600 סנו 500 מ""",מיליליטרים,500.00,"100 מ""ל",false,,19.90,0.0398,true,1,3689
7290000288420,false,סנו די דוחה יתושיםספ,סנו מפעלי ברונוס בע',IL,"סנו די תרסיס 125 מ""ל",מיליליטרים,125.00,"100 מ""ל",false,,19.90,0.1592,true,1,3690
7290000288529,false,"משחת כלים סאן לימון 3.5 ק""ג",סנו,IL,משחת כלים סנוסאן ברי,פריט,3.50,"ק""ג",false,,19.90,5.6857,true,1,26882
7290000288642,false,סנו - מקסימה מרכך כביסה סנסטיב ורוד 4 ליטר,"סנו מפעלי ברונוס בע""",IL,מרכך מקסימה סנסטיב 4,קילוגרמים,4.00,ליטר,false,,21.50,5.3750,true,1,26353
7290000289052,false,פוליוקס 4 ליטר סחלבים,סנו,IL,פוליויקס סחלבים 4 לי,קילוגרמים,4.00,ליטר,false,,34.90,8.7250,true,1,3691
7290000289069,false,סנו - ז'אוול מרסס קצף ניקוי בתוספת אקונומיקה בריח לימון 1 ליטר,"סנו מפעלי ברונוס בע""",IL,תרסיס ניקוי סנו גאוו,קילוגרמים,1.00,ליטר,false,,16.90,16.9000,true,1,3692
7290000289595,false,"אורביטול משחת שיניים לילדים בטעם תות שדה 145 מ""ל",טרופיקל דגיל תעשיות,IL,משחת אורביטול ילדים,גרמים,145.00,100 גרם,false,,7.50,0.0517,true,1,3695
7290000291932,false,"סנובון לניקוי לבנדר 750מ""ל","איי, בי, אינבוו",IL,סנובון נוזלי לבנדר 7,מיליליטרים,750.00,"100 מ""ל",false,,8.90,0.0119,true,1,3696
7290000292557,false,סנומט מלוי נוזלי דוחה יתושים 45 לילות,טרופיקל דגיל תעשיות,IT,מילוי סנומט נוזלי 45,Unknown,0.00,יחידה,false,,14.90,0.0000,true,1,3700
7290000292595,false,סופר פוליש מבריק רצפות 2 ל',סנו,IL,סופר פוליש סנו 2 ליט,קילוגרמים,2.00,ליטר,false,,39.90,19.9500,true,1,3702
7290000292687,false,סנובון לאסלה כחול אפרסק נתלה 55X3ג',מיוצר עי קונדיטוריית,IL,סנובון כחול 3 יח,גרמים,165.00,100 גרם,false,,14.90,0.0903,true,1,3703
7290000292694,false,מגן קריסטל לרצפה 2ליטר,סנו,IL,מגן קריסטל סנו 2 ליט,קילוגרמים,2.00,ליטר,false,,39.90,19.9500,true,1,3704
7290000292915,false,"סנו רסס ונגב אקדח 750מ""ל","סנו מפעלי ברונוס בע""",IL,תרסיס סנו רסס ונגב 7,מיליליטרים,750.00,"100 מ""ל",false,,12.90,0.0172,true,1,3705
7290000293073,false,מרכך כביסה מקסימה ביו לבן 4 ל' סנו,"סנו מפעלי ברונוס בע""",IL,מרכך מקסימה ביו 4 לי,קילוגרמים,4.00,ליטר,false,,21.50,5.3750,true,1,3706
7290000293943,false,סנו אנטי קאלק מסיר אבנית וחלודה 1ל',מיוצר עי קונדיטוריית,IL,תרסיס אנטי קאלק מסיר,קילוגרמים,1.00,ליטר,false,,16.70,16.7000,true,1,3707
7290000294780,false,סנו - ז'אוול אקונומיקה סמיכה מבושמת 4 ליטר,"סנו מפעלי ברונוס בע""",IL,אקונומיקה סנו גאוול,קילוגרמים,4.00,ליטר,false,,16.90,4.2250,true,1,3708
7290000295503,false,סנו סושי שקיות אוכל מתכלות זוג *150 יח',אשפלסט תעשיות,CN,שקיות אוכל סנו סושי,Unknown,0.00,יחידה,false,,13.70,0.0000,true,1,3709
7290000295558,false,רדיד אלומיניום סנו סושי זוגי 30X7.5מ',מולינו ניקולי s.p.a,CN,נייר אלומיניום סנו ס,מטרים,15.00,מטר,false,,9.90,0.6600,true,1,3710
7290000295565,false,רדיד אלומיניום סנו סושי זוגי 45X7.5מ',בורסה פזרי,IL,נייר אלומניום סנו סו,מטרים,15.00,מטר,false,,15.90,1.0600,true,1,3711
7290000295749,false,ספוג כייף סאקי מסאז 1יח',גוד פוד פרודקטס S.p,IL,ספוג כיף סאקי מסאז,Unknown,0.00,יחידה,false,,9.90,0.0000,true,1,3712
7290000295824,false,סנו סושי רדיד אלומיניום 100 מ',מולינו ניקולי s.p.a,IL,נייר אלומיניום סנו ס,Unknown,0.00,יחידה,false,,47.90,0.0000,true,1,25922
7290000311067,false,מן-וופלים קוביות מינימן לא מצופה 200גר,מן,IL,מיני ופלים בטעם שוקו,גרמים,200.00,100 גרם,false,,6.70,0.0335,true,1,4984
7290000311098,false,ופל מן לימון 3*200 ג,רוקחמן,IL,ופל מן לימון 3*200 ג,גרמים,600.00,100 גרם,false,,12.90,0.0215,true,1,4985
7290000311128,false,עוגיות מן חמאה 300 גרם,תות ממתקי איכות,IL,עוגיות בטעם חמאה מן,גרמים,300.00,100 גרם,false,,6.70,0.0223,true,1,4986
7290000311135,false,עוגיות סטיקס שוקו מן,רוקחמן,IL,עוגיות סטיקס שוקו מן,גרמים,300.00,100 גרם,false,,6.70,0.0223,true,1,4987
7290000311180,false,וופל מן ושוקולד 25X10ג',רוקחמן,IL,ופלית מן 10 יח,גרמים,250.00,100 גרם,false,,6.90,0.0276,true,1,4988
7290000311258,false,ופלים מצופים בטעם שו,מן,IL,ופלים מצופים בטעם שו,גרמים,250.00,100 גרם,false,,6.70,0.0268,true,1,4990
7290000311326,false,ופל קפה מן 3*200 גרם,רוקחמן,IL,ופל קפה מן 3*200 גרם,גרמים,600.00,100 גרם,false,,12.90,0.0215,true,1,4993
7290000311357,false,מאגדת מן אגוזים עשיריה 20* 10,רוקחמן,IL,ופל אגוזית מן 10 יח,גרמים,280.00,100 גרם,false,,9.90,0.0354,true,1,4995
7290000311425,false,מאגדת מן וופל מצופה כחול -עשירה 24*10,תות ממתקי איכות,IL,ופל מצופה מן 10 יח,גרמים,220.00,100 גרם,false,,6.90,0.0314,true,1,5000
7290000311432,false,עוגיות גרנולה קינמון ללא תוספת סוכר 200ג,רוקחמן,IL,עוגיות גרנולה קינמון,גרמים,200.00,100 גרם,false,,8.70,0.0435,true,1,26649
7290000311463,false,"עוגיות חיטה מלאה בטעם חמאה 200 גר' לל""ס",רוקחמן,IL,עוגיות חיטה בטעם חמא,גרמים,200.00,100 גרם,false,,8.70,0.0435,true,1,26650
7290000311487,false,מאגדת וופל שוקולד מקמח מלא ללא סוכר 20 ג'*7 יח' מן,רוקחמן,IL,ופל בטעם שוקולד קמח,גרמים,140.00,100 גרם,false,,6.90,0.0493,true,1,27862
7290000311500,false,וופלים מן 500 גר שוקו,רוקחמן,IL,ופל שוקולד מן 500 גר,גרמים,500.00,100 גרם,false,,8.90,0.0178,true,1,5001
7290000311517,false,וופלים מן 500 גר לימון,רוקחמן,IL,ופל לימון מן 500 גרם,גרמים,500.00,100 גרם,false,,8.90,0.0178,true,1,5002
7290000311708,false,עוגיות מן חיטה מלאה 300 גרם,תות ממתקי איכות,IL,עוגיות חיטה מלאה מן,גרמים,300.00,100 גרם,false,,6.70,0.0223,true,1,5004
7290000311715,false,עוגיות בטעם שוקו מן 300 גר,תות ממתקי איכות,IL,עוגיות כוכבים שוקולד,גרמים,300.00,100 גרם,false,,6.70,0.0223,true,1,5005
7290000311722,false,עוגיות מן כוכבים וניל 300 גר',תות ממתקי איכות,IL,עוגיות כוכבים וניל מ,גרמים,300.00,100 גרם,false,,6.70,0.0223,true,1,5006
7290000311746,false,עוגיות טעם קרמל מן 300 גר,רוקחמן,IL,עוגיות בטעם קרמל מן,גרמים,300.00,100 גרם,false,,6.70,0.0223,true,1,5008
7290000311753,false,עוגיות חיטה מלאה בטעם חלווה מן 250 גר',רוקחמן,IL,עוגיות חיטה מלאה בטע,גרמים,250.00,100 גרם,false,,6.70,0.0268,true,1,5009
7290000311845,false,עוגיות קמח מלא ללא תוספת סוכר מן 200ג,רוקחמן,IL,עוגיות חיטה ללא סוכר,גרמים,200.00,100 גרם,false,,8.70,0.0435,true,1,5010
7290000311869,false,מן-וופלים בטעם שוק ללא תוספת סוכר 180ג,תות ממתקי איכות,IL,ופל ללא סוכר בטעם שו,גרמים,180.00,100 גרם,false,,7.90,0.0439,true,1,5011
7290000311883,false,"עוגיות גרנולה לל""ס גרנולה 200 גרם",תות ממתקי איכות,IL,עוגיות גרנולה ללא סו,גרמים,200.00,100 גרם,false,,8.70,0.0435,true,1,5013
7290000311890,false,ופל בטעם לימון ללא סוכר 180 גר',"רוקחמן בע""מ",IL,ופל ללא סוכר בטעם לי,גרמים,180.00,100 גרם,false,,7.90,0.0439,true,1,5014
7290000311975,false,ופל מן 5*200 גרם,רוקחמן,IL,ופל מן 5*200 גרם,פריט,1.00,"ק""ג",false,,19.70,19.7000,true,1,5015
7290000312767,false,בייגלה שטוחים מלוח מ,מאיר בייגל,IL,בייגלה שטוחים מלוח מ,גרמים,200.00,100 גרם,false,,4.90,0.0245,true,1,20808
7290000312811,false,מלך הבייגלה טבעות עם מלח 200ג',מאיר בייגל,IL,בייגלה שמיניות מלך ה,גרמים,200.00,100 גרם,false,,3.90,0.0195,true,1,28893
7290000312842,false,בייגלה שמיניות מלך ה,מאיר בייגל,IL,בייגלה שמיניות מלך ה,גרמים,300.00,100 גרם,false,,5.90,0.0197,true,1,20810
7290000312859,false,גריסיני קלאסי מלך הג,מאיר בייגל,IL,גריסיני קלאסי מלך הג,גרמים,180.00,100 גרם,false,,5.90,0.0328,true,1,20811
7290000312866,false,גריסיני שומשום מלך ה,מאיר בייגל,IL,גריסיני שומשום מלך ה,גרמים,160.00,100 גרם,false,,5.90,0.0369,true,1,20812
7290000312873,false,מלך הבייגלה שטוח שומשום 180 גרם,מאיר בייגל,IL,בייגלה שטוח שומשום מ,גרמים,180.00,100 גרם,false,,4.90,0.0272,true,1,26473
7290000312880,false,מלך הבייגלה שטוח כפרי 180 גרם,מאיר בייגל,IL,בייגלה שטוח כפרי מלך,גרמים,180.00,100 גרם,false,,4.90,0.0272,true,1,26474
7290000313290,false,אסם נודלס נודלס אטריות מסולסלות 200גר,תאי פרזידנט פוד בנגק,TH,נודלס אטריות מסולסלו,גרמים,200.00,100 גרם,false,,8.90,0.0445,true,1,461
7290000345048,false,תה ויסוצקי 74 - 125ג',HIQ FOOD PRODUCTS,IL,תה 74 ויסוצקי 125 גר,גרמים,125.00,100 גרם,false,,12.80,0.1024,true,1,14038
7290000345055,false,תה ויסוצקי ארל גריי 100 ג',מולינו ניקולי s.p.a,IL,תה ארל גריי תה עלים,גרמים,100.00,100 גרם,false,,12.90,0.1290,true,1,14039
7290000345215,false,תה ויסוצקי קלאסיק 100/1 כחול מעודן,מולינו ניקולי s.p.a,IL,תה ויסוצקי טעם מעודן,גרמים,100.00,100 גרם,false,,15.90,0.1590,true,1,14040
7290000345307,false,תה ארל גריי 50 שקיקים ויסוצקי,מולינו ניקולי s.p.a,IL,תה ארל גריי ויסוצקי,גרמים,75.00,100 גרם,false,,27.90,0.3720,true,1,14042
7290000345536,false,תה נענע 25 שקיקים *1.5 ג',מולינו ניקולי s.p.a,IL,תה נענע 1.5 גרם 25 ש,גרמים,38.00,100 גרם,false,,16.50,0.4342,true,1,14043
7290000347738,false,תה ירוק נענע 25 שקיקים 1.5 גרם,קריות זול,IL,תה ירוק נענע 25 שקיק,גרמים,38.00,100 גרם,false,,22.90,0.6026,true,1,14048
7290000347752,false,תה ירוק לימונית ולואיזה 25 שקיקים *1.5 ג'' ויסוצקי,קריות זול,IL,תה ירוק לימון ולואיז,גרמים,38.00,100 גרם,false,,22.90,0.6026,true,1,14049
7290000363363,false,קבנוס מיוחד טירת צבי,הנסיך- מפעל לייצור ט,IL,קבנוס מיוחד טירת צבי,גרמים,160.00,100 גרם,false,,12.90,0.0806,true,1,4941
7290000364278,false,דקניקים סילסולי סלמי איטלקי 120 ג' טירת צבי,הנסיך- מפעל לייצור ט,IL,סלסולי סלמי בסגנון א,גרמים,120.00,100 גרם,false,,12.90,0.1075,true,1,27812
7290000364285,false,דקניקים סלסולי פסטרמה הודו 120 ג' טירת צבי,הנסיך- מפעל לייצור ט,IL,סלסולי פסטרמה הודו ט,גרמים,120.00,100 גרם,false,,12.90,0.1075,true,1,27814
7290000364292,false,דקניקים סלסולי פסטרמה הודו על גחלים 120 ג' טירת צבי,הנסיך- מפעל לייצור ט,IL,סלסולי פסטרמה הודו ע,גרמים,120.00,100 גרם,false,,12.90,0.1075,true,1,4943
7290000364858,false,"נקניקיות עוף טרי 1 ק""ג טירת צבי",הנסיך- מפעל לייצור ט,IL,נקניקיות עוף טירת צב,פריט,1.00,"ק""ג",false,,22.90,22.9000,true,1,4945
7290000367590,false,צמד כפרי סלמי+פסטרמה 800 גרם טירת צבי,טיב טירת צבי 2000,IL,מארז פסטרמה כפרי/סלמ,גרמים,800.00,100 גרם,false,,24.90,0.0311,true,1,4948
7290000369037,false,סלט קוביות בולגרית 200 ג' ניצן,נטורל קייקס,IL,סלט קוביות בולגרית ב,גרמים,200.00,100 גרם,false,,12.90,0.0645,true,1,1515
7290000369617,false,כדורי מעדן גבינה בשמן 225 ג' ניצן,"ניצן מותגי מזון בע""מ",IL,כדורי פטה בשמן ניצן,גרמים,150.00,100 גרם,false,,16.90,0.1127,true,1,1516
7290000379128,false,חלה פרוסה אנגל 500 ג,"איטיליאן פוד, אס.פי.",IL,חלה פרוסה אנגל 500 ג,גרמים,500.00,100 גרם,false,,9.90,0.0198,true,1,20322
7290000379258,false,חלת קונדיטורית ארוזה 500 ג' אנג'ל,מאפיית שלמה א. אנג'ל,IL,חלה קונדיטוריה אנגל,גרמים,500.00,100 גרם,false,,12.90,0.0258,true,1,20325
7290000396224,false,תפוח אדמה גורמה,אראל תוצרת חקלאית בע,IL,תפוח אדמה גורמה,Unknown,0.00,יחידה,false,,17.90,0.0000,true,1,14689
7290000408354,false,יוגורט עם אורז מצופה שוקולד קקאו 175 ג' דנונה,"שטראוס בריאות בע""מ",IL,דנונה בר פצפוצים,מיליליטרים,175.00,"100 מ""ל",false,,4.30,0.0246,true,1,12082
7290000412481,false,סנו - מנקה אסלות 00 1 ליטר,מיוצר עי קונדיטוריית,IL,מנקה אסלות 00 1 ליטר,קילוגרמים,1.00,ליטר,false,,7.50,7.5000,true,1,3713
7290000416632,false,ממרח שוקולד פרווה הש,השחר העולה תעשית ממת,IL,ממרח בטעם שוקולד השח,פריט,1.00,"ק""ג",false,,19.90,19.9000,true,1,4619
7290000416861,false,ממרח השחר קלאסי 750 גר' בית יוסף,השחר העולה תעשית ממת,IL,ממרח בטעם שוקולד השח,גרמים,750.00,100 גרם,false,,19.90,0.0265,true,1,4620
7290000419220,false,לנדוור כחול המקורי קפה טחון טורקי 3*100 גרם 16 יח',קפה לנדוור,IL,מארז קפה טורקי לנדוו,גרמים,300.00,100 גרם,false,,18.90,0.0630,true,1,12935
7290000419374,false,לנדוור לבוקר טחון טורקי 3*100גר,קפה לנדוור,IL,מארז קפה טורקי לנדוו,גרמים,300.00,100 גרם,false,,18.90,0.0630,true,1,12936
7290000426921,false,ברוקולי פרחים בודק קפוא 907 גר,"מטר ארצכם בע""מ",IL,ברוקולי פרחים בודק 9,גרמים,709.00,100 גרם,false,,34.90,0.0492,true,1,10733
7290000432359,false,נר נשמה בכוס שבועי פ,פאלאס,CN,נר נשמה בכוס שבועי פ,Unknown,0.00,יחידה,false,,9.90,0.0000,true,1,10831
7290000436326,false,עוגיות שוקולד ציפס ב,ברמן שוקולד ועוגיות,IL,עוגיות שוקולד ציפס ב,פריט,1.00,"ק""ג",false,,19.90,19.9000,true,1,5021
7290000436340,false,עוגיות במילוי שוקולד,ברמן שוקולד ועוגיות,IL,עוגיות במילוי שוקולד,גרמים,900.00,100 גרם,false,,19.90,0.0221,true,1,5023
7290000436357,false,עוגיות ממולאות בטעם,ברמן שוקולד ועוגיות,IL,עוגיות ממולאות בטעם,פריט,1.00,"ק""ג",false,,19.90,19.9000,true,1,5024
7290000436371,false,עוגיות סהר בציפוי שו,ברמן שוקולד ועוגיות,IL,עוגיות סהר בציפוי שו,פריט,1.00,"ק""ג",false,,19.90,19.9000,true,1,5026
7290000442310,false,טפטפים - בייביסקין משחה לתינוק 100 גרם,"רצט שקיים בע""מ",IL,משחת החתלה לתינוק 10,גרמים,100.00,100 גרם,false,,10.90,0.1090,true,1,222
7290000446325,false,"תרכיזי תפו""ע טבעי 1.2 ל' בי&די",בטר אנד דיפרנט,IL,תרכיז ב.ד תפוחים טבע,קילוגרמים,1.20,ליטר,false,,41.90,34.9167,true,1,1921
7290000446394,false,בטר אנד דיפרנט דייסת שיבולת שועל 200 גר',בטר אנד דיפרנט B&D,IL,דייסת שיבולת שועל ב.,גרמים,200.00,100 גרם,false,,9.90,0.0495,true,1,1922
7290000446523,false,חמאת בוטנים מתוקה 350ג' בי&די,בטר אנד דיפרנט,IL,חמאת בוטנים מתוקה ב.,גרמים,350.00,100 גרם,false,,13.90,0.0397,true,1,1923
7290000446530,false,"חמאת בוטנים 1 ק""ג בי&די",בטר אנד דיפרנט,IL,חמאת בוטנים מתוקה ב.,פריט,1.00,"ק""ג",false,,26.90,26.9000,true,1,1924
7290000446547,false,חמאת בוטנים טבעית ללא סוכר 350גר,בטר אנד דיפרנט B&D,IL,חמאת בוטנים טבעית ב.,גרמים,350.00,100 גרם,false,,13.90,0.0397,true,1,1925
7290000446554,false,"חמאת בוטנים טבעית 1 ק""ג בי&די",בטר אנד דיפרנט B&D,IL,חמאת בוטנים טבעית ב.,פריט,1.00,"ק""ג",false,,26.90,26.9000,true,1,1926
7290000446721,false,מארז פריכיות אורז ב.,בטר אנד דיפרנט,IL,מארז פריכיות אורז ב.,גרמים,420.00,100 גרם,false,,14.90,0.0355,true,1,1928
7290000446745,false,חמאת שקדים 100% טבעי 350ג' בי&די,בטר אנד דיפרנט,IL,חמאת שקדים ב.ד 350 ג,גרמים,350.00,100 גרם,false,,38.90,0.1111,true,1,1929
7290000446776,false,פתיתי אורז תפוח קל ללא סוכר 500 גרם,בטר אנד דיפרנט,IL,פצפוצי אורז ללא תוספ,גרמים,450.00,100 גרם,false,,18.90,0.0420,true,1,1930
7290000446936,false,ציפ.לשניצל ללא גלוטן שקית 300גר,בטר אנד דיפרנט,IL,פירורי קורנפלקס לציפ,גרמים,250.00,100 גרם,false,,9.90,0.0396,true,1,1931
7290000453019,false,שמרים טריים לאפייה שקית שמרית 50 ג',"פאקא תעשיות בע""מ",IL,שמרים טריים שמרית 50,גרמים,50.00,100 גרם,false,,3.90,0.0780,true,1,12083
7290000453125,false,שמרית שמרים טריים לאפייה +משפר אפייה 100ג,"פאקא תעשיות בע""מ",IL,שמרים טריים+משפר אפי,גרמים,100.00,100 גרם,false,,6.90,0.0690,true,1,12084
7290000453385,false,שמרים יבשים פאקא אינסטנט 500ג',פאקא תעשיות בעמ,IL,שמרים יבשים פאקא 500,גרמים,500.00,100 גרם,false,,11.90,0.0238,true,1,12447
7290000453408,false,בצק פיצה דק מצונן ומוכן לאפייה שמרית,"פאקא תעשיות בע""מ",GR,בצק פיצה מוכן לאפיה,גרמים,415.00,100 גרם,false,,15.80,0.0381,true,1,12085
7290000453415,false,בצק עלים מצונן ומוכן לאפייה שמרית,"פאקא תעשיות בע""מ",FR,בצק עלים מוכן לאפיה,גרמים,300.00,100 גרם,false,,14.80,0.0493,true,1,12086
7290000453422,false,בצק פילו מצונן ומרודד מוכן לאפיה,"פאקא תעשיות בע""מ",GR,בצק פילו מוכן לאפיה,גרמים,300.00,100 גרם,false,,14.80,0.0493,true,1,12087
7290000453484,false,בצק קדאיף מצונן שמרי,פאקא תעשיות בעמ,GR,בצק קדאיף שמרית 350,גרמים,350.00,100 גרם,false,,14.80,0.0423,true,1,12089
7290000453866,false,נטורינה קוקוס לאפייה שמרית 200ג',גרונבאנג- גרונדנסק א,DK,נטורינה תחליף מרגרינ,גרמים,200.00,100 גרם,false,,6.50,0.0325,true,1,12090
7290000453880,false,"מרגרינה לל""מ לאפיה ובישול שימרית 200 ג'","פאקא תעשיות בע""מ",IL,מרגרינה ללא מלח שמרי,גרמים,200.00,100 גרם,false,,4.60,0.0230,true,1,12091
7290000462103,false,סחוג אדום חריף עדין (מכסה לבן) 150 גרם,קריניסה ויטמין אס אי,IL,סחוג תימני זהבי 150,גרמים,150.00,100 גרם,false,,6.90,0.0460,true,1,12093
7290000462141,false,סחוג אדום חריף מאוד (מכסה אדום) 150 גרם,קריניסה ויטמין אס אי,IL,סחוג תימני חריף זהבי,גרמים,150.00,100 גרם,false,,6.90,0.0460,true,1,12094
7290000462172,false,סחוג ירוק חריף מאוד מ.ירוק 150 גרם,קריניסה ויטמין אס אי,IL,סחוג ירוק זהבי 150 ג,גרמים,140.00,100 גרם,false,,6.90,0.0493,true,1,12095
7290000467153,false,צבר חומוס סמיר הגדול 400גר,סלטי צבר,IL,חומוס עם המון טחינה,גרמים,400.00,100 גרם,false,,13.90,0.0348,true,1,821
7290000469638,false,"מריטו ספריי גיהוץ קל 500 מ""ל",בולטון מניטובה,IT,ספריי לגיהוץ מריטו 5,מיליליטרים,500.00,"100 מ""ל",false,,19.90,0.0398,true,1,12937
7290000474502,false,גבינה לבנה 5% 250ג' טרה מהדרין,קריות זול,IL,גבינה 5% טרה 250 גרם,גרמים,250.00,100 גרם,false,,4.90,0.0196,true,1,4426
7290000474540,false,גבינה טוב טעם 3% טרה 250ג' מהדרין,קריות זול,IL,גבינה 3% טוב טעם 250,גרמים,250.00,100 גרם,false,,10.20,0.0408,true,1,4427
7290000474830,false,גבינה צהובה מגורדת 28% שומן 500 ג' נעם,מילקו תעשיות בעמ,IL,גבינה מגורדת 28% טרה,גרמים,500.00,100 גרם,false,,27.90,0.0558,true,1,4428
7290000480107,false,קוואקר שיבולת שועל פחית 500 גר',וולקרס סנקס לימיטד,GB,שיבולת שועל קוואקר 5,גרמים,500.00,100 גרם,false,,9.90,0.0198,true,1,12879
7290000484747,false,עראק עלית 700 מל 40% כהל,יקב הגליל שווק בעמ,IL,"עלית הארק 40% 700 מ""",מיליליטרים,700.00,"100 מ""ל",false,,49.90,0.0713,true,1,6346
7290000490601,false,שלגוני גלידל שמינייה,הגלידות של פלדמן,IL,מאגדת גלידל שלגון ב,גרמים,400.00,100 גרם,false,,20.90,0.0522,true,1,27717
7290000493176,false,אבקת רוטב צלי לבשר 22ג' אסם,"אסם השקעות בע""מ",IL,אבקה להכנת רוטב צלי,גרמים,22.00,100 גרם,false,,3.60,0.1636,true,1,462
7290000493183,false,אבקת רוטב פיטריות 30 ג' אסם,"אסם השקעות בע""מ",IL,אבקת רוטב פטריות אסם,גרמים,30.00,100 גרם,false,,3.50,0.1167,true,1,463
7290000494760,false,קפה טורקי בוואקום כת,רוני רג'ואן,IL,קפה טורקי בוואקום כת,פריט,1.00,"ק""ג",false,,39.90,39.9000,true,1,11547
7290000497044,false,ברמן אקטיב לחם ארוז,מאפית י את א ברמן בע,IL,לחם אקטיב ברמן 750 ג,גרמים,750.00,100 גרם,false,,15.90,0.0212,true,1,6945
7290000497198,false,מארז פיתות עשירייה אסלי,מאפית י את א ברמן בע,IL,פיתות ברמן 10 יח,פריט,1.00,"ק""ג",false,,11.90,11.9000,true,1,6949
7290000497228,false,לחמניה רגילה בשקית ברמן 6יח',מאפית י את א ברמן בע,IL,לחמניות אצבע ברמן 6,גרמים,450.00,100 גרם,false,,9.90,0.0220,true,1,6951
7290000497273,false,לחמניות אקטיב מארז 6 יח',מאפית י את א ברמן בע,IL,לחמניות קמח מלא אקטי,גרמים,450.00,100 גרם,false,,13.90,0.0309,true,1,6952
7290000497303,false,לחמניה מקמח מלא 6יח' ברמן 450ג',מאפית י את א ברמן בע,IL,לחמניות קמח מלא ברמן,גרמים,450.00,100 גרם,false,,12.90,0.0287,true,1,6953
7290000497358,false,חלה מתוקה ארוזה חלומית 500 גר',מאפית י את א ברמן בע,IL,חלה מתוקה חלומית ברמ,גרמים,500.00,100 גרם,false,,11.90,0.0238,true,1,6954
7290000497426,false,לחם לעניין פלוס 500 גר',מאפית י את א ברמן בע,IL,לחם לעניין פלוס ברמן,גרמים,500.00,100 גרם,false,,13.90,0.0278,true,1,6955
7290000497532,false,"לחם מקמח מלא""לעניין"" 750 גר'",מאפית י את א ברמן בע,IL,לחם קמח מלא לעניין ב,גרמים,750.00,100 גרם,false,,14.90,0.0199,true,1,6958
7290000497570,false,לחם דגנים פלוס 500 גר',מאפית י את א ברמן בע,IL,לחם דגנים פלוס ברמן,גרמים,500.00,100 גרם,false,,13.90,0.0278,true,1,6959
7290000498003,false,לחם מקמח מלא ברמן 75,מאפית י את א ברמן בע,IL,לחם קמח מלא E-FREE ב,גרמים,750.00,100 גרם,false,,14.90,0.0199,true,1,6969
7290000498034,false,לחם אי פרי קמח כוסמין מלא 750 גר',מאפית י את א ברמן בע,IL,לחם קמח מלא כוסמין E,גרמים,750.00,100 גרם,false,,14.90,0.0199,true,1,6971
7290000498058,false,חלה כוסמין חלומית בר,מאפית י את א ברמן בע,IL,חלה כוסמין חלומית בר,גרמים,500.00,100 גרם,false,,15.90,0.0318,true,1,25201
7290000498300,false,חלה מתוקה ברמן 500 ג,מאפית י את א ברמן בע,IL,חלה מתוקה ברמן 500 ג,גרמים,500.00,100 גרם,false,,10.90,0.0218,true,1,6974
7290000504049,false,סוכרזית קנקן 1200 טבליות,אף.סי תבליני בגליל ב,IL,ממתיק קלאסי סוכרזית,גרמים,98.00,100 גרם,false,,17.90,0.1827,true,1,12448
7290000504209,false,"סוכרזית דיאט טיפ נוזלי 220 מ""ל",אף.סי תבליני בגליל ב,IL,ממתיק נוזלי קלאסי סו,מיליליטרים,220.00,"100 מ""ל",false,,14.80,0.0673,true,1,12449
7290000504278,false,סוכרזית - קלאסי פטנט 700 טבליות,אף.סי תבליני בגליל ב,IL,ממתיק קלאסי סוכרזית,גרמים,57.00,100 גרם,false,,13.90,0.2439,true,1,12450
7290000521008,false,"יין אדום יבש סגל 750 מ""ל",כרמי צבי - אחים סגל,IL,יין סגל אדום יבש,מיליליטרים,750.00,"100 מ""ל",false,,21.50,0.0287,true,1,5343
7290000521022,false,יין של סגל לבן חצי י,"מיוצר ע""י כרמי צבי-",IL,יין סגל לבן חצי יבש,מיליליטרים,750.00,"100 מ""ל",false,,21.50,0.0287,true,1,28081
7290000523224,false,מלח הארץ הים האדום 500 ג' עדין,חברת מלח הארץ אילת ב,IL,מלח עדין הים האדום 5,גרמים,500.00,100 גרם,false,,7.90,0.0158,true,1,10216
7290000523804,false,"מלח עדין צנצנת 1 ק""ג מלח הארץ",חברת מלח הארץ אילת ב,IL,"מלח עדין 1 ק""ג בצנצנ",פריט,1.00,"ק""ג",false,,6.90,6.9000,true,1,10217
7290000523811,false,"צנצנת מלח גס 1 ק""ג מלח הארץ",חברת מלח הארץ אילת ב,IL,"מלח גס 1 ק""ג בצנצנת",פריט,1.00,"ק""ג",false,,6.90,6.9000,true,1,10218
7290000530086,false,נקניק סלמי מעושן 600 ג' זוגלובק,נקניק נהריה כשר זוגל,IL,סלמי מעושן 7000 זוגל,גרמים,600.00,100 גרם,false,,24.90,0.0415,true,1,4771
7290000530109,false,קבנוס זוגי בואקום זוגלובק 180ג',נקניק נהריה כשר זוגל,IL,זוג קבנוס זוגלובק 2*,גרמים,360.00,100 גרם,false,,24.90,0.0692,true,1,4772
7290000530116,false,נקניק סלמי מעושן בשן 470 ג' זוגלובק,נקניק נהריה כשר זוגל,IL,סלמי בשן זוגלובק 470,גרמים,470.00,100 גרם,false,,24.90,0.0530,true,1,4773
7290000530468,false,נקניקיות וינר זוגלוב,,,נקניקיות וינר זוגלוב,פריט,1.00,"ק""ג",false,,23.90,23.9000,true,1,4774
7290000530703,false,זוג במארז חרמון הודו + סלמי תה זוגלובק 800 גר',נקניק נהריה כשר זוגל,IL,מארז סלמי תה/חרמון ז,גרמים,800.00,100 גרם,false,,23.90,0.0299,true,1,4775
7290000531977,false,בורקס גבינה 800 ג' זוגלובק,נקניק נהריה כשר זוגל,IL,בורקס גבינה זוגלובק,גרמים,800.00,100 גרם,false,,13.90,0.0174,true,1,4776
7290000533353,false,"בצק עלים צרפתי 1 ק""ג זוגלובק",מאפיית אריאל וגידרון,IL,בצק עלים זוגלובק 1 ק,פריט,1.00,"ק""ג",false,,13.50,13.5000,true,1,4777
7290000536316,false,"שניצל מן הצומח זוגלובק 1 ק""ג",נקניק נהריה כשר זוגל,IL,שניצל מן הצומח זוגלו,פריט,1.00,"ק""ג",false,,23.90,23.9000,true,1,4778
7290000536743,false,קריספי סטיקס תירס 500 ג' זוגלובק,נקניק נהריה כשר זוגל,IL,קריספי סטיקס טבעי זו,גרמים,500.00,100 גרם,false,,14.90,0.0298,true,1,4779
7290000536774,false,"נקניקיות מן הצומח זוגלובק 1ק""ג בד""צ",זוגלובק,IL,נקניקיות מן הצומח זו,פריט,1.00,"ק""ג",false,,19.90,19.9000,true,1,4780
7290000536781,false,"קבב צמחי 1 ק""ג זוגלובק",זוגלובק,IL,קבב מן הצומח זוגלובק,פריט,1.00,"ק""ג",false,,19.90,19.9000,true,1,4781
7290000537603,false,נקניקיות עוף זוגלובק,זוגלובק,IL,נקניקיות עוף זוגלובק,פריט,1.00,"ק""ג",false,,24.90,24.9000,true,1,4782
7290000551654,false,בשר מס 3 חזה בקר צרכ,,,בשר מס 3 חזה בקר צרכ,קילוגרמים,1.00,"ק""ג",true,,29.90,29.9000,true,1,8622
7290000551708,false,בשר מס 2 צלעות בקר ע,,,בשר מס 2 צלעות בקר ע,קילוגרמים,1.00,"ק""ג",true,,39.90,39.9000,true,1,8923
7290000554402,false,מלבי 160גר מחלבות גד,"מיוצר ע""י קוד יצרן E",IL,מלבי גד 160 גרם,מיליליטרים,160.00,"100 מ""ל",false,,5.90,0.0369,true,1,7059
7290000554471,false,גבינת מוצרלה 22% נקניק 180ג' גד,"מחלבות גד בע""מ",IL,גבינת מוצרלה 22% גד,גרמים,180.00,100 גרם,false,,16.90,0.0939,true,1,7061
7290000554600,false,מוצרלה מגורדת 18% 300 גרם - רובין,מחלבות גד בעמ,IL,גבינת מוצרלה מגורדת,גרמים,300.00,100 גרם,false,,19.90,0.0663,true,1,7063
7290000554624,false,ירח מתוק 3% 150 גרם רובין,"מיוצר ע""י קוד יצרן E",IL,מעדן ירח מתוק 3% גד,מיליליטרים,150.00,"100 מ""ל",false,,5.50,0.0367,true,1,7064
7290000554822,false,גבינת ריקוטה טבעית 5% גד 250ג',מחלבות גד בעמ,IL,גבינת ריקוטה 5% גד 2,גרמים,250.00,100 גרם,false,,13.90,0.0556,true,1,7065
7290000554839,false,שמנת מתוקה קשה בסגנון איטלקי 40% שומן 250 ג' גד,מחלבות גד בעמ,IL,גבינת מסקרפונה 40% ג,גרמים,250.00,100 גרם,false,,21.90,0.0876,true,1,7066
7290000571386,false,יוגורט כבשים 850 ג' יוגורמה,גבינות משק אחים מאיר,IL,יוגורמה 5% המחלבה 85,מיליליטרים,850.00,"100 מ""ל",false,,26.90,0.0316,true,1,7067
7290000571812,false,פרמזן מגורד בית יצחק,גבינות משק אחים מאיר,IL,גבינה פרמזן מגורדת ה,גרמים,200.00,100 גרם,false,,21.90,0.1095,true,1,7068
7290000572055,false,"חלבה לל""ס וסיבים ואגוז אחווה 400ג'",אחדות ביחר לטחינה חל,IL,חלוה אגוזים ללא סוכר,גרמים,400.00,100 גרם,false,,14.90,0.0373,true,1,19
7290000572086,false,טחינה גולמית אורגנית 500ג',אחדות ביחר לטחינה חל,IL,טחינה אורגנית אחוה 5,גרמים,500.00,100 גרם,false,,10.90,0.0218,true,1,20
7290000572215,false,חלבה וניל מצופה אחווה 80ג',אחדות ביחר לטחינה חל,IL,חטיף חלוה מצופה אחוה,גרמים,80.00,100 גרם,false,,2.90,0.0362,true,1,22
7290000572222,false,חלבה וניל בבלוק אחווה 500ג',שוורצקוף& הנקל דיסלד,IL,חלוה בטעם וניל אחוה,גרמים,500.00,100 גרם,false,,9.80,0.0196,true,1,23
7290000572536,false,חלבה וניל מגש אחווה 400ג'',אחדות ביחר לטחינה חל,IL,חלוה וניל אחוה 400 ג,גרמים,400.00,100 גרם,false,,9.80,0.0245,true,1,25
7290000572543,false,חלבה שוקו וניל אחווה 400ג',אחדות ביחר לטחינה חל,IL,חלוה שוקו וניל אחוה,גרמים,400.00,100 גרם,false,,9.80,0.0245,true,1,26
7290000572628,false,חלבה חטיף ללא סוכר בקופסה 276 ג',שוורצקוף& הנקל דיסלד,IL,חטיפי חלוה ללא תוספת,גרמים,275.00,100 גרם,false,,11.90,0.0433,true,1,27
7290000572673,false,אחווה חטיף חלווה ט.שונים 12*25גר,שוורצקוף& הנקל דיסלד,IL,חטיפי חלוה בטעמים אח,גרמים,300.00,100 גרם,false,,11.90,0.0397,true,1,28
7290000572819,false,"טחינה גולמית אחווה 1 ק""ג",אחדות ביחר לטחינה חל,IL,"טחינה אחוה 1 ק""ג",פריט,1.00,"ק""ג",false,,18.90,18.9000,true,1,29
7290000598116,false,מצות חמץ יהודה 1.5 ק,מצות יהודה,IL,מצות חמץ יהודה 1.5 ק,פריט,1.50,"ק""ג",false,,24.90,16.6000,true,1,7468
7290000598147,false,קמח מצה חמץ יהודה 50,מצות יהודה,IL,קמח מצה חמץ יהודה 50,גרמים,500.00,100 גרם,false,,6.50,0.0130,true,1,7470
7290000598680,false,"פתי בר 1.8 ק""ג מצות יהודה",מצות יהודה,IL,"פתיבר יהודה 1.8 ק""ג",פריט,1.80,"ק""ג",false,,23.90,13.2778,true,1,7471
7290000598918,false,עוגיות בטעם חמאה יהו,מצות יהודה,IL,עוגיות בטעם חמאה יהו,פריט,1.50,"ק""ג",false,,24.90,16.6000,true,1,7473
7290000630076,false,עוף מס' 2 עטרה קפוא,עטרה,IL,עוף מס 2 קפוא עטרה,קילוגרמים,1.00,"ק""ג",true,,21.90,21.9000,true,1,8932
7290000630083,false,עוף מס 3 קפוא עטרה,עטרה,IL,עוף מס 3 קפוא עטרה,קילוגרמים,1.00,"ק""ג",true,,21.90,21.9000,true,1,8933
7290000631035,false,כבד עוף קפוא עטרה,עטרה,IL,כבד עוף קפוא עטרה,קילוגרמים,1.00,"ק""ג",true,,29.90,29.9000,true,1,8934
7290000631271,false,לבבות עוף קפוא עטרה,עטרה,IL,לבבות עוף קפוא עטרה,קילוגרמים,1.00,"ק""ג",true,,29.90,29.9000,true,1,8935
7290000631295,false,לבבות עוף טרי ארוז ע,,,לבבות עוף טרי עטרה,קילוגרמים,1.00,"ק""ג",true,,26.90,26.9000,true,1,9305
7290000632209,false,חזה עוף קפוא עטרה,עטרה,IL,חזה עוף קפוא עטרה,קילוגרמים,1.00,"ק""ג",true,,29.90,29.9000,true,1,8936
7290000632391,false,כרעיים עוף קפוא עטרה,עטרה,IL,כרעיים עוף קפוא עטרה,קילוגרמים,1.00,"ק""ג",true,,31.90,31.9000,true,1,8937
7290000632599,false,ירכיים עוף קפוא עטרה,עטרה,IL,ירכיים עוף קפוא עטרה,קילוגרמים,1.00,"ק""ג",true,,29.90,29.9000,true,1,8939
7290000632698,false,שוקיים עוף קפוא עטרה,עטרה,IL,שוקיים עוף קפוא עטרה,קילוגרמים,1.00,"ק""ג",true,,34.90,34.9000,true,1,8940
7290000633800,false,כנפיים עוף קפוא עטרה,עטרה,IL,כנפיים עוף קפוא עטרה,קילוגרמים,1.00,"ק""ג",true,,11.90,11.9000,true,1,8941
7290000644516,false,גרונות הודו קפוא עטר,,,גרונות הודו קפוא עטר,קילוגרמים,1.00,"ק""ג",true,,29.90,29.9000,true,1,8944
7290000646114,false,כנפיים הודו קפוא עטר,,,כנפיים הודו קפוא עטר,קילוגרמים,1.00,"ק""ג",true,,16.90,16.9000,true,1,8945
7290000688381,false,מי עדן פקק ספורט 6*500 מל.,"מי עדן בע""מ",IL,"מים מי עדן 6*500 מ""ל",קילוגרמים,3.00,ליטר,false,,12.90,4.3000,true,1,6023
7290000688503,false,מים מינרליים מי עדן,"מי עדן בע""מ",IL,מים מי עדן ספורט 6*7,קילוגרמים,4.50,ליטר,false,,13.90,3.0889,true,1,6024
7290000692135,false,ספיד סטיק בסיסי ירוק א.פ פרש,קולגייט פלמוליב,BY,דאו ספיד סטיק פאואר,מיליליטרים,51.00,"100 מ""ל",false,,18.90,0.3706,true,1,12938
7290000692203,false,אג'קס ניקוי כללי 2לימון-מרכז,הנסיך- מפעל לייצור ט,BY,נוזל אג'קס לימון 2 ל,קילוגרמים,2.00,ליטר,false,,19.90,9.9500,true,1,12939
7290000692210,false,אג'קס ניקוי כללי לוונדר 2ל',הנסיך- מפעל לייצור ט,GR,נוזל אג'קס לבנדר 2 ל,קילוגרמים,2.00,ליטר,false,,19.90,9.9500,true,1,12940
7290000694108,false,מקלוני חומוס דאבייל,חטיפי יעקובי,IL,מקלוני חומוס דאבייל,גרמים,230.00,100 גרם,false,,11.90,0.0517,true,1,16782
7290000803180,false,"מרידול - מי פה שטיפה דנטלית 400 מ""ל",קולגייט פלמוליב,CH,"מי פה מרידול 400 מ""ל",מיליליטרים,400.00,"100 מ""ל",false,,24.90,0.0622,true,1,12944
7290000901046,false,מיחזור אריזה זכוכית,,,מיחזור אריזה,Unknown,0.00,יחידה,false,,0.30,0.0000,true,1,977
7290000901091,false,מיחזור אריזה פלסטיק,,,מיחזור אריזה פלסטיק,Unknown,0.00,יחידה,false,,1.80,0.0000,true,1,3992
7290000901107,false,מיחזור אריזה זכוכית,,,מיחזור אריזה זכוכית,Unknown,0.00,יחידה,false,,1.80,0.0000,true,1,1400
7290000901114,false,מיחזור אריזה פחית שי,,,מיחזור אריזה פחית שי,Unknown,0.00,יחידה,false,,1.80,0.0000,true,1,4025
7290000901121,false,צלעות טרי בלי עצם עט,,,צלעות טרי בלי עצם עט,קילוגרמים,1.00,"ק""ג",true,,49.90,49.9000,true,1,9306
7290000901152,false,צלעות כבש טרי עטרה,,,צלעות כבש טרי עטרה,קילוגרמים,1.00,"ק""ג",true,,189.90,189.9000,true,1,9307
7290000901688,false,חלה קלועה/מתוקה,,,חלה קלועה/מתוקה,גרמים,500.00,100 גרם,false,,9.00,0.0180,true,1,17082
7290000902203,false,בשר עגל טחון טרי עטר,,,בשר עגל טחון טרי עטר,קילוגרמים,1.00,"ק""ג",true,,49.90,49.9000,true,1,9315
7290000902241,false,אנטריקוט עגל טרי עטר,,,אנטריקוט עגל טרי עטר,קילוגרמים,1.00,"ק""ג",true,,129.90,129.9000,true,1,9317
7290000902258,false,צלי כתף עגל טרי עטרה,,,צלי כתף עגל טרי עטרה,קילוגרמים,1.00,"ק""ג",true,,99.90,99.9000,true,1,9318
7290000902265,false,פילה מדומה עגל טרי ע,,,פילה מדומה עגל טרי ע,קילוגרמים,1.00,"ק""ג",true,,79.90,79.9000,true,1,9319
7290000902272,false,כתף עגל טרי עטרה,,,כתף עגל טרי עטרה,קילוגרמים,1.00,"ק""ג",true,,79.90,79.9000,true,1,9320
7290000902289,false,אוסובוקו עגל טרי עטר,,,אוסובוקו עגל טרי עטר,קילוגרמים,1.00,"ק""ג",true,,69.90,69.9000,true,1,2084
7290000902296,false,שריר עגל טרי עטרה,,,שריר עגל טרי עטרה,קילוגרמים,1.00,"ק""ג",true,,64.90,64.9000,true,1,9321
7290000902357,false,אסאדו עם עצם טרי עטר,,,אסאדו עם עצם טרי עטר,קילוגרמים,1.00,"ק""ג",true,,69.90,69.9000,true,1,2087
7290000902494,false,בשר טחון מקפוא עטרה,,,בשר טחון מקפוא עטרה,קילוגרמים,1.00,"ק""ג",true,,39.90,39.9000,true,1,9326
7290000902609,false,מיחזור אריזה בקבוק 1,,,מיחזור אריזה בקבוק 1,Unknown,0.00,יחידה,false,,3.60,0.0000,true,1,5302
7290000902616,false,מיחזור אריזה 4 יח,,,מיחזור אריזה 4 יח,Unknown,0.00,יחידה,false,,1.20,0.0000,true,1,2078
7290000904900,false,מגבת נייר קירקלנד 1,,,מגבת נייר קירקלנד 1,מטרים,24.78,מטר,false,,9.90,0.3995,true,1,7776
7290000909387,false,ניוקי תפוח אדמה 1 קג,סיאם אלימינטרי,IT,"ניוקי דרומי 1 ק""ג",פריט,1.00,"ק""ג",false,,9.90,9.9000,true,1,1281
7290000916354,false,"ספריבס ע""ע עגל וויל",,,"ספריבס ע""ע עגל וויל",קילוגרמים,1.00,"ק""ג",true,,49.90,49.9000,true,1,9397
7290000964652,false,קיווי צהוב ייבוא ארו,אראל תוצרת חקלאית בע,IL,קיווי יח,Unknown,0.00,יחידה,false,,14.90,0.0000,true,1,14691
7290000976433,false,קשיו קלוי במשקל,דין שיווק,VN,קשיו טבעי במשקל,קילוגרמים,1.00,"ק""ג",true,,85.00,85.0000,true,1,16676
7290000976471,false,גרעין דלעת מקולפת במ,דין שיווק,IL,גרעין דלעת מקולפת במ,קילוגרמים,1.00,"ק""ג",true,,55.00,55.0000,true,1,16677
7290000976785,false,קשיו מסוכר במשקל,דין שיווק,VN,קשיו מסוכר במשקל,קילוגרמים,1.00,"ק""ג",true,,85.00,85.0000,true,1,16678
7290000976846,false,פיסטוק מקולף במשקל,דין שיווק,IL,פיסטוק מקולף,קילוגרמים,1.00,"ק""ג",true,,150.00,150.0000,true,1,16679
7290000977102,false,תערובת פיצוחים במשקל,דין שיווק,TR,תערובת פיצוחים במשקל,קילוגרמים,1.00,"ק""ג",true,,85.00,85.0000,true,1,16680
7290000977713,false,אגוז קליפה טבעי במשק,דין שיווק,IL,אגוז קליפה טבעי במשק,קילוגרמים,1.00,"ק""ג",true,,45.00,45.0000,true,1,16681
7290000977881,false,תפוח עץ מיובש,דין שיווק,CN,"תפו""ע במשקל",קילוגרמים,1.00,"ק""ג",true,,45.00,45.0000,true,1,16683
7290000978307,false,חמוציות ללא סוכר במש,דין שיווק,US,חמוציות ללא סוכר במש,קילוגרמים,1.00,"ק""ג",true,,69.00,69.0000,true,1,16684
7290000978574,false,פרלינים במשקל,דין שיווק,IL,פרלינים במשקל,קילוגרמים,1.00,"ק""ג",true,,75.00,75.0000,true,1,16686
7290000978703,false,סוכריות קשות במשקל,,GB,סוכריות קשות במשקל,קילוגרמים,1.00,"ק""ג",true,,36.00,36.0000,true,1,16687
7290000978864,false,תבלינים קבוצה 5 שקיל,נפטון,IL,תבלינים קבוצה 5,קילוגרמים,1.00,"ק""ג",true,,200.00,200.0000,true,1,16692
7290000979427,false,עגבניות שרי כתום ליח',אראל תוצרת חקלאית בע,IL,עגבניות שרי צהוב 460,גרמים,460.00,100 גרם,false,,9.90,0.0215,true,1,14693
7290000989778,false,חמוציות במשקל,דין שיווק,IL,חמוציות במשקל,קילוגרמים,1.00,"ק""ג",true,,30.00,30.0000,true,1,16694
7290000992730,false,עגבניות שרי מיקס טרי,אראל תוצרת חקלאית בע,IL,עגבניות שרי מיקס טרי,גרמים,460.00,100 גרם,false,,9.90,0.0215,true,1,29084
7290000993461,false,עגבניות שרי צהוב ליח',אראל תוצרת חקלאית בע,IL,עגבניות שרי צהוב 460,גרמים,460.00,100 גרם,false,,9.90,0.0215,true,1,14696
7290000993560,false,עגבניות שרי תמר שוקו 500 גרם לפי יח',אראל תוצרת חקלאית בע,IL,עגבניות שרי שוקו 460,גרמים,460.00,100 גרם,false,,9.90,0.0215,true,1,14697
7290001041017,false,תבלין חוואיג' תימני 50 גר' מיה,מיה תעשיות מזון בעמ,IL,חוואיג תימני מיה 50,גרמים,50.00,100 גרם,false,,5.80,0.1160,true,1,7138
7290001041048,false,תבלין על האש 50גרם צנצנת,מיה תעשיות מזון בעמ,IL,תבלין על האש מיה 50,גרמים,50.00,100 גרם,false,,5.80,0.1160,true,1,7140
7290001041260,false,שומשום מיה 400 גרם,מיה תעשיות מזון בעמ,IL,שומשום מיה 400 גרם,גרמים,400.00,100 גרם,false,,8.90,0.0223,true,1,7142
7290001041291,false,לקקן סוכריה על מקל 70יח',מיה תעשיות מזון בעמ,IL,לקקנים בטעם פירות מי,גרמים,600.00,100 גרם,false,,16.90,0.0282,true,1,7143
7290001041482,false,תבלין זנגויל 50 גר' מיה,מיה תעשיות מזון בעמ,IL,זנגוויל מיה 50 גרם,גרמים,50.00,100 גרם,false,,5.80,0.1160,true,1,7144
7290001041888,false,תבלין פפריקה מתוקה 300גרם,מיה תעשיות מזון בעמ,IL,פפריקה מתוקה מיה 300,גרמים,300.00,100 גרם,false,,14.90,0.0497,true,1,7149
7290001041895,false,תבלין פלפל שחור 400 גר' מיה,מיה תעשיות מזון בעמ,IL,פלפל שחור מיה 300 גר,גרמים,300.00,100 גרם,false,,27.90,0.0930,true,1,7150
7290001072882,false,"שמפו לסירוק קל נובו 700 מ""ל",סאסאטק,IL,שמפו לסירוק קל נובו,מיליליטרים,700.00,"100 מ""ל",false,,7.90,0.0113,true,1,27868
7290001072899,false,"מרכך לסירוק קל נובו 700 מ""ל",סאסאטק,IL,מרכך לסירוק קל נובו,מיליליטרים,700.00,"100 מ""ל",false,,7.90,0.0113,true,1,27867
7290001123010,false,בשר מס 2 צלעות קפוא,עטרה,IL,בשר מס 2 צלעות קפוא,קילוגרמים,1.00,"ק""ג",true,,29.90,29.9000,true,1,8630
7290001123041,false,בשר מס 5 צלי כתף קפו,פריזא,,בשר מס 5 צלי כתף קפו,קילוגרמים,1.00,"ק""ג",true,,54.90,54.9000,true,1,8633
7290001123065,false,בשר מס 7 מכסה הצלע ק,קונספסיון פניסקור פר,,בשר מס 7 מכסה הצלע ק,קילוגרמים,1.00,"ק""ג",true,,24.90,24.9000,true,1,8635
7290001134146,false,שישליק הודו טרי ארוז,,,שישליק הודו טרי ארוז,קילוגרמים,1.00,"ק""ג",true,,29.90,29.9000,true,1,8490
7290001134153,false,גרונות הודו קפוא כשר,,,גרונות הודו קפוא כשר,קילוגרמים,1.00,"ק""ג",true,,19.90,19.9000,true,1,8948
7290001136287,false,"נקה 7 - שמפו רגיל ירוק 750 מ""ל","קוסמופארם בעמ, ח.פ 5",IL,שמפו נקה 7 לשיער רגי,מיליליטרים,750.00,"100 מ""ל",false,,8.70,0.0116,true,1,3716
7290001136294,false,"שמפו נקה 7 לשיער יבש אדום 750מ""ל",גוד פוד פרודקטס S.p,IL,שמפו נקה 7 לשיער יבש,מיליליטרים,700.00,"100 מ""ל",false,,8.70,0.0124,true,1,3717
7290001136362,false,נקה 7 תחליב רחצה אלוורה ארומה ירוק 1 ל',מיוצר בסין.יבוא ושיו,IL,תחליב נקה 7 אלוורה ו,קילוגרמים,1.00,ליטר,false,,12.70,12.7000,true,1,3718
7290001136683,false,"מרכך לשיער רגיל ירוק 750 מ""ל נקה 7",אמיליה קוסמטיקס בעמ,IL,מרכך נקה 7 לשיער רגי,מיליליטרים,750.00,"100 מ""ל",false,,8.70,0.0116,true,1,3719
7290001136799,false,נקה 7 תחליב רחצה ארומה ורוד יסמין 1 ל',מיוצר בסין.יבוא ושיו,IL,תחליב נקה 7 ורד ויסמ,קילוגרמים,1.00,ליטר,false,,12.70,12.7000,true,1,3720
7290001136973,false,נקה 7 תחליב רחצה ארומה קמומיל לבן 1 ל',טרופיקל דגיל תעשיות,IL,תחליב נקה 7 קמומיל 1,קילוגרמים,1.00,ליטר,false,,12.70,12.7000,true,1,3721
7290001201510,false,ביצים 30 יח בינוני ל,לסר,IL,ביצים 30 יח בינוני ל,Unknown,30.00,יחידה,false,,27.80,0.9267,true,1,7730
7290001201572,false,ביצים 12 יח ענק XL,לסר,IL,ביצים 12 יח ענק XL,Unknown,12.00,יחידה,false,,13.10,1.0917,true,1,28963
7290001201602,false,ביצים 18 יח גדול לסר,לסר,IL,ביצים 18 יח גדול לסר,Unknown,18.00,יחידה,false,,18.00,1.0000,true,1,7732
7290001201619,false,ביצים 18 יח בינוני ל,לסר,IL,ביצים 18 יח בינוני ל,Unknown,18.00,יחידה,false,,16.70,0.9278,true,1,7733
7290001201657,false,ביצים אומגה 30 יח בי,לסר,IL,ביצים אומגה 30 יח בי,Unknown,30.00,יחידה,false,,37.90,1.2633,true,1,7735
7290001201671,false,מארז ביצים בינוני 2*,לסר,IL,מארז ביצים בינוני 2*,Unknown,60.00,יחידה,false,,55.50,0.9250,true,1,7736
7290001201824,false,ביצים לארג' אורגניות 12 יח',לסר,IL,ביצים אורגני 12 יח,Unknown,12.00,יחידה,false,,19.80,1.6500,true,1,27061
7290001201862,false,ביצים לארג' חופש 12 יח',לסר,IL,ביצים חופש 12 יח גדו,Unknown,12.00,יחידה,false,,16.90,1.4083,true,1,7739
7290001208403,false,חמצוצים / ליקריץ במש,,ES,חמצוצים / ליקריץ במש,קילוגרמים,1.00,"ק""ג",true,,50.00,50.0000,true,1,16695
7290001209042,false,רוסטביף מעובד קפוא ע,עטרה,IL,רוסטביף מעובד קפוא ע,קילוגרמים,1.00,"ק""ג",true,,56.90,56.9000,true,1,8950
7290001209103,false,עוף טחון עטרה 500 גר,עטרה,IL,עוף טחון עטרה 500 גר,גרמים,500.00,100 גרם,false,,12.90,0.0258,true,1,8952
7290001209158,false,שניצל עוף קפוא עטרה,עטרה,IL,שניצל עוף קפוא עטרה,קילוגרמים,1.00,"ק""ג",true,,34.90,34.9000,true,1,8953
7290001209189,false,נקניקיות חריפות עטרה 400ג' מהדרין,עטרה,IL,נקניקיות חריפות קפוא,גרמים,400.00,100 גרם,false,,9.90,0.0248,true,1,8954
7290001209271,false,חזה חצוי טרי ארוז עט,,,חזה עוף פרימיום טרי,קילוגרמים,1.00,"ק""ג",true,,34.90,34.9000,true,1,9417
7290001209295,false,פרגיות עוף קפוא עטרה,,,פרגיות עוף קפוא עטרה,קילוגרמים,1.00,"ק""ג",true,,64.90,64.9000,true,1,8955
7290001209349,false,עוף טרי שלם ארוז עטר,,,עוף שלם טרי עטרה,קילוגרמים,1.00,"ק""ג",true,,23.90,23.9000,true,1,9420
7290001209356,false,כרעיים עוף טרי ארוז עטרה,,,כרעיים עוף טרי עטרה,קילוגרמים,1.00,"ק""ג",true,,34.90,34.9000,true,1,9421
7290001209363,false,שניצל עוף טרי ארוז עטרה,,,שניצל עוף טרי עטרה,קילוגרמים,1.00,"ק""ג",true,,35.90,35.9000,true,1,9422
7290001209370,false,ירכיים טרי ארוז עטרה,,,ירכיים עוף טרי עטרה,קילוגרמים,1.00,"ק""ג",true,,32.90,32.9000,true,1,9423
7290001209387,false,שוקיים עוף טרי ארוז עטרה,,,שוקיים עוף טרי עטרה,קילוגרמים,1.00,"ק""ג",true,,36.90,36.9000,true,1,9424
7290001209394,false,כנפיים עוף טרי ארוז עטרה,,,כנפיים עוף טרי עטרה,קילוגרמים,1.00,"ק""ג",true,,8.90,8.9000,true,1,9425
7290001209516,false,סטייק עין עטרה מעובד עטרה 800 גרם,עטרה,IL,סטייק עין עטרה 800 ג,גרמים,800.00,100 גרם,false,,49.90,0.0624,true,1,8957
7290001216057,false,"טחינה גולמית אל ארז 1 ק""ג",טחינה אל ארז,IL,"טחינה אל ארז 1 ק""ג",פריט,1.00,"ק""ג",false,,26.90,26.9000,true,1,974
7290001216101,false,אל ארז טחינה מלאה 1קג,טחינה אל ארז,IL,טחינה מלאה אל ארז 1,פריט,1.00,"ק""ג",false,,28.90,28.9000,true,1,975
7290001245613,false,מטליות לחות לניקוי כ,סאסאטק,IL,מטליות לחות לניקוי כ,Unknown,0.00,יחידה,false,,14.90,0.0000,true,1,10605
7290001245705,false,אקונומיקה מבושמת טאצ' 4 ליטר,סאסאטק,IL,אקונומיקה טאצ מבושמת,קילוגרמים,4.00,ליטר,false,,7.90,1.9750,true,1,10606
7290001246078,false,מרכך מרוכז פרפיום סנשואל טאצ' 1 ל',סאסאטק,IL,מרכך מרוכז טאצ' סגול,קילוגרמים,1.00,ליטר,false,,9.90,9.9000,true,1,27743
7290001246498,false,נוזל רצפות מגיק סחלב,סאסאטק,IL,נוזל רצפות מגיק סחלב,קילוגרמים,4.00,ליטר,false,,9.90,2.4750,true,1,10607
7290001246504,false,אקונומיקה מגיק מבושמ,סאסאטק,IL,אקונומיקה מגיק מבושמ,קילוגרמים,4.00,ליטר,false,,7.90,1.9750,true,1,10608
7290001246528,false,מרכך כביסה מרוכז פרפיום מיסטרי טאצ' 1 ל',סאסאטק,IL,מרכך מרוכז טאצ' שחור,קילוגרמים,1.00,ליטר,false,,9.90,9.9000,true,1,26496
7290001247068,false,נקטר ספרינג תות בננה קרטונית 1 ל',"יפאורה תבורי בע""מ",IL,נקטר ספרינג תות בננה,קילוגרמים,1.00,ליטר,false,,6.90,6.9000,true,1,6025
7290001247082,false,נקטר ספרינג עגבניות קרטונית 1 ל',"יפאורה תבורי בע""מ",IL,נקטר ספרינג עגבניות,קילוגרמים,1.00,ליטר,false,,6.50,6.5000,true,1,6026
7290001247099,false,נקטר ספרינג מנגו קרטונית 1 ל',"יפאורה תבורי בע""מ",IL,נקטר ספרינג מנגו 1 ל,קילוגרמים,1.00,ליטר,false,,6.90,6.9000,true,1,6027
7290001247105,false,נקטר ספרינג אפרסק קרטונית 1 ל',"יפאורה תבורי בע""מ",IL,נקטר ספרינג אפרסק 1,קילוגרמים,1.00,ליטר,false,,6.90,6.9000,true,1,6028
7290001247112,false,נקטר ספרינג לימונענע קרטונית 1 ל',"יפאורה תבורי בע""מ",IL,נקטר ספרינג לימון 1,קילוגרמים,1.00,ליטר,false,,6.90,6.9000,true,1,6029
7290001247129,false,נקטר ספרינג תפוזים קרטונית 1 ל',"יפאורה תבורי בע""מ",IL,נקטר ספרינג תפוז 1 ל,קילוגרמים,1.00,ליטר,false,,6.90,6.9000,true,1,6030
7290001247143,false,נקטר ספרינג תפוחים קרטונית 1 ל',"יפאורה תבורי בע""מ",IL,נקטר ספרינג תפוח 1 ל,קילוגרמים,1.00,ליטר,false,,6.90,6.9000,true,1,6031
7290001274934,false,פופסיקל גלידה לימון 640 ג',הגלידות של פלדמן,IL,מאגדת גלידל פרי לימו,גרמים,640.00,100 גרם,false,,20.90,0.0327,true,1,10798
7290001274941,false,פופסיקל גלידה פטל 640 ג',הגלידות של פלדמן,IL,מאגדת גלידל פרי פטל,גרמים,640.00,100 גרם,false,,20.90,0.0327,true,1,10799
7290001335086,false,רגל עגל פרוס ארוז נת,נתח אדום,IL,רגל עגל פרוס ארוז נת,קילוגרמים,1.00,"ק""ג",true,,32.90,32.9000,true,1,20685
7290001335895,false,שיפודי כבד עגל ארוז,נתח אדום,IL,שיפודי כבד עגל ארוז,גרמים,500.00,100 גרם,false,,29.90,0.0598,true,1,26544
7290001342251,false,"שום כתוש אלדג, 360 גרם",אלדג,IL,שום כתוש אלדג 360 גר,גרמים,360.00,100 גרם,false,,16.90,0.0469,true,1,7620
7290001342350,false,מטיאס הולנדי עם בצל 700גר,אלדג,IL,פילה הרינג עם בצל אל,גרמים,700.00,100 גרם,false,,44.90,0.0641,true,1,24911
7290001342565,false,"חזרת ללא סוכר 300 ג' כשל""פ",אלדג,IL,חזרת ללא סוכר אלדג 3,גרמים,300.00,100 גרם,false,,16.90,0.0563,true,1,7621
7290001343845,false,"גרנולה פירות 1 ק""ג - 845 - ורוד שקדיה",הנסיך- מפעל לייצור ט,IL,גרנולה עם פירות יבשי,פריט,1.00,"ק""ג",false,,19.90,19.9000,true,1,16783
7290001407813,false,חלבה שאמית פיסטוק בקטנה בארכה 350ג',רושדי תעשיות מזון בע,IL,חלבה שאמית וניל עם פ,גרמים,350.00,100 גרם,false,,14.90,0.0426,true,1,28650
7290001407844,false,חלווה קלאסית וניל בארכה 350גר,רושדי תעשיות מזון בע,IL,חלבה קלאסית בטעם וני,גרמים,350.00,100 גרם,false,,13.90,0.0397,true,1,28644
7290001407936,false,בארכה-טחינה גולמית מעודנת בקבוק לחיץ 310 ג',רושדי תעשיות מזון בע,IL,טחינה מעודנת בארכה ל,גרמים,310.00,100 גרם,false,,10.50,0.0339,true,1,464
7290001476208,false,גבינה ברי משולש כבשי,מחלבות גד,IL,גבינה ברי פקאן גד במ,קילוגרמים,1.00,"ק""ג",true,,99.00,99.0000,true,1,7069
7290001482094,false,גבינה פרמז'נו משולשים ויליפוד 200ג',זנטי אס. אי לאלין,IT,פרמזנו משולש ויליפוד,גרמים,200.00,100 גרם,false,,17.90,0.0895,true,1,2138
7290001485019,false,גבינת שמנת 5% טעם טבעי 200 ג' טרה,קריות זול,IL,גבינת שמנת טבעי 5% ט,גרמים,200.00,100 גרם,false,,9.90,0.0495,true,1,4433
7290001491096,false,תה ירוק בתוספת לימונית ולואיזה 50 שקיקים ויסוצקי,קריות זול,IL,תה ירוק לימונית לואי,גרמים,75.00,100 גרם,false,,36.90,0.4920,true,1,14050
7290001532010,false,סלמון בעישון חם הרמס,"הרמס דגים בע""מ",IL,סלמון בעישון חם הרמס,קילוגרמים,1.00,"ק""ג",true,,149.00,149.0000,true,1,20561
7290001532065,false,טונה מעושנת הרמס במש,"הרמס דגים בע""מ",IL,טונה מעושנת הרמס במש,קילוגרמים,1.00,"ק""ג",true,,109.00,109.0000,true,1,20563
7290001532225,false,פילה מקרל מעושן הרמס,"הרמס דגים בע""מ",IL,פילה מקרל מעושן הרמס,קילוגרמים,1.00,"ק""ג",true,,109.00,109.0000,true,1,20564
7290001532249,false,מקרל מקרוסקה מעושן ה,"הרמס דגים בע""מ",IL,מקרל מקרוסקה מעושן ה,קילוגרמים,1.00,"ק""ג",true,,109.00,109.0000,true,1,20565
7290001546710,false,קלחי תירס בוואקום 40,אראל תוצרת חקלאית בע,IL,קלחי תירס בוואקום 40,גרמים,400.00,100 גרם,false,,9.90,0.0248,true,1,14703
7290001591819,false,פרוסות גבינה חצי קשה,ספולדויאלניה,PL,פרוסות גבינה חצי קשה,גרמים,400.00,100 גרם,false,,13.50,0.0338,true,1,25889
7290001591840,false,פרוסות גבינה 28% הר,,,פרוסות גבינה 28% הר,פריט,1.00,"ק""ג",false,,32.90,32.9000,true,1,8494
7290001594117,false,"פחית סליק פאנטה ענבים 330 מ""ל",קוקה קולה,IL,"פאנטה ענבים 330 מ""ל",מיליליטרים,330.00,"100 מ""ל",false,,4.90,0.0148,true,1,3981
7290001594568,false,"בירה קרלסברג פחית 500 מ""ל",מבשלות בירה בינלאומי,RO,בירה קרלסברג פחית 5%,מיליליטרים,500.00,"100 מ""ל",false,,9.90,0.0198,true,1,3985
7290001594575,false,"בירה טובורג פחית 500 מ""ל",מבשלות בירה בינלאומי,IL,בירה טובורג רד פחית,מיליליטרים,500.00,"100 מ""ל",false,,9.90,0.0198,true,1,3986
7290001594810,false,"בירה שחורה מאלטי בקב' מארז 330X6מ""ל",קרלסברג ישראל,,"בירה מאלטי 6*330 מ""ל",קילוגרמים,1.98,ליטר,false,,19.90,10.0505,true,1,26246
7290001594858,false,"בירה טובורג בקבוק 330X6מ""ל",קרלסברג ישראל,IL,מארז בירה טובורג רד,קילוגרמים,1.98,ליטר,false,,24.90,12.5758,true,1,3987
7290001594865,false,"קרלסברג בירה בקבוק 6* 330 מ""ל",קרלסברג ישראל,IL,מארז בירה קרלסברג 5%,קילוגרמים,1.98,ליטר,false,,24.90,12.5758,true,1,3988
7290001648285,false,אבקה להכנת שוקו מוקו,רוני רג'ואן,IL,אבקה להכנת שוקו מוקו,פריט,1.30,"ק""ג",false,,11.90,9.1538,true,1,11548
7290001648643,false,מארז קפה טורקי כתר 3,רוני רג'ואן,IL,מארז קפה טורקי כתר 3,גרמים,300.00,100 גרם,false,,13.90,0.0463,true,1,11549
7290001670514,false,מלית אוכמניות - 400 גרם פוליבה,"פוליבה בע""מ",IL,מלית אוכמניות הנמל 4,גרמים,400.00,100 גרם,false,,9.90,0.0248,true,1,4117
7290001670668,false,שקיות להכנת קרחונים 12 יח' הנמל,"איטיליאן פוד, אס.פי.",TR,שקיות הקפאה לקרח הנמ,Unknown,0.00,יחידה,false,,2.90,0.0000,true,1,4119
7290001670859,false,מלית דובדבנים פוליבה 400 ג',קריות זול,IL,מלית דובדבנים הנמל 4,גרמים,400.00,100 גרם,false,,9.90,0.0248,true,1,4121
7290001670873,false,"צלחות גדולות לבנות קשיח ח""פ הנמל 66יח'",הנמל אריזות ושיווק ב,IL,צלחות גדולות עבות במ,Unknown,0.00,יחידה,false,,38.90,0.0000,true,1,4122
7290001679609,false,מארז עוגיות אוראו 4*,מונדליז,CZ,מארז עוגיות אוראו 4*,גרמים,704.00,100 גרם,false,,23.90,0.0339,true,1,2513
7290001780428,false,מאגדת גלידת לייט שוקולד נסטלה 6יח' 312ג',גלידות נסטלה (נגה גל,IL,שלגוני לייט נסטלה שו,גרמים,312.00,100 גרם,false,,22.90,0.0734,true,1,8427
7290001791349,false,אקונומיקה פסגה ריחנית 4ליטר,"סנו מפעלי ברונוס בע""",IL,אקונומיקה פסגה 4 ליט,קילוגרמים,4.00,ליטר,false,,9.90,2.4750,true,1,3723
7290001791356,false,"סנו - פרש מילוי למטהר אוויר בלו אייר 250 מ""ל",קריות זול,IL,מבשם אויר סנו פרש או,מיליליטרים,250.00,"100 מ""ל",false,,12.90,0.0516,true,1,25939
7290001791776,false,"סנו - די רולאון דוחה יתושים אלוורה 50 מ""ל",גוד פוד פרודקטס S.p,IL,סנו די רול און אלוור,מיליליטרים,50.00,"100 מ""ל",false,,19.90,0.3980,true,1,3724
7290001813454,false,עוגיות חיוכים חגיגה שוקו 900 ג',אפיפית נצרת תעשיות ב,IL,עוגיות חיוכים שוקו ע,גרמים,900.00,100 גרם,false,,18.90,0.0210,true,1,12451
7290001855232,false,שמן למאור מרום הגליל,ירושלים שיווק שמן זי,IL,שמן למאור מרום הגליל,קילוגרמים,1.00,ליטר,false,,10.90,10.9000,true,1,23706
7290001867655,false,תפוא לבן פרמיום לאפי,אראל תוצרת חקלאית בע,IL,תפוח אדמה פרימיום,Unknown,0.00,יחידה,false,,17.90,0.0000,true,1,14707
7290001873984,false,טונה בשמן ויליגר 6*1,ויליגר,,טונה בשמן ויליגר 6*1,גרמים,840.00,100 גרם,false,,25.90,0.0308,true,1,26066
7290001901427,false,רולדה פולני גפילטפיש -הדג המיוחד,דג טעים בעמ,IL,רולדה גפילטע פיש הדג,גרמים,500.00,100 גרם,false,,22.90,0.0458,true,1,2331
7290001901656,false,גפילטע פיש היימיש 7 קציצות כשלפ בדץ,דג טעים בעמ,IL,גפילטע פיש היימיש פי,גרמים,560.00,100 גרם,false,,8.90,0.0159,true,1,2333
7290001901670,false,צנצנת גפילטע פיש 4 קציצות ללא סוכר,דג טעים בעמ,IL,גפילטע פיש קלאסי 4 י,גרמים,510.00,100 גרם,false,,12.90,0.0253,true,1,2334
7290001946121,false,פפריקה מתוקה יוחאי ביטון 400ג',תבליני ביטון,IL,פפריקה מרוקאית יוחאי,גרמים,400.00,100 גרם,false,,19.90,0.0497,true,1,16786
7290001970263,false,רחת לוקום במשקל,דין שיווק,IL,רחת לוקום במשקל,קילוגרמים,1.00,"ק""ג",true,,79.00,79.0000,true,1,16696
7290001970492,false,קשיו קלוי על גחלים ב,דין שיווק,VN,קשיו קלוי על גחלים ב,קילוגרמים,1.00,"ק""ג",true,,96.00,96.0000,true,1,16700
7290001970768,false,פקאן קלוי במשקל,דין שיווק,IL,פקאן קלוי במשקל,קילוגרמים,1.00,"ק""ג",true,,130.00,130.0000,true,1,16701
7290002003168,false,קרם ידיים מארז שלישיית פנג'ל 3X80-גרם,אינטרקוסמא 1985 במ,IL,קרם ידיים פנגל 3*80,גרמים,240.00,100 גרם,false,,13.90,0.0579,true,1,2809
7290002007296,false,צמר פלדה הנמל 350 גר,פלסטו פוליש,IL,צמר פלדה הנמל 350 גר,גרמים,350.00,100 גרם,false,,8.90,0.0254,true,1,4124
7290002007357,false,שקיות צליה דליקטס מיקרוגל הנמל 10 יח',הנמל,IL,שקיות לצליה דליקטס 1,Unknown,0.00,יחידה,false,,3.90,0.0000,true,1,4125
7290002007487,false,צמר פלדה הנמל 100 גר,"איטיליאן פוד, אס.פי.",IL,צמר פלדה הנמל 100 גר,Unknown,0.00,יחידה,false,,2.90,0.0000,true,1,4127
7290002007500,false,קיסמי שיניים במבוק בחבית 500 יח',הנמל אריזות ושיווק ב,IL,קיסמי שיניים הנמל 50,Unknown,0.00,יחידה,false,,2.70,0.0000,true,1,4128
7290002007623,false,כוסות ליין 50 יחידות,"איטיליאן פוד, אס.פי.",TR,כוסיות ליין 50 יח,Unknown,0.00,יחידה,false,,3.90,0.0000,true,1,4129
7290002007760,false,"פירורי לחם הנמל 1 ק""",הנמל,IL,"פירורי לחם הנמל 1 ק""",פריט,1.00,"ק""ג",false,,9.90,9.9000,true,1,4130
7290002008040,false,"שיפודים עץ 30 ס""מ הנמל 100יח'",הנמל אריזות ושיווק ב,IL,שיפודים 100 יח,Unknown,0.00,יחידה,false,,2.50,0.0000,true,1,4131
7290002008071,false,עטרות חום 2 מספר הנמל,הנמל אריזות ושיווק ב,IL,עטרות חום בקופסא מס2,Unknown,0.00,יחידה,false,,3.90,0.0000,true,1,4132
7290002008149,false,מדליק פחם מוצק הנמל אריזת 40יח',מ.א.יצור ויבוא מטליו,IL,מדליק פחם מוצק 40 קו,מיליליטרים,300.00,"100 מ""ל",false,,5.90,0.0197,true,1,4133
7290002008156,false,עטרות חום 5 מספר הנמל,קריות זול,IL,עטרות חום בקופסא מס5,Unknown,0.00,יחידה,false,,4.90,0.0000,true,1,4134
7290002008170,false,עטרות חום 3 מספר הנמל,הנמל,IL,עטרות מס 3 חום בקופס,Unknown,0.00,יחידה,false,,4.90,0.0000,true,1,4135
7290002008309,false,עטרות נייר חום לעוגה מס' 4 הנמל 130יח',הנמל אריזות ושיווק ב,IL,עטרות מס 4 חום בקופס,Unknown,0.00,יחידה,false,,4.90,0.0000,true,1,4136
7290002008460,false,עטרות חום 1.5 מספר הנמל,קריות זול,IL,עטרות חום מס 1.5 קופ,Unknown,0.00,יחידה,false,,3.30,0.0000,true,1,4137
7290002008569,false,מלבין קפה בקופסא 200 גר',הנמל אריזות ושיווק ב,IL,מלבין קפה בקופסא,גרמים,200.00,100 גרם,false,,12.90,0.0645,true,1,4138
7290002008903,false,נייר טואלט חתוך במזודה 12 יח',הויזהו טאימי פפר,CN,נייר טואלט חתוך הנמל,Unknown,0.00,יחידה,false,,14.90,0.0000,true,1,4144
7290002008989,false,קישקשים קשים לשתיה 225יח הנמל,הנמל אריזות ושיווק ב,CN,קישקשים בקופסא 225 י,Unknown,0.00,יחידה,false,,6.90,0.0000,true,1,4145
7290002015444,false,זית חרוזית בני דרום,בני דרום,IL,זית חרוזית בני דרום,פריט,1.25,"ק""ג",false,,15.90,12.7200,true,1,20611
7290002015451,false,זית מנזלינו בני דרום,בני דרום,IL,זית מנזלינו בני דרום,פריט,1.25,"ק""ג",false,,13.90,11.1200,true,1,20612
7290002015628,false,פלפל אדום בחומץ בני,בני דרום,IL,פלפל אדום בחומץ בני,גרמים,540.00,100 גרם,false,,6.90,0.0128,true,1,20614
7290002015765,false,חציל במלח בני דרום 5,בני דרום,IL,חציל במלח בני דרום 5,גרמים,560.00,100 גרם,false,,5.90,0.0105,true,1,20616
7290002015833,false,זית חרוזית בני דרום,בני דרום,IL,זית חרוזית בני דרום,פריט,3.00,"ק""ג",false,,29.90,9.9667,true,1,20618
7290002016472,false,מלפפון במלח צנצנת 720 גרם,בני דרום,IL,מלפפון במלח צנצנת בנ,גרמים,540.00,100 גרם,false,,7.90,0.0146,true,1,20622
7290002024002,false,"חומוס שמיר 3 ק""ג",סלטי שמיר 2006 בעמ,IL,"חומוס שמיר 3 ק""ג",פריט,3.00,"ק""ג",false,,29.90,9.9667,true,1,10270
7290002026341,false,צ'יפס בטטה קפוא אריסטו 500ג',האי נאם סי או אל.טי.,CA,ציפס בטטה קראנצ 500,גרמים,500.00,100 גרם,false,,15.90,0.0318,true,1,7859
7290002026358,false,צ'יפס בטטה זיגזג אריסטו 500ג',האי נאם סי או אל.טי.,CA,ציפס בטטה זיגזג קראנ,גרמים,500.00,100 גרם,false,,15.90,0.0318,true,1,7860
7290002026365,false,טבעות בצל אריסטו קראנץ 500 ג',היידי שוקולד בירונטי,IL,טבעות בצל קראנצ 500,גרמים,500.00,100 גרם,false,,8.90,0.0178,true,1,7861
7290002026402,false,בראנץ אנד קראנץ בלינצס גבינה 350 גרם,מוצרי איכות אמריקאיי,IL,בלינצס גבינה ב.קראנצ,גרמים,350.00,100 גרם,false,,9.90,0.0283,true,1,7862
7290002026440,false,פרצלס בייגלה בראנץ אנד קראנץ 280 ג',מוצרי איכות אמריקאיי,IL,פרצל ב.קראנצ 280 גרם,גרמים,280.00,100 גרם,false,,9.90,0.0354,true,1,7863
7290002026587,false,וופל בלגי פרווה בראנץ אנד קראנץ 8 יח',בראנץ' אנד קראנץ Brunch& Crunch,BE,וופל בלגי ב.קראנצ 2,גרמים,280.00,100 גרם,false,,10.90,0.0389,true,1,7864
7290002035206,false,חזרת אלדג 360 גרם,אלדג,IL,חזרת אלדג 360 גרם,גרמים,360.00,100 גרם,false,,16.90,0.0469,true,1,7622
7290002035343,false,הרינג כבוש אלדג 300,אלדג,IL,הרינג כבוש אלדג 300,גרמים,300.00,100 גרם,false,,24.90,0.0830,true,1,24920
7290002035862,false,מטיאס הולנדי בשמן 700 גרם,אלדג,IL,פילה הרינג הולנדי אל,גרמים,700.00,100 גרם,false,,44.90,0.0641,true,1,24922
7290002035879,false,פילה הרינג כבוש אלדג,אלדג,IL,פילה הרינג כבוש אלדג,גרמים,700.00,100 גרם,false,,44.90,0.0641,true,1,24923
7290002035886,false,מטיאס הולנדי עם בצל 300 גר',אלדג,IL,פילה הרינג עם בצל וש,גרמים,300.00,100 גרם,false,,24.90,0.0830,true,1,24924
7290002037040,false,חלה קלה וודש 500 גרם,מאפית י את א ברמן בע,IL,חלה קלה ודש 500 גרם,גרמים,500.00,100 גרם,false,,14.90,0.0298,true,1,6983
7290002037309,false,לחמניות המבורגר 8יח 400גר,מאפית י את א ברמן בע,IL,לחמניות המבורגר ודש,גרמים,400.00,100 גרם,false,,11.90,0.0298,true,1,6989
7290002037637,false,חליות מתוקות מארז 4יח',מאפית י את א ברמן בע,IL,לחמניות מתוקות ודש 4,גרמים,360.00,100 גרם,false,,10.90,0.0303,true,1,28451
7290002040064,false,קוסקוס דק הנמל 350 גר',טרופיקל דגיל תעשיות,IL,קוסקוס דק מזון 350 ג,גרמים,350.00,100 גרם,false,,4.50,0.0129,true,1,4146
7290002040071,false,קוסקוס עבה הנמל 350 גר',"קוסקוס מזון בע""מ",IL,קוסקוס עבה מזון 350,גרמים,350.00,100 גרם,false,,4.50,0.0129,true,1,4147
7290002040088,false,קוסקוס חיטה מלאה 350 ג',"קוסקוס מזון בע""מ",IL,קוסקוס מלא מזון 350,גרמים,350.00,100 גרם,false,,6.30,0.0180,true,1,4148
7290002040095,false,קוסקוס רגיל מארז 350X3ג' קוסקוס מזון,טרופיקל דגיל תעשיות,IL,מארז קוסקוס מזון 3*3,פריט,1.05,"ק""ג",false,,13.90,13.2381,true,1,4149
7290002044628,false,שומן כבש קפוא עטרה 2,,,שומן כבש קפוא עטרה 2,גרמים,200.00,100 גרם,false,,24.90,0.1245,true,1,8970
7290002044802,false,צלי בקר לתנור קפוא ע,,,צלי בקר לתנור קפוא ע,קילוגרמים,1.00,"ק""ג",true,,79.90,79.9000,true,1,8971
7290002065555,false,לחמניה אנג'ל ארוכה שקית 6יח,מאפיית שלמה א. אנג'ל,IL,לחמניות רגילות אנגל,גרמים,450.00,100 גרם,false,,10.90,0.0242,true,1,20335
7290002065616,false,לחם שיפון גרעינים 750 ג' אנג'ל,מאפיית שלמה א. אנג'ל,IL,לחם שיפון בתוספת גרע,גרמים,750.00,100 גרם,false,,12.90,0.0172,true,1,20336
7290002077268,false,מיני קציצות דג לבישול 500 גרם קהילות,האי נאם סי או אל.טי.,IL,מיני קציצות דג לבישו,גרמים,500.00,100 גרם,false,,18.90,0.0378,true,1,8657
7290002077725,false,סלומון נורווגי מצונן דלידג 100ג',וי קינג V King,IL,סלמון מעושן ויקינג 1,גרמים,100.00,100 גרם,false,,16.90,0.1690,true,1,8497
7290002096498,false,דובשניות חפץ 600 גרם,דובשנית,IL,דובשניות חפץ 600 גרם,גרמים,600.00,100 גרם,false,,10.70,0.0178,true,1,5029
7290002107071,false,צוריאל פטה עיזים מעודנת גביע 16% 200ג,מחלבת משק צוריאל,IL,גבינת בולגרית עיזים,גרמים,200.00,100 גרם,false,,19.90,0.0995,true,1,4437
7290002107385,false,גבינת מה עיזים בגליל צוריאל 180 ג',מחלבת משק צוריאל,IL,גבינה מה עז 20% צורי,גרמים,180.00,100 גרם,false,,19.90,0.1106,true,1,4438
7290002107491,false,גבינת עזים למריחה טבעי 5% צוריאל 250 ג',מחלבת משק צוריאל,IL,גבינת עיזים 5% למריח,גרמים,250.00,100 גרם,false,,10.90,0.0436,true,1,4440
7290002107798,false,גבינה בולגרית מעודנת 5% צוריאל 250ג',מחלבת משק צוריאל,IL,גבינה בולגרית מעודנת,גרמים,250.00,100 גרם,false,,17.90,0.0716,true,1,4441
7290002107965,false,טבורוג גבינה לאפייה 5% צוריאל 500 ג',מחלבת משק צוריאל,IL,גבינה טבורוג 5% צורי,גרמים,500.00,100 גרם,false,,19.90,0.0398,true,1,4442
7290002109037,false,טחון עוף נתח בקר 500,טיבון ויל,IL,טחון עוף נתח בקר 500,גרמים,500.00,100 גרם,false,,8.90,0.0178,true,1,8660
7290002109044,false,הודו טחון נתח בקר 50,טיבון ויל,IL,הודו טחון נתח בקר 50,גרמים,500.00,100 גרם,false,,8.90,0.0178,true,1,8661
7290002109051,false,בקר טחון נתח בקר 500,טיבון ויל,IL,בקר טחון נתח בקר 500,גרמים,500.00,100 גרם,false,,4.90,0.0098,true,1,8662
7290002109068,false,גולש עגל נתח בקר במש,טיבון ויל,IL,גולש עגל נתח בקר במש,קילוגרמים,1.00,"ק""ג",true,,29.90,29.9000,true,1,8663
7290002109372,false,בורקס פילו אצבעות בולגרי 700 ג' שלושת האופים,שלושת האופים,IL,בורקס פילו גבינה בול,גרמים,700.00,100 גרם,false,,16.90,0.0241,true,1,8669
7290002111085,false,רסק עגבניות 22% 100 גר' פרי מבורך,זנלכל,IL,רוטב עגבניות מרוכז מ,גרמים,100.00,100 גרם,false,,2.20,0.0220,true,1,4721
7290002111214,false,גרעיני תירס לייט A2 פרי מבורך 550 גר',זנלכל,IL,תירס גרעינים לייט מב,גרמים,550.00,100 גרם,false,,8.90,0.0162,true,1,4724
7290002111313,false,עגבניות קוביות A2.5 פרי מבורך 800ג' בדצ,זנלכל,IL,עגבניות קוביות מבורך,גרמים,800.00,100 גרם,false,,9.90,0.0124,true,1,4725
7290002111337,false,רסק עגבניות 22% 260 גר' פרי מבורך,זנלכל,IL,רוטב עגבניות מרוכז מ,גרמים,240.00,100 גרם,false,,3.90,0.0162,true,1,4726
7290002111474,false,אפונה גדולה A2 פרי מבורך 600ג',זנלכל,IL,אפונה גדולה מבורך 55,גרמים,550.00,100 גרם,false,,6.90,0.0125,true,1,4727
7290002111511,false,"אפונה וגזר A2 פרי מבורך 550ג' בד""צ.",זנלכל,IL,אפונה וגזר מבורך 550,גרמים,550.00,100 גרם,false,,6.90,0.0125,true,1,4728
7290002111672,false,"רסק עגבניות A2 22% פרי מבורך 570ג' בד""צ",זנלכל,IL,רוטב עגבניות 22% מבו,גרמים,570.00,100 גרם,false,,7.90,0.0139,true,1,4732
7290002111696,false,עגבניות מרוסקות 800 גר' פרי מבורך,זנלכל,IL,עגבניות מרוסקות מבור,גרמים,800.00,100 גרם,false,,9.90,0.0124,true,1,4733
7290002111764,false,שעועית לבנה אפויה פרי מבורך 600 ג',זנלכל,IL,שעועית לבנה ברוטב מב,גרמים,560.00,100 גרם,false,,6.90,0.0123,true,1,4735
7290002111818,false,גרעיני תירס מתוק ואקום פרי מבורך 400ג',זנלכל,IL,תירס גרעינים מבורך 4,גרמים,400.00,100 גרם,false,,5.90,0.0148,true,1,4736
7290002111825,false,גרעיני תירס מתוק 550 גרם פרי מבורך,זנלכל,IL,תירס גרעינים מבורך 5,גרמים,550.00,100 גרם,false,,6.90,0.0125,true,1,4737
7290002111948,false,שעועית ירוקה A2 פרי מבורך 600 ג',זנלכל,IL,שעועית ירוקה מבורך 5,גרמים,550.00,100 גרם,false,,9.90,0.0180,true,1,4738
7290002118435,false,צמרוני ביוטי ענק הנמל 300יח',ספה,TR,צמרוני אוזניים ביוטי,Unknown,0.00,יחידה,false,,4.90,0.0000,true,1,4150
7290002129424,false,"שניצל דג מצופה דלידג, כשרות בד""ץ, 1 ק""ג",דלידג,IL,שניצל דג מצופה דלידג,פריט,1.00,"ק""ג",false,,29.90,29.9000,true,1,8673
7290002129493,false,מארז פיצה איטלקית דק,,,מארז פיצה איטלקית דק,גרמים,960.00,100 גרם,false,,29.90,0.0311,true,1,8675
7290002131748,false,קשתית בקר צרכי עטרה,,,בשר מס 9 קשתית קפוא,קילוגרמים,1.00,"ק""ג",true,,39.90,39.9000,true,1,8991
7290002132011,false,עוגיות מזרחיות 400 ג' עבאדי,מאפיית יוסף ושמחה עב,IL,עוגיות מזרחיות עבאדי,גרמים,400.00,100 גרם,false,,15.80,0.0395,true,1,14051
7290002133032,false,גבינה קשקבל מגורדת ש,מחלבת השומרון,IL,גבינה קשקבל מגורדת ש,גרמים,300.00,100 גרם,false,,24.90,0.0830,true,1,23511
7290002133131,false,גבינת ריקוטה 5% שומר,מחלבת השומרון,IL,גבינת ריקוטה 5% שומר,גרמים,250.00,100 גרם,false,,13.90,0.0556,true,1,23512
7290002133506,false,יוגורט של פעם חלב עי,מחלבת השומרון,IL,יוגורט עיזים שומרון,גרמים,400.00,100 גרם,false,,12.50,0.0313,true,1,23513
7290002133551,false,לאבנה עם שמן זית וזע,מחלבת השומרון,IL,לאבנה עם שמן זית וזע,גרמים,500.00,100 גרם,false,,12.90,0.0258,true,1,23514
7290002133889,false,גבינה בולגרית מעודנת,מחלבת השומרון,IL,גבינה בולגרית מעודנת,גרמים,250.00,100 גרם,false,,15.90,0.0636,true,1,23515
7290002157427,false,סינטה בקר טרי עטרה,,,סינטה בקר טרי עטרה,קילוגרמים,1.00,"ק""ג",true,,69.90,69.9000,true,1,9529
7290002157694,false,כבד צלוי טרי עטרה 200 גר',,,כבד עוף צלוי טרי עטר,גרמים,200.00,100 גרם,false,,24.90,0.1245,true,1,9536
7290002157960,false,טונה במים ויליגר רביעיה * 140ג',ויליגר,,טונה במים ויליגר 4*1,גרמים,560.00,100 גרם,false,,15.90,0.0284,true,1,8892
7290002206729,false,עצמות מח קפוא קהילות,,,עצמות מח קפוא קהילות,קילוגרמים,1.00,"ק""ג",true,,44.90,44.9000,true,1,9007
7290002206736,false,עצמות עגל קהילות.,,,עצמות עגל קהילות,קילוגרמים,1.00,"ק""ג",true,,29.90,29.9000,true,1,9008
7290002253006,false,דורות שום כתוש טרי 200 גרם,עיצובים 2020 (3.8),IL,שום כתוש דורות 200 ג,גרמים,200.00,100 גרם,false,,15.90,0.0795,true,1,271
7290002253013,false,שום כתוש דורות 400 ג,עיצובים 2020 (3.8),IL,שום כתוש דורות 400 ג,גרמים,400.00,100 גרם,false,,19.90,0.0497,true,1,272
7290002253105,false,מגשית קוביות שום טרי דורות 80 ג',עיצובים 2020 (3.8),IL,שום קוביות דורות 80,גרמים,80.00,100 גרם,false,,9.90,0.1238,true,1,273
7290002253150,false,בזיליקום טרי קצוץ דורות 70 ג',עיצובים 2020 (3.8),IL,בזיליקום קצוץ דורות,גרמים,70.00,100 גרם,false,,9.50,0.1357,true,1,274
7290002253167,false,פטרוזליה קצוצה דורות 70 גר',עיצובים 2020 (3.8),IL,פטרוזיליה קצוצה דורו,גרמים,70.00,100 גרם,false,,9.50,0.1357,true,1,275
7290002253181,false,כוסברה טריה קצוצה 70 ג' דורות,עיצובים 2020 (3.8),IL,כוסברה קצוצה דורות 7,גרמים,70.00,100 גרם,false,,9.50,0.1357,true,1,276
7290002253198,false,ג'ינג'ר טרי כתוש במגשית 70 ג' דורות,עיצובים 2020 (3.8),IL,גינגר כתוש דורות 70,גרמים,70.00,100 גרם,false,,9.50,0.1357,true,1,277
7290002253235,false,רוטב פסטו דורות 160 ג',עיצובים 2020 (3.8),IL,רוטב פסטו דורות 160,גרמים,160.00,100 גרם,false,,10.90,0.0681,true,1,278
7290002255048,false,קובה למרק במילוי בשר,חטיפי אלקיים בעמ,IL,קובה למרק אלקיים 800,גרמים,800.00,100 גרם,false,,21.90,0.0274,true,1,4908
7290002255055,false,פלאפל חטיפי אלקיים 7,חטיפי אלקיים בעמ,IL,פלאפל אלקיים 700 גרם,גרמים,700.00,100 גרם,false,,13.90,0.0199,true,1,4909
7290002255086,false,קובה ביתי במילוי בשר,חטיפי אלקיים בעמ,IL,קובה ביתית אלקיים 70,גרמים,700.00,100 גרם,false,,21.90,0.0313,true,1,4910
7290002255215,false,"עלי סיגר מרובע בד""צ",חטיפי אלקיים בעמ,IL,עלי סיגר אלקיים 500,גרמים,500.00,100 גרם,false,,7.90,0.0158,true,1,4913
7290002255284,false,"קובה חמוסטה בד""צ חטי",חטיפי אלקיים בעמ,IL,קובה חמוסטה אלקיים 8,גרמים,800.00,100 גרם,false,,21.90,0.0274,true,1,4914
7290002255475,false,פסטלים במילוי בשר בד,חטיפי אלקיים בעמ,IL,פסטלים בשר אלקיים 80,גרמים,800.00,100 גרם,false,,21.90,0.0274,true,1,4915
7290002281405,false,סלט סלמון מעושן וילי,ויליגר,IL,סלט סלמון מעושן וילי,גרמים,320.00,100 גרם,false,,9.90,0.0309,true,1,8894
7290002281429,false,סטייק טונה אדומה דלי,בון צון פישארי,VN,סטייק טונה אדומה דלי,קילוגרמים,1.00,"ק""ג",true,,39.90,39.9000,true,1,8682
7290002281474,false,מארז פיצה דקה טעם מה,שלושת האופים,IL,מארז פיצה דקה טעם מה,פריט,2.00,"ק""ג",false,,49.90,24.9500,true,1,8685
7290002281498,false,גבינה צהובה מגורדת על בסיס חלב 500 ג' ריץ,האי נאם סי או אל.טי.,PL,צהובה מגורדת ריצ 500,גרמים,500.00,100 גרם,false,,17.90,0.0358,true,1,8501
7290002281955,false,בשר מס 6 פילה מדומה,פניסקור בארת,,בשר מס 6 פילה מדומה,קילוגרמים,1.00,"ק""ג",true,,34.90,34.9000,true,1,8693
7290002285069,false,קבב חריף אש עטרה 500,,,קבב חריף אש עטרה 500,גרמים,500.00,100 גרם,false,,14.90,0.0298,true,1,9020
7290002285816,false,שניצל פרימיום טרי עט,,,שניצל עוף פרימיום טר,קילוגרמים,1.00,"ק""ג",true,,39.90,39.9000,true,1,9566
7290002285830,false,פילה עוף טרי עטרה,,,פילה עוף טרי עטרה,קילוגרמים,1.00,"ק""ג",true,,38.90,38.9000,true,1,9567
7290002292142,false,קבב אנגוס עטרה 700 גר',טיבון ויל,IL,קבב אנגוס עטרה 700 ג,גרמים,700.00,100 גרם,false,,29.90,0.0427,true,1,9022
7290002292159,false,בורגר אנגוס עטרה 700 גר',טיבון ויל,IL,המבורגר אנגוס עטרה 7,גרמים,700.00,100 גרם,false,,29.90,0.0427,true,1,9023
7290002292166,false,קבבוני טלה עטרה 700 גר',טיבון ויל,IL,קבבוני טלה עטרה 700,גרמים,700.00,100 גרם,false,,29.90,0.0427,true,1,9024
7290002292173,false,שיפודי קבב עטרה 700 גר',טיבון ויל,IL,שיפודי קבב עטרה 700,גרמים,700.00,100 גרם,false,,29.90,0.0427,true,1,9025
7290002292203,false,פילה עוף פרימיום טרי,,,פילה עוף פרימיום טרי,קילוגרמים,1.00,"ק""ג",true,,44.90,44.9000,true,1,9571
7290002292210,false,שניצל פרימיום טרי מה,,,שניצל פרימיום טרי מה,קילוגרמים,1.00,"ק""ג",true,,49.90,49.9000,true,1,9572
7290002292227,false,כנפיים עוף פרימיום ח,,,כנפיים עוף פרימיום ח,קילוגרמים,1.00,"ק""ג",true,,17.90,17.9000,true,1,9573
7290002292234,false,שוקיים עוף פרימיום ב,,,שוקיים עוף פרימיום ב,קילוגרמים,1.00,"ק""ג",true,,39.90,39.9000,true,1,9574
7290002292265,false,"פרגית לתנור ע""ע טרי",,,"פרגית לתנור ע""ע טרי",קילוגרמים,1.00,"ק""ג",true,,59.90,59.9000,true,1,9575
7290002292289,false,"פרגית לתנור ע""ע טרי",,,"פרגית לתנור ע""ע טרי",קילוגרמים,1.00,"ק""ג",true,,29.90,29.9000,true,1,9577
7290002292982,false,מרגז אמיתי עטרה 700,טיבון ויל,IL,מרגז אמיתי עטרה 700,גרמים,700.00,100 גרם,false,,29.90,0.0427,true,1,26813
7290002292999,false,נקניקיות פיקנטיות 400 גר' קהילות,,,נקניקיות עוף פיקנטיו,גרמים,400.00,100 גרם,false,,11.90,0.0298,true,1,26594
7290002296003,false,"נקניקיות קראנץ 1 ק""ג עטרה",עטרה,IL,נקניקיות עוף קראנץ',פריט,1.00,"ק""ג",false,,23.90,23.9000,true,1,26913
7290002296447,false,פרגית עוף דק דק משק,,,פרגית עוף דק דק משק,קילוגרמים,1.00,"ק""ג",true,,69.90,69.9000,true,1,28847
7290002319023,false,סוכר וניל מיה עשיריו,מיה תעשיות מזון בעמ,IL,סוכר וניל מיה 10 יח,גרמים,100.00,100 גרם,false,,1.90,0.0190,true,1,7154
7290002319405,false,תבלין קינמון בקופסא 80 גר' מיה,מיה תעשיות מזון בעמ,IL,קינמון מיה 80 גרם,גרמים,80.00,100 גרם,false,,5.80,0.0725,true,1,7161
7290002319412,false,תבלין פפריקה חריפה 80 גר' מיה,מיה תעשיות מזון בעמ,IL,פפריקה חריפה מיה 80,גרמים,80.00,100 גרם,false,,5.80,0.0725,true,1,7162
7290002319429,false,תבלין פפריקה מתוקה 80 גר' מיה,מיה תעשיות מזון בעמ,IL,פפריקה מתוקה מיה 80,גרמים,80.00,100 גרם,false,,5.80,0.0725,true,1,7163
7290002319436,false,תבלין פלפל שחור צנצנת 70גר` מיה,מיה תעשיות מזון בעמ,IL,פלפל שחור מיה 70 גרם,גרמים,70.00,100 גרם,false,,8.90,0.1271,true,1,7164
7290002319443,false,תבלין כמון 80 גר' מיה,מיה תעשיות מזון בעמ,IL,כמון מיה 80 גרם,גרמים,80.00,100 גרם,false,,5.80,0.0725,true,1,7165
7290002319450,false,תבלין כרכום צנצנת 80 גר' מיה,מיה תעשיות מזון בעמ,IL,כורכום מיה 80 גרם,גרמים,80.00,100 גרם,false,,5.80,0.0725,true,1,7166
7290002319467,false,תבלין אורגנו 35 ג' מיה,מיה תעשיות מזון בעמ,IL,אורגנו מיה 35 גרם,גרמים,35.00,100 גרם,false,,5.80,0.1657,true,1,7167
7290002319474,false,תבלין אבקת שום מיכל 80 ג' מיה,מיה תעשיות מזון בעמ,IL,אבקת שום מיה 80 גרם,גרמים,80.00,100 גרם,false,,7.90,0.0988,true,1,7168
7290002319580,false,מלח לימון 150גרם צנצנת,מיה תעשיות מזון בעמ,IL,מלח לימון מיה 100 גר,גרמים,100.00,100 גרם,false,,5.80,0.0580,true,1,7169
7290002319597,false,תבלין כוסברה ירוקה בשקית 80 גר' מיה,מיה תעשיות מזון בעמ,IL,כוסברה מיה 80 גרם,גרמים,80.00,100 גרם,false,,5.80,0.0725,true,1,7170
7290002319641,false,תבלין גריל עוף צנצנת 80 גר' מיה,מיה תעשיות מזון בעמ,IL,גריל עוף מיה 80 גרם,גרמים,80.00,100 גרם,false,,5.80,0.0725,true,1,7172
7290002319658,false,תבלין לסטייק 80גרם צנצנת,מיה תעשיות מזון בעמ,IL,תבלין לסטייק מיה 80,גרמים,80.00,100 גרם,false,,5.80,0.0725,true,1,7173
7290002319689,false,סודה לשתייה בקופסא 150 גר' מיה,מיה תעשיות מזון בעמ,IL,סודה לשתיה מיה 150 ג,גרמים,150.00,100 גרם,false,,5.80,0.0387,true,1,7174
7290002319696,false,תבלין פלפל לבן 70 גר' מיה,מיה תעשיות מזון בעמ,IL,פלפל לבן מיה 70 גרם,גרמים,70.00,100 גרם,false,,10.90,0.1557,true,1,7175
7290002319801,false,תבלין שבבי בצל 50 גר' מיה,מיה תעשיות מזון בעמ,IL,שבבי בצל מיה 50 גרם,גרמים,50.00,100 גרם,false,,5.80,0.1160,true,1,7181
7290002327042,false,"בורקס תפו""א 800 גר' שלושת האופים קהילות",שלושת האופים,IL,בורקס תפוא ש.האופים,גרמים,800.00,100 גרם,false,,16.90,0.0211,true,1,8697
7290002327059,false,"בצק עלים 1 ק""ג שלושת האופים קהילות",שלושת האופים,IL,בצק עלים ש.האופים 1,פריט,1.00,"ק""ג",false,,16.90,16.9000,true,1,8698
7290002327066,false,קונכיות למילוי 625 ג' שלושת האופים,שלושת האופים,IL,קונכיות בצק למילוי ש,גרמים,625.00,100 גרם,false,,16.90,0.0270,true,1,8699
7290002327073,false,בורקס גבינה 800 גר' שלושת האופים קהילות,שלושת האופים,IL,בורקס גבינה ש.האופים,גרמים,800.00,100 גרם,false,,16.90,0.0211,true,1,8700
7290002331360,false,"נביעות מים מינרליים טו גו מארז 500X6מ""ל",קריות זול,IL,מים נביעות טו גו 6*5,קילוגרמים,3.00,ליטר,false,,14.70,4.9000,true,1,3991
7290002345299,false,פילה סלמון טרי דלידג,,,פילה סלמון טרי דלידג,קילוגרמים,1.00,"ק""ג",true,,89.90,89.9000,true,1,20781
7290002360124,false,חליטת תה ורד הבר פומפדור 20 שקיקים,TEEKANNE- POMPADOU,DE,חליטת צמחים פומפדור,גרמים,70.00,100 גרם,false,,11.90,0.1700,true,1,12947
7290002360155,false,חליטת תה פרחי שומר פומפדור 20 שקיקים,קריות זול,DE,חליטת צמחים פומפדור,גרמים,40.00,100 גרם,false,,11.90,0.2975,true,1,12948
7290002360278,false,חליטת תה מנטה פומפדור 20 שקיקים,"איטיליאן פוד, אס.פי.",DE,חליטת צמחים פומפדור,גרמים,45.00,100 גרם,false,,11.90,0.2644,true,1,12949
7290002360285,false,תה פומפדור חליטת צמחים קמומיל 20 שק,TEEKANNE- POMPADOU,DE,חליטת צמחים פומפדור,גרמים,30.00,100 גרם,false,,11.90,0.3967,true,1,12950
7290002371533,false,דקניקים סלסולי פסטרמה בדבש 120 ג' טירת צבי,הנסיך- מפעל לייצור ט,IL,סלסולי פסטרמה בדבש ט,גרמים,120.00,100 גרם,false,,12.90,0.1075,true,1,27813
7290002371540,false,דקניקים קורנדביף 120 ג' טירת צבי,הנסיך- מפעל לייצור ט,IL,קורנדביף טירת צבי 12,גרמים,120.00,100 גרם,false,,12.90,0.1075,true,1,4950
7290002381808,false,נר נשמה בפח 24 שעות,,CN,נר נשמה בפח 24 שעות,Unknown,0.00,יחידה,false,,1.20,0.0000,true,1,27168
7290002385738,false,גבינת מנצ'גו משולשים,מחלבות גד,IL,גבינה מנצגו גד במשקל,קילוגרמים,1.00,"ק""ג",true,,99.00,99.0000,true,1,7079
7290002385745,false,גבינת פקורינו משולשי,מחלבות גד,IL,גבינה פקורינו גד במש,קילוגרמים,1.00,"ק""ג",true,,99.00,99.0000,true,1,7080
7290002386674,false,בשר מס 9 פלאנקען קפו,,,בשר מס 9 פלאנקען קפו,קילוגרמים,1.00,"ק""ג",true,,79.90,79.9000,true,1,9075
7290002386834,false,קהילות נקניקיות עוף קפואות 400גר,,,נקניקיות עוף קפוא קה,גרמים,400.00,100 גרם,false,,11.90,0.0298,true,1,9084
7290002386872,false,רולדה הודו ארוז קהילות,,,רולדה חזה הודו קהילו,קילוגרמים,1.00,"ק""ג",true,,44.90,44.9000,true,1,9087
7290002405474,false,קניידלך כרמל 130 גרם,מצות כרמל,IL,קניידלך כרמל 130 גרם,גרמים,130.00,100 גרם,false,,8.90,0.0685,true,1,6553
7290002405757,false,פת בוקר חיטה מלאה 1,מצות כרמל,IL,פת בוקר חיטה מלאה 1,פריט,1.00,"ק""ג",false,,19.90,19.9000,true,1,6547
7290002487364,false,שלושת האופים ב. פילו גבינה זיתים 700 גר לנדא,שלושת האופים,IL,בורקס פילו גבינה וזי,גרמים,700.00,100 גרם,false,,16.90,0.0241,true,1,8710
7290002505013,false,כרעיים עוף קפוא קהיל,קהילות,IL,כרעיים עוף קפוא קהיל,קילוגרמים,1.00,"ק""ג",true,,37.90,37.9000,true,1,9088
7290002505020,false,שוקיים עוף קפוא קהילות,קהילות,IL,שוקיים עוף קפוא קהיל,קילוגרמים,1.00,"ק""ג",true,,39.90,39.9000,true,1,9089
7290002505037,false,ירכיים עוף קפוא קהילות,,,ירכיים עוף קפוא קהיל,קילוגרמים,1.00,"ק""ג",true,,37.90,37.9000,true,1,9090
7290002505044,false,חזה עוף קפוא קהילות,קהילות,IL,חזה עוף קפוא קהילות,קילוגרמים,1.00,"ק""ג",true,,41.90,41.9000,true,1,9091
7290002505051,false,כנפיים עוף קפוא קהילות.,קהילות,IL,כנפיים עוף קפוא קהיל,קילוגרמים,1.00,"ק""ג",true,,18.50,18.5000,true,1,9092
7290002505068,false,שניצל עוף פרוס קהילות מח,,,שניצל עוף קפוא קהילו,קילוגרמים,1.00,"ק""ג",true,,43.50,43.5000,true,1,9093
7290002505075,false,גרונות עוף קפוא קהיל,,,גרונות עוף קפוא קהיל,קילוגרמים,1.00,"ק""ג",true,,9.90,9.9000,true,1,9094
7290002505198,false,פרגיות עוף קפוא קהיל,,,פרגיות עוף קפוא קהיל,קילוגרמים,1.00,"ק""ג",true,,69.90,69.9000,true,1,9095
7290002505303,false,עוף מס 3 קפוא קהילות,קהילות,IL,עוף מס 3 קפוא קהילות,קילוגרמים,1.00,"ק""ג",true,,25.90,25.9000,true,1,9098
7290002505433,false,כבד עוף צלוי טרי קהי,,,כבד עוף צלוי טרי קהי,גרמים,200.00,100 גרם,false,,28.90,0.1445,true,1,9633
7290002505600,false,גרונות הודו קפוא קהי,,,גרונות הודו קפוא קהי,קילוגרמים,1.00,"ק""ג",true,,34.90,34.9000,true,1,9101
7290002505617,false,כנפיים הודו קפוא קהי,,,כנפיים הודו קפוא קהי,קילוגרמים,1.00,"ק""ג",true,,12.90,12.9000,true,1,9102
7290002505624,false,שוקיים הודו קפוא קהי,,,שוקיים הודו קפוא קהי,קילוגרמים,1.00,"ק""ג",true,,24.90,24.9000,true,1,9103
7290002507451,false,קציצות דג סלמון דלידג 750 גר',דלידג,IL,קציצות דג סלמון לביש,גרמים,750.00,100 גרם,false,,24.90,0.0332,true,1,8712
7290002512004,false,מלוואח צנעני 900 גרם,צנעני,IL,מלוואח צנעני 900 גרם,גרמים,900.00,100 גרם,false,,19.90,0.0221,true,1,1518
7290002512011,false,צנעני גחנון 900 גרם,צנעני,IL,גחנון צנעני 900 גרם,גרמים,900.00,100 גרם,false,,19.90,0.0221,true,1,1519
7290002512257,false,מלווח מופחת שמן צנענ,צנעני,IL,מלוואח מופחת שומן רו,גרמים,700.00,100 גרם,false,,16.90,0.0241,true,1,26060
7290002512264,false,ג'חנון מופחת שומן רו,צנעני,IL,ג'חנון מופחת שומן רו,גרמים,700.00,100 גרם,false,,16.90,0.0241,true,1,26061
7290002512509,false,מלוואח אלפא 700 גרם,,,מלוואח אלפא 700 גרם,גרמים,700.00,100 גרם,false,,6.90,0.0099,true,1,24026
7290002512547,false,בצק עלים אלפא 750 גר,צנעני,IL,בצק עלים אלפא 750 גר,גרמים,750.00,100 גרם,false,,6.90,0.0092,true,1,24027
7290002512554,false,גחנון אלפא 700 גרם,,,גחנון אלפא 700 גרם,גרמים,700.00,100 גרם,false,,7.90,0.0113,true,1,24028
7290002538110,false,קרמבו 32 יח',,,קרמבו 32 יח',Unknown,0.00,יחידה,false,,26.90,0.0000,true,1,20815
7290002538158,false,גלידה חמה ימבו 15 יח,,,גלידה חמה 15 יח',גרמים,225.00,100 גרם,false,,16.90,0.0751,true,1,20816
7290002538899,false,קרמבו 12 יח',,,קרמבו 12 יח',גרמים,300.00,100 גרם,false,,7.90,0.0263,true,1,20817
7290002542780,false,"שישיית בירה סטלה ארטואה 330 מ""ל*6",סטלה ארטואה Stella Artois,BE,מארז בירה סטלה 5% 6*,קילוגרמים,1.98,ליטר,false,,24.90,12.5758,true,1,14103
7290002543237,false,קלוגס קורנפלקס 750גר,קלוגס קומפני אוף גרי,DE,קורנפלקס קלוגס 750 ג,גרמים,750.00,100 גרם,false,,13.90,0.0185,true,1,2515
7290002552345,false,מאגדת שלגונים גלי גל פרווה 8 יח' ריאו,"גלידות ריאו ביח""ר לג",IL,שלגוני גלי גל 8 יח',גרמים,600.00,100 גרם,false,,12.90,0.0215,true,1,11553
7290002552499,false,מאגדת שלגוני שרבט פרווה תות מנגו 8 יח' ריאו,"גלידות ריאו ביח""ר לג",IL,קרחוני ריאו פרי מנגו,גרמים,720.00,100 גרם,false,,14.50,0.0201,true,1,11559
7290002552772,false,מאגדת ארטיק קרח 10 יח' ריאו,"גלידות ריאו ביח""ר לג",IL,קרחוני ריאו בטעמים 1,גרמים,820.00,100 גרם,false,,9.90,0.0121,true,1,11561
7290002603481,false,פיצת השף מאיטליה CHEF שגב פסטו ועגבניות 200 גרם,האי נאם סי או אל.טי.,IT,פיצת השף פסטו ועגבני,גרמים,200.00,100 גרם,false,,14.90,0.0745,true,1,8717
7290002603498,false,פיצת השף שגב אנטיפסט,האי נאם סי או אל.טי.,IT,פיצת השף אנטיפסטי שג,גרמים,200.00,100 גרם,false,,14.90,0.0745,true,1,8718
7290002603504,false,פיצת השף מאיטליה CHEF שגב עגבניות ובצל סגול 200 גרם,סוילה אס.אר.אל,IT,פיצת השף עגבניות שרי,גרמים,200.00,100 גרם,false,,14.90,0.0745,true,1,8719
7290002603634,false,"פיצה משולש תפזורת בד""צ 80ג'",שמגור בעמ,IL,משולש פיצה מרגריטה ש,גרמים,80.00,100 גרם,false,,2.80,0.0350,true,1,26542
7290002627210,false,"גפילטעפיש קציצות מדגי קרפיון וכסיף 560 גר' בעל""ז",האי נאם סי או אל.טי.,IL,גפילטע פיש דלידג 7 מ,גרמים,520.00,100 גרם,false,,8.90,0.0171,true,1,8902
7290002661115,false,לחם שיפון הולנדי 1.2 מהדרין,מאפית י את א ברמן בע,IL,"לחם הולנדי ברמן 1 ק""",פריט,1.00,"ק""ג",false,,15.90,15.9000,true,1,6996
7290002661153,false,"לחם דני קל ברמן 1 ק""",מאפית י את א ברמן בע,IL,"לחם דני קל ברמן 1 ק""",פריט,1.00,"ק""ג",false,,15.90,15.9000,true,1,6997
7290002661214,false,ברמן לחם גליל קל מהדרין 750 גרם,מאפית י את א ברמן בע,IL,לחם קל גלילי ברמן 75,גרמים,750.00,100 גרם,false,,11.90,0.0159,true,1,6999
7290002661535,false,פירורי לחם מוזהבים 1,מאפית י את א ברמן בע,IL,פירורי לחם מוזהבים 1,פריט,1.00,"ק""ג",false,,9.90,9.9000,true,1,25129
7290002661900,false,לחמניה שמיניה שומשום/פרג 6 יח' 720 גר',מאפית י את א ברמן בע,IL,מארז 6 לחמניות 720 ג,גרמים,720.00,100 גרם,false,,10.90,0.0151,true,1,7008
7290002661948,false,לחמניות כפריות ארוכות 720 גר',מאפית י את א ברמן בע,IL,מארז 6 לחמניות כפריו,גרמים,720.00,100 גרם,false,,10.90,0.0151,true,1,7012
7290002661979,false,קרקר תירס פריך בתוספ,אבונט ק.פ.ט,HU,קרקר תירס פריך בתוספ,גרמים,100.00,100 גרם,false,,8.90,0.0890,true,1,7015
7290002661986,false,קרקר תירס פריך ברמן,אבונט ק.פ.ט,HU,קרקר תירס פריך ברמן,גרמים,100.00,100 גרם,false,,8.90,0.0890,true,1,7016
7290002692768,false,"תרסיס קנולה מופחת קלוריות 200 מ""ל עץ הזית",טרנסומס פוד איי בי,IT,תרסיס שמן קנולה עץ ה,מיליליטרים,200.00,"100 מ""ל",false,,14.90,0.0745,true,1,10226
7290002692782,false,"תרסיס מופחת קלוריות זית 200 מ""ל עץ הזית",י.ב טכנולוגיות אריזה,IL,תרסיס שמן זית כתית ע,מיליליטרים,150.00,"100 מ""ל",false,,14.90,0.0993,true,1,10227
7290002701026,false,פערפיל בתנור משובח 4,גיי אפ פי ייצור מזון,IL,פערפיל בתנור משובח 4,גרמים,400.00,100 גרם,false,,7.90,0.0198,true,1,1934
7290002703068,false,צנצנת דבש עין חרוד 1,עין חרוד,IL,"דבש עין חרוד 1 ק""ג",פריט,1.00,"ק""ג",false,,39.90,39.9000,true,1,16787
7290002703358,false,צנצנת דבש עין חרוד 3,עין חרוד,IL,דבש עין חרוד 350 גרם,גרמים,350.00,100 גרם,false,,14.90,0.0426,true,1,16788
7290002715504,false,כוס בטעם עוף מג'יק 70 ג',טאט הוי פוד בעמ,SG,ארוחת נודלס בטעם עוף,גרמים,70.00,100 גרם,false,,4.50,0.0643,true,1,28168
7290002715511,false,מג'יק טעם בשר בכוס 70 ג',טאט הוי פוד בעמ,SG,ארוחת נודלס בטעם בשר,גרמים,70.00,100 גרם,false,,4.50,0.0643,true,1,28170
7290002715528,false,כוס בטעם ירקות מג'יק 70 ג',טאט הוי פוד בעמ,SG,ארוחת נודלס ירקות מג,גרמים,70.00,100 גרם,false,,4.50,0.0643,true,1,28169
7290002715580,false,מג'יק טעם סיני בכוס 70 ג',טאט הוי פוד בעמ,SG,ארוחת נודלס סיני מגי,גרמים,70.00,100 גרם,false,,4.50,0.0643,true,1,28171
7290002716280,false,שבבי תפוא דרומה 500,דרומה י.א.ט בעמ,IL,שבבי תפוא דרומה 500,גרמים,500.00,100 גרם,false,,11.90,0.0238,true,1,5034
7290002716402,false,אגוז מלך טבעי דרומה,דרומה י.א.ט בעמ,IL,אגוז מלך טבעי דרומה,גרמים,400.00,100 גרם,false,,29.90,0.0747,true,1,5037
7290002716419,false,שקד קלוף דרומה 400 ג,דרומה י.א.ט בעמ,IL,שקד קלוף דרומה 400 ג,גרמים,400.00,100 גרם,false,,34.90,0.0872,true,1,5038
7290002730811,false,"קולגייט משחת שיניים ג'ל משפחתי 100מ""ל",הנסיך- מפעל לייצור ט,PL,משחת קולגייט טריפל ג,גרמים,100.00,100 גרם,false,,11.90,0.1190,true,1,12951
7290002730903,false,פלמוליב סבון מוצק ורדים רביעייה * 125 ג',הנסיך- מפעל לייצור ט,TR,סבון מוצק פלמוליב ור,גרמים,360.00,100 גרם,false,,16.50,0.0458,true,1,27625
7290002730958,false,פלמוליב סבון מוצק? ירוק זית רביעייה * 100 ג',הנסיך- מפעל לייצור ט,TR,סבון מוצק פלמוליב יר,גרמים,360.00,100 גרם,false,,16.50,0.0458,true,1,27626
7290002739159,false,רולדה בקר קהילות,,,רולדה בקר קהילות,קילוגרמים,1.00,"ק""ג",true,,59.90,59.9000,true,1,9116
7290002739173,false,גולש עגל קהילות,,,גולש עגל קהילות,קילוגרמים,1.00,"ק""ג",true,,59.90,59.9000,true,1,9117
7290002739685,false,נקניקיות מרגז 400 ג' עטרה,עטרה,IL,נקניקיות מרגז קפוא ע,גרמים,400.00,100 גרם,false,,19.90,0.0497,true,1,9125
7290002739692,false,נקניקיות צ'וריסוס 500 ג' מוכן עטרה,עטרה,IL,נקניקיות צוריסוס קפו,גרמים,500.00,100 גרם,false,,24.90,0.0498,true,1,9126
7290002739906,false,עצמות עוף למרק קהילות,,,עצמות עוף קפוא קהילו,קילוגרמים,1.00,"ק""ג",true,,7.90,7.9000,true,1,9129
7290002752493,false,רביעיה סוכריות מנטה 4* 16 ג' טיק טק,קריות זול,ZA,סוכריות טיק טק מנטה,גרמים,64.00,100 גרם,false,,9.90,0.1547,true,1,21156
7290002753223,false,רביעייה סוכריות תפוז 4*16 ג' טיק טק,קריות זול,ZA,סוכריות טיק טק תפוז,גרמים,64.00,100 גרם,false,,9.90,0.1547,true,1,21157
7290002757139,false,מלוואח 700 גר' שלושת האופים קהילות,שלושת האופים,IL,מלוואח ש.האופים 700,גרמים,700.00,100 גרם,false,,13.90,0.0199,true,1,8732
7290002757146,false,"קובה חמוסטה למרק שלושת האופים 1ק""ג",שלושת האופים,IL,קובה חמוסטה ש.האופים,פריט,1.00,"ק""ג",false,,18.90,18.9000,true,1,8733
7290002757511,false,דלידג קציצות דג לבישול 750 גר קהילות,האי נאם סי או אל.טי.,IL,קציצות דג לבישול דלי,גרמים,750.00,100 גרם,false,,24.90,0.0332,true,1,8734
7290002757535,false,בורקס פילו אצבעות גבינה 700 ג' שלושת האופים,שלושת האופים,IL,בורקס פילו אצבעות גב,גרמים,700.00,100 גרם,false,,16.90,0.0241,true,1,8735
7290002766056,false,עגבניות שרי קופסא ליח',אראל תוצרת חקלאית בע,IL,עגבניות שרי תמר 460,גרמים,460.00,100 גרם,false,,9.90,0.0215,true,1,29085
7290002768036,false,"מי פה תיאדנט ענק מונע עששת 150מ""ל",אמיליה קוסמטיקס,IL,"מי פה תיאדנט 150 מ""ל",מיליליטרים,150.00,"100 מ""ל",false,,14.70,0.0980,true,1,3725
7290002768043,false,"תיאדנט מי-פה ענק פלאוריד 150 מ""ל",טרופיקל דגיל תעשיות,IL,מי פה תיאדנט פלואורי,מיליליטרים,150.00,"100 מ""ל",false,,14.70,0.0980,true,1,3726
7290002768074,false,דרמופון - סבון נוזלי 1 ליטר,טרופיקל דגיל תעשיות,IL,דרמפון 1 ליטר,קילוגרמים,1.00,ליטר,false,,17.90,17.9000,true,1,3727
7290002775317,false,פילה זהבנון ל.עור דל,דלידג,IL,פילה זהבנון ל.עור דל,פריט,1.00,"ק""ג",false,,22.90,22.9000,true,1,8740
7290002780007,false,מלפפון במלח 30-36 בנ,בני דרום,IL,מלפפון במלח 30-36 בנ,פריט,3.00,"ק""ג",false,,17.90,5.9667,true,1,20627
7290002780045,false,מלפפון בחומץ 30-36 ב,בני דרום,IL,מלפפון בחומץ 30-36 ב,פריט,3.00,"ק""ג",false,,17.90,5.9667,true,1,20628
7290002780571,false,"מלפפון במלח15-20 1.25 ק""ג",בני דרום,IL,מלפפון במלח 15-20 בנ,פריט,1.25,"ק""ג",false,,11.90,9.5200,true,1,20630
7290002780588,false,זית חרוזית מושחר בני,בני דרום,IL,זית חרוזית מושחר בני,גרמים,560.00,100 גרם,false,,7.90,0.0141,true,1,20631
7290002780601,false,מלפפון בחומץ 15-20 ב,בני דרום,IL,מלפפון בחומץ 15-20 ב,פריט,1.25,"ק""ג",false,,11.90,9.5200,true,1,20632
7290002781264,false,סירופ בטעם שוקולד מי,מיטב,,סירופ בטעם שוקולד מי,גרמים,700.00,100 גרם,false,,10.90,0.0156,true,1,5050
7290002781271,false,סירופ בטעם מייפל מיט,מיטב,,סירופ בטעם מייפל מיט,גרמים,700.00,100 גרם,false,,10.90,0.0156,true,1,5051
7290002781691,false,ממרח שוקולד 400 גר מיטב בדץ,מיטב,IL,ממרח קקאו בטעם שוקול,גרמים,400.00,100 גרם,false,,4.90,0.0123,true,1,5052
7290002804758,false,כרעיים עוף קפוא דליק,,,כרעיים עוף קפוא דליק,קילוגרמים,1.00,"ק""ג",true,,29.90,29.9000,true,1,9139
7290002804765,false,חזה עוף קפוא דליקטסו,,,חזה עוף קפוא דליקטסו,קילוגרמים,1.00,"ק""ג",true,,31.90,31.9000,true,1,27198
7290002804772,false,כנפיים עוף קפוא דליק,,,כנפיים עוף קפוא דליק,קילוגרמים,1.00,"ק""ג",true,,12.90,12.9000,true,1,9140
7290002804796,false,שוקיים עוף קפוא דליק,,,שוקיים עוף קפוא דליק,קילוגרמים,1.00,"ק""ג",true,,32.90,32.9000,true,1,9142
7290002804802,false,ירכיים עוף קפוא דליק,,,ירכיים עוף קפוא דליק,קילוגרמים,1.00,"ק""ג",true,,29.90,29.9000,true,1,9143
7290002804819,false,שניצל עוף קפוא דליקט,,,שניצל עוף קפוא דליקט,קילוגרמים,1.00,"ק""ג",true,,35.90,35.9000,true,1,9144
7290002804833,false,סטייק פרגית קפוא דלי,,,סטייק פרגית קפוא דלי,קילוגרמים,1.00,"ק""ג",true,,64.90,64.9000,true,1,9145
7290002808527,false,חומץ תפוחים 5% טבעי,אולד דטש,US,חומץ תפוחים 5% טבעי,מיליליטרים,946.00,"100 מ""ל",false,,10.90,0.0115,true,1,16789
7290002814016,false,"מסיר שומנים קר מתז סנט מוריץ 750מ""ל",קומפלקס כימיקלים,IL,תרסיס סנט מוריץ מסיר,מיליליטרים,750.00,"100 מ""ל",false,,9.90,0.0132,true,1,11359
7290002814603,false,"סנט מוריץ - מרסס מסיר שומנים קר מבושם לימון 750 מ""ל",אלמוג דיל בעמ,IL,תרסיס סנט מוריץ מסיר,מיליליטרים,750.00,"100 מ""ל",false,,9.90,0.0132,true,1,11361
7290002824183,false,גבינה לבנה 5% שומן 500 ג' שטראוס,מיוצר עי קונדיטוריית,IL,גבינה 5% סקי 500 גרם,גרמים,500.00,100 גרם,false,,9.30,0.0186,true,1,12096
7290002824466,false,דנונה יוגורט ביו 0% 200מל,"שטראוס בריאות בע""מ",IL,יוגורט ביו דנונה 0%,גרמים,200.00,100 גרם,false,,3.40,0.0170,true,1,12097
7290002824640,false,גבינה שטראוס 5% 250 ג',מיוצר עי קונדיטוריית,IL,גבינה 5% סקי 250 גרם,גרמים,250.00,100 גרם,false,,4.90,0.0196,true,1,12098
7290002825722,false,סלט כרוב אדום אחלה 5,מיוצר עי קונדיטוריית,IL,כרוב אדום אחלה 500 ג,גרמים,500.00,100 גרם,false,,12.90,0.0258,true,1,12099
7290002868996,false,קוטג' 5% מועשר טרה 250ג' מהדרין,קריות זול,IL,קוטג 5% טרה 250 גרם,גרמים,250.00,100 גרם,false,,5.70,0.0228,true,1,4444
7290002871248,false,"בירה טובורג רד חוזר 500 מ""ל",מבשלות בירה בינלאומי,IL,בירה טובורג רד ב.חוז,מיליליטרים,500.00,"100 מ""ל",false,,7.50,0.0150,true,1,3995
7290002871361,false,"קרלסברג בירה בק.חוזר 500 מ""ל",מבשלות בירה בינלאומי,IL,בירה קרלסברג ב.חוזר,מיליליטרים,500.00,"100 מ""ל",false,,7.90,0.0158,true,1,3997
7290002904694,false,"טיטניום דאודורנט ספריי לגברים 150 מ""ל",אמיליה קוסמטיקס בעמ,IL,דאו ספריי טיטניום 18,מיליליטרים,180.00,"100 מ""ל",false,,14.90,0.0828,true,1,3728
7290002920311,false,גבינה קממבר צאן גד ב,מחלבות גד,IL,גבינה קממבר צאן גד ב,קילוגרמים,1.00,"ק""ג",true,,99.00,99.0000,true,1,7081
7290002922797,false,חזה הודו טרי ארוז עטרה,עטרה,,חזה הודו טרי עטרה,קילוגרמים,1.00,"ק""ג",true,,32.90,32.9000,true,1,9694
7290002922865,false,קבב מזרחי טאק טורו 5,,,קבב מזרחי טאק טורו 5,גרמים,500.00,100 גרם,false,,14.90,0.0298,true,1,9152
7290002922872,false,המבורגר טאק טורו 500,,,המבורגר טאק טורו 500,גרמים,500.00,100 גרם,false,,14.90,0.0298,true,1,9153
7290002922971,false,חזה עוף חצוי עם עצם,,,חזה עוף חצוי עם עצם,קילוגרמים,1.00,"ק""ג",true,,12.90,12.9000,true,1,9696
7290002929512,false,כדורי פלאפל ש. האופי,האי נאם סי או אל.טי.,IL,כדורי פלאפל ש. האופי,גרמים,500.00,100 גרם,false,,7.90,0.0158,true,1,8756
7290002929536,false,קובה למרק ש. האופים,האי נאם סי או אל.טי.,IL,קובה למרק ש. האופים,גרמים,600.00,100 גרם,false,,7.90,0.0132,true,1,8757
7290002929734,false,"גפילטעפיש קציצות מדגי קרפיון וכסיף 560 גר' העד""ח",דלידג,,גפילטע פיש דלידג 7 מ,גרמים,560.00,100 גרם,false,,8.90,0.0159,true,1,8908
7290002930235,false,בשר לחמין עטרה קפוא,,,בשר לחמין עטרה,קילוגרמים,1.00,"ק""ג",true,,45.90,45.9000,true,1,9160
7290002939108,false,חזה עוף טרי ארוז עטרה,,,חזה עוף טרי עטרה,קילוגרמים,1.00,"ק""ג",true,,33.90,33.9000,true,1,9702
7290002939139,false,כנפיים הודו טרי עטרה,עטרה,IL,כנפיים הודו טרי עטרה,קילוגרמים,1.00,"ק""ג",true,,19.90,19.9000,true,1,9704
7290002939153,false,שווארמה הודו עטרה טר,עטרה,IL,שווארמה הודו טרי עטר,קילוגרמים,1.00,"ק""ג",true,,54.90,54.9000,true,1,9706
7290002939160,false,בשר אדום טרי ארוז עטרה,עטרה,IL,בשר אדום טרי עטרה,קילוגרמים,1.00,"ק""ג",true,,54.90,54.9000,true,1,9707
7290002939498,false,שריר מספר 8 קפוא צרכני עטרה,עטרה,IL,בשר מס 8 שריר קפוא ע,קילוגרמים,1.00,"ק""ג",true,,53.90,53.9000,true,1,9167
7290002939511,false,רגל בקר קפוא עטרה,עטרה,IL,רגל בקר קפוא עטרה,קילוגרמים,1.00,"ק""ג",true,,39.90,39.9000,true,1,9169
7290002939528,false,גידים בקר קפוא עטרה,,,גידים בקר קפוא עטרה,קילוגרמים,1.00,"ק""ג",true,,54.90,54.9000,true,1,9170
7290002939542,false,לשון בקר קפוא עטרה,עטרה,IL,לשון בקר קפוא עטרה,קילוגרמים,1.00,"ק""ג",true,,39.90,39.9000,true,1,9172
7290002954477,false,"אורז עגול אוסטרלי 5 ק""ג סנוואיט",בני ג'ורג' שוקחה חיפ,IN,אורז אוסטרלי עגול שו,פריט,5.00,"ק""ג",false,,39.90,7.9800,true,1,2126
7290002977032,false,"סוכר לבן סטודן 1 ק""ג",,,"סוכר לבן סטודן 1 ק""ג",פריט,1.00,"ק""ג",false,,4.50,4.5000,true,1,4625
7290002987963,false,"סלט חומוס אחלה 1 ק""ג",מיוצר עי קונדיטוריית,IL,"חומוס אחלה 1 ק""ג",פריט,1.00,"ק""ג",false,,12.90,12.9000,true,1,12100
7290003011087,false,"אורז בסמטי 1 ק""ג אלפנט",,IN,אורז בסמטי אלפנט 1 ק,פריט,1.00,"ק""ג",false,,11.90,11.9000,true,1,16790
7290003015627,false,ריצפז פרש 2 ליטר אפרסק מרכז,"סנו מפעלי ברונוס בע""",IL,ריצפז פרש אפרסק 2 לי,קילוגרמים,2.00,ליטר,false,,16.90,8.4500,true,1,3730
7290003029181,false,משקה יטבתה שוקו' בקבוק 1ל מהדרין,מחלבת יטבתה,IL,משקה שוקו יטבתה 1 לי,קילוגרמים,1.00,ליטר,false,,9.90,9.9000,true,1,12102
7290003029372,false,משקה חלב בננה בקבוק 1ל' יוטבתה,מחלבת יטבתה,IL,משקה בננה יטבתה 1 לי,קילוגרמים,1.00,ליטר,false,,9.90,9.9000,true,1,12104
7290003029389,false,"משקה חלב בננה פקק ספורט 250 מ""ל יוטבתה",שטראוס גרופ,IL,משקה בננה בקבוק יטבת,גרמים,250.00,100 גרם,false,,5.20,0.0208,true,1,12105
7290003029433,false,"משקה יטבתה שוקו פקק 250 מ""ל מהדרין",מחלבת יטבתה,IL,משקה שוקו בקבוק יטבת,גרמים,250.00,100 גרם,false,,5.20,0.0208,true,1,12106
7290003029532,false,מוקה בקבוק 1 ל' יוטבתה,מחלבת יטבתה,IL,משקה מוקה יטבתה 1 לי,קילוגרמים,1.00,ליטר,false,,9.90,9.9000,true,1,12107
7290003029792,false,"משקה יטבתה שוקו שקיות מהדרין מארז 225X8מ""ל",שטראוס גרופ,IL,מארז שוקו שקית יטבתה,קילוגרמים,1.80,ליטר,false,,18.90,10.5000,true,1,12108
7290003029815,false,חלב יוטבתה מועשר 3% בכד 2ל',מחלבת יטבתה,IL,חלב מועשר 3% יטבתה 2,קילוגרמים,2.00,ליטר,false,,13.90,6.9500,true,1,12109
7290003029907,false,משקה יטבתה אייס קפה 1ליטר,מחלבת יטבתה,IL,משקה אייס קפה יטבתה,קילוגרמים,1.00,ליטר,false,,9.90,9.9000,true,1,12110
7290003031689,false,מארז פסטרמה סלמי/כפר,טירת צבי,IL,מארז פסטרמה סלמי/כפר,פריט,1.00,"ק""ג",false,,29.90,29.9000,true,1,4951
7290003031702,false,"נקניקיות הודו מחפוד וואקום 1 ק""ג טירת צבי",טירת צבי,IL,נקניקיות הודו חלק טי,פריט,1.00,"ק""ג",false,,24.90,24.9000,true,1,4952
7290003031733,false,טירת צבי פסטרמה על גחלים קופ. מחפוד 400ג,טירת צבי,IL,פסטרמה גחלים טירת צב,גרמים,400.00,100 גרם,false,,24.90,0.0622,true,1,4953
7290003031740,false,טירתצבי פסטרמה בדבש קופ. מחפוד 400ג,טירת צבי,IL,פסטרמה בדבש טירת צבי,גרמים,400.00,100 גרם,false,,24.90,0.0622,true,1,4954
7290003031757,false,פסטרמה הודו בפפריקה טירת צבי 400 ג' מחפוד,טירת צבי,IL,פסטרמה הודו פפריקה ט,גרמים,400.00,100 גרם,false,,24.90,0.0622,true,1,4955
7290003031788,false,צמד כפרי סלמי+פסטרמה טירת צבי 400X2ג' מחפוד,טירת צבי,IL,מארז פסטרמה הודו+סלמ,גרמים,800.00,100 גרם,false,,24.90,0.0311,true,1,4957
7290003031849,false,"פסטרמה כפרית דבש וברביקיו צמד ט.צבי 300X2ג' בד""ץ",טירת צבי,IL,מארז פסטרמה כפרית דב,גרמים,600.00,100 גרם,false,,24.90,0.0415,true,1,4958
7290003054657,false,חרדל דיזון אקסטרה פורטה 370 גרם,מרום את קונפינו,FR,חרדל דיזון אקסטרא פו,גרמים,370.00,100 גרם,false,,9.90,0.0268,true,1,2516
7290003060009,false,קמח בהיר טחנות ישראל,טחנות ישראליות,IL,קמח בהיר טחנות ישראל,פריט,1.00,"ק""ג",false,,3.70,3.7000,true,1,5622
7290003060023,false,"סולת חיטה 1 ק""ג אריזות ירושלים",טחנות ישראליות,IL,סולת טחנות ישראליות,פריט,1.00,"ק""ג",false,,4.90,4.9000,true,1,5623
7290003069705,false,"פיצה אישית גבינה דק 80 ג' תפזורת בד""צ",שלושת האופים,IL,פיצה מרגריטה ש.האופי,גרמים,80.00,100 גרם,false,,2.80,0.0350,true,1,26541
7290003072521,false,פסטרמה כתף בקר מעושנת 300 גר',טירת צבי,IL,פסטרמה כתף בקר מעושנ,גרמים,300.00,100 גרם,false,,24.90,0.0830,true,1,4959
7290003075102,false,לאבנה אסלי מחלבת רגב,מחלבת רג'ב,IL,"לאבנה רגב 1 ק""ג",פריט,1.00,"ק""ג",false,,29.90,29.9000,true,1,1521
7290003075553,false,רגב 11% לאבנה 500 ג,מחלבת רג'ב,IL,לאבנה רגב 500 גרם,גרמים,500.00,100 גרם,false,,16.90,0.0338,true,1,1523
7290003075850,false,לאבנה עם שמן וזעתר ר,מחלבת רג'ב,IL,לאבנה עם שמן וזעתר ר,גרמים,250.00,100 גרם,false,,12.90,0.0516,true,1,1525
7290003078042,false,פרג אריסה חריפה 50ג,תבליני הדור השלישי,IL,אריסה פרג 250 גרם,גרמים,250.00,100 גרם,false,,14.90,0.0596,true,1,13446
7290003078066,false,שום כתוש פרג 250 גרם,תבליני הדור השלישי,IL,שום כתוש פרג 250 גרם,גרמים,250.00,100 גרם,false,,14.90,0.0596,true,1,13448
7290003078073,false,תיבול לשניצל קלאסי שקית 400גר,תבליני הדור השלישי,IL,תיבול לשניצל פרג 400,גרמים,400.00,100 גרם,false,,12.90,0.0323,true,1,13449
7290003078516,false,פלפל צומה פרג 250 גר,תבליני הדור השלישי,IL,פלפל צומה פרג 250 גר,גרמים,250.00,100 גרם,false,,14.90,0.0596,true,1,13450
7290003078639,false,פפריקה מתוקה בשמן פר,תבליני הדור השלישי,IL,פפריקה מתוקה בשמן פר,גרמים,500.00,100 גרם,false,,34.90,0.0698,true,1,13454
7290003078684,false,פלפל שחור פרג 400 גר,תבליני הדור השלישי,IL,פלפל שחור פרג 400 גר,גרמים,400.00,100 גרם,false,,39.90,0.0997,true,1,13455
7290003078721,false,פרג סחוג תימני אדום 250גר,תבליני הדור השלישי,IL,סחוג פרג 250 גרם,גרמים,250.00,100 גרם,false,,14.90,0.0596,true,1,13456
7290003078738,false,לימון בלאדי פרג 250,תבליני הדור השלישי,IL,לימון בלאדי פרג 250,גרמים,250.00,100 גרם,false,,14.90,0.0596,true,1,13457
7290003087945,false,חטיף בוטנים בולי בודד 80 גרם,א מ חטיפי העמק בעמ,IL,בולי 80 גרם,גרמים,80.00,100 גרם,false,,2.90,0.0362,true,1,6
7290003107353,false,שטיבל משפר אפייה ביתי 3 * 10 גרם,ט.ק דגן טכנולוגיות ב,IL,משפר אפיה שטיבל 30 ג,גרמים,30.00,100 גרם,false,,5.90,0.1967,true,1,5055
7290003119509,false,פקדון בקבוק בירה ריק,,,פקדון בקבוק בירה ריק,Unknown,0.00,יחידה,false,,1.20,0.0000,true,1,3998
7290003126712,false,יוגורט עיזים בגביע 3% צוריאל 150 ג',מחלבת משק צוריאל,IL,יוגורט עיזים צוריאל,מיליליטרים,150.00,"100 מ""ל",false,,5.90,0.0393,true,1,4446
7290003126958,false,טופו גבינה גוש בואקום צוריאל 300 ג',א.י.ן תעשיות מזון בע,IL,טופו גולמי צוריאל 30,גרמים,300.00,100 גרם,false,,9.90,0.0330,true,1,4447
7290003203086,false,גרונות הודיות-במגש-קפוא,מ ב גלאט עוף למהדרין,IL,גרונות הודיות קפוא ג,קילוגרמים,1.00,"ק""ג",true,,33.90,33.9000,true,1,2337
7290003203369,false,שוקיים עוף-(ב)-במגש-קפוא,גלאט עוף,IL,שוקיים עוף קפוא גלאט,קילוגרמים,1.00,"ק""ג",true,,34.90,34.9000,true,1,2347
7290003222070,false,פיתה עבודת יד 13 יח,מאפיית המכבים,IL,פיתות המכבים 13 יח,פריט,1.36,"ק""ג",false,,9.90,7.2794,true,1,18883
7290003222094,false,מארז פיתות ביס עבודת,מאפיית טעמי הכפר,IL,פיתות ביס המכבים 11,גרמים,550.00,100 גרם,false,,8.90,0.0162,true,1,18884
7290003222780,false,פיתות קמח מלא המכבים,מאפיית המכבים,IL,פיתות קמח מלא המכבים,גרמים,500.00,100 גרם,false,,4.90,0.0098,true,1,18889
7290003222797,false,פיתות כוסמין המכבים,מאפיית המכבים,IL,פיתות כוסמין המכבים,גרמים,500.00,100 גרם,false,,12.90,0.0258,true,1,18890
7290003318100,false,וופל בטעם שוקולד מנעמים 200 ג',מנעמים תעשיות מזון,IL,ופל שוקולד מנעמים 20,גרמים,200.00,100 גרם,false,,2.90,0.0145,true,1,7681
7290003318131,false,ופל קלאסיק אגוז 200 גרם מנעמים,מנעמים תעשיות מזון,IL,ופל אגוז מנעמים 200,גרמים,200.00,100 גרם,false,,2.90,0.0145,true,1,7682
7290003318155,false,וופל טעם לימון מנעמים 200 ג',מנעמים תעשיות מזון,IL,ופל לימון מנעמים 200,גרמים,200.00,100 גרם,false,,2.90,0.0145,true,1,7683
7290003318162,false,ופל מצופה בריידמן 80,מנעמים תעשיות מזון,IL,ופל מצופה בריידמן 80,גרמים,800.00,100 גרם,false,,13.90,0.0174,true,1,7684
7290003318599,false,וופל וניל 200 גרם מנעמים,מנעמים תעשיות מזון,IL,ופל וניל מנעמים 200,גרמים,200.00,100 גרם,false,,2.90,0.0145,true,1,7686
7290003319084,false,מנישביץ גפילטע פיש צנצנת מנות מיוחד 12יח,דג טעים בעמ,IL,גפילטע פיש הדג המיוח,פריט,1.00,"ק""ג",false,,21.90,21.9000,true,1,2353
7290003319145,false,"גפילטפיש כשל""פ גדולה",דג טעים בעמ,IL,גפילטע פיש הדג המיוח,גרמים,700.00,100 גרם,false,,14.90,0.0213,true,1,2354
7290003321155,false,יוגורט בר עם פקאן מצופה שוקולד 183 ג' דנונה,"שטראוס בריאות בע""מ",IL,דנונה בר פקאן,מיליליטרים,175.00,"100 מ""ל",false,,2.90,0.0166,true,1,12111
7290003321292,false,גבינה לבנה 9% שומן 250 ג' שטראוס,מיוצר עי קונדיטוריית,IL,גבינה 9% סקי 250 גרם,גרמים,250.00,100 גרם,false,,4.90,0.0196,true,1,12112
7290003384525,false,גולש עגל חלב טרי עטר,,,גולש עגל חלב טרי עטר,קילוגרמים,1.00,"ק""ג",true,,99.90,99.9000,true,1,9747
7290003384532,false,רולדה עגל חלב טרי עט,,,רולדה עגל חלב טרי עט,קילוגרמים,1.00,"ק""ג",true,,119.90,119.9000,true,1,9748
7290003384549,false,אוסובוקו עגל חלב טרי,,,אוסובוקו עגל חלב טרי,קילוגרמים,1.00,"ק""ג",true,,79.90,79.9000,true,1,9749
7290003384556,false,אסאדו עגל חלב טרי עט,,,אסאדו עגל חלב טרי עט,קילוגרמים,1.00,"ק""ג",true,,79.90,79.9000,true,1,9750
7290003387205,false,דאו' ספיד סטיק בסיסי ירוק רגיל לגבר 63ג',הנסיך- מפעל לייצור ט,US,דאו ספיד סטיק רגולר,גרמים,70.00,100 גרם,false,,18.90,0.2700,true,1,12952
7290003387410,false,בלונס פדים להסרת איפור שלישיה,SEPTONA S.A.,GR,פדים להסרת איפור בלו,Unknown,0.00,יחידה,false,,19.90,0.0000,true,1,12954
7290003411054,false,שקיות צליה גדול דליקטס רוסטי הנמל 5יח`,סאדאת איסטנבול,TR,שקיות לצליה רוסטי ענ,Unknown,0.00,יחידה,false,,3.90,0.0000,true,1,4153
7290003411566,false,צמרוני אוזניים עץ הנ,שוורצקוף& הנקל דיסלד,CN,צמרוני אוזניים עץ הנ,Unknown,0.00,יחידה,false,,1.90,0.0000,true,1,4155
7290003411726,false,קיסמי שיניים מלחיה הנמל 300יח',הנמל אריזות ושיווק ב,IL,קיסמי שיניים מלחיה ה,Unknown,0.00,יחידה,false,,3.50,0.0000,true,1,4156
7290003411948,false,צמר גפן הנמל 100 גרם,ספה,TR,צמר גפן הנמל 100 גרם,Unknown,0.00,יחידה,false,,3.90,0.0000,true,1,4159
7290003411993,false,גפרורים הנמל 10 יחיד,"איטיליאן פוד, אס.פי.",SE,גפרורים 10 יח,Unknown,0.00,יחידה,false,,2.80,0.0000,true,1,4160
7290003424092,false,סטייק סלמון נורבגי ק,"צירינה צח סרוסי בע""מ",NO,סטייק סלמון נורבגי ק,קילוגרמים,1.00,"ק""ג",true,,59.90,59.9000,true,1,14174
7290003424245,false,מרלוזה צ'ירינה קפוא,,AR,מרלוזה צ'ירינה קפוא,קילוגרמים,1.00,"ק""ג",true,,27.90,27.9000,true,1,26368
7290003427154,false,"שמן זית כתית מעולה זיתא 750 מ""ל",זיתא – י.ט.ב תעשיות,IL,שמן זית כתית פיית מז,מיליליטרים,750.00,"100 מ""ל",false,,27.90,0.0372,true,1,14052
7290003438006,false,ממרח אולביה פסטו וצנובר איטלקי 190ג',מיוצר עי קונדיטוריית,IL,ממרח פסטו אוליביה 18,גרמים,180.00,100 גרם,false,,12.90,0.0717,true,1,14053
7290003438020,false,ממרח עגבניות מיובשות 190 ג' אוליביה,מיוצר עי קונדיטוריית,IL,ממרח עגבניות מיובשות,גרמים,190.00,100 גרם,false,,12.90,0.0679,true,1,14055
7290003438709,false,ממרח אולביה זיתים שחורים וירוקים 190 ג',גוד פוד פרודקטס S.p,IL,ממרח זיתים שחורים או,גרמים,190.00,100 גרם,false,,12.90,0.0679,true,1,14056
7290003450602,false,חרדל אמיתי צהוב בקבוק לחיץ 255 גר,היינץ צפון אמריקה -,US,ממרח חרדל לחיץ היינץ,גרמים,255.00,100 גרם,false,,7.50,0.0294,true,1,26889
7290003521197,false,"ד""ר פישר - סרקל תרסיס מתיר קשרים 340 מ""ל",פישר מעבדות פרמצבטיו,IL,סרקל תרסיס מתיר קשרי,מיליליטרים,340.00,"100 מ""ל",false,,22.90,0.0674,true,1,6710
7290003521340,false,קמיל בלו אל סבון 2 ל',פישר מעבדות פרמצבטיו,IL,"אל סבון קמיל בלו ד""ר",קילוגרמים,2.00,ליטר,false,,35.90,17.9500,true,1,6713
7290003521395,false,קמיל בלו אל סבון ורוד 2 ל',פישר מעבדות פרמצבטיו,IL,אל סבון קמיל בלו סנס,קילוגרמים,2.00,ליטר,false,,35.90,17.9500,true,1,6714
7290003521463,false,קמיל בלו שמפו שיער אל דמע 2 ליטר,פישר מעבדות פרמצבטיו,IL,שמפו אלדמע קמיל בלו,קילוגרמים,2.00,ליטר,false,,35.90,17.9500,true,1,6715
7290003521760,false,"ד""ר פישר - אולטרסול ג'ל אלוורה 200 מ""ל",פישר מעבדות פרמצבטיו,IL,ג'ל לחות אלוורה אולט,מיליליטרים,200.00,"100 מ""ל",false,,17.90,0.0895,true,1,25811
7290003550753,false,טונה פוסידון בשמן רביעיה *108 ג',"מיוצר עי וליגר בעמ,",IL,טונה בשמן פוסידון 4,גרמים,432.00,100 גרם,false,,19.90,0.0461,true,1,8912
7290003578177,false,תירס גמדי שלם ויליפוד 410 ג',מגסטיק פוד אידסטרי ק,TH,תירס גמדי ויליפוד 41,גרמים,410.00,100 גרם,false,,6.90,0.0168,true,1,2145
7290003578313,false,דובדבנים חמוצים ללא חרצנים 680גר,דל מונטה היילס אס.אי,HU,דובדבנים חמוצים מגול,גרמים,680.00,100 גרם,false,,8.90,0.0131,true,1,2147
7290003578672,false,שמן חמניות מזוכך ויליפוד 1 ל',וילי פוד,TR,שמן חמניות וילי פוד,קילוגרמים,1.00,ליטר,false,,8.90,8.9000,true,1,26593
7290003643004,false,"אורז בסמטי קלאסי 1 ק""ג סוגת",האי נאם סי או אל.טי.,IL,"אורז בסמטי סוגת 1 ק""",פריט,1.00,"ק""ג",false,,12.90,12.9000,true,1,10228
7290003643646,false,"סוכר דמררה קלאסי בצנצנת סוגת 1 ק""ג",האי נאם סי או אל.טי.,IL,"סוכר דמררה סוגת 1 ק""",פריט,1.00,"ק""ג",false,,10.90,10.9000,true,1,10230
7290003648344,false,מטיאס הולנדי בשמן שמ,סלטי שמיר 2006 בעמ,IL,מטיאס הולנדי בשמן שמ,גרמים,550.00,100 גרם,false,,29.90,0.0544,true,1,10298
7290003648351,false,הרינג כבוש שמיר 750,סלטי שמיר 2006 בעמ,IL,הרינג כבוש שמיר 750,גרמים,550.00,100 גרם,false,,29.90,0.0544,true,1,10299
7290003648849,false,מקרל בשמן שמיר 750 ג,סלטי שמיר 2006 בעמ,IL,מקרל בשמן שמיר 750 ג,גרמים,550.00,100 גרם,false,,39.90,0.0725,true,1,10306
7290003648856,false,מטיאס הולנדי שמיר 75,סלטי שמיר 2006 בעמ,IL,מטיאס הולנדי שמיר 75,גרמים,550.00,100 גרם,false,,29.90,0.0544,true,1,10307
7290003672073,false,פילה אמנון נקי 5-7 ואקום,,,פילה אמנון פאר הדג 5,קילוגרמים,1.00,"ק""ג",true,,24.90,24.9000,true,1,10787
7290003681228,false,תבלין עלי דפנה 10 גר' מיה,מיה תעשיות מזון בעמ,IL,עלי דפנה מיה 10 גרם,גרמים,10.00,100 גרם,false,,5.80,0.5800,true,1,7193
7290003681242,false,תבלין זעתר 50 גר' מיה,מיה תעשיות מזון בעמ,IL,זעתר מיה 50 גרם,גרמים,50.00,100 גרם,false,,5.80,0.1160,true,1,7194
7290003681723,false,תבלין לפיצה 80גרם צנצנת,מיה תעשיות מזון בעמ,IL,תבלין לפיצה מיה 80 ג,גרמים,80.00,100 גרם,false,,5.80,0.0725,true,1,7197
7290003681730,false,תבלין גריל דג 80 גר' מיה,מיה תעשיות מזון בעמ,IL,תבלין גריל דג מיה 80,גרמים,80.00,100 גרם,false,,5.80,0.0725,true,1,7198
7290003681747,false,תבלין גריל בשר בשקית 80 גר' מיה,מיה תעשיות מזון בעמ,IL,תבלין גריל בשר מיה 8,גרמים,80.00,100 גרם,false,,5.80,0.0725,true,1,7199
7290003681754,false,אבקת קארי 80גרם צנצנת,מיה תעשיות מזון בעמ,IL,תבלין קארי מיה 80 גר,גרמים,80.00,100 גרם,false,,5.80,0.0725,true,1,7200
7290003681761,false,תבלין גבישי שום 80 גר' מיה,מיה תעשיות מזון בעמ,IL,גבישי שום מיה 80 גרם,גרמים,100.00,100 גרם,false,,7.90,0.0790,true,1,7201
7290003681792,false,סוכריות טופי פירות 850 ג' מיה,מיה תעשיות מזון בעמ,IL,סוכריות טופי מיה 850,גרמים,850.00,100 גרם,false,,13.90,0.0164,true,1,7202
7290003719259,false,לחם ליבו אקסלוסיבי 1 ק'ג,מאפית י את א ברמן בע,IL,"לחם שיפון ליבו 1 ק""ג",פריט,1.00,"ק""ג",false,,15.90,15.9000,true,1,7022
7290003726141,false,טופו משק גאיה 300גרם,ג'נרל מילס סאן אדריא,IL,טופו גולמי גאיה 300,גרמים,300.00,100 גרם,false,,10.90,0.0363,true,1,7082
7290003726592,false,טופו מתובל בפסטו במרקם קלאסי,משק וואיילר,IL,טופו מתובל בפסטו משק,מיליליטרים,300.00,"100 מ""ל",false,,9.60,0.0320,true,1,12113
7290003726615,false,טופו הבית משק ויילר,הדקלאים אגודת שיתופי,IL,טופו הבית משק ויילר,מיליליטרים,300.00,"100 מ""ל",false,,9.60,0.0320,true,1,12114
7290003726684,false,טופו חומוס בטעם טבעי 300 ג' משק ויילר,הנסיך- מפעל לייצור ט,IL,טופו חומוס בטעם טבעי,מיליליטרים,300.00,"100 מ""ל",false,,12.90,0.0430,true,1,12115
7290003751105,false,כרעיים עוף-במגש-קפוא,מ ב גלאט עוף למהדרין,IL,כרעיים עוף קפוא גלאט,קילוגרמים,1.00,"ק""ג",true,,44.90,44.9000,true,1,2357
7290003751174,false,גולש בקר-קמעונאי-קפוא,מ ב גלאט עוף למהדרין,IL,גולש עגל גלאט עוף,קילוגרמים,1.00,"ק""ג",true,,79.90,79.9000,true,1,2362
7290003751457,false,כנפיים הודיות קפוא ג,מ ב גלאט עוף למהדרין,IL,כנפיים הודיות קפוא ג,קילוגרמים,1.00,"ק""ג",true,,19.90,19.9000,true,1,2372
7290003751532,false,עוף מס 2 קפוא גלאט ע,מ ב גלאט עוף למהדרין,IL,עוף מס 2 קפוא גלאט ע,קילוגרמים,1.00,"ק""ג",true,,28.90,28.9000,true,1,2374
7290003751969,false,לשון בקר קפוא גלאט ע,ביראניצקי,PL,לשון בקר קפוא גלאט ע,קילוגרמים,1.00,"ק""ג",true,,139.90,139.9000,true,1,2389
7290003751990,false,עוף מס 3 קפוא גלאט ע,גלאט עוף,IL,עוף מס 3 קפוא גלאט ע,קילוגרמים,1.00,"ק""ג",true,,28.90,28.9000,true,1,2390
7290003779499,false,גינגר ארוז 200 גרם,"מרינה פטריות הגליל בע""מ",IL,גינגר ארוז 200 גרם,גרמים,200.00,100 גרם,false,,8.90,0.0445,true,1,20020
7290003796069,false,פילה נסיכת הנילוס לח,,,פילה נסיכת הנילוס לח,קילוגרמים,1.00,"ק""ג",true,,5.90,5.9000,true,1,28064
7290003796076,false,פילה נסיכת הנילוס לח,,,פילה נסיכת הנילוס לח,קילוגרמים,1.00,"ק""ג",true,,7.90,7.9000,true,1,28065
7290003882922,false,עלי גפן ממולאים באורז ויליפוד 400ג',הזה פלאקספו פוד קו ב,CN,עלי גפן ממולאים וילי,גרמים,400.00,100 גרם,false,,8.50,0.0213,true,1,2149
7290003989096,false,סלט חציל פיקנטי אחלה,מיוצר עי קונדיטוריית,IL,חציל פיקנטי אחלה 500,גרמים,500.00,100 גרם,false,,14.90,0.0298,true,1,12116
7290003989539,false,לורנצו רביולי במילוי גבינה,מיוצר עי קונדיטוריית,IL,רביולי גבינה קלאסי ש,גרמים,400.00,100 גרם,false,,16.70,0.0417,true,1,12117
7290003989553,false,"פסטה טורטליני פטריות, 400 גרם",מיוצר עי קונדיטוריית,IL,טורטליני פטריות שטרא,גרמים,400.00,100 גרם,false,,16.70,0.0417,true,1,12118
7290003996018,false,חסה ערבית למהדרין,יעל ירק עלים,IL,חסה ערבית גלאט,Unknown,0.00,יחידה,false,,7.90,0.0000,true,1,20223
7290003996049,false,פטרוזיליה טרי ארוז חסלט,יעל ירק עלים,IL,פטרוזיליה מהדרין,Unknown,0.00,יחידה,false,,6.90,0.0000,true,1,20224
7290003996056,false,כוסברה חסלט אפרתי,יעל ירק עלים,IL,כוסברה מהדרין,Unknown,0.00,יחידה,false,,6.90,0.0000,true,1,20225
7290003996063,false,שמיר חסלט שקית,יעל ירק עלים,IL,שמיר מהדרין,Unknown,0.00,יחידה,false,,6.90,0.0000,true,1,20226
7290003996070,false,נענע חסלט שקית,יעל ירק עלים,IL,נענע מהדרין,Unknown,0.00,יחידה,false,,6.90,0.0000,true,1,20227
7290003996087,false,בצל ירוק חסלט (שקית),יעל ירק עלים,IL,בצל ירוק גלאט,Unknown,0.00,יחידה,false,,7.90,0.0000,true,1,20228
7290003996094,false,סלרי חסלט אפרתי,יעל ירק עלים,IL,סלרי מהדרין,Unknown,0.00,יחידה,false,,7.90,0.0000,true,1,20229
7290003996117,false,כרוב לבן שלם אפרתי חסלט,יעל ירק עלים,IL,כרוב לבן חסלט,קילוגרמים,1.00,"ק""ג",true,,14.90,14.9000,true,1,20231
7290003996124,false,כרוב אדום שלם חסלט-אפרתי,יעל ירק עלים,IL,כרוב אדום חסלט,קילוגרמים,1.00,"ק""ג",true,,14.90,14.9000,true,1,20232
7290003996209,false,פטריות שמפיניון חסלט הרב אפרתי,ברכת קטיף,IL,פטריות שמפיניון מוגו,Unknown,0.00,יחידה,false,,9.90,0.0000,true,1,26371
7290003996506,false,כרוב לבן קצוץ חסלט 400ג',יעל ירק עלים,IL,כרוב לבן 400 גרם,גרמים,400.00,100 גרם,false,,12.90,0.0323,true,1,20238
7290003996513,false,כרוב אדום 400 גרם אפרתי,יעל ירק עלים,IL,כרוב אדום 400 גרם,גרמים,400.00,100 גרם,false,,12.90,0.0323,true,1,20239
7290003996537,false,שבבי גזר 400 גרם,יעל ירק עלים,IL,שבבי גזר 400 גרם,גרמים,410.00,100 גרם,false,,14.90,0.0363,true,1,20240
7290003996544,false,חסה אייסברג חתוכה 300 גרם,יעל ירק עלים,IL,חסה קצוצה 300 גרם,גרמים,310.00,100 גרם,false,,13.90,0.0448,true,1,20241
7290003996551,false,סלט קולסלאו 400 גרם אפרתי,יעל ירק עלים,IL,סלט קולסלאו 400 גרם,גרמים,400.00,100 גרם,false,,12.90,0.0323,true,1,20242
7290003996605,false,לקט ירקות ים תיכוני 350 גרם,יעל ירק עלים,IL,לקט ים תיכוני 350 גר,גרמים,350.00,100 גרם,false,,12.90,0.0369,true,1,20244
7290003996742,false,עלי תרד במגשית אפרתי חסלט,יעל ירק עלים,IL,עלי תרד שטופים 200 ג,גרמים,300.00,100 גרם,false,,13.90,0.0463,true,1,20246
7290004011284,false,ריצ בסיס להכנת קצפת 25% 212מל,ריצ' פרודקטס קורפריי,IL,בסיס להכנת קצפת 25%,מיליליטרים,212.00,"100 מ""ל",false,,8.90,0.0420,true,1,8546
7290004011291,false,"קצפת ריץ' בסיס קרטונית 425 מ""ל",ריצ' פרודקטס קורפורי,IL,בסיס להכנת קצפת 22.5,מיליליטרים,425.00,"100 מ""ל",false,,15.90,0.0374,true,1,8547
7290004011345,false,"קצפת ריצ` פרווה במיכל 250 מ""ל",האי נאם סי או אל.טי.,IT,תרסיס קצפת צמחית ריץ,מיליליטרים,250.00,"100 מ""ל",false,,9.90,0.0396,true,1,8548
7290004023041,false,"לחם שיפון ללא שמרים ד""ר מרק 750 גר'",המאפה של דר מרק בריא,IL,לחם מחמצת שיפון דר מ,גרמים,750.00,100 גרם,false,,11.90,0.0159,true,1,18965
7290004030612,false,פרי ניב מיץ קיוי אגס ללא תוספת סוכר 1ל,פריניב בעמ,IL,מיץ תפוח קיווי ואגס,קילוגרמים,1.00,ליטר,false,,13.90,13.9000,true,1,14120
7290004033705,false,הבורגריה – 6 לחמניות המבורגר בשקית,מאפית י את א ברמן בע,IL,לחמניות המבורגר הבור,גרמים,600.00,100 גרם,false,,12.90,0.0215,true,1,7023
7290004033712,false,לחם עננים מקמח מלא עם פרוסות עבות,מאפית י את א ברמן בע,IL,לחם עננים קמח חיטה מ,גרמים,750.00,100 גרם,false,,15.50,0.0207,true,1,7024
7290004033729,false,לחם עננים מקמח כוסמין עם פרוסות עבות,מאפית י את א ברמן בע,IL,לחם עננים מקמח כוסמי,גרמים,750.00,100 גרם,false,,16.50,0.0220,true,1,7025
7290004033736,false,"עננים לחם לבן בסגנון בריוש עם פרוסות עבות, 500 גרם",מאפית י את א ברמן בע,IL,לחם עננים לבן בסגנון,גרמים,500.00,100 גרם,false,,14.90,0.0298,true,1,7026
7290004033750,false,לחמניות עננים מתוקות,מאפית י את א ברמן בע,IL,לחמניות עננים מתוקות,גרמים,360.00,100 גרם,false,,13.90,0.0386,true,1,28453
7290004048679,false,"קובה למרק שלושת האופים 1 ק""ג",שלושת האופים,IL,קובה למרק ש.האופים 1,פריט,1.00,"ק""ג",false,,18.90,18.9000,true,1,8787
7290004063016,false,מלח שולחן מעולה דק 1,האי נאם סי או אל.טי.,IL,"מלח שולחן 1 ק""ג בד""צ",פריט,1.00,"ק""ג",false,,1.70,1.7000,true,1,10231
7290004063115,false,"מלח מטבח עבה להמלחת בשר ובישול 1 ק""ג",האי נאם סי או אל.טי.,IL,"מלח בישול 1 ק""ג בד""צ",פריט,1.00,"ק""ג",false,,1.70,1.7000,true,1,10232
7290004064174,false,"תבלין מלח ההימלאיה דק בצנצנת 1 ק""ג",מלח הארץ,IL,"מלח דק הימלאיה 1 ק""ג",פריט,1.00,"ק""ג",false,,14.90,14.9000,true,1,10233
7290004064181,false,"תבלין מלח ההימלאיה גס בצנצנת 1 ק""ג",חברת מלח הארץ אילת ב,IL,"מלח גס הימלאיה 1 ק""ג",פריט,1.00,"ק""ג",false,,14.90,14.9000,true,1,10234
7290004064280,false,מלח מופחת נתרן צנצנת 600 גרם,חברת מלח הארץ אילת ב,IL,מלח מופחת נתרן 600 ג,גרמים,600.00,100 גרם,false,,15.90,0.0265,true,1,10235
7290004064297,false,"מלח מועשר ביוד בצנצנת 1 ק""ג",מלח הארץ,IL,מלח ים מועשר ביוד 1,פריט,1.00,"ק""ג",false,,8.90,8.9000,true,1,10236
7290004064303,false,מלח אטלנטי בצנצנת 800 ג',מולינו ניקולי s.p.a,IL,מלח ים אטלנטי 800 גר,גרמים,800.00,100 גרם,false,,17.90,0.0224,true,1,10237
7290004068172,false,"יוגורט עיזים בדלי 5% 600 מ""ל רובין",קוד יצרן MKN,IL,יוגורט עיזים ביו גד,גרמים,600.00,100 גרם,false,,17.90,0.0298,true,1,7084
7290004068196,false,מוצרלה מגורדת מיוחדת,מחלבות גד,IL,גבינה מוצרלה לפיצה 2,גרמים,500.00,100 גרם,false,,27.90,0.0558,true,1,7085
7290004068332,false,גבינת קממבר בקר משול,מחלבות גד,IL,גבינה קממבר גד במשקל,קילוגרמים,1.00,"ק""ג",true,,99.00,99.0000,true,1,7087
7290004078942,false,ליידי ספיד סטיק - דאודורנט ג'ל לאישה 65 גרם,קולגייט פלמוליב,US,דאו גל ליידי ספיד סט,גרמים,65.00,100 גרם,false,,18.90,0.2908,true,1,12957
7290004091217,false,"גודרס להברקת כלי כסף 125מ""ל",אס סי גונסון פורטוגל,PT,מבריק גודרס לכלי כסף,גרמים,125.00,100 גרם,false,,14.90,0.1192,true,1,2810
7290004091255,false,"ואזלין פטרוליום ג'ל 225מ""ל","יוניליוור ארה""ב, ג'ו",IL,וזלין פטרולאום גלי 2,גרמים,212.00,100 גרם,false,,16.90,0.0797,true,1,5696
7290004093013,false,כרעיים עוף טרי עוף ה,,,כרעיים עוף טרי עוף ה,קילוגרמים,1.00,"ק""ג",true,,17.90,17.9000,true,1,9768
7290004093020,false,חזה עוף טרי עוף הכפר,,,חזה עוף טרי עוף הכפר,קילוגרמים,1.00,"ק""ג",true,,23.90,23.9000,true,1,9769
7290004093037,false,כנפיים עוף טרי עוף ה,,,כנפיים עוף טרי עוף ה,קילוגרמים,1.00,"ק""ג",true,,12.90,12.9000,true,1,9770
7290004093044,false,שוקיים עוף טרי עוף ה,,,שוקיים עוף טרי עוף ה,קילוגרמים,1.00,"ק""ג",true,,29.90,29.9000,true,1,9771
7290004093051,false,ירכיים עוף טרי עוף ה,,,ירכיים עוף טרי עוף ה,קילוגרמים,1.00,"ק""ג",true,,17.90,17.9000,true,1,9772
7290004093068,false,שניצל עוף טרי עוף הכ,,,שניצל עוף טרי עוף הכ,קילוגרמים,1.00,"ק""ג",true,,24.90,24.9000,true,1,9773
7290004093075,false,פרגית עוף טרי עוף הכ,,,פרגית עוף טרי עוף הכ,קילוגרמים,1.00,"ק""ג",true,,59.90,59.9000,true,1,9774
7290004093082,false,כבד עוף טרי עוף הכפר,,,כבד עוף טרי עוף הכפר,קילוגרמים,1.00,"ק""ג",true,,12.90,12.9000,true,1,9775
7290004093112,false,כרעיים עוף קפוא עוף,,,כרעיים עוף קפוא עוף,קילוגרמים,1.00,"ק""ג",true,,19.90,19.9000,true,1,9183
7290004093129,false,חזה עוף קפוא עוף הכפ,,,חזה עוף קפוא עוף הכפ,קילוגרמים,1.00,"ק""ג",true,,24.90,24.9000,true,1,9184
7290004093136,false,כנפיים עוף קפוא עוף,,,כנפיים עוף קפוא עוף,קילוגרמים,1.00,"ק""ג",true,,7.90,7.9000,true,1,9185
7290004093143,false,שוקיים עוף קפוא עוף,,,שוקיים עוף קפוא עוף,קילוגרמים,1.00,"ק""ג",true,,26.90,26.9000,true,1,9186
7290004093150,false,ירכיים עוף קפוא עוף,,,ירכיים עוף קפוא עוף,קילוגרמים,1.00,"ק""ג",true,,19.90,19.9000,true,1,9187
7290004093167,false,שניצל עוף קפוא עוף ה,,,שניצל עוף קפוא עוף ה,קילוגרמים,1.00,"ק""ג",true,,27.90,27.9000,true,1,9188
7290004093181,false,סטייק פרגית עוף קפוא,,,סטייק פרגית עוף קפוא,קילוגרמים,1.00,"ק""ג",true,,52.90,52.9000,true,1,9190
7290004093198,false,סטייק פרגית עוף טרי,,,סטייק פרגית עוף טרי,קילוגרמים,1.00,"ק""ג",true,,54.90,54.9000,true,1,9777
7290004093211,false,כבד עוף קפוא עוף הכפ,,,כבד עוף קפוא עוף הכפ,קילוגרמים,1.00,"ק""ג",true,,19.90,19.9000,true,1,9191
7290004093501,false,פילה עוף טרי דליקטס,,,פילה עוף טרי דליקטס,קילוגרמים,1.00,"ק""ג",true,,36.90,36.9000,true,1,9780
7290004119133,false,כד יוגורט תנובה 6.5% שומן 1.5 ליטר,מיוצר עי קונדיטוריית,IL,משקה יוגורט 6.5% תנו,קילוגרמים,1.50,ליטר,false,,15.90,10.6000,true,1,13692
7290004119225,false,יוגורט אננס 3% שומן 150 ג' יופלה,תנובה מרכז שיתופי לש,IL,"יופלה אננס 3% 150 מ""",מיליליטרים,150.00,"100 מ""ל",false,,4.70,0.0313,true,1,13693
7290004119973,false,מעדן שוקו 1.5% שומן 125 ג' קרלו,תנובה מרכז שיתופי לש,IL,קרלו שוקולדה 125 גרם,מיליליטרים,125.00,"100 מ""ל",false,,2.80,0.0224,true,1,13695
7290004120061,false,קרלו שוקולד וניל 125,תנובה מרכז שיתופי לש,IL,קרלו שוקולד וניל 125,מיליליטרים,125.00,"100 מ""ל",false,,2.90,0.0232,true,1,13696
7290004120108,false,יופלה דיאט יוגורט דובדבן %0 גביע 150ג',תנובה מרכז שיתופי לש,IL,יופלה דיאט 0% דובדבן,גרמים,150.00,100 גרם,false,,4.70,0.0313,true,1,13697
7290004120573,false,גבינה בולגרית %16 250 ג' פיראוס,תנובה מרכז שיתופי לש,IL,גבינה בולגרית 16% פי,גרמים,250.00,100 גרם,false,,17.50,0.0700,true,1,13699
7290004120634,false,גבינה בולגרית %5 250 ג' פיראוס,תנובה מרכז שיתופי לש,IL,גבינה בולגרית 5% פיר,גרמים,250.00,100 גרם,false,,17.50,0.0700,true,1,13700
7290004121488,false,יופלה דיאט אפרסק 0% גביע 150 ג',תנובה מרכז שיתופי לש,IL,יופלה דיאט 0% אפרסק,גרמים,150.00,100 גרם,false,,4.70,0.0313,true,1,13702
7290004121525,false,יופלה מאגדת פרי 4 תות 4 אפרסק 3% 8 יח'*150 ג',תנובה מרכז שיתופי לש,IL,מארז יופלה אפרסק/תות,קילוגרמים,1.20,ליטר,false,,24.90,20.7500,true,1,13703
7290004121853,false,גבינה בולגרית בקוביות %5 200 ג' פיראוס,תנובה מרכז שיתופי לש,IL,גבינה בולגרית קוביות,גרמים,200.00,100 גרם,false,,19.90,0.0995,true,1,13705
7290004122348,false,עמק לייט 9% פרוס בקופסא,תנובה מרכז שיתופי לש,IL,גבינה עמק 9% 200 גרם,גרמים,200.00,100 גרם,false,,16.90,0.0845,true,1,13706
7290004122676,false,גבינת חמד לייט 5% פיראוס 250 ג',"תנובה,מחלבת טנא נוגה",IL,גבינת חמד לייט 5% פי,גרמים,250.00,100 גרם,false,,17.50,0.0700,true,1,13707
7290004122683,false,חטיף גבינת אצבעות 28% 172 ג' עמק,תנובה מרכז שיתופי לש,IL,אצבעות גבינת עמק 172,גרמים,172.00,100 גרם,false,,15.90,0.0924,true,1,13708
7290004124205,false,יוגורט דיאט תות %0 שומן 150 ג' יופלה,תנובה מרכז שיתופי לש,IL,יופלה דיאט 0% תות 15,גרמים,150.00,100 גרם,false,,4.70,0.0313,true,1,13709
7290004124847,false,"קצפת צמחית השף הלבן 500 מ""ל תנובה",תנובה מרכז שיתופי לש,IL,קצפת צמחית השף הלבן,מיליליטרים,500.00,"100 מ""ל",false,,13.90,0.0278,true,1,13710
7290004125370,false,שמנת חמוצה מופחתת שומן 9%,תנובה מרכז שיתופי לש,IL,שמנת חמוצה 9% תנובה,מיליליטרים,200.00,"100 מ""ל",false,,3.60,0.0180,true,1,13712
7290004125400,false,"שלי אשל 4.5% תנובה 200מ""ל מהדרין",פארייפאבה אגרואינדוס,IL,"אשל תנובה 200 מ""ל",מיליליטרים,200.00,"100 מ""ל",false,,1.65,0.0082,true,1,13713
7290004125417,false,"שלי גיל 3% תנובה 200מ""ל מהדרין",תנובה מרכז שיתופי לש,IL,"גיל תנובה 200 מ""ל",מיליליטרים,206.00,"100 מ""ל",false,,1.50,0.0073,true,1,13714
7290004125455,false,**תנובה שמנת אורגינל מהדרין 15% 200מל,תנובה מרכז שיתופי לש,IL,שמנת חמוצה 15% תנובה,מיליליטרים,200.00,"100 מ""ל",false,,2.40,0.0120,true,1,13715
7290004125462,false,"שמנת אורגינל 15% מהדרין 500 מ""ל",תנובה מרכז שיתופי לש,IL,שמנת חמוצה 15% תנובה,מיליליטרים,500.00,"100 מ""ל",false,,5.90,0.0118,true,1,13716
7290004125509,false,"שמנת 15% חצי מנה 100 מ""ל תנובה",תנובה מרכז שיתופי לש,IL,שמנת חמוצה 15% תנובה,גרמים,100.00,100 גרם,false,,1.60,0.0160,true,1,13717
7290004125578,false,משקה סויה מעושר בסידן תנובה 1ל',תנובה מרכז שיתופי לש,IL,משקה סויה אלטרנטיב 1,קילוגרמים,1.00,ליטר,false,,9.90,9.9000,true,1,13718
7290004125585,false,משקה סויה וניל תנובה E אלטרנטיב,תנובה מרכז שיתופי לש,IL,משקה סויה וניל אלטרנ,קילוגרמים,1.00,ליטר,false,,9.90,9.9000,true,1,13719
7290004125738,false,שמנת מתוקה עמידה להקצפה 32% השף הלבן,תנובה מרכז שיתופי לש,IL,שמנת להקצפה 32% השף,מיליליטרים,250.00,"100 מ""ל",false,,5.90,0.0236,true,1,13722
7290004126674,false,פרוסות גבינה חצי קשה 9% שומן 200 ג' עמק,תנובה מרכז שיתופי לש,IL,גבינה עמק בסגנון אמנ,גרמים,200.00,100 גרם,false,,17.90,0.0895,true,1,13724
7290004127329,false,קוטג' 5% תנובה 250ג' מהדרין,מיוצר עי קונדיטוריית,IL,קוטג 5% תנובה 250 גר,גרמים,250.00,100 גרם,false,,5.50,0.0220,true,1,13726
7290004127336,false,קוטג' 9% תנובה 250 ג' הדרין,מיוצר עי קונדיטוריית,IL,קוטג 9% תנובה 250 גר,גרמים,250.00,100 גרם,false,,5.50,0.0220,true,1,13727
7290004127800,false,גבינה לבנה 5% שומן 500 ג' תנובה,מיוצר עי קונדיטוריית,IL,גבינה 5% תנובה 500 ג,גרמים,500.00,100 גרם,false,,9.70,0.0194,true,1,13728
7290004127817,false,גבינה לבנה 9% שומן 500 ג' תנובה,מיוצר עי קונדיטוריית,IL,גבינה 9% תנובה 500 ג,גרמים,500.00,100 גרם,false,,9.70,0.0194,true,1,13729
7290004129101,false,גבינת שמנת 25% בטעם טבעי 225 ג' נפוליאון,תנובה מרכז שיתופי לש,IL,גבינת שמנת טבעי 25%,גרמים,225.00,100 גרם,false,,12.50,0.0556,true,1,13733
7290004129118,false,גבינת שמנת 24% עם זיתים ירוקים 225 ג' נפוליאון,תנובה מרכז שיתופי לש,IL,גבינת שמנת זיתים 24%,גרמים,225.00,100 גרם,false,,12.50,0.0556,true,1,13734
7290004129156,false,גבינת שמנת25% עם שום שמיר 225 ג' נפוליאון,תנובה מרכז שיתופי לש,IL,גבינת שמנת שום שמיר,גרמים,225.00,100 גרם,false,,12.50,0.0556,true,1,13735
7290004130794,false,משקה סויה טבעי במתיקות מופחתת 1 ליטר,תנובה מרכז שיתופי לש,IL,משקה סויה במתיקות מו,קילוגרמים,1.00,ליטר,false,,5.90,5.9000,true,1,13737
7290004130916,false,יוגורט 3% פירות יער בשמנת 150 ג' יופלה,תנובה מרכז שיתופי לש,IL,יופלה פירות יער 3% 1,מיליליטרים,150.00,"100 מ""ל",false,,4.70,0.0313,true,1,13738
7290004131074,false,**חלב תנובה טרי מהדרין קרטון 3% 1ל,תנובה מרכז שיתופי לש,IL,חלב 3% תנובה 1 ליטר,קילוגרמים,1.00,ליטר,false,,6.20,6.2000,true,1,13739
7290004131814,false,גבינה צפתית 5% מעודנת 200 ג' פיראוס,פארייפאבה אגרואינדוס,IL,גבינה צפתית מעודנת 5,גרמים,200.00,100 גרם,false,,13.90,0.0695,true,1,13743
7290004131845,false,גבינת לאבנה 9% שומן 750 ג' פיראוס,תנובה מרכז שיתופי לש,IL,לאבנה 9% פיראוס 750,גרמים,750.00,100 גרם,false,,20.90,0.0279,true,1,13744
7290004132552,false,משקה סויה לייט בטעם טבעי טרי 1 ליטר,תנובה מרכז שיתופי לש,IL,משקה סויה לייט אלטרנ,קילוגרמים,1.00,ליטר,false,,5.90,5.9000,true,1,13747
7290004132606,false,מאגדת קרלו מיני וניל 8 יח' *100ג' מהדרין,תנובה מרכז שיתופי לש,,מאגדת קרלו מיני שוקו,מיליליטרים,800.00,"100 מ""ל",false,,7.90,0.0099,true,1,25213
7290004132712,false,חטיף אצבעות גבינת מוצרלה 20% 172 ג' עמק,תנובה מרכז שיתופי לש,IL,אצבעות גבינת מוצרלה,גרמים,172.00,100 גרם,false,,15.90,0.0924,true,1,13748
7290004134945,false,יוגורט מוקה 3% שומן 150 ג' יופלה,תנובה מרכז שיתופי לש,IL,יופלה מוקה 3% גביע 1,מיליליטרים,150.00,"100 מ""ל",false,,4.70,0.0313,true,1,13755
7290004135058,false,מאגדת קרלו מיני שוקולד 8 יח' * 100 ג',תנובה מרכז שיתופי לש,IL,מאגדת קרלו מיני שוקו,מיליליטרים,800.00,"100 מ""ל",false,,13.20,0.0165,true,1,25214
7290004135119,false,"מאגדת קרלו מיני 8*100 גרם וניל בד""צ",תנובה מרכז שיתופי לש,IL,מארז קרלו מיני וניל,מיליליטרים,800.00,"100 מ""ל",false,,13.20,0.0165,true,1,13757
7290004136857,false,מעדן גלי בטעם פטל 12,תנובה מרכז שיתופי לש,IL,גלי פטל תנובה 125 גר,מיליליטרים,125.00,"100 מ""ל",false,,2.30,0.0184,true,1,13762
7290004136871,false,ג'לי תנובה אפרסק עם חתיכות אפרסק 125מל,תנובה מרכז שיתופי לש,IL,גלי אפרסק תנובה 125,מיליליטרים,125.00,"100 מ""ל",false,,2.50,0.0200,true,1,13763
7290004193850,false,סטייק פרגית עוף טרי,,,סטייק פרגית עוף טרי,קילוגרמים,1.00,"ק""ג",true,,69.90,69.9000,true,1,9808
7290004193980,false,פרגיות עוף קפוא דליק,,,פרגיות עוף קפוא דליק,קילוגרמים,1.00,"ק""ג",true,,64.90,64.9000,true,1,27199
7290004220044,false,קציצות ביתיות עטרה 4,,,קציצות ביתיות עטרה 4,גרמים,400.00,100 גרם,false,,14.90,0.0373,true,1,9200
7290004220105,false,שניצלוני עוף עטרה 600 גרם,,,שניצלוני עוף עטרה 60,גרמים,600.00,100 גרם,false,,24.90,0.0415,true,1,9202
7290004220266,false,כרעיים עוף טרי דליקט,,,כרעיים עוף טרי דליקט,קילוגרמים,1.00,"ק""ג",true,,31.90,31.9000,true,1,9815
7290004220273,false,חזה עוף טרי דליקטסו,,,חזה עוף טרי דליקטסו,קילוגרמים,1.00,"ק""ג",true,,14.90,14.9000,true,1,9816
7290004220280,false,כנפיים עוף טרי דליקט,,,כנפיים עוף טרי דליקט,קילוגרמים,1.00,"ק""ג",true,,13.90,13.9000,true,1,9817
7290004220297,false,שוקיים עוף טרי דליקט,,,שוקיים עוף טרי דליקט,קילוגרמים,1.00,"ק""ג",true,,33.90,33.9000,true,1,9818
7290004220310,false,ירכיים עוף טרי דליקט,,,ירכיים עוף טרי דליקט,קילוגרמים,1.00,"ק""ג",true,,30.90,30.9000,true,1,9819
7290004220327,false,שניצל עוף טרי דליקטס,,,שניצל עוף טרי דליקטס,קילוגרמים,1.00,"ק""ג",true,,39.90,39.9000,true,1,9820
7290004220761,false,קבב כבש ביתי עטרה 50,,,קבב כבש ביתי עטרה 50,גרמים,500.00,100 גרם,false,,14.90,0.0298,true,1,9212
7290004226619,false,שישליק הודו טרי ארוז,,,שישליק הודו טרי ארוז,קילוגרמים,1.00,"ק""ג",true,,34.90,34.9000,true,1,9849
7290004230944,false,מקלות פילו גבינה 600 גר' שלושת האופים לנדא,שלושת האופים,IL,מקלות בורקס פילו גבי,גרמים,700.00,100 גרם,false,,16.90,0.0241,true,1,8800
7290004234218,false,ברווז טרי,,,ברווז טרי,קילוגרמים,1.00,"ק""ג",true,,48.90,48.9000,true,1,27179
7290004244446,false,פילה סלמון ללא עור ה,"דגי בר אילן בע""מ",IL,פילה סלמון ללא עור ה,קילוגרמים,1.00,"ק""ג",true,,49.90,49.9000,true,1,25612
7290004244934,false,פילה סלמון ללא עור ה,"דגי בר אילן בע""מ",IL,פילה סלמון ללא עור ה,קילוגרמים,1.00,"ק""ג",true,,69.90,69.9000,true,1,26253
7290004256883,false,פילה סלמון טרי פרימי,,,פילה סלמון טרי פרימי,קילוגרמים,1.00,"ק""ג",true,,99.90,99.9000,true,1,20792
7290004257101,false,עטרה אנטריקוט דקדק 250 ג,עטרה,IL,אנטריקוט דקדק עטרה 2,גרמים,250.00,100 גרם,false,,29.90,0.1196,true,1,9220
7290004257118,false,מילנסה דקדק עטרה 250 גרם,,,מילנסה דק דק עטרה 25,גרמים,250.00,100 גרם,false,,29.90,0.1196,true,1,9221
7290004257125,false,סינטה דק דק עטרה 250,,,סינטה דק דק עטרה 250,גרמים,250.00,100 גרם,false,,29.90,0.1196,true,1,9222
7290004257422,false,חזה עוף טחון 100% קה,,,חזה עוף טחון 100% קה,פריט,1.00,"ק""ג",false,,37.90,37.9000,true,1,9225
7290004257439,false,טחון הודו 100% קהילו,,,טחון הודו 100% קהילו,פריט,1.00,"ק""ג",false,,37.90,37.9000,true,1,9226
7290004257446,false,טחון בקר 100% קהילות,,,טחון בקר 100% קהילות,פריט,1.00,"ק""ג",false,,54.90,54.9000,true,1,9227
7290004257477,false,חזה עוף טחון 100% עט,,,חזה עוף טחון 100% עט,פריט,1.00,"ק""ג",false,,34.90,34.9000,true,1,9228
7290004257484,false,טחון הודו 100% עטרה,,,טחון הודו 100% עטרה,פריט,1.00,"ק""ג",false,,34.90,34.9000,true,1,9229
7290004257491,false,"טחון בקר 100% עטרה 1 ק""ג",,,טחון בקר 100% עטרה 1,פריט,1.00,"ק""ג",false,,39.90,39.9000,true,1,9230
7290004263027,false,קבב מזרחי עטרה 500ג',עטרה,IL,קבב מזרחי עטרה 500 ג,גרמים,500.00,100 גרם,false,,18.90,0.0378,true,1,9236
7290004263034,false,בורגר חלק קפוא למהדרין עטרה 500 גרם,עטרה,IL,המבורגר עטרה 500 גרם,גרמים,500.00,100 גרם,false,,18.90,0.0378,true,1,9237
7290004263041,false,גולש עגל עטרה קפוא,עטרה,IL,גולש עגל עטרה,קילוגרמים,1.00,"ק""ג",true,,44.90,44.9000,true,1,9238
7290004263096,false,צלי כתף מעובד קפוא ע,עטרה,IL,צלי כתף מעובד קפוא ע,קילוגרמים,1.00,"ק""ג",true,,49.90,49.9000,true,1,9240
7290004263201,false,צלעות כבש קפוא עטרה,עטרה,IL,צלעות כבש קפוא עטרה,קילוגרמים,1.00,"ק""ג",true,,169.90,169.9000,true,1,9246
7290004263393,false,קישקע ירושלמי קפוא ארוז עטרה 500 ג',עטרה,IL,קישקע ירושלמי עטרה 5,גרמים,500.00,100 גרם,false,,12.90,0.0258,true,1,9247
7290004263485,false,בשר מספר 2 צלעות כשרות עטרה,עטרה,IL,בשר מס 2 צלעות קפוא,קילוגרמים,1.00,"ק""ג",true,,39.90,39.9000,true,1,9249
7290004263515,false,מעורב ירושלמי קפוא עטרה 800 גר',,,מעורב ירושלמי קפוא ע,גרמים,800.00,100 גרם,false,,19.90,0.0249,true,1,9250
7290004263553,false,חזה בשר מס3 עטרה קפו,עטרה,IL,בשר מס 3 חזה בקר צרכ,קילוגרמים,1.00,"ק""ג",true,,29.90,29.9000,true,1,9251
7290004263621,false,בשר מס 4 כתף מרכזי צ,עטרה,IL,בשר מס 4 כתף מרכזי צ,קילוגרמים,1.00,"ק""ג",true,,54.90,54.9000,true,1,9253
7290004263652,false,נקניקיות עוף עטרה 400 גרם,עטרה,IL,נקניקיות עוף קפוא עט,גרמים,400.00,100 גרם,false,,9.90,0.0248,true,1,9254
7290004263676,false,טחון הודו 500גר עטרה,עטרה,IL,הודו טחון עטרה 500 ג,גרמים,500.00,100 גרם,false,,11.90,0.0238,true,1,9255
7290004263799,false,צלי כתף בשר מס 5 עטר,עטרה,IL,בשר מס 5 צלי כתף קפו,קילוגרמים,1.00,"ק""ג",true,,89.90,89.9000,true,1,9258
7290004263867,false,בשר מס 6 פילה מדומה עטרה,עטרה,IL,בשר מס 6 פילה מדומה,קילוגרמים,1.00,"ק""ג",true,,39.90,39.9000,true,1,9259
7290004367077,false,עוגיות מרוקאיות 800,,,בקלוואה 800 גרם,גרמים,800.00,100 גרם,false,,29.90,0.0374,true,1,16792
7290004460884,false,סרדינים בשמן עם פלפל צ'ילי 125 ג',,CN,סרדין בשמן עם פלפל צ,גרמים,125.00,100 גרם,false,,2.90,0.0232,true,1,14181
7290004480332,false,גבינה גאודה קשה מחלב,מחלבות גד,IL,גבינה גאודה משולשים,קילוגרמים,1.00,"ק""ג",true,,99.00,99.0000,true,1,7089
7290004537241,false,אפונת גינה שדה בשקית,בסט מייסטר,IL,אפונת גינה שדה בשקית,גרמים,800.00,100 גרם,false,,8.90,0.0111,true,1,26262
7290004537357,false,גרעיני תירס 800 גר ש,הומיפריז,BE,גרעיני תירס שדה 800,גרמים,800.00,100 גרם,false,,9.90,0.0124,true,1,28975
7290004544096,false,עוגיות טבעות עם קוקו,מאפיית ישראל חיפה,IL,עוגיות טבעות עם קוקו,גרמים,500.00,100 גרם,false,,11.50,0.0230,true,1,6744
7290004544577,false,מאפים בסיס לפיצה ללא,מאפיית אריאל,IL,מאפים בסיס לפיצה ללא,גרמים,400.00,100 גרם,false,,21.90,0.0547,true,1,28459
7290004544669,false,מארז סופגניות במילוי,מאפיית ישראל חיפה,IL,מארז סופגניות במילוי,גרמים,660.00,100 גרם,false,,12.90,0.0195,true,1,28581
7290004551926,false,אבקת פלאפל דרומה 1 ק,דרומה י.א.ט בעמ,IL,אבקת פלאפל דרומה 1 ק,פריט,1.00,"ק""ג",false,,19.90,19.9000,true,1,5064
7290004575007,false,טילון וניל וופך ושברי אגוז ריאו מארז 70X5ג',"גלידות ריאו ביח""ר לג",IL,טילוני ריאו בטעמים 5,גרמים,350.00,100 גרם,false,,14.50,0.0414,true,1,11566
7290004575069,false,גלידה מיניס חטיפים וניל ציפוי שוקו' ופצפוצי נ.חיטה ריאו מארז 32יח',"גלידות ריאו ביח""ר לג",IL,חטיפי גלידה מיניס שו,גרמים,700.00,100 גרם,false,,29.90,0.0427,true,1,11568
7290004575229,false,גלידת סנקור ריאו מארז חמישייה,"גלידות ריאו ביח""ר לג",IL,מארז קסטה סנקור 5 יח,גרמים,500.00,100 גרם,false,,18.90,0.0378,true,1,11574
7290004575335,false,ארטיק מגיק מיני וניל ציפוי שוקו' ופצפוצי נ.חיטה ריאו מארז 45X8ג'באריזה,"גלידות ריאו ביח""ר לג",IL,שלגוני מיני מגיק 8 י,גרמים,360.00,100 גרם,false,,16.90,0.0469,true,1,11577
7290004575373,false,שלגוני ריאו מצופים ש,"גלידות ריאו ביח""ר לג",IL,שלגוני ריאו מצופים ש,גרמים,480.00,100 גרם,false,,13.90,0.0290,true,1,11578
7290004575397,false,גלידה בטעמי מוקה וניל פיסטוק 1.8 ל' ריאו,"גלידות ריאו ביח""ר לג",IL,גלידה טריו 1.8 ליטר,קילוגרמים,1.80,ליטר,false,,14.90,8.2778,true,1,11579
7290004575403,false,גלידת פרווה בטעמים 1.8 ל' ריאו,"גלידות ריאו ביח""ר לג",IL,גלידה טריו 1.8 ליטר,קילוגרמים,1.80,ליטר,false,,14.90,8.2778,true,1,11580
7290004575632,false,קרמבו ריאו בטעם וניל 16יח',"גלידות ריאו ביח""ר לג",IL,קרמבו בטעם וניל ריאו,גרמים,480.00,100 גרם,false,,21.50,0.0448,true,1,11588
7290004584351,false,גבינה במרקם שמנת 5% טבעי 200 ג' סימפוניה,"שטראוס בריאות בע""מ",IL,גבינת שמנת 5% סימפונ,גרמים,200.00,100 גרם,false,,9.70,0.0485,true,1,12119
7290004603175,false,מלח הארץ מלחייה גס 500 גרם,תעשיות מלח לישראל,IL,מלח גס הים האדום 500,גרמים,500.00,100 גרם,false,,7.90,0.0158,true,1,10238
7290004645069,false,הליבוט פרוס ל.עור רו,,,הליבוט פרוס ל.עור רו,קילוגרמים,1.00,"ק""ג",true,,79.90,79.9000,true,1,13233
7290004645106,false,מנות סלמון 100% רוזנ,,,מנות סלמון 100% רוזנ,קילוגרמים,1.00,"ק""ג",true,,94.90,94.9000,true,1,13236
7290004645137,false,פילה טונה אלבקור ללא,,,פילה טונה אלבקור ללא,קילוגרמים,1.00,"ק""ג",true,,59.90,59.9000,true,1,13238
7290004645267,false,מנות נסיכת הנילוס רו,,,מנות נסיכת הנילוס רו,קילוגרמים,1.00,"ק""ג",true,,59.90,59.9000,true,1,13246
7290004645274,false,פילה נסיכת הנילוס ע.,,,פילה נסיכת הנילוס ע.,קילוגרמים,1.00,"ק""ג",true,,39.90,39.9000,true,1,13247
7290004645328,false,"פילה סלמון נורבגי בד""ץ",,,פילה סלמון 100% רוזנ,קילוגרמים,1.00,"ק""ג",true,,89.90,89.9000,true,1,13248
7290004645403,false,נתחי פילה סלמון רוזנ,,,נתחי פילה סלמון רוזנ,קילוגרמים,1.00,"ק""ג",true,,39.90,39.9000,true,1,13249
7290004645748,false,פילה אמנון רוזנרס לל,,CN,פילה אמנון רוזנרס לל,קילוגרמים,1.00,"ק""ג",true,,39.90,39.9000,true,1,13265
7290004645885,false,פילה אמנון רוזנרס עם,,CN,פילה אמנון רוזנרס עם,קילוגרמים,1.00,"ק""ג",true,,39.90,39.9000,true,1,13270
7290004645915,false,מנות סלמון ל.עור רוז,,,מנות סלמון ל.עור רוז,קילוגרמים,1.00,"ק""ג",true,,99.90,99.9000,true,1,28134
7290004652517,false,פילה בורי טרי אושר פ,,,פילה בורי טרי אושר פ,גרמים,400.00,100 גרם,false,,49.90,0.1247,true,1,20793
7290004652524,false,פילה אמנון טרי אושר,,,פילה אמנון טרי אושר,גרמים,400.00,100 גרם,false,,39.90,0.0997,true,1,20794
7290004652531,false,פילה דניס טרי אושר פ,,,פילה דניס טרי אושר פ,גרמים,400.00,100 גרם,false,,59.90,0.1497,true,1,20795
7290004652555,false,פורל נקי טרי אושר פי,,,פורל נקי טרי אושר פי,גרמים,400.00,100 גרם,false,,19.90,0.0497,true,1,20797
7290004652579,false,פילה אדמונית טרי אוש,,,פילה אדמונית טרי אוש,גרמים,400.00,100 גרם,false,,39.90,0.0997,true,1,20799
7290004652593,false,אמנון שלם טרי אושר פ,,,אמנון שלם טרי אושר פ,גרמים,400.00,100 גרם,false,,19.90,0.0497,true,1,20801
7290004652609,false,קרפיון פרוס טרי אושר,,,קרפיון פרוס טרי אושר,גרמים,750.00,100 גרם,false,,39.90,0.0532,true,1,20802
7290004652616,false,דניס שלם טרי אושר פי,,,דניס שלם טרי אושר פי,גרמים,450.00,100 גרם,false,,39.90,0.0887,true,1,20803
7290004652623,false,פילה ברמונדי טרי אוש,,,פילה ברמונדי טרי אוש,גרמים,400.00,100 גרם,false,,29.90,0.0747,true,1,20804
7290004652852,false,טומהוק סטייק טרי עטר,,,טומהוק סטייק טרי עטר,קילוגרמים,1.00,"ק""ג",true,,99.90,99.9000,true,1,25175
7290004658960,false,אמרלד ריזלינג לבן חצי יבש,אגודת הכורמים הקואופ,IL,יין פ. קולקשיין אמרל,מיליליטרים,750.00,"100 מ""ל",false,,32.30,0.0431,true,1,6205
7290004685027,false,ברמן לחם הארץ מחיטה מלאה קל 500גר,מאפית י את א ברמן בע,IL,לחם חיטה מלאה קל לחם,גרמים,500.00,100 גרם,false,,12.90,0.0258,true,1,7036
7290004685089,false,לחם הארץ לחם חמניות 500 גר',מאפית י את א ברמן בע,IL,לחם חמניות לחם הארץ,גרמים,500.00,100 גרם,false,,12.90,0.0258,true,1,7038
7290004685126,false,לחם פומפרניקל לחם הארץ 750 גרם,מאפית י את א ברמן בע,IL,לחם 5 דגנים לחם הארץ,גרמים,750.00,100 גרם,false,,12.90,0.0172,true,1,7039
7290004685157,false,לחם שיפון 100% 750 גרם לחם הארץ,מאפית י את א ברמן בע,IL,לחם שיפון לחם הארץ 7,גרמים,750.00,100 גרם,false,,12.90,0.0172,true,1,7041
7290004685195,false,לחם 10 דגנים לחם הארץ 750 גרם,מאפית י את א ברמן בע,IL,לחם 10 דגנים לחם האר,גרמים,750.00,100 גרם,false,,12.90,0.0172,true,1,7042
7290004685201,false,לחם שיפון אגוזים לחם,מאפית י את א ברמן בע,IL,לחם שיפון אגוזים לחם,גרמים,500.00,100 גרם,false,,12.90,0.0258,true,1,7043
7290004685225,false,לחם פומפרניקל לחם הארץ 750 גרם,מאפית י את א ברמן בע,IL,לחם פומפרניקל לחם הא,גרמים,750.00,100 גרם,false,,12.90,0.0172,true,1,7044
7290004685430,false,לחם כוסמין לחם הארץ,מאפית י את א ברמן בע,IL,לחם כוסמין לחם הארץ,גרמים,500.00,100 גרם,false,,12.90,0.0258,true,1,7048
7290004685447,false,לחמניות כוסמין 6 יחי' 450 גר',מאפית י את א ברמן בע,IL,לחמניות כוסמין לחם ה,גרמים,450.00,100 גרם,false,,13.90,0.0309,true,1,7049
7290004685454,false,לחם שיבולת שועל 500 גר'.,מאפית י את א ברמן בע,IL,לחם שיבולת שועל לחם,גרמים,500.00,100 גרם,false,,12.90,0.0258,true,1,7050
7290004685478,false,פיתות כוסמין 10יח 550 גר,מאפית י את א ברמן בע,IL,פיתות ברמן 100% כוסמ,גרמים,550.00,100 גרם,false,,15.90,0.0289,true,1,25312
7290004731472,false,"אל סבון צבעוני כיף שלישיה* 500 מ""ל",טרופיקל דגיל תעשיות,IL,אל סבון כיף מעורב 3*,קילוגרמים,1.50,ליטר,false,,16.90,11.2667,true,1,3734
7290004731557,false,"סנו מקסימה למייבש מאסק 750 מ""ל",סנו,IL,תרסיס מקסימה למייבש,מיליליטרים,750.00,"100 מ""ל",false,,16.90,0.0225,true,1,3735
7290004731564,false,"סנו - מקסימה מרסס למייבש כביסה פריחה כחולה 750 מ""ל",סנו,IL,תרסיס מקסימה למייבש,מיליליטרים,750.00,"100 מ""ל",false,,16.90,0.0225,true,1,3736
7290004731670,false,"סנו דואופרש פצ'ולי לבנדר 300 מ""ל","סנו מפעלי ברונוס בע""",IL,מטהר סנו דאופרש לבנד,מיליליטרים,300.00,"100 מ""ל",false,,9.90,0.0330,true,1,3737
7290004731687,false,"סנו דואופרש וניל 300 מ""ל",קריות זול,IL,מטהר סנו דאופרש וניל,מיליליטרים,300.00,"100 מ""ל",false,,9.90,0.0330,true,1,3738
7290004737719,false,אספרגוס שלם בצנצנת 330 ג' ולי פוד,קריות זול,CN,אספרגוס שלם ויליפוד,גרמים,330.00,100 גרם,false,,8.90,0.0270,true,1,2151
7290004758028,false,אנטריקוט פרימיום טרי,,,אנטריקוט פרימיום טרי,קילוגרמים,1.00,"ק""ג",true,,169.90,169.9000,true,1,9889
7290004758172,false,בריסקט טרי עטרה,,,בריסקט טרי עטרה,קילוגרמים,1.00,"ק""ג",true,,69.90,69.9000,true,1,9901
7290004758493,false,שריר מוזה פולי טרי ע,,,שריר מוזה פולי טרי ע,קילוגרמים,1.00,"ק""ג",true,,79.90,79.9000,true,1,21998
7290004944032,false,חומוס שמיר אסלי 400 גר,סלטי שמיר 2006 בעמ,IL,חומוס אסלי 400 גרם,גרמים,400.00,100 גרם,false,,10.90,0.0273,true,1,10310
7290004944049,false,טחינה אסלי שמיר 400 ג',סלטי שמיר 2006 בעמ,IL,טחינה אסלי 400 גרם,גרמים,400.00,100 גרם,false,,10.90,0.0273,true,1,10311
7290004944056,false,חציל במיונז אסלי שמיר 400 ג',סלטי שמיר 2006 בעמ,IL,חציל במיונז אסלי 400,גרמים,400.00,100 גרם,false,,10.90,0.0273,true,1,10312
7290004944063,false,סלט תורכי אסלי שמיר 400 ג',סלטי שמיר 2006 בעמ,IL,סלט טורקי אסלי 400 ג,גרמים,400.00,100 גרם,false,,10.90,0.0273,true,1,10313
7290005008481,false,ספיד סטיק - דאודורנט ג'ל לגבר ספורט 85 גרם,הנסיך- מפעל לייצור ט,BY,דאו גל ספיד סטיק ספו,גרמים,85.00,100 גרם,false,,18.90,0.2224,true,1,12958
7290005011405,false,עמבה עם פרי 500 גרם,תבליני שמש בעמ,IL,עמבה עם פרי 500 גרם,גרמים,500.00,100 גרם,false,,8.90,0.0178,true,1,5065
7290005017483,false,שיפודי פרגית מתובל ק,נתח אדום,IL,שיפודי פרגית מתובל ק,גרמים,600.00,100 גרם,false,,49.90,0.0832,true,1,20686
7290005017780,false,קאט דנוור סטיק נתח א,נתח אדום,IL,קאט דנוור סטיק נתח א,גרמים,600.00,100 גרם,false,,59.90,0.0998,true,1,27363
7290005017889,false,קציצות ריב אנטריקוט,נתח אדום,IL,קציצות ריב אנטריקוט,גרמים,600.00,100 גרם,false,,29.90,0.0498,true,1,20690
7290005017902,false,נקניקיות מרגז פרימיו,נתח אדום,IL,נקניקיות מרגז פרימיו,גרמים,600.00,100 גרם,false,,29.90,0.0498,true,1,20692
7290005017919,false,המבורגר אנטריקוט XL,נתח אדום,IL,המבורגר אנטריקוט XL,גרמים,600.00,100 גרם,false,,29.90,0.0498,true,1,20693
7290005017926,false,המבורגר טלה XL פרימ,נתח אדום,IL,המבורגר טלה XL פרימ,גרמים,600.00,100 גרם,false,,29.90,0.0498,true,1,20694
7290005017933,false,טחול ממולא נתח אדום,נתח אדום,IL,טחול ממולא נתח אדום,גרמים,400.00,100 גרם,false,,39.90,0.0997,true,1,20695
7290005017940,false,נקניקיות מרגז כבד פר,נתח אדום,IL,נקניקיות מרגז כבד פר,גרמים,600.00,100 גרם,false,,29.90,0.0498,true,1,20696
7290005017957,false,קבב בקר פרימיום בית,נתח אדום,IL,קבב בקר פרימיום בית,גרמים,600.00,100 גרם,false,,29.90,0.0498,true,1,20697
7290005017964,false,קבב טלה פרימיום בית,נתח אדום,IL,קבב טלה פרימיום בית,גרמים,600.00,100 גרם,false,,29.90,0.0498,true,1,20698
7290005017971,false,קבב עיראקי פרימיום ב,נתח אדום,IL,קבב עיראקי פרימיום ב,גרמים,600.00,100 גרם,false,,29.90,0.0498,true,1,20699
7290005017988,false,נקניקיות צ'וריסוס פר,נתח אדום,IL,נקניקיות צ'וריסוס פר,גרמים,600.00,100 גרם,false,,29.90,0.0498,true,1,20700
7290005017995,false,שיפודי פרגית קפוא נת,נתח אדום,IL,שיפודי פרגית קפוא נת,גרמים,600.00,100 גרם,false,,49.90,0.0832,true,1,20701
7290005168284,false,יין מתוק גן עדן 750,יקבי ציון,IL,יין גן עדן עתיק,מיליליטרים,750.00,"100 מ""ל",false,,19.90,0.0265,true,1,6281
7290005168420,false,מיץ ענבים אדום בית ס,יקבי ציון,IL,מיץ ענבים אדום בית ס,קילוגרמים,1.00,ליטר,false,,16.90,16.9000,true,1,6282
7290005168475,false,"מיץ ענבים אדום 100% ""מובחר"" 1 ליטר",יקבי ציון,IL,מיץ ענבים תירוש אדום,קילוגרמים,1.00,ליטר,false,,16.90,16.9000,true,1,6285
7290005174513,false,חציל אחלה במיונז 500 ג' אחלה+ 33% תוספת,מיוצר עי קונדיטוריית,IL,חציל במיונז אחלה 500,גרמים,500.00,100 גרם,false,,14.90,0.0298,true,1,12121
7290005200786,false,תפוצ'יפס שמנת ובצל 50 גרם,"שטראוס פריטו ליי בע""",IL,תפוציפס שמנת בצל 50,גרמים,50.00,100 גרם,false,,3.50,0.0700,true,1,12880
7290005287510,false,טונה בשמן עם בפלפל חריף 160 ג' סטארקיסט,תאי יוניון גרופ,TH,טונה בשמן פלפל חריף,גרמים,160.00,100 גרם,false,,6.90,0.0431,true,1,2517
7290005287527,false,טונה בשמן עם לימון 160 ג' סטארקיסט,תאי יוניון גרופ,TH,טונה בשמן לימון ס.ק,גרמים,160.00,100 גרם,false,,6.90,0.0431,true,1,2518
7290005287534,false,טונה בשמן עישון טבעי 160 ג' סטארקיסט,תאי יוניון גרופ,TH,טונה בשמן עישון טבעי,גרמים,160.00,100 גרם,false,,6.90,0.0431,true,1,2519
7290005287657,false,סטארקיסט ממרח טונה 160 ג',סטארקיסט,IL,ממרח טונה סטארקיסט 1,גרמים,160.00,100 גרם,false,,6.90,0.0431,true,1,2521
7290005325052,false,מארז ממתקים סביבון ק,,,מארז ממתקים סביבון ק,Unknown,0.00,יחידה,false,,0.90,0.0000,true,1,10251
7290005325403,false,מארז ממתקים סביבון ג,,,מארז ממתקים סביבון ג,Unknown,0.00,יחידה,false,,4.90,0.0000,true,1,10256
7290005325465,false,פקעלך,קינד,IL,פקעלך,Unknown,0.00,יחידה,false,,1.90,0.0000,true,1,10257
7290005325557,false,מארז ממתקים ענק,,,מארז ממתקים ענק,Unknown,0.00,יחידה,false,,3.90,0.0000,true,1,10260
7290005325618,false,מארז ממתקים ביג בול,,,מארז ממתקים ביג בול,Unknown,0.00,יחידה,false,,5.90,0.0000,true,1,10261
7290005326523,false,ממרח פסטו פטרוזיליה ונענע 180 ג' אוליביה,אוליביה,IL,ממרח פסטו פטרוזיליה,גרמים,180.00,100 גרם,false,,12.90,0.0717,true,1,14057
7290005358739,false,בשר ראש קפוא חלק,פריגוצאקו,,בשר ראש קפוא חלק,קילוגרמים,1.00,"ק""ג",true,,69.90,69.9000,true,1,8827
7290005358753,false,לשון בקר קפוא חלק,,,לשון בקר קפוא חלק,קילוגרמים,1.00,"ק""ג",true,,29.90,29.9000,true,1,8829
7290005358883,false,בשר מס 8 שריר קפוא ח,טאק טורו,,בשר מס 8 שריר קפוא ח,קילוגרמים,1.00,"ק""ג",true,,24.90,24.9000,true,1,8835
7290005359002,false,ממרח שוקולד טופז 400 גר',אינטרגאטה תעשיות מזו,IL,ממרח שוקולד טופז 400,גרמים,400.00,100 גרם,false,,4.90,0.0123,true,1,5066
7290005416019,false,חלב עיזים מחלבת טל 1,"ל.ד בר אל בע""מ",IL,חלב עיזים מחלבת טל 1,קילוגרמים,1.00,ליטר,false,,11.90,11.9000,true,1,7740
7290005416033,false,משקה יוגורט עיזים טל,"ל.ד בר אל בע""מ",IL,משקה יוגורט עיזים טל,מיליליטרים,500.00,"100 מ""ל",false,,14.80,0.0296,true,1,7741
7290005416095,false,גבינה עיזים 5% טל 20,"ל.ד בר אל בע""מ",IL,גבינה עיזים 5% טל 20,גרמים,200.00,100 גרם,false,,14.80,0.0740,true,1,7742
7290005416262,false,יוגורט עיזים ביו עם תות 3.5%,"ל.ד בר אל בע""מ",IL,משקה יוגורט עיזים תו,גרמים,200.00,100 גרם,false,,14.80,0.0740,true,1,7743
7290005416279,false,יוגורט עיזים ביו עם פירות יער 3.5%,"ל.ד בר אל בע""מ",IL,משקה יוגורט עיזים פי,גרמים,500.00,100 גרם,false,,14.80,0.0296,true,1,7744
7290005416286,false,יוגורט עיזים ביו עם אננס 3.5%,"ל.ד בר אל בע""מ",IL,משקה יוגורט עיזים אנ,מיליליטרים,500.00,"100 מ""ל",false,,14.80,0.0296,true,1,7745
7290005416293,false,יוגורט ביו מחלב עיזים עם אפרסק 3.5%,"ל.ד בר אל בע""מ",IL,משקה יוגורט עיזים מש,גרמים,200.00,100 גרם,false,,14.80,0.0740,true,1,7746
7290005416491,false,משקה יוגורט עיזים טל,מחלבת טל טלה,IL,משקה יוגורט עיזים טל,גרמים,750.00,100 גרם,false,,12.90,0.0172,true,1,7747
7290005418709,false,"נטורל קרם לחות לקיבוע תלתלים גלי 400 מ""ל",מיוצר עי אמיליה קוסמ,IL,קרם לחות נטורל לשיער,מיליליטרים,400.00,"100 מ""ל",false,,20.70,0.0517,true,1,3739
7290005418716,false,"נטורל - קרם לחות לבניית תלתלים עגולים 400 מ""ל",מיוצר עי אמיליה קוסמ,IL,קרם לחות נטורל לשיער,מיליליטרים,400.00,"100 מ""ל",false,,20.70,0.0517,true,1,3740
7290005423055,false,סנו פורטה פלוס מתז בניחות לימון 1 ל',"סנו מפעלי ברונוס בע""",IL,תרסיס פורטה פלוס לימ,קילוגרמים,1.00,ליטר,false,,16.90,16.9000,true,1,3741
7290005423253,false,"סנו - מקסימה מרסס למייבש כביסה אולטרה פרש 750 מ""ל","סנו מפעלי ברונוס בע""",IL,תרסיס מקסימה למייבש,מיליליטרים,750.00,"100 מ""ל",false,,16.90,0.0225,true,1,3742
7290005423567,false,מטליות לניקוי כללי בגליל 40 יח' סנו סושי,אסותא תעשיות אלבד בע,IL,מטליות לניקוי כללי ב,Unknown,0.00,יחידה,false,,18.90,0.0000,true,1,3744
7290005423734,false,סנו - מקסימה מרכך כביסה אולטרה פרש 4 ליטר,"סנו מפעלי ברונוס בע""",IL,מרכך מקסימה אולטרא פ,קילוגרמים,4.00,ליטר,false,,21.50,5.3750,true,1,3745
7290005423871,false,אורביטול שלשות משחת שיניים מנטול מרכז,טרופיקל דגיל תעשיות,IL,משחת אורביטול פלואור,גרמים,435.00,100 גרם,false,,15.90,0.0366,true,1,3746
7290005423918,false,סנו - מקסימה מרכך כביסה היפואלרגני אלוורה 4 ליטר,"סנו מפעלי ברונוס בע""",IL,מרכך מקסימה בייבי אל,קילוגרמים,4.00,ליטר,false,,21.50,5.3750,true,1,3747
7290005424205,false,ריצפז פלוס נוזל לרצפה דוחה חרקים 4 ל',סנו,IL,ריצפז + דוחה תיקנים,קילוגרמים,4.00,ליטר,false,,39.90,9.9750,true,1,3748
7290005424472,false,אורביטול מי פה להלבנת שיניים 1 ל',סנו,IL,מי פה אורביטול הלבנה,קילוגרמים,1.00,ליטר,false,,19.90,19.9000,true,1,3749
7290005424700,false,סנו - פורטה פלוס מרסס מסיר שומנים 1 ליטר,סנו,IL,תרסיס פורטה פלוס מסי,קילוגרמים,1.00,ליטר,false,,16.90,16.9000,true,1,3750
7290005424762,false,נוזל רצפות ריצפז ווקס דוחה חרקים 2 ליטר,"סנו מפעלי ברונוס בע""",IL,ריצפז + דוחה תיקנים,קילוגרמים,2.00,ליטר,false,,25.90,12.9500,true,1,3751
7290005424991,false,"פרש אוטומטיק בניחוח בייבי פאודר 250 מ""ל סנו",סנו פרש Fresh,IL,מבשם אויר סנו פרש או,מיליליטרים,250.00,"100 מ""ל",false,,12.90,0.0516,true,1,25940
7290005425110,false,"חיטוי משטחים 99.9% מתז מחטא ומשמיד 750 מ""ל","סנו מפעלי ברונוס בע""",IL,תרסיס סנו 99.9 חיטוי,מיליליטרים,750.00,"100 מ""ל",false,,14.90,0.0199,true,1,3754
7290005425646,false,סנו קליר ספריי אקדח לניקוי והברקת חלונות 1ל',"סנו מפעלי ברונוס בע""",IL,תרסיס סנוקליר 1 ליטר,קילוגרמים,1.00,ליטר,false,,9.90,9.9000,true,1,3756
7290005425912,false,אוקסיג'ן ג'ל מסיר כתמים 4 ל' סנו,סנו,IL,גל אוקסיגן 4 ליטר,קילוגרמים,4.00,ליטר,false,,29.90,7.4750,true,1,3757
7290005426018,false,אל סבון בייבי כיף 2,קוסמופארם,IL,אל סבון בייבי כיף 2,קילוגרמים,2.00,ליטר,false,,24.90,12.4500,true,1,3758
7290005426193,false,ספוג הפלא אריזת סנו 6יח',טרופיקל דגיל תעשיות,IL,ספוג הפלא סנו סושי 6,Unknown,0.00,יחידה,false,,9.90,0.0000,true,1,3759
7290005426230,false,מטלית הפלא לרצפה מיקרופייבר סנו 1יח',N.S.,IL,מטלית רצפה מיקרופייב,Unknown,0.00,יחידה,false,,11.70,0.0000,true,1,3760
7290005426568,false,"קרמה - קרם לחות לשיער רגיל 400 מ""ל",טרופיקל דגיל תעשיות,IL,קרם לחות קרמה לשיער,מיליליטרים,400.00,"100 מ""ל",false,,16.90,0.0422,true,1,3761
7290005426575,false,"קרמה לחות לשיער יבש ללא שטיפה 400 מ""ל",טרופיקל דגיל תעשיות,IL,קרם לחות קרמה לשיער,מיליליטרים,400.00,"100 מ""ל",false,,16.90,0.0422,true,1,3762
7290005426629,false,"סנו דואופרש אורן לוטוס ופרחי מים ודובדבן, 300 מ""ל",סנו,IL,מטהר סנו דאופרש דובד,מיליליטרים,300.00,"100 מ""ל",false,,9.90,0.0330,true,1,3763
7290005426803,false,סנו מקסימה מרכך כביסה פצ''ולי סגול 4 ל',קריות זול,,מ.כביסה מקסימה פצולי,קילוגרמים,4.00,ליטר,false,,21.50,5.3750,true,1,26350
7290005427633,false,"כיף גל לשיער לשיער חזק במיוחד 1 ק""ג",קוסמופארם,IL,גל כיף לעיצוב שיער 1,פריט,1.00,"ק""ג",false,,19.90,19.9000,true,1,3767
7290005427732,false,"כיף אלסבון 2ליטר ""מרכז""",קוסמופארם,IL,אלסבון כיף קמומיל 2,קילוגרמים,2.00,ליטר,false,,18.90,9.4500,true,1,3768
7290005427749,false,אל סבון אצות ים כיף 2 ל',טרופיקל דגיל תעשיות,IL,אלסבון כיף אצות ים 2,קילוגרמים,2.00,ליטר,false,,18.90,9.4500,true,1,3769
7290005427756,false,אלסבון כיף 2 ליטר אלוורה,קוסמופארם,IL,אלסבון כיף אלוורה 2,קילוגרמים,2.00,ליטר,false,,18.90,9.4500,true,1,3770
7290005427763,false,אל סבון ג'ינסנג כיף 2 ל',קוסמופארם,IL,אלסבון כיף גינסינג 2,קילוגרמים,2.00,ליטר,false,,18.90,9.4500,true,1,3771
7290005427770,false,"קרמה - קרם לחות לשיער לגבר 400 מ""ל",טרופיקל דגיל תעשיות,IL,קרם לחות קרמה לשיער,מיליליטרים,400.00,"100 מ""ל",false,,16.90,0.0422,true,1,3772
7290005427848,false,מטלית בגליל ורוד 40 יח' סנו סושי,קריות זול,IL,מטליות לניקוי כללי ב,Unknown,0.00,יחידה,false,,18.90,0.0000,true,1,3773
7290005429279,false,"אבקת כביסה מקסימה אפקט 6 ק""ג סנו",סנו,IL,אבקת מקסימה גאוול 6,פריט,6.00,"ק""ג",false,,44.90,7.4833,true,1,3774
7290005429286,false,"אבקת כביסה מקסימה ביו 6 ק""ג סנו",סנו,IL,"אבקת מקסימה ביו 6 ק""",פריט,6.00,"ק""ג",false,,44.90,7.4833,true,1,3775
7290005430602,false,"סנו - אוקסיג'ן מרסס מסיר כתמים 750 מ""ל","סנו מפעלי ברונוס בע""",IL,"תרסיס אוקסיגן 750 מ""",מיליליטרים,750.00,"100 מ""ל",false,,17.70,0.0236,true,1,3776
7290005437069,false,שמן זית למאור 1 ליטר טעמן,,,שמן זית למאור טעמן 1,קילוגרמים,1.00,ליטר,false,,19.90,19.9000,true,1,27555
7290005437502,false,פיטריות שמפיניון חתוך טעמן 400 גר',פרוצאמפ,NL,פטריות חתוכות טעמן 4,גרמים,400.00,100 גרם,false,,4.90,0.0123,true,1,5451
7290005437755,false,"פסטה צינורות 500 ג' בד""ץ טעמן",מוטלו,TR,פסטה צינורות טעמן 50,גרמים,500.00,100 גרם,false,,3.90,0.0078,true,1,25719
7290005437762,false,"פסטה ספירלה 500 ג' בד""ץ טעמן",מוטלו,TR,פסטה ספירלה טעמן 500,גרמים,500.00,100 גרם,false,,3.90,0.0078,true,1,5452
7290005437830,false,אננס שלם פרוסות במיץ 825 גר',פ.ת גרייט פנאפל,ID,לפתן אננס פרוס טעמן,גרמים,825.00,100 גרם,false,,9.90,0.0120,true,1,5454
7290005437861,false,קוקטייל פירות טרופי 900ג',פ.ת גרייט פנאפל,ID,לפתן קוקטייל טעמן 90,גרמים,900.00,100 גרם,false,,11.90,0.0132,true,1,5455
7290005437939,false,פסטה ספגטיני 500 גר' טעמן,,,ספגטיני טעמן 500 גרם,גרמים,500.00,100 גרם,false,,3.90,0.0078,true,1,25720
7290005437946,false,פסטה ספגטי טעמן 500 גר',,,ספגטי טעמן 500 גרם,גרמים,500.00,100 גרם,false,,3.90,0.0078,true,1,25721
7290005559990,false,בצק פילאס תורכי מעדנות 600 גרם,מיוצר עי קונדיטוריית,IL,בצק פילאס תורכי מעדנ,גרמים,600.00,100 גרם,false,,19.90,0.0332,true,1,13573
7290005576010,false,חסה ערבית גלאט,רביבים,IL,חסה ערבית גלאט,Unknown,0.00,יחידה,false,,7.90,0.0000,true,1,20158
7290005576027,false,פטרוזיליה גלאט עלים,רביבים,IL,פטרוזיליה מהדרין,Unknown,0.00,יחידה,false,,6.90,0.0000,true,1,20159
7290005576034,false,כוסברה גלאט עלים,רביבים,IL,כוסברה מהדרין,Unknown,0.00,יחידה,false,,6.90,0.0000,true,1,20160
7290005576041,false,שמיר גלאט עלים,רביבים,IL,שמיר מהדרין,Unknown,0.00,יחידה,false,,6.90,0.0000,true,1,20161
7290005576065,false,סלרי גלאט עלים,רביבים,IL,סלרי מהדרין,Unknown,0.00,יחידה,false,,7.90,0.0000,true,1,20163
7290005576089,false,בצל ירוק גלאט עלים,רביבים,IL,בצל ירוק גלאט,Unknown,0.00,יחידה,false,,7.90,0.0000,true,1,20165
7290005576096,false,כרוב לבן גלאט עלים,רביבים,IL,כרוב לבן גלאט עלים,קילוגרמים,1.00,"ק""ג",true,,13.90,13.9000,true,1,20166
7290005576171,false,כרוב אדום גלאט עלים,רביבים,IL,כרוב אדום גלאט עלים,קילוגרמים,1.00,"ק""ג",true,,13.90,13.9000,true,1,20168
7290005576195,false,לבבות חסה רביבים 250 גר',רביבים,IL,לבבות חסה גלאט עלים,גרמים,200.00,100 גרם,false,,13.90,0.0695,true,1,27990
7290005576966,false,"סלרי גלאט עלים בד""צ",רביבים,IL,סלרי עלים,Unknown,0.00,יחידה,false,,7.90,0.0000,true,1,20192
7290005610127,false,תפו`א גורמה לבן דוד,אראל תוצרת חקלאית בע,IL,תפוח אדמה גורמה,Unknown,0.00,יחידה,false,,9.90,0.0000,true,1,14717
7290005680052,false,או-בה טמפון קלאסי סופר פלוס 32יח',גונסון אנד גונסון,GR,טמפונים אובה פרוקומפ,Unknown,0.00,יחידה,false,,19.90,0.0000,true,1,12959
7290005838002,false,מעדן גבינה ויוגורט בטעם וניל 88 ג' דניאלה,"שטראוס בריאות בע""מ",IL,דניאלה וניל 88 גרם,גרמים,88.00,100 גרם,false,,3.90,0.0443,true,1,12122
7290005838613,false,שטראוס גבינת וניל 3% 125ג,"שטראוס בריאות בע""מ",IL,מעדן גבינה בטעם וניל,גרמים,125.00,100 גרם,false,,3.70,0.0296,true,1,12123
7290005839078,false,"דנונה יוגורט ביו 3% לבן מארז 150X8מ""ל",מיוצר עי קונדיטוריית,IL,מארז יוגורט פרוביוטי,קילוגרמים,1.20,ליטר,false,,15.90,13.2500,true,1,12124
7290005839108,false,סימפוניה 5% עם זיתים 200 ג' שטראוס,"שטראוס בריאות בע""מ",IL,גבינת שמנת זיתים 5%,גרמים,200.00,100 גרם,false,,9.70,0.0485,true,1,12125
7290005877254,false,פילה עוף טרי עוף גלי,,,פילה עוף טרי כשר,קילוגרמים,1.00,"ק""ג",true,,29.90,29.9000,true,1,8575
7290005877278,false,עוף שלם טרי ארוז,,,עוף שלם טרי כשר,קילוגרמים,1.00,"ק""ג",true,,15.90,15.9000,true,1,8577
7290005896439,false,"בירה מכבי בקבוק חוזר 500 מ""ל","טמפו משקאות בע""מ",IL,בירה מכבי ב.חוזר 5%,מיליליטרים,500.00,"100 מ""ל",false,,6.90,0.0138,true,1,5350
7290006065049,false,בלו פיש פילה באס יפני 5-7 (לברק),,IL,פילה לברק הדייג שלי,קילוגרמים,1.00,"ק""ג",true,,42.90,42.9000,true,1,26626
7290006199027,false,שלגוני גלידל שמינייה,הגלידות של פלדמן,IL,מאגדת גלידל שלגון ב,גרמים,400.00,100 גרם,false,,20.90,0.0522,true,1,27719
7290006214003,false,חלבה ממולאת תפזורת,אל מנאר,JO,חלוה ממולאת במשקל,קילוגרמים,1.00,"ק""ג",true,,59.00,59.0000,true,1,16707
7290006222497,false,פקאן מצופה בטעמים במ,שקדיה,IL,פקאן מצופה בטעמים במ,קילוגרמים,1.00,"ק""ג",true,,99.00,99.0000,true,1,16708
7290006222503,false,בונדוק מצופה בטעמים,דין שיווק,TR,בונדוק מצופה בטעמים,קילוגרמים,1.00,"ק""ג",true,,99.00,99.0000,true,1,16709
7290006241504,false,פריגת תפוזים קפוא 345 גרם,פריגת מצוננים,IL,תרכיז תפוזים קפוא פר,גרמים,345.00,100 גרם,false,,9.90,0.0287,true,1,4448
7290006241511,false,"פריגת קפוא לימון נענע 280 מ""ל",היינץ צפון אמריקה מק,IL,תרכיז לימונענע קפוא,גרמים,340.00,100 גרם,false,,9.90,0.0291,true,1,4449
7290006241535,false,תרכיז מנגו קפוא פריג,היינץ צפון אמריקה מק,IL,תרכיז מנגו קפוא פריג,גרמים,350.00,100 גרם,false,,9.90,0.0283,true,1,4450
7290006251275,false,תה ויסוצקי ירוק סיני 25יח',קריות זול,IL,תה ירוק סיני 25 שקיק,גרמים,38.00,100 גרם,false,,22.90,0.6026,true,1,14058
7290006251343,false,תה חליטה הגן הקסום פסיפלורה מנגו 25 שקיקים,קריות זול,IL,תה פסיפלורה מנגו הגן,גרמים,63.00,100 גרם,false,,17.50,0.2778,true,1,14059
7290006251374,false,תה ירוק לימונית וגינגר 25 שקיקים ויסוצקי,קריות זול,IL,תה ירוק לימונית וגינ,גרמים,38.00,100 גרם,false,,22.90,0.6026,true,1,14060
7290006251589,false,תה ירוק עם עלי נענע 50 שקיקים ויסוצקי,בית ויסוצקי,IL,תה ירוק נענע 50 שקיק,גרמים,75.00,100 גרם,false,,36.90,0.4920,true,1,14061
7290006265500,false,פטריות שמפיניון ארוז מרינה,"מרינה פטריות הגליל בע""מ",IL,פטריות שמפיניון ארוז,Unknown,0.00,יחידה,false,,8.90,0.0000,true,1,19998
7290006265548,false,נבטים סינים מרינה ארוז 360ג',"מרינה פטריות הגליל בע""מ",IL,נבטים סינים יח,Unknown,0.00,יחידה,false,,5.90,0.0000,true,1,20022
7290006265890,false,נבטי גרעיני חמניה יח,"מרינה פטריות הגליל בע""מ",IL,נבטי חמניה יח,Unknown,0.00,יחידה,false,,8.90,0.0000,true,1,20023
7290006271181,false,מעדנות גחנון אפוי 750 גרם,מיוצר עי קונדיטוריית,IL,גחנון אפוי מעדנות 75,גרמים,750.00,100 גרם,false,,21.90,0.0292,true,1,13574
7290006271648,false,"מיני בורקס תפו""א 800 ג' מעדנות","מעדנות בע""מ",IL,מיני בורקס תפוא מעדנ,גרמים,800.00,100 גרם,false,,19.90,0.0249,true,1,13575
7290006271655,false,מיני בורקס גבינה 800 ג' מעדנות,מיוצר עי קונדיטוריית,IL,מיני בורקס גבינה מעד,גרמים,800.00,100 גרם,false,,19.90,0.0249,true,1,13576
7290006299048,false,יין ג'וזף רזרב 2019,יקב ג'ודואה,IL,יין ג'וזף רזרב 2019,מיליליטרים,750.00,"100 מ""ל",false,,109.90,0.1465,true,1,7479
7290006299604,false,יין ירושלים קולקשיין,אנטי פוד משקאות,IL,יין ירושלים קולקשיין,מיליליטרים,750.00,"100 מ""ל",false,,69.90,0.0932,true,1,976
7290006306296,false,רביולי לורנצו גבינה 400ג' פסטה נונה,פסטנונה רמת דלטון מר,IL,רביולי גבינה נונה 40,גרמים,400.00,100 גרם,false,,19.90,0.0497,true,1,7090
7290006306302,false,רביולי במילוי גבינות פרמזן ריקוטה 400 ג' פסטה נונה,דורום תעשיות מזון ופ,IL,רביולי פרמזן וריקוטה,גרמים,400.00,100 גרם,false,,19.90,0.0497,true,1,7091
7290006306319,false,רביולי במילוי בטטה 400 ג' פסטה נונה,דורום תעשיות מזון ופ,IL,רביולי בטטה נונה 400,גרמים,400.00,100 גרם,false,,19.90,0.0497,true,1,7092
7290006306326,false,רביולי במילוי פטריות וגבינת פרמזן פסטה נונה 400 ג',דורום תעשיות מזון ופ,IL,רביולי פטריות ופרמזן,גרמים,400.00,100 גרם,false,,19.90,0.0497,true,1,7093
7290006306333,false,רביולי במילוי תרד וגבינת ריקוטה פסטה נונה 400 ג',פסטה נונה Pasta Nonn,IL,רביולי תרד וריקוטה נ,גרמים,400.00,100 גרם,false,,19.90,0.0497,true,1,7094
7290006306357,false,רביולי במילוי גבינת עיזים 400 ג' פסטה נונה,דורום תעשיות מזון ופ,IL,רביולי גבינת עיזים נ,גרמים,400.00,100 גרם,false,,19.90,0.0497,true,1,7095
7290006342447,false,גרעיני אבטיח ששון הק,דין שיווק,IL,גרעין אבטיח 200 גרם,גרמים,200.00,100 גרם,false,,12.40,0.0620,true,1,16799
7290006342645,false,טורטיה גדולה 840 גר' 12 יח,אלקטי קוראבייכיסיגיד,TR,טורטיות 12*70 גרם,מיליליטרים,840.00,"100 מ""ל",false,,14.90,0.0177,true,1,16800
7290006374653,false,דבש לייט מופחת קלוריות יד מרדכי 350 ג',קריות זול,IL,דבש לייט יד מרדכי 35,גרמים,350.00,100 גרם,false,,24.90,0.0711,true,1,12465
7290006374660,false,שמן זית קלאסי יד מרד,מכוורת יד מרדכי שטרא,IL,שמן זית קלאסי יד מרד,קילוגרמים,1.00,ליטר,false,,39.90,39.9000,true,1,12466
7290006374738,false,קונפיטורה תות 340 ג' יד מרדכי,אף.סי תבליני בגליל ב,IL,קונפיטורה תות יד מרד,גרמים,340.00,100 גרם,false,,9.70,0.0285,true,1,12467
7290006411334,false,פרוביוטיקה FOS 24 כמ,,,פרוביוטיקה FOS 24 כמ,Unknown,0.00,יחידה,false,,39.90,0.0000,true,1,24940
7290006429506,false,חצאי אפרסק טעמן 900 ג,,,לפתן אפרסק טעמן 820,גרמים,820.00,100 גרם,false,,9.70,0.0118,true,1,5457
7290006449955,false,מלפפון בייבי מארז,"מרינה פטריות הגליל בע""מ",IL,מלפפון בייבי מארז,Unknown,0.00,יחידה,false,,8.90,0.0000,true,1,20024
7290006492432,false,גבינת מוצרלה בייבי 18% 300 ג' גד,מחלבות גד בעמ,IL,גבינת מוצרלה בייבי 1,גרמים,150.00,100 גרם,false,,9.90,0.0660,true,1,7096
7290006492685,false,לאבנה עיזים 5% 250 גרם - רובין,מחלבות גד בעמ,IL,לאבנה עיזים 5% גד 25,גרמים,250.00,100 גרם,false,,17.90,0.0716,true,1,7098
7290006492852,false,גבינת עיזים למריחה 5% שומן 250 ג' גד,קריות זול,IL,גבינה עיזים 5% גד 25,גרמים,250.00,100 גרם,false,,17.90,0.0716,true,1,7100
7290006560964,false,מגש מלבן שקוף 5 יח,בי רייט,CN,מגש מלבן שקוף 5 יח,Unknown,0.00,יחידה,false,,19.90,0.0000,true,1,4170
7290006561022,false,מגש מחולק ל - 4 שקוף,הנג טונג,CN,מגש מחולק ל - 4 שקוף,Unknown,0.00,יחידה,false,,19.90,0.0000,true,1,4174
7290006561039,false,קערה מרובעת שקופה קט,הנג טונג,CN,קערה מרובעת שקופה קט,Unknown,0.00,יחידה,false,,19.90,0.0000,true,1,4175
7290006561121,false,קערה 2 פסים ענקית לס,הנג טונג,CN,קערה 2 פסים ענקית לס,Unknown,0.00,יחידה,false,,19.90,0.0000,true,1,4177
7290006561138,false,קערה 3 פסים קטנות לס,הנג טונג,CN,קערה 3 פסים קטנות לס,Unknown,0.00,יחידה,false,,19.90,0.0000,true,1,4178
7290006582355,false,סילאן דבש תמרים כשר,"דין שיווק וקליה בע""מ",IL,סילאן שקדיה 900 גרם,גרמים,900.00,100 גרם,false,,9.90,0.0110,true,1,16801
7290006664051,false,"אקטימל לבן מארז 100X14 מ""ל",מיוצר עי קונדיטוריית,IL,אקטימל דנונה 14*100,קילוגרמים,1.40,ליטר,false,,28.90,20.6429,true,1,12127
7290006664310,false,גבינה לבנה 3% שומן 250 ג' שטראוס,מיוצר עי קונדיטוריית,IL,גבינה 3% סקי 250 גרם,גרמים,250.00,100 גרם,false,,4.90,0.0196,true,1,12128
7290006664402,false,גבינה 5% שומן 750 ג' שטראוס,מיוצר עי קונדיטוריית,IL,גבינה 5% סקי 750 גרם,גרמים,750.00,100 גרם,false,,12.90,0.0172,true,1,12129
7290006664532,false,יוגורט עם תות 3% שומן 150 ג' דנונה,מיוצר עי קונדיטוריית,IL,דנונה פרי תות 150 גר,גרמים,150.00,100 גרם,false,,3.50,0.0233,true,1,12130
7290006664655,false,"אקטימל לבן טבעי מארז 100X8 מ""ל",מיוצר עי קונדיטוריית,IL,אקטימל דנונה 8*100 מ,מיליליטרים,800.00,"100 מ""ל",false,,19.50,0.0244,true,1,12131
7290006664693,false,יוגורט עם אפרסק 3% שומן 150 ג' דנונה,מיוצר עי קונדיטוריית,IL,דנונה פרי אפרסק 150,מיליליטרים,150.00,"100 מ""ל",false,,3.50,0.0233,true,1,12132
7290006664990,false,דנונה ביו מארז חיסכון 1.5% 8 יח' *150 ג',מיוצר עי קונדיטוריית,IL,מארז יוגורט פרוביוטי,קילוגרמים,1.20,ליטר,false,,15.90,13.2500,true,1,12133
7290006681553,false,שטראוס קרמבו ווניל 8יח,"גלידת שטראוס בע""מ",IL,קרמבו וניל שטראוס 8,גרמים,200.00,100 גרם,false,,12.90,0.0645,true,1,11959
7290006681560,false,שטראוס קרמבו מוקה 8יח,"גלידת שטראוס בע""מ",IL,קרמבו מוקה שטראוס 8,גרמים,200.00,100 גרם,false,,12.90,0.0645,true,1,11960
7290006696717,false,יקבי אפרת תירוש מוסקט לבן 1 ליטר,יקב טפרברג 1870 בעמ,IL,תירוש לבן אפרת 1 ליט,קילוגרמים,1.00,ליטר,false,,12.90,12.9000,true,1,26106
7290006704542,false,תרד נספק יח,"מרינה פטריות הגליל בע""מ",IL,תרד נספק יח,Unknown,0.00,יחידה,false,,9.90,0.0000,true,1,20036
7290006704757,false,סלרי ראש יח',"מרינה פטריות הגליל בע""מ",IL,סלרי ראש יח',Unknown,0.00,יחידה,false,,6.90,0.0000,true,1,22220
7290006704788,false,זוקיני יח,אראל תוצרת חקלאית בע,IL,זוקיני יח,Unknown,0.00,יחידה,false,,7.90,0.0000,true,1,14722
7290006712981,false,"קולגייט משחת שיניים סמיילס לגילאי 6 50 מ""ל",הנסיך- מפעל לייצור ט,PL,משחת קולגייט ילדים ב,מיליליטרים,50.00,"100 מ""ל",false,,11.90,0.2380,true,1,12960
7290006730084,false,פופסים פופלי אייס להקפאה 8יח',קלית סיטבון בעמ,IL,שלוקים פופלי אייס 8,מיליליטרים,800.00,"100 מ""ל",false,,5.90,0.0074,true,1,11401
7290006730268,false,טרופיק פקק 40 יח,קלית סיטבון בעמ,IL,טרופיק פקק 40 יח,קילוגרמים,8.00,ליטר,false,,39.90,4.9875,true,1,11403
7290006730398,false,טרופיק קש 40 יח,קלית סיטבון בעמ,IL,טרופיק קש 40 יח,קילוגרמים,8.00,ליטר,false,,29.90,3.7375,true,1,11404
7290006739131,false,בצק גולמי פילו זוגלובק 500ג',מאפיית אריאל,IL,בצק פילו זוגלובק 500,גרמים,500.00,100 גרם,false,,12.90,0.0258,true,1,4786
7290006739407,false,שניצל תירס לייט 630 ג' זוגלובק,נקניק נהריה כשר זוגל,IL,שניצל תירס לייט זוגל,גרמים,630.00,100 גרם,false,,19.90,0.0316,true,1,4788
7290006739414,false,סלמי קוניאק 300 ג' זוגלובק,נקניק נהריה כשר זוגל,IL,סלמי קוניאק זוגלובק,גרמים,300.00,100 גרם,false,,24.90,0.0830,true,1,4789
7290006739421,false,סלמי מעושן איטלקי 300 ג' זוגלובק,נקניק נהריה כשר זוגל,IL,סלמי מעושן איטלקי זו,גרמים,300.00,100 גרם,false,,24.90,0.0830,true,1,4790
7290006739445,false,שניצל תירס קלאסי 750 ג' זוגלובק,נקניק נהריה כשר זוגל,IL,שניצל תירס זוגלובק 7,גרמים,750.00,100 גרם,false,,24.90,0.0332,true,1,4791
7290006741363,false,"בורקס תפו""א זוגלובק בד""צ 800ג'",מאפיית אריאל וגידרון,IL,בורקס תפוא זוגלובק 8,גרמים,800.00,100 גרם,false,,13.90,0.0174,true,1,4795
7290006741387,false,"מלאווח תימני זוגלובק 700 ג' בד""צ",נקניק נהריה כשר זוגל,IL,מלוואח זוגלובק 700 ג,גרמים,700.00,100 גרם,false,,12.90,0.0184,true,1,4796
7290006742278,false,פסטרמה הודו צלויה על לבנים 330 ג' זוגלובק,נקניק נהריה כשר זוגל,IL,פסטרמה צלויה על לבני,גרמים,330.00,100 גרם,false,,25.90,0.0785,true,1,4797
7290006742315,false,פסטרמה חזה הודו ברביקיו זוגלובק 330 ג',נקניק נהריה כשר זוגל,IL,פסטרמה ברביקיו זוגלו,גרמים,330.00,100 גרם,false,,25.90,0.0785,true,1,4799
7290006764065,false,"בירה נשר מאלט בקבוק חוזר 500 מ""ל","טמפו משקאות בע""ם.",IL,בירה נשר מאלט ב.חוזר,מיליליטרים,500.00,"100 מ""ל",false,,4.80,0.0096,true,1,5352
7290006764072,false,"גולדסטאר בירה בק חוזר 500 מ""ל","טמפו משקאות בע""מ",IL,בירה גולדסטאר ב.חוזר,מיליליטרים,500.00,"100 מ""ל",false,,7.90,0.0158,true,1,5353
7290006764157,false,"בירה גולדסטאר לא מסונן חוזר 500 מ""ל",טמפו משקאות בע''מ,IL,בירה גולדסטאר לא מסו,מיליליטרים,500.00,"100 מ""ל",false,,7.90,0.0158,true,1,5357
7290006765000,false,טורטיות חיטה מלאה 8יח 540 ג',אלקטי קוראבייכיסיגיד,TR,טורטיות חיטה מלאה 12,גרמים,540.00,100 גרם,false,,9.90,0.0183,true,1,16803
7290006775016,false,עוגה מבית טוב 450 גרם תפוז,אחדות ביחר לטחינה חל,IL,עוגת תפוז אחוה 450 ג,גרמים,450.00,100 גרם,false,,9.80,0.0218,true,1,30
7290006775023,false,"עוגה מבית טוב"" 450 גרם אנגלית",אחדות ביחר לטחינה חל,IL,עוגה אנגלית אחוה 450,גרמים,450.00,100 גרם,false,,9.80,0.0218,true,1,31
7290006775030,false,"עוגה מבית טוב"" 450 גרם שוקו-ציפס",אחדות ביחר לטחינה חל,IL,עוגת שוקולד ציפס אחו,גרמים,450.00,100 גרם,false,,9.80,0.0218,true,1,32
7290006775047,false,"עוגה מבית טוב"" 450 גרם שוקולד",אחדות ביחר לטחינה חל,IL,עוגת שוקולד אחוה 450,גרמים,450.00,100 גרם,false,,9.80,0.0218,true,1,33
7290006775054,false,עוגת שיש אחווה 450 ג' אחוה,אחדות ביחר לטחינה חל,IL,עוגת שיש אחוה 450 גר,גרמים,450.00,100 גרם,false,,9.80,0.0218,true,1,34
7290006775085,false,עוגת שמרים במילוי שוקולד 400גר,אחדות ביחר לטחינה חל,IL,עוגת שמרים שוקולד אח,גרמים,400.00,100 גרם,false,,9.80,0.0245,true,1,36
7290006775191,false,מאפין ממולא בטעם שוקולד 50 גרם אחוה,אחדות ביחר לטחינה חל,IL,מאפין במילוי שוקולד,גרמים,50.00,100 גרם,false,,1.30,0.0260,true,1,37
7290006775306,false,מאפינס אישי וניל במילוי תות אחווה 50ג',אחדות ביחר לטחינה חל,IL,מאפין במילוי תות אחו,גרמים,50.00,100 גרם,false,,1.30,0.0260,true,1,39
7290006775337,false,עוגת שמרים פרג 400 ג אחוה,אחדות ביחר לטחינה חל,IL,עוגת שמרים פרג אחוה,גרמים,400.00,100 גרם,false,,9.80,0.0245,true,1,40
7290006775344,false,עוגת שמרים קינמון ואגוזי מלך 400 גרם,אחדות ביחר לטחינה חל,IL,עוגת שמרים במילוי קר,גרמים,400.00,100 גרם,false,,9.80,0.0245,true,1,41
7290006775764,false,"עוגת שוקוצ'יפס לל""ס אחדות 400 גר'",אחדות ביחר לטחינה חל,IL,עוגת שוקולד ציפס ללא,גרמים,400.00,100 גרם,false,,10.90,0.0273,true,1,43
7290006775801,false,אחווה רוגעלך שוקולד 400 גר,אחדות ביחר לטחינה חל,IL,רוגעלך בטעם שוקולד א,גרמים,400.00,100 גרם,false,,5.90,0.0148,true,1,44
7290006788429,false,"קרליין - נושם סאן רייס דאודורנט רול און לאישה כתום 75 מ""ל",אמיליה קוסמטיקס בעמ,IL,דאו רול און קרליין ס,גרמים,75.00,100 גרם,false,,11.70,0.1560,true,1,3787
7290006788436,false,"קרליין - נושם פיור דאודורנט רול און לאישה ורוד 75 מ""ל",משווק: קוסמופארם בעמ,IL,דאו רול און קרליין פ,גרמים,75.00,100 גרם,false,,11.70,0.1560,true,1,3788
7290006788443,false,"קרליין - נושם אוקסיג'ן דאודורנט רול און לאישה סגול 75 מ""ל",מולינו ניקולי s.p.a,IL,דאו רול און קרליין א,גרמים,75.00,100 גרם,false,,11.70,0.1560,true,1,3789
7290006788498,false,"קרליין - נושם פיור דאודורנט ספריי לאישה ורוד 200 מ""ל",מיוצר עי : אמיליה קו,IL,דאו ספריי קרליין נוש,מיליליטרים,200.00,"100 מ""ל",false,,11.70,0.0585,true,1,3790
7290006788504,false,"קרליין - נושם אוקסיג'ן דאודורנט ספריי לאישה סגול 200 מ""ל",מיוצר עי : אמיליה קו,IL,דאו ספריי קרליין נוש,מיליליטרים,200.00,"100 מ""ל",false,,11.70,0.0585,true,1,3791
7290006805355,false,תערובת להכנת כדורי שוקולד פילסברי 500ג',הדקלאים אגודת שיתופי,IL,תערובת להכנת כדורי ש,גרמים,500.00,100 גרם,false,,15.90,0.0318,true,1,6620
7290006805850,false,תערובת להכנת פנקייקס 500ג' פילסברי,הדקלאים אגודת שיתופי,IL,תערובת להכנת פנקייק,גרמים,500.00,100 גרם,false,,15.90,0.0318,true,1,6621
7290006822192,false,מיץ חמוציות דיאט אושן ספריי 1 ליטר,מבשלות בירה בינלאומי,IL,נקטר חמוציות דיאט או,קילוגרמים,1.00,ליטר,false,,10.90,10.9000,true,1,4006
7290006983152,false,קרוטונים מתובלים למרק 400 ג' אסם,עינת תעשיות מזון,IL,קרוטונים למרק אסם 40,גרמים,400.00,100 גרם,false,,17.90,0.0447,true,1,467
7290006983176,false,אוסם - לחמית שיפון 250 גרם,"אסם השקעות בע""מ",IL,לחמית שיפון 230 גרם,גרמים,230.00,100 גרם,false,,7.90,0.0343,true,1,468
7290006983206,false,אסם תערובת פלאפל בקלי קלות 180גר,"אסם השקעות בע""מ",IL,אבקת פלאפל אסם 180 ג,גרמים,180.00,100 גרם,false,,9.50,0.0528,true,1,469
7290006983527,false,עוגת הבית תפוחי עץ עם פירורים 400 ג' אסם,מיוצר עי קונדיטוריית,IL,עוגת תפוח עץ פרורים,גרמים,400.00,100 גרם,false,,14.90,0.0373,true,1,470
7290006983770,false,עוגת הבית שיש 400 ג' אסם,מיוצר עי קונדיטוריית,IL,עוגת שיש אסם 400 גרם,גרמים,400.00,100 גרם,false,,10.90,0.0273,true,1,472
7290006983787,false,עוגת הבית שוקוציפס 400 גרם אסם,מיוצר עי קונדיטוריית,IL,עוגת שוקולד ציפס אסם,גרמים,400.00,100 גרם,false,,10.90,0.0273,true,1,473
7290006983794,false,עוגת הבית תפוז 400 ג' אסם,מיוצר עי קונדיטוריית,IL,עוגת תפוז אסם 380 גר,גרמים,400.00,100 גרם,false,,10.90,0.0273,true,1,474
7290006992161,false,מטרנה - דייסת קורנפלור פרוביוטי 200 גרם,מולינו ניקולי s.p.a,IL,דייסת קורנפלור מטרנה,גרמים,200.00,100 גרם,false,,12.90,0.0645,true,1,923
7290006992185,false,"מטרנה - דייסת אורז פרוביוטי כשל""פ 200 גרם",מולינו ניקולי s.p.a,IL,דייסת אורז מטרנה 200,גרמים,200.00,100 גרם,false,,12.90,0.0645,true,1,924
7290006992208,false,מטרנה - דייסת דגנים מעורבים 200 גרם,מטרנה תעשיות ש.מ,IL,דייסת דגנים מעורבים,גרמים,200.00,100 גרם,false,,12.90,0.0645,true,1,925
7290006992390,false,"מטרנה - דייסת וניל פרוביוטי כשל""פ 200 גרם",מולינו ניקולי s.p.a,IL,דייסת וניל מטרנה 200,גרמים,200.00,100 גרם,false,,12.90,0.0645,true,1,926
7290008154222,false,שניצלונים עוף טוב 700 גרם,מולינו ניקולי s.p.a,IL,שניצלונים עוף טוב 70,גרמים,700.00,100 גרם,false,,12.70,0.0181,true,1,279
7290008175692,false,וילי פוד נודלס אטר.ביצים להקפצה בדץ 400ג,פוגיאן לונגאי,TH,נודלס אטריות ביצים ל,גרמים,400.00,100 גרם,false,,6.90,0.0173,true,1,2156
7290008190985,false,סוכריות על מקל בטעם,כרמית תעשיות ממתקים,IL,סוכריות על מקל בטעם,גרמים,500.00,100 גרם,false,,12.90,0.0258,true,1,6573
7290008194266,false,מארזים מתוקים א.אטיא,ממתקי השלום,IL,חטיפים מעורב 350 גרם,גרמים,350.00,100 גרם,false,,12.90,0.0369,true,1,7673
7290008194839,false,חטיפים מצופים אטיאס,ממתקי השלום,IL,חטיפים מצופים 300 גר,גרמים,300.00,100 גרם,false,,12.90,0.0430,true,1,7678
7290008257008,false,מסרק סמיך שיני נחושת,אריסטוקרט,CN,מסרק סמיך אריסטוקרט,Unknown,0.00,יחידה,false,,10.90,0.0000,true,1,223
7290008257138,false,פטמות איקס לבקבוק צר שלישייה,אריסטוקרט,,פטמות לבקבוק צר אריס,Unknown,0.00,יחידה,false,,4.90,0.0000,true,1,18049
7290008257169,false,פלסטר אריסטוקרט 100,אריסטוקרט,CN,פלסטר אריסטוקרט 100,Unknown,0.00,יחידה,false,,6.90,0.0000,true,1,226
7290008257206,false,מברשת לניקוי בקבוקים,אריסטוקרט,,מברשת לניקוי בקבוקים,Unknown,0.00,יחידה,false,,4.90,0.0000,true,1,18051
7290008257244,false,מברשת + מסרק לתינוק,אריסטוקרט,,מברשת + מסרק לתינוק,Unknown,0.00,יחידה,false,,7.90,0.0000,true,1,18053
7290008257305,false,"מוצץ צוציק סיליקון קצר S זוג""מרכז""",אריסטוקרט,,מוצץ סיליקון קטן ארי,Unknown,0.00,יחידה,false,,13.90,0.0000,true,1,18056
7290008257558,false,מבריק נעליים ספוד דו צדדי,אריסטוקרט,TR,מבריק נעליים אריסטוק,Unknown,0.00,יחידה,false,,5.90,0.0000,true,1,228
7290008257688,false,נשכן קרור דוגמאות שונות,אריסטוקרט,,נשכן לתינוק אריסטוקר,Unknown,0.00,יחידה,false,,6.90,0.0000,true,1,18059
7290008257909,false,"משחת נעליים נוזל שחור 80 מ""ל",אריסטוקרט,TR,נוזל נעליים אריסטוקר,מיליליטרים,75.00,"100 מ""ל",false,,4.90,0.0653,true,1,230
7290008335553,false,קובה בשר ש. האופים 6,האי נאם סי או אל.טי.,IL,קובה בשר ש. האופים 6,גרמים,600.00,100 גרם,false,,7.90,0.0132,true,1,8842
7290008335560,false,סיגרים בשר ש. האופים,האי נאם סי או אל.טי.,IL,סיגרים בשר ש. האופים,גרמים,600.00,100 גרם,false,,7.90,0.0132,true,1,8843
7290008335577,false,פסטלים תפוא ש. האופי,האי נאם סי או אל.טי.,IL,פסטלים תפוא ש. האופי,גרמים,600.00,100 גרם,false,,7.90,0.0132,true,1,8844
7290008336796,false,בשר ראש חלק קפוא (נטו),פריגוצאי,,בשר ראש קפוא טאק טור,קילוגרמים,1.00,"ק""ג",true,,69.90,69.9000,true,1,8847
7290008343466,false,בצק פילו 500 ג' שלושת האופים,כלורוקס אוקלנד,IL,בצק פילו ש.האופים 50,גרמים,500.00,100 גרם,false,,16.90,0.0338,true,1,8852
7290008343503,false,גחנון אפוי 650 גר' שלושת האופים קהילות,שלושת האופים,IL,גחנון ש.האופים 650 ג,גרמים,650.00,100 גרם,false,,16.90,0.0260,true,1,8853
7290008343558,false,"סיגרים בשר שלושת האופים 1 ק""ג",שלושת האופים,IL,סיגרים בשר ש.האופים,פריט,1.00,"ק""ג",false,,18.90,18.9000,true,1,8854
7290008343565,false,"סיגרים תפו""א 1 ק""ג שלושת האופים",שלושת האופים,IL,סיגרים תפוא ש.האופים,פריט,1.00,"ק""ג",false,,18.90,18.9000,true,1,8855
7290008343572,false,"אגרול סיני 1 ק""ג שלושת האופים",שלושת האופים,IL,אגרול סיני ש.האופים,פריט,1.00,"ק""ג",false,,18.90,18.9000,true,1,8856
7290008343602,false,"קובה בשר 1 ק""ג שלושת האופים",שלושת האופים,IL,קובה בשר ש.האופים 1,פריט,1.00,"ק""ג",false,,18.90,18.9000,true,1,8857
7290008343619,false,"פסטלים תפו""א שלושת האופים 1 ק""ג",שלושת האופים,IL,פסטלים תפוא ש.האופים,פריט,1.00,"ק""ג",false,,18.90,18.9000,true,1,8858
7290008343626,false,"כדורי פלאפל 1 ק""ג שלושת האופים",שלושת האופים,IL,כדורי פלאפל ש.האופים,פריט,1.00,"ק""ג",false,,18.90,18.9000,true,1,8859
7290008345156,false,פילה מקרוסקה ואקום ד,נטו מלינדה סיימן,IL,פילה מקרוסקה דלידג ב,קילוגרמים,1.00,"ק""ג",true,,93.90,93.9000,true,1,8587
7290008345163,false,מקרל שלם מעושן דלידג,דלידג,IL,מקרל שלם מעושן דלידג,קילוגרמים,1.00,"ק""ג",true,,88.90,88.9000,true,1,8588
7290008345170,false,מקרל חצאים מעושן דלי,נטו מלינדה סיימן,IL,מקרל חצאים מעושן דלי,קילוגרמים,1.00,"ק""ג",true,,88.90,88.9000,true,1,8589
7290008347211,false,אצבעות דג מצופות נטו,אף.סי תבליני בגליל ב,IL,אצבעות דג מצופות דלי,גרמים,700.00,100 גרם,false,,19.90,0.0284,true,1,8860
7290008409049,false,מיני שניצלונים ושומשום מאמא עוף 500 ג',תנובה גליל שותפות מו,IL,שניצלונים מיני מאמא,גרמים,500.00,100 גרם,false,,24.90,0.0498,true,1,14010
7290008409223,false,שניצל דק מתובל מאמא עוף 700 ג',תנובה גליל שותפות מו,IL,שניצל דק דק מתובל מא,גרמים,700.00,100 גרם,false,,34.90,0.0499,true,1,14015
7290008409551,false,שניצל עוף אמיתי בציפוי מעודן 700 ג' מאמא עוף,תנובה גליל שותפות מו,IL,שניצל מעודן מאמא עוף,גרמים,700.00,100 גרם,false,,29.90,0.0427,true,1,14018
7290008409568,false,שניצל ציפס אמיתי מאמא עוף 700 ג',תנובה גליל שותפות מו,IL,שניצל ציפס מאמא עוף,גרמים,700.00,100 גרם,false,,29.90,0.0427,true,1,14019
7290008409582,false,שניצל אמיתי בציפוי ביתי מאמא עוף 700 ג',תנובה גליל שותפות מו,IL,שניצל ביתי מאמא עוף,גרמים,700.00,100 גרם,false,,29.90,0.0427,true,1,14020
7290008423014,false,פלפל שחור גרוס פרג 1,תבליני הדור השלישי,IL,פלפל שחור גרוס פרג 1,גרמים,100.00,100 גרם,false,,15.90,0.1590,true,1,13458
7290008423021,false,תבלין כמון 500 גרם,תבליני הדור השלישי,IL,כמון פרג 400 גרם,גרמים,400.00,100 גרם,false,,34.90,0.0872,true,1,13459
7290008423045,false,תבלין לקציצות פרג 10,תבליני הדור השלישי,IL,תבלין לקציצות פרג 10,גרמים,100.00,100 גרם,false,,16.90,0.1690,true,1,13460
7290008423052,false,ממרח עגבניות מיובשות בשמן זית 250גר,תבליני הדור השלישי,IL,עגבניות מיובשות פרג,גרמים,250.00,100 גרם,false,,14.90,0.0596,true,1,13461
7290008423243,false,מלח שולחן הים האדום,מלח הארץ,IL,מלח שולחן הים האדום,גרמים,650.00,100 גרם,false,,7.50,0.0115,true,1,13462
7290008423250,false,מלח גס הים האדום 630,מלח הארץ,IL,מלח גס הים האדום 630,גרמים,630.00,100 גרם,false,,7.50,0.0119,true,1,13463
7290008426053,false,יין עדולם 2017 חבל י,יקב חבל יהודה,IL,יין עדולם 2017 חבל י,מיליליטרים,750.00,"100 מ""ל",false,,89.00,0.1187,true,1,22110
7290008443265,false,סופטקר-אל סבון נוזלי 2 ל',אמיליה קוסמטיקס,IL,אל סבון סופטקר 2 ליט,קילוגרמים,2.00,ליטר,false,,24.90,12.4500,true,1,3794
7290008443616,false,"מרכך לשיער יבש אדום 750 מ""ל נקה 7",אמיליה קוסמטיקס בעמ,IL,מרכך נקה 7 לשיער יבש,מיליליטרים,750.00,"100 מ""ל",false,,8.70,0.0116,true,1,3795
7290008455619,false,עוף מס 2 קפוא לנדא,,IL,עוף מס 2 קפוא לנדא,קילוגרמים,1.00,"ק""ג",true,,27.90,27.9000,true,1,9283
7290008455732,false,שניצל עוף פרוס ארוז קפוא לנדא אחדות,,IL,שניצל עוף קפוא לנדא,קילוגרמים,1.00,"ק""ג",true,,47.90,47.9000,true,1,9288
7290008464024,false,בירה גולדסטאר לא מסונן פחית 500 מל,"טמפו משקאות בע""מ",IL,בירה גולדסטאר פחית 4,מיליליטרים,500.00,"100 מ""ל",false,,7.90,0.0158,true,1,5360
7290008464130,false,"בירה גולדסטאר לא מסונן 330X6מ""ל",טמפו,IL,מארז בירה גולדסטאר 4,קילוגרמים,1.98,ליטר,false,,29.90,15.1010,true,1,5361
7290008464468,false,"בירה גולדסטאר פחית 500 מ""ל","טמפו משקות בע""מ",IL,בירה גולדסטאר פחית 4,מיליליטרים,500.00,"100 מ""ל",false,,7.90,0.0158,true,1,5362
7290008464734,false,"בירה גולדסטאר SLOW BREW מארז 330X6מ""ל",טמפו משקאות בע''מ,IL,מארז בירה גולדסטאר 1,קילוגרמים,1.98,ליטר,false,,34.90,17.6263,true,1,5364
7290008464741,false,"בירה גולדסטאר בק' מארז 330X6מ""ל",קריות זול,IL,מארז בירה גולדסטאר 4,קילוגרמים,1.98,ליטר,false,,24.90,12.5758,true,1,5365
7290008464796,false,"בירה היינקין ח""פ בקבוק 330X6מ""ל",קריות זול,IL,מארז בירה היינקן 5%,קילוגרמים,1.98,ליטר,false,,29.90,15.1010,true,1,5366
7290008464987,false,מארז סודה טמפו 6*1.5,טמפו,IL,מארז סודה טמפו 6*1.5,קילוגרמים,9.00,ליטר,false,,15.90,1.7667,true,1,27219
7290008466707,false,עוגיות פרימיום אנטקו,דין שיווק,IL,עוגיות פרימיום אנטקו,גרמים,250.00,100 גרם,false,,18.90,0.0756,true,1,26130
7290008466769,false,שנייק קינמון אנטקובי,אנטיקביץ,IL,שנייק קינמון אנטקובי,גרמים,600.00,100 גרם,false,,12.90,0.0215,true,1,26126
7290008466776,false,שנייק וניל אנטקוביץ,אנטיקביץ,IL,שנייק וניל אנטקוביץ,גרמים,600.00,100 גרם,false,,12.90,0.0215,true,1,26127
7290008466783,false,שנייק שוקולד אנטקובי,אנטיקביץ,IL,שנייק שוקולד אנטקובי,גרמים,600.00,100 גרם,false,,12.90,0.0215,true,1,26128
7290008466790,false,רוגלך שוקולד אנטקובי,אנטיקביץ,IL,רוגלך שוקולד אנטקובי,גרמים,600.00,100 גרם,false,,12.90,0.0215,true,1,26129
7290008466820,false,רולדה ריבת חלב אנטקו,אנטיקביץ,IL,רולדה ריבת חלב אנטקו,גרמים,500.00,100 גרם,false,,29.90,0.0598,true,1,25519
7290008466837,false,עוגת מוס שוקולד אנטק,אנטיקביץ,IL,עוגת מוס שוקולד אנטק,גרמים,500.00,100 גרם,false,,29.90,0.0598,true,1,25524
7290008466844,false,רולדה שוקולד אנטקובי,אנטיקביץ,IL,רולדה שוקולד אנטקובי,גרמים,500.00,100 גרם,false,,29.90,0.0598,true,1,25520
7290008466868,false,רולדה היער השחור אנט,אנטיקביץ,IL,רולדה היער השחור אנט,גרמים,500.00,100 גרם,false,,29.90,0.0598,true,1,25522
7290008466882,false,עוגת גבינה אוכמניות,אנטיקביץ,IL,עוגת גבינה אוכמניות,גרמים,500.00,100 גרם,false,,29.90,0.0598,true,1,25523
7290008466899,false,עוגת הבית הלבן אנטקו,אנטיקביץ,IL,עוגת הבית הלבן אנטקו,גרמים,500.00,100 גרם,false,,29.90,0.0598,true,1,25526
7290008466912,false,עוגת גבינה פירות יער,אנטיקביץ,IL,עוגת גבינה פירות יער,גרמים,500.00,100 גרם,false,,29.90,0.0598,true,1,25528
7290008470759,false,מסטיק אורביט ספירמינט מארז שמינייה,ריגלי,FR,אורביט סטיקס 8*5 יח,גרמים,124.00,100 גרם,false,,13.90,0.1121,true,1,11610
7290008470766,false,מסטיק אורביט סטיקס פפרמינט שמינייה,ריגלי,FR,אורביט סטיקס 8*5 יח,גרמים,124.00,100 גרם,false,,13.90,0.1121,true,1,11611
7290008507059,false,קציצות מרוקאיות חריפ,נתח אדום,IL,קציצות מרוקאיות חריפ,גרמים,600.00,100 גרם,false,,29.90,0.0498,true,1,20702
7290008507288,false,שווארמה הודו מתובל נ,נתח אדום,IL,שווארמה הודו מתובל נ,גרמים,400.00,100 גרם,false,,29.90,0.0747,true,1,20704
7290008507295,false,שווארמה עגל מתובל נת,נתח אדום,IL,שווארמה עגל מתובל נת,גרמים,400.00,100 גרם,false,,29.90,0.0747,true,1,20705
7290008507301,false,בריסקט עגל מתובל לתנ,נתח אדום,IL,בריסקט עגל מתובל לתנ,קילוגרמים,1.00,"ק""ג",true,,59.90,59.9000,true,1,20706
7290008507431,false,רצועות אסאדו עגל נתח,נתח אדום,IL,רצועות אסאדו עגל נתח,גרמים,600.00,100 גרם,false,,49.90,0.0832,true,1,27364
7290008507448,false,שיפודי אנטריקוט נתח,נתח אדום,IL,שיפודי אנטריקוט נתח,גרמים,400.00,100 גרם,false,,49.90,0.1247,true,1,27365
7290008507486,false,אנטריקוט דקדק נתח אד,נתח אדום,IL,אנטריקוט דקדק נתח אד,גרמים,250.00,100 גרם,false,,29.90,0.1196,true,1,27361
7290008507493,false,נתחי צוואר עגל נתח א,נתח אדום,IL,נתחי צוואר עגל נתח א,גרמים,600.00,100 גרם,false,,49.90,0.0832,true,1,27362
7290008545136,false,דנוור קאט סטייק טרי,,,דנוור קאט סטייק טרי,קילוגרמים,1.00,"ק""ג",true,,99.90,99.9000,true,1,9964
7290008545181,false,בשר עגל טחון דל שומן,,,בשר עגל טחון דל שומן,קילוגרמים,1.00,"ק""ג",true,,79.90,79.9000,true,1,9967
7290008545198,false,אונטריפ צלעות טרי עט,,,אונטריפ צלעות טרי עט,קילוגרמים,1.00,"ק""ג",true,,79.90,79.9000,true,1,25748
7290008545204,false,דלמוניקו סטייק טרי ע,,,דלמוניקו סטייק טרי ע,קילוגרמים,1.00,"ק""ג",true,,89.90,89.9000,true,1,25749
7290008545778,false,גולש דל שומן טרי עטר,,,גולש דל שומן טרי עטר,קילוגרמים,1.00,"ק""ג",true,,79.90,79.9000,true,1,28564
7290008597906,false,אורז יסמין שקדיה 5 ק,,TH,אורז יסמין שקדיה 5 ק,פריט,5.00,"ק""ג",false,,39.90,7.9800,true,1,16808
7290008611039,false,פילה סלמון נורווגי,,,פילה סלמון נורווגי,קילוגרמים,1.00,"ק""ג",true,,64.90,64.9000,true,1,14214
7290008611046,false,פילה סלמון נורווגי,,,פילה סלמון נורווגי,קילוגרמים,1.00,"ק""ג",true,,64.90,64.9000,true,1,14215
7290008611091,false,מנות פילה סלמון,,,מנות פילה סלמון,קילוגרמים,1.00,"ק""ג",true,,79.90,79.9000,true,1,26460
7290008611138,false,טונה אדומה במשקל,,,טונה אדומה במשקל,קילוגרמים,1.00,"ק""ג",true,,49.90,49.9000,true,1,27513
7290008611343,false,מנות פילה נסיכת הניל,נטורס פיש לימיטד,UG,מנות פילה נסיכת הניל,קילוגרמים,1.00,"ק""ג",true,,46.90,46.9000,true,1,27284
7290008611350,false,פילה אמנון 5-9 בסט פ,,UG,פילה אמנון 5-9 בסט פ,קילוגרמים,1.00,"ק""ג",true,,24.90,24.9000,true,1,27508
7290008611374,false,פילה אמנון ללא עור,,UG,פילה אמנון ללא עור,קילוגרמים,1.00,"ק""ג",true,,24.90,24.9000,true,1,27509
7290008631556,false,אחדות כרעיים עוף במגש קפוא לנדא,,,כרעיים עוף קפוא לנדא,קילוגרמים,1.00,"ק""ג",true,,39.90,39.9000,true,1,9289
7290008631563,false,חזה עוף קפוא ארוז לנדא,,IL,חזה עוף קפוא לנדא,קילוגרמים,1.00,"ק""ג",true,,44.90,44.9000,true,1,9290
7290008631570,false,שוקיים עוף במגש קפוא לנדא,,IL,שוקיים עוף קפוא לנדא,קילוגרמים,1.00,"ק""ג",true,,41.90,41.9000,true,1,9291
7290008631587,false,ירכיים עוף קפוא לנדא,,,ירכיים עוף קפוא לנדא,קילוגרמים,1.00,"ק""ג",true,,36.90,36.9000,true,1,9292
7290008631594,false,אחדות כנפיים עוף במגש קפוא לנדא,,IL,כנפיים עוף קפוא לנדא,קילוגרמים,1.00,"ק""ג",true,,12.90,12.9000,true,1,9293
7290008631600,false,גרונות עוף קפוא ארוז לנדא במגש,,IL,גרון עוף קפוא לנדא,קילוגרמים,1.00,"ק""ג",true,,3.90,3.9000,true,1,9294
7290008631969,false,נגיסי עוף 700 גר' אחדות לנדא,,IL,נגיסי עוף לנדא 700 ג,גרמים,700.00,100 גרם,false,,29.90,0.0427,true,1,28230
7290008631976,false,טבעות עוף 700 גר' לנדא אחדות,,IL,טבעות עוף לנדא 700 ג,גרמים,700.00,100 גרם,false,,29.90,0.0427,true,1,28231
7290008636193,false,תבלין כמון 300 גרם,מיה תעשיות מזון בעמ,IL,כמון מיה 300 גרם,גרמים,300.00,100 גרם,false,,14.90,0.0497,true,1,7205
7290008636209,false,תבלין כורכום 300גרם,מיה תעשיות מזון בעמ,IL,כורכום מיה 300 גרם,גרמים,300.00,100 גרם,false,,14.90,0.0497,true,1,7206
7290008645935,false,חומוס לניגוב אחלה 750 ג',"שטראוס גרופ בע""מ",IL,חומוס אחלה 750 גרם,גרמים,750.00,100 גרם,false,,9.50,0.0127,true,1,12134
7290008670012,false,"יין רקאנטי קברנה סוביניון 2019 750 מ""ל",תות ממתקי איכות,IL,יין רקנאטי קברנה סוב,מיליליטרים,750.00,"100 מ""ל",false,,49.90,0.0665,true,1,4633
7290008670029,false,"יין רקאנטי מרלו 2018 750 מ""ל",תות ממתקי איכות,IL,יין רקנאטי מרלו 2016,מיליליטרים,750.00,"100 מ""ל",false,,49.90,0.0665,true,1,4634
7290008670159,false,יין רקנאטי יסמין לבן,"יקבי רקנאטי בע""מ",IL,יין רקנאטי יסמין לבן,מיליליטרים,750.00,"100 מ""ל",false,,29.90,0.0399,true,1,4636
7290008670210,false,יין רקנאטי שירז 750מ,תות ממתקי איכות,IL,יין רקנאטי שיראז 201,מיליליטרים,750.00,"100 מ""ל",false,,49.90,0.0665,true,1,4637
7290008690713,false,פריגת אושן ספריי חמוציות 1ל',מבשלות בירה בינלאומי,IL,נקטר חמוציות אושן ספ,קילוגרמים,1.00,ליטר,false,,11.90,11.9000,true,1,4007
7290008693134,false,מעדן גבינה ויוגורט בטעם תות 5% שומן 88 ג' דניאלה,"שטראוס בריאות בע""מ",IL,דניאלה תות 88 גרם,גרמים,88.00,100 גרם,false,,3.90,0.0443,true,1,12135
7290008713900,false,לחם שיפון עגול 750 ג' אנג'ל,מאפיית אנג'ל אורנים,IL,לחם שיפון עגול אחדות,גרמים,750.00,100 גרם,false,,12.90,0.0172,true,1,20343
7290008713917,false,לחם שיפון כהה 750 ג' אנג'ל,מאפית אורנים,IL,לחם שיפון כהה אחדות,גרמים,750.00,100 גרם,false,,12.90,0.0172,true,1,20344
7290008745239,false,תפוצ'יפס אקסטרא טבעי 50 ג',"שטראוס פריטו ליי בע""",IL,תפוציפס אקסטרא טבעי,גרמים,55.00,100 גרם,false,,3.50,0.0636,true,1,12881
7290008747547,false,תפוצ'יפס אקסטרא 200גר טבעי,"שטראוס פריטו ליי בע""",IL,תפוציפס קראנצ טבעי 2,גרמים,200.00,100 גרם,false,,9.90,0.0495,true,1,12882
7290008753111,false,תפוציפס קראנץ מקסיקנ,"שטראוס פריטו ליי בע""",IL,תפוציפס אקסטרא מקסיק,גרמים,50.00,100 גרם,false,,3.50,0.0700,true,1,12884
7290008754040,false,ממרח פרה שוקולד 850 גר - מגדים,STRAUSS-ISRAEL,IL,ממרח בטעם שוקולד פרה,גרמים,850.00,100 גרם,false,,13.90,0.0164,true,1,12480
7290008757980,false,נקטר ספרינג רימונים קרטונית 1 ל',"יפאורה תבורי בע""מ",IL,נקטר ספרינג רימון 1,קילוגרמים,1.00,ליטר,false,,6.90,6.9000,true,1,6042
7290008761925,false,"בקר טחון עטרה 1.2 ק""",טיבון ויל,IL,"בקר טחון עטרה 1.2 ק""",פריט,1.20,"ק""ג",false,,29.90,24.9167,true,1,9298
7290008775816,false,ערגליות שוקו חדש12*300גרם 2020,מיוצר עי קונדיטוריית,IL,ערגליות שוקו אסם 300,גרמים,300.00,100 גרם,false,,7.90,0.0263,true,1,475
7290008775823,false,ערגליות תות חדש12*300גרם 2020,מיוצר עי קונדיטוריית,IL,ערגליות תות אסם 300,גרמים,300.00,100 גרם,false,,7.90,0.0263,true,1,476
7290008792264,false,מפיות טישיו טאצ' 100יח',"שניב תעשיות נייר בע""",,מפיות טאצ 100 יח',Unknown,0.00,יחידה,false,,4.90,0.0000,true,1,10611
7290008801010,false,"יין קברנה סוביניון מרלו פרייוט קולקשן 750 מ""ל",אגודת הכורמים הקאופו,IL,יין פ. קולקשיין קברנ,מיליליטרים,750.00,"100 מ""ל",false,,32.30,0.0431,true,1,6206
7290008801119,false,סלקטד סוביניון בלאן כרמל 750 מל,אגודת הכורמים הקואופ,IL,יין סלקטד סוביניון ב,מיליליטרים,750.00,"100 מ""ל",false,,28.90,0.0385,true,1,6207
7290008801157,false,מרלו סלקטד כרמל מזרחי 750 מל,קריות זול,IL,יין סלקטד מרלו,מיליליטרים,750.00,"100 מ""ל",false,,28.90,0.0385,true,1,6208
7290008801539,false,כרמל קינג דיוויד מתוק כרמל 750 מל,אגודת הכורמים הקואופ,IL,יין קינג דיוויד 120,מיליליטרים,750.00,"100 מ""ל",false,,18.90,0.0252,true,1,6210
7290008801546,false,"יין מוסקט קינג דויד 750 מ""ל",אגודת הכורמים הקואופ,IL,יין קינג דיוויד מוסק,מיליליטרים,750.00,"100 מ""ל",false,,18.90,0.0252,true,1,6211
7290008801843,false,"יין סלקטד קברנה סובניון 750מ""ל","כד בני דרום בע""מ",IL,יין סלקטד קברנה סובי,מיליליטרים,750.00,"100 מ""ל",false,,28.90,0.0385,true,1,6212
7290008801850,false,"יין סלקטד אמרלד ריזלינג 750מ""ל",אגודת הכורמים הקואופ,IL,יין סלקטד אמרלד ריזל,מיליליטרים,750.00,"100 מ""ל",false,,28.90,0.0385,true,1,6213
7290008802291,false,"יין מרלו פרייוט קולקשן 750 מ""ל",אגודת הכורמים הקואופ,IL,יין פ. קולקשיין מרלו,מיליליטרים,750.00,"100 מ""ל",false,,32.30,0.0431,true,1,6214
7290008802512,false,"יין וינו אדום יבש 750 מ""ל","כד בני דרום בע""מ",IL,יין וינו אדום יבש,מיליליטרים,750.00,"100 מ""ל",false,,18.20,0.0243,true,1,6215
7290008802529,false,"יין לבן חצי יבש וינו 750 מ""ל",קריות זול,IL,יין וינו לבן יבש,מיליליטרים,750.00,"100 מ""ל",false,,18.20,0.0243,true,1,6216
7290008802895,false,יין קברנה סוביניון פרייוט קולקשן,אגודת הכורמים הקאופו,IL,יין פ. קולקשיין קברנ,מיליליטרים,750.00,"100 מ""ל",false,,32.30,0.0431,true,1,6217
7290008803090,false,"יין מרלו קולקשיין הסדרה האזורית כרמל 750 מ""ל",אגודת הכורמים הקואופ,IL,יין גליל עליון מרלו,מיליליטרים,750.00,"100 מ""ל",false,,58.90,0.0785,true,1,6218
7290008804189,false,יין קברנה סוביניון הסדרה האזורית גליל עליון,אגודת הכורמים הקואופ,IL,יין גליל עליון קברנה,מיליליטרים,750.00,"100 מ""ל",false,,58.90,0.0785,true,1,6219
7290008804332,false,שיראז אדום יבש פריווט קולקשיין 750מל,אגודת הכורמים הקואופ,IL,יין פ.קולקשיין שיראז,מיליליטרים,750.00,"100 מ""ל",false,,32.30,0.0431,true,1,6220
7290008805049,false,סלקטד זינפנדל כרמל מזרחי 750 מל,"כד בני דרום בע""מ",IL,יין סלקטד רוזה מתוק,מיליליטרים,750.00,"100 מ""ל",false,,28.90,0.0385,true,1,6222
7290008805384,false,"יין סלקטד מוסקטו 750מ""ל",אגודת הכורמים הקואופ,IL,יין סלקטד לבן מבעבע,מיליליטרים,750.00,"100 מ""ל",false,,28.90,0.0385,true,1,6223
7290008805520,false,"יין סלקטד קברנה מרלו 750מ""ל","כד בני דרום בע""מ",IL,יין סלקטד קברנה מרלו,מיליליטרים,750.00,"100 מ""ל",false,,28.90,0.0385,true,1,6224
7290008805964,false,"יין קברנה שיראז אזורית 750 מ""ל",אגודת הכורמים הקואופ,IL,יין גליל עליון קברנה,מיליליטרים,750.00,"100 מ""ל",false,,54.90,0.0732,true,1,6225
7290008830676,false,מובחרים מן הטבע,דין שיווק,IL,מובחרים מן הטבע,Unknown,0.00,יחידה,false,,4.90,0.0000,true,1,16810
7290008830690,false,מובחרים מן הטבע,דין שיווק,IL,מובחרים מן הטבע,Unknown,0.00,יחידה,false,,9.90,0.0000,true,1,16766
7290008836265,false,"יין מוסקט אלכסנדרוני נינוה 750מ""ל",יקב טפרברג 1870 בעמ,IL,יין אלכסנדר נינוה מו,מיליליטרים,750.00,"100 מ""ל",false,,24.90,0.0332,true,1,6324
7290008836272,false,"יין מוסקט המבורג נינוה 750מל""",יקב טפרברג 1870 בעמ,IL,יין המבורג נינוה מוס,מיליליטרים,750.00,"100 מ""ל",false,,24.90,0.0332,true,1,26100
7290008836395,false,יין מסורת אדום מתוק,יקב טפרברג 1870 בעמ,IL,יין מסורת אדום מתוק,מיליליטרים,750.00,"100 מ""ל",false,,14.90,0.0199,true,1,28535
7290008836401,false,ישן נושן - יקבי אפרת 1 ליטר,יקב טפרברג 1870 בעמ,IL,יין ישן נושן אדום אפ,קילוגרמים,1.00,ליטר,false,,21.90,21.9000,true,1,26107
7290008836425,false,יין מתוק קל 1 ליטר,יקב טפרברג 1870 בעמ,IL,יין אפרת קל 1 ליטר,קילוגרמים,1.00,ליטר,false,,21.90,21.9000,true,1,6325
7290008836494,false,יקבי אפרת תירוש טבעי אדום 1 ליטר,יקב טפרברג 1870 בעמ,IL,תירוש אדום אפרת 1 לי,קילוגרמים,1.00,ליטר,false,,12.90,12.9000,true,1,6326
7290008849470,false,ממרחפלפל צומה 185 ג' אוליביה,אוליביה גורמה בעמ,IL,פלפל צומה אוליביה 18,גרמים,185.00,100 גרם,false,,12.90,0.0697,true,1,14062
7290008975551,false,מטרנה מהדרין חסכון שלב 3 700 גרם,מולינו ניקולי s.p.a,IL,מטרנה מהדרין שלב 3 7,גרמים,700.00,100 גרם,false,,46.90,0.0670,true,1,927
7290008989015,false,בטר אנד דיפרנט דייסת אורז 400 גרם,בטר אנד דיפרנט B&D,IL,דייסת אורז ב.ד 400 ג,גרמים,400.00,100 גרם,false,,16.90,0.0422,true,1,1937
7290008989022,false,בטר אנד דיפרנט דייסת סולת 400 גרם,בטר אנד דיפרנט,IL,דייסת סולת ב.ד 400 ג,גרמים,400.00,100 גרם,false,,8.90,0.0223,true,1,1938
7290008989039,false,בטר אנד דיפרנט דייסת קורנפלור 400גרם,בטר אנד דיפרנט,IL,דייסת קורנפלור ב.ד 4,גרמים,400.00,100 גרם,false,,8.90,0.0223,true,1,1939
7290008989053,false,בטר אנד דיפרנט דייסת דגנים מעורב 400גרם,בטר אנד דיפרנט B&D,IL,דייסת דגנים מעורבים,גרמים,400.00,100 גרם,false,,8.90,0.0223,true,1,1940
7290008989169,false,אורז תפוח בשקית 500 גר',בטר אנד דיפרנט,IL,פצפוצי אורז ב.ד 500,גרמים,500.00,100 גרם,false,,18.90,0.0378,true,1,1941
7290008989473,false,ממרח חרובים טעם שוקו' 350ג' בי&די,בטר אנד דיפרנט B&D,IL,ממרח חרובים שוקולד ב,גרמים,350.00,100 גרם,false,,13.90,0.0397,true,1,1942
7290008989671,false,"ציפוי עדיף לשניצל פריך לל""ג 200 גר' B&D",בטר אנד דיפרנט,IL,פירורי קורנפלקס פריך,גרמים,250.00,100 גרם,false,,9.90,0.0396,true,1,1945
7290008989749,false,פריכיות קינואה +אורז מלא 200 גרם,בטר אנד דיפרנט,IL,פריכיות קינואה עם או,גרמים,200.00,100 גרם,false,,9.90,0.0495,true,1,1947
7290008989848,false,חמאת בוטנים קרנצ'י 350 גר',בטר אנד דיפרנט B&D,IL,חמאת בוטנים קרנצ'י ב,גרמים,350.00,100 גרם,false,,13.90,0.0397,true,1,1948
7290008989893,false,בטר&דיפרנט דייסה כוסמת 200 גר,בטר אנד דיפרנט,IL,דייסת כוסמת ב.ד 200,גרמים,200.00,100 גרם,false,,9.90,0.0495,true,1,1950
7290008989909,false,סירופ תפוחים בי&די 1.2 ליטר מהדרין,בטר אנד דיפרנט,IL,סירופ ב.ד תפוחים 1.2,קילוגרמים,1.20,ליטר,false,,29.90,24.9167,true,1,1951
7290008989916,false,סירופ אננס 1.2 ליטר מהדרין,בטר אנד דיפרנט,IL,סירופ אננס 1.2 ליטר,קילוגרמים,1.20,ליטר,false,,29.90,24.9167,true,1,1952
7290008989954,false,סירופ תפוזים 1.2ל' בי&די מהדרין,בטר אנד דיפרנט,IL,סירופ ב.ד תפוז 1.2 ל,קילוגרמים,1.20,ליטר,false,,29.90,24.9167,true,1,1953
7290008989985,false,קופסאות אחסון מלבנית 1ל' חמישייה חלבי,בטר אנד דיפרנט,IL,מארז 4 קופסאות אחסון,Unknown,0.00,יחידה,false,,11.90,0.0000,true,1,1954
7290009000115,false,עגבניות שרי,אראל תוצרת חקלאית בע,IL,עגבניות שרי,קילוגרמים,1.00,"ק""ג",true,,14.90,14.9000,true,1,14726
7290009000122,false,עגבניה חממה,אראל תוצרת חקלאית בע,IL,עגבניה,קילוגרמים,1.00,"ק""ג",true,,5.90,5.9000,true,1,14727
7290009000207,false,מלפפון חממה,אראל תוצרת חקלאית בע,IL,מלפפון,קילוגרמים,1.00,"ק""ג",true,,5.90,5.9000,true,1,14729
7290009000313,false,גזר-ארוז,אראל תוצרת חקלאית בע,IL,גזר,קילוגרמים,1.00,"ק""ג",true,,3.90,3.9000,true,1,14735
7290009000405,false,סלק אדום,אראל תוצרת חקלאית בע,IL,סלק,קילוגרמים,1.00,"ק""ג",true,,4.90,4.9000,true,1,14737
7290009000504,false,כרוב לבן,אראל תוצרת חקלאית בע,IL,כרוב לבן,קילוגרמים,1.00,"ק""ג",true,,3.90,3.9000,true,1,14739
7290009000511,false,כרוב אדום,אראל תוצרת חקלאית בע,IL,כרוב אדום,קילוגרמים,1.00,"ק""ג",true,,4.90,4.9000,true,1,14740
7290009000610,false,ברוקולי שקיל,ברכת קטיף,IL,ברוקולי שקיל,קילוגרמים,1.00,"ק""ג",true,,24.90,24.9000,true,1,19736
7290009000627,false,כרובית יחידה,אראל תוצרת חקלאית בע,IL,כרובית יחידה,Unknown,0.00,יחידה,false,,9.90,0.0000,true,1,14746
7290009000641,false,עגבניות מגי,אראל תוצרת חקלאית בע,IL,עגבניות מגי,Unknown,0.00,יחידה,false,,14.90,0.0000,true,1,14747
7290009000702,false,לפת,אראל תוצרת חקלאית בע,IL,לפת,קילוגרמים,1.00,"ק""ג",true,,6.90,6.9000,true,1,14749
7290009000719,false,צנון,אראל תוצרת חקלאית בע,IL,צנון,קילוגרמים,1.00,"ק""ג",true,,6.90,6.9000,true,1,14750
7290009000771,false,שקיות הקפאה בינוני ז,,,שקיות הקפאה בינוני ז,Unknown,0.00,יחידה,false,,19.90,0.0000,true,1,7780
7290009000788,false,שקיות אוכל זיפלוק 14,,,שקיות אוכל זיפלוק 14,Unknown,0.00,יחידה,false,,16.90,0.0000,true,1,7781
7290009000887,false,סלרי ראש שקיל,אראל תוצרת חקלאית בע,IL,סלרי ראש שקיל,קילוגרמים,1.00,"ק""ג",true,,19.90,19.9000,true,1,19738
7290009000894,false,אגס קוסטיה,אראל תוצרת חקלאית בע,IL,אגס קוסטיה,קילוגרמים,1.00,"ק""ג",true,,7.90,7.9000,true,1,26265
7290009000900,false,בצל יבש,אראל תוצרת חקלאית בע,IL,בצל,קילוגרמים,1.00,"ק""ג",true,,4.90,4.9000,true,1,14760
7290009000924,false,כרוב אדום ברכת דוד,,IL,כרוב אדום ברכת דוד,קילוגרמים,1.00,"ק""ג",true,,14.90,14.9000,true,1,26331
7290009000931,false,בצל אדום,אראל תוצרת חקלאית בע,IL,בצל אדום,קילוגרמים,1.00,"ק""ג",true,,5.90,5.9000,true,1,14761
7290009000948,false,כרוב לבן ברכת דוד,,IL,כרוב לבן ברכת דוד,קילוגרמים,1.00,"ק""ג",true,,13.90,13.9000,true,1,26332
7290009000962,false,בצל ירוק יח,ברכת קטיף,IL,בצל ירוק יח,Unknown,0.00,יחידה,false,,4.90,0.0000,true,1,19739
7290009001105,false,בטטה מובחרת,אראל תוצרת חקלאית בע,IL,בטטה,קילוגרמים,1.00,"ק""ג",true,,9.90,9.9000,true,1,14765
7290009001310,false,דלורית,אראל תוצרת חקלאית בע,IL,דלורית,קילוגרמים,1.00,"ק""ג",true,,5.90,5.9000,true,1,14766
7290009001334,false,דלעת אקזוטי,אראל תוצרת חקלאית בע,IL,דלעת אקזוטי,קילוגרמים,1.00,"ק""ג",true,,7.90,7.9000,true,1,14768
7290009001419,false,חציל חממה,אראל תוצרת חקלאית בע,IL,חציל,קילוגרמים,1.00,"ק""ג",true,,4.90,4.9000,true,1,14770
7290009001426,false,חציל ננסי,אראל תוצרת חקלאית בע,IL,חציל ננסי,קילוגרמים,1.00,"ק""ג",true,,9.90,9.9000,true,1,14771
7290009001440,false,חציל מנומר/כוכב/נקני,אראל תוצרת חקלאית בע,IL,חציל מנומר/כוכב/נקני,קילוגרמים,1.00,"ק""ג",true,,7.90,7.9000,true,1,14772
7290009001501,false,פלפל אדום,אראל תוצרת חקלאית בע,IL,פלפל אדום,קילוגרמים,1.00,"ק""ג",true,,7.90,7.9000,true,1,14773
7290009001518,false,פלפל ירוק בהיר,אראל תוצרת חקלאית בע,IL,פלפל ירוק בהיר,קילוגרמים,1.00,"ק""ג",true,,6.90,6.9000,true,1,14774
7290009001525,false,פלפל חריף ירוק,אראל תוצרת חקלאית בע,IL,פלפל חריף,קילוגרמים,1.00,"ק""ג",true,,6.90,6.9000,true,1,14775
7290009001532,false,פלפל חריף אדום,אראל תוצרת חקלאית בע,IL,פלפל חריף אדום,קילוגרמים,1.00,"ק""ג",true,,6.90,6.9000,true,1,14776
7290009001549,false,פלפל ירוק כהה,אראל תוצרת חקלאית בע,IL,פלפל ירוק כהה,קילוגרמים,1.00,"ק""ג",true,,7.90,7.9000,true,1,14777
7290009001556,false,פלפל כתום,אראל תוצרת חקלאית בע,IL,פלפל כתום,קילוגרמים,1.00,"ק""ג",true,,7.90,7.9000,true,1,14778
7290009001570,false,פלפל צהוב,אראל תוצרת חקלאית בע,IL,פלפל צהוב,קילוגרמים,1.00,"ק""ג",true,,7.90,7.9000,true,1,14780
7290009001594,false,פלפל שושקה,אראל תוצרת חקלאית בע,IL,פלפל שושקה,קילוגרמים,1.00,"ק""ג",true,,11.90,11.9000,true,1,14781
7290009001709,false,קולורבי,אראל תוצרת חקלאית בע,IL,קולורבי,קילוגרמים,1.00,"ק""ג",true,,5.90,5.9000,true,1,14783
7290009001716,false,קולורבי סגול,אראל תוצרת חקלאית בע,IL,קולורבי סגול,קילוגרמים,1.00,"ק""ג",true,,9.90,9.9000,true,1,14784
7290009001808,false,קישוא מעיין,אראל תוצרת חקלאית בע,IL,קישוא,קילוגרמים,1.00,"ק""ג",true,,4.90,4.9000,true,1,14785
7290009001853,false,קישוא זוקיני,אראל תוצרת חקלאית בע,IL,קישוא זוקיני,קילוגרמים,1.00,"ק""ג",true,,9.90,9.9000,true,1,14788
7290009002218,false,ארטישוק,אראל תוצרת חקלאית בע,IL,ארטישוק,קילוגרמים,1.00,"ק""ג",true,,19.90,19.9000,true,1,14793
7290009002409,false,פול,אראל תוצרת חקלאית בע,IL,פול,קילוגרמים,1.00,"ק""ג",true,,14.90,14.9000,true,1,14794
7290009002850,false,שום בתפזורת,אראל תוצרת חקלאית בע,IL,שום בתפזורת,קילוגרמים,1.00,"ק""ג",true,,24.90,24.9000,true,1,14797
7290009002898,false,תפוח אדמה לאפייה,אראל תוצרת חקלאית בע,IL,תפוח אדמה לאפייה,Unknown,0.00,יחידה,false,,9.90,0.0000,true,1,14798
7290009002935,false,"תפו""א לבן כ - 5 ק""ג",אראל תוצרת חקלאית בע,IL,תפוח אדמה לבן,פריט,5.00,"ק""ג",false,,21.90,4.3800,true,1,14800
7290009002980,false,תפוח אדמה אדום כ-5 ק,אראל תוצרת חקלאית בע,IL,תפוח אדמה אדום,פריט,5.00,"ק""ג",false,,25.90,5.1800,true,1,14802
7290009002997,false,תפוח אדמה תפזורת,אראל תוצרת חקלאית בע,IL,תפוח אדמה תפזורת,קילוגרמים,1.00,"ק""ג",true,,6.90,6.9000,true,1,14803
7290009003048,false,סלרי אמריקאי יח,ברכת קטיף,IL,סלרי אמריקאי יח,Unknown,0.00,יחידה,false,,4.90,0.0000,true,1,19740
7290009003079,false,שומר,אראל תוצרת חקלאית בע,IL,שומר,קילוגרמים,1.00,"ק""ג",true,,6.90,6.9000,true,1,14805
7290009003109,false,מלון,אראל תוצרת חקלאית בע,IL,מלון,קילוגרמים,1.00,"ק""ג",true,,5.90,5.9000,true,1,14806
7290009003116,false,מלון ספרדי,אראל תוצרת חקלאית בע,IL,מלון ספרדי,קילוגרמים,1.00,"ק""ג",true,,5.90,5.9000,true,1,14807
7290009003246,false,פטריות במשקל,מרינה פטריות,IL,פטריות במשקל,קילוגרמים,1.00,"ק""ג",true,,31.90,31.9000,true,1,20001
7290009003338,false,פלפל טינקרבל,אראל תוצרת חקלאית בע,IL,פלפל טינקרבל,קילוגרמים,1.00,"ק""ג",true,,19.90,19.9000,true,1,14812
7290009003352,false,תות שדה א.מעולה250ג,אראל תוצרת חקלאית בע,IL,תות שדה יח,Unknown,0.00,יחידה,false,,19.90,0.0000,true,1,14813
7290009004281,false,תירס,אראל תוצרת חקלאית בע,IL,תירס,קילוגרמים,1.00,"ק""ג",true,,9.90,9.9000,true,1,14820
7290009004366,false,תירס,אראל תוצרת חקלאית בע,IL,תירס,קילוגרמים,1.00,"ק""ג",true,,7.90,7.9000,true,1,14825
7290009004519,false,שום סולו 250 גרם,אראל תוצרת חקלאית בע,IL,שום סולו 250 גרם,גרמים,250.00,100 גרם,false,,9.90,0.0396,true,1,14827
7290009005059,false,תפוז ברשת,אראל תוצרת חקלאית בע,IL,תפוז ברשת,קילוגרמים,1.00,"ק""ג",true,,3.90,3.9000,true,1,14850
7290009005080,false,תפוז,אראל תוצרת חקלאית בע,IL,תפוז,קילוגרמים,1.00,"ק""ג",true,,4.90,4.9000,true,1,14851
7290009005165,false,קלמנטינה ברשת,אראל תוצרת חקלאית בע,IL,קלמנטינה ברשת,קילוגרמים,1.00,"ק""ג",true,,9.90,9.9000,true,1,14852
7290009005172,false,קלמנטינה,אראל תוצרת חקלאית בע,IL,קלמנטינה,קילוגרמים,1.00,"ק""ג",true,,5.90,5.9000,true,1,14853
7290009005196,false,אשכולית אדומה,אראל תוצרת חקלאית בע,IL,אשכולית אדומה,קילוגרמים,1.00,"ק""ג",true,,4.90,4.9000,true,1,14854
7290009005202,false,אשכולית לבנה,אראל תוצרת חקלאית בע,IL,אשכולית לבנה,קילוגרמים,1.00,"ק""ג",true,,4.90,4.9000,true,1,14855
7290009005226,false,פומלה,אראל תוצרת חקלאית בע,IL,פומלה,קילוגרמים,1.00,"ק""ג",true,,6.90,6.9000,true,1,14856
7290009005257,false,פומלית,אראל תוצרת חקלאית בע,IL,פומלית,קילוגרמים,1.00,"ק""ג",true,,9.90,9.9000,true,1,14858
7290009005301,false,לימון,אראל תוצרת חקלאית בע,IL,לימון,קילוגרמים,1.00,"ק""ג",true,,7.90,7.9000,true,1,14859
7290009005318,false,לימון סיני,אראל תוצרת חקלאית בע,IL,לימון סיני,קילוגרמים,1.00,"ק""ג",true,,39.90,39.9000,true,1,14860
7290009005325,false,לימון ברשת,אראל תוצרת חקלאית בע,IL,לימון ברשת,קילוגרמים,1.00,"ק""ג",true,,5.90,5.9000,true,1,14861
7290009005387,false,תפוח עץ גולד רוז,אראל תוצרת חקלאית בע,IL,תפוח עץ גולד רוז,קילוגרמים,1.00,"ק""ג",true,,9.90,9.9000,true,1,14864
7290009005417,false,"בננות ""העמק""",אראל תוצרת חקלאית בע,IL,בננות,קילוגרמים,1.00,"ק""ג",true,,3.90,3.9000,true,1,14865
7290009005615,false,אבוקדו,אראל תוצרת חקלאית בע,IL,אבוקדו,קילוגרמים,1.00,"ק""ג",true,,9.90,9.9000,true,1,14867
7290009005707,false,רימון,אראל תוצרת חקלאית בע,IL,רימון,קילוגרמים,1.00,"ק""ג",true,,7.90,7.9000,true,1,14868
7290009005806,false,חבושים,אראל תוצרת חקלאית בע,IL,חבושים,קילוגרמים,1.00,"ק""ג",true,,7.90,7.9000,true,1,14869
7290009005912,false,אבוקדו ברשת,אראל תוצרת חקלאית בע,IL,אבוקדו ברשת,קילוגרמים,1.00,"ק""ג",true,,7.90,7.9000,true,1,14871
7290009006032,false,אגס נאשי,אראל תוצרת חקלאית בע,IL,אגס נאשי,קילוגרמים,1.00,"ק""ג",true,,11.90,11.9000,true,1,14874
7290009006056,false,אגס אדום,אראל תוצרת חקלאית בע,IL,אגס אדום,קילוגרמים,1.00,"ק""ג",true,,11.90,11.9000,true,1,14876
7290009006063,false,אגס,אראל תוצרת חקלאית בע,IL,אגס,קילוגרמים,1.00,"ק""ג",true,,11.90,11.9000,true,1,14877
7290009006209,false,גויאבה,אראל תוצרת חקלאית בע,IL,גויאבה,קילוגרמים,1.00,"ק""ג",true,,14.90,14.9000,true,1,14881
7290009006308,false,קיווי,אראל תוצרת חקלאית בע,IL,קיווי,קילוגרמים,1.00,"ק""ג",true,,12.90,12.9000,true,1,14882
7290009006322,false,קוקוס יחידה,אראל תוצרת חקלאית בע,IL,קוקוס יחידה,Unknown,0.00,יחידה,false,,5.00,0.0000,true,1,14884
7290009006506,false,ליצי יחידה,אראל תוצרת חקלאית בע,IL,ליצי יחידה,Unknown,0.00,יחידה,false,,9.90,0.0000,true,1,14888
7290009006803,false,אננס מתוק במיוחד,אראל תוצרת חקלאית בע,IL,אננס יחידה,Unknown,0.00,יחידה,false,,24.90,0.0000,true,1,14892
7290009006810,false,אפרסמון,אראל תוצרת חקלאית בע,IL,אפרסמון,קילוגרמים,1.00,"ק""ג",true,,12.90,12.9000,true,1,14893
7290009006858,false,אנונה,אראל תוצרת חקלאית בע,IL,אנונה,קילוגרמים,1.00,"ק""ג",true,,19.90,19.9000,true,1,14894
7290009007015,false,תפוח עץ סמיט,אראל תוצרת חקלאית בע,IL,תפוח עץ סמיט,קילוגרמים,1.00,"ק""ג",true,,9.90,9.9000,true,1,14897
7290009007022,false,תפוח עץ מוזהב,אראל תוצרת חקלאית בע,IL,תפוח עץ מוזהב,קילוגרמים,1.00,"ק""ג",true,,9.90,9.9000,true,1,14898
7290009007039,false,תפוח עץ יונתן,אראל תוצרת חקלאית בע,IL,תפוח עץ יונתן,קילוגרמים,1.00,"ק""ג",true,,9.90,9.9000,true,1,14899
7290009007046,false,תפוח עץ סטורי,אראל תוצרת חקלאית בע,IL,תפוח עץ חרמון,קילוגרמים,1.00,"ק""ג",true,,9.90,9.9000,true,1,14900
7290009007053,false,תפוח עץ גאלה,אראל תוצרת חקלאית בע,IL,תפוח עץ גאלה,קילוגרמים,1.00,"ק""ג",true,,9.90,9.9000,true,1,14901
7290009007077,false,תפוח עץ ברשת,אראל תוצרת חקלאית בע,IL,תפוח עץ רשת,קילוגרמים,1.00,"ק""ג",true,,6.90,6.9000,true,1,14902
7290009007107,false,תפוח עץ ענה,אראל תוצרת חקלאית בע,IL,תפוח עץ ענה,קילוגרמים,1.00,"ק""ג",true,,9.90,9.9000,true,1,14903
7290009007138,false,תפוח עץ פינק,אראל תוצרת חקלאית בע,IL,תפוח עץ פינק,קילוגרמים,1.00,"ק""ג",true,,15.90,15.9000,true,1,14904
7290009007503,false,ערמונים,אראל תוצרת חקלאית בע,IL,ערמונים,קילוגרמים,1.00,"ק""ג",true,,9.90,9.9000,true,1,14918
7290009007794,false,כרוב לבן שלם מהדרין,ערוגות המושב,IL,כרוב לבן שלם מהדרין,Unknown,0.00,יחידה,false,,15.90,0.0000,true,1,29065
7290009008401,false,שזיף לבן/צהוב,אראל תוצרת חקלאית בע,IL,שזיף לבן/צהוב,קילוגרמים,1.00,"ק""ג",true,,11.90,11.9000,true,1,14924
7290009008418,false,שזיף אדום,אראל תוצרת חקלאית בע,IL,שזיף אדום,קילוגרמים,1.00,"ק""ג",true,,9.90,9.9000,true,1,14925
7290009008425,false,שזיף שגיב,אראל תוצרת חקלאית בע,IL,שזיף שגיב,קילוגרמים,1.00,"ק""ג",true,,12.90,12.9000,true,1,14926
7290009008814,false,"מארז אבוקדו כ 2.5 ק""",אראל תוצרת חקלאית בע,IL,"מארז אבוקדו כ 2.5 ק""",פריט,2.50,"ק""ג",false,,17.90,7.1600,true,1,28396
7290009008821,false,"מארז תפוז כ 2.5 ק""ג",אראל תוצרת חקלאית בע,IL,"מארז תפוז כ 2.5 ק""ג",פריט,2.50,"ק""ג",false,,9.90,3.9600,true,1,28397
7290009008876,false,פטרוזיליה מהדרין ערו,ערוגות המושב,IL,פטרוזיליה מהדרין ערו,Unknown,0.00,יחידה,false,,7.90,0.0000,true,1,29071
7290009008883,false,כוסברה מהדרין ערוגות,ערוגות המושב,IL,כוסברה מהדרין ערוגות,Unknown,0.00,יחידה,false,,7.90,0.0000,true,1,29067
7290009008890,false,שמיר מהדרין ערוגות ה,ערוגות המושב,IL,שמיר מהדרין ערוגות ה,Unknown,0.00,יחידה,false,,7.90,0.0000,true,1,29068
7290009008906,false,נענע מהדרין ערוגות ה,ערוגות המושב,IL,נענע מהדרין ערוגות ה,Unknown,0.00,יחידה,false,,7.90,0.0000,true,1,29072
7290009008913,false,סלרי עלים מהדרין ערו,ערוגות המושב,IL,סלרי עלים מהדרין ערו,Unknown,0.00,יחידה,false,,8.90,0.0000,true,1,29064
7290009008920,false,מנגולד מהדרין ערוגות,ערוגות המושב,IL,מנגולד מהדרין ערוגות,Unknown,0.00,יחידה,false,,8.90,0.0000,true,1,29069
7290009008937,false,בצל ירוק מהדרין ערוג,ערוגות המושב,IL,בצל ירוק מהדרין ערוג,Unknown,0.00,יחידה,false,,8.90,0.0000,true,1,29070
7290009008944,false,חסה זוגות מהדרין ערו,ערוגות המושב,IL,חסה זוגות מהדרין ערו,Unknown,0.00,יחידה,false,,10.90,0.0000,true,1,29073
7290009028768,false,שקית ענק אושר עד,,,שקית ענק אושר עד,Unknown,0.00,יחידה,false,,0.60,0.0000,true,1,1896
7290009068818,false,אגוז ברזיל טבעי במשק,דין שיווק,IL,אגוז ברזיל טבעי במשק,קילוגרמים,1.00,"ק""ג",true,,89.00,89.0000,true,1,16710
7290009068825,false,אגוז קלוף במשקל,דין שיווק,IL,אגוז קלוף במשקל,קילוגרמים,1.00,"ק""ג",true,,59.00,59.0000,true,1,16711
7290009068849,false,בוטן מסוכר במשקל,דין שיווק,IL,בוטן מסוכר במשקל,קילוגרמים,1.00,"ק""ג",true,,30.00,30.0000,true,1,16712
7290009068856,false,בוטן קלוי במשקל,דין שיווק,CN,בוטן קלוי במשקל,קילוגרמים,1.00,"ק""ג",true,,24.00,24.0000,true,1,16713
7290009068863,false,בונדוק טבעי במשקל,דין שיווק,TR,בונדוק טבעי במשקל,קילוגרמים,1.00,"ק""ג",true,,77.00,77.0000,true,1,16714
7290009068870,false,בונדוק קלוי במשקל,דין שיווק,TR,בונדוק קלוי במשקל,קילוגרמים,1.00,"ק""ג",true,,88.00,88.0000,true,1,16715
7290009068887,false,גרעין אבטיח קלוי במש,דין שיווק,IL,גרעין אבטיח קלוי במש,קילוגרמים,1.00,"ק""ג",true,,55.00,55.0000,true,1,16716
7290009068894,false,גרעין לבן קלוי במשקל,דין שיווק,IL,גרעין לבן קלוי במשקל,קילוגרמים,1.00,"ק""ג",true,,39.00,39.0000,true,1,16717
7290009068917,false,גרעין שחור קלוי במשק,דין שיווק,US,גרעין שחור קלוי במשק,קילוגרמים,1.00,"ק""ג",true,,19.00,19.0000,true,1,16718
7290009068955,false,גרעין חמניה קלוף טבע,דין שיווק,IL,גרעין חמניה קלוף טבע,קילוגרמים,1.00,"ק""ג",true,,39.00,39.0000,true,1,16719
7290009068962,false,מנצס במשקל,דין שיווק,CN,מנצס במשקל,קילוגרמים,1.00,"ק""ג",true,,47.00,47.0000,true,1,16720
7290009069006,false,פיסטוק ענק קלוי במשק,דין שיווק,US,פיסטוק ענק קלוי במשק,קילוגרמים,1.00,"ק""ג",true,,69.00,69.0000,true,1,16721
7290009069051,false,פקאן טבעי במשקל,דין שיווק,US,פקאן טבעי במשקל,קילוגרמים,1.00,"ק""ג",true,,119.00,119.0000,true,1,16722
7290009069068,false,פקאן סיני במשקל,דין שיווק,IL,פקאן סיני במשקל,קילוגרמים,1.00,"ק""ג",true,,118.00,118.0000,true,1,16723
7290009069075,false,פיסטוק טבעי במשקל,דין שיווק,CN,צנובר במשקל,קילוגרמים,1.00,"ק""ג",true,,195.00,195.0000,true,1,16724
7290009069112,false,קשיו קלוי במשקל,דין שיווק,VN,קשיו קלוי במשקל,קילוגרמים,1.00,"ק""ג",true,,69.00,69.0000,true,1,16725
7290009069129,false,שקד שבבים במשקל,דין שיווק,US,שקד שבבים במשקל,קילוגרמים,1.00,"ק""ג",true,,115.00,115.0000,true,1,16726
7290009069143,false,שקד טבעי ענק במשקל,דין שיווק,US,שקד טבעי ענק במשקל,קילוגרמים,1.00,"ק""ג",true,,85.00,85.0000,true,1,16728
7290009069174,false,שקד מסוכר במשקל,דין שיווק,IL,שקד מסוכר במשקל,קילוגרמים,1.00,"ק""ג",true,,75.00,75.0000,true,1,16730
7290009069181,false,שקד ספרדי קלוי במשקל,דין שיווק,US,שקד ספרדי קלוי במשקל,קילוגרמים,1.00,"ק""ג",true,,69.00,69.0000,true,1,16731
7290009069235,false,חטיפים יפני במשקל,דין שיווק,TH,חטיפים יפני במשקל,קילוגרמים,1.00,"ק""ג",true,,65.00,65.0000,true,1,16732
7290009069242,false,בוטן אמריקאי במשקל,דין שיווק,IL,בוטן אמריקאי במשקל,קילוגרמים,1.00,"ק""ג",true,,26.00,26.0000,true,1,16733
7290009069259,false,קבוקים במשקל,דין שיווק,IL,קבוקים במשקל,קילוגרמים,1.00,"ק""ג",true,,20.00,20.0000,true,1,16734
7290009069266,false,בוטן בקליפה במשקל,דין שיווק,IL,בוטן בקליפה במשקל,קילוגרמים,1.00,"ק""ג",true,,15.00,15.0000,true,1,16735
7290009069273,false,משמש במשקל,דין שיווק,TR,משמש במשקל,קילוגרמים,1.00,"ק""ג",true,,54.00,54.0000,true,1,16736
7290009069280,false,צימוק חום במשקל,דין שיווק,TR,צימוק חום במשקל,קילוגרמים,1.00,"ק""ג",true,,28.00,28.0000,true,1,16737
7290009069297,false,צימוק לבן ענק במשקל,דין שיווק,US,צימוק לבן ענק במשקל,קילוגרמים,1.00,"ק""ג",true,,44.00,44.0000,true,1,16738
7290009069303,false,צימוק לבן במשקל,דין שיווק,US,צימוק לבן במשקל,קילוגרמים,1.00,"ק""ג",true,,37.00,37.0000,true,1,16739
7290009069310,false,שזיף מיובש ענק במשקל,דין שיווק,AR,שזיף מיובש ענק במשקל,קילוגרמים,1.00,"ק""ג",true,,45.00,45.0000,true,1,16740
7290009069327,false,תאנים גדולות במשקל,דין שיווק,TR,תאנים גדולות במשקל,קילוגרמים,1.00,"ק""ג",true,,47.00,47.0000,true,1,16741
7290009069334,false,שזיף ללא גרעין במשקל,דין שיווק,AR,שזיף ללא גרעין במשקל,קילוגרמים,1.00,"ק""ג",true,,45.00,45.0000,true,1,16742
7290009069426,false,אננס פלחים במשקל,,,אננס פלחים במשקל,קילוגרמים,1.00,"ק""ג",true,,24.00,24.0000,true,1,16745
7290009069440,false,בננה ציפס במשקל,דין שיווק,PH,בננה ציפס במשקל,קילוגרמים,1.00,"ק""ג",true,,33.00,33.0000,true,1,16746
7290009069471,false,מנגו מיובש במשקל,דין שיווק,GH,מנגו מיובש במשקל,קילוגרמים,1.00,"ק""ג",true,,28.00,28.0000,true,1,16747
7290009069495,false,פאפיה במשקל,דין שיווק,TH,פאפיה במשקל,קילוגרמים,1.00,"ק""ג",true,,29.00,29.0000,true,1,16748
7290009069501,false,תמר מגהול ענק,דין שיווק,IL,תמר מגהול ענק,קילוגרמים,1.00,"ק""ג",true,,45.00,45.0000,true,1,16749
7290009069518,false,ג'ינג'ר דל סוכר שקיל,דין שיווק,TH,גינגר במשקל,קילוגרמים,1.00,"ק""ג",true,,50.00,50.0000,true,1,16750
7290009069990,false,תבלינים בקבוצה 2 במש,נפטון,IL,תבלינים בקבוצה 2 במש,קילוגרמים,1.00,"ק""ג",true,,50.00,50.0000,true,1,16752
7290009077162,false,מלפפון/ירקות במשקל,דין שיווק,IL,מלפפון/ירקות במשקל,קילוגרמים,1.00,"ק""ג",true,,40.00,40.0000,true,1,16753
7290009077483,false,זית ירוק במשקל,דין שיווק,GR,זית ירוק במשקל,קילוגרמים,1.00,"ק""ג",true,,54.00,54.0000,true,1,16754
7290009077575,false,זית סורי במשקל,דין שיווק,GR,זית סורי במשקל,קילוגרמים,1.00,"ק""ג",true,,40.00,40.0000,true,1,16755
7290009077681,false,זית יווני במשקל,דין שיווק,GR,זית יווני במשקל,קילוגרמים,1.00,"ק""ג",true,,59.00,59.0000,true,1,16756
7290009090017,false,תבלינים בקבוצה 4 במש,נפטון,IL,תבלינים בקבוצה 4 במש,קילוגרמים,1.00,"ק""ג",true,,100.00,100.0000,true,1,16757
7290009951394,false,חלבה וניל תפזורת,אקאר,IL,חלוה במשקל,קילוגרמים,1.00,"ק""ג",true,,49.00,49.0000,true,1,16758
7290009951431,false,פירות אקזוטיים במשקל,דין שיווק,VN,פירות טרופיים במשקל,קילוגרמים,1.00,"ק""ג",true,,80.00,80.0000,true,1,16759
7290009951455,false,תבלינים / פלפל,,IL,תבלינים / פלפל,קילוגרמים,1.00,"ק""ג",true,,75.00,75.0000,true,1,16760
7290010045006,false,עוגיות חמאה פריכות 200 ג',מאפיית אריאל,IL,עוגיות פריכות עם חמא,גרמים,200.00,100 גרם,false,,18.90,0.0945,true,1,6762
7290010045013,false,עוגיות חמאה צרפתיות 200 ג',מאפיית אריאל,IL,עוגיות עם חמאה וסוכר,גרמים,200.00,100 גרם,false,,18.90,0.0945,true,1,6763
7290010045051,false,עוגיות מלבן שקדים 200 ג',מאפיית אריאל,IL,עוגיות מלבן שקדים לח,גרמים,200.00,100 גרם,false,,18.90,0.0945,true,1,6764
7290010045068,false,עוגיות הנסיכה משושים,מאפיית אריאל,IL,עוגיות נסיכה לחמי 25,גרמים,200.00,100 גרם,false,,18.90,0.0945,true,1,6765
7290010066599,false,נתחי טונה בשמן זית 4*158ג' פילטונה,תעשיות פילטונה,IL,טונה בשמן זית פילטונ,גרמים,640.00,100 גרם,false,,27.90,0.0436,true,1,13990
7290010116980,false,אבקת שוקולית שקית עלית 850 ג',הנסיך- מפעל לייצור ט,IL,שוקולית 850 גרם,גרמים,850.00,100 גרם,false,,14.90,0.0175,true,1,12517
7290010117864,false,דוריטוס בטעם חריף אש,שטראוס פריטו ליי בע,IL,דוריטוס בטעם חריף אש,גרמים,70.00,100 גרם,false,,3.20,0.0457,true,1,25346
7290010151783,false,יין דרימיה סהר 2016,חבל יתיר,IL,יין דרימיה סהר 2016,מיליליטרים,750.00,"100 מ""ל",false,,99.90,0.1332,true,1,7494
7290010153503,false,שעועית בובס יבשה מיה 400 גר',מיה תעשיות מזון בעמ,IL,שעועית בובס מיה 400,גרמים,400.00,100 גרם,false,,9.90,0.0248,true,1,7221
7290010153725,false,קונפיטורה דובדבן מיה 340 גר',מיה תעשיות מזון בעמ,IL,קונפיטורה דובדבן מיה,גרמים,340.00,100 גרם,false,,8.70,0.0256,true,1,27171
7290010153817,false,ריבת חלב אמיתי 400גרם,מיה תעשיות מזון בעמ,IL,ריבת חלב מיה 400 גרם,גרמים,400.00,100 גרם,false,,9.90,0.0248,true,1,7225
7290010153848,false,תבלין פפריקה מרוקאי בשמן 80 גר' מיה,מיה תעשיות מזון בעמ,IL,פפריקה מתוקה בשמן מי,גרמים,80.00,100 גרם,false,,5.80,0.0725,true,1,7227
7290010153855,false,פפריקה מרוקאית בשמן 300גרם צנצנת,מיה תעשיות מזון בעמ,IL,פפריקה מרוקאית בשמן,גרמים,300.00,100 גרם,false,,14.90,0.0497,true,1,7228
7290010153862,false,תבלין פלפל שחור גרוס 70 גר',מיה תעשיות מזון בעמ,IL,פלפל שחור גרוס מיה 7,גרמים,70.00,100 גרם,false,,6.90,0.0986,true,1,7229
7290010153879,false,ריבת חלב מרוכזת בטעם שמנת מיה 400 גר',מיה תעשיות מזון בעמ,IL,ריבת חלב בטעם שמנת מ,גרמים,400.00,100 גרם,false,,9.90,0.0248,true,1,7230
7290010153978,false,קונפיטורה שזיפים מיה 340 גר',מיה תעשיות מזון בעמ,IL,קונפיטורה שזיף מיה 3,גרמים,340.00,100 גרם,false,,8.70,0.0256,true,1,27172
7290010154005,false,סחוג תימני ירוק 250 ביטון,תבליני ביטון יוחאי,IL,סחוג תימני ביטון 250,גרמים,250.00,100 גרם,false,,13.50,0.0540,true,1,8597
7290010154012,false,לימון בלאדי - סלט לימון כבוש,תבליני ביטון יוחאי,IL,לימון בלאדי ביטון 25,גרמים,250.00,100 גרם,false,,13.50,0.0540,true,1,8598
7290010154029,false,אריסה מתוקה ביטון 250 ג',תבליני ביטון,IL,אריסה מתוקה ביטון 25,גרמים,250.00,100 גרם,false,,13.50,0.0540,true,1,8599
7290010154265,false,פלפל צ'ומה חריף פיקנטי,תבליני ביטון יוחאי,IL,פלפל צומה ביטון 250,גרמים,250.00,100 גרם,false,,13.50,0.0540,true,1,8600
7290010154678,false,אריסה מרוקאית ביטון 250 ג' ביטון,תבליני ביטון יוחאי,IL,אריסה חריף פיקנטי בי,גרמים,250.00,100 גרם,false,,13.50,0.0540,true,1,8601
7290010154685,false,סלט שום כתוש 250 ג' ביטון יוחאי,תבליני ביטון יוחאי,IL,שום כתוש ביטון 250 ג,גרמים,250.00,100 גרם,false,,13.50,0.0540,true,1,8602
7290010175840,false,לבבות דקל שלמים במי מלח,אינאקספו,UY,לבבות דקל שלם טעים 4,גרמים,400.00,100 גרם,false,,11.50,0.0288,true,1,25563
7290010175857,false,פרוסות לבבות דקל 400 ג' טעמן,אינאקספו,UY,לבבות דקל פרוס טעים,גרמים,400.00,100 גרם,false,,10.50,0.0263,true,1,5466
7290010176014,false,מיץ לימון טרי 1 ליטר (סחוט מ-32 לימונים),,,מיץ לימון משומר טעמן,קילוגרמים,1.00,ליטר,false,,9.90,9.9000,true,1,5468
7290010176212,false,נודלס בטעם עוף בכוס 65 גר' טעמן,זיזיאנג גרין הום פוד,CN,תאי נודלס בטעם עוף ט,גרמים,65.00,100 גרם,false,,3.90,0.0600,true,1,5469
7290010176229,false,נודלס בטעם בקר בכוס 65 גר' טעמן,זיזיאנג גרין הום פוד,CN,תאי נודלס בטעם בקר ט,גרמים,65.00,100 גרם,false,,3.90,0.0600,true,1,5470
7290010176236,false,נודלס בטעם ירקות בכוס 65 גר' טעמן,זיזיאנג גרין הום פוד,CN,תאי נודלס בטעם ירקות,גרמים,65.00,100 גרם,false,,3.90,0.0600,true,1,5471
7290010176243,false,נודלס בטעם סיני בכוס 65 גר' טעמן,זיזיאנג גרין הום פוד,CN,תאי נודלס בטעם סיני,גרמים,65.00,100 גרם,false,,3.90,0.0600,true,1,5472
7290010176793,false,סוכריות מיני רולים 375 ג,גואנגדונג צאואן פוד,CN,סוכריות מיני רולים ט,גרמים,375.00,100 גרם,false,,15.90,0.0424,true,1,5475
7290010192120,false,צנונית ארוזה 400 גרם,חקלאי,IL,צנונית ארוזה 400 גרם,גרמים,400.00,100 גרם,false,,4.90,0.0123,true,1,19753
7290010193288,false,"קישקע ממולא 500 גר' במגש בד""ץ",מ ב גלאט עוף למהדרין,IL,קישקע גלאט עוף 500 ג,גרמים,500.00,100 גרם,false,,14.90,0.0298,true,1,2412
7290010193837,false,נגיסי עוף גלאט עוף 2,מ ב גלאט עוף למהדרין,IL,נגיסי עוף גלאט עוף 2,פריט,2.00,"ק""ג",false,,59.90,29.9500,true,1,2429
7290010193844,false,טבעות עוף גלאט עוף 1,מ ב גלאט עוף למהדרין,IL,טבעות עוף גלאט עוף 1,פריט,1.80,"ק""ג",false,,59.90,33.2778,true,1,2430
7290010193851,false,שניצל אמריקאי גלאט ע,מ ב גלאט עוף למהדרין,IL,שניצל אמריקאי גלאט ע,פריט,2.00,"ק""ג",false,,59.90,29.9500,true,1,2431
7290010193899,false,קישקע קמח מלא גלאט ע,מ ב גלאט עוף למהדרין,IL,קישקע קמח מלא גלאט ע,גרמים,500.00,100 גרם,false,,16.90,0.0338,true,1,2435
7290010193929,false,שניצלונים בשומשום גל,מ ב גלאט עוף למהדרין,IL,שניצלונים בשומשום גל,פריט,1.30,"ק""ג",false,,59.90,46.0769,true,1,2437
7290010193967,false,קישקע גלאט עוף 600 ג,מ ב גלאט עוף למהדרין,IL,קישקע גלאט עוף 600 ג,גרמים,600.00,100 גרם,false,,18.90,0.0315,true,1,2440
7290010237890,false,"בירה הייניקן בקבוק 500 מ""ל חוזר",טמפו משקאות בע''מ,IL,בירה היינקן ב.חוזר 5,מיליליטרים,500.00,"100 מ""ל",false,,8.90,0.0178,true,1,5405
7290010259359,false,וילי פוד נודלס אטר.ביצים להקפצה בדץ 200ג,פוג'יאן לונגהאי אנלי,TH,נודלס אטריות ביצים ר,גרמים,200.00,100 גרם,false,,4.50,0.0225,true,1,28353
7290010259366,false,וילי פוד נודלס אטר.ביצים מסולסל בדץ 200ג,פוג'יאן לונגהאי אנלי,CN,נודלס אטריות ביצים מ,גרמים,200.00,100 גרם,false,,4.50,0.0225,true,1,28354
7290010259892,false,"מרגרינה לל""מ פלוס כחול 200ג' ויליפוד",מרסה,TR,מרגרינה ללא מלח וילי,גרמים,200.00,100 גרם,false,,3.90,0.0195,true,1,2162
7290010259991,false,וילי פוד צנימים בדץ 250ג,קריות זול,PT,צנימים ויליפוד 250 ג,גרמים,250.00,100 גרם,false,,7.90,0.0316,true,1,2166
7290010328093,false,ממרח חלווה אחווה 400 ג' מהדרין,אחדות בית חרושת לטחי,IL,ממרח חלוה אחוה 400 ג,גרמים,400.00,100 גרם,false,,9.90,0.0248,true,1,45
7290010328178,false,חלבה מסולסלת שערות אחוה 250 ג',אחדות ביחר לטחינה חל,IL,חלוה מסולסלת אחוה 25,גרמים,250.00,100 גרם,false,,10.90,0.0436,true,1,46
7290010328239,false,טחינה גולמית מתובלת אחווה 500 ג',אחדות ביחר לטחינה חל,IL,טחינה מתובלת אחוה 50,גרמים,500.00,100 גרם,false,,10.90,0.0218,true,1,47
7290010328345,false,חלווה 50 גר' וניל אחדות,אחדות ביחר לטחינה חל,IL,חטיף חלוה וניל אחוה,גרמים,50.00,100 גרם,false,,1.60,0.0320,true,1,48
7290010328451,false,אחווה חלווה עם פולי קקאו 400 גר,אחדות ביחר לטחינה חל,IL,חלוה פולי קקאו אחוה,גרמים,400.00,100 גרם,false,,11.90,0.0298,true,1,49
7290010328468,false,אחוה חטיפי מיני חלווה 12*18 יח,שוורצקוף& הנקל דיסלד,IL,חטיפי מיני חלוה אחוה,גרמים,216.00,100 גרם,false,,9.80,0.0454,true,1,50
7290010328505,false,"חלבה חטיפי מיני לייטר לל""ס אחוה 150ג'",אחדות ביחר לטחינה חל,IL,חטיפי מיני חלוה ללא,גרמים,150.00,100 גרם,false,,9.80,0.0653,true,1,51
7290010328680,false,עוגה שוקולדו שוקוצ'יפ מריר ולבן אחוה 450ג',אחדות ביחר לטחינה חל,IL,עוגת שוקולד ציפס מרי,גרמים,450.00,100 גרם,false,,9.80,0.0218,true,1,52
7290010328710,false,קיצפיות אחווה 180 גר,אחדות ביחר לטחינה חל,IL,קצפיות אחוה 180 גרם,גרמים,180.00,100 גרם,false,,8.50,0.0472,true,1,53
7290010328727,false,ממרח טחינה עם שוקולד אחווה 400 ג',אחדות ביחר לטחינה חל,IL,ממרח שומשום עם שוקול,גרמים,400.00,100 גרם,false,,9.90,0.0248,true,1,54
7290010328734,false,ממרח טחינה עם סילאן משומשום מלא,אחדות ביחר לטחינה חל,IL,ממרח שומשום עם סילאן,גרמים,400.00,100 גרם,false,,9.90,0.0248,true,1,55
7290010328765,false,חלבה חטיף שוקו וניל וחלבה אחווה 50 גרם,אחדות ביחר לטחינה חל,IL,חטיף חלוה שוקו וניל,גרמים,50.00,100 גרם,false,,1.60,0.0320,true,1,56
7290010328789,false,עוגה וניל אחדות 350 גר',אחדות ביחר לטחינה חל,IL,עוגת וניל אחדות 350,גרמים,350.00,100 גרם,false,,6.50,0.0186,true,1,57
7290010328796,false,עוגה שוקולד אחדות 350 גר',אחדות ביחר לטחינה חל,IL,עוגת שוקולד אחדות 35,גרמים,350.00,100 גרם,false,,6.50,0.0186,true,1,58
7290010328802,false,עוגת שוקוצ'יפס 350 ג' אחדות.,אחדות ביחר לטחינה חל,IL,עוגת שוקולד ציפס אחד,גרמים,350.00,100 גרם,false,,6.50,0.0186,true,1,59
7290010328895,false,מאפין בטעם שוקולד45 גרם אחוה,אחדות ביחר לטחינה חל,IL,מאפין שוקולד אחוה 45,גרמים,45.00,100 גרם,false,,1.30,0.0289,true,1,61
7290010328901,false,מאפין בטעם וניל 45 גרם אחוה,אחדות ביחר לטחינה חל,IL,מאפין וניל אחוה 45 ג,גרמים,45.00,100 גרם,false,,1.30,0.0289,true,1,62
7290010471669,false,יוגורט תות עם קורנפלקס מצופה שוקולד ללא גלוטן 3.9%,"שטראוס בריאות בע""מ",IL,דנונה בר תות וקורנפל,גרמים,175.00,100 גרם,false,,2.90,0.0166,true,1,12149
7290010472307,false,מארז 8 יחידות משקה גמדים בטעם תות בננה,"שטראוס בריאות בע""מ",IL,מארז משקה גמדים תות,גרמים,800.00,100 גרם,false,,19.90,0.0249,true,1,12150
7290010472390,false,מארז 8 יחידות מעדן דני בטעם שוקולד 1.5%,מיוצר עי קונדיטוריית,IL,מארז דני שוקולד 8*12,קילוגרמים,1.00,ליטר,false,,14.50,14.5000,true,1,12151
7290010513703,false,צ'ופסטיקס צפצפה - 20 יחידות,גולין פנגזו,CN,צופסטיקס מזרח ומערב,Unknown,0.00,יחידה,false,,6.90,0.0000,true,1,20746
7290010513727,false,פנקו פרורי לחם יפניי,קינגדאו גוניון פודס,CN,פנקו פירורי לחם מזרח,גרמים,200.00,100 גרם,false,,7.90,0.0395,true,1,20747
7290010561148,false,שליש באגט ל.גלוטן בר,"ל.ד בר אל בע""מ",IL,שליש באגט ל.גלוטן בר,גרמים,360.00,100 גרם,false,,9.90,0.0275,true,1,1312
7290010561193,false,לחמניות נקניקיה ל.גל,"ל.ד בר אל בע""מ",IL,לחמניות נקניקיה ל.גל,גרמים,330.00,100 גרם,false,,4.90,0.0148,true,1,1314
7290010561216,false,פיתות ל.גלוטן בראל 5,"ל.ד בר אל בע""מ",IL,פיתות ל.גלוטן בראל 5,גרמים,420.00,100 גרם,false,,9.90,0.0236,true,1,1315
7290010561247,false,לחם ביתי ל.גלוטן ברא,"ל.ד בר אל בע""מ",IL,לחם ביתי ל.גלוטן ברא,גרמים,500.00,100 גרם,false,,4.90,0.0098,true,1,1316
7290010561278,false,לחמניות המבורגר ל.גל,"ל.ד בר אל בע""מ",IL,לחמניות המבורגר ל.גל,גרמים,370.00,100 גרם,false,,4.90,0.0132,true,1,1317
7290010608096,false,יין יפו קברנה סובניו,יקב טרנקבל,IL,יין יפו קברנה סובניו,מיליליטרים,750.00,"100 מ""ל",false,,89.90,0.1199,true,1,24872
7290010608249,false,יין יפו מרלו 2019,יקב טרנקבל,IL,יין יפו מרלו 2019,מיליליטרים,750.00,"100 מ""ל",false,,89.90,0.1199,true,1,24874
7290010617203,false,סינר האכלה לתינוק אר,אריסטוקרט,,סינר האכלה לתינוק אר,Unknown,0.00,יחידה,false,,11.90,0.0000,true,1,18062
7290010617593,false,כוס אימון +ידית רכות במיוחד,אריסטוקרט,,כוס אימון יוקרתית לת,Unknown,0.00,יחידה,false,,14.90,0.0000,true,1,18068
7290010617623,false,"כוס אימון עם ידיות 623 מ""ל",אריסטוקרט,,כוס אימון פרימיום לת,Unknown,0.00,יחידה,false,,14.90,0.0000,true,1,18070
7290010617746,false,משחת נעליים+ידית שחור,אריסטוקרט,TR,משחת נעליים שחור+ידי,מיליליטרים,60.00,"100 מ""ל",false,,3.90,0.0650,true,1,28405
7290010617906,false,מברשת לניקוי בקבוק נצמדת..,אריסטוקרט,,מברשת פרימיום לניקוי,Unknown,0.00,יחידה,false,,12.90,0.0000,true,1,18071
7290010617913,false,בקבוק הזנה רחב לתינוק ללא ביספינול A,אריסטוקרט,,בקבוק רחב לתינוק ארי,Unknown,0.00,יחידה,false,,18.90,0.0000,true,1,18072
7290010617920,false,מחזיק למוצץ אריסטוקר,אריסטוקרט,,מחזיק למוצץ אריסטוקר,Unknown,0.00,יחידה,false,,12.90,0.0000,true,1,18073
7290010650019,false,עולש אנדיב בלגי חוות,מרינה פטריות הגליל,IL,אנדיב - עולש,Unknown,0.00,יחידה,false,,13.90,0.0000,true,1,20274
7290010650033,false,בצלצלי שאלוט ארוז לי,חוות פטריות תקוע,IL,בצלי שאלוט 250 גרם מ,גרמים,250.00,100 גרם,false,,9.90,0.0396,true,1,14969
7290010650828,false,פטריות שימאגי לבן/חו,ביכורי שדה דרום 2002,IL,פטריות שימגי,Unknown,0.00,יחידה,false,,13.90,0.0000,true,1,20298
7290010650996,false,פטריות שי - מגי חום ולבן,שנגחאי פינק פוד קומפ,IL,פטריות שימגי חומות,Unknown,0.00,יחידה,false,,13.90,0.0000,true,1,20300
7290010656592,false,מיץ ענבים תירוש אדום 100% טבעי 1 ליטר,יקב טפרברג 1870 בעמ,IL,מיץ ענבים תירוש אדום,קילוגרמים,1.00,ליטר,false,,16.90,16.9000,true,1,26108
7290010656615,false,מיץ ענבים תירוש לבן 100% טבעי 1 ליטר,יקב טפרברג 1870 בעמ,IL,מיץ ענבים תירוש לבן,קילוגרמים,1.00,ליטר,false,,16.90,16.9000,true,1,6327
7290010676712,false,פילה סול ארוז קפוא,,,פילה סול פאר הדג,פריט,1.00,"ק""ג",false,,27.90,27.9000,true,1,10792
7290010748877,false,קרם גוף סנסטיב Senstive לעור רגיש,פישר מעבדות פרמצבטיו,IL,קרם גוף אפקטיב קר לע,מיליליטרים,700.00,"100 מ""ל",false,,25.90,0.0370,true,1,6719
7290010748884,false,קרם גוף אינטנסיב Intensive לעור יבש במיוחד,פישר מעבדות פרמצבטיו,IL,קרם גוף אפקטיב קר לע,מיליליטרים,700.00,"100 מ""ל",false,,25.90,0.0370,true,1,6720
7290010748891,false,קרם גוף מולטי ויטמין Multi vitamin לעור רגיל- יבש,פישר מעבדות פרמצבטיו,IL,קרם גוף אפקטיב קר לע,מיליליטרים,700.00,"100 מ""ל",false,,25.90,0.0370,true,1,6721
7290010757893,false,"בורקס תפו""א ללא גלוטן פרווה - מוקפא",מאפיית ישראל חיפה,IL,"בורקס תפו""א ל.גלוטן",גרמים,500.00,100 גרם,false,,19.90,0.0398,true,1,6766
7290010757909,false,בורקס גבינה ללא גלוטן - מוקפא,מאפיית ישראל חיפה,IL,בורקס גבינה ל.גלוטן,גרמים,500.00,100 גרם,false,,19.90,0.0398,true,1,6767
7290010757916,false,בורקס פיצה ללא גלוטן,מאפיית ישראל חיפה,IL,בורקס פיצה ל.גלוטן א,גרמים,500.00,100 גרם,false,,19.90,0.0398,true,1,6768
7290010757923,false,ריבועי בצק עלים ל.גל,מאפיית ישראל חיפה,IL,ריבועי בצק עלים ל.גל,גרמים,450.00,100 גרם,false,,17.90,0.0398,true,1,6769
7290010757930,false,מלאווח ללא גלוטן פרווה - מוקפא,מאפיית ישראל חיפה,IL,מלוואח ל.גלוטן אריאל,גרמים,500.00,100 גרם,false,,19.90,0.0398,true,1,6770
7290010757947,false,בורקס פיטריות ללא גל,מאפיית ישראל חיפה,IL,בורקס פטריות ל.גלוטן,גרמים,500.00,100 גרם,false,,19.90,0.0398,true,1,6771
7290010757954,false,זיווה גבינה ללא גלוט,מאפיית ישראל חיפה,IL,זיווה גבינה ל.גלוטן,גרמים,500.00,100 גרם,false,,19.90,0.0398,true,1,6772
7290010757961,false,ג'חנון ללא גלוטן ארי,מאפיית ישראל חיפה,IL,ג'חנון ל.גלוטן אריאל,גרמים,450.00,100 גרם,false,,19.90,0.0442,true,1,6773
7290010759132,false,עוגיות אגוזים ללא סו,מאפיית ישראל חיפה,IL,עוגיות אגוזים ללא סו,גרמים,300.00,100 גרם,false,,12.90,0.0430,true,1,6774
7290010759149,false,עוגיות קקאו ללא סוכר,מאפיית ישראל חיפה,IL,עוגיות קקאו ללא סוכר,גרמים,300.00,100 גרם,false,,12.90,0.0430,true,1,6775
7290010759156,false,עוגיות שקדים ללא סוכ,מאפיית ישראל חיפה,IL,עוגיות שקדים ללא סוכ,גרמים,300.00,100 גרם,false,,12.90,0.0430,true,1,6776
7290010759163,false,עוגיות פריכות ללא סו,מאפיית ישראל חיפה,IL,עוגיות פריכות ללא סו,גרמים,300.00,100 גרם,false,,12.90,0.0430,true,1,6777
7290010766949,false,ממרח תחתיות ארטישוק 180ג' אוליביה,אוליביה,IL,ממרח תחתיות ארטישיוק,גרמים,180.00,100 גרם,false,,12.90,0.0717,true,1,14069
7290010766956,false,אוליביה ממרח פלפלים מתוקים אדומים 180 גר,אוליביה,IL,ממרח פלפלים קלויים א,גרמים,180.00,100 גרם,false,,12.90,0.0717,true,1,14070
7290010777150,false,פיתה חיטה מלאה בריבוע 8יח' שקית 800 גר',מגוון שיווק והפצת מא,IL,פיתות מרובעות קמח מל,גרמים,800.00,100 גרם,false,,13.90,0.0174,true,1,19706
7290010777280,false,פיתות מרובעות פיתה א,שאשא,IL,פיתות מרובעות פיתה א,פריט,1.00,"ק""ג",false,,12.90,12.9000,true,1,19709
7290010777297,false,פיתה אקספרס מארז 12יח',מגוון שיווק והפצת מא,IL,פיתות פיתה אקספרס 10,גרמים,600.00,100 גרם,false,,12.90,0.0215,true,1,19710
7290010777358,false,פיתה כוסמין אקספרס מארז 8יח',מגוון שיווק והפצת מא,IL,מארז פיתות 100% כוסמ,גרמים,400.00,100 גרם,false,,15.90,0.0398,true,1,19712
7290010777488,false,פיתות מחמצת 100% קמח מלא 10 יח,מאפיית ביכורים מזון,IL,מארז פיתות מחמצת קמח,גרמים,500.00,100 גרם,false,,15.90,0.0318,true,1,25283
7290010777525,false,פיתות 100% כוסמין דק 99 קל 6 יח,מאפיית ביכורים מזון,IL,מארז פיתות חוכמת הפי,גרמים,300.00,100 גרם,false,,15.90,0.0530,true,1,25284
7290010883356,false,כפפות אלוורה רב שימושיות מרופדות גדול L,סנו סושי,CN,כפפות אלוורה L סנו ס,Unknown,0.00,יחידה,false,,9.90,0.0000,true,1,3797
7290010883363,false,כפפות אלוורה רב שימושיות מרופדות קטן S,האי נאם סי או אל.טי.,CN,כפפות אלוורה S סנו ס,Unknown,0.00,יחידה,false,,9.90,0.0000,true,1,3798
7290010883370,false,כפפות אלוורה רב שימושיות מרופדות בינוני M,האי נאם סי או אל.טי.,CN,כפפות אלוורה M סנו ס,Unknown,0.00,יחידה,false,,9.90,0.0000,true,1,3799
7290010931330,false,סלט מטבוחה אחלה 500ג,מיוצר עי קונדיטוריית,IL,מטבוחה אחלה 500 גרם,גרמים,500.00,100 גרם,false,,13.90,0.0278,true,1,12152
7290010945146,false,קוטג' 3% מועשר בסידן טרה 250 ג' מהדרין,קריות זול,IL,קוטג 3% טרה 250 גרם,גרמים,250.00,100 גרם,false,,5.70,0.0228,true,1,4451
7290010945306,false,חלב 3% בקרטון 2 ל' טרה,קריות זול,IL,חלב 3% טרה 2 ליטר,קילוגרמים,2.00,ליטר,false,,12.30,6.1500,true,1,4452
7290010945450,false,טרה גבינה לבנה מהדרין 3% 250ג,קריות זול,IL,גבינה 3% טרה 250 גרם,גרמים,250.00,100 גרם,false,,4.90,0.0196,true,1,4453
7290010945481,false,גבינה לבנה 5% שומן 500 ג' טרה,קריות זול,IL,גבינה 5% טרה 500 גרם,גרמים,500.00,100 גרם,false,,9.70,0.0194,true,1,4454
7290010984565,false,זית חרוזית בני דרום,בני דרום,IL,זית חרוזית בני דרום,גרמים,820.00,100 גרם,false,,9.90,0.0121,true,1,20633
7290010984572,false,זית טבעות בני דרום 8,בני דרום,IL,זית טבעות בני דרום 8,גרמים,820.00,100 גרם,false,,9.90,0.0121,true,1,20634
7290010984596,false,זית מנזלינו בני דרום,בני דרום,IL,זית מנזלינו בני דרום,גרמים,820.00,100 גרם,false,,7.90,0.0096,true,1,20635
7290010984602,false,זית סורי מבוקע בני ד,בני דרום,IL,זית סורי מבוקע בני ד,גרמים,820.00,100 גרם,false,,12.90,0.0157,true,1,20636
7290010984619,false,זית מבוקע בני דרום 8,בני דרום,IL,זית מבוקע בני דרום 8,גרמים,820.00,100 גרם,false,,9.90,0.0121,true,1,20637
7290010984626,false,מלפפון במלח גדול בני,בני דרום,IL,מלפפון במלח גדול בני,גרמים,820.00,100 גרם,false,,6.90,0.0084,true,1,20638
7290010984633,false,מלפפון במלח בינוני ב,בני דרום,IL,מלפפון במלח בינוני ב,גרמים,820.00,100 גרם,false,,7.90,0.0096,true,1,20639
7290010984640,false,מלפפון במלח קטן בני,בני דרום,IL,מלפפון במלח קטן בני,גרמים,820.00,100 גרם,false,,9.50,0.0116,true,1,20640
7290010984657,false,מלפפון במלח קטן מאוד,בני דרום,IL,מלפפון במלח קטן מאוד,גרמים,820.00,100 גרם,false,,11.90,0.0145,true,1,20641
7290010984671,false,מלפפון בחומץ גדול בנ,בני דרום,IL,מלפפון בחומץ גדול בנ,גרמים,820.00,100 גרם,false,,6.90,0.0084,true,1,20642
7290010984688,false,מלפפון בחומץ בינוני,בני דרום,IL,מלפפון בחומץ בינוני,גרמים,820.00,100 גרם,false,,7.90,0.0096,true,1,20643
7290010984695,false,מלפפון בחומץ קטן בני,בני דרום,IL,מלפפון בחומץ קטן בני,גרמים,820.00,100 גרם,false,,9.50,0.0116,true,1,20644
7290010984701,false,מלפפון בחומץ קטן מאו,בני דרום,IL,מלפפון בחומץ קטן מאו,גרמים,820.00,100 גרם,false,,11.90,0.0145,true,1,20645
7290010984794,false,פלפל שיפקה בני דרום,בני דרום,IL,פלפל שיפקה בני דרום,גרמים,820.00,100 גרם,false,,7.50,0.0091,true,1,20648
7290011017866,false,קוקה קולה קלאסי בפחית,החברה המרכזית לייצור,IL,"קוקה קולה 330 מ""ל",מיליליטרים,330.00,"100 מ""ל",false,,4.90,0.0148,true,1,4016
7290011017873,false,"קוקה קולה זירו פחית 330 מ""ל",החברה המרכזית לייצור,IL,קוקה קולה זירו 330 מ,מיליליטרים,330.00,"100 מ""ל",false,,4.90,0.0148,true,1,4017
7290011018443,false,"פנטה אורנג פחית סליק 330 מ""ל",החברה המרכזית לייצור,IL,"פאנטה אורנג' 330 מ""ל",מיליליטרים,330.00,"100 מ""ל",false,,4.90,0.0148,true,1,4022
7290011064099,false,טאפס פלפלוני שרי ממולאים במעדן גבינה,"ניצן מותגי מזון בע""מ",IL,טאפס פלפלים ממולאים,גרמים,125.00,100 גרם,false,,16.90,0.1352,true,1,1535
7290011091057,false,פפריקה מתוקה 500 ג פרג,תבליני הדור השלישי,IL,פפריקה מתוקה פרג 500,גרמים,500.00,100 גרם,false,,34.90,0.0698,true,1,13465
7290011091071,false,פפריקה חריפה בשמן 500 גרם,תבליני הדור השלישי,IL,פפריקה חריפה בשמן פר,גרמים,500.00,100 גרם,false,,34.90,0.0698,true,1,13466
7290011091088,false,כורכום פרג 500 גרם,תבליני הדור השלישי,IL,כורכום פרג 500 גרם,גרמים,500.00,100 גרם,false,,34.90,0.0698,true,1,13467
7290011091095,false,חוואיג למרק פרג 500,תבליני הדור השלישי,IL,חוואיג למרק פרג 500,גרמים,500.00,100 גרם,false,,34.90,0.0698,true,1,13468
7290011091118,false,גריל עוף פרג 500 גרם,תבליני הדור השלישי,IL,גריל עוף פרג 500 גרם,גרמים,500.00,100 גרם,false,,34.90,0.0698,true,1,13469
7290011091392,false,תבלין בהרט לקובה 100 גרם,תבליני הדור השלישי,IL,בהרט לקובה פרג 120 ג,גרמים,100.00,100 גרם,false,,16.90,0.1690,true,1,13473
7290011091507,false,פלפל שחור טחון 120 גרם,תבליני הדור השלישי,IL,פלפל שחור טחון פרג 1,גרמים,100.00,100 גרם,false,,15.90,0.1590,true,1,13475
7290011091620,false,קימל טחון פרג 120 גר,תבליני הדור השלישי,IL,קימל טחון פרג 120 גר,גרמים,120.00,100 גרם,false,,15.90,0.1325,true,1,13477
7290011091637,false,בהר פלפל אנגלי טחון,תבליני הדור השלישי,IL,פלפל אנגלי פרג 120 ג,גרמים,120.00,100 גרם,false,,15.90,0.1325,true,1,13478
7290011091651,false,שום גבישי פרג 150 גר,תבליני הדור השלישי,IL,שום גבישי פרג 150 גר,גרמים,150.00,100 גרם,false,,16.90,0.1127,true,1,13480
7290011091873,false,תיבול לשניצל פנקו עד,תבליני הדור השלישי,IL,תיבול לשניצל פנקו עד,גרמים,260.00,100 גרם,false,,12.90,0.0496,true,1,13481
7290011115166,false,נקה 7 ארומה סבון נוזלי לבנדר 1 ל',טרופיקל דגיל תעשיות,IL,תחליב נקה 7 לבנדר 1,קילוגרמים,1.00,ליטר,false,,12.70,12.7000,true,1,3801
7290011115173,false,נקה 7 ארומה סבון נוזלי וניל 1 ל',טרופיקל דגיל תעשיות,IL,תחליב נקה 7 וניל שקד,קילוגרמים,1.00,ליטר,false,,12.70,12.7000,true,1,3802
7290011115203,false,אל סבון מוצק מבושם בניחוח עדין קלאסיק - מארז רביעיה,טרופיקל דגיל תעשיות,IL,סבון מוצק נקה 7 ורוד,גרמים,400.00,100 גרם,false,,10.90,0.0273,true,1,3803
7290011115241,false,אל סבון ארומטי מוצק ורוד ורד ויסמין - מארז רביעיה,גליל כימיקלים בעמ,IL,סבון מוצק נקה 7 ורד,גרמים,400.00,100 גרם,false,,10.90,0.0273,true,1,3804
7290011115258,false,אל סבון מוצק מבושם בניחוח עדין קלאסיק - מארז רביעיה,גליל כימיקלים בעמ,IL,סבון מוצק נקה 7 ירוק,גרמים,400.00,100 גרם,false,,10.90,0.0273,true,1,3805
7290011115265,false,מארז סבון מוצק ארומה אל סבון מועשר בשמנים ארומטיים,גליל כימיקלים בעמ,IL,סבון מוצק נקה 7 לבנד,גרמים,400.00,100 גרם,false,,10.90,0.0273,true,1,3806
7290011115401,false,אל סבון ארומטי מוצק צהוב קמומיל - רביעייה,נקה 7,IL,סבון מוצק נקה 7 קמומ,גרמים,400.00,100 גרם,false,,10.90,0.0273,true,1,3807
7290011126209,false,תה הגן הקסום תפוח וקינמון - סיידר 25 שקיקים,קריות זול,IL,חליטת תפוח וקינמון ס,גרמים,68.00,100 גרם,false,,17.50,0.2574,true,1,14071
7290011126452,false,תה הגן הקסום קמומיל ונענע 25 יח',קריות זול,IL,תה קמומיל נענע הגן ק,גרמים,38.00,100 גרם,false,,17.50,0.4605,true,1,14072
7290011126469,false,תה קמומיל ודבש 1.5ג' *25 שקיקים,קריות זול,IL,תה קמומיל ודבש הגן ק,גרמים,38.00,100 גרם,false,,17.50,0.4605,true,1,14073
7290011126957,false,תה יסוצקי ירוק ארל גריי 25 יח',ויסוצקי ירוק,IL,תה ירוק ארל גריי 25,גרמים,38.00,100 גרם,false,,22.90,0.6026,true,1,14074
7290011132583,false,"פפסי מקס ליים 500 מ""ל מארז שישייה","טמפו משקאות בע""מ",IL,מארז פפסי מקס 6*500,קילוגרמים,3.00,ליטר,false,,16.90,5.6333,true,1,5407
7290011133375,false,בירה שנדי בתוספת משקה אפרסק - שישייה,"טמפו משקאות בע""מ",IL,מארז בירה שנדי אפרסק,קילוגרמים,1.98,ליטר,false,,24.90,12.5758,true,1,5410
7290011133450,false,פקדון בקבוק חוזר 500,,,פקדון בקבוק חוזר 500,Unknown,0.00,יחידה,false,,1.20,0.0000,true,1,5351
7290011133634,false,"פפסי מקס פחית צרה מארז שישייה 330 מ""ל","טמפו משקאות בע""מ",IL,מארז פפסי מקס 6*330,קילוגרמים,1.98,ליטר,false,,16.90,8.5354,true,1,5418
7290011148959,false,פלפל טינקרבל יחידה,"מרינה פטריות הגליל בע""מ",IL,פלפל טינקרבל מארז,Unknown,0.00,יחידה,false,,8.90,0.0000,true,1,20063
7290011154028,false,סירופ תפוע 1.2 ליטר,טעמי הגליל,IL,סירופ תפוע 1.2 ליטר,קילוגרמים,1.20,ליטר,false,,39.90,33.2500,true,1,5236
7290011154301,false,ממרח תמרים טעמי הגלי,טעמי הגליל,IL,ממרח תמרים טעמי הגלי,גרמים,450.00,100 גרם,false,,5.90,0.0131,true,1,5240
7290011154318,false,סילאן טבעי טעמי הגלי,טעמי הגליל,IL,סילאן טבעי טעמי הגלי,גרמים,900.00,100 גרם,false,,19.90,0.0221,true,1,5241
7290011164164,false,לקקן סודה טעמן 40 יח,גואנגדונג צאואן פוד,CN,לקקן סודה טעמן 40 יח,גרמים,310.00,100 גרם,false,,15.90,0.0513,true,1,5476
7290011164539,false,סוכריות טופי ממולא 600 ג',פאסין אס אי,BR,סוכריות פרוטמילה טופ,גרמים,600.00,100 גרם,false,,5.90,0.0098,true,1,5477
7290011164546,false,זאזא טופי אטומיק ממולא 600גר,פאסין אס אי,BR,סוכריות פרוטמילה טופ,גרמים,600.00,100 גרם,false,,5.90,0.0098,true,1,5478
7290011164553,false,סוכריות פרוטמילה טופ,,,סוכריות פרוטמילה טופ,גרמים,700.00,100 גרם,false,,5.90,0.0084,true,1,5479
7290011194215,false,מעדן גבינה ויוגורט בטעם בננה 5% שומן 88 ג' דניאלה,"שטראוס בריאות בע""מ",IL,דניאלה בננה 88 גרם,גרמים,88.00,100 גרם,false,,3.90,0.0443,true,1,12153
7290011194246,false,קוטג שטראוס 5% עם סידן 250ג,מיוצר עי קונדיטוריית,IL,קוטג 5% שטראוס 250 ג,גרמים,250.00,100 גרם,false,,5.80,0.0232,true,1,12154
7290011240868,false,"יין אדום מבעבע מוסקטו 750 מ""ל",יקבי ציון,IL,יין מוסקטו אדום מבעב,מיליליטרים,750.00,"100 מ""ל",false,,29.90,0.0399,true,1,6292
7290011240905,false,"יין מוסקטו לב מבעבען 750 מ""ל",יקבי ציון,IL,יין מוסקטו לבן מבעב,מיליליטרים,750.00,"100 מ""ל",false,,29.90,0.0399,true,1,6294
7290011249212,false,וופל קראנצ' במילוי בטעם לימון,עלמה,IL,ופלים קראנץ' במילוי,גרמים,200.00,100 גרם,false,,2.90,0.0145,true,1,26826
7290011253455,false,יין גוש עציון נחל הע,יקב גוש עציון,IL,יין גוש עציון נחל הע,מיליליטרים,750.00,"100 מ""ל",false,,89.90,0.1199,true,1,24876
7290011254070,false,תבלין פלפל שחור בשקית 50ג' מיה,מיה תעשיות מזון בעמ,IL,פלפל שחור שקית מיה 5,גרמים,50.00,100 גרם,false,,6.90,0.1380,true,1,7234
7290011254087,false,תבלין קינמון בשקית 80 גר' מיה,מיה תעשיות מזון בעמ,IL,קינמון שקית מיה 80 ג,גרמים,80.00,100 גרם,false,,3.90,0.0487,true,1,7235
7290011254094,false,תבלין כמון 80גר' שקית,מיה תעשיות מזון בעמ,IL,כמון שקית מיה 80 גרם,גרמים,80.00,100 גרם,false,,3.90,0.0487,true,1,7236
7290011254100,false,תבלין כרכום בשקית 80 גר' מיה,מיה תעשיות מזון בעמ,IL,כורכום שקית מיה 80 ג,גרמים,80.00,100 גרם,false,,3.90,0.0487,true,1,7237
7290011254117,false,תבלין פפריקה מתוקה בשקית 80 גר' מיה,מיה תעשיות מזון בעמ,IL,פפריקה מתוקה שקית מי,גרמים,80.00,100 גרם,false,,3.90,0.0487,true,1,7238
7290011254124,false,תבלין פפריקה חריפה בשקית 80 גר' מיה,מיה תעשיות מזון בעמ,IL,פפריקה חריפה שקית מי,גרמים,80.00,100 גרם,false,,3.90,0.0487,true,1,7239
7290011254131,false,תבלין אורגנו 20גרם- שקית,מיה תעשיות מזון בעמ,IL,אורגנו שקית מיה 20 ג,גרמים,20.00,100 גרם,false,,3.90,0.1950,true,1,7240
7290011254148,false,תבלין אבקת שום 80 ג' מיה,מיה תעשיות מזון בעמ,IL,אבקת שום שקית מיה 80,גרמים,80.00,100 גרם,false,,6.90,0.0863,true,1,7241
7290011254155,false,תבלין מלח לימון בשקית 80 גר' מיה,מיה תעשיות מזון בעמ,IL,מלח לימון שקית מיה 8,גרמים,100.00,100 גרם,false,,3.90,0.0390,true,1,7242
7290011254162,false,תבלין פלפל לבן 80 גר' מיה,מיה תעשיות מזון בעמ,IL,פלפל לבן שקית מיה 50,גרמים,50.00,100 גרם,false,,6.90,0.1380,true,1,7243
7290011254179,false,תבלין גריל עוף בשקית 80 גר' מיה,מיה תעשיות מזון בעמ,IL,גריל עוף שקית מיה 80,גרמים,80.00,100 גרם,false,,3.90,0.0487,true,1,7244
7290011254193,false,תבלין שביבי שום 50גרם שקית,מיה תעשיות מזון בעמ,IL,שבבי שום שקית מיה 50,גרמים,80.00,100 גרם,false,,6.90,0.0863,true,1,7245
7290011254209,false,תבלין גבישי שום 80 גר' מיה,מיה תעשיות מזון בעמ,IL,גבישי שום שקית מיה 8,גרמים,80.00,100 גרם,false,,6.90,0.0863,true,1,7246
7290011254230,false,תן צ'אפ חטיף טבעות מארז 15X10ג',מיה תעשיות מזון בעמ,IL,מארז תן צאפ טבעות 8*,גרמים,120.00,100 גרם,false,,7.90,0.0658,true,1,7247
7290011254247,false,תן צ'אפ חטיף גלגלים מארז 15X10ג',מיה תעשיות מזון בעמ,IL,מארז תן צאפ גלגלים 8,גרמים,120.00,100 גרם,false,,7.90,0.0658,true,1,7248
7290011312381,false,פטריות חורש למנגל 320 ג',"מרינה פטריות הגליל בע""מ",IL,פטריות סטייק פורטובל,Unknown,0.00,יחידה,false,,10.90,0.0000,true,1,20002
7290011378028,false,חלבה קלאסית בטעם וניל ללא תוספת סוכר,רושדי תעשיות מזון בע,IL,"חלבה בטעם וניל לת""ס",גרמים,350.00,100 גרם,false,,14.90,0.0426,true,1,28652
7290011378233,false,בארכה מאגדת חטיפי חלווה וניל ל.סוכר 120גר,רושדי תעשיות מזון בע,IL,"חלבה בקטנה בארכה לת""",גרמים,126.00,100 גרם,false,,10.90,0.0865,true,1,28568
7290011378257,false,חטיף חלבה בטעם וניל ללא תוספת סוכר בתוספת פיסטוק ופקאן,רושדי תעשיות מזון בע,IL,"חלבה בקטנה בארכה לת""",גרמים,126.00,100 גרם,false,,10.90,0.0865,true,1,28648
7290011378769,false,בארכה - חטיף בקטנה חלבה וניל 20 גרם * 6,רושדי תעשיות מזון בע,IL,חלבה בקטנה בארכה בטע,גרמים,126.00,100 גרם,false,,10.90,0.0865,true,1,28649
7290011378776,false,חלבה חטיף פיסטוק בארכה בקטנה מארז 126ג',רושדי תעשיות מזון בע,IL,חלבה בקטנה בארכה בטע,גרמים,126.00,100 גרם,false,,10.90,0.0865,true,1,28647
7290011379025,false,פלפל צ'ילי אדום,"מרינה פטריות הגליל בע""מ",IL,פלפל צילי מארז,Unknown,0.00,יחידה,false,,6.90,0.0000,true,1,20065
7290011447359,false,תרכובת מזון המשך לפעוטות מהדרין שלב 1,מולינו ניקולי s.p.a,IL,מטרנה מהדרין שלב 1 7,גרמים,700.00,100 גרם,false,,46.90,0.0670,true,1,928
7290011447373,false,תרכובת מזון המשך לפעוטות מהדרין שלב 2,מטרנה תעשיות ש.מ,IL,מטרנה מהדרין שלב 2 7,גרמים,700.00,100 גרם,false,,46.90,0.0670,true,1,929
7290011499051,false,פטה כבשים מסורתית 20% בגביע 250 גרם - רובין,MKN עבור מחלבות גד ב,IL,גבינת פטה כבשים 20%,גרמים,250.00,100 גרם,false,,25.90,0.1036,true,1,7101
7290011499358,false,פטה עיזים מסורתית 20% בגביע 200 גרם - רובין,מיוצר על ידי קוד יצר,IL,גבינת פטה עיזים 20%,גרמים,200.00,100 גרם,false,,26.90,0.1345,true,1,7102
7290011499365,false,גד חלומי 24% 200 גרם רובין,"מחלבות גד בע""מ",IL,גבינה חלומי 24% גד 2,גרמים,200.00,100 גרם,false,,19.90,0.0995,true,1,7103
7290011499419,false,גבינה במרקם שמנת בטעם טבעי 5% ניו יורק,מחלבות גד,IL,גבינה במרקם שמנת טבע,גרמים,200.00,100 גרם,false,,12.90,0.0645,true,1,7104
7290011499686,false,צפתית מיני 5% 350 גרם מהדרין - רובין,מחלבות גד,IL,גבינה צפתית 5% גד 35,גרמים,350.00,100 גרם,false,,21.90,0.0626,true,1,7105
7290011499723,false,גבינה בולגרית פרוסות 250ג',דשן,IL,גבינה בולגרית פרוסות,גרמים,250.00,100 גרם,false,,27.90,0.1116,true,1,7108
7290011499730,false,בולגרית מסורתית 5% גביע 250 גרם מהדרין - רובין,דשן,IL,גבינה בולגרית 5% גד,גרמים,250.00,100 גרם,false,,23.90,0.0956,true,1,7109
7290011499822,false,גבינה בולגרית 5% מעודנת מהדרין 250ג',דשן,IL,גבינה בולגרית מעודנת,גרמים,250.00,100 גרם,false,,23.90,0.0956,true,1,7110
7290011499846,false,גבינת ריקוטה פרסקה 9% 300 ג' גד,מחלבות גד בעמ,IL,גבינת ריקוטה פרסקה 9,גרמים,300.00,100 גרם,false,,17.90,0.0597,true,1,7111
7290011501570,false,מיץ שזיפים פרון 946,,US,מיץ שזיפים פרון 946,מיליליטרים,946.00,"100 מ""ל",false,,14.90,0.0158,true,1,16824
7290011514839,false,ספוג רחצה 5 יח',,,ספוג רחצה 5 יח',Unknown,0.00,יחידה,false,,9.90,0.0000,true,1,15490
7290011515683,false,מעדן קפוא אקסטרים Extreme בטעם וניל - 6 יח',תות תעשיות מזון (201,IL,טילוני אקסטרים וניל,גרמים,432.00,100 גרם,false,,23.90,0.0553,true,1,8428
7290011515911,false,שלגונים מופחתי קלוריות בטעם ריבת חלב - 6 יח',גלידות נסטלה (נגה גל,IL,שלגוני לייט נסטלה רי,גרמים,312.00,100 גרם,false,,22.90,0.0734,true,1,8429
7290011518561,false,"אקטימל תות משפחתי מארז 14X100מ""ל",מיוצר עי קונדיטוריית,IL,אקטימל תות דנונה 14*,קילוגרמים,1.40,ליטר,false,,28.90,20.6429,true,1,12155
7290011537371,false,פסטה קונכיות טעמן 500 גר',מוטלו,TR,פסטה קונכיות טעמן 50,גרמים,500.00,100 גרם,false,,3.90,0.0078,true,1,25722
7290011598211,false,"סנו - אנטי קאלק מרסס ניקוי כללי 4 ב-1 700 מ""ל",מיוצר עי קונדיטוריית,IL,תרסיס אנטי קאלק 4 ב-,מיליליטרים,700.00,"100 מ""ל",false,,17.70,0.0253,true,1,3808
7290011598402,false,מרכך כביסה מקסימה מאסק ורוד 4 ל' סנו,סנו מקסימה,IL,מרכך מקסימה מאסק 4 ל,קילוגרמים,4.00,ליטר,false,,21.50,5.3750,true,1,3809
7290011688783,false,כרובית פרחים ניצנים,,,כרובית פרחים ניצנים,גרמים,600.00,100 גרם,false,,19.90,0.0332,true,1,25837
7290011725006,false,פטרוזיליה ארוזה למהדרין,ברכת קטיף,IL,פטרוזליה ברכת דוד,Unknown,0.00,יחידה,false,,5.90,0.0000,true,1,19760
7290011725013,false,כוסברה ארוזה למהדרין,ברכת קטיף,IL,כוסברה ברכת דוד,Unknown,0.00,יחידה,false,,5.90,0.0000,true,1,19761
7290011725020,false,שמיר ארוז למהדרין,ברכת קטיף,IL,שמיר ברכת דוד,Unknown,0.00,יחידה,false,,5.90,0.0000,true,1,19762
7290011725037,false,נענע ארוזה למהדרין,ברכת קטיף,IL,נענע ברכת דוד,Unknown,0.00,יחידה,false,,5.90,0.0000,true,1,22261
7290011725044,false,סלרי אמרקאי גוש קטיף,ברכת קטיף,IL,סלרי ברכת דוד,Unknown,0.00,יחידה,false,,6.90,0.0000,true,1,19763
7290011725051,false,חסה גוש קטיף,ברכת קטיף,IL,חסה ברכת דוד,Unknown,0.00,יחידה,false,,6.90,0.0000,true,1,19764
7290011725068,false,מנגולד סלק עלים אפרתי,ברכת קטיף,IL,מנגולד ברכת דוד,Unknown,0.00,יחידה,false,,6.90,0.0000,true,1,19765
7290011725136,false,דלעת ברכת דוד,ברכת קטיף,IL,דלעת ברכת דוד,Unknown,0.00,יחידה,false,,8.90,0.0000,true,1,26329
7290011725143,false,לבבות חסה ברכת דוד,ברכת קטיף,IL,לבבות חסה ברכת דוד,Unknown,0.00,יחידה,false,,12.90,0.0000,true,1,19766
7290011725167,false,בצל ירוק ארוז למהדרין,,,בצל ירוק ברכת דוד,Unknown,0.00,יחידה,false,,6.90,0.0000,true,1,26325
7290011732172,false,שרשרת 24 יח שקית משפחתית מהדרין,גואנגדונג צאואן פוד,CN,סוכריות שרשרת טעמן 2,גרמים,422.00,100 גרם,false,,15.90,0.0377,true,1,5506
7290011732189,false,צמיד 48 יח שקית משפחתית מהדרין,גואנגדונג צאואן פוד,CN,סוכריות צמיד טעמן 48,גרמים,422.00,100 גרם,false,,15.90,0.0377,true,1,5507
7290011732202,false,סוכריות בקבוקי סודה מארז משפחתי 375 גר',גואנגדונג צאואן פוד,CN,בקבוקי אבקה בטעם פרי,גרמים,462.00,100 גרם,false,,15.90,0.0344,true,1,5508
7290011732264,false,סוכריות סודה פרמידה מארז משפחתי 375 גר'.,גואנגדונג צאואן פוד,CN,סוכריות פירמידה טעמן,גרמים,432.00,100 גרם,false,,15.90,0.0368,true,1,5509
7290011732271,false,סוכריות זאזא פ.פלסטיק חמצמץ 8X36ג',גואנגדונג צאואן פוד,CN,סוכריות פירות טעמן 3,גרמים,432.00,100 גרם,false,,15.90,0.0368,true,1,5510
7290011765392,false,שמפו בוב ספוג לסירוק קל מכיל רוזמרין,טרופיקל דגיל תעשיות,IL,שמפו כיף לילדים בוב,מיליליטרים,750.00,"100 מ""ל",false,,9.90,0.0132,true,1,3811
7290011765408,false,שמפו + מרכך בוב ספוג לסירוק קל מכיל רוזמרין,קוסמופארם בע''מ,IL,שמפו ומרכך כיף לילדי,מיליליטרים,750.00,"100 מ""ל",false,,9.90,0.0132,true,1,3812
7290011765415,false,"כיף - בוב ספוג מרכך שיער 750 מ""ל",קוסמופארם,IL,מרכך כיף רוזמרין בוב,מיליליטרים,750.00,"100 מ""ל",false,,9.90,0.0132,true,1,26840
7290011765446,false,משחת שיניים לילדים בוב ספוג בטעם מיץ ענבים עם פלואוריד למניעת עששת,טרופיקל דגיל תעשיות,IL,משחת אורביטול ילדים,גרמים,70.00,100 גרם,false,,7.50,0.1071,true,1,3813
7290011800840,false,טחינה בלאדי רפי כהן 400 ג' צבר,סלטי צבר,IL,טחינה בלאדי רפי 400,גרמים,400.00,100 גרם,false,,14.90,0.0373,true,1,825
7290011876388,false,קציצות עוף ובקר 660 ג' מאמא עוף,תנובה גליל שותפות מו,IL,קציצות עוף ובקר מאמא,גרמים,600.00,100 גרם,false,,27.50,0.0458,true,1,14022
7290011877859,false,סנו אינסטלטור חדש פותח סתימות 200ג',מיוצר עי קונדיטוריית,IL,פותח סתימות סנו אינס,מיליליטרים,200.00,"100 מ""ל",false,,12.90,0.0645,true,1,3814
7290011877866,false,אבקת כביסה סנו מקסימה בניחוח Musk,"איי, בי, אינבוו",IL,אבקת מקסימה מאסק 6 ק,פריט,6.00,"ק""ג",false,,44.90,7.4833,true,1,3815
7290011931162,false,סוכרלייט ממתיק נוזלי על בסיס סוכרלוז,אף.סי תבליני בגליל ב,IL,ממתיק נוזלי סוכרלוז,מיליליטרים,220.00,"100 מ""ל",false,,22.90,0.1041,true,1,12519
7290011947521,false,"שמן זית כתית זיתא מודגש 750מ""ל בד""ץ",זיתא,IL,שמן זית כתית זיתא טע,מיליליטרים,750.00,"100 מ""ל",false,,27.90,0.0372,true,1,14076
7290012001994,false,חרדל דיז'ון גרעינים 350 ג' ריין דיזון,ריין דיז'ון reine dijon,FR,חרדל דיזון גרגירים ר,גרמים,350.00,100 גרם,false,,9.90,0.0283,true,1,2552
7290012025822,false,סלט סלק אסלי 400 גרם,סלטי שמיר 2006 בעמ,IL,סלט סלק אסלי 400 גרם,גרמים,400.00,100 גרם,false,,10.90,0.0273,true,1,10322
7290012025839,false,מטבוחה שמיר אסלי 400 גרם,סלטי שמיר 2006 בעמ,IL,מטבוחה אסלי 400 גרם,גרמים,400.00,100 גרם,false,,10.90,0.0273,true,1,10323
7290012071003,false,"ד""ר פישר - קמיל בלו משחה לתינוק 200 גרם",פישר מעבדות פרמצבטיו,IL,"משחה לתינוק ד""ר פישר",גרמים,200.00,100 גרם,false,,18.90,0.0945,true,1,6722
7290012116551,false,סנו אנטי קאלק רב שימושי 4ב1- 2 ליטר,מיוצר עי קונדיטוריית,IL,נוזל אנטי קאלק 4 ב-1,קילוגרמים,2.00,ליטר,false,,17.90,8.9500,true,1,3818
7290012116612,false,אורביטול מברשת שיניים מארז 4 יח',ג'נרל מילס סאן אדריא,CN,מברשת אורביטול סופט,Unknown,0.00,יחידה,false,,9.90,0.0000,true,1,3819
7290012117039,false,מסיר אבנית ומנקה לאמבטיה 00,סנו,IL,נוזל 00 לאמבט 1 ליטר,קילוגרמים,1.00,ליטר,false,,7.50,7.5000,true,1,3821
7290012117091,false,אבקת -כביסה סנו מקסימה סנסיטיב 6 קג,סנו מקסימה,IL,אבקת מקסימה סנסטיב 6,פריט,6.00,"ק""ג",false,,44.90,7.4833,true,1,3823
7290012117275,false,נוזל רב תכליתי לניקוי ולהברקה מילוי,טרופיקל דגיל תעשיות,IL,"מילוי סנוקליר 750 מ""",מיליליטרים,750.00,"100 מ""ל",false,,5.70,0.0076,true,1,3824
7290012117350,false,ריצפז פרש 2 ליטר לילך לבנדר,"סנו מפעלי ברונוס בע""",IL,ריצפז פרש לילך 2 ליט,קילוגרמים,2.00,ליטר,false,,16.90,8.4500,true,1,3825
7290012117411,false,שמפו וג'ל רחצה לגבר רויבוס Rooibos,קוסמופארם,IL,גל רחצה קרמה מן במבו,מיליליטרים,700.00,"100 מ""ל",false,,16.50,0.0236,true,1,3826
7290012117428,false,"קרמה - שמפו וג'ל רחצה 2 ב-1 מנטה 700 מ""ל",טרופיקל דגיל תעשיות,IL,שמפו וגל רחצה לגבר ק,מיליליטרים,700.00,"100 מ""ל",false,,16.50,0.0236,true,1,3827
7290012117435,false,"קרמה - שמפו וג'ל רחצה 2 ב-1 אלוורה 700 מ""ל",טרופיקל דגיל תעשיות,IL,גל רחצה קרמה מן אלוו,מיליליטרים,700.00,"100 מ""ל",false,,16.50,0.0236,true,1,3828
7290012117534,false,סנו - מקסימה מרכך כביסה מרוכז קול 1 ליטר,"סנו מפעלי ברונוס בע""",IL,מרכך מקסימה סופר מרו,קילוגרמים,1.00,ליטר,false,,17.50,17.5000,true,1,3829
7290012117541,false,מרכך כביסה מקסימה קומפקט צהוב 1 ל' סנו,סנו מקסימה,IL,מרכך מקסימה סופר מרו,קילוגרמים,1.00,ליטר,false,,17.50,17.5000,true,1,26351
7290012117558,false,מרכך כביסה קומפקט מאסק ורוד סנו מקסימה 1 ל',"סנו מפעלי ברונוס בע""",IL,מרכך מקסימה סופר מרו,קילוגרמים,1.00,ליטר,false,,17.50,17.5000,true,1,3830
7290012117732,false,סנו - מקסימה מרכך כביסה קול שחור 4 ליטר,"סנו מפעלי ברונוס בע""",IL,מרכך מקסימה קול 4 לי,קילוגרמים,4.00,ליטר,false,,21.50,5.3750,true,1,3834
7290012117916,false,סנו אינסטלאטור פותח סתימות נוזלי 1 ל',"סנו מפעלי ברונוס בע""",IL,פותח סתימות סנו אינס,קילוגרמים,1.00,ליטר,false,,26.70,26.7000,true,1,3835
7290012226991,false,"נקניקיות עוף באריזת ג''מבו 1.5 ק""ג זוגלובק",נקניק נהריה כשר זוגל,IL,נקניקיות עוף זוגלובק,פריט,1.50,"ק""ג",false,,24.90,16.6000,true,1,4803
7290012227592,false,פסט' חרמון כפרי וסלמי תה זוגי זוגלובק 300X2ג' מחפוד,זוגלובק,IL,מארז תה מעושן וחרמון,גרמים,700.00,100 גרם,false,,25.90,0.0370,true,1,4806
7290012227608,false,מארז חרמון 300 גר' +חרמון ברבקיו 300ג' זוגלובק,זוגלובק,IL,מארז חרמון וברביקיו,גרמים,600.00,100 גרם,false,,25.90,0.0432,true,1,4807
7290012227615,false,נקניקיות עוף זוגלובק 800 ג' מחפוד,זוגלובק,IL,נקניקיות עוף זוגלובק,גרמים,800.00,100 גרם,false,,23.90,0.0299,true,1,4808
7290012227622,false,פסטרמה חרמון כפרית דבש 400גר מחפוד זוגלובק,זוגלובק,IL,פסטרמה בדבש זוגלובק,גרמים,400.00,100 גרם,false,,18.90,0.0472,true,1,4809
7290012227738,false,זוגלובק סלמי תה מעושן מחפוד 370 גרם,זוגלובק,IL,סלמי תה מעושן זוגלוב,גרמים,370.00,100 גרם,false,,19.90,0.0538,true,1,4810
7290012227769,false,פסטרמה ברביקיו מחפוד זוגלובק 400ג',זוגלובק,IL,פסטרמה ברביקיו זוגלו,גרמים,400.00,100 גרם,false,,18.90,0.0472,true,1,4811
7290012227783,false,נקניק תה מעושן מחפוד זוגלובק 400ג',זוגלובק,IL,נקניק תה מעושן זוגלו,גרמים,400.00,100 גרם,false,,17.90,0.0447,true,1,4813
7290012228261,false,נקנקיות קנקרס הודו ועוף ריינהולד'ס זוגלובק 300 ג',זוגלובק,IL,נקניקיות ריינהולדס ק,גרמים,300.00,100 גרם,false,,19.90,0.0663,true,1,4814
7290012228278,false,נקנקיות בוקוורסט עוף ובקר ריינהולד'ס 310 ג' זוגלובק,זוגלובק,IL,נקניקיות ריינהולדס ב,גרמים,300.00,100 גרם,false,,19.90,0.0663,true,1,4815
7290012228407,false,"נקניקיות ג'מבו מחפוד 1.5 ק""ג",זוגלובק,IL,נקניקיות ג'מבו זוגלו,פריט,1.50,"ק""ג",false,,32.90,21.9333,true,1,4816
7290012228612,false,זוג חזה הודו ועוף 300+ח.ברביקיו 300 קהילות.,זוגלובק,IL,מארז חרמון ברביקיו ו,גרמים,600.00,100 גרם,false,,28.90,0.0482,true,1,25860
7290012228629,false,נקניקיות עוף זוגלובק 800 גר' קהילות,זוגלובק,IL,נקניקיות עוף זוגלובק,גרמים,800.00,100 גרם,false,,23.90,0.0299,true,1,25861
7290012228704,false,נקניקיות ריינהולדס ה,זוגלובק,IL,נקניקיות ריינהולדס ה,גרמים,300.00,100 גרם,false,,19.90,0.0663,true,1,4817
7290012228766,false,קבנוס מחפוד זוגלובק,זוגלובק,IL,קבנוס זוגלובק 120 גר,גרמים,120.00,100 גרם,false,,9.90,0.0825,true,1,4818
7290012275401,false,מולר בירה לבנה בקבוק גרמנית 500מל,הלניק בריויריס אוף א,GR,"בירה מולר 500 מ""ל",מיליליטרים,500.00,"100 מ""ל",false,,3.90,0.0078,true,1,2047
7290012295034,false,בזיליקום מהדרין,ברכת קטיף,IL,בזיליקום מהדרין,Unknown,0.00,יחידה,false,,6.90,0.0000,true,1,19771
7290012309311,false,ערמונים קלופים וקלויים,"דין שיווק וקליה בע""מ",CN,ערמונים קלופים ששון,גרמים,100.00,100 גרם,false,,4.90,0.0490,true,1,16826
7290012309366,false,אורז בסמטי הודי שקדי,,IN,אורז בסמטי הודי שקדי,פריט,5.00,"ק""ג",false,,39.90,7.9800,true,1,16827
7290012309878,false,חלבה פיסטוק ששון הקולה 500 ג',דין שיווק,IL,חלוה פיסטוק ששון הקו,גרמים,500.00,100 גרם,false,,12.90,0.0258,true,1,16828
7290012309939,false,חלבה מסולסלת דין שיווק 500 ג',אף.סי תבליני בגליל ב,IL,חלוה מסולסלת ששון הק,גרמים,500.00,100 גרם,false,,19.90,0.0398,true,1,16831
7290012313585,false,זית טבעות ירוק בני ד,בני דרום,IL,זית טבעות ירוק בני ד,פריט,1.25,"ק""ג",false,,16.90,13.5200,true,1,20649
7290012313820,false,רוטב צ'ילי מתוק בני,בני דרום,IL,רוטב צ'ילי מתוק בני,מיליליטרים,500.00,"100 מ""ל",false,,10.90,0.0218,true,1,28174
7290012313837,false,רוטב סויה בני דרום 5,בני דרום,IL,רוטב סויה בני דרום 5,מיליליטרים,500.00,"100 מ""ל",false,,10.90,0.0218,true,1,28175
7290012313844,false,רוטב אלף האיים בני ד,בני דרום,IL,רוטב אלף האיים בני ד,מיליליטרים,500.00,"100 מ""ל",false,,10.90,0.0218,true,1,28176
7290012335006,false,סוכריות סודה רול מיני מארז משפחתי 375 ג',גואנגדונג צאואן פוד,CN,סוכריות רול מיני טע,גרמים,326.00,100 גרם,false,,15.90,0.0488,true,1,5516
7290012335020,false,סוכריות סודה שעון מארז משפחתי 375 גר',גואנגדונג צאואן פוד,CN,סוכריות סודה שעון ט,גרמים,420.00,100 גרם,false,,15.90,0.0379,true,1,5517
7290012359033,false,"דבש מן הטבע 1.5 ק""ג",מכוורת עמק חפר,IL,"דבש מן הטבע 1.5 ק""ג",פריט,1.50,"ק""ג",false,,49.90,33.2667,true,1,7460
7290012359606,false,דבש מן הטבע 700 גרם,מכוורת עמק חפר,IL,דבש מן הטבע 700 גרם,גרמים,700.00,100 גרם,false,,24.90,0.0356,true,1,7461
7290012359613,false,דבש לחיץ מן הטבע 500,מכוורת עמק חפר,IL,דבש לחיץ מן הטבע 500,גרמים,500.00,100 גרם,false,,19.90,0.0398,true,1,7462
7290012413643,false,תה ויסוצקי ירוק קמומיל 25 יח',ויסוצקי ירוק,IL,תה ירוק קמומיל 25 שק,גרמים,38.00,100 גרם,false,,22.90,0.6026,true,1,14077
7290012439155,false,פתיבר צבעוני גלילית,הגביע מוצרי ופלים,IL,פתיבר צבעוני גלילית,פריט,1.75,"ק""ג",false,,21.90,12.5143,true,1,25620
7290012483011,false,פולי סויה אדממה וילי,קו אל טי די קיאוניונ,CN,פולי סויה אדממה וילי,פריט,1.00,"ק""ג",false,,16.90,16.9000,true,1,2168
7290012483608,false,"אורז בסמטי מובחר 5 ק""ג",הנסיך- מפעל לייצור ט,IN,אורז בסמטי דוואט 5 ק,פריט,5.00,"ק""ג",false,,49.90,9.9800,true,1,2169
7290012522581,false,טבעול שניצל תירס ללא גלוטן טבעול 664 גרם,עיצובים 2020 (4.8),IL,שניצל תירס ל.גלוטן ט,גרמים,664.00,100 גרם,false,,22.90,0.0345,true,1,283
7290012561313,false,בצל קצוץ מטוגן דורות,עיצובים 2020 (3.8),IL,בצל קצוץ מטוגן דורות,גרמים,400.00,100 גרם,false,,16.90,0.0422,true,1,284
7290012576607,false,"יין פרימייר אדום קברנה סובניון ומלבק 750 מ""ל","ברקן שיווק והפצה בע""",IL,יין פרימייר קברנה סו,מיליליטרים,750.00,"100 מ""ל",false,,25.90,0.0345,true,1,5422
7290012602665,false,דבש הכוורת 350 גרם,מכוורת דבורים שחר,IL,דבש הכוורת 350 גרם,גרמים,350.00,100 גרם,false,,8.90,0.0254,true,1,11357
7290012645112,false,"יוגורט עיזים בדלי חלב הארץ 750מ""ל",מחלבות סוסיא,IL,משקה יוגורט עיזים חל,מיליליטרים,750.00,"100 מ""ל",false,,17.90,0.0239,true,1,12156
7290012645129,false,"יוגורט כבשים בדלי חלב הארץ 750מ""ל",מחלבות סוסיא,IL,משקה יוגורט כבשים חל,מיליליטרים,750.00,"100 מ""ל",false,,17.90,0.0239,true,1,12157
7290012724817,false,נענע ארוז ליח,"מרינה פטריות הגליל בע""מ",IL,נענע יח',Unknown,0.00,יחידה,false,,3.90,0.0000,true,1,22263
7290012724824,false,שמיר ארוז ליח,"מרינה פטריות הגליל בע""מ",IL,שמיר יח,Unknown,0.00,יחידה,false,,3.90,0.0000,true,1,22264
7290012724831,false,כוסברה ארוז ליח,"מרינה פטריות הגליל בע""מ",IL,כוסברה ארוז,Unknown,0.00,יחידה,false,,3.90,0.0000,true,1,22265
7290012724848,false,פטרוזיליה יח בשקית,"מרינה פטריות הגליל בע""מ",IL,פטרוזיליה יח,Unknown,0.00,יחידה,false,,3.90,0.0000,true,1,22266
7290012738524,false,מצות חמץ כוסמין יהוד,מצות יהודה,IL,מצות חמץ כוסמין יהוד,גרמים,300.00,100 גרם,false,,23.90,0.0797,true,1,7475
7290012738807,false,"ביסקוויט יהודה ספארי 1.2 ק""ג",מצות יהודה,IL,ביסקוויט ספארי יהודה,פריט,1.20,"ק""ג",false,,19.90,16.5833,true,1,7476
7290012738845,false,"ביסקויט יהודה טעמים שונים 1.2 ק""ג",מצות יהודה,IL,עוגיות/ביסקויט בטעמי,פריט,1.20,"ק""ג",false,,19.90,16.5833,true,1,7478
7290012760204,false,אומגה 3 סופרהב 90 כמ,,,אומגה 3 סופרהב 90 כמ,Unknown,0.00,יחידה,false,,49.90,0.0000,true,1,24969
7290012803451,false,שוקולד מריר מעולה 62% ללא תוספת סוכר,טוסו tusso,TR,שוקולד מריר 62% ללא,גרמים,100.00,100 גרם,false,,8.90,0.0890,true,1,2818
7290012803765,false,שוקולד מריר ללא תוספת סוכר,אלטינמארקה גידה סאן,TR,שוקולד מריר ללא סוכר,גרמים,100.00,100 גרם,false,,8.90,0.0890,true,1,2819
7290012823343,false,משחת שיניים אורביטול קידס 70גר' Shimer & Shine,טרופיקל דגיל,IL,משחת אורביטול ילדים,גרמים,70.00,100 גרם,false,,7.50,0.1071,true,1,3837
7290012823374,false,מטליות לניקוי כללי אנטי קאלק,מיוצר עי קונדיטוריית,IL,מטליות לניקוי כללי ס,Unknown,0.00,יחידה,false,,14.90,0.0000,true,1,3838
7290012823381,false,מרכך כביסה מקסימה סנסיטיב מרוכז ורוד 1 ל' סנו,"סנו מפעלי ברונוס בע""",IL,מרכך מקסימה סופר מרו,קילוגרמים,1.00,ליטר,false,,17.50,17.5000,true,1,3839
7290012823558,false,מטליות ענק לחות לרצפה 10 יח' סנו סושי,סנו מפעלי ברונוס בעמ,IL,מטליות לחות לרצפה סנ,Unknown,0.00,יחידה,false,,10.70,0.0000,true,1,3840
7290012823794,false,כיף אלסבון 2ליטר יסמין לבנדר,קוסמופארם,IL,אלסבון כיף יסמין לבנ,קילוגרמים,2.00,ליטר,false,,18.90,9.4500,true,1,3842
7290012823916,false,סנו מקסימה ג'ל כביסה קריסטל 5 ל',סנו מקסימה,IL,גל מקסימה קריסטל 5 ל,קילוגרמים,5.00,ליטר,false,,41.90,8.3800,true,1,3844
7290012881589,false,מטהר אוויר אורנים 30,סאסאטק,IL,מטהר מגיק אורנים 300,מיליליטרים,300.00,"100 מ""ל",false,,3.90,0.0130,true,1,10616
7290012881817,false,מטהר אוויר לימון 300,סאסאטק,IL,מטהר מגיק לימון 300,מיליליטרים,300.00,"100 מ""ל",false,,3.90,0.0130,true,1,10617
7290012881824,false,מטהר אוויר אביבי 300,סאסאטק,IL,מטהר מגיק לבנדר 300,מיליליטרים,300.00,"100 מ""ל",false,,3.90,0.0130,true,1,10618
7290012929779,false,פסטה ספירלה מקמח מלא טעמן 500 ג',מוטלו,TR,פסטה ספירלה מחיטה מל,גרמים,500.00,100 גרם,false,,3.90,0.0078,true,1,5519
7290012929786,false,טעמן פסטה צינורות חיטה מלאה 500גר,מוטלו,TR,פסטה צינורות מחיטה מ,גרמים,500.00,100 גרם,false,,3.90,0.0078,true,1,5520
7290012929793,false,פסטה ספגטי מקמח מלא טעמן 500 גר',מוטלו,TR,ספגטי חיטה מלאה טעמן,גרמים,500.00,100 גרם,false,,3.90,0.0078,true,1,5521
7290012969119,false,אופאל רדיד אלומניום 200,שניב תעשיות נייר,IL,נייר אלומיניום אופל,Unknown,0.00,יחידה,false,,23.90,0.0000,true,1,28514
7290013010001,false,עגבניות מרוסקות 240 גר' פרי מבורך,זנלכל,IL,עגבניות מרוסקות מבור,גרמים,240.00,100 גרם,false,,5.50,0.0229,true,1,4739
7290013010018,false,פרי מבורך רוטב פסטה 240 גרם,זנלכל,IL,רוטב לפסטה מבורך 240,גרמים,240.00,100 גרם,false,,5.50,0.0229,true,1,4740
7290013010025,false,רוטב פיצה 240 גר' פרי מבורך,זנלכל,IL,רוטב לפיצה מבורך 240,גרמים,240.00,100 גרם,false,,5.50,0.0229,true,1,4741
7290013010032,false,רוטב עגבניות לשקשוקה מבורך 240 גרם,זנלכל,IL,רוטב לשקשוקה מבורך 2,גרמים,240.00,100 גרם,false,,5.50,0.0229,true,1,4742
7290013010094,false,פרי מבורך רוטב בולונז לפסטה 240 גרם,זנלכל,IL,רוטב בולונז מבורך 24,גרמים,240.00,100 גרם,false,,5.50,0.0229,true,1,4743
7290013010322,false,עגבניות שלמות פרי מבורך 800 גר',זנלכל,IL,עגבניות שלמות מבורך,גרמים,800.00,100 גרם,false,,9.90,0.0124,true,1,4746
7290013010339,false,עגבניות מרוסקות בצל 800 גר' פרי מבורך,זנלכל,IL,עגבניות מרוסקות עם ב,גרמים,800.00,100 גרם,false,,9.90,0.0124,true,1,4747
7290013010353,false,עגבניות מרוסקות בזיליקום 800 גר' פרי מבורך.,זנלכל,IL,עגבניות מרוסקות עם ב,גרמים,800.00,100 גרם,false,,9.90,0.0124,true,1,4749
7290013027399,false,לחם קמח מלא קל בתוספת שיפון 750 ג' אנג'ל,מאפיית שלמה א. אנג'ל,IL,לחם קל קמח מלא ושיפו,גרמים,750.00,100 גרם,false,,14.90,0.0199,true,1,20345
7290013080295,false,באגסי ט.ברביקיו מארז 20*20ג,א מ חטיפי העמק בעמ,IL,מארז באגסי ברביקיו 2,גרמים,400.00,100 גרם,false,,8.90,0.0223,true,1,12
7290013080301,false,באגסי חטיף טעם גריל מארז 20X20ג',א מ חטיפי העמק בעמ,IL,מארז באגסי גריל 20*2,גרמים,400.00,100 גרם,false,,8.90,0.0223,true,1,13
7290013080318,false,באגסי חטיף בטעם פלאפל מארז 20X20ג',א מ חטיפי העמק בעמ,,מארז באגסי פלאפל 20*,גרמים,400.00,100 גרם,false,,8.90,0.0223,true,1,27130
7290013080479,false,באגסי חטיף טעם בצל מארז 20X20ג',א מ חטיפי העמק בעמ,IL,מארז באגסי בצל 20*20,גרמים,400.00,100 גרם,false,,8.90,0.0223,true,1,14
7290013080486,false,באגסי חטיף טעם פיצה מארז 20X20ג',א מ חטיפי העמק בעמ,IL,מארז באגסי פיצה 20*2,גרמים,400.00,100 גרם,false,,8.90,0.0223,true,1,15
7290013117212,false,בורקס פילו גבינה מעדנות מעדנות 600 ג',מיוצר עי קונדיטוריית,IL,בורקס פילו גבינה מעד,גרמים,600.00,100 גרם,false,,19.90,0.0332,true,1,13579
7290013117229,false,בורקס פילו תפוא מעדנות 600 גרם,מיוצר עי קונדיטוריית,IL,בורקס פילו תפוא מעדנ,גרמים,600.00,100 גרם,false,,19.90,0.0332,true,1,13580
7290013117410,false,בצק פריך מרודד למאפים מתוקים 900 ג' מעדנות,מיוצר עי קונדיטוריית,IL,בצק פריך מתוק מעדנות,גרמים,900.00,100 גרם,false,,19.90,0.0221,true,1,13581
7290013117427,false,בצק פריך מרודד למאפים מלוחים 900 ג' מעדנות,מיוצר עי קונדיטוריית,IL,בצק פריך מלוח מעדנות,גרמים,900.00,100 גרם,false,,19.90,0.0221,true,1,13582
7290013117526,false,מעדנות בצק שמרים למאפים מתוקים 900 גרם,"מעדנות בע""מ",IL,בצק שמרים עלים מעדנו,גרמים,900.00,100 גרם,false,,19.90,0.0221,true,1,13583
7290013195036,false,רולדה פיש וויט (דמוי,,,רולדה פיש וויט (דמוי,גרמים,800.00,100 גרם,false,,37.90,0.0474,true,1,13272
7290013195272,false,רוזנרס גפילטע פיש הונגרי 500 גר,,,רולדה הונגרי 500 גרם,גרמים,500.00,100 גרם,false,,19.90,0.0398,true,1,13277
7290013195289,false,רוזנער'ס גפילטע פיש ירושלמי 500 גר,,,רולדה ירושלמי 500 גר,גרמים,500.00,100 גרם,false,,19.90,0.0398,true,1,13278
7290013195296,false,רולדה וייט פיש רוזנר,,,רולדה וייט פיש רוזנר,גרמים,500.00,100 גרם,false,,29.90,0.0598,true,1,13279
7290013220042,false,מיקס פירות טרופיים 5,א.מ שרון,PL,מיקס טרופי קפוא 500,גרמים,500.00,100 גרם,false,,19.90,0.0398,true,1,20495
7290013220103,false,דובדבן קפוא 500 גרם,א.מ שרון,PL,דובדבן קפוא 500 גרם,גרמים,500.00,100 גרם,false,,19.90,0.0398,true,1,20497
7290013220127,false,דומדמנית שחורה קפוא,א.מ שרון,PL,דומדמנית שחורה קפוא,גרמים,500.00,100 גרם,false,,19.90,0.0398,true,1,20499
7290013220134,false,מיקס פירות שדה קפוא,א.מ שרון,PL,מיקס פירות שדה קפוא,גרמים,500.00,100 גרם,false,,19.90,0.0398,true,1,20500
7290013220318,false,חמוצית קפוא 400 גרם,א.מ שרון,PL,חמוצית קפוא 400 גרם,גרמים,400.00,100 גרם,false,,19.90,0.0497,true,1,20503
7290013220882,false,פסיפלורה 500 גרם,א.מ שרון,PL,פסיפלורה 500 גרם,גרמים,500.00,100 גרם,false,,19.90,0.0398,true,1,20507
7290013220899,false,תות שדה קפוא 500 גרם,א.מ שרון,PL,תות שדה קפוא 500 גרם,גרמים,500.00,100 גרם,false,,19.90,0.0398,true,1,20508
7290013220929,false,אוכמניות כחולות קפוא,א.מ שרון,PL,אוכמניות כחולות קפוא,גרמים,400.00,100 גרם,false,,19.90,0.0497,true,1,20509
7290013221001,false,חתיכות אננס קפוא 500,א.מ שרון,PL,חתיכות אננס קפוא 500,גרמים,500.00,100 גרם,false,,19.90,0.0398,true,1,20510
7290013221018,false,חתיכות מנגו קפוא 500,א.מ שרון,PL,חתיכות מנגו קפוא 500,גרמים,500.00,100 גרם,false,,19.90,0.0398,true,1,20511
7290013221032,false,מלון 500 גרם בקופסא,א.מ שרון,PL,מלון קפוא 500 גרם,גרמים,500.00,100 גרם,false,,19.90,0.0398,true,1,20512
7290013221063,false,ליצ'י קפוא 400 גרם,א.מ שרון,PL,ליצ'י קפוא 400 גרם,גרמים,400.00,100 גרם,false,,19.90,0.0497,true,1,20514
7290013221094,false,שייק מיקס מלון בננה,א.מ שרון,PL,שייק מיקס מלון בננה,גרמים,500.00,100 גרם,false,,19.90,0.0398,true,1,20517
7290013224927,false,אקונומיקה מגיק סמיכה,סאסאטק,IL,אקונומיקה מגיק סמיכה,קילוגרמים,4.00,ליטר,false,,9.90,2.4750,true,1,10620
7290013268020,false,סנו - מקסימה מרכך כביסה מרוכז אולטרה פרש 1 ליטר,"סנו מפעלי ברונוס בע""",IL,מרכך מקסימה סופר מרו,קילוגרמים,1.00,ליטר,false,,17.50,17.5000,true,1,3845
7290013268242,false,תרכיז ריחני לניקוי רצפות בריח מלון מפנק ריצפז פרש,"סנו מפעלו ברונוס בע""",IL,ריצפז פרש הום מלון מ,קילוגרמים,2.00,ליטר,false,,19.70,9.8500,true,1,28556
7290013268440,false,זוג מברשות שיניים בוב ספוג לילדים מגיל 4,אורביטול Orbitol,IL,מברשת אורביטול ילדים,Unknown,0.00,יחידה,false,,16.90,0.0000,true,1,3846
7290013268839,false,סנו פוליויקס פרקט בריח מלון חלומי,סנו פוליויקס,IL,פוליויקס פרקט מלון ח,קילוגרמים,2.00,ליטר,false,,19.90,9.9500,true,1,3847
7290013268884,false,ריצפז פרש בניחוח מאסק,מיוצר עי קונדיטוריית,IL,ריצפז פרש מאסק 2 ליט,קילוגרמים,2.00,ליטר,false,,16.90,8.4500,true,1,3848
7290013268938,false,סנובון סבון אסלה בניחוח מאסק - מארז 3 יח',סנו,IL,סבון אסלה סנובון סופ,גרמים,165.00,100 גרם,false,,10.70,0.0648,true,1,3849
7290013268983,false,מרכך כביסה סופר מרוכז בבישום עוצמתי סנו מקסימה 1 ל',"סנו מפעלי ברונוס בע""",IL,מרכך מקסימה סופר מרו,קילוגרמים,1.00,ליטר,false,,17.50,17.5000,true,1,3850
7290013268990,false,סנו - מקסימה מרכך כביסה מרוכז ביו 1 ליטר,"סנו מפעלי ברונוס בע""",IL,מרכך מקסימה סופר מרו,קילוגרמים,1.00,ליטר,false,,17.50,17.5000,true,1,3851
7290013269003,false,מרכך כביסה סופר מרוכז בייבי לתינוקות ולעור רגיש,"סנו מפעלי ברונוס בע""",IL,מרכך מקסימה סופר מרו,קילוגרמים,1.00,ליטר,false,,17.50,17.5000,true,1,3852
7290013269348,false,K3 תחנת פיתיון קוטל תיקנים (ג'וקים) בבית ובחצר,טרופיקל דגיל תעשיות,IL,תחנת פיתיון לתיקנים,Unknown,0.00,יחידה,false,,39.90,0.0000,true,1,3854
7290013269621,false,ריצפז פרש לניקוי רצפות בניחוח מלון בוטיק,מיוצר עי קונדיטוריית,IL,ריצפז פרש הום בניחוח,קילוגרמים,2.00,ליטר,false,,19.70,9.8500,true,1,3855
7290013269669,false,ריצפז בניחוח פנטזיה לניקוי הרצפה,"סנו מפעלי ברונוס בע""",IL,ריצפז פנטזיה 3 ליטר,קילוגרמים,3.00,ליטר,false,,7.90,2.6333,true,1,3856
7290013302748,false,טעמן טופי פרוטימילה ממולא בטעם יוגורט 60,פאסין אס אי,BR,סוכריות זיסי טופי ממ,גרמים,600.00,100 גרם,false,,5.90,0.0098,true,1,5530
7290013358035,false,שקדי מרק מנה 800 גרם,מנה,IL,שקדי מרק מנה 800 גרם,גרמים,800.00,100 גרם,false,,12.90,0.0161,true,1,7618
7290013358417,false,"רוטב טיריאקי מאסטר שף אסייאתי 300 מ""ל",קריניציה ויטמינה אס,TH,רוטב טריאקי מאסטר שף,גרמים,300.00,100 גרם,false,,7.90,0.0263,true,1,12993
7290013358462,false,"מיני קרוטונים למרק בתיבול שום, בצל ופטרוזיליה","עינת תעשיות מזון, אג",IL,מיני קרוטונים למרק ש,גרמים,350.00,100 גרם,false,,17.90,0.0511,true,1,12995
7290013358530,false,מאסטר שף אסייאתי רוטב צ'ילי מתוק 700 מל,קריניציה ויטמינה אס,TH,רוטב צילי מתוק מאסטר,גרמים,700.00,100 גרם,false,,11.90,0.0170,true,1,12996
7290013358547,false,מאסטר שף אסייאתי רוטב צ'ילי חריף 700 מל,קי אר אס ספייסי פוד,TH,רוטב צילי חריף מאסטר,גרמים,700.00,100 גרם,false,,11.90,0.0170,true,1,12997
7290013424822,false,פרחי ברוקולי קפואים,נובה אלימנטוס,EC,פרחי ברוקולי קפואים,גרמים,700.00,100 גרם,false,,21.90,0.0313,true,1,28000
7290013424914,false,אפרסק פלחים קפוא פיל,א.מ שרון,PL,אפרסק פלחים קפוא פיל,גרמים,500.00,100 גרם,false,,6.90,0.0138,true,1,20519
7290013424921,false,קיווי פרוסות קפוא פי,א.מ שרון,PL,קיווי פרוסות קפוא פי,גרמים,500.00,100 גרם,false,,6.90,0.0138,true,1,20520
7290013424938,false,קוביות פסיפלורה קפוא,א.מ שרון,PL,פסיפלורה קוביות קפוא,גרמים,500.00,100 גרם,false,,6.90,0.0138,true,1,20521
7290013424945,false,מנגו קפוא 500 ג' פילד גוד,א.מ שרון,PL,מנגו קפוא פילד גוד 5,גרמים,500.00,100 גרם,false,,6.90,0.0138,true,1,20522
7290013424952,false,אננס קפוא 500 ג' פילד גוד,א.מ שרון,PL,אננס קפוא פילד גוד 5,גרמים,500.00,100 גרם,false,,6.90,0.0138,true,1,20523
7290013430083,false,"בירה אלכסנדר בלונד 330 מ""ל",מנדלז סי.אר. פרודקשן,IL,בירה אלכסנדר בלונד 5,מיליליטרים,330.00,"100 מ""ל",false,,12.90,0.0391,true,1,6238
7290013430090,false,בירה אלכסנדר אמברה AMBREE בירה ישראלית,מנדלז סי.אר. פרודקשן,IL,בירה אלכסנדר אמברה 5,מיליליטרים,330.00,"100 מ""ל",false,,12.90,0.0391,true,1,6239
7290013430250,false,"בירה אלכסנדר חיטה ישראלית 330 מ""ל",יקבי כרמל,IL,בירה אלכסנדר חיטה יש,מיליליטרים,330.00,"100 מ""ל",false,,12.90,0.0391,true,1,6240
7290013430304,false,בירה אלכסנדר גרין GREEN בירה ישראלית,מנדלז סי.אר. פרודקשן,IL,בירה אלכסנדר גרין 6%,מיליליטרים,330.00,"100 מ""ל",false,,12.90,0.0391,true,1,6241
7290013440648,false,מאגדת שלגוני אבטיח נסטלה 108X5ג',גלידות נסטלה (נגה גל,IL,שלגוני שרבט אבטיח 5,גרמים,468.00,100 גרם,false,,22.90,0.0489,true,1,8430
7290013472908,false,גבינה בולגרית קוביות ו.פוד 400 ג,וילי פוד,TW,בולגרית קוביות 22% ה,גרמים,400.00,100 גרם,false,,19.90,0.0497,true,1,2171
7290013492005,false,אמא אדמה תפוח אדמה למיקרו 700 גר',ברכת קטיף,IL,תפוח אדמה למיקרוגל,Unknown,0.00,יחידה,false,,6.90,0.0000,true,1,19780
7290013531346,false,סירופ דיאט לימונענע יכין 1 ליטר,יכין,IL,סירופ יכין לימונענע,קילוגרמים,1.00,ליטר,false,,16.70,16.7000,true,1,4750
7290013534057,false,"צ'יפס בטטה טבעי מיה 100ג' 'כשל""פ",מיה תעשיות מזון בעמ,IL,ציפס בטטה 100 גרם,גרמים,100.00,100 גרם,false,,7.90,0.0790,true,1,7256
7290013536303,false,קמח חיטה מלאה 100% ה,קמח עץ השדה,IL,קמח חיטה מלאה 100% ה,פריט,1.00,"ק""ג",false,,6.90,6.9000,true,1,20393
7290013536310,false,קמח חיטה מלאה 80% הנ,קמח עץ השדה,IL,קמח חיטה מלאה 80% הנ,פריט,1.00,"ק""ג",false,,6.90,6.9000,true,1,20394
7290013536327,false,קמח לבן מנופה הנחתום,קמח עץ השדה,IL,קמח לבן מנופה הנחתום,פריט,1.00,"ק""ג",false,,4.90,4.9000,true,1,20395
7290013536334,false,קמח כוסמין מלא הנחתו,קמח עץ השדה,IL,קמח כוסמין מלא הנחתו,פריט,1.00,"ק""ג",false,,8.90,8.9000,true,1,20396
7290013536341,false,קמח כוסמין 80% הנחתו,קמח עץ השדה,IL,קמח כוסמין 80% הנחתו,פריט,1.00,"ק""ג",false,,11.90,11.9000,true,1,20397
7290013536358,false,קמח כוסמין לבן הנחתו,קמח עץ השדה,IL,קמח כוסמין לבן הנחתו,פריט,1.00,"ק""ג",false,,11.90,11.9000,true,1,20398
7290013536457,false,קמח לחלות הנחתום 1 ק,קמח עץ השדה,IL,קמח לחלות הנחתום 1 ק,פריט,1.00,"ק""ג",false,,5.90,5.9000,true,1,20399
7290013536464,false,קמח חלות כוסמין הנח,קמח עץ השדה,IL,קמח חלות כוסמין הנח,פריט,1.00,"ק""ג",false,,12.90,12.9000,true,1,26916
7290013558800,false,עלי תרד 500 גר,ל. פלמינגו ישראל,IL,עלי תרד,Unknown,0.00,יחידה,false,,11.90,0.0000,true,1,20209
7290013558824,false,בזילקום /רוגולה (היד,ל. פלמינגו ישראל,IL,תבלין טרי 100 גרם,גרמים,100.00,100 גרם,false,,6.90,0.0690,true,1,20210
7290013558855,false,לבבות חסה פלמינגו,ל. פלמינגו ישראל,IL,לבבות חסה פלמינגו,Unknown,0.00,יחידה,false,,8.90,0.0000,true,1,20211
7290013558916,false,פטריות שמפיניון יח',אראל תוצרת חקלאית בע,IL,פטריות שמפיניון יח',Unknown,0.00,יחידה,false,,8.90,0.0000,true,1,14994
7290013558947,false,צמד פטריות שמפיניון,ל. פלמינגו ישראל,IL,צמד פטריות שמפיניון,Unknown,0.00,יחידה,false,,15.90,0.0000,true,1,26512
7290013584328,false,פקדון בקבוק בירה ריק,,,פקדון בקבוק בירה ריק,Unknown,0.00,יחידה,false,,1.20,0.0000,true,1,3996
7290013585233,false,"ספרייט זירו פחית סליק 330 מ""ל",קוקה קולה Coca Cola,IL,"ספרייט זירו 330 מ""ל",מיליליטרים,330.00,"100 מ""ל",false,,4.90,0.0148,true,1,4030
7290013585387,false,קוקה קולה זירו בקבוק,החברה המרכזית לייצור,IL,קוקה קולה זירו 1 לי,קילוגרמים,1.00,ליטר,false,,7.50,7.5000,true,1,4033
7290013585394,false,קוקה קולה קלאסי,החברה המרכזית לייצור,IL,קוקה קולה 1 ליטר,קילוגרמים,1.00,ליטר,false,,7.50,7.5000,true,1,4034
7290013608260,false,פרימור מיץ רימונים 100% סחוט טרי 1ל',"גניר (1992) בע""מ",IL,מיץ רימונים פרימור 1,קילוגרמים,1.00,ליטר,false,,21.90,21.9000,true,1,12161
7290013615831,false,"במיה טלפרוסט 1 ק""ג",אלמוורה,EG,"במיה טלפרוסט 1 ק""ג",פריט,1.00,"ק""ג",false,,4.90,4.9000,true,1,1126
7290013625458,false,"פטריות טעמן 8 שלם פ.קל בד""ץ",פרוצאמפ,NL,פטריות שלמות טעמן 40,גרמים,400.00,100 גרם,false,,7.50,0.0188,true,1,5534
7290013625922,false,אטריות דקות טעמן 400 ג,מוטלו,TR,אטריות דקות טעמן 400,גרמים,400.00,100 גרם,false,,4.90,0.0123,true,1,5536
7290013625939,false,אטריות דקיקות טעמן 400 גר',מוטלו,TR,אטריות דקיקות טעמן 4,גרמים,400.00,100 גרם,false,,4.90,0.0123,true,1,5537
7290013675989,false,שניצל גונגל מאמא עוף,תנובה גליל,IL,שניצל גונגל מאמא עוף,פריט,1.20,"ק""ג",false,,49.90,41.5833,true,1,14033
7290013677006,false,חומוס גדול באריזת וואקום Selected,מיה תעשיות מזון בעמ,IL,חומוס גדול סלקטד 500,גרמים,500.00,100 גרם,false,,9.90,0.0198,true,1,7257
7290013677020,false,שעועית לבנה בוואקום מיה 500 גר',מיה תעשיות מזון בעמ,IL,שעועית לבנה סלקטד 50,גרמים,500.00,100 גרם,false,,9.50,0.0190,true,1,7258
7290013677037,false,עדשים ירוקות באריזת וואקום Selected,מיה תעשיות מזון בעמ,IL,עדשים ירוקות סלקטד 5,גרמים,500.00,100 גרם,false,,9.50,0.0190,true,1,7259
7290013677044,false,עדשים אדומים בוואקום מיה 500 גר',מיה תעשיות מזון בעמ,IL,עדשים אדומות סלקטד 5,גרמים,500.00,100 גרם,false,,9.90,0.0198,true,1,7260
7290013677051,false,פופקורן גרגרים בוואקום מיה 500 גר',מיה תעשיות מזון בעמ,IL,פופקורן סלקטד 500 גר,גרמים,500.00,100 גרם,false,,9.50,0.0190,true,1,7261
7290013677068,false,כוסמת בוואקום מיה 500 גר',מיה תעשיות מזון בעמ,IL,כוסמת סלקטד 500 גרם,גרמים,500.00,100 גרם,false,,9.90,0.0198,true,1,7262
7290013677075,false,חיטה בוואקום מיה 500 גר',מיה תעשיות מזון בעמ,IL,חיטה סלקטד 500 גרם,גרמים,500.00,100 גרם,false,,8.50,0.0170,true,1,7263
7290013677082,false,שעועית אדומה בוואקום מיה 500 גר',מיה תעשיות מזון בעמ,IL,שעועית אדומה סלקטד 5,גרמים,500.00,100 גרם,false,,9.90,0.0198,true,1,7264
7290013677099,false,גריסי פנינה בוואקום מיה 500 גר',מיה תעשיות מזון בעמ,IL,גריסי פנינה סלקטד 50,גרמים,500.00,100 גרם,false,,8.50,0.0170,true,1,7265
7290013677105,false,אפונה בוואקום 500 גר',מיה תעשיות מזון בעמ,IL,אפונה סלקטד 500 גרם,גרמים,500.00,100 גרם,false,,8.50,0.0170,true,1,7266
7290013677112,false,בורגול באריזת וואקום Selected,מיה תעשיות מזון בעמ,IL,בורגול סלקטד 500 גרם,גרמים,500.00,100 גרם,false,,8.50,0.0170,true,1,7267
7290013677129,false,שעועית מעורבת בוואקום מיה 500 גר',מיה תעשיות מזון בעמ,IL,שעועית מעורבת סלקטד,גרמים,500.00,100 גרם,false,,10.90,0.0218,true,1,7268
7290013677136,false,חומוס לבן ענק בוואקום יבש 500 גר',מיה תעשיות מזון בעמ,IL,חומוס ענק סלקטד 500,גרמים,500.00,100 גרם,false,,12.70,0.0254,true,1,7269
7290013677259,false,תבלין זעתר 50 גרם שקית,מיה תעשיות מזון בעמ,IL,זעתר שקית מיה 50 גרם,גרמים,80.00,100 גרם,false,,3.90,0.0487,true,1,7272
7290013677266,false,תבלין לפיצה 80 גרם-שקית,מיה תעשיות מזון בעמ,IL,תבלין לפיצה שקית מיה,גרמים,80.00,100 גרם,false,,3.90,0.0487,true,1,7273
7290013677280,false,תבלין ציפורן שלם 40 גרם שקית,מיה תעשיות מזון בעמ,IL,ציפורן שלם שקית מיה,גרמים,80.00,100 גרם,false,,6.90,0.0863,true,1,7274
7290013677303,false,תבלין חוויג תימני 50 גרם שקית,מיה תעשיות מזון בעמ,IL,תבלין חוואיג תימני ש,גרמים,80.00,100 גרם,false,,3.90,0.0487,true,1,7275
7290013677334,false,תבלין על האש 50 גרם שקית,מיה תעשיות מזון בעמ,IL,תבלין על האש שקית מי,גרמים,50.00,100 גרם,false,,3.90,0.0780,true,1,7276
7290013677648,false,שמן זית למאור 1 ליטר,מיה תעשיות מזון בעמ,IL,שמן זית למאור מיה 1,קילוגרמים,1.00,ליטר,false,,19.90,19.9000,true,1,7282
7290013677655,false,סודה לשתייה 600גרם צנצנת,מיה תעשיות מזון בעמ,IL,סודה לשתיה מיה 600 ג,גרמים,600.00,100 גרם,false,,14.90,0.0248,true,1,7283
7290013677662,false,תבלין מלח לימון400 גרם,מיה תעשיות מזון בעמ,IL,מלח לימון מיה 300 גר,גרמים,300.00,100 גרם,false,,14.90,0.0497,true,1,7284
7290013677679,false,סודה לשתייה 80גרם שקית,מיה תעשיות מזון בעמ,IL,סודה לשתיה שקית מיה,גרמים,80.00,100 גרם,false,,3.90,0.0487,true,1,7285
7290013677686,false,תבלין פפריקה מרוקאית 80 גרם בשקית,מיה תעשיות מזון בעמ,IL,פפריקה מרוקאית שקית,גרמים,100.00,100 גרם,false,,3.90,0.0390,true,1,7286
7290013677693,false,תבלין פלפל שחור גרוס שקית 50 גרם,מיה תעשיות מזון בעמ,IL,פלפל שחור גרוס שקית,גרמים,50.00,100 גרם,false,,6.90,0.1380,true,1,7287
7290013713025,false,בירה ג'מס בקבוקי פיל,"אביר הבר בע""מ",IL,בירה ג'מס פילס 5% 33,מיליליטרים,330.00,"100 מ""ל",false,,11.90,0.0361,true,1,26337
7290013713049,false,בירה גמס חזקה בק 330,"אביר הבר בע""מ",IL,בירה ג'מס 8.8% 330 מ,מיליליטרים,330.00,"100 מ""ל",false,,11.90,0.0361,true,1,26336
7290013713094,false,בירה ג'מס בקבוקי חיט,יקבי כרמל,IL,בירה ג'מס IPA 6% 330,מיליליטרים,330.00,"100 מ""ל",false,,11.90,0.0361,true,1,26339
7290013724816,false,חטיף גרנולה תמר וצימוק 5 * 35ג',ויטליה ניקולה,MK,חטיפי גרנולה תמר צימ,גרמים,175.00,100 גרם,false,,9.90,0.0566,true,1,16833
7290013724939,false,חטיף חמוציות בשוקולד מריר 160,דין שיווק,IL,חמוציות בשוקולד שקדי,גרמים,140.00,100 גרם,false,,9.90,0.0707,true,1,16834
7290013724946,false,משוקלדים שקד מריר 160 גר' קופסא,"דין שיווק וקליה בע""מ",IL,שקדים בשוקולד שקדיה,גרמים,140.00,100 גרם,false,,9.90,0.0707,true,1,16835
7290013724960,false,משוקלדים שקד חלב 160 גר' קופסא,"דין שיווק וקליה בע""מ",IL,שקדבציפוי שוקולד חלב,גרמים,140.00,100 גרם,false,,9.90,0.0707,true,1,27694
7290013725639,false,רוטב צילי חריף סו שף,"דין שיווק וקליה בע""מ",TH,רוטב צילי חריף סו שף,מיליליטרים,700.00,"100 מ""ל",false,,9.90,0.0141,true,1,16837
7290013725646,false,רוטב צילי מתוק סו שף,"דין שיווק וקליה בע""מ",TH,רוטב צילי מתוק סו שף,מיליליטרים,700.00,"100 מ""ל",false,,9.90,0.0141,true,1,16838
7290013725653,false,קרם קוקוס 400 גרם (653),,TH,קרם קוקוס סו שף 400,מיליליטרים,400.00,"100 מ""ל",false,,6.90,0.0173,true,1,16839
7290013725677,false,"חומץ אורז 300 מ""ל",,CN,"חומץ אורז 300 מ""ל",מיליליטרים,300.00,"100 מ""ל",false,,4.90,0.0163,true,1,16840
7290013725707,false,"שמן שומשום 150 מ""ל (707)",,CN,שמן שומשום סו שף 150,מיליליטרים,150.00,"100 מ""ל",false,,14.90,0.0993,true,1,16841
7290013725752,false,אטריות ביצים צרות לה,,CN,נודלס דק סו שף 400 ג,גרמים,400.00,100 גרם,false,,6.60,0.0165,true,1,16843
7290013725769,false,נודלס עבה סו שף 400ג,,CN,נודלס עבה סו שף 400,גרמים,400.00,100 גרם,false,,6.60,0.0165,true,1,16844
7290013725844,false,חטיף שומשום בשוקולד מריר 160ג,"דין שיווק וקליה בע""מ",,שומשום בציפוי שוקולד,גרמים,140.00,100 גרם,false,,9.90,0.0707,true,1,16847
7290013771216,false,תחליף גבינה פטאקי 25,מיוצר עי קונדיטוריית,IL,גבינה פטאקי 16% שומר,גרמים,250.00,100 גרם,false,,13.90,0.0556,true,1,23516
7290013771261,false,גבינה בולגרית מעודנת,מחלבת השומרון,IL,גבינה בולגרית מעודנת,גרמים,250.00,100 גרם,false,,12.90,0.0516,true,1,23517
7290013771285,false,גבינה בולגרית קלאסית,מחלבת השומרון,IL,גבינה בולגרית קלאסית,גרמים,200.00,100 גרם,false,,12.90,0.0645,true,1,23518
7290013771292,false,גבינה פטאקי 16% שומר,מחלבת השומרון,IL,גבינה פטאקי 16% שומר,גרמים,250.00,100 גרם,false,,12.90,0.0516,true,1,23519
7290013771308,false,גבינה בולגרית קלאסית,מחלבת השומרון,IL,גבינה בולגרית קלאסית,גרמים,200.00,100 גרם,false,,12.90,0.0645,true,1,23520
7290013771391,false,גבינה צפתית 5% שומרו,מחלבת השומרון,IL,גבינה צפתית 5% שומרו,גרמים,200.00,100 גרם,false,,13.90,0.0695,true,1,23521
7290013847379,false,סטארקיסט טונה בשמן סויה בדץ 6*140ג,סטארקיסט,IL,טונה בשמן ס.ק 6*140,גרמים,840.00,100 גרם,false,,29.90,0.0356,true,1,2553
7290013847386,false,נתחי טונה לייט במים ושמן קנולה בטעם טבעי 4%,סטארקיסט Starkist,IL,טונה 4% טעם טבעי ס.ק,גרמים,140.00,100 גרם,false,,6.90,0.0493,true,1,2554
7290013847393,false,נתחי טונה לייט 4% שומן עם עשבי תיבול 140 ג' סטארקיסט,סטארקיסט Starkist,IL,טונה 4% בעשבי תיבול,גרמים,140.00,100 גרם,false,,6.90,0.0493,true,1,2555
7290013847409,false,נתחי טונה לייט במים ושמן קנולה עם לימון ופלפל חריף 4%,סטארקיסט Starkist,IL,טונה 4% בלימון ופלפל,גרמים,140.00,100 גרם,false,,6.90,0.0493,true,1,2556
7290013847492,false,סטארקיסט טונה במים מארז 140X6ג',סטארקיסט,IL,טונה במים ס.ק 6*140,גרמים,840.00,100 גרם,false,,29.90,0.0356,true,1,2557
7290013848017,false,תרסיס ניקוי והברקת נירוסטה,"סנו מפעלי ברונוס בע""",IL,תרסיס סנו נירוסטה 50,מיליליטרים,500.00,"100 מ""ל",false,,19.90,0.0398,true,1,3859
7290013848758,false,סנו - מקסימה ג'ל כביסה מרוכז בייבי 3 ליטר,"סנו מפעלי ברונוס בע""",IL,גל מקסימה בייבי 3 לי,קילוגרמים,3.00,ליטר,false,,32.90,10.9667,true,1,3864
7290013861412,false,קוקוס 250 ג' מתוקים של שושון,קריניציה ויטמינה אס,IL,חטיפי קוקוס 250 גרם,גרמים,250.00,100 גרם,false,,9.90,0.0396,true,1,16848
7290013861429,false,שומשום 250 ג' מתוקים של שושון,קריניציה ויטמינה אס,IL,חטיפי שומשום 250 גרם,גרמים,250.00,100 גרם,false,,9.90,0.0396,true,1,16849
7290013861443,false,בוטנים 250 ג' מתוקים של שושון,קריניציה ויטמינה אס,IL,חטיפי בוטנים / חטיפי,גרמים,250.00,100 גרם,false,,9.90,0.0396,true,1,16850
7290013906281,false,טירת צבי נקניקיות קהילות 1קג,טירת צבי,IL,נקניקיות טירת צבי 1,פריט,1.00,"ק""ג",false,,29.90,29.9000,true,1,4962
7290013906304,false,טירת צבי פסטרמה גחלים קהילות 400ג,טירת צבי,IL,פסטרמה גחלים טירת צב,גרמים,400.00,100 גרם,false,,24.90,0.0622,true,1,4964
7290013906311,false,טירת צבי פסטרמה מעושנת קהילות 400ג,טירת צבי,IL,פסטרמה מעושנת טירת צ,גרמים,400.00,100 גרם,false,,24.90,0.0622,true,1,4965
7290013906441,false,קבנוס 120 ג' טירת צבי,הנסיך- מפעל לייצור ט,IL,קבנוס טירת צבי 120 ג,גרמים,120.00,100 גרם,false,,8.90,0.0742,true,1,4967
7290013906458,false,קבנוס טעם פיקנטי טירת צבי 120 ג',הנסיך- מפעל לייצור ט,IL,קבנוס פיקנטי טירת צב,גרמים,120.00,100 גרם,false,,8.90,0.0742,true,1,4968
7290013906489,false,חטיפי מיני קבנוס 120 ג' טירת צבי,הנסיך- מפעל לייצור ט,IL,חטיפי מיני קבנוס טיר,גרמים,120.00,100 גרם,false,,8.90,0.0742,true,1,4969
7290013906700,false,"נקניקיות הודו טירת צבי כשרות הרב מחפוד 1.5 ק""ג",טירת צבי,IL,נקניקיות הודו טירת צ,פריט,1.50,"ק""ג",false,,29.90,19.9333,true,1,4972
7290013906922,false,"נקניקיות הודו חריפות מחפוד ט. צבי 1 ק""ג",טירת צבי,IL,נקניקיות הודו חריפות,פריט,1.00,"ק""ג",false,,29.90,29.9000,true,1,4974
7290013906939,false,"קורנדביף לל""ג ט.צבי 120ג'",טירת צבי,IL,קורנדביף טירת צבי 12,גרמים,120.00,100 גרם,false,,13.90,0.1158,true,1,4975
7290013906946,false,פסטרמה כתף בקר ט.צבי 120 גר' מחפוד,טירת צבי,IL,פסטרמה כתף בקר מעושנ,גרמים,120.00,100 גרם,false,,13.90,0.1158,true,1,4976
7290013927156,false,אחוה בטעם פירות יער ללא תוספת סוכר 450 גרם.,אחדות ביחר לטחינה חל,IL,עוגת פירות יער ללא ס,גרמים,450.00,100 גרם,false,,11.80,0.0262,true,1,67
7290013927200,false,עוגת שוקולד צ'יפס עשירה אחווה 400ג',אחדות ביחר לטחינה חל,IL,עוגת שוקולד ציפס אחו,גרמים,400.00,100 גרם,false,,10.90,0.0273,true,1,68
7290013927323,false,אחדות עוגת בראוניס 400 גרם,אחדות ביחר לטחינה חל,IL,עוגת בראוניס אחוה 40,גרמים,400.00,100 גרם,false,,10.90,0.0273,true,1,69
7290013927514,false,רוגעלך קינמון 400 גר`אחוה,אחדות ביחר לטחינה חל,IL,רוגעלך קינמון אחוה 4,גרמים,400.00,100 גרם,false,,5.90,0.0148,true,1,73
7290013927637,false,חלווה ללא תוספת סוכר 400 גר' אחוה,אחדות ביחר לטחינה חל,IL,חלוה ל.סוכר אחוה 400,גרמים,400.00,100 גרם,false,,11.90,0.0298,true,1,79
7290013927804,false,"טחינה משומשום מלא 1 ק""ג",אחדות ביחר לטחינה חל,IL,טחינה שומשום מלא אחו,פריט,1.00,"ק""ג",false,,18.90,18.9000,true,1,80
7290013927996,false,עוגת שמרים קראץ' בטעם שוקולד 400 גר',אחדות ביחר לטחינה חל,IL,עוגת שמרים קראנץ שוק,גרמים,400.00,100 גרם,false,,9.80,0.0245,true,1,82
7290013946089,false,מג'יק ניקוי חלונות 1 ל',סאסאטק,IL,תרסיס מגיק חלונות 1,קילוגרמים,1.00,ליטר,false,,4.90,4.9000,true,1,10621
7290013946171,false,מטהר מגיק פריחה 300,סאסאטק,IL,מטהר מגיק פריחה 300,מיליליטרים,300.00,"100 מ""ל",false,,3.90,0.0130,true,1,10622
7290013946829,false,נוזל כלים מגיק תפוח,סאסאטק,IL,נוזל כלים מגיק תפוח,קילוגרמים,4.00,ליטר,false,,17.90,4.4750,true,1,10623
7290014002197,false,ויסוצקי חליטת קמומיל ולימונית 25*1.5ג,ויסוצקי,IL,תה קמומיל ולימונית ה,גרמים,38.00,100 גרם,false,,17.50,0.4605,true,1,14078
7290014016248,false,פיתות ל.גלוטן נטורל,נטורל קייקס,IL,פיתות ל.גלוטן נטורל,גרמים,720.00,100 גרם,false,,14.90,0.0207,true,1,10176
7290014016279,false,פיצה מרגריטה ללא גלו,נטו מלינדה-בשר,IL,פיצה מרגריטה ל.גלוטן,גרמים,400.00,100 גרם,false,,19.90,0.0497,true,1,10177
7290014016309,false,לחם פרוס ל.גלוטן נטו,נטורל קייקס,IL,לחם פרוס ל.גלוטן נטו,גרמים,450.00,100 גרם,false,,4.90,0.0109,true,1,10179
7290014016316,false,לחם רך במיוחד ל.גלוט,נטורל קייקס,IL,לחם רך במיוחד ל.גלוט,גרמים,450.00,100 גרם,false,,4.90,0.0109,true,1,10180
7290014016323,false,לחמניות ל.גלוטן נטור,נטורל קייקס,IL,לחמניות ל.גלוטן נטור,גרמים,390.00,100 גרם,false,,4.90,0.0126,true,1,10181
7290014017009,false,קמח אורז לבן ללא גלוטן 500 גרם,נטו מלינדה-בשר,IL,קמח אורז ל.גלוטן רי,גרמים,500.00,100 גרם,false,,8.90,0.0178,true,1,10187
7290014017214,false,סופגניות ל.גלוטן נטו,"נטורל קייקס בע""מ",IL,סופגניות ל.גלוטן נטו,גרמים,340.00,100 גרם,false,,19.90,0.0585,true,1,10191
7290014017320,false,אבקת מרק עוף ללא גלו,נטו מלינדה-בשר,IL,אבקת מרק בטעם עוף ל.,גרמים,400.00,100 גרם,false,,19.90,0.0497,true,1,10192
7290014017337,false,אבקת מרק בצל ללא גלו,"נטורל קייקס בע""מ",IL,אבקת מרק בצל ל.גלוטן,גרמים,400.00,100 גרם,false,,19.90,0.0497,true,1,10193
7290014017689,false,דגני בוקר בטעם נוגט,נטורל קייקס,IL,דגני בוקר בטעם נוגט,גרמים,750.00,100 גרם,false,,19.90,0.0265,true,1,10194
7290014017696,false,דגני בוקר בטעם שוקול,נטורל קייקס,IL,דגני בוקר בטעם שוקול,גרמים,750.00,100 גרם,false,,19.90,0.0265,true,1,10195
7290014079014,false,לבבות קיסר ארוז נספק,"מרינה פטריות הגליל בע""מ",IL,לבבות קיסר ארוז נספק,Unknown,0.00,יחידה,false,,8.90,0.0000,true,1,20070
7290014079076,false,נבטי אלפלפא יח,"מרינה פטריות הגליל בע""מ",IL,נבטי אלפלפא יח,Unknown,0.00,יחידה,false,,5.90,0.0000,true,1,20071
7290014079236,false,פטריות פורטובלה מיני סלסלה,מרינה פטריות הגליל,IL,פטריות פורטבלה מרינה,Unknown,0.00,יחידה,false,,7.90,0.0000,true,1,20004
7290014079328,false,לוף רגיל ארוז ליח (מ,"מרינה פטריות הגליל בע""מ",IL,לוף ארוז,Unknown,0.00,יחידה,false,,8.90,0.0000,true,1,22269
7290014079540,false,"שיני שום קלופות ק""ג","מרינה פטריות הגליל בע""מ",IL,"שום קלוף 1 ק""ג",פריט,1.00,"ק""ג",false,,38.90,38.9000,true,1,20075
7290014079854,false,זוג לבבות חסה ארץ הג,"מרינה פטריות הגליל בע""מ",IL,לבבות חסה,Unknown,0.00,יחידה,false,,8.90,0.0000,true,1,20080
7290014083813,false,וילי פוד מריגה שפרוטים מעושנים בשמן 190ג,הנסיך- מפעל לייצור ט,LV,שפרוט מעושן בשמן מרי,גרמים,190.00,100 גרם,false,,7.90,0.0416,true,1,2176
7290014092532,false,פלחי דלעת מרינה,"מרינה פטריות הגליל בע""מ",IL,דלעת,Unknown,0.00,יחידה,false,,8.90,0.0000,true,1,22270
7290014094260,false,שיני שום קלוף קמעונאי,"מרינה פטריות הגליל בע""מ",IL,שום קלוף מרינה 170 ג,גרמים,170.00,100 גרם,false,,8.90,0.0524,true,1,20086
7290014094307,false,סילאן טבעי 360 ג' שקדיה,"דין שיווק וקליה בע""מ",TR,סילאן טבעי שקדיה 360,מיליליטרים,360.00,"100 מ""ל",false,,13.90,0.0386,true,1,16852
7290014094505,false,אורז בסמתי טהור אהרוני 1 ק''ג,האי נאם סי או אל.טי.,IN,אורז בסמטי אהרוני 1,פריט,1.00,"ק""ג",false,,10.90,10.9000,true,1,16854
7290014094543,false,"תרסיס שמן קנולה שקדיה 186 מ""ל",שקדיה,IL,תרסיס שמן קנולה שקדי,מיליליטרים,186.00,"100 מ""ל",false,,14.90,0.0801,true,1,16855
7290014094864,false,פיסטוק קלוי ששון הקו,"דין שיווק וקליה בע""מ",IL,פיסטוק קלוי 170 גרם,גרמים,170.00,100 גרם,false,,13.90,0.0818,true,1,16857
7290014095472,false,חטיף דגנים עם חמוציות ושוקולד מריר 125 ג',דין שיווק,MK,חטיף דגנים עם חמוציו,גרמים,125.00,100 גרם,false,,9.90,0.0792,true,1,16860
7290014095496,false,חטיף דגנים עם אגוזים ושוקלד מריר 125 ג',דין שיווק,MK,חטיף דגנים עם שקד אג,גרמים,125.00,100 גרם,false,,9.90,0.0792,true,1,16861
7290014095861,false,שיבולת שועל דקה להכנה מהירה,"דין שיווק וקליה בע""מ",IL,שיבולת שועל דקה שקדי,גרמים,500.00,100 גרם,false,,4.90,0.0098,true,1,16862
7290014095960,false,שיבולת שועל עבה להכנה מהירה,"דין שיווק וקליה בע""מ",IL,שיבולת שועל עבה שקדי,גרמים,500.00,100 גרם,false,,4.90,0.0098,true,1,16864
7290014218482,false,חטיפי פיצה גבינה מעדנות 650 ג',מעדנות,IL,חטיפי פיצה מעדנות 65,גרמים,650.00,100 גרם,false,,22.90,0.0352,true,1,13584
7290014218505,false,"פיצת מעדנות שלישייה בחבק 1.08 ק""ג",מעדנות,IL,מארז פיצה מעדנות 3*3,פריט,1.08,"ק""ג",false,,29.90,27.6852,true,1,13586
7290014236936,false,שקיות אשפה 75*90 רזפ,,TR,שקיות אשפה 75*90 רזפ,Unknown,0.00,יחידה,false,,6.90,0.0000,true,1,27530
7290014256620,false,יין אדום מתוק מבעבע Buzz קריניאנו,יקבי כרמל Carmel Winery,IL,יין באז קריניאנו מבע,מיליליטרים,750.00,"100 מ""ל",false,,23.90,0.0319,true,1,6243
7290014256637,false,יין לבן מתוק מבעבע Buzz מוסקטו,יקבי כרמל Carmel Winery,IL,יין באז מוסקטו מבעבע,מיליליטרים,750.00,"100 מ""ל",false,,23.90,0.0319,true,1,6244
7290014258716,false,תרכובת מזון צמחי על בסיס חלבון סויה מגיל לידה,מטרנה תעשיות ש.מ,IL,מטרנה צמחי 700 גרם,גרמים,700.00,100 גרם,false,,47.90,0.0684,true,1,930
7290014258723,false,תרכובת מזון צמחי לתינוקות מגיל 0 עד גיל שנה,מטרנה,IL,מטרנה צמחי מגיל 0-12,גרמים,700.00,100 גרם,false,,64.90,0.0927,true,1,931
7290014308626,false,פלפל שחור גרוס 100 גרם,תבליני פרג,,פלפל שחור גרוס פרג 1,גרמים,100.00,100 גרם,false,,15.90,0.1590,true,1,13483
7290014309128,false,תבלין קצח פרג 120 גר,תבליני הדור השלישי,IL,תבלין קצח פרג 120 גר,גרמים,120.00,100 גרם,false,,15.90,0.1325,true,1,13490
7290014325036,false,סוכריות ג'לי עטופות שמחות 600גרם,מיה תעשיות מזון בעמ,IL,סוכריות גלי שמחות מי,גרמים,600.00,100 גרם,false,,18.50,0.0308,true,1,7290
7290014325043,false,"פודינג וניל 1 ק""ג שקית",מיה תעשיות מזון בעמ,IL,פודינג בטעם וניל מיה,פריט,1.00,"ק""ג",false,,14.90,14.9000,true,1,7291
7290014325074,false,מארז תן צ'אפ כריות קטשופ חדש 12גרם,מיה תעשיות מזון,IL,מארז תן צאפ כריות קט,גרמים,120.00,100 גרם,false,,7.90,0.0658,true,1,7294
7290014325081,false,מארז תן צ'אפ כריות פלאפל חדש 12גרם,מיה תעשיות מזון בעמ,IL,מארז תן צאפ כריות פל,גרמים,120.00,100 גרם,false,,7.90,0.0658,true,1,7295
7290014325234,false,קוקוס מיה 800 גרם,מיה תעשיות מזון בעמ,IL,קוקוס מיה 800 גרם,גרמים,800.00,100 גרם,false,,19.90,0.0249,true,1,7297
7290014325241,false,שומשום מיה בשקית 800,מיה תעשיות מזון בעמ,IL,שומשום מיה בשקית 800,גרמים,800.00,100 גרם,false,,17.90,0.0224,true,1,7298
7290014325258,false,אורז פרסי אינדירה 1.,מיה תעשיות מזון בעמ,IL,אורז פרסי אינדירה 1.,פריט,1.40,"ק""ג",false,,9.90,7.0714,true,1,7299
7290014325272,false,תן צ'אפ חטיף טבעות בטעם צ'ילי מארז 15X8ג',מיה תעשיות מזון בעמ,IL,מארז תן צאפ צילי 8*1,גרמים,120.00,100 גרם,false,,7.90,0.0658,true,1,7301
7290014325326,false,חומוס גדול אינדירה 1,מיה תעשיות מזון בעמ,IL,חומוס גדול אינדירה 1,פריט,1.40,"ק""ג",false,,14.90,10.6429,true,1,7302
7290014325333,false,שעועית לבנה אינדירה,מיה תעשיות מזון בעמ,IL,שעועית לבנה אינדירה,פריט,1.40,"ק""ג",false,,14.90,10.6429,true,1,7303
7290014325357,false,"חיטה אינדירה 1.4 ק""ג",מיה תעשיות מזון בעמ,IL,"חיטה אינדירה 1.4 ק""ג",פריט,1.40,"ק""ג",false,,8.90,6.3571,true,1,7305
7290014325371,false,"אפונה אינדירה 1.4 ק""",מיה תעשיות מזון בעמ,IL,"אפונה אינדירה 1.4 ק""",פריט,1.40,"ק""ג",false,,9.90,7.0714,true,1,7307
7290014325395,false,עדשים אדומות אינדירה,מיה תעשיות מזון בעמ,IL,עדשים אדומות אינדירה,פריט,1.40,"ק""ג",false,,14.90,10.6429,true,1,7308
7290014325401,false,עדשים ירוקות אינדירה,מיה תעשיות מזון בעמ,IL,עדשים ירוקות אינדירה,פריט,1.40,"ק""ג",false,,14.90,10.6429,true,1,7309
7290014325418,false,חומוס ענק אינדירה 1.,מיה תעשיות מזון בעמ,IL,חומוס ענק אינדירה 1.,פריט,1.40,"ק""ג",false,,24.90,17.7857,true,1,7310
7290014325425,false,בורגול אינדירה 1.4 ק,מיה תעשיות מזון בעמ,IL,בורגול אינדירה 1.4 ק,פריט,1.40,"ק""ג",false,,8.90,6.3571,true,1,7311
7290014325432,false,"כוסמת אינדירה 1.4 ק""",מיה תעשיות מזון בעמ,IL,"כוסמת אינדירה 1.4 ק""",פריט,1.40,"ק""ג",false,,17.90,12.7857,true,1,7312
7290014325562,false,פופקורן אינדירה 1.4,מיה תעשיות מזון בעמ,IL,פופקורן אינדירה 1.4,פריט,1.40,"ק""ג",false,,12.90,9.2143,true,1,7315
7290014355781,false,נקניקיות קנקרס חריפות 375 גר' קפוא,מ ב גלאט עוף למהדרין,IL,נקניקיות קנקרס חריפו,גרמים,375.00,100 גרם,false,,27.90,0.0744,true,1,2468
7290014397279,false,שקיות מזון נשלפות XL גדולות במיוחד,אשפלסט תעשיות,IL,שקיות מזון גדולות סנ,Unknown,0.00,יחידה,false,,9.90,0.0000,true,1,3865
7290014397453,false,מסיר כתמים לכביסה לבנה אוקסיג'ן ג'ל,סנו אוקסיג'ן,IL,גל אוקסיגן כביסה לבנ,קילוגרמים,3.00,ליטר,false,,27.90,9.3000,true,1,3866
7290014397507,false,"מטהר אויר פרש הום פריחת יסמין 350מ""ל",מיוצר עי קונדיטוריית,IL,מבשם סנופרש הום יסמי,מיליליטרים,350.00,"100 מ""ל",false,,10.70,0.0306,true,1,3868
7290014397514,false,"סנו פרש הום מבשם כותנה מלטפת 350מ""ל","סנו מפעלי ברונוס בע""",IL,מבשם סנופרש הום כותנ,מיליליטרים,350.00,"100 מ""ל",false,,10.70,0.0306,true,1,3869
7290014397538,false,פרש Home מבשם לבית בוקר אביבי,סנו מפעלי ברונוס בעמ,IL,מבשם סנופרש הום בוקר,מיליליטרים,350.00,"100 מ""ל",false,,10.70,0.0306,true,1,3871
7290014397675,false,סנו מקסימה מרכך כביסה חלב ודבש 4 ל',סנו,IL,מרכך מקסימה חלב ודבש,קילוגרמים,4.00,ליטר,false,,21.50,5.3750,true,1,26352
7290014397699,false,פוליווקס גרניט פורצלן 2 ליטר+1 ליטר מתנה,סנו,IL,פוליויקס גרניט פורצל,קילוגרמים,3.00,ליטר,false,,19.90,6.6333,true,1,3873
7290014397767,false,סנו ריצפז פרש הום 2 ליטר בניחוח כותנה-מרכז,"סנו מפעלי ברונוס בע""",IL,ריצפז פרש הום כותנה,קילוגרמים,2.00,ליטר,false,,19.70,9.8500,true,1,3874
7290014397873,false,מרכך כביסה בבישום עוצמתי ג'נטל בריז,סנו מקסימה,IL,מרכך מקסימה ג'נטל 4,קילוגרמים,4.00,ליטר,false,,21.50,5.3750,true,1,3877
7290014434790,false,סוכריות קטנטנות בטעמי פירות 32 יח,סוויט טיים פודסטופ ב,,מאגדת סוכריות קטנטנו,גרמים,160.00,100 גרם,false,,9.90,0.0619,true,1,23602
7290014435360,false,חומוס שמיר עם רוטב חריף 400 גר',סלטי שמיר 2006 בעמ,,חומוס עם רוטב חריף ש,גרמים,400.00,100 גרם,false,,10.90,0.0273,true,1,10325
7290014435377,false,חומוס עם רוטב מסבחה 400 גר',סלטי שמיר 2006 בעמ,,חומוס עם רוטב מסבחה,גרמים,400.00,100 גרם,false,,10.90,0.0273,true,1,10326
7290014435384,false,חומוס שמיר עם טחינה מיוחדת 400 גר',סלטי שמיר 2006 בעמ,,חומוס עם טחינה מיוחד,גרמים,400.00,100 גרם,false,,10.90,0.0273,true,1,10327
7290014435391,false,חומוס שמיר אורגינל עם גרגירים 400 גר',סלטי שמיר 2006 בעמ,,חומוס עם גרגירים שמי,גרמים,400.00,100 גרם,false,,10.90,0.0273,true,1,10328
7290014435803,false,מטיאס הולנדי (פרובנציאל) עם בצל בשמן 180 גרם,שבעת הימים - שמיר,IL,מטיאס הולנדי פרובנצי,גרמים,200.00,100 גרם,false,,16.90,0.0845,true,1,10331
7290014435810,false,הרינג כבוש ובצל במרינת חמוץ מתוק שמיר 180 ג',שבעת הימים - שמיר,IL,הרינג כבוש שמיר 220,גרמים,220.00,100 גרם,false,,16.90,0.0768,true,1,10332
7290014435827,false,פילה מקרל מעושן בשמן שמיר 180 ג',שבעת הימים - שמיר,IL,פילה מקרל מעושן שמיר,גרמים,180.00,100 גרם,false,,21.90,0.1217,true,1,10333
7290014435834,false,מקרל מעושן פרוס בשמן 180 גרם,שבעת הימים - שמיר,IL,מקרל מעושן שמיר 180,גרמים,180.00,100 גרם,false,,21.90,0.1217,true,1,10334
7290014435841,false,פילה מטיאס הולנדי בשמן שמיר 180ג',סלטי שמיר 2006 בעמ,IL,פילה מטיאס שמיר 200,גרמים,200.00,100 גרם,false,,16.90,0.0845,true,1,10335
7290014435872,false,סלט הרינג ומיונז שמיר 250ג',שבעת הימים - שמיר,IL,סלט הרינג שמיר 200 ג,גרמים,200.00,100 גרם,false,,16.90,0.0845,true,1,10337
7290014435889,false,סלט מטיאס עם מיונז 180 גרם,שבעת הימים - שמיר,IL,סלט מטיאס שמיר 200 ג,גרמים,200.00,100 גרם,false,,16.90,0.0845,true,1,10338
7290014435896,false,סלט סלומון עם מיונז 180 גר',שבעת הימים - שמיר,IL,סלט סלמון שמיר 200,גרמים,200.00,100 גרם,false,,16.90,0.0845,true,1,10339
7290014440173,false,יין מדבר סירה רזרב 2,יקב בראשית,IL,יין מדבר סירה רזרב 2,מיליליטרים,750.00,"100 מ""ל",false,,119.90,0.1599,true,1,24879
7290014455245,false,גבינת גרנה פדנו משולש 29% 200 גרם בית יוסף,מחלבת סוציאלה מנטובה,IT,גבינה גרנה פדנו גד 2,גרמים,200.00,100 גרם,false,,23.90,0.1195,true,1,7112
7290014455320,false,גבינה כדורי מוצרלה פרסקה גד 100ג',מחלבות גד בעמ,IL,גבינת מוצרלה פרסקה 1,גרמים,100.00,100 גרם,false,,9.90,0.0990,true,1,7113
7290014471412,false,"מוזלי בוטנים אגוזים ושקדים 1 ק""ג - 412 ירוק שקדיה",דין שיווק,IL,מוזלי בוטנים אגוזים,פריט,1.00,"ק""ג",false,,19.90,19.9000,true,1,16865
7290014471429,false,"מוזלי עם פירות 1 ק""ג - 429 סגול שקדיה",דין שיווק,IL,מוזלי פירות שקדיה 1,פריט,1.00,"ק""ג",false,,19.90,19.9000,true,1,16866
7290014471436,false,"מיזלי צימוקים תפוח קינמון וגרעיני חמניה שקדיה 1ק""ג",דין שיווק,IL,מוזלי צימוקים תפוח ק,פריט,1.00,"ק""ג",false,,19.90,19.9000,true,1,16867
7290014471443,false,"גרנולה צימוקים אגוזים ושקדים1 ק""ג חדש - 443 כתום שקדיה (כתום)",דין שיווק,IL,גרנולה אגוזים שקדיה,פריט,1.00,"ק""ג",false,,19.90,19.9000,true,1,16868
7290014472426,false,קונפיטורה דובדבן חמוץ 450 ג' שקדיה,"דין שיווק וקליה בע""מ",IL,קונפיטורה דובדבן 70%,גרמים,450.00,100 גרם,false,,11.90,0.0264,true,1,16871
7290014472433,false,קונפיטורה תות שדה 450 ג' שקדיה,"דין שיווק וקליה בע""מ",IL,קונפיטורה תות שדה 70,גרמים,450.00,100 גרם,false,,11.90,0.0264,true,1,16872
7290014472440,false,קונפיטורה שקדיה תפוז 450 ג',"דין שיווק וקליה בע""מ",IL,קונפיטורה תפוז 70% פ,גרמים,450.00,100 גרם,false,,11.90,0.0264,true,1,16873
7290014472990,false,ממרח 100% שקדים שקדיה 300 ג',דין שיווק,IL,ממרח שקדים שקדיה 300,גרמים,300.00,100 גרם,false,,27.90,0.0930,true,1,16877
7290014555013,false,נוזל רצפות מגיק מאסק,סאסאטק,IL,נוזל רצפות מגיק מאסק,קילוגרמים,4.00,ליטר,false,,9.90,2.4750,true,1,10624
7290014555082,false,מים מזוקקים 4 לט מקסול,סאסאטק,IL,מים מזוקקים מקסול 4,קילוגרמים,4.00,ליטר,false,,9.90,2.4750,true,1,10625
7290014555686,false,"שמפו לשיער רגיל 700 מ""ל נובו.",סאסאטק,IL,שמפו נובו לשיער רגיל,מיליליטרים,700.00,"100 מ""ל",false,,7.90,0.0113,true,1,27856
7290014555693,false,"שמפו לשיער יבש/צבוע 700 מ""ל נובו.",סאסאטק,IL,שמפו נובו לשיער יבש/,מיליליטרים,700.00,"100 מ""ל",false,,7.90,0.0113,true,1,27857
7290014555709,false,"שמפו ומרכך נובו 700 מ""ל.",סאסאטק,IL,שמפו ומרכך נובו 700,מיליליטרים,700.00,"100 מ""ל",false,,7.90,0.0113,true,1,27858
7290014555716,false,"מרכך לכל סוגי השיער 700 מ""ל נובו",סאסאטק,IL,מרכך נובו לכל סוגי ה,מיליליטרים,700.00,"100 מ""ל",false,,7.90,0.0113,true,1,27859
7290014555723,false,"תחליב רחצה אקזוטי 700 מ""ל נובו.",סאסאטק,IL,תחליב נובו אקזוטי 70,מיליליטרים,700.00,"100 מ""ל",false,,7.90,0.0113,true,1,27852
7290014555730,false,"תחליב רחצה דבש 700 מ""ל נובו.",סאסאטק,IL,תחליב נובו דבש 700 מ,מיליליטרים,700.00,"100 מ""ל",false,,7.90,0.0113,true,1,27853
7290014555747,false,"תחליב רחצה נובו הרבל 700 מ""ל",סאסאטק,IL,תחליב נובו הרבל 700,מיליליטרים,700.00,"100 מ""ל",false,,7.90,0.0113,true,1,27854
7290014555754,false,"נובו תחליב רחצה בלוסום 700 מ""ל",סאסאטק,IL,תחליב נובו בלוסום 70,מיליליטרים,700.00,"100 מ""ל",false,,7.90,0.0113,true,1,27855
7290014555778,false,"נובו ג'ל רחצה לגבר בלייז 700מ""ל",סאסאטק,IL,גל רחצה נובו לגבר בל,מיליליטרים,700.00,"100 מ""ל",false,,7.90,0.0113,true,1,10626
7290014555785,false,"נובו ג'ל רחצה לגבר וויב 700מ""ל",סאסאטק,IL,גל רחצה נובו לגבר וו,מיליליטרים,700.00,"100 מ""ל",false,,7.90,0.0113,true,1,10627
7290014562370,false,בי אנד די פריכוני כוסמת 50ג,בטר אנד דיפרנט B&D,IL,פריכוני כוסמת ב.ד 50,גרמים,50.00,100 גרם,false,,4.50,0.0900,true,1,2004
7290014581036,false,"פחם דליק 2 ק""ג",,,"פחם דליק 2 ק""ג",פריט,2.00,"ק""ג",false,,10.90,5.4500,true,1,10817
7290014581340,false,"פחם עץ הדרים 9 ק""ג",,,"פחם עץ הדרים 9 ק""ג",פריט,9.00,"ק""ג",false,,49.90,5.5444,true,1,10822
7290014692299,false,גבינת ברי 125 ג' קסטיאלו ויליפוד,יורו צ'יז Euro Cheese,DK,גבינה ברי 25% יורו 1,גרמים,125.00,100 גרם,false,,14.90,0.1192,true,1,2178
7290014692305,false,גבינת קממבר 125ג' CASTELLO ויליפוד,הנסיך- מפעל לייצור ט,DK,גבינה קממבר 25% יורו,גרמים,125.00,100 גרם,false,,14.90,0.1192,true,1,2179
7290014738980,false,יין בראשית קברנה 202,יקב בראשית,IL,יין בראשית קברנה 202,מיליליטרים,750.00,"100 מ""ל",false,,69.90,0.0932,true,1,24882
7290014749245,false,ספיישל רצועות שניצל שומשום עוף טוב 600 גרם,מוצרי עוף טוב (2001),IL,רצועות שניצל שומשום,גרמים,600.00,100 גרם,false,,29.80,0.0497,true,1,292
7290014749764,false,עוף טוב שניצל עוף ביתי עדין 700,מוצרי עוף טוב (2001),IL,שניצל עוף ביתי מעודן,גרמים,700.00,100 גרם,false,,29.90,0.0427,true,1,294
7290014758117,false,מאגדת יוגורט ביו 1.5% שומן 8 יח' *150 ג' תנובה,מיוצר עי קונדיטוריית,IL,מארז יוגורט ביו תנוב,קילוגרמים,1.20,ליטר,false,,15.90,13.2500,true,1,13779
7290014759084,false,גבינת שמנת 16% בטעם טבעי 225 ג' נפוליאון,תנובה מרכז שיתופי לש,IL,גבינת שמנת טבעי 16%,גרמים,225.00,100 גרם,false,,12.50,0.0556,true,1,13784
7290014759701,false,"מאגדת שמינייה יופלה מעודן בד""צ בנגיעות וניל",עדן קינוחים בעמ,IL,מארז יופלה וניל 8*15,פריט,1.20,"ק""ג",false,,19.90,16.5833,true,1,13787
7290014760141,false,משקה שקדים תנובה E אלטרנטיב,תנובה Alternative,IL,משקה שקדים אלטרנטיב,קילוגרמים,1.00,ליטר,false,,5.90,5.9000,true,1,13789
7290014760912,false,פרוסות גבינה 28% שומן 400 ג' גוש חלב,תנובה מרכז שיתופי לש,IL,גבינה גוש חלב 400 גר,גרמים,400.00,100 גרם,false,,24.90,0.0622,true,1,13797
7290014761018,false,גיל בטעם וניל תנובה,תנובה מרכז שיתופי לש,IL,גיל בטעם וניל תנובה,גרמים,125.00,100 גרם,false,,1.30,0.0104,true,1,13798
7290014761056,false,מעדן שוקולד חלב מעולה 123 ג' יולו,מיוצר עי קונדיטוריית,IL,יולו שוקולד חלב 123,גרמים,123.00,100 גרם,false,,4.30,0.0350,true,1,13799
7290014761070,false,מעדן שוקולד לבן מעולה 123 ג' יולו,מיוצר עי קונדיטוריית,IL,יולו שוקולד לבן 123,גרמים,123.00,100 גרם,false,,4.30,0.0350,true,1,13800
7290014761193,false,יוגורט עם פירות יער 1.5% שומן 125 ג' פרילי,תנובה מרכז שיתופי לש,IL,פרילי פירות יער 125,מיליליטרים,125.00,"100 מ""ל",false,,3.40,0.0272,true,1,13801
7290014761254,false,"יוגורט ביו 3% תנובה מארז 150X8ג' בד""צ",תנובה מרכז שיתופי לש,IL,מארז יוגורט ביו תנוב,קילוגרמים,1.20,ליטר,false,,15.90,13.2500,true,1,13804
7290014761414,false,מעדן שכבות שוקולד חלב ולבן 123 ג' יולו,מיוצר עי קונדיטוריית,IL,יולו שוקולד לבן וחלב,גרמים,123.00,100 גרם,false,,4.30,0.0350,true,1,13808
7290014761438,false,פיראוס בולגרית קלאסית 24% סמי מעדניה 400,תנובה מרכז שיתופי לש,IL,גבינה בולגרית 24% פי,גרמים,400.00,100 גרם,false,,19.90,0.0497,true,1,13809
7290014761612,false,מעדן עם שוקולד מריר ולבן 122 ג' יולו,מיוצר עי קונדיטוריית,IL,יולו שכבות שוקולד לב,גרמים,122.00,100 גרם,false,,4.30,0.0352,true,1,13810
7290014762800,false,מעדן סויה שוקולד גביע 125 גרם אלטרנטיב,תנובה מרכז שיתופי לש,IL,מעדן סויה שוקולד אלט,גרמים,125.00,100 גרם,false,,3.90,0.0312,true,1,13822
7290014762831,false,גבינת שמנת חלפיניו 24% שומן 225 ג' נפוליאון,תנובה מרכז שיתופי לש,IL,גבינת שמנת פלפל חלפי,גרמים,225.00,100 גרם,false,,12.50,0.0556,true,1,13823
7290014763272,false,יוגורט סויה BIO לשתייה תות ובננה אלטרנטיב,תות תעשיות מזון (201,IL,משקה סויה תות בננה א,מיליליטרים,250.00,"100 מ""ל",false,,4.90,0.0196,true,1,13826
7290014763395,false,עמק סמי מעדניה 600 ג' ועדת מהדרין,תנובה מרכז שיתופי לש,IL,גבינה עמק 28% 600 גר,גרמים,600.00,100 גרם,false,,28.90,0.0482,true,1,13829
7290014763418,false,"כד יוגרט תנובה 4% שומן 1.5 ליטר, מהדרין",תנובה מרכז שיתופי לש,IL,משקה יוגורט 4% תנובה,קילוגרמים,1.50,ליטר,false,,16.90,11.2667,true,1,13831
7290014855595,false,מגבוני טואלט סופטי 6,D.P.L,IL,מגבוני טואלט סופטי 6,Unknown,0.00,יחידה,false,,19.90,0.0000,true,1,13287
7290014860070,false,"מקלוני אורז ללא גלוטן 5 מ""מ 454גר' (אור)",ניינטי נודל קו,TH,מקלוני אורז מזרח ומע,גרמים,454.00,100 גרם,false,,10.50,0.0231,true,1,20748
7290014860094,false,מקלוני אורז ללא גלוט,ניינטי נודל קו,TH,מקלוני אורז ללא גלו,גרמים,454.00,100 גרם,false,,9.90,0.0218,true,1,27974
7290014860155,false,מחצלת במבו שטוחה 24X24 ס'מ,גולין פנגזו,CN,מחצלת במבו שטוחה 24/,Unknown,0.00,יחידה,false,,7.90,0.0000,true,1,20749
7290014860247,false,שבבי אורז מרובעים לל,ליאן תאי רייס,TH,שבבי אורז ללא גלוטן,מיליליטרים,227.00,"100 מ""ל",false,,8.50,0.0374,true,1,27975
7290014867338,false,שקד מולבן טחון דרומה,דרומה י.א.ט בעמ,IL,שקד מולבן טחון דרומה,גרמים,400.00,100 גרם,false,,34.90,0.0872,true,1,5264
7290014931008,false,פטרוזיליה עם השורש,מהשורש לאורך חיים,IL,פטרוזיליה עם השורש,Unknown,0.00,יחידה,false,,6.90,0.0000,true,1,20213
7290014931015,false,כוסברה עם השורש,מהשורש לאורך חיים,IL,כוסברה עם השורש,Unknown,0.00,יחידה,false,,6.90,0.0000,true,1,20214
7290014931053,false,בזיליקום עם השורש,מהשורש לאורך חיים,IL,בזיליקום עם השורש,Unknown,0.00,יחידה,false,,6.90,0.0000,true,1,20215
7290014931077,false,עירית עם השורש,מהשורש לאורך חיים,IL,עירית עם השורש,Unknown,0.00,יחידה,false,,6.90,0.0000,true,1,20216
7290014931084,false,אורגנו עם השורש,מהשורש לאורך חיים,IL,אורגנו עם השורש,Unknown,0.00,יחידה,false,,6.90,0.0000,true,1,20217
7290014931091,false,קורנית- טימין ארוז,מהשורש לאורך חיים,IL,קורנית עם השורש,Unknown,0.00,יחידה,false,,6.90,0.0000,true,1,20218
7290014931107,false,נענע עם השורש,מהשורש לאורך חיים,IL,נענע עם השורש,Unknown,0.00,יחידה,false,,6.90,0.0000,true,1,20219
7290014940901,false,לחם פשוט מלא 750 ג' אנג'ל,מאפית אנגל,IL,לחם פשוט מלא אנגל 75,גרמים,750.00,100 גרם,false,,11.80,0.0157,true,1,20346
7290014973060,false,סלמון הילטון בוואקום,"הרמס דגים בע""מ",IL,סלמון מעושן הרמס 100,גרמים,100.00,100 גרם,false,,16.90,0.1690,true,1,20568
7290014973305,false,פילה הרינג לבן הרמס,"הרמס דגים בע""מ",IL,פילה הרינג לבן הרמס,גרמים,200.00,100 גרם,false,,16.90,0.0845,true,1,20572
7290014973329,false,פילה הרינג אדום הרמס,"הרמס דגים בע""מ",IL,פילה הרינג אדום הרמס,גרמים,200.00,100 גרם,false,,16.90,0.0845,true,1,20574
7290014973336,false,פילה הרינג כבוש הרמס,"הרמס דגים בע""מ",IL,פילה הרינג כבוש הרמס,גרמים,200.00,100 גרם,false,,16.90,0.0845,true,1,20575
7290014973374,false,פילה מקרל בשמן הרמס,"הרמס דגים בע""מ",IL,פילה מקרל בשמן הרמס,גרמים,200.00,100 גרם,false,,21.90,0.1095,true,1,20576
7290014973381,false,ממרח סלמון הרמס 200,"הרמס דגים בע""מ",IL,ממרח סלמון הרמס 200,גרמים,200.00,100 גרם,false,,19.90,0.0995,true,1,20577
7290014973480,false,הרמס טונה מעושן פרוס,"הרמס דגים בע""מ",IL,טונה מעושן קר פרוס ה,גרמים,200.00,100 גרם,false,,27.90,0.1395,true,1,20579
7290014973558,false,פילה סלמון גרבלקס הר,"הרמס דגים בע""מ",IL,פילה סלמון גרבלקס הר,גרמים,200.00,100 גרם,false,,19.90,0.0995,true,1,20582
7290014973626,false,מקרל מעושן הרמס 400,"הרמס דגים בע""מ",IL,מקרל מעושן הרמס 400,גרמים,400.00,100 גרם,false,,31.90,0.0797,true,1,20583
7290014973640,false,פילה הרינג לבן הרמס,"הרמס דגים בע""מ",IL,פילה הרינג לבן הרמס,גרמים,200.00,100 גרם,false,,11.90,0.0595,true,1,20585
7290014973657,false,פילה הרינג אדום הרמס,"הרמס דגים בע""מ",IL,פילה הרינג אדום הרמס,גרמים,200.00,100 גרם,false,,11.90,0.0595,true,1,20586
7290014973664,false,איקרה אדומה הרמס 250,"הרמס דגים בע""מ",IL,איקרה אדומה הרמס 250,גרמים,250.00,100 גרם,false,,12.90,0.0516,true,1,20587
7290014973671,false,איקרה לבנה הרמס 250,"הרמס דגים בע""מ",IL,איקרה לבנה הרמס 250,גרמים,250.00,100 גרם,false,,12.90,0.0516,true,1,20588
7290014974562,false,גביעי גלידה רגיל טילון עלמה גילרו 24 יח',"א.ג גילרו בע""מ",IL,גביעי גלידה עלמה 24,גרמים,160.00,100 גרם,false,,5.90,0.0369,true,1,4382
7290015014236,false,בייבי מיקס מהדרין,בוסתן עשבי תיבול,IL,בייבי מיקס מהדרין,Unknown,0.00,יחידה,false,,9.90,0.0000,true,1,19962
7290015025836,false,שקיות הקפאה גדולות ז,אס סי גונסון ראסין,US,שקיות הקפאה גדולות ז,Unknown,0.00,יחידה,false,,19.90,0.0000,true,1,26314
7290015037013,false,כרוב אדום חסלט 400 גר,יעל ירק עלים,IL,כרוב אדום קצוץ 400 ג,גרמים,400.00,100 גרם,false,,9.90,0.0248,true,1,20252
7290015037563,false,עלי סלק בדץ עדה חרדית,יעל ירק עלים,IL,עלי סלק מהדרין עלי ק,Unknown,0.00,יחידה,false,,7.90,0.0000,true,1,27393
7290015057110,false,מקלות חמוצים בטעם תות שדה 18ג,אלבן מזון תעשיות ומס,TR,מקלות חמוצים בטעם תו,גרמים,20.00,100 גרם,false,,1.50,0.0750,true,1,5540
7290015057127,false,טעמן מקלות חמוצים קולה 20 גרם,אלבן מזון תעשיות ומס,TR,מקלות חמוצים בטעם קו,גרמים,20.00,100 גרם,false,,1.50,0.0750,true,1,5541
7290015057134,false,טעמן מקלות חמוצים פטל 20 גרם,אלבן מזון תעשיות ומס,TR,מקלות חמוצים בטעם פט,גרמים,20.00,100 גרם,false,,1.50,0.0750,true,1,5542
7290015089852,false,גזר גמדי טלפרוסט 1 ק,horrafrost n.v,ES,גזר גמדי טלפרוסט 1 ק,פריט,1.00,"ק""ג",false,,5.90,5.9000,true,1,1141
7290015089906,false,"אפונה עדינה 1 ק""ג",וירטו,ES,"אפונה עדינה 1 ק""ג",פריט,1.00,"ק""ג",false,,17.90,17.9000,true,1,1146
7290015089937,false,גרעיני תירס טלפרוסט,horrafrost n.v,ES,גרעיני תירס טלפרוסט,פריט,1.00,"ק""ג",false,,5.90,5.9000,true,1,1149
7290015139052,false,מרשמלו טוויסטר 500 ג,כרמית,IL,מרשמלו טוויסטר 500 ג,גרמים,500.00,100 גרם,false,,13.90,0.0278,true,1,6576
7290015150361,false,תה ירוק נענע סטיביה 25 שקיקים ויסוצקי,ויסוצקי ירוק,IL,תה ירוק נענע סטיביה,גרמים,38.00,100 גרם,false,,22.90,0.6026,true,1,14081
7290015164832,false,מחית קארי ירוקה מזרח,טאפאדונגפורן קוקינט,TH,מחית קארי ירוקה מזרח,גרמים,400.00,100 גרם,false,,19.50,0.0488,true,1,20750
7290015164856,false,מחית קארי אדומה מזרח,טאפאדונגפורן קוקינט,TH,מחית קארי אדומה מזרח,גרמים,400.00,100 גרם,false,,19.50,0.0488,true,1,20751
7290015251174,false,"שלישיית סבון ידים ירוק נובו 500 מ""ל",סאסאטק,IL,אל סבון נובו פרש ירו,קילוגרמים,1.50,ליטר,false,,9.90,6.6000,true,1,10628
7290015251181,false,סבון ידיים כחול נובו,סאסאטק,IL,אל סבון נובו אנרגי כ,קילוגרמים,1.50,ליטר,false,,9.90,6.6000,true,1,10629
7290015251198,false,"סבון ידים נובו סגול מארז 500X3מ""ל",סאסאטק,IL,אל סבון נובו רילקס ס,קילוגרמים,1.50,ליטר,false,,9.90,6.6000,true,1,10630
7290015251204,false,"נובו שלישיית סבון ידיים ורוד 500מ""ל",סאסאטק,IL,אל סבון נובו פלוראל,קילוגרמים,1.50,ליטר,false,,9.90,6.6000,true,1,10631
7290015282581,false,חומוס שמיר אבו גוש עם חריף 200 גר',"סלטי שמיר 2006 בע""מ",IL,חומוס עם חריף שמיר ג,גרמים,200.00,100 גרם,false,,10.90,0.0545,true,1,10342
7290015282598,false,חומוס שמיר מסעדות 200 גר',"סלטי שמיר 2006 בע""מ",IL,חומוס מסעדות שמיר גו,גרמים,200.00,100 גרם,false,,10.90,0.0545,true,1,10343
7290015282604,false,טחינה שמיר מיוחדת גורמה 200ג',"סלטי שמיר 2006 בע""מ",IL,טחינה מיוחדת שמיר בי,גרמים,200.00,100 גרם,false,,10.90,0.0545,true,1,10344
7290015282628,false,חציל שמיר בטעם כבד 200 גר',"סלטי שמיר 2006 בע""מ",IL,חציל בטעם כבד שמיר ג,גרמים,200.00,100 גרם,false,,10.90,0.0545,true,1,10345
7290015282635,false,חומוס שמיר מסבחה 200 גר',"סלטי שמיר 2006 בע""מ",IL,חומוס מסבחה שמיר גור,גרמים,200.00,100 גרם,false,,10.90,0.0545,true,1,10346
7290015282642,false,חומוס שמיר אבו גוש 200 גר',"סלטי שמיר 2006 בע""מ",IL,חומוס אבו גוש שמיר ג,גרמים,200.00,100 גרם,false,,10.90,0.0545,true,1,10347
7290015282673,false,חציל שמיר במיונז ביתי 200 גורמה גר',"סלטי שמיר 2006 בע""מ",IL,חציל במיונז שמיר גור,גרמים,200.00,100 גרם,false,,10.90,0.0545,true,1,10350
7290015282680,false,קישוא בטעם כבד שמיר 200 גר',"סלטי שמיר 2006 בע""מ",IL,קישואים בטעם כבד שמי,גרמים,200.00,100 גרם,false,,10.90,0.0545,true,1,10351
7290015282710,false,קוביות סלק שמיר 200 גר',"סלטי שמיר 2006 בע""מ",IL,קוביות סלק שמיר גורמ,גרמים,200.00,100 גרם,false,,10.90,0.0545,true,1,10354
7290015282727,false,גזר מרוקאי ברוטב פיקנטי אסלי שמיר 200 ג',"סלטי שמיר 2006 בע""מ",IL,גזר מרוקאי שמיר גורמ,גרמים,200.00,100 גרם,false,,10.90,0.0545,true,1,10355
7290015282734,false,מטבוחה שמיר ביתית גורמה 200 ג ',"סלטי שמיר 2006 בע""מ",IL,מטבוחה שמיר גורמה 20,גרמים,200.00,100 גרם,false,,10.90,0.0545,true,1,10356
7290015282741,false,חציל תאילנדי אסלי שמיר 200 ג',"סלטי שמיר 2006 בע""מ",IL,חציל תאילנדי שמיר גו,גרמים,200.00,100 גרם,false,,10.90,0.0545,true,1,10357
7290015321167,false,פפריקה מתוקה בשמן פר,תבליני הדור השלישי,IL,פפריקה מתוקה בשמן פר,גרמים,250.00,100 גרם,false,,21.90,0.0876,true,1,13492
7290015321181,false,פפריקה חריפה בשמן פר,תבליני הדור השלישי,IL,פפריקה חריפה בשמן פר,גרמים,250.00,100 גרם,false,,21.90,0.0876,true,1,13494
7290015321204,false,כורכום פרג 320 גרם,תבליני הדור השלישי,IL,כורכום פרג 320 גרם,גרמים,320.00,100 גרם,false,,21.90,0.0684,true,1,13496
7290015321211,false,כמון פרג 250 גרם,תבליני הדור השלישי,IL,כמון פרג 250 גרם,גרמים,250.00,100 גרם,false,,21.90,0.0876,true,1,13497
7290015321235,false,מקלות קינמון פרג 150,תבליני הדור השלישי,IL,מקלות קינמון פרג 150,גרמים,150.00,100 גרם,false,,21.90,0.1460,true,1,13499
7290015321242,false,קינמון טחון פרג 250,תבליני הדור השלישי,IL,קינמון טחון פרג 250,גרמים,250.00,100 גרם,false,,21.90,0.0876,true,1,13500
7290015321280,false,צילי פרג 230 גרם,תבליני הדור השלישי,IL,צילי פרג 230 גרם,גרמים,230.00,100 גרם,false,,21.90,0.0952,true,1,13502
7290015321297,false,גריל עוף פרג 250 גרם,תבליני הדור השלישי,IL,גריל עוף פרג 250 גרם,גרמים,250.00,100 גרם,false,,21.90,0.0876,true,1,13503
7290015321303,false,תבלין לסטיק פרג 250,תבליני הדור השלישי,IL,תבלין לסטיק פרג 250,גרמים,250.00,100 גרם,false,,21.90,0.0876,true,1,13504
7290015321327,false,תבלין לדגים פרג 250,תבליני הדור השלישי,IL,תבלין לדגים פרג 250,גרמים,250.00,100 גרם,false,,21.90,0.0876,true,1,13506
7290015321341,false,חוואיג למרק פרג 250,תבליני הדור השלישי,IL,חוואיג למרק פרג 250,גרמים,250.00,100 גרם,false,,21.90,0.0876,true,1,13508
7290015321358,false,חוואיג לקפה פרג 200,תבליני הדור השלישי,IL,חוואיג לקפה פרג 200,גרמים,200.00,100 גרם,false,,21.90,0.1095,true,1,13509
7290015321365,false,זעתר פרג 240 גרם,תבליני הדור השלישי,IL,זעתר פרג 240 גרם,גרמים,240.00,100 גרם,false,,21.90,0.0912,true,1,13510
7290015321372,false,קיטגון פרג 250 גרם,תבליני הדור השלישי,IL,קיטגון פרג 250 גרם,גרמים,250.00,100 גרם,false,,21.90,0.0876,true,1,13511
7290015321389,false,פטרוזיליה פרג 80 גרם,תבליני הדור השלישי,IL,פטרוזיליה פרג 80 גרם,גרמים,80.00,100 גרם,false,,21.90,0.2737,true,1,13512
7290015321396,false,בזיליקום פרג 80 גרם,תבליני הדור השלישי,IL,בזיליקום פרג 80 גרם,גרמים,80.00,100 גרם,false,,21.90,0.2737,true,1,13513
7290015321402,false,כוסברה פרג 60 גרם,תבליני הדור השלישי,IL,כוסברה פרג 60 גרם,גרמים,60.00,100 גרם,false,,21.90,0.3650,true,1,13514
7290015321426,false,אורגנו פרג 120 גרם,תבליני הדור השלישי,IL,אורגנו פרג 120 גרם,גרמים,120.00,100 גרם,false,,21.90,0.1825,true,1,13516
7290015321433,false,רוזמרין פרג 80 גרם,תבליני הדור השלישי,IL,רוזמרין פרג 80 גרם,גרמים,300.00,100 גרם,false,,21.90,0.0730,true,1,13517
7290015321457,false,טימין פרג 80 גרם,תבליני הדור השלישי,IL,טימין פרג 80 גרם,גרמים,80.00,100 גרם,false,,21.90,0.2737,true,1,13519
7290015339605,false,שוקולד לבן חלב קרם אגוזים,אלבה שוקולד,,שוקולד טעמן לבן נוגט,גרמים,100.00,100 גרם,false,,7.90,0.0790,true,1,5552
7290015339612,false,שוקולד טעמן חלב אגוז,אלבה שוקולד,,שוקולד טעמן חלב אגוז,גרמים,100.00,100 גרם,false,,7.90,0.0790,true,1,5553
7290015339629,false,שוקולד חלב שברי אגוזים,הלל תעשיות,IL,שוקולד טעמן חלב שברי,גרמים,100.00,100 גרם,false,,7.90,0.0790,true,1,5554
7290015339643,false,"שוקולד מריר בד""ץ 100 גר'",הלל תעשיות,IL,שוקולד טעמן מריר 100,גרמים,100.00,100 גרם,false,,7.90,0.0790,true,1,5556
7290015341516,false,עוגת קרנץ 500 גרם,אנטיקביץ,IL,עוגת קרנץ 500 גרם,גרמים,500.00,100 גרם,false,,10.90,0.0218,true,1,13225
7290015347037,false,קקאו מיה 800 גרם,מיה תעשיות מזון בעמ,IL,קקאו מיה 800 גרם,גרמים,800.00,100 גרם,false,,21.90,0.0274,true,1,7329
7290015347068,false,קוקוס מיה 250 גרם,מיה תעשיות מזון בעמ,IL,קוקוס מיה 250 גרם,גרמים,250.00,100 גרם,false,,7.90,0.0316,true,1,7330
7290015347075,false,שומשום מיה 250 גרם,מיה תעשיות מזון בעמ,IL,שומשום מיה 250 גרם,גרמים,250.00,100 גרם,false,,6.90,0.0276,true,1,7331
7290015347150,false,שומשום סלקטד 400 גרם,מיה תעשיות מזון בעמ,IL,שומשום סלקטד 400 גרם,גרמים,400.00,100 גרם,false,,16.90,0.0422,true,1,7332
7290015347167,false,קינואה באריזת ואקום Selected,מיה תעשיות מזון בעמ,IL,קינואה סלקטד 500 גרם,גרמים,500.00,100 גרם,false,,16.90,0.0338,true,1,7333
7290015347181,false,"שעועית לבנה סלקטד מיה 1 ק""ג",מיה תעשיות מזון בעמ,IL,שעועית לבנה סלקטד 1,פריט,1.00,"ק""ג",false,,13.90,13.9000,true,1,7335
7290015347198,false,קוואקר סלקטד מיה 700 גר',מיה תעשיות מזון בעמ,IL,קוואקר סלקטד 700 גרם,גרמים,700.00,100 גרם,false,,9.90,0.0141,true,1,7336
7290015347204,false,"חומוס גדול סלקטד מיה 1 ק""ג",מיה תעשיות מזון בעמ,IL,חומוס גדול סלקטד 1 ק,פריט,1.00,"ק""ג",false,,13.90,13.9000,true,1,7337
7290015347211,false,"גריסי פנינה סלקטד 1ק""ג",מיה תעשיות מזון בעמ,IL,גריסי פנינה סלקטד 1,פריט,1.00,"ק""ג",false,,14.90,14.9000,true,1,7338
7290015347501,false,אבקת אפיה מיה 36 יח,מיה תעשיות מזון בעמ,IL,אבקת אפיה מיה 36 יח,גרמים,360.00,100 גרם,false,,5.90,0.0164,true,1,7340
7290015347518,false,סוכר וניל מיה 36 יח,מיה תעשיות מזון בעמ,IL,סוכר וניל מיה 36 יח,גרמים,360.00,100 גרם,false,,5.90,0.0164,true,1,7341
7290015347525,false,צ'יפס בטטה עם שום ורוזמרין 80גרם,מיה תעשיות מזון בעמ,IL,חטיף ציפס בטטה עם שו,גרמים,80.00,100 גרם,false,,7.90,0.0988,true,1,7342
7290015347532,false,צ'יפס בטטה עם שמן זית ועשבי תיבול 80גרם,מיה תעשיות מזון בעמ,IL,חטיף ציפס בטטה עם שמ,גרמים,80.00,100 גרם,false,,7.90,0.0988,true,1,7343
7290015347556,false,גבישי שום בצנצנת 300 גר',מיה תעשיות מזון בעמ,IL,גבישי שום מיה 300 גר,גרמים,300.00,100 גרם,false,,24.90,0.0830,true,1,7345
7290015347563,false,סוכר דמררה שקית בון,מיה תעשיות מזון בעמ,IL,סוכר דמררה שקית בון,פריט,1.40,"ק""ג",false,,11.90,8.5000,true,1,7346
7290015347679,false,"תבלין צ'ילי גרוס 70 גר' צנצנת כשל""פ",מיה תעשיות מזון בעמ,IL,צילי גרוס מיה 70 גרם,גרמים,70.00,100 גרם,false,,7.90,0.1129,true,1,7348
7290015347686,false,תבלין צ'ילי גרוס 50 גר' שקית,מיה תעשיות מזון בעמ,IL,צילי שקית מיה 50 גרם,גרמים,50.00,100 גרם,false,,6.90,0.1380,true,1,7349
7290015347709,false,תבלין מוסקט טחון 70 גר' צנצנת,מיה תעשיות מזון בעמ,IL,אגוז מוסקט מיה 70 גר,גרמים,70.00,100 גרם,false,,9.90,0.1414,true,1,7350
7290015347723,false,אורז פרסי סלקטד 1.8,מיה תעשיות מזון בעמ,IL,אורז פרסי סלקטד 1.8,פריט,1.80,"ק""ג",false,,19.90,11.0556,true,1,7351
7290015347945,false,שעועית מעורבת אינדיר,מיה תעשיות מזון בעמ,IL,שעועית מעורבת אינדיר,פריט,1.40,"ק""ג",false,,16.90,12.0714,true,1,7353
7290015347952,false,שיבולת שועל עבה אינד,מיה תעשיות מזון בעמ,IL,שיבולת שועל עבה אינד,גרמים,750.00,100 גרם,false,,5.90,0.0079,true,1,7354
7290015347969,false,שיבולת שועל דק אינדי,מיה תעשיות מזון בעמ,IL,שיבולת שועל דק אינדי,גרמים,750.00,100 גרם,false,,5.90,0.0079,true,1,7355
7290015350136,false,יין קברנה סוביניון Free Run,סגל Segal,,יין אדום פרי ראן קבר,מיליליטרים,750.00,"100 מ""ל",false,,59.90,0.0799,true,1,5426
7290015350143,false,יין אדום פרי ראן מר,סגל Segal,,יין אדום פרי ראן מר,מיליליטרים,750.00,"100 מ""ל",false,,59.90,0.0799,true,1,5427
7290015350242,false,שטוק 84 משקה כוהלי על בסיס ברנדי בטעם דבש,יינות סגל,IL,ברנדי שטוק 84 דבש 75,מיליליטרים,750.00,"100 מ""ל",false,,64.90,0.0865,true,1,28071
7290015374002,false,סיגרים בטעם בשר אלקי,חטיפי אלקיים בעמ,IL,סיגרים בטעם בשר אלקי,פריט,1.00,"ק""ג",false,,21.90,21.9000,true,1,4917
7290015374019,false,סיגרים במילוי תפוא א,חטיפי אלקיים בעמ,IL,סיגרים במילוי תפוא א,פריט,1.00,"ק""ג",false,,21.90,21.9000,true,1,4918
7290015374033,false,פסטלים תפוא אלקיים 1,חטיפי אלקיים בעמ,IL,פסטלים תפוא אלקיים 1,פריט,1.00,"ק""ג",false,,21.90,21.9000,true,1,4919
7290015374071,false,קרפלך תפוא אלקיים 1,חטיפי אלקיים בעמ,IL,קרפלך תפוא אלקיים 1,פריט,1.00,"ק""ג",false,,21.90,21.9000,true,1,4921
7290015374262,false,חטיפי תפוא במילוי תי,חטיפי אלקיים בעמ,IL,חטיפי תפוא במילוי תי,פריט,1.00,"ק""ג",false,,21.90,21.9000,true,1,4923
7290015470094,false,טוסו שוקולד מריר תפוז ללא סוכר 100 ג',ALTINMARKA,TR,שוקולד מריר בטעם תפו,גרמים,100.00,100 גרם,false,,8.90,0.0890,true,1,2821
7290015581318,false,צלחות קנה סוכר קטנות,,IN,צלחות קנה סוכר קטנות,Unknown,0.00,יחידה,false,,19.90,0.0000,true,1,25045
7290015581332,false,לפתניות קנה סוכר 80,,IN,לפתניות קנה סוכר 80,Unknown,0.00,יחידה,false,,19.90,0.0000,true,1,25047
7290015603188,false,אטריות ביצים 454ג' (כ) (fu),פוגקן לונגהי אנלידה,CN,אטריות ביצים מזרח ומ,גרמים,454.00,100 גרם,false,,10.50,0.0231,true,1,20752
7290015603201,false,אטריות מחיטה מלאה מז,Xiamen zhongshi impo,CN,אטריות חיטה מלאה מזר,גרמים,454.00,100 גרם,false,,10.50,0.0231,true,1,20753
7290015603218,false,אטריות עם עגבניה 454ג' (כ) (fu),פוגקן לונגהי אנלידה,CN,אטריות עם עגבניה מזר,גרמים,454.00,100 גרם,false,,10.50,0.0231,true,1,20754
7290015603225,false,איטריות בתוספת גזר 4,פוגקן לונגהי אנלידה,CN,אטריות עם גזר מזרח ו,גרמים,454.00,100 גרם,false,,10.50,0.0231,true,1,27972
7290015603232,false,איטריות בתוספת דלעת,פוגקן לונגהי אנלידה,CN,אטריות עם דלעת מזרח,גרמים,454.00,100 גרם,false,,10.50,0.0231,true,1,27977
7290015603522,false,נוזל אגוזי קוקוס 5-7,אסי אטיק גרו אינדוסט,TH,נוזל קוקוס 5-7% מזרח,מיליליטרים,400.00,"100 מ""ל",false,,5.90,0.0148,true,1,20755
7290015603546,false,"שימורי קרם קוקוס 17-19% 400 מ""ל (ASIATIC)(כ)",אסיאטיק אגרו אינדסטר,TH,קרם קוקוס 17-19% מזר,מיליליטרים,400.00,"100 מ""ל",false,,8.50,0.0213,true,1,20756
7290015603560,false,שימורי קרם קוקוס 400,אסי אטיק גרו אינדוסט,TH,קרם קוקוס 20-22% מזר,מיליליטרים,400.00,"100 מ""ל",false,,9.70,0.0242,true,1,20757
7290015603584,false,ג'ינגר לבן כבוש ללא מונוסודיום 160 גרם (כ),לאיווי איפנג פודס קו,CN,ג'ינגר לבן כבוש מזרח,גרמים,160.00,100 גרם,false,,7.90,0.0494,true,1,20758
7290015603591,false,ג'ינגר כבוש ורוד מזר,ננטונג הידה אקוטיק פ,CN,ג'ינגר כבוש ורוד מזר,גרמים,160.00,100 גרם,false,,6.90,0.0431,true,1,27978
7290015603638,false,"אורז קלרוז 1 ק""ג (כ) (Minh)",מינה פונג גרין אגריק,CN,אורז קלרוז מזרח ומער,פריט,1.00,"ק""ג",false,,11.50,11.5000,true,1,20759
7290015644297,false,אנג'ל הלחמניה המלאה 6יח 450 ג',מאפיית שלמה א. אנג'ל,IL,לחמניות קמח מלא אנגל,גרמים,450.00,100 גרם,false,,11.90,0.0264,true,1,20347
7290015652070,false,אגוזי קשיו קלויים שש,דין שיווק,IL,קשיו קלויים 150 גרם,גרמים,150.00,100 גרם,false,,9.90,0.0660,true,1,16878
7290015652254,false,גרעיני חמניה קלויים 500 ג',דין שיווק,IL,גרעין שחור 500 גרם,גרמים,500.00,100 גרם,false,,10.00,0.0200,true,1,16881
7290015652261,false,בוטנים קלויים 350 ג' ששון הקולה,דין שיווק,IL,בוטן קלויים 350 גרם,גרמים,350.00,100 גרם,false,,10.00,0.0286,true,1,16882
7290015652278,false,תערובת פיצוחים ששון,"דין שיווק וקליה בע""מ",IL,תערובת פיצוחים 300 ג,גרמים,300.00,100 גרם,false,,20.00,0.0667,true,1,16883
7290015652285,false,אגוזים קלופים 250 גר,"דין שיווק וקליה בע""מ",IL,אגוזים קלופים 250 גר,גרמים,250.00,100 גרם,false,,20.00,0.0800,true,1,16884
7290015652292,false,קבוקים עם שומשום 400גר,"דין שיווק וקליה בע""מ",IL,קבוקים 400 גרם,גרמים,400.00,100 גרם,false,,10.00,0.0250,true,1,16885
7290015652384,false,"קמח תירס ללא גלוטן 1 ק""ג",דין שיווק,IT,קמח תירס עבה ל.גלוטן,פריט,1.00,"ק""ג",false,,9.90,9.9000,true,1,16889
7290015652391,false,"קמח תירס ללא גלוטן 1 ק""ג",דין שיווק,IT,קמח תירס דק ל.גלוטן,פריט,1.00,"ק""ג",false,,9.90,9.9000,true,1,16890
7290015652407,false,פיסטוק קלוי ששון הקו,"דין שיווק וקליה בע""מ",IL,פיסטוק 250 גרם,גרמים,250.00,100 גרם,false,,20.00,0.0800,true,1,16891
7290015652506,false,נוזל קוקוס דל קלוריו,,TH,נוזל קוקוס דל קלוריו,מיליליטרים,400.00,"100 מ""ל",false,,6.90,0.0173,true,1,16892
7290015652513,false,תערובת תבלינים לסטייק ובשרים על האש,"דין שיווק וקליה בע""מ",IL,תערובת לסטייק אהרוני,גרמים,150.00,100 גרם,false,,9.90,0.0660,true,1,16893
7290015652520,false,"תערובת השף עשבי תיבול ושום לתיבול דגים, עופות, מאפים ועוד","דין שיווק וקליה בע""מ",IL,תערובת השף אהרוני 70,גרמים,70.00,100 גרם,false,,9.90,0.1414,true,1,16894
7290015652537,false,"תערובת תיבול פלפל, לימון פרסי ושום לבשר ותבשילים","דין שיווק וקליה בע""מ",IL,תבלין פלפל לימון ושו,גרמים,130.00,100 גרם,false,,9.90,0.0762,true,1,16895
7290015652544,false,תבלין גריל עוף ארומטי 130 גרם - אהרוני,נווה התבלין,IL,גריל עוף ארומטי אהרו,גרמים,130.00,100 גרם,false,,9.90,0.0762,true,1,16896
7290015652551,false,תערובת תיבול זעתר ושומשום בלדי,נווה התבלין,IL,זעתר ושומשום בלדי אה,גרמים,150.00,100 גרם,false,,9.90,0.0660,true,1,16897
7290015652568,false,עשבי תיבול לדגים אהר,"דין שיווק וקליה בע""מ",IL,עשבי תיבול לדג אהרונ,גרמים,70.00,100 גרם,false,,9.90,0.1414,true,1,16898
7290015652575,false,תבלין ראס אל חנות 150 גרם - אהרוני,"דין שיווק וקליה בע""מ",IL,תבלין ראס אל חנות אה,גרמים,150.00,100 גרם,false,,9.90,0.0660,true,1,16899
7290015652582,false,תבלין לחריימה דג אהר,"דין שיווק וקליה בע""מ",IL,תבלין לחריימה דג אהר,גרמים,150.00,100 גרם,false,,9.90,0.0660,true,1,16900
7290015652599,false,תערובת מתובלת להכנת צלי בקר,"דין שיווק וקליה בע""מ",IL,תבלין צלי בקר אהרוני,גרמים,120.00,100 גרם,false,,9.90,0.0825,true,1,16901
7290015710060,false,ביצים 18 יח' גדול מש,משק דוידי,IL,ביצים 18 יח' גדול מש,Unknown,18.00,יחידה,false,,18.00,1.0000,true,1,26807
7290015733205,false,תרכובת מזון לתינוקות חלבי שלב 1 אקסטרה קר מהדרין,מטרנה,IL,מטרנה אקסטרה קר שלב,גרמים,700.00,100 גרם,false,,54.90,0.0784,true,1,933
7290015733229,false,תרכובת מזון לתינוקות חלבי שלב 2 אקסטרה קר מהדרין,מטרנה,IL,מטרנה אקסטרה קר שלב,גרמים,700.00,100 גרם,false,,54.90,0.0784,true,1,934
7290015733243,false,מטרנה אקסטרה קר מהדרין שלב 3 700ג',מטרנה,IL,מטרנה אקסטרה קר שלב,גרמים,700.00,100 גרם,false,,54.90,0.0784,true,1,935
7290015766029,false,עגבניות שרי כתומות 4,אראל תוצרת חקלאית בע,IL,עגבניות שרי כתומות 4,גרמים,460.00,100 גרם,false,,9.90,0.0215,true,1,15010
7290015781008,false,"יין ויז'ן מרלו 750 מ""ל",יקב טפרברג 1870 בעמ,IL,יין ויזן מרלו,מיליליטרים,750.00,"100 מ""ל",false,,39.90,0.0532,true,1,26098
7290015781015,false,"יין ויז'ן מלבק 750 מ""ל",יקב טפרברג 1870 בעמ,IL,יין ויזן מלבק,מיליליטרים,750.00,"100 מ""ל",false,,39.90,0.0532,true,1,6328
7290015781046,false,ויז'ן לבן חצי יבש 750מל,יקב טפרברג 1870 בעמ,IL,יין ויזן לבן חצי יבש,מיליליטרים,750.00,"100 מ""ל",false,,39.90,0.0532,true,1,6329
7290015781053,false,"יין ויז'ן לבן יבש 750 מ""ל",יקב טפרברג 1870 בעמ,IL,יין ויזן לבן יבש,מיליליטרים,750.00,"100 מ""ל",false,,39.90,0.0532,true,1,6330
7290015781091,false,"יין ויז'ן קברנה סובניון 750 מ""ל",יקב טפרברג 1870 בעמ,IL,יין ויזן קברנה סובינ,מיליליטרים,750.00,"100 מ""ל",false,,39.90,0.0532,true,1,6331
7290015781107,false,"סנגובזה אימפרשיאון 750 מ""ל",יקב טפרברג 1870 בעמ,IL,יין אימפרשן סנגובזה,מיליליטרים,750.00,"100 מ""ל",false,,49.90,0.0665,true,1,6332
7290015781114,false,"יין אימפרשן מרלו 750 מ""ל",יקב טפרברג 1870 בעמ,IL,יין אימפרשן מרלו,מיליליטרים,750.00,"100 מ""ל",false,,49.90,0.0665,true,1,6333
7290015781121,false,"קברנה סוביניון אימפרשיאון 750 מ""ל-מרכז",יקב טפרברג 1870 בעמ,IL,יין אימפרשן קברנה סו,מיליליטרים,750.00,"100 מ""ל",false,,49.90,0.0665,true,1,6334
7290015781138,false,"שרדונה אימפרשיאון 750 מ""ל",יקב טפרברג 1870,,יין אימפרשן שרדונה 7,מיליליטרים,750.00,"100 מ""ל",false,,49.90,0.0665,true,1,26112
7290015781152,false,יין רוזה אימפרשן יקב,יקב טפרברג,,יין אימפרשן רוזה 750,מיליליטרים,750.00,"100 מ""ל",false,,49.90,0.0665,true,1,26110
7290015781169,false,"יין קברנה סוביניון - חצי יבש אימפרשן 750מ""ל",יקב טפרברג 1870 בעמ,IL,יין אימפרשן קברנה סו,מיליליטרים,750.00,"100 מ""ל",false,,49.90,0.0665,true,1,6335
7290015781268,false,"יין מוסקטו אדום 750 מ""ל",יקב טפרברג 1870 בעמ,IL,יין טפרברג מוסקטו אד,מיליליטרים,750.00,"100 מ""ל",false,,39.90,0.0532,true,1,26099
7290015781275,false,יין טפרברג מוסקטו לב,יקב טפרברג 1870 בעמ,IL,יין טפרברג מוסקטו לב,מיליליטרים,750.00,"100 מ""ל",false,,39.90,0.0532,true,1,6336
7290015781282,false,"יין גוורצטמינר אימפרשן 750מ""ל",יקב טפרברג 1870,,יין אימפרשן גוורצטרמ,מיליליטרים,750.00,"100 מ""ל",false,,49.90,0.0665,true,1,26111
7290015781299,false,יין שיראז אדום טפמבר,יקב טפרברג 1870 בעמ,IL,יין ויזן שיראז,מיליליטרים,750.00,"100 מ""ל",false,,39.90,0.0532,true,1,6337
7290015781305,false,"יין אימפרשן סירה 750 מ""ל",יקב טפרברג 1870 בעמ,IL,יין אימפרשן סירה,מיליליטרים,750.00,"100 מ""ל",false,,49.90,0.0665,true,1,6338
7290015781657,false,"יין אלגרו למברוסקו רוזה, 750 מ""ל",יקב טפרברג 1870 בעמ,IL,יין אלגרו למבורסקו ר,מיליליטרים,750.00,"100 מ""ל",false,,34.90,0.0465,true,1,26109
7290015781664,false,יין אלגרו למבורסקו ל,יקב טפרברג 1870 בעמ,IL,יין אלגרו למבורסקו ל,מיליליטרים,750.00,"100 מ""ל",false,,34.90,0.0465,true,1,6339
7290015821728,false,נר נשמה 48 פלסטיק מאורות,פאלאס,CN,נר נשמה 48 שעות מאור,Unknown,0.00,יחידה,false,,3.90,0.0000,true,1,27804
7290015856218,false,עוגיות אמריקאיות קרם,אפיפית נצרת תעשיות ב,IL,עוגיות אמריקאיות קרם,גרמים,900.00,100 גרם,false,,19.90,0.0221,true,1,23570
7290015856294,false,חטיפי קרקר עם מלח ים,אפיפית נצרת תעשיות ב,IL,חטיפי קרקר עם מלח ים,פריט,1.50,"ק""ג",false,,19.90,13.2667,true,1,23578
7290015856300,false,חטיפי קרקר שומשום בר,אפיפית נצרת תעשיות ב,IL,חטיפי קרקר שומשום בר,פריט,1.50,"ק""ג",false,,19.90,13.2667,true,1,23579
7290015856317,false,חטיפי קרקר בצל ברייד,אפיפית נצרת תעשיות ב,IL,חטיפי קרקר בצל ברייד,פריט,1.50,"ק""ג",false,,19.90,13.2667,true,1,23580
7290015856690,false,"קרם קרקר ""הדר"" 1 ק""ג",אפיפית נצרת תעשיות ב,IL,"קרם קרקר הדר 1 ק""ג",פריט,1.00,"ק""ג",false,,19.90,19.9000,true,1,23587
7290015856874,false,ביסקוויט קסטה הדר 1,אפיפית נצרת תעשיות ב,IL,ביסקוויט קסטה הדר 1,פריט,1.00,"ק""ג",false,,19.90,19.9000,true,1,23590
7290015858106,false,ממרח פסטו ביתי 180 ג' עללחם,"מדשא תעשיות מזון בע""",IL,פסטו ביתי עללחם 180,גרמים,180.00,100 גרם,false,,15.90,0.0883,true,1,12163
7290015858113,false,ממרח עגבניות מיובשות 180 גרם עללחם,"מדשא תעשיות מזון בע""",IL,ממרח עגבניות מיובשות,גרמים,180.00,100 גרם,false,,15.90,0.0883,true,1,12164
7290015858144,false,ממרח ארטישוק עלחחם 180 ג',זאביק יצור ושיווק מז,IL,ממרח ארטישוק עללחם 1,גרמים,180.00,100 גרם,false,,15.90,0.0883,true,1,12165
7290015858151,false,ממרח שום 180 גרם עללחם בית יוסף,רוג'ר אנד רוג'ר,IL,ממרח שום עללחם 180 ג,גרמים,180.00,100 גרם,false,,15.90,0.0883,true,1,27451
7290015858175,false,ממרח פלפלים קלויים 180 גרם עללחם,זאביק יצור ושיווק מז,IL,ממרח פלפלים קלויים ע,גרמים,180.00,100 גרם,false,,15.90,0.0883,true,1,12166
7290015858229,false,טפנד זיתי קלמטה 180 גרם עללחם,"מדשא תעשיות מזון בע""",IL,טפנד זיתי קלמטה עללח,גרמים,180.00,100 גרם,false,,15.90,0.0883,true,1,12167
7290015858243,false,ממרח צימיצורי עללחם 180 ג',זאביק יצור ושיווק מז,IL,צ'ימיצורי עללחם 180,גרמים,180.00,100 גרם,false,,15.90,0.0883,true,1,12168
7290015858328,false,ממרח איולי פסטו 295 ג' עללחם,עלית,IL,איולי פסטו עללחם לחי,גרמים,295.00,100 גרם,false,,14.90,0.0505,true,1,27807
7290015858441,false,ממרח איולי פלפלים 295 ג' עללחם,עלית,IL,איולי פלפלים עללחם ל,גרמים,295.00,100 גרם,false,,14.90,0.0505,true,1,27805
7290015858687,false,ממרח איולי שום 295 ג' עללחם,עלית,IL,איולי שום עללחם לחיץ,גרמים,295.00,100 גרם,false,,14.90,0.0505,true,1,27806
7290015865821,false,ממרח אגוזי לוז וקקאו,ענבי ציון,IL,ממרח אגוזי לוז וקקאו,פריט,1.00,"ק""ג",false,,24.90,24.9000,true,1,25621
7290015865838,false,ממרח עוגיות קרמל ענב,ענבי ציון,IL,ממרח עוגיות קרמל ענב,פריט,1.00,"ק""ג",false,,24.90,24.9000,true,1,25622
7290015872096,false,חומוס שמיר אסלי 700 גר',סלטי שמיר 2006 בעמ,IL,חומוס אסלי שמיר 700,גרמים,700.00,100 גרם,false,,9.90,0.0141,true,1,28941
7290015879705,false,קמח ללא גלוטן מולינו,DFS,IT,קמח ללא גלוטן מולינו,גרמים,500.00,100 גרם,false,,14.90,0.0298,true,1,22329
7290015879712,false,תערובת איטלקית לעוגו,DFS,IT,תערובת איטלקית לעוגו,גרמים,500.00,100 גרם,false,,14.90,0.0298,true,1,22330
7290015879729,false,"קמח ללא גלוטן ע""ב עמ",DFS,IT,"קמח ללא גלוטן ע""ב עמ",גרמים,500.00,100 גרם,false,,14.90,0.0298,true,1,22331
7290015951227,false,יין גמלא סירה 750 מל,יקבי רמת הגולן,IL,יין גמלא סירה,מיליליטרים,750.00,"100 מ""ל",false,,66.90,0.0892,true,1,4653
7290015988926,false,חומץ סינטטי 4 ליטר,,,חומץ סינטטי 4 ליטר,קילוגרמים,4.00,ליטר,false,,6.90,1.7250,true,1,2051
7290015988933,false,חומץ 4 ליטר,,,חומץ 4 ליטר,קילוגרמים,4.00,ליטר,false,,6.90,1.7250,true,1,2052
7290016006292,false,נקטר מנגו בננה מלון קרטונית 1 ל' ספרינג,"יפאורה תבורי בע""מ",IL,נקטר ספרינג מנגו בננ,קילוגרמים,1.00,ליטר,false,,6.90,6.9000,true,1,6058
7290016006346,false,שוופס סודה מארז שישייה * 0.5 ל',יפאורה תבורי בעמ,IL,מארז שוופס סודה 6*50,קילוגרמים,3.00,ליטר,false,,13.90,4.6333,true,1,6059
7290016083125,false,עוגיות בדלי שירה 600,מאפיית ישראל חיפה,IL,עוגיות בדלי שירה 600,גרמים,600.00,100 גרם,false,,11.50,0.0192,true,1,6855
7290016083255,false,בצק עלים בון בייקרי,מאפיית ישראל חיפה,IL,בצק עלים בון בייקרי,פריט,1.50,"ק""ג",false,,16.90,11.2667,true,1,6864
7290016083347,false,עוגיות בדלי בטעמים ש,מאפיית ישראל חיפה,IL,רולדה תמרים שקד 500,גרמים,500.00,100 גרם,false,,11.50,0.0230,true,1,6871
7290016096613,false,טונה בשמן פילטונה 6*,תעשיות פילטונה,IL,טונה בשמן פילטונה 6*,גרמים,840.00,100 גרם,false,,27.90,0.0332,true,1,14001
7290016096637,false,טונה בשמן קנולה פילט,תעשיות פילטונה,IL,טונה בשמן קנולה פילט,גרמים,840.00,100 גרם,false,,27.90,0.0332,true,1,14002
7290016096651,false,טונה במים פילטונה 6*,תעשיות פילטונה,IL,טונה במים פילטונה 6*,גרמים,840.00,100 גרם,false,,27.90,0.0332,true,1,14003
7290016096811,false,רביעיית ממרח טונה פילטונה 160 גר'*4,תעשיות פילטונה,IL,ממרח טונה פילטונה 4*,גרמים,640.00,100 גרם,false,,19.90,0.0311,true,1,14004
7290016096934,false,מארז זוגות סלט טונה 2*160 ג' פילטונה,פילטונה,IL,סלט טונה פילטונה 2*1,גרמים,320.00,100 גרם,false,,11.90,0.0372,true,1,14006
7290016102215,false,נריות 4 שעות שמאי 72,,CN,נריות 4 שעות שמאי 72,Unknown,0.00,יחידה,false,,19.90,0.0000,true,1,27733
7290016102222,false,נריות 6 שעות שמאי 66,,CN,נריות 6 שעות שמאי 66,Unknown,0.00,יחידה,false,,24.90,0.0000,true,1,27734
7290016106411,false,פרוסות מנגו 425 גר' בסירופ קל,לונגהי גואנגפה פוד ב,,פרוסות מנגו טעמן 425,גרמים,425.00,100 גרם,false,,6.90,0.0162,true,1,5564
7290016106657,false,נתחי טונה בהירה בשמן צמחי - מארז רביעייה,דיאמוד פוד פרודקט סי,IL,טונה בשמן טעמן 4*140,גרמים,560.00,100 גרם,false,,16.90,0.0302,true,1,5565
7290016106664,false,נתחי טונה בהירה במי מלח - מארז רביעייה,דיאמוד פוד פרודקט סי,IL,טונה במים טעמן 4*140,גרמים,560.00,100 גרם,false,,16.90,0.0302,true,1,5566
7290016144000,false,"קמח חיטה מלאה נפלאות 80% 1 ק""ג","קמח מלכים בע""מ",IL,קמח חיטה מלאה 80% נפ,פריט,1.00,"ק""ג",false,,9.90,9.9000,true,1,20467
7290016144017,false,"קמח חיטה מלאה נפלאות 100% 1 ק""ג",קמח מלכים,IL,קמח חיטה מלאה 100% נ,פריט,1.00,"ק""ג",false,,9.90,9.9000,true,1,20468
7290016144024,false,"קמח כוסמין מלא נפלאות 100% 1 ק""ג","קמח מלכים בע""מ",IL,קמח כוסמין 100% נפלא,פריט,1.00,"ק""ג",false,,14.90,14.9000,true,1,20469
7290016144031,false,"קמח חיטה לבן נפלאות 1 ק""ג",קמח מלכים,IL,קמח לבן מנופה נפלאות,פריט,1.00,"ק""ג",false,,6.90,6.9000,true,1,20470
7290016144048,false,"קמח כוסמין לבן נפלאות 1 ק""ג","קמח מלכים בע""מ",IL,קמח כוסמין לבן נפלאו,פריט,1.00,"ק""ג",false,,14.90,14.9000,true,1,20471
7290016144055,false,"קמח כוסמין נפלאות 80% 1 ק""ג",קמח מלכים,IL,קמח כוסמין 80% נפלאו,פריט,1.00,"ק""ג",false,,14.90,14.9000,true,1,20472
7290016144062,false,"קמח שיפון מלא נפלאות, 1 ק""ג",קמח מלכים,IL,קמח שיפון מלא נפלאות,פריט,1.00,"ק""ג",false,,8.90,8.9000,true,1,20473
7290016144079,false,"קמח חיטה כפרי 1 ק""ג נפלאות",קמח מלכים,IL,קמח חיטה כפרי נפלאות,פריט,1.00,"ק""ג",false,,8.90,8.9000,true,1,20474
7290016144086,false,נפלאות קמח חלה מנופה 1 ק”ג,קמח מלכים,IL,"קמח חלה נפלאות 1 ק""ג",פריט,1.00,"ק""ג",false,,6.90,6.9000,true,1,20475
7290016144093,false,"קמח לחם נפלאות, 1 ק""ג",קמח מלכים,IL,"קמח לחם נפלאות 1 ק""ג",פריט,1.00,"ק""ג",false,,6.90,6.9000,true,1,20476
7290016144109,false,"קמח פיצה 1 ק""ג נפלאות",קמח מלכים,IL,"קמח פיצה נפלאות 1 ק""",פריט,1.00,"ק""ג",false,,14.90,14.9000,true,1,20477
7290016144116,false,"קמח תופח נפלאות, 1 ק""ג",קמח מלכים,IL,"קמח תופח נפלאות 1 ק""",פריט,1.00,"ק""ג",false,,8.90,8.9000,true,1,20478
7290016162219,false,כדורי שוקולד קוקוס קפולסקי 280 גר',קפולסקי שיווק וקמעונ,IL,כדורי שוקולד קפולסקי,גרמים,280.00,100 גרם,false,,29.90,0.1068,true,1,11498
7290016162264,false,עוגת גבינה רנססנס 450 גר',קפולסקי שיווק וקמעונ,IL,עוגת גבינה אפויה קפו,גרמים,450.00,100 גרם,false,,35.90,0.0798,true,1,11499
7290016188585,false,יין מבעבע למברוסקו רוזה חצי יבש,יקב גאקובזי,,למברוסקו רוזה חצי יב,מיליליטרים,750.00,"100 מ""ל",false,,23.90,0.0319,true,1,6245
7290016188592,false,"יין למברוסקו אדום חצי יבש 750 מ""ל","כד בני דרום בע""מ",IT,למברוסקו אדום חצי יב,מיליליטרים,750.00,"100 מ""ל",false,,23.90,0.0319,true,1,6246
7290016188608,false,"יין למברוסקו לבן חצי יבש 750מ""ל",יקב גאקובזי,IT,למברוסקו לבן חצי יבש,מיליליטרים,750.00,"100 מ""ל",false,,23.90,0.0319,true,1,6247
7290016197495,false,מטלית קסם מיקרופייבר לרצפה ניקול 2יח',חוגלה קימברלי,CN,מטליות רצפה מיקרופיי,Unknown,0.00,יחידה,false,,15.60,0.0000,true,1,4887
7290016217643,false,חמוצים שמיר סיני אסלי 400 גר',סלטי שמיר 2006 בעמ,IL,חמוצים סיניים אסלי 4,גרמים,400.00,100 גרם,false,,10.90,0.0273,true,1,10363
7290016246025,false,בארכה מיקס פינוקיות חלווה ללא סוכר 10*20ג,רושדי תעשיות מזון בע,IL,"חלבה לת""ס פינוקיות ב",גרמים,200.00,100 גרם,false,,11.90,0.0595,true,1,28646
7290016246445,false,טחינה גולמית מעודנת שמשום מלא בארכה 310ג',בארכה,IL,טחינה מעודנת משומשום,גרמים,310.00,100 גרם,false,,10.50,0.0339,true,1,487
7290016255188,false,מבשם אוויר ובדים ירו,סאסאטק,IL,מטהר מגיק ירוק 350 מ,מיליליטרים,350.00,"100 מ""ל",false,,6.90,0.0197,true,1,10634
7290016255195,false,מבשם אוויר ובדים ורו,סאסאטק,IL,מטהר מגיק ורוד 350 מ,מיליליטרים,350.00,"100 מ""ל",false,,6.90,0.0197,true,1,10635
7290016255201,false,מבשם אוויר ובדים סגו,סאסאטק,IL,מטהר מגיק סגול 350 מ,מיליליטרים,350.00,"100 מ""ל",false,,6.90,0.0197,true,1,10636
7290016276534,false,"שמן קוקוס לא מזוכך 500 מ""ל",דין שיווק,IL,שמן קוקוס שקדיה 500,גרמים,500.00,100 גרם,false,,29.90,0.0598,true,1,16904
7290016276756,false,מעדן 4 פירות 100% רכיבי פרי 284 גר' ללא תוספת סוכר,שקדיה,IL,מעדן 4 פירות שקדיה 2,גרמים,284.00,100 גרם,false,,9.90,0.0349,true,1,16905
7290016276763,false,מעדן שזיף 100% רכיבי פרי ללא סוכר שקדיה 284 ג',שקדיה,IL,מעדן שזיף שקדיה 284,גרמים,284.00,100 גרם,false,,9.90,0.0349,true,1,16906
7290016276787,false,מעדן אננס 100% רכיבי פרי ללא סוכר שקדיה 284 ג',שקדיה,IL,מעדן אננס שקדיה 284,גרמים,284.00,100 גרם,false,,9.90,0.0349,true,1,16907
7290016276794,false,מעדן פירות ללא סוכר שקדיה 284 ג',שקדיה,IL,מעדן תפוז שקדיה 284,גרמים,284.00,100 גרם,false,,9.90,0.0349,true,1,16908
7290016276800,false,מעדן תפוח עץ 100% רכיבי פרי ללא סוכר שקדיה 284 ג',שקדיה,IL,מעדן תפוע שקדיה 284,גרמים,284.00,100 גרם,false,,9.90,0.0349,true,1,16909
7290016276831,false,תבשיל אטריות בטעם בקר 70 ג',טיאן הונג,TH,תבשיל אטריות בטעם בק,גרמים,70.00,100 גרם,false,,4.90,0.0700,true,1,16910
7290016276848,false,מנה חמה אטריות טעם עוף 70ג',טיאן הונג,TH,תבשיל אטריות בטעם עו,גרמים,70.00,100 גרם,false,,4.90,0.0700,true,1,16911
7290016276855,false,מנה חמה אטריות טעם ירקות 70 גרם,טיאן הונג,TH,תבשיל אטריות בטעם יר,גרמים,70.00,100 גרם,false,,4.90,0.0700,true,1,16912
7290016313055,false,קוגל אטריות משולשים,תכלית מזון,IL,קוגל אטריות משולשים,גרמים,450.00,100 גרם,false,,14.90,0.0331,true,1,23352
7290016334494,false,חסה ערבית,בוסתן עשבי תיבול,IL,חסה יח,Unknown,0.00,יחידה,false,,3.90,0.0000,true,1,19981
7290016334579,false,פטרוזיליה בוסתן,ברכת קטיף,IL,פטרוזיליה בוסתן,Unknown,0.00,יחידה,false,,3.90,0.0000,true,1,19833
7290016334586,false,כוסברה בוסתן,ברכת קטיף,IL,כוסברה בוסתן,Unknown,0.00,יחידה,false,,3.90,0.0000,true,1,19834
7290016356762,false,יין קטלב 2 גפנים 201,יקב גוש עציון,IL,יין קטלב 2 גפנים 201,מיליליטרים,750.00,"100 מ""ל",false,,129.90,0.1732,true,1,24886
7290016370072,false,זיתי קלמטה ללא גלעין בני דרום,בני דרום,IL,זית קלמטה ללא גלעין,גרמים,560.00,100 גרם,false,,11.90,0.0213,true,1,20650
7290016370140,false,זית קלמטה בני דרום 8,בני דרום,IL,זית קלמטה בני דרום 8,גרמים,820.00,100 גרם,false,,12.90,0.0157,true,1,20651
7290016370188,false,תחתיות ארטישוק 430 גר' בני דרום,בני דרום,IL,תחתיות ארטישוק בני ד,גרמים,430.00,100 גרם,false,,7.90,0.0184,true,1,20652
7290016370201,false,זית טבעות מושחרבני ד,בני דרום,IL,זית טבעות מושחרבני ד,גרמים,820.00,100 גרם,false,,10.90,0.0133,true,1,20653
7290016370232,false,מיקס ירקות יווני צנצנת,KOSAT,GR,תערובת ירקות כבושים,גרמים,560.00,100 גרם,false,,9.90,0.0177,true,1,20654
7290016370249,false,חריסה 570 ג' בני דרום,בני דרום,IL,חריסה בני דרום 570 ג,גרמים,570.00,100 גרם,false,,5.90,0.0104,true,1,20655
7290016370331,false,פלפל קלוי על האש 560 גר' בני דרום,KOSAT,GR,פלפל קלוי על האש בני,גרמים,540.00,100 גרם,false,,9.90,0.0183,true,1,20656
7290016370348,false,חציל קלוי על האש 530 גר' בני דרום,KOSAT,GR,חציל קלוי על האש בני,גרמים,530.00,100 גרם,false,,9.90,0.0187,true,1,20657
7290016370355,false,פרוסות מלפפון במלח ב,בני דרום,IL,פרוסות מלפפון במלח ב,גרמים,560.00,100 גרם,false,,4.90,0.0088,true,1,20658
7290016372144,false,חליטת קינמון 40 שקיק,ויסוצקי,IL,חליטת קינמון 40 שקיק,גרמים,100.00,100 גרם,false,,19.90,0.1990,true,1,14082
7290016372151,false,חליטת קמומיל 40 שקיק,ויסוצקי,IL,חליטת קמומיל 40 שקיק,גרמים,60.00,100 גרם,false,,19.90,0.3317,true,1,14083
7290016372168,false,חליטת לימונית לואיזה,ויסוצקי,IL,חליטת לימונית לואיזה,גרמים,60.00,100 גרם,false,,19.90,0.3317,true,1,14084
7290016372397,false,"תה ויסוצקי ירוק תפוז,ג'ינגר וכורכום 25 יח'",ויסוצקי ירוק,IL,תה ירוק תפוז גינגר ו,גרמים,150.00,100 גרם,false,,22.90,0.1527,true,1,14085
7290016372571,false,חליטת פירות יער 40 ש,ויסוצקי,IL,חליטת פירות יער 40 ש,גרמים,108.00,100 גרם,false,,19.90,0.1843,true,1,14086
7290016372588,false,חליטת לימונענע 40 שק,ויסוצקי,IL,חליטת לימונענע 40 שק,גרמים,88.00,100 גרם,false,,19.90,0.2261,true,1,14087
7290016373639,false,שטיחים חמוצים תפוח 180 ג',אלוון גידה סאן,TR,פסים חמוצים בטעם תפו,גרמים,180.00,100 גרם,false,,7.90,0.0439,true,1,27391
7290016373653,false,מקלות חמוצים בטעם תות 180 ג',אלוון גידה סאן,TR,פסים חמוצים בטעם תות,גרמים,180.00,100 גרם,false,,7.90,0.0439,true,1,5575
7290016373707,false,מקלות חמוצים אפרסק 18 ג',אלבן מזון תעשיות ומס,TR,מקלות חמוצים בטעם אפ,גרמים,20.00,100 גרם,false,,1.50,0.0750,true,1,5580
7290016373721,false,מקלות חמוצים תות וניל 180 גר',אלוון גידה סאן,TR,פסים חמוצים בטעם תות,גרמים,180.00,100 גרם,false,,7.90,0.0439,true,1,5582
7290016373738,false,מקלות חמוצים תותי פרוטי 180 גרם,אלוון גידה סאן,TR,פסים חמוצים בטעם תות,גרמים,180.00,100 גרם,false,,7.90,0.0439,true,1,5583
7290016373752,false,טופי 3 שכבות בטעם תות 500גרם,פאסין אס אי,BR,טופי בטעם תות 3 שכבו,גרמים,500.00,100 גרם,false,,19.90,0.0398,true,1,28949
7290016373769,false,טופי 3 שכבות 2 צבעים 500גרם,פאסין אס אי,BR,טופי בטעם פירות 2 צב,גרמים,500.00,100 גרם,false,,19.90,0.0398,true,1,28948
7290016408720,false,אגו מיקס בייגלה מצופה שוקולד לבן 55גר* 24 בקר',כרמית,IL,אגו מיקס בייגלה שוקו,גרמים,55.00,100 גרם,false,,3.90,0.0709,true,1,26762
7290016408980,false,"מטבעות שוקולד חלב 36 ג' כשל""פ בד""ץ",כרמית,IL,מטבעות שוקולד חלב כר,גרמים,36.00,100 גרם,false,,3.90,0.1083,true,1,6582
7290016411164,false,פרחי כרובית מוקפאים,בסט מייסטר,IL,פרחי כרובית מוקפאים,גרמים,600.00,100 גרם,false,,29.90,0.0498,true,1,26514
7290016416961,false,מוס גבינה תות שדה 400 גר',קפולסקי שיווק וקמעונ,IL,עוגת מוס גבינה קפולס,גרמים,400.00,100 גרם,false,,35.90,0.0897,true,1,11503
7290016416992,false,עוגת דובוש בסקוויטים 400 גר',קפולסקי שיווק וקמעונ,IL,עוגת דובוש ביסקוויטי,גרמים,400.00,100 גרם,false,,38.90,0.0972,true,1,11505
7290016437690,false,תחבושות קוטקס יאנג זוג,חוגלה קימברלי,IL,תחבושות קוטקס קווארט,Unknown,0.00,יחידה,false,,36.50,0.0000,true,1,4888
7290016437713,false,תחבושות קוטקס קווארט,חוגלה קימברלי,IL,תחבושות קוטקס קווארט,Unknown,0.00,יחידה,false,,36.50,0.0000,true,1,4889
7290016437720,false,תחבושות קוטקס נורמל זוג,חוגלה קימברלי,IL,תחבושות קוטקס קווארט,Unknown,0.00,יחידה,false,,36.50,0.0000,true,1,4890
7290016437737,false,תחבושות קוטקס קווארט,חוגלה קימברלי,IL,תחבושות קוטקס קווארט,Unknown,0.00,יחידה,false,,36.50,0.0000,true,1,4891
7290016475067,false,מארז 4 לאפות במלאכת יד,מאפיית המכבים,IL,לאפות המכבים 4 יח,גרמים,700.00,100 גרם,false,,9.90,0.0141,true,1,18891
7290016492125,false,פרג תבלין פילדפיה 120 גר',תבליני הדור השלישי,IL,תבלין פילדלפיה פרג 1,גרמים,120.00,100 גרם,false,,15.90,0.1325,true,1,13521
7290016492132,false,תבלין טוסקנה פרג 160 גר',תבליני הדור השלישי,IL,תבלין טוסקנה פרג 160,גרמים,160.00,100 גרם,false,,15.90,0.0994,true,1,13522
7290016509786,false,פרסיל - ג'ל כביסה ירוק 2.50 ליטר,פרסיל Persil,IL,גל פרסיל 2.5 ליטר,קילוגרמים,2.50,ליטר,false,,34.50,13.8000,true,1,28056
7290016509809,false,ג'ל מרוכז לכביסה קולור 2.5 ל' פרסיל,פרסיל Persil,IL,גל פרסיל קולור 2.5 ל,קילוגרמים,2.50,ליטר,false,,34.50,13.8000,true,1,28057
7290016509830,false,ג'ל כביסה לבגדי תינוקות ובעלי עור רגיש Sensitive,פרסיל Persil,IL,גל פרסיל בייבי 2.5 ל,קילוגרמים,2.50,ליטר,false,,34.50,13.8000,true,1,2488
7290016509847,false,ג'ל כביסה לבגדים שחורים וכהים,פרסיל Persil,IL,גל פרסיל בלאק 2.5 לי,קילוגרמים,2.50,ליטר,false,,34.50,13.8000,true,1,2489
7290016682328,false,מיץ תפוזים מרכז 2 ליטר,פריניב,IL,מיץ תפוזים פריניב 2,קילוגרמים,2.00,ליטר,false,,17.90,8.9500,true,1,14122
7290016682342,false,מיץ תפוזים ולנסיה 2 ליטר,פריניב,IL,מיץ תפוזים ולנסיה פר,קילוגרמים,2.00,ליטר,false,,24.90,12.4500,true,1,14124
7290016682359,false,מיץ תפוזים שמוטי 2 ליטר,פריניב,IL,מיץ תפוזים שמוטי פרי,קילוגרמים,2.00,ליטר,false,,24.90,12.4500,true,1,14125
7290016682366,false,מיץ תפוח צלול 2 ליטר,פריניב,IL,מיץ תפוחים פריניב 2,קילוגרמים,2.00,ליטר,false,,18.90,9.4500,true,1,14126
7290016682373,false,משקה קל לימונדה בלאדי 2 ליטר פריניב,פריניב,IL,מיץ לימונדה בלדי פרי,קילוגרמים,2.00,ליטר,false,,18.90,9.4500,true,1,14127
7290016682380,false,משקה קל לימונדה לואיזה ולמון גארס 2 ל',פריניב,IL,מיץ לימונדה לואיזה פ,קילוגרמים,2.00,ליטר,false,,18.90,9.4500,true,1,14128
7290016682397,false,נקטר פריניב חמוציות,פריניב,IL,נקטר חמוציות פריניב,קילוגרמים,2.00,ליטר,false,,18.90,9.4500,true,1,14129
7290016682441,false,100% מיץ תפוזים מיוצר מרכז טבעי,פריניב,IL,מיץ תפוזים מרכז תפוז,קילוגרמים,1.00,ליטר,false,,9.90,9.9000,true,1,14130
7290016717044,false,באז משקה מבוסס יין מ,יקבי כרמל,IL,יין באז מנגו מבעבע,מיליליטרים,750.00,"100 מ""ל",false,,23.90,0.0319,true,1,6249
7290016717051,false,משקה Buzz מוגז בטעם רימון מבוסס יין אדום מתוק,יקבי כרמל Carmel Winery,IL,יין באז רימון מבעבע,מיליליטרים,750.00,"100 מ""ל",false,,23.90,0.0319,true,1,6250
7290016717099,false,"יין כרמל סלקטד אדום חצי יבש, 750 מ""ל",יקבי כרמל Carmel Winery,IL,יין סלקטד אדום חצי י,מיליליטרים,750.00,"100 מ""ל",false,,28.90,0.0385,true,1,26291
7290016717617,false,מיץ ענבים תירוש אדום,יקבי כרמל,IL,מיץ ענבים תירוש אדום,קילוגרמים,1.20,ליטר,false,,20.90,17.4167,true,1,6252
7290016717631,false,יין מוסקטו בעל חוזק אלכוהול נמוך פרייבט קולקשן,אגודת הכורמים הקואופ,IL,יין פ. קולקשיין לבן,מיליליטרים,750.00,"100 מ""ל",false,,32.30,0.0431,true,1,6253
7290016717976,false,יין באזז ספארקלינג א,קריות זול,IL,יין באז ספארקלינג אפ,מיליליטרים,750.00,"100 מ""ל",false,,23.90,0.0319,true,1,6254
7290016823004,false,בזיליקום יח freshlid,"מרינה פטריות הגליל בע""מ",IL,בזיליקום יח,Unknown,0.00,יחידה,false,,5.90,0.0000,true,1,20098
7290016823028,false,עירית יח freshlid,"מרינה פטריות הגליל בע""מ",IL,עירית יח,Unknown,0.00,יחידה,false,,5.90,0.0000,true,1,20100
7290016823059,false,טימין קורנית ארוז יח,"מרינה פטריות הגליל בע""מ",IL,טימין יח,Unknown,0.00,יחידה,false,,5.90,0.0000,true,1,20103
7290016823066,false,רוזמרין יח freshlid,"מרינה פטריות הגליל בע""מ",IL,רוזמרין יח,Unknown,0.00,יחידה,false,,5.90,0.0000,true,1,20104
7290016823257,false,חסה סלנובה מהדרין יח,"מרינה פטריות הגליל בע""מ",IL,חסה סלנובה מהדרין,Unknown,0.00,יחידה,false,,10.90,0.0000,true,1,20112
7290016823523,false,צנונית ארוזה 500 גרם,"מרינה פטריות הגליל בע""מ",IL,צנונית ארוזה 500 גרם,גרמים,500.00,100 גרם,false,,5.90,0.0118,true,1,20119
7290016867039,false,פיתות קלות כוסמין בתוספת מחמצת 6 יח',המאפה של דר מרק בריא,IL,פיתות קלות כוסמין בת,גרמים,330.00,100 גרם,false,,14.90,0.0452,true,1,18968
7290016867046,false,פיתות קלות כוסמין במתיקות מעודנת 6 יח',המאפה של דר מרק בריא,IL,פיתות קלות כוסמין במ,גרמים,330.00,100 גרם,false,,14.90,0.0452,true,1,18969
7290016867053,false,לחם קל כוסמין בתוספת מחמצת 450 גר',המאפה של דר מרק בריא,IL,לחם כוסמין בתוספת מח,גרמים,400.00,100 גרם,false,,18.90,0.0472,true,1,18970
7290016867114,false,לחם כוסמין קל מלא 500 גר',המאפה של דר מרק בריא,IL,לחם כוסמין קל דר מרק,גרמים,500.00,100 גרם,false,,17.90,0.0358,true,1,18975
7290016867152,false,"פיתות קלות כוסמין ד""ר מרק 5יח'",המאפה של דר מרק בריא,IL,פיתות קלות כוסמין דר,גרמים,330.00,100 גרם,false,,13.90,0.0421,true,1,18979
7290016867176,false,"לחמניות קלות כוסמין שומשום 6יח' ד""ר מרק",המאפה של דר מרק,IL,לחמניות קלות כוסמין,גרמים,351.00,100 גרם,false,,13.90,0.0396,true,1,18980
7290016867237,false,לחם קל כוסמין במתיקות מעודנת 400 גר',המאפה של דר מרק בריא,IL,לחם כוסמין קל במתיקו,גרמים,400.00,100 גרם,false,,18.90,0.0472,true,1,18981
7290016867244,false,לחמניות מחמצת כוסמין 99 קלוריות מארז,המאפה של דר מרק בריא,IL,לחמניות מחמצת כוסמין,גרמים,321.00,100 גרם,false,,14.90,0.0464,true,1,18982
7290016882544,false,זרעי פשתן 300 גרם,דין שיווק,IL,זרעי פשתן 300 גרם,גרמים,300.00,100 גרם,false,,4.90,0.0163,true,1,16923
7290016883176,false,"מוזלי פתיתי שיבולת שועל עם שוקולד מריר ושבבי קוקוס 1 ק""ג",דין שיווק,MK,"מוזלי ע""ב פתיתי שוקו",פריט,1.00,"ק""ג",false,,19.50,19.5000,true,1,16926
7290016967074,false,לחם אנג'ל 100 חיטה מלאה 750 גר',מאפיית שלמה א. אנג'ל,IL,לחם חיטה מלאה ודגנים,גרמים,750.00,100 גרם,false,,16.90,0.0225,true,1,20351
7290016967456,false,לחם צרפתי מחמצת 100% כוסמין 600 ג' אנג'ל,מאפיית שלמה א.אנג'ל,IL,לחם מחמצת כוסמין אנג,גרמים,600.00,100 גרם,false,,17.90,0.0298,true,1,20352
7290017023212,false,"שוויפס מוגז פירות תפוח מארז רביעייה* 330 מ""ל",יפאורה תבורי,IL,מארז שוופס מוגז תפוח,קילוגרמים,1.32,ליטר,false,,10.90,8.2576,true,1,6061
7290017023229,false,רביעיית פחיות שוופס מוגז פירות תות ליים 330 מל.,יפאורה תבורי,IL,מארז שוופס תות ליים,קילוגרמים,1.32,ליטר,false,,10.90,8.2576,true,1,6062
7290017023236,false,רביעיית פחיות שוופס מוגז פירות ענבים 330 מל.,יפאורה תבורי,IL,מארז שוופס מוגז ענבי,קילוגרמים,1.32,ליטר,false,,10.90,8.2576,true,1,6063
7290017023663,false,"שוופס מיץ פירות לימונייד פחית מארז 330X4מ""ל",יפאורה תבורי,IL,מארז שוופס מוגז פירו,קילוגרמים,1.32,ליטר,false,,10.90,8.2576,true,1,6064
7290017023809,false,"ספרינג אגס סברס תפוח רביעיה * 250 מ""ל",יפאורה תבורי,IL,מארז ספרינג אגס סברס,קילוגרמים,1.00,ליטר,false,,10.90,10.9000,true,1,6065
7290017023816,false,"רביעיית ספרינג פירות טרופיים 250 מ""ל",יפאורה תבורי,IL,מארז ספרינג פירות טר,קילוגרמים,1.00,ליטר,false,,10.90,10.9000,true,1,6067
7290017023823,false,"רביעיית ספרינג תות בננה 250 מ""ל",יפאורה תבורי,IL,מארז ספרינג תות בננה,קילוגרמים,1.00,ליטר,false,,10.90,10.9000,true,1,6068
7290017023854,false,מי סודה בקבוקים אישיים - מארז 4 יח',יפאורה תבורי בעמ,IL,מארז שוופס סודה 4*25,קילוגרמים,1.00,ליטר,false,,9.90,9.9000,true,1,6069
7290017023861,false,סודה בטעם לימון בקבוקים אישיים - מארז 4 יח',יפאורה תבורי בעמ,IL,מארז שוופס סודה לימו,קילוגרמים,1.00,ליטר,false,,9.90,9.9000,true,1,6070
7290017023878,false,סודה בטעם נענע ליים בקבוקים אישיים - מארז 4 יח',יפאורה תבורי בעמ,IL,מארז שוופס סודה נענע,קילוגרמים,1.00,ליטר,false,,9.90,9.9000,true,1,6071
7290017062693,false,מרכך כביסה מרוכז לבן טאצ 1ל',סאסאטק,IL,מרכך מרוכז טאצ' לבן,קילוגרמים,1.00,ליטר,false,,9.90,9.9000,true,1,26500
7290017062716,false,מרכך כביסה מרוכז ורוד טאצ 1ל',סאסאטק,IL,מרכך מרוכז טאצ' ורוד,קילוגרמים,1.00,ליטר,false,,9.90,9.9000,true,1,26502
7290017065007,false,פרוסות גבינה מוצרלה חצי קשה 22% שומן 200 ג' גד,מחלבות גד בעמ,IL,גבינת מוצרלה פרוסות,גרמים,200.00,100 גרם,false,,17.90,0.0895,true,1,7118
7290017065137,false,ריקוטה למריחה 5% טבעית 200 גרם - רובין,האי נאם סי או אל.טי.,IL,גבינת ריקוטה 5% גד 2,גרמים,250.00,100 גרם,false,,9.90,0.0396,true,1,7119
7290017065168,false,גבינה כחלוה 100 גרם בית יוסף,מחלבות גד,DK,גבינה כחולה 30% גד 1,גרמים,100.00,100 גרם,false,,14.90,0.1490,true,1,25610
7290017065175,false,גבינת מנצ'גו פרוסה 3,הנסיך- מפעל לייצור ט,ES,גבינה מנצגו פרוס 39%,גרמים,150.00,100 גרם,false,,21.90,0.1460,true,1,7122
7290017065212,false,גבינת קרם מסקרפונה מחלבות גד 250 גר,מיוצר עי קוד יצרן ED,IL,קרם מסקרפונה 38% גד,גרמים,250.00,100 גרם,false,,19.90,0.0796,true,1,7123
7290017065304,false,גבינת שמנת 30% טבעי ניו יורק 200 ג',מחלבות גד,IL,גבינת שמנת טבעי 30%,גרמים,200.00,100 גרם,false,,14.90,0.0745,true,1,7124
7290017065588,false,יוגורט יווני 10% שומן 600 ג' גד,"מיוצר ע""י קוד יצרן M",IL,יוגורט יווני 10% גד,גרמים,600.00,100 גרם,false,,15.90,0.0265,true,1,7127
7290017065618,false,גבינת פקורינו פרוס מחלב כבשים,הנסיך- מפעל לייצור ט,ES,גבינת פקורינו פרוס 3,גרמים,150.00,100 גרם,false,,20.90,0.1393,true,1,7128
7290017065649,false,קרם פטיסייר מחלבות ג,מיוצר עי קוד יצרן ED,IL,קרם פטיסייר גד 250 ג,גרמים,250.00,100 גרם,false,,20.90,0.0836,true,1,7129
7290017065786,false,גבינת צ'דר אנגלית גד 210 ג',מחלבות גד,IL,גבינת צ'דר גד 200 גר,גרמים,200.00,100 גרם,false,,19.90,0.0995,true,1,7135
7290017065861,false,קאצ'יו אה פפה - רוטב פקורינו ופלפל שחור 200 גרם בית יוסף,מחלבות גד,IL,קאצ'יו אה פפה רוטב פ,גרמים,200.00,100 גרם,false,,16.90,0.0845,true,1,25539
7290017065960,false,"רוטב פורצ`יני גד, 200 גרם",מחלבות גד,IL,רוטב פורצ'יני ריקוטה,גרמים,200.00,100 גרם,false,,14.90,0.0745,true,1,28118
7290017068206,false,צימוקים בהירים בקרטון 350 גר' מיה,מיה תעשיות מזון בעמ,IL,צימוק לבן 350 גרם,גרמים,350.00,100 גרם,false,,14.90,0.0426,true,1,7360
7290017068213,false,חמוציות חתוכות 350 גר' מיה,מיה תעשיות מזון בעמ,IL,חמוציות חתוכות מיה 3,גרמים,350.00,100 גרם,false,,14.90,0.0426,true,1,7361
7290017068237,false,שזיפים ללא גלעין בקרטון 350 גר' מיה,מיה תעשיות מזון בעמ,IL,שזיף מיובש ללא גלעין,גרמים,350.00,100 גרם,false,,14.90,0.0426,true,1,7363
7290017068374,false,שמרים בוואקום 500 גר',angle yeast co ltd,CN,שמרים יבשים מיה 500,גרמים,500.00,100 גרם,false,,9.90,0.0198,true,1,7364
7290017068534,false,אגוז טחון מיה 300 גר,מיה תעשיות מזון בעמ,IL,אגוז טחון מיה 300 גר,גרמים,300.00,100 גרם,false,,19.90,0.0663,true,1,7366
7290017068541,false,אגוזים גרוסים מיה 30,מיה תעשיות מזון בעמ,IL,אגוזים גרוסים מיה 30,גרמים,300.00,100 גרם,false,,19.90,0.0663,true,1,7367
7290017068558,false,שקדים טחונים מיה 300,מיה תעשיות מזון בעמ,IL,שקדים טחונים מיה 300,גרמים,300.00,100 גרם,false,,22.90,0.0763,true,1,7368
7290017068596,false,שקד מולבן פרוס מיה 3,מיה תעשיות מזון בעמ,IL,שקד מולבן פרוס מיה 3,גרמים,300.00,100 גרם,false,,24.90,0.0830,true,1,7372
7290017068602,false,שקד מולבן שבבים מיה,מיה תעשיות מזון בעמ,IL,שקד מולבן שבבים מיה,גרמים,300.00,100 גרם,false,,24.90,0.0830,true,1,7373
7290017068626,false,אגוז פקאן טבעי מיה 2,מיה תעשיות מזון בעמ,IL,אגוז פקאן טבעי מיה 2,גרמים,200.00,100 גרם,false,,22.90,0.1145,true,1,7375
7290017068640,false,אגוז מלך טבעי מיה 20,מיה תעשיות מזון בעמ,IL,אגוז מלך טבעי מיה 20,גרמים,200.00,100 גרם,false,,14.90,0.0745,true,1,7377
7290017068657,false,פקאן סיני מיה 200 גר,מיה תעשיות מזון בעמ,IL,פקאן סיני מיה 200 גר,גרמים,200.00,100 גרם,false,,22.90,0.1145,true,1,7378
7290017068664,false,גרעין חמניה קלוף מיה,מיה תעשיות מזון בעמ,IL,גרעין חמניה קלוף מיה,גרמים,200.00,100 גרם,false,,6.90,0.0345,true,1,7379
7290017068671,false,צנובר מיה 150 גרם,מיה תעשיות מזון בעמ,IL,צנובר מיה 150 גרם,גרמים,150.00,100 גרם,false,,32.90,0.2193,true,1,7380
7290017068688,false,גרעין דלעת קלוף מיה,מיה תעשיות מזון בעמ,IL,גרעין דלעת קלוף מיה,גרמים,150.00,100 גרם,false,,7.90,0.0527,true,1,7381
7290017068725,false,תערובת קטניות לחמין,מיה תעשיות מזון בעמ,IL,תערובת קטניות לחמין,פריט,1.40,"ק""ג",false,,19.90,14.2143,true,1,7385
7290017068732,false,חטיף תן צאפ גלגלים ב,מיה תעשיות מזון בעמ,IL,חטיף תן צאפ גלגלים ב,גרמים,120.00,100 גרם,false,,4.90,0.0408,true,1,7386
7290017068749,false,חטיף תן צאפ טבעות 12,מיה תעשיות מזון בעמ,IL,חטיף תן צאפ טבעות 12,גרמים,120.00,100 גרם,false,,4.90,0.0408,true,1,7387
7290017068756,false,חטיף תן צאפ כריות 12,מיה תעשיות מזון בעמ,IL,חטיף תן צאפ כריות 12,גרמים,120.00,100 גרם,false,,4.90,0.0408,true,1,7388
7290017068954,false,"אורז בסמטי סלקטד 1 ק""ג",מיה תעשיות מזון בעמ,IL,אורז בסמטי סלקטד 1 ק,פריט,1.00,"ק""ג",false,,11.90,11.9000,true,1,7393
7290017079189,false,אננס חתיכות דקות במיץ אננס 825 גר',פ.ת גרייט פנאפל,ID,לפתן אננס חתוך דק טע,גרמים,825.00,100 גרם,false,,9.90,0.0120,true,1,5589
7290017079677,false,שוקולד חלב טעמן 270,מילאנו ספולקה זד,PL,שוקולד חלב טעמן 270,גרמים,270.00,100 גרם,false,,11.90,0.0441,true,1,5598
7290017079707,false,שוקולד מריר עם אגוזים 270 גר',מילאנו ספולקה זד,PL,שוקולד מריר עם אגוזי,גרמים,270.00,100 גרם,false,,11.90,0.0441,true,1,5601
7290017079714,false,שוקולד חלב עם בוטנים 270 גר',מילאנו ספולקה זד,PL,שוקולד חלב עם בוטנים,גרמים,270.00,100 גרם,false,,11.90,0.0441,true,1,5602
7290017079769,false,מחית תפוח עץ ובננה בפאוץ פריטוב קידס,פרוטה,CZ,"מחית תפו""ע ובננה עם",גרמים,120.00,100 גרם,false,,4.90,0.0408,true,1,29008
7290017079776,false,מחיות פאוץ סלט פירות 120 גר'.,פרוטה,CZ,מחית סלט פירות עם פק,גרמים,120.00,100 גרם,false,,4.90,0.0408,true,1,29009
7290017079783,false,מחית תפוח עץ בפאוץ פריטוב קידס,פרוטה,CZ,"מחית תפו""ע עם פקק פר",גרמים,120.00,100 גרם,false,,4.90,0.0408,true,1,29010
7290017079790,false,מחית פירות מעורבים בפאוץ פריטוב קידס,פרוטה,CZ,מחית פירות מעורבים ע,גרמים,120.00,100 גרם,false,,4.90,0.0408,true,1,29007
7290017088402,false,מטליות לחות לניקוי כ,D.P.L,IL,מטליות לחות לניקוי כ,Unknown,0.00,יחידה,false,,19.90,0.0000,true,1,13297
7290017088426,false,מגבונים קשת עבים פרי,D.P.L,IL,מגבונים קשת עבים פרי,Unknown,0.00,יחידה,false,,19.90,0.0000,true,1,13298
7290017094830,false,סלט גזר ברוטב פיקנטי אסלי שמיר 400 ג',סלטי שמיר 2006 בעמ,IL,סלט גזר פיקנטי אסלי,גרמים,400.00,100 גרם,false,,10.90,0.0273,true,1,10372
7290017094847,false,סלט תפוחי אדמה אסלי שמיר 400 ג',סלטי שמיר 2006 בעמ,IL,סלט תפוא אסלי 400 גר,גרמים,400.00,100 גרם,false,,10.90,0.0273,true,1,10373
7290017094854,false,סלט קולסלאו אסלי שמיר 400 ג',סלטי שמיר 2006 בעמ,IL,סלט קולסלאו אסלי 400,גרמים,400.00,100 גרם,false,,10.90,0.0273,true,1,10374
7290017094861,false,חומוס עם רוטב מסבחה אסלי שמיר 400 ג',סלטי שמיר 2006 בעמ,IL,סלט חומוס מסבחה אסלי,גרמים,400.00,100 גרם,false,,10.90,0.0273,true,1,10375
7290017100395,false,כפפות לטקס 100 יח' S פרפקט,פאלאס,ID,כפפות לטקס עם אבקה מ,Unknown,0.00,יחידה,false,,16.90,0.0000,true,1,28041
7290017100401,false,כפפות לטקס 100 יח' M פרפקט,פאלאס,ID,כפפות לטקס עם אבקה פ,Unknown,0.00,יחידה,false,,16.90,0.0000,true,1,28059
7290017105369,false,סירופ דיאט אייס תה אפרסק 1 ליטר,זנלכל,IL,סירופ יכין אייס תה ד,קילוגרמים,1.00,ליטר,false,,16.70,16.7000,true,1,4755
7290017105895,false,גרגרי חומוס להכנת חומוס 550 גרם יכין,זנלכל,IL,גרגירי חומוס להכנת ח,גרמים,560.00,100 גרם,false,,8.90,0.0159,true,1,4760
7290017121086,false,"אריסה ביתית מתוקה עללחם, 250 גרם","מדשא תעשיות מזון בע""",IL,אריסה מתוקה עללחם 25,גרמים,250.00,100 גרם,false,,12.90,0.0516,true,1,12171
7290017121093,false,אריסה חריפה 250 גרם עללחם,"מדשא תעשיות מזון בע""",IL,אריסה חריפה עללחם 25,גרמים,250.00,100 גרם,false,,12.90,0.0516,true,1,12172
7290017129495,false,אגו מיקס כדורי תירס מצופים שוקולד חלב 55 גר,כרמית תעשיות ממתקים,IL,אגו מיקס כדורים שוקו,גרמים,55.00,100 גרם,false,,3.90,0.0709,true,1,26763
7290017129754,false,"שוקולד מריר מעולה 70% מוצקי קקאו 100 גר בד""ץ","כד בני דרום בע""מ",IL,שוקולד אגו מריר 70%,גרמים,100.00,100 גרם,false,,7.80,0.0780,true,1,25302
7290017129761,false,"שוקולד פרימיום 70% בטעם תפוז בד""ץ 100 גר'",כרמית תעשיות ממתקים,IL,שוקולד אגו מריר 70%,גרמים,100.00,100 גרם,false,,7.80,0.0780,true,1,25303
7290017129778,false,"שוקולד פרימיום 70% בטעם קפה בד""ץ 100 גר'",כרמית תעשיות ממתקים,IL,שוקולד אגו מריר 70%,גרמים,100.00,100 גרם,false,,7.80,0.0780,true,1,25304
7290017129822,false,מטבעות שוקולד מריר 36 ג' !..,כרמית,IL,מטבעות שוקולד מריר כ,גרמים,36.00,100 גרם,false,,3.90,0.1083,true,1,6589
7290017129839,false,"שוקולד פרימיום 70% בטעם פטל בד""ץ 100 גר'.",כרמית תעשיות ממתקים,IL,שוקולד אגו מריר 70%,גרמים,100.00,100 גרם,false,,7.80,0.0780,true,1,25305
7290017129884,false,חמישיות שוקולד מריר 44% 85 גר*5*12 בקרטון,,,שוקולד אגו מריר 5*85,גרמים,425.00,100 גרם,false,,14.90,0.0351,true,1,6590
7290017142166,false,פילה טונה בשמן זית עץ הזית 120 גר',"יוניקורד ח.צ בע""מ",TH,פילה טונה בשמן זית ע,גרמים,120.00,100 גרם,false,,14.90,0.1242,true,1,10239
7290017142180,false,פילה פרוס ושמן זית בנגיעות טעם לימון ופלפל שחור,"יוניקורד ח.צ בע""מ",TH,פילה טונה בשמן זית ו,גרמים,120.00,100 גרם,false,,14.90,0.1242,true,1,10240
7290017142203,false,פילה טונה בשמן זית בטעם מעושן עץ המוצר 120 ג',"יוניקורד ח.צ בע""מ",TH,פילה טונה בשמן זית מ,גרמים,120.00,100 גרם,false,,14.90,0.1242,true,1,10241
7290017221267,false,יין חירות מסובין קינ,יקב חירות,IL,יין חירות מסובין קינ,מיליליטרים,750.00,"100 מ""ל",false,,149.90,0.1999,true,1,14485
7290017266398,false,גלילי ופל למילוי גילרו 150 גרם עלמה.,גילרו,IL,מארז גליליות עלמה למ,גרמים,150.00,100 גרם,false,,14.90,0.0993,true,1,27532
7290017266596,false,גביעי גלידה מגולגלים,עלמה,IL,גביעי גלידה מגולגלים,גרמים,308.00,100 גרם,false,,17.90,0.0581,true,1,4394
7290017266886,false,גליליות ופל במילוי ק,עלמה,IL,גליליות ופל במילוי ק,גרמים,500.00,100 גרם,false,,11.90,0.0238,true,1,4396
7290017266893,false,גליליות ופל במילוי ק,עלמה,IL,גליליות ופל במילוי ק,גרמים,500.00,100 גרם,false,,11.90,0.0238,true,1,4397
7290017266909,false,"וופל במילוי קרם שוקולד, 200 ג SUN",,IL,ופלים בטעם שוקולד עם,גרמים,200.00,100 גרם,false,,3.90,0.0195,true,1,26824
7290017266923,false,גביעי גלידה אמריקאים,עלמה,IL,גביעי גלידה אמריקאים,גרמים,240.00,100 גרם,false,,12.90,0.0538,true,1,25819
7290017275338,false,טחינה גולמית 500 גרם-טורקיז,אחדות ביחר לטחינה חל,IL,טחינה טורקיז 500 גרם,גרמים,500.00,100 גרם,false,,12.90,0.0258,true,1,90
7290017275345,false,טחינה אחווה בבקבוק לחיץ 350 גר',אחדות ביחר לטחינה חל,IL,טחינה אחוה לחיץ 350,גרמים,350.00,100 גרם,false,,8.90,0.0254,true,1,91
7290017275369,false,טחינה משומשום מלא 500 גרם-טורקיז,אחדות ביחר לטחינה חל,IL,טחינה שומשום מלא טור,גרמים,500.00,100 גרם,false,,12.90,0.0258,true,1,92
7290017275413,false,מיני קצפיות בטעם וניל 140 גר',אחדות ביחר לטחינה חל,IL,מיני קצפיות בטעם וני,גרמים,140.00,100 גרם,false,,9.90,0.0707,true,1,93
7290017275420,false,מיני קצפיות בטעם תות 140 גר',אחדות ביחר לטחינה חל,IL,מיני קצפיות בטעם תות,גרמים,140.00,100 גרם,false,,9.90,0.0707,true,1,94
7290017275444,false,מיני קצפיות בטעם ענבים 140 גר',אחדות ביחר לטחינה חל,IL,מיני קצפיות בטעם ענב,גרמים,140.00,100 גרם,false,,9.90,0.0707,true,1,96
7290017285702,false,"סרקל מתיר קשרים רוזמרין 325 מ""ל ד""ר פישר",פישר מעבדות פרמצבטיו,IL,"סרקל קרם רוזמרין ד""ר",גרמים,325.00,100 גרם,false,,22.90,0.0705,true,1,6728
7290017285719,false,"תרסיס סרקל מתיר קשרים רוזמרין 340 מ""ל ד""ר פישר",פישר מעבדות פרמצבטיו,IL,סרקל תרסיס מתיר קשרי,מיליליטרים,340.00,"100 מ""ל",false,,22.90,0.0674,true,1,6729
7290017285733,false,"מרכך סרקל ד""ר פישר 2",פישר מעבדות פרמצבטיו,IL,"מרכך סרקל ד""ר פישר 2",קילוגרמים,2.00,ליטר,false,,35.90,17.9500,true,1,6730
7290017285764,false,"ד""ר פישר - סרקל שמפו לילדים 2 ליטר",פישר מעבדות פרמצבטיו,IL,"שמפו סרקל ד""ר פישר 2",קילוגרמים,2.00,ליטר,false,,35.90,17.9500,true,1,6731
7290017289168,false,"יין ישראלי אדום יבש 750 מ""ל",יקב טפרברג 1870 בעמ,IL,יין ישראלי אדום יבש,מיליליטרים,750.00,"100 מ""ל",false,,19.90,0.0265,true,1,26101
7290017289182,false,יין לבן חצי יבש-ישראלי,יקב טפרברג 1870 בעמ,IL,יין ישראלי לבן חצי י,מיליליטרים,750.00,"100 מ""ל",false,,19.90,0.0265,true,1,26103
7290017289601,false,יין אימפרשן לבנד לבן,יקב טפרברג 1870 בעמ,IL,יין אימפרשן לבנד לבן,מיליליטרים,750.00,"100 מ""ל",false,,49.90,0.0665,true,1,26149
7290017289618,false,"יין פטיט סירה 750 מ""ל אימפרשיאון",יקב טפרברג 1870 בעמ,IL,יין אימפרשן קברנה פט,מיליליטרים,750.00,"100 מ""ל",false,,49.90,0.0665,true,1,6343
7290017289908,false,"אלגרו למברוסקו אדום, 750 מ""ל",יקב טפרברג 1870 בעמ,IL,יין אלגרו למבורסקו א,מיליליטרים,750.00,"100 מ""ל",false,,34.90,0.0465,true,1,26150
7290017291628,false,אנדיב כרמל 225 גרם,,IL,אנדיב כרמל 225 גרם,גרמים,225.00,100 גרם,false,,9.90,0.0440,true,1,28911
7290017303420,false,"בורקס תפו""א בון בייק",מאפיית אריאל,IL,"בורקס תפו""א בון בייק",פריט,1.40,"ק""ג",false,,16.90,12.0714,true,1,6888
7290017303437,false,בורקס גבינה בון בייק,מאפיית אריאל,IL,בורקס גבינה בון בייק,פריט,1.20,"ק""ג",false,,16.90,14.0833,true,1,6889
7290017303444,false,גחנון בון בייקרי 1.2,מאפיית אריאל,IL,גחנון בון בייקרי 1.2,פריט,1.20,"ק""ג",false,,16.90,14.0833,true,1,6890
7290017303451,false,מלוואח בון בייקרי 1.,מאפיית אריאל,IL,מלוואח בון בייקרי 1.,פריט,1.20,"ק""ג",false,,16.90,14.0833,true,1,6891
7290017304885,false,לחם שיפון מחיטה מלאה ללא תוספת סוכר 750 ג' אנג'ל,מאפית אנגל,IL,לחם שיפון וחיטה מלאה,גרמים,750.00,100 גרם,false,,16.90,0.0225,true,1,20353
7290017339610,false,חלה בריוש 6 כדורים ה,המחמצת,IL,חלה בריוש 6 כדורים ה,גרמים,600.00,100 גרם,false,,15.90,0.0265,true,1,22296
7290017339627,false,חלת בריוש כתר המחמצת,המחמצת,IL,חלת בריוש כתר המחמצת,גרמים,550.00,100 גרם,false,,16.90,0.0307,true,1,22297
7290017396002,false,לחמניות כוסמין המחמצ,המחמצת,IL,לחמניות כוסמין המחמצ,גרמים,400.00,100 גרם,false,,16.90,0.0422,true,1,27257
7290017396033,false,בייגל רומני המחמצת 4,המחמצת,IL,בייגל רומני המחמצת 4,גרמים,450.00,100 גרם,false,,16.90,0.0376,true,1,22298
7290017396071,false,לחמניות המבורגר פרימ,המחמצת,IL,לחמניות המבורגר פרימ,גרמים,380.00,100 גרם,false,,15.90,0.0418,true,1,22299
7290017396163,false,לחם שיפון 70% אובלי,המחמצת,IL,לחם שיפון 70% אובלי,גרמים,560.00,100 גרם,false,,15.90,0.0284,true,1,22303
7290017396170,false,לחם שאור איטלקי המחמ,המחמצת,IL,לחם שאור איטלקי המחמ,גרמים,560.00,100 גרם,false,,15.90,0.0284,true,1,22304
7290017396187,false,לחם קלמטה אובלי המחמ,המחמצת,IL,לחם קלמטה אובלי המחמ,גרמים,560.00,100 גרם,false,,16.90,0.0302,true,1,22305
7290017396217,false,לחם דגנים אובלי המחמ,המחמצת,IL,לחם דגנים אובלי המחמ,גרמים,560.00,100 גרם,false,,15.90,0.0284,true,1,22307
7290017396224,false,לחם כוסמין אובלי המח,המחמצת,IL,לחם כוסמין אובלי המח,גרמים,560.00,100 גרם,false,,15.90,0.0284,true,1,22308
7290017396248,false,לחמניות מיני המבורגר,המחמצת,IL,לחמניות מיני המבורגר,גרמים,400.00,100 גרם,false,,15.90,0.0398,true,1,22310
7290017396286,false,מיני בייגל ירושלמי 4,המחמצת,IL,מיני בייגל ירושלמי 4,גרמים,450.00,100 גרם,false,,16.90,0.0376,true,1,22312
7290017396293,false,לחם כפרי צרפתי אובלי,המחמצת,IL,לחם כפרי צרפתי אובלי,גרמים,560.00,100 גרם,false,,15.90,0.0284,true,1,22313
7290017396309,false,באגט שאור איטלקי המח,המחמצת,IL,באגט שאור איטלקי המח,גרמים,400.00,100 גרם,false,,9.90,0.0248,true,1,22314
7290017396415,false,ג'בטה דגנים המחמצת 6,המחמצת,IL,ג'בטה דגנים המחמצת 6,גרמים,600.00,100 גרם,false,,15.90,0.0265,true,1,22316
7290017396439,false,ג'בטה לבן 600 גרם,המחמצת,IL,ג'בטה לבן 600 גרם,גרמים,360.00,100 גרם,false,,15.90,0.0442,true,1,22318
7290017396507,false,בייגל חיטה המחמצת 36,המחמצת,IL,בייגל חיטה המחמצת 36,גרמים,360.00,100 גרם,false,,15.90,0.0442,true,1,22319
7290017418476,false,קראש קוביות נוגט בצי,"לבס שוקולד בע""מ",IL,קראש קוביות נוגט בצי,גרמים,65.00,100 גרם,false,,3.90,0.0600,true,1,23634
7290017457598,false,"סוד מרכך מרוכז סאמר בלוסום 900 מ""ל",הנקל סוד,IL,מרכך סוד פריחת קיץ 9,מיליליטרים,900.00,"100 מ""ל",false,,11.90,0.0132,true,1,28094
7290017457871,false,ג'ל כביסה ורוד 4 ל' סוד,הנקל סוד,IL,גל סוד ווילד רוז 4,קילוגרמים,4.00,ליטר,false,,34.50,8.6250,true,1,2496
7290017457888,false,ג'ל כביסה סוד כחול 4,הנקל סוד,IL,גל סוד פרש סקיי 4 ל,קילוגרמים,4.00,ליטר,false,,34.50,8.6250,true,1,2497
7290017513393,false,תה ירוק סופר גרין 25 שקיקים,קריות זול,IL,תה ירוק סופר גרין 25,גרמים,38.00,100 גרם,false,,22.90,0.6026,true,1,14090
7290017589565,false,"יין קלאסיק גוורצטרמינר 750 מ""ל.",יקבי ברקן שיווק והפצ,IL,יין קלאסיק גוורצטרמי,מיליליטרים,750.00,"100 מ""ל",false,,31.90,0.0425,true,1,28069
7290017589633,false,יין רזרב קברנה סוביניון Gold Edition,יקבי ברקן Barkan,IL,יין רזרב גולד קברנה,מיליליטרים,750.00,"100 מ""ל",false,,34.90,0.0465,true,1,5429
7290017599250,false,סוכרזית קלאסי 120 שקיות,ביסקול בע''מ,IL,ממתיק סוכרזית קלאסי,גרמים,120.00,100 גרם,false,,15.50,0.1292,true,1,26775
7290017599267,false,סוכרלוז 120 שקיות ממתיק שולחני,סוכרזית Sucrazit,IL,ממתיק סוכרלוז סוכרזי,גרמים,120.00,100 גרם,false,,24.50,0.2042,true,1,26814
7290017599274,false,סוכרזית סטיוויה 120 שקיות,ביסקול בע''מ,IL,ממתיק סוכרזית סטיווי,גרמים,120.00,100 גרם,false,,29.90,0.2492,true,1,26773
7290017616001,false,שעועית ירוקה שלמה ור,נ.ת.נ.ג.ב החזקות,BE,שעועית ירוקה שלמה ור,גרמים,800.00,100 גרם,false,,6.50,0.0081,true,1,1539
7290017616025,false,שעועית ירוקה חתוכה ו,נ.ת.נ.ג.ב החזקות,BE,שעועית ירוקה חתוכה ו,גרמים,800.00,100 גרם,false,,6.50,0.0081,true,1,1540
7290017616032,false,שעועית צהובה חתוכה ו,נ.ת.נ.ג.ב החזקות,BE,שעועית צהובה חתוכה ו,גרמים,800.00,100 גרם,false,,6.50,0.0081,true,1,1541
7290017616421,false,סטייק טונה קפוא 500,,,סטייק טונה קפוא 500,גרמים,500.00,100 גרם,false,,24.90,0.0498,true,1,14498
7290017616490,false,פילה ברבוניה ארוז 40,,,פילה ברבוניה,Unknown,0.00,יחידה,false,,16.90,0.0000,true,1,27593
7290017616513,false,אפונה עדינה אינדירה,הוראפרוסט,BE,אפונה עדינה אינדירה,פריט,1.00,"ק""ג",false,,17.90,17.9000,true,1,8869
7290017616520,false,"במיה אינדירה 1 ק""ג",גרין האוס,EG,"במיה אינדירה 1 ק""ג",פריט,1.00,"ק""ג",false,,13.90,13.9000,true,1,8870
7290017616551,false,אפונה וגזר אינדירה 1,הוראפרוסט,BE,אפונה וגזר אינדירה 1,פריט,1.00,"ק""ג",false,,10.90,10.9000,true,1,8873
7290017616568,false,לקט העונה אינדירה 1,הוראפרוסט,BE,לקט העונה אינדירה 1,פריט,1.00,"ק""ג",false,,10.90,10.9000,true,1,8874
7290017616575,false,"פול אינדירה 1 ק""ג",ג'קסיאן הינגשינגפודס,CN,"פול אינדירה 1 ק""ג",פריט,1.00,"ק""ג",false,,13.90,13.9000,true,1,8875
7290017616629,false,שעועית ירוקה שלמה עד,הוראפרוסט,BE,שעועית ירוקה שלמה עד,פריט,1.00,"ק""ג",false,,17.90,17.9000,true,1,8880
7290017616643,false,תחתיות ארטישוק אינדי,גרין האוס,EG,תחתיות ארטישוק אינדי,פריט,1.00,"ק""ג",false,,19.90,19.9000,true,1,8882
7290017616650,false,לקט לקוסקוס אינדירה,הוראפרוסט,BE,לקט לקוסקוס אינדירה,פריט,1.00,"ק""ג",false,,10.90,10.9000,true,1,8883
7290017616667,false,שעועית לבנה אינדירה,הוראפרוסט,BE,שעועית לבנה אינדירה,פריט,1.00,"ק""ג",false,,13.90,13.9000,true,1,8884
7290017616674,false,גזר גמדי אינדירה 1 ק,הוראפרוסט,BE,גזר גמדי אינדירה 1 ק,פריט,1.00,"ק""ג",false,,9.90,9.9000,true,1,8885
7290017616896,false,פולי סויה קלופים שדה,פוגיאן יונילנד פודס,CN,פולי סויה קלופים שדה,גרמים,600.00,100 גרם,false,,9.90,0.0165,true,1,28454
7290017616919,false,סטייק טונה קפוא 500,בינה דינה פישרי,VN,סטייק טונה קפוא 500,גרמים,500.00,100 גרם,false,,24.90,0.0498,true,1,25746
7290017616926,false,"ציפס קלאסי פרנץ פרייז 1.5ק""ג",,,ציפס קלאסי פרנץ פריי,פריט,1.50,"ק""ג",false,,19.90,13.2667,true,1,26754
7290017616933,false,"צ'יפס אמריקאי ארוז, 2.5 ק""ג",,,ציפס אמריקאי פרנץ פר,פריט,1.50,"ק""ג",false,,19.90,13.2667,true,1,26755
7290017618111,false,עוגיות מלבן שקדים עם טריפל שוקולד 180 גר',מאפיית אריאל,IL,עוגיות מלבן שקדים עם,גרמים,180.00,100 גרם,false,,18.90,0.1050,true,1,6899
7290017641379,false,חמישיות שוקולד חלב בדצ 85 ג*5 בלמינט*12 בקרט בדצ,כרמית,,שוקולד אגו חלב 5*85,גרמים,425.00,100 גרם,false,,14.90,0.0351,true,1,6594
7290017641430,false,מטבעות שוקולד צבעוני,כרמית,IL,מטבעות שוקולד צבעוני,גרמים,360.00,100 גרם,false,,18.90,0.0525,true,1,6596
7290017641720,false,טבלת שוקולד דק 70% שברי שקד 100 גר',"כד בני דרום בע""מ",IL,שוקולד אגו מריר 70%,גרמים,100.00,100 גרם,false,,7.80,0.0780,true,1,25301
7290017641737,false,"שוקולד 70% שברי אגוז 100 גר' כשל""פ. בד""ץ","כד בני דרום בע""מ",IL,שוקולד אגו מריר 70%,גרמים,100.00,100 גרם,false,,7.80,0.0780,true,1,25306
7290017648019,false,יין בית אל הריטאז' 2,יקב בית אל,IL,יין בית אל הריטאז' 2,מיליליטרים,750.00,"100 מ""ל",false,,119.90,0.1599,true,1,24889
7290017696393,false,בורגר פטריות מן הצומ,מרינה פטריות,IL,בורגר פטריות מן הצומ,גרמים,520.00,100 גרם,false,,27.90,0.0537,true,1,20013
7290017712505,false,"מחית תפו""ע פרינוק 4*",HME,CZ,"מחית תפו""ע פרינוק 4*",גרמים,760.00,100 גרם,false,,16.90,0.0222,true,1,2319
7290017712512,false,"מחית תפו""ע ובננה פרי",HME,CZ,"מחית תפו""ע ובננה פרי",גרמים,760.00,100 גרם,false,,16.90,0.0222,true,1,2320
7290017712529,false,מחית סלט פירות פרינו,HME,CZ,מחית סלט פירות פרינו,גרמים,760.00,100 גרם,false,,16.90,0.0222,true,1,2321
7290017712536,false,מחית לפתן פירות פרינ,HME,CZ,מחית לפתן פירות פרינ,גרמים,760.00,100 גרם,false,,16.90,0.0222,true,1,2322
7290017715728,false,זית מנזולינו תומר 56,עדן,IL,זית מנזולינו תומר 56,גרמים,560.00,100 גרם,false,,1.90,0.0034,true,1,28452
7290017715735,false,זית סורי מבוקע תומר,עדן,IL,זית סורי מבוקע תומר,גרמים,560.00,100 גרם,false,,1.90,0.0034,true,1,28447
7290017715834,false,זית נובו מבוקע ג.מאו,עדן,IL,זית נובו מבוקע תומר,גרמים,560.00,100 גרם,false,,1.90,0.0034,true,1,28450
7290017812052,false,יין שיראז קברנה סוביניון אקסלנס Excellence,יקבי כרמל Carmel Winery,IL,יין אקסלנס שיראז קבר,מיליליטרים,750.00,"100 מ""ל",false,,21.90,0.0292,true,1,6255
7290017812069,false,יין אמרלד ריזלינג שרדונה אקסלנס Excellence,יקבי כרמל Carmel Winery,IL,יין אקסלנס ריזלינג ש,מיליליטרים,750.00,"100 מ""ל",false,,21.90,0.0292,true,1,6256
7290017812144,false,יין ישן נושן מתוק 63,יקבי כרמל,IL,יין ישן נושן מתוק 63,מיליליטרים,630.00,"100 מ""ל",false,,9.90,0.0157,true,1,6257
7290017812595,false,"ישן נושן לייט 750 מ""ל",יקבי כרמל Carmel Winery,IL,יין ישן נושן לייט 3.,מיליליטרים,750.00,"100 מ""ל",false,,14.90,0.0199,true,1,6260
7290017812649,false,מיץ ענבים תירוש לבן,יקבי כרמל,IL,מיץ ענבים תירוש לבן,קילוגרמים,1.20,ליטר,false,,20.90,17.4167,true,1,6261
7290017812656,false,תירוש מבעבע מיץ ענבים מבעבע אדום,מנדלז סי.אר. פרודקשן,IL,תירוש מבעבע אדום כרמ,מיליליטרים,750.00,"100 מ""ל",false,,19.90,0.0265,true,1,6262
7290017812663,false,מיץ ענבים טבעי מבעבע לבן,מנדלז סי.אר. פרודקשן,IL,תירוש מבעבע לבן כרמל,מיליליטרים,750.00,"100 מ""ל",false,,19.90,0.0265,true,1,6263
7290017812830,false,"יין רוזה פרייבט קולקשיין 750 מ""ל","כד בני דרום בע""מ",IL,יין פ. קולקשיין רוזה,מיליליטרים,750.00,"100 מ""ל",false,,32.30,0.0431,true,1,6264
7290017812847,false,יין סלקטד פרנץ גוורצטרמינר 750 מל,"כד בני דרום בע""מ",IL,יין סלקטד פרנץ גוורצ,מיליליטרים,750.00,"100 מ""ל",false,,28.90,0.0385,true,1,6265
7290017812861,false,"יין וינו לבן יבש 750 מ""ל",קריות זול,IL,יין וינו לבן יבש,מיליליטרים,750.00,"100 מ""ל",false,,18.20,0.0243,true,1,6266
7290017812977,false,"יין לבן מתוק מוגז בטעם אננס, 750 מ""ל",קריות זול,IL,יין באז ספארקלינג אנ,מיליליטרים,750.00,"100 מ""ל",false,,23.90,0.0319,true,1,6269
7290017864648,false,כוסברה בוסתן פרימיום,ברכת קטיף,IL,כוסברה בוסתן פרימיום,Unknown,0.00,יחידה,false,,5.90,0.0000,true,1,19860
7290017864655,false,פטרוזיליה בוסתן פרימ,ברכת קטיף,IL,פטרוזיליה בוסתן פרימ,Unknown,0.00,יחידה,false,,5.90,0.0000,true,1,19861
7290017864662,false,שמיר בוסתן פרימיום,ברכת קטיף,IL,שמיר בוסתן פרימיום,Unknown,0.00,יחידה,false,,5.90,0.0000,true,1,19862
7290017864679,false,נענע בוסתן פרימיום,ברכת קטיף,IL,נענע בוסתן פרימיום,Unknown,0.00,יחידה,false,,5.90,0.0000,true,1,19863
7290017864686,false,סלרי עלים בוסתן,ברכת קטיף,IL,סלרי עלים בוסתן,Unknown,0.00,יחידה,false,,6.90,0.0000,true,1,19864
7290017864709,false,עלי מנגולד,ברכת קטיף,IL,עלי מנגולד,Unknown,0.00,יחידה,false,,6.90,0.0000,true,1,19866
7290017864754,false,בצל ירוק בוסתן,ברכת קטיף,IL,בצל ירוק בוסתן,Unknown,0.00,יחידה,false,,5.90,0.0000,true,1,19870
7290017864839,false,לבבות חסה פרימיום נס,ברכת קטיף,IL,לבבות חסה פרימיום נס,Unknown,0.00,יחידה,false,,12.90,0.0000,true,1,19874
7290017871974,false,גלי טוסו בטעם תות שד,קריות זול,IL,ג'לי תות שדה טוסו לל,גרמים,25.00,100 גרם,false,,8.90,0.3560,true,1,2828
7290017871998,false,פודינג וניל טוסו ללא,קריות זול,IL,פודינג וניל טוסו ללא,גרמים,30.00,100 גרם,false,,8.90,0.2967,true,1,2829
7290017872179,false,עוגיות טחינה ללא תוספת סוכר,היינץ צפון אמריקה מק,IL,עוגיות טחינה טוסו 20,גרמים,200.00,100 גרם,false,,13.90,0.0695,true,1,2830
7290017872186,false,עוגיות פקאן ללא תוספת סוכר,היינץ צפון אמריקה מק,IL,עוגיות פקאן טוסו 200,גרמים,200.00,100 גרם,false,,13.90,0.0695,true,1,2831
7290017884141,false,עוגיות מלוחות קצח שי,מאפיית ישראל חיפה,IL,עוגיות מלוחות קצח שי,גרמים,500.00,100 גרם,false,,11.50,0.0230,true,1,6900
7290017884158,false,עוגיות מלוחות שומשום,מאפיית ישראל חיפה,IL,עוגיות מלוחות שומשום,גרמים,500.00,100 גרם,false,,11.50,0.0230,true,1,6901
7290017884165,false,כעכים קקאו שירה 500,מאפיית ישראל חיפה,IL,כעכים קקאו שירה 500,גרמים,500.00,100 גרם,false,,11.50,0.0230,true,1,6902
7290017884172,false,עוגיות מרוקאיות שירה,מאפיית ישראל חיפה,IL,עוגיות מרוקאיות שירה,גרמים,500.00,100 גרם,false,,11.50,0.0230,true,1,6903
7290017884189,false,כעכים מצופים שירה 50,מאפיית ישראל חיפה,IL,כעכים מצופים שירה 50,גרמים,500.00,100 גרם,false,,11.50,0.0230,true,1,6904
7290017884257,false,עוגיות כתר שירה 600,מאפיית ישראל חיפה,IL,עוגיות כתר שירה 600,גרמים,600.00,100 גרם,false,,11.50,0.0192,true,1,6909
7290017884264,false,עוגיות שוקוציפס שירה,מאפיית ישראל חיפה,IL,עוגיות שוקוציפס שירה,גרמים,600.00,100 גרם,false,,11.50,0.0192,true,1,6910
7290017884271,false,עוגיות שוקוציפס לבן,מאפיית ישראל חיפה,IL,עוגיות שוקוציפס לבן,גרמים,600.00,100 גרם,false,,11.50,0.0192,true,1,6911
7290017884356,false,עוגיות כעכים מרוקאיו,מאפיית ישראל חיפה,IL,עוגיות כעכים מרוקאיו,גרמים,500.00,100 גרם,false,,11.50,0.0230,true,1,6916
7290017884370,false,עוגיות בטעם חלוה שיר,מאפיית ישראל חיפה,IL,עוגיות בטעם חלוה שיר,גרמים,500.00,100 גרם,false,,11.50,0.0230,true,1,6917
7290017884530,false,בישקוטים מצופים שירה,מאפיית ישראל חיפה,IL,בישקוטים מצופים שירה,גרמים,500.00,100 גרם,false,,11.50,0.0230,true,1,6926
7290017884547,false,עוגיות כתר במילוי תו,מאפיית ישראל חיפה,IL,עוגיות כתר במילוי תו,גרמים,500.00,100 גרם,false,,11.50,0.0230,true,1,6927
7290017888095,false,"רביעיית פחיות שוופס מוגז עדין פירות יער 330 מ""ל.",יפאורה תבורי,IL,מארז שוופס פירות יער,קילוגרמים,1.32,ליטר,false,,11.90,9.0152,true,1,6074
7290017888101,false,"שוויפס מוגז עדין אפרסק מארז רביעייה* 330 מ""ל",יפאורה תבורי,IL,מארז שוופס אפרסק 4*3,קילוגרמים,1.32,ליטר,false,,11.90,9.0152,true,1,6075
7290017918730,false,סלק אדום בוואקום 1 ק,אראל תוצרת חקלאית בע,IL,סלק אדום בוואקום 1 ק,פריט,1.00,"ק""ג",false,,9.90,9.9000,true,1,15053
7290017928234,false,גריסיני בייטס בצל מא,מאיר בייגל,IL,גריסיני בייטס בצל מא,גרמים,175.00,100 גרם,false,,7.90,0.0451,true,1,26524
7290017928296,false,שברי בייגלה בטעם דבש חרדל ובצל 300 גר' מאיר את בייגל,סבימקס,BG,שברי בייגלה בטעם דבש,גרמים,300.00,100 גרם,false,,11.90,0.0397,true,1,25947
7290017928494,false,שברי בייגלה בטעם צדר 300 גר' מאיר את בייגל,סבימקס,BG,שברי בייגלה בטעם צ'ד,גרמים,300.00,100 גרם,false,,11.90,0.0397,true,1,25948
7290017928838,false,בייגל מאיר גריסיני ב,מאיר בייגל,IL,גריסיני בייטס זיתים,גרמים,175.00,100 גרם,false,,7.90,0.0451,true,1,26525
7290017932057,false,תחתית אפויה לפאי 170,הנדריקס פוד,US,תחתית אפויה לפאי 170,גרמים,170.00,100 גרם,false,,6.90,0.0406,true,1,7772
7290017941073,false,סוכר לבן אלומות 1 ק,,,סוכר לבן אלומות 1 ק,פריט,1.00,"ק""ג",false,,4.50,4.5000,true,1,27754
7290017946375,false,סוד - סבון אסלה בניחוח לימון אוקיינוס רביעיות,הנקל סוד,IL,כדוריות סוד לאסלה לי,גרמים,150.00,100 גרם,false,,19.90,0.1327,true,1,2502
7290017946573,false,סוד - סבון אסלה בניחוח פרחים רביעיות,הנקל סוד,IL,כדוריות סוד לאסלה פר,גרמים,150.00,100 גרם,false,,19.90,0.1327,true,1,2505
7290017947105,false,לחם בסגנון אמריקה 500 גר',מאפיית שלמה א. אנג'ל,IL,לחם אנגל בסגנון אמרי,גרמים,500.00,100 גרם,false,,14.90,0.0298,true,1,20354
7290017947457,false,חלה קלועה כוסמין אנג'ל,מאפיית שלמה א.אנג'ל,IL,חלה קלועה כוסמין אנג,גרמים,500.00,100 גרם,false,,16.90,0.0338,true,1,20355
7290017947464,false,מארז 8 פיתות מקמח כוסמין מלא 400ג',"איטיליאן פוד, אס.פי.",IL,פיתות כוסמין אנג'ל 8,גרמים,400.00,100 גרם,false,,14.90,0.0373,true,1,20356
7290017947495,false,לחמניות כוסמין 450 ג' אנג'ל,"איטיליאן פוד, אס.פי.",IL,לחמניות כוסמין אנגל,גרמים,450.00,100 גרם,false,,15.90,0.0353,true,1,20358
7290017947891,false,לחם כוסמין וחיטה מלאה 750 ג' אנג'ל,מאפיית שלמה א. אנג'ל,IL,לחם כוסמין וחיטה מלא,גרמים,750.00,100 גרם,false,,16.90,0.0225,true,1,20359
7290017947921,false,לחמניות המבורגר בסגנון אמריקאי מארז 6 יח',מאפיית שלמה א. אנג'ל,IL,לחמניות המבורגר אנגל,גרמים,450.00,100 גרם,false,,14.90,0.0331,true,1,20360
7290017947938,false,מיני לחמניות המבורגר בסגנון אמריקה 400 ג' אנג'ל,מאפיית שלמה א. אנג'ל,IL,לחמניות מיני המבורגר,גרמים,400.00,100 גרם,false,,14.90,0.0373,true,1,20361
7290017978246,false,שמיניות קרח ללא סוכר בטעם תות LIGHTICE,"גלידות ריאו ביח""ר לג",IL,קרחוני לייט בטעם תות,גרמים,720.00,100 גרם,false,,14.50,0.0201,true,1,26731
7290017978642,false,טילוני ריאו ריבת חלב,"גלידות ריאו ביח""ר לג",IL,טילוני ריאו ריבת חלב,גרמים,525.00,100 גרם,false,,19.90,0.0379,true,1,11603
7290017978833,false,"ריאו גלידונית חלבית ""שוקולידה"" 32יח","גלידות ריאו ביח""ר לג",IL,חטיפי גלידה שוקולידה,גרמים,700.00,100 גרם,false,,29.90,0.0427,true,1,11605
7290018045336,false,דגני בוקר פרוטי פאבל,פוסט לקיוויל,US,דגני בוקר פרוטי פאבל,גרמים,311.00,100 גרם,false,,19.90,0.0640,true,1,27070
7290018045534,false,דגני בוקר בטעם פירות,פוסט לקיוויל,US,דגני בוקר בטעם פירות,גרמים,354.00,100 גרם,false,,19.90,0.0562,true,1,27072
7290018045732,false,דגני בוקר עם פירורי,פוסט לקיוויל,US,דגני בוקר עם פירורי,גרמים,311.00,100 גרם,false,,19.90,0.0640,true,1,27071
7290018091029,false,מקלות פילו תפוחי אדמה מעדנות 450 ג',"מעדנות בע""מ",IL,"מקלות פילו תפו""א מעד",גרמים,450.00,100 גרם,false,,14.90,0.0331,true,1,13590
7290018091616,false,מקלות פילו גבינה מעדנות 450 ג',מיוצר עי קונדיטוריית,IL,מקלות פילו גבינה מעד,גרמים,450.00,100 גרם,false,,14.90,0.0331,true,1,13595
7290018099025,false,עשיריית פיתות כוסמין 99 קלוריות.,מאסטר פייתה,IL,פיתות כוסמין מאסטר פ,פריט,1.00,"ק""ג",false,,14.90,14.9000,true,1,26459
7290018115039,false,אבוקדו מוכן לאכילה,אראל תוצרת חקלאית בע,IL,אבוקדו מוכן לאכילה,Unknown,0.00,יחידה,false,,5.90,0.0000,true,1,15056
7290018131756,false,מאגדת וניל מצופה תות נסטלה 8*55 ג',גלידות נסטלה,IL,שלגוני וניל מצופה תו,גרמים,440.00,100 גרם,false,,22.90,0.0520,true,1,8437
7290018131855,false,אקסטרים טילון בראוניז בדצ 6*72ג,גלידות נסטלה (נגה גל,IL,טילוני אקסטרים בראונ,גרמים,432.00,100 גרם,false,,23.90,0.0553,true,1,8438
7290018131879,false,אקסטרים טילון ריבת חלב בדצ 6*72 גר',גלידות נסטלה (נגה גל,IL,טילוני אקסטרים ריבת,גרמים,432.00,100 גרם,false,,23.90,0.0553,true,1,8439
7290018131893,false,מאגדת אקסטרים פקאן 432 ג',גלידות נסטלה (נגה גל,IL,טילוני אקסטרים פקאן,גרמים,432.00,100 גרם,false,,23.90,0.0553,true,1,8440
7290018131954,false,קרחון שרבט פרווה לה פרוטה תות שדה ושוקולד מריר,גלידות נסטלה Nestle,IL,שלגוני לה פרוטה תות,גרמים,350.00,100 גרם,false,,17.90,0.0511,true,1,8442
7290018165010,false,"יין ברקן רזרב גולד גוורצטרמינר 750 מ""ל",יקבי ברקן שיווק והפצ,IL,יין רזרב גולד גוורצט,מיליליטרים,750.00,"100 מ""ל",false,,47.90,0.0639,true,1,28062
7290018165447,false,"יין רזרב גולד מרלו 750 מ""ל",יקבי ברקן שיווק והפצ,IL,יין רזרב גולד מרלו,מיליליטרים,750.00,"100 מ""ל",false,,47.90,0.0639,true,1,28063
7290018192504,false,מיני בורגר פטריות מן,מרינה פטריות,IL,מיני בורגר פטריות מן,גרמים,600.00,100 גרם,false,,27.90,0.0465,true,1,28793
7290018192764,false,מיקס נבטי בריאות,מרינה,IL,מיקס נבטים,Unknown,0.00,יחידה,false,,13.90,0.0000,true,1,22287
7290018194393,false,ערק בראשית 40% 700 מ,משקאות ג'בלנא,IL,ערק בראשית 40% 700 מ,מיליליטרים,700.00,"100 מ""ל",false,,39.90,0.0570,true,1,2068
7290018195048,false,"חתיכות אננס בסירופ קל טעמן, 850 גרם",פ.ת גרייט פנאפל,TH,לפתן אננס חתוך טעמן,גרמים,850.00,100 גרם,false,,9.90,0.0116,true,1,5603
7290018195123,false,מארז סרדין בלימון טע,אינטרנשיונל קנינג קו,MA,מארז סרדין בלימון טע,גרמים,375.00,100 גרם,false,,9.90,0.0264,true,1,5607
7290018195130,false,מארז סרדין פלפל חריף,אינטרנשיונל קנינג קו,MA,מארז סרדין פלפל חריף,גרמים,375.00,100 גרם,false,,9.90,0.0264,true,1,5608
7290018195895,false,קראנצ' שיבולת שועל ושוקולד מריר 40 גרם*5 יח',סנטה איי קוולסקי אס,PL,חטיף ש.שועל עם שוקול,גרמים,200.00,100 גרם,false,,12.90,0.0645,true,1,5616
7290018195901,false,קראנצ שיבולת שועל ודבש 40X5 גר',סנטה איי קוולסקי אס,PL,חטיף ש.שועל ודבש קרא,גרמים,200.00,100 גרם,false,,12.90,0.0645,true,1,5617
7290018195918,false,קראנצ שיבולת שועל דבש וקינמון 40X5 גר',סנטה איי קוולסקי אס,PL,חטיף ש.שועל דבש וקינ,גרמים,200.00,100 גרם,false,,12.90,0.0645,true,1,5618
7290018208014,false,תמר מגהול פרימיום 1,אראל תוצרת חקלאית בע,IL,תמר מגהול פרימיום 1,פריט,1.00,"ק""ג",false,,24.90,24.9000,true,1,1263
7290018208045,false,ערמונים קלויים וקלופ,אראל תוצרת חקלאית בע,IL,ערמונים קלויים וקלופ,גרמים,100.00,100 גרם,false,,3.90,0.0390,true,1,1266
7290018208809,false,"תמר מגהול 1 ק""ג",אראל תוצרת חקלאית בע,IL,"תמר מגהול 1 ק""ג",פריט,1.00,"ק""ג",false,,14.90,14.9000,true,1,1272
7290018236635,false,צ'ונגו פופקורן מצופה עוף טוב 600 גר',מוצרי עוף טוב (2001),IL,מיני שניצל פופקורן צ,גרמים,600.00,100 גרם,false,,29.80,0.0497,true,1,307
7290018237373,false,פסטרמה צרובה על הגריל נתח שלם עוף טוב 300 ג',עיצובים 2020 (4.9),IL,פסטרמה מהגריל מנתח ש,גרמים,300.00,100 גרם,false,,26.80,0.0893,true,1,312
7290018237397,false,עוף טוב פסטרמה מקורמלת נתח שלם 300 גר',מולינו ניקולי s.p.a,IL,פסטרמה מקורמלת מנתח,גרמים,300.00,100 גרם,false,,26.80,0.0893,true,1,313
7290018237410,false,עוף טוב פסטרמה במעשנה נתח שלם 300 גר',מולינו ניקולי s.p.a,IL,פסטרמה מהמעשנה מנתח,גרמים,300.00,100 גרם,false,,26.80,0.0893,true,1,314
7290018237922,false,שניצלונים ציפוי ציפס עוף טוב 700 גר',עיצובים 2020 (4.9),IL,שניצלונים בציפוי צ'י,גרמים,700.00,100 גרם,false,,12.70,0.0181,true,1,26589
7290018237939,false,שניצלונים ציפוי שומשום עוף טוב 700 גר',עיצובים 2020 (4.9),IL,שניצלונים בציפוי שומ,גרמים,700.00,100 גרם,false,,12.70,0.0181,true,1,26592
7290018283158,false,לחוח של אמא בר ולחם,פיתא,IL,לחוח של אמא בר ולחם,גרמים,540.00,100 גרם,false,,14.90,0.0276,true,1,28880
7290018294000,false,"יין קינג דויד רוזה 750 מ""ל",קריות זול,IL,יין קינג דיוויד רוזה,מיליליטרים,750.00,"100 מ""ל",false,,18.90,0.0252,true,1,6270
7290018294055,false,מיץ ענבים תירוש רוזה,יקבי כרמל,IL,מיץ ענבים תירוש רוזה,קילוגרמים,1.20,ליטר,false,,20.90,17.4167,true,1,6272
7290018294192,false,"יין בלנד היינן אדום יבש 750 מ""ל p.c",קריות זול,IL,יין פ. קולקשיין בלנד,מיליליטרים,750.00,"100 מ""ל",false,,32.30,0.0431,true,1,26290
7290018294208,false,"סלקטד אדום יין ישראלי, 750 מ""ל","כד בני דרום בע""מ",IL,יין סלקטד אדום ישראל,מיליליטרים,750.00,"100 מ""ל",false,,28.90,0.0385,true,1,6275
7290018294352,false,"ארק יקבי כרמל 700 מ""",יקבי כרמל Carmel Winery,IL,"ארק כרמל 700 מ""ל",מיליליטרים,700.00,"100 מ""ל",false,,54.90,0.0784,true,1,6276
7290018294901,false,מונלייט אדום יבש 750 מל',יקבי כרמל Carmel Winery,IL,יין אדום יבש מונלייט,מיליליטרים,750.00,"100 מ""ל",false,,33.90,0.0452,true,1,26333
7290018359112,false,יכין פאסאטה מחית עגבניות איטלקיות 690 ג',זנלכל,IL,מחית עגבניות קלה פסא,גרמים,690.00,100 גרם,false,,9.90,0.0143,true,1,4761
7290018359495,false,תירס מהשדה בלי תוספת סוכר יכין 550 גר',היינץ צפון אמריקה מק,IL,תירס גרעינים מהשדה ל,גרמים,550.00,100 גרם,false,,8.90,0.0162,true,1,4763
7290018359556,false,יכין תירס מהשדה בלי תוספת סוכר 400 גר',היינץ צפון אמריקה מק,IL,תירס גרעינים מהשדה י,גרמים,400.00,100 גרם,false,,6.50,0.0163,true,1,4765
7290018359686,false,יכין חומוס ענק 550 גר,היינץ צפון אמריקה מק,IL,חומוס ענק יכין 550 ג,גרמים,550.00,100 גרם,false,,8.90,0.0162,true,1,4766
7290018440629,false,תה ויסוצקי טעם עשיר,ויסוצקי,IL,תה ויסוצקי טעם עשיר,גרמים,180.00,100 גרם,false,,19.90,0.1106,true,1,14095
7290018443217,false,חסה עגולה בוסתן,ברכת קטיף,IL,חסה עגולה בוסתן,Unknown,0.00,יחידה,false,,5.90,0.0000,true,1,19883
7290018443347,false,ברכת קטיף - ייבול נוכרי - שמיר שקית,ברכת קטיף,IL,שמיר ברכת קטיף,Unknown,0.00,יחידה,false,,5.90,0.0000,true,1,19889
7290018443408,false,כרוב לבן ייבול נוכרי ברכת קטיף,ברכת קטיף,IL,כרוב לבן ברכת קטיף,קילוגרמים,1.00,"ק""ג",true,,9.90,9.9000,true,1,19895
7290018443446,false,נבטים סינים יח,בוסתן עשבי תיבול,IL,נבטים סינים יח,Unknown,0.00,יחידה,false,,5.90,0.0000,true,1,19990
7290018443453,false,נבטי חמניה,בוסתן עשבי תיבול,IL,נבטי חמניה,Unknown,0.00,יחידה,false,,7.90,0.0000,true,1,19991
7290018443460,false,נבטים אלפלא,בוסתן עשבי תיבול,IL,נבטים אלפלא,Unknown,0.00,יחידה,false,,5.90,0.0000,true,1,19992
7290018443590,false,שמיר בוסתן,ברכת קטיף,IL,שמיר בוסתן,Unknown,0.00,יחידה,false,,4.90,0.0000,true,1,19900
7290018443606,false,נענע בוסתן,ברכת קטיף,IL,נענע בוסתן,Unknown,0.00,יחידה,false,,4.90,0.0000,true,1,19901
7290018443620,false,סלרי עלים בוסתן,ברכת קטיף,IL,סלרי עלים בוסתן,Unknown,0.00,יחידה,false,,5.90,0.0000,true,1,19903
7290018443644,false,מנגולד בוסתן,ברכת קטיף,IL,מנגולד בוסתן,Unknown,0.00,יחידה,false,,5.90,0.0000,true,1,19905
7290018443651,false,לבבות חסה בוסתן,ברכת קטיף,IL,לבבות חסה בוסתן,Unknown,0.00,יחידה,false,,9.90,0.0000,true,1,19906
7290018443705,false,לבבות חסה קיסר,,,לבבות חסה קיסר,Unknown,0.00,יחידה,false,,12.90,0.0000,true,1,19909
7290018443859,false,חסה ליטל ג'ים,ברכת קטיף,IL,חסה ליטל ג'ים,Unknown,0.00,יחידה,false,,12.90,0.0000,true,1,19911
7290018464052,false,יין תניא עברי בלנד 2,יקב תניא,IL,יין תניא עברי בלנד 2,מיליליטרים,750.00,"100 מ""ל",false,,89.90,0.1199,true,1,22079
7290018468326,false,נקניקיה צמחית בסגנון אמריקאי 400 ג' טירת צבי,טירת צבי,IL,נקניקיות צמחוניות בס,גרמים,400.00,100 גרם,false,,32.90,0.0822,true,1,26145
7290018471029,false,"סודה בטעם לימון - מארז 6 בקבוקים 500 מ""ל",יפאורה תבורי בעמ,IL,מארז שוופס סודה לימו,קילוגרמים,3.00,ליטר,false,,13.90,4.6333,true,1,6078
7290018471180,false,פרוט&ווג אננס תפוח גזר 1 ליטר,פרוט אנד וג' Fruit & Veg,IL,פרוט אנד ווג' אננס ת,קילוגרמים,1.00,ליטר,false,,12.90,12.9000,true,1,6079
7290018471197,false,פרוט&ווג' תפוח בננה מלון נענע 1 ליטר,פרוט אנד וג' Fruit & Veg,IL,פרוט אנד ווג' תפוח ב,קילוגרמים,1.00,ליטר,false,,12.90,12.9000,true,1,6080
7290018471210,false,ספרינג קרטונית אגס סברס תפוח 1 ליטר,"יפאורה תבורי בע""מ",IL,נקטר ספרינג אגס תפוח,קילוגרמים,1.00,ליטר,false,,6.90,6.9000,true,1,6081
7290018471395,false,פרוט&ווג' תפוח רימון סלק ג'ינג'ר 1 ליטר,פרוט אנד וג' Fruit & Veg,IL,פרוט אנד ווג' תפוח ר,קילוגרמים,1.00,ליטר,false,,12.90,12.9000,true,1,6082
7290018471401,false,פרוט&ווג' אננס בננה כורכום 1 ליטר,פרוט אנד וג' Fruit & Veg,IL,פרוט אנד ווג' אננס ב,קילוגרמים,1.00,ליטר,false,,12.90,12.9000,true,1,6083
7290018471449,false,ספרינג שייק בננה תמר תפוז קרטונית 1 ליטר,"יפאורה תבורי בע""מ",IL,ספרינג שייק בננה תמר,קילוגרמים,1.00,ליטר,false,,11.90,11.9000,true,1,6084
7290018471463,false,תפוזינה נקטר תפוז מנגו קרטונית 1 ליטר,"יפאורה תבורי בע""מ",IL,נקטר תפוזינה ENJOY,קילוגרמים,1.00,ליטר,false,,6.90,6.9000,true,1,6086
7290018471470,false,תפוזינה נקטר תפוז פסיפלורה קרטונית 1 ליטר,"יפאורה תבורי בע""מ",IL,נקטר תפוזינה ENJOY,קילוגרמים,1.00,ליטר,false,,6.90,6.9000,true,1,6087
7290018471487,false,תפוזינה נקטר תפוז אננס קרטונית 1 ליטר,"יפאורה תבורי בע""מ",IL,נקטר תפוזינה ENJOY,קילוגרמים,1.00,ליטר,false,,6.90,6.9000,true,1,6088
7290018471494,false,תפוזינה משקה תפוז גזר קרטונית 1 ליטר,"יפאורה תבורי בע""מ",IL,נקטר תפוזינה ENJOY,קילוגרמים,1.00,ליטר,false,,6.90,6.9000,true,1,6089
7290018471548,false,"רביעיית ספרינג ענבים 250 מ""ל",יפאורה תבורי,IL,מארז ספרינג ענבים 4*,קילוגרמים,1.00,ליטר,false,,10.90,10.9000,true,1,6090
7290018471692,false,ספרינג שייק בננה אננס קוקוס פירות יער קרטונית 1 ליטר,"יפאורה תבורי בע""מ",IL,ספרינג שייק בננה אננ,קילוגרמים,1.00,ליטר,false,,11.90,11.9000,true,1,6096
7290018471906,false,שוופס מוגז פירות לימונדה ורודה 1.5 ליטר פיקדון,"יפאורה תבורי בע""מ",IL,שוופס לימונדה ורודה,קילוגרמים,1.50,ליטר,false,,8.20,5.4667,true,1,6101
7290018471913,false,שוופס מוגז פירות תפוחים 1.5 ל',"יפאורה תבורי בע""מ",IL,שוופס תפוח מוגז 1.5,קילוגרמים,1.50,ליטר,false,,8.20,5.4667,true,1,6102
7290018471920,false,שוופס מוגז פירות ענבים 1.5 ליטר פיקדון,"יפאורה תבורי בע""מ",IL,שוופס ענבים מוגז 1.5,קילוגרמים,1.50,ליטר,false,,8.20,5.4667,true,1,6103
7290018471937,false,שוופס מוגז פירות תות ליים 1.5 ליטר פיקדון,"יפאורה תבורי בע""מ",IL,שוופס פירות תות ליים,קילוגרמים,1.50,ליטר,false,,8.20,5.4667,true,1,6104
7290018471944,false,שוופס מוגז פירות לימונייד 1.5 ליטר פיקדון,"יפאורה תבורי בע""מ",IL,שוופס למונייד מוגז 1,קילוגרמים,1.50,ליטר,false,,8.20,5.4667,true,1,6105
7290018471951,false,שוופס מוגז פירות אשכולית אדומה 1.5 ליטר פיקדון,"יפאורה תבורי בע""מ",IL,שוופס אשכולית אדומה,קילוגרמים,1.50,ליטר,false,,8.20,5.4667,true,1,6106
7290018500231,false,"לחם וויקאנד אנג`ל, 750 גרם",מאפיית אנג'ל,IL,לחם פינוקים וויקאנד,גרמים,750.00,100 גרם,false,,12.90,0.0172,true,1,26278
7290018500361,false,לחם אנג'ל אחיד פרוס 900 גר',מאפיית שלמה א. אנג'ל,IL,לחם אחיד פרוס אנגל 9,גרמים,900.00,100 גרם,false,,8.30,0.0092,true,1,26004
7290018500385,false,חלה רגילה מוגדלת 650גר אנג'ל,מאפיית שלמה א. אנגל,IL,חלה מרובעת אנגל 650,גרמים,650.00,100 גרם,false,,6.50,0.0100,true,1,26064
7290018500392,false,חלה קלועה מוגדלת 650גר אנג'ל,מאפיית שלמה א. אנגל,IL,חלה קלועה אנגל 650 ג,גרמים,650.00,100 גרם,false,,6.50,0.0100,true,1,26065
7290018500477,false,לחם אחיד פרוס אחדות,מאפית אנגל,IL,לחם אחיד פרוס אחדות,גרמים,900.00,100 גרם,false,,7.40,0.0082,true,1,26985
7290018540329,false,שקית פיתה פיתה בלדי 800 ג' אנג'ל,מאפיית שלמה א. אנג'ל,IL,פיתות אנגל בלדי 8 יח,גרמים,800.00,100 גרם,false,,10.90,0.0136,true,1,20362
7290018540817,false,ארטיזנל כוסנין-לחם מחמצת 500 גר',מאפיית אורנים,IL,לחם מחמצת כוסמין אנג,גרמים,500.00,100 גרם,false,,19.90,0.0398,true,1,20364
7290018540831,false,לחם מחמצת חיטה מלאה וגרעינים 500 ג' ארטיזנל,מאפיית אורנים,IL,לחם מחמצת חיטה מלאה,גרמים,500.00,100 גרם,false,,18.90,0.0378,true,1,20366
7290018556443,false,ארק סאלי לימונענע 75,,IL,ארק סאלי לימונענע 75,מיליליטרים,750.00,"100 מ""ל",false,,29.90,0.0399,true,1,1344
7290018556696,false,ארק סאלי לימונים 750,,IL,ארק סאלי לימונים 750,מיליליטרים,750.00,"100 מ""ל",false,,29.90,0.0399,true,1,1345
7290018571064,false,טופי מקלונים מיה 450,מיה תעשיות מזון בעמ,IL,טופי מקלונים מיה 450,גרמים,450.00,100 גרם,false,,15.90,0.0353,true,1,7397
7290018571071,false,פספסים טופי מיה 450,מיה תעשיות מזון בעמ,IL,טופי פספסים מיה 450,גרמים,450.00,100 גרם,false,,15.90,0.0353,true,1,7398
7290018571088,false,טופי חמוצמוץ 600 גרם.,מיה תעשיות מזון בעמ,IL,טופי חמוצמוץ מיה 600,גרמים,600.00,100 גרם,false,,15.90,0.0265,true,1,7399
7290018571163,false,ציפוי לשניצל עשבי תי,מיה תעשיות מזון בעמ,IL,ציפוי לשניצל עשבי תי,גרמים,600.00,100 גרם,false,,9.90,0.0165,true,1,7401
7290018571170,false,ציפוי לשניצל שום מיה,מיה תעשיות מזון בעמ,IL,ציפוי לשניצל שום מיה,גרמים,600.00,100 גרם,false,,9.90,0.0165,true,1,7402
7290018571187,false,ציפוי לשניצל פיקנטי,מיה תעשיות מזון בעמ,IL,ציפוי לשניצל פיקנטי,גרמים,600.00,100 גרם,false,,9.90,0.0165,true,1,7403
7290018571194,false,ציפוי לשניצל בתיבול,מיה תעשיות מזון בעמ,IL,ציפוי לשניצל בתיבול,גרמים,600.00,100 גרם,false,,9.90,0.0165,true,1,7404
7290018571200,false,פירורי לחם מוזהב מיה,מיה תעשיות מזון בעמ,IL,פירורי לחם מוזהב מיה,גרמים,700.00,100 גרם,false,,7.90,0.0113,true,1,7405
7290018571422,false,מיה-לקקנים מולטיקולור מיקס 65 יחידות,מיה תעשיות מזון בעמ,IL,לקקנים מיקס צבעוני מ,גרמים,715.00,100 גרם,false,,16.90,0.0236,true,1,7410
7290018571439,false,אורז מלא אינדירה 1.4,מיה תעשיות מזון בעמ,IL,אורז מלא אינדירה 1.4,פריט,1.40,"ק""ג",false,,9.90,7.0714,true,1,7411
7290018571446,false,אורז ריזוטו אינדירה,מיה תעשיות מזון בעמ,IL,אורז ריזוטו אינדירה,פריט,1.40,"ק""ג",false,,9.90,7.0714,true,1,7412
7290018571460,false,קורנפלור מיה 800 גרם,מיה תעשיות מזון בעמ,IL,קורנפלור מיה 800 גרם,גרמים,800.00,100 גרם,false,,5.90,0.0074,true,1,7413
7290018571477,false,נטיפים לאפייה מיה 75,מיה תעשיות מזון בעמ,IL,נטיפים לאפייה מיה 75,גרמים,750.00,100 גרם,false,,14.90,0.0199,true,1,7414
7290018571491,false,ריבת חלב אמיתי אמיתית בצנצנת 340 גרם,מיה תעשיות מזון בעמ,IL,ריבת חלב אמיתי מיה 3,גרמים,340.00,100 גרם,false,,12.90,0.0379,true,1,7416
7290018571576,false,סילאן טבעי לחיץ מיה,אל ברקן דאטס,AE,סילאן טבעי לחיץ מיה,פריט,1.15,"ק""ג",false,,24.90,21.6522,true,1,7417
7290018571606,false,תערובת תיבול ראס אל חנות 70גר,מיה תעשיות מזון בעמ,IL,ראס אל חנות מיה 70 ג,גרמים,70.00,100 גרם,false,,7.90,0.1129,true,1,7419
7290018571699,false,קמח שקדים מיה 250 גר,מיה תעשיות מזון בעמ,IL,קמח שקדים מיה 250 גר,גרמים,250.00,100 גרם,false,,22.90,0.0916,true,1,7421
7290018571798,false,סוכריות גלי שמחות 2,מיה תעשיות מזון בעמ,IL,סוכריות גלי שמחות 2,גרמים,540.00,100 גרם,false,,18.50,0.0343,true,1,26587
7290018571804,false,ג'לי מטבעות מיה 225,מיה תעשיות מזון בעמ,IL,ג'לי מטבעות מיה 225,גרמים,225.00,100 גרם,false,,9.90,0.0440,true,1,26588
7290018652039,false,לה קרמריה קרמל מלוח ונוגט בדצ 1.4 ליטר,גלידות נסטלה,IL,גלידה לה קרמריה מלוח,קילוגרמים,1.40,ליטר,false,,17.50,12.5000,true,1,8443
7290018652657,false,שלגוני לייט נסטלה מנ,גלידות נסטלה,IL,שלגוני לייט נסטלה מנ,גרמים,312.00,100 גרם,false,,22.90,0.0734,true,1,26012
7290018652671,false,גלידה קרמריה שוקולד ווניל 1.4 ליטר,נסטלה,IL,גלידה לה קרמריה בטעמ,קילוגרמים,1.40,ליטר,false,,17.50,12.5000,true,1,25828
7290018652886,false,מאגדת מצופים שוקו בננה 8 יח-476 ג',גלידות נסטלה,IL,שלגוני נסטלה שוקו בנ,גרמים,440.00,100 גרם,false,,22.90,0.0520,true,1,26013
7290018652909,false,מאגדת מאגנום קפה שוקולד ופקאן 5 *43 ג' נסטלה,גלידות נסטלה,IL,שלגונים בטעם אייס קפ,גרמים,215.00,100 גרם,false,,22.90,0.1065,true,1,26014
7290018795460,false,תרד טורקי,מרינה,IL,תרד טורקי,Unknown,0.00,יחידה,false,,10.90,0.0000,true,1,22292
7290018795842,false,שיני שום קלופות 500 גר',מרינה,IL,שום קלוף מרינה 500 ג,גרמים,500.00,100 גרם,false,,16.90,0.0338,true,1,26219
7290018860724,false,מקלוני אורז עבות ללא,סא ג'אנג אוספורט,VN,מקלוני אורז עבות ללא,גרמים,454.00,100 גרם,false,,9.90,0.0218,true,1,20761
7290018878002,false,אגו מיקס קרקר מצופה שוקולד חלב 55ג*24בקרט,כרמית,IL,אגו מיקס קרקר מצופה,גרמים,55.00,100 גרם,false,,3.90,0.0709,true,1,26768
7290018878088,false,שלשות שוקולד ללס מריר ב.יוסף 85ג*3*18בקרט,כרמית,IL,"שוקולד אגו מריר ללת""",גרמים,255.00,100 גרם,false,,14.90,0.0584,true,1,25873
7290018878095,false,שלישיית שוקולד חלב ללא סוכר 85 גרם,כרמית,IL,"שוקולד אגו חלב ללת""ס",גרמים,255.00,100 גרם,false,,14.90,0.0584,true,1,25874
7290018878125,false,שלישיית שוקולד לבן ללא סוכר 85 גרם,כרמית,IL,"שוקולד אגו לבן ללת""ס",גרמים,255.00,100 גרם,false,,14.90,0.0584,true,1,25875
7290018878798,false,"מטבעות צבעוני שוקולד חלב, 36 גרם",כרמית,IL,מטבעות שוקולד חלב צב,גרמים,36.00,100 גרם,false,,3.90,0.1083,true,1,28066
7290018879825,false,מטבעות שוקולד לבן 36 גרם,כרמית,IL,מטבעות שוקולד לבן כר,גרמים,36.00,100 גרם,false,,3.90,0.1083,true,1,28067
7290018886304,false,פת דגנים סגנון שוודי,סונקו,PL,פת דגנים בסגנון שווד,גרמים,340.00,100 גרם,false,,9.90,0.0291,true,1,26228
7290018886328,false,פת דגנים שיפון מאפים,סונקו,PL,פת דגנים שיפון מאפים,גרמים,340.00,100 גרם,false,,9.90,0.0291,true,1,26229
7290018886342,false,פת דגנים 7 דגנים 340,סונקו,PL,פת 7 דגנים מאפים 340,גרמים,340.00,100 גרם,false,,9.90,0.0291,true,1,26230
7290018886991,false,שמן קנולה אלומות 1 ל,סקנולה,EE,שמן קנולה אלומות 1 ל,קילוגרמים,1.00,ליטר,false,,8.90,8.9000,true,1,25089
7290018893005,false,"חטיפי בייגלה אפוי בטעם חרדל ודבש, 160 גרם",צ'וקטה Chocketa,RO,חטיף בייגלה אפוי בטע,גרמים,160.00,100 גרם,false,,6.50,0.0406,true,1,26786
7290018893036,false,עוגיות סנדוויץ' בטעם שוקולד ממולאות קרם בטעם וניל,צ'וקטה Chocketa,ES,עוגיות סנדוויץ' בטעם,גרמים,176.00,100 גרם,false,,3.90,0.0222,true,1,26790
7290018893265,false,צ'וקטה עוגות אישיות מריר במילוי קרם 240 ג',פרדי קונדיטוריה אס פ,IT,מארז עוגה אישית מריר,גרמים,240.00,100 גרם,false,,7.90,0.0329,true,1,13002
7290018893326,false,ממרח אגוזי לוז צ'וקט,נאטרא,BE,ממרח אגוזי לוז צ'וקט,גרמים,900.00,100 גרם,false,,19.90,0.0221,true,1,13003
7290018893333,false,צ'וקטה קרקרים במליחות מעודנת 500 גרם,סטרופוופל,PT,קרקרים במליחות מעודנ,גרמים,500.00,100 גרם,false,,9.90,0.0198,true,1,27128
7290018893401,false,שוקולד מריר פרימיום 70% 100 גרם צ'וקטה איגוד רבנים,צ'וקטה Chocketa,ES,שוקולד צ'וקטה מריר 7,גרמים,100.00,100 גרם,false,,6.90,0.0690,true,1,13004
7290018893531,false,צ'וקטה קרקרים מלוחים 500 גרם,סטרופוופל,PT,קרקרים מלוחים סלטי צ,גרמים,500.00,100 גרם,false,,9.90,0.0198,true,1,27129
7290018893609,false,שוקולד מריר פרימיום 85% 100 גרם איגוד רבנים,צ'וקטה Chocketa,ES,שוקולד צ'וקטה מריר 8,גרמים,100.00,100 גרם,false,,6.90,0.0690,true,1,13005
7290018893616,false,שוקולד מריר 48% 6 יח' *100 ג' צ'וקטה,צוקטה,ES,שוקולד צ'וקטה מריר 4,גרמים,600.00,100 גרם,false,,19.90,0.0332,true,1,27850
7290018893654,false,חטיפי בייגלה דקיקים ופריכים מלח צ'וקטה 200 ג',צ'וקטה Chocketa,RO,חטיף בייגלה אפוי בתו,גרמים,200.00,100 גרם,false,,6.50,0.0325,true,1,26787
7290018893746,false,בייגלה עגבניות ועשבי תיבול 180 גר,SC ALKA TRADING CO S,RO,חטיף בייגלה אפוי בטע,גרמים,180.00,100 גרם,false,,6.50,0.0361,true,1,26788
7290018893852,false,חטיפי בייגלה דקיקים ופריכים שומשום צ'וקטה 200 ג',צ'וקטה Chocketa,RO,חטיף בייגלה אפוי בתו,גרמים,200.00,100 גרם,false,,6.50,0.0325,true,1,26789
7290018893876,false,עוגות אישיות רכות עם מילוי קרם בטעם וניל,פרדי קונדיטוריה אס פ,IT,מארז עוגה אישית וניל,גרמים,200.00,100 גרם,false,,7.90,0.0395,true,1,13007
7290018904404,false,שערות קדאיף מזאווי 4,ממתקי מזאוי,IL,שערות קדאיף מזאווי 4,גרמים,450.00,100 גרם,false,,13.90,0.0309,true,1,28037
7290018925065,false,פרימור מיץ תפוזים סחוט 2 ליטר,פרימור,IL,מיץ תפוזים פרימור 2,קילוגרמים,2.00,ליטר,false,,24.90,12.4500,true,1,12174
7290018925089,false,פרימור מיץ תפוח עץ צלול 2 ליטר,גניר,IL,מיץ תפוחים פרימור סח,קילוגרמים,2.00,ליטר,false,,24.90,12.4500,true,1,12175
7290018928202,false,תערובת איטלקית לאפיי,DFS,IT,תערובת איטלקית לאפיי,גרמים,500.00,100 גרם,false,,14.90,0.0298,true,1,28358
7290018978245,false,דגני בוקר קראנץ בטעם,נטורל קייקס,IL,דגני בוקר קראנץ בטעם,גרמים,686.00,100 גרם,false,,19.90,0.0290,true,1,27863
7290018978269,false,דגני בוקר קראנץ בטעם,נטורל קייקס,IL,דגני בוקר קראנץ בטעם,גרמים,686.00,100 גרם,false,,19.90,0.0290,true,1,27865
7290018978276,false,דגני בוקר קראנץ בטעם,נטורל קייקס,IL,דגני בוקר קראנץ בטעם,גרמים,686.00,100 גרם,false,,19.90,0.0290,true,1,27861
7290018989074,false,חומוס ארבעס במלח פלפל פרי מבורך 550 גר',זנלכל,IL,חומוס במלח ופלפל ארב,גרמים,550.00,100 גרם,false,,9.90,0.0180,true,1,4769
7290018989098,false,חומוס ברוטב פיקנטי פיקנטס פרי מבורך 550 גר',זנלכל,IL,חומוס ברוטב פיקנטי פ,גרמים,550.00,100 גרם,false,,9.90,0.0180,true,1,4770
7290018989128,false,סירופ בטעם ענבים יכין 1 ליטר,זנלכל,IL,סירופ יכין בטעם ענבי,קילוגרמים,1.00,ליטר,false,,18.90,18.9000,true,1,25643
7290018989135,false,סירופ בטעם פטל יכין 1 ליטר,זנלכל,IL,סירופ יכין בטעם פטל,קילוגרמים,1.00,ליטר,false,,18.90,18.9000,true,1,25644
7290019031055,false,"סוכר לבן אלומות 1 ק""",,,"סוכר לבן אלומות 1 ק""",פריט,1.00,"ק""ג",false,,4.50,4.5000,true,1,27755
7290019031727,false,מטליות לחות לניקוי כ,וינדה פרופשיונל,IL,מטליות לחות לניקוי כ,Unknown,0.00,יחידה,false,,19.90,0.0000,true,1,28163
7290019035053,false,מלון ירוק קוביות קפוא 500 ג' פילד גוד,א.מ שרון,EG,מלון ירוק קפוא פילד,גרמים,500.00,100 גרם,false,,6.90,0.0138,true,1,20526
7290019035060,false,חצאי משמש קפוא פילד,א.מ שרון,PL,חצאי משמש קפוא פילד,גרמים,500.00,100 גרם,false,,6.90,0.0138,true,1,20527
7290019035220,false,תערובת פירות יער קפוא 600ג' פילד גוד,קונגלדוס אקיואטוריאנ,EC,מיקס פירות יער קפוא,גרמים,600.00,100 גרם,false,,19.90,0.0332,true,1,25341
7290019035244,false,מיקס פירות בננה פסיפ,קונגלדוס אקיואטוריאנ,EC,מיקס פירות בננה פסיפ,גרמים,600.00,100 גרם,false,,19.90,0.0332,true,1,25342
7290019035251,false,מיקס פירות אננס בננה,קונגלדוס אקיואטוריאנ,EC,מיקס פירות אננס בננה,גרמים,600.00,100 גרם,false,,19.90,0.0332,true,1,25343
7290019035329,false,מיקס פירות תות קפוא 600 ג' פילד גוד,קונגלדוס אקיואטוריאנ,EC,מיקס פירות תות שדה מ,גרמים,600.00,100 גרם,false,,19.90,0.0332,true,1,25344
7290019036036,false,פולי סויה פילד גוד 1,יגטאי פנג'ואן,CN,פולי סויה פילד גוד 1,פריט,1.00,"ק""ג",false,,11.90,11.9000,true,1,28311
7290019056027,false,שוופס מוגז פירות תפוחים ללא סוכר 1.5 ליטר פיקדון,"יפאורה תבורי בע""מ",IL,שוופס תפוח ללא סוכר,קילוגרמים,1.50,ליטר,false,,8.20,5.4667,true,1,6110
7290019056034,false,שוופס מוגז פירות אננס ללא סוכר 1.5 ליטר פיקדון,"יפאורה תבורי בע""מ",IL,שוופס אננס ללא סוכר,קילוגרמים,1.50,ליטר,false,,8.20,5.4667,true,1,6111
7290019056041,false,שוופס מוגז פירות לימונייד ללא סוכר 1.5 ליטר פיקדון,"יפאורה תבורי בע""מ",IL,שוופס פירות לימונייד,קילוגרמים,1.50,ליטר,false,,8.20,5.4667,true,1,6112
7290019056058,false,שוופס מוגז עדין תפוח ליים 1.5 ליטר פיקדון,"יפאורה תבורי בע""מ",IL,שוופס מוגז עדין תפוח,קילוגרמים,1.50,ליטר,false,,8.50,5.6667,true,1,6113
7290019056065,false,שוופס מוגז עדין פירות יער 1.5 ליטר פיקדון,"יפאורה תבורי בע""מ",IL,שוופס מוגז עדין פירו,קילוגרמים,1.50,ליטר,false,,8.50,5.6667,true,1,6114
7290019056072,false,שוופס מוגז עדין אננס 1.5 ליטר פיקדון,"יפאורה תבורי בע""מ",IL,שוופס מוגז עדין אננס,קילוגרמים,1.50,ליטר,false,,8.50,5.6667,true,1,6115
7290019056089,false,שוופס מוגז עדין ענבי ריזלינג 1.5 ליטר פיקדון,"יפאורה תבורי בע""מ",IL,שוופס מוגז עדין ריזל,קילוגרמים,1.50,ליטר,false,,8.50,5.6667,true,1,6116
7290019056096,false,שוופס מוגז עדין אפרסק 1.5 ליטר פיקדון,"יפאורה תבורי בע""מ",IL,שוופס מוגז עדין אפרס,קילוגרמים,1.50,ליטר,false,,8.50,5.6667,true,1,6117
7290019056164,false,שוופס סודה 1.5 ליטר רביעייה פיקדון,"יפאורה תבורי בע""מ",IL,מארז שוופס סודה 4* 1,קילוגרמים,6.00,ליטר,false,,9.90,1.6500,true,1,6120
7290019056171,false,שוופס סודה לימון 1.5 ליטר רביעייה פיקדון,"יפאורה תבורי בע""מ",IL,מארז שוופס סודה לימו,קילוגרמים,6.00,ליטר,false,,9.90,1.6500,true,1,6121
7290019056188,false,שוופס סודה נענע ליים 1.5 ליטר רביעייה פיקדון,"יפאורה תבורי בע""מ",IL,מארז שוופס סודה נענע,קילוגרמים,6.00,ליטר,false,,9.90,1.6500,true,1,6122
7290019056201,false,שוופס סודה פירות יער 1.5 ליטר רביעייה פיקדון,"יפאורה תבורי בע""מ",IL,מארז שוופס סודה פירו,קילוגרמים,6.00,ליטר,false,,9.90,1.6500,true,1,6124
7290019056232,false,משקה מוגז בטעם ליים מוחיטו 1.5 ל' שוופס,"יפאורה תבורי בע""מ",IL,שוופס מוחיטו ליים נע,קילוגרמים,1.50,ליטר,false,,8.90,5.9333,true,1,6125
7290019056249,false,שוופס מים בטעמים ענבים 1.5 ליטר פיקדון,"יפאורה תבורי בע""מ",IL,שוופס מים בטעם ענבים,קילוגרמים,1.50,ליטר,false,,7.80,5.2000,true,1,6126
7290019056256,false,שוופס מים בטעמים תפוחים 1.5 ליטר פיקדון,"יפאורה תבורי בע""מ",IL,שוופס מים בטעם תפוח,קילוגרמים,1.50,ליטר,false,,7.80,5.2000,true,1,6127
7290019056263,false,שוופס מים בטעמים אפרסק 1.5 ליטר פיקדון,"יפאורה תבורי בע""מ",IL,שוופס מים בטעם אפרסק,קילוגרמים,1.50,ליטר,false,,7.80,5.2000,true,1,6128
7290019056270,false,שוופס מים בטעמים פירות יער 1.5 ליטר פיקדון,"יפאורה תבורי בע""מ",IL,שוופס מים בטעם פירות,קילוגרמים,1.50,ליטר,false,,7.80,5.2000,true,1,6129
7290019056300,false,משקה בטעם ביטר לימון 1.5 ל' שוויפס,"יפאורה תבורי בע""מ",IL,שוופס ביטר 1.5 ליטר,קילוגרמים,1.50,ליטר,false,,11.90,7.9333,true,1,6131
7290019056317,false,שוופס ראשן 1.5 ליטר פיקדון,"יפאורה תבורי בע""מ",IL,שוופס ראשן 1.5 ליטר,קילוגרמים,1.50,ליטר,false,,11.90,7.9333,true,1,6132
7290019056324,false,שוופס טוניק 1.5 ליטר פיקדון,"יפאורה תבורי בע""מ",IL,שוופס טוניק 1.5 ליטר,קילוגרמים,1.50,ליטר,false,,11.90,7.9333,true,1,6133
7290019056331,false,שוופס טוניק ללא סוכר 1.5 ליטר פיקדון,"יפאורה תבורי בע""מ",IL,שוופס טוניק ללא סוכר,קילוגרמים,1.50,ליטר,false,,11.90,7.9333,true,1,6134
7290019056355,false,משקה בטעם לימונענע עם חתיכות פרי,"יפאורה תבורי בע""מ",IL,תפוזינה לימונענע 1.5,קילוגרמים,1.50,ליטר,false,,7.90,5.2667,true,1,6135
7290019056362,false,תפוזינה ענבים 1.5 ליטר פיקדון,"יפאורה תבורי בע""מ",IL,תפוזינה ענבים 1.5 לי,קילוגרמים,1.50,ליטר,false,,7.90,5.2667,true,1,6136
7290019056379,false,תפוזינה תפוזים 1.5 ליטר פיקדון,"יפאורה תבורי בע""מ",IL,תפוזינה תפוזים 1.5 ל,קילוגרמים,1.50,ליטר,false,,7.90,5.2667,true,1,6137
7290019056386,false,פתוזינה אשכולית 1.5 ליטר פיקדון,"יפאורה תבורי בע""מ",IL,תפוזינה אשכוליות 1.5,קילוגרמים,1.50,ליטר,false,,7.90,5.2667,true,1,6138
7290019056393,false,תפוזינה תות בננה 1.5 ליטר פיקדון,"יפאורה תבורי בע""מ",IL,תפוזינה תות בננה 1.5,קילוגרמים,1.50,ליטר,false,,7.90,5.2667,true,1,6139
7290019056409,false,תפוזינה מנגו 1.5 ליטר פיקדון,"יפאורה תבורי בע""מ",IL,תפוזינה מנגו 1.5 ליט,קילוגרמים,1.50,ליטר,false,,7.90,5.2667,true,1,6140
7290019056416,false,מיץ בטעם לימונדה ורודה 1.5 ל' תפוזינה,"יפאורה תבורי בע""מ",IL,תפוזינה לימונדה ורוד,קילוגרמים,1.50,ליטר,false,,7.90,5.2667,true,1,6141
7290019056423,false,מיץ בטעם תפוח רענן 1.5ל' תפוזינה,"יפאורה תבורי בע""מ",IL,תפוזינה תפוחים 1.5 ל,קילוגרמים,1.50,ליטר,false,,7.90,5.2667,true,1,6142
7290019056430,false,תפוזינה תפוזים לייט 1.5 ליטר פיקדון,"יפאורה תבורי בע""מ",IL,תפוזינה תפוזים לייט,קילוגרמים,1.50,ליטר,false,,7.90,5.2667,true,1,6143
7290019056461,false,מארז משקה בטעם קולה שישייה * 1.5 ל' אר.סי,"יפאורה תבורי בע""מ",IL,מארז אר.סי קולה 6 *1,קילוגרמים,9.00,ליטר,false,,37.90,4.2111,true,1,6146
7290019056478,false,ספרינג טי קר אפרסק 1.5ליטר פיקדון,"יפאורה תבורי בע""מ",IL,ספרינג תה אפרסק 1.5,קילוגרמים,1.50,ליטר,false,,7.20,4.8000,true,1,6147
7290019056485,false,ספריג תה ירוק לימון לואיזה 1.5 ליטר פיקדון,"יפאורה תבורי בע""מ",IL,ספרינג תה ירוק לימון,קילוגרמים,1.50,ליטר,false,,7.20,4.8000,true,1,6148
7290019056492,false,ספרינג תה מנגו אפרסק 1.5 ליטר פיקדון,"יפאורה תבורי בע""מ",IL,ספרינג תה מנגו אפרסק,קילוגרמים,1.50,ליטר,false,,7.20,4.8000,true,1,6149
7290019056508,false,פרוט ווטר ענבים 1.5 ליטר פיקדון,"יפאורה תבורי בע""מ",IL,פרוט ווטר בטעם ענבים,קילוגרמים,1.50,ליטר,false,,8.90,5.9333,true,1,6150
7290019056515,false,פרוט ווטר אננס 1.5 ליטר פיקדון,"יפאורה תבורי בע""מ",IL,פרוט ווטר בטעם אננס,קילוגרמים,1.50,ליטר,false,,8.90,5.9333,true,1,6151
7290019056522,false,פרוט ווטר תות 1.5 ליטר פיקדון,"יפאורה תבורי בע""מ",IL,פרוט ווטר בטעם תות 1,קילוגרמים,1.50,ליטר,false,,8.90,5.9333,true,1,6152
7290019056539,false,פרוט ווטר אפרסק 1.5 ליטר פיקדון,"יפאורה תבורי בע""מ",IL,פרוט ווטר בטעם אפרסק,קילוגרמים,1.50,ליטר,false,,8.90,5.9333,true,1,6153
7290019056546,false,פרוט ווטר אבטיח 1.5 ליטר פיקדון,"יפאורה תבורי בע""מ",IL,פרוט ווטר בטעם אבטיח,קילוגרמים,1.50,ליטר,false,,8.90,5.9333,true,1,6154
7290019056553,false,עין גדי מים מינרלים 2 ליטר*6 יח',עין גדי מים מינרליים,IL,מים עין גדי 6*2 ליטר,קילוגרמים,12.00,ליטר,false,,12.90,1.0750,true,1,6155
7290019056560,false,עין גדי 2 ליטר בק' בודד פיקדון,יפאורה תבורי,IL,מים עין גדי 1.5 ליטר,קילוגרמים,1.50,ליטר,false,,2.90,1.9333,true,1,6156
7290019056577,false,ספרינג מנגו 1.5 ליטר פיקדון,"יפאורה תבורי בע""מ",IL,ספרינג מנגו 1.5 ליטר,קילוגרמים,1.50,ליטר,false,,7.90,5.2667,true,1,6157
7290019056584,false,ספרינג תפוזים 1.5 ליטר פיקדון,"יפאורה תבורי בע""מ",IL,ספרינג תפוזים 1.5 לי,קילוגרמים,1.50,ליטר,false,,7.90,5.2667,true,1,6158
7290019056591,false,ספרינג ענבים 1.5 ליטר פיקדון,"יפאורה תבורי בע""מ",IL,ספרינג ענבים 1.5 ליט,קילוגרמים,1.50,ליטר,false,,7.90,5.2667,true,1,6159
7290019056607,false,ספרינג תפוחים 1.5 ליטר פיקדון,"יפאורה תבורי בע""מ",IL,ספרינג מיץ תפוחים 1.,קילוגרמים,1.50,ליטר,false,,7.90,5.2667,true,1,6160
7290019056614,false,ספרינג אפרסק 1.5 ליטר פיקדון,"יפאורה תבורי בע""מ",IL,ספרינג אפרסק 1.5 ליט,קילוגרמים,1.50,ליטר,false,,7.90,5.2667,true,1,6161
7290019056621,false,ספרינג פירות טרופיים 1.5 ליטר פיקדון,"יפאורה תבורי בע""מ",IL,ספרינג פירות טרופיים,קילוגרמים,1.50,ליטר,false,,7.90,5.2667,true,1,6162
7290019056638,false,ספרינג תות בננה 1.5 ליטר פיקדון,"יפאורה תבורי בע""מ",IL,ספרינג תות-בננה 1.5,קילוגרמים,1.50,ליטר,false,,7.90,5.2667,true,1,6163
7290019056645,false,ספרחנג אגס תפוח סברס 1.5 ליטר פיקדון,"יפאורה תבורי בע""מ",IL,ספרינג אגס סברס תפוח,קילוגרמים,1.50,ליטר,false,,7.90,5.2667,true,1,6164
7290019056652,false,ספרינג אננס בננה 1.5 ליטר פיקדון,"יפאורה תבורי בע""מ",IL,ספרינג אננס בננה 1.5,קילוגרמים,1.50,ליטר,false,,7.90,5.2667,true,1,6165
7290019056669,false,ספרינג תפוחים גיאט 1.5 ליטר פיקדון,"יפאורה תבורי בע""מ",IL,ספרינג תפוחים לייט 1,קילוגרמים,1.50,ליטר,false,,7.90,5.2667,true,1,6166
7290019056676,false,מיץ דיאט בטעם אשכוליות ואננס 1.5ל' ספרינג,"יפאורה תבורי בע""מ",IL,ספרינג אשכוליות אננס,קילוגרמים,1.50,ליטר,false,,7.90,5.2667,true,1,6167
7290019056720,false,קריסטל מיץ ענבים 2 ליטר פיקדון,יפאורה תבורי,IL,קריסטל ענבים 2 ליטר,קילוגרמים,2.00,ליטר,false,,6.90,3.4500,true,1,6171
7290019056737,false,מיץ בטעם אשכוליות 2 ל' קריסטל,יפאורה תבורי,IL,קריסטל אשכוליות 2 לי,קילוגרמים,2.00,ליטר,false,,6.90,3.4500,true,1,6172
7290019056744,false,קריסטל מיץ תפוזים 2 ליטר פיקדון,יפאורה תבורי,IL,קריסטל תפוזים 2 ליטר,קילוגרמים,2.00,ליטר,false,,6.90,3.4500,true,1,6173
7290019056751,false,קריסטל מיץ אשכוליות דיאט 2 ליטר פיקדון,יפאורה תבורי,IL,קריסטל אשכוליות דיאט,קילוגרמים,2.00,ליטר,false,,6.90,3.4500,true,1,6174
7290019056768,false,קריסטל מיץ מנגו 2 ליטר פיקדון,יפאורה תבורי,IL,קריסטל מנגו 2 ליטר,קילוגרמים,2.00,ליטר,false,,6.90,3.4500,true,1,6175
7290019056775,false,קריסטל מוגז ענבים 2 ליטר פיקדון,יפאורה תבורי,IL,קריסטל ענבים מוגז 2,קילוגרמים,2.00,ליטר,false,,6.90,3.4500,true,1,6176
7290019056782,false,משקה מוגז בטעם לימון ליים 2 ל' קריסטל,יפאורה תבורי,IL,קריסטל למון ליים 2 ל,קילוגרמים,2.00,ליטר,false,,6.90,3.4500,true,1,6177
7290019056799,false,קריסטל מוגז אקזוטי 2 ליטר פיקדון,יפאורה תבורי,IL,קריסטל אקזוטי מוגז 2,קילוגרמים,2.00,ליטר,false,,6.90,3.4500,true,1,6178
7290019056805,false,קריסטל מוגז תפוחים 2 ליטר פיקדון,יפאורה תבורי,IL,קריסטל תפוע מוגז 2 ל,קילוגרמים,2.00,ליטר,false,,6.90,3.4500,true,1,6179
7290019056812,false,קריסטל מוגז מנטה 2 ליטר פיקדון,יפאורה תבורי,IL,קריסטל מנטה 2 ליטר,קילוגרמים,2.00,ליטר,false,,6.90,3.4500,true,1,6180
7290019056836,false,קריסטל מוגז תות 2 ליטר פיקדון,יפאורה תבורי,IL,קריסטל תות מוגז 2 לי,קילוגרמים,2.00,ליטר,false,,6.90,3.4500,true,1,6181
7290019056850,false,ספרינג תה אפרסק דיאט 1.5 ליטר פיקדון,"יפאורה תבורי בע""מ",IL,ספרינג תה דיאט אפרסק,קילוגרמים,1.50,ליטר,false,,7.20,4.8000,true,1,6182
7290019056959,false,מי עדן 1.5 ליטר בק' בודד פיקדון,מופק ממקור בזלתי עדן,IL,מים מי עדן 1.5 ליטר,קילוגרמים,1.50,ליטר,false,,2.90,1.9333,true,1,6183
7290019056973,false,מי עדן 1.5 ליטר שישייה פיקדון,מופק ממקור בזלתי עדן,IL,מים מי עדן 6*1.5 ליט,קילוגרמים,9.00,ליטר,false,,12.90,1.4333,true,1,6184
7290019074359,false,תחליב רחצה עדין שמן,פישר מעבדות פרמצבטיו,IL,תחליב רחצה עדין שמן,מיליליטרים,700.00,"100 מ""ל",false,,14.90,0.0213,true,1,28518
7290019074557,false,"תחליב רחצה שמן כותנה משאבה 700 מ""ל ד""ר פישר",פישר מעבדות פרמצבטיו,IL,תחליב רחצה עדין שמן,מיליליטרים,700.00,"100 מ""ל",false,,14.90,0.0213,true,1,28516
7290019074755,false,"תחליב רחצה שמן שקדים משאבה 700 מ""ל ד""ר פישר",פישר מעבדות פרמצבטיו,IL,תחליב רחצה עדין שמן,מיליליטרים,700.00,"100 מ""ל",false,,14.90,0.0213,true,1,28517
7290019075400,false,תחליב רחצה עדין שיבו,פישר מעבדות פרמצבטיו,IL,תחליב רחצה עדין שיבו,מיליליטרים,700.00,"100 מ""ל",false,,14.90,0.0213,true,1,28519
7290019075608,false,תחליב רחצה אפקטיב קר,פישר מעבדות פרמצבטיו,IL,תחליב רחצה עדין תה י,מיליליטרים,700.00,"100 מ""ל",false,,14.90,0.0213,true,1,28520
7290019094203,false,חסה אייסברג 300 גר' הרב אפרתי,רביבים,IL,חסה אייסברג 300 גרם,גרמים,300.00,100 גרם,false,,9.90,0.0330,true,1,20197
7290019094210,false,כרוב לבן 400 גר' הרב אפרתי,רביבים,IL,כרוב לבן 400 גרם,גרמים,400.00,100 גרם,false,,9.90,0.0248,true,1,20198
7290019094227,false,כרוב אדום 400 גר' הרב אפרתי,רביבים,IL,כרוב אדום 400 גרם,גרמים,400.00,100 גרם,false,,9.90,0.0248,true,1,20199
7290019094234,false,קולסלאו 400 גר' הרב אפרתי,רביבים,IL,קולסלאו 400 גרם,גרמים,300.00,100 גרם,false,,11.90,0.0397,true,1,20200
7290019094241,false,לקט קלאסי 350 גר' הרב אפרתי,רביבים,IL,לקט 350 גרם,גרמים,350.00,100 גרם,false,,9.90,0.0283,true,1,20201
7290019094258,false,סלט המושבה 400 גר' הרב אפרתי,רביבים,IL,סלט המושבה 400 גרם,גרמים,400.00,100 גרם,false,,12.90,0.0323,true,1,20202
7290019094272,false,"כרוב לבן קצוץ 1 ק""ג",רביבים,IL,"כרוב לבן 1 ק""ג",פריט,1.00,"ק""ג",false,,14.90,14.9000,true,1,20203
7290019094289,false,"כרוב אדום קצוץ 1 ק""ג",רביבים,IL,"כרוב אדום 1 ק""ג",פריט,1.00,"ק""ג",false,,14.90,14.9000,true,1,20204
7290019094296,false,"קולסלאו 1 ק""ג",רביבים,IL,"קולסלאו 1 ק""ג",פריט,1.00,"ק""ג",false,,14.90,14.9000,true,1,20205
7290019094302,false,עלי חסה שטופים 200 גר' הרב אפרתי,רביבים,IL,עלי חסה שטופים,Unknown,0.00,יחידה,false,,9.90,0.0000,true,1,20206
7290019145264,false,"ארק סאלי 700 מ""ל",,IL,"ארק סאלי 700 מ""ל",מיליליטרים,700.00,"100 מ""ל",false,,39.90,0.0570,true,1,1350
7290019153023,false,מארז קולה ללא סוכר רביעייה *1.5 ל' אר.סי,יפאורה תבורי,IL,אר סי קולה ללא סוכר,קילוגרמים,6.00,ליטר,false,,24.90,4.1500,true,1,6185
7290019153078,false,"שוופס ביטר למון לייט, 1.5 ליטר פקדון","יפאורה תבורי בע""מ",IL,שוופס ביטר למון לייט,קילוגרמים,1.50,ליטר,false,,11.90,7.9333,true,1,6186
7290019153085,false,"שוופס ללא סוכר מוחיטו, 1.5 ליטר פקדון","יפאורה תבורי בע""מ",IL,שוופס מוחיטו מוגז לל,קילוגרמים,1.50,ליטר,false,,8.20,5.4667,true,1,6187
7290019153252,false,שוופס סודה תפוח 1.5 ליטר רביעייה פיקדון,"יפאורה תבורי בע""מ",IL,מארז שוופס סודה תפוח,קילוגרמים,6.00,ליטר,false,,9.90,1.6500,true,1,25356
7290019153269,false,שוופס סודה אננס 1.5 ליטר רביעייה פיקדון,"יפאורה תבורי בע""מ",IL,מארז שוופס סודה אננס,קילוגרמים,6.00,ליטר,false,,9.90,1.6500,true,1,25357
7290019153535,false,"רביעייה שוופס מוגז פירות למונייד ללא סוכר 330 ש""ח",יפאורה תבורי,IL,מארז שוופס מוגז פירו,קילוגרמים,1.32,ליטר,false,,11.90,9.0152,true,1,26464
7290019230007,false,חלה קמח כוסמין ספיישל בייקרי,ספיישל בייקרי,IL,חלה כוסמין 500 גרם,גרמים,500.00,100 גרם,false,,15.90,0.0318,true,1,20598
7290019230021,false,חלה גדולה ספיישל ביקרי,ספיישל בייקרי,IL,חלה חצי מתוקה 500 גר,גרמים,500.00,100 גרם,false,,12.90,0.0258,true,1,20600
7290019230038,false,חלה קטנה ספיישל בייקרי,ספיישל בייקרי,IL,חלה קטנה מתוקה 250 ג,גרמים,250.00,100 גרם,false,,6.90,0.0276,true,1,20601
7290019232148,false,חליטת חמדת השקד הגן,ויסוצקי,IL,חליטת חמדת השקד הגן,Unknown,0.00,יחידה,false,,19.90,0.0000,true,1,14096
7290019232155,false,"חליטת ""לילה טוב"" קמומיל לבנדר ו25 שקיקים ויסוצקי",ויסוצקי,IL,חליטת קמומיל ולבנדר,Unknown,0.00,יחידה,false,,21.90,0.0000,true,1,27844
7290019232162,false,"חליטת ""לילה טוב"" קמומיל מליסה 25 שקיקים ויסוצקי",ויסוצקי,IL,חליטת קמומיל ומליסה,Unknown,0.00,יחידה,false,,21.90,0.0000,true,1,27845
7290019232186,false,תה ירוק לימונית לואיזהSTAY WELL 25 שקיקים ויסוצקי,ויסוצקי,IL,תה ירוק לימונית לואי,Unknown,0.00,יחידה,false,,21.90,0.0000,true,1,27842
7290019232353,false,תה ירוק סיני 50 שקיקים ויסוצקי,ויסוצקי,IL,תה ירוק סיני קלאסי ו,גרמים,75.00,100 גרם,false,,36.90,0.4920,true,1,27305
7290019245001,false,שמן קנולה אלומות 1 ל,סקנולה,EE,שמן קנולה אלומות 1 ל,קילוגרמים,1.00,ליטר,false,,8.90,8.9000,true,1,25265
7290019297161,false,טורטיות ראפ מקמח תירס 540 ג' 12 יח',,TR,טורטיות קמח חיטה ותי,גרמים,450.00,100 גרם,false,,9.90,0.0220,true,1,16953
7290019297192,false,חטיף גרנולה עם שקדים ושוקולד 175 ג',,MK,חטיפי גרנולה עם שקדי,גרמים,175.00,100 גרם,false,,9.90,0.0566,true,1,16954
7290019297208,false,חטיף גרנולה עם פירות יבשים 175 ג',,MK,חטיפי גרנולה עם פירו,גרמים,175.00,100 גרם,false,,9.90,0.0566,true,1,16955
7290019297383,false,מעדן משמש ללא סוכר שקדיה 284 ג',,CN,מעדן משמש שקדיה 284,גרמים,284.00,100 גרם,false,,9.90,0.0349,true,1,16956
7290019297413,false,מעדן אפרסק ללא סוכר שקדיה 284 ג',,CN,מעדן אפרסק שקדיה 284,גרמים,284.00,100 גרם,false,,9.90,0.0349,true,1,16959
7290019297420,false,מעדן תות שדה 100% רכיבי פרי 284 גר' ללא תוספת סוכר,,CN,מעדן תות שקדיה 284 ג,גרמים,284.00,100 גרם,false,,9.90,0.0349,true,1,16960
7290019297451,false,מי ורדים שקדיה 500 מ,אף.סי תבליני בגליל ב,BE,"מי ורדים 500 מ""ל",מיליליטרים,500.00,"100 מ""ל",false,,13.90,0.0278,true,1,16961
7290019297505,false,רוטב רימונים שקדיה 700 ג',דין שיווק,TR,רוטב רימונים שקדיה 7,מיליליטרים,700.00,"100 מ""ל",false,,19.90,0.0284,true,1,16962
7290019297512,false,רוטב רימונים שקדיה 340 ג',דין שיווק,TR,רוטב רימונים שקדיה 3,מיליליטרים,340.00,"100 מ""ל",false,,9.90,0.0291,true,1,16963
7290019302315,false,"באזז אבטיח מלון 750 מ""ל",יקבי כרמל,IL,יין באז אבטיח מלון מ,מיליליטרים,750.00,"100 מ""ל",false,,23.90,0.0319,true,1,25629
7290019302490,false,יין דרום אדום יבש,יקבי כרמל,IL,יין דרום אדום יבש,מיליליטרים,750.00,"100 מ""ל",false,,79.90,0.1065,true,1,27178
7290019302551,false,מיץ ענבים תירוש אדום,יקבי כרמל,IL,מיץ ענבים תירוש אדום,קילוגרמים,1.00,ליטר,false,,11.90,11.9000,true,1,26870
7290019308126,false,פולי סויה אדממה פרוס,ווליאן פוליד פודס,CN,פולי סויה אדממה פרוס,גרמים,400.00,100 גרם,false,,6.90,0.0173,true,1,27288
7290019308157,false,קוביות מנגו קפוא פרו,גרין האוס,EG,קוביות מנגו קפוא פרו,גרמים,300.00,100 גרם,false,,5.90,0.0197,true,1,27871
7290019308188,false,ציפס קלאסי בסט צ'יפס,גרין האוס,EG,ציפס קלאסי בסט צ'יפס,פריט,1.50,"ק""ג",false,,18.90,12.6000,true,1,27427
7290019453024,false,קו'גל ירושלמי איטרי ות 800גרם,תכלית מזון,IL,קוגל אטריות ירושלמי,גרמים,800.00,100 גרם,false,,15.90,0.0199,true,1,26898
7290019453031,false,"קוגל תפו""א 580 גרם",תכלית מזון,IL,"קוגל תפו""א",גרמים,580.00,100 גרם,false,,15.90,0.0274,true,1,26899
7290019453512,false,רוגלך קטנים תכל'ס 35,המאפה של דר מרק בריא,IL,רוגלך קטנים תכל'ס 35,גרמים,350.00,100 גרם,false,,15.90,0.0454,true,1,26120
7290019609049,false,לחמניות אצבע / שמיני,המחמצת,IL,לחמניות אצבע / שמיני,גרמים,400.00,100 גרם,false,,16.90,0.0422,true,1,29144
7290055090702,false,איגלו שלוקים בטעמי פטל לימון וענבים,מנדלז סי.אר. פרודקשן,IL,איגלו כרמית 60 יח,קילוגרמים,1.74,ליטר,false,,11.90,6.8391,true,1,6611
7290055090849,false,מרשמלו כרמית 500 גרם,כרמית,IL,מרשמלו כרמית 500 גרם,גרמים,500.00,100 גרם,false,,13.90,0.0278,true,1,6612
7290100653586,false,"דאו' ליידי ספיד סטיק 24/7 ג'ל ורוד 50מ""ל",ליידי ספיד סטיק Lady Speed Stick,US,דאו גל ליידי ספיד סט,גרמים,65.00,100 גרם,false,,18.90,0.2908,true,1,13009
7290100680650,false,מנה חמה נודלס-אטריות ירקות טעם תאילנדי אסם 76 ג',THAI PRESIDENT FOODS,TH,מנה חמה נודלס תאילנד,גרמים,76.00,100 גרם,false,,4.90,0.0645,true,1,490
7290100680667,false,מנה חמה נודלס-אטריות+ירקות טעם סצ'ואן,THAI PRESIDENT FOODS,TH,מנה חמה נודלס סצואן,גרמים,77.00,100 גרם,false,,4.90,0.0636,true,1,491
7290100680711,false,פירורית זהב אסם זהב 350ג',עינת תעשיות מזון,IL,פירורית זהב אסם 350,גרמים,350.00,100 גרם,false,,7.90,0.0226,true,1,492
7290100680728,false,פירורית רגילה שקית 350 גרם,מיוצר עי קונדיטוריית,IL,פירורית לבנה אסם 350,גרמים,350.00,100 גרם,false,,6.90,0.0197,true,1,493
7290100681015,false,פודינג אינסטנט ריבת חלב 84 ג' אסם,מיוצר עי קונדיטוריית,IL,פודינג אינסטנט ריבת,גרמים,84.00,100 גרם,false,,4.90,0.0583,true,1,495
7290100681138,false,מארז אפרופו חטיף תירס 3 יחידות,"אסם השקעות בע""מ",IL,מארז אפרופו 3*50 גרם,גרמים,150.00,100 גרם,false,,10.90,0.0727,true,1,497
7290100685068,false,פודינג וניל עם פצפוצי שוקולד 110 ג' אסם,אסם תעשיות,IL,פודינג אינסטנט וניל,גרמים,110.00,100 גרם,false,,4.90,0.0445,true,1,503
7290100685136,false,"מרק בטעם עוף 1 ק""ג אסם","אסם השקעות בע""מ",IL,מרק בטעם עוף אסם 1 ק,פריט,1.00,"ק""ג",false,,12.90,12.9000,true,1,504
7290100685334,false,אבקת מרק עוף אמיתי ר.טבעיים 400ג' אסם,"אסם השקעות בע""מ",IL,מרק עוף אמיתי ר.טבעי,גרמים,400.00,100 גרם,false,,19.90,0.0497,true,1,505
7290100685341,false,מרק בטעם עוף זך רכיבים טבעיים 400 ג' אסם,"אסם השקעות בע""מ",IL,מרק בטעם עוף זך ר. ט,גרמים,400.00,100 גרם,false,,13.90,0.0348,true,1,506
7290100687109,false,במבה במילוי קרם נוגט 60ג' אסם,"אסם השקעות בע""מ",IL,במבה נוגט 60 גרם,גרמים,60.00,100 גרם,false,,4.50,0.0750,true,1,509
7290100688618,false,גביעי גלידה ממותקים בטעם שוקו 24 יח',גילרו,IL,גביעי גלידה בטעם שוק,גרמים,160.00,100 גרם,false,,14.90,0.0931,true,1,510
7290100700396,false,"סוגת אורז יסמין קלאסי 1 ק""ג",האי נאם סי או אל.טי.,IL,"אורז יסמין סוגת 1 ק""",פריט,1.00,"ק""ג",false,,9.90,9.9000,true,1,10244
7290100702741,false,"סוכר חום בהיר בצנצנת 1 ק""ג סוגת",סוגת,IL,סוכר חום בהיר סוגת 1,פריט,1.00,"ק""ג",false,,9.90,9.9000,true,1,10245
7290100850909,false,דוריטוס בטעם נאצ'ו מקסיקני,שטראוס פריטו ליי בע,IL,דוריטוס נאצו מקסיקני,גרמים,70.00,100 גרם,false,,3.20,0.0457,true,1,26727
7290100850916,false,דוריטוס בטעם חמוץ חריף,"שטראוס פריטו ליי בע""",IL,דוריטוס חמוץ חריף 70,גרמים,70.00,100 גרם,false,,3.20,0.0457,true,1,12885
7290100850923,false,דוריטוס גריל 70 גרם,שטראוס פריטו ליי בע,IL,דוריטוס גריל 70 גרם,גרמים,70.00,100 גרם,false,,3.20,0.0457,true,1,12886
7290100850930,false,דוריטוס דיפ טבעי 70ג,שטראוס פריטו ליי בע,IL,דוריטוס טבעי 70 גרם,גרמים,70.00,100 גרם,false,,3.20,0.0457,true,1,12887
7290100858608,false,אבקת קקאו עלית שקית 500 ג',שטראוס גרופ,IL,קקאו עלית 500 גרם,גרמים,500.00,100 גרם,false,,23.90,0.0478,true,1,12532
7290100922569,false,קרם לטיפוח עוד הידיים והגוף- מארז שלישייה,טרופיקל דגיל,IL,קרם ידיים ולווטה 3*1,מיליליטרים,300.00,"100 מ""ל",false,,14.90,0.0497,true,1,4420
7290101110279,false,גלידת בליסימו בטעם שוקולד פאדג' פקאן,הגלידות של פלדמן,IL,גלידה בליסימו בטעם ש,קילוגרמים,1.30,ליטר,false,,17.90,13.7692,true,1,28924
7290101110460,false,גלידה בליסימו וניל צרפתי 1.3 ל' פלדמן,הגלידות של פלדמן,IL,גלידה בליסימו בטעם ו,קילוגרמים,1.30,ליטר,false,,17.90,13.7692,true,1,28925
7290101110811,false,גלידל שלגון בטעם וניל מצופה סורבה פסיפלורה - 8 יח',הגלידות של פלדמן,IL,מאגדת גלידל שלגון ב,גרמים,400.00,100 גרם,false,,20.90,0.0522,true,1,27721
7290101112228,false,גלידל פרי קרחון מופחת קלוריות בטעם אננס - 8 יח',הגלידות של פלדמן,IL,מאגדת גלידל פרי אננס,גרמים,640.00,100 גרם,false,,20.90,0.0327,true,1,10802
7290101112921,false,גלידל פרי קרחון מופחת קלוריות פירות טרופיים - 8 יח',הגלידות של פלדמן,IL,מאגדת גלידל פרי פירו,גרמים,640.00,100 גרם,false,,20.90,0.0327,true,1,10804
7290101113157,false,גלידל וניל עוגיות מאגדת שישייה 312 ג',הגלידות של פלדמן,IL,מאגדת גלידל וניל עוג,גרמים,312.00,100 גרם,false,,22.90,0.0734,true,1,10807
7290101113430,false,מאגדת גלידל שוקולד עם סירופ 312 ג',הגלידות של פלדמן,IL,מאגדת גלידל ריפל שוק,גרמים,312.00,100 גרם,false,,20.90,0.0670,true,1,10814
7290101113584,false,מאגדת טילונים שוקולד לבן עם ליבת שוקולד 400 ג',הגלידות של פלדמן,IL,טילוני יולו לבן עם ל,גרמים,400.00,100 גרם,false,,19.90,0.0497,true,1,10815
7290101113591,false,טילוני יולו גלידת שוקולד לבן עם שברי עוגיות,הגלידות של פלדמן,IL,טילוני יולו לבן עם ע,גרמים,400.00,100 גרם,false,,19.90,0.0497,true,1,10816
7290101113751,false,מאגדת שלגון קרמל ושוקולד בלונדי רביעיה * 50 ג' יולו,הגלידות של פלדמן,IL,מאגדת שלגוני יולו בל,גרמים,200.00,100 גרם,false,,18.90,0.0945,true,1,27709
7290101113768,false,מאגדת שלגון עוגיות ושוקולד חלב רביעיה * 50 ג' יולו,הגלידות של פלדמן,IL,מאגדת שלגוני יולו שו,גרמים,200.00,100 גרם,false,,18.90,0.0945,true,1,27723
7290101113805,false,מאגדת קרחון שייק פרי תות 70% פרי 5*70 ג' יופלה,הגלידות של פלדמן,IL,שלגוני יופלה שרבט תו,גרמים,350.00,100 גרם,false,,19.90,0.0569,true,1,27712
7290101113829,false,מאגדת קרחון שייק פרי מנגו 70% פרי 5*70 ג' יופלה,הגלידות של פלדמן,IL,שלגוני יופלה שרבט מנ,גרמים,350.00,100 גרם,false,,19.90,0.0569,true,1,27714
7290101113904,false,מנבו בטעם וניל 12 יח,הגלידות של פלדמן,IL,מנבו בטעם וניל 12 יח,גרמים,288.00,100 גרם,false,,19.90,0.0691,true,1,27689
7290101488286,false,"ליידי ספיד סטיק - דאודורנט ספריי לאישה 24/7 פרש פיוזן ורוד 150 מ""ל",ליידי ספיד סטיק Lady Speed Stick,RU,דאו ספריי ליידי ספיד,מיליליטרים,150.00,"100 מ""ל",false,,13.90,0.0927,true,1,13010
7290101488323,false,ליידי ספיד סטיק - דאודורנט סטיק לאישה ללא סימן ירוק סטיק 65 גרם,ליידי ספיד סטיק Lady Speed Stick,BY,דאו ליידי ספיד סטיק,גרמים,65.00,100 גרם,false,,18.90,0.2908,true,1,13011
7290101501138,false,כרובית ארוזה יח,אראל תוצרת חקלאית בע,IL,כרובית ארוזה,Unknown,0.00,יחידה,false,,9.90,0.0000,true,1,15070
7290101551027,false,קפסולות קפה אספרסו חזק במיוחד 14 עלית 10 יח',הנסיך- מפעל לייצור ט,IL,קפסולות עלית 14 חזק,גרמים,50.00,100 גרם,false,,15.50,0.3100,true,1,12534
7290101551263,false,סילאן טבעי ללא תוספת סוכר,"פוליבה בע""מ",IL,סילאן טבעי יד מרדכי,גרמים,700.00,100 גרם,false,,19.90,0.0284,true,1,12535
7290101551539,false,יוגורט PRO בטעם אפרסק 0% 20 גרם חלבון בגביע,דנונה - שטראוס,IL,דנונה פרו אפרסק 0% 2,גרמים,200.00,100 גרם,false,,5.90,0.0295,true,1,12178
7290101551584,false,תפוצ'יפס קידס מארז 10 יח' * 20 ג',"שטראוס פריטו ליי בע""",IL,מארז תפוציפס קידס 10,גרמים,200.00,100 גרם,false,,12.90,0.0645,true,1,12889
7290101554233,false,מארז ציטוס כאפה 16*2,שטראוס,IL,מארז ציטוס כאפה 16*2,גרמים,320.00,100 גרם,false,,17.90,0.0559,true,1,12894
7290101554240,false,מארז ציטוס איקס עיגו,שטראוס,IL,מארז ציטוס איקס עיגו,גרמים,320.00,100 גרם,false,,17.90,0.0559,true,1,12895
7290101863410,false,"סיליט ניקוי עוצמתי מכיל אקונומיקה 750 מ""ל",סיליט באנג Cillit Bang,PL,תרסיס סיליט באנג עם,מיליליטרים,750.00,"100 מ""ל",false,,12.50,0.0167,true,1,11648
7290101865216,false,"אבקת קולון 9 ק""ג",זוהר דליה,IL,"אבקת קולון 9 ק""ג",פריט,9.00,"ק""ג",false,,59.90,6.6556,true,1,11650
7290101865261,false,"פיניש נוזל הברקה 800 מ""ל",רקיט בנקיזר,PL,נוזל הברקה פיניש 800,מיליליטרים,800.00,"100 מ""ל",false,,14.90,0.0186,true,1,11651
7290101866633,false,ווניש קליה ג`ל להסרת כתמים 3 ל',קליה וניש Kalia Vanish,IL,גל וניש קליה 3 ליטר,קילוגרמים,3.00,ליטר,false,,28.90,9.6333,true,1,11652
7290101866787,false,מסיר כתמים ומלבין לכביסה לבנה 3 ל וניש קליה,קליה וניש Kalia Vanish,PL,גל וניש קליה כביסה ל,קילוגרמים,3.00,ליטר,false,,28.90,9.6333,true,1,11653
7290101868460,false,"אבקת כביסה 101 8 ק""ג קולון",רקיט בנקיזר,IL,אבקת קולון 8 קג,פריט,8.00,"ק""ג",false,,54.90,6.8625,true,1,28267
7290101868958,false,"פיניש נוזל הברקה למדיח בניחוח לימון 800 מ""ל",רקיט בנקיזר,PL,נוזל הברקה פיניש לימ,מיליליטרים,800.00,"100 מ""ל",false,,14.90,0.0186,true,1,11656
7290101869726,false,ג'ל מרוכז למדיח פיניש all in one max,רקיט בנקיזר,PL,גל למדיח פיניש 1 ליט,קילוגרמים,1.00,ליטר,false,,39.90,39.9000,true,1,11657
7290101869733,false,ג'ל למדיח פיניש לימון,רקיט בנקיזר,PL,גל למדיח פיניש לימון,קילוגרמים,1.00,ליטר,false,,39.90,39.9000,true,1,11658
7290101869801,false,איירוויק מכשיר מבשם חשמלי אואזיס,רקיט בנקיזר,GB,מטהר חשמלי אירוויק +,Unknown,0.00,יחידה,false,,19.90,0.0000,true,1,11662
7290101869825,false,מילוי למכשיר מבשם אויר חשמלי אואזיס,איירוויק Air Wick,PL,מילוי מבשם חשמלי איר,Unknown,0.00,יחידה,false,,15.90,0.0000,true,1,11664
7290101869832,false,מילוי למכשיר מבשם אויר חשמלי חלום ליל קיץ,איירוויק Air Wick,PL,מילוי מבשם חשמלי איר,Unknown,0.00,יחידה,false,,15.90,0.0000,true,1,11665
7290102030330,false,תפוצ'יפס קראנצ' בטעם מקסיקני,"שטראוס פריטו ליי בע""",IL,תפוציפס קראנצ מקסיקנ,גרמים,200.00,100 גרם,false,,9.90,0.0495,true,1,12896
7290102031276,false,מארז 8 יחידות אקטימל משקה יוגורט בטעם תות בננה,מיוצר עי קונדיטוריית,IL,אקטימל תות בננה דנונ,מיליליטרים,800.00,"100 מ""ל",false,,19.50,0.0244,true,1,12181
7290102032334,false,אבקה להכנת משקה קפה בטעם וניל,STRAUSS-ISRAEL,IL,קפה נמס וניל 200 גרם,גרמים,200.00,100 גרם,false,,19.90,0.0995,true,1,12537
7290102060764,false,מארז זוג מברשות שיניים מרידול,יבואן ומשווק: ש. שסט,CH,מברשת מרידול 2 יח,Unknown,0.00,יחידה,false,,18.90,0.0000,true,1,13012
7290102060979,false,"אלמקס משחת שיניים משפחתי 100 מ""ל",יבואן ומשווק: ש. שסט,PL,"משחת אלמקס 100 מ""ל",מיליליטרים,100.00,"100 מ""ל",false,,17.90,0.1790,true,1,13013
7290102062195,false,"אלמקס משחת שיניים אלמקס גוניור 75 מ""ל",יבואן ומשווק: ש. שסט,PE,משחת אלמקס גוניור 75,גרמים,75.00,100 גרם,false,,9.90,0.1320,true,1,13014
7290102390427,false,יוגורט ביו עם קציפת תות 3% שומן 150 ג' מולר,מולר Muller,IL,מולר פרופ תות 150 גר,מיליליטרים,150.00,"100 מ""ל",false,,4.80,0.0320,true,1,4456
7290102390465,false,יוגורט ביו עם קציפת אפרסק ופסיפלורה 3% שומן 150 ג' מולר,מולר Muller,IL,מולר פרופ אפרסק ופסי,מיליליטרים,150.00,"100 מ""ל",false,,4.80,0.0320,true,1,4457
7290102390489,false,יוגורט ביו עם קציפת לימון 3% שומן 150 ג' מולר,מולר Muller,IL,מולר פרופ לימון 150,מיליליטרים,150.00,"100 מ""ל",false,,4.80,0.0320,true,1,4458
7290102391844,false,יוגורט ביו עם קציפת פירות יער3% שומן 150 ג' מולר,מולר Muller,IL,מולר פרופ פירות יער,מיליליטרים,150.00,"100 מ""ל",false,,4.80,0.0320,true,1,4462
7290102392049,false,גבינה תבור לאפייה 5% 500 ג' צוריאל,מחלבת משק צוריאל,IL,גבינת תבור 5% צוריאל,גרמים,500.00,100 גרם,false,,19.90,0.0398,true,1,25742
7290102392094,false,חלב עיזים 4.1% צוריאל 1 ל' קרטון,מילקו תעשיות בעמ,IL,חלב עיזים צוריאל 1 ל,גרמים,250.00,100 גרם,false,,14.90,0.0596,true,1,4463
7290102393039,false,מולר מיקס יוגורט קרמי בתוספת פצפוצי שוקולד 170 ג',קריות זול,IL,מולר מיקס פצפוצי שוק,מיליליטרים,150.00,"100 מ""ל",false,,5.60,0.0373,true,1,4467
7290102393060,false,מיקס יוגורט גליליות וופל קרם אגוזים 170 ג' מולר,קריות זול,IL,מולר מיקס גלילות 170,מיליליטרים,150.00,"100 מ""ל",false,,5.60,0.0373,true,1,4468
7290102393169,false,סימפלי פרוט יוגורט תות 3% שומן 150 ג' מולר,מולר Muller,IL,מולר סימפלי תות 150,גרמים,150.00,100 גרם,false,,4.80,0.0320,true,1,4472
7290102393176,false,סימפלי פרוט יוגורט אפרסק 3% שומן 150 ג' מולר,מילקו תעשיות בעמ,IL,מולר סימפלי אפרסק 15,גרמים,150.00,100 גרם,false,,4.80,0.0320,true,1,4473
7290102393190,false,סימפלי פרוט פירות היער 3% שומן 150 ג' מולר,מילקו תעשיות בעמ,IL,מולר סימפלי פירות יע,גרמים,150.00,100 גרם,false,,4.80,0.0320,true,1,4474
7290102393268,false,**טרה גבינה לבנה אריזת חיסכון 5% 750ג,טרה,IL,גבינה 5% טרה 750 גרם,גרמים,750.00,100 גרם,false,,11.90,0.0159,true,1,4475
7290102393947,false,סימפלי פרוט יוגורט בטעם קיווי 3% שומן 150 ג' מולר,מילקו תעשיות בעמ,IL,מולר סימפלי קיווי 15,גרמים,150.00,100 גרם,false,,4.80,0.0320,true,1,4477
7290102394081,false,מולר מיקס יוגורט קרמי עם קורנפלקס מצופה שוקולד,מילקו תעשייה בעמ,IL,מולר מיקס קורנפלקס מ,גרמים,170.00,100 גרם,false,,5.60,0.0329,true,1,4478
7290102394258,false,גבינת מה עז 9% שומן צוריאל 180 ג',מחלבת משק צוריאל,IL,גבינה מה עז 9% צוריא,גרמים,180.00,100 גרם,false,,20.90,0.1161,true,1,4479
7290102394463,false,נעם גבינה צהובה וואקום 28% 500גרם,Unknown,IL,גבינה נעם 28% 500 גר,גרמים,500.00,100 גרם,false,,23.90,0.0478,true,1,4481
7290102394821,false,נעם גבינה צהובה דק דק פ.ח 28% 200גר,מילקו תעשיות בעמ,IL,פרוסות גבינה נעם קלא,גרמים,200.00,100 גרם,false,,15.20,0.0760,true,1,4483
7290102394845,false,פרוסות גבינת נעם מופחתת שומן 9%,מילקו תעשיות בעמ,IL,פרוסות גבינה נעם 9%,גרמים,200.00,100 גרם,false,,16.90,0.0845,true,1,4484
7290102395217,false,מאגדת שמיניה מולר במתיקות מעודנת 1.2% 8*150 ג',מולר Muller,IL,מארז מולר ביאנקו במת,קילוגרמים,1.20,ליטר,false,,17.90,14.9167,true,1,4488
7290102395224,false,מארז 8 גביעים יוגורט ביו בטעם טבעי 1.7%,מולר Muller,IL,מארז מולר נטורל 1.7%,קילוגרמים,1.20,ליטר,false,,15.90,13.2500,true,1,4489
7290102395231,false,מולר נטורל 2.8% ביאנקו מאגדת 8 יח' * 150 ג',מולר Muller,IL,מארז מולר נטורל 2.8%,קילוגרמים,1.20,ליטר,false,,15.90,13.2500,true,1,4490
7290102395262,false,מארז 8 גביעים יוגורט בטעם תות שדה ואפרסק 3% Simply Fruit,מולר Muller,IL,מארז מולר סימפלי תות,קילוגרמים,1.20,ליטר,false,,28.90,24.0833,true,1,4491
7290102395347,false,יוגורט 6% שומן 3 ל' טרה,טרה,IL,משקה יוגורט 6% טרה 3,קילוגרמים,3.00,ליטר,false,,27.90,9.3000,true,1,4492
7290102395439,false,מארז 8 גביעים יוגורט בטעם פירות יער וקיווי 3% Simply Fruit,מילקו תעשיות בעמ,IL,מארז מולר סימפלי פיר,קילוגרמים,1.20,ליטר,false,,28.90,24.0833,true,1,26629
7290102395446,false,מעדן חלב בטעם וניל עם קצפת 123 ג' טרה,טרה,IL,מעדן מוו וניל עם קצפ,גרמים,123.00,100 גרם,false,,2.90,0.0236,true,1,4493
7290102395477,false,מעדן חלב בטעם שוקולד עם קצפת 123 ג' טרה,Unknown,IL,מעדן מוו שוקולד עם ק,גרמים,123.00,100 גרם,false,,2.90,0.0236,true,1,4496
7290102396399,false,מארז 8 יחידות מעדן חלב בטעם שוקולד 1.5%,טרה,IL,מארז מעדן מוו שוקולד,גרמים,800.00,100 גרם,false,,11.90,0.0149,true,1,4506
7290102396405,false,מארז 8 יחידות מעדן חלב בטעם וניל 1.5%,טרה,IL,מארז מעדן מוו וניל 8,גרמים,800.00,100 גרם,false,,11.90,0.0149,true,1,4507
7290102396580,false,מעדן שוקולד ומוס שוקולד 123 ג' טרה,טרה,IL,מעדן מוו מוס שוקו 11,גרמים,123.00,100 גרם,false,,2.90,0.0236,true,1,4511
7290102396597,false,מעדן חלב עם מוס בטעם שוקו וניל,טרה,IL,מעדן מוו מוס שוקו ונ,גרמים,123.00,100 גרם,false,,2.90,0.0236,true,1,4512
7290102396665,false,פרוסות גבינת נעם מופחתת שומן 15%,מילקו תעשיות בעמ,IL,פרוסות גבינה נעם 15%,גרמים,200.00,100 גרם,false,,15.20,0.0760,true,1,4514
7290102396740,false,מארז 8 גביעים יוגורט בטעם תות שדה ואפרסק 0% Simply Fruit,מילקו תעשיות בעמ,IL,מארז מולר סימפלי תות,קילוגרמים,1.20,ליטר,false,,28.90,24.0833,true,1,4518
7290102397075,false,יוגורט בקרטון 4% שומן 1.5ל' טרה,טרה,IL,משקה יוגורט 4% טרה 1,פריט,1.50,"ק""ג",false,,12.90,8.6000,true,1,4525
7290102397204,false,פרוסות גבינה 22% שומן 200 ג' נעם,מילקו תעשיות בעמ,IL,פרוסות גבינה נעם 22%,גרמים,200.00,100 גרם,false,,15.20,0.0760,true,1,4528
7290102397310,false,מעדן מיני בטעם שוקולד קצפת מוו מאגדת 8 יח' * 70 ג',טרה,IL,מארז מעדן מוו שוקולד,גרמים,560.00,100 גרם,false,,11.90,0.0213,true,1,4530
7290102397334,false,גבינה בולגרית 5% צוריאל גליל 250ג',מחלבת משק צוריאל,IL,גבינה בולגרית 5% צור,גרמים,250.00,100 גרם,false,,17.90,0.0716,true,1,4532
7290102397464,false,יוגורט ביו בתוספת גרעינים אגוזים וחמוציות 170 ג' מולר,מולר Muller,IL,מולר נטורל עם פיצוחי,מיליליטרים,150.00,"100 מ""ל",false,,5.60,0.0373,true,1,4535
7290102397600,false,מיקס יוגורט בתוספת שקדים ובוטנים מקורמלים 170 ג' מולר,מילקו תעשייה בעמ,IL,מולר מיקס שקדים ובוט,מיליליטרים,150.00,"100 מ""ל",false,,5.60,0.0373,true,1,4537
7290102397617,false,יוגורט ביו קרמי עם כדורים מצופים שוקולד חום לבן,מולר Muller,IL,מולר מיקס קליק כדורי,מיליליטרים,150.00,"100 מ""ל",false,,5.60,0.0373,true,1,4538
7290102397679,false,קוטג' וחצי 5% טרה 375 ג',Unknown,IL,קוטג 5% טרה 375 גרם,גרמים,375.00,100 גרם,false,,7.90,0.0211,true,1,4539
7290102397730,false,פרוסות גבינה אמנטל חצי קשה 30% שומן 200 ג' נעם,Unknown,IL,גבינה נעם אמנטל 30%,גרמים,200.00,100 גרם,false,,14.90,0.0745,true,1,4540
7290102397747,false,פרוסות גבינת מוצרלה נעם מחלב בקר 22%,טרה,IL,גבינה נעם מוצרלה פרו,גרמים,200.00,100 גרם,false,,15.90,0.0795,true,1,4541
7290102397891,false,גבינת מותכת 18% צוריאל 100ג',משק צוריאל,IL,גבינה מותכת צוריאל 1,גרמים,100.00,100 גרם,false,,6.90,0.0690,true,1,4542
7290102398072,false,**חלב בקרטון 1 ליטר 3% מהדרין,Unknown,IL,חלב 3% טרה 1 ליטר מה,קילוגרמים,1.00,ליטר,false,,6.20,6.2000,true,1,4545
7290102398478,false,לאבנה 9% שומן 500 ג' טרה,טרה,IL,לאבנה 9% טרה 500 גרם,גרמים,500.00,100 גרם,false,,15.90,0.0318,true,1,4555
7290102398560,false,שוקו מעושר בבקבוק 1ל' טרה,מילקו תעשיות בעמ,IL,משקה שוקו טרה 1 ליטר,קילוגרמים,1.00,ליטר,false,,10.90,10.9000,true,1,4557
7290102398577,false,משקה חלב בטעם שוקו 2% בבקבוק אישי,מילקו תעשיות בעמ,IL,שוקו מועשר טרה 250 מ,מיליליטרים,250.00,"100 מ""ל",false,,5.20,0.0208,true,1,25411
7290102398614,false,משקה חלב בטעם בננה 1 ליטר טרה,מילקו תעשיות בעמ,IL,משקה בננה טרה 1 ליטר,קילוגרמים,1.00,ליטר,false,,10.90,10.9000,true,1,4558
7290102398638,false,משקה חלב בטעם מוקה 1 ליטר טרה,מילקו תעשיות בעמ,IL,משקה מוקה טרה 1 ליטר,קילוגרמים,1.00,ליטר,false,,10.90,10.9000,true,1,4559
7290102398669,false,משקה חלב עם קפה אייס קפוצ'ינו 1.5%,מילקו תעשיות בעמ,IL,משקה אייס קפוצ'ינו ט,קילוגרמים,1.00,ליטר,false,,10.90,10.9000,true,1,4561
7290102399048,false,פרוסות גבינת קשקבל נעם 200 ג' טרה,טרה,IL,גבינה נעם קשקבל 200,גרמים,200.00,100 גרם,false,,18.90,0.0945,true,1,4571
7290102399635,false,"מולר פרופ יוגורט ביו עם קציפת קוקוס ואננס 150 מ""ל",מולר Muller,IL,מולר פרופ טרופיקל קו,מיליליטרים,150.00,"100 מ""ל",false,,4.80,0.0320,true,1,4574
7290102399796,false,מעדן יוגורט לבן מועשר בחלבון 200 ג' מולר אקטיב,מולר Muller,IL,מולר אקטיב לבן 25 גר,גרמים,200.00,100 גרם,false,,4.90,0.0245,true,1,4577
7290102399802,false,יוגורט עם תות מולר אקטיב מועשר בחלבון 200 גר',מולר Muller,IL,מולר אקטיב תות 20 גר,גרמים,200.00,100 גרם,false,,5.50,0.0275,true,1,4578
7290102399819,false,יוגורט עם פירות יער מולר אקטיב מועשר בחלבון 200 גר',מולר Muller,IL,מולר אקטיב פירות יער,גרמים,200.00,100 גרם,false,,5.50,0.0275,true,1,4579
7290102399857,false,"יוגורט אקטיב עם תות 0% , 20 גרם חלבון בגביע",מולר Muller,IL,מולר אקטיב תות לייט,גרמים,200.00,100 גרם,false,,5.50,0.0275,true,1,4581
7290103120658,false,דאודורנט סטיק ג'ל לגבר Cool Night 24/7,הנסיך- מפעל לייצור ט,US,דאו גל ספיד סטיק קול,גרמים,85.00,100 גרם,false,,18.90,0.2224,true,1,13015
7290103121600,false,"ספיד סטיק - דאודורנט ספריי לגבר 24/7 קול פיוזן 150 מ""ל",קולגייט פלמוליב,BY,דאו ספריי ספיד סטיק,מיליליטרים,165.00,"100 מ""ל",false,,13.90,0.0842,true,1,13016
7290103124588,false,פלמוליב סבון נוזלי סגול משאבה 750 מל,הנסיך- מפעל לייצור ט,TR,ג'ל רחצה פלמוליב ארו,מיליליטרים,750.00,"100 מ""ל",false,,19.50,0.0260,true,1,13018
7290103124601,false,"תחליב רחצה נוזל חלב ודבש משאבה 750מ""ל פלמוליב",הנסיך- מפעל לייצור ט,TR,תחליב פלמוליב חלב וד,מיליליטרים,750.00,"100 מ""ל",false,,19.50,0.0260,true,1,13019
7290103129378,false,ספיד סטיק - דאודורנט ג'ל לגבר איקס 5 85 גרם,הנסיך- מפעל לייצור ט,US,דאו גל ספיד סטיק איק,גרמים,85.00,100 גרם,false,,17.90,0.2106,true,1,13021
7290103129392,false,ליידי ספיד סטיק פרש פרח אינפיוזן,ליידי ספיד סטיק Lady Speed Stick,BY,דאו ליידי ספיד סטיק,גרמים,65.00,100 גרם,false,,18.90,0.2908,true,1,13022
7290103129408,false,ליידי ספיד סטיק - דאודורנט סטיק לאישה פרש אסנס פריחת הפרדס 65 גרם,ליידי ספיד סטיק Lady Speed Stick,BY,דאו ליידי ספיד סטיק,גרמים,65.00,100 גרם,false,,18.90,0.2908,true,1,13023
7290103150952,false,מפות שולחן עבות לפיד,צח ליין,CN,מפות שולחן עבות לפיד,Unknown,0.00,יחידה,false,,9.90,0.0000,true,1,10881
7290103150969,false,מפות שולחן עבות לפיד,צח ליין,CN,מפות שולחן עבות לפיד,Unknown,0.00,יחידה,false,,9.90,0.0000,true,1,10882
7290103153779,false,מכסים לתבניות גדולות,אופל אריזות בעמ,IL,מכסים לתבניות גדולות,Unknown,0.00,יחידה,false,,5.90,0.0000,true,1,10887
7290103153786,false,מכסים לתבניות בינוני,אופל אריזות בעמ,IL,מכסים לתבניות בינוני,Unknown,0.00,יחידה,false,,5.90,0.0000,true,1,10888
7290103153793,false,מכסים לתבניות קטנות,אופל אריזות בעמ,IL,מכסים לתבניות קטנות,Unknown,0.00,יחידה,false,,5.90,0.0000,true,1,10889
7290103153823,false,צלחות קטנות נעימות ז,ב פ תעשיות,IL,צלחות קטנות נעימות ז,Unknown,0.00,יחידה,false,,24.90,0.0000,true,1,10890
7290103153830,false,צלחות גדולות נעימות,ב פ תעשיות,IL,צלחות גדולות נעימות,Unknown,0.00,יחידה,false,,44.90,0.0000,true,1,10891
7290103153847,false,צלחות מרק נעימות זהב,ב פ תעשיות,IL,צלחות מרק נעימות זהב,Unknown,0.00,יחידה,false,,24.90,0.0000,true,1,10892
7290103155087,false,שקיות אשפה עם ידיות,רווח,CN,שקיות אשפה עם ידיות,Unknown,0.00,יחידה,false,,19.90,0.0000,true,1,10896
7290103155582,false,מכסים לתבנית בינוני,אופל אריזות בעמ,IL,מכסים לתבנית בינוני,Unknown,0.00,יחידה,false,,5.90,0.0000,true,1,10899
7290103156138,false,מפת אלבד מדוגם גליל,דיספובד,IL,מפת אלבד מדוגם גליל,Unknown,0.00,יחידה,false,,29.90,0.0000,true,1,10900
7290103157104,false,מפת אלבד צבעוני 4 יח,פאלאס,CN,מפת אלבד צבעוני 4 יח,Unknown,0.00,יחידה,false,,11.90,0.0000,true,1,10912
7290103401429,false,עלית אוריגינס קצב ברזילאי 200ג,הנסיך- מפעל לייצור ט,IL,קפה פלטינום ברזילאי,גרמים,200.00,100 גרם,false,,19.70,0.0985,true,1,12545
7290103702526,false,ממחטות בקופסא טאצ' 1,סאסאטק,IL,ממחטות בקופסא טאצ' 1,Unknown,0.00,יחידה,false,,3.90,0.0000,true,1,27753
7290103703899,false,מפיות טאצ 80 יחי' צבעים כהים חד שכבתיות,,IL,מפיות טאצ' חד שכבתי,Unknown,0.00,יחידה,false,,4.90,0.0000,true,1,10645
7290103703974,false,מגבות נייר עדן 6 יח',שניב תעשיות נייר,IL,מגבות נייר עדן 6 יח',מטרים,63.00,מטר,false,,7.90,0.1254,true,1,26505
7290103704063,false,נייר טואלט טאצ מהדורת כדור פורח 48 יחי,,,נייר טואלט טאצ כדור,מטרים,860.00,מטר,false,,29.90,0.0348,true,1,10646
7290103704216,false,מגבות נייר קשת 16 יח,שניב תעשיות נייר,IL,מגבות נייר קשת 16 יח,מטרים,169.28,מטר,false,,19.90,0.1176,true,1,10647
7290103704650,false,מגבות כדור פורח טאצ' שישיה,שניב תעשיות נייר,IL,מגבות נייר שניב 6 יח,מטרים,63.00,מטר,false,,8.90,0.1413,true,1,10648
7290103704971,false,נייר טואלט כפול סילק,,,נייר טואלט כפול סילק,מטרים,792.00,מטר,false,,34.90,0.0441,true,1,26231
7290104061417,false,חומוס טחינה אחלה 400 ג',"שטראוס גרופ בע""מ",IL,חומוס עם טחינה אחלה,גרמים,400.00,100 גרם,false,,9.90,0.0248,true,1,12184
7290104061431,false,חומוס אחלה עם צנובר 400 ג',"שטראוס גרופ בע""מ",IL,חומוס עם צנוברים אחל,גרמים,400.00,100 גרם,false,,9.90,0.0248,true,1,12186
7290104061448,false,חומוס עם חריף 400 ג' אחלה,מיוצר עי קונדיטוריית,IL,חומוס עם חריף אחלה 4,גרמים,400.00,100 גרם,false,,9.90,0.0248,true,1,12187
7290104062599,false,מארז 8 יחידות מעדן גמדים בטעמי תות ובננה,STRAUSS-ISRAEL,IL,מארז גמדים תות ובננה,גרמים,800.00,100 גרם,false,,17.90,0.0224,true,1,12188
7290104065187,false,אבקה להכנת משקה קפה בטעם מוקה,STRAUSS-ISRAEL,IL,קפה נמס מוקה 200 גרם,גרמים,200.00,100 גרם,false,,19.90,0.0995,true,1,12555
7290104066566,false,טחינה משומשום מלא אח,מיוצר עי קונדיטוריית,IL,טחינה אחלה 500 גרם,גרמים,500.00,100 גרם,false,,13.90,0.0278,true,1,12190
7290104500572,false,אפרופו חטיף איטליאנו 50 ג' אסם,מיוצר עי קונדיטוריית,IL,אפרופו איטליאנו 50 ג,גרמים,50.00,100 גרם,false,,4.50,0.0900,true,1,511
7290104501661,false,אינסטנט פודינג בטעם וניל צרפתי,מיוצר עי קונדיטוריית,IL,פודינג אינסטנט קרם צ,גרמים,80.00,100 גרם,false,,4.90,0.0613,true,1,512
7290104503184,false,עוגת הבית שבת בראוניס שוק' ריבת חלב 380ג',מיוצר עי קונדיטוריית,IL,עוגת בראוניס שוקולד,גרמים,380.00,100 גרם,false,,14.90,0.0392,true,1,515
7290104504228,false,מארז אריזות מיני חטיף דובונים - 5 יח',"אסם השקעות בע""מ",IL,מארז דובונים 5*20 גר,גרמים,100.00,100 גרם,false,,10.90,0.1090,true,1,516
7290104508189,false,גביעי וופל ממותקים לגלידה 24 יח',בטר אנד דיפרנט,IL,גביעי גלידה אסם 24 י,גרמים,95.00,100 גרם,false,,11.90,0.1253,true,1,520
7290104508943,false,במבה אריזת חסכון 200 גרם,"אסם השקעות בע""מ",IL,במבה קלאסי 200 גרם,גרמים,200.00,100 גרם,false,,8.90,0.0445,true,1,28428
7290104570162,false,תמרים כבוש ביסאן 500 ג',תמר העמקים בית שאן,,תמר כבוש 500 גרם,גרמים,500.00,100 גרם,false,,10.90,0.0218,true,1,2135
7290104720499,false,מארז 8 יחידות מעדן דני בטעם וניל 1.5%,מיוצר עי קונדיטוריית,IL,מארז דני וניל 8*125,קילוגרמים,1.00,ליטר,false,,14.50,14.5000,true,1,12191
7290104721533,false,רצועות פלפלים קלויים אחלה 400 ג',מיוצר עי קונדיטוריית,IL,פלפלים קלויים טעמי ה,גרמים,400.00,100 גרם,false,,14.90,0.0373,true,1,12193
7290104721755,false,מארז קפה טורקי עלית,חברת המשקם לתעסוקת ק,IL,מארז קפה טורקי עלית,גרמים,435.00,100 גרם,false,,25.90,0.0595,true,1,12558
7290104722530,false,תפוצ'יפס בטעם שמנת ובצל,"שטראוס פריטו ליי בע""",IL,תפוציפס שמנת בצל 200,גרמים,200.00,100 גרם,false,,9.90,0.0495,true,1,12898
7290104726712,false,מארז 8 יחידות מעדן מילקי בטעם שוקולד עם קצפת,"שטראוס גרופ בע""מ",IL,מארז מילקי שוקולד 8*,פריט,1.06,"ק""ג",false,,19.90,18.7736,true,1,12195
7290104728310,false,"שמנת עמידה לקצפת 38% שומן 250 מ""ל יוטבתה",מחלבת יטבתה,IL,שמנת להקצפה 38% יטבת,מיליליטרים,250.00,"100 מ""ל",false,,6.40,0.0256,true,1,12196
7290104850776,false,מגש אובלי זהב 12 יח,פאלאס,IL,מגש אובלי זהב 12 יח,Unknown,0.00,יחידה,false,,15.90,0.0000,true,1,25348
7290104852176,false,נר נשמה בפחית פאלאס,פאלאס,CN,נר נשמה בפחית פאלאס,Unknown,0.00,יחידה,false,,1.20,0.0000,true,1,10930
7290104855368,false,מיכל 1 ליטר 12 יח,פאלאס,CN,מיכל 1 ליטר 12 יח,Unknown,0.00,יחידה,false,,19.90,0.0000,true,1,10947
7290104855375,false,מיכל 2 ליטר 10 יח,סנטר פלאסט,IL,מיכל 2 ליטר 10 יח,Unknown,0.00,יחידה,false,,19.90,0.0000,true,1,10948
7290104855382,false,מיכל 2.5 ליטר 6 יח,סנטר פלאסט,IL,מיכל 2.5 ליטר 6 יח,Unknown,0.00,יחידה,false,,19.90,0.0000,true,1,10949
7290104855399,false,מיכל 4 ליטר 5 יח,סנטר פלאסט,IL,מיכל 4 ליטר 5 יח,Unknown,0.00,יחידה,false,,19.90,0.0000,true,1,10950
7290104855405,false,מיכל 0.5 ליטר 15 יח,סנטר פלאסט,IL,מיכל 0.5 ליטר 15 יח,Unknown,0.00,יחידה,false,,19.90,0.0000,true,1,10951
7290104856839,false,מארז 6 יח נייר אלומי,פאלאס,CN,מארז 6 יח נייר אלומי,מטרים,30.00,מטר,false,,21.90,0.7300,true,1,10959
7290104856846,false,מארז 4 נייר אלומיניו,פאלאס,CN,מארז 4 נייר אלומיניו,מטרים,30.00,מטר,false,,21.90,0.7300,true,1,10960
7290104856853,false,מארז 3 נייר אלומיניו,פאלאס,CN,מארז 3 נייר אלומיניו,מטרים,22.50,מטר,false,,21.90,0.9733,true,1,10961
7290104856877,false,נייר אלומיניום 16 מי,פאלאס,CN,נייר אלומיניום 16 מי,מטרים,60.90,מטר,false,,23.90,0.3924,true,1,10962
7290104857041,false,"כוסות ח""פ 100 יח",פאלאס,CN,"כוסות ח""פ 100 יח",Unknown,0.00,יחידה,false,,5.90,0.0000,true,1,10968
7290104858185,false,נרות חימום בפלסטיק 8,פאלאס,CN,נרות חימום בפלסטיק 8,Unknown,0.00,יחידה,false,,23.90,0.0000,true,1,10984
7290104858208,false,נרות חימום בפלסטיק 4,פאלאס,CN,נרות חימום בפלסטיק 4,Unknown,0.00,יחידה,false,,23.90,0.0000,true,1,10985
7290104858536,false,כוסות קינוח לפיד,FGM,CN,כוסות קינוח לפיד,Unknown,0.00,יחידה,false,,14.90,0.0000,true,1,10988
7290104858567,false,מפת אלבד מוטבע גליל,פאלאס,CN,מפת אלבד מוטבע גליל,Unknown,0.00,יחידה,false,,39.90,0.0000,true,1,10990
7290104858642,false,שקיות אשפה 75*90 לפי,רווח,CN,שקיות אשפה 75*90 לפי,Unknown,0.00,יחידה,false,,11.90,0.0000,true,1,10994
7290104858727,false,טישו קשת 5*140 יח,פאלאס,CN,טישו קשת 5*140 יח,Unknown,700.00,יחידה,false,,11.90,0.0170,true,1,10997
7290104859267,false,שקיות אוכל קשת 3*150,פאלאס,CN,שקיות אוכל קשת 3*150,Unknown,0.00,יחידה,false,,9.90,0.0000,true,1,11005
7290104859410,false,"צלחת פשוטה 1 ק""ג לפיד",פאלאס,CN,צלחות גדולות לפיד 1,Unknown,0.00,יחידה,false,,29.90,0.0000,true,1,11008
7290104859779,false,כוסות איכותיות 40 יח,פאלאס,CN,כוסות איכותיות 40 יח,Unknown,0.00,יחידה,false,,10.90,0.0000,true,1,11010
7290104859960,false,מארז 4 יח מגשי קריסט,פאלאס,CN,מארז 4 יח מגשי קריסט,Unknown,0.00,יחידה,false,,12.90,0.0000,true,1,11015
7290104859977,false,מארז 2 יח מגשי קריסט,פאלאס,CN,מארז 2 יח מגשי קריסט,Unknown,0.00,יחידה,false,,19.90,0.0000,true,1,11016
7290104859984,false,קערה ענקית בלו שיין,פאלאס,CN,קערה ענקית בלו שיין,Unknown,0.00,יחידה,false,,19.90,0.0000,true,1,11017
7290104859991,false,קערה גדולה בלו שיין,פאלאס,CN,קערה גדולה בלו שיין,Unknown,0.00,יחידה,false,,19.90,0.0000,true,1,11018
7290104962073,false,דאודורנט ספריי גוף טיטניום גולד Titanium Gold,אמיליה קוסמטיקס בעמ,IL,דאו ספריי טיטניום גו,מיליליטרים,150.00,"100 מ""ל",false,,14.90,0.0993,true,1,3879
7290104962134,false,דאודורנט רול און נושם+ For Girls ללא אלומיניום,אמיליה קוסמטיקס,IL,דאו רול און קרליין ל,מיליליטרים,75.00,"100 מ""ל",false,,11.70,0.1560,true,1,3881
7290104965647,false,קרליין דיאודורנט בנות רולאון סוויט קיס,מיוצר עי : אמיליה קו,IL,דאו רול און קרליין נ,מיליליטרים,75.00,"100 מ""ל",false,,11.70,0.1560,true,1,3888
7290105180193,false,בקבוק צר לתינוק ללא ביספניול A,אריסטוקרט,,בקבוק צר לתינוק אריס,Unknown,0.00,יחידה,false,,6.90,0.0000,true,1,18075
7290105180216,false,פלסטר שקוף אריסטוקרט,אריסטוקרט,CN,פלסטר שקוף אריסטוקרט,Unknown,0.00,יחידה,false,,10.90,0.0000,true,1,236
7290105180247,false,פלסטר מיקס אריסטוקרט,אריסטוקרט,CN,פלסטר מיקס אריסטוקרט,Unknown,0.00,יחידה,false,,10.90,0.0000,true,1,237
7290105180353,false,"סכין גילוח לאישה ח""פ 10 יח'",אריסטוקרט,CN,סכיני גילוח אריסטוקר,Unknown,0.00,יחידה,false,,8.90,0.0000,true,1,240
7290105180360,false,מוצץ סיליקון צבעוני שלישייה קטן,אריסטוקרט,,מוצץ סיליקון קטן לתי,Unknown,0.00,יחידה,false,,15.90,0.0000,true,1,18078
7290105180377,false,מוצץ סיליקון צבעוני רביעייה בינוני-מרכז,אריסטוקרט,,מוצץ סיליקון בינוני,Unknown,0.00,יחידה,false,,15.90,0.0000,true,1,18079
7290105180384,false,מוצץ סיליקון צבעוני שלישייה גדול,אריסטוקרט,,מוצץ סיליקון גדול לת,Unknown,0.00,יחידה,false,,15.90,0.0000,true,1,18080
7290105180490,false,טלק ריחני לתינוק 200ג' כשר לפסח,אריסטוקרט,IL,"טלק אריסטוקרט 200 מ""",מיליליטרים,200.00,"100 מ""ל",false,,9.90,0.0495,true,1,242
7290105180902,false,מברשת שיניים חמישיה אריסטוקרט,אריסטוקרט,CN,מברשת שיניים מבוגרים,Unknown,0.00,יחידה,false,,9.90,0.0000,true,1,243
7290105181343,false,בקבוק צר אריסטוקרט 6,אריסטוקרט,TH,בקבוק צר אריסטוקרט 6,Unknown,0.00,יחידה,false,,24.90,0.0000,true,1,244
7290105181725,false,צלחת נצמדת עם כפית משנה צבע בחום,אריסטוקרט,CN,צלחת האכלה + כפית רג,Unknown,0.00,יחידה,false,,24.90,0.0000,true,1,18085
7290105181732,false,זוג -מוצץ פרינס בינוני בקופסא,אריסטוקרט,IL,מוצצים סדרת מלכות אר,Unknown,0.00,יחידה,false,,19.90,0.0000,true,1,18086
7290105181855,false,"וזלין 100 גרם כשל""פ הרב לנדא אריסטוקרט",הרבל קוסמטיקס,IL,ג'ל פטרוליאום טהור א,מיליליטרים,100.00,"100 מ""ל",false,,7.90,0.0790,true,1,26638
7290105181954,false,מלבין טליתות ובגדי צ,BASF,DE,מלבין טליתות ובגדי צ,מיליליטרים,500.00,"100 מ""ל",false,,11.50,0.0230,true,1,245
7290105182036,false,מברשת שיניים סיליקון לשבת הרב לנדא,אריסטוקרט,CN,מברשת שיניים סיליקון,Unknown,0.00,יחידה,false,,11.90,0.0000,true,1,246
7290105182050,false,"אצטון 250 מ""ל",גרינפארם ים המלח,IL,"אצטון 250 מ""ל",מיליליטרים,250.00,"100 מ""ל",false,,5.90,0.0236,true,1,247
7290105182067,false,"אלכוהול 70% 250 מ""ל",אריסטוקרט,IL,"אלכוהול 70% 250 מ""ל",מיליליטרים,250.00,"100 מ""ל",false,,11.90,0.0476,true,1,248
7290105182111,false,קיסמי שיניים דנטלים,אריסטוקרט,CN,קיסמי שיניים דנטלים,Unknown,0.00,יחידה,false,,14.90,0.0000,true,1,249
7290105182128,false,מקלוני חוט דנטלי 200,אריסטוקרט,CN,מקלוני חוט דנטלי 200,Unknown,0.00,יחידה,false,,14.90,0.0000,true,1,250
7290105182265,false,מברשת ספינר לניקוי ב,אריסטוקרט,,מברשת ספינר לניקוי ב,Unknown,0.00,יחידה,false,,19.90,0.0000,true,1,26794
7290105360250,false,קפסולות 09 עשיר וארומטי למכונת נספרסו עלית 10יח',הנסיך- מפעל לייצור ט,IL,קפסולות עלית מס 9 למ,גרמים,50.00,100 גרם,false,,15.50,0.3100,true,1,12569
7290105360328,false,קפסולות אספרסו חזק למכונות נספרסו 10 יח',הנסיך- מפעל לייצור ט,IL,קפסולות עלית מס 10 ל,גרמים,50.00,100 גרם,false,,15.50,0.3100,true,1,12570
7290105360335,false,קפסולות קפה אספרסו עדין וקטיפתי,הנסיך- מפעל לייצור ט,IL,קפסולות עלית מס 7 ל,גרמים,50.00,100 גרם,false,,15.50,0.3100,true,1,12571
7290105362339,false,"שמנת לבישול 15% 250 מ""ל יטבתה מהדרין",מחלבת יטבתה,IL,שמנת לבישול 15% יטבת,מיליליטרים,250.00,"100 מ""ל",false,,7.60,0.0304,true,1,12198
7290105364678,false,משקה אקטיביה בטעם אפרסק 1.3% שומן 265 ג' דנונה,מיוצר עי קונדיטוריית,IL,משקה אקטיביה אפרסק 1,גרמים,250.00,100 גרם,false,,4.80,0.0192,true,1,12199
7290105366023,false,חציל אחלה בטעם כבד 400 גר' אחלה,מיוצר עי קונדיטוריית,IL,חציל בטעם כבד טעמי ה,גרמים,400.00,100 גרם,false,,14.90,0.0373,true,1,12201
7290105366047,false,טחינה אחלה לבנה 400 גר',מיוצר עי קונדיטוריית,IL,טחינה לבנה טעמי השוק,גרמים,400.00,100 גרם,false,,14.90,0.0373,true,1,12202
7290105366993,false,סימפוניה גבינה במרקם שמנת פלפל שיפקה חריף 5%,"שטראוס בריאות בע""מ",IL,גבינת שמנת פלפל שיפק,גרמים,200.00,100 גרם,false,,9.70,0.0485,true,1,12204
7290105368331,false,מעדן מילקי בטעם תות עם קצפת,מחלבת אחיהוד,IL,מילקי תות 133 גרם,גרמים,133.00,100 גרם,false,,2.80,0.0211,true,1,12207
7290105368904,false,"שמנת מתוקה להקצפה 32% שומן 250 מ""ל יוטבתה",מחלבת יטבתה,IL,שמנת מתוקה להקצפה 32,מיליליטרים,250.00,"100 מ""ל",false,,6.90,0.0276,true,1,12209
7290105368928,false,"שמנת 9% שומן 200 מ""ל יוטבתה",מחלבת יטבתה,IL,שמנת חמוצה 9% יטבתה,מיליליטרים,200.00,"100 מ""ל",false,,2.90,0.0145,true,1,12210
7290105369130,false,סימפוניה גבינה במרקם שמנת בצל ירוק 5%,"שטראוס בריאות בע""מ",IL,גבינת שמנת בצל ירוק,גרמים,200.00,100 גרם,false,,9.70,0.0485,true,1,12212
7290105430441,false,תחליב רחצה סחלב שחור וקרם לחות Naturals משאבה,הנסיך- מפעל לייצור ט,TR,תחליב פלמוליב סחלב ש,מיליליטרים,750.00,"100 מ""ל",false,,19.50,0.0260,true,1,13024
7290105430458,false,תחליב רחצה מועשר בשקדים וקרם לחות Naturals משאבה,הנסיך- מפעל לייצור ט,TR,תחליב פלמוליב שקדים,מיליליטרים,750.00,"100 מ""ל",false,,19.50,0.0260,true,1,13025
7290105430496,false,ספייד סטיק סטין גארד,קולגייט פלמוליב,BY,דאו ספריי ספיד סטיק,מיליליטרים,165.00,"100 מ""ל",false,,13.90,0.0842,true,1,13026
7290105431516,false,פרי חטיפי בריאות מארז 5 תמרים בוטנים,טבעית מוצרים מן הטבע,IL,מארז חטיף פרי תמרים,גרמים,125.00,100 גרם,false,,14.90,0.1192,true,1,13027
7290105434029,false,"ספיד סטיק - דאודורנט ספריי לגבר נוטרו פאואר 150 מ""ל",הנסיך- מפעל לייצור ט,BY,דאו ספריי ספיד סטיק,מיליליטרים,150.00,"100 מ""ל",false,,13.90,0.0927,true,1,13032
7290105434067,false,ספיד סטיק - דאודורנט סטיק לגבר XL אושן סרף 85 גרם,קולגייט פלמוליב,BY,דאו ספיד סטיק אושן 8,גרמים,85.00,100 גרם,false,,18.90,0.2224,true,1,13033
7290105439499,false,מיונז הולנדי 481 ג' מאסטר שף,רמיה סי.וי. הולנד,NL,מיונז מאסטר שף 480 ג,גרמים,480.00,100 גרם,false,,9.90,0.0206,true,1,13035
7290105439505,false,קרם בטעם מיונז לייט מנה 479 ג' מאסטר שף,רמיה סי.וי. הולנד,NL,מיונז לייט מאסטר שף,גרמים,521.00,100 גרם,false,,9.90,0.0190,true,1,13036
7290105439581,false,חרדל דיז'ון צרפתי 370ג' מ.שף,סאס קווינור,FR,חרדל דיזון צרפתי מאס,גרמים,370.00,100 גרם,false,,9.90,0.0268,true,1,13037
7290105691248,false,פריכונים חטיפי טורטיה תירס 60 ג' אוסם,"מיוצר ע""י PT, משווק",IL,חטיפי טורטייה תירס 6,גרמים,60.00,100 גרם,false,,6.90,0.1150,true,1,527
7290105693457,false,עוגת הבית דמקה שוקו וניל 320 ג' אסם,מיוצר עי קונדיטוריית,IL,עוגת דמקה אסם 320 גר,גרמים,320.00,100 גרם,false,,10.90,0.0341,true,1,537
7290105694614,false,פסטה ספגטי מהיר הכנה 500ג' אסם,זארה,IT,ספגטי אסם מהיר הכנה,גרמים,500.00,100 גרם,false,,7.20,0.0144,true,1,538
7290105695024,false,אסם פתיתים אפויים אורז עם אטריות 500 גר,"אסם השקעות בע""מ",IL,פתיתים אורז עם אטריו,גרמים,500.00,100 גרם,false,,4.90,0.0098,true,1,539
7290105695321,false,עוגת שוקולד בראוניז פאדג' 380 ג',מיוצר עי קונדיטוריית,IL,עוגת בראוניס פאדג אס,גרמים,380.00,100 גרם,false,,14.90,0.0392,true,1,540
7290105962331,false,זחוק אדום תימני מקורי חריף מאוד,קריניסה ויטמין אס אי,IL,סחוג תימני חריף זהבי,גרמים,220.00,100 גרם,false,,9.90,0.0450,true,1,12215
7290105965738,false,יוגורט לשתיה בטעם תות בננה267 ג' דנונה,מיוצר עי קונדיטוריית,IL,משקה יוגורט תות בננה,גרמים,267.00,100 גרם,false,,4.50,0.0169,true,1,12220
7290105968098,false,סלט קולסלאו אחלה 500 ג',אחלה - שטראוס,IL,קולסלאו אחלה 500 גרם,גרמים,500.00,100 גרם,false,,14.90,0.0298,true,1,12223
7290105968654,false,רביולי בטטה פרווה פסטה נונה 400 ג',מיוצר עי קונדיטוריית,IL,רביולי בטטה שטראוס 4,גרמים,400.00,100 גרם,false,,16.70,0.0417,true,1,12224
7290105968777,false,פריכיות עם תחתית שוקולד מריר 70 ג' אנרגי,"טחנת האבן תעשיות בע""",IL,פריכיות אנרג'י תחתית,גרמים,70.00,100 גרם,false,,7.50,0.1071,true,1,12591
7290106413924,false,מארז מקלות ביסקוויט,שאנטו קראנצי פרדי,CN,מארז מקלות ביסקוויט,גרמים,150.00,100 גרם,false,,9.90,0.0660,true,1,1357
7290106509825,false,תחבושות אלוויז פלטני,פרוקטר & גמבל,DE,תחבושות אלוויז פלטני,Unknown,0.00,יחידה,false,,29.90,0.0000,true,1,25384
7290106520066,false,רבע לשבע במילוי קרם אגוזים ובציפוי שוקולד חלב,הגביע מוצרי וופלים ב,IL,גלילי ופל רבע לשבע 1,גרמים,160.00,100 גרם,false,,9.60,0.0600,true,1,12592
7290106520288,false,יוגורט פרו חלבון עם תות 2.4% שומן 150 ג' דנונה,"שטראוס בריאות בע""מ",IL,דנונה WOW תות 150 גר,מיליליטרים,150.00,"100 מ""ל",false,,4.50,0.0300,true,1,12225
7290106520905,false,סלט טורקי עם פלפל קל,"שטראוס גרופ בע""מ",IL,סלט טורקי טעמי השוק,גרמים,400.00,100 גרם,false,,14.90,0.0373,true,1,12228
7290106520912,false,"שמנת לבישול 9% 250 מ""ל יטבתה",מחלבת יטבתה,IL,שמנת לבישול 9% יטבתה,מיליליטרים,250.00,"100 מ""ל",false,,7.60,0.0304,true,1,12229
7290106524439,false,תפוצ'יפס טבעי פופס 60גר',"שטראוס פריטו ליי בע""",IL,"תפוציפס תפו""א אפוי 6",גרמים,60.00,100 גרם,false,,3.50,0.0583,true,1,12899
7290106525399,false,קפסולות 06 ברזיל למכונות נספרסו עלית 10יח',הנסיך- מפעל לייצור ט,IL,קפסולות עלית מס 06 ב,גרמים,50.00,100 גרם,false,,15.50,0.3100,true,1,12599
7290106525405,false,קפסולות למכונת נספרסו נטול קפאין,שטראוס קפה בי.וי,IL,קפסולות עלית נטול מס,גרמים,50.00,100 גרם,false,,15.50,0.3100,true,1,12600
7290106526822,false,פריכיות אורז עם תחתית שוקולד חלב 80 ג' אנרגי,"טחנת האבן תעשיות בע""",IL,פריכיות אנרג'י תחתית,גרמים,80.00,100 גרם,false,,7.50,0.0938,true,1,12602
7290106527263,false,מארז תפוציפס כפול 16,שטראוס,IL,מארז תפוציפס כפול 16,גרמים,480.00,100 גרם,false,,19.90,0.0415,true,1,12900
7290106571921,false,עוגיות פיטנס עוגיות חמוציות 180 גר',מיוצר עי קונדיטוריית,IL,עוגיות עם חמוציות פי,גרמים,180.00,100 גרם,false,,10.90,0.0606,true,1,548
7290106572027,false,אוסם - לחמית חמישה דגנים 190 גרם,"אסם השקעות בע""מ",IL,לחמית חמישה דגנים 20,גרמים,200.00,100 גרם,false,,7.90,0.0395,true,1,549
7290106572065,false,אוסם - חטיפי טורטיה תירס חמוץ מתוק 60ג,"מיוצר ע""י PT, משווק",IL,חטיפי טורטייה חמוץ מ,גרמים,60.00,100 גרם,false,,6.90,0.1150,true,1,550
7290106573024,false,סירופ אננס דיאט 1ל' עסיס,בית השיטה עסיס תעשיו,IL,סירופ עסיס אננס דיאט,קילוגרמים,1.00,ליטר,false,,15.90,15.9000,true,1,552
7290106574953,false,בייגלה שטוחים כעכים שטוחים עם שומשום,מיוצר עי קונדיטוריית,IL,בייגלה שטוחים שומשום,גרמים,300.00,100 גרם,false,,7.50,0.0250,true,1,556
7290106574977,false,בייגלה שטוחים כעכים שטוחים עם מלח,מיוצר עי קונדיטוריית,IL,בייגלה שטוחים מלח 30,גרמים,300.00,100 גרם,false,,7.50,0.0250,true,1,557
7290106575257,false,עוגת הבית סופלה בטעם שוקולד 340 ג' אסם,מיוצר עי קונדיטוריית,IL,עוגת סופלה שוקולד אס,גרמים,340.00,100 גרם,false,,10.90,0.0321,true,1,559
7290106575431,false,עוגת הבית סופלה בטעם שוקוניל 340 ג' אסם,מיוצר עי קונדיטוריית,IL,עוגת סופלה שוקו וניל,גרמים,340.00,100 גרם,false,,10.90,0.0321,true,1,560
7290106576223,false,אפרופו מצופה שוקולד 40 ג',מיוצר עי קונדיטוריית,IL,אפרופו שוקולד 50 גרם,גרמים,50.00,100 גרם,false,,4.50,0.0900,true,1,563
7290106576537,false,צבר חומוס מסעדה 700 גר,סלטי צבר,IL,חומוס מסעדה צבר 700,גרמים,700.00,100 גרם,false,,10.80,0.0154,true,1,833
7290106576797,false,"לה קרמריה גלידת וניל איטלקי כשל""פ 1.4ל'",תות תעשיות מזון (201,IL,גלידה לה קרמריה וניל,קילוגרמים,1.40,ליטר,false,,17.50,12.5000,true,1,8446
7290106576834,false,גלידה לה קרמריה פונטש בננה1.4 ל' נסטלה,תות תעשיות מזון (201,IL,גלידה לה קרמריה פונט,קילוגרמים,1.40,ליטר,false,,17.50,12.5000,true,1,8448
7290106576858,false,גלידה לה קרמריה תותים בשמנת 1.4 ל' נסטלה,המאפיה של הרמן,IL,גלידה לה קרמריה תותי,קילוגרמים,1.40,ליטר,false,,17.50,12.5000,true,1,8449
7290106576919,false,גלידה קרמריה סורבה תות לימון 1.4 ליטר,המאפיה של הרמן,IL,שרבט לה קרמריה תות ל,קילוגרמים,1.40,ליטר,false,,17.50,12.5000,true,1,8450
7290106576971,false,גלידה לה קרמריה שוקולד בלגי 1.4 ל' נסטלה,תות תעשיות מזון (201,IL,גלידה לה קרמריה שוקו,קילוגרמים,1.40,ליטר,false,,17.50,12.5000,true,1,8453
7290106576995,false,גלידה סורבה לה קרמריה תות מנגו לייט 1.4 ל' נסטלה,המאפיה של הרמן,IL,שרבט לה קרמריה תות מ,קילוגרמים,1.40,ליטר,false,,17.50,12.5000,true,1,8454
7290106577039,false,גלידה לה קרמריה שוקו וניל פליק 1.4 ל' נסטלה,תות תעשיות מזון (201,IL,גלידה לה קרמריה וניל,קילוגרמים,1.40,ליטר,false,,17.50,12.5000,true,1,8455
7290106577282,false,צבר טחינה מרובע 400גרם,סלטי צבר,IL,טחינה צבר 400 גרם,גרמים,400.00,100 גרם,false,,11.90,0.0298,true,1,834
7290106577572,false,צבר מטבוחה מרובע 400גרם,סלטי צבר,IL,מטבוחה צבר 400 גרם,גרמים,400.00,100 גרם,false,,11.90,0.0298,true,1,840
7290106578692,false,אוסם - במבה ביסלי מיקס 80 גרם,פרו מן יו פתרונות אר,IL,במבה ביסלי מיקס 80 ג,גרמים,80.00,100 גרם,false,,3.90,0.0487,true,1,568
7290106578821,false,הבית עוגת שמרים קלאסית בטעם שוקולד 350גר.,מיוצר עי קונדיטוריית,IL,עוגת שמרים שוקולד אס,גרמים,350.00,100 גרם,false,,14.90,0.0426,true,1,569
7290106658479,false,עלית וופל בטעם טורטית אגוזים 40ג,"שטראוס גרופ בע""מ",IL,טורטית 40 גרם,גרמים,40.00,100 גרם,false,,3.90,0.0975,true,1,12614
7290106663091,false,לאבנה טבעי 9% שטראוס 500ג',הדקלאים אגודת שיתופי,IL,לאבנה 9% שטראוס 500,מיליליטרים,500.00,"100 מ""ל",false,,16.90,0.0338,true,1,12239
7290106663503,false,יד מרדכי קונפיטורת לייט תות 230 גר,אף.סי תבליני בגליל ב,IL,קונפיטורה תות לייט י,גרמים,250.00,100 גרם,false,,11.90,0.0476,true,1,12621
7290106664067,false,לאבנה עם שמן זית וזעתר 10% שטראוס 400 ג',הדקלאים אגודת שיתופי,IL,לאבנה עם שמן זית וזע,גרמים,400.00,100 גרם,false,,13.90,0.0348,true,1,12240
7290106664555,false,"רוטב שמנת עם עגבניות 9% שומן 250 מ""ל יוטבתה",מחלבת יטבתה,IL,רוטב שמנת עגבניות 9%,מיליליטרים,250.00,"100 מ""ל",false,,9.80,0.0392,true,1,12242
7290106666788,false,עלית - סוכריות נוסטלגיה דבש ממולאות 80 גרם,פלזנסקי,PL,סוכריות ממולאות בטעם,גרמים,80.00,100 גרם,false,,4.90,0.0613,true,1,27360
7290106668713,false,יוגורט עם פירות יער 3% שומן 150 ג' דנונה,מיוצר עי קונדיטוריית,IL,דנונה פרי פירות יער,מיליליטרים,150.00,"100 מ""ל",false,,3.50,0.0233,true,1,12244
7290106669857,false,קפסולות 06 אספרסו בטעם וניל עלית 10יח',הנסיך- מפעל לייצור ט,IL,קפסולות עלית אספרסו,גרמים,50.00,100 גרם,false,,15.50,0.3100,true,1,12628
7290106721906,false,צנצנת בזוקה צ'יקלט 66 ג' עלית,"שטראוס גרופ בע""מ",IL,מסטיק בזוקה צנצנת מג,גרמים,66.00,100 גרם,false,,8.90,0.1348,true,1,12632
7290106721913,false,מסטיק מאסט MUST ללא סוכר בטעם מנטה מרעננת,"שטראוס גרופ בע""מ",IL,מסטיק בזוקה צנצנת רי,גרמים,66.00,100 גרם,false,,8.90,0.1348,true,1,12633
7290106721920,false,צנצנת מסטיק מאסט בטעם ספירמינט עדין 66 ג' עלית,"שטראוס גרופ בע""מ.",IL,מסטיק ספירמינט צנצנת,גרמים,66.00,100 גרם,false,,8.90,0.1348,true,1,12634
7290106726178,false,יוגורט PRO עם פירות יער 2.4% 10 גרם חלבון בגביע,מיוצר עי קונדיטוריית,IL,דנונה WOW פירות יער,מיליליטרים,150.00,"100 מ""ל",false,,4.50,0.0300,true,1,12252
7290107021135,false,יין אלכסנדר רזרב קבר,אגדת,IL,יין אלכסנדר רזרב קבר,מיליליטרים,750.00,"100 מ""ל",false,,149.90,0.1999,true,1,1017
7290107280020,false,מטליות לחות סנו סושי לניקוי כללי שלישיה *50 יח',טרופיקל דגיל- תעשיות,IL,מטליות לחות סנו סושי,Unknown,0.00,יחידה,false,,16.90,0.0000,true,1,3891
7290107280341,false,ריצפז מטליות לחות לניקוי הרצפה בניחוח מלון מפנק,"סנו מפעלי ברונוס סע""",IL,מטליות לחות לרצפה בנ,Unknown,0.00,יחידה,false,,11.70,0.0000,true,1,3892
7290107280563,false,אוקסיג'ן ג'ל לכביסה בייבי 3ל',"איי, בי, אינבוו",IL,גל אוקסיגן בייבי 3 ל,קילוגרמים,3.00,ליטר,false,,27.90,9.3000,true,1,3893
7290107280655,false,אבקת כביסה Baby לתינוקות ולעור רגיש,סנו מקסימה,IL,אבקת מקסימה בייבי 3.,פריט,3.25,"ק""ג",false,,29.90,9.2000,true,1,3894
7290107280761,false,נוזל לניקוי כלים בניחוח לימון רענן סנו ספארק Spark,מיוצר עי קונדיטוריית,IL,נוזל כלים ספארק + מש,קילוגרמים,1.00,ליטר,false,,9.90,9.9000,true,1,3895
7290107649605,false,שוקולד חלב עם קורנפלקס ופצפוצים,מיוצר עי קונדיטוריית,IL,שוקולד קליק קורנפלקס,גרמים,85.00,100 גרם,false,,4.90,0.0576,true,1,5761
7290107871532,false,מאגדת קרחונים דובדבן מלון 10 יח' נסטלה,גלידות נסטלה (נגה גל,IL,קרחוני נסטלה בטעם מל,גרמים,800.00,100 גרם,false,,14.90,0.0186,true,1,8456
7290107871990,false,פסטה צינורות 500 ג' אסם,פסטה זארה,IT,פסטה צינורות אסם 500,גרמים,500.00,100 גרם,false,,4.90,0.0098,true,1,573
7290107877619,false,מארז במבה במילוי קרם נוגט 5*30ג' אסם,אסם תעשיות,IL,מארז במבה במילוי נוג,גרמים,150.00,100 גרם,false,,10.90,0.0727,true,1,585
7290107879521,false,קרחוני לה פרוטה La Frutta תות שדה - 5 יח',גלידות נסטלה Nestle,IL,שלגוני לה פרוטה תות,גרמים,350.00,100 גרם,false,,17.90,0.0511,true,1,8459
7290107879569,false,קרחון לה פרוטה שרבט מנגו מאגדת 5יח',גלידות נסטלה Nestle,IL,שלגוני לה פרוטה מנגו,גרמים,350.00,100 גרם,false,,17.90,0.0511,true,1,8460
7290107930321,false,קונפיטורה דובדבן יד מרדכי 340 ג',בית אל מזון,IL,קונפיטורה דובדבן יד,גרמים,340.00,100 גרם,false,,9.70,0.0285,true,1,12640
7290107932080,false,חלב בבקבוק 3% שומן 1 ל' יוטבתה,מחלבת יטבתה,IL,חלב מועשר 3% יטבתה 1,קילוגרמים,1.00,ליטר,false,,7.20,7.2000,true,1,12259
7290107932134,false,חלב בבקבוק 1% שומן 1 ל' יוטבתה,מחלבת יטבתה,IL,חלב מועשר 1% יטבתה 1,קילוגרמים,1.00,ליטר,false,,7.20,7.2000,true,1,12260
7290107934473,false,מארז 8 יח' אקטיביה יוגורט קרמי 1.5% שומן,דנונה - שטראוס,IL,מארז יוגורט אקטיביה,קילוגרמים,1.20,ליטר,false,,19.90,16.5833,true,1,12263
7290107937542,false,משקה יוגורט אקטיביה עם תות 1.2% שומן,מיוצר עי קונדיטוריית,IL,משקה אקטיביה תות 1.2,גרמים,250.00,100 גרם,false,,4.80,0.0192,true,1,12265
7290107937641,false,מסטיק בצנצנת קוביות בזוקה 58 ג',אסקום קונפקשיין,DE,מסטיק בזוקה קוביות צ,גרמים,58.00,100 גרם,false,,8.90,0.1534,true,1,12650
7290107937856,false,קפסולות 11חזק למכונות נספרסו עלית 10יח',הנסיך- מפעל לייצור ט,IL,קפסולות עלית מס 11 ל,גרמים,50.00,100 גרם,false,,15.50,0.3100,true,1,12651
7290107938396,false,"אקטימל משקה פרוביוטי תות 100X8 מ""ל",מיוצר עי קונדיטוריית,IL,אקטימל תות דנונה 8*1,מיליליטרים,800.00,"100 מ""ל",false,,19.50,0.0244,true,1,12267
7290107940467,false,אקטיביה יוגורט 1.5% שומן 200 ג' דנונה,מיוצר עי קונדיטוריית,IL,יוגורט אקטיביה 1.5%,מיליליטרים,200.00,"100 מ""ל",false,,3.70,0.0185,true,1,12269
7290107943369,false,קוואקר שיבולת שועל ללא גלוטן 511 גר'.,היידי שוקולד בירונטי,US,שיבולת שועל ל.גלוטן,גרמים,511.00,100 גרם,false,,17.90,0.0350,true,1,12913
7290107944243,false,"וופל אפיפית ללא גלוטן 200ג' בד""צ","שטראוס גרופ בע""מ",IL,ופל אפיפית בטעם שוקו,גרמים,200.00,100 גרם,false,,6.90,0.0345,true,1,12656
7290107944472,false,סימפוניה גבינה במרקם שמנת 5% שום שמיר,"שטראוס בריאות בע""מ",IL,גבינת שמנת שום שמיר,גרמים,200.00,100 גרם,false,,9.70,0.0485,true,1,12270
7290107945165,false,קונפיטורה משמש יד מרדכי 340 ג',אף.סי תבליני בגליל ב,IL,קונפיטורה משמש יד מר,גרמים,340.00,100 גרם,false,,9.70,0.0285,true,1,12660
7290107950190,false,מעדן חלב דל קלוריות בטעם שוקולד מריר 0.5% שומן,מיוצר עי קונדיטוריית,IL,מעדן דיאט שוקולד מרי,מיליליטרים,130.00,"100 מ""ל",false,,3.20,0.0246,true,1,12271
7290107950206,false,מעדן חלב דל קלוריות בטעם שוקולד 0% שומן,מיוצר עי קונדיטוריית,IL,מעדן דיאט שוקולד 0%,מיליליטרים,130.00,"100 מ""ל",false,,3.20,0.0246,true,1,12272
7290107951104,false,בפלות ופלים ארוכים בטעם שוקולד,"א.ג. גילרו בע""מ",IL,בפלות שוקולד 200 גרם,גרמים,200.00,100 גרם,false,,3.90,0.0195,true,1,12668
7290107951715,false,צנצנת מסטיק מאסט קוביות בטעם ענבים 58 ג' עלית,אסקום קונפקשיין,IL,מסטיק מאסט צנצנת ענב,גרמים,66.00,100 גרם,false,,8.90,0.1348,true,1,12676
7290107953559,false,קפה טורקי עלית לדרך שקיות 24X7ג',הנסיך- מפעל לייצור ט,IL,קפה טורקי לדרך 24 יח,גרמים,168.00,100 גרם,false,,16.90,0.1006,true,1,12677
7290107954709,false,קונפיטורה יד מרדכי פירות יער 340 ג',יד מרדכי,IL,קונפיטורה פירות יער,גרמים,340.00,100 גרם,false,,9.70,0.0285,true,1,28790
7290107956642,false,"תרסיס שמן זית יד מרדכי 150 מ""ל",פארייפאבה אגרואינדוס,ES,תרסיס שמן זית יד מרד,מיליליטרים,150.00,"100 מ""ל",false,,14.90,0.0993,true,1,12684
7290107956710,false,מילקי מעדן מיני מארז 70X16ג',שטראוס,IL,מארז מילקי מיני שוקו,פריט,1.12,"ק""ג",false,,15.90,14.1964,true,1,12273
7290107956925,false,קפסולות 13 אוגנדה למכונת נספרסו עלית 10יח',שטראוס קפה בי.וי,IL,קפסולות עלית מס 13 א,גרמים,50.00,100 גרם,false,,15.50,0.3100,true,1,12687
7290107956932,false,קפסולות 12 אינדונזיה למכונות NESPRESSO,שטראוס קפה בי.וי,IL,קפסולות עלית מס 12 ל,גרמים,50.00,100 גרם,false,,15.50,0.3100,true,1,12688
7290107956963,false,"דנונה וניל 3% תות מארז 12X100מ""ל",שטראוס גרופ,IL,מארז דנונה פרי תות 1,פריט,1.20,"ק""ג",false,,19.90,16.5833,true,1,12274
7290107957113,false,סימפוניה 5% זיתים פיקנטיים 200 ג' שטראוס,קריות זול,IL,גבינת שמנת זיתים פיק,גרמים,200.00,100 גרם,false,,9.70,0.0485,true,1,28356
7290107958035,false,יוגורט במתיקות מעודנת 2% ללא תוספת סוכר- מארז 8 יח,דנונה - שטראוס,IL,מארז דנונה במתיקות 8,פריט,1.20,"ק""ג",false,,17.90,14.9167,true,1,12276
7290107958639,false,מטבוחה אחלה מרוקאית חריפה 400 גר',מיוצר עי קונדיטוריית,IL,מטבוחה מרוקאית חריפה,גרמים,400.00,100 גרם,false,,14.90,0.0373,true,1,12277
7290107970020,false,תרסיס אגקס חלונות 3*,קולגייט פלמוליב,BY,תרסיס אגקס חלונות 3*,קילוגרמים,2.25,ליטר,false,,27.90,12.4000,true,1,13039
7290107971720,false,משחת קולגייט טריפל א,קולגייט פלמוליב,PL,משחת קולגייט טריפל א,גרמים,450.00,100 גרם,false,,24.90,0.0553,true,1,13040
7290107971751,false,מי פה קולגייט טוטל ללא אלכוהול פפרמינט,יבואן ומשווק: ש. שסט,PL,מי פה קולגייט טוטאל,מיליליטרים,500.00,"100 מ""ל",false,,14.90,0.0298,true,1,13041
7290107973861,false,מאסטר שף - עגבניות קצוצות דק שלישיה 400 גרם * 3,קונסרזיו קאסאלאסקו ד,IT,מארז עגבניות קצוצות,פריט,1.20,"ק""ג",false,,15.90,13.2500,true,1,13044
7290107975346,false,ספיד סטיק - דאודורנט ג'ל לגבר כוח הטבע 85 גרם,קולגייט פלמוליב,BY,דאו גל ספיד סטיק כח,גרמים,85.00,100 גרם,false,,17.90,0.2106,true,1,13046
7290107975360,false,ליידי ספיד סטיק - דאודורנט ג'ל לאישה 24/7 פיור פרש 65 גרם,ליידי ספיד סטיק Lady Speed Stick,BY,דאו גל ליידי ספיד סט,גרמים,65.00,100 גרם,false,,18.90,0.2908,true,1,13047
7290107975544,false,"קולגייט משחת שיניים סמיילס ברבי לגילאי 6 50מ""ל",קולגייט פלמוליב,PL,משחת קולגייט ילדים ב,מיליליטרים,50.00,"100 מ""ל",false,,11.90,0.2380,true,1,13048
7290107976848,false,פלמוליב סבון מוצק קמומיל 4*90 ג',קולגייט פלמוליב,,סבון מוצק פלמוליב קמ,גרמים,360.00,100 גרם,false,,16.50,0.0458,true,1,27624
7290107977456,false,"פלמוליב - ג'ל רחצה ושמפו ספורט לגבר 750 מ""ל",קולגייט פלמוליב,TR,ג'ל רחצה פלמוליב לגב,מיליליטרים,750.00,"100 מ""ל",false,,19.50,0.0260,true,1,13050
7290107978132,false,קולגייט מברשת זיגזג שישייה,קולגייט פלמוליב,PL,מברשת קולגייט זיג זג,Unknown,0.00,יחידה,false,,17.90,0.0000,true,1,13051
7290107978453,false,חטיף קראנצ'וס גריל 5,קראנצ'וס,IL,קראנצוס גריל 55 גרם,גרמים,55.00,100 גרם,false,,1.90,0.0345,true,1,13052
7290107978460,false,קראנצוס פלאפל 55 גרם,מנה,IL,קראנצוס פלאפל 55 גרם,גרמים,55.00,100 גרם,false,,1.90,0.0345,true,1,13053
7290108350531,false,סנו ספארק נוזל כלים בניחוח קלאסי עם משאבה 1 ל',מיוצר עי קונדיטוריית,IL,נוזל כלים ספארק + מש,קילוגרמים,1.00,ליטר,false,,9.90,9.9000,true,1,3897
7290108350548,false,סנו ספארק נוזל כלים בניחוח לבנדר עם משאבה 1 ל',מיוצר עי קונדיטוריית,IL,נוזל כלים ספארק + מש,קילוגרמים,1.00,ליטר,false,,9.90,9.9000,true,1,3898
7290108350616,false,סנו - מקסימה מרכך כביסה מרוכז פריחה כחולה 1 ליטר,"סנו מפעלי ברונוס בע""",IL,מרכך מקסימה סופר מרו,קילוגרמים,1.00,ליטר,false,,17.50,17.5000,true,1,3899
7290108350623,false,מרכך כביסה סופר מרוכז סופט סילק מקסימה 1 ל' סנו,"סנו מפעלי ברונוס בע""",IL,מרכך מקסימה סופר מרו,קילוגרמים,1.00,ליטר,false,,17.50,17.5000,true,1,3900
7290108351507,false,מרכך כביסה מקסימה סופט סילק 4 ל' סנו,סנו מקסימה,IL,מרכך מקסימה אינספריי,קילוגרמים,4.00,ליטר,false,,21.50,5.3750,true,1,3901
7290108351514,false,מרכך כביסה בבישום עוצמתי פריחה כחולה,סנו מקסימה,IL,מרכך מקסימה בלוסום 4,קילוגרמים,4.00,ליטר,false,,21.50,5.3750,true,1,3902
7290108351521,false,ג'ל כביסה מקסימה מאסק 5 ל' סנו,סנו מקסימה,IL,גל מקסימה מאסק 5 ליט,קילוגרמים,5.00,ליטר,false,,41.90,8.3800,true,1,3903
7290108351613,false,סנו ריצפז פרש הום 2 ליטר בניחוח מלון חלומי,"סנו מפעלי ברונוס בע""",IL,ריצפז פרש הום מלון ח,קילוגרמים,2.00,ליטר,false,,19.70,9.8500,true,1,3904
7290108351675,false,ג'ל כביסה מקסימה מיקס 5 ל' סנו,סנו,IL,גל מקסימה מיקס אנד ו,קילוגרמים,5.00,ליטר,false,,41.90,8.3800,true,1,27367
7290108351682,false,ג'ל כביסה מקסימה ביו 5 ל' סנו,סנו,IL,גל מקסימה ביו קולד 5,קילוגרמים,5.00,ליטר,false,,41.90,8.3800,true,1,27366
7290108351804,false,סנו - מקסימה מרכך כביסה מרוכז ג'נטל בריז 1 ליטר,מיוצר עי קונדיטוריית,IL,מרכך מקסימה סופר מרו,קילוגרמים,1.00,ליטר,false,,17.50,17.5000,true,1,3906
7290108351811,false,מקסימה מרכך כביסה סופר מרוכז פלור טאצ' 1 ליטר,מיוצר עי קונדיטוריית,IL,מרכך מקסימה סופר מרו,קילוגרמים,1.00,ליטר,false,,17.50,17.5000,true,1,3907
7290108351835,false,מרכך כביסה בבישום עוצמתי פלורל טאצ',מיוצר עי קונדיטוריית,IL,מרכך מקסימה פלורל 4,קילוגרמים,4.00,ליטר,false,,21.50,5.3750,true,1,3908
7290108352115,false,סנובון ווייב לאסלה בתוספת אקונומיקהה 45X3ג',סנו,IL,סבון אסלה סנובון ז'א,גרמים,165.00,100 גרם,false,,9.90,0.0600,true,1,3912
7290108352146,false,"סנובון נוזלי בניחוח מגנוליה ונרולי 750 מ""ל",סנו מפעלי ברונוס בעמ,IL,סנובון ג'ל מגנוליה ו,מיליליטרים,750.00,"100 מ""ל",false,,8.90,0.0119,true,1,3913
7290108352153,false,"סנובון נוזלי בניחוח לוטוס וסחלב 750 מ""ל",מיוצר עי קונדיטוריית,IL,סנובון ג'ל לוטוס וסח,מיליליטרים,750.00,"100 מ""ל",false,,8.90,0.0119,true,1,3914
7290108352252,false,נוזל לניקוי כלים מתאים לניקוי ירקות ופירות סנו ספארק,"סנו מפעלי ברונוס בע""",IL,נוזל כלים ספארק לחיט,קילוגרמים,1.00,ליטר,false,,9.90,9.9000,true,1,3917
7290108352337,false,"סנו - פרש מילוי למטהר אוויר מלון מפנק 250 מ""ל",מיוצר עי קונדיטוריית,IL,מבשם אויר סנו פרש או,מיליליטרים,250.00,"100 מ""ל",false,,12.90,0.0516,true,1,25942
7290108352344,false,"סנו - פרש מילוי למטהר אוויר מלון בוטיק 250 מ""ל",מיוצר עי קונדיטוריית,IL,מבשם אויר סנו פרש או,מיליליטרים,250.00,"100 מ""ל",false,,12.90,0.0516,true,1,25943
7290108352399,false,ריצפז פרש הום בניחוח מרכך כביסה פלורל טאצ',"סנו מפעלי ברונוס בע""",IL,ריצפז פרש הום בניחוח,קילוגרמים,2.00,ליטר,false,,19.70,9.8500,true,1,3918
7290108352498,false,מכשיר אוטומטי מעוצב ואלגנטי עם מילוי מלון בוטיק סנו פרש,"יצרן מכשיר: זובלה,",IL,סנו פרש מכשיר אוטומט,Unknown,0.00,יחידה,false,,39.90,0.0000,true,1,25936
7290108352511,false,ניקוי וחיטוי מכונת הכביסה בתוספת חומץ סנו מקסימה,"איי, בי, אינבוו",IL,מקסימה ניקוי וחיטוי,מיליליטרים,500.00,"100 מ""ל",false,,11.90,0.0238,true,1,3919
7290108352535,false,סנו - מקסימה דפי בישום לחים למייבש הכביסה בניחוח מרכך כביסה,סנו מקסימה,IL,דפי בישום לחים מקסימ,Unknown,0.00,יחידה,false,,11.90,0.0000,true,1,25926
7290108352566,false,מרכך כביסה בבישום עוצמתי 4 ל' סנו מקסינה,"סנו מפעלי ברונוס בע""",IL,מרכך מקסימה ג'וי 4 ל,קילוגרמים,4.00,ליטר,false,,21.50,5.3750,true,1,3920
7290108352573,false,מרכך כביסה מקסימה בבישום עוצמתי 4 ל' סנו,סנו,IL,מרכך מקסימה קאלם 4 ל,קילוגרמים,4.00,ליטר,false,,21.50,5.3750,true,1,25920
7290108352672,false,מטלית הפלא לריצפה זוג סנו סושי,סנו מפעלי ברונוס.,CN,מטליות רצפה מיקרופיי,Unknown,0.00,יחידה,false,,19.90,0.0000,true,1,3921
7290108352689,false,סנו סושי כריות קרצוף ללכלוך קשה 9 יח',טרופיקל דגיל תעשיות,US,כריות קרצוף סנו סושי,Unknown,0.00,יחידה,false,,9.90,0.0000,true,1,3922
7290108352696,false,"סנו סושי ניילון נצמד רחב במיוחד 45ס""מ",סנו סושי,IL,ניילון נצמד סנו סושי,מטרים,100.00,מטר,false,,29.90,0.2990,true,1,3923
7290108352825,false,ספוג הפלא נירוסטה סנו סושי 3יח',s.k.a.t ltdסנו מפעלי,CN,ספוג הפלא נירוסטה סנ,Unknown,0.00,יחידה,false,,9.90,0.0000,true,1,3924
7290108353532,false,"שקיות אשפה נשלפות עם שרוך 65*54 ס""מ L",סנו סושי,IL,שקיות אשפה עם שרוך 5,Unknown,0.00,יחידה,false,,29.90,0.0000,true,1,3926
7290108353747,false,"תחליב רחצה אירוודה, בניחוח טונקה 600 מ""ל קרימה",קוסמופארם,IL,תחליב קרמה + משאבה א,מיליליטרים,600.00,"100 מ""ל",false,,16.50,0.0275,true,1,27137
7290108353761,false,"תחליב רחצה זן, בניחוח קשמיר 600 מ""ל קרימה",קוסמופארם,IL,תחליב קרמה + משאבה ז,מיליליטרים,600.00,"100 מ""ל",false,,16.50,0.0275,true,1,27138
7290108353815,false,"תחליב רחצה מדיטציה, בניחוח פצ'ולי לבנדר 600 מ""ל קרימה",קוסמופארם,IL,תחליב קרמה + משאבה מ,מיליליטרים,600.00,"100 מ""ל",false,,16.50,0.0275,true,1,27139
7290108353891,false,"קרמה - דאודורנט רול און לאישה קרמה מאסק 75 מ""ל","קוסמופארם בע""מ",IL,דאו רול און קרמה מאס,מיליליטרים,75.00,"100 מ""ל",false,,11.90,0.1587,true,1,3928
7290108353907,false,"קרמה - דאודורנט רול און לאישה קרמה קלאסי 75 מ""ל","קוסמופארם בע""מ",IL,דאו רול און קרמה קלא,מיליליטרים,75.00,"100 מ""ל",false,,11.90,0.1587,true,1,3929
7290108353983,false,"קרמה - קרם גוף קרמה קלאסי 500 מ""ל",טרופיקל דגיל תעשיות,IL,קרם גוף קרמה קלאסי 5,מיליליטרים,500.00,"100 מ""ל",false,,19.90,0.0398,true,1,3930
7290108353990,false,"קרמה - קרם גוף קרמה מאסק 500 מ""ל",טרופיקל דגיל תעשיות,IL,קרם גוף קרמה מאסק 50,מיליליטרים,500.00,"100 מ""ל",false,,19.90,0.0398,true,1,3931
7290108354065,false,"קרמה - מן ג'ל רחצה פילינג 700 מ""ל",קוסמופארם בע''מ,IL,גל רחצה קרמה מן פילי,מיליליטרים,700.00,"100 מ""ל",false,,16.50,0.0236,true,1,3932
7290108354270,false,מרכך כביסה מרוכז בבישום עוצמתי 1 ל' סנו מקסימה,מיוצר עי קונדיטוריית,IL,מרכך מקסימה סופר מרו,קילוגרמים,1.00,ליטר,false,,17.50,17.5000,true,1,3933
7290108354416,false,"תחליב רחצה יוגה, בניחוח ברגמוט 600מ""ל קרימה",קוסמופארם,IL,תחליב קרמה + משאבה י,מיליליטרים,600.00,"100 מ""ל",false,,16.50,0.0275,true,1,27140
7290108354430,false,"שמפו כיף לשיקום והזנה שמן קוקוס וקרטין 700 מ""ל",קוסמופארם בעמ,IL,שמפו כיף שמן קוקוס ו,מיליליטרים,700.00,"100 מ""ל",false,,11.50,0.0164,true,1,3934
7290108354447,false,"מרכך כיף לשיקום והזנה שמן קוקוס וקרטין 700 מ""ל",גוד פוד פרודקטס S.p,IL,מרכך כיף שמן קוקוס ו,מיליליטרים,700.00,"100 מ""ל",false,,11.50,0.0164,true,1,3935
7290108354485,false,"קרליין - מרכך 10 שמן ארגן 700 מ""ל",סנו,IL,מרכך קרליין 10 ארגן,מיליליטרים,700.00,"100 מ""ל",false,,10.90,0.0156,true,1,27567
7290108354492,false,"קרליין - שמפו 10 שמן ארגן 700 מ""ל",קרליין Careline,IL,שמפו קרליין 10 ארגן,מיליליטרים,700.00,"100 מ""ל",false,,10.90,0.0156,true,1,27559
7290108354607,false,"שמפו בניחוח מי קקטוס ושמן באבאסו 750 מ""ל נקה 7",אמיליה קוסמטיקס,IL,שמפו נקה 7 ביו 750,מיליליטרים,750.00,"100 מ""ל",false,,8.70,0.0116,true,1,25919
7290108354850,false,"קרמה דאודורנט רול און בריזת ים 75 מ""ל",קרמה Crema,IL,דאו רול און קרמה ברי,מיליליטרים,75.00,"100 מ""ל",false,,11.90,0.1587,true,1,3936
7290108355161,false,"מרכך שיער שמני הזנה 750 מ""ל נקה 7",אמיליה קוסמטיקס,IL,מרכך נקה 7 שמני הזנה,מיליליטרים,750.00,"100 מ""ל",false,,8.70,0.0116,true,1,3938
7290108355451,false,"קרמה - דאודורנט רול און לאישה קרמה ורד ווניל 75 מ""ל",קרמה Crema,IL,דאו רול און קרמה ורד,מיליליטרים,75.00,"100 מ""ל",false,,11.90,0.1587,true,1,3939
7290108355468,false,"קרמה דאודורנט רול און נרולי ומגנוליה 75 מ""ל",קרמה Crema,IL,דאו רול און קרמה נרו,מיליליטרים,75.00,"100 מ""ל",false,,11.90,0.1587,true,1,3940
7290108356106,false,"תחליב רחצה כיף שקדים 700 מ""ל",קריות זול,IL,תחליב רחצה כיף חלב ש,מיליליטרים,700.00,"100 מ""ל",false,,9.90,0.0141,true,1,3941
7290108356113,false,"כיף תחליב רחצה דבש 700 מ""ל-מרכז",קוסמופארם בעמ,IL,תחליב רחצה כיף חלב ו,מיליליטרים,700.00,"100 מ""ל",false,,9.90,0.0141,true,1,3942
7290108356120,false,"כיף תחליב רחצה קוקוס וניל 700 מ""ל",קריות זול,IL,תחליב רחצה כיף קוקוס,מיליליטרים,700.00,"100 מ""ל",false,,9.90,0.0141,true,1,3943
7290108356151,false,"תחליב רחצה כיף מאסק יסמין 700 מ""ל",גוד פוד פרודקטס S.p,IL,תחליב רחצה כיף מאסק,מיליליטרים,700.00,"100 מ""ל",false,,9.90,0.0141,true,1,3945
7290108356168,false,"כיף - תחליב רחצה אוקיינוס 700 מ""ל",גוד פוד פרודקטס S.p,IL,תחליב רחצה כיף אוקיי,מיליליטרים,700.00,"100 מ""ל",false,,9.90,0.0141,true,1,3946
7290108356519,false,קרליין שמפו 10למניעת קשקשים 700מל,קרליין Careline,IL,שמפו קרליין 10 פרוטא,מיליליטרים,700.00,"100 מ""ל",false,,10.90,0.0156,true,1,27558
7290108356526,false,"קרליין - שמפו 10 לשיער יבש 700 מ""ל",קרליין Careline,IL,שמפו קרליין 10 פרוטא,מיליליטרים,700.00,"100 מ""ל",false,,10.90,0.0156,true,1,27560
7290108356533,false,"שמפו 10 לשיער מתולתל 700 מ""ל קרליין",קרליין Careline,IL,שמפו קרליין 10 פרוטא,מיליליטרים,700.00,"100 מ""ל",false,,10.90,0.0156,true,1,27561
7290108356540,false,"שמפו 10 לשיער צבוע 700 מ""ל קרליין",סנו,IL,שמפו קרליין 10 פרוטא,מיליליטרים,700.00,"100 מ""ל",false,,10.90,0.0156,true,1,27562
7290108356564,false,"קרליין - מרכך 10 לשיער רגיל 700 מ""ל",קרליין Careline,IL,מרכך קרליין 10 פרוטא,מיליליטרים,700.00,"100 מ""ל",false,,10.90,0.0156,true,1,27564
7290108356571,false,"קרליין - מרכך 10 לשיער יבש 700 מ""ל",קרליין Careline,IL,מרכך קרליין 10 פרוטא,מיליליטרים,700.00,"100 מ""ל",false,,10.90,0.0156,true,1,27565
7290108356588,false,"מרכך 10 לשיער מתולתל 700 מ""ל קרליין",קרליין Careline,IL,מרכך קרליין 10 פרוטא,מיליליטרים,700.00,"100 מ""ל",false,,10.90,0.0156,true,1,27566
7290108356595,false,"מרכך 10 לשיער צבוע 700 מ""ל קרליין",קרליין Careline,IL,מרכך קרליין 10 פרוטא,מיליליטרים,700.00,"100 מ""ל",false,,10.90,0.0156,true,1,27568
7290108356892,false,ריצפז פרש הום מלון א,סנו,IL,ריצפז פרש הום מלון א,קילוגרמים,2.00,ליטר,false,,19.70,9.8500,true,1,28558
7290108357004,false,"שמפו כיף ורד ושמן קוקוי 700 מ""ל",טרופיקל דגיל תעשיות,IL,שמפו כיף ורד ושמן קו,מיליליטרים,700.00,"100 מ""ל",false,,11.50,0.0164,true,1,3952
7290108357011,false,"מרכך כיף ורד ושמן קוקוי 700 מ""ל",טרופיקל דגיל תעשיות,IL,מרכך כיף ורד ושמן קו,מיליליטרים,700.00,"100 מ""ל",false,,11.50,0.0164,true,1,3953
7290108357189,false,"מבשם ומרכך למייבש הכביסה מקסימה פלורל 750 מ""ל סנו","איי, בי, אינבוו",IL,תרסיס מקסימה למייבש,מיליליטרים,750.00,"100 מ""ל",false,,16.90,0.0225,true,1,3955
7290108357202,false,מתס קליר סנו בניחוח בלו בלוסם 1 ליטר,"סנו מפעלי ברונוס בע""",IL,תרסיס סנוקליר בלו בל,קילוגרמים,1.00,ליטר,false,,9.90,9.9000,true,1,3956
7290108357226,false,"אוקסיגן POWER אבקה לכביסה לבנה והסרת כתמים 1.4 ק""ג סנו",,IL,אבקת אוקסיג'ן לכביסה,פריט,1.40,"ק""ג",false,,27.90,19.9286,true,1,25932
7290108357240,false,"אוקסיג'ן פאוור תוסף להסרת כתמים קשים 1.4 ק""ג",סנו,IL,אבקת אוקסיג'ן לכביסה,פריט,1.40,"ק""ג",false,,27.90,19.9286,true,1,25933
7290108357257,false,סנו - פרש מכשיר אוטומטי לבישום אוויר בתוספת מילוי אולטרא פרש,סנו פרש Fresh,IL,סנו פרש מכשיר אוטומט,Unknown,0.00,יחידה,false,,39.90,0.0000,true,1,25937
7290108357264,false,"פרש אוטומטי מילוי בניחוח מרכך הכביסה אולטרה 375 מ""ל סנו",סנו פרש Fresh,IL,מבשם אויר סנו פרש או,מיליליטרים,250.00,"100 מ""ל",false,,12.90,0.0516,true,1,25944
7290108357271,false,סנובון ג'ל לניקוי אסלות עם חמצן פעיל לניקוי עוצמתי,סנו,IL,סנובון ג'ל אוקסיג'ן,מיליליטרים,750.00,"100 מ""ל",false,,8.90,0.0119,true,1,25929
7290108357288,false,אקונומיקה ז'אוול בניחוח פריחה לבנה 4 ל' סנו,סנו ז'אוול Javel,IL,אקונומיקה סנו גאוול,קילוגרמים,4.00,ליטר,false,,16.90,4.2250,true,1,3957
7290108357295,false,"סנו - אוקסיג'ן פאוור מרסס להסרת כתמים 750 מ""ל",סנו,IL,תרסיס אוקסיגן לכביסה,מיליליטרים,750.00,"100 מ""ל",false,,17.70,0.0236,true,1,25930
7290108357394,false,"תחליב רחצה קרמה חלב ודבש 700 מ""ל",קוסמופארם,IL,תחליב קרמה חלב ודבש,מיליליטרים,700.00,"100 מ""ל",false,,16.50,0.0236,true,1,3958
7290108357417,false,"קרמה - קרם גוף קרמה ורד ווניל 500 מ""ל",טרופיקל דגיל תעשיות,IL,קרם גוף קרמה ורד וני,מיליליטרים,500.00,"100 מ""ל",false,,19.90,0.0398,true,1,3959
7290108357714,false,"כיף שמפו לשיער יבש -רימונים ושמן ארגן 700 מ""ל",גוד פוד פרודקטס S.p,IL,שמפו כיף לשיער יבש 7,מיליליטרים,700.00,"100 מ""ל",false,,11.50,0.0164,true,1,3962
7290108357745,false,שמפו ומרכך 2 ב-1 תאנה ומנטה לכל סוגי השיער,גוד פוד פרודקטס S.p,IL,שמפו ומרכך כיף תאנה,מיליליטרים,700.00,"100 מ""ל",false,,11.50,0.0164,true,1,3964
7290108357875,false,"כיף - שמפו לחות מוגברת עם אפרסק וחמאת מורומורו 700 מ""ל",קוסמופארם,IL,שמפו כיף אפרסק וחמאת,מיליליטרים,700.00,"100 מ""ל",false,,11.50,0.0164,true,1,25934
7290108357882,false,"כיף - מרכך לחות מוגברת עם אפרסק וחמאת מורומורו 700 מ""ל",קוסמופארם,IL,מרכך כיף אפרסק וחמאת,מיליליטרים,700.00,"100 מ""ל",false,,11.50,0.0164,true,1,25935
7290108358070,false,"תחליב רחצה קרמה קלאסי 700 מ""ל",גוד פוד פרודקטס S.p,IL,תחליב קרמה קלאסי 700,מיליליטרים,700.00,"100 מ""ל",false,,16.50,0.0236,true,1,3969
7290108358087,false,"תחליב רחצה קרמה מאסק 700 מ""ל",גוד פוד פרודקטס S.p,IL,תחליב קרמה מאסק 700,מיליליטרים,700.00,"100 מ""ל",false,,16.50,0.0236,true,1,3970
7290108358100,false,"פרש הום מקלות ריחניים לבית בניחוח בייבי 100 מ""ל",סנו,IL,מקלות ריחניים סנו פר,מיליליטרים,100.00,"100 מ""ל",false,,19.90,0.1990,true,1,3971
7290108358117,false,"פרש הום מקלות ריחניים לבית בניחוח כביסה רעננה 100 מ""ל",סנו,IL,מקלות ריחניים סנו פר,מיליליטרים,100.00,"100 מ""ל",false,,19.90,0.1990,true,1,3972
7290108358124,false,דפי בישום לחים למייבש הכביסה בניחוח מרכך כביסה 20 יח' מקסימה,קוסמופארם,IL,דפי בישום לחים מקסימ,Unknown,0.00,יחידה,false,,11.90,0.0000,true,1,27136
7290108359060,false,כריות לניקוי כלים לשבת סנו סושי 4 יח',סנו,IL,כריות ניקוי לשבת סנו,Unknown,0.00,יחידה,false,,9.90,0.0000,true,1,3973
7290108359824,false,"כיף - בייבי כיף קרם 500 מ""ל",קוסמופארם בעמ,IL,קרם גוף בייבי כיף 50,מיליליטרים,500.00,"100 מ""ל",false,,19.90,0.0398,true,1,3974
7290108359831,false,"כיף - בייבי כיף שמן 500 מ""ל","מיוצר ומשווק ע""י קוס",IL,שמן לתינוק בייבי כיף,מיליליטרים,500.00,"100 מ""ל",false,,19.90,0.0398,true,1,3975
7290108359848,false,בייבי כיף שמפו אל דמע 1 ל',בייבי כיף Baby,IL,שמפו בייבי כיף אל דמ,קילוגרמים,1.00,ליטר,false,,17.90,17.9000,true,1,3976
7290108359862,false,בייבי כיף אל סבון 1 ליטר,בייבי כיף Baby,IL,אל סבון בייבי כיף 1,קילוגרמים,1.00,ליטר,false,,17.90,17.9000,true,1,3977
7290108359886,false,תחליב רחצה בייבי כיף 1 ליטר,בייבי כיף Baby,IL,תחליב רחצה בייבי כיף,קילוגרמים,1.00,ליטר,false,,17.90,17.9000,true,1,3978
7290108359985,false,סנו - ז'אוול מרסס קצף לניקוי וחינו בניחוח פריחה לבנה 1 ליטר,סנו ז'אוול Javel,IL,תרסיס ניקוי סנו גאוו,קילוגרמים,1.00,ליטר,false,,16.90,16.9000,true,1,3979
7290108500677,false,כבד דג שיבוט מעושן בשמן הדג,"איטיליאן פוד, אס.פי.",IT,כבד דג שיבוט וילי פו,גרמים,120.00,100 גרם,false,,8.90,0.0742,true,1,2187
7290108502305,false,גבינת גרדה פדנו משולש 150 גר`וילי פוד,וילי פוד,IT,גבינת גרנה פדנו משול,גרמים,150.00,100 גרם,false,,18.90,0.1260,true,1,2189
7290108503043,false,תפוחונים חטיף פלחים מיובשים מארז 22X4ג',ינטאי זונגקאן פוד קו,CN,מארז תפוחונים ויליפו,גרמים,88.00,100 גרם,false,,14.90,0.1693,true,1,2198
7290108503159,false,גבינה כחולה עם עובש 100 גר,קסוס אל פסטור,ES,גבינה כחולה 31% יורו,גרמים,100.00,100 גרם,false,,9.90,0.0990,true,1,2199
7290108503647,false,"אורז בסמטי מובחר 1 ק""ג",אל.טי.פודס בעמ,IN,אורז בסמטי דאווט 1 ק,פריט,1.00,"ק""ג",false,,9.90,9.9000,true,1,2202
7290108503654,false,"אורז בסמטי מובחר 5 ק""ג",lt foods,IN,אורז בסמטי דאווט 5 ק,פריט,5.00,"ק""ג",false,,49.90,9.9800,true,1,2203
7290108503975,false,קנלוני פסטה איטליאנה,ויליפוד,IT,קנלוני פסטה איטליאנה,גרמים,250.00,100 גרם,false,,9.90,0.0396,true,1,2209
7290108505153,false,יוגורט בטעם טבעי 2% שומן 150 ג',Euro יורו מחלבות אירופה,GR,יוגורט יווני בטעם טב,גרמים,150.00,100 גרם,false,,4.80,0.0320,true,1,2219
7290108505160,false,יוגורט עם אגסים 4% שומן 150 ג',Euro יורו מחלבות אירופה,GR,יוגורט יווני עם אגסי,גרמים,150.00,100 גרם,false,,4.80,0.0320,true,1,2220
7290108505177,false,יוגורט עם אננס 0% שומן 150 ג',Euro יורו מחלבות אירופה,GR,יוגורט יווני עם אננס,גרמים,150.00,100 גרם,false,,4.80,0.0320,true,1,2221
7290108505184,false,יוגורט עם קוקוס 5% שומן 150 ג',Euro יורו מחלבות אירופה,GR,יוגורט יווני עם קוקו,גרמים,150.00,100 גרם,false,,4.80,0.0320,true,1,2222
7290108505207,false,יוגורט עם אוכמניות 0% שומן 150 ג',Euro יורו מחלבות אירופה,GR,יוגורט יווני עם אוכמ,גרמים,150.00,100 גרם,false,,4.80,0.0320,true,1,2224
7290108505214,false,יוגורט עם אפרסק 0% שומן 150 ג',Euro יורו מחלבות אירופה,GR,יוגורט יווני עם אפרס,גרמים,150.00,100 גרם,false,,4.80,0.0320,true,1,2225
7290108505689,false,גבינת גרנה פדנו מגורדת 100 גרם,זנאטי,IT,גבינת גרנה פדנו מגור,גרמים,100.00,100 גרם,false,,9.90,0.0990,true,1,2226
7290108505719,false,גבינת מוצרלה מגורדת 25%,יורו צ'יז Euro Cheese,TR,גבינת מוצרלה מגורדת,גרמים,200.00,100 גרם,false,,12.90,0.0645,true,1,25160
7290108505733,false,צמות - גבינה חצי קשה 25% שומן 200 ג',אונטד גידה,TR,צמות גבינה חצי קשה 2,גרמים,200.00,100 גרם,false,,12.90,0.0645,true,1,25157
7290108505740,false,גבינת קשקבל קשה למחצה 25% שומן,Euro יורו מחלבות אירופה,TR,גבינת קשקבל 25% יורו,גרמים,200.00,100 גרם,false,,12.90,0.0645,true,1,25158
7290108506037,false,יוגורט בטעם טבעי 5% שומן דלתא 150 ג',Euro יורו מחלבות אירופה,GR,יוגורט יווני בטעם טב,גרמים,150.00,100 גרם,false,,4.80,0.0320,true,1,2227
7290108506426,false,בייגלה קראנצ'י טורקי אותנטי - מוקפא,וילי פוד,TR,בייגלה טורקי סימיט ע,גרמים,400.00,100 גרם,false,,12.90,0.0323,true,1,28102
7290108507058,false,ביסקויט פריך בשוקולד חלב 100 גרם -קהילות,מודרן צוקולטה,TR,ביסקוויט פריך בשוקול,מיליליטרים,100.00,"100 מ""ל",false,,6.90,0.0690,true,1,2228
7290108507188,false,"כנאפה קפוא 657 גרם אריזה משפחתית חתם סופר פ""ת",ארמה גרופ,TR,כנאפה מאפה שערות קדא,גרמים,450.00,100 גרם,false,,19.90,0.0442,true,1,2229
7290108507645,false,ביסקויט פריך בשוקולד מריר 100 גרם -קהילות,מודרן צוקולטה,TR,ביסקוויט פריך בשוקול,גרמים,100.00,100 גרם,false,,6.90,0.0690,true,1,2234
7290108507652,false,ביסקויט פריך בשוקולד לבן 100 גרם -קהילות,מודרן צוקולטה,TR,ביסקוויט פריך בשוקול,מיליליטרים,100.00,"100 מ""ל",false,,6.90,0.0690,true,1,2235
7290108508369,false,גבינת שערות צ'יז לונ,אונטד גידה,TR,שערות גבינה חצי קשה,גרמים,200.00,100 גרם,false,,12.90,0.0645,true,1,25624
7290108508451,false,"משקה יוגורט טבעי 3.2% שומן יורו 200 מ""ל",Euro יורו מחלבות אירופה,TR,משקה יוגורט טבעי יור,מיליליטרים,200.00,"100 מ""ל",false,,4.90,0.0245,true,1,2243
7290108508499,false,"איירן משקה יוגורט בסגנון טורקי יורו 293 מ""ל",Euro יורו מחלבות אירופה,TR,משקה איירן יוגורט בס,מיליליטרים,293.00,"100 מ""ל",false,,4.90,0.0167,true,1,2247
7290108508765,false,פתיתים קונכיות ויליפ,וילי פוד,TR,פתיתים קונכיות ויליפ,גרמים,400.00,100 גרם,false,,4.90,0.0123,true,1,2257
7290108508772,false,קונכיות פתיתים עם תרד 400 גרם,וילי פוד,TR,פתיתים קונכיות תרד ו,גרמים,400.00,100 גרם,false,,4.90,0.0123,true,1,2258
7290108508901,false,יוגורט+דובדבנים ושקדים 150 גרם 0.6% שומן - דלתא,Euro יורו מחלבות אירופה,GR,יוגורט יווני עם דובד,גרמים,150.00,100 גרם,false,,4.80,0.0320,true,1,2260
7290108508963,false,גבינת קשקבל מגורדת 25% שומן,Euro יורו מחלבות אירופה,TR,גבינת קשקבל מגורדת 2,גרמים,200.00,100 גרם,false,,12.90,0.0645,true,1,25159
7290108509106,false,"גבינה בולגרית מעודנת בקוביות 13% שומן 200 ג' חת""ס פ""ת",קוליוס,TW,קוביות בולגרית מעודנ,גרמים,250.00,100 גרם,false,,11.90,0.0476,true,1,28103
7290108509113,false,"גבינה בולגרית מעודנת 18% שומן 250 גרם חת""ס פ""ת",Euro יורו מחלבות אירופה,TR,גבינה בולגרית מעודנת,גרמים,250.00,100 גרם,false,,11.90,0.0476,true,1,28104
7290108509199,false,גבינת פטה 17% שומן יורו 500 ג',קוליוס,TW,גבינת פטה 17% יורו 5,גרמים,500.00,100 גרם,false,,19.90,0.0398,true,1,28105
7290108509816,false,גבינת בייבי מוצרלה 2,אונטד גידה,TR,גבינת בייבי מוצרלה 2,גרמים,200.00,100 גרם,false,,12.90,0.0645,true,1,25625
7290108620023,false,"יין קפיטל קברנה סוביניון 750 מ""ל",יקבי ציון,IL,יין קפיטל קברנה סובי,מיליליטרים,750.00,"100 מ""ל",false,,49.90,0.0665,true,1,6296
7290108620054,false,"יין אסטייט קברנה סוביניון 750 מ""ל",יקבי ציון,IL,יין אסטייט קברנה סוב,מיליליטרים,750.00,"100 מ""ל",false,,39.90,0.0532,true,1,6298
7290108620108,false,"יין קברנה סוביניון אימפריאל 750 מ""ל",יקבי ציון,IL,יין אימפריאל קברנה ס,מיליליטרים,700.00,"100 מ""ל",false,,29.90,0.0427,true,1,6301
7290108620115,false,"יין אימפריאל מרלו 750 מ""ל",יקבי ציון,IL,יין אימפריאל מרלו,מיליליטרים,750.00,"100 מ""ל",false,,29.90,0.0399,true,1,6302
7290108620153,false,"יין אסטייט קברנה סמי 750 מ""ל",יקבי ציון,IL,יין אסטייט קברנה סמי,מיליליטרים,750.00,"100 מ""ל",false,,34.90,0.0465,true,1,6304
7290108620177,false,"יין פאלאס בלנד אדום 750 מ""ל",יקבי ציון,IL,יין פאלאס בלנד אדום,מיליליטרים,750.00,"100 מ""ל",false,,24.90,0.0332,true,1,6306
7290108620214,false,"יין פאלאס בלנד לבן 750 מ""ל",יקבי ציון,IL,יין פאלאס בלנד לבן י,מיליליטרים,750.00,"100 מ""ל",false,,24.90,0.0332,true,1,6309
7290108620245,false,מיץ ענבים מובחר לבן 100% טבעי 1 ליטר,יקבי ציון,IL,מיץ ענבים תירוש לבן,קילוגרמים,1.00,ליטר,false,,16.90,16.9000,true,1,6310
7290108620351,false,"יין גן עדן 750 מוסקט המבורג 750 מ""ל",יקבי ציון,IL,יין גן עדן מוסקט המב,מיליליטרים,750.00,"100 מ""ל",false,,19.90,0.0265,true,1,6311
7290108620368,false,"יין גן עדן 750 מוסקט אלכסנדרוני 750 מ""ל",יקבי ציון,IL,יין גן עדן מוסקט אלכ,מיליליטרים,750.00,"100 מ""ל",false,,19.90,0.0265,true,1,6312
7290109351025,false,מלך החומוס חומוסטחינה 40% טחינה גולמית,סלטי צבר,IL,חומוסטחינה צבר 400 ג,גרמים,400.00,100 גרם,false,,13.90,0.0348,true,1,844
7290109351971,false,פריכיות דגנים פיטנס מצופות שוקולד חלב,נסטלה Nestle,IL,פריכיות דגנים מצופות,גרמים,84.00,100 גרם,false,,11.90,0.1417,true,1,846
7290109352916,false,פריכיות דגנים פיטנס מצופות שוקולד לבן,נסטלה Nestle,IL,פריכיות דגנים מצופות,גרמים,84.00,100 גרם,false,,11.90,0.1417,true,1,847
7290109354057,false,קרחוני לה פרוטה La Frutta בטעמי אננס תפוז- 5 יח',תות תעשיות מזון (201,IL,שלגוני לה פרוטה תפוז,גרמים,350.00,100 גרם,false,,17.90,0.0511,true,1,8462
7290109354101,false,לחמית ללא גלוטן 200 ג' אסם,אסם,IL,לחמית ל.גלוטן אסם 20,גרמים,200.00,100 גרם,false,,6.90,0.0345,true,1,596
7290109354996,false,פתי בר ללא גלוטן שוקו אוסם 200 ג',מיוצר עי קונדיטוריית,IL,פתיבר שוקו ל.גלוטן א,גרמים,200.00,100 גרם,false,,8.90,0.0445,true,1,598
7290109358482,false,עוגיות קרמוגית במילוי קרם בטעם חלבה,היינץ צפון אמריקה מק,IL,עוגיות קרמוגית במילו,גרמים,200.00,100 גרם,false,,9.90,0.0495,true,1,602
7290109580043,false,"שניצל תירס קלאסי זוגלובק 1.75 ק""ג",זוגלובק,IL,שניצל תירס זוגלובק 1,פריט,1.75,"ק""ג",false,,49.90,28.5143,true,1,4819
7290109580098,false,קבנוס בטעם סרירצ'ה 135 ג' זוגלובק,זוגלובק,IL,קבנוס בטעם סרירצ'ה ז,גרמים,135.00,100 גרם,false,,9.90,0.0733,true,1,4820
7290109580104,false,פסטרמה פרימיום רוסטביף 150 גר',זוגלובק,IL,רוסטביף זוגלובק 150,גרמים,150.00,100 גרם,false,,24.90,0.1660,true,1,4821
7290109580111,false,"צלעות אסאדו מעושנות פרימיום, 120 גרם",זוגלובק,IL,צלעות אסאדו מעושנות,גרמים,120.00,100 גרם,false,,24.90,0.2075,true,1,4822
7290109580135,false,פרימיום קורנדביף זוגלובק 180 ג',זוגלובק,IL,קורנדביף זוגלובק 180,גרמים,180.00,100 גרם,false,,24.90,0.1383,true,1,4824
7290109580142,false,"נקניקיות מן הצומח זוגלובק 1.75 ק""ג",קריות זול,IL,נקניקיות מן הצומח זו,פריט,1.75,"ק""ג",false,,39.90,22.8000,true,1,4825
7290109580166,false,פרימיום סרוולד קלאסי זוגלובק 150 ג',זוגלובק,IL,סלמי סרוולד זוגלובק,גרמים,150.00,100 גרם,false,,24.90,0.1660,true,1,4827
7290109580210,false,נקנקיות ריינהולד'ס הצרפתיה זוגלובק 300 ג',זוגלובק,IL,נקניקיות ריינהולדס ה,גרמים,300.00,100 גרם,false,,19.90,0.0663,true,1,4831
7290109580227,false,נקניקיות עוף ובקר בסגנון ברלינאי קאריוורסט,זוגלובק,IL,נקניקיות ריינהולדס ק,גרמים,300.00,100 גרם,false,,19.90,0.0663,true,1,4832
7290109580241,false,נאגטס מן הצומח 500 ג' זוגלובק,זוגלובק טבע,IL,נאגטס שניצלונים מן ה,גרמים,500.00,100 גרם,false,,21.90,0.0438,true,1,25862
7290109580258,false,מארז ח.עוף והודו 300 גר'+ סלמי תה 300 גר',זוגלובק,IL,מארז חרמון כפרית וסל,גרמים,600.00,100 גרם,false,,25.90,0.0432,true,1,25863
7290109580302,false,זוג תה מעושן 350 ג'+ ח.עוף 350 ג' בית יוסף,זוגלובק,IL,מארז תה מעושן וחרמון,גרמים,700.00,100 גרם,false,,25.90,0.0370,true,1,26724
7290109580326,false,נקניקיות עוף 800 גרם בית יוסף,זוגלובק,IL,נקניקיות עוף זוגלובק,גרמים,800.00,100 גרם,false,,22.90,0.0286,true,1,26725
7290109580357,false,חרמון 300 ג'+ חרמון ברביקיו 300 ג' בית יוסף,זוגלובק,IL,מארז חרמון וברביקיו,גרמים,600.00,100 גרם,false,,25.90,0.0432,true,1,26726
7290109844770,false,תנור חימום 5 צדדים 9 גופי חימום קוורץ לבן/שחור,,,תנור חימום 5 צדדים ק,Unknown,0.00,יחידה,false,,179.90,0.0000,true,1,28211
7290109844794,false,תנור חימום קוורץ 2400 וואט 4 גופי חימום + 2 למעלה,,,תנור חימום 2 צדדים מ,Unknown,0.00,יחידה,false,,159.90,0.0000,true,1,28212
7290109844831,false,תנור חימום קרמי עגול 1800W דגם : LX-1300,,,תנור חימום קרמי מולר,Unknown,0.00,יחידה,false,,149.90,0.0000,true,1,28214
7290109848488,false,תנור חימום אינפרא ענק 3000 וואט 3 גופי חימום צד + 2 למעלה,,,תנור חימום אינפרא 2,Unknown,0.00,יחידה,false,,199.90,0.0000,true,1,28215
7290110000479,false,פריכיות אורז ללא מלח,בטר אנד דיפרנט,IL,פריכיות אורז ללא מלח,גרמים,210.00,100 גרם,false,,7.90,0.0376,true,1,2018
7290110000486,false,פריכיות אורז עם כוסמ,בטר אנד דיפרנט,IL,פריכיות אורז עם כוסמ,גרמים,210.00,100 גרם,false,,7.90,0.0376,true,1,2019
7290110000493,false,חמאת בוטנים טבעית קראנצ'י 350 גר',בטר אנד דיפרנט,IL,חמאת בוטנים קראנצ'י,גרמים,350.00,100 גרם,false,,13.90,0.0397,true,1,2020
7290110000967,false,מתוקל ממתיק נוזלי 390 גר',עין חרוד,IL,ממתיק נוזלי מתוקל 39,גרמים,390.00,100 גרם,false,,14.90,0.0382,true,1,2024
7290110001315,false,מיכל חלבי 2 ליטר 4 י,בטר אנד דיפרנט,IL,מיכל חלבי 2 ליטר 4 י,Unknown,0.00,יחידה,false,,14.90,0.0000,true,1,2025
7290110001612,false,ממתיק צמחי אריתריטול,בטר אנד דיפרנט,IL,ממתיק צמחי אריתריטול,פריט,1.00,"ק""ג",false,,39.90,39.9000,true,1,2030
7290110001995,false,קופסאות אחסון מלבנית 1ל' חמישייה פרווה,בטר אנד דיפרנט,IL,מארז 4 קופסאות אחסון,Unknown,0.00,יחידה,false,,11.90,0.0000,true,1,27794
7290110002008,false,קופסאות אחסון מלבנית 1ל' חמישייה בשרי,בטר אנד דיפרנט,IL,מארז 4 קופסאות אחסון,Unknown,0.00,יחידה,false,,11.90,0.0000,true,1,27793
7290110002206,false,"שמן קוקוס 500 מ""ל כשל""פ",בטר אנד דיפרנט,IL,שמן קוקוס מזוכך ב.ד.,מיליליטרים,500.00,"100 מ""ל",false,,19.90,0.0398,true,1,2031
7290110110277,false,סיידר תפוחים מוגז - מארז רביעייה,"קרלסברג קרואטיה , יב",RO,סיידר תפוחים סומרסבי,קילוגרמים,1.98,ליטר,false,,24.90,12.5758,true,1,4039
7290110110369,false,בירה קרלסברג לומה LUMA שישייה,מבשלות בירה בינלאומי,IL,מארז בירה קרלסברג לו,קילוגרמים,1.98,ליטר,false,,35.90,18.1313,true,1,4040
7290110110659,false,"ספרייט לימון ליים פחית 330מ""ל",החברה המרכזית לייצור,IL,"ספרייט 330 מ""ל",מיליליטרים,330.00,"100 מ""ל",false,,4.90,0.0148,true,1,4046
7290110114787,false,נביעות + תפוח 1.5 ליטר פיקדון,נביעות טבע הגליל בעמ,IL,נביעות מים בטעם תפוח,קילוגרמים,1.50,ליטר,false,,8.40,5.6000,true,1,4054
7290110114794,false,נביעות + אפרסק 1.5 ליטר פיקדון,"נביעות טבע הגליל בע""",IL,נביעות מים בטעם אפרס,קילוגרמים,1.50,ליטר,false,,8.40,5.6000,true,1,4055
7290110114800,false,נביעות + ענבים 1.5 ליטר פיקדון,"נביעות טבע הגליל בע""",IL,נביעות מים בטעם ענבי,קילוגרמים,1.50,ליטר,false,,8.40,5.6000,true,1,4056
7290110114855,false,"נביעות מים מינרליים, שישיה 6 * 1.5 ליטר פקדון",נביעות טבע הגליל בעמ,IL,מים נביעות 6*1.5 ליט,קילוגרמים,9.00,ליטר,false,,12.30,1.3667,true,1,4057
7290110114954,false,מיץ תפוזים מתקתקים 100% 2 ל' פריגת,פריגת,IL,מיץ תפוזים מתקתק פרי,קילוגרמים,2.00,ליטר,false,,19.90,9.9500,true,1,4583
7290110114961,false,מיץ בטעם תפוזים 1.5ל' פריגת,מבשלות בירה בינלאומי,IL,פריגת תפוזים 1.5 ליט,קילוגרמים,1.50,ליטר,false,,8.80,5.8667,true,1,4058
7290110114985,false,פריגת אשכולית 1.5 ליטר פיקדון,מבשלות בירה בינלאומי,IL,פריגת אשכוליות 1.5 ל,קילוגרמים,1.50,ליטר,false,,8.80,5.8667,true,1,4060
7290110114992,false,פריגת light אשכולית 1.5 ליטר פיקדון,מבשלות בירה בינלאומי,IL,פריגת אשכוליות דיאט,קילוגרמים,1.50,ליטר,false,,8.80,5.8667,true,1,4061
7290110115005,false,פריגת ענבים 1.5 ליטר פיקדון,מבשלות בירה בינלאומי,IL,פריגת ענבים 1.5 ליטר,קילוגרמים,1.50,ליטר,false,,8.80,5.8667,true,1,4062
7290110115012,false,מיץ ענבים בניחוח מרלו 1.5 ל' פריגת,פריגת,IL,פריגת ענבי מרלו 1.5,קילוגרמים,1.50,ליטר,false,,8.80,5.8667,true,1,4063
7290110115029,false,"פריגת משק""ל תפוח 1.5 ליטר פיקדון",מבשלות בירה בינלאומי,IL,פריגת תפוח 1.5 ליטר,קילוגרמים,1.50,ליטר,false,,8.80,5.8667,true,1,4064
7290110115036,false,פריגת מנגו 1.5 ליטר פיקדון,מבשלות בירה בינלאומי,IL,פריגת מנגו 1.5 ליטר,קילוגרמים,1.50,ליטר,false,,8.80,5.8667,true,1,4065
7290110115043,false,פריגת לימונענע 1.5 ליטר פיקדון,מבשלות בירה בינלאומי,IL,פריגת לימונענע 1.5 ל,קילוגרמים,1.50,ליטר,false,,8.80,5.8667,true,1,4066
7290110115050,false,פריגת מיקס תות בננה 1.5 ליטר פיקדון,מבשלות בירה בינלאומי,IL,פריגת מיקס תות בננה,קילוגרמים,1.50,ליטר,false,,8.80,5.8667,true,1,4067
7290110115081,false,פריגת צלול ענבים 1.5 ליטר פיקדון,מבשלות בירה לישראל ב,IL,פריגת צלול ענבים 1.5,קילוגרמים,1.50,ליטר,false,,8.20,5.4667,true,1,4068
7290110115104,false,פריגת צלול אפרסק 1.5 ליטר פיקדון,מבשלות בירה בינלאומי,IL,פריגת צלול אפרסק 1.5,קילוגרמים,1.50,ליטר,false,,8.20,5.4667,true,1,4069
7290110115111,false,פריגת צלול אננס 1.5 ליטר פיקדון,מבשלות בירה לישראל ב,IL,פריגת צלול אננס 1.5,קילוגרמים,1.50,ליטר,false,,8.20,5.4667,true,1,4070
7290110115128,false,פריגת צלול בטעם לימונענע 1.5 ליטר פיקדון,מבשלות בירה לישראל ב,IL,פריגת צלול לימונענע,קילוגרמים,1.50,ליטר,false,,8.20,5.4667,true,1,4071
7290110115203,false,קוקה קולה 1.5 ליטר פיקדון,קוקה קולה Coca Cola,IL,קוקה קולה 1.5 ליטר,קילוגרמים,1.50,ליטר,false,,8.90,5.9333,true,1,4073
7290110115227,false,קולה ZERO 1.5 ליטר פיקדון,קוקה קולה Coca Cola,IL,קוקה קולה זירו 1.5 ל,קילוגרמים,1.50,ליטר,false,,8.90,5.9333,true,1,4075
7290110115234,false,קולה ZERO נטול 1.5 ליטר פיקדון,החברה המרכזית לייצור,IL,קוקה קולה זירו נטול,קילוגרמים,1.50,ליטר,false,,8.90,5.9333,true,1,4076
7290110115241,false,קוקה קולה זירו לימון 1.5 ליטר,החברה המרכזית לייצור,IL,קוקה קולה זירו לימון,קילוגרמים,1.50,ליטר,false,,8.90,5.9333,true,1,4077
7290110115265,false,ספרייט 1.5 ליטר LIME פיקדון,החברה המרכזית לייצור,IL,ספרייט למון ליים 1.5,קילוגרמים,1.50,ליטר,false,,8.90,5.9333,true,1,4079
7290110115272,false,ZERO ספרייט זירו 1.5 ליטר פיקדון,החברה המרכזית לייצור,IL,ספרייט זירו 1.5 ליטר,קילוגרמים,1.50,ליטר,false,,8.90,5.9333,true,1,4080
7290110115296,false,פאנטה אורנג' 1.5 ליטר פיקדון,החברה המרכזית לייצור,IL,פאנטה אורנג 1.5 ליטר,קילוגרמים,1.50,ליטר,false,,8.20,5.4667,true,1,4082
7290110115302,false,פאנטה ZERO אורנג' 1.5 ליטר פיקדון,החברה המרכזית לייצור,IL,פאנטה אורנג זירו 1.5,קילוגרמים,1.50,ליטר,false,,8.20,5.4667,true,1,4083
7290110115319,false,פאנטה אקזוטיק 1.5 ליטר פיקדון,החברה המרכזית לייצור,IL,פאנטה אקזוטיק 1.5 לי,קילוגרמים,1.50,ליטר,false,,8.20,5.4667,true,1,4084
7290110115340,false,פאנטה ענבים 1.5 ליטר פיקדון,קוקה קולה,IL,פאנטה ענבים 1.5 ליטר,קילוגרמים,1.50,ליטר,false,,8.20,5.4667,true,1,4087
7290110115364,false,קוקה קולה שישיות 1.5 ליטר פיקדון,החברה המרכזית לייצור,IL,מארז קוקה קולה 6*1.5,קילוגרמים,9.00,ליטר,false,,49.90,5.5444,true,1,4088
7290110115388,false,ספרייט ליים שישיות 1.5 ליטר פיקדון,החברה המרכזית לייצור,IL,מארז ספרייט ליים 6*1,קילוגרמים,9.00,ליטר,false,,44.90,4.9889,true,1,4089
7290110115395,false,ZERO ספרייט שישיות 1.5 ליטר פיקדון,החברה המרכזית לייצור,IL,מארז ספרייט זירו 6*1,קילוגרמים,9.00,ליטר,false,,42.90,4.7667,true,1,4090
7290110115418,false,מארז שישייה קוקה קולה זירו 1.5 ל',החברה המרכזית לייצור,IL,מארז קוקה קולה זירו,קילוגרמים,9.00,ליטר,false,,46.90,5.2111,true,1,4092
7290110115449,false,אייס תה בטעם מנגו אננס 1.5ל' FUZE TEA,מבשלות בירה בינלאומי,IL,פיוז תה אננס 1.5 ליט,קילוגרמים,1.50,ליטר,false,,8.90,5.9333,true,1,4094
7290110115456,false,"תה קר בטעם אפרסק 19 קלוריות ב- 100 מ""ל",מבשלות בירה בינלאומי,IL,פיוז תה אפרסק מופחת,קילוגרמים,1.50,ליטר,false,,8.90,5.9333,true,1,4095
7290110115463,false,אייס תה בטעם אפרסק 1.5ל' FUZE TEA,מבשלות בירה בינלאומי,IL,פיוז תה אפרסק 1.5 לי,קילוגרמים,1.50,ליטר,false,,8.90,5.9333,true,1,4096
7290110115494,false,אייס תה בטעם ענבים 1.5ל' FUZE TEA,מבשלות בירה בינלאומי,IL,פיוז תה ענבים 1.5 לי,קילוגרמים,1.50,ליטר,false,,8.90,5.9333,true,1,4099
7290110115531,false,פאנטה ZERO תפוח 1.5 ליטר פיקדון,החברה המרכזית לייצור,IL,פאנטה תפוח זירו 1.5,קילוגרמים,1.50,ליטר,false,,8.20,5.4667,true,1,4102
7290110115593,false,פריגת אשכוליות 40% פחות סוכר 1.5 ליטר פיקדון,מבשלות בירה בינלאומי,IL,פריגת אשכוליות 40% פ,קילוגרמים,1.50,ליטר,false,,8.80,5.8667,true,1,4107
7290110115609,false,פריגת ענבים 40% פחות סוכר 1.5 ליטר פיקדון,מבשלות בירה בינלאומי,IL,פריגת ענבים 40% פחות,קילוגרמים,1.50,ליטר,false,,8.80,5.8667,true,1,4108
7290110115616,false,FUZE tea zero גרין אננס 1.5 ליטר פיקדון,מבשלות בירה בינלאומי,IL,פיוז תה זירו גרין אנ,קילוגרמים,1.50,ליטר,false,,8.90,5.9333,true,1,4109
7290110115623,false,משקה פיוז טי זירו ZERO בטעם אפרסק,מבשלות בירה בינלאומי,IL,פיוז תה זירו אפרסק 1,קילוגרמים,1.50,ליטר,false,,8.90,5.9333,true,1,4110
7290110116064,false,פאנטה ZERO פירות ירוק 1.5 ליטר פיקדון,החברה המרכזית לייצור,IL,פאנטה אננס מנגו זירו,קילוגרמים,1.50,ליטר,false,,8.20,5.4667,true,1,26721
7290110116125,false,סירופ בטעם פטל במתיק,סירופ גבעת חיים,IL,סירופ בטעם פטל במתיק,מיליליטרים,750.00,"100 מ""ל",false,,19.90,0.0265,true,1,26804
7290110116132,false,"מיץ לימון 750 מ""ל פריגת",סירופ גבעת חיים,IL,סירופ בטעם לימון פרי,מיליליטרים,750.00,"100 מ""ל",false,,19.90,0.0265,true,1,26802
7290110116149,false,"מיץ ענבים 750 מ""ל פריגת",סירופ גבעת חיים,IL,סירופ בטעם ענבים במת,מיליליטרים,750.00,"100 מ""ל",false,,19.90,0.0265,true,1,26805
7290110116156,false,נביעות+ רכיבי פרי מנגו פסיפלורה 1.5 ליטר,נביעות,IL,נביעות רכיבי פרי מים,קילוגרמים,1.50,ליטר,false,,8.40,5.6000,true,1,26845
7290110116170,false,נביעות+ רכיבי פרי קוקוס אננס 1.5 ליטר,נביעות,IL,נביעות רכיבי פרי מים,קילוגרמים,1.50,ליטר,false,,8.40,5.6000,true,1,26848
7290110116194,false,"מים לימון ליים 0 קלוריות, 1.5 ל נביעות","נביעות טבע הגליל בע""",IL,נביעות 0 קלוריות מים,קילוגרמים,1.50,ליטר,false,,8.40,5.6000,true,1,26846
7290110116217,false,נביעות+ אשכוליות 0קלוריות 1.5 ליטר,"נביעות טבע הגליל בע""",IL,נביעות 0 קלוריות מים,קילוגרמים,1.50,ליטר,false,,8.40,5.6000,true,1,26847
7290110116392,false,מיץ תפוזים 750 מל פריגת,סירופ גבעת חיים,IL,סירופ בטעם תפוזים פר,מיליליטרים,750.00,"100 מ""ל",false,,19.90,0.0265,true,1,26803
7290110116569,false,"ספרייט זירו ZERO בק LEMON HIT, 1.5 ליטר",החברה המרכזית לייצור,IL,ספרייט זירו לימון הי,קילוגרמים,1.50,ליטר,false,,8.90,5.9333,true,1,27738
7290110320867,false,פתיתים גבינה חצי קשה מגורדת 28% שומן,תנובה מרכז שיתופי לש,IL,גבינה מגורדת עמק 500,גרמים,500.00,100 גרם,false,,32.90,0.0658,true,1,13840
7290110320935,false,גבינת מוצרלה תנובה 150ג' פרוסות,תנובה מרכז שיתופי לש,IL,גבינת מוצרלה פרוסות,גרמים,150.00,100 גרם,false,,15.90,0.1060,true,1,13841
7290110321277,false,קוטג' בקטנה % 5 100 ג' תנובה,פארייפאבה אגרואינדוס,IL,קוטג בקטנה 5% תנובה,גרמים,100.00,100 גרם,false,,2.50,0.0250,true,1,13845
7290110322014,false,טופו בטעם טבעי תנובה ALTERNATIVE,שוורצקוף& הנקל דיסלד,IL,טופו בטעם טבעי אלטרנ,גרמים,300.00,100 גרם,false,,5.90,0.0197,true,1,13850
7290110323714,false,משקה קוקוס שקדים תנובה E אלטרנטיב,מיוצר עי קונדיטוריית,IL,משקה קוקוס שקדים אלט,קילוגרמים,1.00,ליטר,false,,5.90,5.9000,true,1,13855
7290110324070,false,גבינת חלומי מחלב בקר 22%שומן 200גר,"תנובה בע""מ",IL,גבינת חלומי 30% פירא,גרמים,200.00,100 גרם,false,,17.90,0.0895,true,1,13863
7290110324711,false,ממרח סויה בטעם טבעי 9% שומן אלטרנטיב,מיוצר עי קונדיטוריית,IL,ממרח סויה בטעם טבעי,גרמים,250.00,100 גרם,false,,8.90,0.0356,true,1,13873
7290110324728,false,ממרח סויה עם שום שמיר 9% שומן אלטרנטיב,מיוצר עי קונדיטוריית,IL,ממרח סויה עם שום שמי,גרמים,250.00,100 גרם,false,,8.90,0.0356,true,1,13874
7290110324926,false,משקה סויה ללא תוספת סוכר E אלטרנטיב,תנובה מרכז שיתופי לש,IL,משקה סויה ללא תוספת,קילוגרמים,1.00,ליטר,false,,9.90,9.9000,true,1,13880
7290110325169,false,פרוסות גבינת גאודה 30%,תנובה,IL,פרוסות גאודה תנובה 1,גרמים,170.00,100 גרם,false,,16.90,0.0994,true,1,13882
7290110325510,false,יופלה טיוב יוגורט במרקם חלק בטעם וניל - 348 ג',"תנובה בע""מ",IL,מארז יופלה טיוב וניל,גרמים,348.00,100 גרם,false,,9.90,0.0284,true,1,13885
7290110325619,false,משקה שיבולת שועל תנובה E אלטרנטיב,מיוצר עי קונדיטוריית,IL,משקה שיבולת שועל אלט,קילוגרמים,1.00,ליטר,false,,11.60,11.6000,true,1,13886
7290110325893,false,משקה חלב GO מועשר בחלבון בטעם אייס קפה,מיוצר עי קונדיטוריית,IL,משקה GO אייס קפה 27,מיליליטרים,340.00,"100 מ""ל",false,,6.90,0.0203,true,1,13890
7290110326227,false,יוגורט און טופ קורנפלקס 157 ג' יופלה,מיוצר עי קונדיטוריית,IL,יופלה און טופ קורנפל,גרמים,157.00,100 גרם,false,,4.70,0.0299,true,1,13895
7290110326234,false,יוגורט און טופ כוכבים 157 ג' יופלה,מיוצר עי קונדיטוריית,IL,יופלה און טופ כוכבים,גרמים,157.00,100 גרם,false,,4.70,0.0299,true,1,13896
7290110327279,false,גבינת שמנת בסגנון טוסקנה נפוליאון 24% שומן 225 ג',תנובה מרכז שיתופי לש,IL,גבינת שמנת טוסקנה 24,גרמים,225.00,100 גרם,false,,12.50,0.0556,true,1,13915
7290110327514,false,משקה שיבולת שועל בטעם אגוזי לוז 1 ליטר אלטרנטיב,תנובה מרכז שיתופי לש,IL,משקה שיבולת שועל בטע,קילוגרמים,1.00,ליטר,false,,11.60,11.6000,true,1,13918
7290110328627,false,יוגורט יופלה GO במרקם סמיך בטעם בננה קרמל 0%,מיוצר עי קונדיטוריית,IL,יוגורט גו יופלה סמיך,גרמים,200.00,100 גרם,false,,4.70,0.0235,true,1,13944
7290110328641,false,טופו טבעי 500 ג אלטרנטיב 2*250 גרם,תנובה,IL,טופו טבעי אלטרנטיב 2,גרמים,500.00,100 גרם,false,,16.90,0.0338,true,1,26238
7290110328764,false,יוגורט יופלה GO במרקם סמיך עם תות 0%,מיוצר עי קונדיטוריית,IL,יוגורט גו יופלה סמיך,גרמים,200.00,100 גרם,false,,4.70,0.0235,true,1,13946
7290110328771,false,יוגורט יופלה GO במרקם סמיך עם פירות יער 0%,מיוצר עי קונדיטוריית,IL,יוגורט גו יופלה סמיך,גרמים,200.00,100 גרם,false,,4.70,0.0235,true,1,13947
7290110328788,false,יוגורט יופלה GO במרקם סמיך בטעם אפרסק 0%,תנובה מרכז שיתופי לש,IL,יוגורט גו יופלה סמיך,גרמים,200.00,100 גרם,false,,4.70,0.0235,true,1,13948
7290110328931,false,פתיתי גבינה צהובה למאפים 500 גרם השף הלבן,תנובה,IL,פתיתי גבינה למאפים ה,גרמים,500.00,100 גרם,false,,19.90,0.0398,true,1,28292
7290110329136,false,מעדן חלב מעושר בחלבון בטעם שוקולד 120 ג' GO,תנובה מרכז שיתופי לש,IL,מעדן חלב גו 12 מועשר,גרמים,120.00,100 גרם,false,,4.50,0.0375,true,1,13951
7290110329143,false,מעדן חלב מעושר בחלבון בטעם וניל גביע 120 ג' GO,תנובה מרכז שיתופי לש,IL,מעדן חלב גו 12 מועשר,גרמים,120.00,100 גרם,false,,4.50,0.0375,true,1,13952
7290110329686,false,"משקה חלב בטעם עוגיות 340 מ""ל GO",מיוצר עי קונדיטוריית,IL,משקה GO בטעם עוגיות,מיליליטרים,340.00,"100 מ""ל",false,,6.90,0.0203,true,1,26237
7290110329716,false,משקה קפה קר בטעם קפוצ'ינו 230 ג' תנובה,תנובה מרכז שיתופי לש,IL,משקה קפה קר בטעם קפו,מיליליטרים,230.00,"100 מ""ל",false,,6.90,0.0300,true,1,25476
7290110329723,false,משקה קפה קר בטעם לאטה 230 ג' תנובה,תנובה מרכז שיתופי לש,IL,משקה קפה קר בטעם לאט,מיליליטרים,230.00,"100 מ""ל",false,,6.90,0.0300,true,1,25477
7290110329730,false,"משקה חלב עם שוקולד וקפה בסגנון לאטה 2.7%  230 מ""ל תנובה",תנובה מרכז שיתופי לש,IL,משקה קפה קר בטעם לאט,מיליליטרים,230.00,"100 מ""ל",false,,6.90,0.0300,true,1,25478
7290110329808,false,יוגורט סויה BIO Alternative תות 150 ג' תנובה,מיוצר עי קונדיטוריית,IL,מעדן סויה ביו תות אל,גרמים,150.00,100 גרם,false,,4.40,0.0293,true,1,13964
7290110329815,false,סויה BIO מתיקות מעודנת גביע 150 גרם אלטרנטיב,מיוצר עי קונדיטוריית,IL,מעדן סויה ביו מתיקות,גרמים,150.00,100 גרם,false,,4.40,0.0293,true,1,13965
7290110329822,false,יוגורט סויה BIO Alternative פירות יער 150 ג' תנובה,מיוצר עי קונדיטוריית,IL,מעדן סויה ביו פירות,גרמים,150.00,100 גרם,false,,4.40,0.0293,true,1,13966
7290110329839,false,פרוסות צהובה בטעם זיתים 200 ג' אלטרנטיב אלטרנטיב,מיוצר עי קונדיטוריית,IL,פרוסות צהובה בטעם זי,גרמים,200.00,100 גרם,false,,19.90,0.0995,true,1,26227
7290110329846,false,יוגורט סויה BIO Alternative בטעם טבעי 150 ג' תנובה,תנובה Alternative,IL,מעדן סויה ביו טבעי א,גרמים,150.00,100 גרם,false,,4.40,0.0293,true,1,13967
7290110550202,false,מטבעות שוקולד חלב לאפיה 400 ג עילת,שטראוס,IL,מטבעות שוקולד חלב לא,גרמים,400.00,100 גרם,false,,24.90,0.0622,true,1,25266
7290110550226,false,מטבעות שוקולד מריר לאפיה 400 ג עלית,שטראוס,IL,מטבעות שוקולד מריר ל,גרמים,400.00,100 גרם,false,,24.90,0.0622,true,1,25268
7290110552121,false,יוגורט בתוספת סידן וויטמין ד 100 ג' דנונה,תנובה מרכז שיתופי לש,IL,דנונה היוגורט הראשון,גרמים,100.00,100 גרם,false,,2.20,0.0220,true,1,25329
7290110552220,false,יוגורט PRO בטעם תות 0% סוכר לבן 20 גרם חלבון בגביע,"שטראוס בריאות בע""מ",IL,דנונה פרו 20 תות ללא,גרמים,200.00,100 גרם,false,,5.90,0.0295,true,1,12279
7290110552237,false,יוגורט פרו בטעם אפרסק מנגו ללא סוכר 200 ג' דנונה,"שטראוס בריאות בע""מ",IL,דנונה פרו 20 אפרסק ו,גרמים,200.00,100 גרם,false,,5.90,0.0295,true,1,12280
7290110554583,false,מארז חטיפי צ'יטוס פאפס בטעם גבינה - 10 יחידות,שטראוס,IL,מארז צ'יטוס בטעם גבי,גרמים,200.00,100 גרם,false,,11.50,0.0575,true,1,12916
7290110554729,false,קפסולות עלית אספרסו 04 תואמות למכונות NESPRESSO,שטראוס קפה בי.וי,IL,קפסולות עלית מס 04 ל,גרמים,50.00,100 גרם,false,,15.50,0.3100,true,1,12715
7290110554798,false,פולי אספרסו עשירים וארומטיים עוצמה 08 250 ג' עלית,שטראוס קפה בי.וי,IL,פולי קפה ארומטיים בק,גרמים,250.00,100 גרם,false,,19.90,0.0796,true,1,27809
7290110555009,false,מארז זוג רוטב פסאטה 2* 350 ג' יד מרדכי,אימילאנה,IT,מחית עגבניות פסאטה י,גרמים,700.00,100 גרם,false,,11.90,0.0170,true,1,26299
7290110555306,false,רבע לשבע טבעוני סינמון באן 25ג' עלית,הגביע מוצרי וופלים ב,IL,גלילי ופל רבע לשבע ס,גרמים,125.00,100 גרם,false,,9.60,0.0768,true,1,25912
7290110556242,false,"שוקולד מריר פרווה 100 גר' בד""ץ תוצרת חוץ","שטראוס גרופ בע""מ.",IL,שוקולד פרה מריר 100,גרמים,100.00,100 גרם,false,,5.90,0.0590,true,1,26872
7290110557027,false,חומוס עשיר 50% טחינה גולמית 400 ג' אחלה,מיוצר עי קונדיטוריית,IL,חומוס עשיר ב50% טחינ,גרמים,400.00,100 גרם,false,,12.90,0.0323,true,1,12284
7290110557102,false,מעדן חלב עם שוקולד מועשר בחלבון 150 ג' שטראוס,מיוצר עי קונדיטוריית,IL,מעדן חלב עם שוקולד פ,גרמים,150.00,100 גרם,false,,4.90,0.0327,true,1,12285
7290110557133,false,מעדן הגולן וניל 125 ג' שטראוס,מיוצר עי קונדיטוריית,IL,מעדן הגולן וניל 125,מיליליטרים,125.00,"100 מ""ל",false,,2.80,0.0224,true,1,12288
7290110557317,false,יוגורט בתוספת סידן וויטמין ד עם שיבולת שועל 100 ג' דנונה,תנובה מרכז שיתופי לש,IL,דנונה היוגורט הראשון,גרמים,100.00,100 גרם,false,,2.20,0.0220,true,1,25330
7290110557478,false,חומוס גלילי במרקם מעודן 600 גרם,שטראוס,IL,חומוס גלילי אחלה 600,גרמים,600.00,100 גרם,false,,11.90,0.0198,true,1,12289
7290110558154,false,דנונה לייט אנד פרי עוגת תפוחים 150ג דנונה,"שטראוס בריאות בע""מ",IL,דנונה לייט אנד פרי ב,גרמים,150.00,100 גרם,false,,4.50,0.0300,true,1,26304
7290110558215,false,"דנונה קראנצ`פיסטוק עם פיצפוץ לבן קראנצי פיסטוק, 173 גרם","שטראוס בריאות בע""מ",IL,דנונה בר קראנץ פיסטו,מיליליטרים,173.00,"100 מ""ל",false,,2.90,0.0168,true,1,27453
7290110558222,false,"וואו יוגורט עם שכבה בטעם בנופי פאי 5.4%, 150ג דנונה","שטראוס בריאות בע""מ",IL,דנונה WOW עם שכבה בט,מיליליטרים,150.00,"100 מ""ל",false,,4.50,0.0300,true,1,26306
7290110558239,false,"וואו יוגורט עם שכבה בטעם קראק פאי 5.4%, 150 ג דנונה","שטראוס בריאות בע""מ",IL,דנונה WOW עם שכבה בט,מיליליטרים,150.00,"100 מ""ל",false,,4.50,0.0300,true,1,26307
7290110558253,false,"דנונה ריפרש בננה אננס וצ`יה, 250 גרם","שטראוס בריאות בע""מ",IL,משקה דנונה ריפרש בננ,גרמים,250.00,100 גרם,false,,5.50,0.0220,true,1,25740
7290110558307,false,יוגורט דנונה PRO עם שיבולת שועל במתיקות מעודנת,"שטראוס בריאות בע""מ",IL,דנונה פרו 20 עם שיבו,גרמים,200.00,100 גרם,false,,5.90,0.0295,true,1,26029
7290110558314,false,דנונה פרו 20 ג' חלבון ללא סוכר פיסטוק 200 גרם,"שטראוס בריאות בע""מ",IL,דנונה פרו 20 בטעם פי,גרמים,200.00,100 גרם,false,,5.90,0.0295,true,1,26302
7290110558741,false,"גמדים פאוץ תפוח בננה, 100 ג' שטראוס","שטראוס בריאות בע""מ",IL,גמדים לדרך תפוח בננה,גרמים,100.00,100 גרם,false,,5.40,0.0540,true,1,28355
7290110559748,false,ריל - מאגדת שקדים קוקוס ושוקולד מריר 35 גרם * 3,ואמואליס פודס,GR,מאגדת ריל אנרג'י שקד,גרמים,105.00,100 גרם,false,,12.90,0.1229,true,1,25916
7290110559755,false,ריל - מאגדת בוטנים פיסטוק וחמוציות 35 גרם * 3,ואמואליס פודס,GR,מאגדת ריל אנרג'י בוט,גרמים,105.00,100 גרם,false,,12.90,0.1229,true,1,25917
7290110559762,false,ריל - מאגדת אגוזים תמרם קוקוס 35 גרם * 3,ואמואליס פודס,GR,מאגדת ריל אנרג'י אגו,גרמים,105.00,100 גרם,false,,12.90,0.1229,true,1,25918
7290110560300,false,"הפריכיות הטעימות חומוס, עדשים שחורות, קינואה ופלפל שחור",אנרג'י Energy - שטראוס,IL,פריכיות אנרג'י משולש,גרמים,30.00,100 גרם,false,,4.90,0.1633,true,1,12719
7290110560317,false,"הפריכיות הטעימות חומוס, עדשים שחורות, קינואה ומלח ים","פרח תעשיו מזון בע""מ",IL,פריכיות אנרג'י משולש,גרמים,30.00,100 גרם,false,,4.90,0.1633,true,1,12720
7290110560324,false,"הפריכיות הטעימות תפו""א, אורז, אפונה ומלח ים","פרח תעשיו מזון בע""מ",IL,פריכיות אנרג'י משולש,גרמים,30.00,100 גרם,false,,4.90,0.1633,true,1,12721
7290110560836,false,מילקי פסק זמן מהדרין 133ג',מיוצר עי קונדיטוריית,IL,מילקי פסק זמן 133 גר,גרמים,133.00,100 גרם,false,,2.80,0.0211,true,1,12295
7290110561352,false,דנונה יוגורט ביו פרוביוטי 3% דל לקטוז 150ג',"שטראוס בריאות בע""מ",IL,דנונה דל לקטוז בתוספ,גרמים,200.00,100 גרם,false,,3.90,0.0195,true,1,12297
7290110561604,false,מארז 8 יחידות מעדן גמדים בטעם תות בננה,שטראוס,IL,מארז גמדים תות בננה,גרמים,800.00,100 גרם,false,,17.90,0.0224,true,1,12298
7290110563462,false,חלב בבקבוק נטול לקטוז 2% יטבתה 1 ל',מחלבת יטבתה,IL,חלב מועשר נטול לקטוז,קילוגרמים,1.00,ליטר,false,,7.80,7.8000,true,1,12300
7290110564339,false,חומוס אחלה הסידרה המובחר 30% טחינה 400 גר',מיוצר עי קונדיטוריית,IL,חומוס עשיר ב30% טחינ,גרמים,400.00,100 גרם,false,,12.90,0.0323,true,1,12301
7290110564360,false,חומוס אחלה הסידרה המובחר 40% טחינה 400 גר',מיוצר עי קונדיטוריית,IL,חומוס עשיר ב40% טחינ,גרמים,400.00,100 גרם,false,,12.90,0.0323,true,1,12302
7290110564414,false,חומוס אחלה הסידרה המובחר 30% טחינה 600 גר',מיוצר עי קונדיטוריית,IL,חומוס עשיר ב 30% טחי,גרמים,600.00,100 גרם,false,,14.90,0.0248,true,1,12303
7290110564919,false,"דנונה יוגורט מעודן לל""ס 150 מ""ל",מיוצר עי קונדיטוריית,IL,דנונה מתיקות מעודנת,גרמים,150.00,100 גרם,false,,3.50,0.0233,true,1,12305
7290110565527,false,יוגורט PRO פרו 1.5% 20 גרם חלבון בגביע,"שטראוס בריאות בע""מ",IL,דנונה פרו טבעי 1.5%,גרמים,200.00,100 גרם,false,,5.90,0.0295,true,1,12306
7290110565572,false,מנות אישיות קפה טורקי לדרך עם הל,שטראוס קפה בי.וי,IL,קפה טורקי הל לדרך 2,גרמים,168.00,100 גרם,false,,16.90,0.1006,true,1,26874
7290110566043,false,יוגורט 4.5% שומן 3 ל' שטראוס,"מחלבות בר בכפר בע""מ",IL,משקה יוגורט 4% שטראו,פריט,3.00,"ק""ג",false,,26.90,8.9667,true,1,12307
7290110566623,false,קפסולות קולומביה עלית 08 למכונת נספרסו מארז 5X10ג',שטראוס קפה בי.וי,IL,קפסולות עלית קולומבי,גרמים,50.00,100 גרם,false,,15.50,0.3100,true,1,12740
7290110566975,false,דנונה פרו יוגורט 0% תות עשיר בחלבון 200ג',"שטראוס בריאות בע""מ",IL,דנונה פרו תות 0% 200,גרמים,200.00,100 גרם,false,,5.90,0.0295,true,1,12308
7290110568238,false,"קצפת צמחית 21% שומן 250 מ""ל יוטבתה",מחלבת יטבתה,IL,קצפת צמחית במתיקות מ,מיליליטרים,250.00,"100 מ""ל",false,,7.90,0.0316,true,1,12310
7290110568511,false,קונפיטורה פירות יער במתיקות מעודנת 265 ג' יד מרדכי,קריות זול,FR,קונפיטורה פירות יער,גרמים,265.00,100 גרם,false,,9.70,0.0366,true,1,12745
7290110568559,false,דוריטוס עלית מארז חמוץ חריף 10 יח' *25 ג',שטראוס פריטוליי,IL,מארז דוריטוס חמוץ חר,גרמים,250.00,100 גרם,false,,9.70,0.0388,true,1,12917
7290110568566,false,דוריטוס גריל עלית מארז 10 יח' *25 ג',שטראוס גרופ,IL,מארז דוריטוס גריל 10,גרמים,250.00,100 גרם,false,,9.70,0.0388,true,1,12918
7290110571382,false,מעדן חלב בטעם וניל מעושר בחלבון 150 ג' שטראוס,"שטראוס בריאות בע""מ",IL,מעדן חלב בטעם וניל פ,גרמים,150.00,100 גרם,false,,4.90,0.0327,true,1,25564
7290110571405,false,עלית - מיני פינוקיות בגביע פסק זמן 180 גרם,הגביע מוצרי ופלים בע,IL,עוגיות מיני פינוקיות,גרמים,180.00,100 גרם,false,,9.90,0.0550,true,1,28113
7290110571412,false,מיני פינוקיות - פאדג' שוקולד בגביע 180 גרם,הגביע מוצרי ופלים בע,IL,עוגיות מיני פינוקיות,גרמים,180.00,100 גרם,false,,9.90,0.0550,true,1,28114
7290110571535,false,מארז קפה טורקי הל 3*100 ג' עלית,שטראוס קפה בי.וי,IL,מארז קפה טורקי הל על,גרמים,300.00,100 גרם,false,,22.90,0.0763,true,1,25270
7290110572884,false,"קפסולות קפה מספר 20 למכונת אספרס אספרסו, 50 גרם",שטראוס קפה בי.וי.,IL,קפסולות עלית מס' 20,גרמים,50.00,100 גרם,false,,15.50,0.3100,true,1,28038
7290110574413,false,עלית - פופקורן בטעם טעמי 70 גרם,סראנו עבור שטראוס,קפריסין,פופקורן מקורמל מצופה,גרמים,70.00,100 גרם,false,,7.90,0.1129,true,1,27846
7290110574420,false,עלית - פופקורן בטעם פסק זמן 70 גרם,סראנו עבור שטראוס,קפריסין,פופקורן מקורמל מצופה,גרמים,70.00,100 גרם,false,,7.90,0.1129,true,1,27847
7290110576752,false,טבלאות שוקולד ספלנדיד מריר 70% 100 ג' עלית,קימ'ס גריפלנן,BE,שוקולד ספלנדיד מריר,גרמים,100.00,100 גרם,false,,9.90,0.0990,true,1,28054
7290110576776,false,טבלאות שוקולד ספלנדיד מריר 85% 100 ג' עלית,קימ'ס גריפלנן,BE,שוקולד ספלנדיד מריר,גרמים,100.00,100 גרם,false,,9.90,0.0990,true,1,28055
7290110576790,false,סקי בטעם מוקה 125 ג' שטראוס,"שטראוס בריאות בע""מ",IL,מעדן גבינה בטעם מיקס,גרמים,125.00,100 גרם,false,,3.70,0.0296,true,1,27448
7290110576851,false,"גמדים לשתיה סלט פירות 8 יח' *100מ""ל",קריות זול,IL,מארז משקה גמדים סלט,גרמים,864.00,100 גרם,false,,19.90,0.0230,true,1,27449
7290111341366,false,מפיות אירוח חד שכבתי 30/30 150 יח',חוגלה קימברלי,SK,מפיות ניקול לבנות חד,Unknown,0.00,יחידה,false,,7.70,0.0000,true,1,4892
7290111342042,false,כריות יפניות לניקוי וקרצוף אנטיבקטריאלי,פלסטו פוליש,IL,כריות יפניות אנטיבקט,Unknown,0.00,יחידה,false,,10.90,0.0000,true,1,4894
7290111343858,false,מטליות לחות לרצפה אנטיבקטריאלי 10 יחי',עלבד משואות יצחק,IL,מטליות לחות אנטיבקטר,Unknown,0.00,יחידה,false,,10.90,0.0000,true,1,4898
7290111344077,false,שלישיית מטליות לחות למשטחים אנטיבקטריאלי 50 יחי',עלבד משואות יצחק,IL,מטליות לחות אנטיבקטר,Unknown,0.00,יחידה,false,,19.90,0.0000,true,1,4899
7290111344206,false,האגיס נטורל קר מגבונים לחים בבישום עדין רביעייה,חוגלה קימברלי,IL,מגבונים האגיס 4*64 י,Unknown,0.00,יחידה,false,,20.70,0.0000,true,1,4900
7290111344503,false,חיתולי האגיס אקסטרה קייר מידה +4 36 יח',חוגלה קימברלי,IL,חיתולי האגיס אקסטרא,Unknown,0.00,יחידה,false,,54.90,0.0000,true,1,28469
7290111344558,false,שקיות אשפה לארג' 100 יח,חוגלה קימברלי,IL,שקיות אשפה לפחים גדו,Unknown,0.00,יחידה,false,,29.90,0.0000,true,1,4901
7290111344831,false,קוטקס - מגיני יום אקסטרא פרוטקט נורמל ביג 60 יח',חוגלה קימברלי,CN,מגן תחתון קוטקס אקסט,Unknown,0.00,יחידה,false,,18.50,0.0000,true,1,4904
7290111344855,false,קוטקס - מגיני יום אקסטרא פרוטקט לארג' ביג 52 יח',חוגלה קימברלי,CN,מגן תחתון קוטקס אקסט,Unknown,0.00,יחידה,false,,18.50,0.0000,true,1,4905
7290111345814,false,נייר טואולט 30 גלילים לילי נטורל קר,קימברלי קלארק,IL,נייר טואלט לילי נטור,מטרים,517.00,מטר,false,,34.90,0.0675,true,1,4906
7290111346088,false,נייר טואלט מולט דו שכבתי 30 גל,חוגלה קימברלי,IL,נייר טואלט מולט 30 ג,מטרים,500.00,מטר,false,,28.90,0.0578,true,1,27699
7290111350047,false,תמרים ללא חרצנים 500 גר',טעמי הגליל,IL,תמר מגהול כבוש קליית,גרמים,500.00,100 גרם,false,,13.90,0.0278,true,1,6656
7290111351723,false,פופקורן למיקרוגל טבע,פופז,US,פופקורן למיקרוגל טבע,פריט,1.10,"ק""ג",false,,19.90,18.0909,true,1,6658
7290111351754,false,פופקורן למיקרוגל חמא,פופז,US,פופקורן למיקרוגל חמא,פריט,1.10,"ק""ג",false,,19.90,18.0909,true,1,6659
7290111352232,false,מארז ממתקים סביבון י,,,מארז ממתקים סביבון י,Unknown,0.00,יחידה,false,,9.90,0.0000,true,1,28107
7290111352973,false,יוגוטה קוביות חמוצות ממולאות בטעם פירות,יוגטה yogueta,TR,סוכריות קוביות חמוצו,גרמים,220.00,100 גרם,false,,5.90,0.0268,true,1,6663
7290111353475,false,"שטיחים חמוצים בטעם פירות 200 גרם בד""ץ",סאאדת,TR,סוכריות גומי שטיחים,גרמים,200.00,100 גרם,false,,5.90,0.0295,true,1,6679
7290111353482,false,יוגטה סוכריות חמוצות ממלאות בטעמי פירות 200 ג',סאאדת,TR,סוכריות גומי ממולאות,גרמים,200.00,100 גרם,false,,5.90,0.0295,true,1,6680
7290111354557,false,סוכריות על מקל בטעם,טאיס,TR,סוכריות על מקל בטעם,גרמים,450.00,100 גרם,false,,12.90,0.0287,true,1,28108
7290111354564,false,סוכריות על מקל בטעמי,טאיס,TR,סוכריות על מקל בטעמי,גרמים,450.00,100 גרם,false,,12.90,0.0287,true,1,28109
7290111534010,false,פס גבינה שמנת ופירורים 400 ג',קריניציה ויטמינה אס,IL,עוגת מוס גבינה פירור,גרמים,450.00,100 גרם,false,,35.90,0.0798,true,1,11508
7290111564239,false,שלגוני קראנץ' Crunch בטעם וניל - 5 יח',גלידות נסטלה (נגה גל,IL,שלגוני מיני קראנצ ונ,גרמים,275.00,100 גרם,false,,22.50,0.0818,true,1,8469
7290111564277,false,פריכיות דקות ונימוחות 3 דגנים פיטנס Fitness,פרח תעשיות,IL,פריכיות דקות 3 דגנים,גרמים,120.00,100 גרם,false,,9.90,0.0825,true,1,606
7290111564291,false,פריכיות דקות ונימוחות 3 דגנים וקינואה פיטנס Fitness,פרח תעשיות,IL,פריכיות דקות עם קינו,גרמים,120.00,100 גרם,false,,9.90,0.0825,true,1,607
7290111564727,false,עוגיות אסם קרמוגית וקרם אגוזים אסם 200ג',מיוצר עי קונדיטוריית,IL,עוגיות שוקו קרם אגוז,גרמים,200.00,100 גרם,false,,9.90,0.0495,true,1,608
7290111564956,false,ביסלי במבה מיקס 200 ג' אסם,פרו מן יו פתרונות אר,IL,ביסלי במבה מיקס 200,גרמים,200.00,100 גרם,false,,8.90,0.0445,true,1,28043
7290111565038,false,"לה קרמריה וניל קוקילידה בד""צ 1.4 ל'",המאפיה של הרמן,IL,גלידה לה קרמריה וניל,קילוגרמים,1.40,ליטר,false,,17.50,12.5000,true,1,8471
7290111565083,false,מארז במבה 15*25 גרם,גבעול,IL,מארז במבה 15*25 גרם,גרמים,375.00,100 גרם,false,,17.90,0.0477,true,1,609
7290111566103,false,טבעול פלאפל מרכיבים ביתיים בלבד 590 ג',עיצובים 2020 (4.8),IL,פלאפל טבעול 590 גרם,גרמים,590.00,100 גרם,false,,29.90,0.0507,true,1,315
7290111566240,false,טבעול שניצל דק בטעם צילי חריף 564 ג',עיצובים 2020 (4.8),IL,שניצל דק צמחוני צילי,גרמים,564.00,100 גרם,false,,29.90,0.0530,true,1,316
7290111566271,false,טבעול חטיפי תירס 657 גר',עיצובים 2020 (4.8),IL,חטיפי תירס טבעול 657,גרמים,657.00,100 גרם,false,,29.90,0.0455,true,1,317
7290111566318,false,טבעול שניצל דק מן הצומח 564 גר',עיצובים 2020 (4.8),IL,שניצל דק צמחוני ביתי,גרמים,564.00,100 גרם,false,,29.90,0.0530,true,1,318
7290111566332,false,טבעול נקניקיות וינר צמחוניות 680 גר',עיצובים 2020 (4.8),IL,נקניקיות וינר צמחוני,גרמים,680.00,100 גרם,false,,29.90,0.0440,true,1,319
7290111566417,false,טחון צמחוני עם המון חלבון,עיצובים 2020 (4.8),IL,טחון צמחוני טבעול 50,גרמים,500.00,100 גרם,false,,29.90,0.0598,true,1,320
7290111566547,false,טבעול חזה בגריל צמחוני 99 קלוריות 560ג',עיצובים 2020 (4.8),IL,חזה בגריל צמחוני טבע,גרמים,560.00,100 גרם,false,,29.90,0.0534,true,1,321
7290111566561,false,טבעול שניצל ברוקולי 99 קלוריות 560גר',עיצובים 2020 (4.8),IL,שניצל ברוקולי 99 קלו,גרמים,500.00,100 גרם,false,,29.90,0.0598,true,1,322
7290111566585,false,טבעול שניצל צמחוני 99 קלוריות 650 גר',עיצובים 2020 (4.8),IL,שניצל צמחוני טבעול 6,גרמים,650.00,100 גרם,false,,29.90,0.0460,true,1,323
7290111566714,false,טבעול המבורגר צמחוני 99 קלוריות 600 גר',עיצובים 2020 (4.8),IL,המבורגר צמחוני טבעול,גרמים,600.00,100 גרם,false,,29.90,0.0498,true,1,324
7290111566752,false,טבעול שניצל תירס 99 קלוריות 693 גר',עיצובים 2020 (4.8),IL,שניצל תירס טבעול 693,גרמים,693.00,100 גרם,false,,29.90,0.0431,true,1,326
7290111566776,false,טבעול נקניקיות קוקטייל צמחוניות 680 גר',עיצובים 2020 (4.8),IL,נקניקיות קוקטייל צמח,גרמים,680.00,100 גרם,false,,29.90,0.0440,true,1,327
7290111568206,false,"מיקס ביסלי, אפרופו ופיצוחים מתובלים",פרו מן יו פתרונות אר,IL,ביסלי פארטי מיקס 150,גרמים,150.00,100 גרם,false,,6.90,0.0460,true,1,615
7290111568251,false,אטריות נודלס להקפצה אסם אסייתי 350 גר',תאי פרזידנטפוד,TH,נודלס אטריות להקפצה,גרמים,350.00,100 גרם,false,,8.90,0.0254,true,1,616
7290111568466,false,רוטב אסייתי למוקפץ הסדרה האסייתית,אסיף תעשיות מזון בעמ,IL,רוטב אסייתי למוקפץ א,גרמים,360.00,100 גרם,false,,10.90,0.0303,true,1,618
7290111568961,false,בייגלה טבעות מלח 400 ג' אסם,אסם,IL,בייגלה טבעות עם מלח,גרמים,400.00,100 גרם,false,,7.50,0.0188,true,1,26472
7290111930799,false,קראנצ'וס טעם בצל 55גר,מנה,IL,קראנצוס בצל 55 גרם,גרמים,55.00,100 גרם,false,,1.90,0.0345,true,1,13055
7290111930805,false,קראנצ'וס טעם ברביקיו 55 גר',חברת מנה בעמ,IL,קראנצוס ברבקיו 55 גר,גרמים,55.00,100 גרם,false,,1.90,0.0345,true,1,13056
7290111930850,false,קראנצ'וס טעם פיצה 55גר',קראנצ'וס,IL,קראנצוס פיצה 55 גרם,גרמים,55.00,100 גרם,false,,1.90,0.0345,true,1,13057
7290111930997,false,פירורי לחם מוזהב מאס,מנה,IL,פירורי לחם מוזהב מאס,גרמים,800.00,100 גרם,false,,11.90,0.0149,true,1,13059
7290111932380,false,"מרידול משחת שיניים מארז 75X2מ""ל כשל""פ",,,"משחת מרידול 2*75 מ""ל",מיליליטרים,150.00,"100 מ""ל",false,,24.90,0.1660,true,1,13060
7290111933554,false,עגבניות איטלקיות קוביות - מארז שלישיה,פראנו אנריקו ופיגלי,IT,מארז עגבניות קוביות,פריט,1.20,"ק""ג",false,,15.90,13.2500,true,1,13062
7290111933592,false,פירורי לחם פנקו מאסט,מנה,IL,פירורי לחם פנקו מאסט,גרמים,510.00,100 גרם,false,,11.90,0.0233,true,1,13063
7290111936203,false,"ליידי ספיד סטיק דרמה ספריי ויטמין אי 150 מ""ל",ליידי ספיד סטיק Lady Speed Stick,US,דאו ספריי ליידי ספיד,מיליליטרים,150.00,"100 מ""ל",false,,13.90,0.0927,true,1,13066
7290111936296,false,"פלמוליב - ג'ל רחצה ארומה מסאז' 750 מ""ל",קולגייט פלמוליב,TR,ג'ל רחצה פלמוליב סנס,מיליליטרים,750.00,"100 מ""ל",false,,19.50,0.0260,true,1,13070
7290111937248,false,פרי מארז חטיפי 5יח תמרים קשיו ונגיעת לוז 125ג',הדקלאים אגודת שיתופי,IL,מארז חטיף פרי תמרים,גרמים,125.00,100 גרם,false,,14.90,0.1192,true,1,13077
7290111937255,false,פרי מארז חטיפי 5יח תמרים בוטנים ואגוזי לוז 125ג',טבעית מוצרים מן הטבע,IL,מארז חטיף פרי תמרים,גרמים,125.00,100 גרם,false,,14.90,0.1192,true,1,13078
7290111938498,false,"מאסטר שף רוטב סויה בהירה 700 מ""ל",תאי סופרים,TH,רוטב סויה בהירה מאסט,גרמים,700.00,100 גרם,false,,12.50,0.0179,true,1,13082
7290111939822,false,משחת קולגייט אופטיק,קולגייט פלמוליב,PL,משחת קולגייט אופטיק,מיליליטרים,225.00,"100 מ""ל",false,,39.90,0.1773,true,1,13085
7290111939846,false,משחת קולגייט אופטיק,קולגייט פלמוליב,PL,משחת קולגייט אופטיק,מיליליטרים,225.00,"100 מ""ל",false,,39.90,0.1773,true,1,13086
7290112000408,false,מנקה ומחטא עוצמתי לניקוי כללי בניחוח לימון,רקיט בנקיזר,PL,תרסיס דטול מנקה ומחט,מיליליטרים,750.00,"100 מ""ל",false,,14.90,0.0199,true,1,11669
7290112000798,false,"דיטול תרסיסי חיטוי וניקוי אנטי בקטריאלי 750 מ""ל",רקיט בנקיזר,PL,תרסיס דטול מנקה ומחט,מיליליטרים,750.00,"100 מ""ל",false,,14.90,0.0199,true,1,11670
7290112000903,false,טבליות פיניש פאוורבו,רקיט בנקיזר,PL,טבליות פיניש פאוורבו,פריט,1.92,"ק""ג",false,,59.90,31.1979,true,1,25764
7290112001436,false,"פיניש מנקה ומחדש בניחוח לימון 250 מ""ל",רקיט בנקיזר,PL,מנקה מדיח פיניש לימו,מיליליטרים,250.00,"100 מ""ל",false,,12.90,0.0516,true,1,11671
7290112001641,false,תרסיס וניש קליה 950,רקיט בנקיזר,PL,תרסיס וניש קליה 950,מיליליטרים,950.00,"100 מ""ל",false,,19.90,0.0209,true,1,11672
7290112001870,false,"סיליט באנג ספריי ניקוי אמבטיה 750 מ""ל",רקיט בנקיזר,PL,תרסיס סיליט באנג לני,מיליליטרים,750.00,"100 מ""ל",false,,12.50,0.0167,true,1,11676
7290112002136,false,ג'ל כביסה מרוכז קולון 101 קלאסי,רקיט בנקיזר,IL,ג'ל קולון כחול 4 ליט,קילוגרמים,4.00,ליטר,false,,34.50,8.6250,true,1,11680
7290112002143,false,ג'ל כביסה מרוכז קולון 101 בניחוח לילך,רקיט בנקיזר,IL,ג'ל קולון לילך סגול,קילוגרמים,4.00,ליטר,false,,34.50,8.6250,true,1,11681
7290112002457,false,דטול - שלישיית מגבונים לניקוי וחיטוי בניחוח לימון,רקיט בנקיזר,PL,מטליות לחות דטול לני,Unknown,0.00,יחידה,false,,19.90,0.0000,true,1,11682
7290112003188,false,קולון קפסולות ג'ל כביסה 60יח,רקיט בנקיזר,IT,קפסולות ג'ל קולון 60,Unknown,0.00,יחידה,false,,49.90,0.0000,true,1,11683
7290112003973,false,"וניש אבקה ורודה מולטי פאואר 1.350 ק""ג א. חסכון חדש להלבנה",רקיט בנקיזר,PL,אבקת וניש מסיר כתמים,פריט,1.35,"ק""ג",false,,34.90,25.8519,true,1,25858
7290112003980,false,"וניש אבקה לבנה מולטי פאואר 1.350 ק""ג",רקיט בנקיזר,PL,אבקת וניש מסיר כתמים,פריט,1.35,"ק""ג",false,,34.90,25.8519,true,1,25859
7290112004109,false,מטליות לחות לניקוי כללי וחיטוי בריח ליים ונענע- מארז,רקיט בנקיזר,PL,מטליות לחות דטול לחי,Unknown,0.00,יחידה,false,,19.90,0.0000,true,1,11684
7290112004413,false,"אבקה מסיר כתמים לכביסה לבנה 750 מ""ל וניש",רקיט בנקיזר,PL,ספריי וניש להסרת כתמ,מיליליטרים,750.00,"100 מ""ל",false,,16.90,0.0225,true,1,11689
7290112004482,false,אירוויק ספריי וניל 3,,,אירוויק ספריי וניל 3,מיליליטרים,720.00,"100 מ""ל",false,,19.90,0.0276,true,1,11690
7290112004505,false,אירוויק ספריי לבנדר,,,אירוויק ספריי לבנדר,מיליליטרים,720.00,"100 מ""ל",false,,19.90,0.0276,true,1,11692
7290112004512,false,מילוי מבשם אוטומטי א,רקיט בנקיזר,PL,מילוי מבשם אוטומטי א,מיליליטרים,750.00,"100 מ""ל",false,,32.90,0.0439,true,1,11693
7290112004529,false,מילוי מבשם אוטומטי א,רקיט בנקיזר,PL,מילוי מבשם אוטומטי א,מיליליטרים,750.00,"100 מ""ל",false,,32.90,0.0439,true,1,11694
7290112004536,false,מילוי מבשם אוטומטי א,רקיט בנקיזר,PL,מילוי מבשם אוטומטי א,מיליליטרים,750.00,"100 מ""ל",false,,32.90,0.0439,true,1,11695
7290112004611,false,"וניש קליה ג'ל מרוכז לטיפול נקודתי בכתמים 200 מ""ל",רקיט בנקיזר,PT,ג'ל וניש גולד מסיר כ,מיליליטרים,200.00,"100 מ""ל",false,,16.50,0.0825,true,1,11697
7290112005052,false,וניש תוסף כביסה רב תכליתי לבגדים לבנים,קליה וניש Kalia Vanish,IT,אבקת וניש מסיר כתמים,פריט,1.50,"ק""ג",false,,34.90,23.2667,true,1,28268
7290112005083,false,וניש תוסף כביסה רב תכליתי לכביסה צבעונית,קליה וניש Kalia Vanish,IT,אבקת וניש מסיר כתמים,פריט,1.50,"ק""ג",false,,34.90,23.2667,true,1,28269
7290112005168,false,קפסולות ג'יל לימון קואנטום 60 יח' פיניש,רקיט בנקיזר,PL,טבליות פיניש קוואנטו,Unknown,0.00,יחידה,false,,54.90,0.0000,true,1,26256
7290112120120,false,אטריות ביצים דקות נו,פוגיאן לונגאי,CN,אטריות ביצים דקות נו,פריט,1.00,"ק""ג",false,,12.90,12.9000,true,1,1367
7290112120137,false,אטריות ביצים עבות נו,פוגיאן לונגאי,CN,אטריות ביצים עבות נו,פריט,1.00,"ק""ג",false,,12.90,12.9000,true,1,1368
7290112120311,false,ממתיק ספלנדה 100 יח,,,ממתיק ספלנדה 100 יח,גרמים,100.00,100 גרם,false,,13.90,0.1390,true,1,7856
7290112120649,false,בונבוניירה צדף 125 ג,קאיפינג גינקה פודסטא,CN,בונבוניירה צדף 125 ג,גרמים,125.00,100 גרם,false,,8.90,0.0712,true,1,1370
7290112120663,false,בונבוניירה לב 120 גר,קאיפינג גינקה פודסטא,CN,בונבוניירה לב 120 גר,גרמים,120.00,100 גרם,false,,8.90,0.0742,true,1,1372
7290112120830,false,נפוליטנים שוקולד חלב,"תופינית בע""מ",IL,נפוליטנים שוקולד חלב,גרמים,150.00,100 גרם,false,,11.90,0.0793,true,1,1379
7290112120847,false,נפוליטנים שוקולד מרי,"תופינית בע""מ",IL,נפוליטנים שוקולד מרי,גרמים,150.00,100 גרם,false,,11.90,0.0793,true,1,1380
7290112120861,false,לזניה גלי דורומי 400,Bessan Makarna,TR,לזניה גלי דורומי 400,גרמים,400.00,100 גרם,false,,6.90,0.0173,true,1,1381
7290112121066,false,חומצה אצטית סינטטי א,הלל תעשיות,IL,חומצה אצטית סינטטי א,קילוגרמים,1.00,ליטר,false,,3.90,3.9000,true,1,1385
7290112121073,false,חומץ 5% אינדירה 1 לי,הלל תעשיות,IL,חומץ 5% אינדירה 1 לי,קילוגרמים,1.00,ליטר,false,,4.20,4.2000,true,1,1386
7290112121080,false,מיץ בטעם לימון משומר,הלל תעשיות,IL,מיץ בטעם לימון משומר,קילוגרמים,1.00,ליטר,false,,4.20,4.2000,true,1,1387
7290112121097,false,רוטב לימון אינדירה 1,הלל תעשיות,IL,רוטב לימון אינדירה 1,קילוגרמים,1.00,ליטר,false,,5.20,5.2000,true,1,1388
7290112122629,false,ופל מצופה בטעם שוקול,מנעמים תעשיות מזון,IL,ופל מצופה בטעם שוקול,גרמים,800.00,100 גרם,false,,14.90,0.0186,true,1,7692
7290112122926,false,מיץ בטעם לימון משומר,הלל תעשיות,IL,מיץ בטעם לימון משומר,קילוגרמים,1.00,ליטר,false,,3.90,3.9000,true,1,1420
7290112123060,false,ספגטי דורומי 900 גרם,Bessan Makarna,TR,ספגטי דורומי 900 גרם,גרמים,900.00,100 גרם,false,,4.90,0.0054,true,1,1424
7290112123077,false,פסטה פנה ריגטה דורומ,Bessan Makarna,TR,פסטה פנה ריגטה דורומ,גרמים,900.00,100 גרם,false,,4.90,0.0054,true,1,1425
7290112123084,false,פסטה פוסילי דורומי 9,Bessan Makarna,TR,פסטה פוסילי דורומי 9,גרמים,900.00,100 גרם,false,,4.90,0.0054,true,1,1426
7290112123107,false,פסטה פרפלה דורומי 90,Bessan Makarna,TR,פסטה פרפלה דורומי 90,גרמים,900.00,100 גרם,false,,4.90,0.0054,true,1,1428
7290112124319,false,טורטיה דורום 36*45 ג,מוטלוקאל גידה סאן טי,TR,טורטיה דורום 36*45 ג,פריט,1.62,"ק""ג",false,,19.90,12.2840,true,1,26264
7290112124982,false,דאו ספריי אקס שחור פ,יוניליוור,GB,דאו ספריי אקס שחור פ,מיליליטרים,150.00,"100 מ""ל",false,,7.90,0.0527,true,1,14637
7290112125019,false,סבון מוצק דאב לבן 4*,,,סבון מוצק דאב לבן 4*,גרמים,400.00,100 גרם,false,,9.90,0.0248,true,1,11888
7290112125026,false,תה ילו לייבל ליפטון,יוניליוור,RU,תה ילו לייבל ליפטון,גרמים,200.00,100 גרם,false,,7.90,0.0395,true,1,26277
7290112192806,false,משחת פרודונטקס אולטר,גלקסוס סמית קליין,SK,משחת פרודונטקס אולטר,מיליליטרים,150.00,"100 מ""ל",false,,39.90,0.2660,true,1,2300
7290112192813,false,משחת פרודונטקס אורגי,גלקסוס סמית קליין,SK,משחת פרודונטקס אורגי,מיליליטרים,150.00,"100 מ""ל",false,,39.90,0.2660,true,1,2301
7290112195555,false,שמן זית כתית מעולה א,אולאריה קלמנטה,IT,שמן זית כתית מעולה א,מיליליטרים,750.00,"100 מ""ל",false,,19.90,0.0265,true,1,1552
7290112195746,false,שמן זית כתית מעולה א,אסייאס דל סור,ES,שמן זית כתית מעולה א,מיליליטרים,750.00,"100 מ""ל",false,,19.90,0.0265,true,1,1553
7290112195777,false,"פול קפוא 1 ק""ג",O.K FRUIT,EG,"פול קפוא 1 ק""ג",פריט,1.00,"ק""ג",false,,13.90,13.9000,true,1,1555
7290112195784,false,תות שדה קפוא פרוסטי,,EG,תות שדה קפוא פרוסטי,גרמים,300.00,100 גרם,false,,5.90,0.0197,true,1,26877
7290112196712,false,משחת סנסודיין פרש מי,גלקסוס סמית קליין,GB,משחת סנסודיין פרש מי,מיליליטרים,300.00,"100 מ""ל",false,,49.90,0.1663,true,1,2307
7290112197245,false,משחת סנסודיין מלבינה,גלקסוס סמית קליין,GB,משחת סנסודיין מלבינה,מיליליטרים,225.00,"100 מ""ל",false,,49.90,0.2218,true,1,2310
7290112198006,false,שמן זית כתית מעולה א,אולאריה קלמנטה,IT,שמן זית כתית מעולה א,מיליליטרים,750.00,"100 מ""ל",false,,13.90,0.0185,true,1,27220
7290112330352,false,"יוגורט PRO בטעם וניל 0% , 20 גרם חלבון בגביע","שטראוס בריאות בע""מ",IL,דנונה פרו וניל 0% 20,גרמים,200.00,100 גרם,false,,5.90,0.0295,true,1,12315
7290112330390,false,יוגורט PRO בטעם פירות יער 0% 20 גרם חלבון בגביע,"שטראוס בריאות בע""מ",IL,דנונה פרו פירות יער,גרמים,200.00,100 גרם,false,,5.90,0.0295,true,1,12316
7290112330420,false,דנונה פרו לבן 2.9% שומן 150 ג',מיוצר עי קונדיטוריית,IL,דנונה פרו לבן עשיר ב,גרמים,150.00,100 גרם,false,,4.50,0.0300,true,1,12317
7290112332585,false,"פריכיות תפו""א, אורז בתיבול סלק ומלח חי 30 גר'","פרח תעשיו מזון בע""מ",IL,פריכיות אנרג'י משולש,גרמים,30.00,100 גרם,false,,4.90,0.1633,true,1,12753
7290112332691,false,עוגיות קרם אגוזים פסק זמן 200 ג' עלית,הגביע מוצרי ופלים בע,IL,עוגיות פינוקיות פסק,גרמים,200.00,100 גרם,false,,9.90,0.0495,true,1,12754
7290112335487,false,פריכיות טעימות קצח ודגנים 135 ג' שטראוס,אנרג'י Energy - שטראוס,IL,פריכיות 3 דגנים וקצח,גרמים,135.00,100 גרם,false,,7.70,0.0570,true,1,12757
7290112335494,false,הפריכיות הטעימות תפוחי אדמה בטעם פוטטוס,"פרח תעשיות מזון בע""מ",IL,פריכיות 3 דגנים ותפו,גרמים,135.00,100 גרם,false,,7.70,0.0570,true,1,12758
7290112335500,false,"הפריכיות הטעימות חומוס, אורז, עדשים שחורות וקינואה",אנרג'י Energy - שטראוס,IL,פריכיות חומוס אורז ע,גרמים,135.00,100 גרם,false,,7.70,0.0570,true,1,12759
7290112336637,false,סוכריות מאסט Must ללא סוכר יוגורט תות ואוכניות,MIESZKO S.A - MS. JO,PL,סוכריות מאסט תות אוכ,גרמים,80.00,100 גרם,false,,6.90,0.0863,true,1,12762
7290112336644,false,סוכריות מאסט ללא סוכר לימון 80 ג' עלית,MIESZKO S.A - MS. JO,PL,סוכריות מאסט לימון 8,גרמים,80.00,100 גרם,false,,6.90,0.0863,true,1,12763
7290112336651,false,סוכריות מאסט ללא סוכר ריבת חלב 80 ג' עלית,MIESZKO S.A - MS. JO,PL,סוכריות מאסט ריבת חל,גרמים,80.00,100 גרם,false,,6.90,0.0863,true,1,12764
7290112336712,false,יוגורט PRO לבן 0% 21 גרם חלבון בגביע,"שטראוס בריאות בע""מ",IL,דנונה פרו עשיר בחלבו,גרמים,200.00,100 גרם,false,,5.90,0.0295,true,1,12323
7290112337474,false,סוכריות מאסט ללא סוכר פטל לימון 80 ג' עלית,MIESZKO S.A - MS. JO,PL,סוכריות מאסט פטל לימ,גרמים,80.00,100 גרם,false,,6.90,0.0863,true,1,12765
7290112337481,false,סוכריות מאסט ללא סוכר קפצ''ינו 80 ג' עלית,MIESZKO S.A - MS. JO,PL,סוכריות מאסט קפוצ'ינ,גרמים,80.00,100 גרם,false,,6.90,0.0863,true,1,12766
7290112338877,false,מעדן גבינה בטעם תות 3% 125ג' סקי,"שטראוס בריאות בע""מ",IL,מעדן גבינה בטעם תות,גרמים,125.00,100 גרם,false,,3.70,0.0296,true,1,12324
7290112339171,false,מעדן מילקי מוס שוקול,מיוצר עי קונדיטוריית,IL,מילקי מוס שוקולד 170,מיליליטרים,170.00,"100 מ""ל",false,,3.40,0.0200,true,1,12325
7290112339362,false,דנונה לייט אנד פריי בטעם קפוצינו 150 גר',דנונה - שטראוס,IL,דנונה לייט אנד פרי ק,גרמים,150.00,100 גרם,false,,4.50,0.0300,true,1,12327
7290112339867,false,גמדים לדרך גבינה לבנה עם מחית תות,שטראוס,IL,גמדים לדרך תות סקווי,גרמים,100.00,100 גרם,false,,5.40,0.0540,true,1,12330
7290112339874,false,גמדים לדרך גבינה לבנה עם מחיות תות ובננה,שטראוס,IL,גמדים לדרך תות בננה,גרמים,100.00,100 גרם,false,,5.40,0.0540,true,1,12331
7290112340122,false,הפריכיות הטעימות 3 דגנים 135 גרם.,אנרג'י Energy - שטראוס,IL,פריכיות 3 דגנים אנרג,גרמים,135.00,100 גרם,false,,7.70,0.0570,true,1,12767
7290112340245,false,צנצנת מסטיק מאסט בטעם דובדבן 66 ג' עלית,"שטראוס גרופ בע""מ",IL,מסטיק מאסט צנצנת דוב,גרמים,66.00,100 גרם,false,,8.90,0.1348,true,1,12768
7290112340252,false,צנצנת מסטיק מאסט בטעם אבטיח מלון 66 ג' עלית,"שטראוס גרופ בע""מ",IL,מסטיק מאסט צנצנת אבט,גרמים,66.00,100 גרם,false,,8.90,0.1348,true,1,12769
7290112340276,false,עוגיות קרם קפה נמס 200 ג' עלית,הגביע מוצרי ופלים בע,IL,עוגיות פינוקיות קפה,גרמים,200.00,100 גרם,false,,9.90,0.0495,true,1,12770
7290112341556,false,אקטיביה עם צ'יה ותות 150 ג' דנונה,דנונה - שטראוס,IL,יוגורט אקטיביה צ'יה,גרמים,150.00,100 גרם,false,,4.50,0.0300,true,1,12334
7290112341679,false,אקטיביה 3% שומן 200 ג' דנונה,מיוצר עי קונדיטוריית,IL,יוגורט אקטיביה 3% 20,מיליליטרים,200.00,"100 מ""ל",false,,3.70,0.0185,true,1,12335
7290112341686,false,מארז שמיניה אקטיביה 3% 150 ג',מיוצר עי קונדיטוריית,IL,מארז יוגורט אקטיביה,קילוגרמים,1.20,ליטר,false,,19.90,16.5833,true,1,12336
7290112342102,false,סימפוניה גבינה במרקם שמנת בצל מקורמל 5%,"שטראוס בריאות בע""מ",IL,גבינת שמנת בצל מקורמ,גרמים,200.00,100 גרם,false,,9.70,0.0485,true,1,12339
7290112342270,false,קפה פלטינום אינטנס מחוזק ב- 10% אספרסו,שטראוס קפה בי.וי,IL,קפה פלטינום אינטנס 1,גרמים,125.00,100 גרם,false,,15.90,0.1272,true,1,12773
7290112342508,false,דוריטוס קול ראנץ Cool Ranch,STRAUSS-ISRAEL,IL,דוריטוס קול ראנצ' 7,גרמים,70.00,100 גרם,false,,3.20,0.0457,true,1,12924
7290112343260,false,"יטבתה רוטב שמנת קלאסי 9% שומן 260 מ""ל",STRAUSS-ISRAEL,IL,רוטב שמנת קלאסי 9% י,מיליליטרים,250.00,"100 מ""ל",false,,9.80,0.0392,true,1,12341
7290112344564,false,רביולי גבינה קלאסי שטראוס 400 ג',"שטראוס גרופ בע""מ",IL,רביולי גבינה קלאסי ש,גרמים,400.00,100 גרם,false,,16.70,0.0417,true,1,12342
7290112344724,false,מעדן בטעם שוקולד בלונדי 170 ג' מילקי,מיוצר עי קונדיטוריית,IL,מעדן חלב בטעם שוקול,מיליליטרים,170.00,"100 מ""ל",false,,3.40,0.0200,true,1,12347
7290112344755,false,מילקי שוקולד 26% פחות סוכר 135 גרם,מיוצר עי קונדיטוריית,IL,מילקי שוקולד 26% פחו,מיליליטרים,135.00,"100 מ""ל",false,,2.80,0.0207,true,1,12350
7290112344786,false,קפה פלטינום קלאסיק 200 ג' עלית,שטראוס קפה בי.וי.,IL,קפה פלטינום קלאסיק 2,גרמים,200.00,100 גרם,false,,19.70,0.0985,true,1,12774
7290112344953,false,סימפוניה חציל קלוי גבינה במקרם שמנת 5%,"שטראוס בריאות בע""מ",IL,גבינת שמנת חציל קלוי,גרמים,200.00,100 גרם,false,,9.70,0.0485,true,1,12357
7290112346360,false,בפלות אחת אחת ופל בטעם שוקולד מצופה שוקולד,הגביע מוצרי וופלים ב,GR,בפלות אחת אחת בציפוי,גרמים,180.00,100 גרם,false,,11.90,0.0661,true,1,12779
7290112346537,false,עוגיות פינוקיות בטעם טורטית 200 ג' עלית,הגביע מוצרי ופלים בע,IL,עוגיות פינוקיות טורט,גרמים,200.00,100 גרם,false,,9.90,0.0495,true,1,12780
7290112346629,false,דנונה בר יוגורט+קורנפלקס מצופה שוקולד חלב ולבן 172 גרם,"שטראוס בריאות בע""מ",IL,דנונה בר וקורנפלקס מ,גרמים,172.00,100 גרם,false,,2.90,0.0169,true,1,12362
7290112346773,false,יוגורט בטעם וניל 0% לייט אנד פרי 10 גרם חלבון בגביע,מיוצר עי קונדיטוריית,IL,דנונה לייט אנד פרי ו,גרמים,150.00,100 גרם,false,,4.50,0.0300,true,1,12368
7290112346797,false,יוגורט אקטיביה עם שיבולת שועל ושזיף 2.5%,מיוצר עי קונדיטוריית,IL,יוגורט אקטיביה עם שי,גרמים,150.00,100 גרם,false,,4.50,0.0300,true,1,12369
7290112346827,false,"אקטימל ויטמין C פטל 8*100 מ""ל",קריות זול,IL,אקטימל פטל ויטמין סי,מיליליטרים,864.00,"100 מ""ל",false,,19.50,0.0226,true,1,27454
7290112347008,false,גמדים לדרך גבינה לבנה עם מחית תות ושיבולת שועל,מיוצר עי קונדיטוריית,IL,גמדים ארוחת בוקר תות,גרמים,100.00,100 גרם,false,,5.40,0.0540,true,1,12375
7290112347473,false,דנונה לייט אנד פריי תות ואפרסק מאגדת 8 יח' * 150 ג',מיוצר עי קונדיטוריית,IL,מארז יוגורט לייט אנ,פריט,1.20,"ק""ג",false,,26.90,22.4167,true,1,12379
7290112349606,false,מעדן גבינה ויוגורט תות בננה 88 ג' דניאלה,"שטראוס בריאות בע""מ",IL,דניאלה תות בננה 88 ג,גרמים,88.00,100 גרם,false,,3.90,0.0443,true,1,12385
7290112349705,false,פומודורו רוטב עגבניות קלאסי לפסטה 350 גר' יד מרדכי,אמיליאנה קונסרב סוסי,IT,רוטב עגבניות פומודור,גרמים,350.00,100 גרם,false,,7.90,0.0226,true,1,26660
7290112349736,false,בזיליקום רוטב עגבניות לפסטה 350 גר' יד מרדכי,אמיליאנה קונסרב סוסי,IT,רוטב עגבניות לפסטה ב,גרמים,350.00,100 גרם,false,,7.90,0.0226,true,1,26656
7290112349750,false,פיצה רוטב עגבניות לפיצה 350 גר' יד מרדכי,אימילאנה,IL,רוטב עגבניות לפיצה י,גרמים,350.00,100 גרם,false,,7.90,0.0226,true,1,26657
7290112350275,false,קפסולות LUNGO למכונות נספרסו 55 גר',שטראוס קפה בי.וי,IL,קפסולות עלית לונגו ל,גרמים,50.00,100 גרם,false,,15.50,0.3100,true,1,12789
7290112350312,false,קפסולות 15 קפה יותר למכונות נספרסו עלית 10יח',הנסיך- מפעל לייצור ט,IL,קפסולות עלית מס 15 ע,גרמים,50.00,100 גרם,false,,15.50,0.3100,true,1,12790
7290112351104,false,שוקולד פרה ממולא פיצפוצי אורז 100 ג' עלית,STRAUSS-ISRAEL,IL,שוקולד פרה פצפוצי או,גרמים,100.00,100 גרם,false,,5.90,0.0590,true,1,12791
7290112351128,false,שוקולד פרה סוכריות קופצות 100 ג' עלית,"שטראוס גרופ בע""מ",IL,שוקולד פרה חלב סוכרי,גרמים,100.00,100 גרם,false,,5.90,0.0590,true,1,12792
7290112355027,false,יוגורט פרו בטעם קרמל מלוח 200 ג' דנונה,"שטראוס בריאות בע""מ",IL,דנונה פרו 20 קרמל מל,גרמים,200.00,100 גרם,false,,5.90,0.0295,true,1,12393
7290112355102,false,גמדים פאוץ סלט פירות 100 ג' שטראוס,"שטראוס בריאות בע""מ",IL,גמדים לדרך סלט פירות,גרמים,100.00,100 גרם,false,,5.40,0.0540,true,1,12395
7290112355393,false,"יטבתה רוטב שמנת+בטטה 9% שומן 250 מ""ל",מחלבת יטבתה,IL,רוטב שמנת עם בטטה 9%,מיליליטרים,257.00,"100 מ""ל",false,,9.80,0.0381,true,1,27446
7290112355812,false,מעדן מילקי עם טופ קורנפלקס מצופה שוקולד,"שטראוס גרופ בע""מ",IL,מילקי טופ קורנפלקס 1,גרמים,141.00,100 גרם,false,,4.30,0.0305,true,1,25741
7290112357175,false,קפסולות BOOST למכונות נספרסו 50 ג',שטראוס קפה בי.וי,IL,קפסולות עלית בוסט למ,גרמים,50.00,100 גרם,false,,15.50,0.3100,true,1,12818
7290112358127,false,יוגורט PRO בטעם וניל עוגיות פלוס מגנזיום,מיוצר עי קונדיטוריית,IL,דנונה פרו 20 וניל עו,גרמים,200.00,100 גרם,false,,5.90,0.0295,true,1,12410
7290112358462,false,דבש יד מרדכי 700 גרם,שטראוס גרופ,IL,דבש יד מרדכי 700 גרם,גרמים,700.00,100 גרם,false,,26.90,0.0384,true,1,12823
7290112358554,false,"קפה נמס עלית לדרך, 50 גרם 10 יח'",שטראוס רומניה,RO,מארז קפה נמס לדרך על,גרמים,50.40,100 גרם,false,,9.90,0.1964,true,1,25269
7290112359384,false,עלית - קפה נמס אלפחורס ריבת חלב 100 גרם,שטראוס,IL,קפה נמס אלפחורס ריבת,גרמים,100.00,100 גרם,false,,14.90,0.1490,true,1,28112
7290112415400,false,עוגיות אלפחורס קפולסקי 280 גר',קפולסקי אדל בעמ,IL,עוגיות אלפחורס תופינ,גרמים,280.00,100 גרם,false,,29.90,0.1068,true,1,11514
7290112480002,false,קערה קטנה בלו שיין 5,פאלאס,CN,קערה קטנה בלו שיין 5,Unknown,0.00,יחידה,false,,19.90,0.0000,true,1,11019
7290112480019,false,קערה אובלית בינוני ב,פאלאס,CN,קערה אובלית בינוני ב,Unknown,0.00,יחידה,false,,19.90,0.0000,true,1,11020
7290112480026,false,מארז 2 יח' מגש יאובל,פאלאס,CN,מארז 2 יח' מגש יאובל,Unknown,0.00,יחידה,false,,19.90,0.0000,true,1,11021
7290112480033,false,מארז 3 יח מגשי אובלי,פאלאס,CN,מארז 3 יח מגשי אובלי,Unknown,0.00,יחידה,false,,19.90,0.0000,true,1,11022
7290112480040,false,מארז 5 יח מגשי אובלי,פאלאס,CN,מארז 5 יח מגשי אובלי,Unknown,0.00,יחידה,false,,19.90,0.0000,true,1,11023
7290112480057,false,מארז 3 יח מגש מחולק,פאלאס,CN,מארז 3 יח מגש מחולק,Unknown,0.00,יחידה,false,,19.90,0.0000,true,1,11024
7290112480361,false,שקיות אשפה שחור 85*7,פאלאס,CN,שקיות אשפה שחור 85*7,Unknown,0.00,יחידה,false,,19.90,0.0000,true,1,11037
7290112480378,false,שקיות אשפה 70*50 לפי,פאלאס,CN,שקיות אשפה 70*50 לפי,Unknown,0.00,יחידה,false,,19.90,0.0000,true,1,11038
7290112481023,false,כוסיות יין קריסטל 12,פאלאס,CN,כוסיות יין קריסטל 12,Unknown,0.00,יחידה,false,,17.90,0.0000,true,1,11039
7290112481078,false,"כפות ח""פ 188 יח",פאלאס,TR,"כפות ח""פ 188 יח",Unknown,0.00,יחידה,false,,12.90,0.0000,true,1,11043
7290112481085,false,"כפיות ח""פ 188 יח",פאלאס,TR,"כפיות ח""פ 188 יח",Unknown,0.00,יחידה,false,,12.90,0.0000,true,1,11044
7290112481092,false,"מזלגות ח""פ 188 יח",פאלאס,TR,"מזלגות ח""פ 188 יח",Unknown,0.00,יחידה,false,,12.90,0.0000,true,1,11045
7290112481108,false,"סכינים ח""פ 188 יח",פאלאס,TR,"סכינים ח""פ 188 יח",Unknown,0.00,יחידה,false,,12.90,0.0000,true,1,11046
7290112481115,false,כפות איכותיות בלו שי,פאלאס,TR,כפות איכותיות בלו שי,Unknown,0.00,יחידה,false,,26.90,0.0000,true,1,11047
7290112481122,false,כפיות איכותיות בלו ש,פאלאס,TR,כפיות איכותיות בלו ש,Unknown,0.00,יחידה,false,,26.90,0.0000,true,1,11048
7290112481139,false,מזלגות איכותיים בלו,פאלאס,TR,מזלגות איכותיים בלו,Unknown,0.00,יחידה,false,,26.90,0.0000,true,1,11049
7290112481146,false,סכינים איכותיים בלו,פאלאס,TR,סכינים איכותיים בלו,Unknown,0.00,יחידה,false,,26.90,0.0000,true,1,11050
7290112481320,false,גביע יין מוכסף סטון,פאלאס,CN,גביע יין מוכסף סטון,Unknown,0.00,יחידה,false,,24.90,0.0000,true,1,11058
7290112481900,false,כוסות מעוטרות לפיד 5,LARIPLAST,IL,כוסות מעוטרות לפיד 5,Unknown,0.00,יחידה,false,,17.90,0.0000,true,1,11070
7290112481948,false,מגש עגול 12 בלו שיין,פאלאס,CN,מגש עגול 12 בלו שיין,Unknown,0.00,יחידה,false,,19.90,0.0000,true,1,11074
7290112481955,false,מגש עגול 14 בלו שיין,פאלאס,CN,מגש עגול 14 בלו שיין,Unknown,0.00,יחידה,false,,19.90,0.0000,true,1,11075
7290112481979,false,גביע איכותי בלו שיין,פאלאס,CN,גביע איכותי בלו שיין,Unknown,0.00,יחידה,false,,19.90,0.0000,true,1,11077
7290112481986,false,גביע איכותי בלו שיין,פאלאס,CN,גביע איכותי בלו שיין,Unknown,0.00,יחידה,false,,19.90,0.0000,true,1,11078
7290112481993,false,גביע איכותי בלו שיין,פאלאס,CN,גביע איכותי בלו שיין,Unknown,0.00,יחידה,false,,19.90,0.0000,true,1,11079
7290112482075,false,שקיות אשפה עם שרוך 5,פאלאס,IL,שקיות אשפה עם שרוך 5,Unknown,0.00,יחידה,false,,19.90,0.0000,true,1,11082
7290112482082,false,שקיות אשפה עם שרוך 7,פאלאס,IL,שקיות אשפה עם שרוך 7,Unknown,0.00,יחידה,false,,19.90,0.0000,true,1,11083
7290112482228,false,שקיות אשפה 75/90 קרם,פאלאס,IL,שקיות אשפה 75/90 קרם,Unknown,0.00,יחידה,false,,19.90,0.0000,true,1,11086
7290112482303,false,מגבונים קשת 7*72 יח,פאלאס,IL,מגבונים קשת 7*72 יח,Unknown,0.00,יחידה,false,,15.90,0.0000,true,1,11093
7290112482341,false,צלחות קטנות קיסר לבן,פאלאס,CN,צלחות קטנות קיסר לבן,Unknown,0.00,יחידה,false,,17.90,0.0000,true,1,11095
7290112482358,false,צלחות גדולות קיסר לב,פאלאס,CN,צלחות גדולות קיסר לב,Unknown,0.00,יחידה,false,,21.90,0.0000,true,1,11096
7290112482365,false,צלחות ענקיות קיסר לב,פאלאס,CN,צלחות ענקיות קיסר לב,Unknown,0.00,יחידה,false,,27.90,0.0000,true,1,11097
7290112482372,false,צלחת מרק קיסר לבן כס,פאלאס,CN,צלחת מרק קיסר לבן כס,Unknown,0.00,יחידה,false,,17.90,0.0000,true,1,11098
7290112482389,false,לפתניות קיסר לבן כסף,פאלאס,CN,לפתניות קיסר לבן כסף,Unknown,0.00,יחידה,false,,11.90,0.0000,true,1,11099
7290112482440,false,צלחות קטנות לוקה לבן,פאלאס,CN,צלחות קטנות לוקה לבן,Unknown,0.00,יחידה,false,,15.90,0.0000,true,1,11105
7290112482457,false,צלחות גדולות לוקה לב,פאלאס,CN,צלחות גדולות לוקה לב,Unknown,0.00,יחידה,false,,19.90,0.0000,true,1,11106
7290112482464,false,צלחות ענק לוקה לבן כ,פאלאס,CN,צלחות ענק לוקה לבן כ,Unknown,0.00,יחידה,false,,24.90,0.0000,true,1,11107
7290112482471,false,צלחות מרק לוקה לבן כ,פאלאס,CN,צלחות מרק לוקה לבן כ,Unknown,0.00,יחידה,false,,17.90,0.0000,true,1,11108
7290112482495,false,קעריות אובליות לוקה,פאלאס,CN,קעריות אובליות לוקה,Unknown,0.00,יחידה,false,,14.90,0.0000,true,1,11110
7290112482501,false,צלחות קטנות לוקה לבן,פאלאס,CN,צלחות קטנות לוקה לבן,Unknown,0.00,יחידה,false,,15.90,0.0000,true,1,11111
7290112482518,false,צלחות גדולות לוקה לב,פאלאס,CN,צלחות גדולות לוקה לב,Unknown,0.00,יחידה,false,,19.90,0.0000,true,1,11112
7290112482525,false,צלחות ענק לוקה לבן ז,פאלאס,CN,צלחות ענק לוקה לבן ז,Unknown,0.00,יחידה,false,,24.90,0.0000,true,1,11113
7290112482556,false,קעריות אובליות לוקה,פאלאס,CN,קעריות אובליות לוקה,Unknown,0.00,יחידה,false,,14.90,0.0000,true,1,11116
7290112482631,false,מגש תחרה בלו שיין 4,פאלאס,CN,מגש תחרה בלו שיין 4,Unknown,0.00,יחידה,false,,19.90,0.0000,true,1,11120
7290112482860,false,מפת אלבד מוטבע גליל,פאלאס,CN,מפת אלבד מוטבע גליל,Unknown,0.00,יחידה,false,,39.90,0.0000,true,1,27618
7290112482891,false,צלחות קטנות פרח זהב,פאלאס,TR,צלחות קטנות פרח זהב,Unknown,0.00,יחידה,false,,14.90,0.0000,true,1,11124
7290112482938,false,צלחות קטנות פרח כסף,פאלאס,TR,צלחות קטנות פרח כסף,Unknown,0.00,יחידה,false,,14.90,0.0000,true,1,11128
7290112482945,false,צלחות גדולות פרח כסף,פאלאס,TR,צלחות גדולות פרח כסף,Unknown,0.00,יחידה,false,,17.90,0.0000,true,1,11129
7290112482952,false,צלחות מרק פרח כסף לפ,פאלאס,TR,צלחות מרק פרח כסף לפ,Unknown,0.00,יחידה,false,,14.90,0.0000,true,1,11130
7290112483010,false,צלחות קטנות פרח שחור,פאלאס,TR,צלחות קטנות פרח שחור,Unknown,0.00,יחידה,false,,14.90,0.0000,true,1,11132
7290112483027,false,צלחות גדולות פרח שחו,פאלאס,TR,צלחות גדולות פרח שחו,Unknown,0.00,יחידה,false,,17.90,0.0000,true,1,11133
7290112483034,false,צלחות מרק פרח שחור ל,פאלאס,TR,צלחות מרק פרח שחור ל,Unknown,0.00,יחידה,false,,14.90,0.0000,true,1,11134
7290112483058,false,צלחות קטנות פרח קרם,פאלאס,TR,צלחות קטנות פרח קרם,Unknown,0.00,יחידה,false,,14.90,0.0000,true,1,11136
7290112483065,false,צלחות גדולות פרח קרם,פאלאס,TR,צלחות גדולות פרח קרם,Unknown,0.00,יחידה,false,,17.90,0.0000,true,1,11137
7290112483072,false,צלחות מרק פרח קרם לפ,פאלאס,TR,צלחות מרק פרח קרם לפ,Unknown,0.00,יחידה,false,,14.90,0.0000,true,1,11138
7290112483089,false,צלחות לפתן פרח קרם ל,פאלאס,TR,צלחות לפתן פרח קרם ל,Unknown,0.00,יחידה,false,,7.90,0.0000,true,1,11139
7290112483096,false,מארז נר נשמה הנרות 9,פאלאס,CN,מארז נר נשמה הנרות 9,Unknown,0.00,יחידה,false,,11.90,0.0000,true,1,11140
7290112483195,false,מיכל 3 ליטר 7 יח,NINGBO,CN,מיכל 3 ליטר 7 יח,Unknown,0.00,יחידה,false,,19.90,0.0000,true,1,11146
7290112483362,false,"תבניות ח""פ עגול קשת",פאלאס,CN,"תבניות ח""פ עגול קשת",Unknown,0.00,יחידה,false,,19.90,0.0000,true,1,11154
7290112483379,false,"תבניות ח""פ מלבן קשת",פאלאס,CN,"תבניות ח""פ מלבן קשת",Unknown,0.00,יחידה,false,,19.90,0.0000,true,1,11155
7290112483386,false,"תבניות ח""פ עמוקות קש",פאלאס,CN,"תבניות ח""פ עמוקות קש",Unknown,0.00,יחידה,false,,19.90,0.0000,true,1,11156
7290112483393,false,"תבניות ח""פ בינוניות",פאלאס,CN,"תבניות ח""פ בינוניות",Unknown,0.00,יחידה,false,,19.90,0.0000,true,1,11157
7290112483409,false,"תבניות ח""פ גדולות קש",פאלאס,CN,"תבניות ח""פ גדולות קש",Unknown,0.00,יחידה,false,,19.90,0.0000,true,1,11158
7290112483416,false,"תבניות ח""פ ענק קשת 1",פאלאס,CN,"תבניות ח""פ ענק קשת 1",Unknown,0.00,יחידה,false,,19.90,0.0000,true,1,11159
7290112483423,false,"תבניות ח""פ אינגליש א",פאלאס,CN,"תבניות ח""פ אינגליש א",Unknown,0.00,יחידה,false,,19.90,0.0000,true,1,11160
7290112483560,false,מפיות מודפסות תלת שכ,פאלאס,CN,מפיות מודפסות תלת שכ,Unknown,0.00,יחידה,false,,9.90,0.0000,true,1,11171
7290112483683,false,צלחות מרק רויאל 30 י,פאלאס,CN,צלחות מרק רויאל 30 י,Unknown,0.00,יחידה,false,,46.90,0.0000,true,1,11180
7290112484352,false,צלחות ענק נעימות 50,פאלאס,TR,צלחות ענק נעימות 50,Unknown,0.00,יחידה,false,,39.90,0.0000,true,1,11211
7290112484369,false,צלחות לפתן נעימות 10,פאלאס,TR,צלחות לפתן נעימות 10,Unknown,0.00,יחידה,false,,22.90,0.0000,true,1,11212
7290112484406,false,"כוסות ח""פ קשת 200 מ""",פאלאס,GR,"כוסות ח""פ קשת 200 מ""",Unknown,0.00,יחידה,false,,34.90,0.0000,true,1,11214
7290112484413,false,"כוסות ח""פ קשת 250 מ""",פאלאס,GR,"כוסות ח""פ קשת 250 מ""",Unknown,0.00,יחידה,false,,29.90,0.0000,true,1,11215
7290112484420,false,כוסות נייר 168 יח 26,פאלאס,CN,כוסות נייר 168 יח 26,Unknown,0.00,יחידה,false,,29.90,0.0000,true,1,11216
7290112484444,false,כוסות נייר 116 יח 35,פאלאס,CN,כוסות נייר 116 יח 35,Unknown,0.00,יחידה,false,,29.90,0.0000,true,1,11217
7290112484505,false,קעריות אובלי קיסר לב,פאלאס,CN,קעריות אובלי קיסר לב,Unknown,0.00,יחידה,false,,14.90,0.0000,true,1,11220
7290112484819,false,צלחות קטנות נעימות ש,פאלאס,TR,צלחות קטנות נעימות ש,Unknown,0.00,יחידה,false,,24.90,0.0000,true,1,11233
7290112484826,false,צלחות גדולות נעימות,ב פ תעשיות,IL,צלחות גדולות נעימות,Unknown,0.00,יחידה,false,,44.90,0.0000,true,1,11234
7290112484833,false,צלחות ענק נעימות שקו,פאלאס,CN,צלחות ענק נעימות שקו,Unknown,0.00,יחידה,false,,54.90,0.0000,true,1,11235
7290112484840,false,צלחות מרק נעימות שקו,ב פ תעשיות,IL,צלחות מרק נעימות שקו,Unknown,0.00,יחידה,false,,24.90,0.0000,true,1,11236
7290112484857,false,צלחות לפתן נעימות שק,פאלאס,TR,צלחות לפתן נעימות שק,Unknown,0.00,יחידה,false,,22.90,0.0000,true,1,11237
7290112484925,false,מפת ניילון סופר עבה,פאלאס,IL,מפת ניילון סופר עבה,Unknown,0.00,יחידה,false,,39.90,0.0000,true,1,11241
7290112484970,false,כפות איכותיים רנסנס,פאלאס,TR,כפות איכותיים רנסנס,Unknown,0.00,יחידה,false,,19.90,0.0000,true,1,11242
7290112484987,false,כפיות איכותיים רנסנס,פאלאס,TR,כפיות איכותיים רנסנס,Unknown,0.00,יחידה,false,,19.90,0.0000,true,1,11243
7290112484994,false,מזלגות איכותיים רנסנ,פאלאס,TR,מזלגות איכותיים רנסנ,Unknown,0.00,יחידה,false,,19.90,0.0000,true,1,11244
7290112485007,false,סכינים איכותיים רנסנ,פאלאס,TR,סכינים איכותיים רנסנ,Unknown,0.00,יחידה,false,,19.90,0.0000,true,1,11245
7290112485236,false,סט סכום מהודר זהב עם,HANTRONIX,CN,סט סכום מהודר זהב עם,Unknown,0.00,יחידה,false,,34.90,0.0000,true,1,11268
7290112485342,false,צלחות קטנות אמריקאיו,ב פ תעשיות,IL,צלחות קטנות אמריקאיו,Unknown,0.00,יחידה,false,,26.90,0.0000,true,1,11279
7290112485359,false,צלחות גדולות אמריקאי,ב פ תעשיות,IL,צלחות גדולות אמריקאי,Unknown,0.00,יחידה,false,,34.90,0.0000,true,1,11280
7290112485366,false,צלחות ענק אמריקאי לב,פאלאס,TR,צלחות ענק אמריקאי לב,Unknown,0.00,יחידה,false,,49.90,0.0000,true,1,11281
7290112485434,false,"תבניות ח""פ מרובע קטן",,,"תבניות ח""פ מרובע קטן",Unknown,0.00,יחידה,false,,11.90,0.0000,true,1,11286
7290112485441,false,"תבניות ח""פ לב+מכסה ש",,,"תבניות ח""פ לב+מכסה ש",Unknown,0.00,יחידה,false,,11.90,0.0000,true,1,11287
7290112485489,false,"תבניות ח""פ עגול גבוה",,,"תבניות ח""פ עגול גבוה",Unknown,0.00,יחידה,false,,11.90,0.0000,true,1,11291
7290112485502,false,סט סכום מהודר כסוף ב,פאלאס,CN,סט סכום מהודר כסוף ב,Unknown,0.00,יחידה,false,,49.90,0.0000,true,1,11293
7290112485526,false,מגש מרובע קיסר לפיד,פאלאס,CN,מגש מרובע קיסר לפיד,Unknown,0.00,יחידה,false,,9.90,0.0000,true,1,11295
7290112485588,false,מארז צלחות גדולות +,פאלאס,CN,מארז צלחות גדולות +,Unknown,0.00,יחידה,false,,49.90,0.0000,true,1,11301
7290112485595,false,מארז מרקיות + לפתניו,פאלאס,CN,מארז מרקיות + לפתניו,Unknown,0.00,יחידה,false,,49.90,0.0000,true,1,11302
7290112485625,false,כוסות נייר 50 יח 210,פאלאס,TR,כוסות נייר 50 יח 210,Unknown,0.00,יחידה,false,,7.90,0.0000,true,1,11305
7290112486011,false,צלחות לפתן פאלאס 150,פאלאס,IL,צלחות לפתן פאלאס 150,Unknown,0.00,יחידה,false,,19.90,0.0000,true,1,11316
7290112486028,false,צלחות קטנות פאלאס 12,פאלאס,IL,צלחות קטנות פאלאס 12,Unknown,0.00,יחידה,false,,19.90,0.0000,true,1,26217
7290112486035,false,צלחות גדולות פאלאס 8,פאלאס,IL,צלחות גדולות פאלאס 8,Unknown,0.00,יחידה,false,,19.90,0.0000,true,1,25211
7290112486042,false,צלחות מרק 70 יח' פאל,פאלאס,IL,צלחות מרק 70 יח' פאל,Unknown,0.00,יחידה,false,,19.90,0.0000,true,1,11317
7290112486059,false,צלחות ענק פאלאס 70 י,פאלאס,IL,צלחות ענק פאלאס 70 י,Unknown,0.00,יחידה,false,,19.90,0.0000,true,1,11318
7290112486066,false,קערות אובלית פאלאס 8,פאלאס,IL,קערות אובלית פאלאס 8,Unknown,0.00,יחידה,false,,19.90,0.0000,true,1,27437
7290112486516,false,מגש אובלי צבעוני פאל,פאלאס,IL,מגש אובלי צבעוני פאל,Unknown,0.00,יחידה,false,,21.90,0.0000,true,1,28349
7290112491558,false,שוקולד מריר פרווה מארז 100X6 גר',אתר צפת טבלאות ותעשי,IL,שוקולד ורד הגליל מרי,גרמים,600.00,100 גרם,false,,17.90,0.0298,true,1,5774
7290112492449,false,"פינוק - שמפו לשיער רגיל 700 מ""ל",יוניליוור ישראל טיפו,IL,שמפו פינוק לשיער רגי,מיליליטרים,700.00,"100 מ""ל",false,,7.90,0.0113,true,1,5782
7290112494221,false,קליק - ביסקויט תפזורת 65 גרם,יוניליוור ישראל מזון,IL,קליק ביסקוויט 65 גרם,גרמים,65.00,100 גרם,false,,4.90,0.0754,true,1,5816
7290112494238,false,קליק - כדורים חלב תפזורת 65 גרם,יוניליוור ישראל מזון,IL,קליק שוקולד חלב 65 ג,גרמים,65.00,100 גרם,false,,4.90,0.0754,true,1,5817
7290112494276,false,קליק כריות תפזורת 65 גר,יוניליוור ישראל מזון,IL,קליק כריות 65 גרם,גרמים,65.00,100 גרם,false,,4.90,0.0754,true,1,5818
7290112494283,false,קליק - מעורב חום לבן תפזורת 65 גרם,יוניליוור ישראל מזון,IL,קליק חום לבן מעורב 6,גרמים,65.00,100 גרם,false,,4.90,0.0754,true,1,5819
7290112494344,false,קורנפלקס כספי אלופים תלמה850 גר',יוניליוור שפע ישראל,IL,קורנפלקס של אלופים 8,גרמים,850.00,100 גרם,false,,16.90,0.0199,true,1,5822
7290112494351,false,תלמה קורנפלקס של אלופים 850 ג',יוניליוור שפע ישראל,IL,קורנפלקס של אלופים 8,גרמים,850.00,100 גרם,false,,16.90,0.0199,true,1,5823
7290112495006,false,כריות - כריות נוגט 686 גרם,יוניליוור שפע ישראל,IL,"כריות נוגט בד""צ 686",גרמים,686.00,100 גרם,false,,23.90,0.0348,true,1,5833
7290112497499,false,טבלה שוקולד לבן ועוגיות קליק 85 ג',אתר צפת טבלאות ותעשי,IL,שוקולד קליק לבן עוגי,גרמים,85.00,100 גרם,false,,4.90,0.0576,true,1,5878
7290112497758,false,קוקומן בטעם טופי קרמ,יוניליוור,IL,קוקומן טופי קרמל 375,גרמים,375.00,100 גרם,false,,19.90,0.0531,true,1,5880
7290112870230,false,קרנבל זיתים ב.דרום 8,בני דרום,IL,קרנבל זיתים ב.דרום 8,גרמים,820.00,100 גרם,false,,11.90,0.0145,true,1,20660
7290112870247,false,ממרח פסטו בזיליקום 190 ג' צנצנת,בני דרום,IL,ממרח פסטו בזיליקום ב,גרמים,190.00,100 גרם,false,,9.90,0.0521,true,1,20661
7290112870254,false,ממרח עגבניות מיובשות יבנה 190 ג',בני דרום,IL,ממרח עגבניות מיובשות,גרמים,190.00,100 גרם,false,,9.90,0.0521,true,1,20662
7290112870261,false,ממרח ארטישוק יבנה צנצנת 190 ג',בני דרום,IL,ממרח ארטישוק בני דרו,גרמים,190.00,100 גרם,false,,9.90,0.0521,true,1,20663
7290112870278,false,ממרח טפנד זיתים מרינד יבנה 190 ג' צנצנת,בני דרום,IL,ממרח טפנד זיתים מרינ,גרמים,190.00,100 גרם,false,,9.90,0.0521,true,1,20664
7290112870285,false,ממרח טפנד זיתים יבנה 190 ג' צנצנת,בני דרום,IL,ממרח טפנד זיתים בני,גרמים,190.00,100 גרם,false,,9.90,0.0521,true,1,20665
7290112870292,false,ממרח צימיצורי יבנה 190 ג' צנצנת,בני דרום,IL,ממרח צימיצורי בני דר,גרמים,190.00,100 גרם,false,,9.90,0.0521,true,1,20666
7290112870308,false,ממרח פלפל אדום יבנה 190 ג' צנצנת,בני דרום,IL,ממרח פלפל אדום בני ד,גרמים,190.00,100 גרם,false,,9.90,0.0521,true,1,20667
7290112870315,false,זית טבעות ירוק בני ד,בני דרום,IL,זית טבעות ירוק בני ד,פריט,3.00,"ק""ג",false,,29.90,9.9667,true,1,20668
7290112870414,false,ממרח סחוג אדום צנצנת 190ג',בני דרום,IL,ממרח סחוג אדום בני ד,גרמים,190.00,100 גרם,false,,9.90,0.0521,true,1,20670
7290112960115,false,אסם שקדי מרק 30% קמח חיטה מלא 12*350גרם,אסם,IL,שקדי מרק עם 30% קמח,גרמים,350.00,100 גרם,false,,9.60,0.0274,true,1,619
7290112961372,false,פיטנס חטיפי פריכיות דגנים עם קינמון,"פרח תעשיות מזון בע""מ",IL,חטיפי פריכיות קינמון,גרמים,60.00,100 גרם,false,,7.90,0.1317,true,1,624
7290112961464,false,פיטנס חטיפי פריכיות דגנים וחומוס מתובלות,"פרח תעשיות מזון בע""מ",IL,חטיפי פריכיות מתובלו,גרמים,60.00,100 גרם,false,,7.90,0.1317,true,1,625
7290112962546,false,ארטיק לה פרוטה מלון תפוח מאגדת 443 גר',שוורצקוף& הנקל דיסלד,IL,שלגוני לה פרוטה מלון,גרמים,350.00,100 גרם,false,,17.90,0.0511,true,1,8478
7290112963321,false,בייגלה שטוח ללא גלוטן 300 גר',מיוצר עי קונדיטוריית,IL,בייגלה שטוח גרפיטי ל,גרמים,300.00,100 גרם,false,,11.90,0.0397,true,1,635
7290112963918,false,חטיפי קרקר דק רוזמרין 140 ג' פיטנס,נסטלה Nestle,IL,קרקר דק רוזמרין פיטנ,גרמים,140.00,100 גרם,false,,10.90,0.0779,true,1,639
7290112964410,false,רוטב אוסם אלף האיים לסלט 290 ג' אסם,Unknown,IL,רוטב לסלט אלף האיים,גרמים,290.00,100 גרם,false,,9.90,0.0341,true,1,28569
7290112964434,false,רוטב לסלט קיסר 295 ג' אוסם,אסם,IL,רוטב לסלט קיסר אסם 2,גרמים,295.00,100 גרם,false,,8.90,0.0302,true,1,28570
7290112964458,false,רוטב וינגרט לסלט 295 ג' אסם,Unknown,IL,רוטב לסלט ויניגרט אס,גרמים,295.00,100 גרם,false,,8.90,0.0302,true,1,643
7290112964472,false,רוטב שום לסלט 290 ג' אסם,Unknown,IL,רוטב שום אסם 290 גרם,גרמים,290.00,100 גרם,false,,8.90,0.0307,true,1,644
7290112964564,false,רוטב אלף האיים לייט לסלט 310 ג' אסם,אסם,IL,רוטב אלף האיים לייט,מיליליטרים,290.00,"100 מ""ל",false,,9.90,0.0341,true,1,28435
7290112964625,false,רוטב שום לייט לסלט 310 ג' אסם,אסם,IL,רוטב שום לייט אסם 31,גרמים,310.00,100 גרם,false,,8.90,0.0287,true,1,646
7290112964724,false,טבעול המבורגרטבעוני 580 גר',מיוצר עי קונדיטוריית,IL,המבורגר צמחוני טבעול,גרמים,580.00,100 גרם,false,,29.90,0.0516,true,1,330
7290112965240,false,מרק נמס בטעם עגבניות זוג * 44 ג' אסם,Unknown,IL,מרק נמס עגבניות אסם,גרמים,60.00,100 גרם,false,,5.50,0.0917,true,1,650
7290112965288,false,אוסם - מרק נמס ירקות זוג 28 גרם * 2,Unknown,IL,מרק נמס ירקות אסם 2*,גרמים,56.00,100 גרם,false,,5.50,0.0982,true,1,651
7290112965301,false,זוג מרק נמס בטעם עוף עם שקדי מרק רגע חם,Unknown,IL,מרק נמס עוף אסם 2*26,גרמים,52.00,100 גרם,false,,5.50,0.1058,true,1,652
7290112965660,false,פיטנס - חטיף מולטיגריין מלח פלפל 25 גרם,מיוצר עי קונדיטוריית,IL,חטיף פיטנס מלח פלפל,גרמים,25.00,100 גרם,false,,4.90,0.1960,true,1,654
7290112965684,false,פיטנס - חטיף מולטיגריין עשבי תיבול 25 גרם,מיוצר עי קונדיטוריית,IL,חטיף פיטנס עשבי תיבו,גרמים,25.00,100 גרם,false,,4.90,0.1960,true,1,655
7290112965707,false,פיטנס - חטיף מולטיגריין צילי מעודן 25 גרם,"אסם השקעות בע""מ",IL,חטיף פיטנס צ'ילי מעו,גרמים,25.00,100 גרם,false,,4.90,0.1960,true,1,656
7290112965745,false,אוסם - ביסלי פריסטייל בצל מעושן 60 גרם,"אסם השקעות בע""מ",IL,ביסלי פריסטייל בצל מ,גרמים,60.00,100 גרם,false,,3.90,0.0650,true,1,657
7290112965783,false,אוסם - ביסלי פריסטייל על האש 60 גרם,"אסם השקעות בע""מ",IL,ביסלי פריסטייל על הא,גרמים,60.00,100 גרם,false,,3.90,0.0650,true,1,658
7290112965806,false,אוסם - ביסלי פריסטייל חמוץ חריף 60 גרם,Unknown,IL,ביסלי פריסטייל חמוץ,גרמים,60.00,100 גרם,false,,3.90,0.0650,true,1,659
7290112965967,false,טבעול נאגטס ירקות כתומים 500 גר',טבעול תעשיות מזון בע,IL,נאגטס ירקות כתומים ט,גרמים,500.00,100 גרם,false,,29.90,0.0598,true,1,331
7290112966094,false,עוגת הבית בטעם תפוז - פחות סוכר,מיוצר עי קונדיטוריית,IL,עוגת תפוז מופחתת סוכ,גרמים,400.00,100 גרם,false,,10.90,0.0273,true,1,664
7290112966247,false,לחמית כוסמין 200 ג' אסם,אסם יקנעם,IL,לחמית כוסמין 200 גרם,גרמים,200.00,100 גרם,false,,8.90,0.0445,true,1,670
7290112966803,false,פודינג אינסטנט שוקולד 88 ג' אסם,"אסם השקעות בע""מ",IL,פודינג אינסטנט שוקול,גרמים,88.00,100 גרם,false,,4.90,0.0557,true,1,673
7290112967114,false,חטיפי פריכיות פיטנס קטניות ופלפל 60 גר',"פרח תעשיות מזון בע""מ",IL,חטיפי פריכיות קטניות,גרמים,60.00,100 גרם,false,,7.90,0.1317,true,1,676
7290112967152,false,מארז במבה מתוקה 15*,אסם,IL,מארז במבה מתוקה 15*,גרמים,225.00,100 גרם,false,,9.90,0.0440,true,1,678
7290112967329,false,מארז ביסלי ברביקיו 1,אסם,IL,מארז ביסלי ברביקיו 1,גרמים,300.00,100 גרם,false,,17.90,0.0597,true,1,679
7290112967343,false,מארז ביסלי גריל 15*,אסם,IL,מארז ביסלי גריל 15*,גרמים,300.00,100 גרם,false,,17.90,0.0597,true,1,680
7290112967381,false,פיטנס חטיפי פריכיות קטניות ומלח ים 60 גר',"פרח תעשיות מזון בע""מ",IL,חטיפי פריכיות קטניות,גרמים,60.00,100 גרם,false,,7.90,0.1317,true,1,681
7290112967572,false,"אסם רוטב ברביקיו 290 מ""ל אסם",אסם,IL,רוטב ברביקיו אסם 290,גרמים,290.00,100 גרם,false,,8.90,0.0307,true,1,685
7290112967848,false,ג'לי תות שדה מופחת סוכר 90 גר אסם,מיוצר עי קונדיטוריית,IL,גלי בטעם תות מופחת ס,גרמים,85.00,100 גרם,false,,5.90,0.0694,true,1,687
7290112968685,false,חומוס גרגרים בתטבילה צבר 400 גרם,שוורצקוף& הנקל דיסלד,IL,חומוס גרגירים בתטביל,גרמים,400.00,100 גרם,false,,13.90,0.0348,true,1,857
7290112968708,false,"טבעול שניצל תירס 1.3ק""ג בד""ץ",טבעול ישראל,IL,שניצל תירס טבעול 1.3,פריט,1.30,"ק""ג",false,,36.90,28.3846,true,1,333
7290112968722,false,"טבעול נקניקיות מן הצומח 1.2 ק""ג בדץ",טבעול ישראל,IL,נקניקיות מן הצומח טב,פריט,1.20,"ק""ג",false,,39.90,33.2500,true,1,334
7290112968807,false,פיטנס - קרקר דק סלק 140 גרם,מפעל אסם יקנעם,IL,קרקר דק סלק פיטנס 14,גרמים,140.00,100 גרם,false,,10.90,0.0779,true,1,691
7290112968821,false,פיטנס - קרקר דק בטטה 140 גרם,מפעל אסם יקנעם,IL,קרקר דק בטטה פיטנס 1,גרמים,140.00,100 גרם,false,,10.90,0.0779,true,1,692
7290112969248,false,אסם בישולים רוטב סילאן ובצל 335 גר'.,"אסם השקעות בע""מ",IL,רוטב סילאן ובצל בישו,גרמים,330.00,100 גרם,false,,14.90,0.0452,true,1,695
7290113190269,false,אגוז מלך קלוף הבסטה,דין שיווק,IL,אגוז מלך קלוף הבסטה,גרמים,280.00,100 גרם,false,,21.90,0.0782,true,1,16966
7290113190276,false,פקאן סיני מסוכר הבסט,דין שיווק,IL,פקאן סיני מסוכר הבסט,גרמים,200.00,100 גרם,false,,23.90,0.1195,true,1,16967
7290113190306,false,חמוציות מסוכרות הבסט,דין שיווק,IL,חמוציות מסוכרות הבסט,גרמים,400.00,100 גרם,false,,14.90,0.0373,true,1,16970
7290113190313,false,משמש מיובש הבסטה 500,דין שיווק,IL,משמש מיובש הבסטה 500,גרמים,500.00,100 גרם,false,,22.90,0.0458,true,1,16971
7290113190337,false,צימוקים בהירים הבסטה,דין שיווק,IL,צימוקים בהירים הבסטה,גרמים,500.00,100 גרם,false,,19.90,0.0398,true,1,16973
7290113190375,false,סילאן סירופ תמרים טב,שקדיה,TR,סילאן טבעי שקדיה 900,גרמים,900.00,100 גרם,false,,17.90,0.0199,true,1,16976
7290113190382,false,פקאן טבעי הבסטה 200,דין שיווק,IL,פקאן טבעי הבסטה 200,גרמים,200.00,100 גרם,false,,23.90,0.1195,true,1,16977
7290113190450,false,ממרח תמרים שקדיה 450,פוליבה,IL,ממרח תמרים שקדיה 450,גרמים,450.00,100 גרם,false,,6.90,0.0153,true,1,27879
7290113190863,false,סילאן טבעי לחיץ שקדי,שקדיה,IL,סילאן טבעי לחיץ שקדי,גרמים,385.00,100 גרם,false,,11.90,0.0309,true,1,16979
7290113191006,false,פפריקה מתוקה יוחאי ב,תבליני בר,IL,פפריקה מתוקה יוחאי ב,גרמים,250.00,100 גרם,false,,19.90,0.0796,true,1,16980
7290113191013,false,פפריקה חריפה יוחאי ב,תבליני בר,IL,פפריקה חריפה יוחאי ב,גרמים,250.00,100 גרם,false,,19.90,0.0796,true,1,16981
7290113191020,false,פלפל שחור טחון יוחאי,תבליני בר,IL,פלפל שחור טחון יוחאי,גרמים,250.00,100 גרם,false,,19.90,0.0796,true,1,16982
7290113191037,false,פלפל שחור גרוס יוחאי,תבליני בר,IL,פלפל שחור גרוס יוחאי,גרמים,250.00,100 גרם,false,,19.90,0.0796,true,1,16983
7290113191044,false,כמון יוחאי ביטון 250,תבליני בר,IL,כמון יוחאי ביטון 250,גרמים,250.00,100 גרם,false,,19.90,0.0796,true,1,16984
7290113191051,false,כורכום יוחאי ביטון 2,תבליני בר,IL,כורכום יוחאי ביטון 2,גרמים,250.00,100 גרם,false,,19.90,0.0796,true,1,16985
7290113191068,false,גריל עוף יוחאי ביטון,תבליני בר,IL,גריל עוף יוחאי ביטון,גרמים,250.00,100 גרם,false,,19.90,0.0796,true,1,16986
7290113191099,false,סירופ מייפל טהור 250,שקדיה,IL,סירופ מייפל טהור 250,מיליליטרים,250.00,"100 מ""ל",false,,19.90,0.0796,true,1,16989
7290113191921,false,"תרכיז מלבי 750 מ""ל שקדיה",דין שיווק,IL,"סירופ מלבי 750 מ""ל",מיליליטרים,750.00,"100 מ""ל",false,,16.90,0.0225,true,1,16994
7290113192072,false,בוטנים מצופים בטעם צ,דין שיווק,IL,חטיפי בוטנים מצופים,גרמים,120.00,100 גרם,false,,9.90,0.0825,true,1,16997
7290113192089,false,בוטנים מצופים בטעם ת,דין שיווק,IL,חטיפי בוטנים מצופים,גרמים,100.00,100 גרם,false,,9.90,0.0990,true,1,16998
7290113192096,false,בוטנים מצופים בטעם ו,דין שיווק,IL,חטיפי בוטנים מצופים,גרמים,120.00,100 גרם,false,,9.90,0.0825,true,1,16999
7290113192218,false,תערובת להכנת מלבי 500 ג',דין שיווק,IL,אבקה להכנת מלבי שקדי,גרמים,500.00,100 גרם,false,,9.90,0.0198,true,1,17004
7290113192300,false,זיתים חרוזית מושחר A2 בית השיטה 275 גר',בית השיטה,IL,זית חרוזית מושחר בית,גרמים,560.00,100 גרם,false,,8.90,0.0159,true,1,25334
7290113192331,false,זיתים ירוק גדול A2 בית השיטה 340ג',בית השיטה,IL,זית מנזלינו בית השיט,גרמים,560.00,100 גרם,false,,9.50,0.0170,true,1,700
7290113192348,false,זיתים ירוקים שלמים גדולים מאוד בטעם שום,בית השיטה,IL,זית שום בית השיטה 56,גרמים,560.00,100 גרם,false,,9.50,0.0170,true,1,701
7290113192355,false,חרוזית זיתים ירוקים ללא גלעין 275 ג' בית השיטה,בית השיטה,IL,זית חרוזית בית השיטה,גרמים,560.00,100 גרם,false,,9.50,0.0170,true,1,702
7290113192362,false,טבעות זיתים ירוקים 280 ג' בית השיטה,בית השיטה,IL,זית טבעות בית השיטה,גרמים,560.00,100 גרם,false,,9.90,0.0177,true,1,703
7290113192379,false,בית השיטה זיתים ירוקים מבוקעים א2 340גר',בית השיטה,IL,זית מבוקע בית השיטה,גרמים,560.00,100 גרם,false,,8.90,0.0159,true,1,704
7290113192393,false,בית השיטה קוקטייל זיתים א2 336גר',בית השיטה,IL,זית קוקטייל בית השיט,גרמים,560.00,100 גרם,false,,10.90,0.0195,true,1,705
7290113192478,false,בית השיטה מלפפונים במלח בינוני 10-12 320 גרם,בית השיטה,IL,מלפפון במלח 10-12 בי,גרמים,560.00,100 גרם,false,,7.90,0.0141,true,1,707
7290113192485,false,בית השיטה מלפפונים בחומץ בינוני 10-12 290 גרם,בית השיטה,IL,מלפפון בחומץ 10-12 ב,גרמים,560.00,100 גרם,false,,7.90,0.0141,true,1,708
7290113192492,false,בית השיטה מלפפונים בחומץ קטנים 1317 290 גרם,בית השיטה,IL,מלפפון בחומץ 13-17 ב,גרמים,560.00,100 גרם,false,,10.50,0.0188,true,1,709
7290113192508,false,בית השיטה מלפפונים במלח קטן 1317 320 גרם,בית השיטה,IL,מלפפון במלח 13-17 בי,גרמים,560.00,100 גרם,false,,10.50,0.0188,true,1,710
7290113192515,false,בית השיטה מלפפונים במלח קטן מאוד 1825 320 גרם,בית השיטה,IL,מלפפון במלח 18-25 בי,גרמים,560.00,100 גרם,false,,11.50,0.0205,true,1,711
7290113192522,false,בית השיטה מלפפונים בחומץ קטן מאוד 1825 290 גרם,בית השיטה,IL,מלפפון בחומץ 18-25 ב,גרמים,560.00,100 גרם,false,,11.50,0.0205,true,1,712
7290113192539,false,בית השיטה מלפפונים במלח גדול 79 320 גרם,בית השיטה,IL,מלפפון במלח 7-9 בית,גרמים,560.00,100 גרם,false,,6.30,0.0112,true,1,713
7290113192546,false,בית השיטה מלפפונים בחומץ גדול 79 290 גרם,בית השיטה,IL,מלפפון בחומץ 7-9 בית,גרמים,560.00,100 גרם,false,,6.30,0.0112,true,1,714
7290113192560,false,בית השיטה פלפל שיפקה חריף כבוש 230 גרם,בית השיטה,IL,פלפל שיפקה בית השיטה,גרמים,560.00,100 גרם,false,,6.50,0.0116,true,1,715
7290113192577,false,בית השיטה כרוב כבוש חתוך 430 גרם,בית השיטה,IL,כרוב כבוש בית השיטה,גרמים,560.00,100 גרם,false,,6.90,0.0123,true,1,716
7290113192997,false,בית השיטה זית מרוקאי 340 גר',בית השיטה,IL,זית שחור מרוקאי בית,גרמים,340.00,100 גרם,false,,11.90,0.0350,true,1,717
7290113193000,false,בית השיטהפלפל שיפקונית 230 גר',שוורצקוף& הנקל דיסלד,IL,פלפל שיפקונית בית הש,גרמים,560.00,100 גרם,false,,9.90,0.0177,true,1,718
7290113193017,false,בית השיטה קוקטייל זיתים 275 גר',בית השיטה,IL,זית חרוזית קוקטייל ב,גרמים,560.00,100 גרם,false,,11.50,0.0205,true,1,719
7290113193031,false,חרוזית קלמטה - זיתים שחורים ללא גלעין קלמטה,שוורצקוף& הנקל דיסלד,IL,זית חרוזית קלמטה בית,גרמים,560.00,100 גרם,false,,11.50,0.0205,true,1,720
7290113193321,false,"שמן זית כתית מעולה בית השיטה 750 מ""ל",בית השיטה,IL,שמן זית כתית מעולה ב,מיליליטרים,750.00,"100 מ""ל",false,,27.90,0.0372,true,1,721
7290113193406,false,"קוקטייל טבעות זיתים - זיתים ירוקים, שחורים מרינד",בית השיטה,IL,זית טבעות קוקטייל בי,גרמים,560.00,100 גרם,false,,10.90,0.0195,true,1,722
7290113193543,false,זית טבעות עמק חרוד 8,בית השיטה,IL,זית טבעות עמק חרוד 8,גרמים,820.00,100 גרם,false,,9.90,0.0121,true,1,21236
7290113194601,false,מובחרים מן הטבע 500,דין שיווק,IL,מובחרים מן הטבע 500,גרמים,500.00,100 גרם,false,,9.90,0.0198,true,1,16767
7290113194618,false,קוואקר מובחרים מן הט,דין שיווק,IL,קוואקר מובחרים מן הט,גרמים,700.00,100 גרם,false,,4.90,0.0070,true,1,17014
7290113194625,false,מובחרים מן הטבע 300,דין שיווק,IL,מובחרים מן הטבע 300,גרמים,300.00,100 גרם,false,,9.90,0.0330,true,1,16768
7290113194632,false,ממרח שקדים שקדיה 500,דין שיווק,IL,ממרח שקדים שקדיה 500,גרמים,500.00,100 גרם,false,,49.90,0.0998,true,1,17015
7290113195042,false,מלפפון חמוץ במלח כבישה ביתית בית השיטה 750 גר',שוורצקוף& הנקל דיסלד,IL,מלפפון במלח בטעם בית,גרמים,750.00,100 גרם,false,,24.90,0.0332,true,1,726
7290113195837,false,מובחרים מן הטבע 250,דין שיווק,IL,מובחרים מן הטבע 250,גרמים,250.00,100 גרם,false,,9.90,0.0396,true,1,16770
7290113195844,false,מובחרים מן הטבע 400,דין שיווק,IL,מובחרים מן הטבע 400,גרמים,400.00,100 גרם,false,,9.90,0.0248,true,1,16771
7290113195851,false,מובחרים מן הטבע 800,דין שיווק,IL,מובחרים מן הטבע 800,גרמים,800.00,100 גרם,false,,9.90,0.0124,true,1,16772
7290113195868,false,מובחרים מן הטבע 200,דין שיווק,IL,מובחרים מן הטבע 200,גרמים,200.00,100 גרם,false,,9.90,0.0495,true,1,16773
7290113195967,false,שיבולת שועל שקדיה פח,דין שיווק,IL,שיבולת שועל שקדיה פח,גרמים,500.00,100 גרם,false,,9.90,0.0198,true,1,17024
7290113196414,false,"אורז בסמטי שקדיה 1 ק""ג",קריות זול,IN,אורז בסמטי שקדיה 1 ק,פריט,1.00,"ק""ג",false,,9.90,9.9000,true,1,17026
7290113196506,false,פריכיות כוסמת ללא מלח שקדיה 150 ג',דין שיווק,IL,פריכיות כוסמת ללא מל,גרמים,150.00,100 גרם,false,,11.90,0.0793,true,1,17028
7290113196513,false,פריכיות כוסמת בתוספת שקדים שקדיה 150 ג',דין שיווק,IL,פריכיות כוסמת שקדים,גרמים,150.00,100 גרם,false,,11.90,0.0793,true,1,17029
7290113196520,false,פריכיות כוסמין ללא מלח שקדיה 150 ג',דין שיווק,IL,פריכיות כוסמין ללא מ,גרמים,150.00,100 גרם,false,,11.90,0.0793,true,1,17030
7290113196759,false,ירקות מעורבים בסגנון מזרחי בטעם ביתי,בית השיטה,IL,ירקות מעורבים בטעם ב,גרמים,750.00,100 גרם,false,,5.90,0.0079,true,1,730
7290113196896,false,תרסיס שמן זית 170 ג' שקדיה,שקדיה,IL,תרסיס שמן זית שקדיה,מיליליטרים,170.00,"100 מ""ל",false,,14.90,0.0876,true,1,17034
7290113196902,false,מנה חמה אטריות אורז בטעם בקר 70 ג' סו שף,קריות זול,VN,אטריות אורז להכנה מה,גרמים,60.00,100 גרם,false,,5.90,0.0983,true,1,29080
7290113196919,false,מנה חמה אטריות אורז בטעם עוף70 ג' סו שף,קריות זול,VN,אטריות אורז להכנה מה,גרמים,60.00,100 גרם,false,,5.90,0.0983,true,1,29078
7290113196926,false,מנה חמה אטריות אורז בטעם ירקות 70 ג' סו שף,קריות זול,VN,אטריות אורז להכנה מה,גרמים,60.00,100 גרם,false,,5.90,0.0983,true,1,29079
7290113196933,false,מנה חמה אטריות אורז בטעם טום יאס70 ג' סו שף,קריות זול,VN,אטריות אורז להכנה מה,גרמים,60.00,100 גרם,false,,5.90,0.0983,true,1,29081
7290113196940,false,חטיפי תירס טורטיה בט,אן וי רוגר,BE,חטיפי תירס בטעם טבעי,גרמים,300.00,100 גרם,false,,12.90,0.0430,true,1,25976
7290113196957,false,חטיפי תירס טורטיה בט,אן וי רוגר,BE,חטיפי תירס בטעם ברבי,גרמים,300.00,100 גרם,false,,12.90,0.0430,true,1,25977
7290113197152,false,לבבות דקל שלם בצנצנת,שקדיה,IL,לבבות דקל שלם בצנצנת,גרמים,410.00,100 גרם,false,,11.90,0.0290,true,1,17035
7290113198616,false,ברנפלקס דגנים מחיטה מלאה וסובין 500 גר' שקדיה,שקדיה,IL,ברנפלקס שקדיה 500 גר,גרמים,500.00,100 גרם,false,,11.90,0.0238,true,1,25390
7290113199323,false,טורטיה מיני 150ג' שקדיה,,TR,מיני טורטיה מקמח חיט,גרמים,150.00,100 גרם,false,,4.90,0.0327,true,1,27880
7290113199590,false,נקטר חמוציות קרנברי,,US,נקטר חמוציות קרנברי,קילוגרמים,1.89,ליטר,false,,19.90,10.5291,true,1,17036
7290113199767,false,ממרח 100% שקדים שקדי,פפאיינס,TW,ממרח 100% שקדים שקדי,גרמים,300.00,100 גרם,false,,26.90,0.0897,true,1,25974
7290113199774,false,ממרח 100% בוטנים שקד,פפאיינס,TW,ממרח 100% בוטנים שקד,גרמים,300.00,100 גרם,false,,13.90,0.0463,true,1,25972
7290113199781,false,ממרח 100% מיקס אגוזי,פפאיינס,TW,ממרח 100% מיקס אגוזי,גרמים,200.00,100 גרם,false,,14.90,0.0745,true,1,25973
7290113199798,false,ממרח 100% אגוזי קשיו,פפאיינס,TW,ממרח 100% אגוזי קשיו,גרמים,200.00,100 גרם,false,,24.90,0.1245,true,1,25971
7290113199880,false,טורטיה בתוספת קמח כוסמין ושיבולת שועל 360 ג' שקדיה,,TR,טורטיות בתוספת קמח כ,גרמים,360.00,100 גרם,false,,4.90,0.0136,true,1,25975
7290114310215,false,"**טרה שמנת מתוקה 38% 250 מ""ל בקבוק.",מילקו תעשיות בעמ,IL,שמנת מתוקה 38% בבקב,מיליליטרים,250.00,"100 מ""ל",false,,6.40,0.0256,true,1,4584
7290114310222,false,חלב 1.5 ליטר 3% מועשר בסידן וויטמין D.,מילקו תעשיות בעמ,IL,חלב מועשר 3% טרה 1.5,קילוגרמים,1.50,ליטר,false,,10.90,7.2667,true,1,4585
7290114310239,false,חלב טרה נטול לקטוז מועשר בוויטמין D 2% 1.5 ל',מילקו תעשיות בעמ,IL,חלב מועשר נטול לקטוז,קילוגרמים,1.50,ליטר,false,,10.90,7.2667,true,1,4586
7290114310338,false,צפתית מעודנת 5% 225 גר' משק צוריאל,מחלבת משק צוריאל,IL,גבינה צפתית מעודנת 5,גרמים,225.00,100 גרם,false,,16.30,0.0724,true,1,4589
7290114310383,false,מולר קציפת יוגורט בטעם וניל צרפתי 97 גרם,מולר Muller,IL,מולר פרופ קציפת יוגו,גרמים,97.00,100 גרם,false,,4.80,0.0495,true,1,27589
7290114310390,false,"מולר פרופ קציפת יוגורט בננה לוטי 5% 150 מ""ל",מולר Muller,IL,מולר פרופ קציפת יוגו,גרמים,97.00,100 גרם,false,,4.80,0.0495,true,1,27588
7290114310406,false,"מולר פרופ קציפת יוגורט תות 5% 150 מ""ל",מולר Muller,IL,מולר פרופ קציפת יוגו,גרמים,97.00,100 גרם,false,,4.80,0.0495,true,1,27587
7290114310536,false,יוגורט לייט מעושר בחלבון בטעם וניל מולר 200 ג',מולר Muller,IL,מולר אקטיב וניל לייט,גרמים,200.00,100 גרם,false,,5.50,0.0275,true,1,4599
7290114310550,false,פטה עיזים מעודנת בגביע 5% 200 ג',משק צוריאל,IL,גבינת פטה עיזים מעוד,מיליליטרים,200.00,"100 מ""ל",false,,19.90,0.0995,true,1,4601
7290114310567,false,לאבנה עיזים 5% שומן 200 גרם,משק צוריאל,IL,לאבנה עיזים 5% צוריא,גרמים,200.00,100 גרם,false,,13.90,0.0695,true,1,4602
7290114310611,false,"משקה חלב בננה בבקבוק פקק ספורט טרה 250 מ""ל",Unknown,IL,"משקה בננה טרה 250 מ""",מיליליטרים,250.00,"100 מ""ל",false,,5.20,0.0208,true,1,25412
7290114310628,false,משקה חלב בטעם וניל עוגיות 1.5% שומן,מילקו תעשיות בעמ,IL,משקה וניל עוגיות טרה,קילוגרמים,1.00,ליטר,false,,10.90,10.9000,true,1,4603
7290114310895,false,סימפלי מולר מאגדת שמינייה מנגו תות 1.5% 150X8 גר',מולר Muller,IL,מארז מולר סימפלי תות,קילוגרמים,1.20,ליטר,false,,28.90,24.0833,true,1,26493
7290114311014,false,"משקה חלב אייס קפוצ'ינו בבקבוק 250 מ""ל",Unknown,IL,משקה אייס קפוצ'ינו ט,מיליליטרים,250.00,"100 מ""ל",false,,5.20,0.0208,true,1,25413
7290114311021,false,משקה חלב בטעם וניל עוגיות 1.5% שומן,Unknown,IL,משקה וניל עוגיות טרה,מיליליטרים,250.00,"100 מ""ל",false,,5.20,0.0208,true,1,25414
7290114311069,false,יוגורט לבן מועשר בחלבון 0% שומן 200 גרם muller active,מולר Muller,IL,מולר אקטיב בטעם טבעי,גרמים,200.00,100 גרם,false,,4.90,0.0245,true,1,4614
7290114311076,false,"חמאת מולר צהובה עם שום, 200 גרם",מולר Muller,IL,חמאה עם שום מולר 200,גרמים,200.00,100 גרם,false,,10.90,0.0545,true,1,25183
7290114311083,false,"חמאת מולר צהובה עם מלח, 200 גרם",מילקו,IL,חמאה עם מלח מולר 200,גרמים,200.00,100 גרם,false,,10.90,0.0545,true,1,25184
7290114311106,false,מולר נטורל חצוי+יוגורט ביו+גרנולה וסירופ עם סילאן 177 ג',מולר,IL,מולר נטורל בתוספת גר,גרמים,170.00,100 גרם,false,,6.70,0.0394,true,1,4616
7290114311298,false,יוגורט קציפת תות בננה מלון 150 ג' מולר,מולר Muller,IL,מולר פרופ קציפת תות,מיליליטרים,150.00,"100 מ""ל",false,,4.80,0.0320,true,1,26026
7290114311304,false,יוגורט קציפת מנגו פסיפלורה בננה 150 ג' מולר,מולר Muller,IL,מולר פרופ קציפת מנגו,מיליליטרים,150.00,"100 מ""ל",false,,4.80,0.0320,true,1,26027
7290114311328,false,חלב נטול לקטוז 2% שומן מועשר בויטמין D,ג'י.אר.אמ.גרופו אלימ,IL,חלב נטול לקטוז 2% טר,קילוגרמים,1.00,ליטר,false,,7.30,7.3000,true,1,26494
7290114311359,false,יוגורט עם קציפת מנגו 3% שומן פרופ 150 ג' מולר,מולר Muller,IL,מולר פרופ קציפת מנגו,מיליליטרים,150.00,"100 מ""ל",false,,4.80,0.0320,true,1,26028
7290114311434,false,"מולר אקטיב בטעם קרמל מלוח 0% שומן, 200 גרם",מולר Muller,IL,מולר אקטיב בטעם קרמל,גרמים,200.00,100 גרם,false,,5.50,0.0275,true,1,27540
7290114311441,false,"מולר אקטיב בטעם עוגיות חמאה 0% שומן, 200 גרם",מולר Muller,IL,מולר אקטיב בטעם עוגי,גרמים,200.00,100 גרם,false,,5.50,0.0275,true,1,27541
7290114311458,false,"חלב מועשר 3% וויטמין קרטון, 1 ל טרה",Unknown,IL,חלב מועשר 3% וויטמין,קילוגרמים,1.00,ליטר,false,,6.90,6.9000,true,1,27141
7290114311502,false,"משקה חלב בקבוק בטעם סחלב, 1 ליטר",מילקו תעשיות בעמ,IL,משקה חלב בטעם סחלב ט,קילוגרמים,1.00,ליטר,false,,10.90,10.9000,true,1,27590
7290114601221,false,אג'קס עם אקונומיקה ל,cp צרפת,FR,אג'קס עם אקונומיקה ל,מיליליטרים,0.00,"100 מ""ל",false,,26.90,0.0000,true,1,13088
7290114604932,false,רוטב ברביקיו דבש מאסטר שף 520 ג',רמיה סי.וי. הולנד,NL,רוטב ברביקיו דבש מאס,גרמים,524.00,100 גרם,false,,12.90,0.0246,true,1,13103
7290114604949,false,רוטב ברביקיו מאסטר שף 524 ג',רמיה סי.וי. הולנד,NL,רוטב ברביקיו מאסטר ש,גרמים,524.00,100 גרם,false,,12.90,0.0246,true,1,13104
7290114605342,false,פירסט סמייל רפידות הנקה גודל מדיום 110,צאנזו שאנג קאר פרודק,CN,רפידות הנקה פירסט סמ,Unknown,0.00,יחידה,false,,23.90,0.0000,true,1,13105
7290114606387,false,"מארז משחת שיניים אופטיק וויט פחם 2*75 מ""ל קולגייט",קולגייט פלמוליב,PL,משחת קולגייט אופטיק,מיליליטרים,150.00,"100 מ""ל",false,,39.90,0.2660,true,1,13106
7290114606592,false,רוטב סויה מסורתי מכיל 46% פולי סויה,קריניציה ויטמינה אס,TH,רוטב סויה מאסטר שף 6,מיליליטרים,620.00,"100 מ""ל",false,,14.90,0.0240,true,1,13107
7290114607315,false,"מקס וויט מארז זוג 125 מ""ל",קולגייט פלמוליב,PL,משחת קולגייט מקס ווי,מיליליטרים,250.00,"100 מ""ל",false,,19.90,0.0796,true,1,13108
7290114608688,false,פירורי לחם מתובלים מ,מנה,IL,פירורי לחם מתובלים מ,גרמים,480.00,100 גרם,false,,11.90,0.0248,true,1,13117
7290114751902,false,תחבושות אלוויז לילה,פרוקטר & גמבל,DE,תחבושות אלוויז לילה,Unknown,0.00,יחידה,false,,29.90,0.0000,true,1,2663
7290115200713,false,מארז במבה קלאסי 5*50 ג' אסם,אסם,IL,מארז במבה 5*50 גרם,גרמים,250.00,100 גרם,false,,10.90,0.0436,true,1,734
7290115201550,false,ביסלי קרנבל מיקס 150 ג' אסם,פרו מן יו פתרונות אר,IL,ביסלי קרנבל מיקס 150,גרמים,150.00,100 גרם,false,,6.50,0.0433,true,1,28433
7290115201680,false,ביסלי ברביקיו אסם 70,"אסם השקעות בע""מ",IL,ביסלי ברביקיו 70 גרם,גרמים,70.00,100 גרם,false,,3.90,0.0557,true,1,740
7290115201703,false,ביסלי בטעם ברביקיו 200 ג' אסם,מיוצר עי קונדיטוריית,IL,ביסלי ברביקיו 200 גר,גרמים,200.00,100 גרם,false,,6.50,0.0325,true,1,741
7290115201727,false,ביסלי בטעם בצל 200 ג' אסם,מיוצר עי קונדיטוריית,IL,ביסלי בצל 200 גרם,גרמים,200.00,100 גרם,false,,6.50,0.0325,true,1,742
7290115201741,false,ביסלי בטעם בצל אסם 7,"אסם השקעות בע""מ",IL,ביסלי בצל 70 גרם,גרמים,70.00,100 גרם,false,,3.90,0.0557,true,1,743
7290115203134,false,פופקו פופקורן במבה - פופקורן בציפוי קרמל ובוטנים,"אסם השקעות בע""מ",IL,פופקו פופקורן קרמל,גרמים,80.00,100 גרם,false,,4.50,0.0563,true,1,749
7290115203172,false,במבה PRO מכיל 18 גרם חלבון בשקית,"אסם השקעות בע""מ",IL,במבה פרו 80 גרם,גרמים,80.00,100 גרם,false,,3.90,0.0487,true,1,27204
7290115204018,false,מנה חמה איטלקי פסטה בסגנון אלפרדו 60 ג' אסם,נסטלה,IL,מנה חמה פסטה בסגנון,גרמים,60.00,100 גרם,false,,4.90,0.0817,true,1,28345
7290115204056,false,אסם קטשופ מופחת סוכר 690 גר',קריות זול,IL,קטשופ לחיץ מופחת סוכ,גרמים,690.00,100 גרם,false,,8.70,0.0126,true,1,758
7290115205022,false,אוסם - שקדי מרק מקלונים 350 גרם,אסם,IL,שקדי מרק מקלונים אסם,גרמים,350.00,100 גרם,false,,9.60,0.0274,true,1,764
7290115205176,false,פיטנס - קרקר דק כפרי פיטנס 140 גרם,נסטלה Nestle,IL,קרקר דק כפרי פיטנס 1,גרמים,140.00,100 גרם,false,,10.90,0.0779,true,1,765
7290115205251,false,פיטנס בר פריכיות קרמל מלוח 84 גרם,כרמית,IL,פריכיות דגנים מצופות,גרמים,84.00,100 גרם,false,,11.90,0.1417,true,1,28406
7290115205312,false,קרקר פיטנס דק עם זיתי קלמטה ועשבי תיבול,"אסם השקעות בע""מ",IL,קרקר דק זיתי קלמטה פ,גרמים,140.00,100 גרם,false,,10.90,0.0779,true,1,25332
7290115205695,false,אסם בונזור בצק מצונן לפיצה 460 גר',נסטלה סוויס (שוויץ),IL,בצק פיצה מצונן בונז',גרמים,460.00,100 גרם,false,,16.90,0.0367,true,1,864
7290115206531,false,אסם קרמוגית במילוי קרם בייגלה 12*200 גרם,אסם-נסטלה,IL,עוגיות במילוי קרם בי,גרמים,200.00,100 גרם,false,,9.90,0.0495,true,1,772
7290115207682,false,"רוטב בסגנון סויה סיני 290 מ""ל",Unknown,,רוטב בסגנון סויה סינ,מיליליטרים,290.00,"100 מ""ל",false,,9.90,0.0341,true,1,28434
7290115207880,false,ויטמינצ'יק פטל 2 ליטר,בית השיטה עסיס תעשיו,IL,סירופ ויטמנציק פטל 2,קילוגרמים,2.00,ליטר,false,,39.90,19.9500,true,1,28571
7290115207903,false,סירופ ויטמנציק תפוח,בית השיטה עסיס תעשיו,IL,סירופ ויטמנציק תפוח,קילוגרמים,2.00,ליטר,false,,39.90,19.9500,true,1,28572
7290115207941,false,סירופ אננס 1 ל' ויטמינצ'יק,בית-השיטה עסיס תעשיו,IL,סירופ ויטמינצ'יק אננ,קילוגרמים,1.00,ליטר,false,,18.90,18.9000,true,1,782
7290115207965,false,סירופ מנגו ואפרסק 1 ל' ויטמינצ'יק,בית-השיטה עסיס תעשיו,IL,סירופ ויטמינצ'יק מנג,קילוגרמים,1.00,ליטר,false,,18.90,18.9000,true,1,783
7290115207989,false,סירופ לימון 1 ל' ויטמינצ'יק,בית-השיטה עסיס תעשיו,IL,סירופ ויטמינצ'יק לימ,קילוגרמים,1.00,ליטר,false,,18.90,18.9000,true,1,784
7290115208047,false,סירופ פטל 1 ל' ויטמינצ'יק,בית-השיטה עסיס תעשיו,IL,סירופ ויטמינצ'יק פטל,קילוגרמים,1.00,ליטר,false,,18.90,18.9000,true,1,785
7290115208061,false,סירופ תפוח 1ל' ויטמינצ'יק,בית השיטה עסיס תעשיו,IL,סירופ ויטמינצ'יק תפו,קילוגרמים,1.00,ליטר,false,,18.90,18.9000,true,1,786
7290115208320,false,אפרופו חטיף בטעם ביסלי בצל 50 גרם,"אסם השקעות בע""מ",IL,אפרופו בטעם ביסלי בצ,גרמים,50.00,100 גרם,false,,4.50,0.0900,true,1,28180
7290115208344,false,בייגלה כפיות שמנת בצל 300ג אסם,אסם,IL,בייגלה כפיות בטעם שמ,גרמים,300.00,100 גרם,false,,7.50,0.0250,true,1,27206
7290115208801,false,לחמית דבש ואגוזים 190ג אסם,Unknown,IL,לחמית דבש ואגוזים 19,גרמים,190.00,100 גרם,false,,8.90,0.0468,true,1,26982
7290115208849,false,"מנה חמה פסטה מוקרמת ט.עוף בד""צ 55גר",קריות זול,IL,מנה חמה פירה עם בטטה,גרמים,51.00,100 גרם,false,,4.90,0.0961,true,1,28346
7290115209136,false,"טבעול חטיפי עוף צימחי העדה החרדית 1ק""ג",טבעול ישראל,IL,חטיפים צמחוניים בטעם,פריט,1.20,"ק""ג",false,,39.90,33.2500,true,1,26591
7290115209198,false,במבה אורירית 80 ג' אסם,אסם השקעות בעמ,IL,במבה אוורירית 80 גרם,גרמים,80.00,100 גרם,false,,3.90,0.0487,true,1,26747
7290115209235,false,אסם פתי בר קפה 500 גרם,קריות זול,IL,פתיבר בטעם קפה אסם 5,גרמים,500.00,100 גרם,false,,8.90,0.0178,true,1,28051
7290115209372,false,במבה במילוי בראוניז 150ג' אסם,"אסם השקעות בע""מ",IL,במבה במילוי קרם בטעם,גרמים,150.00,100 גרם,false,,9.90,0.0660,true,1,28052
7290115405088,false,קפולסקי קינוח אישי קדאיף 200 גר',קפולסקי אדל בעמ,IL,קינוח אישי קדאיף קפו,גרמים,250.00,100 גרם,false,,14.90,0.0596,true,1,11524
7290115405118,false,קפולסקי קינוח אישי תענוג תות 200 גר',קפולסקי אדל בעמ,IL,קינוח אישי תענוג תות,גרמים,240.00,100 גרם,false,,14.90,0.0621,true,1,11527
7290115405781,false,פחזניות ממולאות בטעם שוקולד 180 גר',תופינים מקבוצת קפולס,IL,פחזניות במילוי קרם ב,גרמים,180.00,100 גרם,false,,12.90,0.0717,true,1,25405
7290115405798,false,פחזניות ממולאות בטעם ריבת חלב 180 גרם,קפולסקי אדל בעמ,IL,פחזניות במילוי קרם ב,גרמים,180.00,100 גרם,false,,12.90,0.0717,true,1,25403
7290115405828,false,קינוח אישי גבינה אוכ,קפולסקי אדל בעמ,IL,קינוח אישי גבינה אוכ,גרמים,200.00,100 גרם,false,,12.90,0.0645,true,1,25407
7290115410068,false,סלט חציל במיונז 400 גר',סלטי היום,IL,חציל במיונז סלטי היו,גרמים,400.00,100 גרם,false,,10.90,0.0273,true,1,11439
7290115410075,false,טחינה 400 גרם סלטי ה,סלטי היום,IL,טחינה סלטי היום 400,גרמים,400.00,100 גרם,false,,10.90,0.0273,true,1,11440
7290115410082,false,סלט טורקי סלטי היום,סלטי היום,IL,סלט טורקי סלטי היום,גרמים,400.00,100 גרם,false,,10.90,0.0273,true,1,11441
7290115410099,false,מטבוחה סלטי היום 400,סלטי היום,IL,מטבוחה סלטי היום 400,גרמים,400.00,100 גרם,false,,10.90,0.0273,true,1,11442
7290115410112,false,חומוס 400 גרם סלטי ה,סלטי היום,IL,חומוס סלטי היום 400,גרמים,400.00,100 גרם,false,,10.90,0.0273,true,1,11444
7290115410150,false,כרוב אדום סלטי היום,סלטי היום,IL,כרוב אדום סלטי היום,גרמים,400.00,100 גרם,false,,10.90,0.0273,true,1,11445
7290115410341,false,"חומוס סלטי היום 1 ק""",סלטי היום,IL,"חומוס סלטי היום 1 ק""",פריט,1.00,"ק""ג",false,,13.90,13.9000,true,1,11446
7290115411928,false,סלט תפוחי אדמה 400 גר',סלטי היום,IL,"סלט תפו""א סלטי היום",גרמים,400.00,100 גרם,false,,10.90,0.0273,true,1,11457
7290115415018,false,חומוס עכו סלטי היום,סלטי היום,IL,חומוס עכו סלטי היום,פריט,3.00,"ק""ג",false,,31.90,10.6333,true,1,11461
7290115671223,false,מסטיק מאסט פאן בצנצנת אבטיח מנגו,אסקום קונפקשיין,DE,מסטיק מאסט צנצנת בטע,גרמים,58.00,100 גרם,false,,8.90,0.1534,true,1,12843
7290115671308,false,מסטיק מאסט פאן בצנצנת תות דובדבן,אסקום קונפשטיין,DE,מסטיק מאסט צנצנת בטע,גרמים,58.00,100 גרם,false,,8.90,0.1534,true,1,12845
7290115671339,false,מיני פינוקיות בראוניז בייגל בוטן עלית 180 ג' עלית,הגביע מוצרי ופלים בע,IL,עוגיות מיני פינוקיות,גרמים,180.00,100 גרם,false,,9.90,0.0550,true,1,12846
7290115671346,false,מיני פינוקיות טופי קרמל מלוח 180 ג' עלית,הגביע מוצרי ופלים בע,IL,עוגיות מיני פינוקיות,גרמים,188.00,100 גרם,false,,9.90,0.0527,true,1,12847
7290115671421,false,פולי אספרסו עשירים וארומטיים עוצמה 10 250 ג' עלית,שטראוס קפה בי.וי,IL,פולי קפה ארומטיים בק,גרמים,250.00,100 גרם,false,,19.90,0.0796,true,1,27810
7290115675696,false,דגני בוקר קראנצ'ים שיבולת שועל עם אגוזים ושקדים,גלידות שטראוס,IL,דגני בוקר קראנצ'ים ש,גרמים,375.00,100 גרם,false,,18.90,0.0504,true,1,26044
7290115675702,false,דגני בוקר קראנצ'ים שיבולת שועל עם פירות מיובשים,גלידות שטראוס,IL,דגני בוקר קראנצ'ים ש,גרמים,375.00,100 גרם,false,,18.90,0.0504,true,1,26045
7290115675986,false,יוגורט עם אגוזי לוז ושקדים בקרמל מלוח 4.5%,"שטראוס בריאות בע""מ",IL,דנונה בר עם אגוזים מ,גרמים,173.00,100 גרם,false,,4.30,0.0249,true,1,12411
7290115676037,false,דנונה ריפרש יוגורט עם תות ודומדמניות 1.6% שומן,מיוצר עי קונדיטוריית,IL,משקה דנונה ריפרש תות,גרמים,250.00,100 גרם,false,,5.50,0.0220,true,1,12413
7290115677089,false,קונפיטורה תפוח וקינמון יד מרדכי 340 ג',"ב.א מזון בע""מ",IL,קונפיטורה תפוח וקינמ,גרמים,340.00,100 גרם,false,,9.70,0.0285,true,1,12866
7290115678222,false,מארז 8 גביעים יוגורט Greek בסגנון יווני 6.5% שומן,דנונה - שטראוס,IL,מארז יוגורט דנונה יו,גרמים,0.00,100 גרם,false,,23.90,0.0000,true,1,12422
7290115678376,false,מעדן הגולן שוקולד 125 גרם,מיוצר עי קונדיטוריית,IL,מעדן הגולן שוקולד 12,מיליליטרים,125.00,"100 מ""ל",false,,2.80,0.0224,true,1,12426
7290115678383,false,מעדן הגולן שוקולד מריר 125 גר,מיוצר עי קונדיטוריית,IL,מעדן הגולן שוקולד מר,מיליליטרים,125.00,"100 מ""ל",false,,2.80,0.0224,true,1,12427
7290115679960,false,ציטוס פופקורן טבעי 60 גר',"שטראוס פריטו ליי בע""",IL,צ'יטוס פופקורן טבעי,גרמים,60.00,100 גרם,false,,3.20,0.0533,true,1,12934
7290115720280,false,מארז סוכריות בטעמי פירות בריקס 18 יחי',גרוסליין,CN,סוכריות לגו בריקס 18,גרמים,216.00,100 גרם,false,,18.90,0.0875,true,1,7920
7290115720358,false,סוכריות גואל פופ מארז 18 יחי',גרוסליין,CN,סוכריות טבעת ג'ואל פ,גרמים,225.00,100 גרם,false,,18.90,0.0840,true,1,7921
7290115720464,false,סוכריות מוצץ גרוסליי 16*18גר,גרוסליין,BE,סוכריות מוצץ גרוסליי,גרמים,105.00,100 גרם,false,,18.90,0.1800,true,1,7922
7290115720471,false,סוכריות משרוקית מארז 18 יחי,גרוסליין,BE,סוכריות משרוקית גרוס,גרמים,170.00,100 גרם,false,,18.90,0.1112,true,1,7923
7290115720488,false,סוכריות ליפסטיק מארז 18 יחי',גרוסליין,BE,סוכריות ליפסטיק גרוס,גרמים,170.00,100 גרם,false,,18.90,0.1112,true,1,7924
7290115720648,false,סוכריות סביבון ג'ואל,גואנדונג באישנג פודס,CN,סוכריות סביבון ג'ואל,גרמים,125.00,100 גרם,false,,5.90,0.0472,true,1,28364
7290115720778,false,דיפ אנד ליק סוכריות דובי על מקל 15 יח',גרוסליין,CN,סוכריות דיפ אנד ליק,גרמים,216.00,100 גרם,false,,18.90,0.0875,true,1,25892
7290115720891,false,סוכריות בטעמי פירות פאזל 18 יח',גרוסליין,CN,סוכריות פאזל מספרים,גרמים,216.00,100 גרם,false,,18.90,0.0875,true,1,27435
7290115720969,false,סוכריות בטעמי פירות טטריס 18 יח',גרוסליין,CN,סוכריות בלוקס בטעמי,גרמים,216.00,100 גרם,false,,18.90,0.0875,true,1,27436
7290115721027,false,מארז סוכריות סביבון 12 גרם*10 יח',גואנדונג באישנג פודס,CN,סוכריות סביבון קפיץ,גרמים,120.00,100 גרם,false,,11.90,0.0992,true,1,28365
7290116532240,false,קליק טבלה שוקולד חלב פצפוצי דגנים ועוגי 85 גרם רבנות,אתר צפת טבלאות ותעשי,IL,שוקולד קליק עוגיות ו,גרמים,85.00,100 גרם,false,,4.90,0.0576,true,1,25547
7290116532400,false,בייגל בייגל - בייגלה אחד אחד 235 גרפ,,,בייגלה מקלות עם מלח,גרמים,235.00,100 גרם,false,,3.90,0.0166,true,1,26886
7290116532462,false,גלידת שמנת קליק בטעמי שוקולד בננה 384 ג' שטראוס,"גלידת שטראוס בע""מ, ר",IL,גלידה שמנת קליק בטעם,מיליליטרים,520.00,"100 מ""ל",false,,17.90,0.0344,true,1,25771
7290116532479,false,קליק גלידת שמנת בטעמי שוקולד לבן עוגיות 384 ג' שטראוס,"גלידת שטראוס בע""מ, ר",IL,גלידה שמנת קליק בטעם,מיליליטרים,520.00,"100 מ""ל",false,,17.90,0.0344,true,1,25774
7290116850382,false,ניילון לכיסוי מזון א,,,ניילון לכיסוי מזון א,Unknown,0.00,יחידה,false,,14.90,0.0000,true,1,15538
7290116850863,false,נר הבדלה אתרוג,,,נר הבדלה אתרוג,Unknown,0.00,יחידה,false,,29.90,0.0000,true,1,15569
7290116850870,false,נר הבדלה שבוע טוב,,,נר הבדלה שבוע טוב,Unknown,0.00,יחידה,false,,19.90,0.0000,true,1,15570
7290116851716,false,מארז 6 כריות קרצוף ש,,,מארז 6 כריות קרצוף ש,Unknown,0.00,יחידה,false,,14.90,0.0000,true,1,15614
7290116853505,false,כדוריות סבון אסלה בנ,TOMIL S.R.O,CZ,כדוריות סבון אסלה בנ,גרמים,105.00,100 גרם,false,,14.90,0.1419,true,1,28307
7290116853512,false,כדוריות סבון אסלה בנ,TOMIL S.R.O,CZ,כדוריות סבון אסלה בנ,גרמים,105.00,100 גרם,false,,14.90,0.1419,true,1,28308
7290116853529,false,כדוריות סבון אסלה בנ,TOMIL S.R.O,CZ,כדוריות סבון אסלה בנ,גרמים,105.00,100 גרם,false,,14.90,0.1419,true,1,28309
7290116853536,false,כדוריות סבון אסלה בנ,TOMIL S.R.O,CZ,כדוריות סבון אסלה בנ,גרמים,105.00,100 גרם,false,,14.90,0.1419,true,1,28310
7290116853574,false,מסננת גבוהה,,,מסננת גבוהה,Unknown,0.00,יחידה,false,,34.90,0.0000,true,1,28550
7290116853635,false,מארז 6 כריות קרצוף ע,,,מארז 6 כריות קרצוף ע,Unknown,0.00,יחידה,false,,19.90,0.0000,true,1,27211
7290116853758,false,מברשת פלדה לניקוי הג,,,מברשת פלדה לניקוי הג,Unknown,0.00,יחידה,false,,13.90,0.0000,true,1,28546
7290116853833,false,מועך תפוח אדמה יוקרת,,,מועך תפוח אדמה יוקרת,Unknown,0.00,יחידה,false,,24.90,0.0000,true,1,28554
7290116853925,false,פטיש לשניצל יוקרתי ב,,,פטיש לשניצל יוקרתי ב,Unknown,0.00,יחידה,false,,34.90,0.0000,true,1,28555
7290116930435,false,יוגורט יופלה GO במרקם סמיך עם דובדבן 0%,תנובה מרכז שיתופי לש,IL,יוגורט גו יופלה סמיך,גרמים,200.00,100 גרם,false,,4.70,0.0235,true,1,25475
7290116930657,false,"משקה חלב GO בננה תמר שיבולת שועל 340 מ""ל",תנובה מרכז שיתופי לש,IL,משקה GO בטעם בננה ות,מיליליטרים,340.00,"100 מ""ל",false,,6.90,0.0203,true,1,28301
7290116930701,false,מעדן חלב GO מועשר בחלבון בטעם קרמל מלוח,תנובה מרכז שיתופי לש,IL,מעדן חלב גו 12 מועשר,גרמים,120.00,100 גרם,false,,4.50,0.0375,true,1,25903
7290116931012,false,יופלה דיאט 0% שומן תפוח וקינמון 150 גרם,תנובה מרכז שיתופי לש,IL,יופלה דיאט 0% עם תפו,גרמים,150.00,100 גרם,false,,4.70,0.0313,true,1,28302
7290116931159,false,יופלה דיאט 0% שומן תות בננה 150 גרם,תנובה מרכז שיתופי לש,IL,יופלה דיאט 0% תות בנ,גרמים,150.00,100 גרם,false,,4.70,0.0313,true,1,28303
7290116931289,false,יוגורט GO סמיך אלפחורס 200 גרם,תנובה מרכז שיתופי לש,IL,יוגורט גו יופלה סמיך,גרמים,200.00,100 גרם,false,,4.70,0.0235,true,1,28879
7290116931463,false,מאגדת צפתית 200 גרם*2 יח',תנובה,IL,מארז גבינה צפתית 5%,גרמים,400.00,100 גרם,false,,19.90,0.0497,true,1,28305
7290116931517,false,מאגדת גבינה לבנה 5% 250 גרם*3 יח',תנובה,IL,מארז גבינה 5% תנובה,גרמים,750.00,100 גרם,false,,11.90,0.0159,true,1,28900
7290117260401,false,גבינת מוצרלה מגורדת 25% שומן 500 ג' יורו,MEVGAL,TR,גבינת מוצרלה מגורדת,גרמים,500.00,100 גרם,false,,19.90,0.0398,true,1,2275
7290117260562,false,חמאה כפרית מסורתית בגביע,וילי פוד,TR,חמאה כפרית בגביע ויל,גרמים,225.00,100 גרם,false,,14.90,0.0662,true,1,27787
7290117261354,false,גבינת ריקוטה 200ג5%שומן,באלבן גידה סנאי,TR,גבינת ריקוטה 5% יורו,גרמים,200.00,100 גרם,false,,7.90,0.0395,true,1,28106
7290117261521,false,סלמון אטלנטי בשמן קנולה 120 גרם,קריות זול,LV,סלמון אטלנטי בשמן קנ,גרמים,120.00,100 גרם,false,,9.90,0.0825,true,1,26878
7290117261538,false,סלמון אטלנטי בשמן קנולה וצ'ילי 120ג',קריות זול,LV,סלמון אטלנטי בשמן קנ,גרמים,120.00,100 גרם,false,,9.90,0.0825,true,1,26880
7290117261545,false,סלמון אטלנטי ברוטב טריאקי 120 גרם,קריות זול,LV,סלמון אטלנטי ברוטב ט,גרמים,120.00,100 גרם,false,,9.90,0.0825,true,1,26881
7290117261569,false,סלמון אטלנטי מעושן בשמן קנולה 120 גרם,קריות זול,LV,סלמון אטלנטי מעושן ב,גרמים,120.00,100 גרם,false,,9.90,0.0825,true,1,26879
7290117262221,false,"משקה יוגורט פרוביוטי עם אננס 200מ""ל 2.3%שומן יורו",Euro יורו מחלבות אירופה,TR,משקה יוגורט אננס יור,מיליליטרים,200.00,"100 מ""ל",false,,4.90,0.0245,true,1,26489
7290117262238,false,"משקה יוגורט פרוביוטי עם תות שדה 200מ""ל 2.3%שומן יורו",Euro יורו מחלבות אירופה,TR,משקה יוגורט תות שדה,מיליליטרים,200.00,"100 מ""ל",false,,4.90,0.0245,true,1,26487
7290117262245,false,"משקה יוגורט פרוביוטי עם אפרסק ומשמש 200מ""ל 2.3%שומן יורו",Euro יורו מחלבות אירופה,TR,משקה יוגורט אפרסק ומ,מיליליטרים,200.00,"100 מ""ל",false,,4.90,0.0245,true,1,26488
7290117262252,false,"קוביות בטעם אפרסק מצופה שוקולד 125 גרם בעל""ז",עלית צ'קולטה,TR,קוביות בטעם אפרסק מצ,גרמים,125.00,100 גרם,false,,9.90,0.0792,true,1,28350
7290117262276,false,קוביות בטעם תות שדה מצופות בשוקולד חלב 125גרם,עלית צ'קולטה,TR,קוביות בטעם תות שדה,גרמים,125.00,100 גרם,false,,9.90,0.0792,true,1,28352
7290117262290,false,פרלינים אגוזים במילוי פצפוצי דגנים פריכים מצופים שוקולד חלב 50 גרם,מודרן צוקולטה,TR,פרלינים אגוזים פצפוצ,גרמים,50.00,100 גרם,false,,4.50,0.0900,true,1,27799
7290117262306,false,"קורנפלקס מצופה שוקולד חלב ד, 50 גרם",מודרן צוקולטה,TR,קורנפלקס מצופה שוקול,גרמים,50.00,100 גרם,false,,4.50,0.0900,true,1,27800
7290117262313,false,פצפוצי דגנים פריכים מצופים שוקולד חלב 50 גרם,מודרן צוקולטה,TR,פצפוצי דגנים בשוקולד,גרמים,50.00,100 גרם,false,,4.50,0.0900,true,1,27801
7290117262320,false,"ביסקוויט מצופה שוקולד חלב, 40 גרם",מודרן צוקולטה,TR,ביסקוויט מצופה שוקול,גרמים,40.00,100 גרם,false,,4.50,0.1125,true,1,27802
7290117263006,false,צהובה מגורדת ויליפוד,וילי פוד,IL,צהובה מגורדת ויליפוד,פריט,1.20,"ק""ג",false,,39.90,33.2500,true,1,27110
7290117263020,false,משקה יוגורט פרוביוטי פ.יער 2.3% 200מל',אקר,TR,משקה יוגורט פרוביוטי,מיליליטרים,200.00,"100 מ""ל",false,,4.90,0.0245,true,1,28398
7290117383155,false,משחת קולגייט טוטאל י,קולגייט פלמוליב,PL,משחת קולגייט טוטאל י,מיליליטרים,150.00,"100 מ""ל",false,,29.90,0.1993,true,1,26769
7290117761113,false,מזלגות איכותיות קרם,ווינפאק סחר בעמ,TR,מזלגות איכותיות קרם,Unknown,0.00,יחידה,false,,11.90,0.0000,true,1,25467
7290117901328,false,מיקס חלבה וממתקי שומ,שקדיה,AE,מיקס חלבה וממתקי שומ,גרמים,500.00,100 גרם,false,,24.90,0.0498,true,1,26572
7290117902653,false,פקאן בציפוי שברי עוג,,IL,פקאן בציפוי שברי עוג,גרמים,130.00,100 גרם,false,,16.90,0.1300,true,1,27873
7290117902660,false,קשיו בציפוי בייגלה 1,,IL,קשיו בציפוי בייגלה 1,גרמים,130.00,100 גרם,false,,16.90,0.1300,true,1,27874
7290117902677,false,קשיו בציפוי שברי עוג,,IL,קשיו בציפוי שברי עוג,גרמים,130.00,100 גרם,false,,16.90,0.1300,true,1,27875
7290117902691,false,קשיו בציפוי קוקוס 13,,IL,קשיו בציפוי קוקוס 13,גרמים,130.00,100 גרם,false,,16.90,0.1300,true,1,27877
7290117902707,false,קשיו בציפוי חלבה 130,,IL,קשיו בציפוי חלבה 130,גרמים,130.00,100 גרם,false,,16.90,0.1300,true,1,27881
7290117902714,false,פקאן בציפוי שברי ביי,,IL,פקאן בציפוי שברי ביי,גרמים,130.00,100 גרם,false,,16.90,0.1300,true,1,27878
7290117922149,false,מצית יוקרתי מתכוונן,,,מצית יוקרתי מתכוונן,Unknown,0.00,יחידה,false,,14.90,0.0000,true,1,28767
7290119030026,false,פחזניות במילוי קרם ב,קפולסקי אדל בעמ,IL,פחזניות במילוי קרם ב,גרמים,280.00,100 גרם,false,,18.90,0.0675,true,1,28919
7290119030033,false,פחזניות במילוי קרם ב,קפולסקי אדל בעמ,IL,פחזניות במילוי קרם ב,גרמים,280.00,100 גרם,false,,18.90,0.0675,true,1,28920
7290119030040,false,פחזניות במילוי קרם ב,קפולסקי אדל בעמ,IL,פחזניות במילוי קרם ב,גרמים,280.00,100 גרם,false,,18.90,0.0675,true,1,28918
7290900010282,false,אורז בסמטי אינדירה 1,Emsons Exim PVT LTD,IN,אורז בסמטי אינדירה 1,פריט,1.40,"ק""ג",false,,11.90,8.5000,true,1,1459
7290900010367,false,טורטייה שמינייה משקל נקי 360 ג' Avel,Turka Invest,PL,טורטיות דורומי 36*45,פריט,1.62,"ק""ג",false,,19.90,12.2840,true,1,1462
7290900010435,false,תערובת לכדורי שוקולד,א.ל. ייצור ושיווק תב,IL,תערובת לכדורי שוקולד,גרמים,400.00,100 גרם,false,,11.90,0.0298,true,1,1463
7290900010442,false,תערובת לעוגת בראוניז,א.ל. ייצור ושיווק תב,IL,תערובת לעוגת בראוניז,גרמים,500.00,100 גרם,false,,11.90,0.0238,true,1,1464
7290900010459,false,תערובת לעוגת וניל בו,א.ל. ייצור ושיווק תב,IL,תערובת לעוגת וניל בו,גרמים,500.00,100 גרם,false,,11.90,0.0238,true,1,1465
7290900010466,false,תערובת לעוגת שוקולד,א.ל. ייצור ושיווק תב,IL,תערובת לעוגת שוקולד,גרמים,500.00,100 גרם,false,,11.90,0.0238,true,1,1466
7290900010480,false,תערובת לפנקייק בון ב,א.ל. ייצור ושיווק תב,IL,תערובת לפנקייק בון ב,גרמים,400.00,100 גרם,false,,11.90,0.0298,true,1,1467
7290900011210,false,פתיתים אורז דורומי 5,Bessan Makarna,TR,פתיתים אורז דורומי 5,גרמים,500.00,100 גרם,false,,4.90,0.0098,true,1,1472
7290900011838,false,זית שחור אוליבסי 1.,Yatagan Zeytincilik,TR,זית שחור אוליבסי 1.,פריט,1.74,"ק""ג",false,,19.90,11.4368,true,1,25855
7290900012316,false,פתיתים קוסקוס דורומי,Bessan Makarna,TR,פתיתים קוסקוס דורומי,גרמים,500.00,100 גרם,false,,4.90,0.0098,true,1,1474
7293556389962,false,שום לבן מובחר,אראל תוצרת חקלאית בע,IL,שום 250 גרם,גרמים,250.00,100 גרם,false,,9.90,0.0396,true,1,15074
7296058330012,false,מארז פריכיות אורז מלא פרח 330 גר',פרח תעשיות,IL,מארז פריכיות אורז פר,גרמים,330.00,100 גרם,false,,9.90,0.0300,true,1,1563
7297395000026,false,בדית בדי טהרה שלישייה,חן המעין בעמ,IL,בדי בדיקה טהרה 3*20,Unknown,0.00,יחידה,false,,14.90,0.0000,true,1,5271
7297579011312,false,מגבת פנים מדאם,,,מגבת פנים מדאם,Unknown,0.00,יחידה,false,,5.90,0.0000,true,1,28332
7297579011947,false,סט מצעים כותנה מיטה,,,סט מצעים כותנה מיטה,Unknown,0.00,יחידה,false,,59.90,0.0000,true,1,28336
7297579011954,false,סט מצעים כותנה זוגי,,,סט מצעים כותנה זוגי,Unknown,0.00,יחידה,false,,64.90,0.0000,true,1,28337
7297579011961,false,סט מצעים כותנה זוגי,,,סט מצעים כותנה זוגי,Unknown,0.00,יחידה,false,,69.90,0.0000,true,1,28341
7297579012005,false,סט מצעים כותנה מיטה,,,סט מצעים כותנה מיטה,Unknown,0.00,יחידה,false,,59.90,0.0000,true,1,28338
7297579012012,false,סט מצעים כותנה זוגי,,,סט מצעים כותנה זוגי,Unknown,0.00,יחידה,false,,64.90,0.0000,true,1,28339
7297579012029,false,סט מצעים כותנה זוגי,,,סט מצעים כותנה זוגי,Unknown,0.00,יחידה,false,,69.90,0.0000,true,1,28342
7350041950141,false,ליקר שרי הרינג 1 ליט,פיטר הרינג,DK,ליקר שרי הרינג 1 ליט,קילוגרמים,1.00,ליטר,false,,99.90,99.9000,true,1,11886
7501013122039,false,ג'ומקס מיץ מנגו קרטונית ליטר תריסר,חומקס קומר קומרסאליז,MX,נקטר ג'ומקס בטעם מנג,קילוגרמים,1.00,ליטר,false,,9.90,9.9000,true,1,5433
7501013122053,false,ג'ומקס מיץ אפרסק קרטונית ליטר תריסר,חומקס קומר קומרסאליז,MX,נקטר ג'ומקס בטעם אפר,קילוגרמים,1.00,ליטר,false,,9.90,9.9000,true,1,5434
7501013122114,false,"נקטר משקה אננס בקרטונית ג'ומקס, 1 ל'",חומקס קומר קומרסאליז,MX,נקטר ג'ומקס בטעם אננ,קילוגרמים,1.00,ליטר,false,,9.90,9.9000,true,1,5435
7501013122190,false,ג'ומקס מיץ תפוחים קרטונית ליטר תריסר,חומקס קומר קומרסאליז,MX,נקטר ג'ומקס בטעם תפו,קילוגרמים,1.00,ליטר,false,,9.90,9.9000,true,1,5436
7501013122992,false,ג'ומקס מיץ קוקוס אננס קרטונית ליטר תריסר,חומקס קומר קומרסאליז,MX,נקטר ג'ומקס בטעם קוק,קילוגרמים,1.00,ליטר,false,,9.90,9.9000,true,1,5437
7501064191398,false,שישיית בירה קורונה אקסטרא *355 מל,קריניציה ויטמינה אס,MX,מארז בירה קורונה 4.5,קילוגרמים,2.13,ליטר,false,,39.90,18.7324,true,1,14108
7509546057545,false,ליידי ספיד סטיק פרו 5 סטיק 45 גר',קולגייט פלמוליב,BY,דאו ליידי ספיד סטיק,גרמים,45.00,100 גרם,false,,18.90,0.4200,true,1,13120
7509546061665,false,דאודורנט סטיק ג'ל לגבר 24/7 אקסטרים אינטנס,קולגייט פלמוליב,US,דאו ספיד סטיק אקסטרי,גרמים,85.00,100 גרם,false,,18.90,0.2224,true,1,26946
7509546061672,false,דאודורנט סטיק אקסטרים אינטנס,קולגייט פלמוליב,BY,דאו ספיד סטיק אקסטרי,גרמים,50.00,100 גרם,false,,18.90,0.3780,true,1,26947
7509546063515,false,ליידי ספיד סטיק -סטיק פרו 5 ספריי 150 מל,קולגייט פלמוליב,MX,דאו ספריי ליידי ספיד,מיליליטרים,150.00,"100 מ""ל",false,,13.90,0.0927,true,1,26948
7509546666846,false,"קולגייט טוטאל משחת שיניים פחם 75 מ""ל",קולגייט פלמוליב,MX,משחת קולגייט טוטל פח,מיליליטרים,75.00,"100 מ""ל",false,,19.90,0.2653,true,1,13121
7610008040590,false,שוקולד טורינו לבן שו,שוקולה קמיל בלוך,CH,שוקולד טורינו לבן שו,גרמים,100.00,100 גרם,false,,9.90,0.0990,true,1,5272
7610008056874,false,רגוסה שוקולד חלב 100 גר',שוקולה קמיל בלוך,CH,שוקולד רגוסה חלב פרל,גרמים,100.00,100 גרם,false,,13.90,0.1390,true,1,5277
7610008056959,false,שוקולד רגוסה פרווה פ,שוקולה קמיל בלוך,CH,שוקולד רגוסה פרווה פ,גרמים,100.00,100 גרם,false,,13.90,0.1390,true,1,5278
7610100034084,false,מיונז טומי בשפורפרת,נסטלה שוויץ ס.א,US,מיונז בשפורפרת טומי,גרמים,265.00,100 גרם,false,,9.90,0.0374,true,1,6683
7610113011652,false,"בקרדי בריזר תפוח 275 מ""ל בקבוק",בקרדי בריזר Bacardi Breezer,BE,בקרדי בריזר תפוח 275,מיליליטרים,275.00,"100 מ""ל",false,,12.90,0.0469,true,1,5438
7610700012642,false,ריקולה לימון מנטה שקית 70,ריקולה,CH,סוכריות צמחים ריקולה,גרמים,75.00,100 גרם,false,,9.90,0.1320,true,1,23592
7613030979647,false,דגני בוקר טריקס פירות עולם היורה 480 ג',ג'נרל מילס סאן אדריא,IL,דגני בוקר טריקס 480,גרמים,480.00,100 גרם,false,,19.90,0.0415,true,1,788
7613035548374,false,דגני בוקר גולדן מיניס מחיטה מלאה ותירס,נסטלה צרפת איטנקורט,FR,דגני בוקר גולדן מיני,גרמים,570.00,100 גרם,false,,19.90,0.0349,true,1,790
7613037204797,false,סטארבקס - פולי קפה בלונד אספרסו 450 גרם,Unknown,IL,פולי קפה סטארבקס בלו,גרמים,450.00,100 גרם,false,,39.90,0.0887,true,1,799
7613037204889,false,סטארבקס - פולי קפה אספרסו 450 גרם,Unknown,IL,פולי קפה סטארבקס אספ,גרמים,450.00,100 גרם,false,,39.90,0.0887,true,1,800
7613037686906,false,פיטנס - דגני בוקר שקדים ודבש 355 גרם,נסטלה צרפת איטנקורט,FR,דגני בוקר פיטנס שקדי,גרמים,355.00,100 גרם,false,,19.90,0.0561,true,1,801
7613038268262,false,דגני בוקר צ'יריוס דבש ושקדים במתיקות מעודנת,נסטלה פולין דגני בוק,FR,דגני בוקר האני נאט צ,גרמים,410.00,100 גרם,false,,19.90,0.0485,true,1,802
7613039879382,false,גרבר - מחית תפוחי עץ 190 גרם,מטרנה,PL,"מחית תפו""ע גרבר 190",גרמים,190.00,100 גרם,false,,5.50,0.0289,true,1,951
7613287008497,false,סטארבקס - פולי קפה פייק פלייס 450 גרם,Unknown,IL,פולי קפה סטארבקס פיי,גרמים,450.00,100 גרם,false,,39.90,0.0887,true,1,804
7613287181411,false,מחית סלט פירות ויטמינצ'יק 110 ג',"טרופיקל דגיל בע""מ אז",IL,מחית סלט פירות עם פק,גרמים,110.00,100 גרם,false,,4.90,0.0445,true,1,29012
7613287182326,false,מחית בננה תפוח ויטמינצ'יק 110 ג',"נסטלה ספרד ס.א, מפעל",ES,מחית בננה תפוח עם פק,גרמים,110.00,100 גרם,false,,4.90,0.0445,true,1,29011
7613287182357,false,מחית אגס תפוח ופירות יער ויטמינצ'יק 110 ג',נסטלה,ES,מחית אגס תפוח ופירות,גרמים,110.00,100 גרם,false,,4.90,0.0445,true,1,29013
7613287182456,false,מחית אגס תפוח בננה ויטמינצ'יק 110 ג',"נסטלה ספרד ס.א, מפעל",ES,מחית אגס תפוח ובננה,גרמים,110.00,100 גרם,false,,4.90,0.0445,true,1,29015
7613287302373,false,קפסולות סטארבקס איטלאן סטייל רוסט 57*10גר',נסטלה שוויץ - קפה,IL,קפסולות סטארבקס איטל,גרמים,56.00,100 גרם,false,,21.50,0.3839,true,1,805
7613287325808,false,אוסם - דיפ אנד ספרד מטבל איולי שום 295 גרם,נסטלה פולין,PL,רוטב איולי שום לחיץ,גרמים,295.00,100 גרם,false,,14.90,0.0505,true,1,28573
7613287325822,false,אוסם - דיפ אנד ספרד מטבל מיקס 295 גרם,אסם,PL,רוטב מיקס בטעם קטשופ,גרמים,295.00,100 גרם,false,,14.90,0.0505,true,1,28574
7613287325853,false,אוסם - דיפ אנד ספרד מטבל איולי ספייסי 295 גרם,נסטלה פולין,PL,רוטב ספייסי איולי לח,גרמים,295.00,100 גרם,false,,14.90,0.0505,true,1,28575
7613287394323,false,אסם מולטי צ'יריוס 14*600 גרם 2021,פרומבראפ - אנגליה,GB,דגני בוקר מולטי צירי,גרמים,600.00,100 גרם,false,,19.90,0.0332,true,1,806
7613287476678,false,דגני בוקר סינימיניס צ'ורוס נסטלה 360 ג',נסטלה אוונקה,PT,דגני בוקר סינימיניס,גרמים,360.00,100 גרם,false,,19.90,0.0553,true,1,807
7613287855640,false,סטארבקס קפסולות גוואטמלה 52ג אסם,נסטלה שוויץ - קפה,IL,קפסולות סטארבקס גווא,גרמים,52.00,100 גרם,false,,21.50,0.4135,true,1,27205
7622201139278,false,גבינת שמנת 27% שומן 150 ג' פילדלפיה,מיודלז אספניה פרודוק,ES,גבינת שמנת 27% פילדל,גרמים,150.00,100 גרם,false,,13.90,0.0927,true,1,8616
7622201798154,false,גבינת שמנת לייט מופחתת שומן 13% שומן,מיודלז אספניה פרודוק,ES,גבינת שמנת לייט 13%,גרמים,150.00,100 גרם,false,,13.90,0.0927,true,1,8617
7622201808631,false,מיני עוגיות אוראו במילוי קרם בטעם וניל,פי.טי. מונדלז אינדונ,ID,עוגיות מיני אוראו ונ,גרמים,67.00,100 גרם,false,,5.90,0.0881,true,1,2568
7622300761363,false,עוגיות אוראו מיני כוסות בטעם שוקו 67 ג',פי.טי. מונדלז אינדונ,ID,עוגיות מיני אוראו שו,גרמים,67.00,100 גרם,false,,5.90,0.0881,true,1,2574
7630477891592,false,קפסולות האוס בלנד לונגו עוצמה 8 - 10 יח',נסטלה שוויץ - קפה,CH,קפסולות סטארבקס האוס,גרמים,57.00,100 גרם,false,,21.50,0.3772,true,1,808
7630477891615,false,קפסולות קפה סומטרה עוצמה 10 - 10 יח',נסטלה שוויץ - קפה,CH,קפסולות סטארבקס סומט,גרמים,55.00,100 גרם,false,,21.50,0.3909,true,1,809
7630477891639,false,קפסולות קפה ורונה עוצמה 10 - 10 יח',נסטלה שוויץ - קפה,CH,קפסולות סטארבקס ורונ,גרמים,55.00,100 גרם,false,,21.50,0.3909,true,1,810
7630477891653,false,סטארבקס - קפסולות אספרסו נטול 57 גרם * 10,נסטלה שוויץ - קפה,IL,קפסולות סטארבקס נטול,גרמים,57.00,100 גרם,false,,21.50,0.3772,true,1,811
7630477891677,false,קפסולות פייק פלייס לונגו עוצמה 7 - 10 יח',נסטלה שוויץ - קפה,IL,קפסולות סטארבקס פייק,גרמים,53.00,100 גרם,false,,21.50,0.4057,true,1,812
7630477891691,false,סטארבקס - קפסולות קולומביה 57 גרם * 10,נסטלה שוויץ - קפה,IL,קפסולות סטארבקס קולו,גרמים,57.00,100 גרם,false,,21.50,0.3772,true,1,813
7630477891714,false,סטארבקס - קפסולות אספרסו 57 גרם * 10,נסטלה שוויץ - קפה,CH,קפסולות סטארבקס רוסט,גרמים,57.00,100 גרם,false,,21.50,0.3772,true,1,814
7630477891738,false,סטארבקס - קפסולות אספרסו בלונד 53 גרם * 10,נסטלה שוויץ - קפה,CH,קפסולות סטארבקס בלונ,גרמים,53.00,100 גרם,false,,21.50,0.4057,true,1,815
7638900431797,false,מארז 12 סוללות אנרג',אנרגייזר,CN,מארז 12 סוללות אנרג',Unknown,0.00,יחידה,false,,19.90,0.0000,true,1,26636
7638900431803,false,מארז 12 סוללות אנרג',אנרגייזר,CN,מארז 12 סוללות אנרג',Unknown,0.00,יחידה,false,,19.90,0.0000,true,1,26637
7640103867709,false,שערות סבתא תות 3*15,אסאדא פוד,אנדונסיה,שערות סבתא תות 3*15,גרמים,45.00,100 גרם,false,,9.90,0.2200,true,1,21209
7640171030524,false,ויסקי אברפלדי זהב 12,,,ויסקי אברפלדי זהב 12,מיליליטרים,700.00,"100 מ""ל",false,,149.90,0.2141,true,1,11887
7702018271788,false,דאודורנט ג'ל לגבר Pro Sport,פרוקטר אנד גמבל,PL,דאו גל גילט ספורט 70,גרמים,70.00,100 גרם,false,,17.90,0.2557,true,1,2664
7702018978106,false,"ג'ילט - דאודורנט ג'ל לגבר ארטיק אייס 70 מ""ל",פרוקטר אנד גמבל,PL,דאו גל גילט ארקטיק א,גרמים,150.00,100 גרם,false,,17.90,0.1193,true,1,2668
7702018978120,false,"ג'ילט - דאודורנט ג'ל לגבר קול וייב 70 מ""ל",פרוקטר אנד גמבל,PL,דאו גל גילט קליר ווי,גרמים,150.00,100 גרם,false,,17.90,0.1193,true,1,2669
7702018980864,false,קצף גילוח גילט סיריי,פרוקטר & גמבל,,קצף גילוח גילט סיריי,מיליליטרים,200.00,"100 מ""ל",false,,14.90,0.0745,true,1,2671
7790580108489,false,בון בון ממרח בוטנים 290 גר',ארקור,AR,ממרח בון בון 290 גרם,גרמים,290.00,100 גרם,false,,9.90,0.0341,true,1,28534
7790580421663,false,"בון בון ריבת חלב וקרמל, 288 גרם",ארקור,AR,בונבוניירה בון בון ר,גרמים,288.00,100 גרם,false,,15.90,0.0552,true,1,14598
7827062224358,false,חזה בקר מעושן ONEG,דליקטס,IL,חזה בקר מעושן ONEG,גרמים,150.00,100 גרם,false,,24.90,0.1660,true,1,28409
8000380192243,false,וופלים לואקר מקסי בטעם אגוז 200 גר',לואקר Loacker,AT,ופל אגוז לואקר 200 ג,גרמים,200.00,100 גרם,false,,11.90,0.0595,true,1,6690
8000380192250,false,וופלים לואקר מקסי בטעם שוקולד 200 גר',לואקר Loacker,AT,ופל שוקולד לואקר 200,גרמים,200.00,100 גרם,false,,11.90,0.0595,true,1,6691
8000380198221,false,וופלים לואקר מקסי דאבל שוקולד 200 גר',לואקר Loacker,AT,ופל דאבל שוקולד לואק,גרמים,175.00,100 גרם,false,,11.90,0.0680,true,1,6692
8001003100218,false,סוכריות יוגטה ג'לי פירות 800 גר',תות ממתקי איכות,TR,סוכריות גלי יוגוטה 8,גרמים,800.00,100 גרם,false,,15.90,0.0199,true,1,6693
8001090016003,false,טבליות למדיח הכל באחד,פרוקטר & גמבל,FR,טבליות פיירי 84 יח,פריט,1.14,"ק""ג",false,,44.90,39.3860,true,1,2673
8001090066046,false,תחבושות אולוויז לבריחת שתן לילה 6 יח,פרוקטר & גמבל,DE,תחבושות אלוויז דיסקר,Unknown,0.00,יחידה,false,,13.90,0.0000,true,1,25383
8001090156839,false,חיתולי פמפרס בייבי ד,פרוקטר & גמבל,TR,חיתולי פמפרס בייבי ד,Unknown,0.00,יחידה,false,,64.90,0.0000,true,1,2675
8001090268679,false,חיתולי פמפרס בייבי ד,פרוקטר & גמבל,TR,חיתולי פמפרס בייבי ד,Unknown,0.00,יחידה,false,,64.90,0.0000,true,1,2677
8001090364319,false,קפסולות אפקט פיירי 37 יח' טייד,פרוקטר & גמבל,FR,קפסולות ג'ל טייד אפק,Unknown,0.00,יחידה,false,,49.90,0.0000,true,1,29077
8001090368553,false,חיתולי פמפרס בייבי ד,פרוקטר & גמבל,TR,חיתולי פמפרס בייבי ד,Unknown,0.00,יחידה,false,,64.90,0.0000,true,1,2684
8001090493637,false,"הד אנד שולדרס שמפו אולטרא טוטאל קר 450 מ""ל",הד אנד שולדרס H&S,,שמפו הד&שולדרס אולטר,מיליליטרים,450.00,"100 מ""ל",false,,14.90,0.0331,true,1,2689
8001090802385,false,טייד קפסולות ג'ל בניחוח לנור 26 יחידות,פרוקטר & גמבל,FR,קפסולות ג'ל טייד 26,גרמים,592.00,100 גרם,false,,23.90,0.0404,true,1,2691
8001090832535,false,"שמפו פנטן שמן מרוקאי משקם 660 מ""ל",פרוקטר & גמבל,RO,שמפו פנטן שמן מרוקאי,מיליליטרים,660.00,"100 מ""ל",false,,14.90,0.0226,true,1,2693
8001090992338,false,טבליות למדיח פיירי פלטינום פלוס,פרוקטר & גמבל,FR,טבליות פיירי למדיח פ,גרמים,922.00,100 גרם,false,,44.90,0.0487,true,1,2699
8001841006710,false,לנור כדוריות הבושם בניחוח רענן 210 ג',פרוקטר & גמבל,GB,כדוריות לנור לכביסה,גרמים,210.00,100 גרם,false,,24.90,0.1186,true,1,2701
8001841053684,false,אולוויז תחבושת מקסי לונג 12יח,פרוקטר & גמבל,HU,תחבושות אולוויז עבה,Unknown,0.00,יחידה,false,,9.90,0.0000,true,1,2702
8001841216584,false,תחבושות אולוויז אולטרה לילה בטוח,פרוקטר & גמבל,HU,תחבושות אלוויז קוואט,Unknown,0.00,יחידה,false,,29.90,0.0000,true,1,2710
8001841427126,false,מגן תחתון אולוויז מגה פק פרו פרש נורמל 64 יחי,פרוקטר & גמבל,DE,מגן תחתון אולוויז מג,Unknown,0.00,יחידה,false,,16.90,0.0000,true,1,2716
8001841669465,false,אריאל קפסולות לכביסהבניחוח לנור 24 יח',פרוקטר אנד גמבל,FR,קפסולות גל אריאל בני,Unknown,0.00,יחידה,false,,24.90,0.0000,true,1,25377
8001841669519,false,אריאל טבליות ג'ל כביסה 55 יח',פרוקטר & גמבל,FR,קפסולות גל אריאל 55,פריט,1.39,"ק""ג",false,,54.90,39.4964,true,1,2723
8001841680989,false,מגן תחתון אולוויז מגה פק פרו פרש לארג' 60 יחי,פרוקטר & גמבל,DE,מגן תחתון אולוויז מג,Unknown,0.00,יחידה,false,,16.90,0.0000,true,1,2724
8001841715957,false,"הד&שולדרס - ג'ל רחצה ושמפו ניקוי אינטנסיבי 360 מ""ל","נארז ע""י : א.ג. גילר",FR,ג'ל רחצה ושמפו הד &,מיליליטרים,360.00,"100 מ""ל",false,,16.90,0.0469,true,1,2725
8001841716312,false,הד אנד שולדרס ג'ל רחצה ושמפו ספורט 360מל,"פרוקטר אנד גמבל, צרפ",FR,ג'ל רחצה ושמפו הד &,מיליליטרים,360.00,"100 מ""ל",false,,16.90,0.0469,true,1,2726
8001841716435,false,"הד אנד שולדרס ג'ל רחצה ושמפו לעור רגיש 360 מ""ל","נארז ע""י : א.ג. גילר",FR,ג'ל רחצה ושמפו הד &,מיליליטרים,360.00,"100 מ""ל",false,,16.90,0.0469,true,1,2727
8001841716596,false,"הד אנד שולדרס ג'ל רחצה ושמפו מרענן 360 מ""ל","נארז ע""י : א.ג. גילר",FR,ג'ל רחצה ושמפו הד &,מיליליטרים,360.00,"100 מ""ל",false,,16.90,0.0469,true,1,2728
8001841780818,false,פיירי - לימון 1.50 ליטר,פרוקטר & גמבל,TR,נוזל כלים פיירי לימו,קילוגרמים,1.50,ליטר,false,,9.90,6.6000,true,1,26019
8001841943961,false,כדוריות הבושם לנור רעננות האוקיינוס,פרוקטר & גמבל,GB,כדוריות לנור לכביסה,גרמים,210.00,100 גרם,false,,24.90,0.1186,true,1,2729
8002110383709,false,נוטרוגינה ס.נורבגית ק.ידיים לא מבושם 50מל,ניוטרוג'ינה Neutrogena,FR,קרם ידיים מרוכז ניוט,מיליליטרים,50.00,"100 מ""ל",false,,19.90,0.3980,true,1,27772
8002270436581,false,סאן פלגרינו מים מוגז,סן-פלגרינו,,מים סאן פלגרינו 6*50,קילוגרמים,3.00,ליטר,false,,19.90,6.6333,true,1,5439
8005200256587,false,משקה תה בטעם אפרסק 1.5ל' NESTEA,מפעל סאנפלגרינו S.P.,IT,נסטי בטעם אפרסק 1.5,קילוגרמים,1.50,ליטר,false,,6.90,4.6000,true,1,5440
8005200286584,false,משקה תה בטעם מנגו אננס 1.5 ל' NESTEA,מפעל סאנפלגרינו S.P.,IT,נסטי בטעם מנגו אננס,קילוגרמים,1.50,ליטר,false,,6.90,4.6000,true,1,5441
8005200316588,false,משקה תה דיאט בטעם אפרסק 1.5ל' NESTEA,מפעל סאנפלגרינו s.p.,IT,נסטי דיאט אפרסק 1.5,קילוגרמים,1.50,ליטר,false,,7.90,5.2667,true,1,5442
8006540091937,false,כדוריות הבושם בניחוח אריאל 210 ג' לנור,פרוקטר & גמבל,GB,כדוריות לנור לכביסה,גרמים,210.00,100 גרם,false,,24.90,0.1186,true,1,2736
8006540112823,false,"לנור מרכך כביסה מרוכז בניחוח האוקיינוס 900 מ""ל",פרוקטר אנד גמבל,FR,מרכך מרוכז לנור אוקי,מיליליטרים,900.00,"100 מ""ל",false,,14.90,0.0166,true,1,2738
8006540112854,false,"מרכך כביסה מרוכז בניחוח סחלב לנור 900 מ""ל",פרוקטר & גמבל,FR,מרכך מרוכז לנור סחלב,מיליליטרים,900.00,"100 מ""ל",false,,14.90,0.0166,true,1,2739
8006540252468,false,תחבושות אלוויז פלטינ,פרוקטר & גמבל,HU,תחבושות אלוויז פלטינ,Unknown,0.00,יחידה,false,,29.90,0.0000,true,1,25385
8006540252499,false,תחבושות אלוויז פלטינ,פרוקטר & גמבל,HU,תחבושות אלוויז פלטינ,Unknown,0.00,יחידה,false,,29.90,0.0000,true,1,25386
8006540252529,false,תחבושות אלוויז פלטינ,פרוקטר & גמבל,HU,תחבושות אלוויז פלטינ,Unknown,0.00,יחידה,false,,29.90,0.0000,true,1,25387
8006540352960,false,טמפונים טמפקס פרל רג,פרוקטר & גמבל,HK,טמפונים טמפקס פרל רג,Unknown,0.00,יחידה,false,,19.90,0.0000,true,1,2740
8006540353004,false,טמפונים טמפקס פרל סו,פרוקטר & גמבל,HK,טמפונים טמפקס פרל סו,Unknown,0.00,יחידה,false,,19.90,0.0000,true,1,2741
8006540358498,false,פרל טמפונים סופר פלו,פרוקטר & גמבל,HK,טמפונים טמפקס פרל סו,Unknown,0.00,יחידה,false,,19.90,0.0000,true,1,2742
8006540383087,false,טבליות פיירי פלטינום,פרוקטר & גמבל,FR,טבליות פיירי פלטינום,גרמים,922.00,100 גרם,false,,44.90,0.0487,true,1,25376
8006540425930,false,קפסולות לכתמים קשים 24 יח' אריאל,פרוקטר אנד גמבל,FR,קפסולות גל אריאל אקס,Unknown,0.00,יחידה,false,,24.90,0.0000,true,1,25378
8006540463550,false,טבליות פיירי פלטינום,פרוקטר & גמבל,BE,טבליות פיירי פלטינום,גרמים,939.00,100 גרם,false,,44.90,0.0478,true,1,26067
8006540495186,false,"לנור מרכך כביסה בניחוח בייבי 900 מ""ל",פרוקטר & גמבל,FR,מרכך מרוכז לנור בייב,מיליליטרים,900.00,"100 מ""ל",false,,14.90,0.0166,true,1,25803
8006540495216,false,"מרכך כביסה בניחוח אמאטיסט 900 מ""ל לנור",פרוקטר & גמבל,FR,מרכך מרוכז לנור זר פ,מיליליטרים,900.00,"100 מ""ל",false,,14.90,0.0166,true,1,25866
8006540495247,false,"לנור מרכך כביסה בניחוח פרחי בר 900 מ""ל",פרוקטר & גמבל,FR,מרכך מרוכז לנור בניח,מיליליטרים,900.00,"100 מ""ל",false,,14.90,0.0166,true,1,27013
8006540620403,false,"אבקת כביסה אפקט פיירי 7 ק""ג טייד",פרוקטר & גמבל,TR,אבקת כביסה טייד אפקט,פריט,7.00,"ק""ג",false,,49.90,7.1286,true,1,29075
8007178120310,false,חומץ בלסמי ד'מודנה Giacobazzi,פטורייה ג'יאקובאזי ס,IT,חומץ בלסמי גקובזי 50,מיליליטרים,500.00,"100 מ""ל",false,,17.90,0.0358,true,1,2581
8008343880039,false,ספגטי ללא גלוטן רומו,רומו,IT,ספגטי ללא גלוטן רומו,גרמים,400.00,100 גרם,false,,12.90,0.0323,true,1,2582
8008343880480,false,פסטה פוזילי ללא גלוט,רומו,IT,פסטה פוזילי ללא גלוט,גרמים,400.00,100 גרם,false,,12.90,0.0323,true,1,2583
8008343880664,false,פסטה פנה ללא גלוטן ר,רומו,IT,פסטה פנה ללא גלוטן ר,גרמים,400.00,100 גרם,false,,12.90,0.0323,true,1,2584
8008660210014,false,מעדן פרי משמש 100% רכיבי פרי,קריניציה ויטמינה אס,IT,מעדן פרי משמש מנז אנ,גרמים,320.00,100 גרם,false,,11.90,0.0372,true,1,14097
8008660210021,false,מעדן פרי דובדבן 100% רכיבי פרי,שוורצקוף& הנקל דיסלד,IT,מעדן פרי דובדבן מנז,גרמים,320.00,100 גרם,false,,11.90,0.0372,true,1,14098
8008660210038,false,מעדן פרי תות שדה 100% רכיבי פרי,קריניציה ויטמינה אס,IT,מעדן פרי תות מנז אנד,גרמים,320.00,100 גרם,false,,11.90,0.0372,true,1,14099
8008660210052,false,מעדן פרי תפוז 100% רכיבי פרי,מנז אנד גאסר Menz&Gasser,IT,מעדן פרי תפוז מנז אנ,גרמים,320.00,100 גרם,false,,11.90,0.0372,true,1,14101
8008660210069,false,מעדן פרי אפרסק פסיפלורה,מנז אנד גאסר,IT,מעדן פרי אפרסק פסיפל,גרמים,320.00,100 גרם,false,,11.90,0.0372,true,1,14102
8014601651969,false,קמח ללא גלוטן קאפוטו,קאפוטו,IT,קמח ללא גלוטן קאפוטו,פריט,1.00,"ק""ג",false,,44.90,44.9000,true,1,2585
8018068031395,false,נסקוטש 6 יח,YIWU HANGYUE I&E,CN,נסקוטש 6 יח,Unknown,0.00,יחידה,false,,19.90,0.0000,true,1,15660
8032573170035,false,יין מוסקטו טרה סינה 750 מל,יקבי ארזה,IL,יין היוצר מוסקטו לבן,מיליליטרים,750.00,"100 מ""ל",false,,29.90,0.0399,true,1,6198
8034108740423,false,תפוח עץ ברייבורן בי,אראל תוצרת חקלאית בע,IL,תפוח עץ ברייבורן בי,פריט,1.00,"ק""ג",false,,9.90,9.9000,true,1,26235
8034108740454,false,תפוח עץ סטורי בי & ב,אראל תוצרת חקלאית בע,IL,תפוח עץ סטורי בי & ב,פריט,1.00,"ק""ג",false,,9.90,9.9000,true,1,25171
8034108740461,false,תפוח עץ חרמון בי & ב,אראל תוצרת חקלאית בע,IL,תפוח עץ חרמון בי & ב,פריט,1.00,"ק""ג",false,,9.90,9.9000,true,1,25273
8034108740478,false,תפוח עץ מוזהב גולדן,אראל תוצרת חקלאית בע,IL,תפוח עץ מוזהב גולדן,פריט,1.00,"ק""ג",false,,9.90,9.9000,true,1,25161
8034108740485,false,תפוח עץ סמיט בי & בי,אראל תוצרת חקלאית בע,IL,תפוח עץ סמיט בי & בי,פריט,1.00,"ק""ג",false,,9.90,9.9000,true,1,25315
8034108740515,false,תפוח עץ גאלה בי & בי,אראל תוצרת חקלאית בע,IL,תפוח עץ גאלה בי & בי,פריט,1.00,"ק""ג",false,,9.90,9.9000,true,1,27413
8034108740539,false,תפוח עץ גולד רוז,אראל תוצרת חקלאית בע,IL,תפוח עץ גולד רוז,פריט,1.00,"ק""ג",false,,8.90,8.9000,true,1,27737
8076800195057,false,ברילה - צ.א ספגטי מס5 חדש 500 גרם,ברילה גי.אי.אר פרטלי,IT,ספגטי ברילה מס 5 500,גרמים,500.00,100 גרם,false,,6.90,0.0138,true,1,25119
8076800195132,false,ברילה - צ.א בבטה מס13 500 גרם,ברילה גי.אי.אר פרטלי,IT,פסטה ברילה בבטה מס 1,גרמים,500.00,100 גרם,false,,6.90,0.0138,true,1,25120
8076802085738,false,ברילה - צ.ק פנה רגטה חדש 500 גרם,ברילה גי.אי.אר פרטלי,IT,פסטה ברילה פנה רגטה,גרמים,500.00,100 גרם,false,,6.90,0.0138,true,1,25121
8076802085837,false,ברילה - צ.ק טורטליוני מס83 500 גרם,הנסיך- מפעל לייצור ט,IT,פסטה ברילה טורטליוני,גרמים,500.00,100 גרם,false,,6.90,0.0138,true,1,25565
8076802085936,false,ברילה פסטה צ.ק. קונצילה ריגטה חדש,ברילה גי.אי.אר פרטלי,IT,פסטה ברילה קונצילה ר,גרמים,500.00,100 גרם,false,,6.90,0.0138,true,1,25730
8076802085981,false,ברילה - צ.ק פוזילי חדש 500 גרם,ברילה גי.אי.אר פרטלי,IT,פסטה ברילה פוזילי 50,גרמים,500.00,100 גרם,false,,6.90,0.0138,true,1,25123
8076808050440,false,ברילה פסטה מקרוני מס 44 500 גר,ברילה Barilla,IT,מקרוני ברילה 500 גרם,גרמים,500.00,100 גרם,false,,6.90,0.0138,true,1,25566
8076808060654,false,ברילה - צ.ק פרפלה חדש 500 גרם,ברילה גי.אי.אר פרטלי,IT,פרפלה ברילה מס 65 50,גרמים,500.00,100 גרם,false,,6.90,0.0138,true,1,25124
8076809512268,false,ברילה - צ.ק גירנדולה חדש 500 גרם,ברילה גי.אי.אר פרטלי,IT,פסטה ברילה גירנדולה,גרמים,500.00,100 גרם,false,,6.90,0.0138,true,1,25122
8076809513388,false,ברילה - רוטב ארביאטה 400 גרם,ברילה גי.אי.אר פרטלי,IT,רוטב עגבניות ארביאטה,גרמים,400.00,100 גרם,false,,11.90,0.0298,true,1,13127
8076809513395,false,רוטב פסטה ברילה פורמודרו 400ג',ברילה גי.אי.אר פרטלי,IT,רוטב עגבניות פומודור,גרמים,400.00,100 גרם,false,,11.90,0.0298,true,1,13128
8076809513654,false,בסיס רוטב עגבניות לבולונז 400 ג' ברילה,ברילה גי.אי.אר פרטלי,IT,רוטב בסיס לבולונז בר,גרמים,400.00,100 גרם,false,,11.90,0.0298,true,1,13129
8076809513692,false,רוטב פסטה ברילה נפוליטנה 400ג',ברילה גי.אי.אר פרטלי,IT,רוטב עגבניות נפולטנה,גרמים,400.00,100 גרם,false,,11.90,0.0298,true,1,13130
8076809513739,false,רוטב פסטה ברילה בזיליקום 400 ג',ברילה גי.אי.אר פרטלי,IT,רוטב עגבניות בזיליקו,גרמים,400.00,100 גרם,false,,11.90,0.0298,true,1,13131
8076809523561,false,רוטב עגבניות עם עשבי תיבול 400 ג' ברילה,ברילה גי.אי.אר פרטלי,IT,רוטב עגבניות טוסקנה,גרמים,400.00,100 גרם,false,,11.90,0.0298,true,1,13132
8076809523738,false,פסטה ברילה לזניה 500ג',ברילה גי.אי.אר פרטלי,IT,לזניה ברילה 500 גרם,גרמים,500.00,100 גרם,false,,19.90,0.0398,true,1,13133
8076809545440,false,אטריות ללא גלוטין ברילה 400ג',ברילה ג'.אי.אר פרטלי,IT,ספגטי ל.גלוטן ברילה,גרמים,500.00,100 גרם,false,,14.90,0.0298,true,1,13134
8076809545457,false,פסטה צינורות ללא גלוטין ברילה 400ג',ברילה ג'.אי.אר פרטלי,IT,פסטה פנה ל.גלוטן ברי,גרמים,400.00,100 גרם,false,,14.90,0.0373,true,1,13135
8076809545464,false,פסטה ספירלי ללא גלוטין ברילה 400ג',מולינו אנדריאני אס.א,IT,פסטה פוסילי ל.גלוטן,גרמים,500.00,100 גרם,false,,14.90,0.0298,true,1,13136
8076809576352,false,ברילה לזניה ללא גלוטן 250 ג',ברילה גי.אי.אר פרטלי,IT,לזניה ל. גלוטן ברילה,גרמים,250.00,100 גרם,false,,22.90,0.0916,true,1,13141
8410076600479,false,נ.וואלי קראנצ'י שבבי שוקולד,גנרל מילס,ES,מארז נייטשר ואלי שיב,גרמים,210.00,100 גרם,false,,9.90,0.0471,true,1,11889
8410076600790,false,נייצ'ר ואלי - חטיף שיבולת שועל עם דבש 210 גרם 1/5,גנרל מילס,ES,מארז נייטשר ואלי שיב,גרמים,210.00,100 גרם,false,,9.90,0.0471,true,1,11895
8410076600806,false,נייצ'ר וואלי - חטיף שיבולת שועל סירוף מייפל 210 גרם 1/5,גנרל מילס,ES,מארז נייטשר ואלי סיר,גרמים,210.00,100 גרם,false,,9.90,0.0471,true,1,11896
8410104039134,false,"פיניש מנקה ומחדש מדיח 250מ""ל",הדקלאים אגודת שיתופי,PL,מנקה מדיח פיניש 250,מיליליטרים,250.00,"100 מ""ל",false,,12.90,0.0516,true,1,11698
8410104044916,false,אבקה למדיח פיניש קלאסיק,רקיט בנקיזר,PL,אבקה למדיח פיניש 2.7,פריט,2.70,"ק""ג",false,,39.90,14.7778,true,1,11699
8410104045111,false,"פיניש מלח למדיח כלים 2ק""ג",פ.פ.ח. שאביט,IL,"מלח למדיח פיניש 2 ק""",פריט,2.00,"ק""ג",false,,12.90,6.4500,true,1,11700
8410104425906,false,שעווה חמה בניחוח יסמין,רקיט בנקיזר,FR,"שעווה חמה ויט 250 מ""",מיליליטרים,250.00,"100 מ""ל",false,,19.90,0.0796,true,1,11701
8410104437268,false,פיניש דאו ציטרופרש מנטה,רקיט בנקיזר,PL,מפיג ריח פיניש רענן,Unknown,0.00,יחידה,false,,12.90,0.0000,true,1,11702
8410104511340,false,רצועות שעווה מוכנות לעור יבש עם אלוורה,רקיט בנקיזר,FR,רצועות שעווה לעור יב,Unknown,0.00,יחידה,false,,19.90,0.0000,true,1,11703
8435188458053,false,רפידת ספוג לנעליים,,,רפידת ספוג לנעליים,Unknown,0.00,יחידה,false,,12.90,0.0000,true,1,15662
8436575292205,false,ארטיק חמשושים מאגדת 15*12 גר',שוורצקוף& הנקל דיסלד,IL,שלגוני חמשושים 15 יח,גרמים,180.00,100 גרם,false,,18.90,0.1050,true,1,8480
8445290046284,false,רד מאג נס קפה קלאסיק 220 גרם,נסטלה ספרד קפה,ES,קפה נמס מגורען רד מא,גרמים,220.00,100 גרם,false,,18.90,0.0859,true,1,26983
8681873024519,false,כוסות פלסטיק חד פעמי 100 יח',פאלאס,CN,"כוסות ח""פ 100 יח",Unknown,0.00,יחידה,false,,5.90,0.0000,true,1,27851
8683323040100,false,מקלות תותי פרוטי 35 גרם,סאאדת,TR,יוגוטה מקלות תותי פר,גרמים,35.00,100 גרם,false,,1.50,0.0429,true,1,6699
8683323041107,false,סוכריות גומי בטעם תו,מוטקה החולב,TR,יוגוטה מקלות תות שדה,גרמים,35.00,100 גרם,false,,1.50,0.0429,true,1,6700
8690120160177,false,מארז וופלים רויאל קנ,קומרה,TR,ופל מצופה קרם אגוזים,גרמים,840.00,100 גרם,false,,24.90,0.0296,true,1,21212
8690120160405,false,וופל נמבר ואן ירוק 24 יח',קומרה,TR,ופל מצופה שוקולד חלב,גרמים,840.00,100 גרם,false,,24.90,0.0296,true,1,21213
8690120566139,false,וופל מצופה שוקולד מריר 35ג'*24 יח' NO1,קומרה,TR,ופל מצופה שוקולד מרי,גרמים,840.00,100 גרם,false,,24.90,0.0296,true,1,28515
8690531032377,false,פלפל שיפקה צהוב חריף 340 ג',,TR,פלפל שיפקונית גורמט,גרמים,340.00,100 גרם,false,,6.80,0.0200,true,1,17048
8690646389267,false,פתיבר בטעם שוקולד בר,אוילום,TR,פתיבר בטעם שוקולד בר,פריט,1.00,"ק""ג",false,,11.90,11.9000,true,1,28404
8692952052491,false,סט 3 כוסות יין דגם ל,,,סט 3 כוסות יין דגם ל,Unknown,0.00,יחידה,false,,4.90,0.0000,true,1,28343
8692952202506,false,סט 3 כוסות יין דגם ט,,,סט 3 כוסות יין דגם ט,Unknown,0.00,יחידה,false,,6.90,0.0000,true,1,28344
8693495052177,false,תחליב רחצה זיתים ואלוורה,קולגייט פלמוליב,TR,תחליב פלמוליב זיתים,מיליליטרים,750.00,"100 מ""ל",false,,19.50,0.0260,true,1,13145
8693804095109,false,אטריות להכנת קדאיף 5,אונלו מאמולרי,TR,אטריות להכנת קדאיף 5,גרמים,500.00,100 גרם,false,,4.90,0.0098,true,1,25736
8693804095192,false,דפי פילו משולשים 40,אונלו מאמולרי,TR,דפי פילו משולשים 40,גרמים,600.00,100 גרם,false,,9.90,0.0165,true,1,25735
8693804095222,false,דפי פילו 44 יח',אונלו מאמולרי,TR,דפי פילו 44 יח',גרמים,800.00,100 גרם,false,,9.90,0.0124,true,1,25737
8697420697914,false,זיתים שחורים יבשים במלח 700 ג',אונטד גידה,TR,זית שחור יבש קרן 700,גרמים,700.00,100 גרם,false,,14.90,0.0213,true,1,17050
8697480065821,false,פסטה דורומי 900 גרם,Bessan Makarna,TR,פסטה דורומי 900 גרם,גרמים,900.00,100 גרם,false,,4.90,0.0054,true,1,1501
8697826469092,false,טורטיות ראפ בקוטר 20,דין שיווק,TR,טורטיות 12*45 גרם,גרמים,540.00,100 גרם,false,,9.90,0.0183,true,1,17051
8697893217237,false,פסטה צדפים דורומי 90,Bessan Makarna,TR,פסטה צדפים דורומי 90,גרמים,900.00,100 גרם,false,,4.90,0.0054,true,1,28589
8697893501763,false,אטריות נודלס בנטי 35,אקרסן,TR,אטריות נודלס בנטי 35,גרמים,350.00,100 גרם,false,,4.90,0.0140,true,1,28908
8698829381152,false,טורטיה דורום 18*90 ג,מוטלוקאל גידה סאן טי,TR,טורטיה דורום 18*90 ג,פריט,1.62,"ק""ג",false,,19.90,12.2840,true,1,25697
8698849552136,false,פרלינים רוקה 300 גרם,ויגוס,TR,פרלינים רוקה 300 גרם,גרמים,300.00,100 גרם,false,,14.90,0.0497,true,1,1511
8698996005783,false,טישו נואה 7*100 יח,פאלאס,TR,טישו נואה 7*100 יח,Unknown,700.00,יחידה,false,,11.90,0.0170,true,1,11325
8698996006636,false,מפיות גדולות איכותיו,פאלאס,TR,מפיות גדולות איכותיו,Unknown,0.00,יחידה,false,,6.90,0.0000,true,1,28895
8699250030404,false,זית שחור יבש 1.74 קג,מסטוי גידה איבס,TR,"זית שחור טקסן 1.5 ק""",פריט,1.50,"ק""ג",false,,19.90,13.2667,true,1,13980
8699905720025,false,סוכריות קשות בטעמי פ,סארבאן קונפקטינרי,TR,סוכריות קשות בטעמי פ,גרמים,500.00,100 גרם,false,,17.90,0.0358,true,1,27790
8699905720032,false,סוכריות קשות בטעם לי,סארבאן קונפקטינרי,TR,סוכריות קשות בטעם לי,גרמים,500.00,100 גרם,false,,17.90,0.0358,true,1,27792
8699905720049,false,סוכריות קשות בטעם מנ,סארבאן קונפקטינרי,TR,סוכריות קשות בטעם מנ,גרמים,500.00,100 גרם,false,,17.90,0.0358,true,1,27791
8699905720575,false,פרוט טאפי חמוץ מיקס,קונרק טינטי,TR,פרוט טאפי חמוץ מיקס,גרמים,240.00,100 גרם,false,,9.90,0.0413,true,1,21223
8699905720698,false,טופי חמוץ אקסטרים בט,סאדת גידה,TR,טופי חמוץ אקסטרים בט,גרמים,256.00,100 גרם,false,,9.90,0.0387,true,1,21224
8699905720704,false,טופי חמוץ אקסטרים בט,סאדת גידה,TR,טופי חמוץ אקסטרים בט,גרמים,256.00,100 גרם,false,,9.90,0.0387,true,1,21225
8710428005755,false,תרכובת מזון לתינוקות על בסיס חלבון סויה איזומיל שלב 1,אבוט מעבדות רפואיות,NL,סימילאק איזומיל טף ש,גרמים,400.00,100 גרם,false,,39.90,0.0997,true,1,10001
8710428005762,false,תרכובת מזון לתינוקות על בסיס חלבון סויה איזומיל טף שלב 2,אבוט מעבדות רפואיות,NL,סימילאק איזומיל טף ש,גרמים,400.00,100 גרם,false,,39.90,0.0997,true,1,10002
8710502194825,false,מרבה - עוגיות שוקוצ'יפס כשר למהדרין 150 גרם,מרבה הולנד,NL,עוגיות שוקולד ציפס מ,גרמים,150.00,100 גרם,false,,4.90,0.0327,true,1,13148
8710800961310,false,סוכריות מנטוס תות מארז 37.5X4ג',פרפטי ואן מלה ברדה,NL,מנטוס תות 4 יח,גרמים,150.00,100 גרם,false,,9.90,0.0660,true,1,6704
8711000371176,false,קפסולות קפה אספרסו קלאסיקו 10*52 ג' ג'ייקובס,קריניציה ויטמינה אס,FR,קפסולות גייקובס קלאס,גרמים,52.00,100 גרם,false,,16.90,0.3250,true,1,2591
8711000371183,false,קפסולות קפה אספרסו אינטנסו 10*52 ג' ג'ייקובס,קריניציה ויטמינה אס,FR,קפסולות גייקובס אינט,גרמים,52.00,100 גרם,false,,16.90,0.3250,true,1,2592
8711000371190,false,קפסולות גייקובס אספר,JDA,NL,קפסולות גייקובס אספר,Unknown,0.00,יחידה,false,,19.90,0.0000,true,1,27548
8711000371206,false,קפסולות קפה אספרסו ריסטרטו 10*52 ג' ג'ייקובס,קריניציה ויטמינה אס,FR,קפסולות גייקובס ריסט,גרמים,52.00,100 גרם,false,,16.90,0.3250,true,1,2593
8711000371251,false,קפסולות גייקובס לונג,JDA,NL,קפסולות גייקובס לונג,Unknown,0.00,יחידה,false,,19.90,0.0000,true,1,27549
8711000377505,false,קפסולות גייקובס ריסט,JDA,NL,קפסולות גייקובס ריסט,Unknown,0.00,יחידה,false,,19.90,0.0000,true,1,27550
8711000472071,false,קפסולות גייקובס מובח,JDA,NL,קפסולות גייקובס מובח,Unknown,0.00,יחידה,false,,19.90,0.0000,true,1,27551
8711000485798,false,קפסולות גייקובס בוקר,JDA,NL,קפסולות גייקובס בוקר,Unknown,0.00,יחידה,false,,19.90,0.0000,true,1,27552
8711000515297,false,קפה נמס גייקובס ולוו,,,קפה נמס גייקובס ולוו,גרמים,200.00,100 גרם,false,,9.90,0.0495,true,1,27553
8714599410530,false,ג'ייקובס קרוננג שקית ריפיל 200ג',גייקובס,UA,קפה גיקובס קרוננג בש,גרמים,200.00,100 גרם,false,,16.90,0.0845,true,1,2596
8714599512159,false,קפה נמס ג'ייקובס 190 גר',"אל.אל.סי ""גייקובס דא",RU,קפה גיקובס מונרך 190,גרמים,190.00,100 גרם,false,,14.90,0.0784,true,1,11910
8714599513781,false,קפה נמס גולד מיובש בהקפאה 200 ג' ג'ייקובס,אל.אל. סי ג''יקובס ד,RU,קפה גיקובס קרנט זהב,גרמים,200.00,100 גרם,false,,19.90,0.0995,true,1,2599
8714599513866,false,"ג'ייקובס קרוננג מיובש בהקפאה כשל""פ 200 ג'",אל.אל.סי גייקובס דאו,DE,קפה גיקובס קרוננג 20,גרמים,200.00,100 גרם,false,,19.90,0.0995,true,1,2600
8714789177229,false,מברשת שיניים אקסטרה קלין מדיום - מארז רביעיה,הנסיך- מפעל לייצור ט,CN,מברשת קולגייט מדיום,Unknown,0.00,יחידה,false,,9.90,0.0000,true,1,13149
8714789402918,false,נוזל לניקוי כללי ולרצפה בניחוח פרחי בר,הנסיך- מפעל לייצור ט,GR,אגקס חגיגת הפרחים אד,קילוגרמים,1.50,ליטר,false,,18.90,12.6000,true,1,27611
8714789402932,false,נוזל לניקוי כללי ולרצפה בניחוח ורדים,הנסיך- מפעל לייצור ט,GR,אגקס חגיגת הפרחים ור,קילוגרמים,1.50,ליטר,false,,18.90,12.6000,true,1,27612
8714789402970,false,נוזל לניקוי כללי ולרצפה בניחוח פרחי אביב,הנסיך- מפעל לייצור ט,GR,אגקס חגיגת הפרחים פר,קילוגרמים,1.50,ליטר,false,,18.90,12.6000,true,1,27613
8714789529561,false,קולגייט משחת שיניים סנסטיב להלבנה 111 ג',קולגייט פלמוליב,PL,משחת קולגייט סנסטיב,מיליליטרים,75.00,"100 מ""ל",false,,17.90,0.2387,true,1,13151
8714789966403,false,ליידי ספיד סטיק פרו 5 ג'ל 65 גר',קולגייט פלמוליב,BY,דאו גל ליידי ספיד סט,גרמים,65.00,100 גרם,false,,18.90,0.2908,true,1,13153
8718114724485,false,מיונז לחיץ הלמנס 705,יוניליוור,GB,מיונז לחיץ הלמנס 705,גרמים,705.00,100 גרם,false,,15.90,0.0226,true,1,26988
8718951093331,false,מרידול מברשת שיניים אקסטרה סופט זוג,קולגייט פלמוליב,,מברשת מרידול אקסטרה,Unknown,0.00,יחידה,false,,18.90,0.0000,true,1,13156
8718951159808,false,מברשות שיניים 360 מדיום- מארז שלישייה,קולגייט פלמוליב,CN,מברשת קולגייט 360 מד,Unknown,0.00,יחידה,false,,24.90,0.0000,true,1,13157
8718951259409,false,תחליב פלמוליב נטורלס,קולגייט פלמוליב,TR,תחליב פלמוליב נטורלס,מיליליטרים,750.00,"100 מ""ל",false,,19.50,0.0260,true,1,27167
8718951265103,false,קולגייט מברשת אולטרה סופט זוג,קולגייט פלמוליב,CN,מברשת קולגייט אולטרה,Unknown,0.00,יחידה,false,,29.90,0.0000,true,1,13162
8718951289833,false,פלמוליב סבון מוצק לומינוס 4*90 ג',קולגייט פלמוליב,TR,סבון מוצק פלמוליב לו,גרמים,360.00,100 גרם,false,,16.50,0.0458,true,1,27627
8718951315303,false,משחת שיניים קולגייט הגנה מקסימלית - מארז זוג,קולגייט-פלמוליב,PL,משחת קולגייט מקסימום,גרמים,200.00,100 גרם,false,,15.90,0.0795,true,1,13164
8718951361485,false,משחת קולגייט הלבנה פ,קולגייט פלמוליב,PL,משחת קולגייט הלבנה פ,מיליליטרים,150.00,"100 מ""ל",false,,37.90,0.2527,true,1,13170
8718951370135,false,"סבון נוזלי ארומה סנסיישן גלואו 750 מ""ל פלמוליב",קולגייט פלמוליב,TR,תחליב פלמוליב ארומה,מיליליטרים,750.00,"100 מ""ל",false,,19.50,0.0260,true,1,13171
8718951385290,false,אגקס לניקוי כללי כחול 2 ל',קולגייט פלמוליב,GR,נוזל אג'קס מרענן 2 ל,קילוגרמים,2.00,ליטר,false,,19.90,9.9500,true,1,13172
8718951409798,false,זוג מברשות שיניים מקס וויט פחם קולגייט,הנסיך- מפעל לייצור ט,CN,מברשת קולגייט מקס וו,Unknown,0.00,יחידה,false,,24.90,0.0000,true,1,13173
8718951433120,false,"קולגייט טוטאל ג'וניור 7-12 50 מ""ל",קולגייט פלמוליב,PL,משחת קולגייט טוטאל ג,מיליליטרים,50.00,"100 מ""ל",false,,14.90,0.2980,true,1,26770
8718951470538,false,קולגייט משחת שיניים מקס פרש ביטיוב 125*2 כשלפ,קולגייט פלמוליב,PL,משחת קולגייט מקס פרש,מיליליטרים,250.00,"100 מ""ל",false,,19.90,0.0796,true,1,13179
8718951498754,false,שישיית מברשות שיניים סופר פלקסי קולגייט,קולגייט פלמוליב,GR,מברשת קולגייט פחם סו,Unknown,0.00,יחידה,false,,17.90,0.0000,true,1,26900
8718951509627,false,"משחת שיניים אופטיק וויט לאוהבי קפה 75 מ""ל קולגייט",קולגייט פלמוליב,PL,משחת קולגייט אופטיק,גרמים,75.00,100 גרם,false,,23.90,0.3187,true,1,25279
8719200998001,false,מרגרינה לאפיה ובישול בלי מלח 200 ג' בלו בנד,מיוצר עי קונדיטוריית,IL,מרגרינה ללא מלח בלוב,גרמים,200.00,100 גרם,false,,4.30,0.0215,true,1,2608
8719200998018,false,מחמאה מרגרינה בטעם חמאה 200 ג' בלו בנד,פארייפאבה אגרואינדוס,IL,מחמאה בלובנד 200 גרם,גרמים,200.00,100 גרם,false,,4.30,0.0215,true,1,2609
8719200998032,false,מזולה גלורי טעם חמאה 250ג',פארייפאבה אגרואינדוס,IL,מרגרינה 3/4 שומן טעם,גרמים,250.00,100 גרם,false,,9.30,0.0372,true,1,2610
8719200998049,false,מרגרינה מזולה בטעם טבעי,פארייפאבה אגרואינדוס,IL,מרגרינה מזולה 250 גר,גרמים,250.00,100 גרם,false,,9.30,0.0372,true,1,2611
8719200998094,false,מרגרינה מזולה בטעם טבעי ללא תוספת מלח,"מיוצר ע""י יוניליוור",IL,מרגרינה מזולה 200 גר,גרמים,200.00,100 גרם,false,,6.50,0.0325,true,1,2613
8719200998100,false,מרגרינה בטעם חמאה לאפייה 200 ג' מזולה,פארייפאבה אגרואינדוס,IL,מרגרינה בטעם חמאה מז,גרמים,200.00,100 גרם,false,,6.50,0.0325,true,1,2614
8723400756552,false,מארז סוכריות מנטוס Mentos ריינבואו,פרפטי ואן מלה ברדה,NL,מנטוס צבעי הקשת 4 יח,גרמים,150.00,100 גרם,false,,9.90,0.0660,true,1,6705
8723400793922,false,מנטוס גליל בטעם דובדבן אריזת רביעיה 150 ג',פרפטי ואן מלה ברדה,NL,מנטוס דובדבן 4 יח,גרמים,150.00,100 גרם,false,,9.90,0.0660,true,1,6706
8801055707966,false,קפה טייסטר צו'יס נס קפה בריסטה 180ג',נסטלה קוריאה - קפה,IL,קפה נמס טסטרס צויס ב,גרמים,180.00,100 גרם,false,,29.90,0.1661,true,1,816
8809168840471,false,חטיף אצות מיובשות מז,Theppadungporn cocon,KR,חטיף אצות מיובשות מז,גרמים,40.50,100 גרם,false,,22.90,0.5654,true,1,20762
8850006932964,false,מארז מברשות שיניים טוויסטר קולגייט חמישייה,קולגייט פלמוליב,VN,מברשת קולגייט טוויסט,Unknown,0.00,יחידה,false,,21.90,0.0000,true,1,13180
8850180040028,false,קמח טמפורה להכנת בלי,קרנחם אוטאי פחרה,TH,טמפורה מזרח ומערב 50,גרמים,500.00,100 גרם,false,,10.90,0.0218,true,1,20763
8850206250592,false,רוטב צ'ילי סריראצ'ה 540 גרם (מזרח ומערב),יאן וואל יון קו.לטד,TH,רוטב צ'ילי סרירצ'ה מ,גרמים,540.00,100 גרם,false,,17.90,0.0331,true,1,20764
8850367992164,false,קרם קוקוס ללא גלוטן,טאפ פאד ונגפורן,CN,קרם קוקוס ל.גלוטן 20,מיליליטרים,250.00,"100 מ""ל",false,,7.90,0.0316,true,1,20766
8850367992171,false,קרם קוקוס מזרח ומערב,טאפאדונגפורן קוקינט,TH,קרם קוקוס מזרח ומערב,קילוגרמים,1.00,ליטר,false,,18.90,18.9000,true,1,20767
8850367994021,false,רוטב צילי מתוק ללא ס,יאן ונזל יון,TH,רוטב צ'ילי מתוק ללא,מיליליטרים,280.00,"100 מ""ל",false,,9.90,0.0354,true,1,27979
8850367994779,false,מחית קארי ירוקה מזרח,טאפאדונגפורן קוקינט,TH,מחית קארי ירוקה מאי,גרמים,50.00,100 גרם,false,,4.90,0.0980,true,1,27983
8850367994786,false,מחית קארי אדומה מזרח,טאפאדונגפורן קוקינט,TH,מחית קארי אדומה מאי,גרמים,50.00,100 גרם,false,,4.90,0.0980,true,1,27984
8850389105825,false,סאפה אלוורה ענבים 1ליטר,סאפה פובליק קומפני ל,TH,משקה אלוורה סאפה ענב,קילוגרמים,1.00,ליטר,false,,11.90,11.9000,true,1,5444
8850389105832,false,משקה אלוורה בטעם תפוחים,סאפה פובליק קומפני ל,TH,משקה אלוורה סאפה תפו,קילוגרמים,1.00,ליטר,false,,11.90,11.9000,true,1,5445
8850389105849,false,משקה אלוורה בטעם אפרסק,סאפה פובליק קומפני ל,TH,משקה אלוורה סאפה אפר,קילוגרמים,1.00,ליטר,false,,11.90,11.9000,true,1,5446
8858271002870,false,רוטב פאד תאי מזרח ומ,"ייאן וואל יון בע""מ",TH,רוטב פאד תאי מזרח ומ,מיליליטרים,250.00,"100 מ""ל",false,,9.90,0.0396,true,1,20769
8858271002887,false,רוטב טריאקי 250 מ'ל - מקסצ'אפ,דאנינג יוה פודס קו,TH,רוטב טריאקי מזרח ומע,מיליליטרים,250.00,"100 מ""ל",false,,9.90,0.0396,true,1,20770
8858271003020,false,רוטב סויה פורמולה 1 - 700 מ'ל מקסצ'אפ,יאן ונזל יון,TH,רוטב סויה מזרח ומערב,מיליליטרים,700.00,"100 מ""ל",false,,14.90,0.0213,true,1,20771
8858271003075,false,רוטב סויה מתוקה מקסצ,דאנינג יוה פודס קו,TH,רוטב סויה מתוקה מקסצ,מיליליטרים,700.00,"100 מ""ל",false,,14.90,0.0213,true,1,27980
8858271003921,false,רוטב קארי אדום מקסצ',יאן וואל יאן,TH,רוטב קארי אדום מקסצ',מיליליטרים,250.00,"100 מ""ל",false,,9.90,0.0396,true,1,20772
8858271003938,false,רוטב קארי ירוק מקסצא,"ייאן וואל יון בע""מ",TH,רוטב קארי ירוק מקסצ',מיליליטרים,250.00,"100 מ""ל",false,,9.90,0.0396,true,1,20773
8858271004034,false,רוטב צילי חריף מקסצו,דאנינג יוה פודס קו,TH,רוטב צ'ילי חריף מקסצ,מיליליטרים,700.00,"100 מ""ל",false,,14.90,0.0213,true,1,27981
8858271004126,false,רוטב חמוץ מתוק 700 מ'ל - מקסצ'אפ,יאן ונזל יון,TH,רוטב חמוץ מתוק מזרח,מיליליטרים,700.00,"100 מ""ל",false,,14.90,0.0213,true,1,20774
8858271004300,false,רוטב טריאקי מקסצא'פ,דאנינג יוה פודס קו,CN,רוטב טריאקי מקסצא'פ,מיליליטרים,700.00,"100 מ""ל",false,,18.90,0.0270,true,1,27982
8858271004799,false,רוטב צ'ילי מתוק מזרח,יאן ונזל יון,TH,רוטב צ'ילי מתוק מזרח,מיליליטרים,700.00,"100 מ""ל",false,,12.50,0.0179,true,1,20775
8858271005772,false,רוטב סויה מקסצ'פ ללא,יאן ונזל יון,TH,רוטב סויה מקסצ'פ ללא,מיליליטרים,300.00,"100 מ""ל",false,,15.90,0.0530,true,1,20776
8901537024014,false,"אורז בסמטי מובחר 1 ק""ג - דוואט) יורה דיעה",הנסיך- מפעל לייצור ט,IN,אורז בסמטי דאווט 1 ק,פריט,1.00,"ק""ג",false,,9.90,9.9000,true,1,2282
8901537076679,false,"אורז בסמטי חום מלא 1 ק""ג דאוואט",האי נאם סי או אל.טי.,IN,אורז בסמטי חום מלא ד,פריט,1.00,"ק""ג",false,,9.90,9.9000,true,1,2283
8906006432383,false,קיוי נוזל משופר שחור,,,נוזל קיווי שחור משופ,מיליליטרים,75.00,"100 מ""ל",false,,13.90,0.1853,true,1,15687
8906006432468,false,קיוי קופסא שחור פקק,,,קיוי קופסא שחור פקק,Unknown,0.00,יחידה,false,,5.90,0.0000,true,1,15688
8906006432505,false,נוזל קיווי שחור אקספ,,,נוזל קיווי שחור אקספ,Unknown,0.00,יחידה,false,,13.90,0.0000,true,1,15689
8906038740821,false,קלחי תירס בוואקום,אראל תוצרת חקלאית בע,IL,קלחי תירס בוואקום,Unknown,0.00,יחידה,false,,11.90,0.0000,true,1,29163
8908003972220,false,צנימים דורומי 300 גר,טי.אר.די.פי הפי וורל,IN,צנימים דורומי 300 גר,גרמים,300.00,100 גרם,false,,7.90,0.0263,true,1,28297
8934878081811,false,"דפי אורז 22 ס""מ 400 גר'(Trav) ללא גלוטן",דאנינג יוה פודס קו,CN,דפי אורז ללא גלוטן 2,גרמים,400.00,100 גרם,false,,11.90,0.0298,true,1,20779
8938535541366,false,דפי אורז צבעוניים לל,Chanh Khang Company,VN,דפי אורז צבעוניים לל,גרמים,400.00,100 גרם,false,,14.90,0.0373,true,1,20780
9000101536560,false,קפסולות ג'ל פרסיל 70,הנקל סוד,RS,קפסולות ג'ל פרסיל 70,Unknown,0.00,יחידה,false,,49.90,0.0000,true,1,26688
9000101548211,false,קולור קאצר 40 דפים ל,הנקל סוד,IE,קולור קאצר 40 דפים ל,Unknown,0.00,יחידה,false,,29.90,0.0000,true,1,27236
9000101548419,false,קולור קאצ`ר דפים למכונת לכביסה מחדש צבע לבן 18 יח',הנקל סוד,IE,קולור קאצר 18 דפים מ,Unknown,0.00,יחידה,false,,14.90,0.0000,true,1,27237
9044400849105,false,שקית סוכריות פז במגו,פז פרודוקשיין,GB,סוכריות דחוסות בטעם,גרמים,93.50,100 גרם,false,,13.90,0.1487,true,1,26744
9044400851672,false,סוכריות פז סוגים שונים + 3 מילויים,פז פרודוקשיין,HU,סוכריות דחוסות בטעם,גרמים,25.50,100 גרם,false,,10.90,0.4275,true,1,26663
9720188060108,false,טופוטי ממרח על בסיס סויה בסגנון שמנת 340ג',טופוטי ברנדס אינק.ג',IL,ממרח סויה בסגנון שמנ,גרמים,340.00,100 גרם,false,,18.90,0.0556,true,1,4617
